,time,price,change,volume,amount,type
0,09:25:04,9.15,0.01,15,13725,卖盘
1,09:30:07,9.15,0.0,72,66118,卖盘
2,09:30:25,9.15,0.0,15,13725,卖盘
3,09:30:28,9.15,0.0,2,1830,买盘
4,09:30:31,9.15,0.0,2,1830,买盘
5,09:30:34,9.12,-0.03,2,1826,卖盘
6,09:30:37,9.14,0.02,1,914,买盘
7,09:30:40,9.14,0.0,1,914,买盘
8,09:30:43,9.13,-0.01,1,913,买盘
9,09:30:46,9.13,0.0,1,913,中性盘
10,09:30:49,9.14,0.01,65,59384,买盘
11,09:30:52,9.14,0.0,9,8226,卖盘
12,09:31:07,9.15,0.01,32,29277,买盘
13,09:31:10,9.15,0.0,1,915,卖盘
14,09:31:19,9.16,0.01,9,8244,买盘
15,09:31:28,9.16,0.0,3,2748,卖盘
16,09:31:31,9.16,0.0,11,10076,卖盘
17,09:31:33,9.16,0.0,1,916,卖盘
18,09:31:37,9.17,0.01,38,34824,买盘
19,09:31:40,9.16,-0.01,7,6418,卖盘
20,09:32:13,9.16,0.0,26,23816,买盘
21,09:32:16,9.16,0.0,5,4580,买盘
22,09:32:34,9.15,-0.01,22,20130,卖盘
23,09:32:40,9.15,0.0,1,915,卖盘
24,09:32:49,9.14,-0.01,4,3657,卖盘
25,09:32:52,9.15,0.01,4,3660,买盘
26,09:32:58,9.15,0.0,10,9150,买盘
27,09:33:01,9.15,0.0,2,1830,买盘
28,09:33:04,9.15,0.0,5,4575,买盘
29,09:33:07,9.14,-0.01,16,14632,卖盘
30,09:33:10,9.14,0.0,10,9140,买盘
31,09:33:13,9.14,0.0,10,9140,买盘
32,09:33:16,9.14,0.0,5,4570,卖盘
33,09:33:19,9.15,0.01,15,13725,买盘
34,09:33:22,9.15,0.0,14,12810,买盘
35,09:33:24,9.14,-0.01,14,12804,卖盘
36,09:33:28,9.15,0.01,7,6405,买盘
37,09:33:31,9.15,0.0,11,10065,买盘
38,09:33:34,9.16,0.01,58,53072,买盘
39,09:33:37,9.16,0.0,6,5494,卖盘
40,09:33:42,9.14,-0.02,1,914,中性盘
41,09:33:46,9.14,0.0,5,4570,买盘
42,09:33:49,9.14,0.0,5,4572,买盘
43,09:33:52,9.16,0.02,1,916,买盘
44,09:33:55,9.16,0.0,1,916,买盘
45,09:33:57,9.16,0.0,2,1832,买盘
46,09:34:01,9.16,0.0,1,916,买盘
47,09:34:04,9.16,0.0,1,916,买盘
48,09:34:07,9.15,-0.01,1,915,中性盘
49,09:34:10,9.15,0.0,1,915,买盘
50,09:34:12,9.15,0.0,21,19215,买盘
51,09:34:16,9.15,0.0,1,915,卖盘
52,09:34:19,9.16,0.01,6,5495,买盘
53,09:34:22,9.16,0.0,3,2748,买盘
54,09:34:27,9.16,0.0,1,916,买盘
55,09:34:31,9.16,0.0,1,916,买盘
56,09:34:34,9.15,-0.01,2,1831,卖盘
57,09:34:37,9.15,0.0,12,10980,卖盘
58,09:34:43,9.15,0.0,1,915,买盘
59,09:34:46,9.15,0.0,1,915,买盘
60,09:34:49,9.15,0.0,1,915,买盘
61,09:34:52,9.15,0.0,2,1830,买盘
62,09:35:01,9.15,0.0,33,30195,买盘
63,09:35:04,9.14,-0.01,5,4570,卖盘
64,09:35:07,9.15,0.01,4,3660,买盘
65,09:35:10,9.14,-0.01,4,3656,卖盘
66,09:35:13,9.15,0.01,14,12810,买盘
67,09:35:16,9.15,0.0,34,31110,买盘
68,09:35:19,9.15,0.0,2,1830,卖盘
69,09:35:22,9.16,0.01,7,6412,买盘
70,09:35:25,9.15,-0.01,18,16470,卖盘
71,09:35:30,9.16,0.01,8,7327,买盘
72,09:35:33,9.14,-0.02,1,914,卖盘
73,09:35:43,9.14,0.0,20,18280,卖盘
74,09:35:46,9.14,0.0,4,3656,卖盘
75,09:35:51,9.15,0.01,70,64023,买盘
76,09:35:57,9.15,0.0,13,11895,卖盘
77,09:36:07,9.15,0.0,31,28365,卖盘
78,09:36:12,9.15,0.0,14,12810,买盘
79,09:37:01,9.15,0.0,6,5490,买盘
80,09:37:16,9.14,-0.01,3,2742,卖盘
81,09:37:37,9.13,-0.01,20,18260,卖盘
82,09:37:40,9.13,0.0,30,27390,卖盘
83,09:37:43,9.13,0.0,1,913,卖盘
84,09:37:46,9.13,0.0,47,42911,卖盘
85,09:37:52,9.12,-0.01,6,5472,卖盘
86,09:37:57,9.12,0.0,4,3648,卖盘
87,09:38:04,9.12,0.0,40,36480,卖盘
88,09:38:06,9.12,0.0,69,62928,卖盘
89,09:38:09,9.12,0.0,31,28272,卖盘
90,09:38:13,9.12,0.0,50,45600,卖盘
91,09:38:18,9.11,-0.01,16,14576,卖盘
92,09:38:24,9.11,0.0,6,5466,卖盘
93,09:38:30,9.1,-0.01,1,910,卖盘
94,09:38:40,9.1,0.0,71,64610,卖盘
95,09:38:45,9.08,-0.02,3,2724,卖盘
96,09:38:52,9.08,0.0,10,9080,卖盘
97,09:39:01,9.08,0.0,26,23608,卖盘
98,09:39:06,9.07,-0.01,4,3628,卖盘
99,09:39:10,9.07,0.0,11,9987,卖盘
100,09:39:13,9.07,0.0,23,20861,卖盘
101,09:39:16,9.07,0.0,20,18140,卖盘
102,09:39:21,9.06,-0.01,3,2718,卖盘
103,09:39:24,9.07,0.01,4,3628,买盘
104,09:39:28,9.06,-0.01,42,38083,卖盘
105,09:39:37,9.05,-0.01,189,171166,卖盘
106,09:39:43,9.06,0.01,5,4527,买盘
107,09:39:46,9.05,-0.01,137,124023,卖盘
108,09:39:52,9.05,0.0,36,32577,买盘
109,09:39:55,9.05,0.0,10,9050,买盘
110,09:39:58,9.05,0.0,37,33485,买盘
111,09:40:01,9.05,0.0,2,1810,卖盘
112,09:40:04,9.05,0.0,11,9955,卖盘
113,09:40:06,9.05,0.0,20,18100,买盘
114,09:40:10,9.04,-0.01,9,8143,卖盘
115,09:40:15,9.05,0.01,8,7240,买盘
116,09:40:19,9.06,0.01,14,12676,买盘
117,09:40:22,9.05,-0.01,18,16290,卖盘
118,09:40:25,9.05,0.0,1,905,买盘
119,09:40:27,9.05,0.0,10,9050,买盘
120,09:40:37,9.05,0.0,22,19910,卖盘
121,09:40:42,9.05,0.0,48,43442,卖盘
122,09:40:45,9.05,0.0,6,5430,买盘
123,09:40:49,9.04,-0.01,20,18086,卖盘
124,09:40:52,9.05,0.01,19,17195,买盘
125,09:40:55,9.06,0.01,18,16308,买盘
126,09:40:57,9.06,0.0,1,906,卖盘
127,09:41:06,9.06,0.0,1,906,卖盘
128,09:41:39,9.07,0.01,5,4535,买盘
129,09:41:45,9.07,0.0,2,1814,买盘
130,09:42:01,9.07,0.0,6,5442,买盘
131,09:42:07,9.06,-0.01,20,18120,卖盘
132,09:42:10,9.06,0.0,1,906,卖盘
133,09:42:12,9.07,0.01,6,5442,买盘
134,09:42:22,9.06,-0.01,13,11778,卖盘
135,09:42:24,9.06,0.0,3,2718,卖盘
136,09:42:28,9.05,-0.01,48,43463,卖盘
137,09:42:46,9.06,0.01,12,10870,买盘
138,09:42:52,9.05,-0.01,5,4525,卖盘
139,09:42:58,9.05,0.0,10,9050,卖盘
140,09:43:04,9.04,-0.01,4,3616,卖盘
141,09:43:13,9.04,0.0,47,42488,卖盘
142,09:43:22,9.04,0.0,17,15368,卖盘
143,09:43:34,9.04,0.0,56,50624,卖盘
144,09:43:37,9.04,0.0,22,19888,卖盘
145,09:43:40,9.05,0.01,6,5430,买盘
146,09:43:43,9.04,-0.01,68,61484,卖盘
147,09:43:48,9.04,0.0,12,10848,买盘
148,09:43:51,9.07,0.03,118,106816,买盘
149,09:43:55,9.04,-0.03,18,16272,卖盘
150,09:44:07,9.05,0.01,19,17195,卖盘
151,09:44:34,9.07,0.02,1,907,买盘
152,09:44:43,9.06,-0.01,12,10872,卖盘
153,09:44:51,9.06,0.0,27,24482,卖盘
154,09:45:04,9.06,0.0,3,2718,卖盘
155,09:45:06,9.06,0.0,3,2718,卖盘
156,09:45:12,9.05,-0.01,27,24435,卖盘
157,09:45:19,9.06,0.01,6,5436,买盘
158,09:45:21,9.05,-0.01,14,12670,卖盘
159,09:45:33,9.05,0.0,17,15385,卖盘
160,09:45:43,9.06,0.01,45,40739,买盘
161,09:45:46,9.05,-0.01,7,6335,卖盘
162,09:45:49,9.06,0.01,12,10872,买盘
163,09:45:57,9.06,0.0,7,6342,买盘
164,09:46:22,9.07,0.01,25,22675,买盘
165,09:46:25,9.06,-0.01,65,58940,卖盘
166,09:46:27,9.07,0.01,1,907,中性盘
167,09:46:37,9.07,0.0,20,18140,卖盘
168,09:46:43,9.07,0.0,10,9070,卖盘
169,09:47:01,9.08,0.01,6,5448,买盘
170,09:47:09,9.08,0.0,2,1816,卖盘
171,09:47:19,9.07,-0.01,5,4535,卖盘
172,09:47:24,9.07,0.0,6,5442,卖盘
173,09:47:34,9.08,0.01,16,14518,买盘
174,09:48:01,9.08,0.0,1,908,买盘
175,09:48:04,9.07,-0.01,15,13605,卖盘
176,09:48:06,9.07,0.0,6,5442,卖盘
177,09:48:13,9.06,-0.01,3,2718,卖盘
178,09:48:28,9.08,0.02,51,46277,买盘
179,09:48:40,9.08,0.0,6,5448,买盘
180,09:49:21,9.06,-0.02,15,13590,卖盘
181,09:49:34,9.06,0.0,4,4077,卖盘
182,09:49:36,9.06,0.0,60,53907,卖盘
183,09:49:40,9.06,0.0,2,1812,买盘
184,09:50:01,9.05,-0.01,30,27150,卖盘
185,09:50:07,9.05,0.0,7,6335,卖盘
186,09:50:10,9.06,0.01,19,17199,买盘
187,09:50:13,9.05,-0.01,1,905,卖盘
188,09:50:19,9.05,0.0,15,13581,卖盘
189,09:50:25,9.05,0.0,50,45250,卖盘
190,09:50:40,9.05,0.0,3,2715,卖盘
191,09:50:58,9.04,-0.01,76,68704,卖盘
192,09:51:13,9.04,0.0,40,36160,买盘
193,09:51:31,9.04,0.0,8,7232,卖盘
194,09:51:42,9.03,-0.01,28,25284,卖盘
195,09:51:55,9.03,0.0,29,26187,卖盘
196,09:52:01,9.04,0.01,6,5424,买盘
197,09:52:04,9.03,-0.01,2,1806,卖盘
198,09:52:19,9.03,0.0,1,903,卖盘
199,09:52:30,9.03,0.0,30,27090,卖盘
200,09:52:34,9.03,0.0,83,74949,卖盘
201,09:52:37,9.03,0.0,1,903,买盘
202,09:52:40,9.03,0.0,6,5418,买盘
203,09:52:43,9.02,-0.01,28,25256,卖盘
204,09:52:46,9.03,0.01,18,16254,买盘
205,09:52:49,9.03,0.0,1,903,卖盘
206,09:52:52,9.03,0.0,19,17157,卖盘
207,09:52:57,9.03,0.0,30,27090,买盘
208,09:53:01,9.03,0.0,10,9030,买盘
209,09:53:07,9.03,0.0,69,62297,买盘
210,09:53:10,9.03,0.0,1,903,卖盘
211,09:53:28,9.04,0.01,22,19888,买盘
212,09:53:31,9.03,-0.01,8,7224,卖盘
213,09:53:43,9.03,0.0,29,26187,卖盘
214,09:53:54,9.04,0.01,5,4520,买盘
215,09:53:57,9.03,-0.01,1,903,卖盘
216,09:54:10,9.03,0.0,1,903,卖盘
217,09:54:18,9.04,0.01,13,11743,买盘
218,09:54:40,9.04,0.0,4,3616,买盘
219,09:54:43,9.03,-0.01,30,27090,卖盘
220,09:55:01,9.03,0.0,9,8127,卖盘
221,09:55:04,9.04,0.01,18,16272,买盘
222,09:55:06,9.04,0.0,5,4520,买盘
223,09:55:09,9.03,-0.01,150,135450,卖盘
224,09:55:27,9.04,0.01,5,4520,买盘
225,09:55:39,9.03,-0.01,28,25304,卖盘
226,09:55:43,9.03,0.0,67,60501,卖盘
227,09:55:48,9.04,0.01,29,26216,买盘
228,09:55:52,9.04,0.0,50,45200,买盘
229,09:56:01,9.03,-0.01,50,45150,卖盘
230,09:56:10,9.03,0.0,51,46053,卖盘
231,09:56:13,9.03,0.0,4,3612,买盘
232,09:56:16,9.03,0.0,13,11739,卖盘
233,09:56:31,9.02,-0.01,115,103751,卖盘
234,09:56:34,9.03,0.01,5,4515,中性盘
235,09:56:36,9.02,-0.01,79,71293,卖盘
236,09:56:43,9.02,0.0,96,86602,卖盘
237,09:56:49,9.02,0.0,20,18040,卖盘
238,09:56:51,9.02,0.0,4,4266,卖盘
239,09:56:54,9.02,0.0,125,112092,卖盘
240,09:57:10,9.02,0.0,30,27060,买盘
241,09:57:13,9.01,-0.01,1,901,卖盘
242,09:57:22,9.01,0.0,4,3604,卖盘
243,09:57:31,9.02,0.01,197,178352,买盘
244,09:57:40,9.03,0.01,13,11739,买盘
245,09:57:43,9.01,-0.02,926,833728,卖盘
246,09:57:46,9.01,0.0,2,1802,买盘
247,09:57:49,9.01,0.0,12,10812,买盘
248,09:57:52,9.01,0.0,11,9911,买盘
249,09:57:55,9.0,-0.01,65,58500,卖盘
250,09:57:58,9.0,0.0,51,45902,卖盘
251,09:58:01,9.0,0.0,154,138658,卖盘
252,09:58:07,9.01,0.01,16,14406,买盘
253,09:58:10,9.0,-0.01,60,54000,卖盘
254,09:58:12,9.0,0.0,39,35107,卖盘
255,09:58:19,8.99,-0.01,1,899,卖盘
256,09:58:25,8.99,0.0,11,9889,卖盘
257,09:58:30,8.99,0.0,86,77364,卖盘
258,09:58:34,8.99,0.0,20,17980,卖盘
259,09:58:37,8.99,0.0,79,71021,卖盘
260,09:58:43,8.99,0.0,29,26071,卖盘
261,09:58:45,9.0,0.01,46,41384,买盘
262,09:58:49,9.0,0.0,2,1800,卖盘
263,09:58:52,9.0,0.0,20,18000,卖盘
264,09:58:57,9.0,0.0,60,54000,卖盘
265,09:59:01,9.01,0.01,9,8109,买盘
266,09:59:04,9.0,-0.01,4,3600,卖盘
267,09:59:06,9.0,0.0,4,3600,买盘
268,09:59:10,9.0,0.0,8,7200,卖盘
269,09:59:39,9.0,0.0,3,2700,卖盘
270,09:59:42,9.0,0.0,30,27000,卖盘
271,09:59:48,9.01,0.01,22,20480,买盘
272,10:00:10,9.01,0.0,1,901,卖盘
273,10:00:22,9.03,0.02,8,7224,买盘
274,10:00:27,9.03,0.0,6,5418,卖盘
275,10:00:36,9.03,0.0,1,903,买盘
276,10:00:46,9.01,-0.02,26,23426,卖盘
277,10:01:33,9.02,0.01,1,902,卖盘
278,10:01:36,9.03,0.01,11,9933,买盘
279,10:01:40,9.02,-0.01,1,902,卖盘
280,10:01:42,9.02,0.0,30,27063,卖盘
281,10:01:49,9.03,0.01,5,4515,买盘
282,10:01:58,9.03,0.0,28,25284,买盘
283,10:02:16,9.03,0.0,37,33411,卖盘
284,10:02:22,9.04,0.01,44,39776,买盘
285,10:02:40,9.05,0.01,105,95025,买盘
286,10:02:43,9.04,-0.01,28,25312,卖盘
287,10:02:49,9.05,0.01,50,45250,买盘
288,10:02:51,9.05,0.0,15,13575,买盘
289,10:03:04,9.1,0.05,34,30910,买盘
290,10:03:10,9.1,0.0,33,30030,卖盘
291,10:03:13,9.1,0.0,1,910,卖盘
292,10:03:15,9.11,0.01,77,70021,买盘
293,10:03:21,9.1,-0.01,49,44590,买盘
294,10:03:31,9.07,-0.03,10,9070,卖盘
295,10:03:42,9.07,0.0,30,27210,卖盘
296,10:04:04,9.07,0.0,53,48043,买盘
297,10:04:43,9.07,0.0,26,23582,卖盘
298,10:05:07,9.07,0.0,4,3628,卖盘
299,10:05:28,9.07,0.0,9,8168,卖盘
300,10:05:31,9.08,0.01,1,908,买盘
301,10:05:33,9.08,0.0,28,25424,买盘
302,10:05:43,9.08,0.0,15,13620,卖盘
303,10:05:46,9.08,0.0,26,23608,买盘
304,10:05:55,9.08,0.0,6,5448,买盘
305,10:05:58,9.08,0.0,11,9988,买盘
306,10:06:25,9.08,0.0,1,908,卖盘
307,10:06:36,9.1,0.02,19,17290,买盘
308,10:06:43,9.1,0.0,28,25480,卖盘
309,10:07:21,9.1,0.0,5,4550,卖盘
310,10:07:34,9.1,0.0,7,6370,卖盘
311,10:07:39,9.1,0.0,2,1820,买盘
312,10:07:42,9.09,-0.01,29,26361,卖盘
313,10:07:46,9.1,0.01,29,26390,买盘
314,10:07:49,9.09,-0.01,10,9090,卖盘
315,10:08:04,9.1,0.01,40,36400,买盘
316,10:08:16,9.1,0.0,58,52780,买盘
317,10:08:19,9.09,-0.01,80,72722,卖盘
318,10:08:30,9.1,0.01,1,910,买盘
319,10:08:34,9.09,-0.01,5,4545,卖盘
320,10:08:40,9.09,0.0,8,7272,卖盘
321,10:08:43,9.09,0.0,5,4545,卖盘
322,10:09:24,9.09,0.0,6,5454,买盘
323,10:09:28,9.09,0.0,10,9090,买盘
324,10:09:36,9.09,0.0,25,22725,买盘
325,10:09:40,9.09,0.0,21,19089,卖盘
326,10:09:43,9.08,-0.01,26,23615,卖盘
327,10:10:04,9.1,0.02,2,1820,买盘
328,10:10:25,9.1,0.0,20,18200,买盘
329,10:10:43,9.09,-0.01,40,36367,中性盘
330,10:10:49,9.1,0.01,5,4550,买盘
331,10:11:21,9.1,0.0,10,9100,买盘
332,10:11:31,9.1,0.0,14,12740,买盘
333,10:11:43,9.1,0.0,28,25480,卖盘
334,10:11:58,9.11,0.01,33,30063,买盘
335,10:12:07,9.11,0.0,2,1822,买盘
336,10:12:25,9.1,-0.01,1,910,卖盘
337,10:12:37,9.1,0.0,10,9100,卖盘
338,10:12:43,9.1,0.0,26,23660,卖盘
339,10:12:54,9.11,0.01,27,24584,买盘
340,10:13:01,9.11,0.0,24,21864,卖盘
341,10:13:13,9.1,-0.01,6,5460,卖盘
342,10:13:16,9.11,0.01,53,48280,买盘
343,10:13:19,9.1,-0.01,7,6370,卖盘
344,10:13:31,9.12,0.02,7,6383,买盘
345,10:13:34,9.11,-0.01,3,2733,中性盘
346,10:13:43,9.11,0.0,29,26419,卖盘
347,10:13:49,9.11,0.0,20,18220,卖盘
348,10:14:06,9.11,0.0,10,9110,卖盘
349,10:14:42,9.1,-0.01,30,27300,卖盘
350,10:15:13,9.11,0.01,6,5466,买盘
351,10:15:19,9.1,-0.01,25,22750,卖盘
352,10:15:43,9.09,-0.01,27,24543,卖盘
353,10:15:49,9.09,0.0,4,3636,卖盘
354,10:16:31,9.09,0.0,2,1818,卖盘
355,10:16:34,9.09,0.0,4,3636,卖盘
356,10:16:36,9.09,0.0,50,45450,卖盘
357,10:16:40,9.09,0.0,13,11817,卖盘
358,10:16:52,9.09,0.0,6,5454,买盘
359,10:16:55,9.09,0.0,10,9090,买盘
360,10:17:30,9.09,0.0,10,9090,买盘
361,10:17:42,9.09,0.0,10,9090,买盘
362,10:17:49,9.08,-0.01,30,27240,卖盘
363,10:17:55,9.09,0.01,30,27270,买盘
364,10:18:10,9.09,0.0,10,9090,买盘
365,10:18:30,9.09,0.0,6,5454,买盘
366,10:18:43,9.08,-0.01,29,26332,卖盘
367,10:18:51,9.09,0.01,37,33633,买盘
368,10:18:58,9.08,-0.01,96,87168,卖盘
369,10:19:40,9.08,0.0,20,18160,买盘
370,10:19:42,9.07,-0.01,26,23582,卖盘
371,10:20:13,9.09,0.02,6,5450,买盘
372,10:20:25,9.09,0.0,2,1818,买盘
373,10:20:43,9.07,-0.02,27,24489,卖盘
374,10:21:43,9.07,0.0,27,24489,卖盘
375,10:21:51,9.08,0.01,6,5448,买盘
376,10:22:07,9.08,0.0,8,7264,买盘
377,10:22:31,9.08,0.0,1,908,买盘
378,10:22:43,9.07,-0.01,39,35383,卖盘
379,10:22:48,9.07,0.0,16,14512,卖盘
380,10:22:55,9.06,-0.01,4,3624,卖盘
381,10:22:57,9.07,0.01,10,9070,买盘
382,10:23:10,9.06,-0.01,10,9060,卖盘
383,10:23:34,9.07,0.01,6,5442,买盘
384,10:23:43,9.06,-0.01,30,27180,卖盘
385,10:23:55,9.07,0.01,10,9070,买盘
386,10:24:18,9.06,-0.01,21,19026,卖盘
387,10:24:37,9.07,0.01,1,907,买盘
388,10:24:43,9.06,-0.01,26,23556,卖盘
389,10:24:48,9.06,0.0,8,7248,卖盘
390,10:25:13,9.07,0.01,6,5442,买盘
391,10:25:22,9.06,-0.01,11,9966,卖盘
392,10:25:25,9.06,0.0,10,9060,卖盘
393,10:25:28,9.06,0.0,14,12684,卖盘
394,10:25:42,9.06,0.0,11,9966,卖盘
395,10:25:46,9.06,0.0,22,19932,卖盘
396,10:25:55,9.06,0.0,4,3624,买盘
397,10:25:57,9.05,-0.01,6,5430,卖盘
398,10:26:04,9.05,0.0,2,1810,卖盘
399,10:26:22,9.05,0.0,147,133035,卖盘
400,10:26:28,9.04,-0.01,9,8136,卖盘
401,10:26:37,9.05,0.01,6,5430,买盘
402,10:26:39,9.04,-0.01,50,45200,卖盘
403,10:26:42,9.04,0.0,27,24408,卖盘
404,10:26:52,9.05,0.01,19,17192,买盘
405,10:26:55,9.05,0.0,5,4525,买盘
406,10:27:13,9.05,0.0,9,8145,买盘
407,10:27:19,9.05,0.0,7,6335,买盘
408,10:27:37,9.06,0.01,8,7248,买盘
409,10:27:40,9.05,-0.01,7,6335,卖盘
410,10:28:07,9.05,0.0,13,11765,买盘
411,10:28:12,9.05,0.0,1,905,买盘
412,10:28:24,9.05,0.0,30,27150,买盘
413,10:28:31,9.05,0.0,1,905,买盘
414,10:28:33,9.05,0.0,6,5430,买盘
415,10:28:37,9.05,0.0,59,53395,买盘
416,10:28:43,9.04,-0.01,35,31645,卖盘
417,10:29:04,9.05,0.01,30,27150,买盘
418,10:29:12,9.05,0.0,57,51585,买盘
419,10:29:22,9.05,0.0,11,9955,卖盘
420,10:29:43,9.05,0.0,26,23530,卖盘
421,10:30:12,9.05,0.0,14,12676,卖盘
422,10:30:18,9.06,0.01,1,906,买盘
423,10:30:42,9.05,-0.01,27,24435,卖盘
424,10:30:49,9.05,0.0,10,9050,卖盘
425,10:30:52,9.06,0.01,11,9966,买盘
426,10:31:03,9.06,0.0,10,9060,买盘
427,10:31:13,9.05,-0.01,12,10860,卖盘
428,10:31:19,9.05,0.0,11,9955,卖盘
429,10:31:25,9.05,0.0,11,9955,卖盘
430,10:31:30,9.06,0.01,10,9060,买盘
431,10:31:42,9.05,-0.01,28,25340,卖盘
432,10:31:52,9.06,0.01,6,5436,买盘
433,10:31:55,9.06,0.0,2,1812,买盘
434,10:32:25,9.06,0.0,30,27180,买盘
435,10:32:42,9.05,-0.01,28,25340,卖盘
436,10:32:46,9.05,0.0,4,3620,卖盘
437,10:33:34,9.06,0.01,6,5436,买盘
438,10:33:42,9.05,-0.01,29,26245,卖盘
439,10:34:09,9.05,0.0,2,1810,卖盘
440,10:34:37,9.06,0.01,1,906,买盘
441,10:34:43,9.05,-0.01,29,26245,卖盘
442,10:35:13,9.06,0.01,6,5436,买盘
443,10:35:42,9.05,-0.01,29,26246,卖盘
444,10:35:45,9.05,0.0,47,42535,卖盘
445,10:35:52,9.05,0.0,23,20815,卖盘
446,10:35:58,9.05,0.0,29,26245,卖盘
447,10:36:03,9.05,0.0,65,58825,卖盘
448,10:36:10,9.05,0.0,29,26245,卖盘
449,10:36:16,9.04,-0.01,11,9944,卖盘
450,10:36:39,9.05,0.01,46,41630,买盘
451,10:36:42,9.04,-0.01,28,25312,卖盘
452,10:36:55,9.05,0.01,6,5430,买盘
453,10:37:15,9.05,0.0,17,15385,买盘
454,10:37:33,9.05,0.0,6,5429,买盘
455,10:37:43,9.04,-0.01,28,25312,卖盘
456,10:37:52,9.04,0.0,13,11752,卖盘
457,10:38:01,9.04,0.0,1,904,卖盘
458,10:38:07,9.04,0.0,9,8136,卖盘
459,10:38:12,9.04,0.0,126,113904,卖盘
460,10:38:19,9.04,0.0,9,8136,卖盘
461,10:38:25,9.04,0.0,14,12656,卖盘
462,10:38:30,9.04,0.0,50,45200,卖盘
463,10:38:34,9.05,0.01,6,5430,买盘
464,10:38:37,9.04,-0.01,57,51528,卖盘
465,10:38:43,9.04,0.0,129,116616,卖盘
466,10:38:46,9.04,0.0,21,18984,卖盘
467,10:38:48,9.04,0.0,34,30736,卖盘
468,10:38:51,9.04,0.0,2,1808,买盘
469,10:39:18,9.03,-0.01,6,5418,卖盘
470,10:39:39,9.03,0.0,50,45150,卖盘
471,10:39:43,9.03,0.0,29,26187,卖盘
472,10:39:49,9.03,0.0,18,16254,卖盘
473,10:40:10,9.02,-0.01,47,42394,卖盘
474,10:40:13,9.02,0.0,6,5412,买盘
475,10:40:18,9.01,-0.01,27,24327,卖盘
476,10:40:25,9.02,0.01,2,1804,买盘
477,10:40:34,9.02,0.0,5,4510,买盘
478,10:40:36,9.01,-0.01,12,10814,卖盘
479,10:40:42,9.01,0.0,30,27030,卖盘
480,10:40:58,9.02,0.01,2,1804,买盘
481,10:41:01,9.02,0.0,21,18942,买盘
482,10:41:22,9.03,0.01,10,9030,买盘
483,10:41:27,9.03,0.0,48,43344,买盘
484,10:41:33,9.03,0.0,1,903,买盘
485,10:41:37,9.03,0.0,9,8127,卖盘
486,10:41:43,9.03,0.0,29,26187,卖盘
487,10:41:46,9.04,0.01,116,104864,买盘
488,10:41:51,9.04,0.0,70,63349,中性盘
489,10:41:55,9.06,0.02,115,103980,买盘
490,10:41:58,9.05,-0.01,9,8145,卖盘
491,10:42:49,9.05,0.0,30,27150,卖盘
492,10:43:03,9.06,0.01,5,4526,买盘
493,10:43:25,9.06,0.0,150,135900,买盘
494,10:43:34,9.06,0.0,6,5436,买盘
495,10:43:43,9.05,-0.01,28,25341,卖盘
496,10:43:52,9.06,0.01,20,18120,买盘
497,10:44:25,9.06,0.0,35,31710,买盘
498,10:44:30,9.06,0.0,26,23556,买盘
499,10:44:43,9.06,0.0,27,24462,卖盘
500,10:45:16,9.07,0.01,6,5442,买盘
501,10:45:43,9.06,-0.01,27,24462,卖盘
502,10:45:48,9.06,0.0,5,4530,卖盘
503,10:46:43,9.06,0.0,24,21744,卖盘
504,10:46:55,9.06,0.0,6,5436,买盘
505,10:46:58,9.06,0.0,10,9060,买盘
506,10:47:07,9.06,0.0,5,4530,买盘
507,10:47:16,9.07,0.01,44,39907,买盘
508,10:47:25,9.06,-0.01,4,3624,中性盘
509,10:47:42,9.05,-0.01,29,26250,卖盘
510,10:47:51,9.07,0.02,10,9070,买盘
511,10:48:24,9.07,0.0,20,18140,买盘
512,10:48:34,9.07,0.0,6,5442,买盘
513,10:48:39,9.07,0.0,82,74374,买盘
514,10:48:42,9.06,-0.01,25,22650,卖盘
515,10:48:45,9.06,0.0,2,1812,买盘
516,10:48:49,9.06,0.0,14,12684,卖盘
517,10:49:04,9.06,0.0,2,1812,买盘
518,10:49:16,9.07,0.01,8,7256,买盘
519,10:49:42,9.06,-0.01,27,24472,卖盘
520,10:50:13,9.08,0.02,6,5448,买盘
521,10:50:42,9.06,-0.02,27,24462,卖盘
522,10:51:01,9.06,0.0,100,90600,卖盘
523,10:51:19,9.06,0.0,6,5436,卖盘
524,10:51:45,9.06,0.0,28,25368,卖盘
525,10:51:52,9.06,0.0,87,78822,卖盘
526,10:51:55,9.07,0.01,19,17220,买盘
527,10:51:58,9.06,-0.01,5,4530,卖盘
528,10:52:43,9.05,-0.01,100,90503,卖盘
529,10:52:48,9.07,0.02,34,30780,买盘
530,10:53:34,9.07,0.0,6,5442,买盘
531,10:53:42,9.05,-0.02,29,26245,卖盘
532,10:54:04,9.07,0.02,23,20861,买盘
533,10:54:43,9.06,-0.01,23,20838,卖盘
534,10:54:51,9.06,0.0,6,5436,买盘
535,10:55:10,9.06,0.0,11,9966,买盘
536,10:55:12,9.06,0.0,6,5436,买盘
537,10:55:27,9.06,0.0,6,5436,买盘
538,10:55:42,9.06,0.0,28,25368,卖盘
539,10:56:34,9.08,0.02,5,4540,买盘
540,10:56:43,9.06,-0.02,38,34428,卖盘
541,10:56:49,9.06,0.0,16,14496,卖盘
542,10:56:52,9.06,0.0,4,3624,卖盘
543,10:56:55,9.06,0.0,10,9060,买盘
544,10:56:58,9.07,0.01,15,13593,买盘
545,10:57:43,9.06,-0.01,37,33532,卖盘
546,10:58:09,9.06,0.0,6,5436,卖盘
547,10:58:33,9.07,0.01,6,5442,买盘
548,10:58:36,9.06,-0.01,13,11778,卖盘
549,10:58:43,9.06,0.0,29,26274,卖盘
550,10:58:48,9.06,0.0,15,13590,卖盘
551,10:59:36,9.06,0.0,7,6342,买盘
552,10:59:48,9.05,-0.01,17,15385,卖盘
553,11:00:13,9.05,0.0,7,6334,买盘
554,11:00:18,9.05,0.0,1,905,买盘
555,11:00:43,9.04,-0.01,29,26216,卖盘
556,11:00:48,9.05,0.01,11,9955,买盘
557,11:00:51,9.05,0.0,1,905,卖盘
558,11:01:45,9.05,0.0,28,25340,卖盘
559,11:01:55,9.06,0.01,6,5436,买盘
560,11:02:37,9.06,0.0,5,4530,买盘
561,11:02:46,9.05,-0.01,28,25340,卖盘
562,11:03:34,9.07,0.02,6,5442,买盘
563,11:03:43,9.05,-0.02,28,25340,卖盘
564,11:04:34,9.07,0.02,1,907,买盘
565,11:04:42,9.05,-0.02,26,23530,卖盘
566,11:04:46,9.05,0.0,4,3620,买盘
567,11:04:49,9.05,0.0,15,13575,卖盘
568,11:05:15,9.07,0.02,6,5442,买盘
569,11:05:22,9.05,-0.02,54,48870,卖盘
570,11:05:42,9.05,0.0,30,27150,卖盘
571,11:05:51,9.07,0.02,33,29931,买盘
572,11:05:58,9.07,0.0,67,60769,卖盘
573,11:06:33,9.06,-0.01,2,1812,卖盘
574,11:06:43,9.05,-0.01,26,23530,卖盘
575,11:06:58,9.06,0.01,9,8151,买盘
576,11:07:00,9.05,-0.01,45,40725,卖盘
577,11:07:09,9.04,-0.01,45,40680,卖盘
578,11:07:42,9.04,0.0,27,24408,卖盘
579,11:07:48,9.04,0.0,6,5424,卖盘
580,11:07:55,9.04,0.0,12,10848,卖盘
581,11:08:01,9.04,0.0,3,2712,卖盘
582,11:08:09,9.05,0.01,14,12670,买盘
583,11:08:27,9.05,0.0,30,27150,买盘
584,11:08:37,9.05,0.0,1,905,买盘
585,11:08:45,9.04,-0.01,29,26216,卖盘
586,11:09:37,9.04,0.0,20,18080,卖盘
587,11:09:43,9.04,0.0,27,24408,卖盘
588,11:09:46,9.05,0.01,30,27147,买盘
589,11:10:09,9.04,-0.01,6,5424,买盘
590,11:10:13,9.04,0.0,20,18080,买盘
591,11:10:18,9.04,0.0,5,4520,买盘
592,11:10:42,9.03,-0.01,2,1806,卖盘
593,11:10:45,9.03,0.0,26,23478,卖盘
594,11:11:07,9.03,0.0,10,9030,卖盘
595,11:11:15,9.03,0.0,10,9030,卖盘
596,11:11:27,9.03,0.0,12,10836,卖盘
597,11:11:43,9.03,0.0,26,23478,卖盘
598,11:12:15,9.03,0.0,10,9030,卖盘
599,11:12:24,9.03,0.0,10,9030,卖盘
600,11:12:43,9.03,0.0,27,24381,卖盘
601,11:12:55,9.03,0.0,33,29799,卖盘
602,11:13:37,9.03,0.0,9,8127,卖盘
603,11:13:43,9.03,0.0,26,23478,卖盘
604,11:14:13,9.03,0.0,8,7224,卖盘
605,11:14:46,9.03,0.0,29,26187,卖盘
606,11:14:51,9.03,0.0,63,56894,卖盘
607,11:15:01,9.03,0.0,28,25284,卖盘
608,11:15:43,9.03,0.0,15,13545,卖盘
609,11:15:55,9.02,-0.01,14,12628,卖盘
610,11:15:58,9.03,0.01,5,4515,买盘
611,11:16:03,9.03,0.0,13,11739,买盘
612,11:16:16,9.03,0.0,7,6321,买盘
613,11:16:45,9.03,0.0,29,26187,卖盘
614,11:17:43,9.03,0.0,26,23478,卖盘
615,11:18:43,9.03,0.0,27,24381,卖盘
616,11:19:43,9.03,0.0,38,34324,卖盘
617,11:20:45,9.03,0.0,29,26187,卖盘
618,11:20:58,9.03,0.0,21,18963,卖盘
619,11:21:39,9.03,0.0,30,27090,卖盘
620,11:21:45,9.03,0.0,16,14448,卖盘
621,11:22:45,9.02,-0.01,26,23452,卖盘
622,11:23:42,9.02,0.0,27,24354,卖盘
623,11:24:25,9.03,0.01,10,9030,买盘
624,11:24:31,9.02,-0.01,56,50512,卖盘
625,11:24:43,9.02,0.0,23,20746,卖盘
626,11:25:00,9.01,-0.01,34,30634,卖盘
627,11:25:07,9.01,0.0,66,59466,卖盘
628,11:25:10,9.01,0.0,62,55862,卖盘
629,11:25:12,9.01,0.0,27,24327,卖盘
630,11:25:15,9.0,-0.01,162,145875,卖盘
631,11:25:25,9.0,0.0,79,71100,卖盘
632,11:25:30,9.0,0.0,3,2700,卖盘
633,11:25:36,9.0,0.0,133,119730,卖盘
634,11:25:40,9.0,0.0,125,112500,卖盘
635,11:25:43,9.0,0.0,28,25200,卖盘
636,11:25:45,9.01,0.01,111,99930,买盘
637,11:25:49,9.01,0.0,6,5405,买盘
638,11:25:52,9.01,0.0,5,4505,卖盘
639,11:25:55,9.01,0.0,27,24327,卖盘
640,11:25:58,9.0,-0.01,19,17114,卖盘
641,11:26:01,8.99,-0.01,58,51529,卖盘
642,11:26:07,9.0,0.01,15,13500,买盘
643,11:26:15,9.0,0.0,30,27000,买盘
644,11:26:18,8.99,-0.01,41,36859,卖盘
645,11:26:21,9.0,0.01,1,900,买盘
646,11:26:30,9.0,0.0,5,4500,买盘
647,11:26:34,9.0,0.0,9,8757,买盘
648,11:26:43,9.01,0.01,16,14416,买盘
649,11:26:46,9.0,-0.01,28,25200,卖盘
650,11:26:49,9.0,0.0,57,50651,卖盘
651,11:27:01,9.0,0.0,10,9000,买盘
652,11:27:04,9.0,0.0,20,18000,买盘
653,11:27:07,9.0,0.0,12,10800,买盘
654,11:27:09,8.99,-0.01,11,9889,卖盘
655,11:27:27,9.0,0.01,30,27000,买盘
656,11:27:37,9.0,0.0,19,17100,买盘
657,11:27:46,8.99,-0.01,26,23374,卖盘
658,11:27:58,8.99,0.0,50,44950,卖盘
659,11:28:01,9.0,0.01,160,144000,买盘
660,11:28:06,8.99,-0.01,11,9889,卖盘
661,11:28:13,9.0,0.01,50,45000,买盘
662,11:28:34,9.0,0.0,10,9000,买盘
663,11:28:39,9.0,0.0,37,33300,买盘
664,11:28:42,9.0,0.0,50,45000,买盘
665,11:28:45,8.99,-0.01,27,24273,卖盘
666,11:28:48,9.0,0.01,3,2700,买盘
667,11:28:51,9.0,0.0,6,6057,买盘
668,11:29:10,9.0,0.0,59,52443,卖盘
669,11:29:13,9.0,0.0,16,14400,买盘
670,11:29:19,9.0,0.0,11,9900,买盘
671,11:29:31,8.99,-0.01,3,2697,卖盘
672,11:29:42,8.99,0.0,28,25172,卖盘
673,11:30:04,9.0,0.0,4,3600,卖盘
674,13:00:05,9.0,0.0,24,21600,卖盘
675,13:00:07,9.01,0.01,99,89118,买盘
676,13:00:16,9.0,-0.01,53,47700,卖盘
677,13:00:18,9.0,0.0,62,55800,卖盘
678,13:00:22,9.0,0.0,15,13500,卖盘
679,13:00:25,9.0,0.0,25,21843,卖盘
680,13:00:40,8.99,-0.01,32,28768,卖盘
681,13:00:43,8.99,0.0,29,26071,卖盘
682,13:00:49,8.99,0.0,14,12586,卖盘
683,13:01:00,8.99,0.0,10,8990,卖盘
684,13:01:36,9.0,0.01,15,13500,买盘
685,13:01:42,8.99,-0.01,30,26980,卖盘
686,13:01:45,8.99,0.0,94,84506,卖盘
687,13:01:48,8.99,0.0,14,12586,买盘
688,13:02:12,8.99,0.0,5,4495,买盘
689,13:02:15,8.99,0.0,1,899,买盘
690,13:02:25,8.98,-0.01,107,96096,卖盘
691,13:02:27,8.98,0.0,60,53880,卖盘
692,13:02:30,8.98,0.0,30,26940,买盘
693,13:02:45,8.97,-0.01,27,24219,卖盘
694,13:02:51,8.97,0.0,22,19734,卖盘
695,13:03:01,8.97,0.0,3,2691,买盘
696,13:03:07,8.96,-0.01,1,896,卖盘
697,13:03:21,8.96,0.0,8,7168,卖盘
698,13:03:27,8.96,0.0,7,6272,卖盘
699,13:03:39,8.97,0.01,21,18837,买盘
700,13:03:45,8.97,0.0,28,25116,卖盘
701,13:03:48,8.96,-0.01,30,26899,卖盘
702,13:04:10,8.97,0.01,10,8970,卖盘
703,13:04:22,8.98,0.01,3,2694,买盘
704,13:04:40,8.98,0.0,21,18858,买盘
705,13:04:45,8.97,-0.01,29,26022,卖盘
706,13:05:24,8.99,0.02,25,22475,买盘
707,13:05:36,8.98,-0.01,13,11674,卖盘
708,13:05:42,8.97,-0.01,26,23323,卖盘
709,13:05:48,8.97,0.0,1,897,买盘
710,13:05:54,8.97,0.0,3,2691,买盘
711,13:06:42,8.97,0.0,37,33197,卖盘
712,13:07:00,8.98,0.01,15,13470,买盘
713,13:07:43,8.98,0.0,26,23348,卖盘
714,13:07:48,8.98,0.0,4,3592,卖盘
715,13:07:55,8.98,0.0,1,898,卖盘
716,13:08:46,8.98,0.0,27,24246,卖盘
717,13:08:58,8.99,0.01,3,2697,买盘
718,13:09:10,8.99,0.0,11,9889,买盘
719,13:09:46,8.98,-0.01,26,23348,卖盘
720,13:09:54,8.98,0.0,50,44900,卖盘
721,13:10:00,8.99,0.01,1,899,买盘
722,13:10:25,8.98,-0.01,2,1796,卖盘
723,13:10:40,8.98,0.0,5,4490,卖盘
724,13:10:45,8.98,0.0,17,15266,卖盘
725,13:10:51,8.98,0.0,3,2694,买盘
726,13:11:10,8.97,-0.01,11,9867,卖盘
727,13:11:45,8.97,0.0,26,23322,卖盘
728,13:11:52,8.98,0.01,1,898,买盘
729,13:12:31,8.98,0.0,10,8980,买盘
730,13:12:39,8.98,0.0,57,51186,买盘
731,13:12:46,8.97,-0.01,26,23337,卖盘
732,13:13:22,8.98,0.01,5,4490,卖盘
733,13:13:25,8.98,0.0,45,40410,买盘
734,13:13:28,8.98,0.0,12,10776,中性盘
735,13:13:36,8.99,0.01,6,5394,买盘
736,13:13:42,8.99,0.0,11,9889,买盘
737,13:13:46,8.98,-0.01,27,24246,卖盘
738,13:13:48,8.99,0.01,17,15283,买盘
739,13:14:28,8.99,0.0,50,44950,买盘
740,13:14:45,8.99,0.0,35,31437,买盘
741,13:15:04,9.0,0.01,50,45000,买盘
742,13:15:13,9.0,0.0,100,90000,买盘
743,13:15:27,9.0,0.0,10,9000,买盘
744,13:15:33,9.0,0.0,1,900,买盘
745,13:15:42,8.99,-0.01,28,25172,卖盘
746,13:16:30,8.99,0.0,27,24273,卖盘
747,13:16:33,8.99,0.0,1,899,买盘
748,13:16:36,8.99,0.0,9,8091,卖盘
749,13:17:18,8.99,0.0,10,8990,买盘
750,13:17:21,8.98,-0.01,20,17960,卖盘
751,13:17:37,8.99,0.01,10,8990,买盘
752,13:17:46,8.98,-0.01,26,23348,卖盘
753,13:17:51,8.98,0.0,2,1796,卖盘
754,13:18:19,8.98,0.0,38,34124,卖盘
755,13:18:24,8.98,0.0,2,1796,卖盘
756,13:18:46,8.98,0.0,28,25144,卖盘
757,13:18:48,8.98,0.0,20,17960,卖盘
758,13:18:54,8.98,0.0,4,3592,卖盘
759,13:19:06,8.99,0.01,50,44950,买盘
760,13:19:45,8.98,-0.01,27,24246,卖盘
761,13:20:06,8.97,-0.01,207,185734,卖盘
762,13:20:13,8.97,0.0,18,16146,买盘
763,13:20:46,8.97,0.0,39,34954,买盘
764,13:20:54,8.97,0.0,17,15249,买盘
765,13:20:58,8.97,0.0,20,17940,买盘
766,13:21:03,8.97,0.0,46,41262,买盘
767,13:21:09,8.99,0.02,18,16182,买盘
768,13:21:39,8.99,0.0,5,4495,买盘
769,13:21:43,8.99,0.0,29,26071,卖盘
770,13:22:27,8.99,0.0,2,1798,卖盘
771,13:22:46,8.99,0.0,27,24273,卖盘
772,13:23:46,8.99,0.0,15,13485,卖盘
773,13:24:04,8.98,-0.01,70,62860,卖盘
774,13:24:45,8.98,0.0,28,25144,卖盘
775,13:25:06,8.98,0.0,84,75432,卖盘
776,13:25:25,8.98,0.0,13,11674,买盘
777,13:25:30,8.98,0.0,6,5388,买盘
778,13:25:36,8.98,0.0,2,1796,买盘
779,13:25:40,8.97,-0.01,6,5382,卖盘
780,13:25:46,8.97,0.0,29,26013,卖盘
781,13:26:36,8.98,0.01,1,898,买盘
782,13:26:40,8.9,-0.08,1615,1442850,卖盘
783,13:26:46,8.95,0.05,1,895,中性盘
784,13:27:09,8.94,-0.01,2,1788,买盘
785,13:27:31,8.92,-0.02,22,19624,卖盘
786,13:27:42,8.9,-0.02,500,445513,卖盘
787,13:28:01,8.91,0.01,7,6237,卖盘
788,13:28:04,8.91,0.0,39,34749,卖盘
789,13:28:15,8.9,-0.01,23,20470,卖盘
790,13:28:22,8.91,0.01,5,4455,买盘
791,13:28:25,8.91,0.0,2,1782,买盘
792,13:28:28,8.9,-0.01,10,8904,卖盘
793,13:28:34,8.91,0.01,30,26730,卖盘
794,13:28:45,8.91,0.0,29,25854,卖盘
795,13:28:51,8.92,0.01,9,8028,中性盘
796,13:28:57,8.92,0.0,2,1784,买盘
797,13:29:04,8.92,0.0,9,8028,买盘
798,13:29:07,8.91,-0.01,50,44578,卖盘
799,13:29:10,8.91,0.0,1,891,卖盘
800,13:29:21,8.92,0.01,2,1784,卖盘
801,13:29:37,8.92,0.0,14,12488,买盘
802,13:29:46,8.91,-0.01,30,26732,卖盘
803,13:29:58,8.92,0.01,7,6244,买盘
804,13:30:24,8.92,0.0,3,2676,卖盘
805,13:30:45,8.92,0.0,33,29436,卖盘
806,13:30:54,8.93,0.01,14,12502,买盘
807,13:30:57,8.92,-0.01,87,77604,卖盘
808,13:31:07,8.92,0.0,21,18732,买盘
809,13:31:13,8.92,0.0,1,892,卖盘
810,13:31:31,8.92,0.0,2,1784,卖盘
811,13:31:40,8.93,0.01,30,26790,买盘
812,13:31:46,8.92,-0.01,28,24976,卖盘
813,13:32:13,8.9,-0.02,500,445440,卖盘
814,13:32:18,8.92,0.02,22,19624,中性盘
815,13:32:25,8.93,0.01,38,33903,买盘
816,13:32:30,8.93,0.0,2,1786,买盘
817,13:32:33,8.91,-0.02,5,4455,卖盘
818,13:32:49,8.9,-0.01,28,24920,卖盘
819,13:32:57,8.9,0.0,10,8900,卖盘
820,13:33:09,8.9,0.0,1,890,卖盘
821,13:33:15,8.9,0.0,5,4450,卖盘
822,13:33:18,8.9,0.0,90,80100,卖盘
823,13:33:25,8.92,0.02,25,22300,买盘
824,13:33:27,8.91,-0.01,7,6237,卖盘
825,13:33:36,8.91,0.0,3,2673,卖盘
826,13:33:40,8.92,0.01,22,19621,买盘
827,13:33:42,8.92,0.0,5,4460,卖盘
828,13:33:45,8.9,-0.02,28,24929,卖盘
829,13:33:54,8.91,0.01,10,8910,卖盘
830,13:34:10,8.91,0.0,10,8910,卖盘
831,13:34:28,8.93,0.02,10,8930,买盘
832,13:34:40,8.93,0.0,20,17860,买盘
833,13:34:46,8.92,-0.01,1,892,卖盘
834,13:34:52,8.92,0.0,65,58028,买盘
835,13:34:58,8.92,0.0,28,24976,卖盘
836,13:35:10,8.93,0.01,1,893,中性盘
837,13:35:27,8.93,0.0,6,5626,卖盘
838,13:35:46,8.93,0.0,27,24111,卖盘
839,13:36:12,8.94,0.01,2,1788,买盘
840,13:36:25,8.94,0.0,9,8046,买盘
841,13:36:31,8.94,0.0,22,19668,买盘
842,13:36:37,8.94,0.0,6,5364,买盘
843,13:36:46,8.94,0.0,21,18774,卖盘
844,13:37:13,8.93,-0.01,1,893,卖盘
845,13:37:22,8.94,0.01,45,40230,买盘
846,13:37:27,8.94,0.0,20,17880,卖盘
847,13:37:33,8.94,0.0,2,1788,卖盘
848,13:37:45,8.93,-0.01,29,25897,卖盘
849,13:37:58,8.94,0.01,3,2682,买盘
850,13:38:10,8.93,-0.01,60,53580,卖盘
851,13:38:22,8.93,0.0,103,91979,卖盘
852,13:38:24,8.94,0.01,8,7152,买盘
853,13:38:27,8.93,-0.01,1,893,卖盘
854,13:38:31,8.92,-0.01,44,39291,卖盘
855,13:38:46,8.92,0.0,12,10436,卖盘
856,13:38:52,8.92,0.0,10,8920,买盘
857,13:38:58,8.92,0.0,8,7404,买盘
858,13:39:25,8.92,0.0,20,17840,卖盘
859,13:39:45,8.92,0.0,29,25868,卖盘
860,13:39:52,8.94,0.02,99,88506,买盘
861,13:39:58,8.94,0.0,28,25032,买盘
862,13:40:06,8.93,-0.01,1,893,卖盘
863,13:40:31,8.95,0.02,4,3580,买盘
864,13:40:33,8.95,0.0,1,895,卖盘
865,13:40:46,8.93,-0.02,26,23221,卖盘
866,13:41:01,8.95,0.02,8,7160,买盘
867,13:41:25,8.95,0.0,2,1790,买盘
868,13:41:46,8.95,0.0,27,24165,卖盘
869,13:42:13,8.95,0.0,1,895,卖盘
870,13:42:15,8.98,0.03,30,26931,买盘
871,13:42:31,8.97,-0.01,2,1794,买盘
872,13:42:40,8.96,-0.01,12,10752,卖盘
873,13:42:52,8.96,0.0,65,58240,买盘
874,13:42:57,8.96,0.0,9,8064,买盘
875,13:43:22,8.96,0.0,3,2688,卖盘
876,13:43:33,8.96,0.0,10,8960,买盘
877,13:43:40,8.96,0.0,10,8960,买盘
878,13:43:46,8.95,-0.01,27,24165,卖盘
879,13:44:13,8.95,0.0,1,895,卖盘
880,13:44:19,8.95,0.0,1,895,卖盘
881,13:44:34,8.95,0.0,30,26850,卖盘
882,13:44:46,8.95,0.0,27,24165,卖盘
883,13:44:55,8.95,0.0,50,44750,卖盘
884,13:45:13,8.96,0.01,8,7168,买盘
885,13:45:15,8.95,-0.01,30,26852,卖盘
886,13:45:46,8.95,0.0,28,25060,卖盘
887,13:46:06,8.95,0.0,1,895,卖盘
888,13:46:46,8.95,0.0,13,11635,卖盘
889,13:46:57,8.95,0.0,12,10740,买盘
890,13:47:25,8.95,0.0,8,7160,买盘
891,13:47:30,8.95,0.0,2,1790,买盘
892,13:47:46,8.95,0.0,22,19690,卖盘
893,13:48:15,8.95,0.0,6,5370,买盘
894,13:48:22,8.95,0.0,1,895,买盘
895,13:48:30,8.95,0.0,2,1790,买盘
896,13:48:45,8.95,0.0,27,24165,卖盘
897,13:49:10,8.95,0.0,12,10740,卖盘
898,13:49:28,8.95,0.0,96,85920,买盘
899,13:49:46,8.95,0.0,13,11635,卖盘
900,13:49:58,8.95,0.0,10,8950,买盘
901,13:50:04,8.95,0.0,7,6265,买盘
902,13:50:39,8.97,0.02,6,5382,买盘
903,13:50:46,8.95,-0.02,28,25062,卖盘
904,13:51:10,8.97,0.02,16,14352,买盘
905,13:51:13,8.95,-0.02,5,4483,卖盘
906,13:51:15,8.97,0.02,32,28685,买盘
907,13:51:18,8.96,-0.01,5,4482,卖盘
908,13:51:28,8.98,0.02,16,14368,买盘
909,13:51:42,8.99,0.01,51,45849,买盘
910,13:51:46,8.98,-0.01,29,26042,卖盘
911,13:52:13,9.0,0.02,45,40500,买盘
912,13:52:45,8.99,-0.01,29,26071,卖盘
913,13:53:13,8.99,0.0,1,899,卖盘
914,13:53:19,9.0,0.01,20,18000,买盘
915,13:53:25,8.99,-0.01,5,4495,卖盘
916,13:53:28,9.0,0.01,12,10800,买盘
917,13:53:30,8.99,-0.01,28,25172,卖盘
918,13:53:37,8.99,0.0,10,8990,卖盘
919,13:53:46,8.99,0.0,14,12586,卖盘
920,13:53:49,9.0,0.01,32,28787,买盘
921,13:53:51,9.0,0.0,6,5400,卖盘
922,13:54:01,9.0,0.0,6,5400,买盘
923,13:54:28,8.99,-0.01,20,17980,买盘
924,13:54:37,8.99,0.0,4,3596,买盘
925,13:54:46,8.98,-0.01,27,24246,卖盘
926,13:55:24,9.04,0.06,50,45094,买盘
927,13:55:34,9.03,-0.01,39,35217,买盘
928,13:55:36,9.03,0.0,1,903,买盘
929,13:55:43,9.03,0.0,4,3612,卖盘
930,13:55:58,8.99,-0.04,1,899,卖盘
931,13:56:46,9.0,0.01,28,25200,卖盘
932,13:57:34,9.0,0.0,112,100830,卖盘
933,13:57:37,9.03,0.03,2,1806,买盘
934,13:57:45,9.0,-0.03,29,26100,卖盘
935,13:57:52,9.02,0.02,8,7216,买盘
936,13:57:58,9.0,-0.02,1,900,卖盘
937,13:58:01,9.02,0.02,12,10824,买盘
938,13:58:13,9.0,-0.02,8,7200,卖盘
939,13:58:18,9.0,0.0,49,44100,卖盘
940,13:58:31,9.0,0.0,20,18000,买盘
941,13:58:34,9.0,0.0,4,3600,买盘
942,13:58:39,9.0,0.0,6,5400,买盘
943,13:58:46,8.99,-0.01,30,26974,卖盘
944,13:59:15,9.0,0.01,3,2700,买盘
945,13:59:25,9.01,0.01,18,16218,买盘
946,13:59:31,9.01,0.0,10,9010,买盘
947,13:59:43,9.01,0.0,2,1802,买盘
948,13:59:51,9.0,-0.01,26,23400,卖盘
949,13:59:57,9.0,0.0,1,900,卖盘
950,14:00:10,9.0,0.0,22,19800,卖盘
951,14:00:13,9.0,0.0,46,41400,买盘
952,14:00:21,9.0,0.0,8,7110,买盘
953,14:00:37,9.02,0.02,2,1804,买盘
954,14:00:40,9.02,0.0,8,7216,买盘
955,14:00:46,9.0,-0.02,29,26100,卖盘
956,14:01:10,9.02,0.02,2,1804,买盘
957,14:01:45,9.0,-0.02,28,25200,卖盘
958,14:02:10,9.01,0.01,1,901,卖盘
959,14:02:43,9.02,0.01,5,4510,买盘
960,14:02:46,9.01,-0.01,28,25228,卖盘
961,14:02:54,9.01,0.0,16,14416,买盘
962,14:03:07,9.01,0.0,3,2703,卖盘
963,14:03:16,9.01,0.0,49,44149,买盘
964,14:03:19,9.01,0.0,49,44149,买盘
965,14:03:34,9.0,-0.01,134,120669,卖盘
966,14:03:37,9.02,0.02,2,1804,买盘
967,14:03:46,9.01,-0.01,30,27030,卖盘
968,14:03:52,9.02,0.01,2,1804,买盘
969,14:04:46,9.01,-0.01,26,23426,卖盘
970,14:05:00,9.01,0.0,1,901,卖盘
971,14:05:46,9.01,0.0,30,27030,卖盘
972,14:05:54,9.01,0.0,50,45050,卖盘
973,14:06:10,9.01,0.0,9,8109,卖盘
974,14:06:16,9.02,0.01,19,17129,买盘
975,14:06:30,8.99,-0.03,150,134976,卖盘
976,14:06:33,9.0,0.01,10,9000,中性盘
977,14:06:40,8.99,-0.01,1,899,卖盘
978,14:06:45,8.99,0.0,10,8990,卖盘
979,14:07:13,8.99,0.0,5,4495,买盘
980,14:07:24,8.98,-0.01,3,2694,卖盘
981,14:07:34,8.99,0.01,1,899,买盘
982,14:07:46,8.98,-0.01,28,25144,卖盘
983,14:07:52,8.98,0.0,3,2694,卖盘
984,14:08:12,8.98,0.0,98,88004,卖盘
985,14:08:15,8.98,0.0,2,1796,买盘
986,14:08:19,8.98,0.0,15,13463,中性盘
987,14:08:27,8.99,0.01,1,899,买盘
988,14:08:46,8.99,0.0,27,24273,卖盘
989,14:08:57,9.0,0.01,4,3600,买盘
990,14:09:09,8.99,-0.01,1,899,卖盘
991,14:09:19,9.0,0.01,37,33300,买盘
992,14:09:36,9.0,0.0,5,4500,卖盘
993,14:09:39,9.01,0.01,6,5406,买盘
994,14:09:45,9.0,-0.01,28,25200,卖盘
995,14:10:45,9.0,0.0,17,15300,卖盘
996,14:11:13,8.99,-0.01,30,26970,卖盘
997,14:11:19,9.0,0.01,4,3600,买盘
998,14:11:46,8.99,-0.01,30,26970,卖盘
999,14:12:46,8.99,0.0,26,23374,卖盘
1000,14:13:46,8.99,0.0,29,26071,卖盘
1001,14:13:49,9.0,0.01,4,3600,买盘
1002,14:14:04,8.99,-0.01,1,899,卖盘
1003,14:14:07,8.99,0.0,3,2697,卖盘
1004,14:14:13,8.99,0.0,50,44950,卖盘
1005,14:14:18,8.99,0.0,1,899,卖盘
1006,14:14:21,8.99,0.0,54,48546,卖盘
1007,14:14:25,8.99,0.0,57,51243,卖盘
1008,14:14:46,8.98,-0.01,5,4490,卖盘
1009,14:15:12,8.97,-0.01,33,29601,卖盘
1010,14:15:25,8.97,0.0,10,8970,卖盘
1011,14:15:48,8.97,0.0,1,897,卖盘
1012,14:15:52,8.97,0.0,30,26910,卖盘
1013,14:16:04,8.97,0.0,43,38571,卖盘
1014,14:16:34,8.96,-0.01,18,16128,卖盘
1015,14:16:42,8.97,0.01,6,5382,买盘
1016,14:16:51,8.96,-0.01,26,23296,卖盘
1017,14:17:00,8.97,0.01,5,4485,买盘
1018,14:17:24,8.98,0.01,14,12572,买盘
1019,14:17:45,8.98,0.0,24,21552,卖盘
1020,14:18:27,8.98,0.0,6,5388,买盘
1021,14:18:37,8.98,0.0,6,5388,买盘
1022,14:18:46,8.97,-0.01,28,25116,卖盘
1023,14:19:01,8.98,0.01,10,8980,买盘
1024,14:19:39,8.97,-0.01,1,897,卖盘
1025,14:19:45,8.97,0.0,29,26013,卖盘
1026,14:19:49,8.98,0.01,5,4490,买盘
1027,14:20:10,8.98,0.0,26,23348,买盘
1028,14:20:46,8.98,0.0,19,17062,卖盘
1029,14:20:49,8.98,0.0,8,7184,买盘
1030,14:20:55,8.98,0.0,21,18858,买盘
1031,14:21:46,8.98,0.0,1,898,卖盘
1032,14:21:49,8.98,0.0,4,3592,买盘
1033,14:21:58,8.98,0.0,16,14368,买盘
1034,14:22:04,8.97,-0.01,20,17940,卖盘
1035,14:22:09,8.98,0.01,5,4490,买盘
1036,14:22:40,8.97,-0.01,1,897,卖盘
1037,14:22:46,8.97,0.0,27,24219,卖盘
1038,14:23:16,8.97,0.0,22,19734,卖盘
1039,14:23:19,8.97,0.0,2,1794,买盘
1040,14:23:27,8.97,0.0,5,4485,买盘
1041,14:23:34,8.97,0.0,5,4485,买盘
1042,14:23:37,8.97,0.0,3,2691,买盘
1043,14:23:40,8.97,0.0,5,4485,买盘
1044,14:23:46,8.97,0.0,37,33153,买盘
1045,14:24:10,8.96,-0.01,5,4481,卖盘
1046,14:24:24,8.97,0.01,1,897,卖盘
1047,14:24:28,8.98,0.01,20,17960,买盘
1048,14:24:46,8.97,-0.01,4,3588,卖盘
1049,14:25:45,8.96,-0.01,29,25984,卖盘
1050,14:25:54,8.97,0.01,3,2691,买盘
1051,14:26:22,8.97,0.0,5,4485,卖盘
1052,14:26:46,8.97,0.0,28,25116,卖盘
1053,14:26:55,8.97,0.0,137,122889,卖盘
1054,14:26:58,8.97,0.0,2,1794,买盘
1055,14:27:10,8.97,0.0,8,7176,买盘
1056,14:27:13,8.97,0.0,10,8970,买盘
1057,14:27:18,8.97,0.0,250,224250,买盘
1058,14:27:30,8.96,-0.01,13,11648,卖盘
1059,14:27:34,8.97,0.01,250,224250,买盘
1060,14:27:36,8.96,-0.01,15,13440,卖盘
1061,14:27:46,8.96,0.0,27,24192,卖盘
1062,14:27:58,8.97,0.01,99,88803,买盘
1063,14:28:01,8.97,0.0,289,259233,买盘
1064,14:28:04,8.97,0.0,7,6279,买盘
1065,14:28:06,8.97,0.0,73,65481,买盘
1066,14:28:09,8.97,0.0,27,24219,买盘
1067,14:28:12,8.97,0.0,15,13455,买盘
1068,14:28:19,8.97,0.0,8,7176,买盘
1069,14:28:21,8.97,0.0,44,39468,买盘
1070,14:28:33,8.98,0.01,2,1796,买盘
1071,14:28:37,8.98,0.0,1,898,买盘
1072,14:28:46,8.98,0.0,47,42179,买盘
1073,14:28:49,8.98,0.0,20,17960,买盘
1074,14:28:52,8.98,0.0,2,1796,买盘
1075,14:28:55,8.98,0.0,20,17960,买盘
1076,14:28:57,8.97,-0.01,1,897,卖盘
1077,14:29:00,8.98,0.01,13,11674,买盘
1078,14:29:04,8.98,0.0,40,35920,买盘
1079,14:29:16,8.98,0.0,1,898,买盘
1080,14:29:34,8.99,0.01,100,89900,买盘
1081,14:29:42,8.99,0.0,14,12676,买盘
1082,14:29:46,8.98,-0.01,29,26057,卖盘
1083,14:29:58,8.99,0.01,28,25172,卖盘
1084,14:30:13,8.99,0.0,10,8990,卖盘
1085,14:30:22,9.0,0.01,9,8100,买盘
1086,14:30:25,9.0,0.0,1,900,买盘
1087,14:30:43,9.0,0.0,13,11700,买盘
1088,14:30:45,8.99,-0.01,28,25172,卖盘
1089,14:31:07,9.0,0.01,6,5400,买盘
1090,14:31:16,9.0,0.0,21,18900,买盘
1091,14:31:33,9.0,0.0,20,18000,买盘
1092,14:31:40,9.0,0.0,13,11700,买盘
1093,14:31:43,9.0,0.0,2,1800,卖盘
1094,14:31:46,8.99,-0.01,30,26974,卖盘
1095,14:31:58,9.0,0.01,28,25200,卖盘
1096,14:32:16,9.0,0.0,6,5400,卖盘
1097,14:32:33,9.01,0.01,4,3604,买盘
1098,14:32:46,9.0,-0.01,37,33310,卖盘
1099,14:32:54,9.01,0.01,26,23426,买盘
1100,14:33:22,9.01,0.0,5,4505,买盘
1101,14:33:49,9.0,-0.01,28,25200,卖盘
1102,14:34:28,9.0,0.0,20,18000,卖盘
1103,14:34:37,9.0,0.0,3,2700,卖盘
1104,14:34:46,9.0,0.0,3,2700,卖盘
1105,14:35:45,8.99,-0.01,29,26071,卖盘
1106,14:35:52,8.99,0.0,1,899,卖盘
1107,14:35:55,9.0,0.01,16,14400,买盘
1108,14:36:01,9.0,0.0,4,3600,卖盘
1109,14:36:18,9.0,0.0,11,9900,卖盘
1110,14:36:22,9.0,0.0,11,9900,卖盘
1111,14:36:25,9.0,0.0,1,900,卖盘
1112,14:36:39,9.0,0.0,3,2700,买盘
1113,14:36:45,8.99,-0.01,29,26071,卖盘
1114,14:36:49,8.99,0.0,25,22475,卖盘
1115,14:37:01,9.0,0.01,1,900,买盘
1116,14:37:34,8.99,-0.01,87,78213,卖盘
1117,14:37:46,8.98,-0.01,30,26940,卖盘
1118,14:38:06,8.98,0.0,1,898,卖盘
1119,14:38:13,8.99,0.01,243,218457,买盘
1120,14:38:46,8.99,0.0,27,24273,卖盘
1121,14:39:46,8.99,0.0,40,35960,卖盘
1122,14:39:52,9.0,0.01,68,61200,买盘
1123,14:40:18,9.0,0.0,47,42300,卖盘
1124,14:40:21,9.0,0.0,3,2700,买盘
1125,14:40:49,8.99,-0.01,28,25172,卖盘
1126,14:41:16,9.0,0.01,30,27000,买盘
1127,14:41:18,8.99,-0.01,66,59334,卖盘
1128,14:41:28,9.0,0.01,30,26973,买盘
1129,14:41:49,8.98,-0.02,28,25144,卖盘
1130,14:42:13,8.98,0.0,50,44900,卖盘
1131,14:42:19,8.98,0.0,249,223602,卖盘
1132,14:42:22,8.98,0.0,12,10686,卖盘
1133,14:42:30,8.97,-0.01,12,10764,卖盘
1134,14:42:37,8.98,0.01,96,86274,买盘
1135,14:42:46,8.98,0.0,27,24246,卖盘
1136,14:43:04,8.98,0.0,29,26042,买盘
1137,14:43:46,8.98,0.0,87,78040,买盘
1138,14:43:52,8.97,-0.01,3,2512,卖盘
1139,14:44:07,8.97,0.0,9,8073,卖盘
1140,14:44:43,8.97,0.0,21,18927,卖盘
1141,14:44:48,8.97,0.0,30,26910,买盘
1142,14:44:55,8.97,0.0,29,26013,买盘
1143,14:45:01,8.97,0.0,1,897,买盘
1144,14:45:04,8.97,0.0,5,4395,买盘
1145,14:45:13,8.98,0.01,10,8980,买盘
1146,14:45:37,8.97,-0.01,15,13545,卖盘
1147,14:45:43,8.97,0.0,11,9777,买盘
1148,14:46:04,8.98,0.01,6,5388,买盘
1149,14:46:09,8.98,0.0,11,9878,卖盘
1150,14:46:12,8.98,0.0,3,2694,买盘
1151,14:46:16,8.98,0.0,4,3592,卖盘
1152,14:46:19,8.99,0.01,67,60233,买盘
1153,14:46:22,8.98,-0.01,24,21552,卖盘
1154,14:46:25,8.98,0.0,21,18858,买盘
1155,14:47:01,8.99,0.01,226,203170,买盘
1156,14:47:06,8.98,-0.01,6,5388,卖盘
1157,14:47:13,8.99,0.01,3,2697,买盘
1158,14:47:16,8.98,-0.01,5,4490,卖盘
1159,14:47:24,8.99,0.01,1,899,买盘
1160,14:48:31,8.99,0.0,10,8990,买盘
1161,14:48:34,8.99,0.0,5,4495,买盘
1162,14:48:36,8.99,0.0,3,2697,买盘
1163,14:48:46,8.99,0.0,55,49445,买盘
1164,14:49:01,8.99,0.0,5,4495,买盘
1165,14:49:04,8.99,0.0,10,8990,买盘
1166,14:49:09,8.99,0.0,4,3596,卖盘
1167,14:49:13,8.99,0.0,6,5394,买盘
1168,14:49:16,8.99,0.0,5,4495,中性盘
1169,14:49:48,8.99,0.0,14,12586,卖盘
1170,14:50:07,8.99,0.0,41,37422,卖盘
1171,14:50:13,8.99,0.0,83,74078,卖盘
1172,14:50:16,8.99,0.0,60,53940,买盘
1173,14:50:19,8.99,0.0,10,8990,买盘
1174,14:50:40,8.99,0.0,3,3236,买盘
1175,14:51:22,8.99,0.0,1,899,卖盘
1176,14:51:31,8.99,0.0,5,4495,卖盘
1177,14:51:33,8.99,0.0,29,26071,卖盘
1178,14:51:36,8.99,0.0,51,45310,卖盘
1179,14:51:40,8.98,-0.01,1,898,卖盘
1180,14:51:46,8.99,0.01,100,89900,买盘
1181,14:51:49,8.98,-0.01,6,5388,卖盘
1182,14:51:55,8.98,0.0,34,30532,卖盘
1183,14:52:10,8.98,0.0,4,3592,卖盘
1184,14:52:22,8.99,0.01,6,5394,买盘
1185,14:52:24,8.99,0.0,2,1798,买盘
1186,14:52:27,8.99,0.0,1,899,买盘
1187,14:52:40,8.98,-0.01,30,26940,卖盘
1188,14:52:43,8.99,0.01,20,17980,买盘
1189,14:52:52,8.98,-0.01,3,2694,卖盘
1190,14:53:16,8.98,0.0,4,3592,卖盘
1191,14:53:43,8.98,0.0,106,95188,卖盘
1192,14:53:57,8.98,0.0,14,12572,卖盘
1193,14:54:04,8.99,0.01,10,8990,买盘
1194,14:54:09,8.99,0.0,6,5390,买盘
1195,14:54:28,8.99,0.0,11,9879,买盘
1196,14:54:34,8.99,0.0,28,25172,买盘
1197,14:54:36,8.99,0.0,40,35930,买盘
1198,14:54:39,8.98,-0.01,11,9878,卖盘
1199,14:54:49,8.99,0.01,10,8990,买盘
1200,14:55:28,8.99,0.0,39,35061,买盘
1201,14:55:31,8.97,-0.02,427,383425,卖盘
1202,14:55:34,8.99,0.02,3,2697,买盘
1203,14:55:42,8.99,0.0,25,22468,买盘
1204,14:55:46,8.99,0.0,3,2697,买盘
1205,14:55:58,8.98,-0.01,20,17960,买盘
1206,14:56:13,8.99,0.01,4,3596,买盘
1207,14:56:19,8.99,0.0,6,5394,买盘
1208,14:56:57,8.98,-0.01,48,43104,卖盘
1209,14:57:01,8.99,0.01,10,8990,买盘
1210,15:00:04,8.98,-0.01,131,117638,卖盘
