,time,price,change,volume,amount,type
0,09:25:04,4.36,-0.1,1734,756024,卖盘
1,09:30:04,4.35,-0.01,1578,687208,卖盘
2,09:30:07,4.35,0.0,563,244780,买盘
3,09:30:09,4.35,0.0,53,23005,买盘
4,09:30:12,4.33,-0.02,1411,614266,卖盘
5,09:30:15,4.34,0.01,164,71176,中性盘
6,09:30:21,4.34,0.0,649,282209,卖盘
7,09:30:24,4.33,-0.01,232,100508,卖盘
8,09:30:28,4.31,-0.02,2938,1268825,卖盘
9,09:30:30,4.31,0.0,212,91362,买盘
10,09:30:33,4.33,0.02,210,90553,买盘
11,09:30:37,4.31,-0.02,261,112264,中性盘
12,09:30:40,4.31,0.0,237,102147,卖盘
13,09:30:43,4.31,0.0,113,48808,卖盘
14,09:30:45,4.32,0.01,160,68985,中性盘
15,09:30:48,4.33,0.01,475,205675,买盘
16,09:30:52,4.33,0.0,18,7794,卖盘
17,09:30:55,4.33,0.0,17,7361,卖盘
18,09:30:58,4.31,-0.02,132,56973,卖盘
19,09:31:00,4.33,0.02,516,223189,买盘
20,09:31:04,4.33,0.0,10,4330,卖盘
21,09:31:06,4.34,0.01,213,92442,买盘
22,09:31:09,4.33,-0.01,96,41584,卖盘
23,09:31:13,4.34,0.01,7,3038,卖盘
24,09:31:16,4.35,0.01,55,23912,买盘
25,09:31:18,4.35,0.0,122,53070,买盘
26,09:31:22,4.33,-0.02,30,13018,卖盘
27,09:31:28,4.34,0.01,39,16941,卖盘
28,09:31:31,4.35,0.01,196,85260,买盘
29,09:31:33,4.35,0.0,348,151380,卖盘
30,09:31:36,4.34,-0.01,224,97254,卖盘
31,09:31:40,4.36,0.02,2000,868688,买盘
32,09:31:43,4.35,-0.01,68,29580,卖盘
33,09:31:46,4.34,-0.01,199,86760,卖盘
34,09:31:49,4.35,0.01,62,26923,中性盘
35,09:31:52,4.35,0.0,3,1305,买盘
36,09:31:54,4.35,0.0,88,38204,买盘
37,09:31:57,4.35,0.0,42,18270,买盘
38,09:32:01,4.36,0.01,115,50067,买盘
39,09:32:07,4.35,-0.01,55,23925,卖盘
40,09:32:09,4.35,0.0,100,43500,卖盘
41,09:32:13,4.35,0.0,525,228398,卖盘
42,09:32:16,4.36,0.01,1050,457800,买盘
43,09:32:19,4.36,0.0,12,5230,买盘
44,09:32:22,4.35,-0.01,32,13920,卖盘
45,09:32:24,4.36,0.01,91,39526,买盘
46,09:32:31,4.35,-0.01,86,37416,卖盘
47,09:32:37,4.36,0.01,1409,613915,买盘
48,09:32:39,4.35,-0.01,147,63992,卖盘
49,09:32:43,4.35,0.0,10,4350,买盘
50,09:32:45,4.34,-0.01,65,28215,卖盘
51,09:32:48,4.34,0.0,46,20000,卖盘
52,09:32:51,4.35,0.01,335,145695,买盘
53,09:32:55,4.35,0.0,105,45675,卖盘
54,09:32:58,4.35,0.0,92,40020,买盘
55,09:33:00,4.35,0.0,70,30450,卖盘
56,09:33:03,4.35,0.0,90,39150,卖盘
57,09:33:06,4.36,0.01,286,124677,买盘
58,09:33:09,4.36,0.0,10,4360,买盘
59,09:33:12,4.36,0.0,69,30084,买盘
60,09:33:16,4.36,0.0,311,135858,买盘
61,09:33:27,4.37,0.01,20,8740,买盘
62,09:33:33,4.37,0.0,223,97451,买盘
63,09:33:37,4.37,0.0,371,162127,买盘
64,09:33:43,4.37,0.0,150,65550,卖盘
65,09:33:46,4.37,0.0,40,17480,买盘
66,09:33:48,4.37,0.0,302,131974,买盘
67,09:33:51,4.37,0.0,285,124545,买盘
68,09:33:58,4.37,0.0,53,23161,卖盘
69,09:34:00,4.36,-0.01,152,66465,卖盘
70,09:34:04,4.37,0.01,15,6555,买盘
71,09:34:07,4.37,0.0,142,62054,买盘
72,09:34:09,4.37,0.0,46,20102,卖盘
73,09:34:12,4.37,0.0,213,93081,卖盘
74,09:34:16,4.38,0.01,882,385926,买盘
75,09:34:19,4.38,0.0,163,71319,买盘
76,09:34:22,4.38,0.0,366,160106,买盘
77,09:34:25,4.38,0.0,9,3942,买盘
78,09:34:27,4.37,-0.01,387,169135,卖盘
79,09:34:31,4.37,0.0,25,10925,买盘
80,09:34:33,4.37,0.0,680,297160,买盘
81,09:34:36,4.37,0.0,144,63040,买盘
82,09:34:40,4.37,0.0,57,24909,卖盘
83,09:34:43,4.38,0.01,436,190932,买盘
84,09:34:46,4.37,-0.01,108,47196,卖盘
85,09:34:52,4.37,0.0,198,86664,卖盘
86,09:34:55,4.37,0.0,7,3059,卖盘
87,09:34:57,4.38,0.01,225,98466,买盘
88,09:35:01,4.38,0.0,119,52122,买盘
89,09:35:04,4.37,-0.01,53,23191,卖盘
90,09:35:06,4.38,0.01,125,54750,买盘
91,09:35:13,4.39,0.01,191,83696,买盘
92,09:35:16,4.38,-0.01,74,32500,卖盘
93,09:35:19,4.39,0.01,285,125110,买盘
94,09:35:21,4.38,-0.01,25,10950,卖盘
95,09:35:25,4.39,0.01,300,131700,买盘
96,09:35:27,4.39,0.0,54,23702,买盘
97,09:35:30,4.38,-0.01,50,21900,卖盘
98,09:35:34,4.38,0.0,186,81618,卖盘
99,09:35:36,4.37,-0.01,535,233942,卖盘
100,09:35:45,4.38,0.01,62,27156,买盘
101,09:35:49,4.37,-0.01,212,92697,卖盘
102,09:35:52,4.37,0.0,160,69920,卖盘
103,09:35:55,4.37,0.0,6,2622,买盘
104,09:35:57,4.36,-0.01,9,3924,卖盘
105,09:36:01,4.36,0.0,10,4360,卖盘
106,09:36:04,4.36,0.0,879,383258,卖盘
107,09:36:06,4.36,0.0,188,81938,买盘
108,09:36:16,4.36,0.0,7,3052,买盘
109,09:36:19,4.36,0.0,160,69760,买盘
110,09:36:21,4.36,0.0,20,8720,卖盘
111,09:36:24,4.36,0.0,16,6976,卖盘
112,09:36:28,4.36,0.0,2,872,卖盘
113,09:36:31,4.36,0.0,10,4360,卖盘
114,09:36:37,4.36,0.0,9,3924,卖盘
115,09:36:39,4.36,0.0,10,4360,卖盘
116,09:36:43,4.36,0.0,10,4360,卖盘
117,09:36:49,4.37,0.01,70,30590,买盘
118,09:36:52,4.37,0.0,20,8740,买盘
119,09:36:55,4.37,0.0,108,47096,买盘
120,09:36:57,4.37,0.0,21,9167,买盘
121,09:37:01,4.37,0.0,150,65550,买盘
122,09:37:04,4.37,0.0,365,159505,买盘
123,09:37:09,4.37,0.0,12,5244,卖盘
124,09:37:13,4.37,0.0,31,13567,卖盘
125,09:37:16,4.38,0.01,39,17052,买盘
126,09:37:19,4.38,0.0,545,238415,买盘
127,09:37:22,4.38,0.0,5,2190,买盘
128,09:37:25,4.37,-0.01,422,184614,卖盘
129,09:37:27,4.37,0.0,16,6992,卖盘
130,09:37:31,4.37,0.0,17,7429,卖盘
131,09:37:34,4.38,0.01,5,2190,买盘
132,09:37:36,4.38,0.0,31,13573,买盘
133,09:37:40,4.37,-0.01,18,7866,卖盘
134,09:37:43,4.37,0.0,150,65560,卖盘
135,09:37:48,4.37,0.0,375,163888,卖盘
136,09:37:54,4.37,0.0,22,9614,买盘
137,09:37:57,4.37,0.0,37,16169,买盘
138,09:38:00,4.36,-0.01,9,3924,卖盘
139,09:38:07,4.36,0.0,22,9612,卖盘
140,09:38:09,4.37,0.01,59,25773,买盘
141,09:38:12,4.37,0.0,32,13984,卖盘
142,09:38:16,4.37,0.0,18,7866,卖盘
143,09:38:19,4.37,0.0,230,100510,卖盘
144,09:38:22,4.36,-0.01,404,176310,卖盘
145,09:38:25,4.38,0.02,51,22338,买盘
146,09:38:33,4.36,-0.02,50,21800,卖盘
147,09:38:36,4.36,0.0,30,13080,卖盘
148,09:38:43,4.37,0.01,20,8740,买盘
149,09:38:46,4.37,0.0,47,20539,买盘
150,09:38:48,4.36,-0.01,3,1308,卖盘
151,09:38:51,4.36,0.0,1,436,卖盘
152,09:38:55,4.36,0.0,5,2180,卖盘
153,09:38:57,4.36,0.0,110,48010,卖盘
154,09:39:00,4.36,0.0,5,2180,卖盘
155,09:39:03,4.36,0.0,208,90738,卖盘
156,09:39:07,4.36,0.0,51,22236,卖盘
157,09:39:09,4.36,0.0,61,26596,卖盘
158,09:39:16,4.37,0.01,10,4370,买盘
159,09:39:19,4.36,-0.01,17,7412,卖盘
160,09:39:21,4.36,0.0,52,22682,卖盘
161,09:39:28,4.37,0.01,1,437,买盘
162,09:39:33,4.36,-0.01,30,13080,卖盘
163,09:39:37,4.36,0.0,57,24852,卖盘
164,09:39:39,4.37,0.01,100,43700,买盘
165,09:39:42,4.36,-0.01,55,24030,卖盘
166,09:39:45,4.36,0.0,25,10900,卖盘
167,09:39:48,4.37,0.01,101,44137,买盘
168,09:39:55,4.36,-0.01,561,244596,卖盘
169,09:39:58,4.36,0.0,194,84584,卖盘
170,09:40:00,4.36,0.0,591,257709,卖盘
171,09:40:06,4.36,0.0,280,122080,卖盘
172,09:40:12,4.37,0.01,2,874,买盘
173,09:40:16,4.36,-0.01,64,27954,卖盘
174,09:40:19,4.36,0.0,17,7412,卖盘
175,09:40:22,4.36,0.0,320,139523,卖盘
176,09:40:25,4.37,0.01,100,43700,买盘
177,09:40:27,4.36,-0.01,11,4804,卖盘
178,09:40:31,4.37,0.01,81,35396,买盘
179,09:40:36,4.37,0.0,223,97385,买盘
180,09:40:40,4.37,0.0,207,90459,买盘
181,09:40:43,4.37,0.0,40,17480,买盘
182,09:40:46,4.37,0.0,210,91770,买盘
183,09:40:52,4.37,0.0,15,6555,卖盘
184,09:40:55,4.37,0.0,33,14421,卖盘
185,09:40:58,4.38,0.01,160,69930,买盘
186,09:41:00,4.37,-0.01,115,50349,卖盘
187,09:41:04,4.38,0.01,213,93294,买盘
188,09:41:06,4.38,0.0,25,10950,买盘
189,09:41:09,4.38,0.0,3,1314,买盘
190,09:41:13,4.38,0.0,2,876,买盘
191,09:41:16,4.38,0.0,436,190968,买盘
192,09:41:18,4.38,0.0,18,7873,买盘
193,09:41:21,4.38,0.0,161,70431,买盘
194,09:41:31,4.38,0.0,10,4380,买盘
195,09:41:33,4.38,0.0,30,13120,买盘
196,09:41:43,4.38,0.0,200,87600,买盘
197,09:41:45,4.37,-0.01,9,3933,卖盘
198,09:41:48,4.38,0.01,113,49582,买盘
199,09:41:51,4.38,0.0,9,3942,卖盘
200,09:41:58,4.38,0.0,10,4380,卖盘
201,09:42:01,4.37,-0.01,100,43738,卖盘
202,09:42:04,4.38,0.01,153,66870,中性盘
203,09:42:10,4.38,0.0,9,3942,卖盘
204,09:42:16,4.38,0.0,15,6570,卖盘
205,09:42:22,4.38,0.0,27,11826,卖盘
206,09:42:25,4.38,0.0,51,22338,卖盘
207,09:42:28,4.38,0.0,15,6570,卖盘
208,09:42:31,4.38,0.0,31,13589,卖盘
209,09:42:34,4.38,0.0,266,116538,卖盘
210,09:42:36,4.38,0.0,64,28032,卖盘
211,09:42:40,4.38,0.0,7,3066,卖盘
212,09:42:43,4.39,0.01,2,878,买盘
213,09:42:52,4.38,-0.01,100,43800,卖盘
214,09:42:55,4.38,0.0,23,10074,卖盘
215,09:42:58,4.38,0.0,126,55238,卖盘
216,09:43:01,4.38,0.0,406,177828,卖盘
217,09:43:04,4.38,0.0,68,29784,买盘
218,09:43:06,4.38,0.0,5,2190,买盘
219,09:43:09,4.38,0.0,615,269370,买盘
220,09:43:12,4.39,0.01,10,4390,买盘
221,09:43:15,4.39,0.0,1,439,买盘
222,09:43:19,4.38,-0.01,100,43800,卖盘
223,09:43:21,4.38,0.0,100,43800,卖盘
224,09:43:24,4.38,0.0,174,76212,卖盘
225,09:43:28,4.39,0.01,630,276440,买盘
226,09:43:31,4.39,0.0,25,10955,买盘
227,09:43:34,4.38,-0.01,60,26280,卖盘
228,09:43:40,4.38,0.0,22,9653,卖盘
229,09:43:43,4.39,0.01,495,217305,买盘
230,09:43:49,4.38,-0.01,15,6584,卖盘
231,09:43:51,4.38,0.0,31,13578,卖盘
232,09:43:54,4.38,0.0,18,7885,卖盘
233,09:43:58,4.38,0.0,17,7446,卖盘
234,09:44:04,4.39,0.01,1000,439000,买盘
235,09:44:06,4.39,0.0,48,21072,买盘
236,09:44:09,4.39,0.0,19,8341,买盘
237,09:44:13,4.39,0.0,29,12731,买盘
238,09:44:16,4.39,0.0,74,32486,买盘
239,09:44:18,4.38,-0.01,60,26334,卖盘
240,09:44:22,4.38,0.0,182,80007,卖盘
241,09:44:24,4.4,0.02,25,11000,买盘
242,09:44:27,4.4,0.0,140,61600,买盘
243,09:44:30,4.4,0.0,1,440,买盘
244,09:44:42,4.4,0.0,124,54560,买盘
245,09:44:45,4.4,0.0,75,32950,买盘
246,09:44:49,4.39,-0.01,18,7910,卖盘
247,09:44:52,4.4,0.01,49,21544,买盘
248,09:44:55,4.39,-0.01,8,3517,卖盘
249,09:44:57,4.4,0.01,500,220000,买盘
250,09:45:00,4.4,0.0,86,37840,买盘
251,09:45:04,4.4,0.0,656,288640,买盘
252,09:45:06,4.4,0.0,111,48840,买盘
253,09:45:10,4.4,0.0,276,121440,买盘
254,09:45:13,4.4,0.0,159,69960,买盘
255,09:45:16,4.4,0.0,342,150480,买盘
256,09:45:19,4.4,0.0,210,92400,卖盘
257,09:45:22,4.4,0.0,5,2200,卖盘
258,09:45:25,4.4,0.0,20,8800,卖盘
259,09:45:31,4.4,0.0,15,6600,卖盘
260,09:45:33,4.41,0.01,13,5733,买盘
261,09:45:36,4.4,-0.01,9,3960,卖盘
262,09:45:42,4.41,0.01,34,14994,买盘
263,09:45:46,4.4,-0.01,6,2640,卖盘
264,09:45:48,4.41,0.01,157,69237,买盘
265,09:45:54,4.41,0.0,44,19383,买盘
266,09:46:00,4.41,0.0,118,52038,卖盘
267,09:46:04,4.4,-0.01,52,22885,卖盘
268,09:46:06,4.4,0.0,50,22045,卖盘
269,09:46:10,4.41,0.01,19,8379,卖盘
270,09:46:12,4.41,0.0,86,37926,卖盘
271,09:46:15,4.42,0.01,10,4420,买盘
272,09:46:19,4.41,-0.01,219,96669,卖盘
273,09:46:22,4.41,0.0,22,9702,卖盘
274,09:46:25,4.41,0.0,30,13230,卖盘
275,09:46:28,4.41,0.0,11,4852,卖盘
276,09:46:33,4.41,0.0,31,13685,卖盘
277,09:46:37,4.42,0.01,10,4420,买盘
278,09:46:45,4.41,-0.01,81,35762,卖盘
279,09:46:49,4.42,0.01,16,7072,买盘
280,09:46:52,4.41,-0.01,35,15435,卖盘
281,09:46:58,4.41,0.0,20,8820,卖盘
282,09:47:04,4.41,0.0,133,58685,卖盘
283,09:47:06,4.41,0.0,261,115101,卖盘
284,09:47:16,4.4,-0.01,160,70530,卖盘
285,09:47:19,4.4,0.0,14,6160,卖盘
286,09:47:22,4.41,0.01,334,147290,买盘
287,09:47:28,4.41,0.0,18,7938,卖盘
288,09:47:31,4.41,0.0,140,61740,卖盘
289,09:47:34,4.41,0.0,70,30870,卖盘
290,09:47:36,4.42,0.01,1,442,买盘
291,09:47:39,4.41,-0.01,103,45423,卖盘
292,09:47:42,4.41,0.0,124,54684,卖盘
293,09:47:46,4.41,0.0,229,100989,卖盘
294,09:47:49,4.41,0.0,10,4410,买盘
295,09:47:52,4.41,0.0,287,126567,买盘
296,09:47:54,4.41,0.0,96,42371,卖盘
297,09:47:58,4.41,0.0,175,77175,卖盘
298,09:48:04,4.41,0.0,18,7938,卖盘
299,09:48:07,4.41,0.0,70,30870,卖盘
300,09:48:12,4.41,0.0,30,13230,卖盘
301,09:48:19,4.42,0.01,16,7067,买盘
302,09:48:21,4.41,-0.01,48,21201,卖盘
303,09:48:24,4.41,0.0,4,1764,卖盘
304,09:48:28,4.41,0.0,510,224910,卖盘
305,09:48:31,4.41,0.0,110,48610,卖盘
306,09:48:34,4.41,0.0,10,4410,卖盘
307,09:48:40,4.41,0.0,33,14553,卖盘
308,09:48:49,4.42,0.01,36,15908,买盘
309,09:48:52,4.41,-0.01,10,4410,卖盘
310,09:49:01,4.41,0.0,300,132300,卖盘
311,09:49:04,4.41,0.0,5,2205,卖盘
312,09:49:13,4.41,0.0,28,12348,卖盘
313,09:49:18,4.41,0.0,10,4410,卖盘
314,09:49:22,4.41,0.0,132,58212,卖盘
315,09:49:31,4.41,0.0,15,6615,买盘
316,09:49:34,4.4,-0.01,150,66147,卖盘
317,09:49:40,4.41,0.01,10,4410,买盘
318,09:49:51,4.4,-0.01,16,7040,卖盘
319,09:49:55,4.41,0.01,133,58644,买盘
320,09:49:57,4.41,0.0,26,11466,卖盘
321,09:50:01,4.4,-0.01,7,3080,卖盘
322,09:50:04,4.41,0.01,11,4841,买盘
323,09:50:07,4.4,-0.01,29,12760,卖盘
324,09:50:10,4.41,0.01,37,16317,买盘
325,09:50:12,4.4,-0.01,60,26400,卖盘
326,09:50:18,4.4,0.0,210,92410,卖盘
327,09:50:21,4.4,0.0,18,7920,卖盘
328,09:50:25,4.4,0.0,6,2640,卖盘
329,09:50:28,4.4,0.0,61,26840,卖盘
330,09:50:42,4.4,0.0,104,45760,卖盘
331,09:50:52,4.4,0.0,23,10120,卖盘
332,09:50:55,4.41,0.01,20,8820,买盘
333,09:50:58,4.4,-0.01,430,189200,卖盘
334,09:51:00,4.4,0.0,111,48840,卖盘
335,09:51:04,4.4,0.0,140,61600,卖盘
336,09:51:09,4.4,0.0,32,14080,卖盘
337,09:51:12,4.4,0.0,25,11000,卖盘
338,09:51:16,4.4,0.0,56,24640,卖盘
339,09:51:22,4.4,0.0,42,18480,卖盘
340,09:51:27,4.4,0.0,78,34320,卖盘
341,09:51:31,4.4,0.0,29,12760,买盘
342,09:51:34,4.4,0.0,20,8794,买盘
343,09:51:48,4.4,0.0,10,4400,买盘
344,09:51:51,4.4,0.0,20,8791,买盘
345,09:51:54,4.4,0.0,126,55401,买盘
346,09:52:01,4.4,0.0,9,3960,买盘
347,09:52:04,4.4,0.0,81,35640,买盘
348,09:52:07,4.4,0.0,70,30785,买盘
349,09:52:10,4.4,0.0,6,2640,买盘
350,09:52:13,4.4,0.0,57,25080,买盘
351,09:52:19,4.4,0.0,22,9680,买盘
352,09:52:22,4.39,-0.01,535,235365,卖盘
353,09:52:25,4.39,0.0,12,5277,卖盘
354,09:52:37,4.4,0.01,59,25960,买盘
355,09:52:49,4.4,0.0,15,6590,买盘
356,09:52:52,4.39,-0.01,7,3073,卖盘
357,09:52:55,4.4,0.01,10,4400,买盘
358,09:52:58,4.4,0.0,65,28550,买盘
359,09:53:06,4.39,-0.01,50,21950,卖盘
360,09:53:13,4.39,0.0,20,8780,卖盘
361,09:53:15,4.39,0.0,5,2195,卖盘
362,09:53:21,4.39,0.0,4,1756,卖盘
363,09:53:25,4.39,0.0,35,15365,卖盘
364,09:53:28,4.39,0.0,11,4829,卖盘
365,09:53:34,4.39,0.0,41,17999,卖盘
366,09:53:39,4.4,0.01,6,2635,买盘
367,09:53:42,4.39,-0.01,37,16243,卖盘
368,09:53:52,4.39,0.0,39,17121,卖盘
369,09:53:55,4.39,0.0,2,878,卖盘
370,09:53:58,4.39,0.0,281,123359,卖盘
371,09:54:01,4.39,0.0,37,16243,卖盘
372,09:54:07,4.39,0.0,20,8780,卖盘
373,09:54:16,4.39,0.0,1611,707229,卖盘
374,09:54:18,4.39,0.0,9,3951,卖盘
375,09:54:25,4.38,-0.01,11,4818,卖盘
376,09:54:36,4.39,0.01,20,8780,买盘
377,09:54:43,4.38,-0.01,110,48180,卖盘
378,09:54:49,4.38,0.0,27,11826,卖盘
379,09:54:52,4.38,0.0,4,1752,卖盘
380,09:54:55,4.39,0.01,110,48280,买盘
381,09:55:00,4.38,-0.01,1,438,卖盘
382,09:55:04,4.39,0.01,5,2195,买盘
383,09:55:06,4.39,0.0,7,3073,买盘
384,09:55:09,4.39,0.0,50,21950,买盘
385,09:55:24,4.38,-0.01,37,16206,卖盘
386,09:55:28,4.39,0.01,658,288216,买盘
387,09:55:34,4.39,0.0,1,439,买盘
388,09:55:39,4.38,-0.01,5,2190,卖盘
389,09:55:49,4.39,0.01,200,87800,买盘
390,09:55:51,4.38,-0.01,139,60882,卖盘
391,09:55:55,4.38,0.0,15,6570,卖盘
392,09:56:04,4.38,0.0,70,30710,卖盘
393,09:56:06,4.39,0.01,11,4829,买盘
394,09:56:09,4.38,-0.01,6,2628,卖盘
395,09:56:16,4.38,0.0,77,33726,卖盘
396,09:56:19,4.39,0.01,21,9209,买盘
397,09:56:22,4.38,-0.01,15,6570,卖盘
398,09:56:27,4.39,0.01,131,57509,买盘
399,09:56:51,4.39,0.0,61,26800,卖盘
400,09:57:06,4.39,0.0,50,21950,卖盘
401,09:57:10,4.4,0.01,20,8796,买盘
402,09:57:15,4.4,0.0,9,3960,买盘
403,09:57:18,4.39,-0.01,15,6585,卖盘
404,09:57:25,4.4,0.01,500,220000,买盘
405,09:57:33,4.4,0.0,143,62920,买盘
406,09:57:36,4.39,-0.01,3,1317,卖盘
407,09:57:39,4.4,0.01,96,42240,买盘
408,09:57:46,4.4,0.0,119,52355,买盘
409,09:57:52,4.4,0.0,700,308000,买盘
410,09:57:55,4.4,0.0,17,7480,买盘
411,09:57:57,4.4,0.0,37,16280,买盘
412,09:58:01,4.4,0.0,10,4400,卖盘
413,09:58:16,4.41,0.01,33,14552,买盘
414,09:58:22,4.4,-0.01,403,177320,卖盘
415,09:58:25,4.4,0.0,42,18480,买盘
416,09:58:40,4.4,0.0,50,22000,买盘
417,09:58:46,4.4,0.0,97,42680,买盘
418,09:58:51,4.4,0.0,1,440,买盘
419,09:58:55,4.4,0.0,10,4400,买盘
420,09:59:04,4.39,-0.01,28,12292,卖盘
421,09:59:07,4.4,0.01,10,4400,买盘
422,09:59:13,4.4,0.0,41,18040,买盘
423,09:59:24,4.4,0.0,66,29040,买盘
424,09:59:39,4.4,0.0,30,13200,买盘
425,09:59:42,4.39,-0.01,1,439,卖盘
426,09:59:49,4.4,0.01,220,96800,买盘
427,09:59:52,4.4,0.0,1,440,买盘
428,09:59:57,4.4,0.0,27,11880,买盘
429,10:00:01,4.4,0.0,10,4400,买盘
430,10:00:04,4.4,0.0,22,9680,买盘
431,10:00:06,4.4,0.0,11,4840,买盘
432,10:00:15,4.4,0.0,120,52800,买盘
433,10:00:19,4.4,0.0,56,24640,买盘
434,10:00:22,4.4,0.0,55,24200,买盘
435,10:00:25,4.4,0.0,105,46200,买盘
436,10:00:30,4.4,0.0,17,7480,买盘
437,10:00:33,4.4,0.0,12,5280,买盘
438,10:00:37,4.39,-0.01,45,19765,卖盘
439,10:00:40,4.4,0.01,12,5280,买盘
440,10:00:46,4.4,0.0,57,25080,卖盘
441,10:00:48,4.4,0.0,41,18040,卖盘
442,10:00:54,4.4,0.0,518,227744,卖盘
443,10:00:57,4.4,0.0,34,15136,卖盘
444,10:01:00,4.4,0.0,30,13024,买盘
445,10:01:16,4.4,0.0,7,3080,买盘
446,10:01:24,4.4,0.0,126,55440,买盘
447,10:01:45,4.39,-0.01,50,21950,卖盘
448,10:01:55,4.39,0.0,60,26370,卖盘
449,10:01:58,4.39,0.0,20,8780,卖盘
450,10:02:15,4.39,0.0,386,169454,卖盘
451,10:02:30,4.39,0.0,82,35910,卖盘
452,10:02:49,4.39,0.0,2,878,卖盘
453,10:03:00,4.39,0.0,496,218123,卖盘
454,10:03:04,4.4,0.01,200,88000,买盘
455,10:03:09,4.39,-0.01,20,8780,卖盘
456,10:03:40,4.39,0.0,10,4390,卖盘
457,10:03:43,4.4,0.01,2,880,买盘
458,10:03:57,4.4,0.0,32,14080,买盘
459,10:04:04,4.4,0.0,19,8360,买盘
460,10:04:07,4.4,0.0,132,58199,买盘
461,10:04:16,4.41,0.01,2,882,买盘
462,10:04:49,4.4,-0.01,10,4400,卖盘
463,10:05:01,4.4,0.0,100,44000,卖盘
464,10:05:07,4.4,0.0,66,29042,卖盘
465,10:05:10,4.41,0.01,78,34351,买盘
466,10:05:15,4.4,-0.01,47,20680,卖盘
467,10:05:18,4.41,0.01,1299,572771,买盘
468,10:05:22,4.41,0.0,78,34398,卖盘
469,10:05:24,4.41,0.0,6,2646,卖盘
470,10:05:34,4.42,0.01,31,13702,买盘
471,10:05:37,4.41,-0.01,41,18081,卖盘
472,10:05:46,4.42,0.01,51,22542,买盘
473,10:05:48,4.41,-0.01,2,882,卖盘
474,10:05:51,4.42,0.01,219,96798,买盘
475,10:05:55,4.42,0.0,10,4420,买盘
476,10:06:01,4.42,0.0,168,74256,买盘
477,10:06:04,4.42,0.0,21,9282,买盘
478,10:06:10,4.42,0.0,2,884,买盘
479,10:06:13,4.41,-0.01,39,17210,卖盘
480,10:06:15,4.42,0.01,60,26520,买盘
481,10:06:18,4.42,0.0,36,15912,买盘
482,10:06:21,4.41,-0.01,20,8820,卖盘
483,10:06:31,4.41,0.0,1,441,卖盘
484,10:06:37,4.42,0.01,100,44200,买盘
485,10:06:45,4.41,-0.01,42,18544,卖盘
486,10:06:52,4.41,0.0,27,11907,卖盘
487,10:06:58,4.42,0.01,120,53040,买盘
488,10:07:09,4.42,0.0,5,2210,买盘
489,10:07:13,4.42,0.0,55,24310,买盘
490,10:07:16,4.42,0.0,30,13260,买盘
491,10:07:21,4.42,0.0,155,68510,买盘
492,10:07:24,4.42,0.0,45,19890,买盘
493,10:07:27,4.42,0.0,56,24752,买盘
494,10:07:31,4.42,0.0,22,9724,买盘
495,10:07:33,4.42,0.0,24,10608,买盘
496,10:07:36,4.42,0.0,1,442,买盘
497,10:07:43,4.42,0.0,55,24310,买盘
498,10:07:46,4.41,-0.01,104,45864,卖盘
499,10:07:49,4.42,0.01,61,26962,买盘
500,10:07:54,4.42,0.0,10,4420,买盘
501,10:07:58,4.42,0.0,113,49946,买盘
502,10:08:01,4.41,-0.01,3,1323,卖盘
503,10:08:24,4.41,0.0,77,33957,卖盘
504,10:08:31,4.41,0.0,444,195628,卖盘
505,10:08:37,4.41,0.0,40,17640,卖盘
506,10:08:42,4.41,0.0,788,347508,卖盘
507,10:08:48,4.41,0.0,247,109192,卖盘
508,10:08:55,4.41,0.0,22,9702,买盘
509,10:09:06,4.41,0.0,2,882,买盘
510,10:09:49,4.41,0.0,43,18962,买盘
511,10:09:55,4.4,-0.01,20,8800,卖盘
512,10:10:00,4.4,0.0,1,440,卖盘
513,10:10:04,4.4,0.0,82,36080,卖盘
514,10:10:09,4.41,0.01,42,18522,买盘
515,10:10:28,4.4,-0.01,9,3960,卖盘
516,10:10:40,4.4,0.0,35,15400,卖盘
517,10:10:58,4.4,0.0,2,880,卖盘
518,10:11:04,4.4,0.0,150,66000,卖盘
519,10:11:19,4.4,0.0,100,44000,卖盘
520,10:11:25,4.4,0.0,39,17160,卖盘
521,10:11:34,4.4,0.0,212,93280,卖盘
522,10:11:37,4.4,0.0,7,3080,卖盘
523,10:11:40,4.4,0.0,100,44000,卖盘
524,10:11:42,4.4,0.0,39,17160,卖盘
525,10:11:48,4.4,0.0,170,74800,卖盘
526,10:11:55,4.41,0.01,2,882,买盘
527,10:12:01,4.4,-0.01,25,11000,卖盘
528,10:12:07,4.4,0.0,78,34320,卖盘
529,10:12:16,4.39,-0.01,164,72073,卖盘
530,10:12:19,4.4,0.01,50,22000,卖盘
531,10:12:22,4.4,0.0,70,30800,卖盘
532,10:12:25,4.41,0.01,33,14527,买盘
533,10:12:28,4.4,-0.01,10,4400,卖盘
534,10:12:31,4.4,0.0,243,106920,卖盘
535,10:12:37,4.4,0.0,15,6600,卖盘
536,10:12:49,4.41,0.01,11,4851,买盘
537,10:13:18,4.4,-0.01,29,12760,卖盘
538,10:13:28,4.4,0.0,74,32560,卖盘
539,10:13:36,4.4,0.0,12,5280,卖盘
540,10:13:45,4.4,0.0,30,13200,买盘
541,10:14:09,4.4,0.0,9,3960,买盘
542,10:14:15,4.4,0.0,5,2200,买盘
543,10:14:24,4.39,-0.01,55,24145,卖盘
544,10:14:43,4.4,0.01,5,2200,买盘
545,10:15:19,4.39,-0.01,11,4829,卖盘
546,10:15:22,4.39,0.0,13,5707,卖盘
547,10:15:33,4.39,0.0,35,15365,卖盘
548,10:15:39,4.39,0.0,8,3512,卖盘
549,10:15:46,4.39,0.0,365,160435,卖盘
550,10:15:52,4.39,0.0,17,7463,卖盘
551,10:15:57,4.39,0.0,79,34681,卖盘
552,10:16:00,4.39,0.0,42,18438,卖盘
553,10:16:04,4.39,0.0,10,4390,卖盘
554,10:16:09,4.4,0.01,30,13199,买盘
555,10:16:12,4.39,-0.01,17,7463,卖盘
556,10:16:19,4.39,0.0,6,2634,卖盘
557,10:16:22,4.39,0.0,989,434171,卖盘
558,10:16:31,4.4,0.01,78,34221,买盘
559,10:16:39,4.38,-0.02,1,438,卖盘
560,10:16:46,4.39,0.01,228,100092,买盘
561,10:17:00,4.39,0.0,3,1317,买盘
562,10:17:10,4.38,-0.01,5,2190,卖盘
563,10:17:12,4.39,0.01,32,14048,买盘
564,10:17:16,4.39,0.0,103,45217,买盘
565,10:17:19,4.39,0.0,23,10097,买盘
566,10:17:31,4.38,-0.01,13,5694,卖盘
567,10:17:33,4.39,0.01,2,878,买盘
568,10:17:43,4.39,0.0,908,398612,买盘
569,10:17:45,4.39,0.0,135,59265,买盘
570,10:17:51,4.39,0.0,100,43900,卖盘
571,10:18:01,4.39,0.0,40,17560,卖盘
572,10:18:04,4.39,0.0,60,26340,卖盘
573,10:18:13,4.39,0.0,10,4390,买盘
574,10:18:18,4.39,0.0,15,6585,买盘
575,10:18:27,4.39,0.0,287,125993,买盘
576,10:18:30,4.38,-0.01,4,1752,卖盘
577,10:18:40,4.39,0.01,27,11853,买盘
578,10:18:48,4.39,0.0,30,13170,卖盘
579,10:19:01,4.39,0.0,5,2195,买盘
580,10:19:19,4.39,0.0,8,3512,中性盘
581,10:19:21,4.38,-0.01,1045,458710,卖盘
582,10:19:24,4.39,0.01,20,8780,买盘
583,10:19:33,4.4,0.01,1,440,买盘
584,10:19:46,4.39,-0.01,47,20633,卖盘
585,10:20:01,4.39,0.0,99,43511,卖盘
586,10:20:04,4.39,0.0,52,22828,卖盘
587,10:20:33,4.4,0.01,2,880,买盘
588,10:20:36,4.4,0.0,32,14080,买盘
589,10:21:04,4.39,-0.01,4,1756,卖盘
590,10:21:06,4.4,0.01,976,429440,买盘
591,10:21:10,4.4,0.0,3,1320,买盘
592,10:21:13,4.39,-0.01,9,3959,卖盘
593,10:21:19,4.4,0.01,91,40040,买盘
594,10:21:22,4.4,0.0,67,29480,买盘
595,10:21:25,4.4,0.0,16,7071,买盘
596,10:21:31,4.4,0.0,20,8800,卖盘
597,10:21:37,4.4,0.0,68,29920,卖盘
598,10:22:00,4.4,0.0,100,44000,卖盘
599,10:22:15,4.4,0.0,75,33000,卖盘
600,10:22:46,4.41,0.01,37,16317,买盘
601,10:23:07,4.4,-0.01,20,8800,卖盘
602,10:23:18,4.41,0.01,68,29988,买盘
603,10:23:34,4.4,-0.01,190,83630,卖盘
604,10:23:39,4.4,0.0,61,26840,卖盘
605,10:23:55,4.4,0.0,32,14080,卖盘
606,10:23:58,4.4,0.0,5,2200,卖盘
607,10:24:09,4.4,0.0,25,11000,卖盘
608,10:24:25,4.41,0.01,5,2205,买盘
609,10:24:37,4.41,0.0,38,16758,买盘
610,10:24:40,4.4,-0.01,69,30360,卖盘
611,10:24:45,4.41,0.01,20,8820,买盘
612,10:24:48,4.41,0.0,39,17199,买盘
613,10:24:52,4.41,0.0,50,22050,买盘
614,10:24:55,4.4,-0.01,160,70400,卖盘
615,10:24:58,4.4,0.0,50,22000,卖盘
616,10:25:04,4.41,0.01,21,9261,买盘
617,10:25:09,4.4,-0.01,90,39600,卖盘
618,10:25:25,4.4,0.0,50,22000,卖盘
619,10:25:39,4.4,0.0,1,440,卖盘
620,10:25:48,4.4,0.0,31,13650,卖盘
621,10:26:24,4.4,0.0,450,198000,卖盘
622,10:26:31,4.4,0.0,9,3960,卖盘
623,10:26:51,4.4,0.0,75,33070,卖盘
624,10:27:09,4.4,0.0,9,3960,卖盘
625,10:27:16,4.41,0.01,929,409689,买盘
626,10:27:24,4.41,0.0,7,3087,卖盘
627,10:27:36,4.41,0.0,50,22050,卖盘
628,10:27:43,4.41,0.0,30,13230,卖盘
629,10:27:49,4.42,0.01,2,884,买盘
630,10:27:54,4.42,0.0,4,1768,买盘
631,10:28:00,4.42,0.0,40,17670,买盘
632,10:28:06,4.41,-0.01,49,21609,卖盘
633,10:28:12,4.41,0.0,259,114219,卖盘
634,10:28:16,4.41,0.0,1,441,卖盘
635,10:28:28,4.41,0.0,39,17199,卖盘
636,10:28:36,4.41,0.0,175,77175,卖盘
637,10:28:49,4.41,0.0,6,2646,卖盘
638,10:28:52,4.41,0.0,123,54243,卖盘
639,10:28:55,4.41,0.0,1,441,买盘
640,10:28:58,4.41,0.0,26,11466,买盘
641,10:29:04,4.41,0.0,147,64727,买盘
642,10:29:22,4.41,0.0,19,8379,买盘
643,10:29:40,4.41,0.0,30,13230,买盘
644,10:30:09,4.41,0.0,1,441,买盘
645,10:30:12,4.41,0.0,2,882,买盘
646,10:30:16,4.41,0.0,1,441,买盘
647,10:30:19,4.41,0.0,1,441,买盘
648,10:30:22,4.41,0.0,1,441,买盘
649,10:30:25,4.41,0.0,1,441,买盘
650,10:30:28,4.41,0.0,21,9261,买盘
651,10:30:31,4.41,0.0,6,2646,卖盘
652,10:30:33,4.41,0.0,25,11025,卖盘
653,10:30:36,4.41,0.0,66,29106,买盘
654,10:30:40,4.41,0.0,29,12789,买盘
655,10:30:42,4.41,0.0,4,1764,买盘
656,10:30:49,4.41,0.0,1,441,买盘
657,10:30:51,4.41,0.0,1,441,买盘
658,10:30:55,4.4,-0.01,2,881,卖盘
659,10:31:04,4.41,0.01,1,441,买盘
660,10:31:15,4.41,0.0,205,90405,买盘
661,10:31:39,4.42,0.01,30,13260,买盘
662,10:31:42,4.41,-0.01,2,882,卖盘
663,10:31:45,4.42,0.01,5,2210,买盘
664,10:32:01,4.41,-0.01,5,2205,卖盘
665,10:32:16,4.42,0.01,100,44200,买盘
666,10:32:55,4.41,-0.01,7,3093,卖盘
667,10:33:01,4.42,0.01,500,221000,买盘
668,10:33:04,4.42,0.0,24,10608,买盘
669,10:33:07,4.42,0.0,19,8398,买盘
670,10:33:16,4.42,0.0,446,197132,买盘
671,10:33:19,4.42,0.0,70,30940,买盘
672,10:33:21,4.42,0.0,90,39780,买盘
673,10:33:24,4.42,0.0,185,81416,买盘
674,10:33:27,4.42,0.0,8,3536,卖盘
675,10:33:37,4.43,0.01,183,81069,买盘
676,10:33:43,4.43,0.0,130,57590,买盘
677,10:33:48,4.43,0.0,20,8860,买盘
678,10:33:52,4.43,0.0,202,89486,买盘
679,10:33:54,4.42,-0.01,258,114283,卖盘
680,10:33:57,4.43,0.01,1,443,买盘
681,10:34:04,4.43,0.0,14,6202,买盘
682,10:34:13,4.42,-0.01,44,19450,卖盘
683,10:34:19,4.43,0.01,200,88600,买盘
684,10:34:22,4.43,0.0,117,51831,买盘
685,10:34:25,4.43,0.0,129,57147,买盘
686,10:34:28,4.43,0.0,2,886,卖盘
687,10:34:39,4.43,0.0,40,17720,卖盘
688,10:34:45,4.43,0.0,6,2658,卖盘
689,10:34:58,4.43,0.0,10,4430,卖盘
690,10:35:01,4.43,0.0,200,88600,卖盘
691,10:35:09,4.44,0.01,10,4440,买盘
692,10:35:19,4.44,0.0,39,17306,买盘
693,10:35:28,4.43,-0.01,20,8860,卖盘
694,10:35:31,4.44,0.01,92,40848,买盘
695,10:35:36,4.44,0.0,23,10212,买盘
696,10:35:39,4.44,0.0,119,52836,买盘
697,10:35:43,4.43,-0.01,156,69108,卖盘
698,10:35:46,4.43,0.0,107,47401,卖盘
699,10:35:49,4.43,0.0,114,50502,卖盘
700,10:35:58,4.43,0.0,154,68216,买盘
701,10:36:06,4.43,0.0,10,4430,买盘
702,10:36:15,4.43,0.0,226,100118,买盘
703,10:36:37,4.43,0.0,52,23036,买盘
704,10:36:49,4.43,0.0,50,22150,买盘
705,10:37:09,4.43,0.0,50,22150,买盘
706,10:37:15,4.43,0.0,79,34997,买盘
707,10:37:22,4.42,-0.01,1,442,卖盘
708,10:37:31,4.42,0.0,13,5746,卖盘
709,10:37:42,4.42,0.0,72,31824,卖盘
710,10:37:51,4.42,0.0,500,221000,卖盘
711,10:37:57,4.42,0.0,100,44200,卖盘
712,10:38:04,4.42,0.0,30,13260,卖盘
713,10:38:15,4.42,0.0,438,193950,卖盘
714,10:38:18,4.42,0.0,5,2210,买盘
715,10:38:28,4.42,0.0,2,884,买盘
716,10:38:37,4.41,-0.01,7,3087,卖盘
717,10:39:01,4.41,0.0,3,1323,卖盘
718,10:40:12,4.42,0.01,114,50388,买盘
719,10:40:18,4.42,0.0,58,25636,买盘
720,10:40:25,4.42,0.0,60,26166,买盘
721,10:40:40,4.42,0.0,40,18034,卖盘
722,10:40:54,4.42,0.0,250,110500,买盘
723,10:41:04,4.42,0.0,61,26608,买盘
724,10:41:07,4.42,0.0,39,17592,卖盘
725,10:41:42,4.41,-0.01,116,51186,卖盘
726,10:41:51,4.41,0.0,25,11025,卖盘
727,10:41:58,4.41,0.0,21,9085,卖盘
728,10:42:04,4.41,0.0,57,25137,卖盘
729,10:42:06,4.41,0.0,36,15876,卖盘
730,10:42:13,4.42,0.01,95,41990,买盘
731,10:42:16,4.41,-0.01,193,85113,卖盘
732,10:42:18,4.42,0.01,10,4420,买盘
733,10:42:45,4.41,-0.01,59,26019,卖盘
734,10:42:51,4.41,0.0,35,15435,卖盘
735,10:43:07,4.41,0.0,131,57845,卖盘
736,10:43:12,4.41,0.0,1,441,卖盘
737,10:43:15,4.41,0.0,20,8820,卖盘
738,10:43:21,4.41,0.0,50,22050,卖盘
739,10:43:28,4.41,0.0,51,22491,卖盘
740,10:43:30,4.41,0.0,87,38367,卖盘
741,10:43:33,4.41,0.0,100,44100,卖盘
742,10:43:49,4.42,0.01,120,52988,买盘
743,10:44:28,4.41,-0.01,51,22491,卖盘
744,10:44:31,4.41,0.0,334,147470,卖盘
745,10:44:43,4.41,0.0,10,4410,买盘
746,10:45:21,4.42,0.01,45,19890,买盘
747,10:45:24,4.41,-0.01,32,14112,卖盘
748,10:45:37,4.41,0.0,56,24702,卖盘
749,10:45:55,4.41,0.0,60,26460,卖盘
750,10:46:13,4.41,0.0,100,44100,卖盘
751,10:46:16,4.41,0.0,8,3440,卖盘
752,10:46:49,4.41,0.0,30,13230,卖盘
753,10:47:06,4.41,0.0,70,30870,卖盘
754,10:47:19,4.41,0.0,12,5292,卖盘
755,10:47:24,4.41,0.0,20,8820,卖盘
756,10:47:31,4.41,0.0,50,22050,卖盘
757,10:47:34,4.41,0.0,20,8820,卖盘
758,10:47:52,4.41,0.0,7,3087,卖盘
759,10:48:34,4.42,0.01,99,43758,买盘
760,10:48:37,4.41,-0.01,44,19404,卖盘
761,10:48:42,4.41,0.0,167,73647,卖盘
762,10:48:51,4.41,0.0,30,13230,卖盘
763,10:49:34,4.42,0.01,32,14144,买盘
764,10:49:42,4.42,0.0,3,1326,买盘
765,10:50:04,4.42,0.0,18,7956,买盘
766,10:50:21,4.42,0.0,18,7956,买盘
767,10:50:30,4.42,0.0,24,10608,买盘
768,10:50:39,4.42,0.0,31,13702,买盘
769,10:50:49,4.42,0.0,31,13702,买盘
770,10:50:52,4.42,0.0,99,43758,买盘
771,10:51:13,4.42,0.0,1,442,买盘
772,10:51:21,4.41,-0.01,88,38808,卖盘
773,10:51:36,4.41,0.0,2,882,卖盘
774,10:51:49,4.41,0.0,64,28224,卖盘
775,10:51:58,4.41,0.0,22,9614,卖盘
776,10:52:18,4.41,0.0,5,2205,卖盘
777,10:52:36,4.42,0.01,1141,504410,买盘
778,10:53:06,4.43,0.01,97,42971,买盘
779,10:54:01,4.42,-0.01,11,4862,卖盘
780,10:54:06,4.43,0.01,73,32339,买盘
781,10:54:12,4.43,0.0,110,48730,买盘
782,10:54:16,4.43,0.0,28,12404,买盘
783,10:54:27,4.43,0.0,10,4430,卖盘
784,10:54:34,4.44,0.01,40,17750,买盘
785,10:54:37,4.43,-0.01,137,60691,卖盘
786,10:54:40,4.43,0.0,6,2658,买盘
787,10:54:43,4.43,0.0,7,3101,买盘
788,10:54:54,4.44,0.01,79,35076,买盘
789,10:55:04,4.44,0.0,24,10656,买盘
790,10:55:09,4.44,0.0,48,21312,买盘
791,10:55:12,4.44,0.0,20,8880,买盘
792,10:55:19,4.44,0.0,20,8880,买盘
793,10:55:36,4.44,0.0,18,7992,买盘
794,10:56:01,4.44,0.0,3,1332,买盘
795,10:56:13,4.43,-0.01,300,132900,卖盘
796,10:56:16,4.44,0.01,1,444,买盘
797,10:56:21,4.43,-0.01,10,4430,卖盘
798,10:56:33,4.43,0.0,30,13290,卖盘
799,10:56:37,4.43,0.0,5,2215,卖盘
800,10:56:55,4.43,0.0,25,11075,卖盘
801,10:57:01,4.44,0.01,10,4440,买盘
802,10:57:04,4.44,0.0,5,2220,买盘
803,10:57:10,4.43,-0.01,100,44300,卖盘
804,10:57:19,4.44,0.01,26,11544,买盘
805,10:57:25,4.43,-0.01,10,4430,卖盘
806,10:57:28,4.44,0.01,1,444,买盘
807,10:57:57,4.43,-0.01,15,6645,卖盘
808,10:58:04,4.44,0.01,100,44400,买盘
809,10:58:10,4.43,-0.01,10,4430,卖盘
810,10:58:13,4.44,0.01,7,3108,买盘
811,10:58:18,4.43,-0.01,10,4430,卖盘
812,10:58:21,4.43,0.0,4,1772,卖盘
813,10:58:30,4.43,0.0,361,159923,卖盘
814,10:58:36,4.43,0.0,23,10189,买盘
815,10:58:43,4.43,0.0,16,7088,买盘
816,10:58:51,4.43,0.0,23,10189,买盘
817,10:59:13,4.43,0.0,74,32782,买盘
818,10:59:21,4.43,0.0,707,313201,买盘
819,10:59:31,4.43,0.0,1,443,买盘
820,10:59:33,4.43,0.0,15,6645,买盘
821,10:59:36,4.43,0.0,74,32782,买盘
822,10:59:45,4.43,0.0,244,107915,买盘
823,11:00:00,4.44,0.01,2519,1118336,买盘
824,11:00:04,4.44,0.0,50,22200,卖盘
825,11:00:22,4.45,0.01,100,44500,买盘
826,11:00:24,4.44,-0.01,51,22649,卖盘
827,11:00:27,4.45,0.01,1208,537560,买盘
828,11:00:36,4.45,0.0,124,55180,买盘
829,11:00:40,4.45,0.0,68,30260,买盘
830,11:00:43,4.46,0.01,2381,1061188,买盘
831,11:00:45,4.46,0.0,74,32954,买盘
832,11:00:48,4.46,0.0,11,4906,买盘
833,11:00:51,4.46,0.0,120,53520,买盘
834,11:00:54,4.46,0.0,14,6244,买盘
835,11:00:57,4.46,0.0,291,129786,买盘
836,11:01:00,4.46,0.0,44,19624,买盘
837,11:01:03,4.46,0.0,68,30266,买盘
838,11:01:10,4.47,0.01,80,35760,买盘
839,11:01:13,4.47,0.0,50,22350,买盘
840,11:01:15,4.47,0.0,297,132759,买盘
841,11:01:18,4.47,0.0,95,42465,买盘
842,11:01:21,4.47,0.0,8,3576,卖盘
843,11:01:24,4.47,0.0,65,29055,卖盘
844,11:01:28,4.48,0.01,38,16999,买盘
845,11:01:31,4.47,-0.01,112,50098,卖盘
846,11:01:34,4.47,0.0,53,23741,卖盘
847,11:01:40,4.47,0.0,71,31778,卖盘
848,11:01:42,4.48,0.01,70,31300,买盘
849,11:01:46,4.48,0.0,194,86809,买盘
850,11:01:48,4.48,0.0,260,116473,买盘
851,11:01:52,4.48,0.0,153,68544,买盘
852,11:01:54,4.48,0.0,108,48354,买盘
853,11:01:58,4.47,-0.01,132,59106,卖盘
854,11:02:01,4.47,0.0,10,4470,卖盘
855,11:02:04,4.47,0.0,1,447,卖盘
856,11:02:07,4.47,0.0,64,28658,卖盘
857,11:02:10,4.47,0.0,287,128476,卖盘
858,11:02:13,4.47,0.0,10,4470,卖盘
859,11:02:16,4.47,0.0,21,9388,卖盘
860,11:02:21,4.47,0.0,110,49170,卖盘
861,11:02:24,4.48,0.01,858,384384,买盘
862,11:02:27,4.47,-0.01,254,113539,卖盘
863,11:02:30,4.47,0.0,76,34031,卖盘
864,11:02:33,4.47,0.0,54,24188,卖盘
865,11:02:37,4.47,0.0,119,53193,卖盘
866,11:02:40,4.47,0.0,67,29979,卖盘
867,11:02:43,4.48,0.01,110,49180,买盘
868,11:02:46,4.47,-0.01,42,18804,卖盘
869,11:02:51,4.47,0.0,192,85824,卖盘
870,11:02:54,4.47,0.0,228,102110,买盘
871,11:02:57,4.47,0.0,116,51852,买盘
872,11:03:00,4.47,0.0,69,30843,买盘
873,11:03:04,4.47,0.0,60,26820,卖盘
874,11:03:06,4.47,0.0,58,25926,卖盘
875,11:03:10,4.47,0.0,7,3129,卖盘
876,11:03:13,4.47,0.0,92,41125,卖盘
877,11:03:16,4.47,0.0,50,22350,卖盘
878,11:03:18,4.48,0.01,33,14784,买盘
879,11:03:21,4.47,-0.01,195,87165,卖盘
880,11:03:25,4.47,0.0,24,10728,买盘
881,11:03:31,4.47,0.0,4,1788,买盘
882,11:03:33,4.47,0.0,5,2235,买盘
883,11:03:36,4.47,0.0,31,13857,买盘
884,11:03:39,4.47,0.0,6,2682,买盘
885,11:03:42,4.47,0.0,101,45147,买盘
886,11:03:46,4.47,0.0,105,46935,买盘
887,11:03:49,4.47,0.0,88,39336,买盘
888,11:03:52,4.47,0.0,3,1341,买盘
889,11:03:55,4.47,0.0,71,31737,买盘
890,11:03:58,4.47,0.0,5,2235,买盘
891,11:04:00,4.47,0.0,91,40677,买盘
892,11:04:03,4.47,0.0,10,4470,卖盘
893,11:04:06,4.47,0.0,20,8940,卖盘
894,11:04:10,4.47,0.0,31,13857,卖盘
895,11:04:15,4.47,0.0,7,3129,卖盘
896,11:04:18,4.48,0.01,38,17003,买盘
897,11:04:21,4.47,-0.01,85,37995,卖盘
898,11:04:24,4.47,0.0,347,155196,卖盘
899,11:04:27,4.48,0.01,81,36228,买盘
900,11:04:30,4.48,0.0,30,13430,买盘
901,11:04:34,4.47,-0.01,30,13410,卖盘
902,11:04:37,4.47,0.0,51,22797,卖盘
903,11:04:40,4.47,0.0,22,9834,卖盘
904,11:04:42,4.47,0.0,96,42912,卖盘
905,11:04:46,4.47,0.0,19,8493,买盘
906,11:04:52,4.47,0.0,16,7152,卖盘
907,11:04:58,4.47,0.0,50,22350,卖盘
908,11:05:01,4.47,0.0,197,88059,卖盘
909,11:05:04,4.47,0.0,80,35790,卖盘
910,11:05:07,4.47,0.0,14,6258,卖盘
911,11:05:10,4.47,0.0,20,8940,卖盘
912,11:05:13,4.47,0.0,99,44253,卖盘
913,11:05:16,4.48,0.01,120,53660,买盘
914,11:05:24,4.48,0.0,181,81088,买盘
915,11:05:28,4.48,0.0,20,8960,买盘
916,11:05:31,4.48,0.0,167,74772,买盘
917,11:05:37,4.48,0.0,2,896,买盘
918,11:05:42,4.48,0.0,200,89600,买盘
919,11:05:46,4.47,-0.01,10,4471,卖盘
920,11:05:48,4.48,0.01,64,28672,买盘
921,11:05:58,4.47,-0.01,15,6705,卖盘
922,11:06:01,4.48,0.01,599,267870,买盘
923,11:06:04,4.48,0.0,113,50624,买盘
924,11:06:07,4.47,-0.01,611,273117,卖盘
925,11:06:10,4.47,0.0,21,9387,买盘
926,11:06:12,4.48,0.01,283,126714,买盘
927,11:06:18,4.48,0.0,20,8960,买盘
928,11:06:21,4.48,0.0,20,8960,买盘
929,11:06:27,4.47,-0.01,111,49617,卖盘
930,11:06:31,4.47,0.0,19,8493,卖盘
931,11:06:34,4.47,0.0,100,44700,卖盘
932,11:06:40,4.47,0.0,5,2235,卖盘
933,11:06:42,4.47,0.0,733,328084,卖盘
934,11:06:46,4.47,0.0,81,36207,卖盘
935,11:06:49,4.47,0.0,39,17433,卖盘
936,11:06:52,4.47,0.0,4,1788,卖盘
937,11:06:57,4.47,0.0,307,137229,卖盘
938,11:07:03,4.47,0.0,86,38473,卖盘
939,11:07:07,4.47,0.0,216,96552,卖盘
940,11:07:10,4.48,0.01,185,82700,买盘
941,11:07:19,4.47,-0.01,20,8940,卖盘
942,11:07:24,4.47,0.0,90,40230,卖盘
943,11:07:30,4.47,0.0,100,44700,卖盘
944,11:07:33,4.47,0.0,300,134100,卖盘
945,11:07:36,4.47,0.0,24,10728,卖盘
946,11:07:39,4.47,0.0,227,101489,卖盘
947,11:07:42,4.47,0.0,78,34866,卖盘
948,11:07:45,4.47,0.0,50,22350,买盘
949,11:07:48,4.47,0.0,81,36207,买盘
950,11:07:55,4.47,0.0,20,8940,买盘
951,11:07:58,4.47,0.0,1,447,买盘
952,11:08:00,4.47,0.0,12,5364,买盘
953,11:08:04,4.47,0.0,29,12963,买盘
954,11:08:06,4.46,-0.01,30,13380,卖盘
955,11:08:09,4.47,0.01,10,4470,买盘
956,11:08:13,4.47,0.0,52,23244,买盘
957,11:08:25,4.47,0.0,159,71068,买盘
958,11:08:28,4.46,-0.01,21,9366,卖盘
959,11:08:36,4.47,0.01,51,22797,买盘
960,11:08:39,4.47,0.0,50,22350,买盘
961,11:08:45,4.47,0.0,4,1788,买盘
962,11:08:52,4.47,0.0,20,8940,买盘
963,11:08:55,4.46,-0.01,5,2230,卖盘
964,11:08:58,4.47,0.01,40,17880,买盘
965,11:09:06,4.47,0.0,20,8940,买盘
966,11:09:10,4.47,0.0,55,24585,买盘
967,11:09:12,4.47,0.0,137,61239,买盘
968,11:09:15,4.46,-0.01,140,62440,卖盘
969,11:09:18,4.47,0.01,24,10728,买盘
970,11:09:21,4.46,-0.01,178,79388,卖盘
971,11:09:28,4.46,0.0,448,199808,卖盘
972,11:09:33,4.46,0.0,152,67792,卖盘
973,11:09:36,4.46,0.0,120,53520,卖盘
974,11:09:39,4.46,0.0,29,12934,卖盘
975,11:09:42,4.46,0.0,15,6690,卖盘
976,11:09:45,4.46,0.0,51,22746,卖盘
977,11:09:48,4.46,0.0,6,2676,卖盘
978,11:09:51,4.46,0.0,39,17394,卖盘
979,11:09:54,4.46,0.0,20,8920,买盘
980,11:10:04,4.46,0.0,4,1784,买盘
981,11:10:09,4.46,0.0,110,49060,买盘
982,11:10:13,4.46,0.0,113,50398,买盘
983,11:10:16,4.46,0.0,6,2676,卖盘
984,11:10:22,4.46,0.0,57,25422,卖盘
985,11:10:24,4.46,0.0,50,22300,卖盘
986,11:10:34,4.46,0.0,41,18286,卖盘
987,11:10:49,4.46,0.0,61,27207,卖盘
988,11:10:51,4.46,0.0,61,27206,卖盘
989,11:10:57,4.46,0.0,60,26760,卖盘
990,11:11:04,4.46,0.0,288,128448,卖盘
991,11:11:06,4.46,0.0,56,24976,买盘
992,11:11:30,4.46,0.0,167,74482,买盘
993,11:11:40,4.45,-0.01,118,52579,卖盘
994,11:11:45,4.45,0.0,50,22250,卖盘
995,11:11:57,4.45,0.0,43,19135,卖盘
996,11:12:19,4.45,0.0,64,28480,卖盘
997,11:12:24,4.45,0.0,5,2225,卖盘
998,11:12:28,4.46,0.01,44,19600,买盘
999,11:12:31,4.46,0.0,14,6244,买盘
1000,11:12:34,4.45,-0.01,3,1335,卖盘
1001,11:12:39,4.45,0.0,106,47170,卖盘
1002,11:12:42,4.46,0.01,2,892,买盘
1003,11:12:45,4.46,0.0,20,8920,买盘
1004,11:13:22,4.46,0.0,60,26710,买盘
1005,11:13:28,4.45,-0.01,67,29815,卖盘
1006,11:13:40,4.46,0.01,318,141828,买盘
1007,11:13:46,4.46,0.0,15,6690,买盘
1008,11:13:54,4.46,0.0,473,210958,买盘
1009,11:14:00,4.46,0.0,76,33848,卖盘
1010,11:14:06,4.46,0.0,25,11150,卖盘
1011,11:14:09,4.46,0.0,10,4460,卖盘
1012,11:14:28,4.46,0.0,14,6244,卖盘
1013,11:14:33,4.47,0.01,93,41571,买盘
1014,11:14:37,4.46,-0.01,150,66900,卖盘
1015,11:14:39,4.46,0.0,10,4460,卖盘
1016,11:14:45,4.46,0.0,20,8920,卖盘
1017,11:14:49,4.46,0.0,3,1338,卖盘
1018,11:14:55,4.47,0.01,3,1341,买盘
1019,11:15:01,4.45,-0.02,123,54803,卖盘
1020,11:15:07,4.47,0.02,28,12516,买盘
1021,11:15:28,4.46,-0.01,10,4460,中性盘
1022,11:15:31,4.47,0.01,100,44700,买盘
1023,11:15:36,4.46,-0.01,28,12490,卖盘
1024,11:15:40,4.47,0.01,32,14304,买盘
1025,11:15:48,4.47,0.0,2,894,买盘
1026,11:15:55,4.47,0.0,24,10728,买盘
1027,11:16:01,4.47,0.0,27,12069,买盘
1028,11:16:04,4.47,0.0,25,11175,买盘
1029,11:16:07,4.47,0.0,11,4917,买盘
1030,11:16:25,4.46,-0.01,30,13380,卖盘
1031,11:16:28,4.47,0.01,6,2682,买盘
1032,11:16:31,4.46,-0.01,30,13380,卖盘
1033,11:16:57,4.46,0.0,50,22300,卖盘
1034,11:17:00,4.46,0.0,29,12934,卖盘
1035,11:17:04,4.46,0.0,1,446,卖盘
1036,11:17:06,4.46,0.0,27,12042,卖盘
1037,11:17:12,4.47,0.01,34,15198,买盘
1038,11:17:21,4.47,0.0,45,20115,买盘
1039,11:17:33,4.46,-0.01,68,30328,卖盘
1040,11:17:45,4.46,0.0,19,8474,卖盘
1041,11:17:54,4.47,0.01,15,6705,买盘
1042,11:18:16,4.47,0.0,242,108174,买盘
1043,11:18:34,4.47,0.0,99,44253,买盘
1044,11:18:37,4.47,0.0,18,8046,买盘
1045,11:18:54,4.47,0.0,12,5364,买盘
1046,11:19:09,4.47,0.0,13,5811,买盘
1047,11:19:15,4.47,0.0,20,8940,买盘
1048,11:19:24,4.47,0.0,58,25926,买盘
1049,11:20:00,4.46,-0.01,1,446,卖盘
1050,11:20:06,4.47,0.01,6,2682,买盘
1051,11:20:15,4.46,-0.01,2,892,卖盘
1052,11:20:21,4.46,0.0,20,8920,卖盘
1053,11:20:24,4.46,0.0,5,2230,卖盘
1054,11:20:33,4.47,0.01,996,445212,买盘
1055,11:20:40,4.47,0.0,6,2682,卖盘
1056,11:20:43,4.47,0.0,52,23276,卖盘
1057,11:20:46,4.47,0.0,96,42912,卖盘
1058,11:20:49,4.47,0.0,9,4023,卖盘
1059,11:20:51,4.47,0.0,21,9387,买盘
1060,11:20:55,4.48,0.01,446,199808,买盘
1061,11:21:01,4.47,-0.01,1,447,卖盘
1062,11:21:06,4.48,0.01,584,261632,买盘
1063,11:21:09,4.48,0.0,91,40768,买盘
1064,11:21:19,4.48,0.0,7,3136,买盘
1065,11:21:24,4.48,0.0,50,22400,买盘
1066,11:21:30,4.47,-0.01,12,5364,卖盘
1067,11:21:34,4.48,0.01,25,11200,买盘
1068,11:21:36,4.48,0.0,55,24640,买盘
1069,11:21:42,4.48,0.0,8,3584,买盘
1070,11:21:48,4.48,0.0,305,136640,买盘
1071,11:21:52,4.48,0.0,50,22400,卖盘
1072,11:21:54,4.48,0.0,94,42112,卖盘
1073,11:22:00,4.48,0.0,46,20608,卖盘
1074,11:22:19,4.49,0.01,1706,765994,买盘
1075,11:22:22,4.49,0.0,11,4939,卖盘
1076,11:22:28,4.5,0.01,1059,476510,买盘
1077,11:22:30,4.5,0.0,414,186380,买盘
1078,11:22:34,4.51,0.01,80,36080,买盘
1079,11:22:37,4.51,0.0,643,289993,买盘
1080,11:22:39,4.51,0.0,11,4961,卖盘
1081,11:22:42,4.52,0.01,493,222836,买盘
1082,11:22:45,4.52,0.0,80,36250,买盘
1083,11:22:48,4.52,0.0,23,10306,卖盘
1084,11:22:52,4.52,0.0,152,68794,买盘
1085,11:22:54,4.52,0.0,137,61924,卖盘
1086,11:22:57,4.52,0.0,233,105255,卖盘
1087,11:23:01,4.52,0.0,144,65190,买盘
1088,11:23:04,4.52,0.0,338,152776,买盘
1089,11:23:06,4.52,0.0,30,13560,买盘
1090,11:23:10,4.51,-0.01,154,69527,卖盘
1091,11:23:13,4.51,0.0,85,38335,卖盘
1092,11:23:16,4.51,0.0,996,449935,卖盘
1093,11:23:19,4.52,0.01,21,9492,中性盘
1094,11:23:22,4.51,-0.01,33,14883,卖盘
1095,11:23:25,4.51,0.0,301,135751,卖盘
1096,11:23:28,4.51,0.0,8,3608,卖盘
1097,11:23:31,4.52,0.01,312,140840,买盘
1098,11:23:34,4.51,-0.01,1102,498049,卖盘
1099,11:23:36,4.51,0.0,254,114554,卖盘
1100,11:23:40,4.51,0.0,45,20295,买盘
1101,11:23:43,4.5,-0.01,230,103680,卖盘
1102,11:23:46,4.5,0.0,327,147377,卖盘
1103,11:23:49,4.5,0.0,120,54000,卖盘
1104,11:23:52,4.5,0.0,142,64009,卖盘
1105,11:23:54,4.51,0.01,173,77888,买盘
1106,11:23:57,4.53,0.02,1055,476824,买盘
1107,11:24:00,4.5,-0.03,30,13519,卖盘
1108,11:24:04,4.51,0.01,30,13530,卖盘
1109,11:24:06,4.51,0.0,1,451,卖盘
1110,11:24:12,4.52,0.01,13,5875,买盘
1111,11:24:18,4.53,0.01,1055,477188,买盘
1112,11:24:24,4.51,-0.02,60,27160,卖盘
1113,11:24:27,4.51,0.0,184,82984,卖盘
1114,11:24:33,4.52,0.01,10,4520,买盘
1115,11:24:37,4.51,-0.01,448,202789,卖盘
1116,11:24:43,4.51,0.0,100,45100,卖盘
1117,11:24:46,4.52,0.01,225,101685,买盘
1118,11:24:48,4.51,-0.01,58,26158,卖盘
1119,11:24:51,4.52,0.01,50,22600,买盘
1120,11:24:54,4.52,0.0,540,244076,买盘
1121,11:24:58,4.52,0.0,236,106672,卖盘
1122,11:25:01,4.52,0.0,97,43844,卖盘
1123,11:25:04,4.53,0.01,69,31257,买盘
1124,11:25:06,4.53,0.0,45,20385,买盘
1125,11:25:10,4.53,0.0,292,131991,买盘
1126,11:25:12,4.52,-0.01,1,452,卖盘
1127,11:25:15,4.53,0.01,1287,582806,买盘
1128,11:25:18,4.52,-0.01,166,75088,卖盘
1129,11:25:21,4.52,0.0,213,96469,卖盘
1130,11:25:25,4.53,0.01,463,209812,买盘
1131,11:25:31,4.52,-0.01,30,13560,卖盘
1132,11:25:34,4.53,0.01,59,26724,买盘
1133,11:25:37,4.52,-0.01,36,16302,卖盘
1134,11:25:40,4.53,0.01,1,453,买盘
1135,11:25:43,4.52,-0.01,37,16724,卖盘
1136,11:25:46,4.53,0.01,11,4983,买盘
1137,11:25:48,4.53,0.0,373,168938,买盘
1138,11:25:54,4.53,0.0,220,99645,买盘
1139,11:25:57,4.53,0.0,546,247153,买盘
1140,11:26:00,4.53,0.0,205,92865,卖盘
1141,11:26:04,4.53,0.0,113,51370,卖盘
1142,11:26:07,4.52,-0.01,30,13560,卖盘
1143,11:26:16,4.53,0.01,397,179841,买盘
1144,11:26:19,4.52,-0.01,113,51086,卖盘
1145,11:26:22,4.53,0.01,500,226500,买盘
1146,11:26:24,4.53,0.0,3,1359,买盘
1147,11:26:27,4.53,0.0,86,38958,买盘
1148,11:26:30,4.53,0.0,10,4530,买盘
1149,11:26:37,4.52,-0.01,106,47932,卖盘
1150,11:26:40,4.52,0.0,120,54340,卖盘
1151,11:26:43,4.53,0.01,300,135900,买盘
1152,11:26:45,4.52,-0.01,156,70631,卖盘
1153,11:26:48,4.53,0.01,25,11325,买盘
1154,11:26:52,4.52,-0.01,12,5424,卖盘
1155,11:26:55,4.53,0.01,147,66591,买盘
1156,11:26:57,4.52,-0.01,55,24910,卖盘
1157,11:27:01,4.52,0.0,1,452,卖盘
1158,11:27:03,4.53,0.01,35,15851,买盘
1159,11:27:10,4.53,0.0,20,9060,买盘
1160,11:27:13,4.53,0.0,50,22650,买盘
1161,11:27:16,4.53,0.0,1,453,买盘
1162,11:27:21,4.52,-0.01,80,36160,卖盘
1163,11:27:27,4.52,0.0,621,281293,卖盘
1164,11:27:30,4.53,0.01,17,7691,买盘
1165,11:27:37,4.53,0.0,118,53454,买盘
1166,11:27:40,4.52,-0.01,110,49820,卖盘
1167,11:27:43,4.52,0.0,10,4520,卖盘
1168,11:27:46,4.52,0.0,5,2260,卖盘
1169,11:27:52,4.52,0.0,2,904,卖盘
1170,11:27:55,4.52,0.0,20,9040,卖盘
1171,11:27:57,4.52,0.0,146,65992,卖盘
1172,11:28:00,4.52,0.0,60,27120,卖盘
1173,11:28:03,4.52,0.0,130,58760,卖盘
1174,11:28:06,4.52,0.0,160,72320,卖盘
1175,11:28:09,4.53,0.01,56,25362,买盘
1176,11:28:13,4.52,-0.01,370,167240,卖盘
1177,11:28:16,4.52,0.0,59,26668,卖盘
1178,11:28:19,4.52,0.0,176,79552,卖盘
1179,11:28:22,4.52,0.0,302,136504,卖盘
1180,11:28:25,4.52,0.0,250,113000,卖盘
1181,11:28:28,4.52,0.0,482,217864,卖盘
1182,11:28:31,4.52,0.0,481,217412,卖盘
1183,11:28:34,4.52,0.0,133,60116,卖盘
1184,11:28:36,4.53,0.01,628,284140,买盘
1185,11:28:40,4.52,-0.01,21,9492,买盘
1186,11:28:45,4.51,-0.01,50,22550,卖盘
1187,11:28:52,4.52,0.01,15,6779,买盘
1188,11:28:54,4.52,0.0,11,4972,买盘
1189,11:28:58,4.52,0.0,3,1356,买盘
1190,11:29:04,4.52,0.0,5,2260,买盘
1191,11:29:07,4.52,0.0,22,9944,买盘
1192,11:29:10,4.51,-0.01,75,33825,卖盘
1193,11:29:16,4.52,0.01,272,122944,买盘
1194,11:29:21,4.52,0.0,5,2260,买盘
1195,11:29:24,4.51,-0.01,205,92455,卖盘
1196,11:29:27,4.52,0.01,55,24860,买盘
1197,11:29:31,4.51,-0.01,16,7216,卖盘
1198,11:29:36,4.52,0.01,300,135600,买盘
1199,11:29:39,4.51,-0.01,128,57778,卖盘
1200,11:29:42,4.52,0.01,475,214700,买盘
1201,11:29:49,4.52,0.0,30,13560,卖盘
1202,11:29:51,4.52,0.0,10,4520,卖盘
1203,11:29:54,4.52,0.0,10,4520,卖盘
1204,11:29:58,4.52,0.0,15,6780,卖盘
1205,11:30:01,4.52,0.0,73,32996,卖盘
1206,13:00:04,4.52,0.0,1557,704297,卖盘
1207,13:00:06,4.52,0.0,479,216508,买盘
1208,13:00:10,4.52,0.0,190,85879,买盘
1209,13:00:15,4.52,0.0,73,32996,买盘
1210,13:00:30,4.51,-0.01,18,8118,卖盘
1211,13:00:36,4.51,0.0,10,4425,卖盘
1212,13:00:40,4.51,0.0,15,6765,卖盘
1213,13:00:42,4.51,0.0,40,18040,卖盘
1214,13:00:45,4.51,0.0,215,96965,卖盘
1215,13:00:49,4.51,0.0,216,97416,卖盘
1216,13:00:52,4.51,0.0,190,85690,卖盘
1217,13:00:55,4.51,0.0,4,1804,卖盘
1218,13:00:58,4.51,0.0,35,15875,卖盘
1219,13:01:01,4.52,0.01,200,90297,买盘
1220,13:01:10,4.51,-0.01,3,1353,买盘
1221,13:01:12,4.51,0.0,106,47806,卖盘
1222,13:01:19,4.51,0.0,146,65846,卖盘
1223,13:01:22,4.51,0.0,280,126280,卖盘
1224,13:01:25,4.51,0.0,29,13079,卖盘
1225,13:01:27,4.51,0.0,42,18942,卖盘
1226,13:01:30,4.51,0.0,21,9471,买盘
1227,13:01:37,4.51,0.0,11,4961,买盘
1228,13:01:43,4.51,0.0,182,82082,买盘
1229,13:01:46,4.5,-0.01,1,450,卖盘
1230,13:01:48,4.51,0.01,440,198440,买盘
1231,13:01:55,4.51,0.0,11,4961,买盘
1232,13:01:57,4.5,-0.01,50,22500,卖盘
1233,13:02:01,4.5,0.0,10,4500,卖盘
1234,13:02:04,4.5,0.0,20,9000,卖盘
1235,13:02:06,4.5,0.0,12,5400,卖盘
1236,13:02:12,4.51,0.01,27,12177,买盘
1237,13:02:18,4.5,-0.01,35,15750,卖盘
1238,13:02:22,4.51,0.01,10,4510,买盘
1239,13:02:39,4.51,0.0,50,22550,买盘
1240,13:02:42,4.51,0.0,10,4510,买盘
1241,13:02:51,4.5,-0.01,21,9450,卖盘
1242,13:02:54,4.5,0.0,5,2250,卖盘
1243,13:03:09,4.5,0.0,114,51300,卖盘
1244,13:03:13,4.5,0.0,200,90000,卖盘
1245,13:03:16,4.5,0.0,19,8550,卖盘
1246,13:03:18,4.5,0.0,40,18000,卖盘
1247,13:03:24,4.51,0.01,12,5412,买盘
1248,13:03:27,4.5,-0.01,20,9000,卖盘
1249,13:03:36,4.5,0.0,100,45000,卖盘
1250,13:03:42,4.5,0.0,11,4950,卖盘
1251,13:03:45,4.5,0.0,57,25650,卖盘
1252,13:03:48,4.5,0.0,28,12623,卖盘
1253,13:03:51,4.5,0.0,11,4950,卖盘
1254,13:03:55,4.5,0.0,3,1350,卖盘
1255,13:04:04,4.5,0.0,30,13500,卖盘
1256,13:04:06,4.5,0.0,774,348300,卖盘
1257,13:04:09,4.5,0.0,14,6300,卖盘
1258,13:04:12,4.5,0.0,550,247500,卖盘
1259,13:04:15,4.5,0.0,389,175050,卖盘
1260,13:04:18,4.5,0.0,390,175320,卖盘
1261,13:04:36,4.5,0.0,5,2250,买盘
1262,13:04:46,4.5,0.0,40,18000,买盘
1263,13:04:51,4.49,-0.01,5,2245,卖盘
1264,13:05:10,4.5,0.01,387,174150,买盘
1265,13:05:18,4.5,0.0,36,16200,买盘
1266,13:05:22,4.5,0.0,6,2700,买盘
1267,13:05:33,4.49,-0.01,145,65230,卖盘
1268,13:05:36,4.5,0.01,11,4950,买盘
1269,13:05:40,4.49,-0.01,66,29634,卖盘
1270,13:05:46,4.49,0.0,5,2245,卖盘
1271,13:05:49,4.49,0.0,14,6286,卖盘
1272,13:06:01,4.49,0.0,40,17960,卖盘
1273,13:06:07,4.49,0.0,21,9429,卖盘
1274,13:06:09,4.49,0.0,55,24745,卖盘
1275,13:06:12,4.5,0.01,221,99450,买盘
1276,13:06:21,4.5,0.0,101,45350,买盘
1277,13:06:31,4.49,-0.01,10,4490,卖盘
1278,13:06:37,4.49,0.0,100,44900,卖盘
1279,13:06:40,4.49,0.0,85,38176,卖盘
1280,13:06:45,4.49,0.0,6,2694,卖盘
1281,13:06:48,4.49,0.0,5,2245,卖盘
1282,13:06:54,4.49,0.0,40,17960,卖盘
1283,13:06:57,4.49,0.0,12,5388,卖盘
1284,13:07:00,4.49,0.0,13,5837,卖盘
1285,13:07:04,4.49,0.0,18,8082,卖盘
1286,13:07:07,4.5,0.01,40,18000,买盘
1287,13:07:10,4.49,-0.01,1,449,卖盘
1288,13:07:12,4.49,0.0,115,51635,卖盘
1289,13:07:15,4.49,0.0,700,314300,卖盘
1290,13:07:18,4.49,0.0,3,1347,卖盘
1291,13:07:25,4.49,0.0,109,48941,卖盘
1292,13:07:28,4.49,0.0,30,13470,卖盘
1293,13:07:30,4.49,0.0,41,18409,卖盘
1294,13:07:37,4.49,0.0,139,62411,卖盘
1295,13:07:48,4.48,-0.01,41,18402,卖盘
1296,13:07:51,4.49,0.01,3,1347,买盘
1297,13:07:58,4.48,-0.01,84,37632,卖盘
1298,13:08:07,4.48,0.0,36,16128,卖盘
1299,13:08:09,4.48,0.0,106,47554,卖盘
1300,13:08:12,4.48,0.0,22,9856,卖盘
1301,13:08:15,4.48,0.0,49,21952,卖盘
1302,13:08:18,4.48,0.0,998,447104,卖盘
1303,13:08:21,4.48,0.0,10,4480,卖盘
1304,13:08:27,4.48,0.0,24,10752,卖盘
1305,13:08:34,4.48,0.0,20,8960,卖盘
1306,13:08:43,4.48,0.0,122,54656,卖盘
1307,13:08:46,4.48,0.0,11,4928,卖盘
1308,13:08:54,4.48,0.0,95,42560,卖盘
1309,13:08:57,4.48,0.0,242,108416,卖盘
1310,13:09:21,4.48,0.0,20,8960,买盘
1311,13:09:24,4.47,-0.01,19,8493,卖盘
1312,13:09:33,4.48,0.01,17,7616,买盘
1313,13:09:36,4.48,0.0,5,2240,卖盘
1314,13:09:46,4.48,0.0,55,24640,卖盘
1315,13:09:48,4.48,0.0,50,22400,卖盘
1316,13:09:51,4.48,0.0,31,13888,卖盘
1317,13:09:57,4.48,0.0,10,4480,卖盘
1318,13:10:00,4.48,0.0,130,58240,卖盘
1319,13:10:09,4.48,0.0,9,4032,买盘
1320,13:10:19,4.48,0.0,152,68096,买盘
1321,13:10:21,4.48,0.0,5,2240,卖盘
1322,13:10:25,4.48,0.0,5,2240,买盘
1323,13:10:34,4.48,0.0,50,22400,卖盘
1324,13:10:37,4.48,0.0,11,4928,卖盘
1325,13:10:54,4.48,0.0,26,11648,买盘
1326,13:11:07,4.47,-0.01,5,2235,卖盘
1327,13:11:18,4.48,0.01,160,71680,买盘
1328,13:11:21,4.48,0.0,169,75712,买盘
1329,13:11:24,4.47,-0.01,45,20115,卖盘
1330,13:11:27,4.47,0.0,20,8940,卖盘
1331,13:11:30,4.48,0.01,38,17024,买盘
1332,13:11:55,4.47,-0.01,100,44700,卖盘
1333,13:11:57,4.47,0.0,44,19678,卖盘
1334,13:12:00,4.47,0.0,600,268200,卖盘
1335,13:12:04,4.47,0.0,51,22797,卖盘
1336,13:12:06,4.47,0.0,19,8498,卖盘
1337,13:12:09,4.47,0.0,100,44700,卖盘
1338,13:12:12,4.47,0.0,3,1341,卖盘
1339,13:12:16,4.47,0.0,1,447,卖盘
1340,13:12:19,4.46,-0.01,154,68739,卖盘
1341,13:12:27,4.46,0.0,47,20962,卖盘
1342,13:12:30,4.47,0.01,40,17880,买盘
1343,13:12:33,4.46,-0.01,3,1338,卖盘
1344,13:12:36,4.47,0.01,10,4470,买盘
1345,13:12:49,4.46,-0.01,52,23222,卖盘
1346,13:13:12,4.46,0.0,43,19178,卖盘
1347,13:13:15,4.46,0.0,94,41924,卖盘
1348,13:13:22,4.47,0.01,11,4917,买盘
1349,13:13:36,4.46,-0.01,61,27206,卖盘
1350,13:13:43,4.46,0.0,46,20516,卖盘
1351,13:13:51,4.46,0.0,81,36137,卖盘
1352,13:13:57,4.47,0.01,37,16539,买盘
1353,13:14:07,4.46,-0.01,52,23242,卖盘
1354,13:14:10,4.46,0.0,358,159668,卖盘
1355,13:14:22,4.46,0.0,87,38802,卖盘
1356,13:14:30,4.47,0.01,67,29949,买盘
1357,13:14:33,4.47,0.0,33,14751,买盘
1358,13:14:37,4.47,0.0,20,8940,买盘
1359,13:14:43,4.47,0.0,80,35760,买盘
1360,13:14:46,4.47,0.0,7,3129,买盘
1361,13:14:49,4.47,0.0,16,7152,买盘
1362,13:14:51,4.47,0.0,170,75990,买盘
1363,13:15:07,4.47,0.0,44,19668,卖盘
1364,13:15:16,4.48,0.01,36,16128,买盘
1365,13:15:42,4.47,-0.01,46,20562,卖盘
1366,13:15:48,4.48,0.01,45,20160,买盘
1367,13:16:00,4.48,0.0,41,18328,买盘
1368,13:16:06,4.48,0.0,10,4480,买盘
1369,13:16:09,4.47,-0.01,8,3576,卖盘
1370,13:16:25,4.47,0.0,21,9387,卖盘
1371,13:16:37,4.47,0.0,68,30396,卖盘
1372,13:16:40,4.47,0.0,35,15645,卖盘
1373,13:16:42,4.47,0.0,184,82248,卖盘
1374,13:16:46,4.47,0.0,215,96195,卖盘
1375,13:16:58,4.47,0.0,6,2682,买盘
1376,13:17:00,4.47,0.0,6,2682,买盘
1377,13:17:09,4.46,-0.01,69,30774,卖盘
1378,13:17:12,4.47,0.01,1,447,买盘
1379,13:17:18,4.46,-0.01,1,446,卖盘
1380,13:17:24,4.46,0.0,4,1784,卖盘
1381,13:17:31,4.46,0.0,50,22300,卖盘
1382,13:17:40,4.46,0.0,60,26760,卖盘
1383,13:17:58,4.46,0.0,2,892,卖盘
1384,13:18:01,4.46,0.0,21,9366,卖盘
1385,13:18:07,4.46,0.0,199,88754,卖盘
1386,13:18:09,4.46,0.0,25,11150,卖盘
1387,13:18:13,4.46,0.0,126,56196,卖盘
1388,13:18:16,4.46,0.0,41,18286,卖盘
1389,13:18:18,4.46,0.0,9,4014,卖盘
1390,13:18:22,4.46,0.0,41,18291,卖盘
1391,13:18:25,4.46,0.0,51,22746,卖盘
1392,13:18:28,4.47,0.01,79,35268,买盘
1393,13:18:30,4.46,-0.01,33,14718,卖盘
1394,13:18:40,4.46,0.0,136,60656,卖盘
1395,13:18:43,4.46,0.0,20,8920,卖盘
1396,13:18:46,4.46,0.0,75,33450,卖盘
1397,13:18:48,4.47,0.01,27,12052,买盘
1398,13:18:55,4.46,-0.01,10,4460,卖盘
1399,13:19:01,4.46,0.0,200,89200,卖盘
1400,13:19:04,4.46,0.0,31,13826,卖盘
1401,13:19:06,4.46,0.0,22,9812,卖盘
1402,13:19:10,4.46,0.0,30,13380,卖盘
1403,13:19:16,4.46,0.0,9,4014,卖盘
1404,13:19:19,4.46,0.0,20,8920,卖盘
1405,13:19:22,4.46,0.0,52,23192,卖盘
1406,13:19:36,4.46,0.0,5,2230,卖盘
1407,13:19:43,4.46,0.0,13,5798,卖盘
1408,13:19:46,4.46,0.0,7,3122,卖盘
1409,13:19:55,4.46,0.0,10,4460,卖盘
1410,13:19:58,4.46,0.0,41,18305,卖盘
1411,13:20:04,4.47,0.01,3,1341,买盘
1412,13:20:07,4.46,-0.01,67,29882,卖盘
1413,13:20:15,4.46,0.0,41,18286,卖盘
1414,13:20:18,4.47,0.01,151,67497,买盘
1415,13:20:22,4.47,0.0,150,67040,买盘
1416,13:20:25,4.47,0.0,6,2682,买盘
1417,13:20:33,4.47,0.0,50,22350,买盘
1418,13:20:36,4.47,0.0,298,133206,买盘
1419,13:20:39,4.47,0.0,2,894,卖盘
1420,13:20:43,4.47,0.0,8,3576,买盘
1421,13:20:55,4.47,0.0,201,89847,卖盘
1422,13:21:06,4.47,0.0,6,2682,卖盘
1423,13:21:24,4.48,0.01,5,2240,买盘
1424,13:21:27,4.47,-0.01,406,181482,卖盘
1425,13:21:33,4.47,0.0,20,8940,买盘
1426,13:21:42,4.47,0.0,15,6705,买盘
1427,13:21:46,4.47,0.0,44,19668,买盘
1428,13:21:49,4.47,0.0,19,8493,买盘
1429,13:22:04,4.47,0.0,4,1788,卖盘
1430,13:22:10,4.47,0.0,261,116667,卖盘
1431,13:22:19,4.46,-0.01,20,8920,卖盘
1432,13:22:30,4.46,0.0,1,446,卖盘
1433,13:22:36,4.47,0.01,8,3576,买盘
1434,13:22:52,4.47,0.0,80,35760,卖盘
1435,13:23:04,4.47,0.0,10,4470,卖盘
1436,13:23:13,4.47,0.0,27,12069,卖盘
1437,13:23:30,4.47,0.0,318,142146,卖盘
1438,13:23:36,4.47,0.0,6,2682,卖盘
1439,13:23:42,4.47,0.0,248,110856,卖盘
1440,13:23:49,4.47,0.0,20,8940,卖盘
1441,13:23:55,4.47,0.0,20,8940,卖盘
1442,13:24:03,4.47,0.0,20,8940,卖盘
1443,13:24:09,4.47,0.0,105,46935,卖盘
1444,13:24:12,4.47,0.0,9,4023,卖盘
1445,13:24:28,4.47,0.0,5,2235,买盘
1446,13:24:42,4.47,0.0,50,22350,买盘
1447,13:24:52,4.47,0.0,151,67497,买盘
1448,13:25:07,4.47,0.0,10,4470,卖盘
1449,13:25:09,4.47,0.0,224,100128,卖盘
1450,13:25:15,4.47,0.0,104,46488,卖盘
1451,13:25:30,4.47,0.0,100,44700,买盘
1452,13:25:55,4.47,0.0,30,13410,买盘
1453,13:25:58,4.47,0.0,5,2235,买盘
1454,13:26:15,4.47,0.0,5,2235,买盘
1455,13:26:19,4.47,0.0,6,2682,买盘
1456,13:26:22,4.47,0.0,77,34419,买盘
1457,13:26:45,4.47,0.0,151,67397,买盘
1458,13:26:49,4.46,-0.01,15,6690,卖盘
1459,13:27:04,4.46,0.0,52,23192,卖盘
1460,13:27:16,4.47,0.01,30,13410,买盘
1461,13:27:33,4.47,0.0,2,894,买盘
1462,13:27:37,4.47,0.0,200,89400,买盘
1463,13:27:43,4.46,-0.01,5,2230,卖盘
1464,13:27:55,4.47,0.01,50,22350,买盘
1465,13:27:58,4.47,0.0,21,9387,买盘
1466,13:28:04,4.47,0.0,16,7152,买盘
1467,13:28:07,4.47,0.0,12,5364,买盘
1468,13:28:15,4.47,0.0,10,4470,买盘
1469,13:28:18,4.47,0.0,37,16539,买盘
1470,13:28:21,4.47,0.0,34,15197,买盘
1471,13:28:30,4.47,0.0,52,23244,买盘
1472,13:28:34,4.47,0.0,70,31290,买盘
1473,13:28:42,4.47,0.0,100,44700,卖盘
1474,13:28:52,4.48,0.01,20,8960,买盘
1475,13:28:54,4.48,0.0,20,8950,买盘
1476,13:28:57,4.48,0.0,44,19712,买盘
1477,13:29:12,4.48,0.0,12,5376,买盘
1478,13:29:24,4.48,0.0,51,22848,买盘
1479,13:29:27,4.48,0.0,23,10304,买盘
1480,13:29:33,4.48,0.0,25,11200,买盘
1481,13:29:39,4.48,0.0,13,5814,买盘
1482,13:29:45,4.48,0.0,10,4480,买盘
1483,13:29:49,4.48,0.0,20,8960,买盘
1484,13:29:54,4.48,0.0,149,66752,买盘
1485,13:30:01,4.48,0.0,9,4032,买盘
1486,13:30:04,4.48,0.0,6,2688,买盘
1487,13:30:09,4.48,0.0,21,9408,买盘
1488,13:30:12,4.48,0.0,31,13888,买盘
1489,13:30:16,4.47,-0.01,1,447,卖盘
1490,13:30:22,4.48,0.01,15,6720,买盘
1491,13:30:28,4.48,0.0,5,2240,买盘
1492,13:30:34,4.48,0.0,11,4928,买盘
1493,13:30:37,4.48,0.0,50,22400,买盘
1494,13:30:43,4.48,0.0,4,1792,买盘
1495,13:30:45,4.48,0.0,30,13440,买盘
1496,13:30:49,4.48,0.0,41,18368,买盘
1497,13:30:51,4.48,0.0,19,8512,买盘
1498,13:31:06,4.48,0.01,30,13440,买盘
1499,13:31:18,4.47,-0.01,79,35313,卖盘
1500,13:31:31,4.47,0.0,2,894,卖盘
1501,13:31:34,4.47,0.0,100,44700,卖盘
1502,13:31:37,4.48,0.01,73,32704,买盘
1503,13:31:39,4.47,-0.01,3,1341,卖盘
1504,13:31:48,4.48,0.01,317,142016,买盘
1505,13:31:51,4.47,-0.01,100,44700,卖盘
1506,13:31:54,4.48,0.01,5,2240,买盘
1507,13:32:07,4.48,0.0,1,448,买盘
1508,13:32:13,4.48,0.0,18,8064,买盘
1509,13:32:18,4.48,0.0,13,5816,买盘
1510,13:32:22,4.47,-0.01,1,447,卖盘
1511,13:32:24,4.48,0.01,15,6720,买盘
1512,13:32:27,4.48,0.0,98,43904,买盘
1513,13:32:43,4.48,0.0,7,3136,买盘
1514,13:32:46,4.48,0.0,50,22400,买盘
1515,13:32:49,4.47,-0.01,41,18327,卖盘
1516,13:32:52,4.47,0.0,435,194445,卖盘
1517,13:32:55,4.47,0.0,40,17880,卖盘
1518,13:33:04,4.47,0.0,35,15645,卖盘
1519,13:33:09,4.47,0.0,400,178800,卖盘
1520,13:33:15,4.47,0.0,54,24138,卖盘
1521,13:33:18,4.47,0.0,20,8940,卖盘
1522,13:33:21,4.47,0.0,91,40677,卖盘
1523,13:33:27,4.47,0.0,38,17019,卖盘
1524,13:33:43,4.47,0.0,12,5364,卖盘
1525,13:33:45,4.48,0.01,5,2240,买盘
1526,13:33:48,4.47,-0.01,149,66603,卖盘
1527,13:34:10,4.48,0.01,11,4928,买盘
1528,13:34:18,4.47,-0.01,100,44700,卖盘
1529,13:34:24,4.47,0.0,60,26820,卖盘
1530,13:34:27,4.47,0.0,6,2682,卖盘
1531,13:34:43,4.48,0.01,2,896,买盘
1532,13:34:45,4.47,-0.01,106,47478,卖盘
1533,13:34:48,4.48,0.01,35,15680,买盘
1534,13:35:07,4.47,-0.01,2,894,卖盘
1535,13:35:25,4.48,0.01,664,297472,买盘
1536,13:35:28,4.48,0.0,2,896,卖盘
1537,13:35:31,4.48,0.0,2,896,卖盘
1538,13:35:34,4.48,0.0,42,18816,卖盘
1539,13:35:48,4.48,0.0,17,7616,买盘
1540,13:35:51,4.48,0.0,64,28672,卖盘
1541,13:36:09,4.48,0.0,10,4480,买盘
1542,13:36:12,4.48,0.0,51,22848,买盘
1543,13:36:18,4.47,-0.01,1,447,卖盘
1544,13:36:52,4.47,0.0,11,4917,卖盘
1545,13:36:54,4.47,0.0,10,4470,卖盘
1546,13:36:57,4.47,0.0,5,2235,卖盘
1547,13:37:04,4.47,0.0,23,10281,卖盘
1548,13:37:13,4.47,0.0,683,305122,卖盘
1549,13:37:18,4.47,0.0,11,5096,买盘
1550,13:37:25,4.47,0.0,22,9834,卖盘
1551,13:37:28,4.47,0.0,59,26194,卖盘
1552,13:37:34,4.46,-0.01,2,892,卖盘
1553,13:37:42,4.46,0.0,6,2676,卖盘
1554,13:37:57,4.46,0.0,129,57534,卖盘
1555,13:38:00,4.46,0.0,20,8920,卖盘
1556,13:38:04,4.46,0.0,5,2230,卖盘
1557,13:38:07,4.46,0.0,884,394314,卖盘
1558,13:38:10,4.46,0.0,132,58872,卖盘
1559,13:38:13,4.46,0.0,154,68684,卖盘
1560,13:38:18,4.46,0.0,35,15610,卖盘
1561,13:38:21,4.46,0.0,100,44600,卖盘
1562,13:38:24,4.46,0.0,25,11150,卖盘
1563,13:38:28,4.46,0.0,165,73590,卖盘
1564,13:38:36,4.47,0.01,3,1341,买盘
1565,13:38:40,4.46,-0.01,161,71806,卖盘
1566,13:38:43,4.46,0.0,20,8920,卖盘
1567,13:38:45,4.46,0.0,40,17840,卖盘
1568,13:38:49,4.46,0.0,28,12488,卖盘
1569,13:38:52,4.46,0.0,5,2230,卖盘
1570,13:38:55,4.46,0.0,2,892,卖盘
1571,13:39:01,4.46,0.0,73,32558,卖盘
1572,13:39:10,4.45,-0.01,25,11125,卖盘
1573,13:39:15,4.46,0.01,60,26760,买盘
1574,13:39:25,4.45,-0.01,15,6675,卖盘
1575,13:39:39,4.45,0.0,466,207430,卖盘
1576,13:39:42,4.45,0.0,27,12015,卖盘
1577,13:39:48,4.45,0.0,109,48505,卖盘
1578,13:39:51,4.45,0.0,50,22250,卖盘
1579,13:39:54,4.45,0.0,98,43610,卖盘
1580,13:39:57,4.45,0.0,35,15575,卖盘
1581,13:40:01,4.45,0.0,50,22250,卖盘
1582,13:40:13,4.45,0.0,100,44500,卖盘
1583,13:40:28,4.45,0.0,32,14240,卖盘
1584,13:40:34,4.45,0.0,40,17800,卖盘
1585,13:40:49,4.45,0.0,85,37825,卖盘
1586,13:40:52,4.45,0.0,2,890,卖盘
1587,13:40:55,4.45,0.0,58,25810,卖盘
1588,13:40:58,4.46,0.01,2,892,买盘
1589,13:41:10,4.46,0.0,10,4460,买盘
1590,13:41:13,4.46,0.0,23,10258,买盘
1591,13:41:28,4.46,0.0,50,22300,买盘
1592,13:41:33,4.46,0.0,21,9346,买盘
1593,13:41:46,4.46,0.0,2,892,买盘
1594,13:41:54,4.46,0.0,32,14272,买盘
1595,13:42:00,4.46,0.0,94,41924,买盘
1596,13:42:04,4.45,-0.01,2,890,卖盘
1597,13:42:07,4.46,0.01,111,49506,买盘
1598,13:42:10,4.46,0.0,288,128448,买盘
1599,13:42:19,4.46,0.0,100,44600,卖盘
1600,13:42:31,4.46,0.0,10,4460,卖盘
1601,13:42:34,4.47,0.01,100,44700,买盘
1602,13:42:45,4.46,-0.01,2,892,卖盘
1603,13:43:00,4.47,0.01,20,8940,买盘
1604,13:43:19,4.47,0.0,110,49170,买盘
1605,13:43:28,4.47,0.0,5,2235,买盘
1606,13:43:31,4.47,0.0,7,3129,买盘
1607,13:43:36,4.47,0.0,99,44253,买盘
1608,13:43:42,4.46,-0.01,2,892,卖盘
1609,13:43:46,4.47,0.01,92,41124,买盘
1610,13:43:54,4.47,0.0,30,13410,买盘
1611,13:43:58,4.47,0.0,36,16271,买盘
1612,13:44:15,4.47,0.0,37,16539,卖盘
1613,13:44:45,4.47,0.0,2,715,卖盘
1614,13:44:48,4.48,0.01,72,32256,买盘
1615,13:44:51,4.47,-0.01,2,894,卖盘
1616,13:45:15,4.48,0.01,6,2688,买盘
1617,13:45:28,4.48,0.0,15,6720,买盘
1618,13:45:39,4.48,0.0,61,27308,买盘
1619,13:45:42,4.48,0.0,7,3136,买盘
1620,13:45:54,4.47,-0.01,86,38524,卖盘
1621,13:46:01,4.47,0.0,160,71520,卖盘
1622,13:46:06,4.47,0.0,20,8940,卖盘
1623,13:46:09,4.47,0.0,41,18327,卖盘
1624,13:46:16,4.47,0.0,14,6258,卖盘
1625,13:46:24,4.47,0.0,50,22350,卖盘
1626,13:46:28,4.47,0.0,73,32631,卖盘
1627,13:46:31,4.47,0.0,34,15198,卖盘
1628,13:46:34,4.47,0.0,3,1341,卖盘
1629,13:46:40,4.47,0.0,55,24585,卖盘
1630,13:46:51,4.47,0.0,2,894,卖盘
1631,13:46:54,4.48,0.01,4,1792,买盘
1632,13:46:57,4.47,-0.01,3,1341,卖盘
1633,13:47:40,4.47,0.0,10,4470,卖盘
1634,13:47:42,4.47,0.0,80,35760,卖盘
1635,13:47:48,4.47,0.0,20,8940,卖盘
1636,13:47:52,4.47,0.0,16,7152,卖盘
1637,13:47:54,4.47,0.0,2,894,卖盘
1638,13:48:06,4.47,0.0,28,12516,卖盘
1639,13:48:09,4.47,0.0,109,48723,卖盘
1640,13:48:12,4.47,0.0,2,894,买盘
1641,13:48:15,4.47,0.0,4,1788,买盘
1642,13:48:18,4.48,0.01,11,4925,买盘
1643,13:48:24,4.48,0.0,50,22370,买盘
1644,13:48:30,4.47,-0.01,20,8940,中性盘
1645,13:48:33,4.47,0.0,50,22350,买盘
1646,13:48:39,4.47,0.0,34,15198,买盘
1647,13:48:43,4.46,-0.01,5,2233,卖盘
1648,13:48:46,4.47,0.01,3,1341,买盘
1649,13:48:48,4.47,0.0,35,15645,卖盘
1650,13:49:04,4.48,0.01,16,7168,买盘
1651,13:49:36,4.47,-0.01,29,12963,卖盘
1652,13:49:42,4.47,0.0,2,894,卖盘
1653,13:50:10,4.48,0.01,195,87360,买盘
1654,13:50:25,4.47,-0.01,18,8046,卖盘
1655,13:50:55,4.47,0.0,23,10281,卖盘
1656,13:50:57,4.47,0.0,2,894,卖盘
1657,13:51:19,4.47,0.0,235,105045,卖盘
1658,13:51:24,4.48,0.01,22,9856,买盘
1659,13:51:36,4.48,0.0,90,40320,买盘
1660,13:51:39,4.48,0.0,88,39424,买盘
1661,13:51:42,4.48,0.0,29,12968,买盘
1662,13:51:49,4.47,-0.01,3,1341,卖盘
1663,13:52:22,4.47,0.0,1,447,卖盘
1664,13:52:24,4.47,0.0,150,67100,卖盘
1665,13:52:33,4.47,0.0,20,8940,卖盘
1666,13:52:43,4.47,0.0,2,894,卖盘
1667,13:52:57,4.47,0.0,15,6705,卖盘
1668,13:53:09,4.47,0.0,10,4470,卖盘
1669,13:53:15,4.48,0.01,20,8960,买盘
1670,13:53:48,4.48,0.0,10,4480,买盘
1671,13:53:54,4.47,-0.01,3,1341,卖盘
1672,13:54:15,4.47,0.0,20,8940,卖盘
1673,13:54:18,4.48,0.01,10,4480,买盘
1674,13:54:24,4.48,0.0,132,59136,买盘
1675,13:54:27,4.48,0.0,56,25088,买盘
1676,13:54:30,4.47,-0.01,1,447,卖盘
1677,13:54:36,4.48,0.01,36,16128,买盘
1678,13:54:39,4.48,0.0,12,5376,买盘
1679,13:54:46,4.48,0.0,241,107968,买盘
1680,13:55:01,4.47,-0.01,2,894,卖盘
1681,13:55:04,4.48,0.01,66,29548,买盘
1682,13:55:06,4.48,0.0,5,2240,买盘
1683,13:55:09,4.47,-0.01,1,447,卖盘
1684,13:55:46,4.47,0.0,2,894,卖盘
1685,13:56:00,4.47,0.0,82,36727,卖盘
1686,13:56:12,4.47,0.0,10,4470,卖盘
1687,13:56:19,4.47,0.0,54,24138,卖盘
1688,13:56:21,4.48,0.01,3,1344,买盘
1689,13:56:27,4.48,0.0,6,2688,买盘
1690,13:56:42,4.47,-0.01,5,2237,卖盘
1691,13:56:46,4.47,0.0,34,15198,卖盘
1692,13:56:48,4.47,0.0,53,23691,卖盘
1693,13:56:54,4.47,0.0,35,15645,卖盘
1694,13:57:00,4.48,0.01,226,101148,买盘
1695,13:57:09,4.48,0.0,102,45696,买盘
1696,13:57:15,4.48,0.0,11,4928,买盘
1697,13:57:21,4.48,0.0,56,25088,买盘
1698,13:57:28,4.47,-0.01,33,14751,卖盘
1699,13:57:30,4.48,0.01,132,59106,买盘
1700,13:57:33,4.49,0.01,114,51121,买盘
1701,13:57:36,4.47,-0.02,53,23691,卖盘
1702,13:57:39,4.47,0.0,12,5364,卖盘
1703,13:57:45,4.47,0.0,178,79666,卖盘
1704,13:57:48,4.48,0.01,201,89848,中性盘
1705,13:57:51,4.47,-0.01,2,894,卖盘
1706,13:57:54,4.48,0.01,4,1792,买盘
1707,13:58:00,4.47,-0.01,30,13410,卖盘
1708,13:58:21,4.47,0.0,55,24585,卖盘
1709,13:58:24,4.47,0.0,60,26820,卖盘
1710,13:58:31,4.47,0.0,33,14751,卖盘
1711,13:58:34,4.47,0.0,34,15198,卖盘
1712,13:58:45,4.47,0.0,57,25479,卖盘
1713,13:58:48,4.47,0.0,52,23244,卖盘
1714,13:58:51,4.47,0.0,35,15645,卖盘
1715,13:59:04,4.47,0.0,34,15198,卖盘
1716,13:59:06,4.47,0.0,53,23691,卖盘
1717,13:59:09,4.47,0.0,35,15645,卖盘
1718,13:59:18,4.47,0.0,51,22797,卖盘
1719,13:59:27,4.47,0.0,59,26373,卖盘
1720,13:59:31,4.47,0.0,84,37599,卖盘
1721,13:59:39,4.48,0.01,4,1792,买盘
1722,13:59:48,4.47,-0.01,30,13410,卖盘
1723,13:59:52,4.47,0.0,60,26820,卖盘
1724,13:59:55,4.47,0.0,31,13857,卖盘
1725,13:59:58,4.47,0.0,173,77331,卖盘
1726,14:00:04,4.46,-0.01,2,892,卖盘
1727,14:00:07,4.46,0.0,34,15164,卖盘
1728,14:00:16,4.46,0.0,12,5352,卖盘
1729,14:00:22,4.46,0.0,53,23638,卖盘
1730,14:00:25,4.47,0.01,6,2682,买盘
1731,14:00:31,4.46,-0.01,55,24530,卖盘
1732,14:00:36,4.46,0.0,233,103918,卖盘
1733,14:00:39,4.47,0.01,51,22747,买盘
1734,14:00:45,4.46,-0.01,2,892,卖盘
1735,14:00:52,4.46,0.0,42,18732,卖盘
1736,14:00:55,4.46,0.0,87,38822,卖盘
1737,14:00:58,4.47,0.01,277,123819,买盘
1738,14:01:01,4.46,-0.01,10,4460,卖盘
1739,14:01:04,4.46,0.0,4,1784,卖盘
1740,14:01:10,4.47,0.01,49,21903,买盘
1741,14:01:13,4.47,0.0,4,1788,卖盘
1742,14:01:16,4.47,0.0,1,447,卖盘
1743,14:01:19,4.47,0.0,1,447,卖盘
1744,14:01:22,4.47,0.0,87,38889,卖盘
1745,14:01:34,4.46,-0.01,20,8920,卖盘
1746,14:01:39,4.46,0.0,2,892,卖盘
1747,14:01:45,4.46,0.0,23,10258,卖盘
1748,14:01:51,4.46,0.0,10,4460,卖盘
1749,14:02:12,4.46,0.0,325,144950,卖盘
1750,14:02:15,4.46,0.0,14,6244,卖盘
1751,14:02:19,4.46,0.0,58,25868,卖盘
1752,14:02:21,4.46,0.0,26,11596,卖盘
1753,14:02:40,4.46,0.0,8,3568,卖盘
1754,14:02:43,4.46,0.0,30,13380,卖盘
1755,14:02:46,4.46,0.0,120,53570,卖盘
1756,14:02:49,4.46,0.0,219,97674,卖盘
1757,14:02:57,4.46,0.0,13,5798,卖盘
1758,14:03:00,4.46,0.0,12,5352,卖盘
1759,14:03:04,4.46,0.0,70,31220,卖盘
1760,14:03:12,4.46,0.0,222,99012,卖盘
1761,14:03:21,4.45,-0.01,1,445,卖盘
1762,14:03:33,4.45,0.0,38,16940,卖盘
1763,14:03:40,4.45,0.0,6,2670,卖盘
1764,14:03:43,4.46,0.01,3,1338,买盘
1765,14:03:46,4.45,-0.01,59,26255,卖盘
1766,14:03:57,4.45,0.0,2,890,卖盘
1767,14:04:00,4.45,0.0,10,4450,卖盘
1768,14:04:09,4.45,0.0,4,1780,卖盘
1769,14:04:12,4.45,0.0,270,120150,卖盘
1770,14:04:19,4.45,0.0,22,9790,卖盘
1771,14:04:22,4.46,0.01,2,892,买盘
1772,14:04:25,4.45,-0.01,162,72090,卖盘
1773,14:04:28,4.45,0.0,100,44500,卖盘
1774,14:04:40,4.45,0.0,39,17355,卖盘
1775,14:04:42,4.45,0.0,15,6675,卖盘
1776,14:04:46,4.45,0.0,602,267890,卖盘
1777,14:04:48,4.45,0.0,30,13350,卖盘
1778,14:04:51,4.45,0.0,537,238965,卖盘
1779,14:04:58,4.45,0.0,372,165540,卖盘
1780,14:05:01,4.45,0.0,2,890,卖盘
1781,14:05:04,4.45,0.0,91,40495,卖盘
1782,14:05:15,4.45,0.0,16,7120,买盘
1783,14:05:22,4.45,0.0,20,8900,买盘
1784,14:05:25,4.45,0.0,97,43165,买盘
1785,14:05:28,4.44,-0.01,8,3552,卖盘
1786,14:05:39,4.45,0.01,30,13330,买盘
1787,14:05:45,4.44,-0.01,7,3113,卖盘
1788,14:05:54,4.45,0.01,53,23585,买盘
1789,14:05:58,4.45,0.0,10,4450,买盘
1790,14:06:01,4.45,0.0,9,4005,买盘
1791,14:06:04,4.45,0.0,127,56515,买盘
1792,14:06:07,4.45,0.0,44,19580,买盘
1793,14:06:10,4.45,0.0,167,74315,买盘
1794,14:06:21,4.46,0.01,10,4460,买盘
1795,14:06:24,4.45,-0.01,58,25810,卖盘
1796,14:06:28,4.45,0.0,12,5340,买盘
1797,14:06:31,4.45,0.0,50,22250,卖盘
1798,14:06:37,4.46,0.01,2,892,买盘
1799,14:06:39,4.45,-0.01,23,10235,卖盘
1800,14:06:42,4.45,0.0,50,22250,卖盘
1801,14:06:46,4.45,0.0,7,3120,卖盘
1802,14:06:49,4.45,0.0,100,44500,卖盘
1803,14:06:58,4.46,0.01,1,446,买盘
1804,14:07:19,4.46,0.0,20,8920,买盘
1805,14:07:24,4.46,0.0,377,168142,买盘
1806,14:07:27,4.46,0.0,25,11150,买盘
1807,14:07:52,4.46,0.0,120,53520,买盘
1808,14:07:54,4.46,0.0,25,11130,买盘
1809,14:08:06,4.46,0.0,18,8028,买盘
1810,14:08:24,4.46,0.0,10,4460,买盘
1811,14:08:28,4.46,0.0,16,7136,买盘
1812,14:08:34,4.46,0.0,4,1784,买盘
1813,14:08:40,4.46,0.0,4,1784,卖盘
1814,14:08:43,4.46,0.0,2,892,卖盘
1815,14:09:27,4.47,0.01,50,22350,买盘
1816,14:09:40,4.47,0.0,48,21456,买盘
1817,14:09:49,4.46,-0.01,2,892,卖盘
1818,14:09:52,4.47,0.01,98,43806,买盘
1819,14:10:04,4.47,0.0,5,2235,买盘
1820,14:10:06,4.47,0.0,5,2235,买盘
1821,14:10:09,4.46,-0.01,200,89200,卖盘
1822,14:10:25,4.46,0.0,200,89200,卖盘
1823,14:10:52,4.46,0.0,100,44600,卖盘
1824,14:10:54,4.46,0.0,200,89200,卖盘
1825,14:10:58,4.46,0.0,41,18286,卖盘
1826,14:11:00,4.46,0.0,42,18762,卖盘
1827,14:11:07,4.47,0.01,212,94764,买盘
1828,14:11:16,4.47,0.0,16,7152,买盘
1829,14:11:21,4.47,0.0,200,89400,买盘
1830,14:11:34,4.47,0.0,142,63474,买盘
1831,14:11:37,4.46,-0.01,20,8920,卖盘
1832,14:11:45,4.46,0.0,84,37464,卖盘
1833,14:11:48,4.47,0.01,37,16539,买盘
1834,14:11:54,4.47,0.0,74,33076,买盘
1835,14:12:15,4.47,0.0,69,30843,买盘
1836,14:12:24,4.46,-0.01,48,21408,卖盘
1837,14:12:30,4.47,0.01,21,9387,买盘
1838,14:12:34,4.46,-0.01,10,4460,卖盘
1839,14:12:37,4.47,0.01,40,17880,买盘
1840,14:12:40,4.47,0.0,82,36644,买盘
1841,14:12:48,4.46,-0.01,2,892,卖盘
1842,14:12:52,4.47,0.01,40,17880,买盘
1843,14:13:04,4.47,0.0,130,58110,买盘
1844,14:13:06,4.46,-0.01,42,18732,卖盘
1845,14:13:10,4.47,0.01,10,4470,买盘
1846,14:13:19,4.47,0.0,23,10281,买盘
1847,14:13:22,4.47,0.0,79,35313,买盘
1848,14:13:25,4.47,0.0,65,29055,卖盘
1849,14:13:28,4.47,0.0,48,21456,卖盘
1850,14:13:33,4.47,0.0,15,6705,卖盘
1851,14:13:36,4.48,0.01,214,95872,买盘
1852,14:13:40,4.47,-0.01,40,17880,卖盘
1853,14:13:43,4.47,0.0,2,894,卖盘
1854,14:13:46,4.48,0.01,91,40768,买盘
1855,14:14:06,4.48,0.0,8,3584,买盘
1856,14:14:10,4.48,0.0,70,31310,买盘
1857,14:14:16,4.47,-0.01,13,5811,卖盘
1858,14:14:21,4.47,0.0,36,16092,卖盘
1859,14:14:24,4.47,0.0,202,90294,卖盘
1860,14:14:30,4.47,0.0,42,18774,卖盘
1861,14:14:36,4.47,0.0,66,29502,卖盘
1862,14:14:43,4.48,0.01,50,22400,买盘
1863,14:14:54,4.47,-0.01,2,894,卖盘
1864,14:15:13,4.48,0.01,39,17450,买盘
1865,14:15:39,4.48,0.0,61,27328,买盘
1866,14:15:42,4.47,-0.01,22,9834,卖盘
1867,14:15:58,4.47,0.0,2,894,卖盘
1868,14:16:01,4.47,0.0,62,27714,卖盘
1869,14:16:09,4.47,0.0,2,894,卖盘
1870,14:16:15,4.47,0.0,35,15645,卖盘
1871,14:16:28,4.47,0.0,200,89400,卖盘
1872,14:16:30,4.48,0.01,1,448,买盘
1873,14:16:42,4.47,-0.01,39,17433,卖盘
1874,14:16:51,4.47,0.0,200,89400,卖盘
1875,14:16:54,4.47,0.0,32,14304,卖盘
1876,14:16:57,4.47,0.0,39,17433,卖盘
1877,14:17:12,4.47,0.0,83,37101,卖盘
1878,14:17:27,4.47,0.0,25,11175,卖盘
1879,14:17:30,4.48,0.01,50,22400,买盘
1880,14:17:42,4.47,-0.01,94,42018,卖盘
1881,14:17:52,4.47,0.0,2,894,卖盘
1882,14:18:04,4.48,0.01,23,10304,买盘
1883,14:18:07,4.48,0.0,32,14336,买盘
1884,14:18:10,4.48,0.0,1,448,买盘
1885,14:18:24,4.48,0.0,50,22400,买盘
1886,14:18:30,4.47,-0.01,65,29055,卖盘
1887,14:18:39,4.48,0.01,16,7168,买盘
1888,14:18:54,4.48,0.0,6,2688,买盘
1889,14:19:00,4.47,-0.01,2,894,卖盘
1890,14:19:07,4.47,0.0,233,104184,卖盘
1891,14:19:18,4.47,0.0,217,96999,卖盘
1892,14:19:31,4.47,0.0,150,67050,买盘
1893,14:19:37,4.47,0.0,107,47829,买盘
1894,14:19:42,4.47,0.0,23,10281,买盘
1895,14:19:46,4.46,-0.01,355,158414,卖盘
1896,14:19:54,4.47,0.01,1,447,卖盘
1897,14:19:57,4.46,-0.01,52,23242,卖盘
1898,14:20:01,4.47,0.01,5,2235,买盘
1899,14:20:18,4.48,0.01,80,35810,买盘
1900,14:20:22,4.47,-0.01,9,4023,卖盘
1901,14:20:54,4.47,0.0,10,4470,卖盘
1902,14:20:57,4.47,0.0,2,894,卖盘
1903,14:21:04,4.47,0.0,6,2682,卖盘
1904,14:21:06,4.47,0.0,50,22350,卖盘
1905,14:21:25,4.47,0.0,10,4470,卖盘
1906,14:21:31,4.47,0.0,517,231099,卖盘
1907,14:21:36,4.47,0.0,48,21456,卖盘
1908,14:21:45,4.48,0.01,27,12071,买盘
1909,14:21:51,4.47,-0.01,88,39336,卖盘
1910,14:21:58,4.47,0.0,2,894,卖盘
1911,14:22:07,4.47,0.0,89,39783,卖盘
1912,14:22:10,4.48,0.01,3,1344,买盘
1913,14:22:15,4.47,-0.01,30,13410,卖盘
1914,14:22:19,4.47,0.0,4,1788,卖盘
1915,14:22:34,4.48,0.01,10,4480,买盘
1916,14:22:43,4.46,-0.02,150,67048,卖盘
1917,14:22:55,4.47,0.01,67,29949,买盘
1918,14:23:10,4.46,-0.01,400,178400,卖盘
1919,14:23:22,4.46,0.0,6,2676,卖盘
1920,14:23:34,4.47,0.01,288,128736,买盘
1921,14:23:37,4.47,0.0,55,24585,买盘
1922,14:23:55,4.47,0.0,30,13410,买盘
1923,14:23:57,4.46,-0.01,2,892,卖盘
1924,14:24:24,4.47,0.01,10,4470,买盘
1925,14:24:37,4.47,0.0,65,29055,买盘
1926,14:24:51,4.46,-0.01,2,892,卖盘
1927,14:25:06,4.46,0.0,121,53966,卖盘
1928,14:25:48,4.46,0.0,3,1338,卖盘
1929,14:26:19,4.47,0.01,101,45147,买盘
1930,14:26:36,4.47,0.0,161,71967,买盘
1931,14:26:48,4.46,-0.01,2,892,卖盘
1932,14:26:51,4.46,0.0,43,19178,卖盘
1933,14:27:01,4.46,0.0,27,12042,卖盘
1934,14:27:04,4.46,0.0,33,14718,卖盘
1935,14:27:19,4.46,0.0,39,17394,卖盘
1936,14:27:27,4.47,0.01,135,60345,买盘
1937,14:27:33,4.46,0.0,33,14718,卖盘
1938,14:27:39,4.47,0.01,1,447,买盘
1939,14:27:45,4.46,-0.01,1,446,卖盘
1940,14:27:49,4.46,0.0,39,17394,卖盘
1941,14:28:00,4.46,0.0,34,15164,卖盘
1942,14:28:13,4.47,0.01,20,8940,买盘
1943,14:28:37,4.46,-0.01,47,20962,卖盘
1944,14:28:40,4.47,0.01,94,42018,买盘
1945,14:28:49,4.47,0.0,1,447,买盘
1946,14:28:52,4.46,-0.01,34,15164,卖盘
1947,14:29:04,4.46,0.0,37,16502,卖盘
1948,14:29:18,4.46,0.0,34,15164,卖盘
1949,14:29:33,4.46,0.0,38,16948,卖盘
1950,14:29:39,4.47,0.01,4,1788,买盘
1951,14:29:48,4.47,0.0,39,17424,买盘
1952,14:29:54,4.47,0.0,22,9834,买盘
1953,14:30:22,4.46,-0.01,84,37464,卖盘
1954,14:30:31,4.46,0.0,5,2230,卖盘
1955,14:30:39,4.47,0.01,79,35313,买盘
1956,14:30:42,4.47,0.0,10,4470,买盘
1957,14:30:46,4.47,0.0,81,36170,买盘
1958,14:30:54,4.46,-0.01,67,29882,卖盘
1959,14:31:04,4.46,0.0,33,14718,卖盘
1960,14:31:10,4.47,0.01,156,69732,买盘
1961,14:31:18,4.46,-0.01,23,10258,卖盘
1962,14:31:24,4.46,0.0,2,892,卖盘
1963,14:31:37,4.46,0.0,45,20070,卖盘
1964,14:31:45,4.46,0.0,100,44600,卖盘
1965,14:31:54,4.46,0.0,33,14718,卖盘
1966,14:32:15,4.46,0.0,28,12488,卖盘
1967,14:32:18,4.47,0.01,10,4470,买盘
1968,14:32:24,4.46,-0.01,40,17840,卖盘
1969,14:32:31,4.46,0.0,10,4460,卖盘
1970,14:32:34,4.46,0.0,57,25472,卖盘
1971,14:32:37,4.47,0.01,50,22350,买盘
1972,14:32:40,4.46,-0.01,1,446,卖盘
1973,14:32:49,4.47,0.01,66,29502,买盘
1974,14:32:54,4.46,-0.01,19,8474,卖盘
1975,14:33:01,4.47,0.01,190,84930,买盘
1976,14:33:15,4.46,-0.01,23,10258,卖盘
1977,14:33:19,4.46,0.0,7,3122,卖盘
1978,14:33:40,4.46,0.0,10,4460,卖盘
1979,14:33:49,4.46,0.0,5,2230,卖盘
1980,14:34:04,4.46,0.0,9,4014,卖盘
1981,14:34:12,4.47,0.01,4,1788,买盘
1982,14:34:16,4.47,0.0,1175,525225,买盘
1983,14:34:18,4.47,0.0,70,31290,买盘
1984,14:34:31,4.46,-0.01,20,8920,卖盘
1985,14:34:33,4.47,0.01,17,7599,买盘
1986,14:34:36,4.46,-0.01,22,9812,卖盘
1987,14:34:39,4.46,0.0,19,8474,卖盘
1988,14:34:43,4.47,0.01,700,312900,买盘
1989,14:34:49,4.47,0.0,626,279822,买盘
1990,14:34:54,4.47,0.0,10,4470,卖盘
1991,14:35:00,4.48,0.01,13,5821,买盘
1992,14:35:04,4.47,-0.01,100,44700,卖盘
1993,14:35:15,4.47,0.0,90,40230,卖盘
1994,14:35:24,4.47,0.0,17,7599,卖盘
1995,14:35:33,4.47,0.0,50,22350,卖盘
1996,14:35:36,4.47,0.0,54,24138,卖盘
1997,14:35:43,4.47,0.0,11,4917,卖盘
1998,14:35:48,4.48,0.01,146,65328,买盘
1999,14:36:04,4.47,-0.01,6,2682,卖盘
2000,14:36:12,4.48,0.01,500,224000,买盘
2001,14:36:21,4.48,0.0,690,309120,买盘
2002,14:36:31,4.48,0.0,20,8950,买盘
2003,14:36:33,4.48,0.0,10,4480,买盘
2004,14:36:39,4.48,0.0,48,21494,买盘
2005,14:36:45,4.48,0.0,23,10304,买盘
2006,14:36:48,4.48,0.0,9,4032,买盘
2007,14:36:54,4.48,0.0,13,5824,买盘
2008,14:37:07,4.48,0.0,10,4480,买盘
2009,14:37:09,4.48,0.0,214,95858,买盘
2010,14:37:12,4.48,0.0,10,4480,买盘
2011,14:37:22,4.47,-0.01,559,249933,卖盘
2012,14:37:25,4.48,0.01,108,48384,买盘
2013,14:37:28,4.47,-0.01,100,44700,卖盘
2014,14:37:30,4.47,0.0,10,4470,卖盘
2015,14:37:33,4.48,0.01,85,38080,买盘
2016,14:37:36,4.48,0.0,7,3136,买盘
2017,14:38:00,4.48,0.0,32,14336,买盘
2018,14:38:07,4.48,0.0,28,12544,买盘
2019,14:38:13,4.47,-0.01,30,13410,卖盘
2020,14:39:04,4.48,0.01,45,20160,买盘
2021,14:39:06,4.48,0.0,135,60480,买盘
2022,14:39:09,4.48,0.0,1,448,买盘
2023,14:39:21,4.47,-0.01,13,5811,卖盘
2024,14:39:24,4.47,0.0,24,10728,卖盘
2025,14:39:28,4.47,0.0,100,44700,卖盘
2026,14:39:43,4.47,0.0,5,2235,卖盘
2027,14:39:45,4.47,0.0,16,7152,卖盘
2028,14:39:49,4.47,0.0,20,8940,卖盘
2029,14:39:51,4.48,0.01,52,23296,买盘
2030,14:40:06,4.48,0.0,8,3584,买盘
2031,14:40:13,4.48,0.0,8,3584,买盘
2032,14:40:15,4.48,0.0,42,18816,买盘
2033,14:40:18,4.48,0.0,1,448,买盘
2034,14:40:21,4.48,0.0,100,44800,买盘
2035,14:40:31,4.48,0.0,57,25536,买盘
2036,14:40:52,4.48,0.0,70,31360,买盘
2037,14:41:21,4.47,-0.01,22,9834,卖盘
2038,14:41:24,4.48,0.01,423,189381,买盘
2039,14:41:27,4.48,0.0,37,16576,买盘
2040,14:41:33,4.48,0.0,76,33977,买盘
2041,14:41:36,4.48,0.0,30,13440,买盘
2042,14:41:54,4.47,-0.01,30,13410,卖盘
2043,14:41:57,4.48,0.01,4,1792,买盘
2044,14:42:04,4.47,-0.01,92,41124,卖盘
2045,14:42:07,4.47,0.0,77,34419,卖盘
2046,14:42:13,4.48,0.01,200,89600,买盘
2047,14:42:16,4.48,0.0,1632,731051,买盘
2048,14:42:21,4.48,0.0,60,26880,卖盘
2049,14:42:24,4.48,0.0,80,35840,卖盘
2050,14:42:30,4.48,0.0,9,4032,卖盘
2051,14:42:34,4.49,0.01,3,1347,买盘
2052,14:42:40,4.49,0.0,13,5837,买盘
2053,14:42:52,4.48,-0.01,270,120960,卖盘
2054,14:42:54,4.49,0.01,54,24231,买盘
2055,14:42:58,4.48,-0.01,5,2240,卖盘
2056,14:43:03,4.48,0.0,88,39434,卖盘
2057,14:43:10,4.48,0.0,87,38976,卖盘
2058,14:43:12,4.49,0.01,169,75881,买盘
2059,14:43:19,4.49,0.0,78,34984,买盘
2060,14:43:22,4.48,-0.01,5,2240,卖盘
2061,14:43:25,4.48,0.0,4,1792,卖盘
2062,14:43:28,4.49,0.01,24,10776,买盘
2063,14:43:33,4.48,-0.01,108,48394,卖盘
2064,14:43:39,4.48,0.0,7,3136,卖盘
2065,14:43:43,4.49,0.01,67,30083,买盘
2066,14:43:49,4.48,-0.01,42,18816,卖盘
2067,14:43:52,4.48,0.0,92,41216,卖盘
2068,14:44:00,4.49,0.01,54,24246,买盘
2069,14:44:15,4.49,0.0,50,22450,买盘
2070,14:44:19,4.49,0.0,3,1347,买盘
2071,14:44:22,4.49,0.0,5,2245,买盘
2072,14:44:25,4.49,0.0,3,1347,买盘
2073,14:44:28,4.49,0.0,6,2694,买盘
2074,14:44:31,4.48,-0.01,37,16576,卖盘
2075,14:44:34,4.48,0.0,93,41670,卖盘
2076,14:44:45,4.48,0.0,94,42112,卖盘
2077,14:44:55,4.48,0.0,42,18816,卖盘
2078,14:45:01,4.48,0.0,56,25088,卖盘
2079,14:45:07,4.49,0.01,32,14338,买盘
2080,14:45:13,4.49,0.0,131,58819,买盘
2081,14:45:28,4.48,-0.01,12,5386,卖盘
2082,14:45:30,4.48,0.0,20,8960,卖盘
2083,14:45:40,4.48,0.0,16,7168,卖盘
2084,14:45:54,4.48,0.0,177,79307,卖盘
2085,14:45:57,4.49,0.01,10,4490,买盘
2086,14:46:04,4.49,0.0,11,4939,买盘
2087,14:46:13,4.48,-0.01,1076,482133,卖盘
2088,14:46:16,4.48,0.0,42,18816,买盘
2089,14:46:18,4.48,0.0,143,64064,买盘
2090,14:46:21,4.48,0.0,18,7979,买盘
2091,14:46:28,4.48,0.0,115,51605,卖盘
2092,14:46:30,4.49,0.01,160,71732,买盘
2093,14:46:33,4.48,-0.01,32,14336,卖盘
2094,14:46:36,4.48,0.0,12,5376,卖盘
2095,14:46:40,4.48,0.0,58,25984,卖盘
2096,14:46:48,4.49,0.01,38,17062,买盘
2097,14:46:57,4.48,-0.01,71,31819,卖盘
2098,14:47:00,4.48,0.0,13,5824,卖盘
2099,14:47:13,4.48,0.0,20,8960,卖盘
2100,14:47:15,4.48,0.0,19,8512,卖盘
2101,14:47:24,4.48,0.0,10,4480,卖盘
2102,14:47:27,4.48,0.0,12,5376,卖盘
2103,14:47:34,4.48,0.0,1,448,卖盘
2104,14:47:37,4.49,0.01,34,15236,买盘
2105,14:47:46,4.48,-0.01,55,24640,卖盘
2106,14:47:49,4.49,0.01,27,12123,买盘
2107,14:47:51,4.48,-0.01,36,16128,卖盘
2108,14:47:54,4.49,0.01,1277,572146,买盘
2109,14:47:57,4.48,-0.01,100,44800,卖盘
2110,14:48:00,4.49,0.01,74,33226,买盘
2111,14:48:03,4.49,0.0,20,8980,买盘
2112,14:48:07,4.48,-0.01,101,45248,卖盘
2113,14:48:10,4.48,0.0,69,30931,卖盘
2114,14:48:13,4.48,0.0,200,89600,卖盘
2115,14:48:22,4.48,0.0,69,30997,卖盘
2116,14:48:25,4.48,0.0,141,63083,买盘
2117,14:48:27,4.49,0.01,77,34526,买盘
2118,14:48:39,4.48,-0.01,223,99989,卖盘
2119,14:48:43,4.48,0.0,16,7168,买盘
2120,14:48:45,4.48,0.0,1,448,买盘
2121,14:48:49,4.48,0.0,18,8064,买盘
2122,14:48:52,4.48,0.0,15,6720,买盘
2123,14:48:55,4.48,0.0,117,52331,买盘
2124,14:48:58,4.48,0.0,20,8960,卖盘
2125,14:49:01,4.48,0.0,30,13440,卖盘
2126,14:49:07,4.48,0.0,22,9941,卖盘
2127,14:49:10,4.48,0.0,4,1792,买盘
2128,14:49:13,4.48,0.0,36,16128,买盘
2129,14:49:15,4.48,0.0,4,1792,买盘
2130,14:49:21,4.48,0.0,6,2688,买盘
2131,14:49:40,4.48,0.0,51,22848,买盘
2132,14:49:48,4.48,0.0,19,8512,买盘
2133,14:49:51,4.48,0.0,11,4928,买盘
2134,14:49:54,4.48,0.0,28,12544,买盘
2135,14:50:00,4.47,-0.01,14,6263,卖盘
2136,14:50:04,4.48,0.01,10,4480,买盘
2137,14:50:07,4.48,0.0,8,3584,买盘
2138,14:50:09,4.47,-0.01,45,20149,卖盘
2139,14:50:12,4.48,0.01,57,25485,买盘
2140,14:50:15,4.48,0.0,20,8960,买盘
2141,14:50:22,4.47,-0.01,76,33972,卖盘
2142,14:50:31,4.47,0.0,55,24635,卖盘
2143,14:50:43,4.47,0.0,5,2235,卖盘
2144,14:50:52,4.48,0.01,20,8960,买盘
2145,14:51:07,4.48,0.0,125,56000,买盘
2146,14:51:10,4.48,0.0,3,1344,买盘
2147,14:51:13,4.48,0.0,21,9408,买盘
2148,14:51:16,4.47,-0.01,34,15198,卖盘
2149,14:51:21,4.47,0.0,5,2235,卖盘
2150,14:51:24,4.47,0.0,270,120740,卖盘
2151,14:51:28,4.47,0.0,10,4470,卖盘
2152,14:51:31,4.47,0.0,67,29949,卖盘
2153,14:51:37,4.47,0.0,108,48276,卖盘
2154,14:51:40,4.47,0.0,64,28669,卖盘
2155,14:51:46,4.47,0.0,35,15645,卖盘
2156,14:51:51,4.47,0.0,30,13410,卖盘
2157,14:51:57,4.47,0.0,1,447,卖盘
2158,14:52:04,4.47,0.0,90,40290,卖盘
2159,14:52:09,4.48,0.01,10,4472,买盘
2160,14:52:12,4.48,0.0,1,448,买盘
2161,14:52:16,4.48,0.0,1,448,买盘
2162,14:52:19,4.47,-0.01,355,158685,卖盘
2163,14:52:28,4.48,0.01,250,112000,买盘
2164,14:52:37,4.47,-0.01,687,307152,卖盘
2165,14:52:45,4.47,0.0,128,57224,卖盘
2166,14:52:48,4.47,0.0,15,6705,卖盘
2167,14:52:51,4.47,0.0,5,2237,卖盘
2168,14:52:55,4.47,0.0,111,49617,卖盘
2169,14:52:57,4.47,0.0,13,5811,卖盘
2170,14:53:01,4.48,0.01,79,35341,买盘
2171,14:53:04,4.47,-0.01,123,54981,卖盘
2172,14:53:07,4.48,0.01,1,448,买盘
2173,14:53:09,4.47,-0.01,36,16096,卖盘
2174,14:53:15,4.48,0.01,58,25931,买盘
2175,14:53:18,4.48,0.0,123,55084,买盘
2176,14:53:22,4.47,-0.01,27,12069,卖盘
2177,14:53:25,4.47,0.0,260,116238,卖盘
2178,14:53:28,4.48,0.01,147,65856,买盘
2179,14:53:31,4.47,-0.01,920,411240,卖盘
2180,14:53:34,4.47,0.0,200,89400,卖盘
2181,14:53:39,4.47,0.0,99,44253,卖盘
2182,14:53:43,4.47,0.0,131,58557,卖盘
2183,14:53:46,4.48,0.01,100,44745,买盘
2184,14:53:49,4.47,-0.01,7,3129,买盘
2185,14:53:54,4.47,0.0,210,93720,买盘
2186,14:53:58,4.47,0.0,198,88506,买盘
2187,14:54:04,4.47,0.0,10,4470,买盘
2188,14:54:10,4.47,0.0,90,40230,买盘
2189,14:54:12,4.47,0.0,72,32184,买盘
2190,14:54:15,4.47,0.0,100,44700,买盘
2191,14:54:19,4.47,0.0,243,108621,买盘
2192,14:54:22,4.47,0.0,280,125160,买盘
2193,14:54:25,4.47,0.0,10,4470,买盘
2194,14:54:28,4.46,-0.01,44,19651,卖盘
2195,14:54:30,4.46,0.0,14,6255,卖盘
2196,14:54:33,4.47,0.01,108,48271,买盘
2197,14:54:40,4.47,0.0,16,7152,卖盘
2198,14:54:43,4.47,0.0,175,78225,卖盘
2199,14:54:51,4.47,0.0,20,8940,卖盘
2200,14:54:54,4.47,0.0,119,53193,卖盘
2201,14:55:00,4.48,0.01,26,11627,买盘
2202,14:55:04,4.46,-0.02,70,31220,卖盘
2203,14:55:07,4.46,0.0,15,6690,卖盘
2204,14:55:19,4.47,0.01,8,3576,卖盘
2205,14:55:21,4.47,0.0,23,10281,卖盘
2206,14:55:28,4.48,0.01,4,1792,买盘
2207,14:55:31,4.47,-0.01,50,22350,卖盘
2208,14:55:34,4.47,0.0,17,7599,卖盘
2209,14:55:40,4.48,0.01,2,896,买盘
2210,14:55:43,4.47,-0.01,30,13410,卖盘
2211,14:55:46,4.48,0.01,80,35840,买盘
2212,14:55:49,4.47,-0.01,145,64815,卖盘
2213,14:55:51,4.47,0.0,10,4470,卖盘
2214,14:55:54,4.47,0.0,60,26820,卖盘
2215,14:55:58,4.47,0.0,30,13430,卖盘
2216,14:56:04,4.47,0.0,40,17880,卖盘
2217,14:56:10,4.47,0.0,20,8940,卖盘
2218,14:56:15,4.47,0.0,23,10281,卖盘
2219,14:56:18,4.48,0.01,82,36693,买盘
2220,14:56:22,4.47,-0.01,50,22350,卖盘
2221,14:56:25,4.47,0.0,20,8940,卖盘
2222,14:56:28,4.47,0.0,20,8940,卖盘
2223,14:56:31,4.48,0.01,137,61242,买盘
2224,14:56:34,4.47,-0.01,315,140805,卖盘
2225,14:56:37,4.47,0.0,78,34866,卖盘
2226,14:56:39,4.47,0.0,367,164049,卖盘
2227,14:56:42,4.47,0.0,14,6258,卖盘
2228,14:56:46,4.47,0.0,118,52746,卖盘
2229,14:56:49,4.47,0.0,33,14751,卖盘
2230,14:56:52,4.47,0.0,46,20562,卖盘
2231,14:56:55,4.48,0.01,22,9856,买盘
2232,14:57:00,4.47,-0.01,30,13410,卖盘
2233,15:00:04,4.48,0.01,2325,1041600,卖盘
