,time,price,change,volume,amount,type
0,09:25:04,4.23,-0.02,60,25380,卖盘
1,09:30:00,4.23,0.0,50,21150,买盘
2,09:30:05,4.28,0.05,78,33366,中性盘
3,09:30:16,4.27,-0.01,1,427,买盘
4,09:30:18,4.29,0.02,79,33821,买盘
5,09:30:31,4.29,0.0,15,6435,买盘
6,09:31:27,4.26,-0.03,2,852,卖盘
7,09:31:31,4.26,0.0,8,3408,卖盘
8,09:31:40,4.26,0.0,5,2130,卖盘
9,09:31:55,4.26,0.0,2,852,卖盘
10,09:32:07,4.26,0.0,2,852,卖盘
11,09:32:15,4.26,0.0,60,25560,卖盘
12,09:32:19,4.26,0.0,1,426,卖盘
13,09:32:22,4.26,0.0,1,426,卖盘
14,09:32:25,4.26,0.0,15,6390,卖盘
15,09:32:34,4.26,0.0,21,8946,买盘
16,09:32:37,4.26,0.0,1,426,买盘
17,09:32:39,4.26,0.0,2,852,买盘
18,09:32:43,4.26,0.0,1,426,买盘
19,09:32:46,4.26,0.0,4,1704,买盘
20,09:32:49,4.26,0.0,4,1704,买盘
21,09:32:51,4.26,0.0,5,2130,买盘
22,09:32:54,4.26,0.0,8,3408,买盘
23,09:32:58,4.26,0.0,8,3408,买盘
24,09:33:01,4.26,0.0,10,4260,买盘
25,09:33:05,4.26,0.0,21,8946,买盘
26,09:33:16,4.26,0.0,1,426,买盘
27,09:34:06,4.27,0.01,10,4270,买盘
28,09:34:16,4.27,0.0,6,2562,买盘
29,09:34:22,4.26,-0.01,2,852,卖盘
30,09:34:36,4.26,0.0,30,12780,卖盘
31,09:34:55,4.26,0.0,18,7668,卖盘
32,09:34:57,4.26,0.0,10,4260,卖盘
33,09:35:00,4.27,0.01,20,8540,买盘
34,09:35:13,4.26,-0.01,26,11076,卖盘
35,09:35:18,4.26,0.0,17,7242,买盘
36,09:35:36,4.26,0.0,9,3834,买盘
37,09:35:40,4.26,0.0,3,1278,买盘
38,09:35:49,4.26,0.0,4,1704,卖盘
39,09:35:51,4.26,0.0,8,3408,卖盘
40,09:36:01,4.26,0.0,10,4260,买盘
41,09:36:13,4.25,-0.01,32,13600,卖盘
42,09:36:33,4.25,0.0,13,5525,卖盘
43,09:36:37,4.26,0.01,11,4686,买盘
44,09:37:13,4.25,-0.01,30,12750,卖盘
45,09:37:24,4.24,-0.01,25,10600,卖盘
46,09:37:27,4.23,-0.01,5,2115,卖盘
47,09:37:31,4.23,0.0,5,2115,卖盘
48,09:38:06,4.24,0.01,14,5936,买盘
49,09:38:13,4.23,-0.01,2,846,卖盘
50,09:38:19,4.24,0.01,107,45368,买盘
51,09:38:27,4.23,-0.01,6,2538,卖盘
52,09:38:34,4.24,0.01,1,424,买盘
53,09:39:37,4.23,-0.01,59,24957,卖盘
54,09:39:40,4.22,-0.01,155,65561,卖盘
55,09:39:49,4.23,0.01,36,15224,买盘
56,09:40:13,4.22,-0.01,25,10555,卖盘
57,09:40:15,4.22,0.0,8,3376,卖盘
58,09:40:24,4.22,0.0,2,844,卖盘
59,09:40:37,4.22,0.0,22,9284,卖盘
60,09:41:10,4.23,0.01,10,4230,买盘
61,09:41:16,4.23,0.0,10,4230,买盘
62,09:41:22,4.23,0.0,4,1692,买盘
63,09:41:25,4.23,0.0,10,4230,买盘
64,09:41:30,4.23,0.0,40,16920,买盘
65,09:41:46,4.23,0.0,10,4230,买盘
66,09:42:01,4.23,0.0,50,21150,买盘
67,09:42:07,4.23,0.0,55,23265,卖盘
68,09:42:10,4.23,0.0,8,3384,卖盘
69,09:42:15,4.22,-0.01,12,5064,卖盘
70,09:42:21,4.23,0.01,25,10575,买盘
71,09:42:34,4.23,0.0,156,65988,卖盘
72,09:42:48,4.23,0.0,25,10575,买盘
73,09:42:55,4.23,0.0,41,17343,买盘
74,09:42:58,4.23,0.0,92,38916,买盘
75,09:43:00,4.23,0.0,24,10152,买盘
76,09:43:03,4.23,0.0,16,6768,买盘
77,09:43:06,4.23,0.0,181,76563,买盘
78,09:43:28,4.25,0.02,50,21250,买盘
79,09:44:10,4.24,-0.01,12,5088,买盘
80,09:45:07,4.23,-0.01,9,3807,卖盘
81,09:45:10,4.23,0.0,11,4653,卖盘
82,09:45:15,4.23,0.0,8,3384,卖盘
83,09:45:22,4.23,0.0,97,41031,卖盘
84,09:45:28,4.23,0.0,4,1692,买盘
85,09:45:51,4.23,0.0,1,423,卖盘
86,09:45:58,4.23,0.0,22,9306,卖盘
87,09:46:06,4.22,-0.01,1,422,卖盘
88,09:46:15,4.23,0.01,2,846,买盘
89,09:46:22,4.23,0.0,6,2538,卖盘
90,09:46:37,4.23,0.0,12,5076,卖盘
91,09:47:06,4.23,0.0,6,2538,买盘
92,09:47:19,4.23,0.0,5,2115,买盘
93,09:47:24,4.23,0.0,20,8460,买盘
94,09:47:36,4.23,0.0,10,4230,买盘
95,09:47:39,4.23,0.0,160,67680,买盘
96,09:48:43,4.25,0.02,2,850,买盘
97,09:48:46,4.25,0.0,1,425,卖盘
98,09:48:49,4.25,0.0,27,11475,卖盘
99,09:49:04,4.25,0.0,4,1700,买盘
100,09:49:19,4.26,0.01,19,8081,买盘
101,09:49:22,4.25,-0.01,12,5100,中性盘
102,09:49:27,4.23,-0.02,1,423,卖盘
103,09:49:46,4.23,0.0,3,1269,卖盘
104,09:49:49,4.23,0.0,4,1692,卖盘
105,09:49:51,4.24,0.01,3,1272,卖盘
106,09:49:54,4.24,0.0,5,2120,卖盘
107,09:50:25,4.24,0.0,2,848,卖盘
108,09:50:57,4.24,0.0,47,19928,买盘
109,09:51:37,4.24,0.0,30,12720,卖盘
110,09:51:52,4.23,-0.01,1,423,卖盘
111,09:52:31,4.24,0.01,7,2968,买盘
112,09:53:07,4.24,0.0,32,13568,买盘
113,09:53:31,4.24,0.0,1,424,买盘
114,09:53:45,4.23,-0.01,1,423,卖盘
115,09:53:49,4.24,0.01,15,6360,买盘
116,09:54:34,4.23,-0.01,5,2119,卖盘
117,09:54:51,4.23,0.0,1,423,卖盘
118,09:55:04,4.23,0.0,10,4230,卖盘
119,09:55:22,4.23,0.0,187,79101,卖盘
120,09:55:48,4.23,0.0,20,8460,买盘
121,09:55:52,4.22,-0.01,100,42200,卖盘
122,09:55:55,4.22,0.0,5,2110,卖盘
123,09:56:16,4.22,0.0,35,14770,卖盘
124,09:56:40,4.22,0.0,10,4220,卖盘
125,09:56:42,4.22,0.0,1,422,卖盘
126,09:56:52,4.22,0.0,29,12238,卖盘
127,09:56:54,4.22,0.0,10,4220,卖盘
128,09:57:10,4.22,0.0,1,422,卖盘
129,09:57:19,4.22,0.0,109,46369,卖盘
130,09:57:25,4.22,0.0,84,35448,卖盘
131,09:57:27,4.22,0.0,54,22422,卖盘
132,09:57:31,4.22,0.0,9,3798,买盘
133,09:57:55,4.21,-0.01,17,7157,卖盘
134,09:57:58,4.21,0.0,7,2947,卖盘
135,09:58:18,4.21,0.0,10,4210,卖盘
136,09:58:22,4.21,0.0,1,421,卖盘
137,09:58:24,4.22,0.01,10,4220,买盘
138,09:58:27,4.21,-0.01,5,2105,卖盘
139,09:58:31,4.22,0.01,5,2110,买盘
140,09:59:09,4.22,0.0,4,1688,买盘
141,09:59:16,4.22,0.0,2,844,买盘
142,09:59:24,4.21,-0.01,1,421,卖盘
143,09:59:28,4.21,0.0,90,38202,卖盘
144,09:59:31,4.21,0.0,9,3789,卖盘
145,09:59:34,4.21,0.0,112,47152,卖盘
146,09:59:37,4.21,0.0,21,8529,卖盘
147,09:59:42,4.21,0.0,5,2105,买盘
148,09:59:46,4.21,0.0,5,2105,卖盘
149,09:59:49,4.22,0.01,7,2954,买盘
150,09:59:57,4.21,-0.01,12,5052,买盘
151,10:00:04,4.2,-0.01,1,420,卖盘
152,10:00:19,4.2,0.0,138,57960,卖盘
153,10:00:22,4.2,0.0,132,55440,卖盘
154,10:00:24,4.21,0.01,6,2526,买盘
155,10:00:43,4.2,-0.01,100,42000,卖盘
156,10:00:48,4.2,0.0,39,16380,卖盘
157,10:01:10,4.19,-0.01,42,17598,卖盘
158,10:01:12,4.19,0.0,6,2514,卖盘
159,10:01:22,4.19,0.0,19,7961,买盘
160,10:01:30,4.19,0.0,90,37710,卖盘
161,10:01:42,4.21,0.02,12,5052,买盘
162,10:02:04,4.21,0.0,6,2526,卖盘
163,10:02:22,4.21,0.0,10,4210,买盘
164,10:02:24,4.2,-0.01,7,2940,卖盘
165,10:02:40,4.2,0.0,8,3360,卖盘
166,10:03:25,4.21,0.01,4,1684,买盘
167,10:03:49,4.2,-0.01,7,2940,卖盘
168,10:03:52,4.2,0.0,20,8400,卖盘
169,10:03:58,4.2,0.0,50,21000,卖盘
170,10:04:07,4.2,0.0,64,26880,卖盘
171,10:04:10,4.2,0.0,3,1260,买盘
172,10:04:15,4.2,0.0,32,13440,卖盘
173,10:04:30,4.2,0.0,15,6300,买盘
174,10:04:40,4.2,0.0,5,2100,买盘
175,10:04:48,4.2,0.0,20,8400,买盘
176,10:04:51,4.2,0.0,7,2940,买盘
177,10:05:10,4.2,0.0,55,23100,买盘
178,10:05:12,4.2,0.0,9,3780,卖盘
179,10:06:42,4.2,0.0,9,3780,卖盘
180,10:06:58,4.2,0.0,7,2940,卖盘
181,10:07:16,4.21,0.01,247,103987,买盘
182,10:07:19,4.22,0.01,1,422,买盘
183,10:07:22,4.22,0.0,2,844,买盘
184,10:07:25,4.22,0.0,39,16458,买盘
185,10:07:27,4.22,0.0,12,5064,买盘
186,10:07:30,4.22,0.0,2,844,买盘
187,10:07:33,4.22,0.0,1,422,买盘
188,10:07:40,4.22,0.0,28,11816,买盘
189,10:07:43,4.22,0.0,1,422,买盘
190,10:07:46,4.22,0.0,1,422,买盘
191,10:07:49,4.22,0.0,2,844,买盘
192,10:07:51,4.22,0.0,7,2954,卖盘
193,10:08:37,4.23,0.01,6,2538,买盘
194,10:08:55,4.22,-0.01,1,422,卖盘
195,10:09:19,4.22,0.0,60,25320,卖盘
196,10:09:21,4.22,0.0,5,2110,卖盘
197,10:09:31,4.22,0.0,19,8018,卖盘
198,10:10:21,4.21,-0.01,5,2105,卖盘
199,10:10:33,4.22,0.01,10,4220,买盘
200,10:10:55,4.21,-0.01,1,421,卖盘
201,10:11:16,4.21,0.0,380,159980,卖盘
202,10:11:19,4.22,0.01,3,1266,买盘
203,10:11:45,4.21,-0.01,7,2947,卖盘
204,10:12:16,4.22,0.01,38,16036,买盘
205,10:12:24,4.23,0.01,4,1692,买盘
206,10:12:42,4.21,-0.02,1,421,卖盘
207,10:12:58,4.22,0.01,24,10128,卖盘
208,10:13:13,4.21,-0.01,7,2947,卖盘
209,10:13:55,4.21,0.0,5,2105,卖盘
210,10:14:34,4.22,0.01,4,1688,买盘
211,10:14:37,4.22,0.0,8,3376,卖盘
212,10:14:55,4.22,0.0,6,2532,买盘
213,10:15:21,4.22,0.0,3,1266,买盘
214,10:15:31,4.22,0.0,18,7596,买盘
215,10:15:34,4.22,0.0,5,2110,卖盘
216,10:15:36,4.22,0.0,20,8440,卖盘
217,10:15:39,4.22,0.0,7,2954,卖盘
218,10:15:46,4.22,0.0,17,7174,买盘
219,10:15:49,4.22,0.0,1,422,卖盘
220,10:15:57,4.23,0.01,2,846,买盘
221,10:16:06,4.22,-0.01,2,844,卖盘
222,10:16:30,4.22,0.0,1,422,卖盘
223,10:16:58,4.22,0.0,2,844,卖盘
224,10:17:09,4.22,0.0,3,1266,卖盘
225,10:17:19,4.23,0.01,2,846,卖盘
226,10:17:34,4.25,0.02,39,16575,买盘
227,10:17:43,4.23,-0.02,3,1269,卖盘
228,10:17:48,4.24,0.01,6,2544,中性盘
229,10:18:06,4.23,-0.01,5,2115,卖盘
230,10:18:27,4.23,0.0,68,28764,卖盘
231,10:18:31,4.23,0.0,11,4653,卖盘
232,10:18:34,4.23,0.0,5,2115,卖盘
233,10:18:37,4.23,0.0,1,423,卖盘
234,10:18:43,4.23,0.0,14,5922,卖盘
235,10:18:54,4.23,0.0,1,423,买盘
236,10:19:01,4.25,0.02,67,28416,买盘
237,10:19:16,4.24,-0.01,30,12720,买盘
238,10:19:31,4.23,-0.01,1,423,卖盘
239,10:19:37,4.23,0.0,48,20304,卖盘
240,10:19:43,4.23,0.0,42,17766,买盘
241,10:19:45,4.23,0.0,2,846,卖盘
242,10:19:55,4.23,0.0,6,2538,卖盘
243,10:20:09,4.23,0.0,8,3384,卖盘
244,10:20:13,4.23,0.0,1,423,卖盘
245,10:20:58,4.23,0.0,2,846,卖盘
246,10:21:10,4.23,0.0,3,1269,卖盘
247,10:22:09,4.24,0.01,18,7630,买盘
248,10:22:34,4.25,0.01,15,6375,买盘
249,10:23:06,4.25,0.0,5,2125,买盘
250,10:23:10,4.24,-0.01,3,1272,卖盘
251,10:23:25,4.24,0.0,2,848,卖盘
252,10:24:09,4.24,0.0,2,848,卖盘
253,10:24:19,4.24,0.0,1,424,卖盘
254,10:24:39,4.24,0.0,2,848,卖盘
255,10:24:49,4.24,0.0,10,4240,卖盘
256,10:24:51,4.24,0.0,1,424,卖盘
257,10:25:10,4.24,0.0,3,1272,卖盘
258,10:25:13,4.24,0.0,2,848,卖盘
259,10:25:15,4.24,0.0,2,848,卖盘
260,10:25:18,4.24,0.0,2,848,卖盘
261,10:25:57,4.24,0.0,2,848,卖盘
262,10:26:06,4.24,0.0,3,1272,卖盘
263,10:26:09,4.24,0.0,4,1696,卖盘
264,10:26:13,4.25,0.01,3,1273,买盘
265,10:26:16,4.24,-0.01,2,848,卖盘
266,10:26:19,4.24,0.0,4,1698,卖盘
267,10:27:00,4.25,0.01,10,4250,买盘
268,10:27:09,4.24,-0.01,3,1272,卖盘
269,10:27:12,4.24,0.0,2,848,卖盘
270,10:27:24,4.25,0.01,60,25500,买盘
271,10:27:27,4.25,0.0,25,10625,买盘
272,10:28:10,4.24,-0.01,2,848,卖盘
273,10:28:25,4.24,0.0,2,848,卖盘
274,10:29:10,4.24,0.0,3,1272,卖盘
275,10:29:22,4.24,0.0,34,14416,卖盘
276,10:29:43,4.24,0.0,2,848,卖盘
277,10:30:00,4.24,0.0,1,424,卖盘
278,10:30:03,4.25,0.01,6,2550,买盘
279,10:30:06,4.24,-0.01,2,848,卖盘
280,10:30:34,4.25,0.01,2,850,买盘
281,10:30:45,4.24,-0.01,4,1696,卖盘
282,10:32:34,4.24,0.0,54,22896,卖盘
283,10:32:55,4.24,0.0,49,20776,买盘
284,10:33:54,4.24,0.0,33,13992,买盘
285,10:34:52,4.25,0.01,7,2975,买盘
286,10:35:13,4.25,0.0,212,90100,买盘
287,10:35:43,4.26,0.01,2,852,买盘
288,10:36:15,4.26,0.0,135,57510,买盘
289,10:36:19,4.26,0.0,2,852,买盘
290,10:36:22,4.26,0.0,1,426,买盘
291,10:36:25,4.26,0.0,2,852,买盘
292,10:36:28,4.26,0.0,2,852,买盘
293,10:36:30,4.26,0.0,69,29394,买盘
294,10:36:42,4.26,0.0,5,2130,卖盘
295,10:36:55,4.27,0.01,6,2562,买盘
296,10:38:07,4.26,-0.01,6,2556,卖盘
297,10:38:09,4.26,0.0,1,426,卖盘
298,10:38:43,4.26,0.0,20,8520,卖盘
299,10:38:48,4.27,0.01,45,19215,买盘
300,10:38:52,4.27,0.0,4,1708,卖盘
301,10:38:55,4.27,0.0,1,427,卖盘
302,10:39:06,4.27,0.0,60,25610,买盘
303,10:39:19,4.26,-0.01,16,6816,卖盘
304,10:39:21,4.26,0.0,24,10224,卖盘
305,10:39:25,4.26,0.0,15,6390,中性盘
306,10:39:34,4.26,0.0,85,36210,卖盘
307,10:39:45,4.26,0.0,36,15336,买盘
308,10:39:48,4.26,0.0,22,9372,卖盘
309,10:39:58,4.27,0.01,50,21350,买盘
310,10:40:01,4.26,-0.01,1,426,卖盘
311,10:40:06,4.27,0.01,63,26901,买盘
312,10:40:09,4.27,0.0,3,1281,卖盘
313,10:41:16,4.26,-0.01,11,4686,卖盘
314,10:41:37,4.26,0.0,2,852,卖盘
315,10:41:55,4.26,0.0,50,21300,卖盘
316,10:42:10,4.26,0.0,11,4686,卖盘
317,10:42:18,4.26,0.0,24,10224,卖盘
318,10:42:22,4.26,0.0,11,4686,卖盘
319,10:42:27,4.26,0.0,2,852,卖盘
320,10:42:40,4.26,0.0,6,2556,卖盘
321,10:42:43,4.27,0.01,4,1708,买盘
322,10:42:49,4.26,-0.01,1,426,卖盘
323,10:43:09,4.27,0.01,7,2989,买盘
324,10:44:15,4.27,0.0,20,8540,买盘
325,10:44:45,4.26,-0.01,10,4260,卖盘
326,10:45:13,4.26,0.0,13,5538,卖盘
327,10:45:19,4.26,0.0,9,3834,卖盘
328,10:45:33,4.26,0.0,1,426,卖盘
329,10:45:46,4.27,0.01,3,1281,买盘
330,10:46:22,4.26,-0.01,7,2982,卖盘
331,10:46:37,4.27,0.01,29,12383,买盘
332,10:47:37,4.26,-0.01,3,1278,卖盘
333,10:47:40,4.26,0.0,1,426,卖盘
334,10:48:01,4.26,0.0,10,4260,卖盘
335,10:48:34,4.26,0.0,4,1704,卖盘
336,10:48:49,4.27,0.01,5,2135,买盘
337,10:48:52,4.26,-0.01,1,426,卖盘
338,10:49:06,4.26,0.0,1,426,卖盘
339,10:49:16,4.27,0.01,23,9821,买盘
340,10:49:30,4.26,-0.01,4,1704,卖盘
341,10:49:39,4.26,0.0,4,1704,卖盘
342,10:49:48,4.26,0.0,2,852,卖盘
343,10:50:37,4.27,0.01,3,1281,买盘
344,10:51:13,4.26,-0.01,6,2556,卖盘
345,10:51:22,4.26,0.0,3,1278,卖盘
346,10:51:24,4.26,0.0,2,852,卖盘
347,10:51:48,4.26,0.0,1,426,卖盘
348,10:51:57,4.26,0.0,5,2130,卖盘
349,10:52:45,4.26,0.0,4,1704,卖盘
350,10:53:15,4.26,0.0,7,2985,卖盘
351,10:53:43,4.26,0.0,3,1278,卖盘
352,10:53:49,4.26,0.0,7,2982,卖盘
353,10:53:52,4.26,0.0,3,1278,卖盘
354,10:53:55,4.26,0.0,34,14484,卖盘
355,10:54:00,4.26,0.0,27,11502,买盘
356,10:54:22,4.26,0.0,60,25560,买盘
357,10:54:45,4.26,0.0,1,426,卖盘
358,10:54:48,4.27,0.01,5,2133,买盘
359,10:54:51,4.27,0.0,5,2134,买盘
360,10:54:55,4.27,0.0,8,3416,买盘
361,10:54:58,4.27,0.0,9,3843,买盘
362,10:55:00,4.27,0.0,88,37576,买盘
363,10:55:04,4.27,0.0,29,12383,买盘
364,10:55:06,4.27,0.0,1,427,卖盘
365,10:55:09,4.28,0.01,21,8987,买盘
366,10:55:12,4.28,0.0,2,856,买盘
367,10:55:16,4.27,-0.01,1,427,卖盘
368,10:55:46,4.27,0.0,1,427,卖盘
369,10:55:58,4.28,0.01,25,10700,买盘
370,10:56:51,4.28,0.0,1,428,买盘
371,10:57:01,4.27,-0.01,1,427,卖盘
372,10:57:34,4.27,0.0,1,427,卖盘
373,10:58:22,4.27,0.0,8,3416,卖盘
374,10:58:51,4.27,0.0,6,2562,卖盘
375,10:58:54,4.27,0.0,1,427,卖盘
376,10:59:13,4.28,0.01,2,856,买盘
377,10:59:19,4.28,0.0,6,2568,买盘
378,10:59:22,4.28,0.0,2,856,买盘
379,10:59:24,4.28,0.0,3,1284,买盘
380,10:59:27,4.28,0.0,54,23112,买盘
381,10:59:52,4.28,0.0,1,428,卖盘
382,10:59:54,4.28,0.0,3,1284,卖盘
383,11:00:04,4.28,0.0,2,856,卖盘
384,11:00:30,4.29,0.01,5,2145,买盘
385,11:01:24,4.29,0.0,39,16722,买盘
386,11:01:51,4.29,0.0,84,36036,买盘
387,11:01:54,4.28,-0.01,100,42805,卖盘
388,11:02:10,4.28,0.0,25,10700,买盘
389,11:02:12,4.28,0.0,5,2140,买盘
390,11:02:55,4.27,-0.01,8,3416,卖盘
391,11:02:58,4.28,0.01,375,160500,买盘
392,11:03:55,4.28,0.0,4,1712,买盘
393,11:05:31,4.28,0.0,1,428,买盘
394,11:05:34,4.28,0.0,2,856,买盘
395,11:05:37,4.28,0.0,2,856,买盘
396,11:05:40,4.28,0.0,36,15408,买盘
397,11:07:01,4.27,-0.01,161,68747,卖盘
398,11:08:46,4.27,0.0,9,3843,卖盘
399,11:08:49,4.27,0.0,5,2135,买盘
400,11:09:28,4.27,0.0,10,4270,买盘
401,11:09:46,4.27,0.0,1,427,卖盘
402,11:09:49,4.27,0.0,1,427,卖盘
403,11:09:51,4.27,0.0,1,427,卖盘
404,11:09:55,4.27,0.0,1,427,卖盘
405,11:09:57,4.27,0.0,1,427,卖盘
406,11:10:01,4.27,0.0,1,427,卖盘
407,11:10:03,4.27,0.0,3,1281,卖盘
408,11:10:37,4.27,0.0,30,12810,卖盘
409,11:10:43,4.28,0.01,5,2140,卖盘
410,11:11:04,4.27,-0.01,5,2135,卖盘
411,11:11:06,4.27,0.0,3,1281,卖盘
412,11:11:19,4.27,0.0,12,5124,卖盘
413,11:11:22,4.27,0.0,10,4270,卖盘
414,11:11:33,4.27,0.0,4,1708,买盘
415,11:11:36,4.27,0.0,9,3843,卖盘
416,11:11:39,4.27,0.0,11,4697,卖盘
417,11:12:24,4.29,0.02,30,12862,买盘
418,11:13:04,4.27,-0.02,8,3416,卖盘
419,11:15:45,4.27,0.0,2,854,买盘
420,11:15:51,4.26,-0.01,49,20880,卖盘
421,11:16:34,4.26,0.0,20,8520,卖盘
422,11:16:49,4.26,0.0,20,8520,卖盘
423,11:17:12,4.26,0.0,20,8520,卖盘
424,11:17:33,4.26,0.0,46,19596,卖盘
425,11:18:19,4.26,0.0,22,9372,卖盘
426,11:19:27,4.26,0.0,10,4260,卖盘
427,11:19:46,4.26,0.0,1,426,卖盘
428,11:19:48,4.26,0.0,1,426,卖盘
429,11:19:51,4.26,0.0,1,426,卖盘
430,11:19:54,4.26,0.0,1,426,卖盘
431,11:19:57,4.26,0.0,30,12780,卖盘
432,11:20:01,4.26,0.0,3,1278,卖盘
433,11:20:10,4.26,0.0,41,17466,卖盘
434,11:20:21,4.25,-0.01,10,4250,卖盘
435,11:25:13,4.26,0.01,1,426,买盘
436,11:25:16,4.26,0.0,20,8520,买盘
437,11:25:51,4.27,0.01,10,4270,买盘
438,11:27:00,4.26,-0.01,6,2556,买盘
439,11:27:15,4.25,-0.01,35,14875,卖盘
440,11:27:24,4.25,0.0,3,1275,卖盘
441,11:28:57,4.26,0.01,5,2130,买盘
442,11:29:15,4.26,0.0,4,1704,买盘
443,13:00:04,4.26,0.0,3,1278,中性盘
444,13:00:10,4.26,0.0,10,4260,买盘
445,13:01:45,4.26,0.0,21,8946,买盘
446,13:02:36,4.26,0.0,5,2130,卖盘
447,13:03:36,4.26,0.0,1,426,卖盘
448,13:04:03,4.26,0.0,1,426,卖盘
449,13:04:06,4.26,0.0,1,426,卖盘
450,13:04:09,4.26,0.0,1,426,卖盘
451,13:04:12,4.26,0.0,1,426,卖盘
452,13:04:15,4.26,0.0,4,1704,卖盘
453,13:04:18,4.26,0.0,2,852,卖盘
454,13:04:21,4.26,0.0,2,852,卖盘
455,13:05:31,4.26,0.0,1,426,卖盘
456,13:05:33,4.26,0.0,10,4260,卖盘
457,13:05:57,4.26,0.0,22,9372,买盘
458,13:06:00,4.26,0.0,30,12780,卖盘
459,13:06:04,4.26,0.0,4,1704,卖盘
460,13:06:07,4.25,-0.01,50,21255,卖盘
461,13:06:30,4.25,0.0,10,4250,卖盘
462,13:06:48,4.26,0.01,1,426,买盘
463,13:07:21,4.25,-0.01,10,4250,卖盘
464,13:08:48,4.25,0.0,25,10625,卖盘
465,13:09:34,4.25,0.0,10,4250,卖盘
466,13:12:30,4.25,0.0,45,19125,卖盘
467,13:13:04,4.25,0.0,10,4250,卖盘
468,13:14:25,4.28,0.03,126,53904,买盘
469,13:14:27,4.25,-0.03,4,1700,卖盘
470,13:14:51,4.26,0.01,10,4260,卖盘
471,13:14:54,4.26,0.0,4,1704,卖盘
472,13:16:24,4.26,0.0,2,852,卖盘
473,13:16:46,4.26,0.0,1,426,卖盘
474,13:17:09,4.28,0.02,1,428,买盘
475,13:18:15,4.26,-0.02,1,426,卖盘
476,13:19:15,4.28,0.02,10,4280,买盘
477,13:20:01,4.28,0.0,95,40660,买盘
478,13:20:12,4.27,-0.01,1,427,卖盘
479,13:20:15,4.27,0.0,2,854,卖盘
480,13:20:18,4.27,0.0,1,427,卖盘
481,13:20:22,4.27,0.0,7,2989,卖盘
482,13:20:24,4.27,0.0,2,854,卖盘
483,13:20:27,4.26,-0.01,10,4260,卖盘
484,13:20:49,4.27,0.01,7,2989,买盘
485,13:20:52,4.27,0.0,6,2562,卖盘
486,13:20:54,4.27,0.0,5,2135,卖盘
487,13:20:58,4.27,0.0,3,1281,卖盘
488,13:21:01,4.27,0.0,3,1281,卖盘
489,13:21:03,4.27,0.0,2,854,卖盘
490,13:21:06,4.27,0.0,2,854,卖盘
491,13:21:10,4.27,0.0,1,427,卖盘
492,13:21:18,4.28,0.01,30,12840,买盘
493,13:21:37,4.26,-0.02,80,34080,卖盘
494,13:21:58,4.25,-0.01,6,2550,卖盘
495,13:22:24,4.25,0.0,1,425,卖盘
496,13:23:58,4.27,0.02,5,2135,买盘
497,13:24:01,4.28,0.01,57,24396,买盘
498,13:24:39,4.27,-0.01,22,9394,卖盘
499,13:25:58,4.27,0.0,1,427,卖盘
500,13:26:04,4.27,0.0,1,427,卖盘
501,13:26:24,4.27,0.0,1,427,卖盘
502,13:26:45,4.27,0.0,4,1708,卖盘
503,13:27:25,4.27,0.0,1,427,卖盘
504,13:27:39,4.26,-0.01,50,21316,卖盘
505,13:27:49,4.26,0.0,1,426,卖盘
506,13:30:04,4.27,0.01,4,1708,买盘
507,13:30:10,4.26,-0.01,3,1278,卖盘
508,13:31:01,4.26,0.0,2,852,卖盘
509,13:31:06,4.26,0.0,2,852,卖盘
510,13:32:24,4.27,0.01,2,854,买盘
511,13:32:30,4.27,0.0,25,10675,卖盘
512,13:33:45,4.27,0.0,6,2562,卖盘
513,13:34:25,4.26,-0.01,1,426,卖盘
514,13:34:46,4.27,0.01,4,1708,买盘
515,13:34:48,4.26,-0.01,2,852,卖盘
516,13:37:00,4.27,0.01,10,4270,买盘
517,13:37:04,4.26,-0.01,4,1704,卖盘
518,13:37:07,4.27,0.01,1,427,买盘
519,13:37:12,4.26,-0.01,3,1278,卖盘
520,13:37:16,4.27,0.01,5,2135,买盘
521,13:39:09,4.27,0.0,42,17914,买盘
522,13:39:27,4.28,0.01,4,1712,买盘
523,13:40:15,4.26,-0.02,1,426,卖盘
524,13:40:18,4.26,0.0,1,426,卖盘
525,13:40:22,4.26,0.0,1,426,卖盘
526,13:40:24,4.26,0.0,1,426,卖盘
527,13:41:16,4.26,0.0,14,5964,卖盘
528,13:41:22,4.27,0.01,46,19606,中性盘
529,13:41:37,4.27,0.0,6,2562,中性盘
530,13:41:49,4.27,0.0,4,1708,买盘
531,13:42:24,4.26,-0.01,37,15762,卖盘
532,13:42:27,4.26,0.0,7,2982,卖盘
533,13:42:46,4.26,0.0,36,15336,卖盘
534,13:43:07,4.26,0.0,37,15762,卖盘
535,13:43:09,4.26,0.0,65,27690,卖盘
536,13:43:15,4.26,0.0,2,852,买盘
537,13:43:21,4.26,0.0,1,426,买盘
538,13:43:34,4.26,0.0,16,6816,买盘
539,13:43:39,4.26,0.0,23,9798,买盘
540,13:43:43,4.26,0.0,17,7242,卖盘
541,13:44:10,4.25,-0.01,37,15726,卖盘
542,13:44:27,4.25,0.0,6,2550,卖盘
543,13:44:42,4.25,0.0,12,5100,卖盘
544,13:44:54,4.26,0.01,6,2556,买盘
545,13:45:09,4.26,0.0,3,1278,卖盘
546,13:45:27,4.26,0.0,1,426,卖盘
547,13:45:30,4.26,0.0,16,6816,卖盘
548,13:45:33,4.26,0.0,6,2556,卖盘
549,13:46:01,4.25,-0.01,2,850,卖盘
550,13:46:21,4.26,0.01,17,7242,买盘
551,13:46:30,4.27,0.01,4,1708,买盘
552,13:47:19,4.25,-0.02,2,850,卖盘
553,13:48:09,4.26,0.01,9,3834,卖盘
554,13:48:13,4.26,0.0,2,852,卖盘
555,13:48:51,4.26,0.0,8,3408,买盘
556,13:49:15,4.26,0.0,5,2130,买盘
557,13:50:18,4.25,-0.01,1,425,卖盘
558,13:50:22,4.25,0.0,1,425,卖盘
559,13:50:24,4.25,0.0,1,425,卖盘
560,13:50:27,4.25,0.0,1,425,卖盘
561,13:50:40,4.25,0.0,300,127500,卖盘
562,13:51:13,4.26,0.01,1,426,买盘
563,13:51:27,4.26,0.0,16,6816,买盘
564,13:51:42,4.25,-0.01,7,2975,卖盘
565,13:51:51,4.26,0.01,50,21300,买盘
566,13:52:04,4.25,-0.01,3,1275,卖盘
567,13:52:13,4.25,0.0,3,1275,卖盘
568,13:53:30,4.26,0.01,41,17461,买盘
569,13:53:33,4.26,0.0,4,1704,中性盘
570,13:54:36,4.27,0.01,264,112728,买盘
571,13:55:01,4.26,-0.01,9,3834,卖盘
572,13:55:21,4.26,0.0,3,1278,卖盘
573,13:55:33,4.25,-0.01,50,21250,卖盘
574,13:55:51,4.27,0.02,200,85383,买盘
575,13:55:58,4.26,-0.01,10,4260,卖盘
576,13:56:01,4.27,0.01,16,6832,中性盘
577,13:56:16,4.25,-0.02,2,850,卖盘
578,13:56:22,4.25,0.0,2,850,卖盘
579,13:57:18,4.26,0.01,7,2982,买盘
580,13:57:22,4.27,0.01,6,2562,买盘
581,13:57:45,4.26,-0.01,7,2982,卖盘
582,13:58:16,4.27,0.01,1,427,买盘
583,14:00:00,4.26,-0.01,10,4260,卖盘
584,14:00:04,4.26,0.0,1,426,卖盘
585,14:00:06,4.26,0.0,11,4686,卖盘
586,14:00:09,4.26,0.0,5,2130,卖盘
587,14:00:36,4.27,0.01,5,2135,买盘
588,14:01:00,4.26,-0.01,2,852,卖盘
589,14:01:06,4.26,0.0,2,852,卖盘
590,14:02:57,4.27,0.01,4,1708,买盘
591,14:03:22,4.27,0.0,47,20069,买盘
592,14:03:37,4.27,0.0,33,14091,买盘
593,14:03:57,4.26,-0.01,9,3834,卖盘
594,14:04:00,4.27,0.01,10,4270,买盘
595,14:04:45,4.27,0.0,10,4270,买盘
596,14:05:16,4.27,0.0,50,21350,买盘
597,14:05:18,4.27,0.0,3,1281,买盘
598,14:05:21,4.27,0.0,1,427,卖盘
599,14:06:16,4.27,0.0,20,8540,买盘
600,14:07:04,4.26,-0.01,4,1704,卖盘
601,14:07:13,4.26,0.0,3,1278,卖盘
602,14:07:40,4.28,0.02,5,2140,买盘
603,14:08:12,4.27,-0.01,17,7259,卖盘
604,14:10:01,4.27,0.0,4,1708,买盘
605,14:10:04,4.26,-0.01,1,426,卖盘
606,14:10:07,4.26,0.0,1,426,卖盘
607,14:10:10,4.26,0.0,1,426,卖盘
608,14:10:13,4.26,0.0,1,426,卖盘
609,14:10:16,4.26,0.0,1,426,卖盘
610,14:10:21,4.26,0.0,13,5538,卖盘
611,14:11:16,4.26,0.0,2,852,卖盘
612,14:11:21,4.26,0.0,2,852,卖盘
613,14:12:06,4.26,0.0,46,19596,卖盘
614,14:12:22,4.27,0.01,5,2135,买盘
615,14:12:25,4.26,-0.01,1,426,卖盘
616,14:12:46,4.26,0.0,40,17040,卖盘
617,14:13:01,4.26,0.0,9,3834,卖盘
618,14:13:04,4.27,0.01,34,14518,买盘
619,14:13:06,4.26,-0.01,4,1704,卖盘
620,14:13:42,4.26,0.0,8,3408,卖盘
621,14:14:43,4.28,0.02,4,1712,买盘
622,14:14:46,4.28,0.0,3,1284,买盘
623,14:14:49,4.26,-0.02,10,4260,卖盘
624,14:15:04,4.27,0.01,11,4697,卖盘
625,14:15:07,4.27,0.0,3,1281,卖盘
626,14:15:19,4.26,-0.01,1,426,卖盘
627,14:16:00,4.26,0.0,2,852,卖盘
628,14:17:03,4.27,0.01,5,2135,买盘
629,14:17:39,4.26,-0.01,13,5538,卖盘
630,14:17:45,4.27,0.01,4,1708,买盘
631,14:18:58,4.27,0.0,11,4697,买盘
632,14:19:25,4.27,0.0,4,1708,买盘
633,14:20:06,4.27,0.0,5,2135,买盘
634,14:20:51,4.27,0.0,4,1708,买盘
635,14:21:13,4.27,0.0,10,4270,买盘
636,14:21:46,4.27,0.0,4,1708,买盘
637,14:22:04,4.26,-0.01,3,1278,卖盘
638,14:22:12,4.26,0.0,2,852,卖盘
639,14:22:30,4.26,0.0,88,37488,卖盘
640,14:22:34,4.26,0.0,1,426,卖盘
641,14:22:37,4.26,0.0,1,426,卖盘
642,14:22:40,4.26,0.0,15,6390,卖盘
643,14:22:43,4.26,0.0,8,3408,卖盘
644,14:22:48,4.26,0.0,6,2556,买盘
645,14:23:09,4.27,0.01,5,2135,买盘
646,14:24:06,4.27,0.0,4,1708,买盘
647,14:24:09,4.27,0.0,1,427,买盘
648,14:24:37,4.27,0.0,2,854,买盘
649,14:24:52,4.26,-0.01,2,852,卖盘
650,14:24:55,4.26,0.0,3,1278,卖盘
651,14:25:10,4.26,0.0,20,8520,卖盘
652,14:25:19,4.27,0.01,69,29463,买盘
653,14:26:01,4.27,0.0,10,4270,卖盘
654,14:26:15,4.27,0.0,421,179767,卖盘
655,14:26:27,4.27,0.0,4,1708,买盘
656,14:26:30,4.26,-0.01,1,426,卖盘
657,14:26:37,4.26,0.0,15,6390,卖盘
658,14:26:46,4.25,-0.01,2,850,卖盘
659,14:26:52,4.25,0.0,35,14875,卖盘
660,14:27:07,4.26,0.01,1,426,买盘
661,14:27:10,4.26,0.0,1,426,买盘
662,14:27:13,4.26,0.0,3,1278,买盘
663,14:27:15,4.26,0.0,1,426,买盘
664,14:27:19,4.26,0.0,1,426,买盘
665,14:27:22,4.26,0.0,25,10650,买盘
666,14:27:25,4.26,0.0,3,1278,买盘
667,14:27:28,4.26,0.0,2,852,买盘
668,14:27:30,4.26,0.0,1,426,买盘
669,14:27:33,4.26,0.0,2,852,买盘
670,14:27:36,4.26,0.0,2,852,买盘
671,14:27:42,4.26,0.0,3,1278,买盘
672,14:27:46,4.26,0.0,2,852,买盘
673,14:28:19,4.25,-0.01,2,850,卖盘
674,14:29:37,4.26,0.01,1,426,卖盘
675,14:30:10,4.26,0.0,3,1278,卖盘
676,14:31:00,4.26,0.0,1,426,卖盘
677,14:31:10,4.27,0.01,1,427,买盘
678,14:32:33,4.26,-0.01,1,426,卖盘
679,14:33:31,4.27,0.01,4,1708,买盘
680,14:33:49,4.26,-0.01,5,2130,卖盘
681,14:35:51,4.26,0.0,5,2130,买盘
682,14:36:06,4.26,0.0,1,426,买盘
683,14:36:40,4.26,0.0,10,4260,买盘
684,14:36:52,4.26,0.0,110,46860,买盘
685,14:37:04,4.26,0.0,1,426,卖盘
686,14:37:55,4.26,0.0,90,38340,买盘
687,14:38:13,4.27,0.01,4,1708,买盘
688,14:38:22,4.27,0.0,15,6403,买盘
689,14:39:03,4.25,-0.02,83,35275,卖盘
690,14:40:00,4.25,0.0,3,1275,卖盘
691,14:40:33,4.26,0.01,10,4260,买盘
692,14:41:18,4.26,0.0,51,21726,买盘
693,14:41:22,4.26,0.0,3,1278,卖盘
694,14:41:43,4.26,0.0,13,5538,买盘
695,14:41:51,4.25,-0.01,3,1275,卖盘
696,14:42:01,4.26,0.01,18,7668,买盘
697,14:42:04,4.26,0.0,3,1278,买盘
698,14:42:13,4.26,0.0,115,48990,卖盘
699,14:42:25,4.27,0.01,200,85397,买盘
700,14:42:55,4.28,0.01,1,428,买盘
701,14:44:04,4.27,-0.01,25,10675,买盘
702,14:45:13,4.27,0.0,38,16226,买盘
703,14:45:16,4.27,0.0,4,1708,买盘
704,14:47:04,4.27,0.0,87,37149,买盘
705,14:47:37,4.27,0.0,4,1708,买盘
706,14:48:07,4.26,-0.01,322,137172,卖盘
707,14:49:57,4.27,0.01,4,1708,买盘
708,14:50:00,4.25,-0.02,3,1275,卖盘
709,14:50:19,4.27,0.02,24,10248,买盘
710,14:50:33,4.27,0.0,1,427,买盘
711,14:50:36,4.27,0.0,1,427,买盘
712,14:50:39,4.27,0.0,1,427,买盘
713,14:50:43,4.27,0.0,62,26474,买盘
714,14:51:04,4.27,0.0,2,854,卖盘
715,14:51:43,4.28,0.01,186,79608,买盘
716,14:51:48,4.28,0.0,24,10272,卖盘
717,14:51:52,4.28,0.0,5,2140,卖盘
718,14:52:04,4.28,0.0,9,3852,买盘
719,14:52:18,4.29,0.01,4,1716,买盘
720,14:52:21,4.28,-0.01,27,11556,卖盘
721,14:52:24,4.29,0.01,25,10725,买盘
722,14:52:31,4.29,0.0,5,2145,买盘
723,14:52:51,4.28,-0.01,1,428,卖盘
724,14:52:54,4.28,0.0,1,428,卖盘
725,14:52:57,4.28,0.0,16,6848,卖盘
726,14:53:01,4.28,0.0,261,111708,卖盘
727,14:53:04,4.28,0.0,12,5136,卖盘
728,14:53:48,4.27,-0.01,13,5562,卖盘
729,14:54:10,4.29,0.02,113,48453,买盘
730,14:54:13,4.29,0.0,128,54912,买盘
731,14:54:16,4.28,-0.01,149,63984,卖盘
732,14:54:19,4.28,0.0,4,1712,卖盘
733,14:54:22,4.28,0.0,3,1284,买盘
734,14:54:25,4.28,0.0,3,1284,买盘
735,14:54:28,4.28,0.0,1,428,买盘
736,14:54:31,4.28,0.0,3,1284,买盘
737,14:54:34,4.28,0.0,3,1284,卖盘
738,14:54:36,4.28,0.0,4,1712,买盘
739,14:54:39,4.28,0.0,4,1712,买盘
740,14:54:43,4.28,0.0,1,428,买盘
741,14:55:15,4.28,0.0,13,5564,卖盘
742,14:55:18,4.28,0.0,3,1284,卖盘
743,14:55:22,4.28,0.0,7,2996,卖盘
744,14:55:31,4.27,-0.01,3,1281,卖盘
745,14:56:13,4.28,0.01,1,428,买盘
746,14:56:31,4.28,0.0,19,8132,买盘
747,14:56:40,4.28,0.0,12,5136,买盘
748,14:56:43,4.28,0.0,28,11984,卖盘
749,14:56:55,4.28,0.0,3,1284,卖盘
750,15:00:04,4.28,0.0,94,40232,卖盘
