,time,price,change,volume,amount,type
0,09:32:31,4.24,-0.01,2,848,买盘
1,09:34:43,4.24,0.0,1,424,买盘
2,09:35:22,4.24,0.0,3,1272,买盘
3,09:35:25,4.24,0.0,1,424,买盘
4,09:35:28,4.24,0.0,1,424,买盘
5,09:35:31,4.24,0.0,2,848,买盘
6,09:35:34,4.24,0.0,1,424,买盘
7,09:35:37,4.24,0.0,1,424,买盘
8,09:35:40,4.24,0.0,1,424,买盘
9,09:35:43,4.24,0.0,2,848,买盘
10,09:35:45,4.24,0.0,1,424,买盘
11,09:35:49,4.24,0.0,1,424,买盘
12,09:35:52,4.24,0.0,2,848,买盘
13,09:35:54,4.24,0.0,2,848,买盘
14,09:35:57,4.24,0.0,1,424,买盘
15,09:36:33,4.23,-0.01,37,15651,卖盘
16,09:36:46,4.24,0.01,15,6360,买盘
17,09:36:55,4.24,0.0,10,4240,买盘
18,09:36:58,4.24,0.0,1,424,买盘
19,09:37:16,4.24,0.0,2,848,买盘
20,09:37:19,4.24,0.0,4,1696,买盘
21,09:37:22,4.24,0.0,2,848,买盘
22,09:37:49,4.25,0.01,10,4250,买盘
23,09:37:52,4.24,-0.01,4,1696,中性盘
24,09:38:21,4.23,-0.01,3,1269,卖盘
25,09:40:01,4.23,0.0,10,4230,卖盘
26,09:40:12,4.25,0.02,2,850,买盘
27,09:40:43,4.25,0.0,70,29750,买盘
28,09:41:22,4.25,0.0,12,5100,买盘
29,09:41:28,4.25,0.0,5,2125,卖盘
30,09:41:31,4.25,0.0,33,14025,卖盘
31,09:41:57,4.24,-0.01,1,424,卖盘
32,09:42:01,4.24,0.0,1,424,卖盘
33,09:42:25,4.25,0.01,4,1700,买盘
34,09:43:09,4.25,0.0,1,425,买盘
35,09:43:12,4.25,0.0,81,34425,买盘
36,09:43:25,4.25,0.0,15,6375,买盘
37,09:43:36,4.25,0.0,28,11900,买盘
38,09:43:42,4.25,0.0,94,39950,买盘
39,09:43:46,4.25,0.0,4,1700,买盘
40,09:43:49,4.25,0.0,1,425,买盘
41,09:43:51,4.25,0.0,1,425,买盘
42,09:44:36,4.25,0.0,40,17000,买盘
43,09:44:52,4.26,0.01,9,3834,买盘
44,09:45:37,4.25,-0.01,47,19975,卖盘
45,09:45:52,4.25,0.0,33,14025,卖盘
46,09:46:04,4.24,-0.01,103,43672,卖盘
47,09:46:19,4.24,0.0,10,4240,卖盘
48,09:46:34,4.24,0.0,10,4240,卖盘
49,09:46:51,4.24,0.0,1,424,卖盘
50,09:46:55,4.24,0.0,5,2120,卖盘
51,09:47:04,4.24,0.0,2,848,卖盘
52,09:47:06,4.24,0.0,16,6784,卖盘
53,09:47:49,4.24,0.0,48,20352,卖盘
54,09:48:13,4.24,0.0,1,424,卖盘
55,09:48:16,4.24,0.0,2,848,卖盘
56,09:48:19,4.24,0.0,5,2120,卖盘
57,09:48:22,4.24,0.0,1,424,卖盘
58,09:48:27,4.24,0.0,2,848,卖盘
59,09:48:30,4.24,0.0,17,7208,卖盘
60,09:48:58,4.25,0.01,4,1700,买盘
61,09:49:22,4.24,-0.01,1,424,卖盘
62,09:49:40,4.24,0.0,3,1272,卖盘
63,09:49:43,4.24,0.0,5,2120,卖盘
64,09:49:46,4.24,0.0,2,848,卖盘
65,09:49:49,4.24,0.0,2,848,卖盘
66,09:49:51,4.24,0.0,4,1696,卖盘
67,09:49:55,4.24,0.0,18,7632,卖盘
68,09:49:58,4.24,0.0,3,1272,卖盘
69,09:50:01,4.24,0.0,3,1272,卖盘
70,09:50:04,4.24,0.0,3,1272,卖盘
71,09:50:07,4.24,0.0,3,1272,卖盘
72,09:50:09,4.24,0.0,64,27136,卖盘
73,09:50:13,4.23,-0.01,6,2538,卖盘
74,09:50:22,4.23,0.0,1,423,卖盘
75,09:51:04,4.23,0.0,3,1269,卖盘
76,09:51:10,4.23,0.0,5,2115,卖盘
77,09:51:16,4.23,0.0,2,846,卖盘
78,09:51:19,4.23,0.0,17,7191,卖盘
79,09:51:21,4.23,0.0,35,14805,卖盘
80,09:51:30,4.24,0.01,7,2968,中性盘
81,09:52:22,4.24,0.0,1,424,卖盘
82,09:52:28,4.24,0.0,3,1272,卖盘
83,09:52:34,4.24,0.0,5,2120,卖盘
84,09:52:43,4.24,0.0,17,7208,卖盘
85,09:52:46,4.24,0.0,3,1272,卖盘
86,09:53:22,4.24,0.0,1,424,卖盘
87,09:53:52,4.24,0.0,2,848,卖盘
88,09:53:58,4.24,0.0,5,2120,卖盘
89,09:54:06,4.24,0.0,2,848,卖盘
90,09:54:09,4.24,0.0,16,6784,卖盘
91,09:54:22,4.24,0.0,1,424,卖盘
92,09:54:45,4.24,0.0,63,26712,卖盘
93,09:54:55,4.24,0.0,2,848,卖盘
94,09:55:07,4.25,0.01,25,10625,买盘
95,09:55:10,4.25,0.0,9,3825,买盘
96,09:55:13,4.25,0.0,1,425,买盘
97,09:55:15,4.24,-0.01,6,2547,卖盘
98,09:55:22,4.24,0.0,8,3394,卖盘
99,09:55:24,4.25,0.01,10,4250,买盘
100,09:55:30,4.24,-0.01,2,848,卖盘
101,09:55:34,4.24,0.0,17,7208,卖盘
102,09:55:55,4.25,0.01,65,27625,买盘
103,09:56:04,4.25,0.0,12,5100,买盘
104,09:56:25,4.24,-0.01,25,10600,卖盘
105,09:56:43,4.24,0.0,2,848,卖盘
106,09:56:45,4.24,0.0,5,2120,卖盘
107,09:56:55,4.24,0.0,2,848,卖盘
108,09:56:58,4.24,0.0,16,6784,卖盘
109,09:57:06,4.24,0.0,2,848,卖盘
110,09:57:16,4.25,0.01,26,11050,买盘
111,09:57:31,4.24,-0.01,12,5088,卖盘
112,09:57:40,4.25,0.01,23,9775,买盘
113,09:57:52,4.25,0.0,13,5525,买盘
114,09:58:06,4.24,-0.01,2,848,卖盘
115,09:58:10,4.24,0.0,5,2120,卖盘
116,09:58:19,4.24,0.0,3,1272,卖盘
117,09:58:22,4.24,0.0,17,7208,卖盘
118,09:59:04,4.25,0.01,10,4250,买盘
119,09:59:10,4.24,-0.01,12,5088,卖盘
120,09:59:28,4.24,0.0,5,2120,卖盘
121,09:59:31,4.24,0.0,3,1272,卖盘
122,09:59:33,4.24,0.0,5,2120,卖盘
123,09:59:37,4.24,0.0,18,7632,卖盘
124,09:59:40,4.24,0.0,2,848,卖盘
125,09:59:46,4.24,0.0,6,2544,卖盘
126,09:59:49,4.24,0.0,6,2544,卖盘
127,09:59:51,4.24,0.0,3,1272,卖盘
128,09:59:55,4.24,0.0,5,2120,卖盘
129,09:59:58,4.24,0.0,4,1696,卖盘
130,10:00:01,4.24,0.0,5,2120,卖盘
131,10:00:04,4.24,0.0,4,1696,卖盘
132,10:00:07,4.25,0.01,81,34421,买盘
133,10:00:25,4.26,0.01,17,7242,买盘
134,10:00:58,4.25,-0.01,37,15727,卖盘
135,10:01:07,4.25,0.0,49,20825,卖盘
136,10:01:34,4.24,-0.01,15,6360,卖盘
137,10:01:42,4.24,0.0,173,73352,卖盘
138,10:01:55,4.23,-0.01,348,147264,卖盘
139,10:02:04,4.24,0.01,10,4240,中性盘
140,10:02:15,4.23,-0.01,155,65565,卖盘
141,10:02:19,4.24,0.01,20,8480,卖盘
142,10:02:39,4.22,-0.02,91,38459,卖盘
143,10:02:58,4.23,0.01,78,32994,中性盘
144,10:05:13,4.25,0.02,9,3825,买盘
145,10:05:25,4.25,0.0,1,425,买盘
146,10:05:31,4.25,0.0,2,850,买盘
147,10:05:33,4.25,0.0,3,1275,买盘
148,10:05:49,4.25,0.0,7,2975,买盘
149,10:05:51,4.25,0.0,3,1275,买盘
150,10:05:54,4.25,0.0,2,850,买盘
151,10:06:01,4.25,0.0,3,1275,买盘
152,10:06:04,4.25,0.0,2,850,买盘
153,10:06:07,4.25,0.0,1,425,买盘
154,10:06:09,4.25,0.0,1,425,买盘
155,10:06:19,4.25,0.0,10,4250,买盘
156,10:06:22,4.25,0.0,6,2550,买盘
157,10:06:24,4.25,0.0,5,2125,买盘
158,10:06:37,4.25,0.0,72,30600,买盘
159,10:08:52,4.25,0.0,4,1700,买盘
160,10:09:21,4.24,-0.01,45,19080,卖盘
161,10:09:45,4.24,0.0,172,72928,卖盘
162,10:09:49,4.24,0.0,11,4664,卖盘
163,10:09:52,4.24,0.0,11,4664,卖盘
164,10:09:57,4.24,0.0,16,6784,卖盘
165,10:10:00,4.24,0.0,7,2968,卖盘
166,10:10:55,4.25,0.01,74,31450,买盘
167,10:11:04,4.25,0.0,24,10200,买盘
168,10:11:16,4.25,0.0,2,850,买盘
169,10:11:19,4.26,0.01,355,151170,买盘
170,10:12:16,4.27,0.01,81,34587,买盘
171,10:12:37,4.27,0.0,19,8113,卖盘
172,10:13:18,4.27,0.0,1,427,买盘
173,10:13:22,4.26,-0.01,51,21726,卖盘
174,10:13:52,4.24,-0.02,169,71849,卖盘
175,10:14:01,4.28,0.04,178,76082,买盘
176,10:14:34,4.28,0.0,1,428,买盘
177,10:14:49,4.26,-0.02,1,426,卖盘
178,10:14:52,4.28,0.02,14,5992,买盘
179,10:15:31,4.28,0.0,10,4280,买盘
180,10:15:48,4.28,0.0,23,9842,买盘
181,10:16:48,4.26,-0.02,1,426,卖盘
182,10:17:40,4.26,0.0,68,28968,卖盘
183,10:17:49,4.26,0.0,1,426,卖盘
184,10:18:49,4.26,0.0,1,426,卖盘
185,10:19:49,4.26,0.0,1,426,卖盘
186,10:20:30,4.26,0.0,66,28116,卖盘
187,10:20:49,4.26,0.0,1,426,卖盘
188,10:21:43,4.27,0.01,54,23058,买盘
189,10:21:48,4.27,0.0,1,427,卖盘
190,10:22:22,4.28,0.01,37,15836,买盘
191,10:22:28,4.26,-0.02,60,25576,卖盘
192,10:22:52,4.28,0.02,1,428,买盘
193,10:23:19,4.28,0.0,40,17120,买盘
194,10:26:51,4.27,-0.01,5,2135,买盘
195,10:27:12,4.26,-0.01,60,25560,卖盘
196,10:29:09,4.26,0.0,5,2130,卖盘
197,10:29:45,4.26,0.0,1,426,卖盘
198,10:29:48,4.26,0.0,1,426,卖盘
199,10:29:51,4.26,0.0,1,426,卖盘
200,10:29:54,4.26,0.0,1,426,卖盘
201,10:29:57,4.26,0.0,1,426,卖盘
202,10:30:00,4.26,0.0,1,426,卖盘
203,10:30:04,4.26,0.0,1,426,卖盘
204,10:30:07,4.26,0.0,1,426,卖盘
205,10:30:10,4.26,0.0,1,426,卖盘
206,10:30:13,4.26,0.0,1,426,卖盘
207,10:30:31,4.27,0.01,100,42700,买盘
208,10:31:01,4.27,0.0,8,3416,买盘
209,10:31:27,4.27,0.0,3,1281,买盘
210,10:32:28,4.27,0.0,1,427,卖盘
211,10:32:49,4.27,0.0,16,6832,卖盘
212,10:33:34,4.27,0.0,20,8540,卖盘
213,10:33:36,4.27,0.0,3,1281,卖盘
214,10:33:39,4.27,0.0,3,1281,卖盘
215,10:33:42,4.27,0.0,3,1281,卖盘
216,10:33:45,4.27,0.0,10,4270,卖盘
217,10:34:01,4.26,-0.01,39,16614,卖盘
218,10:34:27,4.26,0.0,11,4686,买盘
219,10:35:49,4.26,0.0,15,6390,买盘
220,10:36:25,4.25,-0.01,1,425,卖盘
221,10:36:42,4.26,0.01,90,38340,买盘
222,10:37:55,4.26,0.0,2,852,买盘
223,10:38:07,4.25,-0.01,6,2550,卖盘
224,10:38:21,4.25,0.0,2,850,卖盘
225,10:38:57,4.26,0.01,10,4260,买盘
226,10:40:04,4.25,-0.01,1,425,卖盘
227,10:40:07,4.25,0.0,1,425,卖盘
228,10:40:10,4.25,0.0,1,425,卖盘
229,10:40:13,4.25,0.0,1,425,卖盘
230,10:40:18,4.25,0.0,3,1275,卖盘
231,10:40:22,4.25,0.0,1,425,卖盘
232,10:40:28,4.25,0.0,4,1700,卖盘
233,10:41:09,4.26,0.01,14,5964,买盘
234,10:42:16,4.25,-0.01,1,425,卖盘
235,10:42:42,4.25,0.0,539,229075,卖盘
236,10:44:12,4.24,-0.01,2,848,卖盘
237,10:44:16,4.24,0.0,1,424,卖盘
238,10:44:33,4.24,0.0,30,12720,卖盘
239,10:44:45,4.24,0.0,5,2120,卖盘
240,10:44:48,4.24,0.0,56,23744,卖盘
241,10:45:00,4.24,0.0,3,1272,买盘
242,10:45:04,4.23,-0.01,20,8477,卖盘
243,10:49:24,4.24,0.01,1,424,卖盘
244,10:50:15,4.24,0.0,1,424,卖盘
245,10:53:04,4.25,0.01,14,5950,买盘
246,10:53:18,4.24,-0.01,1,424,卖盘
247,10:53:21,4.24,0.0,2,848,卖盘
248,10:53:57,4.25,0.01,1,425,买盘
249,10:54:18,4.25,0.0,50,21250,买盘
250,10:54:22,4.25,0.0,10,4250,买盘
251,10:55:15,4.24,-0.01,1,424,卖盘
252,10:59:13,4.24,0.0,1,424,卖盘
253,10:59:39,4.24,0.0,1,424,卖盘
254,10:59:45,4.24,0.0,4,1696,卖盘
255,10:59:48,4.24,0.0,1,424,卖盘
256,10:59:52,4.24,0.0,1,424,卖盘
257,10:59:55,4.24,0.0,1,424,卖盘
258,10:59:58,4.24,0.0,1,424,卖盘
259,11:00:00,4.24,0.0,1,424,卖盘
260,11:00:03,4.24,0.0,1,424,卖盘
261,11:00:06,4.24,0.0,1,424,卖盘
262,11:00:10,4.24,0.0,1,424,卖盘
263,11:00:12,4.24,0.0,1,424,卖盘
264,11:00:30,4.24,0.0,31,13144,卖盘
265,11:01:28,4.24,0.0,1,424,卖盘
266,11:01:30,4.25,0.01,10,4250,买盘
267,11:02:28,4.24,-0.01,41,17384,卖盘
268,11:02:57,4.24,0.0,1,424,卖盘
269,11:03:27,4.24,0.0,1,424,卖盘
270,11:04:28,4.24,0.0,1,424,卖盘
271,11:05:00,4.24,0.0,17,7208,卖盘
272,11:05:03,4.24,0.0,6,2544,卖盘
273,11:05:12,4.25,0.01,6,2550,买盘
274,11:05:27,4.25,0.0,1,425,卖盘
275,11:06:27,4.25,0.0,1,425,卖盘
276,11:07:22,4.25,0.0,87,36975,卖盘
277,11:07:27,4.25,0.0,1,425,卖盘
278,11:07:30,4.26,0.01,20,8520,买盘
279,11:08:27,4.25,-0.01,1,425,卖盘
280,11:08:54,4.25,0.0,1,425,卖盘
281,11:10:51,4.25,0.0,300,127500,卖盘
282,11:11:28,4.25,0.0,10,4250,卖盘
283,11:12:43,4.25,0.0,91,38675,卖盘
284,11:12:57,4.24,-0.01,5,2120,卖盘
285,11:14:48,4.24,0.0,2,848,卖盘
286,11:14:51,4.25,0.01,9,3825,买盘
287,11:17:27,4.25,0.0,1,425,卖盘
288,11:19:24,4.25,0.0,2,850,卖盘
289,11:20:30,4.25,0.0,100,42500,卖盘
290,11:21:21,4.25,0.0,2,850,卖盘
291,11:21:45,4.26,0.01,2,852,买盘
292,11:23:18,4.25,-0.01,2,850,卖盘
293,11:25:15,4.25,0.0,1,425,卖盘
294,11:27:12,4.25,0.0,2,850,卖盘
295,11:27:54,4.25,0.0,5,2125,卖盘
296,11:29:09,4.25,0.0,2,850,卖盘
297,11:29:21,4.25,0.0,1,425,卖盘
298,13:00:04,4.25,0.0,66,28100,卖盘
299,13:00:12,4.25,0.0,194,82450,卖盘
300,13:00:48,4.26,0.01,5,2130,买盘
301,13:01:45,4.26,0.0,1,426,卖盘
302,13:01:48,4.26,0.0,1,426,卖盘
303,13:01:51,4.26,0.0,1,426,卖盘
304,13:01:54,4.26,0.0,2,852,卖盘
305,13:01:57,4.26,0.0,1,426,卖盘
306,13:02:00,4.26,0.0,2,852,卖盘
307,13:02:04,4.26,0.0,2,852,卖盘
308,13:02:06,4.26,0.0,2,852,卖盘
309,13:02:09,4.26,0.0,2,852,卖盘
310,13:02:12,4.26,0.0,2,852,卖盘
311,13:02:15,4.26,0.0,2,852,卖盘
312,13:02:18,4.25,-0.01,2,850,卖盘
313,13:06:10,4.25,0.0,1,425,卖盘
314,13:06:42,4.26,0.01,1,426,买盘
315,13:07:09,4.25,-0.01,1,425,卖盘
316,13:08:09,4.25,0.0,1,425,卖盘
317,13:09:09,4.25,0.0,1,425,卖盘
318,13:10:00,4.26,0.01,50,21300,买盘
319,13:10:04,4.25,-0.01,3,1275,卖盘
320,13:10:07,4.25,0.0,3,1275,卖盘
321,13:10:10,4.25,0.0,10,4256,卖盘
322,13:10:13,4.25,0.0,3,1275,卖盘
323,13:10:16,4.25,0.0,3,1275,卖盘
324,13:10:18,4.25,0.0,3,1275,卖盘
325,13:10:21,4.25,0.0,3,1275,卖盘
326,13:10:24,4.25,0.0,3,1275,卖盘
327,13:10:27,4.26,0.01,13,5535,买盘
328,13:11:10,4.26,0.0,1,426,卖盘
329,13:11:27,4.26,0.0,10,4260,卖盘
330,13:12:09,4.26,0.0,1,426,卖盘
331,13:12:45,4.26,0.0,10,4260,卖盘
332,13:13:06,4.26,0.0,2,852,卖盘
333,13:13:09,4.26,0.0,3,1278,卖盘
334,13:13:12,4.26,0.0,2,852,卖盘
335,13:13:15,4.26,0.0,2,852,卖盘
336,13:13:18,4.26,0.0,2,852,卖盘
337,13:13:21,4.26,0.0,2,852,卖盘
338,13:13:24,4.26,0.0,2,852,卖盘
339,13:13:28,4.26,0.0,2,852,卖盘
340,13:13:30,4.26,0.0,3,1278,卖盘
341,13:13:33,4.26,0.0,8,3408,卖盘
342,13:13:36,4.26,0.0,3,1278,卖盘
343,13:13:39,4.26,0.0,3,1278,卖盘
344,13:13:43,4.26,0.0,3,1278,卖盘
345,13:13:45,4.26,0.0,4,1704,卖盘
346,13:13:48,4.26,0.0,38,16188,卖盘
347,13:15:39,4.27,0.01,58,24740,买盘
348,13:16:07,4.26,-0.01,1,426,卖盘
349,13:16:21,4.26,0.0,49,20874,卖盘
350,13:17:07,4.25,-0.01,1,425,卖盘
351,13:18:07,4.26,0.01,1,426,买盘
352,13:18:09,4.26,0.0,1,426,卖盘
353,13:19:33,4.26,0.0,99,42174,卖盘
354,13:19:39,4.25,-0.01,1,425,卖盘
355,13:20:09,4.25,0.0,3,1275,卖盘
356,13:20:12,4.25,0.0,3,1275,卖盘
357,13:20:16,4.25,0.0,3,1275,卖盘
358,13:20:18,4.25,0.0,3,1275,卖盘
359,13:20:21,4.25,0.0,3,1275,卖盘
360,13:20:24,4.25,0.0,3,1275,卖盘
361,13:20:27,4.25,0.0,3,1275,卖盘
362,13:21:07,4.25,0.0,2,850,卖盘
363,13:22:15,4.25,0.0,2,850,卖盘
364,13:23:36,4.25,0.0,1,425,卖盘
365,13:24:18,4.25,0.0,1,425,卖盘
366,13:25:24,4.26,0.01,33,14058,买盘
367,13:25:39,4.26,0.0,81,34506,买盘
368,13:26:39,4.25,-0.01,1,425,卖盘
369,13:29:00,4.25,0.0,1,425,卖盘
370,13:29:36,4.25,0.0,1,425,卖盘
371,13:30:07,4.25,0.0,1,425,卖盘
372,13:30:09,4.25,0.0,1,425,卖盘
373,13:30:12,4.25,0.0,1,425,卖盘
374,13:30:15,4.25,0.0,1,425,卖盘
375,13:30:18,4.25,0.0,1,425,卖盘
376,13:30:21,4.25,0.0,1,425,卖盘
377,13:30:24,4.25,0.0,1,425,卖盘
378,13:30:27,4.25,0.0,1,425,卖盘
379,13:31:24,4.26,0.01,4,1704,买盘
380,13:31:27,4.25,-0.01,1,425,卖盘
381,13:32:25,4.26,0.01,3,1278,买盘
382,13:32:36,4.25,-0.01,1,425,卖盘
383,13:33:09,4.26,0.01,5,2130,买盘
384,13:33:36,4.25,-0.01,2,850,卖盘
385,13:33:48,4.25,0.0,1,425,卖盘
386,13:33:51,4.25,0.0,1,425,卖盘
387,13:34:36,4.25,0.0,1,425,卖盘
388,13:36:36,4.25,0.0,2,850,卖盘
389,13:37:12,4.25,0.0,2,850,卖盘
390,13:37:36,4.25,0.0,1,425,卖盘
391,13:38:36,4.25,0.0,2,850,卖盘
392,13:39:36,4.25,0.0,1,425,卖盘
393,13:40:07,4.25,0.0,1,425,卖盘
394,13:40:09,4.25,0.0,1,425,卖盘
395,13:40:12,4.25,0.0,1,425,卖盘
396,13:40:15,4.25,0.0,24,10200,卖盘
397,13:40:19,4.25,0.0,72,30600,卖盘
398,13:40:22,4.25,0.0,78,33150,卖盘
399,13:40:25,4.25,0.0,14,5950,卖盘
400,13:40:28,4.25,0.0,14,5950,卖盘
401,13:40:30,4.25,0.0,15,6375,卖盘
402,13:40:33,4.25,0.0,16,6800,卖盘
403,13:40:36,4.25,0.0,41,17425,卖盘
404,13:40:39,4.25,0.0,27,11475,卖盘
405,13:40:42,4.25,0.0,18,7650,卖盘
406,13:40:45,4.25,0.0,9,3825,卖盘
407,13:41:36,4.25,0.0,1,425,卖盘
408,13:42:00,4.25,0.0,254,107950,卖盘
409,13:42:19,4.24,-0.01,1,424,卖盘
410,13:43:12,4.24,0.0,2,848,卖盘
411,13:43:57,4.24,0.0,2,848,卖盘
412,13:44:09,4.24,0.0,1,424,卖盘
413,13:44:39,4.24,0.0,2,848,卖盘
414,13:45:27,4.24,0.0,10,4240,卖盘
415,13:45:36,4.24,0.0,1,424,卖盘
416,13:46:36,4.24,0.0,27,11448,卖盘
417,13:46:39,4.24,0.0,1,424,卖盘
418,13:46:42,4.24,0.0,14,5936,卖盘
419,13:47:12,4.24,0.0,1,424,卖盘
420,13:48:07,4.24,0.0,1,424,卖盘
421,13:48:36,4.24,0.0,1,424,卖盘
422,13:48:51,4.24,0.0,6,2544,卖盘
423,13:49:37,4.24,0.0,1,424,卖盘
424,13:50:36,4.24,0.0,1,424,卖盘
425,13:51:00,4.25,0.01,47,19975,买盘
426,13:52:12,4.24,-0.01,7,2968,卖盘
427,13:52:36,4.24,0.0,1,424,卖盘
428,13:53:22,4.24,0.0,1,424,卖盘
429,13:54:09,4.24,0.0,161,68264,卖盘
430,13:54:12,4.24,0.0,1,424,卖盘
431,13:54:21,4.24,0.0,1,424,卖盘
432,13:55:21,4.24,0.0,1,424,卖盘
433,13:55:36,4.24,0.0,9,3816,卖盘
434,13:56:21,4.24,0.0,1,424,卖盘
435,13:56:36,4.24,0.0,1,424,卖盘
436,13:56:45,4.25,0.01,248,105400,买盘
437,13:57:21,4.24,-0.01,1,424,卖盘
438,13:57:27,4.24,0.0,2,848,卖盘
439,13:57:36,4.25,0.01,13,5525,买盘
440,13:58:24,4.24,-0.01,1,424,卖盘
441,13:58:36,4.24,0.0,1,424,卖盘
442,13:58:57,4.24,0.0,3,1272,卖盘
443,13:59:21,4.24,0.0,1,424,卖盘
444,13:59:36,4.24,0.0,1,424,卖盘
445,13:59:42,4.24,0.0,7,2968,卖盘
446,14:00:24,4.24,0.0,1,424,卖盘
447,14:00:36,4.24,0.0,2,848,卖盘
448,14:01:46,4.25,0.01,3,1275,买盘
449,14:02:21,4.25,0.0,20,8500,买盘
450,14:02:36,4.24,-0.01,2,848,卖盘
451,14:03:27,4.24,0.0,10,4240,卖盘
452,14:03:36,4.24,0.0,4,1696,卖盘
453,14:03:40,4.24,0.0,2,848,卖盘
454,14:04:36,4.24,0.0,1,424,卖盘
455,14:04:42,4.24,0.0,5,2120,卖盘
456,14:05:21,4.24,0.0,41,17384,卖盘
457,14:05:24,4.24,0.0,60,25440,卖盘
458,14:05:37,4.24,0.0,1,424,卖盘
459,14:06:30,4.25,0.01,28,11900,买盘
460,14:06:45,4.24,-0.01,3,1272,卖盘
461,14:06:48,4.24,0.0,3,1272,卖盘
462,14:09:58,4.24,0.0,7,2968,卖盘
463,14:10:00,4.24,0.0,1,424,卖盘
464,14:10:04,4.24,0.0,1,424,卖盘
465,14:10:07,4.24,0.0,1,424,卖盘
466,14:10:09,4.24,0.0,2,848,卖盘
467,14:10:12,4.24,0.0,2,848,卖盘
468,14:10:15,4.24,0.0,2,848,卖盘
469,14:10:18,4.24,0.0,2,848,卖盘
470,14:10:21,4.24,0.0,2,848,卖盘
471,14:10:24,4.24,0.0,2,848,卖盘
472,14:10:27,4.24,0.0,2,848,卖盘
473,14:10:30,4.24,0.0,1,424,卖盘
474,14:10:33,4.24,0.0,2,848,卖盘
475,14:10:36,4.24,0.0,2,848,卖盘
476,14:10:39,4.24,0.0,2,848,卖盘
477,14:11:06,4.24,0.0,1,424,卖盘
478,14:11:31,4.24,0.0,5,2120,卖盘
479,14:11:37,4.24,0.0,1,424,卖盘
480,14:11:54,4.24,0.0,5,2120,卖盘
481,14:11:57,4.24,0.0,30,12720,卖盘
482,14:12:06,4.24,0.0,1,424,卖盘
483,14:12:22,4.24,0.0,45,19080,卖盘
484,14:12:36,4.24,0.0,2,848,卖盘
485,14:13:04,4.24,0.0,55,23320,卖盘
486,14:13:06,4.24,0.0,6,2544,卖盘
487,14:13:09,4.24,0.0,15,6360,卖盘
488,14:13:37,4.24,0.0,1,424,卖盘
489,14:14:27,4.24,0.0,40,16960,卖盘
490,14:14:36,4.23,-0.01,1,423,卖盘
491,14:14:42,4.23,0.0,3,1269,卖盘
492,14:14:51,4.23,0.0,1,423,卖盘
493,14:16:24,4.23,0.0,1,423,卖盘
494,14:16:39,4.24,0.01,17,7208,买盘
495,14:17:04,4.24,0.0,1,424,卖盘
496,14:17:36,4.24,0.0,1,424,卖盘
497,14:18:06,4.24,0.0,2,848,卖盘
498,14:18:36,4.24,0.0,1,424,卖盘
499,14:19:06,4.24,0.0,1,424,卖盘
500,14:19:19,4.24,0.0,4,1696,卖盘
501,14:19:25,4.24,0.0,36,15264,买盘
502,14:19:36,4.24,0.0,1,424,卖盘
503,14:20:09,4.24,0.0,1,424,卖盘
504,14:20:39,4.24,0.0,1,424,卖盘
505,14:20:48,4.24,0.0,8,3392,卖盘
506,14:21:00,4.25,0.01,1,425,买盘
507,14:21:09,4.24,-0.01,1,424,卖盘
508,14:21:33,4.25,0.01,58,24650,买盘
509,14:22:31,4.25,0.0,8,3400,买盘
510,14:24:24,4.25,0.0,4,1700,买盘
511,14:25:25,4.24,-0.01,20,8480,卖盘
512,14:25:54,4.24,0.0,1,424,卖盘
513,14:26:55,4.24,0.0,10,4240,卖盘
514,14:27:37,4.25,0.01,75,31875,买盘
515,14:28:54,4.25,0.0,125,53125,卖盘
516,14:28:57,4.24,-0.01,6,2544,卖盘
517,14:29:31,4.25,0.01,150,63750,买盘
518,14:29:40,4.24,-0.01,30,12720,卖盘
519,14:30:00,4.25,0.01,1,425,买盘
520,14:30:21,4.25,0.0,15,6375,买盘
521,14:30:28,4.25,0.0,30,12750,买盘
522,14:31:04,4.25,0.0,65,27625,买盘
523,14:31:42,4.24,-0.01,8,3392,卖盘
524,14:31:58,4.23,-0.01,523,221628,卖盘
525,14:32:12,4.23,0.0,8,3384,卖盘
526,14:32:42,4.24,0.01,8,3392,卖盘
527,14:33:06,4.25,0.01,5,2125,买盘
528,14:33:13,4.24,-0.01,8,3392,卖盘
529,14:33:36,4.24,0.0,20,8480,卖盘
530,14:33:43,4.24,0.0,8,3392,卖盘
531,14:33:54,4.24,0.0,122,51728,卖盘
532,14:34:10,4.24,0.0,62,26288,卖盘
533,14:34:13,4.23,-0.01,8,3384,卖盘
534,14:34:24,4.24,0.01,70,29680,买盘
535,14:34:30,4.24,0.0,2,848,买盘
536,14:34:34,4.24,0.0,1,424,买盘
537,14:34:37,4.24,0.0,5,2120,买盘
538,14:34:40,4.24,0.0,2,848,买盘
539,14:34:43,4.23,-0.01,8,3384,卖盘
540,14:34:52,4.24,0.01,20,8480,买盘
541,14:34:54,4.24,0.0,1,424,买盘
542,14:35:12,4.23,-0.01,8,3384,卖盘
543,14:35:18,4.24,0.01,10,4240,买盘
544,14:35:42,4.23,-0.01,8,3384,卖盘
545,14:35:54,4.24,0.01,10,4240,买盘
546,14:36:10,4.24,0.0,20,8480,买盘
547,14:36:12,4.23,-0.01,8,3384,卖盘
548,14:36:43,4.23,0.0,8,3384,卖盘
549,14:37:13,4.23,0.0,8,3384,卖盘
550,14:37:42,4.23,0.0,8,3384,卖盘
551,14:38:12,4.23,0.0,8,3384,卖盘
552,14:38:42,4.23,0.0,8,3384,卖盘
553,14:38:54,4.24,0.01,9,3816,买盘
554,14:39:12,4.23,-0.01,8,3384,卖盘
555,14:39:43,4.23,0.0,8,3384,卖盘
556,14:40:04,4.23,0.0,8,3384,卖盘
557,14:40:09,4.24,0.01,5,2120,买盘
558,14:40:13,4.23,-0.01,8,3384,卖盘
559,14:40:43,4.23,0.0,8,3384,卖盘
560,14:40:54,4.24,0.01,2,848,买盘
561,14:41:13,4.23,-0.01,7,2961,卖盘
562,14:42:31,4.24,0.01,6,2544,买盘
563,14:44:43,4.24,0.0,2,848,卖盘
564,14:44:54,4.25,0.01,14,5950,买盘
565,14:45:22,4.25,0.0,15,6375,买盘
566,14:45:34,4.24,-0.01,10,4240,卖盘
567,14:45:37,4.24,0.0,4,1696,卖盘
568,14:46:46,4.24,0.0,29,12296,卖盘
569,14:47:25,4.25,0.01,3,1275,买盘
570,14:47:34,4.24,-0.01,1,424,卖盘
571,14:47:46,4.25,0.01,4,1700,买盘
572,14:47:51,4.25,0.0,15,6375,买盘
573,14:48:22,4.24,-0.01,31,13154,卖盘
574,14:48:45,4.24,0.0,61,25864,卖盘
575,14:48:58,4.24,0.0,12,5088,卖盘
576,14:49:22,4.24,0.0,1,424,卖盘
577,14:50:01,4.25,0.01,5,2125,买盘
578,14:50:04,4.24,-0.01,9,3816,卖盘
579,14:50:15,4.25,0.01,2,850,买盘
580,14:51:18,4.24,-0.01,73,30952,卖盘
581,14:51:28,4.26,0.02,207,87983,买盘
582,14:51:37,4.25,-0.01,4,1700,中性盘
583,14:51:40,4.25,0.0,1,425,卖盘
584,14:51:55,4.24,-0.01,64,27146,卖盘
585,14:52:07,4.24,0.0,11,4664,卖盘
586,14:53:10,4.25,0.01,16,6800,买盘
587,14:53:15,4.24,-0.01,20,8480,卖盘
588,14:53:25,4.25,0.01,3,1275,买盘
589,14:54:01,4.25,0.0,10,4250,买盘
590,14:54:31,4.25,0.0,9,3825,买盘
591,14:55:04,4.24,-0.01,62,26292,卖盘
592,14:55:15,4.24,0.0,13,5512,卖盘
593,14:55:31,4.25,0.01,14,5946,买盘
594,14:55:34,4.24,-0.01,7,2968,卖盘
595,14:55:43,4.24,0.0,5,2120,卖盘
596,14:55:52,4.25,0.01,24,10200,买盘
597,14:56:13,4.24,-0.01,9,3818,卖盘
598,14:56:19,4.24,0.0,1,424,卖盘
599,14:56:22,4.25,0.01,6,2545,买盘
600,14:56:27,4.24,-0.01,28,11872,卖盘
601,14:56:36,4.24,0.0,50,21200,卖盘
602,14:56:49,4.25,0.01,24,10200,买盘
603,14:56:51,4.25,0.0,18,7650,买盘
604,14:56:55,4.25,0.0,33,14025,买盘
605,15:00:04,4.25,0.0,318,135150,卖盘
