,time,price,change,volume,amount,type
0,09:25:04,4.43,0.05,200,88600,买盘
1,09:30:00,4.43,0.0,92,40756,卖盘
2,09:30:04,4.43,0.0,184,81495,卖盘
3,09:30:07,4.43,0.0,10,4428,买盘
4,09:30:10,4.43,0.0,20,8860,买盘
5,09:30:22,4.41,-0.02,7,3087,卖盘
6,09:30:28,4.39,-0.02,40,17638,卖盘
7,09:30:55,4.4,0.01,3,1320,买盘
8,09:30:58,4.4,0.0,3,1320,买盘
9,09:31:01,4.4,0.0,2,880,买盘
10,09:31:04,4.4,0.0,7,3080,买盘
11,09:31:06,4.41,0.01,8,3524,买盘
12,09:31:09,4.41,0.0,2,882,买盘
13,09:31:28,4.41,0.0,30,13230,买盘
14,09:31:31,4.41,0.0,19,8379,买盘
15,09:31:34,4.4,-0.01,2,880,卖盘
16,09:31:39,4.4,0.0,9,3966,卖盘
17,09:31:43,4.4,0.0,10,4409,卖盘
18,09:31:49,4.41,0.01,1,441,买盘
19,09:32:13,4.41,0.0,12,5292,买盘
20,09:32:18,4.41,0.0,14,6174,买盘
21,09:32:22,4.41,0.0,9,3969,买盘
22,09:32:25,4.41,0.0,8,3528,买盘
23,09:32:27,4.41,0.0,7,3087,买盘
24,09:32:30,4.41,0.0,7,3087,买盘
25,09:32:34,4.41,0.0,8,3528,买盘
26,09:32:37,4.39,-0.02,171,75280,卖盘
27,09:32:40,4.41,0.02,6,2646,买盘
28,09:32:43,4.41,0.0,11,4851,买盘
29,09:32:46,4.4,-0.01,1,440,买盘
30,09:32:54,4.41,0.01,4,1764,买盘
31,09:32:57,4.41,0.0,1,441,买盘
32,09:33:13,4.41,0.0,3,1323,买盘
33,09:33:15,4.4,-0.01,14,6167,卖盘
34,09:33:49,4.41,0.01,3,1323,卖盘
35,09:34:03,4.4,-0.01,1,440,卖盘
36,09:34:22,4.41,0.01,35,15435,买盘
37,09:34:25,4.41,0.0,39,17199,卖盘
38,09:34:33,4.4,-0.01,6,2640,卖盘
39,09:34:39,4.39,-0.01,99,43519,卖盘
40,09:34:46,4.38,-0.01,17,7446,卖盘
41,09:34:52,4.38,0.0,56,24578,卖盘
42,09:35:04,4.38,0.0,20,8760,卖盘
43,09:35:10,4.38,0.0,71,31098,卖盘
44,09:35:16,4.38,0.0,20,8760,卖盘
45,09:35:22,4.38,0.0,6,2628,卖盘
46,09:35:34,4.39,0.01,10,4389,买盘
47,09:35:43,4.38,-0.01,48,21024,买盘
48,09:36:01,4.39,0.01,2,878,买盘
49,09:36:18,4.39,0.0,1,439,卖盘
50,09:36:22,4.4,0.01,19,8360,买盘
51,09:36:34,4.39,-0.01,29,12745,卖盘
52,09:38:01,4.39,0.0,16,7024,卖盘
53,09:38:28,4.39,0.0,20,8780,卖盘
54,09:38:57,4.4,0.01,25,11000,买盘
55,09:39:04,4.4,0.0,129,56760,买盘
56,09:39:06,4.4,0.0,1,440,卖盘
57,09:39:15,4.4,0.0,14,6160,卖盘
58,09:39:39,4.41,0.01,50,22050,买盘
59,09:39:46,4.41,0.0,3,1323,买盘
60,09:39:49,4.41,0.0,7,3087,卖盘
61,09:39:57,4.41,0.0,17,7497,买盘
62,09:40:36,4.41,0.0,6,2646,买盘
63,09:40:43,4.41,0.0,50,22050,买盘
64,09:40:54,4.41,0.0,10,4410,买盘
65,09:40:57,4.41,0.0,15,6615,买盘
66,09:41:06,4.41,0.0,12,5292,卖盘
67,09:41:22,4.41,0.0,10,4410,卖盘
68,09:41:34,4.41,0.0,75,33075,卖盘
69,09:41:40,4.4,-0.01,50,22020,卖盘
70,09:42:12,4.4,0.0,3,1320,卖盘
71,09:42:42,4.41,0.01,20,8820,买盘
72,09:42:46,4.41,0.0,7,3087,买盘
73,09:42:49,4.41,0.0,7,3087,买盘
74,09:42:52,4.41,0.0,2,882,买盘
75,09:42:54,4.42,0.01,7,3094,买盘
76,09:44:16,4.41,-0.01,2,882,卖盘
77,09:44:18,4.41,0.0,2,882,卖盘
78,09:44:22,4.41,0.0,2,882,卖盘
79,09:44:24,4.41,0.0,26,11466,卖盘
80,09:45:55,4.4,-0.01,1,440,卖盘
81,09:46:22,4.4,0.0,80,35200,卖盘
82,09:47:25,4.41,0.01,40,17640,买盘
83,09:47:46,4.41,0.0,10,4410,买盘
84,09:48:10,4.4,-0.01,1,440,卖盘
85,09:48:13,4.4,0.0,4,1760,卖盘
86,09:48:25,4.4,0.0,2,880,卖盘
87,09:48:37,4.4,0.0,15,6600,卖盘
88,09:48:51,4.4,0.0,1,440,卖盘
89,09:48:57,4.4,0.0,10,4400,卖盘
90,09:49:04,4.4,0.0,40,17600,卖盘
91,09:49:10,4.4,0.0,33,14520,卖盘
92,09:49:13,4.4,0.0,95,41800,卖盘
93,09:49:16,4.39,-0.01,137,60143,卖盘
94,09:49:19,4.38,-0.01,38,16644,卖盘
95,09:49:27,4.38,0.0,87,38106,卖盘
96,09:49:30,4.38,0.0,21,9198,卖盘
97,09:49:34,4.38,0.0,15,6570,卖盘
98,09:49:37,4.38,0.0,26,11388,卖盘
99,09:49:54,4.38,0.0,1,438,卖盘
100,09:49:57,4.38,0.0,2,876,卖盘
101,09:50:01,4.38,0.0,1,438,卖盘
102,09:50:04,4.38,0.0,1,438,卖盘
103,09:50:07,4.38,0.0,1,438,卖盘
104,09:50:10,4.38,0.0,1,438,卖盘
105,09:50:13,4.38,0.0,1,438,卖盘
106,09:50:19,4.38,0.0,5,2190,卖盘
107,09:50:24,4.38,0.0,1,438,卖盘
108,09:50:31,4.38,0.0,3,1314,卖盘
109,09:50:34,4.38,0.0,4,1752,买盘
110,09:50:37,4.38,0.0,25,10950,买盘
111,09:50:39,4.38,0.0,10,4380,买盘
112,09:50:43,4.38,0.0,8,3504,卖盘
113,09:51:12,4.39,0.01,10,4390,买盘
114,09:51:28,4.38,-0.01,71,31098,卖盘
115,09:51:31,4.38,0.0,228,99864,买盘
116,09:51:52,4.39,0.01,10,4390,买盘
117,09:52:13,4.39,0.0,10,4390,买盘
118,09:52:30,4.39,0.0,2,878,买盘
119,09:52:43,4.39,0.0,97,42583,买盘
120,09:52:55,4.39,0.0,1,439,卖盘
121,09:53:01,4.39,0.0,1,439,卖盘
122,09:53:04,4.39,0.0,1,439,卖盘
123,09:53:34,4.38,-0.01,70,30660,卖盘
124,09:53:37,4.39,0.01,4,1756,买盘
125,09:53:40,4.38,-0.01,8,3504,卖盘
126,09:53:42,4.39,0.01,13,5707,买盘
127,09:53:52,4.39,0.0,37,16243,卖盘
128,09:54:22,4.39,0.0,19,8341,买盘
129,09:54:36,4.39,0.0,30,13170,买盘
130,09:55:43,4.39,0.0,1,439,卖盘
131,09:55:45,4.39,0.0,10,4390,卖盘
132,09:56:15,4.4,0.01,3,1320,买盘
133,09:56:52,4.39,-0.01,1,439,卖盘
134,09:56:54,4.39,0.0,1,439,卖盘
135,09:57:33,4.39,0.0,108,47412,卖盘
136,09:58:28,4.38,-0.01,4,1754,卖盘
137,09:59:12,4.39,0.01,11,4829,买盘
138,09:59:28,4.39,0.0,5,2195,买盘
139,09:59:40,4.38,-0.01,2,876,卖盘
140,09:59:45,4.38,0.0,1,438,卖盘
141,10:00:10,4.39,0.01,68,29852,买盘
142,10:00:22,4.39,0.0,68,29852,买盘
143,10:00:34,4.39,0.0,32,14048,卖盘
144,10:00:58,4.39,0.0,13,5707,买盘
145,10:01:07,4.39,0.0,92,40388,买盘
146,10:01:09,4.39,0.0,1,439,买盘
147,10:01:28,4.4,0.01,10,4400,买盘
148,10:02:55,4.39,-0.01,13,5707,卖盘
149,10:03:09,4.39,0.0,1,439,卖盘
150,10:03:42,4.39,0.0,70,30730,卖盘
151,10:03:48,4.39,0.0,6,2634,卖盘
152,10:04:31,4.39,0.0,14,6146,卖盘
153,10:04:34,4.39,0.0,12,5268,卖盘
154,10:04:37,4.39,0.0,6,2634,卖盘
155,10:04:40,4.4,0.01,37,16263,买盘
156,10:06:04,4.39,-0.01,1,439,卖盘
157,10:06:55,4.39,0.0,2,878,卖盘
158,10:07:01,4.39,0.0,30,13170,卖盘
159,10:07:43,4.39,0.0,2,878,卖盘
160,10:07:57,4.39,0.0,3,1317,卖盘
161,10:08:01,4.39,0.0,40,17560,卖盘
162,10:08:04,4.38,-0.01,96,42106,卖盘
163,10:08:19,4.39,0.01,2,878,买盘
164,10:08:21,4.39,0.0,7,3073,卖盘
165,10:08:25,4.39,0.0,21,9219,卖盘
166,10:08:28,4.38,-0.01,4,1754,卖盘
167,10:08:34,4.38,0.0,2,876,卖盘
168,10:08:49,4.38,0.0,1,438,卖盘
169,10:09:12,4.38,0.0,10,4380,卖盘
170,10:09:43,4.38,0.0,8,3504,卖盘
171,10:09:46,4.39,0.01,34,14916,买盘
172,10:09:49,4.39,0.0,5,2195,买盘
173,10:09:52,4.39,0.0,5,2195,买盘
174,10:09:55,4.39,0.0,1,439,买盘
175,10:09:58,4.39,0.0,1,439,买盘
176,10:10:01,4.39,0.0,1,439,买盘
177,10:10:04,4.4,0.01,4,1760,买盘
178,10:10:06,4.4,0.0,4,1760,买盘
179,10:10:10,4.4,0.0,4,1760,买盘
180,10:10:34,4.4,0.0,20,8800,买盘
181,10:10:36,4.4,0.0,3,1320,买盘
182,10:11:15,4.38,-0.02,25,10950,卖盘
183,10:11:28,4.39,0.01,1,439,买盘
184,10:11:34,4.39,0.0,1,439,买盘
185,10:12:43,4.38,-0.01,38,16647,卖盘
186,10:13:04,4.38,0.0,310,135780,卖盘
187,10:13:09,4.37,-0.01,6,2622,卖盘
188,10:13:16,4.38,0.01,200,87600,买盘
189,10:13:19,4.38,0.0,1,438,买盘
190,10:13:28,4.38,0.0,27,11826,买盘
191,10:14:31,4.38,0.0,20,8760,卖盘
192,10:14:33,4.38,0.0,43,18834,卖盘
193,10:14:36,4.38,0.0,41,17957,买盘
194,10:14:43,4.37,-0.01,10,4370,卖盘
195,10:15:28,4.37,0.0,40,17480,卖盘
196,10:15:30,4.36,-0.01,394,172056,卖盘
197,10:15:45,4.37,0.01,10,4370,买盘
198,10:15:55,4.36,-0.01,216,94176,卖盘
199,10:15:58,4.36,0.0,3,1308,卖盘
200,10:16:00,4.36,0.0,1,436,卖盘
201,10:16:06,4.36,0.0,10,4360,买盘
202,10:16:31,4.36,0.0,20,8720,买盘
203,10:16:34,4.35,-0.01,19,8272,卖盘
204,10:16:37,4.34,-0.01,115,50016,卖盘
205,10:16:40,4.34,0.0,21,9114,买盘
206,10:16:48,4.33,-0.01,5,2165,卖盘
207,10:16:57,4.35,0.02,26,11310,买盘
208,10:17:01,4.35,0.0,28,12180,买盘
209,10:17:22,4.35,0.0,6,2610,买盘
210,10:17:25,4.35,0.0,85,37056,卖盘
211,10:17:27,4.35,0.0,7,3045,卖盘
212,10:17:39,4.35,0.0,7,3045,卖盘
213,10:17:43,4.36,0.01,17,7412,买盘
214,10:17:49,4.35,-0.01,7,3048,卖盘
215,10:17:58,4.37,0.02,3,1311,买盘
216,10:18:18,4.35,-0.02,111,48285,卖盘
217,10:18:28,4.35,0.0,5,2175,卖盘
218,10:18:48,4.36,0.01,9,3924,买盘
219,10:18:51,4.36,0.0,4,1744,买盘
220,10:18:57,4.36,0.0,12,5232,卖盘
221,10:20:34,4.36,0.0,5,2180,卖盘
222,10:20:40,4.37,0.01,17,7429,买盘
223,10:21:04,4.37,0.0,20,8740,买盘
224,10:21:40,4.36,-0.01,3,1308,卖盘
225,10:21:45,4.36,0.0,20,8720,卖盘
226,10:21:52,4.36,0.0,32,13952,卖盘
227,10:22:01,4.36,0.0,59,25724,卖盘
228,10:22:25,4.37,0.01,17,7429,买盘
229,10:22:40,4.36,-0.01,2,872,中性盘
230,10:22:52,4.36,0.0,6,2616,卖盘
231,10:22:58,4.36,0.0,20,8720,卖盘
232,10:23:04,4.35,-0.01,6,2610,卖盘
233,10:23:07,4.36,0.01,29,12644,买盘
234,10:23:09,4.36,0.0,2,872,买盘
235,10:23:13,4.35,-0.01,6,2610,卖盘
236,10:23:18,4.35,0.0,20,8710,卖盘
237,10:23:25,4.36,0.01,1,436,买盘
238,10:23:28,4.36,0.0,3,1308,卖盘
239,10:24:09,4.35,-0.01,14,6090,卖盘
240,10:24:28,4.35,0.0,1,435,卖盘
241,10:25:04,4.34,-0.01,500,217113,卖盘
242,10:25:30,4.35,0.01,5,2175,买盘
243,10:25:33,4.34,-0.01,10,4345,卖盘
244,10:25:52,4.35,0.01,9,3915,卖盘
245,10:26:06,4.36,0.01,15,6540,买盘
246,10:26:25,4.35,-0.01,34,14790,卖盘
247,10:26:46,4.36,0.01,50,21800,买盘
248,10:27:01,4.35,-0.01,10,4350,卖盘
249,10:27:13,4.35,0.0,3,1305,卖盘
250,10:27:25,4.35,0.0,10,4350,卖盘
251,10:27:40,4.35,0.0,40,17410,卖盘
252,10:28:04,4.35,0.0,30,13050,卖盘
253,10:28:22,4.36,0.01,27,11772,买盘
254,10:28:33,4.36,0.0,8,3488,卖盘
255,10:28:37,4.36,0.0,9,3924,卖盘
256,10:29:37,4.36,0.0,15,6540,卖盘
257,10:29:52,4.36,0.0,2,872,卖盘
258,10:29:57,4.36,0.0,5,2180,卖盘
259,10:30:16,4.37,0.01,16,6992,买盘
260,10:31:04,4.37,0.0,10,4370,买盘
261,10:31:06,4.37,0.0,10,4370,买盘
262,10:31:13,4.37,0.0,50,21850,买盘
263,10:31:16,4.37,0.0,20,8740,买盘
264,10:31:19,4.37,0.0,8,3496,买盘
265,10:31:21,4.37,0.0,7,3059,买盘
266,10:31:24,4.37,0.0,8,3496,买盘
267,10:31:27,4.37,0.0,9,3933,买盘
268,10:31:31,4.37,0.0,9,3933,买盘
269,10:31:34,4.37,0.0,10,4370,买盘
270,10:31:37,4.38,0.01,10,4380,买盘
271,10:31:39,4.38,0.0,10,4380,买盘
272,10:31:42,4.38,0.0,10,4380,买盘
273,10:31:46,4.38,0.0,147,64386,买盘
274,10:31:48,4.38,0.0,76,33288,买盘
275,10:31:52,4.38,0.0,102,44676,买盘
276,10:31:55,4.38,0.0,5,2190,买盘
277,10:31:58,4.38,0.0,69,30222,买盘
278,10:32:04,4.38,0.0,4,1752,卖盘
279,10:32:58,4.38,0.0,4,1752,卖盘
280,10:33:10,4.39,0.01,24,10530,买盘
281,10:33:16,4.38,-0.01,12,5256,中性盘
282,10:33:42,4.38,0.0,27,11826,买盘
283,10:33:48,4.38,0.0,3,1314,卖盘
284,10:34:16,4.37,-0.01,5,2185,卖盘
285,10:35:09,4.37,0.0,1,437,卖盘
286,10:35:52,4.37,0.0,12,5244,卖盘
287,10:36:06,4.36,-0.01,40,17472,卖盘
288,10:36:10,4.36,0.0,15,6540,卖盘
289,10:36:48,4.36,0.0,60,26160,卖盘
290,10:36:52,4.37,0.01,11,4807,买盘
291,10:37:13,4.37,0.0,2,874,卖盘
292,10:37:18,4.37,0.0,5,2185,买盘
293,10:37:22,4.37,0.0,4,1748,卖盘
294,10:37:27,4.35,-0.02,48,20897,卖盘
295,10:37:36,4.36,0.01,3,1308,买盘
296,10:37:42,4.36,0.0,1,436,买盘
297,10:37:45,4.36,0.0,3,1308,中性盘
298,10:37:51,4.36,0.0,1,436,买盘
299,10:37:57,4.36,0.0,10,4360,中性盘
300,10:38:30,4.36,0.0,1,436,买盘
301,10:38:45,4.36,0.0,2,872,买盘
302,10:39:04,4.36,0.0,7,3052,买盘
303,10:39:51,4.35,-0.01,497,216195,卖盘
304,10:40:00,4.35,0.0,20,8700,卖盘
305,10:40:06,4.36,0.01,6,2616,买盘
306,10:40:12,4.35,-0.01,75,32625,卖盘
307,10:40:43,4.35,0.0,93,40455,买盘
308,10:40:46,4.35,0.0,336,146160,买盘
309,10:41:48,4.36,0.01,16,6976,买盘
310,10:42:27,4.37,0.01,4,1748,买盘
311,10:42:33,4.36,-0.01,103,44908,卖盘
312,10:43:51,4.36,0.0,5,2180,买盘
313,10:44:00,4.35,-0.01,40,17400,卖盘
314,10:44:10,4.35,0.0,1,435,卖盘
315,10:44:33,4.35,0.0,161,70035,卖盘
316,10:44:36,4.34,-0.01,9,3906,卖盘
317,10:45:33,4.34,0.0,4,1736,卖盘
318,10:46:21,4.33,-0.01,500,216755,卖盘
319,10:46:24,4.33,0.0,19,8227,卖盘
320,10:46:28,4.33,0.0,5,2165,卖盘
321,10:46:48,4.33,0.0,1,433,卖盘
322,10:46:58,4.34,0.01,40,17360,买盘
323,10:47:01,4.34,0.0,2,868,卖盘
324,10:47:21,4.34,0.0,1,434,卖盘
325,10:47:25,4.34,0.0,1,434,卖盘
326,10:47:27,4.34,0.0,1,434,卖盘
327,10:47:31,4.34,0.0,1,434,卖盘
328,10:47:33,4.34,0.0,1,434,卖盘
329,10:47:36,4.34,0.0,1,434,卖盘
330,10:47:45,4.34,0.0,2,868,卖盘
331,10:47:49,4.34,0.0,6,2604,卖盘
332,10:48:01,4.34,0.0,2,868,卖盘
333,10:48:04,4.34,0.0,1,434,卖盘
334,10:48:15,4.34,0.0,3,1302,卖盘
335,10:48:30,4.34,0.0,2,868,卖盘
336,10:49:00,4.34,0.0,2,868,卖盘
337,10:49:30,4.34,0.0,2,868,卖盘
338,10:49:36,4.34,0.0,6,2604,卖盘
339,10:50:01,4.34,0.0,1,434,卖盘
340,10:50:04,4.34,0.0,1,434,卖盘
341,10:50:12,4.32,-0.02,392,169510,卖盘
342,10:50:33,4.33,0.01,1,433,卖盘
343,10:50:54,4.33,0.0,1,433,卖盘
344,10:51:22,4.34,0.01,3,1302,买盘
345,10:51:39,4.34,0.0,13,5642,买盘
346,10:51:43,4.32,-0.02,550,237936,卖盘
347,10:52:04,4.33,0.01,3,1301,中性盘
348,10:52:21,4.32,-0.01,500,216070,卖盘
349,10:52:30,4.33,0.01,22,9526,卖盘
350,10:52:33,4.33,0.0,1,433,卖盘
351,10:52:43,4.33,0.0,9,3897,卖盘
352,10:52:49,4.34,0.01,14,6076,买盘
353,10:53:21,4.34,0.0,10,4340,买盘
354,10:53:39,4.33,-0.01,380,164671,卖盘
355,10:53:54,4.32,-0.01,19,8208,卖盘
356,10:54:12,4.33,0.01,11,4763,买盘
357,10:54:15,4.33,0.0,29,12557,买盘
358,10:54:18,4.33,0.0,21,9093,买盘
359,10:54:25,4.33,0.0,3,1299,买盘
360,10:54:28,4.33,0.0,3,1299,买盘
361,10:54:31,4.33,0.0,111,48063,买盘
362,10:54:33,4.33,0.0,1,433,卖盘
363,10:54:40,4.33,0.0,3,1299,卖盘
364,10:54:57,4.34,0.01,20,8680,买盘
365,10:55:45,4.33,-0.01,1,433,卖盘
366,10:56:27,4.34,0.01,5,2170,买盘
367,10:56:36,4.33,-0.01,7,3031,卖盘
368,10:56:39,4.34,0.01,34,14756,买盘
369,10:57:00,4.34,0.0,3,1358,买盘
370,10:57:03,4.34,0.0,30,13020,卖盘
371,10:57:07,4.34,0.0,1,378,买盘
372,10:57:22,4.34,0.0,24,10472,买盘
373,10:57:51,4.34,0.0,20,8680,买盘
374,10:58:24,4.34,0.0,1,434,卖盘
375,10:58:34,4.35,0.01,50,21750,买盘
376,10:58:54,4.34,-0.01,2,868,卖盘
377,10:59:06,4.34,0.0,8,3472,卖盘
378,10:59:45,4.35,0.01,2,870,买盘
379,10:59:48,4.35,0.0,2,870,买盘
380,10:59:51,4.35,0.0,11,4785,买盘
381,10:59:54,4.35,0.0,2,870,买盘
382,10:59:58,4.35,0.0,2,870,买盘
383,11:00:00,4.35,0.0,2,870,买盘
384,11:00:04,4.34,-0.01,3,1304,卖盘
385,11:00:06,4.34,0.0,2,868,卖盘
386,11:00:09,4.35,0.01,170,73950,买盘
387,11:00:13,4.34,-0.01,1,434,卖盘
388,11:00:16,4.35,0.01,16,6960,买盘
389,11:00:18,4.35,0.0,16,6960,买盘
390,11:00:22,4.35,0.0,19,8265,买盘
391,11:00:25,4.35,0.0,87,37845,买盘
392,11:00:27,4.35,0.0,130,56550,买盘
393,11:00:45,4.36,0.01,44,19170,买盘
394,11:01:04,4.36,0.0,5,2180,买盘
395,11:01:27,4.35,-0.01,11,4785,卖盘
396,11:01:33,4.35,0.0,83,36105,卖盘
397,11:02:51,4.34,-0.01,1,434,卖盘
398,11:02:54,4.34,0.0,1,434,卖盘
399,11:02:57,4.35,0.01,70,30450,买盘
400,11:03:12,4.34,-0.01,10,4340,卖盘
401,11:03:42,4.34,0.0,1,434,卖盘
402,11:03:48,4.35,0.01,50,21750,买盘
403,11:04:09,4.35,0.0,85,36975,买盘
404,11:04:15,4.35,0.0,305,132675,买盘
405,11:04:52,4.33,-0.02,500,216975,卖盘
406,11:05:24,4.34,0.01,3,1302,中性盘
407,11:06:04,4.34,0.0,72,31248,卖盘
408,11:06:34,4.34,0.0,2,868,卖盘
409,11:06:36,4.34,0.0,2,868,卖盘
410,11:06:42,4.35,0.01,10,4350,买盘
411,11:06:54,4.35,0.0,18,7830,买盘
412,11:07:33,4.34,-0.01,3,1302,卖盘
413,11:07:42,4.34,0.0,15,6510,卖盘
414,11:08:06,4.34,0.0,563,244342,卖盘
415,11:08:24,4.34,0.0,4,1736,卖盘
416,11:08:27,4.34,0.0,3,1302,卖盘
417,11:08:36,4.34,0.0,1,434,卖盘
418,11:08:39,4.34,0.0,6,2604,卖盘
419,11:08:45,4.35,0.01,5,2175,买盘
420,11:09:19,4.34,-0.01,26,11284,卖盘
421,11:09:45,4.35,0.01,109,47415,买盘
422,11:10:19,4.34,-0.01,6,2604,卖盘
423,11:10:21,4.34,0.0,2,868,卖盘
424,11:10:57,4.34,0.0,15,6510,卖盘
425,11:11:00,4.34,0.0,1,434,卖盘
426,11:11:18,4.34,0.0,1,434,卖盘
427,11:11:24,4.34,0.0,12,5208,卖盘
428,11:11:42,4.34,0.0,8,3472,买盘
429,11:12:09,4.33,-0.01,1,433,卖盘
430,11:12:43,4.33,0.0,353,152849,卖盘
431,11:12:45,4.33,0.0,10,4330,买盘
432,11:12:49,4.32,-0.01,500,216000,卖盘
433,11:12:57,4.32,0.0,1,432,卖盘
434,11:13:00,4.32,0.0,2,864,卖盘
435,11:13:25,4.32,0.0,227,98064,卖盘
436,11:13:28,4.32,0.0,33,14256,买盘
437,11:13:30,4.33,0.01,105,45366,买盘
438,11:13:33,4.33,0.0,4,1732,买盘
439,11:13:36,4.33,0.0,13,5629,买盘
440,11:13:40,4.33,0.0,18,7794,买盘
441,11:13:43,4.33,0.0,13,5629,买盘
442,11:13:45,4.33,0.0,15,6495,买盘
443,11:13:49,4.33,0.0,88,38104,买盘
444,11:14:00,4.33,0.0,2,866,卖盘
445,11:14:03,4.33,0.0,2,866,卖盘
446,11:14:06,4.34,0.01,117,50778,买盘
447,11:14:28,4.33,-0.01,2,866,卖盘
448,11:15:16,4.33,0.0,3,1299,卖盘
449,11:15:18,4.33,0.0,3,1299,卖盘
450,11:15:27,4.33,0.0,1,433,卖盘
451,11:15:46,4.34,0.01,5,2170,买盘
452,11:15:49,4.34,0.0,503,218302,买盘
453,11:15:52,4.34,0.0,10,4340,买盘
454,11:15:55,4.34,0.0,38,16492,买盘
455,11:15:58,4.35,0.01,10,4350,买盘
456,11:16:01,4.35,0.0,4,1740,买盘
457,11:16:27,4.35,0.0,304,132240,买盘
458,11:16:31,4.35,0.0,3,1305,买盘
459,11:16:36,4.35,0.0,1,435,买盘
460,11:16:51,4.35,0.0,6,2610,买盘
461,11:17:01,4.35,0.0,324,140940,买盘
462,11:17:19,4.36,0.01,10,4360,买盘
463,11:17:33,4.36,0.0,10,4360,买盘
464,11:17:43,4.36,0.0,4,1744,买盘
465,11:17:51,4.35,-0.01,12,5220,卖盘
466,11:18:01,4.36,0.01,6,2616,买盘
467,11:18:19,4.36,0.0,6,2616,买盘
468,11:18:57,4.35,-0.01,5,2175,卖盘
469,11:19:30,4.35,0.0,1,435,卖盘
470,11:20:18,4.36,0.01,7,3052,买盘
471,11:20:48,4.35,-0.01,68,29580,卖盘
472,11:21:01,4.35,0.0,80,34800,买盘
473,11:21:12,4.35,0.0,40,17400,买盘
474,11:21:15,4.35,0.0,100,43500,买盘
475,11:21:18,4.34,-0.01,19,8259,卖盘
476,11:21:22,4.34,0.0,26,11309,卖盘
477,11:21:25,4.35,0.01,34,14790,买盘
478,11:21:28,4.35,0.0,34,14790,买盘
479,11:21:31,4.35,0.0,10,4350,买盘
480,11:21:33,4.35,0.0,7,3045,买盘
481,11:21:37,4.35,0.0,8,3480,买盘
482,11:21:40,4.35,0.0,9,3915,买盘
483,11:21:42,4.35,0.0,6,2610,买盘
484,11:21:45,4.35,0.0,6,2610,买盘
485,11:21:48,4.35,0.0,5,2175,买盘
486,11:21:51,4.34,-0.01,2,868,卖盘
487,11:22:18,4.35,0.01,20,8700,买盘
488,11:22:42,4.35,0.0,27,11744,买盘
489,11:22:55,4.35,0.0,30,13050,买盘
490,11:22:58,4.35,0.0,1,435,买盘
491,11:23:09,4.35,0.0,1,435,买盘
492,11:23:27,4.34,-0.01,1,434,卖盘
493,11:23:30,4.34,0.0,2,868,卖盘
494,11:23:57,4.35,0.01,10,4350,买盘
495,11:24:03,4.35,0.0,47,20445,买盘
496,11:24:06,4.35,0.0,2,870,卖盘
497,11:25:03,4.35,0.0,1,435,卖盘
498,11:26:54,4.35,0.0,1,435,卖盘
499,11:28:00,4.35,0.0,1,435,卖盘
500,11:28:27,4.35,0.0,7,3045,卖盘
501,11:28:33,4.36,0.01,11,4796,买盘
502,11:28:45,4.35,-0.01,1,435,卖盘
503,11:29:18,4.35,0.0,1,435,卖盘
504,11:29:30,4.36,0.01,137,59732,买盘
505,11:29:57,4.35,-0.01,53,23055,卖盘
506,13:00:05,4.36,0.01,97,42276,买盘
507,13:00:06,4.36,0.0,2,872,买盘
508,13:00:36,4.35,-0.01,1,435,卖盘
509,13:00:42,4.35,0.0,2,870,卖盘
510,13:01:27,4.35,0.0,1,435,卖盘
511,13:02:21,4.35,0.0,2,870,卖盘
512,13:03:45,4.35,0.0,30,13050,卖盘
513,13:03:57,4.35,0.0,2,870,卖盘
514,13:04:30,4.36,0.01,12,5232,买盘
515,13:04:36,4.35,-0.01,9,3915,卖盘
516,13:04:48,4.36,0.01,55,23980,买盘
517,13:05:06,4.36,0.0,11,4796,买盘
518,13:05:34,4.35,-0.01,2,870,卖盘
519,13:05:48,4.35,0.0,300,130500,卖盘
520,13:05:51,4.35,0.0,3,1305,卖盘
521,13:05:54,4.35,0.0,4,1740,卖盘
522,13:06:21,4.34,-0.01,1,434,卖盘
523,13:07:09,4.35,0.01,2,870,卖盘
524,13:07:36,4.34,-0.01,71,30845,卖盘
525,13:07:42,4.34,0.0,1,434,卖盘
526,13:08:30,4.35,0.01,1,435,卖盘
527,13:08:48,4.35,0.0,2,870,卖盘
528,13:10:24,4.35,0.0,2,870,卖盘
529,13:10:39,4.35,0.0,3,1305,卖盘
530,13:11:33,4.35,0.0,15,6525,卖盘
531,13:11:57,4.34,-0.01,40,17360,卖盘
532,13:12:01,4.34,0.0,2,868,卖盘
533,13:12:45,4.34,0.0,1,434,卖盘
534,13:12:54,4.34,0.0,1,434,卖盘
535,13:12:57,4.35,0.01,3,1305,买盘
536,13:13:33,4.34,-0.01,10,4340,卖盘
537,13:13:36,4.34,0.0,2,868,卖盘
538,13:13:39,4.34,0.0,1,434,卖盘
539,13:13:55,4.35,0.01,20,8700,买盘
540,13:13:58,4.34,-0.01,3,1302,卖盘
541,13:15:00,4.34,0.0,60,26040,卖盘
542,13:15:12,4.34,0.0,2,868,卖盘
543,13:16:09,4.34,0.0,1,434,卖盘
544,13:16:33,4.34,0.0,15,6510,卖盘
545,13:16:45,4.34,0.0,8,3472,卖盘
546,13:16:54,4.34,0.0,2,868,卖盘
547,13:17:45,4.34,0.0,100,43400,卖盘
548,13:17:48,4.34,0.0,1,434,卖盘
549,13:18:03,4.34,0.0,1,434,卖盘
550,13:18:27,4.34,0.0,2,868,卖盘
551,13:18:51,4.34,0.0,5,2170,卖盘
552,13:18:57,4.34,0.0,10,4340,卖盘
553,13:19:21,4.34,0.0,1,434,卖盘
554,13:19:31,4.34,0.0,10,4340,卖盘
555,13:19:45,4.35,0.01,17,7395,买盘
556,13:19:58,4.34,-0.01,1,434,卖盘
557,13:20:01,4.35,0.01,2,870,买盘
558,13:20:04,4.35,0.0,2,870,买盘
559,13:20:07,4.35,0.0,2,870,买盘
560,13:20:09,4.35,0.0,2,870,买盘
561,13:20:12,4.35,0.0,2,870,买盘
562,13:20:15,4.35,0.0,10,4350,买盘
563,13:20:27,4.35,0.0,17,7395,买盘
564,13:20:30,4.34,-0.01,44,19100,卖盘
565,13:20:57,4.35,0.01,11,4785,卖盘
566,13:21:01,4.35,0.0,48,20880,卖盘
567,13:21:09,4.34,-0.01,1,434,卖盘
568,13:21:28,4.36,0.02,100,43581,买盘
569,13:21:37,4.36,0.0,13,5661,买盘
570,13:22:04,4.35,-0.01,2,870,卖盘
571,13:22:10,4.35,0.0,8,3480,买盘
572,13:22:13,4.35,0.0,1,435,买盘
573,13:22:30,4.35,0.0,8,3480,卖盘
574,13:22:33,4.34,-0.01,12,5219,卖盘
575,13:22:49,4.34,0.0,1,434,卖盘
576,13:22:57,4.36,0.02,38,16568,买盘
577,13:23:00,4.35,-0.01,4,1740,买盘
578,13:23:03,4.35,0.0,5,2175,买盘
579,13:23:09,4.34,-0.01,12,5218,卖盘
580,13:23:24,4.36,0.02,7,3052,买盘
581,13:23:33,4.35,-0.01,1,435,买盘
582,13:23:57,4.35,0.0,56,24360,卖盘
583,13:24:30,4.35,0.0,20,8700,卖盘
584,13:24:45,4.34,-0.01,1,434,卖盘
585,13:24:48,4.34,0.0,1,434,卖盘
586,13:25:03,4.35,0.01,18,7830,买盘
587,13:25:48,4.35,0.0,6,2610,卖盘
588,13:25:51,4.35,0.0,64,27840,卖盘
589,13:25:54,4.35,0.0,21,9135,卖盘
590,13:26:42,4.34,-0.01,1,434,卖盘
591,13:27:04,4.34,0.0,1,434,卖盘
592,13:27:49,4.34,0.0,1,434,卖盘
593,13:28:30,4.32,-0.02,1000,433439,卖盘
594,13:29:03,4.33,0.01,1,433,卖盘
595,13:29:51,4.33,0.0,2,867,卖盘
596,13:30:33,4.33,0.0,2,866,卖盘
597,13:30:55,4.34,0.01,9,3906,买盘
598,13:31:06,4.34,0.0,60,26040,买盘
599,13:31:12,4.33,-0.01,40,17320,卖盘
600,13:31:25,4.34,0.01,25,10850,买盘
601,13:31:30,4.33,-0.01,1,433,卖盘
602,13:31:36,4.34,0.01,1,434,买盘
603,13:31:57,4.34,0.0,20,8680,买盘
604,13:32:09,4.33,-0.01,1,433,卖盘
605,13:32:51,4.34,0.01,20,8680,买盘
606,13:33:00,4.33,-0.01,1,433,卖盘
607,13:33:06,4.33,0.0,15,6495,卖盘
608,13:33:49,4.33,0.0,4,1732,卖盘
609,13:33:57,4.34,0.01,15,6510,买盘
610,13:34:42,4.34,0.0,24,10416,买盘
611,13:34:45,4.33,-0.01,1,433,卖盘
612,13:34:54,4.33,0.0,1,433,卖盘
613,13:35:30,4.33,0.0,2,866,卖盘
614,13:36:10,4.33,0.0,2,866,卖盘
615,13:36:21,4.33,0.0,2,866,卖盘
616,13:36:30,4.33,0.0,4,1732,卖盘
617,13:36:33,4.33,0.0,1,433,卖盘
618,13:36:43,4.34,0.01,71,30814,买盘
619,13:36:45,4.34,0.0,44,19096,卖盘
620,13:37:09,4.34,0.0,4,1736,买盘
621,13:37:12,4.33,-0.01,1,433,卖盘
622,13:37:49,4.33,0.0,12,5196,卖盘
623,13:38:12,4.34,0.01,5,2170,买盘
624,13:38:21,4.34,0.0,6,2604,买盘
625,13:38:24,4.34,0.0,8,3472,买盘
626,13:38:30,4.34,0.0,9,3906,买盘
627,13:38:33,4.34,0.0,16,6944,卖盘
628,13:38:36,4.33,-0.01,1,433,卖盘
629,13:38:39,4.34,0.01,12,5208,买盘
630,13:38:42,4.34,0.0,17,7378,中性盘
631,13:38:46,4.34,0.0,8,3472,卖盘
632,13:39:01,4.33,-0.01,43,18619,卖盘
633,13:39:34,4.33,0.0,16,6928,卖盘
634,13:39:37,4.33,0.0,1,433,卖盘
635,13:40:01,4.34,0.01,3,1302,买盘
636,13:40:04,4.34,0.0,3,1302,买盘
637,13:40:07,4.33,-0.01,4,1735,卖盘
638,13:40:09,4.34,0.01,3,1302,买盘
639,13:40:12,4.34,0.0,4,1735,买盘
640,13:40:34,4.34,0.0,11,4774,买盘
641,13:40:37,4.34,0.0,10,4340,买盘
642,13:41:27,4.33,-0.01,15,6495,卖盘
643,13:41:52,4.33,0.0,1,433,卖盘
644,13:41:54,4.33,0.0,1,433,卖盘
645,13:42:22,4.34,0.01,46,19964,买盘
646,13:42:24,4.34,0.0,59,25606,卖盘
647,13:42:27,4.33,-0.01,53,22949,卖盘
648,13:42:39,4.34,0.01,24,10416,买盘
649,13:42:43,4.34,0.0,314,136276,卖盘
650,13:43:15,4.34,0.0,7,3036,买盘
651,13:43:18,4.34,0.0,1,434,卖盘
652,13:43:21,4.34,0.0,50,21700,卖盘
653,13:43:42,4.33,-0.01,1,433,卖盘
654,13:43:58,4.34,0.01,15,6510,买盘
655,13:44:00,4.34,0.0,10,4340,卖盘
656,13:44:45,4.34,0.0,25,10850,买盘
657,13:45:34,4.33,-0.01,2,866,卖盘
658,13:46:04,4.34,0.01,22,9547,买盘
659,13:46:07,4.33,-0.01,159,68847,卖盘
660,13:46:12,4.34,0.01,1,434,中性盘
661,13:46:40,4.33,-0.01,2,866,卖盘
662,13:46:52,4.33,0.0,1,433,卖盘
663,13:47:04,4.34,0.01,13,5642,买盘
664,13:48:00,4.34,0.0,5,2170,买盘
665,13:48:30,4.34,0.0,28,12152,买盘
666,13:48:48,4.33,-0.01,1,433,卖盘
667,13:48:58,4.33,0.0,8,3464,卖盘
668,13:49:27,4.34,0.01,16,6944,买盘
669,13:50:01,4.34,0.0,1,434,买盘
670,13:50:04,4.34,0.0,1,434,买盘
671,13:50:06,4.34,0.0,1,434,买盘
672,13:50:09,4.34,0.0,1,434,买盘
673,13:50:12,4.34,0.0,1,434,买盘
674,13:50:15,4.34,0.0,1,434,买盘
675,13:50:18,4.34,0.0,1,434,买盘
676,13:50:21,4.34,0.0,1,434,买盘
677,13:50:24,4.34,0.0,1,434,买盘
678,13:50:28,4.34,0.0,1,434,买盘
679,13:50:31,4.33,-0.01,3,1299,卖盘
680,13:51:07,4.33,0.0,10,4330,卖盘
681,13:51:10,4.33,0.0,3,1299,卖盘
682,13:51:21,4.33,0.0,2,866,卖盘
683,13:51:24,4.33,0.0,52,22516,卖盘
684,13:51:33,4.33,0.0,1,433,卖盘
685,13:51:36,4.33,0.0,9,3897,卖盘
686,13:51:49,4.33,0.0,33,14289,卖盘
687,13:52:10,4.33,0.0,14,6062,卖盘
688,13:52:15,4.33,0.0,31,13423,卖盘
689,13:52:21,4.33,0.0,3,1299,卖盘
690,13:52:31,4.33,0.0,5,2165,卖盘
691,13:52:34,4.34,0.01,10,4340,买盘
692,13:52:46,4.33,-0.01,443,191819,卖盘
693,13:52:49,4.33,0.0,18,7794,卖盘
694,13:52:52,4.32,-0.01,72,31157,卖盘
695,13:52:54,4.32,0.0,16,6912,卖盘
696,13:52:57,4.32,0.0,1,432,卖盘
697,13:53:13,4.32,0.0,1,432,卖盘
698,13:53:19,4.33,0.01,13,5629,买盘
699,13:53:39,4.33,0.0,2,866,卖盘
700,13:53:42,4.32,-0.01,44,19033,卖盘
701,13:53:46,4.32,0.0,1,432,卖盘
702,13:53:55,4.33,0.01,12,5194,买盘
703,13:54:00,4.32,-0.01,1,432,卖盘
704,13:54:10,4.32,0.0,99,42768,卖盘
705,13:54:16,4.32,0.0,51,22032,卖盘
706,13:54:34,4.32,0.0,2,864,卖盘
707,13:54:37,4.32,0.0,29,12528,卖盘
708,13:54:42,4.32,0.0,644,278208,卖盘
709,13:54:46,4.31,-0.01,18,7770,卖盘
710,13:54:49,4.32,0.01,56,24192,卖盘
711,13:54:52,4.32,0.0,106,45792,卖盘
712,13:54:55,4.32,0.0,29,12528,卖盘
713,13:54:58,4.32,0.0,7,3024,卖盘
714,13:55:01,4.32,0.0,7,3024,卖盘
715,13:55:04,4.32,0.0,7,3024,卖盘
716,13:55:06,4.33,0.01,17,7354,买盘
717,13:55:13,4.32,-0.01,2,864,卖盘
718,13:55:16,4.32,0.0,2,864,卖盘
719,13:55:19,4.32,0.0,6,2594,卖盘
720,13:55:22,4.32,0.0,1,432,卖盘
721,13:55:24,4.32,0.0,54,23328,卖盘
722,13:55:27,4.32,0.0,28,12096,卖盘
723,13:55:34,4.31,-0.01,2,862,卖盘
724,13:56:04,4.31,0.0,1,431,卖盘
725,13:56:06,4.31,0.0,46,19826,卖盘
726,13:56:19,4.31,0.0,100,43100,卖盘
727,13:56:30,4.31,0.0,215,92665,卖盘
728,13:56:33,4.31,0.0,38,16378,卖盘
729,13:56:37,4.31,0.0,1,431,卖盘
730,13:56:43,4.31,0.0,33,14223,卖盘
731,13:56:52,4.32,0.01,2,864,买盘
732,13:57:04,4.31,-0.01,70,30170,卖盘
733,13:57:09,4.31,0.0,7,3015,买盘
734,13:57:19,4.31,0.0,10,4310,买盘
735,13:57:30,4.3,-0.01,1,430,卖盘
736,13:57:34,4.3,0.0,1,430,卖盘
737,13:57:43,4.31,0.01,277,119387,买盘
738,13:58:04,4.31,0.0,1,431,卖盘
739,13:58:16,4.31,0.0,2,862,卖盘
740,13:58:42,4.31,0.0,200,86200,卖盘
741,13:58:45,4.31,0.0,28,12068,卖盘
742,13:58:51,4.31,0.0,6,2586,买盘
743,13:58:54,4.31,0.0,4,1724,买盘
744,13:59:15,4.32,0.01,10,4320,买盘
745,13:59:43,4.31,-0.01,5,2155,卖盘
746,13:59:57,4.31,0.0,1,431,卖盘
747,14:00:00,4.32,0.01,6,2592,买盘
748,14:00:04,4.31,-0.01,61,26297,卖盘
749,14:00:07,4.32,0.01,9,3888,买盘
750,14:00:10,4.32,0.0,9,3888,买盘
751,14:00:13,4.32,0.0,30,12960,买盘
752,14:00:25,4.31,-0.01,47,20257,卖盘
753,14:00:28,4.31,0.0,24,10344,买盘
754,14:00:33,4.31,0.0,50,21550,买盘
755,14:00:36,4.31,0.0,24,10344,买盘
756,14:00:49,4.32,0.01,4,1728,买盘
757,14:01:00,4.31,-0.01,1,431,卖盘
758,14:01:04,4.31,0.0,11,4741,卖盘
759,14:01:22,4.31,0.0,21,9051,卖盘
760,14:01:33,4.3,-0.01,102,43860,卖盘
761,14:01:49,4.3,0.0,13,5590,卖盘
762,14:01:52,4.31,0.01,20,8620,买盘
763,14:01:54,4.31,0.0,18,7758,买盘
764,14:02:04,4.3,-0.01,11,4730,卖盘
765,14:02:16,4.3,0.0,10,4300,卖盘
766,14:02:28,4.31,0.01,1,431,买盘
767,14:02:39,4.31,0.0,5,2155,买盘
768,14:03:04,4.31,0.0,9,3879,买盘
769,14:03:10,4.31,0.0,591,254885,买盘
770,14:03:13,4.31,0.0,67,28877,卖盘
771,14:03:16,4.31,0.0,1,431,卖盘
772,14:03:19,4.31,0.0,71,30577,卖盘
773,14:03:25,4.31,0.0,2,862,卖盘
774,14:03:27,4.31,0.0,1,431,卖盘
775,14:03:36,4.31,0.0,1,431,买盘
776,14:03:49,4.31,0.0,1,431,卖盘
777,14:04:18,4.31,0.0,19,8189,卖盘
778,14:04:25,4.31,0.0,2,862,卖盘
779,14:04:37,4.32,0.01,2,864,买盘
780,14:04:46,4.32,0.0,15,6480,买盘
781,14:05:06,4.31,-0.01,1,431,卖盘
782,14:05:13,4.32,0.01,2,864,买盘
783,14:05:30,4.31,-0.01,2,862,卖盘
784,14:05:34,4.32,0.01,1,432,买盘
785,14:05:46,4.32,0.0,20,8640,买盘
786,14:05:58,4.32,0.0,15,6480,买盘
787,14:06:01,4.31,-0.01,3,1293,卖盘
788,14:06:10,4.32,0.01,10,4320,买盘
789,14:06:12,4.31,-0.01,2,862,卖盘
790,14:06:22,4.31,0.0,2,862,卖盘
791,14:06:34,4.31,0.0,70,30239,卖盘
792,14:06:46,4.31,0.0,680,293080,卖盘
793,14:06:58,4.31,0.0,1,431,中性盘
794,14:07:06,4.31,0.0,35,15085,卖盘
795,14:07:09,4.31,0.0,75,32325,卖盘
796,14:07:25,4.31,0.0,1,431,买盘
797,14:07:31,4.31,0.0,47,20257,买盘
798,14:07:39,4.3,-0.01,2,860,卖盘
799,14:07:55,4.31,0.01,1,431,买盘
800,14:07:58,4.31,0.0,110,47410,买盘
801,14:08:13,4.31,0.0,44,18964,卖盘
802,14:08:16,4.31,0.0,1,431,卖盘
803,14:08:24,4.31,0.0,48,20688,卖盘
804,14:09:09,4.31,0.0,73,31463,卖盘
805,14:09:15,4.31,0.0,1,431,卖盘
806,14:09:33,4.31,0.0,13,5603,卖盘
807,14:09:37,4.32,0.01,1,432,买盘
808,14:09:39,4.31,-0.01,1,431,卖盘
809,14:09:49,4.31,0.0,4,1724,卖盘
810,14:10:28,4.31,0.0,10,4310,卖盘
811,14:11:10,4.32,0.01,87,37583,买盘
812,14:11:13,4.32,0.0,9,3888,买盘
813,14:11:18,4.32,0.0,5,2160,买盘
814,14:11:28,4.31,-0.01,3,1293,卖盘
815,14:11:46,4.32,0.01,1,432,买盘
816,14:11:48,4.31,-0.01,3,1295,卖盘
817,14:11:58,4.32,0.01,31,13391,买盘
818,14:12:01,4.31,-0.01,10,4310,卖盘
819,14:12:18,4.32,0.01,53,22896,买盘
820,14:12:28,4.32,0.0,400,172800,买盘
821,14:12:31,4.32,0.0,13,5616,买盘
822,14:12:34,4.32,0.0,40,17280,买盘
823,14:12:37,4.32,0.0,31,13392,买盘
824,14:12:40,4.32,0.0,6,2592,买盘
825,14:13:01,4.32,0.0,57,24624,买盘
826,14:13:10,4.32,0.0,20,8640,卖盘
827,14:13:16,4.32,0.0,2,864,卖盘
828,14:13:58,4.33,0.01,3,1299,买盘
829,14:14:04,4.32,-0.01,1,432,卖盘
830,14:14:06,4.33,0.01,1,433,买盘
831,14:14:15,4.33,0.0,20,8660,买盘
832,14:14:19,4.32,-0.01,38,16416,卖盘
833,14:14:36,4.32,0.0,43,18576,卖盘
834,14:14:40,4.32,0.0,145,62640,卖盘
835,14:14:51,4.32,0.0,1,432,买盘
836,14:15:10,4.32,0.0,1,432,买盘
837,14:15:21,4.31,-0.01,3,1293,卖盘
838,14:15:25,4.32,0.01,35,15120,买盘
839,14:15:46,4.32,0.0,11,4752,买盘
840,14:16:03,4.32,0.0,19,8208,买盘
841,14:16:16,4.32,0.0,1,432,买盘
842,14:16:19,4.31,-0.01,1,431,卖盘
843,14:16:34,4.32,0.01,4,1728,买盘
844,14:16:55,4.31,-0.01,1,431,卖盘
845,14:17:39,4.32,0.01,13,5616,买盘
846,14:18:06,4.31,-0.01,2,862,卖盘
847,14:18:09,4.31,0.0,1,431,卖盘
848,14:19:00,4.31,0.0,1,431,卖盘
849,14:19:15,4.32,0.01,108,46656,买盘
850,14:19:19,4.32,0.0,2,864,卖盘
851,14:19:22,4.32,0.0,26,11232,卖盘
852,14:19:25,4.32,0.0,1,432,卖盘
853,14:19:33,4.32,0.0,5,2160,卖盘
854,14:19:57,4.32,0.0,1,432,卖盘
855,14:20:30,4.32,0.0,12,5194,卖盘
856,14:21:09,4.32,0.0,230,99360,卖盘
857,14:21:21,4.31,-0.01,1,431,卖盘
858,14:21:36,4.31,0.0,1,431,卖盘
859,14:21:42,4.31,0.0,1,431,卖盘
860,14:22:01,4.31,0.0,1,431,卖盘
861,14:22:28,4.31,0.0,4,1724,卖盘
862,14:23:03,4.32,0.01,2,864,买盘
863,14:23:36,4.32,0.0,30,12960,买盘
864,14:24:04,4.32,0.0,10,4320,买盘
865,14:24:07,4.31,-0.01,12,5172,卖盘
866,14:24:15,4.32,0.01,2,864,买盘
867,14:24:24,4.32,0.0,37,15984,买盘
868,14:24:27,4.32,0.0,6,2592,买盘
869,14:24:30,4.31,-0.01,8,3454,卖盘
870,14:24:34,4.32,0.01,16,6912,买盘
871,14:24:37,4.31,-0.01,6,2591,卖盘
872,14:24:40,4.32,0.01,11,4751,买盘
873,14:24:48,4.31,-0.01,6,2586,卖盘
874,14:24:57,4.32,0.01,23,9936,买盘
875,14:25:06,4.31,-0.01,1,431,卖盘
876,14:25:39,4.32,0.01,10,4320,买盘
877,14:25:48,4.32,0.0,10,4320,买盘
878,14:25:52,4.31,-0.01,1,431,卖盘
879,14:26:04,4.31,0.0,1,431,卖盘
880,14:26:09,4.31,0.0,2,862,卖盘
881,14:26:58,4.32,0.01,162,69984,买盘
882,14:27:06,4.32,0.0,1,432,卖盘
883,14:27:13,4.32,0.0,4,1728,卖盘
884,14:27:28,4.33,0.01,14,6058,买盘
885,14:27:31,4.32,-0.01,1,432,卖盘
886,14:27:33,4.32,0.0,1,432,卖盘
887,14:27:37,4.32,0.0,1,432,卖盘
888,14:27:39,4.32,0.0,5,2160,卖盘
889,14:27:42,4.32,0.0,2,864,卖盘
890,14:28:06,4.32,0.0,1,432,卖盘
891,14:28:16,4.32,0.0,2,864,卖盘
892,14:28:19,4.32,0.0,1,432,卖盘
893,14:28:22,4.32,0.0,1,432,卖盘
894,14:28:37,4.33,0.01,26,11258,买盘
895,14:28:43,4.33,0.0,161,69560,买盘
896,14:28:45,4.32,-0.01,3,1296,卖盘
897,14:28:52,4.32,0.0,62,26784,卖盘
898,14:29:10,4.32,0.0,10,4320,买盘
899,14:30:07,4.31,-0.01,1,431,卖盘
900,14:30:09,4.31,0.0,5,2155,卖盘
901,14:30:39,4.31,0.0,29,12499,卖盘
902,14:31:16,4.32,0.01,8,3456,买盘
903,14:31:40,4.31,-0.01,2,862,卖盘
904,14:32:13,4.31,0.0,11,4741,卖盘
905,14:32:36,4.31,0.0,2,862,卖盘
906,14:32:42,4.32,0.01,6,2592,买盘
907,14:32:58,4.32,0.0,30,12960,买盘
908,14:33:25,4.31,-0.01,5,2155,卖盘
909,14:34:16,4.31,0.0,39,16809,卖盘
910,14:34:18,4.32,0.01,10,4320,买盘
911,14:34:31,4.32,0.0,7,3024,买盘
912,14:34:45,4.32,0.0,8,3456,买盘
913,14:35:01,4.32,0.0,8,3456,买盘
914,14:35:15,4.32,0.0,56,24192,买盘
915,14:35:22,4.32,0.0,1,432,卖盘
916,14:35:25,4.32,0.0,2,864,卖盘
917,14:35:28,4.32,0.0,4,1728,卖盘
918,14:35:30,4.32,0.0,4,1728,卖盘
919,14:35:34,4.32,0.0,6,2592,卖盘
920,14:35:36,4.32,0.0,4,1728,卖盘
921,14:35:46,4.32,0.0,75,32400,卖盘
922,14:35:48,4.33,0.01,24,10392,买盘
923,14:35:54,4.32,-0.01,2,864,买盘
924,14:36:00,4.32,0.0,116,50112,买盘
925,14:36:58,4.32,0.0,67,28944,卖盘
926,14:37:40,4.33,0.01,44,19052,买盘
927,14:37:51,4.33,0.0,100,43300,买盘
928,14:38:13,4.33,0.0,1,433,买盘
929,14:38:31,4.32,-0.01,11,4752,卖盘
930,14:38:37,4.33,0.01,10,4330,买盘
931,14:39:04,4.33,0.0,20,8660,买盘
932,14:39:39,4.32,-0.01,1,432,卖盘
933,14:40:10,4.33,0.01,5,2165,买盘
934,14:40:13,4.33,0.0,2,866,买盘
935,14:40:15,4.33,0.0,2,866,买盘
936,14:40:19,4.32,-0.01,10,4329,卖盘
937,14:40:25,4.32,0.0,9,3888,卖盘
938,14:40:28,4.32,0.0,14,6048,卖盘
939,14:40:31,4.33,0.01,12,5196,买盘
940,14:40:40,4.33,0.0,52,22514,买盘
941,14:40:52,4.33,0.0,11,4763,买盘
942,14:40:58,4.33,0.0,118,51298,买盘
943,14:41:04,4.33,0.0,8,3464,卖盘
944,14:41:06,4.33,0.0,1,433,卖盘
945,14:41:13,4.33,0.0,35,15155,卖盘
946,14:41:19,4.34,0.01,1,434,买盘
947,14:41:25,4.34,0.0,1,434,买盘
948,14:41:30,4.33,-0.01,30,12991,卖盘
949,14:41:34,4.33,0.0,1,433,卖盘
950,14:41:37,4.33,0.0,26,11269,卖盘
951,14:41:40,4.33,0.0,4,1733,卖盘
952,14:41:43,4.33,0.0,7,3032,卖盘
953,14:41:49,4.34,0.01,41,17754,买盘
954,14:41:52,4.33,-0.01,516,223429,卖盘
955,14:41:54,4.34,0.01,1,434,买盘
956,14:41:57,4.33,-0.01,8,3464,卖盘
957,14:42:01,4.32,-0.01,56,24245,卖盘
958,14:42:18,4.32,0.0,20,8640,卖盘
959,14:42:31,4.33,0.01,10,4330,买盘
960,14:42:34,4.32,-0.01,17,7344,卖盘
961,14:44:10,4.33,0.01,26,11258,买盘
962,14:44:24,4.33,0.0,24,10392,买盘
963,14:44:30,4.32,-0.01,26,11252,卖盘
964,14:44:46,4.32,0.0,10,4320,卖盘
965,14:44:58,4.33,0.01,10,4330,买盘
966,14:45:12,4.33,0.0,5,2165,买盘
967,14:45:25,4.33,0.0,20,8660,买盘
968,14:45:28,4.32,-0.01,11,4752,卖盘
969,14:46:09,4.33,0.01,122,52826,买盘
970,14:46:13,4.33,0.0,5,2165,中性盘
971,14:46:19,4.33,0.0,2,866,中性盘
972,14:46:31,4.33,0.0,1,433,买盘
973,14:46:34,4.33,0.0,1,433,买盘
974,14:46:37,4.33,0.0,1,433,买盘
975,14:46:51,4.33,0.0,22,9526,买盘
976,14:47:01,4.33,0.0,14,6062,买盘
977,14:47:07,4.33,0.0,10,4330,买盘
978,14:47:10,4.33,0.0,6,2598,买盘
979,14:47:13,4.33,0.0,13,5629,买盘
980,14:47:15,4.33,0.0,4,1732,买盘
981,14:47:18,4.33,0.0,131,56723,买盘
982,14:48:10,4.34,0.01,6,2604,买盘
983,14:48:21,4.34,0.0,1,434,买盘
984,14:48:28,4.34,0.0,25,10850,买盘
985,14:49:07,4.34,0.0,9,3906,买盘
986,14:49:10,4.34,0.0,6,2604,买盘
987,14:49:22,4.34,0.0,2,868,买盘
988,14:49:43,4.34,0.0,35,15190,买盘
989,14:49:52,4.34,0.0,284,123256,买盘
990,14:49:58,4.34,0.0,97,42098,买盘
991,14:50:01,4.34,0.0,18,7812,买盘
992,14:50:10,4.34,0.0,6,2604,买盘
993,14:50:13,4.34,0.0,50,21700,买盘
994,14:50:16,4.34,0.0,1,434,买盘
995,14:50:18,4.34,0.0,81,35154,买盘
996,14:50:46,4.33,-0.01,8,3464,卖盘
997,14:51:07,4.34,0.01,6,2604,买盘
998,14:51:12,4.34,0.0,10,4332,买盘
999,14:51:37,4.34,0.0,10,4340,买盘
1000,14:51:45,4.33,-0.01,18,7804,卖盘
1001,14:51:49,4.33,0.0,3,1299,卖盘
1002,14:52:07,4.34,0.01,5,2170,买盘
1003,14:52:09,4.34,0.0,25,10850,买盘
1004,14:52:12,4.34,0.0,1,434,买盘
1005,14:52:15,4.33,-0.01,10,4330,卖盘
1006,14:52:22,4.34,0.01,20,8680,买盘
1007,14:52:25,4.33,-0.01,1,433,卖盘
1008,14:52:28,4.34,0.01,49,21266,买盘
1009,14:52:31,4.34,0.0,111,48174,买盘
1010,14:52:34,4.33,-0.01,145,62804,卖盘
1011,14:52:46,4.33,0.0,14,6068,卖盘
1012,14:52:52,4.34,0.01,70,30380,买盘
1013,14:52:55,4.33,-0.01,137,59321,卖盘
1014,14:52:57,4.34,0.01,30,13020,买盘
1015,14:53:04,4.34,0.0,25,10850,买盘
1016,14:53:06,4.34,0.0,6,2604,卖盘
1017,14:53:15,4.35,0.01,5,2171,买盘
1018,14:53:22,4.35,0.0,10,4350,买盘
1019,14:53:28,4.35,0.0,6,2610,买盘
1020,14:53:34,4.34,-0.01,69,29946,卖盘
1021,14:53:43,4.35,0.01,8,3480,买盘
1022,14:53:45,4.34,-0.01,4,1736,卖盘
1023,14:54:04,4.35,0.01,128,55554,买盘
1024,14:54:10,4.35,0.0,1,435,买盘
1025,14:54:13,4.35,0.0,1,435,买盘
1026,14:54:16,4.34,-0.01,2,868,卖盘
1027,14:54:21,4.35,0.01,11,4780,买盘
1028,14:55:01,4.34,-0.01,4,1736,卖盘
1029,14:55:04,4.34,0.0,92,39928,卖盘
1030,14:55:07,4.34,0.0,1,434,买盘
1031,14:55:10,4.34,0.0,33,14322,买盘
1032,14:55:22,4.34,0.0,23,9982,卖盘
1033,14:55:28,4.34,0.0,43,18662,卖盘
1034,14:55:31,4.34,0.0,10,4340,卖盘
1035,14:55:40,4.34,0.0,2,868,卖盘
1036,14:56:04,4.35,0.01,129,55990,买盘
1037,14:56:06,4.35,0.0,20,8700,买盘
1038,14:56:10,4.35,0.0,20,8700,买盘
1039,14:56:15,4.34,-0.01,30,13020,卖盘
1040,14:56:24,4.34,0.0,1,434,卖盘
1041,14:56:31,4.34,0.0,50,21700,卖盘
1042,14:56:33,4.34,0.0,3,1302,卖盘
1043,14:56:37,4.35,0.01,53,23055,买盘
1044,14:56:39,4.34,-0.01,1,434,卖盘
1045,14:56:43,4.35,0.01,7,3045,买盘
1046,15:00:04,4.35,0.0,350,152250,卖盘
