,time,price,change,volume,amount,type
0,09:25:04,3.09,-0.01,4581,1415529,卖盘
1,09:30:04,3.08,-0.01,2068,636652,卖盘
2,09:30:06,3.06,-0.02,124,38077,卖盘
3,09:30:10,3.06,0.0,40,12240,买盘
4,09:30:15,3.05,-0.01,33,10065,卖盘
5,09:30:19,3.05,0.0,21,6425,卖盘
6,09:30:21,3.06,0.01,430,131501,买盘
7,09:30:24,3.06,0.0,65,19950,卖盘
8,09:30:30,3.07,0.01,16,4912,买盘
9,09:30:33,3.07,0.0,39,11973,买盘
10,09:30:36,3.07,0.0,121,37147,买盘
11,09:30:42,3.07,0.0,313,96061,买盘
12,09:30:46,3.07,0.0,41,12552,买盘
13,09:30:48,3.05,-0.02,1323,403841,卖盘
14,09:30:51,3.05,0.0,59,17995,买盘
15,09:30:55,3.05,0.0,674,205570,买盘
16,09:30:58,3.05,0.0,31,9454,买盘
17,09:31:00,3.04,-0.01,595,181325,卖盘
18,09:31:03,3.07,0.03,202,61674,买盘
19,09:31:10,3.03,-0.04,1060,321618,卖盘
20,09:31:12,3.04,0.01,114,34804,卖盘
21,09:31:21,3.05,0.01,35,10675,卖盘
22,09:31:27,3.05,0.0,54,16470,卖盘
23,09:31:30,3.05,0.0,43,13115,卖盘
24,09:31:34,3.05,0.0,1,305,卖盘
25,09:31:39,3.06,0.01,305,93040,买盘
26,09:31:42,3.06,0.0,42,12852,买盘
27,09:31:48,3.05,-0.01,478,145790,卖盘
28,09:31:51,3.05,0.0,34,10370,买盘
29,09:31:54,3.05,0.0,186,56730,买盘
30,09:31:58,3.04,-0.01,111,33764,卖盘
31,09:32:01,3.06,0.02,264,80686,买盘
32,09:32:04,3.05,-0.01,10,3050,中性盘
33,09:32:06,3.05,0.0,560,170490,买盘
34,09:32:09,3.06,0.01,506,154591,买盘
35,09:32:12,3.05,-0.01,89,27145,卖盘
36,09:32:15,3.05,0.0,90,27450,买盘
37,09:32:18,3.04,-0.01,143,43490,卖盘
38,09:32:21,3.04,0.0,180,54884,卖盘
39,09:32:24,3.05,0.01,56,17080,买盘
40,09:32:27,3.05,0.0,54,16470,卖盘
41,09:32:31,3.06,0.01,9,2754,买盘
42,09:32:34,3.05,-0.01,138,42090,卖盘
43,09:32:45,3.06,0.01,112,34252,买盘
44,09:32:51,3.06,0.0,104,31824,买盘
45,09:32:54,3.06,0.0,433,132365,买盘
46,09:32:57,3.06,0.0,542,165852,买盘
47,09:33:00,3.06,0.0,121,36926,买盘
48,09:33:04,3.05,-0.01,120,36629,卖盘
49,09:33:06,3.05,0.0,956,291580,卖盘
50,09:33:09,3.05,0.0,100,30500,买盘
51,09:33:12,3.05,0.0,48,14640,买盘
52,09:33:16,3.05,0.0,47,14329,买盘
53,09:33:18,3.05,0.0,230,70150,买盘
54,09:33:21,3.05,0.0,683,208355,卖盘
55,09:33:24,3.05,0.0,266,81133,卖盘
56,09:33:27,3.05,0.0,189,57614,卖盘
57,09:33:30,3.05,0.0,212,64660,买盘
58,09:33:33,3.05,0.0,25,7625,买盘
59,09:33:37,3.05,0.0,4,1281,买盘
60,09:33:39,3.05,0.0,26,7930,卖盘
61,09:33:42,3.05,0.0,54,16470,卖盘
62,09:33:48,3.05,0.0,20,6100,卖盘
63,09:33:52,3.07,0.02,900,275926,买盘
64,09:33:54,3.05,-0.02,1,305,卖盘
65,09:33:57,3.06,0.01,8,2448,买盘
66,09:34:03,3.05,-0.01,199,60695,卖盘
67,09:34:09,3.06,0.01,134,40995,买盘
68,09:34:12,3.06,0.0,98,29988,卖盘
69,09:34:18,3.05,-0.01,141,43082,卖盘
70,09:34:22,3.06,0.01,65,19887,买盘
71,09:34:27,3.05,-0.01,1,305,卖盘
72,09:34:30,3.05,0.0,65,19875,卖盘
73,09:34:33,3.06,0.01,151,46177,买盘
74,09:34:36,3.06,0.0,170,52020,买盘
75,09:34:39,3.05,-0.01,158,48190,卖盘
76,09:34:42,3.06,0.01,151,46196,买盘
77,09:34:49,3.05,-0.01,150,45750,卖盘
78,09:34:52,3.05,0.0,557,169824,卖盘
79,09:34:54,3.05,0.0,136,41480,卖盘
80,09:34:57,3.05,0.0,11,3355,卖盘
81,09:35:03,3.05,0.0,2,610,卖盘
82,09:35:09,3.06,0.01,171,52326,买盘
83,09:35:12,3.05,-0.01,40,12200,卖盘
84,09:35:15,3.05,0.0,150,45750,卖盘
85,09:35:18,3.05,0.0,123,37515,卖盘
86,09:35:21,3.05,0.0,9,2745,卖盘
87,09:35:24,3.05,0.0,505,154025,卖盘
88,09:35:28,3.05,0.0,5,1525,买盘
89,09:35:30,3.04,-0.01,303,92542,卖盘
90,09:35:33,3.05,0.01,127,38735,卖盘
91,09:35:36,3.05,0.0,7,2135,买盘
92,09:35:40,3.04,-0.01,789,239856,卖盘
93,09:35:42,3.04,0.0,46,13984,卖盘
94,09:35:45,3.04,0.0,100,30400,卖盘
95,09:35:49,3.04,0.0,746,226784,卖盘
96,09:35:51,3.04,0.0,150,45600,买盘
97,09:35:55,3.03,-0.01,290,87873,卖盘
98,09:35:57,3.04,0.01,101,30664,买盘
99,09:36:01,3.03,-0.01,65,19695,卖盘
100,09:36:04,3.03,0.0,399,120897,卖盘
101,09:36:07,3.03,0.0,441,133623,卖盘
102,09:36:10,3.02,-0.01,156,47132,卖盘
103,09:36:15,3.0,-0.02,2992,901539,卖盘
104,09:36:18,3.0,0.0,584,175285,卖盘
105,09:36:21,3.0,0.0,697,209100,卖盘
106,09:36:24,3.0,0.0,72,21600,买盘
107,09:36:27,2.99,-0.01,113,33787,卖盘
108,09:36:30,3.0,0.01,50,14979,买盘
109,09:36:34,2.99,-0.01,890,266814,卖盘
110,09:36:37,3.0,0.01,144,43098,买盘
111,09:36:39,2.99,-0.01,206,61823,卖盘
112,09:36:43,3.02,0.03,88,26572,买盘
113,09:36:45,3.0,-0.02,795,239438,卖盘
114,09:36:48,3.02,0.02,103,31106,买盘
115,09:36:52,3.01,-0.01,236,71267,中性盘
116,09:36:54,3.0,-0.01,153,46126,卖盘
117,09:36:57,3.0,0.0,172,51813,卖盘
118,09:37:00,3.02,0.02,138,41620,买盘
119,09:37:03,3.03,0.01,191,57665,买盘
120,09:37:06,3.03,0.0,47,14241,买盘
121,09:37:10,3.03,0.0,22,6666,买盘
122,09:37:12,3.03,0.0,18,5454,买盘
123,09:37:15,3.01,-0.02,59,17820,卖盘
124,09:37:18,3.03,0.02,20,6060,买盘
125,09:37:21,3.03,0.0,17,5151,买盘
126,09:37:24,3.04,0.01,166,50305,买盘
127,09:37:27,3.05,0.01,255,77525,买盘
128,09:37:30,3.04,-0.01,3,912,卖盘
129,09:37:34,3.04,0.0,1,304,卖盘
130,09:37:39,3.04,0.0,9,2736,买盘
131,09:37:42,3.03,-0.01,75,22725,卖盘
132,09:37:45,3.03,0.0,20,6060,买盘
133,09:37:49,3.03,0.0,747,226241,买盘
134,09:37:51,3.02,-0.01,163,49249,卖盘
135,09:37:54,3.02,0.0,243,73386,卖盘
136,09:38:00,3.02,0.0,10,3020,买盘
137,09:38:04,3.02,0.0,95,28685,买盘
138,09:38:06,3.01,-0.01,352,106413,卖盘
139,09:38:09,3.03,0.02,55,16615,买盘
140,09:38:12,3.02,-0.01,300,90600,卖盘
141,09:38:16,3.02,0.0,48,14496,卖盘
142,09:38:18,3.02,0.0,5,1510,买盘
143,09:38:21,3.02,0.0,10,3020,买盘
144,09:38:24,3.02,0.0,186,56172,买盘
145,09:38:27,3.02,0.0,65,19620,买盘
146,09:38:31,3.03,0.01,50,15150,买盘
147,09:38:34,3.02,-0.01,322,97244,卖盘
148,09:38:39,3.02,0.0,294,88804,卖盘
149,09:38:42,3.02,0.0,118,35636,买盘
150,09:38:45,3.01,-0.01,626,188947,卖盘
151,09:38:48,3.02,0.01,12,3624,卖盘
152,09:38:54,3.02,0.0,150,45400,卖盘
153,09:38:57,3.03,0.01,26,7878,买盘
154,09:39:00,3.03,0.0,34,10302,买盘
155,09:39:04,3.02,-0.01,359,108438,卖盘
156,09:39:15,3.02,0.0,356,107512,卖盘
157,09:39:18,3.03,0.01,60,18180,买盘
158,09:39:21,3.03,0.0,64,19371,买盘
159,09:39:25,3.02,-0.01,182,54964,卖盘
160,09:39:27,3.03,0.01,143,43326,买盘
161,09:39:31,3.03,0.0,353,106626,买盘
162,09:39:33,3.02,-0.01,13,3936,卖盘
163,09:39:36,3.03,0.01,10,3030,买盘
164,09:39:39,3.03,0.0,5,1515,买盘
165,09:39:43,3.02,-0.01,326,98452,卖盘
166,09:39:45,3.03,0.01,70,21210,买盘
167,09:39:48,3.02,-0.01,6,1816,卖盘
168,09:39:52,3.01,-0.01,648,195687,卖盘
169,09:39:54,3.02,0.01,114,34428,卖盘
170,09:39:57,3.02,0.0,71,21442,买盘
171,09:40:00,3.02,0.0,16,4832,买盘
172,09:40:04,3.01,-0.01,2716,818090,卖盘
173,09:40:06,3.01,0.0,154,46354,买盘
174,09:40:13,3.02,0.01,136,41072,卖盘
175,09:40:18,3.02,0.0,73,22046,卖盘
176,09:40:21,3.02,0.0,30,9060,买盘
177,09:40:24,3.01,-0.01,1,301,卖盘
178,09:40:27,3.01,0.0,28,8428,卖盘
179,09:40:33,3.01,0.0,33,9933,卖盘
180,09:40:36,3.01,0.0,52,15652,卖盘
181,09:40:39,3.01,0.0,300,90300,卖盘
182,09:40:51,3.01,0.0,1013,304913,卖盘
183,09:40:54,3.01,0.0,199,59899,买盘
184,09:41:01,3.0,-0.01,348,104405,卖盘
185,09:41:06,3.01,0.01,933,280833,买盘
186,09:41:09,3.01,0.0,2,602,卖盘
187,09:41:12,3.01,0.0,36,10836,卖盘
188,09:41:16,3.01,0.0,40,12040,卖盘
189,09:41:22,3.01,0.0,68,20478,卖盘
190,09:41:24,3.02,0.01,15,4530,买盘
191,09:41:27,3.01,-0.01,60,18060,卖盘
192,09:41:30,3.02,0.01,20,6040,买盘
193,09:41:36,3.02,0.0,5,1510,买盘
194,09:41:42,3.02,0.0,202,61004,买盘
195,09:41:46,3.02,0.0,42,12667,买盘
196,09:41:48,3.01,-0.01,159,47879,卖盘
197,09:41:51,3.02,0.01,86,25972,买盘
198,09:41:55,3.02,0.0,10,3020,买盘
199,09:41:57,3.02,0.0,273,82446,买盘
200,09:42:03,3.02,0.0,6,1812,买盘
201,09:42:06,3.02,0.0,42,12684,买盘
202,09:42:09,3.02,0.0,70,21140,买盘
203,09:42:12,3.02,0.0,220,66270,买盘
204,09:42:15,3.02,0.0,132,39742,买盘
205,09:42:18,3.02,0.0,161,48576,买盘
206,09:42:21,3.02,0.0,75,22650,卖盘
207,09:42:27,3.02,0.0,28,8456,卖盘
208,09:42:30,3.03,0.01,1,303,买盘
209,09:42:33,3.02,-0.01,100,30200,卖盘
210,09:42:36,3.02,0.0,30,9060,卖盘
211,09:42:42,3.02,0.0,3,906,卖盘
212,09:42:45,3.03,0.01,10,3030,买盘
213,09:42:48,3.02,-0.01,100,30200,卖盘
214,09:42:54,3.02,0.0,38,11476,卖盘
215,09:42:57,3.02,0.0,103,31106,卖盘
216,09:43:01,3.03,0.01,60,18180,买盘
217,09:43:04,3.02,-0.01,142,42896,卖盘
218,09:43:15,3.03,0.01,30,9090,买盘
219,09:43:18,3.03,0.0,10,3030,买盘
220,09:43:21,3.03,0.0,100,30300,买盘
221,09:43:27,3.03,0.0,139,42117,买盘
222,09:43:30,3.03,0.0,20,6060,买盘
223,09:43:36,3.02,-0.01,10,2960,卖盘
224,09:43:42,3.02,0.0,974,294229,卖盘
225,09:43:48,3.01,-0.01,1000,301000,卖盘
226,09:43:51,3.02,0.01,521,157042,买盘
227,09:43:57,3.02,0.0,40,12080,买盘
228,09:44:04,3.02,0.0,300,90400,买盘
229,09:44:06,3.01,-0.01,186,55986,卖盘
230,09:44:09,3.02,0.01,20,6040,买盘
231,09:44:15,3.02,0.0,414,125028,买盘
232,09:44:18,3.01,-0.01,119,35819,卖盘
233,09:44:21,3.02,0.01,18,5436,买盘
234,09:44:27,3.02,0.0,30,9060,买盘
235,09:44:30,3.01,-0.01,16,4816,卖盘
236,09:44:33,3.02,0.01,13,3926,买盘
237,09:44:36,3.01,-0.01,552,166154,卖盘
238,09:44:39,3.02,0.01,24,7248,买盘
239,09:44:42,3.02,0.0,111,33522,卖盘
240,09:44:49,3.02,0.0,76,22952,卖盘
241,09:44:55,3.02,0.0,106,32012,卖盘
242,09:44:57,3.02,0.0,30,9060,卖盘
243,09:45:00,3.02,0.0,33,9966,卖盘
244,09:45:04,3.02,0.0,51,15402,卖盘
245,09:45:06,3.02,0.0,101,30502,买盘
246,09:45:12,3.02,0.0,10,3020,买盘
247,09:45:15,3.02,0.0,600,181200,买盘
248,09:45:18,3.02,0.0,10,3020,买盘
249,09:45:21,3.02,0.0,774,233748,卖盘
250,09:45:27,3.02,0.0,101,30502,买盘
251,09:45:31,3.01,-0.01,89,26828,卖盘
252,09:45:34,3.01,0.0,943,283843,卖盘
253,09:45:37,3.02,0.01,50,15100,买盘
254,09:45:42,3.01,-0.01,100,30100,卖盘
255,09:45:45,3.02,0.01,10,3020,买盘
256,09:45:48,3.02,0.0,41,12382,买盘
257,09:45:51,3.01,-0.01,354,106554,卖盘
258,09:45:55,3.01,0.0,358,107758,卖盘
259,09:45:58,3.01,0.0,204,61344,买盘
260,09:46:00,3.01,0.0,50,15050,卖盘
261,09:46:04,3.02,0.01,12,3620,买盘
262,09:46:09,3.01,-0.01,76,22876,卖盘
263,09:46:12,3.01,0.0,50,15050,卖盘
264,09:46:30,3.02,0.01,200,60400,买盘
265,09:46:36,3.02,0.0,32,9664,买盘
266,09:46:39,3.01,-0.01,101,30401,卖盘
267,09:46:45,3.01,0.0,12,3612,卖盘
268,09:47:00,3.01,0.0,100,30100,卖盘
269,09:47:03,3.01,0.0,211,63511,卖盘
270,09:47:06,3.02,0.01,171,51642,买盘
271,09:47:09,3.01,-0.01,100,30100,卖盘
272,09:47:12,3.02,0.01,30,9060,买盘
273,09:47:15,3.02,0.0,10,3020,买盘
274,09:47:18,3.02,0.0,60,18120,买盘
275,09:47:24,3.02,0.0,434,130643,买盘
276,09:47:28,3.02,0.0,52,15682,买盘
277,09:47:33,3.02,0.0,35,10570,买盘
278,09:47:36,3.01,-0.01,24,7224,卖盘
279,09:47:42,3.01,0.0,300,90300,卖盘
280,09:47:48,3.02,0.01,136,41072,买盘
281,09:47:55,3.01,-0.01,100,30100,卖盘
282,09:48:12,3.01,0.0,7,2107,卖盘
283,09:48:16,3.01,0.0,2,602,卖盘
284,09:48:21,3.02,0.01,8,2416,买盘
285,09:48:24,3.02,0.0,192,57984,买盘
286,09:48:27,3.02,0.0,1,302,买盘
287,09:48:33,3.02,0.0,51,15402,买盘
288,09:48:36,3.02,0.0,13,3921,买盘
289,09:48:40,3.02,0.0,93,28086,买盘
290,09:48:57,3.02,0.0,50,15100,卖盘
291,09:49:04,3.02,0.0,23,6946,卖盘
292,09:49:06,3.02,0.0,37,11183,卖盘
293,09:49:09,3.03,0.01,122,36864,买盘
294,09:49:21,3.02,-0.01,10,3020,卖盘
295,09:49:25,3.03,0.01,381,115443,买盘
296,09:49:27,3.03,0.0,15,4545,买盘
297,09:49:33,3.03,0.0,41,12423,买盘
298,09:49:39,3.03,0.0,10,3030,卖盘
299,09:49:51,3.03,0.0,92,27889,卖盘
300,09:49:57,3.03,0.0,208,63024,卖盘
301,09:50:00,3.03,0.0,25,7575,买盘
302,09:50:03,3.03,0.0,180,54540,买盘
303,09:50:12,3.03,0.0,210,63630,买盘
304,09:50:16,3.03,0.0,62,18786,卖盘
305,09:50:24,3.03,0.0,20,6060,卖盘
306,09:50:33,3.03,0.0,70,21210,卖盘
307,09:50:39,3.03,0.0,20,6060,卖盘
308,09:50:42,3.03,0.0,4,1212,卖盘
309,09:50:48,3.03,0.0,21,6363,卖盘
310,09:50:54,3.03,0.0,20,6060,卖盘
311,09:50:57,3.04,0.01,513,155952,买盘
312,09:51:04,3.04,0.0,123,37392,卖盘
313,09:51:12,3.05,0.01,7,2135,买盘
314,09:51:27,3.03,-0.02,80,24240,卖盘
315,09:51:30,3.04,0.01,30,9120,买盘
316,09:51:48,3.03,-0.01,236,71508,卖盘
317,09:51:51,3.04,0.01,400,121600,买盘
318,09:52:01,3.03,-0.01,115,34845,卖盘
319,09:52:04,3.03,0.0,23,6969,卖盘
320,09:52:06,3.04,0.01,2,608,买盘
321,09:52:12,3.04,0.0,10,3040,买盘
322,09:52:19,3.04,0.0,25,7600,买盘
323,09:52:25,3.04,0.0,20,6080,买盘
324,09:52:33,3.03,-0.01,85,25755,卖盘
325,09:52:42,3.03,0.0,1,303,卖盘
326,09:52:55,3.03,0.0,16,4848,卖盘
327,09:52:57,3.04,0.01,5,1520,买盘
328,09:53:00,3.03,-0.01,105,31815,卖盘
329,09:53:04,3.03,0.0,584,176952,卖盘
330,09:53:22,3.02,-0.01,141,42602,卖盘
331,09:53:36,3.02,0.0,5,1510,卖盘
332,09:53:39,3.02,0.0,11,3322,卖盘
333,09:53:48,3.03,0.01,11,3333,买盘
334,09:54:07,3.02,-0.01,183,55276,卖盘
335,09:54:10,3.02,0.0,45,13590,卖盘
336,09:54:12,3.02,0.0,151,45602,卖盘
337,09:54:21,3.02,0.0,150,45300,卖盘
338,09:54:27,3.02,0.0,8,2416,卖盘
339,09:54:42,3.02,0.0,80,24160,卖盘
340,09:54:55,3.02,0.0,76,22952,卖盘
341,09:54:57,3.02,0.0,20,6040,卖盘
342,09:55:00,3.02,0.0,3,906,卖盘
343,09:55:04,3.02,0.0,122,36844,卖盘
344,09:55:09,3.02,0.0,335,101475,卖盘
345,09:55:12,3.02,0.0,20,6040,卖盘
346,09:55:15,3.02,0.0,50,15100,卖盘
347,09:55:39,3.02,0.0,1,302,卖盘
348,09:55:57,3.02,0.0,9,2718,卖盘
349,09:56:00,3.02,0.0,50,15100,卖盘
350,09:56:04,3.02,0.0,9,2718,卖盘
351,09:56:09,3.02,0.0,5,1510,卖盘
352,09:56:15,3.02,0.0,80,24160,卖盘
353,09:56:21,3.02,0.0,23,6946,卖盘
354,09:56:24,3.02,0.0,150,45300,卖盘
355,09:56:30,3.02,0.0,249,75198,卖盘
356,09:56:37,3.02,0.0,50,15100,卖盘
357,09:56:42,3.02,0.0,32,9664,卖盘
358,09:56:54,3.02,0.0,59,17818,卖盘
359,09:56:57,3.03,0.01,100,30300,买盘
360,09:57:00,3.02,-0.01,6,1812,卖盘
361,09:57:04,3.02,0.0,1,302,卖盘
362,09:57:12,3.03,0.01,63,19089,买盘
363,09:57:22,3.03,0.0,102,30906,买盘
364,09:57:24,3.02,-0.01,100,30200,卖盘
365,09:57:27,3.02,0.0,30,9060,卖盘
366,09:57:30,3.03,0.01,100,30300,买盘
367,09:57:33,3.02,-0.01,50,15100,卖盘
368,09:57:42,3.02,0.0,40,12080,卖盘
369,09:57:45,3.02,0.0,2,604,卖盘
370,09:57:54,3.03,0.01,100,30300,买盘
371,09:58:01,3.03,0.0,15,4545,买盘
372,09:58:12,3.03,0.0,102,30906,买盘
373,09:58:16,3.03,0.0,10,3030,买盘
374,09:58:24,3.03,0.0,259,78477,买盘
375,09:58:30,3.03,0.0,50,15150,卖盘
376,09:58:33,3.03,0.0,315,95547,卖盘
377,09:58:42,3.02,-0.01,3,906,卖盘
378,09:58:45,3.03,0.01,31,9393,买盘
379,09:58:48,3.03,0.0,50,15150,买盘
380,09:58:51,3.03,0.0,110,33330,买盘
381,09:59:04,3.03,0.0,23,6969,卖盘
382,09:59:12,3.03,0.0,106,32118,卖盘
383,09:59:21,3.03,0.0,22,6666,卖盘
384,09:59:27,3.03,0.0,100,30300,买盘
385,09:59:30,3.02,-0.01,29,8758,卖盘
386,09:59:33,3.03,0.01,79,23937,买盘
387,09:59:36,3.02,-0.01,659,199416,卖盘
388,09:59:39,3.03,0.01,20,6060,买盘
389,09:59:45,3.02,-0.01,592,178800,卖盘
390,09:59:52,3.03,0.01,30,9090,卖盘
391,09:59:55,3.03,0.0,20,6060,卖盘
392,09:59:57,3.04,0.01,2,608,买盘
393,10:00:01,3.03,-0.01,5,1515,卖盘
394,10:00:04,3.03,0.0,2,606,卖盘
395,10:00:18,3.03,0.0,20,6060,卖盘
396,10:00:27,3.04,0.01,100,30400,买盘
397,10:00:51,3.04,0.0,329,100016,买盘
398,10:01:00,3.03,-0.01,190,57570,卖盘
399,10:01:04,3.03,0.0,314,95143,卖盘
400,10:01:12,3.03,0.0,166,50298,买盘
401,10:01:18,3.03,0.0,13,3939,卖盘
402,10:01:30,3.03,0.0,85,25755,卖盘
403,10:01:33,3.04,0.01,10,3040,买盘
404,10:01:36,3.04,0.0,100,30400,买盘
405,10:01:39,3.03,-0.01,1,303,卖盘
406,10:01:42,3.03,0.0,100,30300,卖盘
407,10:01:48,3.04,0.01,66,20064,买盘
408,10:01:57,3.03,-0.01,2,606,卖盘
409,10:02:03,3.04,0.01,116,35264,买盘
410,10:02:06,3.04,0.0,99,30096,买盘
411,10:02:12,3.04,0.0,21,6383,买盘
412,10:02:21,3.04,0.0,50,15200,买盘
413,10:02:30,3.03,-0.01,120,36360,卖盘
414,10:02:33,3.04,0.01,205,62318,买盘
415,10:02:36,3.04,0.0,16,4864,买盘
416,10:02:45,3.04,0.0,109,33136,买盘
417,10:02:48,3.03,-0.01,6,1819,卖盘
418,10:02:54,3.04,0.01,9,2736,买盘
419,10:02:58,3.04,0.0,30,9120,买盘
420,10:03:00,3.04,0.0,43,13072,买盘
421,10:03:06,3.04,0.0,30,9120,买盘
422,10:03:09,3.04,0.0,28,8512,买盘
423,10:03:15,3.03,-0.01,830,251490,卖盘
424,10:03:24,3.04,0.01,300,91200,买盘
425,10:03:27,3.03,-0.01,34,10302,卖盘
426,10:03:34,3.04,0.01,11,3344,买盘
427,10:03:39,3.04,0.0,20,6080,买盘
428,10:03:45,3.04,0.0,5,1520,买盘
429,10:03:57,3.04,0.0,50,15200,买盘
430,10:04:01,3.04,0.0,200,60800,买盘
431,10:04:12,3.04,0.0,233,70832,买盘
432,10:04:21,3.04,0.0,77,23408,卖盘
433,10:04:36,3.03,-0.01,2,606,卖盘
434,10:04:40,3.04,0.01,12,3648,买盘
435,10:04:43,3.03,-0.01,680,206040,卖盘
436,10:04:51,3.03,0.0,181,54843,卖盘
437,10:04:54,3.02,-0.01,91,27507,卖盘
438,10:05:04,3.02,0.0,31,9392,卖盘
439,10:05:15,3.03,0.01,234,70902,买盘
440,10:05:24,3.03,0.0,7,2121,买盘
441,10:05:27,3.02,-0.01,308,93016,卖盘
442,10:05:30,3.02,0.0,110,33220,卖盘
443,10:05:39,3.03,0.01,1349,407405,买盘
444,10:05:45,3.02,-0.01,468,141336,卖盘
445,10:05:49,3.02,0.0,446,134692,卖盘
446,10:05:55,3.02,0.0,309,93318,买盘
447,10:06:00,3.02,0.0,1602,482204,买盘
448,10:06:06,3.02,0.0,2,604,买盘
449,10:06:09,3.01,-0.01,211,63541,卖盘
450,10:06:18,3.02,0.01,10,3020,买盘
451,10:06:21,3.02,0.0,897,270038,买盘
452,10:06:24,3.02,0.0,1,302,买盘
453,10:06:30,3.01,-0.01,3,903,卖盘
454,10:06:33,3.02,0.01,44,13288,买盘
455,10:06:42,3.02,0.0,27,8154,买盘
456,10:06:45,3.01,-0.01,101,30501,卖盘
457,10:06:54,3.01,0.0,458,137858,卖盘
458,10:07:12,3.01,0.0,35,10535,卖盘
459,10:07:15,3.01,0.0,3,903,卖盘
460,10:07:21,3.01,0.0,165,49665,卖盘
461,10:07:30,3.02,0.01,12,3624,买盘
462,10:07:45,3.02,0.0,3,906,买盘
463,10:07:51,3.02,0.0,1,302,买盘
464,10:08:00,3.02,0.0,21,6342,买盘
465,10:08:06,3.02,0.0,1,302,买盘
466,10:08:15,3.02,0.0,14,4228,买盘
467,10:08:24,3.02,0.0,18,5436,买盘
468,10:08:39,3.02,0.0,41,12382,买盘
469,10:08:45,3.01,-0.01,2066,621866,卖盘
470,10:08:48,3.01,0.0,20,6020,卖盘
471,10:08:57,3.01,0.0,5,1505,卖盘
472,10:09:00,3.01,0.0,800,240800,卖盘
473,10:09:04,3.01,0.0,191,57491,卖盘
474,10:09:07,3.01,0.0,31,9331,卖盘
475,10:09:10,3.01,0.0,100,30100,卖盘
476,10:09:18,3.01,0.0,5,1505,卖盘
477,10:09:21,3.02,0.01,50,15100,买盘
478,10:09:24,3.01,-0.01,3,903,卖盘
479,10:09:30,3.01,0.0,68,20528,卖盘
480,10:09:36,3.01,0.0,62,18602,买盘
481,10:09:51,3.01,0.0,57,17157,卖盘
482,10:09:54,3.01,0.0,45,13605,卖盘
483,10:09:57,3.01,0.0,71,21311,买盘
484,10:10:09,3.01,0.0,3,903,卖盘
485,10:10:12,3.01,0.0,200,60200,卖盘
486,10:10:16,3.01,0.0,119,35819,卖盘
487,10:10:24,3.02,0.01,66,19932,买盘
488,10:10:27,3.02,0.0,132,39844,买盘
489,10:10:30,3.01,-0.01,31,9331,卖盘
490,10:10:33,3.01,0.0,445,133945,卖盘
491,10:10:36,3.02,0.01,40,12080,买盘
492,10:10:42,3.01,-0.01,70,21070,卖盘
493,10:10:45,3.01,0.0,5,1505,卖盘
494,10:10:49,3.02,0.01,50,15100,买盘
495,10:10:51,3.01,-0.01,30,9030,卖盘
496,10:10:55,3.01,0.0,48,14448,卖盘
497,10:10:57,3.01,0.0,98,29498,卖盘
498,10:11:04,3.01,0.0,50,15050,卖盘
499,10:11:07,3.01,0.0,194,58394,卖盘
500,10:11:10,3.01,0.0,9,2709,卖盘
501,10:11:24,3.01,0.0,10,3010,卖盘
502,10:11:27,3.01,0.0,15,4515,卖盘
503,10:11:30,3.01,0.0,15,4515,卖盘
504,10:11:33,3.01,0.0,200,60200,卖盘
505,10:11:42,3.02,0.01,17,5134,买盘
506,10:12:09,3.01,-0.01,1,301,卖盘
507,10:12:36,3.02,0.01,28,8456,买盘
508,10:12:39,3.01,-0.01,7,2107,卖盘
509,10:12:51,3.01,0.0,124,37324,卖盘
510,10:12:54,3.01,0.0,681,204981,卖盘
511,10:13:00,3.01,0.0,296,89096,卖盘
512,10:13:09,3.01,0.0,9,2709,卖盘
513,10:13:21,3.01,0.0,5,1505,卖盘
514,10:13:27,3.02,0.01,67,20234,买盘
515,10:13:30,3.01,-0.01,29,8729,卖盘
516,10:13:42,3.02,0.01,48,14496,买盘
517,10:13:48,3.02,0.0,33,9966,买盘
518,10:14:09,3.01,-0.01,1,301,卖盘
519,10:14:45,3.01,0.0,1,301,卖盘
520,10:14:49,3.01,0.0,130,39130,卖盘
521,10:14:52,3.02,0.01,3,906,买盘
522,10:14:57,3.01,-0.01,100,30100,卖盘
523,10:15:10,3.01,0.0,12,3612,卖盘
524,10:15:27,3.01,0.0,3,903,卖盘
525,10:15:40,3.01,0.0,2,602,卖盘
526,10:15:51,3.01,0.0,23,6923,卖盘
527,10:15:54,3.02,0.01,30,9060,买盘
528,10:16:12,3.01,-0.01,151,45451,卖盘
529,10:16:21,3.01,0.0,3,903,卖盘
530,10:16:27,3.02,0.01,10,3020,买盘
531,10:16:30,3.02,0.0,8,2416,买盘
532,10:16:33,3.02,0.0,162,48764,买盘
533,10:16:37,3.02,0.0,575,173650,买盘
534,10:16:45,3.02,0.0,30,9060,买盘
535,10:16:54,3.02,0.0,22,6644,买盘
536,10:17:00,3.02,0.0,6,1812,买盘
537,10:17:04,3.01,-0.01,22,6642,卖盘
538,10:17:12,3.02,0.01,4,1208,买盘
539,10:17:18,3.02,0.0,176,53152,买盘
540,10:17:21,3.01,-0.01,66,19881,卖盘
541,10:17:24,3.01,0.0,100,30100,卖盘
542,10:17:33,3.01,0.0,315,94815,卖盘
543,10:17:36,3.02,0.01,20,6040,买盘
544,10:17:39,3.02,0.0,254,76708,买盘
545,10:17:42,3.01,-0.01,2,602,卖盘
546,10:17:45,3.01,0.0,87,26187,卖盘
547,10:17:52,3.01,0.0,17,5117,卖盘
548,10:17:55,3.01,0.0,1027,310092,卖盘
549,10:18:06,3.01,0.0,81,24381,卖盘
550,10:18:18,3.02,0.01,5,1510,买盘
551,10:18:30,3.03,0.01,18,5454,买盘
552,10:18:36,3.03,0.0,886,268458,买盘
553,10:18:45,3.03,0.0,27,8181,卖盘
554,10:19:04,3.02,-0.01,1,302,卖盘
555,10:19:09,3.02,0.0,38,11488,卖盘
556,10:19:27,3.01,-0.01,121,36421,卖盘
557,10:19:31,3.01,0.0,9,2709,卖盘
558,10:19:36,3.01,0.0,1,301,卖盘
559,10:19:42,3.02,0.01,2,604,买盘
560,10:19:48,3.01,-0.01,150,45150,卖盘
561,10:20:07,3.01,0.0,6,1806,卖盘
562,10:20:13,3.01,0.0,10,3010,卖盘
563,10:20:16,3.01,0.0,55,16555,卖盘
564,10:20:24,3.02,0.01,20,6022,买盘
565,10:20:27,3.01,-0.01,722,217322,卖盘
566,10:20:36,3.01,0.0,1,301,卖盘
567,10:20:43,3.01,0.0,302,90962,卖盘
568,10:21:01,3.01,0.0,18,5418,买盘
569,10:21:04,3.01,0.0,24,7224,买盘
570,10:21:06,3.0,-0.01,100,30000,卖盘
571,10:21:09,3.01,0.01,37,11112,买盘
572,10:21:27,3.01,0.0,15,4515,买盘
573,10:21:36,3.01,0.0,10,3010,买盘
574,10:21:54,3.0,-0.01,118,35421,卖盘
575,10:21:57,3.01,0.01,2,602,买盘
576,10:22:04,3.0,-0.01,11,3300,卖盘
577,10:22:06,3.01,0.01,60,18060,买盘
578,10:22:15,3.0,-0.01,4,1200,卖盘
579,10:22:24,3.0,0.0,200,60000,卖盘
580,10:22:27,3.0,0.0,679,203779,卖盘
581,10:22:36,3.0,0.0,2072,621600,卖盘
582,10:22:43,3.0,0.0,81,24300,卖盘
583,10:22:46,3.01,0.01,503,151323,买盘
584,10:22:49,3.0,-0.01,129,38700,卖盘
585,10:23:06,3.0,0.0,196,58800,卖盘
586,10:23:16,3.0,0.0,55,16500,卖盘
587,10:23:18,3.01,0.01,45,13545,买盘
588,10:23:24,3.01,0.0,1,301,买盘
589,10:23:27,3.01,0.0,20,6020,买盘
590,10:23:30,3.0,-0.01,103,30900,卖盘
591,10:23:33,3.01,0.01,95,28595,买盘
592,10:23:36,3.0,-0.01,84,25281,卖盘
593,10:23:57,3.0,0.0,10,3000,卖盘
594,10:24:00,3.01,0.01,735,221175,买盘
595,10:24:04,3.01,0.0,5,1505,卖盘
596,10:24:15,3.01,0.0,100,30100,卖盘
597,10:24:24,3.01,0.0,100,30100,卖盘
598,10:24:27,3.01,0.0,9,2709,卖盘
599,10:24:30,3.01,0.0,2230,669066,卖盘
600,10:24:33,3.0,-0.01,160,48000,卖盘
601,10:24:48,3.0,0.0,1,300,卖盘
602,10:24:51,3.0,0.0,76,22800,卖盘
603,10:24:54,3.0,0.0,57,17100,卖盘
604,10:24:58,3.0,0.0,140,42000,卖盘
605,10:25:00,3.01,0.01,59,17750,买盘
606,10:25:04,3.0,-0.01,376,112860,卖盘
607,10:25:06,3.0,0.0,10,3000,买盘
608,10:25:09,3.0,0.0,275,82500,买盘
609,10:25:15,3.0,0.0,306,91740,买盘
610,10:25:21,3.0,0.0,53,15900,卖盘
611,10:25:24,3.01,0.01,25,7505,买盘
612,10:25:30,3.0,-0.01,295,88500,卖盘
613,10:25:33,3.0,0.0,61,18300,卖盘
614,10:25:58,3.0,0.0,56,16800,卖盘
615,10:26:06,3.0,0.0,8,2405,卖盘
616,10:26:15,3.0,0.0,2,600,卖盘
617,10:26:18,3.0,0.0,220,66000,卖盘
618,10:26:24,3.01,0.01,724,217924,买盘
619,10:26:30,3.01,0.0,32,9632,卖盘
620,10:26:33,3.01,0.0,1,301,卖盘
621,10:26:42,3.02,0.01,50,15100,买盘
622,10:26:48,3.02,0.0,31,9362,买盘
623,10:27:04,3.02,0.0,10,3020,买盘
624,10:27:06,3.01,-0.01,7,2107,卖盘
625,10:27:12,3.02,0.01,101,30502,买盘
626,10:27:30,3.02,0.0,60,18120,买盘
627,10:27:36,3.01,-0.01,6,1806,卖盘
628,10:27:40,3.02,0.01,1,302,买盘
629,10:27:43,3.02,0.0,188,56776,买盘
630,10:27:49,3.01,-0.01,16,4816,卖盘
631,10:27:54,3.01,0.0,11,3311,卖盘
632,10:27:57,3.02,0.01,16,4832,买盘
633,10:28:00,3.01,-0.01,10,3010,卖盘
634,10:28:21,3.01,0.0,21,6321,卖盘
635,10:28:24,3.02,0.01,1,302,买盘
636,10:28:33,3.01,-0.01,27,8127,卖盘
637,10:28:36,3.01,0.0,5,1505,卖盘
638,10:28:45,3.02,0.01,57,17214,买盘
639,10:28:48,3.02,0.0,124,37448,买盘
640,10:28:57,3.02,0.0,166,50132,买盘
641,10:29:03,3.02,0.0,15,4530,买盘
642,10:29:06,3.02,0.0,9,2715,买盘
643,10:29:16,3.01,-0.01,2,602,卖盘
644,10:29:25,3.02,0.01,10,3020,买盘
645,10:29:27,3.01,-0.01,3,903,卖盘
646,10:29:33,3.01,0.0,30,9030,卖盘
647,10:29:36,3.02,0.01,203,61304,买盘
648,10:29:42,3.02,0.0,86,25972,买盘
649,10:29:45,3.02,0.0,50,15100,买盘
650,10:30:04,3.02,0.0,70,21140,买盘
651,10:30:06,3.01,-0.01,2,603,卖盘
652,10:30:12,3.01,0.0,152,45752,卖盘
653,10:30:19,3.02,0.01,241,72561,买盘
654,10:30:27,3.02,0.0,36,10872,买盘
655,10:30:36,3.01,-0.01,147,44247,卖盘
656,10:30:45,3.01,0.0,11,3311,卖盘
657,10:30:48,3.01,0.0,459,138159,卖盘
658,10:30:51,3.01,0.0,10,3010,卖盘
659,10:31:06,3.01,0.0,682,205282,卖盘
660,10:31:09,3.01,0.0,2,602,卖盘
661,10:31:15,3.01,0.0,83,24983,卖盘
662,10:31:21,3.01,0.0,83,24983,买盘
663,10:31:30,3.01,0.0,42,12602,买盘
664,10:31:37,3.0,-0.01,7,2100,卖盘
665,10:31:40,3.01,0.01,63,18963,买盘
666,10:31:51,3.01,0.0,87,26187,卖盘
667,10:32:06,3.0,-0.01,1,300,卖盘
668,10:32:18,3.01,0.01,200,60200,买盘
669,10:32:21,3.01,0.0,327,98407,买盘
670,10:32:27,3.01,0.0,2,602,卖盘
671,10:32:36,3.01,0.0,15,4515,卖盘
672,10:32:42,3.02,0.01,1,302,买盘
673,10:32:45,3.01,-0.01,18,5418,卖盘
674,10:32:51,3.02,0.01,7,2114,买盘
675,10:33:04,3.01,-0.01,2,602,卖盘
676,10:33:06,3.01,0.0,4,1204,卖盘
677,10:33:19,3.02,0.01,42,12684,买盘
678,10:33:33,3.01,-0.01,3,903,卖盘
679,10:33:39,3.01,0.0,11,3311,卖盘
680,10:33:42,3.01,0.0,119,35819,卖盘
681,10:34:01,3.01,0.0,269,80969,卖盘
682,10:34:06,3.01,0.0,50,15050,买盘
683,10:34:12,3.01,0.0,23,6923,买盘
684,10:34:27,3.02,0.01,6,1812,买盘
685,10:34:30,3.02,0.0,315,95115,买盘
686,10:34:36,3.01,-0.01,6,1806,卖盘
687,10:34:43,3.02,0.01,10,3020,买盘
688,10:34:46,3.02,0.0,37,11174,买盘
689,10:34:54,3.01,-0.01,226,68026,卖盘
690,10:35:04,3.01,0.0,5,1505,买盘
691,10:35:06,3.0,-0.01,1,300,卖盘
692,10:35:12,3.01,0.01,8,2408,买盘
693,10:35:18,3.0,-0.01,50,15000,卖盘
694,10:35:24,3.01,0.01,110,33110,买盘
695,10:35:27,3.01,0.0,68,20468,买盘
696,10:35:36,3.0,-0.01,1,300,卖盘
697,10:35:42,3.01,0.01,6,1806,买盘
698,10:35:51,3.01,0.0,70,21070,买盘
699,10:35:57,3.01,0.0,20,6020,卖盘
700,10:36:10,3.0,-0.01,37,11120,卖盘
701,10:36:12,3.01,0.01,10,3010,买盘
702,10:36:27,3.0,-0.01,37,11100,卖盘
703,10:36:36,3.0,0.0,180,54000,卖盘
704,10:36:48,3.0,0.0,158,47400,卖盘
705,10:37:04,3.0,0.0,90,27070,卖盘
706,10:37:06,3.0,0.0,4,1200,卖盘
707,10:37:10,3.0,0.0,20,6000,卖盘
708,10:37:24,3.0,0.0,1788,536400,卖盘
709,10:37:27,3.0,0.0,147,44100,买盘
710,10:37:30,3.0,0.0,20,6000,买盘
711,10:37:36,3.0,0.0,96,28800,买盘
712,10:37:39,3.0,0.0,23,6900,买盘
713,10:37:45,2.99,-0.01,80,23930,卖盘
714,10:37:51,3.0,0.01,160,48000,买盘
715,10:38:04,3.0,0.0,20,6000,买盘
716,10:38:06,3.0,0.0,308,92400,买盘
717,10:38:18,3.0,0.0,5,1500,卖盘
718,10:38:30,3.0,0.0,5,1500,卖盘
719,10:38:39,3.0,0.0,6,1800,卖盘
720,10:38:45,3.01,0.01,152,45687,买盘
721,10:39:19,3.0,-0.01,32,9600,卖盘
722,10:39:21,3.0,0.0,16,4800,卖盘
723,10:39:33,3.01,0.01,60,18060,买盘
724,10:39:57,3.0,-0.01,10,3000,卖盘
725,10:40:00,3.0,0.0,252,75600,卖盘
726,10:40:09,3.0,0.0,735,220500,卖盘
727,10:40:12,3.0,0.0,27,8100,买盘
728,10:40:15,3.0,0.0,385,115500,买盘
729,10:40:22,3.0,0.0,37,11074,买盘
730,10:40:33,3.0,0.0,402,120600,买盘
731,10:40:36,2.99,-0.01,67,20060,卖盘
732,10:40:40,3.0,0.01,10,3000,买盘
733,10:40:42,3.0,0.0,54,16200,买盘
734,10:40:48,3.0,0.0,125,37500,买盘
735,10:40:51,3.0,0.0,42,12600,买盘
736,10:40:54,3.0,0.0,10,3000,买盘
737,10:40:57,2.99,-0.01,27,8083,卖盘
738,10:41:00,3.0,0.01,30,9000,买盘
739,10:41:06,2.99,-0.01,3,897,卖盘
740,10:41:12,2.99,0.0,304,91193,卖盘
741,10:41:18,3.0,0.01,382,114600,买盘
742,10:41:24,3.0,0.0,18,5400,买盘
743,10:41:27,3.0,0.0,114,34200,买盘
744,10:41:30,3.0,0.0,48,14400,买盘
745,10:41:33,2.99,-0.01,100,29900,卖盘
746,10:41:36,3.0,0.01,36,10799,买盘
747,10:41:45,3.0,0.0,282,84518,买盘
748,10:41:52,2.99,-0.01,171,51129,卖盘
749,10:41:55,3.0,0.01,100,30000,买盘
750,10:42:04,3.0,0.0,11,3300,买盘
751,10:42:06,3.0,0.0,20,6000,买盘
752,10:42:09,2.99,-0.01,67,20033,卖盘
753,10:42:12,2.99,0.0,11,3289,卖盘
754,10:42:18,2.99,0.0,10,2990,卖盘
755,10:42:21,3.0,0.01,30,9000,买盘
756,10:42:24,2.99,-0.01,230,68770,卖盘
757,10:42:27,3.0,0.01,504,151199,买盘
758,10:42:30,3.0,0.0,131,39219,买盘
759,10:42:36,2.98,-0.02,3722,1111044,卖盘
760,10:42:42,2.99,0.01,256,76544,买盘
761,10:43:07,2.99,0.0,11,3288,买盘
762,10:43:09,2.98,-0.01,50,14900,卖盘
763,10:43:12,2.98,0.0,444,132312,卖盘
764,10:43:15,2.98,0.0,150,44700,买盘
765,10:43:18,2.98,0.0,143,42614,买盘
766,10:43:21,2.98,0.0,133,39634,卖盘
767,10:43:24,2.98,0.0,10,2980,买盘
768,10:43:27,2.98,0.0,188,56024,买盘
769,10:43:30,2.98,0.0,4,1192,卖盘
770,10:43:33,2.99,0.01,793,235921,买盘
771,10:43:36,2.98,-0.01,32,9536,卖盘
772,10:43:39,2.98,0.0,64,19073,卖盘
773,10:43:42,2.98,0.0,64,19072,卖盘
774,10:43:45,2.98,0.0,3,894,卖盘
775,10:43:48,2.99,0.01,20,5980,买盘
776,10:43:52,2.98,-0.01,41,12218,卖盘
777,10:43:54,2.98,0.0,94,28012,卖盘
778,10:43:57,2.98,0.0,196,58408,买盘
779,10:44:00,2.98,0.0,367,109366,买盘
780,10:44:03,2.98,0.0,5,1490,买盘
781,10:44:10,2.98,0.0,158,47080,卖盘
782,10:44:12,2.99,0.01,50,14950,买盘
783,10:44:15,2.98,-0.01,10,2980,卖盘
784,10:44:21,2.98,0.0,543,162178,卖盘
785,10:44:30,2.98,0.0,108,32184,卖盘
786,10:44:33,2.98,0.0,215,64070,卖盘
787,10:44:36,2.98,0.0,149,44402,卖盘
788,10:44:42,2.98,0.0,32,9536,买盘
789,10:44:46,2.97,-0.01,337,100113,卖盘
790,10:44:49,2.98,0.01,50,14900,买盘
791,10:44:52,2.98,0.0,67,19966,买盘
792,10:44:54,2.98,0.0,50,14900,买盘
793,10:44:58,2.98,0.0,79,23542,买盘
794,10:45:04,2.98,0.0,80,23845,卖盘
795,10:45:06,2.98,0.0,11,3278,卖盘
796,10:45:13,2.98,0.0,208,61984,卖盘
797,10:45:18,2.98,0.0,10,2980,卖盘
798,10:45:24,2.98,0.0,10,2980,卖盘
799,10:45:30,2.98,0.0,59,17582,卖盘
800,10:45:33,2.98,0.0,1,298,卖盘
801,10:45:36,2.98,0.0,17,5066,卖盘
802,10:45:39,2.98,0.0,18,5364,卖盘
803,10:45:43,2.98,0.0,180,53641,卖盘
804,10:45:54,2.98,0.0,100,29800,卖盘
805,10:45:57,2.99,0.01,26,7774,买盘
806,10:46:06,2.98,-0.01,574,171052,卖盘
807,10:46:09,2.98,0.0,11,3278,买盘
808,10:46:13,2.98,0.0,4,1192,买盘
809,10:46:18,2.98,0.0,432,128736,买盘
810,10:46:21,2.98,0.0,5,1490,卖盘
811,10:46:36,2.98,0.0,1,298,卖盘
812,10:46:39,2.98,0.0,172,51324,卖盘
813,10:46:42,2.98,0.0,89,26522,卖盘
814,10:46:45,2.99,0.01,86,25648,买盘
815,10:46:48,2.99,0.0,30,8970,买盘
816,10:46:54,2.98,-0.01,262,78076,卖盘
817,10:46:57,2.98,0.0,7,2086,卖盘
818,10:47:04,2.99,0.01,130,38870,买盘
819,10:47:06,2.98,-0.01,753,224464,卖盘
820,10:47:15,2.98,0.0,19,5662,买盘
821,10:47:21,2.98,0.0,30,8940,买盘
822,10:47:24,2.98,0.0,50,14900,买盘
823,10:47:30,2.98,0.0,461,137278,买盘
824,10:47:36,2.98,0.0,104,30992,卖盘
825,10:47:39,2.98,0.0,31,9238,买盘
826,10:47:51,2.99,0.01,70,20930,买盘
827,10:47:54,2.98,-0.01,2,596,卖盘
828,10:48:09,2.98,0.0,2,596,卖盘
829,10:48:37,2.99,0.01,32,9568,买盘
830,10:48:40,2.99,0.0,57,17043,买盘
831,10:48:49,2.99,0.0,207,61893,买盘
832,10:48:51,2.99,0.0,28,8372,买盘
833,10:48:54,2.99,0.0,35,10465,买盘
834,10:49:06,2.99,0.0,10,2990,买盘
835,10:49:09,2.99,0.0,41,12259,买盘
836,10:49:12,2.99,0.0,11,3289,买盘
837,10:49:15,2.99,0.0,67,20033,买盘
838,10:49:18,2.99,0.0,52,15548,买盘
839,10:49:36,2.99,0.0,270,80730,买盘
840,10:49:40,2.99,0.0,351,104949,买盘
841,10:49:42,2.99,0.0,42,12558,买盘
842,10:49:45,2.99,0.0,69,20631,买盘
843,10:50:12,3.0,0.01,200,60000,买盘
844,10:50:31,3.0,0.0,37,11100,买盘
845,10:50:33,3.0,0.0,734,220200,买盘
846,10:50:39,3.0,0.0,6,1800,卖盘
847,10:50:45,3.0,0.0,11,3300,卖盘
848,10:50:48,3.01,0.01,10,3010,买盘
849,10:51:04,3.01,0.0,128,38528,买盘
850,10:51:10,3.0,-0.01,528,158600,卖盘
851,10:51:21,3.01,0.01,333,100233,卖盘
852,10:51:24,3.01,0.0,10,3010,卖盘
853,10:51:27,3.01,0.0,114,34314,卖盘
854,10:51:54,3.01,0.0,182,54782,买盘
855,10:52:12,3.0,-0.01,89,26700,卖盘
856,10:52:36,3.01,0.01,50,15050,买盘
857,10:52:42,3.0,-0.01,320,96000,卖盘
858,10:52:48,3.0,0.0,144,43200,买盘
859,10:52:54,3.0,0.0,191,57300,买盘
860,10:53:15,3.01,0.01,139,41839,买盘
861,10:53:27,3.0,-0.01,15,4500,卖盘
862,10:53:36,3.0,0.0,11,3300,卖盘
863,10:53:51,3.0,0.0,450,135000,卖盘
864,10:54:03,3.01,0.01,8,2408,买盘
865,10:54:06,3.0,-0.01,472,141610,卖盘
866,10:54:15,3.0,0.0,38,11400,买盘
867,10:54:28,3.0,0.0,44,13140,卖盘
868,10:54:39,3.0,0.0,2,600,卖盘
869,10:54:57,3.0,0.0,5,1500,卖盘
870,10:55:04,3.0,0.0,544,163260,卖盘
871,10:55:06,3.0,0.0,5,1500,买盘
872,10:55:12,3.0,0.0,8,2340,买盘
873,10:55:24,2.99,-0.01,300,89944,卖盘
874,10:55:31,3.0,0.01,7,2100,买盘
875,10:55:39,3.0,0.0,336,100800,买盘
876,10:56:01,3.01,0.01,13,3913,买盘
877,10:56:15,3.01,0.0,229,68897,买盘
878,10:57:00,3.01,0.0,15,4515,买盘
879,10:57:33,3.0,-0.01,5,1500,卖盘
880,10:57:57,3.0,0.0,29,8700,卖盘
881,10:58:34,3.0,0.0,5,1500,卖盘
882,10:58:36,3.01,0.01,300,90300,买盘
883,10:58:48,3.01,0.0,65,19565,买盘
884,10:59:15,3.01,0.0,2,602,买盘
885,10:59:31,3.01,0.0,5,1505,买盘
886,10:59:39,3.0,-0.01,5,1500,卖盘
887,10:59:45,3.0,0.0,123,36910,卖盘
888,11:00:04,3.0,0.0,830,249000,卖盘
889,11:00:06,2.99,-0.01,160,47840,卖盘
890,11:00:27,2.99,0.0,90,26910,卖盘
891,11:00:30,2.99,0.0,43,12857,卖盘
892,11:00:51,2.99,0.0,16,4784,卖盘
893,11:01:03,3.0,0.01,67,20090,买盘
894,11:01:12,3.0,0.0,16,4800,买盘
895,11:01:33,3.0,0.0,10,3000,买盘
896,11:01:43,3.0,0.0,20,6000,买盘
897,11:02:18,3.0,0.0,1,300,买盘
898,11:02:39,3.0,0.0,438,131400,买盘
899,11:02:42,3.0,0.0,58,17400,卖盘
900,11:02:51,3.0,0.0,495,148500,卖盘
901,11:02:57,3.0,0.0,33,9900,买盘
902,11:03:00,2.99,-0.01,30,8974,卖盘
903,11:03:04,3.0,0.01,217,65100,买盘
904,11:03:09,3.0,0.0,21,6300,买盘
905,11:03:18,3.0,0.0,10,3000,买盘
906,11:03:21,3.0,0.0,25,7500,买盘
907,11:03:24,3.0,0.0,20,6000,买盘
908,11:03:27,2.99,-0.01,297,88803,卖盘
909,11:03:33,2.99,0.0,21,6279,卖盘
910,11:03:37,3.0,0.01,263,78900,买盘
911,11:03:40,3.0,0.0,9,2700,卖盘
912,11:03:54,3.0,0.0,4,1200,卖盘
913,11:04:00,3.0,0.0,5,1500,卖盘
914,11:04:06,3.0,0.0,21,6300,买盘
915,11:04:09,3.0,0.0,4,1200,卖盘
916,11:04:21,3.0,0.0,49,14700,卖盘
917,11:04:39,3.0,0.0,2,600,卖盘
918,11:04:54,3.0,0.0,3,900,卖盘
919,11:05:00,3.0,0.0,31,9300,卖盘
920,11:05:04,3.0,0.0,5,1500,卖盘
921,11:05:09,2.99,-0.01,4,1196,卖盘
922,11:05:18,3.0,0.01,183,54900,买盘
923,11:05:25,3.0,0.0,20,6000,卖盘
924,11:05:28,3.0,0.0,11,3300,卖盘
925,11:05:31,3.0,0.0,71,21300,卖盘
926,11:05:36,3.0,0.0,163,48900,卖盘
927,11:05:42,3.0,0.0,105,31500,买盘
928,11:05:48,3.0,0.0,30,9000,买盘
929,11:05:51,2.99,-0.01,119,35581,卖盘
930,11:05:54,2.99,0.0,5,1495,卖盘
931,11:05:57,3.0,0.01,49,14700,买盘
932,11:06:00,2.99,-0.01,26,7774,卖盘
933,11:06:10,2.99,0.0,8,2392,卖盘
934,11:06:24,2.99,0.0,8,2392,卖盘
935,11:06:33,2.99,0.0,719,215041,卖盘
936,11:06:39,2.98,-0.01,9,2682,卖盘
937,11:06:42,2.99,0.01,6,1794,买盘
938,11:06:46,2.99,0.0,25,7475,买盘
939,11:06:49,2.98,-0.01,11,3278,卖盘
940,11:06:54,2.98,0.0,9,2682,卖盘
941,11:07:00,2.99,0.01,812,242372,买盘
942,11:07:06,2.99,0.0,68,20332,卖盘
943,11:07:21,2.99,0.0,128,38272,买盘
944,11:07:25,2.98,-0.01,8,2384,卖盘
945,11:07:27,2.98,0.0,737,220146,卖盘
946,11:07:39,2.99,0.01,3,897,卖盘
947,11:07:43,2.99,0.0,3,897,卖盘
948,11:07:48,2.98,-0.01,1000,298000,卖盘
949,11:07:51,2.98,0.0,418,124603,卖盘
950,11:07:54,2.98,0.0,19,5662,卖盘
951,11:08:01,2.98,0.0,24,7215,卖盘
952,11:08:04,2.98,0.0,2,536,买盘
953,11:08:07,2.98,0.0,29,8642,卖盘
954,11:08:13,2.98,0.0,50,14915,卖盘
955,11:08:15,2.99,0.01,35,10465,买盘
956,11:08:18,2.99,0.0,176,52453,买盘
957,11:08:24,2.98,-0.01,10,3040,卖盘
958,11:08:27,2.98,0.0,19,5657,买盘
959,11:08:30,2.98,0.0,12,3576,买盘
960,11:08:36,2.98,0.0,3,894,买盘
961,11:08:39,2.98,0.0,18,5361,买盘
962,11:08:42,2.97,-0.01,5,1485,卖盘
963,11:08:45,2.98,0.01,1,298,买盘
964,11:08:51,2.97,-0.01,50,14850,卖盘
965,11:08:54,2.98,0.01,13,3874,买盘
966,11:09:01,2.98,0.0,46,13682,买盘
967,11:09:09,2.98,0.0,44,13108,买盘
968,11:09:12,2.98,0.0,14,4167,买盘
969,11:09:15,2.98,0.0,267,79566,买盘
970,11:09:19,2.98,0.0,10,2980,买盘
971,11:09:36,2.98,0.0,37,10966,买盘
972,11:09:39,2.98,0.0,6,1788,卖盘
973,11:09:42,2.98,0.0,10,2980,卖盘
974,11:09:48,2.98,0.0,25,7510,卖盘
975,11:09:51,2.98,0.0,5,1490,买盘
976,11:09:54,2.98,0.0,203,60494,买盘
977,11:09:57,2.97,-0.01,30,8910,卖盘
978,11:10:00,2.98,0.01,74,21992,买盘
979,11:10:03,2.98,0.0,92,27416,卖盘
980,11:10:16,2.98,0.0,62,18476,卖盘
981,11:10:24,2.98,0.0,30,9000,卖盘
982,11:10:27,2.98,0.0,6,1788,买盘
983,11:10:33,2.98,0.0,4,1192,买盘
984,11:10:37,2.98,0.0,119,35462,买盘
985,11:10:42,2.98,0.0,10,2980,买盘
986,11:10:45,2.98,0.0,31,9178,买盘
987,11:10:57,2.98,0.0,3,894,卖盘
988,11:11:00,2.98,0.0,80,23900,卖盘
989,11:11:04,2.97,-0.01,63,18711,卖盘
990,11:11:06,2.98,0.01,1,298,买盘
991,11:11:21,2.98,0.0,30,8940,买盘
992,11:11:24,2.97,-0.01,9,2673,卖盘
993,11:11:39,2.98,0.01,2,596,买盘
994,11:11:45,2.97,-0.01,144,42768,卖盘
995,11:11:51,2.98,0.01,12,3576,买盘
996,11:11:54,2.97,-0.01,6,1782,卖盘
997,11:12:00,2.97,0.0,109,32403,卖盘
998,11:12:03,2.98,0.01,50,14900,买盘
999,11:12:09,2.98,0.0,105,31190,买盘
1000,11:12:12,2.98,0.0,19,5662,买盘
1001,11:12:15,2.98,0.0,50,14900,买盘
1002,11:12:21,2.98,0.0,32,9536,买盘
1003,11:12:24,2.98,0.0,245,73007,买盘
1004,11:12:36,2.98,0.0,55,16390,买盘
1005,11:12:42,2.98,0.0,2,596,买盘
1006,11:12:45,2.98,0.0,50,14900,买盘
1007,11:12:48,2.98,0.0,95,28250,买盘
1008,11:12:54,2.98,0.0,3,894,卖盘
1009,11:12:57,2.98,0.0,102,30456,卖盘
1010,11:13:00,2.97,-0.01,26,7722,卖盘
1011,11:13:04,2.98,0.01,1,298,买盘
1012,11:13:18,2.98,0.0,35,10430,买盘
1013,11:13:24,2.98,0.0,10,2980,买盘
1014,11:13:27,2.98,0.0,8,2384,买盘
1015,11:13:34,2.97,-0.01,9,2678,卖盘
1016,11:13:39,2.98,0.01,1,298,买盘
1017,11:13:42,2.98,0.0,110,32780,买盘
1018,11:13:45,2.98,0.0,11,3218,买盘
1019,11:13:48,2.98,0.0,5,1490,卖盘
1020,11:13:51,2.98,0.0,146,43568,卖盘
1021,11:14:00,2.97,-0.01,26,7722,卖盘
1022,11:14:09,2.97,0.0,800,237600,卖盘
1023,11:14:12,2.97,0.0,289,85833,卖盘
1024,11:14:19,2.97,0.0,170,50490,卖盘
1025,11:14:33,2.97,0.0,50,14850,卖盘
1026,11:14:36,2.97,0.0,1225,363825,卖盘
1027,11:14:39,2.97,0.0,84,24948,买盘
1028,11:14:52,2.97,0.0,22,6534,买盘
1029,11:14:55,2.97,0.0,64,18996,买盘
1030,11:14:57,2.97,0.0,34,10098,买盘
1031,11:15:00,2.96,-0.01,26,7696,卖盘
1032,11:15:06,2.97,0.01,30,8910,买盘
1033,11:15:09,2.97,0.0,107,31779,买盘
1034,11:15:12,2.96,-0.01,12,3552,卖盘
1035,11:15:15,2.97,0.01,83,24574,买盘
1036,11:15:18,2.98,0.01,20,5960,买盘
1037,11:15:21,2.97,-0.01,20,5940,卖盘
1038,11:15:27,2.97,0.0,10,2970,卖盘
1039,11:15:30,2.98,0.01,40,11920,买盘
1040,11:15:34,2.97,-0.01,133,39501,卖盘
1041,11:15:43,2.97,0.0,13,3861,买盘
1042,11:15:46,2.97,0.0,34,10098,买盘
1043,11:15:51,2.97,0.0,26,7722,买盘
1044,11:15:54,2.97,0.0,33,9801,买盘
1045,11:16:00,2.96,-0.01,26,7696,卖盘
1046,11:16:09,2.96,0.0,247,73112,卖盘
1047,11:16:15,2.96,0.0,1186,351056,卖盘
1048,11:16:21,2.96,0.0,50,14800,卖盘
1049,11:16:24,2.97,0.01,20,5940,买盘
1050,11:16:27,2.96,-0.01,541,160136,卖盘
1051,11:16:30,2.96,0.0,206,60987,卖盘
1052,11:16:33,2.96,0.0,350,103600,卖盘
1053,11:16:36,2.96,0.0,50,14800,买盘
1054,11:16:42,2.96,0.0,8,2368,买盘
1055,11:16:51,2.96,0.0,13,3848,买盘
1056,11:16:54,2.95,-0.01,5,1475,卖盘
1057,11:16:57,2.96,0.01,6,1776,买盘
1058,11:17:00,2.95,-0.01,26,7670,卖盘
1059,11:17:04,2.96,0.01,20,5920,买盘
1060,11:17:06,2.96,0.0,103,30488,买盘
1061,11:17:09,2.95,-0.01,25,7375,卖盘
1062,11:17:12,2.95,0.0,19,5616,卖盘
1063,11:17:15,2.96,0.01,76,22495,买盘
1064,11:17:18,2.96,0.0,61,18056,买盘
1065,11:17:21,2.96,0.0,130,38450,买盘
1066,11:17:24,2.96,0.0,30,8880,买盘
1067,11:17:30,2.96,0.0,100,29600,买盘
1068,11:17:33,2.96,0.0,9,2664,买盘
1069,11:17:36,2.95,-0.01,254,74930,卖盘
1070,11:17:45,2.96,0.01,300,88800,买盘
1071,11:17:52,2.96,0.0,9,2664,买盘
1072,11:17:55,2.95,-0.01,26,7670,卖盘
1073,11:17:58,2.96,0.01,19,5624,买盘
1074,11:18:15,2.96,0.0,30,8880,卖盘
1075,11:18:27,2.97,0.01,40,11880,买盘
1076,11:18:39,2.96,-0.01,100,29600,卖盘
1077,11:18:45,2.97,0.01,5,1485,买盘
1078,11:18:54,2.96,-0.01,143,42328,卖盘
1079,11:18:57,2.97,0.01,20,5940,买盘
1080,11:19:09,2.97,0.0,10,2970,买盘
1081,11:19:12,2.97,0.0,10,2970,买盘
1082,11:19:27,2.97,0.0,117,34749,买盘
1083,11:19:33,2.96,-0.01,463,137391,卖盘
1084,11:19:39,2.97,0.01,20,5940,买盘
1085,11:19:42,2.97,0.0,232,68904,买盘
1086,11:19:54,2.96,-0.01,26,7696,卖盘
1087,11:20:30,2.97,0.01,2041,605100,买盘
1088,11:20:33,2.97,0.0,20,5940,买盘
1089,11:20:39,2.97,0.0,10,2970,买盘
1090,11:20:42,2.97,0.0,22,6534,买盘
1091,11:20:45,2.97,0.0,17,5049,买盘
1092,11:20:48,2.97,0.0,8,2376,买盘
1093,11:20:51,2.97,0.0,139,41286,买盘
1094,11:20:57,2.97,0.0,26,7722,卖盘
1095,11:21:03,2.97,0.0,157,46626,卖盘
1096,11:21:06,2.97,0.0,65,19308,买盘
1097,11:21:09,2.97,0.0,7,2079,卖盘
1098,11:21:33,2.97,0.0,171,50950,卖盘
1099,11:21:36,2.98,0.01,20,5960,买盘
1100,11:21:39,2.98,0.0,120,35760,买盘
1101,11:21:43,2.97,-0.01,2,594,卖盘
1102,11:21:51,2.98,0.01,10,2980,卖盘
1103,11:21:54,2.98,0.0,26,7748,卖盘
1104,11:21:57,2.99,0.01,20,5980,买盘
1105,11:22:03,2.99,0.0,108,32292,买盘
1106,11:22:12,2.98,-0.01,11,3278,卖盘
1107,11:22:18,2.99,0.01,3,897,买盘
1108,11:22:21,2.99,0.0,10,2990,买盘
1109,11:22:30,2.98,-0.01,101,30098,卖盘
1110,11:22:33,2.99,0.01,419,124931,买盘
1111,11:22:36,2.99,0.0,30,8970,买盘
1112,11:22:39,2.99,0.0,100,29900,买盘
1113,11:22:45,2.99,0.0,50,14950,买盘
1114,11:22:48,2.99,0.0,50,14950,买盘
1115,11:22:51,2.99,0.0,50,14950,买盘
1116,11:22:55,2.98,-0.01,26,7748,卖盘
1117,11:23:15,2.98,0.0,1187,353726,卖盘
1118,11:23:18,2.98,0.0,20,5960,买盘
1119,11:23:24,2.98,0.0,3,894,买盘
1120,11:23:33,2.98,0.0,47,14006,买盘
1121,11:23:43,2.98,0.0,4,1192,卖盘
1122,11:23:54,2.97,-0.01,26,7722,卖盘
1123,11:24:16,2.97,0.0,3,891,卖盘
1124,11:24:28,2.98,0.01,50,14900,买盘
1125,11:24:39,2.97,-0.01,5,1485,卖盘
1126,11:24:55,2.97,0.0,26,7722,卖盘
1127,11:24:58,2.98,0.01,13,3874,买盘
1128,11:25:09,2.97,-0.01,15,4455,卖盘
1129,11:25:39,2.97,0.0,12,3564,卖盘
1130,11:25:54,2.97,0.0,26,7722,卖盘
1131,11:26:09,2.97,0.0,12,3564,卖盘
1132,11:26:24,2.98,0.01,13,3874,买盘
1133,11:26:39,2.97,-0.01,14,4158,卖盘
1134,11:26:54,2.97,0.0,26,7722,卖盘
1135,11:27:09,2.98,0.01,21,6245,买盘
1136,11:27:12,2.98,0.0,8,2384,买盘
1137,11:27:18,2.98,0.0,9,2682,买盘
1138,11:27:24,2.97,-0.01,5,1485,卖盘
1139,11:27:30,2.97,0.0,23,6831,卖盘
1140,11:27:39,2.97,0.0,13,3861,卖盘
1141,11:27:54,2.97,0.0,26,7722,卖盘
1142,11:27:57,2.97,0.0,1518,450843,卖盘
1143,11:28:04,2.96,-0.01,6,1776,卖盘
1144,11:28:09,2.97,0.01,49,14481,买盘
1145,11:28:18,2.97,0.0,203,60291,卖盘
1146,11:28:21,2.97,0.0,326,96822,卖盘
1147,11:28:36,2.97,0.0,47,13959,买盘
1148,11:28:40,2.97,0.0,18,5346,卖盘
1149,11:28:43,2.97,0.0,9,2673,买盘
1150,11:28:45,2.97,0.0,1,297,卖盘
1151,11:28:48,2.97,0.0,41,12177,买盘
1152,11:28:54,2.96,-0.01,26,7696,卖盘
1153,11:29:00,2.97,0.01,1013,299861,买盘
1154,11:29:09,2.96,-0.01,1,296,卖盘
1155,11:29:12,2.97,0.01,7,2079,买盘
1156,11:29:24,2.97,0.0,24,7128,买盘
1157,11:29:30,2.97,0.0,32,9504,买盘
1158,11:29:54,2.97,0.0,26,7722,卖盘
1159,11:29:57,2.98,0.01,8,2384,买盘
1160,13:00:04,2.98,0.0,212,63253,买盘
1161,13:00:07,2.97,-0.01,30,8910,卖盘
1162,13:00:09,2.98,0.01,1,298,买盘
1163,13:00:15,2.97,-0.01,7,2085,卖盘
1164,13:00:24,2.97,0.0,3,891,卖盘
1165,13:00:30,2.97,0.0,128,38016,卖盘
1166,13:00:33,2.97,0.0,233,69033,卖盘
1167,13:00:39,2.96,-0.01,6,1776,卖盘
1168,13:00:51,2.96,0.0,166,49136,卖盘
1169,13:01:06,2.96,0.0,6,1776,卖盘
1170,13:01:09,2.96,0.0,21,6216,卖盘
1171,13:01:12,2.96,0.0,4,1184,卖盘
1172,13:01:22,2.97,0.01,70,20790,买盘
1173,13:01:39,2.96,-0.01,17,5032,卖盘
1174,13:02:00,2.96,0.0,11,3256,卖盘
1175,13:02:04,2.96,0.0,1,296,卖盘
1176,13:02:09,2.96,0.0,8,2368,卖盘
1177,13:02:12,2.97,0.01,10,2970,买盘
1178,13:02:42,2.96,-0.01,17,5032,卖盘
1179,13:02:51,2.96,0.0,149,44341,卖盘
1180,13:02:54,2.97,0.01,36,10676,买盘
1181,13:03:12,2.97,0.0,16,4752,买盘
1182,13:03:18,2.96,-0.01,139,41146,卖盘
1183,13:03:24,2.97,0.01,50,14850,买盘
1184,13:03:31,2.97,0.0,20,5940,买盘
1185,13:03:33,2.96,-0.01,2,592,卖盘
1186,13:03:39,2.97,0.01,279,82863,买盘
1187,13:03:54,2.97,0.0,97,28809,卖盘
1188,13:03:58,2.97,0.0,19,5643,卖盘
1189,13:04:03,2.97,0.0,7,2079,买盘
1190,13:04:12,2.98,0.01,10,2980,买盘
1191,13:04:18,2.97,-0.01,16,4752,卖盘
1192,13:04:27,2.97,0.0,48,14256,卖盘
1193,13:04:33,2.97,0.0,206,61182,卖盘
1194,13:04:42,2.98,0.01,20,5960,买盘
1195,13:04:54,2.97,-0.01,20,5940,卖盘
1196,13:05:00,2.97,0.0,66,19602,卖盘
1197,13:05:18,2.97,0.0,82,24354,卖盘
1198,13:05:27,2.97,0.0,1,297,买盘
1199,13:05:30,2.96,-0.01,18,5339,卖盘
1200,13:05:39,2.97,0.01,254,75186,买盘
1201,13:05:45,2.97,0.0,2,594,卖盘
1202,13:05:51,2.97,0.0,1,297,卖盘
1203,13:05:54,2.97,0.0,5,1485,卖盘
1204,13:05:57,2.97,0.0,58,17226,买盘
1205,13:06:18,2.97,0.0,60,17820,买盘
1206,13:06:36,2.97,0.0,59,17523,买盘
1207,13:07:03,2.97,0.0,11,3267,买盘
1208,13:07:12,2.97,0.0,46,13662,卖盘
1209,13:07:18,2.96,-0.01,502,148592,卖盘
1210,13:07:21,2.97,0.01,59,17523,买盘
1211,13:07:24,2.97,0.0,17,5049,买盘
1212,13:07:33,2.96,-0.01,57,16635,卖盘
1213,13:07:36,2.96,0.0,7,2309,买盘
1214,13:07:39,2.96,0.0,238,70211,卖盘
1215,13:07:48,2.96,0.0,10,2960,买盘
1216,13:08:00,2.96,0.0,200,59200,买盘
1217,13:08:06,2.96,0.0,15,4440,买盘
1218,13:08:09,2.96,0.0,18,5328,买盘
1219,13:08:12,2.96,0.0,65,19240,买盘
1220,13:08:15,2.96,0.0,122,36112,买盘
1221,13:08:18,2.96,0.0,50,14800,买盘
1222,13:08:21,2.96,0.0,1,296,买盘
1223,13:08:24,2.96,0.0,20,5920,买盘
1224,13:08:27,2.95,-0.01,10,2950,卖盘
1225,13:08:36,2.96,0.01,5,1480,买盘
1226,13:08:42,2.96,0.0,10,2960,买盘
1227,13:08:45,2.96,0.0,7,2072,买盘
1228,13:08:54,2.96,0.0,50,14800,买盘
1229,13:09:04,2.95,-0.01,119,35105,卖盘
1230,13:09:06,2.95,0.0,57,16825,卖盘
1231,13:09:12,2.96,0.01,28,8288,买盘
1232,13:09:21,2.96,0.0,10,2960,买盘
1233,13:09:24,2.96,0.0,103,30488,买盘
1234,13:09:27,2.95,-0.01,19,5605,卖盘
1235,13:09:33,2.96,0.01,10,2960,买盘
1236,13:09:36,2.96,0.0,61,18056,买盘
1237,13:09:42,2.96,0.0,20,5920,买盘
1238,13:09:45,2.96,0.0,15,4440,买盘
1239,13:09:51,2.96,0.0,69,20424,买盘
1240,13:09:55,2.96,0.0,5,1480,买盘
1241,13:09:58,2.96,0.0,5,1480,卖盘
1242,13:10:03,2.95,-0.01,8,2360,卖盘
1243,13:10:18,2.95,0.0,53,15638,卖盘
1244,13:10:37,2.95,0.0,25,7375,卖盘
1245,13:10:42,2.96,0.01,260,76934,买盘
1246,13:10:46,2.96,0.0,115,34040,卖盘
1247,13:10:49,2.95,-0.01,115,33925,卖盘
1248,13:11:01,2.95,0.0,20,5900,卖盘
1249,13:11:09,2.96,0.01,50,14800,买盘
1250,13:11:18,2.96,0.0,100,29600,买盘
1251,13:11:30,2.96,0.0,4,1184,买盘
1252,13:11:33,2.96,0.0,25,7400,买盘
1253,13:11:36,2.96,0.0,353,104488,买盘
1254,13:11:39,2.96,0.0,120,35520,卖盘
1255,13:11:54,2.96,0.0,3,888,卖盘
1256,13:12:00,2.96,0.0,57,16872,卖盘
1257,13:12:04,2.97,0.01,6,1782,买盘
1258,13:12:27,2.96,-0.01,6,1776,卖盘
1259,13:12:57,2.97,0.01,68,20196,买盘
1260,13:13:00,2.96,-0.01,11,3256,卖盘
1261,13:13:12,2.96,0.0,146,43453,卖盘
1262,13:13:36,2.97,0.01,51,15147,买盘
1263,13:13:39,2.96,-0.01,3,888,卖盘
1264,13:13:45,2.97,0.01,8,2376,买盘
1265,13:13:48,2.97,0.0,1,297,买盘
1266,13:14:00,2.97,0.0,490,145530,买盘
1267,13:14:09,2.98,0.01,784,233632,买盘
1268,13:14:18,2.98,0.0,277,82546,卖盘
1269,13:14:45,2.98,0.0,18,5364,卖盘
1270,13:15:12,2.98,0.0,20,5960,买盘
1271,13:15:27,2.98,0.0,86,25628,买盘
1272,13:15:31,2.98,0.0,50,14900,买盘
1273,13:15:36,2.98,0.0,123,36654,买盘
1274,13:15:39,2.98,0.0,19,5662,买盘
1275,13:15:42,2.98,0.0,18,5364,买盘
1276,13:15:51,2.97,-0.01,4,1188,卖盘
1277,13:16:30,2.97,0.0,414,122958,卖盘
1278,13:17:25,2.97,0.0,14,4158,卖盘
1279,13:17:30,2.97,0.0,129,38313,卖盘
1280,13:17:39,2.98,0.01,20,5960,买盘
1281,13:17:42,2.97,-0.01,95,28215,卖盘
1282,13:17:48,2.97,0.0,1,297,卖盘
1283,13:17:55,2.97,0.0,5,1485,卖盘
1284,13:18:06,2.97,0.0,183,54351,卖盘
1285,13:18:24,2.97,0.0,9,2673,卖盘
1286,13:18:36,2.97,0.0,25,7425,卖盘
1287,13:18:45,2.97,0.0,110,32670,卖盘
1288,13:18:49,2.97,0.0,10,2970,卖盘
1289,13:18:54,2.97,0.0,35,10395,卖盘
1290,13:19:00,2.97,0.0,10,2970,买盘
1291,13:19:13,2.96,-0.01,101,29896,卖盘
1292,13:19:19,2.97,0.01,1,297,买盘
1293,13:19:21,2.96,-0.01,34,10064,卖盘
1294,13:19:27,2.97,0.01,1,297,买盘
1295,13:19:42,2.97,0.0,1,297,买盘
1296,13:19:57,2.97,0.0,10,2970,买盘
1297,13:20:36,2.96,-0.01,32,9472,卖盘
1298,13:20:51,2.97,0.01,20,5940,买盘
1299,13:21:00,2.96,-0.01,103,30488,卖盘
1300,13:21:06,2.96,0.0,34,10064,卖盘
1301,13:21:42,2.97,0.01,37,10989,买盘
1302,13:21:51,2.97,0.0,105,31185,买盘
1303,13:22:21,2.97,0.0,2,594,买盘
1304,13:22:24,2.97,0.0,10,2970,买盘
1305,13:22:43,2.97,0.0,5,1485,买盘
1306,13:22:46,2.97,0.0,42,12472,买盘
1307,13:22:51,2.97,0.0,112,33264,买盘
1308,13:23:03,2.97,0.0,1,297,卖盘
1309,13:23:12,2.97,0.0,2,594,卖盘
1310,13:23:24,2.98,0.01,50,14900,买盘
1311,13:23:57,2.97,-0.01,4,1188,卖盘
1312,13:24:22,2.97,0.0,14,4158,卖盘
1313,13:24:30,2.97,0.0,8,2376,卖盘
1314,13:24:51,2.97,0.0,1,297,卖盘
1315,13:25:15,2.97,0.0,512,152064,卖盘
1316,13:25:27,2.98,0.01,10,2980,买盘
1317,13:26:06,2.97,-0.01,168,49896,卖盘
1318,13:26:24,2.97,0.0,45,13365,卖盘
1319,13:26:45,2.97,0.0,100,29700,卖盘
1320,13:26:54,2.97,0.0,2,594,卖盘
1321,13:27:06,2.98,0.01,1,298,买盘
1322,13:27:37,2.97,-0.01,15,4455,卖盘
1323,13:27:51,2.97,0.0,65,19305,卖盘
1324,13:27:54,2.98,0.01,35,10430,买盘
1325,13:28:01,2.98,0.0,10,2980,买盘
1326,13:28:15,2.97,-0.01,10,2970,卖盘
1327,13:28:30,2.98,0.01,31,9238,买盘
1328,13:29:06,2.98,0.0,1,298,买盘
1329,13:29:27,2.97,-0.01,19,5643,卖盘
1330,13:30:01,2.97,0.0,92,27324,卖盘
1331,13:30:24,2.97,0.0,579,171963,卖盘
1332,13:30:27,2.97,0.0,124,36828,买盘
1333,13:30:33,2.97,0.0,7,2079,买盘
1334,13:30:36,2.97,0.0,20,5940,买盘
1335,13:30:42,2.96,-0.01,3,888,卖盘
1336,13:31:09,2.96,0.0,3,888,卖盘
1337,13:31:13,2.96,0.0,1,296,卖盘
1338,13:31:30,2.97,0.01,23,6831,买盘
1339,13:31:33,2.97,0.0,31,9188,买盘
1340,13:31:36,2.97,0.0,33,9801,买盘
1341,13:31:42,2.96,-0.01,2227,659197,卖盘
1342,13:31:51,2.96,0.0,125,37000,买盘
1343,13:32:04,2.96,0.0,4,1184,买盘
1344,13:32:18,2.96,0.0,294,87024,买盘
1345,13:32:27,2.95,-0.01,120,35420,卖盘
1346,13:32:45,2.95,0.0,115,33925,卖盘
1347,13:32:48,2.96,0.01,10,2960,买盘
1348,13:32:51,2.96,0.0,99,29304,买盘
1349,13:33:00,2.95,-0.01,21,6195,卖盘
1350,13:33:12,2.96,0.01,34,10064,买盘
1351,13:33:15,2.96,0.0,10,2960,买盘
1352,13:33:18,2.95,-0.01,33,9735,卖盘
1353,13:33:33,2.96,0.01,374,110704,买盘
1354,13:33:36,2.96,0.0,14,4144,买盘
1355,13:33:39,2.96,0.0,1,296,买盘
1356,13:33:45,2.96,0.0,100,29600,买盘
1357,13:33:54,2.96,0.0,1,296,买盘
1358,13:34:04,2.96,0.0,23,6800,买盘
1359,13:34:06,2.96,0.0,170,50152,买盘
1360,13:34:09,2.96,0.0,26,7675,买盘
1361,13:34:12,2.95,-0.01,6,1770,卖盘
1362,13:34:15,2.96,0.01,612,181379,买盘
1363,13:34:21,2.96,0.0,25,7400,卖盘
1364,13:34:24,2.96,0.0,46,13438,买盘
1365,13:34:30,2.96,0.0,164,48544,卖盘
1366,13:34:33,2.96,0.0,17,5032,卖盘
1367,13:34:48,2.96,0.0,63,18648,卖盘
1368,13:35:00,2.96,0.0,42,12432,卖盘
1369,13:35:12,2.97,0.01,99,29403,买盘
1370,13:35:24,2.96,-0.01,50,14800,卖盘
1371,13:35:30,2.96,0.0,54,15984,卖盘
1372,13:35:33,2.96,0.0,1,237,买盘
1373,13:35:36,2.96,0.0,14,4144,买盘
1374,13:35:57,2.96,0.0,10,2960,买盘
1375,13:36:00,2.96,0.0,12,3552,买盘
1376,13:36:06,2.96,0.0,10,2960,买盘
1377,13:36:12,2.96,0.0,50,14800,买盘
1378,13:36:15,2.95,-0.01,20,5910,卖盘
1379,13:36:24,2.96,0.01,25,7400,买盘
1380,13:36:27,2.96,0.0,711,210456,买盘
1381,13:36:33,2.96,0.0,10,2960,买盘
1382,13:36:36,2.95,-0.01,5,1475,卖盘
1383,13:36:42,2.96,0.01,468,138587,买盘
1384,13:36:45,2.95,-0.01,772,227886,卖盘
1385,13:36:51,2.96,0.01,30,8880,卖盘
1386,13:37:06,2.97,0.01,2,594,买盘
1387,13:37:09,2.96,-0.01,30,8880,卖盘
1388,13:37:15,2.97,0.01,2,594,买盘
1389,13:37:18,2.96,-0.01,159,47064,卖盘
1390,13:37:24,2.96,0.0,5,1480,卖盘
1391,13:37:34,2.97,0.01,5,1485,买盘
1392,13:37:36,2.97,0.0,1,297,买盘
1393,13:37:39,2.96,-0.01,3,888,卖盘
1394,13:37:42,2.96,0.0,67,19832,卖盘
1395,13:37:48,2.97,0.01,6,1782,买盘
1396,13:38:04,2.97,0.0,4,1188,买盘
1397,13:38:12,2.96,-0.01,319,94424,卖盘
1398,13:38:21,2.97,0.01,44,13068,买盘
1399,13:38:36,2.97,0.0,20,5940,买盘
1400,13:39:07,2.96,-0.01,4,1184,卖盘
1401,13:39:12,2.96,0.0,10,2960,卖盘
1402,13:39:33,2.97,0.01,278,82566,买盘
1403,13:39:37,2.97,0.0,3,891,买盘
1404,13:39:42,2.97,0.0,20,5940,买盘
1405,13:39:48,2.96,-0.01,172,50912,卖盘
1406,13:39:51,2.97,0.01,10,2970,买盘
1407,13:39:54,2.96,-0.01,4,1187,卖盘
1408,13:39:57,2.97,0.01,220,65314,买盘
1409,13:40:24,2.97,0.0,6,1782,卖盘
1410,13:40:57,2.97,0.0,215,63855,卖盘
1411,13:41:30,2.97,0.0,10,2970,买盘
1412,13:42:06,2.97,0.0,49,14553,买盘
1413,13:42:36,2.96,-0.01,157,46472,卖盘
1414,13:42:39,2.97,0.01,200,59400,买盘
1415,13:42:42,2.97,0.0,12,3564,买盘
1416,13:42:45,2.96,-0.01,628,185888,卖盘
1417,13:42:48,2.96,0.0,14,4154,卖盘
1418,13:42:54,2.97,0.01,163,48411,买盘
1419,13:42:58,2.97,0.0,2,594,卖盘
1420,13:43:01,2.97,0.0,2,594,卖盘
1421,13:43:12,2.97,0.0,18,5346,卖盘
1422,13:43:24,2.97,0.0,4,1188,卖盘
1423,13:43:33,2.97,0.0,3,891,卖盘
1424,13:43:36,2.98,0.01,10,2980,买盘
1425,13:43:39,2.97,-0.01,8,2376,卖盘
1426,13:43:45,2.97,0.0,4,1188,买盘
1427,13:43:51,2.98,0.01,3,894,买盘
1428,13:43:54,2.97,-0.01,4,1188,卖盘
1429,13:44:07,2.97,0.0,141,41877,卖盘
1430,13:44:15,2.97,0.0,47,13959,买盘
1431,13:44:24,2.97,0.0,4,1188,卖盘
1432,13:44:43,2.98,0.01,38,11324,买盘
1433,13:45:21,2.98,0.0,50,14900,买盘
1434,13:45:36,2.98,0.0,1,298,买盘
1435,13:45:39,2.98,0.0,100,29800,买盘
1436,13:46:30,2.98,0.0,1,298,买盘
1437,13:46:42,2.98,0.0,11,3278,买盘
1438,13:46:45,3.0,0.02,1712,512728,买盘
1439,13:46:48,3.0,0.0,66,19800,卖盘
1440,13:46:51,3.0,0.0,34,10200,卖盘
1441,13:46:54,3.0,0.0,20,6000,卖盘
1442,13:46:57,3.0,0.0,21,6300,卖盘
1443,13:47:00,3.0,0.0,17,5100,卖盘
1444,13:47:03,3.0,0.0,112,33600,卖盘
1445,13:47:06,3.0,0.0,256,77000,卖盘
1446,13:47:10,3.01,0.01,50,15050,买盘
1447,13:47:13,3.0,-0.01,44,13200,卖盘
1448,13:47:30,3.0,0.0,1,300,买盘
1449,13:47:33,3.0,0.0,13,3900,买盘
1450,13:47:42,3.0,0.0,8,2400,卖盘
1451,13:47:49,3.0,0.0,10,3000,买盘
1452,13:47:54,3.0,0.0,146,43800,买盘
1453,13:48:03,3.0,0.0,54,16200,卖盘
1454,13:48:09,3.0,0.0,19,5700,买盘
1455,13:48:21,3.0,0.0,23,6900,买盘
1456,13:48:34,2.99,-0.01,100,29900,卖盘
1457,13:48:42,3.0,0.01,5,1500,买盘
1458,13:49:04,2.98,-0.02,8,2384,卖盘
1459,13:49:12,2.98,0.0,6,1788,卖盘
1460,13:49:28,2.99,0.01,3,897,买盘
1461,13:49:30,2.99,0.0,3,897,买盘
1462,13:49:37,2.99,0.0,10,2990,买盘
1463,13:49:45,2.98,-0.01,23,6864,卖盘
1464,13:50:00,2.98,0.0,232,69136,卖盘
1465,13:50:09,2.97,-0.01,599,177949,卖盘
1466,13:50:12,2.97,0.0,74,21978,卖盘
1467,13:50:15,2.98,0.01,1,298,买盘
1468,13:50:36,2.98,0.0,1,298,买盘
1469,13:50:57,2.98,0.0,118,35164,买盘
1470,13:51:09,2.97,-0.01,15,4455,卖盘
1471,13:51:36,2.97,0.0,5,1485,卖盘
1472,13:51:51,2.97,0.0,10,2970,卖盘
1473,13:52:04,2.97,0.0,60,17820,卖盘
1474,13:52:06,2.97,0.0,184,54648,卖盘
1475,13:52:12,2.97,0.0,22,6534,卖盘
1476,13:52:18,2.97,0.0,48,14256,卖盘
1477,13:52:24,2.96,-0.01,5,1480,卖盘
1478,13:52:27,2.97,0.01,40,11880,买盘
1479,13:52:30,2.97,0.0,75,22275,买盘
1480,13:52:39,2.97,0.0,3,891,卖盘
1481,13:52:48,2.97,0.0,24,7128,卖盘
1482,13:53:33,2.98,0.01,60,17880,买盘
1483,13:53:57,2.98,0.0,50,14900,买盘
1484,13:54:00,2.97,-0.01,1,297,卖盘
1485,13:54:06,2.98,0.01,5,1486,买盘
1486,13:54:36,2.98,0.0,49,14602,买盘
1487,13:54:39,2.98,0.0,23,6854,卖盘
1488,13:54:42,2.98,0.0,29,8642,买盘
1489,13:54:45,2.98,0.0,10,2980,卖盘
1490,13:54:54,2.98,0.0,4,1192,卖盘
1491,13:54:57,2.98,0.0,28,8344,卖盘
1492,13:55:00,2.98,0.0,39,11622,卖盘
1493,13:55:24,2.97,-0.01,6,1782,卖盘
1494,13:55:28,2.98,0.01,2,596,买盘
1495,13:55:30,2.97,-0.01,19,5643,卖盘
1496,13:56:28,2.97,0.0,16,4752,卖盘
1497,13:56:33,2.98,0.01,218,64964,买盘
1498,13:56:57,2.99,0.01,5,1495,买盘
1499,13:57:15,2.99,0.0,2,598,买盘
1500,13:57:40,2.98,-0.01,405,120690,卖盘
1501,13:57:54,2.98,0.0,10,2980,买盘
1502,13:58:06,2.98,0.0,30,8940,买盘
1503,13:58:28,2.98,0.0,58,17284,买盘
1504,13:58:33,2.98,0.0,132,39336,买盘
1505,13:58:45,2.97,-0.01,606,180012,卖盘
1506,13:58:48,2.98,0.01,80,23840,买盘
1507,13:58:57,2.97,-0.01,1,297,卖盘
1508,13:59:00,2.98,0.01,1,298,买盘
1509,13:59:19,2.98,0.0,170,50660,买盘
1510,13:59:31,2.98,0.0,13,3874,买盘
1511,13:59:33,2.98,0.0,30,8940,买盘
1512,13:59:39,2.97,-0.01,4,1188,卖盘
1513,13:59:42,2.98,0.01,41,12218,买盘
1514,13:59:51,2.98,0.0,46,13708,买盘
1515,14:00:06,2.97,-0.01,176,52272,卖盘
1516,14:00:09,2.98,0.01,5,1490,买盘
1517,14:00:39,2.98,0.0,10,2980,买盘
1518,14:00:42,2.97,-0.01,28,8316,卖盘
1519,14:00:45,2.97,0.0,24,7128,卖盘
1520,14:00:57,2.97,0.0,100,29700,卖盘
1521,14:01:00,2.97,0.0,11,3267,卖盘
1522,14:01:09,2.97,0.0,9,2673,卖盘
1523,14:02:21,2.98,0.01,1,298,买盘
1524,14:02:33,2.97,-0.01,88,26136,卖盘
1525,14:02:39,2.97,0.0,20,5940,卖盘
1526,14:03:06,2.97,0.0,1,297,卖盘
1527,14:03:31,2.97,0.0,73,21681,卖盘
1528,14:03:36,2.97,0.0,24,7128,卖盘
1529,14:03:39,2.97,0.0,6,1782,卖盘
1530,14:03:51,2.97,0.0,189,56133,卖盘
1531,14:03:57,2.97,0.0,30,8910,卖盘
1532,14:04:04,2.97,0.0,107,31779,卖盘
1533,14:04:09,2.98,0.01,237,70626,买盘
1534,14:04:15,2.97,-0.01,6,1782,卖盘
1535,14:04:21,2.98,0.01,193,57606,买盘
1536,14:04:25,2.98,0.0,39,11622,卖盘
1537,14:04:37,2.98,0.0,30,8940,卖盘
1538,14:04:42,2.98,0.0,150,44700,卖盘
1539,14:04:51,2.98,0.0,5,1490,卖盘
1540,14:05:21,2.98,0.0,7,2086,卖盘
1541,14:05:45,2.99,0.01,10,2990,买盘
1542,14:05:54,2.98,-0.01,663,197482,卖盘
1543,14:06:12,2.97,-0.01,10,2970,卖盘
1544,14:06:15,2.98,0.01,135,40230,买盘
1545,14:06:21,2.98,0.0,246,73308,买盘
1546,14:06:36,2.97,-0.01,17,5061,卖盘
1547,14:06:51,2.97,0.0,50,14850,卖盘
1548,14:06:54,2.97,0.0,8,2376,卖盘
1549,14:07:04,2.97,0.0,31,9207,卖盘
1550,14:07:12,2.98,0.01,200,59600,买盘
1551,14:07:18,2.97,-0.01,159,47223,卖盘
1552,14:07:24,2.97,0.0,5,1485,卖盘
1553,14:07:36,2.98,0.01,171,51050,买盘
1554,14:07:39,2.98,0.0,3,894,卖盘
1555,14:07:51,2.98,0.0,1,298,卖盘
1556,14:08:06,2.98,0.0,169,50363,卖盘
1557,14:08:21,2.98,0.0,8,2384,卖盘
1558,14:08:24,2.98,0.0,2,596,卖盘
1559,14:08:30,2.98,0.0,300,89400,卖盘
1560,14:09:06,2.98,0.0,2,596,卖盘
1561,14:09:09,2.98,0.0,300,89400,卖盘
1562,14:09:58,2.98,0.0,24,7152,卖盘
1563,14:10:06,2.99,0.01,50,14950,买盘
1564,14:10:15,2.99,0.0,10,2990,买盘
1565,14:10:25,2.98,-0.01,6,1788,卖盘
1566,14:10:27,2.98,0.0,15,4470,卖盘
1567,14:10:30,2.99,0.01,1,299,买盘
1568,14:10:45,2.99,0.0,23,6877,买盘
1569,14:10:51,2.99,0.0,594,177606,买盘
1570,14:11:04,2.99,0.0,82,24518,卖盘
1571,14:11:30,2.99,0.0,467,139587,卖盘
1572,14:11:54,2.99,0.0,10,2990,买盘
1573,14:11:57,2.99,0.0,152,45448,买盘
1574,14:12:00,2.99,0.0,382,114218,买盘
1575,14:12:40,2.99,0.0,180,53820,卖盘
1576,14:13:09,3.0,0.01,111,33270,买盘
1577,14:13:15,2.99,-0.01,10,2990,卖盘
1578,14:13:21,2.99,0.0,9,2691,卖盘
1579,14:14:13,2.99,0.0,9,2691,卖盘
1580,14:14:21,3.0,0.01,20,6000,买盘
1581,14:15:00,3.0,0.0,30,9000,买盘
1582,14:15:09,3.0,0.0,5,1500,买盘
1583,14:15:15,2.99,-0.01,30,8970,卖盘
1584,14:15:18,2.99,0.0,160,47840,卖盘
1585,14:15:21,3.0,0.01,100,30000,买盘
1586,14:15:24,2.99,-0.01,150,44850,卖盘
1587,14:15:45,3.0,0.01,30,9000,买盘
1588,14:15:57,2.99,-0.01,39,11661,卖盘
1589,14:16:00,2.99,0.0,143,42757,卖盘
1590,14:16:21,2.98,-0.01,1,298,卖盘
1591,14:16:33,2.99,0.01,20,5980,买盘
1592,14:16:57,2.99,0.0,36,10764,买盘
1593,14:17:18,2.99,0.0,17,5083,买盘
1594,14:17:24,2.99,0.0,22,6578,卖盘
1595,14:17:51,2.99,0.0,18,5382,买盘
1596,14:17:57,2.99,0.0,3,897,卖盘
1597,14:18:00,2.99,0.0,12,3588,卖盘
1598,14:18:06,2.99,0.0,7,2093,买盘
1599,14:18:16,2.99,0.0,5,1495,买盘
1600,14:19:03,2.98,-0.01,14,4172,卖盘
1601,14:19:06,2.98,0.0,124,36952,卖盘
1602,14:19:15,2.98,0.0,5,1490,卖盘
1603,14:19:21,2.98,0.0,108,32184,卖盘
1604,14:19:27,2.98,0.0,806,240188,卖盘
1605,14:19:31,2.98,0.0,151,44998,卖盘
1606,14:19:43,2.98,0.0,617,183866,卖盘
1607,14:19:45,2.98,0.0,5,1490,卖盘
1608,14:19:49,2.98,0.0,89,26522,卖盘
1609,14:19:51,2.98,0.0,73,21754,卖盘
1610,14:19:54,2.98,0.0,30,8940,卖盘
1611,14:20:04,2.98,0.0,30,8940,卖盘
1612,14:20:06,2.98,0.0,158,47084,卖盘
1613,14:20:18,2.98,0.0,30,8940,买盘
1614,14:20:33,2.97,-0.01,6,1782,卖盘
1615,14:20:36,2.98,0.01,11,3278,买盘
1616,14:20:39,2.97,-0.01,1,297,卖盘
1617,14:20:48,2.97,0.0,111,32967,卖盘
1618,14:21:00,2.97,0.0,1,297,卖盘
1619,14:21:18,2.97,0.0,10,2970,卖盘
1620,14:21:24,2.97,0.0,11,3267,卖盘
1621,14:21:27,2.97,0.0,11,3267,卖盘
1622,14:21:33,2.97,0.0,30,8910,卖盘
1623,14:21:36,2.97,0.0,30,8910,卖盘
1624,14:21:39,2.97,0.0,6,1782,卖盘
1625,14:21:48,2.97,0.0,2,594,卖盘
1626,14:22:18,2.97,0.0,157,46629,卖盘
1627,14:22:24,2.97,0.0,4,1188,卖盘
1628,14:22:39,2.97,0.0,3,891,卖盘
1629,14:23:04,2.97,0.0,1,297,卖盘
1630,14:23:18,2.97,0.0,22,6534,卖盘
1631,14:23:30,2.97,0.0,2,594,卖盘
1632,14:23:33,2.98,0.01,28,8344,买盘
1633,14:23:51,2.97,-0.01,70,20790,卖盘
1634,14:23:57,2.97,0.0,10,2970,卖盘
1635,14:24:13,2.98,0.01,3,894,买盘
1636,14:24:21,2.97,-0.01,709,210573,卖盘
1637,14:24:24,2.98,0.01,80,23840,买盘
1638,14:24:27,2.97,-0.01,17,5049,卖盘
1639,14:24:33,2.97,0.0,2,594,卖盘
1640,14:25:04,2.97,0.0,20,5940,卖盘
1641,14:25:24,2.97,0.0,8,2376,卖盘
1642,14:25:45,2.97,0.0,3,891,卖盘
1643,14:26:07,2.97,0.0,184,54648,卖盘
1644,14:26:24,2.97,0.0,716,212652,卖盘
1645,14:26:30,2.97,0.0,5,1485,卖盘
1646,14:26:36,2.97,0.0,113,33561,卖盘
1647,14:26:39,2.98,0.01,3,894,买盘
1648,14:26:43,2.98,0.0,33,9834,买盘
1649,14:27:30,2.98,0.0,101,30098,买盘
1650,14:27:42,2.97,-0.01,2,594,卖盘
1651,14:27:45,2.97,0.0,3,891,卖盘
1652,14:27:48,2.97,0.0,377,111969,卖盘
1653,14:27:51,2.97,0.0,12,3564,卖盘
1654,14:28:30,2.97,0.0,20,5940,卖盘
1655,14:28:48,2.97,0.0,414,122958,卖盘
1656,14:28:57,2.97,0.0,85,25245,买盘
1657,14:29:04,2.97,0.0,1,297,卖盘
1658,14:29:09,2.97,0.0,2,594,卖盘
1659,14:29:12,2.97,0.0,51,15168,卖盘
1660,14:29:18,2.97,0.0,32,9504,卖盘
1661,14:29:21,2.97,0.0,2,594,卖盘
1662,14:29:36,2.97,0.0,3,891,卖盘
1663,14:29:39,2.97,0.0,20,5940,卖盘
1664,14:29:57,2.97,0.0,29,8613,卖盘
1665,14:30:06,2.97,0.0,44,13068,卖盘
1666,14:30:30,2.97,0.0,11,3268,卖盘
1667,14:30:57,2.98,0.01,10,2980,买盘
1668,14:31:04,2.98,0.0,12,3576,买盘
1669,14:31:18,2.98,0.0,20,5960,买盘
1670,14:31:21,2.97,-0.01,173,51381,卖盘
1671,14:31:27,2.98,0.01,14,4172,买盘
1672,14:31:46,2.98,0.0,50,14900,买盘
1673,14:32:04,2.98,0.0,4,1192,买盘
1674,14:32:27,2.97,-0.01,32,9504,卖盘
1675,14:32:54,2.97,0.0,1,297,卖盘
1676,14:33:27,2.97,0.0,50,14850,卖盘
1677,14:33:33,2.97,0.0,14,4158,卖盘
1678,14:33:48,2.98,0.01,6,1788,买盘
1679,14:34:04,2.98,0.0,1,298,买盘
1680,14:34:06,2.97,-0.01,168,49896,卖盘
1681,14:34:15,2.97,0.0,48,14256,卖盘
1682,14:34:31,2.97,0.0,17,5049,卖盘
1683,14:34:36,2.98,0.01,2,596,买盘
1684,14:34:42,2.98,0.0,7,2086,买盘
1685,14:35:30,2.97,-0.01,1,297,卖盘
1686,14:35:40,2.98,0.01,22,6556,买盘
1687,14:35:54,2.98,0.0,282,84036,买盘
1688,14:35:57,2.98,0.0,100,29800,买盘
1689,14:36:06,2.98,0.0,114,33972,买盘
1690,14:36:09,2.98,0.0,70,20860,买盘
1691,14:36:19,2.99,0.01,981,292520,买盘
1692,14:36:36,2.99,0.0,1,299,买盘
1693,14:36:51,2.99,0.0,200,59800,买盘
1694,14:36:55,2.99,0.0,14,4186,买盘
1695,14:36:58,2.99,0.0,99,29601,买盘
1696,14:37:19,2.99,0.0,10,2990,卖盘
1697,14:37:48,2.99,0.0,9,2691,卖盘
1698,14:37:51,3.0,0.01,22,6600,买盘
1699,14:37:57,2.99,-0.01,40,11960,卖盘
1700,14:38:06,2.99,0.0,383,114517,卖盘
1701,14:38:10,2.99,0.0,5,1495,买盘
1702,14:38:24,2.99,0.0,2,598,买盘
1703,14:38:33,2.99,0.0,8,2392,买盘
1704,14:38:36,2.99,0.0,46,13754,买盘
1705,14:38:57,2.99,0.0,33,9867,买盘
1706,14:39:00,2.99,0.0,343,102557,买盘
1707,14:39:48,2.98,-0.01,33,9837,卖盘
1708,14:39:52,2.98,0.0,30,8940,卖盘
1709,14:39:55,2.99,0.01,10,2990,买盘
1710,14:40:07,2.98,-0.01,30,8940,卖盘
1711,14:40:12,2.98,0.0,14,4172,卖盘
1712,14:40:36,2.99,0.01,92,27508,买盘
1713,14:40:42,2.98,-0.01,10,2980,卖盘
1714,14:40:45,2.98,0.0,89,26522,卖盘
1715,14:40:48,2.98,0.0,3,894,卖盘
1716,14:40:58,2.98,0.0,1,298,卖盘
1717,14:41:00,2.98,0.0,550,163950,卖盘
1718,14:41:15,2.98,0.0,40,11920,卖盘
1719,14:41:21,2.99,0.01,2,598,买盘
1720,14:41:33,2.98,-0.01,36,10728,卖盘
1721,14:41:45,2.98,0.0,420,125160,卖盘
1722,14:42:00,2.99,0.01,67,20033,买盘
1723,14:42:06,2.98,-0.01,417,124266,卖盘
1724,14:42:18,2.98,0.0,3,894,卖盘
1725,14:42:22,2.99,0.01,100,29900,买盘
1726,14:42:51,2.99,0.0,100,29900,买盘
1727,14:42:57,2.98,-0.01,30,8940,卖盘
1728,14:43:04,2.98,0.0,1,298,卖盘
1729,14:43:21,2.99,0.01,100,29900,买盘
1730,14:43:33,2.99,0.0,5,1495,买盘
1731,14:43:43,2.98,-0.01,2,596,卖盘
1732,14:43:45,2.98,0.0,30,8940,卖盘
1733,14:43:54,2.98,0.0,9,2682,卖盘
1734,14:44:00,2.99,0.01,186,55614,买盘
1735,14:44:06,2.98,-0.01,10,2980,卖盘
1736,14:44:09,2.98,0.0,20,5960,卖盘
1737,14:44:22,2.98,0.0,666,198468,卖盘
1738,14:44:25,2.98,0.0,43,12814,卖盘
1739,14:44:27,2.99,0.01,100,29900,买盘
1740,14:44:31,2.99,0.0,100,29900,买盘
1741,14:44:40,2.98,-0.01,56,16688,卖盘
1742,14:44:42,2.97,-0.01,33,9831,卖盘
1743,14:44:49,2.98,0.01,100,29800,买盘
1744,14:44:52,2.98,0.0,45,13410,买盘
1745,14:45:09,2.98,0.0,32,9536,中性盘
1746,14:45:24,2.98,0.0,20,5960,买盘
1747,14:45:28,2.98,0.0,20,5960,买盘
1748,14:45:48,2.98,0.0,255,75990,买盘
1749,14:45:51,2.98,0.0,1,298,买盘
1750,14:45:54,2.97,-0.01,305,90585,卖盘
1751,14:46:04,2.97,0.0,3,891,卖盘
1752,14:46:12,2.97,0.0,17,5049,卖盘
1753,14:46:28,2.98,0.01,21,6258,买盘
1754,14:46:31,2.97,-0.01,493,146421,卖盘
1755,14:46:34,2.97,0.0,10,2970,卖盘
1756,14:46:37,2.97,0.0,1206,358182,卖盘
1757,14:46:39,2.97,0.0,36,10692,买盘
1758,14:46:48,2.97,0.0,2,594,买盘
1759,14:46:54,2.97,0.0,111,32967,买盘
1760,14:47:06,2.97,0.0,10,2970,买盘
1761,14:47:24,2.97,0.0,10,2970,买盘
1762,14:47:43,2.97,0.0,100,29700,买盘
1763,14:47:48,2.97,0.0,200,59400,买盘
1764,14:47:51,2.96,-0.01,281,83376,卖盘
1765,14:47:54,2.97,0.01,123,36531,买盘
1766,14:47:57,2.97,0.0,2,594,卖盘
1767,14:48:04,2.97,0.0,50,14850,卖盘
1768,14:48:07,2.97,0.0,40,11880,卖盘
1769,14:48:09,2.97,0.0,520,154440,卖盘
1770,14:48:21,2.97,0.0,114,33858,卖盘
1771,14:48:24,2.97,0.0,430,127710,卖盘
1772,14:48:30,2.97,0.0,100,29700,买盘
1773,14:48:33,2.97,0.0,50,14850,买盘
1774,14:48:39,2.97,0.0,42,12474,买盘
1775,14:48:52,2.97,0.0,500,148500,卖盘
1776,14:48:58,2.97,0.0,95,28215,卖盘
1777,14:49:00,2.97,0.0,1,297,卖盘
1778,14:49:07,2.97,0.0,16,4752,卖盘
1779,14:49:09,2.97,0.0,500,148500,卖盘
1780,14:49:15,2.97,0.0,10,2970,卖盘
1781,14:49:18,2.98,0.01,53,15744,买盘
1782,14:49:21,2.97,-0.01,53,15741,卖盘
1783,14:49:34,2.97,0.0,20,5940,卖盘
1784,14:49:36,2.97,0.0,1,297,卖盘
1785,14:49:39,2.98,0.01,1,298,买盘
1786,14:49:42,2.97,-0.01,9,2673,卖盘
1787,14:49:46,2.97,0.0,30,8910,卖盘
1788,14:49:54,2.97,0.0,156,46332,卖盘
1789,14:49:57,2.97,0.0,116,34452,卖盘
1790,14:50:06,2.97,0.0,120,35640,卖盘
1791,14:50:09,2.97,0.0,3,891,买盘
1792,14:50:15,2.96,-0.01,236,69856,卖盘
1793,14:50:25,2.97,0.01,116,34452,买盘
1794,14:50:27,2.97,0.0,38,11286,买盘
1795,14:50:30,2.96,-0.01,63,18703,卖盘
1796,14:50:36,2.96,0.0,50,14800,卖盘
1797,14:50:42,2.96,0.0,500,148000,卖盘
1798,14:50:57,2.97,0.01,53,15741,卖盘
1799,14:51:04,2.97,0.0,84,24948,卖盘
1800,14:51:19,2.97,0.0,9,2673,买盘
1801,14:51:25,2.98,0.01,308,91725,买盘
1802,14:51:30,2.97,-0.01,3,891,买盘
1803,14:51:39,2.97,0.0,30,8910,卖盘
1804,14:51:49,2.98,0.01,11,3278,买盘
1805,14:51:55,2.97,-0.01,207,61479,卖盘
1806,14:52:00,2.97,0.0,20,5940,卖盘
1807,14:52:03,2.97,0.0,60,17820,卖盘
1808,14:52:06,2.97,0.0,14,4158,卖盘
1809,14:52:09,2.97,0.0,23,6831,卖盘
1810,14:52:15,2.98,0.01,100,29800,买盘
1811,14:52:22,2.97,-0.01,106,31482,卖盘
1812,14:52:24,2.97,0.0,100,29700,卖盘
1813,14:52:33,2.97,0.0,100,29700,卖盘
1814,14:52:36,2.97,0.0,200,59400,卖盘
1815,14:52:42,2.98,0.01,214,63663,买盘
1816,14:52:45,2.97,-0.01,40,11880,卖盘
1817,14:52:49,2.98,0.01,10,2980,买盘
1818,14:52:51,2.97,-0.01,194,57641,卖盘
1819,14:52:54,2.96,-0.01,36,10689,卖盘
1820,14:53:00,2.97,0.01,225,66737,买盘
1821,14:53:09,2.96,-0.01,80,23680,卖盘
1822,14:53:15,2.97,0.01,8,2376,买盘
1823,14:53:18,2.97,0.0,2,594,卖盘
1824,14:53:21,2.97,0.0,6,1782,买盘
1825,14:53:31,2.96,-0.01,22,6512,卖盘
1826,14:53:37,2.97,0.01,8,2376,买盘
1827,14:53:42,2.96,-0.01,3,888,卖盘
1828,14:53:45,2.96,0.0,45,13330,卖盘
1829,14:53:49,2.96,0.0,20,5920,卖盘
1830,14:53:54,2.97,0.01,170,50490,买盘
1831,14:54:04,2.96,-0.01,3,888,卖盘
1832,14:54:06,2.97,0.01,5,1485,买盘
1833,14:54:10,2.97,0.0,2,594,买盘
1834,14:54:18,2.96,-0.01,10,2960,卖盘
1835,14:54:24,2.97,0.01,30,8910,买盘
1836,14:54:30,2.96,-0.01,160,47360,卖盘
1837,14:54:33,2.96,0.0,2,592,卖盘
1838,14:54:36,2.97,0.01,70,20790,买盘
1839,14:54:45,2.96,-0.01,2,592,卖盘
1840,14:54:55,2.96,0.0,19,5624,卖盘
1841,14:54:58,2.96,0.0,911,269656,卖盘
1842,14:55:04,2.97,0.01,18,5346,买盘
1843,14:55:07,2.96,-0.01,100,29600,卖盘
1844,14:55:12,2.96,0.0,20,5920,卖盘
1845,14:55:18,2.96,0.0,173,51208,卖盘
1846,14:55:21,2.96,0.0,211,62656,卖盘
1847,14:55:27,2.96,0.0,33,9788,卖盘
1848,14:55:33,2.97,0.01,91,26939,买盘
1849,14:55:42,2.96,-0.01,10,2960,卖盘
1850,14:55:49,2.97,0.01,26,7722,买盘
1851,14:55:51,2.96,-0.01,876,259572,卖盘
1852,14:56:00,2.96,0.0,59,17464,卖盘
1853,14:56:03,2.96,0.0,64,18944,卖盘
1854,14:56:06,2.96,0.0,95,28120,卖盘
1855,14:56:09,2.96,0.0,5,1480,卖盘
1856,14:56:12,2.97,0.01,6,1782,买盘
1857,14:56:18,2.97,0.0,13,3855,买盘
1858,14:56:21,2.96,-0.01,292,86574,卖盘
1859,14:56:24,2.96,0.0,187,55352,卖盘
1860,14:56:33,2.96,0.0,106,31376,卖盘
1861,14:56:36,2.96,0.0,3,888,卖盘
1862,14:56:39,2.96,0.0,4,1184,卖盘
1863,14:56:42,2.96,0.0,116,34336,卖盘
1864,14:56:48,2.96,0.0,166,49136,卖盘
1865,14:56:54,2.96,0.0,100,29600,卖盘
1866,14:56:57,2.96,0.0,103,30488,卖盘
1867,15:00:04,2.96,0.0,2277,673992,卖盘
