,time,price,change,volume,amount,type
0,09:25:05,23.01,-0.5,1433,3297333,卖盘
1,09:30:01,23.0,-0.01,99,227758,卖盘
2,09:30:04,23.0,0.0,1421,3264772,卖盘
3,09:30:06,23.0,0.0,451,1036836,买盘
4,09:30:10,22.95,-0.05,360,827885,中性盘
5,09:30:13,22.95,0.0,25,57370,买盘
6,09:30:16,23.0,0.05,452,1037792,买盘
7,09:30:18,22.9,-0.1,197,451718,卖盘
8,09:30:22,22.9,0.0,295,675550,买盘
9,09:30:25,22.89,-0.01,304,696007,卖盘
10,09:30:27,22.84,-0.05,187,427584,卖盘
11,09:30:31,22.86,0.02,114,260440,买盘
12,09:30:34,22.86,0.0,49,111926,买盘
13,09:30:36,22.83,-0.03,62,141563,卖盘
14,09:30:40,22.84,0.01,127,290023,卖盘
15,09:30:42,22.84,0.0,199,454588,卖盘
16,09:30:45,22.83,-0.01,304,694674,卖盘
17,09:30:49,22.85,0.02,168,383685,买盘
18,09:30:51,22.83,-0.02,229,523127,卖盘
19,09:30:54,22.83,0.0,100,228444,卖盘
20,09:30:58,22.89,0.06,221,504905,买盘
21,09:31:01,22.83,-0.06,312,712113,卖盘
22,09:31:04,22.85,0.02,130,297170,卖盘
23,09:31:06,22.85,0.0,119,272111,卖盘
24,09:31:10,22.85,0.0,64,146347,买盘
25,09:31:13,22.85,0.0,52,118820,买盘
26,09:31:15,22.85,0.0,202,461540,卖盘
27,09:31:19,22.87,0.02,18,41186,中性盘
28,09:31:21,22.85,-0.02,177,404618,卖盘
29,09:31:24,22.9,0.05,134,306687,买盘
30,09:31:28,22.85,-0.05,124,283801,卖盘
31,09:31:31,22.85,0.0,289,660460,卖盘
32,09:31:34,22.83,-0.02,180,411264,卖盘
33,09:31:37,22.84,0.01,216,493296,买盘
34,09:31:39,22.83,-0.01,453,1033641,卖盘
35,09:31:42,22.8,-0.03,310,707351,卖盘
36,09:31:46,22.8,0.0,200,456336,卖盘
37,09:31:49,22.8,0.0,171,390002,卖盘
38,09:31:52,22.76,-0.04,96,218852,卖盘
39,09:31:55,22.76,0.0,84,191244,卖盘
40,09:31:57,22.73,-0.03,72,163824,卖盘
41,09:32:00,22.7,-0.03,273,620003,卖盘
42,09:32:04,22.68,-0.02,109,247592,卖盘
43,09:32:07,22.68,0.0,207,469431,卖盘
44,09:32:10,22.7,0.02,147,333478,买盘
45,09:32:13,22.64,-0.06,105,237947,卖盘
46,09:32:15,22.65,0.01,143,324031,买盘
47,09:32:19,22.64,-0.01,68,153972,卖盘
48,09:32:22,22.61,-0.03,104,235276,卖盘
49,09:32:25,22.6,-0.01,242,546974,卖盘
50,09:32:28,22.6,0.0,163,368297,买盘
51,09:32:30,22.59,-0.01,83,187483,卖盘
52,09:32:34,22.56,-0.03,125,282359,卖盘
53,09:32:36,22.53,-0.03,215,485175,卖盘
54,09:32:40,22.55,0.02,239,538853,中性盘
55,09:32:43,22.53,-0.02,612,1379763,卖盘
56,09:32:46,22.54,0.01,206,464301,卖盘
57,09:32:49,22.52,-0.02,570,1284011,卖盘
58,09:32:52,22.53,0.01,283,637599,买盘
59,09:32:55,22.53,0.0,149,335674,买盘
60,09:32:58,22.52,-0.01,471,1060868,卖盘
61,09:33:01,22.53,0.01,836,1882388,买盘
62,09:33:04,22.5,-0.03,415,934507,卖盘
63,09:33:06,22.51,0.01,78,175582,中性盘
64,09:33:10,22.5,-0.01,428,963170,卖盘
65,09:33:13,22.5,0.0,186,418578,卖盘
66,09:33:15,22.5,0.0,109,245235,买盘
67,09:33:19,22.49,-0.01,185,415668,中性盘
68,09:33:22,22.48,-0.01,99,223721,中性盘
69,09:33:25,22.48,0.0,104,233706,卖盘
70,09:33:27,22.48,0.0,51,114674,买盘
71,09:33:30,22.44,-0.04,143,321286,卖盘
72,09:33:34,22.48,0.04,77,172993,买盘
73,09:33:37,22.45,-0.03,232,521021,卖盘
74,09:33:39,22.43,-0.02,181,406114,卖盘
75,09:33:42,22.43,0.0,312,699764,卖盘
76,09:33:46,22.44,0.01,164,367859,买盘
77,09:33:48,22.4,-0.04,260,581380,卖盘
78,09:33:52,22.43,0.03,311,698000,买盘
79,09:33:55,22.48,0.05,334,750013,买盘
80,09:33:57,22.48,0.0,260,584761,卖盘
81,09:34:00,22.48,0.0,581,1307152,卖盘
82,09:34:03,22.52,0.04,665,1496754,买盘
83,09:34:06,22.51,-0.01,545,1227490,中性盘
84,09:34:10,22.56,0.05,257,579271,买盘
85,09:34:13,22.52,-0.04,189,425628,买盘
86,09:34:15,22.58,0.06,259,583473,买盘
87,09:34:19,22.55,-0.03,25,56417,中性盘
88,09:34:21,22.63,0.08,120,271325,买盘
89,09:34:24,22.58,-0.05,110,248773,卖盘
90,09:34:27,22.61,0.03,106,239737,中性盘
91,09:34:31,22.62,0.01,54,122128,买盘
92,09:34:34,22.6,-0.02,159,359497,卖盘
93,09:34:37,22.6,0.0,116,262280,卖盘
94,09:34:40,22.59,-0.01,420,949464,卖盘
95,09:34:42,22.61,0.02,230,519688,买盘
96,09:34:46,22.61,0.0,151,341313,买盘
97,09:34:48,22.61,0.0,95,214780,买盘
98,09:34:52,22.62,0.01,76,171842,买盘
99,09:34:54,22.61,-0.01,97,219343,卖盘
100,09:34:57,22.62,0.01,171,385665,买盘
101,09:35:00,22.63,0.01,131,296445,买盘
102,09:35:04,22.61,-0.02,326,737524,卖盘
103,09:35:06,22.65,0.04,77,175738,买盘
104,09:35:10,22.63,-0.02,77,174289,卖盘
105,09:35:13,22.64,0.01,15,33981,中性盘
106,09:35:15,22.64,0.0,43,97349,买盘
107,09:35:19,22.65,0.01,102,231009,卖盘
108,09:35:22,22.65,0.0,101,228845,买盘
109,09:35:24,22.65,0.0,50,113280,卖盘
110,09:35:27,22.68,0.03,156,353642,买盘
111,09:35:31,22.68,0.0,121,274338,买盘
112,09:35:34,22.67,-0.01,119,269929,卖盘
113,09:35:37,22.68,0.01,54,122504,卖盘
114,09:35:40,22.68,0.0,17,38568,卖盘
115,09:35:42,22.7,0.02,21,47691,卖盘
116,09:35:45,22.7,0.0,147,333807,卖盘
117,09:35:49,22.69,-0.01,502,1140366,卖盘
118,09:35:52,22.7,0.01,157,356717,买盘
119,09:35:55,22.7,0.0,169,383692,卖盘
120,09:35:57,22.68,-0.02,342,776038,卖盘
121,09:36:00,22.67,-0.01,457,1036383,卖盘
122,09:36:04,22.67,0.0,115,260778,买盘
123,09:36:06,22.74,0.07,446,1012321,买盘
124,09:36:09,22.72,-0.02,48,109056,卖盘
125,09:36:13,22.72,0.0,287,652064,卖盘
126,09:36:15,22.73,0.01,258,586167,买盘
127,09:36:19,22.72,-0.01,88,199936,卖盘
128,09:36:21,22.7,-0.02,65,147546,卖盘
129,09:36:24,22.69,-0.01,66,149760,卖盘
130,09:36:27,22.68,-0.01,35,79385,卖盘
131,09:36:30,22.69,0.01,15,34032,买盘
132,09:36:33,22.68,-0.01,217,492555,卖盘
133,09:36:36,22.72,0.04,50,113440,买盘
134,09:36:39,22.68,-0.04,215,487636,卖盘
135,09:36:42,22.69,0.01,34,77146,卖盘
136,09:36:46,22.71,0.02,103,233725,买盘
137,09:36:48,22.69,-0.02,124,281478,卖盘
138,09:36:51,22.69,0.0,54,122514,卖盘
139,09:36:54,22.68,-0.01,44,99801,卖盘
140,09:36:57,22.67,-0.01,59,133764,卖盘
141,09:37:00,22.68,0.01,188,426087,买盘
142,09:37:04,22.66,-0.02,232,526022,卖盘
143,09:37:06,22.67,0.01,27,61211,买盘
144,09:37:09,22.65,-0.02,110,249165,卖盘
145,09:37:12,22.64,-0.01,48,108706,卖盘
146,09:37:16,22.65,0.01,39,88317,买盘
147,09:37:18,22.65,0.0,76,172041,买盘
148,09:37:21,22.64,-0.01,22,49825,中性盘
149,09:37:24,22.63,-0.01,57,129062,卖盘
150,09:37:28,22.64,0.01,202,457906,卖盘
151,09:37:30,22.63,-0.01,76,172049,卖盘
152,09:37:33,22.63,0.0,51,115489,卖盘
153,09:37:36,22.64,0.01,26,58840,买盘
154,09:37:40,22.63,-0.01,274,619804,卖盘
155,09:37:42,22.64,0.01,159,359825,买盘
156,09:37:45,22.64,0.0,42,95060,买盘
157,09:37:48,22.64,0.0,196,443653,买盘
158,09:37:51,22.63,-0.01,22,49807,卖盘
159,09:37:54,22.63,0.0,22,49788,卖盘
160,09:37:57,22.64,0.01,66,149373,买盘
161,09:38:00,22.63,-0.01,24,54318,中性盘
162,09:38:04,22.63,0.0,35,79231,卖盘
163,09:38:06,22.64,0.01,22,49802,买盘
164,09:38:10,22.63,-0.01,97,219597,卖盘
165,09:38:13,22.64,0.01,98,221830,买盘
166,09:38:15,22.64,0.0,41,92765,买盘
167,09:38:18,22.63,-0.01,97,219586,卖盘
168,09:38:21,22.65,0.02,71,160721,买盘
169,09:38:24,22.64,-0.01,70,158531,卖盘
170,09:38:27,22.64,0.0,122,276233,卖盘
171,09:38:30,22.63,-0.01,191,432442,卖盘
172,09:38:34,22.65,0.02,104,235528,买盘
173,09:38:37,22.65,0.0,12,27182,卖盘
174,09:38:40,22.63,-0.02,95,215158,卖盘
175,09:38:43,22.65,0.02,14,31710,买盘
176,09:38:45,22.63,-0.02,15,33945,卖盘
177,09:38:48,22.63,0.0,51,115454,卖盘
178,09:38:51,22.64,0.01,20,45265,买盘
179,09:38:54,22.63,-0.01,74,167505,卖盘
180,09:38:57,22.64,0.01,26,58853,中性盘
181,09:39:01,22.62,-0.02,56,126730,卖盘
182,09:39:04,22.62,0.0,147,332588,卖盘
183,09:39:06,22.64,0.02,158,357632,买盘
184,09:39:10,22.64,0.0,68,153952,卖盘
185,09:39:12,22.63,-0.01,50,113194,卖盘
186,09:39:15,22.63,0.0,55,124523,卖盘
187,09:39:18,22.64,0.01,21,47538,中性盘
188,09:39:22,22.64,0.0,131,296674,卖盘
189,09:39:24,22.63,-0.01,60,135782,卖盘
190,09:39:28,22.62,-0.01,57,128939,卖盘
191,09:39:30,22.62,0.0,223,504226,买盘
192,09:39:33,22.61,-0.01,79,178624,卖盘
193,09:39:36,22.6,-0.01,115,259961,卖盘
194,09:39:40,22.61,0.01,85,192107,中性盘
195,09:39:43,22.58,-0.03,273,616695,卖盘
196,09:39:46,22.58,0.0,152,343303,卖盘
197,09:39:49,22.58,0.0,290,654183,卖盘
198,09:39:51,22.52,-0.06,64,144264,卖盘
199,09:39:54,22.51,-0.01,139,313023,卖盘
200,09:39:58,22.51,0.0,53,119354,卖盘
201,09:40:00,22.5,-0.01,172,387175,卖盘
202,09:40:03,22.5,0.0,450,1012608,卖盘
203,09:40:07,22.49,-0.01,114,254957,卖盘
204,09:40:10,22.49,0.0,124,278858,卖盘
205,09:40:13,22.47,-0.02,79,177576,中性盘
206,09:40:15,22.47,0.0,32,71864,买盘
207,09:40:19,22.47,0.0,27,60634,买盘
208,09:40:22,22.45,-0.02,110,246969,卖盘
209,09:40:24,22.45,0.0,43,96512,卖盘
210,09:40:27,22.45,0.0,10,22450,买盘
211,09:40:31,22.45,0.0,15,33675,买盘
212,09:40:33,22.44,-0.01,45,100993,卖盘
213,09:40:37,22.43,-0.01,185,414813,卖盘
214,09:40:40,22.41,-0.02,67,150174,卖盘
215,09:40:42,22.4,-0.01,170,382799,卖盘
216,09:40:46,22.41,0.01,70,156867,买盘
217,09:40:49,22.41,0.0,240,537697,买盘
218,09:40:51,22.41,0.0,280,627368,买盘
219,09:40:54,22.4,-0.01,499,1117812,卖盘
220,09:40:57,22.4,0.0,193,430497,卖盘
221,09:41:00,22.4,0.0,304,680954,买盘
222,09:41:04,22.39,-0.01,364,817027,中性盘
223,09:41:07,22.38,-0.01,239,533204,卖盘
224,09:41:09,22.37,-0.01,144,324014,卖盘
225,09:41:12,22.37,0.0,73,163389,卖盘
226,09:41:15,22.39,0.02,215,481301,买盘
227,09:41:19,22.39,0.0,35,78366,卖盘
228,09:41:22,22.4,0.01,104,232910,买盘
229,09:41:25,22.41,0.01,230,514601,买盘
230,09:41:27,22.42,0.01,87,195077,中性盘
231,09:41:30,22.45,0.03,217,487120,买盘
232,09:41:33,22.49,0.04,244,547986,买盘
233,09:41:36,22.5,0.01,107,240584,买盘
234,09:41:39,22.5,0.0,64,143996,买盘
235,09:41:42,22.46,-0.04,75,168554,卖盘
236,09:41:46,22.5,0.04,206,463403,买盘
237,09:41:48,22.48,-0.02,38,85492,卖盘
238,09:41:52,22.49,0.01,19,42711,买盘
239,09:41:54,22.51,0.02,19,42766,买盘
240,09:41:57,22.5,-0.01,102,229535,卖盘
241,09:42:01,22.51,0.01,1,2251,中性盘
242,09:42:04,22.53,0.02,83,186851,卖盘
243,09:42:07,22.53,0.0,32,72099,卖盘
244,09:42:09,22.56,0.03,30,67611,买盘
245,09:42:12,22.56,0.0,38,85700,买盘
246,09:42:15,22.56,0.0,217,488875,买盘
247,09:42:19,22.55,-0.01,65,146588,卖盘
248,09:42:21,22.51,-0.04,95,214181,卖盘
249,09:42:24,22.56,0.05,70,157853,买盘
250,09:42:27,22.56,0.0,10,22546,买盘
251,09:42:30,22.54,-0.02,74,166883,卖盘
252,09:42:34,22.52,-0.02,75,169068,卖盘
253,09:42:36,22.54,0.02,13,29300,买盘
254,09:42:39,22.56,0.02,24,54096,买盘
255,09:42:42,22.57,0.01,105,236885,买盘
256,09:42:46,22.57,0.0,21,47392,买盘
257,09:42:48,22.58,0.01,61,137672,买盘
258,09:42:51,22.57,-0.01,10,22570,买盘
259,09:42:54,22.58,0.01,122,275376,买盘
260,09:42:57,22.59,0.01,5,11295,买盘
261,09:43:01,22.58,-0.01,50,113035,卖盘
262,09:43:04,22.61,0.03,3,6783,中性盘
263,09:43:06,22.62,0.01,1,2262,买盘
264,09:43:09,22.61,-0.01,52,117596,卖盘
265,09:43:12,22.62,0.01,30,67860,买盘
266,09:43:15,22.61,-0.01,104,235337,卖盘
267,09:43:19,22.62,0.01,1,2262,卖盘
268,09:43:21,22.62,0.0,59,133458,卖盘
269,09:43:24,22.63,0.01,62,140306,买盘
270,09:43:27,22.64,0.01,23,52069,买盘
271,09:43:30,22.64,0.0,1,2264,中性盘
272,09:43:33,22.64,0.0,5,11320,卖盘
273,09:43:36,22.65,0.01,8,18120,买盘
274,09:43:39,22.66,0.01,3,6798,买盘
275,09:43:42,22.69,0.03,182,412431,买盘
276,09:43:45,22.67,-0.02,14,31758,卖盘
277,09:43:48,22.69,0.02,2,4538,买盘
278,09:43:51,22.68,-0.01,7,15878,卖盘
279,09:43:54,22.69,0.01,192,435798,买盘
280,09:43:57,22.7,0.01,17,38590,买盘
281,09:44:00,22.7,0.0,155,351850,买盘
282,09:44:04,22.75,0.05,316,718235,买盘
283,09:44:06,22.77,0.02,24,54603,买盘
284,09:44:09,22.76,-0.01,5,11380,中性盘
285,09:44:12,22.77,0.01,3,6831,买盘
286,09:44:16,22.79,0.02,18,41016,买盘
287,09:44:18,22.8,0.01,52,118519,买盘
288,09:44:22,22.8,0.0,16,36492,卖盘
289,09:44:25,22.83,0.03,30,68446,买盘
290,09:44:27,22.82,-0.01,17,38794,卖盘
291,09:44:30,22.83,0.01,66,150688,买盘
292,09:44:33,22.84,0.01,35,79918,中性盘
293,09:44:36,22.84,0.0,56,128044,卖盘
294,09:44:40,22.84,0.0,19,43426,卖盘
295,09:44:43,22.84,0.0,5,11422,卖盘
296,09:44:45,22.85,0.01,21,47999,卖盘
297,09:44:48,22.86,0.01,45,102848,买盘
298,09:44:51,22.85,-0.01,45,102845,卖盘
299,09:44:54,22.86,0.01,127,290295,买盘
300,09:44:57,22.86,0.0,51,116587,卖盘
301,09:45:00,22.85,-0.01,170,388625,卖盘
302,09:45:03,22.86,0.01,140,319955,买盘
303,09:45:07,22.86,0.0,63,143984,买盘
304,09:45:10,22.84,-0.02,123,280934,卖盘
305,09:45:12,22.85,0.01,61,139340,买盘
306,09:45:15,22.83,-0.02,11,25113,卖盘
307,09:45:18,22.85,0.02,58,132522,买盘
308,09:45:22,22.84,-0.01,27,61670,卖盘
309,09:45:24,22.84,0.0,76,173570,卖盘
310,09:45:27,22.83,-0.01,67,153015,卖盘
311,09:45:30,22.84,0.01,5,11420,买盘
312,09:45:33,22.83,-0.01,17,38811,卖盘
313,09:45:36,22.83,0.0,10,22830,卖盘
314,09:45:39,22.84,0.01,9,20548,买盘
315,09:45:43,22.84,0.0,23,52510,买盘
316,09:45:45,22.83,-0.01,17,38816,卖盘
317,09:45:48,22.84,0.01,3,6852,买盘
318,09:45:51,22.84,0.0,7,15983,买盘
319,09:45:55,22.83,-0.01,14,31965,卖盘
320,09:45:57,22.83,0.0,1,2283,买盘
321,09:46:00,22.82,-0.01,10,22821,卖盘
322,09:46:04,22.82,0.0,10,22825,卖盘
323,09:46:06,22.82,0.0,17,37972,卖盘
324,09:46:09,22.82,0.0,50,114922,卖盘
325,09:46:13,22.82,0.0,19,43358,买盘
326,09:46:16,22.82,0.0,4,9125,买盘
327,09:46:18,22.82,0.0,315,718288,买盘
328,09:46:21,22.81,-0.01,33,75273,卖盘
329,09:46:24,22.81,0.0,62,141437,买盘
330,09:46:28,22.8,-0.01,104,237148,卖盘
331,09:46:30,22.8,0.0,7,15956,买盘
332,09:46:33,22.79,-0.01,3,6837,卖盘
333,09:46:37,22.79,0.0,9,20511,卖盘
334,09:46:40,22.79,0.0,10,22790,卖盘
335,09:46:42,22.79,0.0,17,38701,买盘
336,09:46:45,22.75,-0.04,119,270791,卖盘
337,09:46:48,22.75,0.0,10,22756,卖盘
338,09:46:54,22.76,0.01,16,36436,卖盘
339,09:46:57,22.75,-0.01,239,543753,卖盘
340,09:47:00,22.78,0.03,106,241414,买盘
341,09:47:04,22.78,0.0,14,31895,卖盘
342,09:47:06,22.78,0.0,33,75193,卖盘
343,09:47:09,22.78,0.0,9,20502,卖盘
344,09:47:13,22.78,0.0,76,173192,卖盘
345,09:47:15,22.79,0.01,50,113947,买盘
346,09:47:18,22.8,0.01,60,136801,卖盘
347,09:47:21,22.8,0.0,168,382331,卖盘
348,09:47:24,22.81,0.01,9,20522,买盘
349,09:47:27,22.8,-0.01,5,11402,卖盘
350,09:47:30,22.78,-0.02,164,373742,卖盘
351,09:47:33,22.8,0.02,239,544427,买盘
352,09:47:37,22.8,0.0,5,11400,卖盘
353,09:47:39,22.8,0.0,20,45604,卖盘
354,09:47:42,22.83,0.03,37,84495,买盘
355,09:47:45,22.83,0.0,8,18258,买盘
356,09:47:48,22.83,0.0,10,22830,买盘
357,09:47:54,22.84,0.01,11,25796,买盘
358,09:47:57,22.83,-0.01,2,4566,卖盘
359,09:48:00,22.83,0.0,25,57080,卖盘
360,09:48:04,22.83,0.0,15,34247,卖盘
361,09:48:06,22.83,0.0,24,54806,卖盘
362,09:48:09,22.83,0.0,35,79924,卖盘
363,09:48:12,22.83,0.0,15,34264,卖盘
364,09:48:15,22.83,0.0,56,127850,卖盘
365,09:48:18,22.83,0.0,81,184238,卖盘
366,09:48:22,22.82,-0.01,75,171156,卖盘
367,09:48:25,22.81,-0.01,30,68429,卖盘
368,09:48:28,22.81,0.0,26,59286,买盘
369,09:48:30,22.81,0.0,4,9123,买盘
370,09:48:33,22.8,-0.01,9,20526,卖盘
371,09:48:36,22.81,0.01,38,86676,买盘
372,09:48:40,22.8,-0.01,35,79794,卖盘
373,09:48:42,22.8,0.0,10,22800,买盘
374,09:48:45,22.81,0.01,68,155057,买盘
375,09:48:51,22.8,-0.01,12,27360,卖盘
376,09:48:54,22.81,0.01,6,13683,买盘
377,09:48:57,22.8,-0.01,8,18240,中性盘
378,09:49:00,22.77,-0.03,29,66056,卖盘
379,09:49:04,22.78,0.01,9,20507,中性盘
380,09:49:06,22.77,-0.01,49,111584,卖盘
381,09:49:09,22.77,0.0,32,72863,买盘
382,09:49:12,22.78,0.01,43,97951,买盘
383,09:49:15,22.77,-0.01,19,43263,中性盘
384,09:49:19,22.77,0.0,31,70567,卖盘
385,09:49:22,22.77,0.0,29,66033,买盘
386,09:49:25,22.76,-0.01,26,59178,卖盘
387,09:49:27,22.77,0.01,2,4554,买盘
388,09:49:30,22.77,0.0,5,11385,买盘
389,09:49:33,22.76,-0.01,20,45520,卖盘
390,09:49:39,22.76,0.0,17,38692,卖盘
391,09:49:42,22.75,-0.01,25,56882,卖盘
392,09:49:45,22.76,0.01,51,116036,买盘
393,09:49:49,22.75,-0.01,80,182020,卖盘
394,09:49:52,22.75,0.0,52,118302,卖盘
395,09:49:55,22.76,0.01,21,47780,买盘
396,09:49:57,22.76,0.0,10,22756,买盘
397,09:50:00,22.75,-0.01,17,38685,卖盘
398,09:50:03,22.75,0.0,11,25025,卖盘
399,09:50:06,22.75,0.0,72,163800,卖盘
400,09:50:09,22.75,0.0,15,34125,买盘
401,09:50:13,22.74,-0.01,7,15923,卖盘
402,09:50:16,22.74,0.0,18,40942,卖盘
403,09:50:19,22.74,0.0,67,152358,卖盘
404,09:50:21,22.71,-0.03,38,86366,卖盘
405,09:50:24,22.74,0.03,18,40911,买盘
406,09:50:30,22.71,-0.03,3,6813,卖盘
407,09:50:33,22.71,0.0,98,222804,卖盘
408,09:50:39,22.71,0.0,47,106738,卖盘
409,09:50:42,22.72,0.01,9,20444,买盘
410,09:50:45,22.7,-0.02,17,38600,卖盘
411,09:50:48,22.72,0.02,31,70432,买盘
412,09:50:51,22.71,-0.01,20,45425,卖盘
413,09:50:54,22.75,0.04,61,138740,买盘
414,09:50:57,22.75,0.0,33,75095,卖盘
415,09:51:00,22.76,0.01,21,47781,买盘
416,09:51:03,22.75,-0.01,33,75075,卖盘
417,09:51:06,22.76,0.01,27,61448,买盘
418,09:51:12,22.75,-0.01,29,65976,卖盘
419,09:51:15,22.75,0.0,18,40943,买盘
420,09:51:22,22.75,0.0,2,4550,买盘
421,09:51:25,22.72,-0.03,25,56803,卖盘
422,09:51:27,22.75,0.03,10,22740,买盘
423,09:51:30,22.75,0.0,1,2275,买盘
424,09:51:33,22.75,0.0,10,22740,买盘
425,09:51:36,22.75,0.0,4,9100,买盘
426,09:51:39,22.72,-0.03,10,22721,卖盘
427,09:51:42,22.75,0.03,28,63697,买盘
428,09:51:46,22.74,-0.01,7,15920,卖盘
429,09:51:48,22.75,0.01,45,102338,买盘
430,09:51:52,22.71,-0.04,100,227223,卖盘
431,09:51:55,22.75,0.04,34,77340,买盘
432,09:51:58,22.73,-0.02,66,150008,卖盘
433,09:52:00,22.73,0.0,14,31822,买盘
434,09:52:04,22.73,0.0,58,131826,买盘
435,09:52:06,22.73,0.0,3,6819,买盘
436,09:52:09,22.72,-0.01,92,209026,卖盘
437,09:52:12,22.73,0.01,56,127291,买盘
438,09:52:15,22.73,0.0,4,9092,卖盘
439,09:52:18,22.73,0.0,1,2273,卖盘
440,09:52:21,22.71,-0.02,56,127230,卖盘
441,09:52:24,22.71,0.0,16,36365,卖盘
442,09:52:28,22.74,0.03,10,22740,买盘
443,09:52:31,22.74,0.0,5,11370,买盘
444,09:52:33,22.7,-0.04,66,149888,卖盘
445,09:52:36,22.71,0.01,9,20439,买盘
446,09:52:42,22.7,-0.01,35,79450,卖盘
447,09:52:45,22.7,0.0,49,111230,卖盘
448,09:52:48,22.7,0.0,109,247430,卖盘
449,09:52:51,22.69,-0.01,25,56749,卖盘
450,09:52:54,22.69,0.0,6,13617,卖盘
451,09:52:57,22.7,0.01,60,136195,买盘
452,09:53:00,22.7,0.0,11,24965,买盘
453,09:53:04,22.69,-0.01,13,29507,卖盘
454,09:53:06,22.7,0.01,32,72613,买盘
455,09:53:09,22.7,0.0,3,6809,买盘
456,09:53:12,22.68,-0.02,158,358453,卖盘
457,09:53:15,22.7,0.02,22,49920,买盘
458,09:53:18,22.68,-0.02,64,145152,卖盘
459,09:53:22,22.68,0.0,16,36289,卖盘
460,09:53:25,22.67,-0.01,65,147457,卖盘
461,09:53:30,22.67,0.0,2,4535,卖盘
462,09:53:33,22.68,0.01,3,6804,中性盘
463,09:53:39,22.7,0.02,29,65800,买盘
464,09:53:42,22.68,-0.02,15,34034,中性盘
465,09:53:46,22.68,0.0,13,29484,卖盘
466,09:53:48,22.7,0.02,1,2270,买盘
467,09:53:51,22.67,-0.03,65,147368,卖盘
468,09:53:54,22.66,-0.01,10,22667,卖盘
469,09:53:57,22.67,0.01,50,113350,买盘
470,09:54:00,22.66,-0.01,8,18137,卖盘
471,09:54:04,22.66,0.0,3,6798,卖盘
472,09:54:06,22.66,0.0,18,40794,卖盘
473,09:54:09,22.68,0.02,10,22680,买盘
474,09:54:12,22.68,0.0,14,31739,买盘
475,09:54:15,22.67,-0.01,22,49884,卖盘
476,09:54:19,22.68,0.01,1,2268,买盘
477,09:54:22,22.69,0.01,1,2269,买盘
478,09:54:24,22.68,-0.01,58,131601,卖盘
479,09:54:27,22.68,0.0,37,83954,卖盘
480,09:54:30,22.7,0.02,46,104348,买盘
481,09:54:33,22.68,-0.02,8,18156,卖盘
482,09:54:36,22.7,0.02,14,31780,买盘
483,09:54:39,22.7,0.0,31,70364,买盘
484,09:54:42,22.69,-0.01,41,93055,卖盘
485,09:54:45,22.7,0.01,52,118013,中性盘
486,09:54:51,22.7,0.0,10,22700,买盘
487,09:54:54,22.7,0.0,28,63534,买盘
488,09:54:57,22.7,0.0,32,72640,买盘
489,09:55:00,22.7,0.0,10,22700,买盘
490,09:55:04,22.69,-0.01,55,124795,卖盘
491,09:55:06,22.7,0.01,23,52209,买盘
492,09:55:09,22.7,0.0,11,24970,买盘
493,09:55:15,22.69,-0.01,3,6807,卖盘
494,09:55:18,22.7,0.01,53,120269,买盘
495,09:55:22,22.7,0.0,4,9079,买盘
496,09:55:24,22.68,-0.02,4,9074,卖盘
497,09:55:27,22.63,-0.05,323,731720,卖盘
498,09:55:30,22.69,0.06,15,34035,卖盘
499,09:55:33,22.69,0.0,20,45397,卖盘
500,09:55:36,22.7,0.01,24,54459,买盘
501,09:55:39,22.7,0.0,34,77178,买盘
502,09:55:43,22.68,-0.02,28,63511,卖盘
503,09:55:46,22.63,-0.05,4,9057,卖盘
504,09:55:49,22.68,0.05,21,47628,买盘
505,09:55:52,22.6,-0.08,100,226209,卖盘
506,09:55:54,22.65,0.05,3,6795,卖盘
507,09:56:00,22.65,0.0,18,40792,卖盘
508,09:56:03,22.63,-0.02,19,43029,卖盘
509,09:56:06,22.65,0.02,5,11325,买盘
510,09:56:10,22.63,-0.02,4,9058,卖盘
511,09:56:13,22.63,0.0,1,2263,卖盘
512,09:56:15,22.63,0.0,30,67899,卖盘
513,09:56:18,22.67,0.04,62,140412,买盘
514,09:56:21,22.65,-0.02,88,199322,卖盘
515,09:56:24,22.65,0.0,3,6795,卖盘
516,09:56:30,22.67,0.02,35,79345,买盘
517,09:56:33,22.65,-0.02,70,158628,卖盘
518,09:56:37,22.65,0.0,15,33981,卖盘
519,09:56:40,22.65,0.0,1,2265,买盘
520,09:56:42,22.64,-0.01,25,56555,卖盘
521,09:56:45,22.65,0.01,14,31704,买盘
522,09:56:48,22.64,-0.01,1,2264,卖盘
523,09:56:51,22.65,0.01,10,22650,买盘
524,09:56:54,22.68,0.03,42,95153,买盘
525,09:57:04,22.64,-0.04,3,6792,卖盘
526,09:57:06,22.62,-0.02,78,176561,卖盘
527,09:57:09,22.63,0.01,19,42997,买盘
528,09:57:12,22.63,0.0,9,20362,买盘
529,09:57:15,22.63,0.0,3,6793,卖盘
530,09:57:24,22.63,0.0,31,70152,卖盘
531,09:57:27,22.65,0.02,3,6793,买盘
532,09:57:30,22.65,0.0,11,24915,买盘
533,09:57:36,22.63,-0.02,10,22630,卖盘
534,09:57:39,22.63,0.0,10,22630,卖盘
535,09:57:42,22.66,0.03,7,15862,买盘
536,09:57:45,22.66,0.0,3,6798,卖盘
537,09:57:48,22.65,-0.01,30,67971,卖盘
538,09:57:52,22.66,0.01,69,156123,买盘
539,09:57:54,22.66,0.0,88,199322,买盘
540,09:57:57,22.62,-0.04,41,92846,卖盘
541,09:58:00,22.62,0.0,2,4527,卖盘
542,09:58:03,22.65,0.03,3,6795,买盘
543,09:58:09,22.63,-0.02,3,6789,卖盘
544,09:58:13,22.63,0.0,26,58861,卖盘
545,09:58:15,22.63,0.0,2,4526,卖盘
546,09:58:18,22.64,0.01,3,6792,买盘
547,09:58:21,22.6,-0.04,234,529104,卖盘
548,09:58:24,22.64,0.04,9,20379,卖盘
549,09:58:27,22.64,0.0,7,15848,中性盘
550,09:58:30,22.64,0.0,40,90560,卖盘
551,09:58:33,22.63,-0.01,59,133524,卖盘
552,09:58:39,22.64,0.01,4,9056,买盘
553,09:58:42,22.63,-0.01,10,22630,卖盘
554,09:58:45,22.59,-0.04,65,146931,卖盘
555,09:58:48,22.63,0.04,9,20367,买盘
556,09:58:54,22.63,0.0,2,4526,买盘
557,09:58:57,22.61,-0.02,2,4522,卖盘
558,09:59:00,22.63,0.02,103,232688,买盘
559,09:59:04,22.64,0.01,40,90541,买盘
560,09:59:09,22.57,-0.07,239,539676,卖盘
561,09:59:12,22.61,0.04,17,38435,买盘
562,09:59:25,22.64,0.03,10,22640,买盘
563,09:59:30,22.62,-0.02,1,2262,卖盘
564,09:59:33,22.62,0.0,4,9048,卖盘
565,09:59:36,22.63,0.01,1,2263,买盘
566,09:59:39,22.63,0.0,41,92743,买盘
567,09:59:42,22.63,0.0,17,38471,卖盘
568,09:59:45,22.63,0.0,33,74684,卖盘
569,09:59:49,22.64,0.01,1,2264,买盘
570,09:59:52,22.63,-0.01,20,45260,卖盘
571,09:59:55,22.63,0.0,16,36208,买盘
572,09:59:57,22.63,0.0,72,162936,买盘
573,10:00:00,22.62,-0.01,30,67860,卖盘
574,10:00:03,22.62,0.0,31,70121,买盘
575,10:00:12,22.62,0.0,57,128890,买盘
576,10:00:18,22.61,-0.01,6,13569,卖盘
577,10:00:21,22.6,-0.01,6,13561,卖盘
578,10:00:24,22.6,0.0,86,194381,卖盘
579,10:00:27,22.6,0.0,6,13560,买盘
580,10:00:30,22.6,0.0,10,22600,买盘
581,10:00:33,22.58,-0.02,26,58708,卖盘
582,10:00:36,22.58,0.0,8,18060,买盘
583,10:00:39,22.58,0.0,5,11290,买盘
584,10:00:42,22.58,0.0,1,2258,买盘
585,10:00:48,22.57,-0.01,20,45140,卖盘
586,10:00:51,22.57,0.0,43,97053,卖盘
587,10:00:54,22.58,0.01,1,2258,买盘
588,10:00:57,22.59,0.01,7,15807,买盘
589,10:01:00,22.57,-0.02,288,648984,卖盘
590,10:01:03,22.59,0.02,8,18062,买盘
591,10:01:06,22.58,-0.01,4,9032,卖盘
592,10:01:09,22.55,-0.03,70,158017,卖盘
593,10:01:12,22.57,0.02,43,97071,买盘
594,10:01:15,22.55,-0.02,50,112772,卖盘
595,10:01:18,22.57,0.02,8,18056,买盘
596,10:01:21,22.5,-0.07,472,1062758,卖盘
597,10:01:24,22.57,0.07,11,24827,中性盘
598,10:01:27,22.57,0.0,6,13542,卖盘
599,10:01:31,22.57,0.0,69,155735,卖盘
600,10:01:34,22.57,0.0,22,49654,中性盘
601,10:01:36,22.57,0.0,11,24829,卖盘
602,10:01:39,22.57,0.0,16,36112,买盘
603,10:01:45,22.55,-0.02,36,81180,卖盘
604,10:01:48,22.55,0.0,8,18040,卖盘
605,10:01:51,22.56,0.01,23,51887,买盘
606,10:01:54,22.56,0.0,1,2256,卖盘
607,10:01:57,22.56,0.0,11,24826,卖盘
608,10:02:01,22.57,0.01,13,29341,买盘
609,10:02:06,22.56,-0.01,44,99264,卖盘
610,10:02:09,22.57,0.01,10,22570,买盘
611,10:02:12,22.56,-0.01,53,119599,卖盘
612,10:02:15,22.56,0.0,5,11280,卖盘
613,10:02:18,22.57,0.01,124,279758,买盘
614,10:02:21,22.57,0.0,4,9026,买盘
615,10:02:24,22.55,-0.02,151,340618,卖盘
616,10:02:27,22.56,0.01,119,268461,买盘
617,10:02:30,22.56,0.0,1,2256,买盘
618,10:02:33,22.56,0.0,14,31583,买盘
619,10:02:37,22.55,-0.01,69,155601,卖盘
620,10:02:39,22.55,0.0,244,549698,卖盘
621,10:02:42,22.56,0.01,13,29324,买盘
622,10:02:45,22.55,-0.01,2,4510,卖盘
623,10:02:48,22.56,0.01,20,45106,买盘
624,10:02:51,22.55,-0.01,21,47355,卖盘
625,10:02:54,22.56,0.01,33,74418,买盘
626,10:02:58,22.56,0.0,14,31579,买盘
627,10:03:00,22.55,-0.01,8,18040,卖盘
628,10:03:03,22.55,0.0,41,92465,卖盘
629,10:03:06,22.56,0.01,26,58646,买盘
630,10:03:13,22.56,0.0,15,33834,买盘
631,10:03:15,22.55,-0.01,128,288496,卖盘
632,10:03:18,22.56,0.01,42,94728,买盘
633,10:03:24,22.56,0.0,52,117312,买盘
634,10:03:27,22.56,0.0,28,63154,买盘
635,10:03:36,22.56,0.0,92,207562,卖盘
636,10:03:39,22.57,0.01,13,29341,买盘
637,10:03:42,22.57,0.0,14,31598,买盘
638,10:03:45,22.56,-0.01,105,236965,卖盘
639,10:03:48,22.57,0.01,10,22570,卖盘
640,10:03:51,22.58,0.01,9,20314,买盘
641,10:03:55,22.58,0.0,9,20318,买盘
642,10:03:57,22.57,-0.01,272,614165,卖盘
643,10:04:03,22.6,0.03,5,11300,买盘
644,10:04:06,22.5,-0.1,702,1582828,卖盘
645,10:04:09,22.6,0.1,205,463286,买盘
646,10:04:12,22.58,-0.02,25,56460,卖盘
647,10:04:16,22.59,0.01,18,40657,买盘
648,10:04:18,22.59,0.0,7,15813,买盘
649,10:04:21,22.59,0.0,2,4518,买盘
650,10:04:24,22.6,0.01,23,51959,买盘
651,10:04:27,22.59,-0.01,65,146846,卖盘
652,10:04:30,22.6,0.01,56,126560,买盘
653,10:04:33,22.6,0.0,132,298220,买盘
654,10:04:36,22.6,0.0,7,15820,买盘
655,10:04:40,22.6,0.0,15,33900,买盘
656,10:04:42,22.6,0.0,19,42940,买盘
657,10:04:45,22.59,-0.01,153,345505,卖盘
658,10:04:48,22.6,0.01,75,169414,买盘
659,10:04:51,22.59,-0.01,23,51957,中性盘
660,10:04:54,22.59,0.0,15,33885,买盘
661,10:04:57,22.59,0.0,75,169425,买盘
662,10:05:00,22.59,0.0,20,45180,买盘
663,10:05:04,22.52,-0.07,199,448729,卖盘
664,10:05:06,22.59,0.07,21,47439,卖盘
665,10:05:09,22.6,0.01,23,51961,买盘
666,10:05:12,22.59,-0.01,16,36144,卖盘
667,10:05:15,22.59,0.0,19,42921,买盘
668,10:05:18,22.58,-0.01,28,63236,卖盘
669,10:05:22,22.6,0.02,34,76819,买盘
670,10:05:24,22.6,0.0,19,42924,买盘
671,10:05:30,22.6,0.0,3,6780,卖盘
672,10:05:33,22.61,0.01,1,2261,买盘
673,10:05:36,22.49,-0.12,709,1596341,卖盘
674,10:05:39,22.61,0.12,66,148486,买盘
675,10:05:42,22.61,0.0,57,128877,卖盘
676,10:05:45,22.61,0.0,29,65569,买盘
677,10:05:48,22.6,-0.01,65,146920,卖盘
678,10:05:51,22.61,0.01,30,67815,买盘
679,10:05:54,22.61,0.0,11,24871,卖盘
680,10:05:57,22.59,-0.02,22,49740,卖盘
681,10:06:00,22.61,0.02,7,15827,买盘
682,10:06:04,22.59,-0.02,9,20331,卖盘
683,10:06:06,22.61,0.02,2,4522,买盘
684,10:06:12,22.61,0.0,90,203301,买盘
685,10:06:21,22.61,0.0,64,144648,买盘
686,10:06:24,22.61,0.0,14,31654,买盘
687,10:06:27,22.61,0.0,116,262164,买盘
688,10:06:30,22.6,-0.01,9,20340,卖盘
689,10:06:33,22.61,0.01,4,9044,买盘
690,10:06:36,22.6,-0.01,32,72322,卖盘
691,10:06:39,22.6,0.0,4,9040,买盘
692,10:06:42,22.59,-0.01,71,160139,卖盘
693,10:06:45,22.58,-0.01,10,22580,买盘
694,10:06:48,22.54,-0.04,15,33870,卖盘
695,10:06:55,22.53,-0.01,31,69893,卖盘
696,10:06:58,22.58,0.05,2,4516,中性盘
697,10:07:00,22.59,0.01,28,63222,买盘
698,10:07:04,22.58,-0.01,5,11290,买盘
699,10:07:06,22.58,0.0,45,101643,卖盘
700,10:07:09,22.57,-0.01,32,72244,中性盘
701,10:07:12,22.55,-0.02,10,22550,卖盘
702,10:07:16,22.57,0.02,5,11285,买盘
703,10:07:18,22.55,-0.02,20,45100,卖盘
704,10:07:21,22.57,0.02,19,42883,买盘
705,10:07:24,22.57,0.0,1,2257,买盘
706,10:07:27,22.57,0.0,43,96991,买盘
707,10:07:30,22.57,0.0,5,11283,买盘
708,10:07:36,22.57,0.0,5,11285,买盘
709,10:07:39,22.57,0.0,53,119603,买盘
710,10:07:42,22.57,0.0,9,20313,买盘
711,10:07:46,22.55,-0.02,30,67686,卖盘
712,10:07:48,22.6,0.05,258,582979,买盘
713,10:07:52,22.6,0.0,2,4520,卖盘
714,10:07:54,22.61,0.01,66,149169,买盘
715,10:07:57,22.61,0.0,39,88179,买盘
716,10:08:00,22.6,-0.01,24,54240,卖盘
717,10:08:03,22.61,0.01,30,67810,买盘
718,10:08:06,22.6,-0.01,75,169464,卖盘
719,10:08:09,22.53,-0.07,204,459955,卖盘
720,10:08:13,22.58,0.05,14,31612,中性盘
721,10:08:15,22.6,0.02,1,2260,买盘
722,10:08:18,22.6,0.0,50,112871,买盘
723,10:08:21,22.6,0.0,61,137836,买盘
724,10:08:24,22.6,0.0,9,20340,卖盘
725,10:08:27,22.51,-0.09,62,139732,卖盘
726,10:08:31,22.59,0.08,2,4518,中性盘
727,10:08:33,22.58,-0.01,10,22586,卖盘
728,10:08:36,22.58,0.0,16,36134,卖盘
729,10:08:42,22.58,0.0,16,36139,卖盘
730,10:08:45,22.58,0.0,8,18064,买盘
731,10:08:48,22.58,0.0,4,9032,买盘
732,10:08:51,22.58,0.0,8,18064,买盘
733,10:08:54,22.58,0.0,5,11290,买盘
734,10:08:57,22.57,-0.01,4,9028,卖盘
735,10:09:00,22.57,0.0,20,45140,卖盘
736,10:09:04,22.58,0.01,5,11290,买盘
737,10:09:06,22.58,0.0,24,54177,买盘
738,10:09:09,22.56,-0.02,59,133194,卖盘
739,10:09:12,22.58,0.02,3,6774,买盘
740,10:09:15,22.58,0.0,10,22580,买盘
741,10:09:21,22.56,-0.02,19,42885,卖盘
742,10:09:24,22.56,0.0,25,56400,买盘
743,10:09:27,22.56,0.0,3,6768,买盘
744,10:09:30,22.56,0.0,4,9024,买盘
745,10:09:34,22.55,-0.01,15,33830,卖盘
746,10:09:36,22.56,0.01,8,18053,卖盘
747,10:09:42,22.56,0.0,15,33840,卖盘
748,10:09:45,22.57,0.01,32,72194,买盘
749,10:09:48,22.58,0.01,3,6774,买盘
750,10:09:51,22.58,0.0,60,135425,中性盘
751,10:09:57,22.59,0.01,4,9036,买盘
752,10:10:00,22.58,-0.01,16,36134,卖盘
753,10:10:04,22.58,0.0,68,153544,卖盘
754,10:10:06,22.58,0.0,6,13548,买盘
755,10:10:09,22.58,0.0,5,11290,买盘
756,10:10:12,22.58,0.0,69,155802,买盘
757,10:10:15,22.59,0.01,3,6775,买盘
758,10:10:18,22.58,-0.01,49,110642,卖盘
759,10:10:21,22.58,0.0,39,88062,卖盘
760,10:10:24,22.58,0.0,174,392648,买盘
761,10:10:27,22.58,0.0,20,45148,买盘
762,10:10:31,22.58,0.0,37,83532,买盘
763,10:10:34,22.58,0.0,70,158060,卖盘
764,10:10:39,22.58,0.0,37,83550,卖盘
765,10:10:42,22.58,0.0,42,94836,卖盘
766,10:10:45,22.58,0.0,44,99352,卖盘
767,10:10:48,22.58,0.0,4,9033,卖盘
768,10:10:51,22.59,0.01,74,167104,买盘
769,10:10:54,22.58,-0.01,7,15806,卖盘
770,10:10:57,22.58,0.0,149,336455,卖盘
771,10:11:01,22.57,-0.01,12,27089,卖盘
772,10:11:04,22.56,-0.01,37,83508,卖盘
773,10:11:07,22.55,-0.01,84,189489,卖盘
774,10:11:09,22.57,0.02,113,254866,买盘
775,10:11:12,22.57,0.0,100,225700,买盘
776,10:11:16,22.57,0.0,279,629308,卖盘
777,10:11:19,22.58,0.01,22,49659,买盘
778,10:11:21,22.55,-0.03,120,270630,卖盘
779,10:11:25,22.55,0.0,1,2255,卖盘
780,10:11:28,22.53,-0.02,200,450985,卖盘
781,10:11:30,22.57,0.04,21,47357,买盘
782,10:11:33,22.55,-0.02,70,157850,卖盘
783,10:11:40,22.55,0.0,10,22553,卖盘
784,10:11:42,22.55,0.0,50,112750,卖盘
785,10:11:45,22.55,0.0,3,6765,卖盘
786,10:11:48,22.55,0.0,60,135310,卖盘
787,10:11:51,22.56,0.01,72,162379,买盘
788,10:11:55,22.55,-0.01,10,22554,卖盘
789,10:11:58,22.55,0.0,19,42845,卖盘
790,10:12:01,22.53,-0.02,26,58604,卖盘
791,10:12:04,22.55,0.02,2,4510,买盘
792,10:12:07,22.54,-0.01,16,36060,卖盘
793,10:12:09,22.53,-0.01,21,47323,卖盘
794,10:12:13,22.54,0.01,29,65340,买盘
795,10:12:16,22.53,-0.01,95,214040,卖盘
796,10:12:19,22.52,-0.01,76,171195,卖盘
797,10:12:22,22.51,-0.01,136,306164,卖盘
798,10:12:25,22.5,-0.01,14,31512,卖盘
799,10:12:28,22.5,0.0,44,99000,卖盘
800,10:12:31,22.51,0.01,138,312171,买盘
801,10:12:33,22.5,-0.01,28,63000,卖盘
802,10:12:36,22.5,0.0,4,9000,卖盘
803,10:12:39,22.5,0.0,81,182250,卖盘
804,10:12:43,22.5,0.0,175,393900,卖盘
805,10:12:45,22.5,0.0,17,38265,卖盘
806,10:12:48,22.51,0.01,80,180019,卖盘
807,10:12:51,22.52,0.01,65,146288,买盘
808,10:12:55,22.51,-0.01,33,74293,卖盘
809,10:12:57,22.51,0.0,19,42769,买盘
810,10:13:00,22.51,0.0,37,83287,卖盘
811,10:13:04,22.51,0.0,25,56275,买盘
812,10:13:06,22.51,0.0,16,36008,卖盘
813,10:13:09,22.49,-0.02,22,49511,卖盘
814,10:13:12,22.51,0.02,3,6753,中性盘
815,10:13:16,22.51,0.0,4,9004,买盘
816,10:13:19,22.51,0.0,11,24761,买盘
817,10:13:22,22.51,0.0,5,11255,买盘
818,10:13:25,22.51,0.0,18,40518,买盘
819,10:13:28,22.52,0.01,19,42777,买盘
820,10:13:30,22.52,0.0,9,20263,买盘
821,10:13:33,22.5,-0.02,91,204750,卖盘
822,10:13:36,22.51,0.01,168,378006,买盘
823,10:13:39,22.5,-0.01,87,195728,卖盘
824,10:13:43,22.49,-0.01,101,227306,卖盘
825,10:13:45,22.49,0.0,99,222651,买盘
826,10:13:49,22.49,0.0,41,92199,买盘
827,10:13:52,22.49,0.0,119,267627,买盘
828,10:13:54,22.5,0.01,124,278918,买盘
829,10:13:58,22.48,-0.02,27,60714,卖盘
830,10:14:00,22.49,0.01,8,17992,卖盘
831,10:14:04,22.49,0.0,69,155215,卖盘
832,10:14:06,22.5,0.01,4,9000,买盘
833,10:14:09,22.49,-0.01,50,112451,卖盘
834,10:14:12,22.49,0.0,6,13491,买盘
835,10:14:16,22.49,0.0,24,53978,买盘
836,10:14:18,22.5,0.01,11,24750,买盘
837,10:14:21,22.48,-0.02,223,501390,卖盘
838,10:14:25,22.48,0.0,57,128136,买盘
839,10:14:28,22.49,0.01,29,65199,买盘
840,10:14:30,22.49,0.0,9,20241,买盘
841,10:14:37,22.5,0.01,54,121456,买盘
842,10:14:39,22.5,0.0,63,140052,卖盘
843,10:14:42,22.52,0.02,155,348731,买盘
844,10:14:45,22.58,0.06,194,437645,买盘
845,10:14:48,22.58,0.0,57,128706,卖盘
846,10:14:51,22.6,0.02,5,11299,买盘
847,10:14:55,22.59,-0.01,1,2259,中性盘
848,10:14:58,22.59,0.0,7,15813,买盘
849,10:15:00,22.59,0.0,9,20331,卖盘
850,10:15:03,22.59,0.0,3,6777,卖盘
851,10:15:06,22.59,0.0,8,18077,卖盘
852,10:15:10,22.59,0.0,187,422787,卖盘
853,10:15:12,22.6,0.01,52,117464,买盘
854,10:15:16,22.63,0.03,86,194555,买盘
855,10:15:19,22.63,0.0,22,49766,卖盘
856,10:15:21,22.64,0.01,5,11320,买盘
857,10:15:24,22.63,-0.01,6,13578,卖盘
858,10:15:27,22.63,0.0,16,36208,卖盘
859,10:15:31,22.64,0.01,16,36224,买盘
860,10:15:37,22.64,0.0,21,47534,买盘
861,10:15:40,22.63,-0.01,6,13580,卖盘
862,10:15:42,22.64,0.01,4,9056,买盘
863,10:15:49,22.63,-0.01,20,45260,卖盘
864,10:15:51,22.64,0.01,6,13583,买盘
865,10:15:54,22.63,-0.01,9,20367,卖盘
866,10:15:57,22.63,0.0,2,4526,买盘
867,10:16:03,22.62,-0.01,13,29407,卖盘
868,10:16:06,22.63,0.01,1,2263,买盘
869,10:16:09,22.63,0.0,11,25504,买盘
870,10:16:12,22.62,-0.01,19,42995,卖盘
871,10:16:15,22.62,0.0,8,17485,卖盘
872,10:16:18,22.62,0.0,1,2262,买盘
873,10:16:21,22.61,-0.01,21,47489,卖盘
874,10:16:24,22.63,0.02,6,13578,买盘
875,10:16:27,22.63,0.0,12,27149,买盘
876,10:16:30,22.62,-0.01,23,52018,卖盘
877,10:16:33,22.62,0.0,5,11310,买盘
878,10:16:36,22.63,0.01,33,74661,买盘
879,10:16:40,22.63,0.0,5,11315,买盘
880,10:16:45,22.63,0.0,8,18099,买盘
881,10:16:48,22.62,-0.01,3,6786,卖盘
882,10:16:54,22.63,0.01,5,11311,买盘
883,10:16:57,22.62,-0.01,5,11310,卖盘
884,10:17:04,22.62,0.0,6,13572,卖盘
885,10:17:09,22.62,0.0,5,11310,卖盘
886,10:17:12,22.62,0.0,24,54293,卖盘
887,10:17:15,22.63,0.01,14,31672,买盘
888,10:17:18,22.62,-0.01,22,49764,卖盘
889,10:17:22,22.63,0.01,10,22630,买盘
890,10:17:24,22.63,0.0,16,36198,买盘
891,10:17:30,22.59,-0.04,213,481490,卖盘
892,10:17:33,22.63,0.04,8,18715,买盘
893,10:17:36,22.62,-0.01,15,33945,卖盘
894,10:17:39,22.64,0.02,327,738820,买盘
895,10:17:42,22.63,-0.01,8,18101,中性盘
896,10:17:49,22.63,0.0,26,58838,卖盘
897,10:17:51,22.62,-0.01,26,58829,中性盘
898,10:17:54,22.62,0.0,2,4524,买盘
899,10:18:00,22.64,0.02,22,49796,买盘
900,10:18:03,22.63,-0.01,6,13578,卖盘
901,10:18:06,22.62,-0.01,10,22627,卖盘
902,10:18:10,22.63,0.01,440,993215,买盘
903,10:18:13,22.63,0.0,10,22630,买盘
904,10:18:15,22.62,-0.01,6,13576,卖盘
905,10:18:18,22.63,0.01,69,156109,买盘
906,10:18:21,22.63,0.0,21,47518,买盘
907,10:18:24,22.62,-0.01,20,45241,卖盘
908,10:18:27,22.63,0.01,11,24885,买盘
909,10:18:30,22.63,0.0,3,6789,买盘
910,10:18:33,22.63,0.0,15,33945,卖盘
911,10:18:36,22.63,0.0,31,70153,卖盘
912,10:18:39,22.63,0.0,8,18104,卖盘
913,10:18:42,22.63,0.0,6,13578,买盘
914,10:18:45,22.63,0.0,2,4526,买盘
915,10:18:51,22.63,0.0,21,47523,买盘
916,10:18:57,22.63,0.0,4,9052,买盘
917,10:19:00,22.64,0.01,36,81474,买盘
918,10:19:03,22.62,-0.02,17,38459,卖盘
919,10:19:06,22.61,-0.01,93,210294,卖盘
920,10:19:09,22.63,0.02,17,38439,买盘
921,10:19:12,22.62,-0.01,6,13572,中性盘
922,10:19:15,22.61,-0.01,15,33915,买盘
923,10:19:18,22.61,0.0,1,2261,买盘
924,10:19:21,22.61,0.0,9,20349,买盘
925,10:19:24,22.62,0.01,7,15832,买盘
926,10:19:27,22.62,0.0,1,2262,买盘
927,10:19:30,22.62,0.0,8,18096,买盘
928,10:19:33,22.63,0.01,6,13578,买盘
929,10:19:36,22.63,0.0,10,22630,卖盘
930,10:19:39,22.63,0.0,10,22630,卖盘
931,10:19:42,22.64,0.01,10,22625,买盘
932,10:19:45,22.63,-0.01,8,18104,卖盘
933,10:19:48,22.63,0.0,8,18104,买盘
934,10:19:51,22.64,0.01,14,31688,买盘
935,10:19:54,22.63,-0.01,11,24894,中性盘
936,10:19:57,22.63,0.0,12,27155,中性盘
937,10:20:00,22.62,-0.01,22,49768,卖盘
938,10:20:04,22.62,0.0,15,33945,卖盘
939,10:20:13,22.6,-0.02,54,122080,卖盘
940,10:20:15,22.62,0.02,6,13572,中性盘
941,10:20:21,22.6,-0.02,52,117670,卖盘
942,10:20:24,22.64,0.04,30,67840,买盘
943,10:20:27,22.64,0.0,1,2264,买盘
944,10:20:40,22.63,-0.01,31,70127,买盘
945,10:20:46,22.62,-0.01,7,15834,卖盘
946,10:20:48,22.64,0.02,9,20368,买盘
947,10:21:04,22.64,0.0,25,56590,买盘
948,10:21:06,22.64,0.0,10,22640,买盘
949,10:21:09,22.63,-0.01,3,6789,卖盘
950,10:21:12,22.64,0.01,8,18112,买盘
951,10:21:15,22.64,0.0,40,91126,买盘
952,10:21:24,22.64,0.0,111,250741,卖盘
953,10:21:27,22.64,0.0,72,163008,买盘
954,10:21:33,22.62,-0.02,5,11310,卖盘
955,10:21:42,22.64,0.02,3,6792,买盘
956,10:21:45,22.64,0.0,29,66222,买盘
957,10:21:51,22.65,0.01,111,251415,买盘
958,10:21:54,22.65,0.0,20,45300,卖盘
959,10:21:57,22.66,0.01,1,2266,买盘
960,10:22:00,22.65,-0.01,3,6795,卖盘
961,10:22:04,22.65,0.0,30,67976,卖盘
962,10:22:09,22.66,0.01,4,9064,买盘
963,10:22:12,22.67,0.01,4,9068,买盘
964,10:22:18,22.66,-0.01,35,79335,卖盘
965,10:22:21,22.67,0.01,3,6801,买盘
966,10:22:24,22.66,-0.01,49,109877,卖盘
967,10:22:27,22.66,0.0,1,2266,卖盘
968,10:22:34,22.67,0.01,5,11335,买盘
969,10:22:40,22.67,0.0,5,11336,卖盘
970,10:22:42,22.68,0.01,11,24948,买盘
971,10:22:45,22.67,-0.01,37,83932,卖盘
972,10:22:48,22.67,0.0,100,226724,卖盘
973,10:22:51,22.69,0.02,1,2269,买盘
974,10:23:04,22.69,0.0,68,154326,买盘
975,10:23:06,22.69,0.0,25,56725,卖盘
976,10:23:09,22.69,0.0,14,31766,买盘
977,10:23:12,22.68,-0.01,21,47628,卖盘
978,10:23:15,22.7,0.02,1,2270,买盘
979,10:23:21,22.74,0.04,352,799060,买盘
980,10:23:27,22.74,0.0,5,11370,买盘
981,10:23:30,22.74,0.0,18,40933,买盘
982,10:23:36,22.75,0.01,21,47775,买盘
983,10:23:39,22.77,0.02,61,138794,买盘
984,10:23:45,22.77,0.0,13,29601,买盘
985,10:23:48,22.78,0.01,50,113894,买盘
986,10:23:51,22.78,0.0,15,34170,买盘
987,10:23:54,22.78,0.0,22,50116,买盘
988,10:23:57,22.79,0.01,7,15950,买盘
989,10:24:00,22.78,-0.01,6,13668,卖盘
990,10:24:04,22.79,0.01,146,332836,买盘
991,10:24:06,22.81,0.02,68,155042,买盘
992,10:24:12,22.82,0.01,7,15974,买盘
993,10:24:15,22.82,0.0,13,29666,买盘
994,10:24:19,22.83,0.01,19,43359,买盘
995,10:24:24,22.83,0.0,11,25317,买盘
996,10:24:28,22.83,0.0,18,41094,买盘
997,10:24:30,22.83,0.0,6,13698,买盘
998,10:24:34,22.83,0.0,47,107301,卖盘
999,10:24:36,22.83,0.0,33,75290,买盘
1000,10:24:39,22.83,0.0,11,25107,买盘
1001,10:24:42,22.82,-0.01,4,9128,中性盘
1002,10:24:45,22.82,0.0,9,20527,买盘
1003,10:24:48,22.8,-0.02,4,9120,卖盘
1004,10:24:51,22.81,0.01,22,50195,中性盘
1005,10:24:54,22.78,-0.03,4,9120,卖盘
1006,10:24:57,22.8,0.02,20,45600,卖盘
1007,10:25:01,22.79,-0.01,6,13675,中性盘
1008,10:25:04,22.79,0.0,1,2279,买盘
1009,10:25:07,22.8,0.01,39,88902,买盘
1010,10:25:18,22.79,-0.01,6,13672,买盘
1011,10:25:21,22.78,-0.01,8,18224,卖盘
1012,10:25:24,22.79,0.01,47,107069,买盘
1013,10:25:27,22.79,0.0,4,9116,买盘
1014,10:25:39,22.79,0.0,44,100276,买盘
1015,10:25:42,22.79,0.0,3,6837,卖盘
1016,10:25:45,22.79,0.0,34,77486,卖盘
1017,10:25:48,22.8,0.01,121,275783,买盘
1018,10:25:51,22.79,-0.01,1,2279,买盘
1019,10:25:54,22.79,0.0,13,29627,买盘
1020,10:25:57,22.79,0.0,1,2279,买盘
1021,10:26:01,22.79,0.0,17,38743,买盘
1022,10:26:04,22.78,-0.01,32,72896,卖盘
1023,10:26:06,22.78,0.0,19,43282,买盘
1024,10:26:09,22.78,0.0,6,13668,买盘
1025,10:26:12,22.77,-0.01,6,13665,卖盘
1026,10:26:15,22.78,0.01,1,2278,买盘
1027,10:26:21,22.78,0.0,19,43282,买盘
1028,10:26:24,22.77,-0.01,34,77418,卖盘
1029,10:26:27,22.77,0.0,6,13662,买盘
1030,10:26:36,22.77,0.0,3,6829,买盘
1031,10:26:39,22.77,0.0,8,18206,买盘
1032,10:26:43,22.77,0.0,1,2277,买盘
1033,10:26:51,22.76,-0.01,1,2276,买盘
1034,10:26:57,22.75,-0.01,5,11375,卖盘
1035,10:27:04,22.75,0.0,5,11375,卖盘
1036,10:27:09,22.75,0.0,19,43228,卖盘
1037,10:27:12,22.76,0.01,10,22760,买盘
1038,10:27:21,22.75,-0.01,7,15925,卖盘
1039,10:27:24,22.75,0.0,4,9100,买盘
1040,10:27:33,22.75,0.0,12,27289,买盘
1041,10:27:36,22.75,0.0,13,29563,买盘
1042,10:27:39,22.74,-0.01,3,7394,卖盘
1043,10:27:42,22.74,0.0,16,36385,卖盘
1044,10:27:45,22.74,0.0,5,11370,卖盘
1045,10:27:48,22.77,0.03,47,106953,买盘
1046,10:27:54,22.77,0.0,10,22770,卖盘
1047,10:28:04,22.78,0.01,19,43282,买盘
1048,10:28:10,22.77,-0.01,27,61479,卖盘
1049,10:28:18,22.78,0.01,12,27330,卖盘
1050,10:28:21,22.78,0.0,12,27336,卖盘
1051,10:28:24,22.78,0.0,17,38734,卖盘
1052,10:28:27,22.78,0.0,8,18224,买盘
1053,10:28:33,22.78,0.0,9,20499,买盘
1054,10:28:37,22.77,-0.01,1,2277,中性盘
1055,10:28:39,22.77,0.0,4,9108,买盘
1056,10:28:42,22.76,-0.01,5,11380,卖盘
1057,10:28:45,22.76,0.0,1,2276,卖盘
1058,10:28:51,22.77,0.01,21,47817,买盘
1059,10:28:54,22.76,-0.01,16,36416,卖盘
1060,10:29:00,22.76,0.0,4,9104,卖盘
1061,10:29:03,22.76,0.0,5,11380,卖盘
1062,10:29:07,22.76,0.0,32,72846,卖盘
1063,10:29:09,22.76,0.0,7,15932,卖盘
1064,10:29:15,22.77,0.01,30,68310,买盘
1065,10:29:18,22.76,-0.01,24,54628,卖盘
1066,10:29:22,22.78,0.02,6,13668,买盘
1067,10:29:25,22.79,0.01,5,11394,买盘
1068,10:29:33,22.79,0.0,12,27348,买盘
1069,10:29:36,22.8,0.01,1,2280,买盘
1070,10:29:39,22.79,-0.01,9,20511,卖盘
1071,10:29:42,22.8,0.01,2,4560,买盘
1072,10:29:48,22.8,0.0,21,47880,买盘
1073,10:29:51,22.8,0.0,18,41040,买盘
1074,10:29:58,22.81,0.01,40,91206,买盘
1075,10:30:00,22.81,0.0,8,18248,卖盘
1076,10:30:04,22.81,0.0,32,73017,卖盘
1077,10:30:06,22.81,0.0,9,20529,买盘
1078,10:30:09,22.81,0.0,3,6843,卖盘
1079,10:30:12,22.8,-0.01,8,18242,卖盘
1080,10:30:15,22.8,0.0,11,25080,买盘
1081,10:30:18,22.81,0.01,7,15963,买盘
1082,10:30:21,22.8,-0.01,28,63840,卖盘
1083,10:30:24,22.82,0.02,30,68456,买盘
1084,10:30:28,22.8,-0.02,3,6840,卖盘
1085,10:30:30,22.8,0.0,7,15965,卖盘
1086,10:30:33,22.81,0.01,6,13592,中性盘
1087,10:30:36,22.81,0.0,1,2281,买盘
1088,10:30:40,22.81,0.0,33,75273,买盘
1089,10:30:42,22.81,0.0,20,45623,卖盘
1090,10:30:45,22.81,0.0,61,139087,卖盘
1091,10:30:48,22.81,0.0,6,13686,买盘
1092,10:30:51,22.8,-0.01,72,164258,卖盘
1093,10:30:54,22.79,-0.01,7,15958,卖盘
1094,10:31:01,22.79,0.0,4,9116,卖盘
1095,10:31:04,22.79,0.0,5,11395,卖盘
1096,10:31:09,22.79,0.0,1,2279,卖盘
1097,10:31:12,22.79,0.0,21,47860,卖盘
1098,10:31:15,22.79,0.0,5,11395,卖盘
1099,10:31:18,22.8,0.01,1,2280,买盘
1100,10:31:21,22.79,-0.01,2,4558,卖盘
1101,10:31:27,22.8,0.01,2,4560,买盘
1102,10:31:30,22.8,0.0,30,68380,买盘
1103,10:31:33,22.8,0.0,8,18240,买盘
1104,10:31:36,22.8,0.0,13,29638,买盘
1105,10:31:42,22.8,0.0,9,20429,卖盘
1106,10:31:45,22.8,0.0,7,16051,买盘
1107,10:31:54,22.81,0.01,9,20529,买盘
1108,10:31:57,22.8,-0.01,24,54720,卖盘
1109,10:32:01,22.8,0.0,6,13680,卖盘
1110,10:32:04,22.8,0.0,6,13680,卖盘
1111,10:32:07,22.8,0.0,6,13590,卖盘
1112,10:32:10,22.79,-0.01,1,2279,卖盘
1113,10:32:12,22.8,0.01,20,45600,买盘
1114,10:32:21,22.79,-0.01,13,29627,卖盘
1115,10:32:24,22.79,0.0,22,50138,卖盘
1116,10:32:30,22.79,0.0,7,15957,卖盘
1117,10:32:33,22.79,0.0,7,15953,卖盘
1118,10:32:36,22.79,0.0,7,15952,买盘
1119,10:32:43,22.78,-0.01,60,136680,卖盘
1120,10:32:46,22.78,0.0,6,13668,买盘
1121,10:32:51,22.77,-0.01,21,47817,卖盘
1122,10:32:54,22.77,0.0,3,6831,卖盘
1123,10:32:57,22.77,0.0,5,11385,卖盘
1124,10:33:00,22.75,-0.02,38,86465,卖盘
1125,10:33:04,22.75,0.0,5,11375,买盘
1126,10:33:06,22.74,-0.01,2,4548,卖盘
1127,10:33:09,22.74,0.0,7,15918,卖盘
1128,10:33:12,22.73,-0.01,12,27277,卖盘
1129,10:33:15,22.75,0.02,96,218325,买盘
1130,10:33:18,22.73,-0.02,9,20467,卖盘
1131,10:33:21,22.75,0.02,1,2275,买盘
1132,10:33:27,22.75,0.0,15,34125,卖盘
1133,10:33:30,22.73,-0.02,7,15915,卖盘
1134,10:33:36,22.75,0.02,41,93252,买盘
1135,10:33:42,22.75,0.0,35,79625,卖盘
1136,10:33:45,22.75,0.0,1,2275,买盘
1137,10:33:48,22.75,0.0,2,4550,买盘
1138,10:33:51,22.74,-0.01,2,4549,卖盘
1139,10:33:54,22.74,0.0,15,34107,买盘
1140,10:33:57,22.73,-0.01,10,22730,卖盘
1141,10:34:04,22.73,0.0,1,2273,买盘
1142,10:34:07,22.7,-0.03,290,658381,卖盘
1143,10:34:09,22.72,0.02,48,109030,买盘
1144,10:34:18,22.7,-0.02,10,22700,卖盘
1145,10:34:22,22.7,0.0,10,22708,卖盘
1146,10:34:24,22.7,0.0,10,22700,卖盘
1147,10:34:30,22.72,0.02,1,2272,买盘
1148,10:34:33,22.7,-0.02,4,9080,卖盘
1149,10:34:42,22.7,0.0,17,38616,卖盘
1150,10:34:48,22.72,0.02,3,6816,买盘
1151,10:34:57,22.7,-0.02,2,4540,卖盘
1152,10:35:03,22.7,0.0,12,27240,买盘
1153,10:35:07,22.7,0.0,12,27240,卖盘
1154,10:35:09,22.7,0.0,2,4540,卖盘
1155,10:35:18,22.7,0.0,15,34050,卖盘
1156,10:35:21,22.69,-0.01,2,4538,卖盘
1157,10:35:24,22.7,0.01,2,4540,买盘
1158,10:35:27,22.7,0.0,4,9078,买盘
1159,10:35:33,22.72,0.02,1,2272,买盘
1160,10:35:36,22.69,-0.03,1,2269,卖盘
1161,10:35:39,22.69,0.0,6,13614,卖盘
1162,10:35:42,22.72,0.03,10,22720,买盘
1163,10:35:45,22.72,0.0,3,6816,买盘
1164,10:35:48,22.71,-0.01,3,6814,卖盘
1165,10:35:51,22.69,-0.02,1,2269,卖盘
1166,10:35:58,22.69,0.0,1,2269,卖盘
1167,10:36:01,22.69,0.0,5,11345,卖盘
1168,10:36:06,22.68,-0.01,11,24948,卖盘
1169,10:36:10,22.69,0.01,2,4538,买盘
1170,10:36:12,22.69,0.0,2,4538,买盘
1171,10:36:15,22.68,-0.01,2,4536,卖盘
1172,10:36:24,22.68,0.0,31,70308,卖盘
1173,10:36:27,22.67,-0.01,2,4534,卖盘
1174,10:36:30,22.68,0.01,4,9072,买盘
1175,10:36:33,22.68,0.0,4,9072,买盘
1176,10:36:37,22.68,0.0,10,22680,买盘
1177,10:36:43,22.68,0.0,10,22680,买盘
1178,10:36:49,22.67,-0.01,34,77101,卖盘
1179,10:36:51,22.67,0.0,1,2267,卖盘
1180,10:36:54,22.67,0.0,22,49874,卖盘
1181,10:36:57,22.67,0.0,1,2267,卖盘
1182,10:37:03,22.67,0.0,30,68032,买盘
1183,10:37:06,22.67,0.0,2,4534,买盘
1184,10:37:15,22.66,-0.01,12,27192,卖盘
1185,10:37:18,22.67,0.01,1,2267,买盘
1186,10:37:24,22.67,0.0,1,2267,买盘
1187,10:37:31,22.68,0.01,1,2268,买盘
1188,10:37:33,22.68,0.0,1,2268,买盘
1189,10:37:36,22.68,0.0,10,22680,买盘
1190,10:37:45,22.68,0.0,51,115668,买盘
1191,10:37:48,22.68,0.0,100,226800,卖盘
1192,10:37:57,22.69,0.01,13,29485,买盘
1193,10:38:06,22.68,-0.01,5,11340,卖盘
1194,10:38:09,22.69,0.01,12,27228,买盘
1195,10:38:12,22.68,-0.01,22,49896,卖盘
1196,10:38:15,22.69,0.01,6,13613,买盘
1197,10:38:18,22.68,-0.01,8,18146,卖盘
1198,10:38:27,22.69,0.01,2,4538,买盘
1199,10:38:31,22.69,0.0,9,20417,买盘
1200,10:38:34,22.69,0.0,19,43111,买盘
1201,10:38:42,22.68,-0.01,38,86195,卖盘
1202,10:38:57,22.7,0.02,6,13620,买盘
1203,10:39:00,22.68,-0.02,9,20412,卖盘
1204,10:39:04,22.69,0.01,5,11345,卖盘
1205,10:39:06,22.7,0.01,6,13620,买盘
1206,10:39:09,22.7,0.0,15,34050,买盘
1207,10:39:15,22.71,0.01,1,2271,买盘
1208,10:39:18,22.7,-0.01,87,197491,卖盘
1209,10:39:21,22.71,0.01,19,43135,买盘
1210,10:39:24,22.68,-0.03,50,113411,卖盘
1211,10:39:28,22.7,0.02,5,11350,买盘
1212,10:39:33,22.71,0.01,1,2271,买盘
1213,10:39:36,22.71,0.0,1,2271,买盘
1214,10:39:42,22.71,0.0,41,93110,买盘
1215,10:39:45,22.71,0.0,3,6813,买盘
1216,10:39:48,22.71,0.0,13,29520,买盘
1217,10:39:51,22.71,0.0,11,24981,买盘
1218,10:39:54,22.7,-0.01,16,36332,卖盘
1219,10:40:03,22.71,0.01,4,9084,卖盘
1220,10:40:19,22.72,0.01,25,56811,买盘
1221,10:40:22,22.73,0.01,1,2273,买盘
1222,10:40:24,22.72,-0.01,1,2272,卖盘
1223,10:40:27,22.73,0.01,4,9092,买盘
1224,10:40:33,22.73,0.0,73,165927,买盘
1225,10:40:36,22.72,-0.01,19,43168,卖盘
1226,10:40:42,22.72,0.0,13,29536,买盘
1227,10:40:45,22.7,-0.02,23,52234,卖盘
1228,10:40:48,22.72,0.02,17,38624,买盘
1229,10:40:51,22.72,0.0,2,4544,买盘
1230,10:40:55,22.7,-0.02,3,6810,卖盘
1231,10:40:57,22.7,0.0,46,104440,卖盘
1232,10:41:00,22.72,0.02,12,27264,买盘
1233,10:41:09,22.72,0.0,1,2272,买盘
1234,10:41:21,22.7,-0.02,66,149821,卖盘
1235,10:41:27,22.72,0.02,2,4544,买盘
1236,10:41:30,22.7,-0.02,1,2270,卖盘
1237,10:41:33,22.7,0.0,100,227020,卖盘
1238,10:41:36,22.7,0.0,14,31780,卖盘
1239,10:41:51,22.7,0.0,52,118040,卖盘
1240,10:41:54,22.7,0.0,5,11350,卖盘
1241,10:42:01,22.7,0.0,3,6810,买盘
1242,10:42:04,22.7,0.0,2,4540,买盘
1243,10:42:10,22.7,0.0,3,6810,买盘
1244,10:42:15,22.7,0.0,1,2270,买盘
1245,10:42:27,22.7,0.0,14,31779,卖盘
1246,10:42:30,22.7,0.0,7,15890,买盘
1247,10:42:33,22.72,0.02,1,2272,买盘
1248,10:42:36,22.7,-0.02,7,15890,卖盘
1249,10:42:51,22.72,0.02,18,40896,买盘
1250,10:42:54,22.72,0.0,1,2272,买盘
1251,10:43:12,22.72,0.0,20,45421,买盘
1252,10:43:15,22.71,-0.01,2,4542,卖盘
1253,10:43:18,22.72,0.01,18,40896,买盘
1254,10:43:31,22.72,0.0,1,2272,买盘
1255,10:43:39,22.72,0.0,5,11360,买盘
1256,10:43:45,22.71,-0.01,1,1363,卖盘
1257,10:43:48,22.72,0.01,1,2272,买盘
1258,10:43:51,22.72,0.0,3,6816,买盘
1259,10:43:57,22.72,0.0,3,6816,买盘
1260,10:44:00,22.72,0.0,2,4544,买盘
1261,10:44:04,22.72,0.0,5,11360,卖盘
1262,10:44:06,22.73,0.01,1,2273,买盘
1263,10:44:12,22.71,-0.02,11,24989,卖盘
1264,10:44:18,22.72,0.01,2,4545,卖盘
1265,10:44:24,22.73,0.01,8,18184,买盘
1266,10:44:36,22.73,0.0,1,2273,买盘
1267,10:44:39,22.73,0.0,1,2273,买盘
1268,10:44:42,22.72,-0.01,3,6816,卖盘
1269,10:44:45,22.73,0.01,8,18184,买盘
1270,10:44:51,22.74,0.01,34,77283,买盘
1271,10:44:54,22.74,0.0,9,20466,买盘
1272,10:45:01,22.74,0.0,46,104631,卖盘
1273,10:45:07,22.75,0.01,9,20475,中性盘
1274,10:45:10,22.75,0.0,5,11375,买盘
1275,10:45:13,22.75,0.0,1,2275,买盘
1276,10:45:21,22.75,0.0,3,6825,买盘
1277,10:45:28,22.74,-0.01,1,2298,卖盘
1278,10:45:31,22.75,0.01,3,6825,卖盘
1279,10:45:36,22.74,-0.01,25,56868,卖盘
1280,10:45:39,22.75,0.01,1,2275,卖盘
1281,10:45:42,22.75,0.0,1,2275,卖盘
1282,10:45:45,22.75,0.0,11,25030,卖盘
1283,10:45:54,22.75,0.0,4,9102,卖盘
1284,10:45:57,22.77,0.02,21,47808,买盘
1285,10:46:00,22.77,0.0,3,6831,买盘
1286,10:46:12,22.76,-0.01,10,22760,买盘
1287,10:46:18,22.76,0.0,3,6828,卖盘
1288,10:46:27,22.77,0.01,10,22770,买盘
1289,10:46:34,22.76,-0.01,12,27312,卖盘
1290,10:46:40,22.77,0.01,33,75141,买盘
1291,10:46:51,22.77,0.0,13,29601,买盘
1292,10:47:00,22.78,0.01,4,9112,买盘
1293,10:47:04,22.78,0.0,43,97954,买盘
1294,10:47:06,22.79,0.01,14,31906,买盘
1295,10:47:12,22.78,-0.01,1,3076,卖盘
1296,10:47:18,22.8,0.02,60,136881,买盘
1297,10:47:24,22.81,0.01,2,4562,买盘
1298,10:47:30,22.81,0.0,5,11405,买盘
1299,10:47:33,22.81,0.0,2,4562,买盘
1300,10:47:36,22.81,0.0,4,9124,买盘
1301,10:47:39,22.81,0.0,3,6843,买盘
1302,10:47:42,22.81,0.0,2,4562,买盘
1303,10:47:46,22.81,0.0,13,29653,买盘
1304,10:47:49,22.81,0.0,13,29653,买盘
1305,10:47:52,22.8,-0.01,123,280442,卖盘
1306,10:47:55,22.81,0.01,10,22810,买盘
1307,10:47:57,22.81,0.0,29,66149,买盘
1308,10:48:00,22.81,0.0,32,72992,卖盘
1309,10:48:04,22.81,0.0,4,9124,卖盘
1310,10:48:06,22.82,0.01,4,9125,买盘
1311,10:48:12,22.82,0.0,54,123228,买盘
1312,10:48:15,22.82,0.0,7,15974,买盘
1313,10:48:18,22.82,0.0,5,11410,卖盘
1314,10:48:21,22.83,0.01,10,22830,买盘
1315,10:48:24,22.82,-0.01,7,16666,卖盘
1316,10:48:30,22.83,0.01,3,6849,买盘
1317,10:48:33,22.82,-0.01,5,11410,卖盘
1318,10:48:39,22.83,0.01,5,11415,买盘
1319,10:48:42,22.82,-0.01,202,460279,卖盘
1320,10:48:45,22.83,0.01,8,18258,买盘
1321,10:48:48,22.81,-0.02,8,18248,卖盘
1322,10:48:57,22.83,0.02,10,21917,买盘
1323,10:49:00,22.83,0.0,26,59371,买盘
1324,10:49:03,22.82,-0.01,8,19176,卖盘
1325,10:49:06,22.82,0.0,11,25111,卖盘
1326,10:49:10,22.82,0.0,5,11410,买盘
1327,10:49:12,22.83,0.01,2,4566,买盘
1328,10:49:15,22.82,-0.01,3,6846,卖盘
1329,10:49:18,22.82,0.0,2,4564,买盘
1330,10:49:27,22.82,0.0,10,22820,买盘
1331,10:49:34,22.82,0.0,3,6846,卖盘
1332,10:49:39,22.82,0.0,20,45640,卖盘
1333,10:49:45,22.83,0.01,3,6849,买盘
1334,10:49:54,22.83,0.0,8,18264,买盘
1335,10:49:57,22.83,0.0,28,63924,买盘
1336,10:50:04,22.83,0.0,5,11415,买盘
1337,10:50:06,22.83,0.0,18,41094,买盘
1338,10:50:09,22.83,0.0,33,75319,买盘
1339,10:50:12,22.83,0.0,43,97236,买盘
1340,10:50:18,22.83,0.0,19,44290,卖盘
1341,10:50:21,22.84,0.01,3,6850,买盘
1342,10:50:24,22.84,0.0,7,15982,买盘
1343,10:50:27,22.83,-0.01,3,6849,买盘
1344,10:50:31,22.83,0.0,7,15981,买盘
1345,10:50:37,22.83,0.0,1,2283,卖盘
1346,10:50:39,22.83,0.0,3,6850,卖盘
1347,10:50:45,22.84,0.01,4,9136,买盘
1348,10:50:51,22.84,0.0,11,25352,买盘
1349,10:50:54,22.84,0.0,48,108718,买盘
1350,10:51:04,22.84,0.0,4,10050,卖盘
1351,10:51:12,22.81,-0.02,66,150617,卖盘
1352,10:51:21,22.84,0.03,20,45673,买盘
1353,10:51:25,22.82,-0.02,2,4564,卖盘
1354,10:51:30,22.83,0.01,2,4566,卖盘
1355,10:51:36,22.84,0.01,13,29686,买盘
1356,10:51:45,22.83,-0.01,6,13698,买盘
1357,10:51:48,22.82,-0.01,11,25112,卖盘
1358,10:51:54,22.82,0.0,1,2282,卖盘
1359,10:52:00,22.83,0.01,38,86754,买盘
1360,10:52:04,22.83,0.0,5,10753,卖盘
1361,10:52:06,22.83,0.0,1,2283,卖盘
1362,10:52:12,22.84,0.01,18,41112,买盘
1363,10:52:15,22.83,-0.01,1,3036,卖盘
1364,10:52:22,22.84,0.01,4,9136,买盘
1365,10:52:24,22.84,0.0,1,2284,买盘
1366,10:52:27,22.84,0.0,5,11420,买盘
1367,10:52:36,22.84,0.0,4,9136,买盘
1368,10:52:43,22.84,0.0,10,22840,买盘
1369,10:52:48,22.83,-0.01,50,114150,卖盘
1370,10:52:55,22.84,0.01,25,57078,买盘
1371,10:52:57,22.84,0.0,9,20556,买盘
1372,10:53:00,22.84,0.0,28,63038,买盘
1373,10:53:04,22.84,0.0,15,34260,卖盘
1374,10:53:06,22.85,0.01,15,34274,买盘
1375,10:53:16,22.85,0.0,4,9140,买盘
1376,10:53:19,22.85,0.0,13,29705,买盘
1377,10:53:25,22.84,-0.01,2,4568,卖盘
1378,10:53:27,22.84,0.0,8,18275,卖盘
1379,10:53:33,22.85,0.01,31,70835,买盘
1380,10:53:36,22.86,0.01,14,32004,买盘
1381,10:53:42,22.86,0.0,34,77724,买盘
1382,10:53:45,22.86,0.0,19,43434,买盘
1383,10:53:54,22.86,0.0,1,2286,卖盘
1384,10:53:58,22.86,0.0,5,11430,买盘
1385,10:54:03,22.85,-0.01,7,16178,卖盘
1386,10:54:06,22.85,0.0,6,13527,卖盘
1387,10:54:18,22.84,-0.01,6,14618,卖盘
1388,10:54:22,22.84,0.0,10,22840,买盘
1389,10:54:24,22.84,0.0,4,9136,买盘
1390,10:54:27,22.83,-0.01,40,91325,卖盘
1391,10:54:48,22.82,-0.01,23,52486,卖盘
1392,10:54:51,22.82,0.0,4,9129,卖盘
1393,10:54:54,22.82,0.0,11,25102,卖盘
1394,10:55:03,22.82,0.0,4,9128,卖盘
1395,10:55:13,22.82,0.0,1,2282,买盘
1396,10:55:24,22.82,0.01,8,18251,买盘
1397,10:55:30,22.81,-0.01,20,45985,卖盘
1398,10:55:34,22.81,0.0,2,4562,卖盘
1399,10:55:45,22.82,0.01,5,11410,买盘
1400,10:55:48,22.81,-0.01,1,2281,卖盘
1401,10:56:00,22.81,0.0,12,27382,卖盘
1402,10:56:04,22.81,0.0,19,43339,卖盘
1403,10:56:06,22.81,0.0,92,208871,卖盘
1404,10:56:15,22.8,-0.01,1,2280,卖盘
1405,10:56:21,22.8,0.0,4,9120,卖盘
1406,10:56:24,22.8,0.0,5,11400,卖盘
1407,10:56:27,22.8,0.0,7,15960,卖盘
1408,10:56:30,22.8,0.0,16,36480,卖盘
1409,10:56:36,22.8,0.0,2,4560,卖盘
1410,10:56:39,22.81,0.01,7,15967,买盘
1411,10:56:42,22.81,0.0,2,4562,买盘
1412,10:56:45,22.81,0.0,11,25083,买盘
1413,10:56:54,22.8,-0.01,13,29640,卖盘
1414,10:57:00,22.79,-0.01,4,9116,卖盘
1415,10:57:04,22.79,0.0,28,63812,卖盘
1416,10:57:15,22.78,-0.01,5,11390,卖盘
1417,10:57:33,22.79,0.01,6,13672,买盘
1418,10:57:36,22.78,-0.01,16,36448,卖盘
1419,10:57:39,22.77,-0.01,29,66033,卖盘
1420,10:57:45,22.76,-0.01,2,4552,卖盘
1421,10:57:54,22.76,0.0,2,4552,卖盘
1422,10:57:57,22.77,0.01,1,2277,买盘
1423,10:58:04,22.76,-0.01,12,27312,卖盘
1424,10:58:09,22.77,0.01,11,25047,买盘
1425,10:58:15,22.76,-0.01,1,2276,买盘
1426,10:58:18,22.75,-0.01,36,81900,卖盘
1427,10:58:21,22.75,0.0,1,2275,买盘
1428,10:58:30,22.74,-0.01,6,13647,卖盘
1429,10:58:42,22.75,0.01,7,15925,买盘
1430,10:58:57,22.75,0.0,3,6825,买盘
1431,10:59:00,22.74,-0.01,1,2274,卖盘
1432,10:59:03,22.74,0.0,6,13644,卖盘
1433,10:59:06,22.74,0.0,10,22740,卖盘
1434,10:59:09,22.75,0.01,10,22750,买盘
1435,10:59:12,22.74,-0.01,10,22740,卖盘
1436,10:59:15,22.74,0.0,2,4548,卖盘
1437,10:59:21,22.75,0.01,22,50050,买盘
1438,10:59:27,22.75,0.0,5,11375,买盘
1439,10:59:30,22.75,0.0,35,79625,买盘
1440,10:59:33,22.74,-0.01,21,47769,卖盘
1441,10:59:39,22.75,0.01,4,9100,卖盘
1442,10:59:51,22.75,0.0,18,40950,买盘
1443,10:59:54,22.75,0.0,4,9100,卖盘
1444,11:00:12,22.77,0.02,1,2277,买盘
1445,11:00:18,22.77,0.0,3,6831,买盘
1446,11:00:24,22.77,0.0,1,2277,卖盘
1447,11:00:27,22.78,0.01,70,159391,买盘
1448,11:00:30,22.77,-0.01,22,50094,卖盘
1449,11:00:33,22.77,0.0,6,13662,卖盘
1450,11:00:36,22.76,-0.01,1,592,卖盘
1451,11:00:39,22.77,0.01,3,6831,买盘
1452,11:00:48,22.77,0.0,1,2277,买盘
1453,11:00:54,22.77,0.0,34,77418,买盘
1454,11:01:03,22.76,-0.01,20,45527,卖盘
1455,11:01:12,22.78,0.02,8,18217,买盘
1456,11:01:18,22.75,-0.03,49,111514,卖盘
1457,11:01:21,22.78,0.03,11,25058,买盘
1458,11:01:24,22.76,-0.02,1,2276,中性盘
1459,11:01:27,22.75,-0.01,9,20956,卖盘
1460,11:01:33,22.78,0.03,4,9112,买盘
1461,11:01:45,22.75,0.0,1,2275,卖盘
1462,11:01:48,22.77,0.02,5,11385,买盘
1463,11:01:51,22.77,0.0,4,9108,买盘
1464,11:02:03,22.77,0.0,1,2277,买盘
1465,11:02:12,22.77,0.0,4,9108,买盘
1466,11:02:18,22.77,0.0,3,6831,买盘
1467,11:02:27,22.77,0.0,37,84249,买盘
1468,11:02:33,22.78,0.01,7,15945,买盘
1469,11:02:39,22.77,-0.01,2,4554,卖盘
1470,11:02:43,22.78,0.01,20,45560,买盘
1471,11:02:45,22.78,0.0,32,72919,卖盘
1472,11:02:48,22.78,0.0,3,6811,卖盘
1473,11:02:54,22.78,0.0,3,6834,卖盘
1474,11:02:57,22.78,0.0,2,4556,卖盘
1475,11:03:00,22.78,0.0,2,4556,卖盘
1476,11:03:06,22.78,0.0,2,4533,卖盘
1477,11:03:09,22.77,-0.01,10,22770,卖盘
1478,11:03:16,22.77,0.0,9,20493,卖盘
1479,11:03:22,22.77,0.0,3,6831,买盘
1480,11:03:24,22.77,0.0,6,13662,卖盘
1481,11:03:42,22.76,-0.01,19,43249,卖盘
1482,11:03:45,22.76,0.0,5,11380,卖盘
1483,11:04:18,22.76,0.0,6,13656,卖盘
1484,11:04:21,22.76,0.0,27,61452,卖盘
1485,11:04:31,22.76,0.0,23,52348,卖盘
1486,11:04:34,22.76,0.0,7,15932,卖盘
1487,11:04:36,22.76,0.0,11,25041,卖盘
1488,11:04:39,22.76,0.0,3,6828,卖盘
1489,11:04:42,22.76,0.0,10,22760,卖盘
1490,11:04:48,22.75,-0.01,2,3937,卖盘
1491,11:04:51,22.75,0.0,10,22750,卖盘
1492,11:04:54,22.75,0.0,3,6825,卖盘
1493,11:05:00,22.76,0.01,2,4552,买盘
1494,11:05:06,22.75,-0.01,23,52325,卖盘
1495,11:05:09,22.76,0.01,16,36416,买盘
1496,11:05:12,22.75,-0.01,6,15402,卖盘
1497,11:05:15,22.75,0.0,14,30098,买盘
1498,11:05:24,22.76,0.01,1,2276,买盘
1499,11:05:36,22.75,-0.01,1,2275,卖盘
1500,11:05:45,22.74,-0.01,21,49549,卖盘
1501,11:05:48,22.75,0.01,2,2798,卖盘
1502,11:05:57,22.75,0.0,5,11375,卖盘
1503,11:06:00,22.75,0.0,21,47775,卖盘
1504,11:06:04,22.75,0.0,12,27300,卖盘
1505,11:06:06,22.75,0.0,9,22227,卖盘
1506,11:06:09,22.74,-0.01,8,18200,卖盘
1507,11:06:21,22.75,0.01,2,4550,买盘
1508,11:06:33,22.76,0.01,10,22760,买盘
1509,11:06:36,22.75,-0.01,5,11375,卖盘
1510,11:06:42,22.75,0.0,11,25033,卖盘
1511,11:06:46,22.75,0.0,1,978,卖盘
1512,11:06:48,22.76,0.01,6,13884,买盘
1513,11:06:57,22.77,0.01,5,11383,买盘
1514,11:07:00,22.76,-0.01,6,13656,卖盘
1515,11:07:12,22.76,0.0,5,11380,卖盘
1516,11:07:15,22.76,0.0,10,22760,卖盘
1517,11:07:18,22.76,0.0,1,2276,卖盘
1518,11:07:30,22.77,0.01,1,2277,买盘
1519,11:07:33,22.76,-0.01,8,17980,卖盘
1520,11:07:36,22.76,0.0,2,4552,买盘
1521,11:07:39,22.76,0.0,3,6830,卖盘
1522,11:07:45,22.76,0.0,1,2276,买盘
1523,11:07:48,22.75,-0.01,5,11375,卖盘
1524,11:07:55,22.75,0.0,8,18200,卖盘
1525,11:07:57,22.75,0.0,1,2275,卖盘
1526,11:08:00,22.75,0.0,5,11375,卖盘
1527,11:08:04,22.76,0.01,1,2276,买盘
1528,11:08:06,22.76,0.0,3,6828,买盘
1529,11:08:12,22.75,-0.01,2,4550,卖盘
1530,11:08:15,22.76,0.01,2,4552,买盘
1531,11:08:18,22.76,0.0,40,91268,买盘
1532,11:08:21,22.76,0.0,4,9104,卖盘
1533,11:08:27,22.76,0.0,5,11380,卖盘
1534,11:08:33,22.76,0.0,5,11380,卖盘
1535,11:08:39,22.76,0.0,2,4552,卖盘
1536,11:08:52,22.76,0.0,6,13661,卖盘
1537,11:08:57,22.76,0.0,2,4552,卖盘
1538,11:09:09,22.76,0.0,2,4552,卖盘
1539,11:09:12,22.76,0.0,7,15932,卖盘
1540,11:09:18,22.77,0.01,3,6831,买盘
1541,11:09:24,22.76,-0.01,2,4552,卖盘
1542,11:09:37,22.76,0.0,1,2276,卖盘
1543,11:09:39,22.76,0.0,23,50937,卖盘
1544,11:09:42,22.76,0.0,9,20484,买盘
1545,11:09:46,22.75,-0.01,5,11375,卖盘
1546,11:09:48,22.76,0.01,41,93316,买盘
1547,11:10:00,22.75,-0.01,2,4891,卖盘
1548,11:10:18,22.75,0.0,4,9100,卖盘
1549,11:10:33,22.75,0.0,10,23688,卖盘
1550,11:10:36,22.76,0.01,5,11380,买盘
1551,11:10:42,22.76,0.0,15,34140,买盘
1552,11:10:45,22.76,0.0,1,2276,卖盘
1553,11:10:51,22.77,0.01,1,2277,买盘
1554,11:11:03,22.76,-0.01,2,4552,卖盘
1555,11:11:09,22.76,0.0,5,11380,卖盘
1556,11:11:21,22.77,0.01,6,13662,买盘
1557,11:11:33,22.78,0.01,5,11390,买盘
1558,11:11:36,22.77,-0.01,2,4554,卖盘
1559,11:12:00,22.77,0.0,41,93357,卖盘
1560,11:12:03,22.77,0.0,2,4554,卖盘
1561,11:12:16,22.77,0.0,1,2277,卖盘
1562,11:12:22,22.78,0.01,2,4556,买盘
1563,11:12:30,22.77,-0.01,30,68310,卖盘
1564,11:12:33,22.77,0.0,16,36443,卖盘
1565,11:12:36,22.77,0.0,1,2277,卖盘
1566,11:12:45,22.77,0.0,16,36432,卖盘
1567,11:12:48,22.78,0.01,36,82008,买盘
1568,11:12:54,22.78,0.0,7,15946,买盘
1569,11:12:57,22.78,0.0,2,4556,卖盘
1570,11:13:00,22.78,0.0,2,4556,卖盘
1571,11:13:06,22.78,0.0,3,6834,卖盘
1572,11:13:09,22.78,0.0,34,77452,卖盘
1573,11:13:12,22.79,0.01,4,9115,买盘
1574,11:13:18,22.79,0.0,3,6837,买盘
1575,11:13:27,22.79,0.0,4,9116,买盘
1576,11:13:30,22.78,-0.01,1,2278,卖盘
1577,11:13:36,22.78,0.0,1,2278,卖盘
1578,11:13:39,22.78,0.0,1,2278,卖盘
1579,11:13:42,22.78,0.0,53,120734,卖盘
1580,11:13:45,22.77,-0.01,21,47836,卖盘
1581,11:13:48,22.76,-0.01,149,339278,卖盘
1582,11:13:51,22.76,0.0,13,29599,卖盘
1583,11:13:54,22.76,0.0,2,4552,卖盘
1584,11:13:57,22.76,0.0,6,13663,卖盘
1585,11:14:00,22.78,0.02,5,11386,中性盘
1586,11:14:09,22.76,-0.02,1,2276,卖盘
1587,11:14:18,22.76,0.0,42,93850,卖盘
1588,11:14:21,22.76,0.0,1,2276,卖盘
1589,11:14:30,22.76,0.0,24,54645,卖盘
1590,11:14:36,22.76,0.0,2,4552,卖盘
1591,11:14:45,22.76,0.0,2,4552,卖盘
1592,11:14:48,22.76,0.0,1,2276,卖盘
1593,11:14:51,22.76,0.0,10,22760,卖盘
1594,11:14:57,22.76,0.01,43,97828,中性盘
1595,11:15:00,22.75,-0.01,36,81218,卖盘
1596,11:15:03,22.75,0.0,91,207708,买盘
1597,11:15:06,22.75,0.0,3,6825,卖盘
1598,11:15:09,22.75,0.0,25,56875,卖盘
1599,11:15:13,22.75,0.0,14,31168,卖盘
1600,11:15:16,22.74,-0.01,4,9099,卖盘
1601,11:15:30,22.75,0.01,57,129627,买盘
1602,11:15:33,22.74,-0.01,1,2274,卖盘
1603,11:15:39,22.74,0.0,5,11370,卖盘
1604,11:15:42,22.75,0.01,8,18200,买盘
1605,11:15:54,22.75,0.0,6,13647,买盘
1606,11:15:57,22.74,-0.01,1,2274,卖盘
1607,11:16:07,22.74,0.0,4,9096,卖盘
1608,11:16:09,22.74,0.0,1,2274,卖盘
1609,11:16:15,22.75,0.01,2,4550,买盘
1610,11:16:18,22.74,-0.01,41,93234,卖盘
1611,11:16:22,22.74,0.0,1,2274,卖盘
1612,11:16:27,22.75,0.01,9,20475,买盘
1613,11:16:33,22.75,0.0,30,68250,买盘
1614,11:16:36,22.75,0.0,1,2275,买盘
1615,11:16:39,22.75,0.0,25,56875,买盘
1616,11:16:42,22.75,0.0,3,7508,买盘
1617,11:16:45,22.75,0.0,2,4550,卖盘
1618,11:16:57,22.75,0.0,4,9102,卖盘
1619,11:17:04,22.76,0.01,8,18208,买盘
1620,11:17:09,22.77,0.01,3,6831,买盘
1621,11:17:12,22.76,-0.01,3,6828,卖盘
1622,11:17:15,22.77,0.01,1,2277,买盘
1623,11:17:24,22.77,0.0,20,45540,买盘
1624,11:17:27,22.77,0.0,11,25115,买盘
1625,11:17:30,22.76,-0.01,1,2276,卖盘
1626,11:17:34,22.76,0.0,1,2276,卖盘
1627,11:17:36,22.76,0.0,20,45520,卖盘
1628,11:17:39,22.76,0.0,1,2276,卖盘
1629,11:17:42,22.76,0.0,20,45520,卖盘
1630,11:17:51,22.76,0.0,2,4552,卖盘
1631,11:17:58,22.77,0.01,3,6829,买盘
1632,11:18:09,22.76,-0.01,32,71853,卖盘
1633,11:18:12,22.76,0.0,1,2276,买盘
1634,11:18:18,22.75,-0.01,4,10465,卖盘
1635,11:18:34,22.76,0.01,90,204791,买盘
1636,11:18:37,22.76,0.0,11,23732,买盘
1637,11:18:42,22.76,0.0,20,46817,卖盘
1638,11:18:48,22.76,0.0,10,22760,买盘
1639,11:18:51,22.76,0.0,1,2276,买盘
1640,11:18:57,22.75,-0.01,3,6825,卖盘
1641,11:19:00,22.75,0.0,20,45500,卖盘
1642,11:19:04,22.75,0.0,28,63703,卖盘
1643,11:19:09,22.75,0.0,2,4550,卖盘
1644,11:19:12,22.75,0.0,1,2275,卖盘
1645,11:19:21,22.76,0.01,1,2276,买盘
1646,11:19:24,22.75,-0.01,16,36400,卖盘
1647,11:19:27,22.76,0.01,10,22752,买盘
1648,11:19:40,22.76,0.0,5,10083,买盘
1649,11:19:42,22.76,0.0,5,11380,卖盘
1650,11:19:57,22.77,0.01,5,11385,买盘
1651,11:20:00,22.77,0.0,1,2277,买盘
1652,11:20:04,22.77,0.0,1,2277,买盘
1653,11:20:09,22.76,-0.01,41,93316,卖盘
1654,11:20:18,22.76,0.0,2,4552,卖盘
1655,11:20:21,22.76,0.0,4,9263,卖盘
1656,11:20:30,22.77,0.01,5,11385,买盘
1657,11:20:34,22.76,-0.01,20,45530,卖盘
1658,11:20:37,22.76,0.0,1,2276,卖盘
1659,11:20:45,22.77,0.01,9,20493,买盘
1660,11:20:48,22.77,0.0,15,34155,买盘
1661,11:21:03,22.77,0.0,2,4554,卖盘
1662,11:21:06,22.77,0.0,2,4554,卖盘
1663,11:21:12,22.78,0.01,8,18224,买盘
1664,11:21:24,22.78,0.0,2,4556,卖盘
1665,11:21:42,22.79,0.01,3,6835,买盘
1666,11:21:51,22.79,0.0,29,66091,买盘
1667,11:21:54,22.78,-0.01,18,41021,卖盘
1668,11:21:57,22.78,0.0,26,59228,卖盘
1669,11:22:00,22.77,-0.01,1,2277,卖盘
1670,11:22:03,22.78,0.01,14,31892,买盘
1671,11:22:09,22.77,-0.01,2,4554,卖盘
1672,11:22:15,22.77,0.0,1,2277,卖盘
1673,11:22:21,22.77,0.0,2,4554,卖盘
1674,11:22:24,22.77,0.0,34,77418,卖盘
1675,11:22:28,22.78,0.01,66,150289,买盘
1676,11:22:33,22.76,-0.02,2,4552,卖盘
1677,11:22:39,22.78,0.02,4,9112,买盘
1678,11:22:55,22.76,-0.02,4,9104,卖盘
1679,11:22:58,22.77,0.01,3,6831,买盘
1680,11:23:06,22.76,-0.01,22,50092,卖盘
1681,11:23:09,22.77,0.01,42,95634,买盘
1682,11:23:27,22.78,0.01,8,18222,买盘
1683,11:23:30,22.77,-0.01,10,22770,中性盘
1684,11:23:45,22.77,0.0,26,59202,买盘
1685,11:23:51,22.77,0.0,4,9108,买盘
1686,11:23:57,22.77,0.0,2,4554,卖盘
1687,11:24:00,22.77,0.0,15,34155,卖盘
1688,11:24:03,22.77,0.0,2,4554,卖盘
1689,11:24:15,22.8,0.03,49,111597,买盘
1690,11:24:18,22.77,-0.03,2,4554,卖盘
1691,11:24:21,22.77,0.0,1,2277,卖盘
1692,11:24:27,22.8,0.03,10,22800,买盘
1693,11:24:33,22.8,0.0,23,52434,买盘
1694,11:24:39,22.8,0.0,12,27360,买盘
1695,11:24:45,22.8,0.0,47,107159,买盘
1696,11:24:48,22.8,0.0,2,4560,卖盘
1697,11:24:54,22.82,0.02,63,144700,买盘
1698,11:24:57,22.82,0.0,15,34243,卖盘
1699,11:25:00,22.82,0.0,2,4564,卖盘
1700,11:25:04,22.84,0.02,41,93644,买盘
1701,11:25:09,22.82,-0.02,1,2031,卖盘
1702,11:25:15,22.85,0.03,64,146208,买盘
1703,11:25:18,22.85,0.0,14,32003,卖盘
1704,11:25:21,22.85,0.0,2,4570,卖盘
1705,11:25:27,22.86,0.01,11,25146,买盘
1706,11:25:30,22.85,-0.01,30,68555,卖盘
1707,11:25:33,22.85,0.0,1,2285,卖盘
1708,11:25:36,22.85,0.0,27,61695,卖盘
1709,11:25:54,22.85,0.0,41,93685,买盘
1710,11:25:57,22.85,0.0,9,20555,买盘
1711,11:26:03,22.8,-0.05,2,4560,卖盘
1712,11:26:09,22.89,0.09,166,379798,买盘
1713,11:26:12,22.87,-0.02,4,9142,中性盘
1714,11:26:21,22.9,0.03,160,365831,买盘
1715,11:26:24,22.81,-0.09,1,2281,卖盘
1716,11:26:45,22.85,0.03,10,22850,买盘
1717,11:26:54,22.81,-0.04,10,22816,卖盘
1718,11:27:00,22.85,0.04,10,22873,买盘
1719,11:27:06,22.85,0.0,5,11416,买盘
1720,11:27:09,22.81,-0.04,3,6843,卖盘
1721,11:27:21,22.85,0.04,10,22845,买盘
1722,11:27:42,22.82,-0.03,2,4564,中性盘
1723,11:28:00,22.82,0.0,1,2282,卖盘
1724,11:28:04,22.85,0.03,38,86805,买盘
1725,11:28:06,22.86,0.01,16,36576,买盘
1726,11:28:12,22.85,-0.01,2,4570,卖盘
1727,11:28:18,22.85,0.0,33,75405,卖盘
1728,11:28:21,22.86,0.01,8,18286,买盘
1729,11:28:24,22.87,0.01,10,22865,买盘
1730,11:28:33,22.87,0.0,20,45740,买盘
1731,11:28:39,22.87,0.0,27,61749,买盘
1732,11:28:42,22.87,0.0,1,2287,卖盘
1733,11:28:45,22.86,-0.01,12,27434,卖盘
1734,11:28:51,22.86,0.0,5,11430,买盘
1735,11:28:54,22.9,0.04,235,537961,买盘
1736,11:28:57,22.88,-0.02,3,6864,卖盘
1737,11:29:09,22.89,0.01,6,12063,买盘
1738,11:29:12,22.88,-0.01,4,10822,卖盘
1739,11:29:15,22.88,0.0,10,22880,买盘
1740,11:29:25,22.88,0.0,5,11440,买盘
1741,11:29:27,22.85,-0.03,44,98915,卖盘
1742,11:29:30,22.87,0.02,1,2287,卖盘
1743,11:29:42,22.88,0.03,13,29708,买盘
1744,11:29:45,22.88,0.0,1,2288,买盘
1745,11:29:48,22.88,0.0,4,9152,买盘
1746,11:29:51,22.88,0.0,4,9152,买盘
1747,11:30:00,22.88,0.0,3,6860,买盘
1748,13:00:04,22.88,0.0,480,1099503,买盘
1749,13:00:07,22.88,0.0,8,18308,卖盘
1750,13:00:09,22.88,0.0,6,13728,卖盘
1751,13:00:15,22.89,0.01,1,2289,买盘
1752,13:00:30,22.88,-0.01,1,2288,卖盘
1753,13:00:33,22.88,0.0,10,22880,卖盘
1754,13:00:45,22.88,0.0,5,11440,卖盘
1755,13:00:51,22.89,0.01,4,9156,买盘
1756,13:00:54,22.88,-0.01,41,93811,卖盘
1757,13:00:57,22.89,0.01,7,16020,买盘
1758,13:01:00,22.88,-0.01,29,66352,卖盘
1759,13:01:04,22.87,-0.01,7,16009,卖盘
1760,13:01:09,22.86,-0.01,14,32014,卖盘
1761,13:01:15,22.87,0.01,13,29742,卖盘
1762,13:01:18,22.86,-0.01,16,36576,卖盘
1763,13:01:30,22.86,0.0,17,38862,卖盘
1764,13:01:33,22.85,-0.01,3,6855,卖盘
1765,13:01:36,22.85,0.0,200,457000,卖盘
1766,13:01:39,22.85,0.0,1,617,买盘
1767,13:01:42,22.84,-0.01,2,4568,卖盘
1768,13:01:45,22.84,0.0,39,89077,卖盘
1769,13:01:48,22.85,0.01,29,66240,买盘
1770,13:01:51,22.84,-0.01,22,50248,卖盘
1771,13:01:54,22.84,0.0,4,9137,卖盘
1772,13:02:00,22.84,0.0,13,29692,卖盘
1773,13:02:06,22.84,0.0,30,68520,卖盘
1774,13:02:09,22.85,0.01,654,1493737,买盘
1775,13:02:12,22.84,-0.01,3,6852,卖盘
1776,13:02:15,22.83,-0.01,6,13698,卖盘
1777,13:02:18,22.82,-0.01,10,22822,卖盘
1778,13:02:24,22.83,0.01,35,79872,中性盘
1779,13:02:27,22.83,0.0,21,47923,买盘
1780,13:02:30,22.81,-0.02,1,2281,卖盘
1781,13:02:33,22.81,0.0,2,4562,卖盘
1782,13:02:36,22.83,0.02,1,2283,买盘
1783,13:02:42,22.81,-0.02,31,70711,卖盘
1784,13:02:54,22.81,0.0,1,2281,卖盘
1785,13:03:03,22.81,0.0,12,27372,卖盘
1786,13:03:10,22.8,-0.01,4,9147,卖盘
1787,13:03:12,22.8,0.0,11,25080,卖盘
1788,13:03:15,22.8,0.0,3,6840,卖盘
1789,13:03:18,22.8,0.0,19,43325,卖盘
1790,13:03:21,22.8,0.0,2,4560,卖盘
1791,13:03:24,22.8,0.0,386,880080,卖盘
1792,13:03:27,22.8,0.0,176,401280,卖盘
1793,13:03:30,22.8,0.0,1,2257,买盘
1794,13:03:33,22.79,-0.01,7,15953,卖盘
1795,13:03:36,22.78,-0.01,25,57087,卖盘
1796,13:03:39,22.78,0.0,1,2278,卖盘
1797,13:03:42,22.78,0.0,1,2962,卖盘
1798,13:03:45,22.78,0.0,19,42462,卖盘
1799,13:03:54,22.78,0.0,9,20497,买盘
1800,13:03:57,22.77,-0.01,26,59202,卖盘
1801,13:04:00,22.76,-0.01,20,45520,卖盘
1802,13:04:03,22.75,-0.01,3,6825,卖盘
1803,13:04:09,22.75,0.0,1,2275,卖盘
1804,13:04:15,22.75,0.0,7,15925,卖盘
1805,13:04:18,22.75,0.0,25,56875,卖盘
1806,13:04:21,22.74,-0.01,1,2274,卖盘
1807,13:04:27,22.75,0.01,1,2275,买盘
1808,13:04:30,22.74,-0.01,20,45435,卖盘
1809,13:04:36,22.74,0.0,5,11370,买盘
1810,13:04:42,22.73,-0.01,7,15911,卖盘
1811,13:04:45,22.73,0.0,112,254576,卖盘
1812,13:04:51,22.72,-0.01,1,2272,卖盘
1813,13:04:54,22.72,0.0,4,10680,卖盘
1814,13:05:00,22.72,0.0,23,52257,卖盘
1815,13:05:03,22.72,0.0,4,9090,卖盘
1816,13:05:06,22.72,0.0,58,130186,卖盘
1817,13:05:09,22.72,0.0,4,9086,买盘
1818,13:05:18,22.71,-0.01,12,27252,卖盘
1819,13:05:21,22.71,0.0,6,13624,买盘
1820,13:05:24,22.7,-0.01,48,108960,卖盘
1821,13:05:27,22.7,0.0,61,138470,卖盘
1822,13:05:30,22.7,0.0,1,2270,卖盘
1823,13:05:33,22.7,0.0,17,38590,卖盘
1824,13:05:45,22.7,0.0,25,56750,卖盘
1825,13:05:48,22.7,0.0,10,22700,卖盘
1826,13:05:54,22.69,-0.01,9,20425,卖盘
1827,13:05:57,22.69,0.0,42,95298,卖盘
1828,13:06:01,22.68,-0.01,1,2268,卖盘
1829,13:06:04,22.68,0.0,7,15876,卖盘
1830,13:06:06,22.68,0.0,33,74849,卖盘
1831,13:06:09,22.68,0.0,4,9072,卖盘
1832,13:06:12,22.68,0.0,11,24948,卖盘
1833,13:06:15,22.69,0.01,2,4538,买盘
1834,13:06:18,22.68,-0.01,7,15876,卖盘
1835,13:06:21,22.68,0.0,2,4536,卖盘
1836,13:06:30,22.68,0.0,25,56700,卖盘
1837,13:06:33,22.67,-0.01,11,24947,卖盘
1838,13:06:36,22.68,0.01,3,6804,买盘
1839,13:06:39,22.68,0.0,1,2268,买盘
1840,13:06:42,22.68,0.0,3,6804,买盘
1841,13:06:45,22.68,0.0,33,74816,买盘
1842,13:06:51,22.68,0.0,2,4536,买盘
1843,13:06:54,22.67,-0.01,3,6801,卖盘
1844,13:06:57,22.68,0.01,3,7665,买盘
1845,13:07:03,22.68,0.0,1,2268,买盘
1846,13:07:06,22.67,-0.01,17,38539,卖盘
1847,13:07:12,22.67,0.0,7,15869,卖盘
1848,13:07:15,22.67,0.0,50,113350,卖盘
1849,13:07:18,22.67,0.0,3,6801,卖盘
1850,13:07:21,22.67,0.0,31,70277,卖盘
1851,13:07:24,22.67,0.0,30,68231,卖盘
1852,13:07:30,22.68,0.01,20,45360,买盘
1853,13:07:33,22.67,-0.01,2,4534,卖盘
1854,13:07:45,22.68,0.01,51,115668,买盘
1855,13:07:48,22.67,-0.01,36,81618,卖盘
1856,13:07:51,22.68,0.01,1,2268,买盘
1857,13:07:54,22.68,0.0,5,11340,买盘
1858,13:07:57,22.67,-0.01,1,2607,卖盘
1859,13:08:04,22.67,0.0,3,6801,卖盘
1860,13:08:06,22.67,0.0,24,54412,卖盘
1861,13:08:15,22.68,0.01,1,2268,买盘
1862,13:08:18,22.68,0.0,15,34015,买盘
1863,13:08:21,22.68,0.0,5,11340,买盘
1864,13:08:30,22.68,0.0,7,15876,买盘
1865,13:08:33,22.68,0.0,15,34020,买盘
1866,13:08:36,22.68,0.0,4,9072,买盘
1867,13:08:39,22.68,0.0,1,2268,买盘
1868,13:08:54,22.68,0.0,3,6804,买盘
1869,13:08:57,22.67,-0.01,8,18142,卖盘
1870,13:09:00,22.68,0.01,1,2268,买盘
1871,13:09:06,22.67,-0.01,25,56698,卖盘
1872,13:09:09,22.68,0.01,45,102060,买盘
1873,13:09:12,22.68,0.0,2,4536,卖盘
1874,13:09:36,22.7,0.02,1,2270,买盘
1875,13:09:39,22.7,0.0,6,13617,买盘
1876,13:09:42,22.7,0.0,1,2270,买盘
1877,13:09:45,22.7,0.0,3,6810,买盘
1878,13:09:51,22.7,0.0,5,11350,买盘
1879,13:09:54,22.69,-0.01,2,4538,卖盘
1880,13:10:07,22.69,0.0,20,45380,卖盘
1881,13:10:09,22.69,0.0,3,6807,买盘
1882,13:10:15,22.68,-0.01,2,4536,卖盘
1883,13:10:18,22.68,0.0,23,52164,卖盘
1884,13:10:21,22.68,0.0,30,68040,卖盘
1885,13:10:24,22.69,0.01,13,29495,买盘
1886,13:10:33,22.68,-0.01,2,4536,卖盘
1887,13:10:36,22.68,0.0,17,38570,卖盘
1888,13:10:42,22.68,0.0,9,20412,卖盘
1889,13:10:45,22.69,0.01,65,147426,买盘
1890,13:10:48,22.69,0.0,20,45379,买盘
1891,13:10:51,22.68,-0.01,10,22680,卖盘
1892,13:10:54,22.68,0.0,18,40824,卖盘
1893,13:11:06,22.69,0.01,10,22690,买盘
1894,13:11:09,22.69,0.0,51,115719,买盘
1895,13:11:12,22.69,0.0,16,36301,买盘
1896,13:11:18,22.68,-0.01,25,56700,卖盘
1897,13:11:22,22.68,0.0,2,4536,卖盘
1898,13:11:25,22.67,-0.01,14,31738,卖盘
1899,13:11:27,22.68,0.01,16,36288,买盘
1900,13:11:30,22.68,0.0,59,133074,买盘
1901,13:11:33,22.67,-0.01,16,36287,卖盘
1902,13:11:36,22.66,-0.01,8,18841,卖盘
1903,13:11:42,22.67,0.01,4,9068,买盘
1904,13:11:45,22.67,0.0,9,19723,买盘
1905,13:12:00,22.68,0.01,7,15876,买盘
1906,13:12:04,22.68,0.0,4,9072,买盘
1907,13:12:06,22.67,-0.01,25,56675,卖盘
1908,13:12:09,22.68,0.01,16,36287,买盘
1909,13:12:12,22.67,-0.01,2,4534,卖盘
1910,13:12:18,22.67,0.0,11,24942,卖盘
1911,13:12:21,22.67,0.0,16,36272,卖盘
1912,13:12:24,22.67,0.0,13,30151,卖盘
1913,13:12:27,22.68,0.01,9,20403,买盘
1914,13:12:31,22.67,-0.01,6,13602,卖盘
1915,13:12:33,22.68,0.01,19,43092,买盘
1916,13:12:36,22.66,-0.02,18,40794,卖盘
1917,13:12:42,22.66,0.0,20,45320,卖盘
1918,13:12:55,22.66,0.0,4,9066,卖盘
1919,13:12:58,22.67,0.01,4,9070,中性盘
1920,13:13:00,22.67,0.0,1,2267,卖盘
1921,13:13:09,22.67,0.0,17,38544,卖盘
1922,13:13:12,22.67,0.0,3,6801,买盘
1923,13:13:18,22.66,-0.01,11,24926,卖盘
1924,13:13:24,22.67,0.01,17,38539,买盘
1925,13:13:30,22.66,-0.01,40,90640,卖盘
1926,13:13:33,22.66,0.0,3,6798,卖盘
1927,13:13:36,22.67,0.01,14,31738,买盘
1928,13:13:48,22.67,0.0,22,49872,买盘
1929,13:13:51,22.66,-0.01,5,11398,卖盘
1930,13:13:54,22.67,0.01,2,4534,买盘
1931,13:13:57,22.66,-0.01,2,4532,卖盘
1932,13:14:06,22.67,0.01,9,20403,买盘
1933,13:14:09,22.67,0.0,3,6801,买盘
1934,13:14:18,22.66,-0.01,3,6800,卖盘
1935,13:14:21,22.67,0.01,7,15869,买盘
1936,13:14:27,22.67,0.0,26,59123,买盘
1937,13:14:33,22.67,0.0,2,4534,卖盘
1938,13:14:36,22.67,0.0,5,11335,卖盘
1939,13:14:39,22.68,0.01,11,24948,买盘
1940,13:14:42,22.68,0.0,37,83916,买盘
1941,13:14:51,22.68,0.0,3,6804,买盘
1942,13:14:57,22.68,0.0,142,322056,买盘
1943,13:15:01,22.68,0.0,37,83916,买盘
1944,13:15:09,22.68,0.0,21,47628,卖盘
1945,13:15:12,22.68,0.0,105,238143,卖盘
1946,13:15:15,22.68,0.0,3,6806,卖盘
1947,13:15:24,22.69,0.01,2,4538,买盘
1948,13:15:27,22.68,-0.01,3,6806,卖盘
1949,13:15:33,22.69,0.01,8,18152,买盘
1950,13:15:36,22.7,0.01,19,43153,买盘
1951,13:15:48,22.69,-0.01,19,43111,卖盘
1952,13:15:51,22.7,0.01,1,2270,买盘
1953,13:15:55,22.69,-0.01,1,1361,卖盘
1954,13:15:57,22.69,0.0,32,73491,卖盘
1955,13:16:01,22.68,-0.01,50,113424,卖盘
1956,13:16:04,22.68,0.0,18,40841,卖盘
1957,13:16:06,22.68,0.0,14,31752,卖盘
1958,13:16:09,22.68,0.0,5,11340,买盘
1959,13:16:12,22.67,-0.01,2,4534,卖盘
1960,13:16:15,22.67,0.0,9,20403,卖盘
1961,13:16:24,22.68,0.01,1,2268,买盘
1962,13:16:27,22.67,-0.01,28,63484,卖盘
1963,13:16:30,22.68,0.01,6,13608,买盘
1964,13:16:33,22.68,0.0,12,27211,买盘
1965,13:16:37,22.67,-0.01,60,136020,卖盘
1966,13:16:40,22.67,0.0,17,38555,卖盘
1967,13:16:48,22.67,0.0,1,2267,卖盘
1968,13:16:54,22.68,0.01,42,95256,买盘
1969,13:16:57,22.68,0.0,11,24948,买盘
1970,13:17:03,22.68,0.0,5,11340,买盘
1971,13:17:09,22.67,-0.01,43,97503,卖盘
1972,13:17:12,22.68,0.01,15,34018,买盘
1973,13:17:15,22.67,-0.01,13,29480,卖盘
1974,13:17:21,22.67,0.0,2,4534,卖盘
1975,13:17:24,22.68,0.01,1,2268,买盘
1976,13:17:30,22.67,-0.01,1,589,卖盘
1977,13:17:33,22.68,0.01,16,36288,买盘
1978,13:17:36,22.68,0.0,8,18144,买盘
1979,13:17:39,22.67,-0.01,150,340277,卖盘
1980,13:17:42,22.67,0.0,1,2267,卖盘
1981,13:17:45,22.69,0.02,14,31766,买盘
1982,13:17:54,22.69,0.0,27,61520,卖盘
1983,13:17:57,22.69,0.0,3,6807,卖盘
1984,13:18:09,22.69,0.0,1,2269,卖盘
1985,13:18:18,22.69,0.0,5,11458,卖盘
1986,13:18:21,22.69,0.0,7,15883,卖盘
1987,13:18:24,22.7,0.01,2,4540,买盘
1988,13:18:30,22.71,0.01,32,72672,买盘
1989,13:18:33,22.71,0.0,8,18168,买盘
1990,13:18:36,22.7,-0.01,20,45400,卖盘
1991,13:18:39,22.71,0.01,3,6813,买盘
1992,13:18:45,22.71,0.0,9,20439,买盘
1993,13:18:54,22.73,0.02,13,29549,买盘
1994,13:18:57,22.73,0.0,5,11365,买盘
1995,13:19:01,22.72,-0.01,1,2272,卖盘
1996,13:19:07,22.72,0.0,2,4544,卖盘
1997,13:19:15,22.72,0.0,1,2272,卖盘
1998,13:19:18,22.72,0.0,25,56798,买盘
1999,13:19:21,22.72,0.0,2,4544,买盘
2000,13:19:24,22.71,-0.01,23,52233,卖盘
2001,13:19:27,22.72,0.01,8,18176,买盘
2002,13:19:30,22.72,0.0,1,2272,买盘
2003,13:19:33,22.74,0.02,16,36364,买盘
2004,13:19:37,22.71,-0.03,2,4542,卖盘
2005,13:19:48,22.74,0.03,16,36384,买盘
2006,13:19:51,22.75,0.01,51,115987,买盘
2007,13:19:54,22.75,0.0,11,25025,卖盘
2008,13:19:57,22.75,0.0,2,4550,卖盘
2009,13:20:00,22.76,0.01,1,2276,买盘
2010,13:20:03,22.8,0.04,110,251464,买盘
2011,13:20:06,22.8,0.0,57,129997,卖盘
2012,13:20:09,22.8,0.0,14,31940,卖盘
2013,13:20:12,22.8,0.0,36,82080,卖盘
2014,13:20:15,22.8,0.0,83,188419,卖盘
2015,13:20:18,22.76,-0.04,7,15932,卖盘
2016,13:20:22,22.75,-0.01,31,70665,卖盘
2017,13:20:30,22.8,0.05,26,59280,买盘
2018,13:20:33,22.75,-0.05,1,2275,卖盘
2019,13:20:36,22.82,0.07,28,63876,买盘
2020,13:20:39,22.82,0.0,5,11410,卖盘
2021,13:20:42,22.82,0.0,35,81057,卖盘
2022,13:20:45,22.82,0.0,31,70751,卖盘
2023,13:20:48,22.83,0.01,12,27385,中性盘
2024,13:20:52,22.83,0.0,70,158571,买盘
2025,13:20:55,22.8,-0.03,5,11400,卖盘
2026,13:20:58,22.8,0.0,10,22800,卖盘
2027,13:21:01,22.83,0.03,23,52511,卖盘
2028,13:21:04,22.83,0.0,52,118710,买盘
2029,13:21:06,22.84,0.01,18,41107,买盘
2030,13:21:09,22.8,-0.04,10,22800,卖盘
2031,13:21:12,22.82,0.02,3,6846,中性盘
2032,13:21:15,22.8,-0.02,14,31953,卖盘
2033,13:21:18,22.82,0.02,2,4564,中性盘
2034,13:21:37,22.83,0.01,3,6849,买盘
2035,13:21:45,22.83,0.0,2,4566,买盘
2036,13:21:51,22.82,-0.01,4,9128,卖盘
2037,13:22:04,22.82,0.0,2,4564,卖盘
2038,13:22:06,22.83,0.01,10,22830,买盘
2039,13:22:09,22.83,0.0,3,6848,买盘
2040,13:22:18,22.82,-0.01,7,15974,卖盘
2041,13:22:24,22.81,-0.01,1,2281,卖盘
2042,13:22:30,22.81,0.0,9,20529,卖盘
2043,13:22:33,22.81,0.0,2,4562,买盘
2044,13:22:52,22.81,0.0,2,4562,买盘
2045,13:22:55,22.8,-0.01,24,54904,卖盘
2046,13:22:57,22.8,0.0,7,16530,卖盘
2047,13:23:00,22.8,0.0,3,6840,卖盘
2048,13:23:06,22.8,0.0,41,93480,卖盘
2049,13:23:10,22.8,0.0,43,98040,卖盘
2050,13:23:12,22.8,0.0,39,88921,卖盘
2051,13:23:15,22.8,0.0,67,152772,卖盘
2052,13:23:18,22.8,0.0,68,154310,卖盘
2053,13:23:22,22.76,-0.04,4,9104,卖盘
2054,13:23:24,22.75,-0.01,10,22750,卖盘
2055,13:23:27,22.75,0.0,1,2275,卖盘
2056,13:23:36,22.75,0.0,20,45500,卖盘
2057,13:23:39,22.75,0.0,2,4550,卖盘
2058,13:23:42,22.75,0.0,6,13650,卖盘
2059,13:23:45,22.75,0.0,4,9100,卖盘
2060,13:23:48,22.75,0.0,54,122850,卖盘
2061,13:23:51,22.75,0.0,5,11375,卖盘
2062,13:24:00,22.75,0.0,1,2616,卖盘
2063,13:24:04,22.76,0.01,23,52326,买盘
2064,13:24:06,22.75,-0.01,96,218400,卖盘
2065,13:24:09,22.76,0.01,17,38680,买盘
2066,13:24:12,22.75,-0.01,1,2275,卖盘
2067,13:24:15,22.75,0.0,2,4550,卖盘
2068,13:24:18,22.75,0.0,20,45500,卖盘
2069,13:24:21,22.76,0.01,64,145664,买盘
2070,13:24:24,22.76,0.0,59,134320,卖盘
2071,13:24:27,22.76,0.0,12,27312,卖盘
2072,13:24:30,22.75,-0.01,11,25025,卖盘
2073,13:24:33,22.75,0.0,1,2275,卖盘
2074,13:24:42,22.75,0.0,26,59150,卖盘
2075,13:24:45,22.75,0.0,5,11375,卖盘
2076,13:24:51,22.75,0.0,8,18202,卖盘
2077,13:24:54,22.75,0.0,3,5915,卖盘
2078,13:25:06,22.75,0.0,5,11373,买盘
2079,13:25:09,22.75,0.0,12,27300,买盘
2080,13:25:12,22.75,0.0,2,4550,买盘
2081,13:25:24,22.75,0.0,48,110110,买盘
2082,13:25:27,22.75,0.0,15,34125,卖盘
2083,13:25:34,22.75,0.0,7,15925,卖盘
2084,13:25:42,22.76,0.01,2,4552,买盘
2085,13:25:48,22.75,-0.01,3,6825,卖盘
2086,13:25:57,22.75,0.0,2,4550,卖盘
2087,13:26:00,22.75,0.0,158,359534,卖盘
2088,13:26:03,22.75,0.0,153,347192,卖盘
2089,13:26:06,22.75,0.0,31,70499,买盘
2090,13:26:12,22.75,0.0,11,25025,买盘
2091,13:26:15,22.73,-0.02,3,6819,卖盘
2092,13:26:21,22.73,0.0,1,2273,卖盘
2093,13:26:28,22.73,0.0,2,4546,卖盘
2094,13:26:37,22.74,0.01,1,2274,买盘
2095,13:26:48,22.73,-0.01,24,54552,卖盘
2096,13:26:51,22.73,0.0,13,29561,卖盘
2097,13:26:57,22.72,-0.01,3,6816,卖盘
2098,13:27:07,22.72,0.0,7,15904,卖盘
2099,13:27:12,22.73,0.01,51,115923,买盘
2100,13:27:15,22.73,0.0,17,38641,买盘
2101,13:27:18,22.73,0.0,5,11365,卖盘
2102,13:27:30,22.74,0.01,8,18192,买盘
2103,13:27:36,22.74,0.0,1,2274,买盘
2104,13:27:39,22.74,0.0,2,4548,买盘
2105,13:27:42,22.74,0.0,2,4548,买盘
2106,13:27:46,22.73,-0.01,20,45460,卖盘
2107,13:27:48,22.74,0.01,1,2274,买盘
2108,13:27:52,22.74,0.0,10,22740,买盘
2109,13:27:54,22.73,-0.01,7,15912,卖盘
2110,13:27:57,22.74,0.01,18,40932,买盘
2111,13:28:03,22.73,-0.01,2,4546,卖盘
2112,13:28:13,22.73,0.0,2,4546,卖盘
2113,13:28:24,22.74,0.01,13,29562,买盘
2114,13:28:27,22.73,-0.01,16,36378,卖盘
2115,13:28:30,22.73,0.0,1,2273,卖盘
2116,13:28:42,22.73,0.0,8,18184,买盘
2117,13:28:45,22.74,0.01,18,40921,买盘
2118,13:28:48,22.73,-0.01,8,18184,卖盘
2119,13:28:51,22.73,0.0,2,4546,卖盘
2120,13:28:54,22.73,0.0,2,4546,卖盘
2121,13:28:57,22.74,0.01,12,27288,买盘
2122,13:29:00,22.74,0.0,2,4547,买盘
2123,13:29:03,22.74,0.0,9,20466,买盘
2124,13:29:06,22.73,-0.01,3,6820,卖盘
2125,13:29:21,22.74,0.01,2,4548,卖盘
2126,13:29:24,22.72,-0.02,50,113639,卖盘
2127,13:29:27,22.75,0.03,21,47772,买盘
2128,13:29:33,22.72,-0.03,2,4544,卖盘
2129,13:29:36,22.74,0.02,1,2274,买盘
2130,13:29:42,22.73,-0.01,2,4546,卖盘
2131,13:29:54,22.72,-0.01,93,211343,卖盘
2132,13:29:57,22.72,0.0,10,22719,买盘
2133,13:30:00,22.72,0.0,5,11360,买盘
2134,13:30:03,22.72,0.0,7,15903,卖盘
2135,13:30:12,22.72,0.0,13,29526,买盘
2136,13:30:15,22.71,-0.01,3,6813,卖盘
2137,13:30:18,22.72,0.01,1,2272,买盘
2138,13:30:21,22.72,0.0,5,11360,买盘
2139,13:30:27,22.72,0.0,1,2272,买盘
2140,13:30:51,22.72,0.0,2,4544,买盘
2141,13:31:00,22.71,-0.01,2,4542,卖盘
2142,13:31:06,22.7,-0.01,20,45410,卖盘
2143,13:31:09,22.72,0.02,10,22720,买盘
2144,13:31:19,22.7,-0.02,10,22700,卖盘
2145,13:31:25,22.71,0.01,6,13626,卖盘
2146,13:31:33,22.7,-0.01,42,95340,卖盘
2147,13:31:36,22.69,-0.01,10,22690,卖盘
2148,13:31:42,22.69,0.0,1,2269,卖盘
2149,13:31:45,22.69,0.0,9,20421,卖盘
2150,13:31:48,22.7,0.01,52,118038,买盘
2151,13:31:52,22.69,-0.01,1,2269,卖盘
2152,13:31:58,22.69,0.0,45,102105,卖盘
2153,13:32:00,22.68,-0.01,6,13613,卖盘
2154,13:32:06,22.68,0.0,28,63504,卖盘
2155,13:32:09,22.68,0.0,3,6804,卖盘
2156,13:32:16,22.69,0.01,67,152023,买盘
2157,13:32:19,22.69,0.0,40,90742,中性盘
2158,13:32:21,22.68,-0.01,14,31758,卖盘
2159,13:32:24,22.68,0.0,10,22680,卖盘
2160,13:32:27,22.68,0.0,31,70312,卖盘
2161,13:32:30,22.69,0.01,16,36295,买盘
2162,13:32:33,22.68,-0.01,11,24948,卖盘
2163,13:32:36,22.68,0.0,6,13613,卖盘
2164,13:32:42,22.67,-0.01,80,181391,卖盘
2165,13:32:45,22.68,0.01,20,45360,中性盘
2166,13:32:48,22.67,-0.01,17,38539,卖盘
2167,13:32:51,22.68,0.01,24,54412,买盘
2168,13:32:54,22.68,0.0,5,11340,买盘
2169,13:32:57,22.67,-0.01,2,4534,卖盘
2170,13:33:00,22.67,0.0,8,18136,卖盘
2171,13:33:04,22.67,0.0,1,2267,卖盘
2172,13:33:06,22.68,0.01,3,6802,买盘
2173,13:33:09,22.67,-0.01,26,58967,卖盘
2174,13:33:12,22.67,0.0,6,13607,卖盘
2175,13:33:15,22.67,0.0,100,226700,卖盘
2176,13:33:18,22.68,0.01,28,63502,买盘
2177,13:33:21,22.67,-0.01,5,11335,卖盘
2178,13:33:24,22.67,0.0,70,158690,卖盘
2179,13:33:27,22.68,0.01,45,102038,买盘
2180,13:33:30,22.68,0.0,4,9072,卖盘
2181,13:33:33,22.68,0.0,4,9071,买盘
2182,13:33:36,22.67,-0.01,22,49874,卖盘
2183,13:33:42,22.67,0.0,10,22670,卖盘
2184,13:33:45,22.67,0.0,41,92176,卖盘
2185,13:33:48,22.66,-0.01,2,4532,卖盘
2186,13:33:54,22.66,0.0,31,70247,卖盘
2187,13:33:57,22.66,0.0,3,6798,卖盘
2188,13:34:00,22.67,0.01,3,6799,买盘
2189,13:34:04,22.67,0.0,120,271940,买盘
2190,13:34:06,22.66,-0.01,31,70246,卖盘
2191,13:34:12,22.66,0.0,1,2266,卖盘
2192,13:34:21,22.66,0.0,30,69100,卖盘
2193,13:34:27,22.65,-0.01,5,11325,卖盘
2194,13:34:30,22.66,0.01,1,2266,买盘
2195,13:34:33,22.66,0.0,153,346580,买盘
2196,13:34:36,22.64,-0.02,4,9056,卖盘
2197,13:34:42,22.66,0.02,50,113252,买盘
2198,13:34:45,22.64,-0.02,1,2264,卖盘
2199,13:34:48,22.66,0.02,5,11330,买盘
2200,13:34:51,22.62,-0.04,110,248892,卖盘
2201,13:34:57,22.64,0.02,2,4528,卖盘
2202,13:35:00,22.65,0.01,1,2265,买盘
2203,13:35:04,22.64,-0.01,15,33972,卖盘
2204,13:35:06,22.65,0.01,1,2265,中性盘
2205,13:35:09,22.65,0.0,121,274180,卖盘
2206,13:35:12,22.65,0.0,1,2265,卖盘
2207,13:35:15,22.64,-0.01,35,79242,卖盘
2208,13:35:18,22.64,0.0,41,92824,买盘
2209,13:35:21,22.6,-0.04,301,680402,卖盘
2210,13:35:24,22.64,0.04,83,187902,买盘
2211,13:35:27,22.61,-0.03,2,4522,卖盘
2212,13:35:30,22.6,-0.01,57,128824,卖盘
2213,13:35:34,22.6,0.0,12,27142,卖盘
2214,13:35:45,22.6,0.0,8,18080,卖盘
2215,13:35:48,22.6,0.0,8,18080,买盘
2216,13:35:51,22.6,0.0,13,29380,买盘
2217,13:35:54,22.6,0.0,7,15817,买盘
2218,13:35:57,22.61,0.01,1,2261,买盘
2219,13:36:00,22.6,-0.01,2,4520,卖盘
2220,13:36:03,22.61,0.01,26,58786,买盘
2221,13:36:06,22.61,0.0,12,27132,买盘
2222,13:36:10,22.6,-0.01,40,90414,卖盘
2223,13:36:12,22.61,0.01,41,92704,买盘
2224,13:36:15,22.62,0.01,10,22619,买盘
2225,13:36:18,22.6,-0.02,188,424936,卖盘
2226,13:36:22,22.6,0.0,10,22610,卖盘
2227,13:36:30,22.64,0.04,33,74690,买盘
2228,13:36:33,22.65,0.01,30,67986,卖盘
2229,13:36:36,22.68,0.03,35,79320,买盘
2230,13:36:39,22.69,0.01,19,43111,买盘
2231,13:36:42,22.7,0.01,9,20430,买盘
2232,13:36:45,22.68,-0.02,3,6804,买盘
2233,13:36:51,22.68,0.0,1,2268,买盘
2234,13:36:55,22.68,0.0,2,4536,买盘
2235,13:36:57,22.67,-0.01,2,4534,卖盘
2236,13:37:04,22.68,0.01,1,2268,买盘
2237,13:37:06,22.67,-0.01,17,38539,卖盘
2238,13:37:09,22.68,0.01,15,34014,买盘
2239,13:37:12,22.67,-0.01,4,9071,卖盘
2240,13:37:15,22.66,-0.01,9,20398,卖盘
2241,13:37:18,22.68,0.02,2,4536,买盘
2242,13:37:27,22.68,0.0,2,4536,买盘
2243,13:37:30,22.68,0.0,1,2268,买盘
2244,13:37:37,22.68,0.0,3,6804,买盘
2245,13:37:40,22.68,0.0,51,115668,买盘
2246,13:37:42,22.66,-0.02,10,22678,卖盘
2247,13:37:45,22.7,0.04,3,6810,买盘
2248,13:38:00,22.7,0.0,4,9080,买盘
2249,13:38:06,22.68,-0.02,2,4536,卖盘
2250,13:38:09,22.68,0.0,1,2268,卖盘
2251,13:38:13,22.68,0.0,16,36288,卖盘
2252,13:38:15,22.66,-0.02,1,2266,卖盘
2253,13:38:18,22.66,0.0,8,18140,卖盘
2254,13:38:24,22.66,0.0,9,20394,卖盘
2255,13:38:27,22.67,0.01,33,74782,买盘
2256,13:38:30,22.65,-0.02,1,2265,卖盘
2257,13:38:33,22.67,0.02,11,24937,买盘
2258,13:38:42,22.67,0.0,76,172292,买盘
2259,13:38:45,22.68,0.01,22,49894,买盘
2260,13:38:48,22.68,0.0,40,90720,买盘
2261,13:38:52,22.69,0.01,10,22689,买盘
2262,13:38:55,22.7,0.01,1,2270,买盘
2263,13:39:00,22.68,-0.02,3,6806,卖盘
2264,13:39:12,22.69,0.01,3,6807,卖盘
2265,13:39:15,22.69,0.0,2,4538,买盘
2266,13:39:18,22.68,-0.01,20,45369,卖盘
2267,13:39:22,22.7,0.02,9,20430,买盘
2268,13:39:24,22.69,-0.01,1,2269,卖盘
2269,13:39:28,22.69,0.0,1,2269,卖盘
2270,13:39:30,22.65,-0.04,200,453385,卖盘
2271,13:39:33,22.69,0.04,5,11329,中性盘
2272,13:39:37,22.69,0.0,19,43111,买盘
2273,13:39:39,22.69,0.0,24,54456,买盘
2274,13:39:42,22.68,-0.01,9,20428,卖盘
2275,13:39:45,22.68,0.0,2,4536,卖盘
2276,13:39:51,22.68,0.0,2,4536,卖盘
2277,13:39:57,22.65,-0.03,2,4530,卖盘
2278,13:40:15,22.68,0.03,3,6804,卖盘
2279,13:40:27,22.68,0.0,2,4536,卖盘
2280,13:40:36,22.66,-0.02,1,2266,卖盘
2281,13:40:42,22.65,-0.01,150,339827,卖盘
2282,13:40:45,22.65,0.0,36,81540,买盘
2283,13:40:48,22.64,-0.01,14,31706,中性盘
2284,13:40:55,22.65,0.01,5,11325,买盘
2285,13:41:00,22.62,-0.03,2,4525,卖盘
2286,13:41:03,22.65,0.03,49,110945,买盘
2287,13:41:06,22.65,0.0,18,40764,买盘
2288,13:41:10,22.65,0.0,8,18120,买盘
2289,13:41:15,22.64,-0.01,1,2264,买盘
2290,13:41:18,22.64,0.0,4,9056,买盘
2291,13:41:24,22.63,-0.01,10,22630,卖盘
2292,13:41:27,22.63,0.0,3,6789,买盘
2293,13:41:33,22.63,0.0,11,24893,买盘
2294,13:41:36,22.63,0.0,3,6789,买盘
2295,13:41:39,22.62,-0.01,11,24883,卖盘
2296,13:41:45,22.62,0.0,2,4524,卖盘
2297,13:41:48,22.63,0.01,3,6789,买盘
2298,13:41:51,22.62,-0.01,4,9048,卖盘
2299,13:41:54,22.63,0.01,2,4526,买盘
2300,13:41:58,22.63,0.0,7,15841,买盘
2301,13:42:01,22.63,0.0,19,42997,买盘
2302,13:42:04,22.63,0.0,34,76932,买盘
2303,13:42:06,22.61,-0.02,319,721227,卖盘
2304,13:42:09,22.62,0.01,35,79168,买盘
2305,13:42:12,22.62,0.0,4,9048,买盘
2306,13:42:15,22.63,0.01,62,140297,买盘
2307,13:42:18,22.63,0.0,6,13578,买盘
2308,13:42:36,22.62,-0.01,4,9048,卖盘
2309,13:42:39,22.63,0.01,5,11315,买盘
2310,13:42:42,22.63,0.0,19,42997,买盘
2311,13:42:45,22.63,0.0,89,201407,买盘
2312,13:42:48,22.63,0.0,2,4526,卖盘
2313,13:42:51,22.64,0.01,2,4528,买盘
2314,13:42:57,22.63,-0.01,2,4526,卖盘
2315,13:43:00,22.64,0.01,2,4528,买盘
2316,13:43:04,22.64,0.0,5,11318,买盘
2317,13:43:06,22.65,0.01,31,70214,买盘
2318,13:43:09,22.65,0.0,53,120045,买盘
2319,13:43:12,22.66,0.01,14,31722,买盘
2320,13:43:15,22.69,0.03,12,27228,买盘
2321,13:43:21,22.65,-0.04,23,52095,卖盘
2322,13:43:24,22.69,0.04,6,13614,买盘
2323,13:43:33,22.69,0.0,2,4538,买盘
2324,13:43:39,22.68,-0.01,1,2268,买盘
2325,13:43:42,22.65,-0.03,1,2265,卖盘
2326,13:43:54,22.69,0.04,27,61246,买盘
2327,13:43:57,22.7,0.01,10,22699,买盘
2328,13:44:00,22.69,-0.01,2,4538,卖盘
2329,13:44:06,22.69,0.0,14,31766,卖盘
2330,13:44:09,22.68,-0.01,5,11344,卖盘
2331,13:44:13,22.68,0.0,9,20416,卖盘
2332,13:44:18,22.66,-0.02,16,36298,卖盘
2333,13:44:21,22.69,0.03,16,36304,买盘
2334,13:44:36,22.66,-0.03,17,38564,卖盘
2335,13:44:40,22.69,0.03,7,15883,买盘
2336,13:44:42,22.66,-0.03,1,2266,卖盘
2337,13:44:54,22.69,0.03,11,24959,买盘
2338,13:45:00,22.66,-0.03,2,4533,卖盘
2339,13:45:04,22.67,0.01,26,58917,中性盘
2340,13:45:06,22.68,0.01,11,24948,买盘
2341,13:45:09,22.67,-0.01,1,2267,卖盘
2342,13:45:12,22.67,0.0,3,6801,卖盘
2343,13:45:21,22.67,0.0,8,18136,卖盘
2344,13:45:27,22.68,0.01,12,27212,买盘
2345,13:45:30,22.68,0.0,6,13608,买盘
2346,13:45:40,22.67,-0.01,55,124735,卖盘
2347,13:45:46,22.65,-0.02,192,434931,卖盘
2348,13:45:48,22.65,0.0,14,31710,买盘
2349,13:45:51,22.67,0.02,20,45334,买盘
2350,13:45:54,22.69,0.02,18,40842,买盘
2351,13:45:57,22.7,0.01,12,27240,买盘
2352,13:46:00,22.7,0.0,5,11350,买盘
2353,13:46:03,22.66,-0.04,2,4532,卖盘
2354,13:46:09,22.67,0.01,4,9068,卖盘
2355,13:46:13,22.67,0.0,1,2267,卖盘
2356,13:46:21,22.67,0.0,4,9068,卖盘
2357,13:46:24,22.69,0.02,11,24959,买盘
2358,13:46:27,22.69,0.0,5,11345,买盘
2359,13:46:33,22.67,-0.02,1,2267,卖盘
2360,13:46:39,22.68,0.01,4,9071,买盘
2361,13:46:43,22.67,-0.01,1,2267,买盘
2362,13:46:45,22.67,0.0,40,90680,买盘
2363,13:46:48,22.67,0.0,12,27204,买盘
2364,13:46:57,22.66,-0.01,2,4532,卖盘
2365,13:47:18,22.66,0.0,3,6798,卖盘
2366,13:47:21,22.67,0.01,9,20395,买盘
2367,13:47:27,22.67,0.0,53,120107,买盘
2368,13:47:30,22.67,0.0,16,36269,买盘
2369,13:47:33,22.67,0.0,25,56670,买盘
2370,13:47:36,22.67,0.0,2,4534,买盘
2371,13:47:39,22.69,0.02,4,9076,买盘
2372,13:47:48,22.67,-0.02,1,2267,卖盘
2373,13:47:51,22.68,0.01,5,11339,买盘
2374,13:47:54,22.67,-0.01,1,2267,中性盘
2375,13:48:03,22.67,0.0,3,6801,买盘
2376,13:48:06,22.66,-0.01,33,74779,卖盘
2377,13:48:09,22.66,0.0,26,58924,卖盘
2378,13:48:12,22.67,0.01,4,9068,买盘
2379,13:48:36,22.67,0.0,4,9068,买盘
2380,13:48:39,22.66,-0.01,51,115616,卖盘
2381,13:48:42,22.66,0.0,1,2266,卖盘
2382,13:48:45,22.67,0.01,52,117837,买盘
2383,13:48:48,22.67,0.0,10,22670,卖盘
2384,13:48:51,22.66,-0.01,16,36267,卖盘
2385,13:48:54,22.68,0.02,30,68040,买盘
2386,13:48:57,22.68,0.0,4,9072,买盘
2387,13:49:00,22.68,0.0,1,2268,卖盘
2388,13:49:04,22.68,0.0,1,2268,卖盘
2389,13:49:06,22.69,0.01,103,233707,买盘
2390,13:49:09,22.7,0.01,34,77177,买盘
2391,13:49:12,22.7,0.0,48,108960,买盘
2392,13:49:15,22.7,0.0,15,34048,买盘
2393,13:49:18,22.69,-0.01,13,29497,卖盘
2394,13:49:21,22.7,0.01,39,88530,买盘
2395,13:49:24,22.7,0.0,16,36346,卖盘
2396,13:49:33,22.72,0.02,4,9088,买盘
2397,13:49:36,22.73,0.01,4,9092,买盘
2398,13:49:42,22.73,0.0,2,4546,卖盘
2399,13:49:58,22.74,0.01,8,18192,买盘
2400,13:50:00,22.74,0.0,23,52315,卖盘
2401,13:50:04,22.73,-0.01,5,11369,卖盘
2402,13:50:06,22.73,0.0,13,29549,卖盘
2403,13:50:09,22.73,0.0,3,6819,买盘
2404,13:50:12,22.74,0.01,50,113683,买盘
2405,13:50:15,22.74,0.0,14,31835,买盘
2406,13:50:18,22.73,-0.01,24,54552,卖盘
2407,13:50:21,22.73,0.0,6,13638,买盘
2408,13:50:24,22.74,0.01,76,172796,买盘
2409,13:50:28,22.75,0.01,10,22747,买盘
2410,13:50:31,22.74,-0.01,14,31849,卖盘
2411,13:50:34,22.75,0.01,2,4550,买盘
2412,13:50:39,22.74,-0.01,26,59140,卖盘
2413,13:50:52,22.76,0.02,5,11380,买盘
2414,13:50:54,22.75,-0.01,49,111445,卖盘
2415,13:51:00,22.74,-0.01,23,52309,卖盘
2416,13:51:04,22.75,0.01,25,56875,中性盘
2417,13:51:06,22.74,-0.01,31,70524,卖盘
2418,13:51:09,22.74,0.0,18,40932,卖盘
2419,13:51:12,22.74,0.0,1,2274,中性盘
2420,13:51:15,22.76,0.02,39,88738,买盘
2421,13:51:18,22.75,-0.01,12,27289,买盘
2422,13:51:21,22.74,-0.01,4,9096,中性盘
2423,13:51:27,22.75,0.01,5,11373,买盘
2424,13:51:30,22.74,-0.01,17,38658,买盘
2425,13:51:36,22.73,-0.01,24,54552,卖盘
2426,13:51:39,22.73,0.0,7,15911,卖盘
2427,13:51:42,22.72,-0.01,10,22721,卖盘
2428,13:51:45,22.73,0.01,13,29549,买盘
2429,13:51:51,22.72,-0.01,3,6816,卖盘
2430,13:51:54,22.72,0.0,27,61346,卖盘
2431,13:51:57,22.73,0.01,3,6819,买盘
2432,13:52:03,22.72,-0.01,2,4544,卖盘
2433,13:52:06,22.72,0.0,3,6816,卖盘
2434,13:52:15,22.72,0.0,5,11360,买盘
2435,13:52:21,22.72,0.0,7,15904,买盘
2436,13:52:24,22.7,-0.02,66,150012,卖盘
2437,13:52:28,22.7,0.0,7,15890,卖盘
2438,13:52:36,22.7,0.0,2,4540,卖盘
2439,13:52:42,22.71,0.01,1,2271,买盘
2440,13:52:51,22.7,-0.01,31,70370,卖盘
2441,13:52:54,22.7,0.0,1,2270,卖盘
2442,13:52:58,22.72,0.02,2,4544,买盘
2443,13:53:06,22.7,-0.02,3,6811,卖盘
2444,13:53:09,22.71,0.01,5,11355,中性盘
2445,13:53:15,22.7,-0.01,2,4540,卖盘
2446,13:53:18,22.71,0.01,21,47674,买盘
2447,13:53:25,22.71,0.0,57,129447,买盘
2448,13:53:28,22.72,0.01,5,11357,买盘
2449,13:53:30,22.71,-0.01,3,6815,中性盘
2450,13:53:33,22.71,0.0,2,4542,卖盘
2451,13:53:37,22.72,0.01,2,4544,买盘
2452,13:53:45,22.72,0.0,20,45440,买盘
2453,13:53:48,22.72,0.0,10,22734,卖盘
2454,13:54:09,22.72,0.0,9,20452,卖盘
2455,13:54:12,22.73,0.01,3,6819,买盘
2456,13:54:24,22.73,0.0,3,6819,买盘
2457,13:54:28,22.72,-0.01,3,6816,卖盘
2458,13:54:34,22.73,0.01,1,2273,买盘
2459,13:54:37,22.72,-0.01,1,2272,卖盘
2460,13:54:39,22.72,0.0,6,13637,卖盘
2461,13:54:43,22.73,0.01,9,20457,买盘
2462,13:54:48,22.72,-0.01,2,4544,卖盘
2463,13:54:57,22.73,0.01,1,2273,买盘
2464,13:55:00,22.73,0.0,5,11365,买盘
2465,13:55:03,22.73,0.0,5,11365,买盘
2466,13:55:09,22.73,0.0,2,4546,买盘
2467,13:55:16,22.73,0.0,8,18180,买盘
2468,13:55:18,22.72,-0.01,6,13632,卖盘
2469,13:55:21,22.73,0.01,89,202297,买盘
2470,13:55:24,22.75,0.02,24,54588,买盘
2471,13:55:27,22.75,0.0,5,11375,买盘
2472,13:55:30,22.75,0.0,3,6825,买盘
2473,13:55:42,22.74,-0.01,27,61398,买盘
2474,13:55:45,22.75,0.01,23,52324,买盘
2475,13:55:51,22.75,0.0,6,13650,买盘
2476,13:55:58,22.74,-0.01,3,6823,卖盘
2477,13:56:06,22.75,0.01,1,2275,买盘
2478,13:56:12,22.73,-0.02,13,29560,卖盘
2479,13:56:15,22.74,0.01,5,11370,买盘
2480,13:56:21,22.73,-0.01,19,43202,卖盘
2481,13:56:24,22.75,0.02,5,11373,买盘
2482,13:56:30,22.75,0.0,26,59110,买盘
2483,13:56:33,22.75,0.0,5,11375,买盘
2484,13:56:39,22.74,-0.01,4,9098,卖盘
2485,13:56:57,22.74,0.0,5,11370,买盘
2486,13:57:00,22.72,-0.02,13,29556,卖盘
2487,13:57:03,22.74,0.02,1,2274,卖盘
2488,13:57:06,22.75,0.01,33,75067,买盘
2489,13:57:12,22.74,-0.01,6,13644,买盘
2490,13:57:15,22.74,0.0,3,6822,买盘
2491,13:57:21,22.74,0.0,2,4548,买盘
2492,13:57:24,22.75,0.01,3,6823,买盘
2493,13:57:30,22.74,-0.01,2,4548,买盘
2494,13:57:33,22.74,0.0,2,4548,买盘
2495,13:57:39,22.73,-0.01,1,2273,卖盘
2496,13:57:42,22.73,0.0,28,63648,卖盘
2497,13:57:45,22.74,0.01,11,25014,买盘
2498,13:57:48,22.74,0.0,19,43197,买盘
2499,13:57:51,22.72,-0.02,56,127260,卖盘
2500,13:57:54,22.72,0.0,19,43186,卖盘
2501,13:58:16,22.72,0.0,49,111375,卖盘
2502,13:58:18,22.72,0.0,14,31821,卖盘
2503,13:58:24,22.72,0.0,16,36352,卖盘
2504,13:58:27,22.72,0.0,4,9088,买盘
2505,13:58:39,22.72,0.0,23,52256,买盘
2506,13:58:42,22.73,0.01,5,11364,买盘
2507,13:58:45,22.72,-0.01,1,2272,卖盘
2508,13:58:57,22.72,0.0,3,6816,卖盘
2509,13:59:04,22.72,0.0,2,4544,卖盘
2510,13:59:06,22.72,0.0,7,15908,卖盘
2511,13:59:12,22.73,0.01,47,106793,买盘
2512,13:59:15,22.73,0.0,12,27276,买盘
2513,13:59:18,22.72,-0.01,14,31808,中性盘
2514,13:59:24,22.72,0.0,2,4544,买盘
2515,13:59:28,22.72,0.0,9,20440,买盘
2516,13:59:36,22.72,0.0,5,11360,买盘
2517,13:59:39,22.71,-0.01,9,20447,卖盘
2518,13:59:45,22.72,0.01,8,18169,买盘
2519,13:59:57,22.71,-0.01,20,45420,卖盘
2520,14:00:00,22.72,0.01,8,18176,买盘
2521,14:00:03,22.71,-0.01,9,20439,卖盘
2522,14:00:09,22.71,0.0,3,6811,买盘
2523,14:00:12,22.7,-0.01,2,4540,卖盘
2524,14:00:15,22.7,0.0,18,40860,卖盘
2525,14:00:19,22.7,0.0,17,38589,买盘
2526,14:00:21,22.69,-0.01,5,11345,卖盘
2527,14:00:30,22.7,0.01,5,11347,买盘
2528,14:00:40,22.7,0.0,22,49939,买盘
2529,14:00:42,22.7,0.0,10,22700,买盘
2530,14:00:46,22.69,-0.01,7,15883,卖盘
2531,14:00:54,22.68,-0.01,3,6804,卖盘
2532,14:00:57,22.67,-0.01,57,128171,卖盘
2533,14:01:03,22.67,0.0,2,4534,卖盘
2534,14:01:09,22.68,0.01,65,147420,买盘
2535,14:01:12,22.68,0.0,12,27226,卖盘
2536,14:01:15,22.7,0.02,17,38564,买盘
2537,14:01:18,22.69,-0.01,5,11345,中性盘
2538,14:01:21,22.68,-0.01,4,9072,卖盘
2539,14:01:24,22.68,0.0,17,38556,买盘
2540,14:01:27,22.69,0.01,26,58977,买盘
2541,14:01:30,22.68,-0.01,19,43092,卖盘
2542,14:01:34,22.68,0.0,10,22689,卖盘
2543,14:01:36,22.68,0.0,19,43092,卖盘
2544,14:01:42,22.68,0.0,32,72576,卖盘
2545,14:01:45,22.69,0.01,14,31765,买盘
2546,14:01:48,22.68,-0.01,1,2268,卖盘
2547,14:01:57,22.69,0.01,1,2269,买盘
2548,14:02:00,22.69,0.0,5,11345,买盘
2549,14:02:06,22.68,-0.01,28,63504,卖盘
2550,14:02:10,22.69,0.01,7,15883,买盘
2551,14:02:15,22.68,-0.01,2,4536,卖盘
2552,14:02:18,22.68,0.0,7,15876,卖盘
2553,14:02:21,22.69,0.01,2,4538,卖盘
2554,14:02:24,22.7,0.01,1,2270,买盘
2555,14:02:30,22.69,-0.01,13,29497,卖盘
2556,14:02:42,22.68,-0.01,2,4536,卖盘
2557,14:02:54,22.69,0.01,11,24951,买盘
2558,14:02:57,22.68,-0.01,25,56700,卖盘
2559,14:03:00,22.68,0.0,3,6804,卖盘
2560,14:03:03,22.69,0.01,13,29496,买盘
2561,14:03:06,22.68,-0.01,9,20412,卖盘
2562,14:03:09,22.69,0.01,44,99836,买盘
2563,14:03:12,22.69,0.0,14,31766,买盘
2564,14:03:18,22.68,-0.01,3,6804,卖盘
2565,14:03:24,22.68,0.0,32,72576,卖盘
2566,14:03:27,22.68,0.0,1,2268,卖盘
2567,14:03:36,22.68,0.0,3,6804,卖盘
2568,14:03:42,22.69,0.01,9,20421,买盘
2569,14:03:46,22.68,-0.01,23,52164,卖盘
2570,14:03:51,22.68,0.0,6,13608,中性盘
2571,14:03:54,22.69,0.01,15,34027,买盘
2572,14:04:06,22.67,-0.02,24,54409,卖盘
2573,14:04:09,22.68,0.01,41,92957,买盘
2574,14:04:12,22.68,0.0,8,18144,买盘
2575,14:04:16,22.66,-0.02,2,4532,买盘
2576,14:04:19,22.66,0.0,1,2266,卖盘
2577,14:04:31,22.67,0.01,4,9068,买盘
2578,14:04:33,22.67,0.0,1,2267,买盘
2579,14:04:36,22.66,-0.01,5,11330,卖盘
2580,14:04:39,22.66,0.0,18,41900,卖盘
2581,14:04:42,22.66,0.0,7,15862,买盘
2582,14:04:45,22.65,-0.01,10,22657,卖盘
2583,14:04:48,22.66,0.01,4,9064,买盘
2584,14:04:51,22.65,-0.01,10,22650,卖盘
2585,14:04:54,22.66,0.01,3,6798,买盘
2586,14:05:00,22.65,-0.01,44,99661,卖盘
2587,14:05:04,22.66,0.01,12,27191,买盘
2588,14:05:06,22.64,-0.02,33,74743,卖盘
2589,14:05:09,22.64,0.0,9,20392,卖盘
2590,14:05:15,22.64,0.0,5,11320,卖盘
2591,14:05:18,22.64,0.0,2,4528,卖盘
2592,14:05:21,22.65,0.01,2,4530,买盘
2593,14:05:24,22.65,0.0,1,2265,买盘
2594,14:05:27,22.64,-0.01,40,90560,卖盘
2595,14:05:30,22.64,0.0,1,2264,卖盘
2596,14:05:33,22.64,0.0,16,36224,卖盘
2597,14:05:36,22.64,0.0,1,2264,中性盘
2598,14:05:40,22.64,0.0,2,4528,中性盘
2599,14:05:42,22.65,0.01,5,11320,买盘
2600,14:05:45,22.65,0.0,5,11318,买盘
2601,14:05:48,22.63,-0.02,22,49786,卖盘
2602,14:05:51,22.65,0.02,6,13590,买盘
2603,14:05:57,22.65,0.0,8,18120,买盘
2604,14:06:00,22.64,-0.01,22,49810,卖盘
2605,14:06:04,22.64,0.0,13,29430,卖盘
2606,14:06:06,22.64,0.0,10,22636,买盘
2607,14:06:09,22.61,-0.03,83,187763,卖盘
2608,14:06:12,22.64,0.03,26,58863,买盘
2609,14:06:18,22.63,-0.01,2,4526,卖盘
2610,14:06:21,22.64,0.01,10,22640,买盘
2611,14:06:24,22.63,-0.01,16,36221,卖盘
2612,14:06:27,22.63,0.0,14,31689,卖盘
2613,14:06:36,22.63,0.0,12,27156,买盘
2614,14:06:39,22.64,0.01,23,52055,买盘
2615,14:06:42,22.64,0.0,18,40732,买盘
2616,14:06:45,22.62,-0.02,3,6787,卖盘
2617,14:06:48,22.63,0.01,2,4526,中性盘
2618,14:06:52,22.63,0.0,16,36208,买盘
2619,14:06:57,22.63,0.0,11,24901,卖盘
2620,14:07:00,22.62,-0.01,23,52037,卖盘
2621,14:07:04,22.63,0.01,9,20360,中性盘
2622,14:07:07,22.64,0.01,7,15843,买盘
2623,14:07:09,22.62,-0.02,2,4525,卖盘
2624,14:07:15,22.63,0.01,6,13578,卖盘
2625,14:07:18,22.63,0.0,41,92805,卖盘
2626,14:07:24,22.64,0.01,6,13582,买盘
2627,14:07:27,22.64,0.0,14,31696,买盘
2628,14:07:33,22.63,-0.01,2,4526,买盘
2629,14:07:36,22.63,0.0,14,31682,买盘
2630,14:07:39,22.62,-0.01,2,4524,卖盘
2631,14:07:42,22.64,0.02,6,13584,买盘
2632,14:07:45,22.64,0.0,7,15846,买盘
2633,14:07:48,22.64,0.0,9,20376,买盘
2634,14:07:51,22.64,0.0,6,13584,卖盘
2635,14:07:54,22.65,0.01,9,20385,买盘
2636,14:08:04,22.65,0.0,3,6795,中性盘
2637,14:08:06,22.65,0.0,42,94034,卖盘
2638,14:08:09,22.68,0.03,14,31746,买盘
2639,14:08:12,22.66,-0.02,6,13604,中性盘
2640,14:08:19,22.68,0.02,45,102060,买盘
2641,14:08:22,22.68,0.0,5,11340,卖盘
2642,14:08:24,22.68,0.0,1,2268,买盘
2643,14:08:27,22.66,-0.02,48,108781,卖盘
2644,14:08:30,22.68,0.02,2,4536,卖盘
2645,14:08:33,22.7,0.02,3,6810,买盘
2646,14:08:36,22.68,-0.02,4,9072,卖盘
2647,14:08:52,22.7,0.02,22,49939,买盘
2648,14:08:55,22.7,0.0,10,22700,买盘
2649,14:08:57,22.69,-0.01,10,22690,中性盘
2650,14:09:00,22.69,0.0,3,6807,买盘
2651,14:09:03,22.69,0.0,5,11345,卖盘
2652,14:09:06,22.68,-0.01,1,2268,卖盘
2653,14:09:10,22.69,0.01,12,27228,买盘
2654,14:09:13,22.69,0.0,40,90759,买盘
2655,14:09:15,22.7,0.01,15,34041,买盘
2656,14:09:18,22.69,-0.01,6,13614,卖盘
2657,14:09:21,22.69,0.0,4,9076,卖盘
2658,14:09:24,22.69,0.0,37,83981,卖盘
2659,14:09:27,22.7,0.01,19,43139,卖盘
2660,14:09:30,22.72,0.02,13,29536,买盘
2661,14:09:34,22.7,-0.02,20,45402,卖盘
2662,14:09:40,22.71,0.01,2,4542,卖盘
2663,14:09:43,22.74,0.03,2,4548,买盘
2664,14:09:46,22.75,0.01,12,27300,买盘
2665,14:09:48,22.75,0.0,8,18200,买盘
2666,14:09:52,22.72,-0.03,1,2272,卖盘
2667,14:09:54,22.75,0.03,7,15916,买盘
2668,14:09:57,22.71,-0.04,5,11355,卖盘
2669,14:10:00,22.74,0.03,4,9093,中性盘
2670,14:10:03,22.73,-0.01,18,40914,卖盘
2671,14:10:06,22.72,-0.01,11,24997,卖盘
2672,14:10:09,22.73,0.01,18,40899,买盘
2673,14:10:12,22.72,-0.01,13,29541,卖盘
2674,14:10:16,22.71,-0.01,4,9084,卖盘
2675,14:10:19,22.71,0.0,6,13626,卖盘
2676,14:10:22,22.71,0.0,5,11354,买盘
2677,14:10:27,22.7,-0.01,2,4540,卖盘
2678,14:10:30,22.72,0.02,14,31803,买盘
2679,14:10:33,22.71,-0.01,12,27259,卖盘
2680,14:10:39,22.71,0.0,10,22710,买盘
2681,14:10:42,22.7,-0.01,1,2270,卖盘
2682,14:10:45,22.7,0.0,1,2270,卖盘
2683,14:10:48,22.7,0.0,2,4540,卖盘
2684,14:10:52,22.71,0.01,3,6811,买盘
2685,14:10:54,22.71,0.0,7,15897,买盘
2686,14:11:04,22.71,0.0,2,4542,买盘
2687,14:11:06,22.71,0.0,1,2271,买盘
2688,14:11:12,22.71,0.0,1,2271,买盘
2689,14:11:18,22.7,-0.01,53,120310,卖盘
2690,14:11:21,22.7,0.0,63,142954,买盘
2691,14:11:24,22.7,0.0,14,31776,买盘
2692,14:11:27,22.68,-0.02,4,9076,卖盘
2693,14:11:30,22.7,0.02,32,72620,买盘
2694,14:11:33,22.7,0.0,20,45400,买盘
2695,14:11:39,22.7,0.0,4,9080,买盘
2696,14:11:51,22.7,0.0,30,68071,买盘
2697,14:11:54,22.68,-0.02,103,233621,卖盘
2698,14:11:57,22.68,0.0,43,97498,买盘
2699,14:12:00,22.68,0.0,2,4536,买盘
2700,14:12:04,22.68,0.0,21,47628,卖盘
2701,14:12:06,22.66,-0.02,53,120120,卖盘
2702,14:12:09,22.66,0.0,38,86118,卖盘
2703,14:12:12,22.68,0.02,52,117893,买盘
2704,14:12:15,22.67,-0.01,11,24937,中性盘
2705,14:12:21,22.66,-0.01,3,6798,卖盘
2706,14:12:24,22.63,-0.03,78,176622,卖盘
2707,14:12:27,22.66,0.03,3,6798,卖盘
2708,14:12:30,22.66,0.0,1,2266,卖盘
2709,14:12:33,22.66,0.0,3,6798,卖盘
2710,14:12:36,22.66,0.0,1,2266,卖盘
2711,14:12:39,22.67,0.01,2,4533,买盘
2712,14:12:43,22.68,0.01,24,54419,买盘
2713,14:12:45,22.66,-0.02,1,2266,卖盘
2714,14:12:48,22.66,0.0,1,2266,卖盘
2715,14:12:51,22.67,0.01,1,2267,中性盘
2716,14:12:54,22.67,0.0,2,4534,卖盘
2717,14:12:57,22.67,0.0,14,31750,卖盘
2718,14:13:00,22.67,0.0,12,27204,卖盘
2719,14:13:03,22.67,0.0,31,70250,买盘
2720,14:13:06,22.66,-0.01,26,58927,卖盘
2721,14:13:09,22.66,0.0,18,40788,卖盘
2722,14:13:12,22.67,0.01,55,124638,买盘
2723,14:13:15,22.67,0.0,35,79330,买盘
2724,14:13:18,22.68,0.01,20,45360,买盘
2725,14:13:21,22.67,-0.01,1,2267,卖盘
2726,14:13:27,22.67,0.0,3,6801,买盘
2727,14:13:30,22.67,0.0,12,27203,买盘
2728,14:13:36,22.67,0.0,3,6801,买盘
2729,14:13:39,22.65,-0.02,37,83841,卖盘
2730,14:13:43,22.66,0.01,16,36255,买盘
2731,14:13:45,22.66,0.0,10,22660,买盘
2732,14:13:49,22.65,-0.01,16,36240,卖盘
2733,14:13:51,22.65,0.0,1,2265,买盘
2734,14:13:55,22.65,0.0,1,2265,买盘
2735,14:13:57,22.65,0.0,5,11325,买盘
2736,14:14:00,22.65,0.0,26,58883,买盘
2737,14:14:04,22.65,0.0,1,2265,卖盘
2738,14:14:09,22.65,0.0,6,13588,卖盘
2739,14:14:12,22.65,0.0,19,43035,买盘
2740,14:14:15,22.65,0.0,22,49830,卖盘
2741,14:14:24,22.64,-0.01,4,9059,卖盘
2742,14:14:27,22.65,0.01,2,4530,买盘
2743,14:14:30,22.65,0.0,90,203850,买盘
2744,14:14:33,22.66,0.01,28,63447,买盘
2745,14:14:36,22.65,-0.01,1,2265,卖盘
2746,14:14:39,22.66,0.01,6,13596,买盘
2747,14:14:46,22.65,-0.01,1,2265,卖盘
2748,14:14:48,22.65,0.0,19,43052,卖盘
2749,14:14:51,22.66,0.01,33,74778,买盘
2750,14:14:54,22.66,0.0,6,13596,买盘
2751,14:14:58,22.66,0.0,8,18128,买盘
2752,14:15:00,22.66,0.0,3,6798,买盘
2753,14:15:09,22.64,-0.02,50,113223,卖盘
2754,14:15:12,22.66,0.02,2,4531,买盘
2755,14:15:15,22.7,0.04,13,29510,买盘
2756,14:15:18,22.65,-0.05,8,18120,卖盘
2757,14:15:21,22.65,0.0,9,20385,卖盘
2758,14:15:27,22.7,0.05,5,11350,买盘
2759,14:15:30,22.66,-0.04,3,6798,卖盘
2760,14:15:33,22.65,-0.01,70,158612,卖盘
2761,14:15:36,22.65,0.0,1,2265,卖盘
2762,14:15:42,22.67,0.02,2,4533,买盘
2763,14:15:45,22.7,0.03,11,24964,买盘
2764,14:15:52,22.67,-0.03,7,15869,卖盘
2765,14:15:54,22.66,-0.01,3,6798,卖盘
2766,14:15:57,22.67,0.01,1,2267,买盘
2767,14:16:03,22.67,0.0,7,15867,卖盘
2768,14:16:12,22.67,0.0,1,2267,买盘
2769,14:16:18,22.66,-0.01,1,2266,卖盘
2770,14:16:21,22.67,0.01,5,11335,买盘
2771,14:16:24,22.67,0.0,3,6801,买盘
2772,14:16:27,22.67,0.0,7,15869,买盘
2773,14:16:33,22.67,0.0,94,213048,买盘
2774,14:16:36,22.67,0.0,41,92947,买盘
2775,14:16:42,22.66,-0.01,28,63448,卖盘
2776,14:16:48,22.66,0.0,21,47586,买盘
2777,14:16:51,22.66,0.0,1,2266,买盘
2778,14:16:54,22.66,0.0,1,2266,卖盘
2779,14:17:00,22.66,0.0,12,27192,卖盘
2780,14:17:15,22.66,0.0,11,24926,卖盘
2781,14:17:18,22.66,0.0,6,13596,买盘
2782,14:17:21,22.66,0.0,3,6798,买盘
