,time,price,change,volume,amount,type
0,09:30:07,17.34,-0.01,1,1734,中性盘
1,09:30:16,17.3,-0.04,9,15570,买盘
2,09:31:58,17.29,-0.01,28,48394,买盘
3,09:32:04,17.29,0.0,1,1729,卖盘
4,09:32:10,17.29,0.0,1,1729,卖盘
5,09:32:16,17.29,0.0,1,1729,卖盘
6,09:32:19,17.29,0.0,1,1729,卖盘
7,09:32:25,17.29,0.0,2,3458,卖盘
8,09:32:34,17.29,0.0,66,114114,卖盘
9,09:32:52,17.46,0.17,350,610513,买盘
10,09:32:58,17.47,0.01,350,611430,买盘
11,09:34:07,17.44,-0.03,100,174395,买盘
12,09:34:16,17.44,0.0,100,174330,买盘
13,09:34:52,17.43,-0.01,142,247423,买盘
14,09:35:52,17.41,-0.02,11,19151,买盘
15,09:35:58,17.42,0.01,24,41808,买盘
16,09:36:04,17.43,0.01,9,15687,买盘
17,09:36:10,17.44,0.01,12,20921,买盘
18,09:36:13,17.42,-0.02,33,57486,卖盘
19,09:36:22,17.42,0.0,40,69680,卖盘
20,09:36:25,17.42,0.0,5,8712,卖盘
21,09:36:34,17.43,0.01,19,33115,买盘
22,09:37:19,17.46,0.03,132,230332,买盘
23,09:37:25,17.47,0.01,2,3494,买盘
24,09:37:31,17.51,0.04,200,349896,买盘
25,09:37:34,17.46,-0.05,60,104760,卖盘
26,09:37:43,17.5,0.04,3,5250,买盘
27,09:38:25,17.46,-0.04,5,8730,卖盘
28,09:38:28,17.46,0.0,1,1746,卖盘
29,09:38:31,17.43,-0.03,38,66243,卖盘
30,09:38:55,17.43,0.0,27,47061,卖盘
31,09:39:25,17.46,0.03,50,87300,买盘
32,09:39:46,17.46,0.0,30,52380,卖盘
33,09:39:52,17.46,0.0,6,10476,卖盘
34,09:40:40,17.46,0.0,2,3490,买盘
35,09:40:58,17.46,0.0,1,1746,卖盘
36,09:41:04,17.48,0.02,6,10483,买盘
37,09:41:13,17.46,-0.02,7,12222,卖盘
38,09:41:22,17.4,-0.06,3,5220,卖盘
39,09:41:34,17.46,0.06,141,246186,买盘
40,09:41:40,17.48,0.02,1,1748,买盘
41,09:41:46,17.48,0.0,1,1748,买盘
42,09:41:52,17.47,-0.01,5,8735,买盘
43,09:42:01,17.46,-0.01,9,15714,卖盘
44,09:42:16,17.46,0.0,4,6984,买盘
45,09:42:22,17.46,0.0,4,6984,买盘
46,09:42:25,17.46,0.0,7,12222,买盘
47,09:42:28,17.47,0.01,22,38429,买盘
48,09:42:31,17.45,-0.02,18,31440,中性盘
49,09:42:34,17.48,0.03,26,45411,买盘
50,09:42:43,17.48,0.0,3,5244,买盘
51,09:42:52,17.4,-0.08,156,271449,卖盘
52,09:42:58,17.4,0.0,4,6960,买盘
53,09:43:04,17.4,0.0,3,5220,买盘
54,09:43:10,17.4,0.0,5,8700,买盘
55,09:43:16,17.4,0.0,2,3480,买盘
56,09:43:19,17.4,0.0,1,1740,买盘
57,09:43:25,17.4,0.0,1,1740,买盘
58,09:43:28,17.4,0.0,1,1740,买盘
59,09:43:31,17.4,0.0,1,1740,买盘
60,09:43:36,17.4,0.0,2,3480,买盘
61,09:43:40,17.48,0.08,186,324915,买盘
62,09:43:54,17.4,-0.08,2,3480,卖盘
63,09:44:49,17.4,0.0,10,17400,卖盘
64,09:45:07,17.48,0.08,198,346089,买盘
65,09:45:13,17.48,0.0,2,3496,卖盘
66,09:45:19,17.41,-0.07,4,6964,卖盘
67,09:45:31,17.41,0.0,2,3482,卖盘
68,09:45:34,17.41,0.0,15,26115,卖盘
69,09:46:07,17.46,0.05,11,19206,买盘
70,09:46:16,17.41,-0.05,22,38302,卖盘
71,09:46:22,17.41,0.0,2,3482,买盘
72,09:46:25,17.41,0.0,1,1741,买盘
73,09:46:27,17.41,0.0,1,1741,买盘
74,09:46:30,17.41,0.0,1,1741,买盘
75,09:46:34,17.41,0.0,1,1741,买盘
76,09:46:36,17.41,0.0,1,1741,买盘
77,09:46:40,17.41,0.0,1,1741,买盘
78,09:47:28,17.4,-0.01,37,64380,卖盘
79,09:47:31,17.4,0.0,6,10440,买盘
80,09:48:04,17.41,0.01,35,60935,卖盘
81,09:48:19,17.4,-0.01,10,17400,卖盘
82,09:48:25,17.47,0.07,135,235615,买盘
83,09:49:04,17.37,-0.1,15,26061,卖盘
84,09:49:34,17.37,0.0,25,43425,卖盘
85,09:49:54,17.45,0.08,1,1745,买盘
86,09:50:52,17.45,0.0,5,8725,买盘
87,09:51:27,17.39,-0.06,10,17390,卖盘
88,09:51:37,17.39,0.0,2,3478,买盘
89,09:51:45,17.39,0.0,1,1739,买盘
90,09:51:55,17.39,0.0,5,8695,买盘
91,09:51:58,17.39,0.0,27,46953,买盘
92,09:52:01,17.39,0.0,6,10434,买盘
93,09:52:04,17.39,0.0,3,5217,买盘
94,09:52:06,17.39,0.0,2,3478,买盘
95,09:52:16,17.39,0.0,5,8695,买盘
96,09:52:31,17.39,0.0,34,59126,买盘
97,09:52:40,17.37,-0.02,110,191102,卖盘
98,09:53:34,17.38,0.01,7,12166,卖盘
99,09:54:19,17.37,-0.01,61,105965,卖盘
100,09:57:46,17.36,-0.01,100,173684,卖盘
101,09:58:31,17.43,0.07,15,26145,买盘
102,09:58:52,17.44,0.01,5,8720,买盘
103,09:59:43,17.37,-0.07,2,3474,卖盘
104,09:59:49,17.36,-0.01,53,92026,卖盘
105,10:00:10,17.36,0.0,1,1736,卖盘
106,10:01:34,17.37,0.01,5,8685,卖盘
107,10:04:55,17.37,0.0,2,3474,卖盘
108,10:07:00,17.38,0.01,10,17380,卖盘
109,10:07:52,17.38,0.0,7,12166,卖盘
110,10:08:37,17.38,0.0,11,19118,卖盘
111,10:08:49,17.38,0.0,2,3476,买盘
112,10:09:01,17.38,0.0,9,15642,买盘
113,10:10:16,17.38,0.0,16,27808,卖盘
114,10:10:34,17.37,-0.01,12,20844,卖盘
115,10:10:58,17.37,0.0,1,1737,买盘
116,10:11:31,17.36,-0.01,66,114587,卖盘
117,10:12:19,17.36,0.0,17,29512,卖盘
118,10:13:28,17.36,0.0,20,34720,卖盘
119,10:13:55,17.36,0.0,25,43400,卖盘
120,10:14:10,17.36,0.0,7,12152,卖盘
121,10:16:22,17.38,0.02,12,20856,买盘
122,10:16:54,17.38,0.0,3,5214,买盘
123,10:17:46,17.37,-0.01,33,57321,卖盘
124,10:18:04,17.37,0.0,8,13896,买盘
125,10:18:07,17.37,0.0,27,46899,买盘
126,10:19:04,17.37,0.0,4,6948,买盘
127,10:19:22,17.38,0.01,29,50402,买盘
128,10:19:25,17.38,0.0,1,1738,买盘
129,10:19:33,17.38,0.0,3,5214,卖盘
130,10:20:12,17.41,0.03,46,80075,买盘
131,10:20:40,17.41,0.0,4,6964,卖盘
132,10:21:04,17.42,0.01,7,12194,买盘
133,10:21:37,17.42,0.0,1,1742,卖盘
134,10:22:01,17.42,0.0,4,6968,买盘
135,10:22:46,17.45,0.03,108,188427,买盘
136,10:23:04,17.46,0.01,8,13968,买盘
137,10:23:58,17.46,0.0,2,3492,买盘
138,10:24:04,17.46,0.0,8,13968,买盘
139,10:24:13,17.46,0.0,1,1746,买盘
140,10:24:15,17.45,-0.01,35,61075,卖盘
141,10:24:28,17.45,0.0,10,17450,卖盘
142,10:24:34,17.45,0.0,15,26175,卖盘
143,10:24:36,17.45,0.0,8,13960,卖盘
144,10:25:04,17.42,-0.03,20,34840,卖盘
145,10:25:30,17.43,0.01,1,1743,卖盘
146,10:26:04,17.44,0.01,8,13952,买盘
147,10:26:07,17.42,-0.02,100,174207,卖盘
148,10:26:27,17.41,-0.01,10,17410,卖盘
149,10:28:43,17.43,0.02,5,8715,卖盘
150,10:28:51,17.43,0.0,3,5229,卖盘
151,10:29:04,17.43,0.0,8,13944,买盘
152,10:29:43,17.43,0.0,19,33117,买盘
153,10:29:58,17.43,0.0,1,1743,卖盘
154,10:30:04,17.44,0.01,8,13952,买盘
155,10:30:10,17.43,-0.01,8,13944,卖盘
156,10:30:19,17.44,0.01,28,48832,买盘
157,10:30:22,17.43,-0.01,30,52290,卖盘
158,10:30:34,17.43,0.0,22,38346,买盘
159,10:30:43,17.43,0.0,7,12201,卖盘
160,10:31:34,17.43,0.0,1,1743,卖盘
161,10:32:04,17.44,0.01,8,13952,买盘
162,10:32:33,17.43,-0.01,1,1743,卖盘
163,10:33:03,17.44,0.01,8,13952,买盘
164,10:33:45,17.41,-0.03,97,168890,卖盘
165,10:34:16,17.41,0.0,3,5223,买盘
166,10:35:49,17.42,0.01,8,13936,卖盘
167,10:36:28,17.4,-0.02,8,13920,卖盘
168,10:37:04,17.4,0.0,2,3480,买盘
169,10:37:19,17.39,-0.01,14,24352,卖盘
170,10:37:55,17.38,-0.01,83,144254,卖盘
171,10:38:07,17.39,0.01,8,13912,买盘
172,10:39:07,17.39,0.0,8,13912,买盘
173,10:42:10,17.41,0.02,2,3482,卖盘
174,10:42:36,17.41,0.0,3,5223,卖盘
175,10:43:55,17.42,0.01,8,13936,卖盘
176,10:44:07,17.42,0.0,8,13936,买盘
177,10:44:28,17.35,-0.07,234,406488,卖盘
178,10:44:42,17.35,0.0,6,10410,买盘
179,10:45:07,17.35,0.0,8,13880,买盘
180,10:45:28,17.34,-0.01,2,3468,卖盘
181,10:45:58,17.34,0.0,7,12138,卖盘
182,10:46:06,17.34,0.0,8,13872,买盘
183,10:46:31,17.33,-0.01,1,1733,卖盘
184,10:46:49,17.32,-0.01,7,12128,卖盘
185,10:46:58,17.34,0.02,20,34680,买盘
186,10:47:03,17.34,0.0,20,34680,买盘
187,10:47:10,17.34,0.0,1,1734,买盘
188,10:47:37,17.3,-0.04,202,349628,卖盘
189,10:50:34,17.34,0.04,5,8670,买盘
190,10:51:24,17.34,0.0,16,27752,卖盘
191,10:52:09,17.36,0.02,1,1736,卖盘
192,10:53:37,17.37,0.01,8,13896,卖盘
193,10:55:39,17.38,0.01,8,13904,卖盘
194,10:55:55,17.37,-0.01,8,13896,卖盘
195,10:56:16,17.37,0.0,8,13896,卖盘
196,10:57:06,17.36,-0.01,4,6944,卖盘
197,10:57:09,17.37,0.01,8,13896,买盘
198,10:58:10,17.37,0.0,8,13896,买盘
199,10:59:09,17.37,0.0,8,13896,买盘
200,11:00:10,17.37,0.0,4,6948,买盘
201,11:01:09,17.38,0.01,8,13904,买盘
202,11:02:09,17.38,0.0,8,13904,买盘
203,11:03:10,17.38,0.0,8,13904,买盘
204,11:04:10,17.38,0.0,3,5214,买盘
205,11:04:18,17.38,0.0,1,1738,买盘
206,11:05:34,17.37,-0.01,1,1737,卖盘
207,11:05:43,17.37,0.0,1,1737,买盘
208,11:05:49,17.38,0.01,4,6952,买盘
209,11:06:28,17.37,-0.01,5,8685,卖盘
210,11:06:51,17.38,0.01,9,15642,买盘
211,11:07:46,17.38,0.0,21,36498,买盘
212,11:07:51,17.38,0.0,9,15642,买盘
213,11:08:36,17.37,-0.01,3,5211,卖盘
214,11:08:52,17.36,-0.01,8,13888,买盘
215,11:09:55,17.35,-0.01,19,32974,卖盘
216,11:10:27,17.35,0.0,1,1735,卖盘
217,11:11:16,17.36,0.01,8,13888,卖盘
218,11:11:54,17.36,0.0,8,13888,买盘
219,11:12:04,17.35,-0.01,10,17350,卖盘
220,11:12:28,17.35,0.0,16,27760,卖盘
221,11:12:31,17.35,0.0,7,12145,买盘
222,11:12:54,17.35,0.0,10,17350,买盘
223,11:13:36,17.35,0.0,12,20820,买盘
224,11:13:46,17.35,0.0,11,20022,买盘
225,11:14:30,17.37,0.02,1,1737,卖盘
226,11:14:55,17.38,0.01,8,13904,买盘
227,11:14:58,17.37,-0.01,1,1737,卖盘
228,11:15:18,17.36,-0.01,8,13888,卖盘
229,11:15:55,17.36,0.0,8,13888,买盘
230,11:16:54,17.36,0.0,9,15624,买盘
231,11:17:55,17.36,0.0,8,13888,买盘
232,11:18:00,17.36,0.0,100,173600,买盘
233,11:18:48,17.36,0.0,80,138880,买盘
234,11:18:54,17.36,0.0,6,10416,买盘
235,11:19:55,17.37,0.01,4,6948,买盘
236,11:20:55,17.37,0.0,32,55592,卖盘
237,11:21:49,17.37,0.0,26,45162,买盘
238,11:22:45,17.37,0.0,18,31266,卖盘
239,11:22:54,17.38,0.01,8,13904,买盘
240,11:23:40,17.38,0.0,1,1738,买盘
241,11:23:55,17.38,0.0,8,13904,买盘
242,11:24:54,17.38,0.0,8,13904,买盘
243,11:25:55,17.38,0.0,5,8690,买盘
244,11:27:45,17.41,0.03,10,17410,买盘
245,11:27:55,17.41,0.0,7,12187,买盘
246,11:28:52,17.41,0.0,1,1741,卖盘
247,11:28:55,17.42,0.01,5,8706,买盘
248,11:29:01,17.41,-0.01,9,15672,卖盘
249,11:29:25,17.4,-0.01,5,8700,卖盘
250,11:29:54,17.41,0.01,6,10446,买盘
251,11:29:57,17.41,0.0,2,3482,买盘
252,13:00:07,17.4,-0.01,57,99184,卖盘
253,13:00:57,17.4,0.0,8,13920,买盘
254,13:01:55,17.4,0.0,6,10440,买盘
255,13:01:58,17.4,0.0,2,3480,买盘
256,13:02:04,17.39,-0.01,2,3478,卖盘
257,13:02:12,17.39,0.0,78,135642,卖盘
258,13:02:25,17.38,-0.01,8,13905,卖盘
259,13:03:15,17.39,0.01,4,6956,卖盘
260,13:03:57,17.4,0.01,9,15660,买盘
261,13:04:57,17.4,0.0,8,13920,买盘
262,13:05:57,17.4,0.0,8,13920,买盘
263,13:06:37,17.39,-0.01,1,1739,卖盘
264,13:06:57,17.4,0.01,8,13920,买盘
265,13:08:58,17.4,0.0,16,27840,卖盘
266,13:10:58,17.4,0.0,8,13920,买盘
267,13:11:13,17.37,-0.03,100,173759,卖盘
268,13:11:24,17.37,0.0,5,8685,卖盘
269,13:13:01,17.38,0.01,11,19125,卖盘
270,13:13:10,17.38,0.0,4,6952,卖盘
271,13:13:58,17.38,0.0,6,10428,买盘
272,13:14:01,17.37,-0.01,5,8688,卖盘
273,13:14:16,17.38,0.01,2,3476,买盘
274,13:14:55,17.38,0.0,10,17380,卖盘
275,13:14:58,17.39,0.01,8,13912,买盘
276,13:15:58,17.39,0.0,8,13912,买盘
277,13:17:01,17.39,0.0,8,13912,买盘
278,13:17:37,17.39,0.0,1,1739,买盘
279,13:17:52,17.39,0.0,2,3478,买盘
280,13:17:58,17.39,0.0,1,1739,买盘
281,13:18:00,17.39,0.0,7,12173,买盘
282,13:18:46,17.39,0.0,2,3478,买盘
283,13:19:00,17.39,0.0,8,13912,买盘
284,13:19:16,17.38,-0.01,2,3476,卖盘
285,13:20:00,17.39,0.01,8,13912,买盘
286,13:21:01,17.39,0.0,7,12173,买盘
287,13:22:00,17.39,0.0,8,13912,买盘
288,13:23:01,17.39,0.0,8,13912,买盘
289,13:24:00,17.39,0.0,7,12173,买盘
290,13:25:00,17.39,0.0,8,13912,买盘
291,13:25:18,17.39,0.0,1,1739,买盘
292,13:26:01,17.39,0.0,8,13912,买盘
293,13:27:00,17.39,0.0,7,12173,买盘
294,13:28:00,17.39,0.0,8,13912,买盘
295,13:28:51,17.38,-0.01,5,8690,卖盘
296,13:29:00,17.38,0.0,7,12166,买盘
297,13:29:45,17.37,-0.01,5,8685,卖盘
298,13:30:01,17.38,0.01,8,13904,买盘
299,13:31:01,17.38,0.0,5,8690,买盘
300,13:31:04,17.38,0.0,2,3476,买盘
301,13:31:15,17.37,-0.01,7,12159,卖盘
302,13:31:55,17.37,0.0,1,1737,卖盘
303,13:32:00,17.38,0.01,6,10428,买盘
304,13:32:04,17.38,0.0,2,3476,买盘
305,13:33:01,17.38,0.0,5,8690,买盘
306,13:33:04,17.38,0.0,2,3476,买盘
307,13:33:40,17.37,-0.01,5,8685,卖盘
308,13:34:01,17.38,0.01,7,12165,买盘
309,13:34:04,17.38,0.0,2,3476,买盘
310,13:34:40,17.37,-0.01,1,1737,卖盘
311,13:35:34,17.33,-0.04,1,1733,卖盘
312,13:36:40,17.34,0.01,1,1734,卖盘
313,13:37:48,17.34,0.0,14,24283,卖盘
314,13:38:04,17.34,0.0,6,10404,买盘
315,13:39:03,17.35,0.01,7,12145,买盘
316,13:40:04,17.35,0.0,7,12145,买盘
317,13:41:04,17.35,0.0,7,12145,买盘
318,13:42:04,17.35,0.0,8,13880,买盘
319,13:43:04,17.35,0.0,5,8675,买盘
320,13:43:06,17.35,0.0,2,3470,买盘
321,13:44:04,17.35,0.0,5,8675,买盘
322,13:44:07,17.35,0.0,2,3470,买盘
323,13:44:33,17.34,-0.01,2,3468,卖盘
324,13:45:04,17.35,0.01,5,8675,买盘
325,13:45:07,17.35,0.0,2,3470,买盘
326,13:45:28,17.34,-0.01,2,3468,卖盘
327,13:46:04,17.35,0.01,6,10410,买盘
328,13:46:07,17.35,0.0,2,3470,买盘
329,13:47:04,17.35,0.0,5,8675,买盘
330,13:47:07,17.35,0.0,2,3470,买盘
331,13:48:07,17.35,0.0,6,10410,买盘
332,13:49:06,17.35,0.0,1,1735,买盘
333,13:49:55,17.35,0.0,6,10410,卖盘
334,13:50:06,17.35,0.0,7,12145,买盘
335,13:50:45,17.34,-0.01,2,3468,卖盘
336,13:51:07,17.34,0.0,7,12138,买盘
337,13:52:07,17.34,0.0,1,1734,买盘
338,13:52:09,17.34,0.0,1,1734,卖盘
339,13:53:06,17.35,0.01,8,13880,买盘
340,13:53:46,17.35,0.0,10,17350,买盘
341,13:54:07,17.35,0.0,7,12145,买盘
342,13:54:51,17.34,-0.01,22,38148,卖盘
343,13:55:06,17.35,0.01,6,10410,买盘
344,13:55:40,17.4,0.05,600,1043814,买盘
345,13:56:13,17.4,0.0,1,1740,买盘
346,13:57:09,17.4,0.0,17,29580,买盘
347,13:57:49,17.4,0.0,10,17400,买盘
348,13:58:16,17.45,0.05,700,1220780,买盘
349,13:59:06,17.39,-0.06,6,10434,买盘
350,13:59:10,17.37,-0.02,19,33011,卖盘
351,13:59:22,17.37,0.0,2,3474,买盘
352,13:59:45,17.37,0.0,1,1737,买盘
353,14:00:01,17.37,0.0,10,17370,买盘
354,14:00:06,17.37,0.0,6,10422,买盘
355,14:00:10,17.37,0.0,108,187596,买盘
356,14:02:30,17.4,0.03,100,174000,卖盘
357,14:02:52,17.41,0.01,100,174100,卖盘
358,14:03:40,17.45,0.04,57,99450,买盘
359,14:04:01,17.45,0.0,3,5235,卖盘
360,14:04:10,17.46,0.01,6,10476,买盘
361,14:04:13,17.45,-0.01,40,69800,卖盘
362,14:04:45,17.37,-0.08,100,173956,卖盘
363,14:04:52,17.37,0.0,8,13896,卖盘
364,14:05:10,17.37,0.0,29,50378,卖盘
365,14:05:13,17.37,0.0,10,17370,买盘
366,14:05:16,17.37,0.0,2,3474,买盘
367,14:05:19,17.37,0.0,2,3474,买盘
368,14:05:22,17.37,0.0,123,213651,买盘
369,14:06:36,17.37,0.0,100,173738,卖盘
370,14:07:48,17.44,0.07,4,6976,买盘
371,14:09:16,17.43,-0.01,1,1743,买盘
372,14:09:18,17.44,0.01,100,174381,买盘
373,14:10:01,17.37,-0.07,200,347486,卖盘
374,14:10:49,17.39,0.02,1,1739,卖盘
375,14:11:22,17.38,-0.01,22,38257,卖盘
376,14:11:28,17.38,0.0,50,86900,买盘
377,14:12:09,17.38,0.0,96,166848,买盘
378,14:12:36,17.38,0.0,66,114708,买盘
379,14:13:10,17.38,0.0,7,12166,买盘
380,14:13:46,17.38,0.0,200,347600,买盘
381,14:14:09,17.38,0.0,6,10428,买盘
382,14:15:04,17.36,-0.02,242,420582,卖盘
383,14:15:43,17.37,0.01,4,6948,卖盘
384,14:16:09,17.38,0.01,5,8690,买盘
385,14:16:12,17.38,0.0,2,3476,买盘
386,14:16:21,17.38,0.0,4,6952,买盘
387,14:16:43,17.38,0.0,178,309364,买盘
388,14:17:01,17.37,-0.01,2,3474,卖盘
389,14:17:04,17.37,0.0,8,13896,买盘
390,14:17:15,17.44,0.07,31,54039,买盘
391,14:17:57,17.43,-0.01,6,10458,买盘
392,14:18:21,17.44,0.01,202,352276,买盘
393,14:18:40,17.43,-0.01,2,3486,买盘
394,14:19:57,17.4,-0.03,5,8700,卖盘
395,14:21:21,17.41,0.01,5,8705,卖盘
396,14:21:28,17.4,-0.01,8,13921,卖盘
397,14:22:10,17.39,-0.01,7,12173,卖盘
398,14:22:13,17.39,0.0,5,8695,买盘
399,14:24:13,17.39,0.0,5,8695,买盘
400,14:25:13,17.39,0.0,3,5217,买盘
401,14:26:13,17.4,0.01,6,10440,买盘
402,14:27:00,17.39,-0.01,3,5217,卖盘
403,14:27:13,17.39,0.0,1,1739,买盘
404,14:27:45,17.39,0.0,5,8695,卖盘
405,14:28:13,17.39,0.0,5,8695,买盘
406,14:29:06,17.37,-0.02,10,17370,卖盘
407,14:29:28,17.38,0.01,9,15642,卖盘
408,14:30:13,17.39,0.01,4,6956,买盘
409,14:30:49,17.42,0.03,6,10452,买盘
410,14:30:58,17.42,0.0,10,17420,卖盘
411,14:31:09,17.42,0.0,3,5226,卖盘
412,14:31:12,17.43,0.01,6,10458,买盘
413,14:31:37,17.42,-0.01,1,1742,卖盘
414,14:32:12,17.4,-0.02,5,8700,买盘
415,14:32:42,17.39,-0.01,4,6956,卖盘
416,14:33:16,17.4,0.01,4,6960,买盘
417,14:34:04,17.42,0.02,5,8710,买盘
418,14:34:07,17.42,0.0,20,34840,买盘
419,14:34:22,17.42,0.0,20,34840,买盘
420,14:34:40,17.42,0.0,12,20904,买盘
421,14:34:45,17.42,0.0,17,29614,买盘
422,14:34:52,17.42,0.0,10,17420,买盘
423,14:35:13,17.42,0.0,4,6968,买盘
424,14:35:16,17.42,0.0,6,10452,买盘
425,14:36:16,17.42,0.0,5,8710,买盘
426,14:36:58,17.41,-0.01,15,26115,卖盘
427,14:37:15,17.41,0.0,6,10446,买盘
428,14:37:18,17.4,-0.01,5,8700,卖盘
429,14:37:52,17.39,-0.01,27,46953,卖盘
430,14:38:04,17.39,0.0,15,26085,卖盘
431,14:38:15,17.39,0.0,5,8695,买盘
432,14:39:16,17.39,0.0,6,10434,买盘
433,14:40:13,17.39,0.0,14,24346,买盘
434,14:40:16,17.39,0.0,5,8695,买盘
435,14:41:01,17.39,0.0,1,1739,买盘
436,14:41:16,17.39,0.0,5,8695,买盘
437,14:42:16,17.39,0.0,6,10434,买盘
438,14:43:30,17.41,0.02,5,8705,买盘
439,14:43:37,17.43,0.02,80,139413,买盘
440,14:43:49,17.41,-0.02,10,17410,卖盘
441,14:43:55,17.41,0.0,10,17410,买盘
442,14:44:16,17.43,0.02,5,8715,买盘
443,14:45:25,17.43,0.0,4,6972,买盘
444,14:45:37,17.39,-0.04,10,17395,卖盘
445,14:46:07,17.39,0.0,4,6956,买盘
446,14:46:46,17.4,0.01,5,8700,卖盘
447,14:47:31,17.4,0.0,5,8700,卖盘
448,14:49:16,17.42,0.02,4,6968,买盘
449,14:49:19,17.42,0.0,1,1742,买盘
450,14:49:37,17.43,0.01,120,209156,买盘
451,14:49:40,17.45,0.02,90,156969,买盘
452,14:51:01,17.42,-0.03,13,22646,卖盘
453,14:51:07,17.44,0.02,31,54064,买盘
454,14:51:31,17.45,0.01,102,177981,买盘
455,14:51:37,17.42,-0.03,7,12194,卖盘
456,14:51:40,17.45,0.03,38,66289,买盘
457,14:52:37,17.45,0.0,5,8721,买盘
458,14:53:04,17.42,-0.03,38,66196,卖盘
459,14:53:19,17.42,0.0,2,3484,卖盘
460,14:53:25,17.45,0.03,166,289668,买盘
461,14:53:28,17.42,-0.03,7,12194,卖盘
462,14:54:16,17.42,0.0,9,15678,卖盘
463,14:54:37,17.42,0.0,14,24375,买盘
464,14:54:43,17.42,0.0,1,1742,卖盘
465,14:55:16,17.42,0.0,12,20904,卖盘
466,14:55:46,17.41,-0.01,20,34820,卖盘
467,14:56:07,17.4,-0.01,6,10440,卖盘
468,14:56:34,17.38,-0.02,5,8690,卖盘
469,14:56:40,17.38,0.0,1,1738,卖盘
470,14:56:58,17.4,0.02,11,19140,买盘
471,15:00:05,17.44,0.04,21,36624,买盘
