,time,price,change,volume,amount,type
0,09:25:04,1.57,0.0,283,44431,卖盘
1,09:30:04,1.57,0.0,232,36425,卖盘
2,09:30:07,1.57,0.0,31,4867,卖盘
3,09:30:10,1.57,0.0,10,1570,卖盘
4,09:30:55,1.58,0.01,63,9954,买盘
5,09:30:58,1.57,-0.01,79,12403,卖盘
6,09:31:13,1.57,0.0,90,14130,卖盘
7,09:31:19,1.57,0.0,20,3140,卖盘
8,09:31:22,1.57,0.0,1,157,卖盘
9,09:31:25,1.57,0.0,1,157,卖盘
10,09:31:28,1.57,0.0,112,17584,卖盘
11,09:31:43,1.57,0.0,23,3611,卖盘
12,09:31:46,1.57,0.0,1,157,卖盘
13,09:31:54,1.57,0.0,65,10205,卖盘
14,09:32:01,1.57,0.0,2,314,卖盘
15,09:32:04,1.58,0.01,10,1580,买盘
16,09:32:07,1.57,-0.01,136,21352,卖盘
17,09:32:10,1.58,0.01,10,1580,买盘
18,09:32:13,1.58,0.0,3,474,买盘
19,09:32:15,1.58,0.0,100,15800,买盘
20,09:32:27,1.57,-0.01,1,157,卖盘
21,09:32:30,1.58,0.01,1,158,买盘
22,09:32:37,1.57,-0.01,1,157,卖盘
23,09:32:40,1.58,0.01,4,632,买盘
24,09:32:43,1.58,0.0,50,7900,买盘
25,09:32:46,1.57,-0.01,1,157,卖盘
26,09:32:49,1.58,0.01,40,6311,买盘
27,09:33:01,1.57,-0.01,101,15857,卖盘
28,09:33:07,1.57,0.0,40,6280,卖盘
29,09:33:09,1.57,0.0,1,157,卖盘
30,09:33:16,1.58,0.01,31,4898,买盘
31,09:33:25,1.57,-0.01,470,73790,卖盘
32,09:33:27,1.57,0.0,7,1099,卖盘
33,09:33:34,1.57,0.0,2,314,卖盘
34,09:33:40,1.57,0.0,1,157,卖盘
35,09:33:52,1.58,0.01,23,3634,买盘
36,09:34:01,1.57,-0.01,79,12403,卖盘
37,09:34:06,1.57,0.0,1,157,卖盘
38,09:34:09,1.58,0.01,108,17064,买盘
39,09:34:13,1.57,-0.01,282,44274,卖盘
40,09:34:16,1.58,0.01,34,5358,买盘
41,09:34:19,1.58,0.0,51,8058,买盘
42,09:34:24,1.58,0.0,20,3160,买盘
43,09:34:34,1.57,-0.01,1,157,卖盘
44,09:35:01,1.58,0.01,8,1264,买盘
45,09:35:04,1.58,0.0,3,474,买盘
46,09:35:07,1.57,-0.01,38,5966,卖盘
47,09:35:16,1.57,0.0,40,6280,卖盘
48,09:35:22,1.58,0.01,18,2844,买盘
49,09:35:25,1.57,-0.01,37,5809,卖盘
50,09:35:27,1.57,0.0,1,157,卖盘
51,09:35:34,1.57,0.0,134,21038,卖盘
52,09:35:37,1.57,0.0,1,157,卖盘
53,09:35:42,1.57,0.0,77,12089,卖盘
54,09:35:45,1.57,0.0,53,8321,卖盘
55,09:35:55,1.58,0.01,1,158,买盘
56,09:36:01,1.58,0.0,45,7080,买盘
57,09:36:13,1.57,-0.01,180,28260,卖盘
58,09:36:21,1.57,0.0,10,1570,卖盘
59,09:36:24,1.57,0.0,1,157,卖盘
60,09:36:28,1.58,0.01,15,2370,买盘
61,09:36:31,1.57,-0.01,1,157,卖盘
62,09:36:34,1.58,0.01,89,14024,买盘
63,09:36:39,1.58,0.0,70,11040,买盘
64,09:36:43,1.57,-0.01,2,314,卖盘
65,09:36:46,1.57,0.0,12,1884,卖盘
66,09:36:49,1.57,0.0,83,13031,卖盘
67,09:36:52,1.57,0.0,1,157,卖盘
68,09:36:55,1.58,0.01,17,2684,买盘
69,09:36:58,1.58,0.0,223,35234,买盘
70,09:37:01,1.57,-0.01,11,1727,卖盘
71,09:37:04,1.57,0.0,1,157,卖盘
72,09:37:10,1.57,0.0,1,157,卖盘
73,09:37:13,1.58,0.01,21,3318,买盘
74,09:37:15,1.57,-0.01,200,31400,卖盘
75,09:37:19,1.57,0.0,15,2355,卖盘
76,09:37:22,1.58,0.01,15,2369,买盘
77,09:37:27,1.58,0.0,11,1738,买盘
78,09:37:31,1.57,-0.01,1,157,卖盘
79,09:37:40,1.57,0.0,1,157,卖盘
80,09:37:43,1.58,0.01,63,9954,买盘
81,09:37:46,1.57,-0.01,1,157,卖盘
82,09:37:48,1.57,0.0,1,157,卖盘
83,09:37:58,1.58,0.01,16,2527,买盘
84,09:38:07,1.57,-0.01,66,10362,卖盘
85,09:38:10,1.57,0.0,1,157,卖盘
86,09:38:12,1.57,0.0,50,7850,卖盘
87,09:38:16,1.58,0.01,47,7425,买盘
88,09:38:19,1.57,-0.01,1,157,卖盘
89,09:38:21,1.58,0.01,16,2528,买盘
90,09:38:24,1.57,-0.01,2,314,卖盘
91,09:38:28,1.57,0.0,6,942,卖盘
92,09:38:37,1.58,0.01,62,9795,买盘
93,09:38:45,1.57,-0.01,1,157,卖盘
94,09:38:49,1.57,0.0,1,157,卖盘
95,09:38:55,1.57,0.0,45,7080,卖盘
96,09:39:04,1.57,0.0,1,157,卖盘
97,09:39:06,1.57,0.0,50,7850,卖盘
98,09:39:13,1.57,0.0,88,13816,卖盘
99,09:39:19,1.58,0.01,15,2370,买盘
100,09:39:22,1.57,-0.01,1,157,卖盘
101,09:39:31,1.57,0.0,201,31557,卖盘
102,09:39:34,1.57,0.0,9,1413,卖盘
103,09:39:40,1.57,0.0,1,157,卖盘
104,09:39:51,1.57,0.0,1,157,卖盘
105,09:39:55,1.58,0.01,24,3791,买盘
106,09:39:58,1.58,0.0,15,2370,买盘
107,09:40:01,1.57,-0.01,40,6280,卖盘
108,09:40:04,1.58,0.01,150,23700,买盘
109,09:40:10,1.57,-0.01,391,61387,卖盘
110,09:40:13,1.58,0.01,1,158,买盘
111,09:40:18,1.58,0.0,90,14145,买盘
112,09:40:24,1.57,-0.01,1,157,卖盘
113,09:40:28,1.57,0.0,15,2355,卖盘
114,09:40:37,1.57,0.0,51,8007,卖盘
115,09:40:45,1.57,0.0,1,157,卖盘
116,09:40:52,1.58,0.01,14,2212,买盘
117,09:40:55,1.57,-0.01,1,157,卖盘
118,09:40:58,1.57,0.0,1,157,卖盘
119,09:41:01,1.57,0.0,50,7850,卖盘
120,09:41:04,1.57,0.0,1,157,卖盘
121,09:41:13,1.57,0.0,10,1570,卖盘
122,09:41:16,1.58,0.01,3,472,买盘
123,09:41:25,1.57,-0.01,1,157,卖盘
124,09:41:27,1.58,0.01,15,2370,买盘
125,09:41:31,1.57,-0.01,25,3925,卖盘
126,09:41:34,1.57,0.0,17,2669,卖盘
127,09:41:43,1.57,0.0,1,157,卖盘
128,09:41:46,1.57,0.0,100,15700,卖盘
129,09:41:48,1.57,0.0,1208,189661,卖盘
130,09:41:52,1.57,0.0,194,30458,卖盘
131,09:41:55,1.58,0.01,52,8179,买盘
132,09:41:58,1.57,-0.01,35,5495,卖盘
133,09:42:01,1.57,0.0,1,157,卖盘
134,09:42:04,1.57,0.0,1,157,卖盘
135,09:42:10,1.57,0.0,1,157,卖盘
136,09:42:13,1.57,0.0,50,7850,卖盘
137,09:42:15,1.58,0.01,712,111893,买盘
138,09:42:18,1.57,-0.01,1,157,卖盘
139,09:42:22,1.58,0.01,15,2370,买盘
140,09:42:28,1.57,-0.01,1940,304580,卖盘
141,09:42:31,1.57,0.0,683,107231,卖盘
142,09:42:34,1.57,0.0,1886,296102,卖盘
143,09:42:37,1.58,0.01,246,38632,买盘
144,09:42:39,1.57,-0.01,1,157,卖盘
145,09:42:43,1.57,0.0,750,117750,卖盘
146,09:42:46,1.57,0.0,1,157,卖盘
147,09:42:49,1.57,0.0,71,11147,卖盘
148,09:42:52,1.56,-0.01,3,468,卖盘
149,09:42:55,1.57,0.01,11,1727,买盘
150,09:42:58,1.57,0.0,21,3296,买盘
151,09:43:01,1.57,0.0,15,2355,买盘
152,09:43:04,1.57,0.0,53,8321,买盘
153,09:43:06,1.57,0.0,102,16012,买盘
154,09:43:10,1.57,0.0,2,313,买盘
155,09:43:16,1.56,-0.01,1,156,卖盘
156,09:43:21,1.57,0.01,20,3140,买盘
157,09:43:24,1.56,-0.01,1,156,卖盘
158,09:43:27,1.57,0.01,63,9891,买盘
159,09:43:34,1.56,-0.01,1,156,卖盘
160,09:43:37,1.56,0.0,31,4836,卖盘
161,09:43:40,1.56,0.0,12,1872,卖盘
162,09:43:46,1.56,0.0,2,312,卖盘
163,09:43:49,1.57,0.01,3,471,买盘
164,09:43:52,1.56,-0.01,18,2808,卖盘
165,09:43:55,1.56,0.0,49,7644,卖盘
166,09:43:58,1.57,0.01,15,2355,买盘
167,09:44:00,1.56,-0.01,28,4368,卖盘
168,09:44:04,1.56,0.0,1,156,卖盘
169,09:44:10,1.56,0.0,2,312,卖盘
170,09:44:13,1.56,0.0,2,312,卖盘
171,09:44:16,1.56,0.0,2,313,卖盘
172,09:44:19,1.57,0.01,14,2198,买盘
173,09:44:22,1.57,0.0,23,3607,买盘
174,09:44:28,1.57,0.0,31,4867,买盘
175,09:44:31,1.56,-0.01,1,156,卖盘
176,09:44:34,1.56,0.0,3,468,卖盘
177,09:44:40,1.56,0.0,1,156,卖盘
178,09:44:43,1.57,0.01,100,15700,买盘
179,09:44:46,1.56,-0.01,5,782,卖盘
180,09:44:48,1.56,0.0,11,1716,卖盘
181,09:44:52,1.57,0.01,15,2355,买盘
182,09:44:55,1.57,0.0,7,1099,买盘
183,09:44:58,1.56,-0.01,4,624,卖盘
184,09:45:04,1.56,0.0,48,7518,卖盘
185,09:45:10,1.56,0.0,5,780,卖盘
186,09:45:15,1.56,0.0,2,312,卖盘
187,09:45:18,1.56,0.0,1,156,卖盘
188,09:45:22,1.56,0.0,4,624,卖盘
189,09:45:25,1.56,0.0,1,156,卖盘
190,09:45:28,1.57,0.01,15,2355,买盘
191,09:45:31,1.56,-0.01,21,3276,卖盘
192,09:45:34,1.56,0.0,5,780,卖盘
193,09:45:37,1.57,0.01,5,785,买盘
194,09:45:40,1.56,-0.01,9,1404,卖盘
195,09:45:46,1.56,0.0,1,156,卖盘
196,09:45:48,1.56,0.0,33,5148,卖盘
197,09:45:55,1.57,0.01,138,21666,买盘
198,09:46:01,1.56,-0.01,3,468,卖盘
199,09:46:04,1.56,0.0,18,2808,卖盘
200,09:46:10,1.56,0.0,1,156,卖盘
201,09:46:13,1.56,0.0,3,468,卖盘
202,09:46:16,1.56,0.0,1,156,卖盘
203,09:46:19,1.56,0.0,1,156,卖盘
204,09:46:27,1.56,0.0,3,468,卖盘
205,09:46:30,1.57,0.01,15,2355,买盘
206,09:46:37,1.56,-0.01,3,468,卖盘
207,09:46:46,1.56,0.0,1,156,卖盘
208,09:46:49,1.57,0.01,464,72399,买盘
209,09:47:01,1.57,0.0,500,78500,买盘
210,09:47:04,1.56,-0.01,3,468,卖盘
211,09:47:07,1.56,0.0,34,5304,卖盘
212,09:47:10,1.56,0.0,17,2660,卖盘
213,09:47:15,1.56,0.0,4,624,卖盘
214,09:47:22,1.56,0.0,2,312,卖盘
215,09:47:25,1.57,0.01,307,48198,买盘
216,09:47:28,1.56,-0.01,3,468,卖盘
217,09:47:34,1.56,0.0,22,3432,卖盘
218,09:47:40,1.56,0.0,3,468,卖盘
219,09:47:46,1.56,0.0,315,49140,卖盘
220,09:47:52,1.57,0.01,7,1096,买盘
221,09:47:55,1.57,0.0,15,2355,买盘
222,09:48:01,1.57,0.0,50,7850,买盘
223,09:48:04,1.56,-0.01,3,468,卖盘
224,09:48:07,1.56,0.0,20,3120,卖盘
225,09:48:10,1.56,0.0,1,156,卖盘
226,09:48:12,1.56,0.0,28,4368,卖盘
227,09:48:16,1.56,0.0,3,468,卖盘
228,09:48:19,1.56,0.0,165,25740,卖盘
229,09:48:25,1.57,0.01,74,11558,买盘
230,09:48:28,1.56,-0.01,3,468,卖盘
231,09:48:39,1.56,0.0,83,12948,卖盘
232,09:48:46,1.56,0.0,1,156,卖盘
233,09:48:52,1.57,0.01,41,6434,买盘
234,09:49:00,1.56,-0.01,30,4680,卖盘
235,09:49:04,1.56,0.0,21,3276,卖盘
236,09:49:10,1.56,0.0,200,31200,卖盘
237,09:49:16,1.56,0.0,5,780,卖盘
238,09:49:19,1.57,0.01,1,157,买盘
239,09:49:24,1.57,0.0,15,2355,买盘
240,09:49:27,1.56,-0.01,3,468,卖盘
241,09:49:34,1.56,0.0,54,8424,卖盘
242,09:49:40,1.56,0.0,3,468,卖盘
243,09:49:42,1.56,0.0,3,468,卖盘
244,09:49:46,1.56,0.0,1,156,卖盘
245,09:49:52,1.57,0.01,24,3759,买盘
246,09:50:01,1.57,0.0,200,31400,买盘
247,09:50:04,1.56,-0.01,3,468,卖盘
248,09:50:06,1.56,0.0,87,13572,卖盘
249,09:50:10,1.56,0.0,1,156,卖盘
250,09:50:13,1.56,0.0,13,2028,卖盘
251,09:50:16,1.56,0.0,158,24648,卖盘
252,09:50:19,1.56,0.0,87,13614,卖盘
253,09:50:25,1.57,0.01,62,9694,买盘
254,09:50:27,1.56,-0.01,3,468,卖盘
255,09:50:31,1.56,0.0,94,14664,卖盘
256,09:50:34,1.56,0.0,37,5772,卖盘
257,09:50:37,1.57,0.01,1,157,买盘
258,09:50:40,1.56,-0.01,3,468,卖盘
259,09:50:45,1.56,0.0,11,1716,卖盘
260,09:50:49,1.57,0.01,109,17112,买盘
261,09:50:52,1.56,-0.01,34,5304,卖盘
262,09:50:55,1.57,0.01,1,157,买盘
263,09:50:58,1.57,0.0,15,2355,买盘
264,09:51:00,1.56,-0.01,29,4524,卖盘
265,09:51:04,1.56,0.0,22,3432,卖盘
266,09:51:12,1.57,0.01,87,13659,买盘
267,09:51:16,1.56,-0.01,11,1716,卖盘
268,09:51:19,1.56,0.0,3,468,卖盘
269,09:51:22,1.57,0.01,20,3140,买盘
270,09:51:25,1.56,-0.01,15,2340,卖盘
271,09:51:31,1.56,0.0,3,468,卖盘
272,09:51:43,1.56,0.0,3,468,卖盘
273,09:51:45,1.56,0.0,10,1560,卖盘
274,09:51:49,1.56,0.0,1,156,卖盘
275,09:51:52,1.56,0.0,36,5639,卖盘
276,09:51:55,1.57,0.01,4,625,买盘
277,09:51:58,1.56,-0.01,24,3758,卖盘
278,09:52:04,1.56,0.0,18,2808,卖盘
279,09:52:07,1.56,0.0,3,468,卖盘
280,09:52:16,1.56,0.0,12,1872,卖盘
281,09:52:19,1.56,0.0,3,468,卖盘
282,09:52:22,1.56,0.0,10,1560,卖盘
283,09:52:24,1.57,0.01,15,2355,买盘
284,09:52:31,1.56,-0.01,3,468,卖盘
285,09:52:33,1.56,0.0,37,5772,卖盘
286,09:52:43,1.56,0.0,3,468,卖盘
287,09:52:46,1.56,0.0,11,1716,卖盘
288,09:52:52,1.56,0.0,5,780,卖盘
289,09:52:55,1.57,0.01,55,8595,买盘
290,09:53:06,1.56,-0.01,115,17940,卖盘
291,09:53:09,1.56,0.0,200,31200,卖盘
292,09:53:16,1.56,0.0,20,3120,卖盘
293,09:53:19,1.56,0.0,4,624,卖盘
294,09:53:22,1.56,0.0,60,9360,卖盘
295,09:53:28,1.57,0.01,15,2355,买盘
296,09:53:34,1.56,-0.01,241,37596,卖盘
297,09:53:37,1.56,0.0,3,468,卖盘
298,09:53:40,1.56,0.0,11,1716,卖盘
299,09:53:51,1.56,0.0,5,780,卖盘
300,09:53:57,1.57,0.01,15,2355,买盘
301,09:54:04,1.56,-0.01,19,2964,卖盘
302,09:54:07,1.56,0.0,700,109200,卖盘
303,09:54:13,1.56,0.0,1,156,卖盘
304,09:54:16,1.56,0.0,1,156,卖盘
305,09:54:21,1.56,0.0,23,3588,卖盘
306,09:54:30,1.56,0.0,45,7035,卖盘
307,09:54:34,1.56,0.0,36,5616,卖盘
308,09:54:42,1.56,0.0,130,20280,卖盘
309,09:54:46,1.56,0.0,12,1872,卖盘
310,09:54:51,1.56,0.0,94,14679,卖盘
311,09:55:04,1.56,0.0,7,1092,卖盘
312,09:55:07,1.56,0.0,99,15444,卖盘
313,09:55:13,1.56,0.0,58,9088,卖盘
314,09:55:22,1.56,0.0,5,780,卖盘
315,09:55:25,1.56,0.0,1,156,卖盘
316,09:55:27,1.57,0.01,14,2198,买盘
317,09:55:37,1.56,-0.01,10,1560,卖盘
318,09:55:39,1.57,0.01,108,16956,买盘
319,09:55:46,1.56,-0.01,11,1716,卖盘
320,09:55:51,1.56,0.0,44,6903,卖盘
321,09:55:55,1.57,0.01,42,6594,买盘
322,09:55:57,1.57,0.0,15,2355,买盘
323,09:56:12,1.56,-0.01,43,6708,卖盘
324,09:56:16,1.56,0.0,1,156,卖盘
325,09:56:19,1.57,0.01,10,1570,买盘
326,09:56:22,1.56,-0.01,276,43056,卖盘
327,09:56:25,1.57,0.01,4,628,买盘
328,09:56:28,1.57,0.0,15,2355,买盘
329,09:56:34,1.57,0.0,43,6751,买盘
330,09:56:37,1.56,-0.01,1,156,卖盘
331,09:56:40,1.56,0.0,244,38064,卖盘
332,09:56:52,1.56,0.0,5,780,卖盘
333,09:56:58,1.56,0.0,415,64755,卖盘
334,09:57:01,1.57,0.01,115,17955,买盘
335,09:57:04,1.56,-0.01,50,7800,卖盘
336,09:57:16,1.56,0.0,2,312,卖盘
337,09:57:18,1.57,0.01,473,74261,买盘
338,09:57:21,1.56,-0.01,5,780,卖盘
339,09:57:25,1.56,0.0,1,156,卖盘
340,09:57:28,1.57,0.01,65,10205,买盘
341,09:57:37,1.56,-0.01,58,9048,卖盘
342,09:57:40,1.56,0.0,30,4680,卖盘
343,09:57:42,1.57,0.01,1,157,买盘
344,09:57:45,1.56,-0.01,224,34944,卖盘
345,09:57:51,1.56,0.0,5,780,卖盘
346,09:57:55,1.56,0.0,2,312,卖盘
347,09:57:57,1.57,0.01,25,3915,买盘
348,09:58:04,1.57,0.0,10,1570,买盘
349,09:58:06,1.57,0.0,99,15543,买盘
350,09:58:13,1.57,0.0,700,109900,买盘
351,09:58:16,1.56,-0.01,1,156,卖盘
352,09:58:21,1.56,0.0,55,8629,卖盘
353,09:58:25,1.57,0.01,15,2355,买盘
354,09:58:28,1.57,0.0,1,157,买盘
355,09:58:31,1.57,0.0,10,1570,买盘
356,09:58:36,1.57,0.0,1,157,买盘
357,09:58:39,1.57,0.0,2100,329700,买盘
358,09:58:43,1.57,0.0,3,471,买盘
359,09:58:49,1.56,-0.01,219,34356,卖盘
360,09:58:51,1.56,0.0,5,780,卖盘
361,09:58:55,1.57,0.01,173,27161,买盘
362,09:58:58,1.57,0.0,114,17884,买盘
363,09:59:04,1.57,0.0,11,1719,买盘
364,09:59:07,1.57,0.0,57,8931,买盘
365,09:59:10,1.56,-0.01,1,156,卖盘
366,09:59:12,1.57,0.01,69,10814,买盘
367,09:59:16,1.56,-0.01,201,31556,卖盘
368,09:59:19,1.57,0.01,10,1570,买盘
369,09:59:21,1.56,-0.01,152,23859,卖盘
370,09:59:24,1.57,0.01,53,8321,买盘
371,09:59:31,1.57,0.0,14,2197,买盘
372,09:59:37,1.57,0.0,102,16014,买盘
373,09:59:46,1.56,-0.01,1,156,卖盘
374,09:59:49,1.57,0.01,1,157,买盘
375,09:59:52,1.56,-0.01,20,3135,卖盘
376,09:59:57,1.56,0.0,23,3588,卖盘
377,10:00:01,1.56,0.0,39,6084,卖盘
378,10:00:04,1.56,0.0,176,27456,卖盘
379,10:00:19,1.57,0.01,45,7064,买盘
380,10:00:21,1.56,-0.01,6,936,卖盘
381,10:00:24,1.56,0.0,10,1560,卖盘
382,10:00:28,1.56,0.0,106,16546,卖盘
383,10:00:37,1.57,0.01,25,3925,买盘
384,10:00:40,1.57,0.0,121,18997,买盘
385,10:00:42,1.57,0.0,6,942,买盘
386,10:00:46,1.56,-0.01,1,156,卖盘
387,10:00:49,1.56,0.0,200,31200,卖盘
388,10:00:51,1.56,0.0,5,780,卖盘
389,10:01:04,1.56,0.0,7,1092,卖盘
390,10:01:10,1.57,0.01,10,1570,买盘
391,10:01:13,1.56,-0.01,54,8468,卖盘
392,10:01:15,1.56,0.0,1,156,卖盘
393,10:01:21,1.56,0.0,5,780,卖盘
394,10:01:30,1.57,0.01,5,785,买盘
395,10:01:34,1.57,0.0,22,3434,买盘
396,10:01:40,1.56,-0.01,1,156,卖盘
397,10:01:45,1.56,0.0,21,3276,卖盘
398,10:01:48,1.57,0.01,10,1570,买盘
399,10:01:51,1.57,0.0,38,5960,买盘
400,10:02:19,1.56,-0.01,58,9048,卖盘
401,10:02:21,1.56,0.0,5,780,卖盘
402,10:02:37,1.56,0.0,45,7020,卖盘
403,10:02:45,1.56,0.0,2,312,卖盘
404,10:02:48,1.57,0.01,3,471,买盘
405,10:02:51,1.56,-0.01,5,780,卖盘
406,10:02:54,1.57,0.01,319,50083,买盘
407,10:03:00,1.56,-0.01,1,156,卖盘
408,10:03:04,1.57,0.01,107,16792,买盘
409,10:03:12,1.56,-0.01,85,13260,卖盘
410,10:03:15,1.56,0.0,21,3296,卖盘
411,10:03:21,1.56,0.0,5,780,卖盘
412,10:03:52,1.56,0.0,114,17893,卖盘
413,10:03:58,1.57,0.01,367,57619,买盘
414,10:04:03,1.57,0.0,67,10519,买盘
415,10:04:13,1.56,-0.01,10,1560,卖盘
416,10:04:15,1.56,0.0,2,312,卖盘
417,10:04:19,1.56,0.0,44,6864,卖盘
418,10:04:21,1.56,0.0,83,13026,卖盘
419,10:04:34,1.57,0.01,5,785,买盘
420,10:04:43,1.57,0.0,30,4710,买盘
421,10:04:45,1.56,-0.01,30,4709,卖盘
422,10:04:48,1.57,0.01,200,31400,买盘
423,10:04:51,1.56,-0.01,104,16323,卖盘
424,10:04:54,1.57,0.01,54,8478,买盘
425,10:04:58,1.57,0.0,71,11147,买盘
426,10:05:01,1.57,0.0,237,37209,买盘
427,10:05:04,1.57,0.0,1012,158514,买盘
428,10:05:06,1.57,0.0,248,38936,买盘
429,10:05:09,1.57,0.0,417,65469,买盘
430,10:05:13,1.57,0.0,196,30772,买盘
431,10:05:16,1.57,0.0,459,72062,买盘
432,10:05:19,1.57,0.0,474,74408,买盘
433,10:05:22,1.56,-0.01,112,17578,卖盘
434,10:05:25,1.57,0.01,50,7850,买盘
435,10:05:28,1.57,0.0,52,8132,买盘
436,10:05:30,1.56,-0.01,1210,188760,卖盘
437,10:05:37,1.56,0.0,15,2340,卖盘
438,10:05:40,1.57,0.01,222,34854,买盘
439,10:05:46,1.57,0.0,30,4710,买盘
440,10:05:51,1.56,-0.01,5,780,卖盘
441,10:05:55,1.56,0.0,3,468,卖盘
442,10:05:57,1.56,0.0,76,11906,卖盘
443,10:06:01,1.57,0.01,204,32028,买盘
444,10:06:04,1.57,0.0,41,6400,买盘
445,10:06:16,1.56,-0.01,1,156,卖盘
446,10:06:18,1.56,0.0,101,15856,卖盘
447,10:06:22,1.56,0.0,105,16480,卖盘
448,10:06:25,1.57,0.01,32,5023,买盘
449,10:06:28,1.57,0.0,91,14232,买盘
450,10:06:31,1.57,0.0,268,42048,买盘
451,10:06:34,1.57,0.0,234,36738,买盘
452,10:06:36,1.57,0.0,103,16161,买盘
453,10:06:46,1.56,-0.01,1,156,卖盘
454,10:06:49,1.57,0.01,316,49612,买盘
455,10:06:52,1.56,-0.01,5,780,卖盘
456,10:06:58,1.56,0.0,86,13416,卖盘
457,10:07:00,1.57,0.01,20,3140,买盘
458,10:07:07,1.56,-0.01,6,936,卖盘
459,10:07:13,1.57,0.01,100,15700,买盘
460,10:07:18,1.57,0.0,10,1570,买盘
461,10:07:21,1.56,-0.01,5,780,卖盘
462,10:07:25,1.57,0.01,36,5652,买盘
463,10:07:33,1.57,0.0,40,6280,买盘
464,10:07:39,1.57,0.0,9,1413,买盘
465,10:07:42,1.56,-0.01,26,4056,卖盘
466,10:07:45,1.56,0.0,35,5460,卖盘
467,10:07:52,1.56,0.0,44,6903,卖盘
468,10:08:01,1.56,0.0,7,1092,卖盘
469,10:08:04,1.56,0.0,19,2964,卖盘
470,10:08:10,1.57,0.01,55,8610,买盘
471,10:08:13,1.56,-0.01,1,156,卖盘
472,10:08:15,1.56,0.0,2,312,卖盘
473,10:08:19,1.56,0.0,188,29328,卖盘
474,10:08:22,1.56,0.0,5,780,卖盘
475,10:08:30,1.57,0.01,3,471,买盘
476,10:08:33,1.56,-0.01,37,5772,卖盘
477,10:08:37,1.56,0.0,245,38220,卖盘
478,10:08:49,1.56,0.0,16,2496,卖盘
479,10:08:51,1.56,0.0,6,936,卖盘
480,10:08:58,1.57,0.01,6,942,买盘
481,10:09:01,1.56,-0.01,87,13572,卖盘
482,10:09:04,1.56,0.0,8,1248,卖盘
483,10:09:07,1.57,0.01,5,785,买盘
484,10:09:15,1.56,-0.01,1,156,卖盘
485,10:09:22,1.56,0.0,50,7845,卖盘
486,10:09:37,1.56,0.0,1,156,卖盘
487,10:09:46,1.56,0.0,118,18494,卖盘
488,10:09:52,1.56,0.0,5,780,卖盘
489,10:09:58,1.56,0.0,36,5616,卖盘
490,10:10:04,1.57,0.01,160,25120,买盘
491,10:10:07,1.56,-0.01,112,17472,卖盘
492,10:10:09,1.56,0.0,26,4056,卖盘
493,10:10:12,1.56,0.0,14,2184,卖盘
494,10:10:16,1.56,0.0,2,313,卖盘
495,10:10:21,1.56,0.0,5,780,卖盘
496,10:10:28,1.57,0.01,12,1884,买盘
497,10:10:30,1.56,-0.01,10,1560,卖盘
498,10:10:51,1.56,0.0,5,780,卖盘
499,10:10:58,1.56,0.0,1,156,卖盘
500,10:11:06,1.56,0.0,17,2652,卖盘
501,10:11:09,1.57,0.01,20,3140,买盘
502,10:11:13,1.56,-0.01,108,16848,卖盘
503,10:11:15,1.56,0.0,6,936,卖盘
504,10:11:21,1.56,0.0,5,780,卖盘
505,10:11:42,1.56,0.0,18,2808,卖盘
506,10:11:46,1.56,0.0,1,156,卖盘
507,10:11:49,1.56,0.0,30,4680,卖盘
508,10:11:52,1.56,0.0,5,780,卖盘
509,10:12:15,1.57,0.01,1,157,买盘
510,10:12:22,1.56,-0.01,16,2496,卖盘
511,10:12:24,1.56,0.0,1,156,卖盘
512,10:12:30,1.57,0.01,53,8321,买盘
513,10:12:46,1.56,-0.01,1,156,卖盘
514,10:12:51,1.56,0.0,5,780,卖盘
515,10:12:54,1.56,0.0,162,25408,卖盘
516,10:13:06,1.57,0.01,1,157,买盘
517,10:13:15,1.56,-0.01,2,312,卖盘
518,10:13:18,1.56,0.0,1,156,卖盘
519,10:13:22,1.56,0.0,5,780,卖盘
520,10:13:45,1.56,0.0,1,156,卖盘
521,10:13:52,1.56,0.0,5,780,卖盘
522,10:14:12,1.56,0.0,1078,168168,卖盘
523,10:14:15,1.56,0.0,80,12480,卖盘
524,10:14:22,1.56,0.0,110,17160,卖盘
525,10:14:25,1.57,0.01,100,15700,买盘
526,10:14:27,1.57,0.0,5,785,买盘
527,10:14:30,1.56,-0.01,91,14196,卖盘
528,10:14:33,1.57,0.01,58,9106,买盘
529,10:14:36,1.57,0.0,108,16956,买盘
530,10:14:39,1.57,0.0,296,46457,买盘
531,10:14:43,1.57,0.0,5,785,买盘
532,10:14:46,1.56,-0.01,1,156,卖盘
533,10:14:48,1.57,0.01,500,78500,买盘
534,10:14:51,1.56,-0.01,21,3292,卖盘
535,10:14:55,1.57,0.01,11,1727,买盘
536,10:14:57,1.57,0.0,139,21823,买盘
537,10:15:03,1.57,0.0,200,31400,买盘
538,10:15:06,1.57,0.0,2,314,买盘
539,10:15:13,1.56,-0.01,110,17160,卖盘
540,10:15:16,1.56,0.0,1,156,卖盘
541,10:15:21,1.56,0.0,33,5176,卖盘
542,10:15:28,1.57,0.01,100,15700,买盘
543,10:15:30,1.56,-0.01,94,14664,卖盘
544,10:15:36,1.57,0.01,35,5495,买盘
545,10:15:48,1.56,-0.01,25,3900,卖盘
546,10:15:51,1.56,0.0,6,936,卖盘
547,10:16:00,1.57,0.01,33,5181,买盘
548,10:16:12,1.56,-0.01,36,5629,卖盘
549,10:16:15,1.56,0.0,1,156,卖盘
550,10:16:18,1.57,0.01,165,25902,买盘
551,10:16:22,1.56,-0.01,15,2350,卖盘
552,10:16:24,1.56,0.0,73,11388,卖盘
553,10:16:27,1.57,0.01,7,1099,买盘
554,10:16:34,1.57,0.0,5,785,买盘
555,10:16:45,1.56,-0.01,1,156,卖盘
556,10:16:51,1.56,0.0,205,31980,卖盘
557,10:17:01,1.56,0.0,100,15600,卖盘
558,10:17:04,1.56,0.0,4,624,卖盘
559,10:17:15,1.56,0.0,4,627,卖盘
560,10:17:22,1.56,0.0,6,937,卖盘
561,10:17:30,1.57,0.01,66,10347,买盘
562,10:17:33,1.57,0.0,53,8321,买盘
563,10:17:39,1.56,-0.01,26,4056,卖盘
564,10:17:45,1.57,0.01,10,1570,买盘
565,10:17:49,1.57,0.0,30,4710,买盘
566,10:17:52,1.56,-0.01,15,2340,卖盘
567,10:18:01,1.56,0.0,10,1560,卖盘
568,10:18:09,1.57,0.01,250,39250,买盘
569,10:18:13,1.57,0.0,57,8949,买盘
570,10:18:16,1.56,-0.01,1,156,卖盘
571,10:18:22,1.56,0.0,242,37989,卖盘
572,10:18:25,1.57,0.01,40,6280,买盘
573,10:18:33,1.57,0.0,30,4710,买盘
574,10:18:39,1.57,0.0,2,314,买盘
575,10:18:43,1.56,-0.01,25,3900,卖盘
576,10:18:46,1.56,0.0,2,312,卖盘
577,10:18:49,1.57,0.01,503,78951,买盘
578,10:18:51,1.56,-0.01,5,780,卖盘
579,10:18:54,1.57,0.01,97,15229,买盘
580,10:18:57,1.56,-0.01,49,7644,卖盘
581,10:19:00,1.57,0.01,25,3925,买盘
582,10:19:04,1.57,0.0,210,32970,买盘
583,10:19:15,1.57,0.0,353,55421,买盘
584,10:19:18,1.57,0.0,100,15700,买盘
585,10:19:21,1.56,-0.01,16,2504,卖盘
586,10:19:27,1.57,0.01,120,18840,买盘
587,10:19:39,1.57,0.0,10,1570,买盘
588,10:19:43,1.56,-0.01,22,3432,卖盘
589,10:19:46,1.56,0.0,1,156,卖盘
590,10:19:48,1.56,0.0,1,156,卖盘
591,10:19:52,1.56,0.0,134,21032,卖盘
592,10:19:54,1.57,0.01,10,1570,买盘
593,10:20:13,1.56,-0.01,9,1404,卖盘
594,10:20:15,1.56,0.0,17,2668,卖盘
595,10:20:19,1.56,0.0,37,5783,卖盘
596,10:20:21,1.56,0.0,14,2193,卖盘
597,10:20:24,1.57,0.01,237,37209,买盘
598,10:20:30,1.56,-0.01,13,2028,卖盘
599,10:20:37,1.57,0.01,1,157,买盘
600,10:20:45,1.57,0.0,28,4396,买盘
601,10:20:51,1.56,-0.01,5,780,卖盘
602,10:20:54,1.57,0.01,120,18840,买盘
603,10:20:57,1.57,0.0,1868,293276,买盘
604,10:21:01,1.57,0.0,62,9734,卖盘
605,10:21:16,1.57,0.0,27,4265,卖盘
606,10:21:22,1.57,0.0,5,785,卖盘
607,10:21:25,1.57,0.0,1,157,卖盘
608,10:21:36,1.57,0.0,17,2670,卖盘
609,10:21:46,1.57,0.0,28,4423,卖盘
610,10:21:48,1.57,0.0,9,1413,卖盘
611,10:21:51,1.57,0.0,16,2512,卖盘
612,10:21:57,1.57,0.0,22,3454,卖盘
613,10:22:07,1.57,0.0,5,785,卖盘
614,10:22:09,1.57,0.0,6,942,卖盘
615,10:22:15,1.57,0.0,1,157,卖盘
616,10:22:18,1.57,0.0,129,20281,卖盘
617,10:22:21,1.57,0.0,6,942,卖盘
618,10:22:30,1.57,0.0,11,1727,卖盘
619,10:22:37,1.57,0.0,1,157,卖盘
620,10:22:42,1.58,0.01,4,632,买盘
621,10:22:45,1.57,-0.01,52,8191,卖盘
622,10:22:48,1.57,0.0,1,157,卖盘
623,10:22:51,1.57,0.0,3,471,卖盘
624,10:22:54,1.57,0.0,200,31400,卖盘
625,10:22:58,1.57,0.0,2,314,卖盘
626,10:23:04,1.57,0.0,10,1570,卖盘
627,10:23:06,1.57,0.0,1,157,卖盘
628,10:23:09,1.57,0.0,1,157,卖盘
629,10:23:13,1.58,0.01,228,36024,买盘
630,10:23:16,1.57,-0.01,57,8966,卖盘
631,10:23:19,1.57,0.0,1,157,卖盘
632,10:23:24,1.58,0.01,50,7900,买盘
633,10:23:34,1.57,-0.01,70,10990,卖盘
634,10:23:42,1.58,0.01,19,3002,买盘
635,10:23:46,1.57,-0.01,27,4265,卖盘
636,10:23:51,1.57,0.0,10,1570,卖盘
637,10:23:58,1.58,0.01,100,15800,买盘
638,10:24:15,1.57,-0.01,28,4423,卖盘
639,10:24:40,1.57,0.0,28,4397,卖盘
640,10:24:46,1.57,0.0,12,1895,卖盘
641,10:24:48,1.58,0.01,17,2686,买盘
642,10:25:01,1.57,-0.01,300,47100,卖盘
643,10:25:16,1.58,0.01,28,4423,买盘
644,10:25:33,1.57,-0.01,2,314,卖盘
645,10:25:36,1.57,0.0,100,15700,卖盘
646,10:25:39,1.57,0.0,14,2198,卖盘
647,10:25:46,1.58,0.01,29,4581,买盘
648,10:25:55,1.57,-0.01,26,4082,卖盘
649,10:25:57,1.57,0.0,90,14130,卖盘
650,10:26:12,1.57,0.0,1,157,卖盘
651,10:26:15,1.58,0.01,27,4266,买盘
652,10:26:18,1.57,-0.01,12,1884,卖盘
653,10:26:46,1.57,0.0,28,4423,卖盘
654,10:26:51,1.58,0.01,20,3160,买盘
655,10:27:01,1.57,-0.01,40,6280,卖盘
656,10:27:04,1.58,0.01,20,3160,买盘
657,10:27:10,1.57,-0.01,26,4082,卖盘
658,10:27:15,1.57,0.0,28,4423,卖盘
659,10:27:45,1.58,0.01,12,1895,买盘
660,10:27:48,1.57,-0.01,47,7396,卖盘
661,10:28:01,1.58,0.01,53,8374,买盘
662,10:28:13,1.58,0.0,17,2686,买盘
663,10:28:16,1.57,-0.01,28,4423,卖盘
664,10:28:25,1.57,0.0,26,4082,卖盘
665,10:28:27,1.58,0.01,3,474,买盘
666,10:28:43,1.57,-0.01,65,10205,卖盘
667,10:28:46,1.57,0.0,27,4265,卖盘
668,10:29:01,1.58,0.01,115,18170,买盘
669,10:29:04,1.57,-0.01,100,15700,卖盘
670,10:29:16,1.57,0.0,61,9605,卖盘
671,10:29:22,1.57,0.0,1,157,卖盘
672,10:29:27,1.58,0.01,221,34723,买盘
673,10:29:31,1.57,-0.01,12,1884,卖盘
674,10:29:43,1.58,0.01,10,1580,买盘
675,10:29:46,1.58,0.0,17,2686,买盘
676,10:29:51,1.57,-0.01,25,3925,卖盘
677,10:29:58,1.58,0.01,12,1896,买盘
678,10:30:04,1.58,0.0,50,7900,买盘
679,10:30:15,1.58,0.0,163,25754,买盘
680,10:31:04,1.57,-0.01,10,1570,卖盘
681,10:31:09,1.57,0.0,26,4082,卖盘
682,10:31:13,1.58,0.01,10,1579,买盘
683,10:31:16,1.58,0.0,2550,402900,买盘
684,10:31:21,1.57,-0.01,44,6937,卖盘
685,10:31:28,1.57,0.0,1,157,卖盘
686,10:31:43,1.58,0.01,8,1264,买盘
687,10:31:46,1.57,-0.01,105,16585,卖盘
688,10:31:55,1.58,0.01,212,33486,买盘
689,10:31:58,1.57,-0.01,129,20254,卖盘
690,10:32:10,1.58,0.01,6,948,买盘
691,10:32:13,1.57,-0.01,15,2355,卖盘
692,10:32:16,1.58,0.01,20,3160,买盘
693,10:32:31,1.57,-0.01,1,157,卖盘
694,10:32:34,1.57,0.0,1,157,卖盘
695,10:32:49,1.57,0.0,58,9162,卖盘
696,10:32:51,1.57,0.0,26,4082,卖盘
697,10:33:00,1.58,0.01,2,316,买盘
698,10:33:04,1.57,-0.01,25,3925,卖盘
699,10:33:30,1.57,0.0,100,15700,卖盘
700,10:33:33,1.58,0.01,66,10428,买盘
701,10:33:37,1.57,-0.01,5,785,卖盘
702,10:33:43,1.58,0.01,20,3160,买盘
703,10:33:48,1.57,-0.01,1,157,卖盘
704,10:33:51,1.57,0.0,22,3454,卖盘
705,10:34:00,1.57,0.0,1,157,卖盘
706,10:34:04,1.57,0.0,59,9263,卖盘
707,10:34:30,1.58,0.01,31,4898,买盘
708,10:34:33,1.57,-0.01,2,314,卖盘
709,10:34:37,1.57,0.0,81,12789,卖盘
710,10:34:39,1.57,0.0,10,1570,卖盘
711,10:34:45,1.58,0.01,100,15800,买盘
712,10:35:00,1.57,-0.01,220,34540,卖盘
713,10:35:10,1.58,0.01,50,7900,买盘
714,10:35:12,1.57,-0.01,26,4082,卖盘
715,10:35:27,1.57,0.0,46,7222,卖盘
716,10:35:30,1.57,0.0,11,1727,卖盘
717,10:35:37,1.58,0.01,6,948,买盘
718,10:35:46,1.58,0.0,2,316,买盘
719,10:35:57,1.58,0.0,16,2528,买盘
720,10:36:00,1.57,-0.01,220,34540,卖盘
721,10:36:06,1.58,0.01,16,2528,买盘
722,10:36:21,1.57,-0.01,1,157,卖盘
723,10:36:30,1.58,0.01,47,7426,买盘
724,10:36:43,1.57,-0.01,50,7850,卖盘
725,10:36:48,1.58,0.01,2,316,买盘
726,10:37:00,1.57,-0.01,198,31086,卖盘
727,10:37:30,1.57,0.0,47,7379,卖盘
728,10:37:48,1.58,0.01,11,1738,买盘
729,10:38:00,1.57,-0.01,254,39878,卖盘
730,10:38:04,1.57,0.0,18,2843,卖盘
731,10:38:28,1.58,0.01,20,3160,买盘
732,10:38:34,1.57,-0.01,1,157,卖盘
733,10:38:52,1.57,0.0,80,12560,卖盘
734,10:39:04,1.57,0.0,97,15229,卖盘
735,10:39:21,1.57,0.0,2,314,卖盘
736,10:39:28,1.57,0.0,89,13973,卖盘
737,10:39:30,1.58,0.01,20,3160,买盘
738,10:39:49,1.58,0.0,6,947,买盘
739,10:39:57,1.57,-0.01,1,157,卖盘
740,10:40:48,1.58,0.01,100,15800,买盘
741,10:41:06,1.57,-0.01,112,17584,卖盘
742,10:41:12,1.57,0.0,10,1570,卖盘
743,10:41:18,1.57,0.0,52,8164,卖盘
744,10:41:30,1.57,0.0,2,314,卖盘
745,10:41:36,1.57,0.0,1,157,卖盘
746,10:41:48,1.57,0.0,18,2826,卖盘
747,10:42:10,1.57,0.0,30,4710,卖盘
748,10:42:18,1.57,0.0,78,12246,卖盘
749,10:42:40,1.57,0.0,8,1256,卖盘
750,10:42:46,1.57,0.0,112,17584,卖盘
751,10:42:52,1.57,0.0,94,14758,卖盘
752,10:42:54,1.57,0.0,36,5652,卖盘
753,10:43:04,1.57,0.0,14,2198,卖盘
754,10:43:16,1.57,0.0,136,21352,卖盘
755,10:43:19,1.58,0.01,9,1422,买盘
756,10:43:22,1.57,-0.01,1,157,卖盘
757,10:43:48,1.57,0.0,14,2198,卖盘
758,10:43:51,1.58,0.01,80,12640,买盘
759,10:44:24,1.57,-0.01,11,1728,卖盘
760,10:45:09,1.57,0.0,7,1099,卖盘
761,10:45:15,1.57,0.0,1,157,卖盘
762,10:45:37,1.57,0.0,3,471,卖盘
763,10:45:40,1.58,0.01,3,474,买盘
764,10:45:42,1.58,0.0,8,1264,买盘
765,10:45:48,1.57,-0.01,10,1570,卖盘
766,10:45:54,1.57,0.0,1,157,卖盘
767,10:45:58,1.57,0.0,1,157,卖盘
768,10:46:18,1.57,0.0,72,11304,卖盘
769,10:46:31,1.57,0.0,50,7850,卖盘
770,10:46:40,1.58,0.01,2,316,买盘
771,10:46:42,1.57,-0.01,12,1884,卖盘
772,10:46:45,1.57,0.0,37,5809,卖盘
773,10:47:09,1.57,0.0,1,157,卖盘
774,10:47:12,1.57,0.0,56,8792,卖盘
775,10:47:30,1.57,0.0,198,31086,卖盘
776,10:47:54,1.57,0.0,1,157,卖盘
777,10:48:54,1.58,0.01,4,632,买盘
778,10:49:09,1.57,-0.01,1,157,卖盘
779,10:49:24,1.57,0.0,10,1570,卖盘
780,10:49:27,1.57,0.0,70,10990,卖盘
781,10:49:30,1.58,0.01,438,68779,买盘
782,10:49:33,1.58,0.0,7,1106,买盘
783,10:49:39,1.57,-0.01,1,157,卖盘
784,10:49:42,1.58,0.01,65,10270,买盘
785,10:49:45,1.57,-0.01,12,1884,卖盘
786,10:50:00,1.58,0.01,20,3160,买盘
787,10:50:04,1.57,-0.01,1,157,卖盘
788,10:50:09,1.57,0.0,1,157,卖盘
789,10:50:15,1.58,0.01,1,158,买盘
790,10:50:21,1.57,-0.01,1,157,卖盘
791,10:50:30,1.58,0.01,12,1896,买盘
792,10:50:33,1.58,0.0,20,3160,买盘
793,10:50:39,1.58,0.0,1,158,买盘
794,10:50:49,1.58,0.0,536,84688,买盘
795,10:51:00,1.58,0.0,13,2054,买盘
796,10:51:04,1.57,-0.01,9,1420,卖盘
797,10:51:06,1.57,0.0,133,21013,卖盘
798,10:51:12,1.57,0.0,3,471,卖盘
799,10:51:15,1.58,0.01,128,20224,买盘
800,10:51:30,1.58,0.0,20,3160,买盘
801,10:51:33,1.57,-0.01,10,1570,卖盘
802,10:51:39,1.58,0.01,1,158,买盘
803,10:51:42,1.57,-0.01,36,5652,卖盘
804,10:51:45,1.57,0.0,35,5495,卖盘
805,10:52:04,1.58,0.01,20,3160,买盘
806,10:52:06,1.57,-0.01,11,1727,卖盘
807,10:52:12,1.58,0.01,574,90692,买盘
808,10:52:30,1.58,0.0,20,3160,买盘
809,10:52:36,1.57,-0.01,10,1570,卖盘
810,10:52:48,1.58,0.01,10,1580,买盘
811,10:52:51,1.57,-0.01,35,5495,卖盘
812,10:53:00,1.57,0.0,1,157,卖盘
813,10:53:04,1.58,0.01,19,3002,买盘
814,10:53:06,1.57,-0.01,11,1727,卖盘
815,10:53:22,1.58,0.01,1,158,买盘
816,10:53:31,1.58,0.0,17,2686,买盘
817,10:53:33,1.58,0.0,21,3318,买盘
818,10:53:36,1.57,-0.01,10,1570,卖盘
819,10:54:00,1.58,0.01,13,2054,买盘
820,10:54:04,1.58,0.0,7,1106,买盘
821,10:54:09,1.57,-0.01,201,31557,卖盘
822,10:54:15,1.57,0.0,20,3140,卖盘
823,10:54:21,1.58,0.01,3,474,买盘
824,10:54:25,1.57,-0.01,1,157,卖盘
825,10:54:30,1.57,0.0,84,13188,卖盘
826,10:54:33,1.58,0.01,20,3160,买盘
827,10:54:36,1.57,-0.01,15,2355,卖盘
828,10:54:39,1.57,0.0,28,4396,卖盘
829,10:54:54,1.58,0.01,90,14220,买盘
830,10:54:58,1.57,-0.01,1,157,卖盘
831,10:55:01,1.58,0.01,21,3318,买盘
832,10:55:07,1.57,-0.01,10,1570,卖盘
833,10:55:09,1.57,0.0,1,157,卖盘
834,10:55:33,1.58,0.01,20,3160,买盘
835,10:55:52,1.58,0.0,9,1422,买盘
836,10:55:55,1.57,-0.01,12,1884,卖盘
837,10:56:04,1.58,0.01,20,3160,买盘
838,10:56:09,1.57,-0.01,1,157,卖盘
839,10:56:30,1.58,0.01,7,1106,买盘
840,10:56:33,1.58,0.0,13,2054,买盘
841,10:56:52,1.58,0.0,1,158,买盘
842,10:57:04,1.58,0.0,25,3949,买盘
843,10:57:16,1.58,0.0,100,15800,买盘
844,10:57:30,1.58,0.0,1,158,买盘
845,10:57:33,1.58,0.0,21,3317,买盘
846,10:58:00,1.58,0.0,7,1106,买盘
847,10:58:04,1.58,0.0,13,2054,买盘
848,10:58:06,1.57,-0.01,65,10205,卖盘
849,10:58:12,1.58,0.01,10,1580,买盘
850,10:58:27,1.57,-0.01,10,1570,卖盘
851,10:58:33,1.58,0.01,20,3160,买盘
852,10:58:36,1.57,-0.01,10,1570,卖盘
853,10:58:57,1.57,0.0,17,2669,卖盘
854,10:59:00,1.57,0.0,33,5181,卖盘
855,10:59:04,1.58,0.01,236,37288,买盘
856,10:59:06,1.57,-0.01,12,1884,卖盘
857,10:59:09,1.57,0.0,1,157,卖盘
858,10:59:19,1.58,0.01,1,158,买盘
859,10:59:30,1.58,0.0,13,2054,买盘
860,10:59:33,1.58,0.0,7,1106,买盘
861,10:59:54,1.58,0.0,100,15800,买盘
862,11:00:04,1.58,0.0,13,2054,买盘
863,11:00:07,1.58,0.0,7,1106,买盘
864,11:00:10,1.57,-0.01,1,157,卖盘
865,11:00:34,1.58,0.01,20,3160,买盘
866,11:00:42,1.57,-0.01,11,1728,卖盘
867,11:00:46,1.57,0.0,10,1570,卖盘
868,11:00:48,1.57,0.0,10,1570,卖盘
869,11:01:04,1.58,0.01,20,3160,买盘
870,11:01:10,1.57,-0.01,2,314,卖盘
871,11:01:16,1.58,0.01,5,790,买盘
872,11:01:27,1.57,-0.01,51,8007,卖盘
873,11:01:33,1.58,0.01,20,3160,买盘
874,11:01:39,1.57,-0.01,1,157,卖盘
875,11:01:48,1.58,0.01,3,474,买盘
876,11:02:04,1.58,0.0,19,3002,买盘
877,11:02:09,1.57,-0.01,1,157,卖盘
878,11:02:12,1.57,0.0,44,6908,卖盘
879,11:02:15,1.58,0.01,574,90692,买盘
880,11:02:34,1.58,0.0,20,3160,买盘
881,11:03:03,1.58,0.0,30,4730,买盘
882,11:03:06,1.57,-0.01,1,157,卖盘
883,11:03:10,1.57,0.0,31,4867,卖盘
884,11:03:33,1.58,0.01,13,2054,买盘
885,11:03:36,1.58,0.0,7,1106,买盘
886,11:04:06,1.58,0.0,20,3160,买盘
887,11:04:10,1.57,-0.01,1,157,卖盘
888,11:04:18,1.58,0.01,4,632,买盘
889,11:04:21,1.58,0.0,4,632,买盘
890,11:04:24,1.57,-0.01,1,157,卖盘
891,11:04:33,1.58,0.01,7,1106,买盘
892,11:04:36,1.58,0.0,13,2054,买盘
893,11:05:00,1.58,0.0,4,632,买盘
894,11:05:04,1.58,0.0,13,2054,买盘
895,11:05:06,1.58,0.0,96,15079,买盘
896,11:05:12,1.57,-0.01,1,157,卖盘
897,11:05:16,1.57,0.0,1,157,卖盘
898,11:05:18,1.58,0.01,3,474,买盘
899,11:05:36,1.58,0.0,20,3160,买盘
900,11:05:40,1.57,-0.01,55,8635,卖盘
901,11:06:06,1.58,0.01,13,2054,买盘
902,11:06:09,1.58,0.0,7,1106,买盘
903,11:06:12,1.57,-0.01,1,157,卖盘
904,11:06:24,1.57,0.0,50,7850,卖盘
905,11:06:33,1.57,0.0,13,2041,卖盘
906,11:06:36,1.58,0.01,25,3950,买盘
907,11:06:43,1.57,-0.01,87,13659,卖盘
908,11:07:06,1.58,0.01,19,3002,买盘
909,11:07:09,1.57,-0.01,1,157,卖盘
910,11:07:33,1.57,0.0,1,157,卖盘
911,11:07:36,1.58,0.01,20,3160,买盘
912,11:07:39,1.58,0.0,100,15800,买盘
913,11:07:57,1.58,0.0,5,790,买盘
914,11:08:05,1.57,-0.01,1,157,卖盘
915,11:08:07,1.58,0.01,7,1106,买盘
916,11:08:09,1.57,-0.01,114,17911,卖盘
917,11:08:36,1.58,0.01,21,3318,买盘
918,11:09:09,1.57,-0.01,170,26710,卖盘
919,11:09:15,1.58,0.01,5,790,买盘
920,11:09:24,1.57,-0.01,136,21352,卖盘
921,11:09:30,1.57,0.0,2,315,卖盘
922,11:09:36,1.57,0.0,495,77721,卖盘
923,11:09:39,1.58,0.01,13,2054,买盘
924,11:10:04,1.57,-0.01,102,16014,卖盘
925,11:10:06,1.58,0.01,13,2054,买盘
926,11:10:09,1.57,-0.01,9,1421,卖盘
927,11:10:24,1.57,0.0,56,8792,卖盘
928,11:10:27,1.57,0.0,1,157,卖盘
929,11:10:30,1.58,0.01,50,7900,买盘
930,11:10:33,1.57,-0.01,23,3611,卖盘
931,11:10:36,1.57,0.0,40,6280,卖盘
932,11:10:39,1.58,0.01,20,3160,买盘
933,11:11:06,1.57,-0.01,14,2211,卖盘
934,11:11:09,1.58,0.01,7,1106,买盘
935,11:11:18,1.57,-0.01,28,4396,卖盘
936,11:11:36,1.58,0.01,25,3945,买盘
937,11:11:42,1.57,-0.01,26,4082,卖盘
938,11:12:09,1.58,0.01,20,3160,买盘
939,11:12:12,1.57,-0.01,1,157,卖盘
940,11:12:39,1.58,0.01,20,3160,买盘
941,11:12:51,1.58,0.0,3,474,买盘
942,11:13:06,1.58,0.0,7,1106,买盘
943,11:13:09,1.58,0.0,16,2528,买盘
944,11:13:12,1.57,-0.01,1,157,卖盘
945,11:13:39,1.58,0.01,20,3160,买盘
946,11:13:42,1.57,-0.01,10,1570,卖盘
947,11:13:45,1.57,0.0,13,2041,卖盘
948,11:13:48,1.57,0.0,40,6280,卖盘
949,11:13:51,1.58,0.01,11,1738,买盘
950,11:13:57,1.57,-0.01,1,157,卖盘
951,11:14:03,1.57,0.0,1,157,卖盘
952,11:14:06,1.58,0.01,13,2054,买盘
953,11:14:09,1.58,0.0,107,16906,买盘
954,11:14:30,1.57,-0.01,33,5181,卖盘
955,11:15:06,1.57,0.0,53,8321,卖盘
956,11:15:09,1.57,0.0,1,157,卖盘
957,11:15:33,1.57,0.0,118,18526,卖盘
958,11:15:46,1.58,0.01,28,4424,买盘
959,11:15:48,1.57,-0.01,12,1884,卖盘
960,11:15:54,1.57,0.0,1,157,卖盘
961,11:16:06,1.57,0.0,3,471,卖盘
962,11:16:09,1.57,0.0,2,314,卖盘
963,11:16:15,1.57,0.0,128,20096,卖盘
964,11:16:54,1.58,0.01,20,3160,买盘
965,11:16:57,1.57,-0.01,10,1570,卖盘
966,11:17:04,1.58,0.01,109,17222,买盘
967,11:17:12,1.57,-0.01,1,157,卖盘
968,11:17:18,1.57,0.0,7,1099,卖盘
969,11:17:21,1.58,0.01,1,158,买盘
970,11:17:24,1.58,0.0,5,790,买盘
971,11:17:30,1.57,-0.01,2,314,卖盘
972,11:17:36,1.58,0.01,3,474,买盘
973,11:17:51,1.57,-0.01,367,57619,卖盘
974,11:18:03,1.58,0.01,50,7900,买盘
975,11:18:06,1.58,0.0,5,790,买盘
976,11:18:09,1.57,-0.01,1,157,卖盘
977,11:18:12,1.58,0.01,1,158,买盘
978,11:18:36,1.57,-0.01,1,157,卖盘
979,11:18:54,1.58,0.01,6,948,买盘
980,11:18:57,1.58,0.0,17,2674,买盘
981,11:19:09,1.57,-0.01,1,157,卖盘
982,11:19:12,1.58,0.01,1,158,买盘
983,11:19:21,1.57,-0.01,10,1570,卖盘
984,11:19:27,1.57,0.0,60,9420,卖盘
985,11:19:48,1.58,0.01,5,790,买盘
986,11:20:01,1.58,0.0,1,158,买盘
987,11:20:12,1.57,-0.01,1,157,卖盘
988,11:20:45,1.58,0.01,5,790,买盘
989,11:20:48,1.57,-0.01,1,157,卖盘
990,11:20:51,1.57,0.0,1,157,卖盘
991,11:20:54,1.58,0.01,1,158,买盘
992,11:21:00,1.57,-0.01,7,1099,卖盘
993,11:21:04,1.57,0.0,1,157,卖盘
994,11:21:21,1.58,0.01,49,7742,买盘
995,11:21:24,1.57,-0.01,40,6280,卖盘
996,11:21:30,1.58,0.01,5,790,买盘
997,11:21:36,1.57,-0.01,30,4710,卖盘
998,11:21:48,1.58,0.01,1,158,买盘
999,11:22:04,1.57,-0.01,19,2983,卖盘
1000,11:22:22,1.58,0.01,5,790,买盘
1001,11:22:42,1.58,0.0,1,158,买盘
1002,11:22:51,1.58,0.0,60,9470,买盘
1003,11:23:12,1.57,-0.01,1,157,卖盘
1004,11:23:15,1.57,0.0,6,947,卖盘
1005,11:23:27,1.58,0.01,108,17064,买盘
1006,11:23:30,1.58,0.0,24,3792,买盘
1007,11:23:39,1.58,0.0,1,158,买盘
1008,11:24:04,1.58,0.0,5,790,买盘
1009,11:24:12,1.57,-0.01,1,157,卖盘
1010,11:24:16,1.57,0.0,1,157,卖盘
1011,11:24:24,1.57,0.0,64,10048,卖盘
1012,11:24:30,1.58,0.01,1,158,买盘
1013,11:24:57,1.58,0.0,5,790,买盘
1014,11:25:00,1.57,-0.01,2,314,卖盘
1015,11:25:12,1.57,0.0,1,157,卖盘
1016,11:25:36,1.58,0.01,1,158,买盘
1017,11:25:39,1.57,-0.01,13,2041,卖盘
1018,11:25:45,1.58,0.01,5,790,买盘
1019,11:25:51,1.58,0.0,2,316,买盘
1020,11:26:06,1.57,-0.01,1,157,卖盘
1021,11:26:15,1.58,0.01,63,9954,买盘
1022,11:26:18,1.58,0.0,1,158,买盘
1023,11:26:36,1.58,0.0,11,1732,买盘
1024,11:26:57,1.57,-0.01,1,157,卖盘
1025,11:27:04,1.58,0.01,2,316,买盘
1026,11:27:09,1.57,-0.01,2,315,卖盘
1027,11:27:24,1.57,0.0,49,7693,卖盘
1028,11:27:33,1.58,0.01,4,632,买盘
1029,11:28:00,1.57,-0.01,1,157,卖盘
1030,11:28:06,1.57,0.0,1,157,卖盘
1031,11:28:09,1.58,0.01,1,158,买盘
1032,11:28:12,1.58,0.0,50,7900,买盘
1033,11:28:42,1.57,-0.01,12,1884,卖盘
1034,11:29:04,1.57,0.0,6,942,卖盘
1035,11:29:06,1.57,0.0,2,314,卖盘
1036,11:29:18,1.57,0.0,10,1570,卖盘
1037,11:29:54,1.57,0.0,10,1570,卖盘
1038,11:29:57,1.57,0.0,61,9577,卖盘
1039,13:00:04,1.57,0.0,1205,189593,卖盘
1040,13:00:12,1.57,0.0,50,7850,卖盘
1041,13:00:27,1.57,0.0,9,1413,卖盘
1042,13:01:00,1.57,0.0,260,40820,卖盘
1043,13:01:06,1.57,0.0,6,942,卖盘
1044,13:02:09,1.57,0.0,1,157,卖盘
1045,13:02:27,1.57,0.0,4,628,卖盘
1046,13:02:45,1.58,0.01,1,158,买盘
1047,13:02:48,1.57,-0.01,137,21509,卖盘
1048,13:03:04,1.57,0.0,1,157,卖盘
1049,13:03:09,1.57,0.0,1,157,卖盘
1050,13:03:24,1.58,0.01,6,948,买盘
1051,13:03:45,1.57,-0.01,13,2041,卖盘
1052,13:03:54,1.57,0.0,4,628,卖盘
1053,13:04:00,1.57,0.0,1,157,卖盘
1054,13:04:54,1.57,0.0,10,1570,卖盘
1055,13:04:57,1.57,0.0,62,9734,卖盘
1056,13:05:04,1.57,0.0,37,5809,卖盘
1057,13:05:06,1.57,0.0,1,157,卖盘
1058,13:05:30,1.57,0.0,168,26376,卖盘
1059,13:05:36,1.58,0.01,42,6636,买盘
1060,13:05:49,1.57,-0.01,7,1099,卖盘
1061,13:06:15,1.57,0.0,1,157,卖盘
1062,13:06:18,1.57,0.0,10,1570,卖盘
1063,13:06:48,1.57,0.0,71,11217,卖盘
1064,13:07:04,1.58,0.01,22,3476,买盘
1065,13:07:06,1.57,-0.01,12,1884,卖盘
1066,13:07:12,1.57,0.0,1,157,卖盘
1067,13:07:18,1.57,0.0,1,157,卖盘
1068,13:07:30,1.57,0.0,12,1884,卖盘
1069,13:07:42,1.57,0.0,117,18369,卖盘
1070,13:07:45,1.58,0.01,25,3950,买盘
1071,13:08:12,1.57,-0.01,1,157,卖盘
1072,13:08:21,1.57,0.0,36,5652,卖盘
1073,13:08:24,1.57,0.0,1,157,卖盘
1074,13:08:30,1.57,0.0,15,2355,卖盘
1075,13:08:33,1.57,0.0,5,785,卖盘
1076,13:08:45,1.57,0.0,15,2355,卖盘
1077,13:09:04,1.57,0.0,39,6123,卖盘
1078,13:09:09,1.57,0.0,1,157,卖盘
1079,13:09:18,1.57,0.0,1,157,卖盘
1080,13:09:21,1.58,0.01,1,158,买盘
1081,13:09:45,1.57,-0.01,1,157,卖盘
1082,13:10:06,1.57,0.0,76,11932,卖盘
1083,13:10:09,1.58,0.01,2,315,买盘
1084,13:10:12,1.57,-0.01,22,3454,卖盘
1085,13:10:19,1.57,0.0,4,628,卖盘
1086,13:10:21,1.57,0.0,1000,157000,卖盘
1087,13:10:51,1.57,0.0,150,23550,卖盘
1088,13:11:16,1.57,0.0,1,157,卖盘
1089,13:11:24,1.57,0.0,42,6594,卖盘
1090,13:11:36,1.58,0.01,1,158,买盘
1091,13:11:39,1.58,0.0,260,41080,买盘
1092,13:12:00,1.57,-0.01,1,157,卖盘
1093,13:12:04,1.57,0.0,5,785,卖盘
1094,13:12:10,1.57,0.0,1,157,卖盘
1095,13:12:15,1.57,0.0,92,14444,卖盘
1096,13:12:19,1.57,0.0,1,157,卖盘
1097,13:12:36,1.57,0.0,10,1570,卖盘
1098,13:13:04,1.58,0.01,10,1580,买盘
1099,13:13:09,1.57,-0.01,1,157,卖盘
1100,13:13:15,1.57,0.0,112,17584,卖盘
1101,13:13:33,1.57,0.0,4,628,卖盘
1102,13:14:04,1.57,0.0,30,4710,卖盘
1103,13:14:12,1.57,0.0,1,157,卖盘
1104,13:14:36,1.58,0.01,7,1106,买盘
1105,13:14:39,1.57,-0.01,22,3454,卖盘
1106,13:14:42,1.57,0.0,56,8792,卖盘
1107,13:14:57,1.57,0.0,1,157,卖盘
1108,13:15:10,1.57,0.0,1,157,卖盘
1109,13:15:13,1.57,0.0,66,10362,卖盘
1110,13:15:18,1.57,0.0,5,785,卖盘
1111,13:16:00,1.57,0.0,5,785,卖盘
1112,13:16:09,1.57,0.0,1,157,卖盘
1113,13:16:21,1.57,0.0,11,1727,卖盘
1114,13:16:33,1.58,0.01,1,158,买盘
1115,13:16:45,1.57,-0.01,1,157,卖盘
1116,13:16:48,1.58,0.01,1,158,买盘
1117,13:16:54,1.58,0.0,3,474,买盘
1118,13:17:06,1.58,0.0,18,2844,买盘
1119,13:17:15,1.58,0.0,5,790,买盘
1120,13:17:18,1.57,-0.01,6,942,卖盘
1121,13:17:22,1.57,0.0,1,157,卖盘
1122,13:17:30,1.58,0.01,4,632,买盘
1123,13:17:42,1.57,-0.01,12,1884,卖盘
1124,13:17:45,1.58,0.01,35,5530,买盘
1125,13:18:12,1.57,-0.01,1,157,卖盘
1126,13:18:16,1.57,0.0,101,15857,卖盘
1127,13:18:19,1.57,0.0,6,942,卖盘
1128,13:18:24,1.57,0.0,1,157,卖盘
1129,13:18:30,1.57,0.0,19,2983,卖盘
1130,13:18:36,1.58,0.01,75,11830,买盘
1131,13:18:42,1.57,-0.01,16,2512,卖盘
1132,13:19:09,1.57,0.0,1,157,卖盘
1133,13:19:19,1.58,0.01,45,7071,买盘
1134,13:19:30,1.57,-0.01,174,27318,卖盘
1135,13:19:42,1.57,0.0,179,28103,卖盘
1136,13:19:48,1.58,0.01,130,20412,买盘
1137,13:20:06,1.57,-0.01,1,157,卖盘
1138,13:20:09,1.58,0.01,6,947,买盘
1139,13:20:16,1.57,-0.01,15,2355,卖盘
1140,13:20:21,1.57,0.0,87,13659,卖盘
1141,13:20:25,1.57,0.0,19,2983,卖盘
1142,13:20:30,1.57,0.0,1,157,卖盘
1143,13:20:39,1.57,0.0,49,7694,卖盘
1144,13:20:49,1.57,0.0,19,2983,卖盘
1145,13:20:52,1.57,0.0,1,157,卖盘
1146,13:20:54,1.57,0.0,1,157,卖盘
1147,13:21:00,1.58,0.01,1,158,买盘
1148,13:21:04,1.57,-0.01,36,5652,卖盘
1149,13:21:19,1.57,0.0,2,314,卖盘
1150,13:21:22,1.57,0.0,30,4710,卖盘
1151,13:21:27,1.57,0.0,1,157,卖盘
1152,13:21:31,1.57,0.0,1,157,卖盘
1153,13:21:33,1.57,0.0,1,157,卖盘
1154,13:21:36,1.57,0.0,18,2826,卖盘
1155,13:21:39,1.57,0.0,2,314,卖盘
1156,13:21:42,1.57,0.0,1,157,卖盘
1157,13:21:45,1.57,0.0,1,157,卖盘
1158,13:21:57,1.57,0.0,11,1727,卖盘
1159,13:22:03,1.57,0.0,79,12480,卖盘
1160,13:22:10,1.57,0.0,200,31400,卖盘
1161,13:22:15,1.57,0.0,23,3611,卖盘
1162,13:22:21,1.57,0.0,2,314,卖盘
1163,13:22:30,1.57,0.0,10,1570,卖盘
1164,13:22:33,1.57,0.0,67,10519,卖盘
1165,13:22:42,1.57,0.0,10,1570,卖盘
1166,13:22:54,1.57,0.0,101,15858,卖盘
1167,13:23:00,1.57,0.0,1,157,卖盘
1168,13:23:04,1.57,0.0,5,785,卖盘
1169,13:23:06,1.57,0.0,250,39250,卖盘
1170,13:23:13,1.57,0.0,1,157,卖盘
1171,13:23:15,1.58,0.01,9,1421,买盘
1172,13:23:24,1.57,-0.01,1,157,卖盘
1173,13:23:36,1.58,0.01,38,6004,买盘
1174,13:23:39,1.57,-0.01,1,157,卖盘
1175,13:23:49,1.57,0.0,8,1256,卖盘
1176,13:23:51,1.57,0.0,1,157,卖盘
1177,13:24:04,1.57,0.0,1,157,卖盘
1178,13:24:12,1.57,0.0,1,157,卖盘
1179,13:24:15,1.57,0.0,1,157,卖盘
1180,13:24:18,1.57,0.0,4,628,卖盘
1181,13:24:21,1.57,0.0,65,10205,卖盘
1182,13:24:42,1.57,0.0,17,2669,卖盘
1183,13:24:55,1.57,0.0,23,3611,卖盘
1184,13:25:00,1.57,0.0,10,1570,卖盘
1185,13:25:06,1.57,0.0,1,157,卖盘
1186,13:25:12,1.57,0.0,1,157,卖盘
1187,13:25:54,1.57,0.0,50,7850,卖盘
1188,13:25:57,1.57,0.0,3,471,卖盘
1189,13:26:12,1.57,0.0,1,157,卖盘
1190,13:26:18,1.57,0.0,5,785,卖盘
1191,13:26:36,1.57,0.0,109,17113,卖盘
1192,13:26:42,1.58,0.01,1,158,买盘
1193,13:26:45,1.57,-0.01,12,1884,卖盘
1194,13:26:51,1.57,0.0,210,32980,卖盘
1195,13:26:54,1.58,0.01,12,1886,买盘
1196,13:27:06,1.57,-0.01,1,157,卖盘
1197,13:27:15,1.58,0.01,81,12798,买盘
1198,13:27:21,1.57,-0.01,9,1413,卖盘
1199,13:27:24,1.58,0.01,112,17664,买盘
1200,13:27:30,1.57,-0.01,200,31400,卖盘
1201,13:27:36,1.58,0.01,2,316,买盘
1202,13:27:57,1.57,-0.01,67,10519,卖盘
1203,13:28:07,1.58,0.01,35,5530,买盘
1204,13:28:15,1.57,-0.01,88,13816,卖盘
1205,13:28:27,1.57,0.0,1,157,卖盘
1206,13:28:39,1.58,0.01,104,16432,买盘
1207,13:28:45,1.58,0.0,2,316,买盘
1208,13:28:48,1.57,-0.01,4,628,卖盘
1209,13:29:06,1.57,0.0,4,628,卖盘
1210,13:29:12,1.57,0.0,1,157,卖盘
1211,13:29:15,1.58,0.01,1,158,买盘
1212,13:29:30,1.58,0.0,28,4424,买盘
1213,13:29:36,1.57,-0.01,108,16956,卖盘
1214,13:29:39,1.58,0.01,108,17064,买盘
1215,13:29:51,1.57,-0.01,78,12246,卖盘
1216,13:30:04,1.58,0.01,11,1738,买盘
1217,13:30:06,1.57,-0.01,1,157,卖盘
1218,13:30:09,1.57,0.0,1,157,卖盘
1219,13:30:27,1.58,0.01,1,158,买盘
1220,13:30:45,1.57,-0.01,1,157,卖盘
1221,13:30:48,1.58,0.01,24,3792,买盘
1222,13:31:42,1.57,-0.01,18,2826,卖盘
1223,13:32:12,1.57,0.0,1,157,卖盘
1224,13:32:30,1.57,0.0,600,94200,卖盘
1225,13:32:36,1.57,0.0,64,10048,卖盘
1226,13:32:39,1.57,0.0,18,2826,卖盘
1227,13:32:45,1.57,0.0,8,1256,卖盘
1228,13:32:48,1.57,0.0,1,157,卖盘
1229,13:33:12,1.57,0.0,1,157,卖盘
1230,13:33:15,1.57,0.0,52,8164,卖盘
1231,13:33:18,1.57,0.0,10,1570,卖盘
1232,13:33:39,1.58,0.01,2,316,买盘
1233,13:33:42,1.57,-0.01,26,4082,卖盘
1234,13:33:45,1.57,0.0,10,1570,卖盘
1235,13:33:51,1.58,0.01,23,3622,买盘
1236,13:33:54,1.57,-0.01,14,2198,卖盘
1237,13:33:57,1.57,0.0,49,7693,卖盘
1238,13:34:09,1.58,0.01,1,158,买盘
1239,13:34:12,1.57,-0.01,1,157,卖盘
1240,13:34:55,1.57,0.0,20,3140,卖盘
1241,13:34:58,1.57,0.0,1,157,卖盘
1242,13:35:01,1.57,0.0,1,157,卖盘
1243,13:35:06,1.57,0.0,10,1570,卖盘
1244,13:35:12,1.58,0.01,13,2054,买盘
1245,13:35:15,1.57,-0.01,106,16642,卖盘
1246,13:35:18,1.57,0.0,1,157,卖盘
1247,13:35:36,1.58,0.01,6,948,买盘
1248,13:35:39,1.57,-0.01,20,3140,卖盘
1249,13:36:12,1.58,0.01,1,158,买盘
1250,13:36:16,1.57,-0.01,1,157,卖盘
1251,13:36:27,1.58,0.01,101,15958,买盘
1252,13:36:40,1.57,-0.01,30,4710,卖盘
1253,13:36:57,1.58,0.01,32,5025,买盘
1254,13:37:00,1.57,-0.01,12,1884,卖盘
1255,13:37:03,1.57,0.0,1,157,卖盘
1256,13:37:19,1.57,0.0,9,1413,卖盘
1257,13:37:21,1.58,0.01,130,20510,买盘
1258,13:37:51,1.57,-0.01,1,157,卖盘
1259,13:38:12,1.57,0.0,1,157,卖盘
1260,13:38:33,1.57,0.0,39,6123,卖盘
1261,13:38:37,1.57,0.0,100,15700,卖盘
1262,13:38:46,1.57,0.0,48,7536,卖盘
1263,13:38:51,1.57,0.0,148,23236,卖盘
1264,13:38:58,1.57,0.0,18,2826,卖盘
1265,13:39:09,1.57,0.0,11,1727,卖盘
1266,13:39:15,1.57,0.0,1,157,卖盘
1267,13:39:24,1.58,0.01,1,158,买盘
1268,13:39:30,1.57,-0.01,44,6908,卖盘
1269,13:40:07,1.57,0.0,305,47885,卖盘
1270,13:40:12,1.57,0.0,1,157,卖盘
1271,13:40:15,1.57,0.0,26,4082,卖盘
1272,13:40:18,1.57,0.0,15,2355,卖盘
1273,13:40:48,1.57,0.0,51,8007,卖盘
1274,13:40:57,1.58,0.01,23,3616,买盘
1275,13:41:00,1.57,-0.01,19,2983,卖盘
1276,13:41:04,1.58,0.01,300,47400,买盘
1277,13:41:06,1.57,-0.01,1,157,卖盘
1278,13:41:19,1.57,0.0,1,157,卖盘
1279,13:41:21,1.57,0.0,10,1570,卖盘
1280,13:41:33,1.58,0.01,32,5056,买盘
1281,13:41:52,1.58,0.0,16,2528,买盘
1282,13:41:54,1.57,-0.01,64,10048,卖盘
1283,13:41:57,1.58,0.01,200,31600,买盘
1284,13:42:00,1.57,-0.01,18,2826,卖盘
1285,13:42:12,1.57,0.0,101,15857,卖盘
1286,13:42:24,1.57,0.0,50,7850,卖盘
1287,13:42:27,1.58,0.01,6,948,买盘
1288,13:42:42,1.57,-0.01,100,15700,卖盘
1289,13:42:45,1.58,0.01,125,19750,买盘
1290,13:43:12,1.57,-0.01,1,157,卖盘
1291,13:43:21,1.58,0.01,113,17854,买盘
1292,13:43:24,1.57,-0.01,1,157,卖盘
1293,13:43:33,1.57,0.0,7,1099,卖盘
1294,13:43:48,1.58,0.01,109,17222,买盘
1295,13:44:04,1.57,-0.01,82,12874,卖盘
1296,13:44:07,1.58,0.01,3,472,买盘
1297,13:44:18,1.57,-0.01,1,157,卖盘
1298,13:44:21,1.57,0.0,29,4553,卖盘
1299,13:44:42,1.57,0.0,34,5338,卖盘
1300,13:44:45,1.57,0.0,10,1570,卖盘
1301,13:44:48,1.57,0.0,10,1570,卖盘
1302,13:44:55,1.57,0.0,58,9106,卖盘
1303,13:45:09,1.57,0.0,180,28260,卖盘
1304,13:45:15,1.57,0.0,1,157,卖盘
1305,13:45:27,1.57,0.0,1,157,卖盘
1306,13:45:51,1.57,0.0,155,24335,卖盘
1307,13:46:04,1.57,0.0,1,157,卖盘
1308,13:46:09,1.57,0.0,408,64060,卖盘
1309,13:46:18,1.57,0.0,10,1570,卖盘
1310,13:47:06,1.57,0.0,1,157,卖盘
1311,13:47:15,1.57,0.0,2,314,卖盘
1312,13:47:30,1.57,0.0,1,157,卖盘
1313,13:47:39,1.57,0.0,60,9420,卖盘
1314,13:47:54,1.58,0.01,94,14783,买盘
1315,13:47:57,1.57,-0.01,12,1884,卖盘
1316,13:48:09,1.57,0.0,23,3611,卖盘
1317,13:48:21,1.57,0.0,9,1413,卖盘
1318,13:48:27,1.57,0.0,40,6280,卖盘
1319,13:48:46,1.57,0.0,47,7379,卖盘
1320,13:48:48,1.57,0.0,1,157,卖盘
1321,13:48:54,1.57,0.0,30,4710,卖盘
1322,13:49:12,1.57,0.0,1,157,卖盘
1323,13:49:18,1.57,0.0,97,15229,卖盘
1324,13:49:34,1.57,0.0,18,2826,卖盘
1325,13:49:43,1.57,0.0,12,1884,卖盘
1326,13:50:01,1.57,0.0,92,14444,卖盘
1327,13:50:09,1.57,0.0,30,4710,卖盘
1328,13:50:12,1.57,0.0,501,78657,卖盘
1329,13:50:18,1.57,0.0,51,8007,卖盘
1330,13:50:22,1.58,0.01,1,158,买盘
1331,13:51:04,1.57,-0.01,20,3140,卖盘
1332,13:51:06,1.57,0.0,100,15700,卖盘
1333,13:51:12,1.57,0.0,1,157,卖盘
1334,13:51:21,1.57,0.0,1000,157000,卖盘
1335,13:51:39,1.57,0.0,1,157,卖盘
1336,13:52:10,1.57,0.0,16,2512,卖盘
1337,13:52:12,1.57,0.0,10,1570,卖盘
1338,13:52:18,1.57,0.0,30,4710,卖盘
1339,13:52:49,1.58,0.01,30,4740,买盘
1340,13:53:06,1.57,-0.01,60,9420,卖盘
1341,13:53:12,1.57,0.0,1,157,卖盘
1342,13:53:42,1.57,0.0,1,157,卖盘
1343,13:53:54,1.57,0.0,14,2198,卖盘
1344,13:54:10,1.57,0.0,1,157,卖盘
1345,13:54:13,1.57,0.0,100,15700,卖盘
1346,13:55:15,1.57,0.0,1,157,卖盘
1347,13:55:24,1.57,0.0,66,10362,卖盘
1348,13:55:27,1.57,0.0,84,13188,卖盘
1349,13:55:36,1.57,0.0,10,1570,卖盘
1350,13:55:45,1.57,0.0,200,31400,卖盘
1351,13:55:51,1.57,0.0,1,157,卖盘
1352,13:56:10,1.57,0.0,1,157,卖盘
1353,13:56:28,1.57,0.0,10,1570,卖盘
1354,13:56:39,1.57,0.0,101,15857,卖盘
1355,13:57:09,1.57,0.0,15,2355,卖盘
1356,13:57:12,1.57,0.0,1,157,卖盘
1357,13:57:21,1.57,0.0,1,157,卖盘
1358,13:57:45,1.57,0.0,1,157,卖盘
1359,13:58:06,1.57,0.0,11,1727,卖盘
1360,13:58:15,1.58,0.01,149,23542,买盘
1361,13:58:18,1.57,-0.01,12,1884,卖盘
1362,13:58:31,1.58,0.01,110,17380,买盘
1363,13:58:42,1.57,-0.01,21,3298,卖盘
1364,13:59:01,1.58,0.01,3,474,买盘
1365,13:59:24,1.57,-0.01,42,6594,卖盘
1366,13:59:39,1.57,0.0,15,2355,卖盘
1367,13:59:45,1.57,0.0,1,157,卖盘
1368,13:59:49,1.57,0.0,60,9420,卖盘
1369,14:00:04,1.58,0.01,1,158,买盘
1370,14:00:13,1.57,-0.01,1,157,卖盘
1371,14:00:57,1.57,0.0,60,9420,卖盘
1372,14:01:09,1.58,0.01,3,473,买盘
1373,14:01:12,1.57,-0.01,2,314,卖盘
1374,14:01:21,1.57,0.0,1,157,卖盘
1375,14:01:36,1.57,0.0,15,2355,卖盘
1376,14:01:48,1.58,0.01,179,28281,买盘
1377,14:01:51,1.57,-0.01,36,5652,卖盘
1378,14:02:06,1.57,0.0,1,157,卖盘
1379,14:02:09,1.57,0.0,1,157,卖盘
1380,14:02:18,1.57,0.0,10,1570,卖盘
1381,14:02:33,1.57,0.0,1,157,卖盘
1382,14:02:54,1.57,0.0,15,2355,卖盘
1383,14:03:00,1.57,0.0,6,942,卖盘
1384,14:03:04,1.57,0.0,1,157,卖盘
1385,14:03:06,1.57,0.0,2,314,卖盘
1386,14:03:12,1.57,0.0,1,157,卖盘
1387,14:03:16,1.57,0.0,2,314,卖盘
1388,14:03:30,1.57,0.0,1,157,卖盘
1389,14:03:43,1.57,0.0,1,157,卖盘
1390,14:03:45,1.57,0.0,1,157,卖盘
1391,14:03:54,1.57,0.0,4,628,卖盘
1392,14:03:57,1.57,0.0,1,157,卖盘
1393,14:04:04,1.57,0.0,1,157,卖盘
1394,14:04:06,1.57,0.0,1,157,卖盘
1395,14:04:09,1.57,0.0,1,157,卖盘
1396,14:04:18,1.57,0.0,500,78500,卖盘
1397,14:04:21,1.57,0.0,2,314,卖盘
1398,14:04:27,1.58,0.01,208,32864,买盘
1399,14:04:30,1.57,-0.01,10,1570,卖盘
1400,14:04:39,1.57,0.0,29,4553,卖盘
1401,14:04:58,1.57,0.0,1,157,卖盘
1402,14:05:00,1.57,0.0,128,20096,卖盘
1403,14:05:09,1.57,0.0,150,23550,卖盘
1404,14:05:12,1.57,0.0,1,157,卖盘
1405,14:05:19,1.57,0.0,1,157,卖盘
1406,14:05:27,1.57,0.0,1,157,卖盘
1407,14:05:30,1.57,0.0,1,157,卖盘
1408,14:05:39,1.58,0.01,1,158,买盘
1409,14:05:42,1.57,-0.01,12,1884,卖盘
1410,14:05:57,1.57,0.0,1,157,卖盘
1411,14:06:04,1.57,0.0,56,8792,卖盘
1412,14:06:09,1.57,0.0,13,2041,卖盘
1413,14:06:12,1.58,0.01,1,158,买盘
1414,14:06:15,1.57,-0.01,1,157,卖盘
1415,14:06:43,1.57,0.0,388,60916,卖盘
1416,14:06:46,1.58,0.01,100,15800,买盘
1417,14:06:52,1.57,-0.01,34,5338,卖盘
1418,14:06:54,1.57,0.0,1,157,卖盘
1419,14:07:01,1.57,0.0,14,2198,卖盘
1420,14:07:04,1.57,0.0,15,2355,卖盘
1421,14:07:07,1.57,0.0,29,4553,卖盘
1422,14:07:10,1.57,0.0,30,4710,卖盘
1423,14:07:13,1.57,0.0,41,6437,卖盘
1424,14:07:16,1.57,0.0,79,12403,卖盘
1425,14:07:19,1.57,0.0,96,15072,卖盘
1426,14:07:28,1.57,0.0,33,5181,卖盘
1427,14:07:31,1.57,0.0,70,10990,卖盘
1428,14:07:37,1.57,0.0,13,2041,卖盘
1429,14:07:46,1.57,0.0,167,26219,卖盘
1430,14:07:55,1.57,0.0,1,157,卖盘
1431,14:07:58,1.57,0.0,1,157,卖盘
1432,14:08:00,1.58,0.01,20,3160,买盘
1433,14:08:07,1.57,-0.01,10,1570,卖盘
1434,14:08:15,1.57,0.0,1,157,卖盘
1435,14:08:19,1.57,0.0,4,628,卖盘
1436,14:08:22,1.57,0.0,1,157,卖盘
1437,14:08:25,1.57,0.0,1,157,卖盘
1438,14:08:30,1.57,0.0,32,5024,卖盘
1439,14:08:49,1.57,0.0,35,5495,卖盘
1440,14:08:57,1.57,0.0,10,1570,卖盘
1441,14:09:12,1.57,0.0,1,157,卖盘
1442,14:09:33,1.57,0.0,7,1099,卖盘
1443,14:09:36,1.57,0.0,6,942,卖盘
1444,14:09:45,1.57,0.0,50,7850,卖盘
1445,14:09:52,1.57,0.0,1,157,卖盘
1446,14:09:58,1.57,0.0,161,25278,卖盘
1447,14:10:09,1.58,0.01,2,316,买盘
1448,14:10:13,1.57,-0.01,204,32028,卖盘
1449,14:10:22,1.57,0.0,119,18683,卖盘
1450,14:10:25,1.57,0.0,61,9577,卖盘
1451,14:10:40,1.57,0.0,100,15700,卖盘
1452,14:10:42,1.57,0.0,1,157,卖盘
1453,14:11:03,1.57,0.0,36,5652,卖盘
1454,14:11:12,1.57,0.0,1,157,卖盘
1455,14:11:36,1.57,0.0,110,17270,卖盘
1456,14:11:57,1.57,0.0,11,1727,卖盘
1457,14:12:12,1.57,0.0,3,471,卖盘
1458,14:12:18,1.57,0.0,1,157,卖盘
1459,14:12:27,1.57,0.0,166,26062,卖盘
1460,14:12:39,1.58,0.01,316,49928,买盘
1461,14:12:43,1.58,0.0,1,158,买盘
1462,14:12:45,1.57,-0.01,10,1570,卖盘
1463,14:13:06,1.57,0.0,9,1413,卖盘
1464,14:13:09,1.57,0.0,3,471,卖盘
1465,14:13:27,1.57,0.0,75,11775,卖盘
1466,14:13:31,1.58,0.01,50,7900,买盘
1467,14:13:34,1.57,-0.01,22,3454,卖盘
1468,14:13:39,1.57,0.0,700,109900,卖盘
1469,14:13:49,1.57,0.0,1,157,卖盘
1470,14:14:00,1.57,0.0,15,2355,卖盘
1471,14:14:03,1.57,0.0,5,785,卖盘
1472,14:14:10,1.57,0.0,20,3140,卖盘
1473,14:14:12,1.58,0.01,2,316,买盘
1474,14:14:19,1.57,-0.01,9,1413,卖盘
1475,14:14:27,1.57,0.0,30,4710,卖盘
1476,14:14:30,1.57,0.0,50,7850,卖盘
1477,14:14:37,1.57,0.0,174,27318,卖盘
1478,14:14:39,1.58,0.01,2,316,买盘
1479,14:14:42,1.57,-0.01,100,15700,卖盘
1480,14:14:48,1.57,0.0,60,9420,卖盘
1481,14:15:06,1.57,0.0,1,157,卖盘
1482,14:15:18,1.57,0.0,300,47100,卖盘
1483,14:15:31,1.57,0.0,59,9263,卖盘
1484,14:15:52,1.57,0.0,1,157,卖盘
1485,14:16:12,1.57,0.0,1,157,卖盘
1486,14:16:19,1.57,0.0,21,3297,卖盘
1487,14:16:27,1.57,0.0,20,3140,卖盘
1488,14:16:39,1.58,0.01,3,473,买盘
1489,14:16:42,1.57,-0.01,10,1570,卖盘
1490,14:17:04,1.57,0.0,206,32342,卖盘
1491,14:17:06,1.57,0.0,340,53380,卖盘
1492,14:17:12,1.57,0.0,1,157,卖盘
1493,14:17:15,1.57,0.0,60,9420,卖盘
1494,14:17:39,1.57,0.0,355,55735,卖盘
1495,14:17:45,1.57,0.0,22,3454,卖盘
1496,14:17:48,1.57,0.0,1,157,卖盘
1497,14:18:04,1.57,0.0,60,9420,卖盘
1498,14:18:06,1.58,0.01,600,94800,买盘
1499,14:18:15,1.57,-0.01,1,157,卖盘
1500,14:18:28,1.57,0.0,4,628,卖盘
1501,14:18:33,1.58,0.01,33,5214,买盘
1502,14:18:45,1.58,0.0,50,7900,买盘
1503,14:19:06,1.57,-0.01,1,157,卖盘
1504,14:19:09,1.57,0.0,49,7693,卖盘
1505,14:19:21,1.58,0.01,11,1728,买盘
1506,14:19:42,1.58,0.0,100,15800,买盘
1507,14:19:45,1.57,-0.01,48,7536,卖盘
1508,14:19:48,1.57,0.0,1,157,卖盘
1509,14:19:51,1.57,0.0,10,1570,卖盘
1510,14:20:12,1.57,0.0,1,157,卖盘
1511,14:20:21,1.57,0.0,104,16332,卖盘
1512,14:20:24,1.57,0.0,76,11932,卖盘
1513,14:20:28,1.57,0.0,40,6280,卖盘
1514,14:20:31,1.58,0.01,96,15078,买盘
1515,14:20:33,1.57,-0.01,56,8792,卖盘
1516,14:20:39,1.58,0.01,1,158,买盘
1517,14:20:51,1.58,0.0,2,316,买盘
1518,14:21:00,1.58,0.0,2,316,买盘
1519,14:21:15,1.57,-0.01,1,157,卖盘
1520,14:21:21,1.58,0.01,15,2370,买盘
1521,14:21:45,1.57,-0.01,1,157,卖盘
1522,14:22:01,1.57,0.0,20,3140,卖盘
1523,14:22:10,1.57,0.0,10,1570,卖盘
1524,14:22:16,1.57,0.0,51,8007,卖盘
1525,14:22:24,1.57,0.0,3,471,卖盘
1526,14:22:45,1.57,0.0,19,2983,卖盘
1527,14:23:12,1.57,0.0,6,942,卖盘
1528,14:23:36,1.57,0.0,2500,392500,卖盘
1529,14:23:39,1.57,0.0,1,157,卖盘
1530,14:23:48,1.58,0.01,5,790,买盘
1531,14:23:52,1.57,-0.01,22,3454,卖盘
1532,14:24:09,1.57,0.0,1,157,卖盘
1533,14:24:16,1.57,0.0,26,4082,卖盘
1534,14:24:18,1.57,0.0,100,15700,卖盘
1535,14:24:21,1.58,0.01,108,17064,买盘
1536,14:24:43,1.57,-0.01,100,15700,卖盘
1537,14:24:58,1.57,0.0,500,78500,卖盘
1538,14:25:06,1.57,0.0,50,7850,卖盘
1539,14:25:18,1.57,0.0,614,96398,卖盘
1540,14:25:27,1.57,0.0,1,157,卖盘
1541,14:25:30,1.57,0.0,157,24649,卖盘
1542,14:25:45,1.57,0.0,100,15700,卖盘
1543,14:25:48,1.57,0.0,20,3140,卖盘
1544,14:25:52,1.57,0.0,120,18840,卖盘
1545,14:26:00,1.57,0.0,235,36895,卖盘
1546,14:26:04,1.57,0.0,98,15386,卖盘
1547,14:26:33,1.57,0.0,10,1570,卖盘
1548,14:26:36,1.58,0.01,1463,231154,买盘
1549,14:26:40,1.57,-0.01,2,314,卖盘
1550,14:26:55,1.57,0.0,1,157,卖盘
1551,14:26:57,1.57,0.0,22,3454,卖盘
1552,14:27:00,1.57,0.0,1000,157000,卖盘
1553,14:27:06,1.57,0.0,16,2512,卖盘
1554,14:27:18,1.57,0.0,7,1099,卖盘
1555,14:27:21,1.57,0.0,18,2826,卖盘
1556,14:27:30,1.57,0.0,42,6594,卖盘
1557,14:27:42,1.57,0.0,9,1413,卖盘
1558,14:27:45,1.58,0.01,100,15800,买盘
1559,14:27:49,1.57,-0.01,11,1727,卖盘
1560,14:28:18,1.57,0.0,102,16014,卖盘
1561,14:29:12,1.57,0.0,5,785,卖盘
1562,14:29:16,1.57,0.0,200,31400,卖盘
1563,14:29:21,1.57,0.0,63,9891,卖盘
1564,14:29:37,1.57,0.0,3,471,卖盘
1565,14:29:39,1.58,0.01,17,2686,买盘
1566,14:29:54,1.57,-0.01,40,6280,卖盘
1567,14:30:13,1.57,0.0,1000,157000,卖盘
1568,14:30:16,1.57,0.0,21,3297,卖盘
1569,14:30:18,1.57,0.0,11,1727,卖盘
1570,14:30:21,1.57,0.0,11,1727,卖盘
1571,14:30:24,1.57,0.0,59,9263,卖盘
1572,14:30:39,1.57,0.0,50,7850,卖盘
1573,14:30:42,1.57,0.0,423,66411,卖盘
1574,14:30:45,1.57,0.0,200,31400,卖盘
1575,14:30:51,1.57,0.0,194,30458,卖盘
1576,14:30:54,1.57,0.0,116,18212,卖盘
1577,14:30:57,1.57,0.0,214,33598,卖盘
1578,14:31:00,1.57,0.0,53,8321,买盘
1579,14:31:04,1.57,0.0,210,32970,卖盘
1580,14:31:15,1.57,0.0,40,6280,卖盘
1581,14:31:22,1.57,0.0,75,11775,卖盘
1582,14:31:24,1.57,0.0,50,7850,买盘
1583,14:31:27,1.57,0.0,194,30458,卖盘
1584,14:31:30,1.57,0.0,16,2512,买盘
1585,14:31:33,1.57,0.0,4,628,卖盘
1586,14:32:00,1.57,0.0,44,6908,卖盘
1587,14:32:03,1.57,0.0,200,31400,卖盘
1588,14:32:06,1.58,0.01,2,316,买盘
1589,14:32:10,1.57,-0.01,44,6908,卖盘
1590,14:32:12,1.57,0.0,207,32499,买盘
1591,14:32:15,1.57,0.0,2,314,买盘
1592,14:32:27,1.58,0.01,2,316,买盘
1593,14:32:30,1.56,-0.02,48,7502,卖盘
1594,14:32:51,1.57,0.01,13,2041,卖盘
1595,14:32:54,1.57,0.0,90,14130,买盘
1596,14:32:57,1.57,0.0,104,16328,卖盘
1597,14:33:00,1.57,0.0,106,16642,买盘
1598,14:33:04,1.57,0.0,68,10676,买盘
1599,14:33:06,1.57,0.0,62,9734,买盘
1600,14:33:18,1.57,0.0,179,28103,卖盘
1601,14:33:37,1.57,0.0,100,15700,卖盘
1602,14:33:43,1.57,0.0,9,1413,卖盘
1603,14:33:46,1.58,0.01,46,7227,买盘
1604,14:34:04,1.57,-0.01,29,4553,卖盘
1605,14:34:06,1.58,0.01,109,17222,买盘
1606,14:34:18,1.58,0.0,1,158,买盘
1607,14:34:27,1.58,0.0,18,2844,买盘
1608,14:34:33,1.57,-0.01,55,8635,卖盘
1609,14:34:42,1.58,0.01,5,790,买盘
1610,14:34:49,1.57,-0.01,50,7850,卖盘
1611,14:35:13,1.57,0.0,5,785,卖盘
1612,14:35:21,1.57,0.0,5,785,卖盘
1613,14:35:49,1.58,0.01,108,17064,买盘
1614,14:35:52,1.57,-0.01,1,157,卖盘
1615,14:35:58,1.58,0.01,11,1738,买盘
1616,14:36:01,1.58,0.0,10,1580,买盘
1617,14:36:10,1.57,-0.01,1,157,卖盘
1618,14:36:12,1.57,0.0,85,13345,卖盘
1619,14:36:15,1.58,0.01,3,474,买盘
1620,14:36:19,1.58,0.0,9,1422,买盘
1621,14:36:22,1.58,0.0,3,474,买盘
1622,14:36:28,1.57,-0.01,10,1570,卖盘
1623,14:36:48,1.57,0.0,901,141457,卖盘
1624,14:37:28,1.57,0.0,73,11461,卖盘
1625,14:37:34,1.57,0.0,1,157,卖盘
1626,14:37:37,1.57,0.0,23,3611,卖盘
1627,14:38:36,1.57,0.0,50,7850,卖盘
1628,14:38:40,1.58,0.01,3,474,买盘
1629,14:38:42,1.57,-0.01,8,1256,卖盘
1630,14:38:46,1.58,0.01,1,158,买盘
1631,14:39:25,1.57,-0.01,30,4710,卖盘
1632,14:39:30,1.57,0.0,67,10519,卖盘
1633,14:39:33,1.57,0.0,10,1570,卖盘
1634,14:39:37,1.57,0.0,120,18840,卖盘
1635,14:39:58,1.57,0.0,77,12089,卖盘
1636,14:40:19,1.57,0.0,61,9577,卖盘
1637,14:40:30,1.58,0.01,60,9450,买盘
1638,14:40:37,1.57,-0.01,1,157,卖盘
1639,14:40:52,1.57,0.0,3,471,卖盘
1640,14:40:54,1.57,0.0,127,19999,卖盘
1641,14:41:10,1.57,0.0,68,10676,卖盘
1642,14:41:15,1.57,0.0,1,157,卖盘
1643,14:41:25,1.57,0.0,100,15700,卖盘
1644,14:41:36,1.57,0.0,100,15700,卖盘
1645,14:41:45,1.58,0.01,20,3160,买盘
1646,14:41:48,1.57,-0.01,22,3454,卖盘
1647,14:41:55,1.57,0.0,31,4867,卖盘
1648,14:42:04,1.58,0.01,40,6320,买盘
1649,14:42:07,1.57,-0.01,5,785,卖盘
1650,14:42:34,1.57,0.0,40,6280,卖盘
1651,14:42:51,1.57,0.0,70,11030,卖盘
1652,14:42:55,1.57,0.0,513,80541,卖盘
1653,14:43:04,1.58,0.01,151,23708,买盘
1654,14:43:06,1.57,-0.01,8,1256,卖盘
1655,14:43:21,1.57,0.0,100,15700,卖盘
1656,14:43:28,1.58,0.01,4,632,买盘
1657,14:43:34,1.57,-0.01,120,18840,卖盘
1658,14:43:40,1.57,0.0,21,3297,卖盘
1659,14:43:55,1.57,0.0,15,2355,卖盘
1660,14:43:57,1.57,0.0,73,11461,卖盘
1661,14:44:07,1.58,0.01,8,1264,买盘
1662,14:44:19,1.57,-0.01,86,13502,卖盘
1663,14:44:22,1.57,0.0,1000,157000,卖盘
1664,14:44:40,1.57,0.0,565,88705,卖盘
1665,14:44:52,1.57,0.0,50,7850,卖盘
1666,14:44:54,1.57,0.0,59,9313,卖盘
1667,14:44:58,1.57,0.0,1,157,卖盘
1668,14:45:00,1.57,0.0,50,7850,卖盘
1669,14:45:04,1.57,0.0,500,78500,卖盘
1670,14:45:07,1.57,0.0,1,157,卖盘
1671,14:45:09,1.58,0.01,25,3930,买盘
1672,14:45:13,1.58,0.0,332,52448,买盘
1673,14:45:16,1.57,-0.01,114,17998,卖盘
1674,14:45:25,1.57,0.0,180,28260,卖盘
1675,14:45:27,1.57,0.0,60,9420,卖盘
1676,14:45:31,1.57,0.0,10,1570,卖盘
1677,14:45:34,1.57,0.0,66,10362,卖盘
1678,14:45:40,1.57,0.0,53,8321,卖盘
1679,14:45:49,1.57,0.0,8,1256,卖盘
1680,14:45:55,1.57,0.0,20,3140,卖盘
1681,14:46:04,1.57,0.0,19,2983,卖盘
1682,14:46:10,1.57,0.0,20,3140,卖盘
1683,14:46:13,1.57,0.0,49,7693,卖盘
1684,14:46:16,1.57,0.0,1000,157000,卖盘
1685,14:46:21,1.57,0.0,103,16171,卖盘
1686,14:46:24,1.58,0.01,3288,519504,买盘
1687,14:46:28,1.57,-0.01,46,7222,卖盘
1688,14:46:30,1.57,0.0,10,1570,买盘
1689,14:46:33,1.57,0.0,1013,159041,卖盘
1690,14:46:36,1.57,0.0,9,1413,买盘
1691,14:46:39,1.57,0.0,37,5809,卖盘
1692,14:46:42,1.56,-0.01,109,17070,卖盘
1693,14:46:45,1.56,0.0,8,1248,卖盘
1694,14:46:49,1.57,0.01,64,10047,买盘
1695,14:46:52,1.57,0.0,130,20410,卖盘
1696,14:46:55,1.57,0.0,10,1570,卖盘
1697,14:46:57,1.57,0.0,100,15700,卖盘
1698,14:47:00,1.57,0.0,94,14758,卖盘
1699,14:47:06,1.57,0.0,50,7850,卖盘
1700,14:47:09,1.57,0.0,10,1570,卖盘
1701,14:47:13,1.57,0.0,64,10048,卖盘
1702,14:47:18,1.57,0.0,50,7850,卖盘
1703,14:47:21,1.57,0.0,34,5338,卖盘
1704,14:47:28,1.57,0.0,50,7850,卖盘
1705,14:47:34,1.57,0.0,71,11147,卖盘
1706,14:47:42,1.57,0.0,10,1570,卖盘
1707,14:48:09,1.57,0.0,5,785,卖盘
1708,14:48:13,1.58,0.01,14,2202,买盘
1709,14:48:16,1.57,-0.01,108,16956,卖盘
1710,14:48:18,1.57,0.0,20,3140,卖盘
1711,14:48:22,1.57,0.0,30,4710,卖盘
1712,14:48:28,1.57,0.0,56,8792,卖盘
1713,14:48:34,1.57,0.0,8,1256,卖盘
1714,14:48:43,1.57,0.0,10,1570,卖盘
1715,14:48:46,1.57,0.0,1,157,卖盘
1716,14:49:07,1.57,0.0,140,21980,卖盘
1717,14:49:09,1.57,0.0,50,7850,卖盘
1718,14:49:12,1.58,0.01,10,1580,买盘
1719,14:49:22,1.57,-0.01,52,8164,卖盘
1720,14:49:24,1.58,0.01,5,790,买盘
1721,14:49:28,1.58,0.0,6,948,买盘
1722,14:49:37,1.57,-0.01,100,15700,卖盘
1723,14:49:40,1.57,0.0,8,1256,卖盘
1724,14:49:43,1.57,0.0,1,157,卖盘
1725,14:49:49,1.58,0.01,20,3160,买盘
1726,14:49:51,1.58,0.0,11,1738,买盘
1727,14:50:04,1.57,-0.01,1063,166893,卖盘
1728,14:50:06,1.58,0.01,20,3160,买盘
1729,14:50:10,1.57,-0.01,169,26533,卖盘
1730,14:50:13,1.57,0.0,50,7850,卖盘
1731,14:50:24,1.57,0.0,5,785,卖盘
1732,14:50:28,1.57,0.0,8,1256,卖盘
1733,14:50:34,1.58,0.01,2,316,买盘
1734,14:50:40,1.58,0.0,7,1106,买盘
1735,14:50:43,1.57,-0.01,10,1570,卖盘
1736,14:50:46,1.58,0.01,20,3160,买盘
1737,14:50:55,1.57,-0.01,1603,251671,卖盘
1738,14:50:57,1.57,0.0,20,3140,买盘
1739,14:51:01,1.56,-0.01,45,7020,卖盘
1740,14:51:04,1.56,0.0,12,1874,卖盘
1741,14:51:12,1.56,0.0,12,1879,卖盘
1742,14:51:28,1.57,0.01,1,157,买盘
1743,14:51:31,1.57,0.0,21,3297,买盘
1744,14:51:34,1.57,0.0,2,314,买盘
1745,14:51:37,1.57,0.0,2,314,买盘
1746,14:51:43,1.57,0.0,20,3140,买盘
1747,14:51:45,1.57,0.0,7,1099,买盘
1748,14:51:58,1.57,0.0,653,102521,买盘
1749,14:52:07,1.57,0.0,12,1884,买盘
1750,14:52:10,1.57,0.0,271,42547,买盘
1751,14:52:13,1.57,0.0,5,785,买盘
1752,14:52:16,1.57,0.0,172,27004,买盘
1753,14:52:19,1.57,0.0,10,1570,买盘
1754,14:52:24,1.56,-0.01,10,1560,卖盘
1755,14:52:28,1.56,0.0,30,4700,卖盘
1756,14:52:34,1.57,0.01,30,4710,买盘
1757,14:52:37,1.57,0.0,26,4082,买盘
1758,14:52:43,1.57,0.0,175,27410,买盘
1759,14:52:46,1.57,0.0,215,33755,买盘
1760,14:52:49,1.57,0.0,231,36174,买盘
1761,14:52:51,1.57,0.0,141,22137,买盘
1762,14:52:55,1.56,-0.01,300,46800,卖盘
1763,14:53:04,1.56,0.0,688,107328,卖盘
1764,14:53:10,1.57,0.01,8,1250,买盘
1765,14:53:13,1.57,0.0,76,11860,买盘
1766,14:53:22,1.56,-0.01,50,7800,卖盘
1767,14:53:25,1.56,0.0,50,7800,卖盘
1768,14:53:31,1.57,0.01,137,21509,买盘
1769,14:53:34,1.57,0.0,13,2041,卖盘
1770,14:53:37,1.57,0.0,100,15700,买盘
1771,14:53:40,1.57,0.0,18,2826,买盘
1772,14:53:55,1.57,0.0,3,471,卖盘
1773,14:53:57,1.57,0.0,3,471,卖盘
1774,14:54:01,1.57,0.0,3,471,卖盘
1775,14:54:07,1.57,0.0,31,4867,卖盘
1776,14:54:16,1.58,0.01,10,1580,买盘
1777,14:54:22,1.57,-0.01,18,2826,卖盘
1778,14:54:28,1.57,0.0,1,157,卖盘
1779,14:54:37,1.57,0.0,9,1413,卖盘
1780,14:54:40,1.57,0.0,60,9420,卖盘
1781,14:54:49,1.57,0.0,1,157,卖盘
1782,14:54:52,1.57,0.0,939,147423,卖盘
1783,14:54:55,1.57,0.0,60,9420,卖盘
1784,14:54:57,1.57,0.0,174,27318,卖盘
1785,14:55:10,1.57,0.0,40,6280,卖盘
1786,14:55:31,1.57,0.0,200,31400,卖盘
1787,14:55:34,1.57,0.0,10,1570,卖盘
1788,14:55:43,1.57,0.0,1,157,卖盘
1789,14:55:46,1.57,0.0,16,2512,卖盘
1790,14:55:49,1.57,0.0,1,157,卖盘
1791,14:56:04,1.57,0.0,17,2669,卖盘
1792,14:56:07,1.58,0.01,390,61620,买盘
1793,14:56:09,1.57,-0.01,599,94043,卖盘
1794,14:56:19,1.57,0.0,7,1099,卖盘
1795,14:56:28,1.57,0.0,33,5181,卖盘
1796,14:56:31,1.58,0.01,18,2844,买盘
1797,14:56:34,1.57,-0.01,5,785,卖盘
1798,14:56:55,1.57,0.0,150,23550,卖盘
1799,14:57:00,1.57,0.0,95,14915,卖盘
1800,15:00:04,1.57,0.0,653,102521,卖盘
