,time,price,change,volume,amount,type
0,09:25:04,16.7,-0.01,165,275550,卖盘
1,09:30:05,16.61,-0.09,28,46603,卖盘
2,09:30:07,16.68,0.07,41,68376,中性盘
3,09:30:10,16.68,0.0,30,50050,卖盘
4,09:30:13,16.68,0.0,1,1668,卖盘
5,09:30:16,16.71,0.03,5,8351,买盘
6,09:30:19,16.7,-0.01,23,38410,卖盘
7,09:30:22,16.71,0.01,5,8355,买盘
8,09:30:25,16.72,0.01,18,30096,买盘
9,09:30:31,16.68,-0.04,109,182330,卖盘
10,09:30:34,16.68,0.0,15,25020,卖盘
11,09:30:37,16.72,0.04,1,1672,卖盘
12,09:30:46,16.79,0.07,7,11753,买盘
13,09:30:49,17.09,0.3,585,995360,买盘
14,09:30:52,17.09,0.0,321,548589,买盘
15,09:30:58,17.09,0.0,388,662472,买盘
16,09:31:01,17.09,0.0,396,676172,买盘
17,09:31:04,17.1,0.01,21,35910,卖盘
18,09:31:13,17.1,0.0,3,5110,买盘
19,09:31:19,17.1,0.0,3,5130,买盘
20,09:31:22,16.89,-0.21,20,33799,卖盘
21,09:31:25,16.89,0.0,9,15201,卖盘
22,09:31:31,16.95,0.06,6,10164,买盘
23,09:31:37,16.95,0.0,3,5085,卖盘
24,09:31:40,17.09,0.14,112,191132,买盘
25,09:31:43,17.09,0.0,5,8545,卖盘
26,09:31:46,17.03,-0.06,7,11926,卖盘
27,09:31:49,16.99,-0.04,7,11889,中性盘
28,09:31:55,16.99,0.0,1,1699,买盘
29,09:31:58,16.97,-0.02,2,3394,卖盘
30,09:32:01,16.97,0.0,17,28857,卖盘
31,09:32:07,16.96,-0.01,1,1696,卖盘
32,09:32:10,16.96,0.0,15,25421,卖盘
33,09:32:13,16.97,0.01,14,23758,买盘
34,09:32:25,16.96,-0.01,21,35616,买盘
35,09:32:28,16.95,-0.01,13,22045,卖盘
36,09:32:31,16.94,-0.01,4,6776,卖盘
37,09:32:34,16.94,0.0,4,6776,买盘
38,09:32:37,16.96,0.02,72,122025,买盘
39,09:32:40,16.96,0.0,1,1696,卖盘
40,09:32:43,16.97,0.01,40,67880,买盘
41,09:32:46,16.95,-0.02,7,11871,卖盘
42,09:32:49,16.97,0.02,28,47516,买盘
43,09:32:52,16.97,0.0,39,66180,买盘
44,09:32:55,16.98,0.01,48,81456,买盘
45,09:32:58,16.96,-0.02,10,16962,卖盘
46,09:33:01,17.0,0.04,1,1700,买盘
47,09:33:07,17.03,0.03,9,15314,买盘
48,09:33:16,17.03,0.0,4,6812,中性盘
49,09:33:19,17.03,0.0,12,20434,买盘
50,09:33:25,17.04,0.01,12,20448,买盘
51,09:33:31,17.01,-0.03,44,74946,卖盘
52,09:33:34,17.01,0.0,1,1701,买盘
53,09:33:37,17.01,0.0,57,96957,买盘
54,09:33:40,17.01,0.0,7,11907,买盘
55,09:33:43,17.0,-0.01,26,44202,卖盘
56,09:33:46,17.0,0.0,12,20400,买盘
57,09:33:49,17.0,0.0,24,40800,买盘
58,09:33:52,17.01,0.01,59,100254,买盘
59,09:33:55,16.99,-0.02,4,6796,中性盘
60,09:33:58,16.99,0.0,14,23798,卖盘
61,09:34:07,16.99,0.0,1,1699,卖盘
62,09:34:10,17.0,0.01,47,79864,买盘
63,09:34:13,16.99,-0.01,6,10194,中性盘
64,09:34:16,17.01,0.02,33,56102,买盘
65,09:34:25,16.99,-0.02,5,8495,卖盘
66,09:34:31,17.01,0.02,39,66339,买盘
67,09:34:40,17.01,0.0,3,5103,卖盘
68,09:34:46,17.01,0.0,7,11907,卖盘
69,09:34:49,17.01,0.0,2,3402,买盘
70,09:34:55,17.03,0.02,53,90251,买盘
71,09:34:58,17.03,0.0,2,3406,卖盘
72,09:35:01,17.01,-0.02,18,30620,卖盘
73,09:35:04,17.01,0.0,11,18713,卖盘
74,09:35:07,17.03,0.02,6,10218,买盘
75,09:35:10,17.01,-0.02,3,5103,卖盘
76,09:35:13,17.03,0.02,57,97069,买盘
77,09:35:16,17.05,0.02,8,13634,买盘
78,09:35:19,17.03,-0.02,47,80041,卖盘
79,09:35:25,16.98,-0.05,97,165005,卖盘
80,09:35:34,17.03,0.05,3,5109,卖盘
81,09:35:43,17.0,-0.03,3,5100,卖盘
82,09:35:58,16.98,-0.02,4,6792,卖盘
83,09:36:01,16.98,0.0,2,3396,买盘
84,09:36:04,16.97,-0.01,27,45826,卖盘
85,09:36:07,16.98,0.01,8,13584,买盘
86,09:36:10,16.98,0.0,8,13584,买盘
87,09:36:16,16.98,0.0,2,3396,中性盘
88,09:36:19,16.97,-0.01,20,33942,卖盘
89,09:36:22,17.0,0.03,25,42450,买盘
90,09:36:28,16.97,-0.03,73,124085,中性盘
91,09:36:37,16.97,0.0,3,5089,买盘
92,09:36:40,16.97,0.0,81,137391,买盘
93,09:36:49,16.93,-0.04,64,108517,卖盘
94,09:36:55,16.93,0.0,1,1693,买盘
95,09:37:01,16.91,-0.02,4,6764,卖盘
96,09:37:04,16.93,0.02,12,20316,买盘
97,09:37:13,16.91,-0.02,85,143784,卖盘
98,09:37:19,16.91,0.0,8,13528,买盘
99,09:37:31,16.91,0.0,16,27056,买盘
100,09:37:34,16.91,0.0,17,28747,买盘
101,09:37:37,16.93,0.02,7,11841,买盘
102,09:37:46,16.93,0.0,120,203090,中性盘
103,09:37:49,16.88,-0.05,169,285613,卖盘
104,09:37:52,16.93,0.05,13,22009,买盘
105,09:37:55,16.88,-0.05,59,99629,卖盘
106,09:37:58,16.88,0.0,103,173868,卖盘
107,09:38:01,16.88,0.0,138,232964,卖盘
108,09:38:04,16.88,0.0,108,182757,卖盘
109,09:38:07,16.88,0.0,66,111464,卖盘
110,09:38:10,16.88,0.0,71,119876,卖盘
111,09:38:13,16.9,0.02,55,92950,中性盘
112,09:38:16,16.88,-0.02,7,11824,卖盘
113,09:38:19,16.89,0.01,7,11817,买盘
114,09:38:22,16.89,0.0,21,35466,买盘
115,09:38:28,16.89,0.0,10,16890,卖盘
116,09:38:37,16.88,-0.01,128,216200,卖盘
117,09:38:40,16.91,0.03,2,3382,中性盘
118,09:38:49,16.89,-0.02,1,1689,卖盘
119,09:38:52,16.9,0.01,5,8450,买盘
120,09:38:55,16.88,-0.02,308,519939,卖盘
121,09:38:58,16.9,0.02,4,6759,买盘
122,09:39:04,16.89,-0.01,84,141939,买盘
123,09:39:07,16.89,0.0,3,5067,买盘
124,09:39:19,16.88,-0.01,56,94528,卖盘
125,09:39:22,16.89,0.01,25,42225,买盘
126,09:39:25,16.88,-0.01,15,25344,卖盘
127,09:39:34,16.88,0.0,14,23632,买盘
128,09:39:40,16.87,-0.01,1,1687,卖盘
129,09:39:58,16.75,-0.12,2,3350,卖盘
130,09:40:04,16.75,0.0,8,13400,买盘
131,09:40:13,16.75,0.0,5,8375,卖盘
132,09:40:16,16.84,0.09,15,25255,买盘
133,09:40:19,16.87,0.03,18,30331,买盘
134,09:40:25,16.77,-0.1,3,5031,卖盘
135,09:40:37,16.87,0.1,24,40488,买盘
136,09:40:43,16.78,-0.09,22,36931,卖盘
137,09:40:46,16.84,0.06,7,11758,中性盘
138,09:40:49,16.78,-0.06,1,1678,卖盘
139,09:41:10,16.81,0.03,12,20202,卖盘
140,09:41:16,16.84,0.03,1,1684,买盘
141,09:41:19,16.84,0.0,1,1684,买盘
142,09:41:22,16.81,-0.03,8,13450,卖盘
143,09:41:43,16.84,0.03,3,5052,买盘
144,09:41:49,16.81,-0.03,10,16816,卖盘
145,09:41:55,16.82,0.01,26,43752,卖盘
146,09:41:58,16.82,0.0,17,28594,买盘
147,09:42:01,16.88,0.06,44,74254,买盘
148,09:42:22,16.88,0.0,36,60768,买盘
149,09:42:25,16.88,0.0,10,16880,买盘
150,09:42:37,16.88,0.0,6,10128,卖盘
151,09:42:52,16.87,-0.01,4,6748,卖盘
152,09:42:55,16.87,0.0,5,8435,买盘
153,09:43:01,16.88,0.01,5,8440,买盘
154,09:43:04,16.87,-0.01,5,8435,买盘
155,09:43:07,16.87,0.0,28,47236,买盘
156,09:43:10,16.87,0.0,37,62419,买盘
157,09:43:13,16.88,0.01,12,20256,买盘
158,09:43:19,16.89,0.01,10,16890,买盘
159,09:43:25,16.9,0.01,2,3380,买盘
160,09:43:34,16.9,0.0,10,16900,买盘
161,09:43:37,16.9,0.0,11,18590,买盘
162,09:43:43,16.91,0.01,2,3382,买盘
163,09:43:46,16.9,-0.01,8,13522,卖盘
164,09:43:49,16.91,0.01,8,13528,中性盘
165,09:43:58,16.98,0.07,42,71250,买盘
166,09:44:10,16.94,-0.04,5,8470,买盘
167,09:44:13,16.94,0.0,2,3388,买盘
168,09:44:25,16.94,0.0,18,30492,买盘
169,09:44:43,16.95,0.01,10,16950,卖盘
170,09:44:46,16.96,0.01,32,54272,买盘
171,09:44:49,16.96,0.0,4,6784,买盘
172,09:44:52,16.96,0.0,1,1696,买盘
173,09:44:58,16.94,-0.02,7,11858,卖盘
174,09:45:01,16.94,0.0,2,3388,买盘
175,09:45:10,16.92,-0.02,9,15228,卖盘
176,09:45:16,16.92,0.0,2,3384,卖盘
177,09:45:19,16.92,0.0,17,28764,卖盘
178,09:45:25,16.9,-0.02,6,10140,卖盘
179,09:45:28,16.89,-0.01,3,5067,卖盘
180,09:45:31,16.9,0.01,14,23652,买盘
181,09:45:37,16.89,-0.01,9,15201,卖盘
182,09:45:40,16.89,0.0,1,1689,买盘
183,09:45:46,16.89,0.0,9,15201,卖盘
184,09:45:52,16.89,0.0,36,60804,卖盘
185,09:45:55,16.9,0.01,10,16892,买盘
186,09:45:58,16.89,-0.01,118,199302,卖盘
187,09:46:01,16.9,0.01,13,21960,买盘
188,09:46:05,16.9,0.0,2,3380,买盘
189,09:46:07,16.9,0.0,24,40550,买盘
190,09:46:10,16.9,0.0,20,33800,卖盘
191,09:46:22,16.92,0.02,14,23688,买盘
192,09:46:25,16.91,-0.01,15,25374,卖盘
193,09:46:28,16.91,0.0,1,1691,买盘
194,09:46:31,16.92,0.01,9,15228,卖盘
195,09:46:34,16.94,0.02,1,1694,买盘
196,09:46:37,16.96,0.02,33,55922,买盘
197,09:46:46,16.96,0.0,5,8480,卖盘
198,09:46:52,16.97,0.01,10,16965,买盘
199,09:46:58,16.96,-0.01,17,28832,中性盘
200,09:47:04,16.97,0.01,3,5091,买盘
201,09:47:13,16.97,0.0,10,16970,买盘
202,09:47:19,16.97,0.0,1,1697,买盘
203,09:47:25,16.97,0.0,10,16970,卖盘
204,09:47:28,16.97,0.0,16,27152,卖盘
205,09:47:31,16.97,0.0,2,3393,买盘
206,09:47:40,16.97,0.0,35,59395,买盘
207,09:47:43,16.97,0.0,1,1697,买盘
208,09:47:46,16.96,-0.01,7,11872,卖盘
209,09:47:49,16.96,0.0,3,5088,买盘
210,09:47:52,16.95,-0.01,30,50850,卖盘
211,09:47:55,16.96,0.01,5,8480,买盘
212,09:48:07,16.96,0.0,2,3392,买盘
213,09:48:19,16.95,-0.01,11,18645,卖盘
214,09:48:25,16.96,0.01,2,3392,买盘
215,09:48:28,16.95,-0.01,5,8475,卖盘
216,09:48:37,16.91,-0.04,9,15229,卖盘
217,09:48:43,16.96,0.05,10,16955,买盘
218,09:49:04,16.96,0.0,3,5088,买盘
219,09:49:16,16.96,0.0,3,5088,卖盘
220,09:49:19,16.96,0.0,2,3392,买盘
221,09:49:31,16.96,0.0,2,3392,买盘
222,09:49:34,16.96,0.0,14,23744,买盘
223,09:49:40,16.96,0.0,2,3392,卖盘
224,09:49:43,16.96,0.0,10,16960,卖盘
225,09:49:58,16.97,0.01,1,1697,买盘
226,09:50:01,16.96,-0.01,10,16960,卖盘
227,09:50:07,16.96,0.0,3,5088,卖盘
228,09:50:10,16.96,0.0,29,49184,卖盘
229,09:50:25,16.97,0.01,111,188261,买盘
230,09:50:40,16.91,-0.06,5,8457,卖盘
231,09:50:58,16.91,0.0,3,5073,卖盘
232,09:51:25,16.91,0.0,10,16924,卖盘
233,09:52:01,16.93,0.02,12,20316,卖盘
234,09:52:19,16.92,-0.01,87,147224,卖盘
235,09:52:31,16.92,0.0,24,40608,买盘
236,09:52:34,16.92,0.0,71,120132,买盘
237,09:52:37,16.93,0.01,3,5079,买盘
238,09:52:40,16.95,0.02,10,16936,买盘
239,09:52:43,16.95,0.0,8,13560,买盘
240,09:52:49,16.95,0.0,1,1695,买盘
241,09:52:55,16.95,0.0,1,1695,买盘
242,09:52:58,16.95,0.0,7,11860,买盘
243,09:53:19,16.95,0.0,13,22040,卖盘
244,09:53:31,16.95,0.0,31,52559,卖盘
245,09:53:40,16.97,0.02,10,16965,买盘
246,09:53:43,16.95,-0.02,2,3390,卖盘
247,09:53:46,16.95,0.0,12,20340,卖盘
248,09:53:49,16.95,0.0,25,42375,卖盘
249,09:53:55,16.95,0.0,6,10170,卖盘
250,09:54:01,16.95,0.0,5,8475,买盘
251,09:54:07,16.95,0.0,1,1695,买盘
252,09:54:10,16.94,-0.01,6,10164,卖盘
253,09:54:13,16.95,0.01,45,76275,买盘
254,09:54:16,16.94,-0.01,10,16940,卖盘
255,09:54:22,16.93,-0.01,30,50790,卖盘
256,09:54:28,16.93,0.0,5,8465,卖盘
257,09:54:31,16.93,0.0,2,3386,卖盘
258,09:54:34,16.93,0.0,21,35553,卖盘
259,09:54:58,16.91,-0.02,9,15219,卖盘
260,09:55:01,16.91,0.0,2,3382,买盘
261,09:55:07,16.9,-0.01,20,33802,卖盘
262,09:55:16,16.91,0.01,13,21978,买盘
263,09:55:31,16.93,0.02,35,59255,买盘
264,09:55:40,16.93,0.0,1,1693,卖盘
265,09:56:01,16.93,0.0,24,40632,卖盘
266,09:56:10,16.91,-0.02,2,3382,卖盘
267,09:56:13,16.92,0.01,161,272297,中性盘
268,09:56:31,16.88,-0.04,20,33762,卖盘
269,09:56:34,16.88,0.0,2,3376,买盘
270,09:56:43,16.9,0.02,1,1690,买盘
271,09:56:46,16.9,0.0,7,11830,买盘
272,09:57:04,16.9,0.0,20,33800,卖盘
273,09:57:07,16.9,0.0,1,1690,买盘
274,09:57:22,16.89,-0.01,7,11823,卖盘
275,09:57:25,16.89,0.0,10,16881,买盘
276,09:57:40,16.87,-0.02,33,55702,卖盘
277,09:57:43,16.87,0.0,2,3374,买盘
278,09:57:55,16.89,0.02,59,99559,买盘
279,09:58:07,16.87,-0.02,3,5060,买盘
280,09:58:10,16.85,-0.02,1,1685,卖盘
281,09:58:22,16.85,0.0,13,21905,卖盘
282,09:58:28,16.86,0.01,20,33715,买盘
283,09:58:34,16.86,0.0,1,1686,买盘
284,09:58:37,16.85,-0.01,4,6743,卖盘
285,09:58:40,16.85,0.0,5,8425,买盘
286,09:58:43,16.85,0.0,2,3370,买盘
287,09:58:46,16.85,0.0,58,97659,买盘
288,09:58:49,16.85,0.0,23,38755,买盘
289,09:58:52,16.82,-0.03,5,8410,中性盘
290,09:58:55,16.86,0.04,8,13488,买盘
291,09:58:58,16.82,-0.04,5,8410,卖盘
292,09:59:25,16.85,0.03,20,33700,买盘
293,09:59:31,16.85,0.0,2,3370,卖盘
294,09:59:37,16.86,0.01,13,21918,买盘
295,09:59:43,16.86,0.0,9,15174,买盘
296,10:00:01,16.85,-0.01,20,33700,卖盘
297,10:00:04,16.86,0.01,3,5059,买盘
298,10:00:07,16.86,0.0,19,32034,买盘
299,10:00:16,16.86,0.0,2,3372,卖盘
300,10:00:22,16.87,0.01,1,1687,买盘
301,10:00:37,16.89,0.02,6,10134,买盘
302,10:01:01,16.86,-0.03,100,168671,卖盘
303,10:01:19,16.89,0.03,11,18579,买盘
304,10:01:34,16.88,-0.01,10,16880,卖盘
305,10:01:43,16.89,0.01,5,8445,买盘
306,10:01:46,16.87,-0.02,13,21943,卖盘
307,10:01:58,16.88,0.01,26,43910,卖盘
308,10:02:01,16.88,0.0,15,25320,卖盘
309,10:02:04,16.89,0.01,5,8442,买盘
310,10:02:16,16.89,0.0,30,50670,买盘
311,10:02:37,16.88,-0.01,5,8440,卖盘
312,10:02:43,16.89,0.01,9,15195,买盘
313,10:02:46,16.88,-0.01,2,3376,卖盘
314,10:03:13,16.88,0.0,5,8440,卖盘
315,10:03:22,16.87,-0.01,126,212586,卖盘
316,10:03:25,16.87,0.0,4,6748,买盘
317,10:03:40,16.87,0.0,14,23618,买盘
318,10:04:04,16.86,-0.01,1,1686,卖盘
319,10:04:07,16.87,0.01,3,5061,买盘
320,10:04:10,16.86,-0.01,1,1686,卖盘
321,10:04:13,16.86,0.0,20,33720,卖盘
322,10:04:22,16.87,0.01,5,8435,买盘
323,10:04:28,16.86,-0.01,86,145001,卖盘
324,10:04:34,16.88,0.02,3,5064,卖盘
325,10:04:46,16.88,0.0,5,8440,卖盘
326,10:04:55,16.88,0.0,20,33760,卖盘
327,10:05:04,16.88,0.0,7,11816,卖盘
328,10:05:10,16.88,0.0,1,1688,卖盘
329,10:05:13,16.88,0.0,22,37136,卖盘
330,10:05:19,16.88,0.0,25,42200,买盘
331,10:05:28,16.88,0.0,24,40512,卖盘
332,10:06:04,16.88,0.0,1,1688,买盘
333,10:06:07,16.88,0.0,23,38804,买盘
334,10:06:16,16.88,0.0,3,5064,买盘
335,10:06:19,16.87,-0.01,2,3374,卖盘
336,10:06:25,16.87,0.0,1,1687,买盘
337,10:06:31,16.87,0.0,7,11809,买盘
338,10:06:34,16.87,0.0,19,32053,卖盘
339,10:06:37,16.88,0.01,1,1688,买盘
340,10:06:52,16.88,0.0,4,6752,买盘
341,10:07:07,16.88,0.0,4,6752,买盘
342,10:07:16,16.88,0.0,2,3376,买盘
343,10:07:19,16.88,0.0,3,5064,买盘
344,10:07:22,16.88,0.0,35,59080,买盘
345,10:07:25,16.88,0.0,7,11816,买盘
346,10:07:28,16.87,-0.01,28,47236,卖盘
347,10:07:31,16.87,0.0,40,67480,买盘
348,10:07:34,16.87,0.0,1,1687,买盘
349,10:07:37,16.87,0.0,11,18557,买盘
350,10:07:46,16.86,-0.01,120,202320,卖盘
351,10:07:58,16.82,-0.04,82,138125,卖盘
352,10:08:04,16.82,0.0,1,1682,买盘
353,10:08:13,16.81,-0.01,35,58838,卖盘
354,10:08:16,16.81,0.0,2,3362,买盘
355,10:08:19,16.82,0.01,12,20174,买盘
356,10:08:43,16.85,0.03,3,5055,卖盘
357,10:08:46,16.86,0.01,1,1686,买盘
358,10:08:52,16.85,-0.01,3,5055,卖盘
359,10:09:07,16.86,0.01,9,15174,买盘
360,10:09:10,16.85,-0.01,2,3370,卖盘
361,10:09:13,16.85,0.0,7,11795,卖盘
362,10:09:28,16.82,-0.03,1,1682,卖盘
363,10:10:01,16.82,0.0,4,6728,卖盘
364,10:10:16,16.83,0.01,3,5049,买盘
365,10:10:19,16.82,-0.01,38,63916,卖盘
366,10:10:22,16.82,0.0,1,1682,买盘
367,10:10:25,16.82,0.0,10,16820,买盘
368,10:10:40,16.81,-0.01,16,26896,卖盘
369,10:10:49,16.81,0.0,3,5043,卖盘
370,10:11:01,16.82,0.01,1,1682,买盘
371,10:11:16,16.82,0.0,2,3364,卖盘
372,10:11:37,16.83,0.01,67,112761,买盘
373,10:11:40,16.83,0.0,6,10098,卖盘
374,10:11:55,16.85,0.02,21,35385,买盘
375,10:12:04,16.87,0.02,20,33736,买盘
376,10:12:07,16.87,0.0,53,89411,买盘
377,10:12:19,16.88,0.01,28,47264,买盘
378,10:12:22,16.88,0.0,30,50640,买盘
379,10:12:28,16.88,0.0,4,6752,买盘
380,10:12:34,16.88,0.0,16,27008,买盘
381,10:12:37,16.88,0.0,6,10128,买盘
382,10:12:40,16.88,0.0,48,81024,买盘
383,10:12:43,16.87,-0.01,13,21940,卖盘
384,10:12:46,16.88,0.01,2,3376,买盘
385,10:12:52,16.88,0.0,13,21944,买盘
386,10:12:58,16.88,0.0,10,16880,买盘
387,10:13:10,16.88,0.0,50,84380,买盘
388,10:13:13,16.88,0.0,5,8440,买盘
389,10:13:16,16.88,0.0,84,141792,买盘
390,10:13:22,16.89,0.01,39,65871,买盘
391,10:13:25,16.89,0.0,28,47292,买盘
392,10:13:28,16.89,0.0,22,37158,买盘
393,10:13:31,16.89,0.0,20,33780,买盘
394,10:13:34,16.9,0.01,27,45608,买盘
395,10:13:37,16.9,0.0,26,43940,买盘
396,10:13:40,16.9,0.0,24,40560,买盘
397,10:13:43,16.91,0.01,106,179162,买盘
398,10:13:52,16.91,0.0,20,33820,卖盘
399,10:13:55,16.93,0.02,1,1693,买盘
400,10:13:58,16.91,-0.02,10,16915,卖盘
401,10:14:01,16.93,0.02,2,3386,买盘
402,10:14:04,16.93,0.0,1,1693,买盘
403,10:14:15,16.93,0.0,3,5079,卖盘
404,10:14:28,16.94,0.01,5,8470,买盘
405,10:14:34,16.93,-0.01,12,20316,卖盘
406,10:14:40,16.95,0.02,3,5085,买盘
407,10:14:43,16.95,0.0,28,47428,买盘
408,10:15:07,16.96,0.01,10,16960,买盘
409,10:15:10,16.96,0.0,44,74624,买盘
410,10:15:22,16.97,0.01,1,1697,买盘
411,10:15:31,16.97,0.0,1,1697,买盘
412,10:15:49,16.96,-0.01,20,33920,卖盘
413,10:15:58,16.96,0.0,1,1696,卖盘
414,10:16:07,16.97,0.01,3,5091,买盘
415,10:16:10,16.96,-0.01,2,3392,卖盘
416,10:16:13,16.96,0.0,1,1696,买盘
417,10:16:16,16.96,0.0,3,5088,买盘
418,10:16:18,16.96,0.0,20,33920,卖盘
419,10:16:34,16.98,0.02,32,54324,买盘
420,10:16:43,16.99,0.01,77,130820,买盘
421,10:16:49,17.0,0.01,10,17000,买盘
422,10:17:01,17.03,0.03,2,3406,买盘
423,10:17:07,17.03,0.0,3,5109,买盘
424,10:17:13,17.05,0.02,30,51085,买盘
425,10:17:22,17.05,0.0,44,75006,买盘
426,10:17:25,17.05,0.0,17,28985,卖盘
427,10:17:31,17.05,0.0,22,37510,卖盘
428,10:17:34,17.07,0.02,3,5121,买盘
429,10:17:40,17.07,0.0,9,15363,买盘
430,10:17:46,17.07,0.0,9,15363,卖盘
431,10:17:49,17.08,0.01,25,42647,买盘
432,10:17:52,17.07,-0.01,2,3414,中性盘
433,10:17:55,17.07,0.0,2,3414,买盘
434,10:17:58,17.08,0.01,10,17074,买盘
435,10:18:07,17.07,-0.01,14,23898,买盘
436,10:18:16,17.06,-0.01,17,29012,卖盘
437,10:18:19,17.06,0.0,15,25590,买盘
438,10:18:22,17.06,0.0,30,51180,买盘
439,10:18:28,17.05,-0.01,8,13640,卖盘
440,10:18:31,17.05,0.0,5,8525,卖盘
441,10:18:34,17.06,0.01,10,17060,买盘
442,10:18:37,17.05,-0.01,21,35816,卖盘
443,10:18:40,17.06,0.01,69,117714,买盘
444,10:18:45,17.06,0.0,6,10236,卖盘
445,10:18:49,17.06,0.0,6,10236,卖盘
446,10:18:52,17.06,0.0,2,3412,卖盘
447,10:18:55,17.06,0.0,13,22178,卖盘
448,10:18:58,17.06,0.0,2,3412,卖盘
449,10:19:04,17.06,0.0,3,5118,卖盘
450,10:19:07,17.06,0.0,5,8530,卖盘
451,10:19:10,17.08,0.02,113,192867,买盘
452,10:19:16,17.09,0.01,22,37595,买盘
453,10:19:22,17.09,0.0,4,6836,买盘
454,10:19:28,17.1,0.01,30,51282,买盘
455,10:19:31,17.1,0.0,50,85500,买盘
456,10:19:34,17.09,-0.01,70,119670,卖盘
457,10:19:40,17.15,0.06,30,51446,买盘
458,10:19:43,17.14,-0.01,3,5142,中性盘
459,10:19:52,17.14,0.0,10,17138,买盘
460,10:19:55,17.14,0.0,1,1714,买盘
461,10:20:01,17.14,0.0,8,13712,买盘
462,10:20:04,17.14,0.0,1,1714,买盘
463,10:20:07,17.14,0.0,2,3428,卖盘
464,10:20:10,17.14,0.0,10,17140,卖盘
465,10:20:13,17.15,0.01,5,8575,买盘
466,10:20:16,17.13,-0.02,21,35983,卖盘
467,10:20:22,17.13,0.0,17,29121,买盘
468,10:20:25,17.14,0.01,25,42842,买盘
469,10:20:28,17.11,-0.03,10,17110,卖盘
470,10:20:31,17.12,0.01,3,5138,中性盘
471,10:20:33,17.12,0.0,14,23958,买盘
472,10:20:37,17.11,-0.01,5,8555,卖盘
473,10:20:40,17.1,-0.01,1,1710,卖盘
474,10:20:46,17.11,0.01,4,6844,买盘
475,10:20:55,17.11,0.0,14,23954,卖盘
476,10:20:58,17.11,0.0,7,11977,买盘
477,10:21:07,17.1,-0.01,13,22240,卖盘
478,10:21:10,17.1,0.0,29,49592,卖盘
479,10:21:13,17.11,0.01,4,6843,买盘
480,10:21:19,17.1,-0.01,7,11970,中性盘
481,10:21:22,17.12,0.02,51,87263,买盘
482,10:21:34,17.12,0.0,4,6848,卖盘
483,10:21:40,17.13,0.01,5,8565,买盘
484,10:21:46,17.12,-0.01,15,25680,卖盘
485,10:21:52,17.11,-0.01,4,6844,买盘
486,10:22:07,17.11,0.0,1,1711,买盘
487,10:22:10,17.1,-0.01,25,42752,卖盘
488,10:22:22,17.09,-0.01,15,25635,卖盘
489,10:22:25,17.1,0.01,12,20510,买盘
490,10:22:28,17.1,0.0,1,1710,买盘
491,10:22:31,17.1,0.0,20,34190,买盘
492,10:22:34,17.1,0.0,12,20520,卖盘
493,10:22:43,17.1,0.0,5,8550,卖盘
494,10:22:46,17.1,0.0,8,13680,卖盘
495,10:22:49,17.1,0.0,22,37620,买盘
496,10:22:52,17.12,0.02,45,76976,买盘
497,10:22:58,17.13,0.01,12,20556,买盘
498,10:23:07,17.14,0.01,2,3428,买盘
499,10:23:28,17.14,0.0,7,12003,卖盘
500,10:23:31,17.14,0.0,2,3428,卖盘
501,10:23:36,17.15,0.01,8,13716,买盘
502,10:23:43,17.14,-0.01,2,3428,卖盘
503,10:23:46,17.17,0.03,26,44639,买盘
504,10:24:04,17.16,-0.01,18,30884,买盘
505,10:24:07,17.17,0.01,24,41172,买盘
506,10:24:16,17.17,0.0,5,8585,买盘
507,10:24:19,17.18,0.01,48,82417,买盘
508,10:24:21,17.15,-0.03,30,51502,卖盘
509,10:24:31,17.18,0.03,2,3436,买盘
510,10:24:34,17.18,0.0,2,3436,买盘
511,10:24:37,17.17,-0.01,20,34340,卖盘
512,10:24:39,17.18,0.01,23,39514,买盘
513,10:24:42,17.17,-0.01,3,5151,卖盘
514,10:24:46,17.17,0.0,20,34340,卖盘
515,10:24:49,17.17,0.0,57,97869,卖盘
516,10:24:51,17.17,0.0,7,12019,卖盘
517,10:25:07,17.17,0.0,3,5151,买盘
518,10:25:10,17.16,-0.01,2,3432,卖盘
519,10:25:13,17.16,0.0,8,13728,买盘
520,10:25:16,17.16,0.0,2,3432,买盘
521,10:25:30,17.15,-0.01,1,1715,卖盘
522,10:25:33,17.15,0.0,7,12005,卖盘
523,10:25:37,17.15,0.0,6,10290,卖盘
524,10:25:49,17.15,0.0,2,3430,买盘
525,10:25:52,17.15,0.0,7,12004,买盘
526,10:25:58,17.14,-0.01,3,5142,卖盘
527,10:26:01,17.15,0.01,30,51430,买盘
528,10:26:07,17.14,-0.01,3,5142,买盘
529,10:26:31,17.14,0.0,13,22282,买盘
530,10:26:37,17.13,-0.01,14,23988,卖盘
531,10:26:43,17.14,0.01,2,3428,卖盘
532,10:27:01,17.13,-0.01,18,30834,卖盘
533,10:27:07,17.13,0.0,4,6852,买盘
534,10:27:19,17.14,0.01,29,49685,买盘
535,10:27:22,17.14,0.0,5,8570,卖盘
536,10:27:24,17.15,0.01,16,27440,买盘
537,10:27:27,17.14,-0.01,148,253672,卖盘
538,10:28:01,17.14,0.0,1,1714,卖盘
539,10:28:04,17.14,0.0,100,171400,卖盘
540,10:28:19,17.14,0.0,23,39422,卖盘
541,10:28:22,17.14,0.0,6,10284,卖盘
542,10:28:37,17.14,0.0,11,18854,卖盘
543,10:28:40,17.14,0.0,19,32566,卖盘
544,10:28:45,17.14,0.0,2,3428,卖盘
545,10:28:48,17.14,0.0,5,8570,卖盘
546,10:28:52,17.14,0.0,3,5142,卖盘
547,10:28:57,17.14,0.0,110,188540,卖盘
548,10:29:01,17.14,0.0,13,22285,卖盘
549,10:29:04,17.14,0.0,1,1714,卖盘
550,10:29:06,17.14,0.0,20,34280,卖盘
551,10:29:10,17.15,0.01,21,35995,买盘
552,10:29:13,17.15,0.0,12,20580,买盘
553,10:29:16,17.14,-0.01,10,17140,卖盘
554,10:29:22,17.14,0.0,85,145690,卖盘
555,10:29:37,17.12,-0.02,3,5136,卖盘
556,10:29:52,17.1,-0.02,2,3420,卖盘
557,10:29:57,17.1,0.0,6,10260,卖盘
558,10:30:01,17.09,-0.01,16,27344,卖盘
559,10:30:04,17.08,-0.01,10,17080,卖盘
560,10:30:07,17.08,0.0,3,5124,买盘
561,10:30:16,17.06,-0.02,2,3412,卖盘
562,10:30:22,17.07,0.01,10,17070,卖盘
563,10:30:37,17.08,0.01,9,15372,卖盘
564,10:30:42,17.07,-0.01,24,40980,卖盘
565,10:30:54,17.06,-0.01,21,35826,卖盘
566,10:31:01,17.05,-0.01,41,69905,卖盘
567,10:31:04,17.01,-0.04,8,13608,卖盘
568,10:31:07,17.05,0.04,9,15345,买盘
569,10:31:37,17.05,0.0,40,68200,买盘
570,10:32:07,17.05,0.0,9,15342,买盘
571,10:32:12,17.05,0.0,1,1705,买盘
572,10:32:16,17.03,-0.02,1,1703,卖盘
573,10:32:27,17.04,0.01,1,1704,卖盘
574,10:32:31,17.05,0.01,3,5115,买盘
575,10:32:43,17.04,-0.01,11,18746,卖盘
576,10:32:49,17.04,0.0,21,35784,卖盘
577,10:32:55,17.04,0.0,1,1704,买盘
578,10:33:07,17.06,0.02,6,10236,买盘
579,10:33:09,17.07,0.01,11,18777,买盘
580,10:33:21,17.06,-0.01,9,15354,卖盘
581,10:33:28,17.07,0.01,11,18777,买盘
582,10:33:37,17.07,0.0,21,35847,买盘
583,10:33:52,17.07,0.0,1,1707,卖盘
584,10:34:10,17.09,0.02,10,17090,买盘
585,10:34:13,17.09,0.0,3,5127,买盘
586,10:34:28,17.09,0.0,5,8545,买盘
587,10:34:31,17.09,0.0,1,1709,买盘
588,10:34:33,17.09,0.0,45,76905,买盘
589,10:34:39,17.09,0.0,15,25635,买盘
590,10:34:43,17.08,-0.01,1,1708,卖盘
591,10:35:16,17.09,0.01,15,25635,中性盘
592,10:35:25,17.11,0.02,2,3422,买盘
593,10:35:31,17.11,0.0,1,1711,买盘
594,10:35:37,17.11,0.0,1,1711,买盘
595,10:35:40,17.11,0.0,11,18821,买盘
596,10:35:43,17.11,0.0,5,8555,买盘
597,10:35:46,17.15,0.04,17,29135,买盘
598,10:36:01,17.15,0.0,5,8575,买盘
599,10:36:07,17.15,0.0,22,37730,买盘
600,10:36:13,17.15,0.0,7,12005,买盘
601,10:36:16,17.15,0.0,6,10290,卖盘
602,10:36:22,17.15,0.0,30,51457,卖盘
603,10:36:25,17.16,0.01,7,12006,买盘
604,10:36:34,17.16,0.0,1,1716,买盘
605,10:36:40,17.15,-0.01,2,3431,卖盘
606,10:36:46,17.16,0.01,2,3432,买盘
607,10:36:55,17.16,0.0,1,1716,买盘
608,10:37:04,17.15,-0.01,13,22298,卖盘
609,10:37:07,17.15,0.0,13,22305,卖盘
610,10:37:16,17.16,0.01,9,15440,买盘
611,10:37:31,17.16,0.0,1,1716,买盘
612,10:37:37,17.16,0.0,7,12012,买盘
613,10:37:40,17.16,0.0,3,5148,卖盘
614,10:37:43,17.16,0.0,3,5148,买盘
615,10:37:52,17.17,0.01,1,1717,买盘
616,10:38:07,17.17,0.0,3,5151,买盘
617,10:38:10,17.17,0.0,10,17170,买盘
618,10:38:13,17.17,0.0,8,13733,买盘
619,10:38:16,17.17,0.0,11,18887,买盘
620,10:38:22,17.17,0.0,2,3434,买盘
621,10:38:37,17.16,-0.01,2,3432,卖盘
622,10:38:49,17.16,0.0,2,3432,卖盘
623,10:38:55,17.16,0.0,2,3432,卖盘
624,10:38:58,17.16,0.0,5,8580,卖盘
625,10:39:01,17.16,0.0,5,8580,卖盘
626,10:39:04,17.16,0.0,10,17160,卖盘
627,10:39:13,17.17,0.01,31,53223,买盘
628,10:39:16,17.16,-0.01,13,22308,卖盘
629,10:39:39,17.15,-0.01,11,18865,卖盘
630,10:39:46,17.15,0.0,5,8575,卖盘
631,10:39:52,17.16,0.01,50,85800,买盘
632,10:39:55,17.15,-0.01,4,6860,卖盘
633,10:40:01,17.15,0.0,6,10290,卖盘
634,10:40:07,17.15,0.0,3,5145,买盘
635,10:40:09,17.15,0.0,1,1715,买盘
636,10:40:13,17.15,0.0,1,1715,买盘
637,10:40:25,17.15,0.0,29,49726,买盘
638,10:40:28,17.16,0.01,50,85781,买盘
639,10:40:34,17.14,-0.02,10,17140,卖盘
640,10:40:42,17.14,0.0,42,71988,卖盘
641,10:40:51,17.14,0.0,53,90842,卖盘
642,10:40:58,17.14,0.0,2,3428,买盘
643,10:41:07,17.14,0.0,3,5142,买盘
644,10:41:09,17.12,-0.02,3,5136,卖盘
645,10:41:18,17.14,0.02,8,13712,买盘
646,10:42:43,17.14,0.0,1,1714,买盘
647,10:43:07,17.13,-0.01,5,8565,卖盘
648,10:43:19,17.13,0.0,9,15417,卖盘
649,10:43:39,17.12,-0.01,1,1712,卖盘
650,10:43:52,17.12,0.0,6,10272,卖盘
651,10:43:57,17.1,-0.02,39,66713,卖盘
652,10:44:25,17.12,0.02,14,23968,买盘
653,10:45:01,17.13,0.01,5,8565,买盘
654,10:45:33,17.12,-0.01,18,30816,卖盘
655,10:45:37,17.12,0.0,5,8560,买盘
656,10:45:49,17.12,0.0,1,1712,买盘
657,10:46:01,17.13,0.01,11,18843,买盘
658,10:46:04,17.13,0.0,6,10278,买盘
659,10:46:16,17.13,0.0,56,95977,卖盘
660,10:46:40,17.13,0.0,1,1713,买盘
661,10:46:52,17.14,0.01,4,6856,买盘
662,10:46:55,17.14,0.0,4,6856,卖盘
663,10:47:01,17.14,0.0,3,5142,卖盘
664,10:47:04,17.15,0.01,8,13720,买盘
665,10:47:16,17.14,-0.01,10,17140,卖盘
666,10:47:19,17.14,0.0,1,1714,卖盘
667,10:47:24,17.14,0.0,1,1714,卖盘
668,10:47:31,17.13,-0.01,9,15417,卖盘
669,10:47:40,17.13,0.0,10,17130,买盘
670,10:47:52,17.14,0.01,2,3428,买盘
671,10:47:58,17.13,-0.01,2,3426,卖盘
672,10:48:13,17.14,0.01,1,1714,买盘
673,10:48:16,17.14,0.0,1,1714,买盘
674,10:48:31,17.13,-0.01,12,20556,卖盘
675,10:49:06,17.13,0.0,9,15417,卖盘
676,10:49:18,17.13,0.0,1,1713,买盘
677,10:49:28,17.14,0.01,3,5142,买盘
678,10:49:30,17.14,0.0,3,5142,买盘
679,10:49:40,17.13,-0.01,3,5139,买盘
680,10:50:06,17.13,0.0,3,5139,买盘
681,10:50:13,17.13,0.0,4,6852,买盘
682,10:50:18,17.12,-0.01,10,17124,卖盘
683,10:50:22,17.14,0.02,2,3428,买盘
684,10:50:28,17.14,0.0,1,1714,买盘
685,10:50:34,17.14,0.0,1,1714,买盘
686,10:50:52,17.14,0.0,5,8570,买盘
687,10:51:42,17.13,-0.01,4,6852,卖盘
688,10:51:46,17.13,0.0,11,18843,卖盘
689,10:52:07,17.13,0.0,1,1713,买盘
690,10:52:43,17.14,0.01,10,17140,买盘
691,10:52:45,17.15,0.01,16,27440,买盘
692,10:52:49,17.15,0.0,64,109760,买盘
693,10:52:51,17.15,0.0,15,25725,买盘
694,10:52:54,17.15,0.0,20,34300,卖盘
695,10:52:58,17.16,0.01,4,6864,买盘
696,10:53:01,17.15,-0.01,7,12007,卖盘
697,10:53:06,17.16,0.01,5,8580,买盘
698,10:53:19,17.16,0.0,2,3432,买盘
699,10:54:07,17.16,0.0,3,5148,买盘
700,10:54:16,17.16,0.0,43,73788,买盘
701,10:54:22,17.15,-0.01,10,17154,卖盘
702,10:54:28,17.16,0.01,10,17160,买盘
703,10:54:43,17.17,0.01,95,163026,买盘
704,10:54:46,17.17,0.0,42,72114,买盘
705,10:54:49,17.18,0.01,30,51540,买盘
706,10:54:52,17.18,0.0,7,12026,买盘
707,10:54:55,17.19,0.01,60,103092,买盘
708,10:54:58,17.2,0.01,23,39560,买盘
709,10:55:13,17.22,0.02,3,5166,买盘
710,10:55:16,17.25,0.03,18,31040,买盘
711,10:55:19,17.25,0.0,215,370865,买盘
712,10:55:25,17.26,0.01,6,10356,买盘
713,10:55:34,17.26,0.0,2,3452,卖盘
714,10:55:37,17.26,0.0,7,12082,卖盘
715,10:55:40,17.25,-0.01,40,69013,卖盘
716,10:55:43,17.28,0.03,15,25912,买盘
717,10:55:46,17.26,-0.02,5,8630,买盘
718,10:55:52,17.27,0.01,1,1727,卖盘
719,10:55:55,17.28,0.01,13,22459,买盘
720,10:55:58,17.29,0.01,66,114085,买盘
721,10:56:01,17.29,0.0,32,55328,卖盘
722,10:56:07,17.3,0.01,4,6920,买盘
723,10:56:10,17.3,0.0,113,195487,买盘
724,10:56:13,17.29,-0.01,2,3458,卖盘
725,10:56:16,17.29,0.0,5,8645,卖盘
726,10:56:18,17.3,0.01,14,24215,买盘
727,10:56:22,17.32,0.02,14,24239,买盘
728,10:56:25,17.3,-0.02,2,3460,卖盘
729,10:56:28,17.31,0.01,2,3462,中性盘
730,10:56:34,17.3,-0.01,3,5190,卖盘
731,10:56:37,17.31,0.01,1,1731,买盘
732,10:56:40,17.3,-0.01,10,17300,卖盘
733,10:56:46,17.3,0.0,5,8650,卖盘
734,10:56:48,17.3,0.0,13,22500,卖盘
735,10:56:51,17.3,0.0,3,5190,买盘
736,10:56:54,17.31,0.01,2,3462,卖盘
737,10:56:58,17.32,0.01,27,46748,买盘
738,10:57:04,17.31,-0.01,3,5192,买盘
739,10:57:07,17.31,0.0,13,22506,卖盘
740,10:57:09,17.31,0.0,7,12117,卖盘
741,10:57:12,17.31,0.0,10,17310,卖盘
742,10:57:16,17.31,0.0,7,12117,卖盘
743,10:57:18,17.3,-0.01,2,3460,中性盘
744,10:57:31,17.29,-0.01,4,6916,卖盘
745,10:57:37,17.29,0.0,7,12103,买盘
746,10:57:43,17.28,-0.01,16,27648,卖盘
747,10:57:45,17.26,-0.02,3,5178,卖盘
748,10:57:54,17.27,0.01,2,3454,卖盘
749,10:57:58,17.26,-0.01,7,12082,卖盘
750,10:58:06,17.26,0.0,3,5178,买盘
751,10:58:10,17.25,-0.01,11,18975,卖盘
752,10:58:13,17.25,0.0,20,34481,买盘
753,10:58:22,17.25,0.0,8,13800,买盘
754,10:58:28,17.23,-0.02,5,8615,卖盘
755,10:58:54,17.24,0.01,11,18964,卖盘
756,10:59:07,17.22,-0.02,4,6888,买盘
757,10:59:10,17.22,0.0,1,1722,买盘
758,10:59:13,17.22,0.0,2,3444,买盘
759,10:59:16,17.22,0.0,1,1722,买盘
760,10:59:22,17.19,-0.03,17,29251,卖盘
761,10:59:34,17.19,0.0,16,27514,卖盘
762,10:59:37,17.19,0.0,1,1719,买盘
763,10:59:43,17.2,0.01,4,6880,卖盘
764,10:59:46,17.18,-0.02,31,53263,卖盘
765,10:59:49,17.2,0.02,3,5160,买盘
766,10:59:52,17.2,0.0,2,3440,买盘
767,10:59:55,17.21,0.01,40,68840,卖盘
768,11:00:07,17.24,0.03,10,17240,买盘
769,11:00:16,17.24,0.0,2,3448,买盘
770,11:00:28,17.24,0.0,1,1724,买盘
771,11:00:43,17.24,0.0,7,12068,买盘
772,11:01:18,17.27,0.03,7,12083,买盘
773,11:01:21,17.27,0.0,3,5181,卖盘
774,11:01:24,17.28,0.01,2,3456,买盘
775,11:01:31,17.27,-0.01,10,17270,卖盘
776,11:02:13,17.27,0.0,10,17270,卖盘
777,11:02:34,17.24,-0.03,10,17240,卖盘
778,11:03:10,17.26,0.02,10,17260,买盘
779,11:03:31,17.26,0.0,5,8630,卖盘
780,11:03:36,17.26,0.0,10,17260,买盘
781,11:03:52,17.27,0.01,20,34540,买盘
782,11:03:55,17.26,-0.01,7,12086,卖盘
783,11:04:00,17.26,0.0,3,5178,卖盘
784,11:04:06,17.26,0.0,7,12082,买盘
785,11:04:09,17.25,-0.01,65,112125,卖盘
786,11:04:13,17.25,0.0,3,5175,卖盘
787,11:04:28,17.24,-0.01,2,3448,卖盘
788,11:04:40,17.24,0.0,8,13792,卖盘
789,11:04:45,17.24,0.0,13,22412,卖盘
790,11:05:01,17.24,0.0,1,1724,卖盘
791,11:05:04,17.24,0.0,10,17240,卖盘
792,11:05:16,17.24,0.0,14,24136,卖盘
793,11:05:25,17.24,0.0,3,5172,买盘
794,11:05:28,17.24,0.0,2,3448,买盘
795,11:05:34,17.24,0.0,3,5172,买盘
796,11:05:40,17.25,0.01,10,17245,买盘
797,11:05:52,17.24,-0.01,3,5172,卖盘
798,11:06:04,17.24,0.0,14,24136,卖盘
799,11:06:06,17.24,0.0,1,1724,买盘
800,11:06:10,17.24,0.0,1,1724,买盘
801,11:06:13,17.24,0.0,4,6896,买盘
802,11:06:30,17.24,0.0,10,17240,卖盘
803,11:06:55,17.24,0.0,2,3448,卖盘
804,11:07:10,17.23,-0.01,2,3446,卖盘
805,11:07:31,17.23,0.0,1,1723,卖盘
806,11:07:40,17.23,0.0,5,8615,卖盘
807,11:08:31,17.23,0.0,21,36183,卖盘
808,11:08:52,17.19,-0.04,55,94608,卖盘
809,11:09:04,17.2,0.01,1,1720,卖盘
810,11:09:07,17.19,-0.01,10,17190,卖盘
811,11:09:22,17.18,-0.01,17,29206,卖盘
812,11:09:30,17.18,0.0,1,1718,卖盘
813,11:09:34,17.17,-0.01,5,8585,卖盘
814,11:09:46,17.16,-0.01,37,63492,卖盘
815,11:09:51,17.16,0.0,9,15444,买盘
816,11:09:55,17.15,-0.01,24,41169,卖盘
817,11:09:58,17.16,0.01,10,17160,中性盘
818,11:10:13,17.16,0.0,10,17160,买盘
819,11:10:15,17.16,0.0,13,22308,买盘
820,11:10:34,17.22,0.06,35,60224,买盘
821,11:10:40,17.17,-0.05,1,1717,中性盘
822,11:10:54,17.18,0.01,1,1718,卖盘
823,11:11:57,17.18,0.0,3,5154,卖盘
824,11:12:48,17.17,-0.01,5,8585,卖盘
825,11:13:00,17.22,0.05,5,8610,买盘
826,11:13:28,17.22,0.0,1,1722,买盘
827,11:13:31,17.22,0.0,2,3444,买盘
828,11:13:54,17.24,0.02,35,60322,买盘
829,11:14:51,17.21,-0.03,4,6884,卖盘
830,11:14:58,17.2,-0.01,5,8600,卖盘
831,11:15:25,17.21,0.01,37,63666,买盘
832,11:15:54,17.19,-0.02,2,3438,买盘
833,11:16:10,17.19,0.0,1,1719,买盘
834,11:16:55,17.18,-0.01,10,17180,卖盘
835,11:16:57,17.19,0.01,6,10312,买盘
836,11:17:49,17.19,0.0,8,13752,买盘
837,11:18:01,17.17,-0.02,18,30906,卖盘
838,11:19:37,17.18,0.01,2,3436,卖盘
839,11:20:04,17.17,-0.01,13,22321,卖盘
840,11:21:10,17.16,-0.01,13,22308,卖盘
841,11:21:13,17.16,0.0,1,1716,买盘
842,11:21:22,17.15,-0.01,33,56595,卖盘
843,11:21:25,17.18,0.03,35,60081,买盘
844,11:21:49,17.16,-0.02,14,24048,卖盘
845,11:24:04,17.16,0.0,1,1716,买盘
846,11:24:07,17.16,0.0,2,3432,买盘
847,11:24:34,17.15,-0.01,1,1715,卖盘
848,11:24:37,17.16,0.01,10,17160,买盘
849,11:24:49,17.16,0.0,35,60060,买盘
850,11:24:55,17.16,0.0,6,10296,买盘
851,11:24:58,17.18,0.02,6,10308,买盘
852,11:25:04,17.18,0.0,11,18898,买盘
853,11:25:07,17.18,0.0,26,44668,买盘
854,11:25:13,17.18,0.0,35,60130,买盘
855,11:25:18,17.18,0.0,28,48104,买盘
856,11:25:22,17.24,0.06,28,48189,买盘
857,11:25:31,17.19,-0.05,1,1719,卖盘
858,11:25:37,17.24,0.05,4,6896,买盘
859,11:25:40,17.19,-0.05,2,3439,卖盘
860,11:25:43,17.25,0.06,2,3449,买盘
861,11:26:09,17.24,-0.01,3,5172,买盘
862,11:26:42,17.24,0.0,1,1724,买盘
863,11:26:46,17.24,0.0,1,1724,买盘
864,11:26:51,17.23,-0.01,2,3446,卖盘
865,11:26:57,17.24,0.01,5,8619,买盘
866,11:27:07,17.22,-0.02,5,8610,卖盘
867,11:27:15,17.22,0.0,3,5166,卖盘
868,11:27:34,17.22,0.0,54,92988,卖盘
869,11:27:54,17.2,-0.02,5,8600,卖盘
870,11:29:22,17.2,0.0,2,3440,买盘
871,11:29:25,17.22,0.02,11,18936,买盘
872,11:29:42,17.17,-0.05,51,87590,卖盘
873,11:29:49,17.17,0.0,15,25755,买盘
874,11:29:54,17.17,0.0,4,6868,买盘
875,13:00:05,17.17,0.0,8,13771,卖盘
876,13:00:07,17.18,0.01,48,82511,中性盘
877,13:00:10,17.19,0.01,5,8590,买盘
878,13:01:03,17.19,0.0,5,8595,买盘
879,13:01:43,17.18,-0.01,13,22334,卖盘
880,13:01:49,17.18,0.0,3,5154,买盘
881,13:01:54,17.18,0.0,1,1718,买盘
882,13:02:10,17.17,-0.01,13,22321,卖盘
883,13:02:37,17.19,0.02,92,157968,买盘
884,13:03:01,17.2,0.01,1,1720,买盘
885,13:03:46,17.19,-0.01,3,5157,卖盘
886,13:04:01,17.19,0.0,5,8599,卖盘
887,13:04:54,17.19,0.0,3,5157,卖盘
888,13:05:05,17.19,0.0,8,13757,卖盘
889,13:05:09,17.19,0.0,5,8595,买盘
890,13:05:39,17.18,-0.01,1,1718,卖盘
891,13:05:43,17.18,0.0,2,3436,卖盘
892,13:06:15,17.17,-0.01,3,5151,卖盘
893,13:06:57,17.18,0.01,8,13744,买盘
894,13:07:04,17.18,0.0,14,24064,卖盘
895,13:07:54,17.19,0.01,4,6876,卖盘
896,13:08:01,17.19,0.0,3,5157,买盘
897,13:08:16,17.19,0.0,1,1719,卖盘
898,13:08:33,17.2,0.01,27,46440,买盘
899,13:08:39,17.23,0.03,5,8615,买盘
900,13:08:42,17.25,0.02,6,10350,买盘
901,13:08:48,17.25,0.0,29,50025,买盘
902,13:08:57,17.26,0.01,3,5178,买盘
903,13:09:01,17.26,0.0,2,3452,买盘
904,13:09:25,17.26,0.0,6,10356,卖盘
905,13:09:40,17.25,-0.01,4,6900,卖盘
906,13:09:43,17.26,0.01,5,8629,买盘
907,13:10:01,17.26,0.0,2,3452,买盘
908,13:10:42,17.24,-0.02,2,3448,买盘
909,13:11:00,17.22,-0.02,8,13786,卖盘
910,13:11:46,17.21,-0.01,2,3442,买盘
911,13:11:48,17.21,0.0,8,13768,买盘
912,13:12:01,17.21,0.0,1,1721,买盘
913,13:12:07,17.2,-0.01,1,1720,卖盘
914,13:12:10,17.22,0.02,16,27552,买盘
915,13:12:25,17.21,-0.01,5,8605,卖盘
916,13:12:31,17.21,0.0,6,10326,买盘
917,13:13:31,17.22,0.01,50,86100,买盘
918,13:13:36,17.22,0.0,14,24108,买盘
919,13:13:54,17.23,0.01,10,17230,买盘
920,13:14:00,17.24,0.01,5,8620,买盘
921,13:14:52,17.23,-0.01,1,1723,卖盘
922,13:14:58,17.23,0.0,3,5169,卖盘
923,13:15:01,17.23,0.0,5,8615,买盘
924,13:15:31,17.23,0.0,5,8615,买盘
925,13:15:43,17.23,0.0,9,15507,买盘
926,13:15:58,17.23,0.0,31,53410,买盘
927,13:16:06,17.24,0.01,5,8620,买盘
928,13:16:10,17.24,0.0,25,43100,买盘
929,13:16:16,17.24,0.0,5,8620,买盘
930,13:16:19,17.25,0.01,5,8625,买盘
931,13:16:22,17.25,0.0,14,24150,买盘
932,13:16:24,17.25,0.0,2,3450,买盘
933,13:16:31,17.26,0.01,8,13808,买盘
934,13:16:34,17.26,0.0,42,72492,买盘
935,13:16:39,17.25,-0.01,30,51758,卖盘
936,13:16:43,17.25,0.0,5,8625,买盘
937,13:16:46,17.26,0.01,5,8630,买盘
938,13:16:51,17.26,0.0,6,10356,买盘
939,13:16:54,17.26,0.0,62,107012,买盘
940,13:17:01,17.26,0.0,5,8630,买盘
941,13:17:07,17.26,0.0,5,8630,买盘
942,13:17:10,17.26,0.0,2,3452,卖盘
943,13:17:13,17.28,0.02,59,101902,买盘
944,13:17:25,17.28,0.0,3,5184,买盘
945,13:17:31,17.28,0.0,31,53568,买盘
946,13:17:33,17.28,0.0,18,31104,卖盘
947,13:17:43,17.29,0.01,10,17290,买盘
948,13:17:49,17.29,0.0,6,10374,卖盘
949,13:18:00,17.3,0.01,5,8650,买盘
950,13:18:04,17.29,-0.01,6,10374,卖盘
951,13:18:06,17.29,0.0,1,1729,买盘
952,13:18:10,17.3,0.01,11,19025,买盘
953,13:18:19,17.3,0.0,39,67470,买盘
954,13:18:22,17.31,0.01,50,86550,买盘
955,13:18:25,17.3,-0.01,2,3460,卖盘
956,13:18:31,17.3,0.0,3,5190,卖盘
957,13:18:46,17.3,0.0,2,3460,卖盘
958,13:18:58,17.31,0.01,16,27686,买盘
959,13:19:01,17.31,0.0,5,8655,买盘
960,13:19:31,17.3,-0.01,9,15570,卖盘
961,13:19:46,17.29,-0.01,2,3458,卖盘
962,13:19:48,17.28,-0.01,43,74304,卖盘
963,13:20:07,17.26,-0.02,10,17260,卖盘
964,13:20:13,17.26,0.0,17,29364,卖盘
965,13:20:22,17.27,0.01,10,17270,买盘
966,13:20:34,17.27,0.0,4,6908,卖盘
967,13:21:01,17.28,0.01,5,8640,买盘
968,13:21:03,17.27,-0.01,7,12089,卖盘
969,13:21:10,17.27,0.0,17,29362,卖盘
970,13:21:16,17.27,0.0,2,3454,买盘
971,13:21:34,17.27,0.0,1,1727,买盘
972,13:21:43,17.27,0.0,1,1727,买盘
973,13:21:55,17.26,-0.01,4,6904,卖盘
974,13:22:10,17.26,0.0,24,41424,卖盘
975,13:22:12,17.26,0.0,5,8630,卖盘
976,13:22:16,17.27,0.01,10,17270,买盘
977,13:22:25,17.26,-0.01,20,34520,卖盘
978,13:22:33,17.26,0.0,20,34520,卖盘
979,13:22:49,17.27,0.01,3,5181,买盘
980,13:23:00,17.27,0.0,2,3454,买盘
981,13:23:10,17.27,0.0,1,1727,中性盘
982,13:23:36,17.27,0.0,1,1727,卖盘
983,13:23:42,17.28,0.01,1,1728,买盘
984,13:23:49,17.28,0.0,1,1728,买盘
985,13:23:55,17.28,0.0,7,12096,买盘
986,13:23:58,17.3,0.02,50,86473,买盘
987,13:24:04,17.3,0.0,35,60550,买盘
988,13:24:07,17.3,0.0,1,1730,买盘
989,13:24:13,17.3,0.0,50,86500,买盘
990,13:24:16,17.3,0.0,4,6920,买盘
991,13:24:19,17.31,0.01,36,62316,买盘
992,13:24:22,17.3,-0.01,14,24220,卖盘
993,13:24:58,17.3,0.0,20,34600,卖盘
994,13:25:01,17.3,0.0,6,10380,买盘
995,13:25:24,17.3,0.0,10,17293,买盘
996,13:25:31,17.3,0.0,27,46707,买盘
997,13:25:37,17.3,0.0,60,103800,买盘
998,13:25:48,17.3,0.0,18,31140,买盘
999,13:25:52,17.3,0.0,23,39790,买盘
1000,13:25:58,17.31,0.01,105,181755,买盘
1001,13:26:01,17.31,0.0,6,10386,买盘
1002,13:26:06,17.32,0.01,5,8660,买盘
1003,13:26:10,17.32,0.0,2,3464,买盘
1004,13:26:16,17.31,-0.01,10,17319,卖盘
1005,13:26:25,17.31,0.0,5,8655,卖盘
1006,13:26:46,17.31,0.0,3,5193,买盘
1007,13:27:01,17.31,0.0,6,10386,买盘
1008,13:27:15,17.3,-0.01,15,25950,卖盘
1009,13:27:58,17.29,-0.01,21,36310,卖盘
1010,13:28:01,17.29,0.0,7,12103,卖盘
1011,13:28:06,17.29,0.0,17,29393,卖盘
1012,13:28:09,17.29,0.0,5,8645,买盘
1013,13:28:12,17.29,0.0,1,1729,卖盘
1014,13:28:39,17.26,-0.03,10,17260,卖盘
1015,13:29:04,17.27,0.01,2,3454,卖盘
1016,13:29:09,17.27,0.0,6,10362,买盘
1017,13:29:16,17.27,0.0,2,3454,卖盘
1018,13:30:06,17.27,0.0,1,1727,买盘
1019,13:30:33,17.26,-0.01,1,1726,卖盘
1020,13:30:37,17.26,0.0,7,12082,卖盘
1021,13:30:48,17.26,0.0,12,20712,卖盘
1022,13:31:01,17.27,0.01,5,8635,买盘
1023,13:31:04,17.26,-0.01,2,3452,卖盘
1024,13:31:07,17.26,0.0,6,10356,卖盘
1025,13:31:18,17.26,0.0,13,22438,卖盘
1026,13:31:22,17.26,0.0,2,3452,卖盘
1027,13:31:43,17.26,0.0,10,17260,卖盘
1028,13:31:52,17.26,0.0,4,6904,卖盘
1029,13:32:00,17.27,0.01,5,8635,买盘
1030,13:32:04,17.26,-0.01,4,6904,卖盘
1031,13:32:10,17.26,0.0,5,8630,买盘
1032,13:32:16,17.26,0.0,1,1726,买盘
1033,13:32:33,17.25,-0.01,4,6900,卖盘
1034,13:33:01,17.25,0.0,1,1725,卖盘
1035,13:33:22,17.25,0.0,15,25875,卖盘
1036,13:33:40,17.25,0.0,1,1725,买盘
1037,13:33:58,17.24,-0.01,31,53444,卖盘
1038,13:34:34,17.25,0.01,9,15525,买盘
1039,13:34:46,17.25,0.0,4,6900,买盘
1040,13:34:58,17.24,-0.01,1,1724,卖盘
1041,13:35:01,17.25,0.01,5,8625,买盘
1042,13:35:06,17.24,-0.01,1,1724,卖盘
1043,13:35:12,17.24,0.0,30,51722,卖盘
1044,13:35:46,17.24,0.0,10,17242,卖盘
1045,13:35:49,17.24,0.0,1,1724,卖盘
1046,13:35:57,17.24,0.0,4,6896,卖盘
1047,13:36:01,17.26,0.02,5,8630,买盘
1048,13:36:10,17.26,0.0,10,17260,买盘
1049,13:36:22,17.24,-0.02,1,1724,卖盘
1050,13:36:25,17.26,0.02,12,20712,买盘
1051,13:36:33,17.26,0.0,1,1726,买盘
1052,13:36:37,17.26,0.0,3,5178,买盘
1053,13:37:01,17.27,0.01,5,8635,买盘
1054,13:37:12,17.26,-0.01,4,6904,卖盘
1055,13:37:19,17.27,0.01,2,3454,买盘
1056,13:37:22,17.26,-0.01,6,10356,卖盘
1057,13:38:10,17.26,0.0,3,5178,买盘
1058,13:38:37,17.27,0.01,12,20724,买盘
1059,13:38:40,17.27,0.0,7,12089,买盘
1060,13:38:46,17.26,-0.01,23,39712,卖盘
1061,13:38:55,17.29,0.03,7,12103,买盘
1062,13:39:01,17.29,0.0,5,8645,买盘
1063,13:39:07,17.29,0.0,4,6916,卖盘
1064,13:39:16,17.3,0.01,37,64010,买盘
1065,13:39:19,17.3,0.0,5,8650,买盘
1066,13:39:22,17.3,0.0,20,34600,卖盘
1067,13:39:25,17.31,0.01,30,51929,买盘
1068,13:39:36,17.31,0.0,27,46737,买盘
1069,13:39:39,17.31,0.0,1,1731,卖盘
1070,13:39:48,17.32,0.01,68,117776,买盘
1071,13:39:58,17.32,0.0,2,3464,买盘
1072,13:40:01,17.32,0.0,6,10392,买盘
1073,13:40:09,17.32,0.0,10,17320,买盘
1074,13:40:16,17.31,-0.01,4,6924,卖盘
1075,13:40:24,17.31,0.0,10,17310,卖盘
1076,13:40:31,17.31,0.0,100,173100,卖盘
1077,13:40:42,17.31,0.0,3,5193,卖盘
1078,13:40:49,17.31,0.0,10,17310,卖盘
1079,13:41:01,17.32,0.01,5,8660,买盘
1080,13:41:06,17.32,0.0,15,25980,买盘
1081,13:41:10,17.31,-0.01,1,1731,卖盘
1082,13:41:16,17.31,0.0,10,17310,卖盘
1083,13:41:19,17.31,0.0,2,3462,卖盘
1084,13:41:25,17.31,0.0,15,26571,卖盘
1085,13:41:43,17.31,0.0,4,6924,卖盘
1086,13:41:52,17.31,0.0,4,6924,卖盘
1087,13:41:55,17.32,0.01,3,5196,买盘
1088,13:42:01,17.32,0.0,15,25970,买盘
1089,13:42:04,17.31,-0.01,15,25359,卖盘
1090,13:42:06,17.31,0.0,2,3462,买盘
1091,13:42:10,17.31,0.0,5,8655,买盘
1092,13:42:31,17.3,-0.01,4,6920,卖盘
1093,13:42:36,17.3,0.0,15,25950,卖盘
1094,13:42:43,17.29,-0.01,13,22477,卖盘
1095,13:42:58,17.27,-0.02,5,8635,卖盘
1096,13:43:25,17.28,0.01,17,29376,卖盘
1097,13:43:28,17.28,0.0,11,19008,卖盘
1098,13:43:57,17.28,0.0,20,34560,卖盘
1099,13:44:01,17.29,0.01,5,8645,买盘
1100,13:44:30,17.27,-0.02,30,51830,卖盘
1101,13:44:36,17.29,0.02,7,12103,买盘
1102,13:44:39,17.27,-0.02,27,46648,卖盘
1103,13:45:00,17.27,0.0,11,19003,卖盘
1104,13:45:57,17.27,0.0,6,10362,卖盘
1105,13:46:01,17.29,0.02,2,3458,买盘
1106,13:46:18,17.26,-0.03,9,15534,卖盘
1107,13:46:30,17.26,0.0,6,10356,买盘
1108,13:47:04,17.26,0.0,3,5178,卖盘
1109,13:47:09,17.26,0.0,5,8630,买盘
1110,13:47:25,17.26,0.0,5,8630,买盘
1111,13:47:43,17.25,-0.01,1,1725,卖盘
1112,13:47:46,17.26,0.01,2,3452,买盘
1113,13:47:55,17.25,-0.01,4,6900,卖盘
1114,13:48:13,17.26,0.01,1,1726,买盘
1115,13:48:19,17.26,0.0,2,3452,买盘
1116,13:48:25,17.25,-0.01,8,13802,卖盘
1117,13:48:30,17.25,0.0,11,18975,买盘
1118,13:48:37,17.25,0.0,1,1725,买盘
1119,13:48:43,17.25,0.0,7,12075,买盘
1120,13:49:09,17.27,0.02,2,3454,买盘
1121,13:49:24,17.27,0.0,1,1727,买盘
1122,13:49:27,17.28,0.01,21,36269,买盘
1123,13:49:43,17.27,-0.01,1,1727,卖盘
1124,13:50:01,17.27,0.0,5,8635,买盘
1125,13:50:24,17.27,0.0,1,1727,买盘
1126,13:50:40,17.26,-0.01,11,18986,卖盘
1127,13:50:43,17.26,0.0,1,1726,买盘
1128,13:50:58,17.25,-0.01,4,6900,卖盘
1129,13:51:07,17.25,0.0,20,34500,卖盘
1130,13:51:10,17.25,0.0,1,1725,卖盘
1131,13:51:54,17.25,0.0,18,31050,卖盘
1132,13:52:24,17.25,0.0,7,12075,卖盘
1133,13:52:46,17.25,0.0,8,13800,卖盘
1134,13:53:19,17.24,-0.01,9,15516,卖盘
1135,13:53:30,17.24,0.0,14,24136,卖盘
1136,13:53:49,17.23,-0.01,1,1723,卖盘
1137,13:53:58,17.23,0.0,18,31014,买盘
1138,13:54:13,17.22,-0.01,26,44772,卖盘
1139,13:54:24,17.2,-0.02,1,1720,卖盘
1140,13:54:49,17.21,0.01,1,1721,卖盘
1141,13:54:52,17.21,0.0,3,5163,卖盘
1142,13:54:57,17.21,0.0,22,37862,卖盘
1143,13:55:36,17.19,-0.02,7,12033,卖盘
1144,13:55:43,17.19,0.0,1,1719,买盘
1145,13:55:51,17.21,0.02,27,46441,买盘
1146,13:55:58,17.22,0.01,1,1722,买盘
1147,13:56:04,17.22,0.0,1,1722,买盘
1148,13:56:09,17.21,-0.01,5,8609,卖盘
1149,13:56:13,17.21,0.0,10,17210,卖盘
1150,13:56:16,17.22,0.01,4,6888,买盘
1151,13:56:19,17.22,0.0,1,1722,买盘
1152,13:56:28,17.21,-0.01,2,3442,卖盘
1153,13:56:37,17.22,0.01,3,5164,买盘
1154,13:56:57,17.21,-0.01,20,34420,卖盘
1155,13:57:00,17.22,0.01,5,8610,买盘
1156,13:57:04,17.21,-0.01,1,1721,卖盘
1157,13:57:07,17.21,0.0,16,27536,卖盘
1158,13:57:09,17.21,0.0,4,6884,买盘
1159,13:57:16,17.21,0.0,5,8605,卖盘
1160,13:57:22,17.21,0.0,16,27536,卖盘
1161,13:57:28,17.21,0.0,30,51630,买盘
1162,13:57:31,17.21,0.0,4,6884,买盘
1163,13:57:36,17.22,0.01,84,144648,买盘
1164,13:57:40,17.22,0.0,7,12054,买盘
1165,13:57:43,17.22,0.0,33,56826,买盘
1166,13:57:49,17.22,0.0,4,6888,卖盘
1167,13:58:01,17.24,0.02,3,5172,卖盘
1168,13:58:06,17.23,-0.01,60,103394,卖盘
1169,13:58:10,17.23,0.0,5,8615,买盘
1170,13:58:22,17.22,-0.01,8,13776,卖盘
1171,13:58:28,17.23,0.01,15,25845,买盘
1172,13:58:34,17.22,-0.01,10,17220,卖盘
1173,13:59:00,17.22,0.0,5,8610,卖盘
1174,13:59:24,17.2,-0.02,19,32682,卖盘
1175,13:59:31,17.2,0.0,5,8600,买盘
1176,13:59:34,17.2,0.0,1,1720,买盘
1177,13:59:37,17.2,0.0,2,3440,买盘
1178,13:59:39,17.19,-0.01,1,1719,卖盘
1179,13:59:58,17.18,-0.01,3,5154,卖盘
1180,14:00:04,17.2,0.02,5,8600,买盘
1181,14:00:12,17.19,-0.01,5,8595,卖盘
1182,14:00:19,17.2,0.01,16,27520,买盘
1183,14:00:21,17.19,-0.01,16,27510,中性盘
1184,14:00:28,17.19,0.0,1,1719,买盘
1185,14:00:31,17.19,0.0,4,6876,买盘
1186,14:00:36,17.19,0.0,3,5157,买盘
1187,14:00:49,17.2,0.01,5,8600,买盘
1188,14:00:52,17.19,-0.01,2,3438,卖盘
1189,14:00:58,17.19,0.0,1,1719,买盘
1190,14:01:06,17.18,-0.01,23,39515,卖盘
1191,14:01:18,17.19,0.01,6,10314,卖盘
1192,14:01:31,17.19,0.0,7,12033,买盘
1193,14:01:33,17.18,-0.01,20,34360,卖盘
1194,14:01:36,17.17,-0.01,51,87603,卖盘
1195,14:01:40,17.17,0.0,2,3434,买盘
1196,14:01:49,17.16,-0.01,9,15444,卖盘
1197,14:01:52,17.17,0.01,47,80685,买盘
1198,14:01:54,17.16,-0.01,2,3432,卖盘
1199,14:02:04,17.16,0.0,5,8580,买盘
1200,14:02:07,17.17,0.01,6,10300,买盘
1201,14:02:15,17.16,-0.01,2,3432,卖盘
1202,14:02:22,17.2,0.04,13,22326,买盘
1203,14:02:31,17.16,-0.04,2,3432,买盘
1204,14:02:37,17.21,0.05,6,10306,买盘
1205,14:02:55,17.2,-0.01,1,1720,买盘
1206,14:03:00,17.2,0.0,6,10320,买盘
1207,14:03:28,17.2,0.0,8,13754,买盘
1208,14:03:37,17.2,0.0,2,3440,买盘
1209,14:04:00,17.19,-0.01,6,10314,买盘
1210,14:04:25,17.19,0.0,1,1719,买盘
1211,14:05:00,17.19,0.0,6,10314,买盘
1212,14:05:25,17.19,0.0,1,1719,买盘
1213,14:05:43,17.15,-0.04,59,101284,卖盘
1214,14:06:09,17.14,-0.01,78,133725,卖盘
1215,14:06:16,17.14,0.0,1,1714,买盘
1216,14:06:19,17.14,0.0,10,17140,买盘
1217,14:06:25,17.13,-0.01,6,10278,卖盘
1218,14:06:28,17.13,0.0,22,37686,买盘
1219,14:06:31,17.14,0.01,18,30844,买盘
1220,14:06:39,17.14,0.0,8,13712,买盘
1221,14:06:51,17.13,-0.01,1,1713,卖盘
1222,14:06:58,17.13,0.0,19,32547,买盘
1223,14:07:22,17.14,0.01,5,8570,卖盘
1224,14:07:40,17.15,0.01,1,1715,卖盘
1225,14:07:55,17.16,0.01,13,22308,买盘
1226,14:07:58,17.16,0.0,6,10296,卖盘
1227,14:08:01,17.17,0.01,5,8585,买盘
1228,14:08:09,17.15,-0.02,23,39452,卖盘
1229,14:08:18,17.15,0.0,10,17150,买盘
1230,14:08:28,17.15,0.0,17,29155,买盘
1231,14:08:43,17.14,-0.01,2,3428,卖盘
1232,14:08:52,17.15,0.01,2,3430,买盘
1233,14:09:46,17.1,-0.05,67,114741,卖盘
1234,14:10:04,17.11,0.01,1,1711,卖盘
1235,14:10:18,17.15,0.04,1,1715,买盘
1236,14:10:21,17.11,-0.04,8,13688,卖盘
1237,14:10:24,17.11,0.0,1,1711,卖盘
1238,14:10:42,17.17,0.06,30,51452,买盘
1239,14:10:45,17.12,-0.05,1,1712,卖盘
1240,14:10:49,17.17,0.05,1,1717,买盘
1241,14:11:00,17.17,0.0,5,8585,买盘
1242,14:11:07,17.13,-0.04,10,17130,卖盘
1243,14:11:19,17.16,0.03,2,3432,买盘
1244,14:11:34,17.16,0.0,1,1716,买盘
1245,14:12:01,17.16,0.0,5,8580,买盘
1246,14:12:28,17.14,-0.02,1,1714,卖盘
1247,14:12:42,17.15,0.01,4,6860,卖盘
1248,14:12:58,17.15,0.0,1,1715,买盘
1249,14:13:01,17.14,-0.01,7,11998,卖盘
1250,14:13:27,17.13,-0.01,2,3426,卖盘
1251,14:14:01,17.14,0.01,5,8570,买盘
1252,14:14:04,17.13,-0.01,19,32547,卖盘
1253,14:14:19,17.13,0.0,14,23982,卖盘
1254,14:14:34,17.11,-0.02,3,5133,卖盘
1255,14:14:52,17.14,0.03,19,32560,买盘
1256,14:14:54,17.14,0.0,4,6856,买盘
1257,14:15:01,17.15,0.01,14,24010,买盘
1258,14:15:07,17.16,0.01,7,12012,买盘
1259,14:15:09,17.16,0.0,11,18876,买盘
1260,14:15:42,17.17,0.01,2,3434,买盘
1261,14:15:52,17.17,0.0,1,1717,买盘
1262,14:15:58,17.16,-0.01,2,3432,卖盘
1263,14:16:00,17.17,0.01,5,8585,买盘
1264,14:16:13,17.17,0.0,50,85850,买盘
1265,14:16:19,17.16,-0.01,21,36048,卖盘
1266,14:16:24,17.17,0.01,2,3434,买盘
1267,14:16:33,17.17,0.0,10,17170,卖盘
1268,14:17:01,17.19,0.02,7,12033,买盘
1269,14:17:19,17.19,0.0,15,25785,卖盘
1270,14:17:43,17.19,0.0,1,1719,买盘
1271,14:17:48,17.19,0.0,14,24066,买盘
1272,14:17:55,17.18,-0.01,1,1718,卖盘
1273,14:19:01,17.19,0.01,8,13752,买盘
1274,14:19:25,17.19,0.0,1,1719,买盘
1275,14:19:31,17.19,0.0,3,5157,买盘
1276,14:19:37,17.19,0.0,1,1719,买盘
1277,14:19:43,17.19,0.0,2,4040,买盘
1278,14:19:58,17.19,0.0,1,1719,卖盘
1279,14:20:01,17.2,0.01,6,10320,买盘
1280,14:20:12,17.2,0.0,11,18920,买盘
1281,14:20:19,17.2,0.0,2,3440,买盘
1282,14:20:24,17.2,0.0,27,46434,买盘
1283,14:20:37,17.2,0.0,2,3440,买盘
1284,14:20:42,17.2,0.0,12,20640,买盘
1285,14:20:49,17.2,0.0,11,18920,买盘
1286,14:21:01,17.21,0.01,6,10326,买盘
1287,14:21:13,17.21,0.0,7,12047,买盘
1288,14:21:21,17.22,0.01,5,8610,买盘
1289,14:21:30,17.22,0.0,8,13776,买盘
1290,14:21:37,17.22,0.0,11,18942,买盘
1291,14:21:42,17.22,0.0,4,6888,买盘
1292,14:21:49,17.22,0.0,9,15498,买盘
1293,14:22:01,17.23,0.01,16,27568,买盘
1294,14:22:04,17.23,0.0,2,3446,买盘
1295,14:22:10,17.23,0.0,2,3446,买盘
1296,14:22:16,17.23,0.0,1,1723,买盘
1297,14:22:22,17.23,0.0,11,18953,买盘
1298,14:22:37,17.23,0.0,1,1723,买盘
1299,14:22:43,17.22,-0.01,10,17220,卖盘
1300,14:22:52,17.23,0.01,18,31014,买盘
1301,14:23:00,17.23,0.0,5,8615,买盘
1302,14:23:07,17.22,-0.01,1,1722,卖盘
1303,14:23:21,17.22,0.0,2,3444,卖盘
1304,14:23:25,17.22,0.0,10,17220,卖盘
1305,14:23:55,17.22,0.0,5,8610,卖盘
1306,14:23:58,17.22,0.0,13,22386,卖盘
1307,14:24:04,17.22,0.0,3,5166,买盘
1308,14:24:10,17.22,0.0,5,8610,买盘
1309,14:24:15,17.21,-0.01,10,17210,卖盘
1310,14:24:18,17.21,0.0,7,12047,卖盘
1311,14:24:21,17.21,0.0,4,6881,买盘
1312,14:24:34,17.19,-0.02,9,14874,卖盘
1313,14:24:37,17.19,0.0,1,1719,买盘
1314,14:24:40,17.21,0.02,12,21232,买盘
1315,14:24:43,17.21,0.0,2,3442,买盘
1316,14:24:49,17.22,0.01,5,8610,买盘
1317,14:24:52,17.22,0.0,2,3444,买盘
1318,14:24:55,17.22,0.0,17,29274,买盘
1319,14:24:58,17.22,0.0,16,27552,卖盘
1320,14:25:04,17.22,0.0,41,70624,卖盘
1321,14:25:10,17.23,0.01,2,3445,买盘
1322,14:25:13,17.22,-0.01,1,1722,卖盘
1323,14:25:16,17.22,0.0,4,6888,卖盘
1324,14:25:40,17.21,-0.01,34,58516,卖盘
1325,14:25:48,17.21,0.0,3,5163,买盘
1326,14:25:57,17.21,0.0,6,10326,中性盘
1327,14:26:07,17.2,-0.01,4,6880,卖盘
1328,14:26:10,17.2,0.0,5,8600,买盘
1329,14:26:13,17.2,0.0,3,5160,买盘
1330,14:26:28,17.21,0.01,18,30978,买盘
1331,14:26:34,17.2,-0.01,3,5160,买盘
1332,14:26:48,17.19,-0.01,11,18909,卖盘
1333,14:26:58,17.19,0.0,1,1719,卖盘
1334,14:27:04,17.2,0.01,10,17200,买盘
1335,14:27:19,17.19,-0.01,3,5157,卖盘
1336,14:27:28,17.2,0.01,2,3440,买盘
1337,14:27:42,17.2,0.0,14,24080,买盘
1338,14:27:49,17.2,0.0,3,5160,买盘
1339,14:28:01,17.2,0.0,11,18914,买盘
1340,14:28:16,17.2,0.0,1,1720,买盘
1341,14:28:27,17.2,0.0,100,172000,买盘
1342,14:28:33,17.24,0.04,66,113607,买盘
1343,14:29:00,17.23,-0.01,1,1723,买盘
1344,14:29:12,17.22,-0.01,18,31024,卖盘
1345,14:29:42,17.22,0.0,4,6888,卖盘
1346,14:29:45,17.23,0.01,16,27568,买盘
1347,14:30:00,17.24,0.01,1,1724,买盘
1348,14:30:10,17.23,-0.01,2,3446,卖盘
1349,14:30:12,17.23,0.0,4,6892,卖盘
1350,14:30:16,17.23,0.0,2,3446,卖盘
1351,14:30:21,17.23,0.0,10,17230,买盘
1352,14:30:54,17.23,0.0,1,1723,买盘
1353,14:31:00,17.23,0.0,5,8615,买盘
1354,14:31:16,17.22,-0.01,1,1722,卖盘
1355,14:31:37,17.23,0.01,18,31014,买盘
1356,14:31:43,17.23,0.0,2,3446,买盘
1357,14:31:49,17.23,0.0,2,3446,买盘
1358,14:31:55,17.23,0.0,1,1723,买盘
1359,14:32:01,17.23,0.0,6,10338,买盘
1360,14:32:04,17.23,0.0,2,3446,买盘
1361,14:32:10,17.23,0.0,1,1723,卖盘
1362,14:32:12,17.23,0.0,39,67228,卖盘
1363,14:32:15,17.22,-0.01,23,39606,卖盘
1364,14:32:19,17.22,0.0,21,36162,买盘
1365,14:32:31,17.22,0.0,10,17220,买盘
1366,14:32:37,17.21,-0.01,30,51653,卖盘
1367,14:33:01,17.21,0.0,34,58514,卖盘
1368,14:33:04,17.21,0.0,6,10326,买盘
1369,14:33:07,17.22,0.01,1,1722,买盘
1370,14:33:19,17.2,-0.02,53,91168,卖盘
1371,14:33:22,17.2,0.0,10,17200,买盘
1372,14:33:34,17.2,0.0,5,8600,买盘
1373,14:33:40,17.2,0.0,1,1720,买盘
1374,14:33:52,17.19,-0.01,20,34380,卖盘
1375,14:34:04,17.19,0.0,5,8595,卖盘
1376,14:34:07,17.19,0.0,65,111735,卖盘
1377,14:34:10,17.19,0.0,6,10314,买盘
1378,14:34:19,17.18,-0.01,36,61848,卖盘
1379,14:34:37,17.18,0.0,10,17175,买盘
1380,14:34:40,17.17,-0.01,21,36058,卖盘
1381,14:34:51,17.17,0.0,1,1717,卖盘
1382,14:34:54,17.17,0.0,3,5151,买盘
1383,14:35:13,17.16,-0.01,44,75537,卖盘
1384,14:35:24,17.15,-0.01,1,1715,卖盘
1385,14:35:31,17.15,0.0,20,34300,卖盘
1386,14:35:48,17.15,0.0,8,13725,卖盘
1387,14:36:04,17.13,-0.02,13,22269,卖盘
1388,14:36:06,17.13,0.0,1,1713,买盘
1389,14:36:10,17.13,0.0,15,25695,买盘
1390,14:36:13,17.13,0.0,1,1713,买盘
1391,14:36:19,17.13,0.0,1,1713,买盘
1392,14:36:27,17.1,-0.03,22,37636,卖盘
1393,14:36:34,17.13,0.03,6,10278,买盘
1394,14:36:40,17.18,0.05,67,114871,买盘
1395,14:36:46,17.13,-0.05,8,13704,卖盘
1396,14:36:58,17.13,0.0,9,15417,卖盘
1397,14:37:46,17.16,0.03,1,1716,卖盘
1398,14:37:51,17.16,0.0,5,8580,买盘
1399,14:37:58,17.16,0.0,3,5146,买盘
1400,14:38:01,17.16,0.0,5,8580,买盘
1401,14:38:04,17.15,-0.01,10,17150,卖盘
1402,14:38:10,17.15,0.0,10,17150,买盘
1403,14:38:28,17.16,0.01,1,1716,买盘
1404,14:38:31,17.15,-0.01,3,5145,卖盘
1405,14:38:43,17.15,0.0,3,5145,卖盘
1406,14:39:22,17.15,0.0,5,8575,卖盘
1407,14:39:31,17.14,-0.01,10,17140,卖盘
1408,14:39:33,17.15,0.01,4,6858,买盘
1409,14:39:36,17.15,0.0,2,3430,买盘
1410,14:39:46,17.15,0.0,20,34300,买盘
1411,14:39:55,17.15,0.0,1,1715,买盘
1412,14:40:00,17.15,0.0,9,15435,买盘
1413,14:40:06,17.15,0.0,6,10290,买盘
1414,14:40:16,17.15,0.0,1,1715,卖盘
1415,14:40:43,17.15,0.0,2,3430,卖盘
1416,14:40:46,17.16,0.01,4,6864,买盘
1417,14:40:49,17.15,-0.01,14,24010,卖盘
1418,14:41:01,17.15,0.0,12,20580,买盘
1419,14:41:09,17.15,0.0,20,34300,买盘
1420,14:41:13,17.15,0.0,1,1715,买盘
1421,14:41:31,17.16,0.01,19,32604,买盘
1422,14:41:33,17.15,-0.01,2,3430,卖盘
1423,14:41:37,17.16,0.01,3,5148,买盘
1424,14:41:51,17.16,0.0,2,3432,买盘
1425,14:41:54,17.15,-0.01,4,6860,卖盘
1426,14:42:01,17.16,0.01,2,3432,买盘
1427,14:42:13,17.16,0.0,18,30888,卖盘
1428,14:42:19,17.16,0.0,7,12012,买盘
1429,14:42:33,17.16,0.0,1,1716,卖盘
1430,14:42:37,17.16,0.0,6,10296,买盘
1431,14:42:49,17.16,0.0,3,5148,买盘
1432,14:42:52,17.16,0.0,5,8580,买盘
1433,14:43:18,17.17,0.01,48,82388,买盘
1434,14:43:25,17.17,0.0,2,3434,买盘
1435,14:43:34,17.16,-0.01,3,5148,卖盘
1436,14:43:40,17.18,0.02,11,18898,买盘
1437,14:43:46,17.18,0.0,3,5154,买盘
1438,14:43:55,17.19,0.01,58,99645,买盘
1439,14:44:00,17.19,0.0,6,10314,买盘
1440,14:44:16,17.17,-0.02,10,17170,卖盘
1441,14:44:25,17.19,0.02,53,91107,买盘
1442,14:44:36,17.19,0.0,15,25785,买盘
1443,14:44:45,17.17,-0.02,40,68680,卖盘
1444,14:44:49,17.17,0.0,4,6868,买盘
1445,14:44:52,17.19,0.02,4,6876,买盘
1446,14:45:04,17.18,-0.01,37,63602,卖盘
1447,14:45:10,17.19,0.01,53,91107,买盘
1448,14:45:13,17.18,-0.01,50,85900,卖盘
1449,14:45:16,17.18,0.0,8,13748,卖盘
1450,14:45:22,17.18,0.0,6,10308,买盘
1451,14:45:28,17.2,0.02,92,158194,买盘
1452,14:45:31,17.19,-0.01,4,6876,卖盘
1453,14:45:34,17.2,0.01,6,10320,买盘
1454,14:45:37,17.2,0.0,21,36120,买盘
1455,14:45:40,17.22,0.02,21,36152,买盘
1456,14:45:46,17.19,-0.03,8,13763,卖盘
1457,14:45:49,17.19,0.0,10,17190,买盘
1458,14:45:52,17.22,0.03,18,30984,买盘
1459,14:46:04,17.22,0.0,4,6888,买盘
1460,14:46:13,17.22,0.0,7,12044,买盘
1461,14:46:16,17.22,0.0,6,10332,买盘
1462,14:46:40,17.22,0.0,18,30996,买盘
1463,14:46:46,17.2,-0.02,10,17200,卖盘
1464,14:46:55,17.22,0.02,30,51660,买盘
1465,14:47:07,17.23,0.01,1,1723,买盘
1466,14:47:31,17.23,0.0,1,1723,买盘
1467,14:47:52,17.22,-0.01,6,10332,卖盘
1468,14:48:22,17.22,0.0,3,5166,买盘
1469,14:48:31,17.22,0.0,8,13776,买盘
1470,14:48:34,17.22,0.0,11,18942,卖盘
1471,14:48:37,17.22,0.0,6,10332,卖盘
1472,14:48:43,17.23,0.01,13,22394,买盘
1473,14:48:46,17.23,0.0,1,1723,买盘
1474,14:48:49,17.23,0.0,2,3446,买盘
1475,14:48:52,17.21,-0.02,2,3442,卖盘
1476,14:49:00,17.21,0.0,35,60247,卖盘
1477,14:49:10,17.23,0.02,8,13784,买盘
1478,14:49:46,17.24,0.01,11,18964,买盘
1479,14:49:49,17.24,0.0,19,32756,买盘
1480,14:49:55,17.25,0.01,40,68977,买盘
1481,14:50:04,17.23,-0.02,10,17235,卖盘
1482,14:50:07,17.24,0.01,4,6896,卖盘
1483,14:50:16,17.24,0.0,1,1724,卖盘
1484,14:50:25,17.24,0.0,5,8620,卖盘
1485,14:50:31,17.24,0.0,1,1724,卖盘
1486,14:50:40,17.25,0.01,4,6900,买盘
1487,14:50:46,17.25,0.0,26,44850,买盘
1488,14:50:52,17.25,0.0,1,1725,买盘
1489,14:50:55,17.25,0.0,10,17250,买盘
1490,14:50:58,17.25,0.0,40,68989,买盘
1491,14:51:01,17.26,0.01,40,69008,买盘
1492,14:51:07,17.26,0.0,1,1726,买盘
1493,14:51:13,17.26,0.0,17,29342,买盘
1494,14:51:16,17.27,0.01,1,1727,买盘
1495,14:51:22,17.26,-0.01,32,55232,卖盘
1496,14:51:25,17.27,0.01,6,10362,买盘
1497,14:51:28,17.28,0.01,62,107122,买盘
1498,14:51:43,17.29,0.01,61,105459,买盘
1499,14:51:46,17.28,-0.01,6,10368,中性盘
1500,14:51:52,17.28,0.0,15,25920,卖盘
1501,14:52:01,17.3,0.02,5,8650,买盘
1502,14:52:10,17.3,0.0,72,124560,买盘
1503,14:52:13,17.3,0.0,21,36310,买盘
1504,14:52:16,17.29,-0.01,16,27664,卖盘
1505,14:52:19,17.31,0.02,69,119357,买盘
1506,14:52:25,17.3,-0.01,5,8650,卖盘
1507,14:52:28,17.31,0.01,13,22503,买盘
1508,14:52:34,17.31,0.0,23,39803,买盘
1509,14:52:37,17.31,0.0,75,129812,买盘
1510,14:52:40,17.31,0.0,23,39813,卖盘
1511,14:52:43,17.31,0.0,12,20772,卖盘
1512,14:52:49,17.31,0.0,11,19051,卖盘
1513,14:52:52,17.32,0.01,58,100456,买盘
1514,14:52:55,17.31,-0.01,1,1731,卖盘
1515,14:53:01,17.32,0.01,5,8660,买盘
1516,14:53:04,17.31,-0.01,25,43275,卖盘
1517,14:53:07,17.32,0.01,10,17320,买盘
1518,14:53:10,17.32,0.0,13,22516,买盘
1519,14:53:13,17.32,0.0,18,31176,买盘
1520,14:53:16,17.31,-0.01,24,41548,卖盘
1521,14:53:19,17.32,0.01,353,611377,买盘
1522,14:53:28,17.32,0.0,22,38094,买盘
1523,14:53:31,17.32,0.0,96,166272,买盘
1524,14:53:34,17.32,0.0,20,34640,买盘
1525,14:53:37,17.32,0.0,2,3463,买盘
1526,14:53:40,17.32,0.0,17,29444,买盘
1527,14:53:46,17.32,0.0,23,39836,买盘
1528,14:53:49,17.32,0.0,14,24247,买盘
1529,14:53:52,17.31,-0.01,70,121238,卖盘
1530,14:53:55,17.32,0.01,32,55424,买盘
1531,14:53:58,17.31,-0.01,20,34620,卖盘
1532,14:54:01,17.32,0.01,19,32901,买盘
1533,14:54:10,17.32,0.0,21,36372,买盘
1534,14:54:13,17.31,-0.01,4,6924,卖盘
1535,14:54:16,17.32,0.01,39,67528,买盘
1536,14:54:19,17.32,0.0,42,72744,买盘
1537,14:54:22,17.31,-0.01,63,109083,卖盘
1538,14:54:25,17.31,0.0,241,417408,卖盘
1539,14:54:28,17.32,0.01,31,53692,买盘
1540,14:54:31,17.32,0.0,41,71012,买盘
1541,14:54:40,17.33,0.01,12,20814,中性盘
1542,14:54:43,17.32,-0.01,67,116199,卖盘
1543,14:54:46,17.32,0.0,10,17324,卖盘
1544,14:54:58,17.33,0.01,16,27728,卖盘
1545,14:55:01,17.37,0.04,42,72883,买盘
1546,14:55:07,17.34,-0.03,23,39882,卖盘
1547,14:55:10,17.34,0.0,1,1734,中性盘
1548,14:55:19,17.37,0.03,26,45162,买盘
1549,14:55:22,17.37,0.0,5,8685,卖盘
1550,14:55:25,17.37,0.0,31,53847,卖盘
1551,14:55:28,17.37,0.0,7,12159,卖盘
1552,14:55:37,17.38,0.01,4,6949,买盘
1553,14:55:40,17.37,-0.01,84,145908,卖盘
1554,14:55:46,17.33,-0.04,134,232558,卖盘
1555,14:55:49,17.37,0.04,1,1737,买盘
1556,14:55:52,17.37,0.0,5,8685,买盘
1557,14:56:01,17.34,-0.03,1,1734,中性盘
1558,14:56:07,17.34,0.0,7,12144,卖盘
1559,14:56:13,17.35,0.01,4,6940,买盘
1560,14:56:16,17.35,0.0,8,13880,卖盘
1561,14:56:19,17.35,0.0,13,22555,卖盘
1562,14:56:34,17.34,-0.01,40,69371,卖盘
1563,14:56:37,17.36,0.02,62,107622,买盘
1564,14:56:40,17.36,0.0,6,10416,卖盘
1565,14:56:43,17.36,0.0,30,52080,卖盘
1566,14:56:46,17.37,0.01,1,1737,买盘
1567,14:56:49,17.36,-0.01,60,104160,卖盘
1568,14:56:55,17.37,0.01,15,26055,买盘
1569,14:56:58,17.36,-0.01,4,6944,卖盘
1570,14:57:01,17.36,0.0,10,17360,卖盘
1571,14:57:04,17.36,0.0,21,36456,卖盘
1572,15:00:05,17.36,0.0,408,708288,卖盘
