,time,price,change,volume,amount,type
0,09:30:08,14.37,-0.03,42,60132,中性盘
1,09:30:31,14.3,-0.07,4,5720,卖盘
2,09:30:40,14.16,-0.14,1,1416,卖盘
3,09:31:16,14.2,0.04,2,2840,卖盘
4,09:31:19,14.2,0.0,18,25590,卖盘
5,09:31:25,14.2,0.0,10,14200,买盘
6,09:31:28,14.2,0.0,6,8521,中性盘
7,09:31:37,14.2,0.0,1,1420,卖盘
8,09:31:40,14.25,0.05,25,35605,买盘
9,09:31:46,14.25,0.0,16,22800,卖盘
10,09:31:52,14.25,0.0,8,11400,卖盘
11,09:31:55,14.25,0.0,6,8550,卖盘
12,09:32:01,14.25,0.0,10,14250,买盘
13,09:32:07,14.21,-0.04,2,2842,卖盘
14,09:32:10,14.21,0.0,5,7105,卖盘
15,09:32:13,14.21,0.0,5,7105,卖盘
16,09:32:16,14.21,0.0,10,14210,卖盘
17,09:32:19,14.25,0.04,8,11392,买盘
18,09:32:22,14.25,0.0,20,28495,买盘
19,09:32:28,14.25,0.0,16,22804,卖盘
20,09:32:31,14.25,0.0,4,5700,卖盘
21,09:32:34,14.25,0.0,1,1425,卖盘
22,09:32:37,14.27,0.02,28,39948,买盘
23,09:32:40,14.25,-0.02,9,12825,卖盘
24,09:32:49,14.22,-0.03,12,17075,卖盘
25,09:32:58,14.22,0.0,3,4266,卖盘
26,09:33:07,14.28,0.06,7,9996,买盘
27,09:33:10,14.23,-0.05,2,2846,卖盘
28,09:33:19,14.23,0.0,2,2846,卖盘
29,09:33:40,14.28,0.05,6,8568,买盘
30,09:33:49,14.28,0.0,3,4284,卖盘
31,09:33:52,14.24,-0.04,15,21416,卖盘
32,09:34:07,14.25,0.01,4,5700,中性盘
33,09:34:10,14.25,0.0,1,1425,卖盘
34,09:34:13,14.3,0.05,28,40016,买盘
35,09:34:16,14.24,-0.06,52,74195,卖盘
36,09:34:19,14.27,0.03,1,1427,中性盘
37,09:34:28,14.25,-0.02,24,34200,卖盘
38,09:34:31,14.25,0.0,6,8550,卖盘
39,09:34:40,14.24,-0.01,2,2848,卖盘
40,09:34:43,14.25,0.01,22,31350,买盘
41,09:34:46,14.24,-0.01,6,8546,卖盘
42,09:34:49,14.25,0.01,1,1425,中性盘
43,09:34:58,14.25,0.0,12,17100,卖盘
44,09:35:10,14.25,0.0,6,8550,卖盘
45,09:35:13,14.27,0.02,5,7135,买盘
46,09:35:16,14.28,0.01,4,5710,买盘
47,09:35:34,14.24,-0.04,210,299263,卖盘
48,09:35:37,14.24,0.0,2,2848,卖盘
49,09:35:40,14.24,0.0,1,1424,买盘
50,09:35:43,14.24,0.0,10,14240,买盘
51,09:35:46,14.24,0.0,11,15664,中性盘
52,09:35:52,14.24,0.0,2,2848,中性盘
53,09:35:58,14.24,0.0,6,8544,卖盘
54,09:36:04,14.27,0.03,10,14270,买盘
55,09:36:07,14.23,-0.04,58,82546,卖盘
56,09:36:10,14.27,0.04,4,5708,买盘
57,09:36:13,14.27,0.0,19,27113,卖盘
58,09:36:19,14.24,-0.03,6,8544,卖盘
59,09:36:22,14.24,0.0,16,22784,卖盘
60,09:36:25,14.27,0.03,7,9989,买盘
61,09:36:28,14.25,-0.02,20,28500,中性盘
62,09:36:31,14.25,0.0,7,9975,卖盘
63,09:36:34,14.27,0.02,5,7135,买盘
64,09:36:43,14.25,-0.02,15,21375,卖盘
65,09:36:52,14.25,0.0,6,8550,卖盘
66,09:36:55,14.27,0.02,13,18551,买盘
67,09:36:58,14.27,0.0,1,1427,卖盘
68,09:37:01,14.27,0.0,2,2854,卖盘
69,09:37:05,14.25,-0.02,42,59858,卖盘
70,09:37:07,14.25,0.0,10,14250,买盘
71,09:37:10,14.24,-0.01,5,7120,卖盘
72,09:37:13,14.25,0.01,8,11400,买盘
73,09:37:22,14.27,0.02,19,27113,卖盘
74,09:37:31,14.27,0.0,4,5708,卖盘
75,09:37:34,14.27,0.0,1,1427,卖盘
76,09:37:52,14.27,0.0,3,4281,卖盘
77,09:37:55,14.28,0.01,2,2856,买盘
78,09:37:58,14.28,0.0,3,4284,买盘
79,09:38:10,14.28,0.0,2,2856,卖盘
80,09:38:19,14.3,0.02,1,1430,卖盘
81,09:38:22,14.3,0.0,1,1430,卖盘
82,09:38:28,14.28,-0.02,1,1428,卖盘
83,09:38:31,14.28,0.0,2,2856,卖盘
84,09:38:34,14.28,0.0,3,4284,买盘
85,09:38:37,14.27,-0.01,7,9989,卖盘
86,09:38:40,14.27,0.0,5,7135,卖盘
87,09:38:46,14.27,0.0,8,11416,买盘
88,09:38:58,14.24,-0.03,34,48423,卖盘
89,09:39:22,14.24,0.0,4,5696,买盘
90,09:39:25,14.24,0.0,2,2848,买盘
91,09:39:28,14.23,-0.01,6,8543,卖盘
92,09:39:31,14.24,0.01,11,15664,买盘
93,09:39:34,14.24,0.0,2,2848,买盘
94,09:39:37,14.24,0.0,5,7118,买盘
95,09:39:40,14.24,0.0,7,9966,买盘
96,09:39:43,14.24,0.0,6,8544,买盘
97,09:39:46,14.24,0.0,5,7119,买盘
98,09:39:49,14.25,0.01,1,1425,买盘
99,09:39:52,14.24,-0.01,9,12817,卖盘
100,09:39:55,14.25,0.01,3,4275,买盘
101,09:40:01,14.24,-0.01,1,1424,卖盘
102,09:40:04,14.24,0.0,7,9968,卖盘
103,09:40:16,14.24,0.0,1,1424,卖盘
104,09:40:37,14.25,0.01,4,5700,卖盘
105,09:40:43,14.24,-0.01,11,15665,卖盘
106,09:40:55,14.24,0.0,4,5696,卖盘
107,09:41:07,14.24,0.0,15,21360,卖盘
108,09:41:10,14.24,0.0,3,4272,卖盘
109,09:41:13,14.24,0.0,18,25632,卖盘
110,09:41:16,14.23,-0.01,18,25635,卖盘
111,09:41:22,14.23,0.0,16,22768,卖盘
112,09:41:31,14.22,-0.01,9,12798,卖盘
113,09:41:34,14.22,0.0,28,39816,卖盘
114,09:41:40,14.21,-0.01,8,11368,卖盘
115,09:41:46,14.2,-0.01,100,142043,卖盘
116,09:41:52,14.2,0.0,12,17040,卖盘
117,09:41:55,14.2,0.0,44,62480,卖盘
118,09:41:58,14.2,0.0,3,4260,卖盘
119,09:42:04,14.2,0.0,9,12780,买盘
120,09:42:07,14.17,-0.03,126,178652,卖盘
121,09:42:13,14.17,0.0,3,4251,卖盘
122,09:42:16,14.17,0.0,42,59514,卖盘
123,09:42:19,14.16,-0.01,10,14164,卖盘
124,09:42:22,14.17,0.01,5,7085,买盘
125,09:42:25,14.16,-0.01,50,70798,卖盘
126,09:42:28,14.15,-0.01,10,14150,卖盘
127,09:42:34,14.15,0.0,3,4245,卖盘
128,09:42:37,14.16,0.01,5,7080,买盘
129,09:42:40,14.15,-0.01,3,4245,卖盘
130,09:42:46,14.15,0.0,16,22628,买盘
131,09:42:49,14.13,-0.02,8,11308,卖盘
132,09:42:52,14.15,0.02,32,45270,买盘
133,09:42:55,14.15,0.0,10,14142,买盘
134,09:42:58,14.13,-0.02,33,46629,卖盘
135,09:43:04,14.15,0.02,15,21215,买盘
136,09:43:07,14.12,-0.03,60,84732,卖盘
137,09:43:10,14.12,0.0,50,70600,买盘
138,09:43:13,14.11,-0.01,8,11288,卖盘
139,09:43:16,14.11,0.0,1,1411,买盘
140,09:43:19,14.12,0.01,25,35291,买盘
141,09:43:22,14.12,0.0,13,18356,买盘
142,09:43:25,14.12,0.0,46,64925,买盘
143,09:43:28,14.1,-0.02,16,22576,卖盘
144,09:43:31,14.12,0.02,171,241438,买盘
145,09:43:34,14.12,0.0,107,151046,买盘
146,09:43:37,14.11,-0.01,5,7055,买盘
147,09:43:40,14.12,0.01,3,4236,买盘
148,09:43:43,14.12,0.0,13,19076,中性盘
149,09:43:46,14.11,-0.01,38,53644,卖盘
150,09:43:49,14.11,0.0,30,42352,卖盘
151,09:43:52,14.12,0.01,4,5648,中性盘
152,09:43:55,14.12,0.0,10,14120,买盘
153,09:43:58,14.11,-0.01,4,5644,卖盘
154,09:44:01,14.12,0.01,30,42360,买盘
155,09:44:04,14.12,0.0,98,139047,买盘
156,09:44:07,14.12,0.0,4,5648,卖盘
157,09:44:10,14.13,0.01,8,11304,卖盘
158,09:44:13,14.13,0.0,20,28260,卖盘
159,09:44:16,14.13,0.0,22,31086,卖盘
160,09:44:19,14.15,0.02,9,12721,买盘
161,09:44:25,14.15,0.0,5,7075,卖盘
162,09:44:28,14.16,0.01,18,25478,买盘
163,09:44:34,14.14,-0.02,6,8484,卖盘
164,09:44:37,14.15,0.01,1,1415,中性盘
165,09:44:40,14.16,0.01,12,16992,买盘
166,09:44:43,14.16,0.0,1,1416,卖盘
167,09:44:46,14.16,0.0,5,7080,卖盘
168,09:44:49,14.17,0.01,25,35425,买盘
169,09:44:55,14.17,0.0,10,14170,卖盘
170,09:44:58,14.17,0.0,5,7085,卖盘
171,09:45:01,14.17,0.0,12,17004,卖盘
172,09:45:04,14.2,0.03,3,4256,买盘
173,09:45:10,14.17,-0.03,9,12775,卖盘
174,09:45:13,14.17,0.0,3,4251,卖盘
175,09:45:22,14.17,0.0,22,31174,卖盘
176,09:45:25,14.17,0.0,18,25506,买盘
177,09:45:40,14.17,0.0,24,33985,买盘
178,09:45:43,14.17,0.0,23,32591,买盘
179,09:46:01,14.17,0.0,7,9919,卖盘
180,09:46:13,14.17,0.0,6,8500,买盘
181,09:46:19,14.16,-0.01,4,5664,卖盘
182,09:46:22,14.16,0.0,5,7080,卖盘
183,09:46:28,14.16,0.0,3,4248,卖盘
184,09:46:31,14.16,0.0,1,1416,卖盘
185,09:46:34,14.17,0.01,26,36817,买盘
186,09:46:40,14.15,-0.02,58,82072,卖盘
187,09:46:43,14.15,0.0,14,19809,买盘
188,09:46:49,14.14,-0.01,26,36764,卖盘
189,09:46:58,14.14,0.0,11,15554,卖盘
190,09:47:07,14.15,0.01,17,24055,买盘
191,09:47:10,14.15,0.0,58,82068,买盘
192,09:47:13,14.15,0.0,2,2830,卖盘
193,09:47:16,14.15,0.0,1,1415,卖盘
194,09:47:19,14.16,0.01,5,7076,买盘
195,09:47:28,14.21,0.05,19,26999,卖盘
196,09:47:31,14.24,0.03,4,5693,买盘
197,09:47:40,14.16,-0.08,5,7080,卖盘
198,09:47:46,14.16,0.0,4,5665,卖盘
199,09:47:58,14.17,0.01,4,5668,卖盘
200,09:48:05,14.17,0.0,20,28340,卖盘
201,09:48:07,14.18,0.01,1,1418,中性盘
202,09:48:13,14.22,0.04,22,31283,买盘
203,09:48:19,14.22,0.0,6,8532,卖盘
204,09:48:37,14.23,0.01,20,28460,买盘
205,09:48:49,14.23,0.0,14,19922,卖盘
206,09:48:58,14.22,-0.01,3,4266,卖盘
207,09:49:04,14.22,0.0,4,5690,卖盘
208,09:49:06,14.23,0.01,35,49805,买盘
209,09:49:10,14.22,-0.01,1,1422,卖盘
210,09:49:19,14.22,0.0,20,28440,卖盘
211,09:49:25,14.23,0.01,10,14230,买盘
212,09:49:40,14.23,0.0,41,58343,买盘
213,09:49:43,14.22,-0.01,10,14220,卖盘
214,09:49:49,14.23,0.01,4,5692,买盘
215,09:50:04,14.23,0.0,2,2846,买盘
216,09:50:07,14.23,0.0,7,9961,买盘
217,09:50:16,14.25,0.02,25,35602,买盘
218,09:50:28,14.24,-0.01,1,1424,卖盘
219,09:50:52,14.24,0.0,1,1424,买盘
220,09:50:55,14.23,-0.01,22,31306,卖盘
221,09:50:58,14.24,0.01,2,2848,买盘
222,09:51:01,14.23,-0.01,4,5692,卖盘
223,09:51:04,14.23,0.0,8,11384,卖盘
224,09:51:07,14.23,0.0,10,14230,卖盘
225,09:51:10,14.23,0.0,10,14230,卖盘
226,09:51:13,14.23,0.0,2,2846,卖盘
227,09:51:16,14.23,0.0,2,2846,卖盘
228,09:51:22,14.23,0.0,30,42690,卖盘
229,09:51:28,14.23,0.0,6,8538,卖盘
230,09:51:40,14.22,-0.01,29,41238,卖盘
231,09:51:43,14.22,0.0,57,81054,卖盘
232,09:51:49,14.2,-0.02,2,2840,卖盘
233,09:51:55,14.2,0.0,3,4260,卖盘
234,09:52:01,14.2,0.0,2,2840,卖盘
235,09:52:07,14.2,0.0,3,4260,卖盘
236,09:52:10,14.18,-0.02,1,1418,卖盘
237,09:52:16,14.18,0.0,7,9926,卖盘
238,09:52:19,14.17,-0.01,91,128953,卖盘
239,09:52:37,14.17,0.0,6,8502,卖盘
240,09:52:40,14.17,0.0,4,5668,买盘
241,09:52:49,14.17,0.0,48,68016,买盘
242,09:53:07,14.2,0.03,10,14195,买盘
243,09:53:13,14.17,-0.03,2,2834,卖盘
244,09:53:28,14.17,0.0,2,2834,卖盘
245,09:53:40,14.17,0.0,13,18418,买盘
246,09:53:46,14.17,0.0,2,2834,买盘
247,09:54:10,14.19,0.02,6,8514,卖盘
248,09:54:28,14.2,0.01,9,12780,买盘
249,09:55:10,14.19,-0.01,2,2838,卖盘
250,09:55:28,14.19,0.0,4,5676,卖盘
251,09:55:49,14.16,-0.03,33,46748,卖盘
252,09:55:58,14.15,-0.01,20,28300,卖盘
253,09:56:04,14.16,0.01,27,38232,买盘
254,09:56:07,14.16,0.0,1,1416,卖盘
255,09:56:10,14.2,0.04,1,1420,买盘
256,09:56:46,14.17,-0.03,1,1417,卖盘
257,09:56:58,14.17,0.0,32,45344,买盘
258,09:57:43,14.2,0.03,10,14199,买盘
259,09:57:46,14.18,-0.02,14,19852,卖盘
260,09:58:04,14.2,0.02,5,7100,买盘
261,09:58:10,14.2,0.0,8,11360,卖盘
262,09:58:28,14.13,-0.07,363,513709,卖盘
263,09:58:34,14.18,0.05,152,214747,买盘
264,09:58:37,14.11,-0.07,287,404299,卖盘
265,09:58:40,14.1,-0.01,138,194661,卖盘
266,09:58:49,14.08,-0.02,108,152337,卖盘
267,09:58:55,14.13,0.05,119,167570,中性盘
268,09:59:04,14.05,-0.08,161,226403,卖盘
269,09:59:16,14.08,0.03,16,22528,卖盘
270,09:59:19,14.08,0.0,24,33792,卖盘
271,09:59:22,14.08,0.0,10,14080,买盘
272,09:59:25,14.07,-0.01,14,19707,卖盘
273,09:59:28,14.08,0.01,21,29568,买盘
274,09:59:31,14.06,-0.02,48,67556,卖盘
275,09:59:34,14.0,-0.06,634,888607,卖盘
276,09:59:37,14.05,0.05,6,8430,中性盘
277,09:59:43,14.06,0.01,5,7028,买盘
278,09:59:49,14.01,-0.05,11,15448,卖盘
279,09:59:55,14.05,0.04,34,47770,买盘
280,10:00:01,14.01,-0.04,66,92489,卖盘
281,10:00:07,14.05,0.04,20,28100,买盘
282,10:00:10,14.03,-0.02,22,30906,中性盘
283,10:00:13,14.02,-0.01,8,11216,卖盘
284,10:00:16,14.03,0.01,55,77116,买盘
285,10:00:19,14.03,0.0,54,75802,卖盘
286,10:00:22,14.05,0.02,6,8430,买盘
287,10:00:25,14.03,-0.02,25,35109,卖盘
288,10:00:28,14.06,0.03,20,28066,买盘
289,10:00:34,14.04,-0.02,24,33716,卖盘
290,10:00:46,14.06,0.02,1,1406,买盘
291,10:00:49,14.04,-0.02,90,126615,卖盘
292,10:01:01,14.01,-0.03,327,458678,卖盘
293,10:01:07,14.06,0.05,1,1406,中性盘
294,10:01:13,14.08,0.02,12,16896,买盘
295,10:01:22,14.09,0.01,23,32407,卖盘
296,10:01:34,14.08,-0.01,5,7040,卖盘
297,10:01:37,14.09,0.01,16,22532,买盘
298,10:01:40,14.09,0.0,17,23953,买盘
299,10:01:43,14.09,0.0,1,1409,卖盘
300,10:02:04,14.1,0.01,2,2820,卖盘
301,10:02:07,14.1,0.0,6,8460,卖盘
302,10:02:13,14.05,-0.05,36,50592,卖盘
303,10:02:34,14.06,0.01,1,1406,卖盘
304,10:02:37,14.05,-0.01,41,57610,卖盘
305,10:02:40,14.05,0.0,6,8430,买盘
306,10:02:46,14.05,0.0,1,1405,买盘
307,10:02:55,14.04,-0.01,50,70220,卖盘
308,10:03:01,14.05,0.01,5,7025,买盘
309,10:03:07,14.04,-0.01,15,21060,卖盘
310,10:03:19,14.04,0.0,18,25287,卖盘
311,10:03:22,14.04,0.0,31,43524,卖盘
312,10:03:25,14.05,0.01,14,19670,买盘
313,10:03:28,14.04,-0.01,7,9830,卖盘
314,10:03:37,14.05,0.01,9,12645,卖盘
315,10:03:43,14.05,0.0,1,1405,买盘
316,10:03:49,14.04,-0.01,20,28080,卖盘
317,10:03:52,14.04,0.0,11,15444,卖盘
318,10:03:58,14.04,0.0,34,47736,卖盘
319,10:04:04,14.02,-0.02,73,102442,卖盘
320,10:04:13,14.02,0.0,3,4207,卖盘
321,10:04:16,14.02,0.0,2,2804,卖盘
322,10:04:25,14.02,0.0,15,21030,卖盘
323,10:04:31,14.02,0.0,57,79914,卖盘
324,10:04:37,14.02,0.0,127,177947,买盘
325,10:04:43,14.02,0.0,4,5605,买盘
326,10:04:46,14.01,-0.01,23,32228,卖盘
327,10:04:49,14.02,0.01,5,7010,买盘
328,10:04:52,14.0,-0.02,100,140052,卖盘
329,10:05:04,14.0,0.0,19,26600,卖盘
330,10:05:07,14.0,0.0,3,4200,卖盘
331,10:05:10,14.01,0.01,14,19606,买盘
332,10:05:13,14.0,-0.01,22,30807,卖盘
333,10:05:16,14.01,0.01,18,25210,买盘
334,10:05:19,14.01,0.0,6,8406,买盘
335,10:05:22,14.01,0.0,10,14010,买盘
336,10:05:25,14.0,-0.01,191,267410,卖盘
337,10:05:28,14.0,0.0,46,64400,卖盘
338,10:05:31,14.01,0.01,58,81201,买盘
339,10:05:34,14.01,0.0,34,47626,买盘
340,10:05:37,14.01,0.0,33,46210,买盘
341,10:05:40,14.01,0.0,19,26619,买盘
342,10:05:43,14.01,0.0,15,21015,买盘
343,10:05:52,14.01,0.0,25,35025,买盘
344,10:06:01,14.01,0.0,5,7005,卖盘
345,10:06:13,14.02,0.01,48,67411,卖盘
346,10:06:25,14.16,0.14,22,31052,买盘
347,10:06:34,14.18,0.02,21,29778,买盘
348,10:06:40,14.19,0.01,20,28369,买盘
349,10:06:46,14.2,0.01,52,73775,买盘
350,10:06:55,14.15,-0.05,20,28300,买盘
351,10:07:07,14.09,-0.06,10,14090,卖盘
352,10:07:22,14.09,0.0,20,28185,卖盘
353,10:07:28,14.09,0.0,1,1409,买盘
354,10:07:31,14.09,0.0,1,1409,买盘
355,10:07:58,14.1,0.01,2,2820,买盘
356,10:08:01,14.1,0.0,41,57810,买盘
357,10:08:07,14.1,0.0,1,1410,卖盘
358,10:08:19,14.14,0.04,3,4241,买盘
359,10:08:28,14.13,-0.01,9,12702,买盘
360,10:08:31,14.14,0.01,11,15553,买盘
361,10:08:37,14.13,-0.01,15,21195,买盘
362,10:08:43,14.14,0.01,21,29691,买盘
363,10:08:52,14.14,0.0,3,4242,卖盘
364,10:08:55,14.15,0.01,18,25470,买盘
365,10:08:58,14.15,0.0,18,25470,买盘
366,10:09:07,14.18,0.03,41,58128,买盘
367,10:09:10,14.18,0.0,20,28360,卖盘
368,10:09:13,14.15,-0.03,26,36814,卖盘
369,10:09:19,14.18,0.03,7,9911,买盘
370,10:09:28,14.15,-0.03,1,1415,卖盘
371,10:09:43,14.15,0.0,12,16980,卖盘
372,10:09:55,14.14,-0.01,2,2828,卖盘
373,10:10:16,14.14,0.0,1,1414,卖盘
374,10:10:19,14.14,0.0,31,43834,卖盘
375,10:10:31,14.14,0.0,57,80598,卖盘
376,10:10:46,14.14,0.0,34,48077,卖盘
377,10:10:52,14.14,0.0,2,2828,卖盘
378,10:10:58,14.13,-0.01,1,1413,卖盘
379,10:11:19,14.09,-0.04,2,2818,卖盘
380,10:11:22,14.09,0.0,8,11272,卖盘
381,10:11:24,14.1,0.01,7,9868,买盘
382,10:11:46,14.13,0.03,3,4239,买盘
383,10:12:22,14.13,0.0,10,14123,买盘
384,10:12:40,14.14,0.01,20,28279,买盘
385,10:13:09,14.11,-0.03,4,5644,卖盘
386,10:13:13,14.11,0.0,3,4233,卖盘
387,10:13:31,14.11,0.0,9,12699,卖盘
388,10:13:49,14.11,0.0,2,2822,卖盘
389,10:14:07,14.11,0.0,4,5644,卖盘
390,10:14:22,14.11,0.0,11,15521,卖盘
391,10:14:31,14.11,0.0,20,28220,卖盘
392,10:14:49,14.13,0.02,16,22608,买盘
393,10:14:52,14.12,-0.01,2,2824,卖盘
394,10:15:07,14.12,0.0,1,1412,卖盘
395,10:15:22,14.13,0.01,5,7065,买盘
396,10:15:25,14.13,0.0,1,1413,买盘
397,10:15:31,14.13,0.0,1,1413,卖盘
398,10:15:37,14.14,0.01,20,28280,买盘
399,10:15:40,14.13,-0.01,6,8478,卖盘
400,10:16:07,14.13,0.0,12,16956,卖盘
401,10:16:36,14.13,0.0,3,4239,卖盘
402,10:16:52,14.11,-0.02,68,96027,卖盘
403,10:17:07,14.12,0.01,1,1412,卖盘
404,10:17:28,14.12,0.0,1,1412,卖盘
405,10:17:34,14.12,0.0,11,15532,卖盘
406,10:17:58,14.11,-0.01,20,28220,卖盘
407,10:18:16,14.1,-0.01,40,56400,卖盘
408,10:18:19,14.11,0.01,2,2822,买盘
409,10:19:01,14.11,0.0,3,4233,买盘
410,10:19:43,14.1,-0.01,2,2820,卖盘
411,10:20:01,14.1,0.0,7,9870,卖盘
412,10:20:13,14.09,-0.01,1,1409,卖盘
413,10:20:28,14.09,0.0,7,9863,卖盘
414,10:20:40,14.1,0.01,8,11280,买盘
415,10:20:49,14.1,0.0,3,4230,买盘
416,10:21:18,14.03,-0.07,150,210888,卖盘
417,10:21:31,14.03,0.0,1,1403,卖盘
418,10:21:34,14.03,0.0,2,2806,卖盘
419,10:21:55,14.04,0.01,1,1404,卖盘
420,10:22:04,14.05,0.01,1,1405,卖盘
421,10:22:07,14.05,0.0,1,1405,卖盘
422,10:22:13,14.0,-0.05,337,472212,卖盘
423,10:22:28,14.04,0.04,8,11232,卖盘
424,10:22:34,14.04,0.0,2,2808,卖盘
425,10:22:40,14.04,0.0,1,1404,卖盘
426,10:22:46,14.0,-0.04,46,65590,卖盘
427,10:22:52,13.99,-0.01,1,1399,卖盘
428,10:22:58,14.0,0.01,1,1400,买盘
429,10:23:01,13.99,-0.01,34,47576,卖盘
430,10:23:07,13.99,0.0,16,22399,卖盘
431,10:23:10,13.96,-0.03,100,139738,卖盘
432,10:23:21,13.99,0.03,6,8394,买盘
433,10:23:31,13.99,0.0,44,61588,卖盘
434,10:23:34,13.99,0.0,10,13990,买盘
435,10:23:40,13.99,0.0,5,6995,买盘
436,10:23:43,13.99,0.0,12,16788,买盘
437,10:23:46,13.99,0.0,4,5596,买盘
438,10:23:49,13.99,0.0,8,11192,买盘
439,10:23:52,13.99,0.0,13,18177,买盘
440,10:23:55,13.99,0.0,40,55960,买盘
441,10:23:58,13.99,0.0,5,6995,买盘
442,10:24:04,13.98,-0.01,50,69933,卖盘
443,10:24:13,14.0,0.02,15,21000,卖盘
444,10:24:16,14.04,0.04,20,27991,买盘
445,10:24:37,14.03,-0.01,20,28030,中性盘
446,10:24:51,14.03,0.0,10,14030,买盘
447,10:24:55,14.03,0.0,4,5612,买盘
448,10:24:58,14.03,0.0,3,4209,买盘
449,10:25:07,14.03,0.0,1,1403,卖盘
450,10:25:10,14.03,0.0,4,5612,卖盘
451,10:25:13,14.03,0.0,29,40687,卖盘
452,10:25:19,14.04,0.01,29,40695,买盘
453,10:25:31,14.03,-0.01,3,4209,卖盘
454,10:25:37,14.03,0.0,5,7015,卖盘
455,10:25:40,14.04,0.01,10,14040,买盘
456,10:25:58,14.04,0.0,5,5827,买盘
457,10:26:07,14.04,0.0,1,1404,卖盘
458,10:26:28,14.05,0.01,3,4215,买盘
459,10:26:31,14.05,0.0,110,154493,买盘
460,10:26:34,14.05,0.0,1,1405,卖盘
461,10:26:52,14.1,0.05,50,70430,买盘
462,10:27:12,14.11,0.01,50,70512,买盘
463,10:28:07,14.07,-0.04,2,2814,卖盘
464,10:28:19,14.07,0.0,20,28140,买盘
465,10:28:49,14.07,0.0,10,14070,卖盘
466,10:28:58,14.07,0.0,10,14070,买盘
467,10:29:12,14.07,0.0,32,45024,买盘
468,10:29:43,14.09,0.02,1,1409,卖盘
469,10:29:49,14.1,0.01,51,71860,买盘
470,10:29:52,14.07,-0.03,26,36591,卖盘
471,10:30:01,14.1,0.03,2,2820,买盘
472,10:30:04,14.12,0.02,103,145190,买盘
473,10:30:07,14.12,0.0,2,2824,卖盘
474,10:31:01,14.12,0.0,68,96016,买盘
475,10:31:07,14.12,0.0,13,18351,买盘
476,10:31:13,14.12,0.0,24,33888,卖盘
477,10:31:16,14.12,0.0,20,28240,卖盘
478,10:31:46,14.09,-0.03,3,4227,卖盘
479,10:31:55,14.12,0.03,17,24004,买盘
480,10:32:16,14.09,-0.03,5,7045,中性盘
481,10:32:58,14.1,0.01,4,5640,买盘
482,10:33:07,14.08,-0.02,31,43656,卖盘
483,10:33:16,14.12,0.04,214,301854,买盘
484,10:33:25,14.06,-0.06,80,112548,卖盘
485,10:33:27,14.06,0.0,24,33744,买盘
486,10:33:31,14.06,0.0,4,5624,买盘
487,10:33:34,14.06,0.0,10,14060,买盘
488,10:33:43,14.06,0.0,1,1406,买盘
489,10:33:46,14.05,-0.01,32,44977,卖盘
490,10:34:04,14.06,0.01,2,2812,卖盘
491,10:34:07,14.06,0.0,1,1406,卖盘
492,10:34:10,14.06,0.0,12,16872,卖盘
493,10:34:25,14.06,0.0,1,1406,卖盘
494,10:34:52,14.1,0.04,9,12690,买盘
495,10:34:58,14.1,0.0,1,1410,卖盘
496,10:35:16,14.07,-0.03,3,4222,卖盘
497,10:35:37,14.05,-0.02,100,140538,卖盘
498,10:35:46,14.05,0.0,6,8430,买盘
499,10:35:49,14.05,0.0,6,8430,买盘
500,10:36:01,14.12,0.07,43,60716,买盘
501,10:36:16,14.11,-0.01,4,5644,卖盘
502,10:36:22,14.13,0.02,20,28247,买盘
503,10:36:34,14.13,0.0,46,64998,买盘
504,10:36:37,14.13,0.0,24,33912,买盘
505,10:36:52,14.14,0.01,54,76356,买盘
506,10:36:55,14.14,0.0,8,11312,买盘
507,10:36:58,14.13,-0.01,31,43803,卖盘
508,10:37:01,14.14,0.01,30,42420,买盘
509,10:37:07,14.14,0.0,24,33935,买盘
510,10:37:16,14.14,0.0,24,33936,买盘
511,10:37:25,14.14,0.0,18,25452,买盘
512,10:37:31,14.14,0.0,20,28280,买盘
513,10:37:34,14.14,0.0,3,4242,买盘
514,10:37:37,14.14,0.0,3,4242,买盘
515,10:37:46,14.14,0.0,10,14140,买盘
516,10:37:49,14.13,-0.01,10,14130,卖盘
517,10:37:58,14.14,0.01,1,1414,买盘
518,10:38:01,14.14,0.0,3,4242,买盘
519,10:38:07,14.13,-0.01,4,5652,卖盘
520,10:38:10,14.14,0.01,20,28274,买盘
521,10:38:13,14.14,0.0,10,14140,买盘
522,10:38:16,14.14,0.0,35,49490,买盘
523,10:38:22,14.12,-0.02,24,33907,卖盘
524,10:38:31,14.12,0.0,1,1412,卖盘
525,10:38:37,14.12,0.0,7,9884,卖盘
526,10:38:40,14.13,0.01,2,2826,买盘
527,10:38:43,14.13,0.0,21,29665,买盘
528,10:38:46,14.12,-0.01,7,10322,卖盘
529,10:38:49,14.13,0.01,7,9891,买盘
530,10:38:55,14.12,-0.01,6,8475,卖盘
531,10:39:01,14.12,0.0,1,1412,卖盘
532,10:39:04,14.12,0.0,14,19778,卖盘
533,10:39:07,14.12,0.0,6,8472,卖盘
534,10:39:28,14.13,0.01,4,5652,买盘
535,10:39:43,14.14,0.01,9,12726,买盘
536,10:39:49,14.14,0.0,2,2828,卖盘
537,10:39:57,14.13,-0.01,11,15543,卖盘
538,10:40:01,14.13,0.0,10,14130,卖盘
539,10:40:07,14.13,0.0,1,1413,卖盘
540,10:40:22,14.13,0.0,20,28260,卖盘
541,10:40:34,14.13,0.0,9,12717,卖盘
542,10:40:57,14.14,0.01,20,28280,买盘
543,10:41:43,14.14,0.0,40,56560,买盘
544,10:41:49,14.13,-0.01,5,7065,卖盘
545,10:41:58,14.14,0.01,30,42410,买盘
546,10:42:01,14.13,-0.01,4,5652,卖盘
547,10:42:04,14.13,0.0,8,11304,卖盘
548,10:42:07,14.13,0.0,11,15543,卖盘
549,10:42:10,14.13,0.0,20,28260,卖盘
550,10:42:13,14.14,0.01,3,4242,卖盘
551,10:42:24,14.14,0.0,8,11312,买盘
552,10:42:40,14.13,-0.01,44,62194,卖盘
553,10:43:07,14.13,0.0,11,15543,卖盘
554,10:43:46,14.13,0.0,4,5652,买盘
555,10:43:58,14.14,0.01,36,50904,买盘
556,10:44:16,14.15,0.01,2,2829,买盘
557,10:44:28,14.15,0.0,10,14150,买盘
558,10:44:52,14.14,-0.01,1,1414,买盘
559,10:45:13,14.13,-0.01,22,31086,卖盘
560,10:45:25,14.12,-0.01,2,2824,卖盘
561,10:45:31,14.12,0.0,1,1412,中性盘
562,10:45:46,14.11,-0.01,17,23987,卖盘
563,10:46:04,14.11,0.0,1,1411,买盘
564,10:46:07,14.1,-0.01,24,33840,卖盘
565,10:46:10,14.11,0.01,3,4232,买盘
566,10:46:48,14.1,-0.01,1,1410,买盘
567,10:47:19,14.07,-0.03,50,70376,卖盘
568,10:48:06,14.09,0.02,2,2818,卖盘
569,10:48:27,14.08,-0.01,9,12676,卖盘
570,10:48:40,14.08,0.0,147,206976,卖盘
571,10:48:48,14.08,0.0,57,80256,买盘
572,10:48:52,14.08,0.0,4,5632,卖盘
573,10:49:01,14.08,0.0,4,5632,卖盘
574,10:49:07,14.08,0.0,4,5632,卖盘
575,10:49:10,14.08,0.0,12,16896,卖盘
576,10:49:15,14.08,0.0,11,15488,卖盘
577,10:49:22,14.09,0.01,2,2818,买盘
578,10:49:37,14.09,0.0,10,14090,买盘
579,10:49:46,14.09,0.0,2,2818,买盘
580,10:50:42,14.08,-0.01,5,7040,卖盘
581,10:50:52,14.08,0.0,20,28160,卖盘
582,10:52:07,14.08,0.0,1,1408,卖盘
583,10:52:18,14.08,0.0,5,7040,卖盘
584,10:52:28,14.09,0.01,20,28180,买盘
585,10:53:07,14.09,0.0,1,1409,卖盘
586,10:53:12,14.1,0.01,20,28200,买盘
587,10:53:22,14.1,0.0,42,59220,买盘
588,10:53:28,14.1,0.0,4,5640,买盘
589,10:54:04,14.1,0.0,9,12690,卖盘
590,10:54:40,14.11,0.01,8,11283,买盘
591,10:54:52,14.11,0.0,2,2822,买盘
592,10:55:28,14.11,0.0,3,4233,买盘
593,10:55:34,14.1,-0.01,42,59232,卖盘
594,10:55:55,14.09,-0.01,12,16908,卖盘
595,10:56:07,14.09,0.0,1,1409,卖盘
596,10:56:28,14.09,0.0,5,7045,卖盘
597,10:56:46,14.11,0.02,6,8462,买盘
598,10:56:52,14.09,-0.02,9,12685,卖盘
599,10:56:55,14.11,0.02,15,21157,买盘
600,10:57:07,14.11,0.0,1,1411,卖盘
601,10:57:28,14.12,0.01,1,1412,买盘
602,10:57:31,14.12,0.0,1,1412,卖盘
603,10:57:34,14.11,-0.01,23,32453,卖盘
604,10:57:43,14.11,0.0,1,1411,卖盘
605,10:57:49,14.11,0.0,1,1411,卖盘
606,10:58:07,14.11,0.0,50,70550,卖盘
607,10:58:58,14.09,-0.02,21,29589,卖盘
608,10:59:01,14.11,0.02,5,7055,买盘
609,10:59:07,14.09,-0.02,1,1409,卖盘
610,10:59:40,14.09,0.0,5,7045,卖盘
611,11:00:10,14.09,0.0,20,28180,卖盘
612,11:00:48,14.11,0.02,1,1411,买盘
613,11:01:40,14.11,0.0,18,25398,买盘
614,11:01:49,14.11,0.0,20,28220,卖盘
615,11:02:37,14.11,0.0,1,1411,买盘
616,11:03:46,14.1,-0.01,6,8460,卖盘
617,11:04:18,14.11,0.01,30,42330,买盘
618,11:04:31,14.11,0.0,2,2822,买盘
619,11:04:46,14.12,0.01,50,70600,买盘
620,11:04:49,14.12,0.0,4,5648,买盘
621,11:04:58,14.12,0.0,14,19768,买盘
622,11:05:07,14.11,-0.01,3,4235,卖盘
623,11:05:36,14.11,0.0,16,22576,卖盘
624,11:05:46,14.13,0.02,33,46617,买盘
625,11:06:34,14.14,0.01,15,21210,买盘
626,11:07:06,14.1,-0.04,3,4230,卖盘
627,11:08:04,14.1,0.0,20,28200,卖盘
628,11:08:16,14.09,-0.01,15,21136,卖盘
629,11:08:48,14.08,-0.01,100,140844,卖盘
630,11:09:10,14.08,0.0,22,30976,卖盘
631,11:09:30,14.08,0.0,14,19712,卖盘
632,11:09:43,14.08,0.0,35,49280,卖盘
633,11:09:49,14.08,0.0,10,14080,中性盘
634,11:09:55,14.08,0.0,27,38014,买盘
635,11:09:58,14.08,0.0,1,1408,卖盘
636,11:10:01,14.08,0.0,4,5632,卖盘
637,11:10:04,14.08,0.0,20,28160,卖盘
638,11:10:10,14.08,0.0,30,42240,卖盘
639,11:10:13,14.08,0.0,20,28160,卖盘
640,11:10:16,14.08,0.0,50,70400,卖盘
641,11:10:22,14.07,-0.01,5,7035,卖盘
642,11:10:25,14.07,0.0,7,9849,卖盘
643,11:10:28,14.09,0.02,5,7041,买盘
644,11:10:31,14.07,-0.02,20,28140,卖盘
645,11:10:40,14.06,-0.01,1,1406,卖盘
646,11:10:49,14.07,0.01,3,4220,买盘
647,11:10:52,14.06,-0.01,30,42180,卖盘
648,11:10:58,14.05,-0.01,1,1405,卖盘
649,11:11:10,14.05,0.0,20,28100,卖盘
650,11:11:13,14.05,0.0,1,1405,卖盘
651,11:11:22,14.05,0.0,5,7025,买盘
652,11:11:25,14.08,0.03,28,39388,买盘
653,11:11:28,14.08,0.0,12,16896,卖盘
654,11:11:43,14.08,0.0,19,26752,卖盘
655,11:11:46,14.08,0.0,1,1408,卖盘
656,11:11:49,14.09,0.01,10,14090,买盘
657,11:11:52,14.09,0.0,1,1409,卖盘
658,11:11:58,14.09,0.0,1,1409,卖盘
659,11:12:01,14.08,-0.01,98,137992,卖盘
660,11:12:46,14.08,0.0,27,38016,买盘
661,11:13:19,14.08,0.0,5,7040,卖盘
662,11:13:46,14.1,0.02,2,2820,买盘
663,11:14:18,14.08,-0.02,13,18304,卖盘
664,11:14:25,14.09,0.01,26,36609,买盘
665,11:14:40,14.08,-0.01,10,14080,卖盘
666,11:14:46,14.08,0.0,29,40832,卖盘
667,11:14:52,14.08,0.0,6,8448,卖盘
668,11:14:55,14.08,0.0,6,8448,卖盘
669,11:14:57,14.08,0.0,39,54912,卖盘
670,11:15:04,14.05,-0.03,3,4215,卖盘
671,11:15:13,14.05,0.0,4,5620,卖盘
672,11:15:19,14.05,0.0,7,9835,卖盘
673,11:15:22,14.05,0.0,13,18265,卖盘
674,11:15:34,14.04,-0.01,45,62969,卖盘
675,11:15:43,14.01,-0.03,57,79857,卖盘
676,11:15:58,14.01,0.0,26,36426,卖盘
677,11:16:07,14.0,-0.01,25,35000,卖盘
678,11:16:13,14.08,0.08,139,195382,买盘
679,11:16:18,14.08,0.0,11,15277,卖盘
680,11:16:58,14.01,-0.07,5,7005,卖盘
681,11:17:31,14.02,0.01,2,2804,卖盘
682,11:17:43,14.02,0.0,10,14020,卖盘
683,11:19:00,14.04,0.02,1,1404,买盘
684,11:19:27,14.04,0.0,16,22464,买盘
685,11:19:31,14.04,0.0,8,11232,买盘
686,11:19:34,14.04,0.0,2,2808,买盘
687,11:19:37,14.04,0.0,10,14040,买盘
688,11:19:40,14.04,0.0,2,2808,买盘
689,11:19:43,14.04,0.0,20,28080,买盘
690,11:19:52,14.04,0.0,64,89856,买盘
691,11:19:57,14.04,0.0,10,14040,卖盘
692,11:20:01,14.03,-0.01,55,77180,卖盘
693,11:20:10,14.05,0.02,41,57565,买盘
694,11:20:27,14.05,0.0,1,1405,卖盘
695,11:21:13,14.06,0.01,2,2812,买盘
696,11:21:19,14.05,-0.01,1,1405,卖盘
697,11:21:31,14.06,0.01,3,4218,买盘
698,11:21:34,14.06,0.0,2,2812,卖盘
699,11:21:49,14.05,-0.01,3,4216,卖盘
700,11:22:49,14.09,0.04,15,21128,买盘
701,11:22:55,14.09,0.0,2,2818,卖盘
702,11:23:15,14.05,-0.04,1,1405,卖盘
703,11:23:31,14.04,-0.01,79,110916,中性盘
704,11:23:54,14.04,0.0,12,16848,卖盘
705,11:24:45,14.04,0.0,1,1404,卖盘
706,11:25:04,14.04,0.0,2,2808,卖盘
707,11:25:07,14.04,0.0,21,29484,卖盘
708,11:25:25,14.07,0.03,6,8441,买盘
709,11:26:06,14.08,0.01,1,1408,买盘
710,11:26:09,14.08,0.0,7,9852,买盘
711,11:26:49,14.08,0.0,9,12672,买盘
712,11:26:54,14.04,-0.04,8,11232,卖盘
713,11:27:16,14.02,-0.02,42,58918,卖盘
714,11:27:34,14.07,0.05,9,12657,买盘
715,11:28:13,14.01,-0.06,237,332236,卖盘
716,11:28:54,14.01,0.0,7,9807,买盘
717,11:28:58,14.01,0.0,15,21015,买盘
718,11:29:01,14.01,0.0,6,8406,买盘
719,13:00:07,14.05,0.04,50,70078,中性盘
720,13:00:21,14.01,-0.04,3,4203,卖盘
721,13:01:04,14.01,0.0,5,7005,卖盘
722,13:01:07,14.05,0.04,29,40730,买盘
723,13:01:09,14.05,0.0,1,1405,卖盘
724,13:01:12,14.05,0.0,20,28100,卖盘
725,13:01:21,14.01,-0.04,23,32223,卖盘
726,13:01:27,14.0,-0.01,42,58814,卖盘
727,13:01:48,14.0,0.0,3,4200,卖盘
728,13:02:10,14.01,0.01,1,1401,卖盘
729,13:02:25,14.01,0.0,2,2802,卖盘
730,13:02:34,14.0,-0.01,29,40600,卖盘
731,13:02:48,14.01,0.01,5,7005,卖盘
732,13:02:51,14.0,-0.01,15,21007,卖盘
733,13:03:01,14.0,0.0,50,70000,卖盘
734,13:03:19,14.0,0.0,5,7000,卖盘
735,13:03:27,14.0,0.0,12,16800,卖盘
736,13:03:39,14.0,0.0,38,53200,卖盘
737,13:03:55,13.99,-0.01,8,11192,卖盘
738,13:03:58,14.0,0.01,1,1400,买盘
739,13:04:07,13.99,-0.01,5,6995,卖盘
740,13:04:12,14.0,0.01,1,1400,买盘
741,13:04:21,14.0,0.0,45,63000,买盘
742,13:04:24,13.99,-0.01,2,2798,卖盘
743,13:04:27,14.0,0.01,1,1400,买盘
744,13:04:34,13.99,-0.01,12,16788,卖盘
745,13:04:40,14.0,0.01,11,15400,买盘
746,13:04:57,14.0,0.0,5,7000,买盘
747,13:05:00,14.0,0.0,3,4200,买盘
748,13:05:21,14.0,0.0,1,1400,卖盘
749,13:05:28,14.03,0.03,1,1403,买盘
750,13:06:24,14.0,-0.03,12,16800,卖盘
751,13:06:27,14.02,0.02,1,1402,买盘
752,13:07:03,14.01,-0.01,1,1401,卖盘
753,13:07:52,14.0,-0.01,1,1400,卖盘
754,13:08:04,14.0,0.0,20,28000,卖盘
755,13:08:09,13.99,-0.01,1,1399,卖盘
756,13:08:19,13.99,0.0,17,23783,卖盘
757,13:08:28,13.98,-0.01,10,13980,卖盘
758,13:08:37,13.99,0.01,2,2798,买盘
759,13:08:49,13.98,-0.01,1,1398,卖盘
760,13:09:09,13.98,0.0,4,5592,卖盘
761,13:09:12,13.98,0.0,63,88074,卖盘
762,13:09:42,13.97,-0.01,5,6985,卖盘
763,13:09:45,13.97,0.0,33,46101,卖盘
764,13:09:51,13.95,-0.02,256,357198,卖盘
765,13:09:57,13.96,0.01,21,29303,中性盘
766,13:10:04,13.97,0.01,110,153669,买盘
767,13:10:06,13.97,0.0,2,2794,卖盘
768,13:10:10,13.97,0.0,8,11176,卖盘
769,13:10:16,13.97,0.0,26,36322,买盘
770,13:10:19,13.96,-0.01,12,16752,卖盘
771,13:10:22,13.96,0.0,1,1396,卖盘
772,13:10:30,13.95,-0.01,2,2790,卖盘
773,13:10:43,13.96,0.01,30,41880,买盘
774,13:10:48,13.95,-0.01,20,27900,卖盘
775,13:10:51,13.95,0.0,23,31900,卖盘
776,13:11:00,13.94,-0.01,10,13940,卖盘
777,13:11:16,13.93,-0.01,6,8359,卖盘
778,13:11:18,13.94,0.01,5,6970,买盘
779,13:11:21,13.93,-0.01,8,11144,卖盘
780,13:11:24,13.91,-0.02,51,70991,卖盘
781,13:11:30,13.93,0.02,1,1393,买盘
782,13:11:34,13.91,-0.02,27,37575,卖盘
783,13:11:39,13.91,0.0,27,37584,卖盘
784,13:11:51,13.87,-0.04,100,138997,卖盘
785,13:12:12,13.9,0.03,5,6950,中性盘
786,13:12:16,13.9,0.0,23,31970,买盘
787,13:12:18,13.9,0.0,2,2780,卖盘
788,13:12:28,13.9,0.0,34,47260,卖盘
789,13:12:33,13.9,0.0,2,2780,买盘
790,13:12:36,13.88,-0.02,41,56912,卖盘
791,13:13:16,13.9,0.02,15,20850,卖盘
792,13:13:21,13.92,0.02,7,9744,买盘
793,13:13:28,13.92,0.0,10,13920,买盘
794,13:13:49,13.92,0.0,7,9744,买盘
795,13:13:55,13.94,0.02,130,181119,买盘
796,13:13:57,13.94,0.0,18,25092,卖盘
797,13:14:00,13.94,0.0,3,4182,卖盘
798,13:14:06,13.95,0.01,24,33480,买盘
799,13:14:09,13.95,0.0,3,4185,买盘
800,13:14:19,13.94,-0.01,104,144976,卖盘
801,13:14:34,13.94,0.0,2,2788,买盘
802,13:14:39,13.9,-0.04,100,139017,卖盘
803,13:15:01,13.9,0.0,16,22242,卖盘
804,13:15:09,13.92,0.02,2,2784,买盘
805,13:15:19,13.92,0.0,1,1392,卖盘
806,13:15:30,13.93,0.01,3,4179,买盘
807,13:15:39,13.93,0.0,2,2786,买盘
808,13:16:01,13.93,0.0,1,1393,卖盘
809,13:16:04,13.93,0.0,1,1393,卖盘
810,13:16:07,13.93,0.0,1,1393,卖盘
811,13:16:09,13.93,0.0,2,2786,卖盘
812,13:16:12,13.93,0.0,3,4180,卖盘
813,13:16:16,13.93,0.0,3,4179,卖盘
814,13:16:18,13.93,0.0,1,1393,卖盘
815,13:16:21,13.93,0.0,1,1393,中性盘
816,13:16:24,13.93,0.0,1,1393,卖盘
817,13:16:27,13.93,0.0,1,1393,卖盘
818,13:16:31,13.93,0.0,1,1393,卖盘
819,13:16:34,13.93,0.0,1,1393,卖盘
820,13:16:36,13.93,0.0,1,1393,卖盘
821,13:16:40,13.93,0.0,1,1393,卖盘
822,13:16:42,13.93,0.0,2,2786,卖盘
823,13:16:49,13.92,-0.01,1,1392,卖盘
824,13:16:54,13.92,0.0,1,1392,卖盘
825,13:16:57,13.92,0.0,56,77952,卖盘
826,13:17:04,13.9,-0.02,51,70911,卖盘
827,13:17:10,13.9,0.0,5,6950,卖盘
828,13:17:13,13.9,0.0,2,2780,卖盘
829,13:17:16,13.91,0.01,151,209705,买盘
830,13:17:19,13.91,0.0,39,54247,买盘
831,13:17:21,13.91,0.0,8,11125,买盘
832,13:17:28,13.91,0.0,4,5563,买盘
833,13:17:37,13.9,-0.01,3,4170,卖盘
834,13:17:40,13.89,-0.01,10,13897,卖盘
835,13:17:42,13.9,0.01,10,13900,买盘
836,13:17:45,13.91,0.01,2,2782,买盘
837,13:17:58,13.89,-0.02,4,5556,卖盘
838,13:18:01,13.89,0.0,4,5556,卖盘
839,13:18:06,13.88,-0.01,1,1388,卖盘
840,13:18:13,13.89,0.01,8,11112,买盘
841,13:18:16,13.88,-0.01,118,163789,卖盘
842,13:18:25,13.89,0.01,8,11105,买盘
843,13:18:28,13.87,-0.02,128,177538,卖盘
844,13:18:31,13.88,0.01,6,8324,买盘
845,13:18:34,13.91,0.03,4,5557,买盘
846,13:18:39,13.91,0.0,6,8346,卖盘
847,13:20:04,13.9,-0.01,2,2780,买盘
848,13:20:06,13.89,-0.01,1,1389,卖盘
849,13:20:12,13.9,0.01,4,5560,买盘
850,13:20:19,13.89,-0.01,5,6945,卖盘
851,13:20:22,13.9,0.01,5,6948,买盘
852,13:20:30,13.86,-0.04,70,97044,卖盘
853,13:20:40,13.89,0.03,10,13890,买盘
854,13:20:45,13.89,0.0,1,1389,卖盘
855,13:20:49,13.89,0.0,30,41670,卖盘
856,13:20:51,13.89,0.0,1,1389,卖盘
857,13:20:54,13.89,0.0,8,11112,卖盘
858,13:20:57,13.88,-0.01,1,1388,买盘
859,13:21:01,13.87,-0.01,1,1387,卖盘
860,13:21:15,13.87,0.0,1,1387,卖盘
861,13:21:19,13.87,0.0,8,11096,卖盘
862,13:21:28,13.87,0.0,5,6935,买盘
863,13:21:31,13.86,-0.01,29,40209,卖盘
864,13:21:34,13.87,0.01,1,1387,卖盘
865,13:21:46,13.87,0.0,19,26353,卖盘
866,13:21:55,13.88,0.01,10,13880,买盘
867,13:22:10,13.89,0.01,31,43059,买盘
868,13:22:19,13.89,0.0,12,16667,买盘
869,13:22:22,13.9,0.01,100,139000,买盘
870,13:22:30,13.89,-0.01,48,66672,卖盘
871,13:22:34,13.89,0.0,2,2778,买盘
872,13:22:37,13.9,0.01,60,83400,买盘
873,13:22:40,13.9,0.0,5,6950,买盘
874,13:22:43,13.89,-0.01,4,5558,卖盘
875,13:22:51,13.91,0.02,70,97320,买盘
876,13:22:58,13.89,-0.02,36,50004,卖盘
877,13:23:22,13.89,0.0,1,1389,卖盘
878,13:23:34,13.89,0.0,12,16668,卖盘
879,13:23:45,13.9,0.01,50,69430,买盘
880,13:23:58,13.9,0.0,41,56990,买盘
881,13:24:10,13.9,0.0,1,1390,卖盘
882,13:24:13,13.93,0.03,10,13927,买盘
883,13:24:16,13.9,-0.03,40,55600,卖盘
884,13:24:25,13.91,0.01,1,1391,卖盘
885,13:24:27,13.91,0.0,1,1391,卖盘
886,13:24:31,13.91,0.0,1,1391,卖盘
887,13:24:33,13.9,-0.01,3,4172,卖盘
888,13:24:37,13.91,0.01,1,1391,买盘
889,13:24:39,13.91,0.0,11,15300,买盘
890,13:24:42,13.9,-0.01,1,1390,卖盘
891,13:25:18,13.9,0.0,8,11120,卖盘
892,13:25:28,13.9,0.0,10,13900,卖盘
893,13:25:31,13.9,0.0,15,20850,买盘
894,13:25:40,13.87,-0.03,70,97138,卖盘
895,13:25:43,13.87,0.0,20,27768,卖盘
896,13:25:51,13.87,0.0,16,22194,卖盘
897,13:25:55,13.86,-0.01,80,110884,卖盘
898,13:26:00,13.86,0.0,1,1386,卖盘
899,13:26:04,13.87,0.01,2,2774,买盘
900,13:26:07,13.85,-0.02,100,138534,卖盘
901,13:26:15,13.85,0.0,1,1385,卖盘
902,13:26:22,13.81,-0.04,223,308382,卖盘
903,13:26:30,13.86,0.05,11,15246,买盘
904,13:26:37,13.8,-0.06,161,222299,卖盘
905,13:26:40,13.8,0.0,83,114540,买盘
906,13:26:43,13.8,0.0,5,6900,买盘
907,13:26:45,13.8,0.0,5,6900,买盘
908,13:26:49,13.8,0.0,2,2760,买盘
909,13:26:52,13.8,0.0,5,6900,买盘
910,13:26:55,13.85,0.05,2,2770,买盘
911,13:27:10,13.8,-0.05,1,1380,卖盘
912,13:27:16,13.8,0.0,4,5520,卖盘
913,13:27:24,13.84,0.04,10,13840,买盘
914,13:27:27,13.84,0.0,19,26293,买盘
915,13:27:39,13.81,-0.03,30,41450,卖盘
916,13:27:48,13.82,0.01,12,16584,卖盘
917,13:28:01,13.83,0.01,9,12447,卖盘
918,13:28:04,13.84,0.01,3,4152,买盘
919,13:28:10,13.83,-0.01,9,12448,卖盘
920,13:28:25,13.85,0.02,5,6925,买盘
921,13:28:28,13.85,0.0,22,30468,买盘
922,13:28:31,13.85,0.0,10,13850,买盘
923,13:28:46,13.85,0.0,8,11274,买盘
924,13:29:01,13.85,0.0,5,6925,卖盘
925,13:29:06,13.86,0.01,53,73408,买盘
926,13:29:13,13.86,0.0,21,29106,买盘
927,13:29:16,13.86,0.0,3,4158,卖盘
928,13:29:19,13.86,0.0,1,1386,卖盘
929,13:29:22,13.86,0.0,2,2772,卖盘
930,13:29:25,13.86,0.0,2,2772,卖盘
931,13:29:28,13.86,0.0,1,1386,买盘
932,13:29:30,13.86,0.0,8,11085,买盘
933,13:29:33,13.86,0.0,6,8314,买盘
934,13:29:40,13.86,0.0,1,1386,卖盘
935,13:29:43,13.87,0.01,41,56866,买盘
936,13:29:46,13.86,-0.01,3,4158,卖盘
937,13:29:49,13.86,0.0,4,5544,卖盘
938,13:29:54,13.86,0.0,1,1386,买盘
939,13:29:58,13.85,-0.01,2,2771,卖盘
940,13:30:01,13.86,0.01,16,22170,买盘
941,13:30:04,13.85,-0.01,14,19196,卖盘
942,13:30:06,13.84,-0.01,1,1384,卖盘
943,13:30:09,13.84,0.0,8,11072,卖盘
944,13:30:13,13.85,0.01,13,18002,买盘
945,13:30:16,13.84,-0.01,4,5536,卖盘
946,13:30:19,13.84,0.0,2,2768,卖盘
947,13:30:21,13.84,0.0,10,13840,卖盘
948,13:30:24,13.83,-0.01,2,2766,卖盘
949,13:30:28,13.83,0.0,17,23511,卖盘
950,13:30:30,13.83,0.0,12,16596,卖盘
951,13:30:34,13.83,0.0,16,22128,卖盘
952,13:30:37,13.83,0.0,13,17979,卖盘
953,13:30:39,13.82,-0.01,4,5528,卖盘
954,13:30:43,13.81,-0.01,34,46974,卖盘
955,13:30:46,13.81,0.0,32,44234,卖盘
956,13:30:49,13.81,0.0,15,20715,卖盘
957,13:30:51,13.8,-0.01,73,100776,卖盘
958,13:30:54,13.8,0.0,6,8280,卖盘
959,13:30:58,13.81,0.01,30,41405,买盘
960,13:31:01,13.8,-0.01,77,106263,卖盘
961,13:31:04,13.8,0.0,19,26220,卖盘
962,13:31:07,13.8,0.0,17,23447,卖盘
963,13:31:09,13.79,-0.01,21,28959,卖盘
964,13:31:13,13.79,0.0,21,28959,卖盘
965,13:31:15,13.79,0.0,14,19306,卖盘
966,13:31:18,13.77,-0.02,51,70309,卖盘
967,13:31:21,13.76,-0.01,8,11008,卖盘
968,13:31:25,13.76,0.0,4,5504,卖盘
969,13:31:28,13.76,0.0,21,28899,卖盘
970,13:31:31,13.76,0.0,13,17888,买盘
971,13:31:34,13.75,-0.01,28,38500,卖盘
972,13:31:37,13.75,0.0,62,85166,卖盘
973,13:31:43,13.75,0.0,3,4125,买盘
974,13:31:46,13.71,-0.04,40,54874,卖盘
975,13:31:52,13.75,0.04,11,15125,买盘
976,13:31:55,13.73,-0.02,33,45309,中性盘
977,13:31:57,13.75,0.02,28,38427,买盘
978,13:32:07,13.76,0.01,8,11007,买盘
979,13:32:19,13.75,-0.01,1,1375,卖盘
980,13:32:25,13.76,0.01,4,5504,买盘
981,13:32:31,13.75,-0.01,50,68750,卖盘
982,13:32:34,13.76,0.01,12,16512,买盘
983,13:32:37,13.76,0.0,18,24768,买盘
984,13:32:40,13.76,0.0,12,16512,卖盘
985,13:32:43,13.75,-0.01,50,68757,卖盘
986,13:32:49,13.77,0.02,2,2754,买盘
987,13:32:52,13.75,-0.02,123,169087,卖盘
988,13:32:58,13.76,0.01,6,8255,买盘
989,13:33:01,13.75,-0.01,1,1375,卖盘
990,13:33:04,13.75,0.0,5,6875,卖盘
991,13:33:07,13.76,0.01,54,74304,买盘
992,13:33:10,13.76,0.0,9,12384,卖盘
993,13:33:13,13.75,-0.01,50,68764,卖盘
994,13:33:16,13.75,0.0,2,2750,卖盘
995,13:33:21,13.75,0.0,5,6875,卖盘
996,13:33:24,13.75,0.0,12,16500,买盘
997,13:33:28,13.74,-0.01,3,4122,卖盘
998,13:33:31,13.74,0.0,50,68700,卖盘
999,13:33:34,13.75,0.01,36,49500,买盘
1000,13:33:40,13.75,0.0,8,10997,买盘
1001,13:33:42,13.75,0.0,3,4125,买盘
1002,13:33:46,13.74,-0.01,10,13749,卖盘
1003,13:33:49,13.75,0.01,3,4125,中性盘
1004,13:33:55,13.75,0.0,8,11000,卖盘
1005,13:34:01,13.74,-0.01,4,5498,卖盘
1006,13:34:10,13.73,-0.01,120,164904,卖盘
1007,13:34:13,13.73,0.0,8,10984,卖盘
1008,13:34:16,13.73,0.0,2,2746,卖盘
1009,13:34:19,13.74,0.01,5,6870,买盘
1010,13:34:22,13.76,0.02,60,82536,买盘
1011,13:34:37,13.77,0.01,7,9639,买盘
1012,13:34:40,13.77,0.0,6,8262,买盘
1013,13:34:43,13.78,0.01,32,44065,买盘
1014,13:34:46,13.77,-0.01,16,22032,卖盘
1015,13:34:55,13.78,0.01,3,4134,卖盘
1016,13:35:01,13.79,0.01,10,13790,买盘
1017,13:35:16,13.79,0.0,1,1379,卖盘
1018,13:35:19,13.79,0.0,5,6898,卖盘
1019,13:35:22,13.79,0.0,1,1379,卖盘
1020,13:35:25,13.79,0.0,1,1379,卖盘
1021,13:35:28,13.79,0.0,1,1379,卖盘
1022,13:35:30,13.79,0.0,3,4137,卖盘
1023,13:35:34,13.77,-0.02,33,45453,卖盘
1024,13:35:39,13.77,0.0,9,12393,卖盘
1025,13:35:43,13.77,0.0,12,16524,卖盘
1026,13:35:45,13.77,0.0,11,15152,卖盘
1027,13:35:48,13.8,0.03,12,16558,买盘
1028,13:35:51,13.78,-0.02,7,9643,卖盘
1029,13:35:55,13.78,0.0,1,1378,买盘
1030,13:35:58,13.78,0.0,3,4134,买盘
1031,13:36:09,13.76,-0.02,84,115643,卖盘
1032,13:36:22,13.76,0.0,18,24768,买盘
1033,13:36:24,13.75,-0.01,100,137502,卖盘
1034,13:36:28,13.74,-0.01,1,1374,卖盘
1035,13:36:37,13.73,-0.01,50,68650,卖盘
1036,13:36:40,13.79,0.06,4,5516,买盘
1037,13:36:49,13.75,-0.04,13,17875,卖盘
1038,13:37:01,13.75,0.0,37,50875,买盘
1039,13:37:04,13.75,0.0,42,57750,卖盘
1040,13:37:07,13.75,0.0,5,6875,买盘
1041,13:37:13,13.75,0.0,60,82500,买盘
1042,13:37:16,13.75,0.0,15,20625,买盘
1043,13:37:22,13.75,0.0,33,46008,买盘
1044,13:37:40,13.78,0.03,190,261285,买盘
1045,13:37:43,13.77,-0.01,5,6883,中性盘
1046,13:37:49,13.77,0.0,4,5508,卖盘
1047,13:37:51,13.76,-0.01,26,35781,卖盘
1048,13:37:54,13.75,-0.01,27,37126,卖盘
1049,13:38:01,13.75,0.0,1,1375,卖盘
1050,13:38:04,13.76,0.01,32,44032,买盘
1051,13:38:06,13.75,-0.01,24,32368,卖盘
1052,13:38:12,13.75,0.0,2,2750,买盘
1053,13:38:16,13.75,0.0,5,6875,买盘
1054,13:38:18,13.75,0.0,20,28132,买盘
1055,13:38:21,13.76,0.01,2,2752,买盘
1056,13:38:24,13.74,-0.02,86,118191,卖盘
1057,13:39:10,13.76,0.0,24,32831,卖盘
1058,13:39:18,13.76,0.0,1,1376,买盘
1059,13:39:25,13.75,-0.01,1,1375,卖盘
1060,13:39:28,13.76,0.01,3,4128,买盘
1061,13:39:36,13.78,0.02,85,117319,买盘
1062,13:39:57,13.8,0.02,6,8280,买盘
1063,13:40:13,13.81,0.01,1,1381,卖盘
1064,13:40:15,13.81,0.0,1,1381,卖盘
1065,13:40:19,13.8,-0.01,4,5523,卖盘
1066,13:40:22,13.8,0.0,1,1380,卖盘
1067,13:40:25,13.8,0.0,1,1380,卖盘
1068,13:40:28,13.8,0.0,6,8280,卖盘
1069,13:40:34,13.85,0.05,33,45629,买盘
1070,13:40:36,13.8,-0.05,4,5535,卖盘
1071,13:40:40,13.8,0.0,5,6900,卖盘
1072,13:40:43,13.8,0.0,2,2760,买盘
1073,13:40:49,13.79,-0.01,6,8277,卖盘
1074,13:40:51,13.79,0.0,4,5516,买盘
1075,13:41:10,13.8,0.01,1,1380,卖盘
1076,13:41:39,13.82,0.02,1,1382,买盘
1077,13:41:43,13.82,0.0,8,11056,卖盘
1078,13:41:46,13.81,-0.01,8,11052,卖盘
1079,13:41:55,13.82,0.01,3,4146,买盘
1080,13:41:58,13.82,0.0,3,4146,卖盘
1081,13:42:01,13.81,-0.01,57,78761,卖盘
1082,13:42:07,13.82,0.01,8,11054,买盘
1083,13:42:10,13.8,-0.02,4,5522,卖盘
1084,13:42:13,13.8,0.0,5,6900,卖盘
1085,13:42:19,13.8,0.0,8,11040,卖盘
1086,13:42:22,13.8,0.0,20,27600,卖盘
1087,13:42:25,13.82,0.02,26,35929,买盘
1088,13:42:28,13.82,0.0,2,2764,卖盘
1089,13:42:31,13.83,0.01,8,11058,买盘
1090,13:42:34,13.82,-0.01,16,22112,卖盘
1091,13:42:40,13.78,-0.04,100,137952,卖盘
1092,13:42:58,13.78,0.0,18,24804,卖盘
1093,13:43:04,13.79,0.01,1,1379,卖盘
1094,13:43:06,13.81,0.02,17,23473,买盘
1095,13:43:10,13.78,-0.03,14,19301,卖盘
1096,13:43:21,13.81,0.03,10,13810,买盘
1097,13:43:43,13.78,-0.03,1,1378,卖盘
1098,13:43:51,13.81,0.03,2,2761,买盘
1099,13:43:55,13.78,-0.03,10,13780,卖盘
1100,13:44:12,13.78,0.0,1,1378,卖盘
1101,13:44:21,13.79,0.01,2,2758,买盘
1102,13:44:27,13.79,0.0,1,1379,卖盘
1103,13:44:39,13.79,0.0,2,2758,卖盘
1104,13:45:07,13.8,0.01,1,1380,卖盘
1105,13:45:09,13.8,0.0,4,5520,卖盘
1106,13:45:24,13.79,-0.01,1,1379,卖盘
1107,13:45:30,13.79,0.0,13,17927,卖盘
1108,13:45:34,13.79,0.0,1,1379,卖盘
1109,13:45:37,13.79,0.0,1,1379,卖盘
1110,13:45:40,13.78,-0.01,4,5512,卖盘
1111,13:45:43,13.78,0.0,7,9646,卖盘
1112,13:45:46,13.78,0.0,9,12402,卖盘
1113,13:45:49,13.78,0.0,11,15158,卖盘
1114,13:45:52,13.78,0.0,25,34450,卖盘
1115,13:45:55,13.78,0.0,3,4134,卖盘
1116,13:45:58,13.78,0.0,1,1378,卖盘
1117,13:46:01,13.78,0.0,23,31694,卖盘
1118,13:46:07,13.76,-0.02,50,68800,卖盘
1119,13:46:10,13.76,0.0,3,4128,卖盘
1120,13:46:13,13.76,0.0,5,6881,卖盘
1121,13:46:15,13.76,0.0,1,1376,卖盘
1122,13:46:22,13.76,0.0,6,8256,买盘
1123,13:46:28,13.75,-0.01,20,27504,卖盘
1124,13:46:31,13.75,0.0,7,9625,卖盘
1125,13:46:43,13.74,-0.01,80,109320,卖盘
1126,13:46:45,13.74,0.0,7,9618,买盘
1127,13:46:55,13.73,-0.01,37,50801,卖盘
1128,13:47:01,13.73,0.0,46,63158,卖盘
1129,13:47:10,13.71,-0.02,198,271550,卖盘
1130,13:47:13,13.7,-0.01,195,267359,卖盘
1131,13:47:19,13.7,0.0,19,26030,卖盘
1132,13:47:22,13.7,0.0,33,45210,卖盘
1133,13:47:25,13.7,0.0,67,91791,卖盘
1134,13:47:28,13.71,0.01,23,31533,买盘
1135,13:47:31,13.7,-0.01,6,8220,卖盘
1136,13:47:34,13.71,0.01,105,143860,买盘
1137,13:47:43,13.71,0.0,5,6855,卖盘
1138,13:47:58,13.72,0.01,1,1372,中性盘
1139,13:48:01,13.71,-0.01,13,17824,卖盘
1140,13:48:07,13.73,0.02,67,91991,买盘
1141,13:48:13,13.73,0.0,3,4119,卖盘
1142,13:48:25,13.73,0.0,1,1373,卖盘
1143,13:48:46,13.74,0.01,19,26106,买盘
1144,13:48:55,13.74,0.0,2,3380,买盘
1145,13:49:25,13.77,0.03,28,38556,买盘
1146,13:49:31,13.77,0.0,1,1377,卖盘
1147,13:49:34,13.75,-0.02,51,70174,卖盘
1148,13:49:37,13.78,0.03,10,13779,买盘
1149,13:49:51,13.77,-0.01,6,8262,买盘
1150,13:50:01,13.77,0.0,35,48195,卖盘
1151,13:50:04,13.77,0.0,4,5508,买盘
1152,13:50:07,13.76,-0.01,1,1376,卖盘
1153,13:50:19,13.76,0.0,1,1376,卖盘
1154,13:50:34,13.75,-0.01,42,57790,卖盘
1155,13:50:40,13.77,0.02,2,2754,买盘
1156,13:50:42,13.75,-0.02,1,1375,卖盘
1157,13:50:52,13.75,0.0,10,13750,卖盘
1158,13:50:58,13.75,0.0,41,56374,买盘
1159,13:51:01,13.74,-0.01,1,1374,卖盘
1160,13:51:06,13.75,0.01,1,1375,买盘
1161,13:51:22,13.75,0.0,1,1375,卖盘
1162,13:51:57,13.76,0.01,2,2752,买盘
1163,13:52:01,13.76,0.0,2,2752,卖盘
1164,13:52:10,13.82,0.06,46,63440,买盘
1165,13:52:25,13.82,0.0,2,2764,买盘
1166,13:52:31,13.82,0.0,4,5528,卖盘
1167,13:52:46,13.84,0.02,1,1384,买盘
1168,13:52:58,13.84,0.0,12,16606,买盘
1169,13:53:04,13.86,0.02,9,12458,买盘
1170,13:53:22,13.79,-0.07,1,1379,卖盘
1171,13:53:25,13.85,0.06,5,6921,买盘
1172,13:53:58,13.84,-0.01,2,2768,买盘
1173,13:54:07,13.8,-0.04,1,1380,卖盘
1174,13:54:10,13.84,0.04,1,1384,买盘
1175,13:54:16,13.84,0.0,9,12456,卖盘
1176,13:54:19,13.85,0.01,16,22152,买盘
1177,13:54:31,13.84,-0.01,2,2768,买盘
1178,13:54:36,13.84,0.0,2,2768,买盘
1179,13:54:55,13.84,0.0,2,2768,买盘
1180,13:54:58,13.84,0.0,38,52592,买盘
1181,13:55:01,13.84,0.0,1,1384,卖盘
1182,13:55:04,13.84,0.0,1,1384,卖盘
1183,13:55:06,13.84,0.0,1,1384,卖盘
1184,13:55:13,13.84,0.0,2,2768,卖盘
1185,13:55:19,13.84,0.0,1,1384,卖盘
1186,13:55:22,13.84,0.0,1,1384,卖盘
1187,13:55:24,13.84,0.0,2,2768,卖盘
1188,13:55:28,13.84,0.0,3,4151,中性盘
1189,13:55:39,13.84,0.0,3,4152,卖盘
1190,13:55:42,13.84,0.0,20,27680,卖盘
1191,13:55:46,13.83,-0.01,1,1383,卖盘
1192,13:55:49,13.85,0.02,5,6925,买盘
1193,13:55:52,13.83,-0.02,1,1383,卖盘
1194,13:55:54,13.83,0.0,1,1383,卖盘
1195,13:56:07,13.82,-0.01,1,1382,卖盘
1196,13:56:10,13.82,0.0,1,1382,卖盘
1197,13:56:55,13.83,0.01,50,69150,卖盘
1198,13:57:01,13.83,0.0,15,20745,卖盘
1199,13:57:07,13.83,0.0,28,38724,卖盘
1200,13:57:13,13.83,0.0,23,31809,卖盘
1201,13:57:15,13.83,0.0,6,8298,卖盘
1202,13:57:22,13.82,-0.01,6,8292,卖盘
1203,13:57:25,13.82,0.0,3,4146,卖盘
1204,13:57:28,13.82,0.0,6,8292,卖盘
1205,13:57:31,13.81,-0.01,1,1381,卖盘
1206,13:57:34,13.81,0.0,1,1381,卖盘
1207,13:57:37,13.82,0.01,6,8290,买盘
1208,13:57:40,13.8,-0.02,1,1380,卖盘
1209,13:58:01,13.79,-0.01,42,57947,卖盘
1210,13:58:09,13.8,0.01,40,55200,卖盘
1211,13:58:46,13.8,0.0,17,23445,买盘
1212,13:58:57,13.79,-0.01,1,1379,卖盘
1213,13:59:13,13.8,0.01,2,2760,买盘
1214,13:59:28,13.79,-0.01,1,1379,卖盘
1215,13:59:55,13.8,0.01,2,2760,买盘
1216,14:00:06,13.8,0.0,2,2760,买盘
1217,14:00:09,13.8,0.0,1,1380,卖盘
1218,14:00:12,13.8,0.0,3,4140,卖盘
1219,14:00:19,13.8,0.0,1,1380,卖盘
1220,14:00:43,13.8,0.0,1,1380,卖盘
1221,14:01:10,13.8,0.0,1,1380,卖盘
1222,14:01:13,13.8,0.0,2,2760,卖盘
1223,14:01:16,13.79,-0.01,50,68952,卖盘
1224,14:01:19,13.79,0.0,8,11032,卖盘
1225,14:01:22,13.77,-0.02,4,5512,卖盘
1226,14:01:27,13.77,0.0,4,5512,卖盘
1227,14:01:31,13.77,0.0,14,19278,卖盘
1228,14:01:37,13.75,-0.02,25,34375,卖盘
1229,14:01:40,13.74,-0.01,4,5496,卖盘
1230,14:01:43,13.73,-0.01,8,10991,卖盘
1231,14:01:46,13.73,0.0,35,48055,卖盘
1232,14:01:52,13.72,-0.01,3,4116,卖盘
1233,14:02:01,13.72,0.0,12,16474,卖盘
1234,14:02:07,13.73,0.01,11,15103,买盘
1235,14:02:10,13.72,-0.01,1,1372,卖盘
1236,14:02:13,13.72,0.0,3,4116,卖盘
1237,14:02:16,13.73,0.01,19,26087,买盘
1238,14:02:19,13.73,0.0,7,9605,买盘
1239,14:02:21,13.73,0.0,3,4119,买盘
1240,14:02:28,13.72,-0.01,27,37044,卖盘
1241,14:02:30,13.72,0.0,261,357892,卖盘
1242,14:02:43,13.72,0.0,1,1372,买盘
1243,14:02:52,13.72,0.0,15,20580,买盘
1244,14:02:58,13.72,0.0,8,10976,卖盘
1245,14:03:13,13.72,0.0,10,13720,卖盘
1246,14:03:16,13.73,0.01,15,20595,买盘
1247,14:03:19,13.73,0.0,1,1373,卖盘
1248,14:03:31,13.73,0.0,4,5492,卖盘
1249,14:03:37,13.73,0.0,12,16476,卖盘
1250,14:03:46,13.73,0.0,10,13730,卖盘
1251,14:03:49,13.74,0.01,3,4122,买盘
1252,14:03:52,13.74,0.0,6,8244,卖盘
1253,14:04:16,13.74,0.0,4,5496,卖盘
1254,14:04:25,13.74,0.0,4,5496,卖盘
1255,14:04:31,13.74,0.0,4,5496,买盘
1256,14:04:33,13.73,-0.01,1,1373,卖盘
1257,14:04:37,13.73,0.0,2,2746,卖盘
1258,14:04:42,13.73,0.0,15,20595,买盘
1259,14:05:10,13.73,0.0,4,5492,卖盘
1260,14:05:13,13.74,0.01,9,12366,买盘
1261,14:05:16,13.74,0.0,3,4122,卖盘
1262,14:05:19,13.74,0.0,4,5496,卖盘
1263,14:05:30,13.75,0.01,16,22000,买盘
1264,14:05:52,13.77,0.02,14,19288,卖盘
1265,14:05:58,13.77,0.0,3,4131,买盘
1266,14:06:16,13.77,0.0,4,5508,卖盘
1267,14:06:22,13.79,0.02,39,53740,买盘
1268,14:06:25,13.8,0.01,2,2759,买盘
1269,14:06:28,13.79,-0.01,45,62055,卖盘
1270,14:06:46,13.78,-0.01,1,1378,卖盘
1271,14:06:52,13.79,0.01,16,22064,买盘
1272,14:07:07,13.78,-0.01,1,1378,卖盘
1273,14:07:09,13.79,0.01,1,1379,买盘
1274,14:07:12,13.78,-0.01,3,4134,卖盘
1275,14:07:19,13.79,0.01,2,2757,买盘
1276,14:07:22,13.78,-0.01,1,1378,卖盘
1277,14:07:25,13.78,0.0,1,1378,卖盘
1278,14:07:28,13.78,0.0,2,2756,卖盘
1279,14:07:31,13.78,0.0,1,1378,卖盘
1280,14:07:36,13.76,-0.02,1,1376,卖盘
1281,14:08:04,13.76,0.0,5,6880,卖盘
1282,14:08:10,13.75,-0.01,16,22002,卖盘
1283,14:08:22,13.75,0.0,1,1375,卖盘
1284,14:08:34,13.76,0.01,1,1376,买盘
1285,14:08:37,13.77,0.01,12,16515,买盘
1286,14:08:46,13.76,-0.01,1,1376,卖盘
1287,14:08:48,13.76,0.0,20,27520,卖盘
1288,14:08:55,13.76,0.0,1,1376,卖盘
1289,14:09:01,13.76,0.0,3,4128,卖盘
1290,14:09:04,13.75,-0.01,70,96250,卖盘
1291,14:09:06,13.75,0.0,3,4125,卖盘
1292,14:09:10,13.76,0.01,3,4128,买盘
1293,14:09:13,13.75,-0.01,3,4125,卖盘
1294,14:09:18,13.74,-0.01,1,1374,卖盘
1295,14:09:24,13.74,0.0,1,1374,卖盘
1296,14:09:34,13.74,0.0,1,1374,卖盘
1297,14:09:40,13.74,0.0,4,5496,卖盘
1298,14:09:46,13.74,0.0,1,1374,卖盘
1299,14:09:52,13.74,0.0,1,1374,卖盘
1300,14:10:01,13.74,0.0,1,1374,卖盘
1301,14:10:07,13.74,0.0,3,4122,卖盘
1302,14:10:31,13.75,0.01,5,6873,买盘
1303,14:10:34,13.75,0.0,2,2750,买盘
1304,14:10:39,13.75,0.0,9,12370,买盘
1305,14:10:46,13.75,0.0,3,4125,买盘
1306,14:10:49,13.75,0.0,20,27500,买盘
1307,14:11:01,13.75,0.0,3,4125,卖盘
1308,14:11:16,13.76,0.01,1,1376,卖盘
1309,14:11:19,13.77,0.01,7,9639,买盘
1310,14:11:22,13.77,0.0,2,2754,卖盘
1311,14:11:25,13.77,0.0,4,5508,卖盘
1312,14:11:30,13.77,0.0,3,4131,卖盘
1313,14:11:34,13.77,0.0,49,67478,卖盘
1314,14:11:40,13.76,-0.01,7,9632,卖盘
1315,14:11:42,13.77,0.01,3,4128,买盘
1316,14:12:07,13.77,0.0,55,75709,买盘
1317,14:12:22,13.77,0.0,2,2754,买盘
1318,14:12:24,13.75,-0.02,12,16522,卖盘
1319,14:12:58,13.76,0.01,1,1376,买盘
1320,14:14:04,13.77,0.01,10,13770,买盘
1321,14:14:06,13.77,0.0,11,14927,买盘
1322,14:14:10,13.76,-0.01,1,1376,买盘
1323,14:15:13,13.77,0.01,1,1377,卖盘
1324,14:15:30,13.78,0.01,10,13780,买盘
1325,14:15:39,13.77,-0.01,20,27545,卖盘
1326,14:15:43,13.77,0.0,5,6885,买盘
1327,14:16:01,13.77,0.0,5,6885,买盘
1328,14:16:13,13.76,-0.01,12,16512,卖盘
1329,14:16:18,13.76,0.0,1,1376,卖盘
1330,14:16:58,13.76,0.0,72,99292,卖盘
1331,14:17:19,13.75,-0.01,2,2750,卖盘
1332,14:17:25,13.75,0.0,1,1375,卖盘
1333,14:17:31,13.76,0.01,44,60318,买盘
1334,14:17:46,13.76,0.0,9,12384,卖盘
1335,14:17:51,13.76,0.0,3,4128,卖盘
1336,14:17:58,13.76,0.0,19,26364,卖盘
1337,14:18:10,13.75,-0.01,10,13750,卖盘
1338,14:18:16,13.75,0.0,7,9625,卖盘
1339,14:18:19,13.75,0.0,5,6875,卖盘
1340,14:18:21,13.75,0.0,10,13750,卖盘
1341,14:18:28,13.74,-0.01,4,5496,卖盘
1342,14:18:31,13.74,0.0,1,1374,卖盘
1343,14:18:46,13.7,-0.04,500,685149,卖盘
1344,14:18:58,13.71,0.01,5,6855,卖盘
1345,14:19:01,13.7,-0.01,410,561769,卖盘
1346,14:19:07,13.7,0.0,1,1370,卖盘
1347,14:19:10,13.7,0.0,3,4116,卖盘
1348,14:19:19,13.7,0.0,2,2740,卖盘
1349,14:19:28,13.7,0.0,3,4110,卖盘
1350,14:19:46,13.72,0.02,1,1372,买盘
1351,14:19:52,13.72,0.0,1,1372,卖盘
1352,14:19:58,13.71,-0.01,9,12339,卖盘
1353,14:20:07,13.71,0.0,1,1371,买盘
1354,14:20:13,13.71,0.0,8,10968,买盘
1355,14:20:22,13.71,0.0,1,1371,卖盘
1356,14:20:25,13.71,0.0,8,10968,卖盘
1357,14:20:40,13.71,0.0,10,13710,买盘
1358,14:20:43,13.71,0.0,76,104196,买盘
1359,14:20:46,13.71,0.0,6,8226,卖盘
1360,14:20:58,13.73,0.02,3,4119,买盘
1361,14:21:10,13.76,0.03,24,32991,买盘
1362,14:21:19,13.77,0.01,100,137666,买盘
1363,14:21:22,13.73,-0.04,1,1373,卖盘
1364,14:21:43,13.79,0.06,2,2758,买盘
1365,14:21:49,13.8,0.01,72,99347,买盘
1366,14:21:52,13.8,0.0,9,11771,卖盘
1367,14:21:55,13.8,0.0,5,6900,卖盘
1368,14:21:58,13.81,0.01,2,2761,中性盘
1369,14:22:22,13.82,0.01,12,16584,买盘
1370,14:22:34,13.84,0.02,20,27644,买盘
1371,14:22:52,13.88,0.04,10,13880,买盘
1372,14:22:58,13.85,-0.03,4,5540,卖盘
1373,14:23:22,13.85,0.0,2,2770,卖盘
1374,14:23:28,13.86,0.01,4,5543,买盘
1375,14:23:31,13.85,-0.01,1,1385,卖盘
1376,14:23:34,13.85,0.0,36,49860,卖盘
1377,14:23:39,13.88,0.03,31,42970,买盘
1378,14:24:19,13.81,-0.07,1,1381,卖盘
1379,14:24:25,13.83,0.02,4,5532,买盘
1380,14:24:34,13.83,0.0,2,2766,买盘
1381,14:24:52,13.83,0.0,10,13830,买盘
1382,14:25:18,13.83,0.0,20,27660,买盘
1383,14:25:21,13.83,0.0,3,4149,买盘
1384,14:25:25,13.83,0.0,12,16596,卖盘
1385,14:25:43,13.83,0.0,2,2766,卖盘
1386,14:25:46,13.84,0.01,10,13840,买盘
1387,14:25:48,13.83,-0.01,2,2766,卖盘
1388,14:25:52,13.83,0.0,26,35958,卖盘
1389,14:25:55,13.84,0.01,2,2768,买盘
1390,14:25:58,13.83,-0.01,1,1383,卖盘
1391,14:26:01,13.83,0.0,1,1383,卖盘
1392,14:26:12,13.84,0.01,1,1384,买盘
1393,14:26:19,13.84,0.0,1,1384,卖盘
1394,14:26:25,13.85,0.01,2,2770,买盘
1395,14:26:34,13.85,0.0,5,6925,买盘
1396,14:26:37,13.85,0.0,1,1385,卖盘
1397,14:26:55,13.86,0.01,3,4158,买盘
1398,14:27:06,13.88,0.02,10,13879,买盘
1399,14:27:15,13.88,0.0,18,24790,买盘
1400,14:27:19,13.88,0.0,7,9716,卖盘
1401,14:27:22,13.88,0.0,5,6940,卖盘
1402,14:27:30,13.88,0.0,2,2970,卖盘
1403,14:27:43,13.88,0.0,20,27760,买盘
1404,14:27:57,13.86,-0.02,9,12474,卖盘
1405,14:28:19,13.86,0.0,15,20790,买盘
1406,14:28:25,13.86,0.0,2,2772,卖盘
1407,14:28:28,13.86,0.0,1,1386,买盘
1408,14:28:36,13.86,0.0,7,9696,买盘
1409,14:28:49,13.85,-0.01,65,90025,卖盘
1410,14:28:52,13.85,0.0,4,5540,买盘
1411,14:29:07,13.85,0.0,32,44320,买盘
1412,14:29:10,13.85,0.0,3,4155,卖盘
1413,14:29:13,13.85,0.0,15,20775,卖盘
1414,14:29:37,13.85,0.0,50,69250,买盘
1415,14:29:46,13.85,0.0,3,4155,买盘
1416,14:30:01,13.83,-0.02,4,5535,卖盘
1417,14:30:16,13.83,0.0,1,1383,买盘
1418,14:30:19,13.83,0.0,35,48405,买盘
1419,14:30:25,13.83,0.0,9,12447,卖盘
1420,14:30:52,13.84,0.01,90,124859,卖盘
1421,14:31:21,13.87,0.03,62,85774,卖盘
1422,14:31:24,13.87,0.0,2,2774,买盘
1423,14:31:27,13.87,0.0,2,2774,卖盘
1424,14:31:43,13.88,0.01,100,138791,买盘
1425,14:32:04,13.83,-0.05,48,66407,卖盘
1426,14:32:07,13.83,0.0,7,9681,买盘
1427,14:32:13,13.83,0.0,3,4149,买盘
1428,14:32:15,13.83,0.0,30,41490,买盘
1429,14:32:18,13.83,0.0,53,73299,买盘
1430,14:32:25,13.83,0.0,5,6915,卖盘
1431,14:32:49,13.84,0.01,15,20760,卖盘
1432,14:32:58,13.84,0.0,10,13840,买盘
1433,14:33:07,13.83,-0.01,6,8298,卖盘
1434,14:33:16,13.84,0.01,9,12456,买盘
1435,14:34:07,13.86,0.02,8,11088,买盘
1436,14:34:34,13.86,0.0,5,6930,买盘
1437,14:34:43,13.86,0.0,3,4158,买盘
1438,14:35:19,13.86,0.0,28,38808,买盘
1439,14:35:49,13.86,0.0,8,11088,卖盘
1440,14:36:04,13.86,0.0,7,9702,卖盘
1441,14:36:13,13.86,0.0,9,12474,卖盘
1442,14:36:22,13.86,0.0,1,1386,买盘
1443,14:36:57,13.86,0.0,27,37422,买盘
1444,14:37:04,13.85,-0.01,116,160660,卖盘
1445,14:37:06,13.84,-0.01,6,8304,卖盘
1446,14:37:09,13.84,0.0,29,40136,卖盘
1447,14:37:13,13.84,0.0,41,56744,卖盘
1448,14:37:18,13.84,0.0,24,33216,卖盘
1449,14:37:31,13.83,-0.01,39,53937,卖盘
1450,14:37:43,13.83,0.0,11,15213,买盘
1451,14:37:46,13.81,-0.02,18,24858,卖盘
1452,14:37:52,13.83,0.02,7,9681,买盘
1453,14:37:57,13.83,0.0,20,27660,卖盘
1454,14:38:04,13.83,0.0,1,1383,卖盘
1455,14:38:13,13.8,-0.03,37,51711,卖盘
1456,14:38:19,13.79,-0.01,18,24822,卖盘
1457,14:38:34,13.79,0.0,2,2758,买盘
1458,14:38:37,13.76,-0.03,10,13760,卖盘
1459,14:38:55,13.79,0.03,1,1379,买盘
1460,14:39:04,13.77,-0.02,22,30336,卖盘
1461,14:39:07,13.77,0.0,15,20655,卖盘
1462,14:39:09,13.77,0.0,3,4131,买盘
1463,14:39:12,13.77,0.0,24,33048,买盘
1464,14:39:21,13.77,0.0,4,5508,买盘
1465,14:40:10,13.76,-0.01,5,6880,卖盘
1466,14:40:19,13.76,0.0,16,22016,卖盘
1467,14:40:28,13.77,0.01,5,6885,买盘
1468,14:40:43,13.77,0.0,3,4131,买盘
1469,14:40:48,13.77,0.0,2,2754,买盘
1470,14:40:55,13.73,-0.04,87,118913,卖盘
1471,14:41:01,13.76,0.03,1,1376,卖盘
1472,14:41:16,13.76,0.0,1,1376,买盘
1473,14:41:25,13.76,0.0,2,2752,买盘
1474,14:42:04,13.77,0.01,20,27540,买盘
1475,14:42:10,13.76,-0.01,91,125251,卖盘
1476,14:42:22,13.76,0.0,1,1376,买盘
1477,14:42:25,13.76,0.0,16,22016,买盘
1478,14:42:37,13.77,0.01,20,27540,买盘
1479,14:42:40,13.77,0.0,2,2754,买盘
1480,14:42:49,13.77,0.0,1,1377,买盘
1481,14:42:51,13.77,0.0,32,44064,买盘
1482,14:43:04,13.77,0.0,6,8262,买盘
1483,14:43:10,13.77,0.0,30,41310,买盘
1484,14:43:16,13.76,-0.01,156,214730,卖盘
1485,14:43:19,13.76,0.0,18,24768,买盘
1486,14:43:22,13.77,0.01,72,99144,买盘
1487,14:43:46,13.81,0.04,2,2762,买盘
1488,14:43:55,13.77,-0.04,51,70227,卖盘
1489,14:44:04,13.76,-0.01,5,6880,卖盘
1490,14:44:06,13.75,-0.01,1,1375,卖盘
1491,14:44:10,13.77,0.02,1,1377,买盘
1492,14:44:25,13.76,-0.01,8,11007,买盘
1493,14:44:28,13.76,0.0,1,1376,卖盘
1494,14:44:31,13.76,0.0,20,27520,卖盘
1495,14:44:37,13.75,-0.01,32,44001,卖盘
1496,14:44:46,13.77,0.02,53,72977,买盘
1497,14:44:58,13.75,-0.02,7,9625,卖盘
1498,14:45:04,13.75,0.0,2,2750,买盘
1499,14:45:10,13.74,-0.01,14,19236,卖盘
1500,14:45:19,13.74,0.0,20,27480,卖盘
1501,14:45:28,13.74,0.0,5,6870,卖盘
1502,14:45:31,13.74,0.0,11,15114,买盘
1503,14:45:46,13.73,-0.01,1,1373,卖盘
1504,14:45:52,13.73,0.0,3,4119,卖盘
1505,14:45:58,13.74,0.01,1,1374,买盘
1506,14:46:04,13.73,-0.01,7,9614,卖盘
1507,14:46:10,13.74,0.01,3,4122,买盘
1508,14:46:13,13.74,0.0,2,2748,买盘
1509,14:46:16,13.74,0.0,6,8244,买盘
1510,14:46:19,13.74,0.0,1,1374,买盘
1511,14:46:34,13.73,-0.01,20,27463,卖盘
1512,14:46:37,13.75,0.02,4,5500,买盘
1513,14:46:43,13.75,0.0,50,68750,买盘
1514,14:46:48,13.75,0.0,4,5500,买盘
1515,14:46:52,13.75,0.0,120,165000,买盘
1516,14:46:55,13.75,0.0,14,19250,买盘
1517,14:46:58,13.75,0.0,11,15125,买盘
1518,14:47:01,13.76,0.01,6,8256,买盘
1519,14:47:13,13.77,0.01,14,19278,买盘
1520,14:47:19,13.77,0.0,3,4131,买盘
1521,14:47:43,13.85,0.08,34,47048,买盘
1522,14:47:46,13.85,0.0,1,1385,卖盘
1523,14:47:52,13.85,0.0,3,4155,卖盘
1524,14:47:55,13.85,0.0,14,19390,卖盘
1525,14:48:04,13.85,0.0,3,4155,卖盘
1526,14:48:10,13.85,0.0,2,2770,卖盘
1527,14:48:13,13.85,0.0,2,2770,买盘
1528,14:48:55,13.82,-0.03,5,6910,买盘
1529,14:49:04,13.84,0.02,28,38737,买盘
1530,14:49:10,13.83,-0.01,1,1383,卖盘
1531,14:49:31,13.83,0.0,1,1383,买盘
1532,14:49:34,13.82,-0.01,26,35941,卖盘
1533,14:49:37,13.85,0.03,90,124354,买盘
1534,14:50:10,13.85,0.0,1,1385,买盘
1535,14:50:25,13.85,0.0,3,4155,买盘
1536,14:51:04,13.87,0.02,55,76241,买盘
1537,14:51:28,13.88,0.01,15,20820,买盘
1538,14:51:34,13.88,0.0,18,24984,买盘
1539,14:51:43,13.88,0.0,8,11104,买盘
1540,14:51:49,13.88,0.0,2,2776,买盘
1541,14:52:10,13.9,0.02,48,66697,买盘
1542,14:52:13,13.88,-0.02,10,13880,卖盘
1543,14:52:34,13.89,0.01,2,2778,买盘
1544,14:52:37,13.91,0.02,11,15097,买盘
1545,14:52:40,13.91,0.0,30,41730,卖盘
1546,14:52:46,13.93,0.02,10,13930,买盘
1547,14:52:55,13.93,0.0,16,22282,买盘
1548,14:53:04,13.92,-0.01,1,1392,卖盘
1549,14:53:10,13.92,0.0,4,5568,买盘
1550,14:53:16,13.91,-0.01,10,13910,卖盘
1551,14:53:19,13.91,0.0,29,40365,卖盘
1552,14:53:22,13.93,0.02,16,22288,买盘
1553,14:53:25,13.92,-0.01,1,1392,卖盘
1554,14:53:34,13.91,-0.01,49,68354,卖盘
1555,14:53:46,13.9,-0.01,8,11120,卖盘
1556,14:53:55,13.9,0.0,29,40310,卖盘
1557,14:53:58,13.91,0.01,28,38923,买盘
1558,14:54:01,13.9,-0.01,100,139000,卖盘
1559,14:54:04,13.92,0.02,65,90415,买盘
1560,14:54:19,13.91,-0.01,3,4173,卖盘
1561,14:54:28,13.91,0.0,7,9737,买盘
1562,14:54:34,13.92,0.01,3,4174,买盘
1563,14:54:37,13.91,-0.01,8,11128,卖盘
1564,14:54:40,13.91,0.0,10,13910,卖盘
1565,14:54:43,13.92,0.01,1,1392,买盘
1566,14:54:58,13.91,-0.01,1,1391,买盘
1567,14:55:01,13.91,0.0,28,38930,买盘
1568,14:55:13,13.9,-0.01,9,12510,卖盘
1569,14:55:25,13.91,0.01,17,23637,买盘
1570,14:55:28,13.9,-0.01,5,6950,卖盘
1571,14:55:31,13.9,0.0,29,40310,卖盘
1572,14:55:34,13.9,0.0,4,5560,卖盘
1573,14:55:40,13.9,0.0,19,26416,卖盘
1574,14:55:46,13.91,0.01,9,12519,买盘
1575,14:55:49,13.91,0.0,7,9737,买盘
1576,14:55:52,13.91,0.0,127,176566,买盘
1577,14:55:58,13.91,0.0,17,23640,买盘
1578,14:56:01,13.91,0.0,8,11125,买盘
1579,14:56:07,13.9,-0.01,10,13900,卖盘
1580,14:56:22,13.9,0.0,6,8340,卖盘
1581,14:56:37,13.9,0.0,159,221247,卖盘
1582,14:56:43,13.9,0.0,3,4170,卖盘
1583,14:56:46,13.9,0.0,20,27800,卖盘
1584,14:56:52,13.9,0.0,4,5560,卖盘
1585,14:56:55,13.95,0.05,123,171475,买盘
1586,14:57:01,13.9,-0.05,14,19460,卖盘
1587,15:00:04,13.95,0.05,295,411525,卖盘
