,time,price,change,volume,amount,type
0,09:25:04,13.86,-0.09,251,347886,买盘
1,09:30:04,13.86,0.0,19,26334,卖盘
2,09:30:07,13.95,0.09,193,267562,中性盘
3,09:30:10,13.95,0.0,14,19437,买盘
4,09:30:13,13.95,0.0,24,33432,买盘
5,09:30:22,13.9,-0.05,23,31970,卖盘
6,09:30:25,13.9,0.0,17,23630,买盘
7,09:30:31,13.87,-0.03,83,115121,卖盘
8,09:30:40,13.9,0.03,34,47260,买盘
9,09:30:43,13.9,0.0,1,1390,买盘
10,09:30:46,13.9,0.0,38,52817,买盘
11,09:30:58,13.91,0.01,11,15302,卖盘
12,09:31:01,13.92,0.01,1,1392,买盘
13,09:31:05,13.91,-0.01,49,68160,卖盘
14,09:31:22,13.92,0.01,7,9744,买盘
15,09:31:28,13.91,-0.01,6,8347,卖盘
16,09:31:31,13.92,0.01,14,19488,买盘
17,09:31:34,13.92,0.0,46,64032,卖盘
18,09:31:37,13.92,0.0,3,4176,卖盘
19,09:31:43,13.91,-0.01,27,37557,卖盘
20,09:31:46,13.92,0.01,6,8352,买盘
21,09:31:55,13.93,0.01,3,4179,卖盘
22,09:31:58,13.93,0.0,5,6965,卖盘
23,09:32:01,13.93,0.0,1,1393,卖盘
24,09:32:10,13.93,0.0,15,20895,卖盘
25,09:32:16,13.93,0.0,15,20895,卖盘
26,09:32:25,13.92,-0.01,7,9744,卖盘
27,09:32:28,13.92,0.0,21,29232,卖盘
28,09:32:31,13.93,0.01,20,27860,买盘
29,09:32:34,13.92,-0.01,28,38976,卖盘
30,09:32:37,13.92,0.0,2,2784,卖盘
31,09:32:40,13.92,0.0,25,34793,买盘
32,09:32:43,13.92,0.0,19,26448,买盘
33,09:32:46,13.91,-0.01,27,37557,卖盘
34,09:32:49,13.91,0.0,3,4173,卖盘
35,09:32:52,13.91,0.0,39,54249,卖盘
36,09:32:55,13.92,0.01,27,37579,买盘
37,09:33:04,13.92,0.0,26,36192,卖盘
38,09:33:07,13.9,-0.02,87,120930,卖盘
39,09:33:10,13.91,0.01,27,37533,买盘
40,09:33:22,13.91,0.0,5,6955,买盘
41,09:33:25,13.87,-0.04,13,18043,卖盘
42,09:33:37,13.85,-0.02,59,81755,卖盘
43,09:33:40,13.9,0.05,1,1390,中性盘
44,09:33:43,13.91,0.01,6,8342,买盘
45,09:33:52,13.91,0.0,16,22270,卖盘
46,09:34:13,13.95,0.04,19,26488,买盘
47,09:34:19,13.97,0.02,46,64238,买盘
48,09:34:28,13.99,0.02,3,4197,买盘
49,09:34:31,13.99,0.0,30,41970,买盘
50,09:34:34,13.99,0.0,45,62955,买盘
51,09:34:37,13.99,0.0,19,26569,买盘
52,09:34:40,13.99,0.0,51,71349,买盘
53,09:34:46,13.99,0.0,20,27980,卖盘
54,09:34:58,13.99,0.0,9,12606,卖盘
55,09:35:01,14.03,0.04,9,12627,中性盘
56,09:35:07,13.98,-0.05,60,83896,卖盘
57,09:35:10,13.98,0.0,2,2796,买盘
58,09:35:16,13.98,0.0,10,13980,买盘
59,09:35:19,13.95,-0.03,73,102771,卖盘
60,09:35:22,13.98,0.03,3,4194,买盘
61,09:35:28,13.98,0.0,1,1398,卖盘
62,09:35:34,13.97,-0.01,12,16764,卖盘
63,09:35:37,13.97,0.0,9,12573,买盘
64,09:35:40,13.98,0.01,35,48901,买盘
65,09:35:43,13.95,-0.03,13,18135,卖盘
66,09:35:49,13.96,0.01,2,2791,买盘
67,09:35:58,13.96,0.0,3,4188,买盘
68,09:36:01,13.91,-0.05,39,53530,卖盘
69,09:36:04,13.95,0.04,19,26477,买盘
70,09:36:07,13.96,0.01,60,83716,买盘
71,09:36:10,13.96,0.0,16,23188,买盘
72,09:36:16,13.89,-0.07,16,21442,卖盘
73,09:36:19,13.89,0.0,1,1389,买盘
74,09:36:22,13.89,0.0,6,8334,买盘
75,09:36:25,13.89,0.0,11,16126,买盘
76,09:36:34,13.95,0.06,1,1395,中性盘
77,09:36:40,13.9,-0.05,1,1390,卖盘
78,09:36:43,13.91,0.01,5,6955,中性盘
79,09:36:46,13.95,0.04,48,66960,买盘
80,09:36:52,13.93,-0.02,30,41790,卖盘
81,09:36:55,13.95,0.02,3,4185,买盘
82,09:37:01,13.98,0.03,100,139745,买盘
83,09:37:07,13.96,-0.02,2,2792,买盘
84,09:37:10,13.96,0.0,65,90740,买盘
85,09:37:13,13.98,0.02,20,27960,买盘
86,09:37:28,14.0,0.02,89,124452,买盘
87,09:37:34,13.99,-0.01,7,9793,卖盘
88,09:37:37,14.0,0.01,3,4200,买盘
89,09:37:40,14.02,0.02,29,40658,买盘
90,09:37:43,13.99,-0.03,300,419862,卖盘
91,09:37:46,14.02,0.03,15,21030,买盘
92,09:37:49,13.99,-0.03,135,189184,卖盘
93,09:37:55,14.0,0.01,5,7000,卖盘
94,09:37:58,14.0,0.0,8,11200,买盘
95,09:38:01,14.0,0.0,3,4200,买盘
96,09:38:04,14.09,0.09,242,339304,买盘
97,09:38:07,14.11,0.02,40,56440,卖盘
98,09:38:10,14.11,0.0,2,2822,卖盘
99,09:38:13,14.11,0.0,12,16932,卖盘
100,09:38:16,14.11,0.0,6,8283,卖盘
101,09:38:19,14.12,0.01,20,28213,买盘
102,09:38:22,14.11,-0.01,1,1411,卖盘
103,09:38:34,14.09,-0.02,50,70450,卖盘
104,09:38:40,14.1,0.01,120,169118,买盘
105,09:38:49,14.08,-0.02,7,9856,买盘
106,09:39:01,14.02,-0.06,3,4206,卖盘
107,09:39:07,14.02,0.0,1,1402,买盘
108,09:39:28,14.06,0.04,1,1406,卖盘
109,09:39:31,14.08,0.02,19,26751,买盘
110,09:39:37,14.08,0.0,8,11264,卖盘
111,09:39:43,14.08,0.0,30,42256,卖盘
112,09:39:46,14.08,0.0,50,70423,卖盘
113,09:39:52,14.06,-0.02,1,1406,卖盘
114,09:39:55,14.06,0.0,1,1406,卖盘
115,09:39:58,14.06,0.0,1,1406,卖盘
116,09:40:01,14.06,0.0,7,9730,卖盘
117,09:40:04,14.08,0.02,50,70388,买盘
118,09:40:07,14.07,-0.01,14,19697,中性盘
119,09:40:10,14.07,0.0,5,7035,卖盘
120,09:40:13,14.07,0.0,26,36582,卖盘
121,09:40:16,14.07,0.0,2,2814,卖盘
122,09:40:22,14.08,0.01,39,54912,买盘
123,09:40:25,14.07,-0.01,13,18293,卖盘
124,09:40:28,14.08,0.01,42,59116,买盘
125,09:40:31,14.08,0.0,9,12672,买盘
126,09:40:34,14.08,0.0,2,2816,卖盘
127,09:40:37,14.09,0.01,21,29569,买盘
128,09:40:40,14.09,0.0,18,25362,买盘
129,09:40:46,14.08,-0.01,3,4224,卖盘
130,09:40:49,14.09,0.01,39,54951,买盘
131,09:40:52,14.1,0.01,122,171905,买盘
132,09:40:55,14.08,-0.02,20,28177,卖盘
133,09:41:01,14.08,0.0,15,21125,卖盘
134,09:41:04,14.08,0.0,29,40854,卖盘
135,09:41:07,14.08,0.0,4,5632,买盘
136,09:41:16,14.08,0.0,11,15488,买盘
137,09:41:19,14.08,0.0,9,12672,卖盘
138,09:41:22,14.08,0.0,5,7040,卖盘
139,09:41:25,14.08,0.0,7,9853,买盘
140,09:41:37,14.07,-0.01,5,7035,卖盘
141,09:41:43,14.07,0.0,31,43617,卖盘
142,09:41:46,14.07,0.0,10,14070,卖盘
143,09:41:49,14.07,0.0,10,14070,卖盘
144,09:41:52,14.07,0.0,5,7035,卖盘
145,09:41:55,14.07,0.0,30,42210,卖盘
146,09:42:04,14.07,0.0,6,8442,卖盘
147,09:42:16,14.07,0.0,25,35175,卖盘
148,09:42:19,14.03,-0.04,35,49143,卖盘
149,09:42:40,14.03,0.0,10,14030,卖盘
150,09:42:43,14.07,0.04,3,4221,买盘
151,09:42:49,14.02,-0.05,75,105188,卖盘
152,09:42:55,14.03,0.01,2,2806,买盘
153,09:43:01,14.02,-0.01,1,1402,卖盘
154,09:43:05,14.05,0.03,3,4215,买盘
155,09:43:25,14.01,-0.04,20,28028,卖盘
156,09:43:46,14.01,0.0,30,42030,卖盘
157,09:43:49,14.01,0.0,25,35025,卖盘
158,09:44:01,14.01,0.0,22,30820,买盘
159,09:44:04,14.01,0.0,8,11208,买盘
160,09:44:22,14.0,-0.01,2,2800,卖盘
161,09:44:25,14.0,0.0,5,7000,卖盘
162,09:44:37,14.01,0.01,3,4203,买盘
163,09:44:43,13.99,-0.02,42,58798,卖盘
164,09:44:52,14.05,0.06,30,42085,买盘
165,09:45:37,14.05,0.0,15,21065,买盘
166,09:45:40,14.02,-0.03,2,2804,卖盘
167,09:45:46,13.99,-0.03,37,51778,卖盘
168,09:46:31,14.02,0.03,6,8412,卖盘
169,09:47:07,14.02,0.0,7,9814,买盘
170,09:47:10,14.02,0.0,4,5608,买盘
171,09:47:19,14.0,-0.02,30,42010,卖盘
172,09:47:25,14.02,0.02,5,7010,买盘
173,09:47:40,14.02,0.0,2,2804,买盘
174,09:47:43,14.02,0.0,28,39256,买盘
175,09:47:55,14.04,0.02,2,2808,买盘
176,09:48:04,14.04,0.0,2,2808,买盘
177,09:48:16,14.04,0.0,1,1404,买盘
178,09:48:19,14.02,-0.02,3,4206,卖盘
179,09:48:25,14.04,0.02,4,5616,买盘
180,09:48:43,14.05,0.01,10,14050,买盘
181,09:48:52,14.05,0.0,78,109590,买盘
182,09:49:16,14.07,0.02,82,115360,买盘
183,09:49:19,14.05,-0.02,50,70266,卖盘
184,09:49:31,14.06,0.01,1,1406,卖盘
185,09:49:55,14.05,-0.01,5,7025,卖盘
186,09:49:58,14.06,0.01,17,23895,买盘
187,09:50:22,14.05,-0.01,5,7025,卖盘
188,09:50:43,14.0,-0.05,90,126067,卖盘
189,09:51:19,14.0,0.0,41,57400,卖盘
190,09:51:28,13.99,-0.01,10,13990,卖盘
191,09:51:34,14.0,0.01,2,2800,买盘
192,09:51:40,13.99,-0.01,24,33576,卖盘
193,09:51:43,13.99,0.0,27,37775,卖盘
194,09:51:46,13.99,0.0,5,6995,买盘
195,09:51:49,13.99,0.0,19,26581,买盘
196,09:51:52,13.99,0.0,5,6995,买盘
197,09:52:01,13.99,0.0,2,2798,买盘
198,09:52:07,13.99,0.0,51,71349,买盘
199,09:52:10,13.99,0.0,3,4197,买盘
200,09:52:13,13.99,0.0,34,47566,买盘
201,09:52:16,13.99,0.0,2,2798,卖盘
202,09:52:40,13.99,0.0,19,26581,卖盘
203,09:52:43,14.0,0.01,1,1400,买盘
204,09:52:49,14.0,0.0,4,5598,买盘
205,09:52:52,13.98,-0.02,3,4194,卖盘
206,09:53:13,13.98,0.0,92,128618,卖盘
207,09:53:16,13.98,0.0,1,1398,卖盘
208,09:53:22,14.05,0.07,50,70165,买盘
209,09:53:43,13.98,-0.07,1,1398,卖盘
210,09:54:28,14.03,0.05,11,15433,买盘
211,09:54:34,14.03,0.0,1,1403,买盘
212,09:54:49,14.0,-0.03,17,23800,卖盘
213,09:55:13,14.0,0.0,14,19600,买盘
214,09:55:25,14.03,0.03,1,1403,买盘
215,09:55:37,14.0,-0.03,10,14000,卖盘
216,09:55:46,14.02,0.02,5,7010,买盘
217,09:56:25,14.02,0.0,2,2804,买盘
218,09:56:28,14.01,-0.01,15,21025,卖盘
219,09:56:31,14.01,0.0,30,42030,卖盘
220,09:56:34,14.01,0.0,19,26619,卖盘
221,09:56:40,14.01,0.0,13,18213,买盘
222,09:56:43,14.0,-0.01,8,11200,卖盘
223,09:57:07,14.0,0.0,4,5600,卖盘
224,09:57:58,14.0,0.0,21,29400,卖盘
225,09:58:16,14.0,0.0,3,4200,卖盘
226,09:58:28,14.01,0.01,3,4203,买盘
227,09:58:40,14.0,-0.01,12,16807,卖盘
228,09:59:01,13.98,-0.02,70,97979,卖盘
229,09:59:52,13.98,0.0,15,20970,卖盘
230,10:00:10,13.98,0.0,10,13980,卖盘
231,10:00:28,13.98,0.0,10,13980,卖盘
232,10:00:46,13.97,-0.02,51,70514,买盘
233,10:01:13,14.0,0.03,28,39200,买盘
234,10:01:22,13.98,-0.02,10,13980,卖盘
235,10:01:40,13.96,-0.02,98,137370,卖盘
236,10:01:43,13.96,0.0,20,27920,买盘
237,10:01:46,13.96,0.0,10,13960,买盘
238,10:02:10,13.95,-0.01,4,5580,卖盘
239,10:02:13,13.95,0.0,15,20925,卖盘
240,10:02:16,13.95,0.0,40,55800,买盘
241,10:02:22,13.92,-0.03,14,19491,卖盘
242,10:02:34,13.96,0.04,153,213041,买盘
243,10:02:40,13.96,0.0,2,2792,卖盘
244,10:02:43,13.96,0.0,30,41880,卖盘
245,10:02:46,13.97,0.01,71,99136,买盘
246,10:02:49,13.97,0.0,2,2794,买盘
247,10:02:52,13.96,-0.01,5,6980,卖盘
248,10:02:55,13.96,0.0,116,161936,卖盘
249,10:02:58,13.97,0.01,10,14613,买盘
250,10:03:01,13.96,-0.01,124,173114,卖盘
251,10:03:07,13.96,0.0,1,1396,卖盘
252,10:03:16,13.97,0.01,6,8382,卖盘
253,10:03:25,13.96,-0.01,20,27925,卖盘
254,10:03:28,14.01,0.05,4,5604,买盘
255,10:04:10,14.02,0.01,176,246710,买盘
256,10:04:16,14.02,0.0,1,1402,卖盘
257,10:04:19,14.02,0.0,1,1402,卖盘
258,10:04:22,14.02,0.0,1,1402,卖盘
259,10:04:25,14.02,0.0,9,12618,卖盘
260,10:04:34,14.01,-0.01,1,1401,卖盘
261,10:04:40,14.01,0.0,1,1401,卖盘
262,10:04:46,14.01,0.0,1,1401,卖盘
263,10:04:49,14.01,0.0,1,1401,卖盘
264,10:05:10,14.01,0.0,3,4203,买盘
265,10:05:13,14.0,-0.01,26,36400,卖盘
266,10:05:25,13.97,-0.03,42,58674,卖盘
267,10:05:31,14.0,0.03,10,14000,买盘
268,10:05:58,13.97,-0.03,7,9779,卖盘
269,10:06:28,13.97,0.0,10,13970,卖盘
270,10:06:34,13.96,-0.01,20,27926,卖盘
271,10:06:40,13.97,0.01,10,13970,买盘
272,10:07:01,13.98,0.01,8,11184,卖盘
273,10:07:04,13.99,0.01,4,5596,买盘
274,10:07:10,13.99,0.0,1,1399,卖盘
275,10:07:13,13.99,0.0,25,34975,卖盘
276,10:07:16,14.0,0.01,81,113395,买盘
277,10:07:22,14.0,0.0,3,4200,中性盘
278,10:07:46,13.99,-0.01,21,29379,买盘
279,10:08:01,13.98,-0.01,3,4194,卖盘
280,10:08:22,13.96,-0.02,21,29316,卖盘
281,10:08:49,13.98,0.02,2,2796,买盘
282,10:08:52,13.96,-0.02,71,99116,卖盘
283,10:09:04,13.96,0.0,10,13960,卖盘
284,10:09:13,13.96,0.0,7,9772,卖盘
285,10:09:28,13.96,0.0,14,19549,卖盘
286,10:09:34,13.96,0.0,10,13960,卖盘
287,10:09:40,13.96,0.0,26,36296,卖盘
288,10:09:43,13.96,0.0,132,184312,卖盘
289,10:09:55,13.95,-0.01,20,27900,卖盘
290,10:10:16,13.95,0.0,31,43245,卖盘
291,10:10:43,13.95,0.0,10,13950,卖盘
292,10:10:46,13.95,0.0,7,9765,买盘
293,10:10:55,13.95,0.0,30,41850,买盘
294,10:11:01,13.94,-0.01,11,15334,卖盘
295,10:11:04,13.93,-0.01,20,27871,卖盘
296,10:11:07,13.94,0.01,5,6970,买盘
297,10:11:13,13.92,-0.02,17,23670,卖盘
298,10:11:16,13.94,0.02,1,1394,买盘
299,10:11:52,13.94,0.0,34,47396,卖盘
300,10:11:55,13.94,0.0,20,27880,买盘
301,10:12:10,13.93,-0.01,46,64088,卖盘
302,10:12:22,13.94,0.01,55,76619,买盘
303,10:12:34,13.93,-0.01,3,4179,中性盘
304,10:12:46,13.93,0.0,6,8358,卖盘
305,10:12:52,13.94,0.01,2,2788,买盘
306,10:12:55,13.93,-0.01,7,9757,卖盘
307,10:13:25,13.93,0.0,4,5572,卖盘
308,10:13:46,13.93,0.0,60,83610,卖盘
309,10:13:55,13.93,0.0,12,16716,买盘
310,10:13:58,13.93,0.0,3,4179,买盘
311,10:14:07,13.92,-0.01,21,29252,卖盘
312,10:14:10,13.93,0.01,12,16716,买盘
313,10:14:28,13.94,0.01,1,1394,卖盘
314,10:14:58,13.94,0.0,4,5576,卖盘
315,10:15:04,13.94,0.0,8,11152,买盘
316,10:15:07,13.94,0.0,1,1394,买盘
317,10:15:10,13.96,0.02,48,67000,买盘
318,10:15:19,13.96,0.0,5,6980,卖盘
319,10:15:34,13.96,0.0,11,15356,卖盘
320,10:15:37,13.96,0.0,1,1396,买盘
321,10:15:52,13.95,-0.01,1,1395,卖盘
322,10:15:55,13.95,0.0,8,11160,买盘
323,10:16:07,13.95,0.0,1,1395,买盘
324,10:16:10,13.95,0.0,7,9765,买盘
325,10:16:49,13.96,0.01,40,55801,买盘
326,10:16:52,13.96,0.0,20,27920,买盘
327,10:16:55,13.95,-0.01,2,2790,买盘
328,10:17:04,13.94,-0.01,3,4182,卖盘
329,10:17:07,13.95,0.01,1,1395,买盘
330,10:17:16,13.94,-0.01,8,11152,卖盘
331,10:17:19,13.94,0.0,5,6970,卖盘
332,10:17:22,13.95,0.01,30,41850,买盘
333,10:17:31,13.95,0.0,10,13950,买盘
334,10:18:25,13.95,0.0,4,5580,卖盘
335,10:18:46,13.95,0.0,11,15344,买盘
336,10:18:49,13.94,-0.01,19,26486,卖盘
337,10:18:52,13.95,0.01,10,13941,买盘
338,10:19:04,13.93,-0.02,40,55720,卖盘
339,10:19:13,13.92,-0.01,94,130848,卖盘
340,10:19:16,13.91,-0.01,30,41752,卖盘
341,10:19:49,13.92,0.01,36,50142,卖盘
342,10:19:55,13.92,0.0,1,1392,卖盘
343,10:20:01,13.92,0.0,7,9744,买盘
344,10:20:37,13.95,0.03,1,1395,买盘
345,10:20:49,13.95,0.0,1,1395,买盘
346,10:21:07,13.95,0.0,1,1395,买盘
347,10:21:18,13.93,-0.02,20,27860,卖盘
348,10:21:22,13.95,0.02,1,1395,买盘
349,10:22:01,13.93,-0.02,30,41790,卖盘
350,10:22:04,13.94,0.01,9,12546,买盘
351,10:22:10,13.93,-0.01,37,51541,卖盘
352,10:22:13,13.93,0.0,3,4179,买盘
353,10:22:16,13.92,-0.01,2,2784,卖盘
354,10:22:19,13.92,0.0,10,13920,卖盘
355,10:22:22,13.92,0.0,47,65424,卖盘
356,10:22:25,13.92,0.0,10,13920,买盘
357,10:22:28,13.91,-0.01,2,2782,卖盘
358,10:22:43,13.91,0.0,3,4173,卖盘
359,10:22:49,13.92,0.01,10,13920,买盘
360,10:22:52,13.92,0.0,108,150235,买盘
361,10:22:55,13.89,-0.03,107,148698,卖盘
362,10:23:16,13.89,0.0,4,5556,卖盘
363,10:23:19,13.9,0.01,1,1390,中性盘
364,10:23:31,13.92,0.02,5,6960,买盘
365,10:23:40,13.92,0.0,1,1392,买盘
366,10:24:07,13.92,0.0,1,1392,买盘
367,10:24:22,13.91,-0.01,1,1391,卖盘
368,10:24:25,13.91,0.0,2,2142,卖盘
369,10:24:31,13.92,0.01,1,1392,买盘
370,10:24:49,13.91,-0.01,9,12518,卖盘
371,10:24:52,13.91,0.0,1,1391,卖盘
372,10:24:58,13.91,0.0,9,12519,卖盘
373,10:25:34,13.92,0.01,1,1392,买盘
374,10:25:37,13.9,-0.02,24,33380,卖盘
375,10:26:01,13.91,0.01,5,6955,买盘
376,10:26:22,13.92,0.01,23,32016,买盘
377,10:26:28,13.92,0.0,9,12528,买盘
378,10:26:40,13.93,0.01,9,12537,买盘
379,10:26:46,13.93,0.0,4,5572,买盘
380,10:26:58,13.96,0.03,19,26521,买盘
381,10:27:13,13.96,0.0,1,1396,卖盘
382,10:27:22,13.98,0.02,2,2796,买盘
383,10:27:28,13.98,0.0,1,1398,买盘
384,10:28:01,13.98,0.0,8,11184,买盘
385,10:28:07,13.98,0.0,1,1398,买盘
386,10:28:16,13.98,0.0,7,9786,买盘
387,10:28:19,13.98,0.0,8,11184,买盘
388,10:28:31,13.96,-0.02,2,2792,卖盘
389,10:28:42,13.96,0.0,8,11168,买盘
390,10:29:58,13.96,0.0,20,27920,卖盘
391,10:30:10,13.96,0.0,15,20940,卖盘
392,10:30:19,13.96,0.0,5,6980,买盘
393,10:30:25,13.94,-0.02,15,20914,卖盘
394,10:31:07,13.94,0.0,1,1394,买盘
395,10:31:10,13.94,0.0,2,2788,买盘
396,10:31:22,13.94,0.0,5,6970,买盘
397,10:31:28,13.94,0.0,1,1394,买盘
398,10:31:46,13.94,0.0,16,22304,买盘
399,10:31:58,13.95,0.01,1,1395,买盘
400,10:32:13,13.96,0.01,2,2794,中性盘
401,10:32:16,13.98,0.02,4,5592,买盘
402,10:32:25,13.98,0.0,5,6990,买盘
403,10:32:34,13.96,-0.02,15,20960,卖盘
404,10:32:40,13.99,0.03,1,1399,买盘
405,10:32:58,13.98,-0.01,10,13980,买盘
406,10:33:13,14.0,0.02,44,61371,买盘
407,10:33:40,14.0,0.0,17,24010,卖盘
408,10:34:07,14.0,0.0,1,1400,买盘
409,10:34:19,14.01,0.01,28,39211,买盘
410,10:35:07,14.0,-0.01,3,4200,买盘
411,10:35:28,14.01,0.01,20,28020,买盘
412,10:35:43,14.0,-0.01,3,4200,卖盘
413,10:36:37,13.99,-0.01,24,33576,卖盘
414,10:37:07,13.99,0.0,1,1399,买盘
415,10:37:19,13.98,-0.01,8,11184,卖盘
416,10:37:28,13.98,0.0,8,11184,卖盘
417,10:37:49,13.99,0.01,1,1399,买盘
418,10:38:27,13.99,0.0,24,33576,买盘
419,10:38:34,13.99,0.0,19,26581,卖盘
420,10:38:46,13.99,0.0,2,2798,卖盘
421,10:39:25,13.99,0.0,1,1399,卖盘
422,10:39:52,13.99,0.0,3,4197,卖盘
423,10:40:04,14.0,0.01,45,63000,买盘
424,10:40:16,14.01,0.01,47,65845,买盘
425,10:40:25,14.01,0.0,1,1401,买盘
426,10:40:28,14.01,0.0,7,9807,买盘
427,10:40:34,14.02,0.01,48,67587,买盘
428,10:41:07,14.03,0.01,12,16836,买盘
429,10:41:22,14.03,0.0,2,2806,卖盘
430,10:41:25,14.04,0.01,25,35100,买盘
431,10:41:28,14.04,0.0,2,2808,买盘
432,10:41:34,14.04,0.0,13,18252,买盘
433,10:41:55,14.05,0.01,23,32315,买盘
434,10:42:04,14.05,0.0,15,21075,卖盘
435,10:42:19,14.06,0.01,5,7030,买盘
436,10:42:28,14.06,0.0,1,1406,买盘
437,10:42:43,14.05,-0.01,10,14050,卖盘
438,10:42:46,14.05,0.0,59,82895,卖盘
439,10:43:01,14.04,-0.01,33,46337,卖盘
440,10:43:07,14.04,0.0,1,1404,买盘
441,10:43:22,14.03,-0.01,9,12627,卖盘
442,10:43:25,14.04,0.01,11,15444,买盘
443,10:43:28,14.03,-0.01,80,112299,卖盘
444,10:43:46,14.04,0.01,8,11232,买盘
445,10:43:52,14.04,0.0,92,129168,卖盘
446,10:43:58,14.05,0.01,30,42150,买盘
447,10:44:07,14.05,0.0,1,1405,买盘
448,10:44:10,14.05,0.0,22,30910,买盘
449,10:44:49,14.05,0.0,5,7025,买盘
450,10:45:07,14.04,-0.01,1,1404,卖盘
451,10:45:19,14.04,0.0,1,1404,卖盘
452,10:45:34,14.04,0.0,10,14040,卖盘
453,10:45:40,14.04,0.0,15,21060,卖盘
454,10:45:49,14.05,0.01,20,28100,买盘
455,10:46:22,14.04,-0.01,4,5616,卖盘
456,10:46:31,14.05,0.01,72,101160,买盘
457,10:46:40,14.05,0.0,5,7025,卖盘
458,10:47:10,14.04,-0.01,16,22464,卖盘
459,10:47:15,14.03,-0.01,13,18244,卖盘
460,10:47:40,14.04,0.01,20,28080,买盘
461,10:47:52,14.04,0.0,20,28080,卖盘
462,10:48:09,14.03,-0.01,5,7015,卖盘
463,10:48:30,14.03,0.0,20,28060,卖盘
464,10:49:04,14.03,0.0,100,140300,卖盘
465,10:49:28,14.03,0.0,30,42090,卖盘
466,10:49:46,14.03,0.0,37,51911,卖盘
467,10:49:49,14.03,0.0,38,53314,卖盘
468,10:50:19,14.04,0.01,40,56150,买盘
469,10:50:31,14.04,0.0,7,9827,买盘
470,10:50:55,14.04,0.0,3,4212,买盘
471,10:50:58,14.03,-0.01,12,16836,卖盘
472,10:51:10,14.03,0.0,130,182470,卖盘
473,10:51:37,14.03,0.0,31,43493,卖盘
474,10:51:58,14.01,-0.02,5,7005,卖盘
475,10:52:01,14.0,-0.01,19,26605,卖盘
476,10:52:34,13.98,-0.02,51,71334,卖盘
477,10:52:39,14.0,0.02,2,2800,买盘
478,10:52:45,14.0,0.0,7,9800,买盘
479,10:53:04,14.01,0.01,1,1401,买盘
480,10:53:13,14.0,-0.01,3,4200,卖盘
481,10:53:19,14.0,0.0,3,4200,买盘
482,10:53:40,13.99,-0.01,49,68551,卖盘
483,10:54:07,13.98,-0.01,29,40542,卖盘
484,10:54:28,13.98,0.0,28,39144,卖盘
485,10:54:37,13.96,-0.02,46,64229,卖盘
486,10:55:04,13.97,0.01,5,6985,卖盘
487,10:55:46,13.98,0.01,14,19572,买盘
488,10:55:58,13.99,0.01,9,12591,买盘
489,10:56:09,13.99,0.0,1,1399,买盘
490,10:56:58,13.99,0.0,1,1399,买盘
491,10:57:04,13.99,0.0,1,1399,买盘
492,10:57:07,13.99,0.0,2,2798,买盘
493,10:57:10,13.99,0.0,1,1399,买盘
494,10:57:12,13.99,0.0,1,1399,买盘
495,10:57:16,13.99,0.0,9,12591,买盘
496,10:59:04,13.99,0.0,37,51763,卖盘
497,10:59:58,14.0,0.01,5,7000,买盘
498,11:00:19,14.05,0.05,9,12627,买盘
499,11:01:21,14.0,-0.05,2,2800,买盘
500,11:01:34,13.99,-0.01,5,6995,卖盘
501,11:02:00,14.0,0.01,1,1400,买盘
502,11:02:55,14.01,0.01,1,1401,买盘
503,11:03:09,14.01,0.0,9,12609,买盘
504,11:03:28,14.04,0.03,47,65958,买盘
505,11:03:37,14.01,-0.03,14,19614,卖盘
506,11:04:13,14.02,0.01,46,64492,卖盘
507,11:05:10,14.03,0.01,5,7015,卖盘
508,11:05:13,14.05,0.02,108,151670,买盘
509,11:05:34,14.03,-0.02,3,4210,卖盘
510,11:05:48,14.05,0.02,10,14050,买盘
511,11:07:01,14.04,-0.01,10,14040,买盘
512,11:07:04,14.04,0.0,15,21060,买盘
513,11:07:31,14.04,0.0,20,28080,卖盘
514,11:07:33,14.04,0.0,21,29484,卖盘
515,11:07:40,14.05,0.01,19,26695,买盘
516,11:08:06,14.05,0.0,80,112400,买盘
517,11:08:25,14.04,-0.01,10,14040,卖盘
518,11:08:37,14.05,0.01,10,14050,买盘
519,11:08:39,14.04,-0.01,86,120744,卖盘
520,11:09:28,14.04,0.0,36,50544,买盘
521,11:09:30,14.04,0.0,10,14040,买盘
522,11:09:43,14.03,-0.01,10,14030,卖盘
523,11:09:52,14.03,0.0,4,5612,卖盘
524,11:10:25,14.04,0.01,10,14040,买盘
525,11:10:52,14.05,0.01,1,1405,买盘
526,11:11:19,14.06,0.01,50,70262,买盘
527,11:11:36,14.06,0.0,52,73107,买盘
528,11:11:49,14.06,0.0,50,70300,买盘
529,11:12:04,14.05,-0.01,10,14050,买盘
530,11:12:13,14.05,0.0,13,18265,买盘
531,11:12:31,14.05,0.0,10,14050,买盘
532,11:12:40,14.04,-0.01,10,14040,卖盘
533,11:12:46,14.07,0.03,476,669366,买盘
534,11:13:04,14.09,0.02,200,281717,买盘
535,11:13:07,14.08,-0.01,4,5632,卖盘
536,11:13:22,14.09,0.01,20,28180,买盘
537,11:13:31,14.08,-0.01,6,8448,卖盘
538,11:13:40,14.08,0.0,5,7040,买盘
539,11:13:49,14.09,0.01,136,191596,买盘
540,11:13:55,14.09,0.0,30,42270,卖盘
541,11:14:01,14.12,0.03,279,393663,买盘
542,11:14:07,14.1,-0.02,10,14100,卖盘
543,11:14:10,14.12,0.02,1,1412,买盘
544,11:14:12,14.13,0.01,28,39721,买盘
545,11:14:22,14.12,-0.01,10,14120,卖盘
546,11:14:24,14.14,0.02,50,70658,买盘
547,11:14:34,14.13,-0.01,20,28260,卖盘
548,11:14:37,14.13,0.0,10,14130,卖盘
549,11:14:39,14.17,0.04,70,99046,买盘
550,11:14:43,14.14,-0.03,88,124656,卖盘
551,11:14:49,14.14,0.0,50,70700,买盘
552,11:14:55,14.13,-0.01,23,32499,卖盘
553,11:14:58,14.13,0.0,10,14130,买盘
554,11:15:01,14.14,0.01,26,36742,买盘
555,11:15:04,14.2,0.06,58,82242,买盘
556,11:15:13,14.17,-0.03,3,4251,买盘
557,11:15:19,14.17,0.0,58,82132,买盘
558,11:15:22,14.16,-0.01,1,1416,中性盘
559,11:15:27,14.16,0.0,12,16992,卖盘
560,11:15:31,14.16,0.0,12,16992,卖盘
561,11:15:33,14.17,0.01,15,21247,买盘
562,11:15:36,14.17,0.0,105,148784,买盘
563,11:15:40,14.18,0.01,4,5672,买盘
564,11:15:45,14.14,-0.04,4,5656,卖盘
565,11:16:00,14.14,0.0,9,12734,卖盘
566,11:16:03,14.14,0.0,24,33936,卖盘
567,11:16:10,14.14,0.0,1,1414,买盘
568,11:16:22,14.13,-0.01,10,14130,卖盘
569,11:16:27,14.13,0.0,10,14130,卖盘
570,11:16:31,14.14,0.01,71,100394,买盘
571,11:16:34,14.14,0.0,29,41008,卖盘
572,11:16:36,14.14,0.0,15,21210,卖盘
573,11:16:40,14.14,0.0,38,53732,卖盘
574,11:16:43,14.14,0.0,9,12726,买盘
575,11:16:52,14.13,-0.01,2,2826,卖盘
576,11:16:55,14.15,0.02,20,28295,买盘
577,11:16:58,14.14,-0.01,5,7070,中性盘
578,11:17:06,14.14,0.0,5,7070,卖盘
579,11:17:09,14.14,0.0,10,14140,卖盘
580,11:17:16,14.15,0.01,7,9904,买盘
581,11:17:28,14.15,0.0,10,14150,卖盘
582,11:17:31,14.16,0.01,20,28320,买盘
583,11:17:34,14.15,-0.01,2,2830,卖盘
584,11:17:43,14.16,0.01,18,25488,买盘
585,11:17:45,14.16,0.0,17,24072,买盘
586,11:17:55,14.16,0.0,10,14160,卖盘
587,11:17:58,14.17,0.01,3,4250,买盘
588,11:18:01,14.17,0.0,48,68016,买盘
589,11:18:04,14.17,0.0,10,14170,卖盘
590,11:18:06,14.17,0.0,10,14170,卖盘
591,11:18:10,14.17,0.0,18,25506,卖盘
592,11:18:12,14.17,0.0,29,41093,卖盘
593,11:18:16,14.18,0.01,82,116270,买盘
594,11:18:19,14.16,-0.02,4,5664,卖盘
595,11:18:24,14.18,0.02,3,4254,买盘
596,11:18:27,14.17,-0.01,7,9919,卖盘
597,11:18:31,14.17,0.0,18,25506,买盘
598,11:18:37,14.18,0.01,1,1418,买盘
599,11:18:42,14.17,-0.01,2,2834,卖盘
600,11:18:45,14.17,0.0,9,12753,买盘
601,11:18:49,14.17,0.0,28,39676,买盘
602,11:18:52,14.17,0.0,10,14170,买盘
603,11:18:55,14.17,0.0,19,26923,买盘
604,11:18:58,14.17,0.0,17,24089,卖盘
605,11:19:01,14.18,0.01,85,120508,买盘
606,11:19:04,14.18,0.0,7,9926,买盘
607,11:19:06,14.18,0.0,27,38282,买盘
608,11:19:10,14.19,0.01,76,107737,买盘
609,11:19:16,14.19,0.0,1,1419,买盘
610,11:19:18,14.19,0.0,155,219895,买盘
611,11:19:28,14.2,0.01,21,29810,买盘
612,11:19:31,14.2,0.0,135,191695,买盘
613,11:19:33,14.2,0.0,3,4260,卖盘
614,11:19:37,14.21,0.01,20,28420,买盘
615,11:19:43,14.22,0.01,31,44082,买盘
616,11:19:45,14.22,0.0,16,22752,买盘
617,11:19:49,14.24,0.02,22,31304,买盘
618,11:19:58,14.26,0.02,80,113994,买盘
619,11:20:04,14.23,-0.03,14,19924,卖盘
620,11:20:10,14.23,0.0,13,18499,买盘
621,11:20:12,14.23,0.0,3,4269,买盘
622,11:20:16,14.22,-0.01,20,28451,卖盘
623,11:20:21,14.23,0.01,4,5692,卖盘
624,11:20:25,14.23,0.0,1,1423,卖盘
625,11:20:28,14.23,0.0,1,1423,卖盘
626,11:20:30,14.24,0.01,47,66897,买盘
627,11:20:33,14.22,-0.02,5,7110,卖盘
628,11:20:39,14.23,0.01,1,1423,买盘
629,11:20:43,14.22,-0.01,7,9954,卖盘
630,11:20:46,14.2,-0.02,30,42600,卖盘
631,11:20:49,14.24,0.04,176,250956,买盘
632,11:20:52,14.24,0.0,30,42720,卖盘
633,11:20:55,14.24,0.0,7,9968,卖盘
634,11:21:00,14.24,0.0,10,14240,卖盘
635,11:21:03,14.24,0.0,45,64100,卖盘
636,11:21:06,14.25,0.01,30,42745,买盘
637,11:21:10,14.24,-0.01,6,8545,卖盘
638,11:21:16,14.25,0.01,12,17093,买盘
639,11:21:19,14.25,0.0,12,17090,买盘
640,11:21:22,14.25,0.0,35,49875,买盘
641,11:21:28,14.25,0.0,30,42750,买盘
642,11:21:33,14.24,-0.01,45,64100,卖盘
643,11:21:43,14.24,0.0,4,5696,卖盘
644,11:21:46,14.24,0.0,83,118192,卖盘
645,11:21:49,14.25,0.01,65,92625,买盘
646,11:21:52,14.25,0.0,126,179550,卖盘
647,11:21:54,14.25,0.0,23,32775,卖盘
648,11:22:04,14.24,-0.01,128,181860,卖盘
649,11:22:10,14.25,0.01,20,28489,买盘
650,11:22:13,14.24,-0.01,2,2848,买盘
651,11:22:18,14.24,0.0,3,4272,买盘
652,11:22:21,14.22,-0.02,20,28440,卖盘
653,11:22:27,14.24,0.02,51,72624,买盘
654,11:22:34,14.22,-0.02,12,17064,卖盘
655,11:22:43,14.22,0.0,1,1422,买盘
656,11:22:46,14.2,-0.02,17,24140,卖盘
657,11:22:52,14.19,-0.01,20,28380,卖盘
658,11:23:01,14.2,0.01,2,2840,买盘
659,11:23:06,14.18,-0.02,50,70900,卖盘
660,11:23:09,14.18,0.0,2,2836,买盘
661,11:23:19,14.17,-0.01,5,7085,卖盘
662,11:23:21,14.17,0.0,10,14170,卖盘
663,11:23:28,14.17,0.0,49,69433,卖盘
664,11:23:36,14.17,0.0,4,5668,卖盘
665,11:23:42,14.17,0.0,153,216801,卖盘
666,11:24:01,14.18,0.01,4,5672,中性盘
667,11:24:04,14.18,0.0,5,7090,卖盘
668,11:24:28,14.19,0.01,54,76626,买盘
669,11:24:34,14.2,0.01,1,1420,买盘
670,11:24:40,14.19,-0.01,6,8515,卖盘
671,11:24:43,14.2,0.01,1,1420,买盘
672,11:24:46,14.2,0.0,1,1420,买盘
673,11:24:58,14.19,-0.01,10,14190,卖盘
674,11:25:01,14.19,0.0,11,15609,卖盘
675,11:25:04,14.19,0.0,90,127610,买盘
676,11:25:16,14.2,0.01,16,22710,买盘
677,11:25:19,14.17,-0.03,248,351609,卖盘
678,11:25:28,14.17,0.0,99,140283,买盘
679,11:25:31,14.17,0.0,1,1417,买盘
680,11:25:43,14.2,0.03,99,140580,买盘
681,11:25:46,14.18,-0.02,13,18434,卖盘
682,11:26:04,14.18,0.0,2,2836,卖盘
683,11:26:07,14.17,-0.01,84,119028,卖盘
684,11:26:13,14.17,0.0,10,14170,买盘
685,11:26:22,14.17,0.0,38,53846,买盘
686,11:26:27,14.17,0.0,23,32585,买盘
687,11:26:37,14.17,0.0,5,7085,买盘
688,11:26:49,14.16,-0.01,6,8496,买盘
689,11:27:19,14.16,0.0,4,5664,卖盘
690,11:27:28,14.16,0.0,3,4248,买盘
691,11:27:43,14.16,0.0,1,1416,买盘
692,11:27:49,14.16,0.0,7,9912,买盘
693,11:27:54,14.16,0.0,1,1416,卖盘
694,11:28:00,14.16,0.0,10,14160,卖盘
695,11:28:10,14.16,0.0,3,4248,卖盘
696,11:28:46,14.17,0.01,10,14170,买盘
697,11:29:04,14.16,-0.01,2,2832,卖盘
698,11:29:10,14.17,0.01,39,55263,买盘
699,11:29:18,14.17,0.0,10,14170,买盘
700,11:29:24,14.17,0.0,4,5668,买盘
701,11:29:34,14.17,0.0,3,4251,买盘
702,11:29:40,14.16,-0.01,15,21254,卖盘
703,11:29:49,14.17,0.01,69,97773,买盘
704,11:29:54,14.17,0.0,24,34008,买盘
705,11:30:01,14.17,0.0,16,22672,买盘
706,13:00:07,14.17,0.0,112,158712,卖盘
707,13:00:10,14.17,0.0,1,1417,买盘
708,13:00:13,14.16,-0.01,71,100606,卖盘
709,13:00:16,14.16,0.0,2,2833,卖盘
710,13:00:28,14.16,0.0,14,19824,卖盘
711,13:01:18,14.15,-0.01,4,5662,卖盘
712,13:01:36,14.15,0.0,4,5660,卖盘
713,13:01:48,14.15,0.0,23,32545,卖盘
714,13:02:00,14.15,0.0,21,29715,买盘
715,13:02:25,14.13,-0.02,58,81969,卖盘
716,13:02:40,14.12,-0.01,1,1412,卖盘
717,13:03:36,14.13,0.01,27,38151,买盘
718,13:03:51,14.13,0.0,7,9891,买盘
719,13:04:01,14.09,-0.04,212,298903,卖盘
720,13:04:06,14.09,0.0,6,8454,买盘
721,13:04:58,14.08,-0.01,12,16898,卖盘
722,13:05:13,14.08,0.0,9,12672,卖盘
723,13:05:16,14.08,0.0,2,2816,卖盘
724,13:05:37,14.08,0.0,3,4224,卖盘
725,13:06:07,14.08,0.0,7,9856,卖盘
726,13:06:16,14.08,0.0,3,4224,买盘
727,13:06:19,14.08,0.0,1,1408,买盘
728,13:06:28,14.07,-0.01,1,1407,卖盘
729,13:06:33,14.07,0.0,1,1407,卖盘
730,13:06:36,14.08,0.01,4,5632,买盘
731,13:06:48,14.08,0.0,8,11264,买盘
732,13:06:57,14.06,-0.02,31,43613,卖盘
733,13:07:09,14.08,0.02,1,1408,买盘
734,13:07:12,14.07,-0.01,35,49245,卖盘
735,13:07:34,14.07,0.0,15,21105,买盘
736,13:07:42,14.07,0.0,5,7035,买盘
737,13:07:45,14.07,0.0,2,2814,买盘
738,13:07:48,14.07,0.0,7,9849,买盘
739,13:07:51,14.07,0.0,6,8442,买盘
740,13:08:15,14.06,-0.01,58,81548,卖盘
741,13:08:19,14.06,0.0,40,56240,买盘
742,13:08:25,14.06,0.0,1,1406,买盘
743,13:08:27,14.04,-0.02,170,238800,卖盘
744,13:08:33,14.06,0.02,2,2812,买盘
745,13:08:39,14.06,0.0,29,40774,买盘
746,13:08:42,14.06,0.0,1,1406,卖盘
747,13:08:52,14.06,0.0,1,1406,买盘
748,13:09:13,14.05,-0.01,3,4215,卖盘
749,13:09:37,14.06,0.01,20,28120,买盘
750,13:09:46,14.05,-0.01,10,14050,卖盘
751,13:10:16,14.04,-0.01,162,227487,卖盘
752,13:11:24,14.04,0.0,5,7020,买盘
753,13:11:36,14.03,-0.01,26,36478,卖盘
754,13:13:10,14.03,0.0,24,33672,卖盘
755,13:13:25,14.04,0.01,8,11232,买盘
756,13:13:28,14.03,-0.01,41,57523,卖盘
757,13:13:37,14.03,0.0,1,1403,卖盘
758,13:13:43,14.02,-0.01,6,8412,卖盘
759,13:13:52,14.02,0.0,17,23834,卖盘
760,13:14:52,14.02,0.0,4,5608,卖盘
761,13:15:21,14.01,-0.01,52,72852,卖盘
762,13:15:25,14.02,0.01,8,11216,买盘
763,13:15:28,14.02,0.0,8,11216,买盘
764,13:15:31,14.02,0.0,33,46266,买盘
765,13:15:36,14.02,0.0,18,25236,卖盘
766,13:15:51,14.02,0.0,3,4206,卖盘
767,13:15:58,14.02,0.0,2,2804,卖盘
768,13:16:25,14.03,0.01,10,14030,买盘
769,13:16:37,14.02,-0.01,12,16824,卖盘
770,13:16:40,14.03,0.01,20,28060,买盘
771,13:16:58,14.03,0.0,19,26657,买盘
772,13:17:16,14.02,-0.01,1,1290,卖盘
773,13:17:40,14.03,0.01,91,127673,买盘
774,13:18:10,14.04,0.01,3,4212,买盘
775,13:18:18,14.04,0.0,45,63180,买盘
776,13:18:21,14.02,-0.02,140,196330,卖盘
777,13:18:51,14.02,0.0,1,1402,卖盘
778,13:18:57,14.02,0.0,18,25348,卖盘
779,13:19:04,14.02,0.0,23,32246,买盘
780,13:19:28,14.02,0.0,12,16824,买盘
781,13:19:40,14.02,0.0,7,9814,买盘
782,13:19:49,14.02,0.0,10,14020,卖盘
783,13:20:34,14.03,0.01,30,42090,买盘
784,13:21:07,14.03,0.0,8,11224,买盘
785,13:21:10,14.03,0.0,3,4209,中性盘
786,13:21:19,14.03,0.0,2,2806,卖盘
787,13:21:46,14.03,0.0,72,101016,卖盘
788,13:23:22,14.03,0.0,18,25254,买盘
789,13:24:37,14.03,0.0,10,14030,买盘
790,13:25:22,14.02,-0.01,9,12618,卖盘
791,13:25:36,14.02,0.0,7,9814,卖盘
792,13:25:43,14.03,0.01,6,8417,买盘
793,13:26:28,14.03,0.0,54,75762,买盘
794,13:26:58,14.02,-0.01,24,33648,卖盘
795,13:27:01,14.03,0.01,27,37868,买盘
796,13:27:34,14.01,-0.02,1,1401,卖盘
797,13:28:46,14.02,0.01,2,2804,买盘
798,13:28:52,14.02,0.0,20,28040,买盘
799,13:29:04,14.02,0.0,5,7010,买盘
800,13:29:07,14.02,0.0,8,11216,买盘
801,13:29:10,14.02,0.0,12,16824,买盘
802,13:29:13,14.02,0.0,2,2804,买盘
803,13:29:25,14.02,0.0,44,61884,买盘
804,13:29:37,14.02,0.0,23,32259,卖盘
805,13:29:39,14.03,0.01,10,14030,买盘
806,13:29:46,14.03,0.0,8,11224,买盘
807,13:29:49,14.03,0.0,7,9821,买盘
808,13:30:16,14.04,0.01,4,5616,买盘
809,13:30:19,14.04,0.0,2,2808,买盘
810,13:30:34,14.04,0.0,1,1404,卖盘
811,13:30:43,14.05,0.01,27,37923,买盘
812,13:31:43,14.05,0.0,15,21075,卖盘
813,13:32:09,14.06,0.01,3,4218,卖盘
814,13:32:19,14.06,0.0,2,2812,卖盘
815,13:33:01,14.08,0.02,8,11264,买盘
816,13:33:10,14.08,0.0,52,73216,买盘
817,13:33:18,14.08,0.0,13,18304,买盘
818,13:33:21,14.1,0.02,15,21150,买盘
819,13:33:28,14.11,0.01,16,22566,买盘
820,13:33:46,14.1,-0.01,2,2820,卖盘
821,13:33:49,14.1,0.0,1,1410,卖盘
822,13:34:01,14.1,0.0,20,28200,买盘
823,13:34:22,14.08,-0.02,1,1408,卖盘
824,13:34:31,14.08,0.0,28,39424,卖盘
825,13:34:37,14.07,-0.01,4,5628,卖盘
826,13:34:39,14.07,0.0,5,7035,卖盘
827,13:34:52,14.07,0.0,1,1407,卖盘
828,13:34:55,14.07,0.0,14,19698,卖盘
829,13:34:58,14.07,0.0,2,2814,卖盘
830,13:35:01,14.07,0.0,41,57687,卖盘
831,13:35:04,14.07,0.0,13,18291,卖盘
832,13:35:07,14.07,0.0,8,11256,卖盘
833,13:35:10,14.07,0.0,15,21105,卖盘
834,13:35:13,14.06,-0.01,4,5624,卖盘
835,13:35:16,14.06,0.0,3,4218,卖盘
836,13:35:18,14.06,0.0,46,64683,卖盘
837,13:35:27,14.04,-0.02,4,5616,卖盘
838,13:35:31,14.06,0.02,25,35150,买盘
839,13:36:00,14.04,-0.02,17,23868,卖盘
840,13:36:34,14.04,0.0,5,7020,卖盘
841,13:36:36,14.04,0.0,10,14040,卖盘
842,13:36:58,14.04,0.0,19,26676,卖盘
843,13:37:01,14.04,0.0,5,7020,卖盘
844,13:38:19,14.03,-0.01,10,14030,卖盘
845,13:39:04,14.03,0.0,1,1403,卖盘
846,13:39:07,14.03,0.0,39,54717,卖盘
847,13:39:27,14.03,0.0,7,9821,买盘
848,13:39:43,14.03,0.0,11,15433,买盘
849,13:39:49,14.02,-0.01,1,1402,中性盘
850,13:40:21,14.02,0.0,1,1402,卖盘
851,13:40:27,14.03,0.01,1,1403,买盘
852,13:41:10,14.02,-0.01,15,21030,卖盘
853,13:41:13,14.03,0.01,1,1403,买盘
854,13:41:19,14.03,0.0,20,28060,买盘
855,13:41:27,14.03,0.0,6,8418,买盘
856,13:41:42,14.03,0.0,25,35075,买盘
857,13:41:52,14.02,-0.01,21,29442,卖盘
858,13:41:55,14.03,0.01,20,28060,买盘
859,13:42:13,14.03,0.0,1,1403,卖盘
860,13:42:34,14.03,0.0,6,8418,卖盘
861,13:43:45,14.06,0.03,31,43586,买盘
862,13:44:58,14.06,0.0,15,21090,买盘
863,13:45:06,14.06,0.0,20,28120,买盘
864,13:45:12,14.06,0.0,42,59052,买盘
865,13:45:28,14.04,-0.02,20,28080,卖盘
866,13:45:37,14.04,0.0,7,9828,卖盘
867,13:46:28,14.04,0.0,9,12636,卖盘
868,13:46:51,14.04,0.0,6,8424,买盘
869,13:47:57,14.04,0.0,8,11232,卖盘
870,13:48:04,14.06,0.02,44,61864,买盘
871,13:48:21,14.03,-0.03,5,7019,卖盘
872,13:49:10,14.04,0.01,28,39382,卖盘
873,13:49:52,14.06,0.02,1,1406,卖盘
874,13:50:01,14.03,-0.03,2,2806,卖盘
875,13:50:04,14.03,0.0,1,1403,卖盘
876,13:50:19,14.04,0.01,1,1404,卖盘
877,13:50:37,14.05,0.01,1,1405,买盘
878,13:50:54,14.05,0.0,1,1405,买盘
879,13:51:00,14.05,0.0,1,1405,卖盘
880,13:51:06,14.05,0.0,1,1405,卖盘
881,13:51:10,14.06,0.01,37,51991,买盘
882,13:51:13,14.06,0.0,1,1406,卖盘
883,13:51:16,14.06,0.0,1,1406,卖盘
884,13:51:19,14.06,0.0,1,1406,卖盘
885,13:51:21,14.06,0.0,9,12654,卖盘
886,13:51:24,14.06,0.0,1,1406,卖盘
887,13:51:27,14.06,0.0,8,11248,卖盘
888,13:51:34,14.06,0.0,3,4218,买盘
889,13:51:43,14.07,0.01,28,39396,买盘
890,13:51:52,14.07,0.0,10,14070,买盘
891,13:52:01,14.07,0.0,10,14070,买盘
892,13:52:22,14.07,0.0,3,4221,买盘
893,13:52:46,14.07,0.0,38,53466,买盘
894,13:52:49,14.06,-0.01,25,35150,卖盘
895,13:53:04,14.07,0.01,3,4221,买盘
896,13:53:19,14.07,0.0,20,28140,买盘
897,13:53:27,14.07,0.0,14,19698,买盘
898,13:54:04,14.07,0.0,1,1407,卖盘
899,13:54:25,14.08,0.01,10,14080,买盘
900,13:54:28,14.08,0.0,12,16896,买盘
901,13:54:42,14.08,0.0,20,28160,买盘
902,13:54:55,14.08,0.0,10,14080,买盘
903,13:55:10,14.08,0.0,24,33792,买盘
904,13:55:21,14.07,-0.01,1,1407,卖盘
905,13:55:28,14.08,0.01,3,4224,买盘
906,13:55:46,14.07,-0.01,1,1407,卖盘
907,13:56:21,14.08,0.01,4,5632,买盘
908,13:56:30,14.08,0.0,3,4224,买盘
909,13:56:55,14.08,0.0,94,132352,买盘
910,13:57:04,14.08,0.0,2,2816,卖盘
911,13:57:51,14.09,0.01,40,56360,买盘
912,13:58:01,14.09,0.0,10,14090,卖盘
913,13:59:16,14.1,0.01,50,70495,买盘
914,13:59:52,14.08,-0.02,10,14080,卖盘
915,14:00:24,14.08,0.0,2,2816,卖盘
916,14:00:27,14.08,0.0,2,2816,卖盘
917,14:00:36,14.08,0.0,2,2816,卖盘
918,14:00:46,14.08,0.0,3,4224,卖盘
919,14:00:55,14.1,0.02,48,67680,买盘
920,14:01:00,14.1,0.0,2,2820,卖盘
921,14:01:28,14.09,-0.01,2,2818,买盘
922,14:01:48,14.09,0.0,11,15498,买盘
923,14:02:37,14.08,-0.01,3,4224,卖盘
924,14:03:28,14.07,-0.01,1,1407,卖盘
925,14:03:43,14.06,-0.01,5,7030,卖盘
926,14:05:01,14.05,-0.01,1,1405,卖盘
927,14:05:07,14.05,0.0,21,29505,卖盘
928,14:05:58,14.06,0.01,6,8436,买盘
929,14:06:04,14.05,-0.01,36,50593,卖盘
930,14:06:55,14.07,0.02,31,43617,买盘
931,14:07:07,14.08,0.01,23,32384,买盘
932,14:07:22,14.08,0.0,20,28160,买盘
933,14:07:28,14.08,0.0,22,30976,买盘
934,14:07:43,14.08,0.0,2,2816,买盘
935,14:08:31,14.09,0.01,50,70450,买盘
936,14:08:40,14.09,0.0,2,2818,买盘
937,14:09:04,14.09,0.0,1,1409,卖盘
938,14:09:13,14.1,0.01,1,1410,买盘
939,14:09:19,14.1,0.0,7,9870,买盘
940,14:09:25,14.1,0.0,22,31020,买盘
941,14:09:55,14.11,0.01,5,7055,买盘
942,14:10:01,14.1,-0.01,4,5640,卖盘
943,14:10:22,14.1,0.0,1,1410,卖盘
944,14:10:27,14.1,0.0,2,2820,卖盘
945,14:10:43,14.11,0.01,13,18343,买盘
946,14:10:49,14.11,0.0,10,14110,卖盘
947,14:11:01,14.11,0.0,8,11288,卖盘
948,14:11:04,14.12,0.01,13,18356,买盘
949,14:11:13,14.12,0.0,5,7060,买盘
950,14:11:15,14.12,0.0,1,1412,买盘
951,14:11:28,14.12,0.0,8,11296,买盘
952,14:12:04,14.13,0.01,8,11304,卖盘
953,14:12:07,14.14,0.01,32,45246,买盘
954,14:12:10,14.14,0.0,3,4242,卖盘
955,14:12:13,14.13,-0.01,4,5652,买盘
956,14:12:34,14.13,0.0,1,1413,买盘
957,14:12:40,14.13,0.0,7,9891,买盘
958,14:12:46,14.12,-0.01,20,28256,卖盘
959,14:12:58,14.12,0.0,2,2824,买盘
960,14:13:55,14.12,0.0,1,1412,买盘
961,14:14:10,14.12,0.0,2,2824,卖盘
962,14:14:43,14.13,0.01,2,2826,买盘
963,14:15:04,14.13,0.0,8,11304,买盘
964,14:15:46,14.12,-0.01,28,39536,卖盘
965,14:16:22,14.11,-0.01,6,8466,卖盘
966,14:16:31,14.11,0.0,4,5644,卖盘
967,14:16:43,14.11,0.0,90,126990,卖盘
968,14:16:58,14.1,-0.01,31,43710,卖盘
969,14:17:04,14.1,0.0,10,14100,买盘
970,14:17:10,14.09,-0.01,2,2818,中性盘
971,14:17:22,14.1,0.01,3,4230,买盘
972,14:17:37,14.1,0.0,2,2820,买盘
973,14:17:57,14.1,0.0,5,7050,买盘
974,14:18:10,14.09,-0.01,26,36634,买盘
975,14:18:22,14.1,0.01,25,35230,买盘
976,14:18:34,14.1,0.0,17,23970,买盘
977,14:18:37,14.09,-0.01,4,5636,卖盘
978,14:18:43,14.1,0.01,11,15504,买盘
979,14:18:46,14.1,0.0,10,14100,买盘
980,14:18:52,14.1,0.0,1,1410,买盘
981,14:18:58,14.11,0.01,15,21165,买盘
982,14:19:37,14.13,0.02,7,9891,买盘
983,14:19:58,14.13,0.0,46,64998,买盘
984,14:20:01,14.13,0.0,1,1413,卖盘
985,14:20:16,14.14,0.01,19,26866,买盘
986,14:20:34,14.14,0.0,2,2828,卖盘
987,14:20:40,14.14,0.0,94,133044,卖盘
988,14:20:55,14.14,0.0,6,8484,卖盘
989,14:21:07,14.16,0.02,6,8491,买盘
990,14:21:31,14.15,-0.01,12,16969,买盘
991,14:21:34,14.14,-0.01,2,2828,卖盘
992,14:21:40,14.15,0.01,10,14150,买盘
993,14:21:49,14.15,0.0,30,42450,买盘
994,14:21:58,14.14,-0.01,5,7070,卖盘
995,14:22:05,14.14,0.0,1,1414,卖盘
996,14:22:07,14.14,0.0,9,12726,买盘
997,14:22:19,14.13,-0.01,40,56538,卖盘
998,14:22:37,14.13,0.0,24,33928,卖盘
999,14:22:46,14.13,0.0,5,7065,卖盘
1000,14:22:49,14.13,0.0,3,4239,卖盘
1001,14:23:07,14.13,0.0,2,2826,卖盘
1002,14:23:31,14.12,-0.01,3,4236,卖盘
1003,14:23:34,14.12,0.0,10,14120,卖盘
1004,14:23:49,14.12,0.0,1,1412,卖盘
1005,14:23:58,14.12,0.0,4,5648,卖盘
1006,14:24:16,14.11,-0.01,5,7055,卖盘
1007,14:24:31,14.11,0.0,12,16932,卖盘
1008,14:25:40,14.09,-0.02,25,35225,卖盘
1009,14:25:57,14.09,0.0,23,32407,卖盘
1010,14:26:07,14.09,0.0,2,2818,卖盘
1011,14:26:16,14.09,0.0,5,7045,买盘
1012,14:27:37,14.08,-0.01,1,1408,卖盘
1013,14:27:40,14.09,0.01,3,4227,买盘
1014,14:27:46,14.09,0.0,8,11272,卖盘
1015,14:27:49,14.09,0.0,1,1409,卖盘
1016,14:28:01,14.1,0.01,20,28200,买盘
1017,14:28:07,14.11,0.01,5,7053,买盘
1018,14:28:19,14.1,-0.01,3,4230,卖盘
1019,14:28:28,14.11,0.01,35,49385,买盘
1020,14:28:55,14.13,0.02,14,19780,买盘
1021,14:28:58,14.14,0.01,8,11312,买盘
1022,14:29:04,14.14,0.0,10,14140,买盘
1023,14:29:07,14.13,-0.01,2,2826,卖盘
1024,14:29:10,14.13,0.0,10,14130,卖盘
1025,14:29:22,14.13,0.0,1,1413,卖盘
1026,14:29:31,14.14,0.01,8,11312,买盘
1027,14:29:49,14.14,0.0,15,21210,买盘
1028,14:29:52,14.16,0.02,16,22640,买盘
1029,14:30:28,14.15,-0.01,5,7075,中性盘
1030,14:31:10,14.16,0.01,29,40285,买盘
1031,14:31:19,14.16,0.0,6,8496,卖盘
1032,14:31:34,14.17,0.01,78,110497,买盘
1033,14:31:46,14.17,0.0,5,7085,卖盘
1034,14:31:49,14.17,0.0,8,11336,卖盘
1035,14:32:16,14.17,0.0,2,2834,卖盘
1036,14:32:22,14.16,-0.01,5,7080,卖盘
1037,14:32:40,14.16,0.0,30,42480,卖盘
1038,14:32:46,14.16,0.0,2,3611,卖盘
1039,14:32:58,14.14,-0.02,51,72117,卖盘
1040,14:33:28,14.15,0.01,56,79198,买盘
1041,14:33:34,14.13,-0.02,10,14130,卖盘
1042,14:33:55,14.14,0.01,3,4242,卖盘
1043,14:34:01,14.13,-0.01,10,14130,卖盘
1044,14:34:43,14.13,0.0,1,1413,卖盘
1045,14:34:52,14.13,0.0,5,7065,卖盘
1046,14:35:10,14.12,-0.01,6,8472,卖盘
1047,14:35:19,14.13,0.01,5,7065,买盘
1048,14:35:52,14.13,0.0,3,4239,卖盘
1049,14:36:01,14.13,0.0,3,4239,卖盘
1050,14:36:04,14.15,0.02,110,155650,买盘
1051,14:37:49,14.14,-0.01,4,5656,卖盘
1052,14:37:52,14.14,0.0,20,28280,卖盘
1053,14:38:10,14.14,0.0,3,4242,卖盘
1054,14:38:34,14.14,0.0,18,25452,卖盘
1055,14:38:55,14.14,0.0,22,31108,卖盘
1056,14:39:28,14.13,-0.01,1,1413,卖盘
1057,14:39:40,14.13,0.0,2,2826,买盘
1058,14:39:49,14.13,0.0,13,18369,卖盘
1059,14:39:55,14.13,0.0,3,4239,卖盘
1060,14:40:10,14.13,0.0,2,2826,卖盘
1061,14:40:31,14.12,-0.01,15,21180,卖盘
1062,14:40:34,14.13,0.01,45,63585,买盘
1063,14:40:46,14.12,-0.01,15,21180,卖盘
1064,14:40:58,14.12,0.0,13,18356,卖盘
1065,14:41:19,14.13,0.01,3,4239,买盘
1066,14:41:31,14.13,0.0,7,9891,卖盘
1067,14:41:46,14.12,-0.01,5,7060,卖盘
1068,14:41:49,14.12,0.0,16,22602,卖盘
1069,14:41:55,14.13,0.01,10,14130,买盘
1070,14:42:01,14.12,-0.01,18,25416,卖盘
1071,14:42:07,14.12,0.0,1,1412,卖盘
1072,14:42:31,14.13,0.01,34,48042,买盘
1073,14:42:40,14.12,-0.01,10,14120,卖盘
1074,14:43:25,14.13,0.01,10,14130,买盘
1075,14:43:28,14.12,-0.01,4,5648,卖盘
1076,14:43:46,14.12,0.0,1,1412,卖盘
1077,14:44:01,14.13,0.01,1,1413,买盘
1078,14:44:22,14.12,-0.01,8,11296,卖盘
1079,14:44:31,14.12,0.0,3,4236,卖盘
1080,14:44:40,14.13,0.01,4,5652,买盘
1081,14:44:58,14.12,-0.01,68,96016,卖盘
1082,14:45:04,14.12,0.0,30,42360,买盘
1083,14:45:16,14.12,0.0,6,8472,买盘
1084,14:45:40,14.12,0.0,4,5648,卖盘
1085,14:46:16,14.13,0.01,10,14130,买盘
1086,14:46:28,14.13,0.0,30,42390,买盘
1087,14:46:52,14.13,0.0,7,9891,买盘
1088,14:46:55,14.13,0.0,30,42390,卖盘
1089,14:46:58,14.14,0.01,52,73528,买盘
1090,14:47:19,14.13,-0.01,15,21195,卖盘
1091,14:47:25,14.13,0.0,20,28260,卖盘
1092,14:47:31,14.13,0.0,11,15543,卖盘
1093,14:47:34,14.14,0.01,12,16959,买盘
1094,14:47:40,14.14,0.0,30,42420,卖盘
1095,14:47:46,14.14,0.0,13,18382,卖盘
1096,14:47:52,14.14,0.0,1,1414,卖盘
1097,14:47:58,14.15,0.01,8,11318,买盘
1098,14:48:13,14.13,-0.02,4,5652,卖盘
1099,14:48:19,14.13,0.0,5,7068,卖盘
1100,14:48:22,14.13,0.0,23,32499,卖盘
1101,14:48:25,14.13,0.0,3,4239,卖盘
1102,14:48:43,14.14,0.01,5,7070,买盘
1103,14:48:52,14.13,-0.01,3,4239,卖盘
1104,14:49:04,14.14,0.01,2,2870,买盘
1105,14:49:07,14.13,-0.01,55,77676,卖盘
1106,14:49:16,14.13,0.0,10,14172,买盘
1107,14:50:01,14.13,0.0,23,32519,卖盘
1108,14:50:10,14.13,0.0,17,24021,卖盘
1109,14:50:19,14.14,0.01,10,14140,买盘
1110,14:50:31,14.14,0.0,20,28280,买盘
1111,14:50:40,14.14,0.0,26,36763,买盘
1112,14:50:43,14.14,0.0,21,29694,买盘
1113,14:50:46,14.13,-0.01,35,49484,卖盘
1114,14:50:49,14.13,0.0,1,1413,卖盘
1115,14:51:07,14.15,0.02,19,26885,买盘
1116,14:51:10,14.15,0.0,1,1415,买盘
1117,14:51:19,14.14,-0.01,10,14140,卖盘
1118,14:51:22,14.15,0.01,3,4245,买盘
1119,14:51:34,14.14,-0.01,15,21210,卖盘
1120,14:51:43,14.14,0.0,20,28280,买盘
1121,14:52:04,14.14,0.0,7,9898,买盘
1122,14:52:10,14.14,0.0,1,1414,中性盘
1123,14:52:19,14.14,0.0,1,650,卖盘
1124,14:52:22,14.14,0.0,9,13490,卖盘
1125,14:52:31,14.14,0.0,10,14140,买盘
1126,14:52:40,14.14,0.0,6,7720,买盘
1127,14:52:49,14.14,0.0,6,8484,卖盘
1128,14:52:52,14.14,0.0,19,26866,卖盘
1129,14:52:58,14.14,0.0,31,43834,卖盘
1130,14:53:04,14.15,0.01,8,11320,买盘
1131,14:53:07,14.14,-0.01,2,2828,卖盘
1132,14:53:31,14.15,0.01,58,82022,买盘
1133,14:53:34,14.15,0.0,8,11320,买盘
1134,14:53:46,14.15,0.0,35,49525,买盘
1135,14:53:49,14.14,-0.01,1,1414,卖盘
1136,14:53:52,14.14,0.0,43,61566,卖盘
1137,14:54:01,14.15,0.01,11,15557,买盘
1138,14:54:04,14.15,0.0,100,141500,买盘
1139,14:54:07,14.14,-0.01,30,42420,中性盘
1140,14:54:10,14.14,0.0,10,14140,买盘
1141,14:54:13,14.14,0.0,1,1414,买盘
1142,14:54:16,14.14,0.0,4,5656,买盘
1143,14:54:19,14.15,0.01,17,24048,买盘
1144,14:54:22,14.14,-0.01,13,18382,卖盘
1145,14:54:25,14.14,0.0,7,9898,买盘
1146,14:54:31,14.14,0.0,8,11312,卖盘
1147,14:54:34,14.15,0.01,3,4245,买盘
1148,14:54:40,14.14,-0.01,16,22624,卖盘
1149,14:54:43,14.13,-0.01,1,1413,卖盘
1150,14:54:49,14.14,0.01,21,29694,买盘
1151,14:54:58,14.14,0.0,15,21210,卖盘
1152,14:55:01,14.14,0.0,5,7070,卖盘
1153,14:55:07,14.14,0.0,10,14140,卖盘
1154,14:55:10,14.15,0.01,1,1415,买盘
1155,14:55:13,14.15,0.0,1,1415,买盘
1156,14:55:16,14.14,-0.01,14,19796,卖盘
1157,14:55:22,14.14,0.0,29,41006,卖盘
1158,14:55:34,14.13,-0.01,21,29687,卖盘
1159,14:55:40,14.13,0.0,20,28260,卖盘
1160,14:55:46,14.14,0.01,10,14140,买盘
1161,14:55:49,14.14,0.0,7,9898,买盘
1162,14:56:34,14.14,0.0,55,77770,买盘
1163,14:56:37,14.13,-0.01,3,4239,卖盘
1164,14:56:40,14.14,0.01,5,7070,买盘
1165,14:56:43,14.13,-0.01,13,18379,卖盘
1166,14:56:46,14.13,0.0,17,24021,卖盘
1167,14:56:49,14.13,0.0,1,1413,卖盘
1168,14:56:55,14.14,0.01,1,1414,买盘
1169,14:57:01,14.13,-0.01,1,1413,卖盘
1170,14:57:04,14.14,0.01,10,14140,买盘
1171,15:00:05,14.13,-0.01,177,250059,卖盘
