,time,price,change,volume,amount,type
0,09:25:04,14.42,0.05,3,4326,买盘
1,09:30:08,14.48,0.06,15,21744,中性盘
2,09:30:10,14.56,0.08,8,11622,买盘
3,09:30:19,14.57,0.01,2,2914,卖盘
4,09:30:37,14.48,-0.09,9,13032,卖盘
5,09:30:49,14.55,0.07,19,27633,买盘
6,09:31:01,14.55,0.0,24,34899,买盘
7,09:31:04,14.55,0.0,2,2910,买盘
8,09:31:07,14.51,-0.04,20,29020,买盘
9,09:31:13,14.51,0.0,10,14510,买盘
10,09:31:16,14.48,-0.03,8,11594,卖盘
11,09:31:22,14.55,0.07,12,17458,买盘
12,09:31:25,14.51,-0.04,10,14510,卖盘
13,09:31:31,14.53,0.02,5,7265,买盘
14,09:31:34,14.52,-0.01,6,8714,卖盘
15,09:31:40,14.5,-0.02,1,1450,卖盘
16,09:31:43,14.48,-0.02,6,8692,卖盘
17,09:31:46,14.52,0.04,19,27578,买盘
18,09:31:49,14.48,-0.04,5,7240,卖盘
19,09:32:16,14.5,0.02,13,18837,买盘
20,09:32:19,14.48,-0.02,20,28960,卖盘
21,09:32:43,14.48,0.0,9,13032,卖盘
22,09:32:49,14.51,0.03,12,17398,买盘
23,09:32:58,14.47,-0.04,2,2898,卖盘
24,09:33:25,14.48,0.01,10,14480,买盘
25,09:33:31,14.47,-0.01,4,5788,卖盘
26,09:33:37,14.48,0.01,10,14480,买盘
27,09:33:46,14.48,0.0,19,27512,买盘
28,09:33:49,14.47,-0.01,20,28925,买盘
29,09:33:52,14.47,0.0,21,30387,买盘
30,09:33:58,14.47,0.0,12,17364,买盘
31,09:34:10,14.44,-0.03,6,8664,卖盘
32,09:34:13,14.43,-0.01,6,8663,卖盘
33,09:34:28,14.46,0.03,12,17352,买盘
34,09:34:31,14.44,-0.02,6,8664,卖盘
35,09:34:34,14.43,-0.01,8,11547,卖盘
36,09:34:40,14.47,0.04,19,27464,买盘
37,09:34:58,14.47,0.0,4,5786,买盘
38,09:35:01,14.43,-0.04,18,25974,卖盘
39,09:35:04,14.47,0.04,3,4341,买盘
40,09:35:13,14.47,0.0,2,2894,买盘
41,09:35:28,14.46,-0.01,1,1446,买盘
42,09:35:31,14.43,-0.03,1,1443,卖盘
43,09:35:40,14.43,0.0,9,12987,卖盘
44,09:35:46,14.43,0.0,6,8658,卖盘
45,09:35:49,14.43,0.0,12,17316,卖盘
46,09:35:55,14.46,0.03,11,15894,买盘
47,09:36:07,14.42,-0.04,20,28840,卖盘
48,09:36:22,14.42,0.0,2,2884,卖盘
49,09:36:28,14.45,0.03,12,17314,买盘
50,09:36:31,14.42,-0.03,7,10094,卖盘
51,09:37:28,14.44,0.02,1,1444,卖盘
52,09:37:43,14.44,0.0,1,1444,买盘
53,09:37:46,14.44,0.0,53,77202,中性盘
54,09:38:01,14.45,0.01,10,14450,买盘
55,09:38:13,14.45,0.0,5,7225,买盘
56,09:38:16,14.47,0.02,24,34695,买盘
57,09:38:43,14.47,0.0,6,8682,买盘
58,09:38:52,14.48,0.01,6,8688,买盘
59,09:39:19,14.48,0.0,20,28960,买盘
60,09:39:28,14.48,0.0,6,8688,买盘
61,09:39:43,14.48,0.0,10,14480,买盘
62,09:39:49,14.47,-0.01,5,7235,卖盘
63,09:39:52,14.48,0.01,1,1448,买盘
64,09:39:58,14.48,0.0,20,28960,买盘
65,09:40:13,14.49,0.01,1,1449,买盘
66,09:40:25,14.49,0.0,5,7245,买盘
67,09:40:37,14.49,0.0,4,5796,买盘
68,09:40:46,14.5,0.01,2,2900,买盘
69,09:40:49,14.5,0.0,2,2900,买盘
70,09:41:01,14.49,-0.01,1,1449,卖盘
71,09:41:04,14.5,0.01,40,58000,买盘
72,09:41:10,14.52,0.02,21,30462,买盘
73,09:41:13,14.5,-0.02,10,14500,卖盘
74,09:41:19,14.49,-0.01,15,21747,卖盘
75,09:41:28,14.5,0.01,12,17400,卖盘
76,09:41:31,14.5,0.0,6,8700,卖盘
77,09:41:37,14.5,0.0,2,2900,买盘
78,09:41:46,14.45,-0.05,93,134679,卖盘
79,09:42:04,14.49,0.04,9,13041,卖盘
80,09:42:31,14.45,-0.04,2,2890,卖盘
81,09:42:40,14.48,0.03,2,2896,买盘
82,09:42:49,14.48,0.0,2,2896,买盘
83,09:43:01,14.45,-0.03,30,43389,卖盘
84,09:43:04,14.48,0.03,6,8688,买盘
85,09:43:07,14.45,-0.03,6,8670,卖盘
86,09:43:10,14.47,0.02,1,1447,买盘
87,09:43:34,14.45,-0.02,2,2890,卖盘
88,09:43:40,14.48,0.03,2,2896,买盘
89,09:43:46,14.45,-0.03,19,27455,卖盘
90,09:43:55,14.45,0.0,1,1445,卖盘
91,09:44:01,14.44,-0.01,6,8664,卖盘
92,09:44:04,14.45,0.01,3,4335,买盘
93,09:44:07,14.45,0.0,1,1445,卖盘
94,09:44:10,14.47,0.02,1,1447,中性盘
95,09:44:28,14.46,-0.01,7,10122,卖盘
96,09:44:34,14.48,0.02,2,2896,买盘
97,09:44:46,14.47,-0.01,2,2894,买盘
98,09:44:49,14.45,-0.02,13,18785,卖盘
99,09:44:58,14.45,0.0,19,27455,卖盘
100,09:45:04,14.46,0.01,4,5782,买盘
101,09:45:10,14.46,0.0,9,13014,买盘
102,09:45:13,14.45,-0.01,27,39016,卖盘
103,09:45:16,14.47,0.02,4,5785,买盘
104,09:45:22,14.44,-0.03,3,4333,卖盘
105,09:45:28,14.44,0.0,25,36100,卖盘
106,09:45:40,14.43,-0.01,21,30303,卖盘
107,09:45:43,14.44,0.01,12,17328,中性盘
108,09:45:46,14.45,0.01,2,2890,买盘
109,09:46:01,14.43,-0.02,4,5772,卖盘
110,09:46:04,14.45,0.02,9,12991,买盘
111,09:46:10,14.43,-0.02,5,7215,卖盘
112,09:46:25,14.42,-0.01,3,4328,卖盘
113,09:46:37,14.44,0.02,4,5774,买盘
114,09:46:40,14.43,-0.01,9,12987,卖盘
115,09:46:43,14.43,0.0,46,66378,卖盘
116,09:46:52,14.43,0.0,1,1443,卖盘
117,09:47:16,14.43,0.0,3,4330,卖盘
118,09:47:19,14.44,0.01,1,1444,买盘
119,09:47:31,14.42,-0.02,67,96614,卖盘
120,09:47:40,14.44,0.02,2,2888,买盘
121,09:47:43,14.42,-0.02,6,8652,卖盘
122,09:47:49,14.42,0.0,1,1442,卖盘
123,09:48:04,14.44,0.02,13,18750,买盘
124,09:48:31,14.43,-0.01,5,7215,卖盘
125,09:48:37,14.44,0.01,2,2888,买盘
126,09:48:43,14.43,-0.01,3,4329,卖盘
127,09:48:46,14.44,0.01,3,4332,买盘
128,09:48:55,14.44,0.0,3,4332,买盘
129,09:49:10,14.44,0.0,2,2888,买盘
130,09:49:25,14.43,-0.01,8,11544,卖盘
131,09:49:40,14.42,-0.01,3,4326,卖盘
132,09:49:43,14.43,0.01,2,2886,买盘
133,09:49:52,14.4,-0.03,56,79966,卖盘
134,09:49:58,14.38,-0.02,2,2876,卖盘
135,09:50:04,14.37,-0.01,9,12941,卖盘
136,09:50:13,14.36,-0.01,3,4310,卖盘
137,09:50:16,14.37,0.01,1,1437,买盘
138,09:50:22,14.36,-0.01,3,4308,卖盘
139,09:50:25,14.33,-0.03,20,28663,卖盘
140,09:50:28,14.36,0.03,1,1436,买盘
141,09:50:37,14.33,-0.03,2,2866,卖盘
142,09:50:40,14.36,0.03,15,21525,买盘
143,09:50:46,14.36,0.0,4,5744,买盘
144,09:50:49,14.36,0.0,23,33018,买盘
145,09:50:52,14.36,0.0,6,8616,卖盘
146,09:50:55,14.33,-0.03,27,38757,卖盘
147,09:51:01,14.36,0.03,2,2872,卖盘
148,09:51:10,14.37,0.01,2,2874,买盘
149,09:51:16,14.36,-0.01,4,5744,卖盘
150,09:51:19,14.31,-0.05,59,84486,卖盘
151,09:51:25,14.31,0.0,6,8586,买盘
152,09:51:31,14.3,-0.01,31,44348,卖盘
153,09:51:34,14.31,0.01,2,2862,买盘
154,09:51:40,14.31,0.0,30,42910,买盘
155,09:51:52,14.31,0.0,9,12879,买盘
156,09:51:55,14.3,-0.01,6,8582,卖盘
157,09:51:58,14.3,0.0,12,17170,卖盘
158,09:52:07,14.31,0.01,62,88722,买盘
159,09:52:10,14.36,0.05,2,2872,买盘
160,09:52:22,14.31,-0.05,3,4294,卖盘
161,09:52:28,14.31,0.0,1,1431,卖盘
162,09:52:34,14.37,0.06,1,1437,买盘
163,09:52:43,14.36,-0.01,2,2872,买盘
164,09:52:58,14.34,-0.02,2,2868,卖盘
165,09:53:05,14.34,0.0,1,1434,买盘
166,09:53:07,14.32,-0.02,7,10024,卖盘
167,09:53:13,14.32,0.0,4,5730,卖盘
168,09:53:19,14.32,0.0,5,7160,卖盘
169,09:53:25,14.31,-0.01,29,41506,卖盘
170,09:53:34,14.32,0.01,2,2864,买盘
171,09:53:40,14.31,-0.01,3,4293,卖盘
172,09:53:43,14.31,0.0,17,25052,卖盘
173,09:53:49,14.31,0.0,1,1431,卖盘
174,09:53:52,14.31,0.0,1,1431,卖盘
175,09:53:55,14.31,0.0,3,4293,卖盘
176,09:54:01,14.31,0.0,33,46508,卖盘
177,09:54:04,14.31,0.0,3,4293,买盘
178,09:54:31,14.3,-0.01,28,40040,卖盘
179,09:54:37,14.31,0.01,41,58671,买盘
180,09:54:40,14.31,0.0,20,28620,买盘
181,09:54:43,14.3,-0.01,9,12872,卖盘
182,09:54:58,14.3,0.0,9,12870,卖盘
183,09:55:04,14.3,0.0,2,2860,卖盘
184,09:55:13,14.31,0.01,4,5724,买盘
185,09:55:16,14.3,-0.01,92,132275,卖盘
186,09:55:19,14.3,0.0,20,28600,卖盘
187,09:55:25,14.31,0.01,4,5724,买盘
188,09:55:34,14.32,0.01,7,10019,买盘
189,09:55:40,14.32,0.0,9,12888,买盘
190,09:55:49,14.32,0.0,2,2864,买盘
191,09:55:52,14.32,0.0,16,22912,买盘
192,09:56:01,14.34,0.02,1,1434,买盘
193,09:56:04,14.34,0.0,1,1434,中性盘
194,09:56:07,14.34,0.0,4,5736,买盘
195,09:56:10,14.36,0.02,6,8610,买盘
196,09:56:16,14.36,0.0,1,1436,卖盘
197,09:56:19,14.37,0.01,59,84783,买盘
198,09:56:22,14.43,0.06,32,45985,买盘
199,09:56:40,14.43,0.0,2,2886,买盘
200,09:57:04,14.43,0.0,9,12987,买盘
201,09:57:07,14.43,0.0,2,2886,买盘
202,09:57:13,14.43,0.0,6,8658,买盘
203,09:57:22,14.37,-0.06,33,47421,卖盘
204,09:57:43,14.38,0.01,5,7198,卖盘
205,09:58:01,14.38,0.0,9,12942,卖盘
206,09:58:07,14.38,0.0,3,4314,卖盘
207,09:58:13,14.42,0.04,1,1442,买盘
208,09:58:16,14.42,0.0,2,2884,买盘
209,09:58:31,14.42,0.0,2,2884,买盘
210,09:59:07,14.42,0.0,6,8652,买盘
211,09:59:13,14.42,0.0,2,2884,卖盘
212,09:59:16,14.41,-0.01,1,1441,买盘
213,09:59:31,14.41,0.0,2,2882,买盘
214,09:59:37,14.4,-0.01,2,2880,卖盘
215,09:59:43,14.4,0.0,1,1440,买盘
216,09:59:46,14.4,0.0,18,25920,买盘
217,10:00:10,14.4,0.0,41,59040,卖盘
218,10:00:13,14.41,0.01,2,2882,买盘
219,10:00:31,14.39,-0.02,5,7197,卖盘
220,10:00:34,14.4,0.01,3,4320,买盘
221,10:01:01,14.4,0.0,2,2880,卖盘
222,10:01:04,14.4,0.0,2,2880,买盘
223,10:01:13,14.4,0.0,1,1440,买盘
224,10:01:19,14.39,-0.01,11,15829,卖盘
225,10:01:31,14.39,0.0,1,1439,卖盘
226,10:01:34,14.39,0.0,3,4317,卖盘
227,10:01:40,14.41,0.02,3,4323,买盘
228,10:02:13,14.41,0.0,1,1441,买盘
229,10:02:34,14.39,-0.02,3,4317,卖盘
230,10:03:07,14.4,0.01,3,4320,买盘
231,10:03:13,14.39,-0.01,5,7195,卖盘
232,10:03:16,14.4,0.01,2,2880,买盘
233,10:03:19,14.4,0.0,42,60480,买盘
234,10:03:31,14.4,0.0,2,2880,卖盘
235,10:03:40,14.41,0.01,1,1441,买盘
236,10:04:22,14.41,0.0,2,2882,买盘
237,10:04:31,14.41,0.0,1,1441,买盘
238,10:04:34,14.4,-0.01,6,8640,卖盘
239,10:05:04,14.41,0.01,2,2882,买盘
240,10:05:10,14.4,-0.01,3,4320,卖盘
241,10:05:13,14.4,0.0,3,4320,卖盘
242,10:05:19,14.39,-0.01,3,4319,卖盘
243,10:06:01,14.41,0.02,2,2882,买盘
244,10:06:16,14.39,-0.02,2,2878,卖盘
245,10:06:25,14.41,0.02,2,2882,买盘
246,10:06:28,14.41,0.0,2,2882,买盘
247,10:06:37,14.44,0.03,20,28850,买盘
248,10:06:40,14.45,0.01,9,13005,买盘
249,10:06:43,14.44,-0.01,2,2888,卖盘
250,10:06:58,14.44,0.0,22,31768,卖盘
251,10:07:01,14.45,0.01,5,7225,买盘
252,10:07:05,14.45,0.0,2,2890,买盘
253,10:07:19,14.45,0.0,1,1445,买盘
254,10:07:25,14.45,0.0,1,1445,买盘
255,10:07:31,14.45,0.0,12,17340,买盘
256,10:07:46,14.46,0.01,10,14460,卖盘
257,10:07:49,14.48,0.02,16,23168,买盘
258,10:07:52,14.47,-0.01,2,2894,买盘
259,10:07:55,14.48,0.01,82,118728,买盘
260,10:08:01,14.49,0.01,5,7245,买盘
261,10:08:13,14.5,0.01,3,4350,买盘
262,10:08:19,14.5,0.0,12,16675,买盘
263,10:08:25,14.52,0.02,1,1452,买盘
264,10:08:34,14.5,-0.02,9,13052,卖盘
265,10:08:37,14.52,0.02,2,2904,买盘
266,10:08:40,14.52,0.0,21,30492,买盘
267,10:08:43,14.52,0.0,64,92928,卖盘
268,10:08:49,14.54,0.02,56,81423,买盘
269,10:08:52,14.54,0.0,44,63976,卖盘
270,10:09:01,14.54,0.0,14,20356,卖盘
271,10:09:04,14.55,0.01,2,2910,买盘
272,10:09:07,14.54,-0.01,5,7270,卖盘
273,10:09:10,14.54,0.0,3,4362,卖盘
274,10:09:13,14.55,0.01,3,4365,买盘
275,10:09:16,14.52,-0.03,12,17426,卖盘
276,10:09:25,14.53,0.01,3,4359,买盘
277,10:09:31,14.52,-0.01,3,4356,卖盘
278,10:09:55,14.51,-0.01,3,4353,买盘
279,10:09:58,14.5,-0.01,1,1450,卖盘
280,10:10:01,14.51,0.01,2,2902,买盘
281,10:10:04,14.5,-0.01,7,10150,卖盘
282,10:10:07,14.5,0.0,7,10150,卖盘
283,10:10:22,14.5,0.0,30,43500,卖盘
284,10:10:25,14.51,0.01,2,2902,买盘
285,10:10:28,14.51,0.0,1,1451,买盘
286,10:11:01,14.51,0.0,2,2902,买盘
287,10:11:13,14.5,-0.01,43,63075,卖盘
288,10:11:25,14.49,-0.01,5,7245,卖盘
289,10:11:28,14.49,0.0,1,1449,买盘
290,10:11:37,14.48,-0.01,3,4344,卖盘
291,10:11:45,14.48,0.0,7,10136,卖盘
292,10:12:07,14.48,0.0,4,5792,卖盘
293,10:12:46,14.48,0.0,1,1448,卖盘
294,10:12:49,14.48,0.0,6,8688,卖盘
295,10:12:51,14.49,0.01,11,15932,买盘
296,10:13:16,14.49,0.0,2,2898,买盘
297,10:13:43,14.49,0.0,1,1449,买盘
298,10:13:52,14.45,-0.04,6,8670,卖盘
299,10:13:55,14.45,0.0,3,4335,卖盘
300,10:14:31,14.46,0.01,11,15906,卖盘
301,10:14:46,14.46,0.0,2,2892,卖盘
302,10:15:04,14.46,0.0,30,43380,卖盘
303,10:15:21,14.46,0.0,15,21690,卖盘
304,10:16:49,14.48,0.02,1,1448,买盘
305,10:17:01,14.48,0.0,15,21720,买盘
306,10:17:10,14.46,-0.02,5,7231,卖盘
307,10:18:01,14.48,0.02,3,4344,买盘
308,10:18:58,14.47,-0.01,7,10129,卖盘
309,10:19:01,14.46,-0.01,3,4338,卖盘
310,10:19:31,14.46,0.0,17,24582,卖盘
311,10:19:46,14.46,0.0,3,4338,卖盘
312,10:19:55,14.46,0.0,20,28920,卖盘
313,10:20:01,14.46,0.0,1,1446,卖盘
314,10:20:07,14.46,0.0,1,1446,卖盘
315,10:20:13,14.46,0.0,1,1446,卖盘
316,10:20:25,14.44,-0.02,3,4334,卖盘
317,10:20:36,14.44,0.0,3,4332,卖盘
318,10:20:45,14.46,0.02,11,15906,买盘
319,10:20:49,14.46,0.0,1,1446,卖盘
320,10:21:13,14.47,0.01,9,13023,买盘
321,10:21:19,14.47,0.0,1,1447,买盘
322,10:21:37,14.46,-0.01,6,8676,卖盘
323,10:22:46,14.46,0.0,9,13014,卖盘
324,10:22:49,14.47,0.01,2,2894,买盘
325,10:22:58,14.46,-0.01,43,62178,卖盘
326,10:23:07,14.46,0.0,3,4338,卖盘
327,10:23:16,14.46,0.0,12,17352,卖盘
328,10:23:22,14.46,0.0,4,5784,卖盘
329,10:23:31,14.46,0.0,8,11568,卖盘
330,10:23:46,14.46,0.0,11,15906,卖盘
331,10:24:01,14.47,0.01,10,14470,买盘
332,10:24:49,14.47,0.0,7,10129,买盘
333,10:25:55,14.44,-0.03,3,4332,卖盘
334,10:26:07,14.44,0.0,3,4332,卖盘
335,10:26:43,14.44,0.0,10,14440,卖盘
336,10:26:46,14.44,0.0,8,11552,卖盘
337,10:27:46,14.44,0.0,3,4332,卖盘
338,10:27:49,14.44,0.0,1,1444,卖盘
339,10:28:07,14.44,0.0,7,10108,卖盘
340,10:28:21,14.43,-0.01,9,12995,卖盘
341,10:28:24,14.46,0.03,20,28910,买盘
342,10:28:30,14.43,-0.03,2,2889,卖盘
343,10:29:25,14.43,0.0,9,12987,卖盘
344,10:29:36,14.43,0.0,2,2886,卖盘
345,10:30:10,14.41,-0.02,18,25938,卖盘
346,10:30:16,14.43,0.02,5,7215,买盘
347,10:30:19,14.4,-0.03,27,38896,卖盘
348,10:30:22,14.43,0.03,2,2886,买盘
349,10:30:25,14.43,0.0,2,2886,买盘
350,10:30:37,14.4,-0.03,10,14400,卖盘
351,10:30:55,14.39,-0.01,11,15835,卖盘
352,10:31:04,14.38,-0.01,1,1438,卖盘
353,10:31:07,14.38,0.0,5,7190,卖盘
354,10:31:13,14.38,0.0,4,5752,卖盘
355,10:31:31,14.38,0.0,1,1438,卖盘
356,10:31:37,14.38,0.0,11,15818,卖盘
357,10:31:52,14.38,0.0,10,14380,买盘
358,10:31:54,14.37,-0.01,1,1437,卖盘
359,10:32:22,14.35,-0.02,3,4307,卖盘
360,10:32:37,14.35,0.0,14,20090,卖盘
361,10:33:10,14.34,-0.01,5,7170,卖盘
362,10:33:34,14.34,0.0,5,7170,买盘
363,10:33:49,14.33,-0.01,5,7169,卖盘
364,10:33:55,14.33,0.0,14,19346,卖盘
365,10:33:58,14.33,0.0,1,1433,卖盘
366,10:34:07,14.33,0.0,10,14330,卖盘
367,10:34:13,14.33,0.0,3,4299,卖盘
368,10:34:22,14.33,0.0,4,5732,卖盘
369,10:34:25,14.33,0.0,5,7165,卖盘
370,10:34:40,14.33,0.0,3,4299,卖盘
371,10:35:01,14.34,0.01,9,12906,买盘
372,10:35:19,14.35,0.01,20,28688,买盘
373,10:35:25,14.35,0.0,10,14350,买盘
374,10:35:28,14.35,0.0,8,11480,买盘
375,10:35:34,14.34,-0.01,2,2868,卖盘
376,10:36:01,14.34,0.0,6,8604,卖盘
377,10:36:07,14.34,0.0,6,8604,卖盘
378,10:37:04,14.34,0.0,1,1434,卖盘
379,10:37:10,14.33,-0.01,39,55916,卖盘
380,10:37:16,14.34,0.01,1,1434,中性盘
381,10:37:19,14.34,0.0,9,12906,买盘
382,10:37:40,14.34,0.0,9,12906,买盘
383,10:37:43,14.34,0.0,11,15774,买盘
384,10:38:01,14.35,0.01,7,10045,买盘
385,10:38:10,14.34,-0.01,12,17208,卖盘
386,10:38:16,14.33,-0.01,1,1433,卖盘
387,10:38:51,14.33,0.0,5,7165,卖盘
388,10:39:10,14.33,0.0,4,5732,卖盘
389,10:39:40,14.33,0.0,10,14330,卖盘
390,10:39:46,14.33,0.0,43,62336,卖盘
391,10:39:52,14.33,0.0,20,28660,买盘
392,10:40:13,14.33,0.0,24,33676,买盘
393,10:40:16,14.32,-0.01,3,4298,卖盘
394,10:40:49,14.32,0.0,20,28640,卖盘
395,10:40:54,14.33,0.01,10,14330,买盘
396,10:41:07,14.32,-0.01,3,4298,卖盘
397,10:41:13,14.34,0.02,1,1434,买盘
398,10:41:16,14.33,-0.01,7,10031,中性盘
399,10:41:40,14.33,0.0,2,2866,卖盘
400,10:41:43,14.32,-0.01,9,12888,卖盘
401,10:42:04,14.34,0.02,1,1434,买盘
402,10:42:07,14.34,0.0,2,2868,卖盘
403,10:42:31,14.34,0.0,2,2868,卖盘
404,10:42:46,14.33,-0.01,2,2866,买盘
405,10:43:01,14.34,0.01,4,5736,买盘
406,10:43:33,14.34,0.0,4,5736,买盘
407,10:43:52,14.34,0.0,1,1434,卖盘
408,10:44:04,14.34,0.0,3,4302,卖盘
409,10:44:13,14.34,0.0,4,5736,卖盘
410,10:44:24,14.34,0.0,13,18642,买盘
411,10:44:43,14.32,-0.02,9,12892,卖盘
412,10:45:04,14.32,0.0,5,7160,卖盘
413,10:45:07,14.32,0.0,50,71600,卖盘
414,10:45:13,14.33,0.01,1,1433,买盘
415,10:45:34,14.32,-0.01,14,20048,卖盘
416,10:46:13,14.32,0.0,6,8592,卖盘
417,10:46:16,14.31,-0.01,10,14318,卖盘
418,10:46:54,14.31,0.0,4,5726,卖盘
419,10:47:18,14.31,0.0,9,12879,卖盘
420,10:47:37,14.32,0.01,1,1432,买盘
421,10:47:49,14.33,0.01,2,2866,买盘
422,10:47:52,14.33,0.0,16,22928,买盘
423,10:47:54,14.33,0.0,8,11464,卖盘
424,10:47:58,14.33,0.0,15,21495,卖盘
425,10:48:01,14.33,0.0,12,17912,卖盘
426,10:48:07,14.34,0.01,5,7170,买盘
427,10:48:16,14.33,-0.01,5,7165,中性盘
428,10:48:31,14.33,0.0,2,2866,买盘
429,10:48:58,14.33,0.0,2,2866,买盘
430,10:49:22,14.33,0.0,2,2150,卖盘
431,10:49:34,14.35,0.02,9,12914,买盘
432,10:50:36,14.35,0.0,8,11480,买盘
433,10:50:40,14.35,0.0,1,1435,买盘
434,10:50:43,14.35,0.0,3,4305,买盘
435,10:51:07,14.34,-0.01,6,8604,卖盘
436,10:51:22,14.33,-0.01,9,12898,卖盘
437,10:51:33,14.33,0.0,20,28660,卖盘
438,10:52:05,14.33,0.0,12,17196,卖盘
439,10:52:16,14.33,0.0,3,4299,买盘
440,10:52:49,14.33,0.0,1,1433,买盘
441,10:53:05,14.32,-0.01,22,31505,卖盘
442,10:53:49,14.32,0.0,1,1432,卖盘
443,10:53:52,14.32,0.0,46,65872,卖盘
444,10:54:13,14.31,-0.01,185,264735,卖盘
445,10:54:16,14.31,0.0,3,4293,卖盘
446,10:54:19,14.34,0.03,9,12906,买盘
447,10:54:25,14.31,-0.03,2,2862,卖盘
448,10:54:40,14.31,0.0,14,20041,卖盘
449,10:54:46,14.31,0.0,5,7155,卖盘
450,10:54:49,14.34,0.03,9,12905,买盘
451,10:54:58,14.31,-0.03,50,71561,卖盘
452,10:55:13,14.32,0.01,2,2864,卖盘
453,10:56:31,14.33,0.01,10,14330,卖盘
454,10:56:40,14.33,0.0,1,1433,卖盘
455,10:56:52,14.32,-0.01,9,12888,卖盘
456,10:57:01,14.32,0.0,5,7160,卖盘
457,10:57:19,14.32,0.0,13,18616,买盘
458,10:57:33,14.31,-0.01,139,198916,卖盘
459,10:57:46,14.3,-0.01,15,21450,卖盘
460,10:58:01,14.3,0.0,37,52910,卖盘
461,10:58:07,14.3,0.0,27,38610,卖盘
462,10:58:12,14.3,0.0,1,1430,卖盘
463,10:58:19,14.3,0.0,44,63635,卖盘
464,10:58:25,14.3,0.0,2,2860,买盘
465,10:58:40,14.3,0.0,22,31460,买盘
466,10:58:49,14.27,-0.03,18,25689,卖盘
467,10:58:55,14.27,0.0,4,5708,卖盘
468,10:59:10,14.26,-0.01,3,4278,卖盘
469,10:59:16,14.27,0.01,1,1427,买盘
470,10:59:43,14.26,-0.01,28,39928,卖盘
471,10:59:45,14.25,-0.01,169,240848,卖盘
472,10:59:49,14.25,0.0,5,7125,买盘
473,11:00:16,14.25,0.0,2,2850,买盘
474,11:00:19,14.23,-0.02,2,2846,卖盘
475,11:00:31,14.25,0.02,18,25650,买盘
476,11:00:48,14.23,-0.02,50,71150,卖盘
477,11:01:07,14.22,-0.01,14,19916,卖盘
478,11:01:10,14.22,0.0,4,5688,卖盘
479,11:01:13,14.25,0.03,59,84075,买盘
480,11:01:18,14.23,-0.02,1,1423,卖盘
481,11:01:31,14.25,0.02,1,1154,卖盘
482,11:01:52,14.27,0.02,36,51372,买盘
483,11:02:43,14.27,0.0,30,42810,卖盘
484,11:02:58,14.27,0.0,10,14270,卖盘
485,11:03:01,14.27,0.0,23,32821,卖盘
486,11:03:04,14.27,0.0,1,1427,卖盘
487,11:03:31,14.27,0.0,1,1427,卖盘
488,11:03:43,14.27,0.0,6,8562,买盘
489,11:03:55,14.3,0.03,44,62862,买盘
490,11:04:28,14.25,-0.05,103,146803,卖盘
491,11:04:37,14.3,0.05,3,4290,买盘
492,11:05:55,14.3,0.0,105,150150,买盘
493,11:06:10,14.27,-0.03,10,14270,卖盘
494,11:06:34,14.29,0.02,1,1429,买盘
495,11:07:16,14.3,0.01,5,7150,买盘
496,11:08:09,14.28,-0.02,1,1428,卖盘
497,11:08:16,14.3,0.02,1,1430,买盘
498,11:08:18,14.27,-0.03,20,28542,卖盘
499,11:08:49,14.29,0.02,5,7145,卖盘
500,11:09:37,14.3,0.01,51,73608,买盘
501,11:10:13,14.3,0.0,52,74415,卖盘
502,11:10:28,14.3,0.0,1,1430,买盘
503,11:10:34,14.3,0.0,20,28600,买盘
504,11:10:40,14.3,0.0,1,1430,买盘
505,11:12:31,14.32,0.02,6,8592,买盘
506,11:12:52,14.32,0.0,1,1432,买盘
507,11:13:06,14.35,0.03,13,18641,买盘
508,11:13:40,14.36,0.01,3,4308,买盘
509,11:13:46,14.36,0.0,3,4308,卖盘
510,11:15:06,14.37,0.01,3,4311,卖盘
511,11:16:16,14.37,0.0,6,8622,卖盘
512,11:16:58,14.37,0.0,3,4311,卖盘
513,11:17:16,14.37,0.0,3,4311,卖盘
514,11:17:31,14.39,0.02,17,24463,买盘
515,11:18:05,14.39,0.0,13,18707,卖盘
516,11:18:54,14.37,-0.02,40,57480,卖盘
517,11:19:25,14.37,0.0,1,1437,卖盘
518,11:19:34,14.37,0.0,12,17244,买盘
519,11:19:58,14.37,0.0,17,24429,买盘
520,11:20:09,14.39,0.02,3,4316,买盘
521,11:20:16,14.37,-0.02,1,1437,卖盘
522,11:20:34,14.39,0.02,9,12951,买盘
523,11:21:10,14.39,0.0,5,7195,买盘
524,11:21:36,14.37,-0.02,3,4311,卖盘
525,11:22:13,14.38,0.01,1,1438,买盘
526,11:24:12,14.38,0.0,4,5752,卖盘
527,11:24:34,14.38,0.0,3,4314,卖盘
528,11:24:58,14.38,0.0,4,5752,卖盘
529,11:25:19,14.38,0.0,89,127982,卖盘
530,11:25:46,14.37,-0.01,2,2874,卖盘
531,11:25:49,14.37,0.0,10,14370,卖盘
532,11:25:55,14.37,0.0,1,1437,卖盘
533,11:26:13,14.37,0.0,6,8622,买盘
534,11:26:36,14.35,-0.02,3,4305,卖盘
535,11:27:16,14.35,0.0,1,1435,卖盘
536,11:27:22,14.35,0.0,4,5740,卖盘
537,11:28:22,14.34,-0.01,36,51655,卖盘
538,11:28:33,14.34,0.0,3,4302,卖盘
539,11:28:39,14.34,0.0,10,14340,卖盘
540,11:28:49,14.34,0.0,5,7170,卖盘
541,11:29:40,14.32,-0.02,2,2864,卖盘
542,13:00:06,14.32,0.0,22,31504,卖盘
543,13:00:07,14.33,0.01,8,11464,买盘
544,13:00:10,14.33,0.0,2,2866,卖盘
545,13:01:36,14.33,0.0,9,12897,卖盘
546,13:01:42,14.33,0.0,4,5732,卖盘
547,13:01:48,14.32,-0.01,9,12888,卖盘
548,13:02:39,14.32,0.0,5,7160,买盘
549,13:03:07,14.32,0.0,10,14320,买盘
550,13:03:34,14.31,-0.01,5,7155,卖盘
551,13:03:42,14.31,0.0,1,1431,卖盘
552,13:03:58,14.32,0.01,2,2864,买盘
553,13:04:15,14.31,-0.01,7,10017,卖盘
554,13:04:19,14.31,0.0,1,1431,卖盘
555,13:04:33,14.31,0.0,1,1431,卖盘
556,13:05:39,14.32,0.01,5,7160,买盘
557,13:06:05,14.32,0.0,19,27208,买盘
558,13:06:21,14.32,0.0,3,4296,卖盘
559,13:06:24,14.34,0.02,16,22940,买盘
560,13:07:04,14.35,0.01,1,1435,买盘
561,13:08:19,14.35,0.0,40,57400,卖盘
562,13:08:39,14.32,-0.03,5,7168,卖盘
563,13:09:43,14.32,0.0,6,8592,卖盘
564,13:10:57,14.33,0.01,4,5732,卖盘
565,13:11:00,14.34,0.01,2,2868,买盘
566,13:11:03,14.33,-0.01,2,2866,卖盘
567,13:12:07,14.33,0.0,3,4299,卖盘
568,13:12:10,14.32,-0.01,6,8597,卖盘
569,13:12:25,14.32,0.0,10,14320,卖盘
570,13:12:36,14.31,-0.01,4,5724,卖盘
571,13:12:40,14.31,0.0,9,12879,卖盘
572,13:14:07,14.32,0.01,12,17184,买盘
573,13:14:10,14.31,-0.01,3,4293,卖盘
574,13:14:13,14.31,0.0,13,18603,卖盘
575,13:14:19,14.32,0.01,14,20048,买盘
576,13:15:22,14.32,0.0,9,12888,卖盘
577,13:16:16,14.32,0.0,1,1432,卖盘
578,13:16:19,14.32,0.0,6,8597,卖盘
579,13:16:25,14.32,0.0,6,8592,卖盘
580,13:17:58,14.32,0.0,2,2864,卖盘
581,13:18:04,14.33,0.01,9,12897,买盘
582,13:18:07,14.32,-0.01,7,10025,卖盘
583,13:19:07,14.31,-0.01,3,4293,卖盘
584,13:19:12,14.32,0.01,18,25776,买盘
585,13:19:39,14.32,0.0,1,1432,卖盘
586,13:20:21,14.32,0.0,3,4296,卖盘
587,13:20:36,14.32,0.0,3,4296,卖盘
588,13:20:39,14.32,0.0,10,14320,卖盘
589,13:20:43,14.33,0.01,8,11464,买盘
590,13:20:55,14.34,0.01,68,97512,买盘
591,13:21:37,14.34,0.0,3,4302,买盘
592,13:21:55,14.34,0.0,1,1434,买盘
593,13:21:58,14.34,0.0,1,1434,卖盘
594,13:22:19,14.34,0.0,3,4302,卖盘
595,13:22:40,14.33,-0.01,1,1433,卖盘
596,13:23:45,14.33,0.0,3,4299,卖盘
597,13:24:12,14.33,0.0,3,4300,卖盘
598,13:25:19,14.33,0.0,5,7165,卖盘
599,13:25:31,14.34,0.01,4,5736,买盘
600,13:25:34,14.34,0.0,2,2868,卖盘
601,13:25:58,14.34,0.0,1,1434,买盘
602,13:26:15,14.34,0.0,1,1434,买盘
603,13:26:19,14.34,0.0,3,4302,买盘
604,13:26:37,14.35,0.01,20,28700,买盘
605,13:26:42,14.34,-0.01,7,10040,卖盘
606,13:27:42,14.36,0.02,3,4308,买盘
607,13:27:52,14.36,0.0,5,7180,买盘
608,13:27:58,14.35,-0.01,1,1435,卖盘
609,13:28:01,14.36,0.01,26,37336,买盘
610,13:28:09,14.37,0.01,5,7185,买盘
611,13:28:30,14.37,0.0,2,2874,买盘
612,13:28:55,14.37,0.0,1,1437,买盘
613,13:29:09,14.38,0.01,9,12942,买盘
614,13:29:28,14.38,0.0,5,7190,卖盘
615,13:29:40,14.39,0.01,10,14390,买盘
616,13:29:46,14.39,0.0,5,7195,买盘
617,13:29:51,14.39,0.0,1,1439,买盘
618,13:29:54,14.39,0.0,2,2878,买盘
619,13:30:07,14.4,0.01,9,12960,买盘
620,13:30:19,14.4,0.0,1,1440,买盘
621,13:30:21,14.4,0.0,1,1440,买盘
622,13:30:28,14.4,0.0,3,4320,中性盘
623,13:31:04,14.4,0.0,10,14400,卖盘
624,13:31:10,14.41,0.01,1,1441,买盘
625,13:31:12,14.41,0.0,8,11528,卖盘
626,13:31:31,14.42,0.01,23,33160,买盘
627,13:31:33,14.45,0.03,100,144485,买盘
628,13:32:39,14.44,-0.01,17,24548,买盘
629,13:32:48,14.44,0.0,1,1444,卖盘
630,13:32:55,14.43,-0.01,44,63499,卖盘
631,13:33:04,14.43,0.0,6,8658,卖盘
632,13:33:06,14.43,0.0,9,12987,卖盘
633,13:33:10,14.43,0.0,2,2886,卖盘
634,13:33:40,14.42,-0.01,1,1442,卖盘
635,13:33:52,14.42,0.0,1,1442,卖盘
636,13:34:01,14.42,0.0,6,8652,卖盘
637,13:34:13,14.42,0.0,4,5768,卖盘
638,13:34:49,14.42,0.0,6,8652,卖盘
639,13:35:01,14.42,0.0,5,7210,卖盘
640,13:35:10,14.42,0.0,29,41818,卖盘
641,13:35:18,14.42,0.0,7,10094,买盘
642,13:35:31,14.4,-0.02,19,27373,卖盘
643,13:36:01,14.4,0.0,6,8640,卖盘
644,13:36:04,14.37,-0.03,31,44584,卖盘
645,13:36:10,14.41,0.04,1,1441,买盘
646,13:36:16,14.41,0.0,4,5764,卖盘
647,13:36:54,14.42,0.01,4,5764,买盘
648,13:37:28,14.42,0.0,5,7210,买盘
649,13:37:31,14.37,-0.05,47,67545,卖盘
650,13:38:04,14.37,0.0,5,7185,买盘
651,13:38:10,14.36,-0.01,3,4308,卖盘
652,13:38:18,14.36,0.0,2,2872,卖盘
653,13:38:34,14.36,0.0,2,2872,买盘
654,13:39:19,14.36,0.0,1,1436,卖盘
655,13:39:25,14.36,0.0,14,20104,买盘
656,13:39:46,14.36,0.0,1,1436,卖盘
657,13:40:04,14.36,0.0,5,7180,卖盘
658,13:40:16,14.36,0.0,7,10052,卖盘
659,13:40:28,14.36,0.0,6,8616,卖盘
660,13:41:10,14.36,0.0,8,11488,卖盘
661,13:41:33,14.36,0.0,5,7180,卖盘
662,13:42:07,14.36,0.0,24,34464,买盘
663,13:42:12,14.36,0.0,1,1436,卖盘
664,13:42:40,14.36,0.0,5,7180,卖盘
665,13:43:13,14.36,0.0,2,2872,卖盘
666,13:43:45,14.36,0.0,1,1436,卖盘
667,13:43:49,14.36,0.0,1,1436,卖盘
668,13:44:10,14.36,0.0,10,14360,买盘
669,13:44:13,14.35,-0.01,5,7175,卖盘
670,13:44:16,14.35,0.0,10,14350,卖盘
671,13:44:43,14.35,0.0,9,12915,卖盘
672,13:45:31,14.35,0.0,1,1435,卖盘
673,13:45:49,14.35,0.0,3,4305,卖盘
674,13:45:51,14.35,0.0,7,10045,卖盘
675,13:46:04,14.35,0.0,6,8610,卖盘
676,13:46:25,14.37,0.02,17,24428,买盘
677,13:46:46,14.37,0.0,9,12933,买盘
678,13:46:49,14.37,0.0,1,1437,卖盘
679,13:47:46,14.41,0.04,1,1441,买盘
680,13:47:49,14.35,-0.06,28,40204,卖盘
681,13:48:04,14.38,0.03,10,14380,卖盘
682,13:48:27,14.36,-0.02,1,1436,卖盘
683,13:49:25,14.36,0.0,4,5744,卖盘
684,13:50:13,14.38,0.02,1,1438,买盘
685,13:50:25,14.38,0.0,29,41702,买盘
686,13:50:43,14.39,0.01,1,1439,买盘
687,13:50:55,14.38,-0.01,6,8628,卖盘
688,13:51:16,14.39,0.01,1,1439,买盘
689,13:51:31,14.39,0.0,15,21585,买盘
690,13:51:58,14.39,0.0,2,2878,买盘
691,13:52:01,14.39,0.0,5,7195,买盘
692,13:52:12,14.38,-0.01,1,1438,卖盘
693,13:52:22,14.38,0.0,3,4314,卖盘
694,13:53:34,14.38,0.0,1,1438,卖盘
695,13:53:52,14.39,0.01,33,47487,买盘
696,13:53:58,14.38,-0.01,9,12943,卖盘
697,13:54:01,14.38,0.0,1,1438,买盘
698,13:54:04,14.38,0.0,1,1438,买盘
699,13:54:49,14.38,0.0,1,1438,卖盘
700,13:54:52,14.38,0.0,3,4314,卖盘
701,13:55:10,14.4,0.02,20,28795,买盘
702,13:55:43,14.38,-0.02,7,10066,卖盘
703,13:55:55,14.4,0.02,10,14397,买盘
704,13:56:25,14.38,-0.02,8,11504,卖盘
705,13:56:42,14.37,-0.01,1,1437,卖盘
706,13:57:10,14.37,0.0,3,4311,卖盘
707,13:57:54,14.37,0.0,15,21555,卖盘
708,13:58:19,14.36,-0.01,10,14360,卖盘
709,13:58:21,14.37,0.01,2,2873,买盘
710,13:59:15,14.36,-0.01,3,4308,卖盘
711,13:59:22,14.36,0.0,2,2872,卖盘
712,13:59:34,14.36,0.0,3,4308,卖盘
713,13:59:49,14.36,0.0,3,4308,卖盘
714,13:59:55,14.36,0.0,15,21554,卖盘
715,14:00:00,14.37,0.01,11,15806,买盘
716,14:00:49,14.37,0.0,3,4311,买盘
717,14:00:52,14.38,0.01,17,24446,买盘
718,14:01:07,14.41,0.03,64,92192,买盘
719,14:01:19,14.41,0.0,4,5764,买盘
720,14:01:21,14.41,0.0,36,51876,买盘
721,14:01:28,14.42,0.01,1,1442,买盘
722,14:01:40,14.44,0.02,72,103886,买盘
723,14:01:43,14.44,0.0,15,21660,买盘
724,14:01:49,14.43,-0.01,3,4329,卖盘
725,14:01:51,14.43,0.0,8,11544,买盘
726,14:01:55,14.43,0.0,5,7215,买盘
727,14:01:58,14.45,0.02,17,24557,买盘
728,14:02:04,14.45,0.0,5,7225,买盘
729,14:02:09,14.45,0.0,5,7225,买盘
730,14:02:15,14.48,0.03,70,101270,买盘
731,14:02:19,14.45,-0.03,2,2890,卖盘
732,14:02:21,14.45,0.0,2,2890,卖盘
733,14:02:24,14.49,0.04,18,26042,买盘
734,14:02:34,14.47,-0.02,3,4341,卖盘
735,14:02:40,14.49,0.02,8,11590,买盘
736,14:02:42,14.47,-0.02,14,20258,卖盘
737,14:02:45,14.47,0.0,20,28940,买盘
738,14:02:48,14.49,0.02,36,52160,买盘
739,14:02:55,14.49,0.0,6,8694,买盘
740,14:02:58,14.47,-0.02,1,1447,卖盘
741,14:03:04,14.47,0.0,20,28940,卖盘
742,14:03:07,14.48,0.01,19,27512,中性盘
743,14:03:18,14.47,-0.01,27,39069,卖盘
744,14:03:22,14.47,0.0,6,8686,卖盘
745,14:03:31,14.47,0.0,30,43410,卖盘
746,14:03:37,14.47,0.0,3,4341,卖盘
747,14:03:43,14.47,0.0,1,1447,卖盘
748,14:03:46,14.47,0.0,18,26046,卖盘
749,14:03:52,14.47,0.0,6,8682,买盘
750,14:04:22,14.45,-0.02,20,28900,买盘
751,14:04:31,14.44,-0.01,8,11552,卖盘
752,14:04:33,14.45,0.01,31,44795,买盘
753,14:04:49,14.46,0.01,1,1446,买盘
754,14:05:01,14.45,-0.01,5,7225,买盘
755,14:05:07,14.46,0.01,28,40488,买盘
756,14:05:16,14.46,0.0,10,14455,买盘
757,14:05:28,14.46,0.0,1,1446,买盘
758,14:05:34,14.45,-0.01,1,1445,卖盘
759,14:05:43,14.44,-0.01,1,1444,卖盘
760,14:05:58,14.44,0.0,14,20216,卖盘
761,14:06:04,14.44,0.0,10,14440,卖盘
762,14:06:07,14.44,0.0,5,7220,卖盘
763,14:06:10,14.44,0.0,4,5776,卖盘
764,14:06:28,14.44,0.0,20,28880,卖盘
765,14:06:37,14.44,0.0,5,7220,卖盘
766,14:07:16,14.44,0.0,3,4331,买盘
767,14:08:13,14.39,-0.05,9,12951,卖盘
768,14:08:31,14.39,0.0,1,1439,卖盘
769,14:08:45,14.4,0.01,4,5760,卖盘
770,14:08:49,14.4,0.0,13,18720,卖盘
771,14:09:13,14.39,-0.01,10,14390,卖盘
772,14:09:34,14.39,0.0,5,7195,卖盘
773,14:10:22,14.4,0.01,8,11520,买盘
774,14:10:25,14.39,-0.01,1,1439,卖盘
775,14:10:37,14.4,0.01,5,7200,买盘
776,14:10:54,14.39,-0.01,14,20146,卖盘
777,14:10:57,14.4,0.01,5,7200,买盘
778,14:11:00,14.39,-0.01,2,2878,卖盘
779,14:11:16,14.39,0.0,5,7195,卖盘
780,14:11:25,14.4,0.01,8,11520,买盘
781,14:11:31,14.39,-0.01,1,1439,卖盘
782,14:11:37,14.39,0.0,1,1439,卖盘
783,14:11:45,14.39,0.0,5,7195,卖盘
784,14:11:55,14.39,0.0,3,4317,卖盘
785,14:12:31,14.4,0.01,2,2880,买盘
786,14:12:37,14.4,0.0,1,1440,买盘
787,14:12:46,14.4,0.0,2,2880,买盘
788,14:13:10,14.41,0.01,20,28820,买盘
789,14:13:16,14.41,0.0,18,25949,卖盘
790,14:13:28,14.44,0.03,12,17323,买盘
791,14:13:37,14.44,0.0,18,25992,买盘
792,14:13:46,14.45,0.01,4,5780,买盘
793,14:13:52,14.45,0.0,3,4335,买盘
794,14:14:01,14.46,0.01,10,14460,买盘
795,14:14:25,14.46,0.0,2,2892,买盘
796,14:14:27,14.46,0.0,23,33258,买盘
797,14:14:37,14.46,0.0,5,7230,买盘
798,14:14:40,14.46,0.0,28,39765,买盘
799,14:14:52,14.47,0.01,18,26036,买盘
800,14:14:55,14.46,-0.01,1,1446,卖盘
801,14:15:07,14.46,0.0,10,14460,卖盘
802,14:15:13,14.46,0.0,24,34704,卖盘
803,14:15:25,14.46,0.0,2,2892,卖盘
804,14:15:28,14.46,0.0,8,12291,卖盘
805,14:15:51,14.43,-0.03,2,2886,卖盘
806,14:16:49,14.44,0.01,4,5054,买盘
807,14:17:37,14.45,0.01,6,8669,买盘
808,14:17:42,14.45,0.0,4,5780,买盘
809,14:17:45,14.45,0.0,21,30345,卖盘
810,14:17:49,14.45,0.0,8,11560,卖盘
811,14:18:28,14.45,0.0,3,4335,卖盘
812,14:18:31,14.46,0.01,103,148935,买盘
813,14:18:34,14.45,-0.01,15,21675,卖盘
814,14:18:37,14.45,0.0,1,1445,卖盘
815,14:18:39,14.46,0.01,63,91098,买盘
816,14:18:58,14.47,0.01,23,33281,买盘
817,14:19:07,14.47,0.0,13,18811,卖盘
818,14:19:09,14.49,0.02,31,44905,买盘
819,14:19:22,14.49,0.0,7,10143,买盘
820,14:19:25,14.5,0.01,7,10145,买盘
821,14:19:28,14.5,0.0,65,94250,买盘
822,14:19:36,14.51,0.01,45,65291,买盘
823,14:19:39,14.51,0.0,1,1451,买盘
824,14:19:43,14.51,0.0,3,4353,卖盘
825,14:19:49,14.51,0.0,12,17412,卖盘
826,14:19:52,14.52,0.01,41,59532,买盘
827,14:19:55,14.52,0.0,4,5808,卖盘
828,14:20:01,14.52,0.0,19,27588,买盘
829,14:20:07,14.52,0.0,5,7260,卖盘
830,14:20:10,14.52,0.0,9,13074,卖盘
831,14:20:16,14.53,0.01,32,46505,买盘
832,14:20:18,14.53,0.0,11,15983,卖盘
833,14:20:22,14.53,0.0,3,4359,卖盘
834,14:20:31,14.53,0.0,7,10171,卖盘
835,14:20:34,14.54,0.01,42,61068,买盘
836,14:20:37,14.52,-0.02,21,30514,卖盘
837,14:20:40,14.54,0.02,27,39231,买盘
838,14:20:43,14.51,-0.03,1,1451,卖盘
839,14:20:57,14.51,0.0,4,5804,卖盘
840,14:21:01,14.51,0.0,1,1451,卖盘
841,14:21:07,14.51,0.0,12,17412,卖盘
842,14:21:24,14.5,-0.01,10,14503,卖盘
843,14:21:27,14.5,0.0,3,4350,卖盘
844,14:21:30,14.49,-0.01,6,8694,卖盘
845,14:21:40,14.49,0.0,1,1449,卖盘
846,14:21:43,14.47,-0.02,51,73799,卖盘
847,14:21:46,14.47,0.0,8,11576,卖盘
848,14:22:13,14.47,0.0,1,1447,买盘
849,14:22:25,14.47,0.0,3,4341,卖盘
850,14:23:13,14.44,-0.03,9,13001,卖盘
851,14:23:22,14.44,0.0,2,2888,卖盘
852,14:23:31,14.45,0.01,1,1445,卖盘
853,14:23:58,14.45,0.0,5,7225,买盘
854,14:24:04,14.45,0.0,3,4335,买盘
855,14:24:28,14.45,0.0,8,11560,卖盘
856,14:25:04,14.46,0.01,2,2892,买盘
857,14:26:46,14.45,-0.01,10,14450,卖盘
858,14:26:52,14.45,0.0,1,1445,卖盘
859,14:27:22,14.45,0.0,10,14450,卖盘
860,14:27:28,14.45,0.0,12,17340,卖盘
861,14:27:55,14.46,0.01,15,21690,买盘
862,14:28:22,14.46,0.0,21,30366,买盘
863,14:28:34,14.45,-0.01,1,1445,卖盘
864,14:29:24,14.45,0.0,26,37570,卖盘
865,14:30:16,14.45,0.0,15,21675,卖盘
866,14:30:22,14.45,0.0,1,1445,卖盘
867,14:30:43,14.45,0.0,15,21675,卖盘
868,14:30:51,14.46,0.01,1,1446,买盘
869,14:30:55,14.45,-0.01,20,28900,卖盘
870,14:30:57,14.45,0.0,20,28900,卖盘
871,14:31:01,14.46,0.01,1,1446,买盘
872,14:31:04,14.46,0.0,1,1446,买盘
873,14:31:16,14.46,0.0,10,14458,买盘
874,14:31:22,14.46,0.0,1,1446,卖盘
875,14:31:25,14.46,0.0,5,7230,卖盘
876,14:31:31,14.46,0.0,20,28920,卖盘
877,14:31:46,14.46,0.0,6,8679,卖盘
878,14:32:01,14.45,-0.01,2,2890,卖盘
879,14:32:58,14.44,-0.01,6,8664,卖盘
880,14:33:19,14.44,0.0,1,1444,买盘
881,14:33:58,14.43,-0.01,4,5772,卖盘
882,14:34:10,14.43,0.0,5,7215,卖盘
883,14:34:19,14.43,0.0,5,7215,卖盘
884,14:34:54,14.43,0.0,11,15873,卖盘
885,14:35:10,14.42,-0.01,9,12978,卖盘
886,14:35:24,14.42,0.0,8,11536,卖盘
887,14:35:39,14.41,-0.01,7,10087,卖盘
888,14:35:52,14.4,-0.01,3,4320,卖盘
889,14:36:06,14.4,0.0,35,50404,卖盘
890,14:36:12,14.4,0.0,4,5760,卖盘
891,14:36:19,14.41,0.01,15,21605,买盘
892,14:36:24,14.4,-0.01,8,11520,卖盘
893,14:36:33,14.41,0.01,1,1441,买盘
894,14:36:39,14.4,-0.01,7,10080,卖盘
895,14:36:49,14.41,0.01,22,31702,买盘
896,14:37:19,14.41,0.0,5,7205,买盘
897,14:37:25,14.4,-0.01,42,60485,卖盘
898,14:37:34,14.4,0.0,16,23040,买盘
899,14:37:43,14.4,0.0,11,15840,买盘
900,14:37:46,14.4,0.0,8,11520,买盘
901,14:37:49,14.4,0.0,63,90720,买盘
902,14:38:16,14.4,0.0,1,1440,卖盘
903,14:38:19,14.41,0.01,18,25938,买盘
904,14:38:25,14.39,-0.02,63,90678,卖盘
905,14:38:28,14.39,0.0,39,56121,买盘
906,14:38:31,14.4,0.01,2,2880,卖盘
907,14:39:00,14.42,0.02,5,7210,买盘
908,14:39:04,14.41,-0.01,31,44701,卖盘
909,14:39:13,14.42,0.01,18,25953,买盘
910,14:39:19,14.41,-0.01,26,37466,卖盘
911,14:40:55,14.41,0.0,6,8646,卖盘
912,14:40:58,14.41,0.0,4,6484,卖盘
913,14:41:01,14.41,0.0,1,1441,卖盘
914,14:41:22,14.41,0.0,28,39628,卖盘
915,14:41:34,14.4,-0.01,1,1440,卖盘
916,14:42:01,14.4,0.0,5,7200,卖盘
917,14:42:31,14.39,-0.01,70,100786,卖盘
918,14:42:34,14.41,0.02,50,72022,买盘
919,14:43:16,14.4,-0.01,11,15840,买盘
920,14:43:22,14.41,0.01,33,47552,买盘
921,14:43:28,14.41,0.0,6,8646,买盘
922,14:43:52,14.4,-0.01,3,4320,卖盘
923,14:44:10,14.41,0.01,3,4323,买盘
924,14:44:34,14.4,-0.01,3,4320,卖盘
925,14:44:46,14.4,0.0,21,30240,卖盘
926,14:44:49,14.41,0.01,2,2882,买盘
927,14:45:01,14.4,-0.01,1,1440,卖盘
928,14:45:19,14.41,0.01,1,1441,买盘
929,14:45:22,14.4,-0.01,5,7200,卖盘
930,14:45:40,14.4,0.0,5,7200,卖盘
931,14:46:01,14.41,0.01,40,57640,买盘
932,14:46:07,14.4,-0.01,4,5760,卖盘
933,14:46:16,14.41,0.01,7,10087,买盘
934,14:46:19,14.41,0.0,10,15130,买盘
935,14:46:22,14.41,0.0,1,1441,卖盘
936,14:46:34,14.42,0.01,6,8652,买盘
937,14:46:46,14.42,0.0,38,54796,买盘
938,14:46:52,14.41,-0.01,1,1441,卖盘
939,14:47:19,14.42,0.01,65,93730,买盘
940,14:47:22,14.42,0.0,25,36050,买盘
941,14:47:31,14.42,0.0,20,28840,买盘
942,14:47:34,14.42,0.0,3,4326,买盘
943,14:47:40,14.42,0.0,34,49028,买盘
944,14:47:52,14.42,0.0,3,4326,卖盘
945,14:48:22,14.42,0.0,86,124174,卖盘
946,14:48:43,14.43,0.01,3,4329,卖盘
947,14:49:07,14.44,0.01,1,1444,卖盘
948,14:49:10,14.43,-0.01,9,12987,卖盘
949,14:49:16,14.42,-0.01,3,4326,卖盘
950,14:49:22,14.43,0.01,6,8658,买盘
951,14:49:28,14.43,0.0,13,18759,卖盘
952,14:49:40,14.43,0.0,20,28860,买盘
953,14:49:46,14.43,0.0,3,4329,卖盘
954,14:50:04,14.42,-0.01,19,27416,卖盘
955,14:50:13,14.42,0.0,1,1442,买盘
956,14:50:19,14.42,0.0,3,4326,卖盘
957,14:50:46,14.42,0.0,7,10094,卖盘
958,14:51:22,14.42,0.0,2,2884,卖盘
959,14:52:01,14.41,-0.01,16,22336,卖盘
960,14:52:10,14.41,0.0,15,21615,卖盘
961,14:52:16,14.41,0.0,12,17292,卖盘
962,14:52:19,14.41,0.0,5,7205,卖盘
963,14:52:22,14.41,0.0,8,11528,卖盘
964,14:52:25,14.41,0.0,1,1441,卖盘
965,14:52:31,14.4,-0.01,18,25920,卖盘
966,14:52:46,14.4,0.0,10,14400,卖盘
967,14:52:49,14.4,0.0,8,11520,卖盘
968,14:52:52,14.4,0.0,1,1440,卖盘
969,14:52:55,14.39,-0.01,5,7196,卖盘
970,14:52:58,14.4,0.01,2,2880,买盘
971,14:53:01,14.4,0.0,1,1440,卖盘
972,14:53:04,14.4,0.0,5,7200,卖盘
973,14:53:07,14.4,0.0,12,17280,卖盘
974,14:53:25,14.4,0.0,10,14400,买盘
975,14:53:28,14.39,-0.01,10,14390,卖盘
976,14:53:31,14.4,0.01,31,44640,买盘
977,14:53:40,14.39,-0.01,70,100730,卖盘
978,14:53:52,14.38,-0.01,13,18694,卖盘
979,14:54:04,14.38,0.0,10,14380,卖盘
980,14:54:16,14.38,0.0,4,5752,卖盘
981,14:54:25,14.38,0.0,7,10066,卖盘
982,14:54:28,14.38,0.0,13,18694,卖盘
983,14:54:34,14.38,0.0,4,5752,卖盘
984,14:54:43,14.38,0.0,4,5755,卖盘
985,14:54:46,14.38,0.0,49,70464,卖盘
986,14:54:55,14.38,0.0,16,23008,卖盘
987,14:55:10,14.38,0.0,13,18694,买盘
988,14:55:16,14.4,0.02,80,115068,买盘
989,14:55:22,14.4,0.0,33,47491,买盘
990,14:55:34,14.41,0.01,19,27374,买盘
991,14:55:46,14.41,0.0,51,73491,卖盘
992,14:55:49,14.42,0.01,61,87949,买盘
993,14:55:52,14.4,-0.02,5,7200,卖盘
994,14:56:01,14.4,0.0,9,12960,卖盘
995,14:56:10,14.42,0.02,20,28820,买盘
996,14:56:13,14.38,-0.04,30,43140,卖盘
997,14:56:22,14.44,0.06,30,43280,买盘
998,14:56:25,14.42,-0.02,5,7210,卖盘
999,14:56:43,14.45,0.03,10,14450,卖盘
1000,14:56:49,14.41,-0.04,2,2882,卖盘
1001,15:00:04,14.38,-0.03,237,340806,卖盘
