,time,price,change,volume,amount,type
0,09:25:04,23.6,-0.05,19,44840,卖盘
1,09:30:05,23.58,-0.02,82,192835,中性盘
2,09:30:07,23.59,0.01,38,89520,买盘
3,09:30:10,23.58,-0.01,25,58912,中性盘
4,09:30:13,23.57,-0.01,18,42379,买盘
5,09:30:16,23.59,0.02,86,202748,买盘
6,09:30:18,23.59,0.0,53,125027,卖盘
7,09:30:22,23.59,0.0,19,44821,卖盘
8,09:30:28,23.6,0.01,11,25954,买盘
9,09:30:31,23.59,-0.01,31,73129,卖盘
10,09:30:34,23.57,-0.02,164,386891,卖盘
11,09:30:40,23.58,0.01,16,37726,买盘
12,09:30:42,23.58,0.0,23,54234,卖盘
13,09:30:45,23.58,0.0,5,11790,卖盘
14,09:30:49,23.58,0.0,6,14148,卖盘
15,09:30:58,23.57,-0.01,1,2357,中性盘
16,09:31:01,23.58,0.01,14,33011,买盘
17,09:31:04,23.51,-0.07,4,9403,中性盘
18,09:31:07,23.5,-0.01,21,49361,卖盘
19,09:31:10,23.59,0.09,48,113228,买盘
20,09:31:12,23.5,-0.09,5,11753,卖盘
21,09:31:16,23.5,0.0,4,9400,买盘
22,09:31:19,23.5,0.0,6,14098,买盘
23,09:31:22,23.5,0.0,11,25850,买盘
24,09:31:25,23.5,0.0,45,105739,买盘
25,09:31:27,23.55,0.05,7,16455,买盘
26,09:31:31,23.58,0.03,5,11778,买盘
27,09:31:34,23.58,0.0,43,101792,买盘
28,09:31:36,23.52,-0.06,6,14116,买盘
29,09:31:40,23.56,0.04,22,51836,买盘
30,09:31:43,23.58,0.02,38,89604,买盘
31,09:31:46,23.57,-0.01,4,9439,卖盘
32,09:31:48,23.67,0.1,6,14182,买盘
33,09:31:52,23.67,0.0,3,7134,卖盘
34,09:31:55,23.58,-0.09,5,11790,卖盘
35,09:31:58,23.67,0.09,1,2367,买盘
36,09:32:01,23.61,-0.06,9,21285,卖盘
37,09:32:04,23.66,0.05,4,9464,中性盘
38,09:32:06,23.82,0.16,20,47354,买盘
39,09:32:10,23.82,0.0,91,216804,卖盘
40,09:32:13,23.82,0.0,4,9528,中性盘
41,09:32:16,23.66,-0.16,44,104104,卖盘
42,09:32:18,23.67,0.01,1,2367,卖盘
43,09:32:21,23.78,0.11,1,2378,买盘
44,09:32:25,23.78,0.0,14,33281,买盘
45,09:32:28,23.67,-0.11,23,54589,卖盘
46,09:32:31,23.78,0.11,5,11902,中性盘
47,09:32:36,23.86,0.08,32,76272,买盘
48,09:32:43,23.78,-0.08,10,23795,卖盘
49,09:32:46,23.78,0.0,1,2378,买盘
50,09:32:49,23.72,-0.06,18,42835,中性盘
51,09:32:52,23.78,0.06,1,2378,买盘
52,09:32:55,23.78,0.0,4,9512,卖盘
53,09:32:58,23.78,0.0,4,9512,卖盘
54,09:33:01,23.78,0.0,7,16649,卖盘
55,09:33:05,23.78,0.0,22,52307,卖盘
56,09:33:07,23.78,0.0,14,33279,买盘
57,09:33:09,23.78,0.0,12,28536,卖盘
58,09:33:13,23.73,-0.05,19,45167,卖盘
59,09:33:15,23.78,0.05,20,47552,买盘
60,09:33:18,23.73,-0.05,8,18984,卖盘
61,09:33:21,23.7,-0.03,1,2370,卖盘
62,09:33:25,23.7,0.0,4,9480,卖盘
63,09:33:28,23.68,-0.02,2,4736,卖盘
64,09:33:31,23.7,0.02,11,26052,买盘
65,09:33:33,23.7,0.0,5,11850,卖盘
66,09:33:39,23.73,0.03,5,11865,中性盘
67,09:33:42,23.7,-0.03,1,2370,卖盘
68,09:33:49,23.7,0.0,3,7110,卖盘
69,09:34:01,23.7,0.0,25,59250,卖盘
70,09:34:04,23.7,0.0,7,16582,买盘
71,09:34:06,23.68,-0.02,10,23680,卖盘
72,09:34:09,23.68,0.0,35,82880,卖盘
73,09:34:13,23.63,-0.05,11,26021,卖盘
74,09:34:19,23.63,0.0,6,14178,卖盘
75,09:34:21,23.62,-0.01,11,25987,中性盘
76,09:34:25,23.62,0.0,12,28340,买盘
77,09:34:33,23.59,-0.03,7,16518,卖盘
78,09:34:37,23.59,0.0,2,4718,卖盘
79,09:34:40,23.58,-0.01,1,2358,卖盘
80,09:34:43,23.58,0.0,7,16506,卖盘
81,09:34:48,23.55,-0.03,1,2355,卖盘
82,09:34:54,23.55,0.0,12,28260,买盘
83,09:34:58,23.56,0.01,15,35340,买盘
84,09:35:00,23.57,0.01,7,16488,买盘
85,09:35:04,23.56,-0.01,37,87161,卖盘
86,09:35:06,23.55,-0.01,23,54165,买盘
87,09:35:09,23.56,0.01,6,14136,买盘
88,09:35:13,23.56,0.0,19,44771,卖盘
89,09:35:16,23.52,-0.04,45,105846,卖盘
90,09:35:19,23.56,0.04,4,9424,买盘
91,09:35:21,23.59,0.03,2,4718,买盘
92,09:35:27,23.6,0.01,3,7080,买盘
93,09:35:31,23.6,0.0,12,28320,买盘
94,09:35:34,23.6,0.0,9,21240,买盘
95,09:35:36,23.54,-0.06,60,141370,卖盘
96,09:35:40,23.54,0.0,10,23540,买盘
97,09:35:43,23.54,0.0,71,167134,买盘
98,09:35:49,23.53,-0.01,11,25883,卖盘
99,09:35:51,23.56,0.03,7,16492,买盘
100,09:36:01,23.53,-0.03,1,2353,卖盘
101,09:36:04,23.53,0.0,11,25884,卖盘
102,09:36:07,23.59,0.06,4,9430,中性盘
103,09:36:10,23.51,-0.08,12,28212,卖盘
104,09:36:18,23.52,0.01,1,2352,卖盘
105,09:36:22,23.51,-0.01,5,11755,卖盘
106,09:36:25,23.5,-0.01,17,39969,卖盘
107,09:36:28,23.5,0.0,12,28215,卖盘
108,09:36:30,23.5,0.0,18,42300,卖盘
109,09:36:34,23.5,0.0,2,4698,买盘
110,09:36:37,23.46,-0.04,8,18782,卖盘
111,09:36:45,23.41,-0.05,2,4682,卖盘
112,09:36:49,23.42,0.01,4,9368,卖盘
113,09:36:52,23.41,-0.01,18,42144,卖盘
114,09:36:57,23.41,0.0,3,7023,买盘
115,09:37:01,23.4,-0.01,28,65544,卖盘
116,09:37:04,23.41,0.01,10,23410,卖盘
117,09:37:07,23.41,0.0,6,14046,买盘
118,09:37:13,23.41,0.0,1,2341,卖盘
119,09:37:16,23.41,0.0,9,21069,卖盘
120,09:37:19,23.43,0.02,52,121745,买盘
121,09:37:22,23.44,0.01,34,79675,买盘
122,09:37:25,23.42,-0.02,1,2342,买盘
123,09:37:27,23.48,0.06,5,11740,买盘
124,09:37:34,23.5,0.02,3,7050,买盘
125,09:37:36,23.52,0.02,17,39977,买盘
126,09:37:39,23.48,-0.04,28,65846,卖盘
127,09:37:43,23.67,0.19,12,28357,买盘
128,09:37:46,23.6,-0.07,3,7080,卖盘
129,09:37:49,23.6,0.0,9,21292,卖盘
130,09:37:51,23.65,0.05,6,14179,买盘
131,09:37:55,23.75,0.1,51,120717,买盘
132,09:37:58,23.68,-0.07,93,220439,卖盘
133,09:38:00,23.6,-0.08,54,127849,卖盘
134,09:38:04,23.6,0.0,4,9440,买盘
135,09:38:10,23.6,0.0,11,25976,买盘
136,09:38:13,23.68,0.08,10,23664,买盘
137,09:38:16,23.68,0.0,17,40231,买盘
138,09:38:19,23.6,-0.08,1,2360,卖盘
139,09:38:21,23.6,0.0,21,49560,卖盘
140,09:38:24,23.53,-0.07,3,7059,卖盘
141,09:38:34,23.59,0.06,2,4712,买盘
142,09:38:37,23.59,0.0,4,9436,卖盘
143,09:38:42,23.59,0.0,6,14154,买盘
144,09:38:46,23.53,-0.06,2,4706,卖盘
145,09:38:52,23.52,-0.01,8,18817,卖盘
146,09:38:57,23.52,0.0,5,11760,卖盘
147,09:39:01,23.51,-0.01,100,235100,卖盘
148,09:39:04,23.5,-0.01,40,94043,卖盘
149,09:39:06,23.5,0.0,3,7050,卖盘
150,09:39:10,23.48,-0.02,8,18784,卖盘
151,09:39:13,23.43,-0.05,23,53889,卖盘
152,09:39:16,23.43,0.0,5,11715,买盘
153,09:39:19,23.43,0.0,1,2343,卖盘
154,09:39:22,23.43,0.0,44,103128,卖盘
155,09:39:25,23.45,0.02,16,37519,买盘
156,09:39:28,23.42,-0.03,4,9368,卖盘
157,09:39:40,23.5,0.08,8,18798,买盘
158,09:39:49,23.45,-0.05,2,4690,卖盘
159,09:39:52,23.43,-0.02,6,14058,卖盘
160,09:39:57,23.43,0.0,4,9372,卖盘
161,09:40:01,23.43,0.0,1,2343,卖盘
162,09:40:04,23.43,0.0,8,18744,买盘
163,09:40:07,23.43,0.0,40,93720,买盘
164,09:40:10,23.45,0.02,6,14066,买盘
165,09:40:12,23.45,0.0,5,11725,卖盘
166,09:40:19,23.4,-0.05,240,561740,卖盘
167,09:40:22,23.38,-0.02,97,226974,卖盘
168,09:40:24,23.4,0.02,62,145036,买盘
169,09:40:28,23.4,0.0,5,11700,买盘
170,09:40:31,23.4,0.0,18,42120,买盘
171,09:40:33,23.4,0.0,11,25740,买盘
172,09:40:37,23.38,-0.02,33,77208,卖盘
173,09:40:40,23.4,0.02,51,119338,买盘
174,09:40:43,23.4,0.0,13,30420,买盘
175,09:40:46,23.4,0.0,20,46800,买盘
176,09:40:49,23.4,0.0,87,203580,买盘
177,09:40:52,23.4,0.0,182,425904,买盘
178,09:40:54,23.4,0.0,38,90111,卖盘
179,09:41:01,23.4,0.0,17,39781,卖盘
180,09:41:04,23.41,0.01,11,25751,中性盘
181,09:41:06,23.41,0.0,3,7021,中性盘
182,09:41:19,23.41,0.0,2,4683,卖盘
183,09:41:22,23.41,0.0,10,23412,卖盘
184,09:41:28,23.41,0.0,37,86637,卖盘
185,09:41:31,23.41,0.0,3,7023,卖盘
186,09:41:33,23.42,0.01,10,23417,买盘
187,09:41:39,23.42,0.0,3,7026,买盘
188,09:41:43,23.42,0.0,19,44498,买盘
189,09:41:51,23.42,0.0,6,14052,卖盘
190,09:41:58,23.42,0.0,26,60897,卖盘
191,09:42:04,23.41,-0.01,15,35117,卖盘
192,09:42:07,23.41,0.0,1,2341,中性盘
193,09:42:10,23.41,0.0,2,4682,买盘
194,09:42:13,23.41,0.0,2,4682,买盘
195,09:42:18,23.41,0.0,11,25751,买盘
196,09:42:21,23.4,-0.01,7,16380,卖盘
197,09:42:25,23.4,0.0,55,128703,卖盘
198,09:42:33,23.4,0.0,2,4680,卖盘
199,09:42:36,23.4,0.0,58,135720,卖盘
200,09:42:40,23.4,0.0,1,2340,中性盘
201,09:42:43,23.38,-0.02,17,39758,卖盘
202,09:42:45,23.38,0.0,12,28064,卖盘
203,09:42:48,23.4,0.02,3,7019,买盘
204,09:42:55,23.39,-0.01,10,23401,卖盘
205,09:42:58,23.39,0.0,10,23396,卖盘
206,09:43:01,23.38,-0.01,2,4676,卖盘
207,09:43:04,23.38,0.0,7,16366,卖盘
208,09:43:07,23.38,0.0,4,9352,买盘
209,09:43:10,23.38,0.0,1,2338,卖盘
210,09:43:13,23.38,0.0,6,14027,买盘
211,09:43:16,23.38,0.0,4,9352,买盘
212,09:43:19,23.38,0.0,1,2338,卖盘
213,09:43:21,23.38,0.0,14,32732,卖盘
214,09:43:25,23.38,0.0,17,39746,卖盘
215,09:43:33,23.38,0.0,42,98126,买盘
216,09:43:37,23.36,-0.02,1,2336,卖盘
217,09:43:40,23.36,0.0,12,28033,买盘
218,09:43:42,23.35,-0.01,4,9340,卖盘
219,09:43:45,23.35,0.0,6,14010,卖盘
220,09:43:49,23.35,0.0,2,4670,卖盘
221,09:43:52,23.36,0.01,8,18688,中性盘
222,09:44:01,23.35,-0.01,1,2335,卖盘
223,09:44:04,23.35,0.0,11,25685,卖盘
224,09:44:07,23.35,0.0,9,21015,卖盘
225,09:44:09,23.35,0.0,1,2335,卖盘
226,09:44:13,23.35,0.0,12,28020,卖盘
227,09:44:16,23.35,0.0,26,60731,卖盘
228,09:44:18,23.35,0.0,26,60710,卖盘
229,09:44:22,23.35,0.0,2,4670,卖盘
230,09:44:25,23.33,-0.02,4,9332,卖盘
231,09:44:27,23.3,-0.03,37,86258,卖盘
232,09:44:31,23.3,0.0,46,107210,卖盘
233,09:44:33,23.28,-0.02,26,60485,卖盘
234,09:44:36,23.26,-0.02,13,30213,中性盘
235,09:44:40,23.21,-0.05,36,83620,卖盘
236,09:44:42,23.2,-0.01,11,25523,卖盘
237,09:44:46,23.18,-0.02,42,97432,卖盘
238,09:44:49,23.16,-0.02,11,25486,卖盘
239,09:44:54,23.13,-0.03,65,150315,卖盘
240,09:44:58,23.15,0.02,15,34683,买盘
241,09:45:04,23.16,0.01,23,53242,卖盘
242,09:45:06,23.15,-0.01,4,9262,中性盘
243,09:45:10,23.15,0.0,12,27791,卖盘
244,09:45:12,23.16,0.01,35,81058,买盘
245,09:45:16,23.15,-0.01,36,83386,卖盘
246,09:45:19,23.16,0.01,9,20845,卖盘
247,09:45:22,23.16,0.0,1,2316,卖盘
248,09:45:24,23.16,0.0,6,13906,卖盘
249,09:45:27,23.19,0.03,92,213247,买盘
250,09:45:31,23.16,-0.03,31,71861,卖盘
251,09:45:34,23.16,0.0,7,16212,卖盘
252,09:45:37,23.16,0.0,3,6948,买盘
253,09:45:39,23.16,0.0,19,44004,买盘
254,09:45:43,23.15,-0.01,14,32412,卖盘
255,09:45:46,23.16,0.01,52,120402,买盘
256,09:45:49,23.14,-0.02,22,50938,卖盘
257,09:45:52,23.14,0.0,41,94904,卖盘
258,09:45:55,23.14,0.0,7,16194,买盘
259,09:46:01,23.14,0.0,7,16198,买盘
260,09:46:04,23.14,0.0,47,108747,买盘
261,09:46:07,23.15,0.01,21,48615,买盘
262,09:46:10,23.17,0.02,15,34749,买盘
263,09:46:13,23.16,-0.01,27,62628,卖盘
264,09:46:15,23.53,0.37,40,93419,买盘
265,09:46:19,23.17,-0.36,18,41706,卖盘
266,09:46:22,23.52,0.35,64,149424,中性盘
267,09:46:25,23.6,0.08,174,410430,买盘
268,09:46:28,23.17,-0.43,84,194830,卖盘
269,09:46:31,23.52,0.35,4,9408,买盘
270,09:46:34,23.51,-0.01,4,9404,中性盘
271,09:46:46,23.3,-0.21,2,4660,卖盘
272,09:47:04,23.3,0.0,25,58290,卖盘
273,09:47:06,23.3,0.0,11,25610,买盘
274,09:47:10,23.3,0.0,48,111970,卖盘
275,09:47:16,23.34,0.04,4,9336,卖盘
276,09:47:19,23.39,0.05,29,67726,买盘
277,09:47:27,23.32,-0.07,3,6996,卖盘
278,09:47:31,23.32,0.0,2,4663,买盘
279,09:47:34,23.3,-0.02,24,55920,卖盘
280,09:47:37,23.29,-0.01,25,58249,卖盘
281,09:47:39,23.32,0.03,11,25622,买盘
282,09:47:52,23.29,-0.03,1,2329,卖盘
283,09:47:58,23.3,0.01,1,2330,买盘
284,09:48:01,23.32,0.02,21,48959,买盘
285,09:48:04,23.32,0.0,13,30316,卖盘
286,09:48:09,23.37,0.05,73,170168,买盘
287,09:48:19,23.37,0.0,30,70104,买盘
288,09:48:25,23.31,-0.06,2,4662,卖盘
289,09:48:31,23.31,0.0,22,51282,卖盘
290,09:48:49,23.3,-0.01,9,20970,卖盘
291,09:48:52,23.3,0.0,40,93200,卖盘
292,09:48:54,23.28,-0.02,52,121100,卖盘
293,09:48:58,23.28,0.0,43,100118,卖盘
294,09:49:01,23.25,-0.03,1,2325,卖盘
295,09:49:04,23.25,0.0,11,25575,卖盘
296,09:49:06,23.26,0.01,2,4652,中性盘
297,09:49:13,23.25,-0.01,23,53478,卖盘
298,09:49:22,23.25,0.0,4,9301,卖盘
299,09:49:28,23.25,0.0,15,34893,卖盘
300,09:49:30,23.25,0.0,27,62775,卖盘
301,09:49:37,23.25,0.0,5,11625,买盘
302,09:49:42,23.24,-0.01,5,11620,买盘
303,09:49:46,23.23,-0.01,1,2323,卖盘
304,09:49:49,23.24,0.01,5,11620,买盘
305,09:49:52,23.24,0.0,7,16262,买盘
306,09:50:01,23.23,-0.01,2,4646,卖盘
307,09:50:04,23.23,0.0,47,109222,卖盘
308,09:50:13,23.27,0.04,5,11635,买盘
309,09:50:15,23.24,-0.03,12,27888,买盘
310,09:50:19,23.24,0.0,3,6972,卖盘
311,09:50:22,23.24,0.0,22,51157,卖盘
312,09:50:25,23.24,0.0,2,4648,买盘
313,09:50:28,23.22,-0.02,2,4645,卖盘
314,09:50:31,23.23,0.01,1,2323,买盘
315,09:50:34,23.22,-0.01,9,20898,卖盘
316,09:50:40,23.21,-0.01,22,51065,卖盘
317,09:50:43,23.2,-0.01,81,187922,卖盘
318,09:50:46,23.19,-0.01,40,92799,卖盘
319,09:50:49,23.18,-0.01,13,30135,卖盘
320,09:50:52,23.18,0.0,13,30162,卖盘
321,09:50:54,23.18,0.0,15,34798,卖盘
322,09:50:58,23.17,-0.01,30,69510,卖盘
323,09:51:01,23.18,0.01,16,37078,买盘
324,09:51:04,23.16,-0.02,21,48652,卖盘
325,09:51:07,23.15,-0.01,22,50945,卖盘
326,09:51:12,23.16,0.01,7,16222,中性盘
327,09:51:16,23.14,-0.02,121,280093,卖盘
328,09:51:19,23.14,0.0,2,4628,卖盘
329,09:51:21,23.18,0.04,25,57883,买盘
330,09:51:24,23.16,-0.02,10,23166,卖盘
331,09:51:27,23.2,0.04,19,44080,买盘
332,09:51:34,23.2,0.0,54,125280,卖盘
333,09:51:37,23.21,0.01,39,90501,买盘
334,09:51:40,23.21,0.0,22,51062,卖盘
335,09:51:43,23.2,-0.01,60,139200,卖盘
336,09:51:46,23.2,0.0,3,6952,买盘
337,09:51:49,23.2,0.0,11,25520,买盘
338,09:51:52,23.2,0.0,4,9280,买盘
339,09:51:55,23.18,-0.02,6,13916,卖盘
340,09:51:57,23.2,0.02,23,53354,买盘
341,09:52:04,23.18,-0.02,11,25498,卖盘
342,09:52:06,23.21,0.03,3,6960,买盘
343,09:52:10,23.2,-0.01,2,4640,卖盘
344,09:52:16,23.21,0.01,4,9284,买盘
345,09:52:33,23.2,-0.01,40,92801,卖盘
346,09:52:37,23.19,-0.01,2,4638,卖盘
347,09:52:40,23.19,0.0,12,27836,中性盘
348,09:52:43,23.18,-0.01,1,2318,卖盘
349,09:52:46,23.19,0.01,24,55656,买盘
350,09:52:49,23.18,-0.01,10,23180,卖盘
351,09:52:52,23.17,-0.01,8,18548,卖盘
352,09:52:55,23.25,0.08,8,18563,买盘
353,09:53:01,23.26,0.01,7,16252,买盘
354,09:53:04,23.17,-0.09,7,16219,卖盘
355,09:53:07,23.21,0.04,10,23186,买盘
356,09:53:10,23.21,0.0,1,2321,买盘
357,09:53:13,23.21,0.0,3,6963,买盘
358,09:53:16,23.21,0.0,8,18568,买盘
359,09:53:18,23.29,0.08,7,16284,买盘
360,09:53:22,23.21,-0.08,1,2321,卖盘
361,09:53:28,23.3,0.09,30,69869,买盘
362,09:53:30,23.3,0.0,18,41903,买盘
363,09:53:33,23.2,-0.1,44,102094,卖盘
364,09:53:37,23.3,0.1,23,53579,买盘
365,09:53:43,23.2,-0.1,5,11600,卖盘
366,09:53:46,23.27,0.07,2,4654,买盘
367,09:53:49,23.23,-0.04,1,2323,中性盘
368,09:53:52,23.24,0.01,9,20916,卖盘
369,09:53:55,23.2,-0.04,30,69610,卖盘
370,09:53:58,23.19,-0.01,4,9276,卖盘
371,09:54:01,23.18,-0.01,12,27816,卖盘
372,09:54:04,23.17,-0.01,3,6951,卖盘
373,09:54:07,23.18,0.01,12,27806,买盘
374,09:54:09,23.18,0.0,10,23180,买盘
375,09:54:16,23.17,-0.01,2,4633,中性盘
376,09:54:19,23.18,0.01,11,25496,买盘
377,09:54:21,23.18,0.0,1,2318,买盘
378,09:54:28,23.17,-0.01,5,11585,卖盘
379,09:54:31,23.16,-0.01,60,138968,卖盘
380,09:54:36,23.15,-0.01,70,162117,卖盘
381,09:54:40,23.16,0.01,38,87975,买盘
382,09:54:42,23.14,-0.02,67,155084,卖盘
383,09:54:46,23.14,0.0,63,145782,卖盘
384,09:54:48,23.14,0.0,31,71713,买盘
385,09:54:55,23.13,-0.01,11,25443,卖盘
386,09:54:58,23.14,0.01,38,87905,买盘
387,09:55:04,23.13,-0.01,43,99460,卖盘
388,09:55:06,23.12,-0.01,11,25438,卖盘
389,09:55:10,23.13,0.01,4,9252,买盘
390,09:55:13,23.12,-0.01,12,27744,卖盘
391,09:55:16,23.13,0.01,11,25442,买盘
392,09:55:18,23.12,-0.01,3,6936,卖盘
393,09:55:21,23.13,0.01,13,30069,买盘
394,09:55:25,23.12,-0.01,2,4624,卖盘
395,09:55:33,23.12,0.0,25,57800,卖盘
396,09:55:37,23.12,0.0,44,101728,卖盘
397,09:55:40,23.12,0.0,94,217338,卖盘
398,09:55:42,23.12,0.0,23,53176,卖盘
399,09:55:46,23.12,0.0,4,9248,买盘
400,09:55:49,23.12,0.0,4,9248,买盘
401,09:55:52,23.11,-0.01,11,25429,卖盘
402,09:55:55,23.11,0.0,30,69330,卖盘
403,09:55:57,23.1,-0.01,305,704733,卖盘
404,09:56:01,23.08,-0.02,35,80780,卖盘
405,09:56:04,23.08,0.0,4,9232,卖盘
406,09:56:07,23.08,0.0,17,39235,买盘
407,09:56:10,23.08,0.0,2,4616,卖盘
408,09:56:13,23.07,-0.01,4,9230,卖盘
409,09:56:15,23.05,-0.02,4,9224,卖盘
410,09:56:19,23.08,0.03,33,76072,买盘
411,09:56:22,23.05,-0.03,10,23050,卖盘
412,09:56:24,23.1,0.05,7,16155,买盘
413,09:56:28,23.06,-0.04,2,4612,中性盘
414,09:56:31,23.06,0.0,1,2306,卖盘
415,09:56:33,23.08,0.02,7,16156,中性盘
416,09:56:37,23.08,0.0,3,6924,卖盘
417,09:56:42,23.08,0.0,5,11540,买盘
418,09:56:46,23.08,0.0,5,11538,买盘
419,09:56:49,23.08,0.0,5,11540,买盘
420,09:56:52,23.07,-0.01,25,57675,卖盘
421,09:57:04,23.05,-0.02,225,518686,卖盘
422,09:57:07,23.04,-0.01,14,32256,卖盘
423,09:57:10,23.03,-0.01,26,59878,卖盘
424,09:57:12,23.03,0.0,38,87515,卖盘
425,09:57:16,23.03,0.0,11,25328,买盘
426,09:57:19,23.0,-0.03,200,460277,卖盘
427,09:57:21,23.03,0.03,13,29939,卖盘
428,09:57:25,23.03,0.0,1,2303,买盘
429,09:57:28,23.0,-0.03,30,69015,卖盘
430,09:57:31,23.0,0.0,31,71300,卖盘
431,09:57:34,23.01,0.01,3,6903,中性盘
432,09:57:37,23.03,0.02,8,18414,买盘
433,09:57:40,23.0,-0.03,9,20707,卖盘
434,09:57:42,23.0,0.0,11,25302,卖盘
435,09:57:46,23.0,0.0,180,414005,卖盘
436,09:57:49,23.01,0.01,37,85137,买盘
437,09:57:54,23.03,0.02,71,163509,买盘
438,09:57:58,23.03,0.0,10,23028,买盘
439,09:58:01,23.03,0.0,65,148232,买盘
440,09:58:04,23.03,0.0,2,5988,卖盘
441,09:58:09,23.01,-0.02,401,922718,卖盘
442,09:58:12,23.02,0.01,34,78264,买盘
443,09:58:16,23.02,0.0,10,23020,买盘
444,09:58:19,23.02,0.0,4,9208,买盘
445,09:58:22,23.02,0.0,16,36827,买盘
446,09:58:25,23.02,0.0,16,36832,买盘
447,09:58:28,23.01,-0.01,23,52956,卖盘
448,09:58:31,23.02,0.01,4,9208,中性盘
449,09:58:34,23.01,-0.01,61,140363,卖盘
450,09:58:37,23.04,0.03,8,18432,买盘
451,09:58:39,23.02,-0.02,17,39134,卖盘
452,09:58:43,23.0,-0.02,98,224141,卖盘
453,09:58:46,23.04,0.04,25,57584,买盘
454,09:58:51,23.05,0.01,8,18440,买盘
455,09:58:58,23.04,-0.01,3,6912,卖盘
456,09:59:00,23.05,0.01,43,99113,买盘
457,09:59:04,23.02,-0.03,63,145180,卖盘
458,09:59:06,23.05,0.03,21,48351,买盘
459,09:59:09,23.05,0.0,27,62235,买盘
460,09:59:16,23.05,0.0,1,2305,买盘
461,09:59:18,23.05,0.0,2,4610,买盘
462,09:59:22,23.04,-0.01,7,16134,卖盘
463,09:59:24,23.05,0.01,2,4610,买盘
464,09:59:31,23.04,-0.01,16,36867,卖盘
465,09:59:34,23.06,0.02,4,9224,买盘
466,09:59:42,23.06,0.0,13,29978,卖盘
467,09:59:46,23.06,0.0,8,18447,买盘
468,09:59:49,23.06,0.0,5,11530,买盘
469,09:59:52,23.06,0.0,1,2306,买盘
470,09:59:54,23.06,0.0,36,83002,买盘
471,09:59:58,23.06,0.0,2,4612,卖盘
472,10:00:01,23.06,0.0,2,4612,卖盘
473,10:00:04,23.06,0.0,41,94606,卖盘
474,10:00:09,23.08,0.02,5,11538,买盘
475,10:00:16,23.08,0.0,5,11540,买盘
476,10:00:19,23.08,0.0,1,2308,买盘
477,10:00:21,23.08,0.0,65,150020,买盘
478,10:00:28,23.08,0.0,2,4616,卖盘
479,10:00:37,23.1,0.02,5,11550,买盘
480,10:00:43,23.1,0.0,15,34650,卖盘
481,10:00:46,23.1,0.0,55,127049,买盘
482,10:00:48,23.1,0.0,3,6930,买盘
483,10:00:52,23.1,0.0,7,16170,买盘
484,10:00:55,23.1,0.0,5,11546,买盘
485,10:00:58,23.1,0.0,5,11548,买盘
486,10:01:01,23.1,0.0,5,11550,买盘
487,10:01:04,23.1,0.0,13,30030,买盘
488,10:01:19,23.11,0.01,21,48516,买盘
489,10:01:22,23.11,0.0,2,4622,买盘
490,10:01:24,23.1,-0.01,2,4620,卖盘
491,10:01:31,23.11,0.01,1,2311,买盘
492,10:01:37,23.1,-0.01,19,43896,卖盘
493,10:01:39,23.11,0.01,5,11555,买盘
494,10:01:42,23.1,-0.01,52,120120,卖盘
495,10:01:46,23.1,0.0,5,11550,买盘
496,10:01:48,23.1,0.0,94,218482,买盘
497,10:01:52,23.07,-0.03,2,4612,买盘
498,10:01:54,23.1,0.03,11,25407,买盘
499,10:01:58,23.05,-0.05,13,30021,卖盘
500,10:02:04,23.04,-0.01,20,44474,卖盘
501,10:02:06,23.03,-0.01,24,56920,中性盘
502,10:02:09,23.05,0.02,5,11525,买盘
503,10:02:13,23.05,0.0,12,27660,买盘
504,10:02:16,23.04,-0.01,6,13829,卖盘
505,10:02:18,23.04,0.0,10,23043,卖盘
506,10:02:21,23.05,0.01,12,27660,买盘
507,10:02:24,23.04,-0.01,8,18436,卖盘
508,10:02:27,23.04,0.0,3,6912,卖盘
509,10:02:31,23.05,0.01,12,27658,买盘
510,10:02:36,23.05,0.0,6,13830,买盘
511,10:02:39,23.05,0.0,51,117554,买盘
512,10:02:43,23.05,0.0,22,50710,买盘
513,10:02:49,23.04,-0.01,14,32257,卖盘
514,10:02:52,23.05,0.01,1,2305,买盘
515,10:02:55,23.04,-0.01,3,6914,卖盘
516,10:02:58,23.05,0.01,17,39178,买盘
517,10:03:04,23.05,0.0,62,143195,卖盘
518,10:03:06,23.05,0.0,8,18440,卖盘
519,10:03:10,23.04,-0.01,16,36878,卖盘
520,10:03:13,23.05,0.01,6,13830,买盘
521,10:03:16,23.07,0.02,8,18456,卖盘
522,10:03:28,23.06,-0.01,6,13836,中性盘
523,10:03:34,23.06,0.0,4,9224,卖盘
524,10:03:36,23.05,-0.01,5,11533,卖盘
525,10:03:39,23.06,0.01,1,2306,卖盘
526,10:03:43,23.06,0.0,2,4612,卖盘
527,10:03:46,23.06,0.0,5,11530,卖盘
528,10:03:48,23.1,0.04,20,46191,买盘
529,10:03:58,23.06,-0.04,3,6922,卖盘
530,10:04:00,23.1,0.04,5,11550,买盘
531,10:04:04,23.06,-0.04,11,25366,卖盘
532,10:04:07,23.06,0.0,17,39206,卖盘
533,10:04:10,23.06,0.0,2,4612,卖盘
534,10:04:13,23.09,0.03,1,2309,卖盘
535,10:04:16,23.08,-0.01,16,36928,卖盘
536,10:04:19,23.06,-0.02,17,39202,卖盘
537,10:04:21,23.11,0.05,8,18486,买盘
538,10:04:36,23.09,-0.02,6,13856,卖盘
539,10:04:40,23.08,-0.01,10,23080,卖盘
540,10:04:46,23.09,0.01,2,4616,买盘
541,10:04:48,23.08,-0.01,12,27698,卖盘
542,10:04:54,23.08,0.0,4,9233,卖盘
543,10:04:58,23.08,0.0,17,39236,卖盘
544,10:05:01,23.08,0.0,41,94590,买盘
545,10:05:04,23.06,-0.02,11,25366,卖盘
546,10:05:06,23.08,0.02,11,25388,买盘
547,10:05:09,23.08,0.0,11,25368,买盘
548,10:05:19,23.07,-0.01,1,2307,卖盘
549,10:05:22,23.08,0.01,3,6922,买盘
550,10:05:24,23.08,0.0,87,200796,买盘
551,10:05:27,23.08,0.0,19,43852,卖盘
552,10:05:31,23.09,0.01,9,20781,买盘
553,10:05:34,23.11,0.02,13,30039,买盘
554,10:05:42,23.07,-0.04,32,73948,卖盘
555,10:05:46,23.06,-0.01,3,6920,卖盘
556,10:05:49,23.11,0.05,18,41598,卖盘
557,10:05:52,23.11,0.0,10,23110,卖盘
558,10:05:55,23.12,0.01,6,13870,买盘
559,10:06:00,23.12,0.0,11,25431,买盘
560,10:06:04,23.11,-0.01,19,43909,卖盘
561,10:06:06,23.12,0.01,20,46240,买盘
562,10:06:15,23.12,0.0,9,20800,买盘
563,10:06:22,23.12,0.0,4,9246,买盘
564,10:06:25,23.11,-0.01,1,2311,卖盘
565,10:06:27,23.11,0.0,8,18488,卖盘
566,10:06:34,23.11,0.0,6,13866,卖盘
567,10:06:37,23.11,0.0,8,18488,买盘
568,10:06:40,23.11,0.0,14,32338,买盘
569,10:06:43,23.11,0.0,3,6929,买盘
570,10:06:45,23.11,0.0,1,2311,买盘
571,10:06:52,23.11,0.0,1,2311,买盘
572,10:06:55,23.09,-0.02,9,20781,卖盘
573,10:07:00,23.1,0.01,1,2310,卖盘
574,10:07:04,23.1,0.0,8,18480,卖盘
575,10:07:06,23.08,-0.02,8,18464,卖盘
576,10:07:10,23.1,0.02,3,6930,买盘
577,10:07:13,23.09,-0.01,2,4619,卖盘
578,10:07:28,23.08,-0.01,16,36928,卖盘
579,10:07:34,23.08,0.0,4,9232,卖盘
580,10:07:37,23.07,-0.01,21,48448,卖盘
581,10:07:40,23.08,0.01,4,9232,中性盘
582,10:07:42,23.08,0.0,1,2308,卖盘
583,10:07:46,23.08,0.0,4,9232,卖盘
584,10:07:48,23.08,0.0,5,11543,卖盘
585,10:07:54,23.08,0.0,7,16156,卖盘
586,10:07:58,23.09,0.01,3,6926,买盘
587,10:08:00,23.08,-0.01,60,138480,卖盘
588,10:08:04,23.08,0.0,1,2308,卖盘
589,10:08:09,23.07,-0.01,7,16150,卖盘
590,10:08:16,23.07,0.0,7,16154,卖盘
591,10:08:19,23.07,0.0,36,83038,卖盘
592,10:08:22,23.06,-0.01,16,36898,卖盘
593,10:08:25,23.06,0.0,15,34600,卖盘
594,10:08:28,23.07,0.01,8,18449,买盘
595,10:08:31,23.07,0.0,5,11535,买盘
596,10:08:34,23.05,-0.02,3,6916,卖盘
597,10:08:37,23.07,0.02,11,25365,买盘
598,10:08:46,23.06,-0.01,3,6918,中性盘
599,10:08:48,23.07,0.01,20,46123,买盘
600,10:08:52,23.05,-0.02,10,23050,卖盘
601,10:08:55,23.05,0.0,63,145215,卖盘
602,10:09:00,23.07,0.02,7,16145,买盘
603,10:09:04,23.05,-0.02,18,41490,卖盘
604,10:09:10,23.05,0.0,12,27660,买盘
605,10:09:19,23.05,0.0,10,23048,买盘
606,10:09:22,23.04,-0.01,11,25346,卖盘
607,10:09:31,23.04,0.0,4,9216,卖盘
608,10:09:34,23.05,0.01,5,11525,买盘
609,10:09:42,23.05,0.0,9,20749,卖盘
610,10:09:45,23.06,0.01,15,34590,买盘
611,10:09:48,23.04,-0.02,25,57640,卖盘
612,10:09:51,23.03,-0.01,11,25335,卖盘
613,10:09:54,23.03,0.0,17,39153,卖盘
614,10:09:57,23.03,0.0,1,2303,卖盘
615,10:10:00,23.06,0.03,5,11530,买盘
616,10:10:07,23.02,-0.04,49,112798,卖盘
617,10:10:18,23.03,0.01,11,25333,卖盘
618,10:10:25,23.03,0.0,3,6909,卖盘
619,10:10:28,23.03,0.0,2,4606,卖盘
620,10:10:31,23.03,0.0,40,92120,卖盘
621,10:10:33,23.05,0.02,5,11517,中性盘
622,10:10:36,23.03,-0.02,10,23030,卖盘
623,10:10:40,23.02,-0.01,8,18418,卖盘
624,10:10:42,23.02,0.0,1,2302,卖盘
625,10:10:46,23.02,0.0,32,73664,卖盘
626,10:10:48,23.01,-0.01,167,384308,卖盘
627,10:10:51,23.03,0.02,38,87506,买盘
628,10:10:55,23.01,-0.02,118,271527,卖盘
629,10:10:58,23.02,0.01,18,41446,卖盘
630,10:11:01,23.02,0.0,4,9208,卖盘
631,10:11:04,23.0,-0.02,162,372600,卖盘
632,10:11:09,23.01,0.01,4,9204,卖盘
633,10:11:16,23.02,0.01,2,4604,买盘
634,10:11:25,23.02,0.0,15,34530,买盘
635,10:11:28,23.02,0.0,23,52946,卖盘
636,10:11:31,23.02,0.0,36,81606,卖盘
637,10:11:33,23.02,0.0,2,4604,卖盘
638,10:11:45,23.05,0.03,2,4610,买盘
639,10:11:49,23.05,0.0,3,6915,买盘
640,10:11:52,23.03,-0.02,30,69090,卖盘
641,10:11:55,23.05,0.02,1,2305,买盘
642,10:12:00,23.05,0.0,2,4610,卖盘
643,10:12:04,23.05,0.0,11,25355,卖盘
644,10:12:07,23.06,0.01,35,80710,买盘
645,10:12:13,23.06,0.0,249,574179,买盘
646,10:12:15,23.03,-0.03,89,205042,卖盘
647,10:12:30,23.06,0.03,4,9224,买盘
648,10:12:39,23.03,-0.03,72,165904,卖盘
649,10:12:42,23.06,0.03,10,23048,买盘
650,10:12:51,23.07,0.01,100,230700,买盘
651,10:13:01,23.07,0.0,1,2307,卖盘
652,10:13:04,23.07,0.0,10,23070,卖盘
653,10:13:10,23.07,0.0,2,4614,买盘
654,10:13:22,23.07,0.0,1,2307,卖盘
655,10:13:25,23.1,0.03,1,2310,买盘
656,10:13:31,23.1,0.0,2,4620,买盘
657,10:13:40,23.1,0.0,22,50820,买盘
658,10:13:43,23.09,-0.01,4,9236,卖盘
659,10:13:46,23.09,0.0,1,2309,卖盘
660,10:13:48,23.1,0.01,2,4620,买盘
661,10:13:52,23.09,-0.01,28,64652,卖盘
662,10:13:55,23.09,0.0,8,18466,中性盘
663,10:13:57,23.09,0.0,17,39253,买盘
664,10:14:04,23.08,-0.01,4,9232,卖盘
665,10:14:16,23.08,0.0,2,4616,买盘
666,10:14:22,23.08,0.0,21,48449,买盘
667,10:14:25,23.07,-0.01,8,18456,中性盘
668,10:14:30,23.06,-0.01,21,48426,卖盘
669,10:14:34,23.05,-0.01,6,13830,卖盘
670,10:14:37,23.07,0.02,24,55325,买盘
671,10:14:46,23.06,-0.01,7,16142,卖盘
672,10:14:48,23.06,0.0,5,11530,卖盘
673,10:14:52,23.06,0.0,4,9224,买盘
674,10:14:54,23.06,0.0,1,2306,买盘
675,10:14:57,23.06,0.0,10,23059,买盘
676,10:15:00,23.06,0.0,10,23055,买盘
677,10:15:04,23.04,-0.02,6,13824,卖盘
678,10:15:10,23.02,-0.02,18,41458,卖盘
679,10:15:15,23.01,-0.01,69,158784,卖盘
680,10:15:34,23.06,0.05,2,4612,买盘
681,10:15:36,23.02,-0.04,2,4604,卖盘
682,10:15:39,23.02,0.0,10,23020,买盘
683,10:15:43,23.02,0.0,2,4604,买盘
684,10:15:46,23.02,0.0,16,36832,买盘
685,10:15:48,23.02,0.0,5,11510,卖盘
686,10:15:51,23.02,0.0,1,2302,买盘
687,10:16:07,23.06,0.04,12,27628,买盘
688,10:16:19,23.03,-0.03,31,71393,买盘
689,10:16:21,23.03,0.0,155,356965,买盘
690,10:16:24,23.06,0.03,126,291528,买盘
691,10:16:27,23.06,0.0,37,85322,买盘
692,10:16:31,23.06,0.0,28,64570,买盘
693,10:16:34,23.06,0.0,18,41508,买盘
694,10:16:37,23.06,0.0,3,6918,买盘
695,10:16:42,23.06,0.0,1,2306,买盘
696,10:16:49,23.06,0.0,12,27672,买盘
697,10:17:00,23.08,0.02,1,2308,买盘
698,10:17:04,23.06,-0.02,4,9224,卖盘
699,10:17:07,23.06,0.0,18,41520,卖盘
700,10:17:10,23.06,0.0,1,2306,卖盘
701,10:17:13,23.06,0.0,146,336676,卖盘
702,10:17:16,23.06,0.0,5,11530,买盘
703,10:17:27,23.06,0.0,201,461611,买盘
704,10:17:31,23.06,0.0,1,2306,买盘
705,10:17:36,23.06,0.0,208,479007,买盘
706,10:17:40,23.06,0.0,5,11530,买盘
707,10:17:46,23.03,-0.03,4,9212,卖盘
708,10:17:48,23.06,0.03,5,11530,买盘
709,10:17:58,23.05,-0.01,3,6915,买盘
710,10:18:01,23.05,0.0,11,25355,买盘
711,10:18:06,23.04,-0.01,6,13824,卖盘
712,10:18:10,23.04,0.0,32,73728,买盘
713,10:18:19,23.04,0.0,3,6912,买盘
714,10:18:22,23.04,0.0,5,11520,买盘
715,10:18:27,23.04,0.0,9,20736,买盘
716,10:18:31,23.03,-0.01,57,131282,卖盘
717,10:18:34,23.04,0.01,2,4608,卖盘
718,10:18:42,23.05,0.01,5,11525,买盘
719,10:18:48,23.05,0.0,2,4610,买盘
720,10:18:57,23.05,0.0,12,27660,买盘
721,10:19:01,23.05,0.0,1,2305,买盘
722,10:19:06,23.05,0.0,81,186694,买盘
723,10:19:10,23.06,0.01,23,53018,买盘
724,10:19:19,23.06,0.0,3,6918,买盘
725,10:19:21,23.06,0.0,2,4612,买盘
726,10:19:24,23.06,0.0,21,48426,买盘
727,10:19:28,23.06,0.0,4,9224,买盘
728,10:19:31,23.06,0.0,6,13836,买盘
729,10:19:37,23.06,0.0,6,13836,买盘
730,10:19:40,23.06,0.0,2,4612,买盘
731,10:19:49,23.06,0.0,7,16142,卖盘
732,10:19:51,23.07,0.01,1,2307,卖盘
733,10:19:57,23.06,-0.01,3,6918,卖盘
734,10:20:06,23.06,0.0,13,29978,卖盘
735,10:20:12,23.07,0.01,1,2307,买盘
736,10:20:21,23.06,-0.01,6,13836,卖盘
737,10:20:24,23.07,0.01,40,92280,买盘
738,10:20:28,23.06,-0.01,4,9224,卖盘
739,10:20:37,23.07,0.01,41,94533,买盘
740,10:20:45,23.07,0.0,4,9228,买盘
741,10:20:49,23.03,-0.04,239,549923,卖盘
742,10:20:52,23.06,0.03,166,383114,中性盘
743,10:20:55,23.07,0.01,1,2307,买盘
744,10:20:57,23.08,0.01,9,20772,买盘
745,10:21:04,23.08,0.0,13,30004,买盘
746,10:21:07,23.07,-0.01,11,25377,卖盘
747,10:21:10,23.08,0.01,32,73835,买盘
748,10:21:18,23.08,0.0,56,129248,买盘
749,10:21:21,23.08,0.0,10,23080,买盘
750,10:21:24,23.05,-0.03,52,119907,卖盘
751,10:21:28,23.08,0.03,8,18444,买盘
752,10:21:31,23.08,0.0,100,230800,买盘
753,10:21:34,23.08,0.0,10,23080,买盘
754,10:21:37,23.08,0.0,54,124632,买盘
755,10:21:42,23.08,0.0,20,46160,买盘
756,10:21:52,23.08,0.0,2,4616,买盘
757,10:21:58,23.08,0.0,4,9232,买盘
758,10:22:01,23.08,0.0,2,4616,买盘
759,10:22:04,23.08,0.0,154,355432,买盘
760,10:22:07,23.08,0.0,40,94432,买盘
761,10:22:10,23.08,0.0,22,50802,卖盘
762,10:22:18,23.09,0.01,1,2309,中性盘
763,10:22:31,23.08,-0.01,10,23080,卖盘
764,10:22:40,23.08,0.0,10,23080,卖盘
765,10:22:42,23.08,0.0,5,11541,卖盘
766,10:22:45,23.09,0.01,3,6927,买盘
767,10:22:49,23.09,0.0,7,16163,买盘
768,10:22:51,23.1,0.01,2,4620,买盘
769,10:22:58,23.1,0.0,6,13860,买盘
770,10:23:06,23.11,0.01,15,34650,买盘
771,10:23:10,23.1,-0.01,1,2310,卖盘
772,10:23:13,23.1,0.0,22,50803,买盘
773,10:23:15,23.09,-0.01,8,18472,卖盘
774,10:23:24,23.09,0.0,2,4618,买盘
775,10:23:27,23.09,0.0,25,57720,买盘
776,10:23:30,23.08,-0.01,30,69250,卖盘
777,10:23:34,23.09,0.01,1,2309,买盘
778,10:23:43,23.09,0.0,2,4618,买盘
779,10:23:46,23.09,0.0,29,66934,买盘
780,10:23:49,23.09,0.0,38,87677,买盘
781,10:24:06,23.09,0.0,12,27708,卖盘
782,10:24:09,23.05,-0.04,61,140629,卖盘
783,10:24:12,23.05,0.0,44,101420,卖盘
784,10:24:18,23.08,0.03,1,2308,卖盘
785,10:24:28,23.06,-0.02,5,11530,卖盘
786,10:24:31,23.07,0.01,5,11535,买盘
787,10:24:39,23.07,0.0,1,2307,买盘
788,10:24:45,23.07,0.0,8,18456,买盘
789,10:24:57,23.07,0.0,2,4614,买盘
790,10:25:04,23.07,0.0,18,41526,买盘
791,10:25:06,23.05,-0.02,30,69164,卖盘
792,10:25:12,23.05,0.0,1,2305,卖盘
793,10:25:15,23.06,0.01,3,6918,买盘
794,10:25:19,23.06,0.0,80,184480,买盘
795,10:25:21,23.05,-0.01,47,108355,卖盘
796,10:25:27,23.06,0.01,4,9224,中性盘
797,10:25:36,23.07,0.01,4,9227,买盘
798,10:25:42,23.07,0.0,6,13842,买盘
799,10:25:48,23.07,0.0,5,11535,买盘
800,10:25:51,23.07,0.0,4,9228,买盘
801,10:26:06,23.07,0.0,7,16149,卖盘
802,10:26:10,23.07,0.0,43,99182,买盘
803,10:26:12,23.08,0.01,11,25388,买盘
804,10:26:15,23.07,-0.01,20,46140,卖盘
805,10:26:21,23.08,0.01,10,23080,买盘
806,10:26:24,23.08,0.0,12,27696,买盘
807,10:26:40,23.09,0.01,40,92326,买盘
808,10:26:42,23.08,-0.01,32,73851,卖盘
809,10:26:45,23.09,0.01,19,43866,买盘
810,10:26:57,23.09,0.0,5,11545,买盘
811,10:27:00,23.09,0.0,10,23090,买盘
812,10:27:04,23.08,-0.01,18,41544,卖盘
813,10:27:06,23.09,0.01,51,117748,买盘
814,10:27:09,23.08,-0.01,136,313888,卖盘
815,10:27:12,23.08,0.0,55,126891,买盘
816,10:27:21,23.08,0.0,4,9232,买盘
817,10:27:24,23.09,0.01,10,23090,买盘
818,10:27:27,23.09,0.0,21,48469,买盘
819,10:27:48,23.09,0.0,1,2309,卖盘
820,10:28:07,23.09,0.0,12,27708,卖盘
821,10:28:10,23.09,0.0,20,46180,卖盘
822,10:28:13,23.09,0.0,1,2309,卖盘
823,10:28:18,23.09,0.0,19,43871,卖盘
824,10:28:28,23.09,0.0,5,11545,卖盘
825,10:28:45,23.09,0.0,18,41562,卖盘
826,10:28:54,23.1,0.01,1,2310,买盘
827,10:29:06,23.1,0.0,17,39263,卖盘
828,10:29:16,23.1,0.0,2,4620,买盘
829,10:29:24,23.09,-0.01,16,36948,卖盘
830,10:29:27,23.1,0.01,7,16165,买盘
831,10:29:31,23.1,0.0,5,11550,买盘
832,10:29:33,23.09,-0.01,1,2309,卖盘
833,10:29:37,23.1,0.01,22,50820,买盘
834,10:29:43,23.1,0.0,12,27720,卖盘
835,10:29:45,23.1,0.0,3,6930,卖盘
836,10:29:52,23.08,-0.02,10,23089,卖盘
837,10:29:55,23.07,-0.01,58,133817,卖盘
838,10:30:01,23.08,0.01,24,55409,卖盘
839,10:30:06,23.09,0.01,16,36925,买盘
840,10:30:09,23.07,-0.02,69,159187,卖盘
841,10:30:16,23.07,0.0,26,59986,卖盘
842,10:30:18,23.07,0.0,34,78438,卖盘
843,10:30:21,23.07,0.0,18,41526,卖盘
844,10:30:30,23.09,0.02,6,13852,买盘
845,10:30:34,23.08,-0.01,7,16156,卖盘
846,10:30:36,23.08,0.0,2,4616,卖盘
847,10:30:45,23.08,0.0,13,30004,买盘
848,10:30:48,23.07,-0.01,13,29991,卖盘
849,10:30:55,23.07,0.0,5,11535,卖盘
850,10:31:01,23.07,0.0,3,6921,卖盘
851,10:31:07,23.07,0.0,11,25377,卖盘
852,10:31:09,23.07,0.0,4,9228,卖盘
853,10:31:21,23.08,0.01,4,9232,买盘
854,10:31:33,23.08,0.0,5,11540,买盘
855,10:31:36,23.07,-0.01,18,41526,卖盘
856,10:31:40,23.09,0.02,9,20780,买盘
857,10:31:42,23.1,0.01,6,13850,买盘
858,10:31:48,23.12,0.02,32,73972,买盘
859,10:31:51,23.07,-0.05,57,131506,卖盘
860,10:31:54,23.14,0.07,31,71712,买盘
861,10:31:57,23.07,-0.07,31,71517,卖盘
862,10:32:00,23.11,0.04,10,23110,卖盘
863,10:32:06,23.08,-0.03,12,27685,买盘
864,10:32:51,23.06,-0.02,42,96913,卖盘
865,10:32:54,23.06,0.0,31,71494,卖盘
866,10:33:06,23.06,0.0,12,27680,卖盘
867,10:33:09,23.13,0.07,3,6939,买盘
868,10:33:12,23.13,0.0,14,32382,买盘
869,10:33:16,23.08,-0.05,16,37003,卖盘
870,10:33:21,23.14,0.06,5,11570,买盘
871,10:33:25,23.06,-0.08,29,66925,卖盘
872,10:33:27,23.06,0.0,17,39202,卖盘
873,10:33:30,23.13,0.07,1,2313,买盘
874,10:33:33,23.13,0.0,10,23130,卖盘
875,10:33:51,23.13,0.0,6,13878,买盘
876,10:33:54,23.13,0.0,2,4626,卖盘
877,10:33:58,23.13,0.0,2,4626,卖盘
878,10:34:01,23.08,-0.05,22,50776,买盘
879,10:34:06,23.08,0.0,11,25388,卖盘
880,10:34:46,23.09,0.01,14,32330,卖盘
881,10:34:49,23.1,0.01,5,11550,买盘
882,10:34:52,23.1,0.0,19,43875,买盘
883,10:34:54,23.08,-0.02,32,73860,卖盘
884,10:34:58,23.08,0.0,17,39236,卖盘
885,10:35:00,23.1,0.02,1,2310,买盘
886,10:35:04,23.1,0.0,2,4619,买盘
887,10:35:06,23.1,0.0,13,30008,买盘
888,10:35:10,23.1,0.0,9,20790,买盘
889,10:35:13,23.1,0.0,15,34626,买盘
890,10:35:15,23.07,-0.03,26,59998,卖盘
891,10:35:18,23.07,0.0,15,34605,卖盘
892,10:35:22,23.1,0.03,28,64680,买盘
893,10:35:24,23.15,0.05,38,87881,买盘
894,10:35:28,23.25,0.1,32,74400,买盘
895,10:35:30,23.25,0.0,68,158100,卖盘
896,10:35:33,23.2,-0.05,5,11600,买盘
897,10:35:36,23.2,0.0,35,81035,买盘
898,10:35:39,23.2,0.0,10,23200,买盘
899,10:35:48,23.19,-0.01,2,4638,买盘
900,10:35:52,23.15,-0.04,27,62505,卖盘
901,10:35:55,23.15,0.0,14,32410,卖盘
902,10:36:04,23.19,0.04,8,18552,买盘
903,10:36:06,23.19,0.0,11,25509,卖盘
904,10:36:10,23.19,0.0,2,4638,卖盘
905,10:36:13,23.19,0.0,11,25514,卖盘
906,10:36:19,23.19,0.0,5,11595,卖盘
907,10:36:25,23.15,-0.04,21,48647,卖盘
908,10:36:27,23.15,0.0,26,60190,卖盘
909,10:36:30,23.19,0.04,1,2319,买盘
910,10:36:34,23.2,0.01,2,4640,卖盘
911,10:36:36,23.2,0.0,7,16235,买盘
912,10:36:40,23.15,-0.05,7,16210,卖盘
913,10:36:43,23.2,0.05,3,6960,买盘
914,10:36:46,23.15,-0.05,29,67165,卖盘
915,10:36:52,23.2,0.05,6,13920,买盘
916,10:37:07,23.23,0.03,12,27843,买盘
917,10:37:10,23.2,-0.03,45,104400,卖盘
918,10:37:13,23.2,0.0,25,58000,卖盘
919,10:37:16,23.2,0.0,33,76434,买盘
920,10:37:19,23.23,0.03,3,6969,买盘
921,10:37:25,23.24,0.01,10,23240,买盘
922,10:37:28,23.24,0.0,6,13944,卖盘
923,10:37:37,23.24,0.0,29,67396,卖盘
924,10:37:40,23.24,0.0,28,65003,买盘
925,10:37:42,23.2,-0.04,30,69600,卖盘
926,10:37:45,23.2,0.0,15,34800,卖盘
927,10:38:04,23.24,0.04,3,6972,买盘
928,10:38:07,23.21,-0.03,8,18568,卖盘
929,10:38:10,23.21,0.0,4,9284,买盘
930,10:38:30,23.2,-0.01,13,30161,卖盘
931,10:38:34,23.2,0.0,36,83520,卖盘
932,10:38:36,23.23,0.03,32,74243,买盘
933,10:38:40,23.22,-0.01,11,25551,卖盘
934,10:38:43,23.21,-0.01,6,13926,买盘
935,10:38:49,23.21,0.0,2,4642,买盘
936,10:38:51,23.21,0.0,3,6963,买盘
937,10:39:04,23.21,0.0,7,16247,买盘
938,10:39:07,23.2,-0.01,50,116005,卖盘
939,10:39:12,23.21,0.01,1,2321,卖盘
940,10:39:16,23.2,-0.01,17,39440,卖盘
941,10:39:19,23.24,0.04,36,83643,买盘
942,10:39:21,23.25,0.01,18,41850,卖盘
943,10:39:34,23.25,0.0,8,18600,卖盘
944,10:39:39,23.25,0.0,2,4650,卖盘
945,10:39:42,23.25,0.0,26,60450,卖盘
946,10:39:45,23.25,0.0,278,646115,卖盘
947,10:39:48,23.26,0.01,152,353307,买盘
948,10:39:51,23.21,-0.05,58,134878,卖盘
949,10:39:55,23.17,-0.04,25,57956,卖盘
950,10:39:58,23.2,0.03,20,46400,买盘
951,10:40:01,23.17,-0.03,88,203896,卖盘
952,10:40:04,23.21,0.04,60,139220,买盘
953,10:40:06,23.17,-0.04,39,90448,卖盘
954,10:40:12,23.2,0.03,8,18560,买盘
955,10:40:15,23.17,-0.03,24,55608,卖盘
956,10:40:19,23.17,0.0,16,37072,卖盘
957,10:40:21,23.2,0.03,5,11600,买盘
958,10:40:24,23.2,0.0,3,6960,买盘
959,10:40:36,23.21,0.01,36,83545,买盘
960,10:40:39,23.21,0.0,8,18568,买盘
961,10:41:06,23.21,0.0,12,27852,卖盘
962,10:41:09,23.2,-0.01,39,90488,卖盘
963,10:41:12,23.25,0.05,41,95325,买盘
964,10:41:15,23.25,0.0,1,2325,卖盘
965,10:41:42,23.26,0.01,5,11630,买盘
966,10:41:46,23.25,-0.01,25,58125,卖盘
967,10:41:49,23.25,0.0,20,46501,卖盘
968,10:41:57,23.25,0.0,102,237150,卖盘
969,10:42:00,23.25,0.0,9,20925,卖盘
970,10:42:04,23.25,0.0,105,244125,卖盘
971,10:42:06,23.25,0.0,5,11619,买盘
972,10:42:15,23.24,-0.01,1,2324,买盘
973,10:42:18,23.2,-0.04,24,55680,卖盘
974,10:42:21,23.2,0.0,1,2320,卖盘
975,10:42:36,23.25,0.05,89,206913,买盘
976,10:42:42,23.25,0.0,41,95325,卖盘
977,10:42:46,23.25,0.0,5,11625,买盘
978,10:42:48,23.25,0.0,9,20920,买盘
979,10:42:51,23.25,0.0,24,55800,卖盘
980,10:43:04,23.25,0.0,1,2325,卖盘
981,10:43:06,23.25,0.0,12,27900,卖盘
982,10:43:12,23.26,0.01,3,6978,买盘
983,10:43:15,23.26,0.0,5,11630,买盘
984,10:43:21,23.25,-0.01,21,48827,卖盘
985,10:43:24,23.25,0.0,24,55800,卖盘
986,10:43:39,23.26,0.01,3,6978,买盘
987,10:43:51,23.25,-0.01,14,32550,卖盘
988,10:44:00,23.26,0.01,6,13956,买盘
989,10:44:04,23.25,-0.01,33,76749,卖盘
990,10:44:21,23.25,0.0,5,11625,卖盘
991,10:44:24,23.25,0.0,6,13950,卖盘
992,10:44:39,23.24,-0.01,2,4648,买盘
993,10:44:42,23.21,-0.03,50,116086,卖盘
994,10:44:45,23.24,0.03,4,9296,买盘
995,10:45:03,23.25,0.01,55,127825,买盘
996,10:45:06,23.24,-0.01,46,106904,卖盘
997,10:45:15,23.24,0.0,5,11620,买盘
998,10:45:18,23.21,-0.03,26,60346,卖盘
999,10:45:21,23.24,0.03,1,2324,买盘
1000,10:45:27,23.25,0.01,33,76724,买盘
1001,10:45:39,23.25,0.0,20,46500,卖盘
1002,10:45:42,23.25,0.0,23,53475,卖盘
1003,10:45:46,23.26,0.01,8,18608,买盘
1004,10:45:48,23.25,-0.01,2,4650,卖盘
1005,10:45:51,23.25,0.0,24,55800,卖盘
1006,10:45:54,23.25,0.0,80,186000,卖盘
1007,10:45:57,23.25,0.0,37,86030,卖盘
1008,10:46:00,23.24,-0.01,22,51143,卖盘
1009,10:46:04,23.24,0.0,13,30212,卖盘
1010,10:46:06,23.21,-0.03,34,78914,卖盘
1011,10:46:09,23.21,0.0,16,37136,卖盘
1012,10:46:12,23.2,-0.01,17,39450,卖盘
1013,10:46:16,23.2,0.0,27,62640,卖盘
1014,10:46:18,23.2,0.0,13,30160,卖盘
1015,10:46:21,23.2,0.0,32,74240,卖盘
1016,10:46:24,23.21,0.01,44,102116,买盘
1017,10:46:27,23.21,0.0,50,116050,卖盘
1018,10:46:30,23.2,-0.01,15,34814,卖盘
1019,10:46:33,23.2,0.0,3,6960,卖盘
1020,10:46:36,23.2,0.0,4,9280,卖盘
1021,10:46:39,23.2,0.0,96,222720,卖盘
1022,10:46:42,23.17,-0.03,2,4634,卖盘
1023,10:46:45,23.17,0.0,1,2317,卖盘
1024,10:46:55,23.18,0.01,10,23179,中性盘
1025,10:46:57,23.2,0.02,5,11600,买盘
1026,10:47:06,23.2,0.0,5,11598,买盘
1027,10:47:09,23.16,-0.04,188,435572,卖盘
1028,10:47:12,23.16,0.0,24,55584,卖盘
1029,10:47:15,23.16,0.0,1,2316,卖盘
1030,10:47:24,23.16,0.0,12,27792,卖盘
1031,10:47:27,23.19,0.03,137,317549,买盘
1032,10:47:30,23.19,0.0,2,4638,卖盘
1033,10:47:36,23.2,0.01,5,11600,卖盘
1034,10:47:42,23.2,0.0,25,58003,卖盘
1035,10:47:45,23.2,0.0,26,60320,卖盘
1036,10:47:51,23.2,0.0,47,109040,卖盘
1037,10:47:54,23.19,-0.01,8,18558,卖盘
1038,10:48:00,23.19,0.0,9,20871,卖盘
1039,10:48:04,23.17,-0.02,3,6951,卖盘
1040,10:48:06,23.17,0.0,4,9268,卖盘
1041,10:48:09,23.19,0.02,4,9270,买盘
1042,10:48:19,23.14,-0.05,483,1118249,卖盘
1043,10:48:21,23.08,-0.06,30,69287,卖盘
1044,10:48:24,23.08,0.0,15,34690,卖盘
1045,10:48:34,23.08,0.0,4,9232,卖盘
1046,10:48:39,23.13,0.05,6,13878,买盘
1047,10:48:42,23.07,-0.06,24,55391,卖盘
1048,10:48:45,23.07,0.0,4,9228,卖盘
1049,10:49:03,23.12,0.05,7,16176,买盘
1050,10:49:06,23.07,-0.05,41,94588,卖盘
1051,10:49:12,23.08,0.01,1,2308,卖盘
1052,10:49:15,23.06,-0.02,55,126861,卖盘
1053,10:49:24,23.07,0.01,1,2307,卖盘
1054,10:49:42,23.1,0.03,9,20790,卖盘
1055,10:49:45,23.07,-0.03,34,78451,卖盘
1056,10:49:48,23.07,0.0,6,13844,卖盘
1057,10:49:52,23.07,0.0,45,103815,卖盘
1058,10:49:54,23.09,0.02,10,23090,买盘
1059,10:50:00,23.08,-0.01,5,11540,买盘
1060,10:50:03,23.07,-0.01,13,30003,卖盘
1061,10:50:13,23.08,0.01,1,2308,卖盘
1062,10:50:24,23.08,0.0,3,6924,卖盘
1063,10:50:27,23.07,-0.01,32,73834,卖盘
1064,10:50:33,23.07,0.0,7,16151,卖盘
1065,10:50:36,23.09,0.02,1,2309,买盘
1066,10:50:39,23.09,0.0,2,4618,买盘
1067,10:50:42,23.09,0.0,23,53107,卖盘
1068,10:50:45,23.09,0.0,10,23090,卖盘
1069,10:50:48,23.12,0.03,20,46240,买盘
1070,10:51:01,23.18,0.06,20,46360,买盘
1071,10:51:04,23.18,0.0,30,69540,卖盘
1072,10:51:12,23.13,-0.05,5,11565,买盘
1073,10:51:18,23.13,0.0,11,25443,买盘
1074,10:51:21,23.12,-0.01,10,23120,卖盘
1075,10:51:30,23.13,0.01,13,30067,买盘
1076,10:51:33,23.13,0.0,3,6939,卖盘
1077,10:51:37,23.12,-0.01,24,55504,卖盘
1078,10:51:42,23.12,0.0,11,25432,卖盘
1079,10:51:45,23.12,0.0,2,4624,买盘
1080,10:51:48,23.12,0.0,2,4624,买盘
1081,10:51:54,23.09,-0.03,3,6927,卖盘
1082,10:51:57,23.09,0.0,12,27720,卖盘
1083,10:52:00,23.09,0.0,4,9236,卖盘
1084,10:52:04,23.11,0.02,4,9244,中性盘
1085,10:52:06,23.09,-0.02,3,6927,卖盘
1086,10:52:09,23.12,0.03,44,101728,买盘
1087,10:52:12,23.18,0.06,10,23180,买盘
1088,10:52:15,23.19,0.01,12,27828,买盘
1089,10:52:19,23.2,0.01,14,32480,买盘
1090,10:52:30,23.24,0.04,5,11620,买盘
1091,10:52:42,23.21,-0.03,5,11605,卖盘
1092,10:52:45,23.2,-0.01,28,64960,卖盘
1093,10:52:51,23.19,-0.01,20,46392,卖盘
1094,10:52:54,23.19,0.0,30,69570,卖盘
1095,10:52:57,23.18,-0.01,1,2318,卖盘
1096,10:53:00,23.18,0.0,1,2318,卖盘
1097,10:53:06,23.18,0.0,1,2318,卖盘
1098,10:53:09,23.18,0.0,22,51017,卖盘
1099,10:53:12,23.19,0.01,5,11595,买盘
1100,10:53:21,23.19,0.0,4,9276,买盘
1101,10:53:24,23.18,-0.01,31,71858,卖盘
1102,10:53:27,23.19,0.01,6,13914,买盘
1103,10:53:43,23.18,-0.01,22,50996,卖盘
1104,10:53:46,23.18,0.0,11,25507,卖盘
1105,10:54:00,23.23,0.05,2,4646,买盘
1106,10:54:04,23.18,-0.05,28,64909,卖盘
1107,10:54:09,23.18,0.0,4,9273,卖盘
1108,10:54:15,23.19,0.01,5,11595,买盘
1109,10:54:18,23.19,0.0,14,32466,买盘
1110,10:54:21,23.19,0.0,17,39426,买盘
1111,10:54:24,23.19,0.0,3,6957,卖盘
1112,10:54:28,23.23,0.04,10,23230,买盘
1113,10:54:31,23.24,0.01,6,13943,买盘
1114,10:54:34,23.27,0.03,35,81355,买盘
1115,10:54:36,23.24,-0.03,42,97660,卖盘
1116,10:54:40,23.29,0.05,2,4658,买盘
1117,10:54:43,23.23,-0.06,8,18591,卖盘
1118,10:54:46,23.23,0.0,21,48783,买盘
1119,10:54:49,23.23,0.0,4,9292,卖盘
1120,10:54:57,23.26,0.03,4,9304,中性盘
1121,10:55:04,23.26,0.0,20,46520,买盘
1122,10:55:07,23.28,0.02,28,65130,买盘
1123,10:55:10,23.29,0.01,4,9316,买盘
1124,10:55:13,23.26,-0.03,28,65133,卖盘
1125,10:55:16,23.28,0.02,1,2328,买盘
1126,10:55:19,23.26,-0.02,3,6978,卖盘
1127,10:55:22,23.26,0.0,2,4654,卖盘
1128,10:55:28,23.28,0.02,3,6984,买盘
1129,10:55:33,23.28,0.0,1,2328,买盘
1130,10:55:37,23.28,0.0,1,2328,买盘
1131,10:55:39,23.26,-0.02,2,4654,卖盘
1132,10:55:43,23.26,0.0,8,18608,卖盘
1133,10:55:45,23.25,-0.01,53,123276,卖盘
1134,10:55:49,23.26,0.01,52,120924,买盘
1135,10:55:52,23.26,0.0,5,11630,卖盘
1136,10:56:07,23.29,0.03,16,37258,买盘
1137,10:56:09,23.26,-0.03,6,13968,卖盘
1138,10:56:19,23.26,0.0,3,6978,卖盘
1139,10:56:22,23.26,0.0,24,55824,卖盘
1140,10:56:25,23.26,0.0,1,2326,卖盘
1141,10:56:28,23.26,0.0,1,2326,卖盘
1142,10:56:31,23.26,0.0,2,4652,卖盘
1143,10:56:33,23.29,0.03,3,6987,买盘
1144,10:56:42,23.26,-0.03,22,51172,卖盘
1145,10:56:45,23.26,0.0,8,18623,卖盘
1146,10:56:48,23.26,0.0,3,6978,卖盘
1147,10:57:04,23.28,0.02,93,216461,买盘
1148,10:57:06,23.27,-0.01,38,88453,卖盘
1149,10:57:09,23.27,0.0,2,4654,卖盘
1150,10:57:18,23.29,0.02,26,60551,买盘
1151,10:57:21,23.29,0.0,7,16303,卖盘
1152,10:57:24,23.27,-0.02,93,216417,卖盘
1153,10:57:36,23.28,0.01,22,51216,买盘
1154,10:57:39,23.29,0.01,7,16308,中性盘
1155,10:57:42,23.26,-0.03,27,62821,卖盘
1156,10:57:46,23.26,0.0,1,2326,卖盘
1157,10:57:48,23.26,0.0,1,2326,卖盘
1158,10:57:54,23.25,-0.01,4,9300,卖盘
1159,10:58:06,23.25,0.0,1,2325,卖盘
1160,10:58:09,23.25,0.0,1,2325,卖盘
1161,10:58:18,23.25,0.0,3,6975,卖盘
1162,10:58:21,23.24,-0.01,28,65094,卖盘
1163,10:58:24,23.24,0.0,2,4648,卖盘
1164,10:58:27,23.24,0.0,1,2324,卖盘
1165,10:58:30,23.24,0.0,1,2324,卖盘
1166,10:58:36,23.24,0.0,1,2324,卖盘
1167,10:58:39,23.26,0.02,5,11630,买盘
1168,10:58:42,23.24,-0.02,23,53452,卖盘
1169,10:58:45,23.24,0.0,4,9296,卖盘
1170,10:58:48,23.24,0.0,6,13944,卖盘
1171,10:58:54,23.24,0.0,21,48804,卖盘
1172,10:58:57,23.24,0.0,30,69616,买盘
1173,10:59:01,23.19,-0.05,84,194879,卖盘
1174,10:59:07,23.18,-0.01,3,6954,卖盘
1175,10:59:18,23.18,0.0,12,27823,卖盘
1176,10:59:21,23.18,0.0,8,18556,卖盘
1177,10:59:24,23.22,0.04,47,109044,买盘
1178,10:59:27,23.3,0.08,87,202673,买盘
1179,10:59:39,23.3,0.0,2,4660,卖盘
1180,10:59:42,23.3,0.0,13,30290,卖盘
1181,10:59:45,23.25,-0.05,2,4650,买盘
1182,10:59:49,23.25,0.0,27,62769,买盘
1183,10:59:51,23.23,-0.02,1,2323,卖盘
1184,11:00:04,23.23,0.0,2,4646,卖盘
1185,11:00:06,23.24,0.01,3,6970,中性盘
1186,11:00:16,23.29,0.05,6,13969,买盘
1187,11:00:18,23.24,-0.05,29,67396,卖盘
1188,11:00:21,23.24,0.0,4,9296,卖盘
1189,11:00:24,23.24,0.0,4,9311,卖盘
1190,11:00:27,23.24,0.0,1,2324,卖盘
1191,11:00:37,23.23,-0.01,6,13940,卖盘
1192,11:00:40,23.23,0.0,1,2323,卖盘
1193,11:00:42,23.23,0.0,23,53429,卖盘
1194,11:00:45,23.23,0.0,3,6969,卖盘
1195,11:01:00,23.28,0.05,5,11636,买盘
1196,11:01:04,23.21,-0.07,34,78960,卖盘
1197,11:01:12,23.22,0.01,1,2322,卖盘
1198,11:01:15,23.22,0.0,1,2322,买盘
1199,11:01:18,23.21,-0.01,4,9285,卖盘
1200,11:01:27,23.22,0.01,1,2322,卖盘
1201,11:01:30,23.22,0.0,1,2322,卖盘
1202,11:01:33,23.26,0.04,1,2326,买盘
1203,11:01:36,23.22,-0.04,24,55728,卖盘
1204,11:01:42,23.22,0.0,1,2322,卖盘
1205,11:01:48,23.21,-0.01,6,13926,卖盘
1206,11:01:51,23.21,0.0,8,18568,卖盘
1207,11:01:54,23.21,0.0,1,2321,卖盘
1208,11:02:06,23.21,0.0,2,4642,卖盘
1209,11:02:09,23.21,0.0,29,67309,卖盘
1210,11:02:15,23.22,0.01,5,11610,买盘
1211,11:02:18,23.21,-0.01,3,6963,卖盘
1212,11:02:21,23.21,0.0,1,2321,卖盘
1213,11:02:27,23.21,0.0,2,4642,卖盘
1214,11:02:30,23.21,0.0,6,13926,卖盘
1215,11:02:40,23.21,0.0,16,37136,卖盘
1216,11:02:42,23.2,-0.01,26,60337,卖盘
1217,11:02:45,23.2,0.0,1,2320,卖盘
1218,11:02:49,23.2,0.0,5,11600,卖盘
1219,11:02:51,23.2,0.0,1,2320,卖盘
1220,11:02:54,23.21,0.01,31,71951,买盘
1221,11:02:57,23.21,0.0,25,58027,卖盘
1222,11:03:00,23.22,0.01,1,2322,买盘
1223,11:03:04,23.22,0.0,1,2322,买盘
1224,11:03:06,23.21,-0.01,2,4643,卖盘
1225,11:03:10,23.22,0.01,6,13929,买盘
1226,11:03:13,23.22,0.0,8,18575,买盘
1227,11:03:16,23.22,0.0,1,2322,买盘
1228,11:03:18,23.21,-0.01,29,67310,卖盘
1229,11:03:27,23.21,0.0,1,2321,卖盘
1230,11:03:30,23.21,0.0,3,6963,卖盘
1231,11:03:33,23.22,0.01,1,2322,买盘
1232,11:03:42,23.21,-0.01,23,53383,卖盘
1233,11:03:45,23.21,0.0,1,2321,卖盘
1234,11:03:48,23.22,0.01,12,27860,买盘
1235,11:03:51,23.2,-0.02,29,67290,卖盘
1236,11:03:57,23.22,0.02,5,11606,买盘
1237,11:04:06,23.21,-0.01,5,11609,中性盘
1238,11:04:09,23.2,-0.01,2,4640,卖盘
1239,11:04:18,23.2,0.0,3,6960,卖盘
1240,11:04:27,23.22,0.02,3,6963,买盘
1241,11:04:30,23.2,-0.02,28,64960,卖盘
1242,11:04:42,23.2,0.0,22,51040,卖盘
1243,11:04:45,23.2,0.0,2,4640,卖盘
1244,11:04:48,23.21,0.01,21,48737,买盘
1245,11:04:51,23.21,0.0,4,9284,卖盘
1246,11:04:57,23.26,0.05,5,11629,买盘
1247,11:05:06,23.21,-0.05,1,2321,卖盘
1248,11:05:10,23.2,-0.01,30,69625,卖盘
1249,11:05:15,23.22,0.02,1,2322,买盘
1250,11:05:18,23.22,0.0,5,11604,买盘
1251,11:05:21,23.22,0.0,3,6966,买盘
1252,11:05:24,23.22,0.0,14,32508,买盘
1253,11:05:27,23.23,0.01,9,20900,买盘
1254,11:05:31,23.26,0.03,16,37202,买盘
1255,11:05:34,23.26,0.0,1,2326,卖盘
1256,11:05:42,23.25,-0.01,23,53475,卖盘
1257,11:05:45,23.25,0.0,27,62775,卖盘
1258,11:05:49,23.25,0.0,3,6975,中性盘
1259,11:05:54,23.27,0.02,5,11635,买盘
1260,11:05:57,23.24,-0.03,1,2324,中性盘
1261,11:06:00,23.24,0.0,8,18599,卖盘
1262,11:06:04,23.26,0.02,5,11630,买盘
1263,11:06:06,23.24,-0.02,1,2324,卖盘
1264,11:06:09,23.27,0.03,12,27917,买盘
1265,11:06:12,23.27,0.0,2,4654,卖盘
1266,11:06:15,23.27,0.0,1,2327,卖盘
1267,11:06:18,23.27,0.0,27,62829,卖盘
1268,11:06:21,23.27,0.0,7,16289,卖盘
1269,11:06:27,23.27,0.0,1,2327,卖盘
1270,11:06:30,23.27,0.0,13,30251,卖盘
1271,11:06:34,23.27,0.0,7,16294,卖盘
1272,11:06:36,23.27,0.0,3,6981,卖盘
1273,11:06:42,23.26,-0.01,19,44194,卖盘
1274,11:06:48,23.3,0.04,70,162948,买盘
1275,11:06:51,23.3,0.0,25,58250,卖盘
1276,11:06:58,23.3,0.0,2,4660,卖盘
1277,11:07:04,23.3,0.0,89,207370,卖盘
1278,11:07:06,23.3,0.0,7,16310,卖盘
1279,11:07:09,23.3,0.0,1,2330,卖盘
1280,11:07:12,23.32,0.02,35,81568,买盘
1281,11:07:18,23.3,-0.02,3,6990,卖盘
1282,11:07:27,23.3,0.0,1,2330,卖盘
1283,11:07:31,23.3,0.0,35,81557,卖盘
1284,11:07:33,23.3,0.0,4,9320,卖盘
1285,11:07:36,23.3,0.0,4,9320,卖盘
1286,11:07:42,23.3,0.0,32,74580,卖盘
1287,11:07:48,23.3,0.0,4,9320,卖盘
1288,11:07:54,23.32,0.02,3,6995,买盘
1289,11:07:57,23.3,-0.02,1,2330,卖盘
1290,11:08:01,23.3,0.0,10,23300,卖盘
1291,11:08:03,23.25,-0.05,57,132690,卖盘
1292,11:08:07,23.25,0.0,1,2325,卖盘
1293,11:08:10,23.29,0.04,11,25607,买盘
1294,11:08:12,23.25,-0.04,1,2325,卖盘
1295,11:08:18,23.25,0.0,3,6975,卖盘
1296,11:08:27,23.25,0.0,1,2325,卖盘
1297,11:08:30,23.25,0.0,1,2325,卖盘
1298,11:08:33,23.25,0.0,103,239493,卖盘
1299,11:08:36,23.27,0.02,7,16285,中性盘
1300,11:08:40,23.23,-0.04,26,60406,卖盘
1301,11:08:42,23.24,0.01,23,53452,中性盘
1302,11:08:45,23.24,0.0,1,2324,卖盘
1303,11:08:48,23.24,0.0,6,13944,卖盘
1304,11:08:52,23.24,0.0,3,6972,卖盘
1305,11:08:54,23.24,0.0,4,9296,卖盘
1306,11:08:57,23.24,0.0,86,199864,卖盘
1307,11:09:01,23.24,0.0,150,348600,卖盘
1308,11:09:04,23.23,-0.01,92,213841,卖盘
1309,11:09:07,23.23,0.0,7,16261,卖盘
1310,11:09:09,23.23,0.0,9,20907,卖盘
1311,11:09:12,23.23,0.0,3,6969,卖盘
1312,11:09:16,23.23,0.0,34,78982,卖盘
1313,11:09:18,23.23,0.0,9,20907,卖盘
1314,11:09:21,23.23,0.0,4,9292,卖盘
1315,11:09:25,23.2,-0.03,13,30184,卖盘
1316,11:09:27,23.2,0.0,2,4640,卖盘
1317,11:09:39,23.23,0.03,5,11614,买盘
1318,11:09:42,23.2,-0.03,24,55680,卖盘
1319,11:09:48,23.2,0.0,5,11600,卖盘
1320,11:09:51,23.2,0.0,26,60320,卖盘
1321,11:10:00,23.2,0.0,2,4640,卖盘
1322,11:10:06,23.21,0.01,1,2321,卖盘
1323,11:10:09,23.2,-0.01,26,60320,卖盘
1324,11:10:15,23.2,0.0,19,44085,卖盘
1325,11:10:18,23.2,0.0,6,13920,卖盘
1326,11:10:21,23.21,0.01,5,11602,买盘
1327,11:10:24,23.18,-0.03,108,250522,卖盘
1328,11:10:27,23.18,0.0,1,2318,卖盘
1329,11:10:30,23.19,0.01,2,4637,中性盘
1330,11:10:36,23.2,0.01,7,16240,买盘
1331,11:10:42,23.19,-0.01,1,2319,卖盘
1332,11:10:46,23.18,-0.01,3,6956,卖盘
1333,11:10:48,23.18,0.0,34,78812,卖盘
1334,11:10:51,23.19,0.01,9,20863,买盘
1335,11:10:57,23.18,-0.01,13,30134,卖盘
1336,11:11:00,23.18,0.0,27,62586,卖盘
1337,11:11:06,23.18,0.0,1,2318,卖盘
1338,11:11:09,23.18,0.0,7,16226,卖盘
1339,11:11:13,23.18,0.0,1,2318,卖盘
1340,11:11:18,23.18,0.0,3,6954,卖盘
1341,11:11:21,23.18,0.0,2,4636,卖盘
1342,11:11:27,23.18,0.0,3,6954,卖盘
1343,11:11:30,23.18,0.0,8,18544,卖盘
1344,11:11:33,23.18,0.0,24,55632,卖盘
1345,11:11:42,23.18,0.0,23,53315,卖盘
1346,11:11:48,23.18,0.0,43,99679,卖盘
1347,11:11:51,23.18,0.0,8,18544,卖盘
1348,11:11:57,23.18,0.0,2,4636,卖盘
1349,11:12:07,23.18,0.0,1,2318,卖盘
1350,11:12:09,23.18,0.0,29,67222,卖盘
1351,11:12:19,23.18,0.0,3,6954,卖盘
1352,11:12:25,23.18,0.0,1,2318,卖盘
1353,11:12:27,23.18,0.0,3,6954,卖盘
1354,11:12:30,23.18,0.0,11,25498,卖盘
1355,11:12:43,23.18,0.0,22,50996,卖盘
1356,11:12:45,23.19,0.01,34,78818,买盘
1357,11:12:48,23.18,-0.01,6,13908,卖盘
1358,11:12:51,23.18,0.0,16,37088,卖盘
1359,11:12:54,23.18,0.0,3,6954,买盘
1360,11:13:06,23.17,-0.01,1,2317,卖盘
1361,11:13:09,23.17,0.0,7,16219,卖盘
1362,11:13:18,23.17,0.0,3,6951,卖盘
1363,11:13:21,23.17,0.0,28,64876,卖盘
1364,11:13:28,23.17,0.0,2,4634,卖盘
1365,11:13:31,23.17,0.0,8,18536,卖盘
1366,11:13:39,23.17,0.0,3,6951,卖盘
1367,11:13:42,23.17,0.0,23,53291,卖盘
1368,11:13:48,23.17,0.0,5,11585,卖盘
1369,11:13:51,23.17,0.0,100,231720,卖盘
1370,11:13:57,23.17,0.0,4,9268,买盘
1371,11:14:00,23.17,0.0,34,78722,买盘
1372,11:14:03,23.17,0.0,4,9268,买盘
1373,11:14:06,23.15,-0.02,2,4630,卖盘
1374,11:14:09,23.15,0.0,5,11575,卖盘
1375,11:14:18,23.15,0.0,3,6945,卖盘
1376,11:14:21,23.15,0.0,1,2315,卖盘
1377,11:14:27,23.15,0.0,2,4630,卖盘
1378,11:14:42,23.15,0.0,12,27785,卖盘
1379,11:14:45,23.13,-0.02,34,78642,卖盘
1380,11:14:48,23.13,0.0,5,11565,卖盘
1381,11:14:51,23.13,0.0,5,11565,卖盘
1382,11:14:54,23.14,0.01,5,11570,买盘
1383,11:15:06,23.13,-0.01,1,2313,卖盘
1384,11:15:09,23.13,0.0,6,13878,卖盘
1385,11:15:12,23.13,0.0,1,2313,卖盘
1386,11:15:18,23.13,0.0,3,6939,卖盘
1387,11:15:21,23.14,0.01,76,175862,买盘
1388,11:15:24,23.15,0.01,22,50930,买盘
1389,11:15:28,23.15,0.0,1,2315,卖盘
1390,11:15:30,23.18,0.03,30,69524,买盘
1391,11:15:33,23.18,0.0,2,4636,卖盘
1392,11:15:36,23.2,0.02,9,20880,买盘
1393,11:15:42,23.2,0.0,24,55680,卖盘
1394,11:15:45,23.21,0.01,1,2321,中性盘
1395,11:15:48,23.2,-0.01,3,6960,卖盘
1396,11:15:54,23.22,0.02,8,18576,买盘
1397,11:15:57,23.2,-0.02,26,60320,卖盘
1398,11:16:00,23.21,0.01,10,23210,买盘
1399,11:16:04,23.2,-0.01,1,2320,卖盘
1400,11:16:18,23.21,0.01,4,9281,买盘
1401,11:16:21,23.2,-0.01,6,13925,卖盘
1402,11:16:27,23.2,0.0,3,6960,卖盘
1403,11:16:30,23.2,0.0,37,85869,卖盘
1404,11:16:37,23.2,0.0,3,6960,卖盘
1405,11:16:40,23.2,0.0,7,16240,卖盘
1406,11:16:42,23.2,0.0,23,53360,卖盘
1407,11:16:45,23.2,0.0,9,20880,卖盘
1408,11:16:48,23.2,0.0,31,71920,卖盘
1409,11:16:51,23.2,0.0,4,9280,卖盘
1410,11:16:57,23.21,0.01,7,16237,买盘
1411,11:17:00,23.18,-0.03,4,9272,卖盘
1412,11:17:09,23.18,0.0,3,6954,卖盘
1413,11:17:12,23.19,0.01,32,74178,中性盘
1414,11:17:19,23.19,0.0,3,6957,卖盘
1415,11:17:30,23.19,0.0,5,11591,中性盘
1416,11:17:42,23.18,-0.01,25,57950,卖盘
1417,11:17:46,23.16,-0.02,26,60218,卖盘
1418,11:17:49,23.16,0.0,12,27792,卖盘
1419,11:18:00,23.15,-0.01,350,810307,卖盘
1420,11:18:03,23.14,-0.01,2,4628,卖盘
1421,11:18:09,23.14,0.0,7,16198,卖盘
1422,11:18:18,23.14,0.0,4,9256,卖盘
1423,11:18:21,23.14,0.0,27,62478,卖盘
1424,11:18:24,23.14,0.0,10,23140,卖盘
1425,11:18:27,23.14,0.0,1,2314,卖盘
1426,11:18:30,23.15,0.01,15,34718,买盘
1427,11:18:33,23.14,-0.01,1,2314,卖盘
1428,11:18:42,23.14,0.0,26,60164,卖盘
1429,11:18:46,23.18,0.04,3,6952,买盘
1430,11:18:48,23.14,-0.04,8,18512,卖盘
1431,11:18:51,23.14,0.0,3,6948,卖盘
1432,11:18:54,23.17,0.03,1,2317,买盘
1433,11:18:57,23.14,-0.03,26,60164,卖盘
1434,11:19:09,23.15,0.01,4,9260,卖盘
1435,11:19:13,23.14,-0.01,7,16203,卖盘
1436,11:19:18,23.14,0.0,3,6942,卖盘
1437,11:19:27,23.14,0.0,1,2314,卖盘
1438,11:19:30,23.14,0.0,5,11570,卖盘
1439,11:19:33,23.14,0.0,25,57850,卖盘
1440,11:19:42,23.14,0.0,12,27768,卖盘
1441,11:19:45,23.13,-0.01,2,4626,卖盘
1442,11:19:48,23.13,0.0,10,23130,卖盘
1443,11:19:51,23.14,0.01,51,117973,买盘
1444,11:20:09,23.13,-0.01,8,18504,卖盘
1445,11:20:12,23.13,0.0,32,74019,卖盘
1446,11:20:15,23.13,0.0,1,2313,卖盘
1447,11:20:18,23.13,0.0,8,18509,卖盘
1448,11:20:21,23.13,0.0,4,9254,卖盘
1449,11:20:30,23.13,0.0,5,11565,卖盘
1450,11:20:33,23.13,0.0,1,2313,卖盘
1451,11:20:45,23.13,0.0,23,53199,卖盘
1452,11:20:49,23.13,0.0,36,83268,卖盘
1453,11:20:52,23.13,0.0,42,97146,卖盘
1454,11:20:57,23.13,0.0,1,2313,卖盘
1455,11:21:09,23.13,0.0,7,16191,卖盘
1456,11:21:12,23.13,0.0,3,6939,卖盘
1457,11:21:18,23.13,0.0,3,6939,卖盘
1458,11:21:21,23.13,0.0,24,55512,卖盘
1459,11:21:30,23.14,0.01,12,27761,买盘
1460,11:21:46,23.13,-0.01,22,50886,卖盘
1461,11:21:48,23.13,0.0,41,94833,卖盘
1462,11:21:54,23.13,0.0,8,18504,卖盘
1463,11:21:57,23.12,-0.01,26,60115,卖盘
1464,11:22:00,23.12,0.0,3,6936,卖盘
1465,11:22:06,23.12,0.0,180,416160,卖盘
1466,11:22:09,23.1,-0.02,6,13860,卖盘
1467,11:22:12,23.1,0.0,1,2310,卖盘
1468,11:22:15,23.1,0.0,1,2310,卖盘
1469,11:22:18,23.1,0.0,3,6930,卖盘
1470,11:22:24,23.1,0.0,5,11550,卖盘
1471,11:22:27,23.1,0.0,1,2310,卖盘
1472,11:22:30,23.1,0.0,32,73920,卖盘
1473,11:22:33,23.11,0.01,5,11555,买盘
1474,11:22:42,23.1,-0.01,22,50820,卖盘
1475,11:22:45,23.1,0.0,1,2310,卖盘
1476,11:22:48,23.1,0.0,7,16170,卖盘
1477,11:22:51,23.1,0.0,2,4620,卖盘
1478,11:22:54,23.1,0.0,2,4620,卖盘
1479,11:22:57,23.11,0.01,1,2311,买盘
1480,11:23:09,23.1,-0.01,8,18480,卖盘
1481,11:23:12,23.1,0.0,32,73920,卖盘
1482,11:23:18,23.1,0.0,3,6930,卖盘
1483,11:23:30,23.1,0.0,6,13860,卖盘
1484,11:23:33,23.1,0.0,2,4620,卖盘
1485,11:23:39,23.1,0.0,2,4620,卖盘
1486,11:23:42,23.1,0.0,21,48510,卖盘
1487,11:23:45,23.08,-0.02,24,55411,卖盘
1488,11:23:48,23.08,0.0,5,11540,卖盘
1489,11:23:54,23.08,0.0,2,4616,买盘
1490,11:23:57,23.07,-0.01,2,4614,卖盘
1491,11:24:06,23.07,0.0,1,2307,卖盘
1492,11:24:09,23.07,0.0,13,29996,卖盘
1493,11:24:12,23.08,0.01,11,25388,买盘
1494,11:24:18,23.08,0.0,3,6924,卖盘
1495,11:24:22,23.09,0.01,29,66914,买盘
1496,11:24:24,23.1,0.01,2,4620,买盘
1497,11:24:27,23.08,-0.02,7,16150,中性盘
1498,11:24:30,23.08,0.0,1,2308,卖盘
1499,11:24:39,23.11,0.03,5,11554,买盘
1500,11:24:42,23.08,-0.03,15,34622,卖盘
1501,11:24:45,23.07,-0.01,25,57696,卖盘
1502,11:24:48,23.08,0.01,5,11540,卖盘
1503,11:24:51,23.11,0.03,8,18476,买盘
1504,11:24:55,23.07,-0.04,29,66903,卖盘
1505,11:24:57,23.11,0.04,7,16174,买盘
1506,11:25:00,23.08,-0.03,1,2308,卖盘
1507,11:25:03,23.11,0.03,1,2311,买盘
1508,11:25:06,23.11,0.0,3,6933,买盘
1509,11:25:09,23.1,-0.01,5,11550,卖盘
1510,11:25:12,23.1,0.0,10,23113,卖盘
1511,11:25:16,23.1,0.0,2,4622,卖盘
1512,11:25:18,23.09,-0.01,6,13860,中性盘
1513,11:25:21,23.12,0.03,1,2312,买盘
1514,11:25:27,23.09,-0.03,1,2309,卖盘
1515,11:25:31,23.09,0.0,59,136312,卖盘
1516,11:25:34,23.09,0.0,1,2309,卖盘
1517,11:25:42,23.09,0.0,9,20781,卖盘
1518,11:25:45,23.09,0.0,14,32326,买盘
1519,11:25:48,23.08,-0.01,8,18464,卖盘
1520,11:25:51,23.08,0.0,1,2308,卖盘
1521,11:25:54,23.08,0.0,1,2308,卖盘
1522,11:26:06,23.08,0.0,13,30004,卖盘
1523,11:26:09,23.07,-0.01,36,83052,卖盘
1524,11:26:15,23.08,0.01,5,11540,买盘
1525,11:26:18,23.07,-0.01,3,6921,卖盘
1526,11:26:21,23.06,-0.01,11,25376,卖盘
1527,11:26:30,23.06,0.0,31,71490,卖盘
1528,11:26:36,23.07,0.01,5,11535,买盘
1529,11:26:39,23.06,-0.01,1,2306,卖盘
1530,11:26:45,23.06,0.0,22,50732,卖盘
1531,11:26:48,23.06,0.0,29,66883,卖盘
1532,11:26:51,23.07,0.01,2,4614,买盘
1533,11:26:54,23.06,-0.01,50,115300,卖盘
1534,11:26:57,23.06,0.0,8,18453,卖盘
1535,11:27:09,23.06,0.0,7,16142,卖盘
1536,11:27:12,23.07,0.01,1,2307,卖盘
1537,11:27:18,23.12,0.05,11,25401,买盘
1538,11:27:21,23.06,-0.06,25,57658,卖盘
1539,11:27:30,23.08,0.02,4,9232,卖盘
1540,11:27:33,23.08,0.0,2,4618,卖盘
1541,11:27:42,23.08,0.0,11,25388,卖盘
1542,11:27:45,23.06,-0.02,3,6921,卖盘
1543,11:27:48,23.06,0.0,33,76115,卖盘
1544,11:28:09,23.08,0.02,19,43832,买盘
1545,11:28:12,23.06,-0.02,5,11534,卖盘
1546,11:28:15,23.06,0.0,18,41508,卖盘
1547,11:28:19,23.06,0.0,3,6918,卖盘
1548,11:28:27,23.15,0.09,2,4630,买盘
1549,11:28:30,23.07,-0.08,3,6919,中性盘
1550,11:28:33,23.06,-0.01,13,29978,卖盘
1551,11:28:36,23.06,0.0,3,6918,卖盘
1552,11:28:39,23.14,0.08,3,6942,买盘
1553,11:28:45,23.06,-0.08,23,53038,卖盘
1554,11:28:48,23.08,0.02,10,23080,卖盘
1555,11:28:51,23.08,0.0,7,16178,卖盘
1556,11:28:54,23.06,-0.02,9,20770,卖盘
1557,11:29:04,23.06,0.0,7,14205,卖盘
1558,11:29:06,23.07,0.01,1,2307,中性盘
1559,11:29:09,23.08,0.01,3,6924,买盘
1560,11:29:12,23.08,0.0,2,4616,买盘
1561,11:29:15,23.08,0.0,1,2470,卖盘
1562,11:29:18,23.08,0.0,3,6924,卖盘
1563,11:29:28,23.08,0.0,1,2308,卖盘
1564,11:29:30,23.08,0.0,1,2308,卖盘
1565,11:29:39,23.08,0.0,2,4616,卖盘
1566,11:29:45,23.08,0.0,20,45998,卖盘
1567,11:29:48,23.07,-0.01,3,6921,卖盘
1568,11:29:51,23.08,0.01,5,11540,买盘
1569,11:29:54,23.12,0.04,8,18496,卖盘
1570,13:00:04,23.12,0.0,62,143322,买盘
1571,13:00:07,23.15,0.03,4,9260,买盘
1572,13:00:12,23.12,-0.03,1,2312,卖盘
1573,13:00:18,23.12,0.0,3,6936,卖盘
1574,13:00:24,23.15,0.03,5,11575,买盘
1575,13:00:39,23.12,-0.03,8,18497,卖盘
1576,13:00:45,23.1,-0.02,8,18480,卖盘
1577,13:00:48,23.09,-0.01,2,4618,卖盘
1578,13:00:51,23.09,0.0,9,20781,卖盘
1579,13:00:57,23.1,0.01,5,11550,买盘
1580,13:01:00,23.1,0.0,2,4620,买盘
1581,13:01:18,23.09,-0.01,4,9236,卖盘
1582,13:01:39,23.09,0.0,9,20781,卖盘
1583,13:01:45,23.08,-0.01,23,53084,卖盘
1584,13:01:48,23.08,0.0,3,6924,卖盘
1585,13:01:51,23.09,0.01,7,16161,买盘
1586,13:01:57,23.09,0.0,4,9236,买盘
1587,13:02:00,23.08,-0.01,2,4616,卖盘
1588,13:02:09,23.09,0.01,4,9236,买盘
1589,13:02:15,23.08,-0.01,1,2308,卖盘
1590,13:02:18,23.08,0.0,5,11542,卖盘
1591,13:02:21,23.08,0.0,1,2308,卖盘
1592,13:02:30,23.08,0.0,13,30004,卖盘
1593,13:02:39,23.08,0.0,11,25388,卖盘
1594,13:02:42,23.09,0.01,4,9236,买盘
1595,13:02:45,23.08,-0.01,22,50777,卖盘
1596,13:02:51,23.09,0.01,13,30017,买盘
1597,13:02:54,23.09,0.0,6,13858,卖盘
1598,13:03:12,23.1,0.01,1,2310,卖盘
1599,13:03:18,23.1,0.0,2,4620,卖盘
1600,13:03:21,23.1,0.0,1,2310,买盘
1601,13:03:39,23.1,0.0,1,2310,卖盘
1602,13:03:46,23.09,-0.01,23,53107,卖盘
1603,13:03:49,23.09,0.0,3,6927,卖盘
1604,13:03:54,23.09,0.0,1,2309,卖盘
1605,13:04:12,23.15,0.06,2,4625,买盘
1606,13:04:18,23.09,-0.06,3,6927,卖盘
1607,13:04:24,23.15,0.06,3,6945,中性盘
1608,13:04:45,23.1,-0.05,6,13860,卖盘
1609,13:04:57,23.1,0.0,11,25410,买盘
1610,13:05:00,23.09,-0.01,1,2309,卖盘
1611,13:05:18,23.09,0.0,6,13854,卖盘
1612,13:05:24,23.09,0.0,3,6927,卖盘
1613,13:05:27,23.09,0.0,1,2309,卖盘
1614,13:05:45,23.09,0.0,22,50798,卖盘
1615,13:05:48,23.09,0.0,4,9236,卖盘
1616,13:06:06,23.09,0.0,7,16168,卖盘
1617,13:06:18,23.09,0.0,3,6927,卖盘
1618,13:06:33,23.1,0.01,1,2310,买盘
1619,13:06:42,23.1,0.0,3,6930,买盘
1620,13:06:45,23.09,-0.01,23,53107,卖盘
1621,13:06:48,23.1,0.01,3,6930,卖盘
1622,13:07:00,23.1,0.0,1,2310,卖盘
1623,13:07:06,23.1,0.0,1,2148,买盘
1624,13:07:09,23.1,0.0,1,2472,买盘
1625,13:07:18,23.1,0.0,3,6930,卖盘
1626,13:07:30,23.13,0.03,1,2313,买盘
1627,13:07:39,23.16,0.03,2,4630,买盘
1628,13:07:42,23.11,-0.05,1,2311,卖盘
1629,13:07:45,23.11,0.0,1,2311,卖盘
1630,13:07:48,23.1,-0.01,11,25418,卖盘
1631,13:08:04,23.1,0.0,1,2310,卖盘
1632,13:08:09,23.11,0.01,2,4622,买盘
1633,13:08:18,23.1,-0.01,3,6930,卖盘
1634,13:08:39,23.1,0.0,3,6930,卖盘
1635,13:08:45,23.1,0.0,23,53130,卖盘
1636,13:08:48,23.1,0.0,3,6930,卖盘
1637,13:08:57,23.1,0.0,1,2310,卖盘
1638,13:09:00,23.11,0.01,1,2311,买盘
1639,13:09:18,23.1,-0.01,3,6930,卖盘
1640,13:09:21,23.11,0.01,5,11555,买盘
1641,13:09:27,23.1,-0.01,1,2310,卖盘
1642,13:09:45,23.1,0.0,9,20628,卖盘
1643,13:09:48,23.1,0.0,10,23100,买盘
1644,13:09:54,23.09,-0.01,1,2309,卖盘
1645,13:10:03,23.09,0.0,1,2309,卖盘
1646,13:10:18,23.09,0.0,3,6927,卖盘
1647,13:10:24,23.09,0.0,2,4618,卖盘
1648,13:10:27,23.09,0.0,1,2309,卖盘
1649,13:10:45,23.09,0.0,22,50798,卖盘
1650,13:10:48,23.09,0.0,3,6927,卖盘
1651,13:10:57,23.1,0.01,4,9240,买盘
1652,13:11:07,23.1,0.0,1,2310,卖盘
1653,13:11:18,23.11,0.01,3,6933,卖盘
1654,13:11:33,23.1,-0.01,1,2310,卖盘
1655,13:11:45,23.1,0.0,25,57750,卖盘
1656,13:11:51,23.1,0.0,1,2310,买盘
1657,13:11:54,23.1,0.0,1,2310,买盘
1658,13:11:57,23.1,0.0,1,2310,买盘
1659,13:12:04,23.1,0.0,2,4620,卖盘
1660,13:12:09,23.1,0.0,5,11550,卖盘
1661,13:12:19,23.15,0.05,4,9245,买盘
1662,13:12:24,23.1,-0.05,1,2310,卖盘
1663,13:12:30,23.1,0.0,1,2310,卖盘
1664,13:12:45,23.1,0.0,22,50820,卖盘
1665,13:12:48,23.1,0.0,3,6930,卖盘
1666,13:13:06,23.15,0.05,5,11573,买盘
1667,13:13:19,23.11,-0.04,3,6933,卖盘
1668,13:13:21,23.11,0.0,1,2311,卖盘
1669,13:13:34,23.15,0.04,10,23843,买盘
1670,13:13:39,23.11,-0.04,3,6933,卖盘
1671,13:13:45,23.11,0.0,2,3929,卖盘
1672,13:13:48,23.11,0.0,5,11555,买盘
1673,13:13:51,23.11,0.0,1,2311,买盘
1674,13:13:57,23.1,-0.01,17,39273,卖盘
1675,13:14:00,23.1,0.0,1,2310,卖盘
1676,13:14:09,23.11,0.01,2,4622,买盘
1677,13:14:15,23.11,0.0,5,11555,买盘
1678,13:14:18,23.1,-0.01,3,6930,卖盘
1679,13:14:21,23.1,0.0,1,2310,卖盘
1680,13:14:30,23.11,0.01,2,4622,买盘
1681,13:14:45,23.1,-0.01,22,50820,卖盘
1682,13:14:48,23.1,0.0,3,6930,卖盘
1683,13:14:57,23.11,0.01,8,18488,买盘
1684,13:15:18,23.13,0.02,1,2313,卖盘
1685,13:15:24,23.14,0.01,4,9254,买盘
1686,13:15:30,23.14,0.0,1,2314,卖盘
1687,13:15:45,23.14,0.0,11,25454,卖盘
1688,13:15:51,23.14,0.0,1,2314,买盘
1689,13:15:54,23.14,0.0,6,13884,买盘
1690,13:15:58,23.14,0.0,1,2314,买盘
1691,13:16:07,23.14,0.0,1,2314,买盘
1692,13:16:15,23.14,0.0,5,11570,买盘
1693,13:16:18,23.13,-0.01,3,6939,卖盘
1694,13:16:21,23.12,-0.01,1,2312,卖盘
1695,13:16:33,23.14,0.02,1,2314,买盘
1696,13:16:36,23.14,0.0,1,2314,买盘
1697,13:16:39,23.16,0.02,5,11576,买盘
1698,13:16:42,23.13,-0.03,3,6939,卖盘
1699,13:16:45,23.13,0.0,18,41634,卖盘
1700,13:16:51,23.13,0.0,7,16191,买盘
1701,13:16:54,23.12,-0.01,8,18498,卖盘
1702,13:17:04,23.12,0.0,5,11560,卖盘
1703,13:17:12,23.12,0.0,3,6936,卖盘
1704,13:17:15,23.13,0.01,2,4626,卖盘
1705,13:17:19,23.13,0.0,3,6939,卖盘
1706,13:17:27,23.13,0.0,1,2313,卖盘
1707,13:17:33,23.16,0.03,9,20844,买盘
1708,13:17:43,23.16,0.0,10,23160,买盘
1709,13:17:45,23.12,-0.04,24,54794,卖盘
1710,13:17:48,23.12,0.0,3,7630,卖盘
1711,13:17:54,23.12,0.0,7,15490,卖盘
1712,13:18:04,23.12,0.0,2,4624,卖盘
1713,13:18:15,23.12,0.0,2,4624,卖盘
1714,13:18:18,23.12,0.0,3,6936,卖盘
1715,13:18:27,23.12,0.0,1,2312,卖盘
1716,13:18:42,23.12,0.0,2,4624,卖盘
1717,13:18:45,23.12,0.0,4,8554,卖盘
1718,13:18:48,23.12,0.0,2,4624,买盘
1719,13:18:54,23.11,-0.01,3,6934,卖盘
1720,13:18:57,23.12,0.01,4,9248,买盘
1721,13:19:01,23.11,-0.01,3,6935,卖盘
1722,13:19:04,23.11,0.0,4,9246,卖盘
1723,13:19:07,23.12,0.01,2,4624,买盘
1724,13:19:18,23.11,-0.01,3,6933,卖盘
1725,13:19:22,23.11,0.0,3,6933,卖盘
1726,13:19:25,23.11,0.0,2,4622,卖盘
1727,13:19:27,23.11,0.0,1,2311,卖盘
1728,13:19:39,23.11,0.0,10,23110,卖盘
1729,13:19:45,23.11,0.0,12,27732,卖盘
1730,13:19:48,23.1,-0.01,3,6930,卖盘
1731,13:19:54,23.1,0.0,5,11550,卖盘
1732,13:19:58,23.1,0.0,8,18480,卖盘
1733,13:20:06,23.1,0.0,2,4620,卖盘
1734,13:20:09,23.11,0.01,3,6933,买盘
1735,13:20:12,23.1,-0.01,3,6930,卖盘
1736,13:20:15,23.1,0.0,2,4620,卖盘
1737,13:20:18,23.1,0.0,5,11550,卖盘
1738,13:20:21,23.1,0.0,2,4620,卖盘
1739,13:20:24,23.1,0.0,7,16175,卖盘
1740,13:20:27,23.1,0.0,1,2310,卖盘
1741,13:20:33,23.11,0.01,5,11555,买盘
1742,13:20:36,23.1,-0.01,2,4620,卖盘
1743,13:20:45,23.11,0.01,1,2311,卖盘
1744,13:20:48,23.1,-0.01,3,6930,卖盘
1745,13:20:58,23.1,0.0,1,2310,卖盘
1746,13:21:06,23.1,0.0,1,2310,卖盘
1747,13:21:09,23.1,0.0,2,4620,卖盘
1748,13:21:18,23.1,0.0,3,6930,卖盘
1749,13:21:24,23.1,0.0,2,4620,卖盘
1750,13:21:33,23.11,0.01,2,4622,买盘
1751,13:21:39,23.11,0.0,3,6933,卖盘
1752,13:21:42,23.1,-0.01,2,4620,卖盘
1753,13:21:45,23.1,0.0,23,53130,卖盘
1754,13:21:48,23.1,0.0,3,6930,卖盘
1755,13:21:55,23.1,0.0,6,13860,卖盘
1756,13:22:06,23.1,0.0,5,11550,卖盘
1757,13:22:09,23.1,0.0,4,9240,卖盘
1758,13:22:16,23.1,0.0,2,4620,卖盘
1759,13:22:19,23.1,0.0,4,9241,卖盘
1760,13:22:21,23.11,0.01,11,25421,买盘
1761,13:22:37,23.11,0.0,2,4622,卖盘
1762,13:22:45,23.11,0.0,22,50842,卖盘
1763,13:22:51,23.11,0.0,7,16177,买盘
1764,13:22:54,23.11,0.0,1,2311,卖盘
1765,13:23:06,23.1,-0.01,3,6930,卖盘
1766,13:23:09,23.1,0.0,4,9240,卖盘
1767,13:23:13,23.11,0.01,2,4622,买盘
1768,13:23:15,23.11,0.0,2,4622,卖盘
1769,13:23:18,23.11,0.0,3,6933,卖盘
1770,13:23:24,23.11,0.0,7,16177,卖盘
1771,13:23:36,23.11,0.0,2,4622,卖盘
1772,13:23:42,23.11,0.0,9,20799,卖盘
1773,13:23:45,23.11,0.0,11,25426,卖盘
1774,13:23:49,23.1,-0.01,3,6930,卖盘
1775,13:23:52,23.11,0.01,2,4622,买盘
1776,13:23:55,23.1,-0.01,28,64685,卖盘
1777,13:23:58,23.11,0.01,12,27732,买盘
1778,13:24:01,23.12,0.01,1,2312,买盘
1779,13:24:04,23.12,0.0,3,6936,买盘
1780,13:24:06,23.11,-0.01,8,18489,卖盘
1781,13:24:10,23.12,0.01,1,2312,买盘
1782,13:24:15,23.13,0.01,1,2313,卖盘
1783,13:24:24,23.11,-0.02,2,4622,卖盘
1784,13:24:27,23.11,0.0,6,13870,中性盘
1785,13:24:30,23.13,0.02,1,2313,买盘
1786,13:24:36,23.13,0.0,3,6933,买盘
1787,13:24:42,23.13,0.0,7,16191,买盘
1788,13:24:46,23.12,-0.01,25,57819,卖盘
1789,13:24:48,23.12,0.0,1,2312,卖盘
1790,13:24:54,23.12,0.0,5,11560,卖盘
1791,13:24:57,23.13,0.01,3,6939,买盘
1792,13:25:07,23.13,0.0,2,4626,卖盘
1793,13:25:09,23.13,0.0,1,2313,卖盘
1794,13:25:15,23.14,0.01,2,4628,卖盘
1795,13:25:18,23.15,0.01,8,18520,买盘
1796,13:25:21,23.15,0.0,3,6945,卖盘
1797,13:25:24,23.15,0.0,3,6946,卖盘
1798,13:25:27,23.15,0.0,1,3010,卖盘
1799,13:25:31,23.15,0.0,7,16205,卖盘
1800,13:25:34,23.15,0.0,9,20140,卖盘
1801,13:25:37,23.15,0.0,11,25456,买盘
1802,13:25:42,23.16,0.01,39,91000,买盘
1803,13:25:45,23.13,-0.03,13,29377,买盘
1804,13:25:48,23.13,0.0,8,18504,买盘
1805,13:25:51,23.13,0.0,1,3007,买盘
1806,13:25:54,23.15,0.02,5,11575,中性盘
1807,13:25:57,23.12,-0.03,8,17806,卖盘
1808,13:26:03,23.16,0.04,4,9260,卖盘
1809,13:26:06,23.12,-0.04,3,6936,卖盘
1810,13:26:09,23.12,0.0,1,2312,卖盘
1811,13:26:15,23.15,0.03,4,9254,买盘
1812,13:26:19,23.12,-0.03,3,6936,卖盘
1813,13:26:27,23.12,0.0,2,4624,卖盘
1814,13:26:30,23.15,0.03,2,4630,买盘
1815,13:26:33,23.16,0.01,4,9264,买盘
1816,13:26:39,23.15,-0.01,12,27780,卖盘
1817,13:26:42,23.16,0.01,1,2316,中性盘
1818,13:26:45,23.15,-0.01,26,60190,卖盘
1819,13:26:48,23.18,0.03,7,16215,买盘
1820,13:26:51,23.18,0.0,14,32437,中性盘
1821,13:26:57,23.18,0.0,17,39385,中性盘
1822,13:27:04,23.18,0.0,21,48678,卖盘
1823,13:27:09,23.15,-0.03,1,2315,卖盘
1824,13:27:15,23.16,0.01,4,9264,卖盘
1825,13:27:18,23.16,0.0,3,6948,卖盘
1826,13:27:25,23.16,0.0,1,2316,卖盘
1827,13:27:27,23.16,0.0,22,50952,卖盘
1828,13:27:30,23.16,0.0,1,2316,中性盘
1829,13:27:33,23.16,0.0,10,23162,卖盘
1830,13:27:36,23.16,0.0,7,16212,中性盘
1831,13:27:42,23.16,0.0,6,13896,卖盘
1832,13:27:45,23.16,0.0,59,136644,卖盘
1833,13:27:49,23.15,-0.01,3,6945,卖盘
1834,13:27:52,23.19,0.04,30,69557,买盘
1835,13:27:55,23.15,-0.04,37,85675,卖盘
1836,13:27:58,23.19,0.04,59,136745,中性盘
1837,13:28:00,23.2,0.01,30,69598,买盘
1838,13:28:06,23.19,-0.01,12,27828,卖盘
1839,13:28:12,23.19,0.0,8,18552,买盘
1840,13:28:19,23.15,-0.04,3,6945,卖盘
1841,13:28:33,23.15,0.0,5,11575,卖盘
1842,13:28:39,23.15,0.0,2,4630,卖盘
1843,13:28:46,23.15,0.0,22,50930,卖盘
1844,13:28:49,23.15,0.0,4,9260,卖盘
1845,13:29:00,23.19,0.04,1,2319,买盘
1846,13:29:13,23.19,0.0,3,6957,买盘
1847,13:29:18,23.19,0.0,16,37104,卖盘
1848,13:29:21,23.2,0.01,40,92800,买盘
1849,13:29:24,23.2,0.0,5,11600,买盘
1850,13:29:27,23.2,0.0,83,193256,买盘
1851,13:29:45,23.2,0.0,23,53360,卖盘
1852,13:29:48,23.2,0.0,14,32480,卖盘
1853,13:29:54,23.2,0.0,1,696,卖盘
1854,13:30:06,23.21,0.01,1,2321,买盘
1855,13:30:09,23.2,-0.01,5,11600,卖盘
1856,13:30:12,23.21,0.01,1,2321,买盘
1857,13:30:18,23.2,-0.01,3,6960,卖盘
1858,13:30:24,23.2,0.0,3,6960,卖盘
1859,13:30:30,23.21,0.01,4,9284,买盘
1860,13:30:36,23.2,-0.01,5,11600,卖盘
1861,13:30:45,23.2,0.0,22,51040,卖盘
1862,13:30:48,23.2,0.0,8,18564,卖盘
1863,13:31:04,23.2,0.0,5,11600,卖盘
1864,13:31:12,23.21,0.01,11,25531,买盘
1865,13:31:18,23.21,0.0,3,6963,卖盘
1866,13:31:24,23.21,0.0,5,11605,卖盘
1867,13:31:27,23.23,0.02,4,9292,买盘
1868,13:31:30,23.23,0.0,16,37168,买盘
1869,13:31:39,23.23,0.0,5,11615,买盘
1870,13:31:45,23.23,0.0,23,53430,卖盘
1871,13:31:48,23.23,0.0,11,25552,买盘
1872,13:31:51,23.23,0.0,9,20906,买盘
1873,13:32:00,23.23,0.0,7,16261,卖盘
1874,13:32:04,23.23,0.0,3,6969,卖盘
1875,13:32:09,23.25,0.02,1,2325,买盘
1876,13:32:12,23.25,0.0,7,16275,买盘
1877,13:32:18,23.23,-0.02,3,6969,卖盘
1878,13:32:21,23.24,0.01,5,11620,买盘
1879,13:32:27,23.23,-0.01,31,72013,卖盘
1880,13:32:30,23.23,0.0,28,65044,卖盘
1881,13:32:33,23.23,0.0,17,39491,卖盘
1882,13:32:36,23.23,0.0,36,83628,卖盘
1883,13:32:39,23.23,0.0,53,123119,卖盘
1884,13:32:42,23.21,-0.02,23,53405,卖盘
1885,13:32:45,23.21,0.0,50,116050,卖盘
1886,13:32:48,23.2,-0.01,38,88160,卖盘
1887,13:32:51,23.2,0.0,68,157724,买盘
1888,13:32:55,23.16,-0.04,2,4632,卖盘
1889,13:33:01,23.17,0.01,1,2317,卖盘
1890,13:33:04,23.2,0.03,7,16232,买盘
1891,13:33:13,23.2,0.0,3,6960,买盘
1892,13:33:18,23.2,0.0,6,13920,卖盘
1893,13:33:22,23.2,0.0,3,6960,买盘
1894,13:33:24,23.2,0.0,8,18560,卖盘
1895,13:33:27,23.17,-0.03,1,2317,卖盘
1896,13:33:39,23.19,0.02,2,4638,中性盘
1897,13:33:42,23.16,-0.03,52,120508,卖盘
1898,13:33:45,23.16,0.0,2,4632,卖盘
1899,13:33:48,23.16,0.0,3,6948,卖盘
1900,13:33:54,23.17,0.01,4,9268,买盘
1901,13:34:01,23.17,0.0,59,136624,买盘
1902,13:34:04,23.13,-0.04,2,4626,卖盘
1903,13:34:06,23.13,0.0,40,92520,卖盘
1904,13:34:09,23.13,0.0,5,10871,卖盘
1905,13:34:13,23.13,0.0,11,25443,买盘
1906,13:34:18,23.12,-0.01,3,6936,卖盘
1907,13:34:21,23.12,0.0,3,6936,买盘
1908,13:34:24,23.12,0.0,4,9248,卖盘
1909,13:34:27,23.12,0.0,1,2312,卖盘
1910,13:34:34,23.13,0.01,5,11565,买盘
1911,13:34:36,23.13,0.0,12,28438,卖盘
1912,13:34:45,23.12,-0.01,90,208134,卖盘
1913,13:34:48,23.12,0.0,3,6936,卖盘
1914,13:34:57,23.13,0.01,11,25434,买盘
1915,13:35:00,23.14,0.01,5,11567,买盘
1916,13:35:03,23.13,-0.01,11,25443,卖盘
1917,13:35:12,23.12,-0.01,25,57809,卖盘
1918,13:35:15,23.12,0.0,3,6242,卖盘
1919,13:35:21,23.12,0.0,10,23120,买盘
1920,13:35:24,23.11,-0.01,9,20799,卖盘
1921,13:35:27,23.11,0.0,1,2311,卖盘
1922,13:35:33,23.12,0.01,57,131722,买盘
1923,13:35:36,23.11,-0.01,12,27737,中性盘
1924,13:35:40,23.11,0.0,2,4622,买盘
1925,13:35:43,23.11,0.0,6,13866,买盘
1926,13:35:46,23.12,0.01,24,55449,买盘
1927,13:35:48,23.12,0.0,7,16178,买盘
1928,13:35:51,23.12,0.0,3,7630,买盘
1929,13:35:54,23.1,-0.02,64,147855,卖盘
1930,13:36:06,23.12,0.02,1,2312,买盘
1931,13:36:12,23.12,0.0,10,23120,买盘
1932,13:36:15,23.1,-0.02,10,23100,卖盘
1933,13:36:18,23.1,0.0,3,6930,卖盘
1934,13:36:21,23.12,0.02,20,46211,买盘
1935,13:36:27,23.1,-0.02,8,18480,卖盘
1936,13:36:30,23.12,0.02,15,34656,买盘
1937,13:36:36,23.11,-0.01,1,2311,卖盘
1938,13:36:42,23.1,-0.01,17,39279,卖盘
1939,13:36:45,23.1,0.0,23,53130,卖盘
1940,13:36:48,23.1,0.0,3,6930,卖盘
1941,13:36:51,23.1,0.0,26,60060,卖盘
1942,13:36:54,23.1,0.0,5,11550,卖盘
1943,13:36:58,23.1,0.0,20,46200,卖盘
1944,13:37:00,23.1,0.0,14,32340,卖盘
1945,13:37:06,23.13,0.03,6,13870,买盘
1946,13:37:09,23.09,-0.04,35,80835,卖盘
1947,13:37:15,23.09,0.0,9,20781,卖盘
1948,13:37:18,23.09,0.0,3,6927,卖盘
1949,13:37:27,23.09,0.0,20,46184,卖盘
1950,13:37:30,23.09,0.0,1,2309,卖盘
1951,13:37:36,23.09,0.0,13,30017,卖盘
1952,13:37:42,23.09,0.0,5,11545,卖盘
1953,13:37:45,23.09,0.0,31,71579,卖盘
1954,13:37:48,23.09,0.0,3,6927,卖盘
1955,13:37:55,23.09,0.0,2,4618,卖盘
1956,13:37:58,23.09,0.0,30,69270,卖盘
1957,13:38:04,23.09,0.0,10,23100,卖盘
1958,13:38:09,23.09,0.0,41,94669,卖盘
1959,13:38:15,23.09,0.0,7,16163,卖盘
1960,13:38:18,23.08,-0.01,52,120028,卖盘
1961,13:38:24,23.08,0.0,14,32312,卖盘
1962,13:38:27,23.08,0.0,14,32317,卖盘
1963,13:38:30,23.08,0.0,23,53069,买盘
1964,13:38:33,23.08,0.0,2,4616,卖盘
1965,13:38:40,23.08,0.0,3,6924,买盘
1966,13:38:42,23.07,-0.01,43,99268,卖盘
1967,13:38:46,23.07,0.0,35,80749,卖盘
1968,13:38:49,23.09,0.02,5,11549,中性盘
1969,13:38:51,23.11,0.02,47,108466,买盘
1970,13:38:57,23.09,-0.02,17,39267,卖盘
1971,13:39:00,23.09,0.0,8,18472,买盘
1972,13:39:04,23.13,0.04,2,4626,买盘
1973,13:39:07,23.13,0.0,2,4626,买盘
1974,13:39:09,23.13,0.0,11,25439,买盘
1975,13:39:13,23.14,0.01,20,46213,买盘
1976,13:39:16,23.13,-0.01,18,41645,卖盘
1977,13:39:18,23.13,0.0,1,2313,买盘
1978,13:39:22,23.13,0.0,5,11565,买盘
1979,13:39:25,23.15,0.02,8,18510,买盘
1980,13:39:27,23.13,-0.02,4,9256,卖盘
1981,13:39:30,23.13,0.0,10,23130,中性盘
1982,13:39:33,23.13,0.0,8,18504,买盘
1983,13:39:36,23.13,0.0,13,30033,卖盘
1984,13:39:42,23.15,0.02,4,9245,买盘
1985,13:39:45,23.1,-0.05,24,55477,卖盘
1986,13:39:51,23.1,0.0,3,7632,中性盘
1987,13:39:54,23.1,0.0,26,59395,卖盘
1988,13:39:57,23.1,0.0,27,63063,买盘
1989,13:40:00,23.09,-0.01,30,69267,买盘
1990,13:40:04,23.1,0.01,33,76230,卖盘
1991,13:40:09,23.1,0.0,1,2310,卖盘
1992,13:40:12,23.08,-0.02,34,78560,买盘
1993,13:40:16,23.08,0.0,12,27709,卖盘
1994,13:40:19,23.08,0.0,3,6924,卖盘
1995,13:40:21,23.08,0.0,19,43853,卖盘
1996,13:40:27,23.08,0.0,2,4616,卖盘
1997,13:40:31,23.08,0.0,17,39236,卖盘
1998,13:40:36,23.09,0.01,5,11545,卖盘
1999,13:40:39,23.09,0.0,3,6927,买盘
2000,13:40:42,23.09,0.0,10,23090,买盘
2001,13:40:45,23.08,-0.01,26,60029,卖盘
2002,13:40:48,23.08,0.0,9,20776,卖盘
2003,13:40:54,23.13,0.05,2,4626,买盘
2004,13:40:57,23.09,-0.04,16,36931,中性盘
2005,13:41:00,23.08,-0.01,18,41544,卖盘
2006,13:41:06,23.09,0.01,4,9236,卖盘
2007,13:41:09,23.13,0.04,3,6939,买盘
2008,13:41:12,23.13,0.0,10,23128,买盘
2009,13:41:19,23.09,-0.04,18,41590,卖盘
2010,13:41:24,23.07,-0.02,54,124662,卖盘
2011,13:41:27,23.07,0.0,30,69270,卖盘
2012,13:41:30,23.07,0.0,26,59982,卖盘
2013,13:41:34,23.07,0.0,5,11535,卖盘
2014,13:41:36,23.07,0.0,14,32301,卖盘
2015,13:41:39,23.09,0.02,1,2309,买盘
2016,13:41:42,23.09,0.0,11,25399,买盘
2017,13:41:45,23.07,-0.02,24,55372,卖盘
2018,13:41:49,23.07,0.0,9,20781,卖盘
2019,13:41:51,23.06,-0.01,61,140697,卖盘
2020,13:41:54,23.1,0.04,7,16170,买盘
2021,13:41:57,23.08,-0.02,7,16162,卖盘
2022,13:42:00,23.06,-0.02,61,140697,卖盘
2023,13:42:04,23.08,0.02,3,6924,中性盘
2024,13:42:10,23.1,0.02,12,27718,买盘
2025,13:42:13,23.1,0.0,10,23100,买盘
2026,13:42:18,23.08,-0.02,7,16156,卖盘
2027,13:42:21,23.08,0.0,6,13848,买盘
2028,13:42:24,23.09,0.01,2,4618,买盘
2029,13:42:27,23.08,-0.01,5,11540,卖盘
2030,13:42:30,23.08,0.0,12,27696,买盘
2031,13:42:33,23.08,0.0,2,4616,买盘
2032,13:42:36,23.09,0.01,15,34627,买盘
2033,13:42:42,23.09,0.0,4,9236,买盘
2034,13:42:48,23.09,0.0,3,6927,卖盘
2035,13:42:57,23.09,0.0,13,30017,卖盘
2036,13:43:04,23.09,0.0,10,23090,买盘
2037,13:43:09,23.08,-0.01,1,2308,卖盘
2038,13:43:12,23.08,0.0,50,115400,卖盘
2039,13:43:18,23.08,0.0,12,27696,卖盘
2040,13:43:25,23.09,0.01,1,2309,买盘
2041,13:43:27,23.08,-0.01,15,34620,卖盘
2042,13:43:30,23.07,-0.01,38,87685,卖盘
2043,13:43:33,23.07,0.0,12,27695,卖盘
2044,13:43:36,23.07,0.0,50,115324,中性盘
2045,13:43:42,23.08,0.01,10,23078,买盘
2046,13:43:45,23.08,0.0,11,25388,卖盘
2047,13:43:51,23.08,0.0,6,13848,买盘
2048,13:43:54,23.08,0.0,2,4616,卖盘
2049,13:43:57,23.08,0.0,2,4616,卖盘
2050,13:44:01,23.08,0.0,16,36928,买盘
2051,13:44:04,23.07,-0.01,19,43843,卖盘
2052,13:44:06,23.09,0.02,6,13849,买盘
2053,13:44:09,23.06,-0.03,1,2306,卖盘
2054,13:44:12,23.07,0.01,2,4614,买盘
2055,13:44:18,23.07,0.0,11,25367,买盘
2056,13:44:21,23.07,0.0,60,138353,买盘
2057,13:44:27,23.05,-0.02,219,504795,卖盘
2058,13:44:36,23.05,0.0,15,34581,卖盘
2059,13:44:39,23.03,-0.02,144,331742,卖盘
2060,13:44:42,23.06,0.03,1,2306,买盘
2061,13:44:45,23.03,-0.03,3,6909,卖盘
2062,13:44:48,23.04,0.01,38,87517,中性盘
2063,13:44:57,23.04,0.0,10,23040,卖盘
2064,13:45:04,23.04,0.0,9,20736,买盘
2065,13:45:06,23.04,0.0,22,51373,买盘
2066,13:45:09,23.04,0.0,1,2304,卖盘
2067,13:45:18,23.04,0.0,15,34560,卖盘
2068,13:45:21,23.04,0.0,8,18432,卖盘
2069,13:45:27,23.06,0.02,6,13836,买盘
2070,13:45:30,23.04,-0.02,19,43776,卖盘
2071,13:45:33,23.06,0.02,1,2306,买盘
2072,13:45:36,23.04,-0.02,9,20750,卖盘
2073,13:45:45,23.0,-0.04,1947,4478840,卖盘
2074,13:45:48,23.0,0.0,15,34551,卖盘
2075,13:45:51,23.0,0.0,2,4600,卖盘
2076,13:45:54,23.05,0.05,20,46083,买盘
2077,13:45:57,23.0,-0.05,113,259882,卖盘
2078,13:46:01,23.0,0.0,5,11247,卖盘
2079,13:46:04,23.0,0.0,13,29899,买盘
2080,13:46:06,22.98,-0.02,9,20687,卖盘
2081,13:46:12,23.0,0.02,3,6900,买盘
2082,13:46:18,22.98,-0.02,15,34473,卖盘
2083,13:46:24,23.0,0.02,61,140551,买盘
2084,13:46:27,23.0,0.0,1,2300,卖盘
2085,13:46:30,23.0,0.0,74,170200,卖盘
2086,13:46:36,23.01,0.01,6,13806,卖盘
2087,13:46:39,23.02,0.01,10,23018,买盘
2088,13:46:42,23.03,0.01,100,230108,买盘
2089,13:46:45,23.04,0.01,80,183850,买盘
2090,13:46:48,22.99,-0.05,10,23012,卖盘
2091,13:46:51,23.07,0.08,50,115260,买盘
2092,13:46:57,23.0,-0.07,12,27610,卖盘
2093,13:47:00,23.0,0.0,19,43700,卖盘
2094,13:47:03,23.0,0.0,3,6900,卖盘
2095,13:47:09,23.03,0.03,11,25333,买盘
2096,13:47:19,23.0,-0.03,11,25300,卖盘
2097,13:47:24,23.03,0.03,11,25325,买盘
2098,13:47:27,23.0,-0.03,2,4600,卖盘
2099,13:47:30,23.0,0.0,19,43700,卖盘
2100,13:47:36,23.0,0.0,13,29900,卖盘
2101,13:47:45,23.02,0.02,2,4604,买盘
2102,13:47:48,23.02,0.0,2,4604,卖盘
2103,13:47:51,23.03,0.01,4,9210,买盘
2104,13:47:54,23.02,-0.01,25,57527,中性盘
2105,13:47:57,23.01,-0.01,9,20713,卖盘
2106,13:48:06,23.03,0.02,14,32237,买盘
2107,13:48:13,23.01,-0.02,18,41436,卖盘
2108,13:48:16,23.01,0.0,2,4602,卖盘
2109,13:48:18,23.01,0.0,21,48333,卖盘
2110,13:48:27,23.01,0.0,2,4602,卖盘
2111,13:48:30,23.01,0.0,17,39117,卖盘
2112,13:48:33,23.01,0.0,4,9206,卖盘
2113,13:48:36,23.01,0.0,11,25311,卖盘
2114,13:48:42,23.01,0.0,2,4602,卖盘
2115,13:48:48,23.01,0.0,23,52932,卖盘
2116,13:48:57,23.01,0.0,10,23010,卖盘
2117,13:49:00,23.01,0.0,19,43719,卖盘
2118,13:49:12,23.01,0.0,3,6903,卖盘
2119,13:49:18,23.01,0.0,31,71365,卖盘
2120,13:49:27,23.01,0.0,24,55264,卖盘
2121,13:49:30,23.02,0.01,10,23015,中性盘
2122,13:49:37,23.02,0.0,9,20718,卖盘
2123,13:49:40,23.04,0.02,6,13824,买盘
2124,13:49:46,23.01,-0.03,58,133505,卖盘
2125,13:49:49,23.02,0.01,4,9207,中性盘
2126,13:49:57,23.02,0.0,9,20718,卖盘
2127,13:50:12,23.01,0.0,1,2301,卖盘
2128,13:50:18,23.01,0.0,16,36816,卖盘
2129,13:50:24,23.01,0.0,8,18408,卖盘
2130,13:50:27,23.02,0.01,17,39125,买盘
2131,13:50:31,23.01,-0.01,12,27612,卖盘
2132,13:50:33,23.02,0.01,45,103570,买盘
2133,13:50:37,23.01,-0.01,7,16107,卖盘
2134,13:50:39,23.01,0.0,2,4602,卖盘
2135,13:50:48,23.01,0.0,5,11506,卖盘
2136,13:50:58,23.01,0.0,20,46020,卖盘
2137,13:51:00,23.02,0.01,15,34518,买盘
2138,13:51:06,23.02,0.0,2,4604,买盘
2139,13:51:12,23.01,-0.01,14,32214,卖盘
2140,13:51:18,23.01,0.0,6,13116,卖盘
2141,13:51:22,23.02,0.01,6,13807,买盘
2142,13:51:24,23.02,0.0,1,2302,买盘
2143,13:51:30,23.0,-0.02,21,48307,卖盘
2144,13:51:33,23.01,0.01,3,6903,卖盘
2145,13:51:36,23.01,0.0,1,2301,买盘
2146,13:51:39,23.01,0.0,20,46015,中性盘
2147,13:51:48,23.01,0.0,3,6903,卖盘
2148,13:51:57,23.01,0.0,9,20709,卖盘
2149,13:52:00,23.01,0.0,20,46020,卖盘
2150,13:52:04,23.02,0.01,5,11510,买盘
2151,13:52:07,23.01,-0.01,5,11505,卖盘
2152,13:52:10,23.03,0.02,6,13818,买盘
2153,13:52:12,23.02,-0.01,9,20718,卖盘
2154,13:52:16,23.02,0.0,1,2302,卖盘
2155,13:52:18,23.01,-0.01,3,6903,卖盘
2156,13:52:30,23.01,0.0,17,39117,卖盘
2157,13:52:33,23.02,0.01,11,25306,买盘
2158,13:52:37,23.0,-0.02,2,4600,卖盘
2159,13:52:40,23.01,0.01,9,20701,中性盘
2160,13:52:48,23.0,-0.01,5,11502,卖盘
2161,13:52:51,23.0,0.0,200,460000,卖盘
2162,13:52:55,23.0,0.0,42,96600,卖盘
2163,13:52:57,22.99,-0.01,18,41382,卖盘
2164,13:53:04,22.99,0.0,107,246578,买盘
2165,13:53:06,22.98,-0.01,19,43679,卖盘
2166,13:53:09,22.99,0.01,14,32193,中性盘
2167,13:53:12,22.99,0.0,4,9196,卖盘
2168,13:53:18,22.98,-0.01,25,57450,卖盘
2169,13:53:24,22.98,0.0,17,38401,卖盘
2170,13:53:30,22.97,-0.01,29,66615,卖盘
2171,13:53:33,22.97,0.0,4,9188,卖盘
2172,13:53:36,22.97,0.0,17,39048,买盘
2173,13:53:40,22.96,-0.01,8,18368,卖盘
2174,13:53:43,22.96,0.0,12,27553,卖盘
2175,13:53:45,22.95,-0.01,63,144611,卖盘
2176,13:53:48,22.94,-0.01,7,16062,卖盘
2177,13:53:51,22.94,0.0,5,11470,卖盘
2178,13:53:54,22.93,-0.01,5,11468,卖盘
2179,13:53:57,22.92,-0.01,111,254587,卖盘
2180,13:54:00,22.92,0.0,37,84811,卖盘
2181,13:54:04,22.93,0.01,23,52737,买盘
2182,13:54:09,22.92,-0.01,1,2292,卖盘
2183,13:54:12,22.93,0.01,14,32101,买盘
2184,13:54:18,22.93,0.0,48,110051,买盘
2185,13:54:21,22.93,0.0,9,20637,买盘
2186,13:54:24,22.94,0.01,5,11470,买盘
2187,13:54:27,22.95,0.01,520,1191731,买盘
2188,13:54:30,22.93,-0.02,18,41270,买盘
2189,13:54:33,22.93,0.0,1,2293,买盘
2190,13:54:36,22.93,0.0,261,598583,买盘
2191,13:54:42,22.93,0.0,13,29809,买盘
2192,13:54:49,22.91,-0.02,4,9166,卖盘
2193,13:54:51,22.91,0.0,6,13747,卖盘
2194,13:54:57,22.91,0.0,1,2291,卖盘
2195,13:55:00,22.9,-0.01,70,160329,卖盘
2196,13:55:12,22.92,0.02,1,2292,卖盘
2197,13:55:15,22.93,0.01,11,25223,买盘
2198,13:55:18,22.93,0.0,16,36694,买盘
2199,13:55:27,22.93,0.0,4,7567,卖盘
2200,13:55:30,22.93,0.0,68,155824,卖盘
2201,13:55:33,22.95,0.02,1,2295,买盘
2202,13:55:40,22.94,-0.01,4,9174,中性盘
2203,13:55:42,22.95,0.01,54,123930,买盘
2204,13:55:48,22.93,-0.02,4,9174,卖盘
2205,13:55:54,22.93,0.0,1,2293,卖盘
2206,13:55:58,22.93,0.0,2,4586,卖盘
2207,13:56:01,22.95,0.02,94,215594,买盘
2208,13:56:04,22.95,0.0,5,11475,买盘
2209,13:56:06,22.95,0.0,5,11475,买盘
2210,13:56:09,22.93,-0.02,5,11465,卖盘
2211,13:56:12,22.98,0.05,104,238815,买盘
2212,13:56:15,22.92,-0.06,55,126173,卖盘
2213,13:56:18,22.93,0.01,1,2293,中性盘
2214,13:56:28,22.95,0.02,2,4590,卖盘
2215,13:56:30,22.93,-0.02,33,75669,卖盘
2216,13:56:33,22.93,0.0,9,20637,买盘
2217,13:56:36,22.93,0.0,8,18344,买盘
2218,13:56:46,22.92,-0.01,50,114619,卖盘
2219,13:56:48,22.95,0.03,5,11473,买盘
2220,13:56:51,22.95,0.0,14,32107,买盘
2221,13:56:54,22.95,0.0,9,20653,买盘
2222,13:56:57,22.93,-0.02,3,6879,卖盘
2223,13:57:00,22.95,0.02,23,52749,买盘
2224,13:57:06,22.98,0.03,3,6894,买盘
2225,13:57:09,22.99,0.01,1,2299,卖盘
2226,13:57:12,23.0,0.01,101,232650,买盘
2227,13:57:15,22.99,-0.01,50,114950,卖盘
2228,13:57:18,22.99,0.0,3,6897,卖盘
2229,13:57:21,23.05,0.06,5,11525,买盘
2230,13:57:27,23.0,-0.05,20,46000,卖盘
2231,13:57:30,23.05,0.05,87,200230,买盘
2232,13:57:39,23.05,0.0,3,6915,买盘
2233,13:57:42,23.07,0.02,12,27668,买盘
2234,13:57:45,23.0,-0.07,50,115060,卖盘
2235,13:57:49,23.05,0.05,2,4610,卖盘
2236,13:57:51,23.05,0.0,20,46100,买盘
2237,13:57:54,23.0,-0.05,1,2300,卖盘
2238,13:57:57,23.0,0.0,48,110587,卖盘
2239,13:58:00,23.0,0.0,52,119600,卖盘
2240,13:58:09,23.01,0.01,19,43803,卖盘
2241,13:58:15,23.0,-0.01,51,117308,卖盘
2242,13:58:18,23.01,0.01,3,6903,中性盘
2243,13:58:30,23.01,0.0,20,46020,卖盘
2244,13:58:33,23.09,0.08,189,436443,买盘
2245,13:58:36,23.09,0.0,1,2055,买盘
2246,13:58:42,23.09,0.0,36,83373,买盘
2247,13:58:45,23.01,-0.08,11,25067,买盘
2248,13:58:51,23.01,0.0,3,6903,卖盘
2249,13:59:00,23.01,0.0,39,89745,卖盘
2250,13:59:09,23.0,-0.01,1,2300,卖盘
2251,13:59:21,23.01,0.01,3,6903,卖盘
2252,13:59:30,23.01,0.0,20,46020,卖盘
2253,13:59:33,23.01,0.0,3,6903,卖盘
2254,13:59:45,23.07,0.06,3,6921,买盘
2255,13:59:48,23.02,-0.05,3,6906,卖盘
2256,13:59:51,23.02,0.0,1,2302,卖盘
2257,13:59:54,23.02,0.0,3,6906,卖盘
2258,14:00:00,23.05,0.03,24,55260,中性盘
2259,14:00:04,23.02,-0.03,1,2302,卖盘
2260,14:00:06,23.05,0.03,4,9220,买盘
2261,14:00:09,23.02,-0.03,1,2302,卖盘
2262,14:00:12,23.05,0.03,6,13830,买盘
2263,14:00:19,23.05,0.0,8,18445,卖盘
2264,14:00:24,23.06,0.01,1,2306,买盘
2265,14:00:30,23.06,0.0,44,101425,买盘
2266,14:00:33,23.06,0.0,3,6918,卖盘
2267,14:00:40,23.06,0.0,2,4612,卖盘
2268,14:00:43,23.06,0.0,3,6918,中性盘
2269,14:00:49,23.06,0.0,4,9224,卖盘
2270,14:00:51,23.06,0.0,1,2306,卖盘
2271,14:00:54,23.06,0.0,1,2306,卖盘
2272,14:00:57,23.06,0.0,1,2306,卖盘
2273,14:01:00,23.06,0.0,26,59956,卖盘
2274,14:01:03,23.05,-0.01,7,16136,卖盘
2275,14:01:09,23.02,-0.03,1,2302,卖盘
2276,14:01:15,23.07,0.05,3,6921,买盘
2277,14:01:18,23.05,-0.02,3,6915,卖盘
2278,14:01:21,23.08,0.03,77,177703,买盘
2279,14:01:24,23.12,0.04,86,198696,买盘
2280,14:01:27,23.08,-0.04,2,4616,卖盘
2281,14:01:30,23.12,0.04,22,50800,买盘
2282,14:01:36,23.12,0.0,12,27744,买盘
2283,14:01:39,23.12,0.0,4,9248,买盘
2284,14:01:42,23.12,0.0,15,34680,买盘
2285,14:01:48,23.08,-0.04,3,6924,卖盘
2286,14:01:54,23.13,0.05,4,9252,买盘
2287,14:01:57,23.08,-0.05,1,2308,卖盘
2288,14:02:00,23.13,0.05,24,55407,买盘
2289,14:02:06,23.15,0.02,82,189734,买盘
2290,14:02:09,23.09,-0.06,1,2309,卖盘
2291,14:02:19,23.1,0.01,3,6930,卖盘
2292,14:02:21,23.1,0.0,1,2310,卖盘
2293,14:02:27,23.1,0.0,2,4620,卖盘
2294,14:02:30,23.1,0.0,17,39270,卖盘
2295,14:02:39,23.13,0.03,1,2313,中性盘
2296,14:02:48,23.1,-0.03,3,6932,卖盘
2297,14:02:54,23.11,0.01,2,4622,中性盘
2298,14:02:57,23.11,0.0,3,6933,卖盘
2299,14:03:00,23.11,0.0,17,39287,卖盘
2300,14:03:09,23.11,0.0,6,13866,卖盘
2301,14:03:12,23.13,0.02,110,254310,买盘
2302,14:03:15,23.13,0.0,2,4625,买盘
2303,14:03:18,23.11,-0.02,18,41632,卖盘
2304,14:03:21,23.11,0.0,14,32352,买盘
2305,14:03:27,23.11,0.0,9,20799,卖盘
2306,14:03:30,23.11,0.0,13,30043,卖盘
2307,14:03:37,23.11,0.0,1,2311,卖盘
2308,14:03:39,23.12,0.01,7,16179,买盘
2309,14:03:42,23.12,0.0,13,30056,买盘
2310,14:03:48,23.11,-0.01,6,13869,卖盘
2311,14:03:57,23.11,0.0,7,16177,卖盘
2312,14:04:00,23.11,0.0,22,50842,卖盘
2313,14:04:04,23.11,0.0,1,2311,卖盘
2314,14:04:09,23.11,0.0,1,2311,卖盘
2315,14:04:15,23.11,0.0,2,4622,卖盘
2316,14:04:18,23.11,0.0,11,25429,卖盘
2317,14:04:30,23.11,0.0,20,46220,卖盘
2318,14:04:33,23.11,0.0,4,9244,卖盘
2319,14:04:42,23.11,0.0,2,4622,卖盘
2320,14:04:45,23.11,0.0,1,2311,卖盘
2321,14:04:51,23.11,0.0,3,6933,卖盘
2322,14:05:00,23.11,0.0,81,187278,卖盘
2323,14:05:04,23.11,0.0,10,23110,卖盘
2324,14:05:06,23.11,0.0,1,2311,卖盘
2325,14:05:09,23.11,0.0,1,2311,卖盘
2326,14:05:12,23.11,0.0,1,2311,卖盘
2327,14:05:15,23.11,0.0,3,6933,卖盘
2328,14:05:18,23.11,0.0,8,18494,卖盘
2329,14:05:21,23.11,0.0,3,6933,卖盘
2330,14:05:30,23.11,0.0,20,46220,卖盘
2331,14:05:42,23.13,0.02,50,115608,买盘
2332,14:05:48,23.11,-0.02,1,2311,卖盘
2333,14:05:51,23.11,0.0,3,6933,卖盘
2334,14:06:00,23.15,0.04,79,182761,买盘
2335,14:06:15,23.16,0.01,6,13896,买盘
2336,14:06:18,23.16,0.0,3,6948,卖盘
2337,14:06:21,23.16,0.0,1,2316,卖盘
2338,14:06:24,23.18,0.02,30,69510,买盘
2339,14:06:27,23.16,-0.02,50,115800,卖盘
2340,14:06:30,23.16,0.0,21,48636,卖盘
2341,14:06:33,23.16,0.0,5,11580,卖盘
2342,14:06:48,23.17,0.01,3,6951,卖盘
2343,14:06:51,23.17,0.0,7,16219,买盘
2344,14:07:00,23.17,0.0,30,69510,卖盘
2345,14:07:04,23.16,-0.01,4,9267,卖盘
2346,14:07:13,23.17,0.01,9,20853,卖盘
2347,14:07:16,23.16,-0.01,1,2316,卖盘
2348,14:07:19,23.16,0.0,4,9265,卖盘
2349,14:07:21,23.16,0.0,6,13896,卖盘
2350,14:07:31,23.16,0.0,20,46320,卖盘
2351,14:07:45,23.17,0.01,9,20853,买盘
2352,14:07:48,23.16,-0.01,19,44009,卖盘
2353,14:07:55,23.16,0.0,6,13896,卖盘
2354,14:07:58,23.17,0.01,16,37072,买盘
2355,14:08:00,23.17,0.0,34,78757,买盘
2356,14:08:06,23.17,0.0,20,46340,买盘
2357,14:08:09,23.18,0.01,5,11589,买盘
2358,14:08:12,23.18,0.0,14,32449,买盘
2359,14:08:18,23.18,0.0,3,6954,卖盘
2360,14:08:21,23.19,0.01,16,37104,买盘
2361,14:08:30,23.19,0.0,42,97378,买盘
2362,14:08:33,23.19,0.0,18,41742,买盘
2363,14:08:39,23.2,0.01,45,104392,买盘
2364,14:08:43,23.2,0.0,8,18565,卖盘
2365,14:08:45,23.21,0.01,1,2321,买盘
2366,14:08:48,23.21,0.0,4,9284,卖盘
2367,14:08:51,23.21,0.0,1,2321,卖盘
2368,14:08:54,23.21,0.0,10,23210,卖盘
2369,14:08:57,23.25,0.04,18,41845,买盘
2370,14:09:00,23.25,0.0,29,67348,买盘
2371,14:09:06,23.25,0.0,4,9298,买盘
2372,14:09:12,23.23,-0.02,27,62734,卖盘
2373,14:09:15,23.24,0.01,6,13943,买盘
2374,14:09:18,23.24,0.0,4,9296,卖盘
2375,14:09:21,23.24,0.0,29,67410,卖盘
2376,14:09:27,23.24,0.0,4,9296,卖盘
2377,14:09:30,23.24,0.0,25,58098,卖盘
2378,14:09:33,23.25,0.01,29,67412,买盘
2379,14:09:39,23.23,-0.02,1,2323,卖盘
2380,14:09:42,23.23,0.0,5,11615,卖盘
2381,14:09:45,23.24,0.01,16,37180,买盘
2382,14:09:48,23.23,-0.01,3,6969,卖盘
2383,14:09:51,23.23,0.0,19,44136,卖盘
2384,14:09:54,23.2,-0.03,11,25520,卖盘
2385,14:09:57,23.23,0.03,28,65016,买盘
2386,14:10:00,23.18,-0.05,55,127604,卖盘
2387,14:10:04,23.17,-0.01,2,4635,卖盘
2388,14:10:06,23.18,0.01,6,13907,买盘
2389,14:10:09,23.18,0.0,48,112839,买盘
2390,14:10:15,23.18,0.0,2,4636,卖盘
2391,14:10:18,23.18,0.0,3,6954,卖盘
2392,14:10:21,23.22,0.04,17,39474,买盘
2393,14:10:30,23.21,-0.01,28,64931,买盘
2394,14:10:33,23.21,0.0,14,32466,买盘
2395,14:10:45,23.22,0.01,14,32505,买盘
2396,14:10:51,23.22,0.0,14,32504,买盘
2397,14:10:54,23.22,0.0,5,11610,卖盘
2398,14:11:00,23.22,0.0,21,48762,卖盘
2399,14:11:04,23.22,0.0,6,13932,卖盘
2400,14:11:06,23.22,0.0,12,27864,卖盘
2401,14:11:09,23.22,0.0,9,20896,卖盘
2402,14:11:12,23.22,0.0,28,64980,买盘
2403,14:11:15,23.17,-0.05,8,18536,卖盘
2404,14:11:18,23.17,0.0,11,25487,卖盘
2405,14:11:21,23.17,0.0,6,13902,卖盘
2406,14:11:31,23.17,0.0,20,46340,卖盘
2407,14:11:34,23.17,0.0,5,11585,卖盘
2408,14:11:36,23.17,0.0,20,46340,卖盘
2409,14:11:39,23.17,0.0,5,11585,卖盘
2410,14:11:42,23.17,0.0,10,23169,买盘
2411,14:11:45,23.17,0.0,16,37072,买盘
2412,14:11:52,23.17,0.0,17,39385,买盘
2413,14:12:00,23.17,0.0,27,62540,买盘
2414,14:12:12,23.16,-0.01,11,25476,买盘
2415,14:12:21,23.16,0.0,13,30095,买盘
2416,14:12:27,23.16,0.0,6,13896,买盘
2417,14:12:30,23.16,0.0,34,78639,买盘
2418,14:12:42,23.16,0.0,5,11580,买盘
2419,14:12:46,23.19,0.03,10,23184,买盘
2420,14:12:49,23.16,-0.03,3,6948,卖盘
2421,14:12:52,23.16,0.0,1,2316,卖盘
2422,14:12:55,23.19,0.03,17,39420,买盘
2423,14:13:00,23.19,0.0,32,74149,买盘
2424,14:13:18,23.19,0.0,5,11595,卖盘
2425,14:13:21,23.19,0.0,3,6957,卖盘
2426,14:13:30,23.19,0.0,19,44061,卖盘
2427,14:13:39,23.2,0.01,5,11599,买盘
2428,14:13:42,23.2,0.0,6,13920,买盘
2429,14:13:48,23.2,0.0,11,25526,卖盘
2430,14:13:52,23.2,0.0,8,18560,卖盘
2431,14:13:54,23.21,0.01,11,25521,买盘
2432,14:14:00,23.21,0.0,26,60302,买盘
2433,14:14:10,23.21,0.0,12,27848,买盘
2434,14:14:12,23.21,0.0,3,6963,卖盘
2435,14:14:15,23.21,0.0,9,20889,卖盘
2436,14:14:18,23.21,0.0,4,9284,卖盘
2437,14:14:21,23.21,0.0,11,25531,买盘
2438,14:14:30,23.18,-0.03,20,46360,卖盘
2439,14:14:34,23.18,0.0,10,23207,卖盘
2440,14:14:36,23.21,0.03,1,2321,买盘
2441,14:14:39,23.21,0.0,4,9284,买盘
2442,14:14:42,23.2,-0.01,31,71933,卖盘
2443,14:14:46,23.2,0.0,18,41760,买盘
2444,14:14:49,23.2,0.0,4,9280,买盘
2445,14:14:52,23.2,0.0,4,9280,卖盘
2446,14:15:00,23.2,0.0,667,1549151,卖盘
2447,14:15:04,23.23,0.03,44,101918,买盘
2448,14:15:06,23.24,0.01,6,13944,买盘
2449,14:15:12,23.25,0.01,94,218536,买盘
2450,14:15:15,23.25,0.0,8,18600,卖盘
2451,14:15:18,23.26,0.01,23,53494,买盘
2452,14:15:21,23.26,0.0,4,9304,卖盘
2453,14:15:24,23.27,0.01,9,20941,买盘
2454,14:15:27,23.27,0.0,5,11635,卖盘
2455,14:15:30,23.27,0.0,2,4654,卖盘
2456,14:15:33,23.28,0.01,22,51195,买盘
2457,14:15:36,23.28,0.0,14,32584,买盘
2458,14:15:39,23.26,-0.02,1,2326,卖盘
2459,14:15:49,23.27,0.01,1,2327,卖盘
2460,14:15:51,23.28,0.01,4,9310,买盘
2461,14:15:54,23.27,-0.01,8,18620,卖盘
2462,14:15:57,23.27,0.0,19,44213,卖盘
2463,14:16:00,23.27,0.0,4,9308,卖盘
2464,14:16:04,23.27,0.0,20,46540,买盘
2465,14:16:13,23.26,-0.01,53,123292,卖盘
2466,14:16:18,23.27,0.01,9,20943,卖盘
2467,14:16:21,23.27,0.0,4,9308,买盘
2468,14:16:30,23.27,0.0,47,109385,卖盘
2469,14:16:33,23.26,-0.01,15,34903,卖盘
2470,14:16:39,23.28,0.02,4,9312,买盘
2471,14:16:42,23.28,0.0,9,20952,买盘
2472,14:16:45,23.27,-0.01,3,6981,卖盘
2473,14:16:49,23.28,0.01,6,13968,买盘
2474,14:16:51,23.28,0.0,24,55865,买盘
2475,14:16:57,23.27,-0.01,6,13961,买盘
2476,14:17:00,23.26,-0.01,20,46520,卖盘
2477,14:17:03,23.26,0.0,21,48858,卖盘
2478,14:17:07,23.26,0.0,31,72110,卖盘
2479,14:17:12,23.26,0.0,4,9304,卖盘
2480,14:17:16,23.27,0.01,38,88426,买盘
2481,14:17:18,23.27,0.0,5,11635,卖盘
2482,14:17:21,23.27,0.0,4,9308,卖盘
2483,14:17:24,23.27,0.0,13,30255,卖盘
2484,14:17:27,23.28,0.01,77,179255,买盘
2485,14:17:30,23.28,0.0,21,48888,卖盘
2486,14:17:33,23.29,0.01,15,34935,买盘
2487,14:17:39,23.28,-0.01,125,291222,卖盘
2488,14:17:42,23.3,0.02,8,18632,买盘
2489,14:17:45,23.32,0.02,4,9328,买盘
2490,14:17:48,23.31,-0.01,6,13985,买盘
2491,14:17:51,23.32,0.01,5,11657,买盘
2492,14:17:54,23.31,-0.01,2,4663,卖盘
2493,14:18:00,23.31,0.0,75,174863,卖盘
2494,14:18:03,23.33,0.02,3,6999,买盘
2495,14:18:07,23.33,0.0,12,27996,买盘
2496,14:18:10,23.33,0.0,5,11665,买盘
2497,14:18:12,23.33,0.0,18,41994,买盘
2498,14:18:15,23.35,0.02,10,23344,买盘
2499,14:18:18,23.35,0.0,1,2335,买盘
2500,14:18:21,23.35,0.0,6,14012,卖盘
2501,14:18:24,23.37,0.02,1,2337,卖盘
2502,14:18:27,23.39,0.02,5,11695,买盘
2503,14:18:30,23.35,-0.04,31,72457,卖盘
2504,14:18:33,23.35,0.0,8,18700,卖盘
2505,14:18:36,23.4,0.05,25,58500,买盘
2506,14:18:39,23.41,0.01,1,2341,买盘
2507,14:18:42,23.43,0.02,18,42157,买盘
2508,14:18:45,23.45,0.02,20,46892,买盘
2509,14:18:48,23.41,-0.04,3,7023,卖盘
2510,14:18:51,23.45,0.04,19,44492,买盘
2511,14:18:54,23.45,0.0,5,11722,买盘
2512,14:18:58,23.43,-0.02,5,11715,卖盘
2513,14:19:01,23.43,0.0,11,25785,卖盘
2514,14:19:07,23.4,-0.03,2,4680,卖盘
2515,14:19:09,23.43,0.03,32,74964,买盘
2516,14:19:12,23.4,-0.03,34,79677,卖盘
2517,14:19:15,23.43,0.03,12,28116,卖盘
2518,14:19:21,23.43,0.0,3,7029,卖盘
2519,14:19:24,23.43,0.0,11,25773,卖盘
2520,14:19:27,23.43,0.0,17,39835,卖盘
2521,14:19:30,23.41,-0.02,1,2341,卖盘
2522,14:19:39,23.43,0.02,30,70225,买盘
2523,14:19:42,23.4,-0.03,2,4680,卖盘
2524,14:19:45,23.4,0.0,12,28096,卖盘
2525,14:19:51,23.4,0.0,4,9360,卖盘
2526,14:19:57,23.4,0.0,2,4680,卖盘
2527,14:20:00,23.4,0.0,20,46800,卖盘
2528,14:20:04,23.41,0.01,8,18724,买盘
2529,14:20:06,23.4,-0.01,10,23400,卖盘
2530,14:20:09,23.4,0.0,1,2340,卖盘
2531,14:20:12,23.4,0.0,60,140400,卖盘
2532,14:20:15,23.41,0.01,41,95956,买盘
2533,14:20:21,23.4,-0.01,28,65524,卖盘
2534,14:20:30,23.35,-0.05,1,2335,卖盘
2535,14:20:33,23.35,0.0,20,46700,买盘
2536,14:20:36,23.4,0.05,22,51480,买盘
2537,14:20:39,23.4,0.0,8,18724,卖盘
2538,14:20:42,23.41,0.01,11,25741,买盘
2539,14:20:45,23.41,0.0,24,56176,买盘
2540,14:20:48,23.4,-0.01,70,163800,卖盘
2541,14:20:51,23.41,0.01,20,46817,中性盘
2542,14:20:54,23.4,-0.01,10,23400,卖盘
2543,14:20:57,23.4,0.0,28,65528,卖盘
2544,14:21:00,23.4,0.0,3,7020,卖盘
2545,14:21:09,23.38,-0.02,1,2338,卖盘
2546,14:21:12,23.38,0.0,2,4676,卖盘
2547,14:21:15,23.36,-0.02,9,21040,卖盘
2548,14:21:18,23.36,0.0,3,7008,卖盘
2549,14:21:27,23.36,0.0,5,11680,卖盘
2550,14:21:30,23.36,0.0,27,63084,卖盘
2551,14:21:42,23.36,0.0,6,14016,卖盘
2552,14:21:48,23.36,0.0,10,23368,卖盘
2553,14:21:51,23.38,0.02,15,35070,买盘
2554,14:22:00,23.36,-0.02,26,60736,卖盘
2555,14:22:04,23.36,0.0,1,2336,卖盘
2556,14:22:06,23.36,0.0,8,18696,卖盘
2557,14:22:09,23.36,0.0,1,2336,卖盘
2558,14:22:12,23.35,-0.01,100,233520,卖盘
2559,14:22:15,23.38,0.03,1,2338,买盘
2560,14:22:18,23.3,-0.08,3,6990,卖盘
2561,14:22:21,23.3,0.0,3,6990,卖盘
2562,14:22:24,23.3,0.0,9,20960,中性盘
2563,14:22:30,23.28,-0.02,19,44232,卖盘
2564,14:22:34,23.3,0.02,9,20969,买盘
2565,14:22:36,23.28,-0.02,2,4656,卖盘
2566,14:22:39,23.28,0.0,2,4656,卖盘
2567,14:22:42,23.3,0.02,7,16304,买盘
2568,14:22:48,23.28,-0.02,3,6984,卖盘
2569,14:22:51,23.29,0.01,16,37264,买盘
2570,14:23:00,23.29,0.0,29,67516,买盘
2571,14:23:03,23.28,-0.01,2,4656,卖盘
2572,14:23:12,23.28,0.0,1,2328,卖盘
2573,14:23:18,23.28,0.0,8,18628,卖盘
2574,14:23:21,23.28,0.0,3,6984,卖盘
2575,14:23:27,23.28,0.0,27,62856,卖盘
2576,14:23:30,23.28,0.0,41,95448,卖盘
2577,14:23:39,23.29,0.01,8,18628,买盘
2578,14:23:45,23.28,-0.01,1,2328,卖盘
2579,14:23:52,23.28,0.0,3,6984,卖盘
2580,14:23:54,23.3,0.02,18,41926,买盘
2581,14:23:57,23.34,0.04,15,35009,买盘
2582,14:24:00,23.3,-0.04,19,44270,卖盘
2583,14:24:09,23.3,0.0,6,13980,卖盘
2584,14:24:12,23.3,0.0,2,4660,卖盘
2585,14:24:15,23.34,0.04,25,58334,买盘
2586,14:24:18,23.35,0.01,4,9340,买盘
2587,14:24:21,23.34,-0.01,3,7002,卖盘
2588,14:24:24,23.35,0.01,2,4670,买盘
2589,14:24:27,23.35,0.0,4,9340,卖盘
2590,14:24:30,23.34,-0.01,2,4668,卖盘
2591,14:24:33,23.34,0.0,18,42004,买盘
2592,14:24:37,23.34,0.0,5,11670,买盘
2593,14:24:39,23.34,0.0,2,4668,卖盘
2594,14:24:42,23.36,0.02,5,11680,买盘
2595,14:24:48,23.36,0.0,8,18687,买盘
2596,14:24:51,23.32,-0.04,5,11668,卖盘
2597,14:24:54,23.36,0.04,7,16343,买盘
2598,14:25:00,23.34,-0.02,23,53680,卖盘
2599,14:25:04,23.34,0.0,4,9336,买盘
2600,14:25:06,23.32,-0.02,1,2332,卖盘
2601,14:25:09,23.32,0.0,5,11660,卖盘
2602,14:25:18,23.34,0.02,6,14002,买盘
2603,14:25:21,23.32,-0.02,8,18656,卖盘
2604,14:25:27,23.32,0.0,4,9328,卖盘
2605,14:25:30,23.32,0.0,34,79288,卖盘
2606,14:25:39,23.34,0.02,8,18671,买盘
2607,14:25:42,23.32,-0.02,1,2332,卖盘
2608,14:25:45,23.32,0.0,4,9328,卖盘
2609,14:25:51,23.34,0.02,6,13994,买盘
2610,14:25:57,23.35,0.01,21,49024,买盘
2611,14:26:00,23.32,-0.03,35,81689,卖盘
2612,14:26:04,23.32,0.0,19,44368,卖盘
2613,14:26:09,23.37,0.05,78,182264,买盘
2614,14:26:12,23.37,0.0,2,4674,卖盘
2615,14:26:22,23.32,-0.05,8,18656,卖盘
2616,14:26:30,23.32,0.0,20,46640,卖盘
2617,14:26:39,23.32,0.0,4,9328,卖盘
2618,14:26:48,23.34,0.02,1,2334,买盘
2619,14:26:51,23.32,-0.02,4,9328,卖盘
2620,14:26:54,23.32,0.0,1,2332,卖盘
2621,14:27:01,23.32,0.0,23,53636,卖盘
2622,14:27:04,23.34,0.02,8,18672,买盘
2623,14:27:09,23.34,0.0,30,70020,买盘
2624,14:27:12,23.35,0.01,18,42015,买盘
2625,14:27:15,23.35,0.0,8,18677,买盘
2626,14:27:18,23.34,-0.01,4,9336,卖盘
2627,14:27:21,23.34,0.0,6,14003,买盘
2628,14:27:25,23.34,0.0,4,9336,买盘
2629,14:27:27,23.32,-0.02,5,11666,卖盘
2630,14:27:33,23.32,0.0,8,18664,卖盘
2631,14:27:42,23.33,0.01,1,2333,买盘
2632,14:27:49,23.32,-0.01,3,6996,卖盘
2633,14:27:51,23.32,0.0,10,23325,卖盘
2634,14:27:57,23.32,0.0,1,2332,卖盘
2635,14:28:00,23.32,0.0,20,46640,卖盘
2636,14:28:09,23.33,0.01,15,34988,买盘
2637,14:28:13,23.32,-0.01,1,2332,卖盘
2638,14:28:18,23.32,0.0,8,18656,卖盘
2639,14:28:21,23.32,0.0,5,11660,卖盘
2640,14:28:24,23.32,0.0,2,4664,卖盘
2641,14:28:27,23.33,0.01,9,20993,买盘
2642,14:28:30,23.32,-0.01,24,55968,卖盘
2643,14:28:40,23.31,-0.01,1,2331,卖盘
2644,14:28:45,23.3,-0.01,4,9320,卖盘
2645,14:28:48,23.3,0.0,16,37280,卖盘
2646,14:28:51,23.3,0.0,92,214360,卖盘
2647,14:28:54,23.3,0.0,20,46600,卖盘
2648,14:28:57,23.3,0.0,21,48930,卖盘
2649,14:29:00,23.28,-0.02,6,13972,卖盘
2650,14:29:04,23.28,0.0,11,25612,卖盘
2651,14:29:09,23.28,0.0,1,2328,卖盘
2652,14:29:12,23.28,0.0,1,2328,卖盘
2653,14:29:15,23.28,0.0,1,2328,卖盘
2654,14:29:18,23.28,0.0,6,13968,卖盘
2655,14:29:21,23.27,-0.01,4,9308,卖盘
2656,14:29:25,23.27,0.0,10,23270,卖盘
2657,14:29:27,23.27,0.0,4,9308,卖盘
2658,14:29:39,23.21,-0.06,9,20904,卖盘
2659,14:29:45,23.21,0.0,1,2321,卖盘
2660,14:29:51,23.21,0.0,4,9284,卖盘
2661,14:29:57,23.21,0.0,9,20899,卖盘
2662,14:30:00,23.21,0.0,3,6963,卖盘
2663,14:30:04,23.21,0.0,53,123013,买盘
2664,14:30:07,23.23,0.02,14,32522,买盘
2665,14:30:09,23.24,0.01,6,13942,买盘
2666,14:30:21,23.23,-0.01,3,6969,卖盘
2667,14:30:30,23.23,0.0,19,44137,卖盘
2668,14:30:33,23.23,0.0,6,13937,买盘
2669,14:30:51,23.23,0.0,8,18584,卖盘
2670,14:30:54,23.26,0.03,3,6978,买盘
2671,14:30:57,23.21,-0.05,5,11625,卖盘
2672,14:31:00,23.21,0.0,23,53393,卖盘
2673,14:31:06,23.21,0.0,4,9284,卖盘
2674,14:31:09,23.26,0.05,5,11630,买盘
2675,14:31:12,23.21,-0.05,1,2321,卖盘
2676,14:31:21,23.21,0.0,4,9284,卖盘
2677,14:31:24,23.21,0.0,4,9284,卖盘
2678,14:31:27,23.25,0.04,1,2325,买盘
2679,14:31:30,23.21,-0.04,19,44099,卖盘
2680,14:31:37,23.29,0.08,109,253672,买盘
2681,14:31:39,23.29,0.0,9,20961,卖盘
2682,14:31:51,23.29,0.0,5,11645,卖盘
2683,14:31:54,23.3,0.01,4,9320,买盘
2684,14:31:57,23.29,-0.01,4,9316,卖盘
2685,14:32:01,23.29,0.0,28,65212,卖盘
2686,14:32:09,23.3,0.01,38,88521,买盘
2687,14:32:12,23.3,0.0,1,2330,卖盘
2688,14:32:15,23.3,0.0,8,18640,卖盘
2689,14:32:22,23.33,0.03,16,37295,买盘
2690,14:32:30,23.3,-0.03,21,48930,卖盘
2691,14:32:33,23.3,0.0,4,9320,卖盘
2692,14:32:36,23.3,0.0,10,23300,卖盘
2693,14:32:39,23.3,0.0,18,41952,卖盘
2694,14:32:42,23.3,0.0,5,11650,卖盘
2695,14:32:45,23.3,0.0,6,13980,卖盘
2696,14:32:52,23.3,0.0,4,9320,卖盘
2697,14:32:54,23.26,-0.04,1,2326,卖盘
2698,14:32:57,23.23,-0.03,7,16303,卖盘
2699,14:33:00,23.23,0.0,13,30199,卖盘
2700,14:33:04,23.22,-0.01,1,2322,卖盘
2701,14:33:09,23.22,0.0,4,9288,卖盘
2702,14:33:15,23.23,0.01,5,11615,买盘
2703,14:33:18,23.23,0.0,3,6969,买盘
2704,14:33:21,23.23,0.0,18,41805,买盘
2705,14:33:24,23.22,-0.01,9,20898,买盘
2706,14:33:27,23.22,0.0,11,25538,买盘
2707,14:33:30,23.21,-0.01,35,81249,卖盘
2708,14:33:33,23.22,0.01,5,11610,买盘
2709,14:33:36,23.22,0.0,7,16254,买盘
2710,14:33:39,23.23,0.01,12,27876,买盘
2711,14:33:43,23.22,-0.01,4,9285,中性盘
2712,14:33:46,23.22,0.0,3,6966,卖盘
2713,14:33:51,23.27,0.05,8,18597,买盘
2714,14:34:01,23.23,-0.04,3,6969,卖盘
2715,14:34:04,23.23,0.0,17,39483,买盘
2716,14:34:10,23.23,0.0,6,13938,买盘
2717,14:34:15,23.27,0.04,14,32538,买盘
2718,14:34:18,23.21,-0.06,5,11605,卖盘
2719,14:34:21,23.21,0.0,3,6963,卖盘
2720,14:34:30,23.21,0.0,11,25549,卖盘
2721,14:34:33,23.21,0.0,15,34815,买盘
2722,14:34:36,23.2,-0.01,4,9280,卖盘
2723,14:34:45,23.23,0.03,6,13938,买盘
2724,14:34:51,23.2,-0.03,6,13920,卖盘
2725,14:35:00,23.2,0.0,25,58000,卖盘
2726,14:35:04,23.21,0.01,6,13926,买盘
2727,14:35:06,23.2,-0.01,10,23200,卖盘
2728,14:35:09,23.2,0.0,5,11600,卖盘
2729,14:35:21,23.2,0.0,15,34806,卖盘
2730,14:35:27,23.2,0.0,4,9280,卖盘
2731,14:35:30,23.2,0.0,20,46400,卖盘
2732,14:35:39,23.23,0.03,110,255490,买盘
2733,14:35:48,23.21,-0.02,10,23206,买盘
2734,14:36:00,23.21,0.0,36,83534,买盘
2735,14:36:04,23.2,-0.01,7,16240,卖盘
2736,14:36:18,23.21,0.01,5,11605,买盘
2737,14:36:21,23.2,-0.01,11,25520,卖盘
2738,14:36:30,23.2,0.0,26,60325,卖盘
2739,14:36:36,23.21,0.01,6,13926,买盘
2740,14:36:40,23.2,-0.01,12,27840,卖盘
2741,14:36:51,23.21,0.01,23,53383,买盘
2742,14:36:54,23.2,-0.01,14,32490,卖盘
2743,14:36:57,23.21,0.01,7,16247,买盘
2744,14:37:00,23.2,-0.01,32,74249,卖盘
2745,14:37:13,23.23,0.03,13,30181,买盘
2746,14:37:16,23.2,-0.03,4,9280,卖盘
2747,14:37:21,23.21,0.01,1,2321,买盘
2748,14:37:25,23.2,-0.01,1,2320,卖盘
2749,14:37:30,23.2,0.0,39,90506,卖盘
2750,14:37:33,23.2,0.0,4,9280,卖盘
2751,14:37:48,23.26,0.06,5,11630,买盘
2752,14:37:51,23.2,-0.06,4,9280,卖盘
2753,14:38:01,23.2,0.0,13,30160,卖盘
2754,14:38:06,23.2,0.0,12,27840,买盘
2755,14:38:09,23.19,-0.01,4,9276,卖盘
2756,14:38:12,23.2,0.01,10,23200,买盘
2757,14:38:21,23.21,0.01,4,9285,买盘
2758,14:38:24,23.25,0.04,6,13948,买盘
2759,14:38:27,23.21,-0.04,5,11605,卖盘
2760,14:38:30,23.21,0.0,2,4642,卖盘
2761,14:38:42,23.21,0.0,6,13926,买盘
2762,14:38:45,23.21,0.0,28,64988,买盘
2763,14:38:48,23.2,-0.01,5,11600,卖盘
2764,14:38:52,23.2,0.0,1,2320,卖盘
2765,14:38:54,23.21,0.01,20,46406,买盘
2766,14:39:00,23.19,-0.02,28,64944,卖盘
2767,14:39:03,23.19,0.0,2,4638,卖盘
2768,14:39:06,23.19,0.0,11,25509,卖盘
2769,14:39:12,23.19,0.0,10,23190,买盘
2770,14:39:16,23.2,0.01,3,6959,买盘
2771,14:39:18,23.18,-0.02,7,16232,卖盘
2772,14:39:24,23.18,0.0,8,18544,卖盘
2773,14:39:27,23.18,0.0,1,2318,卖盘
2774,14:39:30,23.18,0.0,21,48678,卖盘
2775,14:39:33,23.19,0.01,8,18552,买盘
2776,14:39:36,23.18,-0.01,37,85771,卖盘
2777,14:39:39,23.18,0.0,2,4636,卖盘
2778,14:39:43,23.18,0.0,4,9272,卖盘
2779,14:39:48,23.18,0.0,1,2318,卖盘
2780,14:39:54,23.18,0.0,9,20867,卖盘
2781,14:40:00,23.18,0.0,24,55632,卖盘
2782,14:40:03,23.18,0.0,1,2318,卖盘
2783,14:40:13,23.18,0.0,55,127496,卖盘
2784,14:40:15,23.18,0.0,29,67222,卖盘
2785,14:40:18,23.16,-0.02,4,9264,卖盘
2786,14:40:21,23.15,-0.01,3,6945,卖盘
2787,14:40:24,23.14,-0.01,13,30082,卖盘
2788,14:40:31,23.14,0.0,8,18512,卖盘
2789,14:40:36,23.1,-0.04,5,11550,卖盘
2790,14:40:52,23.1,0.0,162,374238,卖盘
2791,14:40:54,23.08,-0.02,4,9232,卖盘
2792,14:41:00,23.07,-0.01,9,20763,卖盘
2793,14:41:04,23.07,0.0,2,4614,买盘
2794,14:41:09,23.06,-0.01,22,50753,卖盘
2795,14:41:13,23.08,0.02,13,29989,买盘
2796,14:41:15,23.1,0.02,27,62364,买盘
2797,14:41:18,23.14,0.04,17,39324,买盘
2798,14:41:21,23.07,-0.07,11,25377,卖盘
2799,14:41:27,23.13,0.06,1,2313,买盘
2800,14:41:30,23.06,-0.07,26,59971,卖盘
2801,14:41:37,23.06,0.0,20,46120,卖盘
2802,14:41:40,23.05,-0.01,6,13838,卖盘
2803,14:41:45,23.07,0.02,2,4614,买盘
2804,14:41:48,23.15,0.08,10,23106,买盘
2805,14:41:51,23.12,-0.03,4,9248,卖盘
2806,14:42:00,23.12,0.0,10,23120,卖盘
2807,14:42:04,23.12,0.0,7,16184,买盘
2808,14:42:07,23.07,-0.05,4,9228,卖盘
2809,14:42:12,23.11,0.04,4,9244,买盘
2810,14:42:21,23.11,0.0,17,39287,买盘
2811,14:42:24,23.11,0.0,4,9244,卖盘
2812,14:42:30,23.11,0.0,5,11555,卖盘
2813,14:42:33,23.11,0.0,26,60086,买盘
2814,14:42:40,23.11,0.0,11,25428,卖盘
2815,14:42:49,23.12,0.01,8,18496,买盘
2816,14:42:52,23.12,0.0,17,39304,买盘
2817,14:42:55,23.12,0.0,3,6936,中性盘
2818,14:42:57,23.14,0.02,10,23145,买盘
2819,14:43:01,23.18,0.04,50,115895,买盘
2820,14:43:04,23.18,0.0,103,238657,买盘
2821,14:43:15,23.2,0.02,20,46378,买盘
2822,14:43:18,23.2,0.0,2,4640,卖盘
2823,14:43:22,23.18,-0.02,316,733138,卖盘
