,time,price,change,volume,amount,type
0,09:25:04,4.65,-0.08,104,48360,卖盘
1,09:30:04,4.65,0.0,86,40031,卖盘
2,09:30:13,4.65,0.0,97,45105,卖盘
3,09:30:27,4.65,0.0,40,18600,买盘
4,09:30:31,4.65,0.0,30,13950,买盘
5,09:30:55,4.65,0.0,4,1860,卖盘
6,09:31:12,4.65,0.0,11,5115,卖盘
7,09:31:18,4.65,0.0,69,32085,卖盘
8,09:31:43,4.65,0.0,10,4650,买盘
9,09:31:52,4.64,-0.01,20,9280,卖盘
10,09:31:58,4.64,0.0,27,12528,卖盘
11,09:32:09,4.64,0.0,15,6960,卖盘
12,09:32:19,4.65,0.01,52,24156,买盘
13,09:32:22,4.65,0.0,10,4650,买盘
14,09:32:39,4.64,-0.01,15,6960,卖盘
15,09:33:31,4.64,0.0,72,33408,卖盘
16,09:33:37,4.63,-0.01,26,12038,卖盘
17,09:33:49,4.63,0.0,38,17594,卖盘
18,09:33:57,4.63,0.0,10,4630,买盘
19,09:34:01,4.62,-0.01,50,23109,卖盘
20,09:34:07,4.62,0.0,10,4620,卖盘
21,09:34:09,4.62,0.0,43,19857,卖盘
22,09:34:42,4.62,0.0,20,9240,买盘
23,09:34:46,4.61,-0.01,100,46100,卖盘
24,09:34:52,4.62,0.01,5,2310,买盘
25,09:34:57,4.61,-0.01,50,23050,卖盘
26,09:35:04,4.61,0.0,28,12908,卖盘
27,09:35:06,4.61,0.0,100,46100,卖盘
28,09:35:09,4.61,0.0,22,10142,卖盘
29,09:35:16,4.61,0.0,24,11064,卖盘
30,09:35:18,4.61,0.0,89,41029,卖盘
31,09:35:27,4.61,0.0,41,18871,买盘
32,09:35:30,4.61,0.0,20,9220,卖盘
33,09:35:43,4.62,0.01,2,924,买盘
34,09:36:04,4.61,-0.01,10,4610,卖盘
35,09:36:06,4.62,0.01,10,4620,买盘
36,09:36:13,4.62,0.0,128,59108,买盘
37,09:36:19,4.61,-0.01,23,10603,卖盘
38,09:36:21,4.61,0.0,5,2305,卖盘
39,09:36:27,4.59,-0.02,205,94262,卖盘
40,09:36:48,4.58,-0.01,57,26106,卖盘
41,09:36:57,4.58,0.0,3,1374,卖盘
42,09:37:01,4.6,0.02,133,61192,买盘
43,09:37:06,4.6,0.0,1,363,买盘
44,09:37:12,4.58,-0.02,14,6412,卖盘
45,09:37:57,4.58,0.0,115,52670,卖盘
46,09:38:04,4.58,0.0,12,5496,卖盘
47,09:38:06,4.58,0.0,53,24274,卖盘
48,09:38:16,4.58,0.0,2,916,买盘
49,09:38:27,4.58,0.0,48,21984,卖盘
50,09:38:30,4.59,0.01,11,5049,买盘
51,09:38:46,4.6,0.01,20,9200,买盘
52,09:38:49,4.59,-0.01,27,12393,卖盘
53,09:39:06,4.59,0.0,2,918,卖盘
54,09:39:09,4.59,0.0,16,7344,买盘
55,09:39:16,4.58,-0.01,145,66444,卖盘
56,09:39:31,4.59,0.01,5,2295,卖盘
57,09:39:43,4.59,0.0,2,918,买盘
58,09:39:51,4.59,0.0,4,1836,买盘
59,09:40:21,4.59,0.0,20,9180,卖盘
60,09:40:25,4.59,0.0,20,9180,卖盘
61,09:40:28,4.59,0.0,3,1377,卖盘
62,09:40:33,4.59,0.0,1,459,卖盘
63,09:41:04,4.6,0.01,2,920,买盘
64,09:41:06,4.59,-0.01,7,3213,卖盘
65,09:41:15,4.6,0.01,13,5980,买盘
66,09:41:19,4.59,-0.01,27,12393,卖盘
67,09:41:25,4.6,0.01,86,39560,买盘
68,09:41:34,4.62,0.02,27,12442,买盘
69,09:41:40,4.59,-0.03,35,16073,卖盘
70,09:41:43,4.59,0.0,38,17442,卖盘
71,09:42:00,4.6,0.01,11,5060,卖盘
72,09:42:03,4.6,0.0,18,8280,卖盘
73,09:42:13,4.61,0.01,3,1383,买盘
74,09:42:16,4.61,0.0,3,1383,卖盘
75,09:42:18,4.61,0.0,44,20284,卖盘
76,09:42:46,4.61,0.0,50,23050,卖盘
77,09:42:54,4.61,0.0,1,461,中性盘
78,09:42:57,4.61,0.0,4,1844,买盘
79,09:43:40,4.6,-0.01,9,4140,卖盘
80,09:43:48,4.59,-0.01,15,6896,卖盘
81,09:43:51,4.59,0.0,7,3213,卖盘
82,09:44:15,4.59,0.0,1,459,卖盘
83,09:44:22,4.6,0.01,187,86020,买盘
84,09:44:33,4.6,0.0,96,44160,买盘
85,09:44:36,4.6,0.0,11,5060,卖盘
86,09:44:43,4.61,0.01,40,18440,买盘
87,09:45:33,4.6,-0.01,5,2300,卖盘
88,09:45:36,4.61,0.01,48,22128,买盘
89,09:45:52,4.6,-0.01,31,14260,卖盘
90,09:46:01,4.6,0.0,13,5980,卖盘
91,09:46:04,4.6,0.0,26,11960,卖盘
92,09:46:10,4.6,0.0,300,138000,卖盘
93,09:46:12,4.6,0.0,14,6440,卖盘
94,09:46:16,4.61,0.01,21,9680,买盘
95,09:46:22,4.6,-0.01,20,9200,卖盘
96,09:46:28,4.6,0.0,6,2760,卖盘
97,09:46:58,4.59,-0.01,100,45913,卖盘
98,09:47:16,4.6,0.01,5,2300,卖盘
99,09:47:34,4.6,0.0,173,79430,买盘
100,09:47:42,4.6,0.0,40,18400,买盘
101,09:47:57,4.6,0.0,210,96600,买盘
102,09:48:01,4.6,0.0,61,28060,买盘
103,09:48:09,4.6,0.0,10,4600,卖盘
104,09:48:16,4.61,0.01,31,14291,买盘
105,09:48:28,4.6,-0.01,10,4600,卖盘
106,09:48:39,4.6,0.0,35,16131,卖盘
107,09:48:42,4.62,0.02,15,6930,买盘
108,09:48:52,4.6,-0.02,55,25310,卖盘
109,09:48:55,4.62,0.02,4,1857,买盘
110,09:48:58,4.6,-0.02,63,28991,卖盘
111,09:49:09,4.59,-0.01,5,2295,卖盘
112,09:49:13,4.59,0.0,178,81852,卖盘
113,09:49:16,4.59,0.0,55,25250,卖盘
114,09:49:24,4.59,0.0,48,22077,卖盘
115,09:49:30,4.6,0.01,35,16100,买盘
116,09:49:40,4.6,0.0,45,20700,买盘
117,09:49:45,4.6,0.0,45,20700,买盘
118,09:49:58,4.6,0.0,3,1380,买盘
119,09:50:01,4.6,0.0,9,4149,买盘
120,09:50:16,4.6,0.0,118,54280,卖盘
121,09:50:28,4.6,0.0,16,7360,卖盘
122,09:50:57,4.6,0.0,300,138000,卖盘
123,09:51:01,4.62,0.02,200,92375,买盘
124,09:52:00,4.62,0.0,150,69300,买盘
125,09:52:04,4.62,0.0,5,2310,买盘
126,09:52:58,4.63,0.01,15,6945,买盘
127,09:53:06,4.63,0.0,8,3704,买盘
128,09:53:19,4.63,0.0,7,3241,卖盘
129,09:53:54,4.62,-0.01,143,66066,卖盘
130,09:54:01,4.62,0.0,15,6930,买盘
131,09:54:06,4.61,-0.01,6,2766,卖盘
132,09:54:12,4.61,0.0,23,10603,卖盘
133,09:54:28,4.61,0.0,28,12908,卖盘
134,09:54:31,4.61,0.0,6,2766,卖盘
135,09:54:37,4.62,0.01,3,1386,买盘
136,09:54:49,4.62,0.0,100,46200,买盘
137,09:54:52,4.62,0.0,35,16170,买盘
138,09:55:42,4.62,0.0,38,17556,买盘
139,09:55:48,4.62,0.0,90,41580,卖盘
140,09:55:55,4.62,0.0,115,53130,卖盘
141,09:56:36,4.62,0.0,306,141372,卖盘
142,09:56:49,4.62,0.0,307,141834,卖盘
143,09:58:04,4.63,0.01,80,37040,买盘
144,09:58:22,4.62,-0.01,1,462,卖盘
145,09:58:31,4.62,0.0,29,13398,卖盘
146,09:58:40,4.62,0.0,9,4158,卖盘
147,09:58:58,4.62,0.0,1,462,卖盘
148,09:59:16,4.62,0.0,12,5544,卖盘
149,09:59:49,4.62,0.0,8,3696,卖盘
150,09:59:58,4.63,0.01,10,4630,买盘
151,10:00:06,4.62,-0.01,97,44814,卖盘
152,10:00:24,4.62,0.0,1,462,卖盘
153,10:00:27,4.62,0.0,16,7392,卖盘
154,10:00:42,4.62,0.0,7,3234,卖盘
155,10:01:34,4.63,0.01,65,30095,买盘
156,10:01:57,4.63,0.0,8,3704,买盘
157,10:03:34,4.62,-0.01,30,13860,卖盘
158,10:04:07,4.62,0.0,1,462,卖盘
159,10:04:24,4.62,0.0,50,23100,卖盘
160,10:04:43,4.63,0.01,10,4630,买盘
161,10:04:52,4.63,0.0,168,77784,买盘
162,10:06:31,4.63,0.0,4,1852,卖盘
163,10:07:01,4.63,0.0,173,80099,卖盘
164,10:07:34,4.62,-0.01,532,245964,卖盘
165,10:07:40,4.63,0.01,5,2315,中性盘
166,10:07:42,4.63,0.0,42,19446,买盘
167,10:08:01,4.62,-0.01,42,19426,卖盘
168,10:08:18,4.63,0.01,22,10186,买盘
169,10:08:21,4.63,0.0,30,13890,卖盘
170,10:08:46,4.63,0.0,20,9260,卖盘
171,10:08:52,4.63,0.0,110,50930,卖盘
172,10:08:54,4.64,0.01,5,2320,买盘
173,10:09:18,4.63,-0.01,10,4630,卖盘
174,10:09:21,4.64,0.01,12,5568,买盘
175,10:09:25,4.64,0.0,13,6032,买盘
176,10:09:39,4.64,0.0,123,57072,买盘
177,10:10:03,4.65,0.01,42,19530,买盘
178,10:10:10,4.65,0.0,42,19530,买盘
179,10:10:12,4.64,-0.01,18,8352,卖盘
180,10:10:22,4.64,0.0,12,5568,买盘
181,10:10:34,4.64,0.0,9,4176,买盘
182,10:10:48,4.65,0.01,11,5115,买盘
183,10:10:54,4.64,-0.01,14,6496,卖盘
184,10:11:10,4.64,0.0,2,928,买盘
185,10:11:21,4.64,0.0,2,928,买盘
186,10:11:31,4.64,0.0,2,928,买盘
187,10:11:51,4.64,0.0,2,928,买盘
188,10:12:07,4.63,-0.01,283,131029,卖盘
189,10:12:49,4.63,0.0,24,11112,买盘
190,10:13:16,4.64,0.01,12,5568,买盘
191,10:13:21,4.64,0.0,3,1392,买盘
192,10:13:42,4.63,-0.01,59,27317,卖盘
193,10:14:18,4.63,0.0,27,12501,卖盘
194,10:14:31,4.64,0.01,11,5104,买盘
195,10:14:43,4.63,-0.01,328,151864,卖盘
196,10:14:58,4.63,0.0,11,5093,买盘
197,10:15:01,4.62,-0.01,213,98417,卖盘
198,10:15:04,4.62,0.0,11,5082,买盘
199,10:15:09,4.62,0.0,149,68838,买盘
200,10:15:13,4.62,0.0,10,4620,卖盘
201,10:15:33,4.63,0.01,30,13890,买盘
202,10:15:36,4.62,-0.01,6,2772,卖盘
203,10:15:42,4.63,0.01,23,10649,买盘
204,10:15:58,4.63,0.0,23,10649,买盘
205,10:16:09,4.63,0.0,23,10649,买盘
206,10:16:21,4.63,0.0,11,5093,买盘
207,10:16:33,4.62,-0.01,1,462,卖盘
208,10:17:07,4.64,0.02,11,5095,买盘
209,10:17:52,4.64,0.0,10,4640,买盘
210,10:18:36,4.63,-0.01,6,2778,卖盘
211,10:19:25,4.64,0.01,5,2320,买盘
212,10:20:16,4.64,0.0,4,1856,买盘
213,10:20:19,4.63,-0.01,35,16205,卖盘
214,10:21:06,4.64,0.01,12,5568,买盘
215,10:21:24,4.64,0.0,28,12992,买盘
216,10:21:37,4.65,0.01,128,59520,买盘
217,10:22:04,4.65,0.0,124,57660,卖盘
218,10:23:04,4.65,0.0,10,4650,卖盘
219,10:23:33,4.66,0.01,5,2330,买盘
220,10:23:39,4.66,0.0,5,2330,买盘
221,10:24:19,4.65,-0.01,4,1860,卖盘
222,10:24:22,4.66,0.01,4,1864,买盘
223,10:24:34,4.65,-0.01,20,9300,卖盘
224,10:24:57,4.65,0.0,70,32550,卖盘
225,10:25:01,4.65,0.0,100,46500,卖盘
226,10:25:12,4.65,0.0,10,4650,卖盘
227,10:25:34,4.65,0.0,1,465,卖盘
228,10:26:09,4.65,0.0,6,2790,卖盘
229,10:26:57,4.65,0.0,1,465,卖盘
230,10:27:22,4.66,0.01,99,46055,买盘
231,10:27:31,4.66,0.0,20,9320,买盘
232,10:27:48,4.66,0.0,15,6990,买盘
233,10:28:24,4.65,-0.01,150,69750,卖盘
234,10:28:28,4.65,0.0,18,8370,卖盘
235,10:28:31,4.65,0.0,27,12555,卖盘
236,10:28:34,4.65,0.0,8,3720,卖盘
237,10:28:37,4.65,0.0,6,2790,卖盘
238,10:28:39,4.65,0.0,27,12555,卖盘
239,10:28:43,4.65,0.0,6,2790,卖盘
240,10:28:45,4.65,0.0,12,5580,卖盘
241,10:28:49,4.65,0.0,4,1860,卖盘
242,10:28:52,4.65,0.0,3,1395,卖盘
243,10:28:55,4.65,0.0,2,930,卖盘
244,10:28:57,4.65,0.0,11,5115,卖盘
245,10:29:00,4.65,0.0,74,34410,卖盘
246,10:29:04,4.65,0.0,1,623,卖盘
247,10:29:07,4.65,0.0,15,6975,卖盘
248,10:29:09,4.65,0.0,10,4650,卖盘
249,10:29:13,4.65,0.0,6,2790,卖盘
250,10:29:16,4.65,0.0,100,46500,卖盘
251,10:29:18,4.65,0.0,21,9765,卖盘
252,10:29:21,4.65,0.0,27,12555,卖盘
253,10:29:24,4.65,0.0,18,8370,卖盘
254,10:29:27,4.65,0.0,17,7905,卖盘
255,10:29:31,4.65,0.0,76,35340,卖盘
256,10:29:33,4.65,0.0,10,4650,卖盘
257,10:29:36,4.65,0.0,20,9300,卖盘
258,10:29:40,4.65,0.0,13,6045,卖盘
259,10:29:42,4.65,0.0,36,16740,卖盘
260,10:29:45,4.65,0.0,10,4650,卖盘
261,10:29:48,4.65,0.0,8,3720,卖盘
262,10:29:52,4.65,0.0,38,17670,卖盘
263,10:29:55,4.64,-0.01,979,454458,卖盘
264,10:29:58,4.64,0.0,3,1392,卖盘
265,10:30:00,4.65,0.01,4,1860,中性盘
266,10:30:04,4.65,0.0,169,78585,卖盘
267,10:30:06,4.65,0.0,3,1395,卖盘
268,10:30:09,4.65,0.0,40,18600,卖盘
269,10:30:12,4.65,0.0,41,19065,卖盘
270,10:30:16,4.65,0.0,24,11160,卖盘
271,10:30:19,4.65,0.0,20,9300,卖盘
272,10:30:22,4.65,0.0,34,15810,卖盘
273,10:30:24,4.65,0.0,15,6975,卖盘
274,10:30:28,4.65,0.0,14,6510,卖盘
275,10:30:31,4.65,0.0,11,5115,卖盘
276,10:30:34,4.65,0.0,10,4650,卖盘
277,10:30:39,4.65,0.0,8,3720,卖盘
278,10:30:42,4.65,0.0,40,18600,卖盘
279,10:30:45,4.65,0.0,9,4185,卖盘
280,10:30:48,4.65,0.0,2,930,卖盘
281,10:31:01,4.65,0.0,306,142290,卖盘
282,10:31:09,4.65,0.0,55,25575,买盘
283,10:31:16,4.65,0.0,50,23250,卖盘
284,10:31:24,4.65,0.0,61,28365,卖盘
285,10:31:51,4.65,0.0,334,155310,卖盘
286,10:31:54,4.65,0.0,150,69750,买盘
287,10:32:01,4.65,0.0,150,69750,买盘
288,10:32:04,4.65,0.0,118,54870,买盘
289,10:32:25,4.65,0.0,9,4185,卖盘
290,10:32:28,4.65,0.0,50,23250,卖盘
291,10:32:31,4.66,0.01,191,89005,买盘
292,10:32:36,4.66,0.0,100,46600,卖盘
293,10:32:57,4.67,0.01,2,934,买盘
294,10:33:00,4.66,-0.01,225,104850,卖盘
295,10:33:13,4.66,0.0,10,4660,卖盘
296,10:33:21,4.67,0.01,178,83126,买盘
297,10:34:33,4.67,0.0,2,934,卖盘
298,10:34:45,4.67,0.0,35,16345,卖盘
299,10:35:06,4.67,0.0,39,18243,卖盘
300,10:35:25,4.67,0.0,3,1401,卖盘
301,10:35:54,4.67,0.0,30,14010,卖盘
302,10:36:06,4.67,0.0,24,11208,卖盘
303,10:36:46,4.68,0.01,13,6084,买盘
304,10:37:37,4.68,0.0,10,4680,买盘
305,10:38:46,4.68,0.0,50,23400,买盘
306,10:38:57,4.67,-0.01,10,4670,卖盘
307,10:39:15,4.67,0.0,15,7005,卖盘
308,10:39:31,4.67,0.0,40,18680,卖盘
309,10:40:04,4.67,0.0,36,16812,卖盘
310,10:40:12,4.67,0.0,20,9340,卖盘
311,10:40:40,4.68,0.01,17,7956,买盘
312,10:40:43,4.67,-0.01,90,42030,卖盘
313,10:41:22,4.67,0.0,1,467,卖盘
314,10:41:42,4.67,0.0,228,106476,卖盘
315,10:41:45,4.67,0.0,53,24751,买盘
316,10:41:49,4.67,0.0,13,6071,买盘
317,10:41:55,4.68,0.01,50,23400,买盘
318,10:42:01,4.67,-0.01,58,27136,卖盘
319,10:42:04,4.67,0.0,12,5604,买盘
320,10:42:07,4.68,0.01,2,936,买盘
321,10:42:13,4.68,0.0,117,54726,买盘
322,10:42:19,4.68,0.0,3,1404,买盘
323,10:42:22,4.68,0.0,1,468,买盘
324,10:42:25,4.68,0.0,1,468,买盘
325,10:42:31,4.68,0.0,1,468,买盘
326,10:42:34,4.68,0.0,4,1872,买盘
327,10:42:36,4.68,0.0,1,468,买盘
328,10:42:58,4.68,0.0,30,14040,买盘
329,10:43:18,4.68,0.0,1,468,买盘
330,10:43:33,4.68,0.0,31,14508,买盘
331,10:46:12,4.67,-0.01,26,12142,卖盘
332,10:46:21,4.67,0.0,4,1868,卖盘
333,10:47:04,4.67,0.0,17,7846,卖盘
334,10:47:07,4.67,0.0,7,3269,卖盘
335,10:47:51,4.67,0.0,1,467,卖盘
336,10:48:30,4.67,0.0,5,2335,卖盘
337,10:50:00,4.68,0.01,10,4680,买盘
338,10:50:37,4.67,-0.01,7,3269,卖盘
339,10:50:51,4.67,0.0,100,46700,卖盘
340,10:50:58,4.67,0.0,5,2335,卖盘
341,10:51:04,4.67,0.0,61,28487,卖盘
342,10:51:09,4.67,0.0,100,46700,卖盘
343,10:51:34,4.67,0.0,35,16345,卖盘
344,10:52:51,4.67,0.0,6,2802,卖盘
345,10:53:07,4.67,0.0,20,9340,卖盘
346,10:53:10,4.67,0.0,4,1868,卖盘
347,10:53:13,4.67,0.0,20,9340,卖盘
348,10:53:37,4.67,0.0,40,18680,卖盘
349,10:53:40,4.67,0.0,1,467,卖盘
350,10:53:43,4.67,0.0,9,4203,卖盘
351,10:53:45,4.67,0.0,3,1401,卖盘
352,10:53:48,4.67,0.0,4,1868,卖盘
353,10:53:51,4.67,0.0,4,1868,卖盘
354,10:53:55,4.67,0.0,4,1868,卖盘
355,10:53:58,4.67,0.0,5,2335,卖盘
356,10:54:01,4.67,0.0,20,9340,卖盘
357,10:54:04,4.67,0.0,203,94801,卖盘
358,10:54:07,4.67,0.0,19,8873,卖盘
359,10:54:09,4.67,0.0,1,467,卖盘
360,10:54:13,4.67,0.0,4,1868,卖盘
361,10:54:24,4.67,0.0,1,467,卖盘
362,10:54:27,4.67,0.0,11,5137,卖盘
363,10:54:30,4.67,0.0,15,7005,卖盘
364,10:55:45,4.67,0.0,1,467,卖盘
365,10:55:57,4.67,0.0,4,1868,卖盘
366,10:56:18,4.67,0.0,10,4670,卖盘
367,10:56:46,4.67,0.0,65,30419,卖盘
368,10:59:51,4.67,0.0,2,934,卖盘
369,11:00:16,4.67,0.0,6,2802,卖盘
370,11:01:21,4.67,0.0,1,467,卖盘
371,11:01:34,4.67,0.0,6,2802,卖盘
372,11:02:00,4.67,0.0,23,10741,卖盘
373,11:02:15,4.67,0.0,6,2802,卖盘
374,11:02:21,4.67,0.0,167,77989,卖盘
375,11:02:51,4.67,0.0,5,2335,卖盘
376,11:03:54,4.67,0.0,104,48568,卖盘
377,11:05:04,4.67,0.0,1,467,卖盘
378,11:05:42,4.67,0.0,35,16345,卖盘
379,11:05:49,4.67,0.0,6,2802,卖盘
380,11:05:52,4.67,0.0,75,35025,卖盘
381,11:05:54,4.67,0.0,13,6071,卖盘
382,11:06:00,4.67,0.0,35,16345,卖盘
383,11:06:06,4.67,0.0,2,934,卖盘
384,11:07:06,4.66,-0.01,300,140019,卖盘
385,11:07:21,4.67,0.01,130,60710,中性盘
386,11:07:24,4.67,0.0,65,30355,买盘
387,11:07:27,4.67,0.0,65,30355,买盘
388,11:07:30,4.67,0.0,6,2802,买盘
389,11:07:48,4.67,0.0,11,5137,卖盘
390,11:08:13,4.67,0.0,124,57908,卖盘
391,11:08:33,4.67,0.0,11,5137,卖盘
392,11:08:37,4.67,0.0,1,467,卖盘
393,11:08:57,4.67,0.0,110,51370,卖盘
394,11:09:15,4.67,0.0,1,467,卖盘
395,11:09:40,4.67,0.0,20,9340,卖盘
396,11:09:46,4.67,0.0,8,3736,卖盘
397,11:09:48,4.67,0.0,3,1401,卖盘
398,11:10:33,4.67,0.0,30,14010,卖盘
399,11:10:49,4.67,0.0,13,6071,卖盘
400,11:10:54,4.67,0.0,5,2335,卖盘
401,11:11:48,4.67,0.0,100,46700,卖盘
402,11:12:22,4.67,0.0,147,68649,卖盘
403,11:12:24,4.67,0.0,1,467,卖盘
404,11:13:45,4.67,0.0,60,28020,卖盘
405,11:14:06,4.67,0.0,11,5137,卖盘
406,11:15:37,4.67,0.0,20,9340,卖盘
407,11:16:07,4.67,0.0,100,46700,卖盘
408,11:16:15,4.67,0.0,1,467,卖盘
409,11:16:33,4.67,0.0,30,14010,卖盘
410,11:17:30,4.67,0.0,34,15878,卖盘
411,11:17:33,4.67,0.0,102,47634,卖盘
412,11:18:36,4.67,0.0,1,467,卖盘
413,11:19:03,4.67,0.0,20,9340,卖盘
414,11:19:31,4.67,0.0,14,6538,卖盘
415,11:19:57,4.67,0.0,10,4670,卖盘
416,11:20:12,4.67,0.0,1,467,卖盘
417,11:20:27,4.67,0.0,8,3736,卖盘
418,11:21:22,4.67,0.0,10,4670,卖盘
419,11:21:54,4.67,0.0,1,467,卖盘
420,11:22:18,4.67,0.0,13,6071,卖盘
421,11:23:30,4.67,0.0,50,23350,卖盘
422,11:23:51,4.67,0.0,20,9340,卖盘
423,11:24:12,4.67,0.0,1,467,卖盘
424,11:24:54,4.67,0.0,100,46700,卖盘
425,11:25:45,4.67,0.0,30,14010,卖盘
426,11:26:03,4.67,0.0,20,9340,卖盘
427,11:26:09,4.67,0.0,11,5137,卖盘
428,11:27:06,4.68,0.01,30,14040,买盘
429,11:28:09,4.67,-0.01,6,2802,卖盘
430,11:28:15,4.67,0.0,1,467,卖盘
431,11:28:33,4.67,0.0,11,5137,卖盘
432,11:28:42,4.67,0.0,6,2802,卖盘
433,11:29:21,4.67,0.0,60,28020,卖盘
434,13:00:04,4.68,0.01,60,28031,买盘
435,13:00:06,4.67,-0.01,51,23817,卖盘
436,13:00:09,4.67,0.0,1,467,卖盘
437,13:00:12,4.67,0.0,23,10741,卖盘
438,13:00:15,4.67,0.0,8,3736,卖盘
439,13:00:24,4.67,0.0,4,1868,卖盘
440,13:00:54,4.67,0.0,15,7005,卖盘
441,13:01:21,4.67,0.0,1,467,卖盘
442,13:01:30,4.68,0.01,20,9360,买盘
443,13:03:04,4.68,0.0,11,5148,买盘
444,13:03:21,4.67,-0.01,16,7472,卖盘
445,13:03:30,4.67,0.0,11,5137,卖盘
446,13:03:33,4.67,0.0,13,6071,卖盘
447,13:03:48,4.67,0.0,1,467,卖盘
448,13:05:00,4.68,0.01,412,192816,买盘
449,13:05:06,4.69,0.01,1,469,买盘
450,13:05:36,4.69,0.0,13,6097,买盘
451,13:05:39,4.69,0.0,5,2345,买盘
452,13:05:45,4.69,0.0,1,469,买盘
453,13:05:48,4.69,0.0,112,52528,买盘
454,13:06:09,4.7,0.01,254,119380,买盘
455,13:06:24,4.71,0.01,150,70650,买盘
456,13:06:30,4.71,0.0,32,15237,买盘
457,13:06:54,4.72,0.01,9,4248,买盘
458,13:07:15,4.71,-0.01,50,23550,卖盘
459,13:07:27,4.72,0.01,459,216648,买盘
460,13:07:39,4.72,0.0,20,9440,卖盘
461,13:07:42,4.73,0.01,20,9460,买盘
462,13:07:48,4.72,-0.01,5,2360,卖盘
463,13:08:09,4.72,0.0,10,4720,卖盘
464,13:08:21,4.73,0.01,20,9460,买盘
465,13:08:24,4.73,0.0,76,35947,买盘
466,13:08:27,4.73,0.0,6,2838,卖盘
467,13:08:33,4.75,0.02,955,453420,买盘
468,13:08:43,4.76,0.01,2,952,买盘
469,13:08:46,4.76,0.0,1,476,买盘
470,13:08:52,4.76,0.0,5,2380,买盘
471,13:09:06,4.78,0.02,49,23373,买盘
472,13:09:18,4.78,0.0,46,21988,买盘
473,13:09:24,4.78,0.0,20,9560,买盘
474,13:09:30,4.76,-0.02,14,6672,卖盘
475,13:10:00,4.77,0.01,50,23850,买盘
476,13:10:04,4.77,0.0,2,954,买盘
477,13:10:10,4.77,0.0,78,37205,买盘
478,13:10:22,4.78,0.01,23,10994,买盘
479,13:10:40,4.78,0.0,10,4780,买盘
480,13:10:51,4.78,0.0,118,56404,买盘
481,13:10:55,4.78,0.0,4,1912,买盘
482,13:11:16,4.77,-0.01,121,57737,卖盘
483,13:12:04,4.76,-0.01,1,476,卖盘
484,13:12:10,4.76,0.0,6,2856,卖盘
485,13:12:15,4.76,0.0,64,30464,卖盘
486,13:12:58,4.75,-0.01,149,70775,卖盘
487,13:13:01,4.74,-0.01,7,3318,卖盘
488,13:13:33,4.74,0.0,40,18960,卖盘
489,13:13:49,4.74,0.0,40,18960,卖盘
490,13:13:54,4.75,0.01,12,5699,买盘
491,13:14:09,4.74,-0.01,6,2844,卖盘
492,13:14:33,4.74,0.0,1,474,卖盘
493,13:14:39,4.74,0.0,7,3318,卖盘
494,13:14:48,4.75,0.01,105,49875,买盘
495,13:14:51,4.75,0.0,30,14250,卖盘
496,13:14:54,4.75,0.0,12,5700,卖盘
497,13:14:57,4.76,0.01,1,476,买盘
498,13:15:18,4.75,-0.01,7,3325,卖盘
499,13:15:30,4.75,0.0,8,3800,卖盘
500,13:15:33,4.75,0.0,1,475,买盘
501,13:15:36,4.76,0.01,2,951,买盘
502,13:15:42,4.74,-0.02,1,474,卖盘
503,13:15:45,4.74,0.0,4,1896,卖盘
504,13:15:51,4.75,0.01,1,475,买盘
505,13:16:10,4.75,0.0,1,475,买盘
506,13:16:18,4.75,0.0,1,475,买盘
507,13:16:30,4.74,-0.01,5,2370,卖盘
508,13:17:24,4.74,0.0,16,7584,卖盘
509,13:17:40,4.74,0.0,1,474,卖盘
510,13:18:15,4.74,0.0,48,22752,卖盘
511,13:19:07,4.74,0.0,4,1896,买盘
512,13:19:27,4.74,0.0,1,474,卖盘
513,13:20:07,4.74,0.0,20,9480,卖盘
514,13:20:18,4.74,0.0,5,2370,卖盘
515,13:20:34,4.74,0.0,50,23700,卖盘
516,13:20:54,4.74,0.0,22,10428,卖盘
517,13:21:18,4.73,-0.01,1,473,卖盘
518,13:22:48,4.73,0.0,22,10406,卖盘
519,13:22:57,4.73,0.0,8,3784,卖盘
520,13:23:04,4.73,0.0,33,15609,卖盘
521,13:23:09,4.72,-0.01,35,16520,卖盘
522,13:23:12,4.72,0.0,1,472,卖盘
523,13:23:27,4.72,0.0,30,14160,卖盘
524,13:24:33,4.72,0.0,46,21712,卖盘
525,13:25:04,4.72,0.0,1,472,卖盘
526,13:25:06,4.72,0.0,7,3304,卖盘
527,13:25:34,4.73,0.01,3,1419,买盘
528,13:25:42,4.72,-0.01,1,472,卖盘
529,13:26:54,4.73,0.01,1,473,卖盘
530,13:28:06,4.73,0.0,16,7568,卖盘
531,13:28:21,4.73,0.0,8,3784,卖盘
532,13:28:39,4.73,0.0,20,9460,卖盘
533,13:28:42,4.73,0.0,1,473,卖盘
534,13:28:46,4.73,0.0,4,1892,卖盘
535,13:29:15,4.72,-0.01,96,45312,卖盘
536,13:29:18,4.72,0.0,11,5202,卖盘
537,13:29:45,4.72,0.0,30,14160,卖盘
538,13:30:00,4.73,0.01,62,29326,买盘
539,13:30:15,4.73,0.0,31,14663,卖盘
540,13:30:21,4.73,0.0,50,23650,卖盘
541,13:30:27,4.73,0.0,20,9460,卖盘
542,13:30:30,4.73,0.0,50,23650,卖盘
543,13:30:39,4.73,0.0,61,28853,卖盘
544,13:30:45,4.73,0.0,40,18920,卖盘
545,13:30:48,4.74,0.01,3,1422,买盘
546,13:31:00,4.73,-0.01,50,23650,卖盘
547,13:31:06,4.73,0.0,72,34056,卖盘
548,13:31:24,4.73,0.0,28,13244,买盘
549,13:31:30,4.73,0.0,66,31218,买盘
550,13:31:36,4.73,0.0,50,23650,卖盘
551,13:31:45,4.73,0.0,9,4257,卖盘
552,13:31:48,4.73,0.0,73,34529,卖盘
553,13:31:54,4.73,0.0,80,37840,卖盘
554,13:32:00,4.73,0.0,40,18920,卖盘
555,13:32:06,4.73,0.0,50,23650,卖盘
556,13:32:09,4.73,0.0,14,6622,卖盘
557,13:32:12,4.73,0.0,76,35948,买盘
558,13:32:19,4.73,0.0,30,14190,卖盘
559,13:32:24,4.73,0.0,71,33583,卖盘
560,13:32:33,4.73,0.0,120,56760,卖盘
561,13:32:36,4.74,0.01,216,102384,买盘
562,13:32:51,4.74,0.0,234,110916,卖盘
563,13:32:57,4.75,0.01,10,4750,买盘
564,13:33:00,4.74,-0.01,100,47400,卖盘
565,13:33:04,4.75,0.01,93,44175,买盘
566,13:33:15,4.74,-0.01,13,6162,卖盘
567,13:33:33,4.74,0.0,99,46926,卖盘
568,13:33:48,4.74,0.0,211,100014,卖盘
569,13:34:19,4.73,-0.01,1,473,卖盘
570,13:34:21,4.74,0.01,7,3318,买盘
571,13:34:31,4.73,-0.01,13,6149,卖盘
572,13:35:00,4.74,0.01,93,44082,买盘
573,13:35:30,4.74,0.0,10,4740,买盘
574,13:36:12,4.73,-0.01,1,473,卖盘
575,13:36:27,4.74,0.01,6,2844,买盘
576,13:36:33,4.73,-0.01,1,473,卖盘
577,13:37:49,4.73,0.0,317,149941,卖盘
578,13:37:52,4.73,0.0,1,473,卖盘
579,13:37:58,4.73,0.0,1,473,卖盘
580,13:38:15,4.73,0.0,100,47300,卖盘
581,13:38:18,4.74,0.01,225,106840,买盘
582,13:38:39,4.74,0.0,195,92240,卖盘
583,13:38:52,4.74,0.0,3,1422,买盘
584,13:38:55,4.74,0.0,78,36972,买盘
585,13:39:12,4.74,0.0,22,10618,买盘
586,13:39:54,4.74,0.0,1,474,卖盘
587,13:40:00,4.75,0.01,80,38000,买盘
588,13:40:04,4.75,0.0,147,69825,买盘
589,13:40:31,4.76,0.01,104,49504,买盘
590,13:40:39,4.77,0.01,3,1431,买盘
591,13:40:42,4.77,0.0,174,82998,买盘
592,13:40:48,4.77,0.0,1,477,卖盘
593,13:40:51,4.78,0.01,177,84606,买盘
594,13:41:04,4.78,0.0,102,48756,买盘
595,13:41:10,4.78,0.0,76,36328,买盘
596,13:41:13,4.77,-0.01,180,85980,卖盘
597,13:41:18,4.78,0.01,57,27246,买盘
598,13:41:24,4.78,0.0,27,12906,买盘
599,13:41:27,4.78,0.0,43,20554,买盘
600,13:41:37,4.78,0.0,2,956,买盘
601,13:41:43,4.78,0.0,63,30114,卖盘
602,13:41:48,4.77,-0.01,1,477,卖盘
603,13:41:54,4.79,0.02,230,110146,买盘
604,13:43:04,4.78,-0.01,2,956,买盘
605,13:43:21,4.77,-0.01,10,4770,卖盘
606,13:43:33,4.77,0.0,1,477,卖盘
607,13:43:42,4.77,0.0,10,4770,卖盘
608,13:43:57,4.77,0.0,10,4770,卖盘
609,13:44:09,4.77,0.0,7,3339,卖盘
610,13:44:24,4.78,0.01,110,52570,买盘
611,13:44:40,4.78,0.0,106,50668,买盘
612,13:45:24,4.77,-0.01,20,9540,卖盘
613,13:45:28,4.77,0.0,11,5257,卖盘
614,13:45:48,4.77,0.0,5,2385,卖盘
615,13:46:33,4.78,0.01,44,21032,买盘
616,13:46:42,4.78,0.0,20,9560,卖盘
617,13:46:51,4.77,-0.01,24,11448,卖盘
618,13:46:54,4.78,0.01,20,9559,买盘
619,13:47:12,4.77,-0.01,1,477,卖盘
620,13:47:24,4.78,0.01,1,478,买盘
621,13:47:27,4.77,-0.01,4,1908,卖盘
622,13:47:57,4.77,0.0,100,47700,卖盘
623,13:48:18,4.77,0.0,10,4770,卖盘
624,13:48:21,4.78,0.01,25,11950,买盘
625,13:48:28,4.77,-0.01,30,14310,卖盘
626,13:48:42,4.77,0.0,20,9540,卖盘
627,13:48:51,4.77,0.0,50,23850,卖盘
628,13:48:54,4.77,0.0,23,10971,卖盘
629,13:49:09,4.76,-0.01,1,476,卖盘
630,13:49:33,4.77,0.01,25,11925,买盘
631,13:50:12,4.77,0.0,15,7155,买盘
632,13:50:31,4.76,-0.01,1,476,卖盘
633,13:50:54,4.77,0.01,1,477,中性盘
634,13:51:04,4.76,-0.01,1,476,卖盘
635,13:51:31,4.77,0.01,10,4770,中性盘
636,13:51:52,4.77,0.0,7,3339,中性盘
637,13:52:01,4.76,-0.01,712,338912,卖盘
638,13:52:49,4.75,-0.01,1,475,卖盘
639,13:53:04,4.75,0.0,13,6184,卖盘
640,13:54:43,4.76,0.01,1,476,卖盘
641,13:56:36,4.77,0.01,24,11448,买盘
642,13:56:39,4.76,-0.01,1,476,卖盘
643,13:57:13,4.76,0.0,1,476,卖盘
644,13:57:37,4.76,0.0,83,39508,卖盘
645,13:57:43,4.76,0.0,22,10472,卖盘
646,13:57:55,4.76,0.0,1,476,卖盘
647,13:58:01,4.77,0.01,64,30528,买盘
648,13:58:19,4.77,0.0,1,477,卖盘
649,13:59:21,4.78,0.01,70,33460,买盘
650,13:59:42,4.78,0.0,54,25812,买盘
651,14:00:12,4.78,0.0,1,478,卖盘
652,14:00:45,4.78,0.0,10,4780,卖盘
653,14:00:51,4.78,0.0,23,10997,卖盘
654,14:01:46,4.79,0.01,8,3832,买盘
655,14:01:54,4.78,-0.01,20,9560,卖盘
656,14:02:13,4.78,0.0,1,478,卖盘
657,14:02:16,4.79,0.01,9,4311,买盘
658,14:02:40,4.79,0.0,300,143700,买盘
659,14:03:13,4.8,0.01,347,166560,买盘
660,14:03:18,4.81,0.01,60,28860,买盘
661,14:03:34,4.81,0.0,10,4810,买盘
662,14:03:43,4.81,0.0,10,4810,买盘
663,14:03:48,4.82,0.01,10,4820,买盘
664,14:03:52,4.81,-0.01,8,3848,卖盘
665,14:03:54,4.8,-0.01,1,480,卖盘
666,14:04:10,4.81,0.01,5,2405,买盘
667,14:04:16,4.81,0.0,56,26936,买盘
668,14:04:21,4.81,0.0,16,7696,买盘
669,14:04:34,4.82,0.01,20,9625,买盘
670,14:04:37,4.81,-0.01,163,78403,卖盘
671,14:04:54,4.82,0.01,54,26028,买盘
672,14:04:57,4.82,0.0,20,9640,买盘
673,14:05:03,4.81,-0.01,10,4810,卖盘
674,14:05:06,4.82,0.01,10,4820,买盘
675,14:05:31,4.82,0.0,83,40006,买盘
676,14:05:33,4.82,0.0,100,48200,卖盘
677,14:05:40,4.83,0.01,10,4830,买盘
678,14:05:43,4.83,0.0,38,18344,买盘
679,14:05:48,4.82,-0.01,1,482,卖盘
680,14:05:51,4.83,0.01,97,46851,买盘
681,14:05:54,4.83,0.0,177,85491,买盘
682,14:05:57,4.82,-0.01,35,16898,卖盘
683,14:06:04,4.82,0.0,20,9650,卖盘
684,14:06:12,4.84,0.02,30,14520,买盘
685,14:06:19,4.84,0.0,104,50336,买盘
686,14:06:25,4.84,0.0,2,968,买盘
687,14:06:31,4.85,0.01,103,49867,买盘
688,14:06:37,4.83,-0.02,43,20769,卖盘
689,14:06:39,4.83,0.0,17,8211,卖盘
690,14:06:49,4.83,0.0,81,39152,卖盘
691,14:06:58,4.84,0.01,89,43076,买盘
692,14:07:13,4.84,0.0,4,1549,买盘
693,14:07:16,4.84,0.0,30,14549,卖盘
694,14:07:21,4.84,0.0,2,968,买盘
695,14:07:43,4.82,-0.02,20,9640,卖盘
696,14:07:49,4.82,0.0,1,482,卖盘
697,14:07:52,4.82,0.0,35,16870,卖盘
698,14:08:31,4.81,-0.01,2,962,卖盘
699,14:08:36,4.81,0.0,194,93314,卖盘
700,14:09:06,4.81,0.0,7,3367,买盘
701,14:09:24,4.81,0.0,54,25973,买盘
702,14:09:54,4.81,0.0,11,5291,买盘
703,14:10:07,4.81,0.0,20,9620,卖盘
704,14:10:16,4.82,0.01,151,72782,买盘
705,14:10:40,4.81,-0.01,5,2140,卖盘
706,14:11:01,4.82,0.01,11,5302,买盘
707,14:11:24,4.82,0.0,1,482,卖盘
708,14:11:33,4.83,0.01,117,56511,买盘
709,14:11:46,4.83,0.0,5,2415,卖盘
710,14:11:51,4.83,0.0,113,54679,卖盘
711,14:11:54,4.83,0.0,2,966,卖盘
712,14:12:09,4.83,0.0,4,1932,卖盘
713,14:12:25,4.84,0.01,10,4840,买盘
714,14:12:46,4.84,0.0,30,14520,买盘
715,14:12:49,4.83,-0.01,2,966,卖盘
716,14:13:18,4.83,0.0,1,483,卖盘
717,14:13:30,4.83,0.0,100,48300,卖盘
718,14:13:42,4.82,-0.01,37,17843,卖盘
719,14:13:45,4.83,0.01,3,1449,中性盘
720,14:13:51,4.84,0.01,108,52264,买盘
721,14:13:57,4.83,-0.01,1,483,卖盘
722,14:14:24,4.83,0.0,75,36225,买盘
723,14:14:33,4.82,-0.01,25,12050,卖盘
724,14:14:46,4.83,0.01,10,4830,买盘
725,14:14:55,4.82,-0.01,1,482,卖盘
726,14:15:07,4.82,0.0,5,2410,卖盘
727,14:15:12,4.82,0.0,18,8676,卖盘
728,14:15:27,4.83,0.01,56,27048,买盘
729,14:15:34,4.83,0.0,20,9660,买盘
730,14:15:49,4.83,0.0,2,966,卖盘
731,14:16:33,4.83,0.0,4,1932,卖盘
732,14:16:52,4.83,0.0,175,84525,卖盘
733,14:16:55,4.82,-0.01,1,482,卖盘
734,14:17:43,4.83,0.01,18,8694,买盘
735,14:17:54,4.82,-0.01,92,44344,卖盘
736,14:18:27,4.82,0.0,1,482,卖盘
737,14:19:09,4.82,0.0,2,964,卖盘
738,14:19:16,4.84,0.02,500,241917,买盘
739,14:19:19,4.84,0.0,7,3388,买盘
740,14:19:30,4.85,0.01,708,343407,买盘
741,14:19:40,4.85,0.0,2,970,卖盘
742,14:19:49,4.86,0.01,8,3888,买盘
743,14:20:00,4.86,0.0,10,4860,买盘
744,14:20:03,4.86,0.0,27,13122,买盘
745,14:20:06,4.86,0.0,37,17982,买盘
746,14:20:19,4.86,0.0,10,4860,卖盘
747,14:20:22,4.88,0.02,485,236591,买盘
748,14:20:25,4.88,0.0,1,488,卖盘
749,14:20:28,4.88,0.0,2,976,卖盘
750,14:20:34,4.89,0.01,20,9780,买盘
751,14:20:40,4.89,0.0,19,9291,买盘
752,14:20:43,4.88,-0.01,12,5856,卖盘
753,14:20:54,4.9,0.02,300,146917,买盘
754,14:21:04,4.91,0.01,3,1473,买盘
755,14:21:10,4.9,-0.01,60,29400,买盘
756,14:21:13,4.88,-0.02,2,976,卖盘
757,14:21:21,4.89,0.01,32,15666,卖盘
758,14:21:31,4.89,0.0,10,4890,买盘
759,14:21:37,4.88,-0.01,3,1464,卖盘
760,14:21:52,4.88,0.0,10,4880,卖盘
761,14:21:55,4.88,0.0,22,10736,卖盘
762,14:21:57,4.88,0.0,99,48312,卖盘
763,14:22:00,4.88,0.0,103,50264,卖盘
764,14:22:10,4.87,-0.01,1,487,卖盘
765,14:22:13,4.87,0.0,4,1948,买盘
766,14:22:19,4.88,0.01,5,2439,买盘
767,14:22:24,4.86,-0.02,1,486,卖盘
768,14:22:49,4.87,0.01,36,17532,买盘
769,14:23:07,4.88,0.01,10,4880,买盘
770,14:23:13,4.87,-0.01,2,974,卖盘
771,14:23:18,4.88,0.01,207,101016,买盘
772,14:23:21,4.88,0.0,6,2928,卖盘
773,14:23:28,4.88,0.0,2,976,买盘
774,14:23:48,4.87,-0.01,1,487,卖盘
775,14:24:00,4.87,0.0,137,66836,卖盘
776,14:24:04,4.88,0.01,115,56119,买盘
777,14:24:25,4.88,0.0,98,47909,卖盘
778,14:24:27,4.89,0.01,88,43032,买盘
779,14:24:33,4.89,0.0,205,100445,卖盘
780,14:24:37,4.9,0.01,60,29400,买盘
781,14:24:40,4.9,0.0,21,10290,买盘
782,14:24:46,4.9,0.0,5,2450,卖盘
783,14:24:51,4.9,0.0,1,490,卖盘
784,14:24:57,4.91,0.01,31,15221,买盘
785,14:25:16,4.91,0.0,8,3928,买盘
786,14:25:18,4.9,-0.01,2,980,卖盘
787,14:25:25,4.91,0.01,13,6383,买盘
788,14:25:27,4.9,-0.01,43,21072,卖盘
789,14:25:33,4.9,0.0,10,4900,卖盘
790,14:25:36,4.9,0.0,64,31360,卖盘
791,14:25:39,4.9,0.0,100,49000,卖盘
792,14:25:43,4.9,0.0,1,490,卖盘
793,14:25:45,4.9,0.0,318,155820,卖盘
794,14:25:51,4.9,0.0,422,207154,买盘
795,14:26:06,4.89,-0.01,9,4401,卖盘
796,14:26:09,4.9,0.01,2,980,买盘
797,14:26:18,4.89,-0.01,2,978,卖盘
798,14:26:21,4.89,0.0,50,24450,卖盘
799,14:26:27,4.89,0.0,1,489,卖盘
800,14:26:33,4.89,0.0,2,978,卖盘
801,14:26:45,4.89,0.0,348,170172,卖盘
802,14:26:57,4.88,-0.01,145,70760,卖盘
803,14:27:01,4.88,0.0,10,4880,卖盘
804,14:27:12,4.88,0.0,10,4880,卖盘
805,14:27:24,4.88,0.0,12,5856,卖盘
806,14:27:42,4.87,-0.01,1,487,卖盘
807,14:27:51,4.87,0.0,111,53862,卖盘
808,14:28:12,4.87,0.0,100,48700,卖盘
809,14:28:30,4.87,0.0,115,56005,卖盘
810,14:28:49,4.87,0.0,70,34090,卖盘
811,14:28:52,4.87,0.0,3,1461,卖盘
812,14:29:04,4.87,0.0,8,3896,卖盘
813,14:29:09,4.87,0.0,1,487,卖盘
814,14:29:24,4.87,0.0,40,19480,卖盘
815,14:29:27,4.87,0.0,24,11688,卖盘
816,14:29:33,4.87,0.0,50,24545,卖盘
817,14:29:36,4.86,-0.01,1,486,卖盘
818,14:30:15,4.86,0.0,10,4860,卖盘
819,14:30:36,4.87,0.01,60,29025,买盘
820,14:30:48,4.88,0.01,105,51240,买盘
821,14:31:06,4.89,0.01,182,88998,买盘
822,14:31:21,4.89,0.0,130,63570,卖盘
823,14:31:33,4.9,0.01,256,125440,买盘
824,14:31:37,4.9,0.0,29,14210,卖盘
825,14:31:45,4.91,0.01,63,30933,买盘
826,14:31:48,4.9,-0.01,60,29400,卖盘
827,14:31:55,4.91,0.01,276,135516,买盘
828,14:32:07,4.91,0.0,80,39280,卖盘
829,14:32:12,4.91,0.0,33,16203,卖盘
830,14:32:24,4.91,0.0,160,78580,卖盘
831,14:32:40,4.91,0.0,30,14730,买盘
832,14:32:43,4.91,0.0,3,1473,买盘
833,14:32:48,4.91,0.0,20,9820,买盘
834,14:33:01,4.89,-0.02,20,9780,卖盘
835,14:33:06,4.87,-0.02,57,27811,卖盘
836,14:33:19,4.87,0.0,10,4870,卖盘
837,14:33:25,4.87,0.0,40,19480,卖盘
838,14:33:31,4.87,0.0,1,487,卖盘
839,14:33:37,4.9,0.03,30,14700,买盘
840,14:34:25,4.88,-0.02,13,6344,买盘
841,14:34:42,4.88,0.0,20,9760,买盘
842,14:34:45,4.88,0.0,14,6832,买盘
843,14:35:12,4.88,0.0,3,1464,卖盘
844,14:35:31,4.89,0.01,1,489,卖盘
845,14:35:39,4.89,0.0,52,25428,卖盘
846,14:36:40,4.9,0.01,675,330545,买盘
847,14:37:01,4.91,0.01,198,97218,买盘
848,14:37:04,4.91,0.0,10,4910,卖盘
849,14:37:13,4.91,0.0,252,123732,卖盘
850,14:37:19,4.91,0.0,15,7365,买盘
851,14:37:22,4.91,0.0,1,491,买盘
852,14:37:37,4.91,0.0,3,1473,买盘
853,14:37:40,4.9,-0.01,2,980,卖盘
854,14:37:48,4.9,0.0,4,1960,卖盘
855,14:38:00,4.9,0.0,1,490,卖盘
856,14:38:04,4.91,0.01,15,7365,买盘
857,14:38:07,4.91,0.0,186,91290,买盘
858,14:38:10,4.91,0.0,19,9329,买盘
859,14:38:13,4.91,0.0,202,99135,买盘
860,14:38:16,4.91,0.0,23,11293,卖盘
861,14:38:21,4.91,0.0,8,3928,卖盘
862,14:38:28,4.91,0.0,50,24550,卖盘
863,14:38:30,4.91,0.0,3,1473,卖盘
864,14:38:34,4.92,0.01,27,13259,买盘
865,14:38:43,4.91,-0.01,10,4910,卖盘
866,14:38:45,4.91,0.0,90,44190,卖盘
867,14:38:48,4.91,0.0,174,85434,卖盘
868,14:38:58,4.91,0.0,13,6383,买盘
869,14:39:06,4.91,0.0,76,37260,买盘
870,14:39:24,4.91,0.0,6,2946,买盘
871,14:39:51,4.9,-0.01,17,8330,卖盘
872,14:39:55,4.9,0.0,10,4900,卖盘
873,14:40:00,4.9,0.0,11,5390,卖盘
874,14:40:12,4.91,0.01,6,2946,买盘
875,14:40:21,4.9,-0.01,1,490,卖盘
876,14:40:24,4.9,0.0,367,179830,卖盘
877,14:40:46,4.9,0.0,17,8330,买盘
878,14:41:01,4.88,-0.02,1,488,卖盘
879,14:41:03,4.88,0.0,160,78080,卖盘
880,14:41:16,4.88,0.0,3,1464,卖盘
881,14:41:19,4.89,0.01,1,489,买盘
882,14:41:24,4.88,-0.01,9,4392,卖盘
883,14:41:27,4.88,0.0,6,2928,买盘
884,14:41:55,4.88,0.0,93,45384,买盘
885,14:42:04,4.87,-0.01,2,974,卖盘
886,14:42:09,4.87,0.0,148,72076,卖盘
887,14:42:25,4.87,0.0,23,11201,卖盘
888,14:42:49,4.87,0.0,10,4870,卖盘
889,14:42:52,4.87,0.0,46,22402,卖盘
890,14:42:54,4.87,0.0,9,4383,卖盘
891,14:43:09,4.86,-0.01,70,34087,卖盘
892,14:43:39,4.87,0.01,11,5357,卖盘
893,14:43:58,4.87,0.0,1,487,买盘
894,14:44:01,4.87,0.0,21,10226,买盘
895,14:44:13,4.87,0.0,20,9740,买盘
896,14:44:16,4.86,-0.01,9,4378,卖盘
897,14:44:21,4.87,0.01,30,14610,买盘
898,14:44:27,4.86,-0.01,1,486,卖盘
899,14:44:34,4.87,0.01,18,8753,买盘
900,14:44:48,4.87,0.0,20,9740,卖盘
901,14:45:30,4.88,0.01,90,43920,买盘
902,14:45:46,4.88,0.0,11,5368,买盘
903,14:46:00,4.89,0.01,66,32238,买盘
904,14:46:28,4.89,0.0,69,33741,买盘
905,14:46:40,4.9,0.01,20,9800,买盘
906,14:46:57,4.9,0.0,443,217070,买盘
907,14:47:01,4.9,0.0,42,20580,卖盘
908,14:47:10,4.9,0.0,7,3430,卖盘
909,14:47:12,4.9,0.0,10,4900,卖盘
910,14:47:22,4.9,0.0,50,24500,卖盘
911,14:47:28,4.9,0.0,15,7350,卖盘
912,14:47:30,4.9,0.0,11,5390,卖盘
913,14:48:01,4.9,0.0,1,490,卖盘
914,14:48:15,4.9,0.0,43,21070,卖盘
915,14:48:18,4.9,0.0,43,21070,卖盘
916,14:48:24,4.9,0.0,20,9800,卖盘
917,14:48:31,4.9,0.0,12,5880,卖盘
918,14:48:34,4.9,0.0,36,17640,卖盘
919,14:48:37,4.9,0.0,10,4900,卖盘
920,14:48:39,4.91,0.01,2,982,买盘
921,14:48:51,4.91,0.0,29,14230,买盘
922,14:48:54,4.9,-0.01,13,6370,卖盘
923,14:49:04,4.9,0.0,17,8330,卖盘
924,14:49:07,4.9,0.0,13,6370,卖盘
925,14:49:19,4.9,0.0,20,9800,卖盘
926,14:49:21,4.9,0.0,9,4410,卖盘
927,14:49:25,4.9,0.0,84,41160,卖盘
928,14:49:31,4.9,0.0,20,9800,卖盘
929,14:49:34,4.91,0.01,1,491,买盘
930,14:49:37,4.9,-0.01,115,56350,卖盘
931,14:49:42,4.9,0.0,25,12250,卖盘
932,14:49:49,4.91,0.01,5,2455,买盘
933,14:49:52,4.9,-0.01,90,44100,卖盘
934,14:49:54,4.9,0.0,4,1960,卖盘
935,14:49:57,4.9,0.0,10,4900,卖盘
936,14:50:06,4.9,0.0,6,2940,卖盘
937,14:50:19,4.9,0.0,10,4900,卖盘
938,14:50:22,4.9,0.0,10,4900,卖盘
939,14:50:33,4.91,0.01,4,1964,买盘
940,14:50:42,4.9,-0.01,14,6860,卖盘
941,14:50:52,4.9,0.0,21,10289,买盘
942,14:51:06,4.9,0.0,13,6367,买盘
943,14:51:12,4.9,0.0,67,32830,买盘
944,14:51:16,4.9,0.0,2,980,卖盘
945,14:51:31,4.9,0.0,10,4900,卖盘
946,14:51:34,4.9,0.0,12,5880,卖盘
947,14:51:46,4.9,0.0,5,2450,买盘
948,14:51:52,4.89,-0.01,58,28362,卖盘
949,14:51:55,4.9,0.01,6,2940,买盘
950,14:51:57,4.9,0.0,7,3533,买盘
951,14:52:16,4.9,0.0,170,83300,买盘
952,14:52:40,4.89,-0.01,833,407234,卖盘
953,14:52:52,4.89,0.0,200,97800,买盘
954,14:52:54,4.88,-0.01,20,9760,卖盘
955,14:53:10,4.89,0.01,32,15628,买盘
956,14:53:21,4.89,0.0,18,8802,卖盘
957,14:53:36,4.89,0.0,20,9780,卖盘
958,14:53:39,4.89,0.0,418,204744,卖盘
959,14:54:25,4.89,0.0,25,12225,卖盘
960,14:54:37,4.9,0.01,6,2940,买盘
961,14:54:45,4.9,0.0,5,2450,买盘
962,14:54:55,4.9,0.0,20,9800,买盘
963,14:55:01,4.9,0.0,221,108290,买盘
964,14:55:07,4.91,0.01,61,29951,买盘
965,14:55:15,4.9,-0.01,3,1470,卖盘
966,14:55:18,4.91,0.01,158,77578,买盘
967,14:55:31,4.9,-0.01,10,4900,卖盘
968,14:55:49,4.9,0.0,17,8330,卖盘
969,14:55:51,4.9,0.0,10,4900,卖盘
970,14:55:55,4.9,0.0,100,49000,卖盘
971,14:55:58,4.91,0.01,9,4419,买盘
972,14:56:01,4.9,-0.01,100,49000,卖盘
973,14:56:06,4.9,0.0,100,49000,卖盘
974,14:56:12,4.9,0.0,62,30380,卖盘
975,14:56:16,4.9,0.0,31,15190,卖盘
976,14:56:18,4.9,0.0,1,490,卖盘
977,14:56:21,4.9,0.0,30,14700,卖盘
978,14:56:25,4.9,0.0,16,7840,卖盘
979,14:56:28,4.9,0.0,5,2450,买盘
980,14:56:33,4.9,0.0,6,2940,卖盘
981,14:56:40,4.9,0.0,12,5880,卖盘
982,14:56:42,4.9,0.0,1,490,卖盘
983,14:56:46,4.9,0.0,8,3920,卖盘
984,15:00:04,4.91,0.01,1172,575452,卖盘
