,time,price,change,volume,amount,type
0,09:25:04,4.8,-0.03,275,132000,买盘
1,09:30:05,4.82,0.02,305,146812,买盘
2,09:30:10,4.81,-0.01,20,9623,卖盘
3,09:30:13,4.83,0.02,287,138621,卖盘
4,09:30:18,4.85,0.02,70,33939,买盘
5,09:30:49,4.82,-0.03,1,482,卖盘
6,09:30:52,4.82,0.0,9,4338,卖盘
7,09:31:01,4.83,0.01,509,245847,卖盘
8,09:31:07,4.82,-0.01,42,20244,卖盘
9,09:31:09,4.84,0.02,11,5324,中性盘
10,09:31:13,4.84,0.0,28,13552,卖盘
11,09:31:16,4.84,0.0,32,15488,卖盘
12,09:31:19,4.85,0.01,167,80990,买盘
13,09:31:21,4.85,0.0,208,100880,买盘
14,09:31:24,4.85,0.0,52,25220,卖盘
15,09:31:28,4.85,0.0,1,485,卖盘
16,09:31:40,4.85,0.0,1,485,中性盘
17,09:31:43,4.85,0.0,1,485,卖盘
18,09:31:45,4.85,0.0,6,2910,卖盘
19,09:31:49,4.86,0.01,14,6793,买盘
20,09:31:55,4.86,0.0,106,51457,买盘
21,09:31:57,4.84,-0.02,41,19844,卖盘
22,09:32:06,4.85,0.01,3,1455,买盘
23,09:32:09,4.83,-0.02,10,4830,中性盘
24,09:32:13,4.82,-0.01,87,41934,卖盘
25,09:32:16,4.83,0.01,1,483,买盘
26,09:32:21,4.83,0.0,2,966,买盘
27,09:32:25,4.82,-0.01,79,38078,卖盘
28,09:32:28,4.81,-0.01,2,963,卖盘
29,09:32:31,4.82,0.01,10,4820,买盘
30,09:32:34,4.82,0.0,10,4820,买盘
31,09:32:43,4.82,0.0,106,51092,卖盘
32,09:32:52,4.82,0.0,2,964,买盘
33,09:32:57,4.81,-0.01,2,962,卖盘
34,09:33:01,4.81,0.0,15,7215,卖盘
35,09:33:13,4.81,0.0,12,5773,卖盘
36,09:33:16,4.81,0.0,22,10603,卖盘
37,09:33:19,4.81,0.0,6,2886,卖盘
38,09:33:25,4.81,0.0,4,1924,买盘
39,09:33:28,4.8,-0.01,50,24000,卖盘
40,09:33:30,4.8,0.0,6,2880,卖盘
41,09:33:34,4.81,0.01,3,1443,买盘
42,09:33:37,4.8,-0.01,1,480,卖盘
43,09:33:40,4.8,0.0,1,480,卖盘
44,09:33:55,4.8,0.0,1,480,卖盘
45,09:34:01,4.8,0.0,1,480,卖盘
46,09:34:06,4.81,0.01,20,9620,买盘
47,09:34:09,4.81,0.0,56,26936,卖盘
48,09:34:25,4.81,0.0,86,41366,卖盘
49,09:34:31,4.82,0.01,60,28920,买盘
50,09:34:36,4.81,-0.01,1,924,卖盘
51,09:34:40,4.82,0.01,91,43862,买盘
52,09:34:55,4.82,0.0,19,9158,卖盘
53,09:35:10,4.82,0.0,20,9640,买盘
54,09:35:13,4.82,0.0,2,964,买盘
55,09:35:34,4.82,0.0,162,78084,买盘
56,09:35:37,4.82,0.0,10,4820,买盘
57,09:35:40,4.82,0.0,24,11568,买盘
58,09:35:43,4.82,0.0,26,12532,买盘
59,09:35:46,4.82,0.0,15,7230,买盘
60,09:36:13,4.82,0.0,6,2892,买盘
61,09:36:25,4.82,0.0,1,482,买盘
62,09:36:28,4.82,0.0,2,964,买盘
63,09:37:01,4.81,-0.01,25,12025,卖盘
64,09:37:10,4.81,0.0,100,48100,卖盘
65,09:37:13,4.81,0.0,2,962,卖盘
66,09:37:16,4.81,0.0,249,119769,卖盘
67,09:37:24,4.81,0.0,9,3886,买盘
68,09:37:34,4.8,-0.01,10,4800,卖盘
69,09:37:40,4.8,0.0,21,10080,卖盘
70,09:37:43,4.8,0.0,23,11040,卖盘
71,09:37:46,4.8,0.0,219,105120,卖盘
72,09:37:48,4.8,0.0,50,24000,卖盘
73,09:37:51,4.8,0.0,44,21120,卖盘
74,09:37:58,4.8,0.0,5,2400,买盘
75,09:38:04,4.78,-0.02,98,46844,卖盘
76,09:38:06,4.78,0.0,8,3824,卖盘
77,09:38:16,4.78,0.0,60,28680,卖盘
78,09:38:19,4.78,0.0,74,35514,卖盘
79,09:38:21,4.78,0.0,17,8126,卖盘
80,09:38:25,4.78,0.0,61,29416,卖盘
81,09:38:34,4.8,0.02,11,5280,买盘
82,09:38:42,4.8,0.0,1,480,卖盘
83,09:38:49,4.8,0.0,13,6240,卖盘
84,09:39:40,4.78,-0.02,20,9560,卖盘
85,09:39:46,4.78,0.0,33,15774,卖盘
86,09:39:49,4.78,0.0,7,3346,卖盘
87,09:39:54,4.78,0.0,98,46844,卖盘
88,09:39:58,4.8,0.02,152,72864,买盘
89,09:40:01,4.77,-0.03,32,15319,卖盘
90,09:40:30,4.77,0.0,17,8109,卖盘
91,09:40:39,4.77,0.0,2,954,卖盘
92,09:40:46,4.77,0.0,58,27666,卖盘
93,09:40:55,4.79,0.02,5,2395,买盘
94,09:41:06,4.79,0.0,67,32093,卖盘
95,09:41:09,4.79,0.0,26,12454,卖盘
96,09:41:22,4.79,0.0,10,4790,卖盘
97,09:41:25,4.78,-0.01,30,14363,卖盘
98,09:41:39,4.78,0.0,92,43976,卖盘
99,09:41:49,4.78,0.0,11,5258,卖盘
100,09:42:01,4.77,-0.01,5,2385,卖盘
101,09:42:10,4.77,0.0,37,17487,卖盘
102,09:42:15,4.76,-0.01,6,2856,卖盘
103,09:42:19,4.76,0.0,1,476,卖盘
104,09:42:25,4.75,-0.01,60,28526,卖盘
105,09:42:28,4.75,0.0,64,30346,买盘
106,09:42:31,4.75,0.0,26,12331,买盘
107,09:42:34,4.75,0.0,49,23229,买盘
108,09:42:37,4.74,-0.01,11,5214,卖盘
109,09:42:39,4.74,0.0,7,3318,买盘
110,09:42:43,4.74,0.0,146,69204,买盘
111,09:42:46,4.73,-0.01,53,25121,卖盘
112,09:42:49,4.75,0.02,26,12324,买盘
113,09:42:52,4.75,0.0,9,4275,买盘
114,09:42:55,4.75,0.0,13,6175,买盘
115,09:42:58,4.75,0.0,14,6650,买盘
116,09:43:01,4.75,0.0,20,9488,买盘
117,09:43:04,4.75,0.0,11,5225,买盘
118,09:43:07,4.73,-0.02,48,22706,卖盘
119,09:43:10,4.73,0.0,71,33583,买盘
120,09:43:13,4.73,0.0,86,40678,买盘
121,09:43:16,4.75,0.02,179,85125,买盘
122,09:43:19,4.75,0.0,20,9500,买盘
123,09:43:22,4.75,0.0,120,57000,买盘
124,09:43:25,4.76,0.01,95,45185,买盘
125,09:43:28,4.76,0.0,155,73780,买盘
126,09:43:31,4.75,-0.01,31,14725,卖盘
127,09:43:46,4.76,0.01,77,36650,买盘
128,09:43:49,4.75,-0.01,20,9500,中性盘
129,09:43:55,4.75,0.0,189,89931,卖盘
130,09:44:04,4.76,0.01,1,476,买盘
131,09:44:12,4.75,-0.01,28,13300,卖盘
132,09:44:25,4.76,0.01,10,4760,卖盘
133,09:44:33,4.76,0.0,20,9520,买盘
134,09:44:37,4.75,-0.01,7,3325,卖盘
135,09:44:40,4.75,0.0,51,24230,卖盘
136,09:44:43,4.75,0.0,12,5700,卖盘
137,09:44:49,4.75,0.0,8,3800,买盘
138,09:45:01,4.75,0.0,51,24225,买盘
139,09:45:16,4.75,0.0,6,2850,买盘
140,09:45:34,4.75,0.0,45,21375,卖盘
141,09:45:40,4.75,0.0,5,2375,买盘
142,09:45:46,4.75,0.0,11,5225,卖盘
143,09:45:55,4.75,0.0,10,4750,卖盘
144,09:46:07,4.75,0.0,20,9500,卖盘
145,09:46:19,4.76,0.01,84,39984,买盘
146,09:46:22,4.76,0.0,31,14756,买盘
147,09:46:39,4.76,0.0,4,1904,卖盘
148,09:46:42,4.77,0.01,30,14310,买盘
149,09:46:46,4.77,0.0,21,10017,买盘
150,09:46:49,4.77,0.0,63,29726,买盘
151,09:48:04,4.79,0.02,9,4311,买盘
152,09:48:07,4.79,0.0,3,1437,买盘
153,09:48:22,4.79,0.0,188,90052,买盘
154,09:48:25,4.79,0.0,10,4790,卖盘
155,09:48:39,4.8,0.01,2,959,买盘
156,09:49:43,4.78,-0.02,18,8604,卖盘
157,09:49:46,4.79,0.01,100,47877,买盘
158,09:49:52,4.79,0.0,4,1916,买盘
159,09:49:54,4.79,0.0,34,16286,卖盘
160,09:50:03,4.78,-0.01,60,28680,卖盘
161,09:50:13,4.79,0.01,5,2395,买盘
162,09:50:22,4.78,-0.01,20,9560,卖盘
163,09:50:43,4.78,0.0,2,956,卖盘
164,09:51:01,4.78,0.0,15,7170,卖盘
165,09:51:04,4.78,0.0,50,23900,卖盘
166,09:51:28,4.76,-0.02,1,476,卖盘
167,09:52:16,4.76,0.0,8,3808,卖盘
168,09:52:19,4.76,0.0,7,3332,卖盘
169,09:52:37,4.77,0.01,1,477,卖盘
170,09:52:43,4.77,0.0,4,1908,卖盘
171,09:52:58,4.77,0.0,13,6201,卖盘
172,09:54:22,4.78,0.01,5,2390,买盘
173,09:54:24,4.78,0.0,5,2390,卖盘
174,09:55:45,4.77,-0.01,7,3339,卖盘
175,09:55:57,4.77,0.0,13,6201,卖盘
176,09:56:13,4.76,-0.01,30,14280,卖盘
177,09:56:22,4.76,0.0,20,9520,卖盘
178,09:56:25,4.72,-0.04,756,358623,卖盘
179,09:56:34,4.72,0.0,1,472,卖盘
180,09:56:46,4.72,0.0,11,5192,卖盘
181,09:56:57,4.73,0.01,39,18447,买盘
182,09:57:28,4.74,0.01,67,31758,卖盘
183,09:57:31,4.74,0.0,57,27018,卖盘
184,09:57:34,4.74,0.0,16,7584,卖盘
185,09:57:37,4.75,0.01,10,4750,买盘
186,09:57:39,4.74,-0.01,20,9480,卖盘
187,09:57:42,4.74,0.0,3,1422,卖盘
188,09:57:54,4.74,0.0,29,13746,卖盘
189,09:57:58,4.74,0.0,67,31758,买盘
190,09:58:01,4.74,0.0,17,8058,卖盘
191,09:58:10,4.75,0.01,24,11386,买盘
192,09:58:12,4.74,-0.01,47,22278,卖盘
193,09:58:34,4.73,-0.01,52,24596,卖盘
194,09:58:37,4.73,0.0,1,473,卖盘
195,09:58:39,4.73,0.0,92,43516,卖盘
196,09:58:46,4.73,0.0,145,68585,买盘
197,09:58:49,4.73,0.0,140,66220,买盘
198,09:58:52,4.72,-0.01,95,44915,卖盘
199,09:58:58,4.72,0.0,96,45312,卖盘
200,09:59:19,4.72,0.0,500,236000,卖盘
201,09:59:21,4.72,0.0,200,94500,卖盘
202,09:59:34,4.72,0.0,147,69422,卖盘
203,09:59:39,4.72,0.0,17,8024,买盘
204,09:59:43,4.71,-0.01,329,154959,卖盘
205,09:59:46,4.71,0.0,102,48042,买盘
206,09:59:55,4.7,-0.01,87,40974,卖盘
207,09:59:58,4.7,0.0,500,235230,卖盘
208,10:00:09,4.71,0.01,31,14601,买盘
209,10:00:31,4.72,0.01,26,12252,买盘
210,10:00:40,4.71,-0.01,24,11304,卖盘
211,10:00:43,4.71,0.0,2,942,买盘
212,10:00:46,4.71,0.0,30,14130,卖盘
213,10:00:52,4.71,0.0,16,7536,买盘
214,10:00:58,4.71,0.0,3,1413,买盘
215,10:01:10,4.71,0.0,20,9420,卖盘
216,10:01:15,4.7,-0.01,20,9412,卖盘
217,10:01:24,4.71,0.01,2,942,买盘
218,10:01:30,4.71,0.0,8,3768,买盘
219,10:01:49,4.7,-0.01,12,5640,卖盘
220,10:02:04,4.71,0.01,10,4710,买盘
221,10:02:28,4.71,0.0,5,2355,卖盘
222,10:02:43,4.72,0.01,5,2360,买盘
223,10:02:55,4.72,0.0,17,8024,卖盘
224,10:03:09,4.72,0.0,55,25960,卖盘
225,10:03:18,4.72,0.0,3,1416,卖盘
226,10:03:43,4.72,0.0,5,2360,买盘
227,10:03:52,4.72,0.0,32,15104,买盘
228,10:03:55,4.71,-0.01,76,35796,卖盘
229,10:04:04,4.71,0.0,10,4710,买盘
230,10:04:10,4.7,-0.01,18,8460,卖盘
231,10:04:18,4.7,0.0,182,85540,卖盘
232,10:04:28,4.7,0.0,1,470,卖盘
233,10:04:31,4.7,0.0,61,28670,卖盘
234,10:04:36,4.69,-0.01,102,47838,卖盘
235,10:04:40,4.69,0.0,6,2814,卖盘
236,10:04:43,4.68,-0.01,59,27612,卖盘
237,10:04:45,4.68,0.0,19,8892,卖盘
238,10:04:48,4.68,0.0,181,84708,卖盘
239,10:04:52,4.68,0.0,16,7488,买盘
240,10:04:54,4.68,0.0,20,9360,买盘
241,10:04:58,4.68,0.0,54,25272,买盘
242,10:05:01,4.66,-0.02,10,4665,卖盘
243,10:05:12,4.66,0.0,7,3272,卖盘
244,10:05:19,4.66,0.0,127,59182,卖盘
245,10:05:22,4.68,0.02,1,468,买盘
246,10:05:24,4.68,0.0,2,936,买盘
247,10:05:27,4.68,0.0,1,468,买盘
248,10:05:34,4.68,0.0,140,65350,买盘
249,10:05:39,4.67,-0.01,22,10274,买盘
250,10:05:43,4.67,0.0,77,35959,买盘
251,10:05:52,4.66,-0.01,26,12138,卖盘
252,10:05:55,4.66,0.0,74,34484,买盘
253,10:06:04,4.66,0.0,30,13992,卖盘
254,10:06:16,4.68,0.02,1,468,买盘
255,10:06:22,4.68,0.0,7,3276,买盘
256,10:06:31,4.69,0.01,5,2345,买盘
257,10:06:37,4.69,0.0,35,16415,买盘
258,10:06:45,4.68,-0.01,76,35568,卖盘
259,10:06:49,4.68,0.0,100,46800,买盘
260,10:06:52,4.68,0.0,4,1872,买盘
261,10:06:55,4.67,-0.01,2,934,卖盘
262,10:07:01,4.67,0.0,28,13076,卖盘
263,10:07:04,4.67,0.0,22,10274,买盘
264,10:07:10,4.67,0.0,11,5147,卖盘
265,10:07:13,4.68,0.01,81,37908,买盘
266,10:07:19,4.67,-0.01,7,3269,卖盘
267,10:07:28,4.67,0.0,1,467,卖盘
268,10:07:30,4.66,-0.01,200,93368,卖盘
269,10:07:34,4.67,0.01,10,4670,中性盘
270,10:07:42,4.67,0.0,8,3736,买盘
271,10:07:46,4.67,0.0,13,6071,买盘
272,10:07:51,4.67,0.0,10,4670,买盘
273,10:07:58,4.67,0.0,53,24751,买盘
274,10:08:01,4.67,0.0,71,33157,买盘
275,10:08:04,4.68,0.01,60,28080,买盘
276,10:08:10,4.66,-0.02,315,146809,卖盘
277,10:08:22,4.65,-0.01,666,309710,卖盘
278,10:08:28,4.65,0.0,10,4650,买盘
279,10:08:31,4.65,0.0,10,4650,买盘
280,10:08:34,4.65,0.0,30,13950,卖盘
281,10:08:37,4.65,0.0,63,29297,卖盘
282,10:08:46,4.65,0.0,100,46500,买盘
283,10:08:49,4.64,-0.01,108,50176,卖盘
284,10:08:52,4.65,0.01,69,32039,买盘
285,10:08:57,4.63,-0.02,2,926,卖盘
286,10:09:07,4.65,0.02,6,2790,买盘
287,10:09:10,4.64,-0.01,10,4640,卖盘
288,10:09:15,4.64,0.0,54,25102,卖盘
289,10:09:28,4.64,0.0,100,46400,卖盘
290,10:09:31,4.63,-0.01,278,128819,卖盘
291,10:09:40,4.65,0.02,10,4650,买盘
292,10:09:43,4.64,-0.01,15,6960,中性盘
293,10:09:48,4.65,0.01,3,1395,买盘
294,10:09:52,4.64,-0.01,2,928,买盘
295,10:09:54,4.64,0.0,48,22272,卖盘
296,10:10:19,4.64,0.0,25,11600,买盘
297,10:10:21,4.64,0.0,49,22736,买盘
298,10:10:25,4.63,-0.01,26,12038,卖盘
299,10:10:46,4.64,0.01,30,13920,买盘
300,10:10:49,4.63,-0.01,201,93114,卖盘
301,10:10:58,4.63,0.0,102,47228,卖盘
302,10:11:01,4.63,0.0,10,4630,卖盘
303,10:11:09,4.63,0.0,7,3241,卖盘
304,10:11:16,4.63,0.0,14,6482,卖盘
305,10:11:27,4.64,0.01,28,12992,买盘
306,10:11:34,4.64,0.0,52,24128,买盘
307,10:11:42,4.64,0.0,5,2320,买盘
308,10:11:52,4.63,-0.01,33,15302,卖盘
309,10:11:55,4.64,0.01,260,120640,买盘
310,10:11:58,4.63,-0.01,629,291448,卖盘
311,10:12:00,4.63,0.0,100,46300,买盘
312,10:12:06,4.63,0.0,21,9723,买盘
313,10:12:10,4.63,0.0,55,25465,买盘
314,10:12:18,4.63,0.0,58,26854,买盘
315,10:12:22,4.63,0.0,137,63431,买盘
316,10:12:49,4.64,0.01,5,2320,买盘
317,10:12:54,4.64,0.0,11,5104,买盘
318,10:12:58,4.64,0.0,2,928,买盘
319,10:13:04,4.64,0.0,20,9280,买盘
320,10:13:07,4.64,0.0,62,28768,买盘
321,10:13:22,4.63,-0.01,1206,558877,卖盘
322,10:13:25,4.63,0.0,24,11112,买盘
323,10:13:34,4.63,0.0,87,40281,买盘
324,10:13:37,4.63,0.0,34,15742,买盘
325,10:14:22,4.63,0.0,500,231633,卖盘
326,10:14:25,4.65,0.02,20,9300,买盘
327,10:14:28,4.65,0.0,10,4650,买盘
328,10:14:31,4.65,0.0,21,9765,买盘
329,10:14:34,4.65,0.0,15,6975,卖盘
330,10:14:37,4.63,-0.02,1000,463015,卖盘
331,10:14:40,4.65,0.02,45,20925,买盘
332,10:14:43,4.65,0.0,8,3720,买盘
333,10:14:54,4.65,0.0,87,40455,买盘
334,10:15:07,4.65,0.0,1,465,卖盘
335,10:15:10,4.66,0.01,1,466,买盘
336,10:15:21,4.66,0.0,12,5592,买盘
337,10:15:31,4.67,0.01,20,9340,买盘
338,10:15:34,4.66,-0.01,5,2330,卖盘
339,10:15:40,4.66,0.0,20,9320,卖盘
340,10:15:46,4.66,0.0,818,381543,卖盘
341,10:16:13,4.66,0.0,369,171954,买盘
342,10:16:34,4.68,0.02,49,22932,中性盘
343,10:16:37,4.68,0.0,55,25740,卖盘
344,10:16:58,4.67,-0.01,1,467,卖盘
345,10:17:00,4.68,0.01,5,2338,买盘
346,10:17:13,4.68,0.0,4,1872,买盘
347,10:17:16,4.66,-0.02,6,2796,卖盘
348,10:17:22,4.68,0.02,39,18252,买盘
349,10:17:37,4.68,0.0,100,46800,卖盘
350,10:17:46,4.68,0.0,1,468,卖盘
351,10:18:19,4.68,0.0,108,50544,卖盘
352,10:18:48,4.68,0.0,90,42060,买盘
353,10:18:55,4.68,0.0,200,93600,买盘
354,10:18:57,4.68,0.0,80,37420,买盘
355,10:19:01,4.67,-0.01,1,467,卖盘
356,10:19:13,4.67,0.0,53,24751,卖盘
357,10:19:28,4.67,0.0,1,467,卖盘
358,10:19:40,4.67,0.0,4,1868,卖盘
359,10:19:45,4.67,0.0,18,8406,买盘
360,10:19:49,4.66,-0.01,5,2330,卖盘
361,10:20:04,4.66,0.0,1,466,卖盘
362,10:20:06,4.66,0.0,1,466,卖盘
363,10:20:22,4.67,0.01,995,464665,买盘
364,10:20:25,4.68,0.01,205,95940,买盘
365,10:20:28,4.68,0.0,16,7488,买盘
366,10:21:04,4.68,0.0,21,9828,买盘
367,10:21:10,4.68,0.0,367,171756,买盘
368,10:22:19,4.68,0.0,820,383760,卖盘
369,10:22:22,4.67,-0.01,111,51837,卖盘
370,10:22:24,4.67,0.0,102,47549,买盘
371,10:22:27,4.67,0.0,8,3736,买盘
372,10:22:31,4.68,0.01,10,4680,买盘
373,10:22:37,4.67,-0.01,2,934,卖盘
374,10:22:40,4.67,0.0,10,4670,买盘
375,10:23:05,4.67,0.0,1,467,卖盘
376,10:23:10,4.67,0.0,3,1401,卖盘
377,10:23:15,4.67,0.0,28,13076,卖盘
378,10:23:18,4.68,0.01,1,468,买盘
379,10:23:21,4.67,-0.01,8,3736,卖盘
380,10:23:37,4.67,0.0,30,14010,卖盘
381,10:24:21,4.67,0.0,45,21015,卖盘
382,10:24:43,4.67,0.0,72,33624,买盘
383,10:24:58,4.68,0.01,221,103428,买盘
384,10:25:01,4.68,0.0,6,2808,买盘
385,10:25:21,4.68,0.0,6,2808,买盘
386,10:25:30,4.68,0.0,30,14040,买盘
387,10:25:46,4.68,0.0,1,468,买盘
388,10:25:52,4.68,0.0,300,140400,买盘
389,10:25:54,4.68,0.0,13,6084,买盘
390,10:26:09,4.68,0.0,1,468,买盘
391,10:26:13,4.68,0.0,1,468,买盘
392,10:26:18,4.68,0.0,119,55692,买盘
393,10:26:31,4.68,0.0,30,14040,买盘
394,10:26:37,4.68,0.0,489,228852,买盘
395,10:26:40,4.69,0.01,30,14070,买盘
396,10:26:43,4.7,0.01,67,31490,买盘
397,10:26:46,4.69,-0.01,2,938,卖盘
398,10:26:58,4.7,0.01,30,14100,买盘
399,10:27:09,4.7,0.0,81,38070,买盘
400,10:28:16,4.69,-0.01,13,6097,卖盘
401,10:28:25,4.69,0.0,100,46900,卖盘
402,10:28:30,4.69,0.0,10,4690,卖盘
403,10:28:34,4.69,0.0,8,3752,卖盘
404,10:28:48,4.7,0.01,5,2350,买盘
405,10:29:04,4.7,0.0,10,4700,买盘
406,10:29:25,4.7,0.0,6,2820,买盘
407,10:29:34,4.69,-0.01,11,5159,卖盘
408,10:30:21,4.69,0.0,393,184317,卖盘
409,10:30:52,4.68,-0.01,260,121680,卖盘
410,10:31:22,4.68,0.0,170,79560,买盘
411,10:31:34,4.68,0.0,43,20124,买盘
412,10:31:49,4.68,0.0,10,4680,买盘
413,10:31:55,4.68,0.0,18,8424,买盘
414,10:32:37,4.68,0.0,60,28080,卖盘
415,10:33:07,4.69,0.01,20,9380,买盘
416,10:33:36,4.69,0.0,28,13132,中性盘
417,10:33:39,4.69,0.0,1,469,卖盘
418,10:34:21,4.7,0.01,2,940,买盘
419,10:34:34,4.69,-0.01,20,9380,卖盘
420,10:34:39,4.7,0.01,825,387750,买盘
421,10:34:52,4.69,-0.01,60,28140,卖盘
422,10:35:04,4.7,0.01,93,43710,买盘
423,10:35:10,4.7,0.0,47,22090,买盘
424,10:35:12,4.7,0.0,30,14100,买盘
425,10:35:16,4.7,0.0,10,4700,买盘
426,10:35:19,4.7,0.0,833,391510,买盘
427,10:35:22,4.71,0.01,1,471,买盘
428,10:35:28,4.71,0.0,1,471,买盘
429,10:35:31,4.71,0.0,1,471,买盘
430,10:35:36,4.71,0.0,1,471,买盘
431,10:35:40,4.71,0.0,5,2355,买盘
432,10:36:04,4.72,0.01,9,4248,买盘
433,10:36:06,4.72,0.0,19,8968,买盘
434,10:36:10,4.73,0.01,1,473,买盘
435,10:36:13,4.73,0.0,2,946,买盘
436,10:36:27,4.71,-0.02,19,8958,卖盘
437,10:36:34,4.73,0.02,2,946,买盘
438,10:36:46,4.73,0.0,3,1419,买盘
439,10:36:49,4.73,0.0,2,946,买盘
440,10:36:55,4.73,0.0,1,473,买盘
441,10:37:01,4.73,0.0,10,4730,买盘
442,10:37:16,4.73,0.0,8,3784,卖盘
443,10:37:19,4.73,0.0,6,2838,买盘
444,10:37:34,4.73,0.0,26,12298,买盘
445,10:37:37,4.72,-0.01,5,2360,卖盘
446,10:37:40,4.73,0.01,140,66220,买盘
447,10:37:54,4.74,0.01,10,4740,买盘
448,10:38:04,4.74,0.0,1,474,买盘
449,10:38:07,4.74,0.0,3,1422,买盘
450,10:39:21,4.74,0.0,10,4740,买盘
451,10:39:34,4.73,-0.01,10,4730,卖盘
452,10:39:40,4.74,0.01,10,4740,买盘
453,10:39:42,4.74,0.0,135,63990,买盘
454,10:39:51,4.74,0.0,24,11376,买盘
455,10:40:43,4.74,0.0,10,4740,卖盘
456,10:40:51,4.75,0.01,439,208525,买盘
457,10:41:04,4.75,0.0,38,18050,卖盘
458,10:41:19,4.76,0.01,20,9520,买盘
459,10:41:34,4.76,0.0,8,3808,买盘
460,10:41:37,4.76,0.0,1,476,卖盘
461,10:41:43,4.76,0.0,100,47600,卖盘
462,10:41:49,4.77,0.01,120,57240,买盘
463,10:41:52,4.77,0.0,100,47700,卖盘
464,10:42:09,4.78,0.01,335,160095,买盘
465,10:42:21,4.78,0.0,206,98468,买盘
466,10:42:25,4.78,0.0,10,4780,卖盘
467,10:42:30,4.78,0.0,5,2390,卖盘
468,10:42:40,4.78,0.0,10,4780,卖盘
469,10:42:48,4.78,0.0,10,4780,卖盘
470,10:42:52,4.78,0.0,60,28680,卖盘
471,10:42:54,4.79,0.01,40,19160,买盘
472,10:42:58,4.79,0.0,100,47900,卖盘
473,10:43:07,4.8,0.01,153,73440,买盘
474,10:43:12,4.8,0.0,55,26400,卖盘
475,10:43:21,4.8,0.0,10,4800,卖盘
476,10:43:27,4.81,0.01,87,41847,买盘
477,10:43:31,4.82,0.01,174,83899,买盘
478,10:43:33,4.82,0.0,20,9640,卖盘
479,10:43:39,4.82,0.0,6,2858,卖盘
480,10:43:52,4.8,-0.02,20,9600,卖盘
481,10:44:06,4.81,0.01,39,18759,买盘
482,10:44:10,4.82,0.01,190,91614,买盘
483,10:44:16,4.82,0.0,5,2410,卖盘
484,10:44:22,4.83,0.01,50,24150,买盘
485,10:44:24,4.82,-0.01,10,4820,卖盘
486,10:44:37,4.83,0.01,2,966,买盘
487,10:44:39,4.83,0.0,40,19320,买盘
488,10:44:51,4.83,0.0,10,4830,卖盘
489,10:44:54,4.84,0.01,100,48400,买盘
490,10:44:57,4.84,0.0,82,39688,买盘
491,10:45:04,4.84,0.0,5,2420,卖盘
492,10:45:10,4.84,0.0,7,3388,卖盘
493,10:45:16,4.84,0.0,3,1452,买盘
494,10:45:21,4.83,-0.01,220,106460,卖盘
495,10:45:30,4.83,0.0,10,4830,卖盘
496,10:45:33,4.83,0.0,27,13041,卖盘
497,10:45:37,4.83,0.0,167,80760,卖盘
498,10:45:40,4.83,0.0,50,24150,卖盘
499,10:45:48,4.83,0.0,41,19803,卖盘
500,10:45:52,4.83,0.0,5,2415,卖盘
501,10:45:55,4.83,0.0,33,15939,卖盘
502,10:46:04,4.84,0.01,15,7260,买盘
503,10:46:10,4.84,0.0,20,9680,买盘
504,10:46:21,4.83,-0.01,22,10626,卖盘
505,10:46:31,4.83,0.0,496,239568,卖盘
506,10:46:33,4.83,0.0,1,483,买盘
507,10:46:39,4.82,-0.01,617,297362,卖盘
508,10:46:42,4.81,-0.01,61,29341,卖盘
509,10:46:46,4.8,-0.01,120,57600,卖盘
510,10:46:54,4.8,0.0,19,9120,卖盘
511,10:46:58,4.79,-0.01,122,58483,卖盘
512,10:47:07,4.79,0.0,38,18202,卖盘
513,10:47:09,4.79,0.0,7,3353,买盘
514,10:47:15,4.78,-0.01,1,478,卖盘
515,10:47:18,4.79,0.01,40,19160,买盘
516,10:47:21,4.78,-0.01,6,2868,卖盘
517,10:47:27,4.78,0.0,30,14340,卖盘
518,10:47:49,4.78,0.0,3,1434,卖盘
519,10:48:00,4.78,0.0,23,10994,卖盘
520,10:48:58,4.79,0.01,161,77119,买盘
521,10:49:34,4.79,0.0,18,8622,卖盘
522,10:49:52,4.79,0.0,2,958,卖盘
523,10:50:16,4.79,0.0,2,958,买盘
524,10:50:24,4.79,0.0,23,11017,买盘
525,10:50:57,4.79,0.0,1,479,卖盘
526,10:51:15,4.79,0.0,1,479,卖盘
527,10:51:19,4.79,0.0,3,1437,卖盘
528,10:52:09,4.79,0.0,65,31135,卖盘
529,10:52:12,4.79,0.0,1,479,卖盘
530,10:52:18,4.79,0.0,7,3353,卖盘
531,10:52:21,4.79,0.0,24,11496,卖盘
532,10:52:30,4.8,0.01,5,2400,买盘
533,10:53:22,4.79,-0.01,4,1916,卖盘
534,10:53:39,4.79,0.0,5,2395,卖盘
535,10:53:48,4.8,0.01,1,480,买盘
536,10:53:55,4.79,-0.01,90,43110,卖盘
537,10:54:24,4.78,-0.01,482,230396,卖盘
538,10:54:37,4.77,-0.01,70,33390,卖盘
539,10:54:52,4.78,0.01,10,4780,买盘
540,10:55:04,4.78,0.0,8,3824,买盘
541,10:55:19,4.78,0.0,1,478,卖盘
542,10:56:04,4.78,0.0,57,27246,卖盘
543,10:56:10,4.78,0.0,10,4780,买盘
544,10:56:40,4.78,0.0,33,15774,买盘
545,10:57:06,4.79,0.01,3,1437,买盘
546,10:57:09,4.78,-0.01,335,160147,卖盘
547,10:57:12,4.78,0.0,14,6692,卖盘
548,10:57:22,4.8,0.02,300,144000,买盘
549,10:57:58,4.8,0.0,274,131520,买盘
550,10:58:00,4.8,0.0,26,12480,卖盘
551,10:58:06,4.79,-0.01,226,108254,卖盘
552,10:58:30,4.79,0.0,76,36404,买盘
553,10:58:40,4.79,0.0,114,54606,卖盘
554,10:58:42,4.79,0.0,5,2395,买盘
555,11:00:07,4.78,-0.01,9,4302,卖盘
556,11:00:10,4.78,0.0,1,478,卖盘
557,11:00:16,4.78,0.0,10,4780,卖盘
558,11:00:28,4.79,0.01,45,21555,买盘
559,11:00:57,4.78,-0.01,60,28680,卖盘
560,11:02:13,4.78,0.0,10,4780,卖盘
561,11:04:12,4.78,0.0,12,5736,卖盘
562,11:04:28,4.78,0.0,11,5258,卖盘
563,11:04:36,4.78,0.0,2,956,卖盘
564,11:05:12,4.78,0.0,1,478,卖盘
565,11:05:16,4.78,0.0,2,956,卖盘
566,11:05:27,4.78,0.0,1,478,卖盘
567,11:05:52,4.78,0.0,267,127626,卖盘
568,11:05:57,4.78,0.0,9,4302,买盘
569,11:06:01,4.78,0.0,10,4780,买盘
570,11:06:30,4.78,0.0,1,478,卖盘
571,11:06:58,4.78,0.0,5,2390,卖盘
572,11:07:04,4.78,0.0,10,4780,卖盘
573,11:07:15,4.79,0.01,301,144178,买盘
574,11:07:18,4.78,-0.01,5,2390,卖盘
575,11:07:22,4.78,0.0,39,18661,卖盘
576,11:08:07,4.78,0.0,1,478,卖盘
577,11:08:24,4.79,0.01,20,9580,买盘
578,11:08:40,4.79,0.0,53,25387,买盘
579,11:08:57,4.79,0.0,3,1437,卖盘
580,11:09:57,4.8,0.01,591,283680,买盘
581,11:10:34,4.8,0.0,1,480,卖盘
582,11:10:37,4.81,0.01,20,9620,买盘
583,11:10:54,4.81,0.0,217,104377,买盘
584,11:11:16,4.82,0.01,1000,482000,买盘
585,11:11:19,4.82,0.0,127,61214,买盘
586,11:11:21,4.82,0.0,94,45308,买盘
587,11:11:33,4.82,0.0,45,21690,买盘
588,11:11:48,4.82,0.0,100,48200,买盘
589,11:12:39,4.81,-0.01,10,4810,卖盘
590,11:13:25,4.81,0.0,2,962,卖盘
591,11:13:28,4.81,0.0,1,481,卖盘
592,11:13:33,4.82,0.01,400,192800,买盘
593,11:13:36,4.81,-0.01,19,9139,卖盘
594,11:14:03,4.81,0.0,13,6253,卖盘
595,11:14:42,4.81,0.0,20,9620,卖盘
596,11:14:48,4.82,0.01,3,1446,买盘
597,11:15:06,4.81,-0.01,5,2405,卖盘
598,11:15:21,4.81,0.0,1,481,卖盘
599,11:15:25,4.81,0.0,5,2405,卖盘
600,11:16:04,4.81,0.0,1,481,卖盘
601,11:16:27,4.81,0.0,3,1443,卖盘
602,11:16:40,4.82,0.01,500,241000,买盘
603,11:17:19,4.82,0.0,109,52572,买盘
604,11:17:24,4.82,0.0,10,4820,卖盘
605,11:17:55,4.83,0.01,154,74382,买盘
606,11:18:24,4.84,0.01,130,62920,买盘
607,11:18:39,4.84,0.0,4,1936,卖盘
608,11:19:06,4.85,0.01,4,1940,买盘
609,11:19:22,4.84,-0.01,6,2904,卖盘
610,11:19:54,4.84,0.0,20,9680,卖盘
611,11:20:01,4.84,0.0,40,19360,卖盘
612,11:20:39,4.83,-0.01,42,20286,卖盘
613,11:21:12,4.83,0.0,1,483,卖盘
614,11:21:18,4.84,0.01,25,12100,买盘
615,11:22:33,4.83,-0.01,3,1449,卖盘
616,11:22:36,4.83,0.0,1,483,买盘
617,11:22:40,4.83,0.0,1,483,买盘
618,11:22:43,4.83,0.0,1,483,买盘
619,11:22:46,4.83,0.0,1,483,买盘
620,11:22:48,4.83,0.0,1,483,买盘
621,11:22:51,4.83,0.0,1,483,买盘
622,11:22:54,4.83,0.0,1,483,买盘
623,11:22:57,4.83,0.0,1,483,买盘
624,11:23:01,4.83,0.0,1,483,买盘
625,11:23:04,4.83,0.0,1,483,买盘
626,11:23:06,4.83,0.0,1,483,买盘
627,11:23:09,4.83,0.0,1,483,买盘
628,11:23:12,4.83,0.0,1,483,买盘
629,11:23:15,4.83,0.0,1,483,买盘
630,11:23:18,4.83,0.0,1,483,买盘
631,11:23:21,4.83,0.0,2,966,买盘
632,11:23:36,4.83,0.0,2,966,卖盘
633,11:23:57,4.84,0.01,1,484,买盘
634,11:24:25,4.83,-0.01,20,9660,卖盘
635,11:24:27,4.84,0.01,2,968,买盘
636,11:25:00,4.83,-0.01,7,3381,卖盘
637,11:25:04,4.83,0.0,1,483,买盘
638,11:25:06,4.83,0.0,1,483,买盘
639,11:25:09,4.83,0.0,1,483,买盘
640,11:25:27,4.84,0.01,4,1936,买盘
641,11:25:31,4.84,0.0,2,968,买盘
642,11:25:36,4.82,-0.02,28,13500,卖盘
643,11:25:48,4.83,0.01,1,483,买盘
644,11:25:51,4.83,0.0,1,483,买盘
645,11:25:54,4.83,0.0,1,483,买盘
646,11:25:57,4.83,0.0,1,483,买盘
647,11:26:00,4.83,0.0,1,483,买盘
648,11:26:03,4.83,0.0,6,2898,买盘
649,11:26:06,4.83,0.0,5,2415,买盘
650,11:26:09,4.83,0.0,7,3381,买盘
651,11:26:13,4.83,0.0,6,2898,买盘
652,11:26:16,4.83,0.0,7,3381,买盘
653,11:26:19,4.83,0.0,5,2415,买盘
654,11:26:21,4.83,0.0,55,26515,买盘
655,11:26:24,4.83,0.0,2,966,买盘
656,11:26:40,4.83,0.0,29,14007,买盘
657,11:26:43,4.83,0.0,1,483,买盘
658,11:26:46,4.83,0.0,1,483,买盘
659,11:26:48,4.83,0.0,1,483,买盘
660,11:27:36,4.83,0.0,17,8211,买盘
661,11:27:54,4.83,0.0,3,1449,卖盘
662,11:28:27,4.84,0.01,1,484,买盘
663,11:28:33,4.84,0.0,10,4840,买盘
664,11:29:09,4.84,0.0,61,29524,买盘
665,11:29:15,4.83,-0.01,13,6279,卖盘
666,11:29:18,4.83,0.0,1,483,卖盘
667,13:00:04,4.84,0.01,87,42076,买盘
668,13:00:45,4.83,-0.01,131,63273,卖盘
669,13:00:48,4.84,0.01,202,97590,买盘
670,13:00:51,4.83,-0.01,14,6762,卖盘
671,13:01:03,4.82,-0.01,62,29884,卖盘
672,13:01:13,4.82,0.0,73,35186,卖盘
673,13:01:24,4.82,0.0,61,29402,卖盘
674,13:01:33,4.82,0.0,111,53502,卖盘
675,13:01:54,4.82,0.0,111,53502,卖盘
676,13:02:00,4.82,0.0,9,4338,卖盘
677,13:02:36,4.83,0.01,62,29946,买盘
678,13:04:00,4.83,0.0,68,32844,买盘
679,13:04:18,4.82,-0.01,62,29884,卖盘
680,13:04:45,4.82,0.0,20,9640,卖盘
681,13:05:12,4.82,0.0,26,12532,卖盘
682,13:05:36,4.82,0.0,52,25030,卖盘
683,13:06:36,4.8,-0.02,10,4800,卖盘
684,13:07:09,4.8,0.0,26,12480,卖盘
685,13:07:18,4.82,0.02,4,1928,买盘
686,13:08:45,4.81,-0.01,2,962,卖盘
687,13:10:36,4.81,0.0,10,4810,卖盘
688,13:11:07,4.81,0.0,1,481,卖盘
689,13:12:09,4.82,0.01,5,2410,买盘
690,13:12:57,4.81,-0.01,20,9620,卖盘
691,13:13:30,4.81,0.0,167,80327,卖盘
692,13:13:39,4.81,0.0,150,72150,买盘
693,13:14:15,4.8,-0.01,10,4800,卖盘
694,13:14:18,4.8,0.0,48,23040,卖盘
695,13:14:39,4.81,0.01,62,29822,买盘
696,13:15:18,4.81,0.0,17,8177,买盘
697,13:16:15,4.8,-0.01,64,30720,卖盘
698,13:16:21,4.8,0.0,32,15360,卖盘
699,13:16:30,4.8,0.0,16,7680,卖盘
700,13:16:36,4.8,0.0,8,3840,卖盘
701,13:16:48,4.8,0.0,4,1920,卖盘
702,13:17:43,4.8,0.0,8,3840,卖盘
703,13:17:45,4.8,0.0,1,480,卖盘
704,13:17:51,4.8,0.0,4,1920,卖盘
705,13:18:04,4.8,0.0,35,16800,卖盘
706,13:18:18,4.8,0.0,37,17760,卖盘
707,13:18:27,4.8,0.0,1,480,卖盘
708,13:18:48,4.8,0.0,32,15360,卖盘
709,13:19:39,4.8,0.0,67,32160,买盘
710,13:20:15,4.79,-0.01,1,479,卖盘
711,13:20:37,4.8,0.01,15,7200,买盘
712,13:20:51,4.79,-0.01,21,10069,卖盘
713,13:21:51,4.79,0.0,1,479,卖盘
714,13:22:07,4.79,0.0,1,479,卖盘
715,13:22:40,4.79,0.0,24,11496,卖盘
716,13:23:52,4.79,0.0,20,9580,卖盘
717,13:23:55,4.8,0.01,1,480,买盘
718,13:24:42,4.8,0.0,3,1440,买盘
719,13:25:19,4.8,0.0,23,11040,买盘
720,13:25:21,4.79,-0.01,1,479,卖盘
721,13:25:46,4.79,0.0,1,479,卖盘
722,13:26:09,4.79,0.0,11,5269,卖盘
723,13:26:43,4.79,0.0,1,479,卖盘
724,13:28:36,4.79,0.0,7,3353,卖盘
725,13:28:43,4.8,0.01,10,4800,买盘
726,13:28:54,4.8,0.0,8,3840,买盘
727,13:31:04,4.79,-0.01,30,14370,卖盘
728,13:31:27,4.8,0.01,117,56160,买盘
729,13:31:42,4.8,0.0,5,2400,卖盘
730,13:32:07,4.8,0.0,8,3840,卖盘
731,13:33:07,4.8,0.0,1,480,卖盘
732,13:33:49,4.8,0.0,379,181920,卖盘
733,13:33:51,4.79,-0.01,1,479,卖盘
734,13:34:07,4.79,0.0,105,50295,卖盘
735,13:34:36,4.79,0.0,1,479,卖盘
736,13:35:15,4.79,0.0,1,479,卖盘
737,13:36:42,4.79,0.0,10,4790,卖盘
738,13:36:48,4.79,0.0,1,479,卖盘
739,13:37:45,4.79,0.0,1,479,卖盘
740,13:38:43,4.79,0.0,1,479,卖盘
741,13:38:55,4.76,-0.03,1400,667898,卖盘
742,13:39:19,4.77,0.01,1,477,卖盘
743,13:39:21,4.79,0.02,1,479,买盘
744,13:41:46,4.78,-0.01,1,478,卖盘
745,13:42:24,4.78,0.0,59,28202,卖盘
746,13:42:45,4.78,0.0,1,478,卖盘
747,13:43:27,4.78,0.0,4,1912,卖盘
748,13:43:31,4.78,0.0,4,1912,卖盘
749,13:44:10,4.78,0.0,1,478,卖盘
750,13:44:54,4.78,0.0,18,8604,卖盘
751,13:45:45,4.78,0.0,4,1912,卖盘
752,13:45:57,4.78,0.0,6,2868,卖盘
753,13:46:21,4.78,0.0,10,4780,卖盘
754,13:47:42,4.78,0.0,5,2390,卖盘
755,13:47:48,4.78,0.0,1,478,卖盘
756,13:48:15,4.78,0.0,5,2390,卖盘
757,13:49:43,4.78,0.0,8,3824,卖盘
758,13:49:54,4.79,0.01,1,479,买盘
759,13:50:39,4.78,-0.01,9,4307,卖盘
760,13:50:51,4.78,0.0,15,7170,卖盘
761,13:51:15,4.77,-0.01,1,477,卖盘
762,13:51:30,4.77,0.0,4,1908,卖盘
763,13:51:45,4.77,0.0,1,477,卖盘
764,13:52:00,4.77,0.0,150,71550,卖盘
765,13:52:15,4.77,0.0,25,11925,卖盘
766,13:53:04,4.76,-0.01,243,115668,卖盘
767,13:53:15,4.76,0.0,4,1904,卖盘
768,13:53:27,4.76,0.0,10,4760,卖盘
769,13:53:51,4.76,0.0,84,39984,卖盘
770,13:55:01,4.75,-0.01,1,475,卖盘
771,13:55:09,4.75,0.0,3,1425,卖盘
772,13:55:40,4.75,0.0,3,1425,卖盘
773,13:56:09,4.75,0.0,133,63175,卖盘
774,13:56:16,4.75,0.0,1,475,卖盘
775,13:56:57,4.75,0.0,1,475,卖盘
776,13:57:37,4.76,0.01,25,11900,买盘
777,13:57:39,4.75,-0.01,113,53713,卖盘
778,13:58:06,4.77,0.02,3,1431,买盘
779,13:58:33,4.76,-0.01,4,1904,买盘
780,13:58:48,4.76,0.0,1,476,卖盘
781,13:59:33,4.76,0.0,11,5236,卖盘
782,13:59:51,4.77,0.01,24,11448,买盘
783,14:00:52,4.76,-0.01,11,5236,卖盘
784,14:01:46,4.76,0.0,5,2380,卖盘
785,14:02:15,4.76,0.0,1,476,卖盘
786,14:02:30,4.76,0.0,1,476,卖盘
787,14:02:58,4.76,0.0,3,1428,卖盘
788,14:03:16,4.76,0.0,1,476,卖盘
789,14:04:15,4.76,0.0,1,476,卖盘
790,14:04:21,4.76,0.0,23,10948,卖盘
791,14:05:22,4.76,0.0,4,1904,卖盘
792,14:05:24,4.76,0.0,26,12376,卖盘
793,14:06:09,4.76,0.0,1,476,卖盘
794,14:06:52,4.76,0.0,30,14280,卖盘
795,14:07:06,4.76,0.0,172,81872,卖盘
796,14:07:16,4.75,-0.01,1,475,卖盘
797,14:07:18,4.75,0.0,410,194750,卖盘
798,14:07:24,4.75,0.0,8,3800,买盘
799,14:07:58,4.74,-0.01,4,1896,卖盘
800,14:08:04,4.75,0.01,1,475,买盘
801,14:08:51,4.75,0.0,10,4750,卖盘
802,14:09:09,4.75,0.0,20,9500,卖盘
803,14:09:18,4.75,0.0,1,475,卖盘
804,14:09:30,4.75,0.0,11,5225,卖盘
805,14:09:45,4.74,-0.01,187,88648,卖盘
806,14:09:48,4.74,0.0,1,474,卖盘
807,14:09:51,4.74,0.0,1,474,卖盘
808,14:09:57,4.75,0.01,20,9500,卖盘
809,14:10:06,4.75,0.0,13,6175,卖盘
810,14:10:16,4.74,-0.01,3,1422,卖盘
811,14:10:48,4.76,0.02,11,5236,买盘
812,14:10:54,4.76,0.0,1,476,买盘
813,14:11:34,4.75,-0.01,20,9500,卖盘
814,14:12:07,4.75,0.0,30,14250,卖盘
815,14:12:12,4.74,-0.01,1,474,卖盘
816,14:12:39,4.74,0.0,10,4740,卖盘
817,14:12:42,4.75,0.01,2,950,买盘
818,14:12:46,4.74,-0.01,4,1896,卖盘
819,14:13:01,4.74,0.0,12,5688,卖盘
820,14:13:45,4.74,0.0,1,474,卖盘
821,14:14:04,4.74,0.0,1,474,卖盘
822,14:14:37,4.74,0.0,1,474,卖盘
823,14:15:09,4.74,0.0,4,1896,卖盘
824,14:15:19,4.74,0.0,1,474,卖盘
825,14:15:28,4.74,0.0,1,474,卖盘
826,14:15:33,4.75,0.01,12,5700,买盘
827,14:15:52,4.74,-0.01,24,11376,卖盘
828,14:18:51,4.75,0.01,5,2375,买盘
829,14:20:04,4.75,0.0,37,17572,买盘
830,14:20:07,4.75,0.0,46,21850,卖盘
831,14:20:12,4.75,0.0,50,23750,买盘
832,14:20:15,4.75,0.0,33,15675,买盘
833,14:20:48,4.74,-0.01,1,474,卖盘
834,14:20:51,4.74,0.0,1,474,卖盘
835,14:21:37,4.74,0.0,141,66834,卖盘
836,14:22:06,4.74,0.0,108,51193,卖盘
837,14:22:16,4.74,0.0,1,223,卖盘
838,14:22:18,4.74,0.0,10,4740,卖盘
839,14:22:27,4.74,0.0,75,35801,卖盘
840,14:22:39,4.73,-0.01,1,473,卖盘
841,14:22:42,4.73,0.0,124,58652,卖盘
842,14:22:48,4.73,0.0,8,3784,卖盘
843,14:23:21,4.73,0.0,8,3784,卖盘
844,14:23:45,4.73,0.0,16,7568,卖盘
845,14:24:09,4.73,0.0,223,105228,卖盘
846,14:25:00,4.74,0.01,7,3318,买盘
847,14:25:04,4.74,0.0,3,1422,卖盘
848,14:25:28,4.73,-0.01,20,9460,卖盘
849,14:25:36,4.74,0.01,1,474,买盘
850,14:25:39,4.73,-0.01,13,6149,卖盘
851,14:25:57,4.73,0.0,16,7568,卖盘
852,14:26:18,4.74,0.01,1,474,买盘
853,14:26:39,4.73,-0.01,5,2365,卖盘
854,14:26:51,4.74,0.01,10,4740,买盘
855,14:27:19,4.73,-0.01,11,5203,卖盘
856,14:27:49,4.73,0.0,9,4257,卖盘
857,14:27:51,4.73,0.0,55,26015,卖盘
858,14:28:12,4.73,0.0,1,473,卖盘
859,14:28:37,4.74,0.01,1,474,买盘
860,14:29:28,4.73,-0.01,21,10185,卖盘
861,14:29:34,4.73,0.0,10,4730,买盘
862,14:29:57,4.72,-0.01,4,1888,卖盘
863,14:30:12,4.72,0.0,129,60888,卖盘
864,14:30:15,4.72,0.0,55,25960,卖盘
865,14:30:19,4.72,0.0,23,10856,卖盘
866,14:30:31,4.73,0.01,2,946,买盘
867,14:30:45,4.72,-0.01,4,1888,卖盘
868,14:31:04,4.72,0.0,130,61360,卖盘
869,14:31:15,4.73,0.01,104,48941,买盘
870,14:31:39,4.73,0.0,9,4257,卖盘
871,14:32:07,4.73,0.0,13,6151,卖盘
872,14:32:30,4.73,0.0,1,473,卖盘
873,14:32:36,4.74,0.01,1,474,中性盘
874,14:33:09,4.73,-0.01,6,2838,卖盘
875,14:34:46,4.73,0.0,3,1419,卖盘
876,14:36:04,4.73,0.0,21,9933,卖盘
877,14:36:25,4.73,0.0,1,473,卖盘
878,14:37:00,4.73,0.0,70,33110,卖盘
879,14:37:16,4.73,0.0,4,1892,卖盘
880,14:37:58,4.74,0.01,6,2844,买盘
881,14:38:28,4.74,0.0,17,8074,中性盘
882,14:39:52,4.74,0.0,1,474,买盘
883,14:40:52,4.73,-0.01,1,473,卖盘
884,14:41:19,4.75,0.02,128,60797,买盘
885,14:41:31,4.75,0.0,125,59375,买盘
886,14:41:37,4.75,0.0,1,475,买盘
887,14:41:58,4.74,-0.01,44,20856,卖盘
888,14:42:22,4.74,0.0,42,19908,买盘
889,14:42:34,4.73,-0.01,40,18920,卖盘
890,14:43:10,4.73,0.0,20,9460,卖盘
891,14:44:34,4.73,0.0,10,4730,卖盘
892,14:44:37,4.74,0.01,1,474,买盘
893,14:44:48,4.73,-0.01,30,14190,卖盘
894,14:45:28,4.74,0.01,7,3318,买盘
895,14:46:37,4.74,0.0,2,948,买盘
896,14:46:49,4.74,0.0,1,474,买盘
897,14:46:55,4.73,-0.01,100,47300,卖盘
898,14:47:07,4.74,0.01,1,474,买盘
899,14:47:10,4.73,-0.01,238,112574,卖盘
900,14:47:18,4.73,0.0,1,473,卖盘
901,14:47:57,4.73,0.0,67,31691,卖盘
902,14:48:07,4.72,-0.01,166,78352,卖盘
903,14:48:16,4.72,0.0,11,5192,卖盘
904,14:48:30,4.72,0.0,260,122470,买盘
905,14:48:49,4.72,0.0,97,45784,卖盘
906,14:49:01,4.72,0.0,1,472,买盘
907,14:49:07,4.71,-0.01,10,4710,卖盘
908,14:49:16,4.71,0.0,100,47100,卖盘
909,14:49:25,4.71,0.0,110,51810,卖盘
910,14:49:28,4.72,0.01,10,4720,买盘
911,14:49:30,4.71,-0.01,199,93729,卖盘
912,14:49:39,4.71,0.0,3,1413,卖盘
913,14:49:52,4.71,0.0,17,8007,卖盘
914,14:49:55,4.72,0.01,2,944,买盘
915,14:50:10,4.72,0.0,5,2360,买盘
916,14:50:25,4.71,-0.01,10,4710,卖盘
917,14:50:37,4.71,0.0,70,32992,卖盘
918,14:50:39,4.71,0.0,146,68866,卖盘
919,14:50:42,4.71,0.0,85,40040,卖盘
920,14:50:48,4.72,0.01,28,13216,买盘
921,14:51:01,4.72,0.0,157,74098,买盘
922,14:51:31,4.72,0.0,19,8968,卖盘
923,14:51:43,4.75,0.03,22,10430,买盘
924,14:51:55,4.75,0.0,50,23750,买盘
925,14:51:57,4.75,0.0,53,25175,买盘
926,14:52:10,4.76,0.01,200,95200,买盘
927,14:52:22,4.78,0.02,468,223195,买盘
928,14:52:31,4.76,-0.02,61,29036,卖盘
929,14:52:37,4.78,0.02,134,64358,买盘
930,14:52:40,4.78,0.0,340,162520,卖盘
931,14:52:43,4.78,0.0,26,12122,卖盘
932,14:52:51,4.79,0.01,283,135750,买盘
933,14:52:55,4.79,0.0,216,103464,卖盘
934,14:53:04,4.79,0.0,1,172,买盘
935,14:53:13,4.78,-0.01,3,1434,买盘
936,14:53:16,4.78,0.0,6,2868,买盘
937,14:53:18,4.78,0.0,33,16080,买盘
938,14:53:31,4.79,0.01,105,50295,买盘
939,14:53:37,4.79,0.0,20,9580,卖盘
940,14:53:43,4.79,0.0,52,24927,卖盘
941,14:53:48,4.8,0.01,20,9600,买盘
942,14:53:57,4.79,-0.01,35,16765,卖盘
943,14:54:00,4.8,0.01,262,125760,买盘
944,14:54:07,4.8,0.0,84,40320,卖盘
945,14:54:19,4.8,0.0,17,8160,卖盘
946,14:54:22,4.81,0.01,270,129870,买盘
947,14:54:33,4.81,0.0,30,14430,卖盘
948,14:54:40,4.8,-0.01,19,9122,卖盘
949,14:54:42,4.82,0.02,300,144422,买盘
950,14:54:48,4.82,0.0,339,163431,买盘
951,14:54:52,4.82,0.0,10,4820,卖盘
952,14:55:00,4.84,0.02,323,156295,买盘
953,14:55:13,4.85,0.01,335,162430,买盘
954,14:55:21,4.86,0.01,144,69826,买盘
955,14:55:25,4.85,-0.01,2,970,买盘
956,14:55:34,4.85,0.0,21,10185,买盘
957,14:55:37,4.85,0.0,240,116200,买盘
958,14:55:40,4.85,0.0,5,2425,卖盘
959,14:55:43,4.85,0.0,63,30605,卖盘
960,14:55:46,4.85,0.0,20,9700,卖盘
961,14:55:51,4.85,0.0,21,10185,卖盘
962,14:55:54,4.85,0.0,1,485,卖盘
963,14:55:58,4.85,0.0,56,27160,卖盘
964,14:56:07,4.85,0.0,9,4365,买盘
965,14:56:22,4.86,0.01,531,257787,买盘
966,14:56:28,4.85,-0.01,5,2425,卖盘
967,14:56:31,4.86,0.01,9,4374,买盘
968,14:56:34,4.86,0.0,9,4374,卖盘
969,14:56:37,4.85,-0.01,16,7760,卖盘
970,14:56:43,4.85,0.0,5,2425,买盘
971,14:56:46,4.87,0.02,219,106544,买盘
972,14:56:52,4.87,0.0,148,72048,买盘
973,14:56:55,4.86,-0.01,208,101088,卖盘
974,14:57:00,4.86,0.0,38,18468,卖盘
975,15:00:04,4.85,-0.01,782,379270,卖盘
