,time,price,change,volume,amount,type
0,09:25:04,8.61,0.01,283,243663,卖盘
1,09:30:04,8.61,0.0,42,36162,买盘
2,09:30:07,8.6,-0.01,21,18057,卖盘
3,09:30:10,8.6,0.0,10,8609,中性盘
4,09:30:15,8.6,0.0,72,61989,卖盘
5,09:30:19,8.61,0.01,5,4305,买盘
6,09:30:22,8.61,0.0,1,861,买盘
7,09:30:24,8.6,-0.01,37,31856,卖盘
8,09:30:28,8.64,0.04,66,56989,买盘
9,09:30:31,8.64,0.0,1,864,买盘
10,09:30:34,8.6,-0.04,122,104977,卖盘
11,09:30:36,8.6,0.0,15,12900,买盘
12,09:30:39,8.6,0.0,5,4300,买盘
13,09:30:43,8.59,-0.01,27,23218,卖盘
14,09:30:46,8.6,0.01,1,860,买盘
15,09:31:00,8.61,0.01,1,861,买盘
16,09:31:04,8.6,-0.01,6,5160,卖盘
17,09:31:06,8.6,0.0,1,860,卖盘
18,09:31:16,8.63,0.03,3,2586,买盘
19,09:31:19,8.62,-0.01,7,6034,中性盘
20,09:31:22,8.62,0.0,50,43100,买盘
21,09:31:24,8.6,-0.02,28,24080,卖盘
22,09:31:27,8.62,0.02,2,1724,买盘
23,09:31:31,8.61,-0.01,7,6023,中性盘
24,09:31:34,8.61,0.0,3,2583,卖盘
25,09:31:37,8.61,0.0,8,6889,卖盘
26,09:31:40,8.61,0.0,1,861,卖盘
27,09:31:46,8.61,0.0,6,5164,买盘
28,09:31:49,8.61,0.0,7,6027,中性盘
29,09:31:55,8.6,-0.01,1,860,卖盘
30,09:31:57,8.61,0.01,7,6026,买盘
31,09:32:01,8.6,-0.01,2,1721,卖盘
32,09:32:04,8.61,0.01,5,4305,买盘
33,09:32:07,8.61,0.0,1,861,卖盘
34,09:32:10,8.59,-0.02,37,31826,卖盘
35,09:32:16,8.6,0.01,2,1720,买盘
36,09:32:31,8.59,-0.01,19,16322,卖盘
37,09:32:37,8.58,-0.01,9,7728,卖盘
38,09:32:42,8.58,0.0,1,858,卖盘
39,09:32:46,8.6,0.02,49,42105,买盘
40,09:32:49,8.58,-0.02,87,74653,卖盘
41,09:32:52,8.57,-0.01,41,35150,卖盘
42,09:33:01,8.58,0.01,4,3429,买盘
43,09:33:04,8.58,0.0,46,39468,买盘
44,09:33:07,8.58,0.0,20,17160,买盘
45,09:33:09,8.57,-0.01,3,2572,卖盘
46,09:33:13,8.57,0.0,28,23996,卖盘
47,09:33:16,8.58,0.01,25,21449,买盘
48,09:33:25,8.58,0.0,23,19734,卖盘
49,09:33:28,8.57,-0.01,33,28288,卖盘
50,09:33:31,8.57,0.0,15,12857,卖盘
51,09:33:34,8.57,0.0,7,5999,卖盘
52,09:33:37,8.57,0.0,23,19711,卖盘
53,09:33:43,8.6,0.03,14,12040,买盘
54,09:33:46,8.6,0.0,3,2576,买盘
55,09:33:52,8.57,-0.03,12,10284,卖盘
56,09:33:55,8.59,0.02,1,859,买盘
57,09:33:57,8.6,0.01,10,8600,买盘
58,09:34:01,8.59,-0.01,1,859,买盘
59,09:34:06,8.58,-0.01,17,14598,卖盘
60,09:34:13,8.58,0.0,25,21450,卖盘
61,09:34:16,8.59,0.01,12,10308,买盘
62,09:34:19,8.58,-0.01,53,45489,卖盘
63,09:34:31,8.6,0.02,8,6866,买盘
64,09:34:33,8.58,-0.02,2,1718,卖盘
65,09:34:36,8.6,0.02,27,23220,买盘
66,09:34:40,8.58,-0.02,2,1716,卖盘
67,09:34:46,8.59,0.01,2,1718,买盘
68,09:34:55,8.59,0.0,16,13744,买盘
69,09:35:01,8.59,0.0,17,14603,买盘
70,09:35:04,8.58,-0.01,27,23169,卖盘
71,09:35:06,8.59,0.01,1,859,中性盘
72,09:35:10,8.6,0.01,12,10320,买盘
73,09:35:13,8.59,-0.01,1,859,卖盘
74,09:35:16,8.6,0.01,2,1720,买盘
75,09:35:25,8.6,0.0,126,108360,买盘
76,09:35:28,8.59,-0.01,13,11173,卖盘
77,09:35:31,8.59,0.0,18,15462,买盘
78,09:35:34,8.59,0.0,13,11167,买盘
79,09:35:37,8.6,0.01,27,23201,买盘
80,09:35:40,8.6,0.0,3,2580,买盘
81,09:35:43,8.6,0.0,43,36980,买盘
82,09:35:46,8.62,0.02,2,1724,买盘
83,09:35:55,8.62,0.0,24,20686,买盘
84,09:36:01,8.6,-0.02,42,36122,卖盘
85,09:36:04,8.6,0.0,4,3440,买盘
86,09:36:06,8.6,0.0,2,1720,买盘
87,09:36:10,8.58,-0.02,33,28349,卖盘
88,09:36:12,8.58,0.0,15,12894,卖盘
89,09:36:16,8.58,0.0,16,13736,卖盘
90,09:36:19,8.58,0.0,21,18018,卖盘
91,09:36:25,8.58,0.0,22,18876,卖盘
92,09:36:28,8.62,0.04,30,25860,买盘
93,09:36:31,8.58,-0.04,43,36898,卖盘
94,09:36:33,8.58,0.0,12,10296,卖盘
95,09:36:39,8.58,0.0,7,6009,卖盘
96,09:36:46,8.61,0.03,5,4304,买盘
97,09:36:49,8.58,-0.03,7,6012,卖盘
98,09:36:52,8.59,0.01,1,859,中性盘
99,09:36:58,8.59,0.0,4,3436,卖盘
100,09:37:01,8.61,0.02,4,3438,买盘
101,09:37:06,8.61,0.0,4,3444,买盘
102,09:37:13,8.61,0.0,6,5165,买盘
103,09:37:16,8.61,0.0,7,6026,买盘
104,09:37:22,8.6,-0.01,3,2580,卖盘
105,09:37:24,8.61,0.01,30,25826,买盘
106,09:37:27,8.6,-0.01,12,10330,卖盘
107,09:37:31,8.6,0.0,7,6020,买盘
108,09:37:37,8.6,0.0,29,24940,买盘
109,09:37:40,8.6,0.0,12,10312,买盘
110,09:37:43,8.6,0.0,4,3440,买盘
111,09:37:46,8.6,0.0,19,16340,买盘
112,09:37:52,8.62,0.02,196,168783,买盘
113,09:37:58,8.61,-0.01,7,6027,卖盘
114,09:38:01,8.61,0.0,1,861,卖盘
115,09:38:04,8.59,-0.02,6,5154,卖盘
116,09:38:07,8.62,0.03,37,31873,买盘
117,09:38:13,8.6,-0.02,30,25800,卖盘
118,09:38:16,8.62,0.02,38,32666,买盘
119,09:38:19,8.59,-0.03,15,12927,卖盘
120,09:38:25,8.59,0.0,7,6013,卖盘
121,09:38:31,8.62,0.03,1,862,买盘
122,09:38:34,8.62,0.0,23,19784,买盘
123,09:38:43,8.6,-0.02,31,26668,卖盘
124,09:38:46,8.62,0.02,2,1724,买盘
125,09:38:49,8.62,0.0,21,18102,买盘
126,09:38:52,8.6,-0.02,8,6880,卖盘
127,09:38:54,8.62,0.02,20,17210,买盘
128,09:38:58,8.63,0.01,2,1726,买盘
129,09:39:01,8.63,0.0,1,863,买盘
130,09:39:13,8.6,-0.03,19,16350,卖盘
131,09:39:19,8.63,0.03,24,20712,买盘
132,09:39:24,8.6,-0.03,1,860,卖盘
133,09:39:28,8.63,0.03,19,16376,买盘
134,09:39:31,8.63,0.0,25,21575,买盘
135,09:39:34,8.63,0.0,1,863,买盘
136,09:39:46,8.63,0.0,3,2589,买盘
137,09:39:49,8.62,-0.01,3,2588,卖盘
138,09:39:52,8.63,0.01,16,13808,买盘
139,09:39:55,8.62,-0.01,6,5172,卖盘
140,09:39:58,8.63,0.01,6,5178,买盘
141,09:40:04,8.62,-0.01,17,14655,卖盘
142,09:40:07,8.63,0.01,34,29342,买盘
143,09:40:10,8.63,0.0,18,15529,买盘
144,09:40:12,8.63,0.0,12,10356,买盘
145,09:40:16,8.63,0.0,16,13808,买盘
146,09:40:19,8.63,0.0,2,1726,买盘
147,09:40:25,8.63,0.0,6,5178,买盘
148,09:40:27,8.63,0.0,16,13800,买盘
149,09:40:34,8.63,0.0,21,18123,买盘
150,09:40:37,8.63,0.0,1,863,买盘
151,09:40:40,8.63,0.0,24,20696,买盘
152,09:40:43,8.63,0.0,50,43150,卖盘
153,09:40:49,8.63,0.0,48,41426,卖盘
154,09:40:52,8.63,0.0,6,5178,卖盘
155,09:40:58,8.63,0.0,6,5178,买盘
156,09:41:01,8.63,0.0,30,25890,买盘
157,09:41:04,8.63,0.0,7,6041,卖盘
158,09:41:07,8.63,0.0,38,32794,卖盘
159,09:41:10,8.64,0.01,88,75949,买盘
160,09:41:16,8.63,-0.01,97,83748,卖盘
161,09:41:19,8.64,0.01,27,23278,买盘
162,09:41:21,8.62,-0.02,1,862,卖盘
163,09:41:25,8.62,0.0,6,5172,卖盘
164,09:41:28,8.62,0.0,13,11206,卖盘
165,09:41:31,8.62,0.0,18,15516,卖盘
166,09:41:34,8.63,0.01,1,863,买盘
167,09:41:40,8.62,-0.01,2,1724,卖盘
168,09:41:42,8.62,0.0,10,8624,卖盘
169,09:41:46,8.6,-0.02,25,21531,卖盘
170,09:41:52,8.61,0.01,14,12047,买盘
171,09:41:55,8.61,0.0,8,6888,中性盘
172,09:41:58,8.61,0.0,13,11193,卖盘
173,09:42:01,8.63,0.02,1,863,买盘
174,09:42:07,8.63,0.0,5,4315,买盘
175,09:42:10,8.62,-0.01,14,12068,卖盘
176,09:42:13,8.63,0.01,20,17260,买盘
177,09:42:16,8.63,0.0,2,1726,买盘
178,09:42:19,8.63,0.0,40,34520,买盘
179,09:42:22,8.64,0.01,10,8632,买盘
180,09:42:25,8.62,-0.02,1,862,卖盘
181,09:42:28,8.63,0.01,15,12938,中性盘
182,09:42:31,8.63,0.0,7,6041,买盘
183,09:42:33,8.63,0.0,6,5178,买盘
184,09:42:40,8.62,-0.01,4,3448,卖盘
185,09:42:43,8.64,0.02,62,53506,买盘
186,09:42:46,8.64,0.0,6,5184,买盘
187,09:42:49,8.64,0.0,17,14688,买盘
188,09:42:52,8.62,-0.02,18,15521,卖盘
189,09:43:01,8.63,0.01,7,6041,买盘
190,09:43:04,8.63,0.0,10,8630,买盘
191,09:43:06,8.63,0.0,5,4315,买盘
192,09:43:10,8.63,0.0,6,5178,买盘
193,09:43:16,8.64,0.01,2,1728,买盘
194,09:43:22,8.64,0.0,2,1727,买盘
195,09:43:25,8.63,-0.01,7,6041,卖盘
196,09:43:28,8.64,0.01,14,12095,买盘
197,09:43:31,8.62,-0.02,15,12935,卖盘
198,09:43:40,8.63,0.01,48,41424,买盘
199,09:43:46,8.64,0.01,2,1728,买盘
200,09:43:49,8.63,-0.01,23,19849,卖盘
201,09:43:52,8.64,0.01,16,13818,买盘
202,09:43:55,8.63,-0.01,2,1726,卖盘
203,09:43:58,8.63,0.0,19,16399,卖盘
204,09:44:01,8.64,0.01,12,10368,买盘
205,09:44:07,8.64,0.0,10,8640,买盘
206,09:44:10,8.64,0.0,8,6910,买盘
207,09:44:13,8.64,0.0,7,6048,买盘
208,09:44:15,8.64,0.0,2,1728,买盘
209,09:44:19,8.63,-0.01,6,5178,卖盘
210,09:44:22,8.63,0.0,7,6041,卖盘
211,09:44:24,8.63,0.0,1,863,卖盘
212,09:44:31,8.64,0.01,1,864,买盘
213,09:44:33,8.64,0.0,4,3456,买盘
214,09:44:36,8.64,0.0,12,10368,买盘
215,09:44:40,8.63,-0.01,31,26774,卖盘
216,09:44:43,8.64,0.01,3,2592,买盘
217,09:44:46,8.64,0.0,2,1728,买盘
218,09:44:52,8.64,0.0,9,7775,买盘
219,09:45:01,8.64,0.0,7,6048,买盘
220,09:45:04,8.64,0.0,1,864,买盘
221,09:45:07,8.63,-0.01,18,15534,卖盘
222,09:45:10,8.63,0.0,6,5178,卖盘
223,09:45:16,8.64,0.01,3,2591,买盘
224,09:45:22,8.63,-0.01,21,18123,卖盘
225,09:45:25,8.63,0.0,13,11219,卖盘
226,09:45:27,8.62,-0.01,7,6034,卖盘
227,09:45:30,8.63,0.01,10,8630,买盘
228,09:45:33,8.63,0.0,9,7760,买盘
229,09:45:40,8.63,0.0,5,4314,买盘
230,09:45:43,8.63,0.0,9,7760,买盘
231,09:45:46,8.63,0.0,6,5177,买盘
232,09:45:49,8.63,0.0,2,1726,买盘
233,09:45:51,8.61,-0.02,7,6027,卖盘
234,09:46:04,8.63,0.02,1,863,买盘
235,09:46:07,8.61,-0.02,7,6027,卖盘
236,09:46:10,8.63,0.02,4,3452,买盘
237,09:46:12,8.61,-0.02,17,14637,卖盘
238,09:46:15,8.63,0.02,8,6904,买盘
239,09:46:19,8.63,0.0,100,86300,买盘
240,09:46:22,8.63,0.0,30,25828,买盘
241,09:46:31,8.63,0.0,1,863,买盘
242,09:46:40,8.61,-0.02,7,6027,卖盘
243,09:46:43,8.61,0.0,1,861,卖盘
244,09:46:49,8.63,0.02,2,1726,买盘
245,09:46:52,8.61,-0.02,1,861,卖盘
246,09:46:57,8.62,0.01,2,1724,中性盘
247,09:47:01,8.61,-0.01,206,177376,卖盘
248,09:47:06,8.63,0.02,23,19849,买盘
249,09:47:10,8.63,0.0,3,2589,卖盘
250,09:47:15,8.62,-0.01,2,1724,卖盘
251,09:47:19,8.62,0.0,26,22408,卖盘
252,09:47:25,8.63,0.01,3,2589,买盘
253,09:47:28,8.6,-0.03,16,13772,卖盘
254,09:47:33,8.63,0.03,1,863,买盘
255,09:47:37,8.62,-0.01,4,3448,买盘
256,09:47:39,8.6,-0.02,50,43042,卖盘
257,09:47:42,8.62,0.02,3,2586,买盘
258,09:47:46,8.63,0.01,2,1726,买盘
259,09:47:49,8.61,-0.02,7,6027,卖盘
260,09:47:52,8.63,0.02,7,6039,买盘
261,09:47:58,8.64,0.01,29,25045,买盘
262,09:48:04,8.64,0.0,1,864,买盘
263,09:48:07,8.64,0.0,26,22464,买盘
264,09:48:13,8.64,0.0,7,6048,买盘
265,09:48:16,8.61,-0.03,10,8616,卖盘
266,09:48:19,8.64,0.03,1,864,买盘
267,09:48:22,8.64,0.0,2,1728,买盘
268,09:48:25,8.64,0.0,24,20682,买盘
269,09:48:28,8.61,-0.03,88,75768,卖盘
270,09:48:30,8.63,0.02,15,12917,买盘
271,09:48:37,8.63,0.0,6,5178,买盘
272,09:48:39,8.63,0.0,7,6041,卖盘
273,09:48:43,8.63,0.0,24,20724,卖盘
274,09:48:46,8.63,0.0,5,4315,买盘
275,09:48:55,8.62,-0.01,1,862,卖盘
276,09:48:58,8.63,0.01,6,5178,买盘
277,09:49:01,8.63,0.0,5,4315,买盘
278,09:49:04,8.63,0.0,1,863,买盘
279,09:49:07,8.63,0.0,41,35383,买盘
280,09:49:10,8.62,-0.01,6,5177,卖盘
281,09:49:12,8.62,0.0,1,862,卖盘
282,09:49:16,8.63,0.01,5,4315,买盘
283,09:49:19,8.63,0.0,15,12938,买盘
284,09:49:25,8.63,0.0,1,863,买盘
285,09:49:28,8.63,0.0,17,14671,卖盘
286,09:49:31,8.64,0.01,1,864,买盘
287,09:49:33,8.64,0.0,1,864,买盘
288,09:49:37,8.64,0.0,25,21600,买盘
289,09:49:43,8.64,0.0,37,31956,买盘
290,09:49:46,8.64,0.0,1,864,买盘
291,09:49:49,8.64,0.0,7,6046,买盘
292,09:49:52,8.64,0.0,1,864,买盘
293,09:49:58,8.63,-0.01,2,1726,卖盘
294,09:50:01,8.64,0.01,26,22459,买盘
295,09:50:07,8.64,0.0,61,52704,买盘
296,09:50:10,8.63,-0.01,2,1726,卖盘
297,09:50:12,8.64,0.01,11,9499,买盘
298,09:50:16,8.63,-0.01,8,6914,卖盘
299,09:50:19,8.64,0.01,5,4320,卖盘
300,09:50:22,8.65,0.01,32,27680,买盘
301,09:50:25,8.64,-0.01,28,24200,卖盘
302,09:50:31,8.65,0.01,27,23355,买盘
303,09:50:34,8.65,0.0,18,15570,买盘
304,09:50:37,8.64,-0.01,18,15552,卖盘
305,09:50:40,8.65,0.01,23,19895,买盘
306,09:50:43,8.66,0.01,66,57110,买盘
307,09:50:46,8.65,-0.01,11,9525,卖盘
308,09:50:49,8.64,-0.01,24,20753,卖盘
309,09:50:52,8.64,0.0,26,22464,买盘
310,09:50:55,8.66,0.02,122,105650,买盘
311,09:51:00,8.66,0.0,25,21650,买盘
312,09:51:04,8.66,0.0,7,6062,中性盘
313,09:51:13,8.64,-0.02,13,11250,卖盘
314,09:51:16,8.67,0.03,2,1734,买盘
315,09:51:19,8.67,0.0,1,867,买盘
316,09:51:22,8.64,-0.03,19,16416,卖盘
317,09:51:31,8.66,0.02,28,24248,中性盘
318,09:51:34,8.66,0.0,1,866,买盘
319,09:51:37,8.67,0.01,218,188971,买盘
320,09:51:42,8.63,-0.04,18,15539,卖盘
321,09:51:45,8.64,0.01,8,6912,买盘
322,09:51:52,8.68,0.04,74,64162,买盘
323,09:51:55,8.68,0.0,1,868,买盘
324,09:52:01,8.68,0.0,16,13844,买盘
325,09:52:06,8.68,0.0,6,5208,买盘
326,09:52:13,8.64,-0.04,7,6048,卖盘
327,09:52:15,8.64,0.0,1,864,卖盘
328,09:52:18,8.67,0.03,1,867,买盘
329,09:52:22,8.67,0.0,31,26877,买盘
330,09:52:27,8.67,0.0,50,43350,买盘
331,09:52:31,8.67,0.0,48,41616,买盘
332,09:52:34,8.68,0.01,3,2604,买盘
333,09:52:36,8.67,-0.01,33,28611,卖盘
334,09:52:40,8.68,0.01,8,6942,买盘
335,09:52:42,8.69,0.01,482,418364,买盘
336,09:52:46,8.68,-0.01,2,1736,卖盘
337,09:52:49,8.68,0.0,25,21703,卖盘
338,09:52:57,8.68,0.0,116,100704,卖盘
339,09:53:04,8.69,0.01,2,1738,买盘
340,09:53:13,8.68,-0.01,27,23442,卖盘
341,09:53:16,8.68,0.0,7,6076,卖盘
342,09:53:18,8.69,0.01,115,99935,买盘
343,09:53:22,8.68,-0.01,26,22568,卖盘
344,09:53:31,8.68,0.0,29,25172,买盘
345,09:53:34,8.68,0.0,2,1736,买盘
346,09:53:43,8.68,0.0,16,13881,买盘
347,09:53:49,8.67,-0.01,10,8679,卖盘
348,09:53:52,8.67,0.0,25,21675,卖盘
349,09:53:58,8.67,0.0,16,13882,卖盘
350,09:54:01,8.68,0.01,5,4340,买盘
351,09:54:04,8.68,0.0,12,10416,买盘
352,09:54:07,8.68,0.0,58,50344,买盘
353,09:54:13,8.68,0.0,16,13882,买盘
354,09:54:15,8.68,0.0,17,14750,买盘
355,09:54:19,8.67,-0.01,12,10415,卖盘
356,09:54:22,8.65,-0.02,200,173096,卖盘
357,09:54:28,8.68,0.03,1,868,买盘
358,09:54:34,8.68,0.0,2,1736,买盘
359,09:54:42,8.67,-0.01,10,8673,卖盘
360,09:54:46,8.67,0.0,35,30379,卖盘
361,09:54:49,8.68,0.01,20,17320,买盘
362,09:54:52,8.67,-0.01,3,2601,卖盘
363,09:54:58,8.65,-0.02,17,14711,卖盘
364,09:55:04,8.68,0.03,12,10416,买盘
365,09:55:07,8.68,0.0,1,868,买盘
366,09:55:13,8.65,-0.03,8,6922,卖盘
367,09:55:16,8.65,0.0,1,865,卖盘
368,09:55:18,8.67,0.02,21,18167,买盘
369,09:55:28,8.67,0.0,10,8670,买盘
370,09:55:31,8.66,-0.01,20,17329,卖盘
371,09:55:34,8.67,0.01,2,1734,买盘
372,09:55:37,8.67,0.0,30,26010,买盘
373,09:55:42,8.68,0.01,20,17355,买盘
374,09:55:46,8.66,-0.02,59,51134,卖盘
375,09:55:49,8.68,0.02,5,4340,买盘
376,09:55:55,8.67,-0.01,6,5202,买盘
377,09:55:58,8.67,0.0,6,5202,买盘
378,09:56:01,8.67,0.0,189,163533,买盘
379,09:56:04,8.67,0.0,2,1734,买盘
380,09:56:07,8.64,-0.03,18,15552,卖盘
381,09:56:16,8.64,0.0,7,6050,卖盘
382,09:56:19,8.66,0.02,20,17320,买盘
383,09:56:22,8.66,0.0,1,866,卖盘
384,09:56:33,8.66,0.0,3,2600,卖盘
385,09:56:37,8.66,0.0,6,5196,卖盘
386,09:56:40,8.66,0.0,6,5196,买盘
387,09:56:42,8.64,-0.02,7,6048,卖盘
388,09:56:49,8.66,0.02,4,3464,买盘
389,09:56:52,8.66,0.0,5,4330,买盘
390,09:56:55,8.66,0.0,79,68414,买盘
391,09:56:58,8.68,0.02,16,13878,买盘
392,09:57:04,8.68,0.0,2,1736,买盘
393,09:57:06,8.66,-0.02,10,8661,卖盘
394,09:57:10,8.66,0.0,18,15589,卖盘
395,09:57:15,8.66,0.0,18,15608,卖盘
396,09:57:19,8.68,0.02,1,868,买盘
397,09:57:25,8.68,0.0,11,9548,买盘
398,09:57:28,8.68,0.0,6,5208,买盘
399,09:57:30,8.68,0.0,5,4340,买盘
400,09:57:34,8.68,0.0,2,1736,买盘
401,09:57:37,8.68,0.0,1,868,买盘
402,09:57:42,8.66,-0.02,7,6062,卖盘
403,09:57:45,8.68,0.02,12,10398,买盘
404,09:57:49,8.68,0.0,1,868,买盘
405,09:57:58,8.68,0.0,4,3472,买盘
406,09:58:01,8.68,0.0,28,24304,买盘
407,09:58:04,8.68,0.0,4,3472,买盘
408,09:58:16,8.66,-0.02,4,3464,卖盘
409,09:58:19,8.68,0.02,24,20786,买盘
410,09:58:22,8.66,-0.02,20,17322,卖盘
411,09:58:33,8.68,0.02,16,13850,买盘
412,09:58:46,8.65,-0.03,19,16435,卖盘
413,09:58:49,8.68,0.03,1,868,买盘
414,09:58:55,8.68,0.0,1,868,买盘
415,09:58:58,8.68,0.0,3,2604,买盘
416,09:59:04,8.68,0.0,9,7809,买盘
417,09:59:06,8.65,-0.03,29,25085,卖盘
418,09:59:12,8.68,0.03,17,14756,买盘
419,09:59:19,8.68,0.0,1,868,买盘
420,09:59:22,8.68,0.0,19,16492,买盘
421,09:59:25,8.66,-0.02,18,15588,卖盘
422,09:59:28,8.68,0.02,1,868,买盘
423,09:59:31,8.66,-0.02,1,866,卖盘
424,09:59:34,8.68,0.02,16,13862,买盘
425,09:59:43,8.66,-0.02,6,5196,卖盘
426,09:59:49,8.68,0.02,5,4340,买盘
427,09:59:51,8.68,0.0,3,2604,买盘
428,09:59:54,8.66,-0.02,13,11258,卖盘
429,09:59:58,8.66,0.0,1,866,卖盘
430,10:00:04,8.68,0.02,7,6076,买盘
431,10:00:07,8.68,0.0,11,9548,买盘
432,10:00:10,8.68,0.0,26,22568,买盘
433,10:00:13,8.68,0.0,1,868,买盘
434,10:00:16,8.68,0.0,3,2604,买盘
435,10:00:19,8.68,0.0,1,868,买盘
436,10:00:22,8.68,0.0,7,6076,买盘
437,10:00:25,8.66,-0.02,8,6928,卖盘
438,10:00:28,8.68,0.02,16,13862,买盘
439,10:00:30,8.68,0.0,29,25136,买盘
440,10:00:34,8.68,0.0,2,1736,买盘
441,10:00:40,8.66,-0.02,19,16478,卖盘
442,10:00:49,8.68,0.02,4,3472,买盘
443,10:00:52,8.66,-0.02,24,20774,卖盘
444,10:00:55,8.67,0.01,29,25131,中性盘
445,10:01:01,8.66,-0.01,7,6062,中性盘
446,10:01:04,8.67,0.01,2,1734,买盘
447,10:01:07,8.67,0.0,32,27713,买盘
448,10:01:10,8.66,-0.01,7,6062,卖盘
449,10:01:13,8.66,0.0,22,19058,卖盘
450,10:01:15,8.66,0.0,2,1732,卖盘
451,10:01:19,8.67,0.01,2,1733,买盘
452,10:01:25,8.65,-0.02,2,1730,卖盘
453,10:01:28,8.67,0.02,13,11247,买盘
454,10:01:34,8.67,0.0,19,16439,买盘
455,10:01:40,8.66,-0.01,1,866,买盘
456,10:01:45,8.66,0.0,7,6059,买盘
457,10:01:49,8.66,0.0,1,866,买盘
458,10:01:55,8.65,-0.01,14,12110,卖盘
459,10:02:04,8.66,0.01,2,1732,买盘
460,10:02:07,8.66,0.0,1,866,买盘
461,10:02:15,8.65,-0.01,2,1730,卖盘
462,10:02:19,8.66,0.01,1,866,买盘
463,10:02:22,8.66,0.0,1,866,买盘
464,10:02:25,8.66,0.0,30,25980,买盘
465,10:02:28,8.65,-0.01,13,11245,卖盘
466,10:02:34,8.66,0.01,5,4330,买盘
467,10:02:40,8.66,0.0,15,12990,买盘
468,10:02:42,8.66,0.0,18,15588,卖盘
469,10:02:46,8.66,0.0,2,1732,卖盘
470,10:02:49,8.67,0.01,1,867,买盘
471,10:02:55,8.66,-0.01,4,3464,卖盘
472,10:02:58,8.65,-0.01,134,115910,卖盘
473,10:03:01,8.65,0.0,14,12110,买盘
474,10:03:04,8.65,0.0,3,2595,买盘
475,10:03:06,8.65,0.0,1,865,买盘
476,10:03:16,8.64,-0.01,47,40639,卖盘
477,10:03:19,8.65,0.01,45,38925,买盘
478,10:03:24,8.64,-0.01,1,864,卖盘
479,10:03:28,8.65,0.01,34,29398,买盘
480,10:03:31,8.65,0.0,7,6055,买盘
481,10:03:43,8.65,0.0,35,30276,卖盘
482,10:03:46,8.64,-0.01,21,18157,卖盘
483,10:03:48,8.66,0.02,5,4330,买盘
484,10:03:55,8.64,-0.02,18,15564,卖盘
485,10:03:58,8.68,0.04,6,5208,买盘
486,10:04:04,8.68,0.0,2,1736,买盘
487,10:04:06,8.68,0.0,1,868,买盘
488,10:04:10,8.64,-0.04,12,10378,卖盘
489,10:04:19,8.67,0.03,1,867,买盘
490,10:04:25,8.67,0.0,15,12963,买盘
491,10:04:34,8.66,-0.01,4,3464,卖盘
492,10:04:37,8.67,0.01,21,18202,买盘
493,10:04:43,8.66,-0.01,2,1732,买盘
494,10:04:46,8.65,-0.01,4,3463,卖盘
495,10:04:49,8.66,0.01,1,866,买盘
496,10:04:55,8.65,-0.01,18,15570,卖盘
497,10:04:58,8.65,0.0,11,9515,卖盘
498,10:05:00,8.65,0.0,1,865,买盘
499,10:05:04,8.65,0.0,11,9522,买盘
500,10:05:18,8.67,0.02,1,867,买盘
501,10:05:22,8.68,0.01,12,10416,买盘
502,10:05:25,8.66,-0.02,20,17352,卖盘
503,10:05:30,8.66,0.0,21,18186,买盘
504,10:05:34,8.66,0.0,31,26846,买盘
505,10:05:37,8.68,0.02,13,11284,买盘
506,10:05:40,8.68,0.0,1,868,买盘
507,10:05:43,8.68,0.0,23,19960,买盘
508,10:05:46,8.67,-0.01,1,867,卖盘
509,10:05:49,8.68,0.01,1,868,买盘
510,10:05:55,8.67,-0.01,2,1734,卖盘
511,10:05:58,8.65,-0.02,18,15587,卖盘
512,10:06:04,8.67,0.02,10,8670,买盘
513,10:06:07,8.67,0.0,4,3468,买盘
514,10:06:09,8.67,0.0,1,867,买盘
515,10:06:19,8.67,0.0,3,2599,买盘
516,10:06:25,8.66,-0.01,14,12125,卖盘
517,10:06:33,8.67,0.01,2,1734,买盘
518,10:06:37,8.67,0.0,20,17340,买盘
519,10:06:43,8.67,0.0,4,3468,买盘
520,10:06:46,8.68,0.01,20,17349,买盘
521,10:06:49,8.66,-0.02,2,1732,卖盘
522,10:06:52,8.66,0.0,5,4331,卖盘
523,10:06:55,8.67,0.01,14,12138,卖盘
524,10:06:58,8.67,0.0,16,13872,卖盘
525,10:07:01,8.67,0.0,1,867,买盘
526,10:07:04,8.67,0.0,2,1734,买盘
527,10:07:06,8.66,-0.01,18,15589,卖盘
528,10:07:19,8.67,0.01,2,1733,买盘
529,10:07:24,8.66,-0.01,14,12124,卖盘
530,10:07:28,8.66,0.0,86,74482,卖盘
531,10:07:34,8.67,0.01,2,1734,买盘
532,10:07:42,8.67,0.0,7,6069,买盘
533,10:07:46,8.68,0.01,6,5206,买盘
534,10:07:49,8.68,0.0,32,27722,买盘
535,10:07:52,8.68,0.0,1,868,买盘
536,10:08:07,8.68,0.0,3,2604,买盘
537,10:08:09,8.67,-0.01,18,15606,卖盘
538,10:08:13,8.67,0.0,5,4335,卖盘
539,10:08:16,8.67,0.0,13,11271,卖盘
540,10:08:19,8.67,0.0,4,3469,卖盘
541,10:08:22,8.67,0.0,7,6069,卖盘
542,10:08:25,8.68,0.01,1,868,买盘
543,10:08:30,8.67,-0.01,7,6069,卖盘
544,10:08:34,8.68,0.01,2,1736,买盘
545,10:08:39,8.67,-0.01,4,3468,卖盘
546,10:08:46,8.67,0.0,31,26865,买盘
547,10:08:49,8.67,0.0,35,30311,买盘
548,10:08:52,8.67,0.0,16,13872,买盘
549,10:08:55,8.66,-0.01,19,16454,卖盘
550,10:09:01,8.66,0.0,7,6062,卖盘
551,10:09:04,8.67,0.01,26,22519,买盘
552,10:09:13,8.66,-0.01,14,12124,卖盘
553,10:09:15,8.66,0.0,7,6062,卖盘
554,10:09:19,8.66,0.0,32,27713,卖盘
555,10:09:27,8.67,0.01,22,19074,买盘
556,10:09:31,8.66,-0.01,68,58896,卖盘
557,10:09:34,8.67,0.01,21,18188,买盘
558,10:09:43,8.67,0.0,3,2601,买盘
559,10:09:45,8.67,0.0,17,14723,买盘
560,10:09:49,8.66,-0.01,1,866,卖盘
561,10:09:52,8.67,0.01,1,867,买盘
562,10:10:04,8.67,0.0,2,1734,买盘
563,10:10:07,8.67,0.0,1,867,买盘
564,10:10:13,8.66,-0.01,14,12126,卖盘
565,10:10:16,8.66,0.0,6,5196,卖盘
566,10:10:19,8.67,0.01,7,6069,买盘
567,10:10:22,8.66,-0.01,2,1732,卖盘
568,10:10:24,8.67,0.01,22,19051,买盘
569,10:10:31,8.67,0.0,11,9533,买盘
570,10:10:34,8.67,0.0,12,10404,买盘
571,10:10:43,8.66,-0.01,12,10392,卖盘
572,10:10:46,8.66,0.0,2,1732,中性盘
573,10:10:49,8.66,0.0,3,2598,买盘
574,10:10:52,8.65,-0.01,33,28552,卖盘
575,10:11:01,8.67,0.02,12,10404,买盘
576,10:11:04,8.67,0.0,2,1734,买盘
577,10:11:06,8.67,0.0,10,8670,买盘
578,10:11:13,8.65,-0.02,5,4325,卖盘
579,10:11:16,8.65,0.0,12,10380,卖盘
580,10:11:19,8.68,0.03,1,868,买盘
581,10:11:27,8.65,-0.03,18,15570,卖盘
582,10:11:34,8.67,0.02,5,4335,买盘
583,10:11:42,8.65,-0.02,13,11255,卖盘
584,10:11:46,8.66,0.01,1,866,中性盘
585,10:11:49,8.66,0.0,1,866,买盘
586,10:11:52,8.65,-0.01,46,39798,卖盘
587,10:11:55,8.67,0.02,20,17340,买盘
588,10:11:58,8.65,-0.02,22,19033,卖盘
589,10:12:04,8.68,0.03,63,54668,买盘
590,10:12:12,8.67,-0.01,7,6069,卖盘
591,10:12:16,8.67,0.0,4,3468,买盘
592,10:12:19,8.66,-0.01,2,1732,卖盘
593,10:12:22,8.66,0.0,1,866,买盘
594,10:12:28,8.66,0.0,8,6928,买盘
595,10:12:34,8.68,0.02,1,868,买盘
596,10:12:36,8.68,0.0,21,18196,买盘
597,10:12:43,8.66,-0.02,25,21650,卖盘
598,10:12:46,8.67,0.01,14,12127,中性盘
599,10:12:49,8.68,0.01,6,5208,买盘
600,10:12:55,8.66,-0.02,10,8668,卖盘
601,10:13:01,8.68,0.02,3,2604,买盘
602,10:13:04,8.68,0.0,5,4340,买盘
603,10:13:07,8.68,0.0,2,1736,买盘
604,10:13:09,8.68,0.0,4,3472,买盘
605,10:13:13,8.66,-0.02,9,7794,卖盘
606,10:13:18,8.66,0.0,6,5196,买盘
607,10:13:21,8.65,-0.01,42,36334,卖盘
608,10:13:28,8.68,0.03,145,125855,买盘
609,10:13:34,8.68,0.0,2,1736,买盘
610,10:13:43,8.66,-0.02,30,25980,卖盘
611,10:13:45,8.68,0.02,33,28632,买盘
612,10:13:48,8.68,0.0,7,6076,买盘
613,10:13:58,8.68,0.0,28,24304,买盘
614,10:14:01,8.69,0.01,12,10427,买盘
615,10:14:04,8.69,0.0,56,48664,买盘
616,10:14:06,8.69,0.0,2,1738,买盘
617,10:14:09,8.68,-0.01,12,10416,卖盘
618,10:14:16,8.66,-0.02,13,11258,卖盘
619,10:14:19,8.68,0.02,2,1736,买盘
620,10:14:22,8.69,0.01,21,18240,买盘
621,10:14:28,8.68,-0.01,1,868,买盘
622,10:14:36,8.69,0.01,51,44292,买盘
623,10:14:43,8.69,0.0,15,13011,买盘
624,10:14:45,8.69,0.0,9,7810,买盘
625,10:14:49,8.69,0.0,20,17854,买盘
626,10:14:55,8.69,0.0,1,869,买盘
627,10:14:57,8.69,0.0,17,14773,买盘
628,10:15:04,8.69,0.0,1,869,买盘
629,10:15:07,8.69,0.0,1,869,买盘
630,10:15:16,8.69,0.0,26,22577,买盘
631,10:15:19,8.69,0.0,1,869,买盘
632,10:15:22,8.69,0.0,2,1738,买盘
633,10:15:25,8.66,-0.03,14,12130,卖盘
634,10:15:37,8.68,0.02,1,868,中性盘
635,10:15:40,8.68,0.0,4,3472,买盘
636,10:15:43,8.66,-0.02,9,7802,卖盘
637,10:15:46,8.66,0.0,13,11258,卖盘
638,10:15:48,8.68,0.02,3,2604,买盘
639,10:15:52,8.68,0.0,3,2604,买盘
640,10:15:55,8.67,-0.01,17,14739,卖盘
641,10:15:58,8.67,0.0,5,4335,卖盘
642,10:16:04,8.68,0.01,1,868,买盘
643,10:16:10,8.67,-0.01,6,5202,卖盘
644,10:16:13,8.67,0.0,5,4335,卖盘
645,10:16:16,8.67,0.0,3,2601,卖盘
646,10:16:22,8.68,0.01,2,1736,买盘
647,10:16:37,8.68,0.0,1,868,买盘
648,10:16:43,8.68,0.0,12,10416,买盘
649,10:16:46,8.68,0.0,2,1736,买盘
650,10:16:48,8.68,0.0,7,6076,卖盘
651,10:16:57,8.66,-0.02,22,19056,卖盘
652,10:17:01,8.66,0.0,3,2598,卖盘
653,10:17:07,8.69,0.03,1,869,买盘
654,10:17:22,8.69,0.0,2,1738,买盘
655,10:17:33,8.68,-0.01,1,868,买盘
656,10:17:40,8.66,-0.02,143,123890,卖盘
657,10:17:42,8.68,0.02,86,74484,买盘
658,10:17:51,8.68,0.0,2,1736,买盘
659,10:17:55,8.68,0.0,24,20832,买盘
660,10:17:57,8.68,0.0,22,19096,卖盘
661,10:18:00,8.68,0.0,16,13888,卖盘
662,10:18:04,8.69,0.01,4,3473,买盘
663,10:18:07,8.68,-0.01,21,18228,卖盘
664,10:18:09,8.68,0.0,3,2604,卖盘
665,10:18:12,8.68,0.0,3,2604,卖盘
666,10:18:16,8.68,0.0,3,2604,卖盘
667,10:18:19,8.68,0.0,9,7812,卖盘
668,10:18:22,8.68,0.0,2,1736,买盘
669,10:18:27,8.68,0.0,1,868,买盘
670,10:18:30,8.68,0.0,20,17360,买盘
671,10:18:33,8.68,0.0,43,37324,卖盘
672,10:18:49,8.68,0.0,103,89486,买盘
673,10:18:51,8.66,-0.02,17,14729,卖盘
674,10:18:58,8.66,0.0,8,6932,卖盘
675,10:19:07,8.68,0.02,1,868,买盘
676,10:19:10,8.66,-0.02,17,14722,卖盘
677,10:19:15,8.68,0.02,1,868,买盘
678,10:19:22,8.68,0.0,2,1736,买盘
679,10:19:36,8.68,0.0,1,868,买盘
680,10:19:42,8.68,0.0,3,2604,买盘
681,10:19:46,8.66,-0.02,8,6928,卖盘
682,10:19:52,8.68,0.02,9,7812,买盘
683,10:19:57,8.66,-0.02,5,4330,卖盘
684,10:20:01,8.67,0.01,1,867,买盘
685,10:20:04,8.68,0.01,1,868,买盘
686,10:20:07,8.67,-0.01,2,1734,卖盘
687,10:20:18,8.68,0.01,156,135332,买盘
688,10:20:22,8.68,0.0,45,39060,卖盘
689,10:20:28,8.68,0.0,10,8680,卖盘
690,10:20:37,8.69,0.01,1,869,买盘
691,10:20:43,8.69,0.0,1,869,买盘
692,10:20:49,8.69,0.0,5,4345,买盘
693,10:20:52,8.68,-0.01,1,495,卖盘
694,10:21:04,8.69,0.01,1,869,买盘
695,10:21:16,8.68,-0.01,2,1736,卖盘
696,10:21:19,8.68,0.0,1,868,卖盘
697,10:21:22,8.69,0.01,3,2607,买盘
698,10:21:24,8.68,-0.01,18,15624,卖盘
699,10:21:30,8.68,0.0,300,260400,卖盘
700,10:21:33,8.68,0.0,54,46872,卖盘
701,10:21:37,8.69,0.01,1,869,买盘
702,10:21:40,8.68,-0.01,32,27776,卖盘
703,10:21:43,8.68,0.0,9,7812,卖盘
704,10:21:45,8.68,0.0,1,868,卖盘
705,10:21:48,8.69,0.01,3,2607,买盘
706,10:21:52,8.69,0.0,2,1738,买盘
707,10:22:07,8.69,0.0,31,26939,买盘
708,10:22:09,8.69,0.0,1,869,买盘
709,10:22:13,8.69,0.0,20,17380,买盘
710,10:22:16,8.68,-0.01,5,4344,卖盘
711,10:22:18,8.69,0.01,2,1738,买盘
712,10:22:28,8.68,-0.01,2,1736,卖盘
713,10:22:31,8.68,0.0,18,15624,卖盘
714,10:22:36,8.69,0.01,5,4345,买盘
715,10:22:39,8.69,0.0,4,3476,买盘
716,10:22:43,8.69,0.0,34,29546,买盘
717,10:22:46,8.69,0.0,4,3473,买盘
718,10:22:49,8.69,0.0,5,4345,买盘
719,10:23:07,8.69,0.0,5,4345,买盘
720,10:23:16,8.68,-0.01,9,7812,卖盘
721,10:23:19,8.68,0.0,22,19096,卖盘
722,10:23:22,8.68,0.0,65,56422,卖盘
723,10:23:25,8.68,0.0,28,24305,卖盘
724,10:23:27,8.68,0.0,88,76384,卖盘
725,10:23:31,8.68,0.0,211,183148,卖盘
726,10:23:33,8.69,0.01,20,17361,买盘
727,10:23:37,8.69,0.0,165,143601,买盘
728,10:23:43,8.67,-0.02,1,867,卖盘
729,10:23:46,8.67,0.0,1,867,卖盘
730,10:23:49,8.68,0.01,3,2603,买盘
731,10:23:52,8.67,-0.01,1,867,卖盘
732,10:23:55,8.68,0.01,2,1736,买盘
733,10:23:58,8.68,0.0,1,868,卖盘
734,10:24:01,8.67,-0.01,1,867,卖盘
735,10:24:04,8.65,-0.02,14,12110,卖盘
736,10:24:07,8.69,0.04,2,1737,买盘
737,10:24:10,8.68,-0.01,40,34720,卖盘
738,10:24:13,8.67,-0.01,1,867,卖盘
739,10:24:16,8.65,-0.02,4,3466,卖盘
740,10:24:22,8.67,0.02,2,1734,买盘
741,10:24:33,8.67,0.0,8,6936,买盘
742,10:24:37,8.65,-0.02,3,2597,卖盘
743,10:24:42,8.65,0.0,17,14705,卖盘
744,10:24:52,8.67,0.02,6,5202,买盘
745,10:24:55,8.67,0.0,1,867,买盘
746,10:24:57,8.66,-0.01,2,1732,卖盘
747,10:25:00,8.66,0.0,4,3464,买盘
748,10:25:04,8.66,0.0,1,866,卖盘
749,10:25:06,8.67,0.01,1,867,买盘
750,10:25:12,8.67,0.0,9,7803,买盘
751,10:25:16,8.66,-0.01,1,866,卖盘
752,10:25:19,8.67,0.01,70,60690,买盘
753,10:25:22,8.65,-0.02,39,33759,卖盘
754,10:25:25,8.65,0.0,5,4325,卖盘
755,10:25:37,8.68,0.03,1,868,买盘
756,10:25:43,8.68,0.0,1,868,买盘
757,10:25:49,8.65,-0.03,18,15570,卖盘
758,10:25:51,8.68,0.03,12,10386,买盘
759,10:26:04,8.66,-0.02,1,866,买盘
760,10:26:07,8.66,0.0,1,866,买盘
761,10:26:15,8.65,-0.01,1,865,卖盘
762,10:26:19,8.66,0.01,9,7786,买盘
763,10:26:22,8.66,0.0,2,1732,买盘
764,10:26:36,8.66,0.0,5,4330,买盘
765,10:26:49,8.65,-0.01,6,5190,卖盘
766,10:26:51,8.65,0.0,16,13846,卖盘
767,10:26:54,8.65,0.0,18,15570,卖盘
768,10:26:57,8.66,0.01,1,866,买盘
769,10:27:01,8.66,0.0,3,2598,买盘
770,10:27:04,8.66,0.0,7,6056,买盘
771,10:27:06,8.66,0.0,1,866,买盘
772,10:27:12,8.66,0.0,7,6062,买盘
773,10:27:16,8.65,-0.01,5,4325,卖盘
774,10:27:22,8.66,0.01,2,1732,买盘
775,10:27:25,8.65,-0.01,10,8650,卖盘
776,10:27:36,8.66,0.01,1,866,买盘
777,10:27:40,8.66,0.0,1,866,买盘
778,10:27:52,8.66,0.0,13,11258,买盘
779,10:27:55,8.66,0.0,2,1732,买盘
780,10:27:58,8.65,-0.01,14,12110,卖盘
781,10:28:00,8.65,0.0,17,14705,卖盘
782,10:28:07,8.66,0.01,1,866,买盘
783,10:28:16,8.65,-0.01,2,1730,卖盘
784,10:28:22,8.66,0.01,2,1732,买盘
785,10:28:27,8.66,0.0,4,3464,买盘
786,10:28:33,8.65,-0.01,1,865,卖盘
787,10:28:37,8.66,0.01,1,866,买盘
788,10:28:51,8.66,0.0,10,8660,买盘
789,10:29:04,8.66,0.0,1,866,买盘
790,10:29:06,8.66,0.0,19,16436,买盘
791,10:29:10,8.66,0.0,11,9526,买盘
792,10:29:16,8.65,-0.01,5,4329,卖盘
793,10:29:21,8.66,0.01,2,1732,买盘
794,10:29:24,8.66,0.0,18,15588,买盘
795,10:29:36,8.67,0.01,1,867,买盘
796,10:29:46,8.67,0.0,3,2601,买盘
797,10:29:49,8.67,0.0,5,4335,买盘
798,10:29:52,8.67,0.0,2,1734,买盘
799,10:29:57,8.67,0.0,4,3468,买盘
800,10:30:01,8.67,0.0,4,3468,买盘
801,10:30:07,8.67,0.0,1,867,买盘
802,10:30:13,8.67,0.0,22,19057,买盘
803,10:30:16,8.67,0.0,40,34680,买盘
804,10:30:19,8.67,0.0,17,14739,买盘
805,10:30:22,8.67,0.0,12,10404,买盘
806,10:30:34,8.67,0.0,4,3468,买盘
807,10:30:37,8.67,0.0,8,6936,买盘
808,10:30:39,8.67,0.0,13,11271,买盘
809,10:30:49,8.67,0.0,11,9537,买盘
810,10:30:52,8.67,0.0,2,1734,买盘
811,10:31:00,8.67,0.0,4,3468,买盘
812,10:31:04,8.67,0.0,1,867,买盘
813,10:31:06,8.67,0.0,46,39837,买盘
814,10:31:10,8.67,0.0,3,2601,买盘
815,10:31:19,8.65,-0.02,18,15586,卖盘
816,10:31:22,8.66,0.01,16,13863,卖盘
817,10:31:30,8.68,0.02,4,3472,买盘
818,10:31:37,8.68,0.0,1,868,买盘
819,10:31:43,8.67,-0.01,4,3468,买盘
820,10:31:46,8.67,0.0,1,867,买盘
821,10:31:49,8.67,0.0,4,3468,买盘
822,10:31:55,8.67,0.0,6,5202,买盘
823,10:31:58,8.66,-0.01,8,6932,卖盘
824,10:32:04,8.66,0.0,2,1732,卖盘
825,10:32:07,8.67,0.01,1,867,买盘
826,10:32:22,8.67,0.0,6,5202,买盘
827,10:32:25,8.67,0.0,19,16455,买盘
828,10:32:30,8.67,0.0,4,3468,买盘
829,10:32:37,8.65,-0.02,24,20774,卖盘
830,10:32:52,8.67,0.02,5,4335,买盘
831,10:33:04,8.67,0.0,1,867,买盘
832,10:33:06,8.67,0.0,1,867,买盘
833,10:33:10,8.67,0.0,1,867,买盘
834,10:33:22,8.66,-0.01,2,1732,买盘
835,10:33:28,8.65,-0.01,2,1730,卖盘
836,10:33:31,8.65,0.0,17,14705,卖盘
837,10:33:37,8.66,0.01,1,866,买盘
838,10:33:40,8.66,0.0,17,14722,买盘
839,10:33:45,8.66,0.0,5,4330,买盘
840,10:33:49,8.66,0.0,21,18186,买盘
841,10:33:58,8.67,0.01,4,3468,买盘
842,10:34:01,8.67,0.0,4,3468,买盘
843,10:34:04,8.66,-0.01,9,7794,卖盘
844,10:34:07,8.66,0.0,2,1732,买盘
845,10:34:15,8.66,0.0,2,1732,买盘
846,10:34:22,8.66,0.0,1,866,买盘
847,10:34:28,8.66,0.0,37,32023,买盘
848,10:34:31,8.65,-0.01,364,314860,卖盘
849,10:34:34,8.64,-0.01,20,17280,卖盘
850,10:34:37,8.65,0.01,21,18146,买盘
851,10:34:46,8.65,0.0,3,2595,买盘
852,10:34:52,8.64,-0.01,92,79560,卖盘
853,10:34:54,8.65,0.01,4,3460,买盘
854,10:35:04,8.65,0.0,8,6920,买盘
855,10:35:07,8.65,0.0,2,1730,买盘
856,10:35:10,8.64,-0.01,29,25056,卖盘
857,10:35:15,8.65,0.01,8,6920,买盘
858,10:35:21,8.65,0.0,2,1730,买盘
859,10:35:31,8.65,0.0,16,13840,买盘
860,10:35:34,8.65,0.0,1,865,卖盘
861,10:35:37,8.65,0.0,27,23357,卖盘
862,10:35:40,8.65,0.0,1,865,卖盘
863,10:35:42,8.64,-0.01,57,49325,卖盘
864,10:35:49,8.64,0.0,8,6912,卖盘
865,10:35:52,8.65,0.01,10,8648,买盘
866,10:35:55,8.65,0.0,5,4324,买盘
867,10:35:58,8.64,-0.01,1,864,卖盘
868,10:36:01,8.64,0.0,17,14691,卖盘
869,10:36:04,8.64,0.0,18,15535,买盘
870,10:36:07,8.64,0.0,2,1728,买盘
871,10:36:13,8.64,0.0,3,2592,买盘
872,10:36:19,8.64,0.0,1,864,买盘
873,10:36:22,8.64,0.0,4,3456,买盘
874,10:36:25,8.63,-0.01,21,18123,卖盘
875,10:36:28,8.63,0.0,77,66451,卖盘
876,10:36:31,8.62,-0.01,40,34502,卖盘
877,10:36:33,8.64,0.02,21,18144,买盘
878,10:36:36,8.63,-0.01,3,2589,买盘
879,10:36:49,8.62,-0.01,35,30173,卖盘
880,10:36:52,8.62,0.0,12,10345,卖盘
881,10:36:55,8.62,0.0,171,147402,卖盘
882,10:36:58,8.61,-0.01,16,13776,卖盘
883,10:37:04,8.61,0.0,35,30135,卖盘
884,10:37:06,8.62,0.01,2,1724,买盘
885,10:37:10,8.62,0.0,127,109474,买盘
886,10:37:22,8.63,0.01,1,863,买盘
887,10:37:24,8.63,0.0,1,863,买盘
888,10:37:28,8.63,0.0,112,96656,买盘
889,10:37:31,8.63,0.0,12,10356,买盘
890,10:37:34,8.65,0.02,112,96799,买盘
891,10:37:43,8.65,0.0,3,2595,买盘
892,10:37:45,8.63,-0.02,20,17260,卖盘
893,10:37:49,8.63,0.0,2,1726,买盘
894,10:37:55,8.63,0.0,26,22420,买盘
895,10:38:01,8.65,0.02,318,275070,买盘
896,10:38:04,8.62,-0.03,167,143970,卖盘
897,10:38:06,8.65,0.03,2,1730,买盘
898,10:38:12,8.65,0.0,15,12975,买盘
899,10:38:22,8.64,-0.01,19,16398,买盘
900,10:38:28,8.62,-0.02,6,5172,卖盘
901,10:38:31,8.64,0.02,1,864,买盘
902,10:38:36,8.62,-0.02,20,17240,卖盘
903,10:38:52,8.62,0.0,71,61326,卖盘
904,10:38:55,8.62,0.0,3,2586,买盘
905,10:38:58,8.62,0.0,204,175848,买盘
906,10:39:01,8.61,-0.01,312,268663,卖盘
907,10:39:04,8.61,0.0,6,5166,买盘
908,10:39:09,8.61,0.0,23,19803,卖盘
909,10:39:16,8.64,0.03,194,167134,买盘
910,10:39:30,8.61,-0.03,99,85239,卖盘
911,10:39:34,8.61,0.0,1,861,买盘
912,10:39:51,8.63,0.02,3,2589,买盘
913,10:40:01,8.63,0.0,5,4315,买盘
914,10:40:03,8.63,0.0,1,863,买盘
915,10:40:07,8.61,-0.02,18,15498,卖盘
916,10:40:12,8.64,0.03,41,35423,买盘
917,10:40:33,8.61,-0.03,20,17220,卖盘
918,10:40:36,8.61,0.0,4,3446,卖盘
919,10:40:39,8.61,0.0,22,18942,卖盘
920,10:40:42,8.61,0.0,104,89544,买盘
921,10:40:46,8.61,0.0,38,32684,买盘
922,10:40:49,8.6,-0.01,6,5160,卖盘
923,10:40:52,8.61,0.01,11,9461,买盘
924,10:40:57,8.61,0.0,19,15963,买盘
925,10:41:09,8.61,0.0,33,28417,卖盘
926,10:41:12,8.6,-0.01,24,20646,卖盘
927,10:41:15,8.61,0.01,5,4305,买盘
928,10:41:18,8.6,-0.01,400,344000,卖盘
929,10:41:21,8.61,0.01,44,37884,买盘
930,10:41:24,8.61,0.0,6,5166,卖盘
931,10:41:36,8.63,0.02,1,863,买盘
932,10:41:42,8.63,0.0,1,863,买盘
933,10:41:45,8.63,0.0,3,2589,买盘
934,10:41:52,8.6,-0.03,102,87743,卖盘
935,10:41:55,8.59,-0.01,16,13750,卖盘
936,10:42:01,8.6,0.01,4,3440,卖盘
937,10:42:04,8.62,0.02,1,862,买盘
938,10:42:10,8.62,0.0,10,8620,买盘
939,10:42:18,8.6,-0.02,17,14620,卖盘
940,10:42:21,8.6,0.0,3,2582,卖盘
941,10:42:33,8.6,0.0,1,860,卖盘
942,10:42:36,8.6,0.0,2,1722,卖盘
943,10:42:40,8.6,0.0,100,86000,卖盘
944,10:42:42,8.6,0.0,16,13760,卖盘
945,10:42:46,8.6,0.0,3,2580,卖盘
946,10:42:51,8.62,0.02,5,4310,买盘
947,10:43:04,8.6,-0.02,16,13762,卖盘
948,10:43:06,8.6,0.0,5,4300,买盘
949,10:43:10,8.6,0.0,3,2580,买盘
950,10:43:15,8.6,0.0,31,26660,买盘
951,10:43:18,8.6,0.0,10,8600,买盘
952,10:43:22,8.59,-0.01,29,24917,卖盘
953,10:43:25,8.59,0.0,22,18898,卖盘
954,10:43:36,8.6,0.01,1,860,买盘
955,10:43:39,8.59,-0.01,25,21477,卖盘
956,10:43:46,8.6,0.01,1,860,买盘
957,10:43:52,8.62,0.02,70,60254,买盘
958,10:43:54,8.59,-0.03,28,24073,卖盘
959,10:44:04,8.62,0.03,1,862,买盘
960,10:44:07,8.62,0.0,1,862,买盘
961,10:44:15,8.6,-0.02,5,4300,卖盘
962,10:44:21,8.62,0.02,1,862,买盘
963,10:44:30,8.59,-0.03,17,14613,卖盘
964,10:44:33,8.6,0.01,2,1720,卖盘
965,10:44:36,8.62,0.02,1,862,买盘
966,10:44:40,8.59,-0.03,23,19762,卖盘
967,10:44:42,8.59,0.0,11,9449,卖盘
968,10:44:55,8.61,0.02,2,1722,买盘
969,10:45:06,8.61,0.0,1,861,买盘
970,10:45:16,8.61,0.0,10,8610,买盘
971,10:45:19,8.6,-0.01,1,860,卖盘
972,10:45:22,8.6,0.0,26,22361,卖盘
973,10:45:24,8.6,0.0,23,19791,卖盘
974,10:45:33,8.6,0.0,5,4300,卖盘
975,10:45:36,8.61,0.01,19,16341,买盘
976,10:45:40,8.6,-0.01,15,12900,卖盘
977,10:45:42,8.6,0.0,8,6880,卖盘
978,10:45:51,8.61,0.01,3,2583,买盘
979,10:46:04,8.6,-0.01,36,30961,卖盘
980,10:46:07,8.6,0.0,21,18063,卖盘
981,10:46:16,8.61,0.01,25,21525,买盘
982,10:46:18,8.62,0.01,59,50852,买盘
983,10:46:22,8.62,0.0,13,11206,买盘
984,10:46:24,8.62,0.0,9,7758,买盘
985,10:46:42,8.61,-0.01,18,15498,卖盘
986,10:46:49,8.62,0.01,3,2586,买盘
987,10:46:52,8.62,0.0,1,862,买盘
988,10:47:04,8.62,0.0,1,862,买盘
989,10:47:07,8.62,0.0,1,862,买盘
990,10:47:19,8.62,0.0,21,18102,买盘
991,10:47:22,8.62,0.0,1,862,买盘
992,10:47:24,8.62,0.0,33,28446,买盘
993,10:47:27,8.6,-0.02,100,86046,卖盘
994,10:47:33,8.61,0.01,4,3444,卖盘
995,10:47:45,8.61,0.0,2,1722,卖盘
996,10:47:48,8.61,0.0,21,18064,买盘
997,10:47:51,8.61,0.0,11,9471,买盘
998,10:47:54,8.6,-0.01,63,54180,卖盘
999,10:48:04,8.6,0.0,2,1721,卖盘
1000,10:48:06,8.61,0.01,1,861,买盘
1001,10:48:09,8.6,-0.01,6,5160,卖盘
1002,10:48:22,8.61,0.01,1,861,买盘
1003,10:48:36,8.6,-0.01,3,2580,卖盘
1004,10:48:51,8.61,0.01,1,861,买盘
1005,10:48:55,8.6,-0.01,28,24080,卖盘
1006,10:48:58,8.6,0.0,9,7740,卖盘
1007,10:49:01,8.61,0.01,29,24969,买盘
1008,10:49:06,8.62,0.01,31,26692,买盘
1009,10:49:09,8.6,-0.02,21,18068,卖盘
1010,10:49:15,8.6,0.0,60,51621,卖盘
1011,10:49:18,8.6,0.0,13,11180,卖盘
1012,10:49:21,8.62,0.02,11,9480,买盘
1013,10:49:24,8.62,0.0,11,9482,买盘
1014,10:49:28,8.59,-0.03,45,38699,卖盘
1015,10:49:33,8.6,0.01,11,9460,买盘
1016,10:49:51,8.63,0.03,1,863,买盘
1017,10:50:00,8.6,-0.03,18,15480,卖盘
1018,10:50:04,8.59,-0.01,12,10318,卖盘
1019,10:50:07,8.63,0.04,1,863,买盘
1020,10:50:09,8.63,0.0,3,2589,买盘
1021,10:50:13,8.59,-0.04,8,6876,卖盘
1022,10:50:18,8.6,0.01,99,85140,买盘
1023,10:50:21,8.6,0.0,23,19780,卖盘
1024,10:50:39,8.62,0.02,11,9482,卖盘
1025,10:50:42,8.62,0.0,4,3448,买盘
1026,10:50:51,8.62,0.0,1,862,买盘
1027,10:51:04,8.62,0.0,4,3448,买盘
1028,10:51:07,8.62,0.0,18,15482,买盘
1029,10:51:09,8.6,-0.02,11,9462,卖盘
1030,10:51:22,8.62,0.02,11,9482,买盘
1031,10:51:24,8.6,-0.02,1,860,卖盘
1032,10:51:30,8.62,0.02,10,8620,买盘
1033,10:51:36,8.62,0.0,1,862,买盘
1034,10:51:54,8.62,0.0,1,862,买盘
1035,10:52:04,8.62,0.0,4,3448,买盘
1036,10:52:12,8.6,-0.02,18,15480,卖盘
1037,10:52:16,8.6,0.0,3,2580,卖盘
1038,10:52:21,8.59,-0.01,533,458120,卖盘
1039,10:52:24,8.59,0.0,58,49822,卖盘
1040,10:52:36,8.62,0.03,1,862,买盘
1041,10:52:51,8.62,0.0,1,862,买盘
1042,10:53:04,8.61,-0.01,1,861,中性盘
1043,10:53:09,8.61,0.0,3,2583,买盘
1044,10:53:12,8.62,0.01,21,18101,买盘
1045,10:53:15,8.59,-0.03,21,18039,卖盘
1046,10:53:18,8.59,0.0,17,14603,卖盘
1047,10:53:21,8.61,0.02,1,861,买盘
1048,10:53:27,8.61,0.0,12,10332,买盘
1049,10:53:30,8.61,0.0,9,7749,买盘
1050,10:53:37,8.61,0.0,1,861,买盘
1051,10:53:40,8.6,-0.01,10,8600,卖盘
1052,10:53:48,8.61,0.01,9,7749,买盘
1053,10:54:04,8.62,0.01,26,22412,买盘
1054,10:54:10,8.62,0.0,14,12068,卖盘
1055,10:54:12,8.61,-0.01,80,68938,卖盘
1056,10:54:16,8.61,0.0,14,12062,卖盘
1057,10:54:22,8.63,0.02,5,4315,买盘
1058,10:54:25,8.61,-0.02,18,15498,卖盘
1059,10:54:28,8.62,0.01,4,3448,买盘
1060,10:54:37,8.62,0.0,1,862,买盘
1061,10:54:42,8.62,0.0,1,862,买盘
1062,10:54:45,8.62,0.0,3,2586,买盘
1063,10:54:49,8.61,-0.01,26,22386,卖盘
1064,10:54:52,8.62,0.01,10,8620,买盘
1065,10:54:58,8.62,0.0,10,8620,买盘
1066,10:55:01,8.62,0.0,4,3448,买盘
1067,10:55:04,8.61,-0.01,2,1723,卖盘
1068,10:55:06,8.62,0.01,5,4310,买盘
1069,10:55:09,8.62,0.0,3,2586,买盘
1070,10:55:19,8.62,0.0,24,20687,买盘
1071,10:55:21,8.63,0.01,12,10345,买盘
1072,10:55:28,8.63,0.0,10,8630,买盘
1073,10:55:31,8.62,-0.01,18,15516,卖盘
1074,10:55:33,8.63,0.01,25,21561,买盘
1075,10:55:37,8.63,0.0,1,863,买盘
1076,10:55:48,8.63,0.0,2,1726,买盘
1077,10:56:04,8.63,0.0,1,863,买盘
1078,10:56:06,8.63,0.0,11,9483,买盘
1079,10:56:09,8.63,0.0,17,14671,买盘
1080,10:56:12,8.63,0.0,3,2589,买盘
1081,10:56:15,8.62,-0.01,10,8620,卖盘
1082,10:56:21,8.63,0.01,1,863,买盘
1083,10:56:36,8.63,0.0,18,15517,买盘
1084,10:56:39,8.62,-0.01,10,8620,卖盘
1085,10:57:09,8.63,0.01,4,3452,买盘
1086,10:57:21,8.63,0.0,1,863,买盘
1087,10:57:24,8.62,-0.01,12,10344,卖盘
1088,10:57:27,8.62,0.0,3,2586,卖盘
1089,10:57:30,8.62,0.0,13,11216,卖盘
1090,10:57:36,8.63,0.01,11,9493,买盘
1091,10:57:43,8.62,-0.01,41,35342,卖盘
1092,10:57:45,8.62,0.0,22,18964,卖盘
1093,10:57:51,8.62,0.0,7,6034,卖盘
1094,10:57:54,8.63,0.01,1,863,买盘
1095,10:57:57,8.63,0.0,22,18986,买盘
1096,10:58:00,8.63,0.0,56,48278,买盘
1097,10:58:04,8.63,0.0,24,20681,买盘
1098,10:58:09,8.63,0.0,1,863,买盘
1099,10:58:15,8.61,-0.02,1,861,卖盘
1100,10:58:18,8.63,0.02,2,1726,买盘
1101,10:58:21,8.63,0.0,1,863,买盘
1102,10:58:33,8.63,0.0,155,133765,买盘
1103,10:58:36,8.61,-0.02,41,35341,卖盘
1104,10:58:48,8.61,0.0,18,15498,卖盘
1105,10:58:51,8.61,0.0,2,1722,卖盘
1106,10:58:54,8.63,0.02,1,863,买盘
1107,10:59:00,8.61,-0.02,1,861,卖盘
1108,10:59:06,8.63,0.02,1,863,买盘
1109,10:59:13,8.63,0.0,3,2589,买盘
1110,10:59:15,8.63,0.0,10,8630,买盘
1111,10:59:19,8.61,-0.02,1,861,卖盘
1112,10:59:25,8.63,0.02,1,863,买盘
1113,10:59:33,8.63,0.0,11,9493,买盘
1114,10:59:36,8.63,0.0,10,8630,买盘
1115,10:59:52,8.63,0.0,1,863,买盘
1116,10:59:55,8.62,-0.01,22,18969,卖盘
1117,10:59:58,8.63,0.01,23,19836,买盘
1118,11:00:00,8.61,-0.02,11,9471,卖盘
1119,11:00:06,8.63,0.02,1,863,买盘
1120,11:00:10,8.63,0.0,3,2589,买盘
1121,11:00:36,8.63,0.0,1,863,买盘
1122,11:00:42,8.63,0.0,10,8630,买盘
1123,11:00:49,8.63,0.0,2,1726,买盘
1124,11:00:52,8.63,0.0,1,863,买盘
1125,11:01:00,8.62,-0.01,18,15516,卖盘
1126,11:01:04,8.62,0.0,11,9482,卖盘
1127,11:01:06,8.63,0.01,10,8615,买盘
1128,11:01:12,8.63,0.0,3,2589,买盘
1129,11:01:16,8.62,-0.01,1,862,卖盘
1130,11:01:34,8.63,0.01,10,8630,买盘
1131,11:01:37,8.63,0.0,1,863,买盘
1132,11:01:39,8.63,0.0,11,9493,买盘
1133,11:01:45,8.63,0.0,1,863,买盘
1134,11:01:52,8.64,0.01,22,19007,买盘
1135,11:01:55,8.64,0.0,4,3456,买盘
1136,11:01:58,8.63,-0.01,3,2589,卖盘
1137,11:02:06,8.62,-0.01,18,15517,卖盘
1138,11:02:13,8.63,0.01,2,1726,买盘
1139,11:02:16,8.63,0.0,1,863,卖盘
1140,11:02:25,8.64,0.01,8,6912,买盘
1141,11:02:31,8.64,0.0,504,435456,买盘
1142,11:02:34,8.64,0.0,10,8640,买盘
1143,11:02:39,8.65,0.01,1,865,买盘
1144,11:02:45,8.64,-0.01,22,19008,卖盘
1145,11:02:48,8.62,-0.02,3,2586,卖盘
1146,11:02:52,8.65,0.03,1,865,买盘
1147,11:02:54,8.65,0.0,11,9515,买盘
1148,11:03:12,8.62,-0.03,22,18979,卖盘
1149,11:03:21,8.64,0.02,1,864,买盘
1150,11:03:36,8.65,0.01,11,9509,买盘
1151,11:03:39,8.63,-0.02,5,4316,卖盘
1152,11:03:43,8.65,0.02,10,8650,买盘
1153,11:03:45,8.64,-0.01,12,10368,卖盘
1154,11:03:51,8.65,0.01,1,865,买盘
1155,11:04:06,8.65,0.0,3,2595,买盘
1156,11:04:15,8.64,-0.01,1,864,卖盘
1157,11:04:18,8.64,0.0,18,15552,卖盘
1158,11:04:25,8.65,0.01,1,865,买盘
1159,11:04:39,8.65,0.0,1,865,买盘
1160,11:04:51,8.65,0.0,1,865,买盘
1161,11:05:00,8.64,-0.01,43,37152,卖盘
1162,11:05:04,8.65,0.01,148,128013,买盘
1163,11:05:06,8.65,0.0,7,6055,卖盘
1164,11:05:09,8.65,0.0,10,8650,卖盘
1165,11:05:21,8.66,0.01,1,866,买盘
1166,11:05:24,8.65,-0.01,17,14705,卖盘
1167,11:05:27,8.66,0.01,8,6928,买盘
1168,11:05:40,8.66,0.0,12,10392,买盘
1169,11:05:46,8.65,-0.01,12,10390,卖盘
1170,11:05:48,8.64,-0.01,5,4323,卖盘
1171,11:05:54,8.66,0.02,10,8655,买盘
1172,11:06:00,8.66,0.0,6,5196,买盘
1173,11:06:09,8.66,0.0,1,866,买盘
1174,11:06:24,8.66,0.0,1,866,买盘
1175,11:06:30,8.63,-0.03,18,15534,卖盘
1176,11:06:37,8.66,0.03,2,1732,买盘
1177,11:06:40,8.66,0.0,3,2598,买盘
1178,11:06:42,8.66,0.0,7,6062,买盘
1179,11:06:46,8.66,0.0,1,866,买盘
1180,11:07:07,8.66,0.0,1,866,买盘
1181,11:07:16,8.66,0.0,22,19052,买盘
1182,11:07:19,8.63,-0.03,3,2595,卖盘
1183,11:07:22,8.66,0.03,5,4330,买盘
1184,11:07:25,8.66,0.0,4,3464,买盘
1185,11:07:27,8.66,0.0,11,9526,买盘
1186,11:07:37,8.63,-0.03,20,17266,卖盘
1187,11:07:39,8.66,0.03,19,16454,买盘
1188,11:07:48,8.66,0.0,10,8660,买盘
1189,11:08:01,8.64,-0.02,3,2592,卖盘
1190,11:08:04,8.64,0.0,13,11232,卖盘
1191,11:08:06,8.66,0.02,4,3464,买盘
1192,11:08:13,8.65,-0.01,6,5194,中性盘
1193,11:08:16,8.65,0.0,1,865,买盘
1194,11:08:19,8.66,0.01,22,19052,买盘
1195,11:08:24,8.66,0.0,1,866,买盘
1196,11:08:30,8.66,0.0,3,2598,买盘
1197,11:08:43,8.63,-0.03,17,14671,卖盘
1198,11:08:51,8.65,0.02,1,865,买盘
1199,11:09:06,8.65,0.0,10,8650,卖盘
1200,11:09:09,8.65,0.0,4,3460,买盘
1201,11:09:12,8.65,0.0,181,156209,买盘
1202,11:09:21,8.65,0.0,1,865,买盘
1203,11:09:39,8.63,-0.02,57,49191,卖盘
1204,11:09:43,8.65,0.02,15,12975,买盘
1205,11:09:48,8.65,0.0,28,24184,买盘
1206,11:09:54,8.65,0.0,1,865,买盘
1207,11:10:04,8.63,-0.02,46,39698,卖盘
1208,11:10:06,8.65,0.02,3,2595,买盘
1209,11:10:09,8.65,0.0,1,865,买盘
1210,11:10:16,8.63,-0.02,1,863,卖盘
1211,11:10:24,8.64,0.01,5,4320,买盘
1212,11:10:51,8.63,-0.01,20,17260,卖盘
1213,11:10:54,8.63,0.0,25,21558,买盘
1214,11:10:57,8.64,0.01,21,18132,买盘
1215,11:11:00,8.62,-0.02,474,408588,卖盘
1216,11:11:03,8.64,0.02,3,2592,买盘
1217,11:11:09,8.64,0.0,1,864,买盘
1218,11:11:18,8.63,-0.01,1,863,买盘
1219,11:11:36,8.62,-0.01,16,13792,卖盘
1220,11:11:39,8.62,0.0,3,2587,卖盘
1221,11:11:45,8.63,0.01,11,9493,买盘
1222,11:11:48,8.63,0.0,15,12940,买盘
1223,11:11:54,8.63,0.0,1,863,买盘
1224,11:11:57,8.63,0.0,10,8630,买盘
1225,11:12:00,8.61,-0.02,18,15508,卖盘
1226,11:12:09,8.63,0.02,5,4315,买盘
1227,11:12:33,8.63,0.0,4,3452,买盘
1228,11:12:36,8.63,0.0,6,5178,买盘
1229,11:12:39,8.63,0.0,1,863,买盘
1230,11:12:54,8.63,0.0,1,863,买盘
1231,11:13:07,8.62,-0.01,18,15516,卖盘
1232,11:13:09,8.63,0.01,1,863,买盘
1233,11:13:13,8.63,0.0,3,2589,买盘
1234,11:13:18,8.62,-0.01,1,862,卖盘
1235,11:13:39,8.62,0.0,15,12931,卖盘
1236,11:13:46,8.63,0.01,70,60410,买盘
1237,11:13:54,8.63,0.0,1,863,买盘
1238,11:14:07,8.63,0.0,7,6041,买盘
1239,11:14:12,8.62,-0.01,17,14654,卖盘
1240,11:14:15,8.61,-0.01,23,19840,卖盘
1241,11:14:21,8.63,0.02,10,8630,买盘
1242,11:14:24,8.63,0.0,8,6890,买盘
1243,11:14:37,8.61,-0.02,113,97293,卖盘
1244,11:14:39,8.63,0.02,6,5168,买盘
1245,11:14:42,8.61,-0.02,2,1722,买盘
1246,11:14:45,8.61,0.0,2,1722,卖盘
1247,11:14:54,8.62,0.01,1,862,买盘
1248,11:15:03,8.61,-0.01,3,2583,卖盘
1249,11:15:12,8.6,-0.01,23,19801,卖盘
1250,11:15:18,8.6,0.0,18,15480,卖盘
1251,11:15:25,8.61,0.01,1,861,买盘
1252,11:15:39,8.61,0.0,1,861,买盘
1253,11:15:45,8.61,0.0,10,8610,买盘
1254,11:15:55,8.61,0.0,1,861,买盘
1255,11:16:04,8.6,-0.01,644,553853,卖盘
1256,11:16:06,8.61,0.01,3,2583,买盘
1257,11:16:15,8.61,0.0,94,80934,买盘
1258,11:16:18,8.61,0.0,12,10331,买盘
1259,11:16:24,8.61,0.0,19,16341,买盘
1260,11:16:27,8.61,0.0,10,8610,买盘
1261,11:16:39,8.61,0.0,1,861,买盘
1262,11:17:01,8.61,0.0,7,6027,买盘
1263,11:17:10,8.61,0.0,4,3444,买盘
1264,11:17:24,8.61,0.0,22,18942,买盘
1265,11:17:27,8.61,0.0,3,2583,买盘
1266,11:17:30,8.6,-0.01,17,14620,卖盘
1267,11:17:39,8.61,0.01,1,861,买盘
1268,11:17:42,8.61,0.0,21,18081,买盘
1269,11:17:54,8.6,-0.01,24,20640,卖盘
1270,11:18:09,8.61,0.01,5,4301,买盘
1271,11:18:12,8.61,0.0,6,5163,买盘
1272,11:18:18,8.61,0.0,12,10332,买盘
1273,11:18:22,8.61,0.0,9,7749,买盘
1274,11:18:24,8.61,0.0,1,861,买盘
1275,11:18:27,8.6,-0.01,636,547304,卖盘
1276,11:18:36,8.6,0.0,18,15480,卖盘
1277,11:18:39,8.61,0.01,1,861,买盘
1278,11:18:48,8.6,-0.01,322,276920,卖盘
1279,11:18:57,8.6,0.0,161,138460,卖盘
1280,11:19:00,8.61,0.01,12,10332,买盘
1281,11:19:06,8.61,0.0,14,12054,买盘
1282,11:19:10,8.61,0.0,1,861,买盘
1283,11:19:13,8.62,0.01,22,18948,买盘
1284,11:19:19,8.59,-0.03,51,43859,卖盘
1285,11:19:21,8.59,0.0,53,45527,卖盘
1286,11:19:24,8.61,0.02,1,861,买盘
1287,11:19:42,8.59,-0.02,17,14616,卖盘
1288,11:19:51,8.61,0.02,8,6888,买盘
1289,11:19:54,8.62,0.01,19,16378,买盘
1290,11:20:06,8.62,0.0,3,2586,买盘
1291,11:20:09,8.62,0.0,1,862,买盘
1292,11:20:18,8.62,0.0,10,8620,买盘
1293,11:20:24,8.62,0.0,1,862,买盘
1294,11:20:36,8.62,0.0,222,191346,买盘
1295,11:20:49,8.62,0.0,18,15522,卖盘
1296,11:20:51,8.62,0.0,6,5172,卖盘
1297,11:20:54,8.64,0.02,1,864,买盘
1298,11:21:04,8.64,0.0,11,9504,买盘
1299,11:21:06,8.64,0.0,14,12096,买盘
1300,11:21:09,8.64,0.0,1,864,买盘
1301,11:21:12,8.63,-0.01,2,1726,卖盘
1302,11:21:15,8.63,0.0,1,863,买盘
1303,11:21:24,8.62,-0.01,3,2587,卖盘
1304,11:21:27,8.62,0.0,33,28449,卖盘
1305,11:21:30,8.62,0.0,1,552,卖盘
1306,11:21:33,8.62,0.0,204,175848,卖盘
1307,11:21:54,8.62,0.0,19,16379,卖盘
1308,11:22:06,8.62,0.0,33,28449,卖盘
1309,11:22:09,8.63,0.01,1,863,买盘
1310,11:22:18,8.62,-0.01,1,862,卖盘
1311,11:22:39,8.63,0.01,13,11219,买盘
1312,11:22:54,8.63,0.0,1,863,买盘
1313,11:23:00,8.62,-0.01,28,24147,卖盘
1314,11:23:12,8.63,0.01,12,10356,买盘
1315,11:23:16,8.63,0.0,4,3452,买盘
1316,11:23:27,8.62,-0.01,23,19826,卖盘
1317,11:23:39,8.63,0.01,1,863,买盘
1318,11:23:54,8.63,0.0,1,863,买盘
1319,11:24:06,8.62,-0.01,18,15516,卖盘
1320,11:24:10,8.63,0.01,1,863,买盘
1321,11:24:15,8.63,0.0,3,2589,买盘
1322,11:24:24,8.62,-0.01,20,17240,卖盘
1323,11:24:30,8.62,0.0,31,26722,买盘
1324,11:24:33,8.62,0.0,18,15516,买盘
1325,11:24:39,8.63,0.01,1,863,买盘
1326,11:24:54,8.63,0.0,1,863,买盘
1327,11:24:57,8.63,0.0,3,2589,买盘
1328,11:25:00,8.63,0.0,1,863,买盘
1329,11:25:03,8.62,-0.01,5,4310,卖盘
1330,11:25:06,8.63,0.01,3,2589,买盘
1331,11:25:09,8.63,0.0,11,9493,买盘
1332,11:25:12,8.62,-0.01,18,15516,卖盘
1333,11:25:15,8.62,0.0,12,10355,卖盘
1334,11:25:24,8.63,0.01,1,863,买盘
1335,11:25:27,8.61,-0.02,23,19813,卖盘
1336,11:25:39,8.63,0.02,1,863,买盘
1337,11:25:49,8.63,0.0,4,3452,买盘
1338,11:25:54,8.63,0.0,1,863,买盘
1339,11:26:06,8.63,0.0,3,2589,买盘
1340,11:26:12,8.64,0.01,21,18143,买盘
1341,11:26:15,8.64,0.0,21,18143,买盘
1342,11:26:18,8.61,-0.03,17,14650,卖盘
1343,11:26:24,8.64,0.03,1,864,买盘
1344,11:26:39,8.64,0.0,1,864,买盘
1345,11:26:45,8.64,0.0,10,8640,买盘
1346,11:26:57,8.64,0.0,1,864,买盘
1347,11:27:09,8.64,0.0,3,2592,买盘
1348,11:27:15,8.64,0.0,11,9504,买盘
1349,11:27:18,8.64,0.0,11,9504,买盘
1350,11:27:24,8.64,0.0,19,16368,买盘
1351,11:27:39,8.63,-0.01,4,3452,买盘
1352,11:27:42,8.64,0.01,4,3456,买盘
1353,11:27:45,8.61,-0.03,2,1724,卖盘
1354,11:27:48,8.64,0.03,4,3456,买盘
1355,11:27:51,8.64,0.0,4,3456,买盘
1356,11:28:09,8.64,0.0,1,864,买盘
1357,11:28:12,8.64,0.0,4,3456,买盘
1358,11:28:24,8.64,0.0,1,864,买盘
1359,11:28:27,8.64,0.0,4,3456,买盘
1360,11:28:30,8.62,-0.02,17,14654,卖盘
1361,11:28:33,8.64,0.02,6,5184,买盘
1362,11:28:39,8.64,0.0,1,864,买盘
1363,11:28:46,8.64,0.0,10,8640,买盘
1364,11:28:48,8.62,-0.02,1,862,卖盘
1365,11:28:57,8.65,0.03,21,18164,买盘
1366,11:29:12,8.64,-0.01,4,3456,买盘
1367,11:29:18,8.64,0.0,12,10368,买盘
1368,11:29:21,8.64,0.0,10,8640,买盘
1369,11:29:25,8.64,0.0,1,864,买盘
1370,11:29:36,8.62,-0.02,18,15516,卖盘
1371,11:29:42,8.64,0.02,7,6048,买盘
1372,13:00:01,8.64,0.0,1,864,买盘
1373,13:00:04,8.64,0.0,92,79488,买盘
1374,13:00:09,8.64,0.0,21,18144,买盘
1375,13:00:12,8.64,0.0,1,864,买盘
1376,13:00:15,8.64,0.0,4,3456,买盘
1377,13:00:21,8.63,-0.01,1,863,卖盘
1378,13:00:27,8.63,0.0,3,2590,卖盘
1379,13:00:36,8.63,0.0,12,10356,卖盘
1380,13:00:39,8.64,0.01,7,6048,买盘
1381,13:00:42,8.61,-0.03,18,15508,卖盘
1382,13:01:09,8.63,0.02,1,863,买盘
1383,13:01:12,8.63,0.0,3,2589,买盘
1384,13:01:21,8.64,0.01,11,9497,买盘
1385,13:01:24,8.62,-0.02,2,1724,卖盘
1386,13:01:27,8.64,0.02,10,8640,买盘
1387,13:01:30,8.64,0.0,11,9504,买盘
1388,13:01:36,8.64,0.0,1,864,买盘
1389,13:01:39,8.64,0.0,1,864,买盘
1390,13:01:48,8.62,-0.02,18,15518,卖盘
1391,13:01:51,8.62,0.0,3,2586,卖盘
1392,13:01:54,8.64,0.02,2,1728,买盘
1393,13:02:00,8.61,-0.03,7,6032,卖盘
1394,13:02:09,8.64,0.03,1,864,买盘
1395,13:02:15,8.64,0.0,1,864,买盘
1396,13:02:18,8.64,0.0,1,864,买盘
1397,13:02:21,8.64,0.0,1,864,买盘
1398,13:02:24,8.64,0.0,1,864,买盘
1399,13:02:27,8.61,-0.03,133,114513,卖盘
1400,13:02:30,8.61,0.0,25,21537,卖盘
1401,13:02:34,8.61,0.0,18,15498,卖盘
1402,13:02:43,8.64,0.03,1,864,买盘
1403,13:02:54,8.64,0.0,19,16364,买盘
1404,13:03:04,8.64,0.0,1,864,买盘
1405,13:03:06,8.64,0.0,2,1725,买盘
1406,13:03:09,8.64,0.0,1,864,买盘
1407,13:03:12,8.64,0.0,1,864,买盘
1408,13:03:18,8.64,0.0,1,864,买盘
1409,13:03:21,8.64,0.0,1,864,买盘
1410,13:03:27,8.64,0.0,1,864,买盘
1411,13:03:30,8.64,0.0,13,11232,买盘
1412,13:03:33,8.64,0.0,51,44064,买盘
1413,13:03:54,8.64,0.0,1,864,买盘
1414,13:03:57,8.64,0.0,1,864,买盘
1415,13:04:00,8.61,-0.03,17,14637,卖盘
1416,13:04:04,8.64,0.03,1,864,买盘
1417,13:04:12,8.64,0.0,2,1728,买盘
1418,13:04:18,8.64,0.0,1,864,买盘
1419,13:04:21,8.64,0.0,10,8640,买盘
1420,13:04:33,8.64,0.0,6,5182,买盘
1421,13:04:36,8.61,-0.03,8,6892,卖盘
1422,13:04:39,8.64,0.03,1,864,买盘
1423,13:04:42,8.64,0.0,1,864,买盘
1424,13:04:54,8.64,0.0,1,864,买盘
1425,13:04:57,8.64,0.0,1,864,买盘
1426,13:05:06,8.61,-0.03,18,15515,卖盘
1427,13:05:12,8.64,0.03,22,19007,买盘
1428,13:05:15,8.61,-0.03,26,22457,卖盘
1429,13:05:18,8.64,0.03,42,36282,买盘
1430,13:05:21,8.64,0.0,2,1728,买盘
1431,13:05:27,8.64,0.0,11,9504,买盘
1432,13:05:36,8.64,0.0,10,8640,买盘
1433,13:05:39,8.64,0.0,1,864,买盘
1434,13:05:42,8.64,0.0,1,864,买盘
1435,13:05:48,8.61,-0.03,2,1725,卖盘
1436,13:05:57,8.64,0.03,1,864,买盘
1437,13:06:00,8.62,-0.02,5,4310,卖盘
1438,13:06:07,8.62,0.0,1,862,卖盘
1439,13:06:12,8.61,-0.01,40,34466,卖盘
1440,13:06:15,8.64,0.03,3,2591,买盘
1441,13:06:30,8.64,0.0,2,1728,买盘
1442,13:06:33,8.64,0.0,1,864,买盘
1443,13:06:42,8.64,0.0,1,864,买盘
1444,13:06:45,8.63,-0.01,2,1726,卖盘
1445,13:06:51,8.64,0.01,1,864,买盘
1446,13:06:54,8.63,-0.01,1,863,卖盘
1447,13:06:57,8.64,0.01,1,864,买盘
1448,13:07:09,8.64,0.0,4,3456,买盘
1449,13:07:15,8.63,-0.01,8,6904,卖盘
1450,13:07:18,8.63,0.0,17,14671,卖盘
1451,13:07:27,8.64,0.01,1,864,买盘
1452,13:07:33,8.64,0.0,16,13813,买盘
1453,13:07:39,8.64,0.0,10,8640,买盘
1454,13:07:42,8.64,0.0,1,864,买盘
1455,13:07:45,8.64,0.0,1,864,买盘
1456,13:07:57,8.64,0.0,1,864,买盘
1457,13:08:06,8.64,0.0,2,1728,买盘
1458,13:08:18,8.64,0.0,2,1728,买盘
1459,13:08:21,8.61,-0.03,10,8610,卖盘
1460,13:08:24,8.61,0.0,5,4305,卖盘
1461,13:08:27,8.63,0.02,1,863,中性盘
1462,13:08:36,8.63,0.0,9,7767,买盘
1463,13:08:42,8.63,0.0,1,863,买盘
1464,13:08:57,8.63,0.0,1,863,买盘
1465,13:09:07,8.63,0.0,5,4313,买盘
1466,13:09:10,8.61,-0.02,1,861,卖盘
1467,13:09:27,8.63,0.02,1,863,买盘
1468,13:09:39,8.63,0.0,10,8630,买盘
1469,13:09:42,8.63,0.0,1,863,买盘
1470,13:09:45,8.63,0.0,1,863,买盘
1471,13:09:48,8.63,0.0,12,10356,买盘
1472,13:09:57,8.63,0.0,6,5178,买盘
1473,13:10:01,8.63,0.0,2,1726,买盘
1474,13:10:04,8.63,0.0,32,27638,卖盘
1475,13:10:07,8.64,0.01,15,12948,买盘
1476,13:10:09,8.64,0.0,1,864,买盘
1477,13:10:13,8.64,0.0,1,864,买盘
1478,13:10:19,8.64,0.0,2,1728,买盘
1479,13:10:27,8.64,0.0,1,864,买盘
1480,13:10:30,8.64,0.0,6,5184,买盘
1481,13:10:43,8.64,0.0,1,864,买盘
1482,13:11:13,8.63,-0.01,5,4319,卖盘
1483,13:11:18,8.64,0.01,7,6048,买盘
1484,13:11:27,8.64,0.0,1,864,买盘
1485,13:11:42,8.64,0.0,1,864,买盘
1486,13:11:45,8.64,0.0,12,10368,买盘
1487,13:11:55,8.64,0.0,10,8640,买盘
1488,13:12:00,8.64,0.0,22,19008,买盘
1489,13:12:04,8.63,-0.01,10,8630,卖盘
1490,13:12:07,8.63,0.0,1,863,卖盘
1491,13:12:10,8.64,0.01,3,2592,买盘
1492,13:12:12,8.64,0.0,1,864,买盘
1493,13:12:21,8.64,0.0,10,8640,买盘
1494,13:12:27,8.64,0.0,7,6048,买盘
1495,13:12:42,8.63,-0.01,33,28479,卖盘
1496,13:12:45,8.63,0.0,4,3452,买盘
1497,13:12:51,8.63,0.0,5,4315,买盘
1498,13:12:58,8.64,0.01,1,864,买盘
1499,13:13:12,8.64,0.0,4,3456,买盘
1500,13:13:27,8.64,0.0,1,864,买盘
1501,13:13:39,8.63,-0.01,10,8630,卖盘
1502,13:13:45,8.64,0.01,10,8640,买盘
1503,13:13:48,8.64,0.0,10,8640,买盘
1504,13:13:55,8.64,0.0,6,5184,买盘
1505,13:13:57,8.64,0.0,1,864,买盘
1506,13:14:00,8.64,0.0,25,21587,买盘
1507,13:14:13,8.64,0.0,1,864,买盘
1508,13:14:16,8.64,0.0,6,5184,买盘
1509,13:14:27,8.64,0.0,14,12096,买盘
1510,13:14:54,8.63,-0.01,17,14681,卖盘
1511,13:14:58,8.64,0.01,1,864,买盘
1512,13:15:04,8.64,0.0,2,1728,买盘
1513,13:15:07,8.64,0.0,4,3455,买盘
1514,13:15:10,8.64,0.0,6,5184,买盘
1515,13:15:12,8.64,0.0,27,23328,买盘
1516,13:15:33,8.63,-0.01,30,25890,卖盘
1517,13:15:37,8.63,0.0,8,6904,买盘
1518,13:15:39,8.64,0.01,10,8640,买盘
1519,13:15:42,8.63,-0.01,8,6905,卖盘
1520,13:15:46,8.63,0.0,1,863,卖盘
1521,13:15:51,8.64,0.01,11,9504,买盘
1522,13:15:57,8.64,0.0,12,10368,买盘
1523,13:16:00,8.63,-0.01,3,2589,卖盘
1524,13:16:12,8.64,0.01,1,864,买盘
1525,13:16:16,8.64,0.0,4,3456,买盘
1526,13:16:18,8.64,0.0,1,864,买盘
1527,13:16:21,8.64,0.0,1,864,买盘
1528,13:16:33,8.63,-0.01,6,5178,卖盘
1529,13:16:42,8.64,0.01,1,864,买盘
1530,13:16:48,8.64,0.0,5,4320,买盘
1531,13:16:51,8.64,0.0,3,2592,买盘
1532,13:16:54,8.64,0.0,2,1728,买盘
1533,13:16:57,8.64,0.0,1,864,买盘
1534,13:17:07,8.64,0.0,2,1728,买盘
1535,13:17:12,8.64,0.0,10,8640,买盘
1536,13:17:15,8.64,0.0,6,5184,买盘
1537,13:17:21,8.65,0.01,11,9509,买盘
1538,13:17:30,8.65,0.0,20,17300,买盘
1539,13:17:42,8.65,0.0,1,865,买盘
1540,13:17:48,8.65,0.0,11,9515,买盘
1541,13:17:54,8.65,0.0,12,10380,买盘
1542,13:17:57,8.65,0.0,1,865,买盘
1543,13:18:00,8.65,0.0,10,8650,买盘
1544,13:18:09,8.64,-0.01,1,864,卖盘
1545,13:18:13,8.64,0.0,1,864,卖盘
1546,13:18:28,8.65,0.01,2,1730,买盘
1547,13:18:30,8.65,0.0,14,12110,买盘
1548,13:18:33,8.65,0.0,13,11245,买盘
1549,13:18:42,8.65,0.0,5,4321,买盘
1550,13:18:48,8.63,-0.02,6,5183,卖盘
1551,13:18:57,8.65,0.02,76,65724,买盘
1552,13:19:00,8.65,0.0,13,11245,卖盘
1553,13:19:04,8.65,0.0,2,1730,买盘
1554,13:19:06,8.65,0.0,20,17300,卖盘
1555,13:19:18,8.63,-0.02,4,3452,卖盘
1556,13:19:24,8.65,0.02,12,10380,买盘
1557,13:19:28,8.63,-0.02,2,1728,卖盘
1558,13:19:31,8.65,0.02,2,1730,买盘
1559,13:19:42,8.65,0.0,1,865,买盘
1560,13:19:46,8.63,-0.02,1,863,卖盘
1561,13:19:57,8.65,0.02,13,11245,买盘
1562,13:20:06,8.63,-0.02,5,4315,卖盘
1563,13:20:09,8.65,0.02,10,8650,买盘
1564,13:20:12,8.63,-0.02,14,12106,卖盘
1565,13:20:27,8.65,0.02,1,865,买盘
1566,13:20:30,8.65,0.0,2,1730,买盘
1567,13:20:39,8.63,-0.02,2,1726,卖盘
1568,13:20:42,8.65,0.02,1,865,买盘
1569,13:20:49,8.65,0.0,4,3460,买盘
1570,13:21:10,8.63,-0.02,1,863,卖盘
1571,13:21:13,8.65,0.02,1,865,买盘
1572,13:21:16,8.63,-0.02,25,21605,卖盘
1573,13:21:18,8.63,0.0,4,3452,卖盘
1574,13:21:24,8.65,0.02,8,6920,买盘
1575,13:21:28,8.65,0.0,11,9515,买盘
1576,13:21:30,8.63,-0.02,11,9493,卖盘
1577,13:21:42,8.65,0.02,1,865,买盘
1578,13:21:45,8.62,-0.03,7,6040,卖盘
1579,13:21:48,8.62,0.0,11,9482,卖盘
1580,13:21:57,8.64,0.02,12,10368,买盘
1581,13:22:00,8.62,-0.02,12,10344,卖盘
1582,13:22:03,8.62,0.0,20,17262,卖盘
1583,13:22:06,8.64,0.02,6,5184,买盘
1584,13:22:12,8.64,0.0,11,9504,买盘
1585,13:22:15,8.62,-0.02,11,9485,卖盘
1586,13:22:18,8.62,0.0,9,7758,卖盘
1587,13:22:27,8.62,0.0,65,56030,卖盘
1588,13:22:30,8.61,-0.01,37,31857,卖盘
1589,13:22:33,8.61,0.0,3,2583,卖盘
1590,13:22:42,8.62,0.01,1,862,买盘
1591,13:22:48,8.62,0.0,11,9482,买盘
1592,13:22:52,8.62,0.0,30,25860,买盘
1593,13:22:54,8.61,-0.01,12,10332,卖盘
1594,13:23:12,8.62,0.01,1,862,买盘
1595,13:23:15,8.61,-0.01,1,861,卖盘
1596,13:23:18,8.62,0.01,3,2586,买盘
1597,13:23:27,8.62,0.0,7,6028,买盘
1598,13:23:30,8.61,-0.01,2,1722,卖盘
1599,13:23:36,8.62,0.01,11,9482,买盘
1600,13:23:54,8.62,0.0,3,2586,买盘
1601,13:23:57,8.62,0.0,1,862,买盘
1602,13:24:09,8.61,-0.01,1,861,卖盘
1603,13:24:12,8.62,0.01,12,10344,买盘
1604,13:24:15,8.61,-0.01,5,4305,卖盘
1605,13:24:18,8.62,0.01,11,9482,买盘
1606,13:24:21,8.61,-0.01,13,11204,卖盘
1607,13:24:27,8.62,0.01,42,36204,买盘
1608,13:24:30,8.61,-0.01,42,36162,卖盘
1609,13:24:33,8.6,-0.01,31,26666,卖盘
1610,13:24:36,8.6,0.0,10,8600,卖盘
1611,13:24:54,8.62,0.02,4,3448,买盘
1612,13:24:57,8.62,0.0,1,862,买盘
1613,13:25:12,8.62,0.0,1,862,买盘
1614,13:25:18,8.62,0.0,13,11206,买盘
1615,13:25:21,8.61,-0.01,2,1722,卖盘
1616,13:25:27,8.62,0.01,1,862,买盘
1617,13:25:45,8.62,0.0,10,8620,买盘
1618,13:25:48,8.61,-0.01,12,10332,卖盘
1619,13:26:00,8.62,0.01,1,862,买盘
1620,13:26:04,8.61,-0.01,45,38745,卖盘
1621,13:26:07,8.6,-0.01,31,26671,卖盘
1622,13:26:09,8.6,0.0,25,21511,卖盘
1623,13:26:12,8.6,0.0,8,6880,卖盘
1624,13:26:15,8.6,0.0,5,4301,卖盘
1625,13:26:18,8.61,0.01,11,9471,买盘
1626,13:26:21,8.6,-0.01,4,3440,卖盘
1627,13:26:24,8.6,0.0,8,6880,卖盘
1628,13:26:42,8.61,0.01,1,861,买盘
1629,13:26:48,8.61,0.0,100,86100,买盘
1630,13:26:51,8.6,-0.01,17,14620,卖盘
1631,13:26:54,8.6,0.0,17,14632,卖盘
1632,13:27:00,8.61,0.01,1,861,买盘
1633,13:27:03,8.6,-0.01,10,8600,卖盘
1634,13:27:10,8.6,0.0,1,860,卖盘
1635,13:27:13,8.6,0.0,5,4300,卖盘
1636,13:27:16,8.61,0.01,1,861,买盘
1637,13:27:27,8.61,0.0,16,13762,买盘
1638,13:27:30,8.6,-0.01,2,1720,卖盘
1639,13:27:45,8.61,0.01,1,861,买盘
1640,13:27:51,8.61,0.0,13,11193,买盘
1641,13:27:54,8.6,-0.01,10,8600,卖盘
1642,13:27:57,8.61,0.01,1,861,买盘
1643,13:28:15,8.61,0.0,14,12053,买盘
1644,13:28:18,8.6,-0.01,2,1720,卖盘
1645,13:28:27,8.61,0.01,10,8610,买盘
1646,13:28:30,8.6,-0.01,3,2580,卖盘
1647,13:28:36,8.61,0.01,11,9471,买盘
1648,13:28:39,8.6,-0.01,10,8600,卖盘
1649,13:28:42,8.6,0.0,11,9460,卖盘
1650,13:28:45,8.61,0.01,1,861,买盘
1651,13:28:48,8.6,-0.01,2,1720,卖盘
1652,13:28:57,8.61,0.01,31,26661,买盘
1653,13:29:00,8.6,-0.01,21,18060,卖盘
1654,13:29:04,8.6,0.0,10,8600,卖盘
1655,13:29:12,8.61,0.01,1,861,买盘
1656,13:29:15,8.6,-0.01,5,4300,卖盘
1657,13:29:21,8.6,0.0,20,17200,卖盘
1658,13:29:24,8.6,0.0,9,7740,卖盘
1659,13:29:27,8.61,0.01,12,10332,买盘
1660,13:29:30,8.61,0.0,4,3444,买盘
1661,13:29:45,8.61,0.0,1,861,买盘
1662,13:29:48,8.6,-0.01,10,8600,卖盘
1663,13:29:57,8.61,0.01,1,861,买盘
1664,13:30:04,8.61,0.0,9,7749,买盘
1665,13:30:09,8.6,-0.01,1,860,卖盘
1666,13:30:12,8.6,0.0,1,860,卖盘
1667,13:30:15,8.61,0.01,11,9471,买盘
1668,13:30:21,8.61,0.0,11,9471,买盘
1669,13:30:27,8.61,0.0,14,12054,买盘
1670,13:30:30,8.6,-0.01,3,2580,卖盘
1671,13:30:45,8.61,0.01,1,861,买盘
1672,13:31:00,8.61,0.0,1,861,买盘
1673,13:31:07,8.61,0.0,12,10332,买盘
1674,13:31:10,8.6,-0.01,8,6880,卖盘
1675,13:31:12,8.6,0.0,55,47300,卖盘
1676,13:31:15,8.6,0.0,11,9460,卖盘
1677,13:31:31,8.61,0.01,1,861,买盘
1678,13:31:36,8.6,-0.01,1,860,卖盘
1679,13:31:45,8.61,0.01,1,861,买盘
1680,13:31:51,8.61,0.0,13,11193,买盘
1681,13:31:54,8.6,-0.01,2,1720,卖盘
1682,13:32:00,8.61,0.01,4,3444,买盘
1683,13:32:06,8.6,-0.01,6,5160,卖盘
1684,13:32:09,8.61,0.01,4,3444,买盘
1685,13:32:15,8.61,0.0,2,1722,买盘
1686,13:32:28,8.61,0.0,11,9471,买盘
1687,13:32:30,8.61,0.0,1,861,买盘
1688,13:32:33,8.6,-0.01,13,11191,卖盘
1689,13:32:36,8.6,0.0,14,12051,卖盘
1690,13:32:39,8.61,0.01,8,6888,买盘
1691,13:32:42,8.6,-0.01,11,9460,卖盘
1692,13:32:45,8.61,0.01,2,1722,买盘
1693,13:33:12,8.61,0.0,2,1722,买盘
1694,13:33:16,8.6,-0.01,6,5161,卖盘
1695,13:33:27,8.61,0.01,1,861,买盘
1696,13:33:30,8.61,0.0,2,1722,买盘
1697,13:33:33,8.61,0.0,13,11193,买盘
1698,13:33:37,8.6,-0.01,2,1720,卖盘
1699,13:33:39,8.61,0.01,2,1722,买盘
1700,13:33:45,8.61,0.0,1,861,买盘
1701,13:34:04,8.61,0.0,5,4305,买盘
1702,13:34:12,8.61,0.0,1,861,买盘
1703,13:34:16,8.61,0.0,3,2583,买盘
1704,13:34:18,8.61,0.0,30,25811,买盘
1705,13:34:22,8.6,-0.01,20,17210,卖盘
1706,13:34:25,8.6,0.0,8,6885,卖盘
1707,13:34:28,8.6,0.0,3,2580,卖盘
1708,13:34:31,8.61,0.01,26,22372,买盘
1709,13:34:33,8.6,-0.01,5,4301,卖盘
1710,13:34:36,8.6,0.0,35,30111,卖盘
1711,13:34:40,8.61,0.01,5,4305,买盘
1712,13:34:58,8.61,0.0,1,861,买盘
1713,13:35:00,8.61,0.0,12,10332,买盘
1714,13:35:07,8.61,0.0,25,21525,买盘
1715,13:35:09,8.6,-0.01,16,13774,卖盘
1716,13:35:13,8.6,0.0,281,241660,卖盘
1717,13:35:16,8.59,-0.01,26,22335,卖盘
1718,13:35:21,8.59,0.0,34,29206,卖盘
1719,13:35:24,8.6,0.01,6,5160,买盘
1720,13:35:28,8.62,0.02,2,1722,买盘
1721,13:35:31,8.6,-0.02,20,17200,卖盘
1722,13:35:48,8.6,0.0,7,6020,卖盘
1723,13:35:52,8.6,0.0,1,860,卖盘
1724,13:35:54,8.62,0.02,11,9473,买盘
1725,13:35:57,8.62,0.0,1,862,买盘
1726,13:36:15,8.62,0.0,1,862,买盘
1727,13:36:27,8.62,0.0,1,862,买盘
1728,13:36:33,8.61,-0.01,1,861,卖盘
1729,13:36:36,8.62,0.01,11,9482,买盘
1730,13:36:40,8.63,0.01,22,18979,买盘
1731,13:36:46,8.63,0.0,1,863,买盘
1732,13:36:58,8.63,0.0,1,863,买盘
1733,13:37:00,8.63,0.0,42,36246,买盘
1734,13:37:04,8.6,-0.03,31,26666,卖盘
1735,13:37:16,8.62,0.02,2,1724,买盘
1736,13:37:36,8.6,-0.02,11,9460,卖盘
1737,13:37:39,8.6,0.0,8,6880,卖盘
1738,13:37:42,8.63,0.03,15,12938,买盘
1739,13:37:45,8.59,-0.04,21,18051,卖盘
1740,13:37:57,8.6,0.01,10,8600,买盘
1741,13:38:00,8.6,0.0,1,860,买盘
1742,13:38:04,8.6,0.0,17,14620,买盘
1743,13:38:07,8.6,0.0,43,36980,买盘
1744,13:38:15,8.63,0.03,1,863,买盘
1745,13:38:36,8.63,0.0,21,18123,买盘
1746,13:38:39,8.6,-0.03,11,9460,卖盘
1747,13:38:42,8.63,0.03,24,20712,买盘
1748,13:38:45,8.62,-0.01,1,862,买盘
1749,13:39:00,8.62,0.0,1,862,买盘
1750,13:39:07,8.59,-0.03,4,3436,卖盘
1751,13:39:15,8.62,0.03,36,30975,买盘
1752,13:39:45,8.62,0.0,1,862,买盘
1753,13:39:51,8.62,0.0,15,12930,买盘
1754,13:40:00,8.62,0.0,1,862,买盘
1755,13:40:12,8.61,-0.01,4,3444,卖盘
1756,13:40:15,8.61,0.0,2,1722,卖盘
1757,13:40:19,8.61,0.0,10,8605,买盘
1758,13:40:30,8.61,0.0,4,3442,买盘
1759,13:40:33,8.61,0.0,6,5166,买盘
1760,13:40:36,8.62,0.01,24,20688,买盘
1761,13:40:39,8.62,0.0,21,18102,买盘
1762,13:40:42,8.61,-0.01,3,2583,卖盘
1763,13:40:46,8.62,0.01,1,862,买盘
1764,13:40:48,8.62,0.0,10,8620,买盘
1765,13:41:01,8.62,0.0,1,862,买盘
1766,13:41:12,8.6,-0.02,267,229620,卖盘
1767,13:41:15,8.59,-0.01,42,36118,卖盘
1768,13:41:21,8.62,0.03,11,9482,买盘
1769,13:41:28,8.59,-0.03,266,228494,卖盘
1770,13:41:31,8.62,0.03,1,862,买盘
1771,13:41:37,8.59,-0.03,7,6025,卖盘
1772,13:41:40,8.59,0.0,1,859,卖盘
1773,13:41:45,8.62,0.03,1,862,买盘
1774,13:42:01,8.62,0.0,1,862,买盘
1775,13:42:04,8.62,0.0,70,60340,买盘
1776,13:42:07,8.59,-0.03,11,9451,卖盘
1777,13:42:10,8.62,0.03,11,9482,买盘
1778,13:42:31,8.62,0.0,1,862,买盘
1779,13:42:33,8.6,-0.02,1,860,卖盘
1780,13:42:40,8.62,0.02,12,10344,买盘
1781,13:42:45,8.61,-0.01,2,1722,买盘
1782,13:42:48,8.61,0.0,1,861,买盘
1783,13:42:51,8.61,0.0,11,9471,买盘
1784,13:42:54,8.61,0.0,21,18081,买盘
1785,13:42:57,8.59,-0.02,10,8599,卖盘
1786,13:43:01,8.61,0.02,5,4305,买盘
1787,13:43:15,8.62,0.01,1,862,买盘
1788,13:43:30,8.62,0.0,3,2584,买盘
1789,13:43:37,8.61,-0.01,3,2583,卖盘
1790,13:43:42,8.62,0.01,11,9482,买盘
1791,13:43:45,8.62,0.0,1,862,买盘
1792,13:43:49,8.62,0.0,21,18102,买盘
1793,13:44:15,8.62,0.0,1,862,买盘
1794,13:44:24,8.6,-0.02,1,860,卖盘
1795,13:44:30,8.62,0.02,12,10344,买盘
1796,13:44:40,8.62,0.0,12,10344,买盘
1797,13:44:42,8.6,-0.02,1,860,卖盘
1798,13:44:45,8.62,0.02,1,862,买盘
1799,13:44:48,8.62,0.0,10,8620,买盘
1800,13:44:58,8.62,0.0,1,862,买盘
1801,13:45:10,8.6,-0.02,20,17200,卖盘
1802,13:45:15,8.62,0.02,12,10342,买盘
1803,13:45:21,8.62,0.0,30,25860,买盘
1804,13:45:25,8.59,-0.03,17,14617,卖盘
1805,13:45:30,8.62,0.03,1,862,买盘
1806,13:46:01,8.62,0.0,1,862,买盘
1807,13:46:07,8.62,0.0,12,10344,买盘
1808,13:46:13,8.62,0.0,1,862,买盘
1809,13:46:15,8.62,0.0,1,862,买盘
1810,13:46:18,8.62,0.0,1,862,买盘
1811,13:46:21,8.62,0.0,1,862,买盘
1812,13:46:27,8.61,-0.01,2,1722,卖盘
1813,13:46:30,8.62,0.01,2,1724,买盘
1814,13:46:39,8.62,0.0,1,862,买盘
1815,13:46:43,8.61,-0.01,2,1723,卖盘
1816,13:46:45,8.62,0.01,12,10344,买盘
1817,13:46:51,8.62,0.0,11,9482,买盘
1818,13:46:55,8.6,-0.02,20,17205,卖盘
1819,13:46:58,8.62,0.02,11,9482,买盘
1820,13:47:01,8.62,0.0,1,862,买盘
1821,13:47:12,8.62,0.0,9,7758,买盘
1822,13:47:15,8.6,-0.02,10,8600,卖盘
1823,13:47:19,8.62,0.02,9,7742,买盘
1824,13:47:22,8.62,0.0,1,862,买盘
1825,13:47:27,8.6,-0.02,2,1720,卖盘
1826,13:47:30,8.62,0.02,1,862,买盘
1827,13:47:33,8.62,0.0,1,862,买盘
1828,13:47:36,8.6,-0.02,12,10320,卖盘
1829,13:47:39,8.61,0.01,16,13787,买盘
1830,13:47:42,8.61,0.0,1,861,买盘
1831,13:47:45,8.61,0.0,1,861,卖盘
1832,13:47:52,8.62,0.01,1,862,买盘
1833,13:47:58,8.62,0.0,1,862,买盘
1834,13:48:01,8.62,0.0,1,862,买盘
1835,13:48:06,8.63,0.01,1,863,买盘
1836,13:48:10,8.63,0.0,5,4311,买盘
1837,13:48:15,8.63,0.0,1,863,买盘
1838,13:48:18,8.61,-0.02,3,2583,卖盘
1839,13:48:21,8.6,-0.01,10,8601,卖盘
1840,13:48:24,8.62,0.02,11,9482,买盘
1841,13:48:27,8.6,-0.02,2,1720,卖盘
1842,13:48:31,8.6,0.0,1,860,卖盘
1843,13:48:42,8.62,0.02,1,862,买盘
1844,13:48:45,8.62,0.0,1,862,买盘
1845,13:48:55,8.62,0.0,11,9482,买盘
1846,13:48:58,8.62,0.0,12,10344,买盘
1847,13:49:01,8.62,0.0,1,862,买盘
1848,13:49:15,8.62,0.0,1,862,买盘
1849,13:49:22,8.62,0.0,13,11206,买盘
1850,13:49:25,8.61,-0.01,1,861,卖盘
1851,13:49:42,8.61,0.0,1,861,卖盘
1852,13:49:45,8.61,0.0,1,861,买盘
1853,13:50:00,8.61,0.0,1,861,买盘
1854,13:50:06,8.61,0.0,11,9471,买盘
1855,13:50:12,8.6,-0.01,51,43860,卖盘
1856,13:50:15,8.6,0.0,4,3440,买盘
1857,13:50:24,8.62,0.02,1,862,买盘
1858,13:50:33,8.6,-0.02,2,1720,卖盘
1859,13:50:45,8.61,0.01,1,861,买盘
1860,13:50:57,8.6,-0.01,11,9460,卖盘
1861,13:51:00,8.61,0.01,12,10336,买盘
1862,13:51:04,8.62,0.01,24,20688,买盘
1863,13:51:06,8.59,-0.03,3,2579,卖盘
1864,13:51:31,8.62,0.03,1,862,买盘
1865,13:51:34,8.6,-0.02,1,860,卖盘
1866,13:51:45,8.62,0.02,1,862,买盘
1867,13:51:48,8.6,-0.02,3,2580,卖盘
1868,13:51:52,8.62,0.02,12,10344,买盘
1869,13:51:58,8.62,0.0,1,862,买盘
1870,13:52:00,8.62,0.0,51,43962,买盘
1871,13:52:21,8.59,-0.03,7,6016,卖盘
1872,13:52:30,8.62,0.03,1,862,买盘
1873,13:52:33,8.62,0.0,18,15516,买盘
1874,13:52:39,8.62,0.0,11,9482,买盘
1875,13:52:42,8.59,-0.03,7,6013,卖盘
1876,13:52:48,8.62,0.03,1,862,买盘
1877,13:53:00,8.62,0.0,12,10344,买盘
1878,13:53:12,8.62,0.0,11,9482,买盘
1879,13:53:15,8.62,0.0,23,19826,买盘
1880,13:53:22,8.62,0.0,39,33618,买盘
1881,13:53:24,8.62,0.0,3,2584,买盘
1882,13:53:27,8.62,0.0,18,15516,买盘
1883,13:53:30,8.62,0.0,1,862,买盘
1884,13:53:39,8.62,0.0,10,8620,买盘
1885,13:53:45,8.63,0.01,1,863,买盘
1886,13:54:04,8.63,0.0,1,863,买盘
1887,13:54:16,8.62,-0.01,1,862,买盘
1888,13:54:21,8.63,0.01,13,11208,买盘
1889,13:54:24,8.61,-0.02,15,12915,卖盘
1890,13:54:27,8.6,-0.01,1,860,卖盘
1891,13:54:30,8.61,0.01,2,1722,买盘
1892,13:54:45,8.61,0.0,1,861,买盘
1893,13:55:04,8.6,-0.01,7,6020,卖盘
1894,13:55:07,8.61,0.01,11,9471,买盘
1895,13:55:09,8.61,0.0,11,9471,买盘
1896,13:55:12,8.61,0.0,10,8610,买盘
1897,13:55:15,8.61,0.0,1,861,买盘
1898,13:55:18,8.61,0.0,1,861,买盘
1899,13:55:27,8.61,0.0,3,2583,买盘
1900,13:55:39,8.61,0.0,1,861,卖盘
1901,13:55:45,8.62,0.01,1,862,买盘
1902,13:56:18,8.62,0.0,1,862,买盘
1903,13:56:21,8.61,-0.01,7,6027,卖盘
1904,13:56:25,8.63,0.02,15,12932,买盘
1905,13:56:27,8.61,-0.02,2,1722,卖盘
1906,13:56:33,8.63,0.02,1,863,买盘
1907,13:56:40,8.61,-0.02,23,19803,卖盘
1908,13:56:43,8.61,0.0,6,5166,卖盘
1909,13:56:57,8.61,0.0,54,46494,卖盘
1910,13:57:04,8.62,0.01,13,11206,买盘
1911,13:57:06,8.62,0.0,11,9482,买盘
1912,13:57:12,8.62,0.0,1,862,买盘
1913,13:57:16,8.62,0.0,2,1724,买盘
1914,13:57:19,8.62,0.0,10,8620,买盘
1915,13:57:21,8.62,0.0,1,862,买盘
1916,13:57:28,8.62,0.0,1,862,买盘
1917,13:57:30,8.62,0.0,2,1723,买盘
1918,13:57:46,8.61,-0.01,93,80073,卖盘
1919,13:57:52,8.62,0.01,11,9482,买盘
1920,13:58:00,8.62,0.0,1,862,买盘
1921,13:58:18,8.62,0.0,1,862,买盘
1922,13:58:30,8.61,-0.01,22,18963,卖盘
1923,13:58:33,8.62,0.01,1,862,买盘
1924,13:58:36,8.62,0.0,11,9482,买盘
1925,13:58:51,8.61,-0.01,3,2583,卖盘
1926,13:59:00,8.62,0.01,1,862,买盘
1927,13:59:10,8.62,0.0,12,10344,买盘
1928,13:59:18,8.62,0.0,6,5172,买盘
1929,13:59:21,8.62,0.0,10,8620,买盘
1930,13:59:24,8.62,0.0,11,9482,买盘
1931,13:59:33,8.61,-0.01,2,1722,卖盘
1932,13:59:42,8.62,0.01,159,137058,买盘
1933,13:59:45,8.63,0.01,1,863,买盘
1934,14:00:04,8.63,0.0,20,17250,买盘
1935,14:00:06,8.63,0.0,4,3452,买盘
1936,14:00:10,8.63,0.0,11,9493,买盘
1937,14:00:15,8.63,0.0,1,863,买盘
1938,14:00:18,8.62,-0.01,20,17240,卖盘
1939,14:00:24,8.62,0.0,20,17240,卖盘
1940,14:00:33,8.62,0.0,1,862,卖盘
1941,14:00:48,8.63,0.01,1,863,买盘
1942,14:00:54,8.63,0.0,25,21561,买盘
1943,14:01:00,8.63,0.0,1,863,买盘
1944,14:01:09,8.63,0.0,22,18986,买盘
1945,14:01:13,8.62,-0.01,4,3448,卖盘
1946,14:01:15,8.62,0.0,19,16379,卖盘
1947,14:01:18,8.63,0.01,12,10356,买盘
1948,14:01:24,8.63,0.0,10,8630,买盘
1949,14:01:34,8.62,-0.01,1,862,卖盘
1950,14:01:36,8.63,0.01,4,3449,买盘
1951,14:01:42,8.63,0.0,11,9493,买盘
1952,14:01:46,8.63,0.0,4,3449,买盘
1953,14:02:00,8.63,0.0,1,863,买盘
1954,14:02:21,8.63,0.0,4,3452,买盘
1955,14:02:27,8.63,0.0,11,9493,买盘
1956,14:02:30,8.63,0.0,4,3448,买盘
1957,14:02:39,8.61,-0.02,2,1722,卖盘
1958,14:02:45,8.63,0.02,1,863,买盘
1959,14:03:00,8.63,0.0,1,863,买盘
1960,14:03:21,8.63,0.0,11,9493,买盘
1961,14:03:24,8.61,-0.02,1,861,卖盘
1962,14:03:27,8.63,0.02,14,12082,买盘
1963,14:03:30,8.63,0.0,11,9493,买盘
1964,14:03:33,8.63,0.0,1,863,买盘
1965,14:03:48,8.63,0.0,1,863,买盘
1966,14:04:04,8.63,0.0,1,863,买盘
1967,14:04:21,8.62,-0.01,20,17240,买盘
1968,14:04:27,8.62,0.0,14,12068,买盘
1969,14:04:30,8.61,-0.01,1,861,卖盘
1970,14:04:33,8.62,0.01,1,862,买盘
1971,14:04:45,8.62,0.0,15,12930,买盘
1972,14:04:48,8.61,-0.01,5,4306,卖盘
1973,14:05:15,8.61,0.0,30,25830,卖盘
1974,14:05:18,8.61,0.0,1,861,买盘
1975,14:05:22,8.62,0.01,55,47368,买盘
1976,14:05:27,8.62,0.0,11,9482,买盘
1977,14:05:30,8.62,0.0,11,9482,买盘
1978,14:05:34,8.62,0.0,1,862,买盘
1979,14:05:40,8.61,-0.01,2,1722,卖盘
1980,14:05:45,8.61,0.0,15,12915,卖盘
1981,14:05:48,8.61,0.0,1,861,买盘
1982,14:05:51,8.61,0.0,71,61131,买盘
1983,14:05:54,8.61,0.0,35,30135,买盘
1984,14:05:57,8.61,0.0,26,22386,买盘
1985,14:06:18,8.62,0.01,1,862,买盘
1986,14:06:24,8.62,0.0,15,12930,买盘
1987,14:06:27,8.61,-0.01,1,861,卖盘
1988,14:06:34,8.62,0.01,1,862,买盘
1989,14:06:48,8.62,0.0,1,862,买盘
1990,14:07:00,8.61,-0.01,5,4305,卖盘
1991,14:07:18,8.62,0.01,1,862,买盘
1992,14:07:24,8.62,0.0,26,22412,买盘
1993,14:07:27,8.62,0.0,6,5172,买盘
1994,14:07:33,8.63,0.01,11,9493,买盘
1995,14:07:51,8.62,-0.01,7,6034,卖盘
1996,14:08:00,8.62,0.0,15,12930,买盘
1997,14:08:04,8.61,-0.01,47,40468,卖盘
1998,14:08:09,8.62,0.01,32,27588,买盘
1999,14:08:18,8.62,0.0,1,862,买盘
2000,14:08:27,8.61,-0.01,2,1722,卖盘
2001,14:08:33,8.62,0.01,1,862,买盘
2002,14:08:36,8.62,0.0,3,2586,买盘
2003,14:09:04,8.63,0.01,1,863,买盘
2004,14:09:09,8.63,0.0,14,12082,买盘
2005,14:09:15,8.63,0.0,4,3452,买盘
2006,14:09:18,8.62,-0.01,4,3449,卖盘
2007,14:09:25,8.62,0.0,1,862,卖盘
2008,14:09:27,8.63,0.01,1,863,买盘
2009,14:09:33,8.63,0.0,1,863,买盘
2010,14:09:36,8.63,0.0,11,9493,买盘
2011,14:09:40,8.63,0.0,11,9493,买盘
2012,14:10:00,8.63,0.0,1,863,买盘
2013,14:10:04,8.63,0.0,23,19849,买盘
2014,14:10:07,8.63,0.0,13,11219,买盘
2015,14:10:19,8.63,0.0,1,863,买盘
2016,14:10:22,8.61,-0.02,3,2585,卖盘
2017,14:10:24,8.61,0.0,1,861,卖盘
2018,14:10:33,8.61,0.0,20,17220,卖盘
2019,14:10:48,8.63,0.02,1,863,买盘
2020,14:10:57,8.63,0.0,12,10356,买盘
2021,14:11:04,8.63,0.0,1,863,买盘
2022,14:11:06,8.63,0.0,3,2589,买盘
2023,14:11:19,8.61,-0.02,27,23251,卖盘
2024,14:11:31,8.61,0.0,20,17241,卖盘
2025,14:11:34,8.61,0.0,65,55965,卖盘
2026,14:11:40,8.61,0.0,2,1722,卖盘
2027,14:11:42,8.62,0.01,11,9482,买盘
2028,14:11:48,8.62,0.0,13,11206,买盘
2029,14:12:04,8.62,0.0,13,11194,买盘
2030,14:12:07,8.61,-0.01,1,861,卖盘
2031,14:12:10,8.61,0.0,52,44774,卖盘
2032,14:12:15,8.62,0.01,2,1724,买盘
2033,14:12:18,8.61,-0.01,20,17221,卖盘
2034,14:12:22,8.61,0.0,12,10332,卖盘
2035,14:12:30,8.62,0.01,40,34480,买盘
2036,14:12:34,8.61,-0.01,8,6888,卖盘
2037,14:12:36,8.62,0.01,14,12066,买盘
2038,14:12:45,8.62,0.0,10,8620,买盘
2039,14:12:48,8.62,0.0,1,862,买盘
2040,14:12:54,8.62,0.0,10,8620,买盘
2041,14:13:04,8.62,0.0,1,862,买盘
2042,14:13:10,8.62,0.0,2,1724,买盘
2043,14:13:21,8.61,-0.01,7,6027,卖盘
2044,14:13:27,8.62,0.01,12,10344,买盘
2045,14:13:34,8.61,-0.01,14,12067,卖盘
2046,14:13:45,8.62,0.01,10,8620,买盘
2047,14:13:49,8.62,0.0,1,862,买盘
2048,14:13:58,8.61,-0.01,7,6027,卖盘
2049,14:14:04,8.62,0.01,1,862,买盘
2050,14:14:06,8.62,0.0,2,1724,买盘
2051,14:14:33,8.61,-0.01,6,5167,卖盘
2052,14:14:36,8.61,0.0,3,2583,卖盘
2053,14:14:39,8.61,0.0,17,14652,卖盘
2054,14:14:49,8.62,0.01,1,862,买盘
2055,14:15:04,8.62,0.0,17,14638,买盘
2056,14:15:06,8.61,-0.01,4,3446,卖盘
2057,14:15:33,8.61,0.0,33,28414,卖盘
2058,14:15:37,8.61,0.0,22,18942,卖盘
2059,14:15:40,8.62,0.01,51,43936,买盘
2060,14:15:42,8.61,-0.01,39,33579,卖盘
2061,14:15:46,8.61,0.0,16,13776,卖盘
2062,14:15:48,8.62,0.01,1,862,买盘
2063,14:15:51,8.62,0.0,12,10344,买盘
2064,14:15:55,8.6,-0.02,96,82634,卖盘
2065,14:15:58,8.62,0.02,10,8620,买盘
2066,14:16:06,8.6,-0.02,14,12040,卖盘
2067,14:16:18,8.6,0.0,2,1722,卖盘
2068,14:16:25,8.62,0.02,11,9482,买盘
2069,14:16:27,8.6,-0.02,31,26660,卖盘
2070,14:16:33,8.62,0.02,1,862,买盘
2071,14:16:49,8.62,0.0,3,2584,买盘
2072,14:16:51,8.6,-0.02,59,50744,卖盘
2073,14:17:09,8.6,0.0,10,8600,卖盘
2074,14:17:12,8.6,0.0,1,860,卖盘
2075,14:17:15,8.61,0.01,13,11193,买盘
2076,14:17:18,8.61,0.0,2,1721,买盘
2077,14:17:27,8.6,-0.01,1,860,卖盘
2078,14:17:33,8.61,0.01,2,1722,买盘
2079,14:17:43,8.61,0.0,11,9471,买盘
2080,14:17:49,8.61,0.0,1,861,买盘
2081,14:17:54,8.61,0.0,10,8610,买盘
2082,14:17:57,8.6,-0.01,40,34400,卖盘
2083,14:18:00,8.6,0.0,13,11181,卖盘
2084,14:18:03,8.61,0.01,11,9471,买盘
2085,14:18:18,8.61,0.0,1,861,买盘
2086,14:18:27,8.6,-0.01,2,1720,卖盘
2087,14:18:33,8.61,0.01,1,861,买盘
2088,14:18:45,8.6,-0.01,3,2580,卖盘
2089,14:18:51,8.61,0.01,11,9471,买盘
2090,14:18:54,8.6,-0.01,20,17200,卖盘
2091,14:18:58,8.6,0.0,12,10322,卖盘
2092,14:19:04,8.61,0.01,1,861,买盘
2093,14:19:09,8.6,-0.01,5,4300,卖盘
2094,14:19:15,8.6,0.0,1,860,卖盘
2095,14:19:18,8.61,0.01,1,861,买盘
2096,14:19:28,8.6,-0.01,1,860,卖盘
2097,14:19:31,8.6,0.0,4,3440,卖盘
2098,14:19:34,8.61,0.01,17,14621,买盘
2099,14:19:36,8.61,0.0,11,9471,买盘
2100,14:19:39,8.61,0.0,12,10332,买盘
2101,14:19:55,8.61,0.0,2,1722,买盘
2102,14:19:57,8.6,-0.01,19,16357,卖盘
2103,14:20:01,8.6,0.0,133,114380,卖盘
2104,14:20:04,8.61,0.01,1,861,买盘
2105,14:20:06,8.6,-0.01,52,44720,卖盘
2106,14:20:19,8.61,0.01,1,861,买盘
2107,14:20:24,8.61,0.0,11,9471,买盘
2108,14:20:30,8.6,-0.01,1,860,卖盘
2109,14:20:34,8.61,0.01,1,861,买盘
2110,14:20:52,8.6,-0.01,3,2580,卖盘
2111,14:21:00,8.61,0.01,6,5164,买盘
2112,14:21:04,8.61,0.0,1,861,买盘
2113,14:21:09,8.61,0.0,11,9471,买盘
2114,14:21:18,8.61,0.0,20,17201,买盘
2115,14:21:27,8.61,0.0,10,8610,买盘
2116,14:21:33,8.61,0.0,7,6025,买盘
2117,14:21:43,8.61,0.0,7,6027,买盘
2118,14:21:48,8.61,0.0,13,11181,买盘
2119,14:21:52,8.6,-0.01,17,14633,卖盘
2120,14:21:58,8.61,0.01,11,9471,买盘
2121,14:22:00,8.6,-0.01,113,97380,卖盘
2122,14:22:04,8.61,0.01,54,46441,买盘
2123,14:22:16,8.6,-0.01,2,1720,卖盘
2124,14:22:18,8.61,0.01,1,861,买盘
2125,14:22:33,8.61,0.0,10,8610,买盘
2126,14:22:37,8.6,-0.01,1,860,卖盘
2127,14:22:40,8.61,0.01,4,3444,买盘
2128,14:22:45,8.61,0.0,11,9471,买盘
2129,14:22:48,8.61,0.0,3,2583,买盘
2130,14:23:04,8.6,-0.01,33,28380,卖盘
2131,14:23:07,8.61,0.01,9,7749,买盘
2132,14:23:09,8.6,-0.01,16,13762,卖盘
2133,14:23:19,8.6,0.0,26,22361,卖盘
2134,14:23:31,8.6,0.0,2,1720,卖盘
2135,14:23:34,8.61,0.01,38,32714,买盘
2136,14:23:37,8.62,0.01,13,11206,买盘
2137,14:23:51,8.61,-0.01,26,22397,卖盘
2138,14:23:55,8.62,0.01,2,1724,买盘
2139,14:24:00,8.62,0.0,12,10344,买盘
2140,14:24:04,8.62,0.0,1,862,买盘
2141,14:24:15,8.61,-0.01,1,861,卖盘
2142,14:24:18,8.6,-0.01,30,25808,卖盘
2143,14:24:24,8.62,0.02,11,9482,买盘
2144,14:24:33,8.62,0.0,1,862,买盘
2145,14:24:48,8.62,0.0,1,862,买盘
2146,14:25:07,8.6,-0.02,10,8616,卖盘
2147,14:25:09,8.61,0.01,1,861,买盘
2148,14:25:12,8.62,0.01,11,9482,买盘
2149,14:25:18,8.6,-0.02,14,12042,卖盘
2150,14:25:37,8.62,0.02,1,862,买盘
2151,14:25:46,8.62,0.0,30,25820,买盘
2152,14:25:49,8.62,0.0,20,17202,买盘
2153,14:25:51,8.62,0.0,11,9482,买盘
2154,14:25:54,8.62,0.0,5,4310,买盘
2155,14:25:57,8.62,0.0,11,9482,买盘
2156,14:26:04,8.62,0.0,10,8620,买盘
2157,14:26:06,8.62,0.0,26,22374,买盘
2158,14:26:13,8.62,0.0,1,862,买盘
2159,14:26:15,8.62,0.0,6,5162,买盘
2160,14:26:24,8.59,-0.03,12,10308,卖盘
2161,14:26:33,8.59,0.0,12,10308,卖盘
2162,14:26:36,8.59,0.0,5,4299,卖盘
2163,14:26:42,8.62,0.03,11,9482,买盘
2164,14:26:49,8.62,0.0,1,862,买盘
2165,14:27:04,8.6,-0.02,9,7740,卖盘
2166,14:27:10,8.6,0.0,14,12040,卖盘
2167,14:27:18,8.62,0.02,5,4306,买盘
2168,14:27:37,8.62,0.0,1,862,买盘
2169,14:27:42,8.62,0.0,26,22412,买盘
2170,14:27:45,8.6,-0.02,24,20640,卖盘
2171,14:27:48,8.62,0.02,9,7758,买盘
2172,14:27:51,8.62,0.0,11,9482,买盘
2173,14:28:01,8.62,0.0,10,8620,买盘
2174,14:28:13,8.62,0.0,1,862,买盘
2175,14:28:16,8.62,0.0,6,5172,买盘
2176,14:28:18,8.62,0.0,21,18082,买盘
2177,14:28:33,8.62,0.0,1,862,买盘
2178,14:28:37,8.62,0.0,1,862,买盘
2179,14:28:39,8.62,0.0,15,12930,买盘
2180,14:28:48,8.62,0.0,6,5172,买盘
2181,14:28:51,8.62,0.0,1,862,买盘
2182,14:29:10,8.62,0.0,2,1724,买盘
2183,14:29:13,8.62,0.0,2,1724,卖盘
2184,14:29:18,8.62,0.0,6,5172,中性盘
2185,14:29:21,8.62,0.0,1,862,买盘
2186,14:29:24,8.62,0.0,11,9482,买盘
2187,14:29:28,8.61,-0.01,25,21527,卖盘
2188,14:29:37,8.63,0.02,1,863,买盘
2189,14:29:49,8.63,0.0,7,6041,买盘
2190,14:29:52,8.63,0.0,17,14671,买盘
2191,14:30:04,8.63,0.0,10,8630,买盘
2192,14:30:07,8.63,0.0,1,863,买盘
2193,14:30:10,8.63,0.0,11,9493,买盘
2194,14:30:13,8.61,-0.02,25,21527,卖盘
2195,14:30:22,8.63,0.02,1,863,买盘
2196,14:30:34,8.61,-0.02,1,861,卖盘
2197,14:30:37,8.63,0.02,1,863,买盘
2198,14:30:48,8.61,0.0,17,14637,卖盘
2199,14:30:58,8.63,0.02,6,5178,买盘
2200,14:31:01,8.61,-0.02,4,3444,卖盘
2201,14:31:04,8.63,0.02,13,11195,买盘
2202,14:31:12,8.63,0.0,12,10356,买盘
2203,14:31:19,8.63,0.0,1,863,买盘
2204,14:31:28,8.63,0.0,6,5178,买盘
2205,14:31:34,8.63,0.0,37,31919,买盘
2206,14:31:37,8.63,0.0,2,1726,买盘
2207,14:32:01,8.63,0.0,23,19849,买盘
2208,14:32:04,8.63,0.0,25,21551,买盘
2209,14:32:07,8.63,0.0,71,61213,买盘
2210,14:32:10,8.61,-0.02,38,32751,卖盘
2211,14:32:16,8.63,0.02,15,12945,买盘
2212,14:32:22,8.63,0.0,1,863,买盘
2213,14:32:25,8.62,-0.01,18,15501,买盘
2214,14:32:28,8.61,-0.01,23,19803,卖盘
2215,14:32:30,8.6,-0.01,29,24948,卖盘
2216,14:32:34,8.61,0.01,6,5166,中性盘
2217,14:32:37,8.61,0.0,1,861,买盘
2218,14:32:40,8.61,0.0,2,1722,买盘
2219,14:32:42,8.61,0.0,20,17220,买盘
2220,14:32:46,8.61,0.0,29,24969,买盘
2221,14:32:49,8.62,0.01,29,24970,买盘
2222,14:32:54,8.62,0.0,11,9482,买盘
2223,14:33:04,8.62,0.0,7,6034,买盘
2224,14:33:22,8.62,0.0,1,862,买盘
2225,14:33:25,8.61,-0.01,16,13285,卖盘
2226,14:33:33,8.61,0.0,52,44772,卖盘
2227,14:33:37,8.6,-0.01,77,66744,卖盘
2228,14:33:40,8.6,0.0,23,19780,卖盘
2229,14:33:43,8.6,0.0,38,32691,卖盘
2230,14:33:52,8.61,0.01,1,861,买盘
2231,14:34:07,8.61,0.0,7,6027,买盘
2232,14:34:10,8.6,-0.01,13,11192,卖盘
2233,14:34:18,8.61,0.01,11,9471,买盘
2234,14:34:21,8.6,-0.01,22,18920,卖盘
2235,14:34:24,8.61,0.01,47,40431,买盘
2236,14:34:27,8.6,-0.01,37,31820,卖盘
2237,14:34:30,8.6,0.0,50,43000,卖盘
2238,14:34:34,8.59,-0.01,52,44692,卖盘
2239,14:34:46,8.59,0.0,2,1718,卖盘
2240,14:34:48,8.61,0.02,1,861,买盘
2241,14:34:58,8.59,-0.02,2,1718,卖盘
2242,14:35:01,8.59,0.0,4,3436,卖盘
2243,14:35:04,8.61,0.02,14,12028,买盘
2244,14:35:06,8.59,-0.02,20,17180,卖盘
2245,14:35:09,8.61,0.02,11,9471,买盘
2246,14:35:16,8.61,0.0,6,5166,买盘
2247,14:35:19,8.59,-0.02,22,18898,卖盘
2248,14:35:31,8.6,0.01,2,1720,卖盘
2249,14:35:33,8.6,0.0,11,9458,卖盘
2250,14:35:36,8.6,0.0,18,15477,买盘
2251,14:35:42,8.61,0.01,50,43050,买盘
2252,14:35:46,8.59,-0.02,40,34382,卖盘
2253,14:35:52,8.61,0.02,1,861,买盘
2254,14:35:58,8.6,-0.01,15,12911,中性盘
2255,14:36:04,8.61,0.01,19,16351,买盘
2256,14:36:07,8.61,0.0,2,1722,买盘
2257,14:36:16,8.61,0.0,73,62853,买盘
2258,14:36:19,8.6,-0.01,42,36120,卖盘
2259,14:36:21,8.61,0.01,70,60270,买盘
2260,14:36:36,8.61,0.0,1,861,买盘
2261,14:36:43,8.61,0.0,11,9471,买盘
2262,14:36:48,8.61,0.0,6,5166,买盘
2263,14:36:51,8.61,0.0,4,3444,买盘
2264,14:37:06,8.61,0.0,1,861,买盘
2265,14:37:12,8.61,0.0,2,1722,买盘
2266,14:37:15,8.61,0.0,15,12424,买盘
2267,14:37:33,8.61,0.0,5,4305,卖盘
2268,14:37:37,8.62,0.01,1,862,买盘
2269,14:37:42,8.62,0.0,13,11206,买盘
2270,14:37:45,8.61,-0.01,19,16359,卖盘
2271,14:37:51,8.62,0.01,1,862,买盘
2272,14:37:57,8.62,0.0,6,5172,买盘
2273,14:38:04,8.62,0.0,14,12065,买盘
2274,14:38:07,8.62,0.0,1,862,买盘
2275,14:38:16,8.61,-0.01,1,861,卖盘
2276,14:38:19,8.62,0.01,75,64650,买盘
2277,14:38:21,8.61,-0.01,47,40470,卖盘
2278,14:38:24,8.62,0.01,17,14654,买盘
2279,14:38:37,8.62,0.0,1,862,买盘
2280,14:38:40,8.62,0.0,2,1724,买盘
2281,14:38:48,8.61,-0.01,11,9471,卖盘
2282,14:38:51,8.62,0.01,1,862,买盘
2283,14:38:55,8.62,0.0,20,17226,买盘
2284,14:39:15,8.61,-0.01,2,1722,卖盘
2285,14:39:19,8.61,0.0,117,100840,卖盘
2286,14:39:21,8.61,0.0,68,58562,卖盘
2287,14:39:37,8.62,0.01,1,862,买盘
2288,14:39:51,8.62,0.0,13,11206,买盘
2289,14:40:01,8.62,0.0,5,4310,买盘
2290,14:40:04,8.62,0.0,6,5172,买盘
2291,14:40:06,8.61,-0.01,19,16359,卖盘
2292,14:40:09,8.62,0.01,23,19826,买盘
2293,14:40:15,8.62,0.0,10,8620,买盘
2294,14:40:19,8.61,-0.01,5,4307,卖盘
2295,14:40:21,8.62,0.01,1,862,买盘
2296,14:40:31,8.62,0.0,6,5172,买盘
2297,14:40:34,8.6,-0.02,19,16354,卖盘
2298,14:40:37,8.62,0.02,5,4310,买盘
2299,14:40:51,8.62,0.0,1,862,买盘
2300,14:40:54,8.62,0.0,23,19816,买盘
2301,14:41:04,8.62,0.0,24,20662,买盘
2302,14:41:13,8.61,-0.01,6,5166,卖盘
2303,14:41:16,8.61,0.0,10,8610,买盘
2304,14:41:19,8.61,0.0,12,10332,卖盘
2305,14:41:22,8.62,0.01,4,3445,买盘
2306,14:41:25,8.61,-0.01,3,2583,卖盘
2307,14:41:27,8.6,-0.01,20,17218,卖盘
2308,14:41:36,8.61,0.01,1,861,买盘
2309,14:41:40,8.61,0.0,1,861,买盘
2310,14:41:42,8.6,-0.01,4,3443,卖盘
2311,14:41:48,8.62,0.02,15,12927,买盘
2312,14:42:07,8.62,0.0,7,6034,买盘
2313,14:42:13,8.62,0.0,17,14654,买盘
2314,14:42:16,8.62,0.0,9,7758,买盘
2315,14:42:19,8.61,-0.01,22,18942,卖盘
2316,14:42:21,8.62,0.01,1,862,买盘
2317,14:42:37,8.62,0.0,1,862,买盘
2318,14:42:40,8.62,0.0,6,5172,买盘
2319,14:42:49,8.61,-0.01,4,3444,卖盘
2320,14:43:06,8.62,0.01,5,4306,买盘
2321,14:43:13,8.62,0.0,6,5172,买盘
2322,14:43:16,8.62,0.0,2,1724,买盘
2323,14:43:19,8.61,-0.01,18,15498,卖盘
2324,14:43:21,8.62,0.01,1,862,买盘
2325,14:43:27,8.62,0.0,12,10344,买盘
2326,14:43:30,8.61,-0.01,2,1722,卖盘
2327,14:43:36,8.62,0.01,1,862,买盘
2328,14:43:43,8.62,0.0,6,5172,买盘
2329,14:43:46,8.61,-0.01,19,16359,卖盘
2330,14:43:49,8.61,0.0,1,861,卖盘
2331,14:43:55,8.62,0.01,5,4310,买盘
2332,14:44:04,8.61,-0.01,2,1722,卖盘
2333,14:44:07,8.61,0.0,4,3445,卖盘
2334,14:44:10,8.62,0.01,2,1724,买盘
2335,14:44:15,8.62,0.0,6,5172,买盘
2336,14:44:21,8.62,0.0,1,862,买盘
2337,14:44:24,8.61,-0.01,15,12915,卖盘
2338,14:44:31,8.61,0.0,81,69741,卖盘
2339,14:44:34,8.61,0.0,55,47355,卖盘
2340,14:44:37,8.62,0.01,2,1724,买盘
2341,14:44:49,8.62,0.0,6,5172,买盘
2342,14:44:51,8.61,-0.01,6,5169,卖盘
2343,14:44:57,8.61,0.0,5,4305,卖盘
2344,14:45:00,8.61,0.0,20,17220,卖盘
2345,14:45:04,8.62,0.01,63,54306,买盘
2346,14:45:07,8.61,-0.01,34,29276,卖盘
2347,14:45:16,8.61,0.0,2,1722,卖盘
2348,14:45:19,8.62,0.01,31,26722,买盘
2349,14:45:22,8.62,0.0,18,15516,买盘
2350,14:45:25,8.62,0.0,34,29282,买盘
2351,14:45:30,8.61,-0.01,30,25830,卖盘
2352,14:45:34,8.6,-0.01,569,489442,卖盘
2353,14:45:37,8.59,-0.01,133,114314,卖盘
2354,14:45:40,8.59,0.0,59,50690,卖盘
2355,14:45:43,8.6,0.01,1,860,买盘
2356,14:45:51,8.59,-0.01,63,54160,卖盘
2357,14:45:54,8.6,0.01,78,67080,买盘
2358,14:45:57,8.6,0.0,4,3440,买盘
2359,14:46:01,8.59,-0.01,27,23197,卖盘
2360,14:46:04,8.59,0.0,78,67005,卖盘
2361,14:46:07,8.59,0.0,4,3438,卖盘
2362,14:46:13,8.6,0.01,5,4300,买盘
2363,14:46:22,8.6,0.0,19,16340,买盘
2364,14:46:25,8.6,0.0,15,12897,买盘
2365,14:46:27,8.6,0.0,77,66220,买盘
2366,14:46:37,8.62,0.02,3,2586,买盘
2367,14:46:52,8.6,-0.02,108,92884,卖盘
2368,14:46:58,8.6,0.0,51,43860,卖盘
2369,14:47:07,8.62,0.02,3,2586,买盘
2370,14:47:22,8.62,0.0,2,1724,买盘
2371,14:47:28,8.61,-0.01,17,14626,买盘
2372,14:47:31,8.61,0.0,5,4305,买盘
2373,14:47:34,8.61,0.0,64,55104,买盘
2374,14:47:37,8.61,0.0,8,6888,买盘
2375,14:47:40,8.61,0.0,22,18942,买盘
2376,14:47:42,8.62,0.01,5,4310,买盘
2377,14:47:52,8.62,0.0,2,1724,买盘
2378,14:47:57,8.61,-0.01,45,38745,卖盘
2379,14:48:01,8.62,0.01,6,5167,买盘
2380,14:48:04,8.61,-0.01,2,1722,卖盘
2381,14:48:07,8.61,0.0,28,24110,卖盘
2382,14:48:10,8.61,0.0,28,24108,买盘
2383,14:48:13,8.61,0.0,40,34440,买盘
2384,14:48:22,8.61,0.0,3,2583,买盘
2385,14:48:28,8.61,0.0,6,5166,买盘
2386,14:48:31,8.61,0.0,6,5166,买盘
2387,14:48:34,8.6,-0.01,35,30118,卖盘
2388,14:48:36,8.61,0.01,5,4301,买盘
2389,14:48:40,8.61,0.0,11,9471,买盘
2390,14:48:42,8.6,-0.01,11,9461,卖盘
2391,14:48:52,8.61,0.01,2,1722,买盘
2392,14:49:16,8.62,0.01,1,862,买盘
2393,14:49:25,8.62,0.0,275,237050,买盘
2394,14:49:28,8.62,0.0,121,104252,买盘
2395,14:49:31,8.62,0.0,12,10344,卖盘
2396,14:49:33,8.62,0.0,41,35342,卖盘
2397,14:49:42,8.62,0.0,7,6034,卖盘
2398,14:49:52,8.62,0.0,11,9482,卖盘
2399,14:49:55,8.63,0.01,22,18986,买盘
2400,14:49:58,8.62,-0.01,31,26722,卖盘
2401,14:50:22,8.62,0.0,100,86200,卖盘
2402,14:50:31,8.62,0.0,28,24136,卖盘
2403,14:50:46,8.62,0.0,2,1724,买盘
2404,14:51:01,8.63,0.01,93,80222,买盘
2405,14:51:04,8.62,-0.01,1,862,中性盘
2406,14:51:16,8.62,0.0,4,3448,买盘
2407,14:51:18,8.62,0.0,1,862,买盘
2408,14:51:21,8.62,0.0,75,64650,买盘
2409,14:51:25,8.62,0.0,16,13778,买盘
2410,14:51:28,8.63,0.01,81,69875,买盘
2411,14:51:31,8.63,0.0,7,6041,买盘
2412,14:51:49,8.63,0.0,82,70766,买盘
2413,14:52:01,8.63,0.0,6,5178,买盘
2414,14:52:13,8.62,-0.01,30,25860,卖盘
2415,14:52:16,8.63,0.01,7,6041,买盘
2416,14:52:18,8.63,0.0,20,17260,买盘
2417,14:52:24,8.62,-0.01,5,4310,卖盘
2418,14:52:34,8.62,0.0,23,19826,卖盘
2419,14:52:37,8.63,0.01,10,8630,买盘
2420,14:52:45,8.62,-0.01,10,8623,卖盘
2421,14:52:48,8.62,0.0,100,86200,卖盘
2422,14:52:51,8.62,0.0,23,19826,卖盘
2423,14:52:55,8.62,0.0,73,62926,卖盘
2424,14:52:58,8.61,-0.01,66,56851,卖盘
2425,14:53:01,8.62,0.01,15,12930,买盘
2426,14:53:04,8.61,-0.01,2,1722,卖盘
2427,14:53:07,8.61,0.0,3,2583,卖盘
2428,14:53:10,8.62,0.01,3,2586,买盘
2429,14:53:19,8.61,-0.01,11,9471,卖盘
2430,14:53:37,8.62,0.01,13,11206,买盘
2431,14:53:40,8.62,0.0,20,17240,买盘
2432,14:53:43,8.62,0.0,14,12068,买盘
2433,14:53:45,8.61,-0.01,10,8612,卖盘
2434,14:53:55,8.61,0.0,138,118818,卖盘
2435,14:53:57,8.61,0.0,11,9471,卖盘
2436,14:54:01,8.61,0.0,16,13776,卖盘
2437,14:54:07,8.62,0.01,1,862,买盘
2438,14:54:10,8.62,0.0,18,15516,买盘
2439,14:54:13,8.62,0.0,18,15516,买盘
2440,14:54:19,8.61,-0.01,1,861,卖盘
2441,14:54:40,8.62,0.01,3,2586,买盘
2442,14:54:46,8.62,0.0,16,13792,买盘
2443,14:54:48,8.61,-0.01,6,5170,卖盘
2444,14:54:55,8.62,0.01,31,26722,买盘
2445,14:55:16,8.62,0.0,10,8620,买盘
2446,14:55:18,8.61,-0.01,27,23267,卖盘
2447,14:55:21,8.61,0.0,18,15500,卖盘
2448,14:55:34,8.62,0.01,16,13792,买盘
2449,14:55:40,8.62,0.0,1,862,卖盘
2450,14:55:43,8.62,0.0,19,16378,卖盘
2451,14:55:55,8.62,0.0,50,43100,卖盘
2452,14:55:58,8.62,0.0,9,7758,卖盘
2453,14:56:01,8.63,0.01,5,4315,买盘
2454,14:56:10,8.62,-0.01,15,12930,卖盘
2455,14:56:13,8.62,0.0,11,9482,卖盘
2456,14:56:15,8.62,0.0,7,6034,卖盘
2457,14:56:22,8.62,0.0,29,24998,卖盘
2458,14:56:25,8.61,-0.01,25,21532,卖盘
2459,14:56:28,8.61,0.0,21,18115,卖盘
2460,14:56:37,8.63,0.02,1,863,买盘
2461,14:56:40,8.63,0.0,3,2589,买盘
2462,14:56:43,8.63,0.0,2,1726,买盘
2463,15:00:04,8.63,0.0,219,188997,卖盘
