,time,price,change,volume,amount,type
0,09:25:04,8.55,0.02,21,17955,卖盘
1,09:30:03,8.55,0.0,9,7695,买盘
2,09:30:06,8.53,-0.02,40,34141,卖盘
3,09:30:12,8.53,0.0,50,42654,卖盘
4,09:30:21,8.6,0.07,2,1720,买盘
5,09:31:06,8.6,0.0,11,9460,买盘
6,09:31:18,8.59,-0.01,1,859,中性盘
7,09:31:21,8.59,0.0,2,1718,买盘
8,09:31:30,8.56,-0.03,2,1712,卖盘
9,09:32:00,8.57,0.01,1,857,卖盘
10,09:32:21,8.57,0.0,4,3428,卖盘
11,09:33:06,8.57,0.0,24,20568,卖盘
12,09:33:30,8.56,-0.01,2,1712,卖盘
13,09:33:39,8.56,0.0,8,6848,买盘
14,09:33:58,8.55,-0.01,18,15390,卖盘
15,09:34:15,8.55,0.0,9,7695,买盘
16,09:34:42,8.54,-0.01,40,34183,卖盘
17,09:34:51,8.54,0.0,10,8540,买盘
18,09:34:57,8.57,0.03,8,6854,买盘
19,09:35:01,8.53,-0.04,20,17060,卖盘
20,09:35:18,8.56,0.03,50,42799,买盘
21,09:35:45,8.56,0.0,26,22256,买盘
22,09:36:09,8.53,-0.03,5,4265,卖盘
23,09:36:39,8.54,0.01,2,1708,卖盘
24,09:36:42,8.54,0.0,1,854,卖盘
25,09:36:48,8.54,0.0,10,8540,买盘
26,09:37:04,8.53,-0.01,26,22178,卖盘
27,09:37:09,8.53,0.0,13,11089,卖盘
28,09:37:13,8.53,0.0,1,853,卖盘
29,09:37:30,8.53,0.0,4,3412,买盘
30,09:37:48,8.53,0.0,38,32414,买盘
31,09:37:51,8.53,0.0,9,7677,买盘
32,09:37:57,8.51,-0.02,1,851,卖盘
33,09:38:00,8.51,0.0,1,851,买盘
34,09:38:09,8.53,0.02,4,3412,买盘
35,09:38:55,8.51,-0.02,1,851,卖盘
36,09:38:58,8.51,0.0,9,7659,卖盘
37,09:39:12,8.53,0.02,9,7661,买盘
38,09:40:09,8.51,-0.02,1,851,卖盘
39,09:40:24,8.5,-0.01,6,5100,卖盘
40,09:40:36,8.5,0.0,2,1700,中性盘
41,09:41:04,8.49,-0.01,26,22074,卖盘
42,09:41:36,8.48,-0.01,4,3392,卖盘
43,09:41:57,8.49,0.01,12,10188,买盘
44,09:42:18,8.49,0.0,10,8490,买盘
45,09:42:24,8.48,-0.01,2,1696,卖盘
46,09:42:42,8.5,0.02,19,16135,买盘
47,09:43:42,8.5,0.0,18,15300,买盘
48,09:43:54,8.5,0.0,35,29750,买盘
49,09:44:18,8.5,0.0,3,2551,卖盘
50,09:45:00,8.51,0.01,4,3404,买盘
51,09:45:09,8.51,0.0,9,7659,卖盘
52,09:45:16,8.51,0.0,7,5957,买盘
53,09:45:18,8.51,0.0,1,851,买盘
54,09:45:30,8.52,0.01,1,852,卖盘
55,09:45:57,8.51,-0.01,38,32359,卖盘
56,09:46:09,8.53,0.02,100,85251,买盘
57,09:46:18,8.5,-0.03,100,85022,卖盘
58,09:47:51,8.52,0.02,1,852,卖盘
59,09:48:04,8.52,0.0,4,3408,卖盘
60,09:48:33,8.5,-0.02,9,7650,卖盘
61,09:49:04,8.5,0.0,25,21250,买盘
62,09:49:06,8.5,0.0,5,4250,卖盘
63,09:49:43,8.53,0.03,10,8530,买盘
64,09:49:48,8.53,0.0,5,4265,买盘
65,09:49:51,8.53,0.0,4,3412,买盘
66,09:50:42,8.53,0.0,27,23031,买盘
67,09:51:21,8.54,0.01,3,2562,买盘
68,09:52:12,8.53,-0.01,20,17060,卖盘
69,09:54:00,8.53,0.0,5,4265,买盘
70,09:54:57,8.52,-0.01,73,62196,卖盘
71,09:55:19,8.51,-0.01,8,6808,卖盘
72,09:55:33,8.5,-0.01,14,11900,卖盘
73,09:55:48,8.51,0.01,34,28909,买盘
74,09:55:51,8.5,-0.01,17,14457,卖盘
75,09:56:12,8.5,0.0,10,8500,卖盘
76,09:56:15,8.5,0.0,3,2550,卖盘
77,09:56:24,8.51,0.01,4,3404,买盘
78,09:56:33,8.51,0.0,4,3404,买盘
79,09:56:45,8.51,0.0,12,10212,买盘
80,09:56:48,8.51,0.0,2,1702,买盘
81,09:56:54,8.5,-0.01,15,12750,卖盘
82,09:57:12,8.5,0.0,26,22100,买盘
83,09:57:51,8.51,0.01,2,1702,买盘
84,09:57:57,8.52,0.01,10,8520,买盘
85,09:58:18,8.51,-0.01,1,851,买盘
86,09:59:48,8.52,0.01,1,852,买盘
87,09:59:54,8.52,0.0,19,16188,卖盘
88,10:00:06,8.52,0.0,2,1704,买盘
89,10:00:34,8.51,-0.01,2,1702,卖盘
90,10:00:37,8.51,0.0,1,851,卖盘
91,10:01:04,8.52,0.01,3,2556,买盘
92,10:01:06,8.52,0.0,2,1704,买盘
93,10:01:30,8.52,0.0,6,5112,买盘
94,10:01:39,8.52,0.0,18,15336,买盘
95,10:01:45,8.52,0.0,3,2556,卖盘
96,10:02:21,8.53,0.01,30,25590,买盘
97,10:03:07,8.53,0.0,27,23031,买盘
98,10:03:15,8.53,0.0,1,853,买盘
99,10:03:18,8.53,0.0,5,4265,买盘
100,10:04:06,8.53,0.0,2,1706,买盘
101,10:04:42,8.53,0.0,13,11089,买盘
102,10:05:06,8.53,0.0,6,5118,买盘
103,10:05:15,8.53,0.0,1,853,买盘
104,10:05:18,8.53,0.0,7,5971,买盘
105,10:06:00,8.57,0.04,1,857,买盘
106,10:06:06,8.57,0.0,2,1714,买盘
107,10:06:27,8.58,0.01,50,42864,买盘
108,10:06:45,8.58,0.0,1,858,买盘
109,10:07:07,8.57,-0.01,2,1714,买盘
110,10:07:15,8.57,0.0,1,857,买盘
111,10:07:18,8.57,0.0,7,5999,买盘
112,10:07:21,8.55,-0.02,35,29955,卖盘
113,10:07:24,8.55,0.0,15,12825,买盘
114,10:07:39,8.56,0.01,1,856,买盘
115,10:08:25,8.56,0.0,2,1712,卖盘
116,10:08:39,8.55,-0.01,30,25654,卖盘
117,10:08:51,8.57,0.02,30,25710,买盘
118,10:09:06,8.57,0.0,23,19711,买盘
119,10:09:51,8.57,0.0,80,68560,卖盘
120,10:10:06,8.57,0.0,2,1714,买盘
121,10:10:30,8.57,0.0,17,14569,买盘
122,10:11:09,8.56,-0.01,6,5138,卖盘
123,10:12:19,8.56,0.0,5,4280,卖盘
124,10:12:30,8.56,0.0,3,2568,买盘
125,10:12:33,8.56,0.0,3,2568,卖盘
126,10:12:48,8.56,0.0,6,5136,卖盘
127,10:13:00,8.55,-0.01,11,9406,卖盘
128,10:13:18,8.55,0.0,29,24795,卖盘
129,10:13:24,8.54,-0.01,40,34160,卖盘
130,10:14:21,8.55,0.01,4,3420,买盘
131,10:14:33,8.55,0.0,23,19665,买盘
132,10:14:36,8.55,0.0,2,1710,买盘
133,10:14:42,8.55,0.0,10,8550,买盘
134,10:15:04,8.55,0.0,2,1710,买盘
135,10:15:21,8.55,0.0,29,24795,买盘
136,10:15:25,8.55,0.0,2,1710,买盘
137,10:16:09,8.56,0.01,2,1712,买盘
138,10:16:39,8.57,0.01,5,4285,买盘
139,10:16:51,8.57,0.0,1,857,买盘
140,10:17:12,8.57,0.0,24,20568,买盘
141,10:17:25,8.57,0.0,5,4285,卖盘
142,10:17:39,8.57,0.0,21,17997,卖盘
143,10:17:49,8.57,0.0,1,857,买盘
144,10:18:36,8.57,0.0,21,17997,买盘
145,10:19:00,8.57,0.0,127,108839,卖盘
146,10:19:06,8.58,0.01,1,858,买盘
147,10:19:12,8.57,-0.01,16,13712,卖盘
148,10:20:27,8.57,0.0,40,34280,买盘
149,10:22:00,8.57,0.0,2,1714,买盘
150,10:22:24,8.57,0.0,1,857,买盘
151,10:22:45,8.57,0.0,3,2571,买盘
152,10:23:13,8.57,0.0,1,857,买盘
153,10:23:18,8.57,0.0,3,2571,买盘
154,10:24:00,8.57,0.0,10,8570,买盘
155,10:24:39,8.56,-0.01,20,17120,卖盘
156,10:24:57,8.57,0.01,1,857,买盘
157,10:25:00,8.56,-0.01,40,34240,卖盘
158,10:25:04,8.56,0.0,2,1712,买盘
159,10:25:30,8.56,0.0,4,3424,买盘
160,10:26:04,8.56,0.0,2,1712,买盘
161,10:26:06,8.56,0.0,2,1712,买盘
162,10:26:09,8.56,0.0,10,8560,买盘
163,10:26:27,8.56,0.0,10,8560,卖盘
164,10:26:39,8.56,0.0,2,1712,卖盘
165,10:27:33,8.57,0.01,2,1714,买盘
166,10:27:36,8.57,0.0,54,46268,买盘
167,10:27:39,8.58,0.01,4,3432,买盘
168,10:27:42,8.58,0.0,2,1716,买盘
169,10:27:45,8.58,0.0,7,6006,买盘
170,10:27:54,8.58,0.0,4,3432,买盘
171,10:28:06,8.58,0.0,6,5148,买盘
172,10:28:28,8.58,0.0,13,11154,买盘
173,10:29:55,8.58,0.0,11,9438,买盘
174,10:30:06,8.58,0.0,10,8580,买盘
175,10:30:15,8.58,0.0,12,10296,买盘
176,10:30:39,8.58,0.0,12,10296,买盘
177,10:30:45,8.58,0.0,14,12012,买盘
178,10:30:57,8.58,0.0,8,6864,买盘
179,10:31:00,8.58,0.0,1,858,买盘
180,10:31:04,8.58,0.0,3,2574,买盘
181,10:31:06,8.58,0.0,1,858,买盘
182,10:31:36,8.58,0.0,15,12870,买盘
183,10:32:03,8.58,0.0,5,4290,买盘
184,10:32:06,8.58,0.0,6,5148,卖盘
185,10:32:18,8.59,0.01,47,40373,买盘
186,10:32:49,8.59,0.0,14,12026,买盘
187,10:32:54,8.59,0.0,1,859,买盘
188,10:33:03,8.59,0.0,2,1718,买盘
189,10:33:09,8.59,0.0,1,859,买盘
190,10:33:12,8.59,0.0,1,859,买盘
191,10:33:15,8.59,0.0,28,24052,买盘
192,10:33:18,8.59,0.0,25,21475,买盘
193,10:33:24,8.6,0.01,40,34400,买盘
194,10:33:31,8.6,0.0,162,139320,买盘
195,10:33:33,8.6,0.0,22,18920,买盘
196,10:33:36,8.6,0.0,40,34400,买盘
197,10:33:39,8.6,0.0,6,5160,买盘
198,10:33:42,8.6,0.0,14,12040,买盘
199,10:34:04,8.6,0.0,5,4300,买盘
200,10:34:06,8.6,0.0,14,12040,买盘
201,10:34:27,8.6,0.0,4,3440,卖盘
202,10:34:33,8.6,0.0,1,860,买盘
203,10:34:37,8.6,0.0,3,2580,买盘
204,10:34:39,8.6,0.0,13,11180,买盘
205,10:34:42,8.6,0.0,1,860,买盘
206,10:35:04,8.6,0.0,9,7740,买盘
207,10:35:09,8.6,0.0,3,2580,买盘
208,10:35:12,8.6,0.0,3,2580,买盘
209,10:35:21,8.6,0.0,14,12040,卖盘
210,10:35:27,8.6,0.0,6,5160,买盘
211,10:35:39,8.6,0.0,13,11180,买盘
212,10:35:58,8.6,0.0,8,6880,买盘
213,10:36:00,8.58,-0.02,200,171654,卖盘
214,10:36:42,8.6,0.02,1,860,买盘
215,10:37:04,8.59,-0.01,62,53258,卖盘
216,10:37:12,8.58,-0.01,50,42900,卖盘
217,10:37:15,8.58,0.0,10,8580,卖盘
218,10:37:28,8.58,0.0,2,1716,卖盘
219,10:38:04,8.58,0.0,2,1716,买盘
220,10:38:42,8.59,0.01,7,6013,买盘
221,10:39:03,8.59,0.0,2,1718,买盘
222,10:39:54,8.59,0.0,69,59271,买盘
223,10:39:57,8.6,0.01,8,6880,买盘
224,10:40:04,8.6,0.0,2,1720,买盘
225,10:40:31,8.59,-0.01,60,51540,卖盘
226,10:40:39,8.59,0.0,3,2577,卖盘
227,10:40:51,8.58,-0.01,20,17160,卖盘
228,10:41:12,8.6,0.02,33,28372,买盘
229,10:41:30,8.6,0.0,20,17200,买盘
230,10:41:58,8.59,-0.01,10,8590,买盘
231,10:42:09,8.59,0.0,31,26629,卖盘
232,10:42:48,8.59,0.0,11,9449,卖盘
233,10:42:51,8.59,0.0,12,10308,买盘
234,10:43:04,8.59,0.0,2,1718,买盘
235,10:43:33,8.59,0.0,10,8590,买盘
236,10:44:03,8.59,0.0,3,2577,买盘
237,10:44:24,8.59,0.0,22,18898,买盘
238,10:44:43,8.6,0.01,10,8600,买盘
239,10:45:04,8.6,0.0,2,1720,买盘
240,10:45:15,8.6,0.0,1,860,买盘
241,10:45:18,8.6,0.0,30,25800,买盘
242,10:45:52,8.59,-0.01,30,25770,卖盘
243,10:45:57,8.6,0.01,8,6880,买盘
244,10:46:04,8.6,0.0,2,1720,买盘
245,10:46:09,8.59,-0.01,42,36088,卖盘
246,10:46:18,8.6,0.01,257,221020,买盘
247,10:46:27,8.6,0.0,65,55900,卖盘
248,10:46:42,8.6,0.0,2,1720,买盘
249,10:46:57,8.59,-0.01,137,117683,卖盘
250,10:47:00,8.58,-0.01,2,1716,卖盘
251,10:47:04,8.58,0.0,1,858,卖盘
252,10:47:06,8.58,0.0,1,858,卖盘
253,10:47:36,8.59,0.01,13,11167,买盘
254,10:47:48,8.59,0.0,40,34360,卖盘
255,10:48:09,8.59,0.0,4,3436,卖盘
256,10:48:18,8.59,0.0,2,1718,卖盘
257,10:48:45,8.6,0.01,30,25800,买盘
258,10:49:10,8.59,-0.01,5,4295,卖盘
259,10:49:21,8.59,0.0,2,1718,买盘
260,10:50:33,8.59,0.0,50,42930,买盘
261,10:51:04,8.58,-0.01,10,8580,卖盘
262,10:51:33,8.58,0.0,70,60060,卖盘
263,10:51:45,8.57,-0.01,33,28291,卖盘
264,10:51:57,8.57,0.0,14,11998,卖盘
265,10:54:15,8.57,0.0,28,23996,卖盘
266,10:54:57,8.57,0.0,32,27424,买盘
267,10:55:09,8.59,0.02,10,8585,买盘
268,10:56:45,8.59,0.0,8,6872,买盘
269,10:57:12,8.59,0.0,15,12885,卖盘
270,10:57:27,8.6,0.01,3,2580,买盘
271,10:57:30,8.59,-0.01,1,859,卖盘
272,10:58:03,8.59,0.0,1,859,卖盘
273,10:58:06,8.6,0.01,10,8600,买盘
274,10:58:24,8.6,0.0,3,2580,买盘
275,10:58:33,8.6,0.0,1,860,买盘
276,10:59:04,8.59,-0.01,41,35222,卖盘
277,10:59:45,8.6,0.01,101,86860,买盘
278,10:59:51,8.6,0.0,10,8600,买盘
279,10:59:54,8.59,-0.01,10,8590,卖盘
280,10:59:57,8.59,0.0,5,4299,卖盘
281,11:00:34,8.59,0.0,20,17180,卖盘
282,11:01:09,8.6,0.01,3,2580,买盘
283,11:01:24,8.6,0.0,34,29240,买盘
284,11:01:45,8.59,-0.01,15,12885,卖盘
285,11:02:16,8.58,-0.01,11,9438,卖盘
286,11:02:18,8.59,0.01,3,2577,卖盘
287,11:02:48,8.6,0.01,9,7739,买盘
288,11:03:39,8.59,-0.01,1,859,买盘
289,11:04:39,8.59,0.0,19,16321,卖盘
290,11:05:15,8.59,0.0,10,8590,买盘
291,11:05:24,8.59,0.0,10,8590,买盘
292,11:05:42,8.59,0.0,10,8590,买盘
293,11:06:57,8.59,0.0,30,25770,买盘
294,11:07:16,8.58,-0.01,20,17160,卖盘
295,11:07:27,8.59,0.01,20,17180,买盘
296,11:07:30,8.59,0.0,20,17180,买盘
297,11:07:57,8.59,0.0,5,4295,买盘
298,11:08:33,8.58,-0.01,16,13728,卖盘
299,11:09:15,8.59,0.01,23,19757,买盘
300,11:09:24,8.58,-0.01,20,17160,卖盘
301,11:10:09,8.58,0.0,10,8580,卖盘
302,11:10:33,8.58,0.0,14,12012,卖盘
303,11:10:39,8.59,0.01,50,42950,买盘
304,11:11:12,8.59,0.0,100,85900,买盘
305,11:11:24,8.59,0.0,100,85900,买盘
306,11:11:43,8.59,0.0,7,6013,买盘
307,11:12:16,8.59,0.0,1,859,卖盘
308,11:12:46,8.6,0.01,1,860,买盘
309,11:14:09,8.59,-0.01,1,859,中性盘
310,11:15:33,8.59,0.0,15,12885,买盘
311,11:15:54,8.59,0.0,28,24052,卖盘
312,11:16:30,8.59,0.0,20,17180,买盘
313,11:17:06,8.59,0.0,3,2577,买盘
314,11:17:21,8.59,0.0,24,20616,买盘
315,11:17:27,8.59,0.0,8,6872,买盘
316,11:18:54,8.59,0.0,13,11167,买盘
317,11:19:04,8.59,0.0,15,12885,买盘
318,11:19:06,8.59,0.0,8,6872,卖盘
319,11:19:52,8.6,0.01,1,860,买盘
320,11:20:06,8.6,0.0,1,860,买盘
321,11:20:12,8.6,0.0,37,31820,买盘
322,11:20:15,8.59,-0.01,10,8590,卖盘
323,11:21:00,8.59,0.0,192,164928,卖盘
324,11:21:15,8.59,0.0,5,4295,买盘
325,11:21:18,8.59,0.0,3,2577,买盘
326,11:21:48,8.59,0.0,5,4295,卖盘
327,11:21:51,8.6,0.01,29,24940,买盘
328,11:22:03,8.6,0.0,1,860,买盘
329,11:22:22,8.6,0.0,2,1720,买盘
330,11:22:28,8.59,-0.01,20,17180,卖盘
331,11:22:39,8.59,0.0,1,859,卖盘
332,11:23:00,8.59,0.0,200,171900,卖盘
333,11:23:09,8.6,0.01,61,52460,买盘
334,11:23:12,8.59,-0.01,100,85900,卖盘
335,11:23:42,8.6,0.01,104,89440,买盘
336,11:23:45,8.6,0.0,6,5160,买盘
337,11:23:48,8.6,0.0,3,2580,买盘
338,11:24:01,8.6,0.0,18,15470,买盘
339,11:24:04,8.6,0.0,1,860,买盘
340,11:24:15,8.6,0.0,41,35260,买盘
341,11:24:27,8.6,0.0,6,5160,买盘
342,11:24:36,8.6,0.0,2,1720,买盘
343,11:25:12,8.6,0.0,100,86000,买盘
344,11:25:16,8.6,0.0,1,860,买盘
345,11:25:18,8.6,0.0,1,860,买盘
346,11:25:21,8.6,0.0,1,860,买盘
347,11:25:24,8.6,0.0,1,860,买盘
348,11:25:27,8.6,0.0,1,860,买盘
349,11:25:30,8.6,0.0,1,860,买盘
350,11:25:33,8.6,0.0,1,860,买盘
351,11:25:36,8.6,0.0,8,6880,买盘
352,11:26:27,8.61,0.01,12,10332,买盘
353,11:26:45,8.61,0.0,7,6027,买盘
354,11:27:24,8.62,0.01,20,17240,买盘
355,11:27:48,8.62,0.0,52,44824,买盘
356,11:28:00,8.62,0.0,1,862,买盘
357,11:28:06,8.62,0.0,9,7758,买盘
358,11:28:10,8.62,0.0,10,8620,买盘
359,11:28:15,8.62,0.0,1,862,买盘
360,11:29:51,8.62,0.0,1,862,买盘
361,11:29:57,8.62,0.0,1,862,买盘
362,13:00:04,8.63,0.01,260,224170,买盘
363,13:01:12,8.63,0.0,37,31931,买盘
364,13:01:48,8.63,0.0,9,7767,买盘
365,13:01:54,8.63,0.0,1,863,买盘
366,13:02:06,8.63,0.0,42,36246,买盘
367,13:02:09,8.64,0.01,1,864,买盘
368,13:02:21,8.64,0.0,1,864,买盘
369,13:02:30,8.64,0.0,50,43200,买盘
370,13:02:39,8.64,0.0,9,7776,买盘
371,13:02:42,8.64,0.0,65,56130,买盘
372,13:02:57,8.64,0.0,30,25920,卖盘
373,13:03:21,8.65,0.01,37,32005,买盘
374,13:03:45,8.65,0.0,1,865,买盘
375,13:03:51,8.65,0.0,1,865,买盘
376,13:03:55,8.64,-0.01,196,169344,卖盘
377,13:03:57,8.64,0.0,1,864,卖盘
378,13:05:00,8.62,-0.02,11,9482,卖盘
379,13:05:27,8.62,0.0,7,6034,买盘
380,13:06:24,8.61,-0.01,1,861,卖盘
381,13:07:09,8.61,0.0,5,4305,卖盘
382,13:07:21,8.62,0.01,28,24136,买盘
383,13:07:51,8.62,0.0,1,862,卖盘
384,13:10:24,8.61,-0.01,8,6888,卖盘
385,13:10:30,8.61,0.0,35,30135,卖盘
386,13:11:21,8.62,0.01,2,1724,买盘
387,13:11:45,8.62,0.0,12,10344,买盘
388,13:11:57,8.62,0.0,6,5172,买盘
389,13:12:04,8.62,0.0,2,1724,买盘
390,13:12:21,8.62,0.0,4,3448,买盘
391,13:13:21,8.62,0.0,2,1724,卖盘
392,13:13:48,8.63,0.01,1,863,买盘
393,13:14:09,8.62,-0.01,102,87924,卖盘
394,13:14:57,8.62,0.0,3,2586,买盘
395,13:15:00,8.62,0.0,7,6034,卖盘
396,13:16:21,8.62,0.0,1,862,买盘
397,13:16:45,8.62,0.0,3,2586,买盘
398,13:16:51,8.61,-0.01,50,43050,卖盘
399,13:17:03,8.62,0.01,2,1724,买盘
400,13:17:51,8.61,-0.01,5,4305,卖盘
401,13:18:33,8.62,0.01,1,862,买盘
402,13:18:54,8.61,-0.01,8,6888,卖盘
403,13:20:30,8.61,0.0,20,17220,买盘
404,13:20:54,8.61,0.0,22,18942,买盘
405,13:21:24,8.62,0.01,1,862,买盘
406,13:21:45,8.61,-0.01,20,17220,卖盘
407,13:22:06,8.61,0.0,9,7749,卖盘
408,13:22:18,8.62,0.01,1,862,买盘
409,13:22:48,8.62,0.0,2,1724,买盘
410,13:22:57,8.61,-0.01,15,12920,卖盘
411,13:24:12,8.61,0.0,1,861,卖盘
412,13:24:33,8.6,-0.01,10,8600,卖盘
413,13:25:33,8.61,0.01,9,7749,买盘
414,13:26:06,8.6,-0.01,3,2580,卖盘
415,13:26:24,8.6,0.0,10,8600,卖盘
416,13:26:30,8.6,0.0,7,6020,卖盘
417,13:26:58,8.6,0.0,104,89460,卖盘
418,13:27:34,8.6,0.0,12,10320,买盘
419,13:28:24,8.6,0.0,4,3440,买盘
420,13:30:48,8.6,0.0,1,860,买盘
421,13:31:24,8.6,0.0,4,3440,买盘
422,13:31:33,8.6,0.0,1,860,买盘
423,13:32:12,8.6,0.0,6,5160,买盘
424,13:32:30,8.6,0.0,70,60200,买盘
425,13:33:18,8.61,0.01,10,8610,买盘
426,13:33:27,8.61,0.0,1,861,买盘
427,13:33:48,8.61,0.0,5,4305,买盘
428,13:35:24,8.61,0.0,1,861,买盘
429,13:36:27,8.6,-0.01,30,25800,卖盘
430,13:36:30,8.6,0.0,25,21500,卖盘
431,13:36:34,8.6,0.0,2,1720,卖盘
432,13:36:37,8.6,0.0,8,6880,卖盘
433,13:38:00,8.59,-0.01,25,21475,卖盘
434,13:38:24,8.6,0.01,36,30960,买盘
435,13:38:27,8.6,0.0,2,1720,卖盘
436,13:38:45,8.6,0.0,102,87720,卖盘
437,13:38:57,8.6,0.0,3,2580,卖盘
438,13:39:55,8.59,-0.01,47,40373,卖盘
439,13:41:39,8.6,0.01,1,860,买盘
440,13:41:42,8.6,0.0,1,860,买盘
441,13:42:18,8.59,-0.01,80,68720,卖盘
442,13:42:36,8.6,0.01,2,1720,买盘
443,13:43:21,8.6,0.0,1,860,买盘
444,13:43:40,8.6,0.0,3,2580,买盘
445,13:44:03,8.6,0.0,1,860,买盘
446,13:45:18,8.6,0.0,1,860,买盘
447,13:45:40,8.59,-0.01,10,8590,卖盘
448,13:46:07,8.6,0.01,1,860,买盘
449,13:47:18,8.6,0.0,1,860,买盘
450,13:47:39,8.59,-0.01,48,41232,卖盘
451,13:48:33,8.58,-0.01,50,42900,卖盘
452,13:48:52,8.58,0.0,20,17160,卖盘
453,13:49:30,8.59,0.01,10,8590,买盘
454,13:49:39,8.58,-0.01,3,2574,卖盘
455,13:49:42,8.59,0.01,48,41232,买盘
456,13:50:18,8.59,0.0,1,859,买盘
457,13:50:42,8.58,-0.01,20,17160,卖盘
458,13:51:06,8.59,0.01,1,859,买盘
459,13:51:45,8.59,0.0,2,1718,买盘
460,13:52:33,8.58,-0.01,10,8580,卖盘
461,13:52:42,8.59,0.01,3,2577,买盘
462,13:52:45,8.59,0.0,1,859,买盘
463,13:52:54,8.59,0.0,1,859,买盘
464,13:53:04,8.59,0.0,1,859,买盘
465,13:53:10,8.59,0.0,3,2577,买盘
466,13:53:27,8.59,0.0,10,8590,买盘
467,13:53:49,8.58,-0.01,71,60918,卖盘
468,13:54:09,8.58,0.0,30,25740,卖盘
469,13:55:12,8.59,0.01,1,859,买盘
470,13:55:33,8.59,0.0,20,17180,买盘
471,13:56:57,8.58,-0.01,35,30030,卖盘
472,13:57:15,8.59,0.01,1,859,买盘
473,13:58:27,8.58,-0.01,10,8580,卖盘
474,13:58:30,8.58,0.0,2,1716,卖盘
475,13:58:42,8.59,0.01,56,48104,买盘
476,13:59:03,8.59,0.0,1,859,买盘
477,14:00:48,8.59,0.0,9,7731,买盘
478,14:01:03,8.59,0.0,1,859,买盘
479,14:01:21,8.58,-0.01,63,54054,卖盘
480,14:01:24,8.58,0.0,2,1716,买盘
481,14:01:27,8.58,0.0,32,27456,买盘
482,14:01:30,8.58,0.0,2,1716,卖盘
483,14:01:33,8.58,0.0,2,1716,卖盘
484,14:02:06,8.58,0.0,1,858,买盘
485,14:02:21,8.58,0.0,2,1716,买盘
486,14:03:45,8.58,0.0,1,858,买盘
487,14:03:48,8.58,0.0,1,858,买盘
488,14:04:57,8.58,0.0,1,858,买盘
489,14:05:16,8.58,0.0,43,36894,买盘
490,14:05:39,8.57,-0.01,15,12862,卖盘
491,14:05:48,8.59,0.02,1,859,买盘
492,14:06:04,8.59,0.0,1,859,买盘
493,14:06:13,8.59,0.0,9,7731,买盘
494,14:06:49,8.59,0.0,6,5154,买盘
495,14:08:57,8.59,0.0,1,859,买盘
496,14:09:39,8.58,-0.01,2,1716,卖盘
497,14:09:45,8.58,0.0,8,6864,买盘
498,14:10:06,8.58,0.0,4,3432,买盘
499,14:10:42,8.59,0.01,11,9449,买盘
500,14:11:27,8.58,-0.01,20,17160,卖盘
501,14:12:09,8.58,0.0,13,11154,买盘
502,14:13:45,8.57,-0.01,98,83986,卖盘
503,14:13:48,8.57,0.0,2,1714,卖盘
504,14:14:06,8.58,0.01,21,18018,买盘
505,14:14:09,8.57,-0.01,45,38582,卖盘
506,14:14:18,8.57,0.0,7,5999,买盘
507,14:14:24,8.57,0.0,7,5999,卖盘
508,14:14:31,8.57,0.0,20,17140,买盘
509,14:14:33,8.57,0.0,1,857,买盘
510,14:14:45,8.57,0.0,3,2571,买盘
511,14:17:00,8.57,0.0,11,9427,买盘
512,14:18:24,8.56,-0.01,10,8560,卖盘
513,14:18:45,8.57,0.01,1,857,买盘
514,14:19:54,8.56,-0.01,5,4280,卖盘
515,14:20:00,8.56,0.0,5,4280,卖盘
516,14:20:27,8.56,0.0,56,47936,卖盘
517,14:20:45,8.56,0.0,1,856,买盘
518,14:21:00,8.56,0.0,12,10272,买盘
519,14:22:09,8.56,0.0,5,4280,买盘
520,14:22:40,8.55,-0.01,5,4275,卖盘
521,14:22:51,8.55,0.0,73,62415,卖盘
522,14:22:54,8.55,0.0,27,23085,卖盘
523,14:23:15,8.53,-0.02,20,17072,卖盘
524,14:23:37,8.54,0.01,40,34160,卖盘
525,14:23:51,8.54,0.0,14,11956,卖盘
526,14:24:27,8.54,0.0,22,18788,买盘
527,14:24:36,8.54,0.0,36,30744,卖盘
528,14:25:09,8.54,0.0,3,2562,买盘
529,14:25:36,8.54,0.0,26,22204,卖盘
530,14:26:33,8.53,-0.01,5,4265,卖盘
531,14:26:48,8.53,0.0,4,3412,卖盘
532,14:27:06,8.54,0.01,5,4270,买盘
533,14:27:42,8.54,0.0,5,4270,卖盘
534,14:28:00,8.54,0.0,12,10248,卖盘
535,14:29:36,8.54,0.0,1,854,买盘
536,14:29:39,8.54,0.0,5,4270,买盘
537,14:30:19,8.55,0.01,5,4275,买盘
538,14:30:45,8.55,0.0,10,8550,买盘
539,14:30:57,8.55,0.0,6,5130,买盘
540,14:31:48,8.55,0.0,208,177840,买盘
541,14:31:51,8.56,0.01,20,17120,买盘
542,14:31:57,8.57,0.01,5,4285,买盘
543,14:32:15,8.56,-0.01,26,22256,卖盘
544,14:32:58,8.55,-0.01,4,3420,卖盘
545,14:33:06,8.56,0.01,1,856,买盘
546,14:33:09,8.55,-0.01,50,42750,卖盘
547,14:34:21,8.55,0.0,112,95760,卖盘
548,14:35:16,8.55,0.0,6,5130,卖盘
549,14:35:21,8.55,0.0,10,8550,买盘
550,14:35:24,8.56,0.01,5,4279,买盘
551,14:36:15,8.55,-0.01,3,2565,卖盘
552,14:37:36,8.55,0.0,6,5130,卖盘
553,14:38:46,8.55,0.0,32,27360,卖盘
554,14:39:04,8.55,0.0,4,3420,买盘
555,14:39:12,8.55,0.0,3,2565,买盘
556,14:39:30,8.54,-0.01,54,46116,卖盘
557,14:40:21,8.54,0.0,111,94794,卖盘
558,14:40:24,8.54,0.0,13,11102,买盘
559,14:40:27,8.53,-0.01,200,170600,卖盘
560,14:40:57,8.53,0.0,148,126244,卖盘
561,14:41:06,8.53,0.0,200,170600,卖盘
562,14:41:12,8.53,0.0,40,34120,卖盘
563,14:41:16,8.52,-0.01,46,39218,卖盘
564,14:41:45,8.51,-0.01,150,127700,卖盘
565,14:41:54,8.5,-0.01,130,110527,卖盘
566,14:42:30,8.51,0.01,5,4255,卖盘
567,14:43:12,8.53,0.02,56,47768,买盘
568,14:44:21,8.53,0.0,5,4265,买盘
569,14:46:18,8.51,-0.02,100,85100,卖盘
570,14:47:12,8.51,0.0,70,59570,卖盘
571,14:47:21,8.5,-0.01,50,42500,卖盘
572,14:47:30,8.5,0.0,100,85000,卖盘
573,14:48:00,8.5,0.0,100,85000,卖盘
574,14:48:12,8.51,0.01,9,7659,买盘
575,14:48:19,8.5,-0.01,41,34850,卖盘
576,14:48:24,8.5,0.0,16,13600,买盘
577,14:48:33,8.5,0.0,73,62050,买盘
578,14:48:51,8.5,0.0,13,11050,卖盘
579,14:49:01,8.49,-0.01,218,185100,卖盘
580,14:49:12,8.5,0.01,3,2550,买盘
581,14:49:18,8.49,-0.01,20,16980,卖盘
582,14:49:27,8.5,0.01,4,3400,买盘
583,14:49:37,8.5,0.0,13,11050,买盘
584,14:49:42,8.5,0.0,15,12750,卖盘
585,14:49:48,8.48,-0.02,150,127333,卖盘
586,14:50:04,8.48,0.0,30,25440,卖盘
587,14:50:12,8.48,0.0,19,16112,卖盘
588,14:50:22,8.48,0.0,200,169600,卖盘
589,14:50:33,8.48,0.0,125,106022,卖盘
590,14:50:45,8.48,0.0,41,34768,卖盘
591,14:50:48,8.48,0.0,62,52576,卖盘
592,14:50:54,8.48,0.0,17,14428,卖盘
593,14:51:15,8.5,0.02,3,2550,买盘
594,14:51:18,8.5,0.0,3,2550,买盘
595,14:51:24,8.48,-0.02,2,1696,卖盘
596,14:51:42,8.48,0.0,119,100929,卖盘
597,14:51:54,8.48,0.0,61,51728,买盘
598,14:51:57,8.48,0.0,10,8480,卖盘
599,14:52:18,8.5,0.02,31,26350,买盘
600,14:52:22,8.49,-0.01,56,47561,卖盘
601,14:52:24,8.48,-0.01,48,40704,卖盘
602,14:52:30,8.48,0.0,10,8480,买盘
603,14:52:33,8.48,0.0,2,1696,买盘
604,14:52:39,8.56,0.08,306,261160,买盘
605,14:52:42,8.56,0.0,136,116416,卖盘
606,14:52:49,8.56,0.0,18,15408,卖盘
607,14:53:00,8.56,0.0,20,17120,卖盘
608,14:53:04,8.56,0.0,51,43656,卖盘
609,14:53:06,8.56,0.0,10,8560,卖盘
610,14:53:09,8.56,0.0,85,72760,卖盘
611,14:53:15,8.56,0.0,100,85600,卖盘
612,14:53:19,8.56,0.0,110,94160,卖盘
613,14:53:22,8.56,0.0,29,24824,卖盘
614,14:53:24,8.56,0.0,22,18849,卖盘
615,14:53:31,8.56,0.0,99,84744,卖盘
616,14:53:33,8.56,0.0,32,26724,卖盘
617,14:54:39,8.55,-0.01,4,3419,买盘
618,14:55:15,8.55,0.0,7,5985,买盘
619,14:55:42,8.51,-0.04,8,6808,卖盘
620,14:55:45,8.54,0.03,7,5978,买盘
621,14:56:21,8.53,-0.01,20,17060,买盘
622,14:56:33,8.53,0.0,4,3412,买盘
623,14:56:42,8.53,0.0,3,2559,买盘
624,14:56:48,8.52,-0.01,9,7668,卖盘
625,14:56:51,8.53,0.01,5,4265,买盘
626,15:00:04,8.53,0.0,135,115155,卖盘
