,time,price,change,volume,amount,type
0,09:25:03,7.49,-0.03,23,17227,卖盘
1,09:30:04,7.5,0.01,66,49516,买盘
2,09:30:07,7.5,0.0,13,9750,买盘
3,09:30:39,7.5,0.0,11,8250,买盘
4,09:30:42,7.5,0.0,19,14250,买盘
5,09:31:06,7.49,-0.01,11,8239,卖盘
6,09:31:09,7.49,0.0,25,18749,卖盘
7,09:31:24,7.49,0.0,46,34454,卖盘
8,09:31:42,7.49,0.0,10,7490,卖盘
9,09:31:48,7.49,0.0,26,19474,卖盘
10,09:31:54,7.5,0.01,4,3000,买盘
11,09:32:15,7.49,-0.01,10,7490,卖盘
12,09:32:22,7.49,0.0,15,11235,卖盘
13,09:32:27,7.49,0.0,65,48685,卖盘
14,09:32:30,7.49,0.0,25,18725,卖盘
15,09:32:33,7.49,0.0,12,8988,卖盘
16,09:33:13,7.49,0.0,60,44940,卖盘
17,09:33:19,7.49,0.0,4,2996,卖盘
18,09:33:33,7.49,0.0,26,19474,卖盘
19,09:33:36,7.49,0.0,1,749,卖盘
20,09:33:51,7.49,0.0,54,40446,卖盘
21,09:33:57,7.49,0.0,75,56175,卖盘
22,09:34:00,7.49,0.0,16,11984,卖盘
23,09:34:06,7.47,-0.02,53,39744,卖盘
24,09:34:39,7.47,0.0,1,747,卖盘
25,09:34:51,7.47,0.0,15,11207,卖盘
26,09:35:00,7.49,0.02,1,749,买盘
27,09:35:04,7.49,0.0,4,2996,买盘
28,09:35:06,7.49,0.0,18,13482,买盘
29,09:35:12,7.48,-0.01,6,4488,卖盘
30,09:35:48,7.49,0.01,10,7490,买盘
31,09:36:04,7.5,0.01,20,15000,买盘
32,09:36:15,7.5,0.0,5,3750,买盘
33,09:36:21,7.5,0.0,6,4500,买盘
34,09:36:24,7.5,0.0,13,9749,买盘
35,09:36:30,7.5,0.0,165,123750,买盘
36,09:36:45,7.5,0.0,19,14250,卖盘
37,09:36:54,7.49,-0.01,18,13490,卖盘
38,09:37:00,7.49,0.0,69,51681,卖盘
39,09:37:03,7.49,0.0,3,2247,买盘
40,09:37:06,7.49,0.0,3,2247,买盘
41,09:37:09,7.49,0.0,25,18725,买盘
42,09:37:18,7.5,0.01,1,750,买盘
43,09:37:48,7.5,0.0,72,54000,买盘
44,09:37:57,7.5,0.0,31,23250,卖盘
45,09:38:00,7.5,0.0,1,750,买盘
46,09:38:09,7.49,-0.01,1,749,卖盘
47,09:38:36,7.5,0.01,35,26250,买盘
48,09:38:39,7.5,0.0,2,1500,买盘
49,09:38:43,7.5,0.0,15,11250,买盘
50,09:39:15,7.5,0.0,11,8250,卖盘
51,09:39:21,7.49,-0.01,1,749,卖盘
52,09:39:30,7.5,0.01,44,33000,买盘
53,09:39:33,7.5,0.0,62,46480,买盘
54,09:39:36,7.5,0.0,30,22500,买盘
55,09:39:39,7.5,0.0,151,113250,买盘
56,09:39:42,7.5,0.0,66,49500,买盘
57,09:39:45,7.51,0.01,193,144785,买盘
58,09:39:48,7.51,0.0,23,17273,买盘
59,09:39:51,7.51,0.0,4,3004,买盘
60,09:39:54,7.51,0.0,4,3004,买盘
61,09:39:57,7.51,0.0,2,1502,买盘
62,09:40:00,7.51,0.0,2,1502,买盘
63,09:40:04,7.51,0.0,8,6008,买盘
64,09:40:06,7.51,0.0,2,1502,买盘
65,09:40:09,7.51,0.0,82,61582,买盘
66,09:40:12,7.5,-0.01,139,104250,卖盘
67,09:40:15,7.5,0.0,38,28500,买盘
68,09:40:19,7.5,0.0,11,8250,买盘
69,09:40:21,7.5,0.0,11,8250,买盘
70,09:40:33,7.5,0.0,1,750,买盘
71,09:40:42,7.5,0.0,1,750,卖盘
72,09:40:45,7.5,0.0,4,3000,买盘
73,09:40:54,7.5,0.0,20,15000,卖盘
74,09:40:57,7.5,0.0,1,750,买盘
75,09:41:01,7.5,0.0,1,750,买盘
76,09:41:04,7.5,0.0,8,6000,买盘
77,09:41:10,7.5,0.0,1,750,卖盘
78,09:41:12,7.5,0.0,53,39750,卖盘
79,09:41:15,7.5,0.0,3,2250,买盘
80,09:41:18,7.5,0.0,16,12000,买盘
81,09:41:21,7.5,0.0,10,7500,买盘
82,09:41:24,7.5,0.0,8,6000,买盘
83,09:41:28,7.5,0.0,14,10500,买盘
84,09:41:30,7.5,0.0,6,4500,买盘
85,09:41:39,7.5,0.0,4,3000,买盘
86,09:41:51,7.5,0.0,11,8250,买盘
87,09:42:06,7.5,0.0,3,2250,买盘
88,09:42:12,7.5,0.0,10,7500,买盘
89,09:42:16,7.5,0.0,23,17250,买盘
90,09:42:24,7.49,-0.01,10,7490,卖盘
91,09:42:36,7.5,0.01,51,38229,买盘
92,09:42:58,7.49,-0.01,1,749,卖盘
93,09:43:15,7.49,0.0,200,149800,卖盘
94,09:43:22,7.49,0.0,3,2247,卖盘
95,09:43:24,7.49,0.0,152,113848,卖盘
96,09:44:06,7.48,-0.01,11,8238,卖盘
97,09:44:12,7.48,0.0,32,23936,卖盘
98,09:44:16,7.48,0.0,14,10472,卖盘
99,09:44:18,7.48,0.0,20,14960,卖盘
100,09:44:21,7.49,0.01,11,8239,买盘
101,09:44:24,7.48,-0.01,26,19448,卖盘
102,09:44:30,7.48,0.0,8,5984,卖盘
103,09:44:52,7.48,0.0,20,14960,卖盘
104,09:45:25,7.49,0.01,67,50183,买盘
105,09:45:27,7.49,0.0,10,7490,买盘
106,09:45:45,7.48,-0.01,3,2244,卖盘
107,09:45:51,7.48,0.0,1,748,卖盘
108,09:46:06,7.48,0.0,60,44880,卖盘
109,09:46:16,7.48,0.0,13,9724,卖盘
110,09:46:18,7.48,0.0,18,13464,卖盘
111,09:46:27,7.48,0.0,50,37400,卖盘
112,09:46:30,7.48,0.0,10,7480,卖盘
113,09:46:39,7.48,0.0,18,13464,卖盘
114,09:46:42,7.49,0.01,8,5992,买盘
115,09:46:48,7.48,-0.01,7,5236,卖盘
116,09:46:54,7.48,0.0,2,1496,卖盘
117,09:47:04,7.48,0.0,1,748,卖盘
118,09:47:15,7.48,0.0,64,47872,卖盘
119,09:47:21,7.49,0.01,3,2247,买盘
120,09:47:24,7.48,-0.01,15,11232,卖盘
121,09:47:27,7.48,0.0,6,4492,卖盘
122,09:47:33,7.48,0.0,9,6732,卖盘
123,09:47:45,7.49,0.01,8,5992,买盘
124,09:48:09,7.48,-0.01,6,4488,卖盘
125,09:48:31,7.48,0.0,42,31416,卖盘
126,09:48:33,7.47,-0.01,1,747,卖盘
127,09:48:51,7.47,0.0,6,4482,卖盘
128,09:49:21,7.46,-0.01,247,184507,卖盘
129,09:49:24,7.46,0.0,98,73108,卖盘
130,09:50:06,7.46,0.0,74,55204,卖盘
131,09:50:09,7.46,0.0,55,41030,卖盘
132,09:50:15,7.47,0.01,14,10458,买盘
133,09:50:30,7.47,0.0,8,5976,买盘
134,09:50:33,7.46,-0.01,26,19396,卖盘
135,09:50:39,7.46,0.0,200,149200,卖盘
136,09:50:42,7.47,0.01,14,10458,买盘
137,09:50:48,7.47,0.0,23,17181,买盘
138,09:51:06,7.46,-0.01,91,67886,卖盘
139,09:51:19,7.46,0.0,1,746,卖盘
140,09:51:30,7.46,0.0,2,1492,卖盘
141,09:51:48,7.46,0.0,12,8952,卖盘
142,09:51:54,7.46,0.0,24,17904,卖盘
143,09:51:57,7.47,0.01,8,5976,买盘
144,09:52:16,7.46,-0.01,70,52220,卖盘
145,09:52:18,7.46,0.0,15,11190,卖盘
146,09:52:21,7.46,0.0,2,1492,卖盘
147,09:53:16,7.46,0.0,3,2238,买盘
148,09:53:27,7.46,0.0,10,7460,买盘
149,09:53:36,7.45,-0.01,13,9685,卖盘
150,09:53:48,7.45,0.0,10,7450,卖盘
151,09:54:15,7.45,0.0,14,10430,卖盘
152,09:54:34,7.45,0.0,35,26075,卖盘
153,09:54:36,7.46,0.01,9,6714,买盘
154,09:55:22,7.46,0.0,4,2984,买盘
155,09:55:28,7.46,0.0,20,14920,买盘
156,09:55:39,7.46,0.0,5,3730,买盘
157,09:55:48,7.45,-0.01,10,7450,卖盘
158,09:55:51,7.46,0.01,28,20888,买盘
159,09:56:00,7.46,0.0,50,37300,买盘
160,09:56:51,7.46,0.0,4,2984,买盘
161,09:56:54,7.46,0.0,123,91758,买盘
162,09:56:58,7.45,-0.01,113,84198,卖盘
163,09:57:09,7.45,0.0,15,11175,卖盘
164,09:57:12,7.46,0.01,2,1492,买盘
165,09:57:27,7.46,0.0,1,746,买盘
166,09:58:12,7.46,0.0,10,7460,买盘
167,09:58:15,7.45,-0.01,1,745,卖盘
168,09:58:36,7.46,0.01,60,44740,买盘
169,09:58:39,7.46,0.0,10,7460,买盘
170,09:58:55,7.45,-0.01,6,4470,卖盘
171,09:58:58,7.46,0.01,14,10444,买盘
172,09:59:30,7.46,0.0,6,4476,买盘
173,10:00:04,7.46,0.0,5,3730,买盘
174,10:00:18,7.45,-0.01,1,745,卖盘
175,10:00:25,7.45,0.0,300,223500,卖盘
176,10:00:27,7.46,0.01,17,12682,买盘
177,10:00:49,7.45,-0.01,10,7450,卖盘
178,10:01:39,7.45,0.0,3,2235,卖盘
179,10:02:09,7.45,0.0,5,3725,卖盘
180,10:02:45,7.45,0.0,30,22350,卖盘
181,10:03:06,7.46,0.01,1,746,买盘
182,10:03:09,7.46,0.0,8,5968,买盘
183,10:03:48,7.45,-0.01,1,745,卖盘
184,10:03:54,7.46,0.01,6,4476,买盘
185,10:04:33,7.46,0.0,5,3730,买盘
186,10:04:39,7.45,-0.01,30,22350,卖盘
187,10:05:04,7.46,0.01,18,13428,买盘
188,10:05:12,7.46,0.0,2,1492,买盘
189,10:05:51,7.46,0.0,2,1492,买盘
190,10:06:00,7.46,0.0,1,746,买盘
191,10:06:12,7.45,-0.01,18,13410,卖盘
192,10:06:15,7.46,0.01,9,6714,买盘
193,10:06:18,7.45,-0.01,1,745,卖盘
194,10:06:21,7.46,0.01,5,3730,买盘
195,10:06:33,7.45,-0.01,1,745,卖盘
196,10:06:48,7.46,0.01,50,37300,买盘
197,10:06:54,7.46,0.0,162,120852,买盘
198,10:06:57,7.47,0.01,11,8217,买盘
199,10:07:58,7.47,0.0,6,4482,买盘
200,10:08:01,7.46,-0.01,5,3730,卖盘
201,10:08:21,7.46,0.0,4,2986,卖盘
202,10:08:27,7.47,0.01,1,747,买盘
203,10:08:45,7.47,0.0,3,2241,买盘
204,10:08:54,7.47,0.0,1,747,买盘
205,10:09:03,7.47,0.0,2,1494,买盘
206,10:09:21,7.46,-0.01,23,17158,卖盘
207,10:09:39,7.47,0.01,8,5976,买盘
208,10:09:42,7.46,-0.01,3,2238,卖盘
209,10:09:45,7.46,0.0,20,14920,卖盘
210,10:10:04,7.46,0.0,20,14930,卖盘
211,10:10:27,7.46,0.0,1,746,卖盘
212,10:11:00,7.47,0.01,3,2241,买盘
213,10:11:15,7.47,0.0,91,67977,买盘
214,10:11:18,7.47,0.0,10,7470,买盘
215,10:11:27,7.46,-0.01,20,14920,卖盘
216,10:11:36,7.46,0.0,100,74600,卖盘
217,10:11:45,7.46,0.0,100,74600,卖盘
218,10:11:48,7.47,0.01,13,9710,买盘
219,10:12:16,7.47,0.0,18,13446,买盘
220,10:12:58,7.46,-0.01,100,74600,卖盘
221,10:13:06,7.46,0.0,88,65648,卖盘
222,10:13:09,7.46,0.0,11,8206,买盘
223,10:13:12,7.46,0.0,1,746,买盘
224,10:13:33,7.45,-0.01,1,745,卖盘
225,10:14:04,7.46,0.01,1,746,卖盘
226,10:15:51,7.46,0.0,3,2238,卖盘
227,10:16:33,7.46,0.0,21,15666,卖盘
228,10:16:36,7.47,0.01,3,2241,买盘
229,10:17:27,7.46,-0.01,30,22380,卖盘
230,10:17:45,7.46,0.0,15,11190,卖盘
231,10:17:54,7.46,0.0,1,746,卖盘
232,10:18:13,7.46,0.0,10,7460,卖盘
233,10:18:16,7.47,0.01,3,2241,买盘
234,10:18:42,7.46,-0.01,9,6714,卖盘
235,10:19:31,7.47,0.01,13,9711,买盘
236,10:21:00,7.46,-0.01,60,44760,卖盘
237,10:21:04,7.47,0.01,13,9711,买盘
238,10:21:45,7.46,-0.01,300,223800,卖盘
239,10:21:48,7.46,0.0,34,25396,卖盘
240,10:22:24,7.46,0.0,1,746,买盘
241,10:22:30,7.46,0.0,2,1492,买盘
242,10:22:48,7.45,-0.01,132,98340,卖盘
243,10:22:51,7.45,0.0,14,10443,卖盘
244,10:22:58,7.46,0.01,1,746,买盘
245,10:24:48,7.45,-0.01,19,14155,卖盘
246,10:25:21,7.45,0.0,19,14155,卖盘
247,10:25:30,7.45,0.0,50,37250,卖盘
248,10:25:55,7.46,0.01,41,30578,买盘
249,10:26:12,7.46,0.0,4,2984,买盘
250,10:26:21,7.46,0.0,1,746,买盘
251,10:26:24,7.46,0.0,8,5968,买盘
252,10:26:36,7.46,0.0,93,69378,买盘
253,10:26:42,7.46,0.0,5,3730,卖盘
254,10:26:54,7.46,0.0,5,3730,卖盘
255,10:27:00,7.47,0.01,98,73206,买盘
256,10:27:04,7.46,-0.01,14,10454,卖盘
257,10:27:21,7.46,0.0,1,746,买盘
258,10:27:24,7.46,0.0,6,4476,买盘
259,10:28:01,7.45,-0.01,3,2235,卖盘
260,10:28:24,7.45,0.0,1,745,卖盘
261,10:29:49,7.46,0.01,7,5222,买盘
262,10:29:52,7.45,-0.01,1,745,卖盘
263,10:31:24,7.46,0.01,32,23872,买盘
264,10:31:33,7.46,0.0,3,2238,买盘
265,10:31:36,7.46,0.0,2,1492,买盘
266,10:32:21,7.46,0.0,1,746,买盘
267,10:32:24,7.46,0.0,1,746,买盘
268,10:32:48,7.46,0.0,11,8206,买盘
269,10:33:25,7.45,-0.01,9,6705,卖盘
270,10:33:33,7.46,0.01,2,1492,买盘
271,10:33:36,7.46,0.0,3,2238,买盘
272,10:33:45,7.46,0.0,2,1492,买盘
273,10:34:04,7.46,0.0,108,80567,买盘
274,10:34:06,7.46,0.0,10,7460,买盘
275,10:34:09,7.46,0.0,6,4476,买盘
276,10:34:27,7.46,0.0,1,746,买盘
277,10:35:04,7.46,0.0,11,8206,买盘
278,10:35:09,7.46,0.0,121,90266,买盘
279,10:35:27,7.45,-0.01,40,29800,卖盘
280,10:36:00,7.46,0.01,8,5968,买盘
281,10:36:09,7.45,-0.01,3,2235,卖盘
282,10:37:12,7.47,0.02,1,747,买盘
283,10:37:42,7.45,-0.02,140,104300,卖盘
284,10:37:54,7.46,0.01,8,5968,买盘
285,10:38:01,7.46,0.0,7,5222,买盘
286,10:38:09,7.45,-0.01,30,22350,卖盘
287,10:38:12,7.45,0.0,3,2235,卖盘
288,10:38:27,7.47,0.02,3,2241,买盘
289,10:39:00,7.46,-0.01,25,18650,买盘
290,10:39:09,7.46,0.0,3,2238,买盘
291,10:41:54,7.45,-0.01,13,9685,卖盘
292,10:42:25,7.45,0.0,70,52150,卖盘
293,10:42:28,7.46,0.01,11,8206,买盘
294,10:44:15,7.45,-0.01,3,2235,卖盘
295,10:44:18,7.45,0.0,1,745,卖盘
296,10:45:54,7.46,0.01,30,22380,买盘
297,10:45:58,7.46,0.0,3,2238,买盘
298,10:47:04,7.46,0.0,10,7460,买盘
299,10:47:30,7.45,-0.01,26,19370,卖盘
300,10:47:36,7.45,0.0,28,20860,卖盘
301,10:47:39,7.46,0.01,5,3730,买盘
302,10:47:54,7.45,-0.01,12,8940,卖盘
303,10:47:57,7.46,0.01,4,2984,买盘
304,10:48:16,7.46,0.0,26,19396,买盘
305,10:48:30,7.45,-0.01,18,13410,卖盘
306,10:48:42,7.46,0.01,4,2984,买盘
307,10:48:48,7.45,-0.01,27,20115,卖盘
308,10:48:51,7.46,0.01,5,3730,买盘
309,10:49:09,7.46,0.0,15,11190,买盘
310,10:49:28,7.46,0.0,120,89520,买盘
311,10:49:31,7.46,0.0,7,5222,买盘
312,10:49:39,7.46,0.0,7,5222,买盘
313,10:49:54,7.46,0.0,39,29094,买盘
314,10:49:57,7.46,0.0,1,746,卖盘
315,10:50:09,7.47,0.01,4,2988,买盘
316,10:51:27,7.47,0.0,1,747,买盘
317,10:52:01,7.46,-0.01,50,37300,卖盘
318,10:52:03,7.47,0.01,5,3735,买盘
319,10:52:36,7.47,0.0,4,2988,买盘
320,10:53:58,7.46,-0.01,50,37300,卖盘
321,10:54:00,7.47,0.01,4,2988,买盘
322,10:55:04,7.46,-0.01,4,2984,卖盘
323,10:55:18,7.46,0.0,1,746,卖盘
324,10:56:18,7.46,0.0,8,5968,卖盘
325,10:56:22,7.45,-0.01,1,745,卖盘
326,10:57:16,7.47,0.02,12,8964,买盘
327,10:57:21,7.46,-0.01,1,746,卖盘
328,10:57:24,7.45,-0.01,6,4474,卖盘
329,10:59:33,7.45,0.0,4,2980,卖盘
330,10:59:36,7.45,0.0,10,7450,卖盘
331,10:59:45,7.45,0.0,151,112495,卖盘
332,10:59:48,7.45,0.0,10,7459,卖盘
333,10:59:54,7.45,0.0,216,160920,卖盘
334,10:59:57,7.45,0.0,10,7457,卖盘
335,11:00:00,7.44,-0.01,18,13409,卖盘
336,11:00:06,7.45,0.01,3,2235,卖盘
337,11:00:10,7.45,0.0,2,1490,卖盘
338,11:00:12,7.45,0.0,1,745,卖盘
339,11:00:15,7.47,0.02,62,46272,买盘
340,11:01:00,7.45,-0.02,19,14155,卖盘
341,11:01:04,7.45,0.0,5,3725,买盘
342,11:01:22,7.45,0.0,3,2235,买盘
343,11:02:28,7.45,0.0,1,745,买盘
344,11:02:31,7.45,0.0,459,341955,买盘
345,11:02:34,7.45,0.0,13,9685,买盘
346,11:02:57,7.45,0.0,1,745,卖盘
347,11:03:25,7.45,0.0,3,2235,卖盘
348,11:03:36,7.45,0.0,102,75990,卖盘
349,11:03:39,7.45,0.0,6,4470,买盘
350,11:03:42,7.44,-0.01,1,744,卖盘
351,11:04:00,7.45,0.01,4,2980,买盘
352,11:04:33,7.45,0.0,113,84185,买盘
353,11:04:36,7.45,0.0,52,38740,买盘
354,11:04:39,7.45,0.0,4,2980,买盘
355,11:04:42,7.45,0.0,3,2235,买盘
356,11:04:45,7.45,0.0,3,2235,买盘
357,11:05:04,7.45,0.0,71,52895,买盘
358,11:05:06,7.45,0.0,4,2980,买盘
359,11:05:12,7.45,0.0,5,3725,买盘
360,11:05:15,7.45,0.0,75,55875,买盘
361,11:05:18,7.45,0.0,1,745,买盘
362,11:05:33,7.45,0.0,34,25330,买盘
363,11:05:36,7.45,0.0,23,17135,买盘
364,11:07:15,7.45,0.0,56,41348,卖盘
365,11:07:18,7.45,0.0,7,5215,买盘
366,11:08:06,7.45,0.0,100,74500,买盘
367,11:08:09,7.45,0.0,11,8195,买盘
368,11:08:27,7.44,-0.01,42,31248,卖盘
369,11:08:30,7.45,0.01,5,3725,买盘
370,11:09:31,7.44,-0.01,427,317688,卖盘
371,11:09:33,7.44,0.0,45,33480,买盘
372,11:09:39,7.45,0.01,252,187711,买盘
373,11:09:42,7.45,0.0,33,24585,买盘
374,11:09:55,7.45,0.0,8,5960,买盘
375,11:10:27,7.44,-0.01,2,1488,卖盘
376,11:10:40,7.45,0.01,160,119570,买盘
377,11:10:43,7.46,0.01,1,746,中性盘
378,11:11:36,7.46,0.0,16,11936,卖盘
379,11:12:01,7.47,0.01,20,14940,买盘
380,11:12:30,7.46,-0.01,4,2984,卖盘
381,11:12:57,7.46,0.0,10,7460,买盘
382,11:13:00,7.46,0.0,3,2238,买盘
383,11:13:04,7.45,-0.01,17,12673,卖盘
384,11:13:42,7.46,0.01,3,2238,卖盘
385,11:13:51,7.46,0.0,9,6714,买盘
386,11:13:54,7.46,0.0,2,1492,买盘
387,11:13:57,7.46,0.0,2,1492,买盘
388,11:14:00,7.46,0.0,1,746,买盘
389,11:14:36,7.46,0.0,53,39538,买盘
390,11:14:40,7.47,0.01,7,5229,买盘
391,11:14:55,7.47,0.0,4,2988,买盘
392,11:15:57,7.46,-0.01,32,23872,卖盘
393,11:16:01,7.46,0.0,5,3730,买盘
394,11:16:27,7.45,-0.01,1,745,卖盘
395,11:18:24,7.45,0.0,316,235420,卖盘
396,11:18:27,7.45,0.0,32,23840,买盘
397,11:18:31,7.45,0.0,21,15645,买盘
398,11:18:57,7.45,0.0,37,27565,买盘
399,11:19:00,7.45,0.0,6,4470,买盘
400,11:19:21,7.44,-0.01,1,744,卖盘
401,11:19:36,7.45,0.01,20,14900,买盘
402,11:19:39,7.45,0.0,3,2235,买盘
403,11:19:48,7.45,0.0,22,16390,买盘
404,11:20:00,7.45,0.0,2,1490,买盘
405,11:20:04,7.45,0.0,1,745,买盘
406,11:20:09,7.45,0.0,3,2235,买盘
407,11:20:12,7.45,0.0,4,2980,买盘
408,11:20:21,7.45,0.0,1,745,买盘
409,11:20:27,7.45,0.0,41,30545,买盘
410,11:20:30,7.45,0.0,4,2980,买盘
411,11:20:36,7.45,0.0,3,2235,买盘
412,11:20:54,7.45,0.0,44,32780,买盘
413,11:20:57,7.46,0.01,5,3730,买盘
414,11:21:15,7.46,0.0,4,2984,买盘
415,11:22:18,7.46,0.0,10,7460,买盘
416,11:22:21,7.45,-0.01,1,745,卖盘
417,11:22:33,7.45,0.0,1,745,卖盘
418,11:23:51,7.45,0.0,50,37250,卖盘
419,11:23:54,7.46,0.01,7,5222,买盘
420,11:24:52,7.45,-0.01,3,2235,卖盘
421,11:25:19,7.45,0.0,1,745,卖盘
422,11:26:00,7.46,0.01,3,2238,买盘
423,11:26:55,7.45,-0.01,3,2235,卖盘
424,11:27:07,7.46,0.01,4,2984,买盘
425,11:27:09,7.46,0.0,3,2238,买盘
426,11:27:43,7.45,-0.01,20,14900,卖盘
427,11:28:21,7.45,0.0,1,745,卖盘
428,11:28:57,7.45,0.0,3,2235,卖盘
429,11:29:00,7.45,0.0,1,745,卖盘
430,11:29:03,7.45,0.0,8,5960,卖盘
431,11:29:06,7.46,0.01,11,8198,买盘
432,11:29:09,7.45,-0.01,9,6705,卖盘
433,11:29:12,7.45,0.0,2,1490,卖盘
434,11:29:15,7.46,0.01,3,2238,买盘
435,11:29:19,7.46,0.0,3,2238,买盘
436,13:00:04,7.46,0.0,4,2984,买盘
437,13:00:09,7.45,-0.01,2,1490,卖盘
438,13:00:30,7.45,0.0,1,745,卖盘
439,13:00:36,7.45,0.0,1,745,卖盘
440,13:00:48,7.45,0.0,246,183270,卖盘
441,13:00:55,7.45,0.0,10,7450,买盘
442,13:02:12,7.45,0.0,30,22350,买盘
443,13:03:24,7.44,-0.01,1,744,卖盘
444,13:03:30,7.44,0.0,103,76632,卖盘
445,13:03:36,7.45,0.01,40,29800,买盘
446,13:04:33,7.44,-0.01,35,26040,卖盘
447,13:05:15,7.44,0.0,456,339264,卖盘
448,13:05:21,7.44,0.0,44,32736,买盘
449,13:05:52,7.44,0.0,4,2976,卖盘
450,13:06:27,7.43,-0.01,500,371500,卖盘
451,13:06:30,7.42,-0.01,1,742,卖盘
452,13:09:12,7.43,0.01,385,286055,卖盘
453,13:09:15,7.42,-0.01,116,86187,卖盘
454,13:09:27,7.42,0.0,208,154365,卖盘
455,13:09:30,7.43,0.01,1,743,中性盘
456,13:09:36,7.43,0.0,4,2972,卖盘
457,13:09:42,7.43,0.0,2,1486,买盘
458,13:09:45,7.43,0.0,94,69842,买盘
459,13:11:07,7.45,0.02,10,7450,买盘
460,13:11:18,7.45,0.0,1,745,买盘
461,13:12:12,7.43,-0.02,170,126310,卖盘
462,13:12:27,7.42,-0.01,1,742,卖盘
463,13:13:01,7.43,0.01,30,22290,买盘
464,13:13:10,7.42,-0.01,3,2226,卖盘
465,13:13:12,7.43,0.01,1,743,买盘
466,13:13:15,7.43,0.0,13,9659,买盘
467,13:13:27,7.43,0.0,200,148600,买盘
468,13:13:45,7.43,0.0,53,39379,买盘
469,13:14:00,7.43,0.0,19,14117,买盘
470,13:14:04,7.43,0.0,5,3715,买盘
471,13:14:06,7.43,0.0,3,2229,买盘
472,13:14:21,7.43,0.0,6,4458,买盘
473,13:14:25,7.44,0.01,3,2232,买盘
474,13:14:36,7.43,-0.01,20,14860,卖盘
475,13:14:39,7.44,0.01,3,2232,买盘
476,13:14:42,7.45,0.01,4,2979,买盘
477,13:15:33,7.44,-0.01,1,744,卖盘
478,13:15:36,7.44,0.0,1,744,卖盘
479,13:15:39,7.44,0.0,1,744,卖盘
480,13:16:57,7.43,-0.01,81,60183,卖盘
481,13:17:16,7.43,0.0,4,2972,买盘
482,13:17:45,7.42,-0.01,1,742,卖盘
483,13:17:48,7.43,0.01,18,13374,买盘
484,13:17:52,7.43,0.0,3,2229,买盘
485,13:17:54,7.43,0.0,1,743,买盘
486,13:18:00,7.42,-0.01,300,222600,卖盘
487,13:18:12,7.42,0.0,897,665574,卖盘
488,13:18:30,7.41,-0.01,7,5187,卖盘
489,13:18:33,7.41,0.0,147,108927,卖盘
490,13:18:36,7.42,0.01,5,3709,买盘
491,13:19:04,7.41,-0.01,90,66690,卖盘
492,13:19:24,7.42,0.01,10,7420,买盘
493,13:19:42,7.41,-0.01,4,2964,卖盘
494,13:19:48,7.42,0.01,10,7420,买盘
495,13:20:04,7.41,-0.01,1,741,卖盘
496,13:20:24,7.42,0.01,200,148400,买盘
497,13:20:30,7.41,-0.01,130,96330,卖盘
498,13:20:36,7.42,0.01,200,148400,买盘
499,13:20:43,7.42,0.0,1,742,买盘
500,13:20:51,7.41,-0.01,210,155810,卖盘
501,13:21:18,7.42,0.01,100,74200,买盘
502,13:21:33,7.41,-0.01,208,154328,卖盘
503,13:21:36,7.41,0.0,1,741,卖盘
504,13:21:42,7.42,0.01,50,37100,买盘
505,13:21:45,7.42,0.0,30,22260,买盘
506,13:21:51,7.41,-0.01,50,37050,卖盘
507,13:21:54,7.42,0.01,4,2968,买盘
508,13:22:00,7.42,0.0,200,148400,买盘
509,13:22:15,7.42,0.0,829,615118,买盘
510,13:22:18,7.42,0.0,514,381388,买盘
511,13:22:21,7.42,0.0,66,48972,买盘
512,13:22:24,7.43,0.01,12,8916,买盘
513,13:22:33,7.43,0.0,2,1485,买盘
514,13:23:03,7.43,0.0,247,183521,买盘
515,13:23:27,7.43,0.0,10,7430,买盘
516,13:23:36,7.43,0.0,30,22290,买盘
517,13:23:39,7.43,0.0,219,162717,买盘
518,13:23:45,7.43,0.0,10,7430,买盘
519,13:23:48,7.43,0.0,50,37150,买盘
520,13:23:57,7.43,0.0,14,10402,买盘
521,13:24:06,7.43,0.0,60,44580,卖盘
522,13:24:36,7.42,-0.01,1,742,卖盘
523,13:24:51,7.43,0.01,9,6687,中性盘
524,13:25:06,7.42,-0.01,57,42294,卖盘
525,13:25:24,7.43,0.01,11,8173,买盘
526,13:26:18,7.43,0.0,1,743,卖盘
527,13:26:45,7.43,0.0,44,32692,卖盘
528,13:27:04,7.42,-0.01,1,742,卖盘
529,13:27:30,7.42,0.0,1,742,卖盘
530,13:27:48,7.43,0.01,14,10402,买盘
531,13:28:12,7.43,0.0,99,73557,买盘
532,13:28:33,7.43,0.0,11,8173,买盘
533,13:28:46,7.43,0.0,14,10402,买盘
534,13:29:03,7.43,0.0,30,22290,买盘
535,13:29:09,7.42,-0.01,200,148400,卖盘
536,13:29:21,7.42,0.0,4,2968,卖盘
537,13:29:24,7.42,0.0,1000,742000,卖盘
538,13:29:27,7.42,0.0,110,81620,卖盘
539,13:29:30,7.42,0.0,12,8904,卖盘
540,13:29:51,7.42,0.0,296,219632,卖盘
541,13:29:57,7.41,-0.01,3,2223,卖盘
542,13:30:00,7.42,0.01,1,742,买盘
543,13:30:12,7.41,-0.01,8,5928,卖盘
544,13:30:15,7.42,0.01,89,66038,买盘
545,13:30:28,7.42,0.0,7,5193,买盘
546,13:30:36,7.42,0.0,126,93492,买盘
547,13:30:58,7.42,0.0,7,5194,买盘
548,13:31:10,7.41,-0.01,500,370500,卖盘
549,13:31:21,7.41,0.0,1,741,卖盘
550,13:31:24,7.41,0.0,3,2223,卖盘
551,13:31:51,7.42,0.01,123,91266,买盘
552,13:32:00,7.42,0.0,50,37100,买盘
553,13:32:12,7.42,0.0,1,742,买盘
554,13:32:21,7.41,-0.01,1,741,卖盘
555,13:32:25,7.42,0.01,41,30422,买盘
556,13:32:48,7.42,0.0,11,8161,买盘
557,13:32:54,7.42,0.0,123,91266,买盘
558,13:33:00,7.42,0.0,2,1484,买盘
559,13:33:03,7.41,-0.01,9,6671,卖盘
560,13:33:13,7.42,0.01,38,28196,买盘
561,13:33:27,7.42,0.0,49,36358,买盘
562,13:33:34,7.42,0.0,10,7420,买盘
563,13:33:46,7.42,0.0,10,7420,买盘
564,13:33:48,7.41,-0.01,21,15561,卖盘
565,13:34:00,7.42,0.01,16,11872,买盘
566,13:34:18,7.42,0.0,43,31906,卖盘
567,13:34:22,7.42,0.0,23,17066,买盘
568,13:34:33,7.42,0.0,5,3710,卖盘
569,13:34:42,7.43,0.01,7,5198,买盘
570,13:35:18,7.42,-0.01,1,742,卖盘
571,13:35:39,7.42,0.0,1,742,卖盘
572,13:35:43,7.42,0.0,3,2226,卖盘
573,13:35:45,7.42,0.0,54,40117,卖盘
574,13:35:57,7.42,0.0,2,1484,卖盘
575,13:36:21,7.42,0.0,1,742,卖盘
576,13:37:09,7.41,-0.01,1000,741948,卖盘
577,13:38:21,7.41,0.0,30,22230,卖盘
578,13:38:24,7.41,0.0,1,741,卖盘
579,13:38:33,7.41,0.0,1,741,卖盘
580,13:39:12,7.43,0.02,51,37893,买盘
581,13:39:48,7.42,-0.01,72,53424,卖盘
582,13:39:51,7.42,0.0,47,34874,买盘
583,13:39:54,7.42,0.0,20,14840,买盘
584,13:39:58,7.42,0.0,6,4452,买盘
585,13:40:30,7.41,-0.01,500,370500,卖盘
586,13:40:33,7.41,0.0,1,741,卖盘
587,13:40:48,7.42,0.01,10,7420,买盘
588,13:41:09,7.42,0.0,108,80136,买盘
589,13:41:24,7.41,-0.01,1,741,卖盘
590,13:41:57,7.42,0.01,62,45954,买盘
591,13:42:39,7.42,0.0,26,19292,买盘
592,13:42:48,7.42,0.0,10,7420,买盘
593,13:43:00,7.42,0.0,40,29680,买盘
594,13:43:03,7.42,0.0,35,25970,买盘
595,13:43:24,7.41,-0.01,1,741,卖盘
596,13:43:27,7.42,0.01,4,2968,买盘
597,13:43:57,7.41,-0.01,10,7410,卖盘
598,13:44:00,7.41,0.0,300,222300,卖盘
599,13:44:18,7.41,0.0,100,74100,卖盘
600,13:44:27,7.41,0.0,100,74100,卖盘
601,13:44:39,7.41,0.0,100,74100,卖盘
602,13:44:42,7.42,0.01,15,11130,买盘
603,13:44:51,7.42,0.0,71,52682,买盘
604,13:45:03,7.41,-0.01,10,7410,卖盘
605,13:45:22,7.41,0.0,1,741,卖盘
606,13:46:03,7.42,0.01,19,14097,买盘
607,13:46:09,7.42,0.0,15,11130,买盘
608,13:46:12,7.41,-0.01,1,741,卖盘
609,13:46:46,7.41,0.0,1000,741000,卖盘
610,13:46:48,7.41,0.0,52,38532,卖盘
611,13:46:51,7.41,0.0,27,20007,卖盘
612,13:47:30,7.41,0.0,2,1482,卖盘
613,13:47:33,7.41,0.0,2,1482,卖盘
614,13:48:09,7.41,0.0,1,741,卖盘
615,13:48:15,7.41,0.0,152,112632,卖盘
616,13:48:42,7.41,0.0,10,7410,卖盘
617,13:49:06,7.41,0.0,52,38532,卖盘
618,13:49:16,7.41,0.0,50,37050,卖盘
619,13:49:24,7.41,0.0,1,741,卖盘
620,13:49:27,7.42,0.01,139,103138,买盘
621,13:49:52,7.41,-0.01,22,16302,卖盘
622,13:49:54,7.41,0.0,100,74100,卖盘
623,13:50:00,7.42,0.01,10,7420,买盘
624,13:50:10,7.41,-0.01,336,248976,卖盘
625,13:50:42,7.42,0.01,1,742,买盘
626,13:50:51,7.41,-0.01,813,602433,卖盘
627,13:51:04,7.41,0.0,11,8151,买盘
628,13:51:06,7.41,0.0,59,43719,买盘
629,13:51:09,7.41,0.0,118,87438,买盘
630,13:51:12,7.41,0.0,1,741,卖盘
631,13:51:21,7.41,0.0,184,136344,卖盘
632,13:52:27,7.42,0.01,32,23744,买盘
633,13:53:06,7.41,-0.01,5,3705,卖盘
634,13:53:12,7.41,0.0,1,741,卖盘
635,13:53:57,7.42,0.01,10,7420,买盘
636,13:54:21,7.42,0.0,1,742,买盘
637,13:54:36,7.42,0.0,4,2968,买盘
638,13:54:42,7.42,0.0,19,14098,买盘
639,13:54:57,7.41,-0.01,1,741,卖盘
640,13:55:00,7.41,0.0,846,626886,卖盘
641,13:55:45,7.41,0.0,50,37050,买盘
642,13:55:51,7.41,0.0,104,77064,买盘
643,13:56:06,7.41,0.0,1,741,卖盘
644,13:56:09,7.41,0.0,53,39273,卖盘
645,13:56:36,7.41,0.0,30,22230,卖盘
646,13:58:12,7.41,0.0,1,741,卖盘
647,13:59:30,7.41,0.0,100,74100,卖盘
648,13:59:33,7.41,0.0,83,61503,卖盘
649,13:59:39,7.4,-0.01,100,74000,卖盘
650,14:00:06,7.4,0.0,200,148000,卖盘
651,14:00:12,7.4,0.0,68,50320,卖盘
652,14:00:33,7.41,0.01,219,162278,买盘
653,14:01:06,7.41,0.0,1,741,卖盘
654,14:01:24,7.41,0.0,53,39273,卖盘
655,14:01:33,7.41,0.0,19,14079,买盘
656,14:02:15,7.41,0.0,15,11115,买盘
657,14:02:33,7.41,0.0,20,14820,买盘
658,14:03:15,7.4,-0.01,1000,740000,卖盘
659,14:03:18,7.4,0.0,1,740,卖盘
660,14:03:55,7.4,0.0,1,740,卖盘
661,14:04:43,7.41,0.01,13,9633,买盘
662,14:05:24,7.41,0.0,1,741,买盘
663,14:05:27,7.41,0.0,2,1482,买盘
664,14:05:33,7.4,-0.01,689,509860,卖盘
665,14:05:42,7.4,0.0,2,1480,卖盘
666,14:05:55,7.4,0.0,10,7400,卖盘
667,14:06:24,7.4,0.0,1,740,卖盘
668,14:06:48,7.41,0.01,36,26676,买盘
669,14:08:12,7.4,-0.01,1,740,卖盘
670,14:08:24,7.41,0.01,6,4446,买盘
671,14:08:30,7.4,-0.01,1,740,卖盘
672,14:09:12,7.4,0.0,100,74000,卖盘
673,14:09:19,7.4,0.0,1,740,卖盘
674,14:09:22,7.41,0.01,200,148200,买盘
675,14:09:25,7.4,-0.01,553,409220,卖盘
676,14:09:51,7.4,0.0,5,3700,买盘
677,14:10:07,7.4,0.0,4,2960,买盘
678,14:10:36,7.4,0.0,50,37000,买盘
679,14:11:09,7.4,0.0,5,3700,买盘
680,14:11:24,7.39,-0.01,1,739,卖盘
681,14:11:27,7.4,0.01,1,740,买盘
682,14:11:55,7.4,0.0,2,1480,买盘
683,14:12:00,7.4,0.0,44,32560,买盘
684,14:12:09,7.4,0.0,5,3700,买盘
685,14:12:18,7.4,0.0,40,29595,买盘
686,14:12:21,7.4,0.0,34,25160,买盘
687,14:12:30,7.39,-0.01,1,739,卖盘
688,14:12:39,7.4,0.01,53,39220,买盘
689,14:12:42,7.4,0.0,143,105820,买盘
690,14:12:45,7.4,0.0,4,2960,买盘
691,14:12:51,7.4,0.0,3,2220,买盘
692,14:12:54,7.4,0.0,22,16280,买盘
693,14:13:15,7.4,0.0,10,7400,买盘
694,14:13:21,7.39,-0.01,1,739,卖盘
695,14:13:55,7.39,0.0,400,295600,卖盘
696,14:14:45,7.4,0.01,160,118400,买盘
697,14:14:48,7.4,0.0,185,136900,买盘
698,14:14:51,7.4,0.0,1,740,买盘
699,14:14:55,7.4,0.0,1000,740000,买盘
700,14:14:58,7.4,0.0,35,25898,买盘
701,14:15:01,7.4,0.0,105,77700,买盘
702,14:15:07,7.4,0.0,50,37000,买盘
703,14:15:09,7.4,0.0,155,114700,买盘
704,14:15:12,7.4,0.0,38,28120,买盘
705,14:15:18,7.41,0.01,3,2223,买盘
706,14:15:24,7.4,-0.01,6,4440,卖盘
707,14:15:33,7.41,0.0,1,741,卖盘
708,14:15:36,7.41,0.0,1,741,卖盘
709,14:15:45,7.42,0.01,464,344288,买盘
710,14:15:48,7.41,-0.01,48,35272,卖盘
711,14:15:51,7.41,0.0,22,16302,买盘
712,14:16:01,7.41,0.0,20,14820,买盘
713,14:16:04,7.41,0.0,13,9633,买盘
714,14:16:06,7.4,-0.01,100,74000,卖盘
715,14:16:15,7.4,0.0,100,74000,卖盘
716,14:16:18,7.4,0.0,1,740,卖盘
717,14:16:21,7.4,0.0,300,222000,卖盘
718,14:16:27,7.41,0.01,4,2964,买盘
719,14:16:30,7.4,-0.01,100,74000,卖盘
720,14:16:39,7.41,0.01,30,22230,买盘
721,14:17:24,7.41,0.0,7,5187,买盘
722,14:17:27,7.4,-0.01,45,33300,卖盘
723,14:17:30,7.41,0.01,16,11856,买盘
724,14:17:33,7.4,-0.01,1,740,卖盘
725,14:17:51,7.41,0.01,20,14820,买盘
726,14:18:04,7.4,-0.01,10,7400,卖盘
727,14:18:12,7.4,0.0,1,740,卖盘
728,14:18:42,7.41,0.01,20,14820,买盘
729,14:20:18,7.4,-0.01,3,2220,卖盘
730,14:21:06,7.4,0.0,200,148000,卖盘
731,14:21:21,7.4,0.0,1,740,卖盘
732,14:21:24,7.4,0.0,500,370000,卖盘
733,14:21:33,7.4,0.0,27,19980,卖盘
734,14:21:39,7.4,0.0,483,357420,卖盘
735,14:21:42,7.4,0.0,5,3700,买盘
736,14:21:45,7.4,0.0,12,8880,买盘
737,14:21:48,7.4,0.0,6,4440,卖盘
738,14:21:57,7.4,0.0,54,39960,卖盘
739,14:22:27,7.4,0.0,505,373200,买盘
740,14:22:30,7.39,-0.01,25,18475,卖盘
741,14:22:36,7.39,0.0,84,62076,卖盘
742,14:22:39,7.39,0.0,63,46557,卖盘
743,14:22:42,7.39,0.0,59,43615,卖盘
744,14:22:45,7.39,0.0,568,419752,卖盘
745,14:22:48,7.39,0.0,321,237219,卖盘
746,14:22:51,7.39,0.0,7,5173,卖盘
747,14:22:54,7.38,-0.01,34,25092,卖盘
748,14:22:57,7.38,0.0,6,4428,卖盘
749,14:23:03,7.38,0.0,500,369000,卖盘
750,14:23:24,7.39,0.01,212,156668,卖盘
751,14:23:27,7.39,0.0,215,158885,卖盘
752,14:23:36,7.39,0.0,10,7390,卖盘
753,14:23:39,7.39,0.0,30,22170,卖盘
754,14:23:57,7.39,0.0,18,13302,卖盘
755,14:24:00,7.4,0.01,2,1480,买盘
756,14:24:18,7.39,-0.01,21,15519,卖盘
757,14:24:33,7.39,0.0,547,404233,卖盘
758,14:25:03,7.39,0.0,3,2217,买盘
759,14:25:06,7.38,-0.01,2,1476,卖盘
760,14:25:09,7.39,0.01,24,17736,买盘
761,14:25:15,7.39,0.0,45,33255,买盘
762,14:25:42,7.39,0.0,11,8129,买盘
763,14:25:48,7.39,0.0,14,10345,买盘
764,14:26:00,7.39,0.0,17,12563,买盘
765,14:26:04,7.39,0.0,1,739,买盘
766,14:26:24,7.38,-0.01,1,738,卖盘
767,14:26:27,7.39,0.01,339,250521,买盘
768,14:26:37,7.39,0.0,1,739,卖盘
769,14:26:57,7.39,0.0,36,26604,卖盘
770,14:27:04,7.39,0.0,40,29560,卖盘
771,14:28:00,7.39,0.0,50,36950,卖盘
772,14:28:18,7.39,0.0,1,739,卖盘
773,14:29:24,7.4,0.01,50,37000,买盘
774,14:29:45,7.4,0.0,11,8140,买盘
775,14:30:12,7.4,0.0,37,27380,买盘
776,14:30:30,7.39,-0.01,7,5173,卖盘
777,14:30:57,7.4,0.01,57,42139,买盘
778,14:31:00,7.4,0.0,70,51800,买盘
779,14:31:06,7.39,-0.01,1,739,卖盘
780,14:31:18,7.4,0.01,26,19240,买盘
781,14:31:21,7.39,-0.01,11,8129,卖盘
782,14:31:39,7.39,0.0,115,84985,卖盘
783,14:31:43,7.39,0.0,321,237219,卖盘
784,14:32:03,7.39,0.0,1,739,买盘
785,14:32:06,7.39,0.0,10,7390,买盘
786,14:32:12,7.39,0.0,5,3695,买盘
787,14:32:24,7.38,-0.01,260,191880,卖盘
788,14:32:27,7.39,0.01,33,24387,买盘
789,14:32:30,7.38,-0.01,49,36182,卖盘
790,14:32:33,7.38,0.0,1,738,卖盘
791,14:32:39,7.38,0.0,6,4428,卖盘
792,14:32:42,7.38,0.0,4,2952,卖盘
793,14:32:48,7.39,0.01,6,4434,买盘
794,14:33:24,7.38,-0.01,1,738,卖盘
795,14:33:30,7.39,0.01,19,14041,买盘
796,14:33:36,7.39,0.0,10,7390,买盘
797,14:34:00,7.38,-0.01,14,10332,卖盘
798,14:34:07,7.39,0.01,4,2956,买盘
799,14:34:18,7.38,-0.01,623,460069,卖盘
800,14:34:21,7.38,0.0,74,54612,卖盘
801,14:34:39,7.38,0.0,13,9594,卖盘
802,14:34:51,7.38,0.0,15,11070,卖盘
803,14:35:00,7.38,0.0,1,443,买盘
804,14:35:06,7.37,-0.01,22,16214,卖盘
805,14:35:15,7.37,-0.01,81,59738,卖盘
806,14:35:30,7.37,0.0,10,7370,卖盘
807,14:35:39,7.39,0.02,2,1478,买盘
808,14:35:54,7.39,0.0,4,2956,买盘
809,14:36:00,7.38,-0.01,14,10332,卖盘
810,14:36:15,7.38,0.0,174,128412,卖盘
811,14:36:24,7.38,0.0,85,62730,卖盘
812,14:36:51,7.38,0.0,6,4428,卖盘
813,14:36:54,7.38,0.0,10,7380,卖盘
814,14:36:57,7.38,0.0,7,5166,买盘
815,14:37:24,7.38,0.0,4,2952,买盘
816,14:37:33,7.38,0.0,13,9594,买盘
817,14:37:36,7.38,0.0,37,27306,买盘
818,14:37:39,7.38,0.0,70,51660,买盘
819,14:38:28,7.39,0.01,7,5173,买盘
820,14:38:48,7.38,-0.01,182,134316,卖盘
821,14:38:51,7.38,0.0,1,738,买盘
822,14:38:54,7.38,0.0,1,738,买盘
823,14:39:00,7.39,0.01,20,14780,买盘
824,14:40:04,7.38,-0.01,149,109981,卖盘
825,14:40:33,7.38,0.0,20,14760,卖盘
826,14:40:36,7.39,0.01,30,22170,买盘
827,14:40:39,7.38,-0.01,8,5904,卖盘
828,14:41:15,7.38,0.0,6,4428,卖盘
829,14:41:30,7.38,0.0,1,738,卖盘
830,14:42:03,7.38,0.0,71,52398,卖盘
831,14:42:36,7.38,0.0,191,140958,卖盘
832,14:42:39,7.38,0.0,3,2214,买盘
833,14:42:42,7.38,0.0,76,56088,买盘
834,14:42:48,7.38,0.0,5,3690,买盘
835,14:42:57,7.37,-0.01,51,37587,卖盘
836,14:43:00,7.38,0.01,5,3690,买盘
837,14:43:09,7.37,-0.01,569,419058,卖盘
838,14:43:27,7.37,0.0,3,2211,买盘
839,14:43:30,7.36,-0.01,300,221094,卖盘
840,14:43:36,7.36,0.0,88,64474,卖盘
841,14:43:42,7.36,0.0,7,5152,买盘
842,14:43:48,7.35,-0.01,19,13965,卖盘
843,14:43:54,7.36,0.01,51,37536,买盘
844,14:43:57,7.35,-0.01,10,7350,卖盘
845,14:44:06,7.35,0.0,100,73500,卖盘
846,14:44:15,7.35,0.0,10,7350,卖盘
847,14:44:18,7.36,0.01,2,1472,买盘
848,14:44:27,7.35,-0.01,35,25750,卖盘
849,14:44:33,7.35,0.0,294,216090,卖盘
850,14:44:39,7.35,0.0,50,36750,买盘
851,14:44:42,7.35,0.0,65,47775,买盘
852,14:44:45,7.35,0.0,5,3675,买盘
853,14:44:48,7.35,0.0,100,73500,买盘
854,14:44:51,7.35,0.0,200,147000,买盘
855,14:44:57,7.35,0.0,37,27195,买盘
856,14:45:00,7.35,0.0,101,74135,买盘
857,14:45:18,7.35,0.0,4,2940,买盘
858,14:45:21,7.35,0.0,20,14700,买盘
859,14:45:24,7.34,-0.01,139,102026,卖盘
860,14:45:27,7.34,0.0,8,5872,买盘
861,14:45:30,7.34,0.0,8,5872,买盘
862,14:45:36,7.34,0.0,10,7340,买盘
863,14:45:39,7.34,0.0,4,2936,买盘
864,14:45:42,7.34,0.0,2,1468,买盘
865,14:45:46,7.34,0.0,110,80740,中性盘
866,14:45:48,7.32,-0.02,429,314294,卖盘
867,14:45:51,7.32,0.0,179,131321,买盘
868,14:46:15,7.36,0.04,30,22080,买盘
869,14:46:30,7.34,-0.02,69,50646,卖盘
870,14:46:33,7.34,0.0,17,12478,买盘
871,14:46:36,7.34,0.0,6,3964,买盘
872,14:46:48,7.34,0.0,146,107624,卖盘
873,14:46:54,7.34,0.0,74,53876,买盘
874,14:46:58,7.35,0.01,10,7350,买盘
875,14:47:06,7.36,0.01,49,36064,买盘
876,14:47:12,7.35,-0.01,4,2940,买盘
877,14:47:15,7.35,0.0,20,14700,买盘
878,14:47:18,7.36,0.01,100,73600,买盘
879,14:47:24,7.36,0.0,289,212998,买盘
880,14:47:42,7.37,0.01,74,54538,买盘
881,14:47:54,7.39,0.02,54,39906,买盘
882,14:48:00,7.39,0.0,16,11824,买盘
883,14:48:09,7.39,0.0,40,29560,买盘
884,14:48:12,7.39,0.0,300,221700,买盘
885,14:48:18,7.39,0.0,5,3695,买盘
886,14:48:21,7.39,0.0,1,739,买盘
887,14:48:27,7.39,0.0,14,10346,买盘
888,14:48:30,7.39,0.0,38,28082,买盘
889,14:48:46,7.39,0.0,5,3695,买盘
890,14:48:48,7.39,0.0,7,5173,买盘
891,14:48:54,7.39,0.0,14,10346,买盘
892,14:49:04,7.4,0.01,119,88019,买盘
893,14:49:06,7.4,0.0,8,5920,卖盘
894,14:49:09,7.38,-0.02,181,133924,卖盘
895,14:49:22,7.41,0.03,5,3697,买盘
896,14:49:49,7.38,-0.03,6,4428,卖盘
897,14:50:03,7.43,0.05,600,445154,买盘
898,14:50:12,7.42,-0.01,174,128979,买盘
899,14:50:15,7.43,0.01,160,118880,卖盘
900,14:50:18,7.43,0.0,266,197638,卖盘
901,14:50:21,7.38,-0.05,1,739,买盘
902,14:50:28,7.44,0.06,908,675444,买盘
903,14:50:30,7.44,0.0,94,69936,卖盘
904,14:50:33,7.38,-0.06,94,69372,卖盘
905,14:50:39,7.45,0.07,321,238984,买盘
906,14:50:45,7.45,0.0,278,207110,买盘
907,14:50:51,7.45,0.0,140,104300,买盘
908,14:50:57,7.45,0.0,261,194443,买盘
909,14:51:09,7.45,0.0,254,189215,买盘
910,14:51:12,7.45,0.0,95,70775,买盘
911,14:51:15,7.45,0.0,97,72265,卖盘
912,14:51:18,7.39,-0.06,160,119152,卖盘
913,14:51:39,7.45,0.06,74,55125,买盘
914,14:51:42,7.45,0.0,40,29800,卖盘
915,14:51:48,7.45,0.0,163,121558,卖盘
916,14:51:51,7.45,0.0,179,133489,卖盘
917,14:51:54,7.45,0.0,33,24585,卖盘
918,14:52:00,7.46,0.01,163,121549,买盘
919,14:52:04,7.46,0.0,26,19396,卖盘
920,14:52:15,7.46,0.0,262,195430,买盘
921,14:52:21,7.46,0.0,70,52220,卖盘
922,14:52:24,7.46,0.0,10,7460,卖盘
923,14:52:27,7.46,0.0,40,29840,卖盘
924,14:52:30,7.46,0.0,37,27609,卖盘
925,14:52:33,7.46,0.0,123,91758,卖盘
926,14:52:51,7.46,0.0,5,3730,买盘
927,14:52:54,7.45,-0.01,39,29055,卖盘
928,14:52:57,7.45,0.0,30,22350,卖盘
929,14:53:12,7.45,0.0,115,85675,卖盘
930,14:53:16,7.45,0.0,20,14900,卖盘
931,14:53:19,7.46,0.01,138,102898,买盘
932,14:53:22,7.45,-0.01,50,37250,卖盘
933,14:53:24,7.45,0.0,16,11920,卖盘
934,14:53:33,7.44,-0.01,14,10416,卖盘
935,14:53:57,7.43,-0.01,10,7430,卖盘
936,14:54:15,7.43,0.0,1,743,卖盘
937,14:54:24,7.43,0.0,5,3715,卖盘
938,14:54:33,7.43,0.0,144,106992,卖盘
939,14:55:12,7.42,-0.01,1,742,卖盘
940,14:55:15,7.42,0.0,6,4452,卖盘
941,14:55:18,7.43,0.01,156,115902,买盘
942,14:55:21,7.42,-0.01,14,10388,卖盘
943,14:55:24,7.43,0.01,8,5944,买盘
944,14:55:33,7.43,0.0,1,743,买盘
945,14:55:36,7.43,0.0,3,2229,买盘
946,14:56:03,7.43,0.0,226,167918,买盘
947,14:56:06,7.43,0.0,14,10402,买盘
948,14:56:12,7.42,-0.01,9,6686,卖盘
949,14:56:18,7.42,0.0,5,3710,卖盘
950,14:56:24,7.42,0.0,187,138754,卖盘
951,14:56:27,7.42,0.0,50,37100,卖盘
952,14:56:33,7.42,0.0,13,9646,卖盘
953,14:56:36,7.42,0.0,54,40068,卖盘
954,14:56:45,7.43,0.01,24,17832,买盘
955,14:56:51,7.43,0.0,40,29720,买盘
956,14:56:55,7.43,0.0,37,27491,买盘
957,14:56:57,7.42,-0.01,5,3710,卖盘
958,15:00:03,7.49,0.07,11600,8688400,卖盘
