,time,price,change,volume,amount,type
0,09:25:04,5.94,-0.06,1018,604692,卖盘
1,09:30:04,5.91,-0.03,334,197837,卖盘
2,09:30:07,5.92,0.01,1085,642871,买盘
3,09:30:10,5.92,0.0,87,51581,卖盘
4,09:30:13,5.92,0.0,71,42083,卖盘
5,09:30:16,5.92,0.0,29,17168,卖盘
6,09:30:19,5.92,0.0,9,5328,卖盘
7,09:30:22,5.92,0.0,122,72224,卖盘
8,09:30:31,5.92,0.0,57,33744,买盘
9,09:30:34,5.92,0.0,200,118350,买盘
10,09:30:37,5.92,0.0,37,21872,买盘
11,09:30:40,5.92,0.0,72,42624,买盘
12,09:30:43,5.92,0.0,67,39650,买盘
13,09:30:46,5.91,-0.01,190,112460,卖盘
14,09:30:49,5.92,0.01,12,7104,中性盘
15,09:30:52,5.92,0.0,47,27824,卖盘
16,09:30:55,5.92,0.0,20,11840,卖盘
17,09:30:58,5.92,0.0,29,17168,买盘
18,09:31:01,5.93,0.01,240,142029,买盘
19,09:31:05,5.92,-0.01,18,10656,卖盘
20,09:31:07,5.91,-0.01,270,159782,卖盘
21,09:31:10,5.93,0.02,377,223510,买盘
22,09:31:13,5.93,0.0,35,20755,卖盘
23,09:31:19,5.93,0.0,185,109705,卖盘
24,09:31:22,5.92,-0.01,30,17785,卖盘
25,09:31:25,5.93,0.01,40,23720,买盘
26,09:31:28,5.93,0.0,37,21941,买盘
27,09:31:31,5.93,0.0,601,356472,买盘
28,09:31:34,5.93,0.0,45,26685,卖盘
29,09:31:37,5.93,0.0,6,3558,卖盘
30,09:31:40,5.94,0.01,260,154275,买盘
31,09:31:43,5.94,0.0,15,8910,买盘
32,09:31:46,5.94,0.0,10,5940,买盘
33,09:31:52,5.93,-0.01,20,11860,卖盘
34,09:31:55,5.94,0.01,6,3564,买盘
35,09:31:58,5.94,0.0,48,28492,买盘
36,09:32:01,5.94,0.0,73,43362,买盘
37,09:32:04,5.94,0.0,54,32076,买盘
38,09:32:07,5.94,0.0,96,57024,买盘
39,09:32:10,5.94,0.0,22,13068,买盘
40,09:32:13,5.94,0.0,312,185238,买盘
41,09:32:19,5.94,0.0,551,326762,买盘
42,09:32:22,5.94,0.0,46,27324,买盘
43,09:32:28,5.94,0.0,40,23760,买盘
44,09:32:31,5.94,0.0,13,7722,买盘
45,09:32:34,5.93,-0.01,62,36803,卖盘
46,09:32:37,5.94,0.01,73,43362,中性盘
47,09:32:40,5.94,0.0,105,62259,买盘
48,09:32:43,5.94,0.0,5,2970,卖盘
49,09:32:46,5.93,-0.01,61,36226,卖盘
50,09:32:52,5.94,0.01,100,59400,买盘
51,09:32:58,5.93,-0.01,192,113856,卖盘
52,09:33:04,5.94,0.01,242,143748,买盘
53,09:33:07,5.95,0.01,8,4755,买盘
54,09:33:13,5.94,-0.01,30,17823,卖盘
55,09:33:16,5.94,0.0,146,86724,卖盘
56,09:33:19,5.94,0.0,44,26136,买盘
57,09:33:25,5.94,0.0,131,77814,买盘
58,09:33:28,5.94,0.0,239,141745,买盘
59,09:33:31,5.94,0.0,3,1782,买盘
60,09:33:34,5.93,-0.01,46,27319,卖盘
61,09:33:37,5.92,-0.01,30,17771,卖盘
62,09:33:40,5.94,0.02,9,5346,买盘
63,09:33:43,5.94,0.0,356,211366,买盘
64,09:33:49,5.95,0.01,11,6536,买盘
65,09:33:52,5.94,-0.01,28,16632,卖盘
66,09:33:55,5.94,0.0,53,31482,卖盘
67,09:33:58,5.95,0.01,11,6545,买盘
68,09:34:01,5.94,-0.01,51,30294,卖盘
69,09:34:04,5.95,0.01,397,236021,买盘
70,09:34:22,5.94,-0.01,162,96228,卖盘
71,09:34:25,5.94,0.0,17,10098,买盘
72,09:34:28,5.94,0.0,174,103356,买盘
73,09:34:31,5.94,0.0,43,25542,买盘
74,09:34:34,5.94,0.0,32,19008,卖盘
75,09:34:37,5.95,0.01,595,354025,买盘
76,09:34:40,5.94,-0.01,40,23790,卖盘
77,09:34:43,5.94,0.0,388,230479,卖盘
78,09:34:46,5.93,-0.01,80,47440,卖盘
79,09:34:49,5.94,0.01,17,10098,买盘
80,09:34:52,5.94,0.0,8,4752,买盘
81,09:34:55,5.94,0.0,30,17820,买盘
82,09:34:58,5.94,0.0,110,65245,买盘
83,09:35:01,5.94,0.0,136,80664,买盘
84,09:35:04,5.94,0.0,3,1782,买盘
85,09:35:07,5.93,-0.01,111,65823,卖盘
86,09:35:13,5.94,0.01,100,59400,买盘
87,09:35:16,5.93,-0.01,310,184254,卖盘
88,09:35:19,5.94,0.01,163,96772,买盘
89,09:35:22,5.93,-0.01,106,62858,卖盘
90,09:35:25,5.93,0.0,38,22534,买盘
91,09:35:28,5.93,0.0,7,4151,买盘
92,09:35:31,5.93,0.0,126,74657,买盘
93,09:35:34,5.92,-0.01,97,57471,卖盘
94,09:35:37,5.93,0.01,31,18383,买盘
95,09:35:40,5.92,-0.01,68,40294,卖盘
96,09:35:43,5.92,0.0,165,97721,卖盘
97,09:35:46,5.93,0.01,157,92999,买盘
98,09:35:49,5.94,0.01,273,162028,买盘
99,09:35:52,5.94,0.0,223,132462,卖盘
100,09:36:01,5.95,0.01,343,204085,买盘
101,09:36:04,5.94,-0.01,111,66006,卖盘
102,09:36:07,5.94,0.0,5,2970,卖盘
103,09:36:10,5.94,0.0,30,17840,卖盘
104,09:36:13,5.97,0.03,330,196733,买盘
105,09:36:16,5.95,-0.02,34,20230,卖盘
106,09:36:19,5.95,0.0,122,72590,卖盘
107,09:36:22,5.95,0.0,15,8925,卖盘
108,09:36:28,5.97,0.02,14,8358,买盘
109,09:36:31,5.97,0.0,84,50148,买盘
110,09:36:34,5.97,0.0,10,5967,买盘
111,09:36:37,5.97,0.0,93,55521,买盘
112,09:36:40,5.97,0.0,239,142670,买盘
113,09:36:43,5.97,0.0,5,2985,卖盘
114,09:36:46,5.97,0.0,121,72249,卖盘
115,09:36:49,5.97,0.0,8,4776,卖盘
116,09:36:52,5.98,0.01,31,18523,买盘
117,09:36:55,5.98,0.0,5,2990,买盘
118,09:36:58,5.97,-0.01,55,32835,卖盘
119,09:37:01,5.97,0.0,61,36417,买盘
120,09:37:05,5.98,0.01,5,2990,买盘
121,09:37:07,5.97,-0.01,102,60894,卖盘
122,09:37:09,5.98,0.01,84,50198,买盘
123,09:37:13,5.99,0.01,233,139398,买盘
124,09:37:16,5.97,-0.02,100,59701,卖盘
125,09:37:19,5.98,0.01,74,44252,卖盘
126,09:37:22,5.98,0.0,14,8372,卖盘
127,09:37:25,5.99,0.01,28,16772,买盘
128,09:37:28,5.98,-0.01,9,5385,卖盘
129,09:37:31,5.99,0.01,35,20945,买盘
130,09:37:34,5.99,0.0,97,58103,买盘
131,09:37:37,5.99,0.0,8,4792,买盘
132,09:37:40,5.99,0.0,10,5990,买盘
133,09:37:43,6.0,0.01,145,86974,买盘
134,09:37:46,5.99,-0.01,65,38990,卖盘
135,09:37:49,5.99,0.0,30,17970,买盘
136,09:37:55,6.01,0.02,478,287126,买盘
137,09:37:58,5.99,-0.02,29,17419,卖盘
138,09:38:01,6.0,0.01,108,64720,买盘
139,09:38:07,6.0,0.0,66,39600,买盘
140,09:38:10,6.0,0.0,257,154200,买盘
141,09:38:13,6.0,0.0,203,121705,买盘
142,09:38:16,6.0,0.0,38,22800,买盘
143,09:38:19,6.0,0.0,27,16200,买盘
144,09:38:22,6.0,0.0,46,27600,买盘
145,09:38:25,6.0,0.0,46,27600,卖盘
146,09:38:28,6.0,0.0,9,5400,卖盘
147,09:38:31,6.01,0.01,438,262912,买盘
148,09:38:34,6.0,-0.01,44,26387,卖盘
149,09:38:37,6.01,0.01,60,36056,买盘
150,09:38:40,6.0,-0.01,271,162595,买盘
151,09:38:43,5.99,-0.01,2,1198,卖盘
152,09:38:46,5.99,0.0,9,5391,卖盘
153,09:38:49,6.0,0.01,124,74377,买盘
154,09:38:52,6.0,0.0,73,43757,买盘
155,09:38:55,6.0,0.0,126,75499,买盘
156,09:38:57,6.0,0.0,14,8400,买盘
157,09:39:01,5.99,-0.01,70,41930,买盘
158,09:39:05,5.98,-0.01,11,6586,卖盘
159,09:39:07,6.0,0.02,187,112052,买盘
160,09:39:10,5.98,-0.02,30,17966,卖盘
161,09:39:13,5.99,0.01,1,599,卖盘
162,09:39:16,5.99,0.0,91,54509,卖盘
163,09:39:19,5.99,0.0,101,60502,卖盘
164,09:39:25,6.0,0.01,30,17977,买盘
165,09:39:28,5.99,-0.01,128,76672,卖盘
166,09:39:31,5.99,0.0,6,3594,卖盘
167,09:39:34,5.99,0.0,109,65291,卖盘
168,09:39:40,5.98,-0.01,101,60398,卖盘
169,09:39:43,5.98,0.0,22,13156,卖盘
170,09:39:46,5.98,0.0,20,11960,买盘
171,09:39:52,5.98,0.0,24,14352,买盘
172,09:39:55,5.97,-0.01,156,93162,卖盘
173,09:39:58,5.98,0.01,349,208403,买盘
174,09:40:01,5.96,-0.02,54,32184,卖盘
175,09:40:04,5.96,0.0,2,1192,卖盘
176,09:40:07,5.96,0.0,11,6556,卖盘
177,09:40:10,5.96,0.0,303,180637,卖盘
178,09:40:13,5.96,0.0,30,17880,买盘
179,09:40:16,5.96,0.0,46,27416,买盘
180,09:40:19,5.95,-0.01,103,61387,卖盘
181,09:40:22,5.95,0.0,142,84490,卖盘
182,09:40:25,5.96,0.01,308,183568,买盘
183,09:40:28,5.95,-0.01,1,595,卖盘
184,09:40:34,5.95,0.0,20,11900,卖盘
185,09:40:37,5.96,0.01,30,17870,买盘
186,09:40:40,5.96,0.0,19,11324,买盘
187,09:40:46,5.96,0.0,271,161397,买盘
188,09:40:49,5.96,0.0,22,13112,买盘
189,09:40:54,5.95,-0.01,20,11905,卖盘
190,09:40:58,5.95,0.0,22,13090,卖盘
191,09:41:04,5.96,0.01,53,31588,买盘
192,09:41:07,5.95,-0.01,55,32745,卖盘
193,09:41:10,5.95,0.0,40,23820,卖盘
194,09:41:13,5.95,0.0,84,49980,卖盘
195,09:41:19,5.96,0.01,43,25628,买盘
196,09:41:25,5.96,0.0,29,17284,买盘
197,09:41:28,5.95,-0.01,58,34510,卖盘
198,09:41:31,5.96,0.01,30,17880,买盘
199,09:41:34,5.95,-0.01,4,2383,卖盘
200,09:41:37,5.96,0.01,93,55411,买盘
201,09:41:40,5.96,0.0,186,110856,买盘
202,09:41:43,5.95,-0.01,274,163030,卖盘
203,09:41:49,5.95,0.0,39,23241,卖盘
204,09:41:52,5.95,0.0,143,85085,卖盘
205,09:41:55,5.95,0.0,50,29750,卖盘
206,09:41:58,5.96,0.01,5,2980,买盘
207,09:42:01,5.95,-0.01,23,13690,卖盘
208,09:42:04,5.95,0.0,98,58316,卖盘
209,09:42:10,5.96,0.01,20,11920,买盘
210,09:42:13,5.96,0.0,10,5960,卖盘
211,09:42:16,5.95,-0.01,86,51235,卖盘
212,09:42:19,5.95,0.0,848,504572,卖盘
213,09:42:22,5.95,0.0,192,114240,买盘
214,09:42:25,5.95,0.0,79,47005,买盘
215,09:42:31,5.96,0.01,11,6556,买盘
216,09:42:34,5.94,-0.02,442,262596,卖盘
217,09:42:37,5.95,0.01,117,69502,买盘
218,09:42:40,5.95,0.0,37,22011,买盘
219,09:42:43,5.93,-0.02,324,192393,卖盘
220,09:42:46,5.93,0.0,12,7116,买盘
221,09:42:49,5.98,0.05,46,27348,买盘
222,09:42:55,5.93,-0.05,111,66203,卖盘
223,09:43:01,5.96,0.03,1,596,买盘
224,09:43:10,5.97,0.01,379,226259,买盘
225,09:43:13,5.96,-0.01,4,2384,买盘
226,09:43:15,5.95,-0.01,75,44625,卖盘
227,09:43:19,5.94,-0.01,194,115399,卖盘
228,09:43:22,5.96,0.02,30,17880,买盘
229,09:43:31,5.96,0.0,80,47673,买盘
230,09:43:34,5.97,0.01,164,97755,买盘
231,09:43:37,5.97,0.0,10,5970,卖盘
232,09:43:40,5.97,0.0,23,13744,卖盘
233,09:43:43,5.98,0.01,190,113607,买盘
234,09:43:49,5.97,-0.01,25,14925,卖盘
235,09:43:52,5.98,0.01,246,146908,买盘
236,09:43:55,5.98,0.0,1,598,买盘
237,09:43:58,5.98,0.0,76,45447,买盘
238,09:44:01,5.98,0.0,40,23920,卖盘
239,09:44:07,5.97,-0.01,202,120903,卖盘
240,09:44:19,5.96,-0.01,10,5960,卖盘
241,09:44:22,5.97,0.01,16,9552,买盘
242,09:44:25,5.98,0.01,111,66378,买盘
243,09:44:28,5.98,0.0,10,6183,买盘
244,09:44:40,5.97,-0.01,75,44775,卖盘
245,09:44:46,5.97,0.0,72,42781,卖盘
246,09:44:52,5.97,0.0,70,41790,买盘
247,09:44:55,5.97,0.0,100,59700,买盘
248,09:45:01,5.96,-0.01,20,11920,卖盘
249,09:45:04,5.97,0.01,20,11940,买盘
250,09:45:07,5.96,-0.01,116,69187,卖盘
251,09:45:13,5.96,0.0,99,59004,卖盘
252,09:45:19,5.97,0.01,122,72834,买盘
253,09:45:25,5.96,-0.01,220,131446,卖盘
254,09:45:31,5.96,0.0,17,10132,卖盘
255,09:45:34,5.96,0.0,13,7748,卖盘
256,09:45:37,5.97,0.01,15,8955,买盘
257,09:45:46,5.97,0.0,4,2388,买盘
258,09:45:52,5.97,0.0,2,1194,买盘
259,09:46:01,5.96,-0.01,30,17880,卖盘
260,09:46:04,5.96,0.0,3,1788,卖盘
261,09:46:10,5.97,0.01,31,18480,买盘
262,09:46:13,5.97,0.0,3,1791,买盘
263,09:46:16,5.96,-0.01,11,6556,卖盘
264,09:46:19,5.96,0.0,80,47753,卖盘
265,09:46:25,5.96,0.0,70,41740,卖盘
266,09:46:31,5.96,0.0,20,11920,卖盘
267,09:46:34,5.96,0.0,47,28012,卖盘
268,09:46:37,5.96,0.0,4,2384,卖盘
269,09:46:40,5.96,0.0,192,114432,卖盘
270,09:46:46,5.96,0.0,50,29800,卖盘
271,09:46:52,5.96,0.0,200,119200,卖盘
272,09:46:54,5.96,0.0,2,1192,买盘
273,09:46:57,5.96,0.0,428,255088,买盘
274,09:47:07,5.96,0.0,185,110260,卖盘
275,09:47:10,5.97,0.01,6,3582,买盘
276,09:47:34,5.97,0.0,10,5970,买盘
277,09:47:43,5.96,-0.01,20,11920,卖盘
278,09:47:52,5.97,0.01,50,29850,买盘
279,09:47:55,5.97,0.0,34,20298,买盘
280,09:47:58,5.96,-0.01,100,59600,卖盘
281,09:48:01,5.96,0.0,1,596,卖盘
282,09:48:05,5.97,0.01,23,13731,买盘
283,09:48:10,5.96,-0.01,133,79268,卖盘
284,09:48:13,5.96,0.0,60,35760,买盘
285,09:48:16,5.96,0.0,129,76884,买盘
286,09:48:22,5.97,0.01,42,25056,买盘
287,09:48:30,5.97,0.0,188,112236,买盘
288,09:48:33,5.96,-0.01,83,49468,卖盘
289,09:48:37,5.97,0.01,50,29850,买盘
290,09:48:43,5.97,0.0,9,5373,买盘
291,09:48:49,5.97,0.0,21,12537,买盘
292,09:48:51,5.97,0.0,70,41790,买盘
293,09:48:55,5.96,-0.01,26,15496,卖盘
294,09:49:01,5.97,0.01,5,2985,买盘
295,09:49:04,5.96,-0.01,38,22648,卖盘
296,09:49:06,5.97,0.01,40,23880,买盘
297,09:49:10,5.96,-0.01,230,137080,卖盘
298,09:49:13,5.96,0.0,7,4138,卖盘
299,09:49:22,5.97,0.01,3,1791,买盘
300,09:49:28,5.96,-0.01,82,48943,卖盘
301,09:49:31,5.97,0.01,21,12537,买盘
302,09:49:46,5.98,0.01,118,70564,买盘
303,09:49:52,5.97,-0.01,12,7164,卖盘
304,09:49:58,5.97,0.0,6,3582,买盘
305,09:50:01,5.97,0.0,26,15522,买盘
306,09:50:04,5.96,-0.01,5,2980,卖盘
307,09:50:10,5.97,0.01,32,19104,买盘
308,09:50:13,5.97,0.0,1,597,买盘
309,09:50:16,5.97,0.0,100,59700,买盘
310,09:50:22,5.97,0.0,36,21492,买盘
311,09:50:31,5.97,0.0,10,5970,卖盘
312,09:50:34,5.97,0.0,125,74625,卖盘
313,09:50:37,5.96,-0.01,9,5364,卖盘
314,09:50:40,5.97,0.01,10,5970,买盘
315,09:50:45,5.97,0.0,1,597,买盘
316,09:50:49,5.97,0.0,20,11940,买盘
317,09:51:10,5.97,0.0,5,2985,买盘
318,09:51:16,5.96,-0.01,357,212772,卖盘
319,09:51:19,5.97,0.01,28,16716,买盘
320,09:51:25,5.97,0.0,1,597,买盘
321,09:51:28,5.96,-0.01,98,58444,卖盘
322,09:51:43,5.95,-0.01,30,17850,卖盘
323,09:51:49,5.95,0.0,186,110670,卖盘
324,09:51:58,5.94,-0.01,200,118800,卖盘
325,09:52:01,5.94,0.0,157,93258,卖盘
326,09:52:06,5.94,0.0,30,17820,买盘
327,09:52:10,5.94,0.0,200,118700,买盘
328,09:52:13,5.94,0.0,20,11880,买盘
329,09:52:16,5.93,-0.01,297,176121,卖盘
330,09:52:22,5.93,0.0,145,85985,卖盘
331,09:52:25,5.93,0.0,48,28464,卖盘
332,09:52:28,5.93,0.0,5,2965,买盘
333,09:52:37,5.92,-0.01,10,5920,卖盘
334,09:52:40,5.92,0.0,33,19536,卖盘
335,09:52:46,5.92,0.0,83,49136,卖盘
336,09:52:49,5.92,0.0,240,142080,卖盘
337,09:52:58,5.92,0.0,15,8880,买盘
338,09:53:01,5.92,0.0,22,13024,买盘
339,09:53:04,5.92,0.0,51,30192,买盘
340,09:53:07,5.92,0.0,19,11248,买盘
341,09:53:10,5.92,0.0,50,29600,卖盘
342,09:53:13,5.92,0.0,1,551,卖盘
343,09:53:16,5.92,0.0,39,23088,卖盘
344,09:53:19,5.93,0.01,2,1186,买盘
345,09:53:22,5.92,-0.01,330,195475,卖盘
346,09:53:25,5.93,0.01,7,4151,买盘
347,09:53:28,5.93,0.0,12,7116,买盘
348,09:53:31,5.93,0.0,22,13046,买盘
349,09:53:34,5.93,0.0,24,14232,买盘
350,09:53:36,5.93,0.0,89,52777,买盘
351,09:53:40,5.93,0.0,9,5337,买盘
352,09:53:43,5.92,-0.01,50,29638,卖盘
353,09:53:46,5.94,0.02,10,5940,买盘
354,09:53:49,5.93,-0.01,5,2965,卖盘
355,09:53:52,5.94,0.01,12,7128,买盘
356,09:53:58,5.94,0.0,15,8910,买盘
357,09:54:10,5.94,0.0,30,17820,买盘
358,09:54:12,5.94,0.0,113,67122,买盘
359,09:54:16,5.93,-0.01,11,6523,卖盘
360,09:54:19,5.94,0.01,5,2970,买盘
361,09:54:22,5.93,-0.01,135,80140,卖盘
362,09:54:25,5.94,0.01,176,104544,买盘
363,09:54:28,5.93,-0.01,349,206957,卖盘
364,09:54:30,5.94,0.01,180,106850,买盘
365,09:54:34,5.93,-0.01,123,72939,卖盘
366,09:54:37,5.93,0.0,10,5930,买盘
367,09:54:40,5.93,0.0,90,53370,买盘
368,09:54:43,5.93,0.0,2,1186,买盘
369,09:54:46,5.93,0.0,50,29650,卖盘
370,09:54:49,5.93,0.0,1,593,卖盘
371,09:54:55,5.93,0.0,23,13639,卖盘
372,09:54:58,5.93,0.0,53,31429,买盘
373,09:55:04,5.93,0.0,63,37359,买盘
374,09:55:10,5.93,0.0,53,31429,买盘
375,09:55:13,5.92,-0.01,183,108336,卖盘
376,09:55:16,5.92,0.0,88,52096,卖盘
377,09:55:18,5.92,0.0,653,386576,卖盘
378,09:55:22,5.92,0.0,121,71673,卖盘
379,09:55:37,5.91,-0.01,20,11820,卖盘
380,09:55:40,5.91,0.0,209,123595,卖盘
381,09:55:46,5.91,0.0,17,10047,卖盘
382,09:55:52,5.91,0.0,110,65010,卖盘
383,09:55:55,5.91,0.0,2,1182,卖盘
384,09:55:58,5.91,0.0,97,57327,卖盘
385,09:56:04,5.91,0.0,212,125294,卖盘
386,09:56:07,5.92,0.01,135,79796,买盘
387,09:56:10,5.91,-0.01,31,18321,卖盘
388,09:56:16,5.91,0.0,10,5910,卖盘
389,09:56:22,5.91,0.0,92,54372,卖盘
390,09:56:28,5.91,0.0,27,15957,卖盘
391,09:56:31,5.91,0.0,100,59100,卖盘
392,09:56:34,5.92,0.01,17,10064,买盘
393,09:56:37,5.92,0.0,19,11248,买盘
394,09:56:40,5.91,-0.01,20,11820,卖盘
395,09:56:43,5.92,0.01,12,7104,买盘
396,09:56:46,5.92,0.0,51,30192,买盘
397,09:56:51,5.92,0.0,117,69264,买盘
398,09:56:55,5.92,0.0,119,70448,买盘
399,09:56:57,5.92,0.0,53,31376,买盘
400,09:57:01,5.92,0.0,167,98864,买盘
401,09:57:04,5.92,0.0,56,33111,买盘
402,09:57:07,5.93,0.01,3,1779,买盘
403,09:57:16,5.92,-0.01,25,14807,卖盘
404,09:57:19,5.93,0.01,215,127488,买盘
405,09:57:31,5.93,0.0,42,24906,卖盘
406,09:57:37,5.93,0.0,11,6523,卖盘
407,09:57:42,5.93,0.0,28,16604,卖盘
408,09:57:49,5.93,0.0,33,19569,卖盘
409,09:57:55,5.94,0.01,6,3564,买盘
410,09:57:58,5.93,-0.01,34,20162,卖盘
411,09:58:01,5.93,0.0,93,55164,卖盘
412,09:58:04,5.93,0.0,40,23720,卖盘
413,09:58:07,5.93,0.0,50,29650,买盘
414,09:58:13,5.92,-0.01,8,4736,卖盘
415,09:58:22,5.92,0.0,398,235616,卖盘
416,09:58:25,5.92,0.0,362,214304,卖盘
417,09:58:34,5.92,0.0,3,1776,卖盘
418,09:58:37,5.92,0.0,18,10656,卖盘
419,09:58:40,5.92,0.0,36,21345,卖盘
420,09:58:42,5.92,0.0,79,46768,卖盘
421,09:58:46,5.92,0.0,102,60425,卖盘
422,09:58:49,5.92,0.0,10,5920,买盘
423,09:58:55,5.92,0.0,1,592,买盘
424,09:58:58,5.91,-0.01,492,290772,卖盘
425,09:59:04,5.91,0.0,61,36051,卖盘
426,09:59:07,5.91,0.0,405,239355,卖盘
427,09:59:10,5.91,0.0,26,15366,卖盘
428,09:59:13,5.91,0.0,122,72106,卖盘
429,09:59:16,5.91,0.0,42,24822,卖盘
430,09:59:19,5.91,0.0,9,5319,卖盘
431,09:59:22,5.91,0.0,48,28319,卖盘
432,09:59:31,5.9,-0.01,2,1180,卖盘
433,09:59:34,5.91,0.01,8,4728,买盘
434,09:59:40,5.91,0.0,94,55469,买盘
435,09:59:43,5.9,-0.01,26,15352,卖盘
436,09:59:46,5.91,0.01,10,5910,买盘
437,09:59:49,5.9,-0.01,20,11815,卖盘
438,09:59:52,5.91,0.01,17,10047,买盘
439,09:59:55,5.9,-0.01,85,50121,卖盘
440,09:59:58,5.91,0.01,27,15957,买盘
441,10:00:01,5.91,0.0,30,17730,买盘
442,10:00:04,5.91,0.0,121,71504,买盘
443,10:00:07,5.91,0.0,163,96312,买盘
444,10:00:13,5.92,0.01,2,1184,买盘
445,10:00:16,5.91,-0.01,4,2364,卖盘
446,10:00:19,5.92,0.01,73,43216,买盘
447,10:00:22,5.92,0.0,154,91168,卖盘
448,10:00:28,5.92,0.0,103,60976,卖盘
449,10:00:31,5.93,0.01,10,5930,买盘
450,10:00:46,5.94,0.01,1,594,买盘
451,10:00:58,5.93,-0.01,109,64637,卖盘
452,10:01:00,5.93,0.0,1,593,买盘
453,10:01:04,5.94,0.01,34,20196,买盘
454,10:01:06,5.94,0.0,10,5940,买盘
455,10:01:10,5.93,-0.01,38,22534,卖盘
456,10:01:16,5.93,0.0,30,17790,买盘
457,10:01:22,5.93,0.0,32,18976,买盘
458,10:01:25,5.93,0.0,6,3558,卖盘
459,10:01:34,5.93,0.0,62,36766,卖盘
460,10:01:37,5.93,0.0,7,4151,买盘
461,10:01:40,5.93,0.0,55,32615,买盘
462,10:01:49,5.92,-0.01,113,66896,卖盘
463,10:01:52,5.93,0.01,112,66416,买盘
464,10:01:54,5.93,0.0,8,4744,卖盘
465,10:02:07,5.92,-0.01,2,1184,卖盘
466,10:02:16,5.93,0.01,237,140541,买盘
467,10:02:19,5.92,-0.01,17,10064,卖盘
468,10:02:34,5.92,0.0,285,168720,卖盘
469,10:02:46,5.93,0.01,13,7709,买盘
470,10:03:01,5.92,-0.01,70,41440,卖盘
471,10:03:07,5.93,0.01,3,1779,买盘
472,10:03:13,5.92,-0.01,57,33756,卖盘
473,10:03:22,5.92,0.0,9,5328,卖盘
474,10:03:28,5.92,0.0,273,161616,卖盘
475,10:03:43,5.92,0.0,100,59200,买盘
476,10:04:07,5.91,-0.01,297,175527,卖盘
477,10:04:10,5.9,-0.01,469,276706,卖盘
478,10:04:19,5.9,0.0,2,1180,买盘
479,10:04:22,5.89,-0.01,314,184946,卖盘
480,10:04:25,5.9,0.01,50,29464,买盘
481,10:04:28,5.89,-0.01,1,589,中性盘
482,10:04:31,5.88,-0.01,23,13527,卖盘
483,10:04:33,5.89,0.01,142,83599,买盘
484,10:04:37,5.88,-0.01,28,16479,卖盘
485,10:04:40,5.89,0.01,10,5890,买盘
486,10:04:43,5.89,0.0,114,67046,买盘
487,10:04:46,5.88,-0.01,305,179372,卖盘
488,10:04:49,5.88,0.0,13,7644,买盘
489,10:04:52,5.88,0.0,118,69384,买盘
490,10:04:55,5.87,-0.01,121,71143,卖盘
491,10:04:58,5.89,0.02,26,15306,买盘
492,10:05:01,5.89,0.0,59,34751,买盘
493,10:05:04,5.9,0.01,6,3540,买盘
494,10:05:06,5.88,-0.02,137,80708,卖盘
495,10:05:10,5.9,0.02,55,32450,买盘
496,10:05:13,5.9,0.0,11,6490,买盘
497,10:05:16,5.89,-0.01,131,77147,中性盘
498,10:05:19,5.9,0.01,43,25330,买盘
499,10:05:25,5.89,-0.01,30,17670,卖盘
500,10:05:28,5.89,0.0,2,1180,卖盘
501,10:05:31,5.92,0.03,100,59138,买盘
502,10:05:33,5.89,-0.03,283,166693,卖盘
503,10:05:40,5.89,0.0,66,38874,买盘
504,10:05:43,5.9,0.01,62,36522,买盘
505,10:05:46,5.92,0.02,12,7104,买盘
506,10:05:49,5.89,-0.03,40,23573,卖盘
507,10:05:58,5.9,0.01,54,31860,买盘
508,10:06:01,5.9,0.0,24,14160,买盘
509,10:06:04,5.9,0.0,164,96760,卖盘
510,10:06:07,5.91,0.01,4,2364,买盘
511,10:06:10,5.91,0.0,49,28959,买盘
512,10:06:13,5.91,0.0,16,9444,买盘
513,10:06:16,5.91,0.0,13,7683,买盘
514,10:06:19,5.91,0.0,87,51417,买盘
515,10:06:25,5.89,-0.02,600,353994,卖盘
516,10:06:28,5.92,0.03,10,5920,买盘
517,10:06:55,5.92,0.0,223,132016,买盘
518,10:06:58,5.91,-0.01,76,44916,卖盘
519,10:07:01,5.9,-0.01,164,96792,卖盘
520,10:07:04,5.91,0.01,75,44325,买盘
521,10:07:07,5.91,0.0,22,13002,买盘
522,10:07:10,5.92,0.01,4,2368,买盘
523,10:07:13,5.92,0.0,11,6512,买盘
524,10:07:16,5.92,0.0,28,16576,买盘
525,10:07:19,5.92,0.0,20,11840,买盘
526,10:07:22,5.92,0.0,46,27232,买盘
527,10:07:25,5.92,0.0,36,21312,买盘
528,10:07:28,5.92,0.0,16,9472,买盘
529,10:07:31,5.92,0.0,18,10656,买盘
530,10:07:34,5.91,-0.01,234,138336,卖盘
531,10:07:37,5.92,0.01,6,3552,买盘
532,10:07:40,5.92,0.0,214,126688,买盘
533,10:07:43,5.91,-0.01,98,57918,卖盘
534,10:07:49,5.92,0.01,21,12432,买盘
535,10:07:55,5.92,0.0,200,118400,买盘
536,10:08:07,5.92,0.0,40,23680,买盘
537,10:08:13,5.92,0.0,165,97680,卖盘
538,10:08:25,5.92,0.0,9,5328,买盘
539,10:08:36,5.92,0.0,50,29600,买盘
540,10:09:04,5.92,0.0,17,10064,买盘
541,10:09:13,5.92,0.0,5,2960,买盘
542,10:09:31,5.91,-0.01,70,41370,卖盘
543,10:09:34,5.92,0.01,3,1776,买盘
544,10:09:40,5.92,0.0,48,28374,买盘
545,10:09:46,5.91,-0.01,334,197394,卖盘
546,10:09:58,5.91,0.0,6,3546,买盘
547,10:10:01,5.91,0.0,11,6501,买盘
548,10:10:04,5.91,0.0,8,4728,买盘
549,10:10:07,5.91,0.0,2,1182,买盘
550,10:10:10,5.91,0.0,3,1773,买盘
551,10:10:13,5.91,0.0,3,1773,买盘
552,10:10:16,5.91,0.0,3,1773,买盘
553,10:10:19,5.9,-0.01,5,2954,卖盘
554,10:10:22,5.9,0.0,11,6494,卖盘
555,10:10:25,5.9,0.0,43,25370,卖盘
556,10:10:31,5.9,0.0,302,178180,卖盘
557,10:10:34,5.9,0.0,18,10620,买盘
558,10:10:37,5.89,-0.01,81,47709,卖盘
559,10:10:40,5.9,0.01,300,177000,买盘
560,10:10:46,5.9,0.0,17,10030,买盘
561,10:10:49,5.9,0.0,26,15340,买盘
562,10:10:52,5.89,-0.01,30,17670,卖盘
563,10:10:55,5.89,0.0,23,13560,卖盘
564,10:10:58,5.89,0.0,11,6489,卖盘
565,10:11:04,5.89,0.0,84,49476,卖盘
566,10:11:07,5.89,0.0,10,5890,买盘
567,10:11:16,5.89,0.0,2,1178,买盘
568,10:11:19,5.89,0.0,38,22382,买盘
569,10:11:22,5.88,-0.01,177,104105,卖盘
570,10:11:24,5.89,0.01,145,85405,买盘
571,10:11:31,5.88,-0.01,376,221123,卖盘
572,10:11:34,5.88,0.0,26,15312,卖盘
573,10:11:37,5.89,0.01,10,5890,买盘
574,10:11:39,5.89,0.0,22,12958,卖盘
575,10:11:43,5.88,-0.01,171,100604,卖盘
576,10:11:49,5.88,0.0,249,146430,卖盘
577,10:11:58,5.88,0.0,88,51747,卖盘
578,10:12:01,5.89,0.01,33,19437,买盘
579,10:12:07,5.88,-0.01,20,11760,卖盘
580,10:12:10,5.88,0.0,88,51744,卖盘
581,10:12:12,5.89,0.01,20,11780,买盘
582,10:12:15,5.88,-0.01,35,20580,卖盘
583,10:12:18,5.89,0.01,299,175817,买盘
584,10:12:28,5.89,0.0,12,7068,买盘
585,10:12:31,5.89,0.0,16,9424,卖盘
586,10:12:34,5.88,-0.01,20,11778,卖盘
587,10:12:40,5.89,0.01,1,589,买盘
588,10:12:43,5.89,0.0,147,86583,买盘
589,10:12:46,5.89,0.0,14,8246,买盘
590,10:12:49,5.89,0.0,10,5890,买盘
591,10:12:52,5.88,-0.01,359,211142,卖盘
592,10:12:55,5.88,0.0,4,2352,卖盘
593,10:13:09,5.89,0.01,5,2945,卖盘
594,10:13:13,5.9,0.01,10,5900,买盘
595,10:13:16,5.9,0.0,80,47200,买盘
596,10:13:19,5.9,0.0,8,4720,买盘
597,10:13:33,5.9,0.0,30,17700,买盘
598,10:13:42,5.89,-0.01,2,1178,卖盘
599,10:13:46,5.9,0.01,9,5310,买盘
600,10:13:49,5.89,-0.01,12,7068,卖盘
601,10:13:52,5.89,0.0,44,25916,卖盘
602,10:13:57,5.9,0.01,100,59000,买盘
603,10:14:07,5.9,0.0,10,5900,买盘
604,10:14:18,5.89,-0.01,41,24153,卖盘
605,10:14:37,5.89,0.0,13,7660,卖盘
606,10:14:42,5.89,0.0,22,12958,卖盘
607,10:15:01,5.89,0.0,28,16492,卖盘
608,10:15:10,5.89,0.0,649,382261,卖盘
609,10:15:16,5.89,0.0,10,5890,买盘
610,10:15:19,5.88,-0.01,122,71836,卖盘
611,10:15:25,5.88,0.0,59,34692,卖盘
612,10:15:34,5.89,0.01,102,60078,买盘
613,10:15:40,5.89,0.0,2,1178,买盘
614,10:15:46,5.88,-0.01,1,588,卖盘
615,10:15:52,5.89,0.01,9,5301,买盘
616,10:15:55,5.89,0.0,55,32395,买盘
617,10:16:01,5.89,0.0,5,2945,买盘
618,10:16:06,5.89,0.0,35,20615,买盘
619,10:16:16,5.89,0.0,132,77748,买盘
620,10:16:28,5.89,0.0,1,589,卖盘
621,10:16:40,5.89,0.0,22,12958,卖盘
622,10:16:46,5.9,0.01,10,5900,买盘
623,10:16:49,5.89,-0.01,33,19437,卖盘
624,10:16:52,5.9,0.01,33,19470,买盘
625,10:17:04,5.9,0.0,7,4130,买盘
626,10:17:13,5.89,-0.01,133,78337,卖盘
627,10:17:25,5.89,0.0,11,6479,卖盘
628,10:18:01,5.89,0.0,78,45977,卖盘
629,10:18:12,5.9,0.01,10,5900,买盘
630,10:18:16,5.9,0.0,20,11800,买盘
631,10:18:27,5.89,-0.01,120,70680,卖盘
632,10:18:46,5.9,0.01,13,7670,买盘
633,10:18:52,5.9,0.0,1,590,买盘
634,10:19:01,5.89,-0.01,142,83638,卖盘
635,10:19:04,5.89,0.0,1,589,买盘
636,10:19:10,5.89,0.0,1,589,买盘
637,10:19:13,5.89,0.0,51,30039,买盘
638,10:19:24,5.89,0.0,5,2945,卖盘
639,10:19:43,5.89,0.0,1,589,卖盘
640,10:19:58,5.89,0.0,53,31217,卖盘
641,10:20:15,5.89,0.0,40,23560,卖盘
642,10:20:19,5.9,0.01,20,11800,买盘
643,10:20:28,5.9,0.0,19,11210,买盘
644,10:20:36,5.9,0.0,5,2950,买盘
645,10:20:46,5.89,-0.01,20,11780,卖盘
646,10:21:01,5.89,0.0,15,8846,卖盘
647,10:21:04,5.9,0.01,50,29500,买盘
648,10:21:13,5.89,-0.01,41,24008,卖盘
649,10:21:18,5.89,0.0,210,123710,卖盘
650,10:21:25,5.89,0.0,365,214950,卖盘
651,10:21:31,5.89,0.0,92,54379,卖盘
652,10:21:34,5.89,0.0,22,12781,买盘
653,10:21:40,5.89,0.0,18,10602,卖盘
654,10:21:55,5.89,0.0,20,11780,卖盘
655,10:21:58,5.89,0.0,17,10013,卖盘
656,10:22:07,5.89,0.0,15,8835,卖盘
657,10:22:10,5.89,0.0,195,115012,卖盘
658,10:22:13,5.89,0.0,10,5890,买盘
659,10:22:19,5.88,-0.01,20,11760,卖盘
660,10:22:22,5.89,0.01,45,26328,买盘
661,10:22:31,5.89,0.0,69,40641,卖盘
662,10:22:33,5.89,0.0,4,2356,卖盘
663,10:23:01,5.9,0.01,4,2360,买盘
664,10:23:04,5.89,-0.01,114,67146,卖盘
665,10:23:07,5.89,0.0,2,1178,卖盘
666,10:23:10,5.9,0.01,16,9430,买盘
667,10:23:13,5.89,-0.01,1,589,卖盘
668,10:23:25,5.9,0.01,50,29500,买盘
669,10:24:16,5.9,0.0,16,9440,买盘
670,10:24:28,5.89,-0.01,10,5890,卖盘
671,10:24:37,5.89,0.0,15,8835,卖盘
672,10:25:10,5.9,0.01,38,22417,买盘
673,10:25:22,5.9,0.0,505,297950,买盘
674,10:25:31,5.9,0.0,10,5900,买盘
675,10:25:34,5.9,0.0,20,11800,买盘
676,10:25:43,5.9,0.0,110,64900,买盘
677,10:25:46,5.9,0.0,34,20060,买盘
678,10:25:49,5.9,0.0,64,37760,买盘
679,10:25:55,5.9,0.0,18,10620,卖盘
680,10:25:58,5.92,0.02,100,59188,买盘
681,10:26:10,5.92,0.0,25,14795,买盘
682,10:26:13,5.93,0.01,21,12453,买盘
683,10:26:16,5.92,-0.01,10,5920,卖盘
684,10:26:31,5.92,0.0,50,29600,买盘
685,10:26:34,5.92,0.0,1,592,买盘
686,10:26:43,5.92,0.0,13,7696,买盘
687,10:26:49,5.92,0.0,2,1184,卖盘
688,10:27:22,5.92,0.0,84,49728,卖盘
689,10:27:30,5.91,-0.01,10,5910,卖盘
690,10:27:46,5.91,0.0,10,5910,卖盘
691,10:27:49,5.91,0.0,3,1773,卖盘
692,10:27:55,5.91,0.0,18,10638,买盘
693,10:28:19,5.91,0.0,4,2364,买盘
694,10:28:28,5.91,0.0,15,8865,买盘
695,10:28:31,5.9,-0.01,76,44852,卖盘
696,10:28:34,5.91,0.01,2,1182,买盘
697,10:28:37,5.91,0.0,24,14174,买盘
698,10:28:49,5.91,0.0,5,2955,买盘
699,10:28:58,5.91,0.0,50,29550,买盘
700,10:29:04,5.91,0.0,13,7683,买盘
701,10:29:10,5.91,0.0,28,16548,买盘
702,10:29:19,5.91,0.0,4,2364,买盘
703,10:29:33,5.91,0.0,10,5910,买盘
704,10:29:43,5.91,0.0,105,62055,买盘
705,10:29:52,5.91,0.0,20,11820,买盘
706,10:30:25,5.91,0.0,16,9456,买盘
707,10:30:31,5.91,0.0,90,53190,买盘
708,10:30:43,5.92,0.01,11,6512,买盘
709,10:31:00,5.92,0.0,39,23088,买盘
710,10:31:10,5.92,0.0,30,17760,买盘
711,10:31:19,5.91,-0.01,2,1182,卖盘
712,10:31:43,5.92,0.01,1,592,买盘
713,10:31:46,5.91,-0.01,8,4728,卖盘
714,10:31:58,5.91,0.0,29,17139,卖盘
715,10:32:04,5.91,0.0,8,4728,卖盘
716,10:33:25,5.9,-0.01,3,1770,卖盘
717,10:33:34,5.91,0.01,1,591,买盘
718,10:33:39,5.9,-0.01,10,5900,卖盘
719,10:33:54,5.9,0.0,152,89680,卖盘
720,10:34:01,5.91,0.01,50,29550,买盘
721,10:34:04,5.9,-0.01,6,3540,卖盘
722,10:34:10,5.9,0.0,86,50740,卖盘
723,10:34:13,5.9,0.0,8,4720,卖盘
724,10:34:22,5.9,0.0,36,21240,卖盘
725,10:34:28,5.9,0.0,10,5900,卖盘
726,10:34:34,5.9,0.0,6,3540,卖盘
727,10:34:48,5.9,0.0,10,5900,卖盘
728,10:34:52,5.9,0.0,8,4720,卖盘
729,10:35:07,5.9,0.0,50,29500,卖盘
730,10:35:10,5.9,0.0,120,70800,卖盘
731,10:35:22,5.9,0.0,94,55460,买盘
732,10:35:40,5.89,-0.01,150,88350,卖盘
733,10:35:43,5.9,0.01,335,197650,买盘
734,10:35:49,5.9,0.0,98,57820,买盘
735,10:36:01,5.9,0.0,20,11800,卖盘
736,10:36:04,5.91,0.01,20,11820,买盘
737,10:36:07,5.9,-0.01,105,61950,卖盘
738,10:36:10,5.9,0.0,104,61384,卖盘
739,10:36:16,5.9,0.0,92,54280,卖盘
740,10:36:43,5.91,0.01,3,1773,买盘
741,10:36:46,5.91,0.0,97,57327,买盘
742,10:37:10,5.92,0.01,142,84064,买盘
743,10:37:19,5.92,0.0,10,5920,买盘
744,10:37:25,5.91,-0.01,50,29560,卖盘
745,10:37:31,5.92,0.01,115,68080,买盘
746,10:37:48,5.92,0.0,2,1184,买盘
747,10:37:51,5.92,0.0,148,87616,买盘
748,10:38:01,5.92,0.0,35,20720,买盘
749,10:38:13,5.93,0.01,50,29650,买盘
750,10:38:24,5.92,-0.01,27,15984,卖盘
751,10:38:28,5.92,0.0,13,7696,买盘
752,10:38:34,5.92,0.0,50,29600,卖盘
753,10:38:49,5.93,0.01,13,7709,买盘
754,10:38:52,5.92,-0.01,112,66304,卖盘
755,10:38:55,5.92,0.0,161,95312,卖盘
756,10:38:58,5.93,0.01,310,183801,买盘
757,10:39:01,5.93,0.0,42,24903,买盘
758,10:39:10,5.94,0.01,42,24907,买盘
759,10:39:13,5.93,-0.01,11,6523,卖盘
760,10:39:34,5.93,0.0,111,65823,买盘
761,10:39:40,5.93,0.0,5,2965,卖盘
762,10:39:55,5.93,0.0,25,14825,卖盘
763,10:39:57,5.93,0.0,67,39731,卖盘
764,10:40:01,5.92,-0.01,40,23700,卖盘
765,10:40:10,5.93,0.01,19,11267,买盘
766,10:40:22,5.93,0.0,28,16604,买盘
767,10:40:34,5.92,-0.01,10,5920,卖盘
768,10:40:52,5.93,0.01,39,23127,买盘
769,10:40:55,5.92,-0.01,40,23680,卖盘
770,10:41:01,5.92,0.0,10,5920,卖盘
771,10:41:07,5.93,0.01,116,68773,买盘
772,10:41:12,5.92,-0.01,35,20720,卖盘
773,10:41:39,5.92,0.0,6,3552,卖盘
774,10:41:43,5.93,0.01,5,2965,买盘
775,10:41:49,5.93,0.0,86,50998,买盘
776,10:42:04,5.92,-0.01,1,592,卖盘
777,10:42:16,5.93,0.01,7,4151,买盘
778,10:42:43,5.92,-0.01,6,3552,卖盘
779,10:42:57,5.93,0.01,1,593,买盘
780,10:43:01,5.92,-0.01,54,31968,卖盘
781,10:43:07,5.93,0.01,17,10081,买盘
782,10:43:10,5.92,-0.01,2,1184,卖盘
783,10:44:19,5.92,0.0,41,24272,卖盘
784,10:44:33,5.92,0.0,200,118400,卖盘
785,10:44:40,5.93,0.01,2,1186,买盘
786,10:44:49,5.92,-0.01,17,10064,卖盘
787,10:45:04,5.92,0.0,9,5328,买盘
788,10:45:18,5.92,0.0,10,5920,买盘
789,10:45:28,5.91,-0.01,4,2364,卖盘
790,10:45:31,5.91,0.0,32,18912,卖盘
791,10:45:33,5.92,0.01,23,13616,买盘
792,10:45:36,5.92,0.0,58,34336,买盘
793,10:45:49,5.92,0.0,7,4144,卖盘
794,10:45:51,5.92,0.0,9,5328,卖盘
795,10:46:07,5.93,0.01,100,59300,买盘
796,10:46:10,5.92,-0.01,9,5328,卖盘
797,10:47:04,5.92,0.0,8,4736,买盘
798,10:47:16,5.91,-0.01,43,25413,卖盘
799,10:48:16,5.92,0.01,20,11840,买盘
800,10:48:22,5.91,-0.01,8,4728,卖盘
801,10:48:57,5.91,0.0,96,56736,卖盘
802,10:49:01,5.91,0.0,8,4728,卖盘
803,10:49:13,5.91,0.0,17,10047,卖盘
804,10:49:36,5.91,0.0,12,7092,卖盘
805,10:50:22,5.91,0.0,137,80835,买盘
806,10:50:52,5.9,-0.01,30,17700,卖盘
807,10:51:01,5.9,0.0,49,28910,卖盘
808,10:51:13,5.9,0.0,50,29500,卖盘
809,10:51:16,5.9,0.0,8,4720,卖盘
810,10:51:19,5.9,0.0,51,30090,卖盘
811,10:51:21,5.9,0.0,5,2950,卖盘
812,10:52:04,5.91,0.01,10,5910,买盘
813,10:52:15,5.9,-0.01,38,22420,卖盘
814,10:52:25,5.91,0.01,14,8274,买盘
815,10:52:31,5.9,-0.01,3,1770,卖盘
816,10:52:37,5.9,0.0,19,11210,卖盘
817,10:52:42,5.9,0.0,27,15947,卖盘
818,10:52:51,5.91,0.01,5,2955,买盘
819,10:53:04,5.91,0.0,1,591,买盘
820,10:53:46,5.91,0.0,20,11820,买盘
821,10:53:55,5.91,0.0,40,23640,买盘
822,10:53:57,5.91,0.0,10,5910,买盘
823,10:54:12,5.91,0.0,7,4137,买盘
824,10:54:28,5.91,0.0,13,7683,卖盘
825,10:55:00,5.9,-0.01,45,26550,卖盘
826,10:55:18,5.91,0.01,10,5910,买盘
827,10:55:28,5.91,0.0,9,5319,卖盘
828,10:55:34,5.9,-0.01,23,13589,卖盘
829,10:55:43,5.9,0.0,42,24780,卖盘
830,10:55:49,5.9,0.0,31,18290,卖盘
831,10:55:55,5.91,0.01,4,2363,买盘
832,10:56:01,5.9,-0.01,2,1180,卖盘
833,10:56:25,5.91,0.01,4,2364,买盘
834,10:56:28,5.91,0.0,2,1182,买盘
835,10:56:31,5.91,0.0,15,8865,买盘
836,10:56:34,5.9,-0.01,30,17700,卖盘
837,10:56:40,5.91,0.01,7,4137,买盘
838,10:56:58,5.91,0.0,28,16548,买盘
839,10:57:01,5.91,0.0,27,15957,买盘
840,10:57:04,5.91,0.0,30,17730,买盘
841,10:57:07,5.91,0.0,26,15366,买盘
842,10:57:13,5.91,0.0,9,5319,买盘
843,10:57:15,5.91,0.0,2,1182,买盘
844,10:57:28,5.91,0.0,3,1773,卖盘
845,10:57:34,5.91,0.0,3,1773,卖盘
846,10:57:40,5.91,0.0,40,23640,卖盘
847,10:57:43,5.92,0.01,78,46176,买盘
848,10:57:54,5.91,-0.01,23,13593,卖盘
849,10:58:07,5.92,0.01,19,11248,买盘
850,10:58:16,5.91,-0.01,16,9456,卖盘
851,10:58:19,5.91,0.0,34,20094,卖盘
852,10:58:22,5.91,0.0,45,26595,卖盘
853,10:58:36,5.91,0.0,176,104016,买盘
854,10:58:46,5.91,0.0,27,15957,买盘
855,10:59:01,5.91,0.0,34,20094,买盘
856,10:59:04,5.91,0.0,6,3546,买盘
857,10:59:16,5.91,0.0,10,5910,买盘
858,10:59:19,5.91,0.0,3,1773,买盘
859,10:59:30,5.91,0.0,7,4137,买盘
860,10:59:40,5.91,0.0,40,23640,买盘
861,10:59:43,5.91,0.0,5,2955,买盘
862,10:59:55,5.91,0.0,7,4137,买盘
863,10:59:57,5.91,0.0,44,26004,买盘
864,11:00:25,5.92,0.01,11,6512,买盘
865,11:00:57,5.9,-0.02,109,64364,卖盘
866,11:01:12,5.91,0.01,16,9456,卖盘
867,11:01:18,5.92,0.01,12,7104,买盘
868,11:01:43,5.91,-0.01,98,57918,卖盘
869,11:01:46,5.91,0.0,228,134748,卖盘
870,11:01:55,5.91,0.0,6,3546,买盘
871,11:02:10,5.91,0.0,100,59100,买盘
872,11:02:12,5.91,0.0,21,12411,买盘
873,11:02:15,5.91,0.0,12,7092,卖盘
874,11:02:36,5.91,0.0,133,78603,卖盘
875,11:02:58,5.91,0.0,8,4728,买盘
876,11:03:01,5.9,-0.01,35,20675,卖盘
877,11:03:13,5.91,0.01,1,591,买盘
878,11:03:16,5.91,0.0,8,4728,买盘
879,11:03:19,5.91,0.0,43,25413,买盘
880,11:03:22,5.91,0.0,7,4137,买盘
881,11:03:27,5.91,0.0,17,10047,买盘
882,11:03:36,5.91,0.0,69,40779,买盘
883,11:03:43,5.91,0.0,10,5910,买盘
884,11:03:46,5.91,0.0,3,1773,买盘
885,11:03:57,5.91,0.0,18,10638,买盘
886,11:04:28,5.91,0.0,67,39597,买盘
887,11:04:58,5.91,0.0,47,27777,卖盘
888,11:05:31,5.91,0.0,8,4728,卖盘
889,11:05:39,5.92,0.01,10,5920,买盘
890,11:05:46,5.91,-0.01,1,591,卖盘
891,11:05:52,5.92,0.01,9,5328,买盘
892,11:06:10,5.91,-0.01,2,1182,卖盘
893,11:06:16,5.92,0.01,1,592,买盘
894,11:06:42,5.91,-0.01,20,11820,卖盘
895,11:06:46,5.91,0.0,9,5319,卖盘
896,11:06:55,5.91,0.0,20,11820,卖盘
897,11:07:04,5.92,0.01,10,5920,买盘
898,11:07:25,5.92,0.0,71,42032,买盘
899,11:07:43,5.92,0.0,1,592,买盘
900,11:07:46,5.92,0.0,57,33744,买盘
901,11:08:00,5.91,-0.01,50,29550,卖盘
902,11:08:04,5.92,0.01,2,1184,买盘
903,11:08:13,5.91,-0.01,87,51417,卖盘
904,11:08:30,5.91,0.0,28,16548,卖盘
905,11:09:01,5.92,0.01,27,15984,买盘
906,11:09:18,5.92,0.0,4,2368,买盘
907,11:09:43,5.92,0.0,39,23088,买盘
908,11:09:49,5.91,-0.01,2,1182,卖盘
909,11:09:51,5.91,0.0,2,1182,卖盘
910,11:09:55,5.91,0.0,3,1773,卖盘
911,11:09:58,5.91,0.0,7,4137,卖盘
912,11:10:01,5.91,0.0,64,37824,卖盘
913,11:10:04,5.91,0.0,14,8274,卖盘
914,11:10:07,5.91,0.0,18,10638,卖盘
915,11:10:10,5.91,0.0,43,25413,卖盘
916,11:10:13,5.91,0.0,126,74466,卖盘
917,11:10:16,5.91,0.0,51,30141,卖盘
918,11:10:22,5.9,-0.01,13,7670,卖盘
919,11:10:25,5.9,0.0,26,15340,卖盘
920,11:10:33,5.9,0.0,35,20650,卖盘
921,11:10:40,5.9,0.0,21,12390,卖盘
922,11:10:43,5.9,0.0,3,1770,卖盘
923,11:10:46,5.9,0.0,33,19470,卖盘
924,11:10:49,5.9,0.0,44,25960,卖盘
925,11:10:52,5.9,0.0,331,195290,卖盘
926,11:10:55,5.9,0.0,100,59000,卖盘
927,11:10:58,5.9,0.0,160,94400,卖盘
928,11:11:01,5.9,0.0,52,30680,卖盘
929,11:11:04,5.9,0.0,102,60180,卖盘
930,11:11:06,5.9,0.0,21,12390,卖盘
931,11:11:10,5.9,0.0,49,28910,卖盘
932,11:11:16,5.89,-0.01,609,358701,卖盘
933,11:11:19,5.89,0.0,95,55955,卖盘
934,11:11:22,5.89,0.0,42,24738,卖盘
935,11:11:25,5.89,0.0,16,9424,卖盘
936,11:11:28,5.89,0.0,120,70857,卖盘
937,11:11:46,5.88,-0.01,2,1176,卖盘
938,11:11:58,5.88,0.0,109,64092,卖盘
939,11:12:01,5.88,0.0,647,380583,卖盘
940,11:12:04,5.88,0.0,131,77028,卖盘
941,11:12:07,5.88,0.0,107,62916,卖盘
942,11:12:10,5.88,0.0,125,73353,卖盘
943,11:12:16,5.88,0.0,8,4704,买盘
944,11:12:18,5.87,-0.01,30,17610,卖盘
945,11:12:21,5.88,0.01,5,2940,买盘
946,11:12:24,5.87,-0.01,244,143052,卖盘
947,11:12:34,5.88,0.01,9,5292,买盘
948,11:12:37,5.88,0.0,40,23520,买盘
949,11:12:40,5.87,-0.01,858,503822,卖盘
950,11:12:46,5.87,0.0,50,29350,买盘
951,11:12:49,5.87,0.0,18,10566,买盘
952,11:12:52,5.87,0.0,64,37568,买盘
953,11:12:55,5.86,-0.01,67,39292,卖盘
954,11:12:58,5.87,0.01,18,10562,买盘
955,11:13:00,5.87,0.0,64,37513,买盘
956,11:13:03,5.87,0.0,10,5870,买盘
957,11:13:07,5.87,0.0,55,32285,买盘
958,11:13:10,5.87,0.0,13,7455,买盘
959,11:13:19,5.87,0.0,20,11740,卖盘
960,11:13:25,5.87,0.0,9,5283,卖盘
961,11:13:28,5.88,0.01,100,58800,买盘
962,11:13:34,5.87,-0.01,6,3522,卖盘
963,11:13:42,5.88,0.01,4,2499,买盘
964,11:13:48,5.88,0.0,10,5880,卖盘
965,11:13:54,5.88,0.0,3,1764,卖盘
966,11:14:01,5.88,0.0,125,73353,卖盘
967,11:14:04,5.89,0.01,6,3534,卖盘
968,11:14:12,5.89,0.0,14,8246,买盘
969,11:14:16,5.89,0.0,41,24149,买盘
970,11:14:22,5.89,0.0,3,1767,买盘
971,11:14:31,5.89,0.0,31,18259,买盘
972,11:14:40,5.89,0.0,78,46089,买盘
973,11:15:01,5.89,0.0,14,8246,卖盘
974,11:15:10,5.89,0.0,8,4565,卖盘
975,11:15:16,5.89,0.0,10,5890,买盘
976,11:15:22,5.89,0.0,36,21204,买盘
977,11:15:28,5.88,-0.01,153,89964,卖盘
978,11:15:34,5.88,0.0,11,6468,卖盘
979,11:15:37,5.87,-0.01,5,2935,卖盘
980,11:15:43,5.88,0.01,6,3528,买盘
981,11:15:46,5.87,-0.01,343,201341,卖盘
982,11:15:55,5.87,0.0,4,2348,卖盘
983,11:16:01,5.87,0.0,500,293647,卖盘
984,11:16:04,5.87,0.0,103,60461,卖盘
985,11:16:07,5.87,0.0,9,5283,卖盘
986,11:16:10,5.87,0.0,22,12943,卖盘
987,11:16:13,5.87,0.0,81,47526,买盘
988,11:16:18,5.86,-0.01,6,3516,卖盘
989,11:16:22,5.86,0.0,257,150602,卖盘
990,11:16:24,5.86,0.0,75,43965,卖盘
991,11:16:30,5.86,0.0,10,5860,卖盘
992,11:16:34,5.86,0.0,500,293000,卖盘
993,11:16:37,5.87,0.01,100,58700,买盘
994,11:16:43,5.86,-0.01,119,69754,卖盘
995,11:16:46,5.87,0.01,124,72770,买盘
996,11:16:49,5.87,0.0,40,23480,买盘
997,11:16:52,5.87,0.0,1,587,买盘
998,11:16:55,5.87,0.0,16,9387,买盘
999,11:16:58,5.87,0.0,176,103312,买盘
1000,11:17:01,5.87,0.0,53,31111,买盘
1001,11:17:04,5.86,-0.01,10,5860,卖盘
1002,11:17:07,5.87,0.01,16,9392,买盘
1003,11:17:10,5.87,0.0,2,1174,中性盘
1004,11:17:15,5.87,0.0,2,1174,买盘
1005,11:17:18,5.87,0.0,10,5870,买盘
1006,11:17:22,5.87,0.0,3,1761,卖盘
1007,11:17:28,5.88,0.01,93,54599,买盘
1008,11:17:40,5.87,-0.01,10,5870,卖盘
1009,11:17:43,5.88,0.01,30,17640,买盘
1010,11:17:49,5.87,-0.01,10,5870,卖盘
1011,11:17:52,5.87,0.0,20,11740,卖盘
1012,11:18:04,5.87,0.0,10,5870,卖盘
1013,11:18:07,5.88,0.01,20,11760,买盘
1014,11:18:16,5.87,-0.01,28,16436,卖盘
1015,11:18:19,5.88,0.01,50,29400,买盘
1016,11:18:22,5.87,-0.01,30,17610,卖盘
1017,11:18:30,5.87,0.0,11,6458,卖盘
1018,11:18:33,5.88,0.01,25,14700,买盘
1019,11:18:46,5.88,0.0,2,1176,买盘
1020,11:19:07,5.87,-0.01,20,11740,卖盘
1021,11:19:13,5.87,0.0,3,1761,卖盘
1022,11:19:15,5.88,0.01,5,2940,买盘
1023,11:19:31,5.88,0.0,13,7644,买盘
1024,11:19:34,5.88,0.0,344,202272,买盘
1025,11:19:37,5.88,0.0,50,29400,买盘
1026,11:19:40,5.88,0.0,145,85260,买盘
1027,11:19:43,5.89,0.01,145,85225,买盘
1028,11:19:46,5.89,0.0,88,51832,买盘
1029,11:19:49,5.89,0.0,81,47694,买盘
1030,11:19:52,5.89,0.0,14,8246,买盘
1031,11:20:04,5.89,0.0,80,47095,买盘
1032,11:20:10,5.89,0.0,6,3534,买盘
1033,11:20:19,5.89,0.0,190,111910,买盘
1034,11:20:22,5.89,0.0,141,83037,买盘
1035,11:20:31,5.89,0.0,228,134168,买盘
1036,11:20:33,5.89,0.0,27,15903,卖盘
1037,11:20:37,5.89,0.0,13,7657,卖盘
1038,11:21:06,5.89,0.0,97,57257,卖盘
1039,11:21:19,5.89,0.0,1,589,买盘
1040,11:22:22,5.89,0.0,5,2945,买盘
1041,11:22:31,5.88,-0.01,19,11172,卖盘
1042,11:22:34,5.89,0.01,4,2356,买盘
1043,11:22:37,5.89,0.0,6,3534,买盘
1044,11:22:43,5.88,-0.01,229,134529,卖盘
1045,11:22:55,5.89,0.01,84,49476,买盘
1046,11:25:07,5.89,0.0,2,1178,买盘
1047,11:25:21,5.89,0.0,233,137130,买盘
1048,11:25:25,5.88,-0.01,300,176405,卖盘
1049,11:25:51,5.88,0.0,10,5880,卖盘
1050,11:25:55,5.88,0.0,22,12936,卖盘
1051,11:26:22,5.89,0.01,5,2945,买盘
1052,11:26:30,5.88,-0.01,4,2352,卖盘
1053,11:26:37,5.89,0.01,10,5890,买盘
1054,11:26:51,5.88,-0.01,10,5880,卖盘
1055,11:26:54,5.88,0.0,13,7644,卖盘
1056,11:27:19,5.88,0.0,3,1764,卖盘
1057,11:27:34,5.89,0.01,3,1767,买盘
1058,11:27:49,5.88,-0.01,100,58800,卖盘
1059,11:27:55,5.88,0.0,21,12348,卖盘
1060,11:28:28,5.88,0.0,58,34227,卖盘
1061,11:28:31,5.88,0.0,5,2940,买盘
1062,11:28:46,5.88,0.0,63,36921,买盘
1063,11:29:57,5.89,0.01,1,589,买盘
1064,13:00:04,5.88,-0.01,75,44100,卖盘
1065,13:00:07,5.88,0.0,79,46328,卖盘
1066,13:00:10,5.89,0.01,20,11780,买盘
1067,13:01:07,5.88,-0.01,45,26460,卖盘
1068,13:01:27,5.88,0.0,23,13524,卖盘
1069,13:01:30,5.88,0.0,98,57906,卖盘
1070,13:01:55,5.88,0.0,1,306,卖盘
1071,13:02:06,5.88,0.0,15,8820,卖盘
1072,13:02:22,5.88,0.0,121,71148,卖盘
1073,13:02:45,5.88,0.0,5,2940,卖盘
1074,13:02:58,5.88,0.0,502,295458,卖盘
1075,13:03:07,5.87,-0.01,85,49895,卖盘
1076,13:03:10,5.87,0.0,35,20545,卖盘
1077,13:03:13,5.87,0.0,54,31698,卖盘
1078,13:03:27,5.87,0.0,43,25241,卖盘
1079,13:03:39,5.87,0.0,135,79245,卖盘
1080,13:03:49,5.87,0.0,51,29937,卖盘
1081,13:04:10,5.87,0.0,24,14088,卖盘
1082,13:04:12,5.87,0.0,5,2935,卖盘
1083,13:04:31,5.87,0.0,208,122096,卖盘
1084,13:04:34,5.87,0.0,29,17023,卖盘
1085,13:04:48,5.87,0.0,8,4696,卖盘
1086,13:05:06,5.88,0.01,2,1176,买盘
1087,13:05:16,5.88,0.0,14,8232,买盘
1088,13:05:25,5.88,0.0,10,5880,买盘
1089,13:05:42,5.88,0.0,1,588,买盘
1090,13:05:54,5.88,0.0,110,64680,买盘
1091,13:06:06,5.88,0.0,10,5880,买盘
1092,13:06:19,5.88,0.0,30,17640,买盘
1093,13:06:27,5.87,-0.01,3,1761,卖盘
1094,13:06:52,5.87,0.0,30,17610,卖盘
1095,13:07:10,5.87,0.0,1,587,卖盘
1096,13:07:22,5.87,0.0,224,131488,卖盘
1097,13:07:33,5.87,0.0,43,25241,卖盘
1098,13:07:49,5.87,0.0,60,35220,卖盘
1099,13:08:04,5.87,0.0,23,13501,卖盘
1100,13:08:12,5.88,0.01,7,4116,买盘
1101,13:08:19,5.87,-0.01,30,17610,卖盘
1102,13:08:37,5.87,0.0,42,24654,卖盘
1103,13:08:52,5.88,0.01,48,28224,买盘
1104,13:08:57,5.87,-0.01,5,2935,卖盘
1105,13:09:42,5.88,0.01,203,119082,买盘
1106,13:09:51,5.88,0.0,300,176400,卖盘
1107,13:10:30,5.88,0.0,1,588,卖盘
1108,13:10:51,5.88,0.0,44,26154,卖盘
1109,13:11:00,5.88,0.0,307,180516,买盘
1110,13:11:46,5.87,-0.01,8,4696,卖盘
1111,13:12:18,5.87,0.0,22,12914,卖盘
1112,13:13:04,5.88,0.01,1,588,买盘
1113,13:13:16,5.87,-0.01,200,117400,卖盘
1114,13:14:09,5.87,0.0,59,34633,卖盘
1115,13:14:12,5.87,0.0,33,19371,卖盘
1116,13:14:16,5.87,0.0,33,19371,卖盘
1117,13:14:22,5.88,0.01,1007,592109,买盘
1118,13:14:48,5.88,0.0,2,1176,买盘
1119,13:14:51,5.88,0.0,2,1176,买盘
1120,13:15:09,5.89,0.01,7,4123,买盘
1121,13:16:01,5.89,0.0,35,20615,买盘
1122,13:16:16,5.89,0.0,1,589,买盘
1123,13:16:31,5.88,-0.01,13,7644,卖盘
1124,13:17:01,5.88,0.0,1,329,卖盘
1125,13:17:19,5.89,0.01,4,2356,买盘
1126,13:17:21,5.89,0.0,1,589,买盘
1127,13:18:13,5.89,0.0,201,118389,买盘
1128,13:18:25,5.89,0.0,200,117800,买盘
1129,13:18:28,5.88,-0.01,5,2940,卖盘
1130,13:18:39,5.89,0.01,211,124278,买盘
1131,13:19:51,5.89,0.0,10,5890,买盘
1132,13:20:01,5.88,-0.01,10,5880,卖盘
1133,13:20:12,5.89,0.01,33,19437,买盘
1134,13:20:30,5.89,0.0,325,191425,买盘
1135,13:20:33,5.88,-0.01,10,5880,卖盘
1136,13:20:37,5.88,0.0,67,39396,卖盘
1137,13:20:57,5.88,0.0,220,129360,卖盘
1138,13:21:06,5.89,0.01,16,9424,买盘
1139,13:21:09,5.89,0.0,7,4123,买盘
1140,13:21:49,5.89,0.0,4,2356,买盘
1141,13:21:55,5.88,-0.01,2,1176,卖盘
1142,13:22:10,5.89,0.01,4,2356,买盘
1143,13:22:19,5.89,0.0,17,10013,买盘
1144,13:22:28,5.89,0.0,178,104842,买盘
1145,13:22:37,5.89,0.0,98,57722,买盘
1146,13:23:10,5.9,0.01,4,2360,买盘
1147,13:23:28,5.89,-0.01,60,35342,卖盘
1148,13:23:36,5.89,0.0,5,2945,买盘
1149,13:24:31,5.88,-0.01,734,431592,卖盘
1150,13:24:37,5.88,0.0,27,15876,买盘
1151,13:24:51,5.88,0.0,239,140532,买盘
1152,13:24:54,5.88,0.0,7,4116,卖盘
1153,13:25:09,5.88,0.0,17,9996,卖盘
1154,13:27:04,5.88,0.0,40,23520,卖盘
1155,13:27:31,5.88,0.0,2,1176,卖盘
1156,13:27:48,5.88,0.0,17,9996,卖盘
1157,13:27:58,5.88,0.0,36,21168,卖盘
1158,13:28:10,5.89,0.01,4,2356,买盘
1159,13:28:16,5.89,0.0,12,7068,买盘
1160,13:28:21,5.89,0.0,8,4712,买盘
1161,13:29:06,5.88,-0.01,5,2940,卖盘
1162,13:29:19,5.88,0.0,10,5880,卖盘
1163,13:29:25,5.89,0.01,2,1178,买盘
1164,13:29:46,5.89,0.0,83,48887,买盘
1165,13:29:52,5.88,-0.01,61,35868,卖盘
1166,13:30:13,5.89,0.01,1,589,买盘
1167,13:30:46,5.88,-0.01,6,3528,卖盘
1168,13:30:49,5.89,0.01,1,589,买盘
1169,13:30:51,5.88,-0.01,2002,1177178,卖盘
1170,13:30:54,5.88,0.0,49,28812,卖盘
1171,13:31:09,5.88,0.0,1,588,买盘
1172,13:31:31,5.88,0.0,101,59388,卖盘
1173,13:31:43,5.87,-0.01,21,12327,卖盘
1174,13:32:01,5.87,0.0,663,389181,卖盘
1175,13:32:04,5.87,0.0,112,65744,买盘
1176,13:32:10,5.86,-0.01,644,377458,卖盘
1177,13:32:16,5.86,0.0,17,9962,卖盘
1178,13:32:22,5.86,0.0,45,26370,卖盘
1179,13:32:27,5.86,0.0,12,7032,卖盘
1180,13:32:31,5.86,0.0,15,8790,卖盘
1181,13:32:43,5.86,0.0,40,23440,卖盘
1182,13:32:52,5.86,0.0,3,1758,买盘
1183,13:32:55,5.86,0.0,1,586,买盘
1184,13:32:58,5.86,0.0,5,2930,买盘
1185,13:33:01,5.86,0.0,12,7032,卖盘
1186,13:33:04,5.85,-0.01,1145,669858,卖盘
1187,13:33:07,5.85,0.0,100,58575,卖盘
1188,13:33:24,5.86,0.01,10,5860,卖盘
1189,13:33:31,5.86,0.0,22,12892,卖盘
1190,13:33:37,5.86,0.0,2,1172,买盘
1191,13:33:42,5.86,0.0,11,6446,买盘
1192,13:33:46,5.86,0.0,2,1172,买盘
1193,13:33:49,5.86,0.0,3,1758,买盘
1194,13:33:52,5.86,0.0,4,2344,买盘
1195,13:33:55,5.86,0.0,32,18752,卖盘
1196,13:33:58,5.86,0.0,14,8204,卖盘
1197,13:34:04,5.86,0.0,1,586,买盘
1198,13:34:06,5.86,0.0,51,29886,买盘
1199,13:34:10,5.85,-0.01,74,43344,卖盘
1200,13:34:13,5.86,0.01,58,33988,买盘
1201,13:34:16,5.86,0.0,50,29300,卖盘
1202,13:34:19,5.86,0.0,2,1172,卖盘
1203,13:34:28,5.86,0.0,16,9376,卖盘
1204,13:34:31,5.87,0.01,19,11153,买盘
1205,13:34:37,5.86,-0.01,4,2344,卖盘
1206,13:34:43,5.87,0.01,15,8805,买盘
1207,13:34:51,5.86,-0.01,100,58600,卖盘
1208,13:35:01,5.87,0.01,43,25241,买盘
1209,13:35:06,5.87,0.0,51,29937,买盘
1210,13:35:10,5.87,0.0,19,11458,买盘
1211,13:35:13,5.87,0.0,3,1761,卖盘
1212,13:35:34,5.86,-0.01,71,41627,卖盘
1213,13:35:58,5.87,0.01,42,24654,买盘
1214,13:36:07,5.87,0.0,1,587,买盘
1215,13:36:40,5.87,0.0,10,5870,买盘
1216,13:36:51,5.87,0.0,10,5870,买盘
1217,13:36:55,5.86,-0.01,10,5860,卖盘
1218,13:37:10,5.86,0.0,17,9962,卖盘
1219,13:37:19,5.86,0.0,150,87900,卖盘
1220,13:37:25,5.86,0.0,9,5274,卖盘
1221,13:37:37,5.86,0.0,85,49810,卖盘
1222,13:37:43,5.86,0.0,15,8790,卖盘
1223,13:37:54,5.86,0.0,153,89658,卖盘
1224,13:38:06,5.85,-0.01,74,43290,卖盘
1225,13:38:09,5.85,0.0,88,51518,卖盘
1226,13:38:18,5.85,0.0,95,55585,卖盘
1227,13:38:21,5.85,0.0,25,14625,卖盘
1228,13:38:34,5.85,0.0,10,5850,卖盘
1229,13:38:40,5.86,0.01,132,77230,买盘
1230,13:38:45,5.85,-0.01,48,28080,卖盘
1231,13:39:10,5.85,0.0,30,17550,卖盘
1232,13:39:13,5.86,0.01,35,20480,买盘
1233,13:39:30,5.85,-0.01,4,2340,卖盘
1234,13:39:52,5.85,0.0,1,585,卖盘
1235,13:39:55,5.86,0.01,225,131828,买盘
1236,13:40:00,5.86,0.0,14,8203,买盘
1237,13:40:04,5.86,0.0,20,11720,买盘
1238,13:40:07,5.86,0.0,5,2930,买盘
1239,13:40:13,5.86,0.0,1,586,买盘
1240,13:40:25,5.86,0.0,11,6446,卖盘
1241,13:40:49,5.86,0.0,25,14670,卖盘
1242,13:40:51,5.86,0.0,17,9962,卖盘
1243,13:41:00,5.86,0.0,40,23440,卖盘
1244,13:41:25,5.87,0.01,35,20545,买盘
1245,13:41:33,5.87,0.0,17,9979,买盘
1246,13:41:36,5.86,-0.01,50,29300,卖盘
1247,13:41:49,5.87,0.01,1,587,买盘
1248,13:42:01,5.87,0.0,3,1761,买盘
1249,13:42:19,5.87,0.0,37,21719,买盘
1250,13:42:37,5.86,-0.01,10,5860,卖盘
1251,13:42:43,5.87,0.01,2,1174,买盘
1252,13:43:15,5.87,0.0,200,117400,买盘
1253,13:43:27,5.87,0.0,100,58700,买盘
1254,13:43:30,5.87,0.0,60,35220,买盘
1255,13:43:33,5.87,0.0,20,11740,买盘
1256,13:43:40,5.87,0.0,5,2935,买盘
1257,13:43:57,5.86,-0.01,2,1172,卖盘
1258,13:44:12,5.87,0.01,62,36394,买盘
1259,13:44:18,5.86,-0.01,10,5860,卖盘
1260,13:44:33,5.87,0.01,10,5870,买盘
1261,13:44:46,5.87,0.0,1,587,买盘
1262,13:45:27,5.86,-0.01,56,32816,卖盘
1263,13:46:07,5.86,0.0,41,24026,卖盘
1264,13:46:10,5.86,0.0,10,5860,卖盘
1265,13:46:45,5.86,0.0,50,29300,卖盘
1266,13:46:55,5.86,0.0,50,29300,卖盘
1267,13:47:04,5.86,0.0,6,3516,卖盘
1268,13:47:07,5.86,0.0,116,67976,卖盘
1269,13:47:10,5.86,0.0,1196,700856,卖盘
1270,13:47:19,5.86,0.0,1,586,买盘
1271,13:47:28,5.86,0.0,50,29300,买盘
1272,13:47:31,5.86,0.0,46,26956,买盘
1273,13:47:34,5.86,0.0,27,15822,卖盘
1274,13:47:46,5.86,0.0,8,4688,卖盘
1275,13:47:49,5.86,0.0,4,2344,卖盘
1276,13:47:55,5.86,0.0,5,2930,卖盘
1277,13:48:01,5.86,0.0,10,5860,卖盘
1278,13:48:04,5.86,0.0,14,8204,卖盘
1279,13:48:19,5.86,0.0,1,586,卖盘
1280,13:48:28,5.86,0.0,9,5274,买盘
1281,13:48:39,5.86,0.0,7,4102,买盘
1282,13:48:42,5.85,-0.01,371,217035,卖盘
1283,13:48:55,5.85,0.0,215,125775,卖盘
1284,13:49:01,5.85,0.0,5,2925,卖盘
1285,13:49:09,5.85,0.0,14,8190,卖盘
1286,13:49:21,5.85,0.0,109,63765,卖盘
1287,13:49:31,5.86,0.01,5,2930,买盘
1288,13:49:33,5.85,-0.01,52,30420,卖盘
1289,13:49:37,5.86,0.01,100,58600,买盘
1290,13:49:40,5.85,-0.01,18,10530,卖盘
1291,13:49:48,5.85,0.0,16,9365,卖盘
1292,13:50:22,5.86,0.01,79,46284,买盘
1293,13:50:31,5.86,0.0,200,117200,买盘
1294,13:50:36,5.85,-0.01,4,2340,卖盘
1295,13:50:40,5.86,0.01,134,78524,买盘
1296,13:50:42,5.86,0.0,12,7032,卖盘
1297,13:50:48,5.86,0.0,2,1172,卖盘
1298,13:51:01,5.86,0.0,12,7032,卖盘
1299,13:51:06,5.86,0.0,40,23440,卖盘
1300,13:51:19,5.86,0.0,79,46294,卖盘
1301,13:51:28,5.86,0.0,15,8790,卖盘
1302,13:51:40,5.87,0.01,1,587,买盘
1303,13:51:57,5.87,0.0,40,23450,买盘
1304,13:52:10,5.86,-0.01,56,32816,卖盘
1305,13:52:13,5.86,0.0,3,1758,买盘
1306,13:52:21,5.86,0.0,17,9962,买盘
1307,13:52:25,5.86,0.0,7,4102,买盘
1308,13:52:28,5.86,0.0,54,31644,买盘
1309,13:52:34,5.86,0.0,77,45122,买盘
1310,13:52:40,5.86,0.0,39,22854,买盘
1311,13:52:46,5.86,0.0,70,41020,卖盘
1312,13:53:07,5.87,0.01,3,1761,买盘
1313,13:53:10,5.86,-0.01,5,2930,卖盘
1314,13:53:13,5.86,0.0,50,29300,卖盘
1315,13:53:15,5.86,0.0,80,46880,卖盘
1316,13:53:25,5.87,0.01,2,1174,买盘
1317,13:53:40,5.87,0.0,10,5870,买盘
1318,13:53:55,5.87,0.0,17,9979,买盘
1319,13:53:58,5.87,0.0,15,8805,买盘
1320,13:54:04,5.87,0.0,60,35220,买盘
1321,13:54:07,5.87,0.0,26,15262,买盘
1322,13:54:13,5.86,-0.01,10,5860,卖盘
1323,13:54:19,5.86,0.0,8,4688,卖盘
1324,13:54:36,5.87,0.01,50,29350,买盘
1325,13:54:45,5.87,0.0,10,5870,买盘
1326,13:54:49,5.87,0.0,183,107421,买盘
1327,13:55:10,5.88,0.01,1,588,买盘
1328,13:55:33,5.88,0.0,68,39984,买盘
1329,13:56:07,5.88,0.0,5,2940,买盘
1330,13:56:21,5.88,0.0,20,11760,买盘
1331,13:56:24,5.88,0.0,1,588,买盘
1332,13:56:28,5.88,0.0,25,14700,买盘
1333,13:57:15,5.88,0.0,6,3528,买盘
1334,13:57:43,5.88,0.0,30,17640,买盘
1335,13:58:01,5.88,0.0,22,12936,买盘
1336,13:58:24,5.87,-0.01,20,11740,卖盘
1337,13:58:31,5.87,0.0,36,21132,卖盘
1338,13:58:49,5.87,0.0,20,11740,卖盘
1339,13:59:15,5.88,0.01,2,1176,买盘
1340,13:59:19,5.87,-0.01,8,4696,卖盘
1341,13:59:42,5.87,0.0,20,11740,卖盘
1342,13:59:45,5.87,0.0,99,58113,卖盘
1343,14:00:49,5.87,0.0,39,22893,买盘
1344,14:00:55,5.87,0.0,42,24654,买盘
1345,14:01:01,5.87,0.0,4,2348,买盘
1346,14:01:13,5.86,-0.01,6,3516,卖盘
1347,14:01:37,5.86,0.0,25,14650,卖盘
1348,14:01:40,5.86,0.0,217,127162,卖盘
1349,14:01:42,5.86,0.0,4,2344,卖盘
1350,14:01:46,5.86,0.0,22,12892,卖盘
1351,14:01:49,5.86,0.0,26,15236,卖盘
1352,14:01:52,5.86,0.0,4,2344,买盘
1353,14:01:55,5.86,0.0,44,25784,卖盘
1354,14:02:04,5.86,0.0,153,89658,卖盘
1355,14:02:16,5.86,0.0,14,8204,卖盘
1356,14:02:19,5.86,0.0,20,11720,卖盘
1357,14:02:21,5.86,0.0,57,33402,卖盘
1358,14:02:30,5.86,0.0,33,19338,卖盘
1359,14:02:34,5.86,0.0,17,9962,买盘
1360,14:02:37,5.86,0.0,9,5274,买盘
1361,14:03:10,5.85,-0.01,4,2340,卖盘
1362,14:03:13,5.85,0.0,2,1170,卖盘
1363,14:03:16,5.85,0.0,10,5850,卖盘
1364,14:03:25,5.86,0.01,10,5860,买盘
1365,14:03:37,5.85,-0.01,10,5850,卖盘
1366,14:03:40,5.86,0.01,5,2930,买盘
1367,14:03:46,5.86,0.0,6,3515,买盘
1368,14:03:49,5.85,-0.01,23,13455,卖盘
1369,14:03:55,5.85,0.0,1,585,卖盘
1370,14:03:58,5.85,0.0,37,21645,卖盘
1371,14:04:01,5.86,0.01,10,5860,买盘
1372,14:04:04,5.85,-0.01,50,29250,卖盘
1373,14:04:06,5.85,0.0,30,17550,卖盘
1374,14:04:21,5.85,0.0,105,61425,卖盘
1375,14:04:31,5.85,0.0,9,5265,卖盘
1376,14:04:33,5.85,0.0,10,5850,卖盘
1377,14:04:37,5.86,0.01,7,4102,买盘
1378,14:04:42,5.85,-0.01,1,585,卖盘
1379,14:04:46,5.86,0.01,2,1172,买盘
1380,14:05:10,5.86,0.0,4,2344,买盘
1381,14:05:13,5.86,0.0,1,586,买盘
1382,14:05:28,5.85,-0.01,30,17550,卖盘
1383,14:05:34,5.85,0.0,1,585,卖盘
1384,14:05:52,5.86,0.01,2,1172,买盘
1385,14:05:55,5.86,0.0,15,8790,买盘
1386,14:06:13,5.86,0.0,2,1172,买盘
1387,14:06:28,5.86,0.0,8,4688,买盘
1388,14:06:34,5.86,0.0,184,107824,买盘
1389,14:07:01,5.86,0.0,37,21682,卖盘
1390,14:07:31,5.86,0.0,3,1758,卖盘
1391,14:07:36,5.86,0.0,3,1758,卖盘
1392,14:07:52,5.86,0.0,10,5860,卖盘
1393,14:07:55,5.86,0.0,5,2930,卖盘
1394,14:08:01,5.86,0.0,45,26370,卖盘
1395,14:08:07,5.86,0.0,21,12306,卖盘
1396,14:08:22,5.86,0.0,117,68562,卖盘
1397,14:08:28,5.86,0.0,5,2930,卖盘
1398,14:08:34,5.87,0.01,40,23480,买盘
1399,14:08:43,5.86,-0.01,20,11720,卖盘
1400,14:08:58,5.87,0.01,3,1761,买盘
1401,14:09:04,5.86,-0.01,40,23440,卖盘
1402,14:09:06,5.87,0.01,263,154381,买盘
1403,14:09:15,5.87,0.0,9,5283,买盘
1404,14:09:46,5.87,0.0,5,2935,买盘
1405,14:09:49,5.87,0.0,10,5870,买盘
1406,14:09:58,5.86,-0.01,40,23450,卖盘
1407,14:10:43,5.86,0.0,62,36384,卖盘
1408,14:10:46,5.87,0.01,3,1761,买盘
1409,14:10:52,5.87,0.0,50,29350,买盘
1410,14:11:27,5.87,0.0,72,42264,卖盘
1411,14:11:40,5.88,0.01,24,14108,买盘
1412,14:11:49,5.87,-0.01,75,44025,卖盘
1413,14:12:01,5.87,0.0,50,29350,买盘
1414,14:12:10,5.87,0.0,17,9979,买盘
1415,14:12:37,5.87,0.0,72,42264,卖盘
1416,14:13:06,5.87,0.0,33,19371,买盘
1417,14:13:13,5.87,0.0,1,587,卖盘
1418,14:13:15,5.86,-0.01,10,5862,卖盘
1419,14:13:46,5.87,0.01,3,1761,卖盘
1420,14:13:55,5.87,0.0,54,31698,买盘
1421,14:13:57,5.87,0.0,20,11740,卖盘
1422,14:14:04,5.87,0.0,56,32872,卖盘
1423,14:14:06,5.87,0.0,10,5870,买盘
1424,14:14:28,5.87,0.0,78,45786,买盘
1425,14:14:37,5.87,0.0,5,2935,卖盘
1426,14:14:40,5.87,0.0,14,8218,卖盘
1427,14:14:45,5.87,0.0,3,1761,卖盘
1428,14:15:04,5.87,0.0,10,5870,买盘
1429,14:15:34,5.87,0.0,10,5870,买盘
1430,14:17:10,5.86,-0.01,15,8790,卖盘
1431,14:17:25,5.87,0.01,5,2935,买盘
1432,14:17:31,5.86,-0.01,20,11720,卖盘
1433,14:18:04,5.86,0.0,14,8204,卖盘
1434,14:18:10,5.86,0.0,198,116028,卖盘
1435,14:18:16,5.87,0.01,51,29937,买盘
1436,14:18:28,5.86,-0.01,2,1172,卖盘
1437,14:18:31,5.86,0.0,7,4102,卖盘
1438,14:18:43,5.86,0.0,55,32230,卖盘
1439,14:18:49,5.86,0.0,105,61530,卖盘
1440,14:18:51,5.87,0.01,1,587,买盘
1441,14:18:55,5.86,-0.01,35,20510,卖盘
1442,14:19:01,5.86,0.0,147,86142,卖盘
1443,14:19:04,5.86,0.0,128,75008,卖盘
1444,14:19:13,5.86,0.0,107,62702,卖盘
1445,14:19:19,5.86,0.0,62,36332,卖盘
1446,14:19:22,5.86,0.0,68,39848,卖盘
1447,14:19:25,5.86,0.0,1,586,卖盘
1448,14:19:27,5.86,0.0,275,161150,卖盘
1449,14:19:31,5.86,0.0,28,16408,买盘
1450,14:19:37,5.86,0.0,2,1172,卖盘
1451,14:19:46,5.86,0.0,15,8790,买盘
1452,14:19:58,5.86,0.0,6,3516,买盘
1453,14:20:01,5.86,0.0,18,10533,买盘
1454,14:20:04,5.85,-0.01,25,14625,卖盘
1455,14:20:10,5.85,0.0,16,9360,卖盘
1456,14:20:12,5.86,0.01,30,17580,买盘
1457,14:20:28,5.86,0.0,5,2930,买盘
1458,14:20:31,5.86,0.0,26,15236,买盘
1459,14:20:43,5.86,0.0,24,14064,卖盘
1460,14:20:55,5.86,0.0,57,33402,买盘
1461,14:21:01,5.85,-0.01,20,11700,卖盘
1462,14:21:04,5.86,0.01,23,13478,买盘
1463,14:21:16,5.86,0.0,12,7032,买盘
1464,14:21:19,5.86,0.0,69,40434,买盘
1465,14:21:37,5.86,0.0,150,87900,卖盘
1466,14:22:15,5.87,0.01,325,190475,买盘
1467,14:22:25,5.87,0.0,20,11740,买盘
1468,14:22:43,5.87,0.0,23,13501,买盘
1469,14:22:49,5.87,0.0,10,5870,买盘
1470,14:23:16,5.87,0.0,10,5870,买盘
1471,14:23:19,5.86,-0.01,223,130678,卖盘
1472,14:23:39,5.85,-0.01,427,250035,卖盘
1473,14:23:46,5.86,0.01,3,1758,买盘
1474,14:23:54,5.86,0.0,8,4688,买盘
1475,14:23:58,5.86,0.0,23,13478,买盘
1476,14:24:00,5.85,-0.01,96,56160,卖盘
1477,14:24:10,5.85,0.0,121,70785,卖盘
1478,14:24:15,5.85,0.0,90,52650,卖盘
1479,14:24:27,5.85,0.0,150,87750,卖盘
1480,14:24:33,5.85,0.0,9,5265,卖盘
1481,14:24:49,5.85,0.0,82,47970,卖盘
1482,14:24:52,5.85,0.0,732,428220,卖盘
1483,14:24:55,5.85,0.0,9,5265,买盘
1484,14:24:58,5.85,0.0,10,5850,买盘
1485,14:25:01,5.85,0.0,5,2925,买盘
1486,14:25:07,5.85,0.0,32,18720,买盘
1487,14:25:13,5.85,0.0,281,164193,买盘
1488,14:25:16,5.84,-0.01,50,29200,卖盘
1489,14:25:21,5.85,0.01,24,14025,买盘
1490,14:25:25,5.84,-0.01,19,11096,卖盘
1491,14:25:30,5.85,0.01,66,38601,买盘
1492,14:25:46,5.84,-0.01,214,124976,卖盘
1493,14:25:52,5.85,0.01,3,1755,买盘
1494,14:26:22,5.84,-0.01,3,1752,卖盘
1495,14:26:25,5.85,0.01,5,2925,买盘
1496,14:26:31,5.84,-0.01,325,189800,卖盘
1497,14:26:43,5.84,0.0,57,33288,卖盘
1498,14:26:46,5.85,0.01,40,23380,买盘
1499,14:26:52,5.84,-0.01,65,37983,卖盘
1500,14:27:01,5.85,0.01,2,1170,买盘
1501,14:27:04,5.85,0.0,9,5265,买盘
1502,14:27:12,5.85,0.0,2,1170,买盘
1503,14:27:25,5.84,-0.01,74,43216,卖盘
1504,14:27:28,5.85,0.01,12,7020,买盘
1505,14:27:30,5.84,-0.01,353,206452,卖盘
1506,14:27:34,5.84,0.0,91,53144,卖盘
1507,14:27:36,5.84,0.0,89,51976,卖盘
1508,14:27:49,5.84,0.0,95,55480,卖盘
1509,14:27:51,5.84,0.0,20,11680,卖盘
1510,14:28:00,5.84,0.0,86,50224,卖盘
1511,14:28:07,5.84,0.0,13,7592,卖盘
1512,14:28:33,5.85,0.01,36,21060,买盘
1513,14:28:43,5.84,-0.01,19,11096,卖盘
1514,14:28:46,5.84,0.0,352,205568,卖盘
1515,14:28:49,5.84,0.0,57,33288,买盘
1516,14:29:07,5.84,0.0,25,14600,卖盘
1517,14:29:10,5.85,0.01,9,5265,买盘
1518,14:29:13,5.84,-0.01,120,70080,卖盘
1519,14:29:16,5.84,0.0,40,23360,卖盘
1520,14:29:19,5.85,0.01,2,1170,买盘
1521,14:29:27,5.84,-0.01,120,70090,卖盘
1522,14:29:40,5.85,0.01,72,42068,买盘
1523,14:29:46,5.85,0.0,1,585,买盘
1524,14:29:49,5.84,-0.01,8,4672,卖盘
1525,14:29:55,5.84,0.0,71,41464,卖盘
1526,14:30:10,5.84,0.0,185,108040,卖盘
1527,14:30:12,5.84,0.0,15,8760,买盘
1528,14:30:19,5.84,0.0,30,17520,卖盘
1529,14:30:22,5.84,0.0,93,54312,卖盘
1530,14:30:25,5.84,0.0,181,105707,卖盘
1531,14:30:28,5.84,0.0,393,229605,卖盘
1532,14:30:48,5.84,0.0,1,584,卖盘
1533,14:30:58,5.85,0.01,4,2340,买盘
1534,14:31:01,5.85,0.0,3,1755,买盘
1535,14:31:04,5.85,0.0,159,92859,买盘
1536,14:31:07,5.85,0.0,50,29250,买盘
1537,14:31:13,5.85,0.0,107,62595,买盘
1538,14:31:24,5.85,0.0,52,30420,买盘
1539,14:31:27,5.85,0.0,10,5850,买盘
1540,14:31:31,5.85,0.0,195,114075,买盘
1541,14:31:34,5.85,0.0,3,1755,买盘
1542,14:31:37,5.85,0.0,38,22230,买盘
1543,14:31:40,5.85,0.0,39,22815,买盘
1544,14:31:43,5.85,0.0,43,25155,买盘
1545,14:31:46,5.85,0.0,30,17550,买盘
1546,14:32:07,5.87,0.02,3,1761,买盘
1547,14:32:12,5.81,-0.06,5000,2916120,卖盘
1548,14:32:25,5.85,0.04,96,56160,卖盘
1549,14:32:31,5.82,-0.03,50,29100,卖盘
1550,14:32:40,5.82,0.0,49,28518,卖盘
1551,14:32:49,5.82,0.0,7,4074,卖盘
1552,14:32:52,5.85,0.03,100,58450,买盘
1553,14:33:01,5.83,-0.02,18,10494,卖盘
1554,14:33:04,5.84,0.01,90,52528,买盘
1555,14:33:07,5.83,-0.01,15,8745,中性盘
1556,14:33:10,5.83,0.0,7,4081,卖盘
1557,14:33:13,5.83,0.0,18,10494,卖盘
1558,14:33:16,5.82,-0.01,361,210103,卖盘
1559,14:33:18,5.83,0.01,184,107108,买盘
1560,14:33:25,5.83,0.0,67,39061,买盘
1561,14:33:28,5.82,-0.01,50,29145,卖盘
1562,14:33:31,5.82,0.0,100,58200,卖盘
1563,14:33:34,5.84,0.02,17,9928,买盘
1564,14:33:46,5.83,-0.01,44,25622,买盘
1565,14:33:49,5.82,-0.01,50,29100,卖盘
1566,14:33:58,5.83,0.01,85,49477,买盘
1567,14:34:07,5.83,0.0,61,35563,买盘
1568,14:34:10,5.83,0.0,2,1166,中性盘
1569,14:34:16,5.82,-0.01,11,6410,卖盘
1570,14:34:25,5.83,0.01,179,104357,卖盘
1571,14:34:34,5.83,0.0,17,9911,卖盘
1572,14:34:40,5.83,0.0,69,40227,卖盘
1573,14:34:43,5.83,0.0,26,15160,卖盘
1574,14:34:49,5.83,0.0,69,40227,卖盘
1575,14:34:52,5.83,0.0,23,13409,卖盘
1576,14:35:00,5.83,0.0,17,9911,卖盘
1577,14:35:04,5.83,0.0,20,11660,卖盘
1578,14:35:06,5.83,0.0,2,1166,卖盘
1579,14:35:09,5.82,-0.01,75,43705,卖盘
1580,14:35:16,5.83,0.01,35,20405,卖盘
1581,14:35:28,5.83,0.0,40,23320,买盘
1582,14:35:33,5.83,0.0,10,5830,买盘
1583,14:35:37,5.83,0.0,20,11660,买盘
1584,14:35:40,5.83,0.0,110,64130,买盘
1585,14:35:43,5.83,0.0,13,7579,买盘
1586,14:35:49,5.83,0.0,91,53048,买盘
1587,14:35:52,5.83,0.0,140,81620,卖盘
1588,14:35:58,5.83,0.0,124,72292,卖盘
1589,14:36:01,5.82,-0.01,1032,600718,卖盘
1590,14:36:07,5.83,0.01,80,46640,买盘
1591,14:36:10,5.83,0.0,52,30316,卖盘
1592,14:36:16,5.82,-0.01,396,230845,卖盘
1593,14:36:22,5.82,0.0,7,4075,卖盘
1594,14:36:28,5.82,0.0,39,22698,卖盘
1595,14:36:34,5.82,0.0,10,5820,卖盘
1596,14:36:37,5.82,0.0,568,330576,卖盘
1597,14:36:43,5.82,0.0,50,29100,卖盘
1598,14:36:49,5.82,0.0,10,5820,买盘
1599,14:36:51,5.82,0.0,302,175564,买盘
1600,14:36:55,5.81,-0.01,57,33130,卖盘
1601,14:36:57,5.81,0.0,71,41251,卖盘
1602,14:37:01,5.82,0.01,3,1746,买盘
1603,14:37:04,5.82,0.0,118,68608,买盘
1604,14:37:06,5.81,-0.01,186,108074,卖盘
1605,14:37:09,5.81,0.0,228,132472,卖盘
1606,14:37:13,5.81,0.0,396,230076,卖盘
1607,14:37:16,5.81,0.0,22,12782,买盘
1608,14:37:24,5.81,0.0,89,51653,买盘
1609,14:37:34,5.81,0.0,244,141555,买盘
1610,14:37:37,5.81,0.0,115,66705,买盘
1611,14:37:40,5.81,0.0,10,5810,买盘
1612,14:37:43,5.8,-0.01,140,81266,卖盘
1613,14:37:46,5.81,0.01,876,508956,买盘
1614,14:37:49,5.81,0.0,571,331340,卖盘
1615,14:37:52,5.8,-0.01,64,37154,卖盘
1616,14:37:55,5.81,0.01,17,9877,中性盘
1617,14:37:57,5.8,-0.01,68,39466,卖盘
1618,14:38:01,5.8,0.0,92,53360,卖盘
1619,14:38:07,5.81,0.01,10,5810,买盘
1620,14:38:10,5.81,0.0,118,68477,买盘
1621,14:38:13,5.81,0.0,10,5810,卖盘
1622,14:38:21,5.81,0.0,63,36603,卖盘
1623,14:38:25,5.81,0.0,67,38927,买盘
1624,14:38:28,5.81,0.0,5,2905,买盘
1625,14:38:31,5.8,-0.01,100,58000,卖盘
1626,14:38:34,5.8,0.0,201,116581,卖盘
1627,14:38:37,5.8,0.0,109,63220,卖盘
1628,14:38:40,5.81,0.01,116,67286,买盘
1629,14:38:43,5.8,-0.01,99,57421,卖盘
1630,14:38:46,5.8,0.0,8,4640,买盘
1631,14:38:52,5.8,0.0,500,290000,买盘
1632,14:38:58,5.8,0.0,17,9858,买盘
1633,14:39:00,5.8,0.0,6,3480,买盘
1634,14:39:04,5.8,0.0,63,36540,买盘
1635,14:39:09,5.79,-0.01,6,3474,卖盘
1636,14:39:12,5.8,0.01,30,17400,买盘
1637,14:39:18,5.8,0.0,67,38797,买盘
1638,14:39:21,5.8,0.0,23,13340,买盘
1639,14:39:31,5.8,0.0,21,12180,买盘
1640,14:39:33,5.8,0.0,162,93898,买盘
1641,14:39:40,5.8,0.0,31,17980,买盘
1642,14:39:43,5.8,0.0,29,16820,买盘
1643,14:39:46,5.8,0.0,20,11600,买盘
1644,14:39:49,5.8,0.0,53,30716,买盘
1645,14:39:52,5.8,0.0,122,70760,买盘
1646,14:39:55,5.79,-0.01,10,5790,卖盘
1647,14:40:01,5.8,0.01,20,11600,买盘
1648,14:40:04,5.8,0.0,30,17400,买盘
1649,14:40:10,5.79,-0.01,76,44043,卖盘
1650,14:40:13,5.8,0.01,14,8120,买盘
1651,14:40:16,5.8,0.0,30,17400,买盘
1652,14:40:19,5.8,0.0,75,43495,买盘
1653,14:40:22,5.8,0.0,31,17980,买盘
1654,14:40:28,5.8,0.0,10,5800,买盘
1655,14:40:31,5.79,-0.01,224,129815,卖盘
1656,14:40:34,5.8,0.01,39,22620,买盘
1657,14:40:36,5.8,0.0,155,89900,买盘
1658,14:40:55,5.8,0.0,100,58000,卖盘
1659,14:41:01,5.8,0.0,220,127620,卖盘
1660,14:41:07,5.81,0.01,26,15096,买盘
1661,14:41:09,5.8,-0.01,509,295220,卖盘
1662,14:41:16,5.8,0.0,14,8120,卖盘
1663,14:41:25,5.8,0.0,73,42340,卖盘
1664,14:41:28,5.8,0.0,185,107300,卖盘
1665,14:41:31,5.8,0.0,43,24940,卖盘
1666,14:41:37,5.8,0.0,101,58580,卖盘
1667,14:41:40,5.8,0.0,60,34800,买盘
1668,14:41:43,5.8,0.0,14,8120,买盘
1669,14:41:45,5.8,0.0,50,29000,买盘
1670,14:41:49,5.8,0.0,75,43453,买盘
1671,14:41:52,5.79,-0.01,44,25476,卖盘
1672,14:41:55,5.79,0.0,30,17370,卖盘
1673,14:41:58,5.8,0.01,154,89320,买盘
1674,14:42:19,5.81,0.01,15,8715,买盘
1675,14:42:25,5.8,-0.01,30,17405,卖盘
1676,14:42:28,5.8,0.0,15,8700,买盘
1677,14:42:31,5.8,0.0,1,580,买盘
1678,14:42:34,5.79,-0.01,69,39981,卖盘
1679,14:42:37,5.8,0.01,12,6960,买盘
1680,14:42:40,5.8,0.0,10,5800,买盘
1681,14:42:43,5.8,0.0,1,580,买盘
1682,14:42:46,5.8,0.0,20,11600,买盘
1683,14:42:49,5.8,0.0,38,22040,卖盘
1684,14:42:51,5.8,0.0,6,3480,卖盘
1685,14:42:58,5.8,0.0,50,29000,卖盘
1686,14:43:04,5.8,0.0,16,9280,卖盘
1687,14:43:07,5.8,0.0,8,4640,卖盘
1688,14:43:10,5.81,0.01,8,4648,买盘
1689,14:43:22,5.8,-0.01,578,335250,卖盘
1690,14:43:28,5.8,0.0,9,5225,卖盘
1691,14:43:31,5.81,0.01,6,3486,买盘
1692,14:43:46,5.81,0.0,10,5810,买盘
1693,14:43:48,5.81,0.0,200,116200,买盘
1694,14:43:52,5.81,0.0,38,22078,买盘
1695,14:44:01,5.81,0.0,1,581,卖盘
1696,14:44:16,5.81,0.0,15,8715,卖盘
1697,14:44:22,5.82,0.01,10,5820,买盘
1698,14:44:28,5.82,0.0,41,23862,买盘
1699,14:44:36,5.82,0.0,1,582,买盘
1700,14:44:42,5.82,0.0,17,9894,买盘
1701,14:44:48,5.82,0.0,1,582,买盘
1702,14:44:52,5.81,-0.01,154,89474,卖盘
1703,14:44:55,5.81,0.0,21,12201,卖盘
1704,14:45:04,5.82,0.01,50,29100,买盘
1705,14:45:07,5.81,-0.01,33,19173,卖盘
1706,14:45:13,5.82,0.01,50,29080,买盘
1707,14:45:16,5.81,-0.01,10,5810,卖盘
1708,14:45:22,5.81,0.0,200,116200,卖盘
1709,14:45:25,5.84,0.03,913,532261,买盘
1710,14:45:27,5.79,-0.05,1591,922812,卖盘
1711,14:45:43,5.82,0.03,14,8148,卖盘
1712,14:45:58,5.82,0.0,40,23276,买盘
1713,14:46:10,5.82,0.0,1,582,卖盘
1714,14:46:18,5.82,0.0,27,15714,买盘
1715,14:46:22,5.82,0.0,42,24444,买盘
1716,14:46:25,5.82,0.0,43,25026,买盘
1717,14:46:28,5.81,-0.01,20,11626,卖盘
1718,14:46:31,5.81,0.0,171,99351,卖盘
1719,14:46:37,5.81,0.0,1,581,买盘
1720,14:46:43,5.81,0.0,3,1743,买盘
1721,14:46:45,5.81,0.0,50,29035,买盘
1722,14:46:48,5.81,0.0,1,581,卖盘
1723,14:46:52,5.83,0.02,11,6413,买盘
1724,14:46:55,5.8,-0.03,538,312165,卖盘
1725,14:47:01,5.8,0.0,20,11600,买盘
1726,14:47:04,5.8,0.0,56,32480,买盘
1727,14:47:07,5.8,0.0,25,14500,买盘
1728,14:47:10,5.8,0.0,41,23780,买盘
1729,14:47:16,5.79,-0.01,58,33613,卖盘
1730,14:47:19,5.81,0.02,61,35441,买盘
1731,14:47:22,5.8,-0.01,12,6960,卖盘
1732,14:47:37,5.81,0.01,242,140402,买盘
1733,14:47:49,5.81,0.0,32,18563,买盘
1734,14:47:55,5.81,0.0,24,13944,买盘
1735,14:48:01,5.8,-0.01,10,5800,卖盘
1736,14:48:04,5.8,0.0,33,19140,卖盘
1737,14:48:13,5.81,0.01,40,23240,买盘
1738,14:48:22,5.82,0.01,519,301896,买盘
1739,14:48:25,5.82,0.0,22,12804,卖盘
1740,14:48:28,5.82,0.0,14,8148,卖盘
1741,14:48:31,5.82,0.0,80,46560,卖盘
1742,14:48:34,5.82,0.0,15,8730,卖盘
1743,14:48:37,5.82,0.0,8,4656,卖盘
1744,14:48:45,5.82,0.0,81,47142,卖盘
1745,14:48:49,5.82,0.0,12,6984,卖盘
1746,14:48:52,5.82,0.0,15,8730,卖盘
1747,14:48:58,5.82,0.0,62,36084,卖盘
1748,14:49:01,5.83,0.01,8,4664,买盘
1749,14:49:04,5.82,-0.01,2,1164,卖盘
1750,14:49:13,5.82,0.0,47,27354,卖盘
1751,14:49:16,5.82,0.0,30,17460,买盘
1752,14:49:25,5.82,0.0,11,6402,买盘
1753,14:49:31,5.82,0.0,6,3492,买盘
1754,14:49:37,5.82,0.0,6,3492,买盘
1755,14:49:40,5.82,0.0,76,44232,买盘
1756,14:49:43,5.82,0.0,7,4074,卖盘
1757,14:49:46,5.83,0.01,14,8162,买盘
1758,14:49:49,5.82,-0.01,113,65766,卖盘
1759,14:49:52,5.82,0.0,42,24444,卖盘
1760,14:49:55,5.83,0.01,25,14555,买盘
1761,14:50:07,5.83,0.0,23,13409,买盘
1762,14:50:12,5.83,0.0,30,17490,买盘
1763,14:50:19,5.83,0.0,4,2332,买盘
1764,14:50:22,5.83,0.0,11,6403,买盘
1765,14:50:25,5.83,0.0,80,46640,买盘
1766,14:50:28,5.82,-0.01,24,13968,卖盘
1767,14:50:31,5.83,0.01,29,16907,买盘
1768,14:50:46,5.82,-0.01,35,20385,卖盘
1769,14:50:49,5.82,0.0,5,2910,卖盘
1770,14:50:55,5.83,0.01,2,1166,买盘
1771,14:51:04,5.82,-0.01,3,1746,卖盘
1772,14:51:10,5.83,0.01,44,25632,买盘
1773,14:51:13,5.83,0.0,9,5247,买盘
1774,14:51:19,5.82,-0.01,6,3492,卖盘
1775,14:51:28,5.82,0.0,178,103596,卖盘
1776,14:51:31,5.82,0.0,21,12222,卖盘
1777,14:51:37,5.82,0.0,40,23280,卖盘
1778,14:51:43,5.82,0.0,110,64020,卖盘
1779,14:51:49,5.83,0.01,3,1749,买盘
1780,14:51:51,5.82,-0.01,181,105342,卖盘
1781,14:51:55,5.82,0.0,3,1746,买盘
1782,14:51:58,5.82,0.0,10,5820,买盘
1783,14:52:01,5.82,0.0,5,2910,买盘
1784,14:52:04,5.82,0.0,49,28518,买盘
1785,14:52:07,5.82,0.0,9,5238,买盘
1786,14:52:13,5.82,0.0,46,26772,买盘
1787,14:52:16,5.82,0.0,12,6984,买盘
1788,14:52:19,5.82,0.0,383,222906,买盘
1789,14:52:22,5.82,0.0,10,5820,卖盘
1790,14:52:25,5.8,-0.02,1568,911072,卖盘
1791,14:52:31,5.82,0.02,167,97194,卖盘
1792,14:52:37,5.8,-0.02,2,1160,卖盘
1793,14:52:40,5.8,0.0,16,9280,卖盘
1794,14:52:46,5.8,0.0,10,5800,卖盘
1795,14:52:55,5.81,0.01,17,9877,卖盘
1796,14:52:58,5.81,0.0,64,37184,卖盘
1797,14:53:04,5.8,-0.01,40,23210,卖盘
1798,14:53:07,5.8,0.0,10,5800,卖盘
1799,14:53:16,5.81,0.01,4,2324,买盘
1800,14:53:19,5.8,-0.01,14,8120,卖盘
1801,14:53:22,5.81,0.01,56,32490,买盘
1802,14:53:25,5.8,-0.01,220,127620,卖盘
1803,14:53:28,5.8,0.0,17,9861,卖盘
1804,14:53:31,5.81,0.01,182,105590,买盘
1805,14:53:34,5.8,-0.01,49,28430,卖盘
1806,14:53:37,5.8,0.0,130,75410,卖盘
1807,14:53:40,5.81,0.01,262,152222,买盘
1808,14:53:46,5.8,-0.01,416,241412,卖盘
1809,14:53:49,5.83,0.03,872,507645,买盘
1810,14:53:52,5.81,-0.02,93,53941,中性盘
1811,14:53:55,5.81,0.0,30,17430,卖盘
1812,14:54:07,5.81,0.0,46,26726,卖盘
1813,14:54:10,5.81,0.0,56,32536,买盘
1814,14:54:16,5.81,0.0,2,1162,买盘
1815,14:54:19,5.82,0.01,211,122760,买盘
1816,14:54:22,5.82,0.0,81,47142,卖盘
1817,14:54:25,5.82,0.0,22,12804,卖盘
1818,14:54:28,5.82,0.0,10,5820,卖盘
1819,14:54:34,5.82,0.0,13,7566,卖盘
1820,14:54:37,5.82,0.0,13,7566,卖盘
1821,14:54:49,5.81,-0.01,114,66234,卖盘
1822,14:54:52,5.82,0.01,14,8148,买盘
1823,14:54:55,5.82,0.0,190,110580,买盘
1824,14:55:01,5.81,-0.01,39,22684,卖盘
1825,14:55:04,5.8,-0.01,536,310978,卖盘
1826,14:55:10,5.81,0.01,1,581,卖盘
1827,14:55:13,5.81,0.0,19,11039,卖盘
1828,14:55:16,5.81,0.0,254,147574,卖盘
1829,14:55:19,5.81,0.0,56,32536,卖盘
1830,14:55:22,5.81,0.0,30,17430,买盘
1831,14:55:25,5.81,0.0,519,301539,买盘
1832,14:55:34,5.81,0.0,1,581,买盘
1833,14:55:37,5.8,-0.01,1328,770624,卖盘
1834,14:55:40,5.81,0.01,17,9873,买盘
1835,14:55:43,5.8,-0.01,78,45245,卖盘
1836,14:55:46,5.8,0.0,10,5800,买盘
1837,14:55:49,5.8,0.0,21,12180,买盘
1838,14:55:52,5.79,-0.01,50,28950,卖盘
1839,14:55:55,5.8,0.01,408,236432,买盘
1840,14:55:58,5.79,-0.01,497,287866,卖盘
1841,14:56:01,5.79,0.0,140,81084,卖盘
1842,14:56:05,5.8,0.01,19,11018,买盘
1843,14:56:07,5.79,-0.01,275,159225,卖盘
1844,14:56:13,5.79,0.0,87,50373,买盘
1845,14:56:16,5.79,0.0,302,174828,买盘
1846,14:56:19,5.78,-0.01,1056,610550,卖盘
1847,14:56:22,5.79,0.01,46,26629,买盘
1848,14:56:28,5.78,-0.01,341,197098,卖盘
1849,14:56:31,5.78,0.0,76,43928,买盘
1850,14:56:34,5.78,0.0,148,85544,买盘
1851,14:56:37,5.78,0.0,504,290848,买盘
1852,14:56:40,5.78,0.0,294,169705,买盘
1853,14:56:43,5.77,-0.01,80,46160,中性盘
1854,14:56:46,5.77,0.0,79,45583,卖盘
1855,14:56:49,5.77,0.0,118,68086,买盘
1856,14:56:52,5.79,0.02,723,417768,买盘
1857,14:56:55,5.79,0.0,165,95535,卖盘
1858,14:56:58,5.79,0.0,41,23739,卖盘
1859,14:57:01,5.81,0.02,342,198573,买盘
1860,14:57:04,5.81,0.0,637,370097,卖盘
1861,15:00:04,5.79,-0.02,8407,4867861,买盘
