,time,price,change,volume,amount,type
0,09:25:04,6.25,-0.07,67,41875,卖盘
1,09:30:04,6.23,-0.02,18,11224,卖盘
2,09:30:07,6.23,0.0,70,43570,买盘
3,09:30:10,6.23,0.0,20,12460,卖盘
4,09:30:13,6.23,0.0,25,15575,卖盘
5,09:30:19,6.21,-0.02,1,621,卖盘
6,09:30:22,6.21,0.0,3,1863,卖盘
7,09:30:25,6.23,0.02,15,9335,买盘
8,09:30:28,6.21,-0.02,1,621,卖盘
9,09:30:31,6.21,0.0,80,49680,卖盘
10,09:30:34,6.21,0.0,1,621,卖盘
11,09:30:37,6.21,0.0,23,14283,卖盘
12,09:30:40,6.21,0.0,11,6831,买盘
13,09:30:43,6.2,-0.01,26,16120,卖盘
14,09:30:46,6.21,0.01,42,26082,买盘
15,09:30:52,6.21,0.0,18,11170,买盘
16,09:30:58,6.21,0.0,10,6210,买盘
17,09:31:04,6.21,0.0,10,6210,买盘
18,09:31:07,6.21,0.0,13,8073,买盘
19,09:31:10,6.23,0.02,8,4980,买盘
20,09:31:22,6.22,-0.01,24,14928,买盘
21,09:31:28,6.22,0.0,9,5598,买盘
22,09:31:31,6.22,0.0,321,199362,买盘
23,09:31:37,6.22,0.0,16,9952,卖盘
24,09:31:43,6.22,0.0,7,4354,卖盘
25,09:31:46,6.23,0.01,1,623,买盘
26,09:31:49,6.23,0.0,5,3115,买盘
27,09:32:01,6.22,-0.01,56,34847,卖盘
28,09:32:04,6.22,0.0,45,27990,卖盘
29,09:32:07,6.23,0.01,120,74737,买盘
30,09:32:10,6.22,-0.01,22,13694,卖盘
31,09:32:13,6.22,0.0,10,6222,卖盘
32,09:32:16,6.22,0.0,25,15555,卖盘
33,09:32:19,6.22,0.0,16,9952,卖盘
34,09:32:22,6.22,0.0,4,2488,卖盘
35,09:32:25,6.22,0.0,22,13684,卖盘
36,09:32:31,6.22,0.0,40,24880,卖盘
37,09:32:34,6.22,0.0,115,71540,卖盘
38,09:32:37,6.22,0.0,3,1866,卖盘
39,09:32:40,6.22,0.0,65,40430,卖盘
40,09:32:43,6.22,0.0,39,24258,卖盘
41,09:32:46,6.22,0.0,41,25502,卖盘
42,09:32:49,6.23,0.01,43,26756,买盘
43,09:32:52,6.22,-0.01,56,34832,卖盘
44,09:32:55,6.22,0.0,62,38564,卖盘
45,09:32:58,6.21,-0.01,57,35438,卖盘
46,09:33:01,6.21,0.0,11,6831,卖盘
47,09:33:04,6.21,0.0,1,621,卖盘
48,09:33:07,6.2,-0.01,31,19235,卖盘
49,09:33:10,6.21,0.01,24,14904,买盘
50,09:33:13,6.18,-0.03,350,216814,卖盘
51,09:33:16,6.19,0.01,62,38378,买盘
52,09:33:19,6.17,-0.02,14,8656,卖盘
53,09:33:22,6.16,-0.01,23,14181,卖盘
54,09:33:25,6.19,0.03,55,33895,买盘
55,09:33:28,6.18,-0.01,8,4947,卖盘
56,09:33:34,6.18,0.0,4,2472,买盘
57,09:33:40,6.16,-0.02,20,12324,卖盘
58,09:33:43,6.16,0.0,13,8008,买盘
59,09:33:46,6.16,0.0,29,17864,买盘
60,09:33:49,6.16,0.0,33,20328,买盘
61,09:33:55,6.16,0.0,5,3080,买盘
62,09:33:58,6.16,0.0,71,43736,买盘
63,09:34:01,6.16,0.0,7,4312,买盘
64,09:34:10,6.16,0.0,50,30800,卖盘
65,09:34:16,6.17,0.01,191,117906,中性盘
66,09:34:19,6.18,0.01,1,618,买盘
67,09:34:25,6.18,0.0,20,12345,买盘
68,09:34:28,6.17,-0.01,5,3085,卖盘
69,09:34:34,6.17,0.0,12,7404,卖盘
70,09:34:37,6.17,0.0,17,10489,卖盘
71,09:34:43,6.18,0.01,30,18540,买盘
72,09:34:46,6.17,-0.01,102,62979,卖盘
73,09:34:49,6.17,0.0,37,22846,卖盘
74,09:34:52,6.18,0.01,102,63035,买盘
75,09:34:55,6.18,0.0,10,6180,买盘
76,09:34:58,6.18,0.0,263,162534,买盘
77,09:35:01,6.18,0.0,3,1854,买盘
78,09:35:04,6.17,-0.01,20,12340,卖盘
79,09:35:07,6.14,-0.03,600,369557,卖盘
80,09:35:10,6.18,0.04,24,14832,买盘
81,09:35:13,6.18,0.0,15,9270,卖盘
82,09:35:16,6.18,0.0,29,17922,卖盘
83,09:35:19,6.17,-0.01,92,56781,卖盘
84,09:35:25,6.18,0.01,7,4326,买盘
85,09:35:28,6.18,0.0,12,7416,卖盘
86,09:35:31,6.18,0.0,3,1854,买盘
87,09:35:34,6.17,-0.01,1,617,卖盘
88,09:35:37,6.18,0.01,8,4944,买盘
89,09:35:40,6.17,-0.01,34,20978,卖盘
90,09:35:43,6.17,0.0,4,2468,卖盘
91,09:35:46,6.17,0.0,5,3085,买盘
92,09:35:52,6.17,0.0,126,77742,买盘
93,09:35:58,6.17,0.0,16,9872,卖盘
94,09:36:04,6.18,0.01,1,618,买盘
95,09:36:07,6.17,-0.01,3,1851,卖盘
96,09:36:19,6.18,0.01,58,35844,买盘
97,09:36:22,6.18,0.0,1,618,卖盘
98,09:36:31,6.18,0.0,127,78531,卖盘
99,09:36:34,6.18,0.0,40,24720,卖盘
100,09:36:40,6.2,0.02,22,13640,买盘
101,09:36:46,6.18,-0.02,141,87138,卖盘
102,09:36:52,6.17,-0.01,81,49997,卖盘
103,09:36:58,6.17,0.0,56,34584,卖盘
104,09:37:07,6.18,0.01,61,37698,卖盘
105,09:37:10,6.19,0.01,11,6809,买盘
106,09:37:13,6.18,-0.01,1,618,卖盘
107,09:37:16,6.18,0.0,19,11742,卖盘
108,09:37:19,6.19,0.01,172,106364,买盘
109,09:37:22,6.17,-0.02,25,15425,卖盘
110,09:37:28,6.19,0.02,31,19159,买盘
111,09:37:40,6.19,0.0,3,1857,卖盘
112,09:37:46,6.19,0.0,1,619,买盘
113,09:37:49,6.19,0.0,23,14234,买盘
114,09:37:58,6.19,0.0,6,3714,买盘
115,09:38:04,6.18,-0.01,124,76632,卖盘
116,09:38:07,6.18,0.0,20,12360,卖盘
117,09:38:10,6.17,-0.01,64,39518,卖盘
118,09:38:13,6.18,0.01,3,1854,中性盘
119,09:38:22,6.16,-0.02,38,23444,卖盘
120,09:38:28,6.17,0.01,1,617,买盘
121,09:38:34,6.19,0.02,100,61825,买盘
122,09:38:37,6.16,-0.03,167,102912,卖盘
123,09:38:40,6.16,0.0,22,13586,卖盘
124,09:38:46,6.17,0.01,1,617,买盘
125,09:38:52,6.16,-0.01,44,27124,卖盘
126,09:39:01,6.16,0.0,60,36960,卖盘
127,09:39:04,6.15,-0.01,175,107625,卖盘
128,09:39:07,6.16,0.01,27,16632,买盘
129,09:39:10,6.15,-0.01,14,8620,卖盘
130,09:39:13,6.15,0.0,3,1845,卖盘
131,09:39:16,6.14,-0.01,13,7987,卖盘
132,09:39:19,6.14,0.0,5,3070,卖盘
133,09:39:28,6.15,0.01,9,5535,买盘
134,09:39:34,6.17,0.02,15,9250,买盘
135,09:39:37,6.16,-0.01,1,616,卖盘
136,09:39:40,6.14,-0.02,90,55300,卖盘
137,09:39:58,6.14,0.0,20,12280,卖盘
138,09:40:01,6.13,-0.01,103,63213,卖盘
139,09:40:07,6.14,0.01,12,7378,卖盘
140,09:40:25,6.15,0.01,72,44248,买盘
141,09:40:28,6.15,0.0,33,20295,买盘
142,09:40:31,6.15,0.0,25,15375,买盘
143,09:40:37,6.14,-0.01,14,8596,卖盘
144,09:40:40,6.14,0.0,30,18425,卖盘
145,09:40:49,6.15,0.01,141,86805,卖盘
146,09:40:55,6.15,0.0,10,6152,卖盘
147,09:41:10,6.18,0.03,8,4944,买盘
148,09:41:31,6.16,-0.02,31,19096,卖盘
149,09:41:34,6.17,0.01,6,3702,买盘
150,09:41:37,6.16,-0.01,2,1232,卖盘
151,09:41:40,6.16,0.0,2,1232,卖盘
152,09:41:43,6.17,0.01,8,4934,买盘
153,09:41:46,6.16,-0.01,2,1232,卖盘
154,09:41:49,6.17,0.01,51,31466,买盘
155,09:41:55,6.17,0.0,10,6170,买盘
156,09:42:13,6.16,-0.01,10,6160,卖盘
157,09:42:19,6.16,0.0,1,616,卖盘
158,09:42:28,6.17,0.01,8,4936,买盘
159,09:42:34,6.16,-0.01,85,52360,卖盘
160,09:42:46,6.15,-0.01,28,17228,卖盘
161,09:42:49,6.15,0.0,25,15375,卖盘
162,09:43:10,6.15,0.0,10,6150,卖盘
163,09:43:13,6.17,0.02,11,6777,买盘
164,09:43:25,6.17,0.0,32,19744,买盘
165,09:43:34,6.16,-0.01,10,6160,卖盘
166,09:43:40,6.16,0.0,4,2464,买盘
167,09:43:43,6.16,0.0,56,34496,买盘
168,09:43:52,6.16,0.0,3,1848,买盘
169,09:43:55,6.16,0.0,4,2464,买盘
170,09:44:01,6.15,-0.01,2,1230,卖盘
171,09:44:10,6.16,0.01,2,1232,买盘
172,09:44:13,6.16,0.0,10,6160,买盘
173,09:44:16,6.16,0.0,11,6776,买盘
174,09:44:28,6.17,0.01,13,8021,买盘
175,09:44:31,6.17,0.0,6,3702,卖盘
176,09:44:40,6.17,0.0,17,10489,卖盘
177,09:44:58,6.17,0.0,46,28382,卖盘
178,09:45:07,6.17,0.0,2,1234,买盘
179,09:45:10,6.16,-0.01,2,1232,卖盘
180,09:45:13,6.16,0.0,17,10484,卖盘
181,09:45:37,6.16,0.0,110,67760,卖盘
182,09:45:40,6.16,0.0,20,12320,卖盘
183,09:45:43,6.16,0.0,5,3080,买盘
184,09:45:46,6.15,-0.01,28,17220,卖盘
185,09:45:49,6.16,0.01,50,30800,买盘
186,09:45:52,6.15,-0.01,16,9840,卖盘
187,09:45:55,6.15,0.0,3,1845,卖盘
188,09:45:58,6.15,0.0,39,23995,卖盘
189,09:46:01,6.15,0.0,167,102705,卖盘
190,09:46:07,6.14,-0.01,2,1228,卖盘
191,09:46:10,6.16,0.02,2,1232,买盘
192,09:46:13,6.15,-0.01,7,4305,卖盘
193,09:46:16,6.14,-0.01,5,3072,卖盘
194,09:46:22,6.15,0.01,8,4920,买盘
195,09:46:34,6.16,0.01,11,6773,买盘
196,09:46:49,6.14,-0.02,164,100696,卖盘
197,09:46:55,6.13,-0.01,22,13486,卖盘
198,09:46:58,6.13,0.0,9,5517,卖盘
199,09:47:01,6.13,0.0,9,5517,卖盘
200,09:47:04,6.13,0.0,3,1839,卖盘
201,09:47:07,6.13,0.0,48,29424,卖盘
202,09:47:10,6.13,0.0,70,42920,卖盘
203,09:47:13,6.13,0.0,11,6743,卖盘
204,09:47:16,6.13,0.0,148,90724,卖盘
205,09:47:22,6.12,-0.01,24,14688,卖盘
206,09:47:25,6.12,0.0,48,29376,卖盘
207,09:47:28,6.12,0.0,233,142596,卖盘
208,09:47:31,6.12,0.0,15,9180,卖盘
209,09:47:34,6.12,0.0,69,42214,买盘
210,09:47:37,6.11,-0.01,33,20165,卖盘
211,09:47:40,6.11,0.0,39,24318,卖盘
212,09:47:43,6.12,0.01,82,50107,买盘
213,09:47:46,6.11,-0.01,33,20163,卖盘
214,09:47:49,6.11,0.0,41,25051,卖盘
215,09:47:52,6.11,0.0,178,108758,卖盘
216,09:47:55,6.11,0.0,52,31644,卖盘
217,09:47:58,6.09,-0.02,1004,612135,卖盘
218,09:48:04,6.09,0.0,84,51403,买盘
219,09:48:07,6.09,0.0,51,31029,买盘
220,09:48:10,6.09,0.0,2,1218,买盘
221,09:48:13,6.08,-0.01,38,23124,卖盘
222,09:48:16,6.08,0.0,10,6080,卖盘
223,09:48:22,6.08,0.0,48,29189,卖盘
224,09:48:28,6.09,0.01,1,609,卖盘
225,09:48:34,6.09,0.0,69,42032,买盘
226,09:48:37,6.1,0.01,20,12172,买盘
227,09:48:43,6.1,0.0,3,1830,买盘
228,09:48:46,6.09,-0.01,30,18270,卖盘
229,09:48:49,6.1,0.01,11,6710,买盘
230,09:48:58,6.1,0.0,36,21960,买盘
231,09:49:01,6.09,-0.01,10,6090,卖盘
232,09:49:04,6.1,0.01,2,1220,买盘
233,09:49:07,6.09,-0.01,9,5481,卖盘
234,09:49:13,6.1,0.01,9,5490,买盘
235,09:49:19,6.09,-0.01,37,22533,卖盘
236,09:49:22,6.07,-0.02,111,67513,卖盘
237,09:49:25,6.06,-0.01,82,49815,卖盘
238,09:49:28,6.06,0.0,52,31512,卖盘
239,09:49:31,6.1,0.04,10,6100,买盘
240,09:49:34,6.1,0.0,24,14640,买盘
241,09:49:43,6.07,-0.03,99,60143,卖盘
242,09:49:46,6.1,0.03,46,28025,买盘
243,09:49:52,6.08,-0.02,40,24320,买盘
244,09:49:58,6.07,-0.01,100,60703,卖盘
245,09:50:01,6.08,0.01,2,1216,买盘
246,09:50:04,6.07,-0.01,11,6678,卖盘
247,09:50:07,6.08,0.01,36,21888,买盘
248,09:50:13,6.07,-0.01,5,3035,中性盘
249,09:50:16,6.07,0.0,10,6070,中性盘
250,09:50:19,6.08,0.01,10,6073,买盘
251,09:50:22,6.08,0.0,20,12160,买盘
252,09:50:28,6.06,-0.02,169,102225,卖盘
253,09:50:31,6.05,-0.01,132,79991,卖盘
254,09:50:40,6.07,0.01,5,2792,卖盘
255,09:50:43,6.07,0.0,37,22380,买盘
256,09:50:49,6.05,-0.02,13,7866,卖盘
257,09:50:52,6.07,0.02,6,3642,买盘
258,09:51:07,6.07,0.0,78,47589,买盘
259,09:51:10,6.05,-0.02,30,18160,卖盘
260,09:51:13,6.08,0.03,12,7296,买盘
261,09:51:16,6.08,0.0,7,4256,买盘
262,09:51:22,6.08,0.0,39,23712,卖盘
263,09:51:25,6.08,0.0,15,9120,买盘
264,09:51:31,6.08,0.0,31,18848,卖盘
265,09:51:34,6.07,-0.01,50,30390,卖盘
266,09:51:40,6.08,0.01,84,51072,卖盘
267,09:51:43,6.1,0.02,2,1220,买盘
268,09:51:49,6.1,0.0,108,65880,买盘
269,09:51:52,6.1,0.0,1,610,卖盘
270,09:51:55,6.1,0.0,4,2440,卖盘
271,09:51:58,6.09,-0.01,50,30497,卖盘
272,09:52:01,6.11,0.02,10,6110,买盘
273,09:52:04,6.1,-0.01,103,62830,中性盘
274,09:52:10,6.1,0.0,3,1830,买盘
275,09:52:13,6.09,-0.01,10,6090,卖盘
276,09:52:16,6.09,0.0,2,1218,卖盘
277,09:52:19,6.09,0.0,1,609,卖盘
278,09:52:22,6.1,0.01,82,50020,买盘
279,09:52:25,6.1,0.0,34,20737,买盘
280,09:52:28,6.09,-0.01,32,19488,卖盘
281,09:52:43,6.1,0.01,9,5490,买盘
282,09:52:58,6.1,0.0,2,1220,卖盘
283,09:53:07,6.1,0.0,3,1830,卖盘
284,09:53:13,6.11,0.01,11,6721,买盘
285,09:53:25,6.11,0.0,50,30550,卖盘
286,09:53:34,6.11,0.0,22,13442,卖盘
287,09:53:37,6.12,0.01,6,3671,买盘
288,09:53:40,6.1,-0.02,23,14050,卖盘
289,09:53:46,6.1,0.0,1,610,卖盘
290,09:54:07,6.1,0.0,23,14030,卖盘
291,09:54:16,6.1,0.0,27,16470,卖盘
292,09:54:19,6.1,0.0,12,7320,买盘
293,09:54:25,6.1,0.0,38,23180,卖盘
294,09:54:28,6.11,0.01,4,2443,买盘
295,09:54:31,6.1,-0.01,1,610,卖盘
296,09:54:46,6.11,0.01,11,6721,买盘
297,09:54:52,6.1,-0.01,18,10989,卖盘
298,09:54:55,6.11,0.01,80,48880,卖盘
299,09:55:01,6.11,0.0,3,1833,卖盘
300,09:55:04,6.12,0.01,19,11628,买盘
301,09:55:10,6.11,-0.01,120,73321,卖盘
302,09:55:13,6.12,0.01,15,9180,买盘
303,09:55:28,6.11,-0.01,5,3055,买盘
304,09:55:34,6.07,-0.04,325,197870,卖盘
305,09:55:40,6.08,0.01,73,44384,买盘
306,09:55:43,6.08,0.0,16,9728,买盘
307,09:55:46,6.08,0.0,16,9728,买盘
308,09:55:52,6.08,0.0,43,26144,买盘
309,09:55:55,6.07,-0.01,7,4249,卖盘
310,09:55:58,6.08,0.01,3,1824,买盘
311,09:56:01,6.08,0.0,3,1824,买盘
312,09:56:04,6.08,0.0,36,21888,买盘
313,09:56:19,6.1,0.02,20,12200,买盘
314,09:56:31,6.1,0.0,11,6710,卖盘
315,09:56:42,6.1,0.0,1,610,卖盘
316,09:56:46,6.1,0.0,5,3050,卖盘
317,09:56:49,6.1,0.0,16,9760,买盘
318,09:56:55,6.1,0.0,5,3050,买盘
319,09:56:58,6.1,0.0,5,3050,买盘
320,09:57:01,6.09,-0.01,10,6090,卖盘
321,09:57:04,6.1,0.01,4,2440,买盘
322,09:57:13,6.1,0.0,12,7320,买盘
323,09:57:16,6.09,-0.01,30,18270,卖盘
324,09:57:40,6.1,0.01,3,1830,买盘
325,09:57:49,6.1,0.0,10,6100,买盘
326,09:57:52,6.09,-0.01,93,56652,卖盘
327,09:57:58,6.08,-0.01,86,52333,卖盘
328,09:58:04,6.1,0.02,5,3050,买盘
329,09:58:10,6.1,0.0,17,10370,买盘
330,09:58:16,6.1,0.0,10,6100,买盘
331,09:58:22,6.1,0.0,10,6100,买盘
332,09:58:31,6.09,-0.01,1,609,卖盘
333,09:58:37,6.09,0.0,5,3045,买盘
334,09:59:04,6.09,0.0,9,5481,卖盘
335,09:59:13,6.1,0.01,7,4270,买盘
336,09:59:25,6.1,0.0,2,1220,买盘
337,09:59:34,6.1,0.0,32,19520,买盘
338,09:59:46,6.1,0.0,1,610,买盘
339,09:59:52,6.1,0.0,10,6100,买盘
340,10:00:01,6.1,0.0,20,12200,买盘
341,10:00:10,6.09,-0.01,12,7308,卖盘
342,10:00:13,6.1,0.01,39,23761,买盘
343,10:00:19,6.1,0.0,10,6100,卖盘
344,10:00:22,6.1,0.0,21,12810,卖盘
345,10:00:25,6.1,0.0,13,7930,卖盘
346,10:00:28,6.09,-0.01,96,58522,卖盘
347,10:00:34,6.09,0.0,13,7917,卖盘
348,10:00:37,6.1,0.01,62,37818,买盘
349,10:00:40,6.09,-0.01,5,3045,卖盘
350,10:00:43,6.09,0.0,16,9744,卖盘
351,10:00:46,6.09,0.0,7,4263,卖盘
352,10:00:49,6.09,0.0,115,70035,卖盘
353,10:00:52,6.08,-0.01,52,31616,卖盘
354,10:00:55,6.08,0.0,13,7904,卖盘
355,10:01:04,6.08,0.0,13,7907,卖盘
356,10:01:07,6.08,0.0,10,6080,卖盘
357,10:01:13,6.08,0.0,178,108224,卖盘
358,10:01:16,6.08,0.0,59,35872,买盘
359,10:01:22,6.08,0.0,9,5465,买盘
360,10:01:28,6.08,0.0,1,608,买盘
361,10:01:31,6.08,0.0,50,30400,买盘
362,10:01:37,6.07,-0.01,14,8498,卖盘
363,10:01:40,6.07,0.0,7,4249,卖盘
364,10:01:42,6.07,0.0,40,24280,卖盘
365,10:01:46,6.08,0.01,58,35264,买盘
366,10:01:49,6.07,-0.01,3,1821,卖盘
367,10:01:55,6.07,0.0,159,96513,卖盘
368,10:01:58,6.07,0.0,11,6677,买盘
369,10:02:01,6.07,0.0,5,3035,买盘
370,10:02:04,6.06,-0.01,8,4848,卖盘
371,10:02:10,6.07,0.01,7,4249,买盘
372,10:02:19,6.07,0.0,10,6070,卖盘
373,10:02:24,6.06,-0.01,500,303174,卖盘
374,10:02:36,6.08,0.02,34,20672,买盘
375,10:02:40,6.07,-0.01,113,68591,卖盘
376,10:02:49,6.07,0.0,11,6677,卖盘
377,10:03:07,6.08,0.01,11,6683,买盘
378,10:03:10,6.07,-0.01,100,60700,卖盘
379,10:03:13,6.07,0.0,1,607,卖盘
380,10:03:16,6.08,0.01,9,5472,买盘
381,10:03:34,6.08,0.0,42,25536,买盘
382,10:03:43,6.07,-0.01,20,12140,卖盘
383,10:04:21,6.07,0.0,72,43704,卖盘
384,10:04:40,6.07,0.0,5,3035,卖盘
385,10:04:46,6.07,0.0,7,4249,买盘
386,10:05:13,6.09,0.02,9,5480,买盘
387,10:05:28,6.08,-0.01,9,5472,卖盘
388,10:05:37,6.08,0.0,20,12160,买盘
389,10:06:07,6.08,0.0,24,14592,买盘
390,10:06:28,6.08,0.0,8,4864,卖盘
391,10:06:31,6.08,0.0,57,34656,卖盘
392,10:06:37,6.08,0.0,12,7296,买盘
393,10:06:40,6.07,-0.01,15,9105,卖盘
394,10:06:43,6.07,0.0,45,27315,卖盘
395,10:06:46,6.07,0.0,52,31564,卖盘
396,10:06:49,6.07,0.0,6,3642,卖盘
397,10:06:52,6.06,-0.01,10,6060,卖盘
398,10:06:57,6.06,0.0,3,1818,卖盘
399,10:07:01,6.06,0.0,2,1212,卖盘
400,10:07:04,6.06,0.0,10,6060,卖盘
401,10:07:07,6.06,0.0,13,7878,卖盘
402,10:07:10,6.06,0.0,28,16968,卖盘
403,10:07:15,6.07,0.01,15,9097,买盘
404,10:07:19,6.06,-0.01,46,27876,卖盘
405,10:07:22,6.06,0.0,5,3030,买盘
406,10:07:30,6.05,-0.01,100,60500,卖盘
407,10:07:37,6.06,0.01,48,29088,买盘
408,10:07:40,6.06,0.0,13,7878,买盘
409,10:07:42,6.06,0.0,7,4242,卖盘
410,10:07:45,6.06,0.0,3,1818,买盘
411,10:08:01,6.06,0.0,450,272630,卖盘
412,10:08:16,6.06,0.0,8,4848,买盘
413,10:08:19,6.06,0.0,50,30300,卖盘
414,10:08:31,6.06,0.0,8,4848,卖盘
415,10:08:34,6.06,0.0,85,51510,买盘
416,10:08:37,6.06,0.0,58,35148,买盘
417,10:08:49,6.06,0.0,10,6060,买盘
418,10:08:55,6.06,0.0,4,2424,买盘
419,10:08:57,6.06,0.0,2,1212,买盘
420,10:09:00,6.05,-0.01,170,102850,卖盘
421,10:09:04,6.05,0.0,36,21780,卖盘
422,10:09:12,6.06,0.01,90,54540,买盘
423,10:09:16,6.07,0.01,8,4856,买盘
424,10:09:31,6.07,0.0,1,607,买盘
425,10:09:34,6.07,0.0,49,29743,买盘
426,10:09:40,6.07,0.0,79,47953,买盘
427,10:09:45,6.06,-0.01,3,1818,卖盘
428,10:09:55,6.07,0.01,106,64342,买盘
429,10:10:04,6.07,0.0,10,6070,卖盘
430,10:10:16,6.08,0.01,6,3648,买盘
431,10:10:19,6.08,0.0,5,3040,买盘
432,10:10:30,6.08,0.0,100,60800,买盘
433,10:10:34,6.08,0.0,28,17024,买盘
434,10:10:37,6.08,0.0,61,37088,买盘
435,10:10:43,6.08,0.0,32,19456,买盘
436,10:10:58,6.09,0.01,3,1827,买盘
437,10:11:04,6.09,0.0,7,4263,买盘
438,10:11:16,6.1,0.01,6,3660,买盘
439,10:11:37,6.1,0.0,6,3660,买盘
440,10:11:46,6.1,0.0,6,3660,买盘
441,10:12:34,6.09,-0.01,3,1827,卖盘
442,10:12:40,6.09,0.0,1,609,卖盘
443,10:12:51,6.09,0.0,4,2436,卖盘
444,10:12:55,6.09,0.0,51,31059,卖盘
445,10:13:01,6.08,-0.01,2,1216,卖盘
446,10:13:13,6.09,0.01,1,609,买盘
447,10:13:16,6.09,0.0,8,4872,买盘
448,10:13:25,6.1,0.01,132,80458,买盘
449,10:13:27,6.08,-0.02,3,1824,卖盘
450,10:13:42,6.09,0.01,4,2436,卖盘
451,10:13:55,6.09,0.0,35,21315,买盘
452,10:13:58,6.08,-0.01,356,216513,卖盘
453,10:14:01,6.08,0.0,1,608,买盘
454,10:14:07,6.08,0.0,2,1216,买盘
455,10:14:13,6.08,0.0,5,3040,买盘
456,10:14:16,6.08,0.0,13,7904,买盘
457,10:14:31,6.07,-0.01,37,22459,卖盘
458,10:14:37,6.08,0.01,32,19456,买盘
459,10:14:58,6.1,0.02,171,104310,买盘
460,10:15:13,6.09,-0.01,20,12200,卖盘
461,10:15:19,6.11,0.02,10,6110,买盘
462,10:15:40,6.08,-0.03,27,16416,卖盘
463,10:15:46,6.09,0.01,8,4872,买盘
464,10:15:48,6.08,-0.01,49,29792,卖盘
465,10:16:03,6.08,0.0,16,9728,卖盘
466,10:16:06,6.08,0.0,26,15808,卖盘
467,10:16:22,6.08,0.0,8,4864,卖盘
468,10:16:27,6.08,0.0,12,7288,买盘
469,10:16:42,6.08,0.0,2,1216,卖盘
470,10:16:51,6.08,0.0,4,2432,卖盘
471,10:17:01,6.08,0.0,26,15808,卖盘
472,10:17:07,6.08,0.0,26,15808,卖盘
473,10:17:10,6.08,0.0,20,12160,买盘
474,10:17:13,6.08,0.0,2,1216,买盘
475,10:17:15,6.09,0.01,6,3650,买盘
476,10:17:36,6.08,-0.01,8,4864,买盘
477,10:17:39,6.09,0.01,34,20694,买盘
478,10:17:43,6.09,0.0,60,36540,卖盘
479,10:17:45,6.09,0.0,8,4872,卖盘
480,10:17:48,6.08,-0.01,2,1216,卖盘
481,10:18:04,6.08,0.0,7,4256,卖盘
482,10:18:07,6.08,0.0,6,3648,买盘
483,10:18:46,6.08,0.0,5,3040,买盘
484,10:18:58,6.08,0.0,2,1216,卖盘
485,10:19:07,6.08,0.0,107,65056,卖盘
486,10:19:16,6.07,-0.01,223,135361,卖盘
487,10:19:19,6.07,0.0,27,16409,卖盘
488,10:19:28,6.07,0.0,5,3035,卖盘
489,10:19:40,6.06,-0.01,139,84234,卖盘
490,10:20:04,6.07,0.01,16,9712,卖盘
491,10:20:12,6.07,0.0,4,2428,卖盘
492,10:20:19,6.06,-0.01,11,6666,卖盘
493,10:20:28,6.08,0.02,311,189063,买盘
494,10:20:40,6.06,-0.02,16,9696,卖盘
495,10:21:01,6.08,0.02,45,27360,买盘
496,10:21:07,6.08,0.0,33,20064,卖盘
497,10:21:10,6.08,0.0,69,41952,卖盘
498,10:21:16,6.09,0.01,42,25547,买盘
499,10:21:19,6.08,-0.01,4,2432,卖盘
500,10:21:27,6.08,0.0,33,20064,卖盘
501,10:21:37,6.08,0.0,52,31614,买盘
502,10:21:46,6.07,-0.01,20,12140,卖盘
503,10:22:01,6.07,0.0,7,4249,卖盘
504,10:22:25,6.07,0.0,29,17603,卖盘
505,10:22:40,6.07,0.0,1,607,卖盘
506,10:22:43,6.07,0.0,15,9105,卖盘
507,10:22:45,6.06,-0.01,72,43632,卖盘
508,10:22:48,6.07,0.01,1,607,买盘
509,10:23:04,6.07,0.0,50,30350,买盘
510,10:23:10,6.06,-0.01,73,44238,卖盘
511,10:23:19,6.06,0.0,9,5454,买盘
512,10:23:31,6.06,0.0,3,1818,卖盘
513,10:23:34,6.05,-0.01,165,99825,卖盘
514,10:23:36,6.04,-0.01,189,114182,卖盘
515,10:23:45,6.03,-0.01,39,23587,卖盘
516,10:23:52,6.05,0.02,3,1815,卖盘
517,10:23:55,6.05,0.0,2,1210,卖盘
518,10:24:04,6.03,-0.02,153,92308,卖盘
519,10:24:07,6.03,0.0,20,12060,卖盘
520,10:24:12,6.02,-0.01,184,110771,卖盘
521,10:24:19,6.02,0.0,116,69832,买盘
522,10:24:22,6.01,-0.01,125,75133,卖盘
523,10:24:25,6.01,0.0,30,18030,卖盘
524,10:24:31,6.01,0.0,43,25848,卖盘
525,10:24:37,6.02,0.01,8,4816,卖盘
526,10:24:40,6.02,0.0,10,6020,买盘
527,10:24:43,6.02,0.0,104,62608,买盘
528,10:24:52,6.02,0.0,20,12040,卖盘
529,10:24:55,6.02,0.0,20,12040,卖盘
530,10:25:01,6.03,0.01,5,3015,中性盘
531,10:25:19,6.05,0.02,6,3630,买盘
532,10:25:37,6.05,0.0,6,3630,买盘
533,10:25:43,6.05,0.0,20,12100,买盘
534,10:25:48,6.04,-0.01,50,30200,卖盘
535,10:25:54,6.04,0.0,10,6040,卖盘
536,10:26:07,6.04,0.0,101,60839,买盘
537,10:26:18,6.01,-0.03,100,60174,卖盘
538,10:26:31,6.0,-0.01,1423,854235,卖盘
539,10:26:43,5.99,-0.01,64,38336,卖盘
540,10:26:46,6.0,0.01,10,6000,买盘
541,10:26:49,5.99,-0.01,10,5990,卖盘
542,10:26:51,6.0,0.01,7,4200,买盘
543,10:26:54,5.99,-0.01,29,17371,卖盘
544,10:26:58,5.99,0.0,165,98675,买盘
545,10:27:01,5.99,0.0,6,3593,买盘
546,10:27:04,5.98,-0.01,43,25714,卖盘
547,10:27:07,5.98,0.0,3,1794,买盘
548,10:27:10,5.98,0.0,25,14950,买盘
549,10:27:13,5.96,-0.02,44,26257,卖盘
550,10:27:15,5.98,0.02,5,2990,买盘
551,10:27:19,5.98,0.0,20,11960,买盘
552,10:27:25,5.96,-0.02,101,60275,卖盘
553,10:27:28,5.98,0.02,10,5980,买盘
554,10:27:34,5.98,0.0,27,16146,买盘
555,10:27:40,5.97,-0.01,13,7764,卖盘
556,10:27:43,5.97,0.0,8,4776,卖盘
557,10:27:46,5.93,-0.04,206,122695,卖盘
558,10:27:55,5.97,0.04,33,19721,卖盘
559,10:27:58,5.96,-0.01,120,71552,卖盘
560,10:28:01,5.96,0.0,2,1192,卖盘
561,10:28:04,5.97,0.01,99,59005,买盘
562,10:28:10,5.98,0.01,2,1196,买盘
563,10:28:13,5.97,-0.01,30,17910,卖盘
564,10:28:19,5.97,0.0,84,50148,卖盘
565,10:28:25,5.97,0.0,65,38723,买盘
566,10:28:28,5.97,0.0,16,9552,买盘
567,10:28:34,5.97,0.0,5,2985,买盘
568,10:28:40,5.96,-0.01,8,4768,买盘
569,10:28:43,5.98,0.02,220,131003,买盘
570,10:29:19,5.98,0.0,9,5382,买盘
571,10:29:28,5.98,0.0,3,1794,买盘
572,10:29:34,5.96,-0.02,1,596,卖盘
573,10:29:37,5.98,0.02,20,11960,买盘
574,10:29:58,5.97,-0.01,24,14334,卖盘
575,10:30:13,5.98,0.01,48,28704,买盘
576,10:30:16,5.97,-0.01,124,74038,卖盘
577,10:30:19,5.98,0.01,20,11960,卖盘
578,10:30:25,5.97,-0.01,2,1194,卖盘
579,10:30:28,5.98,0.01,16,9568,买盘
580,10:30:31,5.98,0.0,30,17940,买盘
581,10:30:37,5.97,-0.01,7,4179,卖盘
582,10:30:49,5.98,0.01,1,598,买盘
583,10:30:52,5.98,0.0,4,2392,买盘
584,10:30:55,5.98,0.0,30,17940,买盘
585,10:30:58,5.97,-0.01,20,11940,卖盘
586,10:31:10,5.99,0.02,1,599,买盘
587,10:31:19,5.98,-0.01,73,43654,卖盘
588,10:31:22,5.99,0.01,17,10183,买盘
589,10:31:25,5.99,0.0,6,3594,买盘
590,10:31:31,5.98,-0.01,50,29900,卖盘
591,10:31:34,5.99,0.01,10,5990,买盘
592,10:31:37,5.99,0.0,10,5990,买盘
593,10:31:40,5.98,-0.01,56,33488,卖盘
594,10:31:46,5.99,0.01,28,16770,买盘
595,10:31:49,5.97,-0.02,10,5970,卖盘
596,10:32:04,5.97,0.0,141,84177,卖盘
597,10:32:07,5.97,0.0,6,3582,买盘
598,10:32:25,5.98,0.01,2,1197,卖盘
599,10:32:40,5.98,0.0,29,17342,卖盘
600,10:33:01,5.98,0.0,1,598,买盘
601,10:33:07,5.98,0.0,14,8372,买盘
602,10:33:19,5.99,0.01,15,8972,买盘
603,10:33:31,5.98,-0.01,6,3588,中性盘
604,10:33:34,5.97,-0.01,50,29854,卖盘
605,10:33:46,5.99,0.02,108,64692,买盘
606,10:34:19,5.99,0.0,3,1797,买盘
607,10:34:40,5.99,0.0,5,2995,买盘
608,10:35:01,5.99,0.0,20,11980,买盘
609,10:35:04,5.99,0.0,106,63494,买盘
610,10:35:10,5.99,0.0,9,5385,买盘
611,10:35:19,5.99,0.0,9,5391,买盘
612,10:35:25,5.99,0.0,30,17970,买盘
613,10:35:37,5.99,0.0,17,10183,卖盘
614,10:35:51,5.99,0.0,2,1198,买盘
615,10:35:58,5.98,-0.01,17,10166,卖盘
616,10:36:07,5.98,0.0,5,2990,买盘
617,10:36:10,5.99,0.01,57,34127,买盘
618,10:36:22,5.98,-0.01,2,1196,卖盘
619,10:36:33,5.98,0.0,14,8372,卖盘
620,10:36:40,5.98,0.0,1,598,买盘
621,10:36:43,5.98,0.0,30,17940,买盘
622,10:36:52,5.98,0.0,1,598,买盘
623,10:36:55,5.97,-0.01,76,45372,卖盘
624,10:36:58,5.98,0.01,35,20905,买盘
625,10:37:16,5.98,0.0,37,22126,买盘
626,10:37:18,5.98,0.0,10,5980,买盘
627,10:37:28,5.98,0.0,48,28704,买盘
628,10:37:31,5.98,0.0,4,2392,买盘
629,10:37:37,5.98,0.0,2,1196,买盘
630,10:37:39,5.98,0.0,31,18538,买盘
631,10:37:52,5.97,-0.01,121,72237,卖盘
632,10:37:55,5.97,0.0,20,11940,买盘
633,10:38:25,5.97,0.0,176,105072,买盘
634,10:38:28,5.97,0.0,23,13731,买盘
635,10:38:31,5.95,-0.02,540,321570,卖盘
636,10:38:37,5.95,0.0,11,6545,买盘
637,10:38:42,5.94,-0.01,43,25542,卖盘
638,10:38:52,5.93,-0.01,69,40917,卖盘
639,10:38:55,5.93,0.0,15,8890,买盘
640,10:38:57,5.93,0.0,7,4151,买盘
641,10:39:10,5.91,-0.02,103,60921,卖盘
642,10:39:19,5.93,0.02,11,6523,买盘
643,10:39:22,5.91,-0.02,30,17784,卖盘
644,10:39:25,5.94,0.03,10,5935,买盘
645,10:39:28,5.92,-0.02,4,2368,中性盘
646,10:39:34,5.92,0.0,22,13024,买盘
647,10:39:52,5.93,0.01,50,29650,中性盘
648,10:39:55,5.92,-0.01,24,14208,卖盘
649,10:39:58,5.94,0.02,10,5940,买盘
650,10:40:04,5.93,-0.01,21,12453,买盘
651,10:40:13,5.93,0.0,20,11860,买盘
652,10:40:16,5.93,0.0,16,9488,买盘
653,10:40:31,5.94,0.01,22,13068,买盘
654,10:40:40,5.94,0.0,50,29700,卖盘
655,10:41:00,5.94,0.0,20,11880,卖盘
656,10:41:04,5.95,0.01,81,48191,买盘
657,10:41:19,5.95,0.0,7,4165,买盘
658,10:41:22,5.95,0.0,3,1785,买盘
659,10:41:25,5.95,0.0,20,11900,买盘
660,10:41:28,5.95,0.0,22,13090,买盘
661,10:41:31,5.95,0.0,94,55910,买盘
662,10:41:37,5.95,0.0,28,16660,买盘
663,10:41:40,5.95,0.0,21,12495,买盘
664,10:41:43,5.95,0.0,10,5950,买盘
665,10:41:46,5.95,0.0,98,58310,买盘
666,10:41:55,5.95,0.0,4,2380,卖盘
667,10:42:01,5.97,0.02,5,2985,买盘
668,10:42:04,5.97,0.0,98,58506,买盘
669,10:42:07,5.95,-0.02,682,406216,卖盘
670,10:42:10,5.95,0.0,1,595,买盘
671,10:42:13,5.95,0.0,239,142205,买盘
672,10:42:19,5.95,0.0,30,17850,买盘
673,10:42:22,5.95,0.0,227,134825,买盘
674,10:42:46,5.98,0.03,6,3588,买盘
675,10:43:09,5.98,0.0,14,8372,买盘
676,10:43:19,5.99,0.01,22,13163,买盘
677,10:43:25,5.98,-0.01,5,2990,卖盘
678,10:43:28,5.99,0.01,2,1198,买盘
679,10:43:46,5.97,-0.02,10,5970,卖盘
680,10:43:55,5.98,0.01,12,7176,买盘
681,10:43:57,5.98,0.0,3,1794,买盘
682,10:44:04,5.98,0.0,5,2990,买盘
683,10:44:10,5.98,0.0,200,119600,买盘
684,10:44:13,5.97,-0.01,10,5970,买盘
685,10:44:25,5.96,-0.01,80,47730,卖盘
686,10:44:30,5.96,0.0,91,54236,卖盘
687,10:44:33,5.96,0.0,6,3576,买盘
688,10:44:36,5.96,0.0,10,5960,买盘
689,10:44:58,5.95,-0.01,50,29750,卖盘
690,10:45:07,5.95,0.0,20,11900,卖盘
691,10:45:22,5.96,0.01,10,5960,买盘
692,10:45:27,5.96,0.0,18,10728,买盘
693,10:45:31,5.95,-0.01,165,98175,卖盘
694,10:45:37,5.96,0.01,40,23815,买盘
695,10:45:43,5.96,0.0,35,20860,卖盘
696,10:45:51,5.96,0.0,27,16092,买盘
697,10:45:58,5.97,0.01,43,25638,买盘
698,10:46:04,5.96,-0.01,1,596,卖盘
699,10:46:16,5.97,0.01,8,4775,买盘
700,10:46:34,5.97,0.0,30,17910,买盘
701,10:46:43,5.97,0.0,17,10136,买盘
702,10:46:55,5.97,0.0,2,1194,买盘
703,10:47:22,5.97,0.0,9,5373,买盘
704,10:47:27,5.97,0.0,20,11940,买盘
705,10:47:48,5.97,0.0,2,1194,买盘
706,10:48:13,5.96,-0.01,103,61388,卖盘
707,10:48:21,5.96,0.0,3,1788,卖盘
708,10:48:34,5.97,0.01,46,27462,买盘
709,10:48:40,5.97,0.0,15,8955,卖盘
710,10:48:48,5.97,0.0,20,11940,卖盘
711,10:49:22,5.98,0.01,12,7176,买盘
712,10:49:34,5.98,0.0,1,598,买盘
713,10:49:46,5.98,0.0,40,23920,买盘
714,10:49:48,5.97,-0.01,31,18537,卖盘
715,10:49:51,5.98,0.01,275,164450,买盘
716,10:50:27,5.98,0.0,17,10166,买盘
717,10:50:51,5.97,-0.01,1,597,卖盘
718,10:51:01,5.98,0.01,21,12558,买盘
719,10:51:07,5.96,-0.02,220,131276,卖盘
720,10:51:22,5.97,0.01,11,6567,买盘
721,10:51:25,5.96,-0.01,100,59600,卖盘
722,10:51:28,5.96,0.0,13,7748,卖盘
723,10:51:37,5.96,0.0,80,47700,卖盘
724,10:51:46,5.96,0.0,1,596,卖盘
725,10:52:01,5.96,0.0,13,7748,卖盘
726,10:52:31,5.95,-0.01,100,59500,卖盘
727,10:52:34,5.95,0.0,70,41650,卖盘
728,10:52:36,5.95,0.0,40,23800,卖盘
729,10:52:42,5.95,0.0,34,20230,买盘
730,10:52:45,5.95,0.0,2,1190,买盘
731,10:52:51,5.95,0.0,59,35105,买盘
732,10:52:58,5.95,0.0,187,111265,买盘
733,10:53:01,5.94,-0.01,53,31482,卖盘
734,10:53:10,5.95,0.01,20,11900,买盘
735,10:53:13,5.95,0.0,49,29126,买盘
736,10:53:18,5.95,0.0,1,595,买盘
737,10:53:21,5.95,0.0,7,4165,买盘
738,10:53:28,5.94,-0.01,50,29700,卖盘
739,10:53:48,5.94,0.0,10,5940,卖盘
740,10:53:58,5.94,0.0,13,7722,卖盘
741,10:54:07,5.94,0.0,6,3564,卖盘
742,10:54:10,5.93,-0.01,422,250285,卖盘
743,10:54:27,5.93,0.0,10,5930,买盘
744,10:55:01,5.93,0.0,11,6523,买盘
745,10:55:04,5.93,0.0,14,8302,买盘
746,10:55:09,5.93,0.0,8,4744,买盘
747,10:55:13,5.93,0.0,95,56250,买盘
748,10:55:16,5.93,0.0,16,9488,买盘
749,10:55:22,5.93,0.0,38,22534,买盘
750,10:55:28,5.93,0.0,34,20162,买盘
751,10:56:04,5.94,0.01,33,19602,买盘
752,10:56:13,5.94,0.0,20,11880,买盘
753,10:56:21,5.94,0.0,52,30888,买盘
754,10:56:42,5.95,0.01,41,24395,买盘
755,10:56:48,5.95,0.0,10,5950,买盘
756,10:56:52,5.95,0.0,3,1785,买盘
757,10:56:58,5.95,0.0,5,2975,买盘
758,10:57:04,5.94,-0.01,117,69499,卖盘
759,10:57:07,5.94,0.0,5,2970,买盘
760,10:57:16,5.94,0.0,24,14256,买盘
761,10:57:19,5.94,0.0,100,59400,买盘
762,10:57:22,5.94,0.0,9,5346,买盘
763,10:57:31,5.94,0.0,45,26730,买盘
764,10:57:46,5.93,-0.01,131,77683,卖盘
765,10:57:54,5.93,0.0,20,11860,买盘
766,10:58:04,5.93,0.0,16,9488,买盘
767,10:58:10,5.93,0.0,20,11860,买盘
768,10:58:16,5.93,0.0,74,43882,买盘
769,10:58:18,5.93,0.0,21,12447,买盘
770,10:58:51,5.93,0.0,68,40324,买盘
771,10:59:01,5.93,0.0,2,1186,买盘
772,10:59:04,5.93,0.0,73,43276,买盘
773,10:59:07,5.93,0.0,11,6523,买盘
774,10:59:16,5.92,-0.01,15,8880,卖盘
775,10:59:24,5.93,0.01,41,24313,买盘
776,10:59:34,5.93,0.0,370,219250,买盘
777,10:59:49,5.92,-0.01,4,2368,卖盘
778,10:59:55,5.93,0.01,50,29650,买盘
779,11:00:01,5.93,0.0,7,4151,买盘
780,11:00:04,5.93,0.0,13,7709,买盘
781,11:00:07,5.93,0.0,76,44996,买盘
782,11:00:16,5.93,0.0,11,6523,买盘
783,11:00:22,5.93,0.0,232,137576,买盘
784,11:00:25,5.93,0.0,90,53370,买盘
785,11:00:28,5.93,0.0,25,14825,买盘
786,11:00:33,5.93,0.0,20,11860,买盘
787,11:00:39,5.93,0.0,1,593,买盘
788,11:00:58,5.94,0.01,15,8910,买盘
789,11:01:01,5.94,0.0,1,594,买盘
790,11:01:21,5.95,0.01,10,5948,买盘
791,11:02:10,5.93,-0.02,130,77090,卖盘
792,11:02:19,5.93,0.0,160,94880,卖盘
793,11:02:25,5.93,0.0,2,1186,买盘
794,11:02:39,5.93,0.0,12,7116,买盘
795,11:02:46,5.93,0.0,1,593,买盘
796,11:02:55,5.93,0.0,2,1186,买盘
797,11:02:57,5.92,-0.01,38,22500,卖盘
798,11:03:04,5.93,0.01,16,9488,买盘
799,11:03:19,5.93,0.0,30,17790,买盘
800,11:03:24,5.93,0.0,56,33208,买盘
801,11:03:28,5.93,0.0,2,1186,买盘
802,11:03:30,5.93,0.0,1,593,买盘
803,11:03:37,5.93,0.0,16,9488,买盘
804,11:04:13,5.95,0.02,20,11900,买盘
805,11:04:25,5.95,0.0,75,44625,买盘
806,11:04:28,5.95,0.0,7,4165,买盘
807,11:04:46,5.96,0.01,7,4172,买盘
808,11:04:49,5.96,0.0,29,17284,买盘
809,11:05:04,5.96,0.0,24,14304,买盘
810,11:05:10,5.96,0.0,7,4172,买盘
811,11:05:12,5.96,0.0,1,596,买盘
812,11:05:25,5.96,0.0,10,5960,买盘
813,11:05:49,5.96,0.0,8,4768,买盘
814,11:05:52,5.95,-0.01,293,174335,卖盘
815,11:05:55,5.95,0.0,219,129889,买盘
816,11:06:39,5.93,-0.02,30,17790,卖盘
817,11:06:43,5.94,0.01,25,14850,买盘
818,11:06:46,5.94,0.0,10,5940,买盘
819,11:06:48,5.94,0.0,11,6524,买盘
820,11:07:10,5.94,0.0,1,594,买盘
821,11:07:24,5.94,0.0,19,11286,买盘
822,11:07:34,5.94,0.0,5,2970,买盘
823,11:07:37,5.94,0.0,14,8316,买盘
824,11:07:48,5.94,0.0,2,1188,卖盘
825,11:07:51,5.94,0.0,9,5346,卖盘
826,11:08:07,5.93,-0.01,14,8302,卖盘
827,11:08:09,5.94,0.01,10,5940,买盘
828,11:08:13,5.93,-0.01,49,29057,卖盘
829,11:08:19,5.93,0.0,111,65923,卖盘
830,11:08:22,5.93,0.0,368,218224,卖盘
831,11:08:25,5.93,0.0,1,593,买盘
832,11:08:27,5.93,0.0,5,2965,买盘
833,11:08:30,5.93,0.0,71,42103,买盘
834,11:08:43,5.93,0.0,11,6523,买盘
835,11:08:52,5.93,0.0,38,22534,买盘
836,11:09:10,5.95,0.02,6,3570,买盘
837,11:09:25,5.95,0.0,9,5355,买盘
838,11:09:27,5.93,-0.02,31,18383,卖盘
839,11:09:58,5.95,0.02,1,595,买盘
840,11:10:03,5.95,0.0,62,36890,买盘
841,11:10:13,5.95,0.0,10,5950,卖盘
842,11:10:19,5.95,0.0,20,11900,卖盘
843,11:10:34,5.95,0.0,91,54151,卖盘
844,11:11:06,5.96,0.01,38,22643,买盘
845,11:11:22,5.96,0.0,101,60196,买盘
846,11:11:25,5.96,0.0,2,1192,买盘
847,11:11:28,5.96,0.0,8,4768,买盘
848,11:11:37,5.96,0.0,57,33972,买盘
849,11:11:43,5.95,-0.01,186,110684,卖盘
850,11:12:30,5.95,0.0,75,44625,卖盘
851,11:12:36,5.95,0.0,49,29155,卖盘
852,11:12:40,5.95,0.0,80,47600,卖盘
853,11:12:52,5.95,0.0,2,1190,买盘
854,11:13:09,5.94,-0.01,10,5940,买盘
855,11:13:22,5.94,0.0,1,594,买盘
856,11:13:25,5.93,-0.01,195,115644,卖盘
857,11:14:04,5.94,0.01,5,2970,买盘
858,11:14:06,5.93,-0.01,12,7116,卖盘
859,11:14:10,5.94,0.01,5,2970,买盘
860,11:14:22,5.94,0.0,17,10098,买盘
861,11:14:34,5.94,0.0,4,2376,买盘
862,11:14:40,5.94,0.0,1,594,卖盘
863,11:14:55,5.95,0.01,1,595,买盘
864,11:15:25,5.95,0.0,11,6545,买盘
865,11:15:28,5.95,0.0,18,10710,买盘
866,11:15:49,5.95,0.0,2,1190,买盘
867,11:15:54,5.95,0.0,100,59500,买盘
868,11:15:58,5.95,0.0,2,1190,买盘
869,11:16:07,5.94,-0.01,13,7722,卖盘
870,11:16:22,5.94,0.0,39,23166,卖盘
871,11:16:28,5.94,0.0,4,2376,卖盘
872,11:16:37,5.95,0.01,3,1785,买盘
873,11:16:45,5.94,-0.01,20,11880,卖盘
874,11:16:51,5.94,0.0,11,6534,卖盘
875,11:17:19,5.94,0.0,40,23760,卖盘
876,11:17:24,5.94,0.0,3,1782,卖盘
877,11:17:28,5.95,0.01,7,4165,买盘
878,11:17:52,5.94,-0.01,105,62370,卖盘
879,11:17:57,5.94,0.0,57,33858,卖盘
880,11:18:04,5.94,0.0,103,61182,卖盘
881,11:18:16,5.94,0.0,45,26730,买盘
882,11:18:25,5.93,-0.01,464,275152,卖盘
883,11:18:28,5.93,0.0,20,11860,买盘
884,11:18:46,5.92,-0.01,15,8880,卖盘
885,11:18:58,5.92,0.0,9,5328,卖盘
886,11:19:07,5.93,0.01,1,593,买盘
887,11:19:16,5.93,0.0,10,5930,买盘
888,11:19:22,5.93,0.0,6,3558,买盘
889,11:19:24,5.93,0.0,24,14232,买盘
890,11:19:27,5.93,0.0,1,593,买盘
891,11:19:31,5.92,-0.01,394,233248,卖盘
892,11:19:39,5.92,0.0,4,2368,买盘
893,11:19:43,5.92,0.0,2,1184,买盘
894,11:20:15,5.93,0.01,31,18383,买盘
895,11:20:24,5.93,0.0,3,1779,买盘
896,11:20:39,5.92,-0.01,30,17760,卖盘
897,11:21:10,5.93,0.01,5,2965,买盘
898,11:21:15,5.93,0.0,1,593,买盘
899,11:21:22,5.93,0.0,18,10674,买盘
900,11:21:28,5.94,0.01,11,6534,买盘
901,11:21:37,5.95,0.01,3,1785,买盘
902,11:21:40,5.95,0.0,1,595,买盘
903,11:21:42,5.93,-0.02,66,39138,卖盘
904,11:21:52,5.93,0.0,1,593,买盘
905,11:21:55,5.93,0.0,1,593,买盘
906,11:22:01,5.93,0.0,9,5337,买盘
907,11:22:04,5.93,0.0,39,23127,卖盘
908,11:22:06,5.93,0.0,1,593,买盘
909,11:22:16,5.93,0.0,9,5337,买盘
910,11:22:39,5.92,-0.01,47,27824,卖盘
911,11:22:49,5.93,0.01,10,5930,买盘
912,11:23:04,5.92,-0.01,100,59200,卖盘
913,11:23:09,5.93,0.01,29,17197,买盘
914,11:23:22,5.93,0.0,30,17790,买盘
915,11:23:25,5.93,0.0,11,6523,买盘
916,11:23:28,5.93,0.0,15,8895,买盘
917,11:23:31,5.93,0.0,2,1186,买盘
918,11:23:45,5.93,0.0,10,5930,买盘
919,11:23:51,5.93,0.0,1,593,买盘
920,11:24:01,5.93,0.0,3,1779,买盘
921,11:24:30,5.93,0.0,10,5930,买盘
922,11:24:34,5.93,0.0,30,17790,买盘
923,11:24:40,5.93,0.0,15,8895,买盘
924,11:24:51,5.95,0.02,70,41650,买盘
925,11:25:18,5.95,0.0,1,595,买盘
926,11:25:24,5.95,0.0,8,4760,买盘
927,11:26:04,5.93,-0.02,138,81844,卖盘
928,11:26:13,5.93,0.0,42,24906,买盘
929,11:26:37,5.94,0.01,10,5940,买盘
930,11:26:48,5.94,0.0,6,3564,买盘
931,11:27:09,5.95,0.01,91,54141,买盘
932,11:27:27,5.95,0.0,11,6545,买盘
933,11:27:58,5.95,0.0,57,33915,买盘
934,11:28:16,5.95,0.0,8,4760,买盘
935,11:28:28,5.95,0.0,15,9234,买盘
936,11:28:51,5.95,0.0,2,1190,卖盘
937,11:29:01,5.95,0.0,30,17541,卖盘
938,11:29:27,5.96,0.01,7,4171,卖盘
939,11:29:49,5.95,-0.01,1,595,卖盘
940,11:30:01,5.96,0.01,1,596,买盘
941,13:00:04,5.95,-0.01,11,6545,卖盘
942,13:00:07,5.96,0.01,25,14896,买盘
943,13:00:46,5.96,0.0,49,29514,买盘
944,13:01:04,5.96,0.0,71,42316,卖盘
945,13:01:09,5.96,0.0,14,8034,卖盘
946,13:01:21,5.96,0.0,6,3886,买盘
947,13:01:28,5.97,0.01,24,13998,买盘
948,13:02:19,5.97,0.0,12,7164,买盘
949,13:02:31,5.97,0.0,1,597,买盘
950,13:02:39,5.97,0.0,10,5970,买盘
951,13:03:09,5.94,-0.03,35,20823,卖盘
952,13:03:27,5.97,0.03,8,4776,买盘
953,13:04:21,5.97,0.0,24,14328,买盘
954,13:04:57,5.97,0.0,105,62685,买盘
955,13:05:30,5.97,0.0,9,5373,买盘
956,13:05:46,5.97,0.0,1,597,买盘
957,13:06:09,5.97,0.0,40,24190,买盘
958,13:06:43,5.98,0.01,5,2990,买盘
959,13:06:51,5.97,-0.01,5,2986,卖盘
960,13:07:04,5.98,0.01,3,1794,买盘
961,13:07:13,5.98,0.0,27,16146,买盘
962,13:07:28,5.98,0.0,8,4784,买盘
963,13:08:43,5.98,0.0,55,32890,买盘
964,13:09:07,5.98,0.0,5,2990,买盘
965,13:09:21,5.98,0.0,10,5980,买盘
966,13:09:24,5.98,0.0,10,5980,买盘
967,13:09:28,5.98,0.0,8,4784,买盘
968,13:10:00,5.98,0.0,42,25116,买盘
969,13:10:30,5.98,0.0,6,3588,买盘
970,13:10:49,5.98,0.0,15,8960,买盘
971,13:11:00,5.98,0.0,51,30498,买盘
972,13:11:06,5.97,-0.01,360,214855,卖盘
973,13:11:16,5.97,0.0,7,4179,买盘
974,13:11:31,5.97,0.0,6,3582,买盘
975,13:12:01,5.97,0.0,3,1791,买盘
976,13:12:10,5.97,0.0,51,30683,买盘
977,13:12:30,5.99,0.02,30,17970,买盘
978,13:12:36,5.99,0.0,5,2995,买盘
979,13:12:43,5.99,0.0,45,26955,买盘
980,13:13:07,5.99,0.0,16,9584,卖盘
981,13:13:30,6.0,0.01,6,3600,买盘
982,13:13:45,6.0,0.0,16,9600,买盘
983,13:13:52,6.0,0.0,8,4800,卖盘
984,13:14:01,5.99,-0.01,30,17970,卖盘
985,13:14:04,5.99,0.0,30,17970,卖盘
986,13:14:37,5.99,0.0,20,11980,买盘
987,13:14:40,5.99,0.0,5,2995,买盘
988,13:15:00,5.99,0.0,4,2396,买盘
989,13:15:06,5.99,0.0,5,2995,卖盘
990,13:15:21,5.99,0.0,8,4792,买盘
991,13:15:25,5.99,0.0,3,1797,买盘
992,13:15:28,5.99,0.0,1,599,买盘
993,13:15:30,6.0,0.01,10,5999,买盘
994,13:16:21,5.99,-0.01,26,15574,卖盘
995,13:16:27,5.99,0.0,7,4193,买盘
996,13:16:52,5.99,0.0,5,2995,买盘
997,13:17:04,5.99,0.0,20,11980,买盘
998,13:17:07,5.99,0.0,3,1797,买盘
999,13:17:12,5.99,0.0,1,599,买盘
1000,13:17:16,5.99,0.0,6,3594,买盘
1001,13:17:24,5.98,-0.01,61,36536,卖盘
1002,13:17:28,6.0,0.02,11,6600,买盘
1003,13:17:49,6.01,0.01,20,12001,买盘
1004,13:18:04,6.0,-0.01,1,600,买盘
1005,13:18:07,6.0,0.0,2,1200,买盘
1006,13:18:21,6.0,0.0,2,1200,买盘
1007,13:18:28,6.0,0.0,65,39000,卖盘
1008,13:18:34,6.0,0.0,3,1800,卖盘
1009,13:18:51,6.0,0.0,70,42000,卖盘
1010,13:18:58,6.0,0.0,3,1800,卖盘
1011,13:19:04,6.01,0.01,95,57066,买盘
1012,13:19:21,6.0,-0.01,3,1800,买盘
1013,13:19:31,6.0,0.0,5,3000,买盘
1014,13:19:46,6.0,0.0,10,6000,卖盘
1015,13:19:54,6.0,0.0,3,1800,买盘
1016,13:20:01,6.0,0.0,27,16200,卖盘
1017,13:20:07,6.0,0.0,10,6000,卖盘
1018,13:20:09,6.0,0.0,5,3000,卖盘
1019,13:20:16,6.0,0.0,5,3000,买盘
1020,13:20:22,6.0,0.0,24,14400,卖盘
1021,13:20:24,6.0,0.0,18,10800,卖盘
1022,13:20:43,6.0,0.0,6,3600,买盘
1023,13:20:46,5.99,-0.01,60,35940,卖盘
1024,13:20:52,5.99,0.0,6,3594,卖盘
1025,13:21:04,5.99,0.0,13,7787,卖盘
1026,13:21:30,6.0,0.01,8,4800,买盘
1027,13:21:36,6.0,0.0,11,6600,买盘
1028,13:22:04,5.99,-0.01,42,25158,卖盘
1029,13:22:30,5.98,-0.01,2,1196,卖盘
1030,13:23:31,5.99,0.01,7,4193,买盘
1031,13:23:37,5.98,-0.01,15,8970,卖盘
1032,13:23:49,5.99,0.01,6,3594,买盘
1033,13:23:55,5.99,0.0,6,3594,卖盘
1034,13:24:00,5.99,0.0,1,599,卖盘
1035,13:24:16,5.99,0.0,5,2995,卖盘
1036,13:25:12,5.99,0.0,2,1198,卖盘
1037,13:25:34,5.99,0.0,11,6589,买盘
1038,13:25:37,5.98,-0.01,5,2990,卖盘
1039,13:26:04,5.99,0.01,2,1198,买盘
1040,13:26:16,5.98,-0.01,267,159666,卖盘
1041,13:26:27,5.98,0.0,29,17342,买盘
1042,13:27:04,5.98,0.0,90,53820,买盘
1043,13:27:13,5.98,0.0,8,4784,卖盘
1044,13:27:30,5.99,0.01,10,5990,买盘
1045,13:27:58,5.98,-0.01,20,11960,卖盘
1046,13:28:13,5.98,0.0,126,75348,卖盘
1047,13:28:19,5.98,0.0,16,9568,卖盘
1048,13:28:25,5.99,0.01,24,14375,买盘
1049,13:28:30,5.98,-0.01,3,1794,卖盘
1050,13:28:34,5.98,0.0,1,598,卖盘
1051,13:28:36,5.98,0.0,1,598,卖盘
1052,13:29:15,5.98,0.0,58,34684,买盘
1053,13:29:31,6.0,0.02,7,4200,买盘
1054,13:30:46,6.0,0.0,5,3000,买盘
1055,13:30:55,5.99,-0.01,20,11980,卖盘
1056,13:31:25,6.0,0.01,23,13800,买盘
1057,13:31:33,6.0,0.0,7,4200,买盘
1058,13:31:36,6.0,0.0,5,3000,买盘
1059,13:32:12,6.0,0.0,10,6000,卖盘
1060,13:32:34,6.0,0.0,1,600,卖盘
1061,13:32:52,6.01,0.01,33,19833,买盘
1062,13:32:54,6.0,-0.01,182,109236,卖盘
1063,13:32:57,6.01,0.01,4,2404,中性盘
1064,13:33:07,6.0,-0.01,12,7200,卖盘
1065,13:33:10,6.0,0.0,11,6600,卖盘
1066,13:33:16,6.0,0.0,1,600,卖盘
1067,13:33:31,6.01,0.01,12,7212,买盘
1068,13:33:33,6.0,-0.01,1,600,卖盘
1069,13:33:57,6.0,0.0,20,12000,卖盘
1070,13:34:19,6.01,0.01,2,1202,买盘
1071,13:34:43,6.01,0.0,10,6010,买盘
1072,13:34:52,6.01,0.0,60,36060,买盘
1073,13:35:10,6.01,0.0,52,31252,买盘
1074,13:35:15,6.01,0.0,32,19232,卖盘
1075,13:35:30,6.02,0.01,12,7224,买盘
1076,13:35:33,6.01,-0.01,22,13222,卖盘
1077,13:35:42,6.01,0.0,2,1202,买盘
1078,13:36:58,6.02,0.01,37,22274,买盘
1079,13:37:01,6.01,-0.01,57,34307,卖盘
1080,13:37:21,6.02,0.01,46,27692,卖盘
1081,13:37:34,6.02,0.0,11,6622,买盘
1082,13:37:40,6.03,0.01,50,30107,买盘
1083,13:37:43,6.01,-0.02,73,43873,卖盘
1084,13:37:46,6.01,0.0,1,601,买盘
1085,13:37:49,6.01,0.0,2,1202,买盘
1086,13:38:37,6.01,0.0,1,601,卖盘
1087,13:39:10,6.01,0.0,20,12020,卖盘
1088,13:39:12,6.03,0.02,92,55456,买盘
1089,13:39:19,6.03,0.0,100,60300,卖盘
1090,13:39:28,6.04,0.01,80,48320,买盘
1091,13:39:37,6.04,0.0,25,15100,买盘
1092,13:39:39,6.04,0.0,5,3020,卖盘
1093,13:39:43,6.05,0.01,11,6650,买盘
1094,13:40:00,6.04,-0.01,50,30200,卖盘
1095,13:40:25,6.04,0.0,20,12080,卖盘
1096,13:40:27,6.04,0.0,7,4228,卖盘
1097,13:40:31,6.04,0.0,10,6040,买盘
1098,13:40:34,6.04,0.0,1,604,买盘
1099,13:40:37,6.03,-0.01,11,6633,卖盘
1100,13:40:49,6.04,0.01,10,6040,买盘
1101,13:40:58,6.04,0.0,2,1208,卖盘
1102,13:41:07,6.04,0.0,20,12080,卖盘
1103,13:41:24,6.05,0.01,2,1210,买盘
1104,13:41:37,6.05,0.0,16,9680,买盘
1105,13:41:40,6.05,0.0,8,4840,买盘
1106,13:41:49,6.04,-0.01,43,25972,卖盘
1107,13:42:01,6.04,0.0,43,25972,卖盘
1108,13:42:04,6.05,0.01,17,10285,买盘
1109,13:42:07,6.05,0.0,2,1210,买盘
1110,13:42:10,6.05,0.0,10,6050,买盘
1111,13:42:19,6.05,0.0,6,3630,买盘
1112,13:42:36,6.05,0.0,50,30250,买盘
1113,13:42:39,6.05,0.0,37,22385,买盘
1114,13:42:51,6.06,0.01,10,6060,买盘
1115,13:42:58,6.06,0.0,5,3030,买盘
1116,13:43:13,6.06,0.0,11,6666,买盘
1117,13:43:16,6.06,0.0,2,1212,买盘
1118,13:43:24,6.05,-0.01,33,19965,卖盘
1119,13:43:34,6.05,0.0,8,4840,买盘
1120,13:43:37,6.05,0.0,37,22385,买盘
1121,13:43:40,6.05,0.0,43,26015,买盘
1122,13:43:46,6.05,0.0,29,17545,卖盘
1123,13:43:48,6.05,0.0,96,58080,卖盘
1124,13:44:10,6.05,0.0,6,3630,买盘
1125,13:44:19,6.05,0.0,33,19965,买盘
1126,13:44:22,6.04,-0.01,6,3624,卖盘
1127,13:44:24,6.04,0.0,22,13288,卖盘
1128,13:44:46,6.03,-0.01,30,18090,卖盘
1129,13:44:49,6.04,0.01,28,16912,买盘
1130,13:44:52,6.04,0.0,10,6040,买盘
1131,13:45:34,6.04,0.0,9,5436,买盘
1132,13:45:51,6.04,0.0,10,6040,买盘
1133,13:46:24,6.03,-0.01,145,87435,卖盘
1134,13:46:36,6.02,-0.01,1,602,卖盘
1135,13:46:42,6.02,0.0,29,17458,卖盘
1136,13:46:51,6.02,0.0,12,7224,买盘
1137,13:46:57,6.02,0.0,16,9632,卖盘
1138,13:47:04,6.02,0.0,60,36120,卖盘
1139,13:47:28,6.02,0.0,7,4214,卖盘
1140,13:47:33,6.03,0.01,10,6030,买盘
1141,13:48:21,6.03,0.0,2,1206,买盘
1142,13:48:57,6.03,0.0,24,14472,买盘
1143,13:49:27,6.03,0.0,1,603,买盘
1144,13:49:36,6.03,0.0,8,4824,买盘
1145,13:50:43,6.03,0.0,11,6633,买盘
1146,13:50:55,6.03,0.0,99,59697,买盘
1147,13:51:18,6.04,0.01,93,56172,买盘
1148,13:51:28,6.05,0.01,92,55660,买盘
1149,13:51:31,6.05,0.0,18,10890,买盘
1150,13:51:37,6.06,0.01,6,3636,买盘
1151,13:51:43,6.06,0.0,65,39390,买盘
1152,13:51:52,6.06,0.0,110,66760,卖盘
1153,13:51:55,6.07,0.01,2,1214,买盘
1154,13:51:58,6.06,-0.01,20,12120,卖盘
1155,13:52:01,6.06,0.0,117,71002,卖盘
1156,13:52:10,6.08,0.02,47,28576,买盘
1157,13:52:13,6.08,0.0,29,17632,卖盘
1158,13:52:19,6.09,0.01,93,56637,买盘
1159,13:52:22,6.09,0.0,56,34069,买盘
1160,13:52:28,6.09,0.0,7,4263,卖盘
1161,13:52:31,6.1,0.01,29,17690,买盘
1162,13:52:37,6.1,0.0,200,122000,买盘
1163,13:52:40,6.09,-0.01,20,12180,卖盘
1164,13:52:43,6.1,0.01,13,7930,买盘
1165,13:52:46,6.1,0.0,14,8540,买盘
1166,13:52:49,6.1,0.0,39,23790,买盘
1167,13:52:58,6.1,0.0,50,30500,卖盘
1168,13:53:01,6.1,0.0,4,2440,卖盘
1169,13:53:04,6.11,0.01,100,61100,买盘
1170,13:53:07,6.11,0.0,20,12210,买盘
1171,13:53:16,6.11,0.0,1,611,买盘
1172,13:53:19,6.1,-0.01,36,21960,卖盘
1173,13:53:22,6.1,0.0,3,1830,买盘
1174,13:53:25,6.11,0.01,100,61015,买盘
1175,13:53:37,6.11,0.0,7,4277,买盘
1176,13:53:40,6.11,0.0,34,20774,买盘
1177,13:53:43,6.11,0.0,100,61100,卖盘
1178,13:53:45,6.11,0.0,34,20776,卖盘
1179,13:53:58,6.12,0.01,19,11628,买盘
1180,13:54:01,6.12,0.0,44,26898,买盘
1181,13:54:04,6.12,0.0,12,7344,卖盘
1182,13:54:18,6.12,0.0,79,48348,买盘
1183,13:54:22,6.12,0.0,62,37944,卖盘
1184,13:54:25,6.12,0.0,3,1836,卖盘
1185,13:54:28,6.12,0.0,14,8568,卖盘
1186,13:54:37,6.11,-0.01,1,611,卖盘
1187,13:54:45,6.12,0.01,40,24462,买盘
1188,13:54:48,6.1,-0.02,1,610,卖盘
1189,13:54:52,6.11,0.01,27,16495,买盘
1190,13:54:58,6.11,0.0,99,60489,卖盘
1191,13:55:04,6.12,0.01,100,61200,买盘
1192,13:55:07,6.11,-0.01,276,168636,卖盘
1193,13:55:10,6.11,0.0,1,611,买盘
1194,13:55:13,6.12,0.01,16,9778,买盘
1195,13:55:34,6.11,-0.01,7,4277,买盘
1196,13:55:37,6.11,0.0,3,1833,买盘
1197,13:55:43,6.11,0.0,47,28717,买盘
1198,13:55:57,6.11,0.0,70,42770,卖盘
1199,13:56:19,6.1,-0.01,41,25011,卖盘
1200,13:57:09,6.1,0.0,3,1830,买盘
1201,13:57:16,6.09,-0.01,13,7917,卖盘
1202,13:57:28,6.09,0.0,9,5481,卖盘
1203,13:57:37,6.09,0.0,70,42630,卖盘
1204,13:58:15,6.09,0.0,35,21315,买盘
1205,13:58:19,6.08,-0.01,3,1824,卖盘
1206,13:58:24,6.09,0.01,50,30450,买盘
1207,13:58:37,6.09,0.0,42,25578,买盘
1208,13:58:43,6.09,0.0,26,15850,卖盘
1209,13:58:45,6.1,0.01,2,1220,买盘
1210,13:58:48,6.1,0.0,3,1830,买盘
1211,13:59:01,6.1,0.0,70,42700,买盘
1212,13:59:16,6.1,0.0,35,21350,卖盘
1213,13:59:30,6.1,0.0,20,12200,卖盘
1214,13:59:34,6.1,0.0,2,1220,卖盘
1215,13:59:37,6.11,0.01,27,16477,买盘
1216,13:59:40,6.11,0.0,79,48269,买盘
1217,13:59:52,6.11,0.0,10,6110,卖盘
1218,13:59:57,6.11,0.0,2,1222,卖盘
1219,14:00:00,6.12,0.01,23,14076,买盘
1220,14:00:09,6.12,0.0,4,2448,买盘
1221,14:00:12,6.12,0.0,1,612,买盘
1222,14:00:27,6.11,-0.01,135,82550,卖盘
1223,14:00:36,6.12,0.01,10,6120,买盘
1224,14:00:55,6.12,0.0,7,4284,买盘
1225,14:01:01,6.12,0.0,10,6120,买盘
1226,14:01:16,6.12,0.0,1,612,买盘
1227,14:01:27,6.11,-0.01,6,3666,卖盘
1228,14:01:40,6.11,0.0,21,12842,卖盘
1229,14:01:46,6.12,0.01,1,612,买盘
1230,14:01:49,6.12,0.0,11,6732,买盘
1231,14:01:55,6.12,0.0,4,2448,买盘
1232,14:02:01,6.12,0.0,2,1224,买盘
1233,14:02:04,6.12,0.0,2,1224,买盘
1234,14:02:07,6.12,0.0,3,1836,买盘
1235,14:02:10,6.12,0.0,3,1836,买盘
1236,14:02:16,6.12,0.0,20,12240,买盘
1237,14:02:19,6.12,0.0,21,12852,卖盘
1238,14:02:25,6.13,0.01,3,1839,买盘
1239,14:02:28,6.13,0.0,2,1226,买盘
1240,14:02:31,6.13,0.0,90,55170,买盘
1241,14:02:34,6.13,0.0,7,4291,买盘
1242,14:02:37,6.13,0.0,7,4291,买盘
1243,14:02:40,6.13,0.0,2,1226,买盘
1244,14:02:43,6.13,0.0,24,14712,买盘
1245,14:02:52,6.14,0.01,103,63242,买盘
1246,14:02:55,6.14,0.0,8,4912,买盘
1247,14:02:58,6.14,0.0,9,5526,买盘
1248,14:03:01,6.14,0.0,7,4298,买盘
1249,14:03:04,6.14,0.0,7,4298,买盘
1250,14:03:07,6.14,0.0,10,6140,买盘
1251,14:03:10,6.14,0.0,3,1842,买盘
1252,14:03:13,6.14,0.0,54,33156,买盘
1253,14:03:16,6.14,0.0,4,2456,买盘
1254,14:03:19,6.14,0.0,16,9824,买盘
1255,14:03:22,6.14,0.0,50,30700,卖盘
1256,14:03:28,6.15,0.01,44,27060,买盘
1257,14:03:34,6.15,0.0,10,6150,买盘
1258,14:03:40,6.15,0.0,8,4920,买盘
1259,14:03:46,6.15,0.0,67,41200,买盘
1260,14:04:01,6.14,-0.01,8,4912,卖盘
1261,14:04:04,6.14,0.0,20,12280,卖盘
1262,14:04:13,6.14,0.0,3,1842,卖盘
1263,14:04:19,6.12,-0.02,200,122724,卖盘
1264,14:04:52,6.13,0.01,12,7356,卖盘
1265,14:05:22,6.13,0.0,9,5517,买盘
1266,14:05:31,6.13,0.0,10,6130,卖盘
1267,14:05:34,6.14,0.01,3,1842,买盘
1268,14:05:37,6.14,0.0,2,1228,买盘
1269,14:05:40,6.14,0.0,8,4912,买盘
1270,14:05:52,6.14,0.0,50,30700,买盘
1271,14:05:58,6.12,-0.02,3,1836,卖盘
1272,14:06:10,6.13,0.01,25,15345,卖盘
1273,14:06:13,6.13,0.0,3,1839,卖盘
1274,14:06:31,6.12,-0.01,28,17136,卖盘
1275,14:06:34,6.12,0.0,26,15912,卖盘
1276,14:06:37,6.12,0.0,5,3060,卖盘
1277,14:06:43,6.11,-0.01,11,6721,卖盘
1278,14:06:46,6.11,0.0,6,3666,卖盘
1279,14:06:49,6.11,0.0,4,2444,卖盘
1280,14:06:52,6.11,0.0,10,6110,卖盘
1281,14:06:55,6.11,0.0,17,10387,卖盘
1282,14:06:58,6.11,0.0,6,3666,卖盘
1283,14:07:01,6.11,0.0,15,9165,卖盘
1284,14:07:06,6.11,0.0,4,2444,卖盘
1285,14:07:10,6.11,0.0,29,17719,卖盘
1286,14:07:13,6.11,0.0,4,2444,卖盘
1287,14:07:16,6.11,0.0,2,1222,卖盘
1288,14:07:18,6.11,0.0,58,35438,卖盘
1289,14:07:40,6.11,0.0,41,25051,买盘
1290,14:07:46,6.12,0.01,124,75775,买盘
1291,14:07:58,6.12,0.0,6,3672,买盘
1292,14:08:16,6.12,0.0,1,612,买盘
1293,14:08:49,6.12,0.0,46,28152,买盘
1294,14:09:31,6.11,-0.01,199,121589,卖盘
1295,14:09:39,6.12,0.01,9,5508,买盘
1296,14:09:55,6.12,0.0,52,31824,买盘
1297,14:10:22,6.12,0.0,6,3672,买盘
1298,14:10:37,6.12,0.0,1,612,买盘
1299,14:11:13,6.11,-0.01,3,1833,卖盘
1300,14:11:16,6.12,0.01,66,40392,买盘
1301,14:11:34,6.11,-0.01,119,72825,卖盘
1302,14:11:36,6.12,0.01,12,7344,买盘
1303,14:11:40,6.13,0.01,359,219719,买盘
1304,14:11:46,6.13,0.0,1,613,买盘
1305,14:11:49,6.13,0.0,21,12873,买盘
1306,14:11:52,6.13,0.0,6,3673,买盘
1307,14:12:54,6.13,0.0,4,2452,卖盘
1308,14:13:01,6.14,0.01,34,20876,买盘
1309,14:13:10,6.14,0.0,30,18420,卖盘
1310,14:13:13,6.14,0.0,8,4912,卖盘
1311,14:13:18,6.15,0.01,110,67650,买盘
1312,14:13:31,6.15,0.0,49,30135,卖盘
1313,14:13:33,6.15,0.0,43,26445,卖盘
1314,14:13:40,6.15,0.0,16,9840,买盘
1315,14:13:46,6.15,0.0,1,615,买盘
1316,14:14:01,6.15,0.0,11,6765,买盘
1317,14:14:06,6.14,-0.01,40,24560,卖盘
1318,14:14:10,6.15,0.01,10,6150,买盘
1319,14:14:13,6.15,0.0,289,177555,中性盘
1320,14:14:52,6.15,0.0,94,57810,买盘
1321,14:14:55,6.14,-0.01,50,30700,卖盘
1322,14:15:00,6.14,0.0,5,3070,卖盘
1323,14:15:07,6.15,0.01,20,12300,买盘
1324,14:15:37,6.15,0.0,32,19680,买盘
1325,14:15:40,6.16,0.01,56,34447,买盘
1326,14:15:52,6.17,0.01,197,121456,买盘
1327,14:15:58,6.17,0.0,3,1851,卖盘
1328,14:16:04,6.17,0.0,1,617,卖盘
1329,14:16:06,6.17,0.0,10,6170,买盘
1330,14:16:25,6.15,-0.02,100,61500,卖盘
1331,14:16:30,6.17,0.02,35,21595,买盘
1332,14:16:43,6.17,0.0,85,52445,买盘
1333,14:16:49,6.17,0.0,31,19127,卖盘
1334,14:16:58,6.17,0.0,2,1234,买盘
1335,14:17:01,6.18,0.01,10,6180,买盘
1336,14:17:04,6.17,-0.01,59,36403,卖盘
1337,14:17:16,6.17,0.0,10,6170,买盘
1338,14:17:24,6.17,0.0,2,1234,买盘
1339,14:17:40,6.17,0.0,10,6170,买盘
1340,14:17:49,6.16,-0.01,16,9856,卖盘
1341,14:18:04,6.16,0.0,44,27104,买盘
1342,14:18:16,6.16,0.0,8,4928,卖盘
1343,14:18:19,6.16,0.0,12,7392,买盘
1344,14:18:22,6.17,0.01,299,184483,买盘
1345,14:18:25,6.16,-0.01,20,12321,卖盘
1346,14:18:27,6.18,0.02,17,10506,买盘
1347,14:18:46,6.17,-0.01,1,617,买盘
1348,14:19:04,6.18,0.01,40,24720,买盘
1349,14:19:10,6.18,0.0,97,59911,买盘
1350,14:19:13,6.18,0.0,138,85284,卖盘
1351,14:19:19,6.18,0.0,10,6180,卖盘
1352,14:19:22,6.19,0.01,10,6190,买盘
1353,14:19:25,6.18,-0.01,13,8034,卖盘
1354,14:19:28,6.18,0.0,20,12360,卖盘
1355,14:19:30,6.18,0.0,6,3708,买盘
1356,14:19:33,6.18,0.0,40,24720,买盘
1357,14:19:40,6.18,0.0,9,5562,买盘
1358,14:19:52,6.18,0.0,18,11124,买盘
1359,14:20:04,6.18,0.0,10,6180,买盘
1360,14:20:06,6.17,-0.01,413,254921,卖盘
1361,14:20:12,6.16,-0.01,30,18480,卖盘
1362,14:20:16,6.16,0.0,36,22176,卖盘
1363,14:20:19,6.16,0.0,21,12936,卖盘
1364,14:20:22,6.16,0.0,1,616,卖盘
1365,14:20:28,6.16,0.0,1,616,卖盘
1366,14:20:34,6.16,0.0,30,18480,卖盘
1367,14:20:40,6.16,0.0,20,12330,卖盘
1368,14:20:43,6.16,0.0,179,110264,卖盘
1369,14:20:45,6.16,0.0,25,15400,卖盘
1370,14:20:49,6.16,0.0,371,228536,卖盘
1371,14:21:04,6.15,-0.01,116,71340,卖盘
1372,14:21:07,6.15,0.0,68,41870,卖盘
1373,14:21:10,6.14,-0.01,24,14736,卖盘
1374,14:21:21,6.15,0.01,9,5535,买盘
1375,14:21:24,6.15,0.0,33,20295,卖盘
1376,14:21:27,6.15,0.0,6,3690,卖盘
1377,14:21:33,6.15,0.0,9,5535,卖盘
1378,14:21:42,6.15,0.0,10,6150,买盘
1379,14:21:49,6.15,0.0,5,3071,买盘
1380,14:21:55,6.15,0.0,12,7380,买盘
1381,14:22:07,6.14,-0.01,8,4912,卖盘
1382,14:22:10,6.15,0.01,6,3690,买盘
1383,14:22:34,6.15,0.0,11,6762,买盘
1384,14:22:42,6.15,0.0,5,3075,买盘
1385,14:22:49,6.15,0.0,66,40590,买盘
1386,14:23:04,6.15,0.0,81,49815,买盘
1387,14:23:21,6.14,-0.01,15,9210,卖盘
1388,14:23:43,6.15,0.01,9,5535,买盘
1389,14:23:46,6.14,-0.01,12,7368,卖盘
1390,14:23:49,6.14,0.0,6,3684,卖盘
1391,14:23:52,6.14,0.0,9,5526,卖盘
1392,14:24:01,6.14,0.0,21,12894,卖盘
1393,14:24:06,6.14,0.0,3,1842,卖盘
1394,14:24:16,6.14,0.0,90,55260,卖盘
1395,14:24:46,6.14,0.0,10,6140,卖盘
1396,14:24:49,6.14,0.0,12,7368,卖盘
1397,14:24:52,6.14,0.0,3,1842,卖盘
1398,14:25:04,6.14,0.0,30,18420,卖盘
1399,14:25:40,6.15,0.01,6,3690,买盘
1400,14:25:43,6.14,-0.01,20,12280,卖盘
1401,14:25:54,6.14,0.0,14,8596,卖盘
1402,14:26:07,6.14,0.0,1,614,卖盘
1403,14:27:04,6.15,0.01,40,24600,买盘
1404,14:27:24,6.15,0.0,133,81795,买盘
1405,14:27:43,6.15,0.0,19,11694,卖盘
1406,14:27:45,6.15,0.0,30,18450,买盘
1407,14:27:57,6.15,0.0,30,18450,买盘
1408,14:28:01,6.15,0.0,10,6150,中性盘
1409,14:28:04,6.15,0.0,2,1230,买盘
1410,14:28:06,6.15,0.0,8,4920,卖盘
1411,14:28:10,6.16,0.01,15,9240,买盘
1412,14:28:21,6.16,0.0,30,18480,买盘
1413,14:28:55,6.15,-0.01,40,24600,卖盘
1414,14:29:30,6.16,0.01,38,23408,买盘
1415,14:29:42,6.16,0.0,151,92974,买盘
1416,14:30:25,6.16,0.0,127,78232,买盘
1417,14:30:43,6.15,-0.01,200,123000,卖盘
1418,14:30:58,6.16,0.01,41,25256,买盘
1419,14:31:01,6.15,-0.01,30,18471,卖盘
1420,14:31:12,6.16,0.01,5,3080,卖盘
1421,14:31:43,6.17,0.01,21,12947,买盘
1422,14:32:30,6.17,0.0,50,30850,买盘
1423,14:32:55,6.19,0.02,329,203269,买盘
1424,14:33:15,6.16,-0.03,32,19744,卖盘
1425,14:33:22,6.18,0.02,11,6798,买盘
1426,14:33:25,6.18,0.0,12,7416,卖盘
1427,14:33:31,6.17,-0.01,10,6172,卖盘
1428,14:33:42,6.18,0.01,8,4944,买盘
1429,14:34:10,6.18,0.0,5,3090,买盘
1430,14:34:12,6.18,0.0,14,8652,买盘
1431,14:34:25,6.17,-0.01,6,3702,买盘
1432,14:34:28,6.17,0.0,1,617,买盘
1433,14:34:31,6.17,0.0,1,617,买盘
1434,14:34:34,6.17,0.0,1,617,买盘
1435,14:34:37,6.16,-0.01,11,6777,卖盘
1436,14:34:40,6.18,0.02,2,1236,买盘
1437,14:35:01,6.17,-0.01,1,617,买盘
1438,14:35:04,6.17,0.0,1,617,买盘
1439,14:35:07,6.18,0.01,13,8024,买盘
1440,14:35:13,6.16,-0.02,134,82544,卖盘
1441,14:35:15,6.16,0.0,7,4312,买盘
1442,14:35:25,6.16,0.0,123,75768,买盘
1443,14:35:28,6.16,0.0,80,49280,买盘
1444,14:35:43,6.18,0.02,11,6798,买盘
1445,14:35:46,6.16,-0.02,70,43120,卖盘
1446,14:35:48,6.19,0.03,112,69328,买盘
1447,14:35:51,6.16,-0.03,8,4932,卖盘
1448,14:36:10,6.17,0.01,4,2468,卖盘
1449,14:36:16,6.17,0.0,3,1851,买盘
1450,14:36:19,6.17,0.0,3,1851,买盘
1451,14:36:28,6.17,0.0,14,8638,卖盘
1452,14:36:43,6.17,0.0,10,6170,卖盘
1453,14:36:46,6.17,0.0,2,1234,卖盘
1454,14:37:10,6.17,0.0,8,4936,卖盘
1455,14:37:25,6.16,-0.01,9,5544,卖盘
1456,14:37:27,6.16,0.0,10,6160,卖盘
1457,14:37:43,6.16,0.0,7,4312,买盘
1458,14:37:57,6.16,0.0,7,4312,买盘
1459,14:38:16,6.15,-0.01,10,6150,卖盘
1460,14:38:37,6.15,0.0,32,19680,卖盘
1461,14:38:49,6.15,0.0,5,3075,卖盘
1462,14:38:58,6.15,0.0,7,4305,卖盘
1463,14:39:01,6.15,0.0,184,113160,卖盘
1464,14:39:19,6.11,-0.04,900,551839,卖盘
1465,14:39:42,6.16,0.05,9,5544,买盘
1466,14:39:58,6.12,-0.04,12,7344,卖盘
1467,14:40:01,6.12,0.0,12,7344,卖盘
1468,14:40:21,6.13,0.01,80,49040,卖盘
1469,14:40:27,6.13,0.0,20,12260,买盘
1470,14:40:42,6.13,0.0,100,61300,卖盘
1471,14:41:01,6.13,0.0,19,11647,卖盘
1472,14:41:06,6.13,0.0,2,1226,买盘
1473,14:41:10,6.13,0.0,30,18390,买盘
1474,14:41:13,6.13,0.0,8,4904,买盘
1475,14:41:16,6.13,0.0,5,3065,买盘
1476,14:41:19,6.13,0.0,3,1839,买盘
1477,14:41:22,6.13,0.0,627,383075,买盘
1478,14:41:24,6.13,0.0,1,613,卖盘
1479,14:41:36,6.15,0.02,10,6150,买盘
1480,14:41:43,6.15,0.0,2,1230,买盘
1481,14:41:55,6.15,0.0,1,615,买盘
1482,14:42:07,6.15,0.0,5,3075,买盘
1483,14:42:13,6.15,0.0,20,12300,买盘
1484,14:42:18,6.13,-0.02,20,12260,卖盘
1485,14:42:25,6.13,0.0,14,8582,卖盘
1486,14:42:40,6.11,-0.02,4,2444,卖盘
1487,14:42:42,6.11,0.0,1,611,买盘
1488,14:42:52,6.12,0.01,2,1224,买盘
1489,14:42:54,6.12,0.0,2,1224,买盘
1490,14:42:57,6.12,0.0,2,1224,买盘
1491,14:43:00,6.12,0.0,11,6732,买盘
1492,14:43:04,6.12,0.0,8,4896,买盘
1493,14:43:07,6.12,0.0,3,1836,卖盘
1494,14:43:15,6.12,0.0,37,22644,卖盘
1495,14:43:21,6.12,0.0,13,7956,买盘
1496,14:43:28,6.13,0.01,2,1226,买盘
1497,14:43:31,6.11,-0.02,50,30595,卖盘
1498,14:43:34,6.13,0.02,3,1839,买盘
1499,14:43:39,6.12,-0.01,5,3060,卖盘
1500,14:43:52,6.11,-0.01,20,12220,卖盘
1501,14:44:04,6.11,0.0,1,611,卖盘
1502,14:44:45,6.11,0.0,5,3055,卖盘
1503,14:44:55,6.12,0.01,2,1224,买盘
1504,14:45:37,6.13,0.01,7,4291,买盘
1505,14:45:40,6.12,-0.01,15,9180,卖盘
1506,14:45:43,6.1,-0.02,689,420646,卖盘
1507,14:45:57,6.1,0.0,11,6710,买盘
1508,14:46:04,6.1,0.0,20,12200,卖盘
1509,14:46:10,6.1,0.0,5,3050,卖盘
1510,14:47:28,6.12,0.02,10,6120,买盘
1511,14:47:36,6.12,0.0,49,29988,买盘
1512,14:47:42,6.12,0.0,1,612,卖盘
1513,14:47:49,6.12,0.0,11,6732,卖盘
1514,14:48:21,6.11,-0.01,18,10998,卖盘
1515,14:48:37,6.11,0.0,38,23218,卖盘
1516,14:48:42,6.13,0.02,32,19586,买盘
1517,14:48:51,6.11,-0.02,30,18330,卖盘
1518,14:49:07,6.13,0.02,43,26339,买盘
1519,14:49:10,6.11,-0.02,5,3055,中性盘
1520,14:49:21,6.11,0.0,1,611,卖盘
1521,14:49:40,6.11,0.0,33,20211,卖盘
1522,14:49:52,6.11,0.0,8,4888,卖盘
1523,14:49:55,6.13,0.02,20,12260,买盘
1524,14:50:25,6.13,0.0,33,20229,买盘
1525,14:50:34,6.12,-0.01,64,39168,卖盘
1526,14:50:40,6.11,-0.01,96,58656,卖盘
1527,14:50:42,6.13,0.02,70,42910,买盘
1528,14:50:46,6.11,-0.02,11,6721,卖盘
1529,14:50:48,6.13,0.02,26,15934,买盘
1530,14:50:55,6.11,-0.02,4,2444,卖盘
1531,14:51:01,6.12,0.01,15,9180,买盘
1532,14:51:04,6.12,0.0,20,12240,买盘
1533,14:51:06,6.11,-0.01,3,1833,卖盘
1534,14:51:19,6.12,0.01,9,5508,买盘
1535,14:51:31,6.11,-0.01,15,9165,卖盘
1536,14:51:34,6.12,0.01,33,20182,买盘
1537,14:51:46,6.11,-0.01,30,18330,买盘
1538,14:51:49,6.13,0.02,24,14691,买盘
1539,14:52:01,6.13,0.0,20,12260,买盘
1540,14:52:04,6.12,-0.01,9,5508,卖盘
1541,14:52:07,6.12,0.0,40,24480,卖盘
1542,14:52:13,6.11,-0.01,19,11609,卖盘
1543,14:52:16,6.12,0.01,4,2448,卖盘
1544,14:52:22,6.12,0.0,1,612,买盘
1545,14:52:40,6.11,-0.01,300,183300,卖盘
1546,14:52:52,6.13,0.02,33,20219,买盘
1547,14:53:10,6.12,-0.01,35,21420,卖盘
1548,14:53:28,6.13,0.01,4,2452,买盘
1549,14:53:40,6.13,0.0,80,49040,买盘
1550,14:53:43,6.12,-0.01,140,85680,卖盘
1551,14:53:58,6.13,0.01,54,33102,买盘
1552,14:54:13,6.12,-0.01,10,6120,卖盘
1553,14:54:16,6.12,0.0,67,41004,卖盘
1554,14:54:25,6.12,0.0,79,48348,卖盘
1555,14:54:37,6.13,0.01,6,3678,买盘
1556,14:54:40,6.11,-0.02,1,611,卖盘
1557,14:54:46,6.11,0.0,185,113035,卖盘
1558,14:55:07,6.11,0.0,10,6110,卖盘
1559,14:55:10,6.11,0.0,5,3055,卖盘
1560,14:55:13,6.11,0.0,10,6110,买盘
1561,14:55:19,6.1,-0.01,16,9770,卖盘
1562,14:55:22,6.1,0.0,129,78750,卖盘
1563,14:55:25,6.1,0.0,20,12200,卖盘
1564,14:55:28,6.1,0.0,4,2440,卖盘
1565,14:55:40,6.1,0.0,98,59780,卖盘
1566,14:55:46,6.1,0.0,12,7320,卖盘
1567,14:55:49,6.1,0.0,2,1220,卖盘
1568,14:55:55,6.11,0.01,47,28717,买盘
1569,14:56:10,6.12,0.01,46,28152,买盘
1570,14:56:19,6.12,0.0,35,21420,买盘
1571,14:56:34,6.11,-0.01,18,10998,卖盘
1572,14:56:37,6.12,0.01,1,612,买盘
1573,14:56:40,6.12,0.0,54,33048,买盘
1574,14:56:43,6.12,0.0,1,612,卖盘
1575,14:56:46,6.11,-0.01,99,60494,卖盘
1576,14:56:52,6.11,0.0,1,611,买盘
1577,14:57:00,6.11,0.0,10,6110,中性盘
1578,14:57:04,6.11,0.0,1,611,买盘
1579,15:00:05,6.11,0.0,614,375154,卖盘
