,time,price,change,volume,amount,type
0,09:25:04,6.61,-0.13,543,358923,卖盘
1,09:30:04,6.62,0.01,87,57517,中性盘
2,09:30:07,6.59,-0.03,432,284953,卖盘
3,09:30:10,6.6,0.01,210,138413,买盘
4,09:30:13,6.6,0.0,157,103619,买盘
5,09:30:16,6.6,0.0,15,9900,买盘
6,09:30:19,6.6,0.0,100,66000,买盘
7,09:30:22,6.58,-0.02,95,62537,卖盘
8,09:30:25,6.6,0.02,10,6600,买盘
9,09:30:28,6.6,0.0,31,20455,买盘
10,09:30:37,6.59,-0.01,37,24383,卖盘
11,09:30:40,6.58,-0.01,543,357389,卖盘
12,09:30:43,6.6,0.02,2,1320,买盘
13,09:30:46,6.58,-0.02,121,79687,卖盘
14,09:30:49,6.58,0.0,22,14486,卖盘
15,09:30:52,6.59,0.01,91,59959,买盘
16,09:30:55,6.6,0.01,260,171495,买盘
17,09:30:58,6.58,-0.02,2,1316,中性盘
18,09:31:07,6.59,0.01,56,36904,买盘
19,09:31:10,6.59,0.0,55,36225,买盘
20,09:31:13,6.61,0.02,293,193456,买盘
21,09:31:19,6.59,-0.02,117,77206,卖盘
22,09:31:28,6.59,0.0,30,19770,卖盘
23,09:31:31,6.59,0.0,72,47449,卖盘
24,09:31:40,6.59,0.0,75,49440,卖盘
25,09:31:46,6.6,0.01,60,39600,卖盘
26,09:31:52,6.61,0.01,10,6610,买盘
27,09:31:58,6.6,-0.01,31,20460,卖盘
28,09:32:01,6.6,0.0,54,35682,买盘
29,09:32:04,6.6,0.0,34,22440,买盘
30,09:32:07,6.6,0.0,246,162552,买盘
31,09:32:16,6.61,0.01,32,21122,买盘
32,09:32:19,6.62,0.01,263,173863,买盘
33,09:32:22,6.62,0.0,77,50974,卖盘
34,09:32:31,6.64,0.02,10,6640,买盘
35,09:32:37,6.64,0.0,25,16600,买盘
36,09:32:40,6.64,0.0,25,16600,卖盘
37,09:32:46,6.65,0.01,40,26574,买盘
38,09:32:52,6.64,-0.01,21,13944,买盘
39,09:32:58,6.65,0.01,53,35237,买盘
40,09:33:01,6.64,-0.01,49,32536,卖盘
41,09:33:04,6.65,0.01,44,29260,买盘
42,09:33:07,6.64,-0.01,3,1992,卖盘
43,09:33:10,6.65,0.01,7,4652,买盘
44,09:33:13,6.64,-0.01,15,9960,卖盘
45,09:33:22,6.64,0.0,21,13944,买盘
46,09:33:25,6.63,-0.01,5,3315,卖盘
47,09:33:31,6.63,0.0,30,19890,卖盘
48,09:33:34,6.64,0.01,50,33200,买盘
49,09:33:40,6.64,0.0,42,27888,买盘
50,09:33:43,6.63,-0.01,22,14586,卖盘
51,09:33:55,6.64,0.01,441,292824,买盘
52,09:34:04,6.63,-0.01,202,134021,卖盘
53,09:34:07,6.63,0.0,15,9945,卖盘
54,09:34:13,6.63,0.0,87,57681,卖盘
55,09:34:16,6.62,-0.01,100,66200,卖盘
56,09:34:19,6.63,0.01,40,26520,买盘
57,09:34:25,6.62,-0.01,20,13240,卖盘
58,09:34:28,6.61,-0.01,65,43027,卖盘
59,09:34:34,6.62,0.01,31,20522,买盘
60,09:34:40,6.61,-0.01,20,13220,卖盘
61,09:34:43,6.61,0.0,14,9254,卖盘
62,09:34:46,6.61,0.0,118,77999,卖盘
63,09:34:49,6.61,0.0,19,12559,买盘
64,09:34:52,6.61,0.0,50,33050,买盘
65,09:34:55,6.61,0.0,10,6610,买盘
66,09:34:58,6.6,-0.01,174,114923,卖盘
67,09:35:04,6.61,0.01,10,6610,卖盘
68,09:35:07,6.6,-0.01,150,99027,卖盘
69,09:35:10,6.62,0.02,7,4634,买盘
70,09:35:16,6.61,-0.01,3,1983,卖盘
71,09:35:19,6.62,0.01,12,7944,买盘
72,09:35:25,6.62,0.0,1,662,买盘
73,09:35:28,6.62,0.0,5,3310,买盘
74,09:35:31,6.62,0.0,2,1324,中性盘
75,09:35:34,6.62,0.0,3,1986,买盘
76,09:35:37,6.62,0.0,11,7282,卖盘
77,09:35:40,6.62,0.0,32,21184,买盘
78,09:35:43,6.62,0.0,25,16550,买盘
79,09:35:49,6.62,0.0,30,19860,买盘
80,09:35:52,6.62,0.0,9,5958,买盘
81,09:35:55,6.62,0.0,35,23170,买盘
82,09:35:58,6.61,-0.01,5,3305,卖盘
83,09:36:01,6.62,0.01,126,83407,买盘
84,09:36:05,6.62,0.0,74,48988,卖盘
85,09:36:10,6.62,0.0,38,25156,买盘
86,09:36:13,6.62,0.0,10,6620,买盘
87,09:36:16,6.62,0.0,22,14564,买盘
88,09:36:19,6.62,0.0,6,3972,买盘
89,09:36:22,6.62,0.0,2,1324,买盘
90,09:36:25,6.62,0.0,25,16550,买盘
91,09:36:31,6.62,0.0,2,1324,卖盘
92,09:36:34,6.62,0.0,39,25818,卖盘
93,09:36:40,6.62,0.0,3,1986,卖盘
94,09:36:46,6.62,0.0,14,9268,卖盘
95,09:36:58,6.62,0.0,47,31114,卖盘
96,09:37:04,6.62,0.0,34,22508,卖盘
97,09:37:25,6.62,0.0,100,66200,卖盘
98,09:37:28,6.63,0.01,39,25823,买盘
99,09:37:31,6.62,-0.01,53,35086,卖盘
100,09:37:34,6.62,0.0,33,21849,卖盘
101,09:37:40,6.62,0.0,30,19860,买盘
102,09:37:46,6.62,0.0,30,19860,买盘
103,09:37:58,6.61,-0.01,1,661,卖盘
104,09:38:04,6.61,0.0,149,98489,卖盘
105,09:38:16,6.61,0.0,30,19830,买盘
106,09:38:22,6.6,-0.01,12,7920,卖盘
107,09:38:28,6.61,0.01,50,33050,买盘
108,09:38:34,6.61,0.0,3,1983,买盘
109,09:38:37,6.61,0.0,4,2644,卖盘
110,09:38:43,6.61,0.0,8,5288,卖盘
111,09:38:49,6.61,0.0,4,2644,买盘
112,09:38:52,6.61,0.0,6,3966,卖盘
113,09:38:58,6.61,0.0,21,13881,买盘
114,09:39:04,6.61,0.0,5,3305,买盘
115,09:39:07,6.61,0.0,7,4627,买盘
116,09:39:16,6.62,0.01,82,54183,买盘
117,09:39:34,6.62,0.0,6,3972,买盘
118,09:39:37,6.61,-0.01,165,109165,卖盘
119,09:39:43,6.61,0.0,99,65439,买盘
120,09:39:46,6.61,0.0,13,8593,买盘
121,09:39:49,6.61,0.0,22,14542,买盘
122,09:39:52,6.62,0.01,4,2645,买盘
123,09:39:55,6.6,-0.02,40,26431,卖盘
124,09:40:04,6.62,0.02,39,25818,买盘
125,09:40:10,6.63,0.01,6,3978,买盘
126,09:40:13,6.63,0.0,49,32441,买盘
127,09:40:28,6.63,0.0,20,13260,买盘
128,09:40:31,6.62,-0.01,10,6620,卖盘
129,09:40:34,6.62,0.0,57,37736,卖盘
130,09:40:37,6.63,0.01,31,20523,买盘
131,09:40:43,6.62,-0.01,10,6620,卖盘
132,09:40:49,6.63,0.01,47,31161,买盘
133,09:40:52,6.63,0.0,52,34476,买盘
134,09:40:58,6.63,0.0,75,49725,买盘
135,09:41:01,6.63,0.0,36,23868,买盘
136,09:41:04,6.63,0.0,21,13923,买盘
137,09:41:13,6.64,0.01,5,3320,买盘
138,09:41:28,6.64,0.0,52,34528,买盘
139,09:41:34,6.64,0.0,25,16600,买盘
140,09:41:49,6.64,0.0,11,7304,卖盘
141,09:41:52,6.65,0.01,265,175964,买盘
142,09:42:01,6.65,0.0,137,91105,买盘
143,09:42:07,6.65,0.0,63,41895,卖盘
144,09:42:22,6.66,0.01,20,13305,买盘
145,09:42:37,6.65,-0.01,88,58520,卖盘
146,09:42:43,6.65,0.0,35,23275,买盘
147,09:42:46,6.64,-0.01,30,19920,卖盘
148,09:42:55,6.64,0.0,80,53123,卖盘
149,09:43:07,6.63,-0.01,3,1989,卖盘
150,09:43:10,6.63,0.0,35,23205,卖盘
151,09:43:13,6.64,0.01,20,13276,买盘
152,09:43:22,6.63,-0.01,34,22542,买盘
153,09:43:28,6.63,0.0,4,2652,卖盘
154,09:43:31,6.62,-0.01,48,31788,卖盘
155,09:43:37,6.64,0.02,15,9960,买盘
156,09:43:55,6.63,-0.01,8,5304,卖盘
157,09:43:58,6.64,0.01,31,20584,买盘
158,09:44:01,6.64,0.0,4,2656,买盘
159,09:44:10,6.64,0.0,23,15272,买盘
160,09:44:16,6.65,0.01,222,147608,买盘
161,09:44:19,6.64,-0.01,12,7968,卖盘
162,09:44:25,6.65,0.01,3,1995,买盘
163,09:44:40,6.65,0.0,21,13965,买盘
164,09:44:58,6.64,-0.01,114,75696,卖盘
165,09:45:01,6.64,0.0,80,53120,买盘
166,09:45:04,6.64,0.0,1,664,买盘
167,09:45:10,6.64,0.0,5,3320,买盘
168,09:45:22,6.64,0.0,1,664,买盘
169,09:45:28,6.64,0.0,1,664,买盘
170,09:45:31,6.63,-0.01,341,226085,卖盘
171,09:45:34,6.63,0.0,24,15912,买盘
172,09:45:37,6.63,0.0,53,35139,买盘
173,09:45:40,6.63,0.0,161,106743,买盘
174,09:45:46,6.65,0.02,388,257721,买盘
175,09:45:49,6.64,-0.01,2,1328,卖盘
176,09:46:04,6.65,0.01,27,17955,买盘
177,09:46:07,6.65,0.0,74,49141,买盘
178,09:46:10,6.65,0.0,13,8645,买盘
179,09:46:13,6.64,-0.01,29,19260,卖盘
180,09:46:16,6.64,0.0,143,94952,卖盘
181,09:46:46,6.63,-0.01,134,88842,卖盘
182,09:46:49,6.63,0.0,35,23205,买盘
183,09:46:52,6.63,0.0,1,663,买盘
184,09:46:55,6.63,0.0,5,3315,买盘
185,09:46:58,6.63,0.0,2,1326,买盘
186,09:47:16,6.63,0.0,73,48399,买盘
187,09:47:19,6.63,0.0,28,18564,卖盘
188,09:47:40,6.63,0.0,109,72267,卖盘
189,09:47:43,6.63,0.0,89,59007,买盘
190,09:47:49,6.63,0.0,23,15249,买盘
191,09:47:52,6.63,0.0,96,63648,买盘
192,09:47:55,6.63,0.0,4,2654,卖盘
193,09:48:04,6.64,0.01,50,33200,买盘
194,09:48:07,6.64,0.0,16,10624,买盘
195,09:48:10,6.64,0.0,12,7968,买盘
196,09:48:13,6.64,0.0,2,1328,买盘
197,09:48:16,6.64,0.0,2,1328,买盘
198,09:48:19,6.64,0.0,10,6640,买盘
199,09:48:25,6.64,0.0,4,2656,买盘
200,09:48:28,6.64,0.0,31,20584,买盘
201,09:48:31,6.64,0.0,1,664,买盘
202,09:48:34,6.64,0.0,1,664,买盘
203,09:48:37,6.63,-0.01,15,9945,卖盘
204,09:48:40,6.64,0.01,52,34501,买盘
205,09:48:43,6.64,0.0,2,1328,买盘
206,09:48:46,6.64,0.0,61,40504,买盘
207,09:48:49,6.64,0.0,18,11952,买盘
208,09:48:58,6.64,0.0,10,6640,卖盘
209,09:49:01,6.65,0.01,1,665,买盘
210,09:49:13,6.65,0.0,5,3325,买盘
211,09:49:19,6.65,0.0,28,18620,买盘
212,09:49:25,6.65,0.0,93,61845,买盘
213,09:49:46,6.65,0.0,90,59850,买盘
214,09:49:55,6.65,0.0,30,19950,买盘
215,09:49:58,6.64,-0.01,118,78352,卖盘
216,09:50:16,6.65,0.01,58,38570,买盘
217,09:50:31,6.65,0.0,18,11970,买盘
218,09:50:43,6.65,0.0,10,6650,买盘
219,09:50:46,6.65,0.0,77,51205,买盘
220,09:51:05,6.65,0.0,33,21945,卖盘
221,09:51:13,6.64,-0.01,4,2656,卖盘
222,09:51:22,6.65,0.01,100,66500,买盘
223,09:51:37,6.65,0.0,12,7980,买盘
224,09:51:40,6.65,0.0,14,9310,买盘
225,09:51:46,6.65,0.0,5,3325,卖盘
226,09:52:10,6.66,0.01,123,81918,买盘
227,09:52:37,6.66,0.0,11,7326,卖盘
228,09:52:46,6.67,0.01,1,667,买盘
229,09:52:52,6.67,0.0,20,13340,买盘
230,09:53:07,6.67,0.0,104,69353,买盘
231,09:53:10,6.67,0.0,53,35351,买盘
232,09:53:13,6.67,0.0,36,24012,卖盘
233,09:53:19,6.66,-0.01,198,132033,卖盘
234,09:53:22,6.67,0.01,1,667,买盘
235,09:53:25,6.67,0.0,21,14007,买盘
236,09:53:28,6.66,-0.01,43,28638,卖盘
237,09:53:31,6.66,0.0,249,166039,卖盘
238,09:53:37,6.66,0.0,4,2664,买盘
239,09:53:46,6.65,-0.01,50,33250,卖盘
240,09:54:04,6.65,0.0,8,5320,卖盘
241,09:54:10,6.65,0.0,5,3325,卖盘
242,09:54:16,6.65,0.0,12,7980,卖盘
243,09:54:22,6.65,0.0,10,6650,卖盘
244,09:54:25,6.65,0.0,5,3325,卖盘
245,09:54:34,6.65,0.0,87,57855,卖盘
246,09:54:40,6.64,-0.01,25,16600,卖盘
247,09:54:46,6.65,0.01,20,13300,买盘
248,09:55:04,6.65,0.0,18,11970,买盘
249,09:55:13,6.64,-0.01,5,3320,卖盘
250,09:55:22,6.64,0.0,30,19920,卖盘
251,09:55:28,6.65,0.01,20,13300,买盘
252,09:55:31,6.65,0.0,66,43890,买盘
253,09:55:37,6.64,-0.01,40,26594,卖盘
254,09:55:40,6.64,0.0,13,8632,卖盘
255,09:55:49,6.68,0.04,460,306672,买盘
256,09:55:55,6.67,-0.01,27,18009,卖盘
257,09:56:04,6.67,0.0,14,9338,卖盘
258,09:56:07,6.68,0.01,20,13344,买盘
259,09:56:34,6.67,-0.01,30,20010,买盘
260,09:56:37,6.66,-0.01,37,24642,卖盘
261,09:56:40,6.66,0.0,8,5328,买盘
262,09:56:43,6.67,0.01,17,11325,买盘
263,09:56:46,6.67,0.0,40,26673,买盘
264,09:56:49,6.67,0.0,5,3335,买盘
265,09:56:52,6.67,0.0,215,143405,买盘
266,09:56:55,6.67,0.0,6,4002,买盘
267,09:57:04,6.67,0.0,98,65366,买盘
268,09:57:10,6.68,0.01,2,1336,买盘
269,09:57:13,6.68,0.0,1,668,买盘
270,09:57:16,6.68,0.0,140,93520,买盘
271,09:57:19,6.68,0.0,80,53440,买盘
272,09:57:25,6.69,0.01,15,10035,买盘
273,09:57:28,6.68,-0.01,20,13360,卖盘
274,09:57:31,6.68,0.0,20,13360,卖盘
275,09:57:34,6.68,0.0,10,6680,卖盘
276,09:57:40,6.69,0.01,44,29436,买盘
277,09:57:49,6.69,0.0,50,33450,买盘
278,09:57:52,6.69,0.0,7,4683,买盘
279,09:57:55,6.69,0.0,1,669,买盘
280,09:57:58,6.69,0.0,2,1338,买盘
281,09:58:01,6.69,0.0,15,10035,买盘
282,09:58:04,6.69,0.0,1,669,买盘
283,09:58:07,6.71,0.02,396,265067,买盘
284,09:58:13,6.7,-0.01,119,79824,卖盘
285,09:58:16,6.7,0.0,3,2010,卖盘
286,09:58:22,6.71,0.01,15,10068,中性盘
287,09:58:28,6.71,0.0,10,6710,卖盘
288,09:58:31,6.72,0.01,6,4032,买盘
289,09:58:37,6.72,0.0,27,18144,买盘
290,09:58:40,6.72,0.0,50,33600,买盘
291,09:58:43,6.72,0.0,34,22827,买盘
292,09:58:49,6.73,0.01,60,40337,买盘
293,09:58:55,6.72,-0.01,50,33600,卖盘
294,09:58:58,6.73,0.01,132,88836,买盘
295,09:59:01,6.74,0.01,2,1348,买盘
296,09:59:04,6.73,-0.01,596,401902,卖盘
297,09:59:13,6.77,0.04,12,8124,买盘
298,09:59:16,6.77,0.0,40,27087,买盘
299,09:59:19,6.78,0.01,34,23032,买盘
300,09:59:22,6.77,-0.01,50,33839,卖盘
301,09:59:25,6.78,0.01,305,206698,买盘
302,09:59:28,6.78,0.0,87,58986,卖盘
303,09:59:31,6.78,0.0,44,29820,卖盘
304,09:59:37,6.77,-0.01,21,14227,卖盘
305,09:59:40,6.77,0.0,101,68413,卖盘
306,09:59:43,6.77,0.0,46,31174,卖盘
307,09:59:46,6.77,0.0,81,54891,卖盘
308,09:59:49,6.78,0.01,153,103697,买盘
309,09:59:52,6.76,-0.02,1,676,卖盘
310,09:59:55,6.77,0.01,3,2031,买盘
311,09:59:58,6.76,-0.01,268,181429,卖盘
312,10:00:01,6.76,0.0,23,15548,买盘
313,10:00:07,6.78,0.02,189,127899,买盘
314,10:00:10,6.76,-0.02,12,8117,中性盘
315,10:00:13,6.77,0.01,94,63671,买盘
316,10:00:16,6.76,-0.01,32,21632,买盘
317,10:00:19,6.76,0.0,69,46644,买盘
318,10:00:25,6.76,0.0,1,676,卖盘
319,10:00:28,6.78,0.02,64,43392,买盘
320,10:00:31,6.78,0.0,13,8794,买盘
321,10:00:34,6.78,0.0,69,46762,买盘
322,10:00:37,6.78,0.0,10,6780,卖盘
323,10:00:40,6.78,0.0,130,88156,卖盘
324,10:00:43,6.79,0.01,129,87359,买盘
325,10:00:46,6.79,0.0,21,14258,买盘
326,10:00:49,6.78,-0.01,166,112548,买盘
327,10:00:52,6.79,0.01,248,168188,买盘
328,10:00:58,6.78,-0.01,181,122492,卖盘
329,10:01:01,6.78,0.0,11,7458,买盘
330,10:01:04,6.78,0.0,11,7456,买盘
331,10:01:07,6.79,0.01,59,40012,买盘
332,10:01:10,6.78,-0.01,61,41348,中性盘
333,10:01:13,6.78,0.0,46,31188,买盘
334,10:01:16,6.77,-0.01,57,38589,卖盘
335,10:01:19,6.76,-0.01,47,31772,卖盘
336,10:01:22,6.77,0.01,11,7447,买盘
337,10:01:25,6.76,-0.01,211,142689,卖盘
338,10:01:28,6.78,0.02,116,78562,买盘
339,10:01:31,6.76,-0.02,27,18272,卖盘
340,10:01:34,6.75,-0.01,10,6750,卖盘
341,10:01:37,6.78,0.03,240,162430,买盘
342,10:01:43,6.77,-0.01,3,2031,卖盘
343,10:01:46,6.76,-0.01,14,9468,卖盘
344,10:01:49,6.76,0.0,10,6766,卖盘
345,10:01:52,6.77,0.01,20,13540,买盘
346,10:01:55,6.77,0.0,315,213240,买盘
347,10:01:58,6.76,-0.01,3,2028,卖盘
348,10:02:01,6.76,0.0,298,201750,卖盘
349,10:02:04,6.77,0.01,61,41297,中性盘
350,10:02:07,6.77,0.0,23,15571,卖盘
351,10:02:10,6.77,0.0,80,54160,卖盘
352,10:02:13,6.77,0.0,186,125926,卖盘
353,10:02:16,6.77,0.0,40,27080,卖盘
354,10:02:19,6.77,0.0,22,14894,卖盘
355,10:02:25,6.76,-0.01,7,4732,卖盘
356,10:02:28,6.77,0.01,21,14204,买盘
357,10:02:31,6.77,0.0,235,159087,买盘
358,10:02:34,6.77,0.0,260,176270,卖盘
359,10:02:37,6.78,0.01,340,230550,买盘
360,10:02:40,6.8,0.02,328,222831,买盘
361,10:02:43,6.81,0.01,481,327125,买盘
362,10:02:46,6.83,0.02,428,291847,买盘
363,10:02:49,6.85,0.02,162,110814,买盘
364,10:02:52,6.82,-0.03,14,9554,卖盘
365,10:02:55,6.85,0.03,14,9590,买盘
366,10:02:58,6.84,-0.01,117,80042,卖盘
367,10:03:01,6.9,0.06,838,575123,买盘
368,10:03:05,6.88,-0.02,154,106200,卖盘
369,10:03:07,6.89,0.01,28,19289,买盘
370,10:03:10,6.88,-0.01,171,117679,卖盘
371,10:03:13,6.87,-0.01,319,218895,中性盘
372,10:03:16,6.85,-0.02,193,132519,卖盘
373,10:03:19,6.84,-0.01,188,128933,卖盘
374,10:03:22,6.86,0.02,124,84821,买盘
375,10:03:25,6.85,-0.01,561,384240,中性盘
376,10:03:28,6.84,-0.01,142,97018,中性盘
377,10:03:31,6.85,0.01,100,68358,买盘
378,10:03:34,6.84,-0.01,112,76570,中性盘
379,10:03:37,6.85,0.01,580,397697,买盘
380,10:03:40,6.85,0.0,207,141787,卖盘
381,10:03:43,6.84,-0.01,63,43050,中性盘
382,10:03:49,6.84,0.0,444,303284,买盘
383,10:03:52,6.85,0.01,177,121039,买盘
384,10:03:55,6.84,-0.01,54,36965,卖盘
385,10:03:58,6.84,0.0,35,23941,卖盘
386,10:04:01,6.86,0.02,258,176746,买盘
387,10:04:04,6.85,-0.01,103,70555,卖盘
388,10:04:07,6.85,0.0,116,79515,卖盘
389,10:04:10,6.86,0.01,161,110446,买盘
390,10:04:13,6.86,0.0,146,100057,买盘
391,10:04:16,6.86,0.0,270,185610,卖盘
392,10:04:19,6.86,0.0,29,19894,卖盘
393,10:04:22,6.88,0.02,52,35743,买盘
394,10:04:25,6.9,0.02,162,111633,买盘
395,10:04:28,6.9,0.0,63,43470,卖盘
396,10:04:31,6.9,0.0,19,13110,卖盘
397,10:04:34,6.92,0.02,207,142899,买盘
398,10:04:37,6.94,0.02,203,140341,买盘
399,10:04:40,6.91,-0.03,120,83048,卖盘
400,10:04:43,6.95,0.04,183,126584,买盘
401,10:04:46,6.94,-0.01,280,194106,卖盘
402,10:04:49,6.96,0.02,830,577073,买盘
403,10:04:52,6.95,-0.01,321,222824,卖盘
404,10:04:55,6.92,-0.03,591,409945,卖盘
405,10:04:58,6.96,0.04,237,164860,买盘
406,10:05:01,6.94,-0.02,101,70197,卖盘
407,10:05:04,6.95,0.01,248,172353,买盘
408,10:05:07,6.97,0.02,785,546034,买盘
409,10:05:10,6.95,-0.02,341,237076,卖盘
410,10:05:13,6.93,-0.02,195,135198,卖盘
411,10:05:16,6.93,0.0,146,101450,买盘
412,10:05:19,6.93,0.0,92,63868,卖盘
413,10:05:22,6.95,0.02,399,276899,买盘
414,10:05:25,6.92,-0.03,243,168220,卖盘
415,10:05:28,6.92,0.0,82,56744,买盘
416,10:05:31,6.93,0.01,111,76896,买盘
417,10:05:34,6.93,0.0,183,126819,买盘
418,10:05:37,6.93,0.0,278,192923,卖盘
419,10:05:40,6.93,0.0,117,81089,卖盘
420,10:05:43,6.94,0.01,112,77667,买盘
421,10:05:46,6.95,0.01,524,364132,买盘
422,10:05:49,6.93,-0.02,405,280825,卖盘
423,10:05:52,6.95,0.02,1177,817934,买盘
424,10:05:55,6.95,0.0,44,30583,卖盘
425,10:05:58,6.99,0.04,3998,2792505,买盘
426,10:06:01,7.0,0.01,512,360080,中性盘
427,10:06:04,6.98,-0.02,801,559461,卖盘
428,10:06:07,7.03,0.05,25,17557,买盘
429,10:06:10,7.05,0.02,195,137297,买盘
430,10:06:13,7.0,-0.05,204,143649,卖盘
431,10:06:16,7.0,0.0,513,361156,卖盘
432,10:06:19,7.04,0.04,173,121665,买盘
433,10:06:22,7.04,0.0,28,19717,买盘
434,10:06:25,7.03,-0.01,56,39416,卖盘
435,10:06:28,7.04,0.01,247,173671,中性盘
436,10:06:31,7.03,-0.01,152,107039,卖盘
437,10:06:34,7.02,-0.01,167,117395,卖盘
438,10:06:37,7.02,0.0,476,334233,卖盘
439,10:06:40,7.0,-0.02,213,149460,卖盘
440,10:06:43,7.01,0.01,276,193496,卖盘
441,10:06:46,7.0,-0.01,353,247227,卖盘
442,10:06:49,7.0,0.0,144,100874,中性盘
443,10:06:52,7.0,0.0,142,99400,买盘
444,10:06:55,7.0,0.0,316,221200,买盘
445,10:06:58,6.99,-0.01,204,142532,中性盘
446,10:07:01,6.98,-0.01,319,222647,卖盘
447,10:07:04,6.98,0.0,182,127028,买盘
448,10:07:07,6.98,0.0,24,16752,买盘
449,10:07:10,6.97,-0.01,93,64863,卖盘
450,10:07:13,6.98,0.01,99,69062,买盘
451,10:07:16,6.98,0.0,20,13948,买盘
452,10:07:19,6.97,-0.01,259,180577,卖盘
453,10:07:22,6.98,0.01,38,26518,买盘
454,10:07:25,6.98,0.0,32,22335,买盘
455,10:07:28,6.97,-0.01,87,60649,中性盘
456,10:07:31,6.97,0.0,25,17425,卖盘
457,10:07:34,6.97,0.0,205,143056,卖盘
458,10:07:37,6.97,0.0,165,115154,卖盘
459,10:07:40,6.97,0.0,107,74579,卖盘
460,10:07:46,6.99,0.02,379,264679,买盘
461,10:07:49,6.97,-0.02,93,64821,买盘
462,10:07:52,6.96,-0.01,24,16705,卖盘
463,10:07:55,6.95,-0.01,430,298988,卖盘
464,10:07:58,6.96,0.01,113,78644,买盘
465,10:08:01,6.97,0.01,11,7666,买盘
466,10:08:04,6.97,0.0,19,13243,买盘
467,10:08:07,6.95,-0.02,173,120408,卖盘
468,10:08:10,6.97,0.02,272,189548,买盘
469,10:08:13,6.97,0.0,23,16031,卖盘
470,10:08:16,6.98,0.01,139,96840,买盘
471,10:08:19,6.98,0.0,70,48860,卖盘
472,10:08:22,6.98,0.0,19,13251,中性盘
473,10:08:25,6.98,0.0,31,21632,卖盘
474,10:08:28,6.98,0.0,243,169697,买盘
475,10:08:31,6.98,0.0,51,35601,卖盘
476,10:08:34,6.98,0.0,44,30729,买盘
477,10:08:37,7.02,0.04,1103,772296,买盘
478,10:08:40,7.04,0.02,362,254518,买盘
479,10:08:43,7.02,-0.02,22,15444,卖盘
480,10:08:46,7.05,0.03,709,499654,买盘
481,10:08:49,7.06,0.01,116,81864,买盘
482,10:08:52,7.06,0.0,158,111606,卖盘
483,10:08:55,7.09,0.03,400,283163,买盘
484,10:08:58,7.1,0.01,351,248865,买盘
485,10:09:01,7.08,-0.02,468,331532,卖盘
486,10:09:04,7.09,0.01,693,492208,中性盘
487,10:09:07,7.14,0.05,54,38443,买盘
488,10:09:10,7.14,0.0,179,127495,买盘
489,10:09:13,7.15,0.01,141,100534,买盘
490,10:09:16,7.14,-0.01,374,267350,买盘
491,10:09:19,7.14,0.0,226,161122,买盘
492,10:09:22,7.12,-0.02,227,161750,卖盘
493,10:09:25,7.14,0.02,675,480428,买盘
494,10:09:28,7.14,0.0,228,162722,买盘
495,10:09:31,7.13,-0.01,391,277782,中性盘
496,10:09:34,7.12,-0.01,1481,1056012,卖盘
497,10:09:37,7.14,0.02,263,187400,买盘
498,10:09:40,7.15,0.01,479,341945,买盘
499,10:09:43,7.14,-0.01,66,47124,中性盘
500,10:09:46,7.14,0.0,182,129935,卖盘
501,10:09:49,7.14,0.0,229,163398,买盘
502,10:09:52,7.14,0.0,274,195489,买盘
503,10:09:55,7.13,-0.01,198,141046,卖盘
504,10:09:58,7.14,0.01,267,190554,买盘
505,10:10:01,7.13,-0.01,64,45638,中性盘
506,10:10:04,7.12,-0.01,362,257871,卖盘
507,10:10:07,7.12,0.0,276,196522,卖盘
508,10:10:10,7.13,0.01,671,478418,买盘
509,10:10:13,7.1,-0.03,67,47646,卖盘
510,10:10:16,7.1,0.0,179,127419,卖盘
511,10:10:18,7.1,0.0,213,151355,卖盘
512,10:10:22,7.1,0.0,91,64615,卖盘
513,10:10:25,7.1,0.0,62,44020,卖盘
514,10:10:28,7.1,0.0,238,168982,卖盘
515,10:10:31,7.1,0.0,254,180080,买盘
516,10:10:34,7.1,0.0,17,12070,买盘
517,10:10:37,7.08,-0.02,17,12038,卖盘
518,10:10:40,7.06,-0.02,216,152845,卖盘
519,10:10:43,7.08,0.02,22,15543,买盘
520,10:10:45,7.05,-0.03,8,5640,卖盘
521,10:10:49,7.04,-0.01,62,43679,卖盘
522,10:10:52,7.05,0.01,53,37368,中性盘
523,10:10:55,7.03,-0.02,153,107714,卖盘
524,10:10:58,7.0,-0.03,191,133998,卖盘
525,10:11:01,7.0,0.0,141,98700,买盘
526,10:11:05,7.0,0.0,74,51800,买盘
527,10:11:07,7.01,0.01,143,100292,买盘
528,10:11:10,7.0,-0.01,464,325433,卖盘
529,10:11:13,7.04,0.04,166,116619,中性盘
530,10:11:19,7.03,-0.01,5,3515,卖盘
531,10:11:22,7.0,-0.03,378,265042,卖盘
532,10:11:25,7.01,0.01,3,2103,卖盘
533,10:11:28,7.04,0.03,52,36598,买盘
534,10:11:34,7.03,-0.01,112,78844,卖盘
535,10:11:37,7.04,0.01,46,32358,买盘
536,10:11:40,7.05,0.01,15,10575,买盘
537,10:11:43,7.05,0.0,80,56328,买盘
538,10:11:46,7.04,-0.01,63,44352,卖盘
539,10:11:49,7.04,0.0,31,21824,买盘
540,10:11:52,7.05,0.01,47,33128,买盘
541,10:11:55,7.04,-0.01,137,96560,卖盘
542,10:11:58,7.05,0.01,35,24644,买盘
543,10:12:01,7.05,0.0,214,150811,买盘
544,10:12:04,7.05,0.0,38,26790,买盘
545,10:12:07,7.04,-0.01,58,40888,卖盘
546,10:12:10,7.05,0.01,34,23970,买盘
547,10:12:13,7.05,0.0,36,25398,卖盘
548,10:12:16,7.05,0.0,2,1410,卖盘
549,10:12:19,7.05,0.0,1114,785562,卖盘
550,10:12:22,7.05,0.0,16,11280,买盘
551,10:12:25,7.05,0.0,119,83895,买盘
552,10:12:28,7.04,-0.01,82,58242,卖盘
553,10:12:31,7.04,0.0,313,219840,卖盘
554,10:12:34,7.03,-0.01,425,299014,卖盘
555,10:12:37,7.03,0.0,48,33744,买盘
556,10:12:39,7.03,0.0,10,7030,买盘
557,10:12:43,7.02,-0.01,40,28080,卖盘
558,10:12:46,7.02,0.0,75,52680,卖盘
559,10:12:49,7.01,-0.01,200,140200,卖盘
560,10:12:52,7.02,0.01,9,6318,买盘
561,10:12:55,7.01,-0.01,20,14039,卖盘
562,10:13:01,7.01,0.0,217,152117,卖盘
563,10:13:04,7.0,-0.01,641,448700,卖盘
564,10:13:07,7.0,0.0,10,7000,买盘
565,10:13:10,7.0,0.0,28,19600,买盘
566,10:13:12,7.0,0.0,33,23085,买盘
567,10:13:15,6.99,-0.01,86,60128,卖盘
568,10:13:19,6.99,0.0,18,12582,卖盘
569,10:13:22,7.0,0.01,316,221014,买盘
570,10:13:25,6.99,-0.01,31,21645,买盘
571,10:13:28,6.99,0.0,159,111192,买盘
572,10:13:31,7.0,0.01,67,46883,买盘
573,10:13:34,6.99,-0.01,70,48990,卖盘
574,10:13:37,6.99,0.0,4,2799,卖盘
575,10:13:40,6.99,0.0,15,10485,卖盘
576,10:13:43,6.96,-0.03,391,272889,卖盘
577,10:13:45,6.99,0.03,14,9786,买盘
578,10:13:49,6.98,-0.01,83,58000,卖盘
579,10:13:52,6.96,-0.02,7,4877,卖盘
580,10:13:55,6.99,0.03,1,699,买盘
581,10:13:58,6.96,-0.03,44,30625,卖盘
582,10:14:04,6.97,0.01,541,376476,卖盘
583,10:14:07,6.99,0.02,2,1398,买盘
584,10:14:10,6.97,-0.02,5,3485,卖盘
585,10:14:13,6.99,0.02,33,23067,买盘
586,10:14:16,6.97,-0.02,120,83650,卖盘
587,10:14:19,6.99,0.02,35,24397,买盘
588,10:14:22,6.99,0.0,132,92351,买盘
589,10:14:25,6.99,0.0,3,2097,买盘
590,10:14:28,6.99,0.0,20,13980,买盘
591,10:14:31,7.0,0.01,138,96446,买盘
592,10:14:37,6.99,-0.01,64,44736,卖盘
593,10:14:40,6.98,-0.01,210,146714,卖盘
594,10:14:52,6.99,0.01,11,7690,卖盘
595,10:14:55,7.0,0.01,23,16100,买盘
596,10:14:58,6.99,-0.01,84,58750,卖盘
597,10:15:01,7.0,0.01,213,149090,买盘
598,10:15:04,6.99,-0.01,15,10485,卖盘
599,10:15:07,7.0,0.01,8,5594,买盘
600,10:15:10,6.99,-0.01,171,119580,卖盘
601,10:15:13,6.99,0.0,59,41241,卖盘
602,10:15:16,6.99,0.0,33,23067,卖盘
603,10:15:19,6.99,0.0,105,73395,卖盘
604,10:15:22,6.99,0.0,30,20970,买盘
605,10:15:25,6.99,0.0,4,2796,买盘
606,10:15:28,6.99,0.0,11,7688,买盘
607,10:15:31,6.99,0.0,95,66317,买盘
608,10:15:34,6.98,-0.01,80,55840,卖盘
609,10:15:37,6.97,-0.01,70,48863,卖盘
610,10:15:40,6.98,0.01,26,18148,买盘
611,10:15:43,6.97,-0.01,5,3485,卖盘
612,10:15:46,6.97,0.0,118,82347,卖盘
613,10:15:49,6.97,0.0,90,62730,卖盘
614,10:15:55,6.96,-0.01,40,27840,卖盘
615,10:15:58,6.97,0.01,18,12546,买盘
616,10:16:01,6.96,-0.01,5,3480,卖盘
617,10:16:07,6.96,0.0,114,79358,卖盘
618,10:16:10,6.96,0.0,117,81432,买盘
619,10:16:13,6.96,0.0,6,4176,卖盘
620,10:16:16,6.95,-0.01,27,18773,卖盘
621,10:16:19,6.96,0.01,110,76560,中性盘
622,10:16:22,6.96,0.0,95,66120,买盘
623,10:16:25,6.97,0.01,119,82925,买盘
624,10:16:28,6.96,-0.01,1,696,卖盘
625,10:16:31,6.96,0.0,153,106488,卖盘
626,10:16:34,6.96,0.0,10,6960,卖盘
627,10:16:37,6.97,0.01,5,3485,买盘
628,10:16:43,6.96,-0.01,42,29247,卖盘
629,10:16:46,6.97,0.01,39,27173,买盘
630,10:16:49,6.96,-0.01,4,2784,卖盘
631,10:16:52,6.96,0.0,43,29936,卖盘
632,10:16:55,6.96,0.0,18,12528,卖盘
633,10:16:58,6.96,0.0,400,278955,卖盘
634,10:17:01,6.97,0.01,27,18809,买盘
635,10:17:04,6.96,-0.01,38,26453,卖盘
636,10:17:07,6.96,0.0,108,75168,买盘
637,10:17:10,6.96,0.0,195,135833,买盘
638,10:17:13,6.97,0.01,65,45305,买盘
639,10:17:19,6.97,0.0,20,13940,卖盘
640,10:17:22,6.98,0.01,20,13960,买盘
641,10:17:25,6.97,-0.01,70,48790,卖盘
642,10:17:28,6.98,0.01,227,158287,买盘
643,10:17:31,6.97,-0.01,130,90610,卖盘
644,10:17:34,6.97,0.0,69,48097,卖盘
645,10:17:37,6.97,0.0,10,6970,买盘
646,10:17:40,6.97,0.0,65,45305,买盘
647,10:17:43,6.98,0.01,68,47463,买盘
648,10:17:46,6.98,0.0,58,40526,卖盘
649,10:17:49,6.98,0.0,5,3490,卖盘
650,10:17:52,6.99,0.01,51,35599,买盘
651,10:17:55,6.98,-0.01,12,8376,卖盘
652,10:17:58,6.97,-0.01,332,231989,卖盘
653,10:18:04,6.98,0.01,5,3490,买盘
654,10:18:10,6.98,0.0,180,125800,卖盘
655,10:18:13,6.98,0.0,8,5584,卖盘
656,10:18:19,6.98,0.0,11,7678,买盘
657,10:18:22,6.98,0.0,70,48860,买盘
658,10:18:25,6.98,0.0,16,11168,买盘
659,10:18:28,6.97,-0.01,200,139535,卖盘
660,10:18:31,6.98,0.01,18,12564,中性盘
661,10:18:43,6.99,0.01,240,167750,买盘
662,10:18:49,6.99,0.0,27,18873,买盘
663,10:18:52,6.98,-0.01,7,4886,卖盘
664,10:18:55,6.99,0.01,8,5592,买盘
665,10:19:01,6.99,0.0,258,180222,买盘
666,10:19:07,6.99,0.0,10,6990,卖盘
667,10:19:10,7.0,0.01,125,87500,买盘
668,10:19:16,7.0,0.0,4,2800,买盘
669,10:19:19,7.0,0.0,149,104250,买盘
670,10:19:24,7.0,0.0,355,248437,买盘
671,10:19:34,7.0,0.0,21,14700,买盘
672,10:19:36,6.99,-0.01,205,143480,卖盘
673,10:19:40,7.0,0.01,5,3500,买盘
674,10:19:46,6.99,-0.01,20,13980,卖盘
675,10:19:49,6.99,0.0,24,16780,卖盘
676,10:19:52,6.99,0.0,160,111980,卖盘
677,10:19:58,7.0,0.01,5,3500,买盘
678,10:20:01,7.0,0.0,50,35000,买盘
679,10:20:07,7.0,0.0,1,700,买盘
680,10:20:10,6.99,-0.01,36,25168,卖盘
681,10:20:13,6.99,0.0,20,13980,买盘
682,10:20:16,6.99,0.0,12,8388,买盘
683,10:20:19,7.0,0.01,20,13997,买盘
684,10:20:22,6.98,-0.02,148,103304,卖盘
685,10:20:25,6.99,0.01,91,63636,买盘
686,10:20:27,6.99,0.0,2,1398,买盘
687,10:20:30,6.99,0.0,20,13980,买盘
688,10:20:37,6.99,0.0,25,17475,买盘
689,10:20:43,6.99,0.0,4,2796,买盘
690,10:20:46,6.98,-0.01,30,20940,卖盘
691,10:20:52,6.98,0.0,3,2094,买盘
692,10:20:55,6.98,0.0,8,5584,卖盘
693,10:20:58,6.98,0.0,53,36994,买盘
694,10:21:01,6.97,-0.01,383,266951,卖盘
695,10:21:04,6.98,0.01,102,71169,买盘
696,10:21:07,6.98,0.0,68,47464,卖盘
697,10:21:10,6.96,-0.02,76,53012,卖盘
698,10:21:13,6.98,0.02,3,2094,中性盘
699,10:21:16,6.98,0.0,5,3490,卖盘
700,10:21:19,6.97,-0.01,37,25821,卖盘
701,10:21:22,6.96,-0.01,178,124071,卖盘
702,10:21:30,6.96,0.0,47,32712,卖盘
703,10:21:37,6.99,0.03,300,209447,买盘
704,10:21:46,6.99,0.0,27,18866,买盘
705,10:21:49,6.96,-0.03,15,10456,卖盘
706,10:21:52,6.98,0.02,10,6980,买盘
707,10:21:55,6.97,-0.01,11,7668,卖盘
708,10:21:58,6.97,0.0,11,7667,买盘
709,10:22:01,6.97,0.0,3,2091,买盘
710,10:22:04,6.97,0.0,10,6970,买盘
711,10:22:07,6.98,0.01,48,33496,买盘
712,10:22:10,6.97,-0.01,1,697,卖盘
713,10:22:13,6.97,0.0,197,137309,卖盘
714,10:22:18,6.98,0.01,109,75978,买盘
715,10:22:22,6.97,-0.01,126,87902,卖盘
716,10:22:25,6.97,0.0,27,18817,买盘
717,10:22:27,6.97,0.0,30,20910,买盘
718,10:22:33,6.97,0.0,10,6970,买盘
719,10:22:36,6.97,0.0,112,78162,买盘
720,10:22:43,6.97,0.0,6,4181,买盘
721,10:22:49,6.97,0.0,30,20910,买盘
722,10:22:52,6.96,-0.01,177,123201,卖盘
723,10:22:55,6.96,0.0,2,1392,卖盘
724,10:22:58,6.97,0.01,78,54366,买盘
725,10:23:01,6.95,-0.02,58,40363,卖盘
726,10:23:04,6.97,0.02,10,6970,买盘
727,10:23:09,6.97,0.0,10,6968,买盘
728,10:23:16,6.96,-0.01,1,696,买盘
729,10:23:25,6.95,-0.01,579,402530,卖盘
730,10:23:31,6.96,0.01,5,3480,中性盘
731,10:23:37,6.96,0.0,6,4176,卖盘
732,10:23:42,6.96,0.0,24,16704,买盘
733,10:23:46,6.94,-0.02,118,82023,卖盘
734,10:23:52,6.96,0.02,44,30605,买盘
735,10:24:01,6.96,0.0,13,9048,卖盘
736,10:24:04,6.97,0.01,60,41764,买盘
737,10:24:07,6.96,-0.01,1,696,卖盘
738,10:24:10,6.96,0.0,63,43848,卖盘
739,10:24:13,6.96,0.0,15,10426,买盘
740,10:24:16,6.96,0.0,10,6960,买盘
741,10:24:22,6.96,0.0,10,6960,买盘
742,10:24:25,6.96,0.0,20,13920,买盘
743,10:24:31,6.96,0.0,23,16000,买盘
744,10:24:34,6.95,-0.01,64,44480,卖盘
745,10:24:37,6.95,0.0,32,22240,卖盘
746,10:24:40,6.95,0.0,35,24325,卖盘
747,10:24:43,6.95,0.0,10,6950,买盘
748,10:24:46,6.95,0.0,10,6950,买盘
749,10:24:55,6.95,0.0,370,256850,买盘
750,10:25:01,6.94,-0.01,115,79810,卖盘
751,10:25:07,6.94,0.0,1,694,卖盘
752,10:25:09,6.94,0.0,5,3470,卖盘
753,10:25:13,6.94,0.0,46,31924,卖盘
754,10:25:16,6.94,0.0,101,70094,买盘
755,10:25:19,6.94,0.0,10,6940,买盘
756,10:25:22,6.94,0.0,559,387646,买盘
757,10:25:31,6.93,-0.01,11,7633,卖盘
758,10:25:37,6.94,0.01,2,1388,买盘
759,10:25:40,6.94,0.0,2,1388,买盘
760,10:25:43,6.94,0.0,97,67318,买盘
761,10:25:49,6.94,0.0,60,41640,卖盘
762,10:25:52,6.94,0.0,80,55520,卖盘
763,10:25:55,6.94,0.0,22,15278,卖盘
764,10:25:58,6.94,0.0,21,14574,卖盘
765,10:26:01,6.94,0.0,95,65930,卖盘
766,10:26:04,6.95,0.01,10,6945,买盘
767,10:26:09,6.94,-0.01,22,15268,买盘
768,10:26:19,6.95,0.01,100,69500,买盘
769,10:26:24,6.95,0.0,97,67415,买盘
770,10:26:28,6.95,0.0,155,107725,卖盘
771,10:26:34,6.95,0.0,10,6950,卖盘
772,10:26:37,6.96,0.01,10,6960,买盘
773,10:26:40,6.95,-0.01,10,6950,卖盘
774,10:26:43,6.96,0.01,10,6960,买盘
775,10:26:49,6.96,0.0,10,6960,买盘
776,10:26:54,6.96,0.0,27,18785,买盘
777,10:27:01,6.96,0.0,210,145960,买盘
778,10:27:07,6.96,0.0,30,20880,买盘
779,10:27:22,6.96,0.0,1,696,买盘
780,10:27:25,6.95,-0.01,200,139000,卖盘
781,10:27:28,6.96,0.01,10,6960,买盘
782,10:27:31,6.96,0.0,11,7656,买盘
783,10:27:37,6.96,0.0,29,20184,买盘
784,10:28:00,6.96,0.0,90,62660,卖盘
785,10:28:04,6.96,0.0,7,4872,卖盘
786,10:28:07,6.96,0.0,10,6960,卖盘
787,10:28:13,6.97,0.01,3,2091,买盘
788,10:28:19,6.96,-0.01,5,3480,卖盘
789,10:28:22,6.96,0.0,60,41760,卖盘
790,10:28:28,6.96,0.0,3,2088,卖盘
791,10:28:31,6.96,0.0,8,5568,买盘
792,10:28:34,6.96,0.0,1,696,卖盘
793,10:28:40,6.96,0.0,10,6960,卖盘
794,10:28:46,6.96,0.0,183,127371,卖盘
795,10:28:49,6.97,0.01,2,1394,买盘
796,10:28:55,6.96,-0.01,17,11832,卖盘
797,10:28:58,6.97,0.01,8,5570,买盘
798,10:29:01,6.97,0.0,20,13939,买盘
799,10:29:07,6.95,-0.02,7,4865,卖盘
800,10:29:19,6.96,0.01,5,3480,买盘
801,10:29:25,6.95,-0.01,100,69500,卖盘
802,10:29:28,6.95,0.0,6,4170,卖盘
803,10:29:31,6.96,0.01,31,21576,买盘
804,10:29:40,6.95,-0.01,12,8340,卖盘
805,10:29:52,6.94,-0.01,6,4164,卖盘
806,10:30:07,6.94,0.0,25,17350,卖盘
807,10:30:10,6.95,0.01,3,2085,买盘
808,10:30:13,6.94,-0.01,108,74960,卖盘
809,10:30:16,6.94,0.0,1,694,卖盘
810,10:30:19,6.95,0.01,14,9730,买盘
811,10:30:22,6.94,-0.01,4,2776,卖盘
812,10:30:25,6.94,0.0,14,9716,卖盘
813,10:30:28,6.94,0.0,2,1388,卖盘
814,10:30:31,6.95,0.01,1,695,买盘
815,10:30:34,6.95,0.0,38,26409,买盘
816,10:30:40,6.95,0.0,54,37530,买盘
817,10:30:43,6.95,0.0,4,2780,卖盘
818,10:30:46,6.95,0.0,5,3475,卖盘
819,10:30:49,6.95,0.0,80,55600,卖盘
820,10:30:55,6.96,0.01,34,23664,买盘
821,10:31:04,6.96,0.0,5,3480,买盘
822,10:31:10,6.95,-0.01,2,1390,卖盘
823,10:31:13,6.96,0.01,10,6960,买盘
824,10:31:22,6.96,0.0,4,2784,买盘
825,10:31:37,6.95,-0.01,150,104250,卖盘
826,10:31:40,6.96,0.01,8,5568,买盘
827,10:31:43,6.96,0.0,100,69600,买盘
828,10:31:49,6.95,-0.01,16,11120,卖盘
829,10:31:55,6.95,0.0,120,83438,卖盘
830,10:32:01,6.95,0.0,16,11120,卖盘
831,10:32:04,6.95,0.0,2,1390,买盘
832,10:32:10,6.95,0.0,215,149220,买盘
833,10:32:22,6.94,-0.01,4,2776,卖盘
834,10:32:28,6.95,0.01,37,25715,买盘
835,10:32:31,6.94,-0.01,500,347191,卖盘
836,10:32:34,6.95,0.01,22,15290,中性盘
837,10:32:36,6.93,-0.02,40,27724,卖盘
838,10:32:40,6.94,0.01,38,26354,中性盘
839,10:32:52,6.94,0.0,105,72770,买盘
840,10:32:55,6.94,0.0,5,3470,买盘
841,10:33:10,6.93,-0.01,10,6930,卖盘
842,10:33:13,6.93,0.0,8,5544,卖盘
843,10:33:16,6.94,0.01,17,11798,买盘
844,10:33:19,6.94,0.0,9,6246,买盘
845,10:33:22,6.94,0.0,15,10405,卖盘
846,10:33:24,6.94,0.0,10,6940,卖盘
847,10:33:28,6.94,0.0,5,3470,卖盘
848,10:33:31,6.93,-0.01,151,104644,卖盘
849,10:33:40,6.94,0.01,6,4164,买盘
850,10:33:49,6.95,0.01,4,2780,买盘
851,10:33:58,6.95,0.0,4,2780,买盘
852,10:34:04,6.95,0.0,1,695,买盘
853,10:34:07,6.94,-0.01,20,13880,卖盘
854,10:34:43,6.95,0.01,3,2085,买盘
855,10:34:49,6.95,0.0,10,6950,买盘
856,10:34:52,6.94,-0.01,57,39558,卖盘
857,10:35:04,6.95,0.01,1,695,买盘
858,10:35:25,6.94,-0.01,61,42334,卖盘
859,10:35:31,6.95,0.01,3,2085,买盘
860,10:35:34,6.95,0.0,4,2780,买盘
861,10:35:39,6.95,0.0,44,30580,买盘
862,10:35:46,6.94,-0.01,9,6246,卖盘
863,10:35:55,6.95,0.01,1,695,买盘
864,10:36:07,6.94,-0.01,147,102018,卖盘
865,10:36:28,6.93,-0.01,32,22176,卖盘
866,10:36:31,6.94,0.01,5,3470,买盘
867,10:36:34,6.94,0.0,136,94274,买盘
868,10:36:40,6.93,-0.01,30,20790,卖盘
869,10:36:43,6.94,0.01,2,1388,买盘
870,10:36:46,6.93,-0.01,53,36729,卖盘
871,10:36:49,6.93,0.0,3,2079,买盘
872,10:37:01,6.92,-0.01,50,34600,卖盘
873,10:37:04,6.92,0.0,79,54668,卖盘
874,10:37:10,6.92,0.0,18,12456,卖盘
875,10:37:13,6.92,0.0,6,4152,卖盘
876,10:37:16,6.92,0.0,10,6920,买盘
877,10:37:22,6.91,-0.01,34,23494,卖盘
878,10:37:27,6.92,0.01,10,6920,买盘
879,10:37:34,6.92,0.0,20,13840,买盘
880,10:37:37,6.91,-0.01,11,7601,卖盘
881,10:37:51,6.91,0.0,167,115678,卖盘
882,10:37:57,6.92,0.01,3,2076,买盘
883,10:38:01,6.91,-0.01,72,49752,卖盘
884,10:38:07,6.91,0.0,34,23498,卖盘
885,10:38:10,6.92,0.01,4,2768,买盘
886,10:38:19,6.92,0.0,29,20068,买盘
887,10:38:25,6.91,-0.01,42,29061,卖盘
888,10:38:28,6.92,0.01,43,29756,买盘
889,10:38:34,6.92,0.0,150,103800,卖盘
890,10:38:36,6.92,0.0,10,6920,卖盘
891,10:38:55,6.92,0.0,4,2768,卖盘
892,10:38:58,6.92,0.0,60,41520,卖盘
893,10:39:04,6.92,0.0,11,7612,卖盘
894,10:39:16,6.93,0.01,3,2079,买盘
895,10:39:22,6.92,-0.01,74,51208,卖盘
896,10:39:30,6.92,0.0,7,4844,卖盘
897,10:39:36,6.92,0.0,13,8996,卖盘
898,10:39:40,6.92,0.0,17,11764,卖盘
899,10:39:46,6.92,0.0,1,692,买盘
900,10:39:49,6.92,0.0,29,20069,买盘
901,10:39:52,6.92,0.0,20,13840,卖盘
902,10:39:55,6.91,-0.01,300,207302,卖盘
903,10:40:01,6.9,-0.01,811,559743,卖盘
904,10:40:04,6.92,0.02,25,17300,买盘
905,10:40:07,6.92,0.0,2,1384,买盘
906,10:40:25,6.91,-0.01,15,10376,卖盘
907,10:40:40,6.91,0.0,11,7601,卖盘
908,10:40:46,6.91,0.0,35,24185,卖盘
909,10:40:49,6.91,0.0,10,6910,卖盘
910,10:40:55,6.91,0.0,69,47709,卖盘
911,10:41:04,6.91,0.0,20,13820,买盘
912,10:41:07,6.91,0.0,32,22112,买盘
913,10:41:16,6.91,0.0,42,29022,买盘
914,10:41:22,6.91,0.0,58,40078,卖盘
915,10:41:25,6.9,-0.01,10,6900,卖盘
916,10:41:28,6.91,0.01,1,691,买盘
917,10:41:46,6.9,-0.01,1,690,卖盘
918,10:41:49,6.9,0.0,324,223284,卖盘
919,10:41:57,6.9,0.0,2,1380,买盘
920,10:42:10,6.9,0.0,31,21390,买盘
921,10:42:19,6.89,-0.01,2,1378,卖盘
922,10:42:22,6.9,0.01,1,690,买盘
923,10:42:24,6.89,-0.01,20,13780,卖盘
924,10:42:37,6.88,-0.01,150,103256,卖盘
925,10:42:49,6.88,0.0,1,688,卖盘
926,10:43:01,6.88,0.0,4,2752,卖盘
927,10:43:04,6.88,0.0,10,6880,卖盘
928,10:43:09,6.88,0.0,6,4132,卖盘
929,10:43:12,6.88,0.0,50,34400,卖盘
930,10:43:24,6.88,0.0,20,13760,卖盘
931,10:43:36,6.88,0.0,15,10320,卖盘
932,10:43:43,6.89,0.01,69,47494,买盘
933,10:43:52,6.89,0.0,14,9646,买盘
934,10:43:55,6.89,0.0,1,689,买盘
935,10:43:58,6.89,0.0,217,149503,买盘
936,10:44:03,6.89,0.0,179,123331,买盘
937,10:44:07,6.89,0.0,28,19292,买盘
938,10:44:10,6.89,0.0,34,23426,买盘
939,10:44:13,6.89,0.0,7,4823,买盘
940,10:44:16,6.89,0.0,25,17225,买盘
941,10:44:22,6.89,0.0,10,6890,买盘
942,10:44:25,6.9,0.01,5,3450,买盘
943,10:44:34,6.9,0.0,88,60994,买盘
944,10:44:43,6.9,0.0,10,6900,卖盘
945,10:44:55,6.91,0.01,86,59426,买盘
946,10:45:22,6.92,0.01,30,20760,买盘
947,10:45:27,6.91,-0.01,1,691,卖盘
948,10:45:31,6.91,0.0,18,12446,卖盘
949,10:45:37,6.92,0.01,4,2768,买盘
950,10:45:40,6.91,-0.01,39,26949,卖盘
951,10:46:01,6.91,0.0,228,157548,卖盘
952,10:46:03,6.91,0.0,29,20039,买盘
953,10:46:13,6.91,0.0,30,20730,买盘
954,10:46:37,6.91,0.0,93,64246,买盘
955,10:46:42,6.91,0.0,22,15182,买盘
956,10:46:45,6.9,-0.01,10,6900,卖盘
957,10:47:04,6.9,0.0,1,690,卖盘
958,10:47:13,6.9,0.0,35,24150,卖盘
959,10:47:19,6.9,0.0,2,1380,卖盘
960,10:47:24,6.9,0.0,3,2070,卖盘
961,10:47:27,6.9,0.0,1,690,卖盘
962,10:47:43,6.89,-0.01,16,11024,卖盘
963,10:47:55,6.9,0.01,22,15180,买盘
964,10:48:01,6.89,-0.01,5,3445,卖盘
965,10:48:15,6.9,0.01,30,20700,买盘
966,10:48:25,6.9,0.0,12,8280,买盘
967,10:48:42,6.9,0.0,33,22770,买盘
968,10:48:55,6.9,0.0,20,13800,买盘
969,10:49:01,6.9,0.0,26,17940,买盘
970,10:49:04,6.89,-0.01,61,42029,卖盘
971,10:49:19,6.9,0.01,38,26220,买盘
972,10:49:21,6.89,-0.01,26,17914,卖盘
973,10:49:25,6.89,0.0,7,4823,买盘
974,10:49:28,6.89,0.0,14,9646,买盘
975,10:49:31,6.89,0.0,4,2756,卖盘
976,10:49:37,6.89,0.0,9,6201,中性盘
977,10:49:40,6.9,0.01,4,2760,买盘
978,10:49:52,6.89,-0.01,30,20670,卖盘
979,10:49:55,6.9,0.01,4,2760,买盘
980,10:50:04,6.9,0.0,44,30360,买盘
981,10:50:06,6.9,0.0,10,6900,卖盘
982,10:50:24,6.91,0.01,5,3455,买盘
983,10:50:34,6.91,0.0,60,41460,买盘
984,10:50:37,6.9,-0.01,3,2070,卖盘
985,10:50:40,6.9,0.0,100,69000,卖盘
986,10:50:43,6.91,0.01,60,41460,买盘
987,10:50:52,6.92,0.01,9,6228,买盘
988,10:50:55,6.91,-0.01,30,20730,卖盘
989,10:51:06,6.91,0.0,62,42842,卖盘
990,10:51:19,6.9,-0.01,48,33158,卖盘
991,10:51:28,6.91,0.01,26,17966,买盘
992,10:51:43,6.91,0.0,28,19348,买盘
993,10:51:52,6.91,0.0,22,15202,买盘
994,10:51:58,6.9,-0.01,50,34500,卖盘
995,10:52:04,6.91,0.01,10,6910,买盘
996,10:52:28,6.91,0.0,10,6910,买盘
997,10:52:33,6.91,0.0,7,4837,买盘
998,10:52:42,6.91,0.0,40,27657,卖盘
999,10:52:46,6.92,0.01,157,108504,买盘
1000,10:52:48,6.91,-0.01,2,1382,中性盘
1001,10:52:57,6.91,0.0,31,21421,卖盘
1002,10:53:01,6.91,0.0,68,46988,买盘
1003,10:53:10,6.91,0.0,1,691,买盘
1004,10:53:24,6.91,0.0,74,51152,卖盘
1005,10:53:33,6.91,0.0,17,11747,买盘
1006,10:53:43,6.91,0.0,5,3455,买盘
1007,10:53:49,6.91,0.0,5,3455,买盘
1008,10:53:55,6.91,0.0,10,6910,买盘
1009,10:53:58,6.9,-0.01,13,8978,卖盘
1010,10:54:01,6.91,0.01,16,11056,买盘
1011,10:54:04,6.91,0.0,22,15202,买盘
1012,10:54:06,6.91,0.0,3,2073,买盘
1013,10:54:43,6.91,0.0,91,62881,买盘
1014,10:54:49,6.91,0.0,20,13820,卖盘
1015,10:55:10,6.92,0.01,1,692,买盘
1016,10:55:31,6.92,0.0,110,76120,买盘
1017,10:55:34,6.92,0.0,28,19376,买盘
1018,10:55:40,6.92,0.0,9,6228,买盘
1019,10:56:04,6.93,0.01,179,124047,买盘
1020,10:56:34,6.94,0.01,45,31230,买盘
1021,10:56:43,6.94,0.0,2,1388,卖盘
1022,10:56:45,6.94,0.0,7,4858,卖盘
1023,10:56:51,6.94,0.0,3,2082,买盘
1024,10:56:58,6.94,0.0,8,5552,买盘
1025,10:57:04,6.94,0.0,1,694,买盘
1026,10:57:16,6.93,-0.01,8,5544,卖盘
1027,10:57:22,6.94,0.01,2,1388,买盘
1028,10:57:33,6.93,-0.01,164,113652,卖盘
1029,10:57:37,6.94,0.01,15,10410,买盘
1030,10:57:46,6.94,0.0,50,34700,买盘
1031,10:58:19,6.94,0.0,4,2776,买盘
1032,10:58:55,6.93,-0.01,40,27720,卖盘
1033,10:59:04,6.93,0.0,41,28413,卖盘
1034,10:59:07,6.93,0.0,17,11781,卖盘
1035,10:59:10,6.93,0.0,3,2079,卖盘
1036,10:59:13,6.93,0.0,1,693,买盘
1037,10:59:43,6.92,-0.01,10,6920,卖盘
1038,10:59:55,6.92,0.0,1,692,卖盘
1039,10:59:58,6.92,0.0,78,53976,卖盘
1040,11:00:19,6.92,0.0,156,107952,卖盘
1041,11:00:37,6.92,0.0,200,138400,买盘
1042,11:00:43,6.92,0.0,4,2768,买盘
1043,11:00:52,6.91,-0.01,1,691,卖盘
1044,11:00:55,6.91,0.0,15,10365,卖盘
1045,11:00:58,6.91,0.0,5,3455,买盘
1046,11:01:13,6.91,0.0,9,6219,买盘
1047,11:01:21,6.9,-0.01,91,62790,卖盘
1048,11:01:25,6.91,0.01,8,5528,买盘
1049,11:01:28,6.9,-0.01,11,7590,卖盘
1050,11:01:34,6.91,0.01,3,2073,买盘
1051,11:01:42,6.9,-0.01,20,13800,卖盘
1052,11:01:46,6.91,0.01,20,13820,买盘
1053,11:02:04,6.91,0.0,2,1382,买盘
1054,11:02:16,6.91,0.0,50,34550,买盘
1055,11:02:46,6.9,-0.01,13,8970,卖盘
1056,11:03:06,6.9,0.0,50,34500,卖盘
1057,11:03:31,6.91,0.01,2,1382,买盘
1058,11:03:40,6.91,0.0,64,44223,买盘
1059,11:03:49,6.92,0.01,8,5536,买盘
1060,11:03:58,6.92,0.0,10,6920,买盘
1061,11:04:10,6.91,-0.01,1,691,卖盘
1062,11:04:13,6.92,0.01,10,6920,买盘
1063,11:04:25,6.92,0.0,1,692,买盘
1064,11:04:37,6.92,0.0,1,692,买盘
1065,11:04:40,6.91,-0.01,10,6910,卖盘
1066,11:05:13,6.92,0.01,9,6228,买盘
1067,11:05:31,6.92,0.0,10,6920,买盘
1068,11:05:42,6.92,0.0,239,165388,买盘
1069,11:05:51,6.93,0.01,9,6237,买盘
1070,11:06:10,6.93,0.0,7,4851,买盘
1071,11:06:12,6.93,0.0,42,29106,买盘
1072,11:06:19,6.93,0.0,76,52668,买盘
1073,11:06:22,6.92,-0.01,22,15224,卖盘
1074,11:06:40,6.93,0.01,60,41580,买盘
1075,11:06:58,6.93,0.0,14,9702,买盘
1076,11:07:07,6.93,0.0,25,17325,卖盘
1077,11:07:10,6.92,-0.01,4,2768,卖盘
1078,11:07:13,6.93,0.01,1,693,买盘
1079,11:07:22,6.91,-0.02,69,47717,卖盘
1080,11:07:34,6.91,0.0,11,7601,卖盘
1081,11:07:40,6.92,0.01,30,20760,买盘
1082,11:07:51,6.91,-0.01,5,3455,卖盘
1083,11:08:16,6.92,0.01,15,10380,买盘
1084,11:08:46,6.92,0.0,6,4152,买盘
1085,11:09:04,6.91,-0.01,200,138200,卖盘
1086,11:09:10,6.91,0.0,163,112633,卖盘
1087,11:09:34,6.9,-0.01,16,11040,卖盘
1088,11:10:13,6.9,0.0,20,13800,卖盘
1089,11:10:19,6.9,0.0,150,103500,卖盘
1090,11:10:22,6.9,0.0,3,2070,卖盘
1091,11:10:24,6.9,0.0,17,11730,卖盘
1092,11:10:34,6.9,0.0,10,6900,卖盘
1093,11:10:37,6.9,0.0,23,15870,卖盘
1094,11:10:49,6.91,0.01,30,20730,买盘
1095,11:10:58,6.91,0.0,2,1382,买盘
1096,11:11:19,6.91,0.0,77,53207,买盘
1097,11:11:22,6.91,0.0,20,13820,买盘
1098,11:11:48,6.9,-0.01,7,4830,卖盘
1099,11:12:31,6.91,0.01,94,64954,买盘
1100,11:12:40,6.91,0.0,28,19348,买盘
1101,11:12:58,6.91,0.0,52,35932,买盘
1102,11:13:18,6.91,0.0,50,34550,卖盘
1103,11:13:27,6.91,0.0,2,1382,卖盘
1104,11:13:33,6.91,0.0,20,13820,卖盘
1105,11:14:01,6.92,0.01,1,692,买盘
1106,11:14:16,6.91,-0.01,79,54589,卖盘
1107,11:14:25,6.91,0.0,2,1382,买盘
1108,11:15:13,6.91,0.0,24,16584,买盘
1109,11:15:37,6.91,0.0,5,3455,买盘
1110,11:15:40,6.91,0.0,110,75910,买盘
1111,11:15:43,6.91,0.0,25,17275,买盘
1112,11:15:46,6.9,-0.01,3,2070,卖盘
1113,11:15:49,6.91,0.01,9,6219,买盘
1114,11:15:58,6.91,0.0,94,64954,买盘
1115,11:16:25,6.91,0.0,71,49061,卖盘
1116,11:16:28,6.91,0.0,29,20039,买盘
1117,11:16:31,6.91,0.0,1,691,卖盘
1118,11:16:34,6.91,0.0,34,23494,卖盘
1119,11:16:37,6.91,0.0,12,8292,买盘
1120,11:16:40,6.91,0.0,14,9674,买盘
1121,11:16:46,6.92,0.01,15,10380,买盘
1122,11:17:01,6.92,0.0,1,692,买盘
1123,11:17:28,6.92,0.0,30,20760,买盘
1124,11:17:48,6.91,-0.01,34,23494,卖盘
1125,11:17:52,6.92,0.01,11,7612,买盘
1126,11:18:22,6.91,-0.01,13,8983,卖盘
1127,11:18:31,6.92,0.01,20,13840,买盘
1128,11:18:49,6.91,-0.01,20,13820,卖盘
1129,11:18:58,6.91,0.0,115,79480,卖盘
1130,11:19:15,6.91,0.0,25,17290,卖盘
1131,11:19:22,6.91,0.0,23,15903,卖盘
1132,11:19:25,6.91,0.0,29,20039,卖盘
1133,11:19:31,6.92,0.01,22,15224,买盘
1134,11:19:43,6.91,-0.01,15,10365,卖盘
1135,11:19:46,6.92,0.01,4,2768,买盘
1136,11:19:52,6.91,-0.01,5,3455,卖盘
1137,11:20:10,6.92,0.01,3,2076,买盘
1138,11:20:46,6.92,0.0,3,2076,买盘
1139,11:20:55,6.91,-0.01,3,2073,卖盘
1140,11:20:58,6.92,0.01,26,17715,买盘
1141,11:21:13,6.93,0.01,98,67914,买盘
1142,11:21:16,6.93,0.0,5,3465,卖盘
1143,11:21:25,6.94,0.01,2,1388,买盘
1144,11:21:33,6.94,0.0,74,51356,买盘
1145,11:21:37,6.94,0.0,9,6246,买盘
1146,11:22:00,6.94,0.0,5,3470,买盘
1147,11:22:09,6.93,-0.01,23,15939,卖盘
1148,11:22:16,6.93,0.0,5,3465,买盘
1149,11:22:19,6.93,0.0,15,10395,买盘
1150,11:22:43,6.93,0.0,1,693,买盘
1151,11:23:10,6.93,0.0,1,693,买盘
1152,11:23:19,6.93,0.0,7,4851,买盘
1153,11:23:22,6.92,-0.01,10,6920,卖盘
1154,11:23:25,6.93,0.01,100,69300,买盘
1155,11:23:52,6.93,0.0,2,1385,买盘
1156,11:23:57,6.92,-0.01,150,103800,卖盘
1157,11:24:01,6.93,0.01,3,2218,买盘
1158,11:24:06,6.93,0.0,10,6791,卖盘
1159,11:24:19,6.93,0.0,4,2772,买盘
1160,11:24:28,6.93,0.0,15,10534,买盘
1161,11:24:34,6.93,0.0,4,2772,卖盘
1162,11:24:46,6.93,0.0,100,69300,卖盘
1163,11:24:54,6.93,0.0,82,56687,卖盘
1164,11:25:04,6.93,0.0,35,24255,买盘
1165,11:25:10,6.93,0.0,1,693,买盘
1166,11:25:12,6.94,0.01,56,38957,买盘
1167,11:25:15,6.93,-0.01,15,10395,卖盘
1168,11:25:28,6.94,0.01,51,35394,买盘
1169,11:25:40,6.94,0.0,42,29148,买盘
1170,11:26:27,6.94,0.0,5,3470,卖盘
1171,11:26:31,6.94,0.0,7,4858,卖盘
1172,11:26:33,6.94,0.0,85,58990,卖盘
1173,11:26:37,6.94,0.0,2,1388,卖盘
1174,11:26:40,6.94,0.0,48,33312,卖盘
1175,11:26:49,6.94,0.0,49,34006,买盘
1176,11:26:52,6.93,-0.01,100,69300,卖盘
1177,11:26:55,6.94,0.01,5,3470,买盘
1178,11:27:34,6.93,-0.01,56,38669,卖盘
1179,11:27:40,6.92,-0.01,51,35296,卖盘
1180,11:27:46,6.93,0.01,2,1386,买盘
1181,11:27:52,6.93,0.0,39,27166,买盘
1182,11:28:16,6.93,0.0,20,13860,卖盘
1183,11:28:25,6.94,0.01,6,4164,买盘
1184,11:28:42,6.94,0.0,22,15268,买盘
1185,11:28:46,6.94,0.0,10,6940,卖盘
1186,11:28:55,6.94,0.0,10,6940,卖盘
1187,11:29:01,6.94,0.0,7,4858,卖盘
1188,11:29:19,6.94,0.0,25,17350,卖盘
1189,11:29:25,6.95,0.01,5,3475,买盘
1190,11:29:46,6.94,-0.01,33,22902,卖盘
1191,11:29:58,6.95,0.01,10,6950,买盘
1192,11:30:01,6.95,0.0,41,28495,买盘
1193,13:00:04,6.94,-0.01,161,111744,卖盘
1194,13:00:07,6.94,0.0,423,293859,卖盘
1195,13:00:10,6.94,0.0,36,24984,买盘
1196,13:00:13,6.94,0.0,8,5552,买盘
1197,13:00:16,6.94,0.0,10,6940,买盘
1198,13:00:28,6.94,0.0,50,34700,买盘
1199,13:00:37,6.93,-0.01,46,31878,卖盘
1200,13:00:40,6.94,0.01,51,35394,买盘
1201,13:00:46,6.93,-0.01,80,55440,卖盘
1202,13:00:51,6.94,0.01,5,3470,买盘
1203,13:00:55,6.93,-0.01,19,13167,卖盘
1204,13:00:58,6.93,0.0,91,63063,卖盘
1205,13:01:01,6.94,0.01,45,31230,买盘
1206,13:01:04,6.93,-0.01,125,86486,卖盘
1207,13:01:16,6.92,-0.01,5,3460,卖盘
1208,13:01:19,6.92,0.0,1,692,卖盘
1209,13:01:39,6.93,0.01,10,6930,买盘
1210,13:01:58,6.93,0.0,50,34650,买盘
1211,13:02:06,6.93,0.0,50,34650,买盘
1212,13:02:34,6.92,-0.01,6,4152,卖盘
1213,13:02:43,6.93,0.01,27,18711,买盘
1214,13:02:45,6.93,0.0,15,10395,卖盘
1215,13:02:51,6.93,0.0,7,4851,卖盘
1216,13:03:01,6.93,0.0,2,1386,卖盘
1217,13:03:07,6.93,0.0,150,103950,卖盘
1218,13:03:25,6.94,0.01,39,27205,买盘
1219,13:03:43,6.94,0.0,25,17350,卖盘
1220,13:03:46,6.94,0.0,1,694,卖盘
1221,13:03:49,6.95,0.01,123,85325,买盘
1222,13:03:55,6.94,-0.01,1,694,买盘
1223,13:04:25,6.93,-0.01,26,18018,卖盘
1224,13:04:33,6.94,0.01,145,100626,买盘
1225,13:04:36,6.94,0.0,26,18040,买盘
1226,13:04:49,6.93,-0.01,24,16632,卖盘
1227,13:05:01,6.92,-0.01,150,103800,卖盘
1228,13:05:52,6.92,0.0,202,139784,卖盘
1229,13:06:21,6.93,0.01,4,2772,买盘
1230,13:06:25,6.92,-0.01,20,13840,卖盘
1231,13:06:43,6.92,0.0,10,6920,卖盘
1232,13:07:13,6.92,0.0,54,37372,卖盘
1233,13:07:16,6.93,0.01,3,2079,买盘
1234,13:07:58,6.92,-0.01,20,13840,卖盘
1235,13:08:12,6.93,0.01,72,49896,买盘
1236,13:08:15,6.93,0.0,3,2079,卖盘
1237,13:08:37,6.93,0.0,2,1386,买盘
1238,13:09:04,6.93,0.0,11,7623,买盘
1239,13:09:37,6.92,-0.01,150,103800,卖盘
1240,13:09:39,6.92,0.0,52,36261,卖盘
1241,13:09:46,6.92,0.0,1,692,买盘
1242,13:10:04,6.92,0.0,5,3460,买盘
1243,13:10:06,6.92,0.0,2,1384,买盘
1244,13:10:28,6.92,0.0,37,25579,买盘
1245,13:10:57,6.92,0.0,5,3460,买盘
1246,13:11:16,6.91,-0.01,5,3455,卖盘
1247,13:11:19,6.91,0.0,10,6910,卖盘
1248,13:11:25,6.91,0.0,50,34550,卖盘
1249,13:11:31,6.91,0.0,119,82229,卖盘
1250,13:11:36,6.91,0.0,4,2764,卖盘
1251,13:11:55,6.91,0.0,50,34550,卖盘
1252,13:11:58,6.91,0.0,12,8292,卖盘
1253,13:12:00,6.91,0.0,50,34550,卖盘
1254,13:12:04,6.91,0.0,3,2073,卖盘
1255,13:12:07,6.91,0.0,8,5528,卖盘
1256,13:12:19,6.91,0.0,51,35241,卖盘
1257,13:13:00,6.9,-0.01,194,133584,卖盘
1258,13:13:06,6.9,0.0,1,690,卖盘
1259,13:13:15,6.9,0.0,205,141726,卖盘
1260,13:13:31,6.89,-0.01,1,689,卖盘
1261,13:13:36,6.89,0.0,55,37895,卖盘
1262,13:13:40,6.89,0.0,3,2067,卖盘
1263,13:13:57,6.89,0.0,21,14469,卖盘
1264,13:14:01,6.89,0.0,27,18603,卖盘
1265,13:14:13,6.89,0.0,6,4134,卖盘
1266,13:14:16,6.89,0.0,20,13780,卖盘
1267,13:14:37,6.9,0.01,4,2760,买盘
1268,13:14:46,6.9,0.0,22,15160,买盘
1269,13:14:52,6.89,-0.01,20,13780,卖盘
1270,13:15:22,6.89,0.0,152,104828,卖盘
1271,13:15:25,6.9,0.01,2,1380,买盘
1272,13:15:28,6.89,-0.01,24,16536,卖盘
1273,13:15:31,6.89,0.0,5,3445,卖盘
1274,13:16:04,6.89,0.0,150,103350,卖盘
1275,13:16:09,6.89,0.0,16,11024,卖盘
1276,13:16:25,6.89,0.0,20,13780,卖盘
1277,13:16:37,6.89,0.0,77,53053,卖盘
1278,13:16:43,6.89,0.0,1,689,卖盘
1279,13:16:49,6.89,0.0,30,20670,卖盘
1280,13:16:58,6.89,0.0,2,1378,卖盘
1281,13:17:01,6.9,0.01,200,138000,买盘
1282,13:17:12,6.89,-0.01,73,50297,卖盘
1283,13:17:19,6.89,0.0,1,689,卖盘
1284,13:17:54,6.89,0.0,10,6890,卖盘
1285,13:17:58,6.89,0.0,26,17914,卖盘
1286,13:18:01,6.89,0.0,150,103350,卖盘
1287,13:18:33,6.89,0.0,77,53053,卖盘
1288,13:18:49,6.89,0.0,4,2756,卖盘
1289,13:19:01,6.89,0.0,3,2067,卖盘
1290,13:19:04,6.89,0.0,5,3445,卖盘
1291,13:19:07,6.89,0.0,1,689,卖盘
1292,13:19:13,6.89,0.0,4,2756,卖盘
1293,13:19:37,6.89,0.0,26,17914,卖盘
1294,13:20:25,6.89,0.0,30,20670,卖盘
1295,13:20:31,6.89,0.0,1,689,卖盘
1296,13:20:46,6.88,-0.01,12,8256,卖盘
1297,13:21:01,6.88,0.0,40,27520,卖盘
1298,13:21:04,6.89,0.01,3,2066,买盘
1299,13:21:16,6.88,-0.01,40,27520,卖盘
1300,13:21:30,6.88,0.0,17,11696,卖盘
1301,13:21:33,6.89,0.01,204,140556,买盘
1302,13:21:43,6.89,0.0,14,9646,卖盘
1303,13:22:04,6.89,0.0,50,34450,卖盘
1304,13:22:07,6.9,0.01,11,7589,买盘
1305,13:22:19,6.9,0.0,19,13110,买盘
1306,13:22:33,6.9,0.0,5,3450,买盘
1307,13:22:36,6.9,0.0,100,69000,买盘
1308,13:22:52,6.9,0.0,48,33120,买盘
1309,13:22:55,6.9,0.0,11,7590,买盘
1310,13:23:04,6.9,0.0,42,28940,买盘
1311,13:23:10,6.89,-0.01,22,15179,卖盘
1312,13:23:22,6.89,0.0,51,35184,卖盘
1313,13:23:25,6.9,0.01,3,2070,买盘
1314,13:23:31,6.89,-0.01,15,10335,卖盘
1315,13:23:39,6.89,0.0,7,4823,卖盘
1316,13:23:43,6.89,0.0,150,103350,卖盘
1317,13:23:46,6.89,0.0,80,55120,卖盘
1318,13:23:58,6.89,0.0,11,7581,卖盘
1319,13:24:01,6.89,0.0,3,2067,卖盘
1320,13:24:10,6.89,0.0,17,11713,卖盘
1321,13:24:13,6.9,0.01,1,690,买盘
1322,13:24:19,6.89,-0.01,100,68900,卖盘
1323,13:24:28,6.9,0.01,2,1380,买盘
1324,13:24:31,6.89,-0.01,10,6890,卖盘
1325,13:24:46,6.89,0.0,5,3445,卖盘
1326,13:24:55,6.89,0.0,30,20670,卖盘
1327,13:25:04,6.89,0.0,150,103350,卖盘
1328,13:25:12,6.89,0.0,28,19292,卖盘
1329,13:25:18,6.89,0.0,368,253552,卖盘
1330,13:25:25,6.88,-0.01,2,1376,卖盘
1331,13:25:30,6.88,0.0,78,53664,卖盘
1332,13:25:33,6.88,0.0,2,1376,卖盘
1333,13:25:36,6.88,0.0,77,52976,卖盘
1334,13:25:43,6.88,0.0,24,16512,卖盘
1335,13:25:46,6.88,0.0,26,17888,买盘
1336,13:25:48,6.88,0.0,1,688,卖盘
1337,13:25:52,6.88,0.0,20,13760,卖盘
1338,13:25:55,6.88,0.0,3,2064,卖盘
1339,13:26:01,6.88,0.0,1,688,买盘
1340,13:26:07,6.87,-0.01,1,687,卖盘
1341,13:26:15,6.87,0.0,10,6870,卖盘
1342,13:26:19,6.87,0.0,47,32289,卖盘
1343,13:26:22,6.87,0.0,101,69387,卖盘
1344,13:26:43,6.87,0.0,10,6870,买盘
1345,13:26:45,6.86,-0.01,280,192080,卖盘
1346,13:27:01,6.86,0.0,12,8232,卖盘
1347,13:27:04,6.86,0.0,10,6860,卖盘
1348,13:27:09,6.87,0.01,10,6870,买盘
1349,13:27:13,6.86,-0.01,100,68600,卖盘
1350,13:27:16,6.87,0.01,57,39159,买盘
1351,13:27:19,6.87,0.0,3,2061,卖盘
1352,13:27:22,6.86,-0.01,50,34330,卖盘
1353,13:27:33,6.86,0.0,15,10290,卖盘
1354,13:27:43,6.86,0.0,29,19894,卖盘
1355,13:27:49,6.86,0.0,40,27443,卖盘
1356,13:28:10,6.87,0.01,12,8246,卖盘
1357,13:28:19,6.88,0.01,15,10320,买盘
1358,13:28:24,6.88,0.0,18,12384,买盘
1359,13:28:58,6.88,0.0,24,16512,卖盘
1360,13:29:04,6.88,0.0,4,2752,卖盘
1361,13:29:18,6.89,0.01,6,4134,买盘
1362,13:29:22,6.88,-0.01,2,1376,卖盘
1363,13:29:37,6.89,0.01,39,26871,买盘
1364,13:30:16,6.89,0.0,3,2067,买盘
1365,13:30:49,6.88,-0.01,63,43344,卖盘
1366,13:31:22,6.88,0.0,11,7568,卖盘
1367,13:31:40,6.88,0.0,9,6192,买盘
1368,13:32:07,6.87,-0.01,7,4809,卖盘
1369,13:32:25,6.88,0.01,4,2752,买盘
1370,13:32:33,6.88,0.0,7,4816,买盘
1371,13:32:37,6.88,0.0,24,16512,买盘
1372,13:33:01,6.88,0.0,17,11696,卖盘
1373,13:33:15,6.89,0.01,7,4823,买盘
1374,13:33:21,6.88,-0.01,29,19952,卖盘
1375,13:33:28,6.88,0.0,1,688,卖盘
1376,13:33:40,6.88,0.0,10,6880,买盘
1377,13:33:46,6.88,0.0,16,11008,买盘
1378,13:33:49,6.88,0.0,24,16512,买盘
1379,13:34:22,6.88,0.0,16,11008,买盘
1380,13:34:40,6.87,-0.01,20,13740,卖盘
1381,13:34:46,6.87,0.0,30,20610,卖盘
1382,13:34:54,6.87,0.0,10,6870,卖盘
1383,13:35:01,6.87,0.0,29,19923,卖盘
1384,13:35:04,6.87,0.0,12,8244,卖盘
1385,13:35:10,6.87,0.0,30,20610,卖盘
1386,13:35:16,6.87,0.0,14,9618,卖盘
1387,13:35:19,6.87,0.0,50,34350,卖盘
1388,13:35:22,6.87,0.0,5,3435,卖盘
1389,13:35:28,6.87,0.0,5,3435,卖盘
1390,13:35:31,6.87,0.0,1,687,卖盘
1391,13:35:33,6.87,0.0,13,8931,卖盘
1392,13:35:37,6.87,0.0,13,8931,卖盘
1393,13:35:58,6.86,-0.01,100,68600,卖盘
1394,13:36:07,6.86,0.0,47,32242,卖盘
1395,13:36:28,6.85,-0.01,13,8905,卖盘
1396,13:36:31,6.85,0.0,6,4110,卖盘
1397,13:36:40,6.85,0.0,6,4110,卖盘
1398,13:36:43,6.86,0.01,22,15092,买盘
1399,13:37:00,6.85,-0.01,1,685,卖盘
1400,13:37:04,6.86,0.01,5,3430,买盘
1401,13:37:13,6.86,0.0,105,71941,买盘
1402,13:37:16,6.85,-0.01,10,6850,卖盘
1403,13:37:25,6.86,0.01,10,6860,买盘
1404,13:37:31,6.85,-0.01,1,685,卖盘
1405,13:37:34,6.85,0.0,5,3425,卖盘
1406,13:37:37,6.86,0.01,6,4116,买盘
1407,13:37:40,6.85,-0.01,100,68500,卖盘
1408,13:37:49,6.85,0.0,50,34250,卖盘
1409,13:37:54,6.85,0.0,1,685,卖盘
1410,13:37:58,6.85,0.0,25,17125,卖盘
1411,13:38:00,6.85,0.0,42,28770,卖盘
1412,13:38:04,6.85,0.0,10,6850,买盘
1413,13:38:07,6.85,0.0,9,6161,买盘
1414,13:38:10,6.85,0.0,51,34934,买盘
1415,13:38:18,6.84,-0.01,46,31464,卖盘
1416,13:38:24,6.84,0.0,50,34200,卖盘
1417,13:38:28,6.84,0.0,94,64296,卖盘
1418,13:38:39,6.83,-0.01,5,3415,卖盘
1419,13:38:48,6.83,0.0,20,13660,卖盘
1420,13:38:52,6.83,0.0,32,21856,卖盘
1421,13:38:55,6.83,0.0,7,4781,卖盘
1422,13:38:58,6.84,0.01,28,19125,买盘
1423,13:39:10,6.84,0.0,18,12312,买盘
1424,13:39:13,6.84,0.0,5,3420,卖盘
1425,13:39:16,6.84,0.0,10,6840,买盘
1426,13:39:19,6.84,0.0,5,3420,买盘
1427,13:39:28,6.84,0.0,19,12996,卖盘
1428,13:39:37,6.84,0.0,5,3420,卖盘
1429,13:39:39,6.84,0.0,37,25308,卖盘
1430,13:39:54,6.84,0.0,51,34884,卖盘
1431,13:39:57,6.85,0.01,115,78775,买盘
1432,13:40:00,6.85,0.0,20,13700,买盘
1433,13:40:04,6.84,-0.01,90,61560,卖盘
1434,13:40:13,6.85,0.01,14,9590,买盘
1435,13:40:15,6.84,-0.01,164,112176,卖盘
1436,13:40:19,6.84,0.0,65,44490,买盘
1437,13:40:22,6.84,0.0,2,1368,卖盘
1438,13:40:28,6.84,0.0,5,3420,卖盘
1439,13:40:30,6.84,0.0,70,47880,卖盘
1440,13:40:37,6.85,0.01,48,32880,买盘
1441,13:40:43,6.85,0.0,12,8218,买盘
1442,13:41:01,6.84,-0.01,42,28738,卖盘
1443,13:41:09,6.84,0.0,49,33516,卖盘
1444,13:41:16,6.85,0.01,10,6850,买盘
1445,13:41:43,6.84,-0.01,51,34884,卖盘
1446,13:41:46,6.85,0.01,1,685,买盘
1447,13:41:52,6.85,0.0,1,685,买盘
1448,13:41:55,6.85,0.0,2,1370,买盘
1449,13:41:58,6.85,0.0,4,2740,买盘
1450,13:42:07,6.85,0.0,5,3425,买盘
1451,13:42:13,6.85,0.0,9,6165,买盘
1452,13:42:16,6.85,0.0,152,104120,买盘
1453,13:42:31,6.85,0.0,1,685,买盘
1454,13:42:52,6.85,0.0,10,6850,买盘
1455,13:42:54,6.85,0.0,600,411000,买盘
1456,13:43:04,6.85,0.0,136,93160,买盘
1457,13:43:06,6.85,0.0,11,7535,买盘
1458,13:44:06,6.85,0.0,1,685,卖盘
1459,13:44:12,6.86,0.01,19,13034,买盘
1460,13:44:34,6.86,0.0,10,6860,买盘
1461,13:44:45,6.86,0.0,60,41160,买盘
1462,13:44:48,6.86,0.0,12,8232,买盘
1463,13:44:55,6.86,0.0,5,3430,买盘
1464,13:45:24,6.85,-0.01,3,2055,卖盘
1465,13:45:28,6.86,0.01,3,2058,买盘
1466,13:45:46,6.86,0.0,31,21266,买盘
1467,13:45:54,6.86,0.0,58,39788,买盘
1468,13:45:58,6.86,0.0,1,686,买盘
1469,13:46:10,6.86,0.0,10,6860,买盘
1470,13:46:16,6.85,-0.01,141,96592,卖盘
1471,13:46:49,6.86,0.01,1,686,买盘
1472,13:46:58,6.86,0.0,14,9604,买盘
1473,13:47:00,6.86,0.0,20,13720,买盘
1474,13:47:07,6.85,-0.01,1,685,卖盘
1475,13:47:28,6.86,0.01,30,20580,买盘
1476,13:47:31,6.85,-0.01,9,6165,卖盘
1477,13:47:42,6.85,0.0,8,5480,卖盘
1478,13:47:49,6.85,0.0,6,4110,卖盘
1479,13:48:19,6.85,0.0,28,19198,卖盘
1480,13:48:21,6.86,0.01,50,34300,买盘
1481,13:48:25,6.86,0.0,1,686,买盘
1482,13:48:34,6.85,-0.01,45,30825,卖盘
1483,13:48:37,6.85,0.0,20,13705,卖盘
1484,13:48:40,6.85,0.0,74,50690,卖盘
1485,13:48:55,6.86,0.01,31,21266,买盘
1486,13:49:07,6.86,0.0,103,70658,买盘
1487,13:49:19,6.87,0.01,1,687,买盘
1488,13:49:40,6.87,0.0,10,6870,买盘
1489,13:49:46,6.87,0.0,15,10305,买盘
1490,13:49:55,6.87,0.0,55,37785,卖盘
1491,13:50:01,6.88,0.01,100,68800,买盘
1492,13:50:16,6.88,0.0,70,48160,买盘
1493,13:50:19,6.87,-0.01,50,34350,卖盘
1494,13:50:25,6.88,0.01,146,100448,买盘
1495,13:50:31,6.89,0.01,139,95705,买盘
1496,13:50:49,6.89,0.0,6,4134,买盘
1497,13:51:10,6.89,0.0,12,8268,买盘
1498,13:51:16,6.89,0.0,1,689,买盘
1499,13:51:21,6.89,0.0,3,2067,买盘
1500,13:51:58,6.89,0.0,5,3445,买盘
1501,13:52:06,6.89,0.0,115,79235,买盘
1502,13:52:16,6.89,0.0,20,13780,卖盘
1503,13:52:30,6.9,0.01,6,4140,买盘
1504,13:52:52,6.89,-0.01,5,3445,卖盘
1505,13:53:01,6.89,0.0,5,3445,卖盘
1506,13:53:04,6.89,0.0,25,17225,卖盘
1507,13:53:13,6.9,0.01,7,4830,买盘
1508,13:53:21,6.89,-0.01,80,55150,卖盘
1509,13:53:25,6.9,0.01,1,690,买盘
1510,13:53:30,6.9,0.0,151,104040,买盘
1511,13:53:36,6.89,-0.01,83,57187,卖盘
1512,13:53:43,6.89,0.0,9,6201,卖盘
1513,13:53:45,6.89,0.0,3,2067,卖盘
1514,13:53:48,6.89,0.0,71,48919,卖盘
1515,13:53:52,6.89,0.0,76,52364,卖盘
1516,13:53:55,6.89,0.0,1,689,买盘
1517,13:53:58,6.88,-0.01,5,3440,卖盘
1518,13:54:16,6.89,0.01,13,8957,买盘
1519,13:54:22,6.88,-0.01,6,4128,卖盘
1520,13:54:30,6.84,-0.04,570,390589,卖盘
1521,13:54:37,6.84,0.0,48,32832,买盘
1522,13:54:40,6.84,0.0,2,1368,买盘
1523,13:55:13,6.84,0.0,10,6840,卖盘
1524,13:55:58,6.86,0.02,6,4116,卖盘
1525,13:56:12,6.86,0.0,4,2744,买盘
1526,13:56:15,6.86,0.0,56,38416,买盘
1527,13:56:25,6.86,0.0,36,24696,买盘
1528,13:56:42,6.87,0.01,12,8244,买盘
1529,13:56:46,6.86,-0.01,2,1372,卖盘
1530,13:56:55,6.86,0.0,5,3430,卖盘
1531,13:56:58,6.87,0.01,28,19236,买盘
1532,13:57:19,6.87,0.0,32,21984,买盘
1533,13:57:22,6.86,-0.01,20,13738,卖盘
1534,13:57:49,6.86,0.0,7,4802,卖盘
1535,13:58:40,6.87,0.01,8,5496,卖盘
1536,13:59:12,6.88,0.01,44,30272,买盘
1537,13:59:15,6.88,0.0,19,13072,买盘
1538,13:59:43,6.87,-0.01,155,106485,卖盘
1539,13:59:46,6.88,0.01,51,35088,买盘
1540,13:59:52,6.87,-0.01,66,45365,卖盘
1541,13:59:55,6.87,0.0,2,1374,卖盘
1542,14:00:01,6.87,0.0,58,39846,卖盘
1543,14:00:04,6.87,0.0,3,2061,卖盘
1544,14:00:07,6.87,0.0,1,687,卖盘
1545,14:00:10,6.87,0.0,122,83814,卖盘
1546,14:00:13,6.87,0.0,1,687,买盘
1547,14:00:31,6.86,-0.01,21,14406,卖盘
1548,14:00:37,6.86,0.0,10,6860,买盘
1549,14:00:52,6.85,-0.01,13,8905,卖盘
1550,14:00:55,6.86,0.01,2,1372,买盘
1551,14:01:31,6.85,-0.01,48,32880,卖盘
1552,14:01:37,6.85,0.0,10,6850,卖盘
1553,14:01:42,6.85,0.0,4,2740,卖盘
1554,14:02:04,6.85,0.0,37,25345,卖盘
1555,14:02:07,6.86,0.01,38,26068,买盘
1556,14:02:10,6.85,-0.01,74,50690,卖盘
1557,14:02:16,6.85,0.0,28,19180,卖盘
1558,14:02:43,6.84,-0.01,61,41724,卖盘
1559,14:02:52,6.84,0.0,100,68400,卖盘
1560,14:03:00,6.84,0.0,30,20520,卖盘
1561,14:03:07,6.84,0.0,8,5472,卖盘
1562,14:03:10,6.85,0.01,16,10960,买盘
1563,14:03:13,6.84,-0.01,115,78660,卖盘
1564,14:03:21,6.84,0.0,10,6840,买盘
1565,14:03:37,6.83,-0.01,62,42346,卖盘
1566,14:03:43,6.84,0.01,19,12996,买盘
1567,14:03:46,6.83,-0.01,8,5464,卖盘
1568,14:04:01,6.83,0.0,30,20490,卖盘
1569,14:04:07,6.84,0.01,20,13680,买盘
1570,14:04:25,6.84,0.0,65,44410,买盘
1571,14:04:31,6.84,0.0,3,2052,买盘
1572,14:04:43,6.84,0.0,15,10260,买盘
1573,14:04:48,6.83,-0.01,80,54690,卖盘
1574,14:04:52,6.83,0.0,14,9562,卖盘
1575,14:04:55,6.83,0.0,10,6830,卖盘
1576,14:05:07,6.83,0.0,5,3415,卖盘
1577,14:05:13,6.83,0.0,16,10928,卖盘
1578,14:05:22,6.84,0.01,572,391248,买盘
1579,14:05:25,6.84,0.0,10,6840,卖盘
1580,14:05:43,6.85,0.01,14,9585,买盘
1581,14:05:46,6.85,0.0,49,33565,买盘
1582,14:05:49,6.85,0.0,22,15070,买盘
1583,14:06:16,6.85,0.0,12,8220,卖盘
1584,14:06:34,6.86,0.01,19,13034,买盘
1585,14:06:43,6.86,0.0,7,4802,买盘
1586,14:06:52,6.86,0.0,11,7546,买盘
1587,14:07:01,6.86,0.0,38,26068,买盘
1588,14:07:16,6.88,0.02,7,4816,买盘
1589,14:07:25,6.88,0.0,84,57792,买盘
1590,14:07:34,6.88,0.0,10,6880,卖盘
1591,14:07:39,6.89,0.01,274,188786,买盘
1592,14:07:46,6.89,0.0,20,13780,卖盘
1593,14:07:52,6.9,0.01,12,8280,买盘
1594,14:07:58,6.9,0.0,20,13800,买盘
1595,14:08:01,6.9,0.0,278,191770,买盘
1596,14:08:04,6.9,0.0,193,133135,买盘
1597,14:08:07,6.9,0.0,40,27600,买盘
1598,14:08:10,6.89,-0.01,232,159848,卖盘
1599,14:08:13,6.89,0.0,5,3445,买盘
1600,14:08:16,6.91,0.02,724,499567,买盘
1601,14:08:27,6.9,-0.01,1,690,买盘
1602,14:08:34,6.88,-0.02,27,18577,卖盘
1603,14:08:40,6.88,0.0,5,3440,买盘
1604,14:08:43,6.88,0.0,12,8256,买盘
1605,14:08:46,6.88,0.0,6,4128,买盘
1606,14:09:01,6.9,0.02,3,2070,买盘
1607,14:09:22,6.9,0.0,1,690,买盘
1608,14:09:25,6.9,0.0,168,115920,买盘
1609,14:09:27,6.9,0.0,12,8280,卖盘
1610,14:09:40,6.9,0.0,10,6900,卖盘
1611,14:09:46,6.9,0.0,13,8970,买盘
1612,14:10:58,6.9,0.0,161,111090,买盘
1613,14:11:19,6.9,0.0,25,17250,卖盘
1614,14:11:22,6.9,0.0,10,6900,卖盘
1615,14:11:25,6.9,0.0,6,4140,卖盘
1616,14:11:30,6.9,0.0,29,20010,买盘
1617,14:11:34,6.9,0.0,15,10350,买盘
1618,14:12:10,6.88,-0.02,126,86696,卖盘
1619,14:12:24,6.88,0.0,15,10320,买盘
1620,14:12:40,6.88,0.0,2,1376,买盘
1621,14:12:46,6.88,0.0,6,4128,买盘
1622,14:13:13,6.88,0.0,7,4816,买盘
1623,14:13:37,6.89,0.01,1,689,买盘
1624,14:13:55,6.88,-0.01,96,66048,卖盘
1625,14:14:01,6.88,0.0,4,2752,买盘
1626,14:14:10,6.88,0.0,152,104576,买盘
1627,14:14:40,6.88,0.0,34,23392,卖盘
1628,14:14:57,6.88,0.0,5,3440,买盘
1629,14:15:01,6.88,0.0,20,13760,买盘
1630,14:15:04,6.88,0.0,5,3440,买盘
1631,14:15:24,6.88,0.0,147,101136,买盘
1632,14:15:46,6.88,0.0,20,13760,买盘
1633,14:15:48,6.88,0.0,50,34400,买盘
1634,14:15:55,6.88,0.0,3,2064,买盘
1635,14:16:01,6.88,0.0,9,6192,买盘
1636,14:16:07,6.88,0.0,5,3440,买盘
1637,14:16:16,6.88,0.0,1,688,买盘
1638,14:16:19,6.88,0.0,9,6192,买盘
1639,14:16:25,6.87,-0.01,150,103050,卖盘
1640,14:16:46,6.87,0.0,20,13740,卖盘
1641,14:16:49,6.87,0.0,3,2061,卖盘
1642,14:17:13,6.88,0.01,2,1376,买盘
1643,14:17:21,6.87,-0.01,100,68700,卖盘
1644,14:17:28,6.87,0.0,8,5496,卖盘
1645,14:17:34,6.88,0.01,18,12384,买盘
1646,14:17:52,6.89,0.01,160,110113,买盘
1647,14:18:10,6.89,0.0,4,2756,买盘
1648,14:18:19,6.87,-0.02,6,4124,卖盘
1649,14:18:37,6.89,0.02,49,33761,买盘
1650,14:18:40,6.88,-0.01,1,688,卖盘
1651,14:18:43,6.88,0.0,1,688,买盘
1652,14:19:18,6.87,-0.01,111,76257,卖盘
1653,14:19:28,6.87,0.0,39,26793,买盘
1654,14:19:40,6.88,0.01,1,688,买盘
1655,14:19:46,6.88,0.0,20,13760,买盘
1656,14:20:04,6.87,-0.01,26,17862,卖盘
1657,14:20:10,6.87,0.0,13,8931,买盘
1658,14:20:13,6.87,0.0,24,16488,买盘
1659,14:20:15,6.87,0.0,153,105111,买盘
1660,14:20:43,6.87,0.0,82,56258,买盘
1661,14:20:55,6.87,0.0,1,687,买盘
1662,14:21:12,6.87,0.0,18,12366,买盘
1663,14:21:19,6.86,-0.01,5,3430,卖盘
1664,14:21:37,6.86,0.0,27,18522,卖盘
1665,14:21:58,6.86,0.0,5,3430,卖盘
1666,14:22:10,6.86,0.0,9,6174,卖盘
1667,14:22:31,6.87,0.01,1,687,买盘
1668,14:23:25,6.87,0.0,1,687,买盘
1669,14:23:31,6.86,-0.01,17,11662,卖盘
1670,14:23:34,6.85,-0.01,764,523654,卖盘
1671,14:23:49,6.85,0.0,20,13700,买盘
1672,14:24:04,6.84,-0.01,8,5472,卖盘
1673,14:24:15,6.84,0.0,259,177156,卖盘
1674,14:24:25,6.84,0.0,2,1368,买盘
1675,14:24:27,6.83,-0.01,38,25962,卖盘
1676,14:24:31,6.84,0.01,10,6840,买盘
1677,14:24:34,6.83,-0.01,2,1366,卖盘
1678,14:24:40,6.84,0.01,21,14364,买盘
1679,14:24:43,6.81,-0.03,367,250379,卖盘
1680,14:25:27,6.82,0.01,371,253053,卖盘
1681,14:25:31,6.82,0.0,41,27962,买盘
1682,14:25:34,6.82,0.0,2,1364,买盘
1683,14:25:37,6.82,0.0,5,3410,买盘
1684,14:25:40,6.82,0.0,5,3410,买盘
1685,14:25:45,6.82,0.0,1,682,买盘
1686,14:25:52,6.82,0.0,19,12958,买盘
1687,14:25:55,6.82,0.0,4,2728,买盘
1688,14:26:13,6.84,0.02,5,3420,买盘
1689,14:26:43,6.84,0.0,180,123120,买盘
1690,14:27:01,6.84,0.0,5,3420,买盘
1691,14:27:04,6.84,0.0,48,32832,买盘
1692,14:27:07,6.84,0.0,14,9576,卖盘
1693,14:27:22,6.85,0.01,42,28770,买盘
1694,14:27:46,6.86,0.01,86,58996,买盘
1695,14:27:51,6.85,-0.01,53,36305,卖盘
1696,14:27:55,6.85,0.0,30,20550,卖盘
1697,14:28:01,6.85,0.0,94,64390,卖盘
1698,14:28:43,6.86,0.01,15,10290,买盘
1699,14:28:58,6.86,0.0,20,13720,买盘
1700,14:29:10,6.86,0.0,48,32928,买盘
1701,14:29:22,6.86,0.0,80,54880,卖盘
1702,14:29:27,6.86,0.0,8,5488,卖盘
1703,14:29:31,6.87,0.01,10,6868,买盘
1704,14:29:52,6.85,-0.02,70,47950,卖盘
1705,14:30:01,6.86,0.01,24,16464,买盘
1706,14:30:07,6.86,0.0,6,4116,卖盘
1707,14:30:13,6.86,0.0,5,3430,买盘
1708,14:30:34,6.85,-0.01,43,29455,卖盘
1709,14:30:40,6.85,0.0,20,13700,买盘
1710,14:30:42,6.85,0.0,21,14385,买盘
1711,14:30:58,6.85,0.0,46,31510,买盘
1712,14:31:04,6.85,0.0,14,9590,卖盘
1713,14:31:13,6.84,-0.01,5,3420,卖盘
1714,14:31:19,6.85,0.01,20,13700,买盘
1715,14:31:22,6.85,0.0,10,6850,买盘
1716,14:31:55,6.85,0.0,30,20550,买盘
1717,14:32:04,6.82,-0.03,500,341678,卖盘
1718,14:32:40,6.83,0.01,5,3415,卖盘
1719,14:32:46,6.83,0.0,2,1366,卖盘
1720,14:33:22,6.83,0.0,15,10245,卖盘
1721,14:33:25,6.83,0.0,17,11611,卖盘
1722,14:33:28,6.83,0.0,9,6147,买盘
1723,14:33:52,6.83,0.0,10,6830,买盘
1724,14:33:55,6.82,-0.01,25,17070,卖盘
1725,14:34:04,6.83,0.01,10,6830,买盘
1726,14:34:16,6.83,0.0,6,4098,买盘
1727,14:34:28,6.83,0.0,8,5464,买盘
1728,14:34:42,6.83,0.0,5,3415,买盘
1729,14:34:46,6.83,0.0,4,2732,买盘
1730,14:35:13,6.83,0.0,10,6830,买盘
1731,14:35:28,6.83,0.0,30,20490,买盘
1732,14:35:37,6.83,0.0,1,683,买盘
1733,14:35:40,6.83,0.0,189,129087,买盘
1734,14:35:45,6.83,0.0,2,1366,卖盘
1735,14:35:48,6.83,0.0,10,6830,卖盘
1736,14:36:04,6.83,0.0,39,26637,卖盘
1737,14:36:10,6.82,-0.01,524,357665,卖盘
1738,14:36:37,6.82,0.0,34,23188,卖盘
1739,14:36:43,6.83,0.01,36,24553,买盘
1740,14:36:49,6.83,0.0,8,5464,买盘
1741,14:37:00,6.82,-0.01,130,88660,卖盘
1742,14:37:22,6.82,0.0,103,70082,卖盘
1743,14:37:25,6.82,0.0,75,51150,买盘
1744,14:37:28,6.82,0.0,1,682,买盘
1745,14:37:31,6.82,0.0,11,7502,买盘
1746,14:37:37,6.82,0.0,11,7502,买盘
1747,14:37:39,6.82,0.0,29,19942,买盘
1748,14:37:49,6.82,0.0,49,33254,卖盘
1749,14:37:52,6.82,0.0,22,15004,买盘
1750,14:37:58,6.83,0.01,30,20461,买盘
1751,14:38:22,6.83,0.0,11,7513,买盘
1752,14:38:31,6.83,0.0,5,3415,买盘
1753,14:38:46,6.83,0.0,8,5464,买盘
1754,14:38:52,6.83,0.0,5,3415,买盘
1755,14:39:01,6.83,0.0,3,2049,买盘
1756,14:39:04,6.83,0.0,9,6147,买盘
1757,14:39:07,6.84,0.01,85,58100,买盘
1758,14:39:19,6.84,0.0,10,6840,买盘
1759,14:39:28,6.84,0.0,10,6840,买盘
1760,14:39:31,6.84,0.0,11,7524,买盘
1761,14:39:40,6.84,0.0,30,20520,买盘
1762,14:40:01,6.84,0.0,50,34364,买盘
1763,14:40:31,6.84,0.0,10,6840,卖盘
1764,14:40:34,6.84,0.0,5,3420,卖盘
1765,14:40:46,6.85,0.01,7,4795,买盘
1766,14:40:49,6.84,-0.01,100,68400,卖盘
1767,14:40:55,6.85,0.01,5,3425,买盘
1768,14:41:10,6.85,0.0,1,685,买盘
1769,14:41:13,6.85,0.0,82,56170,买盘
1770,14:41:16,6.85,0.0,8,5480,买盘
1771,14:41:22,6.85,0.0,5,3425,买盘
1772,14:41:31,6.85,0.0,12,8220,买盘
1773,14:41:46,6.85,0.0,1,685,买盘
1774,14:41:49,6.84,-0.01,2,1368,卖盘
1775,14:41:55,6.84,0.0,10,6840,卖盘
1776,14:41:58,6.84,0.0,20,13680,卖盘
1777,14:42:13,6.84,0.0,2,1368,卖盘
1778,14:42:19,6.84,0.0,147,100384,卖盘
1779,14:42:28,6.84,0.0,27,18632,买盘
1780,14:42:34,6.85,0.01,7,4795,买盘
1781,14:42:52,6.85,0.0,1,685,买盘
1782,14:43:01,6.85,0.0,1,685,买盘
1783,14:43:07,6.85,0.0,44,30140,买盘
1784,14:43:22,6.84,-0.01,25,17100,卖盘
1785,14:43:25,6.85,0.01,25,17125,买盘
1786,14:43:31,6.85,0.0,4,2740,买盘
1787,14:43:37,6.85,0.0,9,6165,买盘
1788,14:43:40,6.84,-0.01,7,4788,卖盘
1789,14:43:43,6.84,0.0,6,4104,买盘
1790,14:43:46,6.84,0.0,1,684,卖盘
1791,14:43:49,6.85,0.01,3,2055,买盘
1792,14:43:58,6.84,-0.01,11,7524,卖盘
1793,14:44:01,6.84,0.0,9,6156,卖盘
1794,14:44:04,6.84,0.0,2,1368,中性盘
1795,14:44:07,6.84,0.0,48,32832,买盘
1796,14:44:13,6.84,0.0,37,25308,卖盘
1797,14:44:28,6.84,0.0,3,2052,卖盘
1798,14:44:34,6.84,0.0,30,20520,卖盘
1799,14:44:45,6.84,0.0,77,52668,卖盘
1800,14:44:52,6.84,0.0,60,41040,卖盘
1801,14:45:01,6.85,0.01,20,13700,买盘
1802,14:45:04,6.84,-0.01,52,35568,卖盘
1803,14:45:07,6.84,0.0,26,17784,买盘
1804,14:45:16,6.84,0.0,1,684,买盘
1805,14:45:31,6.83,-0.01,2,1366,卖盘
1806,14:46:04,6.83,0.0,9,6147,卖盘
1807,14:46:07,6.84,0.01,123,84132,买盘
1808,14:46:10,6.84,0.0,120,82080,买盘
1809,14:46:16,6.84,0.0,20,13680,买盘
1810,14:46:19,6.84,0.0,276,188784,买盘
1811,14:46:34,6.85,0.01,4,2740,买盘
1812,14:46:43,6.84,-0.01,54,36936,卖盘
1813,14:46:46,6.85,0.01,10,6850,买盘
1814,14:47:04,6.85,0.0,82,56170,买盘
1815,14:47:07,6.84,-0.01,1,684,卖盘
1816,14:47:13,6.84,0.0,50,34200,卖盘
1817,14:47:16,6.84,0.0,144,98496,卖盘
1818,14:47:22,6.84,0.0,10,6840,卖盘
1819,14:47:28,6.84,0.0,2,1368,卖盘
1820,14:47:37,6.84,0.0,100,68400,卖盘
1821,14:47:46,6.85,0.01,10,6850,买盘
1822,14:48:01,6.85,0.0,40,27400,买盘
1823,14:48:22,6.85,0.0,20,13700,买盘
1824,14:48:40,6.85,0.0,6,4110,买盘
1825,14:48:52,6.85,0.0,13,8905,买盘
1826,14:48:55,6.85,0.0,73,50005,买盘
1827,14:49:01,6.84,-0.01,5,3420,卖盘
1828,14:49:13,6.85,0.01,155,106075,买盘
1829,14:49:19,6.84,-0.01,1,684,卖盘
1830,14:49:22,6.84,0.0,32,21888,卖盘
1831,14:49:25,6.84,0.0,4,2736,卖盘
1832,14:49:28,6.85,0.01,4,2740,买盘
1833,14:49:40,6.84,-0.01,77,52668,卖盘
1834,14:49:43,6.85,0.01,5,3425,买盘
1835,14:49:58,6.85,0.0,5,3425,买盘
1836,14:50:01,6.84,-0.01,24,16416,卖盘
1837,14:50:04,6.84,0.0,12,8208,卖盘
1838,14:50:13,6.84,0.0,30,20520,卖盘
1839,14:50:22,6.84,0.0,5,3421,卖盘
1840,14:50:25,6.85,0.01,150,102750,买盘
1841,14:50:28,6.85,0.0,10,6850,买盘
1842,14:50:34,6.85,0.0,5,3425,买盘
1843,14:50:37,6.85,0.0,146,99910,买盘
1844,14:50:49,6.85,0.0,30,20550,买盘
1845,14:50:52,6.84,-0.01,24,16416,卖盘
1846,14:51:01,6.85,0.01,12,8213,买盘
1847,14:51:10,6.85,0.0,6,4110,买盘
1848,14:51:13,6.84,-0.01,3,2052,卖盘
1849,14:51:16,6.85,0.01,20,13700,买盘
1850,14:51:19,6.85,0.0,10,6850,买盘
1851,14:51:28,6.84,-0.01,62,42438,卖盘
1852,14:51:31,6.84,0.0,18,12312,卖盘
1853,14:51:37,6.85,0.01,5,3425,买盘
1854,14:51:40,6.85,0.0,19,13015,买盘
1855,14:51:43,6.85,0.0,100,68500,买盘
1856,14:51:46,6.84,-0.01,200,136900,卖盘
1857,14:51:49,6.85,0.01,30,20550,买盘
1858,14:51:52,6.85,0.0,94,64390,买盘
1859,14:52:05,6.85,0.0,72,49320,卖盘
1860,14:52:07,6.85,0.0,31,21235,卖盘
1861,14:52:19,6.85,0.0,2,1370,卖盘
1862,14:52:31,6.85,0.0,31,21235,卖盘
1863,14:52:43,6.86,0.01,5,3430,买盘
1864,14:52:49,6.85,-0.01,70,47950,卖盘
1865,14:52:52,6.86,0.01,7,4802,买盘
1866,14:53:04,6.85,-0.01,15,10275,卖盘
1867,14:53:07,6.85,0.0,10,6850,卖盘
1868,14:53:13,6.85,0.0,20,13700,买盘
1869,14:53:19,6.84,-0.01,5,3420,卖盘
1870,14:53:25,6.85,0.01,30,20550,买盘
1871,14:53:28,6.86,0.01,50,34300,买盘
1872,14:53:31,6.85,-0.01,4,2740,卖盘
1873,14:53:34,6.85,0.0,47,32195,卖盘
1874,14:53:37,6.84,-0.01,22,15054,卖盘
1875,14:53:40,6.85,0.01,59,40415,买盘
1876,14:53:52,6.84,-0.01,20,13680,卖盘
1877,14:53:58,6.85,0.01,1,685,买盘
1878,14:54:01,6.85,0.0,13,8905,买盘
1879,14:54:16,6.84,-0.01,6,4104,卖盘
1880,14:54:19,6.85,0.01,50,34250,买盘
1881,14:54:22,6.85,0.0,10,6850,买盘
1882,14:54:25,6.84,-0.01,93,63622,卖盘
1883,14:54:31,6.84,0.0,9,6156,卖盘
1884,14:54:34,6.85,0.01,5,3425,买盘
1885,14:54:40,6.84,-0.01,5,3421,卖盘
1886,14:54:43,6.85,0.01,4,2740,买盘
1887,14:54:49,6.85,0.0,10,6850,买盘
1888,14:54:55,6.85,0.0,18,12330,买盘
1889,14:54:58,6.84,-0.01,30,20520,卖盘
1890,14:55:01,6.84,0.0,153,104657,卖盘
1891,14:55:07,6.84,0.0,15,10260,卖盘
1892,14:55:13,6.84,0.0,6,4104,卖盘
1893,14:55:16,6.84,0.0,4,2736,卖盘
1894,14:55:19,6.84,0.0,214,146376,卖盘
1895,14:55:22,6.85,0.01,49,33555,买盘
1896,14:55:25,6.84,-0.01,60,41040,卖盘
1897,14:55:28,6.85,0.01,57,39045,买盘
1898,14:55:31,6.84,-0.01,3,2052,卖盘
1899,14:55:34,6.85,0.01,95,65025,买盘
1900,14:55:37,6.84,-0.01,259,177156,卖盘
1901,14:55:43,6.85,0.01,10,6850,买盘
1902,14:55:46,6.84,-0.01,112,76608,卖盘
1903,14:55:49,6.84,0.0,9,6156,买盘
1904,14:55:58,6.84,0.0,47,32148,买盘
1905,14:56:01,6.84,0.0,54,36936,买盘
1906,14:56:04,6.85,0.01,94,64327,买盘
1907,14:56:07,6.85,0.0,1,685,买盘
1908,14:56:13,6.85,0.0,20,13700,买盘
1909,14:56:16,6.84,-0.01,20,13680,卖盘
1910,14:56:22,6.84,0.0,170,116280,卖盘
1911,14:56:28,6.84,0.0,50,34200,卖盘
1912,14:56:46,6.84,0.0,80,54720,卖盘
1913,14:56:49,6.84,0.0,29,19838,卖盘
1914,14:56:52,6.85,0.01,10,6850,买盘
1915,14:56:58,6.84,-0.01,10,6840,卖盘
1916,15:00:05,6.84,0.0,1348,922032,卖盘
