,time,price,change,volume,amount,type
0,09:25:04,2.7,-0.05,3079,831330,卖盘
1,09:30:04,2.69,-0.01,2493,672768,卖盘
2,09:30:07,2.7,0.01,861,231805,买盘
3,09:30:09,2.69,-0.01,203,54607,中性盘
4,09:30:12,2.69,0.0,109,29321,买盘
5,09:30:15,2.68,-0.01,65,17435,卖盘
6,09:30:19,2.69,0.01,31,8339,买盘
7,09:30:21,2.68,-0.01,332,88976,卖盘
8,09:30:24,2.68,0.0,525,140714,卖盘
9,09:30:28,2.69,0.01,46,12354,买盘
10,09:30:30,2.68,-0.01,191,51214,卖盘
11,09:30:33,2.69,0.01,315,84694,买盘
12,09:30:37,2.69,0.0,45,12079,买盘
13,09:30:40,2.68,-0.01,56,15026,卖盘
14,09:30:43,2.69,0.01,75,20175,买盘
15,09:30:45,2.68,-0.01,83,22256,卖盘
16,09:30:48,2.67,-0.01,2504,670128,卖盘
17,09:30:52,2.68,0.01,49,13132,中性盘
18,09:30:55,2.69,0.01,153,41058,买盘
19,09:30:58,2.67,-0.02,20,5340,卖盘
20,09:31:06,2.69,0.02,450,120872,买盘
21,09:31:09,2.69,0.0,41,11027,买盘
22,09:31:13,2.69,0.0,247,66296,买盘
23,09:31:16,2.67,-0.02,54,14452,卖盘
24,09:31:18,2.68,0.01,302,80936,买盘
25,09:31:22,2.68,0.0,72,19317,卖盘
26,09:31:24,2.68,0.0,110,29480,卖盘
27,09:31:27,2.68,0.0,24,6432,卖盘
28,09:31:30,2.68,0.0,205,54958,卖盘
29,09:31:33,2.69,0.01,24,6456,买盘
30,09:31:36,2.69,0.0,45,12073,买盘
31,09:31:40,2.68,-0.01,40,10730,卖盘
32,09:31:43,2.69,0.01,28,7532,买盘
33,09:31:46,2.69,0.0,158,42365,买盘
34,09:31:49,2.69,0.0,56,15021,买盘
35,09:31:52,2.68,-0.01,187,50140,卖盘
36,09:31:54,2.69,0.01,182,48778,买盘
37,09:31:57,2.68,-0.01,112,30066,卖盘
38,09:32:07,2.69,0.01,21,5629,买盘
39,09:32:09,2.69,0.0,52,13948,买盘
40,09:32:13,2.68,-0.01,266,71288,卖盘
41,09:32:16,2.68,0.0,27,7243,卖盘
42,09:32:19,2.69,0.01,26,6994,买盘
43,09:32:27,2.69,0.0,70,18787,买盘
44,09:32:37,2.68,-0.01,20,5360,卖盘
45,09:32:43,2.68,0.0,253,67817,卖盘
46,09:32:45,2.68,0.0,20,5360,卖盘
47,09:32:48,2.68,0.0,28,7510,卖盘
48,09:32:51,2.68,0.0,315,84453,卖盘
49,09:32:57,2.69,0.01,33,8857,买盘
50,09:33:06,2.69,0.0,41,11009,买盘
51,09:33:09,2.68,-0.01,305,81740,卖盘
52,09:33:12,2.68,0.0,388,103984,卖盘
53,09:33:16,2.68,0.0,266,71334,卖盘
54,09:33:18,2.69,0.01,27,7243,买盘
55,09:33:21,2.68,-0.01,28,7504,卖盘
56,09:33:25,2.68,0.0,65,17445,卖盘
57,09:33:27,2.69,0.01,45,12085,买盘
58,09:33:31,2.68,-0.01,214,57352,卖盘
59,09:33:33,2.68,0.0,86,23048,买盘
60,09:33:37,2.68,0.0,20,5360,卖盘
61,09:33:40,2.69,0.01,155,41653,买盘
62,09:33:43,2.69,0.0,15,4034,买盘
63,09:33:46,2.68,-0.01,34,9112,卖盘
64,09:33:48,2.68,0.0,6,1608,卖盘
65,09:33:51,2.69,0.01,143,38458,买盘
66,09:33:58,2.69,0.0,37,9933,买盘
67,09:34:00,2.69,0.0,1,269,买盘
68,09:34:04,2.68,-0.01,41,11009,卖盘
69,09:34:07,2.68,0.0,51,13699,卖盘
70,09:34:09,2.68,0.0,5,1340,卖盘
71,09:34:12,2.69,0.01,13,3497,买盘
72,09:34:16,2.68,-0.01,27,7243,卖盘
73,09:34:19,2.69,0.01,407,109077,买盘
74,09:34:22,2.69,0.0,113,30297,买盘
75,09:34:25,2.68,-0.01,14,3752,卖盘
76,09:34:27,2.68,0.0,20,5360,卖盘
77,09:34:33,2.69,0.01,19,5111,买盘
78,09:34:36,2.69,0.0,79,21231,买盘
79,09:34:40,2.68,-0.01,77,20676,卖盘
80,09:34:43,2.69,0.01,7,1883,买盘
81,09:34:46,2.68,-0.01,59,15812,卖盘
82,09:34:48,2.69,0.01,44,11836,买盘
83,09:34:52,2.68,-0.01,10,2680,卖盘
84,09:34:55,2.68,0.0,72,19296,卖盘
85,09:34:57,2.69,0.01,104,27956,买盘
86,09:35:01,2.69,0.0,40,10723,买盘
87,09:35:04,2.69,0.0,19,5111,买盘
88,09:35:06,2.69,0.0,87,23382,买盘
89,09:35:09,2.69,0.0,255,68595,买盘
90,09:35:13,2.69,0.0,145,39005,买盘
91,09:35:16,2.7,0.01,685,184291,买盘
92,09:35:18,2.69,-0.01,3,807,卖盘
93,09:35:21,2.69,0.0,63,16947,卖盘
94,09:35:27,2.7,0.01,159,42807,买盘
95,09:35:30,2.7,0.0,43,11580,买盘
96,09:35:36,2.69,-0.01,29,7801,卖盘
97,09:35:45,2.69,0.0,21,5649,卖盘
98,09:35:57,2.69,0.0,21,5649,卖盘
99,09:36:04,2.7,0.01,21,5670,买盘
100,09:36:06,2.7,0.0,1026,276000,买盘
101,09:36:10,2.69,-0.01,104,27976,卖盘
102,09:36:13,2.69,0.0,504,136076,卖盘
103,09:36:16,2.69,0.0,34,9160,卖盘
104,09:36:24,2.69,0.0,1,269,卖盘
105,09:36:28,2.69,0.0,20,5380,卖盘
106,09:36:30,2.7,0.01,39,10498,买盘
107,09:36:37,2.69,-0.01,20,5380,卖盘
108,09:36:39,2.7,0.01,19,5130,买盘
109,09:36:46,2.69,-0.01,20,5380,卖盘
110,09:36:49,2.69,0.0,1,269,卖盘
111,09:36:57,2.69,0.0,141,37936,卖盘
112,09:37:01,2.7,0.01,14,3780,买盘
113,09:37:07,2.7,0.0,56,15100,买盘
114,09:37:09,2.7,0.0,13,3510,买盘
115,09:37:13,2.7,0.0,60,16198,买盘
116,09:37:16,2.69,-0.01,21,5650,卖盘
117,09:37:19,2.69,0.0,10,2690,卖盘
118,09:37:24,2.69,0.0,1,269,卖盘
119,09:37:27,2.69,0.0,20,5380,卖盘
120,09:37:31,2.69,0.0,1571,422606,卖盘
121,09:37:34,2.69,0.0,49,13183,卖盘
122,09:37:36,2.69,0.0,602,161917,卖盘
123,09:37:43,2.68,-0.01,119,31899,卖盘
124,09:37:45,2.68,0.0,21,5628,卖盘
125,09:37:48,2.68,0.0,103,27604,卖盘
126,09:37:57,2.68,0.0,25,6700,卖盘
127,09:38:00,2.69,0.01,7,1883,买盘
128,09:38:04,2.68,-0.01,16,4288,卖盘
129,09:38:06,2.69,0.01,22,5898,买盘
130,09:38:09,2.68,-0.01,1000,268000,卖盘
131,09:38:12,2.68,0.0,23,6178,卖盘
132,09:38:16,2.68,0.0,27,7243,卖盘
133,09:38:22,2.68,0.0,292,78302,卖盘
134,09:38:24,2.68,0.0,519,139092,卖盘
135,09:38:27,2.68,0.0,29,7751,买盘
136,09:38:30,2.68,0.0,222,59495,买盘
137,09:38:33,2.68,0.0,4,1072,买盘
138,09:38:36,2.68,0.0,153,41247,买盘
139,09:38:40,2.67,-0.01,137,36450,卖盘
140,09:38:43,2.68,0.01,3,804,买盘
141,09:38:46,2.67,-0.01,20,5511,卖盘
142,09:38:48,2.67,0.0,1,267,卖盘
143,09:38:51,2.68,0.01,1500,401000,买盘
144,09:38:57,2.67,-0.01,50,13380,卖盘
145,09:39:00,2.68,0.01,14,3752,买盘
146,09:39:03,2.68,0.0,7,1876,买盘
147,09:39:07,2.68,0.0,29,7752,买盘
148,09:39:13,2.68,0.0,12,3216,买盘
149,09:39:16,2.67,-0.01,28,7478,卖盘
150,09:39:21,2.67,0.0,16,4272,卖盘
151,09:39:25,2.68,0.01,43,11524,买盘
152,09:39:28,2.67,-0.01,120,32040,卖盘
153,09:39:31,2.68,0.01,21,5628,买盘
154,09:39:33,2.68,0.0,84,22512,买盘
155,09:39:37,2.67,-0.01,20,5340,卖盘
156,09:39:39,2.68,0.01,32,8576,买盘
157,09:39:45,2.67,-0.01,20,5340,卖盘
158,09:39:48,2.67,0.0,20,5340,卖盘
159,09:39:51,2.67,0.0,718,191714,卖盘
160,09:39:55,2.68,0.01,13,3484,买盘
161,09:39:58,2.68,0.0,247,66031,买盘
162,09:40:00,2.68,0.0,78,20904,买盘
163,09:40:06,2.67,-0.01,31,8288,卖盘
164,09:40:10,2.68,0.01,89,23849,买盘
165,09:40:12,2.68,0.0,158,42344,买盘
166,09:40:16,2.68,0.0,723,193759,买盘
167,09:40:19,2.69,0.01,104,27976,买盘
168,09:40:22,2.69,0.0,31,8339,买盘
169,09:40:24,2.68,-0.01,56,15008,卖盘
170,09:40:27,2.68,0.0,226,60594,卖盘
171,09:40:33,2.69,0.01,36,9684,买盘
172,09:40:36,2.68,-0.01,44,11816,卖盘
173,09:40:40,2.69,0.01,20,5380,买盘
174,09:40:43,2.68,-0.01,226,60608,卖盘
175,09:40:46,2.68,0.0,37,9933,卖盘
176,09:40:52,2.69,0.01,26,6994,买盘
177,09:40:58,2.68,-0.01,20,5360,卖盘
178,09:41:00,2.69,0.01,25,6725,买盘
179,09:41:04,2.69,0.0,39,10491,买盘
180,09:41:06,2.69,0.0,332,89288,买盘
181,09:41:09,2.69,0.0,4,1076,买盘
182,09:41:13,2.69,0.0,35,9415,买盘
183,09:41:16,2.68,-0.01,81,21769,卖盘
184,09:41:18,2.69,0.01,15,4035,买盘
185,09:41:21,2.69,0.0,116,31204,买盘
186,09:41:25,2.69,0.0,35,9415,卖盘
187,09:41:28,2.69,0.0,21,5629,买盘
188,09:41:31,2.69,0.0,50,13450,买盘
189,09:41:33,2.69,0.0,110,29590,买盘
190,09:41:36,2.68,-0.01,33,8857,卖盘
191,09:41:40,2.69,0.01,15,4035,买盘
192,09:41:43,2.68,-0.01,207,55483,卖盘
193,09:41:45,2.69,0.01,296,79624,买盘
194,09:41:48,2.69,0.0,63,16947,卖盘
195,09:41:51,2.69,0.0,115,30935,卖盘
196,09:41:58,2.68,-0.01,67,18014,卖盘
197,09:42:04,2.69,0.01,40,10721,买盘
198,09:42:07,2.68,-0.01,20,5366,卖盘
199,09:42:10,2.69,0.01,1,269,中性盘
200,09:42:13,2.68,-0.01,1651,442475,卖盘
201,09:42:16,2.68,0.0,35,9395,卖盘
202,09:42:18,2.69,0.01,7,1883,买盘
203,09:42:22,2.69,0.0,31,8309,买盘
204,09:42:25,2.69,0.0,8,2152,买盘
205,09:42:27,2.68,-0.01,50,13400,卖盘
206,09:42:31,2.69,0.01,60,16110,买盘
207,09:42:34,2.68,-0.01,48,12882,卖盘
208,09:42:36,2.68,0.0,36,9648,卖盘
209,09:42:43,2.68,0.0,128,34304,卖盘
210,09:42:45,2.68,0.0,26,6974,卖盘
211,09:42:48,2.69,0.01,13,3497,买盘
212,09:42:52,2.69,0.0,7,1883,买盘
213,09:42:55,2.69,0.0,1,269,买盘
214,09:42:58,2.68,-0.01,20,5360,卖盘
215,09:43:01,2.68,0.0,1273,341169,卖盘
216,09:43:06,2.67,-0.01,20,5340,卖盘
217,09:43:09,2.68,0.01,25,6700,买盘
218,09:43:12,2.68,0.0,153,41004,买盘
219,09:43:15,2.68,0.0,73,19559,买盘
220,09:43:18,2.68,0.0,4,1072,卖盘
221,09:43:21,2.68,0.0,171,45828,卖盘
222,09:43:24,2.68,0.0,53,14209,卖盘
223,09:43:28,2.68,0.0,79,21152,买盘
224,09:43:31,2.68,0.0,81,21703,买盘
225,09:43:37,2.67,-0.01,39,10437,卖盘
226,09:43:40,2.68,0.01,98,26174,买盘
227,09:43:43,2.68,0.0,47,12596,买盘
228,09:43:45,2.68,0.0,40,10700,买盘
229,09:43:49,2.68,0.0,9,2412,买盘
230,09:43:51,2.68,0.0,6,1608,买盘
231,09:43:54,2.68,0.0,11,2948,买盘
232,09:43:58,2.68,0.0,239,63820,买盘
233,09:44:01,2.68,0.0,13,3484,买盘
234,09:44:04,2.68,0.0,7,1876,买盘
235,09:44:06,2.68,0.0,22,5876,买盘
236,09:44:09,2.68,0.0,3,804,买盘
237,09:44:13,2.68,0.0,127,34031,买盘
238,09:44:16,2.68,0.0,25,6701,卖盘
239,09:44:22,2.69,0.01,1,269,买盘
240,09:44:24,2.68,-0.01,13,3484,卖盘
241,09:44:27,2.68,0.0,20,5360,卖盘
242,09:44:30,2.69,0.01,1,269,买盘
243,09:44:34,2.69,0.0,1,269,买盘
244,09:44:37,2.69,0.0,23,6167,买盘
245,09:44:39,2.69,0.0,33,8877,买盘
246,09:44:42,2.69,0.0,50,13450,买盘
247,09:44:45,2.68,-0.01,34,9126,卖盘
248,09:44:57,2.68,0.0,453,121404,卖盘
249,09:45:06,2.68,0.0,27,7237,卖盘
250,09:45:10,2.69,0.01,25,6725,买盘
251,09:45:13,2.69,0.0,87,23403,买盘
252,09:45:16,2.69,0.0,241,64809,买盘
253,09:45:19,2.69,0.0,1007,269883,买盘
254,09:45:22,2.69,0.0,44,11836,买盘
255,09:45:28,2.68,-0.01,20,5360,卖盘
256,09:45:31,2.68,0.0,106,28408,卖盘
257,09:45:33,2.69,0.01,4,1076,买盘
258,09:45:36,2.68,-0.01,20,5360,卖盘
259,09:45:40,2.68,0.0,71,19053,卖盘
260,09:45:46,2.69,0.01,40,10740,买盘
261,09:45:48,2.69,0.0,30,8070,买盘
262,09:45:57,2.68,-0.01,20,5360,卖盘
263,09:46:04,2.69,0.01,23,6187,买盘
264,09:46:06,2.68,-0.01,21,5629,卖盘
265,09:46:10,2.69,0.01,79,21251,买盘
266,09:46:12,2.69,0.0,27,7263,买盘
267,09:46:15,2.69,0.0,21,5629,买盘
268,09:46:19,2.69,0.0,44,11836,买盘
269,09:46:25,2.69,0.0,14,3753,买盘
270,09:46:28,2.68,-0.01,20,5360,卖盘
271,09:46:37,2.68,0.0,21,5629,卖盘
272,09:46:40,2.69,0.01,45,12105,买盘
273,09:46:42,2.69,0.0,5,1345,买盘
274,09:46:45,2.68,-0.01,20,5360,卖盘
275,09:46:49,2.69,0.01,7,1883,买盘
276,09:46:52,2.68,-0.01,37,9916,卖盘
277,09:46:55,2.69,0.01,24,6456,买盘
278,09:46:58,2.69,0.0,22,5898,买盘
279,09:47:04,2.69,0.0,29,7801,买盘
280,09:47:06,2.68,-0.01,20,5360,卖盘
281,09:47:09,2.69,0.01,63,16935,买盘
282,09:47:16,2.69,0.0,21,5629,买盘
283,09:47:19,2.69,0.0,60,16140,买盘
284,09:47:22,2.69,0.0,1,269,买盘
285,09:47:28,2.68,-0.01,20,5360,卖盘
286,09:47:36,2.68,0.0,20,5360,卖盘
287,09:47:39,2.69,0.01,22,5918,买盘
288,09:47:46,2.68,-0.01,47,12603,卖盘
289,09:47:49,2.69,0.01,13,3497,买盘
290,09:47:58,2.68,-0.01,20,5360,卖盘
291,09:48:04,2.68,0.0,5,1340,卖盘
292,09:48:06,2.68,0.0,20,5360,卖盘
293,09:48:09,2.69,0.01,14,3766,买盘
294,09:48:12,2.69,0.0,7,1883,买盘
295,09:48:15,2.69,0.0,27,7243,买盘
296,09:48:28,2.69,0.0,30,8050,买盘
297,09:48:36,2.68,-0.01,47,12596,卖盘
298,09:48:42,2.69,0.01,38,10222,买盘
299,09:48:46,2.68,-0.01,35,9395,卖盘
300,09:48:49,2.69,0.01,1,269,买盘
301,09:48:52,2.69,0.0,147,39543,买盘
302,09:48:55,2.69,0.0,4,1076,买盘
303,09:48:58,2.69,0.0,22,5898,买盘
304,09:49:01,2.69,0.0,63,16947,买盘
305,09:49:04,2.69,0.0,23,6187,买盘
306,09:49:06,2.68,-0.01,20,5360,卖盘
307,09:49:09,2.69,0.01,184,49466,买盘
308,09:49:13,2.69,0.0,88,23672,买盘
309,09:49:16,2.69,0.0,29,7781,买盘
310,09:49:18,2.69,0.0,13,3497,买盘
311,09:49:24,2.69,0.0,262,70478,买盘
312,09:49:28,2.7,0.01,97,26085,买盘
313,09:49:37,2.69,-0.01,20,5380,卖盘
314,09:49:39,2.7,0.01,6,1620,买盘
315,09:49:42,2.7,0.0,22,5940,买盘
316,09:49:46,2.69,-0.01,35,9429,卖盘
317,09:49:49,2.7,0.01,6,1620,买盘
318,09:49:57,2.7,0.0,24,6460,买盘
319,09:50:04,2.7,0.0,6,1620,买盘
320,09:50:07,2.69,-0.01,20,5380,卖盘
321,09:50:10,2.69,0.0,21,5649,卖盘
322,09:50:15,2.7,0.01,59,15910,买盘
323,09:50:21,2.7,0.0,18,4860,买盘
324,09:50:25,2.7,0.0,24,6480,买盘
325,09:50:28,2.69,-0.01,20,5380,卖盘
326,09:50:31,2.7,0.01,4,1080,买盘
327,09:50:33,2.7,0.0,2,540,买盘
328,09:50:36,2.69,-0.01,20,5380,卖盘
329,09:50:40,2.7,0.01,20,5400,买盘
330,09:50:42,2.7,0.0,7,1890,买盘
331,09:50:46,2.69,-0.01,39,10491,卖盘
332,09:50:55,2.69,0.0,10,2690,卖盘
333,09:50:58,2.69,0.0,20,5380,卖盘
334,09:51:00,2.69,0.0,18,4842,卖盘
335,09:51:06,2.69,0.0,24,6456,卖盘
336,09:51:09,2.7,0.01,14,3780,买盘
337,09:51:12,2.69,-0.01,688,185087,卖盘
338,09:51:16,2.69,0.0,192,51634,卖盘
339,09:51:19,2.69,0.0,32,8608,买盘
340,09:51:22,2.69,0.0,26,6994,买盘
341,09:51:24,2.69,0.0,24,6456,买盘
342,09:51:27,2.69,0.0,53,14237,买盘
343,09:51:34,2.69,0.0,10,2690,买盘
344,09:51:37,2.68,-0.01,20,5360,卖盘
345,09:51:42,2.69,0.01,103,27707,买盘
346,09:51:45,2.69,0.0,47,12623,买盘
347,09:51:48,2.69,0.0,153,41157,买盘
348,09:51:54,2.69,0.0,31,8339,买盘
349,09:51:58,2.69,0.0,75,20109,买盘
350,09:52:01,2.69,0.0,58,15602,买盘
351,09:52:04,2.69,0.0,13,3497,买盘
352,09:52:07,2.69,0.0,21,5629,买盘
353,09:52:10,2.69,0.0,2,538,买盘
354,09:52:12,2.69,0.0,8,2152,买盘
355,09:52:15,2.69,0.0,110,29570,买盘
356,09:52:22,2.69,0.0,6,1614,买盘
357,09:52:25,2.69,0.0,1,269,买盘
358,09:52:28,2.69,0.0,25,6705,买盘
359,09:52:37,2.68,-0.01,20,5360,卖盘
360,09:52:40,2.69,0.01,14,3766,买盘
361,09:52:42,2.69,0.0,37,9953,买盘
362,09:52:46,2.69,0.0,63,16927,买盘
363,09:52:49,2.68,-0.01,778,208504,卖盘
364,09:52:52,2.69,0.01,67,18023,买盘
365,09:52:58,2.68,-0.01,20,5360,卖盘
366,09:53:01,2.69,0.01,12,3228,买盘
367,09:53:06,2.69,0.0,33,8857,买盘
368,09:53:09,2.69,0.0,19,5111,买盘
369,09:53:13,2.69,0.0,2,538,买盘
370,09:53:15,2.69,0.0,354,95226,买盘
371,09:53:21,2.69,0.0,16,4304,卖盘
372,09:53:28,2.69,0.0,20,5380,卖盘
373,09:53:34,2.69,0.0,2,538,卖盘
374,09:53:36,2.69,0.0,20,5380,卖盘
375,09:53:39,2.69,0.0,1,269,卖盘
376,09:53:42,2.7,0.01,13,3506,买盘
377,09:53:46,2.69,-0.01,99,26649,卖盘
378,09:53:49,2.7,0.01,7,1890,买盘
379,09:53:52,2.69,-0.01,4,1076,卖盘
380,09:53:55,2.69,0.0,2,538,卖盘
381,09:53:58,2.69,0.0,21,5649,卖盘
382,09:54:01,2.69,0.0,21,5649,卖盘
383,09:54:04,2.69,0.0,12,3237,卖盘
384,09:54:06,2.69,0.0,352,94718,卖盘
385,09:54:09,2.7,0.01,7,1889,买盘
386,09:54:13,2.7,0.0,37,9960,买盘
387,09:54:16,2.69,-0.01,42,11320,卖盘
388,09:54:18,2.69,0.0,15,4048,卖盘
389,09:54:25,2.69,0.0,168,45192,卖盘
390,09:54:28,2.69,0.0,22,5918,卖盘
391,09:54:31,2.69,0.0,44,11851,卖盘
392,09:54:33,2.69,0.0,187,50303,卖盘
393,09:54:36,2.69,0.0,341,91729,卖盘
394,09:54:39,2.69,0.0,127,34184,卖盘
395,09:54:43,2.69,0.0,61,16409,卖盘
396,09:54:46,2.69,0.0,45,12105,卖盘
397,09:54:49,2.69,0.0,133,35783,卖盘
398,09:54:52,2.69,0.0,67,18023,卖盘
399,09:54:55,2.69,0.0,128,34432,卖盘
400,09:54:57,2.69,0.0,30,8050,买盘
401,09:55:06,2.68,-0.01,20,5360,卖盘
402,09:55:09,2.69,0.01,7,1883,买盘
403,09:55:13,2.69,0.0,100,26900,买盘
404,09:55:16,2.69,0.0,25,6725,卖盘
405,09:55:19,2.69,0.0,32,8608,卖盘
406,09:55:22,2.7,0.01,4,1078,买盘
407,09:55:24,2.69,-0.01,133,35777,卖盘
408,09:55:28,2.68,-0.01,65,17465,卖盘
409,09:55:36,2.69,0.01,40,10740,买盘
410,09:55:39,2.69,0.0,30,8070,买盘
411,09:55:43,2.69,0.0,1,269,买盘
412,09:55:46,2.68,-0.01,21,5628,卖盘
413,09:55:49,2.69,0.01,13,3497,买盘
414,09:55:58,2.68,-0.01,20,5360,卖盘
415,09:56:00,2.69,0.01,28,7532,买盘
416,09:56:06,2.68,-0.01,21,5628,卖盘
417,09:56:16,2.68,0.0,40,10740,卖盘
418,09:56:22,2.69,0.01,134,36046,买盘
419,09:56:24,2.69,0.0,24,6456,买盘
420,09:56:27,2.68,-0.01,20,5360,卖盘
421,09:56:33,2.69,0.01,20,5380,买盘
422,09:56:37,2.68,-0.01,20,5360,卖盘
423,09:56:40,2.68,0.0,10,2680,卖盘
424,09:56:43,2.69,0.01,57,15333,买盘
425,09:56:46,2.69,0.0,117,31453,买盘
426,09:56:51,2.68,-0.01,9,2412,卖盘
427,09:56:55,2.69,0.01,31,8339,买盘
428,09:56:57,2.69,0.0,76,20424,买盘
429,09:57:01,2.69,0.0,58,15602,买盘
430,09:57:04,2.68,-0.01,1,268,卖盘
431,09:57:06,2.68,0.0,20,5360,卖盘
432,09:57:10,2.69,0.01,12,3228,买盘
433,09:57:12,2.69,0.0,57,15333,买盘
434,09:57:15,2.68,-0.01,20,5360,卖盘
435,09:57:22,2.68,0.0,12,3216,卖盘
436,09:57:25,2.68,0.0,11,2948,卖盘
437,09:57:27,2.69,0.01,76,20424,买盘
438,09:57:33,2.68,-0.01,20,5360,卖盘
439,09:57:36,2.68,0.0,32,8588,卖盘
440,09:57:39,2.69,0.01,9,2421,买盘
441,09:57:43,2.69,0.0,78,20982,买盘
442,09:57:46,2.68,-0.01,54,14506,卖盘
443,09:57:51,2.68,0.0,482,129264,卖盘
444,09:57:55,2.69,0.01,334,89846,买盘
445,09:57:57,2.68,-0.01,75,20155,卖盘
446,09:58:01,2.69,0.01,20,5380,买盘
447,09:58:04,2.68,-0.01,35,9389,卖盘
448,09:58:06,2.68,0.0,20,5360,卖盘
449,09:58:09,2.69,0.01,121,32549,买盘
450,09:58:16,2.68,-0.01,20,5360,卖盘
451,09:58:19,2.68,0.0,84,22512,卖盘
452,09:58:22,2.68,0.0,1,268,卖盘
453,09:58:28,2.69,0.01,30,8050,买盘
454,09:58:33,2.7,0.01,4,1080,买盘
455,09:58:36,2.69,-0.01,22,5920,卖盘
456,09:58:40,2.69,0.0,30,8070,卖盘
457,09:58:46,2.7,0.01,27,7270,买盘
458,09:58:55,2.7,0.0,16,4320,买盘
459,09:58:58,2.69,-0.01,20,5380,卖盘
460,09:59:01,2.7,0.01,1,270,买盘
461,09:59:07,2.69,-0.01,20,5380,卖盘
462,09:59:09,2.7,0.01,6,1620,买盘
463,09:59:16,2.69,-0.01,24,6460,卖盘
464,09:59:18,2.7,0.01,40,10800,买盘
465,09:59:22,2.7,0.0,19,5114,买盘
466,09:59:24,2.7,0.0,8,2160,买盘
467,09:59:27,2.69,-0.01,21,5650,卖盘
468,09:59:31,2.69,0.0,1,269,卖盘
469,09:59:34,2.7,0.01,100,27000,买盘
470,09:59:37,2.69,-0.01,22,5918,卖盘
471,09:59:42,2.7,0.01,6,1620,买盘
472,09:59:46,2.69,-0.01,20,5380,卖盘
473,09:59:49,2.69,0.0,10,2690,卖盘
474,09:59:52,2.7,0.01,41,11070,买盘
475,09:59:57,2.69,-0.01,6,1614,卖盘
476,10:00:01,2.69,0.0,1,269,卖盘
477,10:00:04,2.69,0.0,23,6187,卖盘
478,10:00:06,2.69,0.0,1,269,卖盘
479,10:00:12,2.69,0.0,266,71554,卖盘
480,10:00:27,2.69,0.0,348,93612,卖盘
481,10:00:30,2.69,0.0,5,1345,买盘
482,10:00:33,2.69,0.0,17,4573,买盘
483,10:00:37,2.69,0.0,16,4304,买盘
484,10:00:40,2.68,-0.01,113,30294,卖盘
485,10:00:54,2.69,0.01,3,807,买盘
486,10:01:00,2.69,0.0,17,4573,买盘
487,10:01:04,2.68,-0.01,9,2420,卖盘
488,10:01:07,2.69,0.01,23,6166,买盘
489,10:01:09,2.69,0.0,7,1882,买盘
490,10:01:12,2.69,0.0,25,6705,买盘
491,10:01:37,2.69,0.0,20,5380,买盘
492,10:01:42,2.69,0.0,512,137728,买盘
493,10:01:45,2.68,-0.01,2,536,卖盘
494,10:01:55,2.69,0.01,17,4560,买盘
495,10:01:57,2.68,-0.01,48,12864,卖盘
496,10:02:04,2.68,0.0,3,805,卖盘
497,10:02:06,2.68,0.0,1,268,卖盘
498,10:02:12,2.69,0.01,10,2690,买盘
499,10:02:18,2.68,-0.01,2,536,卖盘
500,10:02:28,2.68,0.0,2,536,卖盘
501,10:02:34,2.69,0.01,231,62139,买盘
502,10:02:36,2.69,0.0,68,18292,卖盘
503,10:02:39,2.69,0.0,77,20713,卖盘
504,10:02:46,2.69,0.0,8,2152,卖盘
505,10:02:48,2.69,0.0,9,2421,卖盘
506,10:02:58,2.68,-0.01,43,11524,卖盘
507,10:03:00,2.69,0.01,27,7263,买盘
508,10:03:09,2.68,-0.01,47,12596,卖盘
509,10:03:16,2.68,0.0,2,536,卖盘
510,10:03:28,2.69,0.01,10,2690,买盘
511,10:03:34,2.69,0.0,25,6725,买盘
512,10:03:48,2.68,-0.01,47,12596,卖盘
513,10:03:51,2.69,0.01,1,269,买盘
514,10:04:07,2.69,0.0,13,3497,买盘
515,10:04:13,2.69,0.0,13,3497,买盘
516,10:04:18,2.69,0.0,26,6994,买盘
517,10:04:21,2.69,0.0,257,69023,买盘
518,10:04:31,2.69,0.0,53,14257,买盘
519,10:04:33,2.68,-0.01,22,5896,卖盘
520,10:04:43,2.68,0.0,11,2958,卖盘
521,10:04:55,2.69,0.01,381,102489,买盘
522,10:05:00,2.69,0.0,19,5111,买盘
523,10:05:07,2.68,-0.01,11,2948,卖盘
524,10:05:13,2.69,0.01,4,1076,买盘
525,10:05:18,2.69,0.0,75,20175,买盘
526,10:05:21,2.69,0.0,5,1345,买盘
527,10:05:28,2.69,0.0,138,37122,买盘
528,10:05:31,2.69,0.0,250,67250,买盘
529,10:05:34,2.69,0.0,98,26362,买盘
530,10:05:37,2.68,-0.01,173,46522,卖盘
531,10:05:40,2.69,0.01,59,15871,买盘
532,10:05:45,2.69,0.0,142,38198,买盘
533,10:05:51,2.69,0.0,16,4304,买盘
534,10:05:58,2.69,0.0,92,24748,买盘
535,10:06:01,2.69,0.0,18,4842,买盘
536,10:06:04,2.69,0.0,3,807,买盘
537,10:06:07,2.68,-0.01,26,6968,卖盘
538,10:06:10,2.68,0.0,2,536,卖盘
539,10:06:12,2.69,0.01,37,9953,买盘
540,10:06:18,2.68,-0.01,10,2680,卖盘
541,10:06:24,2.69,0.01,2,538,买盘
542,10:06:31,2.69,0.0,189,50841,买盘
543,10:06:34,2.69,0.0,21,5649,买盘
544,10:06:37,2.69,0.0,133,35777,买盘
545,10:06:40,2.69,0.0,84,22596,买盘
546,10:06:42,2.69,0.0,113,30397,买盘
547,10:06:45,2.69,0.0,22,5918,买盘
548,10:06:49,2.69,0.0,793,213317,买盘
549,10:06:52,2.69,0.0,7,1883,买盘
550,10:06:55,2.68,-0.01,24,6443,卖盘
551,10:06:58,2.69,0.01,9,2421,买盘
552,10:07:01,2.69,0.0,117,31458,买盘
553,10:07:04,2.68,-0.01,50,13400,卖盘
554,10:07:06,2.69,0.01,1,269,买盘
555,10:07:09,2.68,-0.01,88,23585,卖盘
556,10:07:13,2.69,0.01,10,2690,买盘
557,10:07:16,2.68,-0.01,1139,305220,卖盘
558,10:07:18,2.69,0.01,69,18561,买盘
559,10:07:21,2.69,0.0,120,32280,卖盘
560,10:07:31,2.69,0.0,23,6187,买盘
561,10:07:33,2.69,0.0,2,538,买盘
562,10:07:36,2.69,0.0,12,3228,买盘
563,10:07:58,2.69,0.0,360,96840,买盘
564,10:08:04,2.69,0.0,6,1614,卖盘
565,10:08:18,2.7,0.01,28,7560,买盘
566,10:08:27,2.7,0.0,10,2700,买盘
567,10:08:34,2.7,0.0,8,2160,买盘
568,10:08:46,2.69,-0.01,45,12105,卖盘
569,10:08:58,2.69,0.0,58,15602,卖盘
570,10:09:04,2.69,0.0,20,5380,卖盘
571,10:09:12,2.69,0.0,14,3766,卖盘
572,10:09:28,2.7,0.01,296,79920,买盘
573,10:09:30,2.7,0.0,27,7290,买盘
574,10:09:39,2.7,0.0,10,2700,买盘
575,10:09:49,2.7,0.0,7,1890,买盘
576,10:10:04,2.69,-0.01,1,269,卖盘
577,10:10:06,2.69,0.0,134,36046,卖盘
578,10:10:13,2.7,0.01,4,1080,买盘
579,10:10:15,2.7,0.0,15,4050,买盘
580,10:10:21,2.69,-0.01,82,22058,卖盘
581,10:10:25,2.69,0.0,36,9684,卖盘
582,10:10:27,2.7,0.01,66,17820,买盘
583,10:10:30,2.7,0.0,10,2700,买盘
584,10:10:42,2.69,-0.01,30,8070,卖盘
585,10:10:45,2.69,0.0,80,21520,卖盘
586,10:10:49,2.7,0.01,71,19102,买盘
587,10:10:52,2.69,-0.01,18,4842,卖盘
588,10:10:55,2.69,0.0,1,269,卖盘
589,10:10:58,2.7,0.01,13,3507,买盘
590,10:11:06,2.7,0.0,11,2969,买盘
591,10:11:16,2.69,-0.01,1,269,卖盘
592,10:11:19,2.69,0.0,30,8070,卖盘
593,10:11:22,2.69,0.0,11,2959,卖盘
594,10:11:24,2.69,0.0,28,7532,卖盘
595,10:11:28,2.69,0.0,13,3497,卖盘
596,10:11:30,2.7,0.01,33,8908,买盘
597,10:11:39,2.69,-0.01,1,269,卖盘
598,10:11:42,2.69,0.0,33,8877,卖盘
599,10:11:45,2.69,0.0,1,269,卖盘
600,10:11:48,2.7,0.01,4,1080,买盘
601,10:11:52,2.7,0.0,3,810,买盘
602,10:11:57,2.69,-0.01,47,12643,卖盘
603,10:12:04,2.69,0.0,1,269,卖盘
604,10:12:13,2.7,0.01,10,2700,买盘
605,10:12:31,2.7,0.0,21,5670,买盘
606,10:12:36,2.7,0.0,183,49408,买盘
607,10:12:42,2.69,-0.01,19,5129,卖盘
608,10:12:48,2.69,0.0,1,269,卖盘
609,10:12:55,2.69,0.0,7,1883,卖盘
610,10:12:58,2.7,0.01,10,2700,买盘
611,10:13:18,2.69,-0.01,32,8608,卖盘
612,10:13:24,2.69,0.0,2,538,卖盘
613,10:13:28,2.7,0.01,11,2969,买盘
614,10:13:33,2.69,-0.01,5,1349,卖盘
615,10:13:39,2.7,0.01,4,1080,买盘
616,10:13:42,2.7,0.0,37,9990,买盘
617,10:13:45,2.69,-0.01,29,7801,卖盘
618,10:13:55,2.69,0.0,2,538,卖盘
619,10:14:04,2.69,0.0,23,6187,卖盘
620,10:14:09,2.7,0.01,50,13487,买盘
621,10:14:15,2.69,-0.01,127,34289,卖盘
622,10:14:18,2.7,0.01,2,540,买盘
623,10:14:21,2.69,-0.01,103,27707,卖盘
624,10:14:31,2.7,0.01,34,9167,买盘
625,10:14:34,2.69,-0.01,18,4842,卖盘
626,10:14:48,2.69,0.0,31,8339,卖盘
627,10:14:51,2.69,0.0,18,4842,卖盘
628,10:14:55,2.69,0.0,17,4573,卖盘
629,10:15:01,2.69,0.0,171,45999,卖盘
630,10:15:04,2.69,0.0,95,25593,卖盘
631,10:15:06,2.69,0.0,1,269,卖盘
632,10:15:09,2.69,0.0,95,25562,卖盘
633,10:15:13,2.7,0.01,4,1080,买盘
634,10:15:19,2.69,-0.01,13,3497,卖盘
635,10:15:22,2.69,0.0,243,65367,卖盘
636,10:15:25,2.69,0.0,1023,275187,卖盘
637,10:15:27,2.69,0.0,170,45730,卖盘
638,10:15:31,2.69,0.0,175,47075,卖盘
639,10:15:33,2.69,0.0,362,97601,卖盘
640,10:15:39,2.69,0.0,15,4048,卖盘
641,10:15:49,2.7,0.01,3,810,买盘
642,10:15:57,2.69,-0.01,2,538,卖盘
643,10:16:04,2.69,0.0,38,10222,卖盘
644,10:16:07,2.69,0.0,481,129389,卖盘
645,10:16:16,2.69,0.0,961,258509,卖盘
646,10:16:19,2.69,0.0,236,63484,卖盘
647,10:16:21,2.69,0.0,68,18292,卖盘
648,10:16:25,2.69,0.0,43,11567,卖盘
649,10:16:31,2.7,0.01,24,6480,买盘
650,10:16:36,2.69,-0.01,40,10760,卖盘
651,10:16:39,2.69,0.0,33,8877,卖盘
652,10:16:46,2.69,0.0,122,32818,卖盘
653,10:16:49,2.7,0.01,17,4575,买盘
654,10:16:52,2.69,-0.01,74,19910,卖盘
655,10:16:57,2.69,0.0,164,44116,卖盘
656,10:17:04,2.69,0.0,22,5918,卖盘
657,10:17:07,2.7,0.01,2,540,买盘
658,10:17:19,2.69,-0.01,200,53800,卖盘
659,10:17:22,2.7,0.01,43,11580,买盘
660,10:17:25,2.69,-0.01,30,8070,卖盘
661,10:17:36,2.69,0.0,1,269,卖盘
662,10:17:43,2.69,0.0,230,61870,卖盘
663,10:17:45,2.69,0.0,118,31742,买盘
664,10:17:48,2.69,0.0,20,5380,买盘
665,10:17:51,2.69,0.0,6,1614,买盘
666,10:17:55,2.68,-0.01,51,13718,卖盘
667,10:17:57,2.69,0.01,1,269,买盘
668,10:18:01,2.69,0.0,54,14526,买盘
669,10:18:04,2.69,0.0,14,3766,买盘
670,10:18:07,2.69,0.0,12,3228,买盘
671,10:18:10,2.69,0.0,17,4563,买盘
672,10:18:13,2.69,0.0,7,1883,买盘
673,10:18:15,2.69,0.0,6,1614,买盘
674,10:18:18,2.69,0.0,52,13988,买盘
675,10:18:24,2.69,0.0,6,1614,买盘
676,10:18:27,2.69,0.0,4,1074,买盘
677,10:18:30,2.69,0.0,62,16678,买盘
678,10:18:33,2.69,0.0,4,1076,买盘
679,10:18:36,2.69,0.0,18,4842,买盘
680,10:18:48,2.69,0.0,2,538,买盘
681,10:19:13,2.69,0.0,130,34970,买盘
682,10:19:15,2.68,-0.01,1,268,卖盘
683,10:19:21,2.69,0.01,62,16678,买盘
684,10:19:24,2.69,0.0,90,24210,卖盘
685,10:19:49,2.7,0.01,5,1350,买盘
686,10:19:52,2.69,-0.01,4,1076,卖盘
687,10:20:04,2.69,0.0,22,5918,卖盘
688,10:20:06,2.7,0.01,11,2969,买盘
689,10:20:09,2.7,0.0,4,1080,买盘
690,10:20:27,2.7,0.0,47,12690,买盘
691,10:20:36,2.7,0.0,2390,645165,买盘
692,10:20:48,2.71,0.01,2,542,买盘
693,10:20:57,2.71,0.0,48,12968,买盘
694,10:21:00,2.71,0.0,28,7588,买盘
695,10:21:06,2.71,0.0,2,542,买盘
696,10:21:43,2.7,-0.01,285,76950,卖盘
697,10:21:45,2.7,0.0,2,540,卖盘
698,10:21:49,2.71,0.01,3,813,买盘
699,10:21:52,2.71,0.0,4,1084,买盘
700,10:21:58,2.7,-0.01,47,12690,卖盘
701,10:22:04,2.7,0.0,23,6210,卖盘
702,10:22:10,2.7,0.0,2,540,卖盘
703,10:22:15,2.71,0.01,3,813,买盘
704,10:22:18,2.7,-0.01,100,27000,卖盘
705,10:22:30,2.71,0.01,2,542,买盘
706,10:22:36,2.7,-0.01,1,270,卖盘
707,10:22:49,2.71,0.01,2,542,买盘
708,10:23:00,2.71,0.0,6,1626,买盘
709,10:23:28,2.7,-0.01,1,270,卖盘
710,10:23:31,2.71,0.01,34,9212,买盘
711,10:23:49,2.71,0.0,3,813,买盘
712,10:23:55,2.71,0.0,30,8130,买盘
713,10:24:01,2.71,0.0,2,542,买盘
714,10:24:06,2.71,0.0,1,271,买盘
715,10:24:16,2.7,-0.01,2,540,卖盘
716,10:24:18,2.7,0.0,17,4601,卖盘
717,10:24:21,2.7,0.0,1,270,卖盘
718,10:24:30,2.7,0.0,2,540,卖盘
719,10:24:37,2.71,0.01,54,14634,买盘
720,10:24:48,2.71,0.0,2,542,买盘
721,10:24:57,2.71,0.0,4,1084,买盘
722,10:25:07,2.7,-0.01,1,270,卖盘
723,10:25:09,2.71,0.01,4,1084,买盘
724,10:25:19,2.7,-0.01,6,1620,卖盘
725,10:25:25,2.71,0.01,2,542,买盘
726,10:25:45,2.7,-0.01,292,78840,卖盘
727,10:25:48,2.71,0.01,6,1623,买盘
728,10:25:51,2.71,0.0,4,1081,买盘
729,10:25:58,2.7,-0.01,1,270,卖盘
730,10:26:04,2.7,0.0,22,5940,卖盘
731,10:26:09,2.7,0.0,2,540,卖盘
732,10:26:12,2.7,0.0,9,2430,卖盘
733,10:26:15,2.7,0.0,1,270,卖盘
734,10:26:18,2.7,0.0,7,1890,卖盘
735,10:26:31,2.71,0.01,23,6230,买盘
736,10:26:33,2.71,0.0,4,1084,买盘
737,10:26:39,2.7,-0.01,194,52380,卖盘
738,10:26:45,2.7,0.0,2,540,卖盘
739,10:26:48,2.71,0.01,116,31386,买盘
740,10:26:51,2.71,0.0,6,1626,买盘
741,10:26:54,2.7,-0.01,55,14850,卖盘
742,10:26:58,2.71,0.01,51,13771,买盘
743,10:27:09,2.71,0.0,67,18157,买盘
744,10:27:12,2.7,-0.01,41,11070,卖盘
745,10:27:15,2.7,0.0,1,270,卖盘
746,10:27:18,2.7,0.0,43,11610,卖盘
747,10:27:27,2.7,0.0,34,9180,卖盘
748,10:27:30,2.7,0.0,31,8370,卖盘
749,10:27:33,2.7,0.0,1,270,卖盘
750,10:27:36,2.7,0.0,2,540,卖盘
751,10:27:48,2.71,0.01,3,813,买盘
752,10:27:51,2.71,0.0,63,17073,买盘
753,10:28:12,2.71,0.0,71,19241,买盘
754,10:28:16,2.71,0.0,2,542,买盘
755,10:28:19,2.7,-0.01,106,28620,卖盘
756,10:28:27,2.7,0.0,1,270,卖盘
757,10:28:30,2.71,0.01,24,6502,买盘
758,10:28:33,2.71,0.0,63,17073,买盘
759,10:28:36,2.7,-0.01,35,9450,卖盘
760,10:28:39,2.71,0.01,31,8401,买盘
761,10:28:46,2.7,-0.01,224,60480,卖盘
762,10:28:49,2.71,0.01,3,812,买盘
763,10:28:51,2.7,-0.01,33,8910,卖盘
764,10:28:55,2.7,0.0,1,270,卖盘
765,10:29:01,2.7,0.0,21,5670,卖盘
766,10:29:04,2.7,0.0,24,6480,卖盘
767,10:29:07,2.71,0.01,1,271,买盘
768,10:29:13,2.7,-0.01,17,4590,卖盘
769,10:29:16,2.7,0.0,69,18698,卖盘
770,10:29:19,2.7,0.0,6,1620,卖盘
771,10:29:22,2.7,0.0,31,8370,卖盘
772,10:29:46,2.7,0.0,2,540,卖盘
773,10:29:49,2.7,0.0,9,2430,卖盘
774,10:29:57,2.71,0.01,50,13550,买盘
775,10:30:00,2.7,-0.01,3,810,卖盘
776,10:30:04,2.7,0.0,22,5940,卖盘
777,10:30:06,2.7,0.0,2,540,卖盘
778,10:30:09,2.69,-0.01,142,38474,卖盘
779,10:30:12,2.69,0.0,6,1619,卖盘
780,10:30:15,2.7,0.01,1,270,买盘
781,10:30:19,2.69,-0.01,27,7284,卖盘
782,10:30:21,2.7,0.01,40,10800,买盘
783,10:30:24,2.7,0.0,15,4050,买盘
784,10:30:27,2.7,0.0,20,5400,买盘
785,10:30:30,2.7,0.0,37,9990,买盘
786,10:30:33,2.7,0.0,57,15390,买盘
787,10:30:36,2.7,0.0,47,12690,买盘
788,10:30:40,2.7,0.0,38,10260,买盘
789,10:30:42,2.7,0.0,42,11340,买盘
790,10:30:46,2.7,0.0,93,25110,买盘
791,10:30:48,2.7,0.0,6,1620,买盘
792,10:30:57,2.69,-0.01,1,269,卖盘
793,10:31:04,2.69,0.0,23,6187,卖盘
794,10:31:09,2.69,0.0,441,118629,卖盘
795,10:31:18,2.69,0.0,7,1883,卖盘
796,10:31:28,2.69,0.0,1,269,卖盘
797,10:31:36,2.69,0.0,1,269,卖盘
798,10:31:42,2.7,0.01,10,2700,买盘
799,10:31:45,2.69,-0.01,9,2421,卖盘
800,10:31:48,2.69,0.0,23,6187,卖盘
801,10:31:51,2.7,0.01,4,1080,买盘
802,10:31:57,2.69,-0.01,103,27707,卖盘
803,10:32:04,2.69,0.0,23,6187,卖盘
804,10:32:13,2.7,0.01,1,270,买盘
805,10:32:18,2.69,-0.01,390,104910,卖盘
806,10:32:24,2.69,0.0,72,19368,卖盘
807,10:32:27,2.7,0.01,78,21060,买盘
808,10:32:36,2.69,-0.01,1,269,卖盘
809,10:32:39,2.69,0.0,54,14526,卖盘
810,10:32:43,2.69,0.0,40,10760,卖盘
811,10:32:49,2.7,0.01,5,1350,买盘
812,10:32:54,2.69,-0.01,71,19099,卖盘
813,10:33:04,2.69,0.0,22,5918,卖盘
814,10:33:06,2.69,0.0,1,269,卖盘
815,10:33:09,2.69,0.0,2,538,卖盘
816,10:33:15,2.69,0.0,28,7532,卖盘
817,10:33:21,2.69,0.0,6,1614,卖盘
818,10:33:27,2.69,0.0,2,538,卖盘
819,10:33:30,2.69,0.0,104,27980,卖盘
820,10:33:37,2.69,0.0,3,807,卖盘
821,10:33:43,2.7,0.01,201,54270,买盘
822,10:33:57,2.69,-0.01,43,11567,卖盘
823,10:34:00,2.7,0.01,95,25650,买盘
824,10:34:03,2.7,0.0,23,6210,买盘
825,10:34:15,2.69,-0.01,2,538,卖盘
826,10:34:21,2.69,0.0,6,1614,卖盘
827,10:34:30,2.69,0.0,2,538,卖盘
828,10:34:33,2.7,0.01,8,2160,买盘
829,10:34:36,2.69,-0.01,48,12912,卖盘
830,10:34:39,2.7,0.01,26,7020,买盘
831,10:34:42,2.69,-0.01,1,269,卖盘
832,10:34:48,2.7,0.01,10,2700,买盘
833,10:34:55,2.69,-0.01,20,5380,卖盘
834,10:35:00,2.7,0.01,2,540,买盘
835,10:35:06,2.69,-0.01,1,269,卖盘
836,10:35:09,2.7,0.01,19,5130,买盘
837,10:35:18,2.69,-0.01,6,1614,卖盘
838,10:35:24,2.69,0.0,26,6994,卖盘
839,10:35:31,2.69,0.0,2,538,卖盘
840,10:35:36,2.7,0.01,2,540,买盘
841,10:35:49,2.69,-0.01,103,27707,卖盘
842,10:35:57,2.69,0.0,1,269,卖盘
843,10:36:04,2.7,0.01,28,7536,买盘
844,10:36:06,2.7,0.0,2,540,买盘
845,10:36:09,2.69,-0.01,150,40350,卖盘
846,10:36:15,2.69,0.0,22,5918,卖盘
847,10:36:18,2.69,0.0,13,3497,卖盘
848,10:36:21,2.69,0.0,8,2152,卖盘
849,10:36:25,2.69,0.0,2,538,卖盘
850,10:36:33,2.7,0.01,27,7290,买盘
851,10:36:36,2.7,0.0,4,1080,买盘
852,10:36:45,2.69,-0.01,2,538,卖盘
853,10:36:48,2.69,0.0,5,1349,卖盘
854,10:36:51,2.69,0.0,7,1883,卖盘
855,10:36:57,2.69,0.0,30,8070,卖盘
856,10:37:00,2.7,0.01,10,2700,买盘
857,10:37:06,2.7,0.0,80,21522,买盘
858,10:37:15,2.7,0.0,38,10260,买盘
859,10:37:18,2.69,-0.01,6,1614,卖盘
860,10:37:24,2.69,0.0,30,8070,卖盘
861,10:37:27,2.69,0.0,54,14544,卖盘
862,10:37:31,2.69,0.0,2,538,卖盘
863,10:37:33,2.69,0.0,115,30935,卖盘
864,10:37:36,2.7,0.01,15,4049,买盘
865,10:37:45,2.69,-0.01,1,269,卖盘
866,10:37:54,2.7,0.01,8,2160,买盘
867,10:37:57,2.7,0.0,2,540,买盘
868,10:38:00,2.7,0.0,1,270,买盘
869,10:38:07,2.7,0.0,2,540,买盘
870,10:38:09,2.69,-0.01,1,269,卖盘
871,10:38:18,2.69,0.0,7,1883,卖盘
872,10:38:27,2.69,0.0,1,269,卖盘
873,10:38:30,2.7,0.01,42,11340,买盘
874,10:38:36,2.7,0.0,4,1080,买盘
875,10:38:39,2.7,0.0,3,810,买盘
876,10:38:42,2.69,-0.01,30,8070,卖盘
877,10:38:52,2.69,0.0,1,269,卖盘
878,10:39:04,2.69,0.0,23,6187,卖盘
879,10:39:12,2.69,0.0,74,19909,卖盘
880,10:39:15,2.69,0.0,4,1076,卖盘
881,10:39:18,2.69,0.0,6,1614,卖盘
882,10:39:21,2.7,0.01,2,539,买盘
883,10:39:27,2.69,-0.01,2,538,卖盘
884,10:39:30,2.69,0.0,3,807,卖盘
885,10:39:33,2.69,0.0,627,168685,卖盘
886,10:39:36,2.7,0.01,4,1080,买盘
887,10:39:39,2.69,-0.01,30,8070,卖盘
888,10:39:54,2.69,0.0,30,8070,卖盘
889,10:40:04,2.69,0.0,53,14257,卖盘
890,10:40:06,2.7,0.01,1010,271693,买盘
891,10:40:09,2.7,0.0,4,1080,买盘
892,10:40:18,2.69,-0.01,7,1883,卖盘
893,10:40:30,2.69,0.0,1000,269000,卖盘
894,10:40:33,2.7,0.01,4,1080,买盘
895,10:40:36,2.69,-0.01,1,269,卖盘
896,10:40:39,2.69,0.0,17,4573,卖盘
897,10:40:42,2.69,0.0,43,11567,卖盘
898,10:40:45,2.69,0.0,754,202826,卖盘
899,10:40:48,2.69,0.0,1,269,卖盘
900,10:40:51,2.69,0.0,60,16140,卖盘
901,10:40:54,2.69,0.0,1,269,卖盘
902,10:40:57,2.69,0.0,81,21789,卖盘
903,10:41:00,2.7,0.01,5,1350,买盘
904,10:41:12,2.69,-0.01,60,16140,卖盘
905,10:41:15,2.7,0.01,69,18570,买盘
906,10:41:18,2.7,0.0,14,3768,买盘
907,10:41:21,2.69,-0.01,25,6726,卖盘
908,10:41:24,2.69,0.0,42,11298,卖盘
909,10:41:33,2.69,0.0,1,269,卖盘
910,10:41:39,2.69,0.0,1,269,卖盘
911,10:41:42,2.69,0.0,23,6187,卖盘
912,10:41:45,2.69,0.0,1,269,卖盘
913,10:41:49,2.69,0.0,25,6725,卖盘
914,10:41:51,2.7,0.01,52,13992,买盘
915,10:41:57,2.69,-0.01,135,36315,卖盘
916,10:42:04,2.69,0.0,23,6187,卖盘
917,10:42:06,2.7,0.01,3,809,买盘
918,10:42:18,2.69,-0.01,24,6474,卖盘
919,10:42:27,2.69,0.0,1,269,卖盘
920,10:42:30,2.69,0.0,1,269,卖盘
921,10:42:33,2.7,0.01,72,19440,买盘
922,10:42:36,2.69,-0.01,2,538,卖盘
923,10:42:45,2.69,0.0,1,269,卖盘
924,10:42:57,2.69,0.0,39,10529,卖盘
925,10:43:04,2.7,0.01,42,11318,买盘
926,10:43:07,2.7,0.0,2,540,买盘
927,10:43:09,2.69,-0.01,27,7263,卖盘
928,10:43:12,2.69,0.0,43,11567,卖盘
929,10:43:18,2.7,0.01,7,1884,买盘
930,10:43:28,2.69,-0.01,30,8070,卖盘
931,10:43:30,2.7,0.01,4,1080,买盘
932,10:43:36,2.69,-0.01,1,269,卖盘
933,10:43:39,2.7,0.01,13,3510,买盘
934,10:43:42,2.69,-0.01,1,269,卖盘
935,10:43:45,2.69,0.0,14,3766,卖盘
936,10:43:54,2.7,0.01,47,12690,买盘
937,10:43:57,2.7,0.0,30,8080,买盘
938,10:44:06,2.7,0.0,2,540,买盘
939,10:44:16,2.69,-0.01,1,269,卖盘
940,10:44:18,2.69,0.0,8,2152,卖盘
941,10:44:21,2.7,0.01,15,4050,买盘
942,10:44:27,2.69,-0.01,20,5380,卖盘
943,10:44:30,2.69,0.0,2,538,卖盘
944,10:44:33,2.7,0.01,28,7560,买盘
945,10:44:36,2.7,0.0,2,540,买盘
946,10:44:39,2.7,0.0,1,270,买盘
947,10:44:43,2.7,0.0,13,3510,买盘
948,10:44:48,2.7,0.0,71,19110,买盘
949,10:44:57,2.7,0.0,1,270,买盘
950,10:45:04,2.7,0.0,4,1080,买盘
951,10:45:06,2.7,0.0,22,5938,买盘
952,10:45:09,2.7,0.0,5,1349,买盘
953,10:45:12,2.69,-0.01,1,269,卖盘
954,10:45:15,2.69,0.0,2,538,卖盘
955,10:45:18,2.69,0.0,6,1614,卖盘
956,10:45:30,2.69,0.0,1,269,卖盘
957,10:45:36,2.7,0.01,123,33090,买盘
958,10:45:40,2.69,-0.01,28,7532,卖盘
959,10:45:48,2.7,0.01,2,540,买盘
960,10:45:57,2.69,-0.01,1,269,卖盘
961,10:46:03,2.69,0.0,22,5918,卖盘
962,10:46:06,2.7,0.01,3,810,买盘
963,10:46:13,2.69,-0.01,36,9684,卖盘
964,10:46:18,2.69,0.0,7,1883,卖盘
965,10:46:33,2.69,0.0,91,24479,卖盘
966,10:46:36,2.7,0.01,3,809,买盘
967,10:46:45,2.69,-0.01,2,538,卖盘
968,10:46:49,2.7,0.01,4,1080,买盘
969,10:46:51,2.69,-0.01,20,5380,卖盘
970,10:46:55,2.69,0.0,20,5380,卖盘
971,10:47:04,2.69,0.0,23,6187,卖盘
972,10:47:06,2.7,0.01,4,1080,买盘
973,10:47:16,2.7,0.0,87,23453,买盘
974,10:47:22,2.69,-0.01,6,1614,卖盘
975,10:47:27,2.7,0.01,12,3240,买盘
976,10:47:33,2.7,0.0,74,19925,买盘
977,10:47:36,2.7,0.0,57,15348,买盘
978,10:47:39,2.69,-0.01,2,538,卖盘
979,10:48:04,2.69,0.0,113,30397,卖盘
980,10:48:06,2.7,0.01,33,8880,买盘
981,10:48:09,2.69,-0.01,1,269,卖盘
982,10:48:19,2.69,0.0,6,1614,卖盘
983,10:48:28,2.69,0.0,2,538,卖盘
984,10:48:30,2.7,0.01,4,1080,买盘
985,10:48:39,2.69,-0.01,33,8877,卖盘
986,10:48:42,2.69,0.0,1,269,卖盘
987,10:48:51,2.69,0.0,46,12384,卖盘
988,10:49:04,2.69,0.0,22,5918,卖盘
989,10:49:15,2.69,0.0,1,269,卖盘
990,10:49:18,2.69,0.0,6,1614,卖盘
991,10:49:21,2.7,0.01,13,3510,买盘
992,10:49:25,2.69,-0.01,2,538,卖盘
993,10:49:31,2.69,0.0,2,538,卖盘
994,10:49:36,2.7,0.01,2,540,买盘
995,10:49:42,2.69,-0.01,1,269,卖盘
996,10:50:01,2.69,0.0,23,6187,卖盘
997,10:50:04,2.69,0.0,43,11587,卖盘
998,10:50:06,2.7,0.01,6,1618,买盘
999,10:50:09,2.7,0.0,4,1080,买盘
1000,10:50:13,2.69,-0.01,36,9684,卖盘
1001,10:50:18,2.7,0.01,67,18034,买盘
1002,10:50:21,2.7,0.0,74,19974,买盘
1003,10:50:24,2.7,0.0,2900,783000,买盘
1004,10:50:27,2.7,0.0,14,3780,买盘
1005,10:50:33,2.7,0.0,34,9180,买盘
1006,10:50:39,2.69,-0.01,2,538,卖盘
1007,10:50:42,2.7,0.01,13,3510,买盘
1008,10:50:54,2.7,0.0,717,193590,买盘
1009,10:50:57,2.69,-0.01,2,538,卖盘
1010,10:51:00,2.7,0.01,31,8370,买盘
1011,10:51:03,2.69,-0.01,3,809,卖盘
1012,10:51:09,2.69,0.0,2,538,卖盘
1013,10:51:13,2.7,0.01,41,11069,买盘
1014,10:51:16,2.7,0.0,4,1080,买盘
1015,10:51:18,2.69,-0.01,16,4313,卖盘
1016,10:51:24,2.7,0.01,10,2700,买盘
1017,10:51:36,2.7,0.0,2,540,买盘
1018,10:51:42,2.7,0.0,1,270,买盘
1019,10:51:46,2.69,-0.01,1,269,卖盘
1020,10:51:51,2.7,0.01,65,17550,买盘
1021,10:51:57,2.7,0.0,795,214515,买盘
1022,10:52:00,2.7,0.0,90,24300,卖盘
1023,10:52:04,2.7,0.0,24,6480,卖盘
1024,10:52:09,2.7,0.0,5,1352,卖盘
1025,10:52:18,2.71,0.01,875,237125,买盘
1026,10:52:21,2.7,-0.01,6,1620,卖盘
1027,10:52:33,2.71,0.01,39,10567,买盘
1028,10:52:36,2.7,-0.01,1,270,卖盘
1029,10:52:39,2.71,0.01,4,1084,买盘
1030,10:52:51,2.71,0.0,2,542,买盘
1031,10:52:54,2.7,-0.01,2,540,卖盘
1032,10:53:04,2.7,0.0,53,14310,卖盘
1033,10:53:09,2.71,0.01,2,542,买盘
1034,10:53:18,2.7,-0.01,6,1620,卖盘
1035,10:53:27,2.71,0.01,16,4335,买盘
1036,10:53:31,2.71,0.0,4,1084,买盘
1037,10:53:33,2.71,0.0,50,13548,买盘
1038,10:53:40,2.71,0.0,4,1084,买盘
1039,10:53:54,2.71,0.0,24,6504,买盘
1040,10:53:57,2.71,0.0,503,136313,买盘
1041,10:54:01,2.71,0.0,17,4607,买盘
1042,10:54:04,2.71,0.0,4,1084,买盘
1043,10:54:06,2.71,0.0,28,7588,买盘
1044,10:54:09,2.71,0.0,2,542,买盘
1045,10:54:12,2.7,-0.01,1,270,卖盘
1046,10:54:16,2.7,0.0,9,2436,卖盘
1047,10:54:22,2.71,0.01,177,47871,买盘
1048,10:54:25,2.71,0.0,41,11111,买盘
1049,10:54:33,2.71,0.0,253,68480,买盘
1050,10:54:37,2.71,0.0,18,4878,买盘
1051,10:54:39,2.71,0.0,20,5418,买盘
1052,10:54:48,2.71,0.0,5,1355,买盘
1053,10:55:04,2.71,0.0,13,3523,买盘
1054,10:55:07,2.7,-0.01,1,270,卖盘
1055,10:55:09,2.71,0.01,4,1084,买盘
1056,10:55:12,2.71,0.0,4,1084,买盘
1057,10:55:18,2.7,-0.01,6,1620,卖盘
1058,10:55:30,2.7,0.0,2,540,卖盘
1059,10:55:39,2.71,0.01,2,542,买盘
1060,10:55:51,2.7,-0.01,20,5400,卖盘
1061,10:55:55,2.71,0.01,6,1626,买盘
1062,10:55:58,2.7,-0.01,1,270,卖盘
1063,10:56:04,2.7,0.0,62,16771,卖盘
1064,10:56:09,2.71,0.01,19,5149,买盘
1065,10:56:13,2.71,0.0,2,542,买盘
1066,10:56:19,2.71,0.0,45,12195,买盘
1067,10:56:21,2.71,0.0,47,12730,买盘
1068,10:56:24,2.7,-0.01,2,540,卖盘
1069,10:56:39,2.7,0.0,60,16259,卖盘
1070,10:56:45,2.7,0.0,58,15717,卖盘
1071,10:56:51,2.71,0.01,4,1084,买盘
1072,10:56:55,2.71,0.0,54,14634,买盘
1073,10:56:58,2.71,0.0,144,38993,买盘
1074,10:57:01,2.71,0.0,10,2710,买盘
1075,10:57:04,2.71,0.0,49,13279,买盘
1076,10:57:07,2.7,-0.01,1,270,卖盘
1077,10:57:10,2.71,0.01,3,813,买盘
1078,10:57:13,2.71,0.0,179,48509,买盘
1079,10:57:15,2.71,0.0,593,160703,买盘
1080,10:57:18,2.71,0.0,6,1626,卖盘
1081,10:57:27,2.72,0.01,20,5440,买盘
1082,10:57:30,2.72,0.0,54,14688,买盘
1083,10:57:36,2.71,-0.01,2,542,卖盘
1084,10:57:39,2.72,0.01,4,1088,买盘
1085,10:57:42,2.72,0.0,56,15232,买盘
1086,10:57:54,2.72,0.0,56,15232,买盘
1087,10:58:00,2.72,0.0,55,14960,买盘
1088,10:58:04,2.72,0.0,30,8160,买盘
1089,10:58:06,2.72,0.0,110,29920,买盘
1090,10:58:09,2.71,-0.01,4,1086,卖盘
1091,10:58:15,2.71,0.0,2,542,卖盘
1092,10:58:18,2.71,0.0,48,13050,卖盘
1093,10:58:21,2.72,0.01,56,15232,买盘
1094,10:58:27,2.71,-0.01,1,271,卖盘
1095,10:58:30,2.72,0.01,4,1088,买盘
1096,10:58:33,2.72,0.0,56,15232,买盘
1097,10:58:36,2.72,0.0,111,30192,买盘
1098,10:58:39,2.71,-0.01,125,33879,卖盘
1099,10:58:45,2.72,0.01,200,54400,买盘
1100,10:58:51,2.72,0.0,55,14960,买盘
1101,10:58:57,2.72,0.0,22,5984,买盘
1102,10:59:03,2.72,0.0,71,19290,买盘
1103,10:59:07,2.71,-0.01,55,14905,卖盘
1104,10:59:09,2.72,0.01,2,544,买盘
1105,10:59:12,2.72,0.0,43,11655,买盘
1106,10:59:15,2.71,-0.01,1,271,卖盘
1107,10:59:19,2.71,0.0,61,16586,卖盘
1108,10:59:21,2.72,0.01,4,1088,买盘
1109,10:59:30,2.72,0.0,54,14688,买盘
1110,10:59:33,2.72,0.0,2,544,买盘
1111,10:59:36,2.72,0.0,41,11112,买盘
1112,10:59:42,2.71,-0.01,1,271,卖盘
1113,10:59:45,2.72,0.01,56,15232,买盘
1114,10:59:51,2.72,0.0,38,10336,买盘
1115,10:59:55,2.72,0.0,22,5982,买盘
1116,10:59:57,2.71,-0.01,21,5691,卖盘
1117,11:00:00,2.72,0.01,56,15232,买盘
1118,11:00:03,2.72,0.0,36,9792,买盘
1119,11:00:06,2.71,-0.01,2,542,卖盘
1120,11:00:09,2.71,0.0,2,542,卖盘
1121,11:00:13,2.71,0.0,5,1359,卖盘
1122,11:00:16,2.72,0.01,50,13600,买盘
1123,11:00:18,2.72,0.0,28,7615,买盘
1124,11:00:21,2.71,-0.01,6,1626,卖盘
1125,11:00:24,2.72,0.01,251,68272,买盘
1126,11:00:27,2.72,0.0,38,10336,买盘
1127,11:00:30,2.72,0.0,7,1904,买盘
1128,11:00:42,2.72,0.0,58,15776,买盘
1129,11:00:48,2.72,0.0,50,13600,买盘
1130,11:00:57,2.71,-0.01,1,271,卖盘
1131,11:01:03,2.71,0.0,2,542,卖盘
1132,11:01:18,2.71,0.0,7,1897,卖盘
1133,11:01:21,2.72,0.01,13,3536,买盘
1134,11:01:24,2.71,-0.01,3181,862051,卖盘
1135,11:01:31,2.72,0.01,15,4080,买盘
1136,11:01:34,2.71,-0.01,34,9214,卖盘
1137,11:01:40,2.71,0.0,18,4893,卖盘
1138,11:01:45,2.71,0.0,1,271,卖盘
1139,11:01:48,2.71,0.0,450,121950,卖盘
1140,11:01:51,2.72,0.01,4,1088,买盘
1141,11:02:04,2.71,-0.01,290,78590,卖盘
1142,11:02:09,2.71,0.0,289,78319,卖盘
1143,11:02:18,2.71,0.0,7,1897,卖盘
1144,11:02:27,2.72,0.01,122,33184,买盘
1145,11:02:33,2.71,-0.01,34,9214,卖盘
1146,11:02:37,2.71,0.0,1,271,卖盘
1147,11:02:42,2.71,0.0,2,542,卖盘
1148,11:03:03,2.71,0.0,19,5166,卖盘
1149,11:03:13,2.71,0.0,1,271,卖盘
1150,11:03:15,2.71,0.0,22,5962,卖盘
1151,11:03:18,2.71,0.0,6,1626,卖盘
1152,11:03:25,2.71,0.0,2,542,卖盘
1153,11:03:27,2.71,0.0,57,15447,卖盘
1154,11:03:33,2.71,0.0,37,10031,卖盘
1155,11:04:00,2.71,0.0,156,42310,卖盘
1156,11:04:03,2.71,0.0,1,271,卖盘
1157,11:04:06,2.71,0.0,45,12195,卖盘
1158,11:04:15,2.71,0.0,46,12466,卖盘
1159,11:04:18,2.72,0.01,16,4346,买盘
1160,11:04:30,2.72,0.0,12,3264,买盘
1161,11:04:33,2.72,0.0,143,38779,买盘
1162,11:04:36,2.72,0.0,80,21760,买盘
1163,11:04:39,2.71,-0.01,37,10027,卖盘
1164,11:05:00,2.72,0.01,60,16320,买盘
1165,11:05:04,2.72,0.0,38,10325,买盘
1166,11:05:06,2.71,-0.01,2,542,卖盘
1167,11:05:09,2.71,0.0,180,48780,卖盘
1168,11:05:13,2.71,0.0,23,6237,卖盘
1169,11:05:15,2.71,0.0,2,542,卖盘
1170,11:05:18,2.71,0.0,18,4890,卖盘
1171,11:05:42,2.71,0.0,1000,271000,卖盘
1172,11:05:51,2.71,0.0,1519,411649,卖盘
1173,11:05:54,2.71,0.0,9,2439,卖盘
1174,11:05:57,2.71,0.0,2,542,卖盘
1175,11:06:04,2.71,0.0,2,542,卖盘
1176,11:06:12,2.71,0.0,1,271,卖盘
1177,11:06:18,2.71,0.0,7,1897,卖盘
1178,11:06:27,2.71,0.0,60,16260,卖盘
1179,11:06:42,2.71,0.0,3,813,卖盘
1180,11:06:45,2.71,0.0,1,271,卖盘
1181,11:06:51,2.72,0.01,4,1088,买盘
1182,11:06:54,2.71,-0.01,2,542,卖盘
1183,11:06:57,2.71,0.0,17,4607,卖盘
1184,11:07:00,2.72,0.01,13,3536,买盘
1185,11:07:03,2.72,0.0,25,6800,买盘
1186,11:07:12,2.71,-0.01,103,27913,卖盘
1187,11:07:15,2.71,0.0,1,271,卖盘
1188,11:07:18,2.71,0.0,70,19034,卖盘
1189,11:07:33,2.71,0.0,4,1084,卖盘
1190,11:07:36,2.71,0.0,22,5962,卖盘
1191,11:07:54,2.72,0.01,1,272,买盘
1192,11:08:15,2.72,0.0,4,1088,买盘
1193,11:08:22,2.71,-0.01,6,1626,卖盘
1194,11:08:24,2.71,0.0,1,271,卖盘
1195,11:08:27,2.71,0.0,1,271,卖盘
1196,11:08:30,2.71,0.0,2,542,卖盘
1197,11:08:33,2.72,0.01,4,1088,买盘
1198,11:08:39,2.71,-0.01,2,542,卖盘
1199,11:08:42,2.71,0.0,1,271,卖盘
1200,11:08:48,2.71,0.0,53,14363,卖盘
1201,11:09:04,2.71,0.0,2,542,卖盘
1202,11:09:12,2.71,0.0,1,271,卖盘
1203,11:09:15,2.71,0.0,2,542,卖盘
1204,11:09:21,2.71,0.0,6,1626,卖盘
1205,11:09:33,2.72,0.01,23,6256,买盘
1206,11:09:36,2.71,-0.01,50,13550,卖盘
1207,11:09:42,2.71,0.0,2,542,卖盘
1208,11:09:57,2.71,0.0,870,235770,卖盘
1209,11:10:00,2.71,0.0,9,2439,卖盘
1210,11:10:04,2.71,0.0,41,11111,卖盘
1211,11:10:06,2.71,0.0,2,542,卖盘
1212,11:10:12,2.72,0.01,5,1360,买盘
1213,11:10:18,2.71,-0.01,6,1626,卖盘
1214,11:10:24,2.71,0.0,2,542,卖盘
1215,11:10:30,2.71,0.0,43,11653,卖盘
1216,11:10:42,2.71,0.0,1,271,卖盘
1217,11:10:57,2.71,0.0,24,6504,卖盘
1218,11:11:04,2.71,0.0,202,54742,卖盘
1219,11:11:09,2.72,0.01,13,3536,买盘
1220,11:11:12,2.71,-0.01,2,543,卖盘
1221,11:11:18,2.71,0.0,46,12466,卖盘
1222,11:11:39,2.71,0.0,1,271,卖盘
1223,11:11:45,2.71,0.0,2,542,卖盘
1224,11:11:48,2.7,-0.01,34,9204,卖盘
1225,11:11:51,2.71,0.01,4,1084,中性盘
1226,11:11:54,2.71,0.0,110,29810,买盘
1227,11:11:57,2.7,-0.01,5,1354,卖盘
1228,11:12:00,2.71,0.01,29,7859,买盘
1229,11:12:03,2.72,0.01,21,5711,买盘
1230,11:12:06,2.71,-0.01,2,542,买盘
1231,11:12:09,2.7,-0.01,5,1353,卖盘
1232,11:12:13,2.71,0.01,98,26558,买盘
1233,11:12:15,2.71,0.0,5,1355,卖盘
1234,11:12:18,2.71,0.0,6,1626,卖盘
1235,11:12:33,2.71,0.0,30,8130,卖盘
1236,11:12:36,2.71,0.0,1,271,卖盘
1237,11:13:04,2.71,0.0,2,542,卖盘
1238,11:13:09,2.72,0.01,9,2448,买盘
1239,11:13:18,2.72,0.0,10,2714,买盘
1240,11:13:27,2.71,-0.01,1,271,卖盘
1241,11:13:33,2.72,0.01,32,8704,买盘
1242,11:13:54,2.71,-0.01,2,542,卖盘
1243,11:14:04,2.71,0.0,2,542,卖盘
1244,11:14:15,2.71,0.0,1,271,卖盘
1245,11:14:18,2.71,0.0,6,1626,卖盘
1246,11:14:21,2.72,0.01,6,1632,买盘
1247,11:14:27,2.71,-0.01,42,11382,卖盘
1248,11:14:54,2.72,0.01,2,544,买盘
1249,11:15:06,2.71,-0.01,2,542,卖盘
1250,11:15:12,2.71,0.0,5,1359,卖盘
1251,11:15:15,2.71,0.0,1,271,卖盘
1252,11:15:21,2.71,0.0,6,1626,卖盘
1253,11:15:28,2.71,0.0,13,3530,卖盘
1254,11:15:30,2.72,0.01,13,3536,买盘
1255,11:15:34,2.72,0.0,44,11968,买盘
1256,11:15:36,2.72,0.0,6,1632,买盘
1257,11:15:40,2.71,-0.01,33,8974,卖盘
1258,11:15:45,2.72,0.01,7,1904,买盘
1259,11:15:48,2.72,0.0,13,3536,买盘
1260,11:15:52,2.71,-0.01,219,59368,卖盘
1261,11:15:58,2.71,0.0,1,271,卖盘
1262,11:16:04,2.72,0.01,40,10878,买盘
1263,11:16:07,2.71,-0.01,70,18970,卖盘
1264,11:16:19,2.71,0.0,7,1897,卖盘
1265,11:16:33,2.72,0.01,36,9792,买盘
1266,11:16:36,2.71,-0.01,15,4065,卖盘
1267,11:16:39,2.72,0.01,9,2448,买盘
1268,11:16:42,2.72,0.0,30,8160,买盘
1269,11:16:45,2.71,-0.01,1,271,卖盘
1270,11:16:51,2.72,0.01,4,1088,买盘
1271,11:16:57,2.71,-0.01,22,5962,卖盘
1272,11:17:04,2.71,0.0,3,813,卖盘
1273,11:17:21,2.72,0.01,506,137626,买盘
1274,11:17:24,2.71,-0.01,38,10334,卖盘
1275,11:17:27,2.72,0.01,2,544,买盘
1276,11:17:30,2.71,-0.01,1,271,卖盘
1277,11:17:33,2.72,0.01,4,1088,买盘
1278,11:17:36,2.71,-0.01,1,271,卖盘
1279,11:17:45,2.71,0.0,26,7046,卖盘
1280,11:17:48,2.71,0.0,48,13008,卖盘
1281,11:18:04,2.71,0.0,8,2174,卖盘
1282,11:18:16,2.72,0.01,13,3536,买盘
1283,11:18:19,2.71,-0.01,6,1626,卖盘
1284,11:18:24,2.72,0.01,1,272,买盘
1285,11:18:28,2.71,-0.01,74,20054,卖盘
1286,11:18:30,2.71,0.0,3,813,卖盘
1287,11:18:33,2.72,0.01,4,1088,买盘
1288,11:18:45,2.71,-0.01,300,81300,卖盘
1289,11:18:54,2.71,0.0,1,271,卖盘
1290,11:18:57,2.72,0.01,46,12512,买盘
1291,11:19:03,2.72,0.0,18,4896,买盘
1292,11:19:09,2.71,-0.01,14,3794,卖盘
1293,11:19:12,2.71,0.0,2,542,卖盘
1294,11:19:15,2.71,0.0,1,271,卖盘
1295,11:19:18,2.71,0.0,2,542,卖盘
1296,11:19:21,2.71,0.0,6,1626,卖盘
1297,11:19:55,2.72,0.01,2,544,买盘
1298,11:20:04,2.72,0.0,1,272,买盘
1299,11:20:06,2.71,-0.01,2,543,卖盘
1300,11:20:13,2.72,0.01,4,1088,买盘
1301,11:20:21,2.71,-0.01,6,1626,卖盘
1302,11:20:27,2.72,0.01,7,1904,买盘
1303,11:20:30,2.72,0.0,36,9792,买盘
1304,11:20:33,2.72,0.0,21,5712,买盘
1305,11:20:40,2.72,0.0,8,2175,买盘
1306,11:20:42,2.72,0.0,921,250512,买盘
1307,11:20:46,2.73,0.01,12,3276,买盘
1308,11:20:54,2.72,-0.01,2,544,卖盘
1309,11:20:57,2.72,0.0,2,544,卖盘
1310,11:21:04,2.72,0.0,2,544,卖盘
1311,11:21:06,2.72,0.0,94,25573,卖盘
1312,11:21:21,2.72,0.0,142,38624,卖盘
1313,11:21:36,2.72,0.0,65,17680,卖盘
1314,11:21:45,2.72,0.0,1,272,卖盘
1315,11:21:51,2.73,0.01,6,1636,买盘
1316,11:21:54,2.72,-0.01,45,12240,卖盘
1317,11:22:04,2.72,0.0,2,544,卖盘
1318,11:22:09,2.73,0.01,4,1092,买盘
1319,11:22:18,2.72,-0.01,6,1632,卖盘
1320,11:22:24,2.73,0.01,1,273,买盘
1321,11:22:30,2.73,0.0,3,819,买盘
1322,11:22:33,2.73,0.0,23,6279,买盘
1323,11:22:36,2.72,-0.01,52,14144,卖盘
1324,11:22:39,2.72,0.0,2,544,卖盘
1325,11:22:42,2.72,0.0,43,11696,卖盘
1326,11:23:04,2.72,0.0,1,272,卖盘
1327,11:23:12,2.72,0.0,24,6528,卖盘
1328,11:23:21,2.72,0.0,6,1632,卖盘
1329,11:23:27,2.72,0.0,1,272,卖盘
1330,11:23:33,2.73,0.01,4,1092,买盘
1331,11:23:57,2.72,-0.01,14,3808,卖盘
1332,11:24:03,2.73,0.01,5,1363,买盘
1333,11:24:15,2.73,0.0,102,27844,买盘
1334,11:24:21,2.72,-0.01,6,1632,卖盘
1335,11:24:24,2.72,0.0,2,544,卖盘
1336,11:24:33,2.73,0.01,31,8463,买盘
1337,11:24:42,2.72,-0.01,1,272,卖盘
1338,11:25:04,2.73,0.01,107,29210,买盘
1339,11:25:06,2.72,-0.01,1,272,卖盘
1340,11:25:09,2.73,0.01,4,1092,买盘
1341,11:25:18,2.72,-0.01,6,1632,卖盘
1342,11:25:39,2.72,0.0,1,272,卖盘
1343,11:25:42,2.72,0.0,1,272,卖盘
1344,11:25:45,2.73,0.01,1,273,买盘
1345,11:25:48,2.73,0.0,11,3003,买盘
1346,11:25:57,2.72,-0.01,1,272,卖盘
1347,11:26:00,2.72,0.0,1,272,卖盘
1348,11:26:04,2.72,0.0,2,544,卖盘
1349,11:26:06,2.73,0.01,264,72072,买盘
1350,11:26:09,2.72,-0.01,4,1090,卖盘
1351,11:26:18,2.72,0.0,7,1904,卖盘
1352,11:26:21,2.72,0.0,1,272,卖盘
1353,11:26:36,2.72,0.0,25,6800,卖盘
1354,11:26:42,2.72,0.0,110,30029,卖盘
1355,11:26:45,2.72,0.0,3,816,卖盘
1356,11:26:51,2.73,0.01,4,1092,买盘
1357,11:27:00,2.73,0.0,1982,541057,买盘
1358,11:27:03,2.74,0.01,89,24325,买盘
1359,11:27:12,2.73,-0.01,1,273,卖盘
1360,11:27:21,2.74,0.01,8,2186,买盘
1361,11:27:24,2.74,0.0,55,15070,买盘
1362,11:27:27,2.73,-0.01,179,48867,卖盘
1363,11:27:30,2.73,0.0,43,11739,卖盘
1364,11:27:33,2.73,0.0,60,16380,卖盘
1365,11:27:36,2.73,0.0,1,273,卖盘
1366,11:27:55,2.73,0.0,3,819,卖盘
1367,11:28:03,2.73,0.0,1,273,卖盘
1368,11:28:06,2.74,0.01,13,3562,买盘
1369,11:28:12,2.73,-0.01,7,1911,卖盘
1370,11:28:18,2.73,0.0,1,273,卖盘
1371,11:28:21,2.73,0.0,196,53508,卖盘
1372,11:28:24,2.73,0.0,75,20475,买盘
1373,11:28:27,2.73,0.0,9,2456,买盘
1374,11:28:30,2.73,0.0,6,1638,买盘
1375,11:28:33,2.73,0.0,5,1365,买盘
1376,11:28:39,2.73,0.0,211,57603,买盘
1377,11:28:42,2.73,0.0,8,2184,卖盘
1378,11:28:48,2.73,0.0,1,273,卖盘
1379,11:28:51,2.73,0.0,95,25935,卖盘
1380,11:28:58,2.73,0.0,10,2730,买盘
1381,11:29:04,2.73,0.0,17,4656,卖盘
1382,11:29:07,2.74,0.01,8,2192,买盘
1383,11:29:10,2.73,-0.01,46,12570,卖盘
1384,11:29:12,2.73,0.0,12,3276,买盘
1385,11:29:15,2.73,0.0,2,546,买盘
1386,11:29:18,2.74,0.01,1,274,买盘
1387,11:29:21,2.73,-0.01,6,1638,卖盘
1388,11:29:24,2.74,0.01,12,3288,买盘
1389,11:29:27,2.73,-0.01,69,18837,卖盘
1390,11:29:39,2.73,0.0,2,546,买盘
1391,13:00:04,2.73,0.0,141,38485,买盘
1392,13:00:06,2.72,-0.01,55,14960,卖盘
1393,13:00:10,2.73,0.01,51,13923,买盘
1394,13:00:12,2.73,0.0,98,26754,买盘
1395,13:00:24,2.72,-0.01,6,1632,卖盘
1396,13:00:27,2.72,0.0,2,544,卖盘
1397,13:00:30,2.72,0.0,10,2720,卖盘
1398,13:00:33,2.72,0.0,2,544,卖盘
1399,13:00:36,2.72,0.0,2,544,卖盘
1400,13:00:39,2.72,0.0,105,28560,卖盘
1401,13:00:42,2.72,0.0,266,72356,卖盘
1402,13:00:45,2.72,0.0,1,272,卖盘
1403,13:00:54,2.72,0.0,56,15232,卖盘
1404,13:00:58,2.72,0.0,1,272,卖盘
1405,13:01:00,2.72,0.0,300,81600,卖盘
1406,13:01:04,2.72,0.0,1,272,卖盘
1407,13:01:22,2.72,0.0,7,1904,卖盘
1408,13:01:39,2.72,0.0,1,272,卖盘
1409,13:01:43,2.72,0.0,14,3808,卖盘
1410,13:01:46,2.73,0.01,4,1092,买盘
1411,13:01:48,2.72,-0.01,100,27200,卖盘
1412,13:01:57,2.72,0.0,105,28560,卖盘
1413,13:02:03,2.72,0.0,2,544,卖盘
1414,13:02:12,2.72,0.0,90,24480,卖盘
1415,13:02:21,2.72,0.0,6,1632,卖盘
1416,13:02:30,2.73,0.01,70,19110,买盘
1417,13:02:36,2.72,-0.01,2,544,卖盘
1418,13:03:04,2.72,0.0,1,272,卖盘
1419,13:03:21,2.72,0.0,7,1904,卖盘
1420,13:03:27,2.73,0.01,5,1364,买盘
1421,13:03:54,2.72,-0.01,241,65552,卖盘
1422,13:04:00,2.72,0.0,1,272,卖盘
1423,13:04:04,2.72,0.0,2,544,卖盘
1424,13:04:12,2.72,0.0,1,272,卖盘
1425,13:04:15,2.72,0.0,1,272,卖盘
1426,13:04:21,2.72,0.0,25,6800,卖盘
1427,13:04:39,2.72,0.0,50,13600,卖盘
1428,13:04:45,2.72,0.0,29,7895,卖盘
1429,13:04:48,2.72,0.0,19,5168,卖盘
1430,13:04:57,2.72,0.0,99,26928,卖盘
1431,13:05:03,2.72,0.0,2,544,卖盘
1432,13:05:06,2.73,0.01,5,1364,买盘
1433,13:05:10,2.73,0.0,160,43580,买盘
1434,13:05:18,2.72,-0.01,163,44336,卖盘
1435,13:05:22,2.72,0.0,9,2448,卖盘
1436,13:05:24,2.72,0.0,6,1632,卖盘
1437,13:05:27,2.72,0.0,1,272,卖盘
1438,13:05:30,2.72,0.0,440,119680,卖盘
1439,13:05:33,2.72,0.0,124,33651,卖盘
1440,13:05:57,2.71,-0.01,2,542,卖盘
1441,13:06:03,2.71,0.0,1,271,卖盘
1442,13:06:09,2.71,0.0,1,271,卖盘
1443,13:06:21,2.71,0.0,7,1897,卖盘
1444,13:06:27,2.72,0.01,435,118320,买盘
1445,13:06:30,2.71,-0.01,150,40650,卖盘
1446,13:06:42,2.71,0.0,303,82113,卖盘
1447,13:06:45,2.72,0.01,4,1088,买盘
1448,13:06:48,2.71,-0.01,1,271,卖盘
1449,13:07:04,2.71,0.0,2,542,卖盘
1450,13:07:22,2.71,0.0,6,1626,卖盘
1451,13:07:33,2.72,0.01,13,3536,买盘
1452,13:07:36,2.71,-0.01,1,271,卖盘
1453,13:07:51,2.72,0.01,1000,272000,买盘
1454,13:08:09,2.72,0.0,12,3264,买盘
1455,13:08:21,2.72,0.0,787,213463,买盘
1456,13:08:25,2.72,0.0,3,816,卖盘
1457,13:08:27,2.73,0.01,5,1364,买盘
1458,13:08:42,2.72,-0.01,50,13600,卖盘
1459,13:08:57,2.73,0.01,1251,341523,买盘
1460,13:09:00,2.73,0.0,89,24297,卖盘
1461,13:09:03,2.73,0.0,1,273,卖盘
1462,13:09:06,2.73,0.0,111,30303,卖盘
1463,13:09:12,2.73,0.0,30,8190,卖盘
1464,13:09:15,2.73,0.0,10,2730,卖盘
1465,13:09:21,2.74,0.01,11,3008,买盘
1466,13:09:30,2.73,-0.01,1,273,卖盘
1467,13:09:36,2.73,0.0,1,273,卖盘
1468,13:09:39,2.73,0.0,30,8190,卖盘
1469,13:09:45,2.73,0.0,10,2730,卖盘
1470,13:10:00,2.73,0.0,1,273,卖盘
1471,13:10:03,2.73,0.0,15,4108,卖盘
1472,13:10:06,2.73,0.0,5,1369,卖盘
1473,13:10:18,2.73,0.0,301,82175,卖盘
1474,13:10:21,2.73,0.0,6,1638,卖盘
1475,13:10:36,2.73,0.0,48,13104,卖盘
1476,13:10:45,2.74,0.01,18,4932,买盘
1477,13:10:54,2.73,-0.01,184,50232,卖盘
1478,13:10:57,2.73,0.0,89,24297,卖盘
1479,13:11:00,2.73,0.0,1,273,卖盘
1480,13:11:04,2.73,0.0,1,273,卖盘
1481,13:11:09,2.73,0.0,1,273,卖盘
1482,13:11:18,2.73,0.0,151,41223,卖盘
1483,13:11:21,2.73,0.0,7,1911,卖盘
1484,13:11:24,2.73,0.0,153,41769,卖盘
1485,13:11:27,2.73,0.0,10,2730,卖盘
1486,13:11:33,2.72,-0.01,1014,276420,卖盘
1487,13:11:45,2.73,0.01,4,1092,买盘
1488,13:11:49,2.72,-0.01,2,544,卖盘
1489,13:11:54,2.72,0.0,13,3536,卖盘
1490,13:12:04,2.72,0.0,2,544,卖盘
1491,13:12:09,2.73,0.01,103,28119,买盘
1492,13:12:12,2.72,-0.01,10,2720,卖盘
1493,13:12:15,2.72,0.0,23,6266,卖盘
1494,13:12:18,2.73,0.01,300,81900,买盘
1495,13:12:22,2.72,-0.01,6,1632,卖盘
1496,13:12:27,2.72,0.0,13,3536,卖盘
1497,13:12:36,2.72,0.0,1,272,卖盘
1498,13:12:39,2.72,0.0,1,272,卖盘
1499,13:12:49,2.72,0.0,39,10608,卖盘
1500,13:12:57,2.73,0.01,173,47153,买盘
1501,13:13:00,2.73,0.0,36,9828,买盘
1502,13:13:19,2.73,0.0,96,26208,买盘
1503,13:13:21,2.72,-0.01,18,4896,卖盘
1504,13:13:28,2.72,0.0,103,28018,卖盘
1505,13:13:30,2.72,0.0,46,12512,卖盘
1506,13:13:40,2.72,0.0,13,3536,卖盘
1507,13:13:42,2.72,0.0,1,272,卖盘
1508,13:13:54,2.73,0.01,300,81900,买盘
1509,13:14:06,2.72,-0.01,405,110262,卖盘
1510,13:14:12,2.72,0.0,19,5168,卖盘
1511,13:14:15,2.72,0.0,9,2448,卖盘
1512,13:14:21,2.72,0.0,6,1632,卖盘
1513,13:14:24,2.72,0.0,10,2720,卖盘
1514,13:14:27,2.72,0.0,20,5440,卖盘
1515,13:14:37,2.73,0.01,3,818,买盘
1516,13:14:39,2.73,0.0,13,3549,买盘
1517,13:14:51,2.72,-0.01,803,218416,卖盘
1518,13:14:54,2.72,0.0,300,81600,买盘
1519,13:15:07,2.71,-0.01,2,542,卖盘
1520,13:15:09,2.71,0.0,20,5420,卖盘
1521,13:15:15,2.71,0.0,2,542,卖盘
1522,13:15:21,2.71,0.0,6,1626,卖盘
1523,13:15:36,2.71,0.0,20,5420,卖盘
1524,13:15:39,2.72,0.01,76,20672,买盘
1525,13:15:48,2.72,0.0,4,1088,买盘
1526,13:15:54,2.72,0.0,2,544,买盘
1527,13:15:57,2.71,-0.01,994,269374,卖盘
1528,13:16:03,2.71,0.0,39,10607,卖盘
1529,13:16:06,2.71,0.0,13,3523,卖盘
1530,13:16:09,2.71,0.0,3,813,卖盘
1531,13:16:22,2.71,0.0,7,1897,卖盘
1532,13:16:33,2.71,0.0,14,3794,卖盘
1533,13:16:36,2.72,0.01,319,86749,买盘
1534,13:16:48,2.71,-0.01,12,3252,卖盘
1535,13:16:54,2.71,0.0,13,3523,卖盘
1536,13:16:57,2.71,0.0,58,15718,卖盘
1537,13:17:03,2.71,0.0,2,542,卖盘
1538,13:17:06,2.71,0.0,4,1084,卖盘
1539,13:17:09,2.71,0.0,13,3523,卖盘
1540,13:17:21,2.72,0.01,8,2170,买盘
1541,13:17:27,2.71,-0.01,18,4878,卖盘
1542,13:17:31,2.71,0.0,62,16802,卖盘
1543,13:17:33,2.71,0.0,43,11653,卖盘
1544,13:17:36,2.71,0.0,2,542,卖盘
1545,13:17:40,2.71,0.0,26,7046,卖盘
1546,13:17:46,2.71,0.0,13,3523,卖盘
1547,13:17:51,2.71,0.0,141,38211,卖盘
1548,13:18:04,2.72,0.01,313,85123,买盘
1549,13:18:06,2.71,-0.01,3,813,卖盘
1550,13:18:09,2.71,0.0,62,16802,卖盘
1551,13:18:12,2.71,0.0,21,5691,卖盘
1552,13:18:16,2.71,0.0,13,3523,卖盘
1553,13:18:21,2.71,0.0,7,1897,卖盘
1554,13:18:24,2.71,0.0,36,9756,卖盘
1555,13:18:28,2.71,0.0,13,3523,卖盘
1556,13:18:30,2.71,0.0,532,144172,卖盘
1557,13:18:33,2.71,0.0,28,7588,卖盘
1558,13:18:36,2.71,0.0,214,57994,卖盘
1559,13:18:39,2.71,0.0,188,50948,卖盘
1560,13:18:42,2.71,0.0,41,11111,卖盘
1561,13:18:45,2.71,0.0,80,21680,买盘
1562,13:18:48,2.7,-0.01,17,4590,卖盘
1563,13:19:03,2.71,0.01,440,119240,买盘
1564,13:19:09,2.71,0.0,10,2710,卖盘
1565,13:19:15,2.71,0.0,1,271,卖盘
1566,13:19:19,2.71,0.0,5,1355,卖盘
1567,13:19:21,2.71,0.0,6,1626,卖盘
1568,13:19:25,2.71,0.0,1,271,卖盘
1569,13:19:27,2.71,0.0,39,10569,卖盘
1570,13:19:31,2.7,-0.01,13,3510,卖盘
1571,13:19:36,2.7,0.0,12,3240,卖盘
1572,13:19:39,2.71,0.01,1,271,买盘
1573,13:19:49,2.71,0.0,75,20325,买盘
1574,13:19:54,2.71,0.0,2,542,卖盘
1575,13:20:00,2.71,0.0,1,271,卖盘
1576,13:20:04,2.71,0.0,2,542,卖盘
1577,13:20:07,2.7,-0.01,122,33061,卖盘
1578,13:20:09,2.71,0.01,25,6775,买盘
1579,13:20:12,2.7,-0.01,27,7290,卖盘
1580,13:20:15,2.7,0.0,9,2430,卖盘
1581,13:20:21,2.7,0.0,6,1620,卖盘
1582,13:20:48,2.7,0.0,7,1890,卖盘
1583,13:20:57,2.7,0.0,14,3780,卖盘
1584,13:21:04,2.7,0.0,2,540,卖盘
1585,13:21:06,2.7,0.0,5,1350,卖盘
1586,13:21:12,2.71,0.01,500,135500,买盘
1587,13:21:21,2.71,0.0,548,148501,买盘
1588,13:21:24,2.71,0.0,14,3794,买盘
1589,13:21:27,2.71,0.0,9,2439,买盘
1590,13:21:37,2.71,0.0,34,9214,买盘
1591,13:21:40,2.71,0.0,3,813,卖盘
1592,13:21:48,2.71,0.0,1,271,卖盘
1593,13:21:51,2.71,0.0,1,271,卖盘
1594,13:22:04,2.71,0.0,1,271,卖盘
1595,13:22:09,2.72,0.01,2,544,买盘
1596,13:22:18,2.72,0.0,42,11411,买盘
1597,13:22:21,2.71,-0.01,32,8672,卖盘
1598,13:22:24,2.71,0.0,13,3523,卖盘
1599,13:22:30,2.71,0.0,24,6504,卖盘
1600,13:22:33,2.71,0.0,13,3523,卖盘
1601,13:22:36,2.71,0.0,4,1084,卖盘
1602,13:23:04,2.71,0.0,2,542,卖盘
1603,13:23:06,2.71,0.0,22,5962,卖盘
1604,13:23:18,2.71,0.0,71,19241,卖盘
1605,13:23:21,2.71,0.0,6,1626,卖盘
1606,13:23:24,2.71,0.0,43,11653,卖盘
1607,13:23:27,2.71,0.0,2,542,卖盘
1608,13:23:30,2.71,0.0,1,271,卖盘
1609,13:23:57,2.72,0.01,2,544,买盘
1610,13:24:03,2.71,-0.01,3,813,卖盘
1611,13:24:06,2.71,0.0,13,3523,卖盘
1612,13:24:09,2.71,0.0,3,813,卖盘
1613,13:24:12,2.71,0.0,6,1626,卖盘
1614,13:24:15,2.71,0.0,2,542,卖盘
1615,13:24:21,2.71,0.0,6,1626,卖盘
1616,13:24:30,2.72,0.01,40,10880,买盘
1617,13:24:42,2.72,0.0,360,97920,买盘
1618,13:25:04,2.71,-0.01,10,2710,卖盘
1619,13:25:06,2.71,0.0,14,3794,卖盘
1620,13:25:12,2.71,0.0,57,15447,卖盘
1621,13:25:15,2.71,0.0,41,11111,卖盘
1622,13:25:18,2.71,0.0,52,14092,卖盘
1623,13:25:21,2.71,0.0,19,5149,卖盘
1624,13:25:24,2.7,-0.01,1152,312179,卖盘
1625,13:25:27,2.7,0.0,13,3510,卖盘
1626,13:25:33,2.7,0.0,109,29430,卖盘
1627,13:25:36,2.7,0.0,18,4860,卖盘
1628,13:25:39,2.7,0.0,5,1350,卖盘
1629,13:25:42,2.7,0.0,1,270,卖盘
1630,13:25:45,2.7,0.0,20,5400,卖盘
1631,13:25:48,2.7,0.0,10,2700,卖盘
1632,13:25:51,2.7,0.0,5,1350,卖盘
1633,13:25:54,2.7,0.0,22,5960,卖盘
1634,13:25:57,2.7,0.0,24,6480,卖盘
1635,13:26:00,2.7,0.0,12,3240,卖盘
1636,13:26:04,2.7,0.0,38,10260,卖盘
1637,13:26:06,2.71,0.01,319,86430,买盘
1638,13:26:09,2.7,-0.01,89,24030,卖盘
1639,13:26:19,2.72,0.02,500,135530,买盘
1640,13:26:22,2.7,-0.02,7,1890,卖盘
1641,13:26:24,2.7,0.0,20,5400,卖盘
1642,13:26:33,2.71,0.01,106,28726,买盘
1643,13:26:36,2.71,0.0,9,2439,卖盘
1644,13:26:45,2.72,0.01,31,8412,买盘
1645,13:26:48,2.71,-0.01,7,1897,卖盘
1646,13:26:57,2.71,0.0,1,271,卖盘
1647,13:27:04,2.72,0.01,1057,287503,买盘
1648,13:27:12,2.72,0.0,54,14688,买盘
1649,13:27:15,2.72,0.0,58,15776,买盘
1650,13:27:21,2.71,-0.01,6,1626,卖盘
1651,13:27:24,2.71,0.0,1,271,卖盘
1652,13:27:36,2.71,0.0,1,271,卖盘
1653,13:27:46,2.72,0.01,56,15232,买盘
1654,13:27:51,2.72,0.0,54,14688,买盘
1655,13:27:57,2.72,0.0,62,16864,买盘
1656,13:28:04,2.71,-0.01,3,813,卖盘
1657,13:28:09,2.71,0.0,1,271,卖盘
1658,13:28:15,2.71,0.0,2,542,卖盘
1659,13:28:21,2.71,0.0,6,1626,卖盘
1660,13:28:28,2.71,0.0,57,15503,卖盘
1661,13:28:33,2.71,0.0,2,542,卖盘
1662,13:28:36,2.72,0.01,2,544,买盘
1663,13:28:39,2.72,0.0,66,17952,买盘
1664,13:28:42,2.72,0.0,6,1632,买盘
1665,13:28:45,2.72,0.0,55,14960,买盘
1666,13:28:54,2.72,0.0,56,15232,买盘
1667,13:28:57,2.72,0.0,3,816,买盘
1668,13:29:00,2.72,0.0,41,11152,买盘
1669,13:29:04,2.72,0.0,52,14144,卖盘
1670,13:29:09,2.72,0.0,17,4624,卖盘
1671,13:29:15,2.72,0.0,1,272,卖盘
1672,13:29:18,2.72,0.0,3,816,卖盘
1673,13:29:21,2.72,0.0,6,1632,卖盘
1674,13:29:27,2.73,0.01,144,39222,买盘
1675,13:29:30,2.72,-0.01,1,272,卖盘
1676,13:29:42,2.73,0.01,67,18291,买盘
1677,13:29:48,2.73,0.0,50,13650,买盘
1678,13:29:57,2.73,0.0,55,15015,买盘
1679,13:30:04,2.73,0.0,57,15561,买盘
1680,13:30:06,2.72,-0.01,53,14416,卖盘
1681,13:30:12,2.72,0.0,285,77520,卖盘
1682,13:30:16,2.72,0.0,1,272,卖盘
1683,13:30:22,2.72,0.0,6,1632,卖盘
1684,13:30:24,2.72,0.0,18,4896,卖盘
1685,13:30:27,2.72,0.0,2,544,卖盘
1686,13:30:36,2.73,0.01,56,15288,买盘
1687,13:30:39,2.72,-0.01,18,4896,卖盘
1688,13:30:45,2.73,0.01,48,13104,买盘
1689,13:30:51,2.73,0.0,56,15288,买盘
1690,13:30:54,2.72,-0.01,43,11696,卖盘
1691,13:30:57,2.72,0.0,1,272,卖盘
1692,13:31:00,2.72,0.0,178,48416,卖盘
1693,13:31:04,2.72,0.0,2,544,卖盘
1694,13:31:06,2.72,0.0,18,4896,卖盘
1695,13:31:09,2.72,0.0,1,272,卖盘
1696,13:31:15,2.72,0.0,99,27064,卖盘
1697,13:31:18,2.72,0.0,1,272,卖盘
1698,13:31:21,2.72,0.0,8,2176,卖盘
1699,13:31:24,2.72,0.0,3,816,卖盘
1700,13:31:30,2.73,0.01,55,15015,买盘
1701,13:31:33,2.72,-0.01,18,4896,卖盘
1702,13:31:39,2.72,0.0,182,49368,卖盘
1703,13:31:45,2.72,0.0,55,14960,买盘
1704,13:31:48,2.71,-0.01,1,271,卖盘
1705,13:31:54,2.72,0.01,5,1360,买盘
1706,13:32:00,2.72,0.0,18,4896,买盘
1707,13:32:04,2.71,-0.01,20,5420,卖盘
1708,13:32:09,2.71,0.0,8,2174,卖盘
1709,13:32:15,2.71,0.0,20,5420,卖盘
1710,13:32:18,2.72,0.01,21,5711,买盘
1711,13:32:22,2.71,-0.01,32,8672,卖盘
1712,13:32:24,2.71,0.0,90,24530,卖盘
1713,13:32:37,2.71,0.0,15,4065,卖盘
1714,13:32:43,2.72,0.01,6,1632,买盘
1715,13:32:54,2.72,0.0,5,1360,买盘
1716,13:33:09,2.71,-0.01,3,813,卖盘
1717,13:33:12,2.72,0.01,6,1632,买盘
1718,13:33:21,2.71,-0.01,6,1626,卖盘
1719,13:33:24,2.72,0.01,5,1360,买盘
1720,13:33:27,2.71,-0.01,1,271,卖盘
1721,13:33:30,2.71,0.0,2,542,卖盘
1722,13:33:33,2.71,0.0,1,271,卖盘
1723,13:33:42,2.72,0.01,6,1632,买盘
1724,13:33:54,2.72,0.0,5,1360,买盘
1725,13:34:00,2.71,-0.01,85,23035,卖盘
1726,13:34:04,2.71,0.0,12,3252,卖盘
1727,13:34:09,2.72,0.01,20,5440,买盘
1728,13:34:12,2.72,0.0,12,3258,买盘
1729,13:34:15,2.71,-0.01,3,813,卖盘
1730,13:34:21,2.71,0.0,6,1626,卖盘
1731,13:34:24,2.71,0.0,95,25750,卖盘
1732,13:34:30,2.71,0.0,12,3252,卖盘
1733,13:34:42,2.72,0.01,10,2716,买盘
1734,13:34:45,2.71,-0.01,40,10840,卖盘
1735,13:34:51,2.71,0.0,2,542,卖盘
1736,13:34:54,2.72,0.01,5,1360,买盘
1737,13:34:57,2.71,-0.01,2,542,卖盘
1738,13:35:00,2.71,0.0,97,26287,卖盘
1739,13:35:04,2.71,0.0,1,271,卖盘
1740,13:35:06,2.71,0.0,1,271,卖盘
1741,13:35:09,2.71,0.0,82,22222,卖盘
1742,13:35:12,2.71,0.0,1,271,卖盘
1743,13:35:16,2.71,0.0,61,16537,卖盘
1744,13:35:21,2.71,0.0,6,1626,卖盘
1745,13:35:25,2.71,0.0,85,23035,卖盘
1746,13:35:30,2.71,0.0,3,813,卖盘
1747,13:35:39,2.71,0.0,18,4878,卖盘
1748,13:35:42,2.71,0.0,40,10840,卖盘
1749,13:35:48,2.71,0.0,15,4065,卖盘
1750,13:35:57,2.71,0.0,98,26558,卖盘
1751,13:36:00,2.71,0.0,13,3523,卖盘
1752,13:36:04,2.71,0.0,254,68834,卖盘
1753,13:36:06,2.71,0.0,56,15177,卖盘
1754,13:36:09,2.71,0.0,650,176150,卖盘
1755,13:36:15,2.71,0.0,12,3252,卖盘
1756,13:36:21,2.71,0.0,7,1897,卖盘
1757,13:36:24,2.71,0.0,18,4878,卖盘
1758,13:36:27,2.71,0.0,85,23035,卖盘
1759,13:36:30,2.71,0.0,97,26287,卖盘
1760,13:36:33,2.71,0.0,50,13550,卖盘
1761,13:36:43,2.71,0.0,87,23577,卖盘
1762,13:36:48,2.71,0.0,41,11111,卖盘
1763,13:36:51,2.71,0.0,973,263683,卖盘
1764,13:36:54,2.71,0.0,6,1625,买盘
1765,13:36:57,2.7,-0.01,99,26730,卖盘
1766,13:37:00,2.71,0.01,26,7046,买盘
1767,13:37:04,2.71,0.0,4,1084,卖盘
1768,13:37:09,2.7,-0.01,44,11880,卖盘
1769,13:37:15,2.72,0.02,1015,276065,买盘
1770,13:37:21,2.72,0.0,23,6238,买盘
1771,13:37:24,2.7,-0.02,94,25394,卖盘
1772,13:37:27,2.7,0.0,400,108012,卖盘
1773,13:37:31,2.71,0.01,5,1355,买盘
1774,13:37:33,2.71,0.0,3,813,卖盘
1775,13:37:36,2.71,0.0,1,271,卖盘
1776,13:37:42,2.71,0.0,2,542,卖盘
1777,13:37:45,2.71,0.0,129,34959,卖盘
1778,13:37:54,2.71,0.0,100,27100,卖盘
1779,13:37:57,2.71,0.0,28,7588,卖盘
1780,13:38:00,2.71,0.0,1,271,卖盘
1781,13:38:04,2.71,0.0,2,542,卖盘
1782,13:38:06,2.72,0.01,1,272,买盘
1783,13:38:13,2.71,-0.01,41,11111,卖盘
1784,13:38:15,2.71,0.0,77,20867,卖盘
1785,13:38:24,2.71,0.0,16,4336,卖盘
1786,13:38:27,2.71,0.0,2,542,卖盘
1787,13:38:30,2.71,0.0,13,3523,卖盘
1788,13:38:33,2.72,0.01,1,272,买盘
1789,13:38:36,2.71,-0.01,32,8672,卖盘
1790,13:38:43,2.71,0.0,3,813,卖盘
1791,13:39:04,2.71,0.0,2,542,卖盘
1792,13:39:15,2.71,0.0,42,11382,卖盘
1793,13:39:21,2.71,0.0,46,12466,卖盘
1794,13:39:39,2.71,0.0,450,121950,卖盘
1795,13:39:42,2.71,0.0,20,5420,卖盘
1796,13:39:45,2.71,0.0,200,54200,卖盘
1797,13:39:48,2.71,0.0,4,1084,卖盘
1798,13:39:51,2.71,0.0,5,1355,卖盘
1799,13:40:03,2.71,0.0,1,271,卖盘
1800,13:40:06,2.71,0.0,291,78860,卖盘
1801,13:40:10,2.72,0.01,6,1632,买盘
1802,13:40:12,2.71,-0.01,32,8672,买盘
1803,13:40:15,2.71,0.0,38,10298,买盘
1804,13:40:18,2.71,0.0,15,4065,买盘
1805,13:40:21,2.71,0.0,33,8932,买盘
1806,13:40:27,2.7,-0.01,2,540,卖盘
1807,13:40:30,2.71,0.01,1,271,买盘
1808,13:40:37,2.71,0.0,829,224659,买盘
1809,13:40:40,2.71,0.0,69,18699,卖盘
1810,13:40:57,2.71,0.0,1,271,卖盘
1811,13:41:03,2.71,0.0,2,542,卖盘
1812,13:41:19,2.71,0.0,286,77506,卖盘
1813,13:41:21,2.71,0.0,7,1897,卖盘
1814,13:41:42,2.72,0.01,79,21488,买盘
1815,13:41:46,2.72,0.0,59,16044,买盘
1816,13:41:48,2.71,-0.01,2,542,卖盘
1817,13:42:04,2.71,0.0,2,542,卖盘
1818,13:42:21,2.72,0.01,75,20400,买盘
1819,13:42:24,2.71,-0.01,6,1626,卖盘
1820,13:42:30,2.72,0.01,54,14688,买盘
1821,13:42:36,2.71,-0.01,1,271,卖盘
1822,13:42:51,2.71,0.0,3,813,卖盘
1823,13:43:03,2.71,0.0,80,21759,卖盘
1824,13:43:12,2.72,0.01,54,14688,买盘
1825,13:43:22,2.71,-0.01,6,1626,卖盘
1826,13:43:27,2.71,0.0,1,271,卖盘
1827,13:43:36,2.71,0.0,30,8130,卖盘
1828,13:43:45,2.71,0.0,92,25003,卖盘
1829,13:43:48,2.72,0.01,40,10880,买盘
1830,13:43:54,2.71,-0.01,59,16044,卖盘
1831,13:44:04,2.71,0.0,2,542,卖盘
1832,13:44:12,2.72,0.01,20,5440,买盘
1833,13:44:15,2.71,-0.01,2,542,卖盘
1834,13:44:21,2.72,0.01,12,3258,买盘
1835,13:44:24,2.72,0.0,70,19040,买盘
1836,13:44:45,2.72,0.0,77,20941,买盘
1837,13:44:48,2.71,-0.01,21,5691,卖盘
1838,13:44:57,2.71,0.0,1,271,卖盘
1839,13:45:04,2.72,0.01,50,13599,买盘
1840,13:45:06,2.71,-0.01,1,271,卖盘
1841,13:45:21,2.71,0.0,6,1626,卖盘
1842,13:45:27,2.71,0.0,18,4878,卖盘
1843,13:45:42,2.71,0.0,4,1084,卖盘
1844,13:45:58,2.71,0.0,1,271,卖盘
1845,13:46:04,2.71,0.0,27,7317,卖盘
1846,13:46:21,2.71,0.0,7,1897,卖盘
1847,13:46:31,2.71,0.0,1,271,卖盘
1848,13:46:48,2.71,0.0,30,8130,卖盘
1849,13:47:00,2.71,0.0,3,813,卖盘
1850,13:47:03,2.71,0.0,2,542,卖盘
1851,13:47:12,2.71,0.0,2,542,卖盘
1852,13:47:25,2.72,0.01,434,118042,买盘
1853,13:47:36,2.71,-0.01,2,542,卖盘
1854,13:47:48,2.71,0.0,6,1626,卖盘
1855,13:47:54,2.72,0.01,204,55484,买盘
1856,13:48:06,2.71,-0.01,1,271,卖盘
1857,13:48:09,2.71,0.0,1,271,卖盘
1858,13:48:15,2.71,0.0,1,271,卖盘
1859,13:48:21,2.71,0.0,6,1626,卖盘
1860,13:48:27,2.71,0.0,1,271,卖盘
1861,13:48:48,2.71,0.0,3,813,卖盘
1862,13:48:51,2.71,0.0,1,271,卖盘
1863,13:48:54,2.71,0.0,69,18699,卖盘
1864,13:49:04,2.71,0.0,10,2710,卖盘
1865,13:49:12,2.71,0.0,6,1626,卖盘
1866,13:49:15,2.71,0.0,2,543,卖盘
1867,13:49:21,2.71,0.0,6,1626,卖盘
1868,13:49:24,2.71,0.0,5,1355,卖盘
1869,13:49:36,2.72,0.01,3,815,买盘
1870,13:49:42,2.71,-0.01,8,2168,卖盘
1871,13:49:45,2.71,0.0,1,271,卖盘
1872,13:49:51,2.71,0.0,5,1355,卖盘
1873,13:49:57,2.71,0.0,2,542,卖盘
1874,13:50:03,2.71,0.0,52,14142,卖盘
1875,13:50:06,2.71,0.0,1,271,卖盘
1876,13:50:10,2.71,0.0,153,41463,卖盘
1877,13:50:21,2.71,0.0,6,1626,卖盘
1878,13:50:42,2.71,0.0,4,1084,卖盘
1879,13:50:51,2.71,0.0,1,271,卖盘
1880,13:50:57,2.71,0.0,2,542,卖盘
1881,13:51:04,2.72,0.01,21,5710,买盘
1882,13:51:21,2.71,-0.01,7,1897,卖盘
1883,13:51:36,2.72,0.01,28,7616,买盘
1884,13:51:42,2.71,-0.01,289,78319,卖盘
1885,13:51:48,2.71,0.0,1,271,卖盘
1886,13:51:51,2.71,0.0,1,271,卖盘
1887,13:51:57,2.71,0.0,14,3794,卖盘
1888,13:52:03,2.71,0.0,21,5707,卖盘
1889,13:52:06,2.72,0.01,929,252552,买盘
1890,13:52:09,2.72,0.0,54,14688,卖盘
1891,13:52:15,2.72,0.0,22,5984,卖盘
1892,13:52:18,2.72,0.0,1,272,卖盘
1893,13:52:21,2.72,0.0,2,680,买盘
1894,13:52:27,2.71,-0.01,5,1355,卖盘
1895,13:52:33,2.71,0.0,4,1084,卖盘
1896,13:52:36,2.71,0.0,1,271,卖盘
1897,13:52:42,2.72,0.01,15,3942,买盘
1898,13:52:45,2.72,0.0,650,176800,卖盘
1899,13:52:48,2.72,0.0,90,24480,卖盘
1900,13:52:51,2.72,0.0,2,544,卖盘
1901,13:52:57,2.72,0.0,4,1088,卖盘
1902,13:53:00,2.72,0.0,107,29104,卖盘
1903,13:53:03,2.72,0.0,1,272,卖盘
1904,13:53:06,2.72,0.0,119,32368,卖盘
1905,13:53:09,2.73,0.01,3,818,买盘
1906,13:53:21,2.72,-0.01,6,1632,卖盘
1907,13:53:24,2.72,0.0,3,816,卖盘
1908,13:53:27,2.72,0.0,2,544,卖盘
1909,13:53:39,2.72,0.0,2,544,卖盘
1910,13:53:48,2.72,0.0,1,272,卖盘
1911,13:53:51,2.72,0.0,2,544,卖盘
1912,13:54:00,2.72,0.0,53,14416,卖盘
1913,13:54:04,2.72,0.0,2,544,卖盘
1914,13:54:15,2.72,0.0,1,272,卖盘
1915,13:54:18,2.72,0.0,100,27200,卖盘
1916,13:54:24,2.72,0.0,6,1632,卖盘
1917,13:54:27,2.73,0.01,1,273,买盘
1918,13:54:51,2.72,-0.01,1,272,卖盘
1919,13:54:54,2.72,0.0,12,3264,卖盘
1920,13:54:57,2.72,0.0,4,1088,卖盘
1921,13:55:04,2.72,0.0,16,4352,卖盘
1922,13:55:06,2.72,0.0,179,48866,卖盘
1923,13:55:21,2.72,0.0,5,1360,卖盘
1924,13:55:24,2.72,0.0,6,1632,卖盘
1925,13:55:27,2.72,0.0,2,544,卖盘
1926,13:55:30,2.73,0.01,500,136500,买盘
1927,13:55:43,2.73,0.0,6,1637,买盘
1928,13:55:51,2.72,-0.01,30,8160,卖盘
1929,13:55:54,2.72,0.0,3,816,卖盘
1930,13:55:57,2.73,0.01,341,93052,买盘
1931,13:56:21,2.72,-0.01,7,1904,卖盘
1932,13:56:30,2.72,0.0,1,272,卖盘
1933,13:56:42,2.72,0.0,4,1088,卖盘
1934,13:56:46,2.72,0.0,13,3539,卖盘
1935,13:56:48,2.72,0.0,2,544,卖盘
1936,13:56:57,2.72,0.0,500,136000,卖盘
1937,13:57:03,2.72,0.0,3,816,卖盘
1938,13:57:06,2.72,0.0,17,4624,卖盘
1939,13:57:09,2.72,0.0,6,1632,卖盘
1940,13:57:18,2.72,0.0,5,1360,卖盘
1941,13:57:21,2.72,0.0,10,2720,卖盘
1942,13:57:24,2.72,0.0,10,2720,卖盘
1943,13:57:30,2.73,0.01,25,6825,买盘
1944,13:57:36,2.72,-0.01,201,54872,卖盘
1945,13:57:39,2.72,0.0,7,1904,卖盘
1946,13:58:00,2.72,0.0,60,16320,卖盘
1947,13:58:04,2.72,0.0,5,1360,卖盘
1948,13:58:21,2.72,0.0,6,1632,卖盘
1949,13:58:27,2.72,0.0,1,272,卖盘
1950,13:58:36,2.72,0.0,1,272,卖盘
1951,13:58:48,2.72,0.0,4,1088,卖盘
1952,13:59:04,2.72,0.0,3,816,卖盘
1953,13:59:15,2.72,0.0,3,816,卖盘
1954,13:59:21,2.73,0.01,20,5442,买盘
1955,13:59:27,2.72,-0.01,11,2992,卖盘
1956,13:59:31,2.73,0.01,32,8705,买盘
1957,13:59:33,2.72,-0.01,53,14416,卖盘
1958,13:59:37,2.72,0.0,649,176528,卖盘
1959,13:59:51,2.72,0.0,3,816,卖盘
1960,13:59:55,2.72,0.0,113,30736,卖盘
1961,13:59:58,2.72,0.0,27,7344,卖盘
1962,14:00:06,2.72,0.0,3,816,卖盘
1963,14:00:10,2.72,0.0,71,19312,卖盘
1964,14:00:12,2.72,0.0,50,13600,卖盘
1965,14:00:15,2.72,0.0,48,13056,卖盘
1966,14:00:21,2.72,0.0,442,120224,卖盘
1967,14:00:27,2.72,0.0,1,272,卖盘
1968,14:00:30,2.72,0.0,1,272,卖盘
1969,14:00:36,2.72,0.0,204,55488,卖盘
1970,14:00:39,2.72,0.0,267,72624,卖盘
1971,14:00:42,2.72,0.0,34,9248,卖盘
1972,14:00:48,2.72,0.0,7,1904,卖盘
1973,14:00:52,2.72,0.0,5,1360,卖盘
1974,14:00:55,2.72,0.0,14,3808,卖盘
1975,14:00:58,2.72,0.0,2,544,卖盘
1976,14:01:01,2.72,0.0,4,1088,卖盘
1977,14:01:04,2.72,0.0,3,816,卖盘
1978,14:01:07,2.72,0.0,30,8160,卖盘
1979,14:01:10,2.72,0.0,6,1632,卖盘
1980,14:01:13,2.72,0.0,1,272,卖盘
1981,14:01:16,2.72,0.0,164,44608,卖盘
1982,14:01:19,2.72,0.0,28,7616,卖盘
1983,14:01:21,2.72,0.0,318,86496,卖盘
1984,14:01:25,2.72,0.0,423,115192,卖盘
1985,14:01:37,2.72,0.0,341,92598,买盘
1986,14:01:39,2.72,0.0,403,109616,卖盘
1987,14:01:42,2.71,-0.01,342,92956,卖盘
1988,14:01:45,2.72,0.01,500,136000,中性盘
1989,14:01:48,2.71,-0.01,1,271,卖盘
1990,14:01:54,2.72,0.01,440,119680,买盘
1991,14:01:57,2.72,0.0,10,2720,卖盘
1992,14:02:04,2.72,0.0,102,27744,卖盘
1993,14:02:06,2.72,0.0,69,18768,卖盘
1994,14:02:18,2.72,0.0,502,136544,买盘
1995,14:02:21,2.72,0.0,56,15232,卖盘
1996,14:02:24,2.72,0.0,18,4896,卖盘
1997,14:02:27,2.72,0.0,2,544,卖盘
1998,14:02:30,2.72,0.0,112,30464,卖盘
1999,14:02:37,2.72,0.0,38,10336,卖盘
2000,14:02:40,2.72,0.0,3,816,卖盘
2001,14:02:42,2.72,0.0,20,5450,卖盘
2002,14:02:45,2.72,0.0,41,11152,卖盘
2003,14:02:48,2.72,0.0,25,6800,卖盘
2004,14:02:51,2.72,0.0,44,11968,卖盘
2005,14:02:54,2.72,0.0,145,39440,卖盘
2006,14:02:57,2.72,0.0,1,272,卖盘
2007,14:03:00,2.72,0.0,10,2720,卖盘
2008,14:03:04,2.72,0.0,1,272,卖盘
2009,14:03:06,2.72,0.0,1,272,买盘
2010,14:03:09,2.72,0.0,153,41716,卖盘
2011,14:03:15,2.72,0.0,30,8160,卖盘
2012,14:03:18,2.72,0.0,1,272,卖盘
2013,14:03:21,2.72,0.0,2,544,卖盘
2014,14:03:27,2.72,0.0,1,272,卖盘
2015,14:03:40,2.72,0.0,12,3264,卖盘
2016,14:03:42,2.72,0.0,3,816,卖盘
2017,14:03:45,2.72,0.0,65,17680,卖盘
2018,14:03:48,2.72,0.0,2,544,卖盘
2019,14:03:52,2.72,0.0,4,1088,卖盘
2020,14:03:54,2.72,0.0,1,272,卖盘
2021,14:04:04,2.72,0.0,9,2448,卖盘
2022,14:04:09,2.72,0.0,1,272,卖盘
2023,14:04:12,2.72,0.0,6,1632,卖盘
2024,14:04:16,2.72,0.0,1,272,卖盘
2025,14:04:21,2.72,0.0,453,123216,卖盘
2026,14:04:25,2.72,0.0,18,4909,卖盘
2027,14:04:30,2.72,0.0,1,272,卖盘
2028,14:04:36,2.72,0.0,208,56576,卖盘
2029,14:04:42,2.72,0.0,4,1088,卖盘
2030,14:04:45,2.72,0.0,60,16320,卖盘
2031,14:04:48,2.72,0.0,120,32640,卖盘
2032,14:04:51,2.72,0.0,77,20944,卖盘
2033,14:04:58,2.72,0.0,2,544,卖盘
2034,14:05:06,2.72,0.0,2,544,卖盘
2035,14:05:09,2.72,0.0,92,25024,卖盘
2036,14:05:30,2.72,0.0,1,272,卖盘
2037,14:05:33,2.72,0.0,2,544,卖盘
2038,14:05:54,2.73,0.01,10,2730,买盘
2039,14:05:57,2.72,-0.01,1,272,卖盘
2040,14:06:04,2.72,0.0,9,2448,卖盘
2041,14:06:24,2.73,0.01,4,1092,买盘
2042,14:06:28,2.73,0.0,14,3822,买盘
2043,14:06:49,2.73,0.0,1333,363908,买盘
2044,14:06:51,2.73,0.0,18,4914,买盘
2045,14:06:55,2.72,-0.01,3,816,卖盘
2046,14:06:57,2.73,0.01,14,3809,买盘
2047,14:07:00,2.72,-0.01,1,272,卖盘
2048,14:07:16,2.72,0.0,36,9805,卖盘
2049,14:07:18,2.73,0.01,14,3822,买盘
2050,14:07:24,2.72,-0.01,2,544,卖盘
2051,14:07:27,2.73,0.01,18,4909,买盘
2052,14:07:33,2.72,-0.01,3,816,卖盘
2053,14:07:36,2.72,0.0,1,272,卖盘
2054,14:07:39,2.72,0.0,1,272,卖盘
2055,14:07:42,2.72,0.0,2,544,卖盘
2056,14:07:57,2.72,0.0,4,1088,卖盘
2057,14:08:04,2.73,0.01,1,273,买盘
2058,14:08:06,2.73,0.0,13,3549,买盘
2059,14:08:09,2.72,-0.01,90,24480,卖盘
2060,14:08:18,2.72,0.0,7,1904,卖盘
2061,14:08:27,2.72,0.0,2,544,卖盘
2062,14:08:30,2.72,0.0,12,3264,卖盘
2063,14:08:36,2.73,0.01,76,20748,买盘
2064,14:08:51,2.72,-0.01,3,816,卖盘
2065,14:09:06,2.72,0.0,1,272,卖盘
2066,14:09:09,2.72,0.0,31,8432,卖盘
2067,14:09:15,2.72,0.0,1,272,卖盘
2068,14:09:27,2.72,0.0,2,544,卖盘
2069,14:09:30,2.73,0.01,8,2184,买盘
2070,14:09:55,2.73,0.0,16,4364,买盘
2071,14:10:00,2.72,-0.01,1,272,卖盘
2072,14:10:06,2.72,0.0,52,14144,卖盘
2073,14:10:18,2.73,0.01,22,6006,买盘
2074,14:10:21,2.72,-0.01,25,6805,卖盘
2075,14:10:27,2.72,0.0,2,544,卖盘
2076,14:10:36,2.72,0.0,445,121040,卖盘
2077,14:10:42,2.73,0.01,34,9282,买盘
2078,14:10:57,2.72,-0.01,201,54672,卖盘
2079,14:11:00,2.72,0.0,3,816,卖盘
2080,14:11:18,2.73,0.01,1,273,买盘
2081,14:11:21,2.72,-0.01,132,36008,卖盘
2082,14:11:30,2.73,0.01,14,3822,买盘
2083,14:11:34,2.72,-0.01,2,544,卖盘
2084,14:11:48,2.72,0.0,2,544,卖盘
2085,14:11:57,2.72,0.0,4,1088,卖盘
2086,14:12:04,2.73,0.01,13,3549,买盘
2087,14:12:06,2.72,-0.01,184,50048,卖盘
2088,14:12:21,2.73,0.01,59,16107,买盘
2089,14:12:24,2.72,-0.01,9,2448,卖盘
2090,14:12:37,2.72,0.0,11,2992,卖盘
2091,14:12:48,2.72,0.0,3,816,卖盘
2092,14:12:57,2.72,0.0,3,816,卖盘
2093,14:13:03,2.72,0.0,151,41072,卖盘
2094,14:13:06,2.72,0.0,1,272,卖盘
2095,14:13:09,2.73,0.01,64,17472,买盘
2096,14:13:18,2.72,-0.01,4,1088,卖盘
2097,14:13:21,2.72,0.0,18,4896,卖盘
2098,14:13:24,2.72,0.0,151,41072,卖盘
2099,14:13:27,2.72,0.0,2,544,卖盘
2100,14:13:30,2.73,0.01,10,2730,买盘
2101,14:13:33,2.73,0.0,13,3549,买盘
2102,14:13:42,2.73,0.0,11,3003,买盘
2103,14:13:45,2.72,-0.01,122,33202,卖盘
2104,14:13:54,2.72,0.0,119,32479,卖盘
2105,14:14:09,2.73,0.01,57,15561,买盘
2106,14:14:13,2.73,0.0,9,2457,买盘
2107,14:14:15,2.72,-0.01,4,1090,卖盘
2108,14:14:21,2.73,0.01,13,3549,买盘
2109,14:14:27,2.72,-0.01,115,31384,卖盘
2110,14:14:30,2.73,0.01,3,819,买盘
2111,14:14:33,2.72,-0.01,1,272,卖盘
2112,14:14:42,2.73,0.01,59,16107,买盘
2113,14:14:45,2.73,0.0,304,82988,买盘
2114,14:14:57,2.73,0.0,106,28938,买盘
2115,14:15:06,2.72,-0.01,218,59513,卖盘
2116,14:15:10,2.72,0.0,91,24752,卖盘
2117,14:15:12,2.73,0.01,64,17472,买盘
2118,14:15:15,2.72,-0.01,1,272,卖盘
2119,14:15:27,2.73,0.01,98,26754,买盘
2120,14:15:34,2.72,-0.01,4,1088,卖盘
2121,14:15:46,2.73,0.01,56,15288,买盘
2122,14:15:48,2.73,0.0,71,19383,买盘
2123,14:15:52,2.72,-0.01,7,1904,卖盘
2124,14:15:57,2.72,0.0,4,1088,卖盘
2125,14:16:00,2.73,0.01,100,27300,买盘
2126,14:16:15,2.73,0.0,39,10647,买盘
2127,14:16:27,2.72,-0.01,9,2448,卖盘
2128,14:16:30,2.72,0.0,137,37383,卖盘
2129,14:16:36,2.73,0.01,263,71799,买盘
2130,14:16:48,2.73,0.0,107,29210,买盘
2131,14:16:54,2.72,-0.01,9,2448,卖盘
2132,14:17:00,2.72,0.0,3,816,卖盘
2133,14:17:04,2.73,0.01,49,13377,买盘
2134,14:17:09,2.73,0.0,4,1092,买盘
2135,14:17:18,2.73,0.0,97,26481,买盘
2136,14:17:30,2.73,0.0,27,7362,买盘
2137,14:17:36,2.72,-0.01,2,544,卖盘
2138,14:17:39,2.73,0.01,197,53781,买盘
2139,14:17:42,2.72,-0.01,4,1088,卖盘
2140,14:17:52,2.73,0.01,13,3549,买盘
2141,14:17:54,2.73,0.0,11,3003,买盘
2142,14:17:57,2.72,-0.01,8,2176,卖盘
2143,14:18:00,2.73,0.01,48,13104,买盘
2144,14:18:04,2.73,0.0,144,39312,买盘
2145,14:18:07,2.73,0.0,13,3549,买盘
2146,14:18:09,2.73,0.0,14,3812,买盘
2147,14:18:12,2.72,-0.01,2,544,卖盘
2148,14:18:24,2.73,0.01,110,30030,买盘
2149,14:18:27,2.73,0.0,223,60878,买盘
2150,14:18:30,2.72,-0.01,12,3264,卖盘
2151,14:18:36,2.73,0.01,30,8190,买盘
2152,14:18:39,2.73,0.0,3,819,买盘
2153,14:18:42,2.72,-0.01,11,2996,卖盘
2154,14:18:45,2.73,0.01,57,15561,买盘
2155,14:18:57,2.72,-0.01,2,544,卖盘
2156,14:19:04,2.72,0.0,11,2992,卖盘
2157,14:19:12,2.73,0.01,4,1092,买盘
2158,14:19:15,2.72,-0.01,25,6818,卖盘
2159,14:19:24,2.72,0.0,28,7639,卖盘
2160,14:19:28,2.72,0.0,2,545,卖盘
2161,14:19:30,2.72,0.0,52,14195,卖盘
2162,14:19:33,2.73,0.01,13,3549,买盘
2163,14:19:39,2.73,0.0,98,26754,买盘
2164,14:19:42,2.72,-0.01,11,2996,卖盘
2165,14:19:51,2.72,0.0,10,2720,卖盘
2166,14:19:57,2.72,0.0,3,816,卖盘
2167,14:20:04,2.73,0.01,4,1089,买盘
2168,14:20:06,2.72,-0.01,2,544,卖盘
2169,14:20:10,2.72,0.0,132,35904,卖盘
2170,14:20:12,2.73,0.01,4,1092,买盘
2171,14:20:27,2.73,0.0,10,2721,买盘
2172,14:20:33,2.72,-0.01,1,272,卖盘
2173,14:20:43,2.72,0.0,7,1908,卖盘
2174,14:20:45,2.73,0.01,28,7644,买盘
2175,14:20:48,2.72,-0.01,12,3264,卖盘
2176,14:20:57,2.73,0.01,41,11192,买盘
2177,14:21:03,2.73,0.0,105,28665,买盘
2178,14:21:12,2.73,0.0,4,1092,买盘
2179,14:21:27,2.72,-0.01,1,272,卖盘
2180,14:21:31,2.72,0.0,32,8734,卖盘
2181,14:21:42,2.73,0.01,4,1092,买盘
2182,14:21:48,2.72,-0.01,1,272,卖盘
2183,14:21:57,2.72,0.0,7,1904,卖盘
2184,14:22:12,2.73,0.01,4,1092,买盘
2185,14:22:21,2.72,-0.01,2,544,卖盘
2186,14:22:27,2.72,0.0,7,1904,卖盘
2187,14:22:30,2.72,0.0,1,272,卖盘
2188,14:22:33,2.72,0.0,3,816,卖盘
2189,14:22:36,2.72,0.0,1,272,卖盘
2190,14:22:43,2.72,0.0,607,165104,卖盘
2191,14:22:51,2.72,0.0,1,272,卖盘
2192,14:23:13,2.72,0.0,12,3264,卖盘
2193,14:23:27,2.72,0.0,4,1088,卖盘
2194,14:23:39,2.72,0.0,1,272,卖盘
2195,14:23:42,2.72,0.0,3,816,卖盘
2196,14:23:45,2.72,0.0,4,1088,卖盘
2197,14:23:48,2.72,0.0,26,7072,卖盘
2198,14:23:54,2.72,0.0,2,544,卖盘
2199,14:23:57,2.72,0.0,21,5712,卖盘
2200,14:24:00,2.72,0.0,30,8160,卖盘
2201,14:24:04,2.72,0.0,99,26929,卖盘
2202,14:24:12,2.72,0.0,12,3264,卖盘
2203,14:24:15,2.72,0.0,18,4896,卖盘
2204,14:24:18,2.72,0.0,6,1632,卖盘
2205,14:24:27,2.72,0.0,2,544,卖盘
2206,14:24:43,2.72,0.0,2,544,卖盘
2207,14:25:00,2.72,0.0,4,1088,卖盘
2208,14:25:04,2.73,0.01,301,82172,买盘
2209,14:25:06,2.72,-0.01,1,272,卖盘
2210,14:25:12,2.72,0.0,2,544,卖盘
2211,14:25:15,2.72,0.0,2,544,卖盘
2212,14:25:21,2.72,0.0,5,1360,卖盘
2213,14:25:27,2.72,0.0,1,272,卖盘
2214,14:25:42,2.72,0.0,1,272,卖盘
2215,14:25:45,2.72,0.0,6,1636,卖盘
2216,14:25:54,2.72,0.0,3,816,卖盘
2217,14:25:57,2.72,0.0,2,544,卖盘
2218,14:26:01,2.72,0.0,1,272,卖盘
2219,14:26:12,2.72,0.0,1,272,卖盘
2220,14:26:18,2.73,0.01,64,17472,买盘
2221,14:26:21,2.73,0.0,47,12831,买盘
2222,14:26:24,2.73,0.0,6,1637,买盘
2223,14:26:30,2.72,-0.01,2,544,卖盘
2224,14:26:39,2.73,0.01,55,15015,买盘
2225,14:26:42,2.73,0.0,59,16105,买盘
2226,14:26:48,2.72,-0.01,1,272,卖盘
2227,14:26:57,2.73,0.01,20,5460,买盘
2228,14:27:00,2.72,-0.01,58,15830,卖盘
2229,14:27:04,2.73,0.01,54,14742,买盘
2230,14:27:06,2.73,0.0,176,48048,买盘
2231,14:27:09,2.73,0.0,1,273,买盘
2232,14:27:18,2.73,0.0,55,15015,买盘
2233,14:27:21,2.73,0.0,54,14742,买盘
2234,14:27:24,2.73,0.0,49,13377,买盘
2235,14:27:27,2.73,0.0,56,15288,买盘
2236,14:27:30,2.73,0.0,100,27300,买盘
2237,14:27:33,2.73,0.0,246,67158,买盘
2238,14:27:36,2.73,0.0,102,27846,卖盘
2239,14:27:39,2.73,0.0,46,12558,卖盘
2240,14:27:42,2.73,0.0,2,546,卖盘
2241,14:27:45,2.73,0.0,2,546,卖盘
2242,14:27:48,2.73,0.0,111,30303,卖盘
2243,14:27:57,2.73,0.0,1,273,卖盘
2244,14:28:04,2.74,0.01,1,274,买盘
2245,14:28:06,2.73,-0.01,20,5460,卖盘
2246,14:28:24,2.74,0.01,10,2740,买盘
2247,14:28:28,2.73,-0.01,121,33033,卖盘
2248,14:28:33,2.73,0.0,4,1092,卖盘
2249,14:28:40,2.73,0.0,10,2730,卖盘
2250,14:28:54,2.74,0.01,55,15070,买盘
2251,14:29:09,2.73,-0.01,1,273,卖盘
2252,14:29:15,2.73,0.0,2,546,卖盘
2253,14:29:21,2.74,0.01,4,1096,买盘
2254,14:29:24,2.73,-0.01,9,2457,卖盘
2255,14:29:27,2.73,0.0,1,273,卖盘
2256,14:29:30,2.74,0.01,2,548,买盘
2257,14:29:33,2.74,0.0,516,141384,买盘
2258,14:29:39,2.73,-0.01,50,13650,卖盘
2259,14:29:42,2.74,0.01,2,548,买盘
2260,14:29:48,2.74,0.0,5,1370,买盘
2261,14:29:51,2.73,-0.01,4,1092,卖盘
2262,14:29:54,2.73,0.0,3,819,买盘
2263,14:30:06,2.72,-0.01,1,272,卖盘
2264,14:30:09,2.72,0.0,537,146064,卖盘
2265,14:30:12,2.72,0.0,1,272,卖盘
2266,14:30:18,2.73,0.01,2,546,买盘
2267,14:30:28,2.73,0.0,1,273,买盘
2268,14:30:30,2.72,-0.01,3,816,卖盘
2269,14:30:33,2.72,0.0,1,272,卖盘
2270,14:30:42,2.72,0.0,3,816,卖盘
2271,14:30:45,2.72,0.0,3,816,卖盘
2272,14:30:51,2.73,0.01,3,819,买盘
2273,14:30:58,2.72,-0.01,1,272,卖盘
2274,14:31:12,2.72,0.0,3,816,卖盘
2275,14:31:16,2.72,0.0,3,816,卖盘
2276,14:31:39,2.72,0.0,35,9520,卖盘
2277,14:31:42,2.72,0.0,2,544,卖盘
2278,14:31:45,2.72,0.0,3,816,卖盘
2279,14:31:48,2.72,0.0,1,272,卖盘
2280,14:32:00,2.72,0.0,3,816,卖盘
2281,14:32:03,2.73,0.01,1,273,买盘
2282,14:32:12,2.73,0.0,305,83264,买盘
2283,14:32:18,2.72,-0.01,4,1088,卖盘
2284,14:32:30,2.73,0.01,300,81900,买盘
2285,14:32:36,2.72,-0.01,2,544,卖盘
2286,14:33:15,2.73,0.01,5,1365,买盘
2287,14:33:27,2.72,-0.01,1,272,卖盘
2288,14:33:36,2.72,0.0,2,544,卖盘
2289,14:33:42,2.73,0.01,1,273,买盘
2290,14:33:45,2.73,0.0,1,273,买盘
2291,14:34:09,2.73,0.0,1,273,买盘
2292,14:34:15,2.72,-0.01,2,544,卖盘
2293,14:34:30,2.72,0.0,13,3536,卖盘
2294,14:34:39,2.72,0.0,67,18224,卖盘
2295,14:34:42,2.72,0.0,5,1360,卖盘
2296,14:34:48,2.72,0.0,58,15776,卖盘
2297,14:35:06,2.72,0.0,2,544,卖盘
2298,14:35:09,2.72,0.0,1,272,卖盘
2299,14:35:12,2.72,0.0,46,12532,卖盘
2300,14:35:42,2.72,0.0,7,1904,卖盘
2301,14:35:57,2.72,0.0,1,272,卖盘
2302,14:36:00,2.72,0.0,1,272,卖盘
2303,14:36:09,2.73,0.01,1,273,买盘
2304,14:36:12,2.72,-0.01,5,1360,卖盘
2305,14:36:15,2.72,0.0,30,8160,卖盘
2306,14:36:27,2.72,0.0,200,54400,卖盘
2307,14:36:42,2.72,0.0,6,1632,卖盘
2308,14:36:48,2.72,0.0,1,272,卖盘
2309,14:36:51,2.72,0.0,24,6528,卖盘
2310,14:36:54,2.72,0.0,137,37264,卖盘
2311,14:36:57,2.72,0.0,30,8160,卖盘
2312,14:37:04,2.73,0.01,1000,273000,买盘
2313,14:37:15,2.73,0.0,58,15834,买盘
2314,14:37:24,2.72,-0.01,2000,544000,卖盘
2315,14:37:27,2.72,0.0,31,8432,卖盘
2316,14:37:30,2.72,0.0,196,53313,卖盘
2317,14:37:36,2.72,0.0,1,272,卖盘
2318,14:38:06,2.72,0.0,73,19856,卖盘
2319,14:38:10,2.73,0.01,11,3003,买盘
2320,14:38:13,2.73,0.0,46,12558,买盘
2321,14:38:21,2.73,0.0,3,819,买盘
2322,14:38:24,2.73,0.0,2,546,买盘
2323,14:38:27,2.73,0.0,3,817,买盘
2324,14:38:30,2.74,0.01,312,85188,买盘
2325,14:38:33,2.73,-0.01,139,37948,卖盘
2326,14:38:42,2.73,0.0,9,2457,卖盘
2327,14:38:49,2.73,0.0,99,27027,卖盘
2328,14:38:52,2.73,0.0,237,64701,卖盘
2329,14:39:00,2.73,0.0,12,3276,卖盘
2330,14:39:15,2.73,0.0,1,273,卖盘
2331,14:39:18,2.73,0.0,9,2457,卖盘
2332,14:39:21,2.73,0.0,203,55419,卖盘
2333,14:39:24,2.73,0.0,115,31395,买盘
2334,14:39:27,2.73,0.0,69,18837,卖盘
2335,14:39:42,2.73,0.0,58,15834,买盘
2336,14:39:45,2.72,-0.01,1,272,卖盘
2337,14:39:57,2.73,0.01,13,3546,买盘
2338,14:40:06,2.73,0.0,2,545,买盘
2339,14:40:09,2.73,0.0,93,25389,买盘
2340,14:40:18,2.72,-0.01,50,13600,卖盘
2341,14:40:24,2.73,0.01,42,11466,买盘
2342,14:40:27,2.73,0.0,4,1092,卖盘
2343,14:40:30,2.73,0.0,64,17472,卖盘
2344,14:40:39,2.73,0.0,1,273,卖盘
2345,14:40:49,2.74,0.01,1,274,买盘
2346,14:40:51,2.73,-0.01,4,1092,卖盘
2347,14:40:57,2.73,0.0,2,546,卖盘
2348,14:41:09,2.73,0.0,3,819,卖盘
2349,14:41:18,2.73,0.0,1,273,卖盘
2350,14:41:21,2.73,0.0,3,819,卖盘
2351,14:41:24,2.73,0.0,30,8190,卖盘
2352,14:41:27,2.73,0.0,20,5460,卖盘
2353,14:41:31,2.74,0.01,12,3288,买盘
2354,14:41:36,2.74,0.0,1,274,买盘
2355,14:41:40,2.73,-0.01,4,1092,卖盘
2356,14:41:43,2.73,0.0,1,273,卖盘
2357,14:41:48,2.73,0.0,1,273,卖盘
2358,14:42:07,2.74,0.01,1,274,买盘
2359,14:42:10,2.74,0.0,28,7672,买盘
2360,14:42:13,2.73,-0.01,1,273,卖盘
2361,14:42:18,2.73,0.0,90,24570,卖盘
2362,14:42:21,2.73,0.0,2,546,卖盘
2363,14:42:27,2.73,0.0,25,6825,卖盘
2364,14:42:30,2.73,0.0,51,13923,卖盘
2365,14:42:34,2.73,0.0,3,819,卖盘
2366,14:42:36,2.73,0.0,10,2730,卖盘
2367,14:42:39,2.73,0.0,96,26208,卖盘
2368,14:42:42,2.73,0.0,10,2730,卖盘
2369,14:43:00,2.73,0.0,190,51870,卖盘
2370,14:43:03,2.73,0.0,358,97734,卖盘
2371,14:43:07,2.74,0.01,13,3562,买盘
2372,14:43:12,2.73,-0.01,5,1365,卖盘
2373,14:43:16,2.74,0.01,1000,274000,买盘
2374,14:43:27,2.73,-0.01,1,273,卖盘
2375,14:43:30,2.74,0.01,13,3562,买盘
2376,14:43:33,2.74,0.0,1060,290380,买盘
2377,14:43:37,2.74,0.0,561,153156,买盘
2378,14:43:42,2.73,-0.01,98,26754,卖盘
2379,14:44:04,2.73,0.0,97,26481,卖盘
2380,14:44:09,2.74,0.01,1,274,买盘
2381,14:44:12,2.73,-0.01,9,2457,卖盘
2382,14:44:15,2.73,0.0,2,546,卖盘
2383,14:44:21,2.73,0.0,91,24843,卖盘
2384,14:44:28,2.74,0.01,1000,274000,买盘
2385,14:44:31,2.73,-0.01,23,6279,卖盘
2386,14:44:34,2.74,0.01,1878,514572,买盘
2387,14:44:40,2.74,0.0,4,1096,卖盘
2388,14:44:42,2.74,0.0,40,10960,卖盘
2389,14:44:48,2.74,0.0,2,548,卖盘
2390,14:44:51,2.74,0.0,12,3288,卖盘
2391,14:44:55,2.74,0.0,103,28222,卖盘
2392,14:44:58,2.74,0.0,9,2466,卖盘
2393,14:45:01,2.75,0.01,27,7403,买盘
2394,14:45:04,2.74,-0.01,4,1096,卖盘
2395,14:45:07,2.75,0.01,38,10420,买盘
2396,14:45:10,2.75,0.0,1003,275822,买盘
2397,14:45:19,2.74,-0.01,1,274,卖盘
2398,14:45:21,2.74,0.0,1,274,卖盘
2399,14:45:24,2.75,0.01,1000,275000,买盘
2400,14:45:27,2.75,0.0,7,1925,买盘
2401,14:45:30,2.74,-0.01,20,5480,卖盘
2402,14:45:48,2.74,0.0,1,274,卖盘
2403,14:45:51,2.75,0.01,1000,275000,买盘
2404,14:45:54,2.74,-0.01,1,274,卖盘
2405,14:45:57,2.74,0.0,20,5480,卖盘
2406,14:46:01,2.75,0.01,116,31897,买盘
2407,14:46:04,2.75,0.0,48,13200,买盘
2408,14:46:07,2.75,0.0,32,8792,买盘
2409,14:46:10,2.75,0.0,1,275,买盘
2410,14:46:13,2.74,-0.01,4,1096,卖盘
2411,14:46:18,2.74,0.0,82,22468,卖盘
2412,14:46:21,2.75,0.01,1002,275548,买盘
2413,14:46:24,2.74,-0.01,137,37541,卖盘
2414,14:46:28,2.75,0.01,600,165000,买盘
2415,14:46:30,2.75,0.0,176,48300,买盘
2416,14:46:33,2.75,0.0,1,275,买盘
2417,14:46:40,2.75,0.0,32,8800,买盘
2418,14:46:42,2.74,-0.01,3,822,卖盘
2419,14:46:48,2.75,0.01,1016,279384,买盘
2420,14:46:52,2.75,0.0,53,14575,买盘
2421,14:47:00,2.75,0.0,205,56375,买盘
2422,14:47:06,2.75,0.0,45,12375,卖盘
2423,14:47:09,2.75,0.0,52,14295,买盘
2424,14:47:21,2.75,0.0,59,16225,买盘
2425,14:47:24,2.74,-0.01,23,6313,卖盘
2426,14:47:27,2.75,0.01,14,3850,买盘
2427,14:47:31,2.75,0.0,9,2475,买盘
2428,14:47:37,2.74,-0.01,46,12649,卖盘
2429,14:47:39,2.75,0.01,21,5761,买盘
2430,14:47:42,2.75,0.0,20,5500,买盘
2431,14:48:03,2.75,0.0,36,9900,买盘
2432,14:48:07,2.75,0.0,50,13750,买盘
2433,14:48:10,2.75,0.0,5,1371,买盘
2434,14:48:19,2.74,-0.01,1,274,卖盘
2435,14:48:22,2.74,0.0,22,6028,卖盘
2436,14:48:25,2.74,0.0,20,5480,卖盘
2437,14:48:27,2.74,0.0,1,274,卖盘
2438,14:48:31,2.74,0.0,14,3836,卖盘
2439,14:48:43,2.74,0.0,13,3562,卖盘
2440,14:48:49,2.74,0.0,200,54800,卖盘
2441,14:49:01,2.75,0.01,18,4945,买盘
2442,14:49:07,2.74,-0.01,100,27400,卖盘
2443,14:49:10,2.74,0.0,31,8494,卖盘
2444,14:49:12,2.74,0.0,13,3562,卖盘
2445,14:49:15,2.74,0.0,1,274,卖盘
2446,14:49:24,2.74,0.0,14,3836,卖盘
2447,14:49:43,2.75,0.01,499,137215,买盘
2448,14:49:45,2.75,0.0,29,7975,买盘
2449,14:49:48,2.74,-0.01,1,274,卖盘
2450,14:49:57,2.74,0.0,17,4658,卖盘
2451,14:50:04,2.74,0.0,13,3562,卖盘
2452,14:50:06,2.74,0.0,39,10718,卖盘
2453,14:50:09,2.75,0.01,73,20075,买盘
2454,14:50:12,2.75,0.0,31,8522,买盘
2455,14:50:15,2.75,0.0,119,32725,买盘
2456,14:50:27,2.75,0.0,20,5500,买盘
2457,14:50:34,2.74,-0.01,13,3562,卖盘
2458,14:50:36,2.74,0.0,5,1370,卖盘
2459,14:50:39,2.74,0.0,1,274,卖盘
2460,14:50:43,2.74,0.0,2,548,卖盘
2461,14:50:49,2.74,0.0,183,50142,卖盘
2462,14:50:52,2.74,0.0,34,9342,卖盘
2463,14:50:55,2.74,0.0,1,274,卖盘
2464,14:50:57,2.74,0.0,1,274,卖盘
2465,14:51:01,2.75,0.01,74,20350,买盘
2466,14:51:04,2.74,-0.01,21,5754,卖盘
2467,14:51:07,2.74,0.0,20,5480,卖盘
2468,14:51:10,2.75,0.01,1002,275548,买盘
2469,14:51:34,2.75,0.0,56,15382,买盘
2470,14:51:43,2.74,-0.01,771,211254,卖盘
2471,14:51:49,2.75,0.01,665,182873,买盘
2472,14:51:51,2.76,0.01,449,123921,买盘
2473,14:51:54,2.75,-0.01,474,130350,卖盘
2474,14:51:57,2.75,0.0,100,27500,买盘
2475,14:52:00,2.75,0.0,67,18425,买盘
2476,14:52:04,2.74,-0.01,151,41509,卖盘
2477,14:52:09,2.75,0.01,2,550,买盘
2478,14:52:19,2.75,0.0,362,99550,买盘
2479,14:52:25,2.74,-0.01,19,5206,卖盘
2480,14:52:34,2.74,0.0,13,3569,卖盘
2481,14:52:45,2.74,0.0,1,274,卖盘
2482,14:52:48,2.74,0.0,10,2740,卖盘
2483,14:52:57,2.74,0.0,9,2466,卖盘
2484,14:53:01,2.75,0.01,5,1375,买盘
2485,14:53:04,2.75,0.0,1000,275000,买盘
2486,14:53:07,2.75,0.0,2,550,买盘
2487,14:53:15,2.74,-0.01,2,548,卖盘
2488,14:53:25,2.75,0.01,241,66275,买盘
2489,14:53:28,2.75,0.0,1,275,买盘
2490,14:53:36,2.75,0.0,19,5225,买盘
2491,14:53:39,2.74,-0.01,10,2740,卖盘
2492,14:53:46,2.75,0.01,202,55550,买盘
2493,14:54:01,2.75,0.0,47,12924,买盘
2494,14:54:04,2.75,0.0,15,4125,买盘
2495,14:54:07,2.75,0.0,2,550,买盘
2496,14:54:09,2.75,0.0,138,38217,买盘
2497,14:54:19,2.75,0.0,62,16783,卖盘
2498,14:54:22,2.74,-0.01,2,548,卖盘
2499,14:54:25,2.74,0.0,18,4932,卖盘
2500,14:54:28,2.75,0.01,10,2750,买盘
2501,14:54:30,2.75,0.0,188,51967,买盘
2502,14:54:33,2.75,0.0,78,21450,卖盘
2503,14:54:40,2.75,0.0,5,1375,卖盘
2504,14:54:43,2.75,0.0,18,4950,卖盘
2505,14:54:49,2.75,0.0,3,825,卖盘
2506,14:54:51,2.75,0.0,36,9900,卖盘
2507,14:54:54,2.75,0.0,53,14575,卖盘
2508,14:54:57,2.75,0.0,330,90483,卖盘
2509,14:55:04,2.75,0.0,50,13750,买盘
2510,14:55:07,2.75,0.0,4,1100,买盘
2511,14:55:16,2.74,-0.01,18,4932,卖盘
2512,14:55:19,2.75,0.01,70,19250,买盘
2513,14:55:21,2.74,-0.01,1,274,卖盘
2514,14:55:24,2.75,0.01,24,6600,买盘
2515,14:55:33,2.74,-0.01,95,26030,卖盘
2516,14:55:36,2.75,0.01,2,550,买盘
2517,14:55:49,2.75,0.0,670,184250,买盘
2518,14:55:51,2.75,0.0,60,16500,买盘
2519,14:56:04,2.75,0.0,42,11550,买盘
2520,14:56:12,2.75,0.0,94,25848,买盘
2521,14:56:15,2.75,0.0,20,5500,买盘
2522,14:56:21,2.75,0.0,275,75892,买盘
2523,14:56:25,2.75,0.0,19,5225,卖盘
2524,14:56:28,2.75,0.0,213,58575,卖盘
2525,14:56:34,2.75,0.0,46,12650,卖盘
2526,14:56:37,2.75,0.0,4,1100,卖盘
2527,14:56:42,2.75,0.0,445,122108,卖盘
2528,14:56:46,2.74,-0.01,13,3562,卖盘
2529,14:56:57,2.74,0.0,40,10960,卖盘
2530,15:00:04,2.75,0.01,1368,376467,卖盘
