,time,price,change,volume,amount,type
0,09:25:04,4.17,0.02,861,359037,卖盘
1,09:30:05,4.17,0.0,524,218034,买盘
2,09:30:07,4.16,-0.01,1223,509749,中性盘
3,09:30:10,4.15,-0.01,102,42425,卖盘
4,09:30:13,4.15,0.0,100,41505,卖盘
5,09:30:16,4.16,0.01,60,24960,买盘
6,09:30:18,4.15,-0.01,178,73870,卖盘
7,09:30:22,4.15,0.0,14,5814,卖盘
8,09:30:25,4.16,0.01,10,4160,买盘
9,09:30:27,4.15,-0.01,15,6225,卖盘
10,09:30:34,4.15,0.0,30,12450,卖盘
11,09:30:37,4.16,0.01,30,12480,买盘
12,09:30:43,4.15,-0.01,24,9960,卖盘
13,09:30:46,4.16,0.01,36,14976,买盘
14,09:30:49,4.16,0.0,29,12039,买盘
15,09:30:52,4.15,-0.01,81,33615,卖盘
16,09:30:54,4.16,0.01,4,1664,买盘
17,09:31:01,4.16,0.0,158,65618,买盘
18,09:31:07,4.15,-0.01,35,14525,卖盘
19,09:31:10,4.15,0.0,12,4990,卖盘
20,09:31:13,4.15,0.0,290,120350,卖盘
21,09:31:16,4.15,0.0,5,2075,买盘
22,09:31:19,4.15,0.0,37,15355,买盘
23,09:31:22,4.15,0.0,40,16600,买盘
24,09:31:25,4.15,0.0,22,9130,买盘
25,09:31:28,4.14,-0.01,130,53828,卖盘
26,09:31:31,4.15,0.01,10,4150,买盘
27,09:31:37,4.15,0.0,67,27795,买盘
28,09:31:40,4.15,0.0,5,2075,买盘
29,09:31:43,4.14,-0.01,10,4140,卖盘
30,09:31:46,4.15,0.01,5,2075,买盘
31,09:31:52,4.14,-0.01,22,9118,卖盘
32,09:31:55,4.15,0.01,10,4150,买盘
33,09:31:57,4.14,-0.01,20,8280,卖盘
34,09:32:01,4.14,0.0,434,179889,卖盘
35,09:32:04,4.14,0.0,32,13248,卖盘
36,09:32:07,4.14,0.0,17,7038,卖盘
37,09:32:10,4.14,0.0,10,4140,卖盘
38,09:32:12,4.14,0.0,75,31050,卖盘
39,09:32:15,4.14,0.0,15,6210,卖盘
40,09:32:19,4.14,0.0,58,24012,卖盘
41,09:32:22,4.15,0.01,68,28220,买盘
42,09:32:24,4.14,-0.01,17,7038,卖盘
43,09:32:33,4.15,0.01,10,4150,买盘
44,09:32:36,4.14,-0.01,50,20700,卖盘
45,09:32:46,4.14,0.0,256,105984,卖盘
46,09:32:49,4.15,0.01,2,830,买盘
47,09:32:55,4.14,-0.01,125,51750,卖盘
48,09:32:58,4.14,0.0,50,20700,卖盘
49,09:33:01,4.15,0.01,10,4150,买盘
50,09:33:04,4.14,-0.01,10,4140,卖盘
51,09:33:06,4.14,0.0,98,40572,卖盘
52,09:33:10,4.14,0.0,3,1242,卖盘
53,09:33:13,4.15,0.01,5,2075,买盘
54,09:33:16,4.14,-0.01,49,20286,卖盘
55,09:33:22,4.14,0.0,17,7038,卖盘
56,09:33:25,4.15,0.01,82,34030,买盘
57,09:33:28,4.15,0.0,174,72210,买盘
58,09:33:31,4.14,-0.01,205,84901,卖盘
59,09:33:34,4.15,0.01,23,9542,买盘
60,09:33:37,4.15,0.0,48,19920,买盘
61,09:33:42,4.15,0.0,22,9130,卖盘
62,09:33:45,4.15,0.0,11,4565,买盘
63,09:33:55,4.15,0.0,13,5395,买盘
64,09:33:57,4.15,0.0,43,17822,买盘
65,09:34:00,4.15,0.0,8,3320,买盘
66,09:34:06,4.15,0.0,135,56025,买盘
67,09:34:09,4.15,0.0,8,3320,买盘
68,09:34:13,4.15,0.0,235,97495,买盘
69,09:34:16,4.15,0.0,109,45235,卖盘
70,09:34:21,4.15,0.0,53,21995,卖盘
71,09:34:28,4.15,0.0,1,415,卖盘
72,09:34:31,4.16,0.01,19,7895,买盘
73,09:34:39,4.16,0.0,175,72649,买盘
74,09:34:43,4.15,-0.01,93,38638,卖盘
75,09:34:49,4.15,0.0,26,10800,卖盘
76,09:34:52,4.15,0.0,8,3320,卖盘
77,09:34:55,4.15,0.0,30,12450,卖盘
78,09:34:57,4.16,0.01,2,832,买盘
79,09:35:00,4.15,-0.01,55,22825,卖盘
80,09:35:04,4.15,0.0,3,1245,卖盘
81,09:35:07,4.15,0.0,40,16600,卖盘
82,09:35:15,4.15,0.0,138,57270,卖盘
83,09:35:19,4.15,0.0,46,19090,卖盘
84,09:35:25,4.16,0.01,300,124757,买盘
85,09:35:28,4.15,-0.01,30,12450,卖盘
86,09:35:33,4.15,0.0,11,4565,买盘
87,09:35:40,4.15,0.0,3,1245,卖盘
88,09:35:46,4.15,0.0,1,415,卖盘
89,09:35:49,4.15,0.0,23,9545,卖盘
90,09:35:51,4.15,0.0,258,107185,卖盘
91,09:35:58,4.15,0.0,23,9545,卖盘
92,09:36:01,4.15,0.0,20,8300,卖盘
93,09:36:04,4.15,0.0,10,4150,卖盘
94,09:36:06,4.15,0.0,4,1660,卖盘
95,09:36:12,4.15,0.0,60,24900,买盘
96,09:36:16,4.15,0.0,30,12450,买盘
97,09:36:19,4.15,0.0,80,33200,买盘
98,09:36:25,4.14,-0.01,30,12444,卖盘
99,09:36:31,4.15,0.01,38,15770,买盘
100,09:36:34,4.15,0.0,66,27375,买盘
101,09:36:43,4.16,0.01,19,7891,买盘
102,09:36:45,4.15,-0.01,30,12450,卖盘
103,09:37:03,4.16,0.01,113,47008,买盘
104,09:37:09,4.15,-0.01,57,23655,卖盘
105,09:37:13,4.16,0.01,15,6240,买盘
106,09:37:16,4.15,-0.01,356,147748,卖盘
107,09:37:18,4.15,0.0,24,9967,卖盘
108,09:37:28,4.16,0.01,128,53248,买盘
109,09:37:31,4.15,-0.01,63,26145,卖盘
110,09:37:33,4.16,0.01,5,2080,买盘
111,09:37:40,4.15,-0.01,10,4150,卖盘
112,09:37:42,4.16,0.01,10,4160,买盘
113,09:37:46,4.15,-0.01,10,4150,卖盘
114,09:37:52,4.16,0.01,10,4160,买盘
115,09:37:55,4.16,0.0,4,1664,买盘
116,09:38:04,4.16,0.0,31,12896,买盘
117,09:38:07,4.16,0.0,20,8320,买盘
118,09:38:09,4.15,-0.01,1,415,卖盘
119,09:38:12,4.16,0.01,224,93066,买盘
120,09:38:16,4.15,-0.01,50,20769,卖盘
121,09:38:19,4.16,0.01,5,2080,买盘
122,09:38:22,4.16,0.0,115,47840,买盘
123,09:38:24,4.16,0.0,45,18720,卖盘
124,09:38:31,4.17,0.01,66,27496,买盘
125,09:38:33,4.17,0.0,43,17931,买盘
126,09:38:43,4.17,0.0,93,38746,买盘
127,09:38:46,4.17,0.0,77,32109,买盘
128,09:38:49,4.16,-0.01,53,22071,卖盘
129,09:38:51,4.17,0.01,51,21267,买盘
130,09:38:55,4.17,0.0,101,42057,买盘
131,09:39:00,4.17,0.0,47,19599,买盘
132,09:39:07,4.17,0.0,33,13761,卖盘
133,09:39:13,4.16,-0.01,100,41668,卖盘
134,09:39:16,4.18,0.02,31,12958,买盘
135,09:39:18,4.18,0.0,81,33858,买盘
136,09:39:22,4.18,0.0,20,8360,买盘
137,09:39:25,4.18,0.0,93,38874,买盘
138,09:39:28,4.18,0.0,104,43472,卖盘
139,09:39:34,4.19,0.01,549,230031,买盘
140,09:39:36,4.19,0.0,50,20950,卖盘
141,09:39:43,4.19,0.0,43,18027,卖盘
142,09:39:45,4.2,0.01,120,50400,买盘
143,09:39:49,4.2,0.0,48,20160,买盘
144,09:39:52,4.19,-0.01,24,10077,卖盘
145,09:39:58,4.2,0.01,88,36916,买盘
146,09:40:01,4.2,0.0,256,107520,买盘
147,09:40:07,4.21,0.01,9,3789,买盘
148,09:40:13,4.2,-0.01,11,4621,卖盘
149,09:40:16,4.21,0.01,148,62239,买盘
150,09:40:19,4.21,0.0,499,210221,买盘
151,09:40:22,4.21,0.0,121,50941,卖盘
152,09:40:25,4.21,0.0,44,18524,卖盘
153,09:40:28,4.21,0.0,27,11374,卖盘
154,09:40:31,4.21,0.0,39,16419,卖盘
155,09:40:34,4.22,0.01,578,243716,买盘
156,09:40:37,4.22,0.0,55,23210,买盘
157,09:40:40,4.23,0.01,22,9297,买盘
158,09:40:43,4.22,-0.01,70,29555,卖盘
159,09:40:45,4.22,0.0,20,8440,卖盘
160,09:40:49,4.23,0.01,17,7186,买盘
161,09:40:52,4.22,-0.01,83,35076,卖盘
162,09:40:55,4.22,0.0,137,57896,卖盘
163,09:40:58,4.22,0.0,266,112492,卖盘
164,09:41:01,4.22,0.0,50,21135,卖盘
165,09:41:04,4.23,0.01,202,85361,买盘
166,09:41:07,4.23,0.0,198,83704,买盘
167,09:41:10,4.22,-0.01,95,40092,卖盘
168,09:41:13,4.22,0.0,88,37136,卖盘
169,09:41:16,4.22,0.0,30,12660,买盘
170,09:41:19,4.22,0.0,120,50630,买盘
171,09:41:22,4.21,-0.01,482,203326,卖盘
172,09:41:25,4.22,0.01,166,69982,买盘
173,09:41:28,4.22,0.0,45,18990,买盘
174,09:41:34,4.21,-0.01,174,73303,卖盘
175,09:41:37,4.21,0.0,49,20629,卖盘
176,09:41:40,4.22,0.01,51,21511,买盘
177,09:41:43,4.21,-0.01,10,4210,卖盘
178,09:41:46,4.21,0.0,65,27410,卖盘
179,09:41:49,4.21,0.0,30,12630,卖盘
180,09:41:52,4.21,0.0,146,61476,卖盘
181,09:41:55,4.21,0.0,136,57256,卖盘
182,09:41:58,4.21,0.0,11,4631,买盘
183,09:42:01,4.21,0.0,255,107254,买盘
184,09:42:04,4.2,-0.01,70,29400,卖盘
185,09:42:07,4.2,0.0,31,13028,卖盘
186,09:42:10,4.2,0.0,217,91220,卖盘
187,09:42:13,4.2,0.0,202,84941,卖盘
188,09:42:16,4.2,0.0,54,22681,卖盘
189,09:42:19,4.2,0.0,52,21840,卖盘
190,09:42:22,4.21,0.01,120,50520,买盘
191,09:42:24,4.2,-0.01,294,123480,卖盘
192,09:42:34,4.2,0.0,16,6720,买盘
193,09:42:37,4.2,0.0,3,1260,买盘
194,09:42:40,4.2,0.0,157,65940,买盘
195,09:42:46,4.2,0.0,20,8400,卖盘
196,09:42:49,4.2,0.0,5,2100,卖盘
197,09:42:52,4.21,0.01,69,29000,买盘
198,09:42:54,4.21,0.0,187,78590,买盘
199,09:42:58,4.2,-0.01,46,19319,卖盘
200,09:43:00,4.2,0.0,27,11340,买盘
201,09:43:07,4.2,0.0,10,4200,买盘
202,09:43:10,4.2,0.0,72,30240,买盘
203,09:43:15,4.2,0.0,10,4200,卖盘
204,09:43:19,4.2,0.0,10,4200,卖盘
205,09:43:25,4.21,0.01,35,14735,买盘
206,09:43:34,4.21,0.0,134,56414,买盘
207,09:43:43,4.21,0.0,48,20203,买盘
208,09:43:45,4.21,0.0,22,9262,买盘
209,09:43:49,4.21,0.0,54,22734,买盘
210,09:43:55,4.21,0.0,17,7157,卖盘
211,09:43:58,4.21,0.0,155,65255,卖盘
212,09:44:01,4.22,0.01,40,16830,买盘
213,09:44:04,4.22,0.0,221,93262,买盘
214,09:44:16,4.21,-0.01,82,34522,买盘
215,09:44:22,4.21,0.0,1,421,卖盘
216,09:44:24,4.21,0.0,289,121669,卖盘
217,09:44:31,4.21,0.0,72,30312,卖盘
218,09:44:34,4.22,0.01,20,8430,买盘
219,09:44:37,4.21,-0.01,343,144486,卖盘
220,09:44:39,4.21,0.0,639,269517,卖盘
221,09:44:42,4.22,0.01,133,56018,买盘
222,09:44:46,4.21,-0.01,133,56009,卖盘
223,09:44:49,4.22,0.01,157,66102,买盘
224,09:44:52,4.21,-0.01,75,31623,卖盘
225,09:44:55,4.21,0.0,158,66568,卖盘
226,09:44:58,4.21,0.0,26,10961,卖盘
227,09:45:01,4.21,0.0,16,6736,卖盘
228,09:45:04,4.22,0.01,48,20234,买盘
229,09:45:06,4.21,-0.01,25,10525,卖盘
230,09:45:10,4.21,0.0,324,136634,卖盘
231,09:45:13,4.21,0.0,17,7157,买盘
232,09:45:16,4.21,0.0,168,70611,买盘
233,09:45:19,4.2,-0.01,38,15960,卖盘
234,09:45:22,4.2,0.0,25,10500,卖盘
235,09:45:25,4.21,0.01,13,5470,买盘
236,09:45:28,4.2,-0.01,108,45362,卖盘
237,09:45:31,4.2,0.0,57,23947,卖盘
238,09:45:34,4.2,0.0,6,2525,卖盘
239,09:45:37,4.2,0.0,10,4200,买盘
240,09:45:42,4.2,0.0,22,9240,买盘
241,09:45:46,4.19,-0.01,28,11748,卖盘
242,09:45:54,4.19,0.0,83,34777,卖盘
243,09:45:58,4.2,0.01,56,23470,买盘
244,09:46:01,4.19,-0.01,2,838,卖盘
245,09:46:04,4.2,0.01,50,21000,买盘
246,09:46:10,4.2,0.0,136,56986,买盘
247,09:46:21,4.2,0.0,5,2100,买盘
248,09:46:24,4.19,-0.01,48,20112,卖盘
249,09:46:28,4.19,0.0,41,17199,卖盘
250,09:46:34,4.19,0.0,249,104331,卖盘
251,09:46:36,4.19,0.0,50,20950,买盘
252,09:46:43,4.2,0.01,101,42419,买盘
253,09:46:51,4.19,-0.01,8,3352,卖盘
254,09:46:54,4.18,-0.01,30,12540,卖盘
255,09:47:01,4.18,0.0,91,38038,卖盘
256,09:47:13,4.18,0.0,1,418,卖盘
257,09:47:16,4.19,0.01,58,24302,买盘
258,09:47:21,4.19,0.0,7,2933,买盘
259,09:47:24,4.19,0.0,14,5864,买盘
260,09:47:27,4.18,-0.01,5,2090,卖盘
261,09:47:31,4.19,0.01,30,12570,买盘
262,09:47:34,4.19,0.0,10,4190,买盘
263,09:47:39,4.19,0.0,45,18855,买盘
264,09:47:42,4.2,0.01,7,2940,买盘
265,09:47:58,4.2,0.0,20,8400,买盘
266,09:48:01,4.19,-0.01,29,12151,卖盘
267,09:48:04,4.2,0.01,2,840,买盘
268,09:48:09,4.19,-0.01,32,13408,卖盘
269,09:48:16,4.2,0.01,83,34840,买盘
270,09:48:19,4.2,0.0,10,4200,买盘
271,09:48:22,4.2,0.0,1,420,买盘
272,09:48:24,4.19,-0.01,13,5447,卖盘
273,09:48:28,4.19,0.0,35,14665,卖盘
274,09:48:31,4.2,0.01,68,28560,买盘
275,09:48:39,4.19,-0.01,63,26397,卖盘
276,09:48:42,4.19,0.0,15,6285,卖盘
277,09:48:49,4.19,0.0,96,40264,卖盘
278,09:48:55,4.19,0.0,932,390508,卖盘
279,09:48:58,4.19,0.0,78,32682,买盘
280,09:49:04,4.19,0.0,19,7961,买盘
281,09:49:07,4.19,0.0,10,4190,买盘
282,09:49:15,4.18,-0.01,3,1254,卖盘
283,09:49:19,4.19,0.01,24,10056,买盘
284,09:49:24,4.19,0.0,2,838,买盘
285,09:49:28,4.19,0.0,129,53940,买盘
286,09:49:31,4.19,0.0,3,1257,买盘
287,09:49:37,4.19,0.0,11,4609,买盘
288,09:49:42,4.18,-0.01,24,10032,卖盘
289,09:49:48,4.18,0.0,20,8360,卖盘
290,09:49:55,4.19,0.01,1,419,买盘
291,09:49:58,4.18,-0.01,56,23408,卖盘
292,09:50:04,4.19,0.01,1,419,买盘
293,09:50:06,4.18,-0.01,190,79420,卖盘
294,09:50:09,4.18,0.0,3,1254,卖盘
295,09:50:16,4.19,0.01,31,12989,买盘
296,09:50:19,4.19,0.0,34,14218,买盘
297,09:50:22,4.18,-0.01,20,8360,卖盘
298,09:50:31,4.19,0.01,4,1676,买盘
299,09:50:33,4.19,0.0,3,1257,买盘
300,09:50:36,4.18,-0.01,25,10450,卖盘
301,09:50:40,4.19,0.01,77,32263,买盘
302,09:50:46,4.19,0.0,23,9632,买盘
303,09:50:49,4.18,-0.01,9,3762,卖盘
304,09:50:52,4.19,0.01,6,2514,买盘
305,09:50:58,4.18,-0.01,333,139194,卖盘
306,09:51:01,4.18,0.0,72,30096,卖盘
307,09:51:04,4.17,-0.01,291,121359,卖盘
308,09:51:06,4.18,0.01,171,71451,买盘
309,09:51:16,4.18,0.0,59,24662,买盘
310,09:51:25,4.18,0.0,7,2926,买盘
311,09:51:28,4.17,-0.01,39,16263,卖盘
312,09:51:34,4.17,0.0,8,3336,卖盘
313,09:51:36,4.18,0.01,50,20890,买盘
314,09:51:43,4.17,-0.01,22,9174,卖盘
315,09:51:46,4.17,0.0,26,10842,卖盘
316,09:51:52,4.17,0.0,126,52552,卖盘
317,09:51:57,4.18,0.01,20,8360,买盘
318,09:52:01,4.18,0.0,35,14630,买盘
319,09:52:04,4.17,-0.01,40,16680,卖盘
320,09:52:09,4.18,0.01,104,43472,买盘
321,09:52:12,4.18,0.0,5,2090,买盘
322,09:52:16,4.17,-0.01,3,1251,卖盘
323,09:52:19,4.18,0.01,10,4180,买盘
324,09:52:22,4.17,-0.01,50,20850,卖盘
325,09:52:25,4.18,0.01,1,418,买盘
326,09:52:31,4.18,0.0,204,85272,买盘
327,09:52:37,4.17,-0.01,5,2085,卖盘
328,09:52:40,4.17,0.0,15,6255,卖盘
329,09:52:42,4.18,0.01,22,9177,买盘
330,09:52:46,4.17,-0.01,23,9594,卖盘
331,09:52:48,4.18,0.01,1,418,买盘
332,09:52:57,4.18,0.0,40,16700,买盘
333,09:53:04,4.18,0.0,40,16720,买盘
334,09:53:07,4.18,0.0,16,6688,买盘
335,09:53:09,4.18,0.0,14,5852,买盘
336,09:53:19,4.18,0.0,12,5016,卖盘
337,09:53:22,4.18,0.0,58,24244,卖盘
338,09:53:27,4.18,0.0,8,3344,买盘
339,09:53:30,4.18,0.0,21,8778,买盘
340,09:53:34,4.18,0.0,54,22572,卖盘
341,09:53:40,4.18,0.0,26,10868,买盘
342,09:53:52,4.18,0.0,9,3762,买盘
343,09:53:55,4.18,0.0,13,5434,买盘
344,09:54:01,4.18,0.0,74,30932,卖盘
345,09:54:04,4.18,0.0,91,38038,卖盘
346,09:54:06,4.18,0.0,69,28842,卖盘
347,09:54:16,4.19,0.01,2,838,买盘
348,09:54:34,4.19,0.0,14,5866,买盘
349,09:54:37,4.18,-0.01,8,3348,卖盘
350,09:54:43,4.19,0.01,36,15084,买盘
351,09:54:49,4.18,-0.01,6,2508,卖盘
352,09:54:54,4.19,0.01,218,91342,买盘
353,09:54:58,4.19,0.0,276,115644,买盘
354,09:55:01,4.19,0.0,4,1676,卖盘
355,09:55:10,4.2,0.01,10,4200,买盘
356,09:55:13,4.2,0.0,2,840,买盘
357,09:55:16,4.19,-0.01,24,10056,卖盘
358,09:55:18,4.19,0.0,3,1257,卖盘
359,09:55:21,4.2,0.01,71,29820,买盘
360,09:55:28,4.19,-0.01,250,104878,卖盘
361,09:55:31,4.19,0.0,224,93903,卖盘
362,09:55:33,4.19,0.0,41,17179,买盘
363,09:55:52,4.19,0.0,70,29330,卖盘
364,09:55:55,4.2,0.01,170,71278,买盘
365,09:56:01,4.2,0.0,12,5040,买盘
366,09:56:21,4.18,-0.02,50,20900,卖盘
367,09:56:24,4.18,0.0,20,8360,卖盘
368,09:56:40,4.19,0.01,12,5028,中性盘
369,09:56:45,4.18,-0.01,13,5434,卖盘
370,09:56:48,4.19,0.01,64,26816,买盘
371,09:57:01,4.19,0.0,97,40643,卖盘
372,09:57:07,4.19,0.0,61,25617,卖盘
373,09:57:37,4.2,0.01,17,7140,买盘
374,09:57:39,4.2,0.0,135,56700,买盘
375,09:57:46,4.19,-0.01,183,76677,卖盘
376,09:57:48,4.19,0.0,30,12570,买盘
377,09:57:51,4.2,0.01,24,10057,买盘
378,09:57:55,4.19,-0.01,54,22626,卖盘
379,09:57:58,4.2,0.01,8,3360,买盘
380,09:58:04,4.18,-0.02,41,17177,卖盘
381,09:58:10,4.19,0.01,67,28073,卖盘
382,09:58:16,4.19,0.0,2,838,卖盘
383,09:58:18,4.18,-0.01,10,4180,卖盘
384,09:58:22,4.19,0.01,8,3352,买盘
385,09:58:33,4.19,0.0,85,35615,买盘
386,09:58:36,4.19,0.0,11,4609,卖盘
387,09:58:39,4.19,0.0,10,4190,卖盘
388,09:58:43,4.19,0.0,5,2095,卖盘
389,09:58:46,4.19,0.0,23,9637,卖盘
390,09:58:54,4.2,0.01,1,420,买盘
391,09:59:01,4.19,-0.01,37,15503,卖盘
392,09:59:04,4.19,0.0,5,2095,买盘
393,09:59:12,4.19,0.0,4,1676,买盘
394,09:59:19,4.18,-0.01,10,4180,卖盘
395,09:59:30,4.19,0.01,49,20531,买盘
396,09:59:34,4.19,0.0,14,5866,卖盘
397,09:59:40,4.19,0.0,6,2514,卖盘
398,09:59:48,4.19,0.0,3,1257,卖盘
399,09:59:51,4.19,0.0,73,30587,卖盘
400,09:59:55,4.2,0.01,9,3774,买盘
401,10:00:04,4.19,-0.01,48,20112,卖盘
402,10:00:06,4.18,-0.01,152,63678,卖盘
403,10:00:22,4.19,0.01,37,15503,买盘
404,10:00:25,4.18,-0.01,2,836,卖盘
405,10:00:27,4.19,0.01,223,93437,买盘
406,10:00:37,4.19,0.0,2,838,卖盘
407,10:00:39,4.19,0.0,11,4609,买盘
408,10:00:43,4.18,-0.01,100,41828,卖盘
409,10:00:46,4.19,0.01,5,2095,买盘
410,10:00:48,4.2,0.01,34,14276,买盘
411,10:00:52,4.18,-0.02,743,310670,卖盘
412,10:01:04,4.19,0.01,13,5447,买盘
413,10:01:13,4.19,0.0,30,12570,买盘
414,10:01:19,4.19,0.0,75,31425,买盘
415,10:01:22,4.19,0.0,75,31475,卖盘
416,10:01:27,4.18,-0.01,181,75710,卖盘
417,10:01:31,4.18,0.0,51,21318,卖盘
418,10:01:34,4.19,0.01,39,16322,买盘
419,10:01:40,4.18,-0.01,5,2090,卖盘
420,10:01:45,4.18,0.0,10,4180,卖盘
421,10:01:58,4.19,0.01,4,1676,买盘
422,10:02:00,4.19,0.0,1,419,买盘
423,10:02:04,4.18,-0.01,5,2090,卖盘
424,10:02:06,4.18,0.0,10,4180,卖盘
425,10:02:09,4.18,0.0,205,85690,卖盘
426,10:02:13,4.18,0.0,162,67716,卖盘
427,10:02:31,4.18,0.0,20,8360,买盘
428,10:02:34,4.17,-0.01,416,173472,卖盘
429,10:02:37,4.17,0.0,100,41700,卖盘
430,10:02:39,4.17,0.0,28,11676,卖盘
431,10:02:42,4.18,0.01,23,9593,买盘
432,10:02:45,4.17,-0.01,15,6255,卖盘
433,10:02:49,4.17,0.0,100,41700,卖盘
434,10:02:52,4.17,0.0,104,43368,卖盘
435,10:02:58,4.17,0.0,146,60882,卖盘
436,10:03:01,4.17,0.0,1,417,买盘
437,10:03:13,4.17,0.0,227,94659,买盘
438,10:03:19,4.17,0.0,5,2085,卖盘
439,10:03:31,4.18,0.01,5,2090,买盘
440,10:03:34,4.17,-0.01,135,56295,卖盘
441,10:03:43,4.17,0.0,205,85485,卖盘
442,10:03:45,4.17,0.0,70,29190,卖盘
443,10:03:49,4.17,0.0,260,108420,卖盘
444,10:03:58,4.17,0.0,128,53253,买盘
445,10:04:01,4.17,0.0,112,46594,买盘
446,10:04:04,4.16,-0.01,25,10400,卖盘
447,10:04:06,4.16,0.0,38,15808,卖盘
448,10:04:16,4.16,0.0,60,24960,卖盘
449,10:04:19,4.16,0.0,9,3744,卖盘
450,10:04:22,4.17,0.01,2,834,买盘
451,10:04:25,4.16,-0.01,30,12480,卖盘
452,10:04:27,4.17,0.01,225,93805,买盘
453,10:04:31,4.16,-0.01,389,161824,卖盘
454,10:04:37,4.16,0.0,742,308672,卖盘
455,10:04:43,4.16,0.0,6,2496,买盘
456,10:04:49,4.15,-0.01,23,9545,卖盘
457,10:04:51,4.15,0.0,19,7885,卖盘
458,10:04:55,4.15,0.0,132,54780,卖盘
459,10:04:58,4.15,0.0,74,30721,卖盘
460,10:05:01,4.15,0.0,14,5810,卖盘
461,10:05:04,4.15,0.0,5,2075,卖盘
462,10:05:09,4.15,0.0,114,47310,卖盘
463,10:05:12,4.15,0.0,21,8716,卖盘
464,10:05:16,4.15,0.0,5,2075,卖盘
465,10:05:25,4.15,0.0,33,13695,卖盘
466,10:05:27,4.15,0.0,10,4150,卖盘
467,10:05:31,4.15,0.0,20,8300,卖盘
468,10:05:34,4.16,0.01,5,2080,买盘
469,10:05:37,4.15,-0.01,70,29111,卖盘
470,10:05:40,4.15,0.0,50,20750,卖盘
471,10:05:43,4.15,0.0,2,830,卖盘
472,10:06:01,4.16,0.01,117,48672,买盘
473,10:06:04,4.16,0.0,4,1664,买盘
474,10:06:09,4.16,0.0,100,41600,买盘
475,10:06:12,4.15,-0.01,44,18280,卖盘
476,10:06:15,4.16,0.01,8,3328,买盘
477,10:06:19,4.16,0.0,10,4160,买盘
478,10:06:22,4.16,0.0,10,4160,卖盘
479,10:06:24,4.16,0.0,4,1664,卖盘
480,10:06:27,4.16,0.0,50,20800,卖盘
481,10:06:30,4.17,0.01,10,4170,买盘
482,10:06:33,4.16,-0.01,16,6656,卖盘
483,10:06:37,4.16,0.0,27,11232,卖盘
484,10:06:40,4.16,0.0,10,4160,卖盘
485,10:06:43,4.16,0.0,40,16640,卖盘
486,10:06:45,4.16,0.0,6,2501,卖盘
487,10:06:57,4.16,0.0,48,19968,卖盘
488,10:07:01,4.16,0.0,62,25792,卖盘
489,10:07:10,4.17,0.01,20,8340,买盘
490,10:07:13,4.16,-0.01,24,9984,卖盘
491,10:07:16,4.16,0.0,10,4160,卖盘
492,10:07:19,4.16,0.0,139,57829,卖盘
493,10:07:22,4.17,0.01,12,5004,买盘
494,10:07:24,4.16,-0.01,7,2912,卖盘
495,10:07:31,4.16,0.0,217,90272,卖盘
496,10:07:34,4.16,0.0,26,10816,买盘
497,10:07:39,4.17,0.01,4,1668,买盘
498,10:07:42,4.15,-0.02,16,6653,卖盘
499,10:07:49,4.16,0.01,76,31616,卖盘
500,10:07:52,4.16,0.0,20,8320,买盘
501,10:07:55,4.16,0.0,10,4160,买盘
502,10:07:57,4.16,0.0,11,4576,买盘
503,10:08:06,4.16,0.0,13,5408,买盘
504,10:08:10,4.16,0.0,88,36608,买盘
505,10:08:13,4.16,0.0,12,4992,卖盘
506,10:08:19,4.16,0.0,10,4160,卖盘
507,10:08:21,4.16,0.0,20,8320,买盘
508,10:08:34,4.15,-0.01,10,4150,卖盘
509,10:08:36,4.16,0.01,116,48256,买盘
510,10:08:43,4.15,-0.01,7,2905,卖盘
511,10:08:55,4.15,0.0,50,20750,卖盘
512,10:09:01,4.15,0.0,115,47725,卖盘
513,10:09:04,4.15,0.0,10,4150,卖盘
514,10:09:22,4.15,0.0,166,68890,卖盘
515,10:09:27,4.15,0.0,36,14940,卖盘
516,10:09:37,4.15,0.0,4,1660,卖盘
517,10:09:48,4.15,0.0,9,3735,卖盘
518,10:10:01,4.16,0.01,7,2912,买盘
519,10:10:07,4.15,-0.01,5,2075,卖盘
520,10:10:09,4.16,0.01,11,4576,买盘
521,10:10:25,4.15,-0.01,8,3320,卖盘
522,10:10:27,4.16,0.01,140,58240,买盘
523,10:10:33,4.15,-0.01,100,41500,卖盘
524,10:10:55,4.16,0.01,16,6656,买盘
525,10:11:03,4.16,0.0,7,2912,买盘
526,10:11:09,4.16,0.0,185,76960,买盘
527,10:11:13,4.16,0.0,37,15392,买盘
528,10:11:19,4.16,0.0,24,9984,买盘
529,10:11:24,4.16,0.0,4,1664,买盘
530,10:11:28,4.16,0.0,38,15808,买盘
531,10:11:37,4.16,0.0,2,832,买盘
532,10:11:42,4.15,-0.01,34,14110,卖盘
533,10:11:45,4.16,0.01,8,3328,买盘
534,10:11:52,4.15,-0.01,10,4150,卖盘
535,10:12:04,4.16,0.01,46,19091,买盘
536,10:12:18,4.15,-0.01,2,830,卖盘
537,10:12:28,4.15,0.0,5,2075,卖盘
538,10:12:31,4.15,0.0,56,23240,卖盘
539,10:12:33,4.16,0.01,1,416,买盘
540,10:12:36,4.16,0.0,94,39104,买盘
541,10:12:39,4.16,0.0,100,41600,买盘
542,10:12:49,4.16,0.0,63,26208,买盘
543,10:12:55,4.15,-0.01,10,4150,卖盘
544,10:13:01,4.16,0.01,128,53248,买盘
545,10:13:10,4.16,0.0,330,137280,买盘
546,10:13:15,4.15,-0.01,2,830,卖盘
547,10:13:22,4.16,0.01,47,19552,买盘
548,10:13:25,4.16,0.0,20,8320,买盘
549,10:13:27,4.15,-0.01,9,3735,卖盘
550,10:13:31,4.16,0.01,101,42016,买盘
551,10:13:34,4.16,0.0,109,45344,买盘
552,10:13:40,4.16,0.0,46,19136,买盘
553,10:13:42,4.16,0.0,116,48256,买盘
554,10:14:09,4.16,0.0,55,22925,卖盘
555,10:14:16,4.16,0.0,6,2496,卖盘
556,10:14:25,4.17,0.01,20,8340,买盘
557,10:14:28,4.17,0.0,4,1668,买盘
558,10:14:49,4.16,-0.01,71,29536,卖盘
559,10:15:00,4.16,0.0,1,416,卖盘
560,10:15:10,4.16,0.0,28,11648,卖盘
561,10:15:18,4.17,0.01,11,4587,买盘
562,10:15:22,4.16,-0.01,54,22464,卖盘
563,10:15:28,4.17,0.01,272,113153,买盘
564,10:15:40,4.16,-0.01,24,9984,卖盘
565,10:15:42,4.16,0.0,26,10816,卖盘
566,10:15:48,4.16,0.0,32,13312,卖盘
567,10:16:01,4.16,0.0,37,15392,卖盘
568,10:16:07,4.16,0.0,9,3744,卖盘
569,10:16:09,4.17,0.01,5,2085,买盘
570,10:16:24,4.17,0.0,1,417,买盘
571,10:16:28,4.17,0.0,104,43368,买盘
572,10:16:30,4.17,0.0,4,1668,买盘
573,10:17:09,4.16,-0.01,200,83200,卖盘
574,10:17:13,4.17,0.01,254,105918,买盘
575,10:17:25,4.17,0.0,49,20433,卖盘
576,10:17:39,4.18,0.01,44,18392,买盘
577,10:17:43,4.18,0.0,18,7524,买盘
578,10:17:46,4.17,-0.01,200,83400,卖盘
579,10:17:49,4.18,0.01,2,836,买盘
580,10:18:00,4.18,0.0,11,4598,买盘
581,10:18:12,4.17,-0.01,50,20850,卖盘
582,10:18:25,4.17,0.0,361,150537,卖盘
583,10:18:31,4.18,0.01,4,1672,买盘
584,10:18:37,4.18,0.0,33,13770,买盘
585,10:18:51,4.17,-0.01,59,24603,卖盘
586,10:18:58,4.18,0.01,49,20474,买盘
587,10:19:04,4.18,0.0,99,41382,买盘
588,10:19:18,4.18,0.0,50,20897,买盘
589,10:19:24,4.17,-0.01,50,20850,买盘
590,10:19:28,4.16,-0.01,23,9568,卖盘
591,10:19:34,4.17,0.01,25,10425,买盘
592,10:19:42,4.17,0.0,25,10425,卖盘
593,10:19:45,4.17,0.0,2,834,买盘
594,10:20:04,4.16,-0.01,4,1664,卖盘
595,10:20:10,4.17,0.01,10,4170,买盘
596,10:20:34,4.16,-0.01,132,54912,卖盘
597,10:20:39,4.17,0.01,8,3336,买盘
598,10:20:49,4.17,0.0,3,1251,买盘
599,10:21:04,4.16,-0.01,2,832,卖盘
600,10:21:46,4.17,0.01,156,65052,买盘
601,10:21:49,4.16,-0.01,26,10816,卖盘
602,10:21:51,4.16,0.0,50,20800,卖盘
603,10:22:37,4.16,0.0,6,2501,卖盘
604,10:22:54,4.17,0.01,10,4170,买盘
605,10:22:57,4.16,-0.01,50,20800,卖盘
606,10:23:07,4.17,0.01,1,417,买盘
607,10:23:10,4.17,0.0,1,417,买盘
608,10:23:21,4.16,-0.01,60,24960,卖盘
609,10:23:24,4.17,0.01,20,8340,买盘
610,10:23:37,4.17,0.0,20,8340,买盘
611,10:23:39,4.17,0.0,50,20850,买盘
612,10:23:49,4.16,-0.01,64,26624,卖盘
613,10:23:55,4.17,0.01,5,2085,买盘
614,10:24:04,4.17,0.0,7,2919,买盘
615,10:24:07,4.17,0.0,42,17514,买盘
616,10:24:16,4.17,0.0,7,2919,卖盘
617,10:24:30,4.18,0.01,86,35948,买盘
618,10:24:48,4.18,0.0,232,96976,买盘
619,10:25:04,4.17,-0.01,1,417,卖盘
620,10:25:31,4.17,0.0,150,62550,卖盘
621,10:25:37,4.17,0.0,20,8340,卖盘
622,10:25:43,4.17,0.0,5,2085,卖盘
623,10:25:48,4.17,0.0,50,20850,卖盘
624,10:25:54,4.17,0.0,27,11259,卖盘
625,10:26:16,4.17,0.0,5,2085,卖盘
626,10:26:24,4.17,0.0,220,91740,卖盘
627,10:26:34,4.17,0.0,3,1251,卖盘
628,10:26:37,4.17,0.0,25,10425,卖盘
629,10:26:48,4.17,0.0,281,117177,卖盘
630,10:26:51,4.17,0.0,119,49623,买盘
631,10:27:22,4.17,0.0,1,417,买盘
632,10:27:27,4.17,0.0,19,7923,买盘
633,10:27:31,4.16,-0.01,50,20800,卖盘
634,10:27:34,4.16,0.0,143,59488,卖盘
635,10:27:52,4.16,0.0,104,43300,卖盘
636,10:27:55,4.17,0.01,80,33360,买盘
637,10:27:58,4.16,-0.01,25,10400,卖盘
638,10:28:16,4.16,0.0,20,8320,卖盘
639,10:28:19,4.17,0.01,20,8340,买盘
640,10:28:21,4.16,-0.01,110,45760,卖盘
641,10:28:24,4.16,0.0,7,2912,卖盘
642,10:28:27,4.16,0.0,7,2912,卖盘
643,10:28:40,4.17,0.01,2,834,买盘
644,10:29:18,4.16,-0.01,67,27919,卖盘
645,10:29:30,4.16,0.0,100,41600,卖盘
646,10:29:46,4.17,0.01,1,417,买盘
647,10:29:55,4.16,-0.01,2,832,卖盘
648,10:29:58,4.17,0.01,29,12093,买盘
649,10:30:07,4.17,0.0,56,23352,买盘
650,10:30:19,4.16,-0.01,526,218816,卖盘
651,10:30:40,4.16,0.0,42,17472,卖盘
652,10:30:49,4.17,0.01,26,10842,买盘
653,10:30:58,4.17,0.0,1,417,买盘
654,10:31:10,4.16,-0.01,12,4992,卖盘
655,10:31:18,4.16,0.0,20,8320,卖盘
656,10:31:27,4.16,0.0,37,15392,卖盘
657,10:31:42,4.16,0.0,3,1248,买盘
658,10:31:49,4.16,0.0,190,79040,卖盘
659,10:31:52,4.16,0.0,6,2496,买盘
660,10:32:04,4.16,0.0,15,6240,买盘
661,10:32:06,4.16,0.0,2,832,卖盘
662,10:32:33,4.16,0.0,4,1664,卖盘
663,10:32:46,4.16,0.0,100,41600,卖盘
664,10:33:00,4.17,0.01,170,70890,买盘
665,10:33:10,4.16,-0.01,6,2496,卖盘
666,10:33:43,4.16,0.0,44,18304,卖盘
667,10:33:52,4.16,0.0,10,4160,卖盘
668,10:34:00,4.16,0.0,65,27040,卖盘
669,10:34:13,4.17,0.01,137,57250,买盘
670,10:34:24,4.17,0.0,57,23648,卖盘
671,10:34:31,4.17,0.0,6,2502,买盘
672,10:34:42,4.17,0.0,4,1668,买盘
673,10:35:13,4.16,-0.01,1,416,卖盘
674,10:35:16,4.16,0.0,11,4580,卖盘
675,10:35:19,4.17,0.01,32,13344,买盘
676,10:35:31,4.16,-0.01,101,42016,卖盘
677,10:35:39,4.16,0.0,4,1664,卖盘
678,10:35:43,4.16,0.0,15,6240,卖盘
679,10:36:06,4.16,0.0,4,1664,卖盘
680,10:36:09,4.17,0.01,21,8757,买盘
681,10:36:15,4.16,-0.01,50,20800,卖盘
682,10:36:19,4.16,0.0,203,84448,卖盘
683,10:36:43,4.16,0.0,30,12480,卖盘
684,10:36:51,4.16,0.0,8,3328,卖盘
685,10:36:55,4.16,0.0,64,26624,卖盘
686,10:36:58,4.17,0.01,76,31691,买盘
687,10:37:01,4.16,-0.01,1,416,卖盘
688,10:37:04,4.16,0.0,1,416,卖盘
689,10:37:28,4.16,0.0,55,22880,卖盘
690,10:38:10,4.16,0.0,50,20800,卖盘
691,10:38:16,4.16,0.0,2,832,卖盘
692,10:38:24,4.16,0.0,31,12896,卖盘
693,10:38:30,4.16,0.0,2,832,卖盘
694,10:38:37,4.16,0.0,14,5824,卖盘
695,10:38:42,4.16,0.0,4,1664,卖盘
696,10:38:49,4.17,0.01,318,132601,买盘
697,10:38:51,4.17,0.0,62,25854,卖盘
698,10:38:54,4.17,0.0,43,17931,卖盘
699,10:38:57,4.17,0.0,15,6255,卖盘
700,10:39:01,4.18,0.01,52,21727,买盘
701,10:39:04,4.17,-0.01,35,14595,卖盘
702,10:39:06,4.16,-0.01,9,3744,卖盘
703,10:39:10,4.16,0.0,15,6240,卖盘
704,10:39:13,4.16,0.0,12,4992,卖盘
705,10:39:16,4.16,0.0,11,4576,卖盘
706,10:39:19,4.16,0.0,9,3744,卖盘
707,10:39:22,4.16,0.0,6,2496,卖盘
708,10:39:24,4.16,0.0,9,3744,卖盘
709,10:39:28,4.16,0.0,7,2912,卖盘
710,10:39:31,4.16,0.0,8,3328,卖盘
711,10:39:34,4.16,0.0,7,2912,卖盘
712,10:39:37,4.16,0.0,58,24128,卖盘
713,10:39:39,4.16,0.0,9,3744,卖盘
714,10:39:42,4.16,0.0,33,13728,卖盘
715,10:39:45,4.16,0.0,80,33280,卖盘
716,10:39:49,4.17,0.01,70,29138,买盘
717,10:40:04,4.15,-0.02,5,2075,卖盘
718,10:40:10,4.15,0.0,3,1245,卖盘
719,10:40:16,4.16,0.01,3,1248,买盘
720,10:40:34,4.15,-0.01,20,8300,卖盘
721,10:40:37,4.15,0.0,20,8300,卖盘
722,10:40:46,4.15,0.0,2,830,卖盘
723,10:40:52,4.15,0.0,21,8721,卖盘
724,10:41:10,4.15,0.0,50,20750,卖盘
725,10:41:22,4.15,0.0,40,16600,卖盘
726,10:41:25,4.16,0.01,5,2080,买盘
727,10:41:31,4.15,-0.01,3,1245,卖盘
728,10:41:40,4.16,0.01,35,14560,买盘
729,10:41:43,4.16,0.0,7,2912,买盘
730,10:42:04,4.15,-0.01,54,22410,卖盘
731,10:42:09,4.15,0.0,36,14940,卖盘
732,10:42:25,4.16,0.01,318,132288,买盘
733,10:42:33,4.16,0.0,12,4992,买盘
734,10:42:36,4.16,0.0,10,4160,买盘
735,10:42:39,4.16,0.0,4,1664,买盘
736,10:42:52,4.16,0.0,119,49504,卖盘
737,10:43:04,4.16,0.0,3,1248,买盘
738,10:43:09,4.16,0.0,20,8320,买盘
739,10:43:19,4.16,0.0,19,7897,买盘
740,10:43:22,4.16,0.0,15,6240,买盘
741,10:43:51,4.15,-0.01,4,1660,卖盘
742,10:43:55,4.16,0.01,50,20800,买盘
743,10:43:57,4.16,0.0,27,11232,买盘
744,10:44:19,4.15,-0.01,15,6225,卖盘
745,10:44:25,4.16,0.01,31,12896,买盘
746,10:44:28,4.16,0.0,13,5408,买盘
747,10:44:31,4.16,0.0,26,10816,买盘
748,10:44:40,4.15,-0.01,5,2079,卖盘
749,10:44:52,4.15,0.0,310,128650,卖盘
750,10:45:10,4.17,0.02,3,1250,买盘
751,10:45:13,4.16,-0.01,1,416,卖盘
752,10:45:16,4.16,0.0,4,1664,卖盘
753,10:45:18,4.16,0.0,1,416,卖盘
754,10:45:22,4.16,0.0,1,416,卖盘
755,10:45:25,4.16,0.0,1,416,卖盘
756,10:45:27,4.16,0.0,1,416,卖盘
757,10:45:31,4.16,0.0,1,416,卖盘
758,10:45:33,4.16,0.0,1,416,卖盘
759,10:45:37,4.16,0.0,7,2912,卖盘
760,10:45:46,4.16,0.0,1,416,买盘
761,10:45:52,4.16,0.0,23,9568,买盘
762,10:46:00,4.16,0.0,2,832,买盘
763,10:46:13,4.16,0.0,33,13728,买盘
764,10:46:28,4.16,0.0,4,1664,买盘
765,10:46:31,4.15,-0.01,71,29465,卖盘
766,10:46:34,4.15,0.0,2,830,卖盘
767,10:46:46,4.16,0.01,5,2080,买盘
768,10:46:52,4.16,0.0,12,4992,买盘
769,10:47:07,4.16,0.0,1,416,买盘
770,10:47:18,4.16,0.0,10,4160,买盘
771,10:47:22,4.16,0.0,5,2080,买盘
772,10:47:25,4.16,0.0,7,2912,买盘
773,10:47:28,4.16,0.0,6,2496,买盘
774,10:47:33,4.16,0.0,1,416,卖盘
775,10:47:37,4.16,0.0,9,3744,卖盘
776,10:47:39,4.16,0.0,8,3328,卖盘
777,10:47:42,4.16,0.0,1,416,卖盘
778,10:47:45,4.16,0.0,1,416,卖盘
779,10:47:48,4.16,0.0,1,416,卖盘
780,10:47:52,4.16,0.0,1,416,卖盘
781,10:47:54,4.16,0.0,1,416,卖盘
782,10:47:58,4.16,0.0,1,416,卖盘
783,10:48:01,4.16,0.0,21,8736,卖盘
784,10:48:04,4.16,0.0,1,416,卖盘
785,10:48:06,4.16,0.0,1,416,卖盘
786,10:48:10,4.16,0.0,1,416,卖盘
787,10:48:13,4.16,0.0,3,1248,卖盘
788,10:48:16,4.16,0.0,13,5408,卖盘
789,10:48:19,4.16,0.0,3,1248,卖盘
790,10:48:24,4.16,0.0,1,416,卖盘
791,10:48:31,4.16,0.0,16,6656,卖盘
792,10:48:33,4.16,0.0,16,6656,卖盘
793,10:48:37,4.17,0.01,30,12510,买盘
794,10:48:40,4.16,-0.01,128,53248,卖盘
795,10:48:48,4.16,0.0,1,416,买盘
796,10:48:51,4.16,0.0,90,37440,买盘
797,10:48:54,4.15,-0.01,10,4150,卖盘
798,10:49:09,4.16,0.01,205,85280,买盘
799,10:49:19,4.16,0.0,10,4160,买盘
800,10:49:22,4.16,0.0,1,416,买盘
801,10:49:31,4.15,-0.01,12,4980,卖盘
802,10:49:39,4.16,0.01,20,8320,买盘
803,10:49:48,4.16,0.0,19,7904,买盘
804,10:49:55,4.16,0.0,30,12480,买盘
805,10:50:31,4.16,0.0,5,2080,买盘
806,10:50:42,4.16,0.0,10,4160,买盘
807,10:50:52,4.16,0.0,2,832,买盘
808,10:50:55,4.16,0.0,31,12896,买盘
809,10:51:01,4.16,0.0,62,25792,买盘
810,10:51:10,4.15,-0.01,103,42845,卖盘
811,10:51:15,4.16,0.01,20,8320,买盘
812,10:51:22,4.16,0.0,2,832,买盘
813,10:51:45,4.16,0.0,23,9568,买盘
814,10:51:52,4.16,0.0,22,9140,买盘
815,10:52:01,4.16,0.0,40,16640,买盘
816,10:52:07,4.16,0.0,2,832,买盘
817,10:52:09,4.15,-0.01,5,2075,卖盘
818,10:52:12,4.16,0.01,20,8310,买盘
819,10:52:22,4.16,0.0,10,4160,买盘
820,10:52:34,4.16,0.0,3,1248,买盘
821,10:52:49,4.16,0.0,6,2496,买盘
822,10:52:55,4.15,-0.01,94,39012,卖盘
823,10:52:58,4.16,0.01,17,7072,买盘
824,10:53:22,4.17,0.01,7,2919,买盘
825,10:53:34,4.17,0.0,28,11676,买盘
826,10:53:40,4.17,0.0,232,96744,买盘
827,10:53:42,4.16,-0.01,154,64064,卖盘
828,10:53:49,4.16,0.0,54,22464,买盘
829,10:54:01,4.16,0.0,172,71552,买盘
830,10:54:12,4.17,0.01,92,38364,买盘
831,10:54:34,4.17,0.0,114,47538,买盘
832,10:54:52,4.17,0.0,30,12510,买盘
833,10:55:01,4.17,0.0,12,5004,买盘
834,10:55:06,4.17,0.0,24,10008,买盘
835,10:55:34,4.17,0.0,12,5004,买盘
836,10:55:46,4.17,0.0,141,58797,买盘
837,10:56:28,4.17,0.0,15,6255,买盘
838,10:56:46,4.17,0.0,2,834,买盘
839,10:56:58,4.17,0.0,2,834,买盘
840,10:57:10,4.17,0.0,17,7089,买盘
841,10:57:13,4.17,0.0,36,14999,买盘
842,10:57:19,4.17,0.0,5,2085,买盘
843,10:58:01,4.17,0.0,5,2085,买盘
844,10:58:04,4.17,0.0,80,33360,买盘
845,10:58:13,4.17,0.0,1,417,买盘
846,10:58:15,4.16,-0.01,2,832,卖盘
847,10:58:22,4.17,0.01,5,2085,买盘
848,10:58:31,4.17,0.0,50,20850,买盘
849,10:58:46,4.16,-0.01,29,12064,卖盘
850,10:59:25,4.16,0.0,50,20800,卖盘
851,10:59:30,4.16,0.0,15,6240,卖盘
852,10:59:46,4.16,0.0,140,58240,卖盘
853,11:00:01,4.17,0.01,11,4587,买盘
854,11:01:33,4.17,0.0,10,4170,买盘
855,11:01:58,4.16,-0.01,35,14560,卖盘
856,11:02:25,4.16,0.0,100,41600,卖盘
857,11:02:51,4.16,0.0,4,1664,卖盘
858,11:03:16,4.16,0.0,4,1664,卖盘
859,11:03:27,4.17,0.01,50,20850,买盘
860,11:03:40,4.17,0.0,4,1668,买盘
861,11:03:42,4.16,-0.01,1,416,卖盘
862,11:03:49,4.16,0.0,10,4160,卖盘
863,11:03:54,4.17,0.01,63,26258,买盘
864,11:04:15,4.17,0.0,3,1249,买盘
865,11:04:19,4.17,0.0,3,1251,买盘
866,11:05:01,4.17,0.0,10,4170,买盘
867,11:05:07,4.17,0.0,1,417,买盘
868,11:05:15,4.17,0.0,5,2085,买盘
869,11:05:34,4.16,-0.01,8,3328,卖盘
870,11:05:37,4.17,0.01,39,16263,买盘
871,11:05:42,4.16,-0.01,74,30784,卖盘
872,11:06:01,4.16,0.0,13,5408,卖盘
873,11:06:27,4.16,0.0,2,832,卖盘
874,11:06:30,4.16,0.0,30,12480,卖盘
875,11:06:33,4.16,0.0,2,832,卖盘
876,11:06:36,4.16,0.0,9,3744,卖盘
877,11:06:39,4.16,0.0,9,3744,卖盘
878,11:06:43,4.16,0.0,84,35015,卖盘
879,11:06:46,4.16,0.0,15,6240,卖盘
880,11:06:48,4.16,0.0,8,3328,卖盘
881,11:06:51,4.16,0.0,14,5824,卖盘
882,11:06:55,4.16,0.0,14,5824,卖盘
883,11:06:58,4.16,0.0,19,7904,卖盘
884,11:07:01,4.16,0.0,25,10400,卖盘
885,11:07:04,4.16,0.0,23,9568,卖盘
886,11:07:07,4.16,0.0,17,7072,卖盘
887,11:07:10,4.16,0.0,349,145184,卖盘
888,11:07:13,4.16,0.0,25,10400,卖盘
889,11:07:16,4.16,0.0,16,6656,卖盘
890,11:07:19,4.16,0.0,17,7072,卖盘
891,11:07:21,4.16,0.0,14,5824,卖盘
892,11:07:24,4.16,0.0,18,7488,卖盘
893,11:07:28,4.16,0.0,15,6240,卖盘
894,11:07:31,4.16,0.0,15,6240,卖盘
895,11:07:33,4.16,0.0,14,5824,卖盘
896,11:07:36,4.16,0.0,19,7904,卖盘
897,11:07:40,4.16,0.0,17,7072,卖盘
898,11:07:43,4.16,0.0,18,7488,卖盘
899,11:07:46,4.16,0.0,16,6656,卖盘
900,11:07:49,4.16,0.0,20,8320,卖盘
901,11:07:52,4.16,0.0,18,7488,卖盘
902,11:07:54,4.16,0.0,20,8320,卖盘
903,11:07:57,4.16,0.0,42,17472,卖盘
904,11:08:01,4.16,0.0,18,7488,卖盘
905,11:08:04,4.16,0.0,20,8320,卖盘
906,11:08:07,4.16,0.0,16,6656,卖盘
907,11:08:10,4.16,0.0,21,8736,卖盘
908,11:08:13,4.16,0.0,17,7072,卖盘
909,11:08:16,4.16,0.0,18,7488,卖盘
910,11:08:18,4.16,0.0,21,8736,卖盘
911,11:08:22,4.16,0.0,31,12896,卖盘
912,11:08:24,4.16,0.0,27,11232,卖盘
913,11:08:28,4.16,0.0,132,54912,卖盘
914,11:08:31,4.16,0.0,32,13312,卖盘
915,11:08:33,4.16,0.0,27,11232,卖盘
916,11:08:36,4.16,0.0,25,10400,卖盘
917,11:08:39,4.16,0.0,30,12480,卖盘
918,11:08:43,4.16,0.0,22,9152,卖盘
919,11:08:46,4.16,0.0,284,118365,卖盘
920,11:08:49,4.16,0.0,20,8326,卖盘
921,11:08:51,4.16,0.0,5,2080,卖盘
922,11:08:55,4.16,0.0,3,1248,卖盘
923,11:08:57,4.16,0.0,4,1664,卖盘
924,11:09:01,4.16,0.0,2,832,卖盘
925,11:09:04,4.16,0.0,17,7072,卖盘
926,11:09:10,4.16,0.0,1,416,卖盘
927,11:09:15,4.16,0.0,6,2496,卖盘
928,11:09:18,4.16,0.0,5,2080,卖盘
929,11:09:21,4.16,0.0,5,2080,卖盘
930,11:09:25,4.16,0.0,3,1248,卖盘
931,11:09:27,4.16,0.0,4,1664,卖盘
932,11:09:30,4.16,0.0,2,832,卖盘
933,11:09:33,4.16,0.0,31,12896,卖盘
934,11:10:15,4.16,0.0,5,2080,买盘
935,11:10:21,4.16,0.0,9,3744,买盘
936,11:11:16,4.16,0.0,3,1248,买盘
937,11:11:18,4.16,0.0,5,2080,买盘
938,11:11:36,4.15,-0.01,407,168905,卖盘
939,11:12:06,4.15,0.0,434,180110,卖盘
940,11:12:09,4.15,0.0,27,11205,卖盘
941,11:12:16,4.15,0.0,15,6225,卖盘
942,11:12:19,4.15,0.0,32,13280,卖盘
943,11:12:22,4.15,0.0,5,2075,卖盘
944,11:12:25,4.15,0.0,26,10790,卖盘
945,11:12:27,4.15,0.0,59,24485,卖盘
946,11:12:31,4.15,0.0,93,38595,卖盘
947,11:12:33,4.15,0.0,50,20750,卖盘
948,11:12:36,4.15,0.0,264,109560,卖盘
949,11:12:39,4.15,0.0,63,26145,卖盘
950,11:12:43,4.16,0.01,150,62251,买盘
951,11:12:46,4.15,-0.01,69,28635,卖盘
952,11:12:49,4.15,0.0,73,30295,卖盘
953,11:12:52,4.15,0.0,82,34030,卖盘
954,11:12:54,4.15,0.0,67,27805,卖盘
955,11:12:57,4.15,0.0,30,12450,卖盘
956,11:13:01,4.15,0.0,20,8300,卖盘
957,11:13:04,4.15,0.0,27,11205,卖盘
958,11:13:06,4.15,0.0,14,5810,卖盘
959,11:13:09,4.15,0.0,38,15770,卖盘
960,11:13:40,4.15,0.0,1,415,买盘
961,11:13:43,4.15,0.0,36,14940,买盘
962,11:13:46,4.15,0.0,10,4150,买盘
963,11:13:48,4.14,-0.01,11,4560,卖盘
964,11:13:54,4.15,0.01,1,415,卖盘
965,11:13:57,4.15,0.0,1,415,卖盘
966,11:14:01,4.15,0.0,12,4980,卖盘
967,11:14:04,4.15,0.0,86,35690,卖盘
968,11:14:07,4.15,0.0,5,2075,卖盘
969,11:14:09,4.15,0.0,3,1245,卖盘
970,11:14:12,4.15,0.0,2,830,卖盘
971,11:14:15,4.15,0.0,40,16600,卖盘
972,11:14:18,4.15,0.0,11,4565,卖盘
973,11:14:48,4.15,0.0,71,29465,买盘
974,11:14:58,4.15,0.0,16,6640,卖盘
975,11:15:10,4.15,0.0,87,36105,卖盘
976,11:15:18,4.15,0.0,1,415,卖盘
977,11:15:22,4.15,0.0,199,82585,卖盘
978,11:15:33,4.15,0.0,17,7055,买盘
979,11:15:46,4.15,0.0,51,21165,买盘
980,11:15:58,4.15,0.0,51,21165,买盘
981,11:16:04,4.15,0.0,3,1245,卖盘
982,11:16:12,4.15,0.0,50,20750,卖盘
983,11:16:31,4.15,0.0,3,1245,卖盘
984,11:17:10,4.15,0.0,8,3320,卖盘
985,11:17:33,4.15,0.0,22,9130,卖盘
986,11:17:36,4.16,0.01,4,1664,买盘
987,11:17:43,4.16,0.0,5,2080,买盘
988,11:17:58,4.15,-0.01,10,4150,卖盘
989,11:18:22,4.15,0.0,50,20750,卖盘
990,11:18:27,4.16,0.01,11,4576,买盘
991,11:18:40,4.16,0.0,41,17056,买盘
992,11:18:49,4.15,-0.01,9,3735,卖盘
993,11:19:12,4.15,0.0,10,4150,卖盘
994,11:19:45,4.15,0.0,4,1660,卖盘
995,11:19:48,4.15,0.0,10,4150,卖盘
996,11:20:12,4.15,0.0,100,41500,卖盘
997,11:20:27,4.16,0.01,157,65312,买盘
998,11:20:42,4.16,0.0,41,17056,买盘
999,11:20:45,4.16,0.0,9,3744,买盘
1000,11:20:48,4.15,-0.01,80,33267,卖盘
1001,11:21:10,4.16,0.01,20,8320,卖盘
1002,11:21:15,4.16,0.0,16,6657,卖盘
1003,11:21:24,4.16,0.0,6,2496,卖盘
1004,11:21:33,4.16,0.0,60,24960,卖盘
1005,11:21:55,4.17,0.01,9,3753,买盘
1006,11:22:06,4.16,-0.01,26,10816,卖盘
1007,11:22:28,4.16,0.0,114,47424,卖盘
1008,11:22:31,4.17,0.01,11,4587,买盘
1009,11:22:43,4.17,0.0,40,16680,买盘
1010,11:23:07,4.17,0.0,58,24186,买盘
1011,11:23:13,4.17,0.0,7,2919,买盘
1012,11:23:16,4.17,0.0,24,10008,买盘
1013,11:24:01,4.16,-0.01,5,2080,卖盘
1014,11:25:13,4.17,0.01,13,5421,买盘
1015,11:25:16,4.16,-0.01,30,12480,卖盘
1016,11:25:24,4.17,0.01,3,1251,买盘
1017,11:26:10,4.17,0.0,40,16680,买盘
1018,11:26:16,4.17,0.0,78,32526,买盘
1019,11:26:28,4.17,0.0,128,53376,买盘
1020,11:26:31,4.17,0.0,213,88821,买盘
1021,11:26:48,4.17,0.0,118,49206,卖盘
1022,11:27:07,4.17,0.0,10,4170,卖盘
1023,11:27:19,4.17,0.0,30,12510,卖盘
1024,11:27:22,4.17,0.0,15,6255,卖盘
1025,11:27:24,4.17,0.0,7,2919,卖盘
1026,11:27:46,4.17,0.0,62,25854,买盘
1027,11:28:00,4.18,0.01,22,9196,买盘
1028,11:28:07,4.18,0.0,5,2090,买盘
1029,11:28:55,4.18,0.0,1,418,买盘
1030,11:29:04,4.17,-0.01,5,2085,卖盘
1031,11:29:15,4.17,0.0,121,50457,卖盘
1032,11:29:19,4.17,0.0,2,834,卖盘
1033,11:29:31,4.17,0.0,24,10008,卖盘
1034,11:29:45,4.18,0.01,2,836,买盘
1035,13:00:04,4.18,0.0,43,17974,买盘
1036,13:00:07,4.18,0.0,152,63882,买盘
1037,13:00:09,4.18,0.0,10,4179,买盘
1038,13:00:19,4.18,0.0,100,41800,买盘
1039,13:00:33,4.18,0.0,26,10867,买盘
1040,13:00:39,4.18,0.0,2,836,买盘
1041,13:00:45,4.18,0.0,2,836,买盘
1042,13:00:54,4.17,-0.01,7,2919,卖盘
1043,13:00:57,4.17,0.0,87,36279,卖盘
1044,13:01:09,4.17,0.0,134,55532,卖盘
1045,13:01:16,4.18,0.01,20,8344,买盘
1046,13:01:19,4.16,-0.02,13,5408,卖盘
1047,13:01:37,4.17,0.01,29,12093,卖盘
1048,13:01:39,4.17,0.0,2,834,卖盘
1049,13:01:48,4.17,0.0,10,4170,买盘
1050,13:01:57,4.17,0.0,1,417,买盘
1051,13:02:28,4.16,-0.01,1,416,卖盘
1052,13:02:55,4.16,0.0,3,1248,卖盘
1053,13:03:04,4.17,0.01,8,3336,买盘
1054,13:03:16,4.16,-0.01,1,416,卖盘
1055,13:03:51,4.16,0.0,22,9152,卖盘
1056,13:04:16,4.16,0.0,1,416,卖盘
1057,13:04:19,4.17,0.01,8,3336,买盘
1058,13:07:16,4.16,-0.01,1,416,卖盘
1059,13:07:19,4.16,0.0,265,110240,卖盘
1060,13:07:28,4.17,0.01,327,136259,买盘
1061,13:07:40,4.16,-0.01,36,14976,卖盘
1062,13:07:46,4.16,0.0,34,14144,卖盘
1063,13:08:04,4.16,0.0,57,23712,卖盘
1064,13:08:22,4.16,0.0,150,62400,卖盘
1065,13:08:43,4.16,0.0,30,12487,卖盘
1066,13:08:55,4.15,-0.01,1,415,卖盘
1067,13:09:01,4.15,0.0,20,8300,卖盘
1068,13:09:25,4.1,-0.05,3933,1624684,卖盘
1069,13:09:34,4.16,0.06,11,4576,买盘
1070,13:09:55,4.11,-0.05,30,12330,卖盘
1071,13:09:58,4.11,0.0,70,28770,买盘
1072,13:10:12,4.12,0.01,3,1236,卖盘
1073,13:10:21,4.13,0.01,3,1239,中性盘
1074,13:10:40,4.12,-0.01,1,412,卖盘
1075,13:10:43,4.13,0.01,47,19382,买盘
1076,13:10:49,4.13,0.0,1,413,买盘
1077,13:10:54,4.13,0.0,2,826,买盘
1078,13:10:57,4.12,-0.01,48,19776,卖盘
1079,13:11:04,4.13,0.01,25,10325,买盘
1080,13:11:13,4.12,-0.01,6,2472,卖盘
1081,13:11:15,4.12,0.0,18,7416,卖盘
1082,13:11:24,4.13,0.01,6,2478,买盘
1083,13:11:30,4.12,-0.01,6,2472,卖盘
1084,13:11:34,4.13,0.01,59,24367,买盘
1085,13:11:37,4.13,0.0,30,12390,买盘
1086,13:11:43,4.13,0.0,16,6608,买盘
1087,13:11:45,4.13,0.0,20,8260,买盘
1088,13:11:49,4.13,0.0,28,11564,买盘
1089,13:11:58,4.13,0.0,23,9499,买盘
1090,13:12:06,4.13,0.0,32,13216,卖盘
1091,13:12:09,4.12,-0.01,106,43674,卖盘
1092,13:12:12,4.13,0.01,24,9912,买盘
1093,13:12:16,4.13,0.0,5,2065,买盘
1094,13:12:19,4.13,0.0,11,4543,买盘
1095,13:12:34,4.13,0.0,99,40887,买盘
1096,13:12:36,4.12,-0.01,34,14032,卖盘
1097,13:12:40,4.13,0.01,12,4947,买盘
1098,13:12:54,4.13,0.0,3,1239,卖盘
1099,13:13:01,4.13,0.0,18,7434,卖盘
1100,13:13:19,4.13,0.0,23,9511,卖盘
1101,13:13:22,4.13,0.0,7,2891,卖盘
1102,13:13:24,4.13,0.0,19,7847,卖盘
1103,13:13:30,4.13,0.0,50,20650,卖盘
1104,13:13:33,4.13,0.0,84,34692,卖盘
1105,13:13:36,4.13,0.0,20,8260,买盘
1106,13:13:48,4.13,0.0,7,2891,买盘
1107,13:14:01,4.12,-0.01,55,22660,卖盘
1108,13:14:10,4.12,0.0,11,4532,卖盘
1109,13:14:19,4.13,0.01,2,826,买盘
1110,13:14:21,4.13,0.0,4,1652,买盘
1111,13:14:24,4.13,0.0,10,4130,买盘
1112,13:14:54,4.13,0.0,10,4130,买盘
1113,13:14:58,4.13,0.0,1,413,买盘
1114,13:15:01,4.13,0.0,115,47395,买盘
1115,13:15:10,4.13,0.0,41,16933,买盘
1116,13:15:24,4.12,-0.01,30,12360,卖盘
1117,13:15:27,4.12,0.0,1,412,卖盘
1118,13:15:40,4.13,0.01,10,4130,买盘
1119,13:15:46,4.12,-0.01,24,9888,卖盘
1120,13:15:49,4.12,0.0,5,2060,卖盘
1121,13:15:52,4.13,0.01,68,28084,买盘
1122,13:15:55,4.13,0.0,4,1652,买盘
1123,13:16:01,4.13,0.0,1,413,卖盘
1124,13:16:28,4.13,0.0,20,8260,买盘
1125,13:16:39,4.12,-0.01,170,70040,卖盘
1126,13:16:51,4.13,0.01,3,1239,买盘
1127,13:17:16,4.12,-0.01,53,21836,卖盘
1128,13:17:24,4.12,0.0,2,824,卖盘
1129,13:17:40,4.13,0.01,10,4130,买盘
1130,13:17:43,4.12,-0.01,255,105060,卖盘
1131,13:17:57,4.12,0.0,6,2472,卖盘
1132,13:18:06,4.12,0.0,98,40376,卖盘
1133,13:18:19,4.11,-0.01,68,27948,卖盘
1134,13:18:22,4.12,0.01,25,10278,买盘
1135,13:18:24,4.12,0.0,5,2060,买盘
1136,13:18:33,4.12,0.0,10,4120,买盘
1137,13:18:40,4.12,0.0,128,52628,买盘
1138,13:18:43,4.12,0.0,10,4120,买盘
1139,13:18:46,4.12,0.0,70,28840,买盘
1140,13:18:49,4.12,0.0,1,412,买盘
1141,13:18:52,4.11,-0.01,50,20550,卖盘
1142,13:19:10,4.11,0.0,29,11924,卖盘
1143,13:19:15,4.12,0.01,10,4120,买盘
1144,13:19:21,4.1,-0.02,822,337950,卖盘
1145,13:19:30,4.12,0.02,1,412,买盘
1146,13:19:51,4.11,-0.01,12,4932,买盘
1147,13:19:54,4.11,0.0,8,3288,买盘
1148,13:20:06,4.11,0.0,149,61239,买盘
1149,13:20:09,4.11,0.0,168,69048,买盘
1150,13:20:22,4.11,0.0,21,8631,卖盘
1151,13:20:28,4.11,0.0,7,2877,卖盘
1152,13:20:57,4.11,0.0,140,57540,卖盘
1153,13:21:01,4.12,0.01,29,11948,买盘
1154,13:21:10,4.11,-0.01,11,4521,卖盘
1155,13:21:13,4.12,0.01,38,15656,买盘
1156,13:21:19,4.11,-0.01,93,38223,卖盘
1157,13:21:31,4.12,0.01,11,4532,买盘
1158,13:21:45,4.12,0.0,25,10300,买盘
1159,13:21:58,4.11,-0.01,25,10299,卖盘
1160,13:22:04,4.12,0.01,10,4120,买盘
1161,13:22:13,4.12,0.0,18,7416,买盘
1162,13:22:16,4.12,0.0,5,2060,买盘
1163,13:22:19,4.12,0.0,30,12360,买盘
1164,13:22:28,4.11,-0.01,14,5754,卖盘
1165,13:22:31,4.11,0.0,10,4110,卖盘
1166,13:22:34,4.12,0.01,4,1648,买盘
1167,13:22:37,4.12,0.0,6,2472,买盘
1168,13:23:07,4.11,-0.01,100,41100,卖盘
1169,13:23:34,4.11,0.0,20,8220,卖盘
1170,13:23:37,4.11,0.0,10,4110,卖盘
1171,13:23:46,4.11,0.0,1,411,卖盘
1172,13:23:52,4.11,0.0,1,411,卖盘
1173,13:23:58,4.12,0.01,5,2060,买盘
1174,13:24:10,4.11,-0.01,26,10686,卖盘
1175,13:24:25,4.12,0.01,50,20600,买盘
1176,13:24:40,4.11,-0.01,10,4110,卖盘
1177,13:24:48,4.11,0.0,113,46443,卖盘
1178,13:25:04,4.11,0.0,777,319347,卖盘
1179,13:25:09,4.11,0.0,5,2055,买盘
1180,13:25:19,4.11,0.0,10,4110,买盘
1181,13:25:22,4.11,0.0,71,29181,买盘
1182,13:25:31,4.1,-0.01,105,43055,卖盘
1183,13:25:40,4.1,0.0,744,305040,卖盘
1184,13:25:46,4.1,0.0,3,1230,卖盘
1185,13:25:49,4.1,0.0,18,7380,卖盘
1186,13:25:52,4.1,0.0,210,86100,卖盘
1187,13:25:57,4.1,0.0,154,63140,卖盘
1188,13:26:01,4.1,0.0,22,9020,买盘
1189,13:26:10,4.1,0.0,120,49100,买盘
1190,13:26:13,4.1,0.0,34,13920,买盘
1191,13:26:18,4.1,0.0,25,10250,买盘
1192,13:26:25,4.09,-0.01,5,2045,卖盘
1193,13:26:28,4.1,0.01,83,33950,买盘
1194,13:26:31,4.1,0.0,24,9840,买盘
1195,13:26:37,4.09,-0.01,53,21677,卖盘
1196,13:26:39,4.1,0.01,87,35613,买盘
1197,13:26:48,4.09,-0.01,85,34840,卖盘
1198,13:26:54,4.09,0.0,12,4908,卖盘
1199,13:26:57,4.1,0.01,97,39770,买盘
1200,13:27:15,4.1,0.0,9,3690,卖盘
1201,13:27:18,4.1,0.0,10,4100,卖盘
1202,13:27:22,4.1,0.0,1,410,卖盘
1203,13:27:34,4.1,0.0,7,2876,卖盘
1204,13:27:40,4.1,0.0,50,20500,卖盘
1205,13:27:54,4.1,0.0,246,100860,卖盘
1206,13:28:10,4.1,0.0,63,25830,卖盘
1207,13:28:13,4.1,0.0,22,9026,卖盘
1208,13:28:16,4.1,0.0,58,23780,卖盘
1209,13:28:24,4.1,0.0,58,23806,卖盘
1210,13:28:37,4.11,0.01,245,100695,买盘
1211,13:29:04,4.11,0.0,293,120423,买盘
1212,13:29:07,4.11,0.0,2,822,买盘
1213,13:29:16,4.11,0.0,80,32880,买盘
1214,13:29:22,4.11,0.0,17,6987,买盘
1215,13:29:25,4.11,0.0,9,3699,买盘
1216,13:29:28,4.11,0.0,18,7398,买盘
1217,13:29:31,4.11,0.0,110,45210,买盘
1218,13:29:34,4.11,0.0,9,3699,买盘
1219,13:29:39,4.11,0.0,16,6576,买盘
1220,13:29:42,4.1,-0.01,13,5330,卖盘
1221,13:30:00,4.1,0.0,30,12324,卖盘
1222,13:30:06,4.11,0.01,49,20139,买盘
1223,13:30:12,4.11,0.0,36,14796,买盘
1224,13:30:16,4.11,0.0,238,97818,买盘
1225,13:30:25,4.11,0.0,1,411,卖盘
1226,13:30:28,4.11,0.0,1,411,卖盘
1227,13:30:37,4.12,0.01,5,2060,买盘
1228,13:30:48,4.12,0.0,2,824,买盘
1229,13:30:58,4.11,-0.01,10,4110,卖盘
1230,13:31:12,4.12,0.01,7,2884,买盘
1231,13:31:28,4.11,-0.01,39,16029,卖盘
1232,13:31:36,4.11,0.0,238,97818,卖盘
1233,13:31:46,4.11,0.0,9,3699,买盘
1234,13:31:51,4.11,0.0,10,4110,买盘
1235,13:31:54,4.1,-0.01,2,820,卖盘
1236,13:32:04,4.11,0.01,32,13152,买盘
1237,13:32:06,4.1,-0.01,10,4100,卖盘
1238,13:32:09,4.11,0.01,3,1233,买盘
1239,13:32:16,4.11,0.0,20,8220,买盘
1240,13:32:19,4.11,0.0,4,1644,买盘
1241,13:32:25,4.1,-0.01,10,4100,卖盘
1242,13:32:45,4.1,0.0,58,23780,卖盘
1243,13:33:04,4.11,0.01,62,25482,买盘
1244,13:33:06,4.11,0.0,11,4511,买盘
1245,13:33:15,4.11,0.0,51,20961,买盘
1246,13:33:21,4.1,-0.01,22,9025,卖盘
1247,13:33:28,4.11,0.01,92,37812,买盘
1248,13:33:34,4.11,0.0,10,4110,卖盘
1249,13:33:51,4.11,0.0,291,119601,卖盘
1250,13:33:54,4.11,0.0,4,1644,买盘
1251,13:33:58,4.11,0.0,3,1233,买盘
1252,13:34:07,4.11,0.0,15,6165,买盘
1253,13:34:10,4.1,-0.01,70,28714,卖盘
1254,13:34:12,4.11,0.01,56,23016,买盘
1255,13:34:16,4.1,-0.01,77,31570,卖盘
1256,13:34:18,4.11,0.01,64,26304,买盘
1257,13:34:52,4.11,0.0,2,822,买盘
1258,13:35:00,4.11,0.0,9,3699,买盘
1259,13:35:04,4.11,0.0,257,105627,买盘
1260,13:35:15,4.11,0.0,2,822,买盘
1261,13:35:18,4.1,-0.01,10,4100,卖盘
1262,13:35:28,4.11,0.01,29,11893,买盘
1263,13:35:34,4.1,-0.01,25,10250,卖盘
1264,13:35:40,4.11,0.01,1,411,买盘
1265,13:35:43,4.11,0.0,100,41100,买盘
1266,13:35:54,4.11,0.0,15,6165,买盘
1267,13:36:01,4.11,0.0,6,2466,买盘
1268,13:36:09,4.11,0.0,80,32880,买盘
1269,13:36:13,4.1,-0.01,16,6570,卖盘
1270,13:36:28,4.11,0.01,14,5754,买盘
1271,13:37:10,4.1,-0.01,20,8200,卖盘
1272,13:37:13,4.1,0.0,27,11070,卖盘
1273,13:37:34,4.1,0.0,10,4100,卖盘
1274,13:37:37,4.1,0.0,4,1640,卖盘
1275,13:37:40,4.1,0.0,60,24600,卖盘
1276,13:37:45,4.11,0.01,30,12330,买盘
1277,13:37:48,4.11,0.0,1,411,买盘
1278,13:37:55,4.1,-0.01,252,103320,卖盘
1279,13:37:58,4.1,0.0,27,11070,卖盘
1280,13:38:09,4.11,0.01,6,2466,买盘
1281,13:38:16,4.1,-0.01,7,2870,卖盘
1282,13:38:21,4.1,0.0,402,164825,卖盘
1283,13:38:34,4.1,0.0,34,13944,卖盘
1284,13:38:42,4.11,0.01,20,8220,买盘
1285,13:38:58,4.1,-0.01,11,4510,卖盘
1286,13:39:06,4.11,0.01,5,2055,买盘
1287,13:39:13,4.1,-0.01,4,1640,卖盘
1288,13:39:16,4.1,0.0,250,102500,卖盘
1289,13:39:28,4.1,0.0,1,410,卖盘
1290,13:39:30,4.1,0.0,4,1640,卖盘
1291,13:39:37,4.1,0.0,50,20500,卖盘
1292,13:40:06,4.1,0.0,20,8200,卖盘
1293,13:40:09,4.1,0.0,1,410,卖盘
1294,13:40:13,4.1,0.0,110,45100,卖盘
1295,13:40:21,4.1,0.0,207,84870,卖盘
1296,13:40:37,4.1,0.0,207,84870,卖盘
1297,13:40:40,4.1,0.0,84,34440,卖盘
1298,13:40:45,4.1,0.0,41,16810,卖盘
1299,13:40:55,4.1,0.0,192,78720,卖盘
1300,13:40:58,4.1,0.0,87,35670,卖盘
1301,13:41:01,4.1,0.0,405,166050,卖盘
1302,13:41:04,4.1,0.0,10,4100,买盘
1303,13:41:10,4.1,0.0,20,8200,买盘
1304,13:41:16,4.1,0.0,36,14760,买盘
1305,13:41:18,4.1,0.0,8,3280,买盘
1306,13:41:22,4.1,0.0,32,13120,买盘
1307,13:41:24,4.1,0.0,1,410,买盘
1308,13:41:46,4.1,0.0,12,4920,买盘
1309,13:42:04,4.1,0.0,5,2050,买盘
1310,13:42:22,4.1,0.0,2,820,买盘
1311,13:42:31,4.1,0.0,117,47970,买盘
1312,13:42:33,4.1,0.0,23,9430,买盘
1313,13:42:42,4.1,0.0,24,9840,卖盘
1314,13:42:49,4.1,0.0,36,14760,卖盘
1315,13:43:06,4.09,-0.01,1,409,卖盘
1316,13:43:16,4.09,0.0,6,2454,卖盘
1317,13:43:30,4.08,-0.01,1487,607719,卖盘
1318,13:43:33,4.1,0.02,10,4100,买盘
1319,13:43:36,4.09,-0.01,18,7362,卖盘
1320,13:43:43,4.09,0.0,4,1636,卖盘
1321,13:43:45,4.09,0.0,20,8180,卖盘
1322,13:43:48,4.09,0.0,59,24131,卖盘
1323,13:43:57,4.08,-0.01,170,69361,卖盘
1324,13:44:01,4.08,0.0,3,1224,卖盘
1325,13:44:04,4.09,0.01,35,14315,买盘
1326,13:44:12,4.09,0.0,126,51439,买盘
1327,13:44:22,4.08,-0.01,22,8976,卖盘
1328,13:44:25,4.08,0.0,100,40800,卖盘
1329,13:44:34,4.09,0.01,9,3681,买盘
1330,13:44:37,4.09,0.0,2,818,买盘
1331,13:44:42,4.09,0.0,48,19632,买盘
1332,13:44:45,4.08,-0.01,669,272952,卖盘
1333,13:44:55,4.08,0.0,5,2040,买盘
1334,13:44:57,4.08,0.0,30,12240,买盘
1335,13:45:10,4.08,0.0,77,31466,卖盘
1336,13:45:13,4.09,0.01,8,3272,买盘
1337,13:45:34,4.09,0.0,2,818,买盘
1338,13:45:39,4.09,0.0,2,818,买盘
1339,13:45:46,4.09,0.0,14,5726,买盘
1340,13:45:52,4.09,0.0,3,1227,买盘
1341,13:46:04,4.09,0.0,32,13088,买盘
1342,13:46:06,4.09,0.0,264,107976,买盘
1343,13:46:18,4.09,0.0,10,4090,卖盘
1344,13:46:25,4.1,0.01,8,3275,买盘
1345,13:46:27,4.09,-0.01,57,23313,卖盘
1346,13:46:33,4.1,0.01,4,1640,买盘
1347,13:46:36,4.1,0.0,116,47460,买盘
1348,13:46:40,4.1,0.0,19,7790,买盘
1349,13:46:42,4.09,-0.01,47,19225,卖盘
1350,13:46:48,4.09,0.0,55,22495,卖盘
1351,13:46:51,4.09,0.0,30,12270,卖盘
1352,13:47:01,4.1,0.01,1,410,买盘
1353,13:47:06,4.1,0.0,25,10250,买盘
1354,13:47:10,4.1,0.0,2,820,买盘
1355,13:47:24,4.1,0.0,43,17630,买盘
1356,13:47:43,4.1,0.0,5,2050,买盘
1357,13:47:49,4.1,0.0,75,30750,买盘
1358,13:47:55,4.09,-0.01,40,16360,卖盘
1359,13:48:01,4.1,0.01,34,13940,买盘
1360,13:48:13,4.1,0.0,12,4920,买盘
1361,13:48:28,4.09,-0.01,75,30705,卖盘
1362,13:48:54,4.09,0.0,40,16360,卖盘
1363,13:49:00,4.09,0.0,147,60123,卖盘
1364,13:49:06,4.09,0.0,6,2454,卖盘
1365,13:49:10,4.09,0.0,8,3272,卖盘
1366,13:49:16,4.1,0.01,1,410,买盘
1367,13:49:21,4.09,-0.01,5,2045,卖盘
1368,13:49:28,4.1,0.01,7,2870,买盘
1369,13:49:37,4.09,-0.01,226,92434,卖盘
1370,13:49:43,4.1,0.01,1,410,买盘
1371,13:49:48,4.1,0.0,2,820,买盘
1372,13:49:55,4.1,0.0,10,4100,买盘
1373,13:49:58,4.1,0.0,6,2460,买盘
1374,13:50:18,4.1,0.0,2,820,买盘
1375,13:50:31,4.1,0.0,4,1640,买盘
1376,13:50:46,4.1,0.0,1,410,买盘
1377,13:50:58,4.1,0.0,26,10660,买盘
1378,13:51:04,4.09,-0.01,10,4090,卖盘
1379,13:51:09,4.09,0.0,223,91207,卖盘
1380,13:51:21,4.09,0.0,51,20859,卖盘
1381,13:51:31,4.09,0.0,1,409,买盘
1382,13:51:34,4.09,0.0,20,8180,买盘
1383,13:51:36,4.09,0.0,20,8180,买盘
1384,13:51:39,4.08,-0.01,7,2856,卖盘
1385,13:52:01,4.08,0.0,150,61200,卖盘
1386,13:52:12,4.08,0.0,16,6528,卖盘
1387,13:52:24,4.08,0.0,50,20400,卖盘
1388,13:52:34,4.09,0.01,10,4090,买盘
1389,13:52:37,4.08,-0.01,80,32640,卖盘
1390,13:52:45,4.08,0.0,124,50592,卖盘
1391,13:52:52,4.08,0.0,81,33051,卖盘
1392,13:52:58,4.09,0.01,284,116112,买盘
1393,13:53:01,4.09,0.0,42,17148,买盘
1394,13:53:09,4.09,0.0,167,68303,买盘
1395,13:53:13,4.09,0.0,10,4090,卖盘
1396,13:53:28,4.1,0.01,2,820,买盘
1397,13:53:42,4.1,0.0,1,410,买盘
1398,13:54:04,4.09,-0.01,159,65180,卖盘
1399,13:54:07,4.1,0.01,9,3690,买盘
1400,13:54:10,4.09,-0.01,27,11043,卖盘
1401,13:54:18,4.09,0.0,39,15951,卖盘
1402,13:54:28,4.1,0.01,20,8200,买盘
1403,13:54:43,4.1,0.0,5,2050,买盘
1404,13:54:46,4.1,0.0,5,2050,买盘
1405,13:54:58,4.1,0.0,10,4100,买盘
1406,13:55:09,4.09,-0.01,14,5726,卖盘
1407,13:55:13,4.09,0.0,7,2863,卖盘
1408,13:55:49,4.09,0.0,10,4090,卖盘
1409,13:56:16,4.09,0.0,25,10225,卖盘
1410,13:56:24,4.09,0.0,58,23722,卖盘
1411,13:56:31,4.1,0.01,43,17630,买盘
1412,13:56:34,4.1,0.0,2,820,买盘
1413,13:56:36,4.09,-0.01,8,3272,卖盘
1414,13:56:42,4.09,0.0,112,45830,卖盘
1415,13:56:58,4.1,0.01,5,2050,买盘
1416,13:57:04,4.1,0.0,1,410,买盘
1417,13:57:09,4.1,0.0,56,22905,买盘
1418,13:57:12,4.1,0.0,3,1230,买盘
1419,13:57:15,4.1,0.0,302,123820,买盘
1420,13:57:19,4.1,0.0,47,19270,买盘
1421,13:57:30,4.1,0.0,15,6150,买盘
1422,13:57:37,4.1,0.0,10,4100,买盘
1423,13:57:43,4.1,0.0,20,8200,买盘
1424,13:57:46,4.1,0.0,4,1640,买盘
1425,13:57:52,4.1,0.0,10,4100,买盘
1426,13:57:55,4.1,0.0,24,9840,买盘
1427,13:58:01,4.1,0.0,35,14350,买盘
1428,13:58:09,4.1,0.0,1,410,买盘
1429,13:58:12,4.1,0.0,86,35250,买盘
1430,13:58:19,4.1,0.0,5,2050,卖盘
1431,13:58:28,4.1,0.0,33,13530,卖盘
1432,13:58:34,4.1,0.0,8,3280,买盘
1433,13:58:37,4.1,0.0,3,1230,买盘
1434,13:58:39,4.1,0.0,12,4920,买盘
1435,13:58:43,4.1,0.0,24,9840,买盘
1436,13:58:49,4.11,0.01,30,12310,买盘
1437,13:58:51,4.09,-0.02,8,3272,卖盘
1438,13:59:30,4.1,0.01,35,14350,卖盘
1439,13:59:33,4.1,0.0,5,2050,卖盘
1440,13:59:37,4.1,0.0,30,12300,卖盘
1441,13:59:49,4.1,0.0,10,4100,卖盘
1442,13:59:51,4.1,0.0,90,36900,卖盘
1443,13:59:54,4.1,0.0,16,6560,卖盘
1444,14:00:09,4.11,0.01,11,4521,买盘
1445,14:00:16,4.11,0.0,111,45621,买盘
1446,14:00:37,4.1,-0.01,6,2460,卖盘
1447,14:00:40,4.1,0.0,27,11092,卖盘
1448,14:00:45,4.11,0.01,32,13152,买盘
1449,14:01:04,4.11,0.0,92,37812,买盘
1450,14:01:07,4.1,-0.01,8,3280,卖盘
1451,14:01:10,4.11,0.01,29,11919,买盘
1452,14:01:19,4.11,0.0,2,822,买盘
1453,14:02:06,4.11,0.0,62,25482,买盘
1454,14:02:10,4.11,0.0,10,4110,买盘
1455,14:02:16,4.11,0.0,50,20550,买盘
1456,14:02:22,4.11,0.0,7,2874,买盘
1457,14:02:36,4.1,-0.01,69,28294,卖盘
1458,14:03:01,4.1,0.0,5,2050,卖盘
1459,14:03:10,4.1,0.0,14,5740,卖盘
1460,14:03:18,4.11,0.01,11,4521,买盘
1461,14:03:45,4.1,-0.01,1,410,卖盘
1462,14:03:48,4.1,0.0,10,4100,卖盘
1463,14:03:54,4.11,0.01,1,411,买盘
1464,14:04:00,4.1,-0.01,20,8200,卖盘
1465,14:04:12,4.11,0.01,20,8220,买盘
1466,14:04:15,4.11,0.0,20,8220,买盘
1467,14:04:31,4.11,0.0,55,22581,买盘
1468,14:04:46,4.11,0.0,9,3699,买盘
1469,14:04:52,4.11,0.0,197,80967,买盘
1470,14:04:55,4.11,0.0,25,10275,买盘
1471,14:04:57,4.1,-0.01,60,24600,卖盘
1472,14:05:04,4.11,0.01,248,101928,买盘
1473,14:05:07,4.11,0.0,1,411,卖盘
1474,14:05:22,4.12,0.01,8,3293,买盘
1475,14:05:24,4.12,0.0,113,46556,买盘
1476,14:05:27,4.12,0.0,34,14008,买盘
1477,14:05:33,4.12,0.0,151,62212,买盘
1478,14:05:36,4.12,0.0,72,29664,买盘
1479,14:05:40,4.12,0.0,50,20600,卖盘
1480,14:05:49,4.12,0.0,197,81341,卖盘
1481,14:05:51,4.13,0.01,161,66493,买盘
1482,14:06:01,4.13,0.0,60,24780,卖盘
1483,14:06:04,4.13,0.0,68,28084,买盘
1484,14:06:16,4.13,0.0,193,79709,买盘
1485,14:06:19,4.13,0.0,8,3304,买盘
1486,14:06:37,4.13,0.0,66,27258,买盘
1487,14:06:40,4.13,0.0,70,28905,买盘
1488,14:06:52,4.14,0.01,5,2070,买盘
1489,14:06:55,4.14,0.0,45,18630,买盘
1490,14:06:58,4.14,0.0,21,8694,买盘
1491,14:07:07,4.14,0.0,55,22770,买盘
1492,14:07:10,4.14,0.0,8,3312,买盘
1493,14:07:12,4.14,0.0,19,7866,买盘
1494,14:07:16,4.14,0.0,21,8694,买盘
1495,14:07:39,4.13,-0.01,50,20650,卖盘
1496,14:07:45,4.14,0.01,50,20700,买盘
1497,14:07:57,4.14,0.0,1,414,买盘
1498,14:08:04,4.13,-0.01,106,43834,卖盘
1499,14:08:16,4.13,0.0,50,20650,卖盘
1500,14:08:21,4.13,0.0,1,413,卖盘
1501,14:08:24,4.13,0.0,6,2478,卖盘
1502,14:08:27,4.13,0.0,10,4130,卖盘
1503,14:08:34,4.14,0.01,393,162702,买盘
1504,14:08:37,4.13,-0.01,18,7434,卖盘
1505,14:09:07,4.14,0.01,12,4968,买盘
1506,14:09:10,4.13,-0.01,3,1239,卖盘
1507,14:10:10,4.14,0.01,184,76090,买盘
1508,14:10:13,4.13,-0.01,19,7857,卖盘
1509,14:10:18,4.13,0.0,6,2478,卖盘
1510,14:10:31,4.13,0.0,26,10738,卖盘
1511,14:10:52,4.14,0.01,6,2484,买盘
1512,14:10:54,4.13,-0.01,100,41300,卖盘
1513,14:11:04,4.14,0.01,35,14490,买盘
1514,14:11:07,4.13,-0.01,10,4130,卖盘
1515,14:11:36,4.14,0.01,4,1654,买盘
1516,14:11:46,4.14,0.0,1,414,买盘
1517,14:11:49,4.13,-0.01,9,3717,卖盘
1518,14:12:16,4.14,0.01,71,29382,买盘
1519,14:12:34,4.14,0.0,20,8280,买盘
1520,14:12:42,4.14,0.0,10,4140,买盘
1521,14:12:46,4.14,0.0,29,12006,买盘
1522,14:12:52,4.14,0.0,10,4140,买盘
1523,14:12:57,4.13,-0.01,17,7021,卖盘
1524,14:13:01,4.14,0.01,48,19872,买盘
1525,14:13:07,4.14,0.0,14,5796,买盘
1526,14:13:16,4.14,0.0,5,2070,买盘
1527,14:13:27,4.13,-0.01,120,49560,卖盘
1528,14:13:37,4.14,0.01,10,4140,买盘
1529,14:13:40,4.13,-0.01,20,8260,卖盘
1530,14:13:52,4.13,0.0,59,24367,卖盘
1531,14:13:58,4.13,0.0,71,29323,卖盘
1532,14:14:01,4.13,0.0,94,38822,卖盘
1533,14:14:16,4.13,0.0,188,77638,买盘
1534,14:14:36,4.12,-0.01,188,77456,卖盘
1535,14:14:45,4.13,0.01,103,42539,买盘
1536,14:14:48,4.12,-0.01,30,12360,卖盘
1537,14:15:04,4.13,0.01,2,826,买盘
1538,14:15:09,4.13,0.0,5,2065,买盘
1539,14:15:13,4.12,-0.01,224,92288,卖盘
1540,14:15:28,4.12,0.0,40,16480,买盘
1541,14:15:40,4.08,-0.04,1621,663325,卖盘
1542,14:16:10,4.09,0.01,1,409,卖盘
1543,14:16:16,4.11,0.02,10,4110,买盘
1544,14:16:27,4.11,0.0,6,2466,买盘
1545,14:16:36,4.1,-0.01,18,7380,卖盘
1546,14:16:48,4.11,0.01,1,411,买盘
1547,14:17:04,4.11,0.0,26,10686,买盘
1548,14:17:12,4.11,0.0,12,4932,买盘
1549,14:17:19,4.11,0.0,69,28359,买盘
1550,14:17:22,4.1,-0.01,4,1640,卖盘
1551,14:17:28,4.11,0.01,88,36168,买盘
1552,14:17:36,4.11,0.0,27,11097,卖盘
1553,14:17:45,4.11,0.0,10,4110,卖盘
1554,14:17:54,4.11,0.0,60,24660,卖盘
1555,14:18:01,4.12,0.01,167,68787,买盘
1556,14:18:07,4.11,-0.01,31,12741,卖盘
1557,14:18:39,4.11,0.0,30,12330,卖盘
1558,14:18:45,4.11,0.0,7,2877,卖盘
1559,14:19:01,4.12,0.01,30,12360,买盘
1560,14:19:18,4.11,-0.01,115,47265,卖盘
1561,14:19:28,4.11,0.0,25,10275,买盘
1562,14:19:31,4.11,0.0,10,4110,买盘
1563,14:19:34,4.11,0.0,59,24249,卖盘
1564,14:19:37,4.1,-0.01,1,410,卖盘
1565,14:19:46,4.11,0.01,10,4110,买盘
1566,14:19:55,4.11,0.0,54,22194,买盘
1567,14:20:07,4.11,0.0,19,7809,卖盘
1568,14:20:13,4.11,0.0,23,9453,卖盘
1569,14:20:15,4.11,0.0,48,19728,卖盘
1570,14:20:21,4.11,0.0,1,411,卖盘
1571,14:20:36,4.1,-0.01,333,136537,卖盘
1572,14:20:55,4.11,0.01,135,55485,买盘
1573,14:21:00,4.11,0.0,5,2055,卖盘
1574,14:21:04,4.11,0.0,27,11097,卖盘
1575,14:21:09,4.11,0.0,47,19317,卖盘
1576,14:21:22,4.1,-0.01,29,11895,卖盘
1577,14:21:28,4.11,0.01,2,822,买盘
1578,14:21:31,4.1,-0.01,13,5330,卖盘
1579,14:21:55,4.1,0.0,20,8200,卖盘
1580,14:22:01,4.1,0.0,190,77900,卖盘
1581,14:22:04,4.11,0.01,110,45200,买盘
1582,14:22:06,4.1,-0.01,6,2460,中性盘
1583,14:22:10,4.1,0.0,5,2050,买盘
1584,14:22:19,4.1,0.0,6,2460,卖盘
1585,14:22:34,4.1,0.0,50,20500,买盘
1586,14:22:36,4.1,0.0,12,4920,买盘
1587,14:22:42,4.1,0.0,10,4100,卖盘
1588,14:22:51,4.11,0.01,145,59595,买盘
1589,14:23:07,4.11,0.0,10,4110,买盘
1590,14:23:10,4.1,-0.01,46,18860,卖盘
1591,14:23:12,4.1,0.0,55,22550,买盘
1592,14:23:15,4.1,0.0,10,4100,买盘
1593,14:23:22,4.09,-0.01,4,1636,卖盘
1594,14:23:25,4.1,0.01,5,2050,买盘
1595,14:23:28,4.1,0.0,18,7380,买盘
1596,14:23:36,4.09,-0.01,36,14724,卖盘
1597,14:23:39,4.1,0.01,78,31980,买盘
1598,14:23:46,4.09,-0.01,18,7362,卖盘
1599,14:23:58,4.1,0.01,50,20500,买盘
1600,14:24:01,4.09,-0.01,13,5317,卖盘
1601,14:24:13,4.1,0.01,173,70930,买盘
1602,14:24:16,4.1,0.0,9,3690,买盘
1603,14:24:25,4.1,0.0,68,27880,买盘
1604,14:24:27,4.1,0.0,4,1640,卖盘
1605,14:24:45,4.1,0.0,26,10660,卖盘
1606,14:25:21,4.1,0.0,26,10660,卖盘
1607,14:25:52,4.1,0.0,22,9032,卖盘
1608,14:25:58,4.1,0.0,10,4100,卖盘
1609,14:26:18,4.1,0.0,50,20500,卖盘
1610,14:26:31,4.1,0.0,51,20910,卖盘
1611,14:26:40,4.1,0.0,4,1640,卖盘
1612,14:27:01,4.11,0.01,52,21372,买盘
1613,14:27:15,4.11,0.0,1,411,买盘
1614,14:27:24,4.11,0.0,1,411,买盘
1615,14:27:30,4.1,-0.01,6,2460,卖盘
1616,14:27:33,4.11,0.01,17,6987,买盘
1617,14:27:43,4.1,-0.01,71,29110,卖盘
1618,14:28:22,4.11,0.01,38,15618,买盘
1619,14:28:30,4.11,0.0,28,11508,买盘
1620,14:28:33,4.11,0.0,40,16440,买盘
1621,14:28:58,4.11,0.0,139,57066,买盘
1622,14:29:12,4.11,0.0,10,4110,买盘
1623,14:29:21,4.1,-0.01,8,3280,卖盘
1624,14:29:24,4.11,0.01,13,5343,买盘
1625,14:29:31,4.11,0.0,10,4110,买盘
1626,14:29:46,4.1,-0.01,1,410,卖盘
1627,14:29:52,4.1,0.0,615,252150,卖盘
1628,14:30:07,4.1,0.0,200,82000,买盘
1629,14:30:12,4.1,0.0,85,34850,买盘
1630,14:30:28,4.1,0.0,1,410,卖盘
1631,14:30:30,4.1,0.0,48,19680,卖盘
1632,14:30:42,4.1,0.0,9,3690,卖盘
1633,14:30:57,4.1,0.0,83,34043,卖盘
1634,14:31:40,4.1,0.0,85,34890,卖盘
1635,14:31:51,4.1,0.0,65,26650,卖盘
1636,14:32:03,4.11,0.01,50,20550,买盘
1637,14:32:06,4.1,-0.01,12,4920,卖盘
1638,14:32:10,4.1,0.0,125,51250,卖盘
1639,14:32:16,4.1,0.0,10,4100,买盘
1640,14:32:28,4.09,-0.01,2,818,卖盘
1641,14:32:31,4.1,0.01,110,45100,买盘
1642,14:32:36,4.1,0.0,162,66420,卖盘
1643,14:32:43,4.1,0.0,13,5330,卖盘
1644,14:32:58,4.1,0.0,15,6150,卖盘
1645,14:33:04,4.1,0.0,45,18450,卖盘
1646,14:33:07,4.1,0.0,190,77900,卖盘
1647,14:33:12,4.1,0.0,8,3280,买盘
1648,14:33:27,4.1,0.0,4,1640,买盘
1649,14:33:46,4.09,-0.01,32,13088,卖盘
1650,14:33:49,4.09,0.0,285,116565,卖盘
1651,14:33:58,4.1,0.01,34,13940,买盘
1652,14:34:00,4.1,0.0,10,4100,买盘
1653,14:34:03,4.09,-0.01,16,6544,卖盘
1654,14:34:13,4.09,0.0,8,3272,卖盘
1655,14:34:24,4.09,0.0,26,10634,卖盘
1656,14:34:30,4.09,0.0,2,818,卖盘
1657,14:34:33,4.1,0.01,4,1640,买盘
1658,14:34:37,4.09,-0.01,100,40900,卖盘
1659,14:34:43,4.09,0.0,2,819,卖盘
1660,14:34:49,4.09,0.0,5,2045,卖盘
1661,14:34:52,4.1,0.01,19,7790,买盘
1662,14:35:04,4.1,0.0,72,29520,买盘
1663,14:35:09,4.1,0.0,50,20500,买盘
1664,14:35:16,4.1,0.0,42,17220,买盘
1665,14:35:31,4.1,0.0,25,10250,买盘
1666,14:35:36,4.1,0.0,424,173840,买盘
1667,14:35:39,4.1,0.0,1,410,卖盘
1668,14:35:52,4.1,0.0,480,196800,卖盘
1669,14:35:54,4.1,0.0,9,3690,卖盘
1670,14:36:07,4.1,0.0,26,10660,卖盘
1671,14:36:12,4.1,0.0,74,30340,卖盘
1672,14:36:28,4.1,0.0,1,410,卖盘
1673,14:36:33,4.1,0.0,30,12300,卖盘
1674,14:36:39,4.1,0.0,9,3690,卖盘
1675,14:36:46,4.11,0.01,1,411,买盘
1676,14:36:49,4.1,-0.01,387,158670,卖盘
1677,14:37:00,4.1,0.0,2,820,买盘
1678,14:37:10,4.1,0.0,6,2460,买盘
1679,14:37:13,4.1,0.0,1,410,卖盘
1680,14:37:19,4.1,0.0,9,3690,卖盘
1681,14:37:37,4.11,0.01,7,2877,买盘
1682,14:37:43,4.1,-0.01,30,12300,卖盘
1683,14:37:51,4.11,0.01,10,4110,买盘
1684,14:38:05,4.1,-0.01,9,3690,卖盘
1685,14:38:07,4.1,0.0,50,20500,卖盘
1686,14:38:19,4.1,0.0,33,13530,卖盘
1687,14:38:25,4.1,0.0,13,5330,卖盘
1688,14:38:28,4.1,0.0,30,12300,卖盘
1689,14:38:58,4.1,0.0,25,10250,卖盘
1690,14:39:01,4.1,0.0,196,80360,卖盘
1691,14:39:07,4.1,0.0,15,6150,买盘
1692,14:39:10,4.1,0.0,1,410,买盘
1693,14:39:12,4.1,0.0,10,4100,买盘
1694,14:39:21,4.1,0.0,101,41410,买盘
1695,14:39:24,4.1,0.0,75,30750,买盘
1696,14:39:27,4.1,0.0,24,9840,买盘
1697,14:39:45,4.1,0.0,24,9840,卖盘
1698,14:39:54,4.11,0.01,1,411,买盘
1699,14:39:58,4.1,-0.01,60,24600,卖盘
1700,14:40:04,4.1,0.0,8,3280,卖盘
1701,14:40:06,4.1,0.0,30,12300,卖盘
1702,14:40:13,4.1,0.0,73,29930,卖盘
1703,14:40:27,4.11,0.01,10,4110,买盘
1704,14:40:34,4.1,-0.01,312,127926,卖盘
1705,14:40:36,4.1,0.0,5,2050,买盘
1706,14:40:40,4.1,0.0,5,2050,买盘
1707,14:40:43,4.1,0.0,18,7380,买盘
1708,14:40:45,4.1,0.0,24,9840,买盘
1709,14:40:49,4.1,0.0,50,20500,买盘
1710,14:40:51,4.1,0.0,13,5320,买盘
1711,14:40:55,4.1,0.0,97,39770,买盘
1712,14:40:58,4.1,0.0,15,6150,卖盘
1713,14:41:05,4.1,0.0,13,5330,卖盘
1714,14:41:10,4.1,0.0,44,18040,卖盘
1715,14:41:22,4.1,0.0,125,51250,卖盘
1716,14:41:25,4.1,0.0,57,23370,卖盘
1717,14:41:40,4.1,0.0,33,13530,卖盘
1718,14:41:43,4.1,0.0,20,8200,卖盘
1719,14:41:46,4.1,0.0,11,4510,卖盘
1720,14:41:51,4.1,0.0,41,16810,卖盘
1721,14:41:54,4.1,0.0,144,59040,卖盘
1722,14:42:01,4.1,0.0,5,2050,卖盘
1723,14:42:05,4.1,0.0,105,43050,卖盘
1724,14:42:07,4.1,0.0,100,41000,卖盘
1725,14:42:16,4.1,0.0,10,4100,卖盘
1726,14:42:19,4.11,0.01,30,12330,买盘
1727,14:42:25,4.1,-0.01,1,410,卖盘
1728,14:42:30,4.1,0.0,30,12300,卖盘
1729,14:42:37,4.1,0.0,20,8200,卖盘
1730,14:42:39,4.11,0.01,10,4110,买盘
1731,14:42:46,4.1,-0.01,25,10250,卖盘
1732,14:42:54,4.1,0.0,10,4100,卖盘
1733,14:42:57,4.11,0.01,111,45621,买盘
1734,14:43:06,4.1,-0.01,69,28290,卖盘
1735,14:43:16,4.1,0.0,5,2050,卖盘
1736,14:43:31,4.1,0.0,4,1640,卖盘
1737,14:43:34,4.11,0.01,49,20139,买盘
1738,14:43:40,4.1,-0.01,9,3694,卖盘
1739,14:43:49,4.11,0.01,131,53831,买盘
1740,14:44:01,4.1,-0.01,250,102500,卖盘
1741,14:44:16,4.11,0.01,8,3288,买盘
1742,14:44:19,4.11,0.0,10,4110,买盘
1743,14:44:57,4.11,0.0,26,10675,买盘
1744,14:45:10,4.11,0.0,6,2466,买盘
1745,14:45:16,4.11,0.0,10,4110,买盘
1746,14:45:24,4.11,0.0,40,16440,买盘
1747,14:45:34,4.1,-0.01,5,2050,卖盘
1748,14:45:37,4.11,0.01,8,3288,买盘
1749,14:45:48,4.11,0.0,4,1644,买盘
1750,14:45:51,4.1,-0.01,40,16400,卖盘
1751,14:45:55,4.1,0.0,50,20500,卖盘
1752,14:46:04,4.11,0.01,118,48460,买盘
1753,14:46:13,4.11,0.0,178,73158,买盘
1754,14:46:21,4.11,0.0,398,163569,买盘
1755,14:46:25,4.1,-0.01,15,6156,卖盘
1756,14:46:34,4.11,0.01,21,8620,买盘
1757,14:46:37,4.11,0.0,106,43566,买盘
1758,14:46:40,4.11,0.0,127,52197,买盘
1759,14:46:43,4.11,0.0,19,7809,买盘
1760,14:46:46,4.1,-0.01,672,275520,卖盘
1761,14:46:49,4.11,0.01,158,64938,买盘
1762,14:46:51,4.11,0.0,10,4110,买盘
1763,14:46:54,4.11,0.0,3,1232,买盘
1764,14:47:01,4.1,-0.01,24,9840,卖盘
1765,14:47:05,4.11,0.01,13,5343,买盘
1766,14:47:10,4.11,0.0,8,3288,买盘
1767,14:47:16,4.11,0.0,17,6987,买盘
1768,14:47:19,4.11,0.0,3,1233,买盘
1769,14:47:31,4.1,-0.01,294,120628,卖盘
1770,14:47:39,4.11,0.01,162,66582,买盘
1771,14:47:42,4.11,0.0,189,77679,买盘
1772,14:47:46,4.11,0.0,20,8220,买盘
1773,14:47:52,4.11,0.0,9,3699,买盘
1774,14:48:01,4.1,-0.01,8,3280,卖盘
1775,14:48:05,4.11,0.01,35,14385,买盘
1776,14:48:07,4.1,-0.01,19,7799,卖盘
1777,14:48:28,4.1,0.0,58,23780,卖盘
1778,14:48:37,4.1,0.0,8,3280,卖盘
1779,14:48:48,4.1,0.0,55,22550,卖盘
1780,14:48:52,4.1,0.0,3,1230,卖盘
1781,14:48:58,4.1,0.0,40,16400,卖盘
1782,14:49:07,4.11,0.01,10,4110,买盘
1783,14:49:10,4.1,-0.01,13,5330,卖盘
1784,14:49:19,4.1,0.0,157,64370,卖盘
1785,14:49:22,4.1,0.0,30,12300,卖盘
1786,14:49:25,4.1,0.0,38,15580,卖盘
1787,14:49:40,4.1,0.0,20,8200,卖盘
1788,14:49:49,4.1,0.0,20,8200,卖盘
1789,14:49:52,4.1,0.0,1057,433370,卖盘
1790,14:50:04,4.1,0.0,17,6970,卖盘
1791,14:50:06,4.1,0.0,18,7380,卖盘
1792,14:50:13,4.11,0.01,26,10670,买盘
1793,14:50:19,4.11,0.0,279,114520,买盘
1794,14:50:22,4.1,-0.01,40,16400,卖盘
1795,14:50:25,4.11,0.01,20,8220,买盘
1796,14:50:28,4.1,-0.01,286,117260,卖盘
1797,14:50:37,4.1,0.0,98,40180,卖盘
1798,14:50:39,4.11,0.01,54,22194,买盘
1799,14:50:42,4.1,-0.01,527,216070,卖盘
1800,14:50:46,4.1,0.0,19,7790,买盘
1801,14:50:52,4.1,0.0,93,38130,买盘
1802,14:50:55,4.09,-0.01,1,409,卖盘
1803,14:51:16,4.1,0.01,48,19680,买盘
1804,14:51:22,4.1,0.0,1,410,买盘
1805,14:51:25,4.09,-0.01,167,68303,卖盘
1806,14:51:28,4.09,0.0,28,11452,卖盘
1807,14:51:31,4.1,0.01,55,22550,买盘
1808,14:51:34,4.09,-0.01,200,81800,卖盘
1809,14:51:37,4.1,0.01,720,294911,买盘
1810,14:51:39,4.09,-0.01,5,2045,卖盘
1811,14:51:52,4.09,0.0,10,4090,卖盘
1812,14:51:55,4.1,0.01,314,128740,买盘
1813,14:51:58,4.09,-0.01,3,1227,卖盘
1814,14:52:05,4.1,0.01,20,8200,买盘
1815,14:52:10,4.1,0.0,27,11070,买盘
1816,14:52:16,4.1,0.0,1,410,买盘
1817,14:52:19,4.1,0.0,84,34440,买盘
1818,14:52:28,4.1,0.0,188,77035,买盘
1819,14:52:31,4.1,0.0,98,40180,买盘
1820,14:52:34,4.09,-0.01,139,56851,卖盘
1821,14:52:37,4.1,0.01,516,211443,买盘
1822,14:52:40,4.09,-0.01,8,3272,卖盘
1823,14:52:52,4.09,0.0,26,10645,卖盘
1824,14:52:54,4.1,0.01,2,820,买盘
1825,14:52:58,4.1,0.0,10,4100,买盘
1826,14:53:05,4.1,0.0,37,15170,买盘
1827,14:53:10,4.09,-0.01,4,1636,卖盘
1828,14:53:16,4.09,0.0,100,40900,卖盘
1829,14:53:19,4.09,0.0,195,79755,卖盘
1830,14:53:22,4.09,0.0,100,40900,卖盘
1831,14:53:31,4.1,0.01,71,29060,买盘
1832,14:53:34,4.09,-0.01,503,205727,卖盘
1833,14:53:37,4.09,0.0,218,89162,卖盘
1834,14:53:40,4.09,0.0,43,17587,卖盘
1835,14:53:46,4.09,0.0,118,48262,卖盘
1836,14:53:49,4.09,0.0,4,1636,买盘
1837,14:53:52,4.08,-0.01,200,81761,卖盘
1838,14:53:57,4.09,0.01,33,13492,买盘
1839,14:54:05,4.09,0.0,17,6953,买盘
1840,14:54:07,4.08,-0.01,17,6936,卖盘
1841,14:54:10,4.09,0.01,118,48165,买盘
1842,14:54:13,4.08,-0.01,113,46184,卖盘
1843,14:54:16,4.09,0.01,83,33919,买盘
1844,14:54:22,4.08,-0.01,70,28560,卖盘
1845,14:54:25,4.09,0.01,25,10225,买盘
1846,14:54:28,4.08,-0.01,71,29011,卖盘
1847,14:54:34,4.08,0.0,1,408,卖盘
1848,14:54:37,4.09,0.01,50,20450,买盘
1849,14:54:40,4.09,0.0,206,84081,买盘
1850,14:54:43,4.08,-0.01,18,7344,卖盘
1851,14:54:46,4.08,0.0,2,816,卖盘
1852,14:54:49,4.08,0.0,20,8160,卖盘
1853,14:54:52,4.09,0.01,77,31466,买盘
1854,14:54:55,4.09,0.0,224,91400,买盘
1855,14:54:58,4.09,0.0,70,28630,买盘
1856,14:55:01,4.08,-0.01,408,166466,卖盘
1857,14:55:05,4.08,0.0,5,2040,卖盘
1858,14:55:07,4.08,0.0,10,4080,卖盘
1859,14:55:10,4.08,0.0,181,73904,卖盘
1860,14:55:13,4.09,0.01,421,172138,买盘
1861,14:55:16,4.09,0.0,127,51836,买盘
1862,14:55:19,4.09,0.0,30,12270,买盘
1863,14:55:22,4.09,0.0,50,20450,买盘
1864,14:55:28,4.08,-0.01,101,41208,卖盘
1865,14:55:31,4.08,0.0,120,49050,卖盘
1866,14:55:34,4.08,0.0,17,6936,卖盘
1867,14:55:37,4.09,0.01,1,409,买盘
1868,14:55:40,4.09,0.0,35,14303,买盘
1869,14:55:43,4.08,-0.01,10,4080,卖盘
1870,14:55:46,4.09,0.01,10,4090,买盘
1871,14:55:52,4.09,0.0,358,146232,买盘
1872,14:55:58,4.08,-0.01,111,45388,卖盘
1873,14:56:01,4.09,0.01,110,44990,买盘
1874,14:56:05,4.09,0.0,78,31895,买盘
1875,14:56:07,4.09,0.0,69,28221,买盘
1876,14:56:13,4.08,-0.01,30,12240,卖盘
1877,14:56:16,4.09,0.01,60,24520,买盘
1878,14:56:19,4.08,-0.01,60,24480,卖盘
1879,14:56:22,4.09,0.01,75,30675,买盘
1880,14:56:25,4.09,0.0,354,144755,买盘
1881,14:56:28,4.09,0.0,361,147664,买盘
1882,14:56:34,4.09,0.0,66,26994,卖盘
1883,14:56:37,4.09,0.0,77,31493,卖盘
1884,14:56:49,4.1,0.01,164,67240,买盘
1885,14:56:52,4.1,0.0,16,6560,买盘
1886,14:56:55,4.09,-0.01,23,9418,卖盘
1887,14:56:58,4.09,0.0,25,10225,卖盘
1888,14:57:01,4.09,0.0,82,33542,卖盘
1889,14:57:05,4.1,0.01,10,4100,买盘
1890,15:00:05,4.09,-0.01,1970,805730,卖盘
