,time,price,change,volume,amount,type
0,09:25:04,3.9,-0.03,1680,655200,卖盘
1,09:30:04,3.9,0.0,235,91640,卖盘
2,09:30:07,3.9,0.0,1041,407360,买盘
3,09:30:10,3.91,0.01,107,41875,卖盘
4,09:30:12,3.93,0.02,143,56199,买盘
5,09:30:16,3.91,-0.02,115,44977,卖盘
6,09:30:18,3.91,0.0,41,16031,卖盘
7,09:30:22,3.92,0.01,28,10976,卖盘
8,09:30:31,3.94,0.02,84,33061,买盘
9,09:30:34,3.92,-0.02,19,7468,卖盘
10,09:30:37,3.94,0.02,28,11032,买盘
11,09:30:43,3.94,0.0,91,35851,买盘
12,09:30:46,3.94,0.0,48,18912,买盘
13,09:30:49,3.94,0.0,51,20094,卖盘
14,09:30:52,3.94,0.0,105,41370,买盘
15,09:30:58,3.94,0.0,168,66030,卖盘
16,09:31:01,3.93,-0.01,42,16547,卖盘
17,09:31:04,3.93,0.0,35,13755,卖盘
18,09:31:07,3.94,0.01,199,78416,卖盘
19,09:31:10,3.94,0.0,17,6698,买盘
20,09:31:13,3.93,-0.01,238,93565,卖盘
21,09:31:16,3.94,0.01,1,394,买盘
22,09:31:22,3.94,0.0,289,113651,买盘
23,09:31:25,3.94,0.0,63,24847,卖盘
24,09:31:28,3.94,0.0,85,33490,买盘
25,09:31:31,3.94,0.0,185,72900,卖盘
26,09:31:34,3.95,0.01,219,86343,买盘
27,09:31:37,3.95,0.0,15,5925,买盘
28,09:31:40,3.94,-0.01,425,167450,卖盘
29,09:31:43,3.94,0.0,71,27999,卖盘
30,09:31:46,3.94,0.0,17,6703,卖盘
31,09:31:49,3.94,0.0,298,117492,卖盘
32,09:31:52,3.94,0.0,80,31520,买盘
33,09:32:01,3.94,0.0,20,7880,买盘
34,09:32:04,3.94,0.0,37,14578,买盘
35,09:32:07,3.93,-0.01,32,12576,卖盘
36,09:32:10,3.93,0.0,182,71638,卖盘
37,09:32:13,3.93,0.0,22,8646,卖盘
38,09:32:28,3.94,0.01,255,100275,买盘
39,09:32:31,3.93,-0.01,1,393,卖盘
40,09:32:37,3.94,0.01,3,1182,买盘
41,09:32:40,3.94,0.0,13,5112,买盘
42,09:32:43,3.93,-0.01,200,78706,卖盘
43,09:32:49,3.94,0.01,40,15760,买盘
44,09:32:52,3.94,0.0,31,12188,买盘
45,09:33:01,3.94,0.0,61,24034,买盘
46,09:33:04,3.94,0.0,91,35789,买盘
47,09:33:07,3.94,0.0,18,7092,买盘
48,09:33:10,3.93,-0.01,20,7860,卖盘
49,09:33:16,3.93,0.0,41,16124,卖盘
50,09:33:19,3.94,0.01,20,7880,买盘
51,09:33:22,3.93,-0.01,68,26724,卖盘
52,09:33:25,3.93,0.0,19,7458,买盘
53,09:33:31,3.93,0.0,70,27510,买盘
54,09:33:37,3.93,0.0,55,21615,买盘
55,09:33:43,3.93,0.0,2,786,买盘
56,09:33:45,3.93,0.0,46,18078,买盘
57,09:33:49,3.92,-0.01,25,9806,卖盘
58,09:33:52,3.93,0.01,162,63616,买盘
59,09:33:55,3.93,0.0,29,11397,买盘
60,09:33:58,3.92,-0.01,78,30596,卖盘
61,09:34:01,3.93,0.01,14,5502,买盘
62,09:34:04,3.92,-0.01,10,3927,卖盘
63,09:34:06,3.93,0.01,27,10611,买盘
64,09:34:10,3.93,0.0,381,149363,买盘
65,09:34:13,3.93,0.0,67,26331,买盘
66,09:34:16,3.92,-0.01,101,39592,卖盘
67,09:34:19,3.92,0.0,90,35282,卖盘
68,09:34:22,3.92,0.0,50,19600,买盘
69,09:34:25,3.92,0.0,16,6272,买盘
70,09:34:28,3.92,0.0,21,8232,买盘
71,09:34:31,3.92,0.0,217,85064,买盘
72,09:34:34,3.92,0.0,383,149789,买盘
73,09:34:37,3.92,0.0,136,53262,买盘
74,09:34:40,3.92,0.0,267,104664,买盘
75,09:34:43,3.92,0.0,30,11736,买盘
76,09:34:46,3.92,0.0,215,84109,买盘
77,09:34:49,3.92,0.0,10,3920,卖盘
78,09:34:55,3.92,0.0,10,3920,卖盘
79,09:35:01,3.92,0.0,153,59976,卖盘
80,09:35:07,3.92,0.0,90,35280,卖盘
81,09:35:10,3.92,0.0,32,12571,卖盘
82,09:35:16,3.93,0.01,57,22369,买盘
83,09:35:22,3.92,-0.01,5,1960,卖盘
84,09:35:25,3.92,0.0,149,58408,卖盘
85,09:35:28,3.92,0.0,137,53744,卖盘
86,09:35:34,3.92,0.0,54,21171,卖盘
87,09:35:37,3.93,0.01,522,204884,买盘
88,09:35:39,3.93,0.0,21,8253,卖盘
89,09:35:42,3.92,-0.01,93,36533,卖盘
90,09:35:45,3.92,0.0,9,3533,卖盘
91,09:35:49,3.93,0.01,4,1570,中性盘
92,09:35:58,3.93,0.0,74,29082,卖盘
93,09:36:00,3.93,0.0,10,3930,卖盘
94,09:36:04,3.92,-0.01,224,87936,卖盘
95,09:36:06,3.93,0.01,25,9825,买盘
96,09:36:10,3.94,0.01,142,55940,买盘
97,09:36:16,3.93,-0.01,3,1179,卖盘
98,09:36:21,3.94,0.01,20,7880,买盘
99,09:36:25,3.94,0.0,16,6304,买盘
100,09:36:34,3.94,0.0,2,788,买盘
101,09:36:36,3.93,-0.01,130,51190,卖盘
102,09:36:39,3.94,0.01,119,46886,买盘
103,09:36:46,3.94,0.0,20,7880,买盘
104,09:36:49,3.94,0.0,322,126868,买盘
105,09:36:52,3.93,-0.01,69,27160,卖盘
106,09:36:55,3.94,0.01,10,3940,买盘
107,09:36:58,3.94,0.0,4,1576,买盘
108,09:37:06,3.94,0.0,20,7880,卖盘
109,09:37:10,3.94,0.0,30,11820,卖盘
110,09:37:19,3.95,0.01,256,101120,买盘
111,09:37:25,3.95,0.0,100,39500,买盘
112,09:37:30,3.95,0.0,131,51745,买盘
113,09:37:34,3.95,0.0,5,1975,买盘
114,09:37:37,3.95,0.0,52,20540,买盘
115,09:37:39,3.95,0.0,49,19355,买盘
116,09:37:43,3.95,0.0,40,15800,买盘
117,09:37:46,3.95,0.0,29,11455,买盘
118,09:37:49,3.95,0.0,56,22120,买盘
119,09:37:51,3.95,0.0,28,11060,买盘
120,09:37:55,3.95,0.0,217,85715,买盘
121,09:37:57,3.95,0.0,40,15800,卖盘
122,09:38:01,3.96,0.01,12,4752,买盘
123,09:38:04,3.96,0.0,2,792,买盘
124,09:38:07,3.96,0.0,2,792,买盘
125,09:38:09,3.96,0.0,1,396,买盘
126,09:38:12,3.96,0.0,224,88684,买盘
127,09:38:16,3.96,0.0,78,30888,买盘
128,09:38:22,3.97,0.01,19,7543,买盘
129,09:38:25,3.97,0.0,10,3970,买盘
130,09:38:27,3.97,0.0,53,21041,买盘
131,09:38:31,3.97,0.0,22,8734,卖盘
132,09:38:37,3.97,0.0,33,13101,卖盘
133,09:38:40,3.98,0.01,26,10348,买盘
134,09:38:42,3.98,0.0,59,23467,买盘
135,09:38:46,3.98,0.0,6,2388,买盘
136,09:38:49,3.98,0.0,9,3582,买盘
137,09:38:52,3.98,0.0,220,87560,买盘
138,09:38:55,3.98,0.0,201,79884,买盘
139,09:38:58,3.97,-0.01,176,69977,卖盘
140,09:39:01,3.99,0.02,143,56844,买盘
141,09:39:04,3.98,-0.01,39,15522,卖盘
142,09:39:06,3.98,0.0,165,65670,买盘
143,09:39:10,3.97,-0.01,10,3970,买盘
144,09:39:13,3.98,0.01,301,119778,买盘
145,09:39:16,3.96,-0.02,20,7935,卖盘
146,09:39:18,3.98,0.02,28,11118,买盘
147,09:39:22,3.97,-0.01,126,50022,买盘
148,09:39:25,3.97,0.0,92,36524,买盘
149,09:39:37,3.97,0.0,5,1985,买盘
150,09:39:40,3.95,-0.02,140,55431,卖盘
151,09:39:43,3.97,0.02,5,1985,买盘
152,09:39:45,3.96,-0.01,232,92046,卖盘
153,09:39:51,3.97,0.01,50,19809,买盘
154,09:39:55,3.97,0.0,30,11910,买盘
155,09:40:01,3.96,-0.01,20,7920,买盘
156,09:40:04,3.95,-0.01,10,3950,卖盘
157,09:40:07,3.96,0.01,56,22176,买盘
158,09:40:09,3.96,0.0,10,3960,卖盘
159,09:40:22,3.96,0.0,22,8712,卖盘
160,09:40:24,3.96,0.0,118,46728,卖盘
161,09:40:27,3.96,0.0,11,4356,买盘
162,09:40:46,3.96,0.0,169,66924,买盘
163,09:40:52,3.95,-0.01,64,25280,卖盘
164,09:40:58,3.95,0.0,15,5925,卖盘
165,09:41:01,3.95,0.0,41,16195,卖盘
166,09:41:04,3.95,0.0,50,19750,卖盘
167,09:41:06,3.96,0.01,5,1980,买盘
168,09:41:13,3.95,-0.01,26,10270,卖盘
169,09:41:19,3.95,0.0,35,13825,卖盘
170,09:41:22,3.95,0.0,5,1975,卖盘
171,09:41:24,3.96,0.01,5,1980,买盘
172,09:41:27,3.95,-0.01,2,790,卖盘
173,09:41:40,3.96,0.01,1,396,买盘
174,09:41:42,3.96,0.0,35,13860,买盘
175,09:41:46,3.95,-0.01,1,395,卖盘
176,09:41:49,3.95,0.0,3,1185,卖盘
177,09:41:52,3.96,0.01,15,5940,买盘
178,09:41:58,3.95,-0.01,418,165110,卖盘
179,09:42:01,3.95,0.0,82,32390,买盘
180,09:42:06,3.95,0.0,29,11430,买盘
181,09:42:22,3.94,-0.01,73,28762,卖盘
182,09:42:40,3.94,0.0,67,26463,卖盘
183,09:42:43,3.94,0.0,100,39400,卖盘
184,09:42:46,3.95,0.01,20,7900,买盘
185,09:42:49,3.94,-0.01,100,39400,卖盘
186,09:42:52,3.95,0.01,103,40685,买盘
187,09:43:01,3.94,-0.01,33,13002,卖盘
188,09:43:04,3.95,0.01,299,118105,买盘
189,09:43:09,3.94,-0.01,3,1184,卖盘
190,09:43:13,3.95,0.01,62,24490,买盘
191,09:43:25,3.95,0.0,6,2370,买盘
192,09:43:33,3.95,0.0,3,1185,买盘
193,09:43:37,3.95,0.0,7,2765,买盘
194,09:43:40,3.94,-0.01,34,13429,卖盘
195,09:43:42,3.94,0.0,100,39400,卖盘
196,09:43:46,3.94,0.0,38,14972,卖盘
197,09:43:49,3.94,0.0,135,53194,卖盘
198,09:43:52,3.95,0.01,16,6320,买盘
199,09:43:54,3.94,-0.01,1,394,卖盘
200,09:43:58,3.95,0.01,4,1580,买盘
201,09:44:01,3.94,-0.01,401,157994,卖盘
202,09:44:06,3.94,0.0,21,8278,买盘
203,09:44:19,3.94,0.0,105,41370,买盘
204,09:44:28,3.95,0.01,28,11060,买盘
205,09:44:31,3.94,-0.01,18,7092,卖盘
206,09:44:33,3.94,0.0,88,34586,买盘
207,09:44:43,3.94,0.0,20,7880,买盘
208,09:44:45,3.94,0.0,192,75488,买盘
209,09:44:52,3.94,0.0,14,5516,买盘
210,09:44:58,3.93,-0.01,99,38907,卖盘
211,09:45:04,3.93,0.0,1,393,卖盘
212,09:45:07,3.93,0.0,76,29868,卖盘
213,09:45:13,3.93,0.0,148,58164,卖盘
214,09:45:15,3.93,0.0,18,7074,卖盘
215,09:45:21,3.93,0.0,198,77814,卖盘
216,09:45:25,3.93,0.0,5,1965,买盘
217,09:45:28,3.93,0.0,115,45195,买盘
218,09:45:31,3.93,0.0,11,4323,买盘
219,09:45:33,3.93,0.0,109,42837,买盘
220,09:45:37,3.93,0.0,115,45195,卖盘
221,09:45:40,3.93,0.0,211,82762,买盘
222,09:45:51,3.93,0.0,128,50204,买盘
223,09:45:55,3.93,0.0,20,7860,买盘
224,09:46:01,3.93,0.0,2,786,买盘
225,09:46:06,3.93,0.0,30,11790,买盘
226,09:46:40,3.92,-0.01,2,784,卖盘
227,09:46:43,3.92,0.0,90,35320,卖盘
228,09:46:49,3.92,0.0,10,3920,卖盘
229,09:46:52,3.92,0.0,238,93296,卖盘
230,09:46:58,3.92,0.0,309,121128,卖盘
231,09:47:01,3.92,0.0,10,3920,买盘
232,09:47:12,3.91,-0.01,254,99314,卖盘
233,09:47:19,3.91,0.0,10,3910,买盘
234,09:47:22,3.91,0.0,66,25806,买盘
235,09:47:25,3.91,0.0,440,171614,卖盘
236,09:47:28,3.91,0.0,163,63733,卖盘
237,09:47:31,3.9,-0.01,49,19110,卖盘
238,09:47:34,3.9,0.0,23,8970,卖盘
239,09:47:36,3.91,0.01,55,21505,买盘
240,09:47:39,3.9,-0.01,109,42572,卖盘
241,09:47:42,3.91,0.01,30,11730,买盘
242,09:47:46,3.91,0.0,25,9775,买盘
243,09:47:49,3.9,-0.01,253,98680,卖盘
244,09:47:52,3.89,-0.01,51,19839,卖盘
245,09:47:55,3.89,0.0,16,6224,卖盘
246,09:47:58,3.9,0.01,101,39390,买盘
247,09:48:01,3.9,0.0,21,8170,买盘
248,09:48:04,3.9,0.0,123,47864,买盘
249,09:48:07,3.9,0.0,1,390,买盘
250,09:48:09,3.9,0.0,36,14024,买盘
251,09:48:12,3.9,0.0,20,7800,买盘
252,09:48:16,3.9,0.0,20,7800,卖盘
253,09:48:19,3.9,0.0,91,35490,卖盘
254,09:48:24,3.9,0.0,173,67470,卖盘
255,09:48:27,3.9,0.0,42,16380,买盘
256,09:48:31,3.9,0.0,58,22620,买盘
257,09:48:34,3.89,-0.01,58,22562,卖盘
258,09:48:42,3.89,0.0,38,14790,卖盘
259,09:48:46,3.89,0.0,55,21395,卖盘
260,09:48:52,3.89,0.0,119,46296,卖盘
261,09:48:55,3.89,0.0,76,29574,卖盘
262,09:48:58,3.89,0.0,86,33457,卖盘
263,09:49:01,3.89,0.0,109,42440,卖盘
264,09:49:03,3.89,0.0,2,778,卖盘
265,09:49:06,3.9,0.01,2,780,买盘
266,09:49:10,3.89,-0.01,66,25724,卖盘
267,09:49:13,3.9,0.01,59,22971,买盘
268,09:49:19,3.9,0.0,10,3900,买盘
269,09:49:21,3.89,-0.01,250,97250,卖盘
270,09:49:27,3.9,0.01,43,16770,买盘
271,09:49:34,3.9,0.0,34,13260,买盘
272,09:49:43,3.9,0.0,1,390,买盘
273,09:49:46,3.9,0.0,10,3900,买盘
274,09:49:49,3.89,-0.01,150,58400,卖盘
275,09:49:51,3.89,0.0,40,15560,卖盘
276,09:49:54,3.89,0.0,1,389,卖盘
277,09:50:07,3.9,0.01,5,1950,买盘
278,09:50:09,3.89,-0.01,101,39290,卖盘
279,09:50:13,3.89,0.0,37,14403,卖盘
280,09:50:15,3.9,0.01,62,24180,买盘
281,09:50:18,3.89,-0.01,17,6629,卖盘
282,09:50:22,3.89,0.0,32,12448,卖盘
283,09:50:28,3.9,0.01,4,1560,买盘
284,09:50:30,3.9,0.0,185,72150,卖盘
285,09:50:34,3.9,0.0,1,390,卖盘
286,09:50:37,3.9,0.0,5,1950,卖盘
287,09:50:40,3.9,0.0,21,8190,卖盘
288,09:50:42,3.9,0.0,43,16770,卖盘
289,09:50:45,3.9,0.0,102,39780,卖盘
290,09:50:49,3.9,0.0,35,13650,卖盘
291,09:50:52,3.9,0.0,170,66300,卖盘
292,09:50:55,3.9,0.0,13,5070,买盘
293,09:50:58,3.9,0.0,41,15990,买盘
294,09:51:01,3.89,-0.01,3,1167,卖盘
295,09:51:04,3.9,0.01,29,11310,买盘
296,09:51:06,3.89,-0.01,14,5448,卖盘
297,09:51:09,3.9,0.01,58,22620,买盘
298,09:51:12,3.89,-0.01,15,5837,卖盘
299,09:51:16,3.9,0.01,2,780,买盘
300,09:51:19,3.9,0.0,63,24570,买盘
301,09:51:22,3.9,0.0,111,43183,买盘
302,09:51:28,3.89,-0.01,100,38900,卖盘
303,09:51:30,3.89,0.0,130,50670,卖盘
304,09:51:33,3.89,0.0,169,65797,卖盘
305,09:51:37,3.9,0.01,67,26130,买盘
306,09:51:43,3.89,-0.01,138,53770,卖盘
307,09:51:46,3.9,0.01,52,20280,买盘
308,09:51:57,3.89,-0.01,12,4671,卖盘
309,09:52:04,3.9,0.01,55,21445,买盘
310,09:52:07,3.9,0.0,85,33100,买盘
311,09:52:10,3.9,0.0,11,4290,买盘
312,09:52:13,3.89,-0.01,269,104841,卖盘
313,09:52:19,3.89,0.0,20,7780,卖盘
314,09:52:22,3.9,0.01,42,16380,买盘
315,09:52:24,3.9,0.0,105,40850,买盘
316,09:52:31,3.9,0.0,37,14395,买盘
317,09:52:37,3.9,0.0,12,4680,买盘
318,09:52:43,3.9,0.0,13,5070,卖盘
319,09:53:01,3.91,0.01,16,6256,买盘
320,09:53:06,3.91,0.0,76,29716,买盘
321,09:53:13,3.91,0.0,5,1955,买盘
322,09:53:16,3.91,0.0,7,2737,买盘
323,09:53:31,3.9,-0.01,22,8580,卖盘
324,09:53:34,3.91,0.01,12,4692,买盘
325,09:53:37,3.91,0.0,20,7820,买盘
326,09:53:40,3.91,0.0,118,46138,买盘
327,09:53:43,3.91,0.0,20,7820,买盘
328,09:53:51,3.91,0.0,222,86620,买盘
329,09:54:10,3.9,-0.01,43,16778,卖盘
330,09:54:15,3.91,0.01,3,1173,买盘
331,09:54:21,3.91,0.0,13,5083,买盘
332,09:54:25,3.91,0.0,145,56579,买盘
333,09:54:31,3.91,0.0,32,12512,买盘
334,09:54:36,3.91,0.0,18,7038,卖盘
335,09:54:46,3.91,0.0,29,11339,买盘
336,09:54:48,3.91,0.0,4,1564,买盘
337,09:54:51,3.91,0.0,264,102970,买盘
338,09:54:54,3.91,0.0,100,39100,买盘
339,09:54:58,3.91,0.0,20,7820,买盘
340,09:55:01,3.91,0.0,217,84631,买盘
341,09:55:21,3.9,-0.01,20,7800,买盘
342,09:55:25,3.89,-0.01,508,197612,卖盘
343,09:55:28,3.9,0.01,4,1560,买盘
344,09:55:31,3.9,0.0,10,3900,买盘
345,09:55:33,3.9,0.0,39,15210,买盘
346,09:55:36,3.9,0.0,5,1950,买盘
347,09:55:40,3.9,0.0,15,5850,买盘
348,09:55:43,3.9,0.0,2,780,买盘
349,09:55:46,3.9,0.0,76,29580,买盘
350,09:55:55,3.9,0.0,5,1950,买盘
351,09:55:58,3.9,0.0,5,1950,卖盘
352,09:56:01,3.9,0.0,3,1170,买盘
353,09:56:04,3.9,0.0,50,19500,买盘
354,09:56:07,3.89,-0.01,22,8562,卖盘
355,09:56:10,3.9,0.01,70,27300,买盘
356,09:56:12,3.89,-0.01,8,3112,卖盘
357,09:56:16,3.9,0.01,63,24570,买盘
358,09:56:18,3.88,-0.02,207,80459,卖盘
359,09:56:22,3.89,0.01,160,62240,中性盘
360,09:56:25,3.89,0.0,142,55238,买盘
361,09:56:28,3.89,0.0,20,7780,买盘
362,09:56:31,3.89,0.0,1,389,买盘
363,09:56:33,3.89,0.0,194,75466,买盘
364,09:56:37,3.89,0.0,16,6224,买盘
365,09:56:40,3.89,0.0,32,12448,买盘
366,09:56:43,3.89,0.0,143,55627,买盘
367,09:56:46,3.89,0.0,37,14393,买盘
368,09:56:51,3.89,0.0,19,7391,卖盘
369,09:56:54,3.89,0.0,56,21784,卖盘
370,09:56:57,3.9,0.01,28,10920,买盘
371,09:57:01,3.9,0.0,48,18720,卖盘
372,09:57:13,3.91,0.01,247,96520,买盘
373,09:57:18,3.91,0.0,140,54731,买盘
374,09:57:22,3.91,0.0,50,19550,买盘
375,09:57:24,3.91,0.0,30,11730,买盘
376,09:57:27,3.91,0.0,7,2737,买盘
377,09:57:31,3.91,0.0,10,3910,买盘
378,09:57:34,3.9,-0.01,28,10940,卖盘
379,09:57:37,3.91,0.01,60,23411,买盘
380,09:57:45,3.9,-0.01,39,15210,卖盘
381,09:57:48,3.91,0.01,427,166943,买盘
382,09:57:55,3.9,-0.01,53,20683,卖盘
383,09:58:04,3.9,0.0,97,37830,卖盘
384,09:58:06,3.91,0.01,1,391,买盘
385,09:58:10,3.91,0.0,139,54349,买盘
386,09:58:13,3.9,-0.01,90,35100,卖盘
387,09:58:16,3.9,0.0,151,58896,卖盘
388,09:58:22,3.9,0.0,177,69030,卖盘
389,09:58:28,3.9,0.0,6,2340,卖盘
390,09:58:37,3.9,0.0,66,25742,卖盘
391,09:58:42,3.9,0.0,75,29255,卖盘
392,09:58:49,3.9,0.0,217,84351,卖盘
393,09:58:51,3.9,0.0,13,5351,买盘
394,09:58:58,3.9,0.0,41,15990,卖盘
395,09:59:00,3.9,0.0,67,26130,卖盘
396,09:59:12,3.9,0.0,35,13650,卖盘
397,09:59:22,3.9,0.0,75,29250,卖盘
398,09:59:25,3.9,0.0,19,7425,卖盘
399,09:59:43,3.9,0.0,10,3908,卖盘
400,09:59:49,3.9,0.0,106,41340,卖盘
401,09:59:58,3.9,0.0,245,95560,卖盘
402,10:00:01,3.9,0.0,30,11700,卖盘
403,10:00:07,3.91,0.01,15,5865,买盘
404,10:00:18,3.9,-0.01,25,9750,卖盘
405,10:00:22,3.9,0.0,729,284274,卖盘
406,10:00:24,3.9,0.0,136,53040,买盘
407,10:00:31,3.9,0.0,575,224250,买盘
408,10:00:34,3.89,-0.01,15,5835,卖盘
409,10:00:37,3.9,0.01,132,51480,买盘
410,10:00:42,3.9,0.0,68,26520,买盘
411,10:00:46,3.89,-0.01,100,38900,卖盘
412,10:00:49,3.9,0.01,8,3120,买盘
413,10:00:52,3.9,0.0,126,49140,买盘
414,10:00:57,3.9,0.0,20,7800,买盘
415,10:01:01,3.9,0.0,60,23400,买盘
416,10:01:04,3.9,0.0,35,13625,买盘
417,10:01:06,3.9,0.0,22,8861,买盘
418,10:01:10,3.9,0.0,74,28860,卖盘
419,10:01:24,3.9,0.0,15,5850,卖盘
420,10:01:28,3.9,0.0,30,11700,卖盘
421,10:01:33,3.9,0.0,12,4690,卖盘
422,10:01:37,3.91,0.01,69,26979,买盘
423,10:01:51,3.91,0.0,24,9384,卖盘
424,10:02:01,3.91,0.0,32,12512,买盘
425,10:02:07,3.91,0.0,9,3519,买盘
426,10:02:22,3.9,-0.01,13,5070,卖盘
427,10:02:25,3.91,0.01,13,5083,买盘
428,10:02:27,3.91,0.0,10,3910,买盘
429,10:02:30,3.9,-0.01,19,7410,卖盘
430,10:02:40,3.91,0.01,10,3910,买盘
431,10:02:46,3.9,-0.01,2,780,卖盘
432,10:02:48,3.91,0.01,20,7820,买盘
433,10:02:58,3.9,-0.01,10,3900,卖盘
434,10:03:00,3.9,0.0,325,126775,卖盘
435,10:03:22,3.9,0.0,45,17550,卖盘
436,10:03:24,3.9,0.0,57,22230,卖盘
437,10:03:28,3.91,0.01,4,1564,买盘
438,10:03:31,3.9,-0.01,80,30919,卖盘
439,10:03:33,3.9,0.0,4,1841,买盘
440,10:03:40,3.91,0.01,13,5083,买盘
441,10:03:43,3.9,-0.01,319,124410,卖盘
442,10:03:55,3.9,0.0,1,390,卖盘
443,10:04:16,3.91,0.01,10,3910,买盘
444,10:04:19,3.9,-0.01,155,60455,卖盘
445,10:04:22,3.9,0.0,540,210600,卖盘
446,10:04:28,3.9,0.0,3,1170,卖盘
447,10:04:30,3.91,0.01,2,782,买盘
448,10:04:40,3.9,-0.01,3,1170,卖盘
449,10:04:43,3.91,0.01,12,4692,买盘
450,10:04:49,3.91,0.0,51,19941,买盘
451,10:04:52,3.91,0.0,238,93058,买盘
452,10:04:54,3.91,0.0,8,3128,卖盘
453,10:04:58,3.91,0.0,2,782,卖盘
454,10:05:04,3.92,0.01,152,59584,买盘
455,10:05:09,3.93,0.01,50,19650,买盘
456,10:05:22,3.93,0.0,97,38121,买盘
457,10:05:25,3.93,0.0,192,75456,买盘
458,10:05:31,3.93,0.0,13,5109,卖盘
459,10:05:37,3.94,0.01,30,11820,买盘
460,10:05:42,3.94,0.0,20,7880,买盘
461,10:05:49,3.94,0.0,4,1576,卖盘
462,10:05:52,3.94,0.0,2,788,卖盘
463,10:05:54,3.95,0.01,13,5135,买盘
464,10:05:58,3.95,0.0,119,47005,买盘
465,10:06:16,3.96,0.01,15,5938,买盘
466,10:06:19,3.95,-0.01,50,19750,卖盘
467,10:06:22,3.96,0.01,247,97812,买盘
468,10:06:25,3.96,0.0,27,10692,卖盘
469,10:06:28,3.97,0.01,25,9920,买盘
470,10:06:31,3.96,-0.01,115,45540,卖盘
471,10:06:34,3.97,0.01,50,19850,买盘
472,10:06:37,3.97,0.0,135,53572,买盘
473,10:06:40,3.96,-0.01,125,49532,卖盘
474,10:06:43,3.96,0.0,17,6732,买盘
475,10:06:52,3.96,0.0,27,10692,买盘
476,10:06:58,3.96,0.0,10,3960,买盘
477,10:07:03,3.95,-0.01,30,11850,卖盘
478,10:07:31,3.95,0.0,50,19750,买盘
479,10:07:42,3.95,0.0,78,30810,买盘
480,10:08:06,3.94,-0.01,4,1576,卖盘
481,10:08:16,3.94,0.0,14,5516,卖盘
482,10:08:25,3.94,0.0,43,16942,卖盘
483,10:08:30,3.94,0.0,163,64225,卖盘
484,10:08:43,3.94,0.0,10,3940,买盘
485,10:08:51,3.94,0.0,5,1970,买盘
486,10:09:00,3.93,-0.01,212,83316,卖盘
487,10:09:06,3.94,0.01,80,31520,买盘
488,10:09:09,3.94,0.0,1,394,买盘
489,10:09:39,3.94,0.0,146,57524,买盘
490,10:09:46,3.94,0.0,7,2758,买盘
491,10:09:49,3.94,0.0,26,10244,买盘
492,10:09:58,3.93,-0.01,87,34249,卖盘
493,10:10:00,3.94,0.01,10,3940,买盘
494,10:10:07,3.95,0.01,161,63354,买盘
495,10:10:16,3.94,-0.01,10,3940,卖盘
496,10:10:30,3.94,0.0,7,2758,买盘
497,10:10:42,3.94,0.0,3,1182,卖盘
498,10:11:01,3.95,0.01,12,4740,买盘
499,10:11:09,3.94,-0.01,110,43350,卖盘
500,10:11:16,3.94,0.0,4,1576,卖盘
501,10:11:22,3.95,0.01,33,13035,买盘
502,10:11:37,3.95,0.0,20,7900,买盘
503,10:11:39,3.94,-0.01,41,16154,卖盘
504,10:11:57,3.94,0.0,30,11849,卖盘
505,10:12:10,3.94,0.0,17,6698,卖盘
506,10:12:25,3.94,0.0,1,394,卖盘
507,10:12:42,3.95,0.01,16,6320,买盘
508,10:12:54,3.94,-0.01,92,36248,卖盘
509,10:13:04,3.94,0.0,28,11032,卖盘
510,10:13:07,3.94,0.0,5,1970,卖盘
511,10:13:25,3.95,0.01,156,61496,买盘
512,10:13:28,3.94,-0.01,112,44128,卖盘
513,10:13:31,3.94,0.0,8,3152,卖盘
514,10:13:57,3.94,0.0,6,2364,买盘
515,10:14:06,3.94,0.0,20,7880,卖盘
516,10:14:10,3.94,0.0,94,37036,买盘
517,10:14:18,3.94,0.0,69,27186,买盘
518,10:14:22,3.93,-0.01,10,3930,卖盘
519,10:14:25,3.93,0.0,6,2358,卖盘
520,10:14:28,3.94,0.01,46,18124,买盘
521,10:14:31,3.94,0.0,25,9850,卖盘
522,10:14:52,3.95,0.01,34,13430,买盘
523,10:14:58,3.95,0.0,315,124425,买盘
524,10:15:09,3.95,0.0,10,3950,买盘
525,10:15:13,3.95,0.0,10,3950,买盘
526,10:15:16,3.95,0.0,25,9875,买盘
527,10:15:22,3.95,0.0,4,1580,买盘
528,10:15:24,3.94,-0.01,4,1576,卖盘
529,10:15:28,3.95,0.01,10,3950,买盘
530,10:15:30,3.94,-0.01,40,15760,卖盘
531,10:15:52,3.94,0.0,87,34278,卖盘
532,10:16:04,3.94,0.0,40,15760,卖盘
533,10:16:10,3.93,-0.01,30,11800,卖盘
534,10:16:24,3.94,0.01,16,6304,卖盘
535,10:16:37,3.95,0.01,8,3160,买盘
536,10:16:42,3.95,0.0,7,2765,买盘
537,10:17:07,3.95,0.0,14,5530,买盘
538,10:17:10,3.95,0.0,28,11060,买盘
539,10:17:31,3.94,-0.01,21,8274,卖盘
540,10:17:45,3.95,0.01,13,5127,买盘
541,10:17:49,3.95,0.0,282,111390,买盘
542,10:17:55,3.95,0.0,66,26070,买盘
543,10:18:06,3.95,0.0,12,4740,买盘
544,10:18:28,3.94,-0.01,103,40592,卖盘
545,10:18:34,3.94,0.0,32,12608,买盘
546,10:18:43,3.94,0.0,13,5122,买盘
547,10:19:12,3.93,-0.01,162,63666,卖盘
548,10:19:15,3.93,0.0,13,5109,买盘
549,10:19:24,3.93,0.0,23,9039,买盘
550,10:19:31,3.93,0.0,9,3537,买盘
551,10:19:37,3.93,0.0,69,27117,卖盘
552,10:19:54,3.94,0.01,20,7880,买盘
553,10:20:10,3.94,0.0,87,34278,买盘
554,10:20:12,3.94,0.0,30,11820,买盘
555,10:20:25,3.93,-0.01,7,2751,卖盘
556,10:20:34,3.94,0.01,5,1970,买盘
557,10:20:43,3.94,0.0,45,17730,买盘
558,10:20:46,3.94,0.0,9,3546,卖盘
559,10:21:04,3.94,0.0,9,3546,买盘
560,10:21:36,3.93,-0.01,27,10611,卖盘
561,10:21:52,3.93,0.0,14,5502,卖盘
562,10:22:07,3.94,0.01,20,7880,买盘
563,10:22:27,3.93,-0.01,24,9436,卖盘
564,10:22:30,3.94,0.01,14,5516,买盘
565,10:22:40,3.94,0.0,5,1970,买盘
566,10:22:54,3.93,-0.01,19,7467,卖盘
567,10:23:13,3.93,0.0,40,15720,卖盘
568,10:23:16,3.94,0.01,5,1970,买盘
569,10:23:24,3.94,0.0,20,7880,买盘
570,10:23:30,3.94,0.0,66,26004,买盘
571,10:23:34,3.94,0.0,103,40582,买盘
572,10:23:43,3.93,-0.01,4,1572,卖盘
573,10:23:46,3.94,0.01,74,29156,买盘
574,10:24:04,3.93,-0.01,49,19257,卖盘
575,10:24:07,3.94,0.01,1,394,买盘
576,10:24:10,3.94,0.0,26,10244,买盘
577,10:24:25,3.94,0.0,37,14578,买盘
578,10:24:34,3.94,0.0,8,3152,买盘
579,10:24:48,3.94,0.0,20,7880,买盘
580,10:24:51,3.94,0.0,1,394,买盘
581,10:24:57,3.94,0.0,60,23640,买盘
582,10:25:01,3.94,0.0,20,7880,买盘
583,10:25:07,3.94,0.0,200,78800,买盘
584,10:25:22,3.94,0.0,87,34278,买盘
585,10:25:40,3.95,0.01,10,3950,买盘
586,10:25:46,3.94,-0.01,1,394,卖盘
587,10:25:51,3.95,0.01,23,9085,买盘
588,10:26:13,3.95,0.0,10,3950,买盘
589,10:26:25,3.95,0.0,5,1975,买盘
590,10:26:33,3.94,-0.01,10,3940,卖盘
591,10:26:36,3.94,0.0,1,394,卖盘
592,10:26:39,3.94,0.0,1,394,卖盘
593,10:26:51,3.94,0.0,1,394,卖盘
594,10:26:54,3.94,0.0,1,394,卖盘
595,10:27:04,3.94,0.0,573,225762,卖盘
596,10:27:13,3.95,0.01,516,203689,买盘
597,10:27:31,3.95,0.0,10,3950,买盘
598,10:27:37,3.95,0.0,29,11455,买盘
599,10:27:40,3.95,0.0,68,26860,买盘
600,10:27:55,3.95,0.0,2,790,买盘
601,10:27:58,3.94,-0.01,11,4334,卖盘
602,10:28:01,3.95,0.01,37,14615,买盘
603,10:28:06,3.95,0.0,9,3555,卖盘
604,10:28:16,3.95,0.0,63,24885,卖盘
605,10:28:22,3.96,0.01,18,7112,买盘
606,10:28:33,3.95,-0.01,5,1975,卖盘
607,10:28:39,3.95,0.0,30,11850,卖盘
608,10:28:46,3.95,0.0,68,26860,卖盘
609,10:28:49,3.95,0.0,49,19355,卖盘
610,10:28:52,3.96,0.01,32,12666,买盘
611,10:28:58,3.95,-0.01,1,395,卖盘
612,10:29:22,3.95,0.0,35,13825,卖盘
613,10:29:27,3.96,0.01,260,102960,买盘
614,10:29:49,3.96,0.0,2,792,买盘
615,10:29:52,3.96,0.0,20,7920,买盘
616,10:29:54,3.96,0.0,5,1980,买盘
617,10:30:16,3.96,0.0,17,6732,买盘
618,10:30:22,3.95,-0.01,5,1975,卖盘
619,10:30:37,3.96,0.01,125,49429,买盘
620,10:30:49,3.96,0.0,124,49104,买盘
621,10:30:52,3.96,0.0,212,83952,买盘
622,10:30:58,3.97,0.01,78,30918,买盘
623,10:31:04,3.96,-0.01,65,25740,卖盘
624,10:31:10,3.97,0.01,53,21041,买盘
625,10:31:16,3.96,-0.01,5,1980,卖盘
626,10:31:22,3.97,0.01,6,2382,买盘
627,10:31:24,3.97,0.0,20,7940,买盘
628,10:31:31,3.97,0.0,50,19850,买盘
629,10:31:42,3.97,0.0,50,19850,买盘
630,10:31:55,3.96,-0.01,5,1980,卖盘
631,10:31:58,3.97,0.01,11,4367,买盘
632,10:32:01,3.96,-0.01,7,2772,卖盘
633,10:32:04,3.96,0.0,50,19800,卖盘
634,10:32:06,3.96,0.0,6,2376,卖盘
635,10:32:13,3.96,0.0,93,36828,卖盘
636,10:32:19,3.96,0.0,7,2772,卖盘
637,10:32:24,3.96,0.0,67,26532,买盘
638,10:32:27,3.95,-0.01,26,10270,卖盘
639,10:32:37,3.96,0.01,22,8702,买盘
640,10:32:39,3.96,0.0,5,1980,买盘
641,10:32:55,3.96,0.0,13,5148,买盘
642,10:33:28,3.95,-0.01,3,1185,卖盘
643,10:33:30,3.96,0.01,30,11880,买盘
644,10:33:37,3.96,0.0,30,11880,买盘
645,10:33:52,3.95,-0.01,13,5138,卖盘
646,10:34:06,3.96,0.01,50,19800,买盘
647,10:34:13,3.95,-0.01,121,47805,卖盘
648,10:34:16,3.95,0.0,60,23702,卖盘
649,10:34:37,3.96,0.01,15,5937,买盘
650,10:34:46,3.95,-0.01,47,18565,卖盘
651,10:34:51,3.96,0.01,10,3960,买盘
652,10:34:57,3.96,0.0,33,13052,买盘
653,10:35:04,3.96,0.0,15,5940,买盘
654,10:35:07,3.95,-0.01,50,19750,卖盘
655,10:35:22,3.96,0.01,2,792,买盘
656,10:35:28,3.96,0.0,14,5544,买盘
657,10:35:40,3.96,0.0,2,792,买盘
658,10:35:49,3.95,-0.01,22,8690,卖盘
659,10:35:52,3.95,0.0,20,7900,卖盘
660,10:35:54,3.95,0.0,136,53720,卖盘
661,10:36:10,3.95,0.0,27,10665,卖盘
662,10:36:19,3.95,0.0,62,24490,卖盘
663,10:36:25,3.95,0.0,1,395,中性盘
664,10:36:51,3.95,0.0,55,21725,买盘
665,10:36:55,3.94,-0.01,40,15780,卖盘
666,10:37:10,3.94,0.0,3,1182,卖盘
667,10:37:52,3.95,0.01,30,11850,买盘
668,10:38:25,3.94,-0.01,18,7092,卖盘
669,10:38:31,3.94,0.0,2,788,卖盘
670,10:38:34,3.94,0.0,1,394,卖盘
671,10:38:40,3.94,0.0,8,3152,卖盘
672,10:38:45,3.95,0.01,16,6320,买盘
673,10:39:04,3.95,0.0,50,19750,买盘
674,10:39:06,3.94,-0.01,3,1182,卖盘
675,10:39:24,3.94,0.0,23,9062,卖盘
676,10:39:28,3.94,0.0,25,9850,卖盘
677,10:39:39,3.94,0.0,50,19700,卖盘
678,10:40:01,3.94,0.0,9,3546,卖盘
679,10:40:15,3.94,0.0,200,78800,卖盘
680,10:40:18,3.94,0.0,2,788,卖盘
681,10:40:43,3.95,0.01,2,790,买盘
682,10:41:04,3.94,-0.01,35,13790,卖盘
683,10:41:07,3.95,0.01,9,3555,买盘
684,10:41:19,3.94,-0.01,239,94166,卖盘
685,10:41:36,3.94,0.0,2,788,买盘
686,10:41:51,3.94,0.0,7,2758,买盘
687,10:42:22,3.94,0.0,10,3940,买盘
688,10:42:43,3.93,-0.01,70,27510,卖盘
689,10:42:46,3.93,0.0,637,250341,卖盘
690,10:42:52,3.93,0.0,2,786,买盘
691,10:43:00,3.92,-0.01,1,392,卖盘
692,10:44:18,3.93,0.01,2,786,买盘
693,10:44:27,3.92,-0.01,1,392,卖盘
694,10:44:43,3.93,0.01,3,1179,买盘
695,10:45:01,3.92,-0.01,44,17288,卖盘
696,10:45:13,3.93,0.01,10,3930,买盘
697,10:45:21,3.92,-0.01,215,84345,卖盘
698,10:45:48,3.92,0.0,92,36064,卖盘
699,10:45:54,3.93,0.01,104,40868,买盘
700,10:46:07,3.92,-0.01,10,3920,卖盘
701,10:46:19,3.92,0.0,25,9800,卖盘
702,10:46:22,3.92,0.0,7,2750,卖盘
703,10:46:43,3.93,0.01,12,4716,买盘
704,10:46:52,3.92,-0.01,4,1568,卖盘
705,10:46:54,3.92,0.0,9,3528,卖盘
706,10:47:18,3.92,0.0,127,49784,卖盘
707,10:47:28,3.92,0.0,1,392,卖盘
708,10:47:30,3.92,0.0,61,23912,卖盘
709,10:47:37,3.92,0.0,4,1568,卖盘
710,10:47:43,3.92,0.0,41,16072,卖盘
711,10:47:49,3.93,0.01,130,51090,买盘
712,10:48:13,3.92,-0.01,25,9800,卖盘
713,10:48:16,3.93,0.01,60,23580,买盘
714,10:48:18,3.93,0.0,10,3930,买盘
715,10:48:30,3.93,0.0,127,49911,买盘
716,10:48:33,3.93,0.0,28,11004,买盘
717,10:48:40,3.93,0.0,2,786,买盘
718,10:48:43,3.93,0.0,10,3930,买盘
719,10:48:51,3.93,0.0,17,6681,买盘
720,10:48:58,3.93,0.0,8,3144,买盘
721,10:49:01,3.92,-0.01,5,1960,卖盘
722,10:49:06,3.93,0.01,115,45195,买盘
723,10:49:09,3.93,0.0,19,7467,买盘
724,10:49:19,3.93,0.0,124,48662,买盘
725,10:49:31,3.93,0.0,41,16113,买盘
726,10:49:58,3.93,0.0,2,786,卖盘
727,10:50:04,3.94,0.01,10,3940,买盘
728,10:50:13,3.94,0.0,14,5516,买盘
729,10:50:16,3.93,-0.01,20,7860,卖盘
730,10:50:37,3.94,0.01,9,3546,买盘
731,10:51:01,3.93,-0.01,56,22008,卖盘
732,10:51:16,3.93,0.0,62,24366,卖盘
733,10:51:18,3.93,0.0,2,786,卖盘
734,10:51:46,3.93,0.0,1,393,卖盘
735,10:51:49,3.93,0.0,173,67989,卖盘
736,10:51:51,3.93,0.0,12,4716,卖盘
737,10:52:37,3.93,0.0,32,12576,卖盘
738,10:52:51,3.93,0.0,3,1179,买盘
739,10:53:01,3.93,0.0,47,18471,买盘
740,10:53:22,3.93,0.0,111,43659,卖盘
741,10:53:28,3.93,0.0,1,393,卖盘
742,10:53:55,3.93,0.0,45,17685,卖盘
743,10:54:07,3.94,0.01,21,8274,买盘
744,10:54:15,3.93,-0.01,2,786,卖盘
745,10:54:28,3.94,0.01,5,1970,买盘
746,10:54:48,3.93,-0.01,5,1968,卖盘
747,10:55:10,3.93,0.0,258,101394,卖盘
748,10:55:36,3.93,0.0,47,18471,卖盘
749,10:55:39,3.93,0.0,75,29475,卖盘
750,10:55:48,3.93,0.0,45,17685,卖盘
751,10:55:52,3.94,0.01,5,1970,买盘
752,10:56:07,3.93,-0.01,10,3930,卖盘
753,10:56:40,3.93,0.0,188,73884,卖盘
754,10:56:43,3.93,0.0,2,786,买盘
755,10:57:19,3.93,0.0,5,1965,买盘
756,10:57:25,3.93,0.0,26,10218,买盘
757,10:57:33,3.93,0.0,80,31440,买盘
758,10:57:39,3.93,0.0,3,1179,买盘
759,10:57:48,3.92,-0.01,50,19600,卖盘
760,10:58:01,3.92,0.0,1,392,卖盘
761,10:58:06,3.93,0.01,5,1965,买盘
762,10:58:09,3.92,-0.01,124,48608,卖盘
763,10:58:34,3.93,0.01,17,6681,买盘
764,10:58:48,3.93,0.0,8,3144,买盘
765,10:59:09,3.93,0.0,226,88659,买盘
766,10:59:31,3.93,0.0,23,9019,买盘
767,10:59:49,3.93,0.0,216,84888,买盘
768,11:00:04,3.93,0.0,14,5492,买盘
769,11:00:12,3.93,0.0,126,49518,买盘
770,11:00:28,3.94,0.01,5,1970,买盘
771,11:00:42,3.93,-0.01,99,38907,卖盘
772,11:00:49,3.94,0.01,107,42151,买盘
773,11:00:55,3.94,0.0,5,1970,买盘
774,11:01:05,3.94,0.0,50,19700,买盘
775,11:01:10,3.93,-0.01,35,13755,卖盘
776,11:01:22,3.93,0.0,16,6288,卖盘
777,11:01:58,3.93,0.0,5,1965,卖盘
778,11:02:04,3.94,0.01,3,1182,买盘
779,11:02:06,3.93,-0.01,38,14934,卖盘
780,11:02:25,3.93,0.0,200,78600,卖盘
781,11:03:07,3.93,0.0,24,9432,卖盘
782,11:03:25,3.94,0.01,13,5122,买盘
783,11:03:30,3.93,-0.01,10,3930,卖盘
784,11:03:40,3.94,0.01,1,394,买盘
785,11:03:46,3.94,0.0,2,788,买盘
786,11:03:49,3.93,-0.01,20,7860,卖盘
787,11:04:27,3.93,0.0,20,7860,卖盘
788,11:04:30,3.93,0.0,26,10218,卖盘
789,11:04:33,3.93,0.0,72,28296,卖盘
790,11:04:37,3.93,0.0,100,39300,卖盘
791,11:04:49,3.93,0.0,201,78993,卖盘
792,11:05:10,3.92,-0.01,300,117600,卖盘
793,11:05:58,3.93,0.01,10,3930,买盘
794,11:06:03,3.92,-0.01,5,1960,卖盘
795,11:06:19,3.92,0.0,48,18816,卖盘
796,11:06:40,3.92,0.0,90,35280,卖盘
797,11:06:58,3.92,0.0,10,3920,卖盘
798,11:07:00,3.92,0.0,95,37240,卖盘
799,11:07:09,3.92,0.0,9,3528,卖盘
800,11:07:15,3.93,0.01,2,786,买盘
801,11:07:18,3.92,-0.01,18,7056,卖盘
802,11:07:34,3.92,0.0,173,67816,卖盘
803,11:07:45,3.92,0.0,2,784,买盘
804,11:07:52,3.92,0.0,5,1960,买盘
805,11:08:15,3.91,-0.01,200,78200,卖盘
806,11:08:22,3.92,0.01,50,19600,买盘
807,11:08:36,3.91,-0.01,1,391,卖盘
808,11:08:46,3.92,0.01,2,784,买盘
809,11:09:16,3.91,-0.01,300,117300,卖盘
810,11:10:04,3.91,0.0,80,31280,卖盘
811,11:10:16,3.91,0.0,82,32062,卖盘
812,11:10:19,3.91,0.0,50,19550,买盘
813,11:10:34,3.9,-0.01,1,390,卖盘
814,11:10:46,3.9,0.0,42,16380,卖盘
815,11:10:58,3.9,0.0,785,306150,卖盘
816,11:11:12,3.9,0.0,52,20280,卖盘
817,11:11:16,3.9,0.0,2,780,卖盘
818,11:11:27,3.9,0.0,2,780,卖盘
819,11:11:45,3.9,0.0,2,780,卖盘
820,11:11:52,3.9,0.0,30,11700,卖盘
821,11:12:00,3.91,0.01,11,4301,买盘
822,11:12:07,3.9,-0.01,46,17940,卖盘
823,11:12:24,3.91,0.01,12,4692,买盘
824,11:12:52,3.91,0.0,3,1173,买盘
825,11:13:00,3.91,0.0,11,4301,买盘
826,11:13:04,3.91,0.0,10,3910,买盘
827,11:13:07,3.91,0.0,253,98923,买盘
828,11:13:18,3.91,0.0,20,7820,卖盘
829,11:13:22,3.91,0.0,27,10557,卖盘
830,11:13:43,3.91,0.0,2,782,买盘
831,11:13:52,3.91,0.0,2,782,买盘
832,11:14:09,3.9,-0.01,396,154440,卖盘
833,11:14:16,3.91,0.01,5,1955,买盘
834,11:14:43,3.91,0.0,18,7038,买盘
835,11:14:58,3.91,0.0,3,1173,买盘
836,11:15:00,3.91,0.0,61,23851,买盘
837,11:15:04,3.9,-0.01,10,3900,卖盘
838,11:15:13,3.9,0.0,6,2340,卖盘
839,11:15:15,3.9,0.0,9,3510,卖盘
840,11:15:19,3.9,0.0,266,103740,卖盘
841,11:15:22,3.9,0.0,3,1170,买盘
842,11:15:31,3.9,0.0,3,1170,买盘
843,11:16:07,3.89,-0.01,30,11670,卖盘
844,11:16:09,3.9,0.01,77,30030,买盘
845,11:16:12,3.9,0.0,41,15990,买盘
846,11:16:40,3.9,0.0,41,15990,买盘
847,11:16:45,3.9,0.0,46,17940,卖盘
848,11:16:48,3.9,0.0,19,7410,卖盘
849,11:16:51,3.9,0.0,50,19500,卖盘
850,11:17:55,3.9,0.0,97,37830,卖盘
851,11:18:00,3.9,0.0,1,390,卖盘
852,11:18:18,3.9,0.0,65,25350,卖盘
853,11:18:21,3.9,0.0,10,3900,卖盘
854,11:18:40,3.91,0.01,50,19550,买盘
855,11:18:43,3.9,-0.01,200,78000,卖盘
856,11:19:09,3.91,0.01,70,27370,买盘
857,11:19:21,3.9,-0.01,2,780,卖盘
858,11:19:24,3.91,0.01,12,4692,买盘
859,11:19:30,3.91,0.0,24,9384,买盘
860,11:19:46,3.91,0.0,5,1955,买盘
861,11:20:07,3.9,-0.01,2,780,卖盘
862,11:20:15,3.9,0.0,24,9360,卖盘
863,11:20:18,3.9,0.0,100,39000,卖盘
864,11:20:30,3.9,0.0,244,95160,卖盘
865,11:20:33,3.9,0.0,20,7800,卖盘
866,11:20:36,3.9,0.0,14,5460,卖盘
867,11:20:43,3.9,0.0,200,78000,卖盘
868,11:20:51,3.9,0.0,70,27300,卖盘
869,11:20:58,3.9,0.0,30,11700,卖盘
870,11:21:18,3.89,-0.01,143,55763,卖盘
871,11:21:24,3.9,0.01,5,1950,买盘
872,11:21:40,3.9,0.0,3,1170,买盘
873,11:21:43,3.89,-0.01,62,24118,卖盘
874,11:22:00,3.9,0.01,6,2340,买盘
875,11:22:07,3.89,-0.01,10,3890,卖盘
876,11:22:10,3.89,0.0,12,4668,卖盘
877,11:22:13,3.9,0.01,8,3120,买盘
878,11:22:16,3.9,0.0,5,1950,买盘
879,11:22:27,3.9,0.0,53,20670,买盘
880,11:22:30,3.9,0.0,119,46310,买盘
881,11:22:33,3.9,0.0,10,3900,买盘
882,11:22:37,3.9,0.0,27,10530,买盘
883,11:22:42,3.9,0.0,12,4680,卖盘
884,11:22:48,3.9,0.0,178,69420,卖盘
885,11:23:00,3.9,0.0,55,21450,买盘
886,11:23:13,3.9,0.0,75,29252,卖盘
887,11:23:16,3.9,0.0,27,10530,买盘
888,11:23:22,3.9,0.0,20,7800,卖盘
889,11:24:33,3.91,0.01,5,1955,买盘
890,11:24:36,3.9,-0.01,200,78000,卖盘
891,11:24:51,3.9,0.0,2,780,卖盘
892,11:24:55,3.9,0.0,52,20280,卖盘
893,11:25:25,3.9,0.0,34,13260,卖盘
894,11:25:30,3.9,0.0,96,37440,卖盘
895,11:25:39,3.9,0.0,101,39390,卖盘
896,11:25:54,3.9,0.0,125,48750,卖盘
897,11:26:00,3.9,0.0,5,1950,买盘
898,11:26:27,3.9,0.0,1,390,买盘
899,11:26:33,3.9,0.0,24,9360,买盘
900,11:26:42,3.9,0.0,1,390,买盘
901,11:26:46,3.9,0.0,48,18720,买盘
902,11:27:01,3.9,0.0,100,39000,卖盘
903,11:27:09,3.91,0.01,3,1173,买盘
904,11:27:43,3.9,-0.01,115,44850,卖盘
905,11:27:54,3.9,0.0,10,3900,买盘
906,11:28:16,3.9,0.0,12,4680,卖盘
907,11:28:34,3.9,0.0,1,390,卖盘
908,11:28:37,3.9,0.0,204,79560,卖盘
909,11:28:43,3.9,0.0,10,3900,买盘
910,11:29:16,3.89,-0.01,2,778,卖盘
911,11:29:30,3.89,0.0,23,8947,卖盘
912,11:29:48,3.89,0.0,20,7780,卖盘
913,11:29:51,3.9,0.01,35,13650,买盘
914,11:30:04,3.9,0.0,6,2340,买盘
915,13:00:04,3.9,0.0,116,45169,买盘
916,13:00:07,3.9,0.0,432,168156,买盘
917,13:00:09,3.9,0.0,13,5065,买盘
918,13:00:31,3.89,-0.01,3,1167,卖盘
919,13:00:34,3.89,0.0,104,40456,卖盘
920,13:00:48,3.89,0.0,56,21784,卖盘
921,13:01:12,3.89,0.0,17,6613,卖盘
922,13:01:15,3.89,0.0,24,9336,卖盘
923,13:01:22,3.9,0.01,215,83848,买盘
924,13:01:36,3.9,0.0,8,3120,卖盘
925,13:01:39,3.9,0.0,1,390,卖盘
926,13:01:57,3.9,0.0,1,390,卖盘
927,13:02:48,3.9,0.0,30,11700,卖盘
928,13:03:27,3.91,0.01,1,391,买盘
929,13:04:12,3.91,0.0,1,391,买盘
930,13:04:19,3.91,0.0,16,6256,买盘
931,13:04:48,3.91,0.0,10,3910,买盘
932,13:05:15,3.9,-0.01,3,1170,卖盘
933,13:05:37,3.91,0.01,42,16422,买盘
934,13:06:00,3.9,-0.01,5,1950,卖盘
935,13:06:16,3.9,0.0,2,780,卖盘
936,13:06:45,3.9,0.0,1,390,卖盘
937,13:06:52,3.91,0.01,20,7820,买盘
938,13:06:58,3.91,0.0,11,4300,买盘
939,13:07:06,3.9,-0.01,334,130360,卖盘
940,13:07:19,3.9,0.0,280,109200,卖盘
941,13:07:21,3.9,0.0,20,7800,卖盘
942,13:07:33,3.9,0.0,3,1170,卖盘
943,13:07:48,3.9,0.0,59,23010,卖盘
944,13:07:57,3.9,0.0,9,3510,卖盘
945,13:08:10,3.9,0.0,60,23400,卖盘
946,13:08:12,3.9,0.0,43,16770,卖盘
947,13:08:24,3.91,0.01,1,391,买盘
948,13:09:27,3.91,0.0,2,782,买盘
949,13:09:34,3.91,0.0,10,3910,买盘
950,13:09:45,3.91,0.0,19,7429,买盘
951,13:10:49,3.91,0.0,26,10166,买盘
952,13:10:54,3.91,0.0,100,39100,买盘
953,13:10:57,3.91,0.0,10,3910,买盘
954,13:11:09,3.91,0.0,3,1173,买盘
955,13:11:22,3.91,0.0,24,9384,买盘
956,13:11:37,3.91,0.0,1,391,买盘
957,13:11:45,3.91,0.0,55,21505,买盘
958,13:11:55,3.91,0.0,57,22287,买盘
959,13:12:01,3.91,0.0,1,391,买盘
960,13:12:03,3.91,0.0,1,391,买盘
961,13:12:07,3.91,0.0,1,391,买盘
962,13:12:10,3.91,0.0,1,391,买盘
963,13:12:13,3.91,0.0,3,1173,买盘
964,13:12:16,3.91,0.0,32,12512,买盘
965,13:12:43,3.92,0.01,28,10976,买盘
966,13:12:58,3.92,0.0,320,125440,买盘
967,13:13:18,3.92,0.0,3,1177,卖盘
968,13:13:37,3.93,0.01,63,24759,买盘
969,13:13:40,3.93,0.0,52,20434,买盘
970,13:13:43,3.92,-0.01,2,784,卖盘
971,13:13:49,3.93,0.01,51,20043,买盘
972,13:14:55,3.93,0.0,6,2358,买盘
973,13:15:07,3.92,-0.01,25,9800,卖盘
974,13:15:28,3.92,0.0,1,392,卖盘
975,13:15:34,3.92,0.0,3,1176,卖盘
976,13:15:37,3.92,0.0,13,5096,卖盘
977,13:15:39,3.92,0.0,23,9016,买盘
978,13:15:57,3.92,0.0,8,3136,买盘
979,13:16:12,3.92,0.0,1,392,买盘
980,13:16:16,3.91,-0.01,5,1955,卖盘
981,13:16:43,3.92,0.01,75,29400,买盘
982,13:17:01,3.92,0.0,335,131320,卖盘
983,13:17:28,3.92,0.0,51,19992,买盘
984,13:17:37,3.93,0.01,5,1965,买盘
985,13:17:58,3.93,0.0,17,6681,买盘
986,13:18:46,3.93,0.0,13,5109,买盘
987,13:19:07,3.92,-0.01,20,7840,卖盘
988,13:19:15,3.93,0.01,12,4716,买盘
989,13:19:22,3.93,0.0,2,786,买盘
990,13:20:07,3.93,0.0,2,786,买盘
991,13:20:09,3.93,0.0,4,1572,买盘
992,13:20:12,3.91,-0.02,335,131244,卖盘
993,13:20:15,3.93,0.02,4,1572,买盘
994,13:20:37,3.92,-0.01,8,3136,买盘
995,13:20:49,3.92,0.0,1,392,买盘
996,13:21:15,3.92,0.0,5,1960,买盘
997,13:21:42,3.92,0.0,1,392,买盘
998,13:21:46,3.91,-0.01,20,7820,卖盘
999,13:21:55,3.92,0.01,73,28616,买盘
1000,13:22:13,3.93,0.01,53,20826,买盘
1001,13:22:37,3.92,-0.01,124,48608,卖盘
1002,13:22:39,3.92,0.0,66,25872,买盘
1003,13:22:49,3.92,0.0,28,10976,买盘
1004,13:23:01,3.92,0.0,5,1960,买盘
1005,13:23:06,3.92,0.0,38,14896,买盘
1006,13:23:13,3.92,0.0,40,15680,买盘
1007,13:23:54,3.92,0.0,1,392,买盘
1008,13:24:10,3.91,-0.01,34,13324,卖盘
1009,13:24:24,3.92,0.01,20,7840,买盘
1010,13:24:39,3.91,-0.01,100,39100,卖盘
1011,13:24:52,3.91,0.0,1,391,卖盘
1012,13:24:57,3.91,0.0,5,1955,卖盘
1013,13:25:21,3.93,0.02,30,11790,买盘
1014,13:25:24,3.91,-0.02,30,11730,卖盘
1015,13:25:37,3.91,0.0,1,391,卖盘
1016,13:25:45,3.91,0.0,49,19159,卖盘
1017,13:26:04,3.92,0.01,8,3136,买盘
1018,13:26:06,3.92,0.0,4,1568,卖盘
1019,13:27:13,3.92,0.0,3,1176,卖盘
1020,13:27:16,3.92,0.0,212,83104,卖盘
1021,13:28:04,3.91,-0.01,12,4692,卖盘
1022,13:28:07,3.92,0.01,2,784,买盘
1023,13:28:15,3.92,0.0,1,392,买盘
1024,13:28:22,3.92,0.0,166,65072,买盘
1025,13:28:39,3.91,-0.01,40,15640,卖盘
1026,13:28:54,3.91,0.0,80,31280,卖盘
1027,13:29:04,3.91,0.0,30,11730,卖盘
1028,13:29:13,3.91,0.0,50,19550,卖盘
1029,13:29:37,3.91,0.0,100,39034,卖盘
1030,13:29:39,3.91,0.0,22,8602,卖盘
1031,13:30:09,3.92,0.01,51,19992,买盘
1032,13:30:15,3.92,0.0,203,79576,买盘
1033,13:30:33,3.91,-0.01,4,1564,卖盘
1034,13:30:40,3.91,0.0,526,205732,卖盘
1035,13:30:51,3.91,0.0,2,782,买盘
1036,13:31:06,3.91,0.0,116,45356,买盘
1037,13:31:09,3.9,-0.01,12,4680,卖盘
1038,13:31:18,3.9,0.0,12,4680,卖盘
1039,13:31:21,3.9,0.0,500,195000,卖盘
1040,13:31:37,3.9,0.0,11,4290,卖盘
1041,13:32:01,3.9,0.0,27,10530,卖盘
1042,13:32:13,3.9,0.0,50,19500,卖盘
1043,13:32:39,3.91,0.01,25,9775,买盘
1044,13:32:43,3.9,-0.01,71,27690,卖盘
1045,13:32:49,3.91,0.01,87,34017,买盘
1046,13:33:06,3.91,0.0,1,391,买盘
1047,13:33:27,3.91,0.0,6,2346,买盘
1048,13:33:58,3.91,0.0,20,7820,买盘
1049,13:34:04,3.91,0.0,147,57477,买盘
1050,13:34:25,3.9,-0.01,50,19500,卖盘
1051,13:34:42,3.91,0.01,72,28086,买盘
1052,13:34:46,3.9,-0.01,67,26137,卖盘
1053,13:34:49,3.91,0.01,4,1564,卖盘
1054,13:35:07,3.91,0.0,55,21505,买盘
1055,13:35:09,3.91,0.0,9,3519,买盘
1056,13:35:12,3.91,0.0,50,19550,卖盘
1057,13:35:19,3.91,0.0,46,17986,卖盘
1058,13:35:34,3.91,0.0,10,3910,卖盘
1059,13:35:45,3.92,0.01,43,16856,买盘
1060,13:35:55,3.91,-0.01,6,2346,卖盘
1061,13:35:58,3.91,0.0,1,391,卖盘
1062,13:36:07,3.92,0.01,30,11760,买盘
1063,13:36:19,3.92,0.0,50,19600,买盘
1064,13:36:34,3.92,0.0,54,21168,买盘
1065,13:36:43,3.92,0.0,40,15680,买盘
1066,13:36:49,3.92,0.0,32,12544,卖盘
1067,13:36:58,3.91,-0.01,3,1173,卖盘
1068,13:37:01,3.92,0.01,11,4312,买盘
1069,13:37:13,3.92,0.0,2,784,买盘
1070,13:37:19,3.92,0.0,3,1176,买盘
1071,13:37:22,3.92,0.0,95,37240,卖盘
1072,13:37:43,3.92,0.0,1,392,卖盘
1073,13:37:57,3.92,0.0,24,9408,卖盘
1074,13:38:16,3.92,0.0,26,10192,买盘
1075,13:38:43,3.92,0.0,47,18424,买盘
1076,13:39:06,3.93,0.01,20,7860,买盘
1077,13:39:13,3.92,-0.01,1,392,卖盘
1078,13:39:16,3.92,0.0,40,15680,卖盘
1079,13:39:22,3.92,0.0,12,4704,卖盘
1080,13:39:28,3.93,0.01,30,11790,买盘
1081,13:39:31,3.93,0.0,72,28276,买盘
1082,13:39:40,3.93,0.0,407,159951,买盘
1083,13:39:46,3.92,-0.01,102,40073,卖盘
1084,13:39:58,3.93,0.01,89,34977,卖盘
1085,13:40:07,3.93,0.0,500,196500,卖盘
1086,13:40:16,3.93,0.0,5,1965,卖盘
1087,13:40:30,3.93,0.0,50,19650,卖盘
1088,13:40:36,3.93,0.0,2,786,卖盘
1089,13:40:42,3.93,0.0,183,71919,卖盘
1090,13:41:07,3.93,0.0,136,53448,买盘
1091,13:41:22,3.93,0.0,13,5109,买盘
1092,13:41:25,3.93,0.0,60,23580,买盘
1093,13:41:31,3.92,-0.01,4,1568,卖盘
1094,13:41:39,3.93,0.01,1,393,买盘
1095,13:41:46,3.93,0.0,328,128904,买盘
1096,13:42:12,3.92,-0.01,10,3920,卖盘
1097,13:42:24,3.92,0.0,15,5880,卖盘
1098,13:42:36,3.93,0.01,1,393,买盘
1099,13:42:42,3.92,-0.01,8,3136,卖盘
1100,13:42:51,3.92,0.0,17,6664,卖盘
1101,13:42:55,3.92,0.0,6,2352,卖盘
1102,13:43:04,3.93,0.01,6,2358,买盘
1103,13:43:55,3.93,0.0,30,11790,买盘
1104,13:44:16,3.93,0.0,40,15720,买盘
1105,13:44:18,3.93,0.0,80,31440,买盘
1106,13:44:34,3.93,0.0,3,1179,买盘
1107,13:44:40,3.93,0.0,41,16113,买盘
1108,13:44:45,3.92,-0.01,2,784,卖盘
1109,13:44:48,3.92,0.0,8,3136,卖盘
1110,13:45:10,3.92,0.0,200,78400,卖盘
1111,13:45:16,3.93,0.01,1,393,买盘
1112,13:45:19,3.92,-0.01,135,52920,卖盘
1113,13:45:22,3.92,0.0,194,76048,卖盘
1114,13:45:30,3.92,0.0,30,11760,买盘
1115,13:45:37,3.92,0.0,45,17640,买盘
1116,13:45:43,3.92,0.0,6,2352,卖盘
1117,13:45:46,3.92,0.0,10,3920,买盘
1118,13:45:48,3.92,0.0,36,14112,买盘
1119,13:46:21,3.92,0.0,5,1961,卖盘
1120,13:46:27,3.92,0.0,20,7840,卖盘
1121,13:47:07,3.92,0.0,24,9408,卖盘
1122,13:47:37,3.92,0.0,10,3920,卖盘
1123,13:48:10,3.92,0.0,100,39200,卖盘
1124,13:48:13,3.92,0.0,123,48216,卖盘
1125,13:48:34,3.92,0.0,59,23128,卖盘
1126,13:48:46,3.92,0.0,6,2352,卖盘
1127,13:48:57,3.92,0.0,17,6664,卖盘
1128,13:49:03,3.92,0.0,17,6664,卖盘
1129,13:49:13,3.92,0.0,5,1960,买盘
1130,13:49:18,3.92,0.0,10,3920,买盘
1131,13:49:28,3.92,0.0,5,1960,买盘
1132,13:49:39,3.92,0.0,10,3920,买盘
1133,13:49:46,3.92,0.0,25,9800,买盘
1134,13:50:01,3.92,0.0,20,7840,买盘
1135,13:50:09,3.91,-0.01,3,1173,卖盘
1136,13:50:34,3.91,0.0,70,27370,卖盘
1137,13:50:39,3.91,0.0,300,117300,卖盘
1138,13:50:52,3.91,0.0,200,78211,卖盘
1139,13:51:06,3.91,0.0,3,1173,买盘
1140,13:51:25,3.91,0.0,17,6647,买盘
1141,13:51:36,3.91,0.0,9,3519,买盘
1142,13:51:39,3.9,-0.01,22,8580,卖盘
1143,13:52:21,3.9,0.0,15,5850,卖盘
1144,13:52:24,3.91,0.01,1,391,买盘
1145,13:52:27,3.9,-0.01,1,390,卖盘
1146,13:52:45,3.91,0.01,29,11339,买盘
1147,13:52:55,3.9,-0.01,658,256620,卖盘
1148,13:53:16,3.91,0.01,91,35581,买盘
1149,13:53:30,3.9,-0.01,2,780,卖盘
1150,13:53:33,3.9,0.0,37,14430,卖盘
1151,13:53:36,3.91,0.01,5,1955,买盘
1152,13:54:03,3.9,-0.01,2,781,卖盘
1153,13:54:16,3.91,0.01,4,1564,买盘
1154,13:54:34,3.91,0.0,34,13294,买盘
1155,13:54:37,3.91,0.0,5,1955,买盘
1156,13:54:55,3.91,0.0,1,391,买盘
1157,13:54:58,3.91,0.0,3,1173,买盘
1158,13:55:06,3.9,-0.01,1,390,卖盘
1159,13:55:09,3.91,0.01,703,274438,买盘
1160,13:55:30,3.91,0.0,100,39100,卖盘
1161,13:56:07,3.91,0.0,8,3128,卖盘
1162,13:56:45,3.91,0.0,12,4692,卖盘
1163,13:57:00,3.92,0.01,2,784,买盘
1164,13:57:09,3.91,-0.01,111,43401,卖盘
1165,13:57:24,3.91,0.0,60,23460,卖盘
1166,13:57:27,3.91,0.0,45,17595,卖盘
1167,13:58:01,3.92,0.01,1,392,买盘
1168,13:58:06,3.91,-0.01,10,3910,卖盘
1169,13:58:24,3.91,0.0,20,7820,卖盘
1170,13:58:40,3.91,0.0,40,15640,卖盘
1171,13:58:54,3.91,0.0,26,10166,卖盘
1172,13:59:01,3.91,0.0,51,19941,卖盘
1173,13:59:24,3.92,0.01,4,1568,买盘
1174,13:59:31,3.91,-0.01,8,3128,卖盘
1175,13:59:46,3.91,0.0,60,23460,卖盘
1176,13:59:52,3.91,0.0,40,15640,卖盘
1177,13:59:55,3.91,0.0,1,391,卖盘
1178,14:00:00,3.92,0.01,50,19600,买盘
1179,14:00:13,3.91,-0.01,1,391,卖盘
1180,14:00:31,3.92,0.01,2,784,买盘
1181,14:00:37,3.91,-0.01,10,3910,卖盘
1182,14:00:55,3.92,0.01,11,4312,买盘
1183,14:00:57,3.92,0.0,22,8624,买盘
1184,14:01:09,3.91,-0.01,40,15640,卖盘
1185,14:01:24,3.91,0.0,379,148189,卖盘
1186,14:01:28,3.91,0.0,11,4301,买盘
1187,14:01:42,3.92,0.01,28,10976,买盘
1188,14:02:01,3.91,-0.01,61,23851,卖盘
1189,14:02:57,3.91,0.0,5,1955,卖盘
1190,14:03:04,3.91,0.0,21,8226,卖盘
1191,14:03:16,3.91,0.0,3,1173,卖盘
1192,14:03:19,3.91,0.0,40,15640,卖盘
1193,14:03:25,3.92,0.01,1,392,买盘
1194,14:04:07,3.91,-0.01,200,78200,卖盘
1195,14:04:37,3.91,0.0,14,5474,卖盘
1196,14:04:46,3.91,0.0,81,31671,卖盘
1197,14:04:49,3.91,0.0,23,8993,买盘
1198,14:05:04,3.91,0.0,48,18768,卖盘
1199,14:05:07,3.91,0.0,78,30498,卖盘
1200,14:05:16,3.91,0.0,11,4301,卖盘
1201,14:05:31,3.91,0.0,173,67664,卖盘
1202,14:06:04,3.91,0.0,21,8211,买盘
1203,14:06:06,3.91,0.0,2,782,买盘
1204,14:06:09,3.91,0.0,26,10166,买盘
1205,14:06:34,3.91,0.0,15,5865,买盘
1206,14:06:40,3.9,-0.01,297,115911,卖盘
1207,14:07:00,3.9,0.0,75,29250,卖盘
1208,14:07:07,3.9,0.0,410,159900,卖盘
1209,14:07:28,3.9,0.0,5,1950,卖盘
1210,14:07:31,3.9,0.0,9,3510,卖盘
1211,14:07:40,3.9,0.0,20,7800,卖盘
1212,14:07:42,3.9,0.0,43,16770,卖盘
1213,14:07:52,3.9,0.0,105,40950,卖盘
1214,14:07:58,3.9,0.0,27,10530,卖盘
1215,14:08:01,3.9,0.0,20,7800,卖盘
1216,14:08:04,3.91,0.01,120,46920,买盘
1217,14:08:15,3.9,-0.01,88,34320,卖盘
1218,14:08:34,3.91,0.01,16,6256,买盘
1219,14:08:45,3.91,0.0,1,391,买盘
1220,14:08:52,3.91,0.0,217,84847,买盘
1221,14:09:01,3.9,-0.01,67,26130,卖盘
1222,14:09:45,3.9,0.0,199,77610,卖盘
1223,14:09:55,3.9,0.0,97,37830,卖盘
1224,14:10:07,3.9,0.0,10,3900,卖盘
1225,14:10:28,3.9,0.0,44,17160,卖盘
1226,14:10:31,3.9,0.0,125,48816,卖盘
1227,14:10:52,3.9,0.0,90,35100,买盘
1228,14:10:58,3.9,0.0,5,1950,买盘
1229,14:11:07,3.89,-0.01,47,18283,卖盘
1230,14:11:16,3.9,0.01,54,21057,买盘
1231,14:11:19,3.89,-0.01,25,9725,卖盘
1232,14:11:25,3.89,0.0,10,3890,卖盘
1233,14:11:27,3.89,0.0,44,17116,卖盘
1234,14:11:37,3.9,0.01,2,780,买盘
1235,14:11:40,3.89,-0.01,15,5835,卖盘
1236,14:11:55,3.89,0.0,63,24507,卖盘
1237,14:11:58,3.89,0.0,44,17116,卖盘
1238,14:12:04,3.89,0.0,171,66519,卖盘
1239,14:12:07,3.89,0.0,574,223286,卖盘
1240,14:12:10,3.89,0.0,6,2334,买盘
1241,14:12:16,3.89,0.0,30,11670,买盘
1242,14:12:36,3.89,0.0,10,3890,买盘
1243,14:12:40,3.88,-0.01,421,163282,卖盘
1244,14:12:49,3.88,0.0,598,232024,卖盘
1245,14:13:01,3.88,0.0,100,38800,卖盘
1246,14:13:10,3.88,0.0,606,235128,卖盘
1247,14:13:16,3.89,0.01,9,3497,买盘
1248,14:13:18,3.88,-0.01,242,93896,卖盘
1249,14:13:21,3.88,0.0,68,26450,卖盘
1250,14:13:24,3.88,0.0,124,48112,买盘
1251,14:13:27,3.88,0.0,10,3880,买盘
1252,14:13:31,3.88,0.0,4,1552,买盘
1253,14:13:34,3.88,0.0,71,27548,买盘
1254,14:13:40,3.88,0.0,19,7362,买盘
1255,14:13:43,3.87,-0.01,52,20161,卖盘
1256,14:13:49,3.88,0.01,33,12784,买盘
1257,14:13:52,3.87,-0.01,18,6976,卖盘
1258,14:13:54,3.88,0.01,529,204803,买盘
1259,14:14:01,3.87,-0.01,23,8901,卖盘
1260,14:14:04,3.87,0.0,206,79722,卖盘
1261,14:14:07,3.87,0.0,425,164475,卖盘
1262,14:14:10,3.87,0.0,20,7740,买盘
1263,14:14:16,3.86,-0.01,100,38600,卖盘
1264,14:14:19,3.87,0.01,305,117810,买盘
1265,14:14:22,3.86,-0.01,201,77656,卖盘
1266,14:14:25,3.86,0.0,50,19300,卖盘
1267,14:14:28,3.86,0.0,34,13124,卖盘
1268,14:14:31,3.85,-0.01,2,770,卖盘
1269,14:14:37,3.85,0.0,44,16940,卖盘
1270,14:14:40,3.85,0.0,517,198936,卖盘
1271,14:14:43,3.85,0.0,378,145865,卖盘
1272,14:14:46,3.85,0.0,25,9625,买盘
1273,14:14:49,3.85,0.0,2,770,买盘
1274,14:14:51,3.84,-0.01,130,49930,卖盘
1275,14:14:54,3.84,0.0,692,265786,卖盘
1276,14:14:57,3.85,0.01,63,24233,买盘
1277,14:15:10,3.84,-0.01,4,1536,卖盘
1278,14:15:15,3.85,0.01,115,44248,买盘
1279,14:15:19,3.85,0.0,139,53515,买盘
1280,14:15:22,3.85,0.0,37,14245,卖盘
1281,14:15:25,3.85,0.0,30,11550,卖盘
1282,14:15:27,3.85,0.0,17,6545,卖盘
1283,14:15:31,3.86,0.01,135,52052,买盘
1284,14:15:34,3.85,-0.01,29,11185,卖盘
1285,14:15:37,3.87,0.02,15,5802,买盘
1286,14:15:39,3.85,-0.02,20,7705,卖盘
1287,14:15:42,3.86,0.01,55,21230,卖盘
1288,14:15:45,3.86,0.0,50,19300,卖盘
1289,14:15:55,3.87,0.01,45,17415,买盘
1290,14:16:01,3.86,-0.01,221,85327,卖盘
1291,14:16:04,3.87,0.01,20,7740,买盘
1292,14:16:06,3.87,0.0,81,31308,买盘
1293,14:16:13,3.87,0.0,10,3870,买盘
1294,14:16:19,3.86,-0.01,100,38690,卖盘
1295,14:16:22,3.86,0.0,10,3860,卖盘
1296,14:16:28,3.86,0.0,20,7720,卖盘
1297,14:16:30,3.86,0.0,76,29336,卖盘
1298,14:16:36,3.87,0.01,63,24381,买盘
1299,14:16:42,3.86,-0.01,85,32810,卖盘
1300,14:16:46,3.86,0.0,13,5018,卖盘
1301,14:16:48,3.87,0.01,5,1935,买盘
1302,14:16:54,3.86,-0.01,1158,446948,卖盘
1303,14:16:57,3.86,0.0,96,37056,买盘
1304,14:17:01,3.86,0.0,175,67550,买盘
1305,14:17:10,3.86,0.0,15,5790,买盘
1306,14:17:13,3.85,-0.01,46,17710,卖盘
1307,14:17:16,3.85,0.0,44,16940,卖盘
1308,14:17:18,3.85,0.0,46,17752,卖盘
1309,14:17:21,3.85,0.0,393,151305,卖盘
1310,14:17:30,3.86,0.01,10,3860,买盘
1311,14:17:37,3.86,0.0,32,12350,买盘
1312,14:17:40,3.86,0.0,115,44380,买盘
1313,14:17:45,3.86,0.0,16,6176,买盘
1314,14:17:49,3.86,0.0,119,45934,买盘
1315,14:17:54,3.86,0.0,387,149000,买盘
1316,14:17:57,3.86,0.0,106,40916,买盘
1317,14:18:00,3.86,0.0,5,1930,买盘
1318,14:18:04,3.86,0.0,24,9264,买盘
1319,14:18:10,3.86,0.0,7,2702,买盘
1320,14:18:12,3.86,0.0,4,1544,买盘
1321,14:18:15,3.86,0.0,8,3088,买盘
1322,14:18:18,3.86,0.0,15,5790,买盘
1323,14:18:21,3.86,0.0,200,77200,买盘
1324,14:18:25,3.86,0.0,39,15054,买盘
1325,14:18:28,3.86,0.0,46,17756,卖盘
1326,14:18:31,3.86,0.0,30,11580,卖盘
1327,14:18:39,3.86,0.0,116,44776,卖盘
1328,14:18:42,3.86,0.0,209,80674,卖盘
1329,14:18:49,3.86,0.0,61,23546,卖盘
1330,14:18:52,3.86,0.0,134,51724,卖盘
1331,14:19:00,3.86,0.0,31,11966,卖盘
1332,14:19:03,3.87,0.01,5,1935,买盘
1333,14:19:19,3.86,-0.01,6,2316,卖盘
1334,14:19:24,3.87,0.01,2,774,买盘
1335,14:19:31,3.87,0.0,10,3870,买盘
1336,14:19:34,3.87,0.0,50,19350,买盘
1337,14:19:37,3.87,0.0,2,774,买盘
1338,14:19:40,3.87,0.0,22,8514,买盘
1339,14:19:46,3.87,0.0,50,19350,买盘
1340,14:19:49,3.87,0.0,1,387,买盘
1341,14:19:51,3.87,0.0,1,387,买盘
1342,14:19:54,3.86,-0.01,104,40144,卖盘
1343,14:19:58,3.87,0.01,3,1161,买盘
1344,14:20:01,3.87,0.0,5,1935,买盘
1345,14:20:07,3.86,-0.01,63,24318,卖盘
1346,14:20:10,3.87,0.01,51,19737,买盘
1347,14:20:31,3.87,0.0,50,19350,买盘
1348,14:20:34,3.87,0.0,92,35604,买盘
1349,14:20:37,3.87,0.0,6,2322,买盘
1350,14:20:43,3.87,0.0,22,8513,买盘
1351,14:20:46,3.87,0.0,3,1161,买盘
1352,14:20:49,3.86,-0.01,118,45548,卖盘
1353,14:20:52,3.87,0.01,13,5031,买盘
1354,14:20:54,3.86,-0.01,40,15440,卖盘
1355,14:21:00,3.86,0.0,2,772,卖盘
1356,14:21:06,3.87,0.01,59,22800,买盘
1357,14:21:40,3.87,0.0,1,387,买盘
1358,14:21:43,3.87,0.0,36,13932,买盘
1359,14:21:49,3.87,0.0,55,21285,买盘
1360,14:21:57,3.87,0.0,20,7740,买盘
1361,14:22:01,3.87,0.0,2,774,买盘
1362,14:22:04,3.86,-0.01,77,29722,卖盘
1363,14:22:07,3.87,0.01,150,58000,买盘
1364,14:22:10,3.87,0.0,19,7353,买盘
1365,14:22:13,3.86,-0.01,4,1544,卖盘
1366,14:22:21,3.86,0.0,19,7334,卖盘
1367,14:22:24,3.87,0.01,110,42470,买盘
1368,14:22:28,3.86,-0.01,300,115800,卖盘
1369,14:22:31,3.86,0.0,80,30880,卖盘
1370,14:22:37,3.86,0.0,10,3869,卖盘
1371,14:22:43,3.86,0.0,253,97658,卖盘
1372,14:22:51,3.86,0.0,204,78744,卖盘
1373,14:22:55,3.86,0.0,10,3860,买盘
1374,14:22:58,3.86,0.0,10,3860,买盘
1375,14:23:01,3.86,0.0,249,96114,买盘
1376,14:23:07,3.87,0.01,81,31274,买盘
1377,14:23:09,3.86,-0.01,20,7720,卖盘
1378,14:23:12,3.86,0.0,85,32820,卖盘
1379,14:23:16,3.86,0.0,20,7720,卖盘
1380,14:23:19,3.86,0.0,64,24704,卖盘
1381,14:23:21,3.86,0.0,358,138188,卖盘
1382,14:23:25,3.86,0.0,2,772,买盘
1383,14:23:27,3.86,0.0,13,5021,中性盘
1384,14:23:36,3.86,0.0,109,42074,买盘
1385,14:23:42,3.86,0.0,3,1158,买盘
1386,14:23:46,3.86,0.0,110,42460,买盘
1387,14:23:48,3.86,0.0,51,19686,买盘
1388,14:23:57,3.86,0.0,245,94521,买盘
1389,14:24:04,3.86,0.0,10,3860,买盘
1390,14:24:07,3.86,0.0,48,18528,买盘
1391,14:24:10,3.86,0.0,5,1930,买盘
1392,14:24:16,3.86,0.0,12,4632,买盘
1393,14:24:19,3.86,0.0,55,21230,买盘
1394,14:24:27,3.86,0.0,30,11580,买盘
1395,14:24:43,3.86,0.0,60,23140,买盘
1396,14:24:46,3.86,0.0,27,10422,买盘
1397,14:24:49,3.85,-0.01,2,770,卖盘
1398,14:24:52,3.86,0.01,5,1930,买盘
1399,14:24:58,3.86,0.0,10,3860,买盘
1400,14:25:01,3.86,0.0,53,20458,买盘
1401,14:25:04,3.86,0.0,4,1544,买盘
1402,14:25:07,3.86,0.0,179,69008,买盘
1403,14:25:13,3.86,0.0,3,1158,买盘
1404,14:25:15,3.86,0.0,45,17370,买盘
1405,14:25:18,3.86,0.0,78,30108,买盘
1406,14:25:22,3.86,0.0,267,102818,买盘
1407,14:25:28,3.86,0.0,184,71024,卖盘
1408,14:25:31,3.86,0.0,5,1930,卖盘
1409,14:25:37,3.86,0.0,72,27858,卖盘
1410,14:25:45,3.86,0.0,31,11966,买盘
1411,14:25:48,3.86,0.0,1,386,买盘
1412,14:25:52,3.86,0.0,27,10422,买盘
1413,14:25:55,3.86,0.0,14,5338,买盘
1414,14:26:01,3.86,0.0,42,16212,卖盘
1415,14:26:06,3.86,0.0,53,20458,卖盘
1416,14:26:12,3.85,-0.01,49,18892,卖盘
1417,14:26:16,3.86,0.01,1,386,中性盘
1418,14:26:19,3.86,0.0,14,5404,买盘
1419,14:26:31,3.87,0.01,5,1935,买盘
1420,14:26:43,3.87,0.0,45,17415,买盘
1421,14:26:45,3.86,-0.01,31,11966,卖盘
1422,14:26:49,3.87,0.01,25,9670,买盘
1423,14:26:57,3.86,-0.01,30,11580,卖盘
1424,14:27:04,3.87,0.01,13,5031,买盘
1425,14:27:09,3.86,-0.01,4,1547,卖盘
1426,14:27:18,3.87,0.01,1,387,买盘
1427,14:27:25,3.86,-0.01,52,20072,卖盘
1428,14:27:28,3.87,0.01,14,5418,买盘
1429,14:27:33,3.87,0.0,275,106425,买盘
1430,14:27:43,3.87,0.0,19,7353,卖盘
1431,14:27:52,3.88,0.01,3,1164,买盘
1432,14:27:55,3.87,-0.01,37,14319,卖盘
1433,14:28:01,3.87,0.0,10,3870,卖盘
1434,14:28:07,3.87,0.0,8,3096,卖盘
1435,14:28:19,3.87,0.0,5,1935,卖盘
1436,14:28:22,3.87,0.0,64,24768,卖盘
1437,14:28:27,3.87,0.0,90,34830,卖盘
1438,14:28:36,3.87,0.0,50,19350,卖盘
1439,14:28:43,3.87,0.0,39,15093,买盘
1440,14:29:01,3.87,0.0,10,3870,买盘
1441,14:29:04,3.87,0.0,10,3870,买盘
1442,14:29:10,3.87,0.0,122,47214,买盘
1443,14:29:16,3.87,0.0,40,15480,买盘
1444,14:29:19,3.86,-0.01,399,154272,卖盘
1445,14:29:21,3.87,0.01,30,11610,中性盘
1446,14:29:31,3.86,-0.01,54,20844,卖盘
1447,14:29:34,3.87,0.01,341,131687,买盘
1448,14:29:40,3.87,0.0,42,16254,卖盘
1449,14:29:43,3.87,0.0,100,38700,卖盘
1450,14:30:00,3.87,0.0,1,387,卖盘
1451,14:30:19,3.87,0.0,262,101394,卖盘
1452,14:30:22,3.87,0.0,3,1161,卖盘
1453,14:30:27,3.87,0.0,23,8901,卖盘
1454,14:30:33,3.87,0.0,41,15867,卖盘
1455,14:30:36,3.87,0.0,10,3870,买盘
1456,14:30:40,3.87,0.0,10,3870,卖盘
1457,14:30:42,3.87,0.0,11,4257,买盘
1458,14:30:48,3.87,0.0,10,3870,买盘
1459,14:30:51,3.87,0.0,104,40248,买盘
1460,14:31:10,3.86,-0.01,7,2702,卖盘
1461,14:31:13,3.85,-0.01,1275,491258,卖盘
1462,14:31:16,3.87,0.02,20,7740,买盘
1463,14:31:19,3.86,-0.01,145,55970,卖盘
1464,14:31:25,3.86,0.0,5,1930,买盘
1465,14:31:33,3.86,0.0,9,3474,买盘
1466,14:31:37,3.85,-0.01,600,231000,卖盘
1467,14:31:39,3.86,0.01,3,1158,买盘
1468,14:31:42,3.85,-0.01,19,7333,卖盘
1469,14:31:55,3.85,0.0,15,5775,卖盘
1470,14:32:01,3.85,0.0,193,74370,卖盘
1471,14:32:10,3.85,0.0,145,55825,买盘
1472,14:32:13,3.85,0.0,3,1155,买盘
1473,14:32:16,3.85,0.0,58,22330,买盘
1474,14:32:22,3.85,0.0,2,770,买盘
1475,14:32:25,3.84,-0.01,65,24960,卖盘
1476,14:32:27,3.85,0.01,25,9625,买盘
1477,14:32:36,3.85,0.0,252,97020,买盘
1478,14:32:40,3.85,0.0,44,16940,卖盘
1479,14:32:43,3.85,0.0,6,2310,卖盘
1480,14:32:46,3.85,0.0,5,1925,卖盘
1481,14:32:48,3.85,0.0,28,10780,卖盘
1482,14:32:51,3.85,0.0,1,385,卖盘
1483,14:32:55,3.85,0.0,9,3465,卖盘
1484,14:32:57,3.85,0.0,309,118965,卖盘
1485,14:33:00,3.85,0.0,285,109725,卖盘
1486,14:33:03,3.86,0.01,20,7720,买盘
1487,14:33:10,3.85,-0.01,39,15015,卖盘
1488,14:33:13,3.85,0.0,5,1925,卖盘
1489,14:33:25,3.85,0.0,14,5390,买盘
1490,14:33:28,3.85,0.0,68,26180,买盘
1491,14:33:30,3.85,0.0,44,16939,买盘
1492,14:33:33,3.85,0.0,38,14630,买盘
1493,14:33:37,3.85,0.0,129,49665,买盘
1494,14:33:40,3.84,-0.01,137,52608,卖盘
1495,14:33:43,3.85,0.01,1,385,买盘
1496,14:33:52,3.84,-0.01,122,46853,卖盘
1497,14:33:55,3.85,0.01,30,11530,买盘
1498,14:33:57,3.85,0.0,16,6155,买盘
1499,14:34:19,3.85,0.0,30,11550,买盘
1500,14:34:22,3.84,-0.01,100,38400,卖盘
1501,14:34:25,3.85,0.01,3,1155,买盘
1502,14:34:31,3.85,0.0,15,5775,买盘
1503,14:34:37,3.85,0.0,27,10385,买盘
1504,14:34:43,3.85,0.0,310,119060,买盘
1505,14:34:46,3.85,0.0,482,185570,买盘
1506,14:34:49,3.85,0.0,54,20790,买盘
1507,14:34:52,3.85,0.0,104,40040,买盘
1508,14:34:55,3.85,0.0,66,25410,买盘
1509,14:34:57,3.85,0.0,26,10010,买盘
1510,14:35:01,3.85,0.0,54,20790,买盘
1511,14:35:04,3.85,0.0,212,81620,买盘
1512,14:35:06,3.85,0.0,97,37345,卖盘
1513,14:35:10,3.85,0.0,223,85855,卖盘
1514,14:35:13,3.85,0.0,34,13090,买盘
1515,14:35:16,3.85,0.0,5,1925,卖盘
1516,14:35:21,3.85,0.0,43,16555,卖盘
1517,14:35:24,3.86,0.01,1,386,买盘
1518,14:35:28,3.86,0.0,26,10036,买盘
1519,14:35:40,3.86,0.0,24,9264,买盘
1520,14:35:49,3.86,0.0,20,7720,买盘
1521,14:35:55,3.86,0.0,49,18901,买盘
1522,14:36:00,3.86,0.0,232,89552,买盘
1523,14:36:07,3.86,0.0,10,3860,卖盘
1524,14:36:15,3.86,0.0,5,1930,卖盘
1525,14:36:18,3.86,0.0,232,89573,卖盘
1526,14:36:31,3.86,0.0,47,18142,买盘
1527,14:36:34,3.86,0.0,27,10422,买盘
1528,14:36:37,3.86,0.0,55,21230,买盘
1529,14:36:39,3.86,0.0,63,24318,卖盘
1530,14:36:48,3.87,0.01,100,38700,买盘
1531,14:36:55,3.86,-0.01,6,2316,卖盘
1532,14:37:01,3.87,0.01,80,30960,买盘
1533,14:37:03,3.87,0.0,44,17028,买盘
1534,14:37:19,3.87,0.0,160,61920,卖盘
1535,14:37:25,3.87,0.0,4,1548,卖盘
1536,14:37:28,3.87,0.0,22,8514,卖盘
1537,14:37:31,3.87,0.0,13,5031,买盘
1538,14:37:37,3.87,0.0,4,1548,买盘
1539,14:37:42,3.87,0.0,290,112230,买盘
1540,14:37:45,3.87,0.0,45,17415,买盘
1541,14:37:52,3.87,0.0,28,10836,买盘
1542,14:37:55,3.87,0.0,2,774,买盘
1543,14:38:01,3.87,0.0,15,5805,买盘
1544,14:38:10,3.86,-0.01,19,7334,卖盘
1545,14:38:16,3.86,0.0,60,23160,卖盘
1546,14:38:22,3.86,0.0,111,42956,卖盘
1547,14:38:25,3.86,0.0,154,59444,卖盘
1548,14:38:28,3.86,0.0,5,1930,卖盘
1549,14:38:34,3.87,0.01,266,102942,买盘
1550,14:38:46,3.86,-0.01,7,2702,卖盘
1551,14:38:52,3.86,0.0,22,8492,卖盘
1552,14:38:55,3.87,0.01,1,387,买盘
1553,14:39:00,3.87,0.0,35,13545,买盘
1554,14:39:40,3.87,0.0,20,7740,买盘
1555,14:39:43,3.87,0.0,32,12384,买盘
1556,14:39:52,3.86,-0.01,33,12748,卖盘
1557,14:39:55,3.87,0.01,11,4257,买盘
1558,14:40:01,3.87,0.0,20,7740,买盘
1559,14:40:06,3.86,-0.01,57,22002,卖盘
1560,14:40:19,3.87,0.01,199,77013,买盘
1561,14:40:22,3.86,-0.01,50,19300,卖盘
1562,14:40:42,3.87,0.01,952,368424,买盘
1563,14:40:46,3.86,-0.01,152,58672,卖盘
1564,14:40:49,3.86,0.0,57,22026,卖盘
1565,14:40:55,3.86,0.0,45,17370,卖盘
1566,14:40:57,3.86,0.0,150,57900,卖盘
1567,14:41:00,3.87,0.01,330,127700,买盘
1568,14:41:06,3.87,0.0,55,21285,卖盘
1569,14:41:12,3.87,0.0,2,774,买盘
1570,14:41:15,3.87,0.0,13,5031,买盘
1571,14:41:21,3.86,-0.01,15,5790,卖盘
1572,14:41:34,3.86,0.0,26,10036,卖盘
1573,14:41:37,3.86,0.0,10,3860,卖盘
1574,14:41:43,3.87,0.01,10,3870,买盘
1575,14:41:45,3.87,0.0,105,40532,买盘
1576,14:41:52,3.86,-0.01,5,1930,卖盘
1577,14:42:01,3.87,0.01,570,220024,买盘
1578,14:42:06,3.87,0.0,27,10449,买盘
1579,14:42:12,3.87,0.0,2,774,买盘
1580,14:42:18,3.86,-0.01,10,3860,卖盘
1581,14:42:31,3.87,0.01,30,11610,买盘
1582,14:42:40,3.86,-0.01,57,22009,卖盘
1583,14:42:46,3.86,0.0,51,19686,卖盘
1584,14:42:58,3.87,0.01,1,387,买盘
1585,14:43:01,3.86,-0.01,51,19686,卖盘
1586,14:43:07,3.86,0.0,200,77200,卖盘
1587,14:43:12,3.86,0.0,204,78744,卖盘
1588,14:43:15,3.86,0.0,85,32810,卖盘
1589,14:43:21,3.87,0.01,11,4257,买盘
1590,14:43:25,3.86,-0.01,11,4246,卖盘
1591,14:43:37,3.86,0.0,31,11991,卖盘
1592,14:43:40,3.86,0.0,100,38600,卖盘
1593,14:43:49,3.86,0.0,10,3860,卖盘
1594,14:43:52,3.86,0.0,20,7720,卖盘
1595,14:43:54,3.86,0.0,5,1930,卖盘
1596,14:43:57,3.87,0.01,32,12356,买盘
1597,14:44:01,3.86,-0.01,97,37442,卖盘
1598,14:44:04,3.86,0.0,6,2316,卖盘
1599,14:44:13,3.86,0.0,78,30133,卖盘
1600,14:44:21,3.87,0.01,1,387,买盘
1601,14:44:24,3.86,-0.01,35,13510,卖盘
1602,14:44:28,3.86,0.0,38,14668,卖盘
1603,14:44:31,3.86,0.0,21,8040,卖盘
1604,14:44:37,3.87,0.01,1,387,买盘
1605,14:44:46,3.86,-0.01,40,15440,卖盘
1606,14:44:48,3.86,0.0,111,42846,卖盘
1607,14:44:52,3.86,0.0,20,7720,卖盘
1608,14:44:55,3.86,0.0,36,13896,卖盘
1609,14:44:58,3.87,0.01,20,7734,买盘
1610,14:45:01,3.86,-0.01,4,1544,买盘
1611,14:45:04,3.86,0.0,50,19300,买盘
1612,14:45:06,3.86,0.0,16,6176,买盘
1613,14:45:09,3.85,-0.01,20,7700,卖盘
1614,14:45:13,3.86,0.01,27,10422,买盘
1615,14:45:19,3.86,0.0,20,7720,买盘
1616,14:45:22,3.85,-0.01,400,154000,卖盘
1617,14:45:27,3.86,0.01,30,11580,买盘
1618,14:45:34,3.85,-0.01,40,15400,卖盘
1619,14:45:37,3.86,0.01,19,7322,买盘
1620,14:45:52,3.86,0.0,30,11580,买盘
1621,14:45:58,3.86,0.0,135,52110,买盘
1622,14:46:13,3.85,-0.01,35,13475,卖盘
1623,14:46:31,3.85,0.0,120,46200,卖盘
1624,14:46:33,3.85,0.0,3,1155,卖盘
1625,14:46:37,3.85,0.0,20,7700,卖盘
1626,14:46:39,3.85,0.0,26,10010,卖盘
1627,14:46:42,3.85,0.0,20,7700,卖盘
1628,14:46:45,3.85,0.0,1,385,卖盘
1629,14:46:49,3.85,0.0,100,38500,卖盘
1630,14:47:04,3.85,0.0,79,30417,卖盘
1631,14:47:10,3.85,0.0,41,15785,卖盘
1632,14:47:19,3.85,0.0,150,57750,卖盘
1633,14:47:33,3.85,0.0,49,18865,卖盘
1634,14:47:37,3.85,0.0,790,304150,卖盘
1635,14:47:39,3.85,0.0,49,18865,卖盘
1636,14:47:42,3.85,0.0,234,90090,卖盘
1637,14:47:46,3.85,0.0,68,26230,卖盘
1638,14:47:52,3.85,0.0,10,3850,买盘
1639,14:48:00,3.84,-0.01,100,38400,卖盘
1640,14:48:13,3.84,0.0,307,117888,卖盘
1641,14:48:16,3.84,0.0,150,57600,卖盘
1642,14:48:28,3.84,0.0,40,15360,卖盘
1643,14:48:30,3.84,0.0,389,149376,卖盘
1644,14:48:34,3.84,0.0,81,31104,卖盘
1645,14:48:40,3.84,0.0,1,384,买盘
1646,14:48:46,3.84,0.0,82,31488,买盘
1647,14:48:49,3.83,-0.01,13,4979,卖盘
1648,14:48:51,3.84,0.01,146,55984,买盘
1649,14:48:57,3.84,0.0,1099,420947,买盘
1650,14:49:01,3.84,0.0,8,3072,买盘
1651,14:49:04,3.83,-0.01,18,6894,卖盘
1652,14:49:07,3.83,0.0,72,27576,卖盘
1653,14:49:10,3.83,0.0,323,123709,卖盘
1654,14:49:13,3.84,0.01,156,59749,买盘
1655,14:49:15,3.83,-0.01,233,89240,卖盘
1656,14:49:19,3.83,0.0,79,30257,买盘
1657,14:49:28,3.83,0.0,1,383,买盘
1658,14:49:31,3.83,0.0,13,4979,买盘
1659,14:49:33,3.83,0.0,253,96899,买盘
1660,14:49:37,3.83,0.0,20,7660,买盘
1661,14:49:40,3.82,-0.01,20,7640,卖盘
1662,14:49:43,3.83,0.01,974,372577,买盘
1663,14:49:46,3.83,0.0,72,27576,买盘
1664,14:49:49,3.82,-0.01,79,30178,卖盘
1665,14:49:52,3.83,0.01,92,35164,买盘
1666,14:49:54,3.82,-0.01,273,104286,卖盘
1667,14:49:57,3.82,0.0,53,20246,买盘
1668,14:50:01,3.83,0.01,119,45478,买盘
1669,14:50:04,3.83,0.0,106,40578,买盘
1670,14:50:07,3.82,-0.01,409,156168,卖盘
1671,14:50:10,3.82,0.0,60,22930,卖盘
1672,14:50:13,3.83,0.01,49,18767,买盘
1673,14:50:16,3.82,-0.01,103,39421,卖盘
1674,14:50:18,3.82,0.0,52,19894,卖盘
1675,14:50:21,3.82,0.0,66,25263,买盘
1676,14:50:24,3.82,0.0,100,38200,卖盘
1677,14:50:31,3.82,0.0,326,124532,卖盘
1678,14:50:34,3.82,0.0,122,46604,买盘
1679,14:50:37,3.82,0.0,1,382,卖盘
1680,14:50:40,3.82,0.0,57,21774,买盘
1681,14:50:42,3.82,0.0,50,19100,卖盘
1682,14:50:45,3.82,0.0,116,44312,卖盘
1683,14:50:49,3.83,0.01,7,2681,买盘
1684,14:50:51,3.83,0.0,170,64995,买盘
1685,14:50:54,3.83,0.0,3,1149,买盘
1686,14:50:58,3.82,-0.01,439,168117,卖盘
1687,14:51:00,3.82,0.0,53,20246,卖盘
1688,14:51:04,3.82,0.0,82,31329,卖盘
1689,14:51:07,3.83,0.01,212,81196,买盘
1690,14:51:09,3.83,0.0,107,40981,买盘
1691,14:51:13,3.83,0.0,7,2681,买盘
1692,14:51:18,3.83,0.0,15,5745,买盘
1693,14:51:21,3.83,0.0,92,35227,买盘
1694,14:51:24,3.83,0.0,411,157287,买盘
1695,14:51:28,3.83,0.0,66,25278,买盘
1696,14:51:31,3.83,0.0,422,161522,买盘
1697,14:51:34,3.83,0.0,2,766,卖盘
1698,14:51:37,3.83,0.0,88,33704,卖盘
1699,14:51:40,3.83,0.0,11,4213,卖盘
1700,14:51:46,3.83,0.0,102,39066,卖盘
1701,14:51:48,3.84,0.01,218,83694,买盘
1702,14:51:52,3.84,0.0,75,28745,买盘
1703,14:51:54,3.84,0.0,16,6143,买盘
1704,14:51:58,3.84,0.0,330,126708,买盘
1705,14:52:07,3.84,0.0,161,61824,卖盘
1706,14:52:10,3.84,0.0,110,42240,买盘
1707,14:52:13,3.84,0.0,14,5376,买盘
1708,14:52:15,3.83,-0.01,69,26427,卖盘
1709,14:52:18,3.84,0.01,104,39936,买盘
1710,14:52:21,3.84,0.0,190,72960,买盘
1711,14:52:31,3.84,0.0,79,30336,卖盘
1712,14:52:34,3.84,0.0,1,384,卖盘
1713,14:52:37,3.84,0.0,358,137472,卖盘
1714,14:52:40,3.84,0.0,30,11520,卖盘
1715,14:52:46,3.85,0.01,20,7700,买盘
1716,14:52:49,3.84,-0.01,67,25738,卖盘
1717,14:52:52,3.85,0.01,30,11550,买盘
1718,14:52:54,3.84,-0.01,40,15360,卖盘
1719,14:52:57,3.85,0.01,3,1155,买盘
1720,14:53:04,3.84,-0.01,36,13824,卖盘
1721,14:53:07,3.85,0.01,234,89890,买盘
1722,14:53:13,3.85,0.0,10,3850,买盘
1723,14:53:16,3.85,0.0,8,3080,买盘
1724,14:53:19,3.85,0.0,110,42350,买盘
1725,14:53:22,3.84,-0.01,63,24231,卖盘
1726,14:53:27,3.84,0.0,10,3840,卖盘
1727,14:53:31,3.84,0.0,156,59918,卖盘
1728,14:53:34,3.84,0.0,50,19200,卖盘
1729,14:53:37,3.84,0.0,26,9984,卖盘
1730,14:53:40,3.84,0.0,128,49251,卖盘
1731,14:53:43,3.84,0.0,7,2688,卖盘
1732,14:53:48,3.84,0.0,58,22272,卖盘
1733,14:53:54,3.84,0.0,13,4992,卖盘
1734,14:54:04,3.84,0.0,72,27651,卖盘
1735,14:54:12,3.84,0.0,10,3840,卖盘
1736,14:54:15,3.84,0.0,100,38400,卖盘
1737,14:54:19,3.85,0.01,137,52686,买盘
1738,14:54:22,3.84,-0.01,20,7680,卖盘
1739,14:54:28,3.85,0.01,21,8085,买盘
1740,14:54:31,3.84,-0.01,31,11904,卖盘
1741,14:54:33,3.84,0.0,50,19200,卖盘
1742,14:54:40,3.84,0.0,79,30336,卖盘
1743,14:54:43,3.84,0.0,410,157453,卖盘
1744,14:54:48,3.84,0.0,5,1920,买盘
1745,14:54:51,3.84,0.0,151,57984,买盘
1746,14:55:04,3.84,0.0,555,212568,买盘
1747,14:55:10,3.84,0.0,1,384,买盘
1748,14:55:12,3.83,-0.01,76,29114,卖盘
1749,14:55:16,3.83,0.0,10,3830,卖盘
1750,14:55:19,3.83,0.0,50,19170,卖盘
1751,14:55:25,3.83,0.0,737,282277,卖盘
1752,14:55:28,3.83,0.0,90,34470,卖盘
1753,14:55:31,3.83,0.0,45,17235,卖盘
1754,14:55:34,3.82,-0.01,23,8789,卖盘
1755,14:55:37,3.83,0.01,25,9575,买盘
1756,14:55:40,3.83,0.0,105,40215,买盘
1757,14:55:43,3.83,0.0,113,43279,买盘
1758,14:55:46,3.83,0.0,6,2298,买盘
1759,14:55:49,3.83,0.0,117,44811,买盘
1760,14:55:51,3.82,-0.01,35,13370,卖盘
1761,14:55:55,3.82,0.0,89,34062,卖盘
1762,14:55:58,3.83,0.01,15,5745,中性盘
1763,14:56:07,3.83,0.0,115,44045,卖盘
1764,14:56:13,3.83,0.0,919,351977,卖盘
1765,14:56:16,3.82,-0.01,30,11461,卖盘
1766,14:56:19,3.83,0.01,111,42513,买盘
1767,14:56:22,3.83,0.0,240,92138,卖盘
1768,14:56:25,3.83,0.0,24,9192,卖盘
1769,14:56:34,3.84,0.01,1130,433910,买盘
1770,14:56:37,3.84,0.0,35,13420,买盘
1771,14:56:49,3.83,-0.01,121,46364,卖盘
1772,14:56:52,3.83,0.0,185,70957,卖盘
1773,14:56:55,3.84,0.01,17,6528,买盘
1774,14:56:58,3.84,0.0,1,384,买盘
1775,14:57:01,3.83,-0.01,72,27576,卖盘
1776,14:57:04,3.84,0.01,139,53316,买盘
1777,15:00:04,3.83,-0.01,3171,1214432,卖盘
