,time,price,change,volume,amount,type
0,09:25:04,7.03,-0.13,568,399304,买盘
1,09:30:00,7.1,0.07,60,42480,买盘
2,09:30:04,7.04,-0.06,396,279566,中性盘
3,09:30:06,7.07,0.03,59,41713,卖盘
4,09:30:10,7.07,0.0,64,45248,卖盘
5,09:30:12,7.07,0.0,1190,842934,卖盘
6,09:30:18,7.1,0.03,1306,924356,买盘
7,09:30:21,7.1,0.0,1,710,买盘
8,09:30:24,7.06,-0.04,111,78477,卖盘
9,09:30:27,7.07,0.01,4,2828,买盘
10,09:30:33,7.06,-0.01,13,9186,卖盘
11,09:30:36,7.07,0.01,246,173922,买盘
12,09:30:39,7.06,-0.01,1,706,卖盘
13,09:30:42,7.06,0.0,2,1412,卖盘
14,09:30:48,7.07,0.01,7,4943,买盘
15,09:30:54,7.06,-0.01,142,100257,卖盘
16,09:30:57,7.06,0.0,37,26122,卖盘
17,09:31:00,7.06,0.0,3,2118,买盘
18,09:31:03,7.05,-0.01,229,161799,卖盘
19,09:31:06,7.06,0.01,57,40235,买盘
20,09:31:12,7.07,0.01,5,3535,卖盘
21,09:31:22,7.07,0.0,44,31108,买盘
22,09:31:24,7.07,0.0,43,30399,买盘
23,09:31:30,7.09,0.02,201,142418,买盘
24,09:31:33,7.1,0.01,183,129830,买盘
25,09:31:39,7.1,0.0,84,59640,买盘
26,09:31:51,7.11,0.01,18,12798,买盘
27,09:31:54,7.11,0.0,3,2133,买盘
28,09:31:57,7.11,0.0,1,711,买盘
29,09:32:00,7.1,-0.01,1,710,卖盘
30,09:32:06,7.1,0.0,22,15620,卖盘
31,09:32:09,7.1,0.0,273,193830,卖盘
32,09:32:12,7.1,0.0,123,87330,卖盘
33,09:32:15,7.11,0.01,29,20613,买盘
34,09:32:18,7.11,0.0,62,44082,买盘
35,09:32:21,7.11,0.0,23,16353,卖盘
36,09:32:24,7.1,-0.01,54,38351,卖盘
37,09:32:27,7.11,0.01,39,27719,中性盘
38,09:32:30,7.1,-0.01,241,171241,卖盘
39,09:32:36,7.1,0.0,18,12780,买盘
40,09:32:42,7.09,-0.01,348,246732,卖盘
41,09:32:45,7.1,0.01,50,35500,买盘
42,09:32:48,7.09,-0.01,40,28385,卖盘
43,09:32:51,7.1,0.01,7,4970,中性盘
44,09:32:54,7.09,-0.01,81,57436,卖盘
45,09:33:01,7.1,0.01,27,19164,买盘
46,09:33:04,7.09,-0.01,200,141809,卖盘
47,09:33:06,7.09,0.0,35,24815,卖盘
48,09:33:15,7.1,0.01,10,7100,卖盘
49,09:33:21,7.1,0.0,225,159723,卖盘
50,09:33:24,7.11,0.01,60,42615,买盘
51,09:33:33,7.11,0.0,25,17775,买盘
52,09:33:36,7.1,-0.01,12,8520,卖盘
53,09:33:39,7.11,0.01,3,2132,买盘
54,09:33:42,7.1,-0.01,1,710,卖盘
55,09:33:45,7.1,0.0,62,44030,卖盘
56,09:33:48,7.1,0.0,2,1420,卖盘
57,09:33:51,7.11,0.01,3,2133,买盘
58,09:33:54,7.11,0.0,68,48348,买盘
59,09:33:57,7.11,0.0,1,711,卖盘
60,09:34:04,7.11,0.0,7,4977,卖盘
61,09:34:09,7.11,0.0,1,711,卖盘
62,09:34:12,7.11,0.0,1,711,卖盘
63,09:34:15,7.11,0.0,41,29151,卖盘
64,09:34:18,7.11,0.0,9,6401,卖盘
65,09:34:22,7.1,-0.01,2,1421,卖盘
66,09:34:24,7.11,0.01,15,10664,买盘
67,09:34:27,7.12,0.01,477,339503,买盘
68,09:34:30,7.13,0.01,212,151056,买盘
69,09:34:33,7.13,0.0,20,14260,买盘
70,09:34:36,7.13,0.0,8,5704,买盘
71,09:34:39,7.13,0.0,11,7843,买盘
72,09:34:42,7.13,0.0,119,84847,买盘
73,09:34:45,7.14,0.01,7,4998,买盘
74,09:34:48,7.14,0.0,29,20698,买盘
75,09:34:51,7.14,0.0,11,7854,买盘
76,09:34:54,7.14,0.0,10,7140,买盘
77,09:34:57,7.14,0.0,227,162063,买盘
78,09:35:04,7.14,0.0,1,714,卖盘
79,09:35:09,7.14,0.0,33,23555,卖盘
80,09:35:18,7.14,0.0,46,32838,买盘
81,09:35:22,7.13,-0.01,2,1426,卖盘
82,09:35:30,7.14,0.01,42,29988,买盘
83,09:35:33,7.13,-0.01,100,71300,卖盘
84,09:35:36,7.14,0.01,40,28560,买盘
85,09:35:39,7.14,0.0,10,7140,买盘
86,09:35:45,7.13,-0.01,73,52071,卖盘
87,09:35:48,7.13,0.0,7,4991,卖盘
88,09:35:52,7.14,0.01,28,19992,买盘
89,09:35:54,7.13,-0.01,34,24242,卖盘
90,09:35:57,7.13,0.0,26,18558,卖盘
91,09:36:00,7.13,0.0,35,24955,买盘
92,09:36:03,7.13,0.0,7,4991,买盘
93,09:36:09,7.13,0.0,77,54900,买盘
94,09:36:12,7.12,-0.01,162,115344,卖盘
95,09:36:15,7.13,0.01,330,235176,买盘
96,09:36:21,7.1,-0.03,140,99514,卖盘
97,09:36:30,7.1,0.0,22,15634,卖盘
98,09:36:33,7.1,0.0,25,17750,卖盘
99,09:36:36,7.11,0.01,3,2133,买盘
100,09:36:39,7.11,0.0,6,4266,买盘
101,09:36:42,7.11,0.0,100,71100,卖盘
102,09:36:46,7.11,0.0,9,6399,卖盘
103,09:36:48,7.11,0.0,51,36261,卖盘
104,09:36:51,7.11,0.0,30,21330,中性盘
105,09:36:54,7.11,0.0,16,11376,买盘
106,09:36:57,7.11,0.0,119,84539,买盘
107,09:37:00,7.11,0.0,124,88184,买盘
108,09:37:03,7.12,0.01,97,69064,买盘
109,09:37:06,7.12,0.0,94,66928,买盘
110,09:37:09,7.12,0.0,24,17088,买盘
111,09:37:12,7.12,0.0,20,14240,买盘
112,09:37:15,7.12,0.0,54,38426,买盘
113,09:37:18,7.12,0.0,17,12104,买盘
114,09:37:21,7.12,0.0,31,22072,买盘
115,09:37:24,7.12,0.0,10,7120,买盘
116,09:37:27,7.12,0.0,41,29192,买盘
117,09:37:30,7.12,0.0,123,87476,买盘
118,09:37:36,7.12,0.0,7,4984,买盘
119,09:37:39,7.12,0.0,1,712,买盘
120,09:37:42,7.12,0.0,1,712,买盘
121,09:37:45,7.12,0.0,1,712,买盘
122,09:37:48,7.12,0.0,39,27768,买盘
123,09:37:57,7.12,0.0,4,2848,卖盘
124,09:38:00,7.11,-0.01,20,14220,卖盘
125,09:38:04,7.12,0.01,1,712,买盘
126,09:38:09,7.12,0.0,3,2136,买盘
127,09:38:15,7.12,0.0,12,8544,买盘
128,09:38:18,7.11,-0.01,15,10676,卖盘
129,09:38:21,7.12,0.01,10,7120,买盘
130,09:38:24,7.12,0.0,49,34888,买盘
131,09:38:27,7.11,-0.01,99,70424,卖盘
132,09:38:30,7.12,0.01,2,1424,买盘
133,09:38:33,7.11,-0.01,30,21330,卖盘
134,09:38:36,7.12,0.01,11,7822,买盘
135,09:38:39,7.11,-0.01,220,156420,卖盘
136,09:38:48,7.13,0.02,113,80568,买盘
137,09:38:51,7.13,0.0,41,29233,买盘
138,09:38:54,7.11,-0.02,4,2844,卖盘
139,09:38:57,7.13,0.02,3,2139,买盘
140,09:39:00,7.13,0.0,2,1426,买盘
141,09:39:03,7.13,0.0,2,1426,买盘
142,09:39:06,7.13,0.0,40,28520,买盘
143,09:39:09,7.13,0.0,3,2139,卖盘
144,09:39:12,7.13,0.0,6,4278,卖盘
145,09:39:25,7.13,0.0,10,7125,买盘
146,09:39:27,7.13,0.0,22,15682,买盘
147,09:39:30,7.11,-0.02,56,39816,卖盘
148,09:39:49,7.13,0.02,25,17825,买盘
149,09:40:09,7.13,0.0,31,22102,买盘
150,09:40:12,7.12,-0.01,3,2136,卖盘
151,09:40:15,7.12,0.0,9,6408,卖盘
152,09:40:24,7.13,0.01,7,4991,买盘
153,09:40:30,7.12,-0.01,76,54112,卖盘
154,09:40:33,7.12,0.0,1,712,买盘
155,09:40:36,7.12,0.0,4,2848,买盘
156,09:40:39,7.12,0.0,4,2848,买盘
157,09:40:42,7.11,-0.01,8,5693,卖盘
158,09:40:45,7.12,0.01,23,16376,买盘
159,09:40:48,7.12,0.0,11,7832,买盘
160,09:40:51,7.13,0.01,15,10684,买盘
161,09:40:54,7.13,0.0,16,11408,买盘
162,09:40:57,7.13,0.0,25,17825,买盘
163,09:41:00,7.13,0.0,37,26381,买盘
164,09:41:04,7.13,0.0,31,22103,买盘
165,09:41:06,7.13,0.0,28,19964,买盘
166,09:41:09,7.12,-0.01,51,36342,卖盘
167,09:41:12,7.13,0.01,36,25668,买盘
168,09:41:15,7.13,0.0,14,9982,买盘
169,09:41:18,7.13,0.0,27,19251,买盘
170,09:41:21,7.13,0.0,29,20677,买盘
171,09:41:24,7.13,0.0,27,19251,买盘
172,09:41:27,7.14,0.01,55,39215,买盘
173,09:41:30,7.14,0.0,21,14987,买盘
174,09:41:33,7.14,0.0,25,17850,买盘
175,09:41:36,7.14,0.0,33,23552,买盘
176,09:41:39,7.14,0.0,43,30702,买盘
177,09:41:42,7.14,0.0,65,46410,买盘
178,09:41:45,7.14,0.0,98,69972,买盘
179,09:41:48,7.14,0.0,90,64260,买盘
180,09:41:54,7.14,0.0,5,3570,卖盘
181,09:41:57,7.14,0.0,12,8568,卖盘
182,09:42:00,7.15,0.01,5,3575,买盘
183,09:42:04,7.14,-0.01,18,12852,卖盘
184,09:42:06,7.14,0.0,161,115091,卖盘
185,09:42:09,7.14,0.0,246,175644,买盘
186,09:42:16,7.14,0.0,50,35700,买盘
187,09:42:21,7.14,0.0,5,3570,买盘
188,09:42:24,7.14,0.0,146,104244,买盘
189,09:42:33,7.15,0.01,3,2144,买盘
190,09:42:39,7.15,0.0,24,17160,买盘
191,09:42:54,7.15,0.0,9,6435,买盘
192,09:42:57,7.13,-0.02,468,333795,卖盘
193,09:43:00,7.13,0.0,15,10695,买盘
194,09:43:03,7.15,0.02,28,19986,买盘
195,09:43:15,7.15,0.0,21,14995,买盘
196,09:43:24,7.14,-0.01,20,14280,买盘
197,09:43:27,7.14,0.0,21,14994,买盘
198,09:43:33,7.14,0.0,3,2140,买盘
199,09:43:39,7.14,0.0,61,43554,买盘
200,09:43:45,7.14,0.0,54,38556,买盘
201,09:43:51,7.14,0.0,8,5712,买盘
202,09:43:54,7.14,0.0,2,1428,买盘
203,09:44:00,7.14,0.0,50,35700,买盘
204,09:44:04,7.14,0.0,18,12852,买盘
205,09:44:06,7.14,0.0,20,14280,卖盘
206,09:44:15,7.14,0.0,41,29274,卖盘
207,09:44:18,7.14,0.0,17,12138,卖盘
208,09:44:21,7.14,0.0,41,29274,买盘
209,09:44:39,7.14,0.0,90,64260,买盘
210,09:44:42,7.14,0.0,26,18564,买盘
211,09:44:48,7.14,0.0,1,714,买盘
212,09:44:54,7.13,-0.01,23,16404,卖盘
213,09:45:03,7.14,0.01,50,35700,买盘
214,09:45:06,7.13,-0.01,319,227447,卖盘
215,09:45:10,7.13,0.0,2,1426,卖盘
216,09:45:12,7.13,0.0,81,57753,卖盘
217,09:45:15,7.13,0.0,28,19964,卖盘
218,09:45:18,7.13,0.0,126,89838,卖盘
219,09:45:21,7.13,0.0,83,59179,卖盘
220,09:45:30,7.12,-0.01,53,37736,卖盘
221,09:45:39,7.12,0.0,12,8538,买盘
222,09:45:51,7.11,-0.01,5,3555,卖盘
223,09:45:54,7.12,0.01,96,68352,买盘
224,09:45:57,7.12,0.0,12,8544,卖盘
225,09:46:00,7.12,0.0,9,6408,卖盘
226,09:46:04,7.12,0.0,80,56960,卖盘
227,09:46:09,7.12,0.0,3,2136,买盘
228,09:46:12,7.12,0.0,3,2136,买盘
229,09:46:15,7.12,0.0,1,712,买盘
230,09:46:24,7.11,-0.01,10,7110,卖盘
231,09:46:30,7.12,0.01,29,20648,买盘
232,09:46:33,7.11,-0.01,9,6399,卖盘
233,09:46:42,7.11,0.0,32,22752,卖盘
234,09:46:45,7.11,0.0,30,21330,卖盘
235,09:46:48,7.11,0.0,63,44793,卖盘
236,09:47:00,7.11,0.0,39,27729,卖盘
237,09:47:04,7.11,0.0,153,108783,卖盘
238,09:47:06,7.1,-0.01,18,12780,卖盘
239,09:47:18,7.1,0.0,99,70290,卖盘
240,09:47:30,7.1,0.0,10,7100,卖盘
241,09:47:33,7.1,0.0,29,20590,卖盘
242,09:47:36,7.1,0.0,14,9942,卖盘
243,09:47:57,7.11,0.01,109,77499,买盘
244,09:48:03,7.11,0.0,10,7110,卖盘
245,09:48:09,7.11,0.0,18,12798,卖盘
246,09:48:12,7.1,-0.01,1,710,卖盘
247,09:48:15,7.1,0.0,53,37630,卖盘
248,09:48:21,7.11,0.01,10,7110,买盘
249,09:48:24,7.11,0.0,20,14220,卖盘
250,09:48:33,7.1,-0.01,9,6390,卖盘
251,09:48:36,7.1,0.0,1,710,卖盘
252,09:48:39,7.11,0.01,1,711,买盘
253,09:48:42,7.1,-0.01,20,14200,卖盘
254,09:48:48,7.11,0.01,15,10665,买盘
255,09:48:51,7.11,0.0,2,1422,卖盘
256,09:49:04,7.11,0.0,9,6399,卖盘
257,09:49:21,7.12,0.01,5,3560,买盘
258,09:49:24,7.11,-0.01,197,140067,卖盘
259,09:49:30,7.11,0.0,7,4977,卖盘
260,09:49:33,7.11,0.0,9,6399,卖盘
261,09:49:39,7.11,0.0,17,12087,卖盘
262,09:49:48,7.11,0.0,26,18486,卖盘
263,09:49:51,7.11,0.0,41,29151,卖盘
264,09:49:54,7.12,0.01,5,3560,买盘
265,09:49:57,7.12,0.0,8,5696,买盘
266,09:50:03,7.11,-0.01,11,7821,卖盘
267,09:50:06,7.11,0.0,9,6399,卖盘
268,09:50:15,7.11,0.0,142,100962,卖盘
269,09:50:24,7.11,0.0,8,5688,买盘
270,09:50:36,7.1,-0.01,9,6390,卖盘
271,09:50:39,7.1,0.0,4,2840,卖盘
272,09:50:42,7.1,0.0,130,92300,卖盘
273,09:50:45,7.1,0.0,9,6390,卖盘
274,09:50:48,7.1,0.0,11,7810,卖盘
275,09:50:51,7.1,0.0,84,59640,卖盘
276,09:51:04,7.09,-0.01,154,109186,卖盘
277,09:51:06,7.1,0.01,27,19144,买盘
278,09:51:12,7.08,-0.02,3,2124,卖盘
279,09:51:18,7.08,0.0,25,17700,卖盘
280,09:51:24,7.08,0.0,27,19133,卖盘
281,09:51:36,7.08,0.0,9,6372,卖盘
282,09:51:39,7.09,0.01,4,2836,买盘
283,09:51:42,7.08,-0.01,94,66558,卖盘
284,09:51:51,7.07,-0.01,127,89896,卖盘
285,09:51:54,7.06,-0.01,106,74932,卖盘
286,09:51:57,7.08,0.02,5,3540,中性盘
287,09:52:00,7.07,-0.01,33,23331,中性盘
288,09:52:04,7.08,0.01,4,2832,买盘
289,09:52:06,7.07,-0.01,10,7071,卖盘
290,09:52:09,7.08,0.01,5,3540,卖盘
291,09:52:18,7.09,0.01,4,2836,买盘
292,09:52:21,7.08,-0.01,25,17700,卖盘
293,09:52:27,7.09,0.01,2,1418,买盘
294,09:52:30,7.09,0.0,12,8508,买盘
295,09:52:33,7.09,0.0,13,9217,买盘
296,09:52:36,7.09,0.0,9,6381,卖盘
297,09:52:39,7.1,0.01,43,30530,买盘
298,09:52:42,7.1,0.0,38,26980,买盘
299,09:52:48,7.1,0.0,182,129220,买盘
300,09:52:54,7.1,0.0,3,2130,卖盘
301,09:52:57,7.11,0.01,50,35550,买盘
302,09:53:00,7.11,0.0,8,5688,买盘
303,09:53:04,7.11,0.0,1,711,买盘
304,09:53:06,7.11,0.0,9,6399,卖盘
305,09:53:09,7.12,0.01,80,56960,买盘
306,09:53:12,7.11,-0.01,5,3555,卖盘
307,09:53:16,7.11,0.0,8,5688,卖盘
308,09:53:21,7.11,0.0,20,14220,卖盘
309,09:53:24,7.12,0.01,132,93984,买盘
310,09:53:40,7.12,0.0,9,6408,卖盘
311,09:53:42,7.13,0.01,22,15674,买盘
312,09:53:51,7.12,-0.01,19,13528,卖盘
313,09:54:09,7.12,0.0,15,10680,卖盘
314,09:54:12,7.12,0.0,2,1424,买盘
315,09:54:15,7.12,0.0,12,8544,卖盘
316,09:54:19,7.12,0.0,41,29192,卖盘
317,09:54:21,7.12,0.0,18,12816,卖盘
318,09:54:27,7.12,0.0,22,15664,卖盘
319,09:54:37,7.12,0.0,28,19936,卖盘
320,09:54:39,7.12,0.0,39,27768,卖盘
321,09:54:45,7.13,0.01,10,7130,买盘
322,09:54:51,7.12,-0.01,91,64792,卖盘
323,09:55:06,7.11,-0.01,267,189837,卖盘
324,09:55:21,7.11,0.0,1,711,买盘
325,09:55:39,7.1,-0.01,9,6390,卖盘
326,09:55:45,7.1,0.0,25,17750,卖盘
327,09:55:48,7.1,0.0,35,24850,卖盘
328,09:56:06,7.11,0.01,3,2133,买盘
329,09:56:09,7.1,-0.01,1,710,卖盘
330,09:56:36,7.1,0.0,11,7820,卖盘
331,09:56:39,7.1,0.0,9,6390,卖盘
332,09:56:57,7.11,0.01,5,3555,买盘
333,09:57:04,7.1,-0.01,10,7108,卖盘
334,09:57:12,7.1,0.0,20,14200,卖盘
335,09:57:22,7.11,0.01,29,20619,买盘
336,09:57:27,7.1,-0.01,1,710,卖盘
337,09:57:33,7.11,0.01,14,9954,买盘
338,09:57:57,7.12,0.01,10,7120,买盘
339,09:58:04,7.11,-0.01,17,12087,卖盘
340,09:58:06,7.12,0.01,17,12104,买盘
341,09:58:12,7.11,-0.01,30,21330,卖盘
342,09:58:36,7.12,0.01,3,2136,买盘
343,09:59:00,7.11,-0.01,17,12087,卖盘
344,09:59:12,7.11,0.0,8,5688,买盘
345,09:59:24,7.11,0.0,3,2133,买盘
346,09:59:30,7.11,0.0,31,22041,买盘
347,10:00:03,7.12,0.01,8,5692,买盘
348,10:00:09,7.11,-0.01,63,44793,卖盘
349,10:00:21,7.11,0.0,12,8532,买盘
350,10:00:31,7.11,0.0,71,50531,卖盘
351,10:00:42,7.1,-0.01,47,33402,卖盘
352,10:01:12,7.11,0.01,5,3555,卖盘
353,10:01:15,7.11,0.0,90,63990,卖盘
354,10:01:21,7.11,0.0,1,711,买盘
355,10:01:24,7.11,0.0,35,24885,买盘
356,10:01:31,7.11,0.0,4,2844,买盘
357,10:01:33,7.11,0.0,1,711,卖盘
358,10:01:42,7.1,-0.01,47,33410,卖盘
359,10:01:45,7.11,0.01,5,3555,卖盘
360,10:01:48,7.11,0.0,2,1422,卖盘
361,10:01:51,7.11,0.0,2,1422,卖盘
362,10:01:54,7.11,0.0,2,1422,卖盘
363,10:02:12,7.12,0.01,200,142400,买盘
364,10:02:24,7.11,-0.01,57,40527,卖盘
365,10:02:33,7.11,0.0,11,7821,买盘
366,10:02:39,7.11,0.0,63,44793,买盘
367,10:02:45,7.11,0.0,9,6399,买盘
368,10:02:51,7.1,-0.01,200,142000,卖盘
369,10:03:00,7.1,0.0,65,46150,卖盘
370,10:03:06,7.1,0.0,254,180340,卖盘
371,10:03:09,7.1,0.0,11,7810,买盘
372,10:03:12,7.1,0.0,1,710,买盘
373,10:03:36,7.1,0.0,14,9940,买盘
374,10:03:45,7.1,0.0,18,12780,卖盘
375,10:03:51,7.11,0.01,43,30573,买盘
376,10:04:00,7.1,-0.01,15,10650,卖盘
377,10:04:06,7.1,0.0,5,3550,买盘
378,10:04:21,7.09,-0.01,156,110604,卖盘
379,10:04:30,7.09,0.0,50,35450,卖盘
380,10:04:36,7.09,0.0,166,117694,卖盘
381,10:04:39,7.09,0.0,10,7090,卖盘
382,10:04:51,7.09,0.0,5,3545,卖盘
383,10:05:04,7.1,0.01,40,28400,买盘
384,10:05:45,7.09,-0.01,29,20588,卖盘
385,10:06:00,7.09,0.0,7,4963,卖盘
386,10:06:12,7.1,0.01,4,2840,买盘
387,10:06:33,7.09,-0.01,2,1418,卖盘
388,10:06:45,7.09,0.0,84,59556,卖盘
389,10:06:57,7.09,0.0,123,87207,卖盘
390,10:07:00,7.08,-0.01,371,262855,卖盘
391,10:07:15,7.08,0.0,26,18408,卖盘
392,10:07:21,7.08,0.0,1,708,买盘
393,10:07:27,7.08,0.0,1,708,买盘
394,10:07:33,7.07,-0.01,10,7070,卖盘
395,10:07:57,7.07,0.0,16,11312,卖盘
396,10:08:00,7.07,0.0,60,42420,卖盘
397,10:08:04,7.07,0.0,100,70700,卖盘
398,10:08:21,7.07,0.0,14,9898,卖盘
399,10:08:24,7.07,0.0,10,7070,卖盘
400,10:08:27,7.07,0.0,71,50197,卖盘
401,10:08:30,7.07,0.0,134,94848,卖盘
402,10:08:39,7.07,0.0,10,7070,卖盘
403,10:09:06,7.07,0.0,20,14140,卖盘
404,10:09:18,7.07,0.0,2,1414,卖盘
405,10:09:24,7.09,0.02,14,9926,买盘
406,10:09:30,7.09,0.0,1,709,买盘
407,10:09:51,7.09,0.0,1,709,买盘
408,10:09:54,7.09,0.0,1,709,买盘
409,10:09:57,7.08,-0.01,54,38232,卖盘
410,10:10:04,7.08,0.0,2,1416,卖盘
411,10:10:06,7.09,0.01,4,2836,买盘
412,10:10:09,7.08,-0.01,26,18408,卖盘
413,10:10:21,7.08,0.0,42,29736,卖盘
414,10:10:31,7.08,0.0,9,6372,卖盘
415,10:10:36,7.08,0.0,50,35400,卖盘
416,10:10:39,7.09,0.01,7,4963,买盘
417,10:11:10,7.09,0.0,55,38995,买盘
418,10:11:12,7.09,0.0,56,39704,买盘
419,10:11:15,7.09,0.0,3,2127,买盘
420,10:11:18,7.08,-0.01,62,43896,卖盘
421,10:11:21,7.09,0.01,16,11344,买盘
422,10:11:24,7.08,-0.01,128,90646,卖盘
423,10:11:36,7.08,0.0,15,10620,卖盘
424,10:11:51,7.09,0.01,6,4254,卖盘
425,10:11:57,7.09,0.0,22,15598,卖盘
426,10:12:04,7.09,0.0,40,28360,买盘
427,10:12:06,7.09,0.0,1,709,买盘
428,10:12:24,7.08,-0.01,10,7080,卖盘
429,10:12:36,7.08,0.0,4,2832,卖盘
430,10:12:39,7.08,0.0,47,33319,卖盘
431,10:12:58,7.09,0.01,10,7090,卖盘
432,10:13:00,7.09,0.0,26,18434,卖盘
433,10:13:03,7.08,-0.01,83,58809,卖盘
434,10:13:09,7.08,0.0,23,16284,卖盘
435,10:13:27,7.08,0.0,15,10620,卖盘
436,10:13:33,7.09,0.01,10,7090,买盘
437,10:13:42,7.09,0.0,43,30487,买盘
438,10:13:51,7.08,-0.01,11,7788,卖盘
439,10:14:27,7.09,0.01,5,3541,买盘
440,10:14:30,7.08,-0.01,5,3540,卖盘
441,10:14:42,7.08,0.0,70,49560,卖盘
442,10:14:51,7.08,0.0,1,708,卖盘
443,10:15:00,7.09,0.01,27,19143,买盘
444,10:15:09,7.08,-0.01,49,34692,卖盘
445,10:15:12,7.08,0.0,31,21948,卖盘
446,10:15:15,7.09,0.01,1,709,买盘
447,10:15:27,7.09,0.0,6,4254,买盘
448,10:15:30,7.09,0.0,50,35450,买盘
449,10:15:33,7.09,0.0,74,52466,买盘
450,10:15:36,7.09,0.0,199,140925,买盘
451,10:15:48,7.1,0.01,20,14200,买盘
452,10:16:00,7.09,-0.01,16,11344,卖盘
453,10:16:04,7.09,0.0,31,21979,卖盘
454,10:16:39,7.09,0.0,39,27651,卖盘
455,10:16:42,7.1,0.01,6,4260,买盘
456,10:16:48,7.1,0.0,22,15602,买盘
457,10:17:12,7.09,-0.01,49,34741,卖盘
458,10:17:15,7.1,0.01,1,710,买盘
459,10:17:24,7.1,0.0,40,28400,买盘
460,10:17:36,7.1,0.0,19,13490,买盘
461,10:18:04,7.09,-0.01,80,56720,卖盘
462,10:18:30,7.09,0.0,15,10635,卖盘
463,10:18:54,7.1,0.01,11,7810,买盘
464,10:19:06,7.09,-0.01,2,1418,卖盘
465,10:19:12,7.1,0.01,2,1420,买盘
466,10:20:42,7.09,-0.01,50,35450,卖盘
467,10:20:45,7.09,0.0,115,81535,卖盘
468,10:21:15,7.07,-0.02,233,164902,卖盘
469,10:21:21,7.07,0.0,125,88375,卖盘
470,10:21:39,7.07,0.0,53,37425,买盘
471,10:21:48,7.06,-0.01,9,6354,卖盘
472,10:21:54,7.07,0.01,1,707,买盘
473,10:22:03,7.06,-0.01,12,8472,卖盘
474,10:22:06,7.06,0.0,2,1412,卖盘
475,10:22:12,7.06,0.0,16,11296,卖盘
476,10:22:15,7.07,0.01,1,707,买盘
477,10:22:18,7.06,-0.01,26,18363,卖盘
478,10:22:36,7.06,0.0,2,1412,卖盘
479,10:22:48,7.06,0.0,10,7060,卖盘
480,10:22:57,7.06,0.0,20,14120,卖盘
481,10:23:00,7.06,0.0,24,16944,卖盘
482,10:23:03,7.06,0.0,35,24710,卖盘
483,10:23:06,7.06,0.0,116,81896,卖盘
484,10:23:12,7.06,0.0,2,1412,买盘
485,10:23:24,7.05,-0.01,24,16920,卖盘
486,10:23:27,7.06,0.01,5,3530,买盘
487,10:23:36,7.06,0.0,20,14120,买盘
488,10:23:39,7.06,0.0,25,17650,买盘
489,10:23:45,7.06,0.0,9,6354,买盘
490,10:24:00,7.06,0.0,3,2118,买盘
491,10:24:06,7.06,0.0,117,82602,买盘
492,10:24:09,7.06,0.0,11,7766,卖盘
493,10:24:12,7.05,-0.01,2,1411,卖盘
494,10:24:24,7.06,0.01,40,28240,卖盘
495,10:24:30,7.06,0.0,9,6354,卖盘
496,10:24:33,7.06,0.0,1,706,卖盘
497,10:24:39,7.06,0.0,10,7060,卖盘
498,10:24:48,7.07,0.01,2,1414,买盘
499,10:24:51,7.07,0.0,44,31108,买盘
500,10:24:57,7.07,0.0,50,35342,买盘
501,10:25:06,7.07,0.0,3,2121,买盘
502,10:25:12,7.07,0.0,184,129914,买盘
503,10:25:15,7.06,-0.01,5,3530,卖盘
504,10:25:22,7.07,0.01,9,6363,买盘
505,10:25:25,7.07,0.0,10,7070,买盘
506,10:25:31,7.06,-0.01,24,16958,卖盘
507,10:25:46,7.06,0.0,1,706,卖盘
508,10:25:51,7.07,0.01,38,26866,买盘
509,10:25:57,7.06,-0.01,20,14120,卖盘
510,10:26:06,7.07,0.01,268,189476,买盘
511,10:26:18,7.07,0.0,38,26866,卖盘
512,10:26:21,7.08,0.01,7,4956,买盘
513,10:26:24,7.08,0.0,7,4956,买盘
514,10:27:00,7.09,0.01,1,709,买盘
515,10:27:03,7.08,-0.01,20,14160,卖盘
516,10:27:06,7.08,0.0,2,1416,卖盘
517,10:27:36,7.07,-0.01,146,103222,卖盘
518,10:27:51,7.05,-0.02,404,285144,卖盘
519,10:27:54,7.07,0.02,28,19796,买盘
520,10:28:06,7.07,0.0,27,19089,卖盘
521,10:28:09,7.07,0.0,50,35350,卖盘
522,10:28:18,7.07,0.0,52,36764,卖盘
523,10:28:36,7.08,0.01,4,2832,买盘
524,10:29:21,7.08,0.0,80,56640,买盘
525,10:29:27,7.06,-0.02,275,194215,卖盘
526,10:29:30,7.06,0.0,6,4236,买盘
527,10:29:36,7.05,-0.01,25,17625,卖盘
528,10:29:39,7.06,0.01,25,17650,买盘
529,10:29:51,7.06,0.0,80,56480,买盘
530,10:29:57,7.05,-0.01,20,14100,卖盘
531,10:30:00,7.05,0.0,11,7755,卖盘
532,10:30:09,7.05,0.0,10,7050,卖盘
533,10:30:16,7.05,0.0,127,89535,卖盘
534,10:30:21,7.05,0.0,223,157215,卖盘
535,10:30:24,7.05,0.0,142,100110,卖盘
536,10:30:27,7.05,0.0,48,33840,买盘
537,10:30:33,7.06,0.01,98,69038,买盘
538,10:30:36,7.04,-0.02,174,122618,卖盘
539,10:30:42,7.06,0.02,10,7060,买盘
540,10:30:45,7.05,-0.01,3,2115,卖盘
541,10:31:06,7.06,0.01,8,5648,买盘
542,10:31:09,7.05,-0.01,85,59925,卖盘
543,10:31:15,7.05,0.0,1,705,卖盘
544,10:31:27,7.05,0.0,28,19756,卖盘
545,10:31:37,7.06,0.01,8,5648,买盘
546,10:31:42,7.05,-0.01,14,9870,卖盘
547,10:31:45,7.06,0.01,44,31064,买盘
548,10:31:58,7.06,0.0,6,4236,卖盘
549,10:32:00,7.07,0.01,5,3535,买盘
550,10:32:18,7.07,0.0,3,2121,买盘
551,10:32:27,7.06,-0.01,139,98214,卖盘
552,10:33:06,7.07,0.01,25,17675,买盘
553,10:33:15,7.07,0.0,33,23331,卖盘
554,10:33:24,7.07,0.0,16,11298,买盘
555,10:33:30,7.07,0.0,35,24745,买盘
556,10:33:42,7.07,0.0,2,1414,卖盘
557,10:33:45,7.07,0.0,8,5656,买盘
558,10:34:00,7.08,0.01,40,28320,买盘
559,10:35:12,7.08,0.0,30,21240,买盘
560,10:35:30,7.08,0.0,2,1416,买盘
561,10:35:40,7.08,0.0,16,11328,买盘
562,10:35:42,7.08,0.0,40,28320,买盘
563,10:36:06,7.07,-0.01,3,2121,卖盘
564,10:36:45,7.07,0.0,10,7070,卖盘
565,10:37:33,7.07,0.0,31,21917,卖盘
566,10:37:36,7.07,0.0,4,2828,卖盘
567,10:37:48,7.07,0.0,20,14140,卖盘
568,10:37:57,7.07,0.0,77,54439,卖盘
569,10:38:06,7.07,0.0,5,3535,买盘
570,10:38:15,7.07,0.0,1,707,买盘
571,10:38:30,7.07,0.0,5,3535,买盘
572,10:38:39,7.07,0.0,20,14140,买盘
573,10:38:45,7.06,-0.01,23,16238,卖盘
574,10:38:48,7.06,0.0,22,15532,卖盘
575,10:38:51,7.06,0.0,1,706,卖盘
576,10:38:54,7.06,0.0,1,706,卖盘
577,10:38:58,7.05,-0.01,19,13404,卖盘
578,10:39:00,7.06,0.01,1,706,买盘
579,10:39:06,7.03,-0.03,887,624279,卖盘
580,10:39:09,7.03,0.0,6,4218,买盘
581,10:39:15,7.03,0.0,28,19684,买盘
582,10:39:18,7.02,-0.01,48,33696,卖盘
583,10:39:21,7.02,0.0,1,702,卖盘
584,10:39:24,7.01,-0.01,39,27339,卖盘
585,10:39:30,7.01,0.0,10,7010,卖盘
586,10:39:33,7.02,0.01,364,255189,买盘
587,10:39:36,7.01,-0.01,11,7716,卖盘
588,10:39:39,7.0,-0.01,72,50415,卖盘
589,10:39:43,6.99,-0.01,280,195991,卖盘
590,10:39:45,6.99,0.0,39,27279,买盘
591,10:39:51,7.0,0.01,50,35000,买盘
592,10:39:54,7.0,0.0,122,85400,买盘
593,10:40:00,7.02,0.02,53,37189,买盘
594,10:40:04,7.0,-0.02,136,95381,卖盘
595,10:40:12,7.0,0.0,524,366899,卖盘
596,10:40:15,7.0,0.0,19,13300,买盘
597,10:40:18,6.99,-0.01,86,60164,卖盘
598,10:40:21,7.0,0.01,281,196700,买盘
599,10:40:24,7.0,0.0,138,96600,买盘
600,10:40:30,7.02,0.02,19,13338,买盘
601,10:40:33,7.02,0.0,20,14040,卖盘
602,10:40:42,7.02,0.0,16,11232,卖盘
603,10:40:45,7.02,0.0,36,25272,卖盘
604,10:40:48,7.02,0.0,19,13338,卖盘
605,10:40:57,7.02,0.0,41,28785,卖盘
606,10:41:04,7.02,0.0,12,8424,买盘
607,10:41:06,7.02,0.0,3,2106,买盘
608,10:41:12,7.02,0.0,20,14040,买盘
609,10:41:15,7.01,-0.01,36,25251,卖盘
610,10:41:27,7.02,0.01,5,3510,卖盘
611,10:41:36,7.02,0.0,3,2106,买盘
612,10:41:45,7.02,0.0,1,702,卖盘
613,10:41:51,7.02,0.0,36,25272,卖盘
614,10:41:54,7.03,0.01,14,9833,中性盘
615,10:42:09,7.04,0.01,2,1408,买盘
616,10:42:21,7.04,0.0,2,1408,买盘
617,10:42:24,7.03,-0.01,36,25308,卖盘
618,10:42:45,7.04,0.01,62,43648,买盘
619,10:42:48,7.04,0.0,60,42240,买盘
620,10:43:06,7.05,0.01,324,228420,买盘
621,10:43:21,7.05,0.0,36,25380,卖盘
622,10:43:24,7.05,0.0,33,23265,卖盘
623,10:43:27,7.05,0.0,18,12690,卖盘
624,10:43:30,7.04,-0.01,1,704,卖盘
625,10:43:36,7.04,0.0,15,10560,买盘
626,10:43:42,7.03,-0.01,42,29529,卖盘
627,10:43:45,7.03,0.0,8,5624,买盘
628,10:43:57,7.03,0.0,5,3515,买盘
629,10:44:06,7.04,0.01,2,1408,买盘
630,10:44:19,7.04,0.0,20,14080,买盘
631,10:44:21,7.04,0.0,28,19712,买盘
632,10:44:24,7.04,0.0,36,25344,买盘
633,10:44:28,7.04,0.0,44,30976,买盘
634,10:44:36,7.04,0.0,13,9152,卖盘
635,10:44:54,7.04,0.0,1,704,买盘
636,10:45:03,7.04,0.0,38,26752,买盘
637,10:45:13,7.04,0.0,50,35200,卖盘
638,10:45:15,7.05,0.01,2,1410,买盘
639,10:45:33,7.05,0.0,5,3525,买盘
640,10:46:06,7.05,0.0,41,28905,买盘
641,10:46:27,7.05,0.0,52,36660,买盘
642,10:46:33,7.05,0.0,10,7050,买盘
643,10:46:36,7.05,0.0,55,38775,买盘
644,10:46:40,7.04,-0.01,10,7040,卖盘
645,10:47:24,7.05,0.01,151,106314,买盘
646,10:47:31,7.05,0.0,69,48645,买盘
647,10:47:39,7.05,0.0,66,46530,买盘
648,10:47:48,7.06,0.01,49,34593,买盘
649,10:48:06,7.06,0.0,50,35300,买盘
650,10:48:15,7.07,0.01,153,108171,买盘
651,10:48:18,7.06,-0.01,92,65029,卖盘
652,10:48:24,7.07,0.01,77,54369,买盘
653,10:48:30,7.05,-0.02,100,70552,卖盘
654,10:48:33,7.07,0.02,90,63630,买盘
655,10:48:42,7.07,0.0,36,25452,买盘
656,10:48:54,7.06,-0.01,78,55068,买盘
657,10:48:57,7.08,0.02,101,71498,买盘
658,10:49:06,7.08,0.0,176,124605,买盘
659,10:49:09,7.09,0.01,103,72925,买盘
660,10:49:18,7.09,0.0,103,73027,买盘
661,10:49:24,7.09,0.0,72,51048,买盘
662,10:49:27,7.09,0.0,35,24815,卖盘
663,10:49:30,7.1,0.01,104,73776,买盘
664,10:49:39,7.1,0.0,138,97980,买盘
665,10:49:51,7.09,-0.01,121,85789,买盘
666,10:49:57,7.09,0.0,7,4963,买盘
667,10:50:06,7.1,0.01,136,96433,买盘
668,10:50:18,7.09,-0.01,65,46085,买盘
669,10:50:21,7.08,-0.01,25,17700,卖盘
670,10:50:39,7.08,0.0,53,37524,买盘
671,10:50:48,7.08,0.0,42,29736,买盘
672,10:51:00,7.08,0.0,77,54569,卖盘
673,10:51:12,7.09,0.01,117,82935,买盘
674,10:51:15,7.08,-0.01,47,33276,卖盘
675,10:51:24,7.08,0.0,31,21948,买盘
676,10:51:27,7.08,0.0,36,25488,买盘
677,10:51:49,7.07,-0.01,6,4242,卖盘
678,10:51:52,7.07,0.0,31,21917,卖盘
679,10:51:54,7.07,0.0,23,16261,卖盘
680,10:52:21,7.07,0.0,7,4949,买盘
681,10:52:54,7.07,0.0,22,15554,买盘
682,10:53:00,7.07,0.0,6,4242,买盘
683,10:53:09,7.07,0.0,47,33229,买盘
684,10:53:52,7.06,-0.01,20,14120,卖盘
685,10:54:09,7.06,0.0,1,706,卖盘
686,10:54:18,7.07,0.01,44,31108,买盘
687,10:54:27,7.07,0.0,25,17675,买盘
688,10:54:30,7.06,-0.01,40,28240,卖盘
689,10:55:42,7.05,-0.01,20,14100,卖盘
690,10:56:06,7.04,-0.01,6,4224,卖盘
691,10:56:19,7.05,0.01,3,2115,买盘
692,10:56:22,7.05,0.0,14,9870,卖盘
693,10:56:24,7.05,0.0,4,2820,卖盘
694,10:57:22,7.05,0.0,7,4935,买盘
695,10:57:30,7.05,0.0,31,21855,买盘
696,10:57:45,7.05,0.0,27,19035,买盘
697,10:57:51,7.05,0.0,50,35250,买盘
698,10:58:00,7.06,0.01,5,3530,买盘
699,10:58:15,7.05,-0.01,21,14805,卖盘
700,10:58:24,7.05,0.0,19,13395,卖盘
701,10:58:30,7.05,0.0,22,15510,卖盘
702,10:58:39,7.05,0.0,5,3525,买盘
703,10:58:42,7.04,-0.01,189,133061,卖盘
704,10:58:45,7.04,0.0,2,1408,卖盘
705,10:58:48,7.04,0.0,2,1408,买盘
706,10:59:06,7.05,0.01,34,23970,买盘
707,10:59:24,7.05,0.0,156,109980,卖盘
708,10:59:36,7.06,0.01,17,12002,买盘
709,10:59:39,7.05,-0.01,10,7050,卖盘
710,10:59:45,7.05,0.0,23,16215,卖盘
711,10:59:51,7.05,0.0,15,10575,卖盘
712,10:59:55,7.05,0.0,10,7050,卖盘
713,10:59:57,7.05,0.0,63,44415,卖盘
714,11:00:09,7.04,-0.01,26,18304,卖盘
715,11:00:18,7.04,0.0,21,14784,买盘
716,11:00:21,7.04,0.0,11,7744,卖盘
717,11:00:30,7.04,0.0,10,7040,卖盘
718,11:00:33,7.04,0.0,9,6336,卖盘
719,11:00:45,7.03,-0.01,4,2814,卖盘
720,11:00:54,7.03,0.0,1,703,卖盘
721,11:01:00,7.03,0.0,5,3515,卖盘
722,11:01:06,7.03,0.0,9,6327,卖盘
723,11:01:15,7.03,0.0,87,61161,卖盘
724,11:01:18,7.04,0.01,1,704,买盘
725,11:01:24,7.04,0.0,23,16192,买盘
726,11:01:48,7.03,-0.01,13,9139,卖盘
727,11:01:54,7.04,0.01,1,704,买盘
728,11:01:57,7.03,-0.01,103,72435,卖盘
729,11:02:00,7.04,0.01,14,9856,买盘
730,11:02:06,7.03,-0.01,116,81548,卖盘
731,11:02:15,7.02,-0.01,42,29484,卖盘
732,11:02:30,7.02,0.0,33,23166,卖盘
733,11:02:33,7.02,0.0,3,2106,卖盘
734,11:02:36,7.02,0.0,20,14040,卖盘
735,11:02:42,7.02,0.0,16,11232,卖盘
736,11:02:45,7.02,0.0,28,19656,卖盘
737,11:02:54,7.02,0.0,48,33696,卖盘
738,11:02:57,7.02,0.0,5,3510,卖盘
739,11:03:09,7.02,0.0,20,14040,卖盘
740,11:03:12,7.03,0.01,61,42883,买盘
741,11:03:16,7.03,0.0,3,2109,买盘
742,11:03:21,7.03,0.0,1,703,买盘
743,11:03:27,7.03,0.0,15,10545,买盘
744,11:03:33,7.03,0.0,6,4218,买盘
745,11:03:42,7.03,0.0,79,55537,买盘
746,11:03:45,7.02,-0.01,1,702,卖盘
747,11:03:48,7.03,0.01,195,137070,买盘
748,11:03:51,7.03,0.0,10,7030,卖盘
749,11:04:09,7.03,0.0,14,9842,卖盘
750,11:04:15,7.03,0.0,7,4921,卖盘
751,11:04:18,7.03,0.0,58,40774,卖盘
752,11:04:33,7.03,0.0,50,35150,买盘
753,11:04:36,7.03,0.0,2,1406,买盘
754,11:04:45,7.03,0.0,5,3515,买盘
755,11:04:57,7.02,-0.01,85,59670,卖盘
756,11:05:09,7.02,0.0,29,20358,卖盘
757,11:05:12,7.02,0.0,12,8424,卖盘
758,11:05:24,7.02,0.0,48,33724,卖盘
759,11:05:30,7.02,0.0,2,1404,卖盘
760,11:05:33,7.02,0.0,33,23166,卖盘
761,11:05:36,7.02,0.0,28,19656,卖盘
762,11:05:39,7.02,0.0,27,18954,卖盘
763,11:05:42,7.02,0.0,4,2808,买盘
764,11:05:52,7.01,-0.01,39,27348,卖盘
765,11:05:57,7.01,0.0,304,213104,卖盘
766,11:06:00,7.01,0.0,5,3505,卖盘
767,11:06:06,7.0,-0.01,149,104306,卖盘
768,11:06:09,7.0,0.0,100,70000,卖盘
769,11:06:12,7.0,0.0,24,16800,卖盘
770,11:06:15,6.99,-0.01,835,584435,卖盘
771,11:06:22,6.99,0.0,29,20271,卖盘
772,11:06:27,6.99,0.0,159,111141,卖盘
773,11:06:31,6.98,-0.01,144,100558,卖盘
774,11:06:36,6.98,0.0,4,2792,买盘
775,11:06:39,6.98,0.0,86,60028,卖盘
776,11:06:45,6.98,0.0,210,146606,卖盘
777,11:06:48,6.99,0.01,41,28649,买盘
778,11:06:51,6.99,0.0,8,5586,买盘
779,11:06:55,6.99,0.0,87,60813,买盘
780,11:06:58,6.98,-0.01,35,24430,卖盘
781,11:07:06,6.97,-0.01,125,87125,卖盘
782,11:07:09,6.97,0.0,22,15334,买盘
783,11:07:15,6.97,0.0,61,42458,买盘
784,11:07:18,6.96,-0.01,11,7657,卖盘
785,11:07:21,6.96,0.0,8,5568,卖盘
786,11:07:24,6.97,0.01,5,3485,买盘
787,11:07:30,6.97,0.0,38,26486,买盘
788,11:07:33,6.97,0.0,89,62033,买盘
789,11:07:36,6.97,0.0,6,4182,卖盘
790,11:07:39,6.98,0.01,152,106096,买盘
791,11:07:48,6.99,0.01,200,139800,买盘
792,11:07:51,6.98,-0.01,300,209505,卖盘
793,11:07:54,7.0,0.02,55,38450,买盘
794,11:07:57,6.99,-0.01,36,25164,卖盘
795,11:08:00,6.99,0.0,289,202023,卖盘
796,11:08:06,7.0,0.01,1,700,买盘
797,11:08:09,7.0,0.0,8,5599,买盘
798,11:08:12,7.0,0.0,65,45500,买盘
799,11:08:15,7.0,0.0,149,104263,买盘
800,11:08:18,6.98,-0.02,279,194986,卖盘
801,11:08:21,6.98,0.0,115,80270,买盘
802,11:08:24,7.0,0.02,138,96388,买盘
803,11:08:33,7.0,0.0,10,7000,买盘
804,11:08:39,7.0,0.0,52,36400,买盘
805,11:08:48,6.99,-0.01,7,4893,卖盘
806,11:08:54,7.0,0.01,16,11200,买盘
807,11:08:57,7.0,0.0,24,16800,买盘
808,11:09:00,7.0,0.0,10,7000,买盘
809,11:09:15,7.01,0.01,10,7010,买盘
810,11:09:27,7.01,0.0,1,701,买盘
811,11:09:33,7.02,0.01,10,7020,买盘
812,11:09:36,7.0,-0.02,86,60219,卖盘
813,11:09:42,7.01,0.01,5,3505,买盘
814,11:09:48,7.0,-0.01,58,40600,卖盘
815,11:09:54,7.0,0.0,22,15400,买盘
816,11:10:00,7.0,0.0,4,2800,买盘
817,11:10:04,6.99,-0.01,108,75492,卖盘
818,11:10:09,6.99,0.0,27,18873,买盘
819,11:10:12,6.98,-0.01,85,59345,卖盘
820,11:10:39,6.98,0.0,40,27920,卖盘
821,11:10:45,6.98,0.0,15,10473,卖盘
822,11:10:57,6.98,0.0,141,98476,卖盘
823,11:11:09,6.98,0.0,4,2792,卖盘
824,11:11:12,7.0,0.02,10,6995,买盘
825,11:11:27,7.0,0.0,2,1400,买盘
826,11:11:39,7.0,0.0,36,25200,买盘
827,11:11:42,7.0,0.0,10,7000,买盘
828,11:11:48,7.0,0.0,3,2100,买盘
829,11:11:57,6.99,-0.01,30,20970,卖盘
830,11:12:00,6.98,-0.01,94,65613,卖盘
831,11:12:04,6.99,0.01,23,16077,买盘
832,11:12:15,6.99,0.0,24,16776,买盘
833,11:12:18,6.99,0.0,37,25863,买盘
834,11:12:27,6.99,0.0,100,69900,卖盘
835,11:12:36,6.99,0.0,89,62211,卖盘
836,11:13:18,6.99,0.0,4,2796,卖盘
837,11:13:39,6.99,0.0,14,9786,卖盘
838,11:13:42,7.0,0.01,5,3500,买盘
839,11:13:54,7.0,0.0,20,14000,买盘
840,11:14:04,7.0,0.0,10,6995,买盘
841,11:14:06,7.0,0.0,10,7000,买盘
842,11:14:54,7.0,0.0,42,29400,买盘
843,11:14:57,7.0,0.0,1,700,买盘
844,11:15:03,7.0,0.0,60,42000,买盘
845,11:15:09,6.99,-0.01,186,130114,卖盘
846,11:15:15,7.0,0.01,1,700,买盘
847,11:15:27,7.0,0.0,14,9800,买盘
848,11:15:54,7.0,0.0,1,700,买盘
849,11:15:57,6.99,-0.01,130,90870,卖盘
850,11:16:54,6.99,0.0,8,5592,卖盘
851,11:17:03,6.99,0.0,21,14680,卖盘
852,11:17:12,6.99,0.0,2,1398,买盘
853,11:17:18,6.99,0.0,21,14679,买盘
854,11:17:21,6.98,-0.01,29,20243,卖盘
855,11:17:24,6.99,0.01,29,20271,买盘
856,11:17:27,6.99,0.0,4,2796,买盘
857,11:17:30,6.99,0.0,8,5592,买盘
858,11:17:33,6.99,0.0,4,2796,卖盘
859,11:17:39,6.99,0.0,7,4893,卖盘
860,11:17:52,6.99,0.0,10,6990,卖盘
861,11:17:54,6.99,0.0,20,13980,卖盘
862,11:18:03,7.0,0.01,40,28000,买盘
863,11:18:24,6.98,-0.02,165,115170,卖盘
864,11:18:27,6.98,0.0,5,3490,买盘
865,11:18:36,6.98,0.0,2,1396,买盘
866,11:18:39,6.98,0.0,4,2792,买盘
867,11:18:42,6.98,0.0,5,3490,买盘
868,11:18:51,6.98,0.0,23,16054,买盘
869,11:18:54,6.97,-0.01,11,7667,卖盘
870,11:18:57,6.97,0.0,12,8364,卖盘
871,11:19:04,6.98,0.01,21,14658,买盘
872,11:19:06,6.98,0.0,32,22336,卖盘
873,11:19:15,7.0,0.02,69,48300,买盘
874,11:19:33,6.98,-0.02,86,60028,卖盘
875,11:19:36,6.97,-0.01,100,69720,卖盘
876,11:19:39,6.98,0.01,6,4188,中性盘
877,11:19:45,6.98,0.0,20,13960,卖盘
878,11:19:57,6.98,0.0,51,35598,卖盘
879,11:20:12,6.97,-0.01,270,188341,卖盘
880,11:20:15,6.96,-0.01,243,169128,卖盘
881,11:20:21,6.95,-0.01,160,111200,卖盘
882,11:20:24,6.95,0.0,37,25715,卖盘
883,11:20:27,6.96,0.01,4,2784,买盘
884,11:20:30,6.95,-0.01,3,2085,卖盘
885,11:20:33,6.96,0.01,305,212006,买盘
886,11:20:39,6.96,0.0,45,31320,买盘
887,11:20:45,6.96,0.0,3,2088,卖盘
888,11:20:58,6.96,0.0,10,6960,卖盘
889,11:21:04,6.96,0.0,15,10440,卖盘
890,11:21:06,6.96,0.0,10,6960,卖盘
891,11:21:12,6.96,0.0,40,27840,卖盘
892,11:21:15,6.96,0.0,12,8352,买盘
893,11:21:18,6.96,0.0,10,6960,卖盘
894,11:21:22,6.96,0.0,10,6960,卖盘
895,11:21:27,6.96,0.0,31,21576,卖盘
896,11:21:36,6.96,0.0,7,4872,买盘
897,11:21:45,6.96,0.0,28,19488,卖盘
898,11:21:48,6.95,-0.01,28,19460,卖盘
899,11:21:51,6.96,0.01,44,30624,买盘
900,11:22:06,6.97,0.01,1,697,买盘
901,11:22:09,6.97,0.0,14,9747,买盘
902,11:22:15,6.96,-0.01,41,28573,卖盘
903,11:22:18,6.96,0.0,5,3480,卖盘
904,11:22:21,6.96,0.0,1,696,卖盘
905,11:22:30,6.97,0.01,10,6970,买盘
906,11:22:37,6.97,0.0,11,7667,买盘
907,11:22:39,6.97,0.0,159,110823,买盘
908,11:22:42,6.97,0.0,42,29250,买盘
909,11:22:45,6.97,0.0,98,68306,买盘
910,11:22:55,6.97,0.0,4,2788,买盘
911,11:22:57,6.97,0.0,58,40426,买盘
912,11:23:04,6.97,0.0,17,11849,买盘
913,11:23:51,6.97,0.0,3,2091,卖盘
914,11:24:00,6.97,0.0,20,13940,卖盘
915,11:24:04,6.98,0.01,10,6980,中性盘
916,11:24:09,6.98,0.0,1,698,买盘
917,11:24:12,6.99,0.01,79,55221,买盘
918,11:24:18,6.99,0.0,10,6990,买盘
919,11:24:24,6.99,0.0,2,1398,买盘
920,11:24:42,7.0,0.01,40,28000,买盘
921,11:24:51,6.99,-0.01,192,134213,卖盘
922,11:25:03,6.99,0.0,5,3495,买盘
923,11:25:06,7.0,0.01,78,54572,买盘
924,11:25:15,7.0,0.0,36,25200,买盘
925,11:25:22,7.0,0.0,61,42700,买盘
926,11:25:27,7.0,0.0,58,40600,买盘
927,11:25:36,7.0,0.0,9,6300,买盘
928,11:25:39,7.0,0.0,15,10500,买盘
929,11:25:42,7.0,0.0,35,24500,买盘
930,11:25:48,7.0,0.0,3,2100,卖盘
931,11:25:51,7.0,0.0,9,6300,卖盘
932,11:25:54,7.01,0.01,15,10515,买盘
933,11:26:00,7.0,-0.01,3,2100,卖盘
934,11:26:04,7.0,0.0,51,35700,卖盘
935,11:26:06,7.0,0.0,5,3500,买盘
936,11:26:21,7.0,0.0,3,2100,买盘
937,11:26:30,7.0,0.0,6,4200,买盘
938,11:26:33,6.99,-0.01,100,69900,卖盘
939,11:26:36,7.0,0.01,55,38500,买盘
940,11:26:42,6.99,-0.01,12,8388,卖盘
941,11:26:54,7.0,0.01,1,700,买盘
942,11:26:57,6.99,-0.01,4,2796,卖盘
943,11:27:15,7.0,0.01,100,70000,买盘
944,11:27:30,6.99,-0.01,1,699,卖盘
945,11:27:51,7.0,0.01,10,7000,买盘
946,11:28:15,7.0,0.0,27,18900,买盘
947,11:28:27,7.0,0.0,60,42000,买盘
948,11:28:30,7.0,0.0,2,1400,买盘
949,11:28:46,7.0,0.0,21,14700,买盘
950,11:29:15,7.03,0.03,200,140321,买盘
951,11:29:24,7.0,-0.03,10,7000,卖盘
952,11:29:34,7.03,0.03,100,70300,买盘
953,11:29:54,7.0,-0.03,68,47628,卖盘
954,13:00:04,7.0,0.0,68,47683,卖盘
955,13:00:06,7.02,0.02,1,702,买盘
956,13:00:10,7.01,-0.01,7,4907,卖盘
957,13:00:24,7.02,0.01,23,16146,买盘
958,13:00:27,7.01,-0.01,13,9113,卖盘
959,13:00:30,7.01,0.0,34,23834,买盘
960,13:01:06,7.01,0.0,1,701,卖盘
961,13:01:15,7.01,0.0,17,11917,卖盘
962,13:01:18,7.01,0.0,11,7711,买盘
963,13:01:21,7.01,0.0,10,7010,买盘
964,13:01:30,7.01,0.0,5,3505,买盘
965,13:01:54,7.0,-0.01,20,14004,卖盘
966,13:03:30,7.0,0.0,4,2800,卖盘
967,13:03:54,7.0,0.0,15,10500,卖盘
968,13:04:00,7.0,0.0,63,44100,卖盘
969,13:04:18,6.99,-0.01,35,24465,卖盘
970,13:04:57,6.99,0.0,62,43338,卖盘
971,13:05:00,6.99,0.0,2,1398,买盘
972,13:05:04,6.99,0.0,13,9087,买盘
973,13:05:21,6.98,-0.01,5,3490,卖盘
974,13:05:54,6.98,0.0,3,2094,卖盘
975,13:06:04,6.98,0.0,8,5584,卖盘
976,13:06:36,6.98,0.0,45,31410,卖盘
977,13:06:39,6.98,0.0,24,16752,卖盘
978,13:07:00,6.98,0.0,6,4188,卖盘
979,13:07:57,6.98,0.0,30,20940,卖盘
980,13:08:00,6.99,0.01,3,2097,买盘
981,13:08:04,6.98,-0.01,21,14658,卖盘
982,13:08:25,6.98,0.0,80,55840,卖盘
983,13:08:30,6.99,0.01,2,1398,买盘
984,13:08:36,6.98,-0.01,20,13960,卖盘
985,13:08:48,6.99,0.01,4,2796,买盘
986,13:09:00,6.98,-0.01,91,63518,卖盘
987,13:09:06,6.97,-0.01,1,697,卖盘
988,13:09:09,6.97,0.0,100,69700,卖盘
989,13:09:18,6.97,0.0,3,2091,卖盘
990,13:09:21,6.97,0.0,14,9758,卖盘
991,13:09:27,6.96,-0.01,14,9744,卖盘
992,13:09:36,6.96,0.0,4,2784,卖盘
993,13:09:51,6.96,0.0,50,34800,卖盘
994,13:09:54,6.96,0.0,164,114144,卖盘
995,13:09:57,6.96,0.0,5,3480,买盘
996,13:10:03,6.96,0.0,177,123182,买盘
997,13:10:09,6.96,0.0,3,2088,卖盘
998,13:10:12,6.97,0.01,10,6970,买盘
999,13:10:30,6.98,0.01,6,4188,买盘
1000,13:10:54,6.97,-0.01,35,24395,卖盘
1001,13:10:57,6.97,0.0,22,15334,卖盘
1002,13:11:04,6.96,-0.01,8,5569,卖盘
1003,13:11:06,6.96,0.0,5,3480,卖盘
1004,13:11:09,6.96,0.0,2,1392,卖盘
1005,13:11:12,6.96,0.0,11,7656,卖盘
1006,13:11:15,6.96,0.0,12,8352,卖盘
1007,13:11:18,6.96,0.0,54,37584,卖盘
1008,13:11:21,6.96,0.0,14,9744,卖盘
1009,13:11:33,6.96,0.0,536,372652,卖盘
1010,13:11:36,6.95,-0.01,6,4170,卖盘
1011,13:11:45,6.95,0.0,1,695,买盘
1012,13:11:54,6.94,-0.01,7,4858,卖盘
1013,13:12:00,6.95,0.01,5,3475,买盘
1014,13:12:12,6.95,0.0,1,695,买盘
1015,13:12:15,6.95,0.0,39,27105,卖盘
1016,13:12:21,6.95,0.0,6,4170,买盘
1017,13:12:24,6.95,0.0,8,5560,买盘
1018,13:12:27,6.95,0.0,12,8340,买盘
1019,13:12:39,6.95,0.0,10,6950,买盘
1020,13:12:42,6.94,-0.01,39,27066,卖盘
1021,13:12:48,6.95,0.01,8,5560,买盘
1022,13:12:55,6.95,0.0,5,3475,买盘
1023,13:12:58,6.95,0.0,7,4865,买盘
1024,13:13:04,6.95,0.0,22,15290,买盘
1025,13:13:06,6.95,0.0,2,1390,买盘
1026,13:13:12,6.95,0.0,31,21545,买盘
1027,13:13:15,6.95,0.0,12,8340,买盘
1028,13:13:18,6.94,-0.01,8,5557,卖盘
1029,13:13:21,6.95,0.01,36,25020,买盘
1030,13:13:24,6.95,0.0,101,70195,买盘
1031,13:13:27,6.95,0.0,196,136220,买盘
1032,13:13:33,6.95,0.0,23,15985,卖盘
1033,13:13:39,6.95,0.0,2,1390,买盘
1034,13:13:51,6.95,0.0,13,9047,卖盘
1035,13:13:57,6.96,0.01,7,4872,买盘
1036,13:14:04,6.96,0.0,3,2088,买盘
1037,13:14:06,6.96,0.0,2,1392,卖盘
1038,13:14:18,6.96,0.0,49,34077,买盘
1039,13:14:42,6.96,0.0,3,2088,买盘
1040,13:14:54,6.96,0.0,20,13920,买盘
1041,13:15:04,6.96,0.0,2,1392,买盘
1042,13:15:15,6.96,0.0,14,9734,买盘
1043,13:15:27,6.96,0.0,15,10440,买盘
1044,13:15:30,6.96,0.0,1,696,买盘
1045,13:15:39,6.96,0.0,3,2088,买盘
1046,13:15:45,6.96,0.0,1,696,买盘
1047,13:15:54,6.96,0.0,114,79344,买盘
1048,13:16:03,6.95,-0.01,7,4865,卖盘
1049,13:16:06,6.96,0.01,13,9048,买盘
1050,13:16:16,6.95,-0.01,15,10425,卖盘
1051,13:16:21,6.95,0.0,29,20155,卖盘
1052,13:16:24,6.95,0.0,44,30580,卖盘
1053,13:16:54,6.95,0.0,58,40310,卖盘
1054,13:17:12,6.95,0.0,112,77840,卖盘
1055,13:17:15,6.96,0.01,100,69600,买盘
1056,13:17:21,6.96,0.0,8,5568,买盘
1057,13:17:30,6.96,0.0,6,4176,买盘
1058,13:17:39,6.95,-0.01,5,3475,卖盘
1059,13:17:48,6.96,0.01,66,45936,买盘
1060,13:18:00,6.97,0.01,1,697,买盘
1061,13:18:09,6.97,0.0,2,1394,买盘
1062,13:18:19,6.97,0.0,10,6970,买盘
1063,13:18:24,6.96,-0.01,44,30624,卖盘
1064,13:18:33,6.97,0.01,4,2788,买盘
1065,13:18:39,6.96,-0.01,7,4872,卖盘
1066,13:18:51,6.97,0.01,1,697,买盘
1067,13:19:24,6.96,-0.01,66,45936,卖盘
1068,13:19:39,6.96,0.0,39,27144,卖盘
1069,13:19:45,6.96,0.0,1,696,卖盘
1070,13:19:48,6.96,0.0,19,13229,卖盘
1071,13:20:21,6.96,0.0,20,13920,卖盘
1072,13:20:24,6.96,0.0,64,44544,卖盘
1073,13:20:27,6.96,0.0,40,27840,卖盘
1074,13:20:39,6.96,0.0,24,16704,卖盘
1075,13:21:00,6.96,0.0,40,27840,卖盘
1076,13:21:04,6.97,0.01,1,697,买盘
1077,13:21:12,6.97,0.0,67,46656,买盘
1078,13:21:33,6.97,0.0,11,7667,买盘
1079,13:21:48,6.97,0.0,66,46002,买盘
1080,13:21:54,6.97,0.0,30,20910,买盘
1081,13:22:06,6.97,0.0,19,13235,买盘
1082,13:22:18,6.97,0.0,52,36244,买盘
1083,13:22:24,6.97,0.0,27,18819,卖盘
1084,13:22:30,6.97,0.0,22,15334,卖盘
1085,13:22:48,6.97,0.0,30,20910,卖盘
1086,13:22:54,6.97,0.0,67,46699,卖盘
1087,13:23:16,6.98,0.01,10,6980,买盘
1088,13:23:21,6.98,0.0,10,6980,买盘
1089,13:23:24,6.97,-0.01,20,13940,卖盘
1090,13:23:27,6.98,0.01,3,2094,买盘
1091,13:23:36,6.98,0.0,70,48860,买盘
1092,13:23:39,6.98,0.0,9,6282,买盘
1093,13:23:42,6.98,0.0,3,2094,买盘
1094,13:23:46,6.98,0.0,1,698,买盘
1095,13:23:49,6.98,0.0,4,2792,买盘
1096,13:23:51,6.98,0.0,7,4886,买盘
1097,13:23:54,6.98,0.0,15,10470,买盘
1098,13:24:00,6.98,0.0,63,43974,买盘
1099,13:24:03,6.98,0.0,17,11866,买盘
1100,13:24:06,6.98,0.0,26,18148,买盘
1101,13:24:15,6.98,0.0,1,698,买盘
1102,13:24:27,6.98,0.0,8,5584,买盘
1103,13:24:30,6.98,0.0,8,5584,买盘
1104,13:24:33,6.97,-0.01,21,14639,卖盘
1105,13:24:57,6.99,0.02,110,76890,买盘
1106,13:25:04,6.99,0.0,50,34950,买盘
1107,13:25:06,6.99,0.0,14,9786,买盘
1108,13:25:15,7.0,0.01,22,15400,买盘
1109,13:25:25,7.0,0.0,176,123200,买盘
1110,13:25:33,7.0,0.0,2,1400,卖盘
1111,13:25:36,7.01,0.01,5,3505,买盘
1112,13:25:39,7.01,0.0,19,13319,买盘
1113,13:25:45,7.01,0.0,2,1402,买盘
1114,13:25:54,7.01,0.0,2,1402,买盘
1115,13:25:57,7.01,0.0,13,9113,卖盘
1116,13:26:01,7.02,0.01,19,13324,买盘
1117,13:26:04,7.01,-0.01,35,24535,卖盘
1118,13:26:06,7.01,0.0,7,4907,卖盘
1119,13:26:09,7.01,0.0,164,115123,卖盘
1120,13:26:12,7.01,0.0,57,39957,卖盘
1121,13:26:18,7.02,0.01,7,4914,买盘
1122,13:26:21,7.02,0.0,79,55458,卖盘
1123,13:26:27,7.02,0.0,10,7020,买盘
1124,13:26:33,7.02,0.0,65,45630,买盘
1125,13:26:54,7.03,0.01,170,119386,买盘
1126,13:27:30,7.02,-0.01,2,1404,买盘
1127,13:27:33,7.01,-0.01,79,55379,卖盘
1128,13:27:45,7.0,-0.01,51,35700,卖盘
1129,13:28:06,7.0,0.0,2,1400,买盘
1130,13:28:09,7.0,0.0,2,1400,买盘
1131,13:28:18,7.0,0.0,9,6300,买盘
1132,13:28:22,7.0,0.0,30,21000,买盘
1133,13:28:24,6.99,-0.01,90,62993,卖盘
1134,13:28:27,7.0,0.01,86,60130,买盘
1135,13:28:36,7.0,0.0,83,58100,买盘
1136,13:28:39,7.0,0.0,84,58800,买盘
1137,13:28:45,6.99,-0.01,7,4893,卖盘
1138,13:28:51,6.99,0.0,8,5592,买盘
1139,13:28:54,6.99,0.0,11,7689,买盘
1140,13:29:06,7.0,0.01,83,58049,买盘
1141,13:29:09,7.0,0.0,167,116900,买盘
1142,13:29:13,7.0,0.0,84,58800,买盘
1143,13:29:15,7.0,0.0,83,58100,买盘
1144,13:29:19,7.01,0.01,84,58825,买盘
1145,13:29:30,7.01,0.0,83,58183,买盘
1146,13:29:33,7.01,0.0,84,58884,买盘
1147,13:29:40,7.01,0.0,161,112861,买盘
1148,13:29:43,7.01,0.0,118,82718,买盘
1149,13:30:00,7.01,0.0,89,62388,买盘
1150,13:30:04,7.01,0.0,176,123376,买盘
1151,13:30:06,7.01,0.0,176,123376,买盘
1152,13:30:09,7.01,0.0,88,61688,买盘
1153,13:30:12,7.01,0.0,88,61688,买盘
1154,13:30:15,7.01,0.0,88,61688,买盘
1155,13:30:33,7.01,0.0,88,61603,买盘
1156,13:30:36,7.0,-0.01,33,23100,卖盘
1157,13:30:39,7.01,0.01,98,68698,买盘
1158,13:30:42,7.01,0.0,89,62389,买盘
1159,13:30:54,7.01,0.0,415,290765,买盘
1160,13:30:57,7.0,-0.01,66,46200,卖盘
1161,13:31:00,7.0,0.0,99,69300,买盘
1162,13:31:15,6.99,-0.01,85,59415,卖盘
1163,13:31:24,7.0,0.01,13,9098,买盘
1164,13:31:48,7.0,0.0,327,228600,买盘
1165,13:32:15,7.0,0.0,3,2100,买盘
1166,13:32:24,6.99,-0.01,61,42639,卖盘
1167,13:32:39,6.98,-0.01,5,3490,卖盘
1168,13:32:42,6.99,0.01,93,64921,买盘
1169,13:32:58,6.99,0.0,5,3495,买盘
1170,13:33:04,6.99,0.0,23,16077,买盘
1171,13:33:12,6.99,0.0,4,2796,买盘
1172,13:33:33,6.98,-0.01,16,11168,卖盘
1173,13:34:06,6.98,0.0,2,1396,卖盘
1174,13:34:24,6.99,0.01,100,69900,买盘
1175,13:35:04,6.99,0.0,1,699,买盘
1176,13:35:06,6.98,-0.01,10,6980,卖盘
1177,13:35:09,6.98,0.0,3,2094,卖盘
1178,13:35:36,6.98,0.0,21,14658,卖盘
1179,13:35:57,6.98,0.0,47,32806,卖盘
1180,13:36:15,6.98,0.0,53,36994,卖盘
1181,13:36:21,6.98,0.0,30,20940,卖盘
1182,13:36:48,6.98,0.0,20,13960,卖盘
1183,13:36:51,6.98,0.0,41,28618,卖盘
1184,13:36:54,6.98,0.0,29,20242,卖盘
1185,13:36:57,6.98,0.0,34,23732,卖盘
1186,13:37:00,6.98,0.0,20,13960,卖盘
1187,13:37:03,6.98,0.0,15,10470,卖盘
1188,13:37:06,6.98,0.0,29,20242,卖盘
1189,13:37:12,6.98,0.0,20,13960,买盘
1190,13:37:18,6.98,0.0,6,4188,买盘
1191,13:37:21,6.98,0.0,2,1396,买盘
1192,13:37:55,6.97,-0.01,17,11849,卖盘
1193,13:38:01,6.97,0.0,94,65518,卖盘
1194,13:38:09,6.97,0.0,67,46699,卖盘
1195,13:38:30,6.96,-0.01,48,33408,卖盘
1196,13:38:42,6.97,0.01,2,1394,买盘
1197,13:38:48,6.97,0.0,195,135915,买盘
1198,13:38:51,6.96,-0.01,16,11136,卖盘
1199,13:39:00,6.97,0.01,23,16031,买盘
1200,13:39:06,6.96,-0.01,7,4872,卖盘
1201,13:39:15,6.96,0.0,30,20880,卖盘
1202,13:39:19,6.96,0.0,33,22968,卖盘
1203,13:39:48,6.96,0.0,30,20880,卖盘
1204,13:39:51,6.97,0.01,54,37638,买盘
1205,13:39:57,6.96,-0.01,355,247080,卖盘
1206,13:40:00,6.96,0.0,68,47328,买盘
1207,13:40:06,6.96,0.0,50,34800,买盘
1208,13:40:12,6.96,0.0,4,2784,买盘
1209,13:40:15,6.96,0.0,23,16008,买盘
1210,13:40:21,6.97,0.01,1,697,买盘
1211,13:40:24,6.97,0.0,32,22304,买盘
1212,13:40:30,6.97,0.0,1,697,买盘
1213,13:40:39,6.97,0.0,70,48859,卖盘
1214,13:40:42,6.98,0.01,11,7678,买盘
1215,13:40:45,6.98,0.0,58,40484,买盘
1216,13:41:15,6.98,0.0,1,698,卖盘
1217,13:41:18,6.98,0.0,89,62122,卖盘
1218,13:41:21,6.98,0.0,18,12564,卖盘
1219,13:41:25,6.98,0.0,25,17450,卖盘
1220,13:41:28,6.98,0.0,9,6282,卖盘
1221,13:41:31,6.99,0.01,121,84575,买盘
1222,13:41:33,6.99,0.0,8,5592,卖盘
1223,13:41:36,6.99,0.0,13,9087,卖盘
1224,13:41:39,6.99,0.0,13,9087,卖盘
1225,13:41:42,6.99,0.0,12,8388,卖盘
1226,13:41:45,6.99,0.0,403,282057,卖盘
1227,13:41:48,6.99,0.0,64,44736,卖盘
1228,13:41:51,6.99,0.0,17,11883,卖盘
1229,13:41:54,6.99,0.0,3,2097,卖盘
1230,13:41:57,6.99,0.0,3,2097,卖盘
1231,13:42:00,6.99,0.0,32,22368,卖盘
1232,13:42:18,6.99,0.0,4,2796,买盘
1233,13:42:24,6.98,-0.01,3,2094,卖盘
1234,13:42:33,6.98,0.0,20,13960,卖盘
1235,13:43:00,6.98,0.0,10,6980,卖盘
1236,13:43:09,6.98,0.0,3,2094,卖盘
1237,13:43:24,6.99,0.01,3,2097,买盘
1238,13:43:27,6.99,0.0,2,1398,买盘
1239,13:43:33,6.99,0.0,71,49629,买盘
1240,13:43:40,6.99,0.0,65,45435,买盘
1241,13:43:48,6.99,0.0,96,67104,买盘
1242,13:44:00,6.99,0.0,45,31455,买盘
1243,13:44:45,6.99,0.0,32,22368,买盘
1244,13:44:48,6.99,0.0,4,2796,买盘
1245,13:45:13,6.98,-0.01,3,2094,卖盘
1246,13:45:15,6.99,0.01,3,2097,买盘
1247,13:45:21,6.98,-0.01,25,17450,卖盘
1248,13:45:36,6.97,-0.01,20,13940,卖盘
1249,13:46:04,6.97,0.0,7,4879,卖盘
1250,13:46:15,6.97,0.0,2,1394,卖盘
1251,13:46:18,6.97,0.0,40,27880,卖盘
1252,13:46:21,6.97,0.0,11,7667,卖盘
1253,13:46:24,6.97,0.0,22,15334,卖盘
1254,13:46:27,6.97,0.0,13,9061,卖盘
1255,13:46:30,6.97,0.0,23,16031,卖盘
1256,13:46:33,6.97,0.0,15,10455,卖盘
1257,13:46:51,6.97,0.0,1,697,买盘
1258,13:47:00,6.96,-0.01,58,40368,卖盘
1259,13:47:06,6.96,0.0,7,4872,卖盘
1260,13:47:09,6.96,0.0,75,52200,卖盘
1261,13:47:15,6.96,0.0,5,3480,卖盘
1262,13:48:30,6.96,0.0,1,696,卖盘
1263,13:48:33,6.96,0.0,51,35496,卖盘
1264,13:48:36,6.96,0.0,2,1392,卖盘
1265,13:48:45,6.96,0.0,1,696,买盘
1266,13:48:54,6.95,-0.01,239,166105,卖盘
1267,13:49:04,6.95,0.0,114,79230,卖盘
1268,13:49:12,6.95,0.0,34,23630,卖盘
1269,13:49:18,6.96,0.01,38,26448,买盘
1270,13:49:31,6.96,0.0,2,1392,卖盘
1271,13:49:33,6.96,0.0,5,3484,卖盘
1272,13:49:39,6.96,0.0,74,51504,卖盘
1273,13:49:42,6.96,0.0,44,30624,卖盘
1274,13:49:45,6.96,0.0,36,25056,卖盘
1275,13:49:51,6.96,0.0,1,696,卖盘
1276,13:49:54,6.96,0.0,1,696,卖盘
1277,13:50:00,6.96,0.0,36,25056,卖盘
1278,13:50:12,6.96,0.0,20,13920,卖盘
1279,13:50:30,6.96,0.0,36,25056,卖盘
1280,13:50:37,6.97,0.01,26,18122,买盘
1281,13:50:57,6.96,-0.01,32,22272,卖盘
1282,13:51:04,6.97,0.01,75,52275,买盘
1283,13:51:06,6.96,-0.01,36,25056,卖盘
1284,13:51:09,6.97,0.01,20,13940,买盘
1285,13:51:37,6.96,-0.01,46,32026,卖盘
1286,13:51:48,6.97,0.01,10,6970,买盘
1287,13:51:51,6.97,0.0,4,2788,卖盘
1288,13:51:54,6.97,0.0,49,34153,卖盘
1289,13:52:12,6.97,0.0,1,697,买盘
1290,13:52:18,6.96,-0.01,5,3480,卖盘
1291,13:52:30,6.96,0.0,6,4176,卖盘
1292,13:52:42,6.97,0.01,7,4879,买盘
1293,13:52:45,6.97,0.0,3,2091,卖盘
1294,13:52:48,6.97,0.0,11,7667,卖盘
1295,13:52:51,6.97,0.0,2,1394,卖盘
1296,13:52:54,6.97,0.0,3,2091,卖盘
1297,13:52:57,6.97,0.0,3,2091,卖盘
1298,13:53:00,6.97,0.0,3,2091,卖盘
1299,13:53:06,6.97,0.0,11,7667,卖盘
1300,13:53:09,6.97,0.0,8,5576,卖盘
1301,13:53:12,6.97,0.0,10,6970,卖盘
1302,13:53:15,6.97,0.0,3,2091,卖盘
1303,13:53:18,6.97,0.0,4,2788,卖盘
1304,13:53:21,6.97,0.0,7,4879,卖盘
1305,13:53:24,6.97,0.0,4,2788,卖盘
1306,13:53:27,6.97,0.0,20,13940,卖盘
1307,13:53:31,6.97,0.0,8,5576,卖盘
1308,13:53:33,6.97,0.0,8,5576,卖盘
1309,13:53:36,6.97,0.0,7,4879,卖盘
1310,13:53:39,6.97,0.0,10,6970,卖盘
1311,13:53:42,6.97,0.0,7,4879,卖盘
1312,13:53:45,6.97,0.0,8,5576,卖盘
1313,13:53:48,6.97,0.0,11,7667,卖盘
1314,13:53:52,6.97,0.0,9,6273,卖盘
1315,13:53:54,6.97,0.0,6,4182,卖盘
1316,13:53:57,6.97,0.0,7,4879,卖盘
1317,13:54:00,6.97,0.0,5,3485,卖盘
1318,13:54:04,6.97,0.0,4,2788,卖盘
1319,13:54:06,6.96,-0.01,4,2787,卖盘
1320,13:54:21,6.96,0.0,5,3480,卖盘
1321,13:54:24,6.98,0.02,3,2090,买盘
1322,13:54:27,6.96,-0.02,1,696,卖盘
1323,13:54:42,6.96,0.0,95,66120,卖盘
1324,13:55:24,6.96,0.0,22,15312,买盘
1325,13:55:27,6.96,0.0,4,2784,买盘
1326,13:55:39,6.96,0.0,26,18096,买盘
1327,13:56:01,6.96,0.0,6,4176,卖盘
1328,13:56:06,6.96,0.0,67,46697,卖盘
1329,13:56:12,6.97,0.01,18,12545,买盘
1330,13:56:15,6.97,0.0,1,697,卖盘
1331,13:56:18,6.97,0.0,3,2091,卖盘
1332,13:56:21,6.96,-0.01,90,62816,卖盘
1333,13:56:25,6.97,0.01,2,1394,卖盘
1334,13:56:28,6.97,0.0,2,1394,卖盘
1335,13:56:30,6.97,0.0,4,2788,卖盘
1336,13:56:33,6.97,0.0,2,1394,卖盘
1337,13:56:39,6.97,0.0,5,3485,卖盘
1338,13:56:42,6.96,-0.01,4,2784,卖盘
1339,13:56:45,6.96,0.0,4,2784,卖盘
1340,13:56:48,6.96,0.0,9,6269,卖盘
1341,13:56:51,6.96,0.0,3,2088,卖盘
1342,13:56:54,6.96,0.0,4,2784,卖盘
1343,13:56:57,6.96,0.0,4,2784,卖盘
1344,13:57:00,6.96,0.0,2,1392,卖盘
1345,13:57:06,6.97,0.01,5,3481,买盘
1346,13:57:09,6.96,-0.01,3,2088,卖盘
1347,13:57:12,6.96,0.0,4,2784,卖盘
1348,13:57:15,6.96,0.0,5,3480,卖盘
1349,13:57:18,6.96,0.0,5,3480,卖盘
1350,13:57:21,6.96,0.0,3,2088,卖盘
1351,13:57:24,6.96,0.0,15,10440,卖盘
1352,13:57:27,6.96,0.0,80,55725,卖盘
1353,13:57:30,6.97,0.01,3,2091,买盘
1354,13:57:42,6.97,0.0,2,1394,买盘
1355,13:57:48,6.97,0.0,17,11849,买盘
1356,13:57:51,6.97,0.0,2,1394,买盘
1357,13:57:54,6.97,0.0,2,1394,买盘
1358,13:58:00,6.96,-0.01,2,1392,卖盘
1359,13:58:03,6.97,0.01,10,6970,买盘
1360,13:58:18,6.97,0.0,12,8364,买盘
1361,13:58:24,6.96,-0.01,15,10440,卖盘
1362,13:58:42,6.97,0.01,2,1394,买盘
1363,13:58:54,6.97,0.0,65,45305,买盘
1364,13:59:09,6.96,-0.01,10,6960,卖盘
1365,13:59:21,6.96,0.0,20,13920,卖盘
1366,13:59:27,6.96,0.0,5,3480,卖盘
1367,13:59:45,6.96,0.0,114,79344,卖盘
1368,13:59:57,6.95,-0.01,10,6950,卖盘
1369,14:00:03,6.96,0.01,15,10440,买盘
1370,14:00:12,6.96,0.0,60,41760,买盘
1371,14:00:15,6.96,0.0,10,6960,买盘
1372,14:00:18,6.96,0.0,12,8352,买盘
1373,14:00:24,6.96,0.0,1,696,卖盘
1374,14:00:27,6.96,0.0,1,696,卖盘
1375,14:00:30,6.97,0.01,59,41119,买盘
1376,14:00:36,6.97,0.0,13,9060,买盘
1377,14:00:39,6.97,0.0,1,697,卖盘
1378,14:00:42,6.97,0.0,8,5576,卖盘
1379,14:00:48,6.96,-0.01,48,33425,卖盘
1380,14:00:51,6.96,0.0,1,696,卖盘
1381,14:00:54,6.96,0.0,1,696,卖盘
1382,14:00:57,6.96,0.0,1,696,卖盘
1383,14:01:00,6.96,0.0,1,696,卖盘
1384,14:01:04,6.96,0.0,1,696,卖盘
1385,14:01:06,6.96,0.0,10,6960,卖盘
1386,14:01:21,6.96,0.0,18,12528,买盘
1387,14:01:31,6.97,0.01,12,8364,买盘
1388,14:01:33,6.97,0.0,42,29274,买盘
1389,14:01:51,6.98,0.01,13,9074,买盘
1390,14:01:54,6.97,-0.01,217,151396,卖盘
1391,14:01:57,6.98,0.01,1,698,买盘
1392,14:02:00,6.98,0.0,275,191950,买盘
1393,14:02:10,6.99,0.01,46,32154,买盘
1394,14:02:15,6.99,0.0,3,2097,买盘
1395,14:02:21,6.99,0.0,6,4194,买盘
1396,14:02:24,6.99,0.0,12,8388,买盘
1397,14:02:30,7.0,0.01,71,49646,买盘
1398,14:02:33,6.99,-0.01,10,6990,卖盘
1399,14:02:36,6.99,0.0,9,6291,卖盘
1400,14:02:39,6.99,0.0,14,9796,卖盘
1401,14:02:45,7.0,0.01,19,13300,买盘
1402,14:02:51,6.99,-0.01,35,24465,卖盘
1403,14:02:54,7.0,0.01,2,1400,买盘
1404,14:03:00,7.0,0.0,22,15400,买盘
1405,14:03:04,6.99,-0.01,39,27261,卖盘
1406,14:03:06,7.0,0.01,26,18200,买盘
1407,14:03:21,7.0,0.0,45,31500,买盘
1408,14:03:24,7.0,0.0,7,4900,买盘
1409,14:03:30,7.0,0.0,21,14700,买盘
1410,14:03:33,7.0,0.0,2,1400,买盘
1411,14:03:36,7.0,0.0,94,65800,买盘
1412,14:03:48,7.0,0.0,16,11200,卖盘
1413,14:03:51,7.01,0.01,6,4205,买盘
1414,14:03:54,7.0,-0.01,3,2100,卖盘
1415,14:04:00,7.01,0.01,59,41306,买盘
1416,14:04:03,7.0,-0.01,1,700,卖盘
1417,14:04:12,7.0,0.0,57,39900,卖盘
1418,14:04:15,7.0,0.0,9,6300,卖盘
1419,14:04:18,7.0,0.0,51,35702,卖盘
1420,14:04:21,7.0,0.0,219,153474,卖盘
1421,14:04:27,7.0,0.0,1,700,卖盘
1422,14:04:36,7.0,0.0,1,700,卖盘
1423,14:04:54,7.0,0.0,12,8400,卖盘
1424,14:05:04,7.0,0.0,50,35029,卖盘
1425,14:05:21,7.01,0.01,29,20329,买盘
1426,14:05:24,7.0,-0.01,4,2800,卖盘
1427,14:05:27,7.0,0.0,14,9810,卖盘
1428,14:05:39,7.0,0.0,38,26600,卖盘
1429,14:05:42,7.0,0.0,3,2100,卖盘
1430,14:05:45,7.0,0.0,8,5600,卖盘
1431,14:05:48,7.0,0.0,5,3500,卖盘
1432,14:05:51,7.0,0.0,14,9800,卖盘
1433,14:05:54,7.0,0.0,6,4200,卖盘
1434,14:05:57,7.0,0.0,4,2800,卖盘
1435,14:06:00,7.0,0.0,2,1400,卖盘
1436,14:06:04,7.0,0.0,4,2800,卖盘
1437,14:06:09,7.0,0.0,3,2100,卖盘
1438,14:06:12,7.0,0.0,2,1400,卖盘
1439,14:06:15,7.0,0.0,5,3500,卖盘
1440,14:06:18,7.0,0.0,7,4900,卖盘
1441,14:06:21,7.0,0.0,16,11200,卖盘
1442,14:06:24,7.0,0.0,1,700,卖盘
1443,14:06:27,7.0,0.0,1,700,卖盘
1444,14:06:30,7.0,0.0,37,25900,卖盘
1445,14:06:39,7.0,0.0,19,13300,买盘
1446,14:06:42,7.0,0.0,1,700,卖盘
1447,14:06:45,7.0,0.0,8,5600,卖盘
1448,14:06:51,7.0,0.0,1,700,卖盘
1449,14:06:54,7.0,0.0,49,34300,卖盘
1450,14:07:13,6.99,-0.01,145,101355,卖盘
1451,14:07:15,6.98,-0.01,1,698,卖盘
1452,14:07:18,6.98,0.0,1,698,卖盘
1453,14:07:21,6.98,0.0,1,698,卖盘
1454,14:07:24,6.98,0.0,1,698,卖盘
1455,14:07:27,6.98,0.0,1,698,卖盘
1456,14:07:30,6.98,0.0,5,3491,卖盘
1457,14:07:33,6.98,0.0,6,4188,卖盘
1458,14:07:54,6.97,-0.01,80,55760,卖盘
1459,14:07:57,6.97,0.0,1,697,买盘
1460,14:08:00,6.97,0.0,5,3485,买盘
1461,14:08:06,6.97,0.0,10,6970,买盘
1462,14:08:09,6.97,0.0,1,697,买盘
1463,14:08:13,6.97,0.0,3,2091,买盘
1464,14:08:15,6.96,-0.01,128,89088,卖盘
1465,14:08:30,6.96,0.0,100,69600,买盘
1466,14:08:36,6.95,-0.01,231,160546,卖盘
1467,14:08:39,6.96,0.01,5,3480,买盘
1468,14:08:54,6.95,-0.01,115,79925,卖盘
1469,14:09:12,6.96,0.01,36,25056,买盘
1470,14:09:15,6.95,-0.01,115,79925,卖盘
1471,14:09:18,6.96,0.01,48,33408,买盘
1472,14:09:21,6.96,0.0,38,26448,买盘
1473,14:09:33,6.96,0.0,16,11136,买盘
1474,14:09:39,6.96,0.0,8,5568,买盘
1475,14:09:42,6.96,0.0,79,54984,买盘
1476,14:09:45,6.96,0.0,8,5568,卖盘
1477,14:09:58,6.96,0.0,5,3480,卖盘
1478,14:10:06,6.97,0.01,7,4879,买盘
1479,14:10:18,6.96,-0.01,199,138504,卖盘
1480,14:10:21,6.97,0.01,4,2788,卖盘
1481,14:10:24,6.97,0.0,12,8364,卖盘
1482,14:10:27,6.97,0.0,10,6970,卖盘
1483,14:10:30,6.97,0.0,7,4879,卖盘
1484,14:10:34,6.97,0.0,11,7667,卖盘
1485,14:10:36,6.97,0.0,7,4879,卖盘
1486,14:10:39,6.97,0.0,21,14642,卖盘
1487,14:10:42,6.97,0.0,5,3485,卖盘
1488,14:10:45,6.97,0.0,3,2091,卖盘
1489,14:10:48,6.97,0.0,2,1394,卖盘
1490,14:10:51,6.98,0.01,75,52350,买盘
1491,14:11:03,6.98,0.0,2,1396,买盘
1492,14:11:06,6.98,0.0,2,1396,卖盘
1493,14:11:10,6.99,0.01,106,74088,买盘
1494,14:11:12,6.98,-0.01,2,1396,卖盘
1495,14:11:15,6.99,0.01,19,13278,买盘
1496,14:11:18,6.98,-0.01,1,698,卖盘
1497,14:11:21,6.98,0.0,2,1396,卖盘
1498,14:11:24,6.98,0.0,1,698,卖盘
1499,14:11:27,6.98,0.0,1,698,卖盘
1500,14:11:30,6.97,-0.01,1,697,卖盘
1501,14:11:33,6.97,0.0,1,697,卖盘
1502,14:11:36,6.98,0.01,28,19544,买盘
1503,14:11:40,6.98,0.0,20,13960,卖盘
1504,14:11:42,6.98,0.0,19,13262,卖盘
1505,14:11:45,6.98,0.0,41,28618,卖盘
1506,14:11:48,6.98,0.0,27,18838,买盘
1507,14:11:54,6.98,0.0,17,11864,买盘
1508,14:11:57,6.97,-0.01,4,2788,卖盘
1509,14:12:04,6.97,0.0,1,697,卖盘
1510,14:12:07,6.98,0.01,41,28618,买盘
1511,14:12:09,6.98,0.0,37,25826,卖盘
1512,14:12:13,6.98,0.0,18,12564,卖盘
1513,14:12:15,6.98,0.0,6,4188,卖盘
1514,14:12:18,6.98,0.0,8,5581,买盘
1515,14:12:24,6.97,-0.01,1,697,卖盘
1516,14:12:45,6.98,0.01,37,25826,买盘
1517,14:13:03,6.97,-0.01,10,6970,卖盘
1518,14:13:18,6.98,0.01,5,3490,买盘
1519,14:13:24,6.98,0.0,9,6282,买盘
1520,14:13:36,6.98,0.0,1,698,买盘
1521,14:13:54,6.98,0.0,2,1396,买盘
1522,14:14:00,6.97,-0.01,102,71094,卖盘
1523,14:14:06,6.97,0.0,3,2091,买盘
1524,14:14:15,6.97,0.0,20,13940,买盘
1525,14:14:18,6.96,-0.01,10,6960,卖盘
1526,14:14:48,6.96,0.0,40,27840,卖盘
1527,14:15:18,6.96,0.0,6,4176,卖盘
1528,14:15:24,6.97,0.01,1,697,买盘
1529,14:15:27,6.96,-0.01,155,107880,卖盘
1530,14:15:33,6.96,0.0,5,3480,买盘
1531,14:15:51,6.96,0.0,1,696,买盘
1532,14:15:57,6.96,0.0,7,4872,买盘
1533,14:16:03,6.96,0.0,308,214368,买盘
1534,14:16:06,6.96,0.0,171,119016,买盘
1535,14:16:12,6.96,0.0,57,39672,买盘
1536,14:16:15,6.96,0.0,33,22968,买盘
1537,14:16:18,6.96,0.0,4,2784,买盘
1538,14:16:24,6.96,0.0,171,119016,买盘
1539,14:16:34,6.97,0.01,78,54366,买盘
1540,14:16:40,6.97,0.0,100,69700,买盘
1541,14:16:45,6.97,0.0,4,2788,买盘
1542,14:16:54,6.97,0.0,11,7667,买盘
1543,14:16:57,6.97,0.0,3,2091,买盘
1544,14:17:12,6.97,0.0,5,3485,买盘
1545,14:17:21,6.97,0.0,3,2091,买盘
1546,14:17:24,6.97,0.0,280,195160,买盘
1547,14:17:27,6.97,0.0,2,1394,买盘
1548,14:17:30,6.97,0.0,80,55760,买盘
1549,14:17:33,6.97,0.0,29,20198,买盘
1550,14:17:36,6.97,0.0,5,3485,买盘
1551,14:17:39,6.97,0.0,155,108035,买盘
1552,14:17:42,6.97,0.0,19,13243,买盘
1553,14:17:46,6.97,0.0,174,121278,买盘
1554,14:17:49,6.97,0.0,58,40426,买盘
1555,14:17:51,6.96,-0.01,705,491157,卖盘
1556,14:18:06,6.99,0.03,64,44736,买盘
1557,14:18:27,6.99,0.0,22,15378,买盘
1558,14:18:31,6.99,0.0,50,34950,买盘
1559,14:18:33,6.97,-0.02,52,36249,卖盘
1560,14:18:45,6.99,0.02,113,78936,买盘
1561,14:18:51,6.99,0.0,290,202710,买盘
1562,14:18:55,6.99,0.0,20,13978,买盘
1563,14:18:57,6.99,0.0,55,38445,买盘
1564,14:19:00,6.97,-0.02,1,697,卖盘
1565,14:19:06,6.99,0.02,30,20970,买盘
1566,14:19:09,6.98,-0.01,1,698,卖盘
1567,14:19:12,6.99,0.01,5,3495,买盘
1568,14:19:18,6.98,-0.01,305,213182,卖盘
1569,14:19:21,6.99,0.01,75,52425,买盘
1570,14:19:27,7.0,0.01,30,21000,买盘
1571,14:19:36,7.0,0.0,24,16800,买盘
1572,14:19:39,7.01,0.01,100,70100,买盘
1573,14:19:42,7.01,0.0,343,240443,买盘
1574,14:19:51,7.02,0.01,10,7020,买盘
1575,14:19:54,7.02,0.0,46,32292,买盘
1576,14:19:57,7.02,0.0,1,702,买盘
1577,14:20:06,7.02,0.0,73,51246,买盘
1578,14:20:09,7.01,-0.01,1,701,卖盘
1579,14:20:18,7.01,0.0,1,701,卖盘
1580,14:20:21,7.02,0.01,20,14040,买盘
1581,14:20:33,7.01,-0.01,101,70801,卖盘
1582,14:20:36,7.02,0.01,25,17535,买盘
1583,14:20:51,7.02,0.0,20,14040,买盘
1584,14:20:54,7.02,0.0,17,11934,买盘
1585,14:21:00,7.02,0.0,10,7020,买盘
1586,14:21:04,7.01,-0.01,10,7010,卖盘
1587,14:21:06,7.01,0.0,55,38565,卖盘
1588,14:21:09,7.01,0.0,1,701,卖盘
1589,14:21:12,7.01,0.0,18,12618,卖盘
1590,14:21:18,7.01,0.0,1,701,卖盘
1591,14:21:30,7.01,0.0,50,35050,卖盘
1592,14:21:36,7.02,0.01,570,400126,买盘
1593,14:21:39,7.01,-0.01,26,18246,卖盘
1594,14:21:45,7.02,0.01,173,121446,买盘
1595,14:22:06,7.02,0.0,17,11934,买盘
1596,14:22:09,7.01,-0.01,15,10529,卖盘
1597,14:22:45,7.02,0.01,9,6318,买盘
1598,14:23:06,7.02,0.0,10,7020,买盘
1599,14:23:09,7.02,0.0,5,3510,买盘
1600,14:23:21,7.02,0.0,101,70901,买盘
1601,14:23:39,7.02,0.0,24,16848,买盘
1602,14:23:51,7.01,-0.01,26,18226,卖盘
1603,14:24:00,7.01,0.0,30,21030,卖盘
1604,14:24:21,7.02,0.01,69,48438,买盘
1605,14:24:48,7.02,0.0,70,49140,卖盘
1606,14:24:51,7.03,0.01,50,35150,买盘
1607,14:24:57,7.03,0.0,1,703,买盘
1608,14:25:00,7.03,0.0,146,102637,买盘
1609,14:25:03,7.03,0.0,6,4218,买盘
1610,14:25:15,7.03,0.0,3,2109,卖盘
1611,14:25:21,7.04,0.01,349,245696,买盘
1612,14:25:30,7.04,0.0,100,70400,卖盘
1613,14:25:33,7.04,0.0,25,17600,卖盘
1614,14:25:36,7.04,0.0,5,3520,卖盘
1615,14:25:42,7.04,0.0,18,12675,卖盘
1616,14:25:45,7.04,0.0,28,19712,卖盘
1617,14:25:51,7.05,0.01,84,59218,买盘
1618,14:25:54,7.04,-0.01,15,10560,卖盘
1619,14:25:57,7.05,0.01,2,1410,买盘
1620,14:26:00,7.04,-0.01,47,33088,卖盘
1621,14:26:06,7.03,-0.01,72,50616,卖盘
1622,14:26:09,7.04,0.01,7,4928,买盘
1623,14:26:18,7.04,0.0,50,35200,买盘
1624,14:26:42,7.03,-0.01,23,16174,卖盘
1625,14:26:46,7.04,0.01,65,45760,买盘
1626,14:26:48,7.04,0.0,9,6336,卖盘
1627,14:26:54,7.04,0.0,5,3520,卖盘
1628,14:26:57,7.04,0.0,9,6336,卖盘
1629,14:27:03,7.05,0.01,112,78960,买盘
1630,14:27:09,7.04,-0.01,65,45760,卖盘
1631,14:27:16,7.05,0.01,1,705,买盘
1632,14:27:18,7.04,-0.01,163,114752,卖盘
1633,14:27:24,7.04,0.0,25,17600,买盘
1634,14:27:27,7.04,0.0,20,14080,买盘
1635,14:27:30,7.04,0.0,113,79552,买盘
1636,14:27:42,7.03,-0.01,407,286121,卖盘
1637,14:27:45,7.04,0.01,59,41515,买盘
1638,14:27:54,7.03,-0.01,20,14060,中性盘
1639,14:27:57,7.03,0.0,1,703,买盘
1640,14:28:04,7.03,0.0,1,703,买盘
1641,14:28:15,7.02,-0.01,14,9828,卖盘
1642,14:28:18,7.03,0.01,15,10545,买盘
1643,14:28:24,7.02,-0.01,50,35100,卖盘
1644,14:28:27,7.02,0.0,10,7020,卖盘
1645,14:28:43,7.02,0.0,36,25307,卖盘
1646,14:28:45,7.03,0.01,10,7030,买盘
1647,14:28:48,7.02,-0.01,7,4914,卖盘
1648,14:28:57,7.03,0.01,108,75924,买盘
1649,14:29:00,7.02,-0.01,100,70278,卖盘
1650,14:29:18,7.02,0.0,14,9828,卖盘
1651,14:29:42,7.02,0.0,20,14040,卖盘
1652,14:29:45,7.02,0.0,1,702,卖盘
1653,14:29:54,7.03,0.01,11,7733,买盘
1654,14:30:37,7.03,0.0,30,21090,卖盘
1655,14:30:45,7.04,0.01,20,14070,买盘
1656,14:30:51,7.04,0.0,3,2112,买盘
1657,14:31:09,7.04,0.0,75,52800,买盘
1658,14:31:19,7.04,0.0,2,1408,买盘
1659,14:31:21,7.04,0.0,11,7744,买盘
1660,14:31:45,7.04,0.0,18,12672,买盘
1661,14:31:52,7.04,0.0,10,7040,买盘
1662,14:32:00,7.03,-0.01,214,150642,卖盘
1663,14:32:15,7.04,0.01,32,22530,卖盘
1664,14:32:28,7.05,0.01,8,5640,买盘
1665,14:32:30,7.04,-0.01,29,20416,卖盘
1666,14:32:36,7.04,0.0,1,704,卖盘
1667,14:32:45,7.05,0.01,33,23265,买盘
1668,14:32:57,7.05,0.0,30,21125,买盘
1669,14:33:09,7.05,0.0,197,138885,买盘
1670,14:33:21,7.05,0.0,30,21150,买盘
1671,14:33:34,7.05,0.0,200,140997,买盘
1672,14:33:36,7.05,0.0,8,5640,买盘
1673,14:33:45,7.05,0.0,6,4230,买盘
1674,14:33:48,7.05,0.0,4,2820,买盘
1675,14:33:51,7.05,0.0,5,3525,买盘
1676,14:33:54,7.05,0.0,24,16920,买盘
1677,14:33:57,7.05,0.0,10,7050,买盘
1678,14:34:12,7.04,-0.01,6,4224,卖盘
1679,14:34:15,7.05,0.01,30,21150,买盘
1680,14:34:30,7.05,0.0,1,705,买盘
1681,14:34:39,7.05,0.0,128,90240,买盘
1682,14:34:42,7.05,0.0,60,42300,买盘
1683,14:34:51,7.05,0.0,34,23970,买盘
1684,14:34:54,7.05,0.0,7,4935,买盘
1685,14:34:57,7.05,0.0,26,18330,买盘
1686,14:35:03,7.05,0.0,95,66975,买盘
1687,14:35:06,7.05,0.0,19,13395,买盘
1688,14:35:09,7.05,0.0,85,59925,买盘
1689,14:35:12,7.04,-0.01,57,40135,卖盘
1690,14:35:45,7.05,0.01,11,7755,买盘
1691,14:35:48,7.05,0.0,11,7753,买盘
1692,14:35:57,7.05,0.0,10,7050,买盘
1693,14:36:00,7.04,-0.01,9,6336,卖盘
1694,14:36:04,7.05,0.01,5,3525,买盘
1695,14:36:06,7.04,-0.01,131,92346,卖盘
1696,14:36:15,7.04,0.0,4,2816,卖盘
1697,14:36:18,7.04,0.0,7,4928,卖盘
1698,14:36:21,7.04,0.0,17,11968,卖盘
1699,14:37:15,7.04,0.0,387,272448,卖盘
1700,14:37:21,7.04,0.0,10,7040,买盘
1701,14:37:33,7.04,0.0,11,7744,买盘
1702,14:37:36,7.04,0.0,3,2112,买盘
1703,14:37:39,7.04,0.0,5,3520,买盘
1704,14:37:45,7.03,-0.01,50,35150,卖盘
1705,14:38:12,7.03,0.0,88,61864,卖盘
1706,14:38:21,7.03,0.0,51,35853,卖盘
1707,14:38:27,7.03,0.0,156,109668,卖盘
1708,14:38:36,7.03,0.0,56,39368,卖盘
1709,14:38:42,7.03,0.0,30,21090,卖盘
1710,14:38:45,7.03,0.0,5,3515,卖盘
1711,14:38:48,7.03,0.0,43,30229,卖盘
1712,14:38:51,7.03,0.0,45,31635,卖盘
1713,14:38:57,7.03,0.0,26,18278,买盘
1714,14:39:06,7.03,0.0,27,18981,买盘
1715,14:39:13,7.03,0.0,11,7733,买盘
1716,14:39:24,7.04,0.01,85,59795,买盘
1717,14:39:27,7.03,-0.01,14,9842,卖盘
1718,14:39:33,7.03,0.0,8,5624,买盘
1719,14:39:39,7.02,-0.01,20,14040,卖盘
1720,14:39:42,7.02,0.0,367,257634,卖盘
1721,14:39:54,7.02,0.0,15,10530,买盘
1722,14:40:04,7.01,-0.01,270,189463,卖盘
1723,14:40:09,7.01,0.0,17,11917,卖盘
1724,14:40:18,7.01,0.0,247,173147,卖盘
1725,14:40:30,7.0,-0.01,40,28000,卖盘
1726,14:40:45,7.0,0.0,2,1400,卖盘
1727,14:41:04,7.0,0.0,97,67900,卖盘
1728,14:41:15,7.0,0.0,10,7000,卖盘
1729,14:41:18,7.0,0.0,105,73586,卖盘
1730,14:41:24,7.0,0.0,30,21000,卖盘
1731,14:41:33,7.0,0.0,13,9100,卖盘
1732,14:41:45,7.0,0.0,50,35000,卖盘
1733,14:41:48,7.01,0.01,7,4907,买盘
1734,14:41:57,7.01,0.0,1,701,买盘
1735,14:42:24,7.01,0.0,80,56080,买盘
1736,14:42:27,7.01,0.0,86,60286,买盘
1737,14:42:30,7.01,0.0,40,28040,买盘
1738,14:42:33,7.0,-0.01,10,7000,卖盘
1739,14:42:39,7.01,0.01,1,701,买盘
1740,14:42:51,7.0,-0.01,16,11200,卖盘
1741,14:43:06,7.01,0.01,69,48369,买盘
1742,14:43:12,7.01,0.0,19,13319,买盘
1743,14:43:21,7.01,0.0,1,701,买盘
1744,14:43:42,7.0,-0.01,49,34300,卖盘
1745,14:43:45,7.0,0.0,50,35000,卖盘
1746,14:44:04,7.0,0.0,40,28000,卖盘
1747,14:44:09,7.0,0.0,16,11200,卖盘
1748,14:44:12,7.01,0.01,34,23804,买盘
1749,14:44:15,7.01,0.0,93,65188,买盘
1750,14:44:39,7.01,0.0,5,3505,买盘
1751,14:44:45,7.01,0.0,10,7010,买盘
1752,14:44:48,7.0,-0.01,98,68600,卖盘
1753,14:44:54,7.0,0.0,34,23800,卖盘
1754,14:44:57,7.01,0.01,489,342359,买盘
1755,14:45:04,7.01,0.0,8,5608,买盘
1756,14:45:06,6.99,-0.02,270,188756,卖盘
1757,14:45:09,6.99,0.0,9,6291,买盘
1758,14:45:13,7.0,0.01,19,13300,卖盘
1759,14:45:19,7.0,0.0,27,18900,卖盘
1760,14:45:21,7.0,0.0,14,9800,卖盘
1761,14:45:27,7.0,0.0,106,74200,卖盘
1762,14:45:30,7.0,0.0,23,16100,卖盘
1763,14:45:33,7.0,0.0,1,700,卖盘
1764,14:45:36,7.0,0.0,1,700,卖盘
1765,14:45:39,7.0,0.0,26,18200,卖盘
1766,14:45:48,7.0,0.0,22,15393,买盘
1767,14:45:51,7.0,0.0,4,2800,买盘
1768,14:45:54,7.0,0.0,12,8400,买盘
1769,14:46:00,7.0,0.0,14,9800,买盘
1770,14:46:06,7.0,0.0,15,10500,买盘
1771,14:46:09,7.0,0.0,27,18900,买盘
1772,14:46:18,6.99,-0.01,13,9087,卖盘
1773,14:46:21,7.0,0.01,28,19600,买盘
1774,14:46:27,6.99,-0.01,1,699,卖盘
1775,14:46:30,7.0,0.01,12,8400,买盘
1776,14:46:36,7.0,0.0,1,700,买盘
1777,14:46:42,7.0,0.0,10,7000,买盘
1778,14:46:55,6.99,-0.01,10,6990,卖盘
1779,14:46:57,7.0,0.01,15,10500,买盘
1780,14:47:04,6.99,-0.01,10,6990,卖盘
1781,14:47:09,6.99,0.0,32,22368,卖盘
1782,14:47:18,7.0,0.01,1,700,买盘
1783,14:47:21,7.0,0.0,2,1400,买盘
1784,14:47:24,7.0,0.0,15,10500,买盘
1785,14:47:27,7.0,0.0,13,9100,买盘
1786,14:47:33,7.0,0.0,24,16800,买盘
1787,14:47:36,7.0,0.0,4,2800,买盘
1788,14:47:39,6.99,-0.01,12,8388,卖盘
1789,14:47:42,7.0,0.01,2,1400,买盘
1790,14:47:45,6.99,-0.01,142,99258,卖盘
1791,14:47:48,6.99,0.0,7,4893,卖盘
1792,14:47:57,7.0,0.01,10,7000,买盘
1793,14:48:06,6.99,-0.01,21,14679,卖盘
1794,14:48:15,7.0,0.01,10,7000,买盘
1795,14:48:18,6.99,-0.01,6,4199,卖盘
1796,14:48:30,7.0,0.01,10,7000,买盘
1797,14:48:36,7.0,0.0,86,60200,买盘
1798,14:48:43,6.99,-0.01,64,44764,卖盘
1799,14:48:46,6.99,0.0,39,27294,卖盘
1800,14:48:54,6.99,0.0,5,3495,卖盘
1801,14:48:57,7.0,0.01,17,11900,买盘
1802,14:49:00,7.0,0.0,144,100800,买盘
1803,14:49:09,7.0,0.0,7,4900,卖盘
1804,14:49:15,7.02,0.02,1082,759210,买盘
1805,14:49:30,7.02,0.0,90,63180,买盘
1806,14:49:36,7.02,0.0,2,1404,买盘
1807,14:49:39,7.02,0.0,10,7020,买盘
1808,14:49:42,7.01,-0.01,12,8412,卖盘
1809,14:49:51,7.02,0.01,11,7722,买盘
1810,14:50:06,7.02,0.0,8,5616,买盘
1811,14:50:10,7.01,-0.01,163,114263,卖盘
1812,14:50:16,7.01,0.0,55,38555,买盘
1813,14:50:18,7.0,-0.01,2,1400,卖盘
1814,14:50:21,7.0,0.0,4,2802,卖盘
1815,14:50:24,7.01,0.01,20,14020,买盘
1816,14:50:27,7.01,0.0,10,7010,卖盘
1817,14:50:33,7.02,0.01,57,40014,买盘
1818,14:50:36,7.0,-0.02,20,14011,卖盘
1819,14:50:39,7.02,0.02,69,48438,买盘
1820,14:50:48,7.01,-0.01,59,41359,卖盘
1821,14:50:54,7.0,-0.01,104,72800,卖盘
1822,14:50:57,7.01,0.01,81,56781,买盘
1823,14:51:06,7.0,-0.01,59,41305,卖盘
1824,14:51:09,7.0,0.0,30,21000,卖盘
1825,14:51:15,7.0,0.0,88,61600,卖盘
1826,14:51:18,7.01,0.01,23,16123,买盘
1827,14:51:21,7.0,-0.01,73,51100,卖盘
1828,14:51:24,7.0,0.0,133,93100,卖盘
1829,14:51:27,7.0,0.0,49,34300,卖盘
1830,14:51:30,7.0,0.0,61,42700,买盘
1831,14:51:33,7.0,0.0,42,29411,卖盘
1832,14:51:36,7.0,0.0,34,23800,卖盘
1833,14:51:39,7.0,0.0,2,1400,买盘
1834,14:51:42,7.0,0.0,83,58100,买盘
1835,14:51:45,6.99,-0.01,428,299172,卖盘
1836,14:51:48,7.0,0.01,39,27300,买盘
1837,14:51:54,7.0,0.0,8,5600,卖盘
1838,14:51:57,7.0,0.0,198,138600,卖盘
1839,14:52:01,7.0,0.0,13,9100,卖盘
1840,14:52:04,7.0,0.0,8,5600,卖盘
1841,14:52:06,7.01,0.01,39,27331,买盘
1842,14:52:09,7.0,-0.01,22,15400,卖盘
1843,14:52:12,7.0,0.0,1,700,卖盘
1844,14:52:15,7.01,0.01,7,4907,买盘
1845,14:52:21,7.01,0.0,8,5608,买盘
1846,14:52:25,7.0,-0.01,39,27300,卖盘
1847,14:52:27,7.01,0.01,76,53276,买盘
1848,14:52:31,7.01,0.0,9,6308,买盘
1849,14:52:34,7.0,-0.01,243,170100,卖盘
1850,14:52:36,7.0,0.0,141,98700,买盘
1851,14:52:39,7.0,0.0,1,700,买盘
1852,14:52:42,7.0,0.0,17,11900,买盘
1853,14:52:48,7.0,0.0,54,37800,买盘
1854,14:52:54,7.0,0.0,5,3500,买盘
1855,14:52:57,7.0,0.0,3,2100,买盘
1856,14:53:04,6.99,-0.01,431,301269,卖盘
1857,14:53:12,6.99,0.0,11,7689,买盘
1858,14:53:15,6.99,0.0,62,43338,买盘
1859,14:53:22,6.99,0.0,15,10485,卖盘
1860,14:53:25,6.99,0.0,7,4893,卖盘
1861,14:53:30,6.99,0.0,13,9087,买盘
1862,14:53:33,6.99,0.0,30,20970,买盘
1863,14:53:39,6.99,0.0,100,69900,卖盘
1864,14:53:54,6.99,0.0,617,431783,卖盘
1865,14:53:57,6.99,0.0,588,411512,买盘
1866,14:54:16,6.99,0.0,15,10485,买盘
1867,14:54:18,6.98,-0.01,135,94335,卖盘
1868,14:54:21,6.98,0.0,54,37692,卖盘
1869,14:54:24,6.99,0.01,152,106147,买盘
1870,14:54:30,6.98,-0.01,254,177405,卖盘
1871,14:54:33,7.0,0.02,226,157962,买盘
1872,14:54:36,7.0,0.0,240,167920,买盘
1873,14:54:42,6.99,-0.01,105,73558,卖盘
1874,14:54:45,7.0,0.01,8,5600,买盘
1875,14:54:48,7.0,0.0,21,14700,买盘
1876,14:54:51,6.99,-0.01,15,10485,卖盘
1877,14:54:54,7.0,0.01,10,7000,买盘
1878,14:54:57,7.0,0.0,10,7000,卖盘
1879,14:55:06,6.99,-0.01,15,10490,卖盘
1880,14:55:10,7.0,0.01,23,16087,买盘
1881,14:55:12,7.0,0.0,15,10500,买盘
1882,14:55:15,6.99,-0.01,6,4194,卖盘
1883,14:55:19,6.99,0.0,10,6990,卖盘
1884,14:55:21,6.99,0.0,6,4194,卖盘
1885,14:55:24,6.99,0.0,14,9786,卖盘
1886,14:55:27,7.0,0.01,10,7000,买盘
1887,14:55:30,6.99,-0.01,1,699,卖盘
1888,14:55:33,6.99,0.0,12,8392,卖盘
1889,14:55:36,7.0,0.01,26,18194,买盘
1890,14:55:40,6.99,-0.01,52,36348,卖盘
1891,14:55:42,6.99,0.0,155,108345,卖盘
1892,14:55:46,6.99,0.0,5,3495,买盘
1893,14:55:48,6.99,0.0,11,7689,买盘
1894,14:55:51,6.99,0.0,9,6291,买盘
1895,14:55:54,6.98,-0.01,33,23034,卖盘
1896,14:55:57,6.98,0.0,31,21649,卖盘
1897,14:56:00,6.98,0.0,34,23732,卖盘
1898,14:56:03,6.98,0.0,25,17455,卖盘
1899,14:56:06,6.99,0.01,39,27261,买盘
1900,14:56:09,6.98,-0.01,16,11168,卖盘
1901,14:56:18,6.99,0.01,24,16753,买盘
1902,14:56:21,6.98,-0.01,165,115332,卖盘
1903,14:56:25,6.99,0.01,365,254799,买盘
1904,14:56:27,6.99,0.0,33,23060,买盘
1905,14:56:30,6.98,-0.01,30,20940,卖盘
1906,14:56:33,6.99,0.01,53,37014,买盘
1907,14:56:36,6.98,-0.01,22,15356,卖盘
1908,14:56:39,6.98,0.0,20,13960,买盘
1909,14:56:42,6.98,0.0,1067,746578,买盘
1910,14:56:45,6.97,-0.01,59,41141,卖盘
1911,14:56:48,7.01,0.04,472,330589,买盘
1912,14:56:51,6.97,-0.04,10,6970,卖盘
1913,14:56:54,6.98,0.01,30,20940,卖盘
1914,14:56:57,7.01,0.03,122,85488,买盘
1915,14:57:00,7.0,-0.01,283,198177,卖盘
1916,15:00:04,6.99,-0.01,3120,2180880,卖盘
