,time,price,change,volume,amount,type
0,09:30:04,3.44,-0.01,550,189230,中性盘
1,09:30:07,3.44,0.0,14,4824,卖盘
2,09:30:27,3.45,0.01,38,13110,买盘
3,09:30:31,3.44,-0.01,20,6880,卖盘
4,09:30:48,3.44,0.0,50,17200,卖盘
5,09:30:51,3.44,0.0,5,1720,卖盘
6,09:30:58,3.44,0.0,22,7568,卖盘
7,09:31:10,3.44,0.0,1,344,买盘
8,09:31:13,3.44,0.0,1,344,买盘
9,09:31:16,3.43,-0.01,51,17494,卖盘
10,09:31:42,3.44,0.01,30,10320,买盘
11,09:31:46,3.43,-0.01,61,20924,卖盘
12,09:31:49,3.44,0.01,12,4128,买盘
13,09:31:57,3.44,0.0,5,1720,卖盘
14,09:32:24,3.43,-0.01,113,38914,卖盘
15,09:32:31,3.44,0.01,4,1376,卖盘
16,09:32:57,3.45,0.01,10,3450,买盘
17,09:33:00,3.46,0.01,319,110275,买盘
18,09:33:13,3.46,0.0,15,5190,卖盘
19,09:33:19,3.46,0.0,65,22490,卖盘
20,09:33:22,3.46,0.0,122,42212,卖盘
21,09:33:34,3.45,-0.01,10,3450,卖盘
22,09:33:40,3.45,0.0,7,2415,卖盘
23,09:33:49,3.45,0.0,11,3795,卖盘
24,09:34:07,3.45,0.0,1,345,卖盘
25,09:34:10,3.46,0.01,9,3114,买盘
26,09:34:12,3.46,0.0,100,34600,买盘
27,09:34:24,3.46,0.0,50,17300,买盘
28,09:35:04,3.46,0.0,1,346,买盘
29,09:35:09,3.46,0.0,60,20760,买盘
30,09:35:30,3.46,0.0,5,1730,买盘
31,09:35:36,3.46,0.0,39,13494,买盘
32,09:35:48,3.45,-0.01,6,2070,卖盘
33,09:36:01,3.46,0.01,229,79234,买盘
34,09:36:04,3.46,0.0,138,47748,卖盘
35,09:36:07,3.46,0.0,80,27650,买盘
36,09:36:12,3.46,0.0,10,3460,买盘
37,09:36:16,3.46,0.0,34,11764,买盘
38,09:36:49,3.46,0.0,64,22144,买盘
39,09:37:10,3.46,0.0,67,23182,买盘
40,09:37:12,3.46,0.0,30,10380,买盘
41,09:37:16,3.46,0.0,100,34600,买盘
42,09:37:19,3.46,0.0,1,346,买盘
43,09:37:31,3.46,0.0,44,15224,买盘
44,09:37:33,3.45,-0.01,40,13802,卖盘
45,09:37:40,3.46,0.01,5,1730,买盘
46,09:37:54,3.46,0.0,100,34600,买盘
47,09:37:58,3.47,0.01,555,192557,买盘
48,09:38:01,3.46,-0.01,5,1730,中性盘
49,09:38:07,3.46,0.0,47,16272,卖盘
50,09:38:13,3.47,0.01,30,10410,买盘
51,09:38:22,3.47,0.0,21,7286,买盘
52,09:38:27,3.47,0.0,50,17350,买盘
53,09:38:31,3.47,0.0,20,6940,买盘
54,09:38:37,3.47,0.0,50,17350,买盘
55,09:38:49,3.47,0.0,30,10410,买盘
56,09:38:51,3.47,0.0,120,41640,买盘
57,09:38:54,3.46,-0.01,12,4152,卖盘
58,09:38:58,3.47,0.01,20,6940,买盘
59,09:39:10,3.46,-0.01,73,25262,卖盘
60,09:39:19,3.47,0.01,20,6940,买盘
61,09:39:42,3.47,0.0,5,1735,买盘
62,09:39:52,3.47,0.0,20,6940,买盘
63,09:39:57,3.47,0.0,20,6940,买盘
64,09:40:04,3.46,-0.01,73,25258,卖盘
65,09:40:13,3.46,0.0,100,34600,卖盘
66,09:40:16,3.46,0.0,11,3806,卖盘
67,09:40:31,3.46,0.0,53,18338,卖盘
68,09:40:34,3.47,0.01,60,20820,买盘
69,09:40:36,3.46,-0.01,30,10380,卖盘
70,09:40:52,3.46,0.0,833,288218,卖盘
71,09:41:40,3.45,-0.01,96,33206,卖盘
72,09:41:43,3.45,0.0,543,187335,卖盘
73,09:42:04,3.45,0.0,2,690,卖盘
74,09:42:10,3.46,0.01,183,63519,买盘
75,09:42:12,3.46,0.0,33,11418,卖盘
76,09:42:15,3.46,0.0,81,28026,卖盘
77,09:42:18,3.46,0.0,81,28026,买盘
78,09:42:22,3.46,0.0,40,13639,卖盘
79,09:42:33,3.46,0.0,100,34600,买盘
80,09:42:39,3.45,-0.01,11,3803,卖盘
81,09:42:51,3.46,0.01,48,16608,买盘
82,09:43:04,3.46,0.0,99,34455,买盘
83,09:43:06,3.45,-0.01,123,42235,买盘
84,09:43:13,3.46,0.01,3,1239,买盘
85,09:43:24,3.46,0.0,7,2221,卖盘
86,09:43:30,3.46,0.0,60,20760,买盘
87,09:43:45,3.46,0.0,8,2969,买盘
88,09:44:06,3.46,0.0,2,491,卖盘
89,09:44:09,3.46,0.0,38,13349,买盘
90,09:44:12,3.46,0.0,4,1183,卖盘
91,09:44:36,3.45,-0.01,20,6900,卖盘
92,09:45:01,3.45,0.0,358,123836,卖盘
93,09:45:04,3.45,0.0,112,38640,卖盘
94,09:45:28,3.45,0.0,4,1380,卖盘
95,09:45:52,3.46,0.01,97,33562,买盘
96,09:45:55,3.45,-0.01,1,345,卖盘
97,09:46:27,3.45,0.0,120,41400,卖盘
98,09:46:42,3.46,0.01,2,692,买盘
99,09:46:46,3.45,-0.01,16,5520,卖盘
100,09:47:16,3.46,0.01,12,4152,买盘
101,09:47:27,3.46,0.0,2,692,买盘
102,09:47:30,3.46,0.0,5,1730,买盘
103,09:47:33,3.46,0.0,386,133556,买盘
104,09:47:40,3.45,-0.01,16,5520,卖盘
105,09:47:55,3.45,0.0,68,23460,卖盘
106,09:48:16,3.46,0.01,6,2073,买盘
107,09:48:24,3.46,0.0,10,3460,买盘
108,09:48:34,3.46,0.0,199,69055,买盘
109,09:48:37,3.46,0.0,28,9688,卖盘
110,09:48:49,3.46,0.0,13,4498,卖盘
111,09:49:00,3.46,0.0,50,17128,卖盘
112,09:49:04,3.46,0.0,10,3661,买盘
113,09:49:09,3.47,0.01,15,5205,买盘
114,09:49:49,3.47,0.0,50,17350,买盘
115,09:50:22,3.46,-0.01,10,3460,卖盘
116,09:50:24,3.46,0.0,10,3460,卖盘
117,09:50:28,3.46,0.0,101,34946,卖盘
118,09:50:31,3.47,0.01,20,6940,买盘
119,09:50:34,3.46,-0.01,20,6920,卖盘
120,09:50:54,3.46,0.0,142,49132,卖盘
121,09:51:22,3.47,0.01,425,147475,买盘
122,09:51:45,3.47,0.0,6,2082,买盘
123,09:51:49,3.47,0.0,32,11104,买盘
124,09:51:55,3.47,0.0,42,14574,买盘
125,09:51:57,3.46,-0.01,78,27046,卖盘
126,09:52:22,3.47,0.01,187,64889,买盘
127,09:52:34,3.47,0.0,20,6940,卖盘
128,09:52:36,3.47,0.0,4,1388,卖盘
129,09:52:48,3.47,0.0,61,21199,卖盘
130,09:53:00,3.47,0.0,1,347,买盘
131,09:53:12,3.47,0.0,20,6940,买盘
132,09:53:22,3.47,0.0,65,22555,买盘
133,09:53:37,3.47,0.0,26,9022,卖盘
134,09:53:51,3.47,0.0,5,1735,卖盘
135,09:53:58,3.47,0.0,36,12492,卖盘
136,09:54:22,3.47,0.0,35,12145,卖盘
137,09:54:25,3.47,0.0,1,347,卖盘
138,09:54:27,3.47,0.0,59,20473,卖盘
139,09:54:31,3.47,0.0,1,347,卖盘
140,09:54:37,3.47,0.0,273,94731,卖盘
141,09:54:48,3.47,0.0,100,34700,买盘
142,09:55:04,3.46,-0.01,55,19030,卖盘
143,09:55:10,3.46,0.0,1,346,卖盘
144,09:55:34,3.46,0.0,20,6920,卖盘
145,09:56:04,3.47,0.01,20,6940,买盘
146,09:56:10,3.47,0.0,10,3470,买盘
147,09:56:43,3.46,-0.01,10,3460,卖盘
148,09:56:52,3.47,0.01,288,99936,买盘
149,09:57:25,3.47,0.0,100,34700,买盘
150,09:57:37,3.47,0.0,50,17350,买盘
151,09:57:55,3.47,0.0,500,173500,买盘
152,09:58:06,3.47,0.0,1,347,买盘
153,09:58:15,3.47,0.0,10,3470,买盘
154,09:58:19,3.47,0.0,19,6593,买盘
155,09:58:27,3.46,-0.01,10,3460,卖盘
156,09:58:33,3.47,0.01,8,2776,买盘
157,09:58:39,3.47,0.0,40,13880,买盘
158,09:58:51,3.47,0.0,173,60031,买盘
159,09:59:04,3.46,-0.01,60,20760,卖盘
160,09:59:12,3.46,0.0,464,160544,卖盘
161,10:00:31,3.47,0.01,110,38170,买盘
162,10:00:57,3.47,0.0,3,1041,买盘
163,10:01:00,3.46,-0.01,3,1038,卖盘
164,10:02:25,3.46,0.0,40,13840,卖盘
165,10:02:52,3.46,0.0,8,2768,卖盘
166,10:03:36,3.46,0.0,10,3460,卖盘
167,10:03:46,3.47,0.01,1402,486494,买盘
168,10:03:55,3.47,0.0,10,3470,买盘
169,10:04:10,3.47,0.0,20,6940,买盘
170,10:04:15,3.47,0.0,20,6940,买盘
171,10:04:18,3.47,0.0,30,10410,买盘
172,10:04:21,3.47,0.0,17,5909,买盘
173,10:04:27,3.47,0.0,9,3123,卖盘
174,10:04:40,3.47,0.0,30,10410,卖盘
175,10:04:51,3.47,0.0,9,3123,卖盘
176,10:05:06,3.47,0.0,156,54132,卖盘
177,10:05:37,3.47,0.0,200,69400,卖盘
178,10:05:48,3.47,0.0,50,17350,卖盘
179,10:05:54,3.47,0.0,3,1041,卖盘
180,10:06:15,3.47,0.0,110,38170,卖盘
181,10:06:18,3.47,0.0,4,1388,卖盘
182,10:06:25,3.47,0.0,53,18381,卖盘
183,10:06:45,3.46,-0.01,26,8996,卖盘
184,10:07:46,3.46,0.0,5,1730,卖盘
185,10:07:49,3.46,0.0,171,59166,卖盘
186,10:08:04,3.47,0.01,10,3470,买盘
187,10:08:09,3.46,-0.01,135,46710,卖盘
188,10:08:16,3.46,0.0,48,16608,卖盘
189,10:08:27,3.46,0.0,10,3460,卖盘
190,10:08:30,3.46,0.0,91,31486,卖盘
191,10:08:33,3.46,0.0,100,34600,卖盘
192,10:08:39,3.46,0.0,14,4643,卖盘
193,10:08:49,3.46,0.0,71,24767,买盘
194,10:08:58,3.46,0.0,5,1730,卖盘
195,10:09:03,3.46,0.0,21,7266,卖盘
196,10:09:15,3.46,0.0,5,1730,卖盘
197,10:09:48,3.46,0.0,173,59858,卖盘
198,10:09:51,3.47,0.01,3,1041,买盘
199,10:09:57,3.46,-0.01,120,41520,卖盘
200,10:10:06,3.47,0.01,250,86750,买盘
201,10:10:09,3.46,-0.01,40,13840,卖盘
202,10:10:22,3.46,0.0,16,5536,卖盘
203,10:10:36,3.46,0.0,19,6574,卖盘
204,10:10:39,3.46,0.0,280,96880,卖盘
205,10:11:01,3.46,0.0,10,3460,卖盘
206,10:11:04,3.46,0.0,5,1730,卖盘
207,10:11:06,3.46,0.0,30,10380,卖盘
208,10:11:18,3.46,0.0,20,6920,卖盘
209,10:11:22,3.46,0.0,2,692,卖盘
210,10:11:25,3.46,0.0,6,2076,卖盘
211,10:11:37,3.46,0.0,10,3259,卖盘
212,10:11:42,3.46,0.0,4,1384,卖盘
213,10:12:21,3.46,0.0,86,29957,买盘
214,10:12:24,3.46,0.0,19,6574,卖盘
215,10:12:27,3.46,0.0,5,1730,卖盘
216,10:12:37,3.46,0.0,4,1183,卖盘
217,10:13:01,3.45,-0.01,20,6900,卖盘
218,10:13:21,3.46,0.01,119,41375,买盘
219,10:13:27,3.46,0.0,20,6920,卖盘
220,10:13:30,3.46,0.0,10,3460,卖盘
221,10:13:33,3.46,0.0,10,3460,卖盘
222,10:15:13,3.45,-0.01,46,15870,卖盘
223,10:16:10,3.46,0.01,6,2076,买盘
224,10:16:22,3.46,0.0,24,8304,买盘
225,10:17:36,3.46,0.0,4,1384,买盘
226,10:18:18,3.45,-0.01,40,13800,卖盘
227,10:18:39,3.46,0.01,173,59858,买盘
228,10:18:51,3.45,-0.01,10,3450,卖盘
229,10:19:28,3.46,0.01,11,3806,买盘
230,10:19:33,3.45,-0.01,20,6900,卖盘
231,10:20:06,3.45,0.0,297,102465,卖盘
232,10:20:27,3.46,0.01,20,6920,买盘
233,10:20:33,3.45,-0.01,57,19665,卖盘
234,10:21:04,3.46,0.01,1,346,买盘
235,10:22:19,3.46,0.0,11,3806,买盘
236,10:22:27,3.45,-0.01,34,11730,卖盘
237,10:22:45,3.46,0.01,5,1730,买盘
238,10:23:27,3.46,0.0,4,1384,买盘
239,10:23:39,3.45,-0.01,14,4830,卖盘
240,10:23:46,3.45,0.0,50,17250,卖盘
241,10:24:06,3.45,0.0,50,17250,卖盘
242,10:24:19,3.46,0.01,69,23874,买盘
243,10:24:39,3.46,0.0,3,1038,买盘
244,10:25:10,3.46,0.0,43,14878,买盘
245,10:25:12,3.45,-0.01,11,3795,卖盘
246,10:25:37,3.45,0.0,145,50025,卖盘
247,10:25:45,3.45,0.0,505,174226,卖盘
248,10:25:52,3.45,0.0,72,24840,卖盘
249,10:26:36,3.45,0.0,10,3450,卖盘
250,10:26:57,3.46,0.01,12,4152,买盘
251,10:27:00,3.45,-0.01,53,18285,卖盘
252,10:27:12,3.45,0.0,70,24150,卖盘
253,10:27:15,3.45,0.0,198,68310,卖盘
254,10:27:25,3.45,0.0,283,97635,卖盘
255,10:27:33,3.45,0.0,145,50025,卖盘
256,10:27:39,3.45,0.0,1,345,卖盘
257,10:27:52,3.45,0.0,14,4830,卖盘
258,10:28:00,3.46,0.01,5,1730,买盘
259,10:28:39,3.46,0.0,74,25604,买盘
260,10:29:04,3.46,0.0,10,3460,买盘
261,10:29:06,3.46,0.0,5,1730,买盘
262,10:30:51,3.45,-0.01,200,69000,卖盘
263,10:31:43,3.45,0.0,4,1380,卖盘
264,10:31:52,3.45,0.0,30,10350,卖盘
265,10:31:57,3.45,0.0,5,1725,卖盘
266,10:32:00,3.45,0.0,300,103500,卖盘
267,10:32:24,3.45,0.0,7,2415,卖盘
268,10:32:36,3.45,0.0,10,3450,卖盘
269,10:32:51,3.45,0.0,30,10350,卖盘
270,10:33:33,3.45,0.0,181,62445,卖盘
271,10:34:12,3.46,0.01,231,79926,买盘
272,10:34:15,3.45,-0.01,133,45885,卖盘
273,10:34:24,3.45,0.0,300,103500,卖盘
274,10:35:15,3.46,0.01,1,346,买盘
275,10:35:22,3.46,0.0,24,8304,买盘
276,10:35:36,3.45,-0.01,30,10350,卖盘
277,10:36:12,3.45,0.0,1,345,卖盘
278,10:36:39,3.45,0.0,30,10350,卖盘
279,10:36:51,3.46,0.01,44,15223,买盘
280,10:37:06,3.46,0.0,78,26988,买盘
281,10:37:36,3.46,0.0,11,3806,买盘
282,10:37:48,3.46,0.0,32,11072,买盘
283,10:38:04,3.45,-0.01,68,23460,卖盘
284,10:38:57,3.46,0.01,286,98956,买盘
285,10:39:06,3.46,0.0,30,10380,买盘
286,10:39:33,3.46,0.0,49,16954,买盘
287,10:39:36,3.46,0.0,1,346,买盘
288,10:39:42,3.46,0.0,30,10380,买盘
289,10:39:46,3.46,0.0,62,21452,买盘
290,10:39:52,3.46,0.0,140,48440,买盘
291,10:40:01,3.46,0.0,8,2768,买盘
292,10:40:04,3.46,0.0,274,94804,买盘
293,10:40:09,3.46,0.0,51,17646,买盘
294,10:40:12,3.46,0.0,10,3460,买盘
295,10:40:34,3.46,0.0,286,98956,买盘
296,10:40:37,3.46,0.0,260,89960,买盘
297,10:40:40,3.46,0.0,52,17992,买盘
298,10:40:43,3.46,0.0,306,105876,买盘
299,10:40:46,3.46,0.0,17,5882,买盘
300,10:40:48,3.46,0.0,242,83732,买盘
301,10:40:51,3.46,0.0,14,4844,买盘
302,10:41:09,3.46,0.0,40,13840,卖盘
303,10:41:16,3.47,0.01,20,6940,买盘
304,10:41:19,3.47,0.0,186,64542,买盘
305,10:41:30,3.46,-0.01,3,1038,卖盘
306,10:41:36,3.47,0.01,10,3470,买盘
307,10:42:06,3.47,0.0,350,121450,买盘
308,10:42:21,3.47,0.0,100,34700,买盘
309,10:42:28,3.47,0.0,10,3470,买盘
310,10:42:33,3.47,0.0,50,17350,买盘
311,10:43:09,3.46,-0.01,8,2768,卖盘
312,10:43:22,3.47,0.01,1,347,买盘
313,10:43:25,3.47,0.0,2,694,买盘
314,10:44:13,3.47,0.0,10,3470,买盘
315,10:44:15,3.46,-0.01,5,1730,卖盘
316,10:44:21,3.46,0.0,99,34254,卖盘
317,10:44:33,3.47,0.01,4,1388,买盘
318,10:44:45,3.46,-0.01,1,346,卖盘
319,10:44:51,3.46,0.0,5,1730,卖盘
320,10:44:54,3.46,0.0,5,1730,卖盘
321,10:45:06,3.47,0.01,1,347,买盘
322,10:45:22,3.46,-0.01,14,4844,卖盘
323,10:45:30,3.47,0.01,50,17350,买盘
324,10:45:36,3.47,0.0,50,17350,买盘
325,10:45:57,3.47,0.0,8,2776,买盘
326,10:46:04,3.47,0.0,36,12492,买盘
327,10:47:00,3.47,0.0,52,18044,买盘
328,10:48:06,3.47,0.0,1,347,买盘
329,10:50:04,3.47,0.0,5,1735,买盘
330,10:50:36,3.47,0.0,68,23596,买盘
331,10:50:54,3.46,-0.01,34,11764,卖盘
332,10:51:07,3.47,0.01,20,6940,买盘
333,10:51:18,3.47,0.0,10,3470,买盘
334,10:51:57,3.46,-0.01,38,13148,卖盘
335,10:52:01,3.46,0.0,15,5200,卖盘
336,10:52:06,3.46,0.0,2,692,卖盘
337,10:52:42,3.46,0.0,80,27680,卖盘
338,10:52:57,3.46,0.0,50,17300,卖盘
339,10:53:12,3.46,0.0,75,25950,卖盘
340,10:53:24,3.46,0.0,100,34600,卖盘
341,10:53:42,3.46,0.0,100,34600,卖盘
342,10:54:48,3.46,0.0,20,6920,卖盘
343,10:55:30,3.46,0.0,5,1730,卖盘
344,10:55:39,3.46,0.0,1,346,卖盘
345,10:56:12,3.46,0.0,8,2768,卖盘
346,10:56:15,3.46,0.0,56,19376,卖盘
347,10:56:18,3.47,0.01,450,155850,买盘
348,10:56:49,3.46,-0.01,68,23528,卖盘
349,10:57:18,3.46,0.0,35,12110,卖盘
350,10:57:36,3.46,0.0,51,17646,卖盘
351,10:57:54,3.47,0.01,31,10757,买盘
352,10:58:09,3.46,-0.01,100,34600,卖盘
353,10:58:39,3.46,0.0,301,104146,卖盘
354,10:58:54,3.45,-0.01,7,2415,卖盘
355,10:59:12,3.45,0.0,302,104190,卖盘
356,10:59:18,3.45,0.0,30,10350,卖盘
357,10:59:39,3.45,0.0,1,345,卖盘
358,10:59:54,3.45,0.0,10,3450,卖盘
359,11:01:33,3.46,0.01,10,3460,买盘
360,11:01:36,3.46,0.0,3,1038,买盘
361,11:01:57,3.45,-0.01,1524,528227,卖盘
362,11:02:00,3.45,0.0,47,16215,卖盘
363,11:02:39,3.46,0.01,1,346,买盘
364,11:05:09,3.46,0.0,15,5190,买盘
365,11:05:12,3.46,0.0,10,3460,买盘
366,11:05:27,3.46,0.0,18,6228,买盘
367,11:06:34,3.47,0.01,17,5899,买盘
368,11:07:18,3.47,0.0,100,34700,买盘
369,11:07:21,3.47,0.0,20,6940,买盘
370,11:08:18,3.46,-0.01,500,173000,卖盘
371,11:09:39,3.47,0.01,1,347,买盘
372,11:10:18,3.46,-0.01,1,346,卖盘
373,11:10:48,3.47,0.01,19,6593,买盘
374,11:11:30,3.46,-0.01,8,2768,卖盘
375,11:11:45,3.46,0.0,50,17300,卖盘
376,11:11:54,3.47,0.01,10,3470,买盘
377,11:13:30,3.46,-0.01,5,1730,卖盘
378,11:14:04,3.47,0.01,1,347,买盘
379,11:14:15,3.46,-0.01,10,3460,卖盘
380,11:15:01,3.47,0.01,23,7981,买盘
381,11:15:10,3.46,-0.01,44,15224,卖盘
382,11:15:16,3.46,0.0,30,10380,卖盘
383,11:15:24,3.46,0.0,20,6920,卖盘
384,11:15:27,3.46,0.0,2,692,卖盘
385,11:15:39,3.46,0.0,20,6920,卖盘
386,11:16:03,3.47,0.01,29,10063,买盘
387,11:16:19,3.46,-0.01,30,10380,卖盘
388,11:16:24,3.46,0.0,50,17300,卖盘
389,11:16:36,3.46,0.0,244,84424,卖盘
390,11:16:51,3.46,0.0,200,69200,买盘
391,11:17:27,3.46,0.0,20,6920,卖盘
392,11:17:33,3.47,0.01,10,3470,买盘
393,11:17:36,3.46,-0.01,10,3460,卖盘
394,11:18:00,3.46,0.0,50,17300,卖盘
395,11:18:03,3.46,0.0,2,692,卖盘
396,11:18:34,3.46,0.0,29,10034,卖盘
397,11:18:45,3.46,0.0,41,14186,卖盘
398,11:19:09,3.46,0.0,300,103800,卖盘
399,11:19:12,3.47,0.01,1,347,买盘
400,11:19:42,3.46,-0.01,69,23874,卖盘
401,11:19:45,3.47,0.01,20,6940,买盘
402,11:19:51,3.46,-0.01,10,3460,卖盘
403,11:19:54,3.46,0.0,49,16954,卖盘
404,11:21:18,3.46,0.0,300,103800,卖盘
405,11:22:06,3.46,0.0,40,13840,卖盘
406,11:22:12,3.47,0.01,10,3470,买盘
407,11:22:24,3.46,-0.01,29,10034,卖盘
408,11:22:39,3.46,0.0,3,1038,卖盘
409,11:23:16,3.46,0.0,28,9688,卖盘
410,11:23:45,3.46,0.0,1,346,卖盘
411,11:24:15,3.47,0.01,8,2776,买盘
412,11:24:30,3.47,0.0,25,8675,买盘
413,11:24:39,3.46,-0.01,1,346,卖盘
414,11:25:55,3.47,0.01,95,32965,买盘
415,11:26:04,3.47,0.0,50,17350,买盘
416,11:26:30,3.46,-0.01,30,10380,卖盘
417,11:26:37,3.47,0.01,10,3470,买盘
418,11:26:39,3.47,0.0,157,54479,买盘
419,11:26:54,3.47,0.0,110,38170,买盘
420,11:27:00,3.47,0.0,20,6940,买盘
421,11:27:04,3.47,0.0,1294,449028,买盘
422,11:27:21,3.48,0.01,230,80040,买盘
423,11:27:24,3.48,0.0,50,17400,买盘
424,11:27:30,3.48,0.0,663,230724,买盘
425,11:27:33,3.48,0.0,600,208800,买盘
426,11:27:36,3.48,0.0,200,69600,买盘
427,11:27:39,3.48,0.0,51,17748,买盘
428,11:27:45,3.48,0.0,70,24360,买盘
429,11:27:48,3.48,0.0,61,21228,买盘
430,11:27:54,3.48,0.0,30,10440,卖盘
431,11:28:04,3.49,0.01,20,6980,买盘
432,11:28:09,3.49,0.0,71,24779,买盘
433,11:28:13,3.49,0.0,5,1745,买盘
434,11:28:18,3.49,0.0,50,17450,买盘
435,11:28:30,3.49,0.0,100,34900,买盘
436,11:28:36,3.49,0.0,5,1745,买盘
437,11:28:39,3.49,0.0,50,17450,买盘
438,11:28:45,3.49,0.0,2,698,买盘
439,11:28:48,3.49,0.0,11,3839,买盘
440,11:28:54,3.49,0.0,34,11866,买盘
441,11:29:01,3.49,0.0,154,53746,买盘
442,11:29:06,3.49,0.0,20,6980,买盘
443,11:29:12,3.48,-0.01,6,2088,卖盘
444,11:29:15,3.49,0.01,32,11168,买盘
445,11:29:24,3.49,0.0,30,10470,买盘
446,11:29:30,3.48,-0.01,60,20880,卖盘
447,11:29:33,3.49,0.01,160,55840,买盘
448,11:29:48,3.49,0.0,60,20910,买盘
449,11:30:01,3.49,0.0,6,2094,买盘
450,13:00:04,3.49,0.0,1048,365721,买盘
451,13:00:07,3.49,0.0,97,33853,买盘
452,13:00:09,3.49,0.0,4,1396,买盘
453,13:00:18,3.49,0.0,10,3490,买盘
454,13:00:21,3.49,0.0,185,64565,买盘
455,13:00:27,3.49,0.0,37,12913,买盘
456,13:00:30,3.49,0.0,30,10470,买盘
457,13:00:40,3.49,0.0,26,9074,买盘
458,13:00:43,3.49,0.0,12,4188,卖盘
459,13:00:46,3.49,0.0,6,2094,买盘
460,13:00:48,3.49,0.0,25,8725,买盘
461,13:00:51,3.49,0.0,1,349,卖盘
462,13:00:54,3.49,0.0,165,57585,卖盘
463,13:00:57,3.49,0.0,17,5933,买盘
464,13:01:30,3.49,0.0,10,3490,买盘
465,13:01:39,3.48,-0.01,150,52200,卖盘
466,13:02:04,3.48,0.0,375,130500,卖盘
467,13:02:12,3.49,0.01,100,34900,买盘
468,13:02:15,3.48,-0.01,10,3480,卖盘
469,13:02:42,3.48,0.0,30,10440,卖盘
470,13:02:48,3.48,0.0,30,10440,卖盘
471,13:02:51,3.48,0.0,20,6960,卖盘
472,13:02:54,3.48,0.0,200,69600,卖盘
473,13:02:57,3.48,0.0,225,78300,卖盘
474,13:03:06,3.48,0.0,5,1740,买盘
475,13:03:36,3.48,0.0,20,6960,买盘
476,13:03:42,3.48,0.0,9,3132,买盘
477,13:03:54,3.48,0.0,33,11484,买盘
478,13:03:57,3.48,0.0,10,3480,买盘
479,13:04:09,3.48,0.0,511,177828,买盘
480,13:04:12,3.48,0.0,10,3480,买盘
481,13:06:21,3.48,0.0,1,348,买盘
482,13:06:27,3.48,0.0,57,19836,买盘
483,13:06:54,3.48,0.0,10,3480,买盘
484,13:07:00,3.48,0.0,80,27840,买盘
485,13:07:12,3.47,-0.01,10,3470,卖盘
486,13:08:18,3.47,0.0,1,347,卖盘
487,13:09:15,3.48,0.01,10,3480,买盘
488,13:09:27,3.48,0.0,10,3480,买盘
489,13:09:31,3.48,0.0,12,4176,买盘
490,13:09:48,3.48,0.0,75,26100,买盘
491,13:10:06,3.47,-0.01,1,347,卖盘
492,13:10:15,3.47,0.0,17,5899,卖盘
493,13:10:36,3.47,0.0,100,34700,卖盘
494,13:10:57,3.47,0.0,1,347,卖盘
495,13:11:12,3.48,0.01,20,6960,买盘
496,13:11:24,3.48,0.0,60,20880,买盘
497,13:11:30,3.47,-0.01,10,3470,卖盘
498,13:11:55,3.47,0.0,30,10410,卖盘
499,13:12:33,3.48,0.01,377,131196,买盘
500,13:13:30,3.47,-0.01,6,2082,卖盘
501,13:13:49,3.48,0.01,105,36540,买盘
502,13:14:06,3.48,0.0,128,44544,买盘
503,13:14:33,3.48,0.0,12,4176,买盘
504,13:15:36,3.47,-0.01,110,38270,卖盘
505,13:15:54,3.48,0.01,20,6960,买盘
506,13:16:19,3.47,-0.01,135,46845,卖盘
507,13:17:45,3.47,0.0,31,10757,卖盘
508,13:17:54,3.47,0.0,10,3470,卖盘
509,13:17:57,3.47,0.0,220,76340,卖盘
510,13:18:06,3.47,0.0,1,347,卖盘
511,13:18:21,3.47,0.0,50,17350,卖盘
512,13:19:21,3.47,0.0,74,25678,卖盘
513,13:20:06,3.48,0.01,150,52200,买盘
514,13:20:45,3.47,-0.01,40,13880,卖盘
515,13:20:54,3.48,0.01,1,348,买盘
516,13:21:30,3.47,-0.01,27,9369,卖盘
517,13:21:33,3.48,0.01,3,1044,买盘
518,13:21:52,3.47,-0.01,8,2776,卖盘
519,13:22:06,3.47,0.0,100,34700,卖盘
520,13:22:21,3.47,0.0,3,1041,卖盘
521,13:22:27,3.47,0.0,187,64889,卖盘
522,13:22:30,3.47,0.0,200,69400,卖盘
523,13:22:36,3.47,0.0,63,21861,卖盘
524,13:22:39,3.47,0.0,92,31924,卖盘
525,13:22:46,3.47,0.0,97,33659,卖盘
526,13:22:49,3.47,0.0,131,45457,卖盘
527,13:23:13,3.47,0.0,25,8675,卖盘
528,13:23:15,3.47,0.0,44,15268,卖盘
529,13:23:21,3.47,0.0,42,14574,卖盘
530,13:23:45,3.46,-0.01,10,3460,卖盘
531,13:24:45,3.47,0.01,18,6246,买盘
532,13:25:21,3.46,-0.01,22,7612,卖盘
533,13:26:10,3.47,0.01,7,2429,买盘
534,13:26:15,3.46,-0.01,20,6920,卖盘
535,13:27:06,3.46,0.0,1,346,卖盘
536,13:27:21,3.47,0.01,25,8675,买盘
537,13:28:27,3.47,0.0,94,32618,买盘
538,13:29:04,3.47,0.0,10,3470,买盘
539,13:29:12,3.47,0.0,30,10410,买盘
540,13:29:21,3.47,0.0,65,22555,买盘
541,13:30:06,3.47,0.0,97,33659,买盘
542,13:30:39,3.47,0.0,50,17350,卖盘
543,13:31:39,3.47,0.0,20,6940,卖盘
544,13:31:54,3.48,0.01,1,348,买盘
545,13:31:58,3.47,-0.01,12,4164,卖盘
546,13:32:15,3.47,0.0,34,11798,卖盘
547,13:32:27,3.47,0.0,30,10410,卖盘
548,13:32:57,3.48,0.01,52,18096,买盘
549,13:33:27,3.47,-0.01,300,104100,卖盘
550,13:33:39,3.48,0.01,500,174000,买盘
551,13:33:54,3.47,-0.01,50,17350,卖盘
552,13:33:57,3.47,0.0,50,17350,买盘
553,13:34:00,3.47,0.0,23,7981,买盘
554,13:34:18,3.46,-0.01,20,6920,卖盘
555,13:35:39,3.46,0.0,30,10380,卖盘
556,13:35:48,3.46,0.0,33,11418,卖盘
557,13:35:51,3.46,0.0,4,1384,卖盘
558,13:36:16,3.47,0.01,59,20473,买盘
559,13:37:09,3.46,-0.01,103,35638,卖盘
560,13:37:33,3.46,0.0,3,1038,卖盘
561,13:38:24,3.46,0.0,3,1038,卖盘
562,13:39:24,3.46,0.0,30,10380,卖盘
563,13:39:33,3.46,0.0,30,10380,卖盘
564,13:40:27,3.46,0.0,90,31140,卖盘
565,13:40:30,3.46,0.0,50,17300,卖盘
566,13:40:45,3.46,0.0,35,12110,卖盘
567,13:41:09,3.46,0.0,20,6920,卖盘
568,13:41:45,3.46,0.0,10,3460,卖盘
569,13:41:51,3.46,0.0,5,1730,卖盘
570,13:42:15,3.46,0.0,50,17300,卖盘
571,13:42:24,3.46,0.0,5,1730,卖盘
572,13:43:33,3.46,0.0,10,3460,卖盘
573,13:44:15,3.47,0.01,103,35741,买盘
574,13:45:30,3.47,0.0,28,9716,买盘
575,13:45:48,3.46,-0.01,108,37368,卖盘
576,13:46:36,3.47,0.01,40,13880,买盘
577,13:47:42,3.47,0.0,3,1041,买盘
578,13:48:15,3.46,-0.01,110,38060,卖盘
579,13:48:33,3.46,0.0,80,27680,卖盘
580,13:49:21,3.47,0.01,1,347,买盘
581,13:50:12,3.47,0.0,5,1735,买盘
582,13:50:31,3.46,-0.01,422,146012,卖盘
583,13:50:33,3.46,0.0,19,6574,卖盘
584,13:51:21,3.46,0.0,30,10380,卖盘
585,13:52:27,3.47,0.01,30,10410,买盘
586,13:52:57,3.47,0.0,7,2429,买盘
587,13:53:06,3.46,-0.01,20,6920,卖盘
588,13:53:54,3.47,0.01,1,347,买盘
589,13:55:36,3.46,-0.01,34,11764,卖盘
590,13:55:54,3.47,0.01,100,34700,买盘
591,13:56:00,3.46,-0.01,12,4152,卖盘
592,13:56:04,3.46,0.0,2,692,卖盘
593,13:56:06,3.46,0.0,300,103800,卖盘
594,13:56:12,3.46,0.0,10,3460,卖盘
595,13:56:15,3.46,0.0,8,2768,卖盘
596,13:56:18,3.46,0.0,2,692,卖盘
597,13:57:18,3.46,0.0,7,2422,卖盘
598,13:57:54,3.47,0.01,10,3470,买盘
599,14:00:21,3.47,0.0,2,694,买盘
600,14:01:30,3.46,-0.01,13,4498,卖盘
601,14:02:07,3.46,0.0,68,23528,卖盘
602,14:02:12,3.46,0.0,38,13148,卖盘
603,14:02:24,3.46,0.0,100,34600,卖盘
604,14:02:36,3.46,0.0,48,16608,卖盘
605,14:02:45,3.46,0.0,17,5882,卖盘
606,14:02:48,3.46,0.0,1,346,卖盘
607,14:03:06,3.46,0.0,33,11418,卖盘
608,14:03:09,3.46,0.0,10,3460,买盘
609,14:03:39,3.45,-0.01,35,12075,卖盘
610,14:04:18,3.46,0.01,9,3114,买盘
611,14:04:24,3.45,-0.01,20,6900,卖盘
612,14:04:27,3.46,0.01,10,3460,买盘
613,14:04:57,3.46,0.0,10,3460,买盘
614,14:05:04,3.45,-0.01,3,1035,卖盘
615,14:06:00,3.45,0.0,5,1725,卖盘
616,14:06:54,3.46,0.01,50,17300,买盘
617,14:07:01,3.46,0.0,4,1384,买盘
618,14:07:04,3.46,0.0,42,14532,买盘
619,14:07:06,3.46,0.0,10,3460,买盘
620,14:07:10,3.46,0.0,17,5882,买盘
621,14:07:13,3.46,0.0,5,1730,买盘
622,14:07:15,3.46,0.0,178,61588,买盘
623,14:07:18,3.47,0.01,10,3470,买盘
624,14:08:00,3.47,0.0,977,339019,买盘
625,14:08:15,3.47,0.0,106,36782,买盘
626,14:08:18,3.47,0.0,44,15268,买盘
627,14:08:21,3.47,0.0,30,10410,买盘
628,14:08:24,3.47,0.0,100,34700,买盘
629,14:08:27,3.47,0.0,59,20473,买盘
630,14:08:45,3.47,0.0,70,24290,买盘
631,14:08:48,3.47,0.0,35,12145,买盘
632,14:09:22,3.47,0.0,7,2429,卖盘
633,14:09:46,3.47,0.0,200,69400,卖盘
634,14:10:06,3.47,0.0,15,5205,卖盘
635,14:11:30,3.47,0.0,30,10410,卖盘
636,14:12:04,3.47,0.0,20,6940,卖盘
637,14:12:16,3.48,0.01,1,348,买盘
638,14:12:28,3.47,-0.01,1,347,卖盘
639,14:12:39,3.47,0.0,6,2082,卖盘
640,14:12:42,3.47,0.0,26,9022,卖盘
641,14:12:45,3.47,0.0,4,1388,卖盘
642,14:12:55,3.47,0.0,1,347,卖盘
643,14:12:58,3.47,0.0,15,5205,卖盘
644,14:13:00,3.47,0.0,3,1041,卖盘
645,14:13:04,3.47,0.0,1,347,卖盘
646,14:13:18,3.47,0.0,35,12145,卖盘
647,14:13:36,3.47,0.0,6,2082,卖盘
648,14:13:42,3.48,0.01,483,168084,买盘
649,14:13:51,3.48,0.0,40,13920,买盘
650,14:14:10,3.48,0.0,30,10440,买盘
651,14:14:54,3.48,0.0,20,6960,买盘
652,14:15:00,3.47,-0.01,1,347,卖盘
653,14:15:04,3.47,0.0,1,347,卖盘
654,14:15:45,3.47,0.0,1,347,卖盘
655,14:16:15,3.47,0.0,4,1388,卖盘
656,14:16:21,3.47,0.0,10,3470,卖盘
657,14:16:24,3.48,0.01,726,252648,买盘
658,14:16:27,3.48,0.0,10,3480,买盘
659,14:16:51,3.48,0.0,5,1740,买盘
660,14:16:57,3.48,0.0,159,55332,买盘
661,14:17:06,3.48,0.0,4,1392,卖盘
662,14:17:21,3.48,0.0,20,6960,卖盘
663,14:17:27,3.48,0.0,15,5220,卖盘
664,14:17:36,3.48,0.0,19,6612,卖盘
665,14:17:39,3.48,0.0,2,696,卖盘
666,14:17:42,3.48,0.0,2,696,卖盘
667,14:17:57,3.48,0.0,214,74472,卖盘
668,14:18:21,3.48,0.0,10,3480,买盘
669,14:18:27,3.48,0.0,10,3480,买盘
670,14:18:46,3.48,0.0,24,8352,买盘
671,14:18:55,3.47,-0.01,745,258623,卖盘
672,14:19:00,3.49,0.02,556,193132,买盘
673,14:19:04,3.49,0.0,20,6980,买盘
674,14:19:33,3.48,-0.01,133,46284,买盘
675,14:19:36,3.48,0.0,7,2436,卖盘
676,14:19:51,3.48,0.0,15,5220,卖盘
677,14:20:10,3.48,0.0,15,5220,卖盘
678,14:20:25,3.49,0.01,8,2792,买盘
679,14:20:30,3.48,-0.01,2,696,卖盘
680,14:20:43,3.48,0.0,206,71688,卖盘
681,14:21:16,3.47,-0.01,2,625,卖盘
682,14:21:34,3.47,0.0,9,3123,卖盘
683,14:21:51,3.47,0.0,50,17350,卖盘
684,14:22:40,3.48,0.01,20,6960,买盘
685,14:23:04,3.47,-0.01,100,34700,卖盘
686,14:23:33,3.47,0.0,100,34700,卖盘
687,14:23:55,3.47,0.0,5,1735,卖盘
688,14:24:04,3.47,0.0,50,17350,卖盘
689,14:24:33,3.48,0.01,10,3480,买盘
690,14:25:10,3.48,0.0,1,348,买盘
691,14:25:54,3.47,-0.01,1,347,卖盘
692,14:26:15,3.47,0.0,12,4164,卖盘
693,14:26:45,3.47,0.0,1,347,卖盘
694,14:26:48,3.48,0.01,18,6264,买盘
695,14:27:00,3.48,0.0,20,6960,买盘
696,14:27:24,3.48,0.0,34,11832,买盘
697,14:27:28,3.48,0.0,9,3132,买盘
698,14:28:24,3.48,0.0,6,2088,买盘
699,14:28:27,3.47,-0.01,12,4164,卖盘
700,14:28:36,3.47,0.0,9,3125,卖盘
701,14:28:54,3.47,0.0,4,1388,卖盘
702,14:30:09,3.48,0.01,101,35148,买盘
703,14:30:12,3.47,-0.01,200,69400,卖盘
704,14:30:37,3.48,0.01,28,9744,买盘
705,14:30:49,3.47,-0.01,700,243100,卖盘
706,14:30:55,3.48,0.01,17,5916,买盘
707,14:31:28,3.48,0.0,1,348,买盘
708,14:31:30,3.48,0.0,29,10092,买盘
709,14:31:39,3.48,0.0,330,114840,买盘
710,14:31:46,3.48,0.0,104,36192,买盘
711,14:31:48,3.48,0.0,26,9048,买盘
712,14:31:51,3.48,0.0,100,34800,买盘
713,14:32:00,3.47,-0.01,37,12839,卖盘
714,14:32:04,3.47,0.0,2,694,卖盘
715,14:32:09,3.48,0.01,10,3480,买盘
716,14:32:13,3.47,-0.01,10,3470,卖盘
717,14:32:33,3.48,0.01,5,1740,买盘
718,14:32:40,3.48,0.0,21,7308,买盘
719,14:32:48,3.47,-0.01,20,6940,卖盘
720,14:33:39,3.47,0.0,50,17350,卖盘
721,14:33:51,3.47,0.0,5,1735,卖盘
722,14:34:12,3.47,0.0,270,93690,卖盘
723,14:34:21,3.47,0.0,480,166560,卖盘
724,14:34:25,3.48,0.01,20,6960,买盘
725,14:34:33,3.48,0.0,10,3480,买盘
726,14:34:46,3.47,-0.01,15,5205,卖盘
727,14:35:00,3.48,0.01,76,26448,买盘
728,14:35:15,3.48,0.0,2,696,买盘
729,14:35:37,3.47,-0.01,40,13880,卖盘
730,14:35:43,3.48,0.01,1,348,买盘
731,14:36:10,3.47,-0.01,42,14574,卖盘
732,14:36:19,3.47,0.0,100,34700,卖盘
733,14:36:25,3.48,0.01,11,3828,买盘
734,14:36:57,3.48,0.0,2031,706788,买盘
735,14:37:24,3.48,0.0,96,33408,买盘
736,14:37:31,3.48,0.0,50,17400,买盘
737,14:37:55,3.48,0.0,40,13920,买盘
738,14:38:45,3.48,0.0,9,3132,买盘
739,14:39:01,3.48,0.0,40,13920,买盘
740,14:39:04,3.47,-0.01,15,5205,卖盘
741,14:39:12,3.48,0.01,7,2436,买盘
742,14:39:25,3.48,0.0,48,16704,买盘
743,14:41:46,3.47,-0.01,100,34700,卖盘
744,14:41:54,3.47,0.0,30,10410,卖盘
745,14:43:46,3.48,0.01,32,11136,买盘
746,14:43:54,3.48,0.0,64,22272,买盘
747,14:43:58,3.47,-0.01,40,13880,卖盘
748,14:44:06,3.47,0.0,73,25331,卖盘
749,14:44:36,3.48,0.01,66,22968,买盘
750,14:44:51,3.47,-0.01,14,4858,卖盘
751,14:44:58,3.48,0.01,10,3480,买盘
752,14:45:01,3.48,0.0,71,24708,买盘
753,14:45:21,3.48,0.0,64,22272,买盘
754,14:45:37,3.47,-0.01,20,6940,卖盘
755,14:46:01,3.48,0.01,62,21576,买盘
756,14:46:04,3.47,-0.01,10,3470,卖盘
757,14:46:09,3.48,0.01,22,7656,买盘
758,14:46:12,3.48,0.0,36,12528,买盘
759,14:46:21,3.48,0.0,70,24360,买盘
760,14:46:27,3.48,0.0,4,1392,买盘
761,14:46:31,3.47,-0.01,1,347,卖盘
762,14:46:42,3.48,0.01,47,16356,买盘
763,14:46:45,3.47,-0.01,35,12145,卖盘
764,14:46:54,3.48,0.01,1,348,买盘
765,14:47:13,3.47,-0.01,4,1388,卖盘
766,14:47:22,3.48,0.01,30,10440,买盘
767,14:47:58,3.48,0.0,100,34800,买盘
768,14:48:37,3.47,-0.01,20,6940,卖盘
769,14:48:46,3.48,0.01,200,69600,买盘
770,14:49:16,3.47,-0.01,2,694,卖盘
771,14:49:31,3.47,0.0,71,24637,卖盘
772,14:49:48,3.47,0.0,13,4511,卖盘
773,14:49:54,3.47,0.0,30,10410,卖盘
774,14:50:06,3.47,0.0,80,27760,卖盘
775,14:50:24,3.48,0.01,148,51502,买盘
776,14:50:30,3.47,-0.01,15,5205,卖盘
777,14:50:39,3.48,0.01,32,11136,买盘
778,14:50:42,3.48,0.0,66,22961,买盘
779,14:50:45,3.48,0.0,30,10440,买盘
780,14:51:01,3.48,0.0,85,29580,买盘
781,14:51:04,3.48,0.0,82,28536,买盘
782,14:51:10,3.48,0.0,111,38628,买盘
783,14:51:22,3.48,0.0,94,32712,买盘
784,14:51:25,3.48,0.0,60,20880,买盘
785,14:51:28,3.48,0.0,50,17400,买盘
786,14:51:34,3.48,0.0,20,6960,买盘
787,14:51:36,3.47,-0.01,42,14574,卖盘
788,14:51:39,3.48,0.01,212,73776,买盘
789,14:51:42,3.48,0.0,62,21576,买盘
790,14:51:45,3.48,0.0,85,29580,买盘
791,14:51:48,3.48,0.0,68,23664,买盘
792,14:51:52,3.48,0.0,50,17400,买盘
793,14:51:55,3.47,-0.01,1,347,卖盘
794,14:51:58,3.47,0.0,18,6252,卖盘
795,14:52:01,3.48,0.01,70,24360,买盘
796,14:52:04,3.48,0.0,60,20880,买盘
797,14:52:06,3.48,0.0,85,29580,买盘
798,14:52:12,3.48,0.0,10,3480,买盘
799,14:52:24,3.48,0.0,59,20532,买盘
800,14:52:27,3.48,0.0,95,33060,买盘
801,14:52:37,3.48,0.0,16,5568,买盘
802,14:52:43,3.48,0.0,60,20880,买盘
803,14:52:49,3.48,0.0,6,2088,买盘
804,14:52:52,3.48,0.0,91,31668,买盘
805,14:53:04,3.48,0.0,74,25739,买盘
806,14:53:06,3.47,-0.01,10,3470,卖盘
807,14:53:25,3.48,0.01,66,22968,买盘
808,14:53:36,3.48,0.0,22,7656,买盘
809,14:53:39,3.48,0.0,581,202188,买盘
810,14:53:42,3.48,0.0,60,20880,买盘
811,14:53:45,3.48,0.0,110,38280,买盘
812,14:54:01,3.48,0.0,93,32364,买盘
813,14:54:04,3.47,-0.01,5,1735,卖盘
814,14:54:16,3.48,0.01,59,20532,买盘
815,14:54:22,3.48,0.0,85,29580,买盘
816,14:54:25,3.48,0.0,103,35844,买盘
817,14:54:34,3.47,-0.01,4,1388,卖盘
818,14:54:36,3.48,0.01,1,348,买盘
819,14:54:42,3.48,0.0,134,46632,买盘
820,14:54:45,3.48,0.0,57,19836,买盘
821,14:54:49,3.48,0.0,497,172956,买盘
822,14:55:06,3.48,0.0,109,37932,买盘
823,14:55:12,3.48,0.0,1,348,买盘
824,14:55:16,3.48,0.0,106,36888,买盘
825,14:55:18,3.48,0.0,96,33408,买盘
826,14:55:27,3.48,0.0,175,60900,买盘
827,14:55:33,3.48,0.0,202,70296,买盘
828,14:55:36,3.48,0.0,40,13920,买盘
829,14:55:39,3.48,0.0,563,195924,买盘
830,14:55:42,3.48,0.0,100,34800,卖盘
831,14:55:52,3.49,0.01,19,6631,买盘
832,14:56:06,3.48,-0.01,5,1740,卖盘
833,14:56:09,3.49,0.01,6,2094,买盘
834,14:56:13,3.49,0.0,9,3141,买盘
835,14:56:16,3.49,0.0,53,18497,买盘
836,14:56:19,3.49,0.0,6,2094,买盘
837,14:56:28,3.48,-0.01,20,6960,卖盘
838,14:56:37,3.48,0.0,3,1044,卖盘
839,14:56:43,3.49,0.01,20,6980,买盘
840,14:56:52,3.48,-0.01,10,3480,卖盘
841,14:57:01,3.49,0.01,62,21638,买盘
842,15:00:04,3.49,0.0,582,203118,卖盘
