,time,price,change,volume,amount,type
0,09:25:04,29.45,-0.35,549,1616805,买盘
1,09:30:01,29.45,0.0,14,41260,卖盘
2,09:30:04,29.5,0.05,806,2376748,买盘
3,09:30:07,29.5,0.0,78,229844,买盘
4,09:30:09,29.5,0.0,125,368736,买盘
5,09:30:13,29.53,0.03,13,38359,买盘
6,09:30:16,29.5,-0.03,21,61959,卖盘
7,09:30:18,29.53,0.03,58,171286,中性盘
8,09:30:22,29.51,-0.02,76,224307,卖盘
9,09:30:25,29.51,0.0,113,333555,卖盘
10,09:30:27,29.51,0.0,73,215495,卖盘
11,09:30:31,29.51,0.0,20,59016,买盘
12,09:30:34,29.48,-0.03,53,156332,卖盘
13,09:30:37,29.45,-0.03,51,150242,卖盘
14,09:30:40,29.45,0.0,26,76555,买盘
15,09:30:43,29.42,-0.03,49,144172,卖盘
16,09:30:46,29.43,0.01,12,35338,中性盘
17,09:30:49,29.42,-0.01,78,229478,卖盘
18,09:30:52,29.43,0.01,43,126551,中性盘
19,09:30:55,29.43,0.0,61,179487,卖盘
20,09:30:58,29.42,-0.01,31,91212,卖盘
21,09:31:00,29.45,0.03,46,135363,买盘
22,09:31:04,29.41,-0.04,30,85343,卖盘
23,09:31:06,29.42,0.01,40,117651,买盘
24,09:31:10,29.42,0.0,54,158831,买盘
25,09:31:13,29.41,-0.01,25,73527,卖盘
26,09:31:16,29.41,0.0,59,173455,中性盘
27,09:31:18,29.39,-0.02,36,105852,卖盘
28,09:31:22,29.42,0.03,71,211704,买盘
29,09:31:25,29.39,-0.03,62,182343,卖盘
30,09:31:28,29.43,0.04,56,164830,买盘
31,09:31:31,29.39,-0.04,81,235296,卖盘
32,09:31:34,29.39,0.0,19,55841,买盘
33,09:31:37,29.39,0.0,78,229234,买盘
34,09:31:40,29.39,0.0,102,302645,买盘
35,09:31:42,29.4,0.01,30,88200,卖盘
36,09:31:45,29.45,0.05,27,79426,买盘
37,09:31:49,29.45,0.0,22,64751,买盘
38,09:31:52,29.45,0.0,71,209085,买盘
39,09:31:54,29.44,-0.01,15,44170,中性盘
40,09:31:58,29.45,0.01,9,26485,买盘
41,09:32:01,29.43,-0.02,9,26491,卖盘
42,09:32:04,29.43,0.0,33,97150,买盘
43,09:32:06,29.43,0.0,39,114802,买盘
44,09:32:10,29.45,0.02,50,147155,买盘
45,09:32:13,29.46,0.01,19,55962,买盘
46,09:32:16,29.42,-0.04,30,88230,买盘
47,09:32:19,29.41,-0.01,54,158867,中性盘
48,09:32:22,29.42,0.01,34,99949,买盘
49,09:32:25,29.42,0.0,34,97717,买盘
50,09:32:27,29.43,0.01,60,176445,买盘
51,09:32:31,29.43,0.0,37,108945,卖盘
52,09:32:33,29.45,0.02,6,17664,中性盘
53,09:32:37,29.45,0.0,16,47132,卖盘
54,09:32:40,29.45,0.0,43,126564,买盘
55,09:32:43,29.45,0.0,14,41212,买盘
56,09:32:46,29.45,0.0,62,182143,买盘
57,09:32:49,29.47,0.02,6,17681,买盘
58,09:32:52,29.44,-0.03,28,82460,卖盘
59,09:32:55,29.43,-0.01,36,106014,卖盘
60,09:32:58,29.46,0.03,19,55974,买盘
61,09:33:01,29.45,-0.01,21,61860,卖盘
62,09:33:04,29.47,0.02,23,67735,买盘
63,09:33:07,29.46,-0.01,7,20628,卖盘
64,09:33:10,29.46,0.0,12,35361,卖盘
65,09:33:12,29.49,0.03,19,55997,买盘
66,09:33:16,29.46,-0.03,10,29472,卖盘
67,09:33:19,29.49,0.03,42,123777,买盘
68,09:33:22,29.45,-0.04,67,197373,卖盘
69,09:33:25,29.45,0.0,41,120745,买盘
70,09:33:28,29.43,-0.02,148,435757,卖盘
71,09:33:31,29.42,-0.01,69,203103,卖盘
72,09:33:34,29.45,0.03,9,26503,买盘
73,09:33:36,29.42,-0.03,55,161913,卖盘
74,09:33:39,29.42,0.0,41,120693,卖盘
75,09:33:43,29.42,0.0,12,35304,买盘
76,09:33:46,29.42,0.0,53,155994,中性盘
77,09:33:49,29.42,0.0,1,2942,卖盘
78,09:33:52,29.44,0.02,10,29440,买盘
79,09:33:55,29.42,-0.02,21,61787,卖盘
80,09:33:58,29.42,0.0,50,147100,卖盘
81,09:34:01,29.44,0.02,60,176589,买盘
82,09:34:04,29.42,-0.02,37,108854,卖盘
83,09:34:07,29.43,0.01,19,55900,买盘
84,09:34:10,29.42,-0.01,103,302877,买盘
85,09:34:13,29.42,0.0,9,26486,卖盘
86,09:34:16,29.44,0.02,22,64758,买盘
87,09:34:19,29.43,-0.01,34,100092,中性盘
88,09:34:22,29.44,0.01,9,26491,中性盘
89,09:34:25,29.45,0.01,6,17670,买盘
90,09:34:28,29.41,-0.04,184,544059,卖盘
91,09:34:33,29.39,-0.02,74,214988,卖盘
92,09:34:37,29.37,-0.02,104,308163,卖盘
93,09:34:39,29.37,0.0,17,49919,买盘
94,09:34:42,29.37,0.0,84,246411,买盘
95,09:34:46,29.32,-0.05,32,93883,卖盘
96,09:34:49,29.32,0.0,123,359010,卖盘
97,09:34:52,29.32,0.0,67,198178,卖盘
98,09:34:55,29.32,0.0,35,102610,买盘
99,09:34:58,29.28,-0.04,76,222634,卖盘
100,09:35:01,29.29,0.01,29,84960,中性盘
101,09:35:04,29.28,-0.01,63,184501,卖盘
102,09:35:06,29.28,0.0,15,43910,买盘
103,09:35:10,29.26,-0.02,48,140464,卖盘
104,09:35:13,29.26,0.0,12,35102,买盘
105,09:35:16,29.24,-0.02,17,49720,卖盘
106,09:35:19,29.26,0.02,74,216507,买盘
107,09:35:22,29.26,0.0,78,228184,买盘
108,09:35:25,29.26,0.0,66,193124,卖盘
109,09:35:28,29.24,-0.02,60,175524,卖盘
110,09:35:31,29.25,0.01,30,87791,买盘
111,09:35:34,29.25,0.0,14,40950,买盘
112,09:35:36,29.24,-0.01,269,786999,卖盘
113,09:35:40,29.26,0.02,35,102400,中性盘
114,09:35:43,29.25,-0.01,74,216600,卖盘
115,09:35:46,29.26,0.01,59,172587,中性盘
116,09:35:49,29.25,-0.01,32,93725,卖盘
117,09:35:52,29.3,0.05,117,342522,中性盘
118,09:35:55,29.25,-0.05,11,32177,卖盘
119,09:35:58,29.3,0.05,7,20498,买盘
120,09:36:01,29.3,0.0,89,260639,卖盘
121,09:36:04,29.35,0.05,15,43960,买盘
122,09:36:06,29.35,0.0,26,76304,买盘
123,09:36:09,29.36,0.01,3,8806,买盘
124,09:36:13,29.35,-0.01,14,41095,卖盘
125,09:36:16,29.35,0.0,55,161263,卖盘
126,09:36:19,29.36,0.01,16,46967,买盘
127,09:36:22,29.35,-0.01,16,46970,卖盘
128,09:36:25,29.35,0.0,15,44020,买盘
129,09:36:27,29.37,0.02,8,23485,买盘
130,09:36:31,29.33,-0.04,38,111554,卖盘
131,09:36:34,29.35,0.02,22,64586,卖盘
132,09:36:36,29.35,0.0,8,23480,买盘
133,09:36:39,29.35,0.0,6,17612,卖盘
134,09:36:43,29.36,0.01,5,14680,买盘
135,09:36:46,29.36,0.0,5,14682,卖盘
136,09:36:49,29.37,0.01,3,8811,买盘
137,09:36:52,29.36,-0.01,52,152676,卖盘
138,09:36:54,29.37,0.01,26,74624,买盘
139,09:36:58,29.37,0.0,13,38181,卖盘
140,09:37:01,29.4,0.03,21,61708,买盘
141,09:37:05,29.37,-0.03,13,38190,卖盘
142,09:37:07,29.37,0.0,6,17637,卖盘
143,09:37:10,29.4,0.03,50,147002,买盘
144,09:37:12,29.4,0.0,61,179340,卖盘
145,09:37:16,29.4,0.0,15,44422,买盘
146,09:37:22,29.37,-0.03,59,172994,卖盘
147,09:37:24,29.4,0.03,18,52892,买盘
148,09:37:27,29.37,-0.03,25,73431,卖盘
149,09:37:31,29.39,0.02,12,35252,买盘
150,09:37:34,29.37,-0.02,76,224970,卖盘
151,09:37:37,29.36,-0.01,15,44067,卖盘
152,09:37:39,29.37,0.01,11,32307,买盘
153,09:37:43,29.35,-0.02,23,67507,卖盘
154,09:37:46,29.31,-0.04,36,102965,卖盘
155,09:37:52,29.34,0.03,10,29340,买盘
156,09:37:54,29.33,-0.01,3,8801,卖盘
157,09:37:58,29.34,0.01,15,44004,买盘
158,09:38:04,29.33,-0.01,9,26398,卖盘
159,09:38:07,29.34,0.01,47,137849,买盘
160,09:38:09,29.33,-0.01,26,76257,买盘
161,09:38:13,29.32,-0.01,14,41053,卖盘
162,09:38:16,29.33,0.01,11,32262,买盘
163,09:38:18,29.32,-0.01,14,41055,卖盘
164,09:38:22,29.33,0.01,13,38129,买盘
165,09:38:25,29.33,0.0,64,187712,卖盘
166,09:38:28,29.35,0.02,14,41084,买盘
167,09:38:31,29.33,-0.02,40,117351,卖盘
168,09:38:33,29.35,0.02,9,26410,卖盘
169,09:38:37,29.37,0.02,23,67509,买盘
170,09:38:39,29.35,-0.02,21,61669,卖盘
171,09:38:42,29.33,-0.02,82,240621,卖盘
172,09:38:46,29.37,0.04,19,55803,买盘
173,09:38:49,29.33,-0.04,2,5868,卖盘
174,09:38:52,29.35,0.02,4,11741,卖盘
175,09:38:55,29.36,0.01,5,14680,买盘
176,09:38:58,29.36,0.0,11,32292,买盘
177,09:39:00,29.36,0.0,21,61641,买盘
178,09:39:05,29.37,0.01,11,32297,买盘
179,09:39:06,29.36,-0.01,10,29360,卖盘
180,09:39:10,29.36,0.0,44,129192,卖盘
181,09:39:13,29.36,0.0,2,5872,买盘
182,09:39:16,29.36,0.0,18,52848,买盘
183,09:39:19,29.36,0.0,16,46966,买盘
184,09:39:22,29.34,-0.02,46,135337,卖盘
185,09:39:25,29.36,0.02,12,35227,买盘
186,09:39:27,29.34,-0.02,238,697451,卖盘
187,09:39:31,29.35,0.01,30,88020,买盘
188,09:39:37,29.31,-0.04,37,111056,卖盘
189,09:39:40,29.31,0.0,15,43964,买盘
190,09:39:42,29.3,-0.01,62,181665,卖盘
191,09:39:46,29.27,-0.03,59,172734,卖盘
192,09:39:49,29.27,0.0,3,8781,买盘
193,09:39:52,29.26,-0.01,64,187299,卖盘
194,09:39:55,29.26,0.0,47,137528,卖盘
195,09:39:58,29.29,0.03,30,87840,买盘
196,09:40:01,29.26,-0.03,11,32187,卖盘
197,09:40:04,29.26,0.0,17,49768,卖盘
198,09:40:07,29.27,0.01,12,35118,中性盘
199,09:40:10,29.27,0.0,17,46966,卖盘
200,09:40:12,29.26,-0.01,31,90722,卖盘
201,09:40:15,29.28,0.02,14,40974,买盘
202,09:40:18,29.26,-0.02,40,117051,卖盘
203,09:40:22,29.26,0.0,33,96926,卖盘
204,09:40:25,29.27,0.01,12,35130,中性盘
205,09:40:28,29.25,-0.02,61,178501,卖盘
206,09:40:31,29.29,0.04,12,35140,买盘
207,09:40:34,29.29,0.0,17,49793,卖盘
208,09:40:36,29.3,0.01,17,49805,买盘
209,09:40:40,29.29,-0.01,49,143521,卖盘
210,09:40:43,29.29,0.0,15,43935,买盘
211,09:40:46,29.29,0.0,6,17574,买盘
212,09:40:49,29.27,-0.02,6,17566,卖盘
213,09:40:52,29.27,0.0,76,222429,卖盘
214,09:40:55,29.27,0.0,5,14635,卖盘
215,09:40:58,29.27,0.0,28,81961,卖盘
216,09:41:01,29.27,0.0,37,108284,买盘
217,09:41:03,29.27,0.0,1,2927,卖盘
218,09:41:07,29.3,0.03,129,379221,买盘
219,09:41:10,29.27,-0.03,24,68750,卖盘
220,09:41:13,29.27,0.0,34,99518,买盘
221,09:41:16,29.27,0.0,12,36657,买盘
222,09:41:19,29.27,0.0,10,29294,卖盘
223,09:41:22,29.26,-0.01,29,83343,卖盘
224,09:41:25,29.26,0.0,9,26334,买盘
225,09:41:28,29.25,-0.01,37,108236,卖盘
226,09:41:31,29.26,0.01,26,76069,买盘
227,09:41:33,29.24,-0.02,136,400214,卖盘
228,09:41:37,29.25,0.01,91,266081,买盘
229,09:41:40,29.23,-0.02,13,38019,卖盘
230,09:41:43,29.24,0.01,13,38007,买盘
231,09:41:45,29.21,-0.03,203,593334,卖盘
232,09:41:49,29.21,0.0,45,131445,卖盘
233,09:41:51,29.2,-0.01,111,324148,卖盘
234,09:41:55,29.18,-0.02,16,46699,卖盘
235,09:41:58,29.19,0.01,1,2919,买盘
236,09:42:01,29.18,-0.01,22,64185,卖盘
237,09:42:04,29.12,-0.06,113,329236,卖盘
238,09:42:07,29.13,0.01,19,55315,中性盘
239,09:42:10,29.11,-0.02,13,37844,卖盘
240,09:42:13,29.1,-0.01,61,177539,卖盘
241,09:42:16,29.08,-0.02,34,96313,卖盘
242,09:42:19,29.09,0.01,15,43635,中性盘
243,09:42:22,29.06,-0.03,49,145064,卖盘
244,09:42:25,29.0,-0.06,749,2174429,卖盘
245,09:42:28,29.0,0.0,43,124994,卖盘
246,09:42:31,29.0,0.0,127,368327,卖盘
247,09:42:34,28.99,-0.01,20,57984,中性盘
248,09:42:37,29.0,0.01,111,321833,买盘
249,09:42:40,28.99,-0.01,8,23196,中性盘
250,09:42:43,29.0,0.01,67,194171,买盘
251,09:42:46,28.96,-0.04,23,66670,卖盘
252,09:42:49,29.08,0.12,238,690098,买盘
253,09:42:52,29.0,-0.08,11,31910,卖盘
254,09:42:55,29.01,0.01,19,55151,中性盘
255,09:42:58,29.02,0.01,2,5804,中性盘
256,09:43:01,29.05,0.03,25,72625,中性盘
257,09:43:04,29.05,0.0,33,95853,买盘
258,09:43:07,29.07,0.02,114,331326,买盘
259,09:43:09,29.05,-0.02,33,95902,卖盘
260,09:43:13,29.08,0.03,70,203471,买盘
261,09:43:16,29.06,-0.02,27,78485,中性盘
262,09:43:19,29.08,0.02,26,75603,买盘
263,09:43:21,29.08,0.0,36,102351,买盘
264,09:43:25,29.08,0.0,66,191936,卖盘
265,09:43:27,29.09,0.01,75,218089,买盘
266,09:43:31,29.09,0.0,5,14545,卖盘
267,09:43:34,29.09,0.0,38,110542,卖盘
268,09:43:37,29.09,0.0,36,104785,卖盘
269,09:43:40,29.08,-0.01,35,101822,卖盘
270,09:43:43,29.1,0.02,4,11640,中性盘
271,09:43:46,29.15,0.05,30,87286,买盘
272,09:43:48,29.15,0.0,88,256064,买盘
273,09:43:51,29.15,0.0,14,40814,买盘
274,09:43:55,29.1,-0.05,45,131157,卖盘
275,09:43:58,29.15,0.05,6,17490,买盘
276,09:44:01,29.12,-0.03,39,113655,卖盘
277,09:44:04,29.16,0.04,23,67046,买盘
278,09:44:07,29.13,-0.03,8,23309,卖盘
279,09:44:09,29.14,0.01,40,116619,买盘
280,09:44:13,29.13,-0.01,22,64103,卖盘
281,09:44:15,29.14,0.01,15,43698,买盘
282,09:44:19,29.12,-0.02,27,78642,卖盘
283,09:44:21,29.12,0.0,37,107746,卖盘
284,09:44:25,29.12,0.0,35,101920,卖盘
285,09:44:28,29.12,0.0,5,14560,买盘
286,09:44:31,29.12,0.0,6,17472,买盘
287,09:44:33,29.12,0.0,22,64064,买盘
288,09:44:37,29.13,0.01,98,285365,买盘
289,09:44:40,29.14,0.01,33,96134,买盘
290,09:44:43,29.12,-0.02,27,78630,卖盘
291,09:44:45,29.13,0.01,24,69901,买盘
292,09:44:49,29.12,-0.01,45,133401,卖盘
293,09:44:52,29.12,0.0,46,133985,卖盘
294,09:44:55,29.14,0.02,61,176035,买盘
295,09:44:57,29.14,0.0,4,11656,卖盘
296,09:45:00,29.15,0.01,19,55377,买盘
297,09:45:07,29.16,0.01,16,46651,买盘
298,09:45:10,29.14,-0.02,25,74571,卖盘
299,09:45:13,29.14,0.0,12,34968,买盘
300,09:45:16,29.15,0.01,79,228548,买盘
301,09:45:19,29.19,0.04,82,239133,买盘
302,09:45:22,29.19,0.0,17,49632,卖盘
303,09:45:25,29.25,0.06,22,64313,买盘
304,09:45:27,29.25,0.0,12,35034,买盘
305,09:45:33,29.23,-0.02,5,14615,中性盘
306,09:45:43,29.16,-0.07,82,239447,卖盘
307,09:45:45,29.16,0.0,10,29160,买盘
308,09:45:49,29.22,0.06,50,145820,买盘
309,09:45:52,29.22,0.0,1,2922,买盘
310,09:45:55,29.13,-0.09,71,206987,卖盘
311,09:46:01,29.2,0.07,13,37953,中性盘
312,09:46:04,29.21,0.01,50,145959,买盘
313,09:46:07,29.22,0.01,35,102270,买盘
314,09:46:09,29.22,0.0,21,61355,买盘
315,09:46:13,29.22,0.0,29,85118,买盘
316,09:46:16,29.24,0.02,12,35072,买盘
317,09:46:19,29.21,-0.03,31,90181,卖盘
318,09:46:22,29.21,0.0,3,8763,买盘
319,09:46:25,29.22,0.01,19,55504,买盘
320,09:46:27,29.21,-0.01,4,11684,卖盘
321,09:46:30,29.21,0.0,11,32135,卖盘
322,09:46:33,29.21,0.0,9,26291,卖盘
323,09:46:37,29.22,0.01,26,76349,买盘
324,09:46:40,29.22,0.0,28,81866,卖盘
325,09:46:43,29.22,0.0,5,14610,卖盘
326,09:46:46,29.26,0.04,16,46799,买盘
327,09:46:49,29.22,-0.04,13,38000,卖盘
328,09:46:51,29.22,0.0,5,14610,卖盘
329,09:46:54,29.2,-0.02,17,49281,卖盘
330,09:46:58,29.26,0.06,30,87725,买盘
331,09:47:01,29.22,-0.04,1,2922,买盘
332,09:47:04,29.23,0.01,3,8768,买盘
333,09:47:10,29.22,-0.01,2,5844,卖盘
334,09:47:12,29.23,0.01,4,11692,卖盘
335,09:47:15,29.23,0.0,5,14615,卖盘
336,09:47:19,29.23,0.0,3,8769,卖盘
337,09:47:22,29.23,0.0,9,26309,买盘
338,09:47:25,29.25,0.02,21,61425,买盘
339,09:47:28,29.22,-0.03,17,49701,卖盘
340,09:47:30,29.23,0.01,2,5846,买盘
341,09:47:33,29.26,0.03,10,29245,买盘
342,09:47:40,29.22,-0.04,45,131550,卖盘
343,09:47:43,29.26,0.04,2,5852,买盘
344,09:47:46,29.23,-0.03,42,122408,卖盘
345,09:47:49,29.23,0.0,1,2923,卖盘
346,09:47:52,29.26,0.03,3,8778,买盘
347,09:47:55,29.24,-0.02,35,102480,中性盘
348,09:47:58,29.26,0.02,19,55588,买盘
349,09:48:00,29.26,0.0,4,11707,卖盘
350,09:48:04,29.28,0.02,38,111256,买盘
351,09:48:06,29.26,-0.02,5,14630,卖盘
352,09:48:10,29.27,0.01,64,187377,中性盘
353,09:48:13,29.29,0.02,31,90767,买盘
354,09:48:16,29.26,-0.03,2,5852,买盘
355,09:48:19,29.28,0.02,42,123009,卖盘
356,09:48:22,29.28,0.0,54,158026,卖盘
357,09:48:25,29.28,0.0,8,23424,买盘
358,09:48:28,29.29,0.01,7,20499,买盘
359,09:48:30,29.28,-0.01,12,35138,卖盘
360,09:48:34,29.3,0.02,2,5860,买盘
361,09:48:37,29.32,0.02,7,20841,卖盘
362,09:48:40,29.32,0.0,23,67113,卖盘
363,09:48:43,29.32,0.0,36,105535,买盘
364,09:48:46,29.3,-0.02,24,70303,卖盘
365,09:48:49,29.3,0.0,4,11720,买盘
366,09:48:55,29.3,0.0,41,120154,卖盘
367,09:48:57,29.34,0.04,94,275895,买盘
368,09:49:01,29.34,0.0,24,70416,卖盘
369,09:49:04,29.34,0.0,47,137898,卖盘
370,09:49:06,29.33,-0.01,26,75978,卖盘
371,09:49:10,29.34,0.01,6,17923,买盘
372,09:49:13,29.33,-0.01,10,29338,买盘
373,09:49:15,29.3,-0.03,18,52442,买盘
374,09:49:22,29.32,0.02,8,23450,中性盘
375,09:49:25,29.3,-0.02,10,29300,卖盘
376,09:49:28,29.3,0.0,4,11720,卖盘
377,09:49:33,29.29,-0.01,6,17574,卖盘
378,09:49:37,29.3,0.01,2,5860,买盘
379,09:49:43,29.29,-0.01,5,14646,卖盘
380,09:49:46,29.29,0.0,6,17574,买盘
381,09:49:49,29.28,-0.01,8,23424,卖盘
382,09:49:52,29.3,0.02,60,175738,买盘
383,09:49:55,29.29,-0.01,6,17575,中性盘
384,09:49:57,29.29,0.0,6,17574,卖盘
385,09:50:03,29.29,0.0,12,35153,卖盘
386,09:50:07,29.29,0.0,34,99606,卖盘
387,09:50:09,29.29,0.0,14,41013,卖盘
388,09:50:13,29.29,0.0,4,11716,卖盘
389,09:50:16,29.29,0.0,1,2929,买盘
390,09:50:19,29.3,0.01,2,5860,买盘
391,09:50:22,29.29,-0.01,5,14645,卖盘
392,09:50:25,29.29,0.0,2,5858,买盘
393,09:50:31,29.29,0.0,55,161131,买盘
394,09:50:34,29.3,0.01,4,11718,买盘
395,09:50:37,29.3,0.0,3,8790,买盘
396,09:50:39,29.29,-0.01,39,114231,卖盘
397,09:50:46,29.28,-0.01,3,8784,卖盘
398,09:50:55,29.24,-0.04,10,29250,卖盘
399,09:50:58,29.24,0.0,2,5851,卖盘
400,09:51:01,29.24,0.0,2,5848,卖盘
401,09:51:07,29.27,0.03,1,2927,买盘
402,09:51:10,29.25,-0.02,14,40950,卖盘
403,09:51:18,29.27,0.02,1,2927,买盘
404,09:51:22,29.27,0.0,5,14629,买盘
405,09:51:25,29.25,-0.02,11,32175,卖盘
406,09:51:28,29.25,0.0,5,14626,卖盘
407,09:51:31,29.25,0.0,35,102406,卖盘
408,09:51:34,29.24,-0.01,10,29249,卖盘
409,09:51:37,29.27,0.03,10,29270,买盘
410,09:51:40,29.24,-0.03,4,11699,卖盘
411,09:51:43,29.23,-0.01,40,116921,卖盘
412,09:51:46,29.23,0.0,5,14615,买盘
413,09:51:49,29.25,0.02,33,96488,买盘
414,09:51:52,29.25,0.0,29,86024,卖盘
415,09:51:57,29.25,0.0,38,109951,卖盘
416,09:52:01,29.25,0.0,78,229349,买盘
417,09:52:04,29.26,0.01,29,84848,买盘
418,09:52:06,29.26,0.0,13,38026,买盘
419,09:52:10,29.25,-0.01,15,43878,卖盘
420,09:52:13,29.25,0.0,2,4651,卖盘
421,09:52:16,29.25,0.0,2,5850,买盘
422,09:52:19,29.25,0.0,2,5850,买盘
423,09:52:21,29.24,-0.01,4,11696,卖盘
424,09:52:25,29.23,-0.01,8,23387,卖盘
425,09:52:30,29.25,0.02,60,175438,买盘
426,09:52:33,29.22,-0.03,8,23379,卖盘
427,09:52:36,29.23,0.01,9,26307,买盘
428,09:52:40,29.23,0.0,13,37999,买盘
429,09:52:42,29.23,0.0,183,536287,买盘
430,09:52:46,29.23,0.0,2,5846,买盘
431,09:52:49,29.2,-0.03,105,304799,卖盘
432,09:52:51,29.2,0.0,40,116800,买盘
433,09:52:58,29.19,-0.01,7,20436,卖盘
434,09:53:01,29.19,0.0,1,2919,卖盘
435,09:53:04,29.19,0.0,5,14595,买盘
436,09:53:07,29.18,-0.01,7,20426,卖盘
437,09:53:10,29.18,0.0,16,46697,卖盘
438,09:53:13,29.18,0.0,2,5836,买盘
439,09:53:16,29.17,-0.01,8,23337,卖盘
440,09:53:19,29.17,0.0,32,93360,卖盘
441,09:53:22,29.17,0.0,3,8751,买盘
442,09:53:25,29.16,-0.01,10,29166,卖盘
443,09:53:31,29.16,0.0,9,26244,卖盘
444,09:53:33,29.17,0.01,5,14580,买盘
445,09:53:36,29.16,-0.01,33,96238,买盘
446,09:53:43,29.18,0.02,12,35007,买盘
447,09:53:46,29.18,0.0,11,32098,买盘
448,09:53:48,29.22,0.04,11,32120,买盘
449,09:53:52,29.22,0.0,54,157780,买盘
450,09:53:55,29.22,0.0,4,11688,买盘
451,09:53:58,29.22,0.0,1,2922,卖盘
452,09:54:01,29.28,0.06,42,123968,买盘
453,09:54:07,29.28,0.0,4,11708,买盘
454,09:54:10,29.28,0.0,2,5856,买盘
455,09:54:16,29.28,0.0,3,8784,买盘
456,09:54:19,29.29,0.01,11,32208,买盘
457,09:54:22,29.29,0.0,6,17569,买盘
458,09:54:25,29.29,0.0,8,23432,买盘
459,09:54:28,29.3,0.01,12,35149,买盘
460,09:54:31,29.3,0.0,59,171127,买盘
461,09:54:33,29.3,0.0,7,20510,买盘
462,09:54:37,29.3,0.0,24,70320,买盘
463,09:54:40,29.3,0.0,19,55670,买盘
464,09:54:46,29.32,0.02,6,17592,买盘
465,09:54:49,29.3,-0.02,38,111391,卖盘
466,09:54:51,29.35,0.05,21,61613,买盘
467,09:54:54,29.33,-0.02,2,5868,卖盘
468,09:55:01,29.35,0.02,8,23474,买盘
469,09:55:04,29.36,0.01,5,14679,买盘
470,09:55:07,29.35,-0.01,43,126269,卖盘
471,09:55:10,29.4,0.05,47,138096,买盘
472,09:55:13,29.4,0.0,4,11760,卖盘
473,09:55:15,29.4,0.0,5,14700,卖盘
474,09:55:19,29.45,0.05,14,41206,买盘
475,09:55:22,29.43,-0.02,10,29425,中性盘
476,09:55:28,29.45,0.02,52,152984,买盘
477,09:55:31,29.46,0.01,13,38289,买盘
478,09:55:34,29.45,-0.01,13,38285,卖盘
479,09:55:37,29.46,0.01,78,230027,买盘
480,09:55:40,29.5,0.04,31,91376,买盘
481,09:55:43,29.46,-0.04,41,120825,卖盘
482,09:55:46,29.48,0.02,6,17688,买盘
483,09:55:48,29.47,-0.01,51,150303,中性盘
484,09:55:51,29.46,-0.01,11,32405,卖盘
485,09:55:55,29.42,-0.04,55,161947,卖盘
486,09:55:58,29.46,0.04,10,29451,买盘
487,09:56:04,29.45,-0.01,12,35340,买盘
488,09:56:07,29.45,0.0,21,61836,买盘
489,09:56:10,29.4,-0.05,6,17640,卖盘
490,09:56:13,29.4,0.0,13,38214,买盘
491,09:56:21,29.38,-0.02,4,11752,卖盘
492,09:56:25,29.37,-0.01,1,2937,卖盘
493,09:56:28,29.37,0.0,15,44055,卖盘
494,09:56:31,29.38,0.01,3,8812,买盘
495,09:56:34,29.37,-0.01,4,11748,卖盘
496,09:56:40,29.37,0.0,27,81684,买盘
497,09:56:43,29.35,-0.02,28,82195,卖盘
498,09:56:46,29.37,0.02,28,82221,买盘
499,09:56:52,29.35,-0.02,21,61637,卖盘
500,09:56:54,29.35,0.0,3,8805,卖盘
501,09:56:58,29.37,0.02,13,38181,买盘
502,09:57:04,29.36,-0.01,3,8808,卖盘
503,09:57:07,29.36,0.0,1,2936,买盘
504,09:57:10,29.35,-0.01,5,14675,卖盘
505,09:57:13,29.36,0.01,4,11744,买盘
506,09:57:16,29.36,0.0,2,5872,买盘
507,09:57:22,29.35,-0.01,10,26943,卖盘
508,09:57:25,29.35,0.0,5,14675,买盘
509,09:57:27,29.35,0.0,2,8277,买盘
510,09:57:31,29.35,0.0,1,2935,卖盘
511,09:57:36,29.35,0.0,2,5870,卖盘
512,09:57:39,29.36,0.01,51,149736,买盘
513,09:57:43,29.33,-0.03,52,150198,卖盘
514,09:57:46,29.33,0.0,19,55727,买盘
515,09:57:48,29.33,0.0,33,96789,买盘
516,09:57:52,29.33,0.0,51,151988,买盘
517,09:57:57,29.33,0.0,11,32586,卖盘
518,09:58:01,29.33,0.0,8,23464,卖盘
519,09:58:04,29.35,0.02,55,161398,买盘
520,09:58:07,29.34,-0.01,1,2934,卖盘
521,09:58:09,29.35,0.01,11,32275,买盘
522,09:58:13,29.35,0.0,6,17614,卖盘
523,09:58:15,29.35,0.0,4,11740,卖盘
524,09:58:19,29.36,0.01,16,46976,买盘
525,09:58:22,29.37,0.01,21,61669,买盘
526,09:58:28,29.38,0.01,15,44070,买盘
527,09:58:31,29.38,0.0,3,8814,买盘
528,09:58:34,29.4,0.02,6,17639,买盘
529,09:58:37,29.4,0.0,1,2940,卖盘
530,09:58:40,29.43,0.03,1,2943,买盘
531,09:58:43,29.43,0.0,5,14715,买盘
532,09:58:46,29.43,0.0,17,50063,卖盘
533,09:58:49,29.43,0.0,1,2943,卖盘
534,09:58:52,29.45,0.02,7,20607,买盘
535,09:58:55,29.43,-0.02,11,32373,卖盘
536,09:58:58,29.43,0.0,6,17658,买盘
537,09:59:01,29.4,-0.03,30,88261,卖盘
538,09:59:04,29.37,-0.03,37,108730,卖盘
539,09:59:07,29.4,0.03,7,20570,买盘
540,09:59:12,29.4,0.0,51,149910,买盘
541,09:59:16,29.4,0.0,19,55821,买盘
542,09:59:19,29.4,0.0,6,17643,卖盘
543,09:59:22,29.4,0.0,12,35280,卖盘
544,09:59:25,29.4,0.0,2,5880,买盘
545,09:59:28,29.39,-0.01,1,2939,卖盘
546,09:59:31,29.4,0.01,110,323362,买盘
547,09:59:34,29.38,-0.02,1,2938,卖盘
548,09:59:37,29.37,-0.01,51,149822,卖盘
549,09:59:40,29.38,0.01,41,120458,买盘
550,09:59:43,29.38,0.0,29,85159,买盘
551,09:59:46,29.38,0.0,1,2938,买盘
552,09:59:48,29.36,-0.02,82,240682,卖盘
553,09:59:52,29.36,0.0,5,14680,买盘
554,09:59:55,29.35,-0.01,81,237748,卖盘
555,10:00:01,29.34,-0.01,2,5869,卖盘
556,10:00:04,29.35,0.01,1,2935,买盘
557,10:00:06,29.35,0.0,1,2935,买盘
558,10:00:10,29.34,-0.01,19,55752,卖盘
559,10:00:13,29.35,0.01,58,170127,买盘
560,10:00:19,29.36,0.01,118,346391,买盘
561,10:00:22,29.36,0.0,15,44040,卖盘
562,10:00:25,29.38,0.02,27,79301,买盘
563,10:00:31,29.39,0.01,8,23506,买盘
564,10:00:34,29.39,0.0,29,82591,买盘
565,10:00:36,29.4,0.01,15,46698,买盘
566,10:00:40,29.43,0.03,17,47378,买盘
567,10:00:43,29.4,-0.03,5,14700,卖盘
568,10:00:46,29.44,0.04,1,2944,买盘
569,10:00:49,29.44,0.0,5,14720,买盘
570,10:00:52,29.45,0.01,13,38285,买盘
571,10:00:55,29.46,0.01,10,29460,买盘
572,10:00:58,29.46,0.0,33,97194,买盘
573,10:01:01,29.46,0.0,28,82488,卖盘
574,10:01:03,29.49,0.03,86,253551,买盘
575,10:01:07,29.49,0.0,5,14744,买盘
576,10:01:10,29.49,0.0,10,29489,买盘
577,10:01:13,29.49,0.0,12,35377,买盘
578,10:01:16,29.48,-0.01,62,182870,中性盘
579,10:01:19,29.47,-0.01,10,29479,卖盘
580,10:01:22,29.48,0.01,2,5896,买盘
581,10:01:25,29.48,0.0,14,41272,卖盘
582,10:01:27,29.48,0.0,24,70775,卖盘
583,10:01:31,29.47,-0.01,4,11788,卖盘
584,10:01:34,29.48,0.01,4,11792,买盘
585,10:01:36,29.47,-0.01,16,47166,卖盘
586,10:01:40,29.48,0.01,25,73684,买盘
587,10:01:43,29.46,-0.02,5,14731,卖盘
588,10:01:46,29.48,0.02,7,20636,买盘
589,10:01:49,29.47,-0.01,11,32415,买盘
590,10:01:51,29.45,-0.02,54,159111,卖盘
591,10:01:55,29.5,0.05,167,493168,买盘
592,10:01:57,29.5,0.0,7,20650,卖盘
593,10:02:01,29.53,0.03,1,2953,买盘
594,10:02:04,29.53,0.0,1,2953,买盘
595,10:02:07,29.54,0.01,40,118133,买盘
596,10:02:10,29.53,-0.01,22,64957,卖盘
597,10:02:13,29.52,-0.01,9,26568,中性盘
598,10:02:16,29.53,0.01,21,61991,买盘
599,10:02:19,29.53,0.0,9,26577,买盘
600,10:02:21,29.51,-0.02,38,112242,卖盘
601,10:02:24,29.51,0.0,1,2951,卖盘
602,10:02:27,29.53,0.02,22,64948,买盘
603,10:02:31,29.51,-0.02,14,41317,卖盘
604,10:02:33,29.53,0.02,3,8859,买盘
605,10:02:37,29.52,-0.01,9,26573,卖盘
606,10:02:40,29.52,0.0,11,32472,买盘
607,10:02:42,29.52,0.0,21,62026,卖盘
608,10:02:46,29.52,0.0,7,20664,买盘
609,10:02:49,29.51,-0.01,41,120972,卖盘
610,10:02:52,29.51,0.0,40,118030,买盘
611,10:02:55,29.5,-0.01,2,5251,买盘
612,10:03:01,29.49,-0.01,4,11796,买盘
613,10:03:04,29.49,0.0,1,2949,中性盘
614,10:03:09,29.47,-0.02,7,20629,卖盘
615,10:03:12,29.47,0.0,1,2947,卖盘
616,10:03:16,29.47,0.0,4,11788,卖盘
617,10:03:19,29.47,0.0,14,41258,卖盘
618,10:03:25,29.45,-0.02,7,20617,卖盘
619,10:03:28,29.44,-0.01,57,167845,卖盘
620,10:03:34,29.4,-0.04,13,38220,卖盘
621,10:03:36,29.41,0.01,1,2941,买盘
622,10:03:40,29.4,-0.01,10,29402,卖盘
623,10:03:42,29.41,0.01,21,61697,买盘
624,10:03:46,29.37,-0.04,2,5874,中性盘
625,10:03:54,29.37,0.0,16,46992,买盘
626,10:03:58,29.37,0.0,5,14686,卖盘
627,10:04:01,29.37,0.0,7,20559,卖盘
628,10:04:04,29.37,0.0,2,5874,卖盘
629,10:04:07,29.4,0.03,5,14700,买盘
630,10:04:09,29.37,-0.03,2,5876,卖盘
631,10:04:12,29.36,-0.01,69,202632,卖盘
632,10:04:19,29.39,0.03,1,2939,买盘
633,10:04:22,29.39,0.0,4,11756,卖盘
634,10:04:25,29.37,-0.02,6,17623,卖盘
635,10:04:31,29.36,-0.01,69,202585,卖盘
636,10:04:34,29.36,0.0,38,114181,卖盘
637,10:04:39,29.35,-0.01,2,5870,卖盘
638,10:04:43,29.35,0.0,3,8805,卖盘
639,10:04:46,29.36,0.01,5,14676,买盘
640,10:04:49,29.36,0.0,3,8808,买盘
641,10:04:51,29.35,-0.01,1,2935,卖盘
642,10:04:55,29.35,0.0,26,76335,卖盘
643,10:04:58,29.32,-0.03,90,264032,卖盘
644,10:05:01,29.35,0.03,2,5870,中性盘
645,10:05:04,29.36,0.01,27,79246,买盘
646,10:05:10,29.36,0.0,10,29360,买盘
647,10:05:13,29.37,0.01,53,152946,买盘
648,10:05:19,29.37,0.0,32,94323,卖盘
649,10:05:22,29.4,0.03,8,23520,买盘
650,10:05:24,29.4,0.0,6,17640,卖盘
651,10:05:28,29.41,0.01,19,55879,买盘
652,10:05:30,29.43,0.02,30,88234,买盘
653,10:05:34,29.43,0.0,2,5886,卖盘
654,10:05:37,29.45,0.02,5,14725,买盘
655,10:05:39,29.45,0.0,5,14725,买盘
656,10:05:43,29.45,0.0,35,103148,卖盘
657,10:05:46,29.45,0.0,42,123706,卖盘
658,10:05:49,29.49,0.04,46,135530,买盘
659,10:05:52,29.5,0.01,10,29500,买盘
660,10:05:55,29.5,0.0,28,82600,买盘
661,10:05:58,29.5,0.0,34,100329,卖盘
662,10:06:01,29.51,0.01,34,100323,买盘
663,10:06:04,29.56,0.05,74,218647,买盘
664,10:06:07,29.54,-0.02,8,23636,中性盘
665,10:06:10,29.56,0.02,12,37332,买盘
666,10:06:16,29.56,0.0,27,79859,卖盘
667,10:06:19,29.6,0.04,177,523722,买盘
668,10:06:22,29.59,-0.01,13,38797,中性盘
669,10:06:25,29.6,0.01,21,62160,买盘
670,10:06:27,29.6,0.0,58,171674,买盘
671,10:06:30,29.6,0.0,34,97946,买盘
672,10:06:33,29.62,0.02,7,20734,买盘
673,10:06:37,29.62,0.0,18,53309,买盘
674,10:06:39,29.64,0.02,53,157060,买盘
675,10:06:43,29.65,0.01,37,109632,买盘
676,10:06:45,29.64,-0.01,12,35579,中性盘
677,10:06:49,29.65,0.01,41,121565,买盘
678,10:06:52,29.68,0.03,45,133556,买盘
679,10:06:55,29.68,0.0,18,53419,买盘
680,10:06:58,29.68,0.0,15,44514,买盘
681,10:07:01,29.65,-0.03,81,240690,卖盘
682,10:07:04,29.65,0.0,41,121651,卖盘
683,10:07:07,29.68,0.03,39,118016,买盘
684,10:07:10,29.64,-0.04,18,53380,卖盘
685,10:07:12,29.68,0.04,35,101059,买盘
686,10:07:16,29.62,-0.06,12,35559,卖盘
687,10:07:19,29.65,0.03,40,118543,买盘
688,10:07:22,29.65,0.0,13,38545,买盘
689,10:07:25,29.62,-0.03,19,56273,中性盘
690,10:07:28,29.61,-0.01,21,62181,卖盘
691,10:07:31,29.61,0.0,10,29610,卖盘
692,10:07:34,29.61,0.0,7,20728,卖盘
693,10:07:36,29.61,0.0,22,65150,卖盘
694,10:07:39,29.64,0.03,93,275419,买盘
695,10:07:42,29.61,-0.03,19,56260,卖盘
696,10:07:46,29.61,0.0,6,17766,买盘
697,10:07:49,29.6,-0.01,31,91762,卖盘
698,10:07:52,29.6,0.0,5,14800,卖盘
699,10:07:55,29.59,-0.01,22,65119,卖盘
700,10:07:57,29.59,0.0,9,26631,买盘
701,10:08:04,29.58,-0.01,15,44370,卖盘
702,10:08:07,29.58,0.0,5,14790,买盘
703,10:08:12,29.57,-0.01,5,14785,卖盘
704,10:08:16,29.58,0.01,20,59159,买盘
705,10:08:19,29.59,0.01,2,5918,买盘
706,10:08:22,29.59,0.0,63,186457,买盘
707,10:08:24,29.58,-0.01,15,44370,买盘
708,10:08:27,29.57,-0.01,12,35484,买盘
709,10:08:33,29.58,0.01,35,103458,买盘
710,10:08:37,29.56,-0.02,5,14781,卖盘
711,10:08:39,29.57,0.01,8,23659,卖盘
712,10:08:43,29.57,0.0,4,11828,卖盘
713,10:08:46,29.6,0.03,43,127186,买盘
714,10:08:52,29.58,-0.02,10,29580,卖盘
715,10:08:55,29.58,0.0,2,5916,卖盘
716,10:09:01,29.58,0.0,7,20706,卖盘
717,10:09:04,29.6,0.02,7,20710,买盘
718,10:09:07,29.6,0.0,1,2960,买盘
719,10:09:09,29.6,0.0,13,38480,买盘
720,10:09:13,29.6,0.0,9,27854,买盘
721,10:09:16,29.58,-0.02,23,68047,买盘
722,10:09:18,29.6,0.02,2,5920,买盘
723,10:09:22,29.6,0.0,13,38490,卖盘
724,10:09:25,29.6,0.0,7,20720,卖盘
725,10:09:28,29.6,0.0,2,5920,买盘
726,10:09:30,29.61,0.01,24,71053,买盘
727,10:09:33,29.58,-0.03,3,8876,卖盘
728,10:09:37,29.58,0.0,7,20718,卖盘
729,10:09:46,29.58,0.0,2,5915,买盘
730,10:09:49,29.58,0.0,7,20702,买盘
731,10:09:52,29.57,-0.01,3,8871,卖盘
732,10:09:55,29.56,-0.01,10,29560,卖盘
733,10:09:58,29.56,0.0,3,8868,卖盘
734,10:10:10,29.56,0.0,16,47297,卖盘
735,10:10:12,29.57,0.01,24,70955,买盘
736,10:10:16,29.57,0.0,8,23656,卖盘
737,10:10:19,29.57,0.0,12,35494,卖盘
738,10:10:22,29.57,0.0,10,29570,买盘
739,10:10:25,29.57,0.0,10,29568,买盘
740,10:10:28,29.55,-0.02,11,32525,卖盘
741,10:10:30,29.55,0.0,4,11820,卖盘
742,10:10:34,29.56,0.01,7,20686,中性盘
743,10:10:37,29.55,-0.01,1,2955,卖盘
744,10:10:42,29.56,0.01,10,29560,卖盘
745,10:10:46,29.56,0.0,4,11824,卖盘
746,10:10:49,29.58,0.02,32,94949,买盘
747,10:10:55,29.58,0.0,28,82770,买盘
748,10:10:58,29.58,0.0,10,29580,买盘
749,10:11:00,29.59,0.01,3,8876,买盘
750,10:11:04,29.56,-0.03,18,53219,卖盘
751,10:11:06,29.6,0.04,94,278158,买盘
752,10:11:10,29.58,-0.02,7,20707,卖盘
753,10:11:16,29.59,0.01,8,23672,卖盘
754,10:11:19,29.59,0.0,3,8877,卖盘
755,10:11:28,29.55,-0.04,34,100517,卖盘
756,10:11:31,29.59,0.04,5,14795,买盘
757,10:11:34,29.59,0.0,2,5918,买盘
758,10:11:36,29.58,-0.01,5,14790,卖盘
759,10:11:49,29.58,0.0,10,29572,买盘
760,10:11:54,29.57,-0.01,1,2957,买盘
761,10:11:58,29.57,0.0,19,56165,买盘
762,10:12:01,29.56,-0.01,9,26604,卖盘
763,10:12:04,29.56,0.0,13,38418,买盘
764,10:12:07,29.56,0.0,1,2956,买盘
765,10:12:09,29.56,0.0,3,8868,买盘
766,10:12:13,29.55,-0.01,2,5910,卖盘
767,10:12:16,29.55,0.0,6,17730,卖盘
768,10:12:19,29.55,0.0,15,44325,卖盘
769,10:12:21,29.54,-0.01,50,147727,卖盘
770,10:12:28,29.54,0.0,12,35123,卖盘
771,10:12:31,29.53,-0.01,15,44295,卖盘
772,10:12:36,29.53,0.0,16,47248,卖盘
773,10:12:40,29.53,0.0,1,2953,买盘
774,10:12:42,29.52,-0.01,11,32472,卖盘
775,10:12:46,29.52,0.0,15,44280,卖盘
776,10:12:49,29.52,0.0,6,17712,卖盘
777,10:12:58,29.5,-0.02,4,11800,卖盘
778,10:13:01,29.51,0.01,10,29503,买盘
779,10:13:04,29.5,-0.01,23,67850,卖盘
780,10:13:09,29.47,-0.03,2,5894,买盘
781,10:13:13,29.46,-0.01,5,14730,卖盘
782,10:13:16,29.47,0.01,1,2947,买盘
783,10:13:21,29.46,-0.01,17,50082,卖盘
784,10:13:25,29.47,0.01,5,14734,买盘
785,10:13:27,29.45,-0.02,3,8835,卖盘
786,10:13:39,29.46,0.01,5,14730,买盘
787,10:13:46,29.46,0.0,2,5892,买盘
788,10:13:52,29.45,-0.01,18,53020,卖盘
789,10:14:01,29.46,0.01,21,61885,卖盘
790,10:14:04,29.44,-0.02,55,161976,卖盘
791,10:14:06,29.44,0.0,10,29440,买盘
792,10:14:12,29.42,-0.02,17,50016,卖盘
793,10:14:19,29.44,0.02,21,61774,买盘
794,10:14:21,29.41,-0.03,16,47069,卖盘
795,10:14:25,29.44,0.03,1,2944,中性盘
796,10:14:34,29.46,0.02,7,20600,买盘
797,10:14:36,29.42,-0.04,1,2942,卖盘
798,10:14:40,29.42,0.0,2,5884,卖盘
799,10:14:43,29.46,0.04,19,55974,买盘
800,10:14:45,29.46,0.0,2,5892,卖盘
801,10:14:52,29.47,0.01,3,8841,买盘
802,10:14:55,29.46,-0.01,4,11786,卖盘
803,10:15:01,29.5,0.04,6,17700,买盘
804,10:15:07,29.5,0.0,2,5900,卖盘
805,10:15:09,29.51,0.01,19,56069,买盘
806,10:15:12,29.51,0.0,1,2951,买盘
807,10:15:16,29.5,-0.01,6,17700,卖盘
808,10:15:19,29.5,0.0,35,103267,卖盘
809,10:15:22,29.51,0.01,12,35403,买盘
810,10:15:31,29.46,-0.05,20,58920,卖盘
811,10:15:43,29.46,0.0,20,58929,卖盘
812,10:15:49,29.48,0.02,2,5896,卖盘
813,10:15:52,29.46,-0.02,14,41248,卖盘
814,10:15:58,29.46,0.0,20,58924,卖盘
815,10:16:00,29.46,0.0,8,23570,卖盘
816,10:16:06,29.46,0.0,11,32428,卖盘
817,10:16:16,29.46,0.0,10,29460,卖盘
818,10:16:28,29.46,0.0,1,2946,中性盘
819,10:16:31,29.45,-0.01,1,2945,卖盘
820,10:16:34,29.46,0.01,2,5892,买盘
821,10:16:37,29.45,-0.01,25,73625,卖盘
822,10:16:40,29.46,0.01,5,14730,买盘
823,10:16:43,29.45,-0.01,2,5890,卖盘
824,10:16:49,29.45,0.0,22,64790,卖盘
825,10:16:52,29.44,-0.01,1,2944,卖盘
826,10:16:55,29.44,0.0,4,11778,卖盘
827,10:16:58,29.44,0.0,51,150144,卖盘
828,10:17:10,29.42,-0.02,14,41203,卖盘
829,10:17:19,29.42,0.0,14,42417,卖盘
830,10:17:25,29.42,0.0,21,61787,卖盘
831,10:17:28,29.42,0.0,2,5884,卖盘
832,10:17:30,29.45,0.03,6,17670,买盘
833,10:17:34,29.42,-0.03,18,52956,卖盘
834,10:17:43,29.45,0.03,1,2945,买盘
835,10:17:45,29.45,0.0,36,106030,买盘
836,10:17:49,29.45,0.0,1,2945,卖盘
837,10:17:52,29.45,0.0,5,14725,卖盘
838,10:17:55,29.46,0.01,3,8838,买盘
839,10:17:58,29.46,0.0,1,2946,卖盘
840,10:18:04,29.47,0.01,6,17682,买盘
841,10:18:07,29.47,0.0,4,11788,买盘
842,10:18:09,29.47,0.0,1,2947,卖盘
843,10:18:19,29.48,0.01,1,2948,买盘
844,10:18:25,29.49,0.01,3,8847,卖盘
845,10:18:30,29.49,0.0,2,5898,买盘
846,10:18:33,29.48,-0.01,1,2948,卖盘
847,10:18:36,29.48,0.0,10,29480,卖盘
848,10:18:39,29.48,0.0,8,23584,买盘
849,10:18:43,29.49,0.01,2,5898,买盘
850,10:18:46,29.47,-0.02,62,182825,卖盘
851,10:18:49,29.49,0.02,19,56012,买盘
852,10:18:52,29.48,-0.01,6,17688,中性盘
853,10:18:55,29.46,-0.02,15,44199,卖盘
854,10:18:57,29.46,0.0,1,2946,卖盘
855,10:19:01,29.46,0.0,3,8838,卖盘
856,10:19:07,29.45,-0.01,7,20616,卖盘
857,10:19:12,29.45,0.0,5,14721,买盘
858,10:19:15,29.42,-0.03,32,94157,卖盘
859,10:19:18,29.45,0.03,45,132525,买盘
860,10:19:28,29.42,-0.03,1,2942,卖盘
861,10:19:36,29.43,0.01,4,11772,买盘
862,10:19:40,29.43,0.0,3,8829,买盘
863,10:19:42,29.42,-0.01,21,60585,卖盘
864,10:19:49,29.41,-0.01,20,58820,卖盘
865,10:19:52,29.42,0.01,10,29420,买盘
866,10:19:54,29.41,-0.01,8,23528,卖盘
867,10:19:58,29.41,0.0,2,5882,卖盘
868,10:20:01,29.41,0.0,3,8823,卖盘
869,10:20:04,29.4,-0.01,14,41170,卖盘
870,10:20:06,29.4,0.0,5,14703,卖盘
871,10:20:13,29.4,0.0,22,64680,卖盘
872,10:20:15,29.4,0.0,2,5880,买盘
873,10:20:19,29.4,0.0,2,5880,买盘
874,10:20:22,29.39,-0.01,3,8817,卖盘
875,10:20:25,29.38,-0.01,55,161605,卖盘
876,10:20:27,29.37,-0.01,153,449496,卖盘
877,10:20:34,29.37,0.0,5,14685,买盘
878,10:20:37,29.36,-0.01,4,11744,卖盘
879,10:20:43,29.36,0.0,12,35232,卖盘
880,10:20:45,29.33,-0.03,32,93914,卖盘
881,10:20:48,29.34,0.01,13,38142,买盘
882,10:20:52,29.33,-0.01,4,11732,卖盘
883,10:20:54,29.34,0.01,9,26406,买盘
884,10:20:58,29.34,0.0,15,44010,买盘
885,10:21:01,29.3,-0.04,192,562982,卖盘
886,10:21:04,29.3,0.0,12,35160,买盘
887,10:21:07,29.3,0.0,1,2930,买盘
888,10:21:10,29.29,-0.01,1,2929,卖盘
889,10:21:13,29.29,0.0,22,64438,卖盘
890,10:21:16,29.29,0.0,2,5858,卖盘
891,10:21:22,29.25,-0.04,28,81949,卖盘
892,10:21:28,29.25,0.0,18,52660,卖盘
893,10:21:31,29.29,0.04,9,26361,买盘
894,10:21:33,29.26,-0.03,6,17562,卖盘
895,10:21:40,29.26,0.0,15,43879,买盘
896,10:21:43,29.29,0.03,2,5855,买盘
897,10:21:49,29.26,-0.03,22,64361,卖盘
898,10:21:52,29.29,0.03,46,134734,买盘
899,10:21:54,29.29,0.0,9,26361,买盘
900,10:21:58,29.27,-0.02,6,17572,卖盘
901,10:22:00,29.29,0.02,17,49787,买盘
902,10:22:04,29.29,0.0,18,52722,卖盘
903,10:22:07,29.27,-0.02,5,14635,卖盘
904,10:22:10,29.27,0.0,10,29279,卖盘
905,10:22:13,29.27,0.0,1,2927,买盘
906,10:22:21,29.27,0.0,1,2927,卖盘
907,10:22:24,29.28,0.01,2,5856,买盘
908,10:22:31,29.28,0.0,2,5856,买盘
909,10:22:33,29.28,0.0,2,5856,买盘
910,10:22:37,29.28,0.0,80,234420,卖盘
911,10:22:39,29.28,0.0,15,43915,买盘
912,10:22:43,29.3,0.02,10,29290,买盘
913,10:22:45,29.31,0.01,1,2931,卖盘
914,10:22:49,29.31,0.0,5,14655,卖盘
915,10:22:51,29.28,-0.03,110,322123,卖盘
916,10:22:58,29.34,0.06,6,18041,卖盘
917,10:23:16,29.35,0.01,49,143402,卖盘
918,10:23:18,29.35,0.0,3,8805,买盘
919,10:23:22,29.35,0.0,13,38155,买盘
920,10:23:25,29.35,0.0,18,53916,买盘
921,10:23:37,29.41,0.06,1,2941,买盘
922,10:23:39,29.36,-0.05,2,5872,卖盘
923,10:23:55,29.36,0.0,36,104625,卖盘
924,10:23:58,29.37,0.01,34,99843,买盘
925,10:24:04,29.34,-0.03,17,49890,卖盘
926,10:24:07,29.35,0.01,2,5870,买盘
927,10:24:13,29.34,-0.01,3,8802,卖盘
928,10:24:16,29.3,-0.04,59,172905,卖盘
929,10:24:24,29.29,-0.01,17,49801,卖盘
930,10:24:28,29.3,0.01,9,26365,买盘
931,10:24:31,29.29,-0.01,12,35148,卖盘
932,10:24:36,29.29,0.0,26,76154,卖盘
933,10:24:40,29.3,0.01,4,11719,买盘
934,10:24:42,29.29,-0.01,12,35141,中性盘
935,10:24:46,29.34,0.05,21,61558,买盘
936,10:24:55,29.3,-0.04,4,11735,卖盘
937,10:25:01,29.34,0.04,6,17604,中性盘
938,10:25:04,29.35,0.01,3,8805,卖盘
939,10:25:13,29.35,0.0,16,46966,买盘
940,10:25:16,29.35,0.0,3,8805,买盘
941,10:25:19,29.35,0.0,2,5870,买盘
942,10:25:22,29.35,0.0,34,99790,买盘
943,10:25:25,29.35,0.0,32,95392,卖盘
944,10:25:28,29.35,0.0,1,2935,卖盘
945,10:25:31,29.35,0.0,2,5870,卖盘
946,10:25:34,29.4,0.05,9,26460,买盘
947,10:25:40,29.4,0.0,5,14700,卖盘
948,10:25:43,29.44,0.04,15,44160,买盘
949,10:25:45,29.44,0.0,8,20926,买盘
950,10:25:49,29.46,0.02,5,14730,买盘
951,10:25:55,29.46,0.02,15,44187,卖盘
952,10:26:01,29.41,-0.05,121,356000,卖盘
953,10:26:04,29.46,0.05,13,38293,买盘
954,10:26:13,29.46,0.0,4,11780,买盘
955,10:26:16,29.44,-0.02,4,11782,卖盘
956,10:26:19,29.46,0.02,4,11784,买盘
957,10:26:33,29.41,-0.05,9,26490,卖盘
958,10:26:36,29.45,0.04,2,5890,买盘
959,10:26:42,29.45,0.0,3,8835,买盘
960,10:26:46,29.45,0.0,1,2945,买盘
961,10:27:01,29.44,-0.01,11,32369,买盘
962,10:27:04,29.44,0.0,6,17664,卖盘
963,10:27:06,29.44,0.0,4,11776,卖盘
964,10:27:09,29.44,0.0,67,197265,卖盘
965,10:27:13,29.44,0.0,23,67712,卖盘
966,10:27:22,29.44,0.0,17,50048,买盘
967,10:27:33,29.43,-0.01,13,38259,买盘
968,10:27:36,29.43,0.0,1,2943,买盘
969,10:27:46,29.41,-0.02,1,2941,卖盘
970,10:27:49,29.41,0.0,7,20587,卖盘
971,10:28:04,29.41,0.0,4,11764,卖盘
972,10:28:07,29.43,0.02,21,61788,买盘
973,10:28:19,29.43,0.0,9,26487,卖盘
974,10:28:22,29.43,0.0,30,88290,买盘
975,10:28:25,29.44,0.01,20,58876,买盘
976,10:28:28,29.38,-0.06,28,82337,卖盘
977,10:28:34,29.43,0.05,1,2943,买盘
978,10:28:37,29.45,0.02,5,14722,买盘
979,10:28:42,29.43,-0.02,5,14718,卖盘
980,10:28:46,29.44,0.01,10,29440,买盘
981,10:28:48,29.44,0.0,2,5888,买盘
982,10:28:54,29.43,-0.01,7,20603,卖盘
983,10:28:58,29.44,0.01,15,44158,买盘
984,10:29:01,29.44,0.0,10,29440,买盘
985,10:29:04,29.44,0.0,4,11776,买盘
986,10:29:09,29.44,0.0,3,8832,买盘
987,10:29:13,29.45,0.01,12,35329,买盘
988,10:29:22,29.45,0.0,30,88350,买盘
989,10:29:25,29.45,0.0,1,2945,买盘
990,10:29:30,29.46,0.01,43,126606,买盘
991,10:29:36,29.45,-0.01,10,29449,买盘
992,10:29:43,29.45,0.0,1,2945,买盘
993,10:29:52,29.46,0.01,36,103401,买盘
994,10:29:58,29.46,0.0,1,2946,卖盘
995,10:30:10,29.47,0.01,6,17682,卖盘
996,10:30:12,29.46,-0.01,4,11787,卖盘
997,10:30:16,29.46,0.0,5,14730,卖盘
998,10:30:18,29.46,0.0,3,8838,卖盘
999,10:30:25,29.46,0.0,4,11786,卖盘
1000,10:30:27,29.48,0.02,8,23584,买盘
1001,10:30:31,29.48,0.0,8,23584,卖盘
1002,10:30:40,29.47,-0.01,23,67802,中性盘
1003,10:30:43,29.48,0.01,9,26526,买盘
1004,10:30:49,29.48,0.0,1,2948,买盘
1005,10:30:52,29.46,-0.02,12,37974,卖盘
1006,10:30:58,29.44,-0.02,7,20612,卖盘
1007,10:31:01,29.46,0.02,4,11784,买盘
1008,10:31:07,29.46,0.0,9,26510,买盘
1009,10:31:10,29.45,-0.01,7,20615,卖盘
1010,10:31:16,29.44,-0.01,15,44163,卖盘
1011,10:31:18,29.45,0.01,6,17667,买盘
1012,10:31:22,29.44,-0.01,3,8832,卖盘
1013,10:31:40,29.44,0.0,39,114816,卖盘
1014,10:31:49,29.43,-0.01,3,8830,卖盘
1015,10:31:55,29.44,0.01,6,17664,买盘
1016,10:32:01,29.43,-0.01,31,91233,卖盘
1017,10:32:04,29.43,0.0,20,58860,卖盘
1018,10:32:09,29.43,0.0,4,11772,买盘
1019,10:32:16,29.4,-0.03,13,38224,卖盘
1020,10:32:18,29.4,0.0,19,55860,卖盘
1021,10:32:21,29.4,0.0,1,2940,买盘
1022,10:32:27,29.4,0.0,4,11764,卖盘
1023,10:32:31,29.4,0.0,2,5880,卖盘
1024,10:32:42,29.38,-0.02,3,8814,卖盘
1025,10:32:52,29.36,-0.02,49,143882,卖盘
1026,10:32:55,29.36,0.0,21,61651,买盘
1027,10:33:04,29.35,-0.01,1,2935,卖盘
1028,10:33:07,29.36,0.01,10,29360,买盘
1029,10:33:15,29.35,-0.01,7,19141,卖盘
1030,10:33:28,29.32,-0.03,9,26390,卖盘
1031,10:33:31,29.32,0.0,4,11728,买盘
1032,10:33:33,29.32,0.0,33,96756,买盘
1033,10:33:36,29.32,0.0,3,8796,买盘
1034,10:33:40,29.31,-0.01,32,93792,卖盘
1035,10:33:43,29.31,0.0,1,2931,买盘
1036,10:33:45,29.3,-0.01,40,118490,卖盘
1037,10:33:49,29.3,0.0,31,89581,卖盘
1038,10:33:51,29.3,0.0,2,5860,买盘
1039,10:33:55,29.3,0.0,24,70320,买盘
1040,10:33:57,29.29,-0.01,8,23432,卖盘
1041,10:34:01,29.3,0.01,4,11720,买盘
1042,10:34:07,29.3,0.0,24,70316,买盘
1043,10:34:09,29.3,0.0,1,2930,买盘
1044,10:34:13,29.3,0.0,6,18869,买盘
1045,10:34:19,29.32,0.02,1,2932,买盘
1046,10:34:22,29.32,0.0,5,14660,买盘
1047,10:34:27,29.35,0.03,28,82165,买盘
1048,10:34:43,29.35,0.0,27,79245,买盘
1049,10:34:48,29.35,0.0,12,33694,买盘
1050,10:34:55,29.37,0.02,10,29370,买盘
1051,10:35:01,29.37,0.0,1,2937,卖盘
1052,10:35:04,29.38,0.01,38,111644,买盘
1053,10:35:06,29.38,0.0,6,17628,买盘
1054,10:35:10,29.38,0.0,9,26436,买盘
1055,10:35:15,29.4,0.02,33,97020,买盘
1056,10:35:18,29.4,0.0,14,41160,买盘
1057,10:35:22,29.39,-0.01,5,14697,卖盘
1058,10:35:25,29.41,0.02,1,2941,买盘
1059,10:35:28,29.4,-0.01,29,85262,卖盘
1060,10:35:39,29.42,0.02,33,97032,买盘
1061,10:35:49,29.41,-0.01,7,20582,买盘
1062,10:35:52,29.41,0.0,1,2941,买盘
1063,10:35:58,29.42,0.01,3,8824,买盘
1064,10:36:01,29.41,-0.01,1,2941,卖盘
1065,10:36:04,29.44,0.03,4,11776,买盘
1066,10:36:07,29.41,-0.03,6,17651,卖盘
1067,10:36:10,29.44,0.03,12,35328,买盘
1068,10:36:13,29.44,0.0,16,47104,买盘
1069,10:36:16,29.45,0.01,1,2945,买盘
1070,10:36:21,29.45,0.0,15,44175,买盘
1071,10:36:28,29.5,0.05,70,206459,买盘
1072,10:36:34,29.5,0.0,7,20827,买盘
1073,10:36:43,29.54,0.04,6,17724,买盘
1074,10:36:45,29.54,0.0,9,26586,卖盘
1075,10:36:52,29.54,0.0,53,156590,卖盘
1076,10:36:55,29.56,0.02,38,112315,买盘
1077,10:36:58,29.55,-0.01,6,17730,卖盘
1078,10:37:01,29.58,0.03,8,23664,买盘
1079,10:37:07,29.55,-0.03,19,56167,卖盘
1080,10:37:10,29.55,0.0,5,14775,买盘
1081,10:37:13,29.55,0.0,3,8865,买盘
1082,10:37:16,29.56,0.01,6,17735,买盘
1083,10:37:19,29.55,-0.01,1,2955,卖盘
1084,10:37:22,29.54,-0.01,3,8862,卖盘
1085,10:37:28,29.58,0.04,159,470047,买盘
1086,10:37:30,29.5,-0.08,2,5900,卖盘
1087,10:37:43,29.53,0.03,2,5906,买盘
1088,10:37:46,29.5,-0.03,4,11800,卖盘
1089,10:37:54,29.5,0.0,3,8673,卖盘
1090,10:37:58,29.56,0.06,28,82919,卖盘
1091,10:38:01,29.56,0.0,1,2956,卖盘
1092,10:38:04,29.57,0.01,7,20698,买盘
1093,10:38:13,29.58,0.01,27,79866,买盘
1094,10:38:19,29.58,0.0,4,11832,卖盘
1095,10:38:22,29.58,0.0,15,44384,卖盘
1096,10:38:24,29.58,0.0,3,8874,卖盘
1097,10:38:31,29.58,0.0,17,50286,买盘
1098,10:38:33,29.58,0.0,31,91697,买盘
1099,10:38:37,29.58,0.0,28,82834,卖盘
1100,10:38:40,29.57,-0.01,12,35490,卖盘
1101,10:38:46,29.57,0.0,4,11828,卖盘
1102,10:38:52,29.56,-0.01,23,67988,卖盘
1103,10:38:55,29.56,0.0,43,127108,卖盘
1104,10:38:58,29.56,0.0,62,183095,卖盘
1105,10:39:04,29.56,0.0,5,14778,买盘
1106,10:39:07,29.53,-0.03,3,8859,卖盘
1107,10:39:10,29.53,0.0,1,2953,卖盘
1108,10:39:12,29.46,-0.07,18,53035,卖盘
1109,10:39:31,29.46,0.0,3,8838,卖盘
1110,10:39:33,29.5,0.04,1,2950,买盘
1111,10:39:39,29.5,0.0,1,2950,卖盘
1112,10:39:58,29.5,0.0,2,5900,买盘
1113,10:40:10,29.5,0.0,2,5900,买盘
1114,10:40:13,29.47,-0.03,3,8841,卖盘
1115,10:40:15,29.47,0.0,1,2947,卖盘
1116,10:40:22,29.47,0.0,2,5894,卖盘
1117,10:40:28,29.5,0.03,5,14750,买盘
1118,10:40:42,29.48,-0.02,6,17688,卖盘
1119,10:40:46,29.5,0.02,7,20650,买盘
1120,10:40:49,29.5,0.0,9,26538,买盘
1121,10:40:55,29.46,-0.04,59,173852,卖盘
1122,10:40:57,29.46,0.0,5,14730,买盘
1123,10:41:04,29.46,0.0,2,5892,买盘
1124,10:41:16,29.48,0.02,1,2948,买盘
1125,10:41:27,29.5,0.02,1,2950,买盘
1126,10:41:34,29.48,-0.02,23,67804,卖盘
1127,10:41:40,29.5,0.02,5,14746,买盘
1128,10:41:52,29.5,0.0,4,11800,卖盘
1129,10:41:55,29.51,0.01,7,20977,买盘
1130,10:41:57,29.51,0.0,5,14755,卖盘
1131,10:42:04,29.51,0.0,10,29510,卖盘
1132,10:42:10,29.51,0.0,3,8528,卖盘
1133,10:42:16,29.5,-0.01,3,8850,卖盘
1134,10:42:22,29.5,0.0,16,47200,卖盘
1135,10:42:30,29.51,0.01,2,5902,买盘
1136,10:42:33,29.5,-0.01,3,8850,卖盘
1137,10:42:36,29.48,-0.02,13,38340,卖盘
1138,10:42:39,29.5,0.02,1,2950,买盘
1139,10:42:46,29.48,-0.02,23,67822,卖盘
1140,10:42:49,29.51,0.03,7,20657,买盘
1141,10:42:52,29.48,-0.03,19,56023,卖盘
1142,10:42:57,29.51,0.03,13,38356,买盘
1143,10:43:01,29.5,-0.01,1,2950,中性盘
1144,10:43:04,29.5,0.0,5,14750,买盘
1145,10:43:06,29.5,0.0,6,17700,买盘
1146,10:43:12,29.5,0.0,4,11796,买盘
1147,10:43:16,29.5,0.0,3,8850,买盘
1148,10:43:31,29.49,-0.01,10,29490,买盘
1149,10:43:34,29.49,0.0,7,20643,卖盘
1150,10:43:36,29.49,0.0,2,5898,买盘
1151,10:43:43,29.48,-0.01,7,20639,卖盘
1152,10:43:48,29.48,0.0,23,67804,卖盘
1153,10:43:51,29.46,-0.02,16,47143,卖盘
1154,10:44:01,29.47,0.01,1,2947,买盘
1155,10:44:04,29.45,-0.02,17,50079,卖盘
1156,10:44:10,29.48,0.03,8,23580,买盘
1157,10:44:18,29.45,-0.03,7,20617,卖盘
1158,10:44:28,29.45,0.0,5,14725,买盘
1159,10:44:30,29.45,0.0,5,14725,买盘
1160,10:44:33,29.43,-0.02,26,76550,卖盘
1161,10:44:43,29.43,0.0,16,47096,买盘
1162,10:44:46,29.43,0.0,3,8829,买盘
1163,10:44:49,29.43,0.0,9,26487,买盘
1164,10:44:52,29.43,0.0,8,23542,买盘
1165,10:44:58,29.43,0.0,34,100062,买盘
1166,10:45:04,29.43,0.0,8,23544,买盘
1167,10:45:07,29.43,0.0,5,14715,卖盘
1168,10:45:10,29.45,0.02,4,11780,买盘
1169,10:45:13,29.45,0.0,1,2945,买盘
1170,10:45:22,29.48,0.03,23,67785,买盘
1171,10:45:30,29.48,0.0,3,8844,买盘
1172,10:45:33,29.48,0.0,1,2948,买盘
1173,10:45:40,29.48,0.0,9,26532,买盘
1174,10:45:46,29.49,0.01,9,26541,买盘
1175,10:45:52,29.49,0.0,1,2949,买盘
1176,10:45:57,29.5,0.01,10,29500,买盘
1177,10:46:01,29.49,-0.01,3,8847,卖盘
1178,10:46:10,29.48,-0.01,8,23584,卖盘
1179,10:46:16,29.49,0.01,32,94360,买盘
1180,10:46:18,29.47,-0.02,1,2947,卖盘
1181,10:46:21,29.46,-0.01,2,5893,卖盘
1182,10:46:28,29.46,0.0,2,5892,卖盘
1183,10:46:31,29.46,0.0,1,2946,卖盘
1184,10:46:39,29.46,0.0,9,26514,卖盘
1185,10:46:42,29.47,0.01,14,41257,买盘
1186,10:46:46,29.46,-0.01,7,20622,中性盘
1187,10:46:51,29.46,0.0,3,8838,买盘
1188,10:46:55,29.45,-0.01,8,23560,卖盘
1189,10:47:07,29.43,-0.02,1,2943,卖盘
1190,10:47:10,29.43,0.0,9,26487,卖盘
1191,10:47:13,29.43,0.0,8,23544,买盘
1192,10:47:21,29.42,-0.01,1,2942,卖盘
1193,10:47:27,29.43,0.01,2,5886,买盘
1194,10:47:30,29.42,-0.01,3,8826,卖盘
1195,10:47:33,29.42,0.0,11,32362,买盘
1196,10:47:37,29.42,0.0,2,5884,卖盘
1197,10:47:45,29.41,-0.01,5,14705,卖盘
1198,10:47:49,29.41,0.0,18,52938,卖盘
1199,10:47:51,29.42,0.01,7,20588,买盘
1200,10:48:00,29.41,-0.01,1,2941,买盘
1201,10:48:07,29.41,0.0,8,23528,中性盘
1202,10:48:13,29.41,0.0,4,11764,卖盘
1203,10:48:18,29.42,0.01,18,52936,买盘
1204,10:48:31,29.4,-0.02,14,41160,卖盘
1205,10:48:37,29.4,0.0,27,79380,卖盘
1206,10:48:40,29.41,0.01,28,82330,买盘
1207,10:48:42,29.4,-0.01,12,35280,卖盘
1208,10:48:45,29.41,0.01,90,264578,买盘
1209,10:49:07,29.42,0.01,6,17651,买盘
1210,10:49:12,29.42,0.0,2,5884,买盘
1211,10:49:22,29.42,0.0,4,11766,买盘
1212,10:49:31,29.43,0.01,4,11772,买盘
1213,10:49:49,29.43,0.0,4,11772,卖盘
1214,10:49:55,29.43,0.0,8,22897,卖盘
1215,10:50:01,29.43,0.0,2,6533,买盘
1216,10:50:10,29.43,0.0,3,8829,卖盘
1217,10:50:12,29.43,0.0,3,8182,卖盘
1218,10:50:15,29.43,0.0,3,9476,买盘
1219,10:50:18,29.43,0.0,3,8829,卖盘
1220,10:50:22,29.42,-0.01,6,17653,买盘
1221,10:50:31,29.43,0.01,22,64742,买盘
1222,10:50:33,29.41,-0.02,85,250008,卖盘
1223,10:50:42,29.41,0.0,20,58830,卖盘
1224,10:50:46,29.41,0.0,4,11764,卖盘
1225,10:50:49,29.41,0.0,45,132345,卖盘
1226,10:50:52,29.41,0.0,7,19944,卖盘
1227,10:50:55,29.41,0.0,4,12411,买盘
1228,10:51:00,29.36,-0.05,55,160977,卖盘
1229,10:51:13,29.35,-0.01,7,20545,卖盘
1230,10:51:15,29.35,0.0,5,14675,卖盘
1231,10:51:19,29.36,0.01,5,14677,买盘
1232,10:51:27,29.35,-0.01,8,23480,中性盘
1233,10:51:31,29.34,-0.01,2,5868,卖盘
1234,10:51:37,29.34,0.0,1,2934,卖盘
1235,10:51:39,29.35,0.01,1,2935,买盘
1236,10:51:42,29.34,-0.01,7,20538,卖盘
1237,10:51:49,29.35,0.01,2,5870,买盘
1238,10:51:55,29.35,0.0,1,2935,买盘
1239,10:51:58,29.35,0.0,5,14675,买盘
1240,10:52:00,29.35,0.0,4,11740,卖盘
1241,10:52:04,29.35,0.0,7,20545,卖盘
1242,10:52:06,29.36,0.01,17,49905,买盘
1243,10:52:13,29.36,0.0,3,8808,买盘
1244,10:52:16,29.36,0.0,6,17616,买盘
1245,10:52:18,29.36,0.0,9,27070,买盘
1246,10:52:51,29.38,0.02,3,8814,卖盘
1247,10:53:01,29.36,-0.02,57,166733,卖盘
1248,10:53:09,29.36,0.0,2,5872,买盘
1249,10:53:12,29.36,0.0,1,2936,买盘
1250,10:53:16,29.35,-0.01,32,94576,卖盘
1251,10:53:19,29.36,0.01,2,5872,卖盘
1252,10:53:22,29.36,0.0,1,2936,卖盘
1253,10:53:25,29.36,0.0,1,2936,卖盘
1254,10:53:54,29.36,0.0,5,14682,卖盘
1255,10:54:06,29.36,0.0,14,41104,卖盘
1256,10:54:09,29.36,0.0,3,8808,卖盘
1257,10:54:19,29.36,0.0,1,2936,买盘
1258,10:54:27,29.3,-0.06,305,895357,卖盘
1259,10:54:33,29.3,0.0,23,67390,卖盘
1260,10:54:49,29.3,0.0,5,14650,卖盘
1261,10:54:57,29.31,0.01,5,14655,卖盘
1262,10:55:04,29.3,-0.01,4,11721,卖盘
1263,10:55:10,29.31,0.01,3,8793,卖盘
1264,10:55:18,29.32,0.01,3,8796,买盘
1265,10:55:22,29.31,-0.01,5,14655,卖盘
1266,10:55:28,29.31,0.0,3,8793,卖盘
1267,10:55:31,29.3,-0.01,71,208043,卖盘
1268,10:55:40,29.3,0.0,10,29300,卖盘
1269,10:55:42,29.31,0.01,2,5861,买盘
1270,10:55:45,29.31,0.0,1,2931,买盘
1271,10:55:49,29.31,0.0,1,2931,卖盘
1272,10:55:55,29.32,0.01,7,20841,买盘
1273,10:56:13,29.36,0.04,3,8808,买盘
1274,10:56:21,29.36,0.0,8,23488,买盘
1275,10:56:40,29.36,0.0,1,2936,中性盘
1276,10:56:46,29.35,-0.01,2,5871,卖盘
1277,10:56:49,29.36,0.01,10,29351,买盘
1278,10:56:51,29.38,0.02,5,14690,买盘
1279,10:56:55,29.38,0.0,7,20566,买盘
1280,10:56:58,29.38,0.0,5,14690,买盘
1281,10:57:00,29.38,0.0,10,29380,买盘
1282,10:57:04,29.41,0.03,5,14704,买盘
1283,10:57:12,29.41,0.0,3,8823,买盘
1284,10:57:16,29.41,0.0,4,11764,买盘
1285,10:57:18,29.41,0.0,3,8823,买盘
1286,10:57:27,29.43,0.02,1,2943,买盘
1287,10:57:37,29.42,-0.01,4,11777,卖盘
1288,10:57:40,29.43,0.01,7,20610,中性盘
1289,10:57:49,29.44,0.01,2,5888,买盘
1290,10:58:01,29.44,0.0,3,8832,买盘
1291,10:58:04,29.43,-0.01,5,14715,卖盘
1292,10:58:07,29.45,0.02,44,129533,买盘
1293,10:58:19,29.45,0.0,11,32395,买盘
1294,10:58:27,29.47,0.02,1,2947,买盘
1295,10:58:33,29.47,0.0,9,26529,卖盘
1296,10:58:46,29.47,0.0,3,8841,卖盘
1297,10:58:49,29.47,0.0,2,5894,买盘
1298,10:59:24,29.42,-0.05,8,23536,卖盘
1299,10:59:36,29.38,-0.04,3,8814,卖盘
1300,10:59:40,29.42,0.04,1,2942,买盘
1301,10:59:42,29.38,-0.04,15,44070,卖盘
1302,10:59:48,29.36,-0.02,3,8808,卖盘
1303,10:59:52,29.36,0.0,5,14680,卖盘
1304,10:59:55,29.38,0.02,10,29374,买盘
1305,11:00:07,29.38,0.0,5,14690,买盘
1306,11:00:13,29.35,-0.03,2,5870,卖盘
1307,11:00:16,29.38,0.03,6,17628,买盘
1308,11:00:19,29.38,0.0,8,23492,买盘
1309,11:00:21,29.38,0.0,19,55822,买盘
1310,11:00:30,29.4,0.02,5,14700,买盘
1311,11:00:34,29.38,-0.02,3,8814,卖盘
1312,11:00:37,29.38,0.0,7,20570,卖盘
1313,11:00:45,29.4,0.02,1,2940,买盘
1314,11:01:04,29.38,-0.02,4,11752,卖盘
1315,11:01:07,29.38,0.0,9,26442,卖盘
1316,11:01:18,29.39,0.01,2,5878,买盘
1317,11:01:21,29.4,0.01,4,11757,买盘
1318,11:01:40,29.4,0.0,2,5880,买盘
1319,11:01:48,29.39,-0.01,13,38212,卖盘
1320,11:01:52,29.38,-0.01,2,5876,卖盘
1321,11:01:54,29.38,0.0,6,17628,卖盘
1322,11:01:57,29.4,0.02,73,214585,买盘
1323,11:02:00,29.4,0.0,1,2940,卖盘
1324,11:02:07,29.41,0.01,10,29405,买盘
1325,11:02:12,29.41,0.0,3,8823,买盘
1326,11:02:15,29.41,0.0,2,5882,买盘
1327,11:02:46,29.44,0.03,2,5888,卖盘
1328,11:02:58,29.42,-0.02,16,47072,卖盘
1329,11:03:00,29.42,0.0,10,29420,买盘
1330,11:03:06,29.42,0.0,16,47072,买盘
1331,11:03:13,29.42,0.0,1,2942,买盘
1332,11:03:16,29.41,-0.01,7,20587,卖盘
1333,11:03:18,29.41,0.0,5,14705,卖盘
1334,11:03:30,29.4,-0.01,6,17640,卖盘
1335,11:03:36,29.4,0.0,12,35280,买盘
1336,11:03:45,29.41,0.01,10,29410,买盘
1337,11:03:51,29.41,0.0,13,38233,买盘
1338,11:03:54,29.42,0.01,5,14710,买盘
1339,11:04:01,29.42,0.0,64,188288,买盘
1340,11:04:06,29.41,-0.01,5,14706,卖盘
1341,11:04:10,29.42,0.01,76,223592,买盘
1342,11:04:21,29.44,0.02,1,2944,买盘
1343,11:04:31,29.45,0.01,18,53031,中性盘
1344,11:04:37,29.49,0.04,6,17694,买盘
1345,11:04:40,29.5,0.01,50,147495,买盘
1346,11:04:49,29.5,0.0,50,147500,买盘
1347,11:04:52,29.51,0.01,4,11804,买盘
1348,11:04:55,29.53,0.02,10,29524,买盘
1349,11:05:01,29.54,0.01,31,91565,买盘
1350,11:05:07,29.55,0.01,11,32489,买盘
1351,11:05:09,29.55,0.0,41,121149,买盘
1352,11:05:13,29.55,0.0,2,5910,卖盘
1353,11:05:18,29.56,0.01,10,29560,买盘
1354,11:05:21,29.56,0.0,7,20692,卖盘
1355,11:05:24,29.54,-0.02,2,5908,卖盘
1356,11:05:28,29.54,0.0,7,20683,卖盘
1357,11:05:31,29.54,0.0,5,14770,买盘
1358,11:05:37,29.54,0.0,2,5908,买盘
1359,11:05:39,29.54,0.0,1,2954,卖盘
1360,11:05:42,29.54,0.0,10,29540,卖盘
1361,11:05:49,29.52,-0.02,5,14760,卖盘
1362,11:05:51,29.52,0.0,8,23616,卖盘
1363,11:05:57,29.51,-0.01,2,5902,卖盘
1364,11:06:30,29.48,-0.03,1,2948,买盘
1365,11:06:37,29.46,-0.02,4,11784,中性盘
1366,11:06:42,29.45,-0.01,2,5890,卖盘
1367,11:07:06,29.45,0.0,4,11780,卖盘
1368,11:07:13,29.46,0.01,5,14727,买盘
1369,11:07:24,29.47,0.01,12,35353,买盘
1370,11:07:30,29.49,0.02,30,88450,买盘
1371,11:07:33,29.49,0.0,15,44235,买盘
1372,11:07:36,29.49,0.0,6,17694,买盘
1373,11:07:42,29.5,0.01,2,5900,买盘
1374,11:07:46,29.5,0.0,7,20650,买盘
1375,11:07:55,29.5,0.0,29,85542,买盘
1376,11:08:00,29.51,0.01,5,14755,买盘
1377,11:08:04,29.51,0.0,3,8853,买盘
1378,11:08:10,29.52,0.01,13,38354,买盘
1379,11:08:16,29.52,0.0,6,17712,买盘
1380,11:08:25,29.51,-0.01,7,20982,卖盘
1381,11:08:27,29.51,0.0,6,17381,卖盘
1382,11:08:37,29.5,-0.01,11,32450,卖盘
1383,11:08:43,29.49,-0.01,4,11796,卖盘
1384,11:08:49,29.49,0.0,4,11796,买盘
1385,11:08:51,29.48,-0.01,2,5896,卖盘
1386,11:09:13,29.44,-0.04,5,14724,卖盘
1387,11:09:18,29.44,0.0,2,5888,卖盘
1388,11:09:21,29.47,0.03,9,26497,买盘
1389,11:09:31,29.47,0.0,3,8841,买盘
1390,11:09:33,29.47,0.0,1,2947,买盘
1391,11:09:49,29.44,-0.03,14,41246,卖盘
1392,11:10:00,29.46,0.02,8,23564,买盘
1393,11:10:04,29.46,0.0,5,14730,买盘
1394,11:10:06,29.45,-0.01,5,14725,卖盘
1395,11:10:10,29.44,-0.01,32,94221,卖盘
1396,11:10:12,29.44,0.0,1,2944,买盘
1397,11:10:15,29.44,0.0,5,14720,买盘
1398,11:10:19,29.43,-0.01,202,594686,卖盘
1399,11:10:22,29.38,-0.05,54,158809,卖盘
1400,11:10:25,29.38,0.0,15,44120,卖盘
1401,11:10:28,29.43,0.05,6,17658,买盘
1402,11:10:31,29.4,-0.03,4,11760,中性盘
1403,11:10:33,29.43,0.03,2,5886,买盘
1404,11:10:40,29.38,-0.05,28,82264,卖盘
1405,11:10:43,29.38,0.0,3,8814,买盘
1406,11:10:49,29.4,0.02,2,5880,卖盘
1407,11:10:58,29.4,0.0,4,11760,买盘
1408,11:11:01,29.4,0.0,10,29400,卖盘
1409,11:11:04,29.4,0.0,8,23520,卖盘
1410,11:11:09,29.4,0.0,14,41160,卖盘
1411,11:11:12,29.4,0.0,6,17640,卖盘
1412,11:11:28,29.39,-0.01,1,2939,买盘
1413,11:11:31,29.39,0.0,4,11756,买盘
1414,11:11:34,29.39,0.0,9,26451,卖盘
1415,11:11:37,29.39,0.0,5,14697,卖盘
1416,11:11:39,29.39,0.0,4,11756,卖盘
1417,11:11:42,29.39,0.0,11,32329,卖盘
1418,11:11:46,29.4,0.01,14,41152,买盘
1419,11:11:49,29.38,-0.02,6,17628,卖盘
1420,11:11:55,29.38,0.0,7,20566,卖盘
1421,11:11:58,29.38,0.0,2,5876,卖盘
1422,11:12:01,29.4,0.02,4,11760,买盘
1423,11:12:04,29.38,-0.02,16,47030,卖盘
1424,11:12:09,29.38,0.0,1,2938,卖盘
1425,11:12:16,29.37,-0.01,36,105774,卖盘
1426,11:12:19,29.39,0.02,9,26451,中性盘
1427,11:12:25,29.39,0.0,13,38207,卖盘
1428,11:12:31,29.37,-0.02,8,23496,卖盘
1429,11:12:37,29.35,-0.02,12,35224,卖盘
1430,11:12:43,29.35,0.0,6,17610,卖盘
1431,11:12:49,29.35,0.0,13,38155,买盘
1432,11:12:52,29.34,-0.01,19,55746,卖盘
1433,11:12:54,29.34,0.0,3,8802,买盘
1434,11:12:57,29.33,-0.01,1,2933,卖盘
1435,11:13:01,29.34,0.01,3,9125,买盘
1436,11:13:04,29.33,-0.01,14,41072,卖盘
1437,11:13:07,29.33,0.0,7,20208,卖盘
1438,11:13:10,29.34,0.01,1,2934,卖盘
1439,11:13:19,29.34,0.0,12,35208,买盘
1440,11:13:22,29.33,-0.01,14,41068,卖盘
1441,11:13:28,29.33,0.0,4,11734,卖盘
1442,11:13:33,29.35,0.02,40,117362,买盘
1443,11:13:37,29.33,-0.02,1,2933,卖盘
1444,11:13:39,29.34,0.01,24,70417,卖盘
1445,11:13:42,29.35,0.01,3,9128,买盘
1446,11:13:49,29.38,0.03,4,12075,买盘
1447,11:13:51,29.38,0.0,1,2938,卖盘
1448,11:14:01,29.38,0.0,6,17628,卖盘
1449,11:14:04,29.4,0.02,1,2940,买盘
1450,11:14:06,29.41,0.01,106,311686,买盘
1451,11:14:13,29.45,0.04,16,47093,买盘
1452,11:14:15,29.45,0.0,6,17670,卖盘
1453,11:14:18,29.46,0.01,1,2946,买盘
1454,11:14:22,29.41,-0.05,32,93865,卖盘
1455,11:14:25,29.46,0.05,4,11784,买盘
1456,11:14:28,29.46,0.0,4,11784,买盘
1457,11:14:30,29.37,-0.09,92,270483,卖盘
1458,11:14:34,29.42,0.05,6,17652,卖盘
1459,11:14:37,29.45,0.03,1,2945,买盘
1460,11:15:00,29.42,-0.03,1,2942,卖盘
1461,11:15:04,29.4,-0.02,7,20580,卖盘
1462,11:15:10,29.4,0.0,3,8820,卖盘
1463,11:15:22,29.39,-0.01,3,8817,卖盘
1464,11:15:28,29.4,0.01,14,41160,买盘
1465,11:15:30,29.39,-0.01,14,41149,卖盘
1466,11:15:33,29.39,0.0,1,2939,卖盘
1467,11:15:36,29.39,0.0,1,2939,卖盘
1468,11:15:40,29.39,0.0,10,29390,卖盘
1469,11:15:49,29.37,-0.02,20,58771,卖盘
1470,11:15:55,29.35,-0.02,50,146444,卖盘
1471,11:15:58,29.35,0.0,1,2935,买盘
1472,11:16:01,29.34,-0.01,27,79218,卖盘
1473,11:16:04,29.33,-0.01,13,38129,卖盘
1474,11:16:07,29.32,-0.01,4,11728,卖盘
1475,11:16:09,29.32,0.0,5,14660,卖盘
1476,11:16:12,29.31,-0.01,18,52774,卖盘
1477,11:16:16,29.3,-0.01,48,140355,卖盘
1478,11:16:19,29.3,0.0,28,81395,卖盘
1479,11:16:22,29.3,0.0,3,8788,买盘
1480,11:16:25,29.3,0.0,40,117831,买盘
1481,11:16:27,29.29,-0.01,14,40364,卖盘
1482,11:16:31,29.31,0.02,26,76807,买盘
1483,11:16:37,29.31,0.0,1,2931,卖盘
1484,11:16:40,29.31,0.0,10,28700,卖盘
1485,11:16:43,29.31,0.0,23,67413,买盘
1486,11:16:46,29.31,0.0,4,11723,买盘
1487,11:16:48,29.31,0.0,28,83006,买盘
1488,11:16:51,29.28,-0.03,101,295822,卖盘
1489,11:16:57,29.32,0.04,2,5864,买盘
1490,11:17:01,29.34,0.02,21,61575,买盘
1491,11:17:07,29.32,-0.02,2,5864,卖盘
1492,11:17:12,29.33,0.01,1,2933,买盘
1493,11:17:15,29.34,0.01,11,32263,买盘
1494,11:17:25,29.33,-0.01,12,35191,买盘
1495,11:17:28,29.32,-0.01,5,14660,卖盘
1496,11:17:30,29.33,0.01,6,17602,卖盘
1497,11:17:40,29.34,0.01,5,14670,买盘
1498,11:17:43,29.35,0.01,36,105971,买盘
1499,11:17:51,29.39,0.04,11,32289,买盘
1500,11:17:54,29.39,0.0,2,5878,买盘
1501,11:18:07,29.44,0.05,10,29428,买盘
1502,11:18:16,29.43,-0.01,4,11772,中性盘
1503,11:18:22,29.39,-0.04,1,2939,卖盘
1504,11:18:25,29.43,0.04,2,5886,买盘
1505,11:18:27,29.39,-0.04,3,8817,卖盘
1506,11:18:40,29.36,-0.03,1,2936,卖盘
1507,11:18:51,29.34,-0.02,5,14670,卖盘
1508,11:19:01,29.34,0.0,10,29340,卖盘
1509,11:19:04,29.34,0.0,4,11736,买盘
1510,11:19:06,29.36,0.02,7,20541,买盘
1511,11:19:10,29.32,-0.04,19,55719,卖盘
1512,11:19:12,29.32,0.0,1,2932,买盘
1513,11:19:15,29.32,0.0,19,55708,买盘
1514,11:19:18,29.32,0.0,1,2932,买盘
1515,11:19:21,29.32,0.0,24,70368,买盘
1516,11:19:31,29.32,0.0,2,5864,卖盘
1517,11:19:34,29.32,0.0,4,11728,卖盘
1518,11:19:37,29.32,0.0,28,82096,卖盘
1519,11:19:43,29.32,0.0,8,23456,买盘
1520,11:19:46,29.32,0.0,21,61570,买盘
1521,11:19:49,29.32,0.0,34,99688,买盘
1522,11:19:51,29.34,0.02,6,17602,买盘
1523,11:19:54,29.33,-0.01,1,2933,卖盘
1524,11:19:57,29.38,0.05,21,61684,买盘
1525,11:20:00,29.39,0.01,6,17633,买盘
1526,11:20:04,29.34,-0.05,10,29340,卖盘
1527,11:20:07,29.39,0.05,23,67597,买盘
1528,11:20:10,29.44,0.05,18,52943,买盘
1529,11:20:16,29.44,0.0,16,47100,买盘
1530,11:20:19,29.42,-0.02,1,2942,中性盘
1531,11:20:22,29.44,0.02,15,44476,买盘
1532,11:20:24,29.5,0.06,44,129714,买盘
1533,11:20:30,29.45,-0.05,2,5890,卖盘
1534,11:20:37,29.5,0.05,3,8850,买盘
1535,11:20:43,29.52,0.02,17,50173,买盘
1536,11:20:49,29.5,-0.02,97,286245,卖盘
1537,11:20:52,29.47,-0.03,1,2947,中性盘
1538,11:20:58,29.47,0.0,6,17682,买盘
1539,11:21:00,29.47,0.0,3,8841,买盘
1540,11:21:04,29.47,0.0,10,29470,卖盘
1541,11:21:07,29.5,0.03,5,14750,买盘
1542,11:21:16,29.46,-0.04,5,14738,卖盘
1543,11:21:19,29.5,0.04,1,2950,买盘
1544,11:21:28,29.49,-0.01,29,85464,中性盘
1545,11:21:43,29.47,-0.02,1,2947,卖盘
1546,11:21:45,29.47,0.0,3,8841,卖盘
1547,11:21:49,29.47,0.0,2,5894,卖盘
1548,11:21:52,29.47,0.0,2,5894,卖盘
1549,11:22:00,29.46,-0.01,5,14730,卖盘
1550,11:22:06,29.46,0.0,3,8838,卖盘
1551,11:22:25,29.46,0.0,1,2946,买盘
1552,11:22:28,29.45,-0.01,5,14725,卖盘
1553,11:22:37,29.46,0.01,39,114860,买盘
1554,11:22:49,29.47,0.01,6,17682,买盘
1555,11:22:52,29.47,0.0,5,14735,买盘
1556,11:22:55,29.47,0.0,1,2947,卖盘
1557,11:22:58,29.5,0.03,34,100294,买盘
1558,11:23:01,29.5,0.0,2,5900,卖盘
1559,11:23:04,29.54,0.04,52,153495,买盘
1560,11:23:06,29.52,-0.02,1,2952,中性盘
1561,11:23:12,29.54,0.02,7,20678,买盘
1562,11:23:19,29.54,0.0,1,2954,买盘
1563,11:23:22,29.54,0.0,5,14770,买盘
1564,11:23:24,29.52,-0.02,35,103379,卖盘
1565,11:23:28,29.52,0.0,1,2952,买盘
1566,11:23:33,29.52,0.0,2,5904,买盘
1567,11:23:37,29.52,0.0,4,11808,卖盘
1568,11:23:43,29.52,0.0,31,91512,卖盘
1569,11:23:52,29.52,0.0,1,2952,买盘
1570,11:23:54,29.5,-0.02,23,67865,卖盘
1571,11:24:04,29.51,0.01,6,17706,买盘
1572,11:24:07,29.5,-0.01,6,17700,卖盘
1573,11:24:10,29.5,0.0,1,2950,卖盘
1574,11:24:21,29.46,-0.04,10,29460,卖盘
1575,11:24:33,29.45,-0.01,2,5890,卖盘
1576,11:24:45,29.45,0.0,4,11780,卖盘
1577,11:24:58,29.45,0.0,1,2945,买盘
1578,11:25:15,29.45,0.0,5,14725,卖盘
1579,11:25:40,29.45,0.0,1,2945,卖盘
1580,11:25:45,29.47,0.02,2,5894,买盘
1581,11:26:09,29.44,-0.03,5,14720,卖盘
1582,11:26:16,29.44,0.0,5,14720,买盘
1583,11:26:24,29.44,0.0,1,2944,卖盘
1584,11:26:46,29.44,0.0,40,117760,买盘
1585,11:26:51,29.44,0.0,221,650624,卖盘
1586,11:26:57,29.44,0.0,28,82430,买盘
1587,11:27:10,29.44,0.0,42,123648,卖盘
1588,11:27:16,29.42,-0.02,3,8826,卖盘
1589,11:27:22,29.42,0.0,3,8826,卖盘
1590,11:27:24,29.44,0.02,1,2944,买盘
1591,11:27:31,29.42,-0.02,6,17652,卖盘
1592,11:27:45,29.42,0.0,12,35299,买盘
1593,11:27:51,29.42,0.0,25,73550,卖盘
1594,11:28:07,29.42,0.0,8,23536,卖盘
1595,11:28:10,29.42,0.0,3,8826,卖盘
1596,11:28:13,29.43,0.01,9,26487,买盘
1597,11:28:18,29.42,-0.01,11,32363,卖盘
1598,11:28:21,29.42,0.0,2,5884,买盘
1599,11:28:27,29.44,0.02,12,35328,买盘
1600,11:28:31,29.42,-0.02,5,14710,卖盘
1601,11:28:33,29.44,0.02,1,2944,买盘
1602,11:28:37,29.44,0.0,6,17664,买盘
1603,11:28:40,29.44,0.0,259,762024,买盘
1604,11:28:51,29.44,0.0,14,41216,卖盘
1605,11:28:58,29.48,0.04,1,2948,买盘
1606,11:29:00,29.48,0.0,6,17688,买盘
1607,11:29:04,29.48,0.0,1,2948,买盘
1608,11:29:06,29.48,0.0,4,11792,卖盘
1609,11:29:18,29.45,-0.03,13,38300,卖盘
1610,11:29:28,29.45,0.0,5,14725,卖盘
1611,11:29:31,29.45,0.0,1,2945,卖盘
1612,11:29:39,29.48,0.03,3,8844,买盘
1613,11:29:42,29.45,-0.03,5,14725,卖盘
1614,11:30:01,29.48,0.03,41,120846,买盘
1615,13:00:04,29.52,0.04,47,136652,买盘
1616,13:00:07,29.5,-0.02,3,8850,卖盘
1617,13:00:18,29.5,0.0,1,2950,买盘
1618,13:00:27,29.5,0.0,5,14750,卖盘
1619,13:00:30,29.52,0.02,3,8856,买盘
1620,13:00:39,29.52,0.0,9,26568,买盘
1621,13:00:45,29.52,0.0,3,8856,卖盘
1622,13:00:48,29.52,0.0,18,53142,卖盘
1623,13:00:51,29.53,0.01,2,5906,买盘
1624,13:00:54,29.53,0.0,1,2953,买盘
1625,13:01:00,29.53,0.0,1,2953,买盘
1626,13:01:04,29.52,-0.01,11,32476,卖盘
1627,13:01:07,29.52,0.0,1,2952,买盘
1628,13:01:12,29.52,0.0,5,14760,买盘
1629,13:01:15,29.5,-0.02,8,23600,卖盘
1630,13:01:21,29.52,0.02,1,2952,买盘
1631,13:01:27,29.5,-0.02,11,32450,卖盘
1632,13:01:33,29.5,0.0,4,11800,买盘
1633,13:01:45,29.49,-0.01,5,14745,卖盘
1634,13:01:48,29.49,0.0,1,2949,卖盘
1635,13:01:51,29.49,0.0,12,35398,卖盘
1636,13:02:00,29.5,0.01,2,5900,买盘
1637,13:02:03,29.5,0.0,102,300954,买盘
1638,13:02:06,29.48,-0.02,24,69927,卖盘
1639,13:02:10,29.48,0.0,4,11786,买盘
1640,13:02:18,29.48,0.0,10,29480,买盘
1641,13:02:21,29.45,-0.03,10,29457,卖盘
1642,13:02:27,29.46,0.01,15,44190,买盘
1643,13:02:33,29.46,0.0,5,14730,买盘
1644,13:02:36,29.46,0.0,2,5892,卖盘
1645,13:02:42,29.46,0.0,1,2946,买盘
1646,13:02:45,29.45,-0.01,13,38285,卖盘
1647,13:02:48,29.44,-0.01,5,14723,卖盘
1648,13:02:54,29.45,0.01,5,14725,买盘
1649,13:03:01,29.41,-0.04,26,76498,卖盘
1650,13:03:04,29.45,0.04,12,35340,买盘
1651,13:03:09,29.41,-0.04,11,32351,卖盘
1652,13:03:21,29.4,-0.01,57,169878,卖盘
1653,13:03:27,29.42,0.02,1,2942,卖盘
1654,13:03:30,29.4,-0.02,11,32360,卖盘
1655,13:04:13,29.48,0.08,128,377168,买盘
1656,13:04:30,29.48,0.0,1,2948,买盘
1657,13:04:57,29.41,-0.07,33,97066,卖盘
1658,13:05:15,29.42,0.01,5,14710,卖盘
1659,13:05:21,29.45,0.03,3,8835,买盘
1660,13:05:30,29.45,0.0,5,14725,买盘
1661,13:05:42,29.43,-0.02,3,8829,卖盘
1662,13:05:48,29.43,0.0,4,11772,卖盘
1663,13:05:54,29.43,0.0,1,2943,买盘
1664,13:05:57,29.42,-0.01,1,2942,卖盘
1665,13:06:00,29.42,0.0,1,2942,买盘
1666,13:06:06,29.41,-0.01,4,11764,卖盘
1667,13:06:13,29.4,-0.01,47,135912,卖盘
1668,13:06:19,29.4,0.0,3,8820,买盘
1669,13:06:22,29.39,-0.01,4,11758,卖盘
1670,13:06:33,29.38,-0.01,2,5876,卖盘
1671,13:06:36,29.38,0.0,59,173444,卖盘
1672,13:06:39,29.38,0.0,16,47008,买盘
1673,13:06:52,29.42,0.04,10,29420,买盘
1674,13:06:58,29.39,-0.03,1,5231,买盘
1675,13:07:12,29.43,0.04,14,41187,买盘
1676,13:07:18,29.39,-0.04,17,49963,卖盘
1677,13:07:21,29.38,-0.01,77,226346,卖盘
1678,13:07:30,29.39,0.01,5,14695,买盘
1679,13:07:33,29.39,0.0,10,29385,买盘
1680,13:07:36,29.38,-0.01,11,32321,卖盘
1681,13:07:42,29.43,0.05,1,2943,买盘
1682,13:07:51,29.39,-0.04,20,58780,卖盘
1683,13:07:57,29.39,0.0,2,5878,卖盘
1684,13:08:12,29.39,0.0,6,17634,卖盘
1685,13:08:16,29.39,0.0,1,2939,买盘
1686,13:08:21,29.38,-0.01,15,41778,卖盘
1687,13:08:27,29.38,0.0,2,5876,买盘
1688,13:08:30,29.37,-0.01,5,16978,卖盘
1689,13:08:39,29.39,0.02,1,2939,买盘
1690,13:08:45,29.41,0.02,3,8821,买盘
1691,13:08:52,29.37,-0.04,10,29372,卖盘
1692,13:08:54,29.37,0.0,9,24142,卖盘
1693,13:09:00,29.37,0.0,1,2937,买盘
1694,13:09:06,29.36,-0.01,4,11744,卖盘
1695,13:09:09,29.37,0.01,2,5874,买盘
1696,13:09:16,29.36,-0.01,6,17616,卖盘
1697,13:09:21,29.37,0.01,16,46992,买盘
1698,13:09:33,29.37,0.0,4,14039,买盘
1699,13:09:45,29.37,0.0,1,2937,卖盘
1700,13:10:06,29.37,0.0,2,5874,卖盘
1701,13:10:10,29.37,0.0,13,38181,卖盘
1702,13:10:12,29.36,-0.01,5,14681,卖盘
1703,13:10:16,29.37,0.01,1,2937,中性盘
1704,13:10:30,29.36,-0.01,1,2936,卖盘
1705,13:10:36,29.37,0.01,1,2937,中性盘
1706,13:10:39,29.38,0.01,1,2938,买盘
1707,13:10:46,29.37,-0.01,19,55803,卖盘
1708,13:10:54,29.38,0.01,3,8814,买盘
1709,13:11:15,29.3,-0.08,300,880132,卖盘
1710,13:11:18,29.4,0.1,10,29399,买盘
1711,13:11:33,29.3,-0.1,13,38090,卖盘
1712,13:11:36,29.4,0.1,1,2940,买盘
1713,13:11:39,29.4,0.0,5,14700,买盘
1714,13:11:43,29.32,-0.08,1,2932,卖盘
1715,13:11:45,29.4,0.08,3,8820,买盘
1716,13:11:51,29.33,-0.07,10,29330,卖盘
1717,13:12:01,29.38,0.05,1,2938,中性盘
1718,13:12:04,29.35,-0.03,5,14678,卖盘
1719,13:12:09,29.38,0.03,6,17624,买盘
1720,13:12:16,29.36,-0.02,1,2936,中性盘
1721,13:12:25,29.35,-0.01,7,20545,卖盘
1722,13:12:28,29.35,0.0,1,2935,买盘
1723,13:12:31,29.33,-0.02,1,2933,卖盘
1724,13:12:34,29.35,0.02,5,14676,卖盘
1725,13:12:36,29.36,0.01,35,102758,买盘
1726,13:12:42,29.36,0.0,10,29360,卖盘
1727,13:12:45,29.35,-0.01,6,17614,卖盘
1728,13:12:48,29.35,0.0,5,14675,买盘
1729,13:12:51,29.35,0.0,1,2935,买盘
1730,13:12:55,29.4,0.05,47,138087,买盘
1731,13:13:01,29.35,-0.05,2,5870,卖盘
1732,13:13:04,29.41,0.06,15,44110,买盘
1733,13:13:06,29.4,-0.01,1,2940,卖盘
1734,13:13:09,29.41,0.01,10,29410,买盘
1735,13:13:16,29.42,0.01,20,58840,买盘
1736,13:13:21,29.42,0.0,13,38249,卖盘
1737,13:13:24,29.45,0.03,6,17655,买盘
1738,13:13:33,29.45,0.0,3,8835,买盘
1739,13:13:36,29.45,0.0,8,23560,买盘
1740,13:13:43,29.48,0.03,18,50939,买盘
1741,13:13:49,29.5,0.02,10,29500,买盘
1742,13:13:52,29.5,0.0,8,23600,买盘
1743,13:13:58,29.5,0.0,4,11800,卖盘
1744,13:14:00,29.5,0.0,5,14750,买盘
1745,13:14:04,29.5,0.0,4,11800,买盘
1746,13:14:06,29.5,0.0,11,32450,卖盘
1747,13:14:09,29.5,0.0,56,165187,买盘
1748,13:14:12,29.5,0.0,3,8850,买盘
1749,13:14:19,29.5,0.0,1,2950,买盘
1750,13:14:24,29.5,0.0,1,2950,买盘
1751,13:14:30,29.46,-0.04,5,14730,卖盘
1752,13:14:42,29.49,0.03,5,14745,买盘
1753,13:14:45,29.41,-0.08,11,34500,卖盘
1754,13:14:55,29.36,-0.05,34,97818,卖盘
1755,13:15:09,29.39,0.03,2,5878,中性盘
1756,13:15:12,29.4,0.01,8,23520,买盘
1757,13:15:18,29.4,0.0,3,8820,买盘
1758,13:15:21,29.4,0.0,2,5880,卖盘
1759,13:15:24,29.45,0.05,5,14718,买盘
1760,13:15:27,29.46,0.01,4,11784,买盘
1761,13:15:30,29.45,-0.01,9,26505,卖盘
1762,13:15:33,29.45,0.0,6,17670,买盘
1763,13:15:37,29.47,0.02,6,17682,中性盘
1764,13:15:45,29.48,0.01,8,23580,买盘
1765,13:15:52,29.48,0.0,23,67801,买盘
1766,13:15:54,29.48,0.0,8,23584,买盘
1767,13:16:04,29.48,0.0,8,23584,卖盘
1768,13:16:13,29.48,0.0,30,88440,买盘
1769,13:16:15,29.46,-0.02,1,2946,卖盘
1770,13:16:24,29.48,0.02,7,20630,买盘
1771,13:16:31,29.45,-0.03,10,29453,卖盘
1772,13:16:40,29.47,0.02,21,61905,卖盘
1773,13:16:45,29.49,0.02,29,85507,买盘
1774,13:16:51,29.49,0.0,6,17694,卖盘
1775,13:16:57,29.46,-0.03,6,17676,卖盘
1776,13:17:04,29.46,0.0,4,11784,买盘
1777,13:17:10,29.45,-0.01,16,47120,卖盘
1778,13:17:13,29.46,0.01,82,241562,买盘
1779,13:17:16,29.43,-0.03,4,11772,卖盘
1780,13:17:21,29.46,0.03,16,47136,买盘
1781,13:17:24,29.43,-0.03,1,2943,卖盘
1782,13:17:31,29.46,0.03,10,29457,买盘
1783,13:17:34,29.42,-0.04,4,11768,卖盘
1784,13:17:37,29.42,0.0,2,5884,卖盘
1785,13:17:42,29.46,0.04,1,2946,买盘
1786,13:17:46,29.42,-0.04,2,5884,卖盘
1787,13:18:04,29.43,0.01,2,5886,卖盘
1788,13:18:13,29.43,0.0,3,8829,卖盘
1789,13:18:21,29.42,-0.01,6,17655,卖盘
1790,13:18:25,29.44,0.02,1,2944,买盘
1791,13:18:31,29.44,0.0,2,5888,买盘
1792,13:18:36,29.44,0.0,6,17664,买盘
1793,13:18:46,29.45,0.01,1,2945,买盘
1794,13:18:51,29.45,0.0,1,2945,买盘
1795,13:18:57,29.44,-0.01,2,5888,卖盘
1796,13:19:13,29.44,0.0,8,23552,买盘
1797,13:19:16,29.44,0.0,2,5888,买盘
1798,13:19:21,29.42,-0.02,16,47072,卖盘
1799,13:19:24,29.44,0.02,1,2944,买盘
1800,13:19:27,29.42,-0.02,14,41201,卖盘
1801,13:19:39,29.41,-0.01,10,29413,卖盘
1802,13:19:51,29.41,0.0,3,8823,卖盘
1803,13:19:54,29.4,-0.01,2,5881,卖盘
1804,13:20:00,29.37,-0.03,5,14695,卖盘
1805,13:20:04,29.41,0.04,8,23540,卖盘
1806,13:20:16,29.41,0.0,1,2941,买盘
1807,13:20:22,29.4,-0.01,3,8820,卖盘
1808,13:20:37,29.41,0.01,1,2941,买盘
1809,13:20:45,29.4,-0.01,27,79387,卖盘
1810,13:20:49,29.4,0.0,10,29400,买盘
1811,13:20:52,29.4,0.0,4,11760,买盘
1812,13:20:58,29.4,0.0,1,2940,买盘
1813,13:21:00,29.4,0.0,2,5880,买盘
1814,13:21:06,29.4,0.0,2,5880,买盘
1815,13:21:09,29.38,-0.02,10,29380,卖盘
1816,13:21:18,29.4,0.02,3,8820,买盘
1817,13:21:22,29.4,0.0,4,11760,买盘
1818,13:21:34,29.39,-0.01,5,14695,卖盘
1819,13:21:36,29.4,0.01,5,14700,买盘
1820,13:21:46,29.4,0.0,19,55860,买盘
1821,13:21:49,29.4,0.0,2,5880,买盘
1822,13:21:52,29.4,0.0,1,2940,买盘
1823,13:21:55,29.4,0.0,4,11760,卖盘
1824,13:22:04,29.41,0.01,2,5882,买盘
1825,13:22:06,29.41,0.0,3,8823,买盘
1826,13:22:10,29.41,0.0,5,14705,卖盘
1827,13:22:13,29.42,0.01,3,8826,买盘
1828,13:22:22,29.41,-0.01,3,8823,卖盘
1829,13:22:24,29.42,0.01,12,35294,买盘
1830,13:22:27,29.43,0.01,19,56235,买盘
1831,13:22:34,29.45,0.02,5,14721,买盘
1832,13:22:43,29.48,0.03,9,26520,买盘
1833,13:22:48,29.48,0.0,1,2948,买盘
1834,13:22:51,29.5,0.02,35,103217,买盘
1835,13:22:55,29.46,-0.04,8,23572,卖盘
1836,13:22:57,29.5,0.04,1,2950,买盘
1837,13:23:00,29.5,0.0,3,8850,买盘
1838,13:23:04,29.5,0.0,5,14750,买盘
1839,13:23:06,29.5,0.0,53,156350,买盘
1840,13:23:10,29.5,0.0,32,94397,买盘
1841,13:23:13,29.5,0.0,23,67850,买盘
1842,13:23:15,29.52,0.02,32,94409,买盘
1843,13:23:28,29.52,0.0,7,20664,买盘
1844,13:23:31,29.52,0.0,8,23608,买盘
1845,13:23:43,29.5,-0.02,22,64935,卖盘
1846,13:23:45,29.51,0.01,9,26556,买盘
1847,13:23:51,29.51,0.0,6,17706,卖盘
1848,13:23:58,29.51,0.0,11,32461,买盘
1849,13:24:01,29.51,0.0,7,20657,买盘
1850,13:24:04,29.5,-0.01,3,8852,卖盘
1851,13:24:13,29.5,0.0,7,20650,买盘
1852,13:24:15,29.5,0.0,5,14750,卖盘
1853,13:24:27,29.5,0.0,1,2950,买盘
1854,13:24:36,29.5,0.0,1,2950,买盘
1855,13:24:42,29.48,-0.02,3,8844,卖盘
1856,13:24:45,29.5,0.02,19,56030,买盘
1857,13:24:52,29.5,0.0,2,5900,买盘
1858,13:24:54,29.5,0.0,19,56050,买盘
1859,13:24:57,29.5,0.0,11,32450,卖盘
1860,13:25:04,29.52,0.02,22,64924,买盘
1861,13:25:13,29.52,0.0,7,20664,买盘
1862,13:25:15,29.51,-0.01,4,11804,卖盘
1863,13:25:21,29.51,0.0,4,11804,卖盘
1864,13:25:24,29.52,0.01,11,32472,买盘
1865,13:25:31,29.53,0.01,12,35426,买盘
1866,13:25:33,29.51,-0.02,9,26567,卖盘
1867,13:25:43,29.5,-0.01,9,26556,卖盘
1868,13:25:45,29.51,0.01,4,11804,买盘
1869,13:25:48,29.5,-0.01,21,61966,卖盘
1870,13:25:51,29.5,0.0,4,11800,卖盘
1871,13:25:54,29.5,0.0,28,82600,卖盘
1872,13:26:18,29.47,-0.03,2,5894,卖盘
1873,13:26:28,29.46,-0.01,1,2946,卖盘
1874,13:26:30,29.45,-0.01,5,14725,卖盘
1875,13:26:33,29.45,0.0,13,38285,买盘
1876,13:26:40,29.45,0.0,6,17670,卖盘
1877,13:26:45,29.45,0.0,15,44175,卖盘
1878,13:26:54,29.49,0.04,1,2949,买盘
1879,13:26:57,29.46,-0.03,10,29460,卖盘
1880,13:27:04,29.46,0.0,2,5892,买盘
1881,13:27:09,29.46,0.0,7,20622,卖盘
1882,13:27:22,29.48,0.02,5,14740,买盘
1883,13:27:27,29.46,-0.02,12,35352,卖盘
1884,13:27:34,29.46,0.0,2,5892,买盘
1885,13:27:36,29.45,-0.01,2,5890,卖盘
1886,13:27:42,29.46,0.01,5,14730,买盘
1887,13:27:48,29.45,-0.01,14,41230,卖盘
1888,13:27:55,29.46,0.01,1,2946,买盘
1889,13:27:58,29.44,-0.02,4,11778,卖盘
1890,13:28:15,29.45,0.01,2,5890,买盘
1891,13:28:21,29.44,-0.01,1,2944,卖盘
1892,13:28:25,29.45,0.01,1,2945,买盘
1893,13:28:34,29.44,-0.01,4,11778,卖盘
1894,13:28:39,29.45,0.01,5,14725,买盘
1895,13:28:42,29.45,0.0,1,2945,卖盘
1896,13:28:49,29.44,-0.01,2,5889,卖盘
1897,13:28:58,29.45,0.01,3,8834,买盘
1898,13:29:00,29.47,0.02,17,50097,买盘
1899,13:29:10,29.44,-0.03,7,20626,卖盘
1900,13:29:22,29.45,0.01,1,2945,卖盘
1901,13:29:33,29.45,0.0,10,29452,卖盘
1902,13:30:00,29.46,0.01,2,5892,卖盘
1903,13:30:06,29.46,0.0,1,2946,卖盘
1904,13:30:16,29.45,-0.01,2,5890,买盘
1905,13:30:22,29.45,0.0,18,53020,卖盘
1906,13:30:28,29.45,0.0,1,2945,卖盘
1907,13:30:40,29.44,-0.01,16,47106,卖盘
1908,13:30:49,29.43,-0.01,8,23544,卖盘
1909,13:30:52,29.44,0.01,3,8832,买盘
1910,13:30:55,29.43,-0.01,1,2943,卖盘
1911,13:30:58,29.43,0.0,44,129492,卖盘
1912,13:31:07,29.42,-0.01,17,50014,卖盘
1913,13:31:12,29.4,-0.02,43,126453,卖盘
1914,13:31:21,29.4,0.0,35,102900,卖盘
1915,13:31:25,29.39,-0.01,43,126377,卖盘
1916,13:31:31,29.37,-0.02,11,32315,卖盘
1917,13:31:40,29.37,0.0,22,64614,卖盘
1918,13:31:43,29.36,-0.01,9,26428,卖盘
1919,13:31:46,29.32,-0.04,53,157602,卖盘
1920,13:31:48,29.32,0.0,17,49844,买盘
1921,13:31:51,29.32,0.0,24,70347,买盘
1922,13:31:57,29.32,0.0,47,135667,买盘
1923,13:32:01,29.32,0.0,11,32254,卖盘
1924,13:32:04,29.3,-0.02,15,43955,卖盘
1925,13:32:07,29.34,0.04,1,2934,卖盘
1926,13:32:10,29.29,-0.05,43,125963,卖盘
1927,13:32:13,29.3,0.01,35,102606,卖盘
1928,13:32:16,29.3,0.0,3,8790,买盘
1929,13:32:19,29.3,0.0,14,41018,买盘
1930,13:32:22,29.29,-0.01,19,55653,卖盘
1931,13:32:25,29.29,0.0,3,8787,卖盘
1932,13:32:28,29.29,0.0,17,51902,卖盘
1933,13:32:31,29.3,0.01,8,23434,买盘
1934,13:32:34,29.29,-0.01,14,40998,卖盘
1935,13:32:37,29.29,0.0,9,26357,买盘
1936,13:32:40,29.28,-0.01,10,29280,卖盘
1937,13:32:43,29.28,0.0,1,2928,卖盘
1938,13:32:46,29.29,0.01,15,43923,买盘
1939,13:32:49,29.28,-0.01,45,131677,中性盘
1940,13:32:52,29.23,-0.05,5,14617,卖盘
1941,13:32:54,29.26,0.03,1,2926,卖盘
1942,13:32:57,29.25,-0.01,2,5851,卖盘
1943,13:33:01,29.23,-0.02,7,20473,卖盘
1944,13:33:04,29.26,0.03,10,29255,买盘
1945,13:33:07,29.26,0.0,1,2926,买盘
1946,13:33:10,29.24,-0.02,21,61426,卖盘
1947,13:33:13,29.26,0.02,10,29250,买盘
1948,13:33:16,29.26,0.0,5,14630,中性盘
1949,13:33:22,29.28,0.02,1,2928,买盘
1950,13:33:25,29.26,-0.02,1,2926,卖盘
1951,13:33:28,29.28,0.02,8,23424,买盘
1952,13:33:33,29.29,0.01,9,26360,买盘
1953,13:33:36,29.29,0.0,17,49781,买盘
1954,13:33:39,29.29,0.0,13,38072,买盘
1955,13:33:49,29.3,0.01,1,2930,买盘
1956,13:33:52,29.29,-0.01,8,23437,卖盘
1957,13:34:04,29.3,0.01,23,67398,卖盘
1958,13:34:06,29.3,0.0,1,2930,买盘
1959,13:34:10,29.29,-0.01,9,26368,卖盘
1960,13:34:13,29.3,0.01,8,23440,买盘
1961,13:34:15,29.3,0.0,18,52724,买盘
1962,13:34:28,29.35,0.05,1,2935,买盘
1963,13:34:31,29.3,-0.05,10,29325,卖盘
1964,13:34:34,29.35,0.05,1,2935,卖盘
1965,13:34:37,29.35,0.0,6,17610,卖盘
1966,13:34:40,29.35,0.0,6,17610,卖盘
1967,13:34:46,29.35,0.0,6,17610,买盘
1968,13:34:55,29.34,-0.01,11,32274,买盘
1969,13:34:58,29.3,-0.04,26,76195,卖盘
1970,13:35:01,29.3,0.0,1,2930,卖盘
1971,13:35:07,29.3,0.0,15,43950,卖盘
1972,13:35:10,29.29,-0.01,17,49778,买盘
1973,13:35:13,29.27,-0.02,1,2927,卖盘
1974,13:35:16,29.27,0.0,10,29270,卖盘
1975,13:35:19,29.26,-0.01,14,40970,卖盘
1976,13:35:22,29.25,-0.01,39,114114,卖盘
1977,13:35:25,29.27,0.02,8,23410,中性盘
1978,13:35:27,29.22,-0.05,96,280671,卖盘
1979,13:35:30,29.25,0.03,7,20466,买盘
1980,13:35:34,29.26,0.01,6,17552,买盘
1981,13:35:37,29.21,-0.05,3,8764,卖盘
1982,13:35:43,29.22,0.01,46,134412,卖盘
1983,13:35:46,29.22,0.0,8,23376,卖盘
1984,13:35:48,29.22,0.0,2,5844,买盘
1985,13:35:51,29.22,0.0,26,75948,买盘
1986,13:35:55,29.21,-0.01,51,148974,卖盘
1987,13:35:58,29.2,-0.01,12,35040,卖盘
1988,13:36:01,29.21,0.01,4,11681,买盘
1989,13:36:04,29.2,-0.01,40,116805,卖盘
1990,13:36:07,29.2,0.0,20,58400,卖盘
1991,13:36:09,29.18,-0.02,103,300748,卖盘
1992,13:36:19,29.2,0.02,25,72987,买盘
1993,13:36:24,29.17,-0.03,3,8751,卖盘
1994,13:36:27,29.18,0.01,35,102126,买盘
1995,13:36:30,29.19,0.01,49,142993,中性盘
1996,13:36:33,29.2,0.01,67,195570,买盘
1997,13:36:36,29.19,-0.01,11,32116,卖盘
1998,13:36:40,29.19,0.0,61,178094,卖盘
1999,13:36:43,29.19,0.0,54,157640,中性盘
2000,13:36:46,29.18,-0.01,88,257042,卖盘
2001,13:36:48,29.19,0.01,15,43785,买盘
2002,13:36:52,29.18,-0.01,54,157599,卖盘
2003,13:36:55,29.18,0.0,6,17513,卖盘
2004,13:36:58,29.18,0.0,12,35027,卖盘
2005,13:37:01,29.19,0.01,6,17514,买盘
2006,13:37:04,29.19,0.0,20,58366,买盘
2007,13:37:07,29.19,0.0,16,45887,卖盘
2008,13:37:13,29.19,0.0,8,23352,卖盘
2009,13:37:15,29.21,0.02,8,23368,买盘
2010,13:37:19,29.21,0.0,1,2921,卖盘
2011,13:37:22,29.21,0.0,5,14605,买盘
2012,13:37:31,29.21,0.0,78,227838,卖盘
2013,13:37:33,29.21,0.0,21,61341,买盘
2014,13:37:37,29.21,0.0,9,26289,买盘
2015,13:37:39,29.2,-0.01,43,125566,卖盘
2016,13:37:43,29.19,-0.01,54,157635,卖盘
2017,13:37:46,29.18,-0.01,15,44592,卖盘
2018,13:37:48,29.19,0.01,28,81732,买盘
2019,13:37:51,29.18,-0.01,9,26267,卖盘
2020,13:37:54,29.19,0.01,3,8757,买盘
2021,13:37:58,29.16,-0.03,161,469693,卖盘
2022,13:38:01,29.16,0.0,14,40824,买盘
2023,13:38:04,29.16,0.0,11,32086,买盘
2024,13:38:07,29.16,0.0,1,2916,卖盘
2025,13:38:10,29.18,0.02,11,32086,买盘
2026,13:38:13,29.18,0.0,19,55416,买盘
2027,13:38:15,29.16,-0.02,6,17506,中性盘
2028,13:38:18,29.18,0.02,10,29176,买盘
2029,13:38:21,29.18,0.0,10,29172,买盘
2030,13:38:24,29.2,0.02,8,23350,买盘
2031,13:38:28,29.16,-0.04,63,183727,卖盘
2032,13:38:31,29.16,0.0,17,49572,买盘
2033,13:38:34,29.16,0.0,15,43740,买盘
2034,13:38:37,29.15,-0.01,51,148710,卖盘
2035,13:38:40,29.16,0.01,5,14580,买盘
2036,13:38:42,29.15,-0.01,60,174914,卖盘
2037,13:38:45,29.14,-0.01,23,67043,卖盘
2038,13:38:55,29.16,0.02,22,64184,卖盘
2039,13:38:58,29.16,0.0,10,29160,卖盘
2040,13:39:01,29.16,0.0,10,29163,卖盘
2041,13:39:04,29.2,0.04,6,17520,买盘
2042,13:39:09,29.19,-0.01,1,2919,买盘
2043,13:39:16,29.18,-0.01,2,5836,卖盘
2044,13:39:18,29.2,0.02,7,20437,买盘
2045,13:39:25,29.18,-0.02,54,157600,卖盘
2046,13:39:28,29.18,0.0,55,160490,买盘
2047,13:39:31,29.18,0.0,31,90458,买盘
2048,13:39:33,29.2,0.02,50,145998,买盘
2049,13:39:36,29.19,-0.01,16,44026,中性盘
2050,13:39:40,29.2,0.01,9,26273,买盘
2051,13:39:46,29.2,0.0,9,26279,买盘
2052,13:39:49,29.2,0.0,3,8760,买盘
2053,13:39:51,29.21,0.01,25,73013,买盘
2054,13:40:04,29.21,0.0,5,14605,卖盘
2055,13:40:09,29.21,0.0,47,137291,卖盘
2056,13:40:13,29.25,0.04,4,11700,买盘
2057,13:40:15,29.2,-0.05,26,75955,卖盘
2058,13:40:22,29.2,0.0,5,14604,卖盘
2059,13:40:33,29.21,0.01,20,58432,卖盘
2060,13:40:46,29.3,0.09,1,2930,买盘
2061,13:40:51,29.22,-0.08,10,29225,卖盘
2062,13:40:58,29.22,0.0,30,87660,卖盘
2063,13:41:01,29.27,0.05,1,2927,卖盘
2064,13:41:07,29.29,0.02,5,14644,买盘
2065,13:41:10,29.27,-0.02,2,5854,中性盘
2066,13:41:16,29.28,0.01,22,64416,卖盘
2067,13:41:18,29.28,0.0,2,5856,买盘
2068,13:41:21,29.28,0.0,3,8784,买盘
2069,13:41:49,29.25,-0.03,2,5850,卖盘
2070,13:42:01,29.24,0.0,1,2924,卖盘
2071,13:42:04,29.24,0.0,11,29971,卖盘
2072,13:42:06,29.23,-0.01,5,14616,卖盘
2073,13:42:09,29.24,0.01,1,2924,买盘
2074,13:42:12,29.23,-0.01,20,58466,卖盘
2075,13:42:15,29.22,-0.01,13,37998,卖盘
2076,13:42:19,29.24,0.02,4,11696,买盘
2077,13:42:22,29.22,-0.02,5,14610,卖盘
2078,13:42:25,29.22,0.0,7,20456,卖盘
2079,13:42:28,29.22,0.0,24,70128,卖盘
2080,13:42:31,29.22,0.0,6,17537,卖盘
2081,13:42:36,29.2,-0.02,119,347533,卖盘
2082,13:42:39,29.2,0.0,14,40880,买盘
2083,13:42:43,29.19,-0.01,2,5839,卖盘
2084,13:42:49,29.19,0.0,5,14595,卖盘
2085,13:42:52,29.2,0.01,4,11680,买盘
2086,13:42:55,29.19,-0.01,30,89729,卖盘
2087,13:43:01,29.16,-0.03,7,20415,卖盘
2088,13:43:04,29.16,0.0,25,73384,卖盘
2089,13:43:07,29.13,-0.03,28,81595,卖盘
2090,13:43:09,29.13,0.0,2,5826,买盘
2091,13:43:13,29.1,-0.03,67,195003,卖盘
2092,13:43:16,29.03,-0.07,181,525519,卖盘
2093,13:43:18,29.02,-0.01,28,81406,卖盘
2094,13:43:21,29.01,-0.01,71,205987,卖盘
2095,13:43:24,29.01,0.0,98,284312,卖盘
2096,13:43:28,29.02,0.01,71,206528,买盘
2097,13:43:30,29.01,-0.01,42,121845,卖盘
2098,13:43:33,29.01,0.0,73,211707,买盘
2099,13:43:36,29.0,-0.01,94,272629,卖盘
2100,13:43:40,29.01,0.01,106,307437,买盘
2101,13:43:42,29.0,-0.01,89,258101,卖盘
2102,13:43:45,28.99,-0.01,93,269048,卖盘
2103,13:43:49,28.99,0.0,43,124615,买盘
2104,13:43:52,28.96,-0.03,30,86889,卖盘
2105,13:43:54,28.95,-0.01,10,28950,卖盘
2106,13:43:58,28.96,0.01,40,115933,买盘
2107,13:44:00,29.0,0.04,55,159280,买盘
2108,13:44:04,28.97,-0.03,56,162907,中性盘
2109,13:44:07,28.96,-0.01,31,89823,卖盘
2110,13:44:09,29.0,0.04,2,5800,卖盘
2111,13:44:12,29.01,0.01,7,20307,买盘
2112,13:44:16,29.0,-0.01,49,142155,卖盘
2113,13:44:18,29.01,0.01,10,29010,卖盘
2114,13:44:21,29.1,0.09,10,29074,中性盘
2115,13:44:24,29.12,0.02,13,37841,买盘
2116,13:44:27,29.11,-0.01,5,14558,中性盘
2117,13:44:30,29.1,-0.01,7,20370,卖盘
2118,13:44:33,29.09,-0.01,1,2909,买盘
2119,13:44:36,29.09,0.0,8,23262,买盘
2120,13:44:39,29.01,-0.08,30,87112,卖盘
2121,13:44:46,29.06,0.05,3,8722,卖盘
2122,13:44:49,29.06,0.0,13,37802,卖盘
2123,13:44:51,29.06,0.0,3,8717,买盘
2124,13:44:55,29.05,-0.01,2,5810,中性盘
2125,13:44:57,29.04,-0.01,15,43576,卖盘
2126,13:45:01,29.02,-0.02,64,185973,卖盘
2127,13:45:07,29.05,0.03,18,52264,买盘
2128,13:45:10,29.04,-0.01,60,174112,卖盘
2129,13:45:13,29.03,-0.01,3,8709,买盘
2130,13:45:16,29.0,-0.03,42,121846,卖盘
2131,13:45:19,29.02,0.02,34,98633,卖盘
2132,13:45:22,29.04,0.02,30,87062,买盘
2133,13:45:24,29.04,0.0,10,29034,买盘
2134,13:45:28,29.04,0.0,34,98631,买盘
2135,13:45:31,29.03,-0.01,29,84148,买盘
2136,13:45:37,29.0,-0.03,30,87010,卖盘
2137,13:45:40,28.99,-0.01,122,353794,卖盘
2138,13:45:46,28.98,-0.01,18,52175,卖盘
2139,13:45:49,28.98,0.0,29,84052,卖盘
2140,13:45:52,28.96,-0.02,107,309938,卖盘
2141,13:45:55,28.98,0.02,38,108348,买盘
2142,13:45:58,28.92,-0.06,78,226824,卖盘
2143,13:46:01,28.9,-0.02,213,616140,卖盘
2144,13:46:04,28.9,0.0,56,161842,卖盘
2145,13:46:07,28.9,0.0,113,326577,卖盘
2146,13:46:10,28.89,-0.01,47,135903,卖盘
2147,13:46:13,28.95,0.06,87,251528,买盘
2148,13:46:16,28.89,-0.06,9,26010,卖盘
2149,13:46:19,28.95,0.06,23,66489,买盘
2150,13:46:22,28.94,-0.01,29,82777,中性盘
2151,13:46:25,28.95,0.01,9,26055,卖盘
2152,13:46:28,28.93,-0.02,17,49190,中性盘
2153,13:46:31,28.93,0.0,24,69432,买盘
2154,13:46:33,28.95,0.02,51,147585,买盘
2155,13:46:36,28.94,-0.01,4,11579,卖盘
2156,13:46:40,28.92,-0.02,100,289296,卖盘
2157,13:46:43,28.92,0.0,5,14464,卖盘
2158,13:46:46,28.94,0.02,2,5788,买盘
2159,13:46:49,28.95,0.01,15,43419,买盘
2160,13:46:52,28.95,0.0,26,75262,买盘
2161,13:46:55,28.95,0.0,10,28950,买盘
2162,13:46:58,28.95,0.0,31,89784,卖盘
2163,13:47:01,28.97,0.02,25,72386,买盘
2164,13:47:06,28.97,0.0,35,101379,买盘
2165,13:47:10,28.96,-0.01,15,43451,卖盘
2166,13:47:13,28.98,0.02,6,19182,买盘
2167,13:47:16,28.97,-0.01,7,20279,卖盘
2168,13:47:19,28.98,0.01,15,43457,买盘
2169,13:47:22,28.98,0.0,1,2898,买盘
2170,13:47:25,28.97,-0.01,21,60847,卖盘
2171,13:47:28,28.98,0.01,12,34776,卖盘
2172,13:47:31,28.99,0.01,53,153614,买盘
2173,13:47:33,29.0,0.01,5,14498,买盘
2174,13:47:36,29.01,0.01,10,29003,买盘
2175,13:47:46,29.0,-0.01,9,26106,卖盘
2176,13:47:49,29.02,0.02,5,14510,买盘
2177,13:47:52,29.03,0.01,1,2903,买盘
2178,13:47:55,29.03,0.0,16,46439,买盘
2179,13:48:01,29.03,0.0,13,37733,卖盘
2180,13:48:04,29.0,-0.03,5,14504,卖盘
2181,13:48:06,29.02,0.02,10,29005,买盘
2182,13:48:09,29.0,-0.02,13,37700,卖盘
2183,13:48:12,29.0,0.0,13,37700,买盘
2184,13:48:16,29.0,0.0,15,43500,买盘
2185,13:48:18,28.99,-0.01,12,34794,卖盘
2186,13:48:21,28.99,0.0,1,2899,买盘
2187,13:48:25,28.95,-0.04,81,232790,卖盘
2188,13:48:28,28.94,-0.01,2,5788,卖盘
2189,13:48:34,28.94,0.0,6,17364,卖盘
2190,13:48:37,28.94,0.0,12,34727,卖盘
2191,13:48:40,28.94,0.0,2,5788,中性盘
2192,13:48:43,28.94,0.0,6,17364,买盘
2193,13:48:46,28.93,-0.01,42,122688,卖盘
2194,13:48:49,28.94,0.01,27,78133,买盘
2195,13:48:52,28.93,-0.01,352,1017718,买盘
2196,13:48:55,28.93,0.0,3,8679,买盘
2197,13:48:58,28.93,0.0,11,31823,买盘
2198,13:49:01,28.85,-0.08,175,505345,卖盘
2199,13:49:04,28.94,0.09,9,26043,买盘
2200,13:49:06,28.88,-0.06,14,40464,卖盘
2201,13:49:09,28.88,0.0,2,5776,买盘
2202,13:49:13,28.85,-0.03,83,238406,卖盘
2203,13:49:16,28.93,0.08,3,8679,买盘
2204,13:49:21,28.88,-0.05,4,11552,卖盘
2205,13:49:25,28.92,0.04,19,54948,买盘
2206,13:49:28,28.88,-0.04,83,239706,卖盘
2207,13:49:31,28.88,0.0,49,141598,卖盘
2208,13:49:34,28.89,0.01,17,49101,买盘
2209,13:49:37,28.89,0.0,16,46210,买盘
2210,13:49:40,28.89,0.0,33,95329,买盘
2211,13:49:42,28.88,-0.01,48,138659,卖盘
2212,13:49:45,28.9,0.02,2,5780,中性盘
2213,13:49:49,28.88,-0.02,73,210980,卖盘
2214,13:49:52,28.88,0.0,6,17328,买盘
2215,13:49:55,28.88,0.0,98,283046,卖盘
2216,13:50:00,28.9,0.02,34,98234,买盘
2217,13:50:04,28.9,0.0,9,26010,卖盘
2218,13:50:07,28.93,0.03,4,11572,买盘
2219,13:50:10,28.93,0.0,20,57860,买盘
2220,13:50:13,28.92,-0.01,30,86788,卖盘
2221,13:50:19,28.94,0.02,32,92608,买盘
2222,13:50:21,28.94,0.0,19,54986,买盘
2223,13:50:25,28.94,0.0,2,5788,卖盘
2224,13:50:27,28.93,-0.01,68,196757,卖盘
2225,13:50:33,29.0,0.07,58,167916,买盘
2226,13:50:36,28.95,-0.05,3,8691,卖盘
2227,13:50:39,29.0,0.05,5,14500,买盘
2228,13:50:42,29.0,0.0,8,23200,卖盘
2229,13:50:46,29.0,0.0,5,14500,买盘
2230,13:50:52,29.0,0.0,20,58010,卖盘
2231,13:50:58,29.01,0.01,5,14505,卖盘
2232,13:51:04,29.02,0.01,8,23216,卖盘
2233,13:51:13,29.02,0.0,4,11608,卖盘
2234,13:51:18,29.02,0.0,3,8713,卖盘
2235,13:51:22,29.09,0.07,4,11636,买盘
2236,13:51:34,29.02,-0.07,3,8707,卖盘
2237,13:51:37,29.05,0.03,1,2905,买盘
2238,13:51:40,29.01,-0.04,15,43524,卖盘
2239,13:51:45,28.95,-0.06,100,289680,卖盘
2240,13:51:48,29.0,0.05,21,60900,中性盘
2241,13:51:52,28.92,-0.08,49,141796,卖盘
2242,13:51:54,29.0,0.08,1,2900,买盘
2243,13:52:04,28.95,-0.05,9,26065,卖盘
2244,13:52:07,28.95,0.0,7,20247,买盘
2245,13:52:10,28.95,0.0,22,63684,买盘
2246,13:52:13,28.95,0.0,33,95480,买盘
2247,13:52:16,29.0,0.05,1,2900,买盘
2248,13:52:18,29.05,0.05,113,327775,买盘
2249,13:52:22,28.95,-0.1,28,81138,卖盘
2250,13:52:28,29.05,0.1,4,11620,买盘
2251,13:52:31,29.0,-0.05,11,31940,卖盘
2252,13:52:34,29.05,0.05,7,20335,买盘
2253,13:52:37,29.05,0.0,1,2905,买盘
2254,13:52:40,29.05,0.0,12,34860,买盘
2255,13:52:42,29.05,0.0,7,20335,买盘
2256,13:52:46,29.02,-0.03,5,14513,卖盘
2257,13:52:49,29.05,0.03,22,63910,买盘
2258,13:52:52,29.08,0.03,1,2908,买盘
2259,13:52:54,29.08,0.0,1,2908,买盘
2260,13:52:57,29.1,0.02,37,107621,买盘
2261,13:53:04,29.12,0.02,3,8736,买盘
2262,13:53:07,29.15,0.03,5,14567,买盘
2263,13:53:09,29.15,0.0,3,8745,买盘
2264,13:53:12,29.12,-0.03,4,11648,卖盘
2265,13:53:16,29.15,0.03,2,5830,买盘
2266,13:53:19,29.19,0.04,25,72951,买盘
2267,13:53:22,29.19,0.0,1,2919,买盘
2268,13:53:28,29.18,-0.01,4,11672,卖盘
2269,13:53:31,29.19,0.01,28,81730,买盘
2270,13:53:34,29.19,0.0,29,84628,买盘
2271,13:53:37,29.19,0.0,3,8757,卖盘
2272,13:53:43,29.19,0.0,5,14595,卖盘
2273,13:53:46,29.19,0.0,3,8757,卖盘
2274,13:53:48,29.19,0.0,3,8757,卖盘
2275,13:53:51,29.19,0.0,58,169307,卖盘
2276,13:53:54,29.18,-0.01,23,67135,卖盘
2277,13:53:57,29.19,0.01,37,107985,买盘
2278,13:54:04,29.15,-0.04,16,46652,卖盘
2279,13:54:07,29.15,0.0,14,40811,卖盘
2280,13:54:10,29.15,0.0,32,93280,卖盘
2281,13:54:19,29.13,-0.02,25,72812,卖盘
2282,13:54:28,29.12,-0.01,21,61152,卖盘
2283,13:54:30,29.12,0.0,9,26208,买盘
2284,13:54:34,29.13,0.01,29,84449,买盘
2285,13:54:36,29.11,-0.02,5,14561,卖盘
2286,13:54:39,29.11,0.0,5,14555,卖盘
2287,13:54:42,29.11,0.0,9,26201,买盘
2288,13:54:52,29.09,-0.02,6,17456,卖盘
2289,13:54:55,29.09,0.0,4,11636,买盘
2290,13:55:01,29.06,-0.03,1,2906,卖盘
2291,13:55:04,29.06,0.0,5,14542,卖盘
2292,13:55:19,29.06,0.0,11,31961,买盘
2293,13:55:22,29.06,0.0,13,37778,买盘
2294,13:55:28,29.09,0.03,11,31999,买盘
2295,13:55:31,29.1,0.01,9,26182,买盘
2296,13:55:36,29.07,-0.03,15,43605,卖盘
2297,13:55:42,29.07,0.0,2,5814,买盘
2298,13:55:46,29.1,0.03,12,34890,买盘
2299,13:55:51,29.07,-0.03,5,14535,卖盘
2300,13:55:54,29.07,0.0,15,43623,卖盘
2301,13:56:04,29.09,0.02,7,20363,买盘
2302,13:56:07,29.1,0.01,22,64020,买盘
2303,13:56:12,29.11,0.01,2,5822,买盘
2304,13:56:21,29.13,0.02,5,14565,买盘
2305,13:56:24,29.15,0.02,2,5830,买盘
2306,13:56:31,29.15,0.0,1,2915,卖盘
2307,13:56:37,29.19,0.04,35,102098,买盘
2308,13:56:40,29.15,-0.04,5,14575,卖盘
2309,13:56:49,29.19,0.04,1,2919,买盘
2310,13:56:52,29.19,0.0,1,2919,卖盘
2311,13:56:55,29.19,0.0,3,8757,买盘
2312,13:56:58,29.21,0.02,27,78841,买盘
2313,13:57:01,29.19,-0.02,8,23352,买盘
2314,13:57:04,29.18,-0.01,5,14590,买盘
2315,13:57:06,29.18,0.0,26,76189,买盘
2316,13:57:10,29.16,-0.02,20,58330,卖盘
2317,13:57:15,29.13,-0.03,30,87442,卖盘
2318,13:57:18,29.19,0.06,22,64187,买盘
2319,13:57:22,29.19,0.0,15,43785,卖盘
2320,13:57:25,29.19,0.0,26,75894,卖盘
2321,13:57:28,29.17,-0.02,2,5834,买盘
2322,13:57:31,29.17,0.0,5,14585,买盘
2323,13:57:34,29.13,-0.04,17,49525,卖盘
2324,13:57:37,29.13,0.0,10,29130,卖盘
2325,13:57:40,29.13,0.0,1,2593,买盘
2326,13:57:45,29.14,0.01,5,14886,买盘
2327,13:57:51,29.16,0.02,8,23328,买盘
2328,13:57:57,29.11,-0.05,4,11650,卖盘
2329,13:58:03,29.11,0.0,10,28794,卖盘
2330,13:58:06,29.11,0.0,33,96063,买盘
2331,13:58:12,29.1,-0.01,22,64026,卖盘
2332,13:58:15,29.1,0.0,3,8730,卖盘
2333,13:58:18,29.1,0.0,2,5820,卖盘
2334,13:58:24,29.11,0.01,6,17780,卖盘
2335,13:58:28,29.1,-0.01,10,29101,买盘
2336,13:58:39,29.1,0.0,28,81417,买盘
2337,13:58:48,29.1,0.0,2,5820,卖盘
2338,13:58:51,29.1,0.0,3,8730,卖盘
2339,13:59:10,29.1,0.0,6,17463,卖盘
2340,13:59:16,29.1,0.0,3,8733,卖盘
2341,13:59:19,29.1,0.0,25,72810,卖盘
2342,13:59:21,29.1,0.0,7,20370,卖盘
2343,13:59:28,29.1,0.0,11,32011,卖盘
2344,13:59:45,29.1,0.0,2,5820,买盘
2345,13:59:48,29.07,-0.03,12,34884,卖盘
2346,13:59:55,29.07,0.0,12,34884,卖盘
2347,14:00:01,29.06,-0.01,1,2906,卖盘
2348,14:00:04,29.06,0.0,3,8718,卖盘
2349,14:00:07,29.03,-0.03,20,58090,卖盘
2350,14:00:09,29.06,0.03,30,87167,买盘
2351,14:00:15,29.02,-0.04,9,26126,卖盘
2352,14:00:22,29.02,0.0,28,81243,买盘
2353,14:00:25,29.02,0.0,1,2902,卖盘
2354,14:00:28,28.99,-0.03,27,78319,卖盘
2355,14:00:34,29.0,0.01,3,8700,买盘
2356,14:00:37,28.99,-0.01,5,14495,卖盘
2357,14:00:43,29.0,0.01,34,98576,买盘
2358,14:00:46,29.0,0.0,13,37700,卖盘
2359,14:00:49,29.0,0.0,39,113100,卖盘
2360,14:00:52,29.0,0.0,4,11600,卖盘
2361,14:00:55,29.01,0.01,39,113139,买盘
2362,14:00:58,29.03,0.02,10,29013,买盘
2363,14:01:01,29.05,0.02,14,40658,买盘
2364,14:01:04,29.05,0.0,14,40670,卖盘
2365,14:01:07,29.05,0.0,9,26145,卖盘
2366,14:01:10,29.06,0.01,2,5812,买盘
2367,14:01:13,29.05,-0.01,1,2905,卖盘
2368,14:01:16,29.05,0.0,8,23247,卖盘
2369,14:01:25,29.04,-0.01,6,17422,买盘
2370,14:01:27,29.02,-0.02,3,8706,卖盘
2371,14:01:33,29.01,-0.01,8,23214,卖盘
2372,14:01:36,29.01,0.0,11,31926,卖盘
2373,14:01:40,29.0,-0.01,72,208831,卖盘
2374,14:01:49,29.0,0.0,14,40600,卖盘
2375,14:01:52,29.0,0.0,4,11601,中性盘
2376,14:01:55,28.99,-0.01,19,55085,卖盘
2377,14:01:57,29.0,0.01,20,57982,买盘
2378,14:02:01,29.0,0.0,2,5799,买盘
2379,14:02:04,28.98,-0.02,14,40572,卖盘
2380,14:02:10,29.0,0.02,10,28989,买盘
2381,14:02:13,28.96,-0.04,38,110155,卖盘
2382,14:02:16,28.95,-0.01,20,57914,卖盘
2383,14:02:21,29.02,0.07,2,5804,中性盘
2384,14:02:24,29.02,0.0,15,43530,卖盘
2385,14:02:30,28.95,-0.07,48,139136,卖盘
2386,14:02:37,28.97,0.02,3,8691,卖盘
2387,14:02:40,28.97,0.0,14,40578,卖盘
2388,14:02:46,28.97,0.0,26,75332,卖盘
2389,14:02:49,29.02,0.05,21,60909,买盘
2390,14:02:52,28.99,-0.03,2,5798,卖盘
2391,14:02:55,28.99,0.0,30,86996,卖盘
2392,14:02:58,29.0,0.01,2,5800,中性盘
2393,14:03:01,29.0,0.0,30,87000,卖盘
2394,14:03:04,29.0,0.0,12,34800,卖盘
2395,14:03:07,28.99,-0.01,5,14495,卖盘
2396,14:03:10,29.0,0.01,2,5800,买盘
2397,14:03:13,28.99,-0.01,5,14495,卖盘
2398,14:03:16,28.99,0.0,27,78274,卖盘
2399,14:03:25,28.99,0.0,36,104336,买盘
2400,14:03:27,28.98,-0.01,13,37664,卖盘
2401,14:03:31,28.98,0.0,5,14490,卖盘
2402,14:03:34,28.98,0.0,11,31878,卖盘
2403,14:03:37,28.98,0.0,1,2898,买盘
2404,14:03:40,28.96,-0.02,15,43466,卖盘
2405,14:03:43,28.96,0.0,12,34752,卖盘
2406,14:03:46,28.95,-0.01,10,28950,卖盘
2407,14:03:49,28.96,0.01,7,20272,买盘
2408,14:03:52,28.95,-0.01,16,46321,卖盘
2409,14:03:55,28.95,0.0,5,14475,买盘
2410,14:03:58,28.94,-0.01,49,141806,卖盘
2411,14:04:01,28.94,0.0,41,118654,买盘
2412,14:04:04,28.95,0.01,5,14472,买盘
2413,14:04:07,28.94,-0.01,33,95502,买盘
2414,14:04:09,28.93,-0.01,117,338588,卖盘
2415,14:04:12,28.95,0.02,19,55004,买盘
2416,14:04:15,28.95,0.0,7,20265,买盘
2417,14:04:18,28.95,0.0,49,141816,买盘
2418,14:04:22,28.95,0.0,8,23155,买盘
2419,14:04:24,28.95,0.0,14,40530,买盘
2420,14:04:34,28.97,0.02,7,20273,买盘
2421,14:04:39,28.97,0.0,3,8691,买盘
2422,14:04:42,28.97,0.0,8,23176,卖盘
2423,14:04:46,28.98,0.01,4,11592,买盘
2424,14:04:49,28.97,-0.01,67,194105,卖盘
2425,14:04:52,28.98,0.01,4,11592,买盘
2426,14:04:55,28.98,0.0,2,5796,买盘
2427,14:04:58,28.99,0.01,8,23192,卖盘
2428,14:05:01,29.0,0.01,16,46400,买盘
2429,14:05:04,29.0,0.0,31,89900,买盘
2430,14:05:07,29.0,0.0,29,84100,买盘
2431,14:05:10,29.0,0.0,5,14497,买盘
2432,14:05:13,29.0,0.0,14,40600,买盘
2433,14:05:16,29.0,0.0,3,8700,买盘
2434,14:05:22,29.0,0.0,4,11606,卖盘
2435,14:05:25,29.0,0.0,27,78298,卖盘
2436,14:05:27,29.02,0.02,3,8706,中性盘
2437,14:05:30,29.0,-0.02,9,26100,卖盘
2438,14:05:34,29.0,0.0,8,23200,卖盘
2439,14:05:37,29.0,0.0,4,11600,买盘
2440,14:05:43,29.0,0.0,2,5800,买盘
2441,14:05:46,28.99,-0.01,5,14495,卖盘
2442,14:05:49,28.99,0.0,11,31899,卖盘
2443,14:05:55,29.0,0.01,21,60900,买盘
2444,14:06:00,29.0,0.0,14,40588,买盘
2445,14:06:07,28.99,-0.01,11,31899,中性盘
2446,14:06:09,28.99,0.0,12,34778,买盘
2447,14:06:12,28.98,-0.01,1,2898,中性盘
2448,14:06:16,28.99,0.01,3,8697,买盘
2449,14:06:19,28.98,-0.01,3,8694,卖盘
2450,14:06:22,28.98,0.0,4,11592,卖盘
2451,14:06:24,28.98,0.0,8,23182,卖盘
2452,14:06:27,28.98,0.0,23,66634,买盘
2453,14:06:30,28.98,0.0,54,156448,买盘
2454,14:06:39,28.97,-0.01,15,43460,卖盘
2455,14:06:46,28.98,0.01,7,20286,买盘
2456,14:06:55,28.98,0.0,3,8694,卖盘
2457,14:07:01,28.99,0.01,6,17391,买盘
2458,14:07:04,28.98,-0.01,3,8694,卖盘
2459,14:07:06,28.95,-0.03,43,124545,卖盘
2460,14:07:13,28.98,0.03,35,101430,买盘
2461,14:07:16,28.96,-0.02,3,8688,卖盘
2462,14:07:19,28.96,0.0,11,31856,买盘
2463,14:07:22,28.98,0.02,76,220162,买盘
2464,14:07:24,28.98,0.0,4,11592,卖盘
2465,14:07:28,28.95,-0.03,113,327539,卖盘
2466,14:07:30,28.95,0.0,2,5790,卖盘
2467,14:07:43,28.98,0.03,3,8694,买盘
2468,14:07:46,28.98,0.0,3,8693,买盘
2469,14:07:52,28.98,0.0,1,2898,卖盘
2470,14:07:55,28.98,0.0,4,11594,卖盘
2471,14:07:58,29.0,0.02,10,28997,买盘
2472,14:08:00,28.99,-0.01,13,37698,卖盘
2473,14:08:04,29.0,0.01,6,17398,买盘
2474,14:08:06,28.99,-0.01,15,43485,卖盘
2475,14:08:10,28.99,0.0,2,5798,买盘
2476,14:08:13,28.99,0.0,61,176835,买盘
2477,14:08:16,29.0,0.01,13,37693,买盘
2478,14:08:19,29.0,0.0,2,5800,买盘
2479,14:08:22,28.99,-0.01,1,2899,卖盘
2480,14:08:27,28.98,-0.01,75,217411,卖盘
2481,14:08:30,29.0,0.02,9,26095,买盘
2482,14:08:34,29.0,0.0,3,8700,买盘
2483,14:08:43,29.0,0.0,1,2900,买盘
2484,14:08:45,29.0,0.0,25,72486,买盘
2485,14:08:49,29.0,0.0,6,17400,买盘
2486,14:08:55,28.99,-0.01,2,5798,卖盘
2487,14:09:01,29.0,0.01,5,14499,买盘
2488,14:09:04,29.0,0.0,1,2900,买盘
2489,14:09:06,28.99,-0.01,4,11596,卖盘
2490,14:09:09,29.0,0.01,1,2900,买盘
2491,14:09:16,29.01,0.01,3,8703,买盘
2492,14:09:18,29.0,-0.01,3,8701,卖盘
2493,14:09:22,29.0,0.0,3,8700,卖盘
2494,14:09:24,29.0,0.0,25,72500,卖盘
2495,14:09:28,29.02,0.02,3,8706,买盘
2496,14:09:31,29.0,-0.02,16,46407,卖盘
2497,14:09:46,29.03,0.03,3,8709,买盘
2498,14:09:49,29.03,0.0,2,5806,卖盘
2499,14:09:52,29.03,0.0,11,31934,卖盘
2500,14:09:55,29.03,0.0,19,55157,买盘
2501,14:09:58,29.03,0.0,15,43545,卖盘
2502,14:10:01,29.03,0.0,5,14515,买盘
2503,14:10:07,29.03,0.0,2,5806,买盘
2504,14:10:10,29.03,0.0,6,17418,买盘
2505,14:10:15,29.01,-0.02,11,31917,卖盘
2506,14:10:19,29.02,0.01,12,34830,买盘
2507,14:10:25,29.03,0.01,81,235115,买盘
2508,14:10:28,29.03,0.0,14,40642,卖盘
2509,14:10:31,29.04,0.01,11,31944,买盘
2510,14:10:34,29.03,-0.01,2,5806,卖盘
2511,14:10:36,29.05,0.02,30,87150,买盘
2512,14:10:42,29.06,0.01,7,20342,买盘
2513,14:10:46,29.06,0.0,20,58115,买盘
2514,14:10:49,29.06,0.0,1,2906,卖盘
2515,14:10:52,29.06,0.0,6,17436,卖盘
2516,14:10:55,29.09,0.03,2,5818,买盘
2517,14:10:58,29.09,0.0,18,52362,买盘
2518,14:11:01,29.09,0.0,1,2909,卖盘
2519,14:11:03,29.09,0.0,13,37817,卖盘
2520,14:11:06,29.09,0.0,3,8727,卖盘
2521,14:11:13,29.1,0.01,6,17460,买盘
2522,14:11:15,29.1,0.0,2,5820,买盘
2523,14:11:21,29.1,0.0,5,14548,买盘
2524,14:11:28,29.1,0.0,3,8730,买盘
2525,14:11:34,29.09,-0.01,3,8727,卖盘
2526,14:11:39,29.1,0.01,1,2910,卖盘
2527,14:11:46,29.1,0.0,15,43650,卖盘
2528,14:11:49,29.1,0.0,5,14550,卖盘
2529,14:11:58,29.1,0.0,3,8730,买盘
2530,14:12:04,29.1,0.0,48,139673,买盘
2531,14:12:07,29.09,-0.01,7,20364,卖盘
2532,14:12:16,29.09,0.0,8,23272,买盘
2533,14:12:19,29.09,0.0,1,2909,买盘
2534,14:12:21,29.07,-0.02,19,55234,卖盘
2535,14:12:25,29.09,0.02,20,58179,买盘
2536,14:12:28,29.07,-0.02,19,55233,卖盘
2537,14:12:34,29.07,0.0,1,2907,卖盘
2538,14:12:37,29.07,0.0,2,5814,卖盘
2539,14:12:40,29.07,0.0,17,49419,卖盘
2540,14:12:43,29.07,0.0,3,8721,卖盘
2541,14:12:46,29.1,0.03,150,435766,买盘
2542,14:12:52,29.1,0.0,32,93114,买盘
2543,14:12:58,29.03,-0.07,5,14523,卖盘
2544,14:13:04,29.03,0.0,6,17422,卖盘
2545,14:13:12,29.09,0.06,15,43628,买盘
2546,14:13:15,29.05,-0.04,2,5810,卖盘
2547,14:13:21,29.07,0.02,10,29070,买盘
2548,14:13:37,29.08,0.01,10,29080,买盘
2549,14:13:40,29.05,-0.03,5,14525,卖盘
2550,14:13:43,29.05,0.0,4,11620,卖盘
2551,14:13:45,29.05,0.0,20,58100,卖盘
2552,14:13:51,29.07,0.02,2,5814,买盘
2553,14:13:58,29.03,-0.04,17,49351,卖盘
2554,14:14:04,29.0,-0.03,55,159594,卖盘
2555,14:14:06,29.02,0.02,5,14510,中性盘
2556,14:14:09,29.03,0.01,20,58060,买盘
2557,14:14:13,28.99,-0.04,46,133518,卖盘
2558,14:14:22,28.99,0.0,1,2899,卖盘
2559,14:14:28,29.0,0.01,7,20294,买盘
2560,14:14:33,28.99,-0.01,4,11596,中性盘
2561,14:14:36,28.98,-0.01,9,26082,卖盘
2562,14:14:39,28.99,0.01,2,5798,买盘
2563,14:14:43,28.98,-0.01,6,17391,卖盘
2564,14:14:45,28.99,0.01,25,72431,买盘
2565,14:14:51,28.98,-0.01,10,28980,买盘
2566,14:14:55,28.98,0.0,3,8694,买盘
2567,14:15:04,28.95,-0.03,14,40539,卖盘
2568,14:15:07,28.95,0.0,1,2895,卖盘
2569,14:15:10,28.95,0.0,11,31835,买盘
2570,14:15:21,28.94,-0.01,7,20259,卖盘
2571,14:15:25,28.95,0.01,11,31838,买盘
2572,14:15:28,28.91,-0.04,143,413492,卖盘
2573,14:15:31,28.94,0.03,2,5788,卖盘
2574,14:15:34,28.9,-0.04,100,289047,卖盘
2575,14:15:39,28.9,0.0,72,208098,卖盘
2576,14:15:43,28.9,0.0,25,72261,卖盘
2577,14:15:46,28.93,0.03,3,8679,中性盘
2578,14:15:49,28.9,-0.03,28,80927,卖盘
2579,14:15:52,28.94,0.04,38,109833,买盘
2580,14:15:55,28.88,-0.06,42,121333,卖盘
2581,14:15:58,28.87,-0.01,50,144398,卖盘
2582,14:16:00,28.87,0.0,3,8661,卖盘
2583,14:16:04,28.88,0.01,85,245465,买盘
2584,14:16:07,28.87,-0.01,224,647305,卖盘
2585,14:16:10,28.87,0.0,35,101025,买盘
2586,14:16:12,28.87,0.0,49,141375,买盘
2587,14:16:16,28.87,0.0,16,45163,买盘
2588,14:16:19,28.83,-0.04,14,41365,卖盘
2589,14:16:22,28.84,0.01,30,86549,卖盘
2590,14:16:28,28.84,0.0,29,83603,买盘
2591,14:16:31,28.84,0.0,42,121090,买盘
2592,14:16:34,28.84,0.0,36,102463,买盘
2593,14:16:37,28.84,0.0,11,31754,卖盘
2594,14:16:40,28.84,0.0,10,28840,卖盘
2595,14:16:43,28.84,0.0,18,51916,卖盘
2596,14:16:49,28.9,0.06,3,8670,中性盘
2597,14:16:52,28.9,0.0,14,40426,买盘
2598,14:16:54,28.9,0.0,3,8670,买盘
2599,14:16:57,28.87,-0.03,14,40443,卖盘
2600,14:17:00,28.93,0.06,4,11563,买盘
2601,14:17:07,28.9,-0.03,4,11570,卖盘
2602,14:17:16,28.94,0.04,7,20258,卖盘
2603,14:17:19,28.9,-0.04,6,17353,卖盘
2604,14:17:22,28.97,0.07,4,11582,买盘
2605,14:17:31,28.94,-0.03,20,57914,卖盘
2606,14:17:39,28.95,0.01,3,8683,买盘
2607,14:17:43,28.93,-0.02,5,14465,卖盘
2608,14:17:46,28.94,0.01,2,5788,中性盘
2609,14:17:48,28.95,0.01,7,20265,买盘
2610,14:17:52,28.94,-0.01,15,43406,卖盘
2611,14:17:55,28.93,-0.01,6,17358,卖盘
2612,14:17:58,28.93,0.0,2,5786,卖盘
2613,14:18:04,28.93,0.0,5,14465,买盘
2614,14:18:07,28.9,-0.03,18,52026,卖盘
2615,14:18:10,28.9,0.0,1,2890,买盘
2616,14:18:13,28.89,-0.01,15,43335,卖盘
2617,14:18:15,28.86,-0.03,30,86608,卖盘
2618,14:18:19,28.84,-0.02,48,138474,卖盘
2619,14:18:22,28.84,0.0,13,38141,卖盘
2620,14:18:25,28.83,-0.01,65,187437,卖盘
2621,14:18:27,28.82,-0.01,44,126873,卖盘
2622,14:18:30,28.82,0.0,36,103782,卖盘
2623,14:18:34,28.8,-0.02,241,694225,卖盘
2624,14:18:37,28.8,0.0,10,28800,卖盘
2625,14:18:40,28.8,0.0,61,175707,卖盘
2626,14:18:43,28.8,0.0,107,307865,卖盘
2627,14:18:46,28.8,0.0,16,46074,买盘
2628,14:18:48,28.77,-0.03,38,109324,卖盘
2629,14:18:52,28.76,-0.01,11,31638,卖盘
2630,14:18:55,28.76,0.0,16,46016,买盘
2631,14:18:58,28.76,0.0,41,117890,买盘
2632,14:19:01,28.75,-0.01,33,94867,中性盘
2633,14:19:04,28.76,0.01,116,333585,买盘
2634,14:19:07,28.75,-0.01,89,255862,卖盘
2635,14:19:09,28.75,0.0,28,80496,买盘
2636,14:19:13,28.74,-0.01,66,189719,卖盘
2637,14:19:16,28.75,0.01,57,163880,卖盘
2638,14:19:19,28.77,0.02,19,54632,买盘
2639,14:19:22,28.75,-0.02,28,80534,卖盘
2640,14:19:25,28.76,0.01,26,74842,卖盘
2641,14:19:28,28.8,0.04,10,28776,买盘
2642,14:19:30,28.8,0.0,16,46080,买盘
2643,14:19:34,28.83,0.03,9,25941,买盘
2644,14:19:37,28.8,-0.03,2,5760,卖盘
2645,14:19:39,28.82,0.02,17,50391,卖盘
2646,14:19:42,28.83,0.01,6,17298,中性盘
2647,14:19:45,28.83,0.0,3,8649,卖盘
2648,14:19:49,28.87,0.04,16,46192,买盘
2649,14:19:52,28.87,0.0,57,164458,买盘
2650,14:19:55,28.86,-0.01,2,5773,中性盘
2651,14:19:58,28.86,0.0,11,31746,买盘
2652,14:20:01,28.86,0.0,22,63472,买盘
2653,14:20:04,28.85,-0.01,13,37505,买盘
2654,14:20:06,28.86,0.01,11,31741,买盘
2655,14:20:13,28.85,-0.01,11,31744,卖盘
2656,14:20:15,28.9,0.05,23,66458,买盘
2657,14:20:19,28.9,0.0,12,34652,买盘
2658,14:20:22,28.9,0.0,19,54858,买盘
2659,14:20:25,28.9,0.0,6,17324,买盘
2660,14:20:28,28.9,0.0,22,63580,卖盘
2661,14:20:31,28.9,0.0,19,54910,买盘
2662,14:20:34,28.93,0.03,21,60725,买盘
2663,14:20:37,28.91,-0.02,2,5782,卖盘
2664,14:20:39,28.94,0.03,7,20257,买盘
2665,14:20:45,28.94,0.0,1,2894,卖盘
2666,14:20:49,28.95,0.01,5,14475,买盘
2667,14:20:52,28.98,0.03,5,14481,买盘
2668,14:20:58,29.0,0.02,28,81192,买盘
2669,14:21:01,29.03,0.03,11,31931,买盘
2670,14:21:04,29.03,0.0,4,11612,卖盘
2671,14:21:06,29.05,0.02,17,49385,买盘
2672,14:21:10,29.03,-0.02,54,156763,卖盘
2673,14:21:13,29.05,0.02,15,43565,买盘
2674,14:21:16,29.05,0.0,3,8718,卖盘
2675,14:21:18,29.1,0.05,56,162898,买盘
2676,14:21:21,29.1,0.0,25,72750,买盘
2677,14:21:24,29.1,0.0,9,26190,买盘
2678,14:21:28,29.1,0.0,25,72750,买盘
2679,14:21:31,29.1,0.0,125,363978,买盘
2680,14:21:34,29.14,0.04,20,58282,中性盘
2681,14:21:37,29.18,0.04,12,35007,买盘
2682,14:21:40,29.2,0.02,8,23360,买盘
2683,14:21:43,29.2,0.0,4,11676,买盘
2684,14:21:45,29.27,0.07,71,207585,买盘
2685,14:21:48,29.27,0.0,75,219522,买盘
2686,14:21:52,29.29,0.02,30,87862,买盘
2687,14:21:55,29.3,0.01,134,392614,买盘
2688,14:21:58,29.36,0.06,10,29344,买盘
2689,14:22:01,29.35,-0.01,8,23480,中性盘
2690,14:22:04,29.39,0.04,91,267266,买盘
2691,14:22:07,29.4,0.01,31,91117,买盘
2692,14:22:09,29.33,-0.07,71,208420,卖盘
2693,14:22:13,29.33,0.0,26,76258,买盘
2694,14:22:15,29.35,0.02,33,96804,买盘
2695,14:22:19,29.38,0.03,7,20556,中性盘
2696,14:22:22,29.33,-0.05,15,43995,卖盘
2697,14:22:24,29.34,0.01,9,26414,买盘
2698,14:22:28,29.35,0.01,15,44018,中性盘
2699,14:22:31,29.35,0.0,14,41098,中性盘
2700,14:22:33,29.36,0.01,9,26422,买盘
2701,14:22:37,29.35,-0.01,26,76294,卖盘
2702,14:22:40,29.35,0.0,6,17610,买盘
2703,14:22:43,29.35,0.0,62,181973,买盘
2704,14:22:46,29.33,-0.02,130,381336,卖盘
2705,14:22:49,29.32,-0.01,8,23463,卖盘
2706,14:22:52,29.27,-0.05,21,61507,卖盘
2707,14:22:55,29.27,0.0,5,14652,卖盘
2708,14:22:58,29.14,-0.13,44,128500,卖盘
2709,14:23:00,29.18,0.04,1,2918,买盘
2710,14:23:03,29.27,0.09,11,32134,买盘
2711,14:23:09,29.27,0.0,1,2927,买盘
2712,14:23:13,29.27,0.0,5,14635,买盘
2713,14:23:16,29.27,0.0,12,35124,买盘
2714,14:23:19,29.27,0.0,1,2927,卖盘
2715,14:23:22,29.3,0.03,85,249103,买盘
2716,14:23:25,29.27,-0.03,36,105384,卖盘
2717,14:23:31,29.28,0.01,2,5856,卖盘
2718,14:23:34,29.3,0.02,10,29293,买盘
2719,14:23:36,29.3,0.0,9,26370,买盘
2720,14:23:40,29.29,-0.01,2,5858,卖盘
2721,14:23:43,29.3,0.01,28,82037,买盘
2722,14:23:46,29.29,-0.01,40,117189,卖盘
2723,14:23:49,29.3,0.01,12,35160,中性盘
2724,14:23:52,29.3,0.0,28,81837,卖盘
2725,14:23:55,29.31,0.01,16,47091,买盘
2726,14:23:57,29.3,-0.01,24,70334,中性盘
2727,14:24:01,29.33,0.03,49,143654,买盘
2728,14:24:04,29.32,-0.01,47,137874,卖盘
2729,14:24:07,29.34,0.02,68,199333,中性盘
2730,14:24:09,29.35,0.01,148,434781,中性盘
2731,14:24:13,29.4,0.05,19,53226,买盘
2732,14:24:16,29.5,0.1,384,1131067,买盘
2733,14:24:18,29.5,0.0,175,516139,买盘
2734,14:24:22,29.5,0.0,110,324485,买盘
2735,14:24:24,29.51,0.01,32,94426,买盘
2736,14:24:27,29.51,0.0,63,185919,买盘
2737,14:24:31,29.56,0.05,369,1089494,买盘
2738,14:24:34,29.57,0.01,255,753488,买盘
2739,14:24:37,29.59,0.02,160,473363,买盘
2740,14:24:39,29.56,-0.03,205,606375,卖盘
2741,14:24:42,29.61,0.05,150,443924,买盘
2742,14:24:45,29.62,0.01,123,364512,买盘
2743,14:24:49,29.63,0.01,46,136041,买盘
2744,14:24:52,29.6,-0.03,196,580494,卖盘
2745,14:24:55,29.64,0.04,568,1685157,买盘
2746,14:24:58,29.68,0.04,369,1096310,中性盘
2747,14:25:00,29.62,-0.06,140,415027,卖盘
2748,14:25:04,29.78,0.16,485,1438693,买盘
2749,14:25:07,29.69,-0.09,51,151417,中性盘
2750,14:25:10,29.78,0.09,35,103993,买盘
2751,14:25:13,29.7,-0.08,59,175231,中性盘
2752,14:25:16,29.69,-0.01,113,335523,买盘
2753,14:25:19,29.7,0.01,207,614188,买盘
2754,14:25:21,29.7,0.0,45,133621,买盘
2755,14:25:25,29.66,-0.04,185,545519,卖盘
2756,14:25:28,29.63,-0.03,18,53350,中性盘
2757,14:25:31,29.63,0.0,74,219610,卖盘
2758,14:25:34,29.62,-0.01,23,68148,卖盘
2759,14:25:36,29.63,0.01,25,74072,买盘
2760,14:25:40,29.6,-0.03,61,180722,卖盘
2761,14:25:42,29.53,-0.07,4,11825,卖盘
2762,14:25:45,29.63,0.1,34,100668,买盘
2763,14:25:49,29.53,-0.1,9,26605,卖盘
2764,14:25:51,29.6,0.07,10,29597,买盘
2765,14:25:55,29.53,-0.07,14,41356,卖盘
2766,14:25:58,29.57,0.04,5,14772,买盘
2767,14:26:01,29.53,-0.04,38,112414,中性盘
2768,14:26:04,29.55,0.02,39,115213,买盘
2769,14:26:07,29.55,0.0,2,5910,买盘
2770,14:26:10,29.53,-0.02,13,38408,卖盘
2771,14:26:12,29.55,0.02,3,8865,中性盘
2772,14:26:16,29.57,0.02,17,50247,买盘
2773,14:26:19,29.55,-0.02,16,47300,卖盘
2774,14:26:22,29.57,0.02,6,17732,买盘
2775,14:26:25,29.58,0.01,13,38445,买盘
2776,14:26:28,29.6,0.02,131,389885,买盘
2777,14:26:31,29.55,-0.05,202,597610,卖盘
2778,14:26:34,29.59,0.04,19,56210,中性盘
2779,14:26:36,29.58,-0.01,11,32546,卖盘
2780,14:26:39,29.59,0.01,40,118328,中性盘
2781,14:26:42,29.59,0.0,15,44390,卖盘
2782,14:26:46,29.59,0.0,77,227878,卖盘
2783,14:26:49,29.6,0.01,130,385113,买盘
2784,14:26:52,29.6,0.0,10,29600,卖盘
2785,14:26:55,29.6,0.0,24,71059,卖盘
2786,14:26:58,29.62,0.02,12,35526,中性盘
