,time,price,change,volume,amount,type
0,09:25:05,6.64,-0.02,497,330008,买盘
1,09:30:01,6.64,0.0,63,41832,买盘
2,09:30:04,6.64,0.0,285,189635,卖盘
3,09:30:06,6.66,0.02,204,135753,买盘
4,09:30:10,6.64,-0.02,83,55322,卖盘
5,09:30:13,6.68,0.04,19,12674,买盘
6,09:30:16,6.68,0.0,140,93520,卖盘
7,09:30:19,6.69,0.01,20,13380,买盘
8,09:30:22,6.69,0.0,187,125075,卖盘
9,09:30:25,6.69,0.0,8,5352,卖盘
10,09:30:28,6.69,0.0,135,90333,卖盘
11,09:30:31,6.69,0.0,39,26091,卖盘
12,09:30:34,6.69,0.0,368,246325,卖盘
13,09:30:36,6.7,0.01,127,85013,买盘
14,09:30:40,6.7,0.0,220,147234,买盘
15,09:30:43,6.7,0.0,96,64236,买盘
16,09:30:46,6.7,0.0,226,151240,买盘
17,09:30:49,6.66,-0.04,90,60028,卖盘
18,09:30:55,6.66,0.0,1,666,卖盘
19,09:30:58,6.66,0.0,26,17350,卖盘
20,09:31:01,6.68,0.02,51,34063,买盘
21,09:31:04,6.69,0.01,14,9363,买盘
22,09:31:07,6.66,-0.03,3,2000,卖盘
23,09:31:10,6.66,0.0,20,13320,卖盘
24,09:31:13,6.67,0.01,8,5336,买盘
25,09:31:15,6.68,0.01,20,13360,买盘
26,09:31:19,6.67,-0.01,1,667,卖盘
27,09:31:25,6.67,0.0,11,7338,卖盘
28,09:31:27,6.67,0.0,18,12006,卖盘
29,09:31:31,6.67,0.0,26,17342,买盘
30,09:31:37,6.68,0.01,44,29377,买盘
31,09:31:40,6.67,-0.01,13,8672,卖盘
32,09:31:46,6.69,0.02,37,24744,买盘
33,09:31:51,6.68,-0.01,36,24048,卖盘
34,09:31:54,6.69,0.01,38,25422,买盘
35,09:32:01,6.69,0.0,20,13380,买盘
36,09:32:04,6.69,0.0,65,43482,买盘
37,09:32:07,6.69,0.0,20,13380,卖盘
38,09:32:13,6.7,0.01,32,21440,买盘
39,09:32:16,6.69,-0.01,33,22105,卖盘
40,09:32:19,6.69,0.0,22,14718,卖盘
41,09:32:22,6.69,0.0,28,18732,卖盘
42,09:32:25,6.7,0.01,23,15407,买盘
43,09:32:27,6.69,-0.01,278,186052,卖盘
44,09:32:31,6.71,0.02,58,38853,买盘
45,09:32:34,6.71,0.0,131,87909,卖盘
46,09:32:36,6.72,0.01,189,126949,买盘
47,09:32:40,6.72,0.0,109,73055,买盘
48,09:32:43,6.71,-0.01,34,22814,中性盘
49,09:32:49,6.7,-0.01,27,18112,卖盘
50,09:32:52,6.71,0.01,53,35559,买盘
51,09:32:55,6.7,-0.01,85,57030,卖盘
52,09:32:57,6.71,0.01,6,4024,买盘
53,09:33:01,6.71,0.0,10,6710,买盘
54,09:33:04,6.71,0.0,137,91902,买盘
55,09:33:07,6.7,-0.01,7,4690,中性盘
56,09:33:16,6.69,-0.01,51,34149,卖盘
57,09:33:19,6.69,0.0,35,23415,卖盘
58,09:33:25,6.69,0.0,227,151863,卖盘
59,09:33:28,6.69,0.0,48,32112,卖盘
60,09:33:31,6.7,0.01,100,66947,买盘
61,09:33:34,6.69,-0.01,44,29436,卖盘
62,09:33:37,6.69,0.0,31,20739,卖盘
63,09:33:40,6.68,-0.01,48,32064,卖盘
64,09:33:46,6.68,0.0,1,668,卖盘
65,09:33:48,6.68,0.0,7,4676,中性盘
66,09:33:55,6.67,-0.01,2,1334,卖盘
67,09:33:58,6.68,0.01,20,13360,买盘
68,09:34:01,6.68,0.0,11,7348,买盘
69,09:34:04,6.68,0.0,23,15364,卖盘
70,09:34:07,6.68,0.0,16,10688,卖盘
71,09:34:10,6.68,0.0,100,66800,卖盘
72,09:34:13,6.69,0.01,140,93660,买盘
73,09:34:25,6.7,0.01,254,170180,买盘
74,09:34:46,6.7,0.0,12,8040,卖盘
75,09:34:49,6.71,0.01,691,463661,买盘
76,09:34:52,6.71,0.0,175,117425,卖盘
77,09:34:55,6.72,0.01,300,201600,买盘
78,09:34:58,6.72,0.0,50,33600,买盘
79,09:35:01,6.73,0.01,147,98739,买盘
80,09:35:04,6.73,0.0,5,3365,卖盘
81,09:35:07,6.74,0.01,26,17512,买盘
82,09:35:10,6.74,0.0,3,2022,买盘
83,09:35:12,6.74,0.0,85,57287,买盘
84,09:35:16,6.74,0.0,33,22242,买盘
85,09:35:19,6.74,0.0,127,85588,卖盘
86,09:35:22,6.75,0.01,24,16194,买盘
87,09:35:24,6.74,-0.01,51,34379,卖盘
88,09:35:28,6.74,0.0,83,55967,卖盘
89,09:35:31,6.74,0.0,485,327330,卖盘
90,09:35:33,6.74,0.0,166,111936,卖盘
91,09:35:37,6.74,0.0,165,111210,卖盘
92,09:35:40,6.75,0.01,343,231261,买盘
93,09:35:43,6.74,-0.01,104,70096,卖盘
94,09:35:46,6.74,0.0,18,12132,买盘
95,09:35:49,6.74,0.0,35,23590,买盘
96,09:35:52,6.74,0.0,109,73458,买盘
97,09:35:55,6.73,-0.01,135,90962,卖盘
98,09:35:58,6.73,0.0,90,60572,卖盘
99,09:36:01,6.73,0.0,27,18171,卖盘
100,09:36:04,6.73,0.0,92,61914,买盘
101,09:36:07,6.72,-0.01,43,28896,卖盘
102,09:36:10,6.72,0.0,149,100143,卖盘
103,09:36:13,6.72,0.0,36,24192,卖盘
104,09:36:16,6.72,0.0,23,15456,买盘
105,09:36:22,6.72,0.0,358,240276,买盘
106,09:36:25,6.71,-0.01,83,55693,卖盘
107,09:36:27,6.71,0.0,27,18117,买盘
108,09:36:31,6.7,-0.01,199,133451,卖盘
109,09:36:34,6.7,0.0,212,142040,卖盘
110,09:36:37,6.7,0.0,30,20100,买盘
111,09:36:43,6.69,-0.01,35,23415,卖盘
112,09:36:48,6.69,0.0,65,43485,买盘
113,09:36:52,6.69,0.0,13,8694,买盘
114,09:36:55,6.69,0.0,4,2676,买盘
115,09:36:57,6.67,-0.02,428,285588,卖盘
116,09:37:04,6.67,0.0,37,24679,买盘
117,09:37:07,6.71,0.04,880,589669,买盘
118,09:37:13,6.7,-0.01,13,8710,买盘
119,09:37:16,6.69,-0.01,4,2676,卖盘
120,09:37:18,6.7,0.01,83,55689,买盘
121,09:37:21,6.69,-0.01,143,95826,卖盘
122,09:37:28,6.71,0.02,5,3355,中性盘
123,09:37:31,6.71,0.0,103,69196,卖盘
124,09:37:34,6.71,0.0,83,55716,卖盘
125,09:37:37,6.71,0.0,43,28853,买盘
126,09:37:40,6.71,0.0,12,8052,买盘
127,09:37:43,6.71,0.0,12,8050,买盘
128,09:37:45,6.7,-0.01,195,130690,卖盘
129,09:37:49,6.7,0.0,17,11390,买盘
130,09:37:51,6.7,0.0,2,1340,买盘
131,09:37:54,6.71,0.01,193,129381,买盘
132,09:38:04,6.71,0.0,40,26849,卖盘
133,09:38:07,6.71,0.0,10,6710,卖盘
134,09:38:12,6.71,0.0,43,28893,卖盘
135,09:38:16,6.71,0.0,19,12749,卖盘
136,09:38:19,6.71,0.0,13,8723,卖盘
137,09:38:22,6.71,0.0,49,32881,卖盘
138,09:38:25,6.7,-0.01,80,53600,卖盘
139,09:38:31,6.7,0.0,58,38875,买盘
140,09:38:43,6.7,0.0,110,73700,卖盘
141,09:38:46,6.7,0.0,10,6700,买盘
142,09:38:49,6.71,0.01,27,18111,买盘
143,09:39:04,6.71,0.0,63,42215,买盘
144,09:39:06,6.7,-0.01,3,2010,中性盘
145,09:39:10,6.69,-0.01,1,669,卖盘
146,09:39:13,6.7,0.01,20,13400,买盘
147,09:39:19,6.7,0.0,37,24775,买盘
148,09:39:22,6.7,0.0,97,64962,卖盘
149,09:39:28,6.7,0.0,10,6700,卖盘
150,09:39:31,6.7,0.0,124,83080,卖盘
151,09:39:34,6.71,0.01,338,226769,买盘
152,09:39:43,6.7,-0.01,10,6700,买盘
153,09:39:49,6.7,0.0,4,2680,买盘
154,09:39:52,6.7,0.0,27,18080,买盘
155,09:39:57,6.7,0.0,8,5360,买盘
156,09:40:04,6.7,0.0,44,29480,买盘
157,09:40:10,6.7,0.0,20,13400,卖盘
158,09:40:16,6.7,0.0,87,58290,卖盘
159,09:40:36,6.69,-0.01,1,669,卖盘
160,09:40:43,6.69,0.0,34,22764,卖盘
161,09:40:54,6.7,0.01,2,1340,买盘
162,09:41:04,6.7,0.0,62,41540,买盘
163,09:41:06,6.69,-0.01,32,21408,卖盘
164,09:41:09,6.7,0.01,1,670,买盘
165,09:41:13,6.7,0.0,70,46900,买盘
166,09:41:16,6.7,0.0,70,46900,卖盘
167,09:41:28,6.7,0.0,31,20770,卖盘
168,09:41:37,6.71,0.01,53,35563,买盘
169,09:41:39,6.71,0.0,3,2013,买盘
170,09:41:46,6.7,-0.01,2,1340,卖盘
171,09:41:49,6.71,0.01,24,16104,买盘
172,09:41:52,6.71,0.0,5,3355,买盘
173,09:42:01,6.71,0.0,60,40210,买盘
174,09:42:04,6.71,0.0,14,9394,买盘
175,09:42:16,6.71,0.0,9,6039,买盘
176,09:42:19,6.71,0.0,4,2684,买盘
177,09:42:22,6.71,0.0,35,23485,卖盘
178,09:42:25,6.71,0.0,3,2013,卖盘
179,09:42:31,6.72,0.01,37,24864,买盘
180,09:42:34,6.71,-0.01,40,26876,卖盘
181,09:42:39,6.71,0.0,105,70655,卖盘
182,09:42:46,6.71,0.0,2,1342,卖盘
183,09:42:52,6.73,0.02,13,8749,买盘
184,09:42:55,6.71,-0.02,84,56424,卖盘
185,09:43:01,6.73,0.02,73,49105,买盘
186,09:43:07,6.72,-0.01,12,8064,卖盘
187,09:43:10,6.72,0.0,75,50393,买盘
188,09:43:13,6.73,0.01,119,80005,买盘
189,09:43:16,6.73,0.0,52,34989,买盘
190,09:43:19,6.73,0.0,42,28266,卖盘
191,09:43:22,6.73,0.0,3,2019,卖盘
192,09:43:25,6.74,0.01,100,67400,买盘
193,09:43:28,6.74,0.0,18,12131,买盘
194,09:43:31,6.74,0.0,559,376905,买盘
195,09:43:36,6.75,0.01,16,10800,买盘
196,09:43:40,6.75,0.0,7,4725,买盘
197,09:43:43,6.75,0.0,200,135000,买盘
198,09:43:46,6.75,0.0,13,8775,买盘
199,09:43:49,6.75,0.0,20,13500,买盘
200,09:43:55,6.76,0.01,166,112185,买盘
201,09:43:57,6.76,0.0,11,7445,卖盘
202,09:44:01,6.77,0.01,92,62284,买盘
203,09:44:04,6.77,0.0,288,194776,买盘
204,09:44:07,6.77,0.0,33,22321,买盘
205,09:44:10,6.78,0.01,23,15576,买盘
206,09:44:16,6.77,-0.01,53,35881,买盘
207,09:44:19,6.77,0.0,10,6770,卖盘
208,09:44:21,6.77,0.0,30,20310,卖盘
209,09:44:25,6.77,0.0,29,19633,卖盘
210,09:44:27,6.77,0.0,510,345730,买盘
211,09:44:31,6.77,0.0,30,20310,买盘
212,09:44:33,6.77,0.0,61,41291,买盘
213,09:44:36,6.77,0.0,59,39943,卖盘
214,09:44:39,6.77,0.0,16,10832,买盘
215,09:44:42,6.77,0.0,105,71085,买盘
216,09:44:46,6.77,0.0,19,12863,卖盘
217,09:44:49,6.77,0.0,57,38589,卖盘
218,09:44:52,6.77,0.0,20,13540,卖盘
219,09:44:58,6.77,0.0,48,32496,卖盘
220,09:45:01,6.77,0.0,3,2031,买盘
221,09:45:04,6.77,0.0,26,17602,买盘
222,09:45:06,6.76,-0.01,3,2028,卖盘
223,09:45:10,6.76,0.0,162,109512,卖盘
224,09:45:13,6.76,0.0,134,90584,买盘
225,09:45:16,6.75,-0.01,7,4725,卖盘
226,09:45:19,6.75,0.0,157,105976,卖盘
227,09:45:21,6.75,0.0,203,137214,卖盘
228,09:45:25,6.75,0.0,13,8775,卖盘
229,09:45:27,6.76,0.01,70,47255,买盘
230,09:45:31,6.75,-0.01,23,15525,卖盘
231,09:45:34,6.75,0.0,9,6075,卖盘
232,09:45:37,6.75,0.0,5,3375,卖盘
233,09:45:40,6.75,0.0,11,7425,卖盘
234,09:45:46,6.75,0.0,30,20250,卖盘
235,09:45:58,6.74,-0.01,17,11458,卖盘
236,09:46:07,6.75,0.01,100,67500,买盘
237,09:46:12,6.75,0.0,67,45225,买盘
238,09:46:15,6.74,-0.01,22,14828,卖盘
239,09:46:22,6.74,0.0,6,4044,卖盘
240,09:46:25,6.75,0.01,76,51300,买盘
241,09:46:31,6.75,0.0,17,11467,买盘
242,09:46:34,6.75,0.0,73,49275,买盘
243,09:46:37,6.76,0.01,242,163532,买盘
244,09:46:39,6.75,-0.01,1,675,中性盘
245,09:46:46,6.75,0.0,8,5400,买盘
246,09:46:49,6.75,0.0,19,12825,买盘
247,09:46:55,6.76,0.01,21,14196,买盘
248,09:46:58,6.76,0.0,10,6760,卖盘
249,09:47:01,6.77,0.01,274,185493,买盘
250,09:47:04,6.78,0.01,4,2709,买盘
251,09:47:07,6.77,-0.01,22,14894,卖盘
252,09:47:10,6.77,0.0,45,30505,卖盘
253,09:47:13,6.77,0.0,260,176220,卖盘
254,09:47:15,6.78,0.01,13,8814,买盘
255,09:47:19,6.77,-0.01,489,331986,卖盘
256,09:47:22,6.77,0.0,50,33850,买盘
257,09:47:31,6.8,0.03,1,680,买盘
258,09:47:34,6.79,-0.01,4,2719,中性盘
259,09:47:37,6.78,-0.01,50,33900,卖盘
260,09:47:39,6.78,0.0,97,65766,买盘
261,09:47:43,6.78,0.0,283,191627,买盘
262,09:47:45,6.77,-0.01,265,179596,卖盘
263,09:47:49,6.77,0.0,17,11509,买盘
264,09:47:52,6.77,0.0,8,5416,买盘
265,09:47:55,6.77,0.0,1,677,买盘
266,09:47:57,6.77,0.0,64,43328,买盘
267,09:48:04,6.77,0.0,25,16925,买盘
268,09:48:07,6.76,-0.01,15,10150,卖盘
269,09:48:09,6.76,0.0,10,6760,卖盘
270,09:48:13,6.77,0.01,22,14894,买盘
271,09:48:16,6.78,0.01,429,290599,买盘
272,09:48:19,6.76,-0.02,130,88092,卖盘
273,09:48:22,6.76,0.0,49,33124,卖盘
274,09:48:28,6.76,0.0,19,12844,卖盘
275,09:48:30,6.76,0.0,11,7436,卖盘
276,09:48:37,6.77,0.01,21,14217,买盘
277,09:48:45,6.77,0.0,20,13540,卖盘
278,09:48:55,6.77,0.0,13,8802,卖盘
279,09:49:01,6.77,0.0,22,14894,卖盘
280,09:49:04,6.77,0.0,18,12186,买盘
281,09:49:07,6.77,0.0,10,6770,买盘
282,09:49:10,6.77,0.0,7,4739,买盘
283,09:49:13,6.77,0.0,1,677,买盘
284,09:49:16,6.77,0.0,11,7447,买盘
285,09:49:18,6.77,0.0,13,8789,买盘
286,09:49:25,6.77,0.0,21,14217,买盘
287,09:49:27,6.77,0.0,88,59576,买盘
288,09:49:34,6.77,0.0,8,5416,买盘
289,09:49:37,6.77,0.0,57,38587,买盘
290,09:49:39,6.77,0.0,40,27080,买盘
291,09:49:46,6.76,-0.01,10,6760,卖盘
292,09:49:49,6.77,0.01,17,11509,买盘
293,09:49:51,6.77,0.0,6,4062,卖盘
294,09:49:57,6.77,0.0,25,16925,卖盘
295,09:50:00,6.77,0.0,2,1354,卖盘
296,09:50:07,6.77,0.0,29,19633,卖盘
297,09:50:13,6.76,-0.01,11,7441,卖盘
298,09:50:16,6.76,0.0,204,137904,卖盘
299,09:50:37,6.76,0.0,98,66248,卖盘
300,09:50:40,6.76,0.0,4,2704,卖盘
301,09:50:46,6.75,-0.01,10,6750,卖盘
302,09:50:52,6.76,0.01,8,5408,买盘
303,09:50:55,6.76,0.0,87,58812,买盘
304,09:50:57,6.75,-0.01,28,18911,卖盘
305,09:51:01,6.75,0.0,50,33750,卖盘
306,09:51:07,6.76,0.01,1,676,卖盘
307,09:51:09,6.76,0.0,5,3380,卖盘
308,09:51:12,6.76,0.0,2,1352,卖盘
309,09:51:19,6.76,0.0,10,6760,卖盘
310,09:51:22,6.76,0.0,51,34476,卖盘
311,09:51:31,6.76,0.0,12,8112,买盘
312,09:51:34,6.75,-0.01,7,4725,卖盘
313,09:51:37,6.76,0.01,4,2704,买盘
314,09:51:43,6.76,0.0,6,4056,买盘
315,09:51:55,6.75,-0.01,9,6077,卖盘
316,09:51:58,6.75,0.0,40,27000,卖盘
317,09:52:01,6.75,0.0,101,68246,卖盘
318,09:52:04,6.75,0.0,19,12825,卖盘
319,09:52:09,6.75,0.0,24,16200,买盘
320,09:52:12,6.75,0.0,10,6750,卖盘
321,09:52:16,6.75,0.0,19,12825,卖盘
322,09:52:25,6.75,0.0,79,53325,卖盘
323,09:53:10,6.74,-0.01,26,17524,卖盘
324,09:53:22,6.74,0.0,10,6740,卖盘
325,09:53:25,6.75,0.01,63,42525,买盘
326,09:53:27,6.75,0.0,12,8100,卖盘
327,09:53:31,6.75,0.0,5,3375,卖盘
328,09:53:55,6.74,-0.01,33,22242,卖盘
329,09:54:00,6.74,0.0,8,5392,买盘
330,09:54:10,6.73,-0.01,5,3365,卖盘
331,09:54:12,6.74,0.01,64,43473,买盘
332,09:54:22,6.74,0.0,88,59348,卖盘
333,09:54:24,6.75,0.01,112,75500,买盘
334,09:54:27,6.74,-0.01,402,270611,卖盘
335,09:54:37,6.73,-0.01,116,78068,卖盘
336,09:54:40,6.73,0.0,104,69992,买盘
337,09:54:45,6.74,0.01,2,1348,买盘
338,09:54:48,6.73,-0.01,30,20190,卖盘
339,09:54:51,6.73,0.0,40,27270,卖盘
340,09:54:58,6.73,0.0,433,291452,卖盘
341,09:55:12,6.73,0.0,7,4711,卖盘
342,09:55:18,6.73,0.0,1,673,卖盘
343,09:55:28,6.73,0.0,30,20190,卖盘
344,09:55:34,6.73,0.0,6,4038,卖盘
345,09:55:37,6.73,0.0,15,9758,卖盘
346,09:55:40,6.73,0.0,35,23892,买盘
347,09:55:48,6.74,0.01,100,67391,买盘
348,09:55:52,6.74,0.0,1,674,卖盘
349,09:55:58,6.74,0.0,3,2022,买盘
350,09:56:01,6.74,0.0,47,31668,买盘
351,09:56:16,6.73,-0.01,27,18171,卖盘
352,09:56:19,6.74,0.01,3,2022,买盘
353,09:56:33,6.74,0.0,14,9436,买盘
354,09:56:40,6.74,0.0,2,1348,卖盘
355,09:56:46,6.75,0.01,55,37115,买盘
356,09:56:49,6.74,-0.01,9,6066,卖盘
357,09:56:55,6.75,0.01,5,3374,买盘
358,09:57:06,6.75,0.0,44,29700,买盘
359,09:57:18,6.74,-0.01,8,5392,卖盘
360,09:57:25,6.74,0.0,47,31724,卖盘
361,09:57:28,6.74,0.0,16,10784,卖盘
362,09:57:34,6.74,0.0,1,674,买盘
363,09:57:36,6.74,0.0,10,6740,买盘
364,09:57:43,6.73,-0.01,39,26247,卖盘
365,09:57:51,6.73,0.0,3,2019,卖盘
366,09:57:58,6.73,0.0,8,5384,卖盘
367,09:58:04,6.73,0.0,2,1346,卖盘
368,09:58:07,6.74,0.01,83,55942,买盘
369,09:58:12,6.73,-0.01,16,10768,卖盘
370,09:58:31,6.73,0.0,20,13460,卖盘
371,09:58:33,6.73,0.0,14,9422,卖盘
372,09:58:37,6.74,0.01,46,31004,买盘
373,09:58:40,6.74,0.0,7,4712,买盘
374,09:58:43,6.73,-0.01,2,1346,卖盘
375,09:58:46,6.73,0.0,1,673,卖盘
376,09:58:49,6.73,0.0,1,336,买盘
377,09:59:04,6.72,-0.01,8,5376,卖盘
378,09:59:13,6.72,0.0,15,10080,卖盘
379,09:59:31,6.73,0.01,3,2019,买盘
380,09:59:37,6.73,0.0,3,2019,买盘
381,09:59:46,6.72,-0.01,50,33600,卖盘
382,09:59:52,6.73,0.01,10,6730,买盘
383,09:59:55,6.72,-0.01,45,30240,卖盘
384,09:59:58,6.72,0.0,10,6720,买盘
385,10:00:01,6.72,0.0,4,2688,买盘
386,10:00:12,6.72,0.0,62,41614,买盘
387,10:00:16,6.71,-0.01,101,67771,卖盘
388,10:00:18,6.71,0.0,30,20130,买盘
389,10:00:46,6.71,0.0,10,6710,买盘
390,10:00:52,6.7,-0.01,119,79747,卖盘
391,10:00:58,6.71,0.01,15,10065,买盘
392,10:01:01,6.71,0.0,117,78432,买盘
393,10:01:04,6.7,-0.01,62,41897,卖盘
394,10:01:07,6.7,0.0,100,67000,卖盘
395,10:01:24,6.72,0.02,6,4027,买盘
396,10:01:28,6.71,-0.01,10,6710,卖盘
397,10:01:46,6.72,0.01,4,2688,买盘
398,10:01:49,6.72,0.0,31,20832,买盘
399,10:01:55,6.71,-0.01,26,17446,卖盘
400,10:02:06,6.72,0.01,5,3360,买盘
401,10:02:16,6.72,0.0,19,12768,买盘
402,10:02:31,6.73,0.01,4,2691,买盘
403,10:02:40,6.73,0.0,76,51148,买盘
404,10:02:55,6.74,0.01,6,4044,买盘
405,10:02:58,6.74,0.0,20,13480,买盘
406,10:03:13,6.74,0.0,17,11458,买盘
407,10:03:19,6.74,0.0,16,10784,卖盘
408,10:03:21,6.74,0.0,14,9436,卖盘
409,10:03:28,6.74,0.0,5,3370,卖盘
410,10:03:43,6.74,0.0,117,78858,卖盘
411,10:03:45,6.73,-0.01,22,14806,卖盘
412,10:03:48,6.74,0.01,50,33696,买盘
413,10:03:52,6.74,0.0,50,33700,买盘
414,10:03:55,6.73,-0.01,10,6730,卖盘
415,10:03:58,6.74,0.01,26,17523,买盘
416,10:04:06,6.73,-0.01,4,2692,卖盘
417,10:04:22,6.73,0.0,11,7403,买盘
418,10:04:24,6.72,-0.01,60,40320,卖盘
419,10:04:27,6.73,0.01,24,16152,买盘
420,10:04:33,6.72,-0.01,1,672,卖盘
421,10:04:36,6.72,0.0,38,25536,卖盘
422,10:04:46,6.72,0.0,22,14784,买盘
423,10:04:49,6.73,0.01,10,6723,买盘
424,10:04:57,6.72,-0.01,17,11424,买盘
425,10:05:10,6.71,-0.01,135,90585,卖盘
426,10:05:25,6.7,-0.01,56,37520,卖盘
427,10:05:31,6.7,0.0,4,2680,卖盘
428,10:05:34,6.71,0.01,2,1342,买盘
429,10:05:36,6.7,-0.01,100,66665,卖盘
430,10:05:55,6.7,0.0,1,670,买盘
431,10:06:01,6.69,-0.01,340,227474,卖盘
432,10:06:04,6.69,0.0,16,10704,买盘
433,10:06:10,6.68,-0.01,1,668,卖盘
434,10:06:19,6.67,-0.01,118,78812,卖盘
435,10:06:25,6.67,0.0,11,7337,卖盘
436,10:06:28,6.67,0.0,15,10005,卖盘
437,10:06:34,6.67,0.0,181,120727,卖盘
438,10:06:37,6.67,0.0,4,2668,买盘
439,10:06:40,6.67,0.0,10,6670,买盘
440,10:06:46,6.65,-0.02,606,403176,卖盘
441,10:06:48,6.65,0.0,7,4655,买盘
442,10:06:52,6.65,0.0,89,59185,买盘
443,10:06:54,6.66,0.01,34,22642,买盘
444,10:06:58,6.65,-0.01,21,13965,中性盘
445,10:07:04,6.66,0.01,2,1332,买盘
446,10:07:10,6.67,0.01,10,6670,买盘
447,10:07:13,6.66,-0.01,1,666,卖盘
448,10:07:22,6.67,0.01,54,36018,买盘
449,10:07:27,6.67,0.0,14,9338,卖盘
450,10:07:31,6.68,0.01,72,48076,买盘
451,10:07:42,6.69,0.01,6,4014,买盘
452,10:07:46,6.69,0.0,3,2007,买盘
453,10:07:49,6.68,-0.01,57,38076,卖盘
454,10:08:01,6.68,0.0,26,17368,卖盘
455,10:08:06,6.67,-0.01,31,20677,卖盘
456,10:08:13,6.69,0.02,80,53511,买盘
457,10:08:19,6.67,-0.02,9,6003,卖盘
458,10:08:27,6.67,0.0,176,117411,卖盘
459,10:08:30,6.67,0.0,10,6670,买盘
460,10:08:33,6.67,0.0,10,6670,买盘
461,10:08:40,6.67,0.0,6,4002,买盘
462,10:08:55,6.66,-0.01,50,33312,卖盘
463,10:09:28,6.69,0.03,27,18063,买盘
464,10:09:40,6.69,0.0,11,7359,买盘
465,10:09:43,6.68,-0.01,2,1336,卖盘
466,10:09:46,6.68,0.0,1,668,卖盘
467,10:09:49,6.69,0.01,14,9366,买盘
468,10:09:51,6.69,0.0,33,22077,卖盘
469,10:09:55,6.69,0.0,12,8028,卖盘
470,10:09:58,6.69,0.0,1,669,卖盘
471,10:10:00,6.68,-0.01,20,13360,卖盘
472,10:10:16,6.68,0.0,80,53440,卖盘
473,10:10:19,6.68,0.0,11,7348,卖盘
474,10:10:52,6.67,-0.01,4,2668,卖盘
475,10:10:55,6.67,0.0,31,20677,卖盘
476,10:11:00,6.68,0.01,15,10020,买盘
477,10:11:04,6.67,-0.01,50,33350,卖盘
478,10:11:07,6.68,0.01,1,668,买盘
479,10:11:10,6.68,0.0,6,4008,买盘
480,10:11:28,6.68,0.0,5,3340,卖盘
481,10:11:36,6.68,0.0,8,5344,卖盘
482,10:11:55,6.68,0.0,2,1336,卖盘
483,10:11:58,6.68,0.0,2,1336,卖盘
484,10:12:16,6.69,0.01,45,30105,买盘
485,10:12:18,6.68,-0.01,48,32064,卖盘
486,10:12:22,6.68,0.0,20,13360,卖盘
487,10:12:31,6.69,0.01,74,49506,买盘
488,10:13:01,6.69,0.0,14,9366,买盘
489,10:13:13,6.68,-0.01,24,16032,卖盘
490,10:13:28,6.68,0.0,22,14696,卖盘
491,10:13:31,6.69,0.01,54,36126,买盘
492,10:13:40,6.69,0.0,66,44207,卖盘
493,10:13:43,6.69,0.0,10,6690,卖盘
494,10:13:57,6.69,0.0,3,2007,卖盘
495,10:14:04,6.7,0.01,93,62310,买盘
496,10:14:07,6.7,0.0,7,4690,卖盘
497,10:14:19,6.71,0.01,114,76475,买盘
498,10:14:36,6.7,-0.01,3,2010,买盘
499,10:14:40,6.7,0.0,4,2680,卖盘
500,10:14:43,6.7,0.0,6,4020,卖盘
501,10:14:55,6.7,0.0,27,18090,卖盘
502,10:14:58,6.7,0.0,9,6030,买盘
503,10:15:30,6.69,-0.01,20,13385,卖盘
504,10:15:55,6.69,0.0,26,17394,卖盘
505,10:16:00,6.69,0.0,77,51513,买盘
506,10:16:06,6.69,0.0,13,8697,卖盘
507,10:16:09,6.69,0.0,4,2676,卖盘
508,10:16:13,6.69,0.0,6,4014,卖盘
509,10:16:16,6.69,0.0,1,669,买盘
510,10:16:24,6.69,0.0,1,669,买盘
511,10:16:28,6.69,0.0,4,2676,卖盘
512,10:16:40,6.68,-0.01,10,6680,卖盘
513,10:16:49,6.68,0.0,32,21377,卖盘
514,10:16:55,6.68,0.0,1,668,卖盘
515,10:17:01,6.68,0.0,10,6680,卖盘
516,10:17:04,6.68,0.0,12,8016,卖盘
517,10:17:06,6.68,0.0,8,5344,卖盘
518,10:17:10,6.68,0.0,1,668,卖盘
519,10:17:13,6.68,0.0,1,668,卖盘
520,10:17:16,6.68,0.0,3,2004,卖盘
521,10:17:21,6.68,0.0,13,8684,买盘
522,10:17:28,6.68,0.0,5,3340,买盘
523,10:17:37,6.67,-0.01,5,3335,卖盘
524,10:17:52,6.68,0.01,14,9352,买盘
525,10:18:00,6.68,0.0,8,5344,卖盘
526,10:18:07,6.67,-0.01,157,104719,卖盘
527,10:18:10,6.68,0.01,7,4676,买盘
528,10:18:40,6.68,0.0,17,11356,卖盘
529,10:18:49,6.68,0.0,24,16032,卖盘
530,10:18:54,6.68,0.0,36,24048,卖盘
531,10:19:07,6.68,0.0,7,4676,买盘
532,10:19:12,6.68,0.0,6,4008,买盘
533,10:19:22,6.67,-0.01,2,1334,卖盘
534,10:19:37,6.67,0.0,69,46023,卖盘
535,10:20:01,6.67,0.0,40,26680,卖盘
536,10:20:09,6.66,-0.01,19,12668,卖盘
537,10:20:22,6.67,0.01,1,667,买盘
538,10:20:27,6.66,-0.01,8,5328,卖盘
539,10:20:31,6.66,0.0,10,6660,卖盘
540,10:20:34,6.66,0.0,3,1998,卖盘
541,10:20:37,6.66,0.0,54,35964,卖盘
542,10:20:39,6.66,0.0,10,6660,卖盘
543,10:20:46,6.66,0.0,16,10656,卖盘
544,10:20:49,6.66,0.0,50,33300,卖盘
545,10:20:52,6.66,0.0,39,25974,卖盘
546,10:21:01,6.65,-0.01,189,125685,卖盘
547,10:21:04,6.64,-0.01,411,273113,卖盘
548,10:21:10,6.65,0.01,10,6650,买盘
549,10:21:16,6.64,-0.01,17,11288,卖盘
550,10:21:19,6.65,0.01,1,665,买盘
551,10:21:24,6.64,-0.01,8,5312,卖盘
552,10:21:28,6.65,0.01,16,10640,买盘
553,10:21:31,6.65,0.0,2,1330,卖盘
554,10:21:34,6.65,0.0,21,13965,卖盘
555,10:21:49,6.65,0.0,13,8645,买盘
556,10:21:52,6.64,-0.01,18,11952,卖盘
557,10:21:54,6.64,0.0,17,11288,卖盘
558,10:21:58,6.65,0.01,21,13965,买盘
559,10:22:01,6.64,-0.01,38,25232,卖盘
560,10:22:10,6.64,0.0,23,15272,卖盘
561,10:22:15,6.64,0.0,40,26560,卖盘
562,10:22:25,6.64,0.0,5,3320,卖盘
563,10:22:27,6.64,0.0,5,3320,卖盘
564,10:22:34,6.65,0.01,3,1994,买盘
565,10:22:36,6.64,-0.01,51,33864,卖盘
566,10:22:39,6.64,0.0,22,14608,买盘
567,10:22:43,6.64,0.0,33,21912,买盘
568,10:22:46,6.63,-0.01,19,12610,卖盘
569,10:22:49,6.63,0.0,142,94151,卖盘
570,10:22:52,6.63,0.0,11,7284,买盘
571,10:22:55,6.63,0.0,10,6636,买盘
572,10:23:01,6.63,0.0,4,2652,卖盘
573,10:23:06,6.63,0.0,15,9945,买盘
574,10:23:09,6.62,-0.01,46,30455,卖盘
575,10:23:31,6.63,0.01,11,7293,卖盘
576,10:23:33,6.63,0.0,1,663,买盘
577,10:23:45,6.63,0.0,6,3978,买盘
578,10:23:48,6.63,0.0,16,10608,买盘
579,10:23:51,6.63,0.0,47,31134,买盘
580,10:23:55,6.63,0.0,4,2652,买盘
581,10:24:12,6.64,0.01,10,6640,买盘
582,10:24:15,6.64,0.0,270,179280,买盘
583,10:24:21,6.63,-0.01,103,68366,卖盘
584,10:24:25,6.64,0.01,3,1992,卖盘
585,10:24:33,6.63,-0.01,55,36472,卖盘
586,10:24:39,6.66,0.03,20,13320,买盘
587,10:24:45,6.67,0.01,6,4001,买盘
588,10:24:48,6.67,0.0,4,2668,卖盘
589,10:24:58,6.66,-0.01,3,1998,买盘
590,10:25:01,6.66,0.0,5,3330,买盘
591,10:25:04,6.66,0.0,11,7326,买盘
592,10:25:13,6.65,-0.01,1,665,卖盘
593,10:25:28,6.65,0.0,28,18620,卖盘
594,10:25:31,6.65,0.0,2,1330,卖盘
595,10:25:46,6.66,0.01,100,66600,买盘
596,10:25:49,6.65,-0.01,2,1330,卖盘
597,10:25:55,6.66,0.01,104,69262,买盘
598,10:25:58,6.66,0.0,10,6660,买盘
599,10:26:19,6.66,0.0,1,666,买盘
600,10:26:24,6.66,0.0,8,5328,买盘
601,10:26:33,6.66,0.0,103,68598,买盘
602,10:27:04,6.66,0.0,1,666,卖盘
603,10:27:24,6.67,0.01,5,3335,买盘
604,10:27:34,6.67,0.0,60,40020,买盘
605,10:27:40,6.67,0.0,13,8671,买盘
606,10:27:52,6.67,0.0,2,1334,买盘
607,10:27:55,6.66,-0.01,27,17982,卖盘
608,10:28:01,6.67,0.01,10,6670,买盘
609,10:28:24,6.67,0.0,26,17342,买盘
610,10:28:34,6.67,0.0,1,667,卖盘
611,10:29:25,6.67,0.0,1,667,卖盘
612,10:29:43,6.68,0.01,100,66800,买盘
613,10:29:49,6.68,0.0,10,6680,买盘
614,10:29:51,6.68,0.0,30,20040,买盘
615,10:29:55,6.68,0.0,2,1336,买盘
616,10:30:04,6.67,-0.01,5,3335,卖盘
617,10:30:12,6.67,0.0,18,12006,卖盘
618,10:30:16,6.68,0.01,10,6680,买盘
619,10:30:19,6.68,0.0,12,8016,买盘
620,10:30:27,6.67,-0.01,3,2001,卖盘
621,10:30:30,6.67,0.0,1,667,卖盘
622,10:30:33,6.67,0.0,1,667,卖盘
623,10:30:37,6.67,0.0,5,3335,卖盘
624,10:30:40,6.68,0.01,79,52772,买盘
625,10:30:49,6.67,-0.01,22,14674,买盘
626,10:31:16,6.66,-0.01,20,13320,卖盘
627,10:31:25,6.67,0.01,23,15341,买盘
628,10:31:28,6.67,0.0,4,2668,卖盘
629,10:31:43,6.67,0.0,17,11339,卖盘
630,10:31:52,6.67,0.0,26,17342,买盘
631,10:32:04,6.68,0.01,35,23351,买盘
632,10:32:13,6.67,-0.01,50,33350,买盘
633,10:32:25,6.67,0.0,10,6670,买盘
634,10:32:34,6.67,0.0,110,73370,买盘
635,10:32:36,6.67,0.0,1,667,卖盘
636,10:33:04,6.67,0.0,10,6670,卖盘
637,10:33:16,6.67,0.0,107,71369,卖盘
638,10:33:19,6.68,0.01,17,11355,买盘
639,10:33:22,6.67,-0.01,87,58029,卖盘
640,10:33:31,6.67,0.0,15,10005,买盘
641,10:33:39,6.66,-0.01,2,1332,卖盘
642,10:33:45,6.67,0.01,29,19343,买盘
643,10:33:55,6.66,-0.01,16,10656,卖盘
644,10:34:04,6.67,0.01,1,667,买盘
645,10:34:07,6.67,0.0,8,5336,买盘
646,10:34:16,6.67,0.0,8,5336,买盘
647,10:34:27,6.66,-0.01,1,666,卖盘
648,10:34:39,6.66,0.0,38,25308,卖盘
649,10:34:43,6.66,0.0,10,6660,卖盘
650,10:34:46,6.66,0.0,5,3330,卖盘
651,10:34:49,6.66,0.0,12,7992,卖盘
652,10:34:52,6.66,0.0,4,2664,卖盘
653,10:35:07,6.67,0.01,6,4002,买盘
654,10:35:19,6.66,-0.01,3,1998,卖盘
655,10:35:45,6.67,0.01,2,1334,买盘
656,10:35:58,6.66,-0.01,30,19980,卖盘
657,10:36:01,6.66,0.0,15,9990,卖盘
658,10:36:13,6.67,0.01,10,6670,买盘
659,10:36:16,6.67,0.0,20,13340,买盘
660,10:36:19,6.66,-0.01,4,2664,卖盘
661,10:36:25,6.67,0.01,51,34016,买盘
662,10:36:37,6.67,0.0,50,33350,买盘
663,10:36:40,6.66,-0.01,2,1332,卖盘
664,10:37:04,6.66,0.0,2,1332,卖盘
665,10:37:06,6.66,0.0,57,37962,卖盘
666,10:37:13,6.66,0.0,10,6660,卖盘
667,10:37:16,6.66,0.0,317,211122,卖盘
668,10:37:33,6.66,0.0,10,6660,买盘
669,10:37:42,6.65,-0.01,50,33250,卖盘
670,10:37:52,6.65,0.0,50,33250,卖盘
671,10:37:54,6.65,0.0,99,65835,卖盘
672,10:37:57,6.65,0.0,32,21280,卖盘
673,10:38:01,6.65,0.0,5,3325,卖盘
674,10:38:04,6.65,0.0,20,13300,卖盘
675,10:38:07,6.65,0.0,9,5985,卖盘
676,10:38:10,6.66,0.01,27,17962,买盘
677,10:38:19,6.66,0.0,83,55199,买盘
678,10:38:25,6.66,0.0,2,1331,买盘
679,10:38:31,6.65,-0.01,63,41895,卖盘
680,10:38:40,6.65,0.0,15,9975,卖盘
681,10:38:46,6.65,0.0,15,9975,卖盘
682,10:38:52,6.64,-0.01,40,26579,卖盘
683,10:38:58,6.64,0.0,9,5976,卖盘
684,10:39:04,6.64,0.0,97,64408,卖盘
685,10:39:07,6.64,0.0,14,9296,买盘
686,10:39:09,6.61,-0.03,653,432708,卖盘
687,10:39:13,6.63,0.02,2,1326,买盘
688,10:39:30,6.62,-0.01,108,71391,中性盘
689,10:39:34,6.61,-0.01,55,36360,卖盘
690,10:39:46,6.61,0.0,18,11898,卖盘
691,10:39:49,6.61,0.0,3,1985,卖盘
692,10:39:52,6.61,0.0,92,60812,卖盘
693,10:39:55,6.6,-0.01,15,9900,卖盘
694,10:39:57,6.6,0.0,26,17185,卖盘
695,10:40:01,6.6,0.0,53,34994,卖盘
696,10:40:04,6.6,0.0,413,272580,卖盘
697,10:40:06,6.59,-0.01,71,46789,卖盘
698,10:40:09,6.6,0.01,17,11217,买盘
699,10:40:12,6.59,-0.01,1,659,买盘
700,10:40:16,6.59,0.0,4,2636,卖盘
701,10:40:19,6.58,-0.01,26,17118,卖盘
702,10:40:22,6.59,0.01,5,3295,买盘
703,10:40:25,6.59,0.0,80,52641,买盘
704,10:40:30,6.59,0.0,58,38190,买盘
705,10:40:40,6.59,0.0,29,19111,卖盘
706,10:40:43,6.59,0.0,34,22406,买盘
707,10:40:46,6.6,0.01,34,22440,买盘
708,10:40:49,6.6,0.0,7,4620,卖盘
709,10:40:55,6.61,0.01,21,13881,买盘
710,10:41:04,6.61,0.0,6,3966,买盘
711,10:41:07,6.61,0.0,32,21152,买盘
712,10:41:09,6.61,0.0,40,26440,买盘
713,10:41:25,6.62,0.01,8,5296,买盘
714,10:41:34,6.62,0.0,156,103408,卖盘
715,10:41:36,6.62,0.0,38,25156,买盘
716,10:41:49,6.61,-0.01,27,17847,卖盘
717,10:41:55,6.61,0.0,5,3305,买盘
718,10:42:22,6.62,0.01,50,33100,买盘
719,10:42:25,6.6,-0.02,40,26435,卖盘
720,10:42:36,6.6,0.0,113,74680,卖盘
721,10:42:40,6.61,0.01,17,11237,买盘
722,10:42:46,6.61,0.0,9,5949,买盘
723,10:42:52,6.6,-0.01,8,5280,卖盘
724,10:43:01,6.6,0.0,105,69330,卖盘
725,10:43:16,6.6,0.0,5,3300,卖盘
726,10:43:24,6.6,0.0,25,16500,卖盘
727,10:43:28,6.6,0.0,20,13200,卖盘
728,10:43:30,6.6,0.0,6,3960,卖盘
729,10:43:39,6.6,0.0,14,9240,卖盘
730,10:43:49,6.59,-0.01,14,9226,卖盘
731,10:43:52,6.6,0.01,18,11880,买盘
732,10:44:06,6.6,0.0,8,5280,买盘
733,10:44:10,6.6,0.0,19,12540,买盘
734,10:44:13,6.6,0.0,5,3298,买盘
735,10:44:16,6.59,-0.01,8,5272,卖盘
736,10:44:19,6.59,0.0,54,35586,卖盘
737,10:44:25,6.59,0.0,25,16475,卖盘
738,10:44:30,6.59,0.0,11,7257,买盘
739,10:44:33,6.58,-0.01,15,9870,卖盘
740,10:44:37,6.58,0.0,1,658,卖盘
741,10:44:39,6.58,0.0,12,7896,卖盘
742,10:44:43,6.58,0.0,7,4606,卖盘
743,10:44:46,6.59,0.01,1,659,买盘
744,10:44:49,6.58,-0.01,73,48034,卖盘
745,10:45:01,6.58,0.0,10,6580,卖盘
746,10:45:04,6.58,0.0,21,13818,卖盘
747,10:45:07,6.58,0.0,57,37504,卖盘
748,10:45:19,6.58,0.0,41,26978,卖盘
749,10:45:21,6.57,-0.01,1,657,卖盘
750,10:45:31,6.58,0.01,10,6580,买盘
751,10:45:34,6.58,0.0,13,8554,买盘
752,10:45:36,6.58,0.0,50,32900,买盘
753,10:45:39,6.57,-0.01,10,6570,卖盘
754,10:45:49,6.57,0.0,126,82783,卖盘
755,10:45:52,6.58,0.01,25,16445,买盘
756,10:45:55,6.58,0.0,50,32900,买盘
757,10:46:00,6.58,0.0,110,72380,买盘
758,10:46:09,6.58,0.0,40,26320,买盘
759,10:46:16,6.58,0.0,11,7237,买盘
760,10:46:25,6.58,0.0,11,7238,买盘
761,10:46:28,6.57,-0.01,41,26975,卖盘
762,10:46:48,6.59,0.02,3,1977,买盘
763,10:46:51,6.59,0.0,10,6590,买盘
764,10:46:54,6.58,-0.01,5,3290,卖盘
765,10:46:57,6.59,0.01,10,6590,买盘
766,10:47:04,6.59,0.0,30,19770,买盘
767,10:47:10,6.59,0.0,31,20429,买盘
768,10:47:25,6.59,0.0,300,197700,买盘
769,10:47:28,6.59,0.0,5,3295,买盘
770,10:47:34,6.59,0.0,3,1977,买盘
771,10:47:37,6.59,0.0,13,8567,买盘
772,10:47:48,6.59,0.0,40,26360,买盘
773,10:47:58,6.58,-0.01,82,53968,卖盘
774,10:48:00,6.58,0.0,25,16450,卖盘
775,10:48:04,6.59,0.01,1,659,买盘
776,10:48:28,6.59,0.0,2,1318,买盘
777,10:48:31,6.58,-0.01,5,3290,卖盘
778,10:48:34,6.59,0.01,22,14498,买盘
779,10:48:37,6.58,-0.01,5,3290,卖盘
780,10:48:49,6.59,0.01,10,6590,买盘
781,10:48:54,6.58,-0.01,210,138260,卖盘
782,10:49:00,6.59,0.01,200,131800,买盘
783,10:49:04,6.59,0.0,50,32950,买盘
784,10:49:07,6.59,0.0,1,659,买盘
785,10:49:10,6.59,0.0,37,24383,买盘
786,10:49:13,6.59,0.0,4,2636,卖盘
787,10:49:19,6.59,0.0,16,10559,卖盘
788,10:49:24,6.6,0.01,8,5280,买盘
789,10:49:36,6.6,0.0,73,48180,买盘
790,10:49:58,6.61,0.01,87,57435,买盘
791,10:50:15,6.62,0.01,30,19860,买盘
792,10:50:22,6.61,-0.01,15,9915,卖盘
793,10:50:28,6.61,0.0,52,34372,卖盘
794,10:50:36,6.62,0.01,18,11916,买盘
795,10:50:49,6.62,0.0,38,25156,买盘
796,10:50:52,6.62,0.0,15,9930,买盘
797,10:51:10,6.62,0.0,7,4640,卖盘
798,10:51:57,6.63,0.01,41,27183,买盘
799,10:52:15,6.64,0.01,112,74368,买盘
800,10:52:22,6.64,0.0,1,664,卖盘
801,10:53:04,6.65,0.01,10,6650,买盘
802,10:53:13,6.65,0.0,44,29260,买盘
803,10:53:16,6.65,0.0,22,14630,买盘
804,10:53:18,6.65,0.0,5,3325,卖盘
805,10:53:28,6.65,0.0,36,23940,卖盘
806,10:53:52,6.64,-0.01,10,6640,卖盘
807,10:54:00,6.64,0.0,20,13280,卖盘
808,10:54:06,6.65,0.01,26,17290,买盘
809,10:54:09,6.64,-0.01,25,16600,卖盘
810,10:54:25,6.65,0.01,1,665,买盘
811,10:54:39,6.65,0.0,331,220115,买盘
812,10:54:45,6.65,0.0,2,1330,卖盘
813,10:55:19,6.66,0.01,7,4662,买盘
814,10:55:36,6.66,0.0,28,18648,买盘
815,10:55:42,6.66,0.0,15,9990,买盘
816,10:55:46,6.66,0.0,20,13320,买盘
817,10:55:49,6.66,0.0,18,11988,买盘
818,10:56:09,6.66,0.0,6,3996,卖盘
819,10:56:48,6.66,0.0,1,666,买盘
820,10:57:01,6.66,0.0,3,1998,买盘
821,10:57:37,6.66,0.0,15,9990,卖盘
822,10:57:42,6.66,0.0,3,1998,买盘
823,10:57:52,6.65,-0.01,15,9975,卖盘
824,10:58:06,6.65,0.0,10,6650,卖盘
825,10:58:18,6.65,0.0,1,665,卖盘
826,10:58:21,6.65,0.0,2,1330,卖盘
827,10:58:49,6.64,-0.01,100,66400,卖盘
828,10:59:09,6.64,0.0,5,3320,卖盘
829,10:59:15,6.64,0.0,20,13280,卖盘
830,10:59:21,6.64,0.0,78,51792,卖盘
831,10:59:46,6.64,0.0,81,53784,买盘
832,10:59:49,6.64,0.0,10,6639,买盘
833,10:59:55,6.64,0.0,2,1328,买盘
834,11:00:07,6.63,-0.01,1,663,卖盘
835,11:00:18,6.64,0.01,3,1992,买盘
836,11:00:25,6.63,-0.01,20,13260,卖盘
837,11:00:28,6.63,0.0,121,80223,卖盘
838,11:00:30,6.63,0.0,131,86853,卖盘
839,11:00:33,6.63,0.0,33,21879,卖盘
840,11:00:36,6.63,0.0,75,49725,卖盘
841,11:00:46,6.62,-0.01,21,13902,卖盘
842,11:01:18,6.62,0.0,5,3310,买盘
843,11:01:43,6.62,0.0,27,17874,买盘
844,11:01:46,6.62,0.0,3,1986,买盘
845,11:01:52,6.62,0.0,19,12578,买盘
846,11:02:03,6.61,-0.01,24,15864,卖盘
847,11:02:06,6.61,0.0,25,16525,卖盘
848,11:02:13,6.61,0.0,17,11237,卖盘
849,11:02:27,6.61,0.0,1,661,卖盘
850,11:02:39,6.61,0.0,5,3305,卖盘
851,11:02:43,6.61,0.0,5,3305,卖盘
852,11:02:46,6.61,0.0,9,5949,卖盘
853,11:02:54,6.61,0.0,10,6610,卖盘
854,11:02:57,6.61,0.0,5,3305,卖盘
855,11:03:04,6.61,0.0,5,3305,卖盘
856,11:03:07,6.62,0.01,10,6620,买盘
857,11:03:15,6.61,-0.01,5,3305,卖盘
858,11:03:33,6.59,-0.02,309,203902,卖盘
859,11:03:37,6.59,0.0,14,9226,买盘
860,11:03:43,6.59,0.0,3,1977,买盘
861,11:03:58,6.61,0.02,23,15534,买盘
862,11:04:00,6.58,-0.03,645,424506,卖盘
863,11:04:06,6.61,0.03,111,73427,买盘
864,11:04:27,6.61,0.0,23,15203,买盘
865,11:04:58,6.61,0.0,28,18508,买盘
866,11:05:12,6.61,0.0,5,3305,卖盘
867,11:05:15,6.62,0.01,13,8606,买盘
868,11:05:22,6.61,-0.01,17,11237,卖盘
869,11:05:31,6.61,0.0,1,661,买盘
870,11:05:34,6.6,-0.01,38,25095,卖盘
871,11:05:46,6.59,-0.01,24,15816,卖盘
872,11:06:00,6.6,0.01,7,4620,买盘
873,11:06:18,6.6,0.0,12,7920,买盘
874,11:06:21,6.6,0.0,10,6600,买盘
875,11:06:42,6.6,0.0,34,22440,买盘
876,11:06:46,6.6,0.0,9,5940,卖盘
877,11:06:49,6.6,0.0,34,22424,买盘
878,11:06:52,6.6,0.0,6,3960,买盘
879,11:07:06,6.6,0.0,9,5940,卖盘
880,11:07:13,6.6,0.0,29,19140,买盘
881,11:07:19,6.6,0.0,6,3960,买盘
882,11:07:25,6.6,0.0,20,13200,买盘
883,11:07:28,6.59,-0.01,218,143662,卖盘
884,11:07:34,6.6,0.01,10,6600,买盘
885,11:07:43,6.59,-0.01,168,110712,卖盘
886,11:07:58,6.58,-0.01,165,108570,卖盘
887,11:08:01,6.58,0.0,9,5672,买盘
888,11:08:25,6.59,0.01,5,3295,买盘
889,11:08:28,6.57,-0.02,72,47413,卖盘
890,11:08:46,6.58,0.01,21,13818,买盘
891,11:08:51,6.58,0.0,10,6580,买盘
892,11:08:55,6.57,-0.01,11,7233,卖盘
893,11:09:01,6.57,0.0,20,13140,卖盘
894,11:09:07,6.57,0.0,173,113661,卖盘
895,11:09:13,6.58,0.01,28,18424,买盘
896,11:09:16,6.58,0.0,12,7896,卖盘
897,11:09:25,6.58,0.0,16,10528,买盘
898,11:09:34,6.57,-0.01,5,3285,卖盘
899,11:09:40,6.58,0.01,55,36150,买盘
900,11:09:43,6.58,0.0,5,3290,买盘
901,11:10:28,6.58,0.0,40,26320,卖盘
902,11:10:30,6.58,0.0,1,658,卖盘
903,11:10:45,6.59,0.01,1,659,买盘
904,11:10:52,6.58,-0.01,24,15792,卖盘
905,11:10:55,6.58,0.0,100,65895,卖盘
906,11:10:58,6.58,0.0,2,1316,卖盘
907,11:11:00,6.59,0.01,8,5272,买盘
908,11:11:18,6.59,0.0,10,6590,买盘
909,11:11:22,6.58,-0.01,65,42770,卖盘
910,11:11:34,6.58,0.0,21,13826,卖盘
911,11:11:40,6.59,0.01,5,3295,买盘
912,11:11:55,6.59,0.0,4,2636,买盘
913,11:12:01,6.58,-0.01,6,3953,卖盘
914,11:12:12,6.58,0.0,10,6580,卖盘
915,11:12:19,6.59,0.01,3,1977,买盘
916,11:12:42,6.58,-0.01,3,1974,卖盘
917,11:12:58,6.58,0.0,3,1974,卖盘
918,11:13:07,6.58,0.0,3,1974,卖盘
919,11:13:25,6.59,0.01,10,6590,买盘
920,11:13:42,6.59,0.0,8,5272,买盘
921,11:13:48,6.59,0.0,100,65900,买盘
922,11:13:55,6.59,0.0,11,7249,买盘
923,11:14:04,6.59,0.0,8,5272,买盘
924,11:14:07,6.59,0.0,50,32950,买盘
925,11:14:10,6.59,0.0,10,6590,买盘
926,11:14:15,6.59,0.0,65,42835,买盘
927,11:14:19,6.59,0.0,20,13180,买盘
928,11:14:22,6.59,0.0,11,7249,买盘
929,11:14:27,6.59,0.0,10,6590,买盘
930,11:14:34,6.59,0.0,32,21088,买盘
931,11:14:42,6.59,0.0,153,100827,买盘
932,11:14:45,6.59,0.0,1,659,卖盘
933,11:14:49,6.59,0.0,15,9885,卖盘
934,11:15:04,6.59,0.0,1,659,卖盘
935,11:15:16,6.6,0.01,4,2640,买盘
936,11:15:43,6.6,0.0,12,7920,买盘
937,11:16:00,6.6,0.0,19,12540,买盘
938,11:16:04,6.6,0.0,164,108240,买盘
939,11:16:06,6.6,0.0,31,20460,卖盘
940,11:16:10,6.6,0.0,5,3300,卖盘
941,11:16:25,6.6,0.0,8,5280,买盘
942,11:16:27,6.6,0.0,50,33000,卖盘
943,11:17:21,6.61,0.01,11,7271,买盘
944,11:17:52,6.6,-0.01,64,42240,卖盘
945,11:18:00,6.6,0.0,8,5280,买盘
946,11:18:04,6.6,0.0,1,660,买盘
947,11:18:22,6.6,0.0,4,2640,买盘
948,11:18:25,6.6,0.0,7,4620,买盘
949,11:18:31,6.6,0.0,3,1980,买盘
950,11:18:34,6.6,0.0,14,9240,买盘
951,11:18:55,6.62,0.02,21,13901,买盘
952,11:19:04,6.61,-0.01,5,3305,卖盘
953,11:19:06,6.62,0.01,1,662,买盘
954,11:19:37,6.61,-0.01,50,33050,卖盘
955,11:19:39,6.61,0.0,3,1983,买盘
956,11:20:07,6.61,0.0,10,7046,买盘
957,11:20:25,6.61,0.0,11,7271,卖盘
958,11:20:31,6.62,0.01,5,3310,买盘
959,11:20:52,6.62,0.0,25,16550,买盘
960,11:20:55,6.62,0.0,11,7282,买盘
961,11:21:43,6.61,-0.01,10,6610,卖盘
962,11:21:58,6.61,0.0,30,19830,卖盘
963,11:22:25,6.61,0.0,5,2869,卖盘
964,11:22:42,6.61,0.0,35,23126,买盘
965,11:22:49,6.6,-0.01,127,83820,卖盘
966,11:23:10,6.61,0.01,9,6385,买盘
967,11:24:04,6.61,0.0,13,8593,卖盘
968,11:24:43,6.61,0.0,15,9915,卖盘
969,11:24:58,6.62,0.01,72,47664,买盘
970,11:25:09,6.62,0.0,16,10592,买盘
971,11:25:21,6.62,0.0,12,7944,买盘
972,11:25:49,6.62,0.0,1,662,卖盘
973,11:25:51,6.62,0.0,9,5958,卖盘
974,11:26:06,6.62,0.0,25,16550,买盘
975,11:26:57,6.62,0.0,10,6620,卖盘
976,11:27:06,6.63,0.01,21,13923,买盘
977,11:27:12,6.62,-0.01,12,7949,卖盘
978,11:27:28,6.62,0.0,13,8606,卖盘
979,11:28:00,6.63,0.01,1,663,买盘
980,11:28:19,6.63,0.0,12,7956,买盘
981,11:28:30,6.63,0.0,7,4641,卖盘
982,11:29:06,6.63,0.0,10,6630,卖盘
983,11:29:12,6.63,0.0,4,2652,卖盘
984,11:29:33,6.63,0.0,4,2652,卖盘
985,11:29:39,6.63,0.0,6,3978,卖盘
986,13:00:04,6.63,0.0,217,143752,买盘
987,13:00:07,6.62,-0.01,1,662,卖盘
988,13:00:09,6.62,0.0,14,9268,卖盘
989,13:00:15,6.61,-0.01,13,8593,卖盘
990,13:00:19,6.61,0.0,5,3305,卖盘
991,13:00:45,6.59,-0.02,114,75216,卖盘
992,13:01:12,6.59,0.0,2,1318,卖盘
993,13:01:15,6.59,0.0,1,659,卖盘
994,13:01:24,6.59,0.0,85,56015,卖盘
995,13:01:48,6.59,0.0,5,3295,卖盘
996,13:01:52,6.59,0.0,1,659,卖盘
997,13:02:10,6.59,0.0,50,32950,卖盘
998,13:02:21,6.59,0.0,184,120821,卖盘
999,13:02:24,6.59,0.0,27,17793,买盘
1000,13:02:33,6.59,0.0,5,3295,买盘
1001,13:02:42,6.59,0.0,1,659,买盘
1002,13:02:46,6.59,0.0,6,3954,买盘
1003,13:02:49,6.58,-0.01,99,65142,卖盘
1004,13:02:51,6.58,0.0,26,17108,卖盘
1005,13:03:15,6.58,0.0,1,658,卖盘
1006,13:03:31,6.58,0.0,1,658,卖盘
1007,13:03:42,6.58,0.0,44,28952,卖盘
1008,13:03:45,6.58,0.0,131,86198,买盘
1009,13:03:58,6.58,0.0,5,3290,买盘
1010,13:04:01,6.58,0.0,21,13818,买盘
1011,13:04:04,6.58,0.0,6,3948,买盘
1012,13:04:13,6.58,0.0,3,1974,买盘
1013,13:04:39,6.58,0.0,2,1316,买盘
1014,13:04:52,6.58,0.0,2,1316,买盘
1015,13:04:55,6.58,0.0,10,6580,买盘
1016,13:05:06,6.58,0.0,10,6580,买盘
1017,13:05:25,6.57,0.0,136,89352,卖盘
1018,13:05:31,6.58,0.01,3,1974,买盘
1019,13:05:34,6.58,0.0,50,32900,买盘
1020,13:05:37,6.58,0.0,6,3947,买盘
1021,13:05:46,6.57,-0.01,20,13140,卖盘
1022,13:05:57,6.57,0.0,5,3285,卖盘
1023,13:06:07,6.58,0.01,51,33508,买盘
1024,13:06:10,6.57,-0.01,7,4599,卖盘
1025,13:06:25,6.57,0.0,160,105120,卖盘
1026,13:06:28,6.57,0.0,15,9855,卖盘
1027,13:06:34,6.57,0.0,9,5918,卖盘
1028,13:06:46,6.58,0.01,6,3948,买盘
1029,13:06:51,6.58,0.0,50,32900,买盘
1030,13:06:58,6.58,0.0,100,65800,买盘
1031,13:07:00,6.58,0.0,29,19082,买盘
1032,13:07:04,6.58,0.0,236,155288,买盘
1033,13:07:07,6.57,-0.01,230,151110,卖盘
1034,13:07:10,6.58,0.01,10,6580,买盘
1035,13:07:13,6.58,0.0,11,7238,买盘
1036,13:07:24,6.58,0.0,20,13160,卖盘
1037,13:07:31,6.59,0.01,1,659,买盘
1038,13:07:37,6.58,-0.01,10,6580,卖盘
1039,13:08:13,6.58,0.0,33,21744,卖盘
1040,13:08:27,6.58,0.0,17,11186,卖盘
1041,13:08:34,6.58,0.0,1,658,卖盘
1042,13:08:40,6.58,0.0,27,17766,卖盘
1043,13:08:46,6.59,0.01,30,19770,买盘
1044,13:08:52,6.58,-0.01,3,1974,卖盘
1045,13:09:09,6.57,-0.01,51,33528,卖盘
1046,13:09:12,6.58,0.01,7,4606,买盘
1047,13:09:16,6.58,0.0,1,658,卖盘
1048,13:09:19,6.57,-0.01,1,657,卖盘
1049,13:09:27,6.58,0.01,58,38164,买盘
1050,13:09:31,6.57,-0.01,131,86067,卖盘
1051,13:09:49,6.57,0.0,117,76869,卖盘
1052,13:09:51,6.57,0.0,97,63400,卖盘
1053,13:10:07,6.55,-0.02,735,481683,卖盘
1054,13:10:10,6.55,0.0,1,655,买盘
1055,13:10:13,6.55,0.0,27,17668,买盘
1056,13:10:19,6.55,0.0,32,20960,买盘
1057,13:10:22,6.55,0.0,27,17659,买盘
1058,13:10:31,6.55,0.0,20,13100,买盘
1059,13:10:34,6.55,0.0,5,3275,买盘
1060,13:10:37,6.53,-0.02,217,141873,卖盘
1061,13:10:43,6.53,0.0,2,1306,卖盘
1062,13:10:49,6.54,0.01,32,20903,买盘
1063,13:10:58,6.54,0.0,2,1308,买盘
1064,13:11:07,6.53,-0.01,1,653,卖盘
1065,13:11:10,6.54,0.01,4,2616,买盘
1066,13:11:13,6.53,-0.01,21,13728,卖盘
1067,13:11:21,6.54,0.01,25,16350,卖盘
1068,13:11:24,6.53,-0.01,81,52913,卖盘
1069,13:11:27,6.52,-0.01,21,13692,卖盘
1070,13:11:31,6.53,0.01,17,11101,买盘
1071,13:11:37,6.53,0.0,3,1959,买盘
1072,13:11:40,6.53,0.0,25,16315,买盘
1073,13:11:43,6.53,0.0,33,21537,买盘
1074,13:11:51,6.53,0.0,263,171739,卖盘
1075,13:11:54,6.53,0.0,237,154771,买盘
1076,13:11:58,6.52,-0.01,157,102480,卖盘
1077,13:12:01,6.53,0.01,19,12407,买盘
1078,13:12:04,6.53,0.0,10,6530,买盘
1079,13:12:06,6.53,0.0,41,26773,买盘
1080,13:12:12,6.53,0.0,41,26757,买盘
1081,13:12:16,6.53,0.0,10,6530,买盘
1082,13:12:19,6.53,0.0,9,5877,买盘
1083,13:12:22,6.53,0.0,155,101215,买盘
1084,13:12:25,6.53,0.0,1,653,买盘
1085,13:12:31,6.52,-0.01,19,12406,卖盘
1086,13:12:34,6.53,0.01,5,3265,买盘
1087,13:12:40,6.53,0.0,3,1959,买盘
1088,13:12:43,6.53,0.0,13,8489,买盘
1089,13:12:46,6.53,0.0,20,13060,买盘
1090,13:12:49,6.52,-0.01,117,76284,卖盘
1091,13:13:01,6.53,0.01,3,1959,买盘
1092,13:13:04,6.52,-0.01,25,16300,卖盘
1093,13:13:09,6.53,0.01,5,3265,买盘
1094,13:13:12,6.53,0.0,10,6530,买盘
1095,13:13:16,6.53,0.0,23,15019,买盘
1096,13:13:19,6.53,0.0,10,6530,买盘
1097,13:13:22,6.53,0.0,54,35262,买盘
1098,13:13:28,6.53,0.0,545,355835,买盘
1099,13:13:31,6.53,0.0,245,160310,买盘
1100,13:13:45,6.54,0.01,47,30738,卖盘
1101,13:13:48,6.54,0.0,16,10464,买盘
1102,13:13:57,6.54,0.0,5,3270,买盘
1103,13:14:01,6.54,0.0,3,1962,买盘
1104,13:14:12,6.54,0.0,25,16373,卖盘
1105,13:14:19,6.55,0.01,20,13100,买盘
1106,13:14:22,6.55,0.0,29,18995,买盘
1107,13:14:34,6.55,0.0,17,11135,买盘
1108,13:14:37,6.55,0.0,10,6550,买盘
1109,13:14:40,6.55,0.0,60,39252,买盘
1110,13:15:01,6.54,-0.01,2,1308,卖盘
1111,13:15:10,6.55,0.01,10,6550,买盘
1112,13:15:16,6.55,0.0,2,1310,买盘
1113,13:15:40,6.55,0.0,1,655,买盘
1114,13:15:43,6.55,0.0,3,1965,买盘
1115,13:16:04,6.54,-0.01,56,36624,卖盘
1116,13:16:10,6.54,0.0,116,75864,卖盘
1117,13:16:13,6.54,0.0,20,13080,卖盘
1118,13:16:21,6.54,0.0,35,22890,买盘
1119,13:16:25,6.54,0.0,6,3924,买盘
1120,13:16:28,6.54,0.0,6,3923,买盘
1121,13:16:40,6.53,-0.01,20,13060,卖盘
1122,13:16:43,6.54,0.01,33,21582,买盘
1123,13:16:51,6.53,-0.01,97,63341,卖盘
1124,13:16:55,6.53,0.0,56,36576,卖盘
1125,13:16:58,6.53,0.0,67,43424,卖盘
1126,13:17:01,6.53,0.0,3,1959,买盘
1127,13:17:04,6.53,0.0,10,6530,买盘
1128,13:17:10,6.52,-0.01,3,1956,卖盘
1129,13:17:16,6.52,0.0,5,3261,卖盘
1130,13:17:25,6.53,0.01,20,13060,买盘
1131,13:17:39,6.52,-0.01,43,28036,卖盘
1132,13:17:43,6.53,0.01,40,26081,买盘
1133,13:17:49,6.53,0.0,2,1306,买盘
1134,13:17:52,6.53,0.0,10,6530,买盘
1135,13:17:55,6.53,0.0,25,16325,买盘
1136,13:18:06,6.53,0.0,8,5224,买盘
1137,13:18:13,6.52,-0.01,20,13040,卖盘
1138,13:18:16,6.53,0.01,10,6530,买盘
1139,13:18:31,6.53,0.0,59,38470,买盘
1140,13:18:37,6.53,0.0,5,3265,买盘
1141,13:18:49,6.52,-0.01,43,28039,卖盘
1142,13:18:58,6.52,0.0,44,28688,卖盘
1143,13:19:10,6.52,0.0,56,36512,卖盘
1144,13:19:13,6.52,0.0,70,45640,卖盘
1145,13:19:16,6.52,0.0,253,164956,卖盘
1146,13:19:19,6.52,0.0,112,73024,卖盘
1147,13:19:22,6.52,0.0,15,9780,卖盘
1148,13:19:28,6.52,0.0,1513,984259,中性盘
1149,13:19:31,6.5,-0.02,148,96200,卖盘
1150,13:19:34,6.49,-0.01,5,3248,卖盘
1151,13:19:37,6.49,0.0,2,1298,卖盘
1152,13:19:40,6.49,0.0,17,11033,卖盘
1153,13:19:46,6.49,0.0,52,33748,卖盘
1154,13:19:49,6.49,0.0,5,3245,买盘
1155,13:19:54,6.49,0.0,4,2596,买盘
1156,13:19:57,6.49,0.0,5,3245,买盘
1157,13:20:04,6.49,0.0,77,49864,买盘
1158,13:20:07,6.48,-0.01,98,63519,中性盘
1159,13:20:09,6.49,0.01,50,32450,买盘
1160,13:20:13,6.49,0.0,10,6490,买盘
1161,13:20:16,6.49,0.0,39,25311,买盘
1162,13:20:19,6.49,0.0,16,10384,买盘
1163,13:20:22,6.48,-0.01,2,1296,卖盘
1164,13:20:25,6.48,0.0,50,32400,卖盘
1165,13:20:28,6.48,0.0,15,9720,卖盘
1166,13:20:31,6.49,0.01,20,12980,买盘
1167,13:20:36,6.49,0.0,3,1947,买盘
1168,13:20:40,6.47,-0.02,39,25246,卖盘
1169,13:20:46,6.48,0.01,3,1944,中性盘
1170,13:20:49,6.49,0.01,17,11030,买盘
1171,13:20:54,6.47,-0.02,100,64710,卖盘
1172,13:21:00,6.48,0.01,9,5832,买盘
1173,13:21:04,6.48,0.0,16,10368,买盘
1174,13:21:07,6.48,0.0,5,3240,卖盘
1175,13:21:09,6.48,0.0,104,67392,卖盘
1176,13:21:13,6.49,0.01,113,73239,买盘
1177,13:21:21,6.49,0.0,5,3245,买盘
1178,13:21:25,6.48,-0.01,32,20737,卖盘
1179,13:21:28,6.49,0.01,101,65549,买盘
1180,13:21:33,6.48,-0.01,2,1296,卖盘
1181,13:21:40,6.49,0.01,6,3894,买盘
1182,13:21:49,6.49,0.0,66,42834,买盘
1183,13:21:52,6.49,0.0,650,421850,买盘
1184,13:22:01,6.5,0.01,45,29250,买盘
1185,13:22:07,6.49,-0.01,121,78587,卖盘
1186,13:22:12,6.49,0.0,230,149280,卖盘
1187,13:22:16,6.5,0.01,3,1950,卖盘
1188,13:22:39,6.51,0.01,10,6510,卖盘
1189,13:22:46,6.51,0.0,37,24087,卖盘
1190,13:22:52,6.51,0.0,13,8463,买盘
1191,13:22:58,6.53,0.02,17,11101,买盘
1192,13:23:01,6.53,0.0,18,11754,卖盘
1193,13:23:06,6.53,0.0,9,5877,买盘
1194,13:23:16,6.52,-0.01,11,7172,卖盘
1195,13:23:27,6.51,-0.01,44,28644,卖盘
1196,13:23:46,6.51,0.0,56,36456,买盘
1197,13:23:52,6.5,-0.01,16,10404,卖盘
1198,13:24:06,6.53,0.03,1,653,买盘
1199,13:24:10,6.51,-0.02,11,7161,卖盘
1200,13:24:16,6.51,0.0,10,6510,买盘
1201,13:24:19,6.51,0.0,18,11718,买盘
1202,13:24:28,6.51,0.0,8,5208,买盘
1203,13:24:46,6.52,0.01,10,6520,卖盘
1204,13:24:52,6.51,-0.01,7,4562,卖盘
1205,13:24:58,6.53,0.02,1,653,买盘
1206,13:25:00,6.53,0.0,2,1306,买盘
1207,13:25:07,6.52,-0.01,1,652,卖盘
1208,13:25:13,6.52,0.0,22,14344,卖盘
1209,13:25:28,6.53,0.01,8,5224,买盘
1210,13:25:36,6.52,-0.01,10,6520,卖盘
1211,13:25:43,6.53,0.01,10,6530,买盘
1212,13:25:51,6.53,0.0,108,70524,买盘
1213,13:25:54,6.52,-0.01,6,3912,卖盘
1214,13:26:01,6.52,0.0,31,20212,卖盘
1215,13:26:19,6.51,-0.01,97,63147,卖盘
1216,13:26:49,6.51,0.0,10,6510,买盘
1217,13:26:54,6.51,0.0,18,11718,买盘
1218,13:26:58,6.5,-0.01,25,16250,卖盘
1219,13:27:10,6.5,0.0,119,77350,卖盘
1220,13:27:24,6.51,0.01,7,4552,买盘
1221,13:27:34,6.5,-0.01,300,195000,卖盘
1222,13:27:40,6.5,0.0,23,14950,卖盘
1223,13:27:54,6.51,0.01,4,2603,买盘
1224,13:27:58,6.51,0.0,30,19530,买盘
1225,13:28:12,6.51,0.0,100,65100,买盘
1226,13:28:16,6.5,-0.01,18,11700,卖盘
1227,13:28:22,6.5,0.0,71,46201,卖盘
1228,13:28:25,6.5,0.0,30,19500,卖盘
1229,13:28:33,6.51,0.01,30,19530,买盘
1230,13:28:43,6.51,0.0,1,651,买盘
1231,13:28:49,6.51,0.0,3,1953,买盘
1232,13:28:58,6.5,-0.01,25,16266,卖盘
1233,13:29:04,6.5,0.0,1,650,卖盘
1234,13:29:10,6.5,0.0,2,1300,卖盘
1235,13:29:12,6.5,0.0,20,13000,卖盘
1236,13:29:15,6.5,0.0,94,61100,卖盘
1237,13:29:21,6.5,0.0,21,13650,卖盘
1238,13:29:25,6.5,0.0,54,35100,卖盘
1239,13:29:28,6.5,0.0,14,9100,卖盘
1240,13:29:31,6.5,0.0,147,95550,卖盘
1241,13:29:37,6.5,0.0,33,21450,卖盘
1242,13:29:43,6.5,0.0,15,9750,买盘
1243,13:29:51,6.49,-0.01,91,59059,卖盘
1244,13:29:55,6.5,0.01,6,3900,买盘
1245,13:30:19,6.5,0.0,6,3900,买盘
1246,13:30:21,6.5,0.0,17,11050,买盘
1247,13:30:24,6.5,0.0,6,3900,买盘
1248,13:30:52,6.51,0.01,4,2604,买盘
1249,13:30:58,6.5,-0.01,45,29250,卖盘
1250,13:31:04,6.5,0.0,3,1950,卖盘
1251,13:31:07,6.49,-0.01,45,29240,卖盘
1252,13:31:36,6.49,0.0,100,64900,卖盘
1253,13:31:43,6.49,0.0,8,5192,卖盘
1254,13:31:51,6.49,0.0,15,9735,卖盘
1255,13:31:54,6.49,0.0,62,40238,卖盘
1256,13:32:04,6.5,0.01,2,1300,买盘
1257,13:32:06,6.49,-0.01,4,2596,卖盘
1258,13:32:22,6.49,0.0,8,5192,卖盘
1259,13:32:24,6.49,0.0,103,66847,卖盘
1260,13:32:28,6.48,-0.01,122,79128,卖盘
1261,13:32:31,6.49,0.01,10,6490,买盘
1262,13:32:34,6.49,0.0,5,3245,买盘
1263,13:32:40,6.49,0.0,3,1947,买盘
1264,13:32:49,6.49,0.0,7,4543,买盘
1265,13:32:55,6.49,0.0,96,62304,买盘
1266,13:33:12,6.49,0.0,50,32450,卖盘
1267,13:33:16,6.49,0.0,70,45430,卖盘
1268,13:33:18,6.5,0.01,159,103350,买盘
1269,13:33:25,6.5,0.0,1,650,卖盘
1270,13:33:28,6.5,0.0,2,1300,卖盘
1271,13:33:45,6.51,0.01,1,651,买盘
1272,13:33:51,6.51,0.0,19,12369,买盘
1273,13:33:55,6.51,0.0,11,7161,卖盘
1274,13:34:01,6.51,0.0,2,1301,买盘
1275,13:34:04,6.5,-0.01,1,650,卖盘
1276,13:34:07,6.5,0.0,60,39000,卖盘
1277,13:34:10,6.5,0.0,5,3250,买盘
1278,13:34:22,6.5,0.0,7,4550,卖盘
1279,13:34:28,6.51,0.01,1,651,买盘
1280,13:34:31,6.51,0.0,27,17560,买盘
1281,13:34:49,6.48,-0.03,639,414525,卖盘
1282,13:34:52,6.51,0.03,4,2604,买盘
1283,13:35:04,6.49,-0.02,16,10384,卖盘
1284,13:35:09,6.49,0.0,70,45439,卖盘
1285,13:35:28,6.5,0.01,1,650,买盘
1286,13:35:34,6.49,-0.01,16,10384,卖盘
1287,13:35:43,6.5,0.01,69,44849,买盘
1288,13:35:45,6.5,0.0,3,1950,卖盘
1289,13:35:55,6.51,0.01,5,3255,买盘
1290,13:36:07,6.5,-0.01,10,6500,卖盘
1291,13:36:09,6.5,0.0,43,27958,卖盘
1292,13:36:22,6.49,-0.01,71,46079,卖盘
1293,13:36:34,6.5,0.01,19,12350,买盘
1294,13:36:43,6.5,0.0,123,79950,买盘
1295,13:36:46,6.5,0.0,3,1949,买盘
1296,13:36:54,6.5,0.0,6,3900,买盘
1297,13:36:57,6.5,0.0,2,1300,卖盘
1298,13:37:10,6.5,0.0,2,1300,卖盘
1299,13:37:25,6.5,0.0,8,5200,卖盘
1300,13:37:31,6.5,0.0,69,44850,卖盘
1301,13:37:34,6.5,0.0,1,650,卖盘
1302,13:37:52,6.5,0.0,51,33170,卖盘
1303,13:37:58,6.51,0.01,81,52731,买盘
1304,13:38:04,6.51,0.0,14,9114,买盘
1305,13:38:10,6.51,0.0,20,13020,买盘
1306,13:38:13,6.51,0.0,16,10416,买盘
1307,13:38:16,6.5,-0.01,185,120301,卖盘
1308,13:38:43,6.51,0.01,8,5208,买盘
1309,13:38:54,6.51,0.0,15,9765,卖盘
1310,13:38:57,6.51,0.0,152,99057,卖盘
1311,13:39:00,6.51,0.0,1,651,卖盘
1312,13:39:25,6.52,0.01,3,1956,买盘
1313,13:39:27,6.52,0.0,1,652,买盘
1314,13:39:40,6.52,0.0,10,6520,买盘
1315,13:40:07,6.52,0.0,7,4564,买盘
1316,13:40:15,6.52,0.0,4,2608,卖盘
1317,13:40:34,6.53,0.01,15,9795,买盘
1318,13:40:46,6.53,0.0,35,22855,买盘
1319,13:40:52,6.53,0.0,5,3265,买盘
1320,13:41:01,6.52,-0.01,23,15016,卖盘
1321,13:41:10,6.53,0.01,10,6530,买盘
1322,13:41:16,6.53,0.0,3,1959,买盘
1323,13:41:19,6.53,0.0,43,28048,买盘
1324,13:41:37,6.53,0.0,5,3265,买盘
1325,13:41:43,6.53,0.0,10,6530,买盘
1326,13:41:46,6.53,0.0,15,9795,买盘
1327,13:41:57,6.53,0.0,12,7836,买盘
1328,13:42:07,6.53,0.0,20,13060,买盘
1329,13:42:16,6.53,0.0,8,5224,买盘
1330,13:42:22,6.53,0.0,10,6530,买盘
1331,13:42:24,6.53,0.0,20,13060,买盘
1332,13:42:34,6.53,0.0,7,4569,买盘
1333,13:42:37,6.52,-0.01,84,54768,卖盘
1334,13:42:54,6.52,0.0,2,1304,卖盘
1335,13:42:58,6.52,0.0,4,2608,卖盘
1336,13:43:01,6.52,0.0,19,12388,卖盘
1337,13:43:04,6.52,0.0,86,56072,卖盘
1338,13:43:10,6.52,0.0,15,9780,买盘
1339,13:43:16,6.52,0.0,2,1304,买盘
1340,13:43:19,6.52,0.0,1,652,买盘
1341,13:43:25,6.52,0.0,10,6520,买盘
1342,13:43:28,6.51,-0.01,1,651,卖盘
1343,13:43:52,6.51,0.0,7,4557,卖盘
1344,13:44:07,6.51,0.0,25,16275,卖盘
1345,13:44:13,6.52,0.01,22,14344,买盘
1346,13:44:22,6.52,0.0,11,7172,买盘
1347,13:44:27,6.51,-0.01,164,106764,卖盘
1348,13:44:34,6.51,0.0,10,6510,买盘
1349,13:44:36,6.51,0.0,4,2604,买盘
1350,13:44:43,6.51,0.0,4,2604,买盘
1351,13:44:46,6.5,-0.01,1,650,卖盘
1352,13:44:51,6.5,0.0,58,37750,卖盘
1353,13:45:04,6.5,0.0,41,26650,卖盘
1354,13:45:07,6.51,0.01,3,1953,买盘
1355,13:45:16,6.51,0.0,21,13671,买盘
1356,13:45:19,6.51,0.0,2,1302,买盘
1357,13:45:28,6.51,0.0,10,6510,买盘
1358,13:45:31,6.5,-0.01,261,169675,卖盘
1359,13:45:58,6.51,0.01,71,46206,买盘
1360,13:46:01,6.5,-0.01,10,6500,卖盘
1361,13:46:04,6.51,0.01,10,6510,买盘
1362,13:46:06,6.5,-0.01,75,48750,卖盘
1363,13:46:13,6.51,0.01,47,30597,买盘
1364,13:46:16,6.51,0.0,26,16926,买盘
1365,13:46:37,6.52,0.01,7,4559,买盘
1366,13:46:45,6.52,0.0,2,1304,买盘
1367,13:46:52,6.52,0.0,11,7172,买盘
1368,13:47:01,6.51,-0.01,40,26040,卖盘
1369,13:47:13,6.52,0.01,9,5868,买盘
1370,13:47:19,6.52,0.0,13,8476,买盘
1371,13:47:22,6.51,-0.01,15,9765,卖盘
1372,13:47:34,6.52,0.01,5,3260,买盘
1373,13:47:40,6.52,0.0,37,24124,买盘
1374,13:47:42,6.51,-0.01,1,651,卖盘
1375,13:47:49,6.52,0.01,14,9128,买盘
1376,13:47:58,6.52,0.0,12,7823,买盘
1377,13:48:01,6.52,0.0,39,25428,买盘
1378,13:48:04,6.52,0.0,4,2608,买盘
1379,13:48:10,6.52,0.0,4,2608,卖盘
1380,13:48:16,6.52,0.0,14,9128,买盘
1381,13:48:19,6.52,0.0,7,4564,买盘
1382,13:48:22,6.52,0.0,20,13040,买盘
1383,13:48:24,6.52,0.0,5,3260,买盘
1384,13:48:52,6.53,0.01,5,3265,买盘
1385,13:49:04,6.53,0.0,1,653,卖盘
1386,13:49:21,6.54,0.01,3,1962,买盘
1387,13:49:28,6.54,0.0,6,3924,买盘
1388,13:49:31,6.54,0.0,19,12426,买盘
1389,13:49:33,6.54,0.0,3,1962,卖盘
1390,13:49:37,6.53,-0.01,1,653,卖盘
1391,13:49:46,6.54,0.01,6,3924,买盘
1392,13:49:54,6.53,-0.01,16,10448,卖盘
1393,13:49:58,6.54,0.01,21,13734,买盘
1394,13:50:00,6.54,0.0,71,46434,卖盘
1395,13:50:04,6.54,0.0,10,6540,卖盘
1396,13:50:06,6.53,-0.01,76,49633,卖盘
1397,13:50:12,6.53,0.0,8,5224,买盘
1398,13:50:16,6.54,0.01,94,61475,买盘
1399,13:50:19,6.54,0.0,19,12426,卖盘
1400,13:50:25,6.54,0.0,10,6540,卖盘
1401,13:50:28,6.54,0.0,10,6540,卖盘
1402,13:50:31,6.54,0.0,4,2616,卖盘
1403,13:50:36,6.54,0.0,10,6540,卖盘
1404,13:50:40,6.54,0.0,17,11118,卖盘
1405,13:50:49,6.54,0.0,47,30738,卖盘
1406,13:51:00,6.53,-0.01,5,3265,卖盘
1407,13:51:10,6.53,0.0,4,2612,卖盘
1408,13:51:16,6.53,0.0,20,13060,买盘
1409,13:51:30,6.52,-0.01,100,65200,卖盘
1410,13:51:34,6.52,0.0,23,14996,卖盘
1411,13:51:45,6.52,0.0,1,652,卖盘
1412,13:51:55,6.52,0.0,7,4564,卖盘
1413,13:51:57,6.52,0.0,7,4564,卖盘
1414,13:52:07,6.52,0.0,2,1304,买盘
1415,13:52:16,6.52,0.0,6,3912,买盘
1416,13:52:21,6.52,0.0,11,7172,买盘
1417,13:52:34,6.52,0.0,1,652,卖盘
1418,13:52:45,6.5,-0.02,144,93738,卖盘
1419,13:52:51,6.53,0.03,5,3265,买盘
1420,13:53:12,6.5,-0.03,36,23463,卖盘
1421,13:53:28,6.52,0.02,8,5216,买盘
1422,13:53:34,6.52,0.0,50,32600,买盘
1423,13:54:04,6.51,-0.01,18,11718,卖盘
1424,13:54:06,6.51,0.0,2,1302,卖盘
1425,13:54:13,6.52,0.01,93,60636,买盘
1426,13:54:31,6.52,0.0,3,1956,卖盘
1427,13:54:33,6.53,0.01,2,1306,买盘
1428,13:54:36,6.53,0.0,10,6530,买盘
1429,13:54:45,6.53,0.0,7,4571,买盘
1430,13:55:52,6.52,-0.01,1,652,卖盘
1431,13:56:15,6.52,0.0,11,7172,卖盘
1432,13:56:33,6.53,0.01,10,6530,买盘
1433,13:57:01,6.52,-0.01,43,28036,卖盘
1434,13:57:04,6.52,0.0,5,3260,卖盘
1435,13:57:27,6.53,0.01,30,19590,买盘
1436,13:57:40,6.53,0.0,2,1306,买盘
1437,13:57:46,6.52,-0.01,43,28036,卖盘
1438,13:57:49,6.52,0.0,6,3912,卖盘
1439,13:57:58,6.53,0.01,1,653,买盘
1440,13:58:18,6.52,-0.01,116,75632,卖盘
1441,13:58:45,6.53,0.01,10,6530,买盘
1442,13:58:58,6.53,0.0,3,1959,买盘
1443,13:59:09,6.53,0.0,173,113274,买盘
1444,13:59:49,6.54,0.01,7,4578,买盘
1445,13:59:52,6.53,-0.01,29,18940,卖盘
1446,14:00:10,6.54,0.01,2,1308,买盘
1447,14:00:19,6.54,0.0,1,654,买盘
1448,14:00:25,6.54,0.0,5,3267,买盘
1449,14:00:28,6.53,-0.01,15,9803,卖盘
1450,14:00:34,6.52,-0.01,100,65278,卖盘
1451,14:00:40,6.53,0.01,11,7183,卖盘
1452,14:00:49,6.52,-0.01,3,1956,卖盘
1453,14:00:58,6.52,0.0,19,12388,卖盘
1454,14:01:00,6.52,0.0,2,1304,卖盘
1455,14:01:04,6.52,0.0,2,1304,卖盘
1456,14:01:19,6.52,0.0,4,2608,卖盘
1457,14:01:36,6.52,0.0,5,3260,卖盘
1458,14:01:45,6.52,0.0,17,11084,卖盘
1459,14:01:51,6.53,0.01,4,2612,买盘
1460,14:02:06,6.53,0.0,11,7183,卖盘
1461,14:02:15,6.53,0.0,26,16978,买盘
1462,14:02:21,6.53,0.0,3,1959,卖盘
1463,14:02:24,6.53,0.0,5,3265,卖盘
1464,14:02:45,6.53,0.0,65,42445,卖盘
1465,14:02:55,6.52,-0.01,15,9780,卖盘
1466,14:02:58,6.52,0.0,116,75632,卖盘
1467,14:03:43,6.53,0.01,9,5877,买盘
1468,14:03:45,6.52,-0.01,38,24776,卖盘
1469,14:04:12,6.52,0.0,4,2608,卖盘
1470,14:04:19,6.52,0.0,3,1956,卖盘
1471,14:04:22,6.52,0.0,10,6520,卖盘
1472,14:04:37,6.52,0.0,15,9780,卖盘
1473,14:04:39,6.52,0.0,14,9128,卖盘
1474,14:04:42,6.52,0.0,3,1956,卖盘
1475,14:04:51,6.52,0.0,3,1956,卖盘
1476,14:05:15,6.51,-0.01,200,130240,卖盘
1477,14:05:33,6.51,0.0,10,6510,卖盘
1478,14:05:49,6.51,0.0,31,20181,卖盘
1479,14:05:52,6.51,0.0,4,2604,卖盘
1480,14:06:04,6.51,0.0,66,42966,卖盘
1481,14:06:21,6.53,0.02,24,15672,买盘
1482,14:06:24,6.51,-0.02,55,35805,卖盘
1483,14:06:33,6.51,0.0,5,3255,卖盘
1484,14:06:37,6.51,0.0,100,65100,卖盘
1485,14:06:46,6.51,0.0,11,7161,卖盘
1486,14:06:51,6.51,0.0,15,9765,卖盘
1487,14:07:10,6.52,0.01,10,6520,卖盘
1488,14:07:13,6.52,0.0,10,6520,卖盘
1489,14:07:34,6.52,0.0,1,652,卖盘
1490,14:07:52,6.52,0.0,3,1956,卖盘
1491,14:08:10,6.52,0.0,6,3912,卖盘
1492,14:08:28,6.52,0.0,5,3260,卖盘
1493,14:08:34,6.53,0.01,35,22855,买盘
1494,14:08:36,6.52,-0.01,4,2608,卖盘
1495,14:08:43,6.53,0.01,2,1305,买盘
1496,14:08:54,6.52,-0.01,12,7824,卖盘
1497,14:09:16,6.53,0.01,30,19590,买盘
1498,14:09:21,6.53,0.0,10,6530,买盘
1499,14:09:24,6.52,-0.01,4,2609,卖盘
1500,14:09:28,6.53,0.01,45,29380,买盘
1501,14:09:40,6.52,-0.01,14,9128,卖盘
1502,14:09:43,6.53,0.01,2,1306,买盘
1503,14:09:46,6.53,0.0,4,2612,买盘
1504,14:09:55,6.53,0.0,8,5224,买盘
1505,14:10:22,6.53,0.0,2,1306,买盘
1506,14:10:31,6.53,0.0,17,11101,买盘
1507,14:10:34,6.52,-0.01,1,652,卖盘
1508,14:10:37,6.53,0.01,7,4571,买盘
1509,14:10:54,6.53,0.0,13,8489,卖盘
1510,14:11:04,6.53,0.0,6,3918,卖盘
1511,14:11:07,6.53,0.0,4,2612,卖盘
1512,14:11:13,6.54,0.01,1,654,买盘
1513,14:11:16,6.54,0.0,15,9810,卖盘
1514,14:11:22,6.54,0.0,11,7194,卖盘
1515,14:11:24,6.54,0.0,3,1962,卖盘
1516,14:11:34,6.54,0.0,1,654,买盘
1517,14:11:40,6.54,0.0,3,1962,买盘
1518,14:11:57,6.53,-0.01,11,7183,卖盘
1519,14:12:07,6.53,0.0,83,54199,卖盘
1520,14:12:13,6.54,0.01,31,20274,买盘
1521,14:12:22,6.53,-0.01,1,653,卖盘
1522,14:12:24,6.55,0.02,86,56313,买盘
1523,14:12:28,6.53,-0.02,3,1959,卖盘
1524,14:12:31,6.53,0.0,3,1959,卖盘
1525,14:12:52,6.53,0.0,37,24161,卖盘
1526,14:13:04,6.55,0.02,11,7205,买盘
1527,14:13:28,6.55,0.0,10,6550,买盘
1528,14:13:31,6.55,0.0,2,1310,买盘
1529,14:13:48,6.53,-0.02,3,1959,卖盘
1530,14:14:25,6.55,0.02,19,12445,买盘
1531,14:14:34,6.55,0.0,36,23580,买盘
1532,14:14:37,6.55,0.0,4,2620,卖盘
1533,14:14:40,6.52,-0.03,300,195819,卖盘
1534,14:14:48,6.55,0.03,2,1310,买盘
1535,14:14:58,6.53,-0.02,1,653,卖盘
1536,14:15:01,6.55,0.02,2,1310,买盘
1537,14:15:04,6.53,-0.02,4,2612,卖盘
1538,14:15:13,6.54,0.01,4,2616,卖盘
1539,14:15:25,6.54,0.0,2,1308,卖盘
1540,14:15:27,6.54,0.0,1,654,卖盘
1541,14:15:30,6.54,0.0,9,5886,卖盘
1542,14:15:51,6.54,0.0,1,654,买盘
1543,14:16:06,6.54,0.0,4,2616,卖盘
1544,14:16:15,6.54,0.0,20,13080,卖盘
1545,14:16:22,6.54,0.0,135,88290,卖盘
1546,14:16:28,6.53,-0.01,11,7193,卖盘
1547,14:16:34,6.54,0.01,30,19620,买盘
1548,14:16:36,6.53,-0.01,28,18311,卖盘
1549,14:17:15,6.54,0.01,15,9810,买盘
1550,14:17:49,6.53,-0.01,3,1959,卖盘
1551,14:17:52,6.54,0.01,28,18312,买盘
1552,14:18:16,6.54,0.0,6,3924,买盘
1553,14:18:28,6.53,-0.01,1,653,卖盘
1554,14:18:34,6.54,0.01,33,21582,买盘
1555,14:18:52,6.54,0.0,21,13743,卖盘
1556,14:19:04,6.54,0.0,1,654,卖盘
1557,14:19:06,6.54,0.0,1,654,卖盘
1558,14:19:10,6.54,0.0,104,68016,卖盘
1559,14:19:21,6.54,0.0,114,74556,买盘
1560,14:19:24,6.53,-0.01,52,33956,卖盘
1561,14:19:27,6.54,0.01,4,2616,买盘
1562,14:19:31,6.54,0.0,2,1308,卖盘
1563,14:19:42,6.54,0.0,3,1962,买盘
1564,14:20:01,6.54,0.0,2,1308,卖盘
1565,14:20:04,6.54,0.0,7,4578,卖盘
1566,14:20:06,6.54,0.0,35,22890,卖盘
1567,14:20:09,6.54,0.0,2,1308,卖盘
1568,14:20:12,6.54,0.0,1,654,卖盘
1569,14:20:34,6.53,-0.01,24,15672,卖盘
1570,14:20:46,6.53,0.0,6,3918,卖盘
1571,14:20:49,6.53,0.0,6,3918,卖盘
1572,14:20:58,6.53,0.0,1,653,卖盘
1573,14:21:04,6.53,0.0,3,1959,卖盘
1574,14:21:10,6.53,0.0,3,1959,卖盘
1575,14:21:13,6.53,0.0,26,16978,卖盘
1576,14:21:25,6.53,0.0,20,13060,买盘
1577,14:21:27,6.52,-0.01,1,652,卖盘
1578,14:21:42,6.52,0.0,115,74980,卖盘
1579,14:21:46,6.52,0.0,1,652,卖盘
1580,14:21:55,6.52,0.0,10,6520,卖盘
1581,14:21:57,6.52,0.0,1,652,卖盘
1582,14:22:01,6.52,0.0,8,5216,卖盘
1583,14:22:10,6.52,0.0,109,71068,卖盘
1584,14:22:25,6.53,0.01,2,1306,买盘
1585,14:22:28,6.52,-0.01,1,652,卖盘
1586,14:22:34,6.52,0.0,1,652,卖盘
1587,14:23:01,6.52,0.0,4,2608,卖盘
1588,14:23:07,6.52,0.0,30,19560,卖盘
1589,14:23:15,6.53,0.01,1,653,买盘
1590,14:23:19,6.52,-0.01,7,4564,卖盘
1591,14:23:28,6.52,0.0,1,652,卖盘
1592,14:23:30,6.52,0.0,64,41728,卖盘
1593,14:23:37,6.52,0.0,14,9128,卖盘
1594,14:23:43,6.52,0.0,24,15648,卖盘
1595,14:23:45,6.52,0.0,2,1304,卖盘
1596,14:23:49,6.52,0.0,2,1304,卖盘
1597,14:23:52,6.52,0.0,28,18256,卖盘
1598,14:23:55,6.51,-0.01,50,32550,卖盘
1599,14:24:28,6.51,0.0,1,651,卖盘
1600,14:25:01,6.51,0.0,13,8463,卖盘
1601,14:25:04,6.51,0.0,1,651,卖盘
1602,14:25:07,6.53,0.02,64,41792,买盘
1603,14:25:28,6.53,0.0,10,6530,卖盘
1604,14:25:34,6.53,0.0,4,2612,卖盘
1605,14:25:37,6.53,0.0,4,2612,卖盘
1606,14:25:39,6.53,0.0,2,1306,卖盘
1607,14:25:45,6.53,0.0,66,43098,卖盘
1608,14:26:04,6.52,-0.01,18,11747,卖盘
1609,14:26:13,6.52,0.0,8,5216,买盘
1610,14:26:22,6.52,0.0,1,652,买盘
1611,14:26:25,6.52,0.0,39,25428,卖盘
1612,14:26:34,6.52,0.0,10,6520,买盘
1613,14:26:37,6.51,-0.01,74,48174,卖盘
1614,14:26:58,6.51,0.0,1,651,卖盘
1615,14:27:01,6.51,0.0,22,14322,卖盘
1616,14:27:04,6.51,0.0,3,1953,卖盘
1617,14:27:19,6.53,0.02,120,78316,买盘
1618,14:27:43,6.52,-0.01,3,1956,卖盘
1619,14:27:51,6.52,0.0,109,71068,卖盘
1620,14:27:54,6.52,0.0,10,6520,买盘
1621,14:27:58,6.52,0.0,8,5216,买盘
1622,14:28:01,6.52,0.0,1,652,卖盘
1623,14:28:18,6.52,0.0,3,1956,卖盘
1624,14:28:25,6.53,0.01,8,5224,买盘
1625,14:28:31,6.52,-0.01,10,6528,卖盘
1626,14:28:45,6.52,0.0,1,652,卖盘
1627,14:29:04,6.52,0.0,100,65200,卖盘
1628,14:29:13,6.52,0.0,4,2608,卖盘
1629,14:29:19,6.53,0.01,30,19590,买盘
1630,14:29:40,6.52,-0.01,3,1956,卖盘
1631,14:29:55,6.52,0.0,36,23482,卖盘
1632,14:30:04,6.52,0.0,2,1304,卖盘
1633,14:30:06,6.52,0.0,3,1956,卖盘
1634,14:30:13,6.52,0.0,2,1304,卖盘
1635,14:30:34,6.52,0.0,53,34556,卖盘
1636,14:30:37,6.52,0.0,62,40424,卖盘
1637,14:30:42,6.52,0.0,3,1956,卖盘
1638,14:30:58,6.52,0.0,4,2608,卖盘
1639,14:31:04,6.52,0.0,2,1304,卖盘
1640,14:31:07,6.52,0.0,6,3912,卖盘
1641,14:31:28,6.52,0.0,1,652,卖盘
1642,14:31:33,6.52,0.0,5,3260,卖盘
1643,14:31:37,6.52,0.0,93,60636,卖盘
1644,14:31:49,6.53,0.01,5,3265,买盘
1645,14:31:52,6.53,0.0,3,1959,买盘
1646,14:31:58,6.52,-0.01,1,652,卖盘
1647,14:32:04,6.52,0.0,3,1956,卖盘
1648,14:32:07,6.52,0.0,47,30644,卖盘
1649,14:32:10,6.52,0.0,8,5216,买盘
1650,14:32:12,6.52,0.0,1,652,卖盘
1651,14:32:16,6.52,0.0,13,8476,买盘
1652,14:32:18,6.51,-0.01,1,651,卖盘
1653,14:32:21,6.51,0.0,4,2604,卖盘
1654,14:32:25,6.52,0.01,78,50856,买盘
1655,14:32:28,6.51,-0.01,13,8475,卖盘
1656,14:32:39,6.52,0.01,42,27384,买盘
1657,14:32:51,6.52,0.0,41,26732,卖盘
1658,14:32:54,6.52,0.0,2,1304,卖盘
1659,14:32:57,6.51,-0.01,6,3911,卖盘
1660,14:33:01,6.51,0.0,1,651,卖盘
1661,14:33:04,6.51,0.0,5,3257,卖盘
1662,14:33:28,6.51,0.0,1,651,卖盘
1663,14:33:46,6.52,0.01,13,8476,买盘
1664,14:33:49,6.52,0.0,9,5868,卖盘
1665,14:33:58,6.51,-0.01,173,112790,卖盘
1666,14:34:04,6.51,0.0,1,651,卖盘
1667,14:34:07,6.51,0.0,82,53382,卖盘
1668,14:34:13,6.51,0.0,3,1953,卖盘
1669,14:34:16,6.51,0.0,2,1302,卖盘
1670,14:34:19,6.52,0.01,29,18908,买盘
1671,14:34:24,6.51,-0.01,3,1953,卖盘
1672,14:34:27,6.52,0.01,10,6520,买盘
1673,14:34:31,6.52,0.0,6,3912,买盘
1674,14:34:33,6.52,0.0,10,6520,买盘
1675,14:34:40,6.52,0.0,78,50788,买盘
1676,14:34:43,6.52,0.0,12,7824,买盘
1677,14:34:45,6.51,-0.01,3,1953,卖盘
1678,14:34:48,6.52,0.01,24,15648,买盘
1679,14:34:52,6.52,0.0,5,3260,买盘
1680,14:34:58,6.52,0.0,13,8476,买盘
1681,14:35:04,6.52,0.0,17,11084,买盘
1682,14:35:10,6.51,-0.01,40,26040,卖盘
1683,14:35:13,6.52,0.01,14,9128,买盘
1684,14:35:21,6.51,-0.01,180,117180,卖盘
1685,14:35:25,6.51,0.0,2,1302,卖盘
1686,14:35:33,6.52,0.01,12,7824,买盘
1687,14:35:43,6.52,0.0,12,7824,买盘
1688,14:35:52,6.52,0.0,14,9128,买盘
1689,14:35:55,6.52,0.0,186,121272,买盘
1690,14:35:58,6.53,0.01,145,94685,买盘
1691,14:36:01,6.52,-0.01,32,20864,卖盘
1692,14:36:04,6.52,0.0,5,3260,卖盘
1693,14:36:10,6.53,0.01,41,26734,买盘
1694,14:36:15,6.53,0.0,10,6530,买盘
1695,14:36:19,6.53,0.0,10,6530,买盘
1696,14:36:25,6.53,0.0,14,9140,买盘
1697,14:36:28,6.53,0.0,2,1306,买盘
1698,14:36:31,6.53,0.0,15,9795,买盘
1699,14:36:43,6.53,0.0,70,45710,买盘
1700,14:36:49,6.53,0.0,10,6530,买盘
1701,14:36:58,6.53,0.0,48,31344,买盘
1702,14:37:05,6.53,0.0,617,402901,买盘
1703,14:37:07,6.55,0.02,300,196182,买盘
1704,14:37:22,6.55,0.0,10,6550,买盘
1705,14:37:28,6.55,0.0,22,14398,买盘
1706,14:37:31,6.55,0.0,86,56330,买盘
1707,14:37:40,6.56,0.01,23,15088,买盘
1708,14:37:43,6.56,0.0,7,4592,卖盘
1709,14:37:49,6.56,0.0,8,5248,买盘
1710,14:37:54,6.56,0.0,22,14437,卖盘
1711,14:37:58,6.56,0.0,8,5248,买盘
1712,14:38:01,6.56,0.0,17,11152,买盘
1713,14:38:04,6.58,0.02,11,7220,买盘
1714,14:38:06,6.56,-0.02,3,1968,买盘
1715,14:38:10,6.56,0.0,100,65600,卖盘
1716,14:38:16,6.56,0.0,15,9840,卖盘
1717,14:38:19,6.56,0.0,36,23616,卖盘
1718,14:38:24,6.56,0.0,11,7216,买盘
1719,14:38:28,6.55,-0.01,1,655,卖盘
1720,14:38:31,6.55,0.0,78,51095,卖盘
1721,14:38:33,6.55,0.0,17,11147,卖盘
1722,14:38:43,6.56,0.01,139,91145,买盘
1723,14:38:46,6.55,-0.01,11,7215,卖盘
1724,14:38:49,6.55,0.0,12,7860,卖盘
1725,14:38:58,6.55,0.0,7,4585,卖盘
1726,14:39:04,6.55,0.0,3,1965,卖盘
1727,14:39:07,6.56,0.01,15,9840,买盘
1728,14:39:13,6.56,0.0,20,13120,买盘
1729,14:39:16,6.55,-0.01,20,13100,卖盘
1730,14:39:21,6.56,0.01,11,7216,买盘
1731,14:39:31,6.56,0.0,13,8528,买盘
1732,14:39:37,6.56,0.0,14,9184,买盘
1733,14:39:45,6.56,0.0,15,9840,买盘
1734,14:39:49,6.56,0.0,10,6560,买盘
1735,14:39:52,6.56,0.0,16,10496,买盘
1736,14:40:05,6.56,0.0,20,13120,卖盘
1737,14:40:07,6.56,0.0,49,32144,买盘
1738,14:40:13,6.56,0.0,1,656,买盘
1739,14:40:16,6.56,0.0,8,5248,买盘
1740,14:40:22,6.56,0.0,28,18368,买盘
1741,14:40:28,6.56,0.0,17,11152,买盘
1742,14:40:34,6.56,0.0,78,51163,买盘
1743,14:40:48,6.56,0.0,45,29535,卖盘
1744,14:40:52,6.55,-0.01,100,65578,卖盘
1745,14:41:01,6.57,0.02,15,9855,买盘
1746,14:41:07,6.55,-0.02,5,3275,卖盘
1747,14:41:10,6.56,0.01,17,11152,买盘
1748,14:41:13,6.55,-0.01,195,127725,卖盘
1749,14:41:16,6.56,0.01,19,12463,买盘
1750,14:41:18,6.55,-0.01,59,38645,卖盘
1751,14:41:22,6.55,0.0,17,11135,卖盘
1752,14:41:25,6.56,0.01,18,11808,买盘
1753,14:41:28,6.57,0.01,27,17729,买盘
1754,14:41:46,6.55,-0.02,33,21615,卖盘
1755,14:41:48,6.55,0.0,50,32750,买盘
1756,14:41:58,6.56,0.01,100,65585,买盘
1757,14:42:07,6.55,-0.01,15,9825,买盘
1758,14:42:13,6.55,0.0,4,2620,买盘
1759,14:42:25,6.55,0.0,15,9825,买盘
1760,14:42:28,6.54,-0.01,6,3924,卖盘
1761,14:42:31,6.55,0.01,35,22924,买盘
1762,14:42:36,6.54,-0.01,88,57552,卖盘
1763,14:42:39,6.54,0.0,30,19648,卖盘
1764,14:42:42,6.55,0.01,20,13100,买盘
1765,14:42:46,6.55,0.0,63,41217,买盘
1766,14:42:51,6.55,0.0,19,12445,买盘
1767,14:43:01,6.55,0.0,17,11135,买盘
1768,14:43:04,6.55,0.0,5,3275,买盘
1769,14:43:07,6.55,0.0,47,30785,买盘
1770,14:43:19,6.55,0.0,30,19650,买盘
1771,14:43:34,6.55,0.0,15,9820,买盘
1772,14:43:43,6.54,-0.01,18,11772,卖盘
1773,14:43:45,6.54,0.0,50,32700,卖盘
1774,14:43:49,6.54,0.0,2,1308,卖盘
1775,14:43:52,6.54,0.0,13,8502,卖盘
1776,14:43:58,6.54,0.0,1,654,卖盘
1777,14:44:04,6.54,0.0,12,7848,卖盘
1778,14:44:07,6.55,0.01,201,131655,买盘
1779,14:44:10,6.55,0.0,48,31440,买盘
1780,14:44:31,6.55,0.0,60,39300,卖盘
1781,14:45:07,6.54,-0.01,4,2616,卖盘
1782,14:45:10,6.54,0.0,59,38586,卖盘
1783,14:45:12,6.54,0.0,12,7857,卖盘
1784,14:45:16,6.54,0.0,3,1962,卖盘
1785,14:45:21,6.54,0.0,12,7848,卖盘
1786,14:45:25,6.54,0.0,22,14388,卖盘
1787,14:45:28,6.54,0.0,7,4578,卖盘
1788,14:45:31,6.54,0.0,42,27468,卖盘
1789,14:45:34,6.54,0.0,16,10464,卖盘
1790,14:45:37,6.54,0.0,1,654,卖盘
1791,14:45:42,6.54,0.0,25,16350,卖盘
1792,14:45:46,6.54,0.0,22,14388,卖盘
1793,14:45:52,6.55,0.01,1,655,买盘
1794,14:45:58,6.54,-0.01,69,45126,卖盘
1795,14:46:00,6.54,0.0,20,13080,卖盘
1796,14:46:04,6.54,0.0,22,14408,卖盘
1797,14:46:07,6.54,0.0,44,28776,卖盘
1798,14:46:16,6.54,0.0,8,5232,卖盘
1799,14:46:18,6.54,0.0,14,9156,卖盘
1800,14:46:24,6.54,0.0,4,2616,卖盘
1801,14:46:28,6.55,0.01,70,45850,买盘
1802,14:46:31,6.54,-0.01,25,16350,卖盘
1803,14:46:34,6.54,0.0,5,3270,卖盘
1804,14:46:40,6.54,0.0,26,17004,卖盘
1805,14:46:52,6.54,0.0,31,20274,卖盘
1806,14:47:10,6.54,0.0,166,108564,买盘
1807,14:47:13,6.54,0.0,2,1308,卖盘
1808,14:47:22,6.54,0.0,4,2616,卖盘
1809,14:47:30,6.54,0.0,63,41202,卖盘
1810,14:47:39,6.55,0.01,75,49125,买盘
1811,14:47:43,6.54,-0.01,5,3270,卖盘
1812,14:47:45,6.55,0.01,29,18995,买盘
1813,14:47:49,6.55,0.0,41,26855,买盘
1814,14:47:52,6.55,0.0,68,44540,买盘
1815,14:47:55,6.55,0.0,35,22920,买盘
1816,14:48:13,6.55,0.0,290,189950,买盘
1817,14:48:22,6.54,-0.01,28,18312,卖盘
1818,14:48:25,6.54,0.0,1,654,卖盘
1819,14:48:27,6.54,0.0,3,1962,卖盘
1820,14:48:46,6.54,0.0,2,1308,卖盘
1821,14:48:49,6.54,0.0,180,117720,卖盘
1822,14:48:58,6.55,0.01,28,18318,买盘
1823,14:49:05,6.54,-0.01,25,16350,卖盘
1824,14:49:13,6.54,0.0,3,1962,卖盘
1825,14:49:16,6.54,0.0,2,1308,卖盘
1826,14:49:22,6.54,0.0,1,654,卖盘
1827,14:49:25,6.54,0.0,59,38586,卖盘
1828,14:49:28,6.54,0.0,3,1962,卖盘
1829,14:49:30,6.54,0.0,11,7194,卖盘
1830,14:49:37,6.54,0.0,16,10464,卖盘
1831,14:49:43,6.54,0.0,6,3925,卖盘
1832,14:49:46,6.54,0.0,5,3270,卖盘
1833,14:49:52,6.54,0.0,24,15696,卖盘
1834,14:49:54,6.54,0.0,4,2616,卖盘
1835,14:49:58,6.53,-0.01,69,45100,卖盘
1836,14:50:00,6.54,0.01,4,2616,买盘
1837,14:50:04,6.53,-0.01,2,1306,卖盘
1838,14:50:07,6.53,0.0,10,6530,卖盘
1839,14:50:10,6.54,0.01,10,6540,买盘
1840,14:50:13,6.53,-0.01,3,1959,卖盘
1841,14:50:19,6.53,0.0,2,1306,卖盘
1842,14:50:25,6.53,0.0,8,5226,卖盘
1843,14:50:34,6.53,0.0,11,7183,卖盘
1844,14:50:36,6.53,0.0,5,3265,卖盘
1845,14:50:40,6.54,0.01,217,141703,买盘
1846,14:50:42,6.54,0.0,191,124728,买盘
1847,14:50:45,6.52,-0.02,115,74980,卖盘
1848,14:50:55,6.53,0.01,10,6530,买盘
1849,14:51:01,6.52,-0.01,10,6520,卖盘
1850,14:51:04,6.52,0.0,129,84108,卖盘
1851,14:51:12,6.53,0.01,41,26773,买盘
1852,14:51:22,6.53,0.0,40,26120,买盘
1853,14:51:25,6.53,0.0,46,30003,买盘
1854,14:51:34,6.52,-0.01,13,8476,买盘
1855,14:51:36,6.52,0.0,5,3260,买盘
1856,14:51:39,6.52,0.0,9,5868,买盘
1857,14:51:46,6.52,0.0,5,3260,买盘
1858,14:51:49,6.51,-0.01,22,14322,卖盘
1859,14:51:52,6.52,0.01,63,41076,买盘
1860,14:51:57,6.53,0.01,59,38527,买盘
1861,14:52:01,6.52,-0.01,50,32641,卖盘
1862,14:52:09,6.52,0.0,50,32600,卖盘
1863,14:52:13,6.52,0.0,1,652,卖盘
1864,14:52:16,6.53,0.01,2,1306,买盘
1865,14:52:22,6.52,-0.01,17,11084,卖盘
1866,14:52:25,6.53,0.01,12,7836,买盘
1867,14:52:28,6.52,-0.01,25,16301,卖盘
1868,14:52:31,6.52,0.0,146,95192,卖盘
1869,14:52:34,6.52,0.0,2,1305,卖盘
1870,14:52:40,6.52,0.0,8,5216,卖盘
1871,14:52:43,6.52,0.0,56,36512,卖盘
1872,14:52:49,6.52,0.0,23,14996,卖盘
1873,14:52:54,6.52,0.0,1,652,卖盘
1874,14:52:57,6.53,0.01,30,19590,买盘
1875,14:53:04,6.52,-0.01,24,15648,卖盘
1876,14:53:09,6.52,0.0,1,652,卖盘
1877,14:53:12,6.52,0.0,4,2608,卖盘
1878,14:53:16,6.53,0.01,15,9795,买盘
1879,14:53:22,6.52,-0.01,50,32600,卖盘
1880,14:53:25,6.52,0.0,48,31296,卖盘
1881,14:53:28,6.52,0.0,98,63989,卖盘
1882,14:53:31,6.52,0.0,91,59332,卖盘
1883,14:53:34,6.52,0.0,41,26732,买盘
1884,14:53:37,6.51,-0.01,50,32562,卖盘
1885,14:53:46,6.52,0.01,10,6520,买盘
1886,14:53:52,6.51,-0.01,1,651,卖盘
1887,14:53:54,6.52,0.01,15,9780,买盘
1888,14:53:58,6.52,0.0,20,13040,卖盘
1889,14:54:01,6.52,0.0,1,652,卖盘
1890,14:54:04,6.52,0.0,7,4564,卖盘
1891,14:54:10,6.51,-0.01,10,6510,卖盘
1892,14:54:13,6.51,0.0,1,651,卖盘
1893,14:54:16,6.51,0.0,130,84630,卖盘
1894,14:54:21,6.52,0.01,27,17579,买盘
1895,14:54:25,6.52,0.0,60,39110,买盘
1896,14:54:28,6.52,0.0,7,4562,买盘
1897,14:54:36,6.52,0.0,15,9780,买盘
1898,14:54:40,6.51,-0.01,1,651,卖盘
1899,14:54:42,6.52,0.01,70,45640,买盘
1900,14:54:45,6.52,0.0,17,11084,卖盘
1901,14:54:49,6.52,0.0,41,26732,卖盘
1902,14:54:52,6.52,0.0,50,32600,卖盘
1903,14:54:58,6.52,0.0,34,22168,卖盘
1904,14:55:01,6.52,0.0,1,652,卖盘
1905,14:55:04,6.52,0.0,130,84760,卖盘
1906,14:55:10,6.52,0.0,66,43091,卖盘
1907,14:55:13,6.52,0.0,81,52812,卖盘
1908,14:55:15,6.51,-0.01,353,229910,卖盘
1909,14:55:19,6.52,0.01,30,19574,买盘
1910,14:55:22,6.52,0.0,3,1956,卖盘
1911,14:55:25,6.52,0.0,1,652,买盘
1912,14:55:28,6.52,0.0,7,4564,中性盘
1913,14:55:31,6.52,0.0,188,122576,买盘
1914,14:55:36,6.52,0.0,15,9780,买盘
1915,14:55:43,6.51,-0.01,1,651,卖盘
1916,14:55:46,6.52,0.01,54,35208,买盘
1917,14:55:49,6.51,-0.01,30,19530,卖盘
1918,14:55:55,6.52,0.01,20,13030,买盘
1919,14:55:57,6.51,-0.01,10,6510,卖盘
1920,14:56:07,6.51,0.0,21,13676,卖盘
1921,14:56:13,6.51,0.0,45,29295,卖盘
1922,14:56:16,6.51,0.0,81,52731,卖盘
1923,14:56:18,6.51,0.0,50,32550,卖盘
1924,14:56:21,6.51,0.0,201,130538,卖盘
1925,14:56:24,6.51,0.0,230,149735,卖盘
1926,14:56:28,6.51,0.0,204,132804,卖盘
1927,14:56:31,6.52,0.01,3,1956,买盘
1928,14:56:33,6.52,0.0,25,16300,买盘
1929,14:56:37,6.51,-0.01,11,7161,卖盘
1930,14:56:40,6.51,0.0,91,59241,卖盘
1931,14:56:46,6.5,-0.01,2,1300,卖盘
1932,14:56:49,6.51,0.01,93,60533,买盘
1933,14:56:52,6.51,0.0,221,143871,买盘
1934,14:56:57,6.51,0.0,85,55335,买盘
1935,14:57:00,6.5,-0.01,46,29905,卖盘
1936,15:00:04,6.5,0.0,1626,1056900,卖盘
