,time,price,change,volume,amount,type
0,09:25:04,6.5,-0.08,3747,2435550,买盘
1,09:30:04,6.54,0.04,621,404701,买盘
2,09:30:07,6.55,0.01,116,75826,中性盘
3,09:30:10,6.52,-0.03,120,78602,卖盘
4,09:30:12,6.52,0.0,21,13692,卖盘
5,09:30:16,6.54,0.02,54,35316,买盘
6,09:30:18,6.54,0.0,7,4578,买盘
7,09:30:21,6.54,0.0,39,25503,买盘
8,09:30:25,6.53,-0.01,41,26803,卖盘
9,09:30:30,6.54,0.01,88,57505,买盘
10,09:30:34,6.53,-0.01,118,77032,卖盘
11,09:30:36,6.54,0.01,109,71187,买盘
12,09:30:39,6.54,0.0,16,10464,买盘
13,09:30:42,6.54,0.0,61,39894,买盘
14,09:30:45,6.54,0.0,80,52297,买盘
15,09:30:48,6.54,0.0,10,6539,卖盘
16,09:30:52,6.56,0.02,298,194808,买盘
17,09:30:55,6.53,-0.03,100,65474,卖盘
18,09:30:58,6.56,0.03,73,47831,买盘
19,09:31:01,6.56,0.0,3,1968,买盘
20,09:31:04,6.55,-0.01,247,161879,卖盘
21,09:31:07,6.55,0.0,13,8515,买盘
22,09:31:09,6.55,0.0,185,121251,买盘
23,09:31:13,6.54,-0.01,25,16355,卖盘
24,09:31:16,6.53,-0.01,137,89559,卖盘
25,09:31:19,6.55,0.02,226,147854,买盘
26,09:31:21,6.51,-0.04,997,650152,卖盘
27,09:31:25,6.52,0.01,24,15648,买盘
28,09:31:28,6.53,0.01,21,13696,买盘
29,09:31:31,6.53,0.0,254,165584,买盘
30,09:31:34,6.54,0.01,89,58167,买盘
31,09:31:36,6.53,-0.01,12,7836,卖盘
32,09:31:39,6.53,0.0,339,221503,卖盘
33,09:31:43,6.55,0.02,50,32714,买盘
34,09:31:46,6.55,0.0,57,37295,买盘
35,09:31:49,6.53,-0.02,35,22890,卖盘
36,09:31:52,6.54,0.01,15,9810,买盘
37,09:31:55,6.54,0.0,142,92813,买盘
38,09:31:58,6.54,0.0,64,41844,买盘
39,09:32:01,6.53,-0.01,91,59466,卖盘
40,09:32:04,6.54,0.01,1,654,卖盘
41,09:32:07,6.55,0.01,83,54307,买盘
42,09:32:10,6.55,0.0,97,63465,买盘
43,09:32:13,6.54,-0.01,189,123606,买盘
44,09:32:16,6.55,0.01,71,46479,买盘
45,09:32:19,6.55,0.0,28,18327,买盘
46,09:32:22,6.54,-0.01,29,18977,卖盘
47,09:32:24,6.54,0.0,124,81159,卖盘
48,09:32:28,6.55,0.01,107,70005,买盘
49,09:32:31,6.54,-0.01,14,9164,卖盘
50,09:32:34,6.54,0.0,32,20956,卖盘
51,09:32:37,6.55,0.01,56,36680,买盘
52,09:32:40,6.55,0.0,117,76635,卖盘
53,09:32:43,6.55,0.0,398,260404,买盘
54,09:32:46,6.54,-0.01,86,56336,卖盘
55,09:32:48,6.55,0.01,49,32095,买盘
56,09:32:52,6.54,-0.01,56,36674,卖盘
57,09:32:55,6.54,0.0,124,81098,卖盘
58,09:32:58,6.54,0.0,179,117225,卖盘
59,09:33:01,6.55,0.01,28,18335,买盘
60,09:33:04,6.55,0.0,50,32711,买盘
61,09:33:07,6.54,-0.01,10,6540,卖盘
62,09:33:10,6.55,0.01,151,98674,买盘
63,09:33:13,6.54,-0.01,37,24198,中性盘
64,09:33:16,6.55,0.01,129,84441,买盘
65,09:33:19,6.54,-0.01,50,32745,中性盘
66,09:33:22,6.54,0.0,135,88402,买盘
67,09:33:25,6.54,0.0,63,41236,买盘
68,09:33:27,6.54,0.0,258,168609,买盘
69,09:33:31,6.53,-0.01,274,179122,卖盘
70,09:33:34,6.54,0.01,59,38577,买盘
71,09:33:37,6.54,0.0,365,238392,买盘
72,09:33:40,6.53,-0.01,104,67928,卖盘
73,09:33:43,6.53,0.0,7,4571,买盘
74,09:33:45,6.53,0.0,76,49575,买盘
75,09:33:49,6.52,-0.01,79,51545,卖盘
76,09:33:52,6.52,0.0,88,57400,卖盘
77,09:33:55,6.53,0.01,18,11743,买盘
78,09:33:58,6.52,-0.01,209,136292,卖盘
79,09:34:01,6.53,0.01,175,114138,买盘
80,09:34:04,6.52,-0.01,52,33904,卖盘
81,09:34:07,6.52,0.0,141,91896,买盘
82,09:34:10,6.52,0.0,127,82790,买盘
83,09:34:13,6.52,0.0,89,58007,买盘
84,09:34:16,6.53,0.01,312,203485,买盘
85,09:34:19,6.53,0.0,43,28079,卖盘
86,09:34:22,6.53,0.0,285,186114,卖盘
87,09:34:25,6.53,0.0,153,99909,卖盘
88,09:34:28,6.54,0.01,21,13734,买盘
89,09:34:31,6.53,-0.01,45,29395,卖盘
90,09:34:34,6.54,0.01,24,15680,买盘
91,09:34:37,6.53,-0.01,27,17637,卖盘
92,09:34:40,6.54,0.01,67,43817,买盘
93,09:34:42,6.53,-0.01,65,42445,卖盘
94,09:34:46,6.54,0.01,46,30073,买盘
95,09:34:49,6.54,0.0,64,41889,卖盘
96,09:34:52,6.55,0.01,19,12443,买盘
97,09:34:55,6.55,0.0,43,28165,买盘
98,09:34:58,6.55,0.0,374,244572,买盘
99,09:35:01,6.54,-0.01,32,20944,中性盘
100,09:35:04,6.54,0.0,77,50358,买盘
101,09:35:07,6.54,0.0,105,68670,买盘
102,09:35:10,6.55,0.01,614,401897,买盘
103,09:35:12,6.56,0.01,59,38651,买盘
104,09:35:16,6.56,0.0,60,39360,买盘
105,09:35:19,6.54,-0.02,10,6546,卖盘
106,09:35:22,6.56,0.02,44,28839,买盘
107,09:35:25,6.56,0.0,11,7216,买盘
108,09:35:28,6.55,-0.01,6,3933,卖盘
109,09:35:31,6.56,0.01,87,57022,买盘
110,09:35:34,6.56,0.0,14,9184,买盘
111,09:35:37,6.57,0.01,356,233877,买盘
112,09:35:40,6.58,0.01,166,109131,买盘
113,09:35:43,6.58,0.0,31,20398,买盘
114,09:35:45,6.58,0.0,38,25004,买盘
115,09:35:49,6.58,0.0,85,55930,买盘
116,09:35:52,6.58,0.0,118,77644,买盘
117,09:35:58,6.6,0.02,48,31661,买盘
118,09:36:04,6.62,0.02,78,51626,买盘
119,09:36:06,6.62,0.0,22,14564,买盘
120,09:36:10,6.61,-0.01,70,46336,卖盘
121,09:36:13,6.62,0.01,450,297839,买盘
122,09:36:16,6.6,-0.02,23,15193,卖盘
123,09:36:19,6.62,0.02,146,96555,买盘
124,09:36:21,6.6,-0.02,117,77266,卖盘
125,09:36:25,6.61,0.01,472,311407,买盘
126,09:36:28,6.6,-0.01,51,33660,中性盘
127,09:36:31,6.6,0.0,376,247923,买盘
128,09:36:34,6.59,-0.01,298,196567,中性盘
129,09:36:36,6.59,0.0,184,121253,买盘
130,09:36:40,6.59,0.0,46,30304,买盘
131,09:36:43,6.6,0.01,106,69872,买盘
132,09:36:46,6.59,-0.01,68,44837,卖盘
133,09:36:49,6.59,0.0,68,44812,卖盘
134,09:36:52,6.59,0.0,19,12521,卖盘
135,09:36:55,6.59,0.0,148,97532,卖盘
136,09:36:58,6.59,0.0,228,150375,卖盘
137,09:37:01,6.59,0.0,6,3953,买盘
138,09:37:04,6.59,0.0,86,56674,买盘
139,09:37:06,6.58,-0.01,223,146761,卖盘
140,09:37:10,6.58,0.0,59,38822,买盘
141,09:37:13,6.58,0.0,31,20395,买盘
142,09:37:15,6.57,-0.01,205,134840,卖盘
143,09:37:19,6.58,0.01,25,16450,买盘
144,09:37:22,6.58,0.0,30,19740,买盘
145,09:37:25,6.58,0.0,46,30630,买盘
146,09:37:28,6.58,0.0,18,11844,卖盘
147,09:37:30,6.58,0.0,19,12502,卖盘
148,09:37:34,6.58,0.0,20,13165,卖盘
149,09:37:37,6.59,0.01,114,75026,买盘
150,09:37:39,6.59,0.0,10,6590,买盘
151,09:37:43,6.59,0.0,82,54033,买盘
152,09:37:46,6.59,0.0,5,3295,买盘
153,09:37:49,6.59,0.0,29,19111,买盘
154,09:37:51,6.59,0.0,47,30973,买盘
155,09:37:55,6.59,0.0,110,72490,买盘
156,09:37:57,6.59,0.0,59,38881,买盘
157,09:38:01,6.59,0.0,38,25012,买盘
158,09:38:04,6.59,0.0,102,67208,买盘
159,09:38:07,6.59,0.0,47,30976,买盘
160,09:38:10,6.58,-0.01,399,263081,卖盘
161,09:38:12,6.6,0.02,3,1980,买盘
162,09:38:16,6.58,-0.02,35,23035,卖盘
163,09:38:19,6.58,0.0,10,6581,卖盘
164,09:38:22,6.6,0.02,84,55378,买盘
165,09:38:25,6.6,0.0,30,19800,买盘
166,09:38:27,6.6,0.0,43,28380,卖盘
167,09:38:31,6.6,0.0,9,5940,卖盘
168,09:38:34,6.6,0.0,10,6600,买盘
169,09:38:37,6.59,-0.01,58,38230,卖盘
170,09:38:40,6.6,0.01,119,78540,买盘
171,09:38:42,6.59,-0.01,44,29017,卖盘
172,09:38:46,6.6,0.01,61,40216,买盘
173,09:38:49,6.59,-0.01,14,9226,卖盘
174,09:38:52,6.59,0.0,30,19770,买盘
175,09:38:55,6.59,0.0,18,11862,买盘
176,09:39:01,6.58,-0.01,153,100844,卖盘
177,09:39:04,6.59,0.01,13,8567,卖盘
178,09:39:06,6.59,0.0,15,9885,卖盘
179,09:39:10,6.6,0.01,41,27027,买盘
180,09:39:13,6.59,-0.01,196,129164,卖盘
181,09:39:16,6.59,0.0,18,11862,买盘
182,09:39:18,6.59,0.0,96,63264,买盘
183,09:39:22,6.59,0.0,140,92396,卖盘
184,09:39:25,6.59,0.0,24,15816,卖盘
185,09:39:28,6.6,0.01,8,5280,买盘
186,09:39:33,6.6,0.0,106,69858,买盘
187,09:39:37,6.6,0.0,40,26400,买盘
188,09:39:40,6.6,0.0,51,33646,买盘
189,09:39:43,6.6,0.0,34,22440,买盘
190,09:39:45,6.6,0.0,112,73920,买盘
191,09:39:49,6.6,0.0,17,11220,卖盘
192,09:39:51,6.6,0.0,20,13200,卖盘
193,09:39:55,6.6,0.0,61,40260,卖盘
194,09:39:58,6.6,0.0,13,8580,买盘
195,09:40:01,6.6,0.0,57,37620,买盘
196,09:40:04,6.6,0.0,19,12540,卖盘
197,09:40:07,6.6,0.0,102,67355,卖盘
198,09:40:09,6.61,0.01,1,661,买盘
199,09:40:13,6.6,-0.01,25,16507,卖盘
200,09:40:16,6.61,0.01,38,25082,买盘
201,09:40:19,6.61,0.0,19,12550,买盘
202,09:40:22,6.62,0.01,106,70083,买盘
203,09:40:24,6.61,-0.01,10,6610,卖盘
204,09:40:28,6.62,0.01,488,323053,买盘
205,09:40:30,6.65,0.03,777,514933,买盘
206,09:40:34,6.62,-0.03,10,6634,卖盘
207,09:40:37,6.64,0.02,394,261767,买盘
208,09:40:40,6.65,0.01,195,129599,买盘
209,09:40:42,6.63,-0.02,87,57727,卖盘
210,09:40:46,6.63,0.0,84,55692,买盘
211,09:40:49,6.63,0.0,105,69614,买盘
212,09:40:52,6.64,0.01,322,213415,买盘
213,09:40:54,6.62,-0.02,517,342294,卖盘
214,09:40:58,6.62,0.0,216,142992,买盘
215,09:41:01,6.62,0.0,34,22504,买盘
216,09:41:04,6.59,-0.03,992,654979,卖盘
217,09:41:06,6.6,0.01,163,107573,买盘
218,09:41:09,6.59,-0.01,115,75801,卖盘
219,09:41:13,6.6,0.01,5,3299,买盘
220,09:41:16,6.59,-0.01,45,29677,卖盘
221,09:41:19,6.6,0.01,101,66584,买盘
222,09:41:22,6.6,0.0,1006,663767,买盘
223,09:41:24,6.59,-0.01,10,6590,中性盘
224,09:41:27,6.59,0.0,42,27715,中性盘
225,09:41:31,6.59,0.0,111,73215,买盘
226,09:41:34,6.6,0.01,79,52131,买盘
227,09:41:37,6.6,0.0,97,63965,买盘
228,09:41:40,6.6,0.0,20,13200,买盘
229,09:41:42,6.59,-0.01,2,1319,卖盘
230,09:41:46,6.6,0.01,129,85139,买盘
231,09:41:49,6.6,0.0,128,84475,买盘
232,09:41:52,6.6,0.0,246,162360,买盘
233,09:41:55,6.61,0.01,29,19149,买盘
234,09:41:58,6.61,0.0,3,1983,买盘
235,09:42:01,6.61,0.0,50,33050,买盘
236,09:42:04,6.61,0.0,40,26440,卖盘
237,09:42:06,6.61,0.0,34,22474,卖盘
238,09:42:10,6.61,0.0,12,7932,卖盘
239,09:42:13,6.62,0.01,85,56230,买盘
240,09:42:16,6.62,0.0,21,13885,买盘
241,09:42:18,6.62,0.0,158,104596,买盘
242,09:42:22,6.62,0.0,18,11916,买盘
243,09:42:24,6.62,0.0,100,66200,买盘
244,09:42:28,6.62,0.0,76,50308,买盘
245,09:42:31,6.62,0.0,14,9268,卖盘
246,09:42:34,6.62,0.0,257,170134,卖盘
247,09:42:37,6.62,0.0,50,33100,买盘
248,09:42:40,6.62,0.0,15,9930,买盘
249,09:42:43,6.62,0.0,287,189963,买盘
250,09:42:46,6.62,0.0,32,21199,卖盘
251,09:42:49,6.62,0.0,53,35106,卖盘
252,09:42:52,6.62,0.0,24,15891,卖盘
253,09:42:54,6.62,0.0,35,23170,卖盘
254,09:42:58,6.63,0.01,74,49062,买盘
255,09:43:01,6.62,-0.01,269,178127,卖盘
256,09:43:04,6.63,0.01,27,17901,买盘
257,09:43:07,6.63,0.0,77,51051,买盘
258,09:43:10,6.62,-0.01,376,249426,卖盘
259,09:43:13,6.63,0.01,90,59630,买盘
260,09:43:16,6.62,-0.01,178,117836,买盘
261,09:43:19,6.61,-0.01,27,17856,卖盘
262,09:43:22,6.62,0.01,43,28457,买盘
263,09:43:25,6.61,-0.01,86,56881,卖盘
264,09:43:28,6.61,0.0,127,84007,卖盘
265,09:43:31,6.61,0.0,151,99928,卖盘
266,09:43:33,6.6,-0.01,74,48906,卖盘
267,09:43:37,6.6,0.0,38,25103,卖盘
268,09:43:40,6.6,0.0,83,54790,卖盘
269,09:43:46,6.6,0.0,110,72600,卖盘
270,09:43:52,6.59,-0.01,157,103623,卖盘
271,09:43:55,6.6,0.01,3,1980,中性盘
272,09:43:58,6.6,0.0,14,9240,卖盘
273,09:44:01,6.59,-0.01,24,15826,卖盘
274,09:44:04,6.59,0.0,79,52061,卖盘
275,09:44:06,6.59,0.0,15,9892,卖盘
276,09:44:09,6.59,0.0,98,64582,卖盘
277,09:44:13,6.59,0.0,24,15816,买盘
278,09:44:16,6.59,0.0,826,543512,买盘
279,09:44:19,6.59,0.0,68,44809,买盘
280,09:44:22,6.6,0.01,325,214084,买盘
281,09:44:24,6.59,-0.01,10,6590,中性盘
282,09:44:28,6.57,-0.02,62,40804,卖盘
283,09:44:31,6.59,0.02,4,2636,买盘
284,09:44:34,6.58,-0.01,14,9212,买盘
285,09:44:36,6.57,-0.01,114,74916,卖盘
286,09:44:40,6.57,0.0,62,40734,买盘
287,09:44:43,6.57,0.0,59,38763,买盘
288,09:44:45,6.57,0.0,11,7227,买盘
289,09:44:49,6.58,0.01,42,27626,买盘
290,09:44:52,6.57,-0.01,75,49332,卖盘
291,09:44:55,6.58,0.01,12,7896,中性盘
292,09:44:58,6.57,-0.01,15,9865,卖盘
293,09:45:00,6.57,0.0,26,17106,卖盘
294,09:45:04,6.59,0.02,15,9885,买盘
295,09:45:07,6.58,-0.01,6,3948,中性盘
296,09:45:10,6.58,0.0,29,19078,买盘
297,09:45:13,6.59,0.01,24,15816,买盘
298,09:45:15,6.59,0.0,86,56617,买盘
299,09:45:19,6.58,-0.01,101,66458,卖盘
300,09:45:21,6.59,0.01,148,97389,买盘
301,09:45:25,6.59,0.0,40,26360,买盘
302,09:45:28,6.57,-0.02,45,29598,卖盘
303,09:45:31,6.59,0.02,43,28302,买盘
304,09:45:33,6.56,-0.03,828,543914,卖盘
305,09:45:37,6.58,0.02,2,1316,买盘
306,09:45:40,6.57,-0.01,43,28289,卖盘
307,09:45:43,6.58,0.01,1,658,买盘
308,09:45:46,6.58,0.0,74,48740,买盘
309,09:45:49,6.59,0.01,35,23025,买盘
310,09:45:55,6.58,-0.01,3,1974,卖盘
311,09:45:58,6.58,0.0,29,19082,卖盘
312,09:46:04,6.58,0.0,11,7238,买盘
313,09:46:06,6.58,0.0,45,29601,买盘
314,09:46:10,6.58,0.0,44,28952,买盘
315,09:46:13,6.58,0.0,16,10528,买盘
316,09:46:16,6.57,-0.01,102,67061,卖盘
317,09:46:19,6.58,0.01,28,18424,买盘
318,09:46:21,6.58,0.0,78,51308,买盘
319,09:46:24,6.59,0.01,32,21084,买盘
320,09:46:28,6.59,0.0,44,28996,买盘
321,09:46:30,6.59,0.0,31,20429,买盘
322,09:46:34,6.59,0.0,334,219831,买盘
323,09:46:37,6.59,0.0,47,30971,买盘
324,09:46:40,6.59,0.0,81,53333,买盘
325,09:46:43,6.58,-0.01,75,49405,卖盘
326,09:46:45,6.6,0.02,12,7915,买盘
327,09:46:49,6.59,-0.01,73,48107,买盘
328,09:46:52,6.58,-0.01,36,23713,卖盘
329,09:46:54,6.59,0.01,22,14503,中性盘
330,09:46:58,6.6,0.01,17,11207,买盘
331,09:47:01,6.59,-0.01,6,3954,卖盘
332,09:47:07,6.59,0.0,29,19118,卖盘
333,09:47:09,6.59,0.0,43,28337,卖盘
334,09:47:12,6.59,0.0,88,58003,买盘
335,09:47:15,6.59,0.0,26,17134,买盘
336,09:47:19,6.58,-0.01,323,212591,卖盘
337,09:47:22,6.58,0.0,85,55991,卖盘
338,09:47:25,6.58,0.0,81,53340,买盘
339,09:47:28,6.58,0.0,53,34918,卖盘
340,09:47:34,6.58,0.0,50,32900,卖盘
341,09:47:36,6.58,0.0,3,1974,卖盘
342,09:47:46,6.58,0.0,5,3290,买盘
343,09:47:49,6.58,0.0,7,4606,买盘
344,09:47:52,6.57,-0.01,204,134207,卖盘
345,09:47:55,6.58,0.01,26,17108,买盘
346,09:47:58,6.57,-0.01,168,110441,卖盘
347,09:48:01,6.57,0.0,14,9198,卖盘
348,09:48:04,6.57,0.0,14,9201,卖盘
349,09:48:07,6.57,0.0,27,17741,卖盘
350,09:48:09,6.57,0.0,7,4599,卖盘
351,09:48:13,6.57,0.0,392,257544,卖盘
352,09:48:16,6.57,0.0,9,5908,买盘
353,09:48:19,6.56,-0.01,12,7872,卖盘
354,09:48:22,6.56,0.0,25,16400,卖盘
355,09:48:27,6.56,0.0,5,3280,卖盘
356,09:48:31,6.56,0.0,12,7872,卖盘
357,09:48:34,6.56,0.0,37,24272,卖盘
358,09:48:37,6.56,0.0,52,34122,卖盘
359,09:48:42,6.55,-0.01,1,655,卖盘
360,09:48:46,6.55,0.0,79,51748,卖盘
361,09:48:49,6.56,0.01,11,7206,买盘
362,09:48:52,6.55,-0.01,95,62225,卖盘
363,09:48:55,6.55,0.0,41,26855,卖盘
364,09:48:58,6.54,-0.01,255,166771,卖盘
365,09:49:01,6.54,0.0,11,7194,买盘
366,09:49:04,6.53,-0.01,261,170444,卖盘
367,09:49:06,6.53,0.0,28,18297,卖盘
368,09:49:10,6.53,0.0,78,50960,卖盘
369,09:49:13,6.54,0.01,88,57495,买盘
370,09:49:16,6.53,-0.01,17,11101,卖盘
371,09:49:19,6.53,0.0,71,46389,买盘
372,09:49:22,6.53,0.0,57,37229,卖盘
373,09:49:24,6.53,0.0,23,15019,买盘
374,09:49:27,6.53,0.0,32,20873,买盘
375,09:49:31,6.53,0.0,22,14366,买盘
376,09:49:34,6.52,-0.01,93,60649,卖盘
377,09:49:37,6.53,0.01,4,2612,买盘
378,09:49:40,6.53,0.0,24,15672,买盘
379,09:49:43,6.52,-0.01,70,45643,卖盘
380,09:49:46,6.52,0.0,26,16967,卖盘
381,09:49:49,6.53,0.01,11,7173,买盘
382,09:49:52,6.53,0.0,106,69137,买盘
383,09:49:54,6.53,0.0,16,10448,卖盘
384,09:49:58,6.53,0.0,11,7188,卖盘
385,09:50:01,6.53,0.0,7,4571,买盘
386,09:50:07,6.53,0.0,116,75644,买盘
387,09:50:09,6.52,-0.01,179,116733,卖盘
388,09:50:13,6.53,0.01,31,20238,买盘
389,09:50:16,6.52,-0.01,158,103083,卖盘
390,09:50:19,6.53,0.01,26,16977,买盘
391,09:50:22,6.53,0.0,8,5224,买盘
392,09:50:25,6.52,-0.01,26,16961,卖盘
393,09:50:28,6.53,0.01,34,22199,买盘
394,09:50:30,6.53,0.0,338,220432,买盘
395,09:50:34,6.53,0.0,39,25467,买盘
396,09:50:37,6.53,0.0,3,1959,卖盘
397,09:50:40,6.54,0.01,24,15682,买盘
398,09:50:43,6.53,-0.01,6,3918,卖盘
399,09:50:45,6.54,0.01,2,1308,买盘
400,09:50:52,6.54,0.0,61,39894,买盘
401,09:50:55,6.54,0.0,3,1962,卖盘
402,09:51:01,6.54,0.0,1,654,卖盘
403,09:51:06,6.55,0.01,42,27510,买盘
404,09:51:09,6.54,-0.01,29,18970,卖盘
405,09:51:12,6.55,0.01,77,50470,卖盘
406,09:51:16,6.55,0.0,13,8515,卖盘
407,09:51:19,6.55,0.0,21,13755,卖盘
408,09:51:22,6.56,0.01,2,1312,买盘
409,09:51:25,6.56,0.0,3,1968,买盘
410,09:51:28,6.55,-0.01,2,1310,卖盘
411,09:51:30,6.56,0.01,10,6560,买盘
412,09:51:37,6.56,0.0,17,11151,买盘
413,09:51:40,6.55,-0.01,21,13755,卖盘
414,09:51:43,6.56,0.01,182,119350,买盘
415,09:51:52,6.56,0.0,12,7872,中性盘
416,09:51:55,6.57,0.01,246,161410,买盘
417,09:51:57,6.57,0.0,30,19710,买盘
418,09:52:01,6.55,-0.02,47,30831,卖盘
419,09:52:04,6.57,0.02,83,54430,买盘
420,09:52:10,6.56,-0.01,20,13124,卖盘
421,09:52:13,6.57,0.01,5,3285,买盘
422,09:52:16,6.56,-0.01,9,5905,卖盘
423,09:52:19,6.56,0.0,1,656,卖盘
424,09:52:22,6.56,0.0,68,44608,买盘
425,09:52:24,6.56,0.0,97,63632,卖盘
426,09:52:28,6.56,0.0,14,9184,买盘
427,09:52:33,6.56,0.0,19,12453,买盘
428,09:52:37,6.56,0.0,30,19680,买盘
429,09:52:40,6.56,0.0,77,50445,买盘
430,09:52:43,6.55,-0.01,51,33406,卖盘
431,09:52:46,6.56,0.01,32,20992,买盘
432,09:52:49,6.55,-0.01,14,9172,卖盘
433,09:52:54,6.56,0.01,1,656,买盘
434,09:52:58,6.57,0.01,7,4599,买盘
435,09:53:01,6.56,-0.01,44,28864,卖盘
436,09:53:04,6.56,0.0,3,1968,买盘
437,09:53:06,6.55,-0.01,555,364569,卖盘
438,09:53:10,6.56,0.01,18,11808,买盘
439,09:53:13,6.56,0.0,68,44608,卖盘
440,09:53:16,6.55,-0.01,27,17685,卖盘
441,09:53:19,6.55,0.0,20,13100,卖盘
442,09:53:22,6.56,0.01,39,25575,买盘
443,09:53:24,6.55,-0.01,22,14410,卖盘
444,09:53:28,6.56,0.01,1,656,买盘
445,09:53:31,6.56,0.0,2,1312,买盘
446,09:53:34,6.55,-0.01,50,32750,卖盘
447,09:53:37,6.55,0.0,63,41315,卖盘
448,09:53:40,6.56,0.01,1,656,买盘
449,09:53:43,6.55,-0.01,6,3934,卖盘
450,09:53:46,6.56,0.01,41,26895,买盘
451,09:53:48,6.55,-0.01,2,1310,卖盘
452,09:53:52,6.56,0.01,52,34068,买盘
453,09:53:55,6.56,0.0,66,43296,卖盘
454,09:53:57,6.56,0.0,8,5248,卖盘
455,09:54:01,6.56,0.0,46,30176,卖盘
456,09:54:04,6.56,0.0,32,20992,卖盘
457,09:54:07,6.56,0.0,3,1968,买盘
458,09:54:15,6.55,-0.01,22,14422,卖盘
459,09:54:21,6.55,0.0,29,19005,卖盘
460,09:54:28,6.55,0.0,3,1965,卖盘
461,09:54:31,6.55,0.0,31,20305,卖盘
462,09:54:34,6.56,0.01,100,65600,买盘
463,09:54:37,6.55,-0.01,30,19670,卖盘
464,09:54:40,6.56,0.01,9,5903,买盘
465,09:54:43,6.56,0.0,75,49200,买盘
466,09:54:58,6.56,0.0,12,7872,买盘
467,09:55:04,6.55,-0.01,32,20960,卖盘
468,09:55:07,6.55,0.0,36,23586,卖盘
469,09:55:09,6.55,0.0,30,19650,卖盘
470,09:55:13,6.56,0.01,1,656,买盘
471,09:55:19,6.55,-0.01,42,27510,卖盘
472,09:55:25,6.55,0.0,25,16381,卖盘
473,09:55:28,6.56,0.01,212,138898,买盘
474,09:55:31,6.56,0.0,7,4592,卖盘
475,09:55:33,6.56,0.0,10,6560,卖盘
476,09:55:37,6.56,0.0,51,33456,卖盘
477,09:55:46,6.56,0.0,54,35424,买盘
478,09:55:49,6.56,0.0,49,32144,买盘
479,09:55:52,6.55,-0.01,39,25556,卖盘
480,09:55:55,6.56,0.01,1,656,买盘
481,09:56:01,6.57,0.01,183,120095,买盘
482,09:56:12,6.57,0.0,115,75555,买盘
483,09:56:18,6.56,-0.01,10,6560,卖盘
484,09:56:22,6.56,0.0,90,59040,卖盘
485,09:56:25,6.57,0.01,7,4599,买盘
486,09:56:28,6.56,-0.01,9,5904,卖盘
487,09:56:31,6.57,0.01,15,9855,买盘
488,09:56:33,6.56,-0.01,16,10510,卖盘
489,09:56:37,6.56,0.0,29,19024,卖盘
490,09:56:40,6.57,0.01,9,5913,买盘
491,09:56:43,6.57,0.0,6,3942,买盘
492,09:56:46,6.57,0.0,20,13140,买盘
493,09:56:49,6.57,0.0,11,7227,买盘
494,09:56:51,6.57,0.0,91,59787,买盘
495,09:56:54,6.57,0.0,20,13140,卖盘
496,09:57:01,6.57,0.0,7,4599,卖盘
497,09:57:09,6.57,0.0,26,17103,卖盘
498,09:57:13,6.57,0.0,12,7884,卖盘
499,09:57:15,6.58,0.01,5,3290,卖盘
500,09:57:18,6.58,0.0,5,3290,卖盘
501,09:57:24,6.58,0.0,22,14486,卖盘
502,09:57:28,6.58,0.0,2,1316,买盘
503,09:57:31,6.58,0.0,15,9870,买盘
504,09:57:34,6.58,0.0,17,11186,买盘
505,09:57:40,6.58,0.0,7,4611,卖盘
506,09:57:45,6.59,0.01,4,2636,买盘
507,09:57:52,6.59,0.0,86,56670,买盘
508,09:57:55,6.59,0.0,19,12536,卖盘
509,09:57:58,6.6,0.01,12,7920,买盘
510,09:58:04,6.59,-0.01,58,38222,卖盘
511,09:58:06,6.6,0.01,90,59400,买盘
512,09:58:10,6.6,0.0,1,660,买盘
513,09:58:13,6.6,0.0,87,57370,买盘
514,09:58:16,6.6,0.0,33,21780,买盘
515,09:58:19,6.6,0.0,1,660,买盘
516,09:58:22,6.59,-0.01,150,98867,卖盘
517,09:58:24,6.59,0.0,9,5931,买盘
518,09:58:28,6.58,-0.01,28,18442,卖盘
519,09:58:31,6.59,0.01,8,5272,买盘
520,09:58:37,6.58,-0.01,3,1974,卖盘
521,09:58:40,6.59,0.01,162,106758,买盘
522,09:58:42,6.58,-0.01,5,3290,卖盘
523,09:58:45,6.58,0.0,16,10528,卖盘
524,09:58:49,6.58,0.0,5,3290,卖盘
525,09:58:55,6.59,0.01,15,9880,买盘
526,09:58:58,6.59,0.0,11,7249,买盘
527,09:59:00,6.59,0.0,30,19770,买盘
528,09:59:04,6.59,0.0,72,47448,买盘
529,09:59:07,6.59,0.0,5,3295,卖盘
530,09:59:10,6.59,0.0,4,2636,卖盘
531,09:59:12,6.59,0.0,5,3295,卖盘
532,09:59:16,6.6,0.01,6,3955,买盘
533,09:59:19,6.59,-0.01,144,94899,卖盘
534,09:59:22,6.59,0.0,10,6585,买盘
535,09:59:25,6.58,-0.01,48,31617,卖盘
536,09:59:28,6.59,0.01,15,9880,买盘
537,09:59:30,6.58,-0.01,35,23030,卖盘
538,09:59:33,6.58,0.0,192,126337,卖盘
539,09:59:37,6.58,0.0,32,21073,卖盘
540,09:59:40,6.58,0.0,29,19082,卖盘
541,09:59:43,6.58,0.0,38,24972,买盘
542,09:59:46,6.59,0.01,11,7240,买盘
543,09:59:49,6.57,-0.02,13,8541,卖盘
544,09:59:55,6.58,0.01,5,3290,买盘
545,09:59:58,6.58,0.0,126,82908,买盘
546,10:00:01,6.58,0.0,6,3949,卖盘
547,10:00:04,6.58,0.0,13,8554,卖盘
548,10:00:07,6.58,0.0,205,134890,卖盘
549,10:00:10,6.58,0.0,150,98700,卖盘
550,10:00:13,6.58,0.0,372,244776,卖盘
551,10:00:18,6.58,0.0,23,15134,买盘
552,10:00:22,6.58,0.0,25,16450,买盘
553,10:00:28,6.58,0.0,60,39470,买盘
554,10:00:34,6.58,0.0,68,44742,买盘
555,10:00:37,6.58,0.0,7,4606,买盘
556,10:00:40,6.57,-0.01,26,17082,卖盘
557,10:00:46,6.58,0.01,5,3290,买盘
558,10:00:52,6.58,0.0,2,1316,买盘
559,10:00:54,6.57,-0.01,11,7237,卖盘
560,10:00:57,6.58,0.01,56,36807,买盘
561,10:01:01,6.57,-0.01,86,56523,卖盘
562,10:01:06,6.58,0.01,235,154404,买盘
563,10:01:13,6.58,0.0,13,8542,买盘
564,10:01:22,6.58,0.0,24,15792,买盘
565,10:01:31,6.58,0.0,2,1316,买盘
566,10:01:37,6.58,0.0,23,15134,买盘
567,10:01:43,6.57,-0.01,69,45357,卖盘
568,10:01:46,6.57,0.0,1,381,卖盘
569,10:01:49,6.57,0.0,20,13140,卖盘
570,10:01:54,6.58,0.01,100,65800,买盘
571,10:01:58,6.57,-0.01,20,13140,卖盘
572,10:02:04,6.58,0.01,18,11844,买盘
573,10:02:07,6.58,0.0,4,2631,卖盘
574,10:02:10,6.58,0.0,4,2632,买盘
575,10:02:13,6.57,-0.01,55,36135,卖盘
576,10:02:16,6.58,0.01,2,1316,买盘
577,10:02:22,6.57,-0.01,32,21030,卖盘
578,10:02:27,6.57,0.0,3,1972,卖盘
579,10:02:34,6.57,0.0,5,3285,卖盘
580,10:02:37,6.58,0.01,66,43363,买盘
581,10:02:40,6.57,-0.01,21,13797,卖盘
582,10:02:43,6.57,0.0,4,2628,卖盘
583,10:02:46,6.57,0.0,34,22338,卖盘
584,10:02:49,6.57,0.0,12,8160,卖盘
585,10:02:52,6.57,0.0,2,1314,买盘
586,10:02:55,6.57,0.0,5,3285,买盘
587,10:02:58,6.57,0.0,1,657,买盘
588,10:03:04,6.56,-0.01,6,3936,卖盘
589,10:03:07,6.56,0.0,330,216480,卖盘
590,10:03:13,6.55,-0.01,20,13100,卖盘
591,10:03:15,6.56,0.01,37,24259,买盘
592,10:03:19,6.56,0.0,6,3936,买盘
593,10:03:21,6.55,-0.01,61,39955,卖盘
594,10:03:25,6.55,0.0,98,64190,卖盘
595,10:03:28,6.55,0.0,1,655,卖盘
596,10:03:31,6.55,0.0,14,9170,卖盘
597,10:03:33,6.56,0.01,45,29520,买盘
598,10:03:36,6.55,-0.01,43,28165,卖盘
599,10:03:40,6.55,0.0,41,26855,买盘
600,10:03:43,6.54,-0.01,13,8502,卖盘
601,10:03:46,6.55,0.01,44,28777,买盘
602,10:03:49,6.54,-0.01,7,4578,卖盘
603,10:03:52,6.55,0.01,107,70005,买盘
604,10:03:55,6.54,-0.01,8,5232,卖盘
605,10:03:58,6.54,0.0,42,27472,卖盘
606,10:04:00,6.55,0.01,28,18328,买盘
607,10:04:03,6.54,-0.01,116,75876,卖盘
608,10:04:06,6.53,-0.01,4,2612,卖盘
609,10:04:10,6.54,0.01,6,3924,买盘
610,10:04:13,6.54,0.0,86,56244,买盘
611,10:04:16,6.54,0.0,149,97414,买盘
612,10:04:19,6.54,0.0,5,3270,买盘
613,10:04:22,6.53,-0.01,52,33956,卖盘
614,10:04:25,6.53,0.0,13,8494,卖盘
615,10:04:28,6.53,0.0,245,160053,卖盘
616,10:04:30,6.54,0.01,1,654,卖盘
617,10:04:34,6.54,0.0,15,9810,卖盘
618,10:04:37,6.54,0.0,7,4578,卖盘
619,10:04:40,6.54,0.0,113,73902,卖盘
620,10:04:43,6.54,0.0,24,15696,买盘
621,10:04:46,6.54,0.0,20,13080,买盘
622,10:04:49,6.54,0.0,110,71946,买盘
623,10:04:58,6.55,0.01,50,32750,买盘
624,10:05:01,6.54,-0.01,36,23554,卖盘
625,10:05:04,6.55,0.01,9,5895,买盘
626,10:05:07,6.55,0.0,16,10474,买盘
627,10:05:09,6.55,0.0,84,55020,买盘
628,10:05:13,6.55,0.0,178,116550,卖盘
629,10:05:16,6.55,0.0,33,21615,买盘
630,10:05:19,6.55,0.0,41,26855,买盘
631,10:05:22,6.55,0.0,182,119086,卖盘
632,10:05:25,6.55,0.0,48,31440,买盘
633,10:05:28,6.55,0.0,1,655,卖盘
634,10:05:31,6.54,-0.01,93,60876,卖盘
635,10:05:33,6.55,0.01,60,39271,卖盘
636,10:05:37,6.55,0.0,70,45795,买盘
637,10:05:40,6.56,0.01,159,104193,买盘
638,10:05:42,6.55,-0.01,69,45195,卖盘
639,10:05:46,6.55,0.0,55,36025,卖盘
640,10:05:49,6.55,0.0,97,63535,卖盘
641,10:05:52,6.55,0.0,80,52385,买盘
642,10:05:54,6.55,0.0,40,26200,买盘
643,10:05:58,6.55,0.0,6,3930,买盘
644,10:06:04,6.56,0.01,83,54372,买盘
645,10:06:07,6.55,-0.01,136,89080,卖盘
646,10:06:10,6.55,0.0,17,11135,买盘
647,10:06:13,6.55,0.0,9,5895,买盘
648,10:06:16,6.55,0.0,47,30785,买盘
649,10:06:19,6.54,-0.01,391,255724,卖盘
650,10:06:22,6.54,0.0,2,1308,卖盘
651,10:06:25,6.54,0.0,266,174228,卖盘
652,10:06:28,6.54,0.0,124,81096,卖盘
653,10:06:31,6.54,0.0,10,6540,卖盘
654,10:06:37,6.55,0.01,4,2620,买盘
655,10:06:39,6.55,0.0,1,655,买盘
656,10:06:46,6.55,0.0,46,30130,买盘
657,10:06:49,6.55,0.0,15,9825,买盘
658,10:06:55,6.55,0.0,107,70085,买盘
659,10:06:58,6.55,0.0,5,3275,卖盘
660,10:07:01,6.55,0.0,15,9825,卖盘
661,10:07:13,6.55,0.0,3,1965,卖盘
662,10:07:25,6.54,-0.01,229,149923,卖盘
663,10:07:28,6.55,0.01,80,52400,卖盘
664,10:07:37,6.55,0.0,26,17030,买盘
665,10:07:43,6.54,-0.01,143,93522,卖盘
666,10:07:45,6.55,0.01,9,5895,买盘
667,10:07:49,6.54,-0.01,50,32700,卖盘
668,10:07:52,6.54,0.0,53,34662,卖盘
669,10:07:55,6.54,0.0,111,72594,卖盘
670,10:08:04,6.52,-0.02,532,347270,卖盘
671,10:08:09,6.53,0.01,5,3265,买盘
672,10:08:13,6.52,-0.01,62,40424,卖盘
673,10:08:16,6.53,0.01,21,13713,买盘
674,10:08:19,6.52,-0.01,98,63900,卖盘
675,10:08:22,6.52,0.0,3,1956,卖盘
676,10:08:25,6.52,0.0,291,189732,卖盘
677,10:08:27,6.51,-0.01,91,59249,卖盘
678,10:08:30,6.51,0.0,84,54714,卖盘
679,10:08:37,6.51,0.0,447,291007,卖盘
680,10:08:40,6.51,0.0,35,22780,买盘
681,10:08:43,6.51,0.0,306,198907,买盘
682,10:08:46,6.51,0.0,113,73460,买盘
683,10:08:49,6.51,0.0,216,140430,买盘
684,10:08:51,6.51,0.0,138,89818,买盘
685,10:08:54,6.51,0.0,10,6510,买盘
686,10:08:57,6.51,0.0,90,58540,买盘
687,10:09:00,6.5,-0.01,1119,727442,卖盘
688,10:09:04,6.51,0.01,61,39666,买盘
689,10:09:06,6.5,-0.01,41,26671,卖盘
690,10:09:10,6.49,-0.01,112,72742,卖盘
691,10:09:13,6.5,0.01,189,122697,买盘
692,10:09:16,6.49,-0.01,78,50553,买盘
693,10:09:18,6.48,-0.01,76,49304,卖盘
694,10:09:22,6.48,0.0,178,115425,卖盘
695,10:09:25,6.48,0.0,61,39523,买盘
696,10:09:28,6.47,-0.01,21,13587,卖盘
697,10:09:31,6.47,0.0,64,41417,卖盘
698,10:09:34,6.46,-0.01,355,229428,卖盘
699,10:09:37,6.47,0.01,57,36869,买盘
700,10:09:39,6.47,0.0,128,82714,买盘
701,10:09:42,6.46,-0.01,90,58141,卖盘
702,10:09:46,6.46,0.0,51,32941,买盘
703,10:09:49,6.46,0.0,94,60724,买盘
704,10:09:52,6.47,0.01,16,10345,买盘
705,10:09:55,6.48,0.01,568,367600,买盘
706,10:09:58,6.48,0.0,52,33698,卖盘
707,10:10:01,6.5,0.02,100,64923,买盘
708,10:10:04,6.49,-0.01,80,51884,中性盘
709,10:10:10,6.48,-0.01,287,186321,卖盘
710,10:10:16,6.5,0.02,232,150710,买盘
711,10:10:19,6.48,-0.02,6,3898,卖盘
712,10:10:22,6.5,0.02,64,41600,买盘
713,10:10:25,6.5,0.0,90,58500,买盘
714,10:10:28,6.5,0.0,182,118300,买盘
715,10:10:30,6.5,0.0,111,72150,买盘
716,10:10:33,6.49,-0.01,276,179235,卖盘
717,10:10:36,6.5,0.01,232,150778,买盘
718,10:10:40,6.5,0.0,40,25995,买盘
719,10:10:42,6.49,-0.01,28,18179,卖盘
720,10:10:46,6.5,0.01,84,54598,买盘
721,10:10:48,6.49,-0.01,143,92831,卖盘
722,10:10:51,6.49,0.0,15,9735,买盘
723,10:10:55,6.48,-0.01,32,20767,卖盘
724,10:10:58,6.49,0.01,15,9735,买盘
725,10:11:01,6.49,0.0,121,78461,买盘
726,10:11:04,6.49,0.0,21,13629,买盘
727,10:11:06,6.49,0.0,96,62281,买盘
728,10:11:09,6.48,-0.01,472,306059,卖盘
729,10:11:13,6.49,0.01,61,39589,中性盘
730,10:11:16,6.49,0.0,67,43501,卖盘
731,10:11:19,6.48,-0.01,44,28519,卖盘
732,10:11:22,6.49,0.01,6,3894,买盘
733,10:11:24,6.49,0.0,58,37642,买盘
734,10:11:28,6.49,0.0,85,55166,卖盘
735,10:11:31,6.48,-0.01,46,29852,卖盘
736,10:11:34,6.48,0.0,24,15569,卖盘
737,10:11:37,6.48,0.0,10,6480,卖盘
738,10:11:43,6.49,0.01,138,89491,卖盘
739,10:11:46,6.49,0.0,97,62973,卖盘
740,10:11:52,6.48,-0.01,11,7128,卖盘
741,10:11:58,6.49,0.01,102,66198,买盘
742,10:12:00,6.49,0.0,38,24657,买盘
743,10:12:03,6.49,0.0,42,27258,买盘
744,10:12:07,6.49,0.0,16,10382,买盘
745,10:12:10,6.49,0.0,39,25301,买盘
746,10:12:13,6.49,0.0,23,14927,买盘
747,10:12:16,6.48,-0.01,41,26584,卖盘
748,10:12:19,6.49,0.01,69,44781,买盘
749,10:12:21,6.49,0.0,22,14278,买盘
750,10:12:25,6.49,0.0,30,19470,买盘
751,10:12:28,6.49,0.0,70,45430,买盘
752,10:12:31,6.5,0.01,247,160449,买盘
753,10:12:34,6.49,-0.01,73,47440,卖盘
754,10:12:37,6.49,0.0,112,72753,卖盘
755,10:12:42,6.49,0.0,24,15576,卖盘
756,10:12:46,6.49,0.0,18,11682,卖盘
757,10:12:49,6.49,0.0,14,9092,卖盘
758,10:12:52,6.5,0.01,207,134349,买盘
759,10:12:55,6.49,-0.01,20,12980,卖盘
760,10:13:01,6.49,0.0,2,1298,卖盘
761,10:13:04,6.49,0.0,218,141482,卖盘
762,10:13:07,6.49,0.0,20,12980,买盘
763,10:13:10,6.49,0.0,3,1947,买盘
764,10:13:12,6.49,0.0,38,24662,买盘
765,10:13:15,6.49,0.0,70,45430,买盘
766,10:13:18,6.49,0.0,12,7788,买盘
767,10:13:22,6.48,-0.01,55,35648,卖盘
768,10:13:28,6.48,0.0,99,64223,卖盘
769,10:13:31,6.48,0.0,131,84989,卖盘
770,10:13:36,6.49,0.01,20,12980,买盘
771,10:13:43,6.49,0.0,31,20119,卖盘
772,10:13:46,6.49,0.0,24,15576,买盘
773,10:13:49,6.49,0.0,57,36993,卖盘
774,10:13:52,6.49,0.0,29,18821,卖盘
775,10:13:55,6.49,0.0,16,10384,卖盘
776,10:13:57,6.49,0.0,4,2596,卖盘
777,10:14:00,6.49,0.0,3,1947,卖盘
778,10:14:06,6.49,0.0,159,103331,卖盘
779,10:14:10,6.49,0.0,68,44133,卖盘
780,10:14:16,6.5,0.01,93,60435,买盘
781,10:14:22,6.5,0.0,9,5850,买盘
782,10:14:25,6.49,-0.01,17,11045,卖盘
783,10:14:31,6.5,0.01,31,20150,买盘
784,10:14:34,6.49,-0.01,6,3895,卖盘
785,10:14:37,6.49,0.0,22,14290,卖盘
786,10:14:39,6.49,0.0,25,16246,卖盘
787,10:14:43,6.49,0.0,108,70186,卖盘
788,10:14:46,6.5,0.01,16,10395,买盘
789,10:14:49,6.5,0.0,120,77999,买盘
790,10:14:54,6.48,-0.02,476,308914,卖盘
791,10:14:58,6.51,0.03,20,13020,买盘
792,10:15:01,6.5,-0.01,63,40949,买盘
793,10:15:04,6.5,0.0,3,1950,卖盘
794,10:15:16,6.5,0.0,49,31850,卖盘
795,10:15:22,6.5,0.0,3,1950,买盘
796,10:15:28,6.5,0.0,10,6500,买盘
797,10:15:30,6.5,0.0,26,16900,买盘
798,10:15:33,6.5,0.0,9,5850,买盘
799,10:15:36,6.5,0.0,39,25350,买盘
800,10:15:42,6.49,-0.01,30,19497,卖盘
801,10:15:48,6.5,0.01,7,4550,买盘
802,10:15:51,6.49,-0.01,7,4543,卖盘
803,10:15:57,6.49,0.0,46,29864,卖盘
804,10:16:00,6.5,0.01,38,24686,买盘
805,10:16:04,6.49,-0.01,21,13629,卖盘
806,10:16:07,6.5,0.01,127,82424,买盘
807,10:16:10,6.49,-0.01,54,35049,卖盘
808,10:16:13,6.49,0.0,7,4543,卖盘
809,10:16:16,6.5,0.01,68,44200,买盘
810,10:16:22,6.5,0.0,7,4549,买盘
811,10:16:37,6.49,-0.01,7,4545,卖盘
812,10:16:40,6.49,0.0,75,48683,卖盘
813,10:16:43,6.49,0.0,4,2596,卖盘
814,10:16:48,6.49,0.0,26,16874,卖盘
815,10:16:55,6.49,0.0,8,5192,卖盘
816,10:16:58,6.5,0.01,44,28559,买盘
817,10:17:01,6.5,0.0,19,12335,买盘
818,10:17:04,6.49,-0.01,57,37043,卖盘
819,10:17:07,6.5,0.01,16,10388,买盘
820,10:17:10,6.5,0.0,6,3900,买盘
821,10:17:13,6.5,0.0,1,650,买盘
822,10:17:15,6.5,0.0,198,128700,买盘
823,10:17:18,6.49,-0.01,34,22095,卖盘
824,10:17:22,6.5,0.01,90,58428,卖盘
825,10:17:28,6.5,0.0,6,3900,卖盘
826,10:17:31,6.5,0.0,5,3250,卖盘
827,10:17:33,6.5,0.0,26,16903,卖盘
828,10:17:36,6.5,0.0,15,9750,卖盘
829,10:17:39,6.51,0.01,16,10410,买盘
830,10:17:43,6.51,0.0,64,41664,买盘
831,10:17:45,6.5,-0.01,44,28636,卖盘
832,10:17:52,6.51,0.01,23,14993,卖盘
833,10:17:55,6.52,0.01,54,35204,买盘
834,10:17:58,6.52,0.0,5,3260,买盘
835,10:18:01,6.51,-0.01,9,5859,卖盘
836,10:18:04,6.52,0.01,14,9115,买盘
837,10:18:09,6.51,-0.01,21,13683,卖盘
838,10:18:13,6.51,0.0,9,5859,卖盘
839,10:18:19,6.51,0.0,22,14322,卖盘
840,10:18:28,6.51,0.0,47,30597,卖盘
841,10:18:31,6.51,0.0,2,1302,卖盘
842,10:18:34,6.51,0.0,16,10415,卖盘
843,10:18:37,6.51,0.0,30,19530,买盘
844,10:18:39,6.51,0.0,2,1302,买盘
845,10:18:43,6.5,-0.01,60,39000,卖盘
846,10:18:46,6.51,0.01,10,6510,买盘
847,10:18:49,6.5,-0.01,133,86530,卖盘
848,10:18:52,6.51,0.01,6,3906,中性盘
849,10:18:55,6.51,0.0,4,2604,买盘
850,10:18:57,6.51,0.0,41,26691,卖盘
851,10:19:04,6.51,0.0,26,16926,卖盘
852,10:19:07,6.52,0.01,58,37777,买盘
853,10:19:10,6.52,0.0,5,3260,买盘
854,10:19:12,6.5,-0.02,45,29273,卖盘
855,10:19:18,6.51,0.01,10,6510,买盘
856,10:19:22,6.51,0.0,14,9114,买盘
857,10:19:25,6.51,0.0,451,293311,买盘
858,10:19:28,6.51,0.0,8,5208,卖盘
859,10:19:31,6.51,0.0,12,8092,卖盘
860,10:19:34,6.51,0.0,4,2324,买盘
861,10:19:39,6.52,0.01,1,652,买盘
862,10:19:46,6.52,0.0,1,652,买盘
863,10:19:49,6.51,-0.01,11,7161,卖盘
864,10:19:51,6.52,0.01,9,5868,买盘
865,10:19:57,6.52,0.0,1,652,买盘
866,10:20:00,6.51,-0.01,66,43246,卖盘
867,10:20:04,6.51,0.0,3,1953,买盘
868,10:20:10,6.51,0.0,5,3255,买盘
869,10:20:19,6.51,0.0,102,66400,买盘
870,10:20:22,6.5,-0.01,2,1300,卖盘
871,10:20:31,6.5,0.0,482,313343,卖盘
872,10:20:34,6.5,0.0,35,22750,买盘
873,10:20:37,6.49,-0.01,3,1947,卖盘
874,10:20:40,6.5,0.01,35,22750,买盘
875,10:20:43,6.49,-0.01,74,48088,卖盘
876,10:20:46,6.49,0.0,1,649,卖盘
877,10:20:55,6.5,0.01,96,62385,买盘
878,10:21:01,6.5,0.0,14,9100,卖盘
879,10:21:04,6.5,0.0,7,4550,卖盘
880,10:21:12,6.5,0.0,14,9110,卖盘
881,10:21:16,6.5,0.0,13,8450,卖盘
882,10:21:22,6.5,0.0,5,3250,买盘
883,10:21:31,6.5,0.0,7,4545,买盘
884,10:21:34,6.5,0.0,71,46094,买盘
885,10:21:40,6.5,0.0,191,124024,买盘
886,10:21:46,6.5,0.0,210,136500,买盘
887,10:21:52,6.5,0.0,40,26000,买盘
888,10:21:55,6.49,-0.01,10,6490,卖盘
889,10:21:58,6.5,0.01,10,6500,买盘
890,10:22:00,6.5,0.0,347,225294,买盘
891,10:22:04,6.5,0.0,44,28600,卖盘
892,10:22:10,6.5,0.0,17,11050,卖盘
893,10:22:16,6.5,0.0,6,3900,卖盘
894,10:22:21,6.5,0.0,20,13000,卖盘
895,10:22:31,6.5,0.0,17,11050,买盘
896,10:22:37,6.51,0.01,10,6510,买盘
897,10:22:40,6.5,-0.01,56,36400,卖盘
898,10:22:49,6.5,0.0,2,1300,卖盘
899,10:22:54,6.5,0.0,14,9100,卖盘
900,10:22:58,6.51,0.01,4,2604,买盘
901,10:23:01,6.51,0.0,100,65100,买盘
902,10:23:04,6.5,-0.01,73,47450,卖盘
903,10:23:13,6.5,0.0,38,24700,买盘
904,10:23:16,6.49,-0.01,174,112926,卖盘
905,10:23:19,6.49,0.0,61,39589,买盘
906,10:23:21,6.48,-0.01,32,20736,卖盘
907,10:23:24,6.48,0.0,422,273456,卖盘
908,10:23:28,6.48,0.0,11,7128,卖盘
909,10:23:30,6.48,0.0,30,19440,买盘
910,10:23:34,6.47,-0.01,206,133286,卖盘
911,10:23:37,6.47,0.0,57,36882,卖盘
912,10:23:40,6.47,0.0,1,647,买盘
913,10:23:43,6.46,-0.01,302,195117,卖盘
914,10:23:48,6.47,0.01,15,9698,买盘
915,10:23:51,6.47,0.0,2,1294,买盘
916,10:23:55,6.46,-0.01,96,62016,卖盘
917,10:23:58,6.47,0.01,126,81473,买盘
918,10:24:01,6.47,0.0,37,23939,买盘
919,10:24:04,6.47,0.0,33,21351,卖盘
920,10:24:07,6.46,-0.01,125,80785,卖盘
921,10:24:10,6.47,0.01,109,70519,买盘
922,10:24:12,6.46,-0.01,101,65252,卖盘
923,10:24:16,6.47,0.01,127,82110,卖盘
924,10:24:19,6.46,-0.01,52,33600,卖盘
925,10:24:21,6.46,0.0,43,27778,买盘
926,10:24:25,6.47,0.01,20,12940,买盘
927,10:24:28,6.45,-0.02,61,39392,卖盘
928,10:24:31,6.46,0.01,22,14212,卖盘
929,10:24:34,6.46,0.0,2,1292,卖盘
930,10:24:37,6.47,0.01,197,127258,买盘
931,10:24:40,6.47,0.0,47,30409,卖盘
932,10:24:43,6.47,0.0,1,647,卖盘
933,10:24:46,6.48,0.01,66,42759,买盘
934,10:24:48,6.48,0.0,35,22680,卖盘
935,10:24:51,6.49,0.01,202,130924,买盘
936,10:24:55,6.48,-0.01,8,5184,卖盘
937,10:24:57,6.49,0.01,15,9735,买盘
938,10:25:01,6.48,-0.01,51,33050,卖盘
939,10:25:04,6.49,0.01,62,40238,买盘
940,10:25:07,6.49,0.0,5,3245,卖盘
941,10:25:12,6.49,0.0,133,86317,卖盘
942,10:25:16,6.5,0.01,142,92198,买盘
943,10:25:19,6.5,0.0,30,19500,买盘
944,10:25:22,6.49,-0.01,140,90860,中性盘
945,10:25:25,6.5,0.01,7,4550,买盘
946,10:25:31,6.5,0.0,7,4550,买盘
947,10:25:36,6.49,-0.01,40,25960,卖盘
948,10:25:40,6.49,0.0,47,30503,卖盘
949,10:25:43,6.5,0.01,10,6500,买盘
950,10:25:48,6.5,0.0,58,37648,买盘
951,10:25:54,6.5,0.0,50,32500,买盘
952,10:25:58,6.49,-0.01,50,32450,卖盘
953,10:26:01,6.49,0.0,41,26609,买盘
954,10:26:04,6.5,0.01,403,261920,买盘
955,10:26:10,6.49,-0.01,79,51271,卖盘
956,10:26:13,6.49,0.0,10,6490,买盘
957,10:26:15,6.48,-0.01,87,56445,卖盘
958,10:26:18,6.49,0.01,7,4543,买盘
959,10:26:21,6.48,-0.01,104,67392,卖盘
960,10:26:25,6.49,0.01,20,12980,买盘
961,10:26:28,6.48,-0.01,35,22699,卖盘
962,10:26:31,6.48,0.0,16,10368,卖盘
963,10:26:34,6.48,0.0,137,88826,卖盘
964,10:26:37,6.48,0.0,26,16848,买盘
965,10:26:40,6.48,0.0,91,58968,买盘
966,10:26:46,6.48,0.0,8,5184,买盘
967,10:26:48,6.47,-0.01,35,22677,卖盘
968,10:26:51,6.48,0.01,25,16200,买盘
969,10:26:54,6.48,0.0,10,6480,买盘
970,10:27:01,6.48,0.0,493,319193,买盘
971,10:27:04,6.48,0.0,6,3887,买盘
972,10:27:07,6.46,-0.02,405,261630,卖盘
973,10:27:09,6.45,-0.01,147,94932,卖盘
974,10:27:13,6.46,0.01,20,12920,买盘
975,10:27:16,6.45,-0.01,464,299280,卖盘
976,10:27:19,6.45,0.0,54,34830,卖盘
977,10:27:22,6.45,0.0,245,158033,卖盘
978,10:27:25,6.45,0.0,142,91502,买盘
979,10:27:28,6.44,-0.01,179,115285,卖盘
980,10:27:31,6.43,-0.01,358,230132,卖盘
981,10:27:34,6.43,0.0,31,19933,买盘
982,10:27:37,6.42,-0.01,60,38529,卖盘
983,10:27:40,6.43,0.01,92,59128,卖盘
984,10:27:43,6.43,0.0,245,157484,卖盘
985,10:27:46,6.42,-0.01,105,67420,卖盘
986,10:27:48,6.41,-0.01,64,41087,卖盘
987,10:27:52,6.42,0.01,61,39162,买盘
988,10:27:55,6.41,-0.01,832,533324,卖盘
989,10:27:58,6.41,0.0,78,49998,买盘
990,10:28:01,6.41,0.0,251,160798,买盘
991,10:28:04,6.4,-0.01,541,346249,卖盘
992,10:28:06,6.41,0.01,49,31409,买盘
993,10:28:10,6.41,0.0,107,68357,买盘
994,10:28:13,6.41,0.0,138,88458,卖盘
995,10:28:16,6.42,0.01,95,60990,买盘
996,10:28:19,6.42,0.0,21,13482,卖盘
997,10:28:22,6.43,0.01,16,10288,买盘
998,10:28:24,6.43,0.0,10,6430,卖盘
999,10:28:27,6.44,0.01,103,66332,买盘
1000,10:28:30,6.43,-0.01,35,22532,卖盘
1001,10:28:33,6.44,0.01,118,75992,卖盘
1002,10:28:37,6.45,0.01,280,180581,买盘
1003,10:28:40,6.45,0.0,13,8385,买盘
1004,10:28:42,6.44,-0.01,117,75380,卖盘
1005,10:28:46,6.45,0.01,36,23220,买盘
1006,10:28:52,6.44,-0.01,127,81888,卖盘
1007,10:28:55,6.45,0.01,171,110295,买盘
1008,10:28:58,6.45,0.0,32,20640,卖盘
1009,10:29:01,6.45,0.0,19,12255,卖盘
1010,10:29:04,6.45,0.0,158,102012,卖盘
1011,10:29:07,6.45,0.0,144,92880,卖盘
1012,10:29:09,6.45,0.0,283,182659,卖盘
1013,10:29:12,6.45,0.0,133,85871,卖盘
1014,10:29:16,6.45,0.0,554,357829,卖盘
1015,10:29:19,6.45,0.0,26,16770,买盘
1016,10:29:22,6.45,0.0,205,132225,买盘
1017,10:29:24,6.45,0.0,213,137385,买盘
1018,10:29:27,6.45,0.0,193,124485,买盘
1019,10:29:31,6.45,0.0,20,12900,卖盘
1020,10:29:34,6.45,0.0,12,7740,卖盘
1021,10:29:37,6.45,0.0,139,89743,卖盘
1022,10:29:40,6.47,0.02,11,7117,卖盘
1023,10:29:46,6.48,0.01,17,11016,买盘
1024,10:29:49,6.48,0.0,81,52469,买盘
1025,10:29:52,6.45,-0.03,208,134268,卖盘
1026,10:29:55,6.49,0.04,29,18769,买盘
1027,10:30:04,6.46,-0.03,24,15519,卖盘
1028,10:30:06,6.47,0.01,69,44643,中性盘
1029,10:30:09,6.46,-0.01,57,36839,卖盘
1030,10:30:13,6.46,0.0,5,3230,买盘
1031,10:30:16,6.46,0.0,20,12920,买盘
1032,10:30:18,6.46,0.0,98,63308,买盘
1033,10:30:21,6.45,-0.01,47,30315,卖盘
1034,10:30:25,6.45,0.0,4,2580,卖盘
1035,10:30:28,6.45,0.0,60,38700,卖盘
1036,10:30:31,6.46,0.01,43,27748,买盘
1037,10:30:34,6.46,0.0,11,7096,买盘
1038,10:30:37,6.46,0.0,23,14858,买盘
1039,10:30:40,6.46,0.0,155,100062,买盘
1040,10:30:43,6.46,0.0,82,52972,买盘
1041,10:30:46,6.46,0.0,59,38114,买盘
1042,10:30:49,6.46,0.0,122,79135,买盘
1043,10:31:01,6.47,0.01,27,17469,买盘
1044,10:31:10,6.47,0.0,32,20714,卖盘
1045,10:31:16,6.48,0.01,77,49889,买盘
1046,10:31:19,6.48,0.0,1,648,买盘
1047,10:31:24,6.48,0.0,89,57672,买盘
1048,10:31:28,6.49,0.01,55,35652,买盘
1049,10:31:31,6.48,-0.01,13,8424,卖盘
1050,10:31:34,6.49,0.01,21,13616,买盘
1051,10:31:37,6.48,-0.01,37,23990,中性盘
1052,10:31:46,6.48,0.0,58,37584,卖盘
1053,10:31:52,6.49,0.01,52,33748,买盘
1054,10:31:55,6.49,0.0,7,4543,买盘
1055,10:31:58,6.48,-0.01,24,15561,卖盘
1056,10:32:01,6.49,0.01,22,14278,买盘
1057,10:32:04,6.48,-0.01,1,648,卖盘
1058,10:32:06,6.49,0.01,77,49973,买盘
1059,10:32:19,6.49,0.0,14,9073,买盘
1060,10:32:24,6.49,0.0,29,18821,买盘
1061,10:32:27,6.49,0.0,21,13629,买盘
1062,10:32:31,6.48,-0.01,151,97849,卖盘
1063,10:32:37,6.49,0.01,75,48675,买盘
1064,10:32:40,6.49,0.0,46,29813,买盘
1065,10:32:42,6.48,-0.01,5,3240,卖盘
1066,10:32:45,6.48,0.0,36,23335,卖盘
1067,10:32:49,6.48,0.0,15,9720,卖盘
1068,10:32:51,6.5,0.02,858,557537,买盘
1069,10:32:55,6.5,0.0,40,26000,卖盘
1070,10:33:07,6.51,0.01,59,38095,买盘
1071,10:33:12,6.5,-0.01,57,37071,卖盘
1072,10:33:18,6.51,0.01,30,19530,买盘
1073,10:33:22,6.5,-0.01,233,151800,卖盘
1074,10:33:25,6.49,-0.01,60,38940,卖盘
1075,10:33:28,6.51,0.02,102,65970,买盘
1076,10:33:33,6.5,-0.01,30,19500,卖盘
1077,10:33:37,6.51,0.01,25,16275,买盘
1078,10:33:40,6.5,-0.01,39,25350,卖盘
1079,10:33:43,6.5,0.0,64,41602,卖盘
1080,10:33:46,6.5,0.0,37,24360,卖盘
1081,10:33:49,6.5,0.0,4,2600,买盘
1082,10:33:55,6.5,0.0,10,6500,买盘
1083,10:33:58,6.5,0.0,40,25989,买盘
1084,10:34:04,6.5,0.0,7,4550,买盘
1085,10:34:10,6.5,0.0,4,2600,买盘
1086,10:34:13,6.49,-0.01,11,7139,卖盘
1087,10:34:19,6.5,0.01,10,6500,买盘
1088,10:34:22,6.49,-0.01,14,9086,卖盘
1089,10:34:25,6.49,0.0,20,12980,卖盘
1090,10:34:27,6.5,0.01,22,14300,买盘
1091,10:34:33,6.5,0.0,33,21450,买盘
1092,10:34:37,6.49,-0.01,50,32450,卖盘
1093,10:34:46,6.5,0.01,1,650,买盘
1094,10:34:49,6.49,-0.01,6,3894,卖盘
1095,10:34:54,6.5,0.01,154,99820,买盘
1096,10:34:57,6.5,0.0,51,33150,卖盘
1097,10:35:00,6.49,-0.01,243,157779,卖盘
1098,10:35:04,6.5,0.01,5,3250,买盘
1099,10:35:10,6.5,0.0,20,13000,买盘
1100,10:35:19,6.49,-0.01,266,173024,卖盘
1101,10:35:25,6.49,0.0,10,6490,买盘
1102,10:35:28,6.49,0.0,55,35416,买盘
1103,10:35:31,6.49,0.0,14,9365,卖盘
1104,10:35:33,6.48,-0.01,41,26568,卖盘
1105,10:35:43,6.48,0.0,13,8434,卖盘
1106,10:35:49,6.48,0.0,20,12960,卖盘
1107,10:35:54,6.49,0.01,22,14278,买盘
1108,10:36:04,6.49,0.0,37,24005,买盘
1109,10:36:07,6.49,0.0,14,8807,买盘
1110,10:36:10,6.49,0.0,14,9086,卖盘
1111,10:36:12,6.49,0.0,52,34027,卖盘
1112,10:36:30,6.5,0.01,304,197543,买盘
1113,10:36:40,6.49,-0.01,6,3894,买盘
1114,10:36:55,6.5,0.01,200,129927,买盘
1115,10:37:01,6.49,-0.01,10,6490,卖盘
1116,10:37:07,6.49,0.0,4,2596,卖盘
1117,10:37:13,6.49,0.0,2,1298,买盘
1118,10:37:16,6.49,0.0,3,1947,买盘
1119,10:37:19,6.49,0.0,10,6490,买盘
1120,10:37:25,6.49,0.0,51,33099,买盘
1121,10:37:28,6.48,-0.01,1,648,卖盘
1122,10:37:31,6.49,0.01,16,10384,买盘
1123,10:37:40,6.49,0.0,12,7778,买盘
1124,10:37:46,6.49,0.0,4,2596,买盘
1125,10:37:52,6.48,-0.01,81,52488,卖盘
1126,10:37:55,6.48,0.0,30,19440,卖盘
1127,10:37:58,6.48,0.0,22,14256,卖盘
1128,10:38:01,6.48,0.0,19,12312,卖盘
1129,10:38:04,6.48,0.0,2,1296,卖盘
1130,10:38:07,6.48,0.0,32,20736,卖盘
1131,10:38:10,6.48,0.0,20,12960,卖盘
1132,10:38:22,6.48,0.0,3,1944,卖盘
1133,10:38:25,6.48,0.0,116,75171,卖盘
1134,10:38:28,6.48,0.0,14,9072,卖盘
1135,10:38:34,6.48,0.0,15,9720,卖盘
1136,10:38:37,6.48,0.0,1,648,卖盘
1137,10:38:40,6.49,0.01,4,2596,买盘
1138,10:38:42,6.48,-0.01,7,4536,卖盘
1139,10:38:58,6.47,-0.01,1,647,卖盘
1140,10:39:04,6.47,0.0,20,12940,卖盘
1141,10:39:06,6.47,0.0,286,184757,卖盘
1142,10:39:09,6.47,0.0,19,12293,卖盘
1143,10:39:13,6.47,0.0,54,35307,卖盘
1144,10:39:16,6.47,0.0,51,32998,卖盘
1145,10:39:19,6.47,0.0,15,9705,卖盘
1146,10:39:21,6.47,0.0,8,5176,卖盘
1147,10:39:24,6.48,0.01,77,49896,买盘
1148,10:39:28,6.48,0.0,12,7776,买盘
1149,10:39:31,6.47,-0.01,9,5826,卖盘
1150,10:39:37,6.48,0.01,2,1296,卖盘
1151,10:39:39,6.47,-0.01,1,647,卖盘
1152,10:39:52,6.47,0.0,10,6470,卖盘
1153,10:39:55,6.48,0.01,146,94558,买盘
1154,10:39:58,6.47,-0.01,4,2590,卖盘
1155,10:40:04,6.48,0.01,5,3240,买盘
1156,10:40:10,6.48,0.0,1,648,买盘
1157,10:40:13,6.47,-0.01,7,4529,卖盘
1158,10:40:18,6.47,0.0,20,12940,卖盘
1159,10:40:34,6.48,0.01,1,648,买盘
1160,10:40:37,6.47,-0.01,27,17469,卖盘
1161,10:40:40,6.47,0.0,161,104083,卖盘
1162,10:40:43,6.47,0.0,10,6554,买盘
1163,10:40:45,6.47,0.0,4,2588,卖盘
1164,10:40:51,6.48,0.01,88,56861,买盘
1165,10:40:57,6.48,0.0,31,20088,买盘
1166,10:41:01,6.47,-0.01,1,647,卖盘
1167,10:41:04,6.47,0.0,31,20161,卖盘
1168,10:41:10,6.48,0.01,6,3888,卖盘
1169,10:41:15,6.47,-0.01,7,4533,卖盘
1170,10:41:27,6.47,0.0,9,5823,卖盘
1171,10:41:30,6.47,0.0,36,23292,卖盘
1172,10:41:34,6.47,0.0,23,14881,卖盘
1173,10:41:37,6.47,0.0,11,7117,卖盘
1174,10:41:39,6.47,0.0,1,563,买盘
1175,10:41:45,6.47,0.0,31,20057,买盘
1176,10:41:48,6.47,0.0,49,31703,买盘
1177,10:41:54,6.47,0.0,8,5175,买盘
1178,10:42:04,6.47,0.0,5,3235,买盘
1179,10:42:15,6.47,0.0,42,27258,买盘
1180,10:42:18,6.46,-0.01,106,68421,卖盘
1181,10:42:22,6.46,0.0,9,5814,卖盘
1182,10:42:28,6.47,0.01,9,5823,买盘
1183,10:42:31,6.46,-0.01,22,14212,卖盘
1184,10:42:33,6.46,0.0,23,14858,卖盘
1185,10:42:40,6.47,0.01,10,6470,买盘
1186,10:42:43,6.46,-0.01,30,19385,卖盘
1187,10:42:46,6.46,0.0,20,12920,卖盘
1188,10:42:58,6.47,0.01,6,3882,买盘
1189,10:43:00,6.47,0.0,30,19410,买盘
1190,10:43:03,6.46,-0.01,164,105621,卖盘
1191,10:43:10,6.45,-0.01,18,11610,卖盘
1192,10:43:13,6.45,0.0,14,9030,卖盘
1193,10:43:16,6.45,0.0,3,1935,卖盘
1194,10:43:25,6.46,0.01,15,9690,买盘
1195,10:43:28,6.45,-0.01,5,3225,卖盘
1196,10:43:31,6.46,0.01,14,9044,买盘
1197,10:43:34,6.45,-0.01,21,13545,卖盘
1198,10:43:37,6.45,0.0,50,32250,卖盘
1199,10:43:40,6.45,0.0,28,18060,卖盘
1200,10:43:42,6.45,0.0,7,4515,卖盘
1201,10:43:45,6.45,0.0,4,2580,卖盘
1202,10:43:48,6.46,0.01,57,36772,买盘
1203,10:43:52,6.46,0.0,177,114665,买盘
1204,10:43:54,6.46,0.0,1,646,卖盘
1205,10:43:58,6.46,0.0,76,49096,卖盘
1206,10:44:01,6.46,0.0,40,25840,卖盘
1207,10:44:04,6.46,0.0,10,6460,卖盘
1208,10:44:10,6.46,0.0,21,13566,卖盘
1209,10:44:12,6.46,0.0,33,21318,卖盘
1210,10:44:16,6.46,0.0,57,36499,卖盘
1211,10:44:18,6.45,-0.01,7,4521,卖盘
1212,10:44:24,6.46,0.01,10,6460,买盘
1213,10:44:27,6.44,-0.02,328,211549,卖盘
1214,10:44:31,6.44,0.0,14,9016,卖盘
1215,10:44:37,6.46,0.02,83,53573,买盘
1216,10:44:40,6.45,-0.01,16,10320,中性盘
1217,10:44:43,6.44,-0.01,133,85723,卖盘
1218,10:44:46,6.46,0.02,3,1938,买盘
1219,10:44:49,6.44,-0.02,3,1932,卖盘
1220,10:44:58,6.45,0.01,8,5153,买盘
1221,10:45:04,6.44,-0.01,22,14186,卖盘
1222,10:45:07,6.44,0.0,7,4508,卖盘
1223,10:45:10,6.45,0.01,28,18060,买盘
1224,10:45:12,6.44,-0.01,31,19964,卖盘
1225,10:45:16,6.44,0.0,10,6440,卖盘
1226,10:45:18,6.45,0.01,6,3870,买盘
1227,10:45:21,6.45,0.0,30,19350,买盘
1228,10:45:24,6.45,0.0,23,14816,买盘
1229,10:45:27,6.45,0.0,22,14170,买盘
1230,10:45:31,6.44,-0.01,125,80515,卖盘
1231,10:45:43,6.45,0.01,20,12900,买盘
1232,10:45:46,6.44,-0.01,85,54740,卖盘
1233,10:45:51,6.44,0.0,54,34806,卖盘
1234,10:45:54,6.44,0.0,18,11592,卖盘
1235,10:45:58,6.44,0.0,17,10948,卖盘
1236,10:46:00,6.45,0.01,4,2580,买盘
1237,10:46:07,6.45,0.0,47,30315,买盘
1238,10:46:09,6.44,-0.01,89,57317,卖盘
1239,10:46:16,6.44,0.0,202,130089,卖盘
1240,10:46:18,6.44,0.0,26,16764,卖盘
1241,10:46:21,6.44,0.0,25,16100,卖盘
1242,10:46:24,6.45,0.01,18,11602,买盘
1243,10:46:31,6.44,-0.01,8,5152,卖盘
1244,10:46:37,6.45,0.01,33,21255,买盘
1245,10:46:43,6.45,0.0,70,45150,买盘
1246,10:46:46,6.44,-0.01,26,16745,卖盘
1247,10:46:51,6.44,0.0,17,10948,卖盘
1248,10:46:54,6.45,0.01,3,1935,买盘
1249,10:46:57,6.45,0.0,7,4515,卖盘
1250,10:47:04,6.45,0.0,6,3870,卖盘
1251,10:47:09,6.45,0.0,24,15490,卖盘
1252,10:47:25,6.45,0.0,15,9675,卖盘
1253,10:47:28,6.45,0.0,3,1935,卖盘
1254,10:47:30,6.45,0.0,75,48375,卖盘
1255,10:47:36,6.45,0.0,49,31605,买盘
1256,10:47:51,6.44,-0.01,18,11602,卖盘
1257,10:47:57,6.45,0.01,3,1935,买盘
1258,10:48:10,6.45,0.0,7,4515,买盘
1259,10:48:12,6.45,0.0,20,12900,买盘
1260,10:48:15,6.44,-0.01,60,38695,卖盘
1261,10:48:21,6.44,0.0,37,23828,卖盘
1262,10:48:30,6.44,0.0,52,33539,卖盘
1263,10:48:33,6.44,0.0,29,18676,卖盘
1264,10:48:36,6.45,0.01,25,16125,买盘
1265,10:48:39,6.44,-0.01,200,128800,卖盘
1266,10:48:42,6.44,0.0,43,27717,卖盘
1267,10:48:48,6.44,0.0,11,7084,卖盘
1268,10:49:00,6.44,0.0,11,7084,卖盘
1269,10:49:04,6.44,0.0,1,644,卖盘
1270,10:49:06,6.44,0.0,49,31556,卖盘
1271,10:49:13,6.44,0.0,39,25142,卖盘
1272,10:49:16,6.44,0.0,10,6440,卖盘
1273,10:49:19,6.44,0.0,32,20608,卖盘
1274,10:49:25,6.44,0.0,49,31556,买盘
1275,10:49:28,6.43,-0.01,10,6430,卖盘
1276,10:49:30,6.44,0.01,1,644,买盘
1277,10:49:34,6.43,-0.01,10,6430,卖盘
1278,10:49:36,6.44,0.01,10,6440,买盘
1279,10:49:42,6.43,-0.01,53,34079,卖盘
1280,10:49:49,6.44,0.01,58,37352,买盘
1281,10:49:55,6.44,0.0,32,20608,买盘
1282,10:49:57,6.44,0.0,10,6440,卖盘
1283,10:50:06,6.45,0.01,9,5797,买盘
1284,10:50:09,6.45,0.0,2,1290,买盘
1285,10:50:16,6.45,0.0,1,645,买盘
1286,10:50:24,6.45,0.0,16,10320,买盘
1287,10:50:31,6.45,0.0,32,20640,买盘
1288,10:50:34,6.45,0.0,62,39990,买盘
1289,10:50:37,6.45,0.0,4,2580,卖盘
1290,10:50:45,6.46,0.01,10,6459,买盘
1291,10:50:49,6.46,0.0,8,5168,买盘
1292,10:50:51,6.46,0.0,2,1292,买盘
1293,10:51:01,6.47,0.01,51,32997,买盘
1294,10:51:09,6.47,0.0,10,6470,买盘
1295,10:51:13,6.47,0.0,5,3233,买盘
1296,10:51:15,6.47,0.0,12,7764,买盘
1297,10:51:18,6.47,0.0,10,6470,买盘
1298,10:51:22,6.47,0.0,4,2588,买盘
1299,10:51:33,6.46,-0.01,10,6460,卖盘
1300,10:51:36,6.47,0.01,21,13587,买盘
1301,10:51:45,6.47,0.0,13,8411,买盘
1302,10:51:51,6.47,0.0,63,40761,买盘
1303,10:52:01,6.46,-0.01,40,25857,卖盘
1304,10:52:04,6.47,0.01,53,34291,买盘
1305,10:52:06,6.46,-0.01,46,29716,卖盘
1306,10:52:10,6.47,0.01,5,3235,买盘
1307,10:52:19,6.46,-0.01,10,6460,卖盘
1308,10:52:21,6.47,0.01,6,3880,买盘
1309,10:52:27,6.47,0.0,30,19410,买盘
1310,10:52:30,6.46,-0.01,4,2584,卖盘
1311,10:52:36,6.47,0.01,10,6470,买盘
1312,10:52:48,6.47,0.0,15,9705,买盘
1313,10:52:55,6.47,0.0,34,21869,买盘
1314,10:53:01,6.47,0.0,8,5176,卖盘
1315,10:53:04,6.47,0.0,42,27174,卖盘
1316,10:53:25,6.47,0.0,7,4529,卖盘
1317,10:53:31,6.48,0.01,50,32400,买盘
1318,10:53:36,6.47,-0.01,20,12940,卖盘
1319,10:53:45,6.47,0.0,153,99120,卖盘
1320,10:53:51,6.48,0.01,84,54290,买盘
1321,10:53:54,6.48,0.0,18,11664,卖盘
1322,10:53:57,6.48,0.0,6,4018,卖盘
1323,10:54:04,6.47,-0.01,3,1941,卖盘
1324,10:54:07,6.48,0.01,5,3240,买盘
1325,10:54:09,6.48,0.0,71,46008,买盘
1326,10:54:12,6.48,0.0,16,10368,买盘
1327,10:54:15,6.48,0.0,4,2592,买盘
1328,10:54:22,6.48,0.0,57,36886,买盘
1329,10:54:27,6.48,0.0,5,3240,买盘
1330,10:54:34,6.47,-0.01,18,11646,卖盘
1331,10:54:40,6.47,0.0,100,64700,卖盘
1332,10:54:42,6.47,0.0,10,6471,卖盘
1333,10:54:45,6.47,0.0,75,48538,卖盘
1334,10:54:51,6.47,0.0,25,16175,卖盘
1335,10:55:04,6.47,0.0,43,27821,买盘
1336,10:55:18,6.48,0.01,2,1296,买盘
1337,10:55:31,6.48,0.0,71,46008,买盘
1338,10:55:55,6.47,-0.01,199,128754,卖盘
1339,10:55:57,6.48,0.01,10,6480,买盘
1340,10:56:00,6.47,-0.01,62,40114,卖盘
1341,10:56:04,6.47,0.0,40,25880,买盘
1342,10:56:06,6.47,0.0,3,1941,中性盘
1343,10:56:09,6.47,0.0,16,10352,卖盘
1344,10:56:18,6.47,0.0,4,2588,买盘
1345,10:56:27,6.46,-0.01,178,114988,卖盘
1346,10:56:43,6.45,-0.01,135,87075,卖盘
1347,10:56:54,6.45,0.0,55,35475,卖盘
1348,10:56:57,6.45,0.0,20,12900,卖盘
1349,10:57:00,6.45,0.0,6,3870,卖盘
1350,10:57:09,6.45,0.0,31,19995,卖盘
1351,10:57:13,6.46,0.01,8,5168,买盘
1352,10:57:19,6.46,0.0,193,124678,买盘
1353,10:57:24,6.46,0.0,32,20672,卖盘
1354,10:57:28,6.46,0.0,248,160208,卖盘
1355,10:57:33,6.46,0.0,5,3230,卖盘
1356,10:57:42,6.47,0.01,8,5176,买盘
1357,10:57:48,6.47,0.0,3,1941,买盘
1358,10:58:04,6.47,0.0,37,23939,买盘
1359,10:58:09,6.46,-0.01,3,1938,卖盘
1360,10:58:15,6.47,0.01,24,15528,买盘
1361,10:58:30,6.47,0.0,1,647,买盘
1362,10:58:39,6.47,0.0,16,10347,买盘
1363,10:58:45,6.47,0.0,5,3235,买盘
1364,10:59:04,6.46,-0.01,212,136975,卖盘
1365,10:59:06,6.47,0.01,69,44638,买盘
1366,10:59:15,6.47,0.0,1,647,买盘
1367,10:59:19,6.47,0.0,3,1941,买盘
1368,10:59:24,6.47,0.0,14,9047,买盘
1369,10:59:30,6.46,-0.01,29,18734,卖盘
1370,10:59:34,6.46,0.0,1,646,买盘
1371,10:59:36,6.46,0.0,5,3230,买盘
1372,10:59:39,6.46,0.0,6,3876,卖盘
1373,10:59:43,6.46,0.0,2,1292,卖盘
1374,10:59:45,6.46,0.0,2,1292,卖盘
1375,10:59:48,6.46,0.0,33,21318,卖盘
1376,10:59:51,6.46,0.0,20,12920,卖盘
1377,10:59:55,6.46,0.0,41,26486,卖盘
1378,10:59:58,6.46,0.0,1,646,买盘
1379,11:00:01,6.46,0.0,4,2584,买盘
1380,11:00:04,6.45,-0.01,5,3225,卖盘
1381,11:00:18,6.46,0.01,55,35493,买盘
1382,11:00:21,6.45,-0.01,48,30960,卖盘
1383,11:00:31,6.46,0.01,17,10982,买盘
1384,11:00:34,6.45,-0.01,137,88395,卖盘
1385,11:00:46,6.45,0.0,14,9041,卖盘
1386,11:00:49,6.45,0.0,183,118035,卖盘
1387,11:00:58,6.45,0.0,14,9030,买盘
1388,11:01:01,6.45,0.0,100,64500,买盘
1389,11:01:05,6.44,-0.01,16,10304,卖盘
1390,11:01:07,6.45,0.01,29,18705,买盘
1391,11:01:10,6.44,-0.01,102,65822,卖盘
1392,11:01:22,6.44,0.0,23,14812,卖盘
1393,11:01:24,6.45,0.01,13,8380,买盘
1394,11:01:28,6.44,-0.01,203,130743,卖盘
1395,11:01:31,6.44,0.0,133,85588,卖盘
1396,11:01:33,6.44,0.0,68,43876,买盘
1397,11:01:39,6.44,0.0,232,149324,卖盘
1398,11:01:46,6.43,-0.01,50,32154,卖盘
1399,11:01:49,6.44,0.01,97,62437,买盘
1400,11:01:52,6.43,-0.01,208,133815,卖盘
1401,11:01:57,6.43,0.0,157,101035,卖盘
1402,11:02:00,6.43,0.0,110,70646,卖盘
1403,11:02:06,6.45,0.02,43,27673,买盘
1404,11:02:12,6.43,-0.02,15,9645,卖盘
1405,11:02:18,6.43,0.0,1,643,卖盘
1406,11:02:21,6.45,0.02,56,36120,买盘
1407,11:02:43,6.44,-0.01,8,5152,买盘
1408,11:02:45,6.44,0.0,23,14812,买盘
1409,11:02:55,6.43,-0.01,300,192948,卖盘
1410,11:02:58,6.44,0.01,44,28336,卖盘
1411,11:03:00,6.44,0.0,3,1932,卖盘
1412,11:03:10,6.45,0.01,1,645,买盘
1413,11:03:15,6.45,0.0,20,12900,买盘
1414,11:03:18,6.44,-0.01,32,20608,卖盘
1415,11:03:22,6.45,0.01,20,12900,买盘
1416,11:03:43,6.45,0.0,60,38700,买盘
1417,11:03:45,6.45,0.0,5,3225,买盘
1418,11:03:49,6.44,-0.01,5,3220,卖盘
1419,11:03:52,6.45,0.01,67,43158,买盘
1420,11:04:06,6.44,-0.01,15,9660,卖盘
1421,11:04:10,6.45,0.01,18,11600,买盘
1422,11:04:15,6.45,0.0,20,12900,买盘
1423,11:04:18,6.45,0.0,4,2664,买盘
1424,11:04:24,6.45,0.0,8,5160,卖盘
1425,11:04:36,6.46,0.01,52,33592,买盘
1426,11:04:43,6.46,0.0,22,14212,买盘
1427,11:04:46,6.46,0.0,10,6452,买盘
1428,11:04:58,6.45,-0.01,25,16130,卖盘
1429,11:05:01,6.45,0.0,85,54825,卖盘
1430,11:05:04,6.45,0.0,17,10965,卖盘
1431,11:05:07,6.45,0.0,44,28390,卖盘
1432,11:05:16,6.45,0.0,40,25717,卖盘
1433,11:05:18,6.45,0.0,20,12900,买盘
1434,11:05:21,6.44,-0.01,2,1288,卖盘
1435,11:05:28,6.44,0.0,79,50928,卖盘
1436,11:05:31,6.45,0.01,20,12900,买盘
1437,11:05:34,6.44,-0.01,15,9660,卖盘
1438,11:05:40,6.45,0.01,21,13544,买盘
1439,11:05:43,6.45,0.0,39,25239,买盘
1440,11:05:46,6.44,-0.01,35,22547,卖盘
1441,11:05:58,6.45,0.01,15,9665,买盘
1442,11:06:10,6.44,-0.01,110,70836,卖盘
1443,11:06:15,6.44,0.0,10,6440,买盘
1444,11:06:22,6.43,-0.01,27,17361,卖盘
1445,11:06:31,6.44,0.01,16,10304,买盘
1446,11:06:33,6.44,0.0,5,3220,卖盘
1447,11:06:37,6.43,-0.01,60,38639,卖盘
1448,11:06:40,6.44,0.01,52,33488,买盘
1449,11:06:46,6.42,-0.02,495,318114,卖盘
1450,11:06:48,6.43,0.01,1,643,卖盘
1451,11:06:52,6.42,-0.01,19,12198,卖盘
1452,11:06:58,6.42,0.0,272,174630,卖盘
1453,11:07:01,6.42,0.0,59,37878,卖盘
1454,11:07:04,6.42,0.0,57,36594,卖盘
1455,11:07:07,6.42,0.0,3,1926,卖盘
1456,11:07:09,6.43,0.01,5,3215,买盘
1457,11:07:12,6.42,-0.01,118,75756,卖盘
1458,11:07:18,6.42,0.0,7,4494,卖盘
1459,11:07:25,6.42,0.0,266,170772,卖盘
1460,11:07:31,6.42,0.0,17,10914,卖盘
1461,11:07:34,6.43,0.01,69,44367,买盘
1462,11:07:36,6.43,0.0,15,9645,买盘
1463,11:07:39,6.42,-0.01,215,138030,卖盘
1464,11:07:45,6.42,0.0,30,19260,卖盘
1465,11:07:49,6.43,0.01,5,3215,买盘
1466,11:07:52,6.42,-0.01,36,23142,卖盘
1467,11:08:01,6.43,0.01,8,5144,买盘
1468,11:08:07,6.42,-0.01,39,25038,卖盘
1469,11:08:09,6.42,0.0,15,9630,卖盘
1470,11:08:18,6.42,0.0,9,5785,卖盘
1471,11:08:22,6.43,0.01,4,2572,买盘
1472,11:08:24,6.42,-0.01,46,29532,卖盘
1473,11:08:28,6.42,0.0,2,1284,卖盘
1474,11:08:30,6.42,0.0,100,64200,卖盘
1475,11:08:33,6.43,0.01,20,12860,买盘
1476,11:08:37,6.42,-0.01,102,65484,卖盘
1477,11:08:40,6.43,0.01,28,18004,买盘
1478,11:08:43,6.43,0.0,4,2572,卖盘
1479,11:08:46,6.43,0.0,42,27006,卖盘
1480,11:08:54,6.43,0.0,89,57227,卖盘
1481,11:09:01,6.43,0.0,35,22505,卖盘
1482,11:09:10,6.43,0.0,62,39885,卖盘
1483,11:09:12,6.43,0.0,42,27006,买盘
1484,11:09:18,6.43,0.0,19,12217,买盘
1485,11:09:21,6.43,0.0,1,643,买盘
1486,11:09:28,6.43,0.0,5,3215,买盘
1487,11:09:30,6.42,-0.01,24,15428,卖盘
1488,11:09:40,6.43,0.01,5,3215,卖盘
1489,11:09:46,6.44,0.01,20,12870,买盘
1490,11:09:48,6.42,-0.02,152,97593,卖盘
1491,11:09:51,6.44,0.02,31,19964,买盘
1492,11:09:54,6.42,-0.02,2,1284,卖盘
1493,11:09:57,6.43,0.01,3,1928,买盘
1494,11:10:00,6.42,-0.01,30,19263,卖盘
1495,11:10:07,6.43,0.01,50,32150,买盘
1496,11:10:18,6.42,-0.01,7,4494,卖盘
1497,11:10:21,6.42,0.0,54,34675,卖盘
1498,11:10:24,6.43,0.01,154,98922,买盘
1499,11:10:33,6.43,0.0,134,86032,买盘
1500,11:10:36,6.42,-0.01,41,26322,卖盘
1501,11:10:39,6.42,0.0,58,37164,卖盘
1502,11:10:42,6.42,0.0,24,15408,买盘
1503,11:10:46,6.42,0.0,2,1284,买盘
1504,11:10:49,6.41,-0.01,9,5769,卖盘
1505,11:10:52,6.42,0.01,6,3852,买盘
1506,11:10:54,6.42,0.0,19,12180,买盘
1507,11:10:57,6.42,0.0,1,642,买盘
1508,11:11:00,6.42,0.0,30,19260,买盘
1509,11:11:04,6.42,0.0,1,725,买盘
1510,11:11:16,6.42,0.0,54,34585,卖盘
1511,11:11:18,6.42,0.0,71,45665,买盘
1512,11:11:21,6.42,0.0,4,2568,卖盘
1513,11:11:24,6.41,-0.01,33,21158,卖盘
1514,11:11:27,6.42,0.01,22,14124,中性盘
1515,11:11:30,6.41,-0.01,9,5769,卖盘
1516,11:11:33,6.42,0.01,31,19902,买盘
1517,11:11:39,6.42,0.0,5,3210,卖盘
1518,11:11:42,6.42,0.0,63,40446,卖盘
1519,11:11:51,6.42,0.0,6,3852,卖盘
1520,11:11:54,6.42,0.0,106,68062,卖盘
1521,11:12:07,6.42,0.0,1,642,卖盘
1522,11:12:09,6.42,0.0,62,39804,卖盘
1523,11:12:12,6.42,0.0,64,41093,卖盘
1524,11:12:28,6.42,0.0,8,5136,卖盘
1525,11:12:45,6.42,0.0,7,4494,卖盘
1526,11:12:49,6.43,0.01,18,11574,买盘
1527,11:12:57,6.43,0.0,1,643,买盘
1528,11:13:04,6.42,-0.01,15,9631,卖盘
1529,11:13:09,6.43,0.01,50,32150,买盘
1530,11:13:12,6.43,0.0,3,1929,买盘
1531,11:13:15,6.43,0.0,14,9002,买盘
1532,11:13:18,6.43,0.0,10,6430,买盘
1533,11:13:21,6.43,0.0,1,643,买盘
1534,11:13:27,6.43,0.0,15,9645,买盘
1535,11:13:30,6.42,-0.01,23,14766,卖盘
1536,11:13:34,6.43,0.01,72,46296,买盘
1537,11:13:42,6.43,0.0,30,19290,买盘
1538,11:13:45,6.42,-0.01,3,1926,卖盘
1539,11:13:48,6.43,0.01,1,643,买盘
1540,11:13:57,6.43,0.0,10,6430,卖盘
1541,11:14:00,6.43,0.0,5,3215,卖盘
1542,11:14:04,6.44,0.01,10,6440,买盘
1543,11:14:12,6.44,0.0,125,80500,买盘
1544,11:14:16,6.44,0.0,33,21252,卖盘
1545,11:14:19,6.43,-0.01,50,32150,卖盘
1546,11:14:24,6.44,0.01,14,9016,买盘
1547,11:14:30,6.43,-0.01,57,36671,卖盘
1548,11:14:45,6.44,0.01,5,3220,买盘
1549,11:14:48,6.43,-0.01,16,10288,卖盘
1550,11:15:00,6.43,0.0,5,3215,卖盘
1551,11:15:04,6.44,0.01,18,11592,买盘
1552,11:15:06,6.44,0.0,34,21896,卖盘
1553,11:15:09,6.44,0.0,5,3220,卖盘
1554,11:15:18,6.45,0.01,2,1290,买盘
1555,11:15:46,6.44,-0.01,42,27048,卖盘
1556,11:15:52,6.45,0.01,22,14185,买盘
1557,11:16:00,6.44,-0.01,3,1932,买盘
1558,11:16:09,6.44,0.0,62,39928,买盘
1559,11:16:15,6.44,0.0,10,6440,买盘
1560,11:16:24,6.44,0.0,13,8372,买盘
1561,11:16:33,6.44,0.0,8,5152,买盘
1562,11:16:36,6.43,-0.01,2,1286,卖盘
1563,11:16:39,6.44,0.01,59,37996,买盘
1564,11:16:45,6.43,-0.01,31,19940,卖盘
1565,11:16:48,6.43,0.0,20,12860,卖盘
1566,11:17:00,6.44,0.01,2,1288,买盘
1567,11:17:06,6.44,0.0,1,644,买盘
1568,11:17:21,6.43,-0.01,3,1929,卖盘
1569,11:17:30,6.44,0.01,3,1932,买盘
1570,11:17:36,6.44,0.0,71,45671,买盘
1571,11:17:57,6.44,0.0,6,3864,买盘
1572,11:18:03,6.44,0.0,21,13510,买盘
1573,11:18:06,6.43,-0.01,21,13503,卖盘
1574,11:18:09,6.43,0.0,24,15432,卖盘
1575,11:18:15,6.44,0.01,10,6435,买盘
1576,11:18:24,6.44,0.0,17,10938,买盘
1577,11:18:39,6.43,-0.01,31,19933,卖盘
1578,11:18:42,6.43,0.0,15,9645,买盘
1579,11:18:51,6.43,0.0,10,6430,买盘
1580,11:18:54,6.43,0.0,10,6430,买盘
1581,11:19:04,6.43,0.0,193,123911,买盘
1582,11:19:12,6.43,0.0,13,8359,买盘
1583,11:19:15,6.43,0.0,1,643,买盘
1584,11:19:21,6.43,0.0,3,1929,买盘
1585,11:19:27,6.43,0.0,45,28935,买盘
1586,11:19:36,6.44,0.01,2,1288,买盘
1587,11:19:40,6.43,-0.01,3,1929,卖盘
1588,11:19:46,6.43,0.0,29,18647,卖盘
1589,11:19:48,6.43,0.0,153,98379,卖盘
1590,11:19:51,6.43,0.0,1,643,卖盘
1591,11:19:55,6.43,0.0,99,63657,卖盘
1592,11:20:04,6.43,0.0,199,127957,卖盘
1593,11:20:07,6.43,0.0,8,5144,卖盘
1594,11:20:10,6.43,0.0,79,50797,卖盘
1595,11:20:15,6.43,0.0,9,5787,买盘
1596,11:20:25,6.43,0.0,32,20576,卖盘
1597,11:20:27,6.43,0.0,20,12870,卖盘
1598,11:20:33,6.44,0.01,1,644,买盘
1599,11:20:36,6.43,-0.01,38,24434,卖盘
1600,11:20:42,6.4,-0.03,2267,1453038,卖盘
1601,11:20:45,6.43,0.03,1,643,买盘
1602,11:20:48,6.42,-0.01,3,1926,买盘
1603,11:20:51,6.42,0.0,10,6420,买盘
1604,11:21:04,6.42,0.0,2,1284,买盘
1605,11:21:07,6.41,-0.01,10,6416,卖盘
1606,11:21:09,6.41,0.0,30,19230,卖盘
1607,11:21:13,6.41,0.0,11,7051,买盘
1608,11:21:16,6.4,-0.01,36,23040,卖盘
1609,11:21:18,6.4,0.0,54,34613,卖盘
1610,11:21:21,6.41,0.01,93,59613,买盘
1611,11:21:24,6.41,0.0,134,85894,卖盘
1612,11:21:27,6.41,0.0,159,101919,卖盘
1613,11:21:30,6.41,0.0,359,230119,卖盘
1614,11:21:33,6.41,0.0,120,76920,卖盘
1615,11:21:36,6.41,0.0,24,15386,卖盘
1616,11:21:40,6.4,-0.01,45,28824,卖盘
1617,11:21:49,6.4,0.0,61,39040,卖盘
1618,11:21:51,6.4,0.0,578,369920,卖盘
1619,11:21:54,6.4,0.0,86,54893,卖盘
1620,11:21:57,6.4,0.0,7,4480,买盘
1621,11:22:00,6.4,0.0,58,37120,买盘
1622,11:22:04,6.39,-0.01,20,12780,卖盘
1623,11:22:07,6.39,0.0,6,3834,卖盘
1624,11:22:10,6.38,-0.01,180,115016,卖盘
1625,11:22:13,6.39,0.01,18,11502,中性盘
1626,11:22:15,6.39,0.0,101,64539,买盘
1627,11:22:21,6.38,-0.01,373,237975,卖盘
1628,11:22:25,6.38,0.0,65,41472,卖盘
1629,11:22:27,6.38,0.0,103,65714,卖盘
1630,11:22:30,6.38,0.0,6,3828,买盘
1631,11:22:33,6.37,-0.01,245,156067,卖盘
1632,11:22:36,6.37,0.0,51,32487,卖盘
1633,11:22:39,6.37,0.0,13,8281,卖盘
1634,11:22:42,6.36,-0.01,138,87792,卖盘
1635,11:22:46,6.37,0.01,30,19090,买盘
1636,11:22:48,6.35,-0.02,79,50240,卖盘
1637,11:22:51,6.36,0.01,10,6360,买盘
1638,11:22:54,6.35,-0.01,32,20323,卖盘
1639,11:22:57,6.35,0.0,54,34292,卖盘
1640,11:23:00,6.35,0.0,123,78178,卖盘
1641,11:23:04,6.35,0.0,69,43822,卖盘
1642,11:23:07,6.35,0.0,146,92710,卖盘
1643,11:23:10,6.35,0.0,104,66094,卖盘
1644,11:23:12,6.35,0.0,391,248285,卖盘
1645,11:23:15,6.35,0.0,181,114935,买盘
1646,11:23:18,6.35,0.0,251,159325,买盘
1647,11:23:21,6.35,0.0,4,2540,卖盘
1648,11:23:24,6.36,0.01,1156,733257,买盘
1649,11:23:27,6.35,-0.01,79,50234,中性盘
1650,11:23:30,6.35,0.0,73,46334,卖盘
1651,11:23:33,6.36,0.01,46,29242,买盘
1652,11:23:36,6.36,0.0,2,1272,买盘
1653,11:23:39,6.35,-0.01,127,80727,卖盘
1654,11:23:42,6.35,0.0,89,56541,卖盘
1655,11:23:45,6.36,0.01,26,16854,买盘
1656,11:23:54,6.36,0.0,15,9542,卖盘
1657,11:23:57,6.37,0.01,19,12103,买盘
1658,11:24:01,6.37,0.0,9,5733,买盘
1659,11:24:04,6.37,0.0,17,10822,买盘
1660,11:24:07,6.37,0.0,66,42042,买盘
1661,11:24:10,6.37,0.0,13,8281,买盘
1662,11:24:13,6.38,0.01,1,638,买盘
1663,11:24:18,6.38,0.0,5,3190,卖盘
1664,11:24:27,6.39,0.01,6,3833,买盘
1665,11:24:30,6.4,0.01,60,38361,买盘
1666,11:24:33,6.39,-0.01,33,21077,中性盘
1667,11:24:39,6.39,0.0,5,3195,买盘
1668,11:24:45,6.39,0.0,55,35145,买盘
1669,11:24:48,6.38,-0.01,10,6380,卖盘
1670,11:24:51,6.39,0.01,5,3195,买盘
1671,11:24:57,6.38,-0.01,1,638,卖盘
1672,11:25:00,6.39,0.01,1,639,买盘
1673,11:25:06,6.38,-0.01,112,71456,卖盘
1674,11:25:09,6.39,0.01,9,5747,买盘
1675,11:25:12,6.38,-0.01,31,19778,卖盘
1676,11:25:15,6.38,0.0,302,192419,买盘
1677,11:25:33,6.36,-0.02,161,102078,卖盘
1678,11:25:36,6.36,0.0,8,5088,买盘
1679,11:25:42,6.36,0.0,26,16530,买盘
1680,11:25:45,6.35,-0.01,2,1270,卖盘
1681,11:25:48,6.35,0.0,11,6985,卖盘
1682,11:25:51,6.36,0.01,30,19080,买盘
1683,11:25:54,6.36,0.0,159,101066,买盘
1684,11:25:57,6.35,-0.01,38,24130,卖盘
1685,11:26:00,6.35,0.0,40,25410,卖盘
1686,11:26:03,6.36,0.01,38,24168,买盘
1687,11:26:06,6.36,0.0,54,34344,买盘
1688,11:26:12,6.36,0.0,10,6360,买盘
1689,11:26:15,6.36,0.0,97,62010,买盘
1690,11:26:18,6.36,0.0,26,16536,卖盘
1691,11:26:24,6.37,0.01,40,25480,买盘
1692,11:26:27,6.37,0.0,7,4459,买盘
1693,11:26:33,6.36,-0.01,96,61076,卖盘
1694,11:26:36,6.37,0.01,37,23535,买盘
1695,11:26:39,6.37,0.0,40,25460,买盘
1696,11:26:42,6.36,-0.01,14,8904,卖盘
1697,11:26:52,6.36,0.0,11,6996,卖盘
1698,11:26:54,6.36,0.0,64,40759,卖盘
1699,11:27:01,6.36,0.0,65,41352,卖盘
1700,11:27:06,6.37,0.01,7,4459,卖盘
1701,11:27:09,6.38,0.01,60,38280,买盘
1702,11:27:12,6.37,-0.01,26,16562,卖盘
1703,11:27:15,6.37,0.0,16,10192,卖盘
1704,11:27:18,6.37,0.0,10,6370,卖盘
1705,11:27:21,6.38,0.01,101,64383,买盘
1706,11:27:24,6.38,0.0,16,10208,买盘
1707,11:27:27,6.38,0.0,5,3190,买盘
1708,11:27:30,6.37,-0.01,19,12103,卖盘
1709,11:27:39,6.37,0.0,12,7644,卖盘
1710,11:27:45,6.37,0.0,16,10203,卖盘
1711,11:27:48,6.37,0.0,44,28028,卖盘
1712,11:27:54,6.38,0.01,11,7018,买盘
1713,11:27:57,6.38,0.0,58,36996,买盘
1714,11:28:00,6.37,-0.01,31,19747,卖盘
1715,11:28:04,6.37,0.0,65,41405,卖盘
1716,11:28:06,6.38,0.01,2,1276,买盘
1717,11:28:09,6.37,-0.01,2,1274,卖盘
1718,11:28:12,6.38,0.01,1,638,买盘
1719,11:28:16,6.37,-0.01,22,14014,卖盘
1720,11:28:18,6.37,0.0,45,28665,卖盘
1721,11:28:22,6.37,0.0,55,35035,卖盘
1722,11:28:24,6.37,0.0,3,1911,买盘
1723,11:28:30,6.37,0.0,7,4459,买盘
1724,11:28:33,6.36,-0.01,179,114067,卖盘
1725,11:28:36,6.38,0.02,6,3828,买盘
1726,11:28:39,6.36,-0.02,181,115186,卖盘
1727,11:28:45,6.38,0.02,189,120538,买盘
1728,11:28:52,6.37,-0.01,17,10829,卖盘
1729,11:28:54,6.38,0.01,50,31897,买盘
1730,11:28:57,6.36,-0.02,13,8268,卖盘
1731,11:29:00,6.37,0.01,64,40768,买盘
1732,11:29:04,6.37,0.0,16,10192,卖盘
1733,11:29:07,6.37,0.0,5,3185,买盘
1734,11:29:09,6.37,0.0,89,56693,买盘
1735,11:29:19,6.37,0.0,35,22285,买盘
1736,11:29:21,6.36,-0.01,60,38160,卖盘
1737,11:29:24,6.35,-0.01,199,126073,卖盘
1738,11:29:30,6.35,0.0,113,71760,卖盘
1739,11:29:33,6.35,0.0,84,53340,买盘
1740,11:29:36,6.34,-0.01,101,64035,卖盘
1741,11:29:39,6.34,0.0,5,3172,卖盘
1742,11:29:42,6.35,0.01,214,135678,买盘
1743,11:29:45,6.34,-0.01,2,1268,卖盘
1744,11:29:48,6.34,0.0,26,16484,卖盘
1745,11:29:51,6.34,0.0,8,5072,卖盘
1746,11:29:54,6.34,0.0,57,36138,卖盘
1747,11:29:57,6.34,0.0,38,24098,卖盘
1748,11:30:00,6.35,0.01,31,19685,买盘
1749,13:00:04,6.34,-0.01,811,513880,卖盘
1750,13:00:07,6.34,0.0,50,31700,买盘
1751,13:00:09,6.32,-0.02,50,31622,卖盘
1752,13:00:12,6.34,0.02,67,42378,买盘
1753,13:00:15,6.34,0.0,55,34820,买盘
1754,13:00:18,6.34,0.0,1,634,买盘
1755,13:00:21,6.34,0.0,7,4438,卖盘
1756,13:00:30,6.34,0.0,1,634,买盘
1757,13:00:33,6.32,-0.02,76,48217,卖盘
1758,13:00:36,6.32,0.0,1,632,卖盘
1759,13:00:42,6.33,0.01,11,6963,卖盘
1760,13:00:51,6.34,0.01,4,2536,卖盘
1761,13:00:54,6.33,-0.01,68,43059,卖盘
1762,13:01:00,6.33,0.0,43,27232,卖盘
1763,13:01:12,6.33,0.0,39,24687,卖盘
1764,13:01:15,6.33,0.0,28,17728,卖盘
1765,13:01:24,6.33,0.0,10,6331,中性盘
1766,13:01:27,6.33,0.0,77,48670,买盘
1767,13:01:30,6.32,-0.01,20,12645,卖盘
1768,13:01:33,6.33,0.01,285,180123,买盘
1769,13:01:36,6.32,-0.01,4,2528,卖盘
1770,13:01:42,6.33,0.01,7,4431,买盘
1771,13:01:46,6.33,0.0,25,15817,买盘
1772,13:01:48,6.33,0.0,18,11394,买盘
1773,13:01:51,6.33,0.0,41,25920,买盘
1774,13:02:00,6.33,0.0,184,116472,买盘
1775,13:02:06,6.33,0.0,38,24054,卖盘
1776,13:02:09,6.33,0.0,103,65199,卖盘
1777,13:02:12,6.33,0.0,85,53805,卖盘
1778,13:02:15,6.33,0.0,19,12037,卖盘
1779,13:02:18,6.33,0.0,69,43677,卖盘
1780,13:02:21,6.33,0.0,100,63300,买盘
1781,13:02:24,6.33,0.0,10,6328,买盘
1782,13:02:27,6.33,0.0,46,29118,买盘
1783,13:02:30,6.33,0.0,18,11394,买盘
1784,13:02:33,6.32,-0.01,104,65774,卖盘
1785,13:02:36,6.34,0.02,74,46916,买盘
1786,13:02:45,6.35,0.01,83,52700,买盘
1787,13:02:48,6.34,-0.01,41,26030,卖盘
1788,13:02:51,6.35,0.01,5,3175,买盘
1789,13:02:54,6.35,0.0,7,4445,买盘
1790,13:02:57,6.35,0.0,38,24130,买盘
1791,13:03:00,6.35,0.0,4,2540,买盘
1792,13:03:04,6.35,0.0,16,10160,买盘
1793,13:03:06,6.35,0.0,43,27305,买盘
1794,13:03:09,6.34,-0.01,1,634,卖盘
1795,13:03:12,6.35,0.01,59,37465,买盘
1796,13:03:15,6.35,0.0,2,1270,买盘
1797,13:03:21,6.36,0.01,14,8904,买盘
1798,13:03:24,6.36,0.0,66,41976,买盘
1799,13:03:27,6.36,0.0,19,12402,买盘
1800,13:03:36,6.37,0.01,2,1274,买盘
1801,13:03:39,6.36,-0.01,23,14628,卖盘
1802,13:03:42,6.37,0.01,11,7007,买盘
1803,13:03:51,6.36,-0.01,26,16218,卖盘
1804,13:03:54,6.36,0.0,5,3180,买盘
1805,13:03:57,6.36,0.0,1,636,买盘
1806,13:04:00,6.36,0.0,9,5724,买盘
1807,13:04:03,6.36,0.0,74,47064,买盘
1808,13:04:06,6.35,-0.01,28,17780,卖盘
1809,13:04:09,6.36,0.01,1,636,买盘
1810,13:04:12,6.36,0.0,100,63600,买盘
1811,13:04:30,6.36,0.0,14,8904,买盘
1812,13:04:33,6.35,-0.01,2,1270,卖盘
1813,13:04:42,6.36,0.01,17,10812,买盘
1814,13:04:45,6.36,0.0,15,9858,买盘
1815,13:04:48,6.36,0.0,50,31800,卖盘
1816,13:04:51,6.36,0.0,5,2862,卖盘
1817,13:05:06,6.36,0.0,31,20034,买盘
1818,13:05:12,6.37,0.01,387,246519,买盘
1819,13:05:18,6.37,0.0,296,188552,买盘
1820,13:05:21,6.37,0.0,172,109564,买盘
1821,13:05:27,6.38,0.01,51,32538,买盘
1822,13:05:30,6.39,0.01,83,53037,买盘
1823,13:05:36,6.4,0.01,10,6400,买盘
1824,13:05:39,6.4,0.0,2,1280,买盘
1825,13:05:42,6.4,0.0,211,135040,买盘
1826,13:05:48,6.4,0.0,77,49333,卖盘
1827,13:05:51,6.39,-0.01,458,293037,卖盘
1828,13:05:54,6.41,0.02,10,6410,买盘
1829,13:06:00,6.39,-0.02,3,1917,买盘
1830,13:06:04,6.39,0.0,23,14697,买盘
1831,13:06:06,6.39,0.0,57,36382,买盘
1832,13:06:15,6.38,-0.01,24,15332,卖盘
1833,13:06:24,6.39,0.01,3,1917,买盘
1834,13:06:27,6.39,0.0,3,1917,买盘
1835,13:06:42,6.38,-0.01,1,638,卖盘
1836,13:06:45,6.39,0.01,92,58788,买盘
1837,13:06:57,6.39,0.0,6,3839,卖盘
1838,13:07:12,6.38,-0.01,20,12760,卖盘
1839,13:07:15,6.39,0.01,90,57510,买盘
1840,13:07:18,6.39,0.0,14,8946,卖盘
1841,13:07:24,6.39,0.0,6,3834,卖盘
1842,13:07:30,6.4,0.01,144,92066,买盘
1843,13:07:36,6.4,0.0,42,26880,卖盘
1844,13:07:42,6.4,0.0,8,5120,买盘
1845,13:07:45,6.4,0.0,49,31360,买盘
1846,13:07:51,6.41,0.01,246,157686,买盘
1847,13:08:00,6.42,0.01,18,11556,买盘
1848,13:08:04,6.41,-0.01,41,26281,卖盘
1849,13:08:06,6.41,0.0,206,132053,卖盘
1850,13:08:09,6.41,0.0,3,1923,买盘
1851,13:08:12,6.42,0.01,100,64195,买盘
1852,13:08:18,6.42,0.0,5,3210,买盘
1853,13:08:21,6.41,-0.01,58,37182,卖盘
1854,13:08:24,6.41,0.0,5,3205,买盘
1855,13:08:30,6.41,0.0,2,1282,买盘
1856,13:08:36,6.41,0.0,2,1282,买盘
1857,13:08:42,6.4,-0.01,261,167040,卖盘
1858,13:08:45,6.4,0.0,2,1280,买盘
1859,13:08:54,6.4,0.0,15,9600,买盘
1860,13:09:00,6.39,-0.01,22,14060,卖盘
1861,13:09:09,6.41,0.02,85,54410,买盘
1862,13:09:15,6.38,-0.03,1,638,卖盘
1863,13:09:21,6.4,0.02,5,3200,买盘
1864,13:09:42,6.4,0.0,1,640,买盘
1865,13:09:51,6.39,-0.01,18,11502,卖盘
1866,13:09:54,6.39,0.0,41,26199,买盘
1867,13:10:04,6.4,0.01,72,46080,买盘
1868,13:10:06,6.4,0.0,28,17920,卖盘
1869,13:10:09,6.4,0.0,4,2560,卖盘
1870,13:10:18,6.41,0.01,108,69228,买盘
1871,13:10:27,6.4,-0.01,7,4480,卖盘
1872,13:10:36,6.41,0.01,1,641,买盘
1873,13:10:39,6.4,-0.01,2,1280,卖盘
1874,13:10:42,6.41,0.01,3,1923,买盘
1875,13:10:45,6.41,0.0,53,33924,买盘
1876,13:10:48,6.42,0.01,84,53860,买盘
1877,13:10:54,6.4,-0.02,187,119680,卖盘
1878,13:10:57,6.4,0.0,12,7680,买盘
1879,13:11:00,6.4,0.0,1,640,买盘
1880,13:11:03,6.4,0.0,58,37120,卖盘
1881,13:11:12,6.4,0.0,28,17920,卖盘
1882,13:11:22,6.41,0.01,7,4487,买盘
1883,13:11:24,6.41,0.0,2,1282,买盘
1884,13:11:30,6.41,0.0,22,14102,买盘
1885,13:11:36,6.41,0.0,2,1282,买盘
1886,13:11:39,6.41,0.0,100,64100,买盘
1887,13:11:45,6.41,0.0,6,3846,买盘
1888,13:11:48,6.41,0.0,47,30127,买盘
1889,13:11:52,6.41,0.0,48,30768,买盘
1890,13:11:54,6.41,0.0,3,1923,买盘
1891,13:11:58,6.41,0.0,8,5128,买盘
1892,13:12:01,6.41,0.0,39,24999,买盘
1893,13:12:07,6.4,-0.01,32,20484,卖盘
1894,13:12:10,6.41,0.01,47,30127,买盘
1895,13:12:13,6.41,0.0,20,12820,买盘
1896,13:12:18,6.41,0.0,46,29486,买盘
1897,13:12:22,6.4,-0.01,216,138240,卖盘
1898,13:12:24,6.4,0.0,20,12816,卖盘
1899,13:12:30,6.41,0.01,32,20512,买盘
1900,13:12:33,6.4,-0.01,10,6400,卖盘
1901,13:12:36,6.4,0.0,7,4480,卖盘
1902,13:12:39,6.4,0.0,4,2560,卖盘
1903,13:12:45,6.4,0.0,1,640,卖盘
1904,13:12:58,6.4,0.0,100,64000,卖盘
1905,13:13:07,6.4,0.0,2,1280,卖盘
1906,13:13:16,6.4,0.0,9,5767,卖盘
1907,13:13:21,6.4,0.0,51,32640,卖盘
1908,13:13:24,6.4,0.0,5,3200,卖盘
1909,13:13:28,6.4,0.0,100,64000,卖盘
1910,13:13:31,6.41,0.01,2,1282,买盘
1911,13:13:33,6.41,0.0,4,2564,买盘
1912,13:13:42,6.41,0.0,47,30127,买盘
1913,13:13:54,6.41,0.0,30,19230,买盘
1914,13:13:57,6.41,0.0,131,83971,买盘
1915,13:14:01,6.41,0.0,25,16025,买盘
1916,13:14:06,6.4,-0.01,28,17920,卖盘
1917,13:14:18,6.41,0.01,20,12820,买盘
1918,13:14:21,6.41,0.0,34,21761,买盘
1919,13:14:30,6.4,-0.01,60,38400,卖盘
1920,13:14:33,6.4,0.0,18,11520,买盘
1921,13:14:40,6.4,0.0,1,640,买盘
1922,13:14:45,6.4,0.0,5,3200,买盘
1923,13:14:51,6.4,0.0,70,44800,买盘
1924,13:14:57,6.4,0.0,10,6400,买盘
1925,13:15:00,6.4,0.0,12,7680,买盘
1926,13:15:18,6.4,0.0,11,7040,买盘
1927,13:15:21,6.4,0.0,35,22400,买盘
1928,13:15:25,6.39,-0.01,20,12780,卖盘
1929,13:15:27,6.4,0.01,105,67200,买盘
1930,13:15:30,6.4,0.0,47,30080,卖盘
1931,13:15:36,6.4,0.0,1,640,买盘
1932,13:15:39,6.4,0.0,23,14720,买盘
1933,13:15:42,6.4,0.0,23,14720,买盘
1934,13:15:45,6.4,0.0,5,3200,买盘
1935,13:15:51,6.4,0.0,57,36480,买盘
1936,13:15:55,6.41,0.01,6,3846,买盘
1937,13:16:06,6.41,0.0,86,55098,买盘
1938,13:16:18,6.4,-0.01,19,12160,买盘
1939,13:16:21,6.39,-0.01,36,23004,卖盘
1940,13:16:33,6.39,0.0,2,1278,卖盘
1941,13:16:36,6.39,0.0,37,23657,卖盘
1942,13:16:39,6.39,0.0,30,19175,卖盘
1943,13:16:45,6.4,0.01,5,3200,买盘
1944,13:16:48,6.39,-0.01,1,639,卖盘
1945,13:16:51,6.39,0.0,10,6390,卖盘
1946,13:16:57,6.4,0.01,1,640,买盘
1947,13:17:04,6.39,-0.01,100,63900,卖盘
1948,13:17:07,6.39,0.0,1,639,买盘
1949,13:17:15,6.39,0.0,29,18525,买盘
1950,13:17:25,6.38,-0.01,3,1914,卖盘
1951,13:17:28,6.39,0.01,16,10224,买盘
1952,13:17:34,6.38,-0.01,185,118030,卖盘
1953,13:17:37,6.39,0.01,3,1917,买盘
1954,13:17:45,6.38,-0.01,10,6380,卖盘
1955,13:17:49,6.39,0.01,3,1917,买盘
1956,13:17:51,6.39,0.0,15,9585,买盘
1957,13:17:54,6.38,-0.01,31,19778,卖盘
1958,13:18:00,6.38,0.0,6,3828,买盘
1959,13:18:07,6.38,0.0,80,50986,买盘
1960,13:18:10,6.38,0.0,3,1914,买盘
1961,13:18:13,6.37,-0.01,5,3185,卖盘
1962,13:18:19,6.38,0.01,117,74646,买盘
1963,13:18:24,6.38,0.0,2,1276,买盘
1964,13:18:33,6.38,0.0,37,23606,卖盘
1965,13:18:36,6.38,0.0,11,7018,卖盘
1966,13:18:42,6.39,0.01,133,84977,买盘
1967,13:18:45,6.39,0.0,32,20448,卖盘
1968,13:18:48,6.39,0.0,17,10839,买盘
1969,13:18:54,6.39,0.0,15,9581,买盘
1970,13:19:01,6.39,0.0,48,30672,买盘
1971,13:19:12,6.39,0.0,72,46008,买盘
1972,13:19:18,6.39,0.0,20,12780,卖盘
1973,13:19:28,6.4,0.01,7,4480,买盘
1974,13:19:31,6.39,-0.01,10,6390,卖盘
1975,13:19:48,6.4,0.01,2,1280,买盘
1976,13:19:58,6.4,0.0,18,11520,买盘
1977,13:20:01,6.4,0.0,4,2560,买盘
1978,13:20:04,6.4,0.0,2,1279,买盘
1979,13:20:07,6.39,-0.01,38,24282,卖盘
1980,13:20:09,6.39,0.0,10,6390,卖盘
1981,13:20:12,6.39,0.0,16,9904,卖盘
1982,13:20:15,6.39,0.0,34,21726,卖盘
1983,13:20:19,6.39,0.0,33,21087,卖盘
1984,13:20:25,6.39,0.0,33,21087,卖盘
1985,13:20:28,6.39,0.0,12,7668,卖盘
1986,13:20:31,6.39,0.0,82,52398,卖盘
1987,13:20:33,6.39,0.0,9,5751,卖盘
1988,13:20:36,6.39,0.0,15,9904,卖盘
1989,13:20:42,6.39,0.0,5,3195,买盘
1990,13:20:52,6.39,0.0,8,5110,买盘
1991,13:20:58,6.38,-0.01,30,19140,卖盘
1992,13:21:06,6.38,0.0,5,3190,卖盘
1993,13:21:09,6.38,0.0,10,6380,卖盘
1994,13:21:19,6.39,0.01,15,9581,买盘
1995,13:21:22,6.38,-0.01,3,1914,卖盘
1996,13:21:31,6.38,0.0,13,8294,卖盘
1997,13:21:34,6.38,0.0,78,49764,卖盘
1998,13:21:37,6.38,0.0,6,3828,卖盘
1999,13:21:39,6.38,0.0,33,21054,卖盘
2000,13:21:42,6.38,0.0,13,8294,卖盘
2001,13:21:58,6.37,-0.01,1,637,卖盘
2002,13:22:00,6.38,0.01,1,638,买盘
2003,13:22:03,6.37,-0.01,70,44590,卖盘
2004,13:22:10,6.37,0.0,20,12740,卖盘
2005,13:22:13,6.38,0.01,2,1276,买盘
2006,13:22:19,6.35,-0.03,450,286189,卖盘
2007,13:22:21,6.37,0.02,13,8281,买盘
2008,13:22:24,6.37,0.0,1,637,卖盘
2009,13:22:27,6.37,0.0,2,1274,卖盘
2010,13:22:33,6.37,0.0,15,9555,卖盘
2011,13:22:48,6.36,-0.01,44,27984,卖盘
2012,13:22:54,6.37,0.01,1,637,买盘
2013,13:23:04,6.36,-0.01,21,13356,卖盘
2014,13:23:09,6.36,0.0,107,68052,卖盘
2015,13:23:18,6.36,0.0,5,3180,卖盘
2016,13:23:21,6.36,0.0,66,41985,卖盘
2017,13:23:24,6.35,-0.01,40,25405,卖盘
2018,13:23:30,6.35,0.0,55,34950,卖盘
2019,13:23:36,6.36,0.01,4,2541,买盘
2020,13:23:42,6.35,-0.01,56,35610,卖盘
2021,13:23:45,6.35,0.0,7,4450,卖盘
2022,13:23:48,6.36,0.01,46,29256,买盘
2023,13:23:51,6.36,0.0,2,1272,卖盘
2024,13:23:54,6.36,0.0,5,3180,卖盘
2025,13:23:57,6.36,0.0,252,160132,卖盘
2026,13:24:06,6.36,0.0,64,40704,卖盘
2027,13:24:12,6.36,0.0,2,1272,卖盘
2028,13:24:15,6.36,0.0,96,61056,卖盘
2029,13:24:21,6.35,-0.01,10,6350,卖盘
2030,13:24:24,6.36,0.01,117,74330,买盘
2031,13:24:30,6.36,0.0,8,5088,买盘
2032,13:24:36,6.36,0.0,326,207336,买盘
2033,13:24:39,6.36,0.0,12,7632,买盘
2034,13:24:42,6.36,0.0,91,57855,卖盘
2035,13:24:45,6.36,0.0,8,5088,卖盘
2036,13:24:48,6.37,0.01,17,10829,买盘
2037,13:24:55,6.37,0.0,1,637,买盘
2038,13:25:07,6.37,0.0,20,12740,买盘
2039,13:25:09,6.37,0.0,8,5096,买盘
2040,13:25:33,6.38,0.01,8,5104,买盘
2041,13:25:42,6.38,0.0,15,9570,买盘
2042,13:25:45,6.38,0.0,2,1276,买盘
2043,13:25:48,6.38,0.0,8,5104,买盘
2044,13:25:51,6.38,0.0,57,36366,买盘
2045,13:25:54,6.38,0.0,2,1276,卖盘
2046,13:26:06,6.38,0.0,30,19140,卖盘
2047,13:26:09,6.38,0.0,30,19140,卖盘
2048,13:26:12,6.38,0.0,20,12760,卖盘
2049,13:26:15,6.38,0.0,2,1276,卖盘
2050,13:26:34,6.39,0.01,3,1917,买盘
2051,13:26:39,6.39,0.0,4,2556,买盘
2052,13:26:42,6.39,0.0,15,9585,买盘
2053,13:26:45,6.38,-0.01,21,13398,卖盘
2054,13:26:54,6.38,0.0,60,38280,卖盘
2055,13:27:00,6.38,0.0,1,638,卖盘
2056,13:27:15,6.38,0.0,1,638,卖盘
2057,13:27:19,6.38,0.0,8,5104,卖盘
2058,13:27:24,6.38,0.0,2,1276,卖盘
2059,13:27:30,6.39,0.01,34,21726,买盘
2060,13:27:54,6.39,0.0,4,2556,买盘
2061,13:27:57,6.39,0.0,33,21087,买盘
2062,13:28:06,6.39,0.0,33,21057,买盘
2063,13:28:15,6.38,-0.01,1,638,卖盘
2064,13:28:39,6.38,0.0,26,16588,卖盘
2065,13:28:42,6.38,0.0,1,638,卖盘
2066,13:28:45,6.39,0.01,6,3834,买盘
2067,13:28:54,6.38,-0.01,55,35090,卖盘
2068,13:29:07,6.38,0.0,62,39556,卖盘
2069,13:29:10,6.38,0.0,31,19778,卖盘
2070,13:29:15,6.38,0.0,28,17864,买盘
2071,13:29:18,6.37,-0.01,50,31850,卖盘
2072,13:29:21,6.37,0.0,23,14664,卖盘
2073,13:29:30,6.37,0.0,37,23569,卖盘
2074,13:29:33,6.37,0.0,22,14014,中性盘
2075,13:29:36,6.37,0.0,7,4459,买盘
2076,13:29:39,6.36,-0.01,50,31805,卖盘
2077,13:29:43,6.37,0.01,14,8915,买盘
2078,13:29:45,6.37,0.0,28,17836,买盘
2079,13:29:48,6.37,0.0,11,7003,买盘
2080,13:29:51,6.38,0.01,165,105230,买盘
2081,13:30:06,6.37,-0.01,31,19747,卖盘
2082,13:30:12,6.38,0.01,40,25520,买盘
2083,13:30:15,6.38,0.0,46,29348,卖盘
2084,13:30:22,6.38,0.0,28,17864,卖盘
2085,13:30:25,6.37,-0.01,21,13377,卖盘
2086,13:30:28,6.37,0.0,4,2548,卖盘
2087,13:30:42,6.37,0.0,6,3822,卖盘
2088,13:30:48,6.38,0.01,59,37630,买盘
2089,13:30:51,6.38,0.0,2,1276,买盘
2090,13:30:57,6.38,0.0,20,12760,买盘
2091,13:31:01,6.37,-0.01,3,1911,卖盘
2092,13:31:04,6.38,0.01,2,1276,买盘
2093,13:31:06,6.38,0.0,2,1275,买盘
2094,13:31:15,6.37,-0.01,9,5733,卖盘
2095,13:31:19,6.38,0.01,91,57998,买盘
2096,13:31:28,6.37,-0.01,1,637,卖盘
2097,13:31:31,6.38,0.01,5,3190,买盘
2098,13:31:39,6.37,-0.01,37,23569,卖盘
2099,13:31:42,6.37,0.0,16,10193,卖盘
2100,13:31:49,6.38,0.01,20,12760,买盘
2101,13:31:55,6.37,-0.01,40,25510,卖盘
2102,13:31:57,6.37,0.0,20,12750,卖盘
2103,13:32:04,6.37,0.0,10,6370,卖盘
2104,13:32:06,6.37,0.0,30,19111,卖盘
2105,13:32:09,6.37,0.0,20,12740,卖盘
2106,13:32:13,6.37,0.0,16,10192,卖盘
2107,13:32:16,6.38,0.01,122,77616,买盘
2108,13:32:19,6.36,-0.02,183,116395,卖盘
2109,13:32:21,6.37,0.01,27,17199,买盘
2110,13:32:30,6.37,0.0,55,35035,买盘
2111,13:32:42,6.37,0.0,4,2548,买盘
2112,13:32:55,6.37,0.0,2,1274,卖盘
2113,13:32:58,6.37,0.0,20,12740,卖盘
2114,13:33:00,6.37,0.0,36,22932,卖盘
2115,13:33:06,6.38,0.01,276,176088,买盘
2116,13:33:10,6.37,-0.01,10,6370,卖盘
2117,13:33:15,6.37,0.0,12,7644,卖盘
2118,13:33:18,6.38,0.01,10,6380,买盘
2119,13:33:33,6.37,-0.01,2,1274,卖盘
2120,13:33:36,6.37,0.0,108,68796,卖盘
2121,13:33:43,6.38,0.01,2,1276,买盘
2122,13:33:48,6.37,-0.01,20,12745,卖盘
2123,13:33:55,6.38,0.01,13,8294,买盘
2124,13:34:04,6.37,-0.01,6,3822,卖盘
2125,13:34:06,6.37,0.0,28,17836,卖盘
2126,13:34:09,6.37,0.0,4,2548,卖盘
2127,13:34:15,6.37,0.0,10,6370,卖盘
2128,13:34:18,6.38,0.01,149,95061,买盘
2129,13:34:21,6.38,0.0,22,14036,买盘
2130,13:34:28,6.38,0.0,16,10208,买盘
2131,13:34:30,6.38,0.0,1,638,卖盘
2132,13:34:39,6.39,0.01,4,2556,买盘
2133,13:34:42,6.4,0.01,1226,783694,买盘
2134,13:34:49,6.4,0.0,127,81427,卖盘
2135,13:34:52,6.4,0.0,5,3373,卖盘
2136,13:34:58,6.4,0.0,14,8960,买盘
2137,13:35:01,6.4,0.0,8,5120,买盘
2138,13:35:04,6.4,0.0,1,640,买盘
2139,13:35:10,6.38,-0.02,3,1916,卖盘
2140,13:35:12,6.4,0.02,32,20480,买盘
2141,13:35:15,6.4,0.0,1,640,买盘
2142,13:35:19,6.4,0.0,40,25427,买盘
2143,13:35:21,6.4,0.0,10,6400,卖盘
2144,13:35:24,6.4,0.0,5,3200,卖盘
2145,13:35:31,6.4,0.0,40,25773,卖盘
2146,13:35:42,6.4,0.0,10,6400,买盘
2147,13:35:45,6.4,0.0,61,39040,买盘
2148,13:35:52,6.39,-0.01,101,64539,卖盘
2149,13:36:04,6.4,0.01,3,1920,买盘
2150,13:36:07,6.39,-0.01,28,17892,卖盘
2151,13:36:10,6.4,0.01,28,17920,买盘
2152,13:36:16,6.39,-0.01,2,1278,卖盘
2153,13:36:21,6.39,0.0,60,38340,卖盘
2154,13:36:28,6.4,0.01,3,1920,买盘
2155,13:36:34,6.39,-0.01,24,15336,卖盘
2156,13:36:37,6.39,0.0,348,222546,卖盘
2157,13:36:46,6.4,0.01,23,14720,卖盘
2158,13:36:49,6.41,0.01,20,12820,买盘
2159,13:37:01,6.41,0.0,35,22435,买盘
2160,13:37:10,6.41,0.0,3,1923,买盘
2161,13:37:13,6.41,0.0,53,33973,买盘
2162,13:37:25,6.4,-0.01,1,640,卖盘
2163,13:37:33,6.41,0.01,103,66023,买盘
2164,13:37:36,6.41,0.0,7,4487,买盘
2165,13:37:39,6.41,0.0,48,30768,买盘
2166,13:37:43,6.41,0.0,55,35255,买盘
2167,13:37:45,6.41,0.0,12,7692,买盘
2168,13:37:48,6.41,0.0,13,8333,买盘
2169,13:37:54,6.41,0.0,7,4487,买盘
2170,13:37:57,6.41,0.0,6,3846,买盘
2171,13:38:01,6.4,-0.01,441,282663,卖盘
2172,13:38:04,6.41,0.01,167,107047,买盘
2173,13:38:07,6.41,0.0,28,17948,卖盘
2174,13:38:09,6.41,0.0,30,19230,卖盘
2175,13:38:12,6.42,0.01,8,5136,买盘
2176,13:38:18,6.42,0.0,5,3210,买盘
2177,13:38:30,6.41,-0.01,35,22435,卖盘
2178,13:38:37,6.41,0.0,80,51331,卖盘
2179,13:38:40,6.41,0.0,9,5769,卖盘
2180,13:38:42,6.41,0.0,157,100708,卖盘
2181,13:38:46,6.41,0.0,22,14102,卖盘
2182,13:38:48,6.41,0.0,22,14102,卖盘
2183,13:38:51,6.41,0.0,29,18589,买盘
2184,13:38:54,6.41,0.0,38,24324,买盘
2185,13:39:01,6.41,0.0,6,3846,买盘
2186,13:39:07,6.41,0.0,100,64100,买盘
2187,13:39:13,6.41,0.0,10,6410,买盘
2188,13:39:16,6.41,0.0,2,1282,买盘
2189,13:39:19,6.41,0.0,2,1282,买盘
2190,13:39:24,6.41,0.0,2,1282,买盘
2191,13:39:36,6.41,0.0,6,3846,买盘
2192,13:39:40,6.4,-0.01,8,5120,卖盘
2193,13:39:46,6.41,0.01,29,18589,买盘
2194,13:39:51,6.39,-0.02,405,259050,卖盘
2195,13:40:07,6.4,0.01,19,12160,卖盘
2196,13:40:12,6.4,0.0,19,12160,买盘
2197,13:40:27,6.41,0.01,10,6410,买盘
2198,13:40:39,6.41,0.0,2,1282,买盘
2199,13:40:51,6.4,-0.01,7,4480,卖盘
2200,13:40:55,6.4,0.0,3,1920,卖盘
2201,13:41:00,6.41,0.01,1,641,买盘
2202,13:41:16,6.4,-0.01,1,640,卖盘
2203,13:41:19,6.41,0.01,1,641,买盘
2204,13:41:22,6.4,-0.01,17,10880,卖盘
2205,13:41:30,6.4,0.0,23,14732,卖盘
2206,13:41:33,6.4,0.0,5,3200,卖盘
2207,13:41:36,6.4,0.0,6,3840,卖盘
2208,13:41:39,6.4,0.0,114,72960,卖盘
2209,13:41:45,6.4,0.0,8,5121,卖盘
2210,13:41:51,6.4,0.0,23,14722,卖盘
2211,13:41:54,6.4,0.0,10,6400,卖盘
2212,13:41:58,6.4,0.0,7,4480,卖盘
2213,13:42:06,6.4,0.0,30,19200,卖盘
2214,13:42:09,6.4,0.0,11,7040,卖盘
2215,13:42:12,6.4,0.0,40,25600,卖盘
2216,13:42:15,6.4,0.0,19,12160,卖盘
2217,13:42:18,6.4,0.0,3,1920,卖盘
2218,13:42:24,6.4,0.0,136,87040,卖盘
2219,13:42:27,6.4,0.0,14,8960,卖盘
2220,13:42:30,6.4,0.0,8,5120,买盘
2221,13:42:42,6.39,-0.01,57,36423,卖盘
2222,13:42:48,6.39,0.0,10,6390,卖盘
2223,13:42:55,6.39,0.0,11,7031,卖盘
2224,13:42:57,6.39,0.0,20,12780,卖盘
2225,13:43:04,6.39,0.0,16,10224,卖盘
2226,13:43:10,6.4,0.01,22,14080,买盘
2227,13:43:13,6.4,0.0,92,58880,买盘
2228,13:43:15,6.41,0.01,3,1923,买盘
2229,13:43:28,6.4,-0.01,10,6400,卖盘
2230,13:43:30,6.41,0.01,15,9615,买盘
2231,13:43:36,6.41,0.0,16,10256,买盘
2232,13:43:42,6.41,0.0,5,3205,买盘
2233,13:43:49,6.4,-0.01,12,7680,卖盘
2234,13:43:51,6.41,0.01,20,12806,买盘
2235,13:44:01,6.4,-0.01,20,12800,买盘
2236,13:44:04,6.41,0.01,2,1282,买盘
2237,13:44:07,6.41,0.0,108,69200,买盘
2238,13:44:18,6.4,-0.01,5,3200,卖盘
2239,13:44:21,6.41,0.01,14,8961,买盘
2240,13:44:34,6.4,-0.01,10,6400,卖盘
2241,13:44:39,6.4,0.0,12,7680,卖盘
2242,13:44:45,6.4,0.0,1,640,买盘
2243,13:44:48,6.41,0.01,203,130113,买盘
2244,13:44:54,6.4,-0.01,27,17280,卖盘
2245,13:45:00,6.4,0.0,3,1920,买盘
2246,13:45:09,6.41,0.01,39,24983,买盘
2247,13:45:12,6.4,-0.01,5,3200,卖盘
2248,13:45:24,6.4,0.0,2,1280,卖盘
2249,13:45:36,6.41,0.01,13,8333,买盘
2250,13:45:39,6.4,-0.01,100,64000,卖盘
2251,13:45:42,6.4,0.0,30,19200,卖盘
2252,13:45:55,6.4,0.0,18,11520,卖盘
2253,13:45:58,6.4,0.0,5,3200,卖盘
2254,13:46:04,6.4,0.0,99,63360,卖盘
2255,13:46:18,6.4,0.0,15,9595,买盘
2256,13:46:21,6.39,-0.01,5,3195,卖盘
2257,13:46:24,6.39,0.0,148,94572,卖盘
2258,13:46:27,6.39,0.0,6,3834,卖盘
2259,13:46:36,6.4,0.01,11,7040,买盘
2260,13:46:42,6.39,-0.01,10,6390,卖盘
2261,13:46:48,6.39,0.0,113,72217,卖盘
2262,13:46:51,6.38,-0.01,238,152050,卖盘
2263,13:46:54,6.38,0.0,6,3828,买盘
2264,13:47:04,6.37,-0.01,2,1274,卖盘
2265,13:47:06,6.38,0.01,35,22330,买盘
2266,13:47:09,6.37,-0.01,27,17199,卖盘
2267,13:47:12,6.37,0.0,120,76492,卖盘
2268,13:47:15,6.37,0.0,176,112112,卖盘
2269,13:47:24,6.38,0.01,8,5104,买盘
2270,13:47:27,6.38,0.0,11,7013,买盘
2271,13:47:33,6.38,0.0,10,6380,买盘
2272,13:47:36,6.38,0.0,16,10208,买盘
2273,13:47:45,6.38,0.0,1,638,买盘
2274,13:47:48,6.38,0.0,4,2552,买盘
2275,13:47:51,6.37,-0.01,5,3185,卖盘
2276,13:47:54,6.38,0.01,11,7018,买盘
2277,13:48:07,6.38,0.0,57,36310,买盘
2278,13:48:12,6.38,0.0,1,638,买盘
2279,13:48:15,6.38,0.0,3,1914,买盘
2280,13:48:18,6.37,-0.01,1,637,卖盘
2281,13:48:24,6.38,0.01,11,7018,买盘
2282,13:48:30,6.38,0.0,20,12760,买盘
2283,13:48:33,6.38,0.0,38,24244,买盘
2284,13:48:39,6.37,-0.01,180,114663,卖盘
2285,13:48:43,6.38,0.01,8,5104,买盘
2286,13:48:46,6.37,-0.01,2,1274,卖盘
2287,13:48:54,6.37,0.0,9,5733,卖盘
2288,13:48:58,6.37,0.0,63,40131,卖盘
2289,13:49:06,6.37,0.0,13,8280,买盘
2290,13:49:09,6.37,0.0,4,2548,买盘
2291,13:49:15,6.37,0.0,38,24206,卖盘
2292,13:49:21,6.37,0.0,46,29302,卖盘
2293,13:49:27,6.37,0.0,5,3185,买盘
2294,13:49:36,6.36,-0.01,8,5088,卖盘
2295,13:49:39,6.37,0.01,4,2548,买盘
2296,13:49:46,6.37,0.0,33,21021,卖盘
2297,13:49:51,6.37,0.0,16,10192,买盘
2298,13:49:54,6.37,0.0,5,3184,买盘
2299,13:50:01,6.36,-0.01,87,55418,卖盘
2300,13:50:04,6.37,0.01,28,17836,卖盘
2301,13:50:07,6.36,-0.01,29,18446,卖盘
2302,13:50:12,6.38,0.02,291,185523,买盘
2303,13:50:18,6.37,-0.01,48,30576,买盘
2304,13:50:22,6.37,0.0,100,63700,卖盘
2305,13:50:25,6.38,0.01,6,3828,买盘
2306,13:50:33,6.37,-0.01,14,8918,卖盘
2307,13:50:39,6.38,0.01,180,114840,买盘
2308,13:50:42,6.38,0.0,6,3828,卖盘
2309,13:50:51,6.39,0.01,1,639,买盘
2310,13:50:54,6.39,0.0,165,105435,买盘
2311,13:51:04,6.38,-0.01,8,5104,卖盘
2312,13:51:09,6.38,0.0,10,6380,卖盘
2313,13:51:12,6.38,0.0,1,638,卖盘
2314,13:51:15,6.38,0.0,75,47850,卖盘
2315,13:51:21,6.39,0.01,5,3195,买盘
2316,13:51:33,6.39,0.0,25,15975,买盘
2317,13:51:39,6.38,-0.01,123,78505,卖盘
2318,13:51:42,6.39,0.01,113,72207,买盘
2319,13:51:45,6.38,-0.01,75,47850,卖盘
2320,13:51:57,6.37,-0.01,29,18473,卖盘
2321,13:52:06,6.37,0.0,28,17836,卖盘
2322,13:52:10,6.38,0.01,3,1914,买盘
2323,13:52:24,6.38,0.0,8,5104,买盘
2324,13:52:30,6.38,0.0,7,4466,买盘
2325,13:52:33,6.37,-0.01,5,3185,卖盘
2326,13:52:39,6.37,0.0,26,16562,卖盘
2327,13:52:45,6.37,0.0,10,6370,卖盘
2328,13:52:52,6.37,0.0,2,1274,卖盘
2329,13:52:54,6.37,0.0,3,1911,卖盘
2330,13:52:57,6.37,0.0,50,31850,卖盘
2331,13:53:00,6.37,0.0,11,7017,卖盘
2332,13:53:03,6.37,0.0,4,2548,卖盘
2333,13:53:06,6.38,0.01,63,40194,买盘
2334,13:53:10,6.37,-0.01,60,38220,卖盘
2335,13:53:24,6.37,0.0,26,16562,卖盘
2336,13:53:33,6.37,0.0,13,8281,卖盘
2337,13:53:36,6.38,0.01,20,12760,买盘
2338,13:53:45,6.38,0.0,1,638,买盘
2339,13:53:48,6.38,0.0,11,7018,买盘
2340,13:53:51,6.37,-0.01,24,15292,卖盘
2341,13:53:54,6.38,0.01,10,6380,买盘
2342,13:54:01,6.38,0.0,14,8932,买盘
2343,13:54:03,6.38,0.0,321,204798,买盘
2344,13:54:06,6.38,0.0,31,19778,卖盘
2345,13:54:10,6.38,0.0,6,3828,卖盘
2346,13:54:16,6.38,0.0,136,86768,卖盘
2347,13:54:19,6.39,0.01,3,1917,买盘
2348,13:54:21,6.39,0.0,8,5112,买盘
2349,13:54:24,6.39,0.0,78,49829,买盘
2350,13:54:27,6.38,-0.01,13,8294,卖盘
2351,13:54:31,6.38,0.0,30,19140,卖盘
2352,13:54:33,6.38,0.0,3,1914,卖盘
2353,13:54:37,6.39,0.01,20,12780,买盘
2354,13:54:39,6.38,-0.01,422,269641,卖盘
2355,13:54:42,6.38,0.0,220,140360,卖盘
2356,13:54:45,6.38,0.0,11,7018,卖盘
2357,13:54:48,6.39,0.01,23,14676,买盘
2358,13:54:51,6.38,-0.01,86,54868,卖盘
2359,13:54:54,6.39,0.01,43,27477,买盘
2360,13:55:04,6.38,-0.01,5,3190,卖盘
2361,13:55:06,6.38,0.0,7,4466,卖盘
2362,13:55:09,6.39,0.01,30,19146,买盘
2363,13:55:12,6.39,0.0,8,5112,买盘
2364,13:55:19,6.38,-0.01,6,3828,卖盘
2365,13:55:21,6.39,0.01,211,134662,买盘
2366,13:55:27,6.39,0.0,10,6390,买盘
2367,13:55:30,6.38,-0.01,15,9570,卖盘
2368,13:55:36,6.39,0.01,31,19808,买盘
2369,13:55:39,6.38,-0.01,58,37005,卖盘
2370,13:55:51,6.38,0.0,5,3190,买盘
2371,13:55:57,6.38,0.0,34,21692,买盘
2372,13:56:07,6.37,-0.01,28,17836,卖盘
2373,13:56:18,6.37,0.0,4,2548,卖盘
2374,13:56:28,6.37,0.0,5,3185,卖盘
2375,13:56:33,6.37,0.0,1,637,卖盘
2376,13:56:36,6.37,0.0,64,40812,卖盘
2377,13:56:42,6.38,0.01,6,3828,买盘
2378,13:56:52,6.37,-0.01,10,6370,卖盘
2379,13:56:57,6.37,0.0,6,3822,卖盘
2380,13:57:03,6.37,0.0,76,48412,卖盘
2381,13:57:06,6.37,0.0,11,7007,卖盘
2382,13:57:09,6.37,0.0,145,92365,卖盘
2383,13:57:12,6.37,0.0,18,11466,买盘
2384,13:57:15,6.36,-0.01,24,15264,卖盘
2385,13:57:24,6.36,0.0,24,15264,卖盘
2386,13:57:30,6.36,0.0,138,87769,卖盘
2387,13:57:33,6.37,0.01,3,1911,买盘
2388,13:57:39,6.36,-0.01,8,5088,卖盘
2389,13:57:42,6.37,0.01,5,3185,买盘
2390,13:57:45,6.37,0.0,4,2548,买盘
2391,13:57:48,6.36,-0.01,15,9540,卖盘
2392,13:57:55,6.37,0.01,4,2548,买盘
2393,13:57:57,6.37,0.0,6,3822,买盘
2394,13:58:06,6.36,-0.01,35,22260,卖盘
2395,13:58:12,6.37,0.01,10,6370,买盘
2396,13:58:16,6.36,-0.01,2,1272,卖盘
2397,13:58:21,6.36,0.0,30,19080,卖盘
2398,13:58:31,6.36,0.0,30,19093,卖盘
2399,13:58:33,6.36,0.0,40,25440,卖盘
2400,13:58:37,6.36,0.0,7,4452,卖盘
2401,13:58:40,6.36,0.0,417,265212,卖盘
2402,13:58:43,6.36,0.0,3,1908,卖盘
2403,13:58:46,6.36,0.0,25,15900,卖盘
2404,13:58:51,6.36,0.0,41,26076,买盘
2405,13:58:54,6.36,0.0,106,67414,买盘
2406,13:58:58,6.35,-0.01,101,64235,卖盘
2407,13:59:00,6.36,0.01,12,7632,买盘
2408,13:59:04,6.35,-0.01,29,18434,卖盘
2409,13:59:07,6.36,0.01,16,10176,买盘
2410,13:59:18,6.36,0.0,96,61056,买盘
2411,13:59:24,6.37,0.01,590,375490,买盘
2412,13:59:36,6.36,-0.01,5,3180,卖盘
2413,13:59:46,6.37,0.01,47,29939,买盘
2414,13:59:49,6.37,0.0,191,121667,卖盘
2415,13:59:54,6.38,0.01,6,3828,买盘
2416,13:59:57,6.37,-0.01,4,2548,卖盘
2417,14:00:04,6.37,0.0,13,8281,卖盘
2418,14:00:07,6.37,0.0,29,18474,卖盘
2419,14:00:10,6.38,0.01,39,24882,买盘
2420,14:00:12,6.37,-0.01,29,18476,卖盘
2421,14:00:18,6.37,0.0,99,63065,卖盘
2422,14:00:21,6.37,0.0,12,7644,买盘
2423,14:00:24,6.37,0.0,17,10829,卖盘
2424,14:00:28,6.38,0.01,144,91859,买盘
2425,14:00:30,6.38,0.0,4,2552,卖盘
2426,14:00:34,6.36,-0.02,58,37002,卖盘
2427,14:00:36,6.38,0.02,10,6380,中性盘
2428,14:00:48,6.38,0.0,17,10846,买盘
2429,14:00:51,6.38,0.0,8,5104,卖盘
2430,14:00:55,6.37,-0.01,34,21658,卖盘
2431,14:00:57,6.37,0.0,56,35672,买盘
2432,14:01:04,6.37,0.0,50,31850,卖盘
2433,14:01:06,6.38,0.01,31,19778,买盘
2434,14:01:15,6.37,-0.01,1,637,卖盘
2435,14:01:18,6.38,0.01,13,8289,买盘
2436,14:01:21,6.37,-0.01,132,84108,卖盘
2437,14:01:24,6.38,0.01,1,638,买盘
2438,14:01:30,6.38,0.0,10,6380,买盘
2439,14:01:34,6.38,0.0,26,16588,买盘
2440,14:01:36,6.39,0.01,5,3195,买盘
2441,14:01:39,6.38,-0.01,82,52316,卖盘
2442,14:01:42,6.38,0.0,1,638,卖盘
2443,14:01:45,6.38,0.0,21,13398,卖盘
2444,14:01:52,6.38,0.0,96,61168,买盘
2445,14:01:54,6.38,0.0,10,6380,买盘
2446,14:01:57,6.38,0.0,5,3190,买盘
2447,14:02:04,6.37,-0.01,75,47775,卖盘
2448,14:02:06,6.37,0.0,44,28034,卖盘
2449,14:02:12,6.37,0.0,1,637,卖盘
2450,14:02:15,6.37,0.0,21,13377,卖盘
2451,14:02:21,6.37,0.0,44,28028,卖盘
2452,14:02:30,6.38,0.01,69,43958,买盘
2453,14:02:33,6.37,-0.01,48,30576,卖盘
2454,14:02:42,6.37,0.0,20,12740,买盘
2455,14:02:48,6.37,0.0,1,637,买盘
2456,14:02:54,6.37,0.0,99,63058,买盘
2457,14:03:04,6.37,0.0,26,16562,买盘
2458,14:03:09,6.37,0.0,54,34398,买盘
2459,14:03:27,6.37,0.0,1,637,买盘
2460,14:03:30,6.37,0.0,40,25480,买盘
2461,14:03:43,6.37,0.0,30,19110,买盘
2462,14:03:48,6.37,0.0,57,36309,买盘
2463,14:04:04,6.37,0.0,17,10829,买盘
2464,14:04:07,6.36,-0.01,29,18444,卖盘
2465,14:04:09,6.37,0.01,74,47138,买盘
2466,14:04:12,6.37,0.0,7,4459,买盘
2467,14:04:15,6.36,-0.01,21,13358,卖盘
2468,14:04:18,6.36,0.0,20,12720,卖盘
2469,14:04:21,6.36,0.0,12,7632,卖盘
2470,14:04:37,6.37,0.01,170,108290,买盘
2471,14:04:39,6.36,-0.01,6,3816,卖盘
2472,14:04:48,6.37,0.01,33,21021,买盘
2473,14:04:54,6.37,0.0,18,11465,买盘
2474,14:04:57,6.36,-0.01,5,3180,卖盘
2475,14:05:07,6.36,0.0,73,46438,卖盘
2476,14:05:09,6.36,0.0,4,2544,卖盘
2477,14:05:16,6.36,0.0,109,69324,卖盘
2478,14:05:19,6.36,0.0,32,20352,卖盘
2479,14:05:22,6.36,0.0,13,8268,卖盘
2480,14:05:24,6.36,0.0,98,62424,卖盘
2481,14:05:27,6.36,0.0,114,72504,卖盘
2482,14:05:36,6.36,0.0,4,2546,卖盘
2483,14:05:42,6.36,0.0,120,76321,卖盘
2484,14:05:51,6.36,0.0,108,68688,卖盘
2485,14:05:54,6.36,0.0,83,52788,卖盘
2486,14:06:01,6.36,0.0,33,20988,卖盘
2487,14:06:06,6.36,0.0,28,17808,卖盘
2488,14:06:12,6.36,0.0,132,83952,卖盘
2489,14:06:16,6.37,0.01,30,19110,买盘
2490,14:06:27,6.36,-0.01,80,50880,卖盘
2491,14:06:37,6.36,0.0,13,8268,卖盘
2492,14:06:39,6.36,0.0,2,1272,卖盘
2493,14:06:52,6.36,0.0,4,2544,卖盘
2494,14:06:55,6.36,0.0,9,5724,卖盘
2495,14:06:58,6.36,0.0,83,52788,卖盘
2496,14:07:00,6.36,0.0,14,8904,卖盘
2497,14:07:04,6.36,0.0,3,1909,卖盘
2498,14:07:07,6.36,0.0,13,8268,卖盘
2499,14:07:10,6.36,0.0,6,3816,卖盘
2500,14:07:13,6.36,0.0,203,129108,卖盘
2501,14:07:19,6.36,0.0,77,48972,卖盘
2502,14:07:28,6.35,-0.01,522,331470,卖盘
2503,14:07:31,6.36,0.01,25,15885,买盘
2504,14:07:34,6.35,-0.01,286,181610,卖盘
2505,14:07:37,6.35,0.0,134,85115,卖盘
2506,14:07:45,6.34,-0.01,10,6340,卖盘
2507,14:07:49,6.34,0.0,16,10144,卖盘
2508,14:07:52,6.35,0.01,1087,688883,买盘
2509,14:07:55,6.35,0.0,124,78740,卖盘
2510,14:07:58,6.35,0.0,15,9525,卖盘
2511,14:08:01,6.35,0.0,52,33020,买盘
2512,14:08:04,6.34,-0.01,118,74703,卖盘
2513,14:08:07,6.34,0.0,57,36167,卖盘
2514,14:08:12,6.34,0.0,10,6340,卖盘
2515,14:08:19,6.33,-0.01,17,10766,卖盘
2516,14:08:22,6.34,0.01,10,6340,买盘
2517,14:08:25,6.34,0.0,46,29164,买盘
2518,14:08:28,6.33,-0.01,48,30410,卖盘
2519,14:08:31,6.33,0.0,66,41778,卖盘
2520,14:08:34,6.33,0.0,7,4431,卖盘
2521,14:08:37,6.34,0.01,362,229211,买盘
2522,14:08:49,6.34,0.0,26,16484,买盘
2523,14:08:52,6.33,-0.01,15,9500,卖盘
2524,14:08:55,6.33,0.0,114,72192,卖盘
2525,14:08:58,6.33,0.0,50,31650,卖盘
2526,14:09:01,6.33,0.0,48,30384,买盘
2527,14:09:06,6.33,0.0,10,6330,买盘
2528,14:09:10,6.32,-0.01,9,5688,卖盘
2529,14:09:12,6.33,0.01,54,34180,买盘
2530,14:09:16,6.32,-0.01,10,6320,卖盘
2531,14:09:19,6.33,0.01,15,9484,买盘
2532,14:09:22,6.32,-0.01,40,25280,卖盘
2533,14:09:25,6.32,0.0,5,3160,卖盘
2534,14:09:27,6.33,0.01,23,14539,买盘
2535,14:09:31,6.33,0.0,23,14549,买盘
2536,14:09:33,6.33,0.0,119,75260,买盘
2537,14:09:37,6.33,0.0,116,73428,卖盘
2538,14:09:39,6.33,0.0,90,56970,卖盘
2539,14:09:42,6.34,0.01,49,31018,买盘
2540,14:09:45,6.33,-0.01,2,1266,卖盘
2541,14:09:55,6.33,0.0,10,6330,卖盘
2542,14:10:01,6.33,0.0,66,41786,卖盘
2543,14:10:04,6.33,0.0,69,43727,卖盘
2544,14:10:07,6.33,0.0,38,24064,卖盘
2545,14:10:09,6.34,0.01,8,5072,买盘
2546,14:10:13,6.33,-0.01,10,6330,卖盘
2547,14:10:16,6.33,0.0,10,6330,卖盘
2548,14:10:22,6.34,0.01,4,2533,买盘
2549,14:10:25,6.34,0.0,50,31700,买盘
2550,14:10:28,6.34,0.0,2,1268,买盘
2551,14:10:34,6.34,0.0,52,32968,买盘
2552,14:10:36,6.34,0.0,20,12680,买盘
2553,14:10:42,6.34,0.0,27,17108,买盘
2554,14:10:49,6.33,-0.01,37,23456,卖盘
2555,14:10:52,6.34,0.01,6,3804,卖盘
2556,14:10:58,6.34,0.0,1,634,卖盘
2557,14:11:01,6.34,0.0,5,3170,卖盘
2558,14:11:04,6.35,0.01,8,5080,买盘
2559,14:11:07,6.34,-0.01,87,55158,卖盘
2560,14:11:10,6.34,0.0,54,34196,买盘
2561,14:11:16,6.33,-0.01,10,6330,卖盘
2562,14:11:19,6.34,0.01,56,35454,买盘
2563,14:11:21,6.33,-0.01,2,1266,卖盘
2564,14:11:27,6.33,0.0,78,49374,卖盘
2565,14:11:34,6.34,0.01,2,1268,买盘
2566,14:11:37,6.34,0.0,16,10141,买盘
2567,14:11:40,6.33,-0.01,22,13926,卖盘
2568,14:11:43,6.33,0.0,67,42411,卖盘
2569,14:11:46,6.33,0.0,20,12660,买盘
2570,14:11:55,6.33,0.0,5,3165,买盘
2571,14:11:58,6.32,-0.01,78,49316,卖盘
2572,14:12:01,6.32,0.0,48,30336,卖盘
2573,14:12:04,6.33,0.01,181,114397,买盘
2574,14:12:07,6.32,-0.01,197,124509,卖盘
2575,14:12:10,6.32,0.0,104,65728,卖盘
2576,14:12:13,6.32,0.0,5,3160,卖盘
2577,14:12:15,6.32,0.0,100,63200,卖盘
2578,14:12:18,6.32,0.0,10,6320,卖盘
2579,14:12:21,6.32,0.0,15,9480,买盘
2580,14:12:28,6.32,0.0,3241,2043407,买盘
2581,14:12:33,6.32,0.0,57,36019,买盘
2582,14:12:36,6.31,-0.01,65,41035,卖盘
2583,14:12:40,6.31,0.0,5,3155,买盘
2584,14:12:43,6.3,-0.01,74,46622,卖盘
2585,14:12:46,6.3,0.0,26,16382,卖盘
2586,14:12:49,6.3,0.0,32,20160,买盘
2587,14:12:52,6.3,0.0,6,3780,买盘
2588,14:12:54,6.3,0.0,5,3150,买盘
2589,14:12:58,6.3,0.0,158,99548,买盘
2590,14:13:01,6.29,-0.01,167,105076,卖盘
2591,14:13:04,6.3,0.01,126,79326,买盘
2592,14:13:07,6.29,-0.01,103,64849,卖盘
2593,14:13:10,6.29,0.0,30,18870,买盘
2594,14:13:13,6.29,0.0,44,27676,买盘
2595,14:13:16,6.29,0.0,50,31428,买盘
2596,14:13:19,6.29,0.0,38,23902,买盘
2597,14:13:22,6.28,-0.01,43,27014,卖盘
2598,14:13:24,6.28,0.0,5,3140,卖盘
2599,14:13:27,6.29,0.01,40,25151,买盘
2600,14:13:31,6.28,-0.01,91,57156,卖盘
2601,14:13:34,6.28,0.0,77,48391,卖盘
2602,14:13:37,6.3,0.02,34,21397,买盘
2603,14:13:40,6.3,0.0,159,100038,买盘
2604,14:13:43,6.3,0.0,1,630,买盘
2605,14:13:45,6.29,-0.01,67,42188,卖盘
2606,14:13:48,6.29,0.0,15,9440,卖盘
2607,14:13:52,6.3,0.01,114,71776,买盘
2608,14:13:57,6.3,0.0,211,132930,卖盘
2609,14:14:00,6.29,-0.01,2,1258,卖盘
2610,14:14:04,6.3,0.01,3,1888,买盘
2611,14:14:07,6.29,-0.01,72,45288,卖盘
2612,14:14:10,6.3,0.01,7,4410,买盘
2613,14:14:13,6.29,-0.01,229,144018,卖盘
2614,14:14:16,6.3,0.01,45,28340,买盘
2615,14:14:19,6.29,-0.01,24,15110,卖盘
2616,14:14:22,6.3,0.01,24,15102,买盘
2617,14:14:25,6.29,-0.01,113,71173,卖盘
2618,14:14:28,6.3,0.01,51,32130,买盘
2619,14:14:31,6.3,0.0,51,32105,买盘
2620,14:14:34,6.3,0.0,20,12600,买盘
2621,14:14:42,6.3,0.0,33,20796,卖盘
2622,14:14:45,6.31,0.01,6,3786,中性盘
2623,14:14:49,6.31,0.0,3,1893,卖盘
2624,14:14:52,6.31,0.0,15,9466,卖盘
2625,14:14:54,6.32,0.01,7,4424,买盘
2626,14:14:57,6.32,0.0,24,15168,买盘
2627,14:15:04,6.32,0.0,67,42344,买盘
2628,14:15:07,6.32,0.0,63,39816,卖盘
2629,14:15:12,6.33,0.01,132,83442,买盘
2630,14:15:21,6.32,-0.01,30,18960,买盘
2631,14:15:27,6.32,0.0,20,12640,买盘
2632,14:15:39,6.33,0.01,64,40512,买盘
2633,14:15:42,6.33,0.0,13,8229,卖盘
2634,14:15:45,6.33,0.0,40,25336,卖盘
2635,14:15:49,6.34,0.01,2,1268,买盘
2636,14:15:52,6.33,-0.01,38,24054,卖盘
2637,14:15:55,6.32,-0.01,20,12640,卖盘
2638,14:15:57,6.32,0.0,26,16448,卖盘
2639,14:16:04,6.32,0.0,12,7584,卖盘
2640,14:16:06,6.33,0.01,71,44915,买盘
2641,14:16:15,6.32,-0.01,73,46139,卖盘
2642,14:16:22,6.32,0.0,46,29072,卖盘
2643,14:16:25,6.32,0.0,3,1896,卖盘
2644,14:16:28,6.32,0.0,39,24648,买盘
2645,14:16:33,6.32,0.0,10,6320,买盘
2646,14:16:36,6.31,-0.01,114,71942,卖盘
2647,14:16:43,6.4,0.09,3046,1938345,买盘
2648,14:16:45,6.4,0.0,1,640,卖盘
2649,14:16:48,6.32,-0.08,22,13930,卖盘
2650,14:17:04,6.34,0.02,42,26620,买盘
2651,14:17:07,6.33,-0.01,13,8229,买盘
2652,14:17:10,6.39,0.06,64,40814,买盘
2653,14:17:15,6.35,-0.04,1,635,中性盘
2654,14:17:18,6.36,0.01,30,19080,买盘
2655,14:17:21,6.36,0.0,83,52788,买盘
2656,14:17:24,6.35,-0.01,133,84532,卖盘
2657,14:17:27,6.34,-0.01,23,14582,卖盘
2658,14:17:30,6.34,0.0,42,26655,卖盘
2659,14:17:34,6.35,0.01,22,13968,买盘
2660,14:17:37,6.38,0.03,34,21618,买盘
2661,14:17:45,6.38,0.0,15,9570,买盘
2662,14:17:48,6.38,0.0,47,29986,买盘
2663,14:17:51,6.38,0.0,28,17864,买盘
2664,14:17:54,6.38,0.0,19,12122,买盘
2665,14:18:00,6.38,0.0,7,4466,卖盘
2666,14:18:04,6.39,0.01,20,12780,买盘
2667,14:18:06,6.38,-0.01,41,26159,卖盘
2668,14:18:10,6.38,0.0,2,1276,买盘
2669,14:18:12,6.37,-0.01,7,4459,卖盘
2670,14:18:15,6.38,0.01,86,54868,买盘
2671,14:18:18,6.38,0.0,228,145418,买盘
2672,14:18:21,6.38,0.0,2,1276,买盘
2673,14:18:25,6.38,0.0,68,43384,买盘
2674,14:18:28,6.36,-0.02,119,75749,卖盘
2675,14:18:34,6.38,0.02,2,1276,买盘
2676,14:18:36,6.38,0.0,44,28072,买盘
2677,14:18:43,6.38,0.0,285,181304,买盘
2678,14:18:45,6.38,0.0,19,12122,买盘
2679,14:18:49,6.38,0.0,20,12760,买盘
2680,14:18:52,6.37,-0.01,50,31850,卖盘
2681,14:19:04,6.37,0.0,17,10829,买盘
2682,14:19:06,6.37,0.0,6,3822,买盘
2683,14:19:09,6.37,0.0,14,8918,买盘
2684,14:19:15,6.36,-0.01,8,5088,卖盘
2685,14:19:24,6.36,0.0,16,10176,卖盘
2686,14:19:27,6.37,0.01,22,14012,买盘
2687,14:19:34,6.37,0.0,14,8918,买盘
2688,14:19:37,6.37,0.0,16,10192,买盘
2689,14:19:39,6.36,-0.01,10,6360,卖盘
2690,14:19:43,6.37,0.01,13,8273,买盘
2691,14:19:46,6.37,0.0,58,36946,买盘
2692,14:19:49,6.37,0.0,3,1911,买盘
2693,14:19:51,6.37,0.0,71,45162,买盘
2694,14:19:54,6.37,0.0,3,1911,买盘
2695,14:20:10,6.36,-0.01,11,6996,买盘
2696,14:20:13,6.36,0.0,10,6360,买盘
2697,14:20:21,6.36,0.0,20,12720,买盘
2698,14:20:46,6.35,-0.01,50,31750,卖盘
2699,14:21:06,6.35,0.0,51,32385,买盘
2700,14:21:09,6.35,0.0,19,12065,卖盘
2701,14:21:24,6.35,0.0,8,5080,买盘
2702,14:21:34,6.35,0.0,15,9525,买盘
2703,14:21:40,6.35,0.0,54,34290,买盘
2704,14:21:43,6.35,0.0,41,26035,买盘
2705,14:21:49,6.36,0.01,10,6360,买盘
2706,14:22:04,6.36,0.0,7,4452,买盘
2707,14:22:07,6.36,0.0,66,41948,买盘
2708,14:22:10,6.36,0.0,99,62964,买盘
2709,14:22:13,6.36,0.0,15,9540,买盘
2710,14:22:16,6.35,-0.01,474,301966,卖盘
2711,14:22:28,6.36,0.01,1,636,卖盘
2712,14:22:37,6.38,0.02,21,13398,买盘
2713,14:22:40,6.38,0.0,5,3190,买盘
2714,14:22:45,6.36,-0.02,3,1908,卖盘
2715,14:22:55,6.38,0.02,54,34438,买盘
2716,14:23:00,6.36,-0.02,97,61692,卖盘
2717,14:23:04,6.36,0.0,1,636,买盘
2718,14:23:06,6.36,0.0,1,636,买盘
2719,14:23:09,6.36,0.0,54,34344,买盘
2720,14:23:15,6.36,0.0,2,1272,买盘
2721,14:23:19,6.36,0.0,66,41976,买盘
2722,14:23:27,6.37,0.01,183,116390,买盘
2723,14:23:30,6.36,-0.01,112,71235,卖盘
2724,14:23:34,6.36,0.0,10,6360,卖盘
2725,14:23:42,6.38,0.02,20,12760,买盘
2726,14:23:46,6.38,0.0,32,20416,买盘
2727,14:23:48,6.36,-0.02,8,5088,卖盘
2728,14:23:52,6.37,0.01,7,4459,买盘
2729,14:23:54,6.37,0.0,6,3822,买盘
2730,14:23:57,6.37,0.0,8,5096,中性盘
2731,14:24:00,6.37,0.0,5,3185,卖盘
2732,14:24:10,6.37,0.0,19,12103,卖盘
2733,14:24:19,6.38,0.01,200,127600,买盘
2734,14:24:22,6.37,-0.01,18,11466,卖盘
2735,14:24:28,6.38,0.01,40,25481,买盘
2736,14:24:30,6.36,-0.02,13,8268,卖盘
2737,14:24:46,6.38,0.02,20,12760,买盘
2738,14:24:54,6.38,0.0,138,88044,买盘
2739,14:25:07,6.38,0.0,206,131428,买盘
2740,14:25:10,6.38,0.0,22,14036,卖盘
2741,14:25:15,6.38,0.0,12,7656,卖盘
2742,14:25:18,6.39,0.01,81,51757,买盘
2743,14:25:22,6.38,-0.01,20,12760,卖盘
2744,14:25:25,6.38,0.0,6,3828,卖盘
2745,14:25:27,6.38,0.0,13,8294,卖盘
2746,14:25:34,6.38,0.0,5,3190,买盘
2747,14:25:37,6.38,0.0,12,7656,卖盘
2748,14:25:40,6.39,0.01,5,3192,买盘
2749,14:25:52,6.37,-0.02,15,9555,卖盘
2750,14:25:55,6.37,0.0,7,4459,买盘
2751,14:26:01,6.37,0.0,2,1274,买盘
2752,14:26:07,6.36,-0.01,28,17808,卖盘
2753,14:26:09,6.36,0.0,1,636,卖盘
2754,14:26:12,6.36,0.0,6,3816,卖盘
2755,14:26:16,6.36,0.0,3,1908,卖盘
2756,14:26:19,6.37,0.01,1,637,买盘
2757,14:26:43,6.37,0.0,10,6370,买盘
2758,14:26:49,6.37,0.0,8,5096,买盘
2759,14:26:54,6.36,-0.01,3,1908,卖盘
2760,14:27:01,6.37,0.01,23,14646,买盘
2761,14:27:10,6.36,-0.01,1,636,卖盘
2762,14:27:15,6.37,0.01,10,6370,买盘
2763,14:27:21,6.37,0.0,1,637,买盘
2764,14:27:36,6.36,-0.01,11,6996,卖盘
2765,14:27:43,6.37,0.01,1,637,买盘
2766,14:27:46,6.37,0.0,66,42042,买盘
2767,14:27:58,6.37,0.0,1,637,买盘
2768,14:28:00,6.36,-0.01,117,74412,卖盘
2769,14:28:03,6.37,0.01,9,5733,买盘
2770,14:28:07,6.36,-0.01,46,29274,卖盘
2771,14:28:10,6.37,0.01,20,12740,买盘
2772,14:28:13,6.37,0.0,6,3822,买盘
2773,14:28:19,6.36,-0.01,6,3816,卖盘
2774,14:28:27,6.37,0.01,5,3185,买盘
2775,14:28:31,6.37,0.0,9,5729,买盘
2776,14:28:45,6.37,0.0,100,63700,买盘
2777,14:28:48,6.37,0.0,7,4459,买盘
2778,14:28:54,6.37,0.0,1,637,卖盘
2779,14:29:01,6.38,0.01,1,638,买盘
2780,14:29:04,6.38,0.0,2,1276,买盘
2781,14:29:06,6.37,-0.01,33,21021,卖盘
2782,14:29:10,6.37,0.0,3,1911,卖盘
2783,14:29:16,6.37,0.0,26,16562,卖盘
2784,14:29:25,6.37,0.0,1,637,买盘
2785,14:29:37,6.37,0.0,30,19110,买盘
2786,14:29:43,6.37,0.0,1,637,买盘
2787,14:29:46,6.37,0.0,9,5728,买盘
2788,14:29:55,6.36,-0.01,15,9550,卖盘
2789,14:30:00,6.36,0.0,16,10176,卖盘
2790,14:30:04,6.36,0.0,75,47700,卖盘
2791,14:30:07,6.36,0.0,170,108120,卖盘
2792,14:30:10,6.36,0.0,73,46428,卖盘
2793,14:30:16,6.36,0.0,72,45792,卖盘
2794,14:30:22,6.36,0.0,119,75747,卖盘
2795,14:30:25,6.36,0.0,8,5088,卖盘
2796,14:30:30,6.36,0.0,200,127200,卖盘
2797,14:30:33,6.36,0.0,10,6360,卖盘
2798,14:30:36,6.36,0.0,144,91584,卖盘
2799,14:30:40,6.36,0.0,46,29256,卖盘
2800,14:30:42,6.36,0.0,17,10812,卖盘
2801,14:30:46,6.36,0.0,125,79500,卖盘
2802,14:30:51,6.36,0.0,3,1908,卖盘
2803,14:30:55,6.35,-0.01,337,214081,卖盘
2804,14:31:07,6.34,-0.01,1,634,卖盘
2805,14:31:09,6.35,0.01,2,1270,买盘
2806,14:31:13,6.35,0.0,31,19685,买盘
2807,14:31:16,6.35,0.0,54,34276,买盘
2808,14:31:22,6.35,0.0,23,14605,买盘
2809,14:31:25,6.34,-0.01,46,29166,卖盘
2810,14:31:28,6.34,0.0,2,1268,买盘
2811,14:31:34,6.34,0.0,20,12680,买盘
2812,14:31:36,6.33,-0.01,30,18990,卖盘
2813,14:31:42,6.33,0.0,10,6330,卖盘
2814,14:31:49,6.33,0.0,10,6330,卖盘
2815,14:31:58,6.34,0.01,22,13948,买盘
2816,14:32:01,6.34,0.0,10,6340,买盘
2817,14:32:07,6.34,0.0,141,89258,买盘
2818,14:32:16,6.34,0.0,7,4438,买盘
2819,14:32:19,6.33,-0.01,19,12027,卖盘
2820,14:32:22,6.33,0.0,2,950,卖盘
2821,14:32:25,6.33,0.0,16,10128,卖盘
2822,14:32:34,6.34,0.01,16,10144,买盘
2823,14:32:36,6.34,0.0,6,3804,买盘
2824,14:32:40,6.33,-0.01,105,66782,卖盘
2825,14:32:43,6.34,0.01,91,57630,买盘
2826,14:32:51,6.33,-0.01,18,11394,卖盘
2827,14:33:00,6.34,0.01,26,16484,买盘
2828,14:33:03,6.33,-0.01,26,16469,卖盘
2829,14:33:06,6.33,0.0,45,28485,卖盘
2830,14:33:13,6.33,0.0,9,5697,买盘
2831,14:33:16,6.33,0.0,10,6330,买盘
2832,14:33:19,6.33,0.0,10,6330,卖盘
2833,14:33:22,6.33,0.0,29,18357,卖盘
2834,14:33:25,6.33,0.0,11,6963,卖盘
2835,14:33:33,6.33,0.0,27,17091,卖盘
2836,14:33:49,6.33,0.0,64,40545,卖盘
2837,14:33:52,6.33,0.0,58,36730,卖盘
2838,14:33:55,6.33,0.0,19,12027,卖盘
2839,14:34:04,6.33,0.0,16,10129,卖盘
2840,14:34:06,6.34,0.01,120,75667,买盘
2841,14:34:10,6.34,0.0,2,1268,卖盘
2842,14:34:19,6.34,0.0,35,22190,卖盘
2843,14:34:27,6.34,0.0,22,13948,卖盘
2844,14:34:31,6.34,0.0,1,634,卖盘
2845,14:34:34,6.35,0.01,1,635,买盘
2846,14:34:37,6.35,0.0,51,32385,买盘
2847,14:34:46,6.34,-0.01,67,42544,卖盘
2848,14:34:49,6.35,0.01,154,97790,买盘
2849,14:34:52,6.35,0.0,50,31750,买盘
2850,14:34:58,6.35,0.0,70,44425,买盘
2851,14:35:01,6.35,0.0,41,26035,买盘
2852,14:35:04,6.35,0.0,18,11430,卖盘
2853,14:35:06,6.35,0.0,23,14605,卖盘
2854,14:35:10,6.35,0.0,5,3175,买盘
2855,14:35:16,6.35,0.0,1,635,买盘
2856,14:35:19,6.34,-0.01,7,4438,卖盘
2857,14:35:24,6.34,0.0,42,26628,卖盘
2858,14:35:34,6.34,0.0,4,2536,卖盘
2859,14:35:37,6.34,0.0,30,19020,卖盘
2860,14:35:43,6.34,0.0,20,12680,卖盘
2861,14:35:46,6.35,0.01,101,64064,买盘
2862,14:35:49,6.34,-0.01,36,23141,卖盘
2863,14:35:52,6.33,-0.01,18,11399,卖盘
2864,14:35:55,6.34,0.01,5,3170,买盘
2865,14:36:00,6.34,0.0,20,12680,买盘
2866,14:36:04,6.33,-0.01,49,31036,卖盘
2867,14:36:07,6.33,0.0,29,18357,卖盘
2868,14:36:10,6.33,0.0,158,100014,卖盘
2869,14:36:13,6.34,0.01,108,68155,买盘
2870,14:36:19,6.34,0.0,105,66570,卖盘
2871,14:36:25,6.35,0.01,115,72993,买盘
2872,14:36:31,6.34,-0.01,135,85595,卖盘
2873,14:36:40,6.34,0.0,15,9827,卖盘
2874,14:36:42,6.34,0.0,7,4121,买盘
2875,14:36:48,6.34,0.0,63,39948,卖盘
