,time,price,change,volume,amount,type
0,09:25:04,11.1,-0.09,172,190920,买盘
1,09:30:04,11.05,-0.05,159,176184,卖盘
2,09:30:07,11.05,0.0,20,22100,买盘
3,09:30:09,11.05,0.0,30,33150,买盘
4,09:30:13,11.03,-0.02,10,11030,卖盘
5,09:30:25,11.04,0.01,5,5520,卖盘
6,09:30:27,11.04,0.0,1,1104,卖盘
7,09:30:31,11.04,0.0,9,9936,卖盘
8,09:30:36,11.05,0.01,24,26506,买盘
9,09:30:55,11.05,0.0,24,26520,卖盘
10,09:31:01,11.05,0.0,18,19890,卖盘
11,09:31:07,11.05,0.0,2,2210,卖盘
12,09:31:10,11.05,0.0,18,19889,买盘
13,09:31:16,11.04,-0.01,6,6624,卖盘
14,09:31:18,11.04,0.0,2,2208,卖盘
15,09:31:22,11.05,0.01,22,24310,买盘
16,09:31:25,11.04,-0.01,26,28735,卖盘
17,09:31:33,11.05,0.01,1,1105,卖盘
18,09:31:40,11.06,0.01,97,107123,买盘
19,09:31:43,11.05,-0.01,3,3315,卖盘
20,09:31:49,11.04,-0.01,1,1104,卖盘
21,09:31:51,11.05,0.01,10,11050,买盘
22,09:31:58,11.05,0.0,10,11043,买盘
23,09:32:01,11.05,0.0,1,1105,卖盘
24,09:32:06,11.05,0.0,13,14365,卖盘
25,09:32:10,11.04,-0.01,7,7728,卖盘
26,09:32:13,11.04,0.0,11,12154,卖盘
27,09:32:16,11.04,0.0,10,11040,卖盘
28,09:32:19,11.03,-0.01,10,11030,卖盘
29,09:32:22,11.03,0.0,8,8824,卖盘
30,09:32:25,11.04,0.01,34,37527,买盘
31,09:32:31,11.04,0.0,15,16550,买盘
32,09:32:33,11.03,-0.01,1,1103,卖盘
33,09:32:37,11.02,-0.01,11,12132,卖盘
34,09:32:40,11.03,0.01,5,5515,卖盘
35,09:32:43,11.02,-0.01,63,69429,卖盘
36,09:32:45,11.02,0.0,4,4408,卖盘
37,09:32:49,11.03,0.01,4,4411,买盘
38,09:32:51,11.01,-0.02,1,1101,卖盘
39,09:32:57,11.01,0.0,30,33030,卖盘
40,09:33:01,11.01,0.0,2,2202,卖盘
41,09:33:07,11.0,-0.01,20,22000,卖盘
42,09:33:10,11.0,0.0,65,71500,卖盘
43,09:33:16,11.01,0.01,14,15401,买盘
44,09:33:19,11.0,-0.01,1,1100,卖盘
45,09:33:22,11.0,0.0,43,47300,卖盘
46,09:33:24,11.01,0.01,8,8807,买盘
47,09:33:28,11.0,-0.01,6,6605,卖盘
48,09:33:37,11.01,0.01,58,63838,买盘
49,09:33:40,11.01,0.0,9,9909,卖盘
50,09:33:46,11.01,0.0,5,5505,卖盘
51,09:33:49,11.03,0.02,27,29737,买盘
52,09:33:52,11.01,-0.02,14,15414,卖盘
53,09:33:54,11.01,0.0,11,12110,买盘
54,09:33:58,11.01,0.0,5,5505,买盘
55,09:34:04,11.01,0.0,20,22020,买盘
56,09:34:06,11.0,-0.01,4,4400,卖盘
57,09:34:16,11.0,0.0,22,24200,买盘
58,09:34:19,11.0,0.0,50,54985,买盘
59,09:34:24,11.0,0.0,21,23090,买盘
60,09:34:28,10.99,-0.01,12,13188,卖盘
61,09:34:31,11.0,0.01,10,11000,买盘
62,09:34:34,11.0,0.0,17,18744,买盘
63,09:34:37,11.0,0.0,1,1705,卖盘
64,09:34:40,11.01,0.01,50,55050,买盘
65,09:34:46,11.0,-0.01,1,1100,卖盘
66,09:34:52,11.0,0.0,6,5951,买盘
67,09:34:55,11.0,0.0,19,20899,买盘
68,09:35:01,11.0,0.0,10,11000,买盘
69,09:35:04,10.99,-0.01,1,1099,卖盘
70,09:35:12,10.99,0.0,7,7693,卖盘
71,09:35:16,11.0,0.01,7,7699,买盘
72,09:35:19,10.99,-0.01,26,28574,卖盘
73,09:35:22,11.0,0.01,4,4397,买盘
74,09:35:25,10.99,-0.01,68,74799,卖盘
75,09:35:28,10.98,-0.01,1,1098,卖盘
76,09:35:46,10.99,0.01,10,10990,买盘
77,09:35:49,10.99,0.0,1,1099,卖盘
78,09:35:54,11.0,0.01,5,5500,买盘
79,09:35:58,10.99,-0.01,1,1099,卖盘
80,09:36:07,10.99,0.0,8,8792,卖盘
81,09:36:10,10.99,0.0,6,6593,买盘
82,09:36:18,10.98,-0.01,2,2197,卖盘
83,09:36:21,10.99,0.01,12,13188,买盘
84,09:36:28,10.99,0.0,9,9891,买盘
85,09:36:31,10.99,0.0,7,7693,买盘
86,09:36:39,10.99,0.0,9,9891,卖盘
87,09:36:49,10.99,0.0,3,3297,买盘
88,09:36:52,10.99,0.0,6,6594,买盘
89,09:36:55,10.99,0.0,14,15377,买盘
90,09:37:01,10.99,0.0,25,27475,买盘
91,09:37:04,10.98,-0.01,39,42822,卖盘
92,09:37:07,10.98,0.0,5,5490,卖盘
93,09:37:13,10.98,0.0,44,48342,卖盘
94,09:37:16,10.98,0.0,15,16452,买盘
95,09:37:28,10.99,0.01,10,10990,中性盘
96,09:37:34,10.99,0.0,20,21980,卖盘
97,09:37:40,11.0,0.01,6,7249,买盘
98,09:37:48,11.0,0.0,25,27500,卖盘
99,09:37:52,11.01,0.01,4,4404,买盘
100,09:37:55,11.01,0.0,31,34131,卖盘
101,09:37:58,11.0,-0.01,40,44004,卖盘
102,09:38:01,11.0,0.0,3,3300,卖盘
103,09:38:04,11.0,0.0,20,22000,卖盘
104,09:38:07,11.01,0.01,3,3303,买盘
105,09:38:10,11.0,-0.01,14,15400,卖盘
106,09:38:19,11.0,0.0,10,11000,卖盘
107,09:38:28,11.01,0.01,6,6605,买盘
108,09:38:34,11.01,0.0,3,3303,买盘
109,09:38:40,11.01,0.0,27,29727,买盘
110,09:38:43,11.01,0.0,3,3303,买盘
111,09:38:49,11.01,0.0,34,37434,买盘
112,09:39:01,11.0,-0.01,8,8800,卖盘
113,09:39:04,11.01,0.01,21,23121,买盘
114,09:39:07,11.0,-0.01,149,163251,卖盘
115,09:39:21,10.99,-0.01,15,16485,卖盘
116,09:39:28,10.98,-0.01,50,54900,卖盘
117,09:39:33,10.98,0.0,10,10980,卖盘
118,09:39:37,10.98,0.0,10,10980,卖盘
119,09:39:40,10.98,0.0,10,10980,卖盘
120,09:39:43,10.98,0.0,6,6588,卖盘
121,09:39:52,10.96,-0.02,5,5480,卖盘
122,09:39:58,10.98,0.02,4,4392,买盘
123,09:40:04,10.96,-0.02,5,5480,卖盘
124,09:40:07,10.96,0.0,16,17536,卖盘
125,09:40:09,10.96,0.0,60,65760,卖盘
126,09:40:16,10.97,0.01,15,16455,卖盘
127,09:40:28,10.98,0.01,5,5490,买盘
128,09:40:43,10.98,0.0,26,28527,买盘
129,09:40:46,10.98,0.0,1,1098,买盘
130,09:40:49,10.98,0.0,5,5490,买盘
131,09:40:55,10.97,-0.01,5,5485,卖盘
132,09:41:01,10.97,0.0,4,4388,买盘
133,09:41:04,10.96,-0.01,5,5480,卖盘
134,09:41:10,10.97,0.01,8,8771,买盘
135,09:41:19,10.98,0.01,5,5490,买盘
136,09:41:27,10.98,0.0,57,62586,买盘
137,09:41:31,10.97,-0.01,32,35104,卖盘
138,09:41:34,10.96,-0.01,11,12056,卖盘
139,09:41:37,10.96,0.0,1,1096,卖盘
140,09:41:40,10.96,0.0,5,5484,卖盘
141,09:41:43,10.95,-0.01,6,6574,卖盘
142,09:41:46,10.97,0.02,20,21930,买盘
143,09:41:49,10.97,0.0,10,10970,买盘
144,09:41:58,10.96,-0.01,6,6576,卖盘
145,09:42:04,10.97,0.01,5,5485,买盘
146,09:42:10,10.97,0.0,20,21940,买盘
147,09:42:16,10.97,0.0,6,6582,买盘
148,09:42:28,10.96,-0.01,30,32880,卖盘
149,09:42:31,10.97,0.01,10,10970,买盘
150,09:42:37,10.96,-0.01,36,39456,卖盘
151,09:42:46,10.96,0.0,18,19728,买盘
152,09:42:52,10.95,-0.01,10,10950,卖盘
153,09:42:58,10.95,0.0,29,31755,卖盘
154,09:43:01,10.96,0.01,5,5480,买盘
155,09:43:06,10.95,-0.01,20,21900,卖盘
156,09:43:10,10.95,0.0,75,82125,卖盘
157,09:43:13,10.94,-0.01,11,12043,卖盘
158,09:43:19,10.94,0.0,2,2188,卖盘
159,09:43:22,10.94,0.0,1,1094,卖盘
160,09:43:25,10.94,0.0,36,39388,卖盘
161,09:43:31,10.94,0.0,8,8752,买盘
162,09:43:40,10.94,0.0,5,5470,买盘
163,09:43:43,10.93,-0.01,30,32800,卖盘
164,09:43:46,10.95,0.02,30,32842,买盘
165,09:43:49,10.93,-0.02,1,1093,卖盘
166,09:43:55,10.94,0.01,15,16424,中性盘
167,09:44:07,10.94,0.0,2,2188,卖盘
168,09:44:10,10.94,0.0,7,7658,买盘
169,09:44:21,10.94,0.0,7,7658,买盘
170,09:44:25,10.94,0.0,11,12031,买盘
171,09:44:31,10.94,0.0,1,1094,卖盘
172,09:44:52,10.95,0.01,3,3285,买盘
173,09:44:55,10.94,-0.01,2,2188,卖盘
174,09:45:04,10.96,0.02,71,77749,买盘
175,09:45:06,10.94,-0.02,11,12034,卖盘
176,09:45:19,10.96,0.02,8,8768,买盘
177,09:45:40,10.97,0.01,22,24134,买盘
178,09:45:46,10.96,-0.01,2,2192,卖盘
179,09:45:52,10.96,0.0,1,1096,卖盘
180,09:45:55,10.97,0.01,5,5485,买盘
181,09:45:58,10.97,0.0,3,3291,卖盘
182,09:46:00,10.98,0.01,4,4392,买盘
183,09:46:07,11.0,0.02,50,54987,买盘
184,09:46:19,10.97,-0.03,1,1097,卖盘
185,09:46:40,10.99,0.02,13,14265,买盘
186,09:46:49,10.99,0.0,5,5495,买盘
187,09:47:01,10.97,-0.02,5,5485,买盘
188,09:47:07,10.97,0.0,6,6582,买盘
189,09:47:10,10.96,-0.01,40,43844,卖盘
190,09:47:16,10.96,0.0,5,5480,卖盘
191,09:47:19,10.96,0.0,21,23056,卖盘
192,09:47:22,10.96,0.0,10,10960,卖盘
193,09:47:25,10.98,0.02,3,3294,买盘
194,09:47:31,10.95,-0.03,108,118286,卖盘
195,09:47:40,10.95,0.0,2,2190,买盘
196,09:47:42,10.95,0.0,49,53655,买盘
197,09:47:54,10.95,0.0,51,55845,卖盘
198,09:47:58,10.95,0.0,16,17520,买盘
199,09:48:07,10.95,0.0,88,96360,买盘
200,09:48:09,10.98,0.03,3,3294,买盘
201,09:48:16,10.95,-0.03,92,100740,卖盘
202,09:48:19,10.95,0.0,10,10950,卖盘
203,09:48:31,10.95,0.0,3,3285,卖盘
204,09:48:34,10.95,0.0,10,10950,卖盘
205,09:48:37,10.95,0.0,2,2190,卖盘
206,09:48:39,10.95,0.0,1,1095,卖盘
207,09:48:49,10.95,0.0,4,4380,卖盘
208,09:48:55,10.95,0.0,3,3285,买盘
209,09:49:01,10.94,-0.01,17,18598,卖盘
210,09:49:09,10.93,-0.01,20,21860,卖盘
211,09:49:13,10.92,-0.01,1,1092,卖盘
212,09:49:16,10.93,0.01,31,33883,买盘
213,09:49:18,10.92,-0.01,25,27300,卖盘
214,09:49:28,10.85,-0.07,129,140566,卖盘
215,09:49:40,10.84,-0.01,30,32609,卖盘
216,09:49:43,10.85,0.01,10,10850,买盘
217,09:49:49,10.85,0.0,28,30344,买盘
218,09:49:55,10.84,-0.01,9,9756,卖盘
219,09:49:57,10.85,0.01,14,15184,买盘
220,09:50:00,10.85,0.0,19,20599,买盘
221,09:50:04,10.84,-0.01,28,30362,卖盘
222,09:50:07,10.84,0.0,5,5420,买盘
223,09:50:13,10.82,-0.02,45,48711,卖盘
224,09:50:16,10.81,-0.01,9,9729,卖盘
225,09:50:19,10.83,0.02,2,2166,买盘
226,09:50:25,10.82,-0.01,6,6492,卖盘
227,09:50:28,10.82,0.0,8,8656,买盘
228,09:50:31,10.82,0.0,3,3246,买盘
229,09:50:34,10.81,-0.01,20,21620,卖盘
230,09:50:40,10.8,-0.01,75,81000,卖盘
231,09:50:43,10.81,0.01,3,3243,卖盘
232,09:50:52,10.78,-0.03,18,19404,卖盘
233,09:50:55,10.8,0.02,8,8628,买盘
234,09:50:57,10.8,0.0,3,3240,买盘
235,09:51:04,10.79,-0.01,1,1079,中性盘
236,09:51:07,10.8,0.01,8,8640,买盘
237,09:51:16,10.8,0.0,17,18390,卖盘
238,09:51:25,10.82,0.02,60,64920,买盘
239,09:51:28,10.82,0.0,10,10820,卖盘
240,09:51:34,10.83,0.01,40,43300,买盘
241,09:51:37,10.82,-0.01,7,7574,卖盘
242,09:51:40,10.82,0.0,5,5410,买盘
243,09:51:46,10.83,0.01,5,5415,买盘
244,09:51:49,10.83,0.0,2,2166,买盘
245,09:51:52,10.87,0.04,10,10863,买盘
246,09:52:04,10.87,0.0,3,3261,买盘
247,09:52:16,10.87,0.0,4,4348,买盘
248,09:52:25,10.87,0.0,18,19566,卖盘
249,09:52:31,10.86,-0.01,3,3258,买盘
250,09:52:34,10.85,-0.01,10,10850,卖盘
251,09:52:37,10.85,0.0,3,3255,卖盘
252,09:52:40,10.86,0.01,20,21713,买盘
253,09:52:46,10.85,-0.01,6,6510,买盘
254,09:53:00,10.85,0.0,13,14105,买盘
255,09:53:07,10.85,0.0,3,3255,买盘
256,09:53:15,10.84,-0.01,2,2168,卖盘
257,09:53:22,10.85,0.01,17,18445,买盘
258,09:53:24,10.85,0.0,15,16275,买盘
259,09:53:28,10.85,0.0,4,4340,买盘
260,09:53:31,10.86,0.01,20,21704,买盘
261,09:53:34,10.85,-0.01,5,5425,卖盘
262,09:53:37,10.86,0.01,216,234576,买盘
263,09:53:43,10.89,0.03,3,3267,买盘
264,09:53:49,10.89,0.0,9,9801,买盘
265,09:53:54,10.89,0.0,10,10890,买盘
266,09:54:16,10.89,0.0,3,3267,买盘
267,09:54:18,10.86,-0.03,42,45612,卖盘
268,09:54:28,10.86,0.0,8,8690,卖盘
269,09:54:52,10.86,0.0,1,1086,卖盘
270,09:55:01,10.86,0.0,7,7602,卖盘
271,09:55:07,10.86,0.0,45,48870,卖盘
272,09:55:18,10.86,0.0,3,3258,买盘
273,09:55:22,10.86,0.0,3,3258,买盘
274,09:55:25,10.86,0.0,10,10860,买盘
275,09:55:34,10.86,0.0,11,11946,买盘
276,09:55:37,10.86,0.0,9,9774,买盘
277,09:55:49,10.85,-0.01,40,43475,卖盘
278,09:55:58,10.9,0.05,3,3270,买盘
279,09:56:07,10.9,0.0,12,13080,买盘
280,09:56:13,10.9,0.0,2,2179,买盘
281,09:56:19,10.9,0.0,5,5450,卖盘
282,09:56:34,10.9,0.0,3,3270,买盘
283,09:56:43,10.86,-0.04,11,11946,卖盘
284,09:56:52,10.9,0.04,4,4360,买盘
285,09:56:55,10.86,-0.04,20,21720,卖盘
286,09:57:01,10.86,0.0,9,9774,卖盘
287,09:57:13,10.9,0.04,4,4356,买盘
288,09:57:16,10.9,0.0,5,5450,买盘
289,09:57:19,10.86,-0.04,3,3258,卖盘
290,09:57:22,10.86,0.0,1,1086,买盘
291,09:57:27,10.86,0.0,8,8688,买盘
292,09:57:46,10.9,0.04,3,3270,买盘
293,09:58:09,10.89,-0.01,4,4356,买盘
294,09:58:15,10.89,0.0,11,11979,买盘
295,09:58:22,10.9,0.01,3,3270,买盘
296,09:58:25,10.89,-0.01,1,1089,卖盘
297,09:58:34,10.89,0.0,9,9801,卖盘
298,09:58:43,10.89,0.0,1,1089,卖盘
299,09:58:58,10.9,0.01,14,15260,买盘
300,09:59:07,10.91,0.01,3,3273,买盘
301,09:59:13,10.91,0.0,4,4364,买盘
302,09:59:27,10.91,0.0,6,6546,买盘
303,09:59:31,10.92,0.01,3,3276,买盘
304,09:59:37,10.92,0.0,2,2184,买盘
305,09:59:48,10.92,0.0,2,2184,买盘
306,10:00:06,10.92,0.0,1,1092,卖盘
307,10:00:15,10.93,0.01,23,25127,买盘
308,10:00:25,10.91,-0.02,2,2182,卖盘
309,10:00:33,10.92,0.01,7,7644,卖盘
310,10:00:46,10.92,0.0,7,7644,卖盘
311,10:00:49,10.89,-0.03,68,74066,卖盘
312,10:00:55,10.91,0.02,10,10910,卖盘
313,10:01:04,10.91,0.0,8,8728,卖盘
314,10:01:07,10.91,0.0,38,41340,买盘
315,10:01:31,10.89,-0.02,4,4355,买盘
316,10:01:34,10.86,-0.03,10,10860,卖盘
317,10:01:40,10.89,0.03,3,3267,买盘
318,10:01:48,10.88,-0.01,1,1088,卖盘
319,10:01:52,10.88,0.0,2,2176,卖盘
320,10:01:57,10.88,0.0,2,2176,卖盘
321,10:02:09,10.86,-0.02,5,5430,卖盘
322,10:02:15,10.88,0.02,3,3262,买盘
323,10:02:22,10.86,-0.02,5,5430,卖盘
324,10:02:25,10.86,0.0,2,2172,买盘
325,10:02:31,10.86,0.0,7,7602,买盘
326,10:02:49,10.88,0.02,8,8702,买盘
327,10:03:21,10.88,0.0,5,5440,买盘
328,10:03:31,10.87,-0.01,26,28268,卖盘
329,10:03:55,10.86,-0.01,100,108600,卖盘
330,10:04:16,10.87,0.01,5,5435,买盘
331,10:04:52,10.87,0.0,4,4348,买盘
332,10:04:55,10.87,0.0,4,4348,买盘
333,10:05:06,10.86,-0.01,132,143352,卖盘
334,10:05:22,10.86,0.0,18,19548,卖盘
335,10:05:25,10.86,0.0,3,3258,买盘
336,10:05:34,10.87,0.01,3,3261,买盘
337,10:05:43,10.87,0.0,5,5435,买盘
338,10:05:58,10.87,0.0,2,2174,买盘
339,10:06:04,10.87,0.0,12,13044,买盘
340,10:06:07,10.9,0.03,3,3270,买盘
341,10:06:13,10.9,0.0,19,20680,买盘
342,10:06:31,10.88,-0.02,1,1088,买盘
343,10:06:36,10.89,0.01,4,4356,买盘
344,10:06:40,10.89,0.0,6,6534,买盘
345,10:07:34,10.88,-0.01,3,3264,卖盘
346,10:07:42,10.9,0.02,42,45743,买盘
347,10:07:46,10.9,0.0,4,4360,卖盘
348,10:08:07,10.9,0.0,2,2180,卖盘
349,10:08:16,10.91,0.01,24,26184,买盘
350,10:08:22,10.9,-0.01,4,4360,卖盘
351,10:08:25,10.9,0.0,12,13080,卖盘
352,10:08:37,10.9,0.0,6,6540,卖盘
353,10:08:39,10.91,0.01,5,5455,买盘
354,10:08:43,10.9,-0.01,10,10900,卖盘
355,10:09:03,10.91,0.01,4,4364,买盘
356,10:09:16,10.91,0.0,16,17456,买盘
357,10:09:21,10.92,0.01,10,10920,买盘
358,10:09:25,10.92,0.0,15,16380,买盘
359,10:09:49,10.93,0.01,3,3279,买盘
360,10:09:52,10.93,0.0,43,46999,买盘
361,10:10:09,10.94,0.01,41,44824,买盘
362,10:10:16,10.94,0.0,1,1094,卖盘
363,10:10:19,10.95,0.01,4,4380,买盘
364,10:10:22,10.96,0.01,3,3288,买盘
365,10:10:28,10.94,-0.02,35,38297,卖盘
366,10:10:54,10.94,0.0,3,3282,买盘
367,10:11:18,10.92,-0.02,30,32760,卖盘
368,10:11:25,10.94,0.02,4,4376,买盘
369,10:11:28,10.94,0.0,3,3282,买盘
370,10:11:57,10.91,-0.03,30,32730,卖盘
371,10:12:07,10.91,0.0,2,2182,卖盘
372,10:12:13,10.91,0.0,70,76370,卖盘
373,10:12:28,10.91,0.0,1,1091,卖盘
374,10:12:46,10.91,0.0,4,4364,买盘
375,10:12:51,10.9,-0.01,16,17440,卖盘
376,10:12:58,10.91,0.01,8,8724,买盘
377,10:13:06,10.91,0.0,2,2182,卖盘
378,10:13:16,10.88,-0.03,8,8707,卖盘
379,10:13:25,10.92,0.04,1,1092,买盘
380,10:13:36,10.91,-0.01,10,10910,卖盘
381,10:13:40,10.92,0.01,20,21825,买盘
382,10:13:49,10.93,0.01,1,1093,买盘
383,10:13:52,10.93,0.0,2,2186,卖盘
384,10:13:58,10.9,-0.03,8,8720,卖盘
385,10:14:07,10.9,0.0,2,2180,卖盘
386,10:14:13,10.9,0.0,4,4360,买盘
387,10:14:31,10.92,0.02,1,1092,买盘
388,10:14:55,10.9,-0.02,11,11994,卖盘
389,10:15:04,10.92,0.02,2,2184,买盘
390,10:15:07,10.92,0.0,1,1092,卖盘
391,10:15:52,10.92,0.0,141,153972,卖盘
392,10:16:06,10.92,0.0,2,2184,卖盘
393,10:16:19,10.92,0.0,58,63336,卖盘
394,10:16:21,10.93,0.01,37,40421,买盘
395,10:16:31,10.94,0.01,37,40478,买盘
396,10:16:39,10.96,0.02,43,47127,买盘
397,10:16:51,10.97,0.01,15,16445,买盘
398,10:17:04,10.96,-0.01,6,6576,卖盘
399,10:17:07,10.96,0.0,17,18632,卖盘
400,10:17:19,10.96,0.0,30,32880,买盘
401,10:17:45,10.94,-0.02,2,2188,卖盘
402,10:18:01,10.94,0.0,16,17504,卖盘
403,10:18:04,10.94,0.0,2,2188,买盘
404,10:18:06,10.94,0.0,1,1094,卖盘
405,10:18:10,10.94,0.0,20,21880,卖盘
406,10:18:40,10.94,0.0,12,13128,买盘
407,10:18:58,10.92,-0.02,10,10920,卖盘
408,10:19:16,10.9,-0.02,16,17440,卖盘
409,10:19:28,10.89,-0.01,56,60929,买盘
410,10:20:04,10.87,-0.02,50,54385,卖盘
411,10:20:19,10.87,0.0,1,1087,卖盘
412,10:20:25,10.88,0.01,5,5440,买盘
413,10:20:36,10.88,0.0,2,2176,买盘
414,10:20:42,10.87,-0.01,9,9783,卖盘
415,10:20:46,10.86,-0.01,8,8688,卖盘
416,10:20:55,10.87,0.01,4,4348,买盘
417,10:21:01,10.86,-0.01,8,8688,卖盘
418,10:21:19,10.86,0.0,15,16290,卖盘
419,10:21:28,10.87,0.01,9,9783,买盘
420,10:21:31,10.87,0.0,3,3261,买盘
421,10:21:33,10.86,-0.01,16,17382,卖盘
422,10:22:51,10.86,0.0,2,2172,卖盘
423,10:23:22,10.87,0.01,4,4348,买盘
424,10:23:34,10.87,0.0,3,3261,买盘
425,10:23:52,10.87,0.0,1,1087,买盘
426,10:24:09,10.87,0.0,3,3261,买盘
427,10:24:22,10.87,0.0,7,7609,卖盘
428,10:24:25,10.88,0.01,5,5437,买盘
429,10:24:55,10.87,-0.01,1,1087,卖盘
430,10:25:01,10.88,0.01,3,3264,买盘
431,10:25:04,10.86,-0.02,143,155387,卖盘
432,10:25:13,10.86,0.0,10,10860,卖盘
433,10:25:15,10.86,0.0,25,27150,卖盘
434,10:25:19,10.88,0.02,3,3264,买盘
435,10:25:22,10.88,0.0,4,4352,买盘
436,10:25:34,10.88,0.0,3,3264,买盘
437,10:25:49,10.87,-0.01,5,5435,买盘
438,10:25:55,10.87,0.0,28,30436,卖盘
439,10:25:58,10.87,0.0,10,10870,买盘
440,10:26:04,10.87,0.0,3,3261,买盘
441,10:26:06,10.86,-0.01,82,89052,卖盘
442,10:26:13,10.87,0.01,7,7609,买盘
443,10:26:24,10.87,0.0,2,2174,买盘
444,10:26:34,10.87,0.0,3,3261,买盘
445,10:26:52,10.87,0.0,10,10870,买盘
446,10:26:58,10.87,0.0,11,11957,买盘
447,10:27:04,10.87,0.0,13,14121,买盘
448,10:27:07,10.86,-0.01,1,1086,卖盘
449,10:27:09,10.86,0.0,1,1086,卖盘
450,10:27:15,10.87,0.01,8,8696,买盘
451,10:27:46,10.86,-0.01,8,8690,卖盘
452,10:27:52,10.86,0.0,79,85794,卖盘
453,10:28:00,10.86,0.0,58,62988,卖盘
454,10:28:04,10.86,0.0,21,22806,卖盘
455,10:28:07,10.86,0.0,32,34752,卖盘
456,10:28:13,10.85,-0.01,6,6510,卖盘
457,10:28:16,10.85,0.0,4,4340,卖盘
458,10:28:21,10.85,0.0,13,14105,卖盘
459,10:28:25,10.85,0.0,1,1085,卖盘
460,10:28:28,10.85,0.0,31,33635,卖盘
461,10:28:34,10.85,0.0,311,337435,卖盘
462,10:28:36,10.85,0.0,8,8680,买盘
463,10:28:43,10.85,0.0,5,5425,买盘
464,10:28:49,10.84,-0.01,13,14100,卖盘
465,10:28:52,10.84,0.0,24,26016,卖盘
466,10:29:01,10.83,-0.01,2,2166,卖盘
467,10:29:03,10.82,-0.01,31,33553,卖盘
468,10:29:07,10.84,0.02,100,108394,买盘
469,10:29:13,10.82,-0.02,21,22722,卖盘
470,10:29:22,10.82,0.0,13,14072,卖盘
471,10:29:25,10.82,0.0,20,21640,卖盘
472,10:29:31,10.82,0.0,10,10820,卖盘
473,10:29:34,10.82,0.0,2,2164,卖盘
474,10:29:40,10.82,0.0,2,2164,卖盘
475,10:29:43,10.82,0.0,100,108200,卖盘
476,10:29:48,10.82,0.0,3,3246,卖盘
477,10:29:52,10.83,0.01,1,1083,买盘
478,10:30:04,10.83,0.0,12,12996,卖盘
479,10:30:10,10.82,-0.01,11,11902,卖盘
480,10:30:27,10.83,0.01,30,32490,买盘
481,10:30:31,10.82,-0.01,30,32470,卖盘
482,10:30:43,10.82,0.0,8,8656,卖盘
483,10:30:46,10.84,0.02,3,3251,买盘
484,10:31:09,10.82,-0.02,30,32460,卖盘
485,10:31:16,10.82,0.0,23,24896,卖盘
486,10:31:19,10.84,0.02,27,29908,买盘
487,10:31:21,10.83,-0.01,7,7583,卖盘
488,10:31:31,10.83,0.0,6,5859,卖盘
489,10:31:49,10.82,-0.01,11,11902,卖盘
490,10:31:52,10.83,0.01,5,6054,买盘
491,10:32:01,10.83,0.0,4,3693,卖盘
492,10:32:07,10.83,0.0,28,30324,买盘
493,10:32:10,10.83,0.0,14,15801,买盘
494,10:32:16,10.83,0.0,10,10830,卖盘
495,10:32:19,10.84,0.01,4,4336,买盘
496,10:32:28,10.84,0.0,49,53070,买盘
497,10:32:34,10.83,-0.01,2,2166,卖盘
498,10:32:58,10.83,0.0,22,23826,卖盘
499,10:33:04,10.83,0.0,4,4335,卖盘
500,10:33:09,10.84,0.01,9,9756,买盘
501,10:33:13,10.84,0.0,3,3252,买盘
502,10:33:43,10.84,0.0,30,32520,买盘
503,10:33:55,10.84,0.0,15,16260,买盘
504,10:34:04,10.84,0.0,1,1084,买盘
505,10:34:21,10.84,0.0,10,10840,买盘
506,10:34:24,10.84,0.0,4,4336,买盘
507,10:34:30,10.84,0.0,20,21680,买盘
508,10:34:45,10.82,-0.02,83,89259,卖盘
509,10:34:52,10.83,0.01,4,4332,买盘
510,10:35:01,10.83,0.0,9,9747,买盘
511,10:35:04,10.83,0.0,14,15151,买盘
512,10:35:21,10.83,0.0,2,2166,买盘
513,10:35:25,10.83,0.0,9,9747,买盘
514,10:35:27,10.82,-0.01,60,65021,卖盘
515,10:35:37,10.82,0.0,1,1082,卖盘
516,10:35:40,10.82,0.0,49,53018,卖盘
517,10:35:43,10.81,-0.01,10,10810,卖盘
518,10:35:46,10.82,0.01,23,24886,买盘
519,10:35:49,10.82,0.0,25,27050,买盘
520,10:35:54,10.82,0.0,2,2164,买盘
521,10:36:13,10.82,0.0,21,22722,卖盘
522,10:36:31,10.82,0.0,10,10820,卖盘
523,10:36:37,10.82,0.0,2,2164,卖盘
524,10:36:58,10.84,0.02,8,8672,买盘
525,10:37:07,10.84,0.0,3,3252,买盘
526,10:37:25,10.83,-0.01,10,10830,卖盘
527,10:37:34,10.84,0.01,3,3252,买盘
528,10:38:00,10.84,0.0,3,3252,买盘
529,10:38:04,10.83,-0.01,11,11913,卖盘
530,10:38:22,10.83,0.0,30,32490,卖盘
531,10:38:31,10.84,0.01,3,3252,买盘
532,10:38:57,10.84,0.0,3,3252,买盘
533,10:39:07,10.84,0.0,55,60260,买盘
534,10:39:16,10.84,0.0,3,2612,卖盘
535,10:39:30,10.84,0.0,10,10840,买盘
536,10:39:54,10.83,-0.01,100,108300,卖盘
537,10:39:58,10.83,0.0,2,2166,卖盘
538,10:40:04,10.83,0.0,2,2166,卖盘
539,10:40:06,10.84,0.01,4,4336,买盘
540,10:40:19,10.84,0.0,9,9756,买盘
541,10:40:22,10.84,0.0,8,8672,买盘
542,10:40:25,10.83,-0.01,5,5415,卖盘
543,10:40:28,10.83,0.0,5,5415,卖盘
544,10:40:34,10.84,0.01,3,3252,买盘
545,10:40:37,10.83,-0.01,1,1083,卖盘
546,10:40:46,10.84,0.01,3,3252,买盘
547,10:40:52,10.84,0.0,3,3252,买盘
548,10:40:54,10.84,0.0,10,10840,买盘
549,10:41:00,10.84,0.0,15,16260,买盘
550,10:41:27,10.84,0.0,10,10840,买盘
551,10:41:34,10.84,0.0,9,10396,买盘
552,10:41:36,10.84,0.0,1,444,买盘
553,10:41:42,10.84,0.0,1,1724,买盘
554,10:41:55,10.85,0.01,3,3255,买盘
555,10:42:01,10.85,0.0,1,1085,买盘
556,10:42:07,10.86,0.01,22,23892,买盘
557,10:42:25,10.88,0.02,1,1088,买盘
558,10:42:34,10.89,0.01,22,23958,买盘
559,10:42:48,10.93,0.04,3,3279,买盘
560,10:43:01,10.93,0.0,3,3279,买盘
561,10:43:07,10.93,0.0,1,1093,买盘
562,10:43:36,10.88,-0.05,5,5440,卖盘
563,10:43:52,10.88,0.0,45,48960,买盘
564,10:44:00,10.92,0.04,3,3275,买盘
565,10:44:33,10.92,0.0,3,3275,买盘
566,10:44:58,10.9,-0.02,1,1090,买盘
567,10:45:22,10.88,-0.02,22,23936,卖盘
568,10:45:28,10.88,0.0,3,3264,买盘
569,10:45:40,10.88,0.0,3,3264,买盘
570,10:45:49,10.87,-0.01,4,4348,买盘
571,10:46:07,10.87,0.0,3,3261,买盘
572,10:46:19,10.84,-0.03,26,27552,卖盘
573,10:46:27,10.83,-0.01,24,25992,卖盘
574,10:46:34,10.84,0.01,6,7144,买盘
575,10:46:46,10.87,0.03,11,11957,买盘
576,10:46:55,10.87,0.0,4,4348,卖盘
577,10:47:04,10.87,0.0,7,7609,卖盘
578,10:47:09,10.87,0.0,2,2174,卖盘
579,10:47:19,10.84,-0.03,29,31436,卖盘
580,10:47:33,10.9,0.06,3,3264,买盘
581,10:47:54,10.9,0.0,4,4360,买盘
582,10:47:58,10.9,0.0,2,2180,买盘
583,10:48:13,10.9,0.0,3,3270,买盘
584,10:48:21,10.85,-0.05,20,21700,卖盘
585,10:48:31,10.85,0.0,3,3255,买盘
586,10:48:40,10.84,-0.01,5,5420,卖盘
587,10:48:58,10.89,0.05,3,3263,买盘
588,10:49:22,10.84,-0.05,33,35772,卖盘
589,10:50:04,10.85,0.01,2,2170,卖盘
590,10:50:12,10.89,0.04,3,3266,买盘
591,10:50:48,10.89,0.0,10,10890,买盘
592,10:50:58,10.84,-0.05,21,22124,卖盘
593,10:51:04,10.83,-0.01,26,28158,卖盘
594,10:51:18,10.84,0.01,6,6504,买盘
595,10:51:34,10.83,-0.01,1,1083,卖盘
596,10:51:43,10.83,0.0,11,11913,卖盘
597,10:51:46,10.84,0.01,1,1084,买盘
598,10:51:49,10.83,-0.01,15,16249,卖盘
599,10:51:55,10.88,0.05,3,3264,买盘
600,10:52:22,10.84,-0.04,1,1724,卖盘
601,10:52:27,10.84,0.0,4,3696,卖盘
602,10:52:34,10.84,0.0,2,2168,买盘
603,10:52:43,10.83,-0.01,10,10830,卖盘
604,10:52:58,10.84,0.01,3,3252,买盘
605,10:53:10,10.84,0.0,11,11922,买盘
606,10:53:19,10.83,-0.01,4,4332,卖盘
607,10:53:37,10.84,0.01,41,44422,买盘
608,10:53:52,10.84,0.0,4,4336,买盘
609,10:53:58,10.84,0.0,5,5420,卖盘
610,10:54:04,10.84,0.0,2,2168,卖盘
611,10:54:28,10.84,0.0,47,50948,卖盘
612,10:54:31,10.84,0.0,1,1084,买盘
613,10:54:46,10.84,0.0,12,13008,买盘
614,10:54:52,10.84,0.0,2,2168,卖盘
615,10:55:04,10.84,0.0,2,2168,卖盘
616,10:56:04,10.84,0.0,1,1084,卖盘
617,10:56:40,10.84,0.0,36,39024,卖盘
618,10:56:43,10.84,0.0,1,1084,买盘
619,10:56:55,10.83,-0.01,5,5415,卖盘
620,10:57:10,10.84,0.01,37,40108,买盘
621,10:57:13,10.84,0.0,9,9756,卖盘
622,10:57:15,10.83,-0.01,89,96391,卖盘
623,10:57:31,10.83,0.0,25,27075,买盘
624,10:57:49,10.87,0.04,3,3259,买盘
625,10:58:28,10.86,-0.01,2,2172,买盘
626,10:58:37,10.86,0.0,4,4344,买盘
627,10:59:04,10.83,-0.03,2,2166,卖盘
628,10:59:21,10.85,0.02,1,1085,买盘
629,10:59:57,10.85,0.0,2,2170,卖盘
630,11:00:10,10.85,0.0,2,2170,卖盘
631,11:00:39,10.85,0.0,13,14105,卖盘
632,11:00:43,10.85,0.0,1,1085,卖盘
633,11:00:46,10.85,0.0,2,2170,卖盘
634,11:01:01,10.85,0.0,1,1085,卖盘
635,11:01:21,10.86,0.01,18,19548,买盘
636,11:01:31,10.86,0.0,36,39096,买盘
637,11:01:40,10.86,0.0,4,4344,买盘
638,11:01:43,10.86,0.0,1,1086,买盘
639,11:01:52,10.86,0.0,9,9774,买盘
640,11:02:04,10.87,0.01,3,3261,买盘
641,11:02:13,10.86,-0.01,2,2172,卖盘
642,11:02:37,10.87,0.01,1,1087,买盘
643,11:03:07,10.86,-0.01,9,9774,卖盘
644,11:03:19,10.86,0.0,10,10860,卖盘
645,11:03:30,10.87,0.01,4,4348,买盘
646,11:03:37,10.85,-0.02,20,21707,卖盘
647,11:04:10,10.86,0.01,1,1086,买盘
648,11:04:15,10.85,-0.01,18,19537,卖盘
649,11:04:19,10.87,0.02,69,75003,买盘
650,11:04:40,10.88,0.01,58,63104,买盘
651,11:05:04,10.89,0.01,10,10890,买盘
652,11:05:28,10.89,0.0,4,4356,买盘
653,11:05:43,10.87,-0.02,50,54377,卖盘
654,11:05:46,10.89,0.02,2,2178,买盘
655,11:05:51,10.85,-0.04,27,29311,卖盘
656,11:06:01,10.86,0.01,1,1086,卖盘
657,11:07:30,10.86,0.0,3,3258,卖盘
658,11:07:37,10.87,0.01,3,3261,买盘
659,11:08:01,10.86,-0.01,1,1086,卖盘
660,11:08:10,10.85,-0.01,10,10850,卖盘
661,11:08:49,10.86,0.01,66,71676,买盘
662,11:09:07,10.85,-0.01,17,18445,卖盘
663,11:09:16,10.85,0.0,5,5425,卖盘
664,11:09:25,10.85,0.0,23,24304,卖盘
665,11:09:43,10.84,-0.01,10,10840,卖盘
666,11:09:58,10.84,0.0,9,9756,卖盘
667,11:10:07,10.84,0.0,12,13008,卖盘
668,11:10:13,10.84,0.0,10,10840,卖盘
669,11:10:19,10.84,0.0,4,4336,卖盘
670,11:10:28,10.84,0.0,2,2168,买盘
671,11:10:30,10.84,0.0,1,1084,买盘
672,11:10:34,10.84,0.0,7,7588,买盘
673,11:10:46,10.84,0.0,3,3252,卖盘
674,11:11:00,10.84,0.0,1,1084,买盘
675,11:11:13,10.83,-0.01,98,106134,卖盘
676,11:11:21,10.83,0.0,5,5415,卖盘
677,11:11:49,10.84,0.01,2,2168,买盘
678,11:12:06,10.84,0.0,11,11924,买盘
679,11:12:40,10.85,0.01,5,5425,买盘
680,11:12:43,10.84,-0.01,2,2168,卖盘
681,11:13:00,10.85,0.01,46,49910,买盘
682,11:13:18,10.84,-0.01,7,7588,卖盘
683,11:13:42,10.85,0.01,3,3255,买盘
684,11:13:58,10.85,0.0,3,3255,买盘
685,11:14:09,10.84,-0.01,32,34688,卖盘
686,11:15:01,10.84,0.0,3,3252,买盘
687,11:15:10,10.83,-0.01,20,21660,卖盘
688,11:15:18,10.83,0.0,5,5415,买盘
689,11:15:25,10.83,0.0,10,10830,卖盘
690,11:15:37,10.84,0.01,10,10840,买盘
691,11:15:46,10.83,-0.01,15,16255,卖盘
692,11:15:55,10.83,0.0,1,1083,卖盘
693,11:16:04,10.83,0.0,2,2166,卖盘
694,11:16:07,10.83,0.0,1,1083,卖盘
695,11:16:15,10.83,0.0,9,9747,卖盘
696,11:16:19,10.82,-0.01,11,11902,卖盘
697,11:16:22,10.82,0.0,1,1082,卖盘
698,11:17:04,10.83,0.01,1,1083,买盘
699,11:17:19,10.83,0.0,1,1083,卖盘
700,11:17:22,10.84,0.01,40,43360,买盘
701,11:18:04,10.84,0.0,9,9756,买盘
702,11:20:39,10.84,0.0,17,18428,买盘
703,11:20:51,10.84,0.0,5,5420,买盘
704,11:21:34,10.84,0.0,14,15176,买盘
705,11:21:40,10.84,0.0,3,3252,买盘
706,11:21:42,10.84,0.0,5,5420,买盘
707,11:22:22,10.85,0.01,3,3252,买盘
708,11:22:34,10.85,0.0,4,4340,买盘
709,11:23:16,10.85,0.0,5,5424,买盘
710,11:23:49,10.85,0.0,1,1291,买盘
711,11:24:24,10.86,0.01,3,3258,买盘
712,11:24:30,10.86,0.0,9,9774,买盘
713,11:24:42,10.87,0.01,4,4347,买盘
714,11:25:21,10.85,-0.02,6,6510,卖盘
715,11:25:51,10.86,0.01,3,3258,卖盘
716,11:26:37,10.86,0.0,10,10860,卖盘
717,11:26:45,10.87,0.01,17,18474,买盘
718,11:27:21,10.86,-0.01,1,1086,买盘
719,11:27:27,10.85,-0.01,48,51879,卖盘
720,11:27:33,10.85,0.0,3,3255,买盘
721,11:28:12,10.83,-0.02,34,36822,卖盘
722,11:28:36,10.84,0.01,2,2168,买盘
723,11:29:00,10.85,0.01,4,4340,买盘
724,11:29:19,10.85,0.0,8,8886,买盘
725,13:00:04,10.85,0.0,34,36884,卖盘
726,13:00:27,10.85,0.0,2,2170,卖盘
727,13:02:00,10.86,0.01,16,17376,买盘
728,13:02:30,10.86,0.0,4,4344,卖盘
729,13:02:42,10.85,-0.01,14,15190,卖盘
730,13:03:24,10.85,0.0,1,1085,卖盘
731,13:04:45,10.86,0.01,1,1086,买盘
732,13:05:00,10.86,0.0,9,9774,买盘
733,13:05:24,10.86,0.0,20,21720,买盘
734,13:07:10,10.86,0.0,3,3258,买盘
735,13:08:01,10.86,0.0,2,2172,卖盘
736,13:08:31,10.86,0.0,1,1086,卖盘
737,13:08:43,10.86,0.0,14,15204,卖盘
738,13:08:46,10.86,0.0,1,1086,买盘
739,13:09:13,10.86,0.0,4,4344,买盘
740,13:09:28,10.86,0.0,10,10860,买盘
741,13:10:34,10.87,0.01,4,4348,买盘
742,13:10:46,10.87,0.0,3,3261,买盘
743,13:10:57,10.87,0.0,3,3261,买盘
744,13:12:00,10.88,0.01,6,6528,买盘
745,13:12:07,10.87,-0.01,5,5435,卖盘
746,13:12:10,10.88,0.01,14,15232,买盘
747,13:12:16,10.88,0.0,9,9792,买盘
748,13:12:30,10.88,0.0,2,2176,买盘
749,13:12:55,10.88,0.0,1,1088,买盘
750,13:13:42,10.88,0.0,4,4352,买盘
751,13:14:04,10.87,-0.01,30,32610,卖盘
752,13:14:19,10.88,0.01,2,2176,买盘
753,13:14:22,10.87,-0.01,4,4348,卖盘
754,13:14:31,10.88,0.01,3,3264,买盘
755,13:14:34,10.87,-0.01,11,11957,卖盘
756,13:15:04,10.88,0.01,4,4352,买盘
757,13:15:12,10.88,0.0,12,13056,买盘
758,13:15:34,10.88,0.0,14,15232,买盘
759,13:15:43,10.87,-0.01,1,1087,卖盘
760,13:15:52,10.87,0.0,1,1087,卖盘
761,13:15:55,10.88,0.01,4,4352,买盘
762,13:16:04,10.88,0.0,4,4352,买盘
763,13:16:19,10.88,0.0,10,10880,买盘
764,13:16:22,10.88,0.0,11,11968,买盘
765,13:16:34,10.89,0.01,18,19602,买盘
766,13:16:58,10.9,0.01,11,11990,买盘
767,13:17:25,10.9,0.0,5,5458,卖盘
768,13:17:46,10.92,0.02,27,29483,买盘
769,13:18:01,10.93,0.01,39,42627,买盘
770,13:18:03,10.92,-0.01,1,1092,卖盘
771,13:18:16,10.92,0.0,1,1092,卖盘
772,13:18:19,10.93,0.01,6,6553,买盘
773,13:18:21,10.92,-0.01,14,15288,卖盘
774,13:18:43,10.92,0.0,20,21839,买盘
775,13:18:49,10.92,0.0,17,18568,卖盘
776,13:18:52,10.92,0.0,10,10920,卖盘
777,13:18:54,10.92,0.0,4,4368,卖盘
778,13:19:01,10.92,0.0,3,3276,买盘
779,13:19:16,10.91,-0.01,2,2182,卖盘
780,13:19:27,10.92,0.01,23,25116,买盘
781,13:19:51,10.92,0.0,2,2184,卖盘
782,13:19:54,10.92,0.0,1,1092,卖盘
783,13:20:04,10.92,0.0,6,6552,卖盘
784,13:20:10,10.91,-0.01,11,12001,卖盘
785,13:20:12,10.91,0.0,1,1091,卖盘
786,13:20:22,10.92,0.01,4,4368,买盘
787,13:20:27,10.91,-0.01,10,10910,卖盘
788,13:21:01,10.91,0.0,1,1091,卖盘
789,13:21:04,10.92,0.01,3,3276,买盘
790,13:21:33,10.91,-0.01,1,1091,卖盘
791,13:22:01,10.9,-0.01,3,3270,卖盘
792,13:22:37,10.91,0.01,4,4363,买盘
793,13:22:43,10.9,-0.01,1,1090,中性盘
794,13:22:51,10.9,0.0,1,1090,卖盘
795,13:23:09,10.89,-0.01,9,9803,卖盘
796,13:23:19,10.88,-0.01,13,14144,卖盘
797,13:24:15,10.88,0.0,7,7616,卖盘
798,13:24:34,10.87,-0.01,2,2174,卖盘
799,13:25:01,10.88,0.01,20,21760,买盘
800,13:25:18,10.88,0.0,3,3264,买盘
801,13:25:34,10.89,0.01,3,3267,买盘
802,13:26:40,10.89,0.0,4,4356,买盘
803,13:27:10,10.88,-0.01,5,5440,卖盘
804,13:27:22,10.89,0.01,5,5445,买盘
805,13:28:06,10.91,0.02,4,4361,买盘
806,13:29:09,10.91,0.0,4,4363,买盘
807,13:29:37,10.91,0.0,2,2182,买盘
808,13:29:46,10.91,0.0,3,3273,买盘
809,13:29:58,10.91,0.0,3,3273,买盘
810,13:30:55,10.9,-0.01,2,2180,买盘
811,13:32:04,10.87,-0.03,197,214299,卖盘
812,13:33:04,10.88,0.01,10,10880,卖盘
813,13:33:28,10.88,0.0,10,10880,卖盘
814,13:33:33,10.89,0.01,3,3267,买盘
815,13:34:10,10.89,0.0,9,9801,卖盘
816,13:34:31,10.89,0.0,2,2178,买盘
817,13:35:28,10.89,0.0,5,5445,买盘
818,13:35:30,10.9,0.01,4,4360,买盘
819,13:35:33,10.9,0.0,7,7630,买盘
820,13:35:43,10.9,0.0,10,10900,卖盘
821,13:35:51,10.91,0.01,42,45822,买盘
822,13:36:30,10.92,0.01,6,6552,买盘
823,13:36:33,10.92,0.0,1,1092,卖盘
824,13:36:36,10.92,0.0,11,12012,卖盘
825,13:36:58,10.93,0.01,3,3279,买盘
826,13:38:07,10.93,0.0,10,10929,买盘
827,13:38:13,10.91,-0.02,4,4364,卖盘
828,13:38:43,10.91,0.0,4,4364,卖盘
829,13:39:19,10.92,0.01,4,4368,卖盘
830,13:39:34,10.94,0.02,14,15303,买盘
831,13:40:00,10.92,-0.02,10,10920,买盘
832,13:41:25,10.92,0.0,5,5460,买盘
833,13:41:31,10.92,0.0,5,5460,买盘
834,13:42:10,10.93,0.01,4,4372,买盘
835,13:42:55,10.93,0.0,2,2186,买盘
836,13:42:58,10.93,0.0,20,21860,买盘
837,13:43:10,10.93,0.0,5,5464,买盘
838,13:43:15,10.93,0.0,27,29511,买盘
839,13:43:24,10.93,0.0,4,4372,买盘
840,13:44:25,10.92,-0.01,1,1092,卖盘
841,13:44:34,10.92,0.0,4,4368,卖盘
842,13:45:04,10.92,0.0,52,56784,卖盘
843,13:45:13,10.92,0.0,10,10920,卖盘
844,13:45:16,10.92,0.0,9,9828,卖盘
845,13:45:28,10.91,-0.01,45,49095,卖盘
846,13:45:43,10.9,-0.01,10,10900,卖盘
847,13:46:13,10.9,0.0,5,5450,卖盘
848,13:46:22,10.9,0.0,16,17440,卖盘
849,13:46:51,10.89,-0.01,3,3267,卖盘
850,13:47:16,10.89,0.0,6,6534,卖盘
851,13:47:42,10.89,0.0,2,2178,卖盘
852,13:47:52,10.9,0.01,2,2180,买盘
853,13:47:57,10.91,0.01,4,4364,买盘
854,13:49:24,10.91,0.0,17,18547,买盘
855,13:49:46,10.9,-0.01,3,3270,卖盘
856,13:49:55,10.91,0.01,4,4364,买盘
857,13:50:07,10.9,-0.01,21,22890,卖盘
858,13:50:09,10.91,0.01,3,3273,买盘
859,13:50:18,10.9,-0.01,3,3270,卖盘
860,13:50:21,10.91,0.01,5,5455,买盘
861,13:50:45,10.89,-0.02,50,54461,卖盘
862,13:51:16,10.9,0.01,1,1090,买盘
863,13:51:39,10.91,0.01,8,8728,买盘
864,13:51:42,10.91,0.0,6,6546,买盘
865,13:51:46,10.91,0.0,25,27275,买盘
866,13:51:52,10.91,0.0,8,8728,买盘
867,13:51:58,10.92,0.01,10,10920,买盘
868,13:52:01,10.92,0.0,5,5460,买盘
869,13:52:04,10.92,0.0,3,3276,买盘
870,13:52:06,10.92,0.0,28,30576,买盘
871,13:52:10,10.92,0.0,6,6552,买盘
872,13:52:16,10.93,0.01,43,46999,买盘
873,13:52:25,10.94,0.01,48,52512,买盘
874,13:52:27,10.95,0.01,50,54750,买盘
875,13:52:31,10.94,-0.01,50,54700,卖盘
876,13:53:01,10.94,0.0,2,2188,卖盘
877,13:53:07,10.95,0.01,20,21900,买盘
878,13:53:51,10.95,0.0,6,6570,买盘
879,13:54:13,10.96,0.01,5,5480,卖盘
880,13:54:31,10.96,0.0,14,15344,卖盘
881,13:54:37,10.96,0.0,20,21920,卖盘
882,13:54:52,10.94,-0.02,12,13128,卖盘
883,13:54:58,10.95,0.01,1,1095,买盘
884,13:55:31,10.96,0.01,4,4382,买盘
885,13:55:40,10.93,-0.03,24,26233,卖盘
886,13:55:43,10.93,0.0,1,1093,买盘
887,13:55:46,10.96,0.03,25,27384,买盘
888,13:55:58,10.96,0.0,24,26308,卖盘
889,13:56:04,10.96,0.0,1,1096,卖盘
890,13:56:13,10.96,0.0,11,12056,卖盘
891,13:56:18,10.93,-0.03,8,8744,卖盘
892,13:56:33,10.94,0.01,3,3282,卖盘
893,13:56:55,10.95,0.01,6,6570,买盘
894,13:57:09,10.95,0.0,1,1095,买盘
895,13:57:13,10.95,0.0,2,2190,买盘
896,13:57:37,10.94,-0.01,8,8752,卖盘
897,13:57:42,10.93,-0.01,2,2186,卖盘
898,13:57:46,10.94,0.01,15,16410,买盘
899,13:57:55,10.94,0.0,11,12034,卖盘
900,13:58:12,10.94,0.0,1,1094,买盘
901,13:58:19,10.94,0.0,4,4376,买盘
902,13:58:22,10.93,-0.01,13,14212,卖盘
903,13:58:46,10.94,0.01,29,31726,买盘
904,13:58:57,10.94,0.0,21,22974,卖盘
905,13:59:10,10.94,0.0,20,21880,买盘
906,13:59:40,10.93,-0.01,5,5465,卖盘
907,14:00:04,10.94,0.01,54,59076,买盘
908,14:00:06,10.93,-0.01,3,3279,卖盘
909,14:00:12,10.93,0.0,10,10930,卖盘
910,14:00:19,10.93,0.0,3,3279,买盘
911,14:00:25,10.95,0.02,3,3284,买盘
912,14:00:28,10.95,0.0,3,3285,买盘
913,14:00:52,10.95,0.0,10,10950,买盘
914,14:00:55,10.93,-0.02,2,2186,卖盘
915,14:01:27,10.95,0.02,22,24062,买盘
916,14:01:40,10.95,0.0,10,10950,买盘
917,14:01:43,10.96,0.01,4,4383,买盘
918,14:01:52,10.96,0.0,59,64664,买盘
919,14:01:55,10.96,0.0,50,54800,买盘
920,14:01:57,10.96,0.0,10,10960,买盘
921,14:02:01,10.96,0.0,76,83296,买盘
922,14:02:04,10.96,0.0,13,14248,买盘
923,14:02:10,10.96,0.0,40,43840,买盘
924,14:02:12,10.96,0.0,21,23016,买盘
925,14:02:15,10.96,0.0,2,2192,买盘
926,14:02:19,10.95,-0.01,300,328759,卖盘
927,14:02:28,10.96,0.01,12,13143,买盘
928,14:02:43,10.96,0.0,4,4384,买盘
929,14:02:51,10.96,0.0,2,2192,买盘
930,14:02:58,10.96,0.0,3,3288,买盘
931,14:03:04,10.96,0.0,18,19728,买盘
932,14:03:07,10.96,0.0,50,54800,买盘
933,14:03:10,10.96,0.0,3,3288,买盘
934,14:03:13,10.96,0.0,5,5480,买盘
935,14:03:19,10.95,-0.01,2,2190,卖盘
936,14:03:31,10.96,0.01,1,1096,买盘
937,14:03:34,10.96,0.0,2,2192,买盘
938,14:03:37,10.96,0.0,20,21920,买盘
939,14:04:04,10.96,0.0,3,3288,买盘
940,14:04:16,10.96,0.0,15,16440,买盘
941,14:04:19,10.96,0.0,4,4384,买盘
942,14:04:22,10.96,0.0,28,30688,买盘
943,14:04:24,10.96,0.0,11,12056,买盘
944,14:04:28,10.96,0.0,3,3288,买盘
945,14:04:31,10.96,0.0,302,330992,买盘
946,14:04:34,10.97,0.01,1,1097,买盘
947,14:04:37,10.97,0.0,4,4388,买盘
948,14:04:43,10.97,0.0,25,27425,买盘
949,14:04:54,10.98,0.01,6,6588,买盘
950,14:05:10,10.99,0.01,2,2198,买盘
951,14:05:19,10.99,0.0,1,1099,买盘
952,14:05:31,10.99,0.0,10,10990,买盘
953,14:05:37,10.99,0.0,34,37366,买盘
954,14:05:45,11.0,0.01,4,4400,买盘
955,14:05:49,11.0,0.0,7,7700,买盘
956,14:05:52,10.99,-0.01,1,1099,卖盘
957,14:06:01,11.0,0.01,10,11000,买盘
958,14:06:10,11.0,0.0,7,7700,买盘
959,14:06:12,11.0,0.0,104,114400,买盘
960,14:06:37,10.99,-0.01,16,17586,卖盘
961,14:06:40,11.02,0.03,58,63888,买盘
962,14:07:13,11.0,-0.02,20,22020,卖盘
963,14:07:28,11.01,0.01,7,7707,卖盘
964,14:07:40,11.01,0.0,8,8808,卖盘
965,14:07:43,11.02,0.01,6,6610,买盘
966,14:07:52,11.0,-0.02,15,16518,卖盘
967,14:08:04,11.02,0.02,1,1102,中性盘
968,14:08:07,11.02,0.0,2,2204,卖盘
969,14:08:34,11.02,0.0,20,22040,买盘
970,14:08:37,11.03,0.01,7,7718,买盘
971,14:08:43,11.03,0.0,8,8823,买盘
972,14:09:06,11.03,0.0,3,3309,买盘
973,14:09:10,11.0,-0.03,5,5500,卖盘
974,14:09:39,11.0,0.0,10,11000,卖盘
975,14:09:43,11.02,0.02,53,58308,买盘
976,14:09:55,11.0,-0.02,10,11000,卖盘
977,14:10:13,11.0,0.0,14,15400,卖盘
978,14:10:25,10.99,-0.01,14,15386,卖盘
979,14:10:37,11.0,0.01,6,6600,买盘
980,14:10:52,11.0,0.0,5,5500,卖盘
981,14:11:01,11.01,0.01,4,4404,买盘
982,14:11:12,11.0,-0.01,11,12109,卖盘
983,14:11:22,11.0,0.0,18,19800,买盘
984,14:11:31,11.0,0.0,12,13203,卖盘
985,14:11:34,11.02,0.02,20,22040,买盘
986,14:11:54,11.01,-0.01,44,48444,买盘
987,14:12:04,11.03,0.02,50,55150,买盘
988,14:12:13,11.03,0.0,20,22060,买盘
989,14:12:16,11.03,0.0,4,4412,买盘
990,14:12:18,11.03,0.0,3,3309,买盘
991,14:12:22,11.03,0.0,5,5515,买盘
992,14:12:25,11.03,0.0,3,3309,卖盘
993,14:12:31,11.03,0.0,3,3309,卖盘
994,14:12:42,11.03,0.0,2,2206,卖盘
995,14:12:45,11.05,0.02,50,55229,买盘
996,14:12:51,11.03,-0.02,5,5515,买盘
997,14:13:04,11.06,0.03,40,44223,买盘
998,14:13:13,11.04,-0.02,10,11045,卖盘
999,14:13:21,11.03,-0.01,4,4412,卖盘
1000,14:14:04,11.05,0.02,4,4420,买盘
1001,14:14:10,11.04,-0.01,5,5520,卖盘
1002,14:14:22,11.05,0.01,2,2210,买盘
1003,14:14:28,11.05,0.0,16,17680,买盘
1004,14:14:30,11.06,0.01,3,3318,买盘
1005,14:14:33,11.05,-0.01,4,4420,卖盘
1006,14:14:40,11.05,0.0,6,6630,买盘
1007,14:14:43,11.05,0.0,3,3315,买盘
1008,14:15:16,11.04,-0.01,1,1104,卖盘
1009,14:15:37,11.04,0.0,33,36421,买盘
1010,14:15:55,11.04,0.0,4,4416,买盘
1011,14:15:58,11.05,0.01,4,4420,买盘
1012,14:16:01,11.04,-0.01,5,5520,卖盘
1013,14:16:10,11.04,0.0,5,5520,卖盘
1014,14:16:19,11.04,0.0,10,11040,买盘
1015,14:16:22,11.04,0.0,1,1104,买盘
1016,14:16:28,11.05,0.01,10,11050,买盘
1017,14:16:33,11.04,-0.01,10,11040,卖盘
1018,14:16:43,11.06,0.02,38,42004,买盘
1019,14:16:46,11.06,0.0,5,5530,卖盘
1020,14:16:49,11.06,0.0,2,2212,卖盘
1021,14:16:55,11.06,0.0,2,2212,卖盘
1022,14:16:58,11.1,0.04,35,38770,买盘
1023,14:17:04,11.07,-0.03,9,9963,买盘
1024,14:17:07,11.06,-0.01,2,2212,卖盘
1025,14:17:22,11.06,0.0,18,19895,买盘
1026,14:17:43,11.07,0.01,5,5535,买盘
1027,14:17:51,11.09,0.02,4,4436,买盘
1028,14:17:55,11.09,0.0,2,2218,买盘
1029,14:18:01,11.08,-0.01,22,24376,买盘
1030,14:18:04,11.08,0.0,2,2216,买盘
1031,14:18:10,11.07,-0.01,17,18819,卖盘
1032,14:18:21,11.06,-0.01,6,6636,卖盘
1033,14:18:27,11.06,0.0,5,5530,卖盘
1034,14:18:43,11.06,0.0,3,3318,卖盘
1035,14:18:48,11.04,-0.02,10,11042,卖盘
1036,14:19:22,11.05,0.01,1,1105,买盘
1037,14:19:28,11.05,0.0,9,9945,卖盘
1038,14:19:37,11.05,0.0,4,4420,买盘
1039,14:19:54,11.06,0.01,4,4424,买盘
1040,14:19:58,11.06,0.0,10,11060,买盘
1041,14:20:01,11.06,0.0,72,80296,买盘
1042,14:20:16,11.07,0.01,10,11070,买盘
1043,14:20:22,11.06,-0.01,20,22120,卖盘
1044,14:20:25,11.06,0.0,4,4424,卖盘
1045,14:20:43,11.06,0.0,10,11060,卖盘
1046,14:20:51,11.06,0.0,1,1106,卖盘
1047,14:21:04,11.07,0.01,12,13274,买盘
1048,14:21:19,11.07,0.0,17,18819,卖盘
1049,14:21:25,11.08,0.01,10,11080,买盘
1050,14:21:27,11.08,0.0,7,7753,买盘
1051,14:21:34,11.07,-0.01,8,8856,卖盘
1052,14:21:40,11.07,0.0,3,3321,买盘
1053,14:21:46,11.07,0.0,11,12177,买盘
1054,14:21:49,11.07,0.0,20,22140,买盘
1055,14:22:00,11.05,-0.02,18,19903,卖盘
1056,14:22:07,11.05,0.0,2,2210,卖盘
1057,14:22:10,11.07,0.02,1,1107,买盘
1058,14:22:25,11.07,0.0,6,6642,买盘
1059,14:22:40,11.05,-0.02,3,3315,卖盘
1060,14:22:43,11.05,0.0,10,11050,卖盘
1061,14:22:49,11.05,0.0,20,22100,卖盘
1062,14:22:58,11.05,0.0,2,2210,卖盘
1063,14:23:07,11.06,0.01,19,21005,买盘
1064,14:23:10,11.05,-0.01,2,1547,卖盘
1065,14:23:28,11.05,0.0,7,7735,买盘
1066,14:23:34,11.04,-0.01,3,3312,卖盘
1067,14:23:43,11.03,-0.01,5,5515,卖盘
1068,14:24:01,11.04,0.01,3,3312,买盘
1069,14:25:40,11.04,0.0,11,12144,买盘
1070,14:25:48,11.03,-0.01,42,46345,卖盘
1071,14:26:22,11.03,0.0,16,17648,卖盘
1072,14:26:31,11.03,0.0,16,17648,卖盘
1073,14:26:43,11.04,0.01,56,61818,买盘
1074,14:26:54,11.04,0.0,20,22080,卖盘
1075,14:27:01,11.04,0.0,26,28704,卖盘
1076,14:27:25,11.02,-0.02,3,3306,卖盘
1077,14:27:27,11.02,0.0,10,11020,卖盘
1078,14:27:43,11.02,0.0,3,3306,卖盘
1079,14:27:46,11.01,-0.01,2,2202,卖盘
1080,14:28:00,11.01,0.0,2,2202,卖盘
1081,14:28:06,11.01,0.0,6,6606,卖盘
1082,14:28:21,11.0,-0.01,15,16500,卖盘
1083,14:28:24,11.0,0.0,11,12100,卖盘
1084,14:28:30,10.99,-0.01,100,109947,卖盘
1085,14:28:40,10.99,0.0,39,42861,卖盘
1086,14:28:49,10.99,0.0,1,1099,卖盘
1087,14:28:52,10.99,0.0,30,32970,卖盘
1088,14:28:55,11.0,0.01,10,11000,买盘
1089,14:29:21,11.0,0.0,30,32980,买盘
1090,14:29:40,11.04,0.04,4,4416,买盘
1091,14:29:55,10.98,-0.06,26,28565,卖盘
1092,14:29:58,11.0,0.02,23,25300,买盘
1093,14:30:30,11.0,0.0,7,7700,卖盘
1094,14:30:49,11.0,0.0,1,1100,买盘
1095,14:30:58,11.0,0.0,1,1100,买盘
1096,14:31:01,11.0,0.0,10,11000,买盘
1097,14:31:07,11.0,0.0,5,5500,买盘
1098,14:31:09,11.0,0.0,6,6600,卖盘
1099,14:31:34,11.0,0.0,14,16060,卖盘
1100,14:32:04,11.05,0.05,32,35322,买盘
1101,14:32:19,11.05,0.0,4,4420,买盘
1102,14:32:27,10.99,-0.06,86,94549,卖盘
1103,14:32:46,11.05,0.06,10,11050,买盘
1104,14:33:31,11.05,0.0,14,15028,买盘
1105,14:33:34,11.05,0.0,1,1547,卖盘
1106,14:34:01,11.05,0.0,4,4418,买盘
1107,14:34:55,11.03,-0.02,1,1103,卖盘
1108,14:35:01,11.03,0.0,5,5515,买盘
1109,14:35:22,11.02,-0.01,10,11020,卖盘
1110,14:35:42,11.03,0.01,6,6618,买盘
1111,14:35:54,11.03,0.0,4,4412,买盘
1112,14:35:58,11.02,-0.01,5,5510,卖盘
1113,14:36:07,11.0,-0.02,31,34132,卖盘
1114,14:36:57,11.0,0.0,15,16505,卖盘
1115,14:37:31,11.03,0.03,44,48532,买盘
1116,14:37:34,11.03,0.0,6,6618,卖盘
1117,14:37:55,11.02,-0.01,4,4408,买盘
1118,14:38:19,11.0,-0.02,86,94662,卖盘
1119,14:38:31,11.05,0.05,4,4418,买盘
1120,14:38:34,11.05,0.0,10,11050,买盘
1121,14:40:13,11.02,-0.03,1,1102,卖盘
1122,14:40:40,11.02,0.0,20,22040,卖盘
1123,14:40:49,11.02,0.0,19,20938,卖盘
1124,14:40:55,11.03,0.01,4,4412,买盘
1125,14:41:04,11.04,0.01,104,114784,买盘
1126,14:41:06,11.02,-0.02,20,22048,卖盘
1127,14:42:13,11.04,0.02,5,5520,买盘
1128,14:42:25,11.05,0.01,4,4414,买盘
1129,14:42:43,11.03,-0.02,30,33090,买盘
1130,14:42:48,11.01,-0.02,150,165254,卖盘
1131,14:42:54,11.01,0.0,2,2202,卖盘
1132,14:42:57,11.01,0.0,1,1101,买盘
1133,14:43:01,11.01,0.0,6,6606,买盘
1134,14:43:04,11.01,0.0,1,1101,买盘
1135,14:43:07,11.01,0.0,10,11010,买盘
1136,14:43:42,11.05,0.04,4,4419,买盘
1137,14:44:28,11.04,-0.01,47,51888,买盘
1138,14:44:58,11.04,0.0,4,4416,买盘
1139,14:45:04,11.04,0.0,1,1104,买盘
1140,14:45:15,11.04,0.0,2,2208,卖盘
1141,14:45:36,11.04,0.0,2,2208,卖盘
1142,14:45:58,11.05,0.01,152,167960,买盘
1143,14:46:04,11.05,0.0,10,11050,卖盘
1144,14:46:13,11.05,0.0,19,20995,卖盘
1145,14:46:16,11.05,0.0,1,1105,买盘
1146,14:46:22,11.06,0.01,19,21014,买盘
1147,14:46:25,11.06,0.0,3,3318,买盘
1148,14:46:28,11.07,0.01,5,5529,买盘
1149,14:46:43,11.07,0.0,18,19925,买盘
1150,14:47:13,11.06,-0.01,5,5530,买盘
1151,14:47:34,11.05,-0.01,10,11050,卖盘
1152,14:47:40,11.05,0.0,24,26525,卖盘
1153,14:47:51,11.05,0.0,2,2210,买盘
1154,14:47:55,11.06,0.01,12,13268,买盘
1155,14:48:07,11.05,-0.01,4,4420,买盘
1156,14:48:13,11.05,0.0,1,1105,买盘
1157,14:48:22,11.05,0.0,5,5525,卖盘
1158,14:48:25,11.05,0.0,1,1105,卖盘
1159,14:48:31,11.05,0.0,5,5525,卖盘
1160,14:48:48,11.05,0.0,10,11050,买盘
1161,14:48:55,11.05,0.0,3,3315,买盘
1162,14:48:57,11.05,0.0,2,2210,买盘
1163,14:49:07,11.05,0.0,2,2210,买盘
1164,14:49:28,11.04,-0.01,5,5520,卖盘
1165,14:49:48,11.04,0.0,5,5520,卖盘
1166,14:50:04,11.05,0.01,10,11050,买盘
1167,14:50:19,11.05,0.0,20,22100,买盘
1168,14:50:31,11.04,-0.01,12,13248,卖盘
1169,14:50:34,11.05,0.01,4,4420,买盘
1170,14:50:40,11.05,0.0,11,12155,买盘
1171,14:50:46,11.05,0.0,2,2210,买盘
1172,14:50:52,11.04,-0.01,20,22082,卖盘
1173,14:50:58,11.05,0.01,63,69615,买盘
1174,14:51:07,11.04,-0.01,43,47479,卖盘
1175,14:51:22,11.05,0.01,3,3315,卖盘
1176,14:51:28,11.05,0.0,4,4420,买盘
1177,14:51:54,11.04,-0.01,30,33120,卖盘
1178,14:52:04,11.05,0.01,1,1105,买盘
1179,14:52:06,11.04,-0.01,9,9936,卖盘
1180,14:52:19,11.05,0.01,21,23205,买盘
1181,14:52:25,11.05,0.0,50,55250,买盘
1182,14:52:31,11.05,0.0,3,3315,买盘
1183,14:52:34,11.05,0.0,8,8840,买盘
1184,14:52:49,11.05,0.0,37,40885,买盘
1185,14:52:51,11.05,0.0,1,1105,买盘
1186,14:52:54,11.05,0.0,1,1105,买盘
1187,14:53:01,11.05,0.0,9,9948,买盘
1188,14:53:04,11.05,0.0,7,7735,卖盘
1189,14:53:13,11.05,0.0,4,4420,卖盘
1190,14:53:16,11.05,0.0,10,11050,买盘
1191,14:53:25,11.05,0.0,3,3315,买盘
1192,14:53:28,11.05,0.0,21,23205,买盘
1193,14:53:37,11.04,-0.01,1,1104,卖盘
1194,14:53:39,11.04,0.0,14,15464,卖盘
1195,14:53:43,11.04,0.0,12,13248,卖盘
1196,14:53:48,11.04,0.0,13,14352,买盘
1197,14:54:13,11.04,0.0,36,39744,卖盘
1198,14:54:16,11.04,0.0,10,11040,买盘
1199,14:54:22,11.04,0.0,13,14352,买盘
1200,14:54:34,11.05,0.01,30,33150,买盘
1201,14:54:37,11.04,-0.01,11,12144,卖盘
1202,14:54:52,11.04,0.0,17,18781,卖盘
1203,14:55:01,11.04,0.0,12,13248,卖盘
1204,14:55:04,11.04,0.0,5,5520,卖盘
1205,14:55:07,11.05,0.01,3,3315,买盘
1206,14:55:10,11.05,0.0,30,33140,买盘
1207,14:55:12,11.04,-0.01,26,28714,卖盘
1208,14:55:16,11.04,0.0,10,11040,卖盘
1209,14:55:25,11.04,0.0,3,3312,卖盘
1210,14:55:34,11.05,0.01,44,48580,买盘
1211,14:55:46,11.04,-0.01,5,5520,卖盘
1212,14:55:52,11.04,0.0,5,5520,卖盘
1213,14:56:06,11.04,0.0,26,28704,卖盘
1214,14:56:10,11.04,0.0,30,33122,卖盘
1215,14:56:15,11.04,0.0,17,18769,卖盘
1216,14:56:21,11.04,0.0,2,2208,买盘
1217,14:56:28,11.04,0.0,5,5520,卖盘
1218,14:56:34,11.04,0.0,5,5520,卖盘
1219,14:56:37,11.04,0.0,14,15456,卖盘
1220,14:56:43,11.05,0.01,7,7732,买盘
1221,14:56:49,11.05,0.0,9,9945,买盘
1222,14:57:00,11.05,0.0,25,27625,买盘
1223,15:00:04,11.06,0.01,512,566272,卖盘
