,time,price,change,volume,amount,type
0,09:25:04,15.61,-0.09,80,124880,卖盘
1,09:30:05,15.63,0.02,103,160976,中性盘
2,09:30:07,15.6,-0.03,30,46821,卖盘
3,09:30:18,15.7,0.1,36,56488,买盘
4,09:30:22,15.56,-0.14,40,62404,卖盘
5,09:30:27,15.7,0.14,8,12560,买盘
6,09:30:31,15.7,0.0,7,10990,买盘
7,09:30:42,15.69,-0.01,24,37656,卖盘
8,09:31:22,15.69,0.0,6,9419,卖盘
9,09:31:46,15.71,0.02,1,1571,卖盘
10,09:32:01,15.76,0.05,19,29944,买盘
11,09:32:10,15.76,0.0,5,7880,买盘
12,09:32:15,15.76,0.0,4,6304,买盘
13,09:32:27,15.76,0.0,1,1576,买盘
14,09:32:43,15.76,0.0,1,1576,买盘
15,09:33:16,15.74,-0.02,2,3148,买盘
16,09:33:19,15.72,-0.02,50,78601,卖盘
17,09:33:24,15.74,0.02,2,3148,买盘
18,09:33:28,15.72,-0.02,3,4716,卖盘
19,09:33:33,15.72,0.0,6,9432,卖盘
20,09:33:45,15.74,0.02,1,1574,买盘
21,09:33:55,15.75,0.01,15,23620,买盘
22,09:34:06,15.75,0.0,1,1575,卖盘
23,09:34:16,15.75,0.0,22,36194,买盘
24,09:34:22,15.85,0.1,50,79003,买盘
25,09:34:24,15.75,-0.1,1,1575,卖盘
26,09:34:31,15.84,0.09,1,1584,买盘
27,09:34:49,15.83,-0.01,1,1583,买盘
28,09:35:04,15.83,0.0,10,15825,买盘
29,09:35:18,15.83,0.0,4,6329,买盘
30,09:35:21,15.82,-0.01,4,6328,卖盘
31,09:35:25,15.82,0.0,3,4746,卖盘
32,09:35:28,15.82,0.0,3,4746,卖盘
33,09:35:30,15.82,0.0,1,1582,卖盘
34,09:35:33,15.82,0.0,16,25312,卖盘
35,09:35:51,15.79,-0.03,1,1579,中性盘
36,09:35:55,15.79,0.0,1,1579,卖盘
37,09:35:58,15.79,0.0,3,4738,卖盘
38,09:36:01,15.78,-0.01,1,1578,卖盘
39,09:36:04,15.78,0.0,2,3157,卖盘
40,09:36:16,15.78,0.0,17,26826,卖盘
41,09:36:19,15.78,0.0,1,1578,卖盘
42,09:36:25,15.79,0.01,5,7895,买盘
43,09:36:33,15.79,0.0,8,12632,买盘
44,09:36:37,15.79,0.0,20,31580,卖盘
45,09:36:51,15.79,0.0,10,15790,卖盘
46,09:36:54,15.79,0.0,3,4737,卖盘
47,09:36:57,15.79,0.0,14,22106,卖盘
48,09:37:04,15.79,0.0,11,17369,卖盘
49,09:37:13,15.78,-0.01,19,29982,卖盘
50,09:37:34,15.78,0.0,1,1578,买盘
51,09:38:04,15.78,0.0,1,1578,买盘
52,09:38:12,15.75,-0.03,38,58316,卖盘
53,09:38:19,15.78,0.03,21,33075,买盘
54,09:38:46,15.74,-0.04,2,3149,卖盘
55,09:39:04,15.74,0.0,54,84996,卖盘
56,09:39:12,15.73,-0.01,10,15735,卖盘
57,09:39:37,15.73,0.0,5,7865,卖盘
58,09:40:13,15.73,0.0,1,1573,买盘
59,09:40:21,15.77,0.04,4,6308,买盘
60,09:40:24,15.77,0.0,7,11039,买盘
61,09:40:28,15.77,0.0,1,1577,买盘
62,09:40:34,15.77,0.0,8,12616,买盘
63,09:40:54,15.76,-0.01,13,20488,卖盘
64,09:41:16,15.76,0.0,18,28368,卖盘
65,09:41:33,15.73,-0.03,2,3146,卖盘
66,09:41:37,15.72,-0.01,1,1572,买盘
67,09:41:39,15.72,0.0,1,1572,买盘
68,09:41:55,15.76,0.04,5,7880,买盘
69,09:42:10,15.76,0.0,5,7880,买盘
70,09:42:42,15.76,0.0,1,1576,买盘
71,09:43:06,15.76,0.0,9,14184,买盘
72,09:43:19,15.76,0.0,3,4728,卖盘
73,09:43:21,15.77,0.01,9,14193,买盘
74,09:43:28,15.77,0.0,1,1577,买盘
75,09:43:34,15.77,0.0,1,1577,买盘
76,09:43:40,15.77,0.0,5,7885,卖盘
77,09:44:00,15.76,-0.01,1,1576,卖盘
78,09:44:22,15.73,-0.03,4,6292,卖盘
79,09:44:39,15.75,0.02,5,7875,买盘
80,09:45:04,15.75,0.0,26,40950,卖盘
81,09:45:28,15.74,-0.01,27,44041,卖盘
82,09:45:31,15.74,0.0,16,23641,卖盘
83,09:45:48,15.74,0.0,1,1574,买盘
84,09:45:58,15.74,0.0,5,7870,买盘
85,09:46:19,15.74,0.0,5,7870,买盘
86,09:46:25,15.74,0.0,3,4722,买盘
87,09:46:30,15.75,0.01,22,34650,买盘
88,09:46:34,15.75,0.0,5,7875,买盘
89,09:46:37,15.75,0.0,5,7875,买盘
90,09:46:39,15.75,0.0,5,7875,买盘
91,09:46:43,15.75,0.0,6,9450,买盘
92,09:46:46,15.75,0.0,14,22050,买盘
93,09:46:49,15.75,0.0,27,42525,买盘
94,09:46:52,15.77,0.02,9,14193,买盘
95,09:47:06,15.77,0.0,14,22078,买盘
96,09:47:15,15.78,0.01,1,1578,买盘
97,09:47:22,15.78,0.0,9,14202,买盘
98,09:47:31,15.79,0.01,2,3158,买盘
99,09:47:49,15.79,0.0,8,12632,买盘
100,09:47:51,15.8,0.01,2,3160,买盘
101,09:47:58,15.8,0.0,27,42660,买盘
102,09:48:07,15.8,0.0,11,17380,买盘
103,09:48:16,15.81,0.01,10,15801,买盘
104,09:48:22,15.8,-0.01,13,20540,买盘
105,09:48:24,15.81,0.01,3,4743,买盘
106,09:48:28,15.8,-0.01,27,42660,卖盘
107,09:48:46,15.8,0.0,1,1580,买盘
108,09:48:51,15.8,0.0,3,4740,买盘
109,09:49:04,15.81,0.01,5,7905,买盘
110,09:49:13,15.81,0.0,1,1581,买盘
111,09:49:16,15.8,-0.01,6,9480,卖盘
112,09:49:30,15.82,0.02,9,14238,买盘
113,09:49:33,15.8,-0.02,3,4741,卖盘
114,09:50:16,15.79,-0.01,6,9474,卖盘
115,09:51:01,15.79,0.0,28,44212,卖盘
116,09:51:22,15.79,0.0,9,14211,卖盘
117,09:51:40,15.79,0.0,2,3158,买盘
118,09:51:55,15.76,-0.03,1,1576,卖盘
119,09:52:57,15.78,0.02,2,3156,卖盘
120,09:53:19,15.76,-0.02,2,3152,买盘
121,09:53:52,15.76,0.0,2,3152,买盘
122,09:54:10,15.75,-0.01,3,4725,卖盘
123,09:54:27,15.74,-0.01,24,37776,卖盘
124,09:54:37,15.74,0.0,14,22036,卖盘
125,09:54:51,15.73,-0.01,2,3146,卖盘
126,09:54:58,15.74,0.01,1,1574,买盘
127,09:55:07,15.74,0.0,20,31480,买盘
128,09:55:10,15.71,-0.03,27,42429,卖盘
129,09:55:13,15.71,0.0,6,9426,买盘
130,09:55:16,15.7,-0.01,56,87926,卖盘
131,09:55:19,15.71,0.01,9,14139,买盘
132,09:55:28,15.7,-0.01,11,17271,卖盘
133,09:55:37,15.71,0.01,43,67511,买盘
134,09:55:43,15.7,-0.01,7,10990,卖盘
135,09:55:45,15.73,0.03,1,1573,买盘
136,09:55:48,15.71,-0.02,5,7855,中性盘
137,09:55:52,15.7,-0.01,11,17270,卖盘
138,09:56:04,15.7,0.0,30,47100,卖盘
139,09:56:09,15.7,0.0,14,21980,卖盘
140,09:56:19,15.71,0.01,5,7855,买盘
141,09:56:24,15.7,-0.01,58,91060,卖盘
142,09:56:36,15.7,0.0,5,7850,卖盘
143,09:56:42,15.7,0.0,1,1570,买盘
144,09:57:01,15.7,0.0,6,9420,买盘
145,09:57:34,15.7,0.0,5,7850,买盘
146,09:57:52,15.69,-0.01,10,15690,卖盘
147,09:58:01,15.69,0.0,3,4707,卖盘
148,09:58:07,15.69,0.0,6,9414,卖盘
149,09:58:43,15.69,0.0,20,31380,买盘
150,09:58:46,15.68,-0.01,13,20384,卖盘
151,09:58:58,15.69,0.01,2,3138,买盘
152,09:59:16,15.7,0.01,5,9294,买盘
153,09:59:37,15.7,0.0,20,31400,卖盘
154,09:59:42,15.7,0.0,5,7850,卖盘
155,09:59:49,15.71,0.01,3,4713,买盘
156,10:00:00,15.7,-0.01,13,20410,卖盘
157,10:00:28,15.7,0.0,2,3140,卖盘
158,10:00:43,15.71,0.01,6,9426,买盘
159,10:00:58,15.7,-0.01,1,1570,卖盘
160,10:01:15,15.71,0.01,4,6283,买盘
161,10:01:27,15.71,0.0,1,1571,买盘
162,10:01:48,15.71,0.0,1,1571,买盘
163,10:02:04,15.71,0.0,3,4713,买盘
164,10:02:06,15.7,-0.01,3,4710,卖盘
165,10:02:22,15.71,0.01,1,1571,买盘
166,10:02:30,15.71,0.0,12,18852,买盘
167,10:02:40,15.7,-0.01,4,6280,卖盘
168,10:03:04,15.7,0.0,2,3140,卖盘
169,10:03:21,15.71,0.01,2,3142,买盘
170,10:03:25,15.71,0.0,19,29849,买盘
171,10:03:46,15.71,0.0,2,3142,买盘
172,10:03:52,15.71,0.0,3,4713,买盘
173,10:05:04,15.7,-0.01,3,4710,卖盘
174,10:05:34,15.7,0.0,3,4710,卖盘
175,10:05:46,15.71,0.01,10,15710,买盘
176,10:06:10,15.7,-0.01,29,45530,卖盘
177,10:06:12,15.71,0.01,5,7855,买盘
178,10:06:28,15.68,-0.03,30,47044,卖盘
179,10:07:10,15.71,0.03,4,6284,买盘
180,10:07:16,15.7,-0.01,1,1570,买盘
181,10:07:27,15.71,0.01,1,1571,买盘
182,10:08:01,15.71,0.0,1,1571,买盘
183,10:08:31,15.71,0.0,10,15710,买盘
184,10:08:49,15.7,-0.01,13,20410,卖盘
185,10:09:10,15.67,-0.03,20,31359,卖盘
186,10:10:07,15.68,0.01,1,1568,卖盘
187,10:10:18,15.68,0.0,7,10977,卖盘
188,10:10:37,15.68,0.0,3,4704,买盘
189,10:11:10,15.67,-0.01,4,6268,卖盘
190,10:11:28,15.67,0.0,8,12536,卖盘
191,10:11:52,15.68,0.01,6,9408,买盘
192,10:11:55,15.68,0.0,3,4704,卖盘
193,10:11:58,15.71,0.03,4,6284,买盘
194,10:12:24,15.71,0.0,11,17281,买盘
195,10:12:48,15.71,0.0,6,9426,买盘
196,10:12:52,15.71,0.0,4,6284,买盘
197,10:13:45,15.7,-0.01,1,1570,卖盘
198,10:14:04,15.7,0.0,1,1570,卖盘
199,10:14:12,15.7,0.0,13,20410,卖盘
200,10:14:15,15.7,0.0,4,6280,买盘
201,10:14:40,15.7,0.0,11,17270,买盘
202,10:15:21,15.7,0.0,1,1570,买盘
203,10:16:28,15.69,-0.01,26,40794,卖盘
204,10:16:30,15.7,0.01,10,15700,买盘
205,10:16:37,15.7,0.0,1,1570,买盘
206,10:16:40,15.7,0.0,1,1570,买盘
207,10:17:04,15.7,0.0,40,62800,买盘
208,10:17:16,15.7,0.0,8,12560,买盘
209,10:17:31,15.7,0.0,17,26690,买盘
210,10:17:34,15.71,0.01,2,3142,买盘
211,10:17:37,15.69,-0.02,67,105178,卖盘
212,10:18:58,15.69,0.0,33,51777,买盘
213,10:20:01,15.71,0.02,1,1571,买盘
214,10:20:04,15.71,0.0,2,3142,买盘
215,10:20:06,15.71,0.0,7,10997,买盘
216,10:20:09,15.71,0.0,1,1571,买盘
217,10:20:13,15.71,0.0,1,1571,买盘
218,10:20:24,15.71,0.0,1,1571,买盘
219,10:20:45,15.71,0.0,5,7855,买盘
220,10:20:48,15.71,0.0,4,6284,买盘
221,10:20:52,15.71,0.0,122,191662,买盘
222,10:20:55,15.71,0.0,47,73837,买盘
223,10:20:58,15.73,0.02,62,97418,买盘
224,10:21:00,15.73,0.0,5,7865,买盘
225,10:21:04,15.75,0.02,1,1575,买盘
226,10:21:40,15.75,0.0,16,25200,买盘
227,10:22:04,15.75,0.0,6,9450,买盘
228,10:22:09,15.75,0.0,15,23625,买盘
229,10:22:16,15.78,0.03,9,14202,买盘
230,10:22:34,15.79,0.01,11,17369,买盘
231,10:22:46,15.83,0.04,68,107597,买盘
232,10:22:58,15.84,0.01,20,31680,买盘
233,10:23:04,15.84,0.0,5,7920,买盘
234,10:23:25,15.81,-0.03,3,4743,卖盘
235,10:23:57,15.83,0.02,15,23745,买盘
236,10:24:16,15.83,0.0,12,18996,买盘
237,10:24:24,15.83,0.0,2,3166,买盘
238,10:24:31,15.81,-0.02,1,1581,卖盘
239,10:25:46,15.8,-0.01,2,3160,卖盘
240,10:25:52,15.81,0.01,10,15810,买盘
241,10:25:57,15.81,0.0,4,6324,买盘
242,10:26:09,15.81,0.0,12,18973,卖盘
243,10:26:46,15.83,0.02,33,52239,买盘
244,10:27:18,15.83,0.0,1,1583,买盘
245,10:27:24,15.83,0.0,6,9498,买盘
246,10:27:27,15.83,0.0,4,6332,买盘
247,10:27:40,15.83,0.0,2,3166,买盘
248,10:28:01,15.82,-0.01,21,33222,卖盘
249,10:28:07,15.82,0.0,20,31640,买盘
250,10:28:19,15.81,-0.01,9,14229,卖盘
251,10:28:48,15.81,0.0,7,11067,买盘
252,10:29:04,15.8,-0.01,7,11060,卖盘
253,10:29:19,15.8,0.0,1,1580,买盘
254,10:29:46,15.8,0.0,2,3160,买盘
255,10:29:49,15.8,0.0,2,3160,买盘
256,10:29:51,15.8,0.0,2,3160,买盘
257,10:29:55,15.8,0.0,2,3160,买盘
258,10:29:57,15.8,0.0,2,3160,买盘
259,10:30:00,15.8,0.0,2,3160,买盘
260,10:30:03,15.8,0.0,3,4740,买盘
261,10:30:06,15.8,0.0,2,3160,买盘
262,10:30:09,15.8,0.0,2,3160,买盘
263,10:30:13,15.8,0.0,2,3160,买盘
264,10:30:51,15.8,0.0,1,1580,买盘
265,10:31:04,15.8,0.0,1,1580,买盘
266,10:31:07,15.79,-0.01,8,12632,卖盘
267,10:31:30,15.8,0.01,2,3160,买盘
268,10:32:04,15.8,0.0,2,3160,买盘
269,10:32:12,15.79,-0.01,1,1579,卖盘
270,10:32:34,15.78,-0.01,5,7890,卖盘
271,10:32:57,15.79,0.01,5,7895,卖盘
272,10:33:19,15.79,0.0,4,6316,卖盘
273,10:33:21,15.79,0.0,2,3158,卖盘
274,10:33:34,15.79,0.0,8,12632,买盘
275,10:33:39,15.79,0.0,1,1579,买盘
276,10:34:04,15.79,0.0,2,3158,买盘
277,10:34:06,15.79,0.0,1,1579,买盘
278,10:34:33,15.79,0.0,1,1579,买盘
279,10:34:43,15.79,0.0,18,28422,买盘
280,10:34:49,15.81,0.02,1,1581,买盘
281,10:35:01,15.81,0.0,2,3162,买盘
282,10:35:13,15.81,0.0,1,1581,买盘
283,10:35:15,15.82,0.01,15,23720,买盘
284,10:35:25,15.83,0.01,1,1583,买盘
285,10:35:46,15.83,0.0,30,47490,买盘
286,10:35:51,15.83,0.0,19,30077,买盘
287,10:36:19,15.82,-0.01,3,4746,卖盘
288,10:37:06,15.8,-0.02,3,4741,卖盘
289,10:37:24,15.8,0.0,10,15800,买盘
290,10:37:48,15.8,0.0,1,1580,买盘
291,10:37:51,15.79,-0.01,2,3158,卖盘
292,10:38:16,15.8,0.01,1,1580,买盘
293,10:38:19,15.79,-0.01,5,7895,卖盘
294,10:38:21,15.8,0.01,51,80539,买盘
295,10:38:57,15.8,0.0,1,1580,买盘
296,10:39:04,15.8,0.0,1,1580,买盘
297,10:39:09,15.8,0.0,2,3160,买盘
298,10:39:25,15.8,0.0,31,48980,买盘
299,10:39:39,15.8,0.0,1,1580,买盘
300,10:39:55,15.8,0.0,3,4740,买盘
301,10:39:58,15.8,0.0,2,3160,买盘
302,10:40:01,15.8,0.0,2,3160,买盘
303,10:40:04,15.8,0.0,3,4740,买盘
304,10:40:06,15.8,0.0,2,3160,买盘
305,10:40:09,15.8,0.0,2,3160,买盘
306,10:40:13,15.8,0.0,2,3160,买盘
307,10:40:16,15.8,0.0,3,4740,买盘
308,10:40:19,15.82,0.02,2,3164,买盘
309,10:40:22,15.83,0.01,2,3166,买盘
310,10:40:30,15.82,-0.01,3,4746,卖盘
311,10:40:33,15.82,0.0,2,3164,买盘
312,10:40:36,15.83,0.01,4,6332,买盘
313,10:41:16,15.83,0.0,2,3166,卖盘
314,10:41:28,15.83,0.0,5,7915,买盘
315,10:41:37,15.83,0.0,1,1583,买盘
316,10:42:00,15.83,0.0,12,18996,买盘
317,10:42:04,15.83,0.0,6,9498,买盘
318,10:42:51,15.83,0.0,1,1583,买盘
319,10:43:04,15.83,0.0,1,1583,买盘
320,10:43:39,15.81,-0.02,5,7906,卖盘
321,10:44:54,15.83,0.02,2,3166,买盘
322,10:45:03,15.81,-0.02,2,3164,卖盘
323,10:45:06,15.81,0.0,72,113832,卖盘
324,10:45:49,15.8,-0.01,2,3160,卖盘
325,10:46:09,15.8,0.0,1,1580,卖盘
326,10:46:13,15.8,0.0,1,1580,卖盘
327,10:46:16,15.8,0.0,7,11066,卖盘
328,10:46:33,15.8,0.0,1,1580,卖盘
329,10:46:37,15.8,0.0,1,1580,卖盘
330,10:46:55,15.8,0.0,1,1580,买盘
331,10:47:04,15.8,0.0,1,1580,买盘
332,10:47:06,15.78,-0.02,16,25248,卖盘
333,10:47:19,15.77,-0.01,2,3154,卖盘
334,10:48:25,15.77,0.0,20,31540,卖盘
335,10:48:34,15.77,0.0,13,20501,买盘
336,10:48:51,15.78,0.01,1,1578,买盘
337,10:49:04,15.78,0.0,1,1578,买盘
338,10:49:16,15.78,0.0,4,6312,买盘
339,10:49:52,15.78,0.0,1,1578,买盘
340,10:49:55,15.78,0.0,1,1578,买盘
341,10:49:57,15.78,0.0,1,1578,买盘
342,10:50:00,15.78,0.0,1,1578,买盘
343,10:50:21,15.78,0.0,1,1578,买盘
344,10:50:51,15.78,0.0,14,22092,买盘
345,10:51:04,15.78,0.0,1,1578,买盘
346,10:51:06,15.78,0.0,8,12624,买盘
347,10:51:19,15.8,0.02,5,7900,买盘
348,10:51:37,15.8,0.0,15,23700,买盘
349,10:51:51,15.8,0.0,1,1580,买盘
350,10:52:54,15.8,0.0,1,1580,买盘
351,10:53:33,15.79,-0.01,1,1579,卖盘
352,10:53:58,15.79,0.0,6,9474,卖盘
353,10:54:00,15.8,0.01,15,23700,买盘
354,10:54:34,15.8,0.0,3,4740,买盘
355,10:54:37,15.8,0.0,2,3160,买盘
356,10:54:39,15.8,0.0,22,34760,买盘
357,10:54:42,15.8,0.0,26,41079,买盘
358,10:54:45,15.8,0.0,26,41080,买盘
359,10:54:48,15.8,0.0,16,25280,买盘
360,10:54:51,15.8,0.0,13,20540,买盘
361,10:54:55,15.8,0.0,10,15800,买盘
362,10:54:58,15.81,0.01,4,6323,买盘
363,10:55:00,15.81,0.0,1,1581,买盘
364,10:55:04,15.81,0.0,2,3162,买盘
365,10:55:28,15.81,0.0,10,15810,买盘
366,10:55:33,15.81,0.0,6,9486,买盘
367,10:55:48,15.81,0.0,19,30039,卖盘
368,10:55:51,15.81,0.0,22,34782,买盘
369,10:56:04,15.82,0.01,1,1582,买盘
370,10:57:09,15.83,0.01,3,4749,买盘
371,10:57:28,15.83,0.0,5,7915,买盘
372,10:57:31,15.83,0.0,2,3166,买盘
373,10:57:48,15.84,0.01,30,47512,买盘
374,10:58:04,15.84,0.0,1,1584,买盘
375,10:59:04,15.84,0.0,19,30096,买盘
376,10:59:09,15.84,0.0,26,41184,买盘
377,10:59:13,15.84,0.0,35,55440,买盘
378,10:59:16,15.85,0.01,50,79250,买盘
379,10:59:22,15.85,0.0,25,39625,买盘
380,10:59:52,15.85,0.0,9,14265,买盘
381,10:59:57,15.85,0.0,1,1585,买盘
382,11:00:04,15.85,0.0,15,23775,买盘
383,11:00:09,15.85,0.0,1,1585,买盘
384,11:00:28,15.85,0.0,15,23775,买盘
385,11:00:48,15.84,-0.01,5,7920,卖盘
386,11:00:52,15.85,0.01,1,1585,买盘
387,11:01:04,15.85,0.0,56,88760,买盘
388,11:01:13,15.85,0.0,63,99855,买盘
389,11:01:16,15.85,0.0,8,12680,买盘
390,11:01:18,15.85,0.0,207,328095,买盘
391,11:01:21,15.86,0.01,10,15860,买盘
392,11:01:37,15.86,0.0,3,4758,买盘
393,11:02:12,15.87,0.01,2,3174,买盘
394,11:02:18,15.87,0.0,3,4761,买盘
395,11:02:21,15.87,0.0,8,12696,买盘
396,11:02:27,15.9,0.03,11,17480,买盘
397,11:02:37,15.97,0.07,1,1597,中性盘
398,11:02:46,15.97,0.0,15,23955,买盘
399,11:03:07,15.97,0.0,4,6388,买盘
400,11:03:13,15.94,-0.03,10,15940,卖盘
401,11:03:22,15.95,0.01,17,27115,中性盘
402,11:03:24,15.96,0.01,9,14364,买盘
403,11:03:46,15.93,-0.03,5,7965,卖盘
404,11:03:52,15.86,-0.07,2,3172,卖盘
405,11:04:42,15.92,0.06,1,1592,买盘
406,11:05:01,15.9,-0.02,1,1590,中性盘
407,11:05:25,15.89,-0.01,8,12712,卖盘
408,11:05:34,15.9,0.01,2,3180,买盘
409,11:05:57,15.9,0.0,2,3180,卖盘
410,11:06:55,15.9,0.0,30,47701,卖盘
411,11:07:13,15.89,-0.01,4,6356,卖盘
412,11:07:57,15.89,0.0,6,9534,买盘
413,11:08:27,15.89,0.0,5,7945,买盘
414,11:08:43,15.89,0.0,1,1589,卖盘
415,11:08:46,15.89,0.0,1,1589,卖盘
416,11:08:49,15.89,0.0,1,1589,卖盘
417,11:08:51,15.89,0.0,1,1589,卖盘
418,11:08:54,15.89,0.0,1,1589,卖盘
419,11:08:57,15.89,0.0,1,1589,卖盘
420,11:09:01,15.88,-0.01,1,1588,卖盘
421,11:09:51,15.87,-0.01,6,9522,卖盘
422,11:11:22,15.91,0.04,3,4773,买盘
423,11:11:51,15.89,-0.02,1,1589,卖盘
424,11:13:12,15.89,0.0,6,9534,卖盘
425,11:13:15,15.89,0.0,18,28602,卖盘
426,11:13:18,15.89,0.0,1,1589,卖盘
427,11:13:21,15.9,0.01,1,1590,卖盘
428,11:13:25,15.9,0.0,4,6357,买盘
429,11:13:43,15.9,0.0,3,4770,买盘
430,11:14:03,15.9,0.0,6,9540,买盘
431,11:14:19,15.91,0.01,22,35002,买盘
432,11:14:24,15.91,0.0,2,3182,卖盘
433,11:14:30,15.92,0.01,24,38185,买盘
434,11:14:36,15.92,0.0,8,12736,卖盘
435,11:14:54,15.94,0.02,10,15940,买盘
436,11:15:09,15.92,-0.02,2,3184,卖盘
437,11:15:33,15.89,-0.03,36,57204,卖盘
438,11:16:15,15.92,0.03,10,15920,买盘
439,11:16:43,15.9,-0.02,2,3180,卖盘
440,11:18:42,15.89,-0.01,4,6357,卖盘
441,11:19:39,15.88,-0.01,4,6352,卖盘
442,11:19:54,15.88,0.0,10,15880,卖盘
443,11:21:46,15.84,-0.04,5,7920,卖盘
444,11:22:49,15.87,0.03,3,4761,买盘
445,11:23:00,15.86,-0.01,20,31720,卖盘
446,11:23:27,15.86,0.0,2,3172,卖盘
447,11:23:52,15.86,0.0,8,12688,买盘
448,11:24:22,15.85,-0.01,5,7929,卖盘
449,11:24:36,15.87,0.02,5,7935,买盘
450,11:24:51,15.87,0.0,2,3174,买盘
451,11:24:58,15.88,0.01,11,17468,买盘
452,11:25:01,15.88,0.0,1,1588,买盘
453,11:25:03,15.88,0.0,11,17468,买盘
454,11:25:13,15.89,0.01,16,25424,买盘
455,11:25:15,15.91,0.02,4,6364,买盘
456,11:25:18,15.91,0.0,3,4773,买盘
457,11:25:22,15.93,0.02,5,7965,买盘
458,11:25:24,15.93,0.0,3,4779,买盘
459,11:25:27,15.93,0.0,2,3186,买盘
460,11:25:57,15.93,0.0,1,1593,卖盘
461,11:26:39,15.93,0.0,8,12744,卖盘
462,11:26:42,15.93,0.0,2,3186,卖盘
463,11:26:45,15.93,0.0,5,7965,卖盘
464,11:26:48,15.93,0.0,2,3186,卖盘
465,11:26:54,15.93,0.0,12,19116,卖盘
466,11:27:15,15.92,-0.01,20,31840,卖盘
467,11:27:33,15.92,0.0,1,1592,卖盘
468,11:28:09,15.92,0.0,13,20696,卖盘
469,11:29:36,15.92,0.0,5,7960,卖盘
470,11:29:48,15.92,0.0,10,15920,卖盘
471,13:00:04,15.93,0.01,4,6372,买盘
472,13:00:21,15.92,-0.01,5,7960,卖盘
473,13:00:51,15.93,0.01,1,1593,买盘
474,13:01:09,15.93,0.0,12,19116,买盘
475,13:01:13,15.92,-0.01,24,38208,卖盘
476,13:02:00,15.91,-0.01,64,101859,卖盘
477,13:02:30,15.92,0.01,38,60496,卖盘
478,13:02:52,15.92,0.0,8,12736,买盘
479,13:03:43,15.92,0.0,12,19104,卖盘
480,13:04:33,15.92,0.0,5,7960,卖盘
481,13:04:39,15.92,0.0,11,17512,卖盘
482,13:04:45,15.92,0.0,17,27064,卖盘
483,13:05:00,15.92,0.0,2,3184,卖盘
484,13:05:31,15.92,0.0,2,3184,卖盘
485,13:05:36,15.92,0.0,19,30248,卖盘
486,13:07:31,15.87,-0.05,2,3174,卖盘
487,13:08:04,15.87,0.0,3,4761,买盘
488,13:08:27,15.91,0.04,1,1591,买盘
489,13:08:33,15.91,0.0,1,1591,买盘
490,13:09:09,15.87,-0.04,1,1587,卖盘
491,13:11:00,15.88,0.01,2,3176,卖盘
492,13:11:39,15.92,0.04,1,1592,买盘
493,13:12:01,15.88,-0.04,1,1588,卖盘
494,13:12:04,15.92,0.04,2,3184,买盘
495,13:12:27,15.87,-0.05,5,7940,卖盘
496,13:12:52,15.87,0.0,6,9523,卖盘
497,13:15:28,15.92,0.05,2,3184,买盘
498,13:15:33,15.92,0.0,31,49347,买盘
499,13:15:55,15.93,0.01,4,6372,买盘
500,13:16:10,15.93,0.0,8,12744,买盘
501,13:16:21,15.93,0.0,20,31860,卖盘
502,13:16:24,15.93,0.0,8,12744,买盘
503,13:16:46,15.92,-0.01,62,98764,卖盘
504,13:17:30,15.93,0.01,12,19116,卖盘
505,13:17:43,15.93,0.0,8,12744,买盘
506,13:18:15,15.93,0.0,8,12744,卖盘
507,13:18:51,15.94,0.01,34,54180,买盘
508,13:19:09,15.94,0.0,3,4782,买盘
509,13:19:15,15.94,0.0,3,4782,买盘
510,13:19:22,15.94,0.0,5,7970,买盘
511,13:19:51,15.94,0.0,4,6376,买盘
512,13:20:01,15.94,0.0,3,4782,买盘
513,13:20:04,15.94,0.0,11,17534,买盘
514,13:20:06,15.94,0.0,7,11158,买盘
515,13:20:18,15.94,0.0,1,1594,卖盘
516,13:20:21,15.94,0.0,3,4782,卖盘
517,13:20:52,15.94,0.0,11,17534,卖盘
518,13:21:30,15.93,-0.01,17,27081,卖盘
519,13:21:58,15.93,0.0,3,4779,卖盘
520,13:22:12,15.93,0.0,17,27081,卖盘
521,13:22:33,15.93,0.0,18,28674,买盘
522,13:22:46,15.93,0.0,1,1593,买盘
523,13:22:54,15.93,0.0,2,3186,买盘
524,13:23:00,15.93,0.0,1,1593,买盘
525,13:23:03,15.93,0.0,1,1593,买盘
526,13:23:06,15.93,0.0,2,3186,买盘
527,13:23:16,15.93,0.0,1,1593,买盘
528,13:23:27,15.93,0.0,12,19116,买盘
529,13:23:33,15.93,0.0,1,1593,卖盘
530,13:23:42,15.94,0.01,14,22316,买盘
531,13:24:16,15.95,0.01,40,63800,买盘
532,13:24:19,15.95,0.0,10,15950,买盘
533,13:24:21,15.96,0.01,6,9576,买盘
534,13:24:24,15.96,0.0,1,1596,买盘
535,13:24:51,15.96,0.0,61,97354,买盘
536,13:25:19,15.96,0.0,5,7980,卖盘
537,13:25:40,15.96,0.0,2,3192,卖盘
538,13:25:46,15.96,0.0,9,14371,卖盘
539,13:25:52,15.97,0.01,33,52673,买盘
540,13:25:58,15.97,0.0,7,11179,买盘
541,13:26:43,15.98,0.01,30,47940,买盘
542,13:27:22,15.97,-0.01,4,6388,卖盘
543,13:27:30,15.97,0.0,10,15970,卖盘
544,13:27:55,15.97,0.0,7,11179,卖盘
545,13:28:46,15.97,0.0,30,47910,卖盘
546,13:28:49,15.97,0.0,4,6388,卖盘
547,13:28:54,15.97,0.0,21,33537,卖盘
548,13:28:58,15.98,0.01,1,1598,买盘
549,13:29:15,15.97,-0.01,10,15970,卖盘
550,13:29:31,15.97,0.0,12,19164,卖盘
551,13:29:36,15.97,0.0,1,1597,卖盘
552,13:29:40,15.97,0.0,2,3194,卖盘
553,13:29:42,15.97,0.0,5,7985,卖盘
554,13:30:01,15.97,0.0,1,1597,卖盘
555,13:30:15,15.96,-0.01,1,1596,卖盘
556,13:30:45,15.96,0.0,21,33516,卖盘
557,13:30:51,15.97,0.01,1,1597,买盘
558,13:31:18,15.97,0.0,17,27149,买盘
559,13:31:36,15.98,0.01,1,1598,买盘
560,13:31:48,15.98,0.0,18,28764,买盘
561,13:31:51,15.98,0.0,15,23970,买盘
562,13:33:16,15.97,-0.01,50,79850,卖盘
563,13:33:27,15.97,0.0,3,4791,卖盘
564,13:33:39,15.98,0.01,5,7990,买盘
565,13:33:45,15.97,-0.01,4,6388,卖盘
566,13:33:57,15.97,0.0,5,7985,卖盘
567,13:34:01,15.97,0.0,28,44716,卖盘
568,13:34:10,15.96,-0.01,10,15960,卖盘
569,13:35:27,15.94,-0.02,1,1594,卖盘
570,13:36:07,15.94,0.0,2,3188,卖盘
571,13:36:27,15.92,-0.02,5,7961,卖盘
572,13:36:45,15.92,0.0,10,15920,卖盘
573,13:37:18,15.93,0.01,1,1593,卖盘
574,13:38:04,15.93,0.0,1,1593,买盘
575,13:38:33,15.93,0.0,4,6372,买盘
576,13:38:37,15.93,0.0,6,9558,买盘
577,13:38:43,15.94,0.01,3,4782,买盘
578,13:38:46,15.94,0.0,2,3188,买盘
579,13:39:01,15.94,0.0,1,1594,买盘
580,13:39:25,15.95,0.01,19,30305,买盘
581,13:39:27,15.96,0.01,3,4788,买盘
582,13:39:30,15.96,0.0,3,4788,买盘
583,13:39:33,15.96,0.0,2,3192,买盘
584,13:39:45,15.96,0.0,2,3192,买盘
585,13:39:55,15.96,0.0,6,9576,中性盘
586,13:40:01,15.94,-0.02,40,63760,卖盘
587,13:40:31,15.94,0.0,8,12752,卖盘
588,13:41:18,15.94,0.0,1,1594,卖盘
589,13:41:34,15.94,0.0,3,4782,卖盘
590,13:41:49,15.96,0.02,12,19152,买盘
591,13:42:01,15.96,0.0,11,17556,买盘
592,13:42:06,15.95,-0.01,5,7975,卖盘
593,13:42:10,15.96,0.01,21,33516,买盘
594,13:42:46,15.97,0.01,12,19164,买盘
595,13:43:00,15.97,0.0,15,23955,买盘
596,13:43:07,15.97,0.0,12,19163,买盘
597,13:43:25,15.97,0.0,11,17567,买盘
598,13:43:27,15.97,0.0,5,7985,买盘
599,13:43:30,15.97,0.0,2,3194,买盘
600,13:43:46,15.97,0.0,24,38328,买盘
601,13:43:48,15.97,0.0,28,44716,买盘
602,13:44:07,15.97,0.0,1,1597,买盘
603,13:44:19,15.97,0.0,40,63880,卖盘
604,13:44:30,15.97,0.0,1,1597,卖盘
605,13:44:36,15.97,0.0,14,22358,卖盘
606,13:44:42,15.97,0.0,6,9582,卖盘
607,13:44:45,15.97,0.0,3,4791,卖盘
608,13:44:51,15.97,0.0,12,19164,买盘
609,13:45:12,15.97,0.0,9,14373,买盘
610,13:45:33,15.97,0.0,27,43119,买盘
611,13:45:36,15.97,0.0,1,1597,买盘
612,13:46:01,15.97,0.0,3,4791,卖盘
613,13:46:24,15.97,0.0,10,15970,卖盘
614,13:46:33,15.97,0.0,15,23955,卖盘
615,13:47:09,15.97,0.0,4,6388,卖盘
616,13:47:12,15.97,0.0,45,71865,卖盘
617,13:47:39,15.97,0.0,22,35134,买盘
618,13:47:48,15.97,0.0,7,11179,卖盘
619,13:49:15,15.97,0.0,4,6388,买盘
620,13:49:51,15.96,-0.01,3,4788,卖盘
621,13:52:00,15.96,0.0,21,33516,买盘
622,13:52:46,15.96,0.0,14,22344,买盘
623,13:53:01,15.96,0.0,14,22344,买盘
624,13:53:21,15.95,-0.01,2,3190,卖盘
625,13:55:04,15.92,-0.03,5,7962,卖盘
626,13:55:07,15.92,0.0,3,4776,卖盘
627,13:55:10,15.92,0.0,10,15920,买盘
628,13:55:40,15.92,0.0,6,9552,卖盘
629,13:55:48,15.94,0.02,1,1594,买盘
630,13:56:48,15.93,-0.01,1,1593,卖盘
631,13:57:15,15.92,-0.01,10,15920,卖盘
632,13:57:40,15.92,0.0,2,3184,卖盘
633,13:58:31,15.94,0.02,1,1594,买盘
634,13:58:42,15.95,0.01,5,7975,买盘
635,13:59:04,15.95,0.0,10,15950,买盘
636,14:00:04,15.95,0.0,1,1595,买盘
637,14:00:34,15.94,-0.01,2,3188,卖盘
638,14:00:36,15.94,0.0,5,7970,买盘
639,14:00:51,15.93,-0.01,1,1593,卖盘
640,14:00:54,15.93,0.0,1,1593,买盘
641,14:01:31,15.93,0.0,2,3186,卖盘
642,14:01:33,15.94,0.01,1,1594,买盘
643,14:01:36,15.94,0.0,3,4782,买盘
644,14:01:43,15.94,0.0,5,7970,买盘
645,14:01:52,15.94,0.0,10,15940,买盘
646,14:01:54,15.95,0.01,3,4785,买盘
647,14:01:57,15.95,0.0,3,4785,买盘
648,14:02:00,15.95,0.0,3,4785,买盘
649,14:02:04,15.95,0.0,1,1595,买盘
650,14:02:28,15.94,-0.01,6,9564,卖盘
651,14:02:55,15.94,0.0,7,11158,卖盘
652,14:03:22,15.94,0.0,5,7970,卖盘
653,14:03:51,15.94,0.0,1,1594,卖盘
654,14:04:10,15.94,0.0,4,6376,卖盘
655,14:04:51,15.95,0.01,1,1595,买盘
656,14:05:00,15.94,-0.01,11,17534,卖盘
657,14:06:16,15.93,-0.01,10,15930,卖盘
658,14:06:18,15.94,0.01,1,1594,买盘
659,14:06:48,15.93,-0.01,1,1593,卖盘
660,14:06:51,15.93,0.0,1,1593,买盘
661,14:06:57,15.92,-0.01,13,20696,卖盘
662,14:07:34,15.92,0.0,3,4776,卖盘
663,14:07:45,15.93,0.01,1,1593,买盘
664,14:07:55,15.93,0.0,1,1593,买盘
665,14:08:12,15.93,0.0,1,1593,买盘
666,14:08:21,15.92,-0.01,35,55720,卖盘
667,14:08:25,15.92,0.0,2,3184,买盘
668,14:08:48,15.91,-0.01,1,1591,卖盘
669,14:09:04,15.91,0.0,10,15910,卖盘
670,14:09:06,15.91,0.0,5,7955,卖盘
671,14:10:12,15.91,0.0,19,30229,卖盘
672,14:11:28,15.91,0.0,28,44548,卖盘
673,14:11:37,15.91,0.0,15,23865,买盘
674,14:11:45,15.9,-0.01,4,6360,卖盘
675,14:12:06,15.89,-0.01,3,4767,卖盘
676,14:12:39,15.9,0.01,6,9540,买盘
677,14:12:52,15.91,0.01,1,1591,买盘
678,14:13:16,15.91,0.0,5,7955,买盘
679,14:13:19,15.91,0.0,6,9546,买盘
680,14:13:27,15.92,0.01,1,1592,买盘
681,14:13:33,15.92,0.0,2,3184,买盘
682,14:13:36,15.92,0.0,2,3184,买盘
683,14:14:01,15.92,0.0,22,35024,买盘
684,14:14:09,15.93,0.01,1,1593,买盘
685,14:14:12,15.93,0.0,2,3186,买盘
686,14:14:34,15.94,0.01,16,25504,买盘
687,14:14:49,15.94,0.0,2,3188,卖盘
688,14:15:16,15.94,0.0,9,14346,卖盘
689,14:15:52,15.95,0.01,1,1595,买盘
690,14:15:55,15.95,0.0,30,47850,买盘
691,14:16:07,15.95,0.0,1,1595,卖盘
692,14:16:18,15.95,0.0,9,14355,买盘
693,14:16:43,15.96,0.01,16,25536,买盘
694,14:17:03,15.96,0.0,17,27132,买盘
695,14:17:12,15.97,0.01,100,159657,买盘
696,14:17:16,15.98,0.01,10,15980,买盘
697,14:17:21,15.98,0.0,17,27166,买盘
698,14:17:27,15.97,-0.01,59,94223,卖盘
699,14:18:07,15.97,0.0,30,47910,买盘
700,14:18:28,15.97,0.0,21,33537,买盘
701,14:18:36,15.97,0.0,20,31940,卖盘
702,14:18:51,15.98,0.01,3,4794,买盘
703,14:18:58,15.94,-0.04,26,41484,卖盘
704,14:19:39,15.97,0.03,15,23955,买盘
705,14:19:49,15.94,-0.03,11,17564,卖盘
706,14:20:01,15.96,0.02,7,11172,中性盘
707,14:20:16,15.97,0.01,1,1597,买盘
708,14:20:39,15.97,0.0,6,9582,买盘
709,14:23:58,15.95,-0.02,2,3190,卖盘
710,14:24:52,15.95,0.0,1,1595,买盘
711,14:24:57,15.95,0.0,1,1595,买盘
712,14:25:13,15.94,-0.01,13,20722,卖盘
713,14:26:40,15.94,0.0,20,31880,卖盘
714,14:26:54,15.94,0.0,4,6376,卖盘
715,14:28:24,15.95,0.01,9,14355,买盘
716,14:28:27,15.95,0.0,1,1595,买盘
717,14:28:30,15.95,0.0,1,1595,买盘
718,14:28:33,15.95,0.0,1,1595,买盘
719,14:29:00,15.94,-0.01,1,1594,卖盘
720,14:30:42,15.93,-0.01,1,1593,买盘
721,14:30:51,15.93,0.0,1,1593,买盘
722,14:31:57,15.92,-0.01,2,3184,卖盘
723,14:32:31,15.91,-0.01,1,1591,卖盘
724,14:33:49,15.9,-0.01,10,15900,卖盘
725,14:33:52,15.87,-0.03,27,42866,卖盘
726,14:34:18,15.88,0.01,3,4764,卖盘
727,14:35:24,15.9,0.02,1,1590,买盘
728,14:35:27,15.9,0.0,2,3180,买盘
729,14:35:31,15.9,0.0,5,7950,买盘
730,14:35:54,15.9,0.0,1,1590,买盘
731,14:35:57,15.9,0.0,1,1590,买盘
732,14:36:10,15.89,-0.01,2,3178,卖盘
733,14:36:30,15.87,-0.02,23,36501,卖盘
734,14:36:34,15.87,0.0,2,3174,买盘
735,14:36:46,15.87,0.0,4,6348,买盘
736,14:36:49,15.87,0.0,1,1587,买盘
737,14:36:55,15.87,0.0,10,15875,卖盘
738,14:37:25,15.9,0.03,1,1590,买盘
739,14:37:42,15.86,-0.04,9,14287,卖盘
740,14:38:49,15.89,0.03,1,1589,卖盘
741,14:38:55,15.9,0.01,1,1590,买盘
742,14:38:58,15.89,-0.01,3,4767,卖盘
743,14:39:43,15.88,-0.01,10,15880,卖盘
744,14:39:55,15.88,0.0,3,4764,卖盘
745,14:40:03,15.9,0.02,5,7948,买盘
746,14:41:12,15.89,-0.01,7,11123,卖盘
747,14:41:33,15.89,0.0,4,6356,卖盘
748,14:42:07,15.84,-0.05,27,42816,卖盘
749,14:42:40,15.88,0.04,13,20644,买盘
750,14:42:43,15.88,0.0,1,1588,买盘
751,14:42:52,15.88,0.0,1,1588,买盘
752,14:42:58,15.87,-0.01,9,14283,卖盘
753,14:43:12,15.86,-0.01,7,11102,卖盘
754,14:43:16,15.86,0.0,3,4758,卖盘
755,14:43:28,15.86,0.0,14,22204,卖盘
756,14:43:31,15.86,0.0,6,9516,买盘
757,14:43:37,15.86,0.0,1,1586,卖盘
758,14:43:46,15.85,-0.01,9,14272,卖盘
759,14:44:13,15.86,0.01,1,1586,卖盘
760,14:44:34,15.87,0.01,6,9522,买盘
761,14:44:39,15.87,0.0,12,19044,买盘
762,14:44:42,15.87,0.0,3,4761,卖盘
763,14:45:10,15.88,0.01,5,7940,买盘
764,14:45:16,15.88,0.0,30,47630,买盘
765,14:45:37,15.88,0.0,36,57168,买盘
766,14:45:40,15.88,0.0,20,31760,买盘
767,14:45:43,15.88,0.0,102,161976,买盘
768,14:45:45,15.88,0.0,5,7940,买盘
769,14:45:48,15.9,0.02,5,7950,买盘
770,14:46:13,15.92,0.02,3,4776,买盘
771,14:46:16,15.91,-0.01,37,58896,卖盘
772,14:46:43,15.92,0.01,27,42997,卖盘
773,14:46:46,15.92,0.0,6,9552,买盘
774,14:46:49,15.92,0.0,3,4776,买盘
775,14:47:04,15.92,0.0,28,44576,买盘
776,14:47:24,15.94,0.02,15,23910,买盘
777,14:47:45,15.94,0.0,19,30286,买盘
778,14:47:54,15.94,0.0,1,1594,买盘
779,14:48:07,15.94,0.0,19,30286,买盘
780,14:48:46,15.95,0.01,11,17545,买盘
781,14:48:57,15.95,0.0,1,1595,买盘
782,14:49:04,15.95,0.0,5,7975,买盘
783,14:49:13,15.94,-0.01,7,11158,卖盘
784,14:49:16,15.94,0.0,3,4782,买盘
785,14:49:28,15.95,0.01,10,15950,买盘
786,14:49:33,15.95,0.0,14,22330,买盘
787,14:49:39,15.96,0.01,18,28728,买盘
788,14:49:43,15.94,-0.02,10,15940,卖盘
789,14:49:46,15.94,0.0,7,11158,买盘
790,14:49:49,15.95,0.01,9,14355,买盘
791,14:49:51,15.97,0.02,3,4791,买盘
792,14:49:54,15.97,0.0,1,1597,买盘
793,14:50:36,15.95,-0.02,8,12760,卖盘
794,14:51:01,15.95,0.0,20,31900,卖盘
795,14:51:31,15.94,-0.01,2,3188,卖盘
796,14:51:36,15.94,0.0,5,7970,卖盘
797,14:51:40,15.95,0.01,1,1595,买盘
798,14:52:01,15.94,-0.01,6,9564,卖盘
799,14:52:10,15.94,0.0,5,7970,买盘
800,14:52:18,15.94,0.0,23,36662,买盘
801,14:52:21,15.94,0.0,4,6376,买盘
802,14:52:24,15.94,0.0,1,1594,买盘
803,14:52:34,15.92,-0.02,5,7960,卖盘
804,14:52:37,15.93,0.01,2,3186,买盘
805,14:52:40,15.93,0.0,1,1593,买盘
806,14:53:36,15.92,-0.01,39,62088,卖盘
807,14:54:10,15.92,0.0,3,4776,卖盘
808,14:54:19,15.91,-0.01,35,55685,卖盘
809,14:54:31,15.94,0.03,1,1594,买盘
810,14:54:49,15.9,-0.04,57,90635,卖盘
811,14:55:00,15.9,0.0,12,19085,卖盘
812,14:55:04,15.9,0.0,13,20670,买盘
813,14:55:07,15.94,0.04,2,3188,买盘
814,14:55:09,15.92,-0.02,1,1592,中性盘
815,14:55:15,15.94,0.02,15,23890,买盘
816,14:55:34,15.94,0.0,7,11158,买盘
817,14:55:43,15.94,0.0,1,1594,买盘
818,14:56:21,15.94,0.0,4,6376,买盘
819,14:56:24,15.94,0.0,1,1594,买盘
820,14:56:34,15.94,0.0,2,3188,买盘
821,14:56:37,15.94,0.0,3,4782,买盘
822,14:56:40,15.94,0.0,2,3188,买盘
823,14:56:43,15.94,0.0,1,1594,买盘
824,14:56:46,15.94,0.0,1,1594,买盘
825,14:56:51,15.94,0.0,2,3188,卖盘
826,14:56:55,15.94,0.0,1,1594,买盘
827,14:56:58,15.95,0.01,9,14347,买盘
828,15:00:04,15.98,0.03,311,496978,卖盘
