,time,price,change,volume,amount,type
0,09:25:04,3.54,-0.04,222,78588,买盘
1,09:30:05,3.5,-0.04,1382,485810,卖盘
2,09:30:07,3.53,0.03,140,49420,买盘
3,09:30:10,3.52,-0.01,6,2117,卖盘
4,09:30:13,3.53,0.01,138,48714,买盘
5,09:30:16,3.52,-0.01,16,5632,卖盘
6,09:30:19,3.52,0.0,89,31328,卖盘
7,09:30:22,3.52,0.0,7,2464,卖盘
8,09:30:25,3.52,0.0,12,4224,卖盘
9,09:30:28,3.52,0.0,535,188320,卖盘
10,09:30:31,3.52,0.0,97,34154,卖盘
11,09:30:34,3.52,0.0,14,4928,卖盘
12,09:30:37,3.52,0.0,76,26752,卖盘
13,09:30:40,3.51,-0.01,284,99906,卖盘
14,09:30:43,3.51,0.0,88,30888,卖盘
15,09:30:46,3.51,0.0,142,49842,卖盘
16,09:30:49,3.52,0.01,119,41701,买盘
17,09:30:52,3.5,-0.02,89,31156,卖盘
18,09:30:55,3.5,0.0,114,39931,卖盘
19,09:30:58,3.5,0.0,78,27310,卖盘
20,09:31:01,3.5,0.0,58,20300,卖盘
21,09:31:04,3.5,0.0,42,14700,卖盘
22,09:31:07,3.5,0.0,32,11200,卖盘
23,09:31:10,3.5,0.0,49,17160,卖盘
24,09:31:13,3.5,0.0,9,3150,卖盘
25,09:31:16,3.5,0.0,6,2100,卖盘
26,09:31:19,3.5,0.0,4,1400,卖盘
27,09:31:22,3.5,0.0,36,12600,卖盘
28,09:31:25,3.5,0.0,116,40686,卖盘
29,09:31:31,3.51,0.01,14,4914,卖盘
30,09:31:34,3.5,-0.01,116,40699,卖盘
31,09:31:40,3.52,0.02,11,3872,买盘
32,09:31:43,3.51,-0.01,1,351,卖盘
33,09:31:52,3.51,0.0,40,14040,卖盘
34,09:31:58,3.52,0.01,10,3520,买盘
35,09:32:13,3.51,-0.01,26,9126,卖盘
36,09:32:37,3.52,0.01,264,92928,买盘
37,09:32:40,3.52,0.0,64,22528,买盘
38,09:32:55,3.52,0.0,43,15136,卖盘
39,09:33:04,3.52,0.0,67,23584,买盘
40,09:33:13,3.52,0.0,1,352,卖盘
41,09:33:31,3.53,0.01,156,55068,买盘
42,09:33:34,3.52,-0.01,20,7054,卖盘
43,09:33:37,3.52,0.0,32,11264,卖盘
44,09:33:58,3.53,0.01,30,10590,买盘
45,09:34:19,3.52,-0.01,29,10208,卖盘
46,09:34:31,3.52,0.0,20,7040,卖盘
47,09:34:52,3.53,0.01,20,7060,买盘
48,09:35:04,3.53,0.0,40,14120,买盘
49,09:35:10,3.53,0.0,67,23651,买盘
50,09:35:28,3.53,0.0,350,123550,买盘
51,09:35:34,3.52,-0.01,19,6688,卖盘
52,09:35:37,3.52,0.0,464,163328,卖盘
53,09:35:46,3.53,0.01,10,3521,买盘
54,09:36:16,3.52,-0.01,6,2112,卖盘
55,09:36:22,3.52,0.0,49,17259,卖盘
56,09:36:28,3.52,0.0,30,10560,卖盘
57,09:36:34,3.53,0.01,45,15885,买盘
58,09:36:37,3.52,-0.01,212,74624,卖盘
59,09:36:40,3.52,0.0,20,7040,卖盘
60,09:36:49,3.52,0.0,2,704,卖盘
61,09:36:52,3.52,0.0,40,14080,卖盘
62,09:37:16,3.52,0.0,1,352,卖盘
63,09:37:22,3.52,0.0,21,7412,卖盘
64,09:37:34,3.52,0.0,115,40480,卖盘
65,09:37:46,3.53,0.01,2,706,买盘
66,09:38:07,3.52,-0.01,10,3520,卖盘
67,09:38:34,3.52,0.0,100,35200,卖盘
68,09:38:37,3.51,-0.01,539,189636,卖盘
69,09:38:43,3.51,0.0,417,146367,卖盘
70,09:38:46,3.51,0.0,414,145314,卖盘
71,09:38:49,3.5,-0.01,368,128923,卖盘
72,09:38:55,3.5,0.0,146,51100,卖盘
73,09:38:58,3.5,0.0,52,18200,卖盘
74,09:39:01,3.51,0.01,371,129948,买盘
75,09:39:04,3.51,0.0,40,14040,卖盘
76,09:39:07,3.51,0.0,46,16146,卖盘
77,09:39:10,3.51,0.0,57,20007,卖盘
78,09:39:13,3.51,0.0,15,5265,卖盘
79,09:39:16,3.51,0.0,13,4563,卖盘
80,09:39:19,3.51,0.0,5,1755,卖盘
81,09:39:22,3.51,0.0,24,8424,卖盘
82,09:39:40,3.5,-0.01,57,19950,卖盘
83,09:39:43,3.5,0.0,243,85050,卖盘
84,09:39:49,3.5,0.0,36,12600,卖盘
85,09:39:52,3.5,0.0,1,350,卖盘
86,09:40:01,3.5,0.0,30,10500,卖盘
87,09:40:10,3.5,0.0,147,51450,卖盘
88,09:40:13,3.5,0.0,4,1400,卖盘
89,09:40:22,3.5,0.0,5,1750,卖盘
90,09:40:28,3.5,0.0,50,17500,卖盘
91,09:40:34,3.5,0.0,5,1750,卖盘
92,09:40:37,3.5,0.0,17,5951,卖盘
93,09:40:49,3.51,0.01,121,42405,买盘
94,09:40:58,3.5,-0.01,21,7353,卖盘
95,09:41:01,3.5,0.0,40,14000,卖盘
96,09:41:04,3.5,0.0,25,8750,卖盘
97,09:41:22,3.51,0.01,9,3159,买盘
98,09:41:34,3.5,-0.01,18,6300,卖盘
99,09:41:37,3.5,0.0,173,60697,卖盘
100,09:41:43,3.5,0.0,324,113400,卖盘
101,09:41:46,3.5,0.0,15,5250,买盘
102,09:41:49,3.51,0.01,23,8073,买盘
103,09:41:58,3.5,-0.01,28,9800,卖盘
104,09:42:04,3.5,0.0,55,19250,卖盘
105,09:42:07,3.5,0.0,15,5250,卖盘
106,09:42:10,3.5,0.0,2,700,卖盘
107,09:42:13,3.5,0.0,2,700,卖盘
108,09:42:21,3.5,0.0,230,80500,卖盘
109,09:42:37,3.5,0.0,90,31500,卖盘
110,09:42:43,3.51,0.01,10,3510,买盘
111,09:42:52,3.51,0.0,188,65806,买盘
112,09:42:58,3.5,-0.01,9,3150,卖盘
113,09:43:19,3.51,0.01,13,4563,买盘
114,09:43:31,3.51,0.0,10,3510,买盘
115,09:43:52,3.5,-0.01,26,9100,卖盘
116,09:43:55,3.5,0.0,12,4200,卖盘
117,09:43:58,3.51,0.01,36,12636,买盘
118,09:44:01,3.51,0.0,7,2457,买盘
119,09:44:19,3.51,0.0,20,7020,买盘
120,09:44:49,3.5,-0.01,16,5600,卖盘
121,09:45:10,3.5,0.0,39,13650,卖盘
122,09:45:28,3.5,0.0,34,11900,卖盘
123,09:45:31,3.5,0.0,28,9800,卖盘
124,09:45:34,3.5,0.0,17,5950,卖盘
125,09:45:40,3.5,0.0,272,95200,卖盘
126,09:45:46,3.5,0.0,8,2800,卖盘
127,09:45:49,3.5,0.0,23,8050,卖盘
128,09:45:52,3.5,0.0,4,1400,卖盘
129,09:45:55,3.49,-0.01,61,21298,卖盘
130,09:46:07,3.49,0.0,12,4188,卖盘
131,09:46:31,3.49,0.0,26,9074,卖盘
132,09:46:34,3.49,0.0,324,113076,卖盘
133,09:46:37,3.49,0.0,7,2443,买盘
134,09:46:40,3.48,-0.01,34,11832,卖盘
135,09:46:46,3.48,0.0,20,6960,卖盘
136,09:46:49,3.48,0.0,10,3480,卖盘
137,09:46:52,3.48,0.0,7,2436,卖盘
138,09:47:01,3.48,0.0,190,66120,卖盘
139,09:47:07,3.48,0.0,3,1044,买盘
140,09:47:10,3.48,0.0,10,3480,买盘
141,09:47:13,3.47,-0.01,500,173500,卖盘
142,09:47:16,3.46,-0.01,330,114251,卖盘
143,09:47:19,3.46,0.0,1,346,买盘
144,09:47:28,3.45,-0.01,35,12075,卖盘
145,09:47:37,3.45,0.0,18,6210,卖盘
146,09:47:40,3.45,0.0,182,62790,卖盘
147,09:47:43,3.45,0.0,10,3450,买盘
148,09:47:49,3.45,0.0,6,2070,买盘
149,09:47:55,3.42,-0.03,100,34309,卖盘
150,09:47:58,3.45,0.03,15,5175,买盘
151,09:48:04,3.45,0.0,15,5175,买盘
152,09:48:07,3.44,-0.01,4,1376,买盘
153,09:48:10,3.44,0.0,19,6536,买盘
154,09:48:13,3.43,-0.01,68,23439,卖盘
155,09:48:16,3.45,0.02,71,24417,买盘
156,09:48:19,3.43,-0.02,20,6870,卖盘
157,09:48:22,3.44,0.01,11,3784,中性盘
158,09:48:25,3.44,0.0,50,17200,买盘
159,09:48:28,3.44,0.0,3,1032,买盘
160,09:48:34,3.43,-0.01,140,48023,卖盘
161,09:48:37,3.44,0.01,61,20984,买盘
162,09:48:40,3.44,0.0,63,21644,买盘
163,09:48:43,3.43,-0.01,79,27117,卖盘
164,09:48:46,3.43,0.0,6,2058,卖盘
165,09:48:49,3.43,0.0,288,98784,卖盘
166,09:48:52,3.43,0.0,31,10633,卖盘
167,09:48:55,3.43,0.0,7,2401,买盘
168,09:48:58,3.43,0.0,15,5145,买盘
169,09:49:01,3.43,0.0,82,28126,买盘
170,09:49:04,3.43,0.0,5,1715,卖盘
171,09:49:19,3.43,0.0,46,15778,卖盘
172,09:49:25,3.43,0.0,20,6860,卖盘
173,09:49:31,3.44,0.01,1,344,买盘
174,09:49:37,3.44,0.0,20,6880,买盘
175,09:49:43,3.44,0.0,15,5160,买盘
176,09:49:52,3.43,-0.01,255,87568,卖盘
177,09:49:55,3.44,0.01,42,14448,买盘
178,09:50:01,3.43,-0.01,70,24010,卖盘
179,09:50:04,3.44,0.01,15,5160,买盘
180,09:50:13,3.44,0.0,53,18232,买盘
181,09:50:16,3.44,0.0,548,188467,买盘
182,09:50:19,3.44,0.0,533,182852,买盘
183,09:50:22,3.44,0.0,212,72928,买盘
184,09:50:25,3.44,0.0,12,4128,买盘
185,09:50:37,3.44,0.0,1,344,卖盘
186,09:50:40,3.45,0.01,36,12420,买盘
187,09:50:43,3.45,0.0,31,10695,买盘
188,09:50:46,3.45,0.0,47,16215,卖盘
189,09:50:49,3.45,0.0,12,4140,卖盘
190,09:51:01,3.46,0.01,3,1038,买盘
191,09:51:07,3.46,0.0,2,692,买盘
192,09:51:10,3.46,0.0,2,692,卖盘
193,09:51:31,3.47,0.01,76,26372,买盘
194,09:51:46,3.47,0.0,72,24984,买盘
195,09:51:49,3.47,0.0,10,3470,买盘
196,09:51:52,3.47,0.0,3,1041,买盘
197,09:52:06,3.47,0.0,8,2776,买盘
198,09:52:13,3.47,0.0,16,5552,买盘
199,09:52:16,3.47,0.0,54,18738,买盘
200,09:52:31,3.47,0.0,134,46498,买盘
201,09:52:34,3.47,0.0,14,4858,卖盘
202,09:52:37,3.47,0.0,37,12839,卖盘
203,09:52:40,3.47,0.0,2,694,卖盘
204,09:52:43,3.47,0.0,2,694,卖盘
205,09:52:46,3.47,0.0,44,15268,卖盘
206,09:52:52,3.46,-0.01,122,42212,卖盘
207,09:52:58,3.46,0.0,124,42904,买盘
208,09:53:07,3.46,0.0,3,1038,买盘
209,09:53:31,3.46,0.0,2,692,买盘
210,09:53:40,3.46,0.0,363,125598,买盘
211,09:53:43,3.46,0.0,43,14878,卖盘
212,09:53:46,3.46,0.0,70,24220,卖盘
213,09:53:52,3.46,0.0,80,27680,卖盘
214,09:53:55,3.46,0.0,14,4844,卖盘
215,09:53:58,3.46,0.0,120,41540,卖盘
216,09:54:01,3.47,0.01,11,3817,买盘
217,09:54:04,3.46,-0.01,187,64702,卖盘
218,09:54:07,3.46,0.0,51,17646,买盘
219,09:54:13,3.46,0.0,44,15224,买盘
220,09:54:25,3.46,0.0,26,8980,买盘
221,09:54:28,3.45,-0.01,315,108675,卖盘
222,09:54:31,3.45,0.0,51,17563,卖盘
223,09:54:40,3.45,0.0,36,12420,买盘
224,09:54:49,3.45,0.0,2,690,买盘
225,09:54:55,3.45,0.0,14,4830,买盘
226,09:54:58,3.45,0.0,30,10350,买盘
227,09:55:01,3.44,-0.01,322,110768,卖盘
228,09:55:04,3.45,0.01,40,13800,买盘
229,09:55:07,3.44,-0.01,202,69488,卖盘
230,09:55:19,3.45,0.01,14,4830,买盘
231,09:55:25,3.45,0.0,11,3795,卖盘
232,09:55:28,3.45,0.0,2,690,卖盘
233,09:55:34,3.45,0.0,36,12420,买盘
234,09:55:37,3.45,0.0,1,345,卖盘
235,09:55:39,3.45,0.0,50,17250,卖盘
236,09:55:42,3.45,0.0,1,345,买盘
237,09:55:45,3.45,0.0,105,36225,买盘
238,09:55:52,3.45,0.0,7,2415,买盘
239,09:55:55,3.45,0.0,1,345,买盘
240,09:56:07,3.45,0.0,10,3450,买盘
241,09:56:13,3.45,0.0,4,1380,买盘
242,09:56:16,3.45,0.0,25,8625,买盘
243,09:56:19,3.44,-0.01,40,13760,卖盘
244,09:56:24,3.45,0.01,20,6900,买盘
245,09:56:31,3.44,-0.01,5,1720,卖盘
246,09:56:43,3.45,0.01,10,3450,买盘
247,09:56:58,3.45,0.0,2,690,买盘
248,09:57:04,3.45,0.0,26,8970,卖盘
249,09:57:13,3.45,0.0,16,5520,买盘
250,09:57:16,3.45,0.0,10,3450,买盘
251,09:57:22,3.44,-0.01,45,15480,卖盘
252,09:57:25,3.44,0.0,7,2408,卖盘
253,09:57:31,3.45,0.01,5,1725,买盘
254,09:57:33,3.44,-0.01,50,17200,卖盘
255,09:57:46,3.45,0.01,20,6900,买盘
256,09:57:52,3.44,-0.01,94,32336,卖盘
257,09:57:55,3.44,0.0,1,344,卖盘
258,09:58:07,3.45,0.01,200,69000,买盘
259,09:58:09,3.45,0.0,130,44850,买盘
260,09:58:16,3.45,0.0,50,17250,卖盘
261,09:58:22,3.45,0.0,142,48990,卖盘
262,09:58:25,3.45,0.0,17,5865,卖盘
263,09:58:31,3.45,0.0,35,12075,卖盘
264,09:58:34,3.45,0.0,10,3450,卖盘
265,09:58:49,3.46,0.01,1,346,买盘
266,09:59:07,3.46,0.0,1,346,买盘
267,09:59:40,3.46,0.0,11,3806,买盘
268,09:59:52,3.46,0.0,20,6920,买盘
269,09:59:58,3.46,0.0,20,6920,买盘
270,10:00:04,3.46,0.0,10,3460,买盘
271,10:00:07,3.46,0.0,120,41520,买盘
272,10:00:09,3.46,0.0,1,346,买盘
273,10:00:13,3.46,0.0,28,9688,买盘
274,10:00:19,3.46,0.0,14,4844,买盘
275,10:00:31,3.45,-0.01,26,8970,卖盘
276,10:00:40,3.45,0.0,29,10005,卖盘
277,10:00:43,3.45,0.0,81,27945,卖盘
278,10:00:46,3.45,0.0,12,4140,卖盘
279,10:00:49,3.45,0.0,5,1725,卖盘
280,10:00:52,3.45,0.0,11,3795,卖盘
281,10:00:55,3.45,0.0,5,1725,卖盘
282,10:01:22,3.45,0.0,550,189750,卖盘
283,10:01:34,3.45,0.0,2,690,卖盘
284,10:01:40,3.45,0.0,5,1725,卖盘
285,10:01:43,3.45,0.0,6,2070,卖盘
286,10:01:45,3.45,0.0,175,60375,卖盘
287,10:01:48,3.45,0.0,5,1725,买盘
288,10:02:04,3.45,0.0,4,1380,买盘
289,10:02:07,3.45,0.0,3,1035,买盘
290,10:02:19,3.45,0.0,90,31047,买盘
291,10:02:34,3.44,-0.01,11,3784,卖盘
292,10:02:40,3.45,0.01,9,3105,买盘
293,10:02:42,3.44,-0.01,7,2408,卖盘
294,10:02:58,3.44,0.0,40,13760,卖盘
295,10:03:04,3.44,0.0,19,6536,卖盘
296,10:03:13,3.44,0.0,20,6880,卖盘
297,10:03:37,3.44,0.0,28,9632,卖盘
298,10:03:40,3.44,0.0,40,13760,卖盘
299,10:03:46,3.44,0.0,1,344,卖盘
300,10:03:55,3.44,0.0,100,34400,卖盘
301,10:03:58,3.44,0.0,15,5160,卖盘
302,10:04:04,3.44,0.0,25,8600,卖盘
303,10:04:07,3.44,0.0,40,13760,卖盘
304,10:04:19,3.45,0.01,13,4485,买盘
305,10:04:37,3.45,0.0,1,345,买盘
306,10:04:40,3.45,0.0,500,172500,买盘
307,10:04:43,3.45,0.0,20,6900,买盘
308,10:04:46,3.44,-0.01,63,21675,卖盘
309,10:04:52,3.45,0.01,20,6900,买盘
310,10:05:04,3.45,0.0,11,3794,买盘
311,10:05:16,3.44,-0.01,51,17544,卖盘
312,10:05:22,3.45,0.01,131,45195,买盘
313,10:05:28,3.45,0.0,1,345,卖盘
314,10:05:31,3.45,0.0,2,690,卖盘
315,10:05:36,3.45,0.0,8,2760,卖盘
316,10:05:39,3.45,0.0,1,345,卖盘
317,10:05:49,3.46,0.01,54,18651,买盘
318,10:05:55,3.45,-0.01,17,5865,买盘
319,10:06:19,3.44,-0.01,11,3784,卖盘
320,10:06:21,3.45,0.01,22,7590,买盘
321,10:06:28,3.45,0.0,1,345,买盘
322,10:06:34,3.44,-0.01,2,688,卖盘
323,10:06:37,3.45,0.01,5,1725,买盘
324,10:06:46,3.45,0.0,14,4830,买盘
325,10:06:49,3.44,-0.01,1,344,卖盘
326,10:07:10,3.44,0.0,68,23392,卖盘
327,10:07:12,3.45,0.01,39,13455,买盘
328,10:07:25,3.45,0.0,31,10695,买盘
329,10:07:31,3.45,0.0,8,2760,卖盘
330,10:07:37,3.45,0.0,10,3450,买盘
331,10:07:40,3.45,0.0,5,1725,买盘
332,10:07:43,3.45,0.0,35,12075,卖盘
333,10:08:01,3.45,0.0,11,3795,买盘
334,10:08:07,3.45,0.0,20,6900,买盘
335,10:08:16,3.44,-0.01,200,68800,卖盘
336,10:08:19,3.45,0.01,34,11730,买盘
337,10:08:25,3.45,0.0,57,19665,卖盘
338,10:08:28,3.45,0.0,7,2415,卖盘
339,10:08:31,3.45,0.0,2,690,卖盘
340,10:08:55,3.45,0.0,36,12420,卖盘
341,10:09:04,3.45,0.0,86,29670,买盘
342,10:09:07,3.46,0.01,1,346,买盘
343,10:09:40,3.45,-0.01,22,7592,卖盘
344,10:10:01,3.46,0.01,301,104146,买盘
345,10:10:16,3.46,0.0,20,6920,买盘
346,10:10:25,3.46,0.0,300,103800,买盘
347,10:10:28,3.46,0.0,89,30794,买盘
348,10:10:31,3.46,0.0,51,17646,买盘
349,10:10:34,3.46,0.0,51,17646,买盘
350,10:10:37,3.46,0.0,55,19030,买盘
351,10:10:40,3.46,0.0,19,6574,买盘
352,10:10:43,3.46,0.0,316,109320,买盘
353,10:10:48,3.46,0.0,1,346,买盘
354,10:10:57,3.46,0.0,49,16954,买盘
355,10:11:04,3.45,-0.01,9,3105,卖盘
356,10:11:10,3.46,0.01,27,9342,买盘
357,10:11:12,3.46,0.0,31,10726,买盘
358,10:11:18,3.47,0.01,300,104100,买盘
359,10:11:34,3.48,0.01,300,104106,买盘
360,10:11:52,3.48,0.0,10,3480,买盘
361,10:12:04,3.46,-0.02,8,2768,卖盘
362,10:12:07,3.47,0.01,1,347,中性盘
363,10:13:16,3.46,-0.01,4,1384,卖盘
364,10:13:22,3.46,0.0,135,46710,卖盘
365,10:13:25,3.46,0.0,1,346,买盘
366,10:13:33,3.46,0.0,2,692,买盘
367,10:13:46,3.46,0.0,10,3460,买盘
368,10:13:49,3.46,0.0,20,6920,买盘
369,10:14:07,3.46,0.0,1,346,买盘
370,10:14:22,3.45,-0.01,45,15525,卖盘
371,10:14:25,3.46,0.01,22,7612,买盘
372,10:14:37,3.45,-0.01,200,69000,卖盘
373,10:14:39,3.46,0.01,10,3460,买盘
374,10:14:46,3.46,0.0,10,3460,买盘
375,10:14:49,3.45,-0.01,225,77625,卖盘
376,10:15:01,3.45,0.0,45,15525,卖盘
377,10:16:06,3.46,0.01,2,692,买盘
378,10:16:24,3.46,0.0,1,346,买盘
379,10:16:37,3.46,0.0,10,3460,买盘
380,10:16:43,3.46,0.0,2,692,买盘
381,10:16:49,3.45,-0.01,1,345,卖盘
382,10:17:07,3.46,0.01,1,346,买盘
383,10:17:22,3.46,0.0,12,4152,买盘
384,10:17:25,3.46,0.0,2,692,买盘
385,10:17:40,3.46,0.0,9,3114,买盘
386,10:17:42,3.45,-0.01,5,1725,卖盘
387,10:18:13,3.45,0.0,12,4140,卖盘
388,10:18:22,3.45,0.0,1,345,卖盘
389,10:18:33,3.46,0.01,14,4844,买盘
390,10:18:40,3.45,-0.01,10,3450,卖盘
391,10:18:46,3.45,0.0,33,11385,卖盘
392,10:19:07,3.46,0.01,1,346,买盘
393,10:19:13,3.46,0.0,2,692,买盘
394,10:19:16,3.45,-0.01,679,234265,卖盘
395,10:19:22,3.45,0.0,255,87976,卖盘
396,10:19:28,3.45,0.0,3,1035,买盘
397,10:19:34,3.45,0.0,1,345,买盘
398,10:20:07,3.44,-0.01,33,11352,卖盘
399,10:20:09,3.44,0.0,31,10664,卖盘
400,10:20:22,3.44,0.0,559,192296,卖盘
401,10:20:36,3.44,0.0,465,159960,卖盘
402,10:20:55,3.44,0.0,71,24424,买盘
403,10:20:58,3.44,0.0,61,20984,买盘
404,10:21:01,3.44,0.0,4,1376,买盘
405,10:21:06,3.44,0.0,24,8256,买盘
406,10:21:10,3.43,-0.01,421,144479,卖盘
407,10:21:13,3.44,0.01,1,344,中性盘
408,10:21:19,3.43,-0.01,46,15780,卖盘
409,10:21:43,3.43,0.0,135,46305,卖盘
410,10:21:55,3.43,0.0,30,10290,卖盘
411,10:21:58,3.43,0.0,21,7203,卖盘
412,10:22:01,3.43,0.0,291,99813,卖盘
413,10:22:04,3.44,0.01,79,27120,买盘
414,10:22:06,3.43,-0.01,80,27440,卖盘
415,10:22:10,3.43,0.0,50,17150,卖盘
416,10:22:13,3.44,0.01,2,688,买盘
417,10:22:16,3.44,0.0,7,2408,买盘
418,10:22:31,3.44,0.0,12,4128,买盘
419,10:22:39,3.44,0.0,11,3784,卖盘
420,10:22:43,3.44,0.0,2,688,卖盘
421,10:22:46,3.44,0.0,3,1032,卖盘
422,10:22:51,3.45,0.01,28,9660,买盘
423,10:23:04,3.44,-0.01,2,688,卖盘
424,10:23:22,3.44,0.0,16,5504,卖盘
425,10:23:40,3.45,0.01,2,690,买盘
426,10:23:46,3.44,-0.01,30,10320,卖盘
427,10:24:07,3.45,0.01,2,690,买盘
428,10:24:31,3.44,-0.01,200,68800,卖盘
429,10:25:10,3.45,0.01,429,148005,买盘
430,10:25:13,3.45,0.0,2,690,买盘
431,10:25:28,3.45,0.0,31,10695,买盘
432,10:25:34,3.45,0.0,2,690,买盘
433,10:25:40,3.45,0.0,10,3450,买盘
434,10:25:46,3.45,0.0,17,5865,买盘
435,10:26:10,3.45,0.0,82,28290,买盘
436,10:26:13,3.45,0.0,31,10684,买盘
437,10:26:31,3.44,-0.01,27,9288,卖盘
438,10:26:37,3.45,0.01,100,34500,买盘
439,10:26:48,3.45,0.0,20,6900,买盘
440,10:27:10,3.44,-0.01,1,344,卖盘
441,10:27:13,3.45,0.01,3,1035,买盘
442,10:27:16,3.45,0.0,2,690,买盘
443,10:27:25,3.44,-0.01,49,16856,卖盘
444,10:27:40,3.44,0.0,59,20296,卖盘
445,10:27:46,3.44,0.0,24,8256,卖盘
446,10:27:48,3.44,0.0,10,3440,卖盘
447,10:27:52,3.44,0.0,28,9632,卖盘
448,10:27:54,3.44,0.0,149,51256,卖盘
449,10:27:58,3.44,0.0,22,7568,卖盘
450,10:28:00,3.44,0.0,27,9288,卖盘
451,10:28:04,3.44,0.0,20,6880,卖盘
452,10:28:07,3.44,0.0,20,6880,卖盘
453,10:28:10,3.44,0.0,13,4472,卖盘
454,10:28:13,3.44,0.0,13,4472,卖盘
455,10:28:16,3.44,0.0,10,3440,卖盘
456,10:28:19,3.44,0.0,39,13416,卖盘
457,10:28:22,3.44,0.0,10,3440,卖盘
458,10:28:25,3.44,0.0,33,11352,卖盘
459,10:28:28,3.44,0.0,7,2408,卖盘
460,10:28:31,3.44,0.0,5,1720,卖盘
461,10:28:34,3.44,0.0,6,2064,卖盘
462,10:28:37,3.44,0.0,4,1376,卖盘
463,10:28:39,3.44,0.0,3,1032,卖盘
464,10:28:43,3.44,0.0,4,1376,卖盘
465,10:28:46,3.44,0.0,52,17888,卖盘
466,10:28:49,3.43,-0.01,97,33271,卖盘
467,10:28:58,3.44,0.01,29,9976,买盘
468,10:29:01,3.44,0.0,40,13760,买盘
469,10:29:07,3.43,-0.01,100,34300,卖盘
470,10:29:19,3.43,0.0,5,1715,卖盘
471,10:29:25,3.43,0.0,20,6860,卖盘
472,10:29:27,3.43,0.0,15,5145,卖盘
473,10:29:31,3.43,0.0,48,16464,卖盘
474,10:29:34,3.43,0.0,37,12707,卖盘
475,10:29:37,3.43,0.0,113,38759,卖盘
476,10:29:40,3.43,0.0,276,94668,卖盘
477,10:29:43,3.43,0.0,15,5145,卖盘
478,10:29:46,3.43,0.0,30,10290,卖盘
479,10:29:49,3.43,0.0,4,1372,卖盘
480,10:29:52,3.43,0.0,44,15092,卖盘
481,10:29:55,3.43,0.0,70,24010,卖盘
482,10:29:58,3.43,0.0,42,14406,卖盘
483,10:30:01,3.44,0.01,69,23700,买盘
484,10:30:04,3.43,-0.01,70,24010,卖盘
485,10:30:07,3.43,0.0,94,32242,卖盘
486,10:30:10,3.43,0.0,14,4802,卖盘
487,10:30:13,3.43,0.0,19,6517,卖盘
488,10:30:16,3.44,0.01,25,8577,买盘
489,10:30:19,3.43,-0.01,13,4459,卖盘
490,10:30:22,3.43,0.0,20,6860,卖盘
491,10:30:25,3.44,0.01,48,16495,买盘
492,10:30:27,3.43,-0.01,14,4802,卖盘
493,10:30:31,3.43,0.0,6,2058,卖盘
494,10:30:49,3.43,0.0,1,343,卖盘
495,10:30:55,3.43,0.0,59,20237,卖盘
496,10:31:05,3.43,0.0,40,13720,卖盘
497,10:31:10,3.44,0.01,5,1720,买盘
498,10:31:34,3.44,0.0,10,3440,买盘
499,10:31:40,3.44,0.0,2,688,买盘
500,10:31:46,3.44,0.0,3,1032,买盘
501,10:32:10,3.43,-0.01,30,10290,卖盘
502,10:32:16,3.43,0.0,5,1715,卖盘
503,10:32:21,3.43,0.0,315,108045,卖盘
504,10:32:28,3.43,0.0,1,343,卖盘
505,10:32:31,3.43,0.0,2,686,卖盘
506,10:32:34,3.42,-0.01,49,16760,卖盘
507,10:32:37,3.44,0.02,30,10320,买盘
508,10:32:43,3.43,-0.01,39,13377,卖盘
509,10:32:55,3.43,0.0,67,22981,卖盘
510,10:32:58,3.43,0.0,25,8575,卖盘
511,10:33:01,3.43,0.0,32,10976,卖盘
512,10:33:04,3.43,0.0,1,343,卖盘
513,10:33:07,3.43,0.0,3,1029,卖盘
514,10:33:10,3.43,0.0,34,11662,买盘
515,10:33:16,3.43,0.0,225,77175,买盘
516,10:34:13,3.43,0.0,60,20580,卖盘
517,10:34:18,3.43,0.0,9,3087,卖盘
518,10:34:21,3.44,0.01,1,344,买盘
519,10:34:28,3.43,-0.01,6,2058,卖盘
520,10:34:34,3.43,0.0,3,1029,卖盘
521,10:34:36,3.43,0.0,11,3773,卖盘
522,10:34:40,3.43,0.0,13,4459,卖盘
523,10:34:45,3.43,0.0,12,4116,卖盘
524,10:34:48,3.43,0.0,80,27440,卖盘
525,10:34:52,3.43,0.0,23,7889,卖盘
526,10:34:55,3.43,0.0,49,16807,卖盘
527,10:34:58,3.44,0.01,46,15779,买盘
528,10:35:01,3.43,-0.01,45,15435,卖盘
529,10:35:04,3.43,0.0,81,27783,卖盘
530,10:35:07,3.43,0.0,43,14749,卖盘
531,10:35:10,3.43,0.0,94,32242,卖盘
532,10:35:13,3.43,0.0,43,14749,卖盘
533,10:35:16,3.43,0.0,56,19208,卖盘
534,10:35:19,3.43,0.0,59,20237,卖盘
535,10:35:22,3.42,-0.01,48,16461,卖盘
536,10:35:25,3.42,0.0,21,7182,卖盘
537,10:35:27,3.42,0.0,6,2052,卖盘
538,10:35:33,3.43,0.01,21,7202,买盘
539,10:35:37,3.42,-0.01,535,182970,卖盘
540,10:35:40,3.42,0.0,33,11301,卖盘
541,10:35:43,3.42,0.0,228,77976,卖盘
542,10:35:46,3.42,0.0,29,9918,卖盘
543,10:35:49,3.42,0.0,8,2736,卖盘
544,10:35:52,3.42,0.0,25,8550,卖盘
545,10:36:13,3.42,0.0,1,342,买盘
546,10:36:19,3.42,0.0,9,3073,买盘
547,10:36:22,3.41,-0.01,5,1705,卖盘
548,10:36:25,3.41,0.0,10,3410,卖盘
549,10:36:28,3.42,0.01,50,17100,买盘
550,10:36:31,3.41,-0.01,58,19788,卖盘
551,10:36:37,3.42,0.01,49,16758,买盘
552,10:36:40,3.42,0.0,13,4446,买盘
553,10:36:43,3.42,0.0,242,82723,买盘
554,10:36:51,3.42,0.0,140,47880,卖盘
555,10:37:01,3.42,0.0,8,2736,卖盘
556,10:37:13,3.41,-0.01,4,1364,卖盘
557,10:37:22,3.41,0.0,100,34100,卖盘
558,10:37:25,3.42,0.01,102,34884,买盘
559,10:37:28,3.41,-0.01,1,341,卖盘
560,10:37:31,3.41,0.0,50,17050,卖盘
561,10:37:37,3.41,0.0,100,34100,卖盘
562,10:37:40,3.42,0.01,47,16030,买盘
563,10:38:16,3.41,-0.01,10,3410,卖盘
564,10:38:19,3.42,0.01,14,4788,买盘
565,10:38:22,3.42,0.0,80,27360,买盘
566,10:38:28,3.41,-0.01,13,4443,卖盘
567,10:38:31,3.42,0.01,100,34200,买盘
568,10:38:43,3.41,-0.01,200,68200,卖盘
569,10:38:46,3.41,0.0,30,10230,卖盘
570,10:38:55,3.41,0.0,50,17050,卖盘
571,10:39:10,3.42,0.01,15,5130,买盘
572,10:39:13,3.41,-0.01,62,21152,卖盘
573,10:39:16,3.41,0.0,1,341,卖盘
574,10:39:19,3.42,0.01,100,34200,买盘
575,10:39:28,3.41,-0.01,5,1705,卖盘
576,10:39:43,3.42,0.01,30,10260,买盘
577,10:39:48,3.42,0.0,20,6840,买盘
578,10:39:54,3.42,0.0,65,22180,买盘
579,10:39:58,3.41,-0.01,16,5456,卖盘
580,10:40:04,3.42,0.01,30,10260,买盘
581,10:40:06,3.42,0.0,36,12312,卖盘
582,10:40:09,3.42,0.0,7,2394,卖盘
583,10:40:12,3.42,0.0,1,342,卖盘
584,10:40:16,3.42,0.0,13,4446,卖盘
585,10:40:19,3.42,0.0,1,342,卖盘
586,10:40:22,3.42,0.0,4,1368,卖盘
587,10:40:25,3.42,0.0,4,1368,卖盘
588,10:40:28,3.42,0.0,58,19836,卖盘
589,10:40:31,3.42,0.0,5,1710,卖盘
590,10:40:34,3.42,0.0,5,1710,卖盘
591,10:40:37,3.42,0.0,3,1026,卖盘
592,10:40:40,3.42,0.0,5,1710,卖盘
593,10:40:43,3.42,0.0,43,14706,卖盘
594,10:40:49,3.42,0.0,15,5130,买盘
595,10:40:52,3.42,0.0,30,10260,买盘
596,10:41:10,3.42,0.0,54,18468,买盘
597,10:41:27,3.42,0.0,74,25308,买盘
598,10:41:58,3.42,0.0,2,684,卖盘
599,10:42:43,3.43,0.01,20,6860,买盘
600,10:42:46,3.43,0.0,10,3430,买盘
601,10:42:55,3.43,0.0,37,12691,买盘
602,10:42:58,3.43,0.0,2,686,卖盘
603,10:43:36,3.44,0.01,28,9632,买盘
604,10:43:57,3.44,0.0,3,1032,买盘
605,10:44:09,3.43,-0.01,30,10290,卖盘
606,10:44:19,3.44,0.01,3,1032,买盘
607,10:44:49,3.44,0.0,32,11008,买盘
608,10:45:19,3.43,-0.01,50,17150,卖盘
609,10:45:22,3.44,0.01,10,3440,买盘
610,10:46:10,3.43,-0.01,83,28469,卖盘
611,10:46:13,3.43,0.0,67,22981,买盘
612,10:46:16,3.43,0.0,10,3430,卖盘
613,10:46:37,3.43,0.0,6,2058,卖盘
614,10:46:46,3.43,0.0,115,39445,卖盘
615,10:47:09,3.43,0.0,12,4116,卖盘
616,10:48:31,3.43,0.0,3,1029,卖盘
617,10:48:34,3.43,0.0,47,16121,卖盘
618,10:48:43,3.43,0.0,25,8575,卖盘
619,10:48:58,3.43,0.0,1,343,卖盘
620,10:49:22,3.42,-0.01,368,125964,卖盘
621,10:49:34,3.43,0.01,1,343,卖盘
622,10:49:58,3.43,0.0,6,2058,卖盘
623,10:50:07,3.43,0.0,12,4116,卖盘
624,10:50:12,3.43,0.0,5,1715,卖盘
625,10:50:37,3.41,-0.02,623,212711,卖盘
626,10:50:43,3.42,0.01,12,4104,买盘
627,10:50:54,3.41,-0.01,25,8525,卖盘
628,10:51:04,3.41,0.0,1,341,卖盘
629,10:51:13,3.41,0.0,231,78771,卖盘
630,10:51:18,3.4,-0.01,2209,751164,卖盘
631,10:51:25,3.39,-0.01,19,6441,卖盘
632,10:51:28,3.39,0.0,3,1017,卖盘
633,10:51:37,3.39,0.0,59,20001,卖盘
634,10:51:43,3.39,0.0,9,3051,卖盘
635,10:51:49,3.4,0.01,1,340,买盘
636,10:51:55,3.39,-0.01,47,15973,卖盘
637,10:52:01,3.4,0.01,71,24070,买盘
638,10:52:04,3.39,-0.01,25,8479,卖盘
639,10:52:07,3.4,0.01,10,3400,买盘
640,10:52:13,3.39,-0.01,283,95937,卖盘
641,10:52:16,3.39,0.0,50,16950,卖盘
642,10:52:22,3.4,0.01,34,11560,买盘
643,10:52:30,3.4,0.0,12,4080,买盘
644,10:52:43,3.39,-0.01,8,2712,卖盘
645,10:52:58,3.4,0.01,20,6800,买盘
646,10:53:01,3.4,0.0,59,20060,买盘
647,10:53:04,3.39,-0.01,42,14279,卖盘
648,10:53:10,3.4,0.01,135,45772,买盘
649,10:53:22,3.39,-0.01,40,13560,卖盘
650,10:53:25,3.38,-0.01,854,289607,卖盘
651,10:53:37,3.38,0.0,45,15210,卖盘
652,10:53:40,3.39,0.01,10,3390,买盘
653,10:53:43,3.4,0.01,20,6800,买盘
654,10:53:46,3.39,-0.01,40,13560,卖盘
655,10:54:04,3.4,0.01,100,34000,买盘
656,10:54:07,3.4,0.0,48,16320,买盘
657,10:54:10,3.39,-0.01,17,5763,卖盘
658,10:54:16,3.4,0.01,3,1020,买盘
659,10:54:19,3.39,-0.01,22,7458,卖盘
660,10:54:48,3.39,0.0,17,5763,卖盘
661,10:54:52,3.39,0.0,25,8475,卖盘
662,10:55:07,3.39,0.0,9,3059,卖盘
663,10:55:09,3.39,0.0,72,24408,卖盘
664,10:55:21,3.4,0.01,100,34000,买盘
665,10:55:28,3.4,0.0,5,1700,买盘
666,10:55:34,3.4,0.0,34,11560,买盘
667,10:55:43,3.39,-0.01,81,27459,卖盘
668,10:55:51,3.39,0.0,21,7119,卖盘
669,10:55:55,3.4,0.01,100,34000,买盘
670,10:56:01,3.4,0.0,181,61540,买盘
671,10:56:13,3.4,0.0,2,680,卖盘
672,10:56:27,3.4,0.0,20,6800,卖盘
673,10:56:30,3.4,0.0,72,24480,卖盘
674,10:56:34,3.4,0.0,18,6120,卖盘
675,10:57:15,3.42,0.02,4,1368,买盘
676,10:58:07,3.42,0.0,20,6840,买盘
677,10:58:16,3.41,-0.01,44,15004,卖盘
678,10:58:45,3.41,0.0,8,2728,卖盘
679,10:59:07,3.41,0.0,18,6138,买盘
680,10:59:31,3.41,0.0,61,20801,买盘
681,10:59:34,3.41,0.0,4,1364,卖盘
682,10:59:46,3.41,0.0,2,682,卖盘
683,10:59:57,3.42,0.01,4,1368,买盘
684,11:00:37,3.42,0.0,5,1710,买盘
685,11:01:04,3.42,0.0,66,22572,买盘
686,11:01:10,3.42,0.0,33,11286,买盘
687,11:01:24,3.42,0.0,3,1026,卖盘
688,11:01:37,3.41,-0.01,11,3751,卖盘
689,11:02:04,3.41,0.0,11,3751,卖盘
690,11:02:19,3.41,0.0,11,3751,卖盘
691,11:02:40,3.41,0.0,17,5797,卖盘
692,11:02:48,3.41,0.0,9,3069,卖盘
693,11:02:51,3.42,0.01,1,342,买盘
694,11:02:57,3.41,-0.01,9,3069,卖盘
695,11:03:34,3.41,0.0,5,1705,卖盘
696,11:03:55,3.42,0.01,3,1026,买盘
697,11:04:10,3.42,0.0,24,8188,买盘
698,11:05:00,3.42,0.0,50,17100,买盘
699,11:05:04,3.42,0.0,1,342,买盘
700,11:05:28,3.42,0.0,30,10260,卖盘
701,11:05:37,3.42,0.0,4,1368,卖盘
702,11:05:49,3.43,0.01,10,3430,买盘
703,11:05:51,3.42,-0.01,11,3762,卖盘
704,11:05:55,3.41,-0.01,103,35152,卖盘
705,11:05:57,3.4,-0.01,128,43601,卖盘
706,11:06:04,3.4,0.0,59,20061,卖盘
707,11:06:16,3.4,0.0,9,3068,卖盘
708,11:06:52,3.41,0.01,1,341,卖盘
709,11:07:13,3.41,0.0,4,1364,卖盘
710,11:08:22,3.4,-0.01,38,12920,卖盘
711,11:08:37,3.4,0.0,8,2720,卖盘
712,11:08:46,3.4,0.0,167,56780,卖盘
713,11:08:49,3.4,0.0,10,3400,买盘
714,11:09:07,3.4,0.0,10,3400,买盘
715,11:09:10,3.4,0.0,45,15300,买盘
716,11:09:16,3.39,-0.01,712,241383,卖盘
717,11:09:19,3.39,0.0,74,25086,卖盘
718,11:09:43,3.38,-0.01,32,10816,卖盘
719,11:09:46,3.39,0.01,32,10848,买盘
720,11:09:49,3.39,0.0,6,2034,买盘
721,11:09:51,3.39,0.0,21,7119,卖盘
722,11:10:04,3.39,0.0,32,10848,卖盘
723,11:10:24,3.4,0.01,22,7480,买盘
724,11:10:28,3.39,-0.01,195,66105,卖盘
725,11:10:30,3.39,0.0,93,31527,买盘
726,11:10:34,3.39,0.0,29,9831,买盘
727,11:10:37,3.39,0.0,50,16950,买盘
728,11:10:46,3.39,0.0,30,10170,买盘
729,11:10:49,3.39,0.0,50,16950,买盘
730,11:11:04,3.39,0.0,3,1017,买盘
731,11:11:07,3.39,0.0,58,19662,买盘
732,11:11:09,3.38,-0.01,70,23700,卖盘
733,11:11:22,3.39,0.01,100,33900,买盘
734,11:11:31,3.39,0.0,20,6780,买盘
735,11:11:33,3.39,0.0,18,6102,买盘
736,11:11:37,3.39,0.0,4,1356,买盘
737,11:11:40,3.39,0.0,79,26781,买盘
738,11:12:01,3.39,0.0,224,75936,卖盘
739,11:12:04,3.39,0.0,8,2712,买盘
740,11:12:06,3.39,0.0,45,15255,买盘
741,11:12:13,3.39,0.0,28,9492,买盘
742,11:12:19,3.4,0.01,5,1700,买盘
743,11:12:31,3.4,0.0,10,3400,买盘
744,11:12:40,3.4,0.0,10,3400,买盘
745,11:12:49,3.4,0.0,10,3400,买盘
746,11:12:57,3.4,0.0,15,5100,买盘
747,11:13:40,3.4,0.0,10,3400,买盘
748,11:13:46,3.4,0.0,10,3400,买盘
749,11:13:49,3.4,0.0,30,10200,买盘
750,11:13:58,3.4,0.0,50,17000,买盘
751,11:14:19,3.4,0.0,24,8160,买盘
752,11:14:31,3.4,0.0,2,680,买盘
753,11:15:16,3.4,0.0,31,10539,买盘
754,11:15:18,3.4,0.0,4,1360,买盘
755,11:15:25,3.4,0.0,10,3400,买盘
756,11:15:43,3.39,-0.01,50,16950,卖盘
757,11:16:10,3.4,0.01,9,3060,买盘
758,11:16:13,3.39,-0.01,200,67800,卖盘
759,11:16:40,3.39,0.0,17,5774,卖盘
760,11:17:25,3.4,0.01,10,3400,买盘
761,11:17:37,3.39,-0.01,1,339,卖盘
762,11:18:31,3.39,0.0,40,13560,卖盘
763,11:19:01,3.39,0.0,12,4068,卖盘
764,11:19:07,3.39,0.0,16,5424,卖盘
765,11:19:46,3.4,0.01,10,3400,买盘
766,11:19:52,3.4,0.0,30,10200,买盘
767,11:20:00,3.39,-0.01,1,339,卖盘
768,11:20:10,3.4,0.01,5,1700,买盘
769,11:20:22,3.4,0.0,3,1020,买盘
770,11:20:28,3.4,0.0,10,3400,买盘
771,11:20:31,3.4,0.0,15,5100,买盘
772,11:20:46,3.4,0.0,3,1020,买盘
773,11:20:49,3.4,0.0,59,20060,买盘
774,11:21:10,3.4,0.0,50,17000,买盘
775,11:21:15,3.4,0.0,59,20060,买盘
776,11:21:21,3.4,0.0,2,680,买盘
777,11:21:25,3.4,0.0,1,340,买盘
778,11:21:31,3.4,0.0,4,1360,买盘
779,11:21:34,3.4,0.0,81,27540,买盘
780,11:21:37,3.4,0.0,1,340,卖盘
781,11:22:13,3.41,0.01,1,341,买盘
782,11:22:58,3.41,0.0,1,341,买盘
783,11:23:09,3.4,-0.01,3,1020,卖盘
784,11:23:16,3.4,0.0,10,3400,卖盘
785,11:23:43,3.41,0.01,2,682,买盘
786,11:23:45,3.41,0.0,8,2728,买盘
787,11:23:55,3.41,0.0,20,6820,买盘
788,11:24:24,3.41,0.0,1,341,买盘
789,11:24:34,3.41,0.0,10,3410,买盘
790,11:25:01,3.41,0.0,10,3410,买盘
791,11:25:43,3.4,-0.01,20,6800,卖盘
792,11:26:03,3.41,0.01,1,341,买盘
793,11:26:31,3.41,0.0,5,1705,买盘
794,11:26:48,3.41,0.0,1,341,买盘
795,11:27:19,3.41,0.0,18,6138,买盘
796,11:28:22,3.41,0.0,78,26598,买盘
797,11:28:33,3.41,0.0,5,1705,买盘
798,11:29:06,3.41,0.0,60,20460,卖盘
799,11:29:51,3.41,0.0,138,47058,卖盘
800,11:29:54,3.41,0.0,20,6820,买盘
801,13:00:04,3.41,0.0,10,3410,买盘
802,13:00:07,3.41,0.0,83,28303,买盘
803,13:00:24,3.41,0.0,2,682,卖盘
804,13:01:45,3.42,0.01,2,684,买盘
805,13:01:51,3.41,-0.01,20,6820,卖盘
806,13:02:04,3.42,0.01,5,1710,买盘
807,13:02:52,3.42,0.0,10,3420,买盘
808,13:02:54,3.42,0.0,7,2394,买盘
809,13:03:12,3.42,0.0,10,3420,买盘
810,13:03:16,3.42,0.0,50,17100,买盘
811,13:03:27,3.41,-0.01,26,8866,卖盘
812,13:03:54,3.41,0.0,1,341,卖盘
813,13:03:57,3.41,0.0,10,3410,卖盘
814,13:04:10,3.41,0.0,60,20460,卖盘
815,13:04:21,3.41,0.0,110,37510,卖盘
816,13:04:33,3.41,0.0,6,2046,买盘
817,13:05:57,3.41,0.0,46,15656,买盘
818,13:06:04,3.41,0.0,100,34100,买盘
819,13:06:22,3.4,-0.01,3,1020,卖盘
820,13:06:48,3.4,0.0,1,340,卖盘
821,13:06:51,3.41,0.01,2,682,买盘
822,13:06:54,3.41,0.0,12,4092,买盘
823,13:07:45,3.41,0.0,2,682,卖盘
824,13:07:58,3.41,0.0,188,64108,卖盘
825,13:08:31,3.42,0.01,51,17442,买盘
826,13:08:55,3.42,0.0,15,5130,买盘
827,13:09:04,3.42,0.0,20,6840,买盘
828,13:09:16,3.41,-0.01,3,1023,卖盘
829,13:09:39,3.41,0.0,5,1705,买盘
830,13:09:49,3.41,0.0,3,1023,买盘
831,13:09:55,3.41,0.0,2,682,卖盘
832,13:10:04,3.42,0.01,3,1026,买盘
833,13:10:06,3.41,-0.01,8,2728,卖盘
834,13:10:10,3.41,0.0,4,1364,买盘
835,13:10:13,3.41,0.0,4,1364,买盘
836,13:10:16,3.41,0.0,4,1364,买盘
837,13:10:19,3.41,0.0,4,1364,买盘
838,13:10:22,3.41,0.0,2,682,买盘
839,13:10:25,3.42,0.01,4,1368,买盘
840,13:10:28,3.42,0.0,18,6156,买盘
841,13:10:31,3.42,0.0,4,1368,买盘
842,13:10:52,3.42,0.0,174,59508,买盘
843,13:10:57,3.42,0.0,5,1710,卖盘
844,13:11:22,3.43,0.01,5,1715,买盘
845,13:11:52,3.43,0.0,80,27440,买盘
846,13:11:58,3.43,0.0,48,16464,买盘
847,13:12:10,3.43,0.0,2,686,卖盘
848,13:12:13,3.43,0.0,80,27440,卖盘
849,13:12:16,3.42,-0.01,10,3420,卖盘
850,13:12:22,3.43,0.01,10,3430,买盘
851,13:12:27,3.43,0.0,14,4802,卖盘
852,13:12:30,3.43,0.0,5,1715,买盘
853,13:12:58,3.43,0.0,2,686,买盘
854,13:13:04,3.42,-0.01,12,4104,卖盘
855,13:13:15,3.43,0.01,47,16121,买盘
856,13:13:45,3.4,-0.03,605,206083,卖盘
857,13:14:07,3.42,0.02,30,10260,卖盘
858,13:14:10,3.4,-0.02,27,9200,卖盘
859,13:14:19,3.4,0.0,2,680,卖盘
860,13:14:22,3.41,0.01,1,341,买盘
861,13:14:25,3.41,0.0,1,341,买盘
862,13:14:28,3.41,0.0,2,682,买盘
863,13:14:31,3.41,0.0,4,1362,买盘
864,13:14:34,3.41,0.0,2,682,买盘
865,13:14:37,3.41,0.0,2,682,买盘
866,13:14:40,3.41,0.0,7,2387,买盘
867,13:14:42,3.41,0.0,12,4092,买盘
868,13:14:46,3.41,0.0,2,682,买盘
869,13:14:48,3.41,0.0,2,682,买盘
870,13:14:51,3.41,0.0,2,682,买盘
871,13:14:55,3.41,0.0,2,682,买盘
872,13:14:58,3.41,0.0,2,682,买盘
873,13:15:01,3.41,0.0,9,3069,买盘
874,13:15:04,3.41,0.0,3,1023,买盘
875,13:15:21,3.41,0.0,12,4092,卖盘
876,13:15:55,3.41,0.0,8,2728,卖盘
877,13:16:00,3.41,0.0,6,2046,卖盘
878,13:16:06,3.41,0.0,231,78779,卖盘
879,13:16:10,3.41,0.0,30,10230,卖盘
880,13:16:19,3.41,0.0,3,1023,卖盘
881,13:16:27,3.41,0.0,6,2046,卖盘
882,13:16:46,3.41,0.0,22,7522,卖盘
883,13:17:13,3.42,0.01,839,286938,买盘
884,13:17:18,3.42,0.0,2,684,买盘
885,13:17:21,3.42,0.0,1,342,买盘
886,13:17:28,3.41,-0.01,27,9207,卖盘
887,13:18:10,3.42,0.01,12,4104,买盘
888,13:18:28,3.42,0.0,5,1710,买盘
889,13:18:34,3.42,0.0,7,2394,卖盘
890,13:18:54,3.42,0.0,3,1027,卖盘
891,13:18:58,3.42,0.0,80,27360,卖盘
892,13:19:25,3.43,0.01,74,25382,买盘
893,13:19:27,3.43,0.0,5,1715,买盘
894,13:19:34,3.42,-0.01,13,4446,卖盘
895,13:20:10,3.42,0.0,34,11628,卖盘
896,13:20:12,3.43,0.01,4,1372,买盘
897,13:20:16,3.43,0.0,6,2058,买盘
898,13:20:18,3.43,0.0,6,2058,买盘
899,13:20:22,3.43,0.0,6,2058,买盘
900,13:20:24,3.43,0.0,6,2058,买盘
901,13:20:27,3.43,0.0,6,2058,买盘
902,13:20:30,3.43,0.0,6,2058,买盘
903,13:20:52,3.43,0.0,70,24010,买盘
904,13:21:07,3.43,0.0,29,9947,买盘
905,13:21:09,3.42,-0.01,2,684,卖盘
906,13:21:33,3.42,0.0,23,7871,卖盘
907,13:22:22,3.42,0.0,237,81054,卖盘
908,13:22:27,3.42,0.0,1,342,买盘
909,13:22:40,3.42,0.0,10,3420,买盘
910,13:22:54,3.41,-0.01,11,3751,卖盘
911,13:23:00,3.41,0.0,33,11253,卖盘
912,13:23:07,3.41,0.0,12,4092,卖盘
913,13:23:12,3.41,0.0,59,20119,卖盘
914,13:23:21,3.42,0.01,30,10260,买盘
915,13:23:25,3.41,-0.01,2,682,卖盘
916,13:23:40,3.42,0.01,50,17100,买盘
917,13:23:55,3.42,0.0,20,6840,买盘
918,13:24:04,3.42,0.0,15,5130,买盘
919,13:24:55,3.42,0.0,19,6498,买盘
920,13:25:04,3.41,-0.01,1,341,卖盘
921,13:25:09,3.42,0.01,10,3420,买盘
922,13:25:15,3.42,0.0,33,11256,买盘
923,13:25:40,3.41,-0.01,2,682,卖盘
924,13:26:04,3.41,0.0,70,23870,卖盘
925,13:26:31,3.41,0.0,90,30690,卖盘
926,13:26:34,3.42,0.01,10,3420,买盘
927,13:27:07,3.41,-0.01,200,68200,卖盘
928,13:27:22,3.41,0.0,1,341,卖盘
929,13:27:33,3.41,0.0,149,50909,卖盘
930,13:28:01,3.41,0.0,2,682,卖盘
931,13:28:10,3.41,0.0,30,10230,卖盘
932,13:29:15,3.41,0.0,132,45012,卖盘
933,13:29:31,3.42,0.01,3,1024,买盘
934,13:29:34,3.41,-0.01,1,341,卖盘
935,13:29:40,3.42,0.01,1,342,买盘
936,13:29:49,3.42,0.0,50,17100,买盘
937,13:30:04,3.41,-0.01,2,682,卖盘
938,13:30:10,3.42,0.01,6,2052,买盘
939,13:30:12,3.42,0.0,5,1710,买盘
940,13:30:16,3.42,0.0,6,2052,买盘
941,13:30:19,3.42,0.0,6,2052,买盘
942,13:30:22,3.42,0.0,6,2052,买盘
943,13:30:25,3.42,0.0,7,2393,买盘
944,13:30:28,3.42,0.0,6,2052,买盘
945,13:30:42,3.42,0.0,29,9918,买盘
946,13:30:55,3.42,0.0,12,4104,买盘
947,13:31:04,3.42,0.0,200,68400,买盘
948,13:31:07,3.42,0.0,507,173394,买盘
949,13:31:19,3.42,0.0,244,83448,买盘
950,13:31:22,3.42,0.0,34,11628,卖盘
951,13:31:49,3.42,0.0,23,7866,卖盘
952,13:32:25,3.42,0.0,2,684,卖盘
953,13:32:57,3.42,0.0,37,12654,卖盘
954,13:33:13,3.43,0.01,50,17150,买盘
955,13:33:16,3.42,-0.01,12,4104,卖盘
956,13:33:19,3.43,0.01,31,10633,买盘
957,13:33:28,3.43,0.0,2,686,买盘
958,13:33:39,3.43,0.0,29,9947,买盘
959,13:33:54,3.43,0.0,55,18865,买盘
960,13:33:58,3.43,0.0,20,6860,买盘
961,13:34:34,3.43,0.0,40,13720,买盘
962,13:34:37,3.43,0.0,40,13720,买盘
963,13:34:40,3.43,0.0,3,1029,卖盘
964,13:34:49,3.43,0.0,19,6517,卖盘
965,13:34:52,3.43,0.0,100,34300,卖盘
966,13:34:55,3.43,0.0,7,2401,卖盘
967,13:35:16,3.43,0.0,10,3430,买盘
968,13:35:18,3.42,-0.01,1,342,卖盘
969,13:36:52,3.43,0.01,2,686,买盘
970,13:36:55,3.42,-0.01,2,684,卖盘
971,13:37:04,3.43,0.01,10,3430,买盘
972,13:37:40,3.43,0.0,30,10290,买盘
973,13:37:52,3.43,0.0,20,6860,买盘
974,13:38:16,3.43,0.0,202,69099,买盘
975,13:38:25,3.43,0.0,20,6860,买盘
976,13:38:27,3.42,-0.01,15,5130,卖盘
977,13:38:34,3.43,0.01,2,686,买盘
978,13:38:37,3.43,0.0,5,1715,买盘
979,13:38:43,3.43,0.0,10,3430,买盘
980,13:39:01,3.43,0.0,9,3087,买盘
981,13:39:10,3.42,-0.01,2,684,卖盘
982,13:39:13,3.43,0.01,43,14749,买盘
983,13:39:46,3.44,0.01,30,10320,买盘
984,13:40:04,3.44,0.0,5,1720,买盘
985,13:40:10,3.43,-0.01,37,12698,卖盘
986,13:40:15,3.44,0.01,6,2064,买盘
987,13:40:18,3.43,-0.01,1,343,卖盘
988,13:40:22,3.44,0.01,8,2752,买盘
989,13:40:25,3.44,0.0,6,2064,买盘
990,13:40:52,3.44,0.0,28,9632,买盘
991,13:41:01,3.44,0.0,20,6880,买盘
992,13:41:19,3.43,-0.01,2,686,卖盘
993,13:41:25,3.43,0.0,17,5831,卖盘
994,13:41:40,3.44,0.01,10,3440,买盘
995,13:41:46,3.43,-0.01,50,17150,卖盘
996,13:42:22,3.44,0.01,100,34400,买盘
997,13:42:34,3.44,0.0,29,9976,买盘
998,13:42:58,3.44,0.0,31,10664,买盘
999,13:43:19,3.44,0.0,20,6880,买盘
1000,13:43:34,3.43,-0.01,2,686,卖盘
1001,13:43:43,3.44,0.01,100,34400,买盘
1002,13:43:55,3.44,0.0,10,3440,买盘
1003,13:44:13,3.44,0.0,70,24068,买盘
1004,13:44:25,3.44,0.0,26,8944,买盘
1005,13:44:27,3.43,-0.01,12,4116,卖盘
1006,13:44:51,3.44,0.01,10,3440,买盘
1007,13:45:16,3.44,0.0,11,3784,买盘
1008,13:45:24,3.43,-0.01,1,343,卖盘
1009,13:45:28,3.43,0.0,34,11662,卖盘
1010,13:45:40,3.44,0.01,80,27520,买盘
1011,13:45:54,3.43,-0.01,2,686,卖盘
1012,13:46:13,3.44,0.01,60,20640,买盘
1013,13:46:36,3.44,0.0,20,6880,买盘
1014,13:46:55,3.43,-0.01,36,12348,卖盘
1015,13:47:04,3.44,0.01,26,8944,买盘
1016,13:47:28,3.44,0.0,41,14104,买盘
1017,13:47:55,3.43,-0.01,100,34300,卖盘
1018,13:48:10,3.43,0.0,2,686,卖盘
1019,13:49:13,3.43,0.0,8,2744,卖盘
1020,13:49:18,3.44,0.01,5,1720,买盘
1021,13:49:42,3.44,0.0,2,688,买盘
1022,13:50:04,3.44,0.0,1,344,买盘
1023,13:50:07,3.44,0.0,21,7224,买盘
1024,13:50:09,3.44,0.0,2,688,买盘
1025,13:50:12,3.44,0.0,2,688,买盘
1026,13:50:15,3.44,0.0,2,688,买盘
1027,13:50:18,3.44,0.0,2,688,买盘
1028,13:50:22,3.43,-0.01,8,2751,卖盘
1029,13:50:24,3.43,0.0,12,4126,卖盘
1030,13:50:27,3.44,0.01,3,1032,买盘
1031,13:50:31,3.44,0.0,3,1032,买盘
1032,13:50:42,3.43,-0.01,105,36015,卖盘
1033,13:51:37,3.43,0.0,1,343,卖盘
1034,13:51:43,3.44,0.01,21,7224,买盘
1035,13:51:46,3.44,0.0,1,344,买盘
1036,13:51:49,3.44,0.0,2,688,买盘
1037,13:51:52,3.43,-0.01,2,687,卖盘
1038,13:51:55,3.44,0.01,20,6880,买盘
1039,13:51:58,3.44,0.0,1,344,买盘
1040,13:52:01,3.44,0.0,2,688,买盘
1041,13:52:04,3.44,0.0,21,7224,买盘
1042,13:52:07,3.44,0.0,1,344,买盘
1043,13:52:10,3.44,0.0,31,10634,中性盘
1044,13:52:33,3.43,-0.01,2,686,卖盘
1045,13:52:40,3.45,0.02,1,345,买盘
1046,13:52:58,3.45,0.0,50,17250,买盘
1047,13:53:01,3.45,0.0,14,4830,买盘
1048,13:53:04,3.45,0.0,41,14145,买盘
1049,13:53:07,3.45,0.0,498,171810,买盘
1050,13:53:10,3.45,0.0,44,15180,卖盘
1051,13:53:13,3.46,0.01,19,6574,买盘
1052,13:53:16,3.46,0.0,7,2422,买盘
1053,13:53:19,3.46,0.0,7,2422,买盘
1054,13:53:31,3.46,0.0,50,17300,买盘
1055,13:53:37,3.46,0.0,10,3460,买盘
1056,13:53:49,3.46,0.0,10,3460,买盘
1057,13:53:55,3.46,0.0,200,69200,买盘
1058,13:54:01,3.46,0.0,9,3114,买盘
1059,13:54:04,3.47,0.01,72,24984,买盘
1060,13:54:13,3.46,-0.01,44,15224,卖盘
1061,13:54:18,3.46,0.0,29,10034,买盘
1062,13:54:37,3.46,0.0,5,1730,买盘
1063,13:54:48,3.45,-0.01,180,62100,卖盘
1064,13:55:10,3.45,0.0,62,21392,卖盘
1065,13:55:16,3.46,0.01,31,10726,买盘
1066,13:55:19,3.46,0.0,50,17300,卖盘
1067,13:55:31,3.46,0.0,1,346,卖盘
1068,13:55:43,3.46,0.0,8,2768,卖盘
1069,13:55:46,3.46,0.0,50,17300,卖盘
1070,13:56:07,3.47,0.01,5,1735,买盘
1071,13:56:09,3.47,0.0,33,11451,买盘
1072,13:56:31,3.47,0.0,20,6940,买盘
1073,13:56:33,3.47,0.0,103,35741,买盘
1074,13:56:42,3.47,0.0,10,3470,买盘
1075,13:56:55,3.47,0.0,10,3470,买盘
1076,13:56:58,3.47,0.0,4,1388,买盘
1077,13:57:04,3.46,-0.01,2,692,卖盘
1078,13:57:46,3.46,0.0,40,13840,卖盘
1079,13:57:55,3.46,0.0,5,1730,卖盘
1080,13:57:58,3.46,0.0,120,41520,卖盘
1081,13:58:04,3.46,0.0,1,346,卖盘
1082,13:58:10,3.46,0.0,300,103800,卖盘
1083,13:58:12,3.46,0.0,50,17300,卖盘
1084,13:58:19,3.46,0.0,27,9342,卖盘
1085,13:58:22,3.46,0.0,40,13840,卖盘
1086,13:58:25,3.46,0.0,10,3460,卖盘
1087,13:58:28,3.46,0.0,43,14878,卖盘
1088,13:58:31,3.46,0.0,41,14186,卖盘
1089,13:59:07,3.46,0.0,17,5882,买盘
1090,13:59:25,3.45,-0.01,2,690,卖盘
1091,14:00:04,3.46,0.01,6,2076,买盘
1092,14:00:10,3.46,0.0,6,2076,买盘
1093,14:00:13,3.46,0.0,3,1037,买盘
1094,14:00:16,3.46,0.0,9,3114,买盘
1095,14:00:19,3.46,0.0,6,2076,买盘
1096,14:00:22,3.46,0.0,6,2076,买盘
1097,14:00:25,3.46,0.0,6,2076,买盘
1098,14:00:28,3.46,0.0,31,10726,买盘
1099,14:00:36,3.46,0.0,20,6920,买盘
1100,14:00:46,3.46,0.0,20,6920,买盘
1101,14:01:10,3.46,0.0,40,13840,买盘
1102,14:01:13,3.46,0.0,10,3460,买盘
1103,14:01:15,3.46,0.0,3,1038,买盘
1104,14:01:18,3.46,0.0,1,346,买盘
1105,14:01:31,3.45,-0.01,2,690,卖盘
1106,14:01:34,3.46,0.01,59,20414,买盘
1107,14:01:37,3.46,0.0,5,1730,买盘
1108,14:01:40,3.46,0.0,1,346,卖盘
1109,14:01:52,3.46,0.0,6,2076,卖盘
1110,14:01:55,3.46,0.0,2,692,买盘
1111,14:01:58,3.47,0.01,20,6938,买盘
1112,14:02:04,3.47,0.0,2,694,买盘
1113,14:02:07,3.47,0.0,5,1735,买盘
1114,14:02:10,3.47,0.0,55,19085,买盘
1115,14:02:13,3.47,0.0,24,8328,买盘
1116,14:02:15,3.47,0.0,17,5899,买盘
1117,14:02:19,3.47,0.0,74,25628,买盘
1118,14:02:22,3.47,0.0,13,4511,买盘
1119,14:02:25,3.47,0.0,9,3123,买盘
1120,14:02:28,3.47,0.0,8,2776,买盘
1121,14:02:31,3.47,0.0,102,35394,买盘
1122,14:02:34,3.48,0.01,109,37858,买盘
1123,14:02:40,3.47,-0.01,10,3470,卖盘
1124,14:02:43,3.47,0.0,1,347,卖盘
1125,14:02:46,3.48,0.01,16,5568,买盘
1126,14:02:49,3.48,0.0,3,1044,买盘
1127,14:02:52,3.48,0.0,8,2784,买盘
1128,14:02:55,3.48,0.0,59,20532,买盘
1129,14:02:58,3.48,0.0,10,3480,买盘
1130,14:03:01,3.48,0.0,7,2436,买盘
1131,14:03:04,3.48,0.0,205,71340,买盘
1132,14:03:07,3.48,0.0,98,34104,买盘
1133,14:03:10,3.48,0.0,18,6264,买盘
1134,14:03:13,3.48,0.0,11,3828,买盘
1135,14:03:16,3.48,0.0,17,5916,买盘
1136,14:03:19,3.48,0.0,3,1044,买盘
1137,14:03:25,3.48,0.0,5,1740,买盘
1138,14:03:28,3.48,0.0,35,12180,买盘
1139,14:03:37,3.48,0.0,32,11136,卖盘
1140,14:03:40,3.48,0.0,1,348,卖盘
1141,14:03:46,3.49,0.01,29,10117,买盘
1142,14:03:49,3.49,0.0,50,17450,买盘
1143,14:03:58,3.48,-0.01,10,3480,卖盘
1144,14:04:01,3.49,0.01,150,52350,买盘
1145,14:04:07,3.49,0.0,60,20940,买盘
1146,14:04:10,3.48,-0.01,30,10440,卖盘
1147,14:04:19,3.48,0.0,10,3480,卖盘
1148,14:04:24,3.48,0.0,10,3480,卖盘
1149,14:04:34,3.48,0.0,20,6960,卖盘
1150,14:05:22,3.48,0.0,2,696,卖盘
1151,14:05:25,3.49,0.01,200,69800,买盘
1152,14:05:34,3.49,0.0,212,73938,买盘
1153,14:05:40,3.49,0.0,5,1745,卖盘
1154,14:05:43,3.49,0.0,33,11517,卖盘
1155,14:05:45,3.49,0.0,17,5933,买盘
1156,14:05:52,3.49,0.0,10,3490,卖盘
1157,14:05:55,3.49,0.0,100,34900,卖盘
1158,14:06:01,3.49,0.0,2,698,卖盘
1159,14:06:07,3.49,0.0,10,3490,卖盘
1160,14:06:13,3.49,0.0,102,35648,卖盘
1161,14:06:16,3.49,0.0,9,3141,卖盘
1162,14:06:19,3.49,0.0,10,3490,卖盘
1163,14:06:25,3.5,0.01,6,2100,买盘
1164,14:06:34,3.49,-0.01,129,45021,卖盘
1165,14:06:40,3.49,0.0,65,22685,卖盘
1166,14:06:43,3.49,0.0,16,5584,卖盘
1167,14:06:49,3.49,0.0,96,33504,买盘
1168,14:06:58,3.49,0.0,100,34900,卖盘
1169,14:07:07,3.49,0.0,50,17450,卖盘
1170,14:07:09,3.49,0.0,8,2792,卖盘
1171,14:07:16,3.49,0.0,100,34900,卖盘
1172,14:07:19,3.49,0.0,8,2792,卖盘
1173,14:07:40,3.49,0.0,50,17450,买盘
1174,14:07:43,3.48,-0.01,264,91872,卖盘
1175,14:08:00,3.48,0.0,135,46980,买盘
1176,14:08:04,3.47,-0.01,10,3470,卖盘
1177,14:08:10,3.47,0.0,30,10410,卖盘
1178,14:08:19,3.47,0.0,2,694,卖盘
1179,14:09:10,3.47,0.0,10,3470,卖盘
1180,14:09:49,3.47,0.0,5,1735,卖盘
1181,14:10:25,3.48,0.01,70,24360,买盘
1182,14:10:37,3.48,0.0,91,31668,买盘
1183,14:10:40,3.47,-0.01,2,694,卖盘
1184,14:10:55,3.48,0.01,97,33756,买盘
1185,14:10:58,3.48,0.0,36,12528,买盘
1186,14:11:01,3.48,0.0,1,348,卖盘
1187,14:11:34,3.49,0.01,10,3490,买盘
1188,14:11:43,3.48,-0.01,10,3480,卖盘
1189,14:12:07,3.48,0.0,1,348,卖盘
1190,14:12:34,3.48,0.0,2,696,卖盘
1191,14:12:45,3.49,0.01,20,6980,买盘
1192,14:13:10,3.49,0.0,8,2792,买盘
1193,14:13:13,3.48,-0.01,100,34800,卖盘
1194,14:13:15,3.49,0.01,123,42927,买盘
1195,14:13:40,3.49,0.0,63,21925,买盘
1196,14:13:43,3.49,0.0,6,2094,买盘
1197,14:13:46,3.49,0.0,100,34900,买盘
1198,14:13:52,3.48,-0.01,23,8004,卖盘
1199,14:14:01,3.49,0.01,1,349,买盘
1200,14:14:06,3.48,-0.01,59,20532,卖盘
1201,14:14:40,3.49,0.01,122,42546,买盘
1202,14:14:52,3.49,0.0,3,1047,买盘
1203,14:14:55,3.48,-0.01,2,696,卖盘
1204,14:15:30,3.49,0.01,1,349,买盘
1205,14:15:33,3.48,-0.01,8,2784,卖盘
1206,14:15:48,3.49,0.01,543,189507,买盘
1207,14:15:52,3.49,0.0,20,6980,卖盘
1208,14:16:01,3.5,0.01,1,350,买盘
1209,14:16:10,3.49,-0.01,30,10470,卖盘
1210,14:16:13,3.5,0.01,35,12250,买盘
1211,14:16:16,3.5,0.0,2,700,买盘
1212,14:16:22,3.5,0.0,85,29750,买盘
1213,14:16:28,3.5,0.0,18,6300,买盘
1214,14:16:43,3.5,0.0,32,11200,买盘
1215,14:16:46,3.5,0.0,1,350,买盘
1216,14:16:55,3.5,0.0,104,36400,买盘
1217,14:16:58,3.5,0.0,4,1400,买盘
1218,14:17:01,3.5,0.0,11,3850,买盘
1219,14:17:04,3.5,0.0,91,31850,买盘
1220,14:17:07,3.5,0.0,2,700,买盘
1221,14:17:10,3.49,-0.01,2,698,卖盘
1222,14:17:13,3.49,0.0,5,1745,卖盘
1223,14:17:51,3.5,0.01,50,17500,买盘
1224,14:18:01,3.5,0.0,4,1400,买盘
1225,14:18:04,3.5,0.0,55,19250,买盘
1226,14:18:10,3.5,0.0,200,70000,买盘
1227,14:18:13,3.5,0.0,27,9450,买盘
1228,14:18:48,3.5,0.0,10,3500,卖盘
1229,14:18:52,3.5,0.0,20,7000,卖盘
1230,14:18:55,3.5,0.0,4,1400,卖盘
1231,14:18:57,3.51,0.01,10,3510,买盘
1232,14:19:01,3.5,-0.01,87,30450,卖盘
1233,14:19:13,3.5,0.0,1,350,卖盘
1234,14:19:16,3.5,0.0,107,37450,卖盘
1235,14:19:22,3.5,0.0,5,1750,卖盘
1236,14:19:31,3.5,0.0,2,700,卖盘
1237,14:19:43,3.5,0.0,207,72450,卖盘
1238,14:19:52,3.5,0.0,46,16100,卖盘
1239,14:19:58,3.5,0.0,15,5250,卖盘
1240,14:20:04,3.5,0.0,50,17500,卖盘
1241,14:20:07,3.5,0.0,10,3500,卖盘
1242,14:20:16,3.49,-0.01,1,349,卖盘
1243,14:20:31,3.5,0.01,6,2100,买盘
1244,14:20:55,3.5,0.0,1,350,买盘
1245,14:21:19,3.49,-0.01,22,7698,卖盘
1246,14:21:40,3.49,0.0,20,6980,卖盘
1247,14:21:43,3.49,0.0,100,34900,卖盘
1248,14:21:46,3.49,0.0,52,18148,卖盘
1249,14:21:52,3.49,0.0,80,27920,卖盘
1250,14:22:00,3.49,0.0,73,25477,卖盘
1251,14:22:04,3.5,0.01,63,22041,买盘
1252,14:23:07,3.48,-0.02,1,348,卖盘
1253,14:23:31,3.48,0.0,1,348,卖盘
1254,14:23:58,3.49,0.01,10,3490,买盘
1255,14:24:12,3.49,0.0,100,34900,买盘
1256,14:24:16,3.48,-0.01,1,348,卖盘
1257,14:24:45,3.48,0.0,48,16704,卖盘
1258,14:25:01,3.48,0.0,2,696,卖盘
1259,14:25:16,3.48,0.0,10,3480,卖盘
1260,14:25:40,3.48,0.0,11,3828,卖盘
1261,14:26:01,3.49,0.01,66,23034,买盘
1262,14:26:07,3.48,-0.01,50,17400,卖盘
1263,14:26:13,3.48,0.0,170,59160,卖盘
1264,14:26:16,3.48,0.0,21,7308,卖盘
1265,14:26:31,3.48,0.0,1,348,卖盘
1266,14:26:43,3.48,0.0,6,2088,卖盘
1267,14:26:49,3.48,0.0,6,2088,卖盘
1268,14:27:07,3.48,0.0,20,6960,卖盘
1269,14:27:10,3.48,0.0,11,3828,买盘
1270,14:27:12,3.48,0.0,13,4524,买盘
1271,14:27:16,3.48,0.0,4,1391,买盘
1272,14:27:25,3.48,0.0,3,1044,买盘
1273,14:27:33,3.48,0.0,50,17400,卖盘
1274,14:27:49,3.48,0.0,20,6960,卖盘
1275,14:27:52,3.48,0.0,1,348,卖盘
1276,14:28:10,3.48,0.0,30,10440,卖盘
1277,14:28:33,3.48,0.0,1,348,卖盘
1278,14:28:42,3.49,0.01,5,1745,买盘
1279,14:28:52,3.48,-0.01,2,696,卖盘
1280,14:29:13,3.48,0.0,1,348,卖盘
1281,14:29:24,3.49,0.01,5,1745,买盘
1282,14:29:34,3.48,-0.01,42,14616,卖盘
1283,14:29:40,3.48,0.0,1,348,卖盘
1284,14:29:46,3.49,0.01,1,349,买盘
1285,14:29:49,3.49,0.0,3,1047,买盘
1286,14:30:22,3.49,0.0,28,9772,买盘
1287,14:30:31,3.48,-0.01,10,3480,卖盘
1288,14:30:46,3.48,0.0,10,3480,卖盘
1289,14:30:52,3.48,0.0,82,28616,卖盘
1290,14:31:01,3.48,0.0,3,1044,卖盘
1291,14:31:22,3.48,0.0,19,6612,卖盘
1292,14:31:40,3.48,0.0,10,3480,卖盘
1293,14:31:58,3.48,0.0,6,2088,卖盘
1294,14:32:10,3.48,0.0,5,1740,卖盘
1295,14:32:13,3.49,0.01,101,35249,买盘
1296,14:32:19,3.49,0.0,3,1047,买盘
1297,14:32:25,3.49,0.0,192,67008,买盘
1298,14:32:36,3.49,0.0,15,5235,卖盘
1299,14:32:40,3.49,0.0,25,8725,卖盘
1300,14:32:43,3.49,0.0,2,698,卖盘
1301,14:32:46,3.51,0.02,601,210690,买盘
1302,14:32:49,3.51,0.0,3,1053,买盘
1303,14:33:04,3.5,-0.01,30,10500,买盘
1304,14:34:37,3.5,0.0,1,350,买盘
1305,14:34:49,3.5,0.0,10,3500,买盘
1306,14:34:57,3.5,0.0,10,3500,买盘
1307,14:35:01,3.5,0.0,34,11900,买盘
1308,14:35:07,3.5,0.0,4,1400,买盘
1309,14:35:19,3.5,0.0,186,65100,买盘
1310,14:35:25,3.5,0.0,1,350,买盘
1311,14:35:34,3.5,0.0,16,5600,买盘
1312,14:35:58,3.51,0.01,15,5265,买盘
1313,14:36:07,3.51,0.0,13,4563,买盘
1314,14:36:16,3.51,0.0,45,15795,买盘
1315,14:36:43,3.51,0.0,1,351,买盘
1316,14:36:46,3.51,0.0,5,1755,买盘
1317,14:37:04,3.51,0.0,173,60723,买盘
1318,14:37:22,3.51,0.0,34,11934,卖盘
1319,14:37:34,3.51,0.0,27,9477,卖盘
1320,14:37:37,3.52,0.01,1,352,买盘
1321,14:37:43,3.51,-0.01,20,7020,卖盘
1322,14:37:46,3.51,0.0,50,17550,卖盘
1323,14:37:52,3.51,0.0,274,96357,卖盘
1324,14:37:55,3.51,0.0,178,62478,卖盘
1325,14:38:22,3.5,-0.01,100,35000,卖盘
1326,14:38:34,3.5,0.0,61,21350,卖盘
1327,14:38:43,3.5,0.0,22,7700,卖盘
1328,14:38:55,3.51,0.01,100,35040,买盘
1329,14:40:10,3.49,-0.02,30,10470,卖盘
1330,14:40:13,3.49,0.0,10,3490,卖盘
1331,14:41:25,3.5,0.01,50,17500,买盘
1332,14:41:40,3.49,-0.01,4,1396,卖盘
1333,14:42:31,3.49,0.0,1,349,卖盘
1334,14:42:40,3.5,0.01,19,6650,买盘
1335,14:42:57,3.49,-0.01,70,24430,卖盘
1336,14:43:07,3.5,0.01,137,47950,买盘
1337,14:43:10,3.5,0.0,13,4550,买盘
1338,14:43:16,3.49,-0.01,30,10470,卖盘
1339,14:43:28,3.5,0.01,2,700,买盘
1340,14:44:21,3.49,-0.01,10,3490,卖盘
1341,14:44:42,3.49,0.0,70,24430,卖盘
1342,14:45:24,3.5,0.01,160,55900,买盘
1343,14:45:52,3.49,-0.01,31,10819,卖盘
1344,14:46:37,3.5,0.01,20,7000,买盘
1345,14:46:49,3.5,0.0,59,20650,买盘
1346,14:46:54,3.5,0.0,6,2100,买盘
1347,14:47:16,3.5,0.0,100,35000,买盘
1348,14:47:18,3.5,0.0,4,1400,买盘
1349,14:47:25,3.49,-0.01,50,17450,卖盘
1350,14:47:49,3.49,0.0,18,6282,卖盘
1351,14:47:52,3.5,0.01,3,1050,买盘
1352,14:48:00,3.49,-0.01,15,5235,卖盘
1353,14:48:25,3.49,0.0,30,10470,卖盘
1354,14:48:28,3.49,0.0,10,3490,卖盘
1355,14:48:33,3.49,0.0,12,4188,卖盘
1356,14:48:36,3.49,0.0,1,349,卖盘
1357,14:48:45,3.49,0.0,26,9074,卖盘
1358,14:49:22,3.49,0.0,4,1396,卖盘
1359,14:49:31,3.49,0.0,30,10470,卖盘
1360,14:49:49,3.49,0.0,38,13262,卖盘
1361,14:49:55,3.5,0.01,18,6300,买盘
1362,14:49:58,3.5,0.0,7,2450,买盘
1363,14:50:19,3.49,-0.01,100,34900,卖盘
1364,14:50:22,3.5,0.01,57,19950,买盘
1365,14:51:10,3.5,0.0,4,1400,买盘
1366,14:51:16,3.5,0.0,51,17850,买盘
1367,14:51:22,3.5,0.0,56,19592,买盘
1368,14:52:04,3.5,0.0,5,1750,买盘
1369,14:52:07,3.5,0.0,5,1750,买盘
1370,14:52:09,3.49,-0.01,35,12220,卖盘
1371,14:52:12,3.5,0.01,7,2450,买盘
1372,14:52:16,3.5,0.0,4,1400,买盘
1373,14:52:22,3.49,-0.01,100,34900,卖盘
1374,14:52:40,3.49,0.0,200,69800,卖盘
1375,14:52:43,3.49,0.0,30,10470,卖盘
1376,14:52:46,3.49,0.0,19,6631,卖盘
1377,14:52:51,3.49,0.0,10,3490,卖盘
1378,14:52:58,3.49,0.0,136,47464,卖盘
1379,14:53:04,3.49,0.0,17,5933,买盘
1380,14:53:07,3.49,0.0,8,2792,卖盘
1381,14:53:22,3.49,0.0,121,42229,买盘
1382,14:53:25,3.49,0.0,17,5933,卖盘
1383,14:53:37,3.49,0.0,40,13960,卖盘
1384,14:53:46,3.5,0.01,10,3500,买盘
1385,14:53:55,3.49,-0.01,10,3490,卖盘
1386,14:54:04,3.49,0.0,50,17450,卖盘
1387,14:54:07,3.5,0.01,1,350,买盘
1388,14:54:13,3.49,-0.01,30,10470,卖盘
1389,14:54:25,3.49,0.0,100,34900,卖盘
1390,14:54:28,3.49,0.0,10,3490,卖盘
1391,14:54:37,3.49,0.0,17,5933,卖盘
1392,14:54:49,3.5,0.01,29,10150,买盘
1393,14:54:55,3.49,-0.01,100,34900,卖盘
1394,14:55:04,3.49,0.0,58,20242,卖盘
1395,14:55:07,3.49,0.0,39,13620,卖盘
1396,14:55:16,3.5,0.01,93,32529,买盘
1397,14:55:25,3.49,-0.01,84,29316,卖盘
1398,14:55:34,3.49,0.0,60,20960,卖盘
1399,14:55:48,3.5,0.01,120,42000,买盘
1400,14:55:58,3.49,-0.01,30,10470,卖盘
1401,14:56:10,3.49,0.0,3,1047,卖盘
1402,14:56:25,3.49,0.0,15,5235,卖盘
1403,14:56:28,3.49,0.0,30,10470,卖盘
1404,14:56:31,3.49,0.0,12,4188,卖盘
1405,14:56:37,3.49,0.0,143,49907,卖盘
1406,14:56:43,3.49,0.0,8,2792,卖盘
1407,14:56:46,3.49,0.0,8,2792,卖盘
1408,14:56:49,3.49,0.0,3,1047,卖盘
1409,14:56:52,3.49,0.0,15,5235,卖盘
1410,14:56:55,3.49,0.0,3,1047,卖盘
1411,14:56:58,3.49,0.0,30,10470,卖盘
1412,15:00:04,3.5,0.01,264,92400,卖盘
