,time,price,change,volume,amount,type
0,09:25:04,14.88,0.26,1117,1662096,卖盘
1,09:30:04,14.83,-0.05,264,392073,卖盘
2,09:30:07,14.98,0.15,1043,1555788,买盘
3,09:30:10,14.96,-0.02,230,344659,卖盘
4,09:30:13,14.96,0.0,140,209357,卖盘
5,09:30:16,14.91,-0.05,10,14910,卖盘
6,09:30:19,14.96,0.05,19,28414,买盘
7,09:30:22,14.94,-0.02,21,31392,中性盘
8,09:30:25,14.92,-0.02,23,34380,中性盘
9,09:30:28,14.95,0.03,169,252931,中性盘
10,09:30:31,15.0,0.05,672,1007977,买盘
11,09:30:34,15.0,0.0,11,16514,卖盘
12,09:30:37,15.0,0.0,18,27002,卖盘
13,09:30:40,15.0,0.0,10,15010,卖盘
14,09:30:43,15.08,0.08,26,39208,买盘
15,09:30:46,15.08,0.0,4,6036,卖盘
16,09:30:49,15.1,0.02,101,151831,买盘
17,09:30:52,15.1,0.0,183,276687,买盘
18,09:30:55,15.13,0.03,53,80118,买盘
19,09:30:58,15.14,0.01,41,62063,买盘
20,09:31:01,15.18,0.04,90,136312,买盘
21,09:31:05,15.15,-0.03,34,51590,卖盘
22,09:31:07,15.2,0.05,13,19745,买盘
23,09:31:10,15.22,0.02,99,150523,买盘
24,09:31:13,15.2,-0.02,59,89675,买盘
25,09:31:16,15.25,0.05,108,164445,买盘
26,09:31:19,15.25,0.0,14,21350,卖盘
27,09:31:22,15.29,0.04,46,70260,买盘
28,09:31:25,15.34,0.05,169,258001,买盘
29,09:31:28,15.34,0.0,37,56795,卖盘
30,09:31:31,15.45,0.11,70,107899,买盘
31,09:31:34,15.4,-0.05,77,118725,卖盘
32,09:31:37,15.6,0.2,184,285236,买盘
33,09:31:40,15.6,0.0,18,28053,买盘
34,09:31:43,15.6,0.0,37,57462,买盘
35,09:31:46,15.8,0.2,338,530915,买盘
36,09:31:49,15.67,-0.13,361,564058,卖盘
37,09:31:52,15.83,0.16,184,289200,买盘
38,09:31:55,16.08,0.25,936,1496121,买盘
39,09:31:58,15.79,-0.29,217,345668,卖盘
40,09:32:01,16.08,0.29,1701,2734103,买盘
41,09:32:04,16.08,0.0,172,276576,卖盘
42,09:32:07,16.08,0.0,231,371448,卖盘
43,09:32:10,16.08,0.0,162,260496,卖盘
44,09:32:13,16.08,0.0,1414,2273712,卖盘
45,09:32:16,16.08,0.0,249,400392,卖盘
46,09:32:19,16.08,0.0,470,754522,卖盘
47,09:32:22,16.08,0.0,197,316776,卖盘
48,09:32:25,16.08,0.0,121,194568,卖盘
49,09:32:28,16.08,0.0,310,498480,卖盘
50,09:32:31,16.08,0.0,271,435768,卖盘
51,09:32:34,16.08,0.0,47,75576,卖盘
52,09:32:37,16.08,0.0,170,273360,卖盘
53,09:32:40,16.08,0.0,632,1016256,卖盘
54,09:32:43,16.08,0.0,847,1362619,卖盘
55,09:32:46,16.08,0.0,1363,2191704,卖盘
56,09:32:49,16.08,0.0,1926,3096686,卖盘
57,09:32:52,16.08,0.0,581,934248,卖盘
58,09:32:55,16.08,0.0,193,310344,卖盘
59,09:32:58,16.08,0.0,95,152760,卖盘
60,09:33:01,16.08,0.0,123,197784,卖盘
61,09:33:05,16.08,0.0,91,146328,卖盘
62,09:33:07,16.08,0.0,173,278184,卖盘
63,09:33:10,16.08,0.0,14,22512,卖盘
64,09:33:13,16.08,0.0,60,96480,卖盘
65,09:33:16,16.08,0.0,65,104520,卖盘
66,09:33:19,16.08,0.0,223,358584,卖盘
67,09:33:22,16.08,0.0,49,78792,卖盘
68,09:33:25,16.08,0.0,20,32160,卖盘
69,09:33:28,16.08,0.0,28,45024,卖盘
70,09:33:31,16.08,0.0,108,173664,卖盘
71,09:33:34,16.08,0.0,15,24120,卖盘
72,09:33:37,16.08,0.0,21,33768,卖盘
73,09:33:40,16.08,0.0,111,178488,卖盘
74,09:33:46,16.08,0.0,9,14472,卖盘
75,09:33:49,16.08,0.0,10,16080,卖盘
76,09:33:52,16.08,0.0,11,17688,卖盘
77,09:33:55,16.08,0.0,15,24120,卖盘
78,09:33:58,16.08,0.0,77,123816,卖盘
79,09:34:01,16.08,0.0,10,16080,卖盘
80,09:34:04,16.08,0.0,20,32160,卖盘
81,09:34:10,16.08,0.0,9,14472,卖盘
82,09:34:13,16.08,0.0,1,1608,卖盘
83,09:34:16,16.08,0.0,77,123816,卖盘
84,09:34:22,16.08,0.0,12,19296,卖盘
85,09:34:25,16.08,0.0,13,20904,卖盘
86,09:34:31,16.08,0.0,85,136680,卖盘
87,09:34:34,16.08,0.0,3,4824,卖盘
88,09:34:37,16.08,0.0,7,11256,卖盘
89,09:34:40,16.08,0.0,13,20904,卖盘
90,09:34:49,16.08,0.0,122,196176,卖盘
91,09:34:52,16.08,0.0,18,28944,卖盘
92,09:34:55,16.08,0.0,30,48240,卖盘
93,09:34:58,16.08,0.0,32,51456,卖盘
94,09:35:04,16.08,0.0,3,4824,卖盘
95,09:35:07,16.08,0.0,20,32160,卖盘
96,09:35:13,16.08,0.0,11,18460,卖盘
97,09:35:19,16.08,0.0,2,3216,卖盘
98,09:35:22,16.08,0.0,44,70752,卖盘
99,09:35:25,16.08,0.0,100,160800,卖盘
100,09:35:31,16.08,0.0,2,3216,卖盘
101,09:35:34,16.08,0.0,21,33768,卖盘
102,09:35:40,16.08,0.0,4,6432,卖盘
103,09:35:43,16.08,0.0,72,115776,卖盘
104,09:35:46,16.08,0.0,34,54672,卖盘
105,09:35:49,16.08,0.0,10,16080,卖盘
106,09:35:52,16.08,0.0,221,355368,卖盘
107,09:35:55,16.08,0.0,85,136680,卖盘
108,09:36:01,16.08,0.0,35,56280,卖盘
109,09:36:10,16.08,0.0,2,3216,卖盘
110,09:36:16,16.08,0.0,2,3216,卖盘
111,09:36:19,16.08,0.0,50,80400,卖盘
112,09:36:22,16.08,0.0,3,4824,卖盘
113,09:36:25,16.08,0.0,4,6432,卖盘
114,09:36:28,16.08,0.0,22,35376,卖盘
115,09:36:31,16.08,0.0,10,16080,卖盘
116,09:36:40,16.08,0.0,56,90048,卖盘
117,09:36:49,16.08,0.0,2,3216,卖盘
118,09:36:52,16.08,0.0,25,40200,卖盘
119,09:36:58,16.08,0.0,48,77184,卖盘
120,09:37:01,16.08,0.0,2,3216,卖盘
121,09:37:04,16.08,0.0,90,144720,卖盘
122,09:37:19,16.08,0.0,3,4824,卖盘
123,09:37:25,16.08,0.0,4,6432,卖盘
124,09:37:34,16.08,0.0,7,11256,卖盘
125,09:37:37,16.08,0.0,12,19296,卖盘
126,09:37:43,16.08,0.0,3,4824,卖盘
127,09:37:49,16.08,0.0,52,83616,卖盘
128,09:37:58,16.08,0.0,20,32160,卖盘
129,09:38:10,16.08,0.0,10,16080,卖盘
130,09:38:13,16.08,0.0,10,16080,卖盘
131,09:38:16,16.08,0.0,17,27336,卖盘
132,09:38:19,16.08,0.0,1,1608,卖盘
133,09:38:22,16.08,0.0,15,24120,卖盘
134,09:38:25,16.08,0.0,12,19296,卖盘
135,09:38:31,16.08,0.0,13,20904,卖盘
136,09:38:34,16.08,0.0,4,6432,卖盘
137,09:38:40,16.08,0.0,10,16080,卖盘
138,09:38:43,16.08,0.0,10,16080,卖盘
139,09:38:49,16.08,0.0,23,36984,卖盘
140,09:38:55,16.08,0.0,3,4824,卖盘
141,09:38:58,16.08,0.0,1,1608,卖盘
142,09:39:01,16.08,0.0,20,32160,卖盘
143,09:39:04,16.08,0.0,10,16080,卖盘
144,09:39:07,16.08,0.0,2,3216,卖盘
145,09:39:25,16.08,0.0,1,1608,卖盘
146,09:39:34,16.08,0.0,20,32160,卖盘
147,09:39:37,16.08,0.0,10,16080,卖盘
148,09:39:40,16.08,0.0,73,117384,卖盘
149,09:39:49,16.08,0.0,10,16080,卖盘
150,09:39:52,16.08,0.0,1,1608,卖盘
151,09:39:55,16.08,0.0,19,30552,卖盘
152,09:40:04,16.08,0.0,2,3216,卖盘
153,09:40:13,16.08,0.0,5,8040,卖盘
154,09:40:16,16.08,0.0,1,1608,卖盘
155,09:40:19,16.08,0.0,5,8040,卖盘
156,09:40:22,16.08,0.0,2,3216,卖盘
157,09:40:25,16.08,0.0,1,1608,卖盘
158,09:40:28,16.08,0.0,14,22512,卖盘
159,09:40:34,16.08,0.0,1,1608,卖盘
160,09:40:37,16.08,0.0,11,17688,卖盘
161,09:40:40,16.08,0.0,1,1608,卖盘
162,09:40:43,16.08,0.0,5,8040,卖盘
163,09:40:52,16.08,0.0,10,16080,卖盘
164,09:40:58,16.08,0.0,32,51456,卖盘
165,09:41:07,16.08,0.0,19,30552,卖盘
166,09:41:16,16.08,0.0,29,46632,卖盘
167,09:41:25,16.08,0.0,18,28944,卖盘
168,09:41:37,16.08,0.0,24,38592,卖盘
169,09:41:49,16.08,0.0,2,3216,卖盘
170,09:41:52,16.08,0.0,50,80400,卖盘
171,09:41:55,16.08,0.0,5,8040,卖盘
172,09:42:04,16.08,0.0,50,80400,卖盘
173,09:42:07,16.08,0.0,9,14472,卖盘
174,09:42:10,16.08,0.0,5,8040,卖盘
175,09:42:13,16.08,0.0,14,22512,卖盘
176,09:42:37,16.08,0.0,10,16080,卖盘
177,09:42:40,16.08,0.0,5,8040,卖盘
178,09:43:10,16.08,0.0,7,11256,卖盘
179,09:43:16,16.08,0.0,39,62712,卖盘
180,09:43:19,16.08,0.0,20,32160,卖盘
181,09:43:25,16.08,0.0,3,4824,卖盘
182,09:43:31,16.08,0.0,2,3216,卖盘
183,09:43:34,16.08,0.0,25,40200,卖盘
184,09:43:37,16.08,0.0,4,6432,卖盘
185,09:43:43,16.08,0.0,16,25728,卖盘
186,09:43:46,16.08,0.0,19,30552,卖盘
187,09:44:37,16.08,0.0,11,17688,卖盘
188,09:44:43,16.08,0.0,3,4824,卖盘
189,09:44:46,16.08,0.0,16,25728,卖盘
190,09:45:04,16.08,0.0,11,17688,卖盘
191,09:45:37,16.08,0.0,9,14472,卖盘
192,09:45:43,16.08,0.0,10,16080,卖盘
193,09:45:52,16.08,0.0,1,1608,卖盘
194,09:45:58,16.08,0.0,11,17688,卖盘
195,09:46:04,16.08,0.0,10,16080,卖盘
196,09:46:10,16.08,0.0,6,9648,卖盘
197,09:46:13,16.08,0.0,10,16080,卖盘
198,09:46:34,16.08,0.0,1,1608,卖盘
199,09:46:49,16.08,0.0,2,3216,卖盘
200,09:46:52,16.08,0.0,12,19296,卖盘
201,09:46:55,16.08,0.0,28,45024,卖盘
202,09:47:01,16.08,0.0,10,16080,卖盘
203,09:47:07,16.08,0.0,4,6432,卖盘
204,09:47:13,16.08,0.0,10,16080,卖盘
205,09:47:22,16.08,0.0,3,4824,卖盘
206,09:47:34,16.08,0.0,5,8040,卖盘
207,09:47:55,16.08,0.0,12,19296,卖盘
208,09:47:58,16.08,0.0,10,16080,卖盘
209,09:48:37,16.08,0.0,2,3216,卖盘
210,09:48:40,16.08,0.0,12,19296,卖盘
211,09:48:46,16.08,0.0,50,80400,卖盘
212,09:48:52,16.08,0.0,8,12864,卖盘
213,09:48:55,16.08,0.0,2,3216,卖盘
214,09:49:01,16.08,0.0,1,1608,卖盘
215,09:49:16,16.08,0.0,15,24120,卖盘
216,09:49:19,16.08,0.0,2,3216,卖盘
217,09:49:22,16.08,0.0,3,4824,卖盘
218,09:49:25,16.08,0.0,20,32160,卖盘
219,09:49:40,16.08,0.0,8,12864,卖盘
220,09:50:07,16.08,0.0,20,32160,卖盘
221,09:50:10,16.08,0.0,4,6432,卖盘
222,09:50:16,16.08,0.0,33,53064,卖盘
223,09:50:37,16.08,0.0,50,80400,卖盘
224,09:50:46,16.08,0.0,7,11256,卖盘
225,09:50:52,16.08,0.0,7,11256,卖盘
226,09:50:55,16.08,0.0,1,1608,卖盘
227,09:50:58,16.08,0.0,10,16080,卖盘
228,09:51:04,16.08,0.0,12,19296,卖盘
229,09:51:10,16.08,0.0,7,11256,卖盘
230,09:51:13,16.08,0.0,10,16080,卖盘
231,09:51:25,16.08,0.0,18,28944,卖盘
232,09:51:31,16.08,0.0,10,16080,卖盘
233,09:51:34,16.08,0.0,20,32160,卖盘
234,09:51:43,16.08,0.0,1,1608,卖盘
235,09:51:49,16.08,0.0,31,49848,卖盘
236,09:51:52,16.08,0.0,5,8040,卖盘
237,09:51:55,16.08,0.0,2,3216,卖盘
238,09:51:58,16.08,0.0,28,45024,卖盘
239,09:52:01,16.08,0.0,20,32160,卖盘
240,09:52:07,16.08,0.0,10,16080,卖盘
241,09:52:15,16.08,0.0,20,32160,卖盘
242,09:52:31,16.08,0.0,6,9648,卖盘
243,09:52:52,16.08,0.0,1,1608,卖盘
244,09:52:55,16.08,0.0,10,16080,卖盘
245,09:53:22,16.08,0.0,5,8040,卖盘
246,09:53:25,16.08,0.0,2,3216,卖盘
247,09:53:31,16.08,0.0,30,48240,卖盘
248,09:53:34,16.08,0.0,10,16080,卖盘
249,09:54:04,16.08,0.0,2,3216,卖盘
250,09:54:22,16.08,0.0,2,3216,卖盘
251,09:54:34,16.08,0.0,11,17688,卖盘
252,09:54:40,16.08,0.0,10,16080,卖盘
253,09:54:43,16.08,0.0,35,56280,卖盘
254,09:54:46,16.08,0.0,12,19296,卖盘
255,09:54:49,16.08,0.0,5,8040,卖盘
256,09:54:52,16.08,0.0,23,36984,卖盘
257,09:54:58,16.08,0.0,20,32160,卖盘
258,09:55:04,16.08,0.0,2,3216,卖盘
259,09:55:07,16.08,0.0,42,67536,卖盘
260,09:55:13,16.08,0.0,100,160800,卖盘
261,09:55:16,16.08,0.0,6,9648,卖盘
262,09:55:40,16.08,0.0,10,16080,卖盘
263,09:56:01,16.08,0.0,3,4824,卖盘
264,09:57:01,16.08,0.0,4,6432,卖盘
265,09:57:10,16.08,0.0,3,4824,卖盘
266,09:57:25,16.08,0.0,4,6432,卖盘
267,09:57:34,16.08,0.0,2,3216,卖盘
268,09:57:49,16.08,0.0,10,16080,卖盘
269,09:57:58,16.08,0.0,5,8040,卖盘
270,09:58:04,16.08,0.0,5,8040,卖盘
271,09:58:37,16.08,0.0,6,9648,卖盘
272,09:58:46,16.08,0.0,5,8040,卖盘
273,09:58:49,16.08,0.0,3,4824,卖盘
274,09:59:10,16.08,0.0,5,8040,卖盘
275,09:59:13,16.08,0.0,11,18010,卖盘
276,09:59:34,16.08,0.0,1,1608,卖盘
277,09:59:52,16.08,0.0,3,4824,卖盘
278,10:00:07,16.08,0.0,30,48240,卖盘
279,10:00:28,16.08,0.0,3,4824,卖盘
280,10:01:01,16.08,0.0,10,16080,卖盘
281,10:01:19,16.08,0.0,30,48240,卖盘
282,10:01:25,16.08,0.0,5,8040,卖盘
283,10:02:07,16.08,0.0,6,9648,卖盘
284,10:04:25,16.08,0.0,1,1608,卖盘
285,10:04:31,16.08,0.0,9,14472,卖盘
286,10:04:46,16.08,0.0,10,16080,卖盘
287,10:05:01,16.08,0.0,3,4824,卖盘
288,10:05:16,16.08,0.0,5,8040,卖盘
289,10:06:43,16.08,0.0,3,4824,卖盘
290,10:06:46,16.08,0.0,5,8040,卖盘
291,10:08:25,16.08,0.0,7,11256,卖盘
292,10:09:07,16.08,0.0,25,40200,卖盘
293,10:10:46,16.08,0.0,2,3216,卖盘
294,10:11:22,16.08,0.0,15,24120,卖盘
295,10:14:06,16.08,0.0,5,8040,卖盘
296,10:14:58,16.08,0.0,10,16080,卖盘
297,10:15:07,16.08,0.0,11,17688,卖盘
298,10:16:58,16.08,0.0,10,16080,卖盘
299,10:18:37,16.08,0.0,5,8040,卖盘
300,10:19:01,16.08,0.0,18,28944,卖盘
301,10:19:15,16.08,0.0,1,1608,卖盘
302,10:19:18,16.08,0.0,16,25728,卖盘
303,10:19:37,16.08,0.0,3,4824,卖盘
304,10:19:49,16.08,0.0,2,3216,卖盘
305,10:19:52,16.08,0.0,1,1608,卖盘
306,10:20:04,16.08,0.0,35,56280,卖盘
307,10:20:40,16.08,0.0,2,3216,卖盘
308,10:20:58,16.08,0.0,1,1608,卖盘
309,10:21:37,16.08,0.0,10,16080,卖盘
310,10:22:16,16.08,0.0,13,20904,卖盘
311,10:22:28,16.08,0.0,10,16080,卖盘
312,10:22:34,16.08,0.0,1,1608,卖盘
313,10:22:37,16.08,0.0,11,17688,卖盘
314,10:22:58,16.08,0.0,3,4824,卖盘
315,10:23:04,16.08,0.0,3,4824,卖盘
316,10:23:31,16.08,0.0,30,48240,卖盘
317,10:23:43,16.08,0.0,2,3216,卖盘
318,10:24:13,16.08,0.0,72,115776,卖盘
319,10:24:34,16.08,0.0,1,1608,卖盘
320,10:25:10,16.08,0.0,9,14472,卖盘
321,10:25:13,16.08,0.0,4,6432,卖盘
322,10:25:36,16.08,0.0,79,127032,卖盘
323,10:26:39,16.08,0.0,20,32160,卖盘
324,10:27:37,16.08,0.0,1,1608,卖盘
325,10:28:04,16.08,0.0,4,6432,卖盘
326,10:28:31,16.08,0.0,10,16080,卖盘
327,10:28:37,16.08,0.0,20,32160,卖盘
328,10:29:37,16.08,0.0,1,1608,卖盘
329,10:30:19,16.08,0.0,12,19296,卖盘
330,10:30:28,16.08,0.0,5,8040,卖盘
331,10:30:31,16.08,0.0,20,32160,卖盘
332,10:31:52,16.08,0.0,14,22512,卖盘
333,10:32:28,16.08,0.0,10,16080,卖盘
334,10:33:34,16.08,0.0,12,19296,卖盘
335,10:37:00,16.08,0.0,1,1608,卖盘
336,10:37:12,16.08,0.0,10,16080,卖盘
337,10:37:52,16.08,0.0,10,16080,卖盘
338,10:38:07,16.08,0.0,1,1608,卖盘
339,10:38:19,16.08,0.0,1,1608,卖盘
340,10:39:16,16.08,0.0,3,4824,卖盘
341,10:39:18,16.08,0.0,3,4824,卖盘
342,10:39:28,16.08,0.0,5,8040,卖盘
343,10:39:37,16.08,0.0,5,8040,卖盘
344,10:40:10,16.08,0.0,10,16080,卖盘
345,10:41:09,16.08,0.0,2,3216,卖盘
346,10:42:04,16.08,0.0,10,16080,卖盘
347,10:42:43,16.08,0.0,2,3216,卖盘
348,10:43:43,16.08,0.0,7,11256,卖盘
349,10:48:21,16.08,0.0,15,24120,卖盘
350,10:51:34,16.08,0.0,21,33768,卖盘
351,10:52:58,16.08,0.0,1,1608,卖盘
352,10:54:07,16.08,0.0,4,6432,卖盘
353,10:54:40,16.08,0.0,7,11256,卖盘
354,10:55:27,16.08,0.0,14,22512,卖盘
355,10:56:55,16.08,0.0,10,16080,卖盘
356,10:57:48,16.08,0.0,5,8040,卖盘
357,11:01:55,16.08,0.0,2,3216,卖盘
358,11:02:58,16.08,0.0,22,35376,卖盘
359,11:05:31,16.08,0.0,6,9648,卖盘
360,11:06:09,16.08,0.0,5,8040,卖盘
361,11:07:48,16.08,0.0,5,8040,卖盘
362,11:08:15,16.08,0.0,5,8040,卖盘
363,11:08:43,16.08,0.0,2,3216,卖盘
364,11:08:58,16.08,0.0,5,8040,卖盘
365,11:09:10,16.08,0.0,20,32160,卖盘
366,11:09:28,16.08,0.0,20,32160,卖盘
367,11:10:04,16.08,0.0,20,32160,卖盘
368,11:17:45,16.08,0.0,24,38592,卖盘
369,11:18:24,16.08,0.0,1,1608,卖盘
370,11:18:51,16.08,0.0,10,16080,卖盘
371,11:19:04,16.08,0.0,4,6432,卖盘
372,11:19:12,16.08,0.0,5,8040,卖盘
373,11:21:13,16.08,0.0,4,6432,卖盘
374,11:22:22,16.08,0.0,7,11256,卖盘
375,11:23:15,16.08,0.0,5,8040,卖盘
376,11:24:12,16.08,0.0,12,19296,卖盘
377,11:25:25,16.08,0.0,3,4824,卖盘
378,11:25:58,16.08,0.0,50,80400,卖盘
379,11:26:34,16.08,0.0,9,14472,卖盘
380,11:27:16,16.08,0.0,10,16080,卖盘
381,13:00:05,16.08,0.0,1,1608,卖盘
382,13:00:07,16.08,0.0,145,233160,卖盘
383,13:01:10,16.08,0.0,5,8040,卖盘
384,13:02:18,16.08,0.0,1,1608,卖盘
385,13:03:16,16.08,0.0,2,3216,卖盘
386,13:04:34,16.08,0.0,10,16080,卖盘
387,13:05:21,16.08,0.0,17,27336,卖盘
388,13:06:43,16.08,0.0,14,22512,卖盘
389,13:08:13,16.08,0.0,4,6432,卖盘
390,13:08:51,16.08,0.0,20,32160,卖盘
391,13:09:24,16.08,0.0,9,14472,卖盘
392,13:10:49,16.08,0.0,9,14472,卖盘
393,13:11:34,16.08,0.0,105,168840,卖盘
394,13:15:36,16.08,0.0,15,24120,卖盘
395,13:16:54,16.08,0.0,1,1608,卖盘
396,13:17:58,16.08,0.0,1,1608,卖盘
397,13:18:25,16.08,0.0,3,4824,卖盘
398,13:18:27,16.08,0.0,20,32160,卖盘
399,13:18:55,16.08,0.0,2,3216,卖盘
400,13:19:28,16.08,0.0,15,24120,卖盘
401,13:19:40,16.08,0.0,1,1608,卖盘
402,13:19:55,16.08,0.0,2,3216,卖盘
403,13:20:46,16.08,0.0,4,6432,卖盘
404,13:21:01,16.08,0.0,5,8040,卖盘
405,13:21:48,16.08,0.0,8,12864,卖盘
406,13:26:57,16.08,0.0,13,20904,卖盘
407,13:27:37,16.08,0.0,5,8040,卖盘
408,13:28:04,16.08,0.0,1,1608,卖盘
409,13:28:40,16.08,0.0,5,8040,卖盘
410,13:32:01,16.08,0.0,10,16080,卖盘
411,13:32:46,16.08,0.0,19,30552,卖盘
412,13:33:31,16.08,0.0,1,1608,卖盘
413,13:33:58,16.08,0.0,2,3216,卖盘
414,13:34:07,16.08,0.0,4,6432,卖盘
415,13:34:31,16.08,0.0,13,20904,卖盘
416,13:34:37,16.08,0.0,25,40200,卖盘
417,13:35:28,16.08,0.0,5,8040,卖盘
418,13:36:34,16.08,0.0,1,1608,卖盘
419,13:37:34,16.08,0.0,5,8040,卖盘
420,13:37:42,16.08,0.0,3,4824,卖盘
421,13:38:10,16.08,0.0,1,1608,卖盘
422,13:38:40,16.08,0.0,23,36984,卖盘
423,13:40:04,16.08,0.0,2,3216,卖盘
424,13:42:07,16.08,0.0,5,8040,卖盘
425,13:43:01,16.08,0.0,10,16080,卖盘
426,13:44:25,16.08,0.0,1,1608,卖盘
427,13:47:22,16.08,0.0,16,25728,卖盘
428,13:48:04,16.08,0.0,76,122208,卖盘
429,13:50:16,16.08,0.0,2,3216,卖盘
430,13:51:16,16.08,0.0,10,16080,卖盘
431,13:51:25,16.08,0.0,1,1608,卖盘
432,13:51:52,16.08,0.0,2,3216,卖盘
433,13:52:37,16.08,0.0,2,3216,卖盘
434,13:57:34,16.08,0.0,2,3216,卖盘
435,13:57:43,16.08,0.0,118,189744,卖盘
436,14:02:43,16.08,0.0,5,8040,卖盘
437,14:03:01,16.08,0.0,3,4824,卖盘
438,14:06:25,16.08,0.0,2,3216,卖盘
439,14:08:28,16.08,0.0,10,16080,卖盘
440,14:11:54,16.08,0.0,10,16080,卖盘
441,14:16:18,16.08,0.0,1,1608,卖盘
442,14:16:31,16.08,0.0,15,24120,卖盘
443,14:16:58,16.08,0.0,30,48240,卖盘
444,14:19:45,16.08,0.0,2,3216,卖盘
445,14:22:34,16.08,0.0,10,16080,卖盘
446,14:26:22,16.08,0.0,10,16080,卖盘
447,14:26:39,16.08,0.0,4,6432,卖盘
448,14:27:42,16.08,0.0,10,16080,卖盘
449,14:28:55,16.08,0.0,1,1608,卖盘
450,14:29:52,16.08,0.0,28,45024,卖盘
451,14:34:43,16.08,0.0,20,32160,卖盘
452,14:35:34,16.08,0.0,5,8040,卖盘
453,14:37:58,16.08,0.0,1,1608,卖盘
454,14:38:37,16.08,0.0,2,3216,卖盘
455,14:39:16,16.08,0.0,150,241200,卖盘
456,14:39:58,16.08,0.0,10,16080,卖盘
457,14:43:34,16.08,0.0,10,16080,卖盘
458,14:44:04,16.08,0.0,1,1608,卖盘
459,14:44:09,16.08,0.0,1,1608,卖盘
460,14:44:12,16.08,0.0,4,6432,卖盘
461,14:47:07,16.08,0.0,8,12864,卖盘
462,14:49:31,16.08,0.0,5,8040,卖盘
463,14:51:52,16.08,0.0,10,16080,卖盘
464,14:52:40,16.08,0.0,3,4824,卖盘
465,14:52:52,16.08,0.0,4,6432,卖盘
466,14:52:55,16.08,0.0,1,1608,卖盘
467,14:53:55,16.08,0.0,4,6432,卖盘
468,14:55:31,16.08,0.0,3,4824,卖盘
469,14:56:22,16.08,0.0,4,6432,卖盘
470,14:56:25,16.08,0.0,10,16080,卖盘
471,14:56:58,16.08,0.0,2,3216,卖盘
472,15:00:04,16.08,0.0,60,96480,卖盘
