,time,price,change,volume,amount,type
0,09:25:04,13.45,0.17,35,47075,卖盘
1,09:30:04,13.5,0.05,158,213068,买盘
2,09:30:06,13.5,0.0,28,37720,买盘
3,09:30:09,13.5,0.0,1,1350,买盘
4,09:30:13,13.5,0.0,11,14849,买盘
5,09:30:16,13.5,0.0,13,17550,买盘
6,09:30:19,13.5,0.0,2,2700,买盘
7,09:30:31,13.5,0.0,1,1350,买盘
8,09:30:33,13.48,-0.02,108,145586,卖盘
9,09:30:37,13.48,0.0,7,9436,买盘
10,09:30:40,13.49,0.01,20,26968,买盘
11,09:30:42,13.49,0.0,1,1349,买盘
12,09:30:46,13.49,0.0,1,1349,买盘
13,09:30:52,13.49,0.0,2,2698,买盘
14,09:30:55,13.49,0.0,1,1349,买盘
15,09:31:04,13.49,0.0,4,5396,买盘
16,09:31:18,13.49,0.0,20,26980,买盘
17,09:31:22,13.49,0.0,1,1349,买盘
18,09:31:40,13.46,-0.03,21,28286,卖盘
19,09:31:43,13.49,0.03,4,5396,买盘
20,09:31:46,13.49,0.0,1,1349,买盘
21,09:31:49,13.49,0.0,3,4047,买盘
22,09:31:58,13.48,-0.01,20,26960,中性盘
23,09:32:01,13.48,0.0,3,4044,买盘
24,09:32:10,13.48,0.0,16,21568,买盘
25,09:32:13,13.48,0.0,1,1348,买盘
26,09:32:16,13.46,-0.02,29,39034,卖盘
27,09:32:18,13.47,0.01,6,8082,买盘
28,09:32:28,13.45,-0.02,12,16151,卖盘
29,09:32:31,13.46,0.01,6,8074,买盘
30,09:32:34,13.46,0.0,2,2692,买盘
31,09:32:36,13.46,0.0,1,1346,买盘
32,09:32:39,13.46,0.0,1,1346,买盘
33,09:32:42,13.46,0.0,1,1346,买盘
34,09:32:46,13.45,-0.01,42,56490,卖盘
35,09:32:49,13.45,0.0,5,6724,买盘
36,09:32:52,13.44,-0.01,8,10754,卖盘
37,09:32:55,13.46,0.02,1,1346,买盘
38,09:32:57,13.47,0.01,18,24220,买盘
39,09:33:01,13.48,0.01,1,1348,买盘
40,09:33:06,13.44,-0.04,5,6720,卖盘
41,09:33:10,13.46,0.02,1,1346,中性盘
42,09:33:16,13.45,-0.01,12,16139,买盘
43,09:33:19,13.45,0.0,1,1345,买盘
44,09:33:22,13.45,0.0,1,1345,买盘
45,09:33:25,13.44,-0.01,1,1344,卖盘
46,09:33:28,13.44,0.0,7,9408,卖盘
47,09:33:31,13.43,-0.01,13,17461,卖盘
48,09:33:34,13.43,0.0,6,8060,卖盘
49,09:33:37,13.43,0.0,10,13435,卖盘
50,09:33:40,13.43,0.0,5,6715,卖盘
51,09:33:43,13.48,0.05,14,18807,买盘
52,09:33:46,13.43,-0.05,11,14773,卖盘
53,09:33:52,13.43,0.0,2,2686,买盘
54,09:33:55,13.43,0.0,1,1343,买盘
55,09:33:58,13.43,0.0,13,17459,买盘
56,09:34:01,13.47,0.04,1,1347,买盘
57,09:34:10,13.47,0.0,1,1347,买盘
58,09:34:18,13.42,-0.05,35,46994,卖盘
59,09:34:22,13.44,0.02,3,4032,中性盘
60,09:34:34,13.44,0.0,16,21504,买盘
61,09:34:36,13.45,0.01,1,1345,买盘
62,09:34:57,13.45,0.0,24,32280,买盘
63,09:35:01,13.45,0.0,2,2690,买盘
64,09:35:13,13.45,0.0,25,33625,买盘
65,09:35:16,13.47,0.02,1,1347,买盘
66,09:35:25,13.47,0.0,8,10776,买盘
67,09:35:28,13.46,-0.01,2,2693,卖盘
68,09:35:31,13.45,-0.01,5,6725,卖盘
69,09:35:40,13.46,0.01,2,2692,买盘
70,09:35:43,13.47,0.01,7,9423,买盘
71,09:35:46,13.47,0.0,9,12123,买盘
72,09:35:49,13.47,0.0,1,1347,买盘
73,09:36:01,13.46,-0.01,1,1346,卖盘
74,09:36:06,13.47,0.01,1,1347,买盘
75,09:36:24,13.44,-0.03,48,64512,卖盘
76,09:36:27,13.45,0.01,40,53798,买盘
77,09:36:31,13.45,0.0,5,6725,买盘
78,09:36:51,13.45,0.0,1,1345,买盘
79,09:37:10,13.45,0.0,10,13450,买盘
80,09:37:12,13.45,0.0,1,1345,买盘
81,09:37:33,13.45,0.0,9,12105,买盘
82,09:37:37,13.45,0.0,1,1345,买盘
83,09:37:43,13.45,0.0,13,17485,买盘
84,09:37:46,13.45,0.0,1,1345,买盘
85,09:37:55,13.45,0.0,1,1345,买盘
86,09:37:58,13.44,-0.01,14,18816,卖盘
87,09:38:28,13.44,0.0,1,1344,买盘
88,09:38:34,13.44,0.0,17,22842,买盘
89,09:38:37,13.44,0.0,27,36288,买盘
90,09:38:40,13.45,0.01,2,2690,买盘
91,09:38:43,13.45,0.0,13,17485,买盘
92,09:38:45,13.45,0.0,1,1345,买盘
93,09:38:48,13.45,0.0,9,12105,买盘
94,09:39:07,13.45,0.0,42,56511,卖盘
95,09:39:09,13.46,0.01,22,30349,买盘
96,09:39:13,13.46,0.0,23,30958,买盘
97,09:39:16,13.47,0.01,7,9429,买盘
98,09:39:19,13.47,0.0,1,1347,买盘
99,09:39:25,13.47,0.0,1,1347,买盘
100,09:39:28,13.47,0.0,1,1347,买盘
101,09:39:40,13.47,0.0,19,25768,买盘
102,09:39:43,13.48,0.01,1,1348,买盘
103,09:39:46,13.48,0.0,1,1348,买盘
104,09:39:52,13.49,0.01,261,351954,买盘
105,09:39:55,13.45,-0.04,93,124368,卖盘
106,09:39:58,13.45,0.0,124,167708,买盘
107,09:40:01,13.48,0.03,3,4044,买盘
108,09:40:04,13.5,0.02,11,14850,买盘
109,09:40:13,13.49,-0.01,2,2698,卖盘
110,09:40:16,13.47,-0.02,1,1347,买盘
111,09:40:19,13.5,0.03,22,29667,买盘
112,09:40:21,13.5,0.0,11,14850,买盘
113,09:40:25,13.5,0.0,1,1350,买盘
114,09:40:43,13.49,-0.01,13,17537,买盘
115,09:40:45,13.47,-0.02,2,2695,卖盘
116,09:40:49,13.49,0.02,1,1349,买盘
117,09:40:52,13.49,0.0,45,60705,买盘
118,09:40:55,13.5,0.01,3,4050,买盘
119,09:41:13,13.49,-0.01,10,13490,卖盘
120,09:41:16,13.49,0.0,44,59356,卖盘
121,09:41:19,13.49,0.0,3,4047,买盘
122,09:41:43,13.47,-0.02,13,17511,买盘
123,09:41:46,13.47,0.0,1,1347,买盘
124,09:41:52,13.45,-0.02,6,8071,卖盘
125,09:41:57,13.47,0.02,1,1347,买盘
126,09:42:10,13.45,-0.02,1,1345,卖盘
127,09:42:13,13.47,0.02,1,1347,买盘
128,09:42:25,13.45,-0.02,5,6725,卖盘
129,09:42:30,13.45,0.0,1,1345,买盘
130,09:42:39,13.45,0.0,3,4035,买盘
131,09:42:43,13.45,0.0,13,17485,买盘
132,09:42:46,13.45,0.0,1,1345,买盘
133,09:43:01,13.44,-0.01,21,28224,卖盘
134,09:43:04,13.44,0.0,2,2688,买盘
135,09:43:09,13.45,0.01,28,37660,买盘
136,09:43:13,13.47,0.02,2,2694,买盘
137,09:43:15,13.46,-0.01,1,1346,卖盘
138,09:43:31,13.45,-0.01,7,9415,卖盘
139,09:43:34,13.45,0.0,50,67250,卖盘
140,09:43:36,13.45,0.0,32,43050,卖盘
141,09:43:40,13.45,0.0,3,4035,买盘
142,09:43:43,13.45,0.0,13,17485,买盘
143,09:43:46,13.45,0.0,2,2690,买盘
144,09:43:51,13.43,-0.02,28,37604,卖盘
145,09:43:55,13.44,0.01,2,2688,买盘
146,09:44:16,13.44,0.0,4,5376,买盘
147,09:44:19,13.43,-0.01,15,20150,卖盘
148,09:44:22,13.44,0.01,4,5376,买盘
149,09:44:24,13.44,0.0,1,1344,买盘
150,09:44:31,13.44,0.0,47,63168,买盘
151,09:44:34,13.45,0.01,4,5380,买盘
152,09:44:43,13.45,0.0,9,12105,买盘
153,09:45:01,13.47,0.02,2,2694,买盘
154,09:45:13,13.47,0.0,4,5388,买盘
155,09:45:16,13.47,0.0,4,5388,买盘
156,09:45:25,13.45,-0.02,19,25555,卖盘
157,09:45:28,13.45,0.0,1,1345,买盘
158,09:45:43,13.45,0.0,13,17485,买盘
159,09:45:46,13.45,0.0,17,22865,买盘
160,09:45:49,13.47,0.02,2,2694,买盘
161,09:45:52,13.47,0.0,1,1347,买盘
162,09:46:21,13.47,0.0,13,17511,买盘
163,09:46:24,13.48,0.01,1,1348,买盘
164,09:46:42,13.48,0.0,9,12132,买盘
165,09:46:46,13.48,0.0,2,2696,买盘
166,09:47:01,13.47,-0.01,32,43106,卖盘
167,09:47:04,13.47,0.0,3,4041,买盘
168,09:47:22,13.45,-0.02,41,55150,卖盘
169,09:47:24,13.45,0.0,3,4035,买盘
170,09:47:34,13.45,0.0,3,4035,买盘
171,09:47:42,13.45,0.0,20,26900,买盘
172,09:47:46,13.45,0.0,2,2690,买盘
173,09:47:48,13.45,0.0,3,4035,买盘
174,09:47:57,13.45,0.0,3,4035,买盘
175,09:48:25,13.45,0.0,4,5380,买盘
176,09:48:48,13.44,-0.01,6,8069,卖盘
177,09:48:51,13.45,0.01,1,1345,买盘
178,09:49:01,13.45,0.0,35,47075,买盘
179,09:49:04,13.45,0.0,2,2690,买盘
180,09:49:18,13.44,-0.01,10,13440,卖盘
181,09:49:22,13.45,0.01,11,14795,买盘
182,09:49:24,13.45,0.0,21,28245,买盘
183,09:49:27,13.45,0.0,1,1345,买盘
184,09:49:39,13.45,0.0,11,14795,买盘
185,09:49:42,13.45,0.0,1,1345,买盘
186,09:49:45,13.45,0.0,8,10753,买盘
187,09:49:49,13.44,-0.01,40,53760,卖盘
188,09:49:52,13.44,0.0,8,10752,买盘
189,09:50:24,13.44,0.0,2,2688,买盘
190,09:50:28,13.45,0.01,4,5380,买盘
191,09:51:00,13.45,0.0,2,2690,买盘
192,09:51:10,13.45,0.0,1,1345,买盘
193,09:51:22,13.45,0.0,1,1345,买盘
194,09:51:31,13.43,-0.02,26,34918,卖盘
195,09:51:34,13.43,0.0,11,14773,卖盘
196,09:51:36,13.43,0.0,1,1343,买盘
197,09:51:43,13.43,0.0,22,29546,买盘
198,09:51:46,13.43,0.0,31,41633,买盘
199,09:51:49,13.45,0.02,3,4035,买盘
200,09:51:52,13.45,0.0,4,5378,买盘
201,09:51:54,13.45,0.0,2,2690,买盘
202,09:52:04,13.45,0.0,39,52455,买盘
203,09:52:13,13.47,0.02,1,1347,买盘
204,09:52:22,13.47,0.0,40,53880,买盘
205,09:52:28,13.45,-0.02,78,105000,卖盘
206,09:52:30,13.45,0.0,12,16140,买盘
207,09:52:37,13.45,0.0,1,1345,买盘
208,09:52:40,13.45,0.0,11,14795,买盘
209,09:52:49,13.45,0.0,50,67250,卖盘
210,09:52:51,13.47,0.02,20,26940,买盘
211,09:53:18,13.43,-0.04,15,20160,卖盘
212,09:53:21,13.45,0.02,1,1345,买盘
213,09:53:31,13.45,0.0,20,26900,买盘
214,09:53:34,13.45,0.0,22,29590,买盘
215,09:53:48,13.45,0.0,20,26900,卖盘
216,09:54:01,13.45,0.0,16,21520,卖盘
217,09:54:04,13.47,0.02,2,2694,买盘
218,09:54:07,13.47,0.0,3,4041,买盘
219,09:54:52,13.47,0.0,4,5388,买盘
220,09:55:01,13.47,0.0,2,2694,买盘
221,09:55:06,13.47,0.0,1,1347,买盘
222,09:55:18,13.45,-0.02,2,2692,卖盘
223,09:55:31,13.47,0.02,1,1347,买盘
224,09:55:48,13.45,-0.02,17,22875,卖盘
225,09:55:57,13.47,0.02,14,18858,买盘
226,09:56:01,13.47,0.0,4,5388,买盘
227,09:56:16,13.47,0.0,2,2694,买盘
228,09:56:18,13.47,0.0,3,4041,买盘
229,09:56:24,13.47,0.0,1,1347,买盘
230,09:56:36,13.46,-0.01,8,10768,卖盘
231,09:57:00,13.46,0.0,2,2692,买盘
232,09:57:04,13.46,0.0,20,26920,买盘
233,09:57:31,13.47,0.01,1,1347,买盘
234,09:57:42,13.47,0.0,14,18851,买盘
235,09:57:46,13.47,0.0,6,8082,买盘
236,09:57:49,13.47,0.0,16,21552,买盘
237,09:57:52,13.47,0.0,29,39063,买盘
238,09:57:55,13.48,0.01,2,2696,买盘
239,09:57:58,13.48,0.0,19,25612,买盘
240,09:58:01,13.48,0.0,19,25607,买盘
241,09:58:16,13.48,0.0,11,14828,买盘
242,09:58:30,13.48,0.0,2,2696,买盘
243,09:58:34,13.48,0.0,33,44484,买盘
244,09:58:46,13.49,0.01,12,16188,买盘
245,09:58:48,13.5,0.01,51,68800,买盘
246,09:59:01,13.5,0.0,2,2700,买盘
247,09:59:04,13.5,0.0,1,1350,买盘
248,09:59:18,13.5,0.0,1,1350,买盘
249,09:59:34,13.5,0.0,91,122850,买盘
250,09:59:43,13.49,-0.01,22,29688,卖盘
251,09:59:48,13.49,0.0,1,1349,买盘
252,09:59:51,13.49,0.0,1,1349,买盘
253,10:00:01,13.48,-0.01,10,13480,卖盘
254,10:00:13,13.49,0.01,8,10792,买盘
255,10:00:16,13.49,0.0,15,20235,买盘
256,10:00:19,13.49,0.0,3,4047,买盘
257,10:00:22,13.5,0.01,9,12150,买盘
258,10:01:01,13.49,-0.01,2,2698,买盘
259,10:01:07,13.49,0.0,9,12141,买盘
260,10:01:27,13.49,0.0,4,5396,买盘
261,10:01:33,13.48,-0.01,1,1348,卖盘
262,10:02:00,13.49,0.01,2,2698,买盘
263,10:02:10,13.49,0.0,13,17537,买盘
264,10:02:24,13.5,0.01,5,6750,买盘
265,10:02:42,13.49,-0.01,3,4047,卖盘
266,10:03:00,13.5,0.01,3,4050,买盘
267,10:03:33,13.49,-0.01,1,1349,卖盘
268,10:03:43,13.5,0.01,1,1350,买盘
269,10:03:45,13.5,0.0,5,6750,买盘
270,10:03:49,13.49,-0.01,26,35074,卖盘
271,10:04:12,13.49,0.0,7,9443,买盘
272,10:04:16,13.48,-0.01,374,504152,卖盘
273,10:04:19,13.48,0.0,10,13480,买盘
274,10:04:31,13.48,0.0,1,1348,卖盘
275,10:04:43,13.47,-0.01,16,21552,卖盘
276,10:04:52,13.48,0.01,25,33676,买盘
277,10:05:04,13.48,0.0,1,1348,买盘
278,10:05:31,13.46,-0.02,8,10768,卖盘
279,10:05:33,13.45,-0.01,2,2693,卖盘
280,10:05:39,13.49,0.04,6,8094,买盘
281,10:05:43,13.49,0.0,1,1349,买盘
282,10:05:49,13.49,0.0,14,18886,买盘
283,10:06:09,13.5,0.01,36,48600,买盘
284,10:06:22,13.5,0.0,9,12142,买盘
285,10:06:28,13.48,-0.02,1,1348,买盘
286,10:06:37,13.48,0.0,6,8088,买盘
287,10:06:46,13.49,0.01,2,2698,买盘
288,10:06:52,13.5,0.01,2,2700,买盘
289,10:07:04,13.5,0.0,1,1350,买盘
290,10:07:12,13.5,0.0,47,63450,买盘
291,10:07:21,13.51,0.01,3,4053,买盘
292,10:07:27,13.5,-0.01,1,1350,卖盘
293,10:07:34,13.51,0.01,7,9457,买盘
294,10:07:40,13.51,0.0,221,298571,买盘
295,10:07:43,13.51,0.0,2,2702,买盘
296,10:07:45,13.51,0.0,198,266687,买盘
297,10:07:52,13.52,0.01,4,5408,买盘
298,10:08:00,13.52,0.0,1,1352,买盘
299,10:08:06,13.52,0.0,7,9464,买盘
300,10:08:10,13.52,0.0,4,5408,买盘
301,10:08:22,13.55,0.03,1,1355,买盘
302,10:08:33,13.55,0.0,5,6775,买盘
303,10:08:37,13.55,0.0,6,8130,买盘
304,10:08:46,13.55,0.0,10,13550,买盘
305,10:08:52,13.55,0.0,10,13550,买盘
306,10:09:01,13.55,0.0,1,1355,买盘
307,10:09:04,13.55,0.0,1,1355,买盘
308,10:09:06,13.55,0.0,3,4062,买盘
309,10:09:13,13.55,0.0,4,5420,买盘
310,10:09:25,13.53,-0.02,6,8128,卖盘
311,10:09:28,13.56,0.03,18,24398,买盘
312,10:09:37,13.55,-0.01,1,1355,买盘
313,10:09:42,13.55,0.0,1,1355,买盘
314,10:09:45,13.53,-0.02,7,9471,卖盘
315,10:09:52,13.55,0.02,5,6771,买盘
316,10:10:04,13.56,0.01,5,6780,买盘
317,10:10:25,13.56,0.0,1,1356,买盘
318,10:10:36,13.56,0.0,1,1356,买盘
319,10:10:55,13.56,0.0,1,1356,买盘
320,10:11:01,13.55,-0.01,1,1355,买盘
321,10:11:04,13.55,0.0,1,1355,买盘
322,10:11:24,13.55,0.0,10,13550,买盘
323,10:11:28,13.53,-0.02,10,13532,卖盘
324,10:11:36,13.53,0.0,1,1353,买盘
325,10:11:43,13.53,0.0,6,8118,买盘
326,10:11:46,13.53,0.0,7,9471,买盘
327,10:11:48,13.53,0.0,3,4058,买盘
328,10:11:54,13.54,0.01,1,1354,买盘
329,10:12:04,13.54,0.0,1,1354,买盘
330,10:12:10,13.54,0.0,2,2708,买盘
331,10:12:13,13.54,0.0,3,4062,买盘
332,10:12:16,13.54,0.0,1,1354,买盘
333,10:12:24,13.54,0.0,2,2708,卖盘
334,10:12:34,13.54,0.0,4,5416,卖盘
335,10:12:37,13.54,0.0,3,4062,买盘
336,10:13:00,13.54,0.0,1,1354,买盘
337,10:13:04,13.54,0.0,9,12186,买盘
338,10:13:06,13.54,0.0,2,2708,买盘
339,10:13:10,13.54,0.0,1,1354,买盘
340,10:13:12,13.53,-0.01,7,9471,卖盘
341,10:13:42,13.53,0.0,1,1353,卖盘
342,10:14:04,13.53,0.0,6,8119,卖盘
343,10:14:18,13.53,0.0,2,2706,中性盘
344,10:14:31,13.52,-0.01,5,6760,卖盘
345,10:14:34,13.53,0.01,7,9471,买盘
346,10:14:37,13.53,0.0,1,1353,买盘
347,10:14:52,13.54,0.01,12,16248,买盘
348,10:15:01,13.54,0.0,6,8124,买盘
349,10:15:04,13.55,0.01,112,151656,买盘
350,10:15:06,13.55,0.0,6,8130,买盘
351,10:15:09,13.56,0.01,5,6780,买盘
352,10:15:13,13.56,0.0,8,10848,买盘
353,10:15:31,13.56,0.0,1,1356,买盘
354,10:15:37,13.56,0.0,1,1356,买盘
355,10:15:43,13.56,0.0,1,1356,买盘
356,10:15:49,13.56,0.0,10,13560,买盘
357,10:15:57,13.56,0.0,30,40680,买盘
358,10:16:01,13.56,0.0,6,8136,买盘
359,10:16:04,13.55,-0.01,8,10840,卖盘
360,10:16:07,13.55,0.0,2,2710,买盘
361,10:16:09,13.56,0.01,5,6778,买盘
362,10:16:16,13.55,-0.01,6,8130,买盘
363,10:16:22,13.56,0.01,4,5424,买盘
364,10:16:37,13.56,0.0,1,1356,买盘
365,10:16:40,13.56,0.0,3,4068,买盘
366,10:16:43,13.56,0.0,2,2712,买盘
367,10:16:46,13.55,-0.01,1,1355,卖盘
368,10:16:54,13.56,0.01,1,1356,买盘
369,10:17:01,13.56,0.0,2,2712,买盘
370,10:17:04,13.56,0.0,8,10848,买盘
371,10:17:19,13.57,0.01,13,17641,买盘
372,10:17:25,13.57,0.0,1,1357,买盘
373,10:17:36,13.57,0.0,1,1357,买盘
374,10:17:52,13.56,-0.01,10,13560,卖盘
375,10:17:55,13.57,0.01,12,16284,买盘
376,10:18:01,13.56,-0.01,3,4068,卖盘
377,10:18:07,13.56,0.0,4,5424,买盘
378,10:19:00,13.57,0.01,1,1357,买盘
379,10:19:15,13.56,-0.01,10,13560,卖盘
380,10:19:42,13.56,0.0,5,6780,卖盘
381,10:20:33,13.56,0.0,3,4068,买盘
382,10:20:39,13.55,-0.01,1,1355,卖盘
383,10:20:54,13.55,0.0,30,40650,卖盘
384,10:21:04,13.56,0.01,1,1356,买盘
385,10:21:06,13.56,0.0,1,1356,买盘
386,10:21:24,13.56,0.0,2,2712,卖盘
387,10:21:30,13.56,0.0,11,14902,买盘
388,10:21:54,13.54,-0.02,2,2708,卖盘
389,10:22:18,13.55,0.01,1,1355,买盘
390,10:22:39,13.54,-0.01,7,9478,卖盘
391,10:22:45,13.56,0.02,1,1356,买盘
392,10:23:12,13.56,0.0,40,54240,买盘
393,10:23:24,13.56,0.0,5,6780,买盘
394,10:23:30,13.55,-0.01,1,1355,卖盘
395,10:23:54,13.55,0.0,9,12195,卖盘
396,10:24:00,13.55,0.0,1,1355,买盘
397,10:24:07,13.55,0.0,7,9485,买盘
398,10:24:09,13.55,0.0,7,9485,买盘
399,10:24:18,13.55,0.0,16,21680,买盘
400,10:24:21,13.54,-0.01,1,1354,卖盘
401,10:24:24,13.55,0.01,3,4065,买盘
402,10:24:30,13.55,0.0,7,9485,买盘
403,10:24:39,13.55,0.0,5,6775,卖盘
404,10:24:54,13.56,0.01,7,9482,买盘
405,10:25:00,13.56,0.0,9,12204,买盘
406,10:25:45,13.54,-0.02,5,6770,卖盘
407,10:25:48,13.56,0.02,6,8132,买盘
408,10:27:00,13.56,0.0,1,1356,买盘
409,10:27:12,13.56,0.0,2,2712,买盘
410,10:27:30,13.53,-0.03,6,8118,卖盘
411,10:27:57,13.53,0.0,6,8118,卖盘
412,10:28:00,13.56,0.03,1,1356,买盘
413,10:28:06,13.53,-0.03,18,24363,卖盘
414,10:28:09,13.53,0.0,1,1353,卖盘
415,10:28:30,13.53,0.0,30,40590,卖盘
416,10:28:57,13.55,0.02,1,1355,卖盘
417,10:29:00,13.56,0.01,1,1356,买盘
418,10:29:19,13.53,-0.03,7,9475,卖盘
419,10:29:37,13.54,0.01,1,1354,卖盘
420,10:29:57,13.54,0.0,6,8124,卖盘
421,10:30:06,13.57,0.03,52,70522,买盘
422,10:30:51,13.56,-0.01,5,6780,卖盘
423,10:30:55,13.57,0.01,6,8142,买盘
424,10:31:27,13.58,0.01,1,1358,买盘
425,10:31:58,13.58,0.0,10,13580,买盘
426,10:32:27,13.57,-0.01,4,5428,卖盘
427,10:32:30,13.57,0.0,42,56994,卖盘
428,10:32:33,13.57,0.0,1,1357,买盘
429,10:33:04,13.56,-0.01,1,1356,卖盘
430,10:34:10,13.56,0.0,6,8138,卖盘
431,10:34:12,13.56,0.0,18,24408,买盘
432,10:34:15,13.57,0.01,1,1357,买盘
433,10:34:24,13.54,-0.03,6,8124,卖盘
434,10:34:45,13.54,0.0,4,5416,卖盘
435,10:34:48,13.54,0.0,1,1354,买盘
436,10:34:51,13.54,0.0,6,8124,买盘
437,10:34:57,13.54,0.0,11,14894,卖盘
438,10:35:06,13.57,0.03,1,1357,买盘
439,10:35:21,13.57,0.0,1,1357,买盘
440,10:35:24,13.57,0.0,2,2714,买盘
441,10:35:30,13.57,0.0,5,6785,买盘
442,10:35:33,13.57,0.0,4,5428,买盘
443,10:35:39,13.57,0.0,12,16284,买盘
444,10:35:43,13.57,0.0,1,1357,买盘
445,10:35:45,13.57,0.0,7,9499,买盘
446,10:35:51,13.58,0.01,1,1358,买盘
447,10:35:57,13.58,0.0,1,1358,买盘
448,10:36:06,13.57,-0.01,5,6785,卖盘
449,10:36:28,13.58,0.01,1,1358,买盘
450,10:36:39,13.58,0.0,5,6790,买盘
451,10:36:49,13.58,0.0,1,1358,买盘
452,10:36:54,13.57,-0.01,4,5428,卖盘
453,10:37:00,13.58,0.01,1,1358,买盘
454,10:38:16,13.58,0.0,3,4074,买盘
455,10:38:36,13.57,-0.01,18,24426,卖盘
456,10:38:55,13.57,0.0,1,1357,买盘
457,10:38:58,13.57,0.0,1,1357,买盘
458,10:39:15,13.57,0.0,1,1357,买盘
459,10:39:19,13.56,-0.01,8,10848,卖盘
460,10:39:21,13.56,0.0,7,9492,卖盘
461,10:39:24,13.56,0.0,3,4068,卖盘
462,10:39:31,13.57,0.01,1,1357,买盘
463,10:39:36,13.56,-0.01,23,31188,卖盘
464,10:39:39,13.57,0.01,1,1357,买盘
465,10:39:54,13.57,0.0,3,4071,买盘
466,10:39:57,13.57,0.0,2,2714,买盘
467,10:40:00,13.57,0.0,2,2714,买盘
468,10:40:13,13.57,0.0,4,5427,买盘
469,10:40:24,13.56,-0.01,10,13560,卖盘
470,10:40:34,13.56,0.0,1,1356,卖盘
471,10:40:39,13.56,0.0,1,1356,卖盘
472,10:40:45,13.56,0.0,3,4068,中性盘
473,10:41:06,13.56,0.0,2,2712,买盘
474,10:41:09,13.56,0.0,1,1356,卖盘
475,10:42:54,13.56,0.0,5,6780,卖盘
476,10:42:57,13.56,0.0,3,4068,卖盘
477,10:43:21,13.57,0.01,1,1357,买盘
478,10:43:39,13.57,0.0,5,6785,买盘
479,10:43:48,13.57,0.0,1,1357,买盘
480,10:43:57,13.57,0.0,5,6785,买盘
481,10:44:00,13.56,-0.01,1,1356,卖盘
482,10:44:06,13.56,0.0,5,6780,卖盘
483,10:44:15,13.56,0.0,9,12204,卖盘
484,10:44:18,13.56,0.0,3,4068,卖盘
485,10:44:21,13.57,0.01,6,8142,买盘
486,10:44:24,13.55,-0.02,5,6775,卖盘
487,10:44:39,13.57,0.02,1,1357,买盘
488,10:45:00,13.56,-0.01,14,18984,卖盘
489,10:45:04,13.56,0.0,2,2712,买盘
490,10:45:09,13.56,0.0,3,4068,买盘
491,10:45:24,13.55,-0.01,1,1355,卖盘
492,10:45:27,13.56,0.01,1,1356,买盘
493,10:45:30,13.56,0.0,9,12204,卖盘
494,10:45:39,13.56,0.0,1,1356,买盘
495,10:46:40,13.56,0.0,1,1356,卖盘
496,10:46:46,13.56,0.0,15,20340,卖盘
497,10:47:45,13.55,-0.01,20,27100,卖盘
498,10:48:48,13.55,0.0,17,23035,卖盘
499,10:49:03,13.55,0.0,15,20325,买盘
500,10:49:55,13.55,0.0,6,8130,卖盘
501,10:49:58,13.56,0.01,1,1356,买盘
502,10:50:01,13.56,0.0,1,1356,买盘
503,10:50:04,13.56,0.0,1,1356,买盘
504,10:50:06,13.55,-0.01,3,4066,卖盘
505,10:50:09,13.56,0.01,2,2712,买盘
506,10:50:12,13.56,0.0,2,2712,买盘
507,10:50:48,13.56,0.0,16,21696,买盘
508,10:50:54,13.56,0.0,9,12204,买盘
509,10:51:30,13.56,0.0,29,39323,买盘
510,10:52:39,13.56,0.0,3,4070,卖盘
511,10:52:48,13.56,0.0,9,12204,买盘
512,10:52:57,13.56,0.0,1,1356,买盘
513,10:53:21,13.55,-0.01,14,18970,卖盘
514,10:53:24,13.55,0.0,4,5420,买盘
515,10:54:04,13.56,0.01,8,10846,买盘
516,10:54:48,13.56,0.0,2,2712,买盘
517,10:55:12,13.56,0.0,4,5424,买盘
518,10:55:15,13.56,0.0,10,13560,买盘
519,10:55:30,13.56,0.0,6,8136,卖盘
520,10:55:33,13.57,0.01,1,1357,买盘
521,10:55:45,13.57,0.0,8,10856,买盘
522,10:55:48,13.57,0.0,1,1357,买盘
523,10:56:33,13.57,0.0,5,6785,买盘
524,10:56:48,13.57,0.0,7,9499,买盘
525,10:58:30,13.56,-0.01,14,18984,卖盘
526,10:58:36,13.57,0.01,16,21699,买盘
527,10:58:45,13.57,0.0,10,13570,买盘
528,10:59:54,13.57,0.0,1,1357,买盘
529,10:59:57,13.57,0.0,1,1357,买盘
530,11:00:00,13.57,0.0,1,1357,买盘
531,11:00:04,13.57,0.0,1,1357,买盘
532,11:00:06,13.57,0.0,1,1357,买盘
533,11:00:10,13.57,0.0,1,1357,买盘
534,11:00:13,13.57,0.0,1,1357,买盘
535,11:00:27,13.57,0.0,48,65136,买盘
536,11:00:36,13.57,0.0,11,14927,卖盘
537,11:00:54,13.57,0.0,13,17641,卖盘
538,11:01:12,13.57,0.0,12,16284,卖盘
539,11:01:18,13.57,0.0,22,29854,卖盘
540,11:01:30,13.56,-0.01,11,14916,卖盘
541,11:01:48,13.56,0.0,13,17628,卖盘
542,11:02:07,13.56,0.0,12,16272,卖盘
543,11:02:24,13.56,0.0,15,20340,卖盘
544,11:03:54,13.56,0.0,10,13560,买盘
545,11:04:09,13.56,0.0,35,47460,买盘
546,11:04:13,13.57,0.01,1,1357,买盘
547,11:05:03,13.57,0.0,43,58351,买盘
548,11:05:06,13.57,0.0,11,14927,卖盘
549,11:05:22,13.57,0.0,11,14927,卖盘
550,11:05:36,13.58,0.01,12,16296,买盘
551,11:05:39,13.58,0.0,20,27160,买盘
552,11:05:42,13.58,0.0,8,10864,买盘
553,11:05:51,13.57,-0.01,40,54280,卖盘
554,11:06:00,13.57,0.0,6,8142,卖盘
555,11:06:57,13.57,0.0,4,5428,买盘
556,11:07:00,13.57,0.0,2,2714,卖盘
557,11:07:09,13.56,-0.01,8,10852,卖盘
558,11:07:39,13.56,0.0,4,5424,卖盘
559,11:08:12,13.57,0.01,7,9499,卖盘
560,11:09:01,13.58,0.01,1,1358,买盘
561,11:10:09,13.58,0.0,1,1358,买盘
562,11:10:12,13.58,0.0,1,1358,买盘
563,11:10:36,13.58,0.0,5,6790,买盘
564,11:11:36,13.58,0.0,50,67900,买盘
565,11:11:42,13.58,0.0,3,4074,买盘
566,11:12:30,13.57,-0.01,7,9499,卖盘
567,11:13:00,13.56,-0.01,10,13566,卖盘
568,11:13:51,13.58,0.02,1,1358,买盘
569,11:14:21,13.58,0.0,3,4074,买盘
570,11:15:19,13.57,-0.01,4,5428,卖盘
571,11:15:22,13.58,0.01,18,24444,买盘
572,11:16:39,13.58,0.0,1,1358,买盘
573,11:16:57,13.58,0.0,2,2716,买盘
574,11:18:18,13.58,0.0,8,10864,买盘
575,11:18:30,13.57,-0.01,8,10856,卖盘
576,11:18:57,13.58,0.01,34,46172,买盘
577,11:19:27,13.58,0.0,1,1358,卖盘
578,11:19:36,13.59,0.01,1,1359,买盘
579,11:19:45,13.59,0.0,2,2718,买盘
580,11:19:48,13.58,-0.01,11,14940,卖盘
581,11:19:51,13.58,0.0,2,2716,买盘
582,11:19:54,13.58,0.0,2,2716,买盘
583,11:19:57,13.58,0.0,2,2716,买盘
584,11:20:00,13.58,0.0,2,2716,买盘
585,11:20:04,13.58,0.0,26,35308,买盘
586,11:20:06,13.58,0.0,3,4074,买盘
587,11:20:09,13.58,0.0,4,5432,买盘
588,11:20:24,13.57,-0.01,1,1357,卖盘
589,11:20:33,13.59,0.02,10,13590,买盘
590,11:21:42,13.57,-0.02,2,2714,卖盘
591,11:22:04,13.59,0.02,10,13590,买盘
592,11:23:15,13.58,-0.01,10,13580,卖盘
593,11:23:24,13.58,0.0,8,10864,买盘
594,11:23:43,13.58,0.0,2,2716,买盘
595,11:23:51,13.58,0.0,4,5432,卖盘
596,11:24:00,13.59,0.01,1,1359,买盘
597,11:25:21,13.58,-0.01,7,9506,卖盘
598,11:25:24,13.59,0.01,11,14949,买盘
599,11:25:57,13.6,0.01,199,270564,买盘
600,11:26:00,13.6,0.0,2,2720,买盘
601,11:26:03,13.6,0.0,1,1360,买盘
602,11:26:36,13.62,0.02,100,136181,买盘
603,11:26:40,13.62,0.0,8,10896,买盘
604,11:27:15,13.63,0.01,24,32712,买盘
605,11:27:33,13.62,-0.01,4,5448,买盘
606,11:27:49,13.63,0.01,92,125396,买盘
607,11:28:18,13.63,0.0,10,13630,卖盘
608,11:28:24,13.64,0.01,11,15004,买盘
609,11:28:30,13.63,-0.01,31,42253,卖盘
610,11:28:42,13.63,0.0,11,14993,买盘
611,11:28:51,13.63,0.0,1,1363,买盘
612,11:28:57,13.63,0.0,25,34075,买盘
613,11:29:12,13.63,0.0,17,23171,卖盘
614,11:29:19,13.64,0.01,2,2728,买盘
615,11:29:27,13.64,0.0,15,20460,买盘
616,11:29:39,13.65,0.01,100,136467,买盘
617,11:30:01,13.63,-0.02,5,6817,卖盘
618,13:00:04,13.66,0.03,63,86016,买盘
619,13:01:00,13.66,0.0,2,2732,买盘
620,13:01:09,13.65,-0.01,2,2730,卖盘
621,13:01:13,13.65,0.0,2,2730,买盘
622,13:01:24,13.65,0.0,1,1365,买盘
623,13:01:33,13.65,0.0,19,25935,卖盘
624,13:01:36,13.63,-0.02,16,21818,卖盘
625,13:03:06,13.64,0.01,2,2728,买盘
626,13:03:22,13.6,-0.04,9,12240,卖盘
627,13:04:00,13.6,0.0,6,8160,卖盘
628,13:04:42,13.62,0.02,1,1362,买盘
629,13:05:03,13.6,-0.02,6,8160,卖盘
630,13:05:36,13.6,0.0,6,8160,卖盘
631,13:05:42,13.6,0.0,2,2720,卖盘
632,13:05:45,13.6,0.0,1,1360,买盘
633,13:05:48,13.6,0.0,1,1360,买盘
634,13:05:51,13.6,0.0,1,1360,买盘
635,13:06:09,13.59,-0.01,4,5436,买盘
636,13:08:24,13.59,0.0,5,6795,卖盘
637,13:08:39,13.59,0.0,10,13590,卖盘
638,13:09:04,13.6,0.01,16,21760,买盘
639,13:09:33,13.6,0.0,44,59840,卖盘
640,13:09:36,13.6,0.0,2,2720,买盘
641,13:10:15,13.6,0.0,2,2720,买盘
642,13:10:18,13.6,0.0,2,2720,买盘
643,13:10:21,13.6,0.0,2,2720,买盘
644,13:10:24,13.6,0.0,5,6800,买盘
645,13:10:30,13.59,-0.01,100,135900,卖盘
646,13:10:51,13.6,0.01,5,6800,买盘
647,13:11:12,13.6,0.0,3,4080,买盘
648,13:11:27,13.59,-0.01,55,74745,卖盘
649,13:11:48,13.58,-0.01,9,12222,卖盘
650,13:11:51,13.59,0.01,10,13589,买盘
651,13:13:42,13.58,-0.01,4,5432,中性盘
652,13:14:12,13.57,-0.01,3,4071,卖盘
653,13:14:15,13.57,0.0,2,2714,卖盘
654,13:14:18,13.58,0.01,5,6790,买盘
655,13:15:00,13.57,-0.01,29,39353,卖盘
656,13:15:18,13.57,0.0,1,1357,卖盘
657,13:15:25,13.56,-0.01,36,48816,卖盘
658,13:15:39,13.56,0.0,19,25764,买盘
659,13:16:36,13.56,0.0,19,25764,买盘
660,13:17:06,13.58,0.02,18,24440,买盘
661,13:17:09,13.55,-0.03,61,82659,卖盘
662,13:17:45,13.55,0.0,2,2710,卖盘
663,13:17:48,13.55,0.0,8,10840,卖盘
664,13:17:54,13.56,0.01,16,21696,买盘
665,13:18:21,13.56,0.0,7,9492,卖盘
666,13:18:27,13.56,0.0,1,1356,卖盘
667,13:19:33,13.57,0.01,2,2714,买盘
668,13:20:12,13.57,0.0,1,1357,买盘
669,13:20:15,13.57,0.0,1,1357,买盘
670,13:20:18,13.56,-0.01,67,90853,卖盘
671,13:20:21,13.56,0.0,4,5424,买盘
672,13:20:51,13.55,-0.01,1,1355,卖盘
673,13:21:06,13.56,0.01,30,40680,买盘
674,13:21:09,13.55,-0.01,26,35234,卖盘
675,13:21:15,13.55,0.0,2,2710,买盘
676,13:21:18,13.55,0.0,2,2710,买盘
677,13:22:43,13.57,0.02,32,43424,买盘
678,13:23:51,13.57,0.0,17,23069,卖盘
679,13:23:54,13.57,0.0,1,1357,卖盘
680,13:24:07,13.55,-0.02,16,21685,卖盘
681,13:24:33,13.58,0.03,21,28518,买盘
682,13:24:42,13.55,-0.03,5,6775,卖盘
683,13:24:48,13.55,0.0,10,13550,卖盘
684,13:24:51,13.54,-0.01,7,9478,卖盘
685,13:24:54,13.54,0.0,7,9478,卖盘
686,13:24:57,13.54,0.0,7,9478,卖盘
687,13:25:00,13.54,0.0,1,1354,卖盘
688,13:25:04,13.53,-0.01,7,9472,卖盘
689,13:25:12,13.55,0.02,24,32520,卖盘
690,13:25:15,13.55,0.0,7,9488,卖盘
691,13:25:31,13.58,0.03,20,27160,买盘
692,13:25:51,13.55,-0.03,6,8130,卖盘
693,13:25:54,13.55,0.0,6,8130,卖盘
694,13:26:06,13.58,0.03,1,1358,买盘
695,13:26:18,13.58,0.0,11,14938,买盘
696,13:26:42,13.58,0.0,11,14938,卖盘
697,13:27:21,13.58,0.0,1,1358,买盘
698,13:27:24,13.58,0.0,12,16296,卖盘
699,13:27:45,13.55,-0.03,14,18994,卖盘
700,13:28:12,13.55,0.0,14,18993,卖盘
701,13:28:42,13.58,0.03,1,1358,买盘
702,13:28:45,13.58,0.0,11,14938,卖盘
703,13:29:06,13.58,0.0,3,4074,卖盘
704,13:29:12,13.55,-0.03,7,9485,卖盘
705,13:29:18,13.55,0.0,7,9485,卖盘
706,13:29:27,13.55,0.0,1,1355,卖盘
707,13:29:48,13.53,-0.02,7,9476,卖盘
708,13:29:51,13.53,0.0,7,9471,卖盘
709,13:30:03,13.59,0.06,2,2718,买盘
710,13:30:07,13.59,0.0,2,2718,买盘
711,13:32:12,13.57,-0.02,1,1357,卖盘
712,13:33:36,13.56,-0.01,1,1356,卖盘
713,13:33:39,13.55,-0.01,6,8130,买盘
714,13:33:42,13.55,0.0,26,35230,买盘
715,13:33:45,13.54,-0.01,35,47414,卖盘
716,13:33:48,13.55,0.01,9,12195,买盘
717,13:34:09,13.55,0.0,9,12195,买盘
718,13:34:13,13.54,-0.01,50,67709,卖盘
719,13:34:18,13.54,0.0,1,1354,买盘
720,13:36:04,13.53,-0.01,54,73062,卖盘
721,13:36:15,13.5,-0.03,219,296528,卖盘
722,13:36:27,13.5,0.0,3,4050,买盘
723,13:36:36,13.5,0.0,100,135000,买盘
724,13:36:39,13.5,0.0,3,3240,买盘
725,13:37:39,13.5,0.0,124,168220,卖盘
726,13:37:45,13.49,-0.01,36,48564,卖盘
727,13:37:48,13.49,0.0,9,12141,买盘
728,13:37:51,13.49,0.0,3,4047,买盘
729,13:37:54,13.48,-0.01,20,26960,卖盘
730,13:38:09,13.49,0.01,6,8094,买盘
731,13:38:22,13.49,0.0,4,5396,买盘
732,13:38:25,13.49,0.0,29,39121,买盘
733,13:38:28,13.49,0.0,2,2698,买盘
734,13:38:30,13.49,0.0,4,5396,买盘
735,13:39:04,13.49,0.0,3,4049,卖盘
736,13:39:18,13.5,0.01,1,1350,买盘
737,13:39:27,13.5,0.0,1,1350,买盘
738,13:39:51,13.5,0.0,3,4050,买盘
739,13:39:54,13.5,0.0,10,13500,买盘
740,13:39:57,13.5,0.0,1,1350,买盘
741,13:40:00,13.5,0.0,23,31050,买盘
742,13:40:04,13.5,0.0,30,40500,买盘
743,13:40:09,13.5,0.0,82,109890,买盘
744,13:41:33,13.5,0.0,409,553032,卖盘
745,13:41:36,13.49,-0.01,19,25631,卖盘
746,13:41:45,13.5,0.01,15,20250,买盘
747,13:41:48,13.5,0.0,18,24300,买盘
748,13:41:55,13.5,0.0,8,10800,买盘
749,13:41:57,13.49,-0.01,4,5396,卖盘
750,13:42:00,13.5,0.01,36,47790,买盘
751,13:42:09,13.51,0.01,9,12159,买盘
752,13:42:12,13.51,0.0,1,1351,买盘
753,13:42:30,13.51,0.0,14,18914,买盘
754,13:42:45,13.52,0.01,10,13520,买盘
755,13:42:48,13.52,0.0,9,12168,买盘
756,13:42:54,13.52,0.0,10,13520,买盘
757,13:43:30,13.54,0.02,24,32486,买盘
758,13:43:36,13.54,0.0,7,9478,买盘
759,13:43:42,13.53,-0.01,1,1353,卖盘
760,13:43:48,13.54,0.01,47,63638,买盘
761,13:44:10,13.55,0.01,14,18970,买盘
762,13:44:24,13.55,0.0,18,24390,买盘
763,13:44:27,13.55,0.0,101,136855,买盘
764,13:44:30,13.55,0.0,16,21680,买盘
765,13:44:33,13.55,0.0,25,33875,买盘
766,13:45:09,13.58,0.03,17,23086,买盘
767,13:45:16,13.57,-0.01,7,9499,卖盘
768,13:45:39,13.57,0.0,1,1357,卖盘
769,13:45:51,13.57,0.0,20,27140,卖盘
770,13:46:16,13.58,0.01,18,24444,买盘
771,13:50:37,13.57,-0.01,2,2714,买盘
772,13:51:06,13.57,0.0,1,1357,买盘
773,13:51:27,13.57,0.0,26,35282,买盘
774,13:53:09,13.56,-0.01,7,9492,卖盘
775,13:54:00,13.57,0.01,2,2714,买盘
776,13:54:28,13.56,-0.01,1,1356,卖盘
777,13:54:45,13.56,0.0,1,1356,卖盘
778,13:55:18,13.57,0.01,89,120773,买盘
779,13:55:24,13.57,0.0,10,13570,卖盘
780,13:56:21,13.57,0.0,3,4071,卖盘
781,13:56:27,13.57,0.0,30,40710,卖盘
782,13:56:57,13.58,0.01,3,4074,买盘
783,13:57:21,13.58,0.0,1,1358,买盘
784,13:58:21,13.58,0.0,1,1358,买盘
785,13:59:25,13.57,-0.01,1,1357,卖盘
786,13:59:28,13.57,0.0,21,28497,卖盘
787,13:59:51,13.57,0.0,30,40710,卖盘
788,14:00:07,13.57,0.0,73,99061,卖盘
789,14:00:18,13.57,0.0,14,18998,卖盘
790,14:01:15,13.57,0.0,2,2714,卖盘
791,14:01:21,13.58,0.01,1,1358,买盘
792,14:01:33,13.58,0.0,1,1358,买盘
793,14:01:36,13.57,-0.01,5,6785,卖盘
794,14:01:45,13.58,0.01,4,5432,买盘
795,14:01:51,13.58,0.0,1,1358,买盘
796,14:01:57,13.57,-0.01,1,1357,卖盘
797,14:02:12,13.58,0.01,1,1358,买盘
798,14:02:21,13.58,0.0,1,1358,买盘
799,14:02:52,13.58,0.0,2,2716,买盘
800,14:02:54,13.58,0.0,2,2716,买盘
801,14:02:57,13.57,-0.01,10,13570,卖盘
802,14:03:21,13.58,0.01,1,1358,买盘
803,14:03:42,13.58,0.0,1,1358,买盘
804,14:03:48,13.57,-0.01,14,18998,卖盘
805,14:03:51,13.58,0.01,2,2715,买盘
806,14:03:55,13.57,-0.01,14,18998,卖盘
807,14:04:06,13.57,0.0,11,14927,卖盘
808,14:04:18,13.57,0.0,50,67850,卖盘
809,14:04:22,13.58,0.01,1,1358,买盘
810,14:04:51,13.58,0.0,1,1358,买盘
811,14:05:51,13.58,0.0,1,1358,买盘
812,14:07:00,13.57,-0.01,20,27140,卖盘
813,14:08:09,13.56,-0.01,50,67807,卖盘
814,14:08:39,13.57,0.01,10,13570,买盘
815,14:09:06,13.57,0.0,1,1357,卖盘
816,14:09:27,13.57,0.0,20,27140,卖盘
817,14:09:30,13.57,0.0,4,5428,买盘
818,14:09:33,13.57,0.0,6,8142,买盘
819,14:09:48,13.58,0.01,17,23086,买盘
820,14:09:57,13.58,0.0,1,1358,买盘
821,14:10:00,13.58,0.0,3,4074,买盘
822,14:10:04,13.58,0.0,3,4074,买盘
823,14:10:06,13.58,0.0,3,4074,买盘
824,14:10:15,13.57,-0.01,7,9499,卖盘
825,14:11:18,13.57,0.0,8,10856,买盘
826,14:11:21,13.57,0.0,5,6785,买盘
827,14:11:24,13.57,0.0,7,9499,买盘
828,14:12:06,13.58,0.01,21,28518,买盘
829,14:12:28,13.58,0.0,19,25802,买盘
830,14:12:45,13.58,0.0,18,24444,买盘
831,14:13:06,13.58,0.0,21,28518,买盘
832,14:13:28,13.58,0.0,22,29876,买盘
833,14:13:36,13.58,0.0,13,17654,买盘
834,14:13:46,13.57,-0.01,1,1357,卖盘
835,14:14:09,13.58,0.01,22,29876,买盘
836,14:14:15,13.58,0.0,20,27160,买盘
837,14:14:21,13.58,0.0,2,2716,买盘
838,14:14:31,13.58,0.0,6,8148,买盘
839,14:15:04,13.58,0.0,25,33950,买盘
840,14:15:06,13.58,0.0,28,37999,买盘
841,14:16:30,13.57,-0.01,50,67850,卖盘
842,14:16:45,13.57,0.0,10,13570,卖盘
843,14:18:21,13.57,0.0,2,2714,卖盘
844,14:18:24,13.57,0.0,1,1357,卖盘
845,14:19:00,13.57,0.0,3,4071,卖盘
846,14:19:06,13.57,0.0,20,27140,卖盘
847,14:19:27,13.57,0.0,70,94990,卖盘
848,14:20:04,13.57,0.0,2,2714,卖盘
849,14:20:07,13.58,0.01,3,4074,买盘
850,14:20:45,13.58,0.0,2,2716,买盘
851,14:20:49,13.58,0.0,3,4074,买盘
852,14:20:52,13.58,0.0,3,4074,买盘
853,14:20:54,13.58,0.0,1,1358,买盘
854,14:21:03,13.57,-0.01,8,10856,卖盘
855,14:21:06,13.58,0.01,8,10864,买盘
856,14:21:18,13.58,0.0,14,19012,卖盘
857,14:21:27,13.58,0.0,8,10864,卖盘
858,14:22:06,13.57,-0.01,85,115346,卖盘
859,14:22:39,13.57,0.0,562,762634,买盘
860,14:23:06,13.56,-0.01,1,1356,卖盘
861,14:23:09,13.57,0.01,20,27140,买盘
862,14:23:27,13.56,-0.01,9,12204,卖盘
863,14:24:25,13.56,0.0,50,67800,卖盘
864,14:25:36,13.56,0.0,5,6780,卖盘
865,14:27:21,13.56,0.0,11,14916,卖盘
866,14:28:06,13.56,0.0,1,1356,卖盘
867,14:28:39,13.57,0.01,1,1357,买盘
868,14:29:12,13.56,-0.01,8,10848,卖盘
869,14:31:13,13.56,0.0,4,5424,买盘
870,14:31:15,13.56,0.0,1,1356,买盘
871,14:32:36,13.56,0.0,10,13560,买盘
872,14:32:46,13.55,-0.01,1,1355,卖盘
873,14:32:55,13.56,0.01,3,4068,买盘
874,14:33:03,13.56,0.0,10,13560,卖盘
875,14:33:18,13.56,0.0,30,40680,卖盘
876,14:33:24,13.56,0.0,10,13560,卖盘
877,14:33:52,13.56,0.0,4,5424,卖盘
878,14:34:00,13.55,-0.01,75,101625,卖盘
879,14:34:15,13.54,-0.01,2,2708,卖盘
880,14:34:27,13.54,0.0,20,27080,卖盘
881,14:35:21,13.55,0.01,1,1355,买盘
882,14:36:07,13.54,-0.01,10,13540,卖盘
883,14:36:10,13.54,0.0,27,36561,卖盘
884,14:36:15,13.54,0.0,1,1354,买盘
885,14:36:48,13.54,0.0,3,4062,买盘
886,14:37:24,13.53,-0.01,1,1353,卖盘
887,14:37:42,13.54,0.01,17,23018,买盘
888,14:38:46,13.55,0.01,9,12195,买盘
889,14:39:18,13.55,0.0,22,29810,买盘
890,14:39:46,13.55,0.0,2,2710,买盘
891,14:40:04,13.55,0.0,3,4065,买盘
892,14:42:24,13.54,-0.01,1,1354,卖盘
893,14:42:45,13.54,0.0,1,1354,卖盘
894,14:43:57,13.54,0.0,55,74470,卖盘
895,14:44:00,13.55,0.01,1,1355,买盘
896,14:44:12,13.54,-0.01,50,67700,卖盘
897,14:44:54,13.55,0.01,10,13550,买盘
898,14:46:12,13.54,-0.01,13,17602,卖盘
899,14:46:15,13.54,0.0,3,4062,买盘
900,14:46:30,13.55,0.01,21,28455,买盘
901,14:46:33,13.55,0.0,23,31165,买盘
902,14:46:42,13.55,0.0,7,9485,买盘
903,14:46:45,13.55,0.0,1,1355,买盘
904,14:47:49,13.55,0.0,4,5420,买盘
905,14:47:51,13.55,0.0,13,17615,买盘
906,14:48:22,13.55,0.0,6,8130,买盘
907,14:48:31,13.55,0.0,9,12195,买盘
908,14:49:00,13.54,-0.01,1,1354,买盘
909,14:49:18,13.54,0.0,1,1354,买盘
910,14:49:37,13.54,0.0,3,4062,卖盘
911,14:49:43,13.55,0.01,60,81295,买盘
912,14:50:03,13.55,0.0,4,5420,买盘
913,14:50:39,13.54,-0.01,19,25726,买盘
914,14:50:49,13.53,-0.01,56,75768,卖盘
915,14:50:52,13.53,0.0,1,1353,买盘
916,14:50:57,13.53,0.0,1,1353,买盘
917,14:51:00,13.53,0.0,19,25707,买盘
918,14:51:19,13.53,0.0,2,2706,买盘
919,14:51:21,13.53,0.0,8,10824,买盘
920,14:51:24,13.53,0.0,1,1353,买盘
921,14:51:31,13.53,0.0,29,39237,买盘
922,14:52:00,13.54,0.01,10,13540,买盘
923,14:52:22,13.54,0.0,12,16248,买盘
924,14:52:27,13.54,0.0,42,56868,买盘
925,14:52:37,13.54,0.0,57,77178,买盘
926,14:52:52,13.55,0.01,18,24390,买盘
927,14:52:57,13.54,-0.01,5,6770,卖盘
928,14:53:07,13.55,0.01,10,13550,买盘
929,14:53:10,13.54,-0.01,10,13540,卖盘
930,14:53:24,13.55,0.01,2,2710,买盘
931,14:53:48,13.55,0.0,4,5420,买盘
932,14:54:09,13.55,0.0,100,135500,买盘
933,14:54:43,13.55,0.0,3,4065,买盘
934,14:55:12,13.55,0.0,86,116530,买盘
935,14:55:19,13.55,0.0,5,6775,买盘
936,14:55:25,13.55,0.0,7,9485,买盘
937,14:55:27,13.55,0.0,5,6775,买盘
938,14:55:33,13.55,0.0,52,70460,买盘
939,14:55:42,13.54,-0.01,20,27093,卖盘
940,14:55:46,13.55,0.01,1,1355,买盘
941,14:56:13,13.55,0.0,11,14905,买盘
942,14:56:31,13.55,0.0,5,6775,买盘
943,14:56:40,13.55,0.0,50,67750,买盘
944,14:56:52,13.55,0.0,1,1355,买盘
945,15:00:04,13.53,-0.02,175,236775,卖盘
