,time,price,change,volume,amount,type
0,09:25:04,3.68,0.01,494,181792,买盘
1,09:30:04,3.68,0.0,14,5142,买盘
2,09:30:07,3.7,0.02,451,166717,买盘
3,09:30:10,3.69,-0.01,50,18450,卖盘
4,09:30:12,3.7,0.01,218,80532,买盘
5,09:30:16,3.69,-0.01,48,17740,卖盘
6,09:30:25,3.69,0.0,39,14391,卖盘
7,09:30:27,3.69,0.0,41,15129,买盘
8,09:30:31,3.7,0.01,13,4810,买盘
9,09:30:33,3.69,-0.01,40,14760,卖盘
10,09:30:37,3.69,0.0,182,67217,卖盘
11,09:30:40,3.7,0.01,173,63917,买盘
12,09:30:43,3.69,-0.01,16,5904,卖盘
13,09:30:49,3.7,0.01,13,4810,买盘
14,09:30:52,3.69,-0.01,401,147969,卖盘
15,09:30:58,3.69,0.0,31,11467,卖盘
16,09:31:01,3.69,0.0,3,1107,卖盘
17,09:31:04,3.69,0.0,25,9225,卖盘
18,09:31:07,3.69,0.0,91,33579,买盘
19,09:31:10,3.7,0.01,286,105535,买盘
20,09:31:13,3.69,-0.01,10,3690,卖盘
21,09:31:15,3.69,0.0,71,26199,卖盘
22,09:31:22,3.68,-0.01,64,23586,卖盘
23,09:31:25,3.69,0.01,1,369,买盘
24,09:31:40,3.68,-0.01,10,3680,卖盘
25,09:31:52,3.68,0.0,50,18400,卖盘
26,09:31:58,3.68,0.0,140,51520,卖盘
27,09:32:04,3.68,0.0,604,222272,卖盘
28,09:32:07,3.68,0.0,126,46268,卖盘
29,09:32:10,3.67,-0.01,100,36700,卖盘
30,09:32:12,3.67,0.0,6,2202,卖盘
31,09:32:25,3.67,0.0,30,11017,卖盘
32,09:32:33,3.67,0.0,25,9175,卖盘
33,09:32:37,3.67,0.0,77,28252,卖盘
34,09:32:40,3.67,0.0,63,23121,买盘
35,09:32:49,3.67,0.0,5,1835,买盘
36,09:32:51,3.66,-0.01,95,34855,卖盘
37,09:32:55,3.67,0.01,15,5505,买盘
38,09:32:58,3.67,0.0,3,1101,买盘
39,09:33:01,3.67,0.0,103,37801,买盘
40,09:33:04,3.67,0.0,42,15414,买盘
41,09:33:07,3.67,0.0,48,17605,买盘
42,09:33:09,3.67,0.0,3,1101,买盘
43,09:33:13,3.67,0.0,53,19458,买盘
44,09:33:16,3.67,0.0,64,23488,卖盘
45,09:33:19,3.67,0.0,145,53100,卖盘
46,09:33:24,3.67,0.0,30,11010,卖盘
47,09:33:28,3.67,0.0,161,59087,卖盘
48,09:33:31,3.68,0.01,133,48944,买盘
49,09:33:34,3.67,-0.01,5,1835,卖盘
50,09:33:43,3.67,0.0,5,1835,卖盘
51,09:33:51,3.67,0.0,7,2569,卖盘
52,09:33:55,3.67,0.0,353,129551,卖盘
53,09:34:04,3.67,0.0,48,17616,卖盘
54,09:34:07,3.68,0.01,50,18400,买盘
55,09:34:09,3.67,-0.01,160,58720,卖盘
56,09:34:13,3.66,-0.01,20,7330,卖盘
57,09:34:16,3.67,0.01,9,3303,买盘
58,09:34:25,3.67,0.0,30,11010,买盘
59,09:34:31,3.67,0.0,133,48811,买盘
60,09:34:37,3.66,-0.01,91,33388,卖盘
61,09:34:40,3.67,0.01,4,1468,买盘
62,09:35:01,3.66,-0.01,9,3294,卖盘
63,09:35:04,3.66,0.0,1,366,卖盘
64,09:35:16,3.67,0.01,60,22020,买盘
65,09:35:19,3.66,-0.01,35,12835,卖盘
66,09:35:25,3.67,0.01,50,18350,买盘
67,09:35:27,3.66,-0.01,50,18300,卖盘
68,09:35:31,3.66,0.0,30,10980,卖盘
69,09:35:33,3.66,0.0,72,26372,卖盘
70,09:35:49,3.67,0.01,102,37434,买盘
71,09:35:51,3.67,0.0,4,1468,买盘
72,09:35:58,3.66,-0.01,55,20180,卖盘
73,09:36:04,3.67,0.01,134,49178,买盘
74,09:36:07,3.67,0.0,65,23855,卖盘
75,09:36:16,3.67,0.0,6,2202,卖盘
76,09:36:22,3.68,0.01,2,736,买盘
77,09:36:28,3.67,-0.01,11,4037,卖盘
78,09:36:42,3.68,0.01,4,1472,买盘
79,09:36:51,3.68,0.0,20,7360,买盘
80,09:36:58,3.67,-0.01,14,5142,卖盘
81,09:37:10,3.67,0.0,1,367,卖盘
82,09:37:13,3.68,0.01,108,39744,买盘
83,09:37:16,3.68,0.0,10,3680,买盘
84,09:37:22,3.67,-0.01,26,9542,卖盘
85,09:37:28,3.67,0.0,72,26427,卖盘
86,09:37:36,3.67,0.0,106,38902,卖盘
87,09:37:43,3.67,0.0,17,6239,卖盘
88,09:37:51,3.67,0.0,224,82208,卖盘
89,09:37:57,3.67,0.0,22,8074,卖盘
90,09:38:07,3.67,0.0,106,38961,卖盘
91,09:38:16,3.68,0.01,13,4784,买盘
92,09:38:19,3.68,0.0,9,3312,买盘
93,09:38:22,3.67,-0.01,40,14680,卖盘
94,09:38:28,3.67,0.0,10,3670,卖盘
95,09:38:34,3.67,0.0,215,78905,卖盘
96,09:38:43,3.68,0.01,63,23184,买盘
97,09:39:00,3.67,-0.01,4,1468,卖盘
98,09:39:06,3.67,0.0,29,10643,卖盘
99,09:39:09,3.67,0.0,224,82208,卖盘
100,09:39:30,3.67,0.0,92,33764,中性盘
101,09:39:34,3.67,0.0,5,1835,卖盘
102,09:39:37,3.67,0.0,10,3670,卖盘
103,09:39:40,3.67,0.0,17,6239,卖盘
104,09:39:46,3.66,-0.01,8,2931,卖盘
105,09:40:10,3.66,0.0,50,18300,卖盘
106,09:40:16,3.65,-0.01,604,220993,卖盘
107,09:40:34,3.66,0.01,1,366,买盘
108,09:40:37,3.65,-0.01,76,27740,卖盘
109,09:40:46,3.66,0.01,36,13176,买盘
110,09:40:49,3.65,-0.01,250,91319,卖盘
111,09:40:51,3.65,0.0,29,10585,卖盘
112,09:41:01,3.65,0.0,148,54020,卖盘
113,09:41:04,3.66,0.01,10,3660,买盘
114,09:41:06,3.66,0.0,461,168726,买盘
115,09:41:10,3.65,-0.01,252,92019,卖盘
116,09:41:31,3.65,0.0,21,7667,卖盘
117,09:41:37,3.65,0.0,15,5478,卖盘
118,09:41:46,3.66,0.01,9,3294,买盘
119,09:41:52,3.65,-0.01,26,9490,卖盘
120,09:41:58,3.66,0.01,4,1464,买盘
121,09:42:04,3.65,-0.01,9,3285,卖盘
122,09:42:12,3.66,0.01,4,1464,买盘
123,09:42:19,3.66,0.0,5,1830,买盘
124,09:42:25,3.66,0.0,9,3294,买盘
125,09:42:33,3.65,-0.01,150,54750,卖盘
126,09:42:36,3.65,0.0,75,27375,卖盘
127,09:42:39,3.66,0.01,23,8396,买盘
128,09:42:46,3.65,-0.01,5,1825,卖盘
129,09:42:52,3.65,0.0,25,9125,卖盘
130,09:42:58,3.65,0.0,10,3650,卖盘
131,09:43:01,3.65,0.0,200,73000,卖盘
132,09:43:04,3.66,0.01,400,146400,买盘
133,09:43:12,3.65,-0.01,9,3285,卖盘
134,09:43:16,3.66,0.01,1,366,买盘
135,09:43:25,3.65,-0.01,27,9855,卖盘
136,09:43:31,3.65,0.0,61,22265,卖盘
137,09:43:34,3.66,0.01,23,8418,买盘
138,09:43:37,3.66,0.0,221,80886,买盘
139,09:43:42,3.65,-0.01,100,36579,卖盘
140,09:44:01,3.67,0.02,15,5505,买盘
141,09:44:07,3.65,-0.02,30,10960,卖盘
142,09:44:31,3.65,0.0,22,8047,卖盘
143,09:44:36,3.66,0.01,14,5114,买盘
144,09:44:40,3.66,0.0,74,27084,买盘
145,09:44:52,3.66,0.0,30,10980,卖盘
146,09:45:19,3.66,0.0,5,1830,买盘
147,09:45:25,3.66,0.0,36,13160,买盘
148,09:45:28,3.66,0.0,6,2196,买盘
149,09:45:37,3.66,0.0,64,23424,买盘
150,09:45:39,3.66,0.0,70,25560,买盘
151,09:45:43,3.66,0.0,280,102430,买盘
152,09:45:48,3.66,0.0,9,3294,买盘
153,09:45:55,3.65,-0.01,18,6578,卖盘
154,09:46:00,3.66,0.01,31,11346,买盘
155,09:46:10,3.66,0.0,61,22326,卖盘
156,09:46:25,3.66,0.0,59,21594,买盘
157,09:46:31,3.66,0.0,12,4392,卖盘
158,09:46:43,3.66,0.0,72,26352,卖盘
159,09:46:49,3.66,0.0,25,9150,卖盘
160,09:46:55,3.66,0.0,8,2928,卖盘
161,09:46:58,3.67,0.01,20,7340,买盘
162,09:47:09,3.66,-0.01,109,39894,卖盘
163,09:47:13,3.67,0.01,277,101659,买盘
164,09:47:16,3.67,0.0,16,5872,卖盘
165,09:47:21,3.66,-0.01,8,2933,卖盘
166,09:47:25,3.66,0.0,81,29646,卖盘
167,09:47:37,3.67,0.01,4,1468,卖盘
168,09:47:40,3.68,0.01,252,92734,买盘
169,09:47:43,3.67,-0.01,1,367,卖盘
170,09:48:06,3.67,0.0,30,11010,卖盘
171,09:48:28,3.68,0.01,4,1472,买盘
172,09:48:46,3.68,0.0,200,73600,买盘
173,09:48:52,3.68,0.0,115,42320,买盘
174,09:49:16,3.69,0.01,153,56457,买盘
175,09:49:43,3.68,-0.01,78,28708,卖盘
176,09:49:46,3.68,0.0,240,88320,卖盘
177,09:49:55,3.68,0.0,12,4416,卖盘
178,09:50:04,3.68,0.0,224,82432,卖盘
179,09:50:07,3.68,0.0,80,29510,卖盘
180,09:50:10,3.68,0.0,17,6256,卖盘
181,09:50:12,3.68,0.0,17,6256,卖盘
182,09:50:25,3.68,0.0,100,36800,卖盘
183,09:50:39,3.68,0.0,64,23552,卖盘
184,09:50:58,3.68,0.0,20,7360,卖盘
185,09:51:04,3.68,0.0,326,119968,卖盘
186,09:51:07,3.68,0.0,1,368,买盘
187,09:51:12,3.68,0.0,132,48559,买盘
188,09:51:28,3.67,-0.01,1,367,卖盘
189,09:51:33,3.68,0.01,85,31208,买盘
190,09:51:36,3.67,-0.01,3,1101,卖盘
191,09:51:45,3.67,0.0,49,17983,卖盘
192,09:51:52,3.67,0.0,40,14680,卖盘
193,09:52:13,3.68,0.01,733,269744,买盘
194,09:52:28,3.67,-0.01,2,734,卖盘
195,09:52:33,3.67,0.0,17,6239,卖盘
196,09:52:43,3.68,0.01,169,62387,买盘
197,09:52:52,3.68,0.0,85,31085,卖盘
198,09:53:06,3.68,0.0,77,28336,买盘
199,09:53:10,3.68,0.0,1,379,买盘
200,09:53:19,3.69,0.01,9,3321,买盘
201,09:53:24,3.68,-0.01,3,1104,卖盘
202,09:53:37,3.68,0.0,5,1840,卖盘
203,09:53:40,3.68,0.0,2,736,卖盘
204,09:53:43,3.68,0.0,3,1104,卖盘
205,09:53:46,3.68,0.0,11,4037,卖盘
206,09:53:55,3.68,0.0,86,31648,买盘
207,09:54:07,3.68,0.0,173,63675,买盘
208,09:54:37,3.68,0.0,4,1472,卖盘
209,09:54:48,3.69,0.01,1,369,买盘
210,09:54:51,3.69,0.0,1,369,买盘
211,09:55:04,3.69,0.0,300,110700,买盘
212,09:55:16,3.68,-0.01,5,1840,卖盘
213,09:55:27,3.68,0.0,30,11040,卖盘
214,09:55:33,3.68,0.0,4,1472,卖盘
215,09:55:40,3.68,0.0,1,368,卖盘
216,09:55:52,3.68,0.0,20,7360,卖盘
217,09:55:58,3.68,0.0,16,5888,卖盘
218,09:56:19,3.68,0.0,1,368,卖盘
219,09:56:31,3.68,0.0,5,1840,卖盘
220,09:57:01,3.68,0.0,165,60720,卖盘
221,09:57:04,3.68,0.0,30,11040,卖盘
222,09:57:07,3.68,0.0,144,52981,卖盘
223,09:57:09,3.68,0.0,1,368,买盘
224,09:57:12,3.68,0.0,3,1104,买盘
225,09:57:19,3.68,0.0,48,17664,买盘
226,09:57:33,3.68,0.0,34,12508,买盘
227,09:57:43,3.68,0.0,130,47840,买盘
228,09:57:46,3.68,0.0,241,88699,买盘
229,09:57:49,3.68,0.0,20,7360,卖盘
230,09:58:12,3.68,0.0,42,15456,卖盘
231,09:58:28,3.68,0.0,131,48197,卖盘
232,09:58:34,3.67,-0.01,4,1468,卖盘
233,09:59:13,3.68,0.01,1,368,买盘
234,09:59:16,3.67,-0.01,5,1838,卖盘
235,09:59:19,3.68,0.01,1,368,买盘
236,09:59:22,3.68,0.0,1,368,买盘
237,09:59:31,3.67,-0.01,4,1468,卖盘
238,09:59:37,3.68,0.01,45,16545,买盘
239,09:59:49,3.68,0.0,50,18400,买盘
240,10:00:04,3.68,0.0,81,29808,买盘
241,10:00:07,3.68,0.0,55,20240,买盘
242,10:00:13,3.68,0.0,30,11040,买盘
243,10:00:19,3.68,0.0,30,11040,买盘
244,10:00:34,3.67,-0.01,4,1468,卖盘
245,10:00:40,3.67,0.0,16,5872,卖盘
246,10:00:49,3.68,0.01,1,368,买盘
247,10:01:00,3.67,-0.01,15,5505,卖盘
248,10:01:07,3.68,0.01,30,11040,买盘
249,10:01:22,3.67,-0.01,2,734,卖盘
250,10:01:25,3.68,0.01,60,22080,买盘
251,10:01:31,3.67,-0.01,34,12508,卖盘
252,10:01:40,3.68,0.01,1,368,买盘
253,10:01:52,3.67,-0.01,2,734,卖盘
254,10:01:55,3.67,0.0,57,20919,卖盘
255,10:02:01,3.68,0.01,5,1840,买盘
256,10:02:07,3.68,0.0,5,1840,买盘
257,10:02:22,3.67,-0.01,15,5505,卖盘
258,10:02:33,3.67,0.0,4,1468,卖盘
259,10:03:01,3.67,0.0,100,36700,卖盘
260,10:03:13,3.67,0.0,375,137625,卖盘
261,10:03:22,3.67,0.0,452,165884,卖盘
262,10:03:28,3.67,0.0,43,15781,卖盘
263,10:03:34,3.67,0.0,56,20552,卖盘
264,10:04:22,3.67,0.0,25,9175,卖盘
265,10:04:31,3.67,0.0,4,1468,卖盘
266,10:04:40,3.67,0.0,3,1101,卖盘
267,10:04:43,3.67,0.0,29,10643,卖盘
268,10:05:16,3.67,0.0,45,16515,卖盘
269,10:05:19,3.67,0.0,2,734,买盘
270,10:05:22,3.66,-0.01,15,5490,卖盘
271,10:05:33,3.66,0.0,4,1464,卖盘
272,10:05:37,3.66,0.0,10,3660,卖盘
273,10:05:52,3.66,0.0,2,732,卖盘
274,10:06:07,3.66,0.0,15,5490,卖盘
275,10:06:34,3.66,0.0,4,1464,卖盘
276,10:07:07,3.66,0.0,20,7320,卖盘
277,10:07:15,3.67,0.01,12,4404,买盘
278,10:07:34,3.66,-0.01,4,1464,卖盘
279,10:07:40,3.66,0.0,15,5490,卖盘
280,10:08:07,3.66,0.0,11,4026,卖盘
281,10:08:21,3.67,0.01,150,55050,买盘
282,10:08:34,3.66,-0.01,4,1464,卖盘
283,10:08:55,3.67,0.01,60,22020,买盘
284,10:09:31,3.66,-0.01,4,1464,卖盘
285,10:09:42,3.67,0.01,50,18350,买盘
286,10:09:45,3.66,-0.01,3,1098,卖盘
287,10:09:58,3.67,0.01,10,3670,买盘
288,10:10:22,3.66,-0.01,11,4026,卖盘
289,10:10:31,3.66,0.0,45,16470,卖盘
290,10:10:34,3.66,0.0,4,1464,卖盘
291,10:10:52,3.66,0.0,41,15006,卖盘
292,10:11:07,3.66,0.0,800,292800,卖盘
293,10:11:31,3.66,0.0,60,21960,卖盘
294,10:11:33,3.65,-0.01,4,1460,卖盘
295,10:11:45,3.66,0.01,154,56364,买盘
296,10:11:52,3.66,0.0,10,3660,卖盘
297,10:11:55,3.66,0.0,10,3660,卖盘
298,10:12:06,3.66,0.0,141,51606,卖盘
299,10:12:31,3.65,-0.01,75,27375,卖盘
300,10:12:37,3.65,0.0,74,27071,卖盘
301,10:13:00,3.66,0.01,72,26352,买盘
302,10:13:10,3.66,0.0,1,366,卖盘
303,10:13:33,3.66,0.0,4,1464,卖盘
304,10:13:37,3.66,0.0,9,3294,卖盘
305,10:13:49,3.66,0.0,128,46848,卖盘
306,10:13:55,3.65,-0.01,5,1825,卖盘
307,10:14:04,3.65,0.0,11,4015,卖盘
308,10:14:07,3.66,0.01,1,366,买盘
309,10:14:19,3.66,0.0,284,103944,买盘
310,10:14:25,3.66,0.0,31,11346,买盘
311,10:14:34,3.66,0.0,4,1464,卖盘
312,10:15:13,3.66,0.0,59,21623,卖盘
313,10:15:33,3.66,0.0,4,1464,卖盘
314,10:15:57,3.67,0.01,4,1468,买盘
315,10:16:22,3.66,-0.01,16,5856,卖盘
316,10:16:33,3.66,0.0,4,1464,卖盘
317,10:17:04,3.66,0.0,12,4392,卖盘
318,10:17:07,3.66,0.0,14,5124,卖盘
319,10:17:31,3.66,0.0,4,1464,卖盘
320,10:18:07,3.66,0.0,7,2562,卖盘
321,10:18:33,3.66,0.0,4,1464,卖盘
322,10:18:51,3.66,0.0,2,732,卖盘
323,10:19:15,3.66,0.0,2,732,卖盘
324,10:19:22,3.66,0.0,100,36600,卖盘
325,10:19:28,3.66,0.0,17,6222,卖盘
326,10:19:31,3.66,0.0,17,6222,卖盘
327,10:19:34,3.66,0.0,5,1830,卖盘
328,10:19:36,3.66,0.0,38,13908,卖盘
329,10:20:07,3.66,0.0,11,4026,卖盘
330,10:20:13,3.66,0.0,50,18300,卖盘
331,10:20:19,3.66,0.0,17,6222,卖盘
332,10:20:39,3.66,0.0,104,38064,卖盘
333,10:20:58,3.67,0.01,4,1468,买盘
334,10:21:09,3.67,0.0,7,2569,买盘
335,10:21:19,3.67,0.0,5,1835,买盘
336,10:21:22,3.66,-0.01,17,6222,卖盘
337,10:21:24,3.66,0.0,1,366,卖盘
338,10:21:40,3.67,0.01,1,367,买盘
339,10:22:07,3.66,-0.01,20,7320,卖盘
340,10:22:22,3.66,0.0,17,6222,卖盘
341,10:22:37,3.66,0.0,4,1464,卖盘
342,10:22:48,3.66,0.0,102,37332,卖盘
343,10:23:10,3.66,0.0,11,4026,卖盘
344,10:23:13,3.66,0.0,10,3660,卖盘
345,10:23:18,3.66,0.0,17,6222,卖盘
346,10:23:37,3.66,0.0,5,1830,卖盘
347,10:23:43,3.66,0.0,202,73932,卖盘
348,10:23:46,3.67,0.01,5,1835,买盘
349,10:23:52,3.66,-0.01,30,10980,卖盘
350,10:24:01,3.67,0.01,10,3670,买盘
351,10:24:09,3.66,-0.01,6,2196,卖盘
352,10:24:22,3.65,-0.01,17,6205,卖盘
353,10:24:34,3.65,0.0,4,1460,卖盘
354,10:24:36,3.65,0.0,4,1460,卖盘
355,10:25:16,3.65,0.0,86,31390,卖盘
356,10:25:22,3.65,0.0,17,6205,卖盘
357,10:25:36,3.65,0.0,4,1460,卖盘
358,10:25:55,3.64,-0.01,2253,821278,卖盘
359,10:25:58,3.64,0.0,192,69888,买盘
360,10:26:04,3.64,0.0,11,4004,卖盘
361,10:26:07,3.64,0.0,322,117208,卖盘
362,10:26:13,3.64,0.0,49,17836,卖盘
363,10:26:25,3.64,0.0,53,19292,卖盘
364,10:26:31,3.64,0.0,17,6188,卖盘
365,10:26:37,3.65,0.01,23,8395,买盘
366,10:26:42,3.65,0.0,29,10877,卖盘
367,10:26:49,3.65,0.0,57,20805,卖盘
368,10:26:58,3.65,0.0,184,66868,卖盘
369,10:27:12,3.65,0.0,13,4745,买盘
370,10:27:18,3.65,0.0,50,18250,买盘
371,10:27:37,3.64,-0.01,4,1456,卖盘
372,10:27:43,3.65,0.01,3,1095,买盘
373,10:28:22,3.64,-0.01,16,5824,卖盘
374,10:28:36,3.64,0.0,4,1456,卖盘
375,10:28:43,3.64,0.0,6,2184,卖盘
376,10:28:57,3.64,0.0,20,7280,卖盘
377,10:29:04,3.64,0.0,11,4004,卖盘
378,10:29:06,3.65,0.01,12,4380,买盘
379,10:29:09,3.64,-0.01,80,29120,卖盘
380,10:29:33,3.64,0.0,55,20038,卖盘
381,10:29:36,3.64,0.0,46,16744,卖盘
382,10:29:49,3.64,0.0,20,7280,卖盘
383,10:29:58,3.65,0.01,3,1095,买盘
384,10:30:24,3.65,0.0,50,18250,买盘
385,10:30:31,3.64,-0.01,17,6188,卖盘
386,10:30:33,3.64,0.0,4,1456,卖盘
387,10:31:31,3.64,0.0,17,6188,卖盘
388,10:31:37,3.64,0.0,9,3276,卖盘
389,10:31:46,3.64,0.0,70,25480,卖盘
390,10:32:01,3.64,0.0,10,3640,卖盘
391,10:32:07,3.64,0.0,11,4004,卖盘
392,10:32:34,3.64,0.0,42,15288,卖盘
393,10:32:37,3.64,0.0,22,8008,卖盘
394,10:32:40,3.64,0.0,60,21840,卖盘
395,10:33:22,3.64,0.0,16,5824,卖盘
396,10:33:25,3.65,0.01,7,2555,买盘
397,10:33:28,3.65,0.0,52,18980,买盘
398,10:33:37,3.64,-0.01,4,1456,卖盘
399,10:34:04,3.65,0.01,4,1460,买盘
400,10:34:06,3.64,-0.01,15,5460,卖盘
401,10:34:10,3.64,0.0,106,38584,卖盘
402,10:34:13,3.64,0.0,15,5460,卖盘
403,10:34:15,3.65,0.01,55,20055,买盘
404,10:34:37,3.64,-0.01,81,29484,卖盘
405,10:34:49,3.64,0.0,226,82301,卖盘
406,10:35:06,3.64,0.0,28,10192,卖盘
407,10:35:36,3.64,0.0,64,23296,卖盘
408,10:35:46,3.64,0.0,82,29848,卖盘
409,10:36:19,3.65,0.01,5,1825,买盘
410,10:36:22,3.64,-0.01,16,5824,卖盘
411,10:36:28,3.65,0.01,8,2920,买盘
412,10:36:34,3.64,-0.01,4,1456,卖盘
413,10:36:48,3.65,0.01,5,1825,买盘
414,10:36:51,3.65,0.0,4,1460,买盘
415,10:36:58,3.64,-0.01,16,5824,卖盘
416,10:37:01,3.65,0.01,30,10950,买盘
417,10:37:16,3.65,0.0,50,18250,买盘
418,10:37:21,3.64,-0.01,11,4004,卖盘
419,10:37:24,3.64,0.0,41,14924,卖盘
420,10:37:33,3.65,0.01,2,730,买盘
421,10:37:37,3.64,-0.01,4,1456,卖盘
422,10:37:39,3.65,0.01,1,365,买盘
423,10:37:57,3.65,0.0,19,6935,买盘
424,10:38:00,3.65,0.0,22,8030,买盘
425,10:38:04,3.65,0.0,22,8014,买盘
426,10:38:31,3.65,0.0,50,18250,买盘
427,10:38:37,3.64,-0.01,4,1456,卖盘
428,10:38:49,3.65,0.01,2,730,买盘
429,10:38:52,3.64,-0.01,16,5824,卖盘
430,10:39:21,3.64,0.0,17,6188,卖盘
431,10:39:34,3.64,0.0,1,364,卖盘
432,10:39:37,3.64,0.0,4,1456,卖盘
433,10:39:52,3.64,0.0,16,5824,卖盘
434,10:40:10,3.64,0.0,11,4004,卖盘
435,10:40:37,3.64,0.0,4,1456,卖盘
436,10:40:52,3.64,0.0,20,7280,卖盘
437,10:40:58,3.64,0.0,16,5824,卖盘
438,10:41:09,3.65,0.01,2,730,买盘
439,10:41:13,3.65,0.0,4,1460,买盘
440,10:41:16,3.65,0.0,9,3285,买盘
441,10:41:24,3.65,0.0,4,1460,买盘
442,10:41:37,3.64,-0.01,7,2548,卖盘
443,10:41:40,3.65,0.01,12,4380,买盘
444,10:41:43,3.64,-0.01,16,5824,卖盘
445,10:41:46,3.64,0.0,9,3276,卖盘
446,10:42:01,3.65,0.01,4,1460,买盘
447,10:42:37,3.64,-0.01,4,1456,卖盘
448,10:42:40,3.64,0.0,16,5824,卖盘
449,10:42:58,3.64,0.0,70,25480,卖盘
450,10:43:07,3.64,0.0,11,4004,卖盘
451,10:43:37,3.64,0.0,20,7280,卖盘
452,10:44:36,3.64,0.0,4,1456,卖盘
453,10:44:42,3.64,0.0,16,5824,卖盘
454,10:44:45,3.64,0.0,3,1092,卖盘
455,10:45:31,3.65,0.01,4,1460,买盘
456,10:45:37,3.64,-0.01,4,1456,卖盘
457,10:45:43,3.64,0.0,16,5824,卖盘
458,10:45:51,3.64,0.0,3,1092,卖盘
459,10:46:04,3.64,0.0,2,728,卖盘
460,10:46:07,3.64,0.0,12,4368,卖盘
461,10:46:37,3.64,0.0,3,1092,卖盘
462,10:46:43,3.64,0.0,16,5824,卖盘
463,10:47:10,3.65,0.01,5,1825,买盘
464,10:47:37,3.64,-0.01,15,5460,卖盘
465,10:47:46,3.64,0.0,4,1456,卖盘
466,10:47:58,3.65,0.01,20,7300,买盘
467,10:48:30,3.64,-0.01,20,7280,卖盘
468,10:48:36,3.64,0.0,15,5460,卖盘
469,10:49:10,3.65,0.01,50,18239,买盘
470,10:49:15,3.65,0.0,150,54750,买盘
471,10:49:18,3.65,0.0,1,365,买盘
472,10:49:22,3.64,-0.01,15,5460,卖盘
473,10:49:40,3.64,0.0,4,1456,卖盘
474,10:49:55,3.65,0.01,28,10220,买盘
475,10:50:00,3.64,-0.01,15,5460,卖盘
476,10:50:03,3.65,0.01,56,20440,买盘
477,10:50:16,3.65,0.0,1,365,买盘
478,10:50:25,3.65,0.0,49,18177,买盘
479,10:50:40,3.65,0.0,5,1825,卖盘
480,10:51:39,3.65,0.0,4,1460,卖盘
481,10:51:46,3.65,0.0,15,5475,卖盘
482,10:52:09,3.65,0.0,11,4015,卖盘
483,10:52:30,3.64,-0.01,490,178583,卖盘
484,10:52:40,3.64,0.0,4,1456,卖盘
485,10:52:42,3.64,0.0,491,178724,卖盘
486,10:52:49,3.64,0.0,15,5460,卖盘
487,10:52:57,3.66,0.02,50,18300,买盘
488,10:53:12,3.66,0.0,16,5846,买盘
489,10:53:21,3.64,-0.02,69,25124,卖盘
490,10:53:40,3.64,0.0,4,1456,卖盘
491,10:53:45,3.64,0.0,15,5460,卖盘
492,10:54:01,3.66,0.02,20,7320,买盘
493,10:54:10,3.64,-0.02,1,364,卖盘
494,10:54:40,3.65,0.01,4,1460,卖盘
495,10:54:45,3.64,-0.01,15,5466,卖盘
496,10:54:58,3.64,0.0,2,728,卖盘
497,10:55:10,3.65,0.01,11,4015,卖盘
498,10:55:12,3.65,0.0,20,7300,卖盘
499,10:55:22,3.65,0.0,43,15695,卖盘
500,10:55:39,3.65,0.0,4,1460,卖盘
501,10:56:06,3.65,0.0,12,4380,卖盘
502,10:56:16,3.65,0.0,62,22630,卖盘
503,10:56:21,3.64,-0.01,828,301463,卖盘
504,10:56:40,3.64,0.0,4,1456,卖盘
505,10:56:46,3.65,0.01,32,11668,买盘
506,10:57:37,3.64,-0.01,12,4368,卖盘
507,10:57:40,3.64,0.0,4,1456,卖盘
508,10:58:00,3.65,0.01,5,1825,买盘
509,10:58:07,3.64,-0.01,18,6552,卖盘
510,10:58:36,3.64,0.0,13,4732,卖盘
511,10:58:40,3.64,0.0,4,1456,卖盘
512,10:59:28,3.64,0.0,2,728,卖盘
513,10:59:39,3.64,0.0,4,1456,卖盘
514,11:00:28,3.64,0.0,87,31668,卖盘
515,11:00:40,3.64,0.0,4,1456,卖盘
516,11:00:52,3.65,0.01,13,4745,买盘
517,11:01:09,3.64,-0.01,11,4004,卖盘
518,11:01:15,3.64,0.0,13,4732,卖盘
519,11:01:40,3.64,0.0,4,1456,卖盘
520,11:01:55,3.65,0.01,25,9125,买盘
521,11:02:00,3.64,-0.01,13,4732,卖盘
522,11:02:07,3.65,0.01,14,5110,买盘
523,11:02:39,3.64,-0.01,4,1456,卖盘
524,11:03:01,3.65,0.01,24,8760,买盘
525,11:03:22,3.64,-0.01,13,4732,卖盘
526,11:03:36,3.64,0.0,4,1456,卖盘
527,11:03:54,3.64,0.0,2,728,卖盘
528,11:04:06,3.64,0.0,55,20050,卖盘
529,11:04:10,3.64,0.0,17,6188,卖盘
530,11:04:16,3.65,0.01,3,1095,买盘
531,11:04:19,3.64,-0.01,71,25844,卖盘
532,11:04:39,3.64,0.0,4,1456,卖盘
533,11:04:43,3.64,0.0,18,6552,卖盘
534,11:05:06,3.64,0.0,13,4732,卖盘
535,11:05:13,3.64,0.0,250,91000,卖盘
536,11:05:21,3.64,0.0,100,36400,卖盘
537,11:05:27,3.64,0.0,40,14560,卖盘
538,11:05:39,3.64,0.0,4,1456,卖盘
539,11:05:58,3.64,0.0,11,4004,卖盘
540,11:06:21,3.63,-0.01,156,56480,卖盘
541,11:06:34,3.64,0.01,25,9100,买盘
542,11:06:40,3.63,-0.01,4,1452,卖盘
543,11:06:43,3.64,0.01,5,1820,买盘
544,11:06:54,3.63,-0.01,329,119427,卖盘
545,11:07:10,3.63,0.0,11,3993,卖盘
546,11:07:22,3.63,0.0,13,4719,卖盘
547,11:07:40,3.63,0.0,4,1452,卖盘
548,11:07:49,3.63,0.0,3,1089,卖盘
549,11:08:24,3.63,0.0,2,726,卖盘
550,11:08:27,3.63,0.0,13,4719,卖盘
551,11:08:33,3.64,0.01,182,66248,买盘
552,11:08:40,3.63,-0.01,5,1815,卖盘
553,11:08:52,3.64,0.01,21,7644,买盘
554,11:08:57,3.63,-0.01,12,4356,卖盘
555,11:09:15,3.63,0.0,130,47190,卖盘
556,11:09:36,3.63,0.0,13,4719,卖盘
557,11:09:40,3.63,0.0,4,1452,卖盘
558,11:09:57,3.64,0.01,10,3640,买盘
559,11:10:13,3.64,0.0,8,2912,买盘
560,11:10:18,3.63,-0.01,13,4719,卖盘
561,11:10:40,3.63,0.0,4,1452,卖盘
562,11:10:43,3.64,0.01,10,3640,买盘
563,11:10:49,3.64,0.0,78,28392,买盘
564,11:11:10,3.64,0.0,83,30212,买盘
565,11:11:31,3.64,0.0,50,18200,买盘
566,11:11:40,3.63,-0.01,4,1452,卖盘
567,11:11:49,3.63,0.0,25,9075,卖盘
568,11:11:54,3.63,0.0,11,3993,卖盘
569,11:12:22,3.63,0.0,13,4719,卖盘
570,11:12:39,3.63,0.0,4,1452,卖盘
571,11:12:52,3.63,0.0,50,18150,卖盘
572,11:13:37,3.63,0.0,13,4719,卖盘
573,11:13:40,3.63,0.0,3,1089,卖盘
574,11:13:45,3.64,0.01,12,4368,买盘
575,11:14:09,3.64,0.0,2,728,买盘
576,11:14:15,3.63,-0.01,3,1089,卖盘
577,11:14:22,3.63,0.0,3,1089,卖盘
578,11:14:28,3.63,0.0,13,4719,卖盘
579,11:14:36,3.63,0.0,104,37752,卖盘
580,11:14:55,3.63,0.0,12,4356,卖盘
581,11:15:01,3.64,0.01,1,364,买盘
582,11:15:07,3.63,-0.01,3,1089,卖盘
583,11:15:13,3.63,0.0,4,1452,卖盘
584,11:15:16,3.64,0.01,808,294403,买盘
585,11:15:19,3.64,0.0,16,5824,卖盘
586,11:15:37,3.64,0.0,3,1092,卖盘
587,11:15:58,3.64,0.0,8,2917,卖盘
588,11:16:15,3.64,0.0,211,76513,卖盘
589,11:16:19,3.64,0.0,93,34143,买盘
590,11:16:28,3.64,0.0,30,10920,卖盘
591,11:16:42,3.63,-0.01,4,1452,买盘
592,11:17:42,3.63,0.0,5,1815,卖盘
593,11:17:48,3.63,0.0,13,4719,卖盘
594,11:17:55,3.63,0.0,11,3993,卖盘
595,11:17:58,3.64,0.01,1,364,买盘
596,11:18:24,3.64,0.0,30,10920,买盘
597,11:18:40,3.63,-0.01,1,363,卖盘
598,11:18:43,3.63,0.0,4,1452,卖盘
599,11:18:46,3.64,0.01,2,728,买盘
600,11:19:13,3.64,0.0,80,29120,买盘
601,11:19:42,3.64,0.0,4,1456,卖盘
602,11:19:57,3.64,0.0,1,364,卖盘
603,11:20:07,3.64,0.0,11,4004,卖盘
604,11:20:15,3.64,0.0,2,728,买盘
605,11:20:21,3.64,0.0,12,4368,卖盘
606,11:20:27,3.64,0.0,36,13104,卖盘
607,11:20:42,3.63,-0.01,4,1452,卖盘
608,11:20:58,3.63,0.0,11,3993,卖盘
609,11:21:34,3.64,0.01,51,18564,卖盘
610,11:21:37,3.63,-0.01,12,4356,卖盘
611,11:21:43,3.63,0.0,4,1452,卖盘
612,11:22:04,3.64,0.01,5,1820,买盘
613,11:22:16,3.64,0.0,1,364,买盘
614,11:22:37,3.63,-0.01,12,4356,卖盘
615,11:22:43,3.63,0.0,4,1452,卖盘
616,11:22:51,3.64,0.01,16,5824,买盘
617,11:22:54,3.64,0.0,44,16016,卖盘
618,11:23:04,3.64,0.0,29,10556,买盘
619,11:23:07,3.64,0.0,6,2184,卖盘
620,11:23:42,3.64,0.0,4,1456,卖盘
621,11:23:52,3.64,0.0,11,4004,卖盘
622,11:23:58,3.64,0.0,12,4368,卖盘
623,11:24:07,3.65,0.01,11,4015,买盘
624,11:24:43,3.64,-0.01,4,1456,卖盘
625,11:25:19,3.64,0.0,2,728,卖盘
626,11:25:21,3.64,0.0,3,1092,卖盘
627,11:25:24,3.64,0.0,13,4732,卖盘
628,11:25:42,3.64,0.0,4,1456,卖盘
629,11:25:45,3.65,0.01,35,12775,买盘
630,11:25:51,3.64,-0.01,4,1456,卖盘
631,11:26:13,3.64,0.0,2,728,卖盘
632,11:26:18,3.64,0.0,13,4732,卖盘
633,11:26:37,3.64,0.0,1,364,卖盘
634,11:26:40,3.64,0.0,48,17472,卖盘
635,11:26:42,3.64,0.0,4,1456,卖盘
636,11:26:48,3.65,0.01,70,25550,买盘
637,11:26:51,3.64,-0.01,11,4004,卖盘
638,11:27:22,3.64,0.0,12,4368,卖盘
639,11:27:25,3.64,0.0,1,364,卖盘
640,11:27:43,3.64,0.0,7,2548,卖盘
641,11:28:28,3.64,0.0,13,4732,卖盘
642,11:28:42,3.64,0.0,4,1456,卖盘
643,11:29:04,3.64,0.0,71,25844,卖盘
644,11:29:22,3.64,0.0,12,4368,卖盘
645,11:29:43,3.64,0.0,4,1456,卖盘
646,11:29:48,3.64,0.0,100,36400,卖盘
647,11:29:51,3.64,0.0,11,4004,卖盘
648,13:00:04,3.64,0.0,43,15652,卖盘
649,13:00:07,3.64,0.0,618,225077,卖盘
650,13:00:10,3.64,0.0,5,1817,买盘
651,13:00:45,3.63,-0.01,6,2178,卖盘
652,13:00:49,3.64,0.01,10,3640,买盘
653,13:01:36,3.63,-0.01,9,3267,卖盘
654,13:01:42,3.63,0.0,4,1452,卖盘
655,13:02:09,3.64,0.01,10,3640,买盘
656,13:02:21,3.64,0.0,4,1456,买盘
657,13:02:39,3.64,0.0,84,30576,卖盘
658,13:02:42,3.64,0.0,4,1456,卖盘
659,13:02:54,3.64,0.0,3,1092,卖盘
660,13:02:57,3.64,0.0,7,2548,卖盘
661,13:03:07,3.63,-0.01,12,4356,卖盘
662,13:03:42,3.63,0.0,4,1452,卖盘
663,13:04:07,3.64,0.01,174,63324,买盘
664,13:04:27,3.64,0.0,20,7280,买盘
665,13:04:30,3.64,0.0,27,9828,买盘
666,13:04:42,3.63,-0.01,4,1452,卖盘
667,13:04:54,3.64,0.01,26,9464,买盘
668,13:05:31,3.64,0.0,11,4004,卖盘
669,13:05:42,3.64,0.0,5,1820,卖盘
670,13:05:48,3.64,0.0,12,4368,卖盘
671,13:05:54,3.64,0.0,4,1456,卖盘
672,13:06:34,3.63,-0.01,6,2178,卖盘
673,13:06:45,3.63,0.0,4,1452,卖盘
674,13:06:48,3.64,0.01,35,12740,买盘
675,13:06:54,3.63,-0.01,9,3267,卖盘
676,13:07:09,3.63,0.0,200,72600,卖盘
677,13:07:45,3.63,0.0,4,1452,卖盘
678,13:08:07,3.63,0.0,12,4356,卖盘
679,13:08:28,3.63,0.0,11,3993,卖盘
680,13:08:43,3.63,0.0,4,1452,卖盘
681,13:08:51,3.63,0.0,12,4356,卖盘
682,13:08:54,3.63,0.0,1,363,卖盘
683,13:09:39,3.63,0.0,2,726,卖盘
684,13:09:42,3.63,0.0,4,1452,卖盘
685,13:09:49,3.63,0.0,152,55176,卖盘
686,13:10:21,3.64,0.01,28,10192,买盘
687,13:10:36,3.64,0.0,17,6176,买盘
688,13:10:43,3.63,-0.01,3,1089,卖盘
689,13:11:07,3.63,0.0,13,4719,卖盘
690,13:11:19,3.63,0.0,55,19965,卖盘
691,13:11:27,3.63,0.0,11,3993,卖盘
692,13:11:34,3.63,0.0,12,4356,卖盘
693,13:11:51,3.63,0.0,99,35937,卖盘
694,13:12:30,3.63,0.0,18,6534,卖盘
695,13:13:31,3.63,0.0,12,4356,卖盘
696,13:13:46,3.63,0.0,4,1452,卖盘
697,13:13:57,3.63,0.0,30,10890,卖盘
698,13:14:07,3.63,0.0,32,11616,卖盘
699,13:14:25,3.63,0.0,12,4356,卖盘
700,13:14:37,3.63,0.0,12,4356,卖盘
701,13:14:45,3.63,0.0,5,1815,卖盘
702,13:15:09,3.63,0.0,19,6897,卖盘
703,13:15:12,3.64,0.01,377,137228,买盘
704,13:15:15,3.64,0.0,434,157971,买盘
705,13:15:18,3.64,0.0,12,4368,卖盘
706,13:15:45,3.64,0.0,4,1456,卖盘
707,13:16:46,3.63,-0.01,182,66097,卖盘
708,13:17:27,3.64,0.01,77,28028,卖盘
709,13:17:33,3.64,0.0,12,4368,卖盘
710,13:17:49,3.64,0.0,4,1456,卖盘
711,13:18:37,3.64,0.0,40,14560,卖盘
712,13:18:46,3.64,0.0,4,1456,卖盘
713,13:19:07,3.64,0.0,16,5824,卖盘
714,13:19:21,3.64,0.0,14,5096,卖盘
715,13:19:49,3.64,0.0,4,1456,卖盘
716,13:20:06,3.64,0.0,11,4004,卖盘
717,13:20:18,3.64,0.0,89,32396,卖盘
718,13:20:22,3.64,0.0,30,10920,卖盘
719,13:20:25,3.64,0.0,11,4004,卖盘
720,13:20:27,3.64,0.0,22,8008,卖盘
721,13:20:45,3.64,0.0,14,5096,卖盘
722,13:20:51,3.64,0.0,11,4004,卖盘
723,13:21:06,3.63,-0.01,26,9457,卖盘
724,13:21:13,3.65,0.02,137,50005,买盘
725,13:21:45,3.63,-0.02,6,2182,卖盘
726,13:21:51,3.63,0.0,11,3993,卖盘
727,13:22:04,3.64,0.01,10,3640,买盘
728,13:22:46,3.64,0.0,4,1456,卖盘
729,13:23:00,3.64,0.0,44,16016,卖盘
730,13:23:12,3.65,0.01,80,29200,买盘
731,13:23:28,3.64,-0.01,12,4368,卖盘
732,13:23:34,3.64,0.0,11,4004,卖盘
733,13:23:37,3.65,0.01,100,36500,买盘
734,13:23:48,3.64,-0.01,4,1456,卖盘
735,13:23:52,3.64,0.0,21,7644,卖盘
736,13:23:55,3.65,0.01,10,3650,买盘
737,13:24:01,3.64,-0.01,20,7280,卖盘
738,13:24:21,3.64,0.0,10,3640,卖盘
739,13:24:42,3.65,0.01,8,2920,买盘
740,13:24:45,3.64,-0.01,9,3281,卖盘
741,13:24:54,3.65,0.01,51,18594,买盘
742,13:25:01,3.64,-0.01,16,5824,卖盘
743,13:25:04,3.65,0.01,200,73000,买盘
744,13:25:16,3.65,0.0,29,10585,买盘
745,13:25:24,3.65,0.0,2,730,买盘
746,13:25:36,3.65,0.0,2,730,买盘
747,13:25:40,3.64,-0.01,23,8372,卖盘
748,13:25:46,3.64,0.0,4,1456,卖盘
749,13:25:49,3.64,0.0,8,2912,卖盘
750,13:26:15,3.64,0.0,27,9829,卖盘
751,13:26:27,3.64,0.0,11,4004,卖盘
752,13:26:45,3.65,0.01,6,2059,买盘
753,13:26:49,3.65,0.0,294,107441,卖盘
754,13:26:55,3.64,-0.01,24,8736,卖盘
755,13:27:16,3.64,0.0,24,8736,卖盘
756,13:27:22,3.64,0.0,7,2548,卖盘
757,13:27:40,3.65,0.01,152,55480,买盘
758,13:27:46,3.65,0.0,28,10220,卖盘
759,13:28:07,3.65,0.0,5,1825,卖盘
760,13:28:19,3.65,0.0,12,4380,卖盘
761,13:28:28,3.65,0.0,18,6570,卖盘
762,13:28:36,3.65,0.0,3,1095,卖盘
763,13:28:40,3.65,0.0,17,6205,卖盘
764,13:28:46,3.65,0.0,4,1460,卖盘
765,13:28:52,3.65,0.0,22,8030,卖盘
766,13:28:58,3.66,0.01,2,732,买盘
767,13:29:04,3.66,0.0,8,2928,买盘
768,13:29:10,3.66,0.0,8,2928,买盘
769,13:29:13,3.66,0.0,4,1464,买盘
770,13:29:16,3.66,0.0,6,2196,买盘
771,13:29:22,3.65,-0.01,26,9490,卖盘
772,13:29:24,3.65,0.0,11,4015,卖盘
773,13:29:45,3.65,0.0,24,8760,卖盘
774,13:29:57,3.65,0.0,16,5840,卖盘
775,13:30:16,3.65,0.0,19,6935,卖盘
776,13:30:28,3.66,0.01,50,18300,买盘
777,13:30:37,3.65,-0.01,1,365,卖盘
778,13:30:46,3.65,0.0,18,6570,卖盘
779,13:30:49,3.65,0.0,4,1460,卖盘
780,13:31:16,3.65,0.0,176,64240,卖盘
781,13:31:19,3.65,0.0,1,365,买盘
782,13:31:22,3.64,-0.01,35,12740,卖盘
783,13:31:43,3.64,0.0,12,4368,卖盘
784,13:31:49,3.64,0.0,4,1456,卖盘
785,13:32:01,3.64,0.0,2,728,卖盘
786,13:32:21,3.64,0.0,16,5824,卖盘
787,13:32:27,3.64,0.0,17,6193,卖盘
788,13:32:46,3.64,0.0,5,1820,卖盘
789,13:33:22,3.64,0.0,16,5824,卖盘
790,13:33:45,3.64,0.0,4,1456,卖盘
791,13:34:10,3.64,0.0,11,4004,卖盘
792,13:34:16,3.64,0.0,16,5824,卖盘
793,13:34:21,3.64,0.0,11,4004,卖盘
794,13:34:48,3.64,0.0,4,1456,卖盘
795,13:34:57,3.65,0.01,5,1825,买盘
796,13:35:16,3.64,-0.01,1,364,卖盘
797,13:35:22,3.65,0.01,18,6554,买盘
798,13:35:45,3.64,-0.01,4,1456,卖盘
799,13:36:22,3.64,0.0,16,5824,卖盘
800,13:36:27,3.64,0.0,2,728,卖盘
801,13:36:31,3.64,0.0,733,266681,卖盘
802,13:36:34,3.65,0.01,11,4015,买盘
803,13:36:40,3.65,0.0,10,3650,买盘
804,13:36:46,3.64,-0.01,4,1456,卖盘
805,13:36:51,3.65,0.01,38,13870,买盘
806,13:37:09,3.64,-0.01,11,4004,卖盘
807,13:37:16,3.64,0.0,16,5824,卖盘
808,13:37:21,3.64,0.0,29,10556,卖盘
809,13:37:46,3.64,0.0,3,1092,卖盘
810,13:38:22,3.64,0.0,16,5824,卖盘
811,13:38:45,3.64,0.0,19,6916,卖盘
812,13:39:06,3.64,0.0,16,5824,卖盘
813,13:40:06,3.64,0.0,16,5824,卖盘
814,13:40:13,3.64,0.0,11,4004,卖盘
815,13:40:45,3.65,0.01,12,4380,买盘
816,13:40:49,3.64,-0.01,4,1456,卖盘
817,13:40:55,3.65,0.01,4,1458,买盘
818,13:41:07,3.64,-0.01,16,5824,卖盘
819,13:41:13,3.64,0.0,424,154467,卖盘
820,13:41:16,3.64,0.0,1,364,买盘
821,13:41:25,3.64,0.0,10,3640,买盘
822,13:41:30,3.64,0.0,114,41365,买盘
823,13:41:37,3.64,0.0,20,7280,卖盘
824,13:41:40,3.64,0.0,58,21244,卖盘
825,13:41:49,3.63,-0.01,5,1815,卖盘
826,13:41:54,3.63,0.0,79,28677,卖盘
827,13:42:07,3.63,0.0,328,119064,卖盘
828,13:42:27,3.63,0.0,177,64251,卖盘
829,13:42:46,3.63,0.0,1,363,卖盘
830,13:42:49,3.63,0.0,4,1452,卖盘
831,13:43:04,3.63,0.0,56,20328,卖盘
832,13:43:06,3.63,0.0,15,5445,卖盘
833,13:43:09,3.63,0.0,12,4356,卖盘
834,13:43:40,3.64,0.01,977,355497,买盘
835,13:43:51,3.64,0.0,4,1456,卖盘
836,13:43:54,3.64,0.0,19,7047,卖盘
837,13:44:04,3.64,0.0,5,1820,买盘
838,13:44:09,3.64,0.0,236,85904,买盘
839,13:44:22,3.64,0.0,255,92689,买盘
840,13:44:49,3.64,0.0,1216,442755,卖盘
841,13:44:52,3.63,-0.01,4,1452,卖盘
842,13:44:55,3.64,0.01,49,17836,买盘
843,13:45:22,3.63,-0.01,2,726,卖盘
844,13:45:28,3.63,0.0,176,63888,卖盘
845,13:45:51,3.63,0.0,4,1452,卖盘
846,13:45:57,3.63,0.0,1,363,卖盘
847,13:46:04,3.63,0.0,16,5808,卖盘
848,13:46:09,3.63,0.0,11,3993,卖盘
849,13:46:49,3.63,0.0,100,36300,卖盘
850,13:46:52,3.63,0.0,14,5082,卖盘
851,13:47:22,3.63,0.0,15,5445,卖盘
852,13:47:51,3.63,0.0,4,1452,卖盘
853,13:47:57,3.63,0.0,16,5808,卖盘
854,13:48:28,3.63,0.0,177,64251,卖盘
855,13:48:52,3.63,0.0,4,1452,卖盘
856,13:49:09,3.63,0.0,11,3993,卖盘
857,13:49:15,3.63,0.0,16,5808,卖盘
858,13:49:52,3.63,0.0,6,2178,卖盘
859,13:50:22,3.63,0.0,16,5808,卖盘
860,13:50:48,3.63,0.0,4,1452,卖盘
861,13:50:57,3.64,0.01,454,165125,买盘
862,13:51:27,3.64,0.0,176,64064,卖盘
863,13:51:46,3.64,0.0,206,75115,卖盘
864,13:51:49,3.64,0.0,5,1820,买盘
865,13:51:51,3.63,-0.01,4,1452,卖盘
866,13:51:58,3.63,0.0,15,5445,卖盘
867,13:52:10,3.63,0.0,11,3993,卖盘
868,13:52:52,3.63,0.0,4,1452,卖盘
869,13:52:55,3.63,0.0,15,5445,卖盘
870,13:53:06,3.64,0.01,10,3640,买盘
871,13:53:09,3.63,-0.01,5,1815,卖盘
872,13:53:16,3.63,0.0,254,92202,卖盘
873,13:53:42,3.64,0.01,3,1092,买盘
874,13:53:51,3.63,-0.01,19,6897,卖盘
875,13:54:06,3.63,0.0,225,81675,卖盘
876,13:54:27,3.63,0.0,177,64251,卖盘
877,13:54:43,3.63,0.0,48,17424,卖盘
878,13:54:49,3.63,0.0,15,5445,卖盘
879,13:54:51,3.63,0.0,4,1452,卖盘
880,13:54:55,3.64,0.01,181,65884,买盘
881,13:55:13,3.63,-0.01,11,3993,卖盘
882,13:55:15,3.63,0.0,114,41382,卖盘
883,13:55:18,3.64,0.01,200,72800,买盘
884,13:55:37,3.64,0.0,83,30212,买盘
885,13:55:49,3.63,-0.01,4,1452,卖盘
886,13:56:06,3.64,0.01,5,1820,买盘
887,13:56:12,3.63,-0.01,270,98010,卖盘
888,13:56:52,3.63,0.0,4,1452,卖盘
889,13:57:07,3.63,0.0,1015,368445,卖盘
890,13:57:09,3.64,0.01,156,56784,买盘
891,13:57:12,3.63,-0.01,104,37752,卖盘
892,13:57:28,3.62,-0.01,176,63793,卖盘
893,13:57:52,3.62,0.0,74,26788,卖盘
894,13:57:58,3.62,0.0,161,58282,卖盘
895,13:58:10,3.62,0.0,11,3982,卖盘
896,13:58:16,3.63,0.01,33,11950,买盘
897,13:58:36,3.62,-0.01,5,1810,卖盘
898,13:58:48,3.62,0.0,6,2172,卖盘
899,13:58:55,3.62,0.0,15,5430,卖盘
900,13:59:15,3.62,0.0,254,91948,卖盘
901,13:59:28,3.62,0.0,529,191498,卖盘
902,13:59:36,3.62,0.0,139,50028,卖盘
903,13:59:40,3.62,0.0,470,169690,买盘
904,13:59:43,3.62,0.0,10,3620,买盘
905,13:59:45,3.62,0.0,25,9050,买盘
906,13:59:48,3.62,0.0,10,3620,买盘
907,13:59:52,3.62,0.0,25,9030,买盘
908,13:59:55,3.61,-0.01,20,7220,卖盘
909,14:00:01,3.62,0.01,50,18100,买盘
910,14:00:04,3.61,-0.01,300,108300,卖盘
911,14:00:10,3.62,0.01,6,2172,买盘
912,14:00:12,3.62,0.0,22,7964,买盘
913,14:00:19,3.61,-0.01,714,257754,卖盘
914,14:00:22,3.6,-0.01,254,91628,卖盘
915,14:00:28,3.6,0.0,177,63720,卖盘
916,14:00:37,3.61,0.01,19,6859,买盘
917,14:00:40,3.61,0.0,37,13357,买盘
918,14:00:49,3.6,-0.01,4,1440,卖盘
919,14:00:51,3.61,0.01,35,12635,买盘
920,14:01:04,3.61,0.0,61,22021,卖盘
921,14:01:07,3.61,0.0,39,14079,买盘
922,14:01:09,3.61,0.0,14,5054,卖盘
923,14:01:13,3.61,0.0,12,4332,卖盘
924,14:01:25,3.61,0.0,4,1444,卖盘
925,14:01:28,3.61,0.0,13,4694,卖盘
926,14:01:51,3.61,0.0,4,1444,卖盘
927,14:02:01,3.61,0.0,4,1444,卖盘
928,14:02:04,3.61,0.0,30,10830,卖盘
929,14:02:21,3.61,0.0,6,2166,卖盘
930,14:02:28,3.61,0.0,628,226708,卖盘
931,14:02:34,3.61,0.0,4,1444,卖盘
932,14:02:37,3.62,0.01,15,5430,买盘
933,14:02:39,3.61,-0.01,22,7942,卖盘
934,14:02:46,3.61,0.0,27,9747,卖盘
935,14:02:51,3.61,0.0,57,20597,卖盘
936,14:03:10,3.61,0.0,100,36100,卖盘
937,14:03:16,3.6,-0.01,2147,773041,卖盘
938,14:03:21,3.59,-0.01,254,91186,卖盘
939,14:03:27,3.59,0.0,191,68569,卖盘
940,14:03:40,3.59,0.0,23,8257,卖盘
941,14:03:46,3.6,0.01,5,1800,买盘
942,14:03:49,3.59,-0.01,30,10770,卖盘
943,14:03:52,3.59,0.0,50,17950,卖盘
944,14:03:58,3.59,0.0,175,62825,卖盘
945,14:04:10,3.59,0.0,103,36980,卖盘
946,14:04:13,3.59,0.0,21,7539,买盘
947,14:04:16,3.6,0.01,39,14040,买盘
948,14:04:28,3.59,-0.01,374,134266,卖盘
949,14:04:30,3.59,0.0,30,10751,买盘
950,14:04:34,3.58,-0.01,53,19012,卖盘
951,14:04:37,3.59,0.01,5,1795,买盘
952,14:04:40,3.59,0.0,72,25848,买盘
953,14:04:42,3.59,0.0,302,108118,中性盘
954,14:04:48,3.59,0.0,3,1077,卖盘
955,14:04:52,3.6,0.01,2,720,买盘
956,14:05:01,3.59,-0.01,11,3949,卖盘
957,14:05:04,3.6,0.01,33,11862,买盘
958,14:05:09,3.59,-0.01,3,1079,卖盘
959,14:05:16,3.6,0.01,3,1080,买盘
960,14:05:18,3.6,0.0,240,86400,买盘
961,14:05:21,3.59,-0.01,15,5385,卖盘
962,14:05:25,3.6,0.01,38,13680,买盘
963,14:05:28,3.6,0.0,80,28800,买盘
964,14:05:34,3.59,-0.01,100,35900,卖盘
965,14:05:39,3.6,0.01,88,31680,买盘
966,14:05:43,3.6,0.0,176,63360,卖盘
967,14:05:52,3.61,0.01,210,75700,买盘
968,14:05:55,3.6,-0.01,4,1440,卖盘
969,14:06:00,3.61,0.01,20,7220,买盘
970,14:06:04,3.61,0.0,83,29899,买盘
971,14:06:10,3.62,0.01,500,180873,买盘
972,14:06:22,3.6,-0.02,284,102290,卖盘
973,14:06:25,3.62,0.02,5,1810,买盘
974,14:06:28,3.6,-0.02,177,63736,卖盘
975,14:06:40,3.61,0.01,1,361,卖盘
976,14:06:58,3.62,0.01,50,18100,买盘
977,14:07:03,3.62,0.0,445,161090,买盘
978,14:07:10,3.62,0.0,6,2172,买盘
979,14:07:13,3.62,0.0,15,5430,买盘
980,14:07:19,3.62,0.0,145,52780,买盘
981,14:07:28,3.62,0.0,8,2896,卖盘
982,14:07:31,3.63,0.01,168,60984,买盘
983,14:07:34,3.63,0.0,1,363,买盘
984,14:07:37,3.62,-0.01,48,17376,卖盘
985,14:07:39,3.62,0.0,10,3620,卖盘
986,14:07:51,3.62,0.0,4,1448,卖盘
987,14:08:10,3.62,0.0,11,3982,卖盘
988,14:08:16,3.62,0.0,50,18100,卖盘
989,14:08:37,3.62,0.0,166,59802,卖盘
990,14:08:52,3.61,-0.01,9,3253,卖盘
991,14:08:58,3.61,0.0,1,361,卖盘
992,14:09:04,3.62,0.01,4,1448,买盘
993,14:09:10,3.61,-0.01,16,5776,卖盘
994,14:09:13,3.61,0.0,8,2888,卖盘
995,14:09:22,3.61,0.0,254,91694,卖盘
996,14:09:28,3.61,0.0,176,63536,卖盘
997,14:09:37,3.62,0.01,4,1448,买盘
998,14:09:39,3.62,0.0,4,1448,买盘
999,14:09:55,3.61,-0.01,8,2892,卖盘
1000,14:09:58,3.62,0.01,12,4344,买盘
1001,14:10:01,3.62,0.0,4,1448,买盘
1002,14:10:04,3.61,-0.01,14,5054,卖盘
1003,14:10:09,3.62,0.01,7,2531,买盘
1004,14:10:16,3.61,-0.01,1,361,卖盘
1005,14:10:19,3.62,0.01,25,9050,买盘
1006,14:10:28,3.62,0.0,100,36200,买盘
1007,14:10:34,3.62,0.0,83,30336,买盘
1008,14:10:43,3.62,0.0,230,83260,卖盘
1009,14:10:55,3.62,0.0,4,1448,卖盘
1010,14:10:58,3.62,0.0,205,74210,卖盘
1011,14:11:04,3.62,0.0,1,362,卖盘
1012,14:11:06,3.62,0.0,12,4344,卖盘
1013,14:11:10,3.62,0.0,1,362,卖盘
1014,14:11:13,3.62,0.0,1,362,卖盘
1015,14:11:16,3.62,0.0,1,362,卖盘
1016,14:11:52,3.64,0.02,1340,487033,买盘
1017,14:11:55,3.62,-0.02,104,37648,卖盘
1018,14:12:54,3.62,0.0,4,1448,卖盘
1019,14:13:01,3.62,0.0,12,4344,卖盘
1020,14:13:13,3.62,0.0,66,23602,卖盘
1021,14:13:16,3.62,0.0,14,5358,买盘
1022,14:13:21,3.62,0.0,50,18100,卖盘
1023,14:13:31,3.63,0.01,288,104544,买盘
1024,14:13:51,3.62,-0.01,4,1448,卖盘
1025,14:14:07,3.62,0.0,12,4344,卖盘
1026,14:14:40,3.63,0.01,4,1452,买盘
1027,14:14:45,3.62,-0.01,12,4344,卖盘
1028,14:14:52,3.62,0.0,7,2537,卖盘
1029,14:15:06,3.62,0.0,70,25340,卖盘
1030,14:15:30,3.62,0.0,153,55386,卖盘
1031,14:15:55,3.62,0.0,4,1448,卖盘
1032,14:15:58,3.62,0.0,15,5430,卖盘
1033,14:16:00,3.62,0.0,9,3258,卖盘
1034,14:16:04,3.62,0.0,30,10860,卖盘
1035,14:16:37,3.62,0.0,18,6516,卖盘
1036,14:16:40,3.62,0.0,312,112944,卖盘
1037,14:16:54,3.62,0.0,62,22444,卖盘
1038,14:17:07,3.62,0.0,11,3982,卖盘
1039,14:17:10,3.62,0.0,100,36200,卖盘
1040,14:17:28,3.63,0.01,2,726,买盘
1041,14:17:39,3.63,0.0,2,726,买盘
1042,14:17:42,3.63,0.0,4,1452,买盘
1043,14:17:55,3.62,-0.01,4,1448,卖盘
1044,14:17:58,3.63,0.01,2,726,买盘
1045,14:18:01,3.62,-0.01,28,10136,卖盘
1046,14:18:25,3.63,0.01,1,363,买盘
1047,14:18:31,3.62,-0.01,162,58644,卖盘
1048,14:18:40,3.63,0.01,11,3993,买盘
1049,14:18:55,3.62,-0.01,4,1448,卖盘
1050,14:18:57,3.63,0.01,2,726,买盘
1051,14:19:06,3.62,-0.01,89,32218,卖盘
1052,14:19:13,3.62,0.0,19,6878,卖盘
1053,14:19:27,3.63,0.01,2,726,买盘
1054,14:19:54,3.62,-0.01,4,1448,卖盘
1055,14:20:00,3.62,0.0,18,6516,卖盘
1056,14:20:06,3.62,0.0,11,3982,卖盘
1057,14:20:10,3.63,0.01,563,204369,买盘
1058,14:20:27,3.64,0.01,2,728,买盘
1059,14:20:31,3.64,0.0,68,24752,买盘
1060,14:20:43,3.64,0.0,297,108077,买盘
1061,14:20:46,3.64,0.0,14,5096,买盘
1062,14:20:54,3.63,-0.01,4,1452,卖盘
1063,14:20:57,3.64,0.01,2,728,买盘
1064,14:21:13,3.64,0.0,2,728,买盘
1065,14:21:31,3.63,-0.01,153,55539,卖盘
1066,14:21:34,3.64,0.01,50,18200,买盘
1067,14:21:42,3.64,0.0,2,728,买盘
1068,14:21:48,3.64,0.0,4,1456,买盘
1069,14:21:55,3.63,-0.01,22,7986,卖盘
1070,14:21:58,3.64,0.01,2,728,买盘
1071,14:22:16,3.64,0.0,4,1456,买盘
1072,14:22:28,3.64,0.0,1,364,买盘
1073,14:22:31,3.63,-0.01,131,47553,卖盘
1074,14:22:46,3.64,0.01,3,1092,买盘
1075,14:22:52,3.64,0.0,4,1456,买盘
1076,14:22:55,3.64,0.0,7,2544,买盘
1077,14:23:04,3.63,-0.01,11,3993,卖盘
1078,14:23:07,3.63,0.0,18,6534,卖盘
1079,14:23:28,3.64,0.01,1,364,买盘
1080,14:23:31,3.63,-0.01,5,1815,卖盘
1081,14:23:52,3.63,0.0,18,6534,卖盘
1082,14:23:55,3.63,0.0,4,1452,卖盘
1083,14:23:58,3.64,0.01,1,364,买盘
1084,14:24:04,3.63,-0.01,10,3630,卖盘
1085,14:24:12,3.64,0.01,1,364,买盘
1086,14:24:25,3.64,0.0,6,2184,买盘
1087,14:24:31,3.63,-0.01,152,55176,卖盘
1088,14:24:34,3.64,0.01,202,73528,买盘
1089,14:24:46,3.63,-0.01,80,29040,卖盘
1090,14:24:49,3.64,0.01,655,238420,买盘
1091,14:24:51,3.64,0.0,19,6916,卖盘
1092,14:25:01,3.64,0.0,98,35672,卖盘
1093,14:25:07,3.64,0.0,131,47684,卖盘
1094,14:25:12,3.65,0.01,2,730,买盘
1095,14:25:25,3.65,0.0,2,730,买盘
1096,14:25:43,3.65,0.0,14,5110,买盘
1097,14:25:55,3.64,-0.01,50,18200,卖盘
1098,14:25:58,3.64,0.0,13,4734,卖盘
1099,14:26:04,3.64,0.0,11,4004,卖盘
1100,14:26:13,3.65,0.01,17,6190,买盘
1101,14:26:15,3.65,0.0,319,116435,买盘
1102,14:26:18,3.64,-0.01,2,728,卖盘
1103,14:26:28,3.65,0.01,6,2190,买盘
1104,14:26:31,3.65,0.0,8,2920,买盘
1105,14:26:34,3.65,0.0,10,3650,买盘
1106,14:26:36,3.65,0.0,4,1460,买盘
1107,14:26:40,3.65,0.0,6,2190,买盘
1108,14:26:43,3.65,0.0,4,1460,买盘
1109,14:26:46,3.64,-0.01,18,6552,卖盘
1110,14:26:49,3.65,0.01,6,2190,买盘
1111,14:26:52,3.65,0.0,9,3285,买盘
1112,14:26:55,3.65,0.0,8,2920,买盘
1113,14:26:58,3.65,0.0,17,6205,买盘
1114,14:27:01,3.65,0.0,8,2920,买盘
1115,14:27:04,3.65,0.0,9,3285,买盘
1116,14:27:07,3.64,-0.01,32,11660,卖盘
1117,14:27:10,3.65,0.01,46,16790,买盘
1118,14:27:13,3.65,0.0,4,1460,买盘
1119,14:27:16,3.65,0.0,6,2190,买盘
1120,14:27:21,3.65,0.0,6,2190,买盘
1121,14:27:28,3.65,0.0,2,730,买盘
1122,14:27:31,3.65,0.0,2,730,买盘
1123,14:27:34,3.65,0.0,203,74095,买盘
1124,14:27:43,3.65,0.0,4,1460,买盘
1125,14:27:55,3.65,0.0,1,365,买盘
1126,14:28:01,3.64,-0.01,18,6552,卖盘
1127,14:28:07,3.65,0.01,30,10950,买盘
1128,14:28:13,3.65,0.0,40,14600,买盘
1129,14:28:24,3.65,0.0,1,365,买盘
1130,14:28:30,3.65,0.0,3,1095,买盘
1131,14:28:40,3.65,0.0,8,2920,买盘
1132,14:28:46,3.65,0.0,3,1095,买盘
1133,14:28:51,3.64,-0.01,18,6552,卖盘
1134,14:29:10,3.64,0.0,11,4004,卖盘
1135,14:29:13,3.65,0.01,3,1095,买盘
1136,14:29:22,3.65,0.0,10,3650,买盘
1137,14:29:25,3.65,0.0,2,730,买盘
1138,14:29:46,3.65,0.0,1,365,买盘
1139,14:29:52,3.64,-0.01,18,6552,卖盘
1140,14:29:55,3.64,0.0,120,43680,卖盘
1141,14:29:58,3.65,0.01,3,1095,买盘
1142,14:30:04,3.64,-0.01,2,728,卖盘
1143,14:30:25,3.65,0.01,6,2190,买盘
1144,14:30:28,3.65,0.0,6,2190,买盘
1145,14:30:34,3.64,-0.01,10,3640,卖盘
1146,14:30:37,3.65,0.01,4,1460,买盘
1147,14:30:40,3.64,-0.01,18,6552,卖盘
1148,14:30:58,3.65,0.01,4,1460,买盘
1149,14:31:06,3.64,-0.01,5,1820,卖盘
1150,14:31:09,3.65,0.01,20,7300,买盘
1151,14:31:15,3.65,0.0,5,1825,买盘
1152,14:31:28,3.65,0.0,6,2190,买盘
1153,14:31:36,3.64,-0.01,18,6552,卖盘
1154,14:31:58,3.65,0.01,4,1460,买盘
1155,14:32:01,3.65,0.0,16,5840,买盘
1156,14:32:06,3.64,-0.01,4,1456,卖盘
1157,14:32:22,3.64,0.0,199,72436,卖盘
1158,14:32:27,3.65,0.01,3,1095,买盘
1159,14:32:33,3.64,-0.01,18,6552,卖盘
1160,14:32:37,3.64,0.0,15,5460,卖盘
1161,14:33:22,3.64,0.0,12,4368,卖盘
1162,14:33:28,3.64,0.0,5,1820,卖盘
1163,14:33:33,3.64,0.0,66,24024,卖盘
1164,14:33:55,3.64,0.0,187,68068,卖盘
1165,14:33:57,3.64,0.0,100,36400,卖盘
1166,14:34:00,3.64,0.0,377,137228,卖盘
1167,14:34:28,3.63,-0.01,11,3993,卖盘
1168,14:34:31,3.63,0.0,20,7260,卖盘
1169,14:34:46,3.63,0.0,1,363,卖盘
1170,14:34:58,3.63,0.0,130,47190,卖盘
1171,14:35:01,3.63,0.0,10,3630,卖盘
1172,14:35:07,3.63,0.0,100,36300,卖盘
1173,14:35:52,3.63,0.0,18,6534,卖盘
1174,14:35:58,3.63,0.0,8,2904,卖盘
1175,14:36:06,3.63,0.0,160,58080,卖盘
1176,14:36:22,3.63,0.0,40,14520,卖盘
1177,14:36:27,3.63,0.0,19,6897,卖盘
1178,14:36:34,3.63,0.0,56,20328,卖盘
1179,14:36:39,3.63,0.0,50,18150,卖盘
1180,14:36:46,3.63,0.0,24,8712,买盘
1181,14:37:19,3.62,-0.01,30,10860,卖盘
1182,14:37:28,3.62,0.0,185,66970,卖盘
1183,14:37:34,3.62,0.0,18,6516,卖盘
1184,14:37:49,3.62,0.0,4,1448,卖盘
1185,14:38:07,3.62,0.0,103,37286,卖盘
1186,14:38:09,3.62,0.0,300,108600,卖盘
1187,14:38:37,3.62,0.0,17,6154,卖盘
1188,14:38:40,3.62,0.0,350,126700,卖盘
1189,14:38:58,3.62,0.0,5,1813,卖盘
1190,14:39:16,3.62,0.0,250,90500,卖盘
1191,14:39:19,3.63,0.01,50,18150,买盘
1192,14:39:28,3.63,0.0,4,1452,买盘
1193,14:39:33,3.62,-0.01,18,6516,卖盘
1194,14:39:43,3.62,0.0,5,1811,卖盘
1195,14:39:46,3.62,0.0,35,12670,卖盘
1196,14:39:55,3.63,0.01,6,2178,买盘
1197,14:40:07,3.63,0.0,90,32600,买盘
1198,14:40:24,3.63,0.0,5,1815,买盘
1199,14:40:31,3.62,-0.01,18,6516,卖盘
1200,14:40:40,3.62,0.0,2,724,卖盘
1201,14:40:49,3.62,0.0,11,3982,卖盘
1202,14:40:52,3.62,0.0,131,47422,卖盘
1203,14:40:55,3.63,0.01,3,1089,买盘
1204,14:41:09,3.62,-0.01,154,55748,卖盘
1205,14:41:16,3.62,0.0,18,6516,卖盘
1206,14:41:24,3.63,0.01,4,1452,买盘
1207,14:41:40,3.63,0.0,21,7623,买盘
1208,14:41:54,3.63,0.0,15,5445,买盘
1209,14:42:01,3.63,0.0,1,363,买盘
1210,14:42:04,3.63,0.0,100,36300,买盘
1211,14:42:09,3.63,0.0,7,2541,买盘
1212,14:42:12,3.63,0.0,20,7260,买盘
1213,14:42:15,3.63,0.0,1,363,卖盘
1214,14:42:28,3.63,0.0,3,1089,买盘
1215,14:42:30,3.62,-0.01,300,108600,卖盘
1216,14:42:33,3.63,0.01,1,363,买盘
1217,14:42:37,3.64,0.01,14,5084,买盘
1218,14:42:40,3.64,0.0,2,728,买盘
1219,14:42:46,3.61,-0.03,646,234344,卖盘
1220,14:43:52,3.61,0.0,350,126586,卖盘
1221,14:44:01,3.62,0.01,13,4706,卖盘
1222,14:44:07,3.62,0.0,15,5430,卖盘
1223,14:44:13,3.61,-0.01,18,6507,卖盘
1224,14:44:24,3.62,0.01,1,362,卖盘
1225,14:44:46,3.63,0.01,12,4356,买盘
1226,14:45:36,3.63,0.0,2,726,买盘
1227,14:45:43,3.62,-0.01,17,6154,卖盘
1228,14:45:46,3.62,0.0,201,72762,卖盘
1229,14:45:55,3.62,0.0,20,7240,买盘
1230,14:46:16,3.62,0.0,238,86018,买盘
1231,14:46:22,3.62,0.0,9,3255,买盘
1232,14:46:25,3.62,0.0,58,20996,买盘
1233,14:46:46,3.62,0.0,10,3620,买盘
1234,14:46:49,3.61,-0.01,706,254866,卖盘
1235,14:46:52,3.61,0.0,22,7942,卖盘
1236,14:46:58,3.61,0.0,10,3610,卖盘
1237,14:47:07,3.61,0.0,10,3610,卖盘
1238,14:47:24,3.61,0.0,60,21660,卖盘
1239,14:47:27,3.62,0.01,1,362,买盘
1240,14:47:31,3.61,-0.01,5,1805,卖盘
1241,14:47:43,3.62,0.01,31,11219,买盘
1242,14:47:49,3.61,-0.01,17,6137,卖盘
1243,14:47:52,3.61,0.0,8,2888,卖盘
1244,14:47:55,3.62,0.01,7,2532,买盘
1245,14:48:07,3.62,0.0,10,3620,买盘
1246,14:48:16,3.62,0.0,5,1810,买盘
1247,14:48:22,3.62,0.0,5,1810,买盘
1248,14:48:25,3.62,0.0,6,2172,买盘
1249,14:48:43,3.62,0.0,54,19544,买盘
1250,14:48:49,3.61,-0.01,17,6137,卖盘
1251,14:48:54,3.62,0.01,4,1448,买盘
1252,14:49:19,3.62,0.0,150,54300,买盘
1253,14:49:25,3.62,0.0,7,2534,买盘
1254,14:49:37,3.62,0.0,65,23515,买盘
1255,14:49:43,3.62,0.0,1,362,买盘
1256,14:49:55,3.62,0.0,5,1810,买盘
1257,14:50:13,3.62,0.0,24,8674,买盘
1258,14:50:18,3.62,0.0,5,1810,买盘
1259,14:50:22,3.61,-0.01,121,43681,卖盘
1260,14:50:28,3.61,0.0,73,26359,卖盘
1261,14:50:39,3.62,0.01,20,7240,买盘
1262,14:50:54,3.62,0.0,5,1810,买盘
1263,14:51:22,3.61,-0.01,15,5415,卖盘
1264,14:51:27,3.62,0.01,5,1810,买盘
1265,14:51:31,3.62,0.0,8,2896,买盘
1266,14:51:43,3.62,0.0,46,16624,买盘
1267,14:51:49,3.62,0.0,12,4344,买盘
1268,14:52:07,3.61,-0.01,46,16606,卖盘
1269,14:52:13,3.62,0.01,1,362,买盘
1270,14:52:18,3.62,0.0,188,67888,买盘
1271,14:52:25,3.62,0.0,4,1446,买盘
1272,14:52:28,3.62,0.0,14,5068,买盘
1273,14:52:37,3.61,-0.01,42,15162,卖盘
1274,14:52:51,3.62,0.01,34,12294,买盘
1275,14:53:01,3.62,0.0,50,18100,买盘
1276,14:53:25,3.61,-0.01,72,25992,卖盘
1277,14:53:33,3.61,0.0,170,61390,卖盘
1278,14:53:37,3.61,0.0,12,4332,卖盘
1279,14:53:52,3.61,0.0,300,108330,卖盘
1280,14:54:19,3.61,0.0,49,17689,卖盘
1281,14:54:22,3.61,0.0,11,3971,卖盘
1282,14:54:28,3.61,0.0,38,13718,卖盘
1283,14:54:37,3.61,0.0,134,48374,卖盘
1284,14:54:40,3.62,0.01,22,7964,买盘
1285,14:54:43,3.61,-0.01,12,4332,卖盘
1286,14:55:16,3.61,0.0,130,46930,卖盘
1287,14:55:22,3.62,0.01,13,4695,买盘
1288,14:55:24,3.61,-0.01,70,25270,卖盘
1289,14:55:28,3.61,0.0,32,11552,卖盘
1290,14:55:31,3.62,0.01,66,23892,买盘
1291,14:55:36,3.61,-0.01,10,3610,卖盘
1292,14:55:40,3.61,0.0,25,9025,卖盘
1293,14:55:46,3.61,0.0,23,8303,卖盘
1294,14:55:58,3.61,0.0,2,722,卖盘
1295,14:56:01,3.61,0.0,149,53789,卖盘
1296,14:56:22,3.61,0.0,37,13357,卖盘
1297,14:56:28,3.62,0.01,27,9774,买盘
1298,14:56:37,3.61,-0.01,35,12635,卖盘
1299,14:56:43,3.62,0.01,1,362,买盘
1300,15:00:05,3.61,-0.01,1322,477242,卖盘
