,time,price,change,volume,amount,type
0,09:25:04,3.68,0.1,1377,506736,卖盘
1,09:30:04,3.68,0.0,45,16580,卖盘
2,09:30:07,3.68,0.0,940,346225,卖盘
3,09:30:10,3.68,0.0,249,91632,买盘
4,09:30:13,3.7,0.02,576,212621,买盘
5,09:30:16,3.69,-0.01,83,30551,中性盘
6,09:30:19,3.69,0.0,3,1107,卖盘
7,09:30:22,3.69,0.0,8,2956,卖盘
8,09:30:25,3.7,0.01,36,13318,买盘
9,09:30:28,3.69,-0.01,6,2214,卖盘
10,09:30:31,3.7,0.01,59,21830,买盘
11,09:30:34,3.69,-0.01,221,81745,卖盘
12,09:30:37,3.69,0.0,10,3695,卖盘
13,09:30:40,3.7,0.01,204,75443,买盘
14,09:30:43,3.69,-0.01,39,14395,买盘
15,09:30:46,3.7,0.01,90,33244,买盘
16,09:30:49,3.69,-0.01,10,3690,卖盘
17,09:30:52,3.66,-0.03,454,167368,卖盘
18,09:30:55,3.69,0.03,58,21391,买盘
19,09:30:58,3.68,-0.01,7,2576,中性盘
20,09:31:01,3.68,0.0,113,41599,卖盘
21,09:31:04,3.69,0.01,161,59425,买盘
22,09:31:07,3.69,0.0,18,6642,卖盘
23,09:31:10,3.66,-0.03,406,149244,卖盘
24,09:31:16,3.68,0.02,80,29440,买盘
25,09:31:22,3.68,0.0,93,34135,买盘
26,09:31:28,3.68,0.0,34,12482,买盘
27,09:31:31,3.68,0.0,277,101925,买盘
28,09:31:34,3.67,-0.01,162,59494,卖盘
29,09:31:37,3.68,0.01,52,19124,买盘
30,09:31:40,3.67,-0.01,75,27545,卖盘
31,09:31:43,3.67,0.0,26,9550,卖盘
32,09:31:46,3.68,0.01,35,12877,买盘
33,09:31:49,3.68,0.0,30,11040,买盘
34,09:31:52,3.69,0.01,72,26566,买盘
35,09:31:55,3.67,-0.02,60,22020,卖盘
36,09:31:58,3.68,0.01,10,3680,买盘
37,09:32:07,3.67,-0.01,464,170298,卖盘
38,09:32:13,3.67,0.0,12,4404,买盘
39,09:32:16,3.67,0.0,106,38802,买盘
40,09:32:19,3.67,0.0,100,36650,买盘
41,09:32:22,3.67,0.0,27,9909,买盘
42,09:32:25,3.67,0.0,20,7340,买盘
43,09:32:28,3.67,0.0,8,2936,买盘
44,09:32:31,3.67,0.0,23,8433,买盘
45,09:32:34,3.67,0.0,16,5872,买盘
46,09:32:37,3.67,0.0,4,1468,买盘
47,09:32:40,3.66,-0.01,20,7332,卖盘
48,09:32:43,3.67,0.01,219,80219,买盘
49,09:32:46,3.67,0.0,316,115972,买盘
50,09:32:49,3.67,0.0,74,27088,买盘
51,09:32:52,3.66,-0.01,42,15372,卖盘
52,09:32:55,3.67,0.01,24,8793,买盘
53,09:32:58,3.66,-0.01,99,36238,卖盘
54,09:33:01,3.66,0.0,4,1464,买盘
55,09:33:04,3.66,0.0,139,50739,买盘
56,09:33:07,3.66,0.0,14,5124,买盘
57,09:33:13,3.66,0.0,36,13176,买盘
58,09:33:16,3.66,0.0,8,2928,买盘
59,09:33:19,3.66,0.0,4,1464,买盘
60,09:33:22,3.66,0.0,5,1830,买盘
61,09:33:25,3.66,0.0,104,38064,买盘
62,09:33:34,3.65,-0.01,62,22630,卖盘
63,09:33:37,3.65,0.0,114,41614,卖盘
64,09:33:46,3.65,0.0,154,56210,卖盘
65,09:33:49,3.65,0.0,108,39420,卖盘
66,09:33:52,3.65,0.0,88,32120,卖盘
67,09:33:58,3.65,0.0,2,730,买盘
68,09:34:04,3.64,-0.01,6,2184,卖盘
69,09:34:07,3.65,0.01,22,8030,买盘
70,09:34:13,3.66,0.01,99,36179,买盘
71,09:34:19,3.65,-0.01,8,2920,买盘
72,09:34:22,3.65,0.0,38,13870,买盘
73,09:34:31,3.65,0.0,4,1460,买盘
74,09:34:34,3.65,0.0,110,40140,买盘
75,09:34:37,3.64,-0.01,125,45505,卖盘
76,09:34:40,3.64,0.0,9,3276,卖盘
77,09:34:43,3.64,0.0,41,14924,买盘
78,09:34:46,3.64,0.0,6,2184,买盘
79,09:34:49,3.64,0.0,202,73498,买盘
80,09:34:52,3.64,0.0,75,27300,买盘
81,09:34:55,3.64,0.0,45,16380,买盘
82,09:34:58,3.65,0.01,33,12021,买盘
83,09:35:01,3.64,-0.01,32,11648,中性盘
84,09:35:04,3.65,0.01,136,49640,买盘
85,09:35:07,3.64,-0.01,162,59045,卖盘
86,09:35:10,3.65,0.01,104,37935,买盘
87,09:35:13,3.64,-0.01,54,19682,卖盘
88,09:35:16,3.66,0.02,12,4392,买盘
89,09:35:19,3.66,0.0,16,5856,买盘
90,09:35:22,3.66,0.0,191,69548,买盘
91,09:35:25,3.66,0.0,12,4392,买盘
92,09:35:28,3.65,-0.01,10,3650,卖盘
93,09:35:31,3.65,0.0,23,8395,买盘
94,09:35:34,3.65,0.0,7,2555,买盘
95,09:35:37,3.65,0.0,37,13505,买盘
96,09:35:40,3.66,0.01,4,1464,买盘
97,09:35:43,3.66,0.0,23,8418,买盘
98,09:35:46,3.66,0.0,49,17894,买盘
99,09:35:49,3.66,0.0,29,10614,买盘
100,09:35:52,3.66,0.0,34,12444,买盘
101,09:35:55,3.66,0.0,18,6588,买盘
102,09:35:58,3.66,0.0,105,38430,买盘
103,09:36:01,3.66,0.0,19,6950,买盘
104,09:36:05,3.66,0.0,66,24151,买盘
105,09:36:07,3.66,0.0,90,32940,买盘
106,09:36:10,3.67,0.01,46,16860,买盘
107,09:36:13,3.67,0.0,19,6973,买盘
108,09:36:16,3.67,0.0,31,11351,买盘
109,09:36:22,3.67,0.0,19,6972,买盘
110,09:36:25,3.67,0.0,12,4404,买盘
111,09:36:28,3.67,0.0,6,2202,买盘
112,09:36:37,3.66,-0.01,12,4392,卖盘
113,09:36:40,3.66,0.0,7,2562,卖盘
114,09:36:43,3.67,0.01,4,1468,买盘
115,09:36:46,3.66,-0.01,1,366,卖盘
116,09:36:52,3.67,0.01,20,7340,买盘
117,09:36:55,3.67,0.0,34,12468,买盘
118,09:36:58,3.67,0.0,15,5505,买盘
119,09:37:04,3.67,0.0,32,11739,买盘
120,09:37:10,3.67,0.0,384,140928,买盘
121,09:37:13,3.68,0.01,25,9185,买盘
122,09:37:15,3.67,-0.01,11,4037,卖盘
123,09:37:28,3.67,0.0,172,63276,卖盘
124,09:37:34,3.68,0.01,20,7360,买盘
125,09:37:37,3.68,0.0,4,1472,买盘
126,09:37:40,3.68,0.0,4,1472,买盘
127,09:37:46,3.67,-0.01,100,36700,卖盘
128,09:37:49,3.67,0.0,51,18717,卖盘
129,09:37:52,3.68,0.01,11,4048,买盘
130,09:37:55,3.68,0.0,129,47472,买盘
131,09:38:01,3.67,-0.01,47,17285,卖盘
132,09:38:04,3.67,0.0,1,367,卖盘
133,09:38:06,3.68,0.01,12,4416,买盘
134,09:38:10,3.68,0.0,10,3680,买盘
135,09:38:13,3.67,-0.01,14,5142,卖盘
136,09:38:19,3.67,0.0,15,5505,卖盘
137,09:38:22,3.68,0.01,8,2944,买盘
138,09:38:25,3.68,0.0,220,80960,买盘
139,09:38:28,3.68,0.0,4,1472,买盘
140,09:38:31,3.67,-0.01,97,35616,卖盘
141,09:38:34,3.68,0.01,4,1472,买盘
142,09:38:37,3.67,-0.01,341,125147,卖盘
143,09:38:40,3.68,0.01,337,123897,买盘
144,09:38:43,3.68,0.0,52,19136,买盘
145,09:38:46,3.67,-0.01,21,7707,卖盘
146,09:38:49,3.67,0.0,8,2936,买盘
147,09:38:52,3.67,0.0,40,14680,买盘
148,09:38:55,3.67,0.0,18,6606,买盘
149,09:38:58,3.66,-0.01,246,90077,卖盘
150,09:39:01,3.66,0.0,1,366,买盘
151,09:39:04,3.66,0.0,60,21960,买盘
152,09:39:07,3.66,0.0,45,16470,买盘
153,09:39:10,3.66,0.0,79,28914,买盘
154,09:39:13,3.66,0.0,136,49776,买盘
155,09:39:16,3.66,0.0,4,1464,卖盘
156,09:39:19,3.66,0.0,8,2933,卖盘
157,09:39:22,3.67,0.01,18,6606,买盘
158,09:39:25,3.67,0.0,61,22387,买盘
159,09:39:28,3.67,0.0,14,5138,买盘
160,09:39:31,3.67,0.0,23,8435,买盘
161,09:39:34,3.67,0.0,15,5505,买盘
162,09:39:37,3.67,0.0,35,12845,买盘
163,09:39:40,3.67,0.0,83,30461,买盘
164,09:39:43,3.67,0.0,13,4771,买盘
165,09:39:46,3.67,0.0,85,31195,买盘
166,09:39:49,3.67,0.0,5,1835,卖盘
167,09:39:52,3.67,0.0,30,11035,卖盘
168,09:39:55,3.68,0.01,9,3312,买盘
169,09:39:58,3.68,0.0,41,15088,买盘
170,09:40:01,3.68,0.0,104,38172,买盘
171,09:40:04,3.68,0.0,21,7728,买盘
172,09:40:10,3.68,0.0,3,1104,买盘
173,09:40:19,3.68,0.0,300,110400,买盘
174,09:40:22,3.68,0.0,37,13616,买盘
175,09:40:25,3.68,0.0,36,13248,买盘
176,09:40:27,3.68,0.0,19,6992,买盘
177,09:40:37,3.68,0.0,24,8832,买盘
178,09:40:40,3.67,-0.01,3,1101,卖盘
179,09:40:43,3.67,0.0,197,72488,卖盘
180,09:40:46,3.67,0.0,401,147167,卖盘
181,09:40:49,3.68,0.01,5,1840,买盘
182,09:40:52,3.67,-0.01,3,1101,卖盘
183,09:40:54,3.67,0.0,1,367,卖盘
184,09:40:58,3.67,0.0,82,30134,买盘
185,09:41:01,3.69,0.02,1000,368230,买盘
186,09:41:04,3.67,-0.02,95,34865,买盘
187,09:41:07,3.67,0.0,5,1835,买盘
188,09:41:13,3.66,-0.01,30,11007,卖盘
189,09:41:19,3.67,0.01,19,6973,买盘
190,09:41:34,3.67,0.0,88,32314,卖盘
191,09:41:37,3.67,0.0,3,1101,卖盘
192,09:41:40,3.67,0.0,14,5142,卖盘
193,09:41:46,3.67,0.0,6,2202,卖盘
194,09:41:49,3.67,0.0,3,1101,卖盘
195,09:41:52,3.67,0.0,30,11010,卖盘
196,09:42:04,3.67,0.0,50,18350,卖盘
197,09:42:07,3.67,0.0,174,63858,卖盘
198,09:42:10,3.67,0.0,1,367,买盘
199,09:42:13,3.67,0.0,10,3670,买盘
200,09:42:28,3.66,-0.01,175,64050,卖盘
201,09:42:34,3.67,0.01,4,1468,买盘
202,09:42:37,3.67,0.0,80,29310,买盘
203,09:42:52,3.66,-0.01,12,4392,卖盘
204,09:42:57,3.67,0.01,10,3670,买盘
205,09:43:16,3.66,-0.01,460,168360,卖盘
206,09:43:19,3.66,0.0,5,1830,卖盘
207,09:43:22,3.66,0.0,20,7320,卖盘
208,09:43:31,3.66,0.0,57,20862,卖盘
209,09:43:40,3.65,-0.01,6,2190,卖盘
210,09:43:46,3.65,0.0,1,365,卖盘
211,09:43:52,3.65,0.0,3,1095,卖盘
212,09:44:04,3.65,0.0,3,1095,卖盘
213,09:44:16,3.65,0.0,32,11680,卖盘
214,09:44:19,3.65,0.0,5,1825,卖盘
215,09:44:22,3.66,0.01,496,181450,买盘
216,09:44:25,3.65,-0.01,49,17885,卖盘
217,09:44:28,3.66,0.01,2,732,买盘
218,09:44:34,3.65,-0.01,55,20084,卖盘
219,09:44:37,3.66,0.01,35,12810,买盘
220,09:44:42,3.66,0.0,12,4392,买盘
221,09:44:49,3.65,-0.01,10,3650,卖盘
222,09:44:52,3.65,0.0,10,3650,卖盘
223,09:44:55,3.66,0.01,3,1098,买盘
224,09:44:58,3.65,-0.01,41,14965,卖盘
225,09:45:07,3.66,0.01,2,732,买盘
226,09:45:09,3.65,-0.01,51,18618,卖盘
227,09:45:13,3.66,0.01,61,22326,买盘
228,09:45:16,3.65,-0.01,42,15330,卖盘
229,09:45:22,3.65,0.0,20,7300,卖盘
230,09:45:25,3.65,0.0,25,9125,卖盘
231,09:45:31,3.65,0.0,49,17893,卖盘
232,09:45:33,3.65,0.0,208,75920,卖盘
233,09:45:37,3.65,0.0,167,60955,卖盘
234,09:45:46,3.66,0.01,100,36538,买盘
235,09:45:49,3.65,-0.01,111,40515,买盘
236,09:45:52,3.65,0.0,4,1460,卖盘
237,09:45:55,3.66,0.01,418,152942,买盘
238,09:45:57,3.66,0.0,99,36234,卖盘
239,09:46:01,3.66,0.0,43,15738,卖盘
240,09:46:04,3.66,0.0,77,28182,卖盘
241,09:46:13,3.67,0.01,314,115238,买盘
242,09:46:16,3.67,0.0,138,50646,卖盘
243,09:46:19,3.66,-0.01,110,40308,卖盘
244,09:46:28,3.67,0.01,94,34498,卖盘
245,09:46:31,3.67,0.0,99,36333,卖盘
246,09:46:34,3.67,0.0,32,11744,卖盘
247,09:46:37,3.67,0.0,46,16882,卖盘
248,09:46:42,3.67,0.0,31,11377,卖盘
249,09:47:13,3.67,0.0,1,367,买盘
250,09:47:16,3.67,0.0,116,42572,买盘
251,09:47:22,3.66,-0.01,1,366,卖盘
252,09:47:25,3.66,0.0,29,10614,卖盘
253,09:47:28,3.66,0.0,2,732,卖盘
254,09:47:31,3.66,0.0,26,9516,卖盘
255,09:47:37,3.66,0.0,97,35502,卖盘
256,09:47:40,3.67,0.01,99,36333,买盘
257,09:47:46,3.66,-0.01,46,16836,卖盘
258,09:47:49,3.67,0.01,3,1101,买盘
259,09:47:52,3.67,0.0,12,4404,买盘
260,09:47:55,3.67,0.0,321,117507,买盘
261,09:47:58,3.67,0.0,6,2202,买盘
262,09:48:06,3.67,0.0,4,1468,买盘
263,09:48:13,3.66,-0.01,45,16474,卖盘
264,09:48:16,3.66,0.0,141,51606,卖盘
265,09:48:19,3.65,-0.01,7,2561,卖盘
266,09:48:22,3.66,0.01,29,10614,买盘
267,09:48:28,3.66,0.0,5,1830,买盘
268,09:48:31,3.66,0.0,23,8415,买盘
269,09:48:34,3.66,0.0,14,5116,买盘
270,09:48:37,3.65,-0.01,30,10950,卖盘
271,09:48:40,3.65,0.0,2,730,卖盘
272,09:48:43,3.66,0.01,5,1830,买盘
273,09:48:46,3.66,0.0,204,74664,买盘
274,09:48:48,3.66,0.0,262,95892,卖盘
275,09:48:51,3.66,0.0,41,15006,卖盘
276,09:49:01,3.66,0.0,125,45750,卖盘
277,09:49:04,3.66,0.0,10,3660,卖盘
278,09:49:10,3.66,0.0,42,15372,卖盘
279,09:49:16,3.66,0.0,52,19032,卖盘
280,09:49:18,3.67,0.01,45,16495,买盘
281,09:49:22,3.67,0.0,20,7340,买盘
282,09:49:25,3.66,-0.01,120,43920,卖盘
283,09:49:28,3.66,0.0,16,5856,卖盘
284,09:49:31,3.66,0.0,40,14640,卖盘
285,09:49:37,3.66,0.0,16,5856,卖盘
286,09:49:43,3.66,0.0,1,366,卖盘
287,09:49:46,3.66,0.0,79,28914,卖盘
288,09:49:52,3.66,0.0,22,8052,卖盘
289,09:49:55,3.66,0.0,6,2196,买盘
290,09:49:58,3.66,0.0,39,14274,买盘
291,09:50:10,3.65,-0.01,83,30338,卖盘
292,09:50:13,3.66,0.01,20,7320,买盘
293,09:50:25,3.66,0.0,5,1830,买盘
294,09:50:28,3.65,-0.01,30,10950,卖盘
295,09:50:40,3.66,0.01,4,1464,买盘
296,09:50:43,3.65,-0.01,40,14600,卖盘
297,09:50:49,3.65,0.0,110,40150,卖盘
298,09:50:52,3.65,0.0,7,2555,卖盘
299,09:51:00,3.65,0.0,10,3650,卖盘
300,09:51:04,3.65,0.0,3,1095,卖盘
301,09:51:10,3.66,0.01,102,37332,买盘
302,09:51:16,3.67,0.01,71,25987,买盘
303,09:51:21,3.67,0.0,8,2936,买盘
304,09:51:24,3.66,-0.01,1,366,中性盘
305,09:51:28,3.66,0.0,1,366,买盘
306,09:51:31,3.67,0.01,4,1468,买盘
307,09:51:34,3.67,0.0,9,3303,买盘
308,09:51:37,3.67,0.0,4,1468,买盘
309,09:51:40,3.67,0.0,25,9175,买盘
310,09:51:43,3.67,0.0,8,2936,买盘
311,09:51:46,3.67,0.0,407,149319,买盘
312,09:51:49,3.67,0.0,10,3670,买盘
313,09:51:52,3.67,0.0,31,11377,买盘
314,09:51:55,3.67,0.0,60,22020,买盘
315,09:51:58,3.68,0.01,185,67990,买盘
316,09:52:01,3.68,0.0,33,12144,买盘
317,09:52:04,3.68,0.0,22,8096,买盘
318,09:52:06,3.68,0.0,55,20240,买盘
319,09:52:10,3.68,0.0,1,368,买盘
320,09:52:13,3.68,0.0,93,34224,买盘
321,09:52:16,3.68,0.0,50,18400,买盘
322,09:52:19,3.68,0.0,64,23552,买盘
323,09:52:22,3.68,0.0,24,8832,买盘
324,09:52:25,3.68,0.0,22,8096,买盘
325,09:52:27,3.68,0.0,110,40480,买盘
326,09:52:34,3.68,0.0,10,3680,买盘
327,09:52:37,3.67,-0.01,59,21653,卖盘
328,09:52:46,3.68,0.01,60,22061,买盘
329,09:53:01,3.67,-0.01,50,18350,卖盘
330,09:53:04,3.67,0.0,32,11744,卖盘
331,09:53:09,3.67,0.0,26,9542,卖盘
332,09:53:13,3.67,0.0,400,146800,买盘
333,09:53:16,3.67,0.0,4,1468,买盘
334,09:53:18,3.67,0.0,73,26791,买盘
335,09:53:22,3.67,0.0,4,1468,买盘
336,09:53:24,3.67,0.0,73,26791,买盘
337,09:53:28,3.67,0.0,60,22020,卖盘
338,09:53:49,3.67,0.0,159,58353,卖盘
339,09:53:52,3.68,0.01,8,2944,买盘
340,09:53:58,3.67,-0.01,23,8441,卖盘
341,09:54:10,3.67,0.0,36,13212,卖盘
342,09:54:13,3.67,0.0,10,3670,买盘
343,09:54:16,3.68,0.01,50,18375,买盘
344,09:54:27,3.66,-0.02,6,2202,卖盘
345,09:54:43,3.66,0.0,1,366,卖盘
346,09:54:46,3.67,0.01,59,21653,买盘
347,09:54:52,3.67,0.0,1,367,卖盘
348,09:54:55,3.67,0.0,6,2202,卖盘
349,09:55:04,3.67,0.0,1,367,卖盘
350,09:55:16,3.67,0.0,10,3670,卖盘
351,09:55:19,3.68,0.01,9,3312,买盘
352,09:55:25,3.67,-0.01,27,9909,卖盘
353,09:55:28,3.67,0.0,82,30174,卖盘
354,09:55:37,3.68,0.01,10,3680,买盘
355,09:55:49,3.68,0.0,8,2944,买盘
356,09:55:52,3.68,0.0,41,15088,买盘
357,09:55:58,3.68,0.0,12,4416,买盘
358,09:56:04,3.68,0.0,21,7728,买盘
359,09:56:10,3.66,-0.02,845,309442,卖盘
360,09:56:13,3.66,0.0,58,21228,买盘
361,09:56:16,3.66,0.0,123,45015,买盘
362,09:56:19,3.66,0.0,57,20862,买盘
363,09:56:22,3.66,0.0,128,46848,买盘
364,09:56:25,3.66,0.0,94,34404,买盘
365,09:56:28,3.66,0.0,34,12444,买盘
366,09:56:31,3.66,0.0,68,24888,买盘
367,09:56:34,3.66,0.0,67,24522,买盘
368,09:56:37,3.66,0.0,34,12444,买盘
369,09:56:40,3.66,0.0,2,732,买盘
370,09:56:42,3.65,-0.01,42,15330,卖盘
371,09:56:46,3.65,0.0,42,15330,卖盘
372,09:56:49,3.66,0.01,336,122976,买盘
373,09:56:52,3.67,0.01,4,1468,买盘
374,09:57:07,3.67,0.0,5,1835,买盘
375,09:57:13,3.68,0.01,78,28638,买盘
376,09:57:16,3.68,0.0,4,1472,买盘
377,09:57:24,3.68,0.0,4,1472,买盘
378,09:57:28,3.68,0.0,98,36064,买盘
379,09:57:31,3.68,0.0,6,2208,买盘
380,09:57:34,3.68,0.0,58,21290,买盘
381,09:57:40,3.68,0.0,46,16886,买盘
382,09:57:42,3.68,0.0,4,1472,买盘
383,09:57:45,3.67,-0.01,21,7707,卖盘
384,09:57:49,3.67,0.0,19,6973,买盘
385,09:57:52,3.68,0.01,11,4041,买盘
386,09:57:55,3.68,0.0,36,13228,买盘
387,09:58:01,3.68,0.0,32,11772,买盘
388,09:58:04,3.68,0.0,4,1472,买盘
389,09:58:07,3.68,0.0,46,16887,买盘
390,09:58:10,3.68,0.0,4,1472,买盘
391,09:58:13,3.68,0.0,8,2944,买盘
392,09:58:16,3.68,0.0,12,4416,买盘
393,09:58:22,3.68,0.0,53,19459,买盘
394,09:58:27,3.68,0.0,49,17990,买盘
395,09:58:30,3.68,0.0,545,200560,买盘
396,09:58:37,3.68,0.0,4,1472,买盘
397,09:58:43,3.67,-0.01,19,6973,卖盘
398,09:58:46,3.67,0.0,12,4404,卖盘
399,09:58:49,3.68,0.01,21,7708,买盘
400,09:58:52,3.67,-0.01,8,2936,买盘
401,09:58:55,3.67,0.0,100,36700,买盘
402,09:58:58,3.67,0.0,20,7340,买盘
403,09:59:04,3.67,0.0,2,734,买盘
404,09:59:10,3.66,-0.01,35,12825,卖盘
405,09:59:13,3.67,0.01,40,14680,买盘
406,09:59:21,3.67,0.0,35,12845,卖盘
407,09:59:25,3.68,0.01,13,4777,买盘
408,09:59:28,3.67,-0.01,3,1101,卖盘
409,09:59:34,3.67,0.0,7,2569,卖盘
410,09:59:42,3.66,-0.01,1,366,卖盘
411,09:59:48,3.67,0.01,10,3670,买盘
412,09:59:52,3.67,0.0,6,2202,买盘
413,09:59:58,3.67,0.0,6,2202,买盘
414,10:00:01,3.67,0.0,6,2202,买盘
415,10:00:19,3.66,-0.01,40,14640,卖盘
416,10:00:28,3.67,0.01,100,36700,买盘
417,10:00:31,3.67,0.0,6,2202,买盘
418,10:00:40,3.67,0.0,5,1835,买盘
419,10:00:43,3.66,-0.01,51,18697,卖盘
420,10:00:45,3.67,0.01,80,29360,买盘
421,10:00:49,3.66,-0.01,20,7320,卖盘
422,10:00:52,3.67,0.01,20,7340,买盘
423,10:01:01,3.67,0.0,7,2569,买盘
424,10:01:04,3.67,0.0,20,7340,买盘
425,10:01:10,3.67,0.0,662,242954,买盘
426,10:01:13,3.67,0.0,41,15047,卖盘
427,10:01:22,3.67,0.0,70,25690,卖盘
428,10:01:28,3.67,0.0,50,18350,卖盘
429,10:01:31,3.67,0.0,90,33030,卖盘
430,10:01:40,3.67,0.0,30,11010,卖盘
431,10:01:46,3.68,0.01,12,4416,买盘
432,10:01:49,3.68,0.0,5,1840,买盘
433,10:01:52,3.68,0.0,12,4416,买盘
434,10:01:55,3.68,0.0,38,13954,买盘
435,10:02:04,3.68,0.0,5,1840,买盘
436,10:02:07,3.68,0.0,8,2944,买盘
437,10:02:09,3.67,-0.01,1,367,卖盘
438,10:02:12,3.68,0.01,40,14720,买盘
439,10:02:15,3.67,-0.01,113,41471,卖盘
440,10:02:19,3.67,0.0,40,14680,卖盘
441,10:02:22,3.68,0.01,50,18399,买盘
442,10:02:25,3.68,0.0,10,3677,买盘
443,10:02:45,3.67,-0.01,1,367,卖盘
444,10:02:49,3.68,0.01,13,4784,买盘
445,10:02:58,3.67,-0.01,14,5138,卖盘
446,10:03:01,3.67,0.0,20,7340,买盘
447,10:03:16,3.66,-0.01,76,27816,卖盘
448,10:03:28,3.66,0.0,34,12444,卖盘
449,10:03:31,3.66,0.0,31,11373,卖盘
450,10:03:37,3.67,0.01,4,1468,买盘
451,10:03:43,3.67,0.0,43,15781,买盘
452,10:03:46,3.68,0.01,16,5888,买盘
453,10:03:49,3.68,0.0,27,9936,买盘
454,10:03:51,3.67,-0.01,270,99098,卖盘
455,10:03:55,3.67,0.0,145,53215,买盘
456,10:03:58,3.67,0.0,21,7707,买盘
457,10:04:01,3.7,0.03,2715,1000761,买盘
458,10:04:03,3.7,0.0,4,1480,买盘
459,10:04:07,3.7,0.0,20,7400,买盘
460,10:04:10,3.7,0.0,4,1474,买盘
461,10:04:13,3.7,0.0,16,5920,买盘
462,10:04:19,3.7,0.0,7,2590,买盘
463,10:04:25,3.7,0.0,47,17390,买盘
464,10:04:28,3.7,0.0,340,125800,买盘
465,10:04:40,3.7,0.0,50,18500,买盘
466,10:04:46,3.7,0.0,4,1480,买盘
467,10:04:49,3.7,0.0,153,56610,买盘
468,10:04:54,3.7,0.0,10,3700,卖盘
469,10:04:58,3.7,0.0,30,11120,卖盘
470,10:05:01,3.7,0.0,25,9270,卖盘
471,10:05:04,3.71,0.01,100,37100,买盘
472,10:05:07,3.7,-0.01,401,148570,卖盘
473,10:05:10,3.71,0.01,32,11872,买盘
474,10:05:25,3.71,0.0,18,6678,买盘
475,10:05:34,3.71,0.0,20,7420,买盘
476,10:05:37,3.7,-0.01,10,3700,卖盘
477,10:05:39,3.71,0.01,76,28196,买盘
478,10:05:46,3.71,0.0,206,76426,买盘
479,10:05:49,3.71,0.0,50,18550,买盘
480,10:05:55,3.7,-0.01,310,114700,卖盘
481,10:06:00,3.7,0.0,4,1480,卖盘
482,10:06:04,3.7,0.0,25,9250,卖盘
483,10:06:07,3.71,0.01,13,4822,买盘
484,10:06:10,3.71,0.0,96,35524,买盘
485,10:06:12,3.7,-0.01,78,28860,卖盘
486,10:06:15,3.7,0.0,59,21830,卖盘
487,10:06:18,3.7,0.0,38,14060,卖盘
488,10:06:22,3.7,0.0,62,22940,买盘
489,10:06:37,3.7,0.0,50,18500,买盘
490,10:06:40,3.7,0.0,14,5180,买盘
491,10:06:43,3.7,0.0,13,4810,买盘
492,10:06:45,3.7,0.0,17,6290,买盘
493,10:06:55,3.7,0.0,19,7030,买盘
494,10:06:58,3.7,0.0,23,8510,买盘
495,10:07:04,3.7,0.0,23,8500,买盘
496,10:07:07,3.7,0.0,13,4810,买盘
497,10:07:10,3.7,0.0,13,4810,买盘
498,10:07:16,3.7,0.0,66,24413,买盘
499,10:07:22,3.7,0.0,42,15540,买盘
500,10:07:27,3.7,0.0,24,8880,买盘
501,10:07:31,3.7,0.0,127,46990,买盘
502,10:07:40,3.71,0.01,4,1484,买盘
503,10:07:52,3.7,-0.01,20,7400,卖盘
504,10:07:55,3.71,0.01,105,38955,买盘
505,10:07:57,3.7,-0.01,5,1850,卖盘
506,10:08:06,3.71,0.01,909,337239,买盘
507,10:08:22,3.72,0.01,116,43152,买盘
508,10:08:25,3.72,0.0,42,15624,买盘
509,10:08:28,3.72,0.0,13,4836,买盘
510,10:08:31,3.72,0.0,4,1488,买盘
511,10:08:34,3.72,0.0,4,1488,买盘
512,10:08:36,3.72,0.0,100,37200,买盘
513,10:08:40,3.72,0.0,27,10044,买盘
514,10:08:43,3.72,0.0,47,17484,买盘
515,10:08:46,3.72,0.0,77,28644,买盘
516,10:08:49,3.72,0.0,1,372,买盘
517,10:08:51,3.72,0.0,11,4092,买盘
518,10:08:57,3.72,0.0,296,110112,买盘
519,10:09:01,3.72,0.0,30,11160,卖盘
520,10:09:04,3.72,0.0,10,3720,卖盘
521,10:09:07,3.72,0.0,2,744,卖盘
522,10:09:10,3.73,0.01,50,18650,买盘
523,10:09:16,3.73,0.0,116,43268,买盘
524,10:09:19,3.73,0.0,48,17903,买盘
525,10:09:21,3.73,0.0,271,101033,买盘
526,10:09:28,3.73,0.0,120,44760,买盘
527,10:09:31,3.73,0.0,4,1492,买盘
528,10:09:34,3.73,0.0,50,18650,买盘
529,10:09:40,3.73,0.0,91,33943,买盘
530,10:09:42,3.73,0.0,55,20515,买盘
531,10:09:49,3.72,-0.01,138,51436,卖盘
532,10:09:55,3.72,0.0,20,7440,卖盘
533,10:10:01,3.72,0.0,268,99706,卖盘
534,10:10:04,3.73,0.01,61,22734,买盘
535,10:10:07,3.72,-0.01,490,182280,卖盘
536,10:10:10,3.73,0.01,1110,413907,买盘
537,10:10:22,3.71,-0.02,33,12273,卖盘
538,10:10:25,3.72,0.01,13,4836,买盘
539,10:10:28,3.72,0.0,731,271732,买盘
540,10:10:31,3.72,0.0,1,372,买盘
541,10:10:34,3.73,0.01,68,25304,买盘
542,10:10:43,3.73,0.0,114,42512,买盘
543,10:10:46,3.73,0.0,196,72918,买盘
544,10:10:48,3.72,-0.01,54,20088,卖盘
545,10:11:04,3.71,-0.01,11,4081,卖盘
546,10:11:07,3.72,0.01,13,4836,买盘
547,10:11:10,3.72,0.0,9,3348,买盘
548,10:11:13,3.71,-0.01,8,2968,卖盘
549,10:11:16,3.72,0.01,170,63240,买盘
550,10:11:22,3.71,-0.01,179,66425,卖盘
551,10:11:24,3.71,0.0,79,29309,卖盘
552,10:11:30,3.72,0.01,2,744,买盘
553,10:11:37,3.72,0.0,23,8556,买盘
554,10:11:46,3.71,-0.01,336,124656,卖盘
555,10:11:51,3.72,0.01,330,122760,买盘
556,10:11:58,3.72,0.0,1,372,买盘
557,10:12:04,3.71,-0.01,24,8904,卖盘
558,10:12:07,3.71,0.0,93,34503,卖盘
559,10:12:10,3.71,0.0,85,31535,卖盘
560,10:12:13,3.72,0.01,193,71796,买盘
561,10:12:19,3.72,0.0,12,4464,卖盘
562,10:12:25,3.72,0.0,48,17856,卖盘
563,10:12:27,3.72,0.0,198,73656,卖盘
564,10:12:31,3.72,0.0,9,3348,买盘
565,10:12:37,3.72,0.0,12,4464,买盘
566,10:12:55,3.72,0.0,125,46426,买盘
567,10:12:58,3.72,0.0,97,36084,买盘
568,10:13:01,3.71,-0.01,600,222600,卖盘
569,10:13:04,3.71,0.0,8,2968,买盘
570,10:13:06,3.71,0.0,5,1855,买盘
571,10:13:13,3.71,0.0,24,8904,买盘
572,10:13:16,3.7,-0.01,22,8144,卖盘
573,10:13:25,3.7,0.0,88,32564,卖盘
574,10:13:28,3.71,0.01,4,1484,买盘
575,10:13:31,3.7,-0.01,50,18500,卖盘
576,10:13:34,3.71,0.01,4,1484,买盘
577,10:13:37,3.71,0.0,8,2968,买盘
578,10:13:43,3.7,-0.01,79,29230,卖盘
579,10:13:46,3.71,0.01,14,5188,买盘
580,10:13:49,3.7,-0.01,38,14073,中性盘
581,10:13:55,3.7,0.0,15,5550,买盘
582,10:13:58,3.7,0.0,4,1480,买盘
583,10:14:00,3.7,0.0,9,3330,买盘
584,10:14:03,3.7,0.0,8,2960,买盘
585,10:14:07,3.7,0.0,54,19930,买盘
586,10:14:10,3.7,0.0,8,2960,买盘
587,10:14:13,3.7,0.0,21,7770,买盘
588,10:14:15,3.7,0.0,11,4070,买盘
589,10:14:19,3.69,-0.01,13,4805,卖盘
590,10:14:22,3.7,0.01,23,8495,买盘
591,10:14:28,3.69,-0.01,78,28782,卖盘
592,10:14:31,3.7,0.01,18,6646,买盘
593,10:14:34,3.7,0.0,10,3703,中性盘
594,10:14:37,3.7,0.0,46,17020,买盘
595,10:14:40,3.71,0.01,4,1484,买盘
596,10:14:43,3.71,0.0,18,6668,买盘
597,10:14:46,3.71,0.0,20,7420,买盘
598,10:14:49,3.71,0.0,19,7049,买盘
599,10:14:52,3.71,0.0,12,4452,买盘
600,10:14:55,3.71,0.0,3,1113,买盘
601,10:14:58,3.71,0.0,31,11501,买盘
602,10:15:01,3.71,0.0,23,8533,买盘
603,10:15:04,3.71,0.0,17,6307,买盘
604,10:15:07,3.72,0.01,456,169184,买盘
605,10:15:10,3.72,0.0,3,1116,买盘
606,10:15:16,3.72,0.0,35,13020,买盘
607,10:15:22,3.72,0.0,9,3348,买盘
608,10:15:25,3.72,0.0,42,15624,买盘
609,10:15:34,3.72,0.0,261,97092,买盘
610,10:15:43,3.71,-0.01,20,7420,卖盘
611,10:15:46,3.72,0.01,13,4836,买盘
612,10:15:49,3.72,0.0,102,37944,买盘
613,10:15:55,3.71,-0.01,122,45262,卖盘
614,10:16:07,3.71,0.0,46,17066,买盘
615,10:16:22,3.71,0.0,91,33761,卖盘
616,10:16:28,3.72,0.01,8,2976,买盘
617,10:16:40,3.72,0.0,77,28644,买盘
618,10:16:43,3.72,0.0,2,744,卖盘
619,10:16:49,3.72,0.0,21,7812,卖盘
620,10:16:52,3.72,0.0,28,10416,买盘
621,10:16:55,3.72,0.0,5,1860,卖盘
622,10:16:58,3.72,0.0,79,29388,卖盘
623,10:17:01,3.72,0.0,14,5208,卖盘
624,10:17:04,3.73,0.01,15,5588,买盘
625,10:17:07,3.72,-0.01,1,372,卖盘
626,10:17:10,3.72,0.0,10,3720,卖盘
627,10:17:13,3.73,0.01,15,5595,买盘
628,10:17:16,3.73,0.0,8,2984,买盘
629,10:17:25,3.72,-0.01,540,201380,卖盘
630,10:17:31,3.73,0.01,93,34604,买盘
631,10:17:34,3.73,0.0,100,37300,买盘
632,10:17:37,3.73,0.0,8,2984,买盘
633,10:17:43,3.73,0.0,127,47371,买盘
634,10:17:52,3.72,-0.01,21,7812,卖盘
635,10:17:55,3.73,0.01,3,1119,买盘
636,10:18:04,3.73,0.0,6,2238,买盘
637,10:18:07,3.73,0.0,20,7460,买盘
638,10:18:10,3.73,0.0,8,2984,买盘
639,10:18:13,3.73,0.0,296,110407,买盘
640,10:18:16,3.73,0.0,83,30959,买盘
641,10:18:19,3.73,0.0,1,373,卖盘
642,10:18:21,3.73,0.0,15,5595,卖盘
643,10:18:34,3.73,0.0,177,66021,卖盘
644,10:18:37,3.73,0.0,17,6341,卖盘
645,10:18:43,3.73,0.0,8,2984,买盘
646,10:18:49,3.72,-0.01,22,8184,卖盘
647,10:19:06,3.72,0.0,1,372,卖盘
648,10:19:10,3.72,0.0,110,40940,卖盘
649,10:19:16,3.73,0.01,8,2984,买盘
650,10:19:22,3.72,-0.01,145,53940,卖盘
651,10:19:30,3.72,0.0,2,744,卖盘
652,10:19:34,3.72,0.0,35,13020,卖盘
653,10:19:48,3.72,0.0,10,3720,卖盘
654,10:19:51,3.73,0.01,49,18248,买盘
655,10:19:55,3.73,0.0,9,3357,买盘
656,10:20:01,3.72,-0.01,5,1860,卖盘
657,10:20:07,3.72,0.0,1,372,卖盘
658,10:20:09,3.73,0.01,30,11190,买盘
659,10:20:13,3.73,0.0,10,3730,买盘
660,10:20:18,3.72,-0.01,20,7440,卖盘
661,10:20:25,3.72,0.0,7,2604,卖盘
662,10:20:31,3.73,0.01,12,4473,买盘
663,10:20:43,3.72,-0.01,50,18600,卖盘
664,10:20:46,3.72,0.0,48,17856,卖盘
665,10:20:48,3.72,0.0,100,37200,卖盘
666,10:20:54,3.72,0.0,52,19344,卖盘
667,10:21:07,3.72,0.0,21,7812,卖盘
668,10:21:09,3.72,0.0,100,37200,卖盘
669,10:21:13,3.73,0.01,10,3730,买盘
670,10:21:16,3.72,-0.01,18,6696,卖盘
671,10:21:25,3.71,-0.01,4,1484,卖盘
672,10:21:37,3.72,0.01,7,2604,买盘
673,10:21:58,3.71,-0.01,21,7791,卖盘
674,10:22:04,3.72,0.01,12,4464,买盘
675,10:22:07,3.71,-0.01,1,371,卖盘
676,10:22:16,3.72,0.01,8,2976,买盘
677,10:22:22,3.72,0.0,26,9672,买盘
678,10:22:28,3.71,-0.01,120,44540,卖盘
679,10:22:34,3.72,0.01,3,1116,买盘
680,10:22:39,3.72,0.0,9,3348,买盘
681,10:22:49,3.71,-0.01,62,23042,卖盘
682,10:22:58,3.71,0.0,39,14469,卖盘
683,10:23:04,3.71,0.0,14,5194,卖盘
684,10:23:06,3.71,0.0,2,742,卖盘
685,10:23:12,3.71,0.0,14,5206,卖盘
686,10:23:19,3.72,0.01,9,3348,买盘
687,10:23:24,3.71,-0.01,20,7420,卖盘
688,10:23:40,3.71,0.0,5,1855,卖盘
689,10:23:43,3.71,0.0,33,12243,卖盘
690,10:23:46,3.71,0.0,50,18550,买盘
691,10:23:49,3.72,0.01,100,37164,买盘
692,10:23:52,3.72,0.0,8,2976,买盘
693,10:23:55,3.7,-0.02,22,8150,卖盘
694,10:24:07,3.71,0.01,1,371,卖盘
695,10:24:13,3.7,-0.01,100,37002,卖盘
696,10:24:52,3.71,0.01,14,5194,买盘
697,10:24:55,3.7,-0.01,22,8140,卖盘
698,10:24:58,3.7,0.0,69,25530,卖盘
699,10:25:04,3.71,0.01,4,1484,买盘
700,10:25:07,3.71,0.0,3,1112,买盘
701,10:25:19,3.7,-0.01,10,3700,卖盘
702,10:25:25,3.71,0.01,8,2968,买盘
703,10:25:48,3.7,-0.01,321,119070,卖盘
704,10:26:06,3.7,0.0,31,11470,卖盘
705,10:26:13,3.71,0.01,12,4452,买盘
706,10:26:19,3.7,-0.01,50,18500,卖盘
707,10:26:21,3.7,0.0,87,32190,卖盘
708,10:26:28,3.71,0.01,5,1855,买盘
709,10:26:31,3.71,0.0,50,18550,买盘
710,10:26:34,3.71,0.0,6,2226,买盘
711,10:26:37,3.71,0.0,5,1855,买盘
712,10:26:42,3.71,0.0,5,1855,买盘
713,10:26:46,3.7,-0.01,9,3330,卖盘
714,10:26:49,3.7,0.0,40,14778,卖盘
715,10:26:58,3.7,0.0,7,2590,买盘
716,10:27:10,3.7,0.0,4,1480,买盘
717,10:27:13,3.69,-0.01,54,19926,卖盘
718,10:27:18,3.69,0.0,49,18081,卖盘
719,10:27:21,3.69,0.0,42,15498,卖盘
720,10:27:25,3.7,0.01,9,3330,买盘
721,10:27:40,3.7,0.0,143,52910,买盘
722,10:27:52,3.7,0.0,100,37000,卖盘
723,10:27:57,3.71,0.01,50,18508,买盘
724,10:28:01,3.7,-0.01,22,8140,卖盘
725,10:28:04,3.7,0.0,9,3330,卖盘
726,10:28:07,3.7,0.0,43,15910,卖盘
727,10:28:10,3.7,0.0,40,14800,卖盘
728,10:28:13,3.7,0.0,71,26270,卖盘
729,10:28:22,3.7,0.0,44,16280,卖盘
730,10:28:28,3.7,0.0,34,12580,卖盘
731,10:28:31,3.69,-0.01,1,369,卖盘
732,10:28:34,3.7,0.01,63,23255,买盘
733,10:28:49,3.7,0.0,10,3700,买盘
734,10:28:55,3.7,0.0,3,1110,买盘
735,10:28:58,3.69,-0.01,21,7749,卖盘
736,10:29:06,3.69,0.0,43,15867,卖盘
737,10:29:10,3.69,0.0,63,23247,卖盘
738,10:29:13,3.7,0.01,10,3700,买盘
739,10:29:16,3.69,-0.01,53,19557,卖盘
740,10:29:19,3.7,0.01,29,10730,买盘
741,10:29:22,3.69,-0.01,12,4428,卖盘
742,10:29:25,3.69,0.0,1,369,卖盘
743,10:29:28,3.69,0.0,49,18081,卖盘
744,10:29:37,3.69,0.0,68,25142,卖盘
745,10:29:40,3.69,0.0,20,7380,卖盘
746,10:29:43,3.69,0.0,116,42804,卖盘
747,10:29:49,3.7,0.01,13,4810,买盘
748,10:29:57,3.69,-0.01,71,26199,卖盘
749,10:30:01,3.69,0.0,42,15498,卖盘
750,10:30:04,3.7,0.01,8,2960,买盘
751,10:30:07,3.69,-0.01,1,369,卖盘
752,10:30:12,3.69,0.0,42,15498,卖盘
753,10:30:16,3.7,0.01,8,2960,买盘
754,10:30:21,3.69,-0.01,94,34694,卖盘
755,10:30:25,3.69,0.0,25,9225,买盘
756,10:30:28,3.69,0.0,6,2214,卖盘
757,10:30:31,3.69,0.0,15,5535,卖盘
758,10:30:43,3.7,0.01,42,15499,买盘
759,10:30:45,3.7,0.0,50,18456,买盘
760,10:30:52,3.69,-0.01,22,8118,卖盘
761,10:30:58,3.7,0.01,21,7758,买盘
762,10:31:07,3.7,0.0,4,1480,买盘
763,10:31:16,3.69,-0.01,15,5539,卖盘
764,10:31:25,3.69,0.0,21,7750,卖盘
765,10:31:28,3.7,0.01,10,3700,买盘
766,10:31:31,3.7,0.0,8,2960,买盘
767,10:31:37,3.7,0.0,5,1850,买盘
768,10:31:48,3.7,0.0,2,740,买盘
769,10:31:51,3.69,-0.01,22,8118,卖盘
770,10:32:01,3.7,0.01,103,38110,买盘
771,10:32:07,3.7,0.0,8,2960,买盘
772,10:32:19,3.7,0.0,4,1480,买盘
773,10:32:25,3.7,0.0,74,27380,买盘
774,10:32:46,3.69,-0.01,37,13689,卖盘
775,10:32:52,3.7,0.01,11,4070,买盘
776,10:32:58,3.7,0.0,558,206439,买盘
777,10:33:07,3.71,0.01,4,1483,买盘
778,10:33:16,3.71,0.0,111,41090,买盘
779,10:33:22,3.7,-0.01,40,14800,卖盘
780,10:33:28,3.71,0.01,22,8162,买盘
781,10:33:34,3.71,0.0,71,26341,买盘
782,10:33:37,3.71,0.0,6,2226,买盘
783,10:33:43,3.71,0.0,1,371,买盘
784,10:33:46,3.71,0.0,7,2597,买盘
785,10:33:51,3.7,-0.01,22,8140,卖盘
786,10:34:07,3.7,0.0,2,741,卖盘
787,10:34:10,3.71,0.01,196,72716,买盘
788,10:34:13,3.71,0.0,25,9275,卖盘
789,10:34:19,3.71,0.0,2,742,卖盘
790,10:34:25,3.71,0.0,40,14840,卖盘
791,10:34:27,3.72,0.01,20,7440,买盘
792,10:34:31,3.72,0.0,4,1488,买盘
793,10:34:34,3.72,0.0,10,3720,买盘
794,10:34:37,3.72,0.0,28,10396,买盘
795,10:34:40,3.72,0.0,13,4836,买盘
796,10:34:43,3.72,0.0,8,2976,买盘
797,10:34:52,3.72,0.0,26,9650,买盘
798,10:34:54,3.71,-0.01,198,73458,卖盘
799,10:35:00,3.71,0.0,4,1484,买盘
800,10:35:04,3.71,0.0,9,3339,买盘
801,10:35:06,3.71,0.0,2,742,买盘
802,10:35:10,3.72,0.01,16,5952,买盘
803,10:35:16,3.72,0.0,4,1488,买盘
804,10:35:19,3.71,-0.01,1,371,卖盘
805,10:35:22,3.71,0.0,9,3339,买盘
806,10:35:25,3.71,0.0,8,2968,买盘
807,10:35:31,3.71,0.0,17,6307,买盘
808,10:35:34,3.72,0.01,8,2976,买盘
809,10:35:43,3.72,0.0,10,3720,买盘
810,10:35:46,3.72,0.0,8,2976,买盘
811,10:35:52,3.72,0.0,4,1488,买盘
812,10:35:55,3.72,0.0,26,9650,买盘
813,10:35:58,3.72,0.0,108,40176,买盘
814,10:36:10,3.72,0.0,4,1488,买盘
815,10:36:21,3.71,-0.01,3,1113,卖盘
816,10:36:28,3.72,0.01,8,2976,买盘
817,10:36:40,3.72,0.0,220,81820,买盘
818,10:36:46,3.71,-0.01,48,17808,卖盘
819,10:36:55,3.71,0.0,41,15211,卖盘
820,10:37:01,3.72,0.01,8,2976,买盘
821,10:37:04,3.71,-0.01,33,12243,卖盘
822,10:37:28,3.71,0.0,32,11872,卖盘
823,10:37:46,3.72,0.01,230,85560,买盘
824,10:37:52,3.72,0.0,12,4464,买盘
825,10:37:55,3.72,0.0,5,1860,买盘
826,10:38:01,3.71,-0.01,22,8162,卖盘
827,10:38:06,3.71,0.0,1,371,卖盘
828,10:38:10,3.72,0.01,5,1860,买盘
829,10:38:13,3.71,-0.01,15,5565,卖盘
830,10:38:16,3.72,0.01,122,45384,买盘
831,10:38:25,3.71,-0.01,100,37100,卖盘
832,10:38:31,3.72,0.01,9,3348,买盘
833,10:38:39,3.72,0.0,33,12248,买盘
834,10:38:45,3.72,0.0,134,49848,买盘
835,10:38:58,3.72,0.0,10,3720,买盘
836,10:39:04,3.72,0.0,30,11138,买盘
837,10:39:13,3.71,-0.01,5,1855,卖盘
838,10:39:34,3.71,0.0,23,8533,卖盘
839,10:39:37,3.71,0.0,50,18550,卖盘
840,10:39:40,3.71,0.0,95,35245,卖盘
841,10:39:52,3.71,0.0,134,49714,买盘
842,10:39:58,3.7,-0.01,321,118770,卖盘
843,10:40:07,3.7,0.0,1,370,卖盘
844,10:40:13,3.71,0.01,8,2968,买盘
845,10:40:46,3.71,0.0,1,371,买盘
846,10:40:51,3.71,0.0,9,3339,买盘
847,10:41:07,3.71,0.0,32,11850,买盘
848,10:41:10,3.7,-0.01,20,7400,卖盘
849,10:41:18,3.7,0.0,41,15170,卖盘
850,10:41:22,3.7,0.0,108,39960,卖盘
851,10:41:25,3.71,0.01,8,2968,买盘
852,10:41:37,3.7,-0.01,128,47360,卖盘
853,10:41:39,3.7,0.0,4,1480,卖盘
854,10:41:42,3.7,0.0,22,8140,卖盘
855,10:42:01,3.69,-0.01,105,38745,卖盘
856,10:42:04,3.69,0.0,71,26199,卖盘
857,10:42:07,3.7,0.01,11,4069,买盘
858,10:42:49,3.69,-0.01,70,25830,卖盘
859,10:42:51,3.69,0.0,22,8118,卖盘
860,10:42:55,3.7,0.01,11,4070,买盘
861,10:43:06,3.69,-0.01,87,32103,卖盘
862,10:43:28,3.69,0.0,66,24354,卖盘
863,10:43:31,3.69,0.0,42,15498,卖盘
864,10:43:34,3.7,0.01,10,3700,买盘
865,10:43:52,3.7,0.0,20,7400,买盘
866,10:43:55,3.69,-0.01,121,44649,卖盘
867,10:44:01,3.7,0.01,4,1480,买盘
868,10:44:13,3.69,-0.01,60,22140,卖盘
869,10:44:18,3.69,0.0,39,14391,买盘
870,10:44:25,3.69,0.0,6,2214,买盘
871,10:44:31,3.69,0.0,20,7380,买盘
872,10:44:34,3.68,-0.01,35,12885,卖盘
873,10:44:37,3.69,0.01,5,1845,买盘
874,10:44:46,3.69,0.0,6,2214,买盘
875,10:44:51,3.68,-0.01,92,33864,卖盘
876,10:44:55,3.68,0.0,42,15456,卖盘
877,10:45:01,3.69,0.01,61,22509,买盘
878,10:45:19,3.69,0.0,40,14760,买盘
879,10:45:25,3.69,0.0,8,2952,买盘
880,10:45:36,3.68,-0.01,123,45264,卖盘
881,10:45:46,3.69,0.01,30,11070,买盘
882,10:45:51,3.69,0.0,29,10690,买盘
883,10:45:58,3.69,0.0,8,2952,买盘
884,10:46:04,3.69,0.0,100,36900,买盘
885,10:46:10,3.69,0.0,4,1476,买盘
886,10:46:13,3.68,-0.01,6,2208,卖盘
887,10:46:37,3.68,0.0,87,32016,卖盘
888,10:46:43,3.69,0.01,11,4059,买盘
889,10:47:09,3.69,0.0,80,29520,买盘
890,10:47:16,3.69,0.0,10,3690,买盘
891,10:47:21,3.68,-0.01,67,24656,卖盘
892,10:47:25,3.68,0.0,784,288514,卖盘
893,10:47:28,3.68,0.0,2,736,买盘
894,10:47:31,3.68,0.0,24,8832,买盘
895,10:47:34,3.68,0.0,4,1472,买盘
896,10:47:49,3.67,-0.01,500,183500,卖盘
897,10:47:55,3.68,0.01,9,3312,买盘
898,10:47:58,3.68,0.0,4,1472,买盘
899,10:48:04,3.68,0.0,4,1472,买盘
900,10:48:13,3.68,0.0,4,1472,买盘
901,10:48:49,3.68,0.0,10,3680,买盘
902,10:48:52,3.68,0.0,14,5152,买盘
903,10:48:55,3.67,-0.01,10,3670,卖盘
904,10:49:07,3.67,0.0,1,367,卖盘
905,10:49:13,3.67,0.0,7,2569,卖盘
906,10:49:48,3.68,0.01,14,5152,买盘
907,10:50:31,3.68,0.0,4,1472,买盘
908,10:50:37,3.68,0.0,50,18400,买盘
909,10:50:40,3.68,0.0,4,1472,买盘
910,10:50:42,3.68,0.0,24,8832,买盘
911,10:50:49,3.68,0.0,50,18400,买盘
912,10:50:51,3.68,0.0,3,1104,买盘
913,10:50:55,3.68,0.0,1,368,买盘
914,10:50:58,3.68,0.0,47,17296,买盘
915,10:51:01,3.68,0.0,12,4416,买盘
916,10:51:04,3.68,0.0,6,2208,买盘
917,10:51:07,3.68,0.0,23,8464,买盘
918,10:51:09,3.68,0.0,25,9200,买盘
919,10:51:13,3.68,0.0,3,1104,买盘
920,10:51:16,3.68,0.0,25,9200,买盘
921,10:51:18,3.68,0.0,6,2208,买盘
922,10:51:30,3.68,0.0,5,1840,买盘
923,10:52:07,3.68,0.0,2,736,买盘
924,10:52:10,3.68,0.0,34,12512,买盘
925,10:52:19,3.68,0.0,10,3680,买盘
926,10:52:21,3.68,0.0,3,1104,买盘
927,10:52:31,3.68,0.0,19,6992,买盘
928,10:52:52,3.67,-0.01,810,297270,卖盘
929,10:52:58,3.67,0.0,12,4404,买盘
930,10:53:01,3.67,0.0,4,1468,买盘
931,10:53:06,3.67,0.0,185,67895,买盘
932,10:53:25,3.67,0.0,23,8441,卖盘
933,10:54:07,3.67,0.0,1,367,卖盘
934,10:54:13,3.68,0.01,21,7722,买盘
935,10:54:28,3.68,0.0,82,30176,买盘
936,10:55:28,3.68,0.0,4,1472,买盘
937,10:55:31,3.68,0.0,18,6624,买盘
938,10:55:34,3.68,0.0,8,2944,买盘
939,10:55:39,3.69,0.01,3600,1327222,买盘
940,10:55:49,3.69,0.0,6,2214,买盘
941,10:55:52,3.68,-0.01,369,135902,卖盘
942,10:56:07,3.69,0.01,1,369,卖盘
943,10:56:10,3.68,-0.01,500,184277,卖盘
944,10:56:13,3.7,0.02,9,3330,买盘
945,10:56:21,3.7,0.0,70,25900,买盘
946,10:56:34,3.7,0.0,10,3700,买盘
947,10:56:37,3.7,0.0,400,148000,买盘
948,10:56:49,3.7,0.0,258,95460,买盘
949,10:56:55,3.71,0.01,17,6300,买盘
950,10:56:58,3.71,0.0,4,1484,买盘
951,10:57:10,3.71,0.0,656,243376,买盘
952,10:57:13,3.71,0.0,4,1484,买盘
953,10:57:16,3.7,-0.01,45,16650,卖盘
954,10:57:33,3.71,0.01,220,81404,买盘
955,10:57:40,3.71,0.0,11,4081,买盘
956,10:57:49,3.71,0.0,1,371,买盘
957,10:57:52,3.71,0.0,20,7420,买盘
958,10:57:58,3.7,-0.01,9,3330,卖盘
959,10:58:01,3.7,0.0,2,740,买盘
960,10:58:04,3.7,0.0,29,10730,买盘
961,10:58:28,3.69,-0.01,40,14760,卖盘
962,10:58:31,3.7,0.01,20,7400,买盘
963,10:58:34,3.7,0.0,13,4810,买盘
964,10:58:40,3.7,0.0,1,370,买盘
965,10:58:46,3.69,-0.01,15,5535,卖盘
966,10:58:52,3.69,0.0,46,16975,卖盘
967,10:58:55,3.7,0.01,4,1480,买盘
968,10:58:58,3.7,0.0,1,370,买盘
969,10:59:01,3.7,0.0,6,2220,买盘
970,10:59:04,3.7,0.0,2,740,买盘
971,10:59:07,3.7,0.0,15,5548,买盘
972,10:59:09,3.7,0.0,12,4440,买盘
973,10:59:13,3.69,-0.01,46,16978,卖盘
974,10:59:15,3.7,0.01,12,4440,买盘
975,10:59:37,3.69,-0.01,2,738,卖盘
976,10:59:43,3.69,0.0,64,23616,买盘
977,10:59:48,3.69,0.0,22,8118,买盘
978,11:00:00,3.68,-0.01,23,8486,卖盘
979,11:00:04,3.69,0.01,10,3690,买盘
980,11:00:06,3.69,0.0,4,1476,买盘
981,11:00:13,3.69,0.0,8,2952,买盘
982,11:00:19,3.68,-0.01,56,20611,卖盘
983,11:00:22,3.68,0.0,42,15456,卖盘
984,11:00:28,3.69,0.01,4,1476,买盘
985,11:00:31,3.69,0.0,112,41328,买盘
986,11:00:34,3.69,0.0,32,11808,卖盘
987,11:00:49,3.69,0.0,140,51660,买盘
988,11:00:51,3.69,0.0,72,26568,卖盘
989,11:00:55,3.7,0.01,72,26578,买盘
990,11:01:15,3.69,-0.01,20,7380,卖盘
991,11:01:27,3.69,0.0,5,1845,卖盘
992,11:01:34,3.7,0.01,49,18090,买盘
993,11:02:01,3.7,0.0,269,99530,买盘
994,11:02:07,3.71,0.01,53,19618,买盘
995,11:02:15,3.71,0.0,2,742,买盘
996,11:02:25,3.7,-0.01,32,11867,卖盘
997,11:02:43,3.7,0.0,48,17760,卖盘
998,11:02:48,3.7,0.0,35,12950,卖盘
999,11:03:40,3.7,0.0,10,3700,买盘
1000,11:03:43,3.7,0.0,12,4440,买盘
1001,11:03:46,3.7,0.0,115,42550,买盘
1002,11:03:52,3.7,0.0,10,3700,卖盘
1003,11:03:55,3.7,0.0,54,19980,卖盘
1004,11:04:28,3.69,-0.01,27,9963,卖盘
1005,11:04:34,3.7,0.01,12,4440,买盘
1006,11:04:37,3.7,0.0,16,5920,买盘
1007,11:04:40,3.69,-0.01,20,7380,卖盘
1008,11:04:46,3.7,0.01,21,7770,买盘
1009,11:04:49,3.7,0.0,4,1480,买盘
1010,11:04:52,3.7,0.0,8,2960,买盘
1011,11:04:58,3.7,0.0,30,11100,买盘
1012,11:05:00,3.7,0.0,4,1480,买盘
1013,11:05:04,3.7,0.0,8,2960,买盘
1014,11:05:12,3.7,0.0,4,1480,买盘
1015,11:05:19,3.7,0.0,4,1480,买盘
1016,11:05:25,3.7,0.0,39,14430,买盘
1017,11:05:31,3.7,0.0,42,15540,买盘
1018,11:05:37,3.71,0.01,12,4452,买盘
1019,11:05:42,3.7,-0.01,111,41070,卖盘
1020,11:05:46,3.7,0.0,1,370,买盘
1021,11:05:48,3.7,0.0,11,4070,买盘
1022,11:05:52,3.7,0.0,82,30340,买盘
1023,11:06:04,3.71,0.01,18,6678,买盘
1024,11:06:10,3.71,0.0,8,2968,买盘
1025,11:06:24,3.71,0.0,34,12614,买盘
1026,11:06:57,3.71,0.0,20,7420,买盘
1027,11:07:04,3.71,0.0,8,2968,买盘
1028,11:07:28,3.7,-0.01,118,43660,卖盘
1029,11:07:34,3.7,0.0,27,9997,卖盘
1030,11:07:55,3.7,0.0,55,20350,卖盘
1031,11:08:00,3.71,0.01,10,3710,买盘
1032,11:08:25,3.71,0.0,1138,422198,买盘
1033,11:08:55,3.7,-0.01,116,42920,卖盘
1034,11:09:07,3.7,0.0,10,3700,卖盘
1035,11:09:15,3.71,0.01,20,7420,买盘
1036,11:09:31,3.71,0.0,3,1113,买盘
1037,11:09:48,3.71,0.0,358,132818,买盘
1038,11:10:06,3.71,0.0,15,5565,卖盘
1039,11:10:12,3.7,-0.01,1,370,卖盘
1040,11:11:07,3.71,0.01,15,5565,买盘
1041,11:11:16,3.71,0.0,30,11130,买盘
1042,11:11:31,3.71,0.0,4,1484,买盘
1043,11:11:40,3.7,-0.01,241,89302,卖盘
1044,11:12:01,3.71,0.01,3,1113,买盘
1045,11:12:04,3.7,-0.01,60,22200,卖盘
1046,11:12:22,3.7,0.0,56,20720,卖盘
1047,11:12:43,3.7,0.0,58,21460,卖盘
1048,11:12:58,3.7,0.0,30,11100,卖盘
1049,11:13:01,3.7,0.0,1,370,卖盘
1050,11:13:04,3.7,0.0,50,18500,卖盘
1051,11:13:13,3.71,0.01,5,1855,买盘
1052,11:13:43,3.7,-0.01,55,20350,卖盘
1053,11:13:49,3.7,0.0,135,49950,卖盘
1054,11:13:55,3.69,-0.01,3,1107,卖盘
1055,11:14:04,3.69,0.0,27,9963,卖盘
1056,11:14:12,3.69,0.0,20,7380,卖盘
1057,11:14:55,3.69,0.0,159,58671,卖盘
1058,11:15:04,3.69,0.0,31,11439,卖盘
1059,11:15:13,3.69,0.0,50,18450,卖盘
1060,11:16:10,3.69,0.0,80,29520,卖盘
1061,11:16:25,3.7,0.01,4,1480,买盘
1062,11:16:31,3.7,0.0,80,29600,买盘
1063,11:17:01,3.69,-0.01,2,738,卖盘
1064,11:17:25,3.7,0.01,30,11100,买盘
1065,11:17:33,3.7,0.0,116,42920,买盘
1066,11:17:36,3.7,0.0,4,1480,买盘
1067,11:17:58,3.7,0.0,4,1480,买盘
1068,11:18:10,3.7,0.0,3,1110,买盘
1069,11:18:57,3.69,-0.01,499,184131,卖盘
1070,11:19:01,3.7,0.01,4,1480,买盘
1071,11:19:07,3.68,-0.02,536,197248,卖盘
1072,11:19:10,3.68,0.0,8,2944,卖盘
1073,11:19:16,3.67,-0.01,94,34574,卖盘
1074,11:19:19,3.68,0.01,32,11776,中性盘
1075,11:19:24,3.68,0.0,22,8096,买盘
1076,11:19:33,3.69,0.01,2,738,买盘
1077,11:19:42,3.69,0.0,4,1476,买盘
1078,11:19:58,3.69,0.0,5,1845,卖盘
1079,11:20:16,3.69,0.0,50,18450,卖盘
1080,11:20:25,3.69,0.0,5,1845,卖盘
1081,11:20:28,3.7,0.01,88,32557,买盘
1082,11:20:31,3.7,0.0,20,7396,买盘
1083,11:21:22,3.69,-0.01,1,369,卖盘
1084,11:21:42,3.7,0.01,130,48100,买盘
1085,11:22:01,3.69,-0.01,10,3690,卖盘
1086,11:23:00,3.69,0.0,15,5535,卖盘
1087,11:23:31,3.69,0.0,1,369,卖盘
1088,11:23:43,3.7,0.01,282,104340,买盘
1089,11:24:04,3.69,-0.01,20,7380,卖盘
1090,11:24:28,3.69,0.0,1,369,卖盘
1091,11:24:58,3.7,0.01,8,2960,买盘
1092,11:25:12,3.7,0.0,16,5920,买盘
1093,11:25:18,3.7,0.0,4,1480,买盘
1094,11:25:22,3.7,0.0,2,740,买盘
1095,11:25:25,3.7,0.0,4,1480,买盘
1096,11:25:28,3.7,0.0,8,2960,买盘
1097,11:25:31,3.7,0.0,4,1480,买盘
1098,11:25:37,3.7,0.0,12,4440,买盘
1099,11:25:45,3.69,-0.01,154,56826,卖盘
1100,11:25:55,3.69,0.0,20,7380,卖盘
1101,11:26:10,3.69,0.0,10,3690,卖盘
1102,11:26:19,3.69,0.0,153,56457,卖盘
1103,11:26:25,3.69,0.0,12,4428,买盘
1104,11:26:33,3.69,0.0,141,52029,买盘
1105,11:26:46,3.69,0.0,4,1476,买盘
1106,11:26:49,3.69,0.0,50,18450,买盘
1107,11:26:52,3.69,0.0,382,140958,买盘
1108,11:26:55,3.69,0.0,30,11070,卖盘
1109,11:27:01,3.69,0.0,40,14760,卖盘
1110,11:27:07,3.69,0.0,40,14760,卖盘
1111,11:27:13,3.69,0.0,42,15498,卖盘
1112,11:27:19,3.69,0.0,84,30996,卖盘
1113,11:27:33,3.69,0.0,42,15498,卖盘
1114,11:27:36,3.69,0.0,67,24723,卖盘
1115,11:27:55,3.69,0.0,113,41697,卖盘
1116,11:28:04,3.7,0.01,35,12950,买盘
1117,11:28:18,3.7,0.0,68,25160,买盘
1118,11:28:22,3.7,0.0,369,136530,买盘
1119,11:28:33,3.69,-0.01,12,4428,卖盘
1120,11:28:52,3.69,0.0,44,16236,卖盘
1121,11:28:55,3.69,0.0,40,14760,卖盘
1122,11:29:10,3.69,0.0,40,14760,卖盘
1123,11:29:12,3.69,0.0,41,15129,卖盘
1124,11:29:27,3.69,0.0,41,15129,卖盘
1125,11:29:34,3.69,0.0,43,15867,卖盘
1126,11:29:42,3.7,0.01,4,1480,买盘
1127,13:00:04,3.69,-0.01,15,5535,卖盘
1128,13:00:07,3.7,0.01,775,286641,买盘
1129,13:00:10,3.71,0.01,50,18508,买盘
1130,13:00:12,3.7,-0.01,18,6660,卖盘
1131,13:00:16,3.7,0.0,27,9992,卖盘
1132,13:00:18,3.7,0.0,25,9250,卖盘
1133,13:00:34,3.7,0.0,40,14800,卖盘
1134,13:00:49,3.7,0.0,1,370,卖盘
1135,13:00:51,3.7,0.0,42,15540,卖盘
1136,13:00:54,3.7,0.0,83,30710,卖盘
1137,13:01:10,3.71,0.01,30,11130,买盘
1138,13:01:22,3.71,0.0,106,39326,买盘
1139,13:01:37,3.7,-0.01,32,11840,卖盘
1140,13:01:40,3.71,0.01,100,37100,买盘
1141,13:01:52,3.71,0.0,82,30422,买盘
1142,13:02:10,3.71,0.0,32,11872,买盘
1143,13:02:19,3.71,0.0,2,742,卖盘
1144,13:02:24,3.71,0.0,2,742,卖盘
1145,13:02:27,3.72,0.01,14,5208,买盘
1146,13:02:37,3.72,0.0,121,44981,买盘
1147,13:02:52,3.71,-0.01,21,7791,卖盘
1148,13:03:01,3.71,0.0,20,7420,买盘
1149,13:03:04,3.71,0.0,50,18550,买盘
1150,13:03:22,3.7,-0.01,4,1480,卖盘
1151,13:03:24,3.71,0.01,5,1855,买盘
1152,13:04:07,3.71,0.0,28,10388,买盘
1153,13:04:37,3.71,0.0,1,371,买盘
1154,13:05:07,3.7,-0.01,1,370,卖盘
1155,13:05:09,3.71,0.01,30,11130,买盘
1156,13:05:58,3.71,0.0,20,7420,买盘
1157,13:06:13,3.71,0.0,26,9646,买盘
1158,13:06:16,3.7,-0.01,19,7030,卖盘
1159,13:06:18,3.71,0.01,15,5565,买盘
1160,13:06:28,3.71,0.0,28,10388,买盘
1161,13:06:49,3.71,0.0,24,8904,买盘
1162,13:07:10,3.7,-0.01,15,5550,卖盘
1163,13:07:28,3.71,0.01,100,37100,买盘
1164,13:07:40,3.7,-0.01,135,49950,卖盘
1165,13:07:43,3.71,0.01,100,37100,买盘
1166,13:07:49,3.71,0.0,17,6307,买盘
1167,13:07:58,3.71,0.0,30,11130,买盘
1168,13:08:06,3.71,0.0,4,1484,买盘
1169,13:08:15,3.71,0.0,13,4823,买盘
1170,13:08:19,3.7,-0.01,32,11840,卖盘
1171,13:08:42,3.7,0.0,2,740,卖盘
1172,13:08:49,3.71,0.01,77,28567,买盘
1173,13:09:13,3.71,0.0,94,34874,买盘
1174,13:09:36,3.7,-0.01,5,1850,卖盘
1175,13:10:04,3.71,0.01,50,18550,买盘
1176,13:10:25,3.7,-0.01,295,109150,卖盘
1177,13:10:31,3.71,0.01,171,63441,买盘
1178,13:10:42,3.71,0.0,29,10759,卖盘
1179,13:10:49,3.71,0.0,12,4452,买盘
1180,13:10:52,3.7,-0.01,15,5550,卖盘
1181,13:11:22,3.7,0.0,42,15540,卖盘
1182,13:11:27,3.71,0.01,1,371,买盘
1183,13:11:30,3.71,0.0,44,16324,买盘
1184,13:12:01,3.7,-0.01,4,1480,卖盘
1185,13:12:21,3.7,0.0,40,14800,卖盘
1186,13:12:24,3.71,0.01,37,13727,买盘
1187,13:12:34,3.7,-0.01,200,74000,卖盘
1188,13:12:37,3.7,0.0,71,26270,卖盘
1189,13:12:39,3.7,0.0,30,11100,卖盘
1190,13:12:52,3.7,0.0,44,16280,卖盘
1191,13:13:09,3.7,0.0,77,28490,卖盘
1192,13:13:25,3.7,0.0,41,15170,卖盘
1193,13:13:39,3.71,0.01,5,1855,买盘
1194,13:13:49,3.7,-0.01,38,14060,卖盘
1195,13:14:01,3.71,0.01,56,20773,买盘
1196,13:14:16,3.7,-0.01,304,112480,卖盘
1197,13:14:22,3.7,0.0,3,1110,卖盘
1198,13:14:25,3.7,0.0,21,7770,卖盘
1199,13:14:28,3.7,0.0,21,7770,买盘
1200,13:14:31,3.7,0.0,7,2590,卖盘
1201,13:14:43,3.7,0.0,18,6660,卖盘
1202,13:15:07,3.7,0.0,20,7400,买盘
1203,13:15:09,3.7,0.0,3,1110,买盘
1204,13:15:21,3.7,0.0,35,12950,买盘
1205,13:15:43,3.69,-0.01,46,16974,卖盘
1206,13:15:58,3.69,0.0,10,3690,卖盘
1207,13:16:01,3.69,0.0,72,26568,卖盘
1208,13:16:13,3.7,0.01,24,8880,买盘
1209,13:16:25,3.69,-0.01,30,11070,卖盘
1210,13:16:31,3.7,0.01,2,740,买盘
1211,13:16:37,3.69,-0.01,49,18081,卖盘
1212,13:16:46,3.69,0.0,14,5166,卖盘
1213,13:16:55,3.69,0.0,70,25830,卖盘
1214,13:17:01,3.69,0.0,9,3321,卖盘
1215,13:17:07,3.7,0.01,36,13294,买盘
1216,13:17:34,3.69,-0.01,10,3690,卖盘
1217,13:17:37,3.69,0.0,28,10332,卖盘
1218,13:17:40,3.69,0.0,82,30258,卖盘
1219,13:17:46,3.69,0.0,95,35055,卖盘
1220,13:17:55,3.7,0.01,113,41810,买盘
1221,13:18:28,3.69,-0.01,58,21402,卖盘
1222,13:18:37,3.69,0.0,26,9594,卖盘
1223,13:18:40,3.7,0.01,397,146890,买盘
1224,13:18:45,3.7,0.0,5,1850,买盘
1225,13:19:06,3.7,0.0,38,14032,买盘
1226,13:19:09,3.7,0.0,4,1480,买盘
1227,13:19:55,3.69,-0.01,20,7380,卖盘
1228,13:20:01,3.69,0.0,2,738,卖盘
1229,13:20:04,3.7,0.01,10,3700,买盘
1230,13:20:07,3.69,-0.01,28,10332,卖盘
1231,13:20:10,3.7,0.01,112,41440,买盘
1232,13:20:22,3.7,0.0,10,3700,买盘
1233,13:20:31,3.7,0.0,30,11100,买盘
1234,13:20:55,3.7,0.0,112,41440,买盘
1235,13:20:57,3.69,-0.01,1000,369000,卖盘
1236,13:21:04,3.7,0.01,8,2960,买盘
1237,13:21:48,3.69,-0.01,10,3690,卖盘
1238,13:21:58,3.69,0.0,9,3321,卖盘
1239,13:22:01,3.7,0.01,2,740,买盘
1240,13:22:07,3.7,0.0,35,12923,买盘
1241,13:22:22,3.68,-0.02,697,256952,卖盘
1242,13:22:33,3.68,0.0,19,6992,卖盘
1243,13:22:49,3.68,0.0,38,13984,卖盘
1244,13:22:55,3.69,0.01,9,3321,买盘
1245,13:23:07,3.68,-0.01,44,16192,卖盘
1246,13:23:16,3.68,0.0,200,73600,卖盘
1247,13:23:21,3.69,0.01,1,369,买盘
1248,13:23:24,3.69,0.0,5,1845,买盘
1249,13:23:34,3.68,-0.01,16,5888,卖盘
1250,13:23:43,3.69,0.01,119,43906,买盘
1251,13:23:52,3.68,-0.01,5,1840,卖盘
1252,13:23:55,3.69,0.01,113,41697,买盘
1253,13:24:01,3.68,-0.01,6,2208,卖盘
1254,13:24:03,3.68,0.0,804,296631,卖盘
1255,13:24:07,3.68,0.0,54,19872,卖盘
1256,13:24:13,3.69,0.01,15,5535,买盘
1257,13:24:15,3.68,-0.01,21,7729,卖盘
1258,13:24:27,3.69,0.01,1,369,买盘
1259,13:24:34,3.68,-0.01,5,1840,卖盘
1260,13:24:40,3.68,0.0,43,15824,卖盘
1261,13:24:46,3.68,0.0,29,10682,卖盘
1262,13:25:01,3.68,0.0,38,13984,卖盘
1263,13:25:04,3.68,0.0,2,736,卖盘
1264,13:25:07,3.68,0.0,53,19554,卖盘
1265,13:25:13,3.68,0.0,60,22080,卖盘
1266,13:25:16,3.68,0.0,20,7360,卖盘
1267,13:25:22,3.68,0.0,10,3680,卖盘
1268,13:25:24,3.68,0.0,5,1840,卖盘
1269,13:25:34,3.68,0.0,1,368,卖盘
1270,13:25:37,3.68,0.0,4,1472,卖盘
1271,13:25:46,3.68,0.0,125,46106,卖盘
1272,13:26:04,3.68,0.0,851,313168,卖盘
1273,13:26:25,3.68,0.0,11,4048,买盘
1274,13:26:28,3.67,-0.01,100,36700,卖盘
1275,13:26:34,3.67,0.0,29,10643,卖盘
1276,13:26:39,3.68,0.01,50,18400,买盘
1277,13:26:42,3.68,0.0,40,14720,买盘
1278,13:26:46,3.67,-0.01,4,1468,卖盘
1279,13:26:48,3.68,0.01,27,9936,买盘
1280,13:26:58,3.67,-0.01,14,5138,卖盘
1281,13:27:04,3.67,0.0,30,11010,卖盘
1282,13:27:13,3.68,0.01,5,1840,买盘
1283,13:27:24,3.68,0.0,8,2944,买盘
1284,13:27:28,3.67,-0.01,4,1468,卖盘
1285,13:27:31,3.68,0.01,27,9936,买盘
1286,13:27:34,3.67,-0.01,32,11744,卖盘
1287,13:27:36,3.68,0.01,26,9568,买盘
1288,13:28:04,3.67,-0.01,31,11377,卖盘
1289,13:28:07,3.68,0.01,8,2944,买盘
1290,13:28:19,3.67,-0.01,50,18350,卖盘
1291,13:28:21,3.68,0.01,44,16192,买盘
1292,13:28:27,3.68,0.0,1,368,买盘
1293,13:28:33,3.67,-0.01,27,9909,卖盘
1294,13:28:40,3.67,0.0,24,8814,卖盘
1295,13:28:43,3.68,0.01,147,54096,买盘
1296,13:28:45,3.68,0.0,207,76176,买盘
1297,13:28:49,3.68,0.0,20,7360,买盘
1298,13:28:52,3.67,-0.01,45,16515,卖盘
1299,13:28:54,3.68,0.01,140,51520,买盘
1300,13:29:01,3.68,0.0,32,11776,买盘
1301,13:29:04,3.67,-0.01,28,10276,卖盘
1302,13:29:10,3.68,0.01,78,28704,买盘
1303,13:29:16,3.68,0.0,81,29808,买盘
1304,13:29:19,3.68,0.0,100,36896,买盘
1305,13:29:22,3.68,0.0,11,4048,卖盘
1306,13:29:37,3.68,0.0,9,3312,卖盘
1307,13:29:48,3.68,0.0,8,2944,卖盘
1308,13:29:55,3.68,0.0,38,13984,卖盘
1309,13:30:10,3.68,0.0,200,73600,卖盘
1310,13:30:33,3.69,0.01,30,11070,买盘
1311,13:30:40,3.69,0.0,9,3321,买盘
1312,13:30:46,3.69,0.0,24,8856,买盘
1313,13:30:52,3.68,-0.01,36,13248,卖盘
1314,13:30:58,3.7,0.02,586,216684,买盘
1315,13:31:22,3.69,-0.01,10,3690,卖盘
1316,13:31:37,3.69,0.0,1,369,卖盘
1317,13:31:46,3.7,0.01,140,51766,买盘
1318,13:31:58,3.7,0.0,5,1850,买盘
1319,13:32:06,3.69,-0.01,4,1476,卖盘
1320,13:32:10,3.69,0.0,200,73800,卖盘
1321,13:32:13,3.69,0.0,4,1476,卖盘
1322,13:32:51,3.69,0.0,43,15867,卖盘
1323,13:33:36,3.69,0.0,8,2956,卖盘
1324,13:33:51,3.69,0.0,38,14022,卖盘
1325,13:33:55,3.69,0.0,2,738,卖盘
1326,13:34:16,3.7,0.01,4,1480,买盘
1327,13:34:45,3.69,-0.01,142,52505,卖盘
1328,13:34:55,3.7,0.01,34,12580,买盘
1329,13:35:37,3.7,0.0,11,4070,买盘
1330,13:35:42,3.69,-0.01,35,12915,卖盘
1331,13:35:58,3.7,0.01,61,22570,买盘
1332,13:36:04,3.7,0.0,51,18820,买盘
1333,13:36:21,3.7,0.0,2,740,买盘
1334,13:36:33,3.69,-0.01,101,37270,卖盘
1335,13:36:52,3.69,0.0,100,36900,卖盘
1336,13:36:58,3.69,0.0,44,16236,卖盘
1337,13:37:01,3.69,0.0,391,144279,卖盘
1338,13:37:04,3.69,0.0,1,369,买盘
1339,13:37:27,3.68,-0.01,4,1472,卖盘
1340,13:37:57,3.68,0.0,37,13616,卖盘
1341,13:38:09,3.68,0.0,101,37168,卖盘
1342,13:38:28,3.68,0.0,4,1472,卖盘
1343,13:38:34,3.69,0.01,1,369,买盘
1344,13:38:52,3.68,-0.01,85,31280,卖盘
1345,13:38:58,3.68,0.0,57,20976,卖盘
1346,13:39:04,3.69,0.01,1,369,买盘
1347,13:39:27,3.68,-0.01,84,30912,卖盘
1348,13:39:34,3.69,0.01,1,369,买盘
1349,13:39:55,3.68,-0.01,200,73600,卖盘
1350,13:40:01,3.68,0.0,38,13984,卖盘
1351,13:40:04,3.69,0.01,1,369,买盘
1352,13:40:19,3.69,0.0,1001,368369,买盘
1353,13:40:31,3.68,-0.01,10,3680,卖盘
1354,13:40:46,3.68,0.0,200,73600,卖盘
1355,13:40:58,3.68,0.0,58,21344,卖盘
1356,13:41:01,3.68,0.0,34,12512,卖盘
1357,13:41:33,3.68,0.0,200,73600,卖盘
1358,13:41:37,3.68,0.0,30,11040,卖盘
1359,13:41:43,3.68,0.0,203,74704,卖盘
1360,13:42:01,3.68,0.0,66,24288,卖盘
1361,13:42:10,3.69,0.01,150,55350,买盘
1362,13:42:22,3.68,-0.01,2,736,卖盘
1363,13:42:33,3.69,0.01,8,2952,买盘
1364,13:42:49,3.69,0.0,2,738,买盘
1365,13:42:54,3.69,0.0,32,11806,买盘
1366,13:43:00,3.68,-0.01,34,12512,卖盘
1367,13:43:21,3.69,0.01,9,3321,买盘
1368,13:43:25,3.68,-0.01,1,368,卖盘
1369,13:43:43,3.68,0.0,40,14720,卖盘
1370,13:43:46,3.68,0.0,16,5888,卖盘
1371,13:43:55,3.68,0.0,30,11040,卖盘
1372,13:44:01,3.68,0.0,35,12880,卖盘
1373,13:44:07,3.69,0.01,45,16605,买盘
1374,13:44:10,3.68,-0.01,184,67712,卖盘
1375,13:44:33,3.69,0.01,4,1476,买盘
1376,13:44:46,3.68,-0.01,75,27600,卖盘
1377,13:44:51,3.67,-0.01,1,367,卖盘
1378,13:45:04,3.67,0.0,36,13212,卖盘
1379,13:45:28,3.68,0.01,10,3680,卖盘
1380,13:45:34,3.68,0.0,1,368,卖盘
1381,13:46:04,3.68,0.0,3,1104,卖盘
1382,13:46:07,3.67,-0.01,35,12876,卖盘
1383,13:46:22,3.68,0.01,38,13984,买盘
1384,13:46:25,3.68,0.0,97,35696,买盘
1385,13:46:28,3.68,0.0,22,8096,买盘
1386,13:46:31,3.68,0.0,4,1472,买盘
1387,13:46:34,3.68,0.0,16,5888,买盘
1388,13:46:37,3.68,0.0,4,1472,中性盘
1389,13:46:58,3.68,0.0,2,736,买盘
1390,13:47:04,3.68,0.0,50,18400,买盘
1391,13:47:07,3.68,0.0,30,11040,买盘
1392,13:47:10,3.67,-0.01,36,13212,卖盘
1393,13:47:13,3.68,0.01,12,4416,买盘
1394,13:47:46,3.68,0.0,13,4784,买盘
1395,13:48:13,3.67,-0.01,36,13212,卖盘
1396,13:48:22,3.68,0.01,176,64768,买盘
1397,13:48:52,3.68,0.0,100,36800,买盘
1398,13:48:58,3.67,-0.01,10,3670,卖盘
1399,13:49:04,3.68,0.01,58,21344,买盘
1400,13:49:09,3.68,0.0,2,736,买盘
1401,13:49:16,3.67,-0.01,35,12845,卖盘
1402,13:49:46,3.68,0.01,1,368,买盘
1403,13:49:52,3.68,0.0,23,8464,买盘
1404,13:50:00,3.68,0.0,18,6624,买盘
1405,13:50:10,3.68,0.0,3,1104,买盘
1406,13:50:13,3.69,0.01,338,124458,买盘
1407,13:50:16,3.68,-0.01,38,13948,买盘
1408,13:50:18,3.68,0.0,3,1104,卖盘
1409,13:50:24,3.69,0.01,95,35055,买盘
1410,13:50:28,3.69,0.0,20,7380,买盘
1411,13:50:52,3.69,0.0,25,9225,买盘
1412,13:51:04,3.69,0.0,35,12881,买盘
1413,13:51:19,3.69,0.0,1,369,买盘
1414,13:51:22,3.69,0.0,12,4428,买盘
1415,13:51:24,3.69,0.0,60,22140,买盘
1416,13:51:52,3.67,-0.02,708,260510,卖盘
1417,13:52:13,3.68,0.01,11,4048,买盘
1418,13:52:19,3.67,-0.01,322,118196,卖盘
1419,13:52:21,3.68,0.01,2,736,买盘
1420,13:52:36,3.67,-0.01,39,14318,卖盘
1421,13:52:39,3.68,0.01,9,3312,买盘
1422,13:52:52,3.68,0.0,354,130272,买盘
1423,13:53:10,3.68,0.0,5,1840,买盘
1424,13:53:15,3.68,0.0,110,40480,买盘
1425,13:53:30,3.67,-0.01,37,13579,卖盘
1426,13:53:36,3.68,0.01,20,7360,买盘
1427,13:53:58,3.68,0.0,5,1840,买盘
1428,13:54:00,3.68,0.0,62,22816,买盘
1429,13:54:19,3.68,0.0,46,16928,卖盘
1430,13:54:34,3.68,0.0,50,18400,买盘
1431,13:54:40,3.68,0.0,12,4416,买盘
1432,13:54:58,3.68,0.0,20,7360,买盘
1433,13:55:07,3.68,0.0,11,4048,买盘
1434,13:55:10,3.68,0.0,60,22080,买盘
1435,13:55:18,3.68,0.0,1,368,卖盘
1436,13:55:24,3.68,0.0,2,736,卖盘
1437,13:55:40,3.68,0.0,384,141312,卖盘
1438,13:55:42,3.68,0.0,4,1472,买盘
1439,13:56:01,3.68,0.0,4,1472,买盘
1440,13:56:07,3.68,0.0,5,1840,买盘
1441,13:56:16,3.68,0.0,12,4416,买盘
1442,13:57:01,3.68,0.0,20,7360,买盘
1443,13:57:07,3.68,0.0,50,18400,买盘
1444,13:57:10,3.68,0.0,5,1840,买盘
1445,13:57:19,3.67,-0.01,1,367,卖盘
1446,13:57:34,3.67,0.0,60,22020,卖盘
1447,13:57:45,3.67,0.0,42,15414,卖盘
1448,13:57:51,3.67,0.0,49,17983,卖盘
1449,13:58:01,3.68,0.01,369,135792,买盘
1450,13:58:18,3.68,0.0,220,80960,买盘
1451,13:58:25,3.69,0.01,44,16194,买盘
1452,13:58:31,3.69,0.0,5,1845,买盘
1453,13:58:42,3.69,0.0,145,53505,买盘
1454,13:58:49,3.69,0.0,22,8118,买盘
1455,13:58:55,3.69,0.0,40,14760,买盘
1456,13:59:01,3.69,0.0,10,3690,买盘
1457,13:59:15,3.69,0.0,5,1845,买盘
1458,13:59:34,3.69,0.0,1,369,买盘
1459,13:59:48,3.69,0.0,106,39114,买盘
1460,13:59:58,3.69,0.0,63,23395,买盘
1461,14:00:04,3.7,0.01,1,370,买盘
1462,14:00:07,3.69,-0.01,13,4649,卖盘
1463,14:00:10,3.69,0.0,1,369,买盘
1464,14:00:19,3.68,-0.01,63,23195,卖盘
1465,14:00:27,3.69,0.01,178,65830,买盘
1466,14:00:34,3.69,0.0,2,738,卖盘
1467,14:00:46,3.69,0.0,8,2804,卖盘
1468,14:00:49,3.69,0.0,5,1845,买盘
1469,14:00:55,3.69,0.0,1,369,买盘
1470,14:01:04,3.69,0.0,1,369,买盘
1471,14:01:07,3.69,0.0,10,3690,买盘
1472,14:01:13,3.69,0.0,250,92250,买盘
1473,14:01:36,3.69,0.0,30,11070,买盘
1474,14:01:43,3.69,0.0,31,11439,买盘
1475,14:02:10,3.69,0.0,279,102951,买盘
1476,14:02:24,3.68,-0.01,215,79270,卖盘
1477,14:02:40,3.68,0.0,40,14720,卖盘
1478,14:02:49,3.69,0.01,11,4059,买盘
1479,14:02:55,3.69,0.0,1,369,买盘
1480,14:02:57,3.69,0.0,2,738,买盘
1481,14:03:04,3.69,0.0,107,39483,买盘
1482,14:03:10,3.68,-0.01,4,1472,卖盘
1483,14:03:13,3.69,0.01,1,369,买盘
1484,14:03:25,3.69,0.0,20,7380,买盘
1485,14:03:46,3.69,0.0,15,5535,买盘
1486,14:03:58,3.68,-0.01,5,1840,卖盘
1487,14:04:04,3.68,0.0,19,7124,卖盘
1488,14:04:06,3.68,0.0,30,11048,卖盘
1489,14:04:13,3.68,0.0,4,1472,卖盘
1490,14:04:16,3.69,0.01,12,4428,买盘
1491,14:04:19,3.68,-0.01,216,79488,卖盘
1492,14:04:22,3.68,0.0,65,23920,卖盘
1493,14:04:25,3.69,0.01,52,19188,买盘
1494,14:04:31,3.68,-0.01,4,1472,卖盘
1495,14:04:43,3.68,0.0,64,23552,卖盘
1496,14:05:07,3.68,0.0,70,25760,卖盘
1497,14:05:10,3.69,0.01,11,4059,买盘
1498,14:05:13,3.69,0.0,106,39114,买盘
1499,14:05:16,3.68,-0.01,4,1473,卖盘
1500,14:05:19,3.68,0.0,20,7360,卖盘
1501,14:05:22,3.69,0.01,11,4059,买盘
1502,14:05:34,3.69,0.0,1,369,买盘
1503,14:05:52,3.68,-0.01,57,20986,卖盘
1504,14:05:55,3.69,0.01,48,17712,买盘
1505,14:05:58,3.69,0.0,1,369,买盘
1506,14:06:04,3.69,0.0,1,369,买盘
1507,14:06:10,3.68,-0.01,1186,436316,卖盘
1508,14:06:16,3.68,0.0,142,52256,买盘
1509,14:06:18,3.68,0.0,1,368,买盘
1510,14:06:28,3.68,0.0,20,7360,买盘
1511,14:06:31,3.68,0.0,5,1840,买盘
1512,14:06:34,3.68,0.0,3,1104,买盘
1513,14:06:43,3.68,0.0,1,368,买盘
1514,14:06:46,3.68,0.0,30,11040,买盘
1515,14:06:55,3.68,0.0,50,18400,买盘
1516,14:07:19,3.67,-0.01,191,70285,卖盘
1517,14:07:24,3.68,0.01,22,8096,买盘
1518,14:07:31,3.68,0.0,10,3680,买盘
1519,14:07:34,3.67,-0.01,10,3670,卖盘
1520,14:07:36,3.68,0.01,5,1840,买盘
1521,14:07:42,3.67,-0.01,37,13579,卖盘
1522,14:08:09,3.67,0.0,140,51380,卖盘
1523,14:08:15,3.67,0.0,29,10643,卖盘
1524,14:08:33,3.68,0.01,200,73600,买盘
1525,14:08:39,3.68,0.0,107,39376,买盘
1526,14:08:43,3.67,-0.01,36,13212,卖盘
1527,14:08:48,3.68,0.01,50,18400,买盘
1528,14:08:51,3.68,0.0,2,736,买盘
1529,14:08:54,3.68,0.0,36,13380,买盘
1530,14:09:04,3.68,0.0,10,3680,卖盘
1531,14:09:07,3.68,0.0,56,20476,卖盘
1532,14:09:13,3.68,0.0,5,1840,买盘
1533,14:09:28,3.68,0.0,13,4784,买盘
1534,14:09:58,3.68,0.0,30,11040,买盘
1535,14:10:04,3.68,0.0,10,3680,买盘
1536,14:10:07,3.67,-0.01,17,6239,卖盘
1537,14:10:10,3.67,0.0,24,8808,卖盘
1538,14:10:19,3.68,0.01,100,36800,买盘
1539,14:10:37,3.68,0.0,16,5888,买盘
1540,14:10:43,3.67,-0.01,324,119208,卖盘
1541,14:10:49,3.68,0.01,211,77448,买盘
1542,14:10:57,3.67,-0.01,54,19818,卖盘
1543,14:11:04,3.67,0.0,25,9175,卖盘
1544,14:11:06,3.68,0.01,40,14833,买盘
1545,14:11:16,3.69,0.01,4,1476,买盘
1546,14:11:19,3.68,-0.01,31,11408,卖盘
1547,14:11:22,3.69,0.01,106,39114,买盘
1548,14:11:27,3.68,-0.01,1,368,卖盘
1549,14:11:33,3.68,0.0,129,47473,卖盘
1550,14:11:49,3.69,0.01,2,738,买盘
1551,14:11:52,3.69,0.0,3,1107,买盘
1552,14:11:55,3.69,0.0,2,738,买盘
1553,14:12:09,3.68,-0.01,31,11408,卖盘
1554,14:12:19,3.69,0.01,3,1107,买盘
1555,14:12:55,3.68,-0.01,5,1840,卖盘
1556,14:13:33,3.69,0.01,8,2952,买盘
1557,14:13:40,3.68,-0.01,1,368,卖盘
1558,14:13:43,3.69,0.01,50,18450,买盘
1559,14:13:49,3.68,-0.01,23,8464,卖盘
1560,14:13:55,3.69,0.01,107,39483,买盘
1561,14:14:01,3.68,-0.01,40,14720,卖盘
1562,14:14:31,3.68,0.0,320,117760,卖盘
1563,14:14:37,3.68,0.0,51,18768,卖盘
1564,14:14:45,3.68,0.0,84,30912,卖盘
1565,14:15:28,3.68,0.0,120,44160,卖盘
1566,14:15:34,3.68,0.0,3,1104,卖盘
1567,14:15:36,3.68,0.0,64,23552,卖盘
1568,14:15:42,3.68,0.0,30,11040,卖盘
1569,14:16:06,3.68,0.0,1,368,卖盘
1570,14:16:28,3.69,0.01,5,1845,买盘
1571,14:16:31,3.68,-0.01,27,9936,卖盘
1572,14:16:36,3.68,0.0,6,2208,卖盘
1573,14:16:58,3.68,0.0,7,2576,卖盘
1574,14:17:01,3.68,0.0,201,73968,卖盘
1575,14:17:13,3.68,0.0,5,1840,卖盘
1576,14:17:27,3.68,0.0,64,23552,卖盘
1577,14:17:34,3.68,0.0,43,15824,卖盘
1578,14:17:42,3.68,0.0,4,1472,卖盘
1579,14:17:55,3.68,0.0,10,3680,卖盘
1580,14:17:58,3.68,0.0,1,368,卖盘
1581,14:18:24,3.69,0.01,96,35423,买盘
1582,14:18:28,3.68,-0.01,2,736,卖盘
1583,14:18:30,3.68,0.0,10,3680,卖盘
1584,14:18:55,3.68,0.0,1,368,卖盘
1585,14:19:01,3.68,0.0,300,110400,卖盘
1586,14:19:06,3.68,0.0,72,26496,卖盘
1587,14:19:19,3.68,0.0,1,368,卖盘
1588,14:19:27,3.69,0.01,5,1845,买盘
1589,14:19:46,3.69,0.0,8,2951,买盘
1590,14:19:49,3.68,-0.01,7,2576,卖盘
1591,14:19:57,3.68,0.0,5,1840,卖盘
1592,14:20:04,3.68,0.0,102,37538,卖盘
1593,14:20:07,3.68,0.0,50,18400,卖盘
1594,14:20:13,3.68,0.0,19,6992,卖盘
1595,14:20:16,3.69,0.01,6,2213,买盘
1596,14:20:19,3.68,-0.01,100,36800,卖盘
1597,14:20:25,3.69,0.01,97,35790,买盘
1598,14:20:43,3.68,-0.01,60,22080,卖盘
1599,14:20:46,3.69,0.01,2,737,买盘
1600,14:21:06,3.69,0.0,29,10701,买盘
1601,14:21:10,3.68,-0.01,1,368,卖盘
1602,14:21:16,3.69,0.01,1,369,买盘
1603,14:21:28,3.68,-0.01,12,4416,卖盘
1604,14:21:31,3.69,0.01,5,1845,买盘
1605,14:21:34,3.68,-0.01,1,368,卖盘
1606,14:21:40,3.68,0.0,16,5888,卖盘
1607,14:21:45,3.69,0.01,90,33121,买盘
1608,14:21:49,3.68,-0.01,58,21344,卖盘
1609,14:21:58,3.69,0.01,100,36900,买盘
1610,14:22:01,3.68,-0.01,26,9568,卖盘
1611,14:22:04,3.69,0.01,2,738,买盘
1612,14:22:13,3.68,-0.01,23,8464,卖盘
1613,14:22:19,3.69,0.01,120,44240,买盘
1614,14:22:28,3.68,-0.01,1,368,卖盘
1615,14:22:31,3.69,0.01,5,1845,买盘
1616,14:22:45,3.69,0.0,1,369,买盘
1617,14:22:52,3.68,-0.01,43,15824,卖盘
1618,14:22:58,3.68,0.0,22,8096,卖盘
1619,14:23:04,3.69,0.01,2,738,买盘
1620,14:23:16,3.69,0.0,6,2214,买盘
1621,14:23:22,3.68,-0.01,1,368,卖盘
1622,14:23:46,3.68,0.0,1,368,卖盘
1623,14:23:49,3.68,0.0,6,2208,卖盘
1624,14:23:58,3.68,0.0,109,40112,卖盘
1625,14:24:04,3.69,0.01,31,11409,买盘
1626,14:24:13,3.68,-0.01,31,11408,卖盘
1627,14:24:28,3.68,0.0,216,79688,卖盘
1628,14:24:34,3.68,0.0,37,13616,卖盘
1629,14:24:37,3.68,0.0,1,368,卖盘
1630,14:24:46,3.69,0.01,1,369,买盘
1631,14:25:01,3.69,0.0,1,369,买盘
1632,14:25:04,3.68,-0.01,1,368,卖盘
1633,14:25:10,3.69,0.01,95,35055,买盘
1634,14:25:33,3.69,0.0,1,369,买盘
1635,14:25:36,3.68,-0.01,50,18400,卖盘
1636,14:25:43,3.68,0.0,26,9568,卖盘
1637,14:25:46,3.69,0.01,1,369,买盘
1638,14:25:49,3.68,-0.01,34,12512,卖盘
1639,14:25:55,3.68,0.0,4,1472,卖盘
1640,14:25:58,3.68,0.0,6,2208,卖盘
1641,14:26:04,3.69,0.01,5,1841,买盘
1642,14:26:09,3.69,0.0,730,269370,买盘
1643,14:26:27,3.68,-0.01,10,3680,卖盘
1644,14:26:33,3.68,0.0,129,47473,卖盘
1645,14:26:43,3.68,0.0,5,1840,卖盘
1646,14:26:46,3.69,0.01,1,369,买盘
1647,14:26:52,3.69,0.0,189,69741,买盘
1648,14:26:55,3.68,-0.01,10,3680,卖盘
1649,14:27:00,3.69,0.01,1,369,买盘
1650,14:27:04,3.69,0.0,7,2583,买盘
1651,14:27:10,3.69,0.0,148,54612,买盘
1652,14:27:12,3.68,-0.01,1,368,卖盘
1653,14:27:16,3.68,0.0,58,21344,卖盘
1654,14:27:18,3.69,0.01,40,14760,买盘
1655,14:27:31,3.69,0.0,1,369,买盘
1656,14:27:33,3.69,0.0,1,369,买盘
1657,14:27:39,3.68,-0.01,32,11807,卖盘
1658,14:27:46,3.69,0.01,64,23616,买盘
1659,14:27:52,3.69,0.0,7,2583,买盘
1660,14:27:55,3.69,0.0,100,36900,买盘
1661,14:28:04,3.69,0.0,3,1107,买盘
1662,14:28:10,3.69,0.0,100,36900,买盘
1663,14:28:16,3.69,0.0,1,369,买盘
1664,14:28:34,3.69,0.0,1,369,买盘
1665,14:28:46,3.69,0.0,1,369,买盘
1666,14:28:48,3.69,0.0,1,369,买盘
1667,14:28:52,3.69,0.0,189,69741,买盘
1668,14:29:04,3.69,0.0,2,738,买盘
1669,14:29:16,3.69,0.0,1,369,买盘
1670,14:29:25,3.68,-0.01,1,368,卖盘
1671,14:29:40,3.69,0.01,4,1476,买盘
1672,14:29:42,3.68,-0.01,30,11060,卖盘
1673,14:29:46,3.69,0.01,1,369,买盘
1674,14:29:49,3.69,0.0,4,1475,买盘
1675,14:30:07,3.69,0.0,16,5904,买盘
1676,14:30:13,3.68,-0.01,83,30546,卖盘
1677,14:30:15,3.69,0.01,1,369,买盘
1678,14:30:22,3.68,-0.01,50,18400,卖盘
1679,14:30:46,3.69,0.01,2,737,买盘
1680,14:30:52,3.68,-0.01,256,94448,卖盘
1681,14:30:58,3.69,0.01,23,8487,买盘
1682,14:31:04,3.69,0.0,47,17343,买盘
1683,14:31:07,3.69,0.0,100,36900,买盘
1684,14:31:16,3.69,0.0,3,1107,买盘
1685,14:31:25,3.69,0.0,64,23616,买盘
1686,14:31:28,3.69,0.0,4,1476,买盘
1687,14:31:31,3.68,-0.01,1,368,卖盘
1688,14:31:45,3.69,0.01,1,369,买盘
1689,14:31:52,3.69,0.0,12,4428,买盘
1690,14:32:01,3.68,-0.01,1,368,卖盘
1691,14:32:15,3.69,0.01,1,369,买盘
1692,14:32:22,3.68,-0.01,3,1104,卖盘
1693,14:32:28,3.69,0.01,412,152028,买盘
1694,14:32:34,3.69,0.0,1,369,买盘
1695,14:32:46,3.68,-0.01,211,77849,卖盘
1696,14:32:58,3.69,0.01,22,8118,买盘
1697,14:33:04,3.69,0.0,334,122946,买盘
1698,14:33:09,3.69,0.0,29,10480,买盘
1699,14:33:16,3.69,0.0,1,369,卖盘
1700,14:33:31,3.69,0.0,41,15350,卖盘
1701,14:33:37,3.69,0.0,3,1107,买盘
1702,14:33:49,3.69,0.0,2,738,买盘
1703,14:33:55,3.69,0.0,3,1107,买盘
1704,14:34:18,3.69,0.0,156,57343,买盘
1705,14:34:21,3.69,0.0,36,13284,卖盘
1706,14:34:25,3.69,0.0,1,369,卖盘
1707,14:34:43,3.68,-0.01,147,54196,卖盘
1708,14:34:51,3.7,0.02,1471,544270,买盘
1709,14:34:54,3.7,0.0,40,14800,卖盘
1710,14:34:57,3.7,0.0,16,5920,卖盘
1711,14:35:13,3.7,0.0,140,51800,卖盘
1712,14:35:16,3.7,0.0,40,14800,卖盘
1713,14:35:21,3.7,0.0,495,183150,卖盘
1714,14:35:27,3.69,-0.01,402,148527,卖盘
1715,14:35:31,3.69,0.0,16,5904,卖盘
1716,14:35:34,3.69,0.0,133,49077,卖盘
1717,14:35:36,3.7,0.01,320,118390,买盘
1718,14:35:40,3.69,-0.01,7,2583,卖盘
1719,14:35:46,3.69,0.0,4,1476,卖盘
1720,14:35:52,3.69,0.0,4,1476,卖盘
1721,14:35:55,3.69,0.0,5,1845,卖盘
1722,14:35:57,3.69,0.0,4,1476,卖盘
1723,14:36:01,3.7,0.01,100,37000,买盘
1724,14:36:04,3.7,0.0,3,1109,买盘
1725,14:36:07,3.69,-0.01,13,4797,卖盘
1726,14:36:10,3.69,0.0,334,123246,卖盘
1727,14:36:22,3.68,-0.01,4,1472,卖盘
1728,14:36:25,3.69,0.01,168,61992,买盘
1729,14:36:28,3.69,0.0,2,738,卖盘
1730,14:36:30,3.69,0.0,30,11070,卖盘
1731,14:36:34,3.69,0.0,4,1476,卖盘
1732,14:36:37,3.69,0.0,8,2952,卖盘
1733,14:36:39,3.69,0.0,23,8487,卖盘
1734,14:36:46,3.69,0.0,37,13653,卖盘
1735,14:36:49,3.69,0.0,159,58730,卖盘
1736,14:36:52,3.69,0.0,42,15498,卖盘
1737,14:36:55,3.7,0.01,47,17390,买盘
1738,14:36:58,3.7,0.0,528,195187,买盘
1739,14:37:01,3.7,0.0,128,47360,买盘
1740,14:37:07,3.7,0.0,600,222000,买盘
1741,14:37:13,3.7,0.0,53,19610,买盘
1742,14:37:15,3.7,0.0,150,55500,买盘
1743,14:37:25,3.7,0.0,300,111000,买盘
1744,14:37:28,3.7,0.0,133,49122,买盘
1745,14:37:31,3.69,-0.01,42,15525,卖盘
1746,14:37:34,3.7,0.01,2,740,卖盘
1747,14:37:36,3.7,0.0,4,1480,卖盘
1748,14:37:39,3.7,0.0,113,41810,卖盘
1749,14:37:46,3.7,0.0,15,5550,卖盘
1750,14:37:52,3.71,0.01,50,18549,买盘
1751,14:38:01,3.7,-0.01,40,14800,卖盘
1752,14:38:04,3.7,0.0,50,18500,卖盘
1753,14:38:09,3.7,0.0,1,370,卖盘
1754,14:38:12,3.7,0.0,12,4440,卖盘
1755,14:38:18,3.7,0.0,10,3700,卖盘
1756,14:38:22,3.7,0.0,184,68080,卖盘
1757,14:38:31,3.7,0.0,35,12950,卖盘
1758,14:38:34,3.7,0.0,312,115440,卖盘
1759,14:38:40,3.7,0.0,44,16280,买盘
1760,14:38:42,3.7,0.0,15,5550,卖盘
1761,14:38:46,3.7,0.0,2,740,买盘
1762,14:38:48,3.7,0.0,3,1110,中性盘
1763,14:38:58,3.7,0.0,108,39960,买盘
1764,14:39:01,3.69,-0.01,36,13284,卖盘
1765,14:39:18,3.7,0.01,20,7400,买盘
1766,14:39:31,3.7,0.0,45,16612,买盘
1767,14:39:36,3.69,-0.01,1,369,卖盘
1768,14:39:55,3.69,0.0,2,738,卖盘
1769,14:39:58,3.69,0.0,20,7390,卖盘
1770,14:40:01,3.69,0.0,40,14760,卖盘
1771,14:40:15,3.69,0.0,5,1845,卖盘
1772,14:40:22,3.69,0.0,1,369,卖盘
1773,14:40:31,3.69,0.0,42,15498,卖盘
1774,14:40:34,3.69,0.0,21,7749,卖盘
1775,14:40:43,3.69,0.0,289,106641,卖盘
1776,14:40:52,3.69,0.0,550,202950,卖盘
1777,14:40:55,3.69,0.0,125,46125,卖盘
1778,14:41:01,3.7,0.01,45,16612,买盘
1779,14:41:04,3.69,-0.01,516,190404,卖盘
1780,14:41:06,3.68,-0.01,1,368,卖盘
1781,14:41:19,3.68,0.0,1,368,卖盘
1782,14:41:22,3.69,0.01,2,738,买盘
1783,14:41:28,3.69,0.0,21,7748,买盘
1784,14:41:31,3.68,-0.01,39,14352,卖盘
1785,14:41:37,3.69,0.01,20,7380,买盘
1786,14:41:40,3.68,-0.01,52,19136,卖盘
1787,14:41:52,3.69,0.01,187,69002,买盘
1788,14:41:54,3.68,-0.01,17,6256,卖盘
1789,14:41:58,3.68,0.0,37,13616,卖盘
1790,14:42:04,3.68,0.0,17,6256,卖盘
1791,14:42:13,3.68,0.0,17,6256,卖盘
1792,14:42:19,3.68,0.0,18,6624,卖盘
1793,14:42:34,3.68,0.0,45,16560,卖盘
1794,14:42:39,3.68,0.0,17,6256,卖盘
1795,14:42:43,3.68,0.0,17,6256,卖盘
1796,14:42:49,3.68,0.0,17,6256,卖盘
1797,14:42:55,3.68,0.0,100,36800,卖盘
1798,14:43:01,3.69,0.01,44,16201,买盘
1799,14:43:12,3.68,-0.01,15,5520,卖盘
1800,14:43:15,3.69,0.01,1,369,买盘
1801,14:43:19,3.68,-0.01,1,368,卖盘
1802,14:43:25,3.68,0.0,17,6256,卖盘
1803,14:43:28,3.68,0.0,17,6256,卖盘
1804,14:43:31,3.68,0.0,40,14720,卖盘
1805,14:43:37,3.68,0.0,18,6624,卖盘
1806,14:43:40,3.68,0.0,1,368,卖盘
1807,14:43:43,3.68,0.0,17,6256,卖盘
1808,14:43:45,3.69,0.01,21,7729,买盘
1809,14:43:52,3.68,-0.01,17,6256,卖盘
1810,14:43:58,3.68,0.0,41,15088,卖盘
1811,14:44:01,3.68,0.0,17,6256,卖盘
1812,14:44:04,3.69,0.01,30,11070,买盘
1813,14:44:13,3.68,-0.01,449,165232,卖盘
1814,14:44:16,3.69,0.01,89,32841,买盘
1815,14:44:31,3.68,-0.01,75,27633,卖盘
1816,14:44:33,3.69,0.01,7,2583,买盘
1817,14:44:45,3.69,0.0,3,1107,买盘
1818,14:45:01,3.69,0.0,44,16197,买盘
1819,14:45:10,3.69,0.0,30,11070,买盘
1820,14:45:16,3.69,0.0,12,4417,买盘
1821,14:45:33,3.69,0.0,27,9963,买盘
1822,14:45:37,3.68,-0.01,47,17296,卖盘
1823,14:45:40,3.68,0.0,100,36800,卖盘
1824,14:45:46,3.69,0.01,13,4786,买盘
1825,14:45:58,3.69,0.0,32,11808,买盘
1826,14:46:01,3.69,0.0,10,3690,买盘
1827,14:46:04,3.68,-0.01,35,12880,卖盘
1828,14:46:15,3.69,0.01,13,4786,买盘
1829,14:46:31,3.68,-0.01,37,13616,卖盘
1830,14:46:34,3.69,0.01,154,56826,买盘
1831,14:46:46,3.69,0.0,152,56088,买盘
1832,14:46:52,3.69,0.0,255,93949,买盘
1833,14:46:57,3.68,-0.01,135,49680,卖盘
1834,14:47:10,3.69,0.01,4,1476,买盘
1835,14:47:16,3.69,0.0,196,72154,买盘
1836,14:47:22,3.69,0.0,8,2952,买盘
1837,14:47:25,3.68,-0.01,3,1104,卖盘
1838,14:47:28,3.68,0.0,68,25054,卖盘
1839,14:47:46,3.69,0.01,2,738,买盘
1840,14:47:58,3.69,0.0,20,7380,买盘
1841,14:48:10,3.69,0.0,611,225459,买盘
1842,14:48:13,3.68,-0.01,200,73664,卖盘
1843,14:48:16,3.69,0.01,1,369,中性盘
1844,14:48:19,3.69,0.0,2,738,卖盘
1845,14:48:27,3.69,0.0,9,3321,买盘
1846,14:48:31,3.69,0.0,21,7753,卖盘
1847,14:48:40,3.69,0.0,17,6273,卖盘
1848,14:48:43,3.69,0.0,137,50553,卖盘
1849,14:48:46,3.69,0.0,237,87453,卖盘
1850,14:48:48,3.69,0.0,4,1476,买盘
1851,14:48:55,3.69,0.0,494,182286,买盘
1852,14:48:58,3.69,0.0,28,10340,卖盘
1853,14:49:01,3.69,0.0,33,12177,卖盘
1854,14:49:04,3.69,0.0,17,6273,卖盘
1855,14:49:07,3.7,0.01,4,1480,买盘
1856,14:49:10,3.69,-0.01,17,6273,卖盘
1857,14:49:18,3.69,0.0,17,6273,卖盘
1858,14:49:22,3.69,0.0,3,1107,卖盘
1859,14:49:28,3.69,0.0,17,6273,卖盘
1860,14:49:34,3.69,0.0,17,6273,卖盘
1861,14:49:37,3.69,0.0,26,9594,卖盘
1862,14:49:43,3.69,0.0,18,6642,卖盘
1863,14:49:49,3.69,0.0,7,2583,卖盘
1864,14:49:52,3.69,0.0,63,23253,卖盘
1865,14:49:55,3.7,0.01,4,1480,买盘
1866,14:50:01,3.7,0.0,19,7013,买盘
1867,14:50:04,3.7,0.0,17,6290,买盘
1868,14:50:07,3.7,0.0,1,370,买盘
1869,14:50:10,3.7,0.0,2,740,买盘
1870,14:50:19,3.7,0.0,10,3700,买盘
1871,14:50:30,3.7,0.0,8,2960,买盘
1872,14:50:40,3.7,0.0,50,18500,买盘
1873,14:50:46,3.7,0.0,2600,962000,买盘
1874,14:50:55,3.7,0.0,5,1850,买盘
1875,14:50:58,3.71,0.01,4,1484,买盘
1876,14:51:01,3.7,-0.01,16,5920,买盘
1877,14:51:04,3.71,0.01,4,1484,买盘
1878,14:51:07,3.71,0.0,4,1484,买盘
1879,14:51:16,3.71,0.0,50,18550,买盘
1880,14:51:19,3.7,-0.01,38,14064,卖盘
1881,14:51:22,3.71,0.01,54,20034,买盘
1882,14:51:25,3.71,0.0,17,6307,买盘
1883,14:51:28,3.71,0.0,50,18550,买盘
1884,14:51:31,3.71,0.0,95,35245,买盘
1885,14:51:34,3.71,0.0,57,21144,买盘
1886,14:51:37,3.71,0.0,222,82277,买盘
1887,14:51:40,3.71,0.0,57,21147,买盘
1888,14:51:43,3.71,0.0,90,33390,买盘
1889,14:51:49,3.7,-0.01,579,214230,卖盘
1890,14:51:52,3.7,0.0,30,11100,买盘
1891,14:51:54,3.7,0.0,6,2218,买盘
1892,14:52:04,3.7,0.0,14,5180,买盘
1893,14:52:06,3.7,0.0,19,7030,买盘
1894,14:52:09,3.7,0.0,18,6660,买盘
1895,14:52:12,3.7,0.0,4,1480,买盘
1896,14:52:16,3.69,-0.01,130,48050,卖盘
1897,14:52:24,3.7,0.01,15,5549,买盘
1898,14:52:31,3.7,0.0,45,16650,买盘
1899,14:52:33,3.69,-0.01,10,3690,卖盘
1900,14:52:39,3.7,0.01,30,11100,买盘
1901,14:52:49,3.7,0.0,4,1480,买盘
1902,14:52:55,3.69,-0.01,2,738,卖盘
1903,14:52:57,3.7,0.01,1000,370000,买盘
1904,14:53:04,3.69,-0.01,39,14408,卖盘
1905,14:53:07,3.69,0.0,119,43911,卖盘
1906,14:53:10,3.7,0.01,821,303770,买盘
1907,14:53:19,3.7,0.0,417,154273,买盘
1908,14:53:22,3.7,0.0,397,146890,卖盘
1909,14:53:28,3.69,-0.01,14,5170,卖盘
1910,14:53:31,3.7,0.01,200,74000,买盘
1911,14:53:43,3.7,0.0,20,7400,买盘
1912,14:53:45,3.7,0.0,44,16280,买盘
1913,14:53:52,3.7,0.0,300,111000,买盘
1914,14:53:58,3.7,0.0,10,3700,买盘
1915,14:54:04,3.7,0.0,156,57720,买盘
1916,14:54:07,3.7,0.0,264,97680,卖盘
1917,14:54:16,3.71,0.01,156,57729,买盘
1918,14:54:25,3.7,-0.01,2,740,买盘
1919,14:54:31,3.7,0.0,13,4810,卖盘
1920,14:54:37,3.7,0.0,20,7417,卖盘
1921,14:54:42,3.71,0.01,607,225197,买盘
1922,14:54:49,3.7,-0.01,14,5180,卖盘
1923,14:54:58,3.71,0.01,560,207700,买盘
1924,14:55:01,3.7,-0.01,247,91432,卖盘
1925,14:55:04,3.7,0.0,21,7770,卖盘
1926,14:55:10,3.71,0.01,32,11872,买盘
1927,14:55:13,3.71,0.0,3,1113,买盘
1928,14:55:16,3.71,0.0,152,56392,买盘
1929,14:55:19,3.7,-0.01,10,3700,卖盘
1930,14:55:30,3.7,0.0,11,4080,卖盘
1931,14:55:37,3.7,0.0,17,6290,卖盘
1932,14:55:40,3.7,0.0,3,1110,卖盘
1933,14:55:46,3.71,0.01,137,50759,买盘
1934,14:55:48,3.7,-0.01,193,71503,卖盘
1935,14:55:55,3.71,0.01,87,32277,买盘
1936,14:55:57,3.7,-0.01,1,370,卖盘
1937,14:56:04,3.71,0.01,10,3710,买盘
1938,14:56:07,3.71,0.0,288,106848,买盘
1939,14:56:10,3.71,0.0,4,1484,买盘
1940,14:56:16,3.71,0.0,217,80507,买盘
1941,14:56:19,3.71,0.0,28,10388,卖盘
1942,14:56:22,3.71,0.0,315,116865,买盘
1943,14:56:31,3.71,0.0,45,16695,买盘
1944,14:56:34,3.7,-0.01,30,11100,卖盘
1945,14:56:37,3.7,0.0,300,111000,卖盘
1946,14:56:40,3.71,0.01,124,46004,买盘
1947,14:56:43,3.71,0.0,1,371,卖盘
1948,14:56:46,3.72,0.01,1,372,买盘
1949,14:56:49,3.71,-0.01,46,17070,卖盘
1950,14:56:52,3.71,0.0,34,12614,卖盘
1951,14:57:00,3.72,0.01,1,372,买盘
1952,14:57:03,3.71,-0.01,153,56913,卖盘
1953,15:00:04,3.73,0.02,3795,1415535,买盘
