,time,price,change,volume,amount,type
0,09:25:05,10.77,0.0,38,40926,卖盘
1,09:30:04,10.67,-0.1,83,89248,卖盘
2,09:30:06,10.71,0.04,13,13923,买盘
3,09:30:09,10.67,-0.04,5,5335,卖盘
4,09:30:13,10.69,0.02,23,24587,中性盘
5,09:30:19,10.68,-0.01,4,4272,中性盘
6,09:30:27,10.69,0.01,48,51246,买盘
7,09:30:31,10.7,0.01,32,34209,买盘
8,09:30:34,10.69,-0.01,2,2138,卖盘
9,09:30:37,10.7,0.01,2,2140,买盘
10,09:30:40,10.69,-0.01,3,3211,卖盘
11,09:30:46,10.7,0.01,2,2140,买盘
12,09:30:52,10.7,0.0,3,3210,买盘
13,09:30:55,10.71,0.01,1,1071,买盘
14,09:31:01,10.7,-0.01,16,17120,卖盘
15,09:31:06,10.7,0.0,4,4280,买盘
16,09:31:10,10.69,-0.01,76,81244,卖盘
17,09:31:13,10.67,-0.02,17,18153,卖盘
18,09:31:15,10.66,-0.01,2,2132,卖盘
19,09:31:18,10.66,0.0,1,1066,卖盘
20,09:31:21,10.66,0.0,2,2132,卖盘
21,09:31:24,10.66,0.0,3,3198,卖盘
22,09:31:28,10.66,0.0,3,3198,卖盘
23,09:31:39,10.63,-0.03,44,46772,卖盘
24,09:31:42,10.64,0.01,1,1064,中性盘
25,09:31:49,10.63,-0.01,5,5315,卖盘
26,09:31:52,10.63,0.0,6,6378,买盘
27,09:32:04,10.63,0.0,8,8504,买盘
28,09:32:07,10.63,0.0,4,4252,买盘
29,09:32:18,10.64,0.01,20,21295,卖盘
30,09:32:46,10.69,0.05,2,2138,买盘
31,09:33:06,10.69,0.0,6,6414,买盘
32,09:33:30,10.7,0.01,15,16050,买盘
33,09:33:34,10.7,0.0,5,5338,买盘
34,09:33:42,10.7,0.0,15,16050,买盘
35,09:33:52,10.7,0.0,12,12840,买盘
36,09:33:58,10.7,0.0,9,9630,买盘
37,09:34:03,10.7,0.0,21,22470,卖盘
38,09:34:13,10.7,0.0,9,9630,买盘
39,09:34:27,10.68,-0.02,10,10692,卖盘
40,09:34:54,10.67,-0.01,4,4271,卖盘
41,09:35:04,10.67,0.0,10,10670,买盘
42,09:35:06,10.64,-0.03,26,27694,卖盘
43,09:35:10,10.69,0.05,29,30984,买盘
44,09:35:19,10.65,-0.04,4,4260,买盘
45,09:35:22,10.65,0.0,2,2130,买盘
46,09:35:24,10.65,0.0,17,18105,买盘
47,09:35:30,10.65,0.0,1,1065,卖盘
48,09:35:34,10.63,-0.02,217,230764,卖盘
49,09:35:37,10.64,0.01,13,13821,买盘
50,09:35:40,10.62,-0.02,1,1062,买盘
51,09:35:42,10.61,-0.01,5,5305,卖盘
52,09:35:52,10.62,0.01,10,10620,买盘
53,09:35:55,10.61,-0.01,23,24413,卖盘
54,09:36:04,10.64,0.03,1,1064,卖盘
55,09:36:06,10.61,-0.03,20,21247,卖盘
56,09:36:21,10.64,0.03,23,24428,买盘
57,09:36:24,10.68,0.04,1,1068,买盘
58,09:37:09,10.64,-0.04,41,43628,卖盘
59,09:37:13,10.64,0.0,2,2128,买盘
60,09:37:36,10.61,-0.03,127,134914,卖盘
61,09:37:39,10.61,0.0,2,2122,买盘
62,09:37:42,10.61,0.0,1,1061,买盘
63,09:37:46,10.6,-0.01,85,90100,卖盘
64,09:37:49,10.6,0.0,1,1060,买盘
65,09:37:52,10.6,0.0,11,11660,买盘
66,09:37:54,10.59,-0.01,22,23298,卖盘
67,09:37:57,10.59,0.0,56,59304,买盘
68,09:38:04,10.58,-0.01,17,17986,卖盘
69,09:38:06,10.59,0.01,1,1059,买盘
70,09:38:10,10.59,0.0,53,56127,买盘
71,09:38:13,10.58,-0.01,15,15879,卖盘
72,09:38:16,10.58,0.0,9,9522,买盘
73,09:38:27,10.57,-0.01,39,41232,卖盘
74,09:38:30,10.58,0.01,107,113110,买盘
75,09:38:34,10.6,0.02,2,2120,买盘
76,09:38:37,10.58,-0.02,7,7406,卖盘
77,09:38:43,10.58,0.0,36,38088,买盘
78,09:38:48,10.6,0.02,20,21200,买盘
79,09:39:07,10.6,0.0,41,43486,卖盘
80,09:39:09,10.6,0.0,1,1060,买盘
81,09:39:12,10.59,-0.01,20,21180,卖盘
82,09:39:15,10.59,0.0,2,2118,卖盘
83,09:39:19,10.58,-0.01,92,97343,卖盘
84,09:39:22,10.58,0.0,13,13754,卖盘
85,09:39:25,10.57,-0.01,1,1057,卖盘
86,09:39:28,10.58,0.01,3,3172,买盘
87,09:39:31,10.57,-0.01,10,10570,卖盘
88,09:39:36,10.55,-0.02,46,48550,卖盘
89,09:39:40,10.55,0.0,4,4220,买盘
90,09:39:51,10.53,-0.02,10,10535,卖盘
91,09:40:00,10.53,0.0,18,18937,买盘
92,09:40:06,10.52,-0.01,24,25248,卖盘
93,09:40:10,10.54,0.02,5,5268,买盘
94,09:40:16,10.53,-0.01,1,1053,卖盘
95,09:40:19,10.52,-0.01,55,57860,卖盘
96,09:40:21,10.54,0.02,13,13702,买盘
97,09:40:24,10.53,-0.01,12,12636,卖盘
98,09:40:31,10.53,0.0,2,2106,买盘
99,09:40:37,10.51,-0.02,167,175597,卖盘
100,09:40:40,10.51,0.0,2,2102,买盘
101,09:40:42,10.5,-0.01,1,1050,卖盘
102,09:40:45,10.5,0.0,18,18908,卖盘
103,09:40:49,10.45,-0.05,90,94375,卖盘
104,09:40:52,10.45,0.0,47,48931,买盘
105,09:40:57,10.41,-0.04,4,4164,卖盘
106,09:41:00,10.45,0.04,2,2090,买盘
107,09:41:04,10.45,0.0,19,19855,买盘
108,09:41:09,10.45,0.0,10,10450,买盘
109,09:41:15,10.41,-0.04,20,20820,卖盘
110,09:41:19,10.4,-0.01,25,26000,卖盘
111,09:41:22,10.4,0.0,38,39575,卖盘
112,09:41:25,10.37,-0.03,102,105919,卖盘
113,09:41:28,10.4,0.03,38,39540,卖盘
114,09:41:30,10.4,0.0,1,1040,买盘
115,09:41:34,10.33,-0.07,11,11363,卖盘
116,09:41:36,10.38,0.05,21,21818,中性盘
117,09:41:40,10.4,0.02,2,2080,买盘
118,09:41:43,10.38,-0.02,13,13494,卖盘
119,09:41:46,10.38,0.0,1,1038,买盘
120,09:41:49,10.35,-0.03,50,51750,卖盘
121,09:41:55,10.35,0.0,46,47610,卖盘
122,09:41:57,10.35,0.0,11,11403,买盘
123,09:42:01,10.38,0.03,2,2076,买盘
124,09:42:04,10.38,0.0,111,115218,买盘
125,09:42:06,10.38,0.0,98,101724,买盘
126,09:42:09,10.4,0.02,202,209364,买盘
127,09:42:12,10.4,0.0,2,2080,买盘
128,09:42:15,10.35,-0.05,50,51805,卖盘
129,09:42:19,10.4,0.05,20,20800,买盘
130,09:42:22,10.4,0.0,1,1040,买盘
131,09:42:25,10.38,-0.02,6,6228,买盘
132,09:42:27,10.36,-0.02,92,95444,卖盘
133,09:42:30,10.36,0.0,52,53912,卖盘
134,09:42:34,10.4,0.04,1,1040,买盘
135,09:42:43,10.4,0.0,59,61360,买盘
136,09:42:46,10.45,0.05,1,1045,买盘
137,09:42:49,10.4,-0.05,91,94640,卖盘
138,09:42:52,10.4,0.0,44,45760,买盘
139,09:42:54,10.4,0.0,57,59380,卖盘
140,09:42:57,10.4,0.0,1,1040,买盘
141,09:43:01,10.4,0.0,142,147680,买盘
142,09:43:04,10.45,0.05,2,2090,买盘
143,09:43:06,10.4,-0.05,1,1040,卖盘
144,09:43:13,10.4,0.0,15,15600,卖盘
145,09:43:15,10.45,0.05,32,33440,买盘
146,09:43:19,10.4,-0.05,15,15600,卖盘
147,09:43:22,10.45,0.05,1,1045,买盘
148,09:43:28,10.4,-0.05,46,47840,卖盘
149,09:43:31,10.4,0.0,1,1040,买盘
150,09:43:34,10.4,0.0,2,2080,买盘
151,09:43:39,10.4,0.0,10,10400,卖盘
152,09:43:43,10.4,0.0,1,1040,卖盘
153,09:43:58,10.4,0.0,20,20801,卖盘
154,09:44:00,10.45,0.05,116,121170,买盘
155,09:44:04,10.48,0.03,2,2096,中性盘
156,09:44:18,10.47,-0.01,2,2094,买盘
157,09:44:25,10.47,0.0,7,7329,买盘
158,09:44:28,10.47,0.0,5,5235,卖盘
159,09:44:30,10.47,0.0,2,2094,买盘
160,09:44:33,10.47,0.0,115,120390,买盘
161,09:44:36,10.47,0.0,2,2094,买盘
162,09:44:52,10.47,0.0,5,5382,买盘
163,09:44:54,10.47,0.0,5,5235,卖盘
164,09:45:13,10.47,0.0,47,49062,卖盘
165,09:45:22,10.4,-0.07,307,319897,卖盘
166,09:45:25,10.4,0.0,14,14560,买盘
167,09:45:30,10.4,0.0,2,2080,买盘
168,09:45:33,10.4,0.0,20,20800,买盘
169,09:45:37,10.4,0.0,157,163280,买盘
170,09:45:58,10.41,0.01,5,5205,卖盘
171,09:46:01,10.4,-0.01,50,52032,卖盘
172,09:46:04,10.41,0.01,2,2082,中性盘
173,09:46:07,10.43,0.02,68,70859,买盘
174,09:46:13,10.41,-0.02,2,2082,卖盘
175,09:46:28,10.44,0.03,20,20880,买盘
176,09:46:30,10.44,0.0,14,14616,买盘
177,09:46:43,10.44,0.0,2,2088,卖盘
178,09:46:46,10.45,0.01,20,20900,买盘
179,09:46:48,10.45,0.0,5,5225,买盘
180,09:46:52,10.45,0.0,65,67920,买盘
181,09:46:54,10.45,0.0,13,13585,买盘
182,09:47:00,10.45,0.0,8,8360,买盘
183,09:47:06,10.45,0.0,6,6270,买盘
184,09:47:13,10.4,-0.05,200,208224,卖盘
185,09:47:15,10.45,0.05,3,3135,买盘
186,09:47:21,10.45,0.0,6,6270,买盘
187,09:47:37,10.41,-0.04,76,79182,卖盘
188,09:47:45,10.43,0.02,7,7304,卖盘
189,09:47:55,10.43,0.0,21,21883,买盘
190,09:48:10,10.42,-0.01,2,2084,卖盘
191,09:48:12,10.43,0.01,1,1043,买盘
192,09:48:15,10.44,0.01,2,2088,买盘
193,09:48:28,10.44,0.0,3,3132,买盘
194,09:48:30,10.43,-0.01,500,521500,卖盘
195,09:48:33,10.44,0.01,39,40690,买盘
196,09:48:37,10.44,0.0,1,1044,卖盘
197,09:48:40,10.45,0.01,45,46968,买盘
198,09:48:43,10.45,0.0,2,2090,买盘
199,09:48:45,10.43,-0.02,5,5215,卖盘
200,09:48:48,10.45,0.02,3,3133,买盘
201,09:49:01,10.43,-0.02,5,5215,卖盘
202,09:49:12,10.45,0.02,3,3135,买盘
203,09:49:37,10.45,0.0,77,80465,买盘
204,09:49:42,10.43,-0.02,83,86570,卖盘
205,09:49:45,10.43,0.0,3,3129,买盘
206,09:49:58,10.43,0.0,20,20860,买盘
207,09:50:00,10.43,0.0,2,2086,买盘
208,09:50:03,10.4,-0.03,400,416262,卖盘
209,09:50:06,10.42,0.02,14,14588,中性盘
210,09:50:16,10.4,-0.02,73,75920,卖盘
211,09:50:19,10.4,0.0,2,2080,买盘
212,09:50:31,10.4,0.0,38,39520,卖盘
213,09:50:37,10.4,0.0,36,37440,卖盘
214,09:50:42,10.4,0.0,8,8320,卖盘
215,09:50:46,10.4,0.0,44,45760,卖盘
216,09:50:51,10.39,-0.01,16,16624,卖盘
217,09:50:55,10.38,-0.01,22,22836,卖盘
218,09:50:58,10.38,0.0,7,7266,卖盘
219,09:51:07,10.37,-0.01,23,23858,卖盘
220,09:51:12,10.38,0.01,33,34254,买盘
221,09:51:15,10.38,0.0,7,7266,买盘
222,09:51:22,10.39,0.01,6,6234,中性盘
223,09:51:25,10.4,0.01,8,8320,买盘
224,09:51:28,10.4,0.0,7,7280,买盘
225,09:51:31,10.4,0.0,48,49920,买盘
226,09:51:34,10.4,0.0,1,1040,买盘
227,09:51:36,10.4,0.0,151,157040,买盘
228,09:51:39,10.41,0.01,5,5205,买盘
229,09:51:42,10.42,0.01,4,4167,买盘
230,09:51:46,10.4,-0.02,68,70793,卖盘
231,09:51:49,10.4,0.0,20,20800,卖盘
232,09:52:07,10.4,0.0,5,5200,卖盘
233,09:52:13,10.41,0.01,96,99844,买盘
234,09:52:19,10.4,-0.01,7,7280,卖盘
235,09:52:21,10.4,0.0,12,12480,卖盘
236,09:52:24,10.4,0.0,5,5200,卖盘
237,09:52:31,10.41,0.01,1,1041,买盘
238,09:52:34,10.4,-0.01,1,1040,卖盘
239,09:52:40,10.41,0.01,1,1041,买盘
240,09:52:43,10.41,0.0,7,7287,买盘
241,09:52:46,10.4,-0.01,1,1040,卖盘
242,09:52:51,10.41,0.01,13,13533,买盘
243,09:52:57,10.41,0.0,21,21861,买盘
244,09:53:06,10.4,-0.01,77,80080,卖盘
245,09:53:09,10.41,0.01,3,3123,买盘
246,09:53:28,10.41,0.0,32,33312,买盘
247,09:53:31,10.41,0.0,1,1041,买盘
248,09:53:33,10.41,0.0,17,17683,买盘
249,09:53:42,10.41,0.0,18,18738,买盘
250,09:53:46,10.41,0.0,2,2082,买盘
251,09:53:55,10.41,0.0,23,23943,买盘
252,09:54:06,10.42,0.01,100,104200,买盘
253,09:54:09,10.43,0.01,2,2086,买盘
254,09:54:12,10.43,0.0,42,43806,买盘
255,09:54:15,10.43,0.0,1,1043,卖盘
256,09:54:28,10.45,0.02,4,4180,买盘
257,09:54:33,10.45,0.0,20,20900,买盘
258,09:54:37,10.45,0.0,10,10450,买盘
259,09:54:39,10.47,0.02,16,16725,买盘
260,09:54:52,10.47,0.0,9,9570,买盘
261,09:54:54,10.44,-0.03,40,41791,买盘
262,09:55:01,10.47,0.03,30,31410,卖盘
263,09:55:04,10.47,0.0,3,3141,卖盘
264,09:55:07,10.47,0.0,10,10470,卖盘
265,09:55:09,10.48,0.01,20,20959,买盘
266,09:55:12,10.47,-0.01,8,8376,卖盘
267,09:55:22,10.48,0.01,1,1048,买盘
268,09:55:25,10.48,0.0,2,2096,卖盘
269,09:55:27,10.48,0.0,46,48208,卖盘
270,09:55:31,10.48,0.0,4,4192,卖盘
271,09:55:34,10.48,0.0,5,5240,卖盘
272,09:55:39,10.48,0.0,21,22008,买盘
273,09:55:46,10.48,0.0,7,7336,卖盘
274,09:55:49,10.48,0.0,44,46112,买盘
275,09:55:52,10.48,0.0,57,59731,买盘
276,09:55:55,10.49,0.01,4,4196,买盘
277,09:56:04,10.49,0.0,13,13637,买盘
278,09:56:16,10.49,0.0,87,91263,买盘
279,09:56:19,10.5,0.01,1,1050,买盘
280,09:56:27,10.5,0.0,49,51450,买盘
281,09:56:34,10.51,0.01,2,2102,买盘
282,09:56:37,10.51,0.0,1,1051,买盘
283,09:56:40,10.5,-0.01,10,10501,卖盘
284,09:56:46,10.51,0.01,4,4204,买盘
285,09:56:48,10.5,-0.01,1,1050,卖盘
286,09:56:54,10.5,0.0,1,1050,卖盘
287,09:56:57,10.51,0.01,2,2102,买盘
288,09:57:12,10.51,0.0,1,1051,卖盘
289,09:57:22,10.52,0.01,5,5260,买盘
290,09:57:25,10.51,-0.01,44,46244,卖盘
291,09:57:34,10.51,0.0,45,47295,卖盘
292,09:57:37,10.5,-0.01,266,279324,卖盘
293,09:57:40,10.5,0.0,55,57700,买盘
294,09:57:42,10.49,-0.01,53,55619,卖盘
295,09:57:45,10.5,0.01,66,69254,中性盘
296,09:57:48,10.5,0.0,42,44062,中性盘
297,09:57:52,10.49,-0.01,49,51411,卖盘
298,09:57:55,10.49,0.0,33,34617,卖盘
299,09:57:58,10.49,0.0,13,13637,买盘
300,09:58:04,10.49,0.0,34,35666,买盘
301,09:58:06,10.49,0.0,29,30410,中性盘
302,09:58:09,10.49,0.0,5,5245,卖盘
303,09:58:16,10.49,0.0,43,45107,卖盘
304,09:58:19,10.49,0.0,2,2098,买盘
305,09:58:21,10.49,0.0,69,72381,买盘
306,09:58:25,10.49,0.0,17,17833,买盘
307,09:58:30,10.48,-0.01,20,20960,卖盘
308,09:58:36,10.49,0.01,4,4196,买盘
309,09:58:55,10.49,0.0,3,3147,卖盘
310,09:59:00,10.49,0.0,1,1049,卖盘
311,09:59:04,10.49,0.0,7,7343,卖盘
312,09:59:10,10.49,0.0,1,1049,卖盘
313,09:59:31,10.49,0.0,22,23078,卖盘
314,09:59:55,10.49,0.0,2,2098,卖盘
315,10:00:09,10.49,0.0,1,1049,卖盘
316,10:00:19,10.5,0.01,1,1050,买盘
317,10:00:22,10.5,0.0,8,8400,买盘
318,10:00:45,10.5,0.0,13,13650,买盘
319,10:00:52,10.5,0.0,10,10500,买盘
320,10:01:01,10.49,-0.01,111,116544,卖盘
321,10:01:04,10.49,0.0,8,8392,买盘
322,10:01:09,10.49,0.0,33,34617,买盘
323,10:01:13,10.52,0.03,15,15747,买盘
324,10:01:31,10.52,0.0,78,82056,买盘
325,10:01:34,10.53,0.01,20,21060,买盘
326,10:01:40,10.55,0.02,10,10550,买盘
327,10:01:48,10.55,0.0,13,13715,卖盘
328,10:02:01,10.57,0.02,18,19023,买盘
329,10:02:10,10.57,0.0,32,33824,卖盘
330,10:02:12,10.57,0.0,46,48616,买盘
331,10:02:24,10.57,0.0,28,29571,买盘
332,10:02:27,10.57,0.0,8,8456,买盘
333,10:02:30,10.57,0.0,17,17970,中性盘
334,10:02:46,10.56,-0.01,2,2112,卖盘
335,10:02:49,10.56,0.0,3,3168,卖盘
336,10:02:52,10.55,-0.01,9,9495,卖盘
337,10:02:54,10.55,0.0,1,1055,卖盘
338,10:02:58,10.55,0.0,3,3165,买盘
339,10:03:06,10.55,0.0,2,2110,卖盘
340,10:03:10,10.55,0.0,28,29540,卖盘
341,10:03:13,10.55,0.0,28,29540,卖盘
342,10:03:16,10.55,0.0,7,7385,卖盘
343,10:03:25,10.55,0.0,20,21100,买盘
344,10:03:33,10.55,0.0,79,83345,卖盘
345,10:03:36,10.55,0.0,5,5275,中性盘
346,10:03:58,10.56,0.01,6,6336,买盘
347,10:04:01,10.54,-0.02,20,21080,卖盘
348,10:04:06,10.56,0.02,49,51744,买盘
349,10:04:24,10.57,0.01,6,6338,买盘
350,10:04:33,10.54,-0.03,30,31620,卖盘
351,10:04:40,10.55,0.01,4,4220,买盘
352,10:04:45,10.56,0.01,40,42240,买盘
353,10:05:33,10.56,0.0,83,87566,买盘
354,10:05:40,10.55,-0.01,7,7385,卖盘
355,10:05:51,10.54,-0.01,30,31620,卖盘
356,10:05:54,10.54,0.0,15,15810,卖盘
357,10:05:57,10.53,-0.01,8,8424,卖盘
358,10:06:04,10.52,-0.01,1,1052,卖盘
359,10:06:07,10.53,0.01,15,15783,买盘
360,10:06:10,10.53,0.0,4,4212,卖盘
361,10:06:21,10.53,0.0,10,10530,卖盘
362,10:06:27,10.53,0.0,32,33696,卖盘
363,10:06:45,10.54,0.01,29,30566,买盘
364,10:06:48,10.53,-0.01,10,10530,卖盘
365,10:06:52,10.54,0.01,4,4216,买盘
366,10:07:30,10.54,0.0,2,2108,卖盘
367,10:07:36,10.56,0.02,112,118265,买盘
368,10:07:39,10.57,0.01,5,5285,买盘
369,10:07:52,10.57,0.0,29,30623,买盘
370,10:08:00,10.57,0.0,27,28539,买盘
371,10:08:10,10.58,0.01,10,10580,买盘
372,10:08:12,10.57,-0.01,24,25368,买盘
373,10:08:19,10.57,0.0,5,5285,买盘
374,10:08:21,10.57,0.0,1,1057,买盘
375,10:08:48,10.56,-0.01,10,10560,买盘
376,10:08:51,10.56,0.0,30,31680,买盘
377,10:08:58,10.57,0.01,32,33824,买盘
378,10:09:22,10.57,0.0,2,2114,卖盘
379,10:09:24,10.57,0.0,2,2114,卖盘
380,10:09:37,10.58,0.01,53,56074,买盘
381,10:09:58,10.58,0.0,10,10580,卖盘
382,10:10:00,10.59,0.01,24,25407,买盘
383,10:10:07,10.59,0.0,6,6354,买盘
384,10:10:19,10.59,0.0,5,5295,买盘
385,10:10:24,10.58,-0.01,5,5290,卖盘
386,10:10:27,10.58,0.0,72,76176,卖盘
387,10:10:31,10.57,-0.01,22,23254,卖盘
388,10:10:37,10.58,0.01,8,8464,买盘
389,10:10:43,10.57,-0.01,22,23254,卖盘
390,10:10:46,10.57,0.0,72,76104,卖盘
391,10:10:49,10.57,0.0,5,5285,买盘
392,10:10:54,10.57,0.0,1,1057,买盘
393,10:10:57,10.54,-0.03,3,3162,卖盘
394,10:11:07,10.54,0.0,9,9491,卖盘
395,10:11:12,10.54,0.0,5,5270,卖盘
396,10:11:16,10.54,0.0,6,6324,卖盘
397,10:11:36,10.52,-0.02,4,4208,卖盘
398,10:11:58,10.53,0.01,9,9477,买盘
399,10:12:09,10.53,0.0,6,6318,卖盘
400,10:12:21,10.53,0.0,20,21060,卖盘
401,10:12:25,10.54,0.01,12,12648,买盘
402,10:12:43,10.54,0.0,9,9486,卖盘
403,10:12:49,10.54,0.0,2,2108,买盘
404,10:13:00,10.54,0.0,1,1054,买盘
405,10:13:16,10.53,-0.01,17,17901,卖盘
406,10:13:19,10.53,0.0,24,25272,买盘
407,10:13:31,10.54,0.01,45,47418,买盘
408,10:13:33,10.52,-0.02,61,64282,卖盘
409,10:13:39,10.53,0.01,10,10530,中性盘
410,10:13:43,10.53,0.0,29,30537,买盘
411,10:14:06,10.52,-0.01,10,10520,卖盘
412,10:14:18,10.52,0.0,16,16832,卖盘
413,10:14:48,10.52,0.0,1,1052,买盘
414,10:14:51,10.51,-0.01,62,65162,卖盘
415,10:15:01,10.5,-0.01,85,89283,卖盘
416,10:15:04,10.52,0.02,5,5260,买盘
417,10:15:12,10.5,-0.02,20,21007,卖盘
418,10:15:37,10.5,0.0,5,5250,卖盘
419,10:15:46,10.5,0.0,10,10500,卖盘
420,10:15:52,10.5,0.0,11,11550,卖盘
421,10:15:57,10.5,0.0,20,21000,卖盘
422,10:17:36,10.51,0.01,15,15765,卖盘
423,10:18:00,10.51,0.0,14,14714,卖盘
424,10:18:03,10.51,0.0,1,1051,卖盘
425,10:18:24,10.52,0.01,5,5260,买盘
426,10:18:40,10.51,-0.01,35,36785,卖盘
427,10:18:46,10.51,0.0,5,5255,卖盘
428,10:19:03,10.51,0.0,11,11561,卖盘
429,10:19:25,10.52,0.01,3,3156,买盘
430,10:19:37,10.51,-0.01,18,18918,卖盘
431,10:19:40,10.51,0.0,7,7357,卖盘
432,10:20:00,10.52,0.01,64,67328,买盘
433,10:20:40,10.52,0.0,5,5260,卖盘
434,10:20:49,10.52,0.0,7,7364,卖盘
435,10:22:18,10.52,0.0,5,5260,买盘
436,10:22:21,10.51,-0.01,10,10510,卖盘
437,10:22:54,10.51,0.0,4,4204,卖盘
438,10:23:13,10.51,0.0,39,40989,卖盘
439,10:23:21,10.52,0.01,6,6312,买盘
440,10:23:31,10.52,0.0,8,8416,买盘
441,10:23:37,10.52,0.0,20,21040,买盘
442,10:23:40,10.52,0.0,3,3156,买盘
443,10:23:48,10.52,0.0,5,5260,买盘
444,10:23:52,10.53,0.01,6,6317,买盘
445,10:24:07,10.53,0.0,9,9477,买盘
446,10:24:15,10.53,0.0,1,1053,买盘
447,10:24:22,10.53,0.0,58,61074,买盘
448,10:24:31,10.54,0.01,15,15810,买盘
449,10:24:40,10.54,0.0,3,3162,买盘
450,10:24:51,10.54,0.0,2,2108,买盘
451,10:25:04,10.54,0.0,3,3162,买盘
452,10:25:24,10.55,0.01,5,5275,买盘
453,10:26:12,10.55,0.0,5,5275,买盘
454,10:27:13,10.55,0.0,2,2110,买盘
455,10:27:48,10.56,0.01,8,8448,买盘
456,10:27:54,10.55,-0.01,5,5275,卖盘
457,10:27:58,10.56,0.01,5,5280,买盘
458,10:28:33,10.55,-0.01,1,1055,卖盘
459,10:29:03,10.56,0.01,44,46464,买盘
460,10:29:28,10.56,0.0,1,1056,卖盘
461,10:29:31,10.56,0.0,15,15840,买盘
462,10:29:33,10.56,0.0,20,21120,买盘
463,10:29:42,10.56,0.0,12,12672,买盘
464,10:30:06,10.57,0.01,5,5285,买盘
465,10:30:10,10.56,-0.01,2,2112,卖盘
466,10:30:13,10.56,0.0,13,13728,卖盘
467,10:30:36,10.56,0.0,20,21120,卖盘
468,10:30:40,10.56,0.0,4,4224,卖盘
469,10:30:54,10.55,-0.01,4,4220,卖盘
470,10:30:57,10.55,0.0,2,2110,卖盘
471,10:31:07,10.55,0.0,3,3165,卖盘
472,10:31:13,10.55,0.0,22,23210,卖盘
473,10:31:25,10.55,0.0,22,23210,卖盘
474,10:31:30,10.55,0.0,46,48530,卖盘
475,10:31:40,10.54,-0.01,3,3162,卖盘
476,10:31:54,10.54,0.0,5,5270,卖盘
477,10:31:57,10.55,0.01,19,20040,买盘
478,10:32:21,10.54,-0.01,1,1054,买盘
479,10:32:46,10.54,0.0,15,15810,卖盘
480,10:32:54,10.54,0.0,10,10540,卖盘
481,10:33:42,10.54,0.0,23,24242,卖盘
482,10:34:07,10.54,0.0,1,1054,买盘
483,10:34:09,10.53,-0.01,12,12636,卖盘
484,10:34:48,10.53,0.0,8,8424,卖盘
485,10:35:24,10.53,0.0,2,2106,卖盘
486,10:35:36,10.53,0.0,1,1053,卖盘
487,10:36:12,10.54,0.01,25,26350,买盘
488,10:36:21,10.54,0.0,10,10540,买盘
489,10:37:16,10.54,0.0,29,30566,买盘
490,10:37:21,10.54,0.0,6,6324,卖盘
491,10:37:54,10.55,0.01,5,5275,买盘
492,10:38:18,10.55,0.0,30,31650,买盘
493,10:38:24,10.55,0.0,1,1055,买盘
494,10:38:27,10.55,0.0,3,3165,买盘
495,10:38:31,10.54,-0.01,1,1054,卖盘
496,10:38:51,10.55,0.01,1,1055,买盘
497,10:39:28,10.55,0.0,3,3165,买盘
498,10:39:31,10.55,0.0,1,1055,买盘
499,10:40:09,10.55,0.0,24,25320,买盘
500,10:40:19,10.55,0.0,30,31650,买盘
501,10:40:22,10.55,0.0,5,5275,买盘
502,10:41:00,10.55,0.0,6,6330,买盘
503,10:41:04,10.53,-0.02,64,67403,卖盘
504,10:41:37,10.54,0.01,4,4216,中性盘
505,10:42:18,10.55,0.01,10,10550,买盘
506,10:42:24,10.55,0.0,24,25320,买盘
507,10:44:48,10.54,-0.01,3,3162,卖盘
508,10:45:36,10.55,0.01,5,5275,买盘
509,10:46:12,10.55,0.0,83,87565,买盘
510,10:46:36,10.55,0.0,17,17935,卖盘
511,10:47:00,10.55,0.0,1,1055,买盘
512,10:48:04,10.55,0.0,2,2110,卖盘
513,10:48:12,10.55,0.0,10,10550,卖盘
514,10:48:24,10.55,0.0,14,14770,卖盘
515,10:49:31,10.56,0.01,5,5280,买盘
516,10:49:54,10.56,0.0,3,3168,买盘
517,10:50:06,10.56,0.0,13,13728,买盘
518,10:50:10,10.57,0.01,2,2114,买盘
519,10:50:13,10.57,0.0,1,1057,买盘
520,10:50:21,10.58,0.01,15,15868,买盘
521,10:50:27,10.59,0.01,4,4236,买盘
522,10:50:52,10.59,0.0,3,3177,买盘
523,10:51:21,10.59,0.0,8,8472,买盘
524,10:53:16,10.6,0.01,1,1060,买盘
525,10:53:18,10.6,0.0,5,5300,买盘
526,10:53:28,10.6,0.0,17,18020,买盘
527,10:53:36,10.6,0.0,1,1060,买盘
528,10:53:54,10.62,0.02,7,7434,买盘
529,10:54:42,10.61,-0.01,13,13793,中性盘
530,10:54:49,10.6,-0.01,40,42400,卖盘
531,10:55:00,10.59,-0.01,6,6354,中性盘
532,10:55:06,10.59,0.0,23,24357,卖盘
533,10:55:18,10.6,0.01,5,5300,买盘
534,10:55:37,10.59,-0.01,3,3177,卖盘
535,10:56:06,10.59,0.0,4,4236,买盘
536,10:56:12,10.58,-0.01,24,25392,卖盘
537,10:57:12,10.58,0.0,5,5290,买盘
538,10:57:24,10.57,-0.01,1,1057,买盘
539,10:57:33,10.57,0.0,17,17969,买盘
540,10:57:36,10.58,0.01,5,5290,买盘
541,10:57:57,10.57,-0.01,2,2114,卖盘
542,10:58:06,10.58,0.01,5,5290,买盘
543,10:58:24,10.57,-0.01,3,3171,卖盘
544,10:58:36,10.57,0.0,5,5285,买盘
545,10:59:00,10.57,0.0,10,10570,买盘
546,11:00:27,10.58,0.01,57,60306,买盘
547,11:01:09,10.58,0.0,8,8464,卖盘
548,11:01:12,10.58,0.0,2,2116,买盘
549,11:01:30,10.6,0.02,24,25440,买盘
550,11:02:27,10.6,0.0,2,2120,卖盘
551,11:02:33,10.6,0.0,1,1060,卖盘
552,11:02:36,10.6,0.0,1,1060,卖盘
553,11:02:39,10.59,-0.01,2,2118,卖盘
554,11:02:45,10.59,0.0,1,1059,卖盘
555,11:02:48,10.59,0.0,2,2118,卖盘
556,11:03:00,10.58,-0.01,10,10580,卖盘
557,11:05:48,10.59,0.01,8,8472,买盘
558,11:06:04,10.59,0.0,5,5295,卖盘
559,11:06:33,10.59,0.0,1,1059,卖盘
560,11:06:42,10.59,0.0,47,49773,卖盘
561,11:07:33,10.58,-0.01,11,11638,卖盘
562,11:09:00,10.59,0.01,4,4236,买盘
563,11:09:21,10.59,0.0,13,13767,买盘
564,11:09:31,10.6,0.01,40,42400,买盘
565,11:09:57,10.6,0.0,50,53000,卖盘
566,11:10:42,10.6,0.0,10,10600,买盘
567,11:10:48,10.6,0.0,16,16960,卖盘
568,11:11:15,10.61,0.01,15,15915,买盘
569,11:11:18,10.6,-0.01,3,3180,卖盘
570,11:11:36,10.6,0.0,10,10600,卖盘
571,11:11:45,10.6,0.0,2,2120,卖盘
572,11:12:03,10.6,0.0,2,2120,卖盘
573,11:12:22,10.61,0.01,20,21220,买盘
574,11:12:33,10.62,0.01,5,5310,卖盘
575,11:13:21,10.61,-0.01,15,15915,卖盘
576,11:13:33,10.6,-0.01,55,58300,卖盘
577,11:13:39,10.59,-0.01,41,43419,卖盘
578,11:13:42,10.59,0.0,21,22239,卖盘
579,11:13:49,10.58,-0.01,4,4232,卖盘
580,11:13:51,10.57,-0.01,1,1057,卖盘
581,11:13:55,10.59,0.02,50,52939,买盘
582,11:14:06,10.57,-0.02,1,1057,卖盘
583,11:14:22,10.57,0.0,2,2114,卖盘
584,11:14:33,10.57,0.0,2,2114,卖盘
585,11:14:51,10.58,0.01,2,2116,买盘
586,11:14:57,10.59,0.01,1,1059,买盘
587,11:15:52,10.59,0.0,1,1059,卖盘
588,11:15:57,10.59,0.0,5,5295,买盘
589,11:16:15,10.58,-0.01,13,13754,卖盘
590,11:16:22,10.58,0.0,15,15870,卖盘
591,11:16:24,10.58,0.0,4,4232,买盘
592,11:16:42,10.58,0.0,11,11638,买盘
593,11:16:51,10.59,0.01,4,4236,买盘
594,11:17:18,10.58,-0.01,6,6348,卖盘
595,11:18:15,10.59,0.01,2,2118,卖盘
596,11:19:21,10.6,0.01,5,5300,买盘
597,11:19:48,10.59,-0.01,53,56127,卖盘
598,11:19:54,10.59,0.0,18,19062,买盘
599,11:20:30,10.58,-0.01,9,9527,卖盘
600,11:20:45,10.59,0.01,1,1059,买盘
601,11:21:16,10.58,-0.01,5,5290,卖盘
602,11:21:24,10.58,0.0,23,24334,卖盘
603,11:21:39,10.58,0.0,21,22218,买盘
604,11:23:36,10.59,0.01,3,3177,卖盘
605,11:23:54,10.6,0.01,9,9528,买盘
606,11:23:57,10.58,-0.02,25,26450,卖盘
607,11:24:36,10.57,-0.01,7,7399,卖盘
608,11:24:45,10.57,0.0,15,15855,卖盘
609,11:25:00,10.57,0.0,50,52850,卖盘
610,11:25:04,10.57,0.0,6,6342,卖盘
611,11:25:06,10.57,0.0,3,3171,卖盘
612,11:25:21,10.57,0.0,37,39109,卖盘
613,11:25:55,10.57,0.0,5,5285,买盘
614,11:26:15,10.56,-0.01,5,5280,卖盘
615,11:26:45,10.57,0.01,8,8456,买盘
616,11:26:48,10.6,0.03,5,5300,买盘
617,11:26:54,10.57,-0.03,15,15855,卖盘
618,11:27:51,10.57,0.0,146,154322,卖盘
619,11:28:15,10.57,0.0,2,2114,买盘
620,13:00:04,10.57,0.0,18,19036,卖盘
621,13:00:07,10.56,-0.01,6,6336,卖盘
622,13:00:09,10.57,0.01,1,1057,买盘
623,13:00:15,10.57,0.0,2,2114,买盘
624,13:00:36,10.56,-0.01,49,51744,卖盘
625,13:01:18,10.56,0.0,12,12672,卖盘
626,13:01:24,10.56,0.0,67,70752,卖盘
627,13:01:36,10.56,0.0,18,19008,卖盘
628,13:01:42,10.56,0.0,5,5280,卖盘
629,13:01:54,10.55,-0.01,4,4220,卖盘
630,13:02:00,10.55,0.0,6,6335,卖盘
631,13:03:16,10.56,0.01,1,1056,买盘
632,13:03:39,10.56,0.0,2,2112,买盘
633,13:06:24,10.55,-0.01,3,3165,卖盘
634,13:06:30,10.55,0.0,21,22155,卖盘
635,13:06:57,10.54,-0.01,4,4216,卖盘
636,13:07:30,10.54,0.0,3,3162,卖盘
637,13:07:36,10.54,0.0,5,5270,买盘
638,13:07:42,10.55,0.01,3,3165,买盘
639,13:08:36,10.54,-0.01,1,1054,卖盘
640,13:09:21,10.53,-0.01,24,25272,卖盘
641,13:09:24,10.53,0.0,1,1053,买盘
642,13:10:54,10.53,0.0,1,1053,卖盘
643,13:12:55,10.53,0.0,46,48438,卖盘
644,13:13:01,10.52,-0.01,3,3156,卖盘
645,13:13:36,10.52,0.0,15,15780,卖盘
646,13:13:39,10.53,0.01,5,5265,买盘
647,13:13:57,10.53,0.0,4,4212,买盘
648,13:14:12,10.52,-0.01,5,5260,卖盘
649,13:14:33,10.52,0.0,54,56808,卖盘
650,13:14:36,10.52,0.0,2,2104,买盘
651,13:15:04,10.49,-0.03,294,308471,卖盘
652,13:15:12,10.48,-0.01,1,1048,卖盘
653,13:15:18,10.48,0.0,4,4192,卖盘
654,13:15:21,10.48,0.0,48,50304,卖盘
655,13:15:33,10.46,-0.02,41,42907,卖盘
656,13:15:42,10.46,0.0,79,82634,买盘
657,13:15:45,10.46,0.0,119,124233,买盘
658,13:15:48,10.46,0.0,41,42886,买盘
659,13:15:51,10.46,0.0,4,4184,买盘
660,13:15:55,10.45,-0.01,29,30311,卖盘
661,13:15:58,10.46,0.01,139,145284,买盘
662,13:16:01,10.46,0.0,23,24058,买盘
663,13:16:04,10.47,0.01,27,28269,卖盘
664,13:16:15,10.48,0.01,8,8384,买盘
665,13:16:33,10.47,-0.01,18,18852,卖盘
666,13:16:45,10.49,0.02,3,3147,卖盘
667,13:16:57,10.47,-0.02,9,9423,卖盘
668,13:17:00,10.47,0.0,20,20952,卖盘
669,13:17:03,10.47,0.0,5,5235,买盘
670,13:17:09,10.47,0.0,1,1047,买盘
671,13:17:18,10.46,-0.01,41,42886,卖盘
672,13:17:21,10.47,0.01,4,4187,买盘
673,13:17:45,10.46,-0.01,38,39756,卖盘
674,13:17:51,10.46,0.0,29,30334,买盘
675,13:17:57,10.46,0.0,13,13598,卖盘
676,13:18:00,10.49,0.03,2,2098,中性盘
677,13:18:09,10.49,0.0,7,7343,买盘
678,13:19:12,10.48,-0.01,3,3144,买盘
679,13:19:33,10.47,-0.01,5,5235,卖盘
680,13:20:12,10.46,-0.01,10,10460,卖盘
681,13:20:27,10.46,0.0,42,43932,卖盘
682,13:20:45,10.46,0.0,2,2092,买盘
683,13:20:48,10.45,-0.01,98,102421,卖盘
684,13:20:55,10.45,0.0,59,61655,买盘
685,13:21:04,10.45,0.0,9,9399,买盘
686,13:21:21,10.47,0.02,3,3141,买盘
687,13:21:31,10.45,-0.02,1,1045,卖盘
688,13:22:06,10.47,0.02,7,7329,买盘
689,13:22:52,10.48,0.01,1,1048,买盘
690,13:22:58,10.48,0.0,3,3144,买盘
691,13:24:06,10.48,0.0,5,5240,买盘
692,13:24:09,10.48,0.0,3,3144,买盘
693,13:24:51,10.48,0.0,3,3144,买盘
694,13:25:21,10.48,0.0,1,1048,买盘
695,13:25:34,10.49,0.01,3,3147,买盘
696,13:25:39,10.49,0.0,1,1049,卖盘
697,13:25:48,10.48,-0.01,6,6288,卖盘
698,13:26:00,10.49,0.01,1,1049,买盘
699,13:26:06,10.49,0.0,10,10490,卖盘
700,13:26:12,10.49,0.0,32,33568,卖盘
701,13:26:15,10.5,0.01,64,67200,买盘
702,13:26:18,10.53,0.03,5,5265,中性盘
703,13:26:40,10.52,-0.01,3,3156,买盘
704,13:26:48,10.51,-0.01,16,16816,卖盘
705,13:26:57,10.52,0.01,1,1052,买盘
706,13:27:07,10.52,0.0,1,1052,卖盘
707,13:27:15,10.52,0.0,18,18936,卖盘
708,13:28:18,10.52,0.0,2,2104,卖盘
709,13:28:36,10.53,0.01,3,3159,买盘
710,13:28:45,10.53,0.0,1,1053,买盘
711,13:28:48,10.53,0.0,5,5265,买盘
712,13:29:12,10.53,0.0,3,3159,买盘
713,13:29:15,10.53,0.0,5,5265,卖盘
714,13:29:18,10.53,0.0,10,10530,卖盘
715,13:29:30,10.53,0.0,18,18954,卖盘
716,13:30:27,10.53,0.0,3,3159,买盘
717,13:30:48,10.53,0.0,1,1053,买盘
718,13:30:52,10.53,0.0,1,1053,买盘
719,13:31:21,10.52,-0.01,1,1052,卖盘
720,13:31:31,10.52,0.0,34,35768,卖盘
721,13:31:36,10.52,0.0,22,23144,买盘
722,13:31:39,10.51,-0.01,1,1051,卖盘
723,13:32:22,10.51,0.0,6,6309,卖盘
724,13:32:24,10.51,0.0,7,7357,卖盘
725,13:32:27,10.51,0.0,2,2102,卖盘
726,13:32:31,10.51,0.0,8,8408,卖盘
727,13:32:39,10.5,-0.01,2,2100,卖盘
728,13:32:48,10.5,0.0,11,11550,卖盘
729,13:33:09,10.49,-0.01,3,3147,卖盘
730,13:33:15,10.5,0.01,36,37800,买盘
731,13:33:22,10.49,-0.01,1,1049,卖盘
732,13:33:30,10.49,0.0,28,29372,卖盘
733,13:34:07,10.49,0.0,18,18882,卖盘
734,13:34:12,10.5,0.01,3,3150,买盘
735,13:34:42,10.49,-0.01,3,3147,卖盘
736,13:34:54,10.48,-0.01,45,47160,卖盘
737,13:35:00,10.48,0.0,1,1048,买盘
738,13:35:04,10.47,-0.01,2,2094,卖盘
739,13:35:18,10.47,0.0,2,2094,卖盘
740,13:35:27,10.47,0.0,10,10470,卖盘
741,13:36:00,10.47,0.0,2,2094,卖盘
742,13:36:06,10.48,0.01,3,3144,买盘
743,13:37:04,10.48,0.0,16,16768,买盘
744,13:37:18,10.5,0.02,41,43044,买盘
745,13:37:51,10.5,0.0,1,1050,买盘
746,13:38:06,10.51,0.01,2,2102,买盘
747,13:39:04,10.5,-0.01,3,3150,买盘
748,13:39:15,10.49,-0.01,1,1049,卖盘
749,13:39:24,10.49,0.0,3,3147,卖盘
750,13:39:31,10.48,-0.01,1,1048,卖盘
751,13:39:51,10.49,0.01,2,2098,买盘
752,13:39:54,10.48,-0.01,2,2097,卖盘
753,13:40:04,10.48,0.0,20,20960,卖盘
754,13:40:21,10.47,-0.01,41,42927,卖盘
755,13:40:24,10.48,0.01,24,25133,买盘
756,13:40:30,10.47,-0.01,5,5235,卖盘
757,13:40:42,10.46,-0.01,37,38734,卖盘
758,13:41:09,10.47,0.01,5,5235,买盘
759,13:41:21,10.46,-0.01,28,29307,卖盘
760,13:41:36,10.47,0.01,3,3141,买盘
761,13:42:07,10.46,-0.01,50,52300,卖盘
762,13:42:18,10.45,-0.01,70,73222,卖盘
763,13:42:39,10.45,0.0,8,8360,卖盘
764,13:42:45,10.48,0.03,1,1048,买盘
765,13:42:57,10.52,0.04,154,161813,买盘
766,13:43:30,10.48,-0.04,1,1048,卖盘
767,13:43:37,10.52,0.04,3,3156,买盘
768,13:43:42,10.5,-0.02,5,5250,卖盘
769,13:43:48,10.52,0.02,4,4208,买盘
770,13:44:22,10.55,0.03,18,18971,买盘
771,13:45:21,10.52,-0.03,3,3156,买盘
772,13:45:45,10.52,0.0,1,1052,买盘
773,13:45:57,10.55,0.03,3,3165,买盘
774,13:46:03,10.51,-0.04,7,7361,卖盘
775,13:46:06,10.52,0.01,41,43132,中性盘
776,13:46:09,10.54,0.02,5,5270,买盘
777,13:46:12,10.54,0.0,47,49538,买盘
778,13:46:21,10.51,-0.03,1,1051,卖盘
779,13:46:30,10.54,0.03,34,35815,买盘
780,13:46:51,10.52,-0.02,1,1052,卖盘
781,13:47:12,10.53,0.01,3,3159,买盘
782,13:47:24,10.52,-0.01,5,5260,卖盘
783,13:47:30,10.53,0.01,17,17901,买盘
784,13:47:54,10.54,0.01,29,30566,买盘
785,13:48:42,10.54,0.0,8,8432,买盘
786,13:49:06,10.55,0.01,3,3165,买盘
787,13:49:16,10.55,0.0,2,2110,买盘
788,13:49:18,10.55,0.0,5,5275,买盘
789,13:49:21,10.55,0.0,12,12660,买盘
790,13:49:42,10.56,0.01,1,1056,买盘
791,13:49:45,10.56,0.0,29,30624,买盘
792,13:49:54,10.56,0.0,26,27456,买盘
793,13:50:04,10.56,0.0,1,1056,卖盘
794,13:50:21,10.55,-0.01,2,2110,卖盘
795,13:50:24,10.55,0.0,7,7385,卖盘
796,13:50:31,10.56,0.01,8,8448,买盘
797,13:50:55,10.56,0.0,3,3168,买盘
798,13:51:15,10.55,-0.01,7,7385,卖盘
799,13:51:18,10.55,0.0,82,86510,卖盘
800,13:51:27,10.55,0.0,15,15825,买盘
801,13:51:33,10.55,0.0,7,7385,买盘
802,13:51:36,10.55,0.0,9,9495,买盘
803,13:52:00,10.55,0.0,9,9495,卖盘
804,13:52:34,10.56,0.01,4,4224,买盘
805,13:52:51,10.55,-0.01,45,47478,卖盘
806,13:53:00,10.56,0.01,1,1056,买盘
807,13:53:28,10.56,0.0,18,19008,买盘
808,13:53:39,10.56,0.0,24,25344,买盘
809,13:53:42,10.56,0.0,22,23232,买盘
810,13:53:45,10.56,0.0,25,26400,买盘
811,13:53:51,10.56,0.0,55,58080,买盘
812,13:53:57,10.56,0.0,56,59136,买盘
813,13:54:04,10.56,0.0,19,20064,买盘
814,13:54:09,10.56,0.0,19,20064,买盘
815,13:54:15,10.55,-0.01,8,8447,卖盘
816,13:54:18,10.56,0.01,17,17952,买盘
817,13:54:31,10.55,-0.01,33,34847,卖盘
818,13:54:37,10.56,0.01,3,3168,买盘
819,13:54:42,10.56,0.0,3,3168,买盘
820,13:54:45,10.56,0.0,10,10560,买盘
821,13:55:12,10.56,0.0,6,6336,卖盘
822,13:55:45,10.57,0.01,5,5285,买盘
823,13:55:48,10.57,0.0,5,5285,买盘
824,13:55:55,10.57,0.0,4,4228,买盘
825,13:56:01,10.57,0.0,100,105700,买盘
826,13:56:04,10.57,0.0,4,4228,买盘
827,13:56:09,10.57,0.0,1,1057,买盘
828,13:56:12,10.57,0.0,19,20083,买盘
829,13:56:36,10.58,0.01,103,108974,买盘
830,13:56:39,10.58,0.0,5,5290,买盘
831,13:56:42,10.58,0.0,14,14812,买盘
832,13:57:48,10.58,0.0,50,52900,卖盘
833,13:57:51,10.58,0.0,25,26450,卖盘
834,13:57:57,10.57,-0.01,19,20083,卖盘
835,13:58:04,10.57,0.0,50,52850,卖盘
836,13:58:07,10.57,0.0,11,11627,卖盘
837,13:58:27,10.57,0.0,3,3171,买盘
838,13:58:30,10.56,-0.01,1,1056,卖盘
839,13:58:45,10.56,0.0,10,10560,卖盘
840,13:59:06,10.56,0.0,10,10560,卖盘
841,13:59:09,10.57,0.01,3,3171,买盘
842,13:59:15,10.57,0.0,25,26425,买盘
843,13:59:18,10.57,0.0,1,1057,买盘
844,13:59:42,10.57,0.0,5,5285,买盘
845,13:59:48,10.57,0.0,50,52850,买盘
846,14:01:21,10.57,0.0,1,1057,卖盘
847,14:01:31,10.57,0.0,5,5285,卖盘
848,14:01:54,10.57,0.0,1,1057,卖盘
849,14:02:12,10.58,0.01,1,1058,买盘
850,14:02:36,10.57,-0.01,23,24311,卖盘
851,14:02:39,10.57,0.0,4,4228,买盘
852,14:03:00,10.56,-0.01,92,97152,卖盘
853,14:03:12,10.56,0.0,19,20064,卖盘
854,14:03:18,10.56,0.0,40,42240,卖盘
855,14:03:51,10.56,0.0,30,31680,卖盘
856,14:03:54,10.58,0.02,5,5290,买盘
857,14:04:12,10.58,0.0,15,15870,买盘
858,14:05:04,10.56,-0.02,7,7402,卖盘
859,14:05:21,10.56,0.0,2,2112,卖盘
860,14:05:33,10.57,0.01,8,8456,卖盘
861,14:05:48,10.56,-0.01,30,31690,卖盘
862,14:05:57,10.58,0.02,4,4232,买盘
863,14:06:00,10.58,0.0,11,11638,买盘
864,14:06:04,10.57,-0.01,10,10577,卖盘
865,14:06:18,10.58,0.01,4,4229,买盘
866,14:06:46,10.58,0.0,1,1058,买盘
867,14:07:07,10.58,0.0,14,14812,买盘
868,14:07:12,10.57,-0.01,10,10570,卖盘
869,14:07:48,10.58,0.01,9,9518,买盘
870,14:07:54,10.58,0.0,15,15870,买盘
871,14:07:58,10.57,-0.01,27,28539,卖盘
872,14:08:01,10.58,0.01,2,2116,买盘
873,14:08:09,10.57,-0.01,10,10570,卖盘
874,14:08:22,10.58,0.01,1,1058,买盘
875,14:08:25,10.58,0.0,1,1058,买盘
876,14:08:46,10.57,-0.01,27,28539,卖盘
877,14:08:49,10.58,0.01,7,7406,买盘
878,14:08:55,10.57,-0.01,1,1057,卖盘
879,14:09:00,10.57,0.0,5,5285,卖盘
880,14:09:16,10.57,0.0,1,1057,卖盘
881,14:09:30,10.57,0.0,1,1057,卖盘
882,14:09:34,10.58,0.01,70,74060,买盘
883,14:10:49,10.57,-0.01,95,100415,卖盘
884,14:10:52,10.57,0.0,1,1057,买盘
885,14:10:55,10.57,0.0,3,3171,买盘
886,14:11:07,10.58,0.01,5,5290,买盘
887,14:11:19,10.58,0.0,3,3174,买盘
888,14:11:21,10.58,0.0,20,21160,买盘
889,14:11:24,10.58,0.0,11,11638,买盘
890,14:12:00,10.6,0.02,10,10591,买盘
891,14:12:04,10.6,0.0,5,5300,卖盘
892,14:12:12,10.6,0.0,10,10600,卖盘
893,14:12:22,10.6,0.0,14,14840,卖盘
894,14:12:24,10.6,0.0,5,5300,买盘
895,14:12:33,10.59,-0.01,1,1059,中性盘
896,14:12:36,10.59,0.0,9,9531,卖盘
897,14:13:31,10.58,-0.01,1,1058,卖盘
898,14:13:49,10.58,0.0,3,3174,卖盘
899,14:14:00,10.59,0.01,1,1059,买盘
900,14:14:39,10.59,0.0,4,4236,买盘
901,14:14:42,10.59,0.0,5,5295,买盘
902,14:15:12,10.59,0.0,2,2118,卖盘
903,14:15:21,10.59,0.0,35,37065,卖盘
904,14:15:30,10.59,0.0,1,1059,买盘
905,14:15:51,10.59,0.0,1,1059,买盘
906,14:16:00,10.59,0.0,45,47655,买盘
907,14:16:06,10.6,0.01,4,4240,买盘
908,14:16:21,10.59,-0.01,1,1059,卖盘
909,14:16:24,10.6,0.01,24,25440,买盘
910,14:16:27,10.59,-0.01,5,5295,卖盘
911,14:16:30,10.59,0.0,19,20135,卖盘
912,14:16:42,10.59,0.0,7,7413,卖盘
913,14:16:54,10.59,0.0,13,13779,卖盘
914,14:17:06,10.59,0.0,7,7413,卖盘
915,14:18:21,10.6,0.01,28,29680,买盘
916,14:18:42,10.6,0.0,57,60421,卖盘
917,14:18:51,10.6,0.0,13,13780,买盘
918,14:18:54,10.6,0.0,13,13778,买盘
919,14:19:00,10.59,-0.01,1,1059,卖盘
920,14:19:06,10.6,0.01,15,15900,买盘
921,14:19:12,10.6,0.0,5,5300,买盘
922,14:19:21,10.6,0.0,25,26500,买盘
923,14:19:33,10.59,-0.01,8,8472,卖盘
924,14:19:36,10.6,0.01,25,26500,买盘
925,14:19:42,10.6,0.0,7,7420,买盘
926,14:19:57,10.6,0.0,20,21200,卖盘
927,14:20:04,10.6,0.0,2,2120,卖盘
928,14:20:54,10.6,0.0,5,5300,卖盘
929,14:20:58,10.6,0.0,14,14840,卖盘
930,14:21:06,10.6,0.0,5,5300,买盘
931,14:21:13,10.6,0.0,33,34980,买盘
932,14:21:16,10.6,0.0,3,3180,买盘
933,14:21:19,10.6,0.0,11,11660,买盘
934,14:21:21,10.6,0.0,6,6360,买盘
935,14:21:24,10.6,0.0,30,31800,买盘
936,14:21:27,10.6,0.0,28,29680,买盘
937,14:21:39,10.59,-0.01,35,37073,卖盘
938,14:21:51,10.6,0.01,6,6360,卖盘
939,14:21:54,10.6,0.0,6,6360,卖盘
940,14:22:04,10.6,0.0,1,1060,卖盘
941,14:22:10,10.6,0.0,1,1060,卖盘
942,14:22:18,10.61,0.01,100,106100,买盘
943,14:22:33,10.61,0.0,5,5305,买盘
944,14:22:39,10.61,0.0,41,43501,买盘
945,14:22:45,10.61,0.0,10,10610,买盘
946,14:22:51,10.63,0.02,1,1063,买盘
947,14:23:09,10.63,0.0,1,1063,买盘
948,14:23:24,10.62,-0.01,10,10620,卖盘
949,14:24:00,10.62,0.0,5,5310,卖盘
950,14:24:04,10.62,0.0,15,15930,卖盘
951,14:24:12,10.62,0.0,1,1062,买盘
952,14:24:18,10.61,-0.01,1,1061,卖盘
953,14:24:27,10.62,0.01,4,4248,买盘
954,14:24:31,10.61,-0.01,1,1061,卖盘
955,14:24:40,10.65,0.04,198,210505,买盘
956,14:24:43,10.66,0.01,15,15946,买盘
957,14:24:45,10.61,-0.05,1,1061,卖盘
958,14:25:13,10.65,0.04,45,47925,买盘
959,14:25:42,10.64,-0.01,10,10640,买盘
960,14:25:51,10.65,0.01,1,1065,买盘
961,14:25:54,10.65,0.0,4,4260,卖盘
962,14:25:57,10.65,0.0,15,15975,卖盘
963,14:26:24,10.64,-0.01,1,1064,卖盘
964,14:26:33,10.63,-0.01,5,5315,卖盘
965,14:26:36,10.63,0.0,24,25512,卖盘
966,14:26:45,10.63,0.0,1,1063,卖盘
967,14:27:09,10.64,0.01,5,5320,买盘
968,14:27:42,10.63,-0.01,5,5315,卖盘
969,14:27:48,10.64,0.01,7,7448,买盘
970,14:27:51,10.63,-0.01,5,5315,卖盘
971,14:27:54,10.63,0.0,25,26575,卖盘
972,14:27:57,10.64,0.01,20,21280,卖盘
973,14:28:00,10.64,0.0,8,8512,卖盘
974,14:28:07,10.64,0.0,42,44688,卖盘
975,14:28:16,10.63,-0.01,6,6378,卖盘
976,14:28:21,10.64,0.01,2,2128,买盘
977,14:28:30,10.62,-0.02,1,1062,卖盘
978,14:28:48,10.62,0.0,4,4249,卖盘
979,14:29:19,10.62,0.0,1,1062,卖盘
980,14:29:33,10.62,0.0,6,6372,卖盘
981,14:30:19,10.62,0.0,3,3186,卖盘
982,14:30:24,10.63,0.01,1,1063,买盘
983,14:30:33,10.62,-0.01,15,15934,卖盘
984,14:31:15,10.62,0.0,10,10620,卖盘
985,14:31:21,10.62,0.0,1,1062,卖盘
986,14:31:30,10.62,0.0,1,1062,卖盘
987,14:31:58,10.62,0.0,3,3187,卖盘
988,14:32:00,10.62,0.0,1,1062,卖盘
989,14:32:21,10.62,0.0,6,6372,卖盘
990,14:32:24,10.62,0.0,12,12744,卖盘
991,14:32:27,10.62,0.0,1,1062,卖盘
992,14:32:39,10.62,0.0,1,1062,卖盘
993,14:32:42,10.62,0.0,1,1062,卖盘
994,14:33:00,10.61,-0.01,37,39257,卖盘
995,14:33:06,10.61,0.0,114,120954,卖盘
996,14:33:13,10.6,-0.01,5,5300,卖盘
997,14:33:16,10.6,0.0,105,111305,卖盘
998,14:33:33,10.59,-0.01,15,15885,卖盘
999,14:33:40,10.59,0.0,5,5295,卖盘
1000,14:33:52,10.58,-0.01,4,4232,卖盘
1001,14:34:24,10.58,0.0,1,1058,卖盘
1002,14:34:31,10.58,0.0,76,80408,卖盘
1003,14:34:52,10.57,-0.01,14,14798,卖盘
1004,14:34:55,10.57,0.0,24,25368,卖盘
1005,14:35:12,10.57,0.0,1,1057,买盘
1006,14:35:43,10.57,0.0,21,22197,买盘
1007,14:35:45,10.57,0.0,2,2114,卖盘
1008,14:35:57,10.58,0.01,46,48662,买盘
1009,14:36:07,10.58,0.0,2,2116,买盘
1010,14:36:09,10.58,0.0,1,1058,买盘
1011,14:36:28,10.58,0.0,7,7406,买盘
1012,14:36:42,10.58,0.0,43,45494,卖盘
1013,14:37:24,10.57,-0.01,40,42280,卖盘
1014,14:37:33,10.57,0.0,13,13741,卖盘
1015,14:37:40,10.57,0.0,4,4228,卖盘
1016,14:37:42,10.57,0.0,2,2114,卖盘
1017,14:37:54,10.57,0.0,1,1057,卖盘
1018,14:38:00,10.57,0.0,1,1057,卖盘
1019,14:38:42,10.57,0.0,9,9513,卖盘
1020,14:38:45,10.57,0.0,49,51793,卖盘
1021,14:38:48,10.57,0.0,5,5285,买盘
1022,14:39:21,10.57,0.0,62,65534,买盘
1023,14:39:24,10.57,0.0,16,16912,卖盘
1024,14:39:27,10.56,-0.01,79,83424,卖盘
1025,14:39:36,10.56,0.0,112,118272,卖盘
1026,14:39:39,10.56,0.0,21,22176,卖盘
1027,14:39:42,10.56,0.0,9,9504,卖盘
1028,14:39:45,10.56,0.0,3,3168,卖盘
1029,14:39:48,10.56,0.0,31,32736,卖盘
1030,14:40:00,10.56,0.0,3,3168,卖盘
1031,14:40:13,10.56,0.0,24,25344,卖盘
1032,14:40:39,10.56,0.0,15,15840,买盘
1033,14:40:43,10.55,-0.01,2,2110,卖盘
1034,14:41:04,10.56,0.01,7,7391,买盘
1035,14:41:10,10.55,-0.01,38,40114,卖盘
1036,14:41:31,10.55,0.0,51,53805,卖盘
1037,14:41:36,10.55,0.0,24,25320,买盘
1038,14:41:39,10.54,-0.01,17,17923,卖盘
1039,14:41:48,10.54,0.0,5,5270,卖盘
1040,14:42:15,10.53,-0.01,121,127454,卖盘
1041,14:42:36,10.53,0.0,20,21060,卖盘
1042,14:43:22,10.53,0.0,3,3159,卖盘
1043,14:43:42,10.53,0.0,21,22124,卖盘
1044,14:44:07,10.57,0.04,7,7396,买盘
1045,14:44:10,10.56,-0.01,1,1056,中性盘
1046,14:44:15,10.56,0.0,3,3168,卖盘
1047,14:44:21,10.53,-0.03,86,90636,卖盘
1048,14:44:24,10.53,0.0,16,16848,买盘
1049,14:44:27,10.53,0.0,5,5265,买盘
1050,14:44:30,10.53,0.0,18,18954,买盘
1051,14:44:33,10.53,0.0,1,1053,卖盘
1052,14:44:40,10.53,0.0,8,8424,卖盘
1053,14:45:27,10.54,0.01,5,5270,卖盘
1054,14:45:30,10.54,0.0,1,1054,卖盘
1055,14:46:06,10.56,0.02,5,5280,买盘
1056,14:46:16,10.54,-0.02,143,150782,卖盘
1057,14:46:19,10.56,0.02,8,8440,买盘
1058,14:46:24,10.53,-0.03,130,136898,卖盘
1059,14:46:54,10.54,0.01,1,1054,卖盘
1060,14:47:54,10.54,0.0,121,127534,卖盘
1061,14:48:01,10.54,0.0,5,5270,卖盘
1062,14:48:09,10.54,0.0,64,67456,卖盘
1063,14:48:18,10.53,-0.01,10,10530,卖盘
1064,14:48:46,10.53,0.0,10,10530,卖盘
1065,14:48:48,10.53,0.0,2,2106,卖盘
1066,14:48:51,10.53,0.0,14,14742,卖盘
1067,14:48:54,10.53,0.0,6,6318,卖盘
1068,14:48:57,10.53,0.0,4,4212,卖盘
1069,14:49:10,10.53,0.0,15,15795,卖盘
1070,14:49:12,10.53,0.0,5,5265,卖盘
1071,14:49:22,10.54,0.01,15,15802,买盘
1072,14:49:33,10.54,0.0,56,58971,买盘
1073,14:50:09,10.53,-0.01,5,5265,卖盘
1074,14:50:12,10.54,0.01,76,80104,买盘
1075,14:50:16,10.54,0.0,5,5270,买盘
1076,14:50:27,10.53,-0.01,97,102141,卖盘
1077,14:50:34,10.52,-0.01,100,105200,卖盘
1078,14:50:39,10.51,-0.01,58,60958,卖盘
1079,14:50:42,10.5,-0.01,1,1050,卖盘
1080,14:50:49,10.5,0.0,47,49350,卖盘
1081,14:51:01,10.5,0.0,10,10500,卖盘
1082,14:51:06,10.5,0.0,7,7350,卖盘
1083,14:51:28,10.5,0.0,21,22050,买盘
1084,14:51:34,10.5,0.0,97,101719,买盘
1085,14:51:37,10.51,0.01,5,5255,买盘
1086,14:51:43,10.51,0.0,39,40989,买盘
1087,14:51:46,10.5,-0.01,40,42000,卖盘
1088,14:51:57,10.46,-0.04,40,41862,卖盘
1089,14:52:15,10.45,-0.01,47,49140,卖盘
1090,14:52:25,10.42,-0.03,47,49057,卖盘
1091,14:52:28,10.48,0.06,3,3144,买盘
1092,14:52:30,10.42,-0.06,40,41680,卖盘
1093,14:52:33,10.41,-0.01,70,72876,卖盘
1094,14:52:58,10.46,0.05,2,2091,买盘
1095,14:53:10,10.46,0.0,2,2092,买盘
1096,14:53:16,10.46,0.0,14,14653,卖盘
1097,14:53:19,10.45,-0.01,20,20900,卖盘
1098,14:53:22,10.47,0.02,34,35545,买盘
1099,14:53:28,10.45,-0.02,23,24056,卖盘
1100,14:53:34,10.47,0.02,20,20940,买盘
1101,14:53:36,10.45,-0.02,83,86735,卖盘
1102,14:53:39,10.49,0.04,32,33460,买盘
1103,14:53:42,10.49,0.0,27,28323,买盘
1104,14:53:52,10.46,-0.03,72,75312,买盘
1105,14:53:55,10.46,0.0,15,15690,买盘
1106,14:54:04,10.49,0.03,35,36715,买盘
1107,14:54:24,10.55,0.06,5,5273,买盘
1108,14:54:33,10.49,-0.06,17,17833,卖盘
1109,14:54:52,10.49,0.0,71,74479,买盘
1110,14:54:57,10.49,0.0,48,50352,买盘
1111,14:55:00,10.48,-0.01,2,2096,卖盘
1112,14:55:04,10.49,0.01,32,33568,买盘
1113,14:55:15,10.53,0.04,1,1053,卖盘
1114,14:55:31,10.53,0.0,3,3159,买盘
1115,14:55:48,10.53,0.0,50,52650,买盘
1116,14:56:10,10.53,0.0,8,8424,买盘
1117,14:56:13,10.54,0.01,5,5270,买盘
1118,14:56:15,10.53,-0.01,18,18954,卖盘
1119,14:56:19,10.53,0.0,14,14742,卖盘
1120,14:56:46,10.53,0.0,1,1053,买盘
1121,14:56:57,10.53,0.0,6,6318,买盘
1122,15:00:05,10.51,-0.02,146,153446,卖盘
