,time,price,change,volume,amount,type
0,09:25:04,22.09,0.01,3,6627,卖盘
1,09:30:07,22.11,0.02,44,97820,卖盘
2,09:30:10,22.45,0.34,2,4490,买盘
3,09:30:40,22.11,-0.34,2,4422,卖盘
4,09:30:55,22.13,0.02,2,4426,卖盘
5,09:31:31,22.15,0.02,9,19935,中性盘
6,09:31:49,22.15,0.0,26,57590,卖盘
7,09:31:55,22.15,0.0,20,44300,买盘
8,09:32:19,22.24,0.09,3,6672,买盘
9,09:32:31,22.24,0.0,4,8896,卖盘
10,09:32:52,22.25,0.01,2,4450,卖盘
11,09:32:58,22.24,-0.01,7,15574,卖盘
12,09:33:01,22.24,0.0,2,4448,卖盘
13,09:33:19,22.25,0.01,9,20017,买盘
14,09:33:31,22.16,-0.09,4,8864,卖盘
15,09:33:37,22.25,0.09,3,6675,买盘
16,09:34:07,22.24,-0.01,3,6672,买盘
17,09:34:16,22.24,0.0,6,13344,买盘
18,09:34:46,22.23,-0.01,7,15561,买盘
19,09:35:01,22.23,0.0,1,2223,买盘
20,09:35:10,22.19,-0.04,3,6659,卖盘
21,09:35:31,22.22,0.03,30,66660,买盘
22,09:35:43,22.23,0.01,4,8892,买盘
23,09:35:55,22.2,-0.03,6,13326,卖盘
24,09:36:07,22.24,0.04,12,26688,买盘
25,09:36:19,22.24,0.0,6,13344,卖盘
26,09:36:46,22.24,0.0,14,31136,买盘
27,09:36:49,22.2,-0.04,9,20012,卖盘
28,09:36:52,22.21,0.01,1,2221,中性盘
29,09:37:04,22.25,0.04,20,44499,买盘
30,09:37:19,22.25,0.0,5,11125,买盘
31,09:37:31,22.25,0.0,3,6675,买盘
32,09:37:34,22.25,0.0,3,6675,卖盘
33,09:37:37,22.25,0.0,1,2225,卖盘
34,09:37:43,22.25,0.0,4,8900,卖盘
35,09:37:52,22.31,0.06,7,15617,买盘
36,09:37:55,22.3,-0.01,2,4460,中性盘
37,09:38:22,22.3,0.0,2,4460,买盘
38,09:38:58,22.25,-0.05,1,2225,卖盘
39,09:39:01,22.25,0.0,1,2225,卖盘
40,09:39:05,22.25,0.0,1,2225,卖盘
41,09:39:07,22.25,0.0,1,2225,卖盘
42,09:39:10,22.25,0.0,11,24475,卖盘
43,09:39:13,22.25,0.0,1,2225,卖盘
44,09:39:16,22.25,0.0,1,2225,卖盘
45,09:39:22,22.25,0.0,1,2225,卖盘
46,09:39:31,22.25,0.0,5,11125,卖盘
47,09:39:33,22.25,0.0,1,2225,卖盘
48,09:39:52,22.22,-0.03,2,4444,卖盘
49,09:39:58,22.22,0.0,4,8888,卖盘
50,09:40:01,22.22,0.0,3,6666,卖盘
51,09:40:07,22.21,-0.01,18,39978,卖盘
52,09:40:10,22.22,0.01,20,44437,买盘
53,09:40:13,22.21,-0.01,19,42210,卖盘
54,09:40:25,22.2,-0.01,4,8880,卖盘
55,09:40:34,22.2,0.0,3,6660,卖盘
56,09:40:37,22.2,0.0,3,6660,卖盘
57,09:40:40,22.2,0.0,17,37740,卖盘
58,09:40:43,22.2,0.0,11,24420,卖盘
59,09:40:49,22.2,0.0,29,64380,卖盘
60,09:41:04,22.18,-0.02,4,8872,卖盘
61,09:41:10,22.18,0.0,24,53232,买盘
62,09:41:16,22.17,-0.01,10,22170,卖盘
63,09:41:28,22.16,-0.01,11,24376,卖盘
64,09:41:40,22.15,-0.01,13,28795,卖盘
65,09:41:43,22.15,0.0,5,11075,卖盘
66,09:41:55,22.13,-0.02,1,2213,卖盘
67,09:42:05,22.13,0.0,2,4426,卖盘
68,09:42:16,22.09,-0.04,5,11045,卖盘
69,09:42:49,22.03,-0.06,3,6609,卖盘
70,09:43:04,22.03,0.0,4,8812,买盘
71,09:43:07,22.08,0.05,6,13224,买盘
72,09:43:10,22.0,-0.08,4,8800,卖盘
73,09:43:16,22.0,0.0,13,28615,卖盘
74,09:43:31,22.0,0.0,37,81400,买盘
75,09:43:34,21.98,-0.02,2,4396,卖盘
76,09:43:43,22.0,0.02,4,8800,卖盘
77,09:43:49,22.0,0.0,3,6600,买盘
78,09:44:10,22.0,0.0,10,22000,买盘
79,09:44:16,21.99,-0.01,12,26398,卖盘
80,09:44:25,22.0,0.01,2,4400,买盘
81,09:44:34,22.0,0.0,10,22000,卖盘
82,09:44:40,22.0,0.0,6,13200,卖盘
83,09:44:58,22.0,0.0,4,8800,卖盘
84,09:45:01,22.0,0.0,21,46200,卖盘
85,09:45:04,22.0,0.0,6,13200,卖盘
86,09:45:07,22.0,0.0,2,4400,卖盘
87,09:45:10,22.0,0.0,4,8800,卖盘
88,09:45:22,21.99,-0.01,1,2199,卖盘
89,09:45:58,21.99,0.0,6,13194,卖盘
90,09:46:13,22.0,0.01,13,28600,买盘
91,09:46:16,22.0,0.0,10,22000,卖盘
92,09:46:28,22.03,0.03,3,6609,买盘
93,09:47:40,22.01,-0.02,10,22010,卖盘
94,09:48:01,21.98,-0.03,31,68198,卖盘
95,09:48:07,21.98,0.0,1,2198,卖盘
96,09:48:10,21.98,0.0,1,2198,卖盘
97,09:48:13,21.98,0.0,2,4396,卖盘
98,09:48:16,21.98,0.0,2,4396,卖盘
99,09:48:22,21.95,-0.03,4,8780,卖盘
100,09:48:28,21.92,-0.03,1,2192,卖盘
101,09:48:34,21.9,-0.02,33,72296,卖盘
102,09:48:40,21.86,-0.04,11,24056,卖盘
103,09:48:46,21.9,0.04,5,10950,买盘
104,09:48:52,21.86,-0.04,28,61120,中性盘
105,09:48:55,21.81,-0.05,5,10905,买盘
106,09:48:58,21.81,0.0,12,26172,买盘
107,09:49:04,21.8,-0.01,9,19620,卖盘
108,09:49:07,21.8,0.0,9,19620,买盘
109,09:49:10,21.8,0.0,10,21800,中性盘
110,09:49:19,21.81,0.01,20,43620,买盘
111,09:49:25,21.8,-0.01,3,6540,卖盘
112,09:49:28,21.75,-0.05,10,21750,卖盘
113,09:49:40,21.78,0.03,33,71888,中性盘
114,09:49:46,21.78,0.0,6,13068,卖盘
115,09:49:52,21.86,0.08,1,2186,买盘
116,09:50:01,21.9,0.04,4,8760,卖盘
117,09:50:10,21.9,0.0,2,4380,卖盘
118,09:50:19,21.9,0.0,3,6570,卖盘
119,09:50:25,21.9,0.0,8,17520,买盘
120,09:50:28,21.9,0.0,2,4380,卖盘
121,09:50:40,21.96,0.06,4,8784,买盘
122,09:51:10,21.96,0.0,2,4392,卖盘
123,09:51:28,21.95,-0.01,1,2195,买盘
124,09:51:31,21.96,0.01,4,8782,买盘
125,09:51:40,21.9,-0.06,2,4380,卖盘
126,09:51:43,21.9,0.0,2,4380,买盘
127,09:52:28,21.85,-0.05,1,2185,卖盘
128,09:52:55,21.8,-0.05,25,54530,卖盘
129,09:53:19,21.94,0.14,3,6582,买盘
130,09:53:46,21.94,0.0,9,19746,买盘
131,09:54:34,21.9,-0.04,5,10950,卖盘
132,09:55:01,21.9,0.0,1,2190,卖盘
133,09:55:07,21.91,0.01,1,2191,买盘
134,09:55:33,21.9,-0.01,4,8760,卖盘
135,09:55:37,21.9,0.0,5,10950,买盘
136,09:55:58,21.86,-0.04,38,83210,卖盘
137,09:56:04,21.86,0.0,1,2186,买盘
138,09:56:19,21.91,0.05,4,8764,买盘
139,09:56:31,21.92,0.01,5,10960,买盘
140,09:56:34,21.92,0.0,1,2192,买盘
141,09:56:37,21.93,0.01,6,13156,买盘
142,09:56:40,21.93,0.0,1,2193,买盘
143,09:56:43,21.93,0.0,3,6579,买盘
144,09:56:46,21.93,0.0,1,2193,买盘
145,09:56:49,21.93,0.0,1,2193,买盘
146,09:56:55,21.92,-0.01,2,4384,中性盘
147,09:57:19,21.95,0.03,10,21931,买盘
148,09:58:01,21.95,0.0,7,15370,卖盘
149,09:58:04,21.95,0.0,38,83410,买盘
150,09:58:10,21.95,0.0,1,2195,买盘
151,09:58:13,21.95,0.0,1,2195,买盘
152,09:58:16,21.95,0.0,1,2195,买盘
153,09:58:19,21.95,0.0,1,2195,买盘
154,09:58:22,21.95,0.0,4,8780,买盘
155,09:58:25,21.95,0.0,2,4390,买盘
156,09:58:31,21.95,0.0,5,10975,卖盘
157,10:00:07,21.96,0.01,2,4392,买盘
158,10:00:37,21.96,0.0,24,52704,买盘
159,10:00:40,22.07,0.11,25,55037,买盘
160,10:01:31,21.96,-0.11,4,8784,卖盘
161,10:02:37,22.05,0.09,4,8820,卖盘
162,10:02:43,22.04,-0.01,1,2204,买盘
163,10:02:55,22.0,-0.04,1,2200,卖盘
164,10:03:34,22.0,0.0,4,8800,卖盘
165,10:03:49,22.0,0.0,1,2200,买盘
166,10:03:52,22.0,0.0,3,6600,买盘
167,10:03:55,22.0,0.0,1,2200,买盘
168,10:04:04,22.04,0.04,1,2204,买盘
169,10:04:37,22.02,-0.02,2,4404,买盘
170,10:04:43,22.02,0.0,2,4404,买盘
171,10:05:16,22.04,0.02,40,88160,买盘
172,10:05:22,22.07,0.03,1,2207,买盘
173,10:05:25,22.07,0.0,2,4414,买盘
174,10:05:28,22.07,0.0,1,2207,买盘
175,10:05:31,22.07,0.0,1,2207,买盘
176,10:05:34,22.07,0.0,11,24277,买盘
177,10:05:37,22.05,-0.02,3,6615,卖盘
178,10:05:40,22.07,0.02,2,4414,买盘
179,10:05:55,22.07,0.0,16,35312,卖盘
180,10:06:04,22.1,0.03,2,4420,买盘
181,10:07:10,22.12,0.02,1,2212,卖盘
182,10:07:19,22.12,0.0,1,2212,卖盘
183,10:07:34,22.11,-0.01,17,37587,卖盘
184,10:08:01,22.11,0.0,6,13266,卖盘
185,10:08:07,22.11,0.0,5,11055,买盘
186,10:08:30,22.1,-0.01,15,33150,卖盘
187,10:08:52,22.08,-0.02,10,22080,卖盘
188,10:09:04,22.07,-0.01,1,2207,卖盘
189,10:09:22,22.06,-0.01,2,4412,卖盘
190,10:09:52,22.05,-0.01,3,6615,卖盘
191,10:10:22,22.04,-0.01,5,11020,卖盘
192,10:10:58,22.02,-0.02,2,4404,卖盘
193,10:11:06,22.02,0.0,3,6606,卖盘
194,10:12:07,22.02,0.0,1,2202,卖盘
195,10:12:25,22.02,0.0,2,4404,买盘
196,10:12:28,22.02,0.0,3,6606,买盘
197,10:12:34,22.04,0.02,1,2204,买盘
198,10:12:40,22.02,-0.02,6,13214,卖盘
199,10:13:07,22.04,0.02,1,2204,买盘
200,10:13:31,22.02,-0.02,3,6606,卖盘
201,10:14:10,22.08,0.06,12,26488,买盘
202,10:15:22,22.04,-0.04,1,2204,卖盘
203,10:16:10,22.06,0.02,1,2206,卖盘
204,10:16:16,22.18,0.12,5,11090,买盘
205,10:17:58,22.18,0.0,3,6654,买盘
206,10:20:10,22.08,-0.1,1,2208,卖盘
207,10:20:22,22.08,0.0,1,2208,卖盘
208,10:21:01,22.08,0.0,7,15456,卖盘
209,10:21:25,22.08,0.0,1,2208,买盘
210,10:21:31,22.08,0.0,2,4416,买盘
211,10:23:55,22.07,-0.01,2,4414,卖盘
212,10:25:07,22.11,0.04,30,66330,卖盘
213,10:25:31,22.17,0.06,3,6651,买盘
214,10:25:46,22.17,0.0,21,46557,买盘
215,10:26:04,22.17,0.0,3,6651,买盘
216,10:26:34,22.17,0.0,1,2217,买盘
217,10:26:46,22.11,-0.06,2,4422,卖盘
218,10:26:52,22.17,0.06,1,2217,买盘
219,10:26:58,22.15,-0.02,2,4430,卖盘
220,10:27:16,22.19,0.04,14,31056,买盘
221,10:27:34,22.21,0.02,5,11105,买盘
222,10:28:01,22.21,0.0,2,4442,买盘
223,10:28:10,22.22,0.01,5,11110,买盘
224,10:28:34,22.21,-0.01,2,4442,买盘
225,10:28:49,22.21,0.0,3,6663,卖盘
226,10:28:55,22.22,0.01,3,6666,买盘
227,10:29:07,22.22,0.0,42,93324,买盘
228,10:29:12,22.25,0.03,1,2225,买盘
229,10:30:04,22.26,0.01,3,6678,买盘
230,10:30:16,22.26,0.0,4,8904,买盘
231,10:30:22,22.26,0.0,1,2226,买盘
232,10:30:25,22.27,0.01,11,24495,买盘
233,10:30:28,22.29,0.02,2,4456,买盘
234,10:30:34,22.29,0.0,1,2229,买盘
235,10:30:40,22.29,0.0,1,2229,买盘
236,10:30:43,22.29,0.0,1,2229,买盘
237,10:31:13,22.29,0.0,1,2229,买盘
238,10:31:28,22.29,0.0,10,22290,卖盘
239,10:31:34,22.3,0.01,3,6690,中性盘
240,10:31:37,22.29,-0.01,2,4458,卖盘
241,10:31:43,22.29,0.0,3,6687,卖盘
242,10:31:49,22.26,-0.03,4,8904,卖盘
243,10:31:52,22.26,0.0,2,4452,卖盘
244,10:31:55,22.29,0.03,11,24501,买盘
245,10:32:10,22.25,-0.04,1,2225,卖盘
246,10:32:43,22.25,0.0,6,13350,卖盘
247,10:32:51,22.25,0.0,10,22250,卖盘
248,10:32:55,22.26,0.01,9,20034,买盘
249,10:33:01,22.26,0.0,6,13356,卖盘
250,10:33:13,22.25,-0.01,32,71200,卖盘
251,10:33:58,22.22,-0.03,3,6666,卖盘
252,10:34:43,22.22,0.0,7,15554,卖盘
253,10:35:10,22.22,0.0,6,13332,卖盘
254,10:35:46,22.21,-0.01,2,4442,卖盘
255,10:35:55,22.21,0.0,12,26652,卖盘
256,10:36:01,22.21,0.0,6,13326,卖盘
257,10:36:33,22.2,-0.01,4,8880,卖盘
258,10:37:25,22.19,-0.01,2,4438,买盘
259,10:38:04,22.19,0.0,1,2219,买盘
260,10:38:31,22.19,0.0,5,11095,卖盘
261,10:38:37,22.19,0.0,1,2219,卖盘
262,10:39:42,22.18,-0.01,4,8872,买盘
263,10:39:46,22.18,0.0,8,17744,买盘
264,10:40:31,22.18,0.0,2,4436,买盘
265,10:40:49,22.1,-0.08,3,6630,卖盘
266,10:41:39,22.1,0.0,1,2210,卖盘
267,10:42:34,22.1,0.0,20,44213,卖盘
268,10:43:43,22.11,0.01,4,8844,卖盘
269,10:44:46,22.11,0.0,13,28743,卖盘
270,10:45:21,22.11,0.0,3,6633,买盘
271,10:45:37,22.11,0.0,5,11055,买盘
272,10:45:58,22.11,0.0,3,6633,卖盘
273,10:49:06,22.12,0.01,6,13272,卖盘
274,10:49:19,22.11,-0.01,11,24321,卖盘
275,10:50:19,22.09,-0.02,53,117106,卖盘
276,10:50:34,22.09,0.0,1,2209,卖盘
277,10:51:22,22.09,0.0,1,2209,卖盘
278,10:54:31,22.08,-0.01,5,11041,卖盘
279,10:54:51,22.07,-0.01,3,6621,卖盘
280,10:55:52,22.08,0.01,24,52969,买盘
281,10:56:07,22.08,0.0,15,33120,买盘
282,10:56:46,22.08,0.0,2,4416,卖盘
283,10:58:30,22.08,0.0,4,8850,卖盘
284,10:59:37,22.08,0.0,5,11040,卖盘
285,11:00:01,22.08,0.0,6,13248,卖盘
286,11:00:28,22.1,0.02,10,22100,买盘
287,11:01:10,22.11,0.01,70,154769,买盘
288,11:01:16,22.11,0.0,1,2211,买盘
289,11:01:22,22.11,0.0,1,2211,买盘
290,11:02:18,22.1,-0.01,73,163098,卖盘
291,11:03:22,22.1,0.0,28,61880,买盘
292,11:05:31,22.18,0.08,10,22180,买盘
293,11:06:19,22.1,-0.08,6,13260,卖盘
294,11:06:43,22.09,-0.01,21,46392,卖盘
295,11:06:58,22.18,0.09,10,22179,买盘
296,11:08:07,22.09,-0.09,1,2209,卖盘
297,11:08:37,22.06,-0.03,18,39731,卖盘
298,11:09:07,22.05,-0.01,3,6615,卖盘
299,11:13:15,22.07,0.02,1,2207,卖盘
300,11:13:27,22.07,0.0,5,11035,卖盘
301,11:14:00,22.09,0.02,14,30926,卖盘
302,11:14:46,22.06,-0.03,2,4412,卖盘
303,11:15:07,22.06,0.0,8,17648,卖盘
304,11:16:31,22.06,0.0,31,68386,买盘
305,11:17:55,22.15,0.09,3,6645,买盘
306,11:23:00,22.1,-0.05,1,2210,卖盘
307,11:23:19,22.1,0.0,20,44200,卖盘
308,11:24:19,22.06,-0.04,5,11030,卖盘
309,11:24:55,22.1,0.04,8,17680,卖盘
310,11:25:52,22.1,0.0,1,2210,卖盘
311,11:25:54,22.1,0.0,6,13260,卖盘
312,11:26:12,22.1,0.0,3,6630,卖盘
313,11:26:25,22.1,0.0,2,4420,卖盘
314,11:26:42,22.14,0.04,2,4428,买盘
315,11:27:40,22.13,-0.01,5,11065,卖盘
316,11:27:45,22.14,0.01,7,15493,买盘
317,11:28:12,22.13,-0.01,1,2213,卖盘
318,11:28:18,22.13,0.0,1,2213,卖盘
319,11:28:22,22.14,0.01,3,6642,买盘
320,11:28:24,22.13,-0.01,1,2213,卖盘
321,11:28:31,22.14,0.01,12,26567,买盘
322,11:28:37,22.14,0.0,8,17712,卖盘
323,11:28:49,22.13,-0.01,1,2213,买盘
324,11:28:58,22.15,0.02,2,4430,买盘
325,11:29:09,22.13,-0.02,2,4426,卖盘
326,11:29:13,22.15,0.02,2,4428,买盘
327,13:00:05,22.15,0.0,10,22150,买盘
328,13:00:07,22.1,-0.05,6,13265,卖盘
329,13:01:52,22.15,0.05,1,2215,卖盘
330,13:03:30,22.14,-0.01,1,2214,卖盘
331,13:05:10,22.14,0.0,2,4428,卖盘
332,13:05:15,22.14,0.0,5,11070,卖盘
333,13:06:25,22.17,0.03,1,2217,买盘
334,13:11:19,22.17,0.0,2,4434,买盘
335,13:11:22,22.17,0.0,15,33255,买盘
336,13:11:25,22.18,0.01,3,6654,买盘
337,13:11:27,22.18,0.0,3,6654,买盘
338,13:11:30,22.18,0.0,2,4436,买盘
339,13:11:37,22.18,0.0,2,4436,买盘
340,13:11:42,22.18,0.0,1,2218,买盘
341,13:11:48,22.18,0.0,1,2218,买盘
342,13:11:55,22.18,0.0,12,26616,买盘
343,13:12:01,22.2,0.02,5,11100,买盘
344,13:12:04,22.2,0.0,15,33300,买盘
345,13:12:07,22.22,0.02,5,11109,买盘
346,13:12:10,22.22,0.0,3,6666,买盘
347,13:12:16,22.22,0.0,1,2222,买盘
348,13:12:22,22.22,0.0,1,2222,买盘
349,13:12:27,22.22,0.0,1,2222,买盘
350,13:12:30,22.22,0.0,1,2222,买盘
351,13:12:33,22.22,0.0,1,2222,买盘
352,13:14:16,22.26,0.04,1,2226,买盘
353,13:14:40,22.27,0.01,5,11135,买盘
354,13:14:55,22.28,0.01,3,6683,买盘
355,13:16:25,22.27,-0.01,7,15589,买盘
356,13:17:09,22.27,0.0,2,4453,买盘
357,13:19:01,22.27,0.0,4,8908,买盘
358,13:19:12,22.27,0.0,2,4454,买盘
359,13:19:31,22.27,0.0,2,4454,买盘
360,13:23:37,22.19,-0.08,3,6657,卖盘
361,13:24:04,22.19,0.0,7,15533,卖盘
362,13:25:55,22.19,0.0,5,11095,买盘
363,13:26:12,22.19,0.0,3,6657,卖盘
364,13:27:01,22.23,0.04,7,15561,买盘
365,13:27:28,22.24,0.01,31,68944,买盘
366,13:27:48,22.24,0.0,3,6672,买盘
367,13:28:31,22.24,0.0,10,22240,买盘
368,13:28:57,22.24,0.0,1,2224,买盘
369,13:29:16,22.24,0.0,1,2224,卖盘
370,13:29:40,22.23,-0.01,3,6669,卖盘
371,13:29:48,22.26,0.03,12,26712,买盘
372,13:29:55,22.27,0.01,1,2227,买盘
373,13:30:04,22.26,-0.01,28,62328,卖盘
374,13:30:10,22.26,0.0,3,6678,买盘
375,13:30:46,22.26,0.0,6,13356,买盘
376,13:30:51,22.26,0.0,4,8904,卖盘
377,13:31:09,22.26,0.0,5,11130,买盘
378,13:31:13,22.26,0.0,4,8904,买盘
379,13:31:40,22.26,0.0,5,11130,卖盘
380,13:32:07,22.26,0.0,37,82362,买盘
381,13:32:30,22.26,0.0,12,26712,卖盘
382,13:33:06,22.27,0.01,6,13362,买盘
383,13:33:22,22.27,0.0,5,11135,买盘
384,13:34:00,22.27,0.0,9,20043,卖盘
385,13:34:39,22.27,0.0,13,28951,买盘
386,13:34:58,22.28,0.01,1,2228,买盘
387,13:35:04,22.28,0.0,1,2228,买盘
388,13:35:07,22.28,0.0,5,11140,买盘
389,13:35:12,22.28,0.0,2,4456,买盘
390,13:35:58,22.28,0.0,8,17824,买盘
391,13:36:04,22.27,-0.01,6,13365,卖盘
392,13:36:55,22.26,-0.01,22,48972,卖盘
393,13:37:22,22.26,0.0,9,20034,买盘
394,13:37:31,22.24,-0.02,9,20016,卖盘
395,13:38:16,22.23,-0.01,48,106709,卖盘
396,13:38:21,22.26,0.03,22,48962,买盘
397,13:38:28,22.27,0.01,41,91307,卖盘
398,13:38:34,22.27,0.0,1,2227,卖盘
399,13:38:40,22.27,0.0,1,2227,卖盘
400,13:38:43,22.27,0.0,1,2227,卖盘
401,13:38:46,22.27,0.0,1,2227,卖盘
402,13:38:48,22.27,0.0,1,2227,卖盘
403,13:38:51,22.27,0.0,1,2227,卖盘
404,13:38:55,22.27,0.0,1,2227,卖盘
405,13:38:58,22.27,0.0,1,2227,卖盘
406,13:39:01,22.27,0.0,1,2227,卖盘
407,13:39:04,22.27,0.0,1,2227,卖盘
408,13:39:07,22.27,0.0,13,28951,卖盘
409,13:43:39,22.24,-0.03,5,11120,买盘
410,13:44:10,22.24,0.0,31,68924,买盘
411,13:44:18,22.24,0.0,3,6672,买盘
412,13:45:30,22.24,0.0,2,4448,卖盘
413,13:45:40,22.24,0.0,2,4448,卖盘
414,13:46:27,22.25,0.01,3,6675,卖盘
415,13:46:49,22.26,0.01,8,17808,买盘
416,13:46:52,22.25,-0.01,14,31152,卖盘
417,13:48:13,22.24,-0.01,10,22242,卖盘
418,13:50:04,22.22,-0.02,21,46662,卖盘
419,13:51:01,22.18,-0.04,3,6654,卖盘
420,13:51:04,22.22,0.04,4,8880,买盘
421,13:52:13,22.14,-0.08,2,4428,卖盘
422,13:52:28,22.14,0.0,11,24354,买盘
423,13:52:52,22.21,0.07,10,22210,买盘
424,13:53:24,22.24,0.03,10,22240,买盘
425,13:53:45,22.24,0.0,8,17792,卖盘
426,13:53:51,22.24,0.0,1,2224,卖盘
427,13:53:57,22.25,0.01,25,55846,买盘
428,13:54:01,22.25,0.0,10,22250,卖盘
429,13:54:13,22.27,0.02,26,57877,买盘
430,13:54:22,22.27,0.0,12,26724,卖盘
431,13:54:24,22.27,0.0,5,11135,买盘
432,13:54:31,22.27,0.0,13,28951,买盘
433,13:54:43,22.28,0.01,2,4456,买盘
434,13:54:55,22.28,0.0,1,2228,买盘
435,13:55:01,22.28,0.0,3,6684,买盘
436,13:55:45,22.27,-0.01,1,2227,卖盘
437,13:56:07,22.27,0.0,4,8908,卖盘
438,13:57:10,22.25,-0.02,13,28702,卖盘
439,13:59:28,22.22,-0.03,1,2222,卖盘
440,14:00:45,22.28,0.06,10,22280,买盘
441,14:00:55,22.28,0.0,14,31192,卖盘
442,14:00:57,22.29,0.01,1,2229,买盘
443,14:01:16,22.29,0.0,16,35664,买盘
444,14:01:49,22.28,-0.01,5,11142,卖盘
445,14:02:28,22.26,-0.02,6,13356,卖盘
446,14:03:28,22.3,0.04,70,156053,买盘
447,14:03:43,22.3,0.0,12,26760,买盘
448,14:04:49,22.3,0.0,1,2230,买盘
449,14:04:55,22.3,0.0,1,2230,买盘
450,14:05:22,22.28,-0.02,2,4456,买盘
451,14:06:24,22.28,0.0,6,13368,卖盘
452,14:06:49,22.24,-0.04,1,2224,卖盘
453,14:06:55,22.24,0.0,1,2224,卖盘
454,14:07:01,22.25,0.01,1,2225,卖盘
455,14:07:04,22.25,0.0,1,2225,卖盘
456,14:07:07,22.25,0.0,1,2225,卖盘
457,14:07:10,22.24,-0.01,2,4448,卖盘
458,14:07:13,22.24,0.0,6,13344,卖盘
459,14:07:16,22.22,-0.02,1,2222,卖盘
460,14:07:19,22.22,0.0,1,2222,卖盘
461,14:07:22,22.22,0.0,1,2222,卖盘
462,14:07:25,22.22,0.0,1,2222,卖盘
463,14:07:28,22.22,0.0,38,84436,卖盘
464,14:09:37,22.22,0.0,2,4444,买盘
465,14:09:52,22.16,-0.06,3,6648,卖盘
466,14:10:34,22.12,-0.04,10,22120,卖盘
467,14:10:58,22.12,0.0,1,2212,卖盘
468,14:11:10,22.12,0.0,7,15484,卖盘
469,14:12:21,22.11,-0.01,1,2211,卖盘
470,14:12:49,22.12,0.01,6,13272,买盘
471,14:13:04,22.12,0.0,10,22120,买盘
472,14:13:16,22.12,0.0,5,11060,买盘
473,14:13:19,22.12,0.0,2,4424,买盘
474,14:13:22,22.11,-0.01,36,79603,卖盘
475,14:13:27,22.11,0.0,3,6633,买盘
476,14:13:31,22.11,0.0,4,8844,买盘
477,14:13:40,22.11,0.0,20,44220,买盘
478,14:14:19,22.11,0.0,6,13266,买盘
479,14:14:25,22.11,0.0,4,8844,买盘
480,14:14:34,22.1,-0.01,12,26526,卖盘
481,14:14:46,22.1,0.0,7,15470,卖盘
482,14:17:13,22.11,0.01,20,44225,卖盘
483,14:17:43,22.11,0.0,7,15477,卖盘
484,14:17:46,22.11,0.0,8,17688,买盘
485,14:17:52,22.11,0.0,13,28743,买盘
486,14:18:12,22.11,0.0,2,4422,买盘
487,14:20:40,22.17,0.06,2,4434,买盘
488,14:21:24,22.18,0.01,7,15526,买盘
489,14:21:31,22.18,0.0,3,6654,买盘
490,14:21:37,22.18,0.0,2,4436,买盘
491,14:22:04,22.18,0.0,1,2218,卖盘
492,14:22:07,22.18,0.0,1,2218,卖盘
493,14:22:10,22.18,0.0,1,2218,卖盘
494,14:22:13,22.18,0.0,1,2218,卖盘
495,14:22:16,22.18,0.0,1,2218,卖盘
496,14:22:19,22.18,0.0,1,2218,卖盘
497,14:22:22,22.18,0.0,1,2218,卖盘
498,14:22:24,22.18,0.0,1,2218,卖盘
499,14:24:37,22.17,-0.01,8,17736,买盘
500,14:24:58,22.17,0.0,27,59763,买盘
501,14:25:13,22.12,-0.05,5,11060,卖盘
502,14:25:40,22.12,0.0,1,2212,卖盘
503,14:25:43,22.12,0.0,22,48664,买盘
504,14:25:58,22.12,0.0,3,6636,买盘
505,14:26:01,22.12,0.0,8,17696,买盘
506,14:26:07,22.12,0.0,14,30968,买盘
507,14:26:28,22.11,-0.01,40,88440,卖盘
508,14:26:33,22.11,0.0,4,8844,买盘
509,14:26:36,22.1,-0.01,7,15470,卖盘
510,14:27:49,22.11,0.01,4,8844,卖盘
511,14:28:01,22.11,0.0,2,4422,卖盘
512,14:28:07,22.11,0.0,5,11055,买盘
513,14:28:55,22.17,0.06,3,6651,买盘
514,14:29:04,22.15,-0.02,3,6645,卖盘
515,14:29:12,22.15,0.0,2,4430,买盘
516,14:29:52,22.15,0.0,1,2215,买盘
517,14:30:43,22.17,0.02,9,19953,买盘
518,14:30:55,22.17,0.0,3,6651,卖盘
519,14:31:01,22.17,0.0,4,8868,卖盘
520,14:32:36,22.15,-0.02,5,11075,卖盘
521,14:33:55,22.15,0.0,4,8860,卖盘
522,14:34:34,22.16,0.01,3,6648,买盘
523,14:34:58,22.17,0.01,3,6651,买盘
524,14:35:34,22.17,0.0,4,8868,买盘
525,14:35:43,22.17,0.0,1,2217,卖盘
526,14:36:40,22.17,0.0,1,2217,卖盘
527,14:37:22,22.18,0.01,15,33270,买盘
528,14:37:40,22.18,0.0,3,6654,买盘
529,14:37:58,22.18,0.0,7,15526,卖盘
530,14:38:10,22.18,0.0,14,31052,卖盘
531,14:39:58,22.19,0.01,19,42161,买盘
532,14:40:31,22.19,0.0,3,6657,买盘
533,14:40:46,22.18,-0.01,22,48796,卖盘
534,14:40:54,22.19,0.01,13,28840,买盘
535,14:41:19,22.2,0.01,15,33300,买盘
536,14:41:25,22.2,0.0,5,11100,卖盘
537,14:41:37,22.26,0.06,3,6678,买盘
538,14:42:10,22.26,0.0,7,15582,买盘
539,14:42:15,22.26,0.0,17,37842,买盘
540,14:42:19,22.26,0.0,10,22260,卖盘
541,14:42:21,22.26,0.0,56,124656,卖盘
542,14:42:25,22.26,0.0,2,4452,卖盘
543,14:42:28,22.26,0.0,1,2226,卖盘
544,14:42:31,22.26,0.0,1,2226,卖盘
545,14:42:34,22.26,0.0,1,2226,卖盘
546,14:42:37,22.26,0.0,1,2226,卖盘
547,14:42:40,22.26,0.0,1,2226,卖盘
548,14:43:01,22.16,-0.1,7,15512,卖盘
549,14:44:04,22.26,0.1,22,48922,买盘
550,14:44:37,22.18,-0.08,5,11090,中性盘
551,14:45:19,22.18,0.0,4,8872,卖盘
552,14:46:28,22.18,0.0,7,15526,卖盘
553,14:46:43,22.2,0.02,2,4440,买盘
554,14:46:46,22.18,-0.02,6,13310,卖盘
555,14:47:13,22.18,0.0,3,6654,卖盘
556,14:47:25,22.18,0.0,2,4436,卖盘
557,14:47:31,22.18,0.0,16,35488,卖盘
558,14:47:40,22.18,0.0,6,13308,卖盘
559,14:47:46,22.18,0.0,1,2218,卖盘
560,14:47:49,22.18,0.0,1,2218,卖盘
561,14:47:52,22.18,0.0,5,11090,卖盘
562,14:47:55,22.17,-0.01,2,4434,卖盘
563,14:47:58,22.17,0.0,12,26604,卖盘
564,14:48:01,22.17,0.0,9,19953,卖盘
565,14:48:19,22.17,0.0,20,44340,卖盘
566,14:48:22,22.18,0.01,10,22180,买盘
567,14:48:37,22.18,0.0,6,13308,买盘
568,14:48:46,22.17,-0.01,12,26611,卖盘
569,14:49:16,22.17,0.0,6,13302,卖盘
570,14:49:22,22.18,0.01,2,4436,卖盘
571,14:49:28,22.18,0.0,5,11090,卖盘
572,14:49:34,22.18,0.0,7,15526,卖盘
573,14:49:40,22.17,-0.01,7,15519,卖盘
574,14:49:49,22.17,0.0,2,4434,卖盘
575,14:49:52,22.17,0.0,2,4434,卖盘
576,14:49:55,22.17,0.0,4,8868,卖盘
577,14:49:57,22.18,0.01,3,6654,买盘
578,14:50:07,22.17,-0.01,30,66523,卖盘
579,14:50:10,22.17,0.0,21,46557,卖盘
580,14:50:28,22.17,0.0,1,2217,卖盘
581,14:50:37,22.17,0.0,16,35482,卖盘
582,14:51:07,22.19,0.02,15,33280,买盘
583,14:51:31,22.2,0.01,9,19980,买盘
584,14:51:46,22.2,0.0,20,44400,卖盘
585,14:51:49,22.2,0.0,1,2220,卖盘
586,14:51:58,22.2,0.0,1,2220,卖盘
587,14:52:49,22.24,0.04,15,33360,买盘
588,14:52:58,22.22,-0.02,3,6668,卖盘
589,14:53:01,22.24,0.02,16,35574,买盘
590,14:53:04,22.22,-0.02,2,4444,卖盘
591,14:53:07,22.22,0.0,19,42218,买盘
592,14:53:13,22.22,0.0,7,15554,买盘
593,14:53:16,22.24,0.02,5,11120,买盘
594,14:53:28,22.21,-0.03,41,91084,卖盘
595,14:53:49,22.24,0.03,2,4448,买盘
596,14:54:01,22.21,-0.03,1,2221,卖盘
597,14:54:28,22.22,0.01,1,2222,卖盘
598,14:54:43,22.21,-0.01,47,104387,卖盘
599,14:54:46,22.2,-0.01,4,8880,卖盘
600,14:54:58,22.21,0.01,19,42199,买盘
601,14:55:04,22.22,0.01,13,28883,买盘
602,14:55:07,22.22,0.0,9,19998,卖盘
603,14:55:10,22.22,0.0,25,55550,卖盘
604,14:55:22,22.22,0.0,3,6666,卖盘
605,14:55:34,22.24,0.02,30,66695,买盘
606,14:55:43,22.24,0.0,10,22216,买盘
607,14:56:01,22.25,0.01,1,2225,买盘
608,14:56:04,22.25,0.0,34,75630,买盘
609,14:56:22,22.25,0.0,4,8900,买盘
610,14:56:37,22.24,-0.01,4,8896,卖盘
611,14:56:46,22.25,0.01,34,75635,买盘
612,14:57:04,22.26,0.01,7,15582,买盘
613,15:00:04,22.28,0.02,477,1062756,卖盘
