,time,price,change,volume,amount,type
0,09:25:04,4.39,-0.06,430,188770,卖盘
1,09:30:05,4.38,-0.01,454,198889,卖盘
2,09:30:07,4.37,-0.01,167,73127,卖盘
3,09:30:10,4.37,0.0,36,15733,卖盘
4,09:30:13,4.38,0.01,40,17520,买盘
5,09:30:16,4.37,-0.01,14,6122,卖盘
6,09:30:18,4.38,0.01,78,34164,买盘
7,09:30:22,4.38,0.0,43,18792,买盘
8,09:30:24,4.38,0.0,3,1314,买盘
9,09:30:28,4.37,-0.01,13,5691,卖盘
10,09:30:31,4.37,0.0,145,63365,卖盘
11,09:30:34,4.38,0.01,10,4380,买盘
12,09:30:37,4.36,-0.02,66,28809,卖盘
13,09:30:40,4.38,0.02,145,63510,买盘
14,09:30:42,4.39,0.01,21,9219,买盘
15,09:30:45,4.4,0.01,161,70840,买盘
16,09:30:49,4.4,0.0,1,440,卖盘
17,09:30:54,4.42,0.02,12,5304,买盘
18,09:30:58,4.42,0.0,78,34475,中性盘
19,09:31:01,4.44,0.02,5,2214,买盘
20,09:31:04,4.43,-0.01,1,443,中性盘
21,09:31:07,4.43,0.0,10,4430,卖盘
22,09:31:10,4.4,-0.03,66,29107,卖盘
23,09:31:19,4.42,0.02,12,5304,卖盘
24,09:31:22,4.4,-0.02,53,23400,卖盘
25,09:31:27,4.42,0.02,20,8840,卖盘
26,09:31:34,4.4,-0.02,68,29950,卖盘
27,09:31:36,4.42,0.02,6,2652,买盘
28,09:31:40,4.4,-0.02,19,8360,卖盘
29,09:31:43,4.4,0.0,21,9241,卖盘
30,09:31:46,4.39,-0.01,65,28547,卖盘
31,09:31:48,4.39,0.0,20,8780,卖盘
32,09:31:52,4.4,0.01,19,8360,买盘
33,09:31:55,4.4,0.0,20,8800,卖盘
34,09:31:58,4.4,0.0,22,9680,卖盘
35,09:32:01,4.4,0.0,1,440,买盘
36,09:32:04,4.4,0.0,7,3080,买盘
37,09:32:06,4.4,0.0,1,440,买盘
38,09:32:10,4.4,0.0,1,440,买盘
39,09:32:13,4.4,0.0,1,440,买盘
40,09:32:16,4.4,0.0,1,440,买盘
41,09:32:18,4.4,0.0,2,880,买盘
42,09:32:21,4.4,0.0,3,1320,买盘
43,09:32:25,4.4,0.0,37,16265,买盘
44,09:32:31,4.4,0.0,11,4840,买盘
45,09:32:34,4.4,0.0,54,23760,买盘
46,09:32:36,4.4,0.0,24,10560,买盘
47,09:32:39,4.4,0.0,95,41800,买盘
48,09:32:43,4.4,0.0,34,14959,买盘
49,09:32:46,4.4,0.0,11,4836,买盘
50,09:32:49,4.4,0.0,17,7480,买盘
51,09:32:52,4.41,0.01,1,441,买盘
52,09:33:01,4.42,0.01,6,2652,买盘
53,09:33:15,4.42,0.0,7,3094,买盘
54,09:33:25,4.42,0.0,6,2652,卖盘
55,09:33:28,4.42,0.0,15,6630,卖盘
56,09:33:37,4.42,0.0,2,884,卖盘
57,09:33:45,4.43,0.01,15,6642,买盘
58,09:33:52,4.43,0.0,10,4430,买盘
59,09:34:01,4.43,0.0,43,19049,买盘
60,09:34:04,4.42,-0.01,129,57104,卖盘
61,09:34:06,4.42,0.0,17,7514,买盘
62,09:34:09,4.42,0.0,55,24310,买盘
63,09:34:13,4.43,0.01,36,15948,卖盘
64,09:34:43,4.42,-0.01,8,3536,卖盘
65,09:34:45,4.42,0.0,14,6198,卖盘
66,09:34:48,4.42,0.0,18,7956,卖盘
67,09:35:04,4.42,0.0,1,442,买盘
68,09:35:06,4.42,0.0,56,24752,买盘
69,09:35:16,4.42,0.0,80,35360,卖盘
70,09:35:27,4.42,0.0,14,6188,卖盘
71,09:35:34,4.42,0.0,39,17258,卖盘
72,09:35:36,4.42,0.0,96,42432,卖盘
73,09:35:40,4.41,-0.01,4,1764,卖盘
74,09:35:43,4.41,0.0,91,40131,卖盘
75,09:35:49,4.41,0.0,4,1764,卖盘
76,09:35:57,4.42,0.01,1,442,买盘
77,09:36:01,4.41,-0.01,10,4410,卖盘
78,09:36:07,4.42,0.01,1,442,买盘
79,09:36:18,4.42,0.0,77,34034,买盘
80,09:36:25,4.41,-0.01,77,33957,卖盘
81,09:36:28,4.41,0.0,1,441,买盘
82,09:36:34,4.41,0.0,1,441,买盘
83,09:36:37,4.41,0.0,23,10143,买盘
84,09:36:49,4.4,-0.01,2,880,卖盘
85,09:37:01,4.4,0.0,50,22000,卖盘
86,09:37:09,4.4,0.0,14,6160,卖盘
87,09:37:13,4.4,0.0,195,85800,卖盘
88,09:37:22,4.4,0.0,4,1760,买盘
89,09:37:34,4.39,-0.01,24,10544,卖盘
90,09:37:49,4.4,0.01,189,83115,买盘
91,09:37:55,4.39,-0.01,154,67705,卖盘
92,09:38:07,4.39,0.0,83,36437,卖盘
93,09:38:16,4.4,0.01,108,47421,买盘
94,09:38:19,4.39,-0.01,6,2634,买盘
95,09:38:21,4.39,0.0,24,10536,买盘
96,09:38:34,4.39,0.0,74,32486,卖盘
97,09:38:37,4.39,0.0,6,2634,卖盘
98,09:38:46,4.39,0.0,21,9219,卖盘
99,09:38:49,4.39,0.0,5,2195,卖盘
100,09:38:52,4.39,0.0,5,2195,买盘
101,09:38:55,4.39,0.0,10,4390,买盘
102,09:39:01,4.38,-0.01,114,49942,卖盘
103,09:39:13,4.39,0.01,16,7024,买盘
104,09:39:22,4.39,0.0,24,10526,买盘
105,09:39:28,4.39,0.0,34,14926,买盘
106,09:39:31,4.39,0.0,3,1317,卖盘
107,09:39:34,4.38,-0.01,82,35948,卖盘
108,09:39:40,4.39,0.01,3,1317,买盘
109,09:39:43,4.38,-0.01,73,31974,卖盘
110,09:39:46,4.38,0.0,20,8760,卖盘
111,09:39:49,4.38,0.0,84,36792,卖盘
112,09:40:01,4.38,0.0,1,438,买盘
113,09:40:31,4.39,0.01,107,46973,买盘
114,09:40:33,4.39,0.0,34,14926,卖盘
115,09:40:37,4.39,0.0,17,7463,卖盘
116,09:40:40,4.39,0.0,2,878,卖盘
117,09:40:54,4.39,0.0,68,29852,卖盘
118,09:41:04,4.39,0.0,10,4390,买盘
119,09:41:28,4.39,0.0,4,1756,买盘
120,09:41:31,4.39,0.0,5,2195,买盘
121,09:41:37,4.38,-0.01,90,39420,卖盘
122,09:41:49,4.38,0.0,2,876,卖盘
123,09:41:58,4.38,0.0,1,438,卖盘
124,09:42:10,4.38,0.0,6,2628,卖盘
125,09:42:13,4.38,0.0,20,8760,卖盘
126,09:42:16,4.38,0.0,93,40734,卖盘
127,09:42:18,4.38,0.0,10,4380,买盘
128,09:42:28,4.38,0.0,70,30660,卖盘
129,09:42:31,4.38,0.0,1,438,买盘
130,09:42:45,4.38,0.0,5,2190,买盘
131,09:42:52,4.38,0.0,7,3065,买盘
132,09:43:04,4.37,-0.01,30,13120,卖盘
133,09:43:07,4.37,0.0,8,3496,卖盘
134,09:43:13,4.38,0.01,4,1752,买盘
135,09:43:16,4.37,-0.01,73,31901,卖盘
136,09:43:21,4.37,0.0,31,13557,卖盘
137,09:43:25,4.37,0.0,1,437,卖盘
138,09:43:40,4.37,0.0,111,48507,卖盘
139,09:43:42,4.37,0.0,60,26230,卖盘
140,09:43:58,4.37,0.0,50,21850,卖盘
141,09:44:04,4.37,0.0,76,33212,卖盘
142,09:44:07,4.37,0.0,8,3496,买盘
143,09:44:13,4.37,0.0,46,20102,买盘
144,09:44:16,4.37,0.0,19,8303,卖盘
145,09:44:18,4.37,0.0,5,2185,卖盘
146,09:44:25,4.38,0.01,6,2628,买盘
147,09:44:27,4.38,0.0,13,5683,买盘
148,09:44:31,4.37,-0.01,277,121049,卖盘
149,09:44:33,4.37,0.0,54,23598,买盘
150,09:44:36,4.37,0.0,10,4370,买盘
151,09:44:40,4.37,0.0,10,4370,买盘
152,09:44:46,4.37,0.0,35,15295,买盘
153,09:44:49,4.37,0.0,6,2622,卖盘
154,09:44:54,4.38,0.01,2,876,买盘
155,09:44:58,4.36,-0.02,71,31008,卖盘
156,09:45:01,4.37,0.01,8,3496,中性盘
157,09:45:04,4.37,0.0,56,24472,卖盘
158,09:45:06,4.37,0.0,12,5244,卖盘
159,09:45:12,4.37,0.0,26,11362,卖盘
160,09:45:19,4.37,0.0,20,8740,买盘
161,09:45:22,4.36,-0.01,250,109100,卖盘
162,09:45:34,4.36,0.0,232,101152,卖盘
163,09:45:37,4.37,0.01,10,4370,买盘
164,09:45:43,4.36,-0.01,325,141700,卖盘
165,09:45:55,4.36,0.0,25,10900,卖盘
166,09:45:58,4.35,-0.01,100,43500,卖盘
167,09:46:06,4.35,0.0,2,870,卖盘
168,09:46:13,4.35,0.0,63,27405,卖盘
169,09:46:15,4.36,0.01,219,95321,买盘
170,09:46:19,4.35,-0.01,52,22654,卖盘
171,09:46:22,4.35,0.0,216,94034,卖盘
172,09:46:28,4.35,0.0,127,55245,卖盘
173,09:46:31,4.34,-0.01,15,6510,卖盘
174,09:46:34,4.34,0.0,50,21700,卖盘
175,09:46:37,4.35,0.01,85,36944,买盘
176,09:46:42,4.35,0.0,40,17390,买盘
177,09:46:46,4.34,-0.01,113,49042,卖盘
178,09:46:49,4.34,0.0,49,21266,买盘
179,09:46:52,4.34,0.0,61,26474,买盘
180,09:47:04,4.35,0.01,3,1305,买盘
181,09:47:13,4.35,0.0,57,24769,买盘
182,09:47:19,4.35,0.0,18,7823,买盘
183,09:47:22,4.35,0.0,24,10440,买盘
184,09:47:24,4.35,0.0,310,134850,买盘
185,09:47:43,4.35,0.0,81,35235,卖盘
186,09:47:49,4.35,0.0,150,65250,卖盘
187,09:48:04,4.36,0.01,45,19620,买盘
188,09:48:12,4.36,0.0,210,91520,买盘
189,09:48:16,4.35,-0.01,40,17400,卖盘
190,09:48:19,4.35,0.0,264,114840,卖盘
191,09:48:22,4.35,0.0,23,10005,买盘
192,09:48:25,4.35,0.0,10,4350,买盘
193,09:48:28,4.35,0.0,24,10440,买盘
194,09:48:31,4.35,0.0,12,5220,买盘
195,09:48:34,4.35,0.0,39,16965,买盘
196,09:48:37,4.35,0.0,50,21750,卖盘
197,09:48:46,4.36,0.01,5,2180,买盘
198,09:48:54,4.35,-0.01,20,8700,卖盘
199,09:49:04,4.35,0.0,11,4785,卖盘
200,09:49:30,4.36,0.01,28,12208,买盘
201,09:49:40,4.36,0.0,28,12208,买盘
202,09:49:42,4.36,0.0,72,31386,买盘
203,09:49:46,4.36,0.0,20,8720,买盘
204,09:49:49,4.35,-0.01,74,32190,卖盘
205,09:49:58,4.35,0.0,15,6525,卖盘
206,09:50:01,4.36,0.01,11,4796,买盘
207,09:50:07,4.35,-0.01,40,17400,卖盘
208,09:50:15,4.35,0.0,4,1740,卖盘
209,09:50:19,4.35,0.0,40,17400,卖盘
210,09:50:22,4.35,0.0,10,4350,卖盘
211,09:50:25,4.35,0.0,120,52200,卖盘
212,09:50:28,4.36,0.01,9,3922,买盘
213,09:50:37,4.35,-0.01,31,13507,卖盘
214,09:50:43,4.35,0.0,5,2175,卖盘
215,09:50:46,4.35,0.0,42,18270,卖盘
216,09:50:58,4.35,0.0,32,13920,卖盘
217,09:51:04,4.35,0.0,55,23925,卖盘
218,09:51:12,4.35,0.0,206,89634,卖盘
219,09:51:16,4.35,0.0,3,1305,买盘
220,09:51:27,4.34,-0.01,417,180978,卖盘
221,09:51:34,4.34,0.0,5,2170,买盘
222,09:51:37,4.33,-0.01,40,17320,卖盘
223,09:51:40,4.33,0.0,417,180561,卖盘
224,09:51:43,4.34,0.01,30,13001,买盘
225,09:51:55,4.33,-0.01,28,12124,买盘
226,09:52:00,4.33,0.0,1,433,买盘
227,09:52:04,4.33,0.0,1,433,买盘
228,09:52:06,4.33,0.0,10,4330,买盘
229,09:52:12,4.32,-0.01,84,36288,卖盘
230,09:52:16,4.32,0.0,45,19440,卖盘
231,09:52:19,4.32,0.0,78,33696,卖盘
232,09:52:22,4.32,0.0,10,4320,买盘
233,09:52:28,4.32,0.0,1,432,买盘
234,09:52:33,4.32,0.0,12,5184,买盘
235,09:52:37,4.33,0.01,294,126910,买盘
236,09:52:40,4.31,-0.02,115,49612,卖盘
237,09:52:43,4.33,0.02,248,106918,买盘
238,09:52:49,4.31,-0.02,129,55611,卖盘
239,09:53:04,4.31,0.0,65,28015,卖盘
240,09:53:07,4.31,0.0,31,13361,卖盘
241,09:53:22,4.31,0.0,78,33646,卖盘
242,09:53:25,4.32,0.01,10,4320,买盘
243,09:53:28,4.32,0.0,20,8630,买盘
244,09:53:30,4.31,-0.01,101,43462,卖盘
245,09:53:33,4.31,0.0,81,34911,买盘
246,09:53:37,4.31,0.0,15,6465,买盘
247,09:53:43,4.31,0.0,69,29739,买盘
248,09:53:46,4.31,0.0,90,38710,买盘
249,09:53:52,4.31,0.0,66,28446,买盘
250,09:53:55,4.31,0.0,60,25808,买盘
251,09:54:01,4.31,0.0,22,9482,卖盘
252,09:54:04,4.31,0.0,20,8620,卖盘
253,09:54:07,4.31,0.0,41,17602,卖盘
254,09:54:21,4.3,-0.01,113,48592,卖盘
255,09:54:28,4.31,0.01,1,431,买盘
256,09:54:31,4.3,-0.01,179,76970,卖盘
257,09:54:34,4.31,0.01,920,396589,买盘
258,09:54:40,4.3,-0.01,306,131751,卖盘
259,09:54:46,4.29,-0.01,7,3007,卖盘
260,09:54:48,4.3,0.01,10,4300,买盘
261,09:54:52,4.29,-0.01,10,4290,卖盘
262,09:54:58,4.29,0.0,80,34340,卖盘
263,09:55:06,4.29,0.0,120,51480,卖盘
264,09:55:10,4.3,0.01,236,101549,买盘
265,09:55:13,4.3,0.0,72,31278,卖盘
266,09:55:16,4.3,0.0,20,8600,卖盘
267,09:55:21,4.3,0.0,20,8213,卖盘
268,09:55:25,4.3,0.0,28,12404,买盘
269,09:55:28,4.3,0.0,55,23273,卖盘
270,09:55:30,4.29,-0.01,30,12890,卖盘
271,09:55:33,4.3,0.01,16,6880,买盘
272,09:55:37,4.3,0.0,90,38700,买盘
273,09:55:42,4.3,0.0,36,15480,买盘
274,09:55:46,4.29,-0.01,20,8580,卖盘
275,09:55:49,4.3,0.01,145,62737,买盘
276,09:55:52,4.31,0.01,1,431,买盘
277,09:55:57,4.31,0.0,1,431,买盘
278,09:56:01,4.31,0.0,1,431,买盘
279,09:56:04,4.31,0.0,1,431,买盘
280,09:56:07,4.31,0.0,23,9913,买盘
281,09:56:10,4.31,0.0,83,35773,买盘
282,09:56:22,4.32,0.01,81,34992,买盘
283,09:56:24,4.32,0.0,15,6480,卖盘
284,09:56:28,4.33,0.01,1,433,买盘
285,09:56:33,4.33,0.0,7,3031,买盘
286,09:56:42,4.33,0.0,9,3897,买盘
287,09:56:46,4.33,0.0,13,5629,买盘
288,09:57:07,4.33,0.0,20,8660,买盘
289,09:57:10,4.32,-0.01,50,21600,卖盘
290,09:57:16,4.32,0.0,124,53568,卖盘
291,09:57:19,4.33,0.01,262,113446,买盘
292,09:57:21,4.33,0.0,45,19485,卖盘
293,09:57:24,4.33,0.0,20,8660,卖盘
294,09:57:28,4.34,0.01,1,434,买盘
295,09:57:46,4.34,0.0,100,43400,买盘
296,09:57:49,4.34,0.0,2,868,买盘
297,09:57:54,4.33,-0.01,80,34640,卖盘
298,09:58:04,4.33,0.0,26,11258,卖盘
299,09:58:12,4.33,0.0,20,8660,买盘
300,09:58:16,4.32,-0.01,40,17280,卖盘
301,09:58:22,4.32,0.0,115,49680,卖盘
302,09:58:25,4.32,0.0,5,2160,买盘
303,09:58:28,4.32,0.0,1,432,买盘
304,09:58:39,4.32,0.0,100,43200,买盘
305,09:58:43,4.32,0.0,116,50112,买盘
306,09:58:46,4.32,0.0,67,28919,买盘
307,09:58:51,4.32,0.0,20,8640,买盘
308,09:59:04,4.31,-0.01,120,51752,卖盘
309,09:59:13,4.32,0.01,33,14279,卖盘
310,09:59:24,4.33,0.01,67,28992,买盘
311,09:59:28,4.33,0.0,1,433,买盘
312,09:59:31,4.32,-0.01,1,432,卖盘
313,09:59:36,4.32,0.0,2,864,卖盘
314,09:59:39,4.32,0.0,19,8208,卖盘
315,09:59:49,4.32,0.0,27,11664,卖盘
316,09:59:52,4.32,0.0,4,1728,买盘
317,09:59:54,4.31,-0.01,350,150858,卖盘
318,10:00:07,4.3,-0.01,52,22360,卖盘
319,10:00:12,4.3,0.0,69,29670,卖盘
320,10:00:16,4.3,0.0,3,1290,卖盘
321,10:00:24,4.31,0.01,2,862,买盘
322,10:00:31,4.31,0.0,3,1293,买盘
323,10:00:39,4.3,-0.01,1,430,卖盘
324,10:00:43,4.3,0.0,48,20658,卖盘
325,10:00:46,4.31,0.01,96,41281,买盘
326,10:00:52,4.3,-0.01,122,52073,卖盘
327,10:00:58,4.3,0.0,2,860,买盘
328,10:01:01,4.3,0.0,20,8600,买盘
329,10:01:15,4.29,-0.01,25,10732,卖盘
330,10:01:24,4.29,0.0,150,64350,卖盘
331,10:01:27,4.29,0.0,21,9009,卖盘
332,10:01:31,4.29,0.0,80,34320,卖盘
333,10:01:34,4.29,0.0,17,7293,卖盘
334,10:01:37,4.29,0.0,2,858,卖盘
335,10:01:39,4.29,0.0,233,99992,卖盘
336,10:01:48,4.29,0.0,9,3861,卖盘
337,10:02:04,4.3,0.01,40,17200,买盘
338,10:02:06,4.29,-0.01,222,95238,卖盘
339,10:02:09,4.3,0.01,14,6020,买盘
340,10:02:13,4.29,-0.01,13,5577,卖盘
341,10:02:34,4.3,0.01,10,4300,买盘
342,10:02:36,4.3,0.0,141,60539,买盘
343,10:02:49,4.29,-0.01,97,41628,卖盘
344,10:02:52,4.29,0.0,33,14180,卖盘
345,10:02:55,4.29,0.0,22,9440,卖盘
346,10:03:01,4.29,0.0,1,429,卖盘
347,10:03:04,4.3,0.01,23,9890,买盘
348,10:03:10,4.3,0.0,2,860,买盘
349,10:03:13,4.3,0.0,10,4300,买盘
350,10:03:16,4.3,0.0,40,17200,买盘
351,10:03:25,4.29,-0.01,73,31317,卖盘
352,10:03:34,4.3,0.01,10,4300,买盘
353,10:03:36,4.3,0.0,9,3870,买盘
354,10:03:46,4.3,0.0,50,21500,买盘
355,10:03:48,4.3,0.0,10,4300,买盘
356,10:03:52,4.3,0.0,14,6020,买盘
357,10:03:55,4.3,0.0,25,10750,买盘
358,10:04:00,4.3,0.0,66,28380,买盘
359,10:04:04,4.3,0.0,5,2150,买盘
360,10:04:21,4.3,0.0,21,9030,买盘
361,10:04:28,4.3,0.0,33,14190,买盘
362,10:04:36,4.29,-0.01,33,14170,卖盘
363,10:04:42,4.3,0.01,3,1290,买盘
364,10:04:46,4.3,0.0,10,4300,买盘
365,10:04:54,4.3,0.0,10,4300,买盘
366,10:04:58,4.3,0.0,148,64027,买盘
367,10:05:12,4.3,0.0,150,64500,卖盘
368,10:05:31,4.31,0.01,18,7750,买盘
369,10:05:39,4.3,-0.01,10,4300,卖盘
370,10:05:49,4.31,0.01,48,20688,买盘
371,10:06:04,4.3,-0.01,1,430,卖盘
372,10:06:19,4.31,0.01,24,10344,买盘
373,10:06:31,4.3,-0.01,56,24109,卖盘
374,10:06:45,4.31,0.01,68,29308,买盘
375,10:06:55,4.3,-0.01,15,6450,卖盘
376,10:07:00,4.3,0.0,30,12900,卖盘
377,10:07:04,4.3,0.0,1,430,卖盘
378,10:07:06,4.31,0.01,10,4310,买盘
379,10:07:28,4.31,0.0,98,42238,卖盘
380,10:07:42,4.31,0.0,242,104302,买盘
381,10:07:46,4.31,0.0,1,431,卖盘
382,10:07:48,4.31,0.0,40,17240,卖盘
383,10:07:51,4.31,0.0,97,41807,卖盘
384,10:08:00,4.31,0.0,7,3017,买盘
385,10:08:04,4.3,-0.01,1,430,卖盘
386,10:08:09,4.31,0.01,7,3017,买盘
387,10:08:16,4.31,0.0,5,2155,买盘
388,10:08:22,4.3,-0.01,66,28380,卖盘
389,10:08:25,4.31,0.01,100,43100,买盘
390,10:08:34,4.3,-0.01,10,4300,卖盘
391,10:08:37,4.31,0.01,27,11637,买盘
392,10:08:43,4.3,-0.01,500,215010,卖盘
393,10:08:55,4.3,0.0,20,8600,卖盘
394,10:09:00,4.3,0.0,12,5160,卖盘
395,10:09:04,4.31,0.01,4,1723,买盘
396,10:09:22,4.3,-0.01,318,136353,卖盘
397,10:09:24,4.3,0.0,20,8600,买盘
398,10:09:36,4.3,0.0,11,4730,买盘
399,10:09:42,4.29,-0.01,104,44616,卖盘
400,10:10:04,4.29,0.0,1,429,卖盘
401,10:10:09,4.3,0.01,28,12040,买盘
402,10:10:21,4.29,-0.01,60,25740,卖盘
403,10:10:25,4.29,0.0,58,24882,卖盘
404,10:10:40,4.29,0.0,5,2145,卖盘
405,10:10:42,4.29,0.0,60,25740,卖盘
406,10:10:46,4.3,0.01,3,1290,买盘
407,10:10:48,4.29,-0.01,6,2574,卖盘
408,10:11:01,4.29,0.0,150,64350,卖盘
409,10:11:04,4.29,0.0,1,429,卖盘
410,10:11:09,4.29,0.0,14,6006,卖盘
411,10:11:33,4.29,0.0,60,25740,卖盘
412,10:11:37,4.29,0.0,11,4719,卖盘
413,10:11:40,4.29,0.0,23,9867,卖盘
414,10:11:45,4.29,0.0,40,17160,卖盘
415,10:11:52,4.3,0.01,28,12040,买盘
416,10:11:58,4.3,0.0,33,14190,买盘
417,10:12:00,4.3,0.0,10,4300,买盘
418,10:12:04,4.3,0.0,5,2150,买盘
419,10:12:07,4.3,0.0,10,4300,买盘
420,10:12:10,4.3,0.0,2,860,买盘
421,10:12:22,4.3,0.0,11,4730,买盘
422,10:12:27,4.29,-0.01,35,15015,卖盘
423,10:12:34,4.3,0.01,1,430,买盘
424,10:12:39,4.3,0.0,5,2150,买盘
425,10:12:42,4.3,0.0,110,47300,买盘
426,10:12:49,4.3,0.0,8,3440,买盘
427,10:12:55,4.3,0.0,129,55787,买盘
428,10:12:58,4.29,-0.01,33,14180,卖盘
429,10:13:13,4.3,0.01,15,6450,卖盘
430,10:13:22,4.3,0.0,10,4300,卖盘
431,10:13:25,4.31,0.01,10,4310,买盘
432,10:13:28,4.3,-0.01,14,6020,卖盘
433,10:13:36,4.31,0.01,12,5172,买盘
434,10:13:40,4.3,-0.01,2,860,卖盘
435,10:13:57,4.31,0.01,100,43100,买盘
436,10:14:07,4.31,0.0,100,43100,买盘
437,10:14:13,4.3,-0.01,36,15480,卖盘
438,10:14:22,4.31,0.01,30,12930,买盘
439,10:14:25,4.3,-0.01,34,14620,卖盘
440,10:14:27,4.3,0.0,5,2150,卖盘
441,10:14:40,4.3,0.0,10,4300,卖盘
442,10:14:46,4.3,0.0,65,28006,卖盘
443,10:14:54,4.31,0.01,2,862,买盘
444,10:15:04,4.3,-0.01,312,134164,卖盘
445,10:15:13,4.3,0.0,4,1720,买盘
446,10:15:21,4.3,0.0,10,4300,买盘
447,10:15:30,4.3,0.0,220,94600,买盘
448,10:15:33,4.3,0.0,10,4300,卖盘
449,10:15:57,4.3,0.0,4,1720,卖盘
450,10:16:19,4.31,0.01,54,23274,买盘
451,10:16:31,4.31,0.0,10,4310,买盘
452,10:16:37,4.31,0.0,24,10344,买盘
453,10:17:25,4.31,0.0,3,1293,卖盘
454,10:17:27,4.32,0.01,23,9936,买盘
455,10:17:30,4.32,0.0,30,12960,买盘
456,10:17:46,4.32,0.0,68,29376,买盘
457,10:17:55,4.31,-0.01,3,1293,卖盘
458,10:17:58,4.32,0.01,23,9936,买盘
459,10:18:19,4.32,0.0,7,3024,买盘
460,10:18:31,4.32,0.0,30,12960,买盘
461,10:18:39,4.32,0.0,24,10368,买盘
462,10:18:57,4.32,0.0,65,28080,买盘
463,10:19:00,4.32,0.0,273,117936,买盘
464,10:19:06,4.32,0.0,6,2592,卖盘
465,10:19:09,4.32,0.0,8,3456,卖盘
466,10:19:28,4.32,0.0,2,864,买盘
467,10:19:34,4.32,0.0,14,6048,卖盘
468,10:19:57,4.32,0.0,88,38016,卖盘
469,10:20:43,4.31,-0.01,8,3448,卖盘
470,10:20:45,4.31,0.0,5,2155,卖盘
471,10:20:55,4.32,0.01,70,30240,买盘
472,10:21:00,4.31,-0.01,60,25860,卖盘
473,10:21:04,4.32,0.01,450,194400,买盘
474,10:21:10,4.32,0.0,1,432,卖盘
475,10:21:13,4.33,0.01,53,22949,买盘
476,10:21:18,4.33,0.0,146,63218,买盘
477,10:21:28,4.34,0.01,100,43387,买盘
478,10:21:48,4.34,0.0,123,53382,买盘
479,10:22:01,4.34,0.0,91,39494,买盘
480,10:22:04,4.34,0.0,8,3472,卖盘
481,10:22:28,4.33,-0.01,10,4330,卖盘
482,10:22:40,4.34,0.01,726,315074,买盘
483,10:22:42,4.33,-0.01,40,17320,卖盘
484,10:22:49,4.33,0.0,10,4330,卖盘
485,10:23:04,4.33,0.0,23,9959,卖盘
486,10:23:27,4.34,0.01,5,2170,买盘
487,10:23:39,4.33,-0.01,30,12990,卖盘
488,10:23:57,4.32,-0.01,493,213073,卖盘
489,10:24:06,4.31,-0.01,53,22843,卖盘
490,10:24:09,4.32,0.01,134,57888,买盘
491,10:24:21,4.32,0.0,24,10368,买盘
492,10:24:39,4.32,0.0,8,3456,买盘
493,10:24:57,4.32,0.0,123,53136,买盘
494,10:25:06,4.32,0.0,211,91132,买盘
495,10:25:10,4.32,0.0,90,38880,买盘
496,10:25:12,4.32,0.0,1,432,买盘
497,10:25:15,4.32,0.0,138,59616,买盘
498,10:25:19,4.32,0.0,15,6480,买盘
499,10:25:21,4.32,0.0,5,2160,买盘
500,10:25:25,4.32,0.0,7,3024,买盘
501,10:25:27,4.32,0.0,4,1728,买盘
502,10:25:30,4.32,0.0,2,864,买盘
503,10:25:46,4.32,0.0,102,44064,买盘
504,10:25:48,4.32,0.0,243,104976,买盘
505,10:25:51,4.32,0.0,223,96336,买盘
506,10:25:55,4.32,0.0,129,55728,买盘
507,10:25:57,4.32,0.0,4,1577,买盘
508,10:26:01,4.32,0.0,30,12960,卖盘
509,10:26:18,4.33,0.01,1,433,中性盘
510,10:26:27,4.33,0.0,13,5629,买盘
511,10:26:40,4.33,0.0,40,17320,买盘
512,10:26:42,4.34,0.01,4,1733,买盘
513,10:27:00,4.33,-0.01,25,10825,卖盘
514,10:27:04,4.33,0.0,9,3897,买盘
515,10:27:06,4.33,0.0,7,3031,买盘
516,10:27:15,4.33,0.0,47,20351,买盘
517,10:27:21,4.33,0.0,31,13423,卖盘
518,10:27:27,4.33,0.0,81,35073,买盘
519,10:27:57,4.33,0.0,96,41568,买盘
520,10:28:04,4.33,0.0,4,1732,卖盘
521,10:28:13,4.33,0.0,3,1299,卖盘
522,10:28:18,4.33,0.0,35,15155,卖盘
523,10:28:42,4.32,-0.01,30,12960,卖盘
524,10:28:45,4.33,0.01,70,30310,买盘
525,10:29:16,4.33,0.0,15,6505,卖盘
526,10:29:18,4.33,0.0,1,433,卖盘
527,10:29:21,4.34,0.01,20,8680,买盘
528,10:30:15,4.33,-0.01,39,16887,卖盘
529,10:30:21,4.33,0.0,4,1732,卖盘
530,10:30:27,4.34,0.01,8,3472,买盘
531,10:30:39,4.34,0.0,1,434,买盘
532,10:31:01,4.34,0.0,1,434,买盘
533,10:31:04,4.33,-0.01,22,9526,卖盘
534,10:31:07,4.33,0.0,17,7376,卖盘
535,10:31:12,4.33,0.0,5,2165,卖盘
536,10:31:21,4.33,0.0,4,1732,卖盘
537,10:31:24,4.33,0.0,1,433,卖盘
538,10:31:27,4.34,0.01,137,59458,买盘
539,10:31:45,4.33,-0.01,16,6928,卖盘
540,10:32:04,4.33,0.0,1,433,卖盘
541,10:32:09,4.33,0.0,5,2165,卖盘
542,10:32:39,4.33,0.0,6,2598,卖盘
543,10:32:42,4.33,0.0,61,26413,卖盘
544,10:32:45,4.34,0.01,4,1736,买盘
545,10:32:54,4.33,-0.01,2,866,卖盘
546,10:33:21,4.33,0.0,1,433,卖盘
547,10:33:30,4.34,0.01,2,868,买盘
548,10:33:45,4.34,0.0,30,13020,买盘
549,10:33:54,4.34,0.0,5,2170,买盘
550,10:34:04,4.34,0.0,152,65968,买盘
551,10:34:15,4.34,0.0,10,4340,卖盘
552,10:34:27,4.35,0.01,50,21750,买盘
553,10:35:28,4.35,0.0,1,435,买盘
554,10:35:30,4.35,0.0,38,16530,买盘
555,10:35:33,4.35,0.0,34,14790,买盘
556,10:36:04,4.35,0.0,94,40890,买盘
557,10:36:34,4.35,0.0,3,1305,买盘
558,10:36:49,4.35,0.0,300,130500,买盘
559,10:36:52,4.35,0.0,1,435,买盘
560,10:36:55,4.35,0.0,1,435,买盘
561,10:37:06,4.34,-0.01,9,3906,卖盘
562,10:37:10,4.35,0.01,10,4350,买盘
563,10:37:21,4.36,0.01,200,87200,买盘
564,10:37:37,4.37,0.01,15,6554,买盘
565,10:37:48,4.36,-0.01,20,8720,卖盘
566,10:38:00,4.36,0.0,23,10028,买盘
567,10:38:19,4.37,0.01,8,3496,买盘
568,10:38:22,4.36,-0.01,6,2616,卖盘
569,10:38:25,4.36,0.0,13,5668,卖盘
570,10:38:27,4.36,0.0,14,6104,卖盘
571,10:38:33,4.36,0.0,243,105948,买盘
572,10:38:36,4.36,0.0,10,4360,买盘
573,10:38:43,4.36,0.0,15,6540,买盘
574,10:38:45,4.35,-0.01,67,29145,卖盘
575,10:39:19,4.36,0.01,63,27468,买盘
576,10:39:24,4.36,0.0,10,4360,买盘
577,10:39:36,4.35,-0.01,99,43065,卖盘
578,10:40:18,4.36,0.01,18,7848,买盘
579,10:40:39,4.36,0.0,116,50576,买盘
580,10:41:06,4.36,0.0,16,6976,买盘
581,10:41:09,4.35,-0.01,50,21750,卖盘
582,10:41:24,4.35,0.0,10,4350,卖盘
583,10:41:49,4.35,0.0,109,47415,卖盘
584,10:41:51,4.35,0.0,29,12615,卖盘
585,10:41:54,4.35,0.0,11,4785,卖盘
586,10:41:57,4.35,0.0,10,4350,卖盘
587,10:42:04,4.35,0.0,10,4350,卖盘
588,10:42:09,4.35,0.0,47,20445,卖盘
589,10:42:12,4.35,0.0,11,4785,卖盘
590,10:42:18,4.35,0.0,1,435,买盘
591,10:42:33,4.35,0.0,284,123525,买盘
592,10:42:36,4.35,0.0,2,870,卖盘
593,10:42:48,4.36,0.01,2,872,买盘
594,10:43:33,4.36,0.0,26,11336,买盘
595,10:44:00,4.35,-0.01,5,2175,卖盘
596,10:44:15,4.36,0.01,48,20908,买盘
597,10:44:45,4.36,0.0,10,4360,买盘
598,10:45:18,4.36,0.0,27,11772,买盘
599,10:45:46,4.35,-0.01,28,12180,卖盘
600,10:45:51,4.36,0.01,23,10028,买盘
601,10:46:24,4.35,-0.01,18,7869,卖盘
602,10:46:30,4.35,0.0,420,183110,卖盘
603,10:46:36,4.36,0.01,10,4360,买盘
604,10:47:30,4.35,-0.01,40,17400,卖盘
605,10:47:33,4.36,0.01,40,17440,买盘
606,10:48:48,4.36,0.0,9,3924,买盘
607,10:49:18,4.36,0.0,11,4796,买盘
608,10:50:13,4.36,0.0,5,2180,买盘
609,10:50:15,4.36,0.0,10,4360,买盘
610,10:50:24,4.35,-0.01,10,4350,卖盘
611,10:50:52,4.36,0.01,5,2180,买盘
612,10:51:24,4.36,0.0,23,10028,买盘
613,10:51:48,4.36,0.0,14,6104,买盘
614,10:52:00,4.36,0.0,10,4360,买盘
615,10:52:12,4.36,0.0,50,21800,买盘
616,10:52:15,4.35,-0.01,5,2175,卖盘
617,10:52:57,4.36,0.01,1,436,买盘
618,10:54:28,4.36,0.0,42,18312,买盘
619,10:54:31,4.36,0.0,6,2616,买盘
620,10:54:34,4.36,0.0,138,60147,买盘
621,10:54:36,4.36,0.0,3,1308,买盘
622,10:54:40,4.36,0.0,4,1744,买盘
623,10:54:43,4.36,0.0,4,1744,买盘
624,10:54:46,4.36,0.0,4,1744,买盘
625,10:54:49,4.36,0.0,152,66272,买盘
626,10:54:52,4.36,0.0,3,1308,买盘
627,10:54:54,4.36,0.0,1,436,买盘
628,10:54:57,4.36,0.0,5,2180,买盘
629,10:55:01,4.36,0.0,283,123405,买盘
630,10:55:04,4.37,0.01,1,437,买盘
631,10:55:07,4.37,0.0,18,7866,买盘
632,10:55:10,4.37,0.0,35,15295,买盘
633,10:55:12,4.37,0.0,13,5681,买盘
634,10:55:16,4.37,0.0,14,6118,买盘
635,10:55:19,4.37,0.0,55,24035,买盘
636,10:55:30,4.37,0.0,12,5244,买盘
637,10:55:33,4.37,0.0,62,27094,买盘
638,10:55:39,4.37,0.0,81,35397,买盘
639,10:55:43,4.37,0.0,20,8740,买盘
640,10:55:45,4.37,0.0,2,874,买盘
641,10:55:49,4.37,0.0,19,8303,买盘
642,10:56:00,4.38,0.01,3,1314,买盘
643,10:56:31,4.38,0.0,30,13140,买盘
644,10:56:45,4.38,0.0,9,3942,买盘
645,10:57:12,4.37,-0.01,81,35397,卖盘
646,10:57:46,4.37,0.0,94,41078,卖盘
647,10:58:09,4.37,0.0,22,9614,卖盘
648,10:58:36,4.37,0.0,10,4370,卖盘
649,10:59:31,4.37,0.0,2,874,卖盘
650,11:00:00,4.37,0.0,20,8740,卖盘
651,11:00:30,4.38,0.01,14,6132,买盘
652,11:01:09,4.38,0.0,3,1314,买盘
653,11:01:36,4.38,0.0,20,8760,买盘
654,11:01:45,4.37,-0.01,4,1748,卖盘
655,11:02:18,4.37,0.0,118,51566,卖盘
656,11:02:33,4.37,0.0,70,30590,卖盘
657,11:02:36,4.37,0.0,21,9177,卖盘
658,11:02:40,4.37,0.0,48,20976,卖盘
659,11:02:48,4.37,0.0,32,13984,卖盘
660,11:02:54,4.37,0.0,21,9177,卖盘
661,11:03:10,4.38,0.01,1,438,买盘
662,11:04:03,4.37,-0.01,12,5244,卖盘
663,11:04:09,4.38,0.01,3,1314,买盘
664,11:04:25,4.37,-0.01,29,12673,卖盘
665,11:04:36,4.37,0.0,11,4807,卖盘
666,11:05:03,4.38,0.01,30,13140,买盘
667,11:05:15,4.38,0.0,758,332004,买盘
668,11:05:18,4.39,0.01,2,878,买盘
669,11:05:42,4.39,0.0,5,2195,买盘
670,11:05:49,4.39,0.0,20,8780,买盘
671,11:05:57,4.39,0.0,100,43900,买盘
672,11:06:12,4.39,0.0,6,2634,买盘
673,11:06:15,4.39,0.0,106,46534,买盘
674,11:06:18,4.39,0.0,30,13170,买盘
675,11:06:21,4.39,0.0,66,28974,买盘
676,11:06:24,4.39,0.0,1,439,买盘
677,11:06:36,4.39,0.0,9,3951,买盘
678,11:06:48,4.39,0.0,1,439,卖盘
679,11:06:58,4.39,0.0,27,11853,卖盘
680,11:07:12,4.39,0.0,11,4829,卖盘
681,11:07:21,4.39,0.0,23,10097,卖盘
682,11:07:27,4.39,0.0,177,77703,卖盘
683,11:07:36,4.39,0.0,30,13170,买盘
684,11:07:54,4.38,-0.01,90,39470,卖盘
685,11:08:12,4.38,0.0,55,24090,卖盘
686,11:08:21,4.38,0.0,231,101178,卖盘
687,11:08:27,4.38,0.0,20,8760,卖盘
688,11:09:04,4.38,0.0,30,13140,卖盘
689,11:09:18,4.38,0.0,15,6570,卖盘
690,11:09:46,4.39,0.01,11,4829,买盘
691,11:10:15,4.38,-0.01,100,43800,卖盘
692,11:10:33,4.38,0.0,300,131400,卖盘
693,11:10:36,4.38,0.0,137,60006,卖盘
694,11:11:16,4.37,-0.01,10,4370,卖盘
695,11:11:24,4.37,0.0,35,15295,卖盘
696,11:11:54,4.37,0.0,40,17480,卖盘
697,11:14:00,4.36,-0.01,20,8720,卖盘
698,11:14:03,4.37,0.01,1,437,买盘
699,11:15:00,4.36,-0.01,30,13080,卖盘
700,11:16:48,4.36,0.0,1,436,卖盘
701,11:18:30,4.36,0.0,9,3924,卖盘
702,11:18:33,4.37,0.01,3,1311,买盘
703,11:19:06,4.37,0.0,1,437,买盘
704,11:19:16,4.37,0.0,50,21850,买盘
705,11:19:18,4.37,0.0,1,437,买盘
706,11:19:54,4.37,0.0,1,437,买盘
707,11:20:39,4.37,0.0,2,874,买盘
708,11:21:24,4.36,-0.01,20,8720,卖盘
709,11:21:48,4.37,0.01,2,874,买盘
710,11:22:24,4.37,0.0,20,8740,买盘
711,11:22:45,4.37,0.0,20,8740,买盘
712,11:23:06,4.37,0.0,2,874,买盘
713,11:23:09,4.37,0.0,1,437,买盘
714,11:23:30,4.37,0.0,240,104880,买盘
715,11:23:45,4.37,0.0,100,43700,买盘
716,11:24:09,4.37,0.0,4,1748,买盘
717,11:24:12,4.38,0.01,1,438,买盘
718,11:24:51,4.38,0.0,1,438,买盘
719,11:24:57,4.38,0.0,10,4380,买盘
720,11:25:42,4.38,0.0,115,50370,买盘
721,11:25:48,4.38,0.0,1,438,买盘
722,11:27:15,4.38,0.0,2,876,买盘
723,11:28:00,4.38,0.0,1,438,买盘
724,11:28:03,4.38,0.0,2,876,买盘
725,11:28:27,4.38,0.0,7,3066,买盘
726,11:28:39,4.37,-0.01,8,3496,卖盘
727,11:29:39,4.38,0.01,1,438,买盘
728,11:29:42,4.38,0.0,2,876,买盘
729,13:00:04,4.38,0.0,230,100743,买盘
730,13:00:27,4.38,0.0,2,876,买盘
731,13:00:45,4.38,0.0,3,1314,卖盘
732,13:01:13,4.38,0.0,2,876,买盘
733,13:02:33,4.37,-0.01,15,6555,卖盘
734,13:03:43,4.38,0.01,1,438,买盘
735,13:03:46,4.38,0.0,2,876,买盘
736,13:04:57,4.38,0.0,2,876,买盘
737,13:05:05,4.37,-0.01,33,14421,卖盘
738,13:05:15,4.37,0.0,70,30590,卖盘
739,13:05:18,4.37,0.0,28,12236,卖盘
740,13:05:21,4.37,0.0,8,3496,买盘
741,13:05:39,4.37,0.0,10,4370,买盘
742,13:07:12,4.37,0.0,1,437,买盘
743,13:07:15,4.37,0.0,1,437,买盘
744,13:07:39,4.37,0.0,7,3059,买盘
745,13:07:57,4.36,-0.01,7,3053,卖盘
746,13:08:18,4.36,0.0,173,75428,卖盘
747,13:08:33,4.36,0.0,116,50576,卖盘
748,13:08:36,4.37,0.01,2,874,买盘
749,13:09:18,4.36,-0.01,1,436,卖盘
750,13:09:27,4.36,0.0,4,1744,卖盘
751,13:09:48,4.37,0.01,2,874,买盘
752,13:10:21,4.36,-0.01,1,436,卖盘
753,13:10:48,4.36,0.0,44,19184,卖盘
754,13:11:09,4.37,0.01,13,5671,买盘
755,13:12:27,4.37,0.0,2,874,买盘
756,13:12:37,4.36,-0.01,3,1308,卖盘
757,13:13:09,4.36,0.0,6,2616,卖盘
758,13:13:30,4.37,0.01,5,2185,买盘
759,13:13:34,4.37,0.0,41,17917,买盘
760,13:13:36,4.37,0.0,2,874,买盘
761,13:13:39,4.36,-0.01,2,872,卖盘
762,13:14:06,4.37,0.01,13,5671,买盘
763,13:14:21,4.36,-0.01,2,872,卖盘
764,13:14:30,4.37,0.01,1,437,买盘
765,13:14:36,4.37,0.0,33,14421,买盘
766,13:14:39,4.37,0.0,1,437,买盘
767,13:15:24,4.37,0.0,1,437,买盘
768,13:15:54,4.37,0.0,5,2185,买盘
769,13:15:58,4.37,0.0,1,437,买盘
770,13:16:00,4.37,0.0,30,13110,买盘
771,13:16:03,4.37,0.0,15,6555,卖盘
772,13:16:07,4.37,0.0,12,5244,买盘
773,13:16:42,4.38,0.01,10,4380,买盘
774,13:17:30,4.38,0.0,456,199728,买盘
775,13:18:04,4.39,0.01,2,878,买盘
776,13:18:54,4.39,0.0,3,1317,买盘
777,13:19:18,4.39,0.0,2,878,买盘
778,13:19:36,4.38,-0.01,10,4380,卖盘
779,13:20:42,4.39,0.01,2,878,买盘
780,13:21:48,4.39,0.0,2,878,买盘
781,13:22:27,4.38,-0.01,83,36354,卖盘
782,13:22:40,4.39,0.01,6,2631,买盘
783,13:22:45,4.38,-0.01,38,16644,卖盘
784,13:23:30,4.39,0.01,50,21950,买盘
785,13:24:15,4.39,0.0,3,1317,买盘
786,13:24:33,4.39,0.0,13,5707,买盘
787,13:24:51,4.38,-0.01,5,2190,卖盘
788,13:26:09,4.39,0.01,13,5697,买盘
789,13:26:19,4.39,0.0,10,4390,买盘
790,13:26:24,4.38,-0.01,10,4380,卖盘
791,13:26:27,4.38,0.0,5,2190,卖盘
792,13:27:45,4.38,0.0,6,2628,卖盘
793,13:27:58,4.39,0.01,3,1317,买盘
794,13:29:09,4.39,0.0,5,2195,买盘
795,13:29:42,4.39,0.0,2,878,买盘
796,13:29:57,4.38,-0.01,6,2628,卖盘
797,13:30:06,4.38,0.0,197,86286,卖盘
798,13:30:24,4.38,0.0,20,8760,买盘
799,13:30:48,4.38,0.0,2,876,买盘
800,13:31:45,4.38,0.0,1,438,买盘
801,13:32:09,4.38,0.0,12,5256,买盘
802,13:32:24,4.38,0.0,22,9636,买盘
803,13:32:42,4.38,0.0,22,9636,卖盘
804,13:32:45,4.39,0.01,1,439,买盘
805,13:32:55,4.39,0.0,44,19316,买盘
806,13:33:04,4.38,-0.01,5,2190,卖盘
807,13:33:10,4.39,0.01,8,3512,买盘
808,13:33:27,4.39,0.0,2,878,买盘
809,13:34:24,4.38,-0.01,5,2190,卖盘
810,13:34:27,4.38,0.0,48,21024,卖盘
811,13:34:54,4.38,0.0,2,876,买盘
812,13:35:06,4.39,0.01,35,15365,买盘
813,13:35:09,4.37,-0.02,1,411,卖盘
814,13:35:43,4.38,0.01,1,438,买盘
815,13:35:57,4.38,0.0,47,20586,买盘
816,13:36:04,4.37,-0.01,30,13114,卖盘
817,13:36:15,4.39,0.02,30,13170,买盘
818,13:36:30,4.38,-0.01,1,438,卖盘
819,13:37:00,4.37,-0.01,96,42038,卖盘
820,13:37:12,4.37,0.0,5,2185,卖盘
821,13:37:33,4.38,0.01,2,876,买盘
822,13:37:36,4.38,0.0,3,1314,买盘
823,13:37:39,4.38,0.0,1,438,买盘
824,13:37:42,4.38,0.0,7,3066,买盘
825,13:38:01,4.38,0.0,4,1752,买盘
826,13:38:49,4.38,0.0,2,876,卖盘
827,13:38:54,4.38,0.0,5,2190,卖盘
828,13:38:57,4.38,0.0,43,18834,卖盘
829,13:39:04,4.38,0.0,29,12702,买盘
830,13:39:13,4.38,0.0,3,1314,买盘
831,13:39:16,4.38,0.0,1,438,买盘
832,13:39:18,4.38,0.0,1,438,买盘
833,13:39:21,4.39,0.01,18,7885,买盘
834,13:39:51,4.37,-0.02,291,127167,卖盘
835,13:39:57,4.39,0.02,10,4390,买盘
836,13:40:33,4.37,-0.02,2,874,卖盘
837,13:40:39,4.37,0.0,127,55499,卖盘
838,13:41:42,4.39,0.02,2,878,买盘
839,13:42:51,4.39,0.0,2,878,买盘
840,13:42:57,4.39,0.0,18,7902,买盘
841,13:43:18,4.38,-0.01,60,26285,卖盘
842,13:43:57,4.39,0.01,1,439,买盘
843,13:44:04,4.39,0.0,4,1756,买盘
844,13:44:06,4.39,0.0,1,439,买盘
845,13:44:36,4.39,0.0,30,13170,买盘
846,13:44:39,4.39,0.0,2,878,买盘
847,13:44:42,4.39,0.0,20,8780,买盘
848,13:45:13,4.39,0.0,1,439,买盘
849,13:45:18,4.39,0.0,4,1756,买盘
850,13:45:51,4.39,0.0,2,878,买盘
851,13:45:54,4.39,0.0,67,29413,买盘
852,13:46:06,4.38,-0.01,34,14892,卖盘
853,13:46:18,4.38,0.0,40,17520,卖盘
854,13:46:54,4.39,0.01,12,5268,买盘
855,13:47:19,4.39,0.0,2,878,买盘
856,13:47:27,4.38,-0.01,20,8760,卖盘
857,13:47:51,4.38,0.0,10,4380,卖盘
858,13:48:04,4.38,0.0,71,31098,卖盘
859,13:48:10,4.38,0.0,39,17082,卖盘
860,13:49:15,4.39,0.01,16,7024,买盘
861,13:49:33,4.39,0.0,1,439,买盘
862,13:50:12,4.39,0.0,20,8780,买盘
863,13:50:21,4.39,0.0,3,1317,买盘
864,13:52:04,4.38,-0.01,20,8760,卖盘
865,13:52:07,4.39,0.01,3,1317,买盘
866,13:52:42,4.39,0.0,20,8780,买盘
867,13:54:06,4.39,0.0,1,439,买盘
868,13:54:48,4.38,-0.01,6,2631,卖盘
869,13:54:57,4.38,0.0,10,4380,卖盘
870,13:55:12,4.38,0.0,10,4380,卖盘
871,13:55:21,4.39,0.01,9,3951,买盘
872,13:55:51,4.39,0.0,20,8780,买盘
873,13:55:58,4.38,-0.01,16,7008,卖盘
874,13:56:18,4.38,0.0,152,66576,卖盘
875,13:57:06,4.37,-0.01,14,6118,卖盘
876,13:57:39,4.38,0.01,2,876,买盘
877,13:57:48,4.37,-0.01,60,26220,卖盘
878,13:58:03,4.38,0.01,28,12264,买盘
879,13:58:09,4.37,-0.01,35,15328,卖盘
880,13:58:12,4.37,0.0,8,3496,卖盘
881,13:58:39,4.37,0.0,3,1311,卖盘
882,13:58:48,4.37,0.0,7,3059,卖盘
883,13:58:51,4.38,0.01,2,876,买盘
884,13:58:54,4.38,0.0,59,25842,买盘
885,13:59:45,4.38,0.0,20,8760,买盘
886,14:00:12,4.38,0.0,3,1314,买盘
887,14:00:40,4.37,-0.01,2,874,卖盘
888,14:01:57,4.37,0.0,6,2624,卖盘
889,14:02:09,4.38,0.01,10,4380,买盘
890,14:02:15,4.38,0.0,23,10074,买盘
891,14:02:43,4.38,0.0,45,19710,买盘
892,14:03:09,4.38,0.0,5,2190,卖盘
893,14:03:12,4.39,0.01,2,878,买盘
894,14:03:15,4.38,-0.01,36,15768,卖盘
895,14:04:13,4.37,-0.01,10,4370,卖盘
896,14:04:51,4.37,0.0,90,39330,卖盘
897,14:05:04,4.38,0.01,2,876,买盘
898,14:05:48,4.37,-0.01,1,437,卖盘
899,14:06:09,4.37,0.0,9,3933,卖盘
900,14:06:18,4.38,0.01,2,876,买盘
901,14:06:43,4.38,0.0,4,1752,买盘
902,14:06:51,4.37,-0.01,1,437,卖盘
903,14:07:33,4.38,0.01,1,438,买盘
904,14:08:18,4.38,0.0,3,1314,买盘
905,14:08:48,4.38,0.0,67,29346,买盘
906,14:09:24,4.38,0.0,6,2628,买盘
907,14:09:54,4.37,-0.01,72,31464,卖盘
908,14:10:04,4.38,0.01,2,876,买盘
909,14:11:18,4.38,0.0,1,438,买盘
910,14:11:21,4.37,-0.01,25,10925,卖盘
911,14:11:54,4.37,0.0,30,13110,卖盘
912,14:12:04,4.37,0.0,60,26220,卖盘
913,14:12:06,4.38,0.01,3,1314,买盘
914,14:12:19,4.37,-0.01,4,1774,卖盘
915,14:13:12,4.36,-0.01,12,5232,卖盘
916,14:13:42,4.37,0.01,2,874,买盘
917,14:13:54,4.37,0.0,10,4370,买盘
918,14:13:57,4.37,0.0,46,20102,买盘
919,14:15:06,4.37,0.0,1,437,买盘
920,14:15:36,4.37,0.0,139,60743,买盘
921,14:15:51,4.37,0.0,3,1311,买盘
922,14:16:06,4.37,0.0,13,5681,买盘
923,14:16:36,4.37,0.0,103,44985,买盘
924,14:17:42,4.37,0.0,33,14424,卖盘
925,14:18:07,4.37,0.0,25,10925,卖盘
926,14:18:21,4.37,0.0,50,21850,卖盘
927,14:18:48,4.37,0.0,10,4370,卖盘
928,14:19:09,4.37,0.0,92,40230,卖盘
929,14:19:12,4.37,0.0,2,874,买盘
930,14:19:42,4.37,0.0,59,25757,买盘
931,14:20:36,4.37,0.0,196,85678,卖盘
932,14:20:39,4.37,0.0,1,437,买盘
933,14:21:04,4.37,0.0,36,15732,买盘
934,14:21:18,4.37,0.0,1,437,买盘
935,14:21:30,4.37,0.0,2,874,买盘
936,14:23:18,4.37,0.0,1,437,买盘
937,14:24:06,4.37,0.0,3,1311,买盘
938,14:24:36,4.36,-0.01,22,9592,卖盘
939,14:25:04,4.37,0.01,20,8740,买盘
940,14:25:36,4.37,0.0,1,437,买盘
941,14:26:00,4.37,0.0,402,175674,买盘
942,14:26:22,4.37,0.0,2,874,买盘
943,14:26:48,4.37,0.0,10,4370,买盘
944,14:26:54,4.36,-0.01,50,21800,卖盘
945,14:27:27,4.37,0.01,1,437,买盘
946,14:27:36,4.37,0.0,10,4370,买盘
947,14:27:54,4.37,0.0,1,437,买盘
948,14:28:13,4.37,0.0,1,437,买盘
949,14:28:21,4.37,0.0,60,26220,买盘
950,14:28:37,4.37,0.0,101,44137,买盘
951,14:28:48,4.36,-0.01,18,7848,卖盘
952,14:29:04,4.37,0.01,1,437,买盘
953,14:30:18,4.36,-0.01,50,21800,卖盘
954,14:30:36,4.36,0.0,201,87636,卖盘
955,14:31:39,4.36,0.0,50,21800,卖盘
956,14:32:09,4.36,0.0,1,436,卖盘
957,14:32:15,4.36,0.0,70,30520,卖盘
958,14:32:33,4.36,0.0,3,1308,卖盘
959,14:32:36,4.36,0.0,135,58860,卖盘
960,14:32:54,4.36,0.0,100,43600,卖盘
961,14:32:57,4.36,0.0,2,872,卖盘
962,14:33:04,4.36,0.0,3,1308,卖盘
963,14:33:12,4.36,0.0,582,253735,卖盘
964,14:33:18,4.36,0.0,1,436,买盘
965,14:33:36,4.36,0.0,2,872,买盘
966,14:34:21,4.36,0.0,38,16568,买盘
967,14:35:00,4.35,-0.01,931,404985,卖盘
968,14:35:06,4.35,0.0,79,34365,卖盘
969,14:35:12,4.35,0.0,100,43461,卖盘
970,14:35:21,4.35,0.0,10,4350,买盘
971,14:35:42,4.34,-0.01,80,34720,卖盘
972,14:35:54,4.34,0.0,10,4340,卖盘
973,14:35:57,4.34,0.0,5,2170,卖盘
974,14:36:00,4.34,0.0,23,9982,卖盘
975,14:36:04,4.34,0.0,5,2170,卖盘
976,14:36:42,4.34,0.0,3,1302,卖盘
977,14:36:46,4.34,0.0,22,9548,卖盘
978,14:36:51,4.34,0.0,106,46004,卖盘
979,14:37:00,4.34,0.0,9,3906,卖盘
980,14:37:03,4.34,0.0,35,15190,卖盘
981,14:37:16,4.34,0.0,5,2170,卖盘
982,14:37:18,4.34,0.0,5,2170,卖盘
983,14:37:30,4.34,0.0,31,13454,卖盘
984,14:37:36,4.34,0.0,5,2170,卖盘
985,14:37:39,4.34,0.0,87,37758,卖盘
986,14:38:06,4.34,0.0,5,2170,卖盘
987,14:38:33,4.34,0.0,5,2170,卖盘
988,14:38:57,4.35,0.01,43,18705,买盘
989,14:39:00,4.35,0.0,8,3480,买盘
990,14:40:13,4.35,0.0,23,10005,买盘
991,14:40:36,4.35,0.0,6,2610,买盘
992,14:40:57,4.34,-0.01,12,5208,卖盘
993,14:41:18,4.35,0.01,32,13920,买盘
994,14:41:24,4.34,-0.01,4,1736,卖盘
995,14:41:39,4.34,0.0,670,290797,卖盘
996,14:41:43,4.34,0.0,26,11284,卖盘
997,14:41:45,4.34,0.0,14,6076,卖盘
998,14:41:51,4.34,0.0,1,434,卖盘
999,14:41:54,4.35,0.01,57,24795,买盘
1000,14:41:57,4.34,-0.01,10,4340,卖盘
1001,14:42:21,4.34,0.0,57,24738,卖盘
1002,14:42:40,4.34,0.0,10,4340,卖盘
1003,14:42:49,4.34,0.0,225,97633,卖盘
1004,14:42:52,4.34,0.0,75,32550,买盘
1005,14:43:01,4.34,0.0,54,23436,卖盘
1006,14:43:04,4.33,-0.01,38,16454,卖盘
1007,14:43:18,4.34,0.01,46,19981,买盘
1008,14:43:25,4.34,0.0,34,14739,卖盘
1009,14:43:45,4.33,-0.01,9,3897,卖盘
1010,14:43:49,4.34,0.01,80,34720,买盘
1011,14:44:09,4.34,0.0,245,106330,买盘
1012,14:44:18,4.34,0.0,231,100254,买盘
1013,14:44:21,4.34,0.0,62,26925,买盘
1014,14:44:45,4.35,0.01,5,2175,买盘
1015,14:45:06,4.34,-0.01,1,434,卖盘
1016,14:45:27,4.35,0.01,402,174870,买盘
1017,14:45:30,4.35,0.0,59,25665,买盘
1018,14:45:39,4.35,0.0,71,30885,买盘
1019,14:45:42,4.35,0.0,4,1740,买盘
1020,14:46:06,4.35,0.0,69,30014,买盘
1021,14:46:13,4.35,0.0,5,2175,买盘
1022,14:46:16,4.35,0.0,19,8265,买盘
1023,14:46:40,4.35,0.0,21,9135,卖盘
1024,14:46:42,4.36,0.01,11,4796,买盘
1025,14:46:51,4.36,0.0,80,34880,买盘
1026,14:46:57,4.36,0.0,377,164372,买盘
1027,14:47:06,4.36,0.0,120,52320,买盘
1028,14:47:09,4.36,0.0,1,436,卖盘
1029,14:47:31,4.36,0.0,15,6540,卖盘
1030,14:48:03,4.37,0.01,30,13110,买盘
1031,14:48:13,4.36,-0.01,1,436,卖盘
1032,14:48:37,4.36,0.0,29,12644,卖盘
1033,14:48:54,4.36,0.0,120,52420,卖盘
1034,14:49:16,4.36,0.0,1,436,卖盘
1035,14:49:33,4.37,0.01,91,39767,买盘
1036,14:49:58,4.37,0.0,141,61617,买盘
1037,14:50:04,4.37,0.0,61,26656,买盘
1038,14:50:07,4.37,0.0,10,4370,买盘
1039,14:50:10,4.36,-0.01,5,2180,卖盘
1040,14:50:12,4.37,0.01,77,33649,买盘
1041,14:50:22,4.37,0.0,60,26220,买盘
1042,14:50:25,4.36,-0.01,1,436,卖盘
1043,14:50:28,4.37,0.01,400,174800,买盘
1044,14:50:34,4.37,0.0,30,13110,买盘
1045,14:50:36,4.37,0.0,60,26220,买盘
1046,14:50:40,4.37,0.0,180,78660,买盘
1047,14:50:45,4.37,0.0,30,13110,买盘
1048,14:51:01,4.37,0.0,10,4344,买盘
1049,14:51:07,4.37,0.0,54,23598,卖盘
1050,14:51:12,4.37,0.0,10,4370,卖盘
1051,14:51:18,4.37,0.0,1,463,卖盘
1052,14:51:25,4.37,0.0,15,6555,买盘
1053,14:51:31,4.37,0.0,20,8740,买盘
1054,14:51:45,4.37,0.0,67,29279,买盘
1055,14:51:49,4.37,0.0,205,89585,买盘
1056,14:52:00,4.37,0.0,200,87400,买盘
1057,14:52:06,4.37,0.0,56,24485,买盘
1058,14:52:22,4.38,0.01,1,438,买盘
1059,14:52:25,4.38,0.0,20,8760,买盘
1060,14:52:34,4.38,0.0,34,14892,买盘
1061,14:52:39,4.38,0.0,50,21900,买盘
1062,14:52:46,4.37,-0.01,108,47196,卖盘
1063,14:53:09,4.37,0.0,110,48070,卖盘
1064,14:53:18,4.38,0.01,17,7446,买盘
1065,14:53:37,4.37,-0.01,20,8740,卖盘
1066,14:53:43,4.37,0.0,481,210184,卖盘
1067,14:53:46,4.37,0.0,19,8316,买盘
1068,14:53:51,4.37,0.0,7,3059,卖盘
1069,14:53:54,4.38,0.01,20,8760,买盘
1070,14:53:57,4.38,0.0,42,18356,买盘
1071,14:54:13,4.37,-0.01,5,2185,卖盘
1072,14:54:28,4.38,0.01,135,59130,买盘
1073,14:54:42,4.36,-0.02,209,91272,卖盘
1074,14:54:58,4.37,0.01,61,26657,买盘
1075,14:55:06,4.37,0.0,158,69046,买盘
1076,14:55:12,4.37,0.0,65,28405,买盘
1077,14:55:15,4.36,-0.01,2,872,卖盘
1078,14:55:31,4.37,0.01,55,24048,买盘
1079,14:55:37,4.37,0.0,49,21413,卖盘
1080,14:55:43,4.37,0.0,61,26644,卖盘
1081,14:55:46,4.37,0.0,8,3496,买盘
1082,14:55:54,4.37,0.0,34,14871,买盘
1083,14:56:00,4.37,0.0,20,8740,卖盘
1084,14:56:04,4.38,0.01,15,6570,买盘
1085,14:56:13,4.38,0.0,14,6132,买盘
1086,14:56:18,4.37,-0.01,11,4807,卖盘
1087,14:56:22,4.38,0.01,30,13140,买盘
1088,14:56:24,4.37,-0.01,179,78210,卖盘
1089,14:56:34,4.36,-0.01,14,6104,卖盘
1090,14:56:40,4.37,0.01,60,26220,买盘
1091,14:56:48,4.37,0.0,158,69046,买盘
1092,15:00:04,4.37,0.0,726,317275,卖盘
