,time,price,change,volume,amount,type
0,09:25:04,4.63,0.03,263,121769,卖盘
1,09:30:04,4.62,-0.01,95,43890,买盘
2,09:30:07,4.62,0.0,42,19404,买盘
3,09:30:10,4.63,0.01,33,15263,买盘
4,09:30:15,4.63,0.0,24,11112,买盘
5,09:30:18,4.63,0.0,12,5556,买盘
6,09:30:25,4.63,0.0,63,29168,买盘
7,09:30:31,4.63,0.0,5,2315,买盘
8,09:30:37,4.63,0.0,10,4629,买盘
9,09:30:40,4.63,0.0,1,463,买盘
10,09:30:46,4.62,-0.01,1,462,卖盘
11,09:30:52,4.63,0.01,3,1389,买盘
12,09:30:58,4.63,0.0,2,926,买盘
13,09:31:01,4.62,-0.01,18,8317,卖盘
14,09:31:06,4.63,0.01,10,4630,买盘
15,09:31:09,4.63,0.0,1,463,买盘
16,09:31:13,4.63,0.0,8,3699,买盘
17,09:31:16,4.63,0.0,36,16644,买盘
18,09:31:18,4.62,-0.01,1,462,中性盘
19,09:31:21,4.63,0.01,200,92567,买盘
20,09:31:24,4.63,0.0,2,926,买盘
21,09:31:28,4.63,0.0,20,9260,买盘
22,09:31:31,4.63,0.0,28,12964,买盘
23,09:31:34,4.63,0.0,1,463,买盘
24,09:31:39,4.63,0.0,44,20372,买盘
25,09:32:04,4.64,0.01,11,5103,买盘
26,09:32:07,4.63,-0.01,14,6482,卖盘
27,09:32:10,4.62,-0.01,155,71615,卖盘
28,09:32:12,4.63,0.01,108,50004,买盘
29,09:32:16,4.63,0.0,43,19909,卖盘
30,09:32:19,4.63,0.0,3,1389,卖盘
31,09:32:22,4.63,0.0,23,10649,卖盘
32,09:32:25,4.63,0.0,33,15279,卖盘
33,09:32:28,4.63,0.0,20,9260,卖盘
34,09:32:31,4.63,0.0,61,28243,卖盘
35,09:32:34,4.62,-0.01,4,1850,卖盘
36,09:32:36,4.62,0.0,3,1386,卖盘
37,09:32:40,4.62,0.0,39,18001,卖盘
38,09:32:46,4.62,0.0,25,11550,买盘
39,09:32:52,4.62,0.0,3,1386,买盘
40,09:33:01,4.62,0.0,5,2310,买盘
41,09:33:04,4.61,-0.01,4,1844,卖盘
42,09:33:06,4.62,0.01,37,17094,买盘
43,09:33:09,4.62,0.0,28,12936,买盘
44,09:33:19,4.62,0.0,43,19866,卖盘
45,09:33:33,4.62,0.0,108,49896,卖盘
46,09:33:49,4.61,-0.01,277,127919,卖盘
47,09:33:54,4.62,0.01,1,462,卖盘
48,09:34:01,4.62,0.0,6,2772,中性盘
49,09:34:10,4.62,0.0,1,462,买盘
50,09:34:42,4.62,0.0,25,11550,买盘
51,09:34:45,4.62,0.0,60,27720,买盘
52,09:34:49,4.61,-0.01,6,2766,卖盘
53,09:34:58,4.62,0.01,15,6930,买盘
54,09:35:01,4.62,0.0,39,18018,买盘
55,09:35:19,4.61,-0.01,52,23972,卖盘
56,09:35:24,4.62,0.01,10,4620,买盘
57,09:35:34,4.6,-0.02,741,341464,卖盘
58,09:35:42,4.6,0.0,55,25300,卖盘
59,09:35:46,4.6,0.0,21,9660,卖盘
60,09:35:49,4.6,0.0,72,33120,卖盘
61,09:35:55,4.59,-0.01,243,111560,卖盘
62,09:36:01,4.59,0.0,1,459,买盘
63,09:36:04,4.59,0.0,25,11475,买盘
64,09:36:06,4.58,-0.01,30,13740,卖盘
65,09:36:15,4.59,0.01,56,25704,买盘
66,09:36:22,4.58,-0.01,40,18326,卖盘
67,09:36:37,4.59,0.01,23,10557,卖盘
68,09:36:40,4.59,0.0,33,15147,买盘
69,09:36:43,4.59,0.0,15,6885,卖盘
70,09:36:45,4.59,0.0,31,14229,卖盘
71,09:36:52,4.59,0.0,20,9180,买盘
72,09:36:55,4.59,0.0,19,8721,买盘
73,09:37:09,4.59,0.0,35,16065,卖盘
74,09:37:16,4.59,0.0,345,158820,卖盘
75,09:37:25,4.6,0.01,68,31280,卖盘
76,09:37:30,4.6,0.0,86,39560,买盘
77,09:37:37,4.59,-0.01,19,8727,卖盘
78,09:37:40,4.6,0.01,12,5520,买盘
79,09:37:46,4.6,0.0,10,4600,买盘
80,09:37:55,4.6,0.0,30,13800,买盘
81,09:38:00,4.6,0.0,43,19780,买盘
82,09:38:22,4.61,0.01,6,2766,买盘
83,09:38:28,4.6,-0.01,98,45080,卖盘
84,09:38:33,4.61,0.01,47,21667,买盘
85,09:39:01,4.61,0.0,422,194542,买盘
86,09:39:03,4.61,0.0,46,21206,买盘
87,09:39:07,4.61,0.0,13,5993,买盘
88,09:39:10,4.61,0.0,12,5532,买盘
89,09:39:13,4.61,0.0,2,922,买盘
90,09:39:16,4.62,0.01,200,92283,买盘
91,09:39:34,4.61,-0.01,2,922,卖盘
92,09:39:43,4.61,0.0,176,81136,卖盘
93,09:39:46,4.62,0.01,20,9240,买盘
94,09:39:57,4.62,0.0,110,50820,买盘
95,09:40:16,4.62,0.0,8,3696,买盘
96,09:40:31,4.62,0.0,14,6468,卖盘
97,09:40:43,4.61,-0.01,98,45178,卖盘
98,09:40:54,4.62,0.01,95,43880,买盘
99,09:40:57,4.61,-0.01,98,45204,卖盘
100,09:41:04,4.63,0.02,22,10183,买盘
101,09:41:13,4.62,-0.01,33,15246,卖盘
102,09:41:22,4.62,0.0,20,9240,买盘
103,09:41:25,4.62,0.0,6,2772,买盘
104,09:41:40,4.62,0.0,29,13389,买盘
105,09:41:43,4.62,0.0,38,17556,买盘
106,09:41:52,4.62,0.0,122,56364,买盘
107,09:41:55,4.62,0.0,280,129360,买盘
108,09:41:57,4.63,0.01,31,14338,买盘
109,09:42:16,4.62,-0.01,52,24024,卖盘
110,09:42:21,4.63,0.01,17,7871,买盘
111,09:42:27,4.63,0.0,2,926,买盘
112,09:42:30,4.63,0.0,5,2315,买盘
113,09:42:43,4.62,-0.01,98,45276,卖盘
114,09:42:52,4.63,0.01,4,1852,买盘
115,09:43:10,4.62,-0.01,60,27720,卖盘
116,09:43:16,4.63,0.01,40,18520,买盘
117,09:43:34,4.62,-0.01,10,4620,卖盘
118,09:43:37,4.63,0.01,1,463,买盘
119,09:44:19,4.63,0.0,1,463,买盘
120,09:44:34,4.62,-0.01,10,4620,卖盘
121,09:44:39,4.62,0.0,5,2310,卖盘
122,09:44:58,4.62,0.0,3,1386,卖盘
123,09:45:00,4.63,0.01,106,49014,买盘
124,09:45:16,4.62,-0.01,8,3703,卖盘
125,09:45:22,4.62,0.0,3,1386,买盘
126,09:45:25,4.62,0.0,1,462,买盘
127,09:45:28,4.61,-0.01,5,2305,卖盘
128,09:45:40,4.61,0.0,5,2305,卖盘
129,09:45:42,4.61,0.0,3,1383,卖盘
130,09:45:48,4.62,0.01,3,1386,买盘
131,09:46:16,4.62,0.0,1,462,买盘
132,09:46:45,4.61,-0.01,50,23050,卖盘
133,09:46:49,4.61,0.0,8,3688,卖盘
134,09:47:12,4.62,0.01,2,924,买盘
135,09:47:18,4.62,0.0,66,30492,买盘
136,09:48:24,4.61,-0.01,169,77909,卖盘
137,09:48:31,4.61,0.0,58,26738,卖盘
138,09:48:40,4.61,0.0,50,23050,卖盘
139,09:48:49,4.62,0.01,7,3234,买盘
140,09:48:52,4.61,-0.01,112,51632,卖盘
141,09:48:58,4.61,0.0,73,33653,卖盘
142,09:49:04,4.61,0.0,12,5532,卖盘
143,09:49:07,4.61,0.0,12,5532,卖盘
144,09:49:16,4.6,-0.01,1,460,卖盘
145,09:49:27,4.6,0.0,11,5060,卖盘
146,09:49:36,4.6,0.0,5,2300,卖盘
147,09:49:42,4.61,0.01,2,922,买盘
148,09:49:46,4.6,-0.01,32,14720,卖盘
149,09:49:52,4.6,0.0,2,920,卖盘
150,09:50:10,4.61,0.01,34,15646,买盘
151,09:50:15,4.6,-0.01,30,13800,卖盘
152,09:50:19,4.61,0.01,2,922,买盘
153,09:50:22,4.6,-0.01,1,460,卖盘
154,09:50:24,4.6,0.0,128,58908,卖盘
155,09:50:31,4.6,0.0,30,13800,卖盘
156,09:50:36,4.6,0.0,2,920,卖盘
157,09:50:42,4.6,0.0,1,460,卖盘
158,09:51:01,4.6,0.0,20,9200,卖盘
159,09:51:16,4.61,0.01,40,18440,买盘
160,09:51:28,4.61,0.0,4,1844,买盘
161,09:51:55,4.6,-0.01,179,82340,卖盘
162,09:51:58,4.61,0.01,5,2305,买盘
163,09:52:16,4.61,0.0,8,3688,买盘
164,09:52:33,4.6,-0.01,5,2300,卖盘
165,09:52:39,4.6,0.0,15,6900,卖盘
166,09:52:42,4.6,0.0,5,2300,卖盘
167,09:52:45,4.61,0.01,29,13341,买盘
168,09:52:54,4.6,-0.01,114,52440,卖盘
169,09:53:01,4.6,0.0,20,9200,卖盘
170,09:53:04,4.6,0.0,4,1840,卖盘
171,09:53:10,4.6,0.0,293,134780,卖盘
172,09:53:19,4.59,-0.01,30,13770,卖盘
173,09:53:22,4.6,0.01,1,460,买盘
174,09:53:34,4.59,-0.01,65,29885,卖盘
175,09:53:42,4.58,-0.01,600,275029,卖盘
176,09:53:52,4.58,0.0,5,2290,卖盘
177,09:53:58,4.59,0.01,10,4590,买盘
178,09:54:07,4.58,-0.01,169,77402,卖盘
179,09:54:21,4.58,0.0,10,4580,卖盘
180,09:54:37,4.58,0.0,5,2290,卖盘
181,09:54:58,4.58,0.0,275,125950,卖盘
182,09:55:04,4.58,0.0,10,4580,买盘
183,09:55:06,4.57,-0.01,30,13710,卖盘
184,09:55:13,4.58,0.01,24,10992,买盘
185,09:55:19,4.57,-0.01,160,73162,卖盘
186,09:55:22,4.58,0.01,12,5496,中性盘
187,09:55:25,4.57,-0.01,48,21944,卖盘
188,09:55:33,4.58,0.01,43,19694,买盘
189,09:55:46,4.58,0.0,298,136484,买盘
190,09:55:49,4.57,-0.01,410,187453,卖盘
191,09:55:51,4.57,0.0,301,137557,买盘
192,09:55:54,4.57,0.0,10,4570,买盘
193,09:55:58,4.57,0.0,242,110594,买盘
194,09:56:01,4.57,0.0,95,43415,买盘
195,09:56:04,4.57,0.0,50,22850,买盘
196,09:56:07,4.57,0.0,132,60324,买盘
197,09:56:10,4.57,0.0,8,3656,买盘
198,09:56:12,4.57,0.0,25,11425,买盘
199,09:56:15,4.57,0.0,6,2742,买盘
200,09:56:30,4.59,0.02,10,4590,买盘
201,09:56:43,4.57,-0.02,10,4570,卖盘
202,09:56:48,4.59,0.02,112,51408,买盘
203,09:57:01,4.59,0.0,11,5049,买盘
204,09:57:04,4.58,-0.01,40,18320,卖盘
205,09:57:22,4.59,0.01,140,64358,卖盘
206,09:57:34,4.59,0.0,87,39933,卖盘
207,09:57:37,4.6,0.01,30,13800,买盘
208,09:57:49,4.6,0.0,1,460,买盘
209,09:57:52,4.6,0.0,14,6440,卖盘
210,09:57:58,4.6,0.0,51,23460,卖盘
211,09:58:12,4.61,0.01,645,297345,买盘
212,09:58:21,4.61,0.0,15,6915,卖盘
213,09:58:24,4.61,0.0,1,461,卖盘
214,09:58:28,4.61,0.0,34,15674,买盘
215,09:58:40,4.62,0.01,99,45738,买盘
216,09:58:55,4.62,0.0,80,36960,买盘
217,09:58:58,4.62,0.0,4,1848,卖盘
218,09:59:01,4.62,0.0,166,76692,卖盘
219,09:59:07,4.62,0.0,63,29113,卖盘
220,09:59:10,4.62,0.0,8,3696,卖盘
221,09:59:12,4.63,0.01,1,463,买盘
222,09:59:31,4.62,-0.01,20,9240,卖盘
223,09:59:34,4.63,0.01,5,2315,买盘
224,09:59:45,4.62,-0.01,10,4620,卖盘
225,10:00:06,4.62,0.0,62,28644,卖盘
226,10:00:09,4.62,0.0,5,2310,卖盘
227,10:00:18,4.63,0.01,100,46300,买盘
228,10:00:21,4.62,-0.01,12,5544,卖盘
229,10:00:27,4.62,0.0,1,462,卖盘
230,10:00:30,4.62,0.0,27,12474,卖盘
231,10:01:18,4.62,0.0,10,4620,买盘
232,10:01:37,4.61,-0.01,43,19823,卖盘
233,10:02:09,4.6,-0.01,9,4140,卖盘
234,10:02:12,4.6,0.0,7,3220,卖盘
235,10:02:39,4.6,0.0,23,10580,卖盘
236,10:03:24,4.61,0.01,10,4610,卖盘
237,10:03:27,4.62,0.01,8,3696,买盘
238,10:03:39,4.61,-0.01,16,7376,卖盘
239,10:03:58,4.61,0.0,25,11525,卖盘
240,10:04:24,4.61,0.0,80,36880,卖盘
241,10:04:36,4.61,0.0,40,18440,卖盘
242,10:04:39,4.61,0.0,11,5071,买盘
243,10:05:15,4.61,0.0,1,461,买盘
244,10:05:25,4.6,-0.01,18,8280,卖盘
245,10:05:27,4.6,0.0,5,2300,卖盘
246,10:05:39,4.6,0.0,9,4140,卖盘
247,10:05:42,4.6,0.0,2,920,卖盘
248,10:05:48,4.6,0.0,2,920,卖盘
249,10:06:39,4.61,0.01,37,17057,买盘
250,10:06:43,4.61,0.0,42,19362,买盘
251,10:06:46,4.61,0.0,124,57047,买盘
252,10:06:58,4.6,-0.01,5,2300,卖盘
253,10:07:00,4.6,0.0,367,169030,卖盘
254,10:07:13,4.61,0.01,13,5993,卖盘
255,10:07:21,4.61,0.0,13,5993,买盘
256,10:07:24,4.61,0.0,50,23050,买盘
257,10:07:31,4.61,0.0,3,1383,买盘
258,10:07:36,4.61,0.0,45,20745,买盘
259,10:07:45,4.61,0.0,63,29043,买盘
260,10:08:01,4.62,0.01,120,55440,买盘
261,10:08:16,4.62,0.0,1,462,买盘
262,10:08:21,4.62,0.0,110,50820,买盘
263,10:08:27,4.62,0.0,132,60984,买盘
264,10:08:30,4.62,0.0,30,13860,买盘
265,10:09:18,4.62,0.0,2,924,买盘
266,10:09:21,4.62,0.0,57,26334,买盘
267,10:09:37,4.61,-0.01,1,461,卖盘
268,10:09:54,4.62,0.01,10,4620,买盘
269,10:09:57,4.62,0.0,2,924,买盘
270,10:10:01,4.61,-0.01,800,368800,卖盘
271,10:10:58,4.61,0.0,200,92200,卖盘
272,10:11:27,4.62,0.01,20,9240,买盘
273,10:11:37,4.61,-0.01,41,18901,卖盘
274,10:11:45,4.62,0.01,1,462,买盘
275,10:12:16,4.61,-0.01,4,1844,卖盘
276,10:12:51,4.62,0.01,30,13860,买盘
277,10:13:15,4.61,-0.01,139,64079,卖盘
278,10:13:54,4.61,0.0,542,249869,卖盘
279,10:14:04,4.6,-0.01,160,73600,卖盘
280,10:14:18,4.61,0.01,38,17518,买盘
281,10:14:24,4.61,0.0,49,22589,卖盘
282,10:14:30,4.58,-0.03,500,229751,卖盘
283,10:14:33,4.6,0.02,15,6900,中性盘
284,10:15:06,4.6,0.0,10,4600,买盘
285,10:15:09,4.6,0.0,3,1380,买盘
286,10:15:52,4.59,-0.01,15,6885,卖盘
287,10:16:06,4.59,0.0,43,19737,卖盘
288,10:16:12,4.59,0.0,50,22950,卖盘
289,10:16:36,4.6,0.01,1,460,买盘
290,10:16:54,4.6,0.0,9,4140,买盘
291,10:17:09,4.6,0.0,40,18400,买盘
292,10:17:12,4.6,0.0,4,1840,买盘
293,10:17:15,4.6,0.0,3,1380,买盘
294,10:17:18,4.6,0.0,42,19320,买盘
295,10:17:21,4.61,0.01,7,3227,买盘
296,10:17:27,4.6,-0.01,7,3220,卖盘
297,10:17:46,4.6,0.0,21,9640,买盘
298,10:17:51,4.6,0.0,8,3680,买盘
299,10:18:09,4.6,0.0,64,29440,卖盘
300,10:18:13,4.6,0.0,7,3220,买盘
301,10:18:25,4.6,0.0,10,4600,买盘
302,10:18:33,4.6,0.0,45,20700,买盘
303,10:18:48,4.59,-0.01,3,1377,卖盘
304,10:19:06,4.59,0.0,10,4590,卖盘
305,10:19:45,4.6,0.01,110,50600,卖盘
306,10:20:06,4.61,0.01,7,3227,买盘
307,10:20:27,4.6,-0.01,2,920,卖盘
308,10:20:36,4.61,0.01,38,17518,买盘
309,10:20:45,4.6,-0.01,98,45080,卖盘
310,10:20:55,4.61,0.01,235,108335,买盘
311,10:21:12,4.61,0.0,131,60391,卖盘
312,10:21:18,4.62,0.01,206,95172,买盘
313,10:21:36,4.62,0.0,3,1386,买盘
314,10:22:00,4.62,0.0,150,69300,买盘
315,10:22:09,4.61,-0.01,1,461,卖盘
316,10:22:15,4.6,-0.01,119,54740,卖盘
317,10:22:24,4.6,0.0,13,5980,卖盘
318,10:22:36,4.61,0.01,3,1383,买盘
319,10:22:42,4.61,0.0,13,5993,买盘
320,10:23:09,4.6,-0.01,98,45080,卖盘
321,10:23:21,4.6,0.0,78,35880,卖盘
322,10:23:36,4.61,0.01,3,1383,买盘
323,10:23:39,4.6,-0.01,2,920,卖盘
324,10:23:58,4.6,0.0,88,40480,买盘
325,10:24:12,4.59,-0.01,98,44982,卖盘
326,10:24:15,4.6,0.01,40,18400,买盘
327,10:24:31,4.6,0.0,15,6900,卖盘
328,10:24:33,4.6,0.0,51,23460,卖盘
329,10:24:36,4.6,0.0,3,1380,买盘
330,10:24:51,4.6,0.0,60,27600,买盘
331,10:24:57,4.6,0.0,10,4600,买盘
332,10:25:01,4.59,-0.01,98,44982,卖盘
333,10:25:24,4.6,0.01,81,37260,买盘
334,10:25:36,4.6,0.0,3,1380,买盘
335,10:25:39,4.6,0.0,7,3220,买盘
336,10:25:48,4.61,0.01,1,461,买盘
337,10:26:04,4.59,-0.02,23,10573,卖盘
338,10:26:21,4.59,0.0,98,44982,卖盘
339,10:26:37,4.61,0.02,3,1383,买盘
340,10:26:51,4.59,-0.02,98,44982,卖盘
341,10:27:00,4.6,0.01,11,5060,买盘
342,10:27:09,4.6,0.0,8,3680,买盘
343,10:27:12,4.6,0.0,25,11500,买盘
344,10:27:33,4.6,0.0,7,3220,买盘
345,10:27:39,4.6,0.0,21,9660,买盘
346,10:27:58,4.6,0.0,3,1380,买盘
347,10:28:21,4.59,-0.01,105,48298,卖盘
348,10:28:40,4.61,0.02,3,1383,买盘
349,10:29:13,4.59,-0.02,1,863,卖盘
350,10:29:36,4.61,0.02,3,1383,买盘
351,10:30:16,4.59,-0.02,14,6426,卖盘
352,10:30:36,4.6,0.01,2,920,买盘
353,10:30:45,4.6,0.0,1,460,买盘
354,10:30:51,4.59,-0.01,98,44982,卖盘
355,10:31:27,4.59,0.0,7,3213,卖盘
356,10:31:39,4.6,0.01,100,46000,买盘
357,10:31:43,4.59,-0.01,10,4590,卖盘
358,10:31:57,4.59,0.0,100,45496,卖盘
359,10:32:12,4.58,-0.01,112,51296,卖盘
360,10:32:30,4.58,0.0,5,2290,卖盘
361,10:32:58,4.58,0.0,40,18320,卖盘
362,10:33:06,4.58,0.0,23,10534,卖盘
363,10:33:09,4.58,0.0,30,13740,卖盘
364,10:33:15,4.58,0.0,60,27480,卖盘
365,10:33:33,4.59,0.01,3,1377,买盘
366,10:33:51,4.59,0.0,2,918,买盘
367,10:34:39,4.58,-0.01,72,32976,卖盘
368,10:34:54,4.58,0.0,129,59082,卖盘
369,10:34:57,4.58,0.0,20,9160,卖盘
370,10:35:04,4.58,0.0,10,4580,卖盘
371,10:35:24,4.58,0.0,98,44884,卖盘
372,10:35:54,4.58,0.0,3,1374,卖盘
373,10:35:58,4.58,0.0,20,9160,卖盘
374,10:36:12,4.58,0.0,432,197856,卖盘
375,10:36:30,4.58,0.0,55,25190,卖盘
376,10:36:36,4.57,-0.01,20,9140,卖盘
377,10:36:39,4.58,0.01,5,2290,买盘
378,10:36:45,4.58,0.0,6,2748,买盘
379,10:36:55,4.58,0.0,1,458,买盘
380,10:37:15,4.58,0.0,10,4580,买盘
381,10:37:18,4.57,-0.01,120,54840,卖盘
382,10:37:34,4.57,0.0,50,22850,卖盘
383,10:37:37,4.58,0.01,31,14198,买盘
384,10:37:51,4.58,0.0,114,52212,卖盘
385,10:37:54,4.58,0.0,5,2290,买盘
386,10:38:09,4.58,0.0,2,916,卖盘
387,10:38:15,4.58,0.0,4,1832,卖盘
388,10:38:18,4.58,0.0,1,458,买盘
389,10:38:24,4.58,0.0,16,7328,卖盘
390,10:38:36,4.58,0.0,10,4580,卖盘
391,10:38:55,4.58,0.0,129,59082,卖盘
392,10:38:57,4.57,-0.01,15,6855,卖盘
393,10:39:18,4.57,0.0,538,245904,卖盘
394,10:39:21,4.58,0.01,10,4580,买盘
395,10:39:28,4.57,-0.01,201,91857,卖盘
396,10:39:39,4.57,0.0,9,4113,买盘
397,10:39:48,4.57,0.0,1,457,买盘
398,10:39:51,4.56,-0.01,29,13233,卖盘
399,10:39:54,4.57,0.01,30,13710,买盘
400,10:39:57,4.56,-0.01,7,3192,卖盘
401,10:40:00,4.57,0.01,100,45700,买盘
402,10:40:06,4.56,-0.01,10,4560,卖盘
403,10:40:13,4.57,0.01,30,13710,买盘
404,10:40:25,4.56,-0.01,300,136800,卖盘
405,10:40:27,4.56,0.0,59,26904,卖盘
406,10:40:30,4.56,0.0,108,49248,卖盘
407,10:40:33,4.57,0.01,1,457,买盘
408,10:40:42,4.56,-0.01,489,222994,卖盘
409,10:40:51,4.56,0.0,459,209304,买盘
410,10:40:54,4.56,0.0,35,15960,买盘
411,10:41:03,4.56,0.0,93,42408,卖盘
412,10:41:06,4.56,0.0,5,2280,卖盘
413,10:41:15,4.56,0.0,224,102144,卖盘
414,10:41:24,4.57,0.01,16,7312,买盘
415,10:41:27,4.57,0.0,50,22850,买盘
416,10:41:45,4.56,-0.01,30,13680,卖盘
417,10:41:48,4.56,0.0,190,86640,卖盘
418,10:42:15,4.56,0.0,47,21470,卖盘
419,10:42:21,4.56,0.0,174,79344,卖盘
420,10:42:36,4.57,0.01,33,15061,买盘
421,10:43:15,4.57,0.0,7,3193,买盘
422,10:43:18,4.57,0.0,20,9140,买盘
423,10:43:48,4.56,-0.01,29,13224,卖盘
424,10:43:51,4.56,0.0,156,71136,卖盘
425,10:44:18,4.57,0.01,10,4570,买盘
426,10:44:33,4.57,0.0,35,15995,买盘
427,10:44:40,4.57,0.0,1,457,买盘
428,10:44:48,4.57,0.0,44,20108,买盘
429,10:44:51,4.56,-0.01,34,15905,卖盘
430,10:45:00,4.56,0.0,134,61104,卖盘
431,10:45:03,4.57,0.01,12,5484,买盘
432,10:45:21,4.56,-0.01,5,2280,卖盘
433,10:45:24,4.56,0.0,93,42408,卖盘
434,10:45:33,4.56,0.0,22,10032,卖盘
435,10:45:39,4.56,0.0,81,36936,卖盘
436,10:45:42,4.56,0.0,10,4560,卖盘
437,10:45:48,4.56,0.0,74,33744,卖盘
438,10:45:58,4.57,0.01,9,4113,买盘
439,10:46:10,4.56,-0.01,13,5928,卖盘
440,10:46:18,4.56,0.0,63,28728,卖盘
441,10:46:21,4.56,0.0,1,456,卖盘
442,10:46:24,4.56,0.0,10,4560,卖盘
443,10:46:31,4.56,0.0,25,10999,卖盘
444,10:46:34,4.56,0.0,26,11856,买盘
445,10:46:36,4.56,0.0,1,456,买盘
446,10:46:40,4.56,0.0,1,857,买盘
447,10:46:51,4.56,0.0,50,22800,卖盘
448,10:47:09,4.56,0.0,41,18295,卖盘
449,10:47:13,4.56,0.0,4,1824,买盘
450,10:47:30,4.56,0.0,81,37337,买盘
451,10:47:36,4.56,0.0,30,13279,卖盘
452,10:47:39,4.56,0.0,16,7296,买盘
453,10:47:42,4.56,0.0,10,4560,买盘
454,10:47:48,4.56,0.0,37,17273,买盘
455,10:48:01,4.56,0.0,88,39727,卖盘
456,10:48:04,4.57,0.01,13,6339,买盘
457,10:48:36,4.56,-0.01,1,456,卖盘
458,10:48:39,4.56,0.0,93,42408,卖盘
459,10:48:45,4.56,0.0,7,3192,卖盘
460,10:48:51,4.55,-0.01,44,19653,卖盘
461,10:48:54,4.56,0.01,13,5928,买盘
462,10:48:57,4.56,0.0,2,912,买盘
463,10:49:01,4.56,0.0,32,14993,买盘
464,10:49:09,4.56,0.0,20,8719,卖盘
465,10:49:21,4.56,0.0,4,1824,买盘
466,10:49:24,4.56,0.0,1,456,买盘
467,10:49:28,4.56,0.0,1,456,买盘
468,10:49:31,4.56,0.0,1,456,买盘
469,10:49:33,4.56,0.0,57,26393,买盘
470,10:49:39,4.55,-0.01,56,25125,卖盘
471,10:49:48,4.55,0.0,124,56420,卖盘
472,10:49:51,4.56,0.01,35,16361,买盘
473,10:49:54,4.57,0.01,8,3656,买盘
474,10:50:00,4.56,-0.01,78,35167,卖盘
475,10:50:24,4.56,0.0,200,91200,买盘
476,10:50:30,4.56,0.0,2,912,买盘
477,10:50:46,4.56,0.0,21,9576,买盘
478,10:50:49,4.56,0.0,10,4560,买盘
479,10:51:04,4.55,-0.01,98,44590,卖盘
480,10:51:12,4.56,0.01,126,57456,买盘
481,10:51:16,4.56,0.0,5,2280,买盘
482,10:51:27,4.56,0.0,8,4049,买盘
483,10:51:39,4.56,0.0,20,9120,卖盘
484,10:51:51,4.56,0.0,10,4560,卖盘
485,10:51:57,4.56,0.0,52,23311,卖盘
486,10:52:16,4.56,0.0,4,1824,买盘
487,10:52:19,4.56,0.0,10,4560,买盘
488,10:52:24,4.56,0.0,7,3192,买盘
489,10:52:36,4.56,0.0,21,9576,买盘
490,10:52:52,4.56,0.0,12,5472,买盘
491,10:52:55,4.55,-0.01,90,40950,卖盘
492,10:52:58,4.56,0.01,308,140849,买盘
493,10:53:06,4.56,0.0,30,13279,卖盘
494,10:53:12,4.56,0.0,35,15960,买盘
495,10:53:15,4.56,0.0,29,13224,买盘
496,10:53:36,4.56,0.0,34,15504,买盘
497,10:54:03,4.56,0.0,129,58726,买盘
498,10:54:27,4.56,0.0,7,3192,卖盘
499,10:54:36,4.56,0.0,4,1824,卖盘
500,10:55:18,4.56,0.0,98,44688,卖盘
501,10:55:33,4.56,0.0,68,30607,卖盘
502,10:55:42,4.56,0.0,7,3192,买盘
503,10:56:09,4.55,-0.01,11,5015,卖盘
504,10:56:12,4.56,0.01,10,4560,买盘
505,10:56:30,4.56,0.0,23,10488,买盘
506,10:56:48,4.55,-0.01,1,455,卖盘
507,10:57:03,4.55,0.0,1210,550550,卖盘
508,10:57:06,4.55,0.0,22,10010,买盘
509,10:57:12,4.55,0.0,34,15470,买盘
510,10:57:33,4.55,0.0,20,9100,买盘
511,10:57:39,4.55,0.0,30,13650,买盘
512,10:57:43,4.54,-0.01,283,128482,卖盘
513,10:57:51,4.54,0.0,209,94886,卖盘
514,10:57:57,4.54,0.0,171,77634,卖盘
515,10:58:03,4.54,0.0,10,4540,买盘
516,10:58:12,4.54,0.0,61,27694,买盘
517,10:58:16,4.53,-0.01,200,90600,卖盘
518,10:58:18,4.53,0.0,10,4530,卖盘
519,10:58:22,4.54,0.01,134,60836,买盘
520,10:58:24,4.53,-0.01,198,89694,卖盘
521,10:58:27,4.54,0.01,8,3632,买盘
522,10:58:33,4.53,-0.01,4,1812,卖盘
523,10:58:36,4.54,0.01,10,4540,买盘
524,10:58:46,4.54,0.0,100,45400,买盘
525,10:58:49,4.54,0.0,48,21782,买盘
526,10:58:51,4.54,0.0,30,13620,卖盘
527,10:59:04,4.54,0.0,35,15890,卖盘
528,10:59:09,4.54,0.0,8,3632,买盘
529,10:59:12,4.54,0.0,20,9080,买盘
530,10:59:24,4.53,-0.01,82,37146,卖盘
531,10:59:28,4.54,0.01,7,3178,买盘
532,10:59:45,4.53,-0.01,10,4530,卖盘
533,10:59:48,4.54,0.01,21,9534,买盘
534,11:00:00,4.53,-0.01,500,226500,卖盘
535,11:00:04,4.53,0.0,10,4530,中性盘
536,11:00:07,4.53,0.0,5,2265,买盘
537,11:00:12,4.53,0.0,6,2718,买盘
538,11:00:15,4.53,0.0,79,35787,买盘
539,11:00:21,4.53,0.0,14,6342,卖盘
540,11:00:24,4.54,0.01,100,45400,买盘
541,11:00:27,4.53,-0.01,198,89832,卖盘
542,11:00:30,4.54,0.01,154,69916,买盘
543,11:00:33,4.53,-0.01,70,31740,卖盘
544,11:00:39,4.54,0.01,10,4540,卖盘
545,11:01:00,4.54,0.0,8,3632,卖盘
546,11:01:06,4.53,-0.01,60,27233,卖盘
547,11:01:15,4.55,0.02,22,10010,买盘
548,11:01:25,4.55,0.0,10,4550,买盘
549,11:01:42,4.53,-0.02,45,20421,卖盘
550,11:01:45,4.53,0.0,146,66537,卖盘
551,11:01:54,4.54,0.01,5,2270,买盘
552,11:02:00,4.54,0.0,1,454,买盘
553,11:02:37,4.53,-0.01,200,90600,卖盘
554,11:02:54,4.54,0.01,11,4994,买盘
555,11:03:15,4.54,0.0,50,22700,买盘
556,11:03:19,4.53,-0.01,30,13590,卖盘
557,11:03:25,4.54,0.01,2,908,买盘
558,11:03:42,4.53,-0.01,20,9060,卖盘
559,11:03:46,4.54,0.01,5,2270,买盘
560,11:03:54,4.54,0.0,2,908,买盘
561,11:03:57,4.54,0.0,2,908,买盘
562,11:04:09,4.54,0.0,39,17706,买盘
563,11:04:12,4.54,0.0,28,12712,买盘
564,11:04:42,4.54,0.0,2,908,卖盘
565,11:04:45,4.55,0.01,304,138320,买盘
566,11:05:15,4.56,0.01,24,10944,买盘
567,11:05:48,4.56,0.0,100,45600,买盘
568,11:05:51,4.55,-0.01,10,4550,卖盘
569,11:06:00,4.57,0.02,30,13710,买盘
570,11:06:06,4.56,-0.01,13,5928,中性盘
571,11:06:27,4.56,0.0,1,456,中性盘
572,11:06:36,4.56,0.0,15,6840,买盘
573,11:07:06,4.55,-0.01,134,61065,卖盘
574,11:07:39,4.56,0.01,3,1368,中性盘
575,11:08:21,4.57,0.01,3,1371,买盘
576,11:09:37,4.56,-0.01,153,69768,卖盘
577,11:09:39,4.56,0.0,3,1368,买盘
578,11:09:55,4.56,0.0,30,13680,买盘
579,11:09:57,4.56,0.0,2,912,买盘
580,11:10:00,4.56,0.0,65,29640,买盘
581,11:10:04,4.56,0.0,7,3192,买盘
582,11:10:27,4.56,0.0,16,7296,卖盘
583,11:10:51,4.56,0.0,1,456,卖盘
584,11:12:01,4.56,0.0,32,14592,卖盘
585,11:12:45,4.56,0.0,300,136800,卖盘
586,11:12:48,4.57,0.01,20,9140,买盘
587,11:13:28,4.57,0.0,50,22850,买盘
588,11:13:30,4.57,0.0,68,31076,买盘
589,11:13:33,4.58,0.01,1,458,买盘
590,11:14:57,4.58,0.0,30,13740,买盘
591,11:15:06,4.57,-0.01,5,2285,卖盘
592,11:15:18,4.57,0.0,46,21022,卖盘
593,11:15:21,4.57,0.0,52,23764,卖盘
594,11:16:48,4.57,0.0,10,4570,卖盘
595,11:17:57,4.57,0.0,326,148982,卖盘
596,11:18:27,4.57,0.0,40,18280,卖盘
597,11:18:39,4.57,0.0,12,5484,卖盘
598,11:19:24,4.57,0.0,200,91400,卖盘
599,11:20:48,4.58,0.01,19,8702,买盘
600,11:20:57,4.57,-0.01,67,30619,中性盘
601,11:21:00,4.57,0.0,13,5941,买盘
602,11:21:09,4.57,0.0,20,9140,卖盘
603,11:21:12,4.57,0.0,8,3656,买盘
604,11:21:15,4.57,0.0,25,11425,买盘
605,11:21:33,4.57,0.0,10,4570,卖盘
606,11:21:51,4.57,0.0,4,1828,卖盘
607,11:22:12,4.57,0.0,40,18300,卖盘
608,11:22:18,4.58,0.01,139,63662,买盘
609,11:22:21,4.58,0.0,2,916,买盘
610,11:22:36,4.58,0.0,7,3206,买盘
611,11:22:45,4.57,-0.01,40,18280,卖盘
612,11:23:00,4.58,0.01,16,7328,买盘
613,11:23:06,4.57,-0.01,1,457,卖盘
614,11:23:24,4.58,0.01,5,2290,买盘
615,11:24:00,4.58,0.0,79,36182,买盘
616,11:24:04,4.58,0.0,8,3664,买盘
617,11:24:09,4.58,0.0,26,11908,买盘
618,11:24:12,4.58,0.0,10,4580,买盘
619,11:25:00,4.58,0.0,14,6412,买盘
620,11:25:07,4.57,-0.01,10,4570,卖盘
621,11:25:19,4.58,0.01,5,2290,买盘
622,11:25:28,4.57,-0.01,100,45700,卖盘
623,11:26:00,4.58,0.01,10,4580,买盘
624,11:26:10,4.57,-0.01,47,21479,卖盘
625,11:26:30,4.58,0.01,10,4580,买盘
626,11:27:04,4.57,-0.01,25,11425,卖盘
627,11:27:27,4.58,0.01,10,4580,买盘
628,11:28:18,4.57,-0.01,133,60781,卖盘
629,11:28:36,4.58,0.01,3,1374,买盘
630,11:29:27,4.58,0.0,43,19694,买盘
631,11:29:37,4.57,-0.01,20,9140,卖盘
632,11:29:39,4.57,0.0,142,64894,卖盘
633,13:00:01,4.57,0.0,100,45700,卖盘
634,13:00:04,4.58,0.01,289,132362,买盘
635,13:00:07,4.58,0.0,2,916,买盘
636,13:01:48,4.57,-0.01,13,5941,卖盘
637,13:02:36,4.57,0.0,10,4570,卖盘
638,13:02:42,4.57,0.0,136,62152,卖盘
639,13:02:46,4.57,0.0,12,5484,买盘
640,13:02:48,4.57,0.0,10,4570,买盘
641,13:02:51,4.57,0.0,7,3199,买盘
642,13:03:01,4.57,0.0,5,2285,买盘
643,13:04:48,4.57,0.0,155,70835,卖盘
644,13:06:21,4.57,0.0,63,28791,买盘
645,13:06:36,4.57,0.0,18,8226,买盘
646,13:08:01,4.57,0.0,5,2285,卖盘
647,13:08:18,4.57,0.0,152,69464,卖盘
648,13:08:42,4.57,0.0,16,7312,买盘
649,13:08:45,4.57,0.0,1,457,买盘
650,13:08:48,4.57,0.0,1,457,买盘
651,13:08:51,4.57,0.0,1,457,买盘
652,13:09:06,4.57,0.0,44,20108,买盘
653,13:09:42,4.57,0.0,2,914,买盘
654,13:09:45,4.57,0.0,4,1828,买盘
655,13:09:48,4.57,0.0,1,457,买盘
656,13:09:57,4.57,0.0,1,457,买盘
657,13:10:06,4.57,0.0,4,1828,买盘
658,13:10:51,4.57,0.0,9,4113,买盘
659,13:10:57,4.57,0.0,9,4113,买盘
660,13:11:18,4.56,-0.01,25,11408,卖盘
661,13:12:27,4.58,0.02,100,45800,买盘
662,13:12:39,4.57,-0.01,30,13710,卖盘
663,13:13:01,4.57,0.0,9,4113,卖盘
664,13:14:00,4.57,0.0,5,2285,买盘
665,13:14:30,4.57,0.0,16,7312,买盘
666,13:14:36,4.56,-0.01,421,191976,卖盘
667,13:15:45,4.55,-0.01,10,4550,卖盘
668,13:16:06,4.55,0.0,15,6825,卖盘
669,13:16:21,4.55,0.0,6,2730,卖盘
670,13:16:54,4.55,0.0,5,2275,卖盘
671,13:17:24,4.56,0.01,12,5472,买盘
672,13:17:27,4.55,-0.01,20,9100,卖盘
673,13:17:45,4.56,0.01,10,4560,买盘
674,13:18:09,4.55,-0.01,210,95550,卖盘
675,13:18:24,4.56,0.01,11,5016,买盘
676,13:18:33,4.56,0.0,40,18240,买盘
677,13:18:57,4.56,0.0,30,13680,买盘
678,13:19:27,4.56,0.0,10,4560,卖盘
679,13:19:39,4.56,0.0,51,23256,卖盘
680,13:19:54,4.56,0.0,46,20976,买盘
681,13:19:57,4.56,0.0,48,21888,买盘
682,13:20:24,4.57,0.01,431,196967,买盘
683,13:20:54,4.57,0.0,20,9140,卖盘
684,13:21:15,4.57,0.0,50,22850,卖盘
685,13:21:48,4.58,0.01,27,12366,买盘
686,13:21:57,4.58,0.0,13,5954,买盘
687,13:22:00,4.58,0.0,415,190070,买盘
688,13:22:39,4.58,0.0,23,10534,卖盘
689,13:22:54,4.57,-0.01,26,11882,卖盘
690,13:22:57,4.57,0.0,112,51184,卖盘
691,13:23:09,4.57,0.0,41,18737,买盘
692,13:23:34,4.58,0.01,124,56792,买盘
693,13:24:27,4.58,0.0,10,4580,买盘
694,13:24:39,4.58,0.0,53,24274,买盘
695,13:25:12,4.58,0.0,74,33892,买盘
696,13:25:39,4.58,0.0,35,16030,卖盘
697,13:26:31,4.58,0.0,100,45800,卖盘
698,13:27:00,4.58,0.0,338,154804,卖盘
699,13:27:45,4.58,0.0,10,4580,买盘
700,13:28:04,4.58,0.0,27,12366,买盘
701,13:28:39,4.58,0.0,39,17862,卖盘
702,13:29:09,4.58,0.0,141,64578,卖盘
703,13:29:18,4.58,0.0,35,16030,买盘
704,13:29:30,4.58,0.0,17,7786,买盘
705,13:29:43,4.58,0.0,67,30686,买盘
706,13:29:54,4.58,0.0,22,10076,卖盘
707,13:30:03,4.59,0.01,130,59670,买盘
708,13:30:09,4.59,0.0,15,6885,买盘
709,13:30:58,4.59,0.0,12,5508,买盘
710,13:31:18,4.59,0.0,255,117045,买盘
711,13:31:21,4.59,0.0,50,22950,买盘
712,13:31:27,4.59,0.0,20,9180,买盘
713,13:31:54,4.58,-0.01,331,151598,卖盘
714,13:33:06,4.58,0.0,110,50380,卖盘
715,13:33:34,4.58,0.0,4,1832,卖盘
716,13:34:06,4.58,0.0,136,62288,卖盘
717,13:34:15,4.57,-0.01,28,12796,卖盘
718,13:35:00,4.57,0.0,40,18280,卖盘
719,13:35:09,4.58,0.01,10,4580,买盘
720,13:35:24,4.58,0.0,12,5496,买盘
721,13:36:00,4.57,-0.01,47,21479,卖盘
722,13:36:24,4.58,0.01,214,98012,买盘
723,13:36:39,4.58,0.0,181,82898,卖盘
724,13:36:48,4.58,0.0,44,20152,买盘
725,13:37:12,4.58,0.0,10,4580,卖盘
726,13:37:33,4.58,0.0,383,175414,卖盘
727,13:38:09,4.58,0.0,8,3664,买盘
728,13:38:45,4.58,0.0,1,458,买盘
729,13:38:51,4.57,-0.01,3,1371,卖盘
730,13:39:21,4.57,0.0,50,22850,卖盘
731,13:39:37,4.57,0.0,66,30162,卖盘
732,13:39:51,4.58,0.01,53,24274,买盘
733,13:40:42,4.57,-0.01,1,457,卖盘
734,13:40:45,4.58,0.01,5,2290,买盘
735,13:40:54,4.57,-0.01,27,12346,卖盘
736,13:41:09,4.57,0.0,28,12796,卖盘
737,13:41:24,4.57,0.0,223,101911,卖盘
738,13:41:33,4.57,0.0,14,6398,卖盘
739,13:41:54,4.57,0.0,19,8683,中性盘
740,13:42:24,4.57,0.0,30,13710,买盘
741,13:43:03,4.57,0.0,4,1828,卖盘
742,13:43:27,4.57,0.0,14,6398,卖盘
743,13:43:58,4.58,0.01,431,197398,买盘
744,13:44:33,4.58,0.0,6,2748,买盘
745,13:45:12,4.58,0.0,8,3664,买盘
746,13:45:22,4.58,0.0,54,24732,买盘
747,13:45:27,4.58,0.0,10,4580,买盘
748,13:45:36,4.57,-0.01,9,4113,卖盘
749,13:46:00,4.58,0.01,154,70532,买盘
750,13:46:07,4.58,0.0,13,5954,卖盘
751,13:46:33,4.58,0.0,53,24274,买盘
752,13:48:39,4.57,-0.01,4,1828,卖盘
753,13:49:06,4.58,0.01,55,25190,买盘
754,13:49:16,4.58,0.0,20,9160,买盘
755,13:50:06,4.58,0.0,144,65952,买盘
756,13:50:10,4.58,0.0,2,916,买盘
757,13:50:33,4.58,0.0,52,23816,买盘
758,13:50:36,4.59,0.01,122,55881,买盘
759,13:51:01,4.58,-0.01,33,15114,卖盘
760,13:51:15,4.58,0.0,100,45800,买盘
761,13:51:21,4.58,0.0,261,119538,买盘
762,13:51:52,4.58,0.0,10,4580,卖盘
763,13:51:57,4.59,0.01,6,2754,买盘
764,13:52:19,4.59,0.0,10,4590,买盘
765,13:53:19,4.59,0.0,10,4590,买盘
766,13:53:30,4.59,0.0,68,31212,买盘
767,13:54:33,4.59,0.0,30,13770,买盘
768,13:55:09,4.58,-0.01,20,9160,卖盘
769,13:55:12,4.58,0.0,36,16488,卖盘
770,13:55:24,4.58,0.0,104,47632,卖盘
771,13:55:27,4.59,0.01,37,16983,买盘
772,13:55:33,4.58,-0.01,1,458,买盘
773,13:56:09,4.58,0.0,27,12366,买盘
774,13:56:15,4.58,0.0,87,39846,买盘
775,13:56:30,4.58,0.0,99,45342,卖盘
776,13:56:33,4.58,0.0,1,458,买盘
777,13:56:36,4.58,0.0,10,4580,卖盘
778,13:56:51,4.59,0.01,19,8721,买盘
779,13:57:42,4.58,-0.01,13,5954,卖盘
780,13:57:45,4.58,0.0,115,52670,卖盘
781,13:57:57,4.58,0.0,20,9160,卖盘
782,13:58:15,4.58,0.0,26,11908,卖盘
783,13:58:18,4.58,0.0,1,458,买盘
784,13:58:21,4.58,0.0,1,458,买盘
785,13:58:24,4.58,0.0,1,458,买盘
786,13:59:00,4.58,0.0,30,13740,买盘
787,13:59:03,4.58,0.0,10,4580,买盘
788,14:00:45,4.57,-0.01,21,9617,卖盘
789,14:00:54,4.57,0.0,2,914,卖盘
790,14:01:42,4.57,0.0,116,53012,卖盘
791,14:02:39,4.56,-0.01,262,119472,卖盘
792,14:02:57,4.56,0.0,10,4560,卖盘
793,14:03:04,4.56,0.0,31,14136,卖盘
794,14:03:15,4.56,0.0,91,41496,卖盘
795,14:03:18,4.56,0.0,1,456,买盘
796,14:03:21,4.56,0.0,8,3648,买盘
797,14:03:24,4.56,0.0,4,1824,卖盘
798,14:03:28,4.56,0.0,30,13680,买盘
799,14:04:24,4.57,0.01,10,4570,买盘
800,14:04:51,4.56,-0.01,88,40128,卖盘
801,14:05:30,4.56,0.0,34,15504,买盘
802,14:06:06,4.55,-0.01,30,13650,卖盘
803,14:06:09,4.55,0.0,84,38220,卖盘
804,14:06:12,4.55,0.0,44,20020,卖盘
805,14:06:43,4.56,0.01,5,2280,买盘
806,14:07:00,4.55,-0.01,20,9100,卖盘
807,14:07:03,4.56,0.01,10,4560,买盘
808,14:07:15,4.55,-0.01,70,31850,卖盘
809,14:08:24,4.55,0.0,81,36855,卖盘
810,14:09:04,4.56,0.01,1,456,买盘
811,14:09:06,4.55,-0.01,27,12285,卖盘
812,14:09:33,4.56,0.01,374,170544,买盘
813,14:09:54,4.57,0.01,20,9140,买盘
814,14:10:16,4.56,-0.01,22,10032,卖盘
815,14:10:45,4.56,0.0,10,4560,卖盘
816,14:11:57,4.56,0.0,6,2736,卖盘
817,14:12:09,4.57,0.01,1,457,买盘
818,14:12:45,4.57,0.0,1,457,买盘
819,14:13:01,4.57,0.0,342,156294,买盘
820,14:13:18,4.57,0.0,119,54383,买盘
821,14:13:39,4.56,-0.01,123,56202,卖盘
822,14:13:49,4.56,0.0,10,4560,卖盘
823,14:14:39,4.57,0.01,1,457,卖盘
824,14:14:58,4.58,0.01,17,7786,买盘
825,14:15:36,4.58,0.0,20,9160,买盘
826,14:15:54,4.58,0.0,5,2290,买盘
827,14:16:34,4.58,0.0,18,8244,买盘
828,14:16:46,4.58,0.0,5,2290,买盘
829,14:18:51,4.57,-0.01,20,9140,卖盘
830,14:18:54,4.57,0.0,65,29705,卖盘
831,14:19:18,4.56,-0.01,1,456,卖盘
832,14:19:24,4.57,0.01,13,5941,买盘
833,14:19:42,4.56,-0.01,30,13680,卖盘
834,14:19:51,4.57,0.01,5,2285,买盘
835,14:20:09,4.57,0.0,170,77690,买盘
836,14:20:21,4.56,-0.01,40,18240,卖盘
837,14:20:27,4.57,0.01,22,10054,买盘
838,14:21:39,4.56,-0.01,2,912,卖盘
839,14:21:51,4.56,0.0,82,37392,卖盘
840,14:22:22,4.56,0.0,20,9120,卖盘
841,14:22:36,4.57,0.01,85,38820,买盘
842,14:22:45,4.57,0.0,5,2285,买盘
843,14:23:00,4.56,-0.01,1,456,卖盘
844,14:23:03,4.56,0.0,46,20976,卖盘
845,14:23:36,4.56,0.0,135,61560,卖盘
846,14:23:39,4.56,0.0,86,39216,卖盘
847,14:24:06,4.56,0.0,10,4560,买盘
848,14:25:18,4.56,0.0,20,9120,买盘
849,14:25:21,4.56,0.0,13,5928,买盘
850,14:26:06,4.56,0.0,212,96672,买盘
851,14:26:42,4.56,0.0,1,456,卖盘
852,14:27:00,4.56,0.0,26,11856,卖盘
853,14:27:06,4.57,0.01,236,107852,买盘
854,14:27:09,4.57,0.0,1,457,卖盘
855,14:27:24,4.57,0.0,5,2285,卖盘
856,14:28:07,4.57,0.0,57,26049,买盘
857,14:28:18,4.57,0.0,9,4113,卖盘
858,14:28:25,4.57,0.0,6,2742,卖盘
859,14:28:33,4.57,0.0,13,5941,买盘
860,14:29:33,4.57,0.0,28,12796,卖盘
861,14:29:54,4.59,0.02,883,404880,买盘
862,14:29:57,4.57,-0.02,14,6398,买盘
863,14:30:00,4.57,0.0,1,457,买盘
864,14:30:04,4.57,0.0,1,457,买盘
865,14:30:06,4.57,0.0,10,4570,买盘
866,14:30:09,4.57,0.0,31,14167,买盘
867,14:30:16,4.57,0.0,27,12339,卖盘
868,14:31:15,4.57,0.0,50,22850,买盘
869,14:31:18,4.57,0.0,20,9140,买盘
870,14:32:18,4.58,0.01,10,4580,买盘
871,14:32:42,4.57,-0.01,100,45700,卖盘
872,14:32:51,4.57,0.0,140,63980,卖盘
873,14:33:00,4.57,0.0,11,5027,买盘
874,14:33:12,4.57,0.0,56,25592,买盘
875,14:33:33,4.57,0.0,35,15995,卖盘
876,14:33:36,4.57,0.0,5,2285,买盘
877,14:33:54,4.57,0.0,2,914,卖盘
878,14:33:57,4.57,0.0,11,5027,买盘
879,14:34:00,4.57,0.0,2,914,买盘
880,14:35:04,4.56,-0.01,50,22800,卖盘
881,14:35:45,4.56,0.0,18,8208,卖盘
882,14:35:57,4.56,0.0,20,9120,卖盘
883,14:36:00,4.56,0.0,15,6840,卖盘
884,14:36:04,4.56,0.0,77,35112,卖盘
885,14:36:42,4.56,0.0,21,9576,卖盘
886,14:37:01,4.56,0.0,23,10488,卖盘
887,14:37:06,4.56,0.0,20,9120,卖盘
888,14:37:09,4.56,0.0,79,36024,卖盘
889,14:37:18,4.56,0.0,14,6384,卖盘
890,14:37:42,4.57,0.01,100,45700,买盘
891,14:38:03,4.57,0.0,17,7769,买盘
892,14:38:09,4.56,-0.01,73,33288,卖盘
893,14:38:12,4.57,0.01,2,914,买盘
894,14:38:15,4.57,0.0,667,304819,买盘
895,14:39:06,4.57,0.0,100,45700,卖盘
896,14:39:09,4.57,0.0,12,5484,卖盘
897,14:39:24,4.57,0.0,20,9140,卖盘
898,14:39:33,4.57,0.0,100,45700,卖盘
899,14:40:09,4.57,0.0,10,4570,买盘
900,14:40:15,4.57,0.0,60,27420,买盘
901,14:40:39,4.58,0.01,3,1372,买盘
902,14:40:48,4.58,0.0,27,12366,买盘
903,14:41:06,4.58,0.0,2,916,买盘
904,14:41:18,4.58,0.0,2,916,买盘
905,14:41:51,4.58,0.0,41,18778,买盘
906,14:41:57,4.58,0.0,10,4580,买盘
907,14:42:07,4.58,0.0,5,2290,买盘
908,14:42:39,4.58,0.0,1,458,买盘
909,14:43:09,4.58,0.0,30,13740,买盘
910,14:43:15,4.57,-0.01,20,9140,卖盘
911,14:43:24,4.58,0.01,20,9160,买盘
912,14:43:42,4.57,-0.01,1,457,卖盘
913,14:43:54,4.58,0.01,35,16005,买盘
914,14:44:04,4.58,0.0,4,1832,买盘
915,14:44:09,4.57,-0.01,5,2285,卖盘
916,14:44:46,4.57,0.0,63,28791,卖盘
917,14:44:54,4.57,0.0,3,1371,卖盘
918,14:45:06,4.57,0.0,270,123390,卖盘
919,14:45:10,4.57,0.0,2,914,卖盘
920,14:45:13,4.57,0.0,23,10515,卖盘
921,14:45:42,4.58,0.01,7,3206,买盘
922,14:45:49,4.58,0.0,2,916,买盘
923,14:45:57,4.58,0.0,5,2290,买盘
924,14:46:04,4.58,0.0,20,9160,买盘
925,14:46:07,4.58,0.0,80,36640,买盘
926,14:46:10,4.57,-0.01,2,914,卖盘
927,14:46:13,4.58,0.01,3,1374,买盘
928,14:46:42,4.58,0.0,2,916,买盘
929,14:46:51,4.58,0.0,30,13740,买盘
930,14:47:10,4.58,0.0,5,2290,买盘
931,14:47:12,4.57,-0.01,2,914,卖盘
932,14:47:15,4.57,0.0,4,1828,卖盘
933,14:47:18,4.58,0.01,3,1374,买盘
934,14:47:34,4.57,-0.01,5,2285,卖盘
935,14:47:46,4.57,0.0,88,40216,卖盘
936,14:48:12,4.57,0.0,2,914,卖盘
937,14:48:15,4.57,0.0,16,7312,卖盘
938,14:48:24,4.58,0.01,40,18318,买盘
939,14:48:31,4.58,0.0,10,4580,买盘
940,14:48:40,4.57,-0.01,2,914,卖盘
941,14:49:15,4.57,0.0,2,914,卖盘
942,14:49:24,4.57,0.0,110,50270,卖盘
943,14:49:30,4.57,0.0,19,8683,卖盘
944,14:49:33,4.57,0.0,76,34732,卖盘
945,14:49:42,4.57,0.0,326,148982,卖盘
946,14:49:46,4.57,0.0,72,32904,卖盘
947,14:49:52,4.57,0.0,100,45700,卖盘
948,14:49:58,4.57,0.0,23,10511,卖盘
949,14:50:04,4.57,0.0,2,914,卖盘
950,14:50:12,4.58,0.01,8,3664,买盘
951,14:50:18,4.58,0.0,31,14198,买盘
952,14:50:25,4.57,-0.01,11,5027,卖盘
953,14:50:28,4.57,0.0,287,131159,卖盘
954,14:50:31,4.56,-0.01,39,17784,卖盘
955,14:50:34,4.56,0.0,2,912,卖盘
956,14:50:43,4.58,0.02,1,458,买盘
957,14:50:46,4.56,-0.02,40,18240,卖盘
958,14:50:54,4.57,0.01,3,1371,买盘
959,14:51:04,4.56,-0.01,2,912,卖盘
960,14:51:13,4.56,0.0,9,4104,卖盘
961,14:51:31,4.57,0.01,2,914,买盘
962,14:51:34,4.56,-0.01,2,912,卖盘
963,14:51:48,4.56,0.0,39,17784,卖盘
964,14:51:55,4.57,0.01,10,4570,买盘
965,14:52:00,4.57,0.0,4,1828,买盘
966,14:52:04,4.57,0.0,8,3656,买盘
967,14:52:19,4.57,0.0,5,2285,买盘
968,14:52:22,4.57,0.0,10,4570,买盘
969,14:52:27,4.57,0.0,4,1828,买盘
970,14:52:33,4.57,0.0,20,9140,买盘
971,14:52:46,4.56,-0.01,50,22800,卖盘
972,14:52:49,4.56,0.0,43,19608,卖盘
973,14:52:55,4.56,0.0,597,272232,卖盘
974,14:53:04,4.57,0.01,4,1828,买盘
975,14:53:10,4.56,-0.01,90,41040,卖盘
976,14:53:12,4.56,0.0,212,96672,卖盘
977,14:53:16,4.56,0.0,7,3192,买盘
978,14:53:28,4.57,0.01,11,5027,买盘
979,14:53:31,4.56,-0.01,69,31464,卖盘
980,14:53:34,4.56,0.0,176,80256,卖盘
981,14:53:40,4.57,0.01,1,457,买盘
982,14:53:42,4.55,-0.02,1000,455000,卖盘
983,14:53:52,4.54,-0.01,605,274993,卖盘
984,14:54:01,4.56,0.02,21,9576,卖盘
985,14:54:04,4.56,0.0,9,4104,卖盘
986,14:54:07,4.54,-0.02,76,34530,卖盘
987,14:54:13,4.56,0.02,9,4104,中性盘
988,14:54:16,4.55,-0.01,15,6825,卖盘
989,14:54:22,4.54,-0.01,82,37228,卖盘
990,14:54:28,4.55,0.01,20,9100,卖盘
991,14:54:31,4.54,-0.01,51,23154,卖盘
992,14:54:37,4.54,0.0,355,161170,卖盘
993,14:54:39,4.56,0.02,303,138168,买盘
994,14:54:43,4.56,0.0,10,4560,卖盘
995,14:54:49,4.56,0.0,10,4560,卖盘
996,14:54:55,4.54,-0.02,500,227290,卖盘
997,14:55:10,4.57,0.03,108,49230,买盘
998,14:55:13,4.55,-0.02,43,19565,中性盘
999,14:55:19,4.54,-0.01,119,54026,卖盘
1000,14:55:21,4.55,0.01,8,3640,中性盘
1001,14:55:24,4.55,0.0,7,3185,买盘
1002,14:55:28,4.55,0.0,5,2275,买盘
1003,14:55:31,4.55,0.0,30,13650,买盘
1004,14:55:37,4.55,0.0,1,455,买盘
1005,14:55:40,4.55,0.0,26,11830,买盘
1006,14:55:43,4.55,0.0,180,81900,买盘
1007,14:55:46,4.55,0.0,172,78248,买盘
1008,14:55:49,4.54,-0.01,125,56851,卖盘
1009,14:55:52,4.55,0.01,144,65520,买盘
1010,14:56:07,4.54,-0.01,65,29559,卖盘
1011,14:56:10,4.56,0.02,1,456,买盘
1012,14:56:19,4.56,0.0,4,1824,买盘
1013,14:56:30,4.56,0.0,6,2736,买盘
1014,14:56:42,4.56,0.0,13,5928,买盘
1015,14:56:52,4.55,-0.01,70,31850,卖盘
1016,15:00:04,4.55,0.0,839,381745,卖盘
