,time,price,change,volume,amount,type
0,09:25:04,12.28,0.15,430,528040,卖盘
1,09:30:05,12.27,-0.01,145,177910,卖盘
2,09:30:07,12.27,0.0,198,242821,买盘
3,09:30:10,12.21,-0.06,28,34178,中性盘
4,09:30:13,12.2,-0.01,23,28060,卖盘
5,09:30:16,12.2,0.0,11,13425,卖盘
6,09:30:19,12.1,-0.1,6,7260,卖盘
7,09:30:22,12.19,0.09,13,15847,中性盘
8,09:30:25,12.19,0.0,26,31694,买盘
9,09:30:28,12.12,-0.07,2,2424,中性盘
10,09:30:31,12.12,0.0,3,3636,卖盘
11,09:30:34,12.19,0.07,12,14617,买盘
12,09:30:37,12.13,-0.06,1,1213,卖盘
13,09:30:40,12.18,0.05,8,9743,买盘
14,09:30:43,12.17,-0.01,2,2434,买盘
15,09:30:46,12.17,0.0,45,54765,买盘
16,09:30:49,12.17,0.0,10,12168,买盘
17,09:30:52,12.17,0.0,1,1217,买盘
18,09:30:58,12.16,-0.01,11,13386,卖盘
19,09:31:01,12.16,0.0,1,1216,卖盘
20,09:31:04,12.16,0.0,39,47424,买盘
21,09:31:07,12.14,-0.02,1,1214,卖盘
22,09:31:10,12.15,0.01,6,7290,买盘
23,09:31:13,12.14,-0.01,3,3642,卖盘
24,09:31:16,12.14,0.0,1,1214,卖盘
25,09:31:19,12.14,0.0,1,1214,卖盘
26,09:31:22,12.15,0.01,5,6075,买盘
27,09:31:25,12.14,-0.01,8,9712,卖盘
28,09:31:28,12.14,0.0,6,7284,卖盘
29,09:31:31,12.14,0.0,100,121400,卖盘
30,09:31:34,12.14,0.0,59,71626,买盘
31,09:31:37,12.14,0.0,11,13353,买盘
32,09:31:40,12.13,-0.01,26,31539,卖盘
33,09:31:46,12.13,0.0,52,63076,卖盘
34,09:31:49,12.13,0.0,113,137172,卖盘
35,09:31:52,12.11,-0.02,10,12110,卖盘
36,09:31:58,12.11,0.0,1,1211,卖盘
37,09:32:01,12.13,0.02,5,6061,买盘
38,09:32:04,12.11,-0.02,16,19376,卖盘
39,09:32:07,12.1,-0.01,3,3632,卖盘
40,09:32:10,12.11,0.01,35,42385,买盘
41,09:32:13,12.1,-0.01,13,15730,卖盘
42,09:32:16,12.1,0.0,70,84700,卖盘
43,09:32:19,12.1,0.0,1,1210,卖盘
44,09:32:22,12.1,0.0,104,125840,卖盘
45,09:32:28,12.04,-0.06,1,1649,中性盘
46,09:32:31,12.1,0.06,67,80821,买盘
47,09:32:37,12.09,-0.01,86,103790,买盘
48,09:32:40,12.09,0.0,40,48360,卖盘
49,09:32:43,12.09,0.0,9,10881,卖盘
50,09:32:49,12.09,0.0,86,103974,卖盘
51,09:32:52,12.09,0.0,39,47161,卖盘
52,09:32:58,12.09,0.0,127,153543,买盘
53,09:33:01,12.09,0.0,17,20552,买盘
54,09:33:07,12.08,-0.01,60,72480,买盘
55,09:33:10,12.05,-0.03,3,3615,卖盘
56,09:33:13,12.05,0.0,1,1205,卖盘
57,09:33:16,12.05,0.0,20,24100,卖盘
58,09:33:19,12.05,0.0,5,6025,买盘
59,09:33:22,12.03,-0.02,3,3609,卖盘
60,09:33:25,12.05,0.02,13,15665,买盘
61,09:33:28,12.03,-0.02,30,36090,卖盘
62,09:33:31,12.08,0.05,75,90392,买盘
63,09:33:34,12.03,-0.05,17,20479,卖盘
64,09:33:40,12.03,0.0,22,26464,买盘
65,09:33:43,12.03,0.0,5,6011,买盘
66,09:33:46,12.01,-0.02,83,99716,卖盘
67,09:33:49,12.02,0.01,5,6010,买盘
68,09:33:52,12.01,-0.01,11,13211,卖盘
69,09:33:55,12.01,0.0,3,3603,卖盘
70,09:34:01,12.02,0.01,20,24040,买盘
71,09:34:05,12.01,-0.01,3,3603,卖盘
72,09:34:07,12.02,0.01,22,26444,买盘
73,09:34:13,12.02,0.0,59,70918,买盘
74,09:34:16,12.01,-0.01,44,52853,卖盘
75,09:34:19,12.03,0.02,24,28872,买盘
76,09:34:22,12.01,-0.02,3,3603,卖盘
77,09:34:28,12.01,0.0,33,39634,卖盘
78,09:34:31,12.01,0.0,19,22809,买盘
79,09:34:34,12.01,0.0,32,38430,买盘
80,09:34:37,12.0,-0.01,1,1200,卖盘
81,09:34:40,12.01,0.01,10,12010,买盘
82,09:34:46,12.01,0.0,109,130909,买盘
83,09:34:49,12.01,0.0,14,16814,卖盘
84,09:34:52,12.02,0.01,2,2404,买盘
85,09:34:55,12.01,-0.01,31,37242,卖盘
86,09:35:01,12.02,0.01,18,21636,买盘
87,09:35:04,12.02,0.0,18,21636,买盘
88,09:35:07,12.01,-0.01,13,15616,卖盘
89,09:35:10,12.01,0.0,69,82869,卖盘
90,09:35:13,12.02,0.01,32,38464,买盘
91,09:35:22,12.03,0.01,11,13233,买盘
92,09:35:25,12.02,-0.01,16,19232,卖盘
93,09:35:31,12.08,0.06,20,24160,买盘
94,09:35:43,12.03,-0.05,1,1203,卖盘
95,09:35:49,12.03,0.0,1,1203,卖盘
96,09:35:52,12.03,0.0,76,91428,卖盘
97,09:35:55,12.03,0.0,9,10827,买盘
98,09:35:58,12.02,-0.01,11,13222,卖盘
99,09:36:01,12.02,0.0,82,98572,卖盘
100,09:36:04,12.03,0.01,68,81802,买盘
101,09:36:06,12.02,-0.01,11,13222,卖盘
102,09:36:10,12.02,0.0,38,45676,卖盘
103,09:36:16,12.01,-0.01,3,3603,卖盘
104,09:36:19,12.02,0.01,89,106978,买盘
105,09:36:22,12.02,0.0,10,12020,买盘
106,09:36:28,12.01,-0.01,10,12010,卖盘
107,09:36:31,12.01,0.0,8,9608,卖盘
108,09:36:46,12.02,0.01,34,40868,买盘
109,09:36:49,12.02,0.0,4,4808,买盘
110,09:36:58,12.02,0.0,20,24040,卖盘
111,09:37:01,12.02,0.0,20,24040,买盘
112,09:37:04,12.02,0.0,10,12014,买盘
113,09:37:07,12.02,0.0,63,75726,买盘
114,09:37:19,12.03,0.01,9,10827,买盘
115,09:37:31,12.08,0.05,39,47110,买盘
116,09:37:52,12.04,-0.04,19,22876,卖盘
117,09:38:01,12.07,0.03,10,12070,买盘
118,09:38:04,12.04,-0.03,6,7224,卖盘
119,09:38:07,12.07,0.03,38,45866,买盘
120,09:38:10,12.08,0.01,3,3623,买盘
121,09:38:25,12.07,-0.01,16,19312,卖盘
122,09:38:31,12.07,0.0,4,4828,卖盘
123,09:38:37,12.07,0.0,4,4828,卖盘
124,09:38:40,12.07,0.0,11,13277,卖盘
125,09:38:43,12.08,0.01,34,41072,买盘
126,09:38:46,12.08,0.0,14,16912,卖盘
127,09:38:52,12.07,-0.01,4,4828,卖盘
128,09:38:55,12.07,0.0,5,6035,卖盘
129,09:39:01,12.09,0.02,21,25389,买盘
130,09:39:07,12.09,0.0,10,12090,买盘
131,09:39:19,12.09,0.0,39,47140,买盘
132,09:39:25,12.07,-0.02,25,30195,卖盘
133,09:39:31,12.09,0.02,41,49529,买盘
134,09:39:40,12.05,-0.04,1,1205,卖盘
135,09:39:58,12.09,0.04,178,215149,买盘
136,09:40:05,12.1,0.01,24,29032,买盘
137,09:40:07,12.1,0.0,56,67719,买盘
138,09:40:13,12.1,0.0,44,53240,买盘
139,09:40:16,12.11,0.01,2,2422,买盘
140,09:40:22,12.13,0.02,1,1213,买盘
141,09:40:25,12.13,0.0,1,1213,买盘
142,09:40:28,12.13,0.0,1,1213,买盘
143,09:40:31,12.13,0.0,5,6065,买盘
144,09:40:34,12.13,0.0,2,2426,买盘
145,09:40:37,12.13,0.0,3,3639,买盘
146,09:40:40,12.13,0.0,4,4852,买盘
147,09:40:43,12.13,0.0,24,29112,买盘
148,09:40:52,12.13,0.0,33,40029,卖盘
149,09:40:55,12.13,0.0,10,12130,卖盘
150,09:41:01,12.13,0.0,25,30367,卖盘
151,09:41:07,12.13,0.0,1,1213,卖盘
152,09:41:10,12.13,0.0,47,57011,卖盘
153,09:41:13,12.12,-0.01,10,12120,卖盘
154,09:41:16,12.12,0.0,10,12120,卖盘
155,09:41:19,12.12,0.0,66,80002,卖盘
156,09:41:22,12.12,0.0,23,27876,卖盘
157,09:41:25,12.1,-0.02,112,135520,卖盘
158,09:41:28,12.12,0.02,4,4846,买盘
159,09:41:31,12.11,-0.01,46,55756,卖盘
160,09:41:34,12.12,0.01,16,19377,中性盘
161,09:41:40,12.12,0.0,13,15756,卖盘
162,09:41:43,12.12,0.0,5,6060,买盘
163,09:41:52,12.09,-0.03,33,39897,卖盘
164,09:41:58,12.09,0.0,103,124727,卖盘
165,09:42:04,12.09,0.0,24,29016,卖盘
166,09:42:19,12.09,0.0,13,15717,买盘
167,09:42:22,12.07,-0.02,2,2414,卖盘
168,09:42:28,12.09,0.02,14,16926,买盘
169,09:42:31,12.09,0.0,6,7254,卖盘
170,09:42:34,12.09,0.0,1,1209,卖盘
171,09:42:40,12.1,0.01,13,15730,买盘
172,09:42:52,12.1,0.0,82,99220,卖盘
173,09:42:58,12.1,0.0,5,6050,卖盘
174,09:43:01,12.11,0.01,27,32675,买盘
175,09:43:07,12.09,-0.02,12,14508,卖盘
176,09:43:19,12.09,0.0,19,22982,卖盘
177,09:43:22,12.09,0.0,23,27807,卖盘
178,09:43:25,12.09,0.0,9,10881,卖盘
179,09:43:28,12.07,-0.02,10,12070,卖盘
180,09:43:31,12.09,0.02,50,60428,买盘
181,09:43:34,12.08,-0.01,1,1208,卖盘
182,09:43:37,12.07,-0.01,13,15692,卖盘
183,09:43:43,12.08,0.01,1,1208,买盘
184,09:43:49,12.07,-0.01,10,12070,卖盘
185,09:43:52,12.07,0.0,13,15691,卖盘
186,09:43:55,12.07,0.0,29,35003,卖盘
187,09:43:58,12.07,0.0,10,12070,买盘
188,09:44:01,12.06,-0.01,3,3618,卖盘
189,09:44:07,12.06,0.0,26,31356,卖盘
190,09:44:10,12.07,0.01,10,12070,买盘
191,09:44:16,12.06,-0.01,34,41017,卖盘
192,09:44:19,12.05,-0.01,20,24100,卖盘
193,09:44:22,12.05,0.0,26,31331,卖盘
194,09:44:25,12.05,0.0,3,3615,卖盘
195,09:44:28,12.03,-0.02,20,24098,卖盘
196,09:44:34,12.03,0.0,10,12030,卖盘
197,09:44:37,12.02,-0.01,39,46909,卖盘
198,09:44:46,12.03,0.01,2,2406,买盘
199,09:44:49,12.03,0.0,36,43292,买盘
200,09:44:52,12.02,-0.01,13,15626,卖盘
201,09:44:55,12.02,0.0,17,20444,卖盘
202,09:44:58,12.02,0.0,27,32454,卖盘
203,09:45:01,12.02,0.0,13,15626,买盘
204,09:45:04,12.02,0.0,10,12020,买盘
205,09:45:07,12.01,-0.01,30,36045,卖盘
206,09:45:10,12.02,0.01,1,1202,中性盘
207,09:45:19,12.01,-0.01,109,130953,卖盘
208,09:45:22,12.02,0.01,14,16815,买盘
209,09:45:25,12.01,-0.01,39,46877,卖盘
210,09:45:34,12.01,0.0,26,31250,卖盘
211,09:45:37,12.01,0.0,13,15613,卖盘
212,09:45:52,12.03,0.02,20,24060,买盘
213,09:46:01,12.03,0.0,6,7219,卖盘
214,09:46:04,12.03,0.0,1,1203,卖盘
215,09:46:07,12.03,0.0,13,15639,卖盘
216,09:46:22,12.03,0.0,15,18045,卖盘
217,09:46:25,12.03,0.0,7,8421,卖盘
218,09:46:37,12.03,0.0,13,15639,卖盘
219,09:46:43,12.03,0.0,18,21654,卖盘
220,09:46:52,12.03,0.0,14,16842,卖盘
221,09:46:55,12.04,0.01,5,6020,买盘
222,09:46:58,12.03,-0.01,1,1203,卖盘
223,09:47:01,12.04,0.01,13,15652,买盘
224,09:47:04,12.03,-0.01,2,2406,卖盘
225,09:47:07,12.03,0.0,12,14436,卖盘
226,09:47:13,12.04,0.01,1,1204,买盘
227,09:47:16,12.04,0.0,7,8428,买盘
228,09:47:19,12.05,0.01,17,20475,买盘
229,09:47:22,12.03,-0.02,15,18046,卖盘
230,09:47:25,12.04,0.01,10,12040,中性盘
231,09:47:28,12.05,0.01,10,12042,买盘
232,09:47:34,12.05,0.0,41,49390,买盘
233,09:47:37,12.03,-0.02,12,14438,卖盘
234,09:47:43,12.04,0.01,1,1204,卖盘
235,09:47:52,12.04,0.0,13,15652,卖盘
236,09:47:58,12.06,0.02,4,4824,买盘
237,09:48:04,12.05,-0.01,2,2410,卖盘
238,09:48:07,12.05,0.0,25,30125,卖盘
239,09:48:10,12.05,0.0,10,12050,买盘
240,09:48:12,12.05,0.0,17,20484,买盘
241,09:48:19,12.04,-0.01,22,26488,卖盘
242,09:48:22,12.04,0.0,13,15652,卖盘
243,09:48:25,12.04,0.0,10,12040,卖盘
244,09:48:28,12.04,0.0,30,36120,卖盘
245,09:48:31,12.04,0.0,1,1204,卖盘
246,09:48:34,12.04,0.0,43,51772,卖盘
247,09:48:37,12.04,0.0,13,15652,卖盘
248,09:48:40,12.04,0.0,7,8428,卖盘
249,09:48:46,12.04,0.0,46,55384,卖盘
250,09:48:52,12.03,-0.01,13,15639,卖盘
251,09:48:55,12.01,-0.02,200,240435,卖盘
252,09:48:58,12.01,0.0,29,34829,卖盘
253,09:49:04,12.01,0.0,12,14412,卖盘
254,09:49:07,12.03,0.02,25,30049,买盘
255,09:49:10,12.01,-0.02,53,63653,卖盘
256,09:49:13,12.0,-0.01,412,494422,卖盘
257,09:49:16,12.0,0.0,4,4800,买盘
258,09:49:19,11.98,-0.02,30,35940,卖盘
259,09:49:22,11.96,-0.02,24,28748,卖盘
260,09:49:28,11.96,0.0,11,13156,卖盘
261,09:49:31,11.96,0.0,1,1196,卖盘
262,09:49:37,11.95,-0.01,13,15535,卖盘
263,09:49:43,11.93,-0.02,50,59717,卖盘
264,09:49:46,11.96,0.03,25,29885,买盘
265,09:49:49,11.96,0.0,60,71760,买盘
266,09:49:52,11.93,-0.03,74,88276,卖盘
267,09:49:58,11.96,0.03,40,47728,买盘
268,09:50:01,11.95,-0.01,2,2389,买盘
269,09:50:04,11.94,-0.01,2,2389,卖盘
270,09:50:07,11.93,-0.01,12,14323,卖盘
271,09:50:13,11.96,0.03,87,103998,买盘
272,09:50:16,11.94,-0.02,18,21508,卖盘
273,09:50:22,11.92,-0.02,13,15496,卖盘
274,09:50:28,11.93,0.01,10,11930,卖盘
275,09:50:31,11.94,0.01,3,3582,买盘
276,09:50:34,11.93,-0.01,1,1193,卖盘
277,09:50:37,11.93,0.0,15,17895,卖盘
278,09:50:40,11.94,0.01,3,3582,买盘
279,09:50:49,11.94,0.0,1,1194,买盘
280,09:50:52,11.93,-0.01,39,46527,卖盘
281,09:50:55,11.94,0.01,50,59700,买盘
282,09:50:58,11.93,-0.01,119,141967,卖盘
283,09:51:01,11.94,0.01,5,5970,买盘
284,09:51:04,11.93,-0.01,5,5967,卖盘
285,09:51:07,11.93,0.0,13,15509,卖盘
286,09:51:13,11.94,0.01,107,127758,买盘
287,09:51:16,11.93,-0.01,104,124075,卖盘
288,09:51:19,11.94,0.01,11,13134,中性盘
289,09:51:22,11.93,-0.01,39,46533,卖盘
290,09:51:25,11.93,0.0,12,14316,买盘
291,09:51:28,11.93,0.0,6,7158,买盘
292,09:51:31,11.97,0.04,23,27531,买盘
293,09:51:34,11.97,0.0,3,3591,卖盘
294,09:51:37,11.93,-0.04,12,14328,卖盘
295,09:51:43,11.93,0.0,96,114528,卖盘
296,09:51:46,11.97,0.04,4,4788,买盘
297,09:51:52,11.93,-0.04,71,84704,卖盘
298,09:52:04,11.93,0.0,3,3579,卖盘
299,09:52:07,11.93,0.0,13,15509,卖盘
300,09:52:13,11.94,0.01,6,7164,买盘
301,09:52:16,11.94,0.0,10,11940,买盘
302,09:52:19,11.94,0.0,5,5970,买盘
303,09:52:22,11.93,-0.01,91,108608,卖盘
304,09:52:25,11.94,0.01,2,2388,买盘
305,09:52:31,11.93,-0.01,71,85212,卖盘
306,09:52:34,11.93,0.0,10,11930,卖盘
307,09:52:37,11.93,0.0,17,20291,卖盘
308,09:52:43,11.94,0.01,11,13134,中性盘
309,09:52:52,11.93,-0.01,52,62075,卖盘
310,09:52:55,11.94,0.01,21,25088,买盘
311,09:52:58,11.93,-0.01,1,1193,卖盘
312,09:53:01,11.97,0.04,20,23925,买盘
313,09:53:04,11.94,-0.03,1,1194,卖盘
314,09:53:07,11.93,-0.01,12,14320,卖盘
315,09:53:22,11.94,0.01,7,8362,卖盘
316,09:53:28,11.93,-0.01,16,19088,卖盘
317,09:53:31,11.94,0.01,2,2388,买盘
318,09:53:34,11.94,0.0,17,20294,买盘
319,09:53:37,11.94,0.0,13,15522,卖盘
320,09:53:46,11.94,0.0,8,9552,卖盘
321,09:53:52,11.94,0.0,23,27462,卖盘
322,09:53:58,11.94,0.0,6,7164,卖盘
323,09:54:01,11.94,0.0,1,1194,卖盘
324,09:54:04,11.94,0.0,3,3582,卖盘
325,09:54:07,11.94,0.0,12,14328,卖盘
326,09:54:10,11.94,0.0,4,4776,卖盘
327,09:54:19,11.94,0.0,9,10746,卖盘
328,09:54:22,11.94,0.0,23,27462,卖盘
329,09:54:25,11.93,-0.01,17,20287,卖盘
330,09:54:28,11.93,0.0,217,258380,卖盘
331,09:54:31,11.93,0.0,12,14306,买盘
332,09:54:34,11.92,-0.01,22,26224,卖盘
333,09:54:37,11.92,0.0,18,21456,卖盘
334,09:54:43,11.92,0.0,67,79864,卖盘
335,09:54:46,11.92,0.0,105,125163,卖盘
336,09:54:49,11.91,-0.01,30,35730,卖盘
337,09:54:52,11.91,0.0,12,14292,卖盘
338,09:54:55,11.92,0.01,27,32158,买盘
339,09:54:58,11.91,-0.01,5,5955,卖盘
340,09:55:01,11.92,0.01,5,5960,买盘
341,09:55:04,11.9,-0.02,378,450006,卖盘
342,09:55:13,11.9,0.0,10,11900,买盘
343,09:55:16,11.89,-0.01,7,8323,卖盘
344,09:55:19,11.89,0.0,30,35662,卖盘
345,09:55:21,11.89,0.0,14,16633,买盘
346,09:55:24,11.89,0.0,38,45182,买盘
347,09:55:31,11.88,-0.01,1,1188,卖盘
348,09:55:34,11.88,0.0,6,7128,卖盘
349,09:55:37,11.86,-0.02,35,41556,卖盘
350,09:55:40,11.88,0.02,6,7128,买盘
351,09:55:49,11.86,-0.02,1,1186,卖盘
352,09:55:52,11.85,-0.01,102,121397,卖盘
353,09:56:04,11.85,0.0,5,5928,卖盘
354,09:56:07,11.86,0.01,48,56927,买盘
355,09:56:16,11.88,0.02,1,1188,买盘
356,09:56:19,11.86,-0.02,6,7120,卖盘
357,09:56:21,11.86,0.0,96,114021,卖盘
358,09:56:25,11.92,0.06,146,173264,买盘
359,09:56:28,11.92,0.0,2,2384,卖盘
360,09:56:37,11.87,-0.05,12,14247,卖盘
361,09:56:49,11.88,0.01,20,23760,卖盘
362,09:56:52,11.87,-0.01,19,22560,卖盘
363,09:56:58,11.88,0.01,5,5937,买盘
364,09:57:01,11.88,0.0,38,45144,买盘
365,09:57:04,11.87,-0.01,2,2374,卖盘
366,09:57:10,11.88,0.01,13,15444,卖盘
367,09:57:19,11.91,0.03,1,1191,买盘
368,09:57:22,11.87,-0.04,24,28499,卖盘
369,09:57:28,11.88,0.01,10,11880,买盘
370,09:57:34,11.91,0.03,3,3573,买盘
371,09:57:40,11.91,0.0,12,14292,卖盘
372,09:57:46,11.91,0.0,5,5955,卖盘
373,09:57:52,11.88,-0.03,13,15454,卖盘
374,09:57:55,11.88,0.0,10,11880,卖盘
375,09:57:58,11.91,0.03,10,11908,买盘
376,09:58:01,11.88,-0.03,22,26136,卖盘
377,09:58:06,11.88,0.0,13,15450,卖盘
378,09:58:22,11.91,0.03,10,11910,买盘
379,09:58:25,11.89,-0.02,25,29725,卖盘
380,09:58:34,11.9,0.01,4,4763,卖盘
381,09:58:36,11.9,0.0,14,16662,卖盘
382,09:58:43,11.93,0.03,12,14304,买盘
383,09:58:51,11.9,-0.03,13,15470,卖盘
384,09:58:54,11.9,0.0,12,14280,卖盘
385,09:59:04,11.93,0.03,14,16700,买盘
386,09:59:07,11.9,-0.03,13,15470,卖盘
387,09:59:16,11.9,0.0,9,10710,卖盘
388,09:59:22,11.9,0.0,13,15473,卖盘
389,09:59:25,11.9,0.0,69,82110,卖盘
390,09:59:34,11.93,0.03,61,72634,买盘
391,09:59:37,11.91,-0.02,13,15483,中性盘
392,09:59:52,11.9,-0.01,13,15477,卖盘
393,09:59:58,11.91,0.01,1,1191,买盘
394,10:00:04,11.91,0.0,10,11910,买盘
395,10:00:07,11.9,-0.01,13,15470,卖盘
396,10:00:13,11.91,0.01,6,7146,买盘
397,10:00:25,11.91,0.0,22,26183,买盘
398,10:00:28,11.9,-0.01,76,90440,卖盘
399,10:00:34,11.9,0.0,7,8330,卖盘
400,10:00:37,11.9,0.0,13,15470,卖盘
401,10:00:43,11.9,0.0,5,5950,卖盘
402,10:00:46,11.9,0.0,20,23800,卖盘
403,10:00:52,11.9,0.0,24,28566,卖盘
404,10:00:55,11.9,0.0,181,215390,卖盘
405,10:01:04,11.93,0.03,13,15477,买盘
406,10:01:07,11.89,-0.04,12,14268,卖盘
407,10:01:22,11.89,0.0,13,15457,卖盘
408,10:01:25,11.89,0.0,42,49938,卖盘
409,10:01:31,11.89,0.0,10,11890,卖盘
410,10:01:34,11.93,0.04,21,25005,买盘
411,10:01:37,11.89,-0.04,13,15457,卖盘
412,10:01:52,11.9,0.01,13,15470,卖盘
413,10:01:55,11.9,0.0,23,27357,卖盘
414,10:02:07,11.89,-0.01,15,17838,卖盘
415,10:02:19,11.89,0.0,5,5945,卖盘
416,10:02:22,11.89,0.0,13,15457,卖盘
417,10:02:25,11.89,0.0,10,11890,卖盘
418,10:02:37,11.89,0.0,23,27347,卖盘
419,10:02:46,11.9,0.01,1,1190,买盘
420,10:02:49,11.89,-0.01,9,10701,卖盘
421,10:02:52,11.89,0.0,12,14268,卖盘
422,10:02:55,11.89,0.0,3,3567,卖盘
423,10:03:00,11.89,0.0,4,4756,买盘
424,10:03:10,11.88,-0.01,13,15444,卖盘
425,10:03:25,11.88,0.0,20,23760,卖盘
426,10:03:34,11.88,0.0,20,23760,卖盘
427,10:03:37,11.88,0.0,10,11880,卖盘
428,10:03:40,11.88,0.0,13,15444,卖盘
429,10:03:48,11.89,0.01,43,51123,买盘
430,10:03:55,11.88,-0.01,24,28512,卖盘
431,10:03:58,11.88,0.0,61,72468,卖盘
432,10:04:10,11.88,0.0,16,19008,卖盘
433,10:04:16,11.88,0.0,44,52272,卖盘
434,10:04:19,11.88,0.0,2,2376,卖盘
435,10:04:25,11.88,0.0,100,118740,买盘
436,10:04:28,11.88,0.0,15,17820,买盘
437,10:04:37,11.87,-0.01,11,13057,卖盘
438,10:04:40,11.88,0.01,33,39191,买盘
439,10:04:46,11.88,0.0,10,11880,买盘
440,10:04:52,11.88,0.0,4,4752,买盘
441,10:04:55,11.87,-0.01,50,59350,卖盘
442,10:04:58,11.87,0.0,23,27301,卖盘
443,10:05:09,11.86,-0.01,13,15418,卖盘
444,10:05:16,11.87,0.01,24,28488,买盘
445,10:05:22,11.87,0.0,5,5935,卖盘
446,10:05:25,11.87,0.0,29,34423,卖盘
447,10:05:37,11.88,0.01,24,28512,买盘
448,10:05:40,11.87,-0.01,13,15431,卖盘
449,10:05:52,11.88,0.01,16,19008,买盘
450,10:05:55,11.88,0.0,30,35640,卖盘
451,10:06:07,11.88,0.0,5,5940,卖盘
452,10:06:10,11.87,-0.01,13,15431,卖盘
453,10:06:19,11.88,0.01,15,17815,买盘
454,10:06:22,11.87,-0.01,10,11870,卖盘
455,10:06:25,11.87,0.0,11,13057,卖盘
456,10:06:28,11.87,0.0,13,15431,卖盘
457,10:06:33,11.87,0.0,22,26114,卖盘
458,10:06:40,11.87,0.0,13,15431,卖盘
459,10:06:46,11.87,0.0,10,11870,卖盘
460,10:06:48,11.87,0.0,5,5935,卖盘
461,10:06:52,11.87,0.0,6,7122,买盘
462,10:06:55,11.86,-0.01,12,14232,卖盘
463,10:07:01,11.87,0.01,10,11870,买盘
464,10:07:06,11.87,0.0,15,17805,买盘
465,10:07:10,11.87,0.0,37,43890,买盘
466,10:07:13,11.87,0.0,6,7122,卖盘
467,10:07:21,11.87,0.0,8,9496,卖盘
468,10:07:24,11.88,0.01,49,58167,买盘
469,10:07:27,11.87,-0.01,9,10683,中性盘
470,10:07:34,11.87,0.0,1,1187,卖盘
471,10:07:37,11.87,0.0,34,40358,买盘
472,10:07:40,11.87,0.0,20,23727,买盘
473,10:07:42,11.87,0.0,1,1187,买盘
474,10:07:52,11.88,0.01,14,16623,买盘
475,10:07:55,11.87,-0.01,17,20181,卖盘
476,10:08:01,11.87,0.0,13,15431,买盘
477,10:08:03,11.87,0.0,1,1187,买盘
478,10:08:06,11.86,-0.01,4,4745,卖盘
479,10:08:10,11.86,0.0,13,15418,卖盘
480,10:08:13,11.87,0.01,18,21366,买盘
481,10:08:16,11.87,0.0,4,4748,卖盘
482,10:08:19,11.87,0.0,3,3561,卖盘
483,10:08:22,11.87,0.0,5,5935,卖盘
484,10:08:25,11.87,0.0,17,20171,卖盘
485,10:08:37,11.86,-0.01,20,23730,卖盘
486,10:08:40,11.87,0.01,18,21353,买盘
487,10:08:52,11.88,0.01,5,5940,买盘
488,10:08:55,11.87,-0.01,24,28488,卖盘
489,10:09:04,11.88,0.01,15,17820,买盘
490,10:09:10,11.87,-0.01,13,15431,卖盘
491,10:09:13,11.87,0.0,6,7122,卖盘
492,10:09:25,11.87,0.0,24,28488,卖盘
493,10:09:34,11.87,0.0,43,51077,卖盘
494,10:09:40,11.86,-0.01,13,15422,卖盘
495,10:09:49,11.87,0.01,5,5935,卖盘
496,10:09:52,11.87,0.0,6,7122,卖盘
497,10:09:55,11.87,0.0,12,14244,卖盘
498,10:09:58,11.87,0.0,15,17805,卖盘
499,10:10:04,11.87,0.0,12,14244,卖盘
500,10:10:09,11.87,0.0,13,15431,卖盘
501,10:10:13,11.88,0.01,22,26117,买盘
502,10:10:25,11.88,0.0,28,33251,买盘
503,10:10:28,11.87,-0.01,15,17805,卖盘
504,10:10:31,11.88,0.01,10,11880,买盘
505,10:10:37,11.89,0.01,10,11885,买盘
506,10:10:40,11.87,-0.02,23,27321,卖盘
507,10:10:55,11.87,0.0,12,14249,卖盘
508,10:11:10,11.87,0.0,13,15431,卖盘
509,10:11:13,11.89,0.02,21,24949,买盘
510,10:11:19,11.87,-0.02,4,4748,卖盘
511,10:11:25,11.87,0.0,13,15431,卖盘
512,10:11:28,11.87,0.0,9,10683,卖盘
513,10:11:31,11.87,0.0,1,1187,卖盘
514,10:11:40,11.87,0.0,13,15431,卖盘
515,10:11:54,11.87,0.0,12,14244,卖盘
516,10:11:58,11.87,0.0,7,8309,卖盘
517,10:12:04,11.88,0.01,3,3564,中性盘
518,10:12:07,11.88,0.0,4,4752,卖盘
519,10:12:10,11.87,-0.01,13,15434,卖盘
520,10:12:16,11.88,0.01,20,23760,中性盘
521,10:12:18,11.88,0.0,30,35640,买盘
522,10:12:25,11.88,0.0,43,51071,买盘
523,10:12:28,11.87,-0.01,10,11870,卖盘
524,10:12:31,11.88,0.01,25,29700,买盘
525,10:12:37,11.88,0.0,5,5940,买盘
526,10:12:40,11.87,-0.01,13,15431,卖盘
527,10:12:49,11.87,0.0,5,5935,卖盘
528,10:12:54,11.87,0.0,12,14244,卖盘
529,10:12:57,11.87,0.0,23,27301,卖盘
530,10:13:07,11.88,0.01,5,5940,卖盘
531,10:13:10,11.88,0.0,13,15444,卖盘
532,10:13:13,11.89,0.01,10,11890,买盘
533,10:13:19,11.89,0.0,2,2378,买盘
534,10:13:25,11.89,0.0,23,27324,买盘
535,10:13:27,11.88,-0.01,12,14256,中性盘
536,10:13:31,11.89,0.01,22,26158,买盘
537,10:13:40,11.88,-0.01,12,14265,卖盘
538,10:13:49,11.89,0.01,2,2378,卖盘
539,10:13:55,11.89,0.0,23,27357,卖盘
540,10:13:58,11.89,0.0,13,15457,卖盘
541,10:14:04,11.9,0.01,20,23800,买盘
542,10:14:07,11.9,0.0,28,33312,买盘
543,10:14:09,11.89,-0.01,13,15457,卖盘
544,10:14:19,11.89,0.0,6,7134,卖盘
545,10:14:25,11.88,-0.01,13,15450,卖盘
546,10:14:31,11.89,0.01,18,21402,买盘
547,10:14:40,11.88,-0.01,12,14264,卖盘
548,10:14:55,11.88,0.0,13,15444,卖盘
549,10:14:58,11.88,0.0,9,10696,卖盘
550,10:15:06,11.89,0.01,4,4756,卖盘
551,10:15:10,11.88,-0.01,19,22578,卖盘
552,10:15:18,11.89,0.01,4,4756,卖盘
553,10:15:25,11.88,-0.01,13,15446,卖盘
554,10:15:28,11.9,0.02,15,17841,买盘
555,10:15:40,11.89,-0.01,12,14268,卖盘
556,10:15:46,11.89,0.0,6,7134,卖盘
557,10:15:54,11.88,-0.01,13,15455,卖盘
558,10:16:01,11.88,0.0,1,1188,卖盘
559,10:16:07,11.89,0.01,36,42769,买盘
560,10:16:10,11.88,-0.01,13,15444,卖盘
561,10:16:19,11.89,0.01,7,8323,买盘
562,10:16:25,11.89,0.0,19,22579,卖盘
563,10:16:28,11.89,0.0,5,5945,卖盘
564,10:16:40,11.88,-0.01,13,15444,卖盘
565,10:16:54,11.89,0.01,23,27334,买盘
566,10:16:57,11.88,-0.01,7,8318,卖盘
567,10:17:07,11.89,0.01,87,103443,卖盘
568,10:17:10,11.89,0.0,13,15457,卖盘
569,10:17:13,11.89,0.0,3,3567,卖盘
570,10:17:15,11.9,0.01,20,23800,买盘
571,10:17:19,11.89,-0.01,5,5945,卖盘
572,10:17:25,11.9,0.01,22,26168,买盘
573,10:17:34,11.89,-0.01,68,80852,卖盘
574,10:17:37,11.89,0.0,9,10701,买盘
575,10:17:40,11.88,-0.01,13,15444,卖盘
576,10:17:49,11.88,0.0,6,7128,卖盘
577,10:17:52,11.89,0.01,260,309140,买盘
578,10:17:55,11.88,-0.01,13,15444,卖盘
579,10:17:58,11.88,0.0,89,105732,卖盘
580,10:18:01,11.89,0.01,10,11890,买盘
581,10:18:04,11.89,0.0,20,23780,买盘
582,10:18:09,11.88,-0.01,13,15444,卖盘
583,10:18:25,11.88,0.0,12,14256,卖盘
584,10:18:28,11.88,0.0,76,90290,卖盘
585,10:18:37,11.89,0.01,21,24958,买盘
586,10:18:40,11.88,-0.01,13,15444,卖盘
587,10:18:48,11.88,0.0,4,4752,卖盘
588,10:18:54,11.88,0.0,13,15444,卖盘
589,10:18:58,11.88,0.0,22,26136,卖盘
590,10:19:04,11.88,0.0,2,2376,卖盘
591,10:19:06,11.88,0.0,4,4752,卖盘
592,10:19:09,11.87,-0.01,17,20197,卖盘
593,10:19:24,11.87,0.0,12,14244,卖盘
594,10:19:28,11.87,0.0,11,13057,卖盘
595,10:19:40,11.88,0.01,13,15444,卖盘
596,10:19:52,11.88,0.0,13,15444,卖盘
597,10:19:55,11.88,0.0,13,15444,卖盘
598,10:19:58,11.88,0.0,6,7128,卖盘
599,10:20:07,11.88,0.0,8,9504,卖盘
600,10:20:10,11.88,0.0,12,14256,卖盘
601,10:20:18,11.89,0.01,32,38048,买盘
602,10:20:25,11.88,-0.01,33,39224,卖盘
603,10:20:28,11.88,0.0,15,17820,卖盘
604,10:20:39,11.88,0.0,18,21384,卖盘
605,10:20:55,11.88,0.0,53,62964,卖盘
606,10:20:58,11.88,0.0,12,14256,卖盘
607,10:21:01,11.89,0.01,4,4756,买盘
608,10:21:04,11.87,-0.02,59,70057,卖盘
609,10:21:10,11.87,0.0,12,14244,卖盘
610,10:21:25,11.87,0.0,13,15432,卖盘
611,10:21:28,11.87,0.0,26,30862,卖盘
612,10:21:40,11.87,0.0,13,15431,卖盘
613,10:21:49,11.89,0.02,9,10701,买盘
614,10:21:55,11.87,-0.02,13,15431,卖盘
615,10:21:57,11.87,0.0,10,11870,卖盘
616,10:22:07,11.87,0.0,5,5935,卖盘
617,10:22:10,11.87,0.0,12,14244,卖盘
618,10:22:25,11.87,0.0,13,15431,卖盘
619,10:22:31,11.87,0.0,8,9496,卖盘
620,10:22:40,11.87,0.0,13,15431,卖盘
621,10:22:55,11.87,0.0,13,15431,卖盘
622,10:23:01,11.87,0.0,6,7122,卖盘
623,10:23:07,11.87,0.0,27,32066,卖盘
624,10:23:10,11.87,0.0,12,14244,卖盘
625,10:23:13,11.87,0.0,44,52248,卖盘
626,10:23:22,11.88,0.01,5,5940,买盘
627,10:23:24,11.87,-0.01,13,15431,卖盘
628,10:23:31,11.87,0.0,19,22553,卖盘
629,10:23:37,11.88,0.01,23,27324,买盘
630,10:23:40,11.87,-0.01,16,18995,卖盘
631,10:23:49,11.88,0.01,7,8316,买盘
632,10:23:55,11.88,0.0,13,15444,卖盘
633,10:24:01,11.88,0.0,15,17820,卖盘
634,10:24:07,11.88,0.0,5,5940,卖盘
635,10:24:10,11.88,0.0,12,14256,卖盘
636,10:24:13,11.89,0.01,3,3565,买盘
637,10:24:19,11.88,-0.01,4,4752,卖盘
638,10:24:25,11.88,0.0,13,15444,卖盘
639,10:24:31,11.88,0.0,10,11880,卖盘
640,10:24:40,11.88,0.0,13,15444,卖盘
641,10:24:46,11.88,0.0,1,1188,卖盘
642,10:24:49,11.88,0.0,2,2376,卖盘
643,10:24:51,11.88,0.0,2,2376,卖盘
644,10:24:54,11.87,-0.01,29,34439,卖盘
645,10:25:07,11.87,0.0,9,10683,卖盘
646,10:25:10,11.87,0.0,62,73594,卖盘
647,10:25:16,11.87,0.0,1,1187,卖盘
648,10:25:25,11.87,0.0,13,15431,卖盘
649,10:25:30,11.87,0.0,19,22553,卖盘
650,10:25:40,11.87,0.0,14,16619,卖盘
651,10:25:55,11.87,0.0,13,15431,卖盘
652,10:26:01,11.87,0.0,8,9496,卖盘
653,10:26:04,11.87,0.0,9,10683,卖盘
654,10:26:06,11.87,0.0,7,8309,卖盘
655,10:26:10,11.87,0.0,12,14244,卖盘
656,10:26:16,11.88,0.01,3,3564,买盘
657,10:26:24,11.87,-0.01,13,15431,卖盘
658,10:26:31,11.87,0.0,47,55829,卖盘
659,10:26:40,11.88,0.01,13,15444,卖盘
660,10:26:55,11.87,-0.01,12,14247,卖盘
661,10:27:07,11.88,0.01,8,9500,买盘
662,10:27:10,11.87,-0.01,13,15431,卖盘
663,10:27:19,11.87,0.0,176,208912,卖盘
664,10:27:25,11.87,0.0,17,20179,卖盘
665,10:27:31,11.87,0.0,2,2374,卖盘
666,10:27:39,11.86,-0.01,13,15418,卖盘
667,10:27:43,11.87,0.01,10,11870,买盘
668,10:27:55,11.86,-0.01,12,14232,卖盘
669,10:28:00,11.87,0.01,18,21358,买盘
670,10:28:07,11.86,-0.01,5,5930,卖盘
671,10:28:10,11.86,0.0,13,15418,卖盘
672,10:28:25,11.86,0.0,18,21348,卖盘
673,10:28:30,11.86,0.0,9,10674,卖盘
674,10:28:33,11.87,0.01,10,11870,买盘
675,10:28:40,11.86,-0.01,13,15418,卖盘
676,10:28:46,11.86,0.0,17,20162,卖盘
677,10:28:48,11.86,0.0,8,9488,卖盘
678,10:28:54,11.86,0.0,13,15418,卖盘
679,10:29:01,11.86,0.0,13,15418,卖盘
680,10:29:07,11.87,0.01,30,35605,买盘
681,10:29:10,11.86,-0.01,12,14232,卖盘
682,10:29:15,11.85,-0.01,500,592723,卖盘
683,10:29:18,11.87,0.02,28,33236,买盘
684,10:29:28,11.84,-0.03,46,54476,卖盘
685,10:29:30,11.84,0.0,15,17760,卖盘
686,10:29:36,11.84,0.0,2,2368,卖盘
687,10:29:43,11.83,-0.01,13,15385,卖盘
688,10:29:49,11.83,0.0,1,1183,卖盘
689,10:29:52,11.83,0.0,2,2366,卖盘
690,10:29:58,11.83,0.0,13,15379,卖盘
691,10:30:01,11.82,-0.01,17,20096,卖盘
692,10:30:06,11.83,0.01,49,57957,买盘
693,10:30:13,11.82,-0.01,12,14184,卖盘
694,10:30:16,11.83,0.01,44,52018,买盘
695,10:30:22,11.82,-0.01,2,2364,卖盘
696,10:30:27,11.82,0.0,13,15366,卖盘
697,10:30:31,11.83,0.01,26,30734,买盘
698,10:30:37,11.82,-0.01,1,1182,卖盘
699,10:30:40,11.83,0.01,10,11830,买盘
700,10:30:43,11.83,0.0,16,18915,买盘
701,10:30:49,11.83,0.0,6,7098,买盘
702,10:30:58,11.82,-0.01,16,18912,卖盘
703,10:31:00,11.82,0.0,13,15366,卖盘
704,10:31:04,11.82,0.0,72,85105,卖盘
705,10:31:07,11.83,0.01,16,18928,买盘
706,10:31:13,11.81,-0.02,13,15356,卖盘
707,10:31:16,11.83,0.02,4,4732,买盘
708,10:31:18,11.83,0.0,14,16562,买盘
709,10:31:25,11.82,-0.01,10,11826,卖盘
710,10:31:28,11.81,-0.01,12,14180,卖盘
711,10:31:42,11.82,0.01,13,15366,卖盘
712,10:31:55,11.83,0.01,27,31941,买盘
713,10:31:58,11.86,0.03,23,27218,买盘
714,10:32:01,11.83,-0.03,6,7098,卖盘
715,10:32:06,11.83,0.0,4,4732,卖盘
716,10:32:13,11.83,0.0,13,15385,卖盘
717,10:32:28,11.83,0.0,13,15383,卖盘
718,10:32:43,11.83,0.0,12,14196,卖盘
719,10:32:57,11.83,0.0,13,15379,卖盘
720,10:33:00,11.83,0.0,5,5915,卖盘
721,10:33:07,11.86,0.03,21,24878,买盘
722,10:33:12,11.85,-0.01,13,15405,卖盘
723,10:33:19,11.86,0.01,6,7116,买盘
724,10:33:25,11.86,0.0,2,2372,买盘
725,10:33:28,11.85,-0.01,13,15405,卖盘
726,10:33:37,11.86,0.01,22,26092,买盘
727,10:33:40,11.86,0.0,8,9488,买盘
728,10:33:42,11.85,-0.01,12,14220,卖盘
729,10:33:45,11.86,0.01,1,1186,买盘
730,10:33:57,11.85,-0.01,13,15405,卖盘
731,10:34:00,11.86,0.01,21,24906,买盘
732,10:34:07,11.86,0.0,1,1186,卖盘
733,10:34:13,11.85,-0.01,13,15405,卖盘
734,10:34:16,11.87,0.02,20,23726,买盘
735,10:34:19,11.85,-0.02,30,35550,卖盘
736,10:34:28,11.85,0.0,13,15405,卖盘
737,10:34:39,11.85,0.0,13,15405,卖盘
738,10:34:55,11.85,0.0,2,2370,卖盘
739,10:34:58,11.85,0.0,12,14220,卖盘
740,10:35:07,11.85,0.0,8,9486,卖盘
741,10:35:09,11.89,0.04,21,24937,买盘
742,10:35:13,11.85,-0.04,13,15405,卖盘
743,10:35:22,11.87,0.02,1,1187,卖盘
744,10:35:28,11.85,-0.02,13,15417,卖盘
745,10:35:39,11.89,0.04,24,28528,买盘
746,10:35:43,11.85,-0.04,13,15420,卖盘
747,10:35:58,11.85,0.0,12,14220,卖盘
748,10:36:07,11.85,0.0,4,4740,卖盘
749,10:36:12,11.85,0.0,13,15405,卖盘
750,10:36:22,11.86,0.01,6,7116,中性盘
751,10:36:28,11.85,-0.01,13,15413,卖盘
752,10:36:43,11.85,0.0,13,15405,卖盘
753,10:36:58,11.85,0.0,12,14220,卖盘
754,10:37:06,11.85,0.0,5,5925,卖盘
755,10:37:09,11.89,0.04,20,23775,买盘
756,10:37:13,11.85,-0.04,13,15405,卖盘
757,10:37:28,11.85,0.0,13,15405,卖盘
758,10:37:40,11.89,0.04,29,34479,买盘
759,10:37:42,11.85,-0.04,13,15405,卖盘
760,10:37:58,11.85,0.0,12,14221,卖盘
761,10:38:04,11.85,0.0,53,62805,卖盘
762,10:38:13,11.85,0.0,13,15405,卖盘
763,10:38:16,11.89,0.04,1,1189,买盘
764,10:38:28,11.85,-0.04,13,15410,卖盘
765,10:38:31,11.88,0.03,3,3564,买盘
766,10:38:43,11.85,-0.03,13,15405,卖盘
767,10:38:58,11.85,0.0,13,15406,卖盘
768,10:39:01,11.85,0.0,6,7110,卖盘
769,10:39:04,11.85,0.0,54,63990,卖盘
770,10:39:10,11.84,-0.01,51,60488,卖盘
771,10:39:13,11.84,0.0,5,5920,卖盘
772,10:39:37,11.88,0.04,9,10688,买盘
773,10:39:43,11.88,0.0,3,3564,卖盘
774,10:39:45,11.88,0.0,13,15444,卖盘
775,10:39:58,11.88,0.0,1,1188,买盘
776,10:40:04,11.84,-0.04,54,63946,卖盘
777,10:41:05,11.85,0.01,14,16591,卖盘
778,10:41:07,11.84,-0.01,5,5920,卖盘
779,10:41:16,11.84,0.0,10,11840,卖盘
780,10:41:25,11.85,0.01,66,78210,买盘
781,10:41:40,11.87,0.02,30,35600,买盘
782,10:42:01,11.86,-0.01,1,1186,买盘
783,10:42:04,11.84,-0.02,31,36707,卖盘
784,10:42:07,11.84,0.0,22,26048,中性盘
785,10:43:04,11.84,0.0,31,36704,卖盘
786,10:43:07,11.83,-0.01,23,27231,卖盘
787,10:43:10,11.84,0.01,21,24864,卖盘
788,10:43:19,11.84,0.0,25,29600,买盘
789,10:43:22,11.83,-0.01,13,15379,卖盘
790,10:43:25,11.83,0.0,11,13013,卖盘
791,10:43:40,11.85,0.02,24,28425,买盘
792,10:44:07,11.83,-0.02,54,63882,卖盘
793,10:44:22,11.83,0.0,1,1183,卖盘
794,10:45:04,11.83,0.0,31,36691,卖盘
795,10:45:07,11.83,0.0,27,31941,卖盘
796,10:45:10,11.85,0.02,20,23700,买盘
797,10:45:18,11.83,-0.02,10,11830,卖盘
798,10:45:40,11.86,0.03,29,34389,买盘
799,10:46:06,11.84,-0.02,31,36714,卖盘
800,10:46:13,11.84,0.0,7,8288,买盘
801,10:46:16,11.84,0.0,1,1184,买盘
802,10:46:22,11.84,0.0,1,1184,买盘
803,10:46:31,11.84,0.0,20,23680,买盘
804,10:46:37,11.84,0.0,3,3552,卖盘
805,10:46:49,11.84,0.0,1,1184,买盘
806,10:46:55,11.84,0.0,8,9472,买盘
807,10:46:58,11.84,0.0,6,7104,卖盘
808,10:47:07,11.83,-0.01,53,62699,卖盘
809,10:47:10,11.87,0.04,12,14225,买盘
810,10:47:40,11.88,0.01,16,18998,买盘
811,10:47:52,11.89,0.01,19,22583,买盘
812,10:48:04,11.84,-0.05,31,36725,卖盘
813,10:48:06,11.84,0.0,22,26048,卖盘
814,10:48:37,11.84,0.0,4,4736,卖盘
815,10:49:07,11.84,0.0,54,63936,卖盘
816,10:49:13,11.89,0.05,18,21395,买盘
817,10:49:25,11.88,-0.01,1,1188,中性盘
818,10:49:40,11.89,0.01,20,23780,买盘
819,10:49:43,11.88,-0.01,7,8316,卖盘
820,10:50:07,11.84,-0.04,54,63948,卖盘
821,10:51:07,11.85,0.01,58,68730,卖盘
822,10:51:13,11.87,0.02,12,14244,买盘
823,10:51:40,11.88,0.01,33,39195,买盘
824,10:52:01,11.88,0.0,20,23760,买盘
825,10:52:07,11.86,-0.02,79,93758,卖盘
826,10:52:10,11.9,0.04,10,11876,买盘
827,10:52:13,11.86,-0.04,9,10676,中性盘
828,10:52:25,11.86,0.0,3,3558,卖盘
829,10:52:28,11.86,0.0,19,22534,买盘
830,10:52:30,11.86,0.0,1,1186,中性盘
831,10:52:58,11.9,0.04,10,11899,买盘
832,10:53:07,11.85,-0.05,54,64037,卖盘
833,10:53:16,11.9,0.05,25,29750,买盘
834,10:53:40,11.88,-0.02,2,2376,中性盘
835,10:54:01,11.9,0.02,34,40460,买盘
836,10:54:04,11.9,0.0,95,113050,买盘
837,10:54:07,11.86,-0.04,31,36776,卖盘
838,10:54:10,11.86,0.0,22,26092,卖盘
839,10:54:55,11.87,0.01,6,7122,卖盘
840,10:54:58,11.87,0.0,20,23740,卖盘
841,10:55:10,11.86,-0.01,61,72353,卖盘
842,10:55:13,11.87,0.01,69,81903,买盘
843,10:55:16,11.86,-0.01,1,1186,卖盘
844,10:55:19,11.87,0.01,22,26112,买盘
845,10:55:21,11.87,0.0,31,36797,买盘
846,10:55:25,11.87,0.0,2,2374,买盘
847,10:55:34,11.87,0.0,20,23740,买盘
848,10:55:40,11.88,0.01,14,16625,买盘
849,10:55:46,11.88,0.0,3,3564,卖盘
850,10:55:49,11.88,0.0,14,16632,卖盘
851,10:56:04,11.87,-0.01,20,23740,卖盘
852,10:56:07,11.88,0.01,50,59400,买盘
853,10:56:10,11.86,-0.02,53,62878,卖盘
854,10:57:06,11.86,0.0,4,4747,卖盘
855,10:57:10,11.86,0.0,54,64044,卖盘
856,10:57:13,11.87,0.01,21,24927,买盘
857,10:57:36,11.87,0.0,15,17805,买盘
858,10:57:40,11.88,0.01,24,28510,买盘
859,10:57:48,11.88,0.0,24,28512,买盘
860,10:57:58,11.88,0.0,26,30888,卖盘
861,10:58:10,11.86,-0.02,54,64044,卖盘
862,10:58:13,11.87,0.01,5,5935,买盘
863,10:58:34,11.87,0.0,49,58163,买盘
864,10:58:37,11.87,0.0,10,11870,买盘
865,10:58:40,11.87,0.0,63,74781,买盘
866,10:58:49,11.88,0.01,5,5940,买盘
867,10:58:58,11.87,-0.01,10,11870,卖盘
868,10:59:07,11.87,0.0,7,8309,卖盘
869,10:59:10,11.86,-0.01,54,64095,卖盘
870,10:59:19,11.86,0.0,20,23750,卖盘
871,10:59:33,11.86,0.0,8,9488,卖盘
872,10:59:43,11.89,0.03,17,19737,买盘
873,10:59:52,11.89,0.0,3,4043,卖盘
874,11:00:10,11.87,-0.02,53,62911,卖盘
875,11:00:13,11.89,0.02,5,5945,买盘
876,11:00:16,11.87,-0.02,3,3561,卖盘
877,11:00:34,11.88,0.01,3,3564,卖盘
878,11:00:51,11.88,0.0,10,11880,卖盘
879,11:00:57,11.88,0.0,3,3564,卖盘
880,11:01:04,11.88,0.0,13,15444,卖盘
881,11:01:10,11.87,-0.01,31,36802,卖盘
882,11:01:13,11.87,0.0,23,27301,卖盘
883,11:01:43,11.89,0.02,31,36847,买盘
884,11:01:55,11.89,0.0,2,2378,买盘
885,11:02:09,11.87,-0.02,31,36797,卖盘
886,11:02:13,11.87,0.0,23,27301,卖盘
887,11:02:52,11.87,0.0,5,5935,卖盘
888,11:03:09,11.87,0.0,31,36797,卖盘
889,11:03:13,11.86,-0.01,23,27299,卖盘
890,11:04:09,11.86,0.0,31,36772,卖盘
891,11:04:12,11.86,0.0,23,27278,卖盘
892,11:04:28,11.86,0.0,10,11862,卖盘
893,11:04:49,11.89,0.03,5,5945,买盘
894,11:05:10,11.87,-0.02,30,35610,卖盘
895,11:05:12,11.87,0.0,22,26114,卖盘
896,11:05:31,11.87,0.0,6,7122,卖盘
897,11:05:34,11.89,0.02,2,2378,买盘
898,11:06:10,11.88,-0.01,31,36828,卖盘
899,11:06:13,11.87,-0.01,23,27313,卖盘
900,11:06:30,11.86,-0.01,10,11861,卖盘
901,11:06:37,11.86,0.0,10,11864,卖盘
902,11:06:46,11.88,0.02,2,2376,卖盘
903,11:06:49,11.88,0.0,2,2376,卖盘
904,11:06:51,11.88,0.0,5,5940,卖盘
905,11:06:58,11.87,-0.01,3,3561,卖盘
906,11:07:13,11.86,-0.01,54,64051,卖盘
907,11:07:16,11.89,0.03,15,17831,买盘
908,11:07:43,11.88,-0.01,38,45144,买盘
909,11:08:07,11.86,-0.02,2,2372,卖盘
910,11:08:13,11.86,0.0,54,64044,卖盘
911,11:08:19,11.87,0.01,1,1187,卖盘
912,11:08:24,11.87,0.0,1,1187,卖盘
913,11:08:31,11.87,0.0,8,9496,卖盘
914,11:08:33,11.86,-0.01,14,16604,卖盘
915,11:08:36,11.86,0.0,54,64044,卖盘
916,11:08:39,11.86,0.0,84,99624,卖盘
917,11:08:43,11.86,0.0,47,55742,卖盘
918,11:08:46,11.86,0.0,54,64044,卖盘
919,11:08:48,11.86,0.0,47,55742,卖盘
920,11:08:51,11.86,0.0,44,52184,卖盘
921,11:08:54,11.86,0.0,41,48626,卖盘
922,11:08:57,11.86,0.0,127,150622,卖盘
923,11:09:04,11.85,-0.01,6,7110,卖盘
924,11:09:07,11.85,0.0,6,7110,卖盘
925,11:09:13,11.85,0.0,54,63990,卖盘
926,11:09:15,11.86,0.01,11,13046,买盘
927,11:09:25,11.86,0.0,19,22534,买盘
928,11:09:33,11.88,0.02,56,66524,买盘
929,11:09:43,11.89,0.01,30,35643,买盘
930,11:09:52,11.89,0.0,1,1189,买盘
931,11:10:12,11.85,-0.04,54,63994,卖盘
932,11:10:25,11.86,0.01,1,1186,卖盘
933,11:10:34,11.86,0.0,11,13046,买盘
934,11:11:04,11.86,0.0,10,11860,卖盘
935,11:11:13,11.85,-0.01,53,62834,卖盘
936,11:11:16,11.87,0.02,13,15431,买盘
937,11:11:18,11.85,-0.02,10,11850,卖盘
938,11:11:24,11.85,0.0,5,5925,卖盘
939,11:11:43,11.88,0.03,29,34447,买盘
940,11:11:54,11.88,0.0,2,2376,卖盘
941,11:12:12,11.85,-0.03,54,63990,卖盘
942,11:12:22,11.88,0.03,1,1188,买盘
943,11:13:12,11.85,-0.03,54,63990,卖盘
944,11:13:16,11.88,0.03,12,14253,买盘
945,11:13:19,11.88,0.0,2,2376,卖盘
946,11:13:24,11.88,0.0,6,7128,卖盘
947,11:13:43,11.89,0.01,38,45151,买盘
948,11:13:51,11.85,-0.04,2,2370,卖盘
949,11:14:12,11.85,0.0,31,36735,卖盘
950,11:14:15,11.85,0.0,23,27255,卖盘
951,11:14:46,11.88,0.03,2,2376,买盘
952,11:15:12,11.85,-0.03,53,62805,卖盘
953,11:15:15,11.88,0.03,19,22572,买盘
954,11:15:46,11.89,0.01,21,24962,买盘
955,11:15:52,11.89,0.0,10,11890,买盘
956,11:16:12,11.85,-0.04,31,36735,卖盘
957,11:16:16,11.85,0.0,23,27255,卖盘
958,11:16:39,11.85,0.0,56,66360,卖盘
959,11:16:46,11.85,0.0,13,15410,卖盘
960,11:17:12,11.85,0.0,31,36735,卖盘
961,11:17:15,11.84,-0.01,22,26052,卖盘
962,11:17:45,11.88,0.04,22,26130,买盘
963,11:18:13,11.85,-0.03,37,43887,卖盘
964,11:18:16,11.84,-0.01,23,27235,卖盘
965,11:18:36,11.84,0.0,4,4736,卖盘
966,11:19:12,11.84,0.0,31,36720,卖盘
967,11:19:15,11.84,0.0,23,27232,卖盘
968,11:19:45,11.88,0.04,37,43950,买盘
969,11:19:52,11.84,-0.04,53,62752,卖盘
970,11:20:15,11.84,0.0,54,63982,卖盘
971,11:20:58,11.84,0.0,30,35520,卖盘
972,11:21:07,11.85,0.01,10,11850,买盘
973,11:21:15,11.86,0.01,11,13046,买盘
974,11:21:46,11.87,0.01,22,26100,买盘
975,11:22:45,11.86,-0.01,3,3558,买盘
976,11:22:51,11.86,0.0,5,5930,卖盘
977,11:23:01,11.85,-0.01,21,24076,卖盘
978,11:23:16,11.86,0.01,18,21348,买盘
979,11:23:42,11.86,0.0,38,45068,买盘
980,11:23:49,11.86,0.0,40,47440,买盘
981,11:24:04,11.86,0.0,1,1186,卖盘
982,11:24:06,11.86,0.0,1,1186,买盘
983,11:24:10,11.86,0.0,3,3558,买盘
984,11:24:27,11.86,0.0,3,3558,买盘
985,11:24:58,11.85,-0.01,2,2370,卖盘
986,11:25:07,11.86,0.01,7,8302,买盘
987,11:25:16,11.87,0.01,21,24927,买盘
988,11:25:42,11.88,0.01,34,40360,买盘
989,11:25:52,11.89,0.01,87,104146,买盘
990,11:25:58,11.89,0.0,11,12366,卖盘
991,11:26:04,11.89,0.0,10,11890,买盘
992,11:26:07,11.9,0.01,126,150643,买盘
993,11:26:16,11.9,0.0,54,64260,卖盘
994,11:26:42,11.91,0.01,5,5955,卖盘
995,11:27:13,11.92,0.01,5,5960,买盘
996,11:27:16,11.92,0.0,61,72607,买盘
997,11:27:34,11.93,0.01,14,16702,买盘
998,11:27:39,11.93,0.0,6,7158,买盘
999,11:27:46,11.96,0.03,12,14352,买盘
1000,11:27:54,11.99,0.03,11,13185,买盘
1001,11:27:57,11.99,0.0,15,17984,买盘
1002,11:28:07,11.99,0.0,2,2398,卖盘
1003,11:28:16,11.93,-0.06,56,66825,卖盘
1004,11:28:30,11.97,0.04,19,22732,买盘
1005,11:28:39,11.97,0.0,1,1197,卖盘
1006,11:28:43,11.95,-0.02,1,1195,卖盘
1007,11:28:55,11.97,0.02,5,5985,买盘
1008,11:29:12,11.95,-0.02,21,25095,卖盘
1009,11:29:15,11.95,0.0,71,84864,卖盘
1010,11:29:22,11.95,0.0,7,8365,卖盘
1011,11:29:28,11.94,-0.01,7,8358,卖盘
1012,11:29:31,11.94,0.0,6,7164,卖盘
1013,11:29:34,11.94,0.0,6,7164,买盘
1014,11:29:46,11.95,0.01,20,23887,买盘
1015,11:29:55,11.95,0.0,17,20328,卖盘
1016,13:00:07,11.95,0.0,14,16730,买盘
1017,13:00:12,11.95,0.0,5,5975,卖盘
1018,13:00:15,11.94,-0.01,38,45401,卖盘
1019,13:00:19,11.94,0.0,23,27462,卖盘
1020,13:00:22,11.94,0.0,8,9552,卖盘
1021,13:00:27,11.96,0.02,4,4784,买盘
1022,13:00:33,11.96,0.0,46,55016,买盘
1023,13:00:39,11.96,0.0,6,7176,买盘
1024,13:00:48,11.96,0.0,3,3588,卖盘
1025,13:00:54,11.97,0.01,21,25137,买盘
1026,13:00:58,11.96,-0.01,3,3588,卖盘
1027,13:01:04,11.96,0.0,3,3588,卖盘
1028,13:01:13,11.97,0.01,10,11970,买盘
1029,13:01:16,11.96,-0.01,31,37076,卖盘
1030,13:01:19,11.94,-0.02,23,27490,卖盘
1031,13:01:28,11.94,0.0,11,13134,卖盘
1032,13:01:31,11.93,-0.01,19,22667,卖盘
1033,13:01:34,11.93,0.0,5,5965,买盘
1034,13:01:37,11.96,0.03,60,71691,买盘
1035,13:01:40,11.93,-0.03,2,2385,中性盘
1036,13:01:42,11.93,0.0,3,3579,卖盘
1037,13:01:45,11.93,0.0,5,5965,卖盘
1038,13:01:48,11.97,0.04,21,25118,买盘
1039,13:02:16,11.9,-0.07,32,38140,卖盘
1040,13:02:19,11.9,0.0,23,27370,卖盘
1041,13:02:34,11.91,0.01,2,2382,卖盘
1042,13:02:45,11.94,0.03,2,2388,买盘
1043,13:02:58,11.94,0.0,8,9552,买盘
1044,13:03:04,11.94,0.0,1,1194,卖盘
1045,13:03:18,11.95,0.01,68,81080,买盘
1046,13:03:45,11.96,0.01,32,38260,买盘
1047,13:04:16,11.95,-0.01,35,41824,买盘
1048,13:04:18,11.95,0.0,24,28680,卖盘
1049,13:04:21,11.95,0.0,2,2390,卖盘
1050,13:04:24,11.95,0.0,5,5975,买盘
1051,13:04:40,11.94,-0.01,2,2388,卖盘
1052,13:04:45,11.94,0.0,28,33432,买盘
1053,13:05:00,11.94,0.0,3,3582,买盘
1054,13:05:07,11.94,0.0,15,17910,买盘
1055,13:05:12,11.91,-0.03,14,16675,卖盘
1056,13:05:19,11.91,0.0,6,7146,买盘
1057,13:05:22,11.91,0.0,10,11910,买盘
1058,13:05:25,11.91,0.0,53,63123,买盘
1059,13:05:28,11.91,0.0,1,1191,买盘
1060,13:05:30,11.91,0.0,11,13101,买盘
1061,13:05:33,11.91,0.0,2,2382,卖盘
1062,13:05:45,11.94,0.03,3,3582,买盘
1063,13:05:48,11.95,0.01,29,34651,买盘
1064,13:05:54,11.95,0.0,1,1195,卖盘
1065,13:06:07,11.96,0.01,18,21528,买盘
1066,13:06:13,11.96,0.0,4,4783,买盘
1067,13:06:15,11.91,-0.05,31,37001,卖盘
1068,13:06:18,11.9,-0.01,23,27370,卖盘
1069,13:06:25,11.96,0.06,4,4784,买盘
1070,13:06:39,11.96,0.0,1,1196,买盘
1071,13:06:46,11.96,0.0,48,57408,买盘
1072,13:06:54,11.93,-0.03,9,10737,卖盘
1073,13:07:06,11.95,0.02,2,2390,买盘
1074,13:07:16,11.93,-0.02,1,1193,卖盘
1075,13:07:19,11.91,-0.02,54,64418,卖盘
1076,13:07:24,11.95,0.04,13,15519,买盘
1077,13:07:46,11.95,0.0,38,45410,买盘
1078,13:07:49,11.95,0.0,60,71700,买盘
1079,13:07:52,11.9,-0.05,88,104727,卖盘
1080,13:07:57,11.92,0.02,27,32255,卖盘
1081,13:08:04,11.92,0.0,6,7152,卖盘
1082,13:08:06,11.96,0.04,59,70528,买盘
1083,13:08:19,11.9,-0.06,54,64338,卖盘
1084,13:08:27,11.94,0.04,36,42984,买盘
1085,13:08:46,11.94,0.0,9,10745,买盘
1086,13:08:55,11.92,-0.02,60,71520,卖盘
1087,13:09:06,11.94,0.02,5,5970,买盘
1088,13:09:19,11.9,-0.04,54,64260,卖盘
1089,13:09:22,11.94,0.04,1,1194,买盘
1090,13:09:28,11.94,0.0,5,5970,买盘
1091,13:09:33,11.91,-0.03,4,4764,卖盘
1092,13:09:39,11.91,0.0,30,35730,卖盘
1093,13:09:46,11.91,0.0,7,8337,买盘
1094,13:09:49,11.93,0.02,36,42886,买盘
1095,13:09:52,11.9,-0.03,66,78548,卖盘
1096,13:10:13,11.9,0.0,11,13090,卖盘
1097,13:10:19,11.9,0.0,57,67833,卖盘
1098,13:10:24,11.9,0.0,1,1190,卖盘
1099,13:10:43,11.9,0.0,6,7140,卖盘
1100,13:11:10,11.9,0.0,4,4761,卖盘
1101,13:11:18,11.9,0.0,31,36890,卖盘
1102,13:11:21,11.91,0.01,33,39280,买盘
1103,13:11:25,11.9,-0.01,13,15470,卖盘
1104,13:11:49,11.91,0.01,28,33348,买盘
1105,13:12:12,11.9,-0.01,3,3570,卖盘
1106,13:12:16,11.91,0.01,1,1191,买盘
1107,13:12:19,11.9,-0.01,31,36890,卖盘
1108,13:12:22,11.9,0.0,23,27370,卖盘
1109,13:12:40,11.91,0.01,2,2382,买盘
1110,13:12:43,11.91,0.0,3,3573,买盘
1111,13:12:57,11.9,-0.01,7,8330,卖盘
1112,13:13:04,11.9,0.0,5,5950,卖盘
1113,13:13:12,11.91,0.01,39,46424,买盘
1114,13:13:19,11.91,0.0,11,13101,买盘
1115,13:13:42,11.91,0.0,2,2382,买盘
1116,13:13:45,11.91,0.0,35,41685,买盘
1117,13:13:52,11.91,0.0,18,21435,买盘
1118,13:14:19,11.9,-0.01,31,36890,卖盘
1119,13:14:22,11.88,-0.02,53,63028,卖盘
1120,13:14:40,11.86,-0.02,2,2372,卖盘
1121,13:15:01,11.87,0.01,2,2374,买盘
1122,13:15:04,11.86,-0.01,1,1186,卖盘
1123,13:15:07,11.87,0.01,1,1187,买盘
1124,13:15:19,11.88,0.01,17,20184,买盘
1125,13:15:25,11.87,-0.01,1,1187,卖盘
1126,13:15:34,11.87,0.0,1,1187,卖盘
1127,13:15:40,11.86,-0.01,3,3558,卖盘
1128,13:15:49,11.87,0.01,45,53415,买盘
1129,13:16:07,11.87,0.0,10,11870,买盘
1130,13:16:18,11.86,-0.01,32,37952,卖盘
1131,13:16:21,11.87,0.01,23,27279,买盘
1132,13:16:34,11.87,0.0,53,62911,买盘
1133,13:16:39,11.86,-0.01,3,3558,卖盘
1134,13:16:52,11.88,0.02,14,16632,买盘
1135,13:17:01,11.9,0.02,8,9520,买盘
1136,13:17:18,11.91,0.01,11,13101,买盘
1137,13:17:37,11.9,-0.01,3,3570,卖盘
1138,13:17:49,11.92,0.02,35,41694,买盘
1139,13:17:57,11.9,-0.02,13,15470,卖盘
1140,13:18:21,11.88,-0.02,54,64226,卖盘
1141,13:18:24,11.88,0.0,3,3564,卖盘
1142,13:18:33,11.9,0.02,2,2380,卖盘
1143,13:18:37,11.9,0.0,3,3570,卖盘
1144,13:18:40,11.88,-0.02,4,4752,买盘
1145,13:19:18,11.91,0.03,17,20223,买盘
1146,13:19:21,11.87,-0.04,54,64098,卖盘
1147,13:19:48,11.91,0.04,19,22614,买盘
1148,13:20:22,11.87,-0.04,54,64138,卖盘
1149,13:20:25,11.87,0.0,3,3561,卖盘
1150,13:21:16,11.87,0.0,3,3561,卖盘
1151,13:21:19,11.9,0.03,13,15470,买盘
1152,13:21:21,11.87,-0.03,53,62911,卖盘
1153,13:21:48,11.9,0.03,27,32130,买盘
1154,13:21:51,11.87,-0.03,7,8315,卖盘
1155,13:22:04,11.87,0.0,3,3561,卖盘
1156,13:22:13,11.88,0.01,11,13084,卖盘
1157,13:22:22,11.87,-0.01,53,62931,卖盘
1158,13:22:43,11.88,0.01,11,13088,卖盘
1159,13:22:58,11.88,0.0,3,3564,卖盘
1160,13:23:01,11.88,0.0,1,630,卖盘
1161,13:23:19,11.9,0.02,19,22610,买盘
1162,13:23:22,11.87,-0.03,54,64108,卖盘
1163,13:23:51,11.87,0.0,35,41641,卖盘
1164,13:24:22,11.87,0.0,31,36797,卖盘
1165,13:24:24,11.87,0.0,23,27301,卖盘
1166,13:24:34,11.87,0.0,8,9496,卖盘
1167,13:24:40,11.88,0.01,10,11880,卖盘
1168,13:24:45,11.87,-0.01,3,3561,卖盘
1169,13:25:01,11.87,0.0,3,3561,卖盘
1170,13:25:04,11.87,0.0,20,23745,卖盘
1171,13:25:09,11.87,0.0,5,5935,卖盘
1172,13:25:12,11.87,0.0,2,2374,卖盘
1173,13:25:19,11.87,0.0,1,1187,卖盘
1174,13:25:22,11.87,0.0,49,58181,卖盘
1175,13:25:25,11.86,-0.01,23,27286,卖盘
1176,13:25:40,11.86,0.0,178,211108,卖盘
1177,13:25:49,11.87,0.01,31,36797,买盘
1178,13:26:10,11.86,-0.01,25,29650,卖盘
1179,13:26:18,11.87,0.01,40,47480,买盘
1180,13:26:21,11.86,-0.01,31,36776,卖盘
1181,13:26:25,11.86,0.0,23,27278,卖盘
1182,13:26:34,11.86,0.0,3,3558,卖盘
1183,13:26:51,11.88,0.02,18,21384,买盘
1184,13:27:22,11.86,-0.02,42,49834,卖盘
1185,13:27:25,11.87,0.01,28,33213,中性盘
1186,13:27:30,11.87,0.0,5,5932,买盘
1187,13:27:33,11.87,0.0,20,23740,买盘
1188,13:27:37,11.88,0.01,10,11879,买盘
1189,13:27:40,11.88,0.0,20,23760,买盘
1190,13:27:49,11.88,0.0,27,32076,买盘
1191,13:27:54,11.88,0.0,6,7128,买盘
1192,13:28:04,11.89,0.01,25,29725,买盘
1193,13:28:22,11.88,-0.01,4,4753,卖盘
1194,13:28:25,11.9,0.02,28,33266,买盘
1195,13:28:28,11.88,-0.02,4,4749,买盘
1196,13:28:31,11.88,0.0,24,28512,买盘
1197,13:28:37,11.88,0.0,3,3564,买盘
1198,13:29:13,11.88,0.0,17,20216,卖盘
1199,13:29:18,11.88,0.0,3,3564,卖盘
1200,13:29:22,11.88,0.0,44,52298,卖盘
1201,13:29:25,11.87,-0.01,23,27313,卖盘
1202,13:29:51,11.9,0.03,39,46410,买盘
1203,13:29:54,11.87,-0.03,1,1187,卖盘
1204,13:29:57,11.87,0.0,32,38062,卖盘
1205,13:30:25,11.87,0.0,84,99708,卖盘
1206,13:30:37,11.88,0.01,5,5940,买盘
1207,13:30:54,11.87,-0.01,4,4748,卖盘
1208,13:31:07,11.87,0.0,3,3561,卖盘
1209,13:31:22,11.89,0.02,20,23774,买盘
1210,13:31:24,11.86,-0.03,54,64089,卖盘
1211,13:31:36,11.88,0.02,1,1188,买盘
1212,13:31:52,11.9,0.02,24,28548,买盘
1213,13:32:06,11.87,-0.03,2,2374,卖盘
1214,13:32:09,11.87,0.0,3,3561,卖盘
1215,13:32:16,11.87,0.0,3,3561,卖盘
1216,13:32:21,11.88,0.01,9,10692,买盘
1217,13:32:25,11.86,-0.02,54,64070,卖盘
1218,13:32:37,11.88,0.02,6,7128,买盘
1219,13:32:43,11.86,-0.02,11,13046,卖盘
1220,13:32:52,11.88,0.02,10,11880,买盘
1221,13:32:54,11.86,-0.02,3,3558,卖盘
1222,13:33:21,11.88,0.02,21,24948,买盘
1223,13:33:24,11.86,-0.02,54,64044,卖盘
1224,13:33:31,11.88,0.02,23,27324,买盘
1225,13:33:40,11.89,0.01,5,5945,买盘
1226,13:33:48,11.9,0.01,26,30917,买盘
1227,13:33:55,11.88,-0.02,3,3564,卖盘
1228,13:33:57,11.88,0.0,2,2376,卖盘
1229,13:34:04,11.9,0.02,7,8329,买盘
1230,13:34:19,11.89,-0.01,1,1189,卖盘
1231,13:34:25,11.88,-0.01,53,63002,卖盘
1232,13:34:42,11.89,0.01,5,5945,买盘
1233,13:34:45,11.88,-0.01,3,3564,卖盘
1234,13:35:04,11.89,0.01,9,10701,买盘
1235,13:35:10,11.88,-0.01,76,90288,卖盘
1236,13:35:25,11.88,0.0,19,22572,买盘
1237,13:35:28,11.87,-0.01,8,9496,卖盘
1238,13:35:31,11.87,0.0,2,2374,买盘
1239,13:35:37,11.86,-0.01,5,5932,卖盘
1240,13:35:46,11.87,0.01,7,8309,买盘
1241,13:35:51,11.87,0.0,21,24927,买盘
1242,13:35:54,11.86,-0.01,1,1186,卖盘
1243,13:35:58,11.87,0.01,2,2374,买盘
1244,13:36:04,11.87,0.0,1,1187,买盘
1245,13:36:09,11.87,0.0,2,2374,买盘
1246,13:36:13,11.87,0.0,14,16618,买盘
1247,13:36:19,11.87,0.0,2,2374,买盘
1248,13:36:25,11.86,-0.01,54,64044,卖盘
1249,13:36:31,11.87,0.01,2,2374,买盘
1250,13:36:36,11.86,-0.01,3,3558,卖盘
1251,13:36:43,11.87,0.01,2,2374,买盘
1252,13:36:49,11.87,0.0,6,7122,买盘
1253,13:36:54,11.87,0.0,2,2374,买盘
1254,13:37:01,11.86,-0.01,3,3558,卖盘
1255,13:37:04,11.87,0.01,7,8309,买盘
1256,13:37:13,11.88,0.01,2,2376,买盘
1257,13:37:24,11.88,0.0,16,19008,买盘
1258,13:37:31,11.87,-0.01,3,3561,卖盘
1259,13:37:37,11.88,0.01,2,2376,买盘
1260,13:37:48,11.88,0.0,3,3564,买盘
1261,13:37:51,11.89,0.01,32,38020,买盘
1262,13:37:58,11.89,0.0,2,2378,买盘
1263,13:38:09,11.89,0.0,2,2377,买盘
1264,13:38:21,11.89,0.0,5,5939,买盘
1265,13:38:24,11.87,-0.02,54,64102,卖盘
1266,13:38:34,11.88,0.01,2,2376,买盘
1267,13:38:43,11.89,0.01,2,2378,买盘
1268,13:38:46,11.87,-0.02,10,11870,卖盘
1269,13:38:55,11.89,0.02,14,16625,买盘
1270,13:39:06,11.86,-0.03,5,5936,卖盘
1271,13:39:15,11.89,0.03,2,2378,买盘
1272,13:39:18,11.86,-0.03,2,2372,卖盘
1273,13:39:22,11.86,0.0,3,3558,卖盘
1274,13:39:25,11.86,0.0,48,56981,卖盘
1275,13:39:28,11.86,0.0,23,27282,卖盘
1276,13:39:40,11.88,0.02,2,2376,买盘
1277,13:39:49,11.88,0.0,2,2376,买盘
1278,13:39:51,11.89,0.01,32,38036,买盘
1279,13:40:01,11.89,0.0,2,2378,买盘
1280,13:40:10,11.89,0.0,17,20168,买盘
1281,13:40:13,11.89,0.0,1,1189,买盘
1282,13:40:15,11.86,-0.03,3,3558,卖盘
1283,13:40:21,11.89,0.03,2,2378,买盘
1284,13:40:24,11.86,-0.03,53,62888,卖盘
1285,13:40:34,11.89,0.03,2,2378,买盘
1286,13:40:42,11.89,0.0,3,3567,买盘
1287,13:40:55,11.89,0.0,2,2378,买盘
1288,13:41:04,11.89,0.0,2,2377,买盘
1289,13:41:07,11.86,-0.03,3,3558,卖盘
1290,13:41:12,11.89,0.03,2,2378,买盘
1291,13:41:16,11.86,-0.03,19,22534,卖盘
1292,13:41:18,11.89,0.03,2,2378,买盘
1293,13:41:24,11.86,-0.03,49,58164,卖盘
1294,13:41:27,11.86,0.0,23,27278,卖盘
1295,13:41:33,11.88,0.02,2,2376,卖盘
1296,13:41:40,11.88,0.0,2,2376,买盘
1297,13:41:43,11.87,-0.01,1,1187,买盘
1298,13:41:52,11.87,0.0,37,43919,买盘
1299,13:42:01,11.87,0.0,5,5932,买盘
1300,13:42:07,11.87,0.0,4,4748,买盘
1301,13:42:12,11.87,0.0,3,3561,买盘
1302,13:42:25,11.86,-0.01,57,67605,卖盘
1303,13:42:33,11.87,0.01,2,2374,买盘
1304,13:42:42,11.87,0.0,1,1187,买盘
1305,13:42:45,11.87,0.0,2,2374,买盘
1306,13:42:49,11.87,0.0,26,30860,买盘
1307,13:42:52,11.87,0.0,13,15431,卖盘
1308,13:42:55,11.87,0.0,3,3561,卖盘
1309,13:42:58,11.87,0.0,5,5937,卖盘
1310,13:43:07,11.88,0.01,7,8316,买盘
1311,13:43:13,11.88,0.0,1,1188,买盘
1312,13:43:19,11.88,0.0,2,2376,买盘
1313,13:43:25,11.89,0.01,11,13071,买盘
1314,13:43:43,11.89,0.0,4,4756,买盘
1315,13:43:48,11.87,-0.02,3,3563,卖盘
1316,13:43:52,11.89,0.02,24,28535,买盘
1317,13:44:01,11.87,-0.02,2,2374,卖盘
1318,13:44:04,11.89,0.02,2,2378,买盘
1319,13:44:07,11.89,0.0,5,5945,买盘
1320,13:44:12,11.89,0.0,3,3567,买盘
1321,13:44:19,11.87,-0.02,14,16618,卖盘
1322,13:44:25,11.87,0.0,3,3561,买盘
1323,13:44:28,11.86,-0.01,54,64044,卖盘
1324,13:44:37,11.88,0.02,2,2375,买盘
1325,13:44:43,11.86,-0.02,3,3558,卖盘
1326,13:44:45,11.88,0.02,1,1188,买盘
1327,13:44:48,11.88,0.0,1,1188,中性盘
1328,13:44:57,11.89,0.01,2,2378,买盘
1329,13:45:01,11.88,-0.01,1,1188,卖盘
1330,13:45:04,11.89,0.01,10,11882,买盘
1331,13:45:06,11.88,-0.01,7,8316,中性盘
1332,13:45:19,11.88,0.0,2,2376,买盘
1333,13:45:22,11.86,-0.02,175,207556,卖盘
1334,13:45:25,11.89,0.03,22,26153,买盘
1335,13:45:28,11.86,-0.03,13,15975,卖盘
1336,13:45:31,11.86,0.0,2,2372,买盘
1337,13:45:37,11.85,-0.01,3,3555,卖盘
1338,13:45:42,11.86,0.01,7,8297,买盘
1339,13:45:52,11.86,0.0,2,2372,买盘
1340,13:45:54,11.86,0.0,51,59929,买盘
1341,13:46:04,11.87,0.01,9,10676,买盘
1342,13:46:06,11.87,0.0,5,5935,买盘
1343,13:46:16,11.87,0.0,2,2374,买盘
1344,13:46:27,11.85,-0.02,56,66364,卖盘
1345,13:46:33,11.85,0.0,10,11850,卖盘
1346,13:46:36,11.87,0.02,2,2374,买盘
1347,13:46:48,11.87,0.0,2,2374,买盘
1348,13:46:52,11.85,-0.02,30,35550,卖盘
1349,13:46:57,11.87,0.02,3,3561,买盘
1350,13:47:06,11.87,0.0,7,8307,买盘
1351,13:47:09,11.87,0.0,2,2374,买盘
1352,13:47:21,11.87,0.0,2,2374,买盘
1353,13:47:24,11.87,0.0,22,26114,买盘
1354,13:47:28,11.85,-0.02,56,66378,卖盘
1355,13:47:34,11.88,0.03,67,79578,买盘
1356,13:47:37,11.88,0.0,5,5940,卖盘
1357,13:47:42,11.89,0.01,2,2378,买盘
1358,13:47:55,11.89,0.0,35,41609,买盘
1359,13:48:06,11.89,0.0,7,8323,买盘
1360,13:48:16,11.89,0.0,2,2378,买盘
1361,13:48:19,11.88,-0.01,3,3564,卖盘
1362,13:48:21,11.86,-0.02,3,3558,卖盘
1363,13:48:28,11.88,0.02,56,66399,买盘
1364,13:48:30,11.88,0.0,10,11880,买盘
1365,13:48:39,11.88,0.0,2,2376,买盘
1366,13:48:52,11.88,0.0,2,2376,买盘
1367,13:48:58,11.86,-0.02,2,2372,卖盘
1368,13:49:01,11.87,0.01,2,2374,买盘
1369,13:49:04,11.86,-0.01,1,1186,卖盘
1370,13:49:06,11.87,0.01,5,5935,买盘
1371,13:49:13,11.87,0.0,2,2374,买盘
1372,13:49:16,11.85,-0.02,3,3555,卖盘
1373,13:49:21,11.87,0.02,2,2374,买盘
1374,13:49:28,11.85,-0.02,70,82982,卖盘
1375,13:49:34,11.87,0.02,2,2374,中性盘
1376,13:49:37,11.85,-0.02,5,5925,卖盘
1377,13:49:45,11.87,0.02,2,2374,买盘
1378,13:49:55,11.88,0.01,25,29696,买盘
1379,13:50:07,11.89,0.01,17,20213,买盘
1380,13:50:19,11.89,0.0,2,2378,买盘
1381,13:50:28,11.86,-0.03,41,48632,卖盘
1382,13:50:37,11.86,0.0,1,1186,买盘
1383,13:50:40,11.86,0.0,2,2372,买盘
1384,13:50:43,11.9,0.04,104,123667,买盘
1385,13:50:52,11.88,-0.02,1,1188,买盘
1386,13:51:01,11.9,0.02,2,2380,买盘
1387,13:51:04,11.88,-0.02,1,1188,卖盘
1388,13:51:07,11.9,0.02,5,5949,买盘
1389,13:51:13,11.88,-0.02,13,15424,买盘
1390,13:51:21,11.88,0.0,2,2376,买盘
1391,13:51:25,11.88,0.0,2,2376,买盘
1392,13:51:27,11.86,-0.02,74,87823,卖盘
1393,13:51:34,11.89,0.03,3,3567,买盘
1394,13:51:43,11.88,-0.01,1,1188,卖盘
1395,13:51:46,11.88,0.0,6,7128,卖盘
1396,13:51:52,11.89,0.01,20,23770,买盘
1397,13:51:55,11.9,0.01,32,38055,买盘
1398,13:52:06,11.89,-0.01,1,1189,买盘
1399,13:52:18,11.9,0.01,3,3569,买盘
1400,13:52:27,11.88,-0.02,15,17825,卖盘
1401,13:52:31,11.88,0.0,2,2376,买盘
1402,13:52:37,11.88,0.0,40,47520,买盘
1403,13:52:40,11.88,0.0,1,1188,卖盘
1404,13:52:46,11.88,0.0,7,8324,卖盘
1405,13:52:52,11.9,0.02,7,8326,买盘
1406,13:52:58,11.89,-0.01,1,1189,中性盘
1407,13:53:04,11.9,0.01,2,2380,买盘
1408,13:53:09,11.89,-0.01,1,1189,中性盘
1409,13:53:13,11.9,0.01,2,2380,买盘
1410,13:53:22,11.89,-0.01,6,7131,买盘
1411,13:53:25,11.89,0.0,2,2378,中性盘
1412,13:53:27,11.9,0.01,20,23790,买盘
1413,13:53:37,11.9,0.0,2,2379,买盘
1414,13:53:40,11.87,-0.03,3,3561,卖盘
1415,13:53:43,11.88,0.01,1,1188,买盘
1416,13:53:49,11.89,0.01,3,3567,卖盘
1417,13:53:52,11.88,-0.01,32,38554,卖盘
1418,13:53:58,11.89,0.01,2,2378,买盘
1419,13:54:07,11.88,-0.01,2,2376,卖盘
1420,13:54:10,11.89,0.01,2,2378,买盘
1421,13:54:18,11.89,0.0,4,4754,买盘
1422,13:54:28,11.88,-0.01,31,36828,卖盘
1423,13:54:31,11.89,0.01,25,29696,买盘
1424,13:54:34,11.87,-0.02,3,3561,卖盘
1425,13:54:43,11.89,0.02,2,2378,买盘
1426,13:54:49,11.89,0.0,5,5945,买盘
1427,13:54:52,11.87,-0.02,1,1187,卖盘
1428,13:55:13,11.88,0.01,3,3564,买盘
1429,13:55:19,11.88,0.0,3,3564,卖盘
1430,13:55:28,11.9,0.02,21,24976,买盘
1431,13:55:31,11.87,-0.03,57,67690,卖盘
1432,13:55:36,11.9,0.03,100,119000,买盘
1433,13:55:42,11.87,-0.03,6,7122,卖盘
1434,13:55:52,11.89,0.02,1,1189,买盘
1435,13:55:55,11.9,0.01,29,34510,买盘
1436,13:55:58,11.9,0.0,2,2380,卖盘
1437,13:56:07,11.91,0.01,4,4764,买盘
1438,13:56:24,11.9,-0.01,3,3570,卖盘
1439,13:56:31,11.87,-0.03,53,62917,卖盘
1440,13:56:58,11.92,0.05,20,23832,买盘
1441,13:57:04,11.92,0.0,1,1192,卖盘
1442,13:57:07,11.93,0.01,5,5965,买盘
1443,13:57:13,11.92,-0.01,9,10728,卖盘
1444,13:57:19,11.9,-0.02,3,3570,买盘
1445,13:57:31,11.87,-0.03,53,62921,卖盘
1446,13:57:37,11.89,0.02,1,1189,买盘
1447,13:57:52,11.91,0.02,30,35714,买盘
1448,13:58:07,11.93,0.02,5,5962,买盘
1449,13:58:31,11.88,-0.05,54,64145,卖盘
1450,13:58:40,11.9,0.02,3,3570,买盘
1451,13:58:52,11.87,-0.03,1,1187,卖盘
1452,13:58:54,11.92,0.05,13,15488,买盘
1453,13:59:01,11.89,-0.03,2,2378,中性盘
1454,13:59:13,11.89,0.0,2,2378,卖盘
1455,13:59:16,11.92,0.03,21,25020,买盘
1456,13:59:30,11.87,-0.05,54,64115,卖盘
1457,13:59:33,11.87,0.0,3,3561,卖盘
1458,13:59:54,11.89,0.02,4,4756,卖盘
1459,14:00:04,11.89,0.0,5,5945,买盘
1460,14:00:07,11.87,-0.02,68,80717,卖盘
1461,14:00:22,11.87,0.0,3,3561,卖盘
1462,14:00:25,11.87,0.0,1,1187,卖盘
1463,14:00:31,11.87,0.0,54,64098,卖盘
1464,14:00:42,11.89,0.02,3,3567,买盘
1465,14:00:51,11.89,0.0,11,13077,买盘
1466,14:00:54,11.89,0.0,16,19024,买盘
1467,14:00:58,11.91,0.02,20,23791,买盘
1468,14:01:04,11.89,-0.02,11,13079,买盘
1469,14:01:13,11.9,0.01,5,5947,买盘
1470,14:01:16,11.91,0.01,25,29758,买盘
1471,14:01:22,11.9,-0.01,100,119000,买盘
1472,14:01:31,11.87,-0.03,54,64098,卖盘
1473,14:01:46,11.89,0.02,4,4756,买盘
1474,14:01:49,11.9,0.01,13,15463,买盘
1475,14:02:01,11.87,-0.03,2,2374,卖盘
1476,14:02:06,11.87,0.0,3,3561,卖盘
1477,14:02:30,11.87,0.0,57,67659,卖盘
1478,14:02:33,11.87,0.0,23,27301,卖盘
1479,14:02:52,11.9,0.03,35,41153,买盘
1480,14:03:04,11.87,-0.03,2,2374,买盘
1481,14:03:10,11.87,0.0,12,14244,买盘
1482,14:03:16,11.9,0.03,29,34510,买盘
1483,14:03:30,11.86,-0.04,31,36769,卖盘
1484,14:03:34,11.86,0.0,22,26092,卖盘
1485,14:03:39,11.9,0.04,59,70686,买盘
1486,14:03:49,11.91,0.01,3,3573,买盘
1487,14:03:52,11.91,0.0,20,23820,买盘
1488,14:03:55,11.9,-0.01,3,3570,卖盘
1489,14:03:58,11.9,0.0,2,2380,卖盘
1490,14:04:01,11.9,0.0,6,7140,卖盘
1491,14:04:04,11.9,0.0,1,1190,卖盘
1492,14:04:12,11.9,0.0,12,14280,卖盘
1493,14:04:25,11.9,0.0,4,4760,卖盘
1494,14:04:31,11.9,0.0,61,72620,卖盘
1495,14:04:34,11.91,0.01,33,39219,买盘
1496,14:04:36,11.91,0.0,10,11910,买盘
1497,14:04:39,11.88,-0.03,3,3564,中性盘
1498,14:04:49,11.92,0.04,26,30969,买盘
1499,14:04:52,11.92,0.0,3,3576,买盘
1500,14:05:01,11.92,0.0,10,11920,买盘
1501,14:05:04,11.92,0.0,4,4768,买盘
1502,14:05:16,11.94,0.02,37,44150,买盘
1503,14:05:19,11.93,-0.01,4,4772,买盘
1504,14:05:31,11.89,-0.04,34,40436,卖盘
1505,14:05:34,11.89,0.0,23,27347,卖盘
1506,14:05:52,11.93,0.04,22,26246,买盘
1507,14:06:07,11.92,-0.01,3,3576,卖盘
1508,14:06:22,11.9,-0.02,3,3570,卖盘
1509,14:06:25,11.92,0.02,10,11920,买盘
1510,14:06:31,11.88,-0.04,31,36874,卖盘
1511,14:06:34,11.88,0.0,23,27324,卖盘
1512,14:06:58,11.92,0.04,3,3576,卖盘
1513,14:07:07,11.92,0.0,1,1192,卖盘
1514,14:07:18,11.93,0.01,36,42931,买盘
1515,14:07:34,11.89,-0.04,54,64208,卖盘
1516,14:07:52,11.93,0.04,13,15508,买盘
1517,14:07:58,11.92,-0.01,4,4771,中性盘
1518,14:08:25,11.91,-0.01,7,8337,卖盘
1519,14:08:34,11.88,-0.03,54,64176,卖盘
1520,14:08:54,11.88,0.0,6,7136,卖盘
1521,14:08:58,11.91,0.03,4,4764,买盘
1522,14:09:07,11.88,-0.03,3,3564,卖盘
1523,14:09:16,11.91,0.03,22,26202,买盘
1524,14:09:19,11.88,-0.03,2,2376,卖盘
1525,14:09:21,11.88,0.0,3,3564,卖盘
1526,14:09:34,11.87,-0.01,53,62916,卖盘
1527,14:09:48,11.91,0.04,16,19056,买盘
1528,14:10:01,11.91,0.0,3,3573,买盘
1529,14:10:06,11.89,-0.02,3,3567,卖盘
1530,14:10:34,11.87,-0.02,75,89117,卖盘
1531,14:11:04,11.91,0.04,4,4764,买盘
1532,14:11:10,11.91,0.0,4,4758,买盘
1533,14:11:13,11.91,0.0,1,1191,买盘
1534,14:11:16,11.91,0.0,28,33304,买盘
1535,14:11:33,11.87,-0.04,54,64098,卖盘
1536,14:11:49,11.87,0.0,3,3561,卖盘
1537,14:12:04,11.91,0.04,103,122576,买盘
1538,14:12:16,11.91,0.0,4,4764,买盘
1539,14:12:34,11.88,-0.03,17,20203,卖盘
1540,14:12:39,11.87,-0.01,3,3561,卖盘
1541,14:12:52,11.88,0.01,55,65340,买盘
1542,14:12:58,11.89,0.01,3,3567,卖盘
1543,14:13:19,11.9,0.01,33,39270,买盘
1544,14:13:22,11.88,-0.02,8,9504,卖盘
1545,14:13:34,11.87,-0.01,35,41552,卖盘
1546,14:13:46,11.86,-0.01,10,11860,卖盘
1547,14:13:52,11.86,0.0,1,1186,卖盘
1548,14:13:55,11.87,0.01,4,4748,买盘
1549,14:13:58,11.87,0.0,22,26114,买盘
1550,14:14:01,11.86,-0.01,2,2372,卖盘
1551,14:14:07,11.87,0.01,20,23740,买盘
1552,14:14:24,11.86,-0.01,3,3558,卖盘
1553,14:14:28,11.86,0.0,1,1186,卖盘
1554,14:14:34,11.86,0.0,31,36766,卖盘
1555,14:14:36,11.86,0.0,23,27278,卖盘
1556,14:14:40,11.86,0.0,2,2372,卖盘
1557,14:14:51,11.87,0.01,17,20179,买盘
1558,14:14:58,11.87,0.0,3,3561,买盘
1559,14:15:13,11.86,-0.01,7,8302,卖盘
1560,14:15:18,11.86,0.0,3,3558,卖盘
1561,14:15:21,11.88,0.02,36,42749,买盘
1562,14:15:34,11.86,-0.02,32,37965,卖盘
1563,14:15:37,11.86,0.0,22,26092,卖盘
1564,14:15:40,11.87,0.01,3,3561,买盘
1565,14:15:52,11.89,0.02,24,28512,买盘
1566,14:16:01,11.9,0.01,4,4760,买盘
1567,14:16:13,11.89,-0.01,7,8323,卖盘
1568,14:16:34,11.86,-0.03,31,36774,卖盘
1569,14:16:36,11.88,0.02,33,39150,买盘
1570,14:16:54,11.88,0.0,15,17820,买盘
1571,14:17:01,11.88,0.0,3,3564,买盘
1572,14:17:15,11.87,-0.01,6,7117,买盘
1573,14:17:19,11.88,0.01,26,30883,买盘
1574,14:17:25,11.88,0.0,7,8316,卖盘
1575,14:17:34,11.86,-0.02,31,36796,卖盘
1576,14:17:36,11.86,0.0,23,27278,卖盘
1577,14:17:40,11.88,0.02,6,7128,买盘
1578,14:17:45,11.86,-0.02,107,126902,卖盘
1579,14:17:49,11.86,0.0,30,35580,买盘
1580,14:17:51,11.86,0.0,14,16604,买盘
1581,14:18:04,11.86,0.0,4,4744,买盘
1582,14:18:10,11.85,-0.01,23,27276,卖盘
1583,14:18:13,11.88,0.03,39,46258,买盘
1584,14:18:18,11.86,-0.02,14,16604,卖盘
1585,14:18:24,11.85,-0.01,990,1173157,卖盘
1586,14:18:34,11.85,0.0,33,39109,卖盘
1587,14:18:37,11.85,0.0,26,30820,卖盘
1588,14:18:46,11.87,0.02,6,7122,买盘
1589,14:18:48,11.85,-0.02,29,34365,卖盘
1590,14:18:51,11.85,0.0,65,77025,卖盘
1591,14:18:58,11.84,-0.01,3,3552,卖盘
1592,14:19:01,11.84,0.0,30,35520,卖盘
1593,14:19:04,11.84,0.0,49,58016,卖盘
1594,14:19:07,11.83,-0.01,23,27212,卖盘
1595,14:19:09,11.83,0.0,39,46137,卖盘
1596,14:19:13,11.83,0.0,92,108836,卖盘
1597,14:19:15,11.83,0.0,41,48503,卖盘
1598,14:19:19,11.83,0.0,34,40222,买盘
1599,14:19:21,11.82,-0.01,261,308502,卖盘
1600,14:19:24,11.81,-0.01,3,3543,卖盘
1601,14:19:28,11.8,-0.01,167,196725,卖盘
1602,14:19:31,11.8,0.0,25,29518,卖盘
1603,14:19:34,11.8,0.0,680,802428,卖盘
1604,14:19:37,11.78,-0.02,83,97890,卖盘
1605,14:19:40,11.81,0.03,121,142897,买盘
1606,14:19:43,11.79,-0.02,10,11790,买盘
1607,14:19:46,11.78,-0.01,6,7068,卖盘
1608,14:19:49,11.79,0.01,11,12969,买盘
1609,14:19:52,11.8,0.01,23,27140,买盘
1610,14:19:54,11.78,-0.02,49,57734,卖盘
1611,14:20:07,11.8,0.02,4,4720,买盘
1612,14:20:13,11.79,-0.01,3,3537,卖盘
1613,14:20:34,11.79,0.0,10,11790,卖盘
1614,14:20:37,11.78,-0.01,72,84821,卖盘
1615,14:20:43,11.79,0.01,10,11790,中性盘
1616,14:20:49,11.79,0.0,10,11790,买盘
1617,14:20:52,11.79,0.0,5,5895,卖盘
1618,14:20:55,11.79,0.0,9,10611,卖盘
1619,14:21:01,11.77,-0.02,20,23540,卖盘
1620,14:21:07,11.76,-0.01,22,25910,卖盘
1621,14:21:09,11.79,0.03,3,3537,买盘
1622,14:21:12,11.77,-0.02,5,5885,卖盘
1623,14:21:22,11.79,0.02,26,30654,买盘
1624,14:21:31,11.79,0.0,13,15305,买盘
1625,14:21:37,11.76,-0.03,53,62361,卖盘
1626,14:21:40,11.79,0.03,24,28296,买盘
1627,14:21:43,11.79,0.0,16,18864,买盘
1628,14:21:46,11.79,0.0,5,5895,卖盘
1629,14:21:52,11.8,0.01,20,23598,买盘
1630,14:22:04,11.8,0.0,6,7080,买盘
1631,14:22:07,11.8,0.0,14,16520,买盘
1632,14:22:13,11.8,0.0,13,15340,买盘
1633,14:22:16,11.8,0.0,1,1180,买盘
1634,14:22:22,11.79,-0.01,11,12976,卖盘
1635,14:22:28,11.79,0.0,9,10611,卖盘
1636,14:22:30,11.79,0.0,5,5895,买盘
1637,14:22:37,11.76,-0.03,53,62363,卖盘
1638,14:22:54,11.79,0.03,5,5895,买盘
1639,14:23:01,11.76,-0.03,257,302242,卖盘
1640,14:23:04,11.77,0.01,4,4705,买盘
1641,14:23:07,11.76,-0.01,2,2353,卖盘
1642,14:23:15,11.77,0.01,30,35310,卖盘
1643,14:23:19,11.78,0.01,23,27094,买盘
1644,14:23:22,11.77,-0.01,25,29425,卖盘
1645,14:23:28,11.76,-0.01,26,30576,卖盘
1646,14:23:31,11.76,0.0,12,14112,买盘
1647,14:23:33,11.75,-0.01,390,458250,卖盘
1648,14:23:36,11.76,0.01,130,152766,买盘
1649,14:23:39,11.75,-0.01,108,126966,卖盘
1650,14:23:42,11.75,0.0,614,721450,卖盘
1651,14:23:46,11.76,0.01,11,12935,买盘
1652,14:23:49,11.75,-0.01,181,212675,卖盘
1653,14:23:52,11.75,0.0,11,12925,买盘
1654,14:23:54,11.74,-0.01,10,11740,卖盘
1655,14:23:58,11.74,0.0,3,3522,买盘
1656,14:24:00,11.74,0.0,1,1174,买盘
1657,14:24:04,11.74,0.0,36,42264,买盘
1658,14:24:06,11.72,-0.02,139,162945,卖盘
1659,14:24:10,11.72,0.0,42,49224,买盘
1660,14:24:13,11.73,0.01,24,28109,买盘
1661,14:24:16,11.72,-0.01,16,18752,卖盘
1662,14:24:19,11.72,0.0,1,1172,卖盘
1663,14:24:22,11.72,0.0,4,4688,卖盘
1664,14:24:30,11.73,0.01,5,5865,买盘
1665,14:24:34,11.73,0.0,30,35190,买盘
1666,14:24:37,11.72,-0.01,76,89092,卖盘
1667,14:24:43,11.72,0.0,15,17600,卖盘
1668,14:24:45,11.73,0.01,12,14076,卖盘
1669,14:24:49,11.73,0.0,23,26979,卖盘
1670,14:24:55,11.74,0.01,8,9392,买盘
1671,14:24:58,11.73,-0.01,3,3519,卖盘
1672,14:25:00,11.73,0.0,3,3519,卖盘
1673,14:25:18,11.73,0.0,68,79811,卖盘
1674,14:25:21,11.73,0.0,68,79764,卖盘
1675,14:25:24,11.73,0.0,21,24633,买盘
1676,14:25:28,11.73,0.0,141,165393,买盘
1677,14:25:31,11.73,0.0,28,32844,买盘
1678,14:25:33,11.72,-0.01,126,147786,卖盘
1679,14:25:37,11.72,0.0,131,153609,卖盘
1680,14:25:46,11.73,0.01,2,2346,买盘
1681,14:25:49,11.73,0.0,10,11730,买盘
1682,14:25:52,11.73,0.0,3,3519,卖盘
1683,14:25:55,11.73,0.0,10,11730,卖盘
1684,14:26:04,11.74,0.01,14,16436,买盘
1685,14:26:13,11.74,0.0,10,11740,买盘
1686,14:26:16,11.73,-0.01,6,7038,卖盘
1687,14:26:22,11.74,0.01,8,9392,买盘
1688,14:26:25,11.74,0.0,1,1174,买盘
1689,14:26:28,11.74,0.0,1,1174,买盘
1690,14:26:33,11.73,-0.01,4,4692,卖盘
1691,14:26:36,11.73,0.0,31,36363,卖盘
1692,14:26:40,11.73,0.0,23,26979,卖盘
1693,14:26:43,11.74,0.01,47,55173,买盘
1694,14:26:52,11.74,0.0,22,25828,买盘
1695,14:26:57,11.74,0.0,2,2348,买盘
1696,14:27:04,11.73,-0.01,20,23460,卖盘
1697,14:27:06,11.74,0.01,7,8218,买盘
1698,14:27:16,11.74,0.0,102,119748,买盘
1699,14:27:19,11.74,0.0,29,34046,买盘
1700,14:27:22,11.74,0.0,13,15259,买盘
1701,14:27:33,11.74,0.0,1,1174,买盘
1702,14:27:37,11.73,-0.01,31,36363,卖盘
1703,14:27:40,11.73,0.0,22,25806,卖盘
1704,14:27:49,11.74,0.01,6,7044,买盘
1705,14:28:01,11.73,-0.01,4,4692,卖盘
1706,14:28:04,11.74,0.01,39,45786,买盘
1707,14:28:09,11.74,0.0,103,120919,买盘
1708,14:28:13,11.74,0.0,3,3522,买盘
1709,14:28:16,11.74,0.0,5,5870,买盘
1710,14:28:24,11.74,0.0,13,15262,买盘
1711,14:28:27,11.74,0.0,5,5870,买盘
1712,14:28:31,11.74,0.0,47,55178,买盘
1713,14:28:37,11.74,0.0,92,107977,买盘
1714,14:28:39,11.74,0.0,38,44589,买盘
1715,14:28:42,11.73,-0.01,400,469210,卖盘
1716,14:28:45,11.74,0.01,2,2348,买盘
1717,14:28:52,11.74,0.0,21,24653,买盘
1718,14:28:58,11.73,-0.01,3,3519,卖盘
1719,14:29:04,11.74,0.01,1,1174,买盘
1720,14:29:19,11.74,0.0,28,32872,买盘
1721,14:29:24,11.74,0.0,10,11740,买盘
1722,14:29:28,11.74,0.0,9,10566,买盘
1723,14:29:37,11.73,-0.01,31,36363,卖盘
1724,14:29:39,11.73,0.0,23,26979,卖盘
1725,14:29:42,11.74,0.01,26,30521,买盘
1726,14:29:46,11.74,0.0,5,5870,买盘
1727,14:29:52,11.74,0.0,11,12904,买盘
1728,14:30:07,11.74,0.0,14,16436,买盘
1729,14:30:15,11.73,-0.01,272,319056,卖盘
1730,14:30:22,11.73,0.0,7,8211,买盘
1731,14:30:25,11.73,0.0,12,14076,买盘
1732,14:30:31,11.72,-0.01,3,3516,卖盘
1733,14:30:36,11.73,0.01,135,158325,买盘
1734,14:30:40,11.72,-0.01,117,137150,卖盘
1735,14:30:46,11.73,0.01,10,11730,买盘
1736,14:30:55,11.73,0.0,16,18768,买盘
1737,14:30:57,11.72,-0.01,3,3516,卖盘
1738,14:31:07,11.73,0.01,20,23460,买盘
1739,14:31:19,11.73,0.0,29,34017,买盘
1740,14:31:25,11.72,-0.01,3,3516,卖盘
1741,14:31:28,11.73,0.01,27,31671,买盘
1742,14:31:31,11.73,0.0,10,11730,买盘
1743,14:31:34,11.73,0.0,8,9384,买盘
1744,14:31:37,11.72,-0.01,31,36332,卖盘
1745,14:31:40,11.72,0.0,23,26956,卖盘
1746,14:31:42,11.73,0.01,27,31671,买盘
1747,14:32:04,11.73,0.0,12,14076,买盘
1748,14:32:06,11.73,0.0,6,7035,买盘
1749,14:32:13,11.72,-0.01,61,71340,卖盘
1750,14:32:19,11.73,0.01,100,117300,买盘
1751,14:32:37,11.73,0.0,10,11730,买盘
1752,14:32:40,11.72,-0.01,54,63288,卖盘
1753,14:32:43,11.73,0.01,3,3519,买盘
1754,14:32:46,11.73,0.0,2,2346,买盘
1755,14:32:49,11.73,0.0,20,23460,买盘
1756,14:32:52,11.73,0.0,114,133718,买盘
1757,14:32:55,11.73,0.0,24,28152,买盘
1758,14:32:58,11.73,0.0,10,11730,买盘
1759,14:33:13,11.73,0.0,20,23460,买盘
1760,14:33:19,11.73,0.0,18,21114,买盘
1761,14:33:21,11.73,0.0,33,38709,买盘
1762,14:33:30,11.73,0.0,15,17595,买盘
1763,14:33:36,11.73,0.0,105,123165,买盘
1764,14:33:39,11.72,-0.01,53,62116,卖盘
1765,14:33:42,11.73,0.01,46,53955,买盘
1766,14:33:49,11.73,0.0,3,3519,卖盘
1767,14:33:52,11.74,0.01,30,35220,买盘
1768,14:33:55,11.73,-0.01,30,35190,卖盘
1769,14:34:01,11.74,0.01,181,212494,买盘
1770,14:34:04,11.73,-0.01,54,63395,卖盘
1771,14:34:06,11.74,0.01,63,73962,买盘
1772,14:34:10,11.74,0.0,20,23480,买盘
1773,14:34:25,11.74,0.0,2,2348,买盘
1774,14:34:28,11.73,-0.01,53,62219,卖盘
1775,14:34:40,11.73,0.0,54,63342,卖盘
1776,14:34:46,11.74,0.01,10,11740,买盘
1777,14:34:52,11.74,0.0,1,1174,买盘
1778,14:34:54,11.74,0.0,3,3522,买盘
1779,14:35:13,11.74,0.0,24,28176,买盘
1780,14:35:16,11.74,0.0,4,4693,买盘
1781,14:35:22,11.75,0.01,34,39921,买盘
1782,14:35:28,11.74,-0.01,11,12914,买盘
1783,14:35:33,11.73,-0.01,409,479771,卖盘
1784,14:35:36,11.73,0.0,24,28152,买盘
1785,14:35:46,11.73,0.0,20,23460,买盘
1786,14:35:52,11.73,0.0,4,4692,买盘
1787,14:36:01,11.73,0.0,20,23460,买盘
1788,14:36:07,11.72,-0.01,3,3516,卖盘
1789,14:36:13,11.73,0.01,20,23460,买盘
1790,14:36:16,11.73,0.0,9,10557,买盘
1791,14:36:24,11.73,0.0,60,70380,买盘
1792,14:36:28,11.73,0.0,5,5865,买盘
1793,14:36:31,11.73,0.0,9,10557,买盘
1794,14:36:36,11.73,0.0,5,5865,买盘
1795,14:36:40,11.72,-0.01,54,63288,卖盘
1796,14:36:55,11.73,0.01,13,15246,买盘
1797,14:36:58,11.72,-0.01,3,3516,卖盘
1798,14:37:06,11.72,0.0,10,11720,卖盘
1799,14:37:13,11.72,0.0,29,34008,卖盘
1800,14:37:16,11.72,0.0,3,3516,卖盘
1801,14:37:22,11.73,0.01,26,30498,买盘
1802,14:37:36,11.73,0.0,10,11730,买盘
1803,14:37:40,11.72,-0.01,57,66804,卖盘
1804,14:37:46,11.73,0.01,12,14076,买盘
1805,14:37:49,11.73,0.0,300,351900,买盘
1806,14:37:52,11.73,0.0,9,10557,买盘
1807,14:38:04,11.73,0.0,7,8211,买盘
1808,14:38:07,11.73,0.0,15,17595,买盘
1809,14:38:19,11.73,0.0,6,7038,买盘
1810,14:38:22,11.73,0.0,31,36363,买盘
1811,14:38:25,11.72,-0.01,3,3516,卖盘
1812,14:38:31,11.73,0.01,16,18757,买盘
1813,14:38:37,11.73,0.0,10,11730,买盘
1814,14:38:40,11.72,-0.01,31,36332,卖盘
1815,14:38:43,11.72,0.0,23,26956,卖盘
1816,14:38:46,11.73,0.01,37,43401,买盘
1817,14:39:01,11.73,0.0,279,327267,买盘
1818,14:39:07,11.73,0.0,12,14076,买盘
1819,14:39:10,11.72,-0.01,3,3516,卖盘
1820,14:39:13,11.73,0.01,110,129030,买盘
1821,14:39:19,11.73,0.0,1,1173,买盘
1822,14:39:21,11.73,0.0,25,29325,买盘
1823,14:39:34,11.73,0.0,48,56304,买盘
1824,14:39:40,11.72,-0.01,44,51582,卖盘
1825,14:39:42,11.73,0.01,97,113731,买盘
1826,14:39:46,11.73,0.0,2,2346,买盘
1827,14:39:52,11.73,0.0,16,18768,买盘
1828,14:39:58,11.72,-0.01,3,3516,卖盘
1829,14:40:07,11.73,0.01,14,16422,买盘
1830,14:40:10,11.73,0.0,80,93840,买盘
1831,14:40:13,11.73,0.0,10,11730,买盘
1832,14:40:19,11.73,0.0,30,35190,买盘
1833,14:40:25,11.73,0.0,2,2346,买盘
1834,14:40:31,11.73,0.0,1,1173,买盘
1835,14:40:40,11.72,-0.01,241,282452,卖盘
1836,14:40:43,11.72,0.0,23,26956,卖盘
1837,14:40:46,11.72,0.0,3,3516,卖盘
1838,14:41:07,11.73,0.01,21,24633,买盘
1839,14:41:16,11.73,0.0,97,113714,买盘
1840,14:41:19,11.73,0.0,311,364513,买盘
1841,14:41:22,11.73,0.0,32,37536,买盘
1842,14:41:28,11.73,0.0,4,4691,买盘
1843,14:41:31,11.73,0.0,72,84456,买盘
1844,14:41:34,11.73,0.0,4,4689,买盘
1845,14:41:40,11.72,-0.01,10,11720,卖盘
1846,14:41:43,11.72,0.0,15,17585,卖盘
1847,14:41:51,11.73,0.01,37,43381,买盘
1848,14:41:58,11.73,0.0,16,18767,买盘
1849,14:42:05,11.72,-0.01,10,11720,卖盘
1850,14:42:07,11.73,0.01,41,48093,买盘
1851,14:42:13,11.72,-0.01,2,2344,卖盘
1852,14:42:19,11.73,0.01,128,150141,买盘
1853,14:42:22,11.73,0.0,13,15245,买盘
1854,14:42:31,11.73,0.0,61,71553,买盘
1855,14:42:43,11.73,0.0,29,34017,买盘
1856,14:42:46,11.73,0.0,5,5865,买盘
1857,14:42:52,11.73,0.0,3,3519,买盘
1858,14:42:55,11.73,0.0,11,12903,买盘
1859,14:42:58,11.72,-0.01,10,11727,卖盘
1860,14:43:06,11.72,0.0,16,18765,卖盘
1861,14:43:10,11.73,0.01,20,23460,买盘
1862,14:43:21,11.73,0.0,39,45747,买盘
1863,14:43:31,11.73,0.0,30,35190,买盘
1864,14:43:34,11.73,0.0,24,28152,买盘
1865,14:43:43,11.73,0.0,7,8211,买盘
1866,14:43:46,11.73,0.0,5,5865,买盘
1867,14:43:49,11.73,0.0,9,10557,买盘
1868,14:43:52,11.72,-0.01,6,7035,卖盘
1869,14:43:55,11.73,0.01,2,2346,买盘
1870,14:44:01,11.72,-0.01,12,14074,卖盘
1871,14:44:05,11.72,0.0,17,19924,卖盘
1872,14:44:07,11.73,0.01,18,21114,买盘
1873,14:44:10,11.73,0.0,2,2346,买盘
1874,14:44:25,11.73,0.0,27,31671,买盘
1875,14:44:28,11.73,0.0,45,52785,买盘
1876,14:44:31,11.73,0.0,3,3519,买盘
1877,14:44:34,11.73,0.0,12,14076,买盘
1878,14:44:37,11.72,-0.01,2,2344,卖盘
1879,14:44:40,11.72,0.0,3,3516,卖盘
1880,14:44:46,11.73,0.01,12,14076,买盘
1881,14:44:55,11.73,0.0,310,363630,买盘
1882,14:44:58,11.74,0.01,228,267671,买盘
1883,14:45:05,11.74,0.0,93,109182,买盘
1884,14:45:07,11.74,0.0,28,32872,买盘
1885,14:45:10,11.74,0.0,3,3522,买盘
1886,14:45:13,11.74,0.0,6,7044,卖盘
1887,14:45:19,11.75,0.01,24,28199,买盘
1888,14:45:28,11.75,0.0,6,7050,买盘
1889,14:45:34,11.74,-0.01,4,4696,卖盘
1890,14:45:49,11.75,0.01,51,59925,买盘
1891,14:46:07,11.75,0.0,13,15275,买盘
1892,14:46:10,11.75,0.0,15,17625,买盘
1893,14:46:13,11.74,-0.01,3,3522,卖盘
1894,14:46:19,11.74,0.0,71,83354,卖盘
1895,14:46:25,11.74,0.0,43,50479,买盘
1896,14:46:31,11.73,-0.01,5,5865,卖盘
1897,14:46:34,11.74,0.01,58,68092,买盘
1898,14:46:37,11.74,0.0,55,64570,买盘
1899,14:46:43,11.74,0.0,25,29350,买盘
1900,14:46:49,11.73,-0.01,39,46240,卖盘
1901,14:46:55,11.74,0.01,97,113878,买盘
1902,14:47:01,11.73,-0.01,3,3519,卖盘
1903,14:47:05,11.74,0.01,10,11740,买盘
1904,14:47:13,11.73,-0.01,145,170228,卖盘
1905,14:47:19,11.74,0.01,10,11740,买盘
1906,14:47:25,11.74,0.0,20,23480,买盘
1907,14:47:28,11.74,0.0,49,57526,买盘
1908,14:47:37,11.76,0.02,793,931635,买盘
1909,14:47:42,11.75,-0.01,2,2350,卖盘
1910,14:47:46,11.75,0.0,11,12925,卖盘
1911,14:47:49,11.76,0.01,63,74085,买盘
1912,14:47:52,11.79,0.03,322,378702,买盘
1913,14:48:22,11.79,0.0,20,23580,买盘
1914,14:48:25,11.79,0.0,11,12969,买盘
1915,14:48:34,11.8,0.01,18,21240,买盘
1916,14:48:37,11.79,-0.01,3,3537,卖盘
1917,14:48:43,11.79,0.0,2,2358,卖盘
1918,14:48:46,11.77,-0.02,14,16510,卖盘
1919,14:48:58,11.8,0.03,20,23595,买盘
1920,14:49:28,11.8,0.0,20,23583,买盘
1921,14:49:43,11.82,0.02,1,1182,买盘
1922,14:50:01,11.82,0.0,11,13002,买盘
1923,14:50:05,11.8,-0.02,6,7090,卖盘
1924,14:50:13,11.8,0.0,2,2360,卖盘
1925,14:50:16,11.81,0.01,11,12991,买盘
1926,14:50:25,11.81,0.0,2,2362,买盘
1927,14:51:01,11.8,0.0,1,1180,卖盘
1928,14:51:05,11.81,0.01,1,1181,买盘
1929,14:51:07,11.8,-0.01,4,4720,卖盘
1930,14:51:16,11.8,0.0,68,80004,卖盘
1931,14:51:22,11.79,-0.01,3,3655,卖盘
1932,14:51:25,11.8,0.01,14,16520,买盘
1933,14:51:28,11.8,0.0,1,1180,买盘
1934,14:51:31,11.79,-0.01,8,9314,卖盘
1935,14:51:40,11.78,-0.01,30,35340,卖盘
1936,14:51:46,11.78,0.0,4,4712,卖盘
1937,14:51:58,11.79,0.01,14,16506,买盘
1938,14:52:01,11.79,0.0,3,3537,卖盘
1939,14:52:06,11.77,-0.02,13,15316,卖盘
1940,14:52:16,11.78,0.01,6,6832,中性盘
1941,14:52:19,11.78,0.0,5,5890,买盘
1942,14:52:22,11.78,0.0,2,2356,卖盘
1943,14:52:28,11.77,-0.01,40,47084,卖盘
1944,14:52:37,11.78,0.01,10,11780,卖盘
1945,14:52:43,11.79,0.01,19,22401,买盘
1946,14:52:49,11.79,0.0,2,2358,卖盘
1947,14:52:58,11.8,0.01,1,1180,买盘
1948,14:53:05,11.79,-0.01,56,66024,卖盘
1949,14:53:10,11.79,0.0,1,1179,卖盘
1950,14:53:13,11.79,0.0,1,1061,卖盘
1951,14:53:19,11.79,0.0,3,3537,卖盘
1952,14:53:22,11.79,0.0,20,23580,卖盘
1953,14:53:28,11.79,0.0,8,9432,卖盘
1954,14:53:31,11.78,-0.01,34,40201,买盘
1955,14:53:37,11.77,-0.01,27,31779,卖盘
1956,14:53:52,11.78,0.01,2,2356,卖盘
1957,14:53:58,11.78,0.0,10,11780,卖盘
1958,14:54:10,11.8,0.02,52,61319,买盘
1959,14:54:16,11.77,-0.03,123,145010,卖盘
1960,14:54:19,11.77,0.0,2,2354,买盘
1961,14:54:22,11.76,-0.01,5,5880,卖盘
1962,14:54:28,11.78,0.02,65,76309,买盘
1963,14:54:34,11.77,-0.01,67,78859,卖盘
1964,14:54:37,11.76,-0.01,100,117640,卖盘
1965,14:54:40,11.77,0.01,2,2354,中性盘
1966,14:54:55,11.76,-0.01,8,9408,卖盘
1967,14:55:01,11.76,0.0,10,11760,卖盘
1968,14:55:07,11.77,0.01,13,15292,买盘
1969,14:55:22,11.77,0.0,5,5885,卖盘
1970,14:55:25,11.76,-0.01,27,31768,卖盘
1971,14:55:28,11.78,0.02,5,5887,买盘
1972,14:55:31,11.78,0.0,100,117800,买盘
1973,14:55:34,11.76,-0.02,1,1176,卖盘
1974,14:56:05,11.78,0.02,1,1178,买盘
1975,14:56:07,11.78,0.0,10,11780,买盘
1976,14:56:19,11.78,0.0,6,7068,买盘
1977,14:56:25,11.77,-0.01,10,11770,卖盘
1978,14:56:34,11.77,0.0,32,37682,卖盘
1979,14:56:37,11.78,0.01,6,7067,买盘
1980,14:56:40,11.78,0.0,8,9423,买盘
1981,14:56:43,11.77,-0.01,24,28249,卖盘
1982,14:56:49,11.77,0.0,6,7062,卖盘
1983,14:56:52,11.77,0.0,12,14124,卖盘
1984,14:56:55,11.78,0.01,18,21197,买盘
1985,14:57:01,11.76,-0.02,84,98852,卖盘
1986,14:57:05,11.77,0.01,10,11770,买盘
1987,15:00:05,11.79,0.02,637,751023,卖盘
