,time,price,change,volume,amount,type
0,09:30:04,12.49,0.02,17,21103,中性盘
1,09:30:07,12.58,0.09,41,51382,买盘
2,09:30:16,12.43,-0.15,1,1243,买盘
3,09:30:19,12.43,0.0,15,18633,买盘
4,09:30:25,12.43,0.0,2,2486,卖盘
5,09:30:28,12.44,0.01,20,24910,卖盘
6,09:30:31,12.5,0.06,1,1250,卖盘
7,09:30:34,12.44,-0.06,6,7494,卖盘
8,09:30:40,12.44,0.0,3,3732,卖盘
9,09:30:43,12.5,0.06,3,3750,中性盘
10,09:30:46,12.45,-0.05,6,7470,卖盘
11,09:30:52,12.45,0.0,2,2495,卖盘
12,09:30:55,12.48,0.03,4,4992,中性盘
13,09:30:58,12.46,-0.02,1,1246,卖盘
14,09:31:01,12.48,0.02,4,4992,买盘
15,09:31:04,12.43,-0.05,96,119478,卖盘
16,09:31:07,12.43,0.0,9,11187,买盘
17,09:31:10,12.43,0.0,12,14916,买盘
18,09:31:13,12.43,0.0,1,1243,买盘
19,09:31:16,12.43,0.0,10,12430,买盘
20,09:31:19,12.43,0.0,3,3729,买盘
21,09:31:22,12.43,0.0,25,31105,买盘
22,09:31:28,12.44,0.01,4,4976,卖盘
23,09:31:31,12.44,0.0,5,6221,卖盘
24,09:31:34,12.45,0.01,3,3734,买盘
25,09:31:46,12.48,0.03,22,27426,买盘
26,09:31:49,12.46,-0.02,4,4990,中性盘
27,09:31:52,12.47,0.01,10,12467,卖盘
28,09:31:55,12.5,0.03,7,8741,买盘
29,09:31:58,12.48,-0.02,6,7494,卖盘
30,09:32:01,12.5,0.02,8,9992,买盘
31,09:32:07,12.5,0.0,25,31250,卖盘
32,09:32:10,12.51,0.01,66,82480,买盘
33,09:32:13,12.48,-0.03,16,19981,卖盘
34,09:32:16,12.5,0.02,52,65036,买盘
35,09:32:19,12.5,0.0,16,20000,买盘
36,09:32:22,12.48,-0.02,5,6244,卖盘
37,09:32:25,12.5,0.02,12,14980,买盘
38,09:32:28,12.48,-0.02,2,2496,卖盘
39,09:32:31,12.48,0.0,2,2497,卖盘
40,09:32:34,12.51,0.03,30,37512,买盘
41,09:32:37,12.48,-0.03,58,72412,卖盘
42,09:32:40,12.48,0.0,7,8736,买盘
43,09:32:43,12.5,0.02,4,5001,卖盘
44,09:32:46,12.48,-0.02,5,6240,买盘
45,09:32:49,12.48,0.0,1,1248,卖盘
46,09:32:52,12.48,0.0,2,2497,卖盘
47,09:32:55,12.48,0.0,11,13728,卖盘
48,09:32:58,12.48,0.0,2,2496,卖盘
49,09:33:01,12.47,-0.01,28,34920,卖盘
50,09:33:04,12.48,0.01,1,1248,买盘
51,09:33:07,12.48,0.0,7,8735,买盘
52,09:33:10,12.48,0.0,17,21208,买盘
53,09:33:13,12.47,-0.01,1,1247,卖盘
54,09:33:16,12.45,-0.02,19,23696,卖盘
55,09:33:19,12.5,0.05,10,12479,买盘
56,09:33:22,12.45,-0.05,7,8723,卖盘
57,09:33:25,12.47,0.02,2,2496,中性盘
58,09:33:31,12.47,0.0,4,4988,卖盘
59,09:33:34,12.48,0.01,1,1248,买盘
60,09:33:37,12.47,-0.01,3,3742,卖盘
61,09:33:40,12.47,0.0,4,4990,卖盘
62,09:33:43,12.47,0.0,2,2494,卖盘
63,09:33:46,12.49,0.02,9,11237,买盘
64,09:33:52,12.45,-0.04,3,3739,卖盘
65,09:33:55,12.45,0.0,4,4980,卖盘
66,09:33:58,12.47,0.02,3,3741,卖盘
67,09:34:04,12.48,0.01,5,6238,买盘
68,09:34:07,12.48,0.0,15,18702,买盘
69,09:34:10,12.48,0.0,1,1248,买盘
70,09:34:13,12.48,0.0,16,19952,买盘
71,09:34:16,12.47,-0.01,11,13725,中性盘
72,09:34:19,12.48,0.01,2,2493,买盘
73,09:34:22,12.45,-0.03,5,6232,卖盘
74,09:34:25,12.47,0.02,10,12470,买盘
75,09:34:28,12.45,-0.02,5,6225,卖盘
76,09:34:31,12.45,0.0,31,38652,卖盘
77,09:34:34,12.47,0.02,1,1247,买盘
78,09:34:37,12.47,0.0,6,7478,买盘
79,09:34:40,12.45,-0.02,15,18674,卖盘
80,09:34:43,12.45,0.0,16,19920,买盘
81,09:34:46,12.47,0.02,13,16191,买盘
82,09:34:49,12.45,-0.02,1,1245,卖盘
83,09:34:52,12.45,0.0,3,3735,卖盘
84,09:34:55,12.45,0.0,5,6227,卖盘
85,09:34:58,12.45,0.0,10,12450,卖盘
86,09:35:01,12.45,0.0,25,31147,卖盘
87,09:35:04,12.47,0.02,2,2494,买盘
88,09:35:07,12.45,-0.02,39,48555,卖盘
89,09:35:10,12.44,-0.01,16,19916,卖盘
90,09:35:13,12.45,0.01,10,12450,卖盘
91,09:35:16,12.44,-0.01,15,18668,卖盘
92,09:35:19,12.45,0.01,1,1245,买盘
93,09:35:22,12.45,0.0,2,2490,卖盘
94,09:35:25,12.46,0.01,1,1246,中性盘
95,09:35:28,12.45,-0.01,11,13695,卖盘
96,09:35:31,12.46,0.01,6,7476,买盘
97,09:35:34,12.45,-0.01,10,12450,卖盘
98,09:35:37,12.46,0.01,23,28645,买盘
99,09:35:40,12.46,0.0,3,3738,买盘
100,09:35:43,12.4,-0.06,49,60821,卖盘
101,09:35:49,12.44,0.04,1,1244,买盘
102,09:35:52,12.4,-0.04,9,11192,卖盘
103,09:35:58,12.4,0.0,1,1240,卖盘
104,09:36:01,12.44,0.04,2,2487,买盘
105,09:36:04,12.44,0.0,9,11196,卖盘
106,09:36:07,12.44,0.0,61,75695,中性盘
107,09:36:10,12.44,0.0,18,22378,买盘
108,09:36:13,12.43,-0.01,17,21145,卖盘
109,09:36:16,12.4,-0.03,14,17360,卖盘
110,09:36:19,12.4,0.0,2,2480,卖盘
111,09:36:22,12.43,0.03,19,23611,买盘
112,09:36:31,12.43,0.0,12,14916,买盘
113,09:36:34,12.43,0.0,1,1243,买盘
114,09:36:37,12.37,-0.06,86,106513,卖盘
115,09:36:40,12.43,0.06,4,4972,买盘
116,09:36:43,12.4,-0.03,2,2480,卖盘
117,09:36:46,12.38,-0.02,9,11152,卖盘
118,09:36:49,12.4,0.02,4,4960,买盘
119,09:36:52,12.4,0.0,3,3720,中性盘
120,09:36:58,12.41,0.01,1,1241,买盘
121,09:37:04,12.43,0.02,1,1243,中性盘
122,09:37:10,12.46,0.03,10,12437,买盘
123,09:37:13,12.45,-0.01,11,13694,买盘
124,09:37:16,12.45,0.0,5,6215,买盘
125,09:37:19,12.41,-0.04,2,2482,卖盘
126,09:37:22,12.45,0.04,5,6225,买盘
127,09:37:25,12.45,0.0,3,3735,买盘
128,09:37:31,12.45,0.0,2,2490,买盘
129,09:37:34,12.45,0.0,1,1245,买盘
130,09:37:40,12.45,0.0,12,14940,买盘
131,09:37:43,12.45,0.0,22,27384,买盘
132,09:37:49,12.45,0.0,1,1245,买盘
133,09:37:52,12.42,-0.03,8,9945,卖盘
134,09:37:55,12.45,0.03,6,7470,买盘
135,09:38:01,12.45,0.0,5,6225,买盘
136,09:38:04,12.45,0.0,1,1245,买盘
137,09:38:10,12.45,0.0,4,4980,买盘
138,09:38:13,12.45,0.0,1,1245,买盘
139,09:38:19,12.42,-0.03,95,117993,卖盘
140,09:38:22,12.42,0.0,4,4968,买盘
141,09:38:28,12.42,0.0,38,47196,买盘
142,09:38:31,12.42,0.0,1,1242,买盘
143,09:38:34,12.42,0.0,34,42195,买盘
144,09:38:37,12.42,0.0,1,1242,买盘
145,09:38:40,12.42,0.0,28,34776,买盘
146,09:38:46,12.42,0.0,1,1242,买盘
147,09:38:49,12.41,-0.01,62,76942,卖盘
148,09:38:52,12.42,0.01,13,16146,买盘
149,09:38:55,12.41,-0.01,5,6201,中性盘
150,09:38:58,12.4,-0.01,82,101811,卖盘
151,09:39:01,12.39,-0.01,61,75638,卖盘
152,09:39:04,12.4,0.01,38,47120,买盘
153,09:39:07,12.42,0.02,1,1242,买盘
154,09:39:13,12.4,-0.02,32,39710,卖盘
155,09:39:16,12.42,0.02,30,37260,买盘
156,09:39:19,12.4,-0.02,5,6203,卖盘
157,09:39:22,12.42,0.02,1,1242,中性盘
158,09:39:25,12.43,0.01,5,6215,买盘
159,09:39:28,12.43,0.0,1,1243,买盘
160,09:39:31,12.43,0.0,4,4972,买盘
161,09:39:37,12.4,-0.03,48,59605,卖盘
162,09:39:40,12.42,0.02,3,3726,买盘
163,09:39:43,12.42,0.0,3,3726,买盘
164,09:39:49,12.4,-0.02,2,2480,卖盘
165,09:39:52,12.41,0.01,1,1241,买盘
166,09:39:58,12.41,0.0,6,7446,卖盘
167,09:40:01,12.42,0.01,1,1242,买盘
168,09:40:07,12.42,0.0,2,2484,买盘
169,09:40:13,12.42,0.0,1,1242,买盘
170,09:40:22,12.41,-0.01,2,2483,卖盘
171,09:40:31,12.42,0.01,2,2483,买盘
172,09:40:34,12.41,-0.01,103,127823,卖盘
173,09:40:37,12.41,0.0,61,75733,卖盘
174,09:40:40,12.41,0.0,2,2482,卖盘
175,09:40:43,12.42,0.01,36,44712,买盘
176,09:40:52,12.42,0.0,19,23596,买盘
177,09:40:55,12.42,0.0,4,4968,买盘
178,09:40:58,12.41,-0.01,4,4964,卖盘
179,09:41:01,12.41,0.0,2,2482,卖盘
180,09:41:10,12.42,0.01,18,22356,卖盘
181,09:41:13,12.42,0.0,7,8694,买盘
182,09:41:19,12.41,-0.01,4,4964,卖盘
183,09:41:28,12.41,0.0,1,1241,卖盘
184,09:41:31,12.42,0.01,11,13656,买盘
185,09:41:34,12.42,0.0,4,4968,买盘
186,09:41:37,12.42,0.0,42,52164,买盘
187,09:41:43,12.41,-0.01,24,29788,卖盘
188,09:41:46,12.4,-0.01,20,24817,卖盘
189,09:41:49,12.4,0.0,13,16134,卖盘
190,09:41:52,12.41,0.01,9,11169,中性盘
191,09:41:55,12.4,-0.01,2,2480,卖盘
192,09:41:58,12.41,0.01,24,29754,买盘
193,09:42:01,12.41,0.0,15,18615,买盘
194,09:42:04,12.41,0.0,7,8690,卖盘
195,09:42:07,12.41,0.0,22,27302,买盘
196,09:42:10,12.41,0.0,14,17374,买盘
197,09:42:13,12.41,0.0,7,8687,买盘
198,09:42:16,12.41,0.0,2,2482,买盘
199,09:42:19,12.4,-0.01,1,1240,卖盘
200,09:42:22,12.4,0.0,10,12409,卖盘
201,09:42:25,12.41,0.01,5,6205,买盘
202,09:42:31,12.4,-0.01,19,23564,卖盘
203,09:42:34,12.41,0.01,46,57074,买盘
204,09:42:37,12.41,0.0,74,91834,买盘
205,09:42:40,12.41,0.0,35,43435,买盘
206,09:42:43,12.4,-0.01,194,240755,卖盘
207,09:42:46,12.41,0.01,41,50843,买盘
208,09:42:52,12.41,0.0,59,73269,卖盘
209,09:42:55,12.42,0.01,59,73268,买盘
210,09:42:57,12.42,0.0,6,7452,买盘
211,09:43:01,12.41,-0.01,6,7448,卖盘
212,09:43:04,12.42,0.01,7,8694,买盘
213,09:43:13,12.42,0.0,16,19872,买盘
214,09:43:16,12.41,-0.01,11,13652,卖盘
215,09:43:22,12.42,0.01,12,14904,买盘
216,09:43:25,12.41,-0.01,11,13656,卖盘
217,09:43:28,12.43,0.02,5,6207,买盘
218,09:43:31,12.43,0.0,5,6215,买盘
219,09:43:34,12.42,-0.01,2,2484,卖盘
220,09:43:37,12.42,0.0,10,12420,卖盘
221,09:43:40,12.43,0.01,15,18645,买盘
222,09:43:43,12.43,0.0,9,11187,买盘
223,09:43:49,12.42,-0.01,1,1242,卖盘
224,09:43:52,12.41,-0.01,156,193632,卖盘
225,09:43:55,12.41,0.0,2,2482,买盘
226,09:43:58,12.41,0.0,51,63291,买盘
227,09:44:01,12.41,0.0,40,49638,买盘
228,09:44:04,12.41,0.0,21,26061,买盘
229,09:44:19,12.43,0.02,2,2486,买盘
230,09:44:22,12.42,-0.01,14,17400,卖盘
231,09:44:25,12.43,0.01,3,3729,买盘
232,09:44:28,12.42,-0.01,4,4969,卖盘
233,09:44:31,12.43,0.01,4,4971,买盘
234,09:44:43,12.42,-0.01,23,28569,卖盘
235,09:44:49,12.42,0.0,2,2484,卖盘
236,09:44:52,12.42,0.0,4,4968,卖盘
237,09:44:55,12.42,0.0,1,1242,卖盘
238,09:44:58,12.42,0.0,1,1242,卖盘
239,09:45:01,12.43,0.01,5,6215,买盘
240,09:45:13,12.43,0.0,24,29832,买盘
241,09:45:19,12.42,-0.01,2,2484,卖盘
242,09:45:22,12.42,0.0,7,8699,卖盘
243,09:45:25,12.43,0.01,5,6215,买盘
244,09:45:31,12.43,0.0,5,6211,买盘
245,09:45:37,12.43,0.0,67,83248,买盘
246,09:45:43,12.43,0.0,2,2486,买盘
247,09:45:52,12.42,-0.01,21,26097,卖盘
248,09:46:01,12.43,0.01,9,11182,买盘
249,09:46:04,12.42,-0.01,6,7456,卖盘
250,09:46:06,12.43,0.01,8,9944,买盘
251,09:46:10,12.42,-0.01,30,37260,卖盘
252,09:46:13,12.43,0.01,4,4972,买盘
253,09:46:22,12.43,0.0,14,17396,买盘
254,09:46:28,12.42,-0.01,2,2484,卖盘
255,09:46:34,12.43,0.01,1,1243,买盘
256,09:46:40,12.42,-0.01,2,2484,卖盘
257,09:46:43,12.43,0.01,8,9944,买盘
258,09:46:46,12.43,0.0,10,12430,卖盘
259,09:46:49,12.43,0.0,12,14916,买盘
260,09:46:52,12.44,0.01,9,11194,买盘
261,09:46:55,12.43,-0.01,2,2487,卖盘
262,09:47:01,12.43,0.0,2,2487,卖盘
263,09:47:04,12.43,0.0,10,12436,卖盘
264,09:47:07,12.44,0.01,1,1244,买盘
265,09:47:13,12.44,0.0,17,21148,买盘
266,09:47:19,12.44,0.0,8,9952,买盘
267,09:47:22,12.44,0.0,5,6218,买盘
268,09:47:25,12.43,-0.01,4,4972,卖盘
269,09:47:28,12.43,0.0,36,44748,卖盘
270,09:47:31,12.42,-0.01,1,1242,卖盘
271,09:47:34,12.43,0.01,10,12432,买盘
272,09:47:43,12.43,0.0,1,1243,买盘
273,09:47:49,12.44,0.01,33,41020,买盘
274,09:47:55,12.44,0.0,24,29836,买盘
275,09:47:57,12.43,-0.01,6,7458,卖盘
276,09:48:00,12.44,0.01,7,8708,买盘
277,09:48:04,12.44,0.0,6,7464,买盘
278,09:48:07,12.44,0.0,21,26124,买盘
279,09:48:10,12.44,0.0,1,1244,买盘
280,09:48:13,12.44,0.0,65,80860,买盘
281,09:48:16,12.44,0.0,20,24880,卖盘
282,09:48:19,12.44,0.0,23,28613,卖盘
283,09:48:22,12.44,0.0,40,49769,卖盘
284,09:48:25,12.45,0.01,14,17417,买盘
285,09:48:28,12.44,-0.01,30,37325,卖盘
286,09:48:34,12.44,0.0,35,43565,卖盘
287,09:48:37,12.45,0.01,14,17430,买盘
288,09:48:40,12.45,0.0,4,4980,买盘
289,09:48:43,12.45,0.0,24,29880,买盘
290,09:48:46,12.45,0.0,3,3735,买盘
291,09:48:49,12.45,0.0,51,63495,买盘
292,09:48:52,12.45,0.0,1,1245,卖盘
293,09:48:55,12.45,0.0,2,2490,卖盘
294,09:48:58,12.45,0.0,16,19920,卖盘
295,09:49:01,12.46,0.01,2,2492,买盘
296,09:49:04,12.46,0.0,41,51062,买盘
297,09:49:06,12.45,-0.01,20,24900,卖盘
298,09:49:10,12.46,0.01,15,18690,买盘
299,09:49:12,12.46,0.0,15,18679,买盘
300,09:49:19,12.45,-0.01,21,26145,卖盘
301,09:49:22,12.46,0.01,28,34875,买盘
302,09:49:25,12.44,-0.02,16,19919,卖盘
303,09:49:28,12.45,0.01,17,21163,买盘
304,09:49:31,12.46,0.01,13,16188,买盘
305,09:49:37,12.45,-0.01,315,392481,卖盘
306,09:49:43,12.46,0.01,17,21182,中性盘
307,09:49:46,12.47,0.01,5,6235,买盘
308,09:49:48,12.47,0.0,22,27396,买盘
309,09:49:52,12.47,0.0,72,89778,买盘
310,09:49:55,12.46,-0.01,3,3736,买盘
311,09:49:58,12.45,-0.01,46,57292,卖盘
312,09:50:00,12.47,0.02,4,4988,买盘
313,09:50:04,12.46,-0.01,6,7481,卖盘
314,09:50:07,12.46,0.0,2,2492,卖盘
315,09:50:10,12.47,0.01,11,13717,买盘
316,09:50:13,12.46,-0.01,55,68558,卖盘
317,09:50:16,12.48,0.02,93,116061,买盘
318,09:50:19,12.46,-0.02,2,2492,中性盘
319,09:50:22,12.48,0.02,19,23686,买盘
320,09:50:25,12.46,-0.02,1,1246,卖盘
321,09:50:28,12.48,0.02,19,23708,买盘
322,09:50:34,12.48,0.0,36,44927,买盘
323,09:50:37,12.45,-0.03,16,19921,卖盘
324,09:50:43,12.46,0.01,11,13706,卖盘
325,09:50:49,12.46,0.0,5,6236,卖盘
326,09:50:52,12.46,0.0,5,6233,卖盘
327,09:50:55,12.46,0.0,4,4984,卖盘
328,09:50:58,12.46,0.0,9,11216,卖盘
329,09:51:01,12.47,0.01,10,12470,买盘
330,09:51:04,12.46,-0.01,10,12463,卖盘
331,09:51:07,12.46,0.0,5,6230,卖盘
332,09:51:10,12.48,0.02,11,13720,买盘
333,09:51:13,12.47,-0.01,1,1247,卖盘
334,09:51:19,12.48,0.01,47,58656,买盘
335,09:51:22,12.48,0.0,10,12480,卖盘
336,09:51:25,12.48,0.0,50,62403,卖盘
337,09:51:27,12.48,0.0,5,6240,买盘
338,09:51:34,12.47,-0.01,76,94837,卖盘
339,09:51:37,12.47,0.0,8,9976,卖盘
340,09:51:43,12.48,0.01,89,110994,买盘
341,09:51:46,12.48,0.0,3,3744,买盘
342,09:51:49,12.47,-0.01,47,58623,卖盘
343,09:51:52,12.47,0.0,19,23696,卖盘
344,09:51:55,12.48,0.01,23,28680,买盘
345,09:51:58,12.47,-0.01,4,4988,卖盘
346,09:52:01,12.47,0.0,20,24940,卖盘
347,09:52:04,12.48,0.01,40,49903,买盘
348,09:52:07,12.46,-0.02,2,2492,卖盘
349,09:52:13,12.47,0.01,11,13711,买盘
350,09:52:19,12.47,0.0,113,140904,卖盘
351,09:52:22,12.47,0.0,5,6231,买盘
352,09:52:28,12.45,-0.02,6,7470,卖盘
353,09:52:31,12.47,0.02,42,52372,买盘
354,09:52:34,12.47,0.0,17,21199,卖盘
355,09:52:36,12.47,0.0,4,4989,卖盘
356,09:52:39,12.48,0.01,19,23712,买盘
357,09:52:43,12.48,0.0,38,47387,买盘
358,09:52:46,12.48,0.0,1,1248,买盘
359,09:52:49,12.47,-0.01,14,17469,卖盘
360,09:52:52,12.48,0.01,4,4992,卖盘
361,09:52:55,12.48,0.0,58,72440,卖盘
362,09:52:58,12.47,-0.01,8,9986,卖盘
363,09:53:04,12.49,0.02,3,3747,买盘
364,09:53:10,12.5,0.01,3,3750,买盘
365,09:53:13,12.5,0.0,55,68717,买盘
366,09:53:22,12.5,0.0,96,119995,买盘
367,09:53:25,12.47,-0.03,4,4995,卖盘
368,09:53:27,12.48,0.01,5,6243,卖盘
369,09:53:30,12.5,0.02,266,332496,买盘
370,09:53:34,12.5,0.0,74,92498,卖盘
371,09:53:37,12.5,0.0,9,11250,买盘
372,09:53:40,12.5,0.0,1,1250,买盘
373,09:53:43,12.5,0.0,48,59998,买盘
374,09:53:46,12.51,0.01,1,1251,买盘
375,09:53:49,12.5,-0.01,27,33750,卖盘
376,09:53:52,12.5,0.0,4,4998,买盘
377,09:53:55,12.48,-0.02,18,22488,卖盘
378,09:53:58,12.48,0.0,3,3744,卖盘
379,09:54:01,12.5,0.02,4,5000,买盘
380,09:54:04,12.5,0.0,90,112496,买盘
381,09:54:07,12.48,-0.02,4,4998,中性盘
382,09:54:10,12.49,0.01,14,17486,中性盘
383,09:54:16,12.5,0.01,13,16250,卖盘
384,09:54:19,12.5,0.0,10,12500,卖盘
385,09:54:22,12.51,0.01,4,5003,买盘
386,09:54:25,12.5,-0.01,43,53779,卖盘
387,09:54:28,12.5,0.0,41,51250,卖盘
388,09:54:31,12.51,0.01,60,75060,买盘
389,09:54:34,12.5,-0.01,39,48750,卖盘
390,09:54:39,12.48,-0.02,7,8742,卖盘
391,09:54:43,12.5,0.02,32,39992,买盘
392,09:54:46,12.5,0.0,18,22477,买盘
393,09:54:49,12.48,-0.02,5,6243,中性盘
394,09:54:52,12.48,0.0,1,1248,买盘
395,09:54:55,12.45,-0.03,11,13699,卖盘
396,09:54:58,12.45,0.0,8,9960,卖盘
397,09:55:01,12.49,0.04,36,44956,买盘
398,09:55:04,12.49,0.0,15,18727,买盘
399,09:55:10,12.48,-0.01,3,3744,卖盘
400,09:55:13,12.49,0.01,15,18725,买盘
401,09:55:16,12.48,-0.01,4,4992,中性盘
402,09:55:19,12.47,-0.01,96,119973,卖盘
403,09:55:25,12.49,0.02,7,8741,买盘
404,09:55:28,12.49,0.0,2,2498,卖盘
405,09:55:31,12.49,0.0,7,8743,卖盘
406,09:55:34,12.49,0.0,24,29996,卖盘
407,09:55:37,12.5,0.01,2,2500,买盘
408,09:55:40,12.5,0.0,7,8748,买盘
409,09:55:46,12.51,0.01,9,11252,买盘
410,09:55:49,12.5,-0.01,11,13750,卖盘
411,09:55:52,12.5,0.0,2,2500,卖盘
412,09:55:55,12.49,-0.01,30,37512,卖盘
413,09:56:04,12.49,0.0,11,13749,卖盘
414,09:56:07,12.5,0.01,20,25000,买盘
415,09:56:10,12.5,0.0,55,68722,买盘
416,09:56:13,12.5,0.0,2,2500,买盘
417,09:56:16,12.49,-0.01,8,9992,卖盘
418,09:56:19,12.47,-0.02,97,121234,卖盘
419,09:56:22,12.47,0.0,5,6235,卖盘
420,09:56:25,12.5,0.03,19,23739,买盘
421,09:56:31,12.47,-0.03,1,1247,卖盘
422,09:56:34,12.47,0.0,27,33744,卖盘
423,09:56:37,12.5,0.03,7,8750,买盘
424,09:56:40,12.47,-0.03,8,9985,卖盘
425,09:56:43,12.5,0.03,5,6250,买盘
426,09:56:46,12.48,-0.02,6,7488,卖盘
427,09:56:49,12.48,0.0,11,13728,卖盘
428,09:56:52,12.48,0.0,14,17492,卖盘
429,09:56:55,12.48,0.0,19,23730,卖盘
430,09:56:58,12.5,0.02,5,6250,买盘
431,09:57:01,12.48,-0.02,12,14976,卖盘
432,09:57:04,12.48,0.0,18,22485,卖盘
433,09:57:07,12.48,0.0,9,11242,卖盘
434,09:57:10,12.48,0.0,17,21216,买盘
435,09:57:13,12.48,0.0,23,28694,买盘
436,09:57:16,12.48,0.0,6,7483,买盘
437,09:57:19,12.48,0.0,2,2496,买盘
438,09:57:25,12.49,0.01,113,141206,卖盘
439,09:57:28,12.5,0.01,18,22492,买盘
440,09:57:31,12.48,-0.02,1,1248,卖盘
441,09:57:34,12.48,0.0,32,39965,卖盘
442,09:57:36,12.48,0.0,7,8739,卖盘
443,09:57:40,12.48,0.0,3,3744,卖盘
444,09:57:46,12.49,0.01,10,12490,买盘
445,09:57:49,12.5,0.01,3,3749,买盘
446,09:57:52,12.49,-0.01,4,4997,中性盘
447,09:57:55,12.48,-0.01,48,59907,卖盘
448,09:57:58,12.49,0.01,4,4996,卖盘
449,09:58:01,12.5,0.01,14,17499,买盘
450,09:58:04,12.49,-0.01,23,28731,卖盘
451,09:58:07,12.5,0.01,2,2500,买盘
452,09:58:10,12.49,-0.01,23,28727,卖盘
453,09:58:13,12.5,0.01,4,5000,买盘
454,09:58:16,12.51,0.01,144,180039,买盘
455,09:58:19,12.5,-0.01,14,17500,中性盘
456,09:58:22,12.5,0.0,140,175204,卖盘
457,09:58:25,12.51,0.01,9,11259,中性盘
458,09:58:28,12.51,0.0,4,5007,卖盘
459,09:58:31,12.51,0.0,3,3753,卖盘
460,09:58:34,12.51,0.0,59,73859,卖盘
461,09:58:39,12.52,0.01,35,43806,买盘
462,09:58:46,12.52,0.0,22,27540,买盘
463,09:58:49,12.51,-0.01,9,11260,卖盘
464,09:58:52,12.51,0.0,14,17519,卖盘
465,09:58:55,12.5,-0.01,32,40043,卖盘
466,09:59:01,12.52,0.02,6,7507,买盘
467,09:59:04,12.52,0.0,133,166461,买盘
468,09:59:07,12.51,-0.01,2,2502,买盘
469,09:59:10,12.52,0.01,10,12510,买盘
470,09:59:13,12.52,0.0,3,3756,买盘
471,09:59:16,12.52,0.0,7,8758,买盘
472,09:59:19,12.51,-0.01,96,120190,卖盘
473,09:59:22,12.51,0.0,3,3754,卖盘
474,09:59:25,12.52,0.01,16,20034,买盘
475,09:59:31,12.54,0.02,15,18784,买盘
476,09:59:34,12.54,0.0,24,30092,买盘
477,09:59:37,12.52,-0.02,4,5008,买盘
478,09:59:40,12.54,0.02,78,97673,买盘
479,09:59:46,12.54,0.0,38,47555,买盘
480,09:59:49,12.54,0.0,1,1254,买盘
481,09:59:52,12.52,-0.02,3,3756,卖盘
482,09:59:55,12.52,0.0,37,46384,卖盘
483,09:59:58,12.54,0.02,7,8770,买盘
484,10:00:00,12.52,-0.02,8,10016,卖盘
485,10:00:04,12.54,0.02,14,17551,买盘
486,10:00:07,12.52,-0.02,18,22536,卖盘
487,10:00:10,12.52,0.0,23,28796,卖盘
488,10:00:13,12.54,0.02,14,17550,买盘
489,10:00:16,12.52,-0.02,9,11278,卖盘
490,10:00:19,12.52,0.0,9,11268,卖盘
491,10:00:22,12.54,0.02,3,3760,买盘
492,10:00:25,12.52,-0.02,16,20054,卖盘
493,10:00:28,12.54,0.02,4,5016,买盘
494,10:00:31,12.53,-0.01,4,5012,卖盘
495,10:00:34,12.53,0.0,10,12539,中性盘
496,10:00:37,12.54,0.01,1,1254,买盘
497,10:00:40,12.5,-0.04,87,108850,卖盘
498,10:00:46,12.5,0.0,3,3750,买盘
499,10:00:51,12.5,0.0,10,12498,买盘
500,10:00:55,12.49,-0.01,20,24997,卖盘
501,10:01:01,12.49,0.0,1,1249,卖盘
502,10:01:04,12.5,0.01,3,3750,买盘
503,10:01:07,12.5,0.0,2,2499,买盘
504,10:01:10,12.5,0.0,8,10000,买盘
505,10:01:13,12.5,0.0,84,105000,买盘
506,10:01:16,12.49,-0.01,18,22502,卖盘
507,10:01:22,12.51,0.02,2,2502,卖盘
508,10:01:25,12.52,0.01,15,18780,买盘
509,10:01:28,12.52,0.0,6,7512,卖盘
510,10:01:30,12.52,0.0,6,7518,卖盘
511,10:01:34,12.54,0.02,4,5016,买盘
512,10:01:37,12.54,0.0,1,1254,买盘
513,10:01:40,12.52,-0.02,23,28825,卖盘
514,10:01:43,12.52,0.0,1,1252,买盘
515,10:01:46,12.51,-0.01,11,13767,卖盘
516,10:01:49,12.52,0.01,2,2504,买盘
517,10:01:52,12.51,-0.01,5,6255,卖盘
518,10:01:55,12.52,0.01,5,6260,买盘
519,10:01:58,12.52,0.0,4,5005,买盘
520,10:02:01,12.52,0.0,2,2504,卖盘
521,10:02:04,12.54,0.02,3,3762,买盘
522,10:02:07,12.52,-0.02,2,2504,卖盘
523,10:02:13,12.54,0.02,89,111598,买盘
524,10:02:16,12.52,-0.02,8,10024,卖盘
525,10:02:19,12.52,0.0,16,20054,卖盘
526,10:02:25,12.53,0.01,24,30060,买盘
527,10:02:28,12.51,-0.02,1,1251,卖盘
528,10:02:31,12.49,-0.02,23,28757,卖盘
529,10:02:34,12.52,0.03,11,13748,买盘
530,10:02:37,12.51,-0.01,13,16273,中性盘
531,10:02:40,12.49,-0.02,1,1249,卖盘
532,10:02:43,12.49,0.0,13,16237,卖盘
533,10:02:46,12.52,0.03,23,28757,买盘
534,10:02:49,12.52,0.0,3,3756,买盘
535,10:02:52,12.49,-0.03,2,2498,卖盘
536,10:02:55,12.52,0.03,13,16276,买盘
537,10:02:58,12.52,0.0,5,6258,买盘
538,10:03:04,12.52,0.0,3,3756,买盘
539,10:03:07,12.52,0.0,15,18744,买盘
540,10:03:10,12.52,0.0,13,16276,买盘
541,10:03:13,12.49,-0.03,11,13755,卖盘
542,10:03:16,12.53,0.04,2,2505,买盘
543,10:03:22,12.52,-0.01,4,5008,卖盘
544,10:03:24,12.53,0.01,12,15036,买盘
545,10:03:28,12.54,0.01,93,116566,买盘
546,10:03:31,12.52,-0.02,3,3756,卖盘
547,10:03:34,12.52,0.0,2,2504,买盘
548,10:03:37,12.49,-0.03,24,30007,卖盘
549,10:03:43,12.49,0.0,7,8743,卖盘
550,10:03:46,12.52,0.03,19,23783,买盘
551,10:03:48,12.51,-0.01,14,17523,卖盘
552,10:03:52,12.52,0.01,5,6260,中性盘
553,10:03:55,12.52,0.0,1,1252,买盘
554,10:03:58,12.49,-0.03,1,1249,卖盘
555,10:04:00,12.52,0.03,28,35047,买盘
556,10:04:04,12.52,0.0,8,10016,买盘
557,10:04:07,12.5,-0.02,1,1250,中性盘
558,10:04:10,12.52,0.02,16,20001,买盘
559,10:04:13,12.49,-0.03,2,2498,卖盘
560,10:04:15,12.52,0.03,15,18780,买盘
561,10:04:22,12.52,0.0,89,111399,买盘
562,10:04:25,12.52,0.0,8,10016,买盘
563,10:04:28,12.51,-0.01,5,6255,卖盘
564,10:04:31,12.51,0.0,13,16263,买盘
565,10:04:34,12.51,0.0,14,17513,买盘
566,10:04:37,12.51,0.0,4,5004,卖盘
567,10:04:40,12.51,0.0,17,21276,卖盘
568,10:04:43,12.51,0.0,2,2502,卖盘
569,10:04:46,12.52,0.01,10,12518,买盘
570,10:04:48,12.51,-0.01,2,2502,卖盘
571,10:04:52,12.51,0.0,4,5004,买盘
572,10:04:55,12.51,0.0,5,6255,买盘
573,10:04:58,12.49,-0.02,7,8753,卖盘
574,10:05:01,12.52,0.03,2,2503,买盘
575,10:05:04,12.52,0.0,2,2504,买盘
576,10:05:07,12.51,-0.01,6,7509,卖盘
577,10:05:13,12.53,0.02,67,83945,买盘
578,10:05:16,12.53,0.0,10,12530,卖盘
579,10:05:18,12.54,0.01,9,11281,买盘
580,10:05:22,12.54,0.0,6,7521,买盘
581,10:05:28,12.53,-0.01,5,6265,卖盘
582,10:05:31,12.53,0.0,4,5012,卖盘
583,10:05:34,12.54,0.01,40,50160,买盘
584,10:05:37,12.54,0.0,13,16300,买盘
585,10:05:40,12.53,-0.01,11,13775,卖盘
586,10:05:43,12.53,0.0,16,20063,卖盘
587,10:05:46,12.53,0.0,7,8774,卖盘
588,10:05:52,12.51,-0.02,1,1251,卖盘
589,10:05:55,12.54,0.03,3,3762,买盘
590,10:05:58,12.51,-0.03,2,2502,卖盘
591,10:06:01,12.51,0.0,3,3753,卖盘
592,10:06:04,12.54,0.03,10,12540,买盘
593,10:06:06,12.51,-0.03,2,2502,卖盘
594,10:06:10,12.5,-0.01,3,3752,卖盘
595,10:06:13,12.51,0.01,6,7501,买盘
596,10:06:16,12.53,0.02,2,2506,卖盘
597,10:06:22,12.54,0.01,77,96549,买盘
598,10:06:25,12.54,0.0,4,5016,买盘
599,10:06:34,12.53,-0.01,10,12537,卖盘
600,10:06:40,12.55,0.02,21,26339,买盘
601,10:06:52,12.55,0.0,1,1255,买盘
602,10:07:01,12.53,-0.02,2,2506,卖盘
603,10:07:04,12.53,0.0,1,1253,卖盘
604,10:07:10,12.53,0.0,9,11277,卖盘
605,10:07:13,12.54,0.01,96,120384,买盘
606,10:07:16,12.54,0.0,15,18810,买盘
607,10:07:22,12.54,0.0,3,3762,买盘
608,10:07:39,12.54,0.0,6,7524,卖盘
609,10:07:46,12.55,0.01,10,12550,买盘
610,10:08:07,12.55,0.0,15,18825,买盘
611,10:08:13,12.55,0.0,84,105420,买盘
612,10:08:28,12.55,0.0,8,10040,买盘
613,10:08:43,12.54,-0.01,11,13794,卖盘
614,10:08:49,12.55,0.01,1,1255,买盘
615,10:08:52,12.55,0.0,46,57730,买盘
616,10:08:55,12.54,-0.01,59,74003,卖盘
617,10:08:58,12.54,0.0,121,151853,卖盘
618,10:09:01,12.55,0.01,1,1255,卖盘
619,10:09:13,12.57,0.02,85,106764,买盘
620,10:09:22,12.58,0.01,1,1258,买盘
621,10:09:28,12.58,0.0,23,28933,买盘
622,10:09:31,12.57,-0.01,18,22626,卖盘
623,10:09:34,12.57,0.0,12,15084,买盘
624,10:09:37,12.57,0.0,18,22626,买盘
625,10:09:39,12.57,0.0,1,1257,买盘
626,10:09:43,12.57,0.0,85,106845,买盘
627,10:09:46,12.57,0.0,7,8799,买盘
628,10:09:52,12.57,0.0,2,2514,买盘
629,10:10:07,12.55,-0.02,45,56475,卖盘
630,10:10:13,12.57,0.02,84,105588,买盘
631,10:10:16,12.57,0.0,10,12570,买盘
632,10:10:19,12.57,0.0,10,12570,买盘
633,10:10:22,12.57,0.0,4,5028,买盘
634,10:10:25,12.57,0.0,19,23883,买盘
635,10:10:28,12.57,0.0,35,43990,买盘
636,10:10:34,12.57,0.0,15,18855,买盘
637,10:10:37,12.57,0.0,2,2514,买盘
638,10:10:40,12.57,0.0,5,6285,买盘
639,10:10:43,12.57,0.0,4,5028,买盘
640,10:10:46,12.58,0.01,11,13828,买盘
641,10:10:55,12.53,-0.05,71,89164,卖盘
642,10:10:58,12.57,0.04,7,8799,中性盘
643,10:11:04,12.57,0.0,3,3771,卖盘
644,10:11:10,12.57,0.0,4,5028,买盘
645,10:11:13,12.57,0.0,1,1257,买盘
646,10:11:28,12.57,0.0,83,104331,买盘
647,10:11:34,12.58,0.01,21,26414,买盘
648,10:11:40,12.58,0.0,1,1258,买盘
649,10:11:43,12.58,0.0,95,119510,买盘
650,10:11:48,12.58,0.0,15,18870,买盘
651,10:11:52,12.58,0.0,5,6290,买盘
652,10:12:04,12.57,-0.01,2,2514,卖盘
653,10:12:10,12.58,0.01,13,16354,买盘
654,10:12:16,12.57,-0.01,5,6285,卖盘
655,10:12:22,12.57,0.0,26,32698,卖盘
656,10:12:25,12.57,0.0,52,65364,卖盘
657,10:12:31,12.58,0.01,1,1258,买盘
658,10:12:34,12.57,-0.01,9,11313,卖盘
659,10:12:43,12.57,0.0,21,26397,卖盘
660,10:12:46,12.57,0.0,10,12570,卖盘
661,10:12:52,12.57,0.0,13,16341,卖盘
662,10:12:55,12.57,0.0,13,16341,卖盘
663,10:12:58,12.57,0.0,41,51537,卖盘
664,10:13:01,12.57,0.0,4,5028,卖盘
665,10:13:07,12.57,0.0,16,20112,买盘
666,10:13:19,12.57,0.0,2,2514,买盘
667,10:13:34,12.54,-0.03,12,15051,卖盘
668,10:13:43,12.57,0.03,11,13827,买盘
669,10:14:01,12.56,-0.01,1,1256,买盘
670,10:14:04,12.57,0.01,10,12565,买盘
671,10:14:07,12.57,0.0,10,12570,买盘
672,10:14:10,12.57,0.0,32,40224,买盘
673,10:14:13,12.57,0.0,6,7542,买盘
674,10:14:16,12.57,0.0,68,85476,买盘
675,10:14:22,12.58,0.01,1,1258,买盘
676,10:14:25,12.58,0.0,7,8806,买盘
677,10:14:28,12.58,0.0,5,6290,买盘
678,10:14:31,12.57,-0.01,32,40255,卖盘
679,10:14:34,12.58,0.01,15,18870,买盘
680,10:14:37,12.59,0.01,1,1259,买盘
681,10:14:42,12.59,0.0,3,3777,买盘
682,10:14:46,12.59,0.0,15,18885,买盘
683,10:14:51,12.58,-0.01,24,30192,卖盘
684,10:14:55,12.58,0.0,20,25170,卖盘
685,10:14:58,12.59,0.01,50,62950,买盘
686,10:15:07,12.59,0.0,1,1259,买盘
687,10:15:10,12.59,0.0,4,5036,买盘
688,10:15:13,12.59,0.0,41,51619,买盘
689,10:15:16,12.61,0.02,182,229403,买盘
690,10:15:18,12.62,0.01,61,76846,买盘
691,10:15:22,12.62,0.0,1,1262,买盘
692,10:15:30,12.62,0.0,3,3786,买盘
693,10:15:33,12.61,-0.01,6,7566,卖盘
694,10:15:36,12.62,0.01,4,5048,买盘
695,10:15:40,12.61,-0.01,5,6305,卖盘
696,10:15:46,12.62,0.01,69,87078,买盘
697,10:15:49,12.61,-0.01,15,18915,卖盘
698,10:15:55,12.61,0.0,1,1261,买盘
699,10:15:58,12.61,0.0,1,1261,买盘
700,10:16:10,12.61,0.0,8,10088,买盘
701,10:16:16,12.62,0.01,86,108447,买盘
702,10:16:19,12.62,0.0,1,1262,买盘
703,10:16:28,12.62,0.0,25,31550,买盘
704,10:16:52,12.62,0.0,3,3786,买盘
705,10:17:12,12.61,-0.01,12,15127,中性盘
706,10:17:16,12.6,-0.01,87,109782,卖盘
707,10:17:22,12.61,0.01,2,2522,卖盘
708,10:17:28,12.61,0.0,10,12610,卖盘
709,10:17:34,12.61,0.0,10,12610,卖盘
710,10:17:52,12.61,0.0,33,41613,卖盘
711,10:17:55,12.61,0.0,3,3783,买盘
712,10:18:10,12.61,0.0,2,2522,买盘
713,10:18:16,12.61,0.0,85,107185,买盘
714,10:18:19,12.6,-0.01,5,6300,卖盘
715,10:18:28,12.6,0.0,10,12600,卖盘
716,10:18:34,12.6,0.0,10,12600,卖盘
717,10:18:37,12.6,0.0,10,12600,卖盘
718,10:18:40,12.6,0.0,27,34020,卖盘
719,10:18:48,12.6,0.0,6,7560,卖盘
720,10:18:54,12.6,0.0,50,63000,卖盘
721,10:19:10,12.6,0.0,23,28980,买盘
722,10:19:16,12.61,0.01,84,105882,买盘
723,10:19:22,12.6,-0.01,1,1260,买盘
724,10:19:34,12.59,-0.01,34,42807,卖盘
725,10:19:37,12.61,0.02,1,1261,买盘
726,10:19:40,12.6,-0.01,1,1260,中性盘
727,10:19:42,12.59,-0.01,13,16367,卖盘
728,10:19:52,12.6,0.01,1,1260,买盘
729,10:19:55,12.6,0.0,1,1260,买盘
730,10:20:10,12.6,0.0,1,1260,买盘
731,10:20:16,12.61,0.01,85,107127,买盘
732,10:20:22,12.61,0.0,10,12610,买盘
733,10:20:34,12.6,-0.01,4,5040,买盘
734,10:20:40,12.6,0.0,1,1260,买盘
735,10:20:46,12.59,-0.01,7,8813,卖盘
736,10:21:01,12.6,0.01,1,1260,买盘
737,10:21:13,12.6,0.0,1,1260,买盘
738,10:21:16,12.6,0.0,85,107100,买盘
739,10:21:31,12.6,0.0,25,31500,买盘
740,10:21:34,12.6,0.0,2,2520,买盘
741,10:21:37,12.6,0.0,7,8820,买盘
742,10:21:39,12.61,0.01,1,1261,买盘
743,10:22:04,12.6,-0.01,10,12600,卖盘
744,10:22:06,12.61,0.01,29,36569,买盘
745,10:22:10,12.6,-0.01,9,11340,卖盘
746,10:22:16,12.61,0.01,94,118534,买盘
747,10:22:19,12.6,-0.01,1,1260,卖盘
748,10:22:21,12.61,0.01,48,60528,买盘
749,10:22:34,12.61,0.0,3,3783,买盘
750,10:22:46,12.6,-0.01,3,3780,卖盘
751,10:22:49,12.61,0.01,7,8821,买盘
752,10:22:52,12.61,0.0,1,1261,买盘
753,10:22:55,12.61,0.0,5,6302,买盘
754,10:22:58,12.6,-0.01,19,23941,卖盘
755,10:23:01,12.6,0.0,15,18900,卖盘
756,10:23:06,12.6,0.0,6,7561,卖盘
757,10:23:16,12.61,0.01,86,108446,买盘
758,10:23:55,12.61,0.0,1,1261,买盘
759,10:24:04,12.61,0.0,1,1261,买盘
760,10:24:10,12.61,0.0,2,2521,买盘
761,10:24:13,12.6,-0.01,10,12600,卖盘
762,10:24:16,12.62,0.02,85,107222,买盘
763,10:24:21,12.61,-0.01,1,1261,买盘
764,10:24:37,12.61,0.0,1,1261,买盘
765,10:24:49,12.6,-0.01,20,25200,卖盘
766,10:25:04,12.61,0.01,1,1261,买盘
767,10:25:16,12.61,0.0,2,2522,买盘
768,10:25:18,12.61,0.0,1,1261,买盘
769,10:25:25,12.6,-0.01,20,25200,卖盘
770,10:25:28,12.6,0.0,10,12600,卖盘
771,10:25:33,12.61,0.01,10,12610,买盘
772,10:25:42,12.6,-0.01,3,3780,卖盘
773,10:25:45,12.61,0.01,31,39091,买盘
774,10:25:49,12.61,0.0,11,13871,买盘
775,10:25:52,12.61,0.0,52,65572,买盘
776,10:25:55,12.61,0.0,54,68094,买盘
777,10:25:58,12.61,0.0,24,30264,买盘
778,10:26:01,12.61,0.0,77,97097,买盘
779,10:26:04,12.62,0.01,67,84538,买盘
780,10:26:07,12.63,0.01,7,8835,买盘
781,10:26:10,12.63,0.0,12,15156,买盘
782,10:26:13,12.63,0.0,57,71991,买盘
783,10:26:16,12.63,0.0,2,2526,买盘
784,10:26:19,12.63,0.0,3,3789,买盘
785,10:26:22,12.63,0.0,2,2526,买盘
786,10:26:25,12.63,0.0,23,29049,买盘
787,10:26:30,12.63,0.0,2,2526,买盘
788,10:26:34,12.63,0.0,17,21471,买盘
789,10:26:37,12.63,0.0,1,1263,买盘
790,10:26:40,12.63,0.0,40,50520,买盘
791,10:26:43,12.63,0.0,26,32838,买盘
792,10:26:46,12.63,0.0,23,29049,买盘
793,10:26:49,12.63,0.0,50,63150,买盘
794,10:26:52,12.63,0.0,32,40416,买盘
795,10:26:55,12.63,0.0,7,8841,买盘
796,10:26:58,12.63,0.0,14,17682,买盘
797,10:27:01,12.64,0.01,2,2528,买盘
798,10:27:07,12.65,0.01,21,26551,买盘
799,10:27:10,12.65,0.0,7,8855,买盘
800,10:27:13,12.65,0.0,7,8855,买盘
801,10:27:16,12.65,0.0,9,11385,买盘
802,10:27:25,12.65,0.0,26,32890,买盘
803,10:27:28,12.65,0.0,25,31625,买盘
804,10:27:31,12.65,0.0,140,177000,买盘
805,10:27:34,12.65,0.0,7,8855,买盘
806,10:27:37,12.65,0.0,10,12650,买盘
807,10:27:40,12.65,0.0,1,1265,买盘
808,10:27:43,12.66,0.01,6,7593,买盘
809,10:28:01,12.66,0.0,32,40512,买盘
810,10:28:16,12.66,0.0,15,19004,卖盘
811,10:28:19,12.67,0.01,1,1267,买盘
812,10:28:25,12.67,0.0,2,2534,买盘
813,10:28:28,12.67,0.0,10,12670,买盘
814,10:28:31,12.67,0.0,18,22806,买盘
815,10:28:40,12.66,-0.01,70,88620,卖盘
816,10:28:58,12.66,0.0,68,86088,卖盘
817,10:29:04,12.66,0.0,25,31650,买盘
818,10:29:10,12.65,-0.01,107,135357,卖盘
819,10:29:16,12.65,0.0,3,3797,卖盘
820,10:29:19,12.65,0.0,56,70840,卖盘
821,10:29:22,12.66,0.01,36,45550,买盘
822,10:29:25,12.66,0.0,10,12660,买盘
823,10:29:31,12.66,0.0,10,12660,买盘
824,10:29:37,12.66,0.0,11,13926,买盘
825,10:29:49,12.66,0.0,10,12660,买盘
826,10:30:01,12.65,-0.01,40,50610,卖盘
827,10:30:04,12.65,0.0,1,1265,卖盘
828,10:30:07,12.65,0.0,75,94900,卖盘
829,10:30:19,12.66,0.01,10,12660,买盘
830,10:30:31,12.65,-0.01,33,41745,卖盘
831,10:30:37,12.66,0.01,21,26586,买盘
832,10:30:40,12.66,0.0,46,58236,买盘
833,10:30:43,12.65,-0.01,2,2530,卖盘
834,10:30:46,12.66,0.01,2,2532,买盘
835,10:30:52,12.66,0.0,5,6330,卖盘
836,10:31:25,12.66,0.0,1,1266,卖盘
837,10:31:28,12.66,0.0,3,3798,卖盘
838,10:31:34,12.66,0.0,2,2532,卖盘
839,10:31:37,12.66,0.0,2,2532,卖盘
840,10:31:43,12.66,0.0,9,11394,卖盘
841,10:31:49,12.67,0.01,22,27874,买盘
842,10:31:52,12.66,-0.01,3,3798,卖盘
843,10:32:13,12.67,0.01,12,15202,买盘
844,10:32:22,12.66,-0.01,2,2532,卖盘
845,10:32:25,12.67,0.01,4,5068,买盘
846,10:32:37,12.67,0.0,31,39277,买盘
847,10:33:01,12.67,0.0,8,10136,买盘
848,10:33:07,12.67,0.0,22,27874,买盘
849,10:33:13,12.67,0.0,56,70952,买盘
850,10:33:16,12.67,0.0,13,16471,买盘
851,10:33:19,12.68,0.01,43,54506,买盘
852,10:33:22,12.68,0.0,30,38040,买盘
853,10:33:25,12.68,0.0,12,15216,买盘
854,10:33:28,12.68,0.0,3,3804,买盘
855,10:33:31,12.68,0.0,48,60864,买盘
856,10:33:34,12.68,0.0,23,29164,买盘
857,10:33:37,12.69,0.01,72,91313,买盘
858,10:33:40,12.69,0.0,4,5076,买盘
859,10:33:43,12.69,0.0,21,26649,买盘
860,10:33:46,12.7,0.01,172,218218,买盘
861,10:33:49,12.7,0.0,10,12700,买盘
862,10:33:55,12.7,0.0,10,12700,买盘
863,10:33:58,12.7,0.0,10,12700,买盘
864,10:34:01,12.69,-0.01,6,7614,卖盘
865,10:34:04,12.7,0.01,108,137160,买盘
866,10:34:10,12.7,0.0,69,87630,买盘
867,10:34:16,12.7,0.0,35,44450,买盘
868,10:34:25,12.7,0.0,3,3810,买盘
869,10:34:28,12.69,-0.01,73,92642,卖盘
870,10:34:31,12.69,0.0,30,38070,买盘
871,10:34:43,12.68,-0.01,1,1268,卖盘
872,10:34:49,12.68,0.0,10,12680,卖盘
873,10:34:52,12.68,0.0,2,2536,卖盘
874,10:34:55,12.68,0.0,11,13948,卖盘
875,10:34:58,12.68,0.0,25,31690,买盘
876,10:35:04,12.68,0.0,4,5072,买盘
877,10:35:07,12.68,0.0,13,16474,买盘
878,10:35:10,12.67,-0.01,22,27874,卖盘
879,10:35:31,12.66,-0.01,10,12660,卖盘
880,10:35:43,12.66,0.0,10,12660,卖盘
881,10:35:49,12.66,0.0,28,35448,卖盘
882,10:35:52,12.66,0.0,2,2532,卖盘
883,10:35:55,12.67,0.01,55,69613,买盘
884,10:36:07,12.65,-0.02,1,1265,买盘
885,10:36:10,12.62,-0.03,28,35380,卖盘
886,10:36:34,12.63,0.01,10,12625,买盘
887,10:36:52,12.62,-0.01,8,10096,卖盘
888,10:36:58,12.64,0.02,9,11376,买盘
889,10:37:04,12.63,-0.01,15,18957,卖盘
890,10:37:07,12.64,0.01,1,1264,买盘
891,10:37:13,12.65,0.01,1,1265,买盘
892,10:37:16,12.64,-0.01,6,7589,卖盘
893,10:37:28,12.66,0.02,2,2532,买盘
894,10:37:31,12.66,0.0,4,5064,买盘
895,10:37:37,12.66,0.0,20,25320,卖盘
896,10:37:43,12.66,0.0,1,1266,卖盘
897,10:37:49,12.67,0.01,23,29140,买盘
898,10:37:52,12.66,-0.01,1,1266,卖盘
899,10:37:55,12.66,0.0,22,27852,卖盘
900,10:37:58,12.66,0.0,10,12660,中性盘
901,10:38:00,12.67,0.01,10,12670,买盘
902,10:38:22,12.65,-0.02,5,6325,卖盘
903,10:38:34,12.67,0.02,10,12670,买盘
904,10:38:37,12.65,-0.02,1,1265,卖盘
905,10:38:49,12.65,0.0,18,22770,买盘
906,10:39:04,12.66,0.01,14,17724,卖盘
907,10:39:07,12.66,0.0,8,10128,买盘
908,10:39:10,12.66,0.0,20,25320,买盘
909,10:39:16,12.66,0.0,12,15192,买盘
910,10:39:22,12.66,0.0,10,12660,买盘
911,10:39:28,12.67,0.01,47,59504,买盘
912,10:39:37,12.67,0.0,10,12670,买盘
913,10:40:01,12.67,0.0,73,92481,买盘
914,10:40:19,12.69,0.02,63,79894,买盘
915,10:40:25,12.68,-0.01,82,104023,卖盘
916,10:40:28,12.69,0.01,5,6345,买盘
917,10:40:31,12.69,0.0,15,19035,买盘
918,10:40:34,12.69,0.0,2,2538,买盘
919,10:40:43,12.69,0.0,50,63450,买盘
920,10:40:58,12.68,-0.01,16,20288,卖盘
921,10:41:13,12.69,0.01,1,1269,买盘
922,10:41:46,12.69,0.0,10,12690,买盘
923,10:42:04,12.68,-0.01,3,3804,卖盘
924,10:42:07,12.69,0.01,1,1269,买盘
925,10:42:37,12.69,0.0,1,1269,买盘
926,10:42:43,12.68,-0.01,3,3804,卖盘
927,10:43:01,12.68,0.0,96,121728,卖盘
928,10:43:16,12.68,0.0,127,161036,卖盘
929,10:43:19,12.68,0.0,5,6340,卖盘
930,10:43:28,12.68,0.0,18,22824,卖盘
931,10:43:31,12.68,0.0,1,1268,卖盘
932,10:43:34,12.69,0.01,10,12690,买盘
933,10:43:37,12.69,0.0,30,38050,买盘
934,10:43:43,12.69,0.0,30,38070,买盘
935,10:43:46,12.69,0.0,40,50760,买盘
936,10:43:49,12.68,-0.01,33,41844,卖盘
937,10:43:52,12.69,0.01,36,45667,买盘
938,10:43:54,12.7,0.01,57,72380,买盘
939,10:44:01,12.7,0.0,10,12700,买盘
940,10:44:07,12.7,0.0,2,2540,买盘
941,10:44:10,12.69,-0.01,50,63495,卖盘
942,10:44:13,12.69,0.0,15,19035,卖盘
943,10:44:16,12.69,0.0,32,40637,卖盘
944,10:44:22,12.7,0.01,210,266686,买盘
945,10:44:30,12.69,-0.01,13,16497,卖盘
946,10:44:36,12.69,0.0,1,1269,买盘
947,10:44:46,12.7,0.01,3,3810,买盘
948,10:44:52,12.71,0.01,138,175270,买盘
949,10:44:55,12.7,-0.01,8,10160,中性盘
950,10:45:01,12.71,0.01,16,20336,买盘
951,10:45:04,12.71,0.0,25,31803,中性盘
952,10:45:16,12.73,0.02,2,2546,买盘
953,10:45:21,12.73,0.0,8,10184,买盘
954,10:45:25,12.73,0.0,61,77613,买盘
955,10:45:37,12.72,-0.01,1,1272,卖盘
956,10:45:40,12.75,0.03,135,172021,买盘
957,10:45:43,12.75,0.0,4,5100,卖盘
958,10:45:46,12.75,0.0,1,1275,卖盘
959,10:45:49,12.75,0.0,2,2550,卖盘
960,10:45:55,12.75,0.0,14,17857,卖盘
961,10:46:01,12.75,0.0,10,12750,卖盘
962,10:46:10,12.76,0.01,6,7656,买盘
963,10:46:13,12.75,-0.01,5,6375,卖盘
964,10:46:16,12.75,0.0,2,2550,卖盘
965,10:46:22,12.76,0.01,13,16588,买盘
966,10:46:34,12.76,0.0,67,85492,买盘
967,10:46:37,12.75,-0.01,242,308550,卖盘
968,10:46:40,12.75,0.0,13,16575,中性盘
969,10:46:45,12.75,0.0,50,63750,买盘
970,10:46:49,12.75,0.0,30,38244,买盘
971,10:46:52,12.75,0.0,7,8925,卖盘
972,10:46:55,12.75,0.0,6,7650,卖盘
973,10:47:01,12.76,0.01,6,7656,买盘
974,10:47:10,12.77,0.01,11,14047,买盘
975,10:47:13,12.76,-0.01,13,16588,卖盘
976,10:47:16,12.76,0.0,60,76610,卖盘
977,10:47:19,12.77,0.01,3,3831,买盘
978,10:47:22,12.77,0.0,9,11493,买盘
979,10:47:25,12.76,-0.01,45,57420,卖盘
980,10:47:28,12.76,0.0,2,2552,买盘
981,10:47:31,12.76,0.0,65,82942,买盘
982,10:47:33,12.76,0.0,6,7656,卖盘
983,10:47:37,12.76,0.0,2,2552,卖盘
984,10:47:40,12.76,0.0,101,128887,卖盘
985,10:47:42,12.77,0.01,38,48491,买盘
986,10:47:46,12.77,0.0,11,14047,买盘
987,10:47:49,12.77,0.0,42,53634,买盘
988,10:47:52,12.76,-0.01,2,2552,卖盘
989,10:47:54,12.76,0.0,5,6380,卖盘
990,10:48:01,12.76,0.0,21,26807,卖盘
991,10:48:10,12.76,0.0,3,3829,卖盘
992,10:48:19,12.76,0.0,61,77786,买盘
993,10:48:22,12.76,0.0,14,17864,买盘
994,10:48:25,12.75,-0.01,1,1275,卖盘
995,10:48:30,12.77,0.02,15,19151,买盘
996,10:48:40,12.76,-0.01,26,33168,买盘
997,10:48:52,12.76,0.0,6,7656,买盘
998,10:48:58,12.76,0.0,27,34432,买盘
999,10:49:01,12.76,0.0,39,49764,买盘
1000,10:49:04,12.75,-0.01,38,48464,卖盘
1001,10:49:07,12.76,0.01,15,19130,中性盘
1002,10:49:10,12.77,0.01,6,7662,买盘
1003,10:49:13,12.76,-0.01,3,3828,卖盘
1004,10:49:19,12.76,0.0,9,11484,卖盘
1005,10:49:22,12.77,0.01,20,25531,买盘
1006,10:49:31,12.77,0.0,6,7662,买盘
1007,10:49:34,12.77,0.0,23,29356,买盘
1008,10:49:40,12.77,0.0,1,1277,买盘
1009,10:49:52,12.76,-0.01,5,6380,买盘
1010,10:49:54,12.75,-0.01,4,5100,卖盘
1011,10:50:10,12.76,0.01,2,2552,买盘
1012,10:50:12,12.75,-0.01,5,6375,卖盘
1013,10:50:16,12.76,0.01,5,6380,买盘
1014,10:50:19,12.75,-0.01,10,12750,卖盘
1015,10:50:21,12.75,0.0,3,3825,卖盘
1016,10:50:25,12.76,0.01,10,12760,买盘
1017,10:50:27,12.76,0.0,17,21692,买盘
1018,10:50:31,12.76,0.0,5,6379,买盘
1019,10:50:37,12.76,0.0,13,16588,买盘
1020,10:50:40,12.76,0.0,12,15312,买盘
1021,10:50:43,12.76,0.0,27,34452,卖盘
1022,10:50:46,12.76,0.0,4,5104,卖盘
1023,10:50:48,12.76,0.0,1,1276,卖盘
1024,10:50:52,12.77,0.01,12,15324,买盘
1025,10:50:55,12.76,-0.01,70,89361,卖盘
1026,10:50:58,12.76,0.0,20,25520,买盘
1027,10:51:01,12.76,0.0,3,3828,买盘
1028,10:51:10,12.76,0.0,18,22968,买盘
1029,10:51:13,12.76,0.0,10,12760,买盘
1030,10:51:16,12.76,0.0,7,8932,卖盘
1031,10:51:18,12.76,0.0,4,5104,买盘
1032,10:51:21,12.77,0.01,1,1277,买盘
1033,10:51:28,12.76,-0.01,10,12760,卖盘
1034,10:51:30,12.77,0.01,12,15319,买盘
1035,10:51:33,12.76,-0.01,61,77838,卖盘
1036,10:51:40,12.77,0.01,20,25540,买盘
1037,10:51:42,12.77,0.0,107,136639,买盘
1038,10:51:46,12.76,-0.01,453,578028,卖盘
1039,10:51:49,12.76,0.0,3,3828,买盘
1040,10:51:52,12.77,0.01,218,278222,买盘
1041,10:51:54,12.77,0.0,162,206874,买盘
1042,10:51:58,12.77,0.0,16,20432,买盘
1043,10:52:04,12.78,0.01,4,5112,买盘
1044,10:52:07,12.77,-0.01,50,63850,卖盘
1045,10:52:10,12.78,0.01,96,122683,买盘
1046,10:52:13,12.77,-0.01,12,15324,卖盘
1047,10:52:16,12.78,0.01,32,40896,买盘
1048,10:52:19,12.78,0.0,4,5112,买盘
1049,10:52:22,12.78,0.0,58,74124,买盘
1050,10:52:25,12.78,0.0,52,66456,买盘
1051,10:52:34,12.78,0.0,7,8948,卖盘
1052,10:52:40,12.79,0.01,42,53698,买盘
1053,10:52:42,12.78,-0.01,4,5112,卖盘
1054,10:52:46,12.79,0.01,13,16627,买盘
1055,10:52:52,12.79,0.0,25,31960,买盘
1056,10:52:55,12.78,-0.01,1,1278,卖盘
1057,10:53:00,12.79,0.01,8,10232,买盘
1058,10:53:04,12.78,-0.01,26,33228,卖盘
1059,10:53:07,12.78,0.0,3,3834,买盘
1060,10:53:09,12.78,0.0,10,12780,买盘
1061,10:53:13,12.77,-0.01,23,29371,卖盘
1062,10:53:21,12.77,0.0,103,131441,买盘
1063,10:53:25,12.77,0.0,172,219644,买盘
1064,10:53:31,12.77,0.0,32,40864,买盘
1065,10:53:40,12.77,0.0,41,52357,买盘
1066,10:53:49,12.77,0.0,13,16601,买盘
1067,10:53:52,12.77,0.0,8,10216,买盘
1068,10:54:04,12.77,0.0,2,2554,买盘
1069,10:54:10,12.77,0.0,15,19154,买盘
1070,10:54:19,12.76,-0.01,7,8934,卖盘
1071,10:54:22,12.77,0.01,22,28094,买盘
1072,10:54:25,12.76,-0.01,28,35738,卖盘
1073,10:54:28,12.77,0.01,17,21707,买盘
1074,10:54:30,12.77,0.0,2,2554,买盘
1075,10:54:34,12.77,0.0,11,14044,买盘
1076,10:54:37,12.76,-0.01,35,44660,买盘
1077,10:54:40,12.76,0.0,2,2552,卖盘
1078,10:54:43,12.77,0.01,20,25540,买盘
1079,10:54:46,12.76,-0.01,5,6380,卖盘
1080,10:54:49,12.77,0.01,22,28094,买盘
1081,10:54:52,12.77,0.0,25,31925,买盘
1082,10:54:55,12.77,0.0,13,16601,买盘
1083,10:54:58,12.76,-0.01,5,6380,卖盘
1084,10:55:01,12.77,0.01,16,20432,买盘
1085,10:55:04,12.77,0.0,9,11493,买盘
1086,10:55:07,12.77,0.0,12,15324,买盘
1087,10:55:10,12.77,0.0,22,28092,买盘
1088,10:55:13,12.76,-0.01,55,70181,卖盘
1089,10:55:16,12.77,0.01,22,28090,买盘
1090,10:55:21,12.77,0.0,23,29361,买盘
1091,10:55:28,12.77,0.0,47,60019,买盘
1092,10:55:31,12.77,0.0,110,140470,买盘
1093,10:55:37,12.77,0.0,43,54911,买盘
1094,10:55:40,12.77,0.0,8,10215,买盘
1095,10:55:43,12.76,-0.01,85,108500,卖盘
1096,10:55:46,12.77,0.01,61,77838,买盘
1097,10:55:51,12.77,0.0,11,14047,买盘
1098,10:55:58,12.77,0.0,13,16601,买盘
1099,10:56:01,12.77,0.0,2,3065,买盘
1100,10:56:10,12.77,0.0,6,7662,卖盘
1101,10:56:13,12.78,0.01,5,6390,买盘
1102,10:56:19,12.77,-0.01,19,24265,卖盘
1103,10:56:22,12.78,0.01,11,14058,买盘
1104,10:56:31,12.78,0.0,6,7668,买盘
1105,10:56:34,12.78,0.0,3,3834,买盘
1106,10:56:46,12.77,-0.01,2,2554,卖盘
1107,10:56:49,12.78,0.01,22,28116,买盘
1108,10:56:51,12.77,-0.01,12,15326,卖盘
1109,10:57:01,12.78,0.01,20,25560,买盘
1110,10:57:04,12.78,0.0,2,2556,买盘
1111,10:57:06,12.77,-0.01,7,8939,卖盘
1112,10:57:13,12.78,0.01,4,5112,买盘
1113,10:57:16,12.77,-0.01,2,2554,卖盘
1114,10:57:19,12.78,0.01,2,2556,买盘
1115,10:57:22,12.78,0.0,11,14058,买盘
1116,10:57:31,12.77,-0.01,9,11497,卖盘
1117,10:57:43,12.78,0.01,2,2556,买盘
1118,10:57:46,12.77,-0.01,1,1277,卖盘
1119,10:57:49,12.78,0.01,52,66456,买盘
1120,10:57:52,12.77,-0.01,9,11493,卖盘
1121,10:57:54,12.78,0.01,7,8946,买盘
1122,10:58:01,12.78,0.0,16,20445,买盘
1123,10:58:03,12.78,0.0,3,3834,买盘
1124,10:58:07,12.78,0.0,13,16614,买盘
1125,10:58:09,12.78,0.0,2,2556,买盘
1126,10:58:12,12.78,0.0,5,6390,买盘
1127,10:58:16,12.78,0.0,97,123964,买盘
1128,10:58:19,12.78,0.0,36,46034,买盘
1129,10:58:22,12.79,0.01,202,258358,买盘
1130,10:58:25,12.78,-0.01,85,108649,卖盘
1131,10:58:31,12.8,0.02,222,284160,买盘
1132,10:58:34,12.8,0.0,111,142080,买盘
1133,10:58:37,12.8,0.0,295,377600,买盘
1134,10:58:40,12.8,0.0,14,17924,中性盘
1135,10:58:43,12.82,0.02,33,42282,买盘
1136,10:58:46,12.81,-0.01,10,12818,卖盘
1137,10:58:49,12.83,0.02,58,74364,买盘
1138,10:58:52,12.83,0.0,8,10264,买盘
1139,10:58:55,12.83,0.0,5,6415,买盘
1140,10:58:58,12.85,0.02,109,139975,买盘
1141,10:59:01,12.85,0.0,130,167020,买盘
1142,10:59:04,12.83,-0.02,13,16695,卖盘
1143,10:59:07,12.85,0.02,27,34655,买盘
1144,10:59:10,12.84,-0.01,20,25685,卖盘
1145,10:59:13,12.84,0.0,17,21828,买盘
1146,10:59:16,12.84,0.0,4,5134,买盘
1147,10:59:19,12.83,-0.01,85,109075,卖盘
1148,10:59:22,12.84,0.01,12,15408,买盘
1149,10:59:25,12.84,0.0,68,87312,买盘
1150,10:59:31,12.84,0.0,35,44920,买盘
1151,10:59:37,12.84,0.0,12,15408,卖盘
1152,10:59:43,12.84,0.0,6,7704,卖盘
1153,10:59:46,12.84,0.0,6,7704,卖盘
1154,10:59:49,12.85,0.01,3,3855,买盘
1155,10:59:52,12.84,-0.01,1,1284,卖盘
1156,10:59:54,12.84,0.0,16,20544,卖盘
1157,10:59:58,12.84,0.0,44,56496,买盘
1158,11:00:01,12.84,0.0,1,1284,卖盘
1159,11:00:04,12.84,0.0,5,6420,买盘
1160,11:00:07,12.84,0.0,2,2568,买盘
1161,11:00:10,12.84,0.0,8,10272,买盘
1162,11:00:16,12.84,0.0,34,43646,买盘
1163,11:00:19,12.83,-0.01,2,2566,卖盘
1164,11:00:22,12.84,0.01,9,11556,买盘
1165,11:00:31,12.83,-0.01,26,33358,卖盘
1166,11:00:37,12.84,0.01,100,128400,买盘
1167,11:00:43,12.83,-0.01,31,39773,卖盘
1168,11:00:49,12.83,0.0,2,2566,卖盘
1169,11:01:01,12.83,0.0,21,26954,卖盘
1170,11:01:04,12.83,0.0,23,29509,卖盘
1171,11:01:10,12.83,0.0,11,14113,买盘
1172,11:01:15,12.83,0.0,7,8981,买盘
1173,11:01:19,12.83,0.0,10,12830,卖盘
1174,11:01:21,12.84,0.01,9,11556,买盘
1175,11:01:49,12.84,0.0,23,29531,买盘
1176,11:01:52,12.84,0.0,29,37236,买盘
1177,11:01:58,12.84,0.0,39,50076,买盘
1178,11:02:04,12.84,0.0,7,8988,买盘
1179,11:02:10,12.83,-0.01,1,1283,卖盘
1180,11:02:13,12.84,0.01,6,7699,买盘
1181,11:02:16,12.83,-0.01,23,29509,卖盘
1182,11:02:19,12.84,0.01,3,3850,买盘
1183,11:02:22,12.84,0.0,11,14124,买盘
1184,11:02:34,12.84,0.0,2,2568,买盘
1185,11:02:39,12.83,-0.01,6,7698,卖盘
1186,11:02:48,12.83,0.0,2,2566,卖盘
1187,11:03:01,12.83,0.0,10,12830,卖盘
1188,11:03:10,12.83,0.0,30,38490,卖盘
1189,11:03:16,12.84,0.01,57,73151,买盘
1190,11:03:19,12.83,-0.01,8,10264,卖盘
1191,11:03:22,12.84,0.01,9,11556,买盘
1192,11:03:25,12.83,-0.01,10,12830,卖盘
1193,11:03:34,12.83,0.0,60,76990,卖盘
1194,11:03:37,12.84,0.01,10,12840,买盘
1195,11:03:40,12.83,-0.01,1,1283,卖盘
1196,11:03:46,12.83,0.0,4,5132,卖盘
1197,11:03:49,12.82,-0.01,2,2564,卖盘
1198,11:04:04,12.82,0.0,69,88468,卖盘
1199,11:04:07,12.82,0.0,18,23086,卖盘
1200,11:04:19,12.82,0.0,1,1282,卖盘
1201,11:04:22,12.83,0.01,9,11547,买盘
1202,11:04:25,12.82,-0.01,32,41024,卖盘
1203,11:04:34,12.82,0.0,150,192300,卖盘
1204,11:04:46,12.83,0.01,85,108990,买盘
1205,11:04:48,12.82,-0.01,2,2564,卖盘
1206,11:04:55,12.82,0.0,3,3846,卖盘
1207,11:05:16,12.83,0.01,10,12830,买盘
1208,11:05:19,12.82,-0.01,3,3847,卖盘
1209,11:05:21,12.83,0.01,8,10264,买盘
1210,11:05:25,12.84,0.01,20,25680,买盘
1211,11:05:28,12.85,0.01,50,64248,买盘
1212,11:05:31,12.85,0.0,50,64248,买盘
1213,11:05:34,12.84,-0.01,15,19270,卖盘
1214,11:05:37,12.85,0.01,11,14135,买盘
1215,11:05:40,12.85,0.0,62,79670,买盘
1216,11:05:43,12.85,0.0,103,132350,买盘
1217,11:05:49,12.85,0.0,11,14135,卖盘
1218,11:05:55,12.85,0.0,25,32125,卖盘
1219,11:05:58,12.86,0.01,24,30864,买盘
1220,11:06:01,12.86,0.0,1,1286,买盘
1221,11:06:04,12.86,0.0,3,3858,买盘
1222,11:06:07,12.85,-0.01,53,68106,卖盘
1223,11:06:18,12.85,0.0,7,9001,卖盘
1224,11:06:22,12.86,0.01,10,12860,买盘
1225,11:06:46,12.86,0.0,2,2572,买盘
1226,11:06:49,12.85,-0.01,4,5142,卖盘
1227,11:06:58,12.85,0.0,20,25700,卖盘
1228,11:07:01,12.85,0.0,10,12850,卖盘
1229,11:07:07,12.85,0.0,5,6425,卖盘
1230,11:07:16,12.85,0.0,12,15420,卖盘
1231,11:07:19,12.85,0.0,2,2570,卖盘
1232,11:07:22,12.86,0.01,9,11574,买盘
1233,11:07:24,12.85,-0.01,2,2570,卖盘
1234,11:07:46,12.86,0.01,175,225040,买盘
1235,11:07:49,12.86,0.0,7,9002,卖盘
1236,11:07:52,12.87,0.01,1,1287,买盘
1237,11:08:16,12.87,0.0,93,119632,买盘
1238,11:08:19,12.86,-0.01,1,1286,卖盘
1239,11:08:22,12.87,0.01,69,88803,买盘
1240,11:08:25,12.86,-0.01,5,6430,卖盘
1241,11:08:28,12.87,0.01,42,54054,买盘
1242,11:08:31,12.86,-0.01,10,12861,卖盘
1243,11:08:34,12.88,0.02,3,3863,买盘
1244,11:08:49,12.88,0.0,4,5150,买盘
1245,11:08:55,12.88,0.0,26,33488,买盘
1246,11:09:01,12.87,-0.01,3,3861,卖盘
1247,11:09:13,12.88,0.01,136,175168,买盘
1248,11:09:18,12.87,-0.01,19,24472,卖盘
1249,11:09:21,12.88,0.01,60,77289,卖盘
1250,11:09:25,12.88,0.0,16,20619,中性盘
1251,11:09:34,12.89,0.01,2,2578,买盘
1252,11:09:37,12.88,-0.01,2,2576,卖盘
1253,11:09:48,12.89,0.01,2,2578,买盘
1254,11:09:52,12.88,-0.01,52,66976,卖盘
1255,11:09:58,12.88,0.0,30,38640,卖盘
1256,11:10:13,12.88,0.0,21,27048,买盘
1257,11:10:16,12.88,0.0,1,1288,买盘
1258,11:10:19,12.89,0.01,20,25780,买盘
1259,11:10:22,12.88,-0.01,16,20617,卖盘
1260,11:10:34,12.88,0.0,24,30916,卖盘
1261,11:10:37,12.88,0.0,2,2576,买盘
1262,11:10:46,12.87,-0.01,2,2574,卖盘
1263,11:10:52,12.87,0.0,4,5148,卖盘
1264,11:11:01,12.88,0.01,47,60536,买盘
1265,11:11:04,12.88,0.0,2,2576,买盘
1266,11:11:07,12.87,-0.01,5,6435,卖盘
1267,11:11:12,12.87,0.0,2,2574,卖盘
1268,11:11:22,12.88,0.01,26,33471,买盘
1269,11:11:25,12.88,0.0,13,16744,买盘
1270,11:11:31,12.88,0.0,3,3864,卖盘
1271,11:11:33,12.89,0.01,5,6442,买盘
1272,11:11:37,12.88,-0.01,16,20608,卖盘
1273,11:11:40,12.88,0.0,2,2576,买盘
1274,11:11:49,12.89,0.01,1,1289,买盘
1275,11:11:52,12.88,-0.01,2,2576,卖盘
1276,11:12:01,12.88,0.0,6,7728,卖盘
1277,11:12:04,12.87,-0.01,52,66951,卖盘
1278,11:12:09,12.86,-0.01,28,36008,卖盘
1279,11:12:13,12.86,0.0,30,38580,卖盘
1280,11:12:19,12.86,0.0,2,2572,卖盘
1281,11:12:22,12.87,0.01,11,14153,买盘
1282,11:12:25,12.87,0.0,23,29581,中性盘
1283,11:12:31,12.85,-0.02,8,10280,卖盘
1284,11:12:37,12.84,-0.01,6,7704,卖盘
1285,11:12:40,12.84,0.0,6,7704,卖盘
1286,11:12:43,12.84,0.0,8,10277,卖盘
1287,11:12:46,12.83,-0.01,25,32089,卖盘
1288,11:12:49,12.83,0.0,10,12830,买盘
1289,11:12:52,12.82,-0.01,5,6410,卖盘
1290,11:13:04,12.79,-0.03,23,29421,卖盘
1291,11:13:07,12.85,0.06,247,316882,买盘
1292,11:13:12,12.81,-0.04,1,1281,买盘
1293,11:13:22,12.84,0.03,11,14120,买盘
1294,11:13:28,12.84,0.0,44,56466,买盘
1295,11:13:36,12.84,0.0,3,3852,卖盘
1296,11:13:40,12.84,0.0,2,2568,买盘
1297,11:13:43,12.85,0.01,8,10275,买盘
1298,11:13:49,12.85,0.0,10,12850,卖盘
1299,11:13:52,12.85,0.0,2,2570,卖盘
1300,11:13:55,12.85,0.0,5,6425,卖盘
1301,11:13:58,12.86,0.01,27,34700,买盘
1302,11:14:01,12.85,-0.01,31,39835,买盘
1303,11:14:04,12.85,0.0,2,2570,卖盘
1304,11:14:13,12.86,0.01,5,6430,买盘
1305,11:14:19,12.85,-0.01,20,25700,卖盘
1306,11:14:22,12.86,0.01,11,14144,买盘
1307,11:14:33,12.86,0.0,8,10288,买盘
1308,11:14:43,12.86,0.0,5,6430,买盘
1309,11:14:46,12.85,-0.01,4,5140,卖盘
1310,11:14:52,12.85,0.0,1,1285,卖盘
1311,11:14:58,12.85,0.0,20,25700,卖盘
1312,11:15:15,12.85,0.0,14,17995,卖盘
1313,11:15:22,12.85,0.0,22,28279,卖盘
1314,11:15:28,12.86,0.01,51,65550,买盘
1315,11:15:31,12.85,-0.01,20,25700,中性盘
1316,11:15:43,12.85,0.0,2,2570,买盘
1317,11:15:46,12.86,0.01,10,12860,买盘
1318,11:15:49,12.85,-0.01,8,10280,卖盘
1319,11:15:52,12.85,0.0,2,2570,卖盘
1320,11:15:54,12.85,0.0,10,12850,卖盘
1321,11:16:13,12.86,0.01,10,12855,买盘
1322,11:16:19,12.85,-0.01,20,25700,卖盘
1323,11:16:22,12.85,0.0,11,14144,卖盘
1324,11:16:27,12.85,0.0,3,3855,卖盘
1325,11:16:31,12.85,0.0,7,8995,买盘
1326,11:16:33,12.83,-0.02,10,12830,卖盘
1327,11:16:40,12.83,0.0,50,64150,买盘
1328,11:16:43,12.86,0.03,11,14138,买盘
1329,11:16:46,12.86,0.0,10,12860,买盘
1330,11:16:49,12.86,0.0,36,46217,买盘
1331,11:16:52,12.84,-0.02,1,1284,中性盘
1332,11:16:58,12.85,0.01,20,25700,买盘
1333,11:17:04,12.85,0.0,5,6425,买盘
1334,11:17:07,12.85,0.0,20,25710,卖盘
1335,11:17:10,12.86,0.01,21,27006,买盘
1336,11:17:13,12.86,0.0,18,23148,买盘
1337,11:17:22,12.86,0.0,9,11574,买盘
1338,11:17:25,12.85,-0.01,2,2570,卖盘
1339,11:17:31,12.86,0.01,276,354936,买盘
1340,11:17:34,12.87,0.01,23,29601,买盘
1341,11:17:37,12.87,0.0,19,24453,买盘
1342,11:17:43,12.88,0.01,30,38640,买盘
1343,11:17:46,12.88,0.0,18,23172,买盘
1344,11:17:49,12.88,0.0,31,39928,买盘
1345,11:17:52,12.87,-0.01,2,2574,卖盘
1346,11:17:54,12.88,0.01,49,63112,买盘
1347,11:17:58,12.88,0.0,23,29624,买盘
1348,11:18:01,12.87,-0.01,1,1287,卖盘
1349,11:18:04,12.88,0.01,28,36064,买盘
1350,11:18:06,12.88,0.0,2,2576,买盘
1351,11:18:10,12.88,0.0,25,32200,买盘
1352,11:18:13,12.88,0.0,211,271973,卖盘
1353,11:18:16,12.88,0.0,19,24472,卖盘
1354,11:18:19,12.88,0.0,5,6440,卖盘
1355,11:18:22,12.89,0.01,9,11601,买盘
1356,11:18:25,12.88,-0.01,2,2576,卖盘
1357,11:18:28,12.89,0.01,9,11599,买盘
1358,11:18:36,12.88,-0.01,10,12880,卖盘
1359,11:18:43,12.89,0.01,10,12890,买盘
1360,11:18:46,12.89,0.0,5,6445,买盘
1361,11:18:49,12.89,0.0,5,6445,买盘
1362,11:18:54,12.88,-0.01,2,2576,卖盘
1363,11:18:58,12.89,0.01,184,237116,买盘
1364,11:19:07,12.89,0.0,14,18046,买盘
1365,11:19:10,12.89,0.0,10,12890,卖盘
1366,11:19:16,12.9,0.01,22,28380,买盘
1367,11:19:18,12.9,0.0,16,20640,买盘
1368,11:19:22,12.9,0.0,9,11610,买盘
1369,11:19:25,12.89,-0.01,3,3867,卖盘
1370,11:19:34,12.9,0.01,3,3870,买盘
1371,11:19:36,12.9,0.0,7,9030,买盘
1372,11:19:46,12.9,0.0,5,6450,买盘
1373,11:19:52,12.9,0.0,30,38700,买盘
1374,11:19:55,12.9,0.0,7,9028,买盘
1375,11:19:58,12.9,0.0,15,19350,买盘
1376,11:20:04,12.9,0.0,3,3870,买盘
1377,11:20:07,12.9,0.0,3,3870,买盘
1378,11:20:16,12.9,0.0,5,6450,买盘
1379,11:20:21,12.9,0.0,12,15480,买盘
1380,11:20:24,12.9,0.0,7,9028,买盘
1381,11:20:27,12.89,-0.01,60,77340,卖盘
1382,11:20:33,12.9,0.01,1,1290,买盘
1383,11:20:36,12.9,0.0,49,63210,买盘
1384,11:20:40,12.89,-0.01,110,141850,卖盘
1385,11:20:43,12.9,0.01,25,32230,买盘
1386,11:20:46,12.9,0.0,168,216660,买盘
1387,11:20:49,12.9,0.0,85,109650,买盘
1388,11:20:51,12.9,0.0,459,592080,买盘
1389,11:20:55,12.9,0.0,7,9030,卖盘
1390,11:20:58,12.92,0.02,49,63270,买盘
1391,11:21:04,12.91,-0.01,8,10335,卖盘
1392,11:21:07,12.92,0.01,2,2584,买盘
1393,11:21:10,12.92,0.0,28,36176,买盘
1394,11:21:12,12.92,0.0,31,40052,买盘
1395,11:21:16,12.92,0.0,13,16808,中性盘
1396,11:21:19,12.92,0.0,60,77523,卖盘
1397,11:21:22,12.92,0.0,19,24557,卖盘
1398,11:21:25,12.93,0.01,7,9050,买盘
1399,11:21:28,12.93,0.0,10,12930,买盘
1400,11:21:31,12.93,0.0,5,6465,买盘
1401,11:21:34,12.93,0.0,25,32325,买盘
1402,11:21:37,12.93,0.0,56,72408,买盘
1403,11:21:40,12.93,0.0,31,40083,卖盘
1404,11:21:46,12.93,0.0,5,6465,卖盘
1405,11:21:49,12.93,0.0,1,1293,卖盘
1406,11:21:52,12.94,0.01,2,2588,买盘
1407,11:21:55,12.94,0.0,8,10350,买盘
1408,11:21:58,12.94,0.0,2,2588,买盘
1409,11:22:01,12.94,0.0,15,19410,买盘
1410,11:22:04,12.94,0.0,4,5176,买盘
1411,11:22:06,12.94,0.0,15,19410,买盘
1412,11:22:10,12.94,0.0,5,6470,卖盘
1413,11:22:13,12.94,0.0,20,25880,卖盘
1414,11:22:15,12.95,0.01,5,6475,买盘
1415,11:22:22,12.95,0.0,47,60865,买盘
1416,11:22:25,12.95,0.0,65,84128,买盘
1417,11:22:28,12.96,0.01,10,12960,买盘
1418,11:22:31,12.95,-0.01,60,77755,卖盘
1419,11:22:34,12.98,0.03,132,171126,买盘
1420,11:22:42,12.97,-0.01,5,6485,中性盘
1421,11:22:46,12.97,0.0,10,12970,买盘
1422,11:22:49,12.98,0.01,66,85633,买盘
1423,11:22:52,12.97,-0.01,250,324471,卖盘
1424,11:22:55,12.98,0.01,2,2596,中性盘
1425,11:22:58,12.98,0.0,12,15587,卖盘
1426,11:23:01,12.99,0.01,17,22083,买盘
1427,11:23:03,12.98,-0.01,8,10384,卖盘
1428,11:23:07,12.98,0.0,212,275359,买盘
1429,11:23:10,12.98,0.0,33,42865,中性盘
1430,11:23:13,12.98,0.0,7,9086,卖盘
1431,11:23:16,12.99,0.01,103,133794,买盘
1432,11:23:22,12.98,-0.01,21,27255,卖盘
1433,11:23:25,12.99,0.01,107,138982,买盘
1434,11:23:28,12.99,0.0,8,10392,买盘
1435,11:23:31,12.99,0.0,1,1299,卖盘
1436,11:23:34,13.0,0.01,3,3898,买盘
1437,11:23:37,13.0,0.0,25,32494,买盘
1438,11:23:40,12.99,-0.01,20,25995,卖盘
1439,11:23:46,13.0,0.01,17,22090,买盘
1440,11:23:49,12.99,-0.01,15,19485,卖盘
1441,11:23:52,13.0,0.01,24,31178,买盘
1442,11:23:55,13.0,0.0,4,5200,买盘
1443,11:23:58,12.99,-0.01,207,268895,卖盘
1444,11:24:01,12.99,0.0,122,158484,卖盘
1445,11:24:04,12.99,0.0,12,15588,买盘
1446,11:24:07,13.0,0.01,232,301487,买盘
1447,11:24:13,12.97,-0.03,5,6488,卖盘
1448,11:24:16,12.98,0.01,8,10389,中性盘
1449,11:24:22,12.98,0.0,5,6490,买盘
1450,11:24:28,12.98,0.0,68,88228,卖盘
1451,11:24:31,12.99,0.01,40,51953,买盘
1452,11:24:37,12.99,0.0,9,11684,买盘
1453,11:24:40,12.99,0.0,4,5194,买盘
1454,11:24:43,12.98,-0.01,16,20768,卖盘
1455,11:24:46,12.99,0.01,5,6495,买盘
1456,11:24:52,12.98,-0.01,1,1298,卖盘
1457,11:24:55,12.98,0.0,14,18172,卖盘
1458,11:24:58,12.98,0.0,10,12980,买盘
1459,11:25:01,12.98,0.0,2,2596,买盘
1460,11:25:04,12.97,-0.01,17,22064,卖盘
1461,11:25:06,12.98,0.01,3,3894,买盘
1462,11:25:12,12.98,0.0,12,15570,买盘
1463,11:25:22,12.98,0.0,9,11682,买盘
1464,11:25:25,12.98,0.0,9,11682,买盘
1465,11:25:28,12.97,-0.01,3,3891,卖盘
1466,11:25:31,12.97,0.0,27,35019,卖盘
1467,11:25:34,12.98,0.01,27,35046,买盘
1468,11:25:36,12.98,0.0,1,1298,买盘
1469,11:25:40,12.98,0.0,6,7783,买盘
1470,11:25:43,12.97,-0.01,50,64850,卖盘
1471,11:25:46,12.98,0.01,25,32430,买盘
1472,11:25:49,12.97,-0.01,23,29831,卖盘
1473,11:25:52,12.97,0.0,3,3891,买盘
1474,11:26:01,12.97,0.0,4,5188,买盘
1475,11:26:04,12.96,-0.01,20,25935,卖盘
1476,11:26:10,12.97,0.01,5,6485,买盘
1477,11:26:13,12.97,0.0,5,6485,买盘
1478,11:26:16,12.97,0.0,3,3891,买盘
1479,11:26:19,12.97,0.0,3,3891,买盘
1480,11:26:22,12.97,0.0,18,23346,买盘
1481,11:26:25,12.96,-0.01,3,3888,卖盘
1482,11:26:28,12.96,0.0,2,2592,卖盘
1483,11:26:34,12.96,0.0,15,19440,卖盘
1484,11:26:37,12.96,0.0,30,38880,卖盘
1485,11:26:40,12.97,0.01,2,2594,买盘
1486,11:26:46,12.97,0.0,5,6485,买盘
1487,11:26:51,12.97,0.0,46,59632,买盘
1488,11:26:55,12.97,0.0,11,14267,买盘
1489,11:26:58,12.97,0.0,10,12970,买盘
1490,11:27:04,12.96,-0.01,15,19454,卖盘
1491,11:27:13,12.97,0.01,12,15564,买盘
1492,11:27:16,12.97,0.0,5,6485,买盘
1493,11:27:19,12.97,0.0,38,49285,买盘
1494,11:27:34,12.98,0.01,15,19470,买盘
1495,11:27:46,12.98,0.0,29,37642,买盘
1496,11:27:49,12.98,0.0,22,28556,买盘
1497,11:27:52,12.98,0.0,3,3894,买盘
1498,11:27:58,12.98,0.0,22,28556,买盘
1499,11:28:04,12.98,0.0,25,32450,买盘
1500,11:28:06,12.98,0.0,39,50622,买盘
1501,11:28:15,12.98,0.0,5,6490,买盘
1502,11:28:22,12.98,0.0,28,36344,买盘
1503,11:28:25,12.98,0.0,14,18172,卖盘
1504,11:28:27,12.98,0.0,8,10384,买盘
1505,11:28:34,12.99,0.01,5,6495,买盘
1506,11:28:37,12.98,-0.01,10,12980,卖盘
1507,11:28:40,12.98,0.0,3,3894,卖盘
1508,11:28:43,12.98,0.0,20,25960,卖盘
1509,11:28:45,13.01,0.03,1529,1987482,买盘
1510,11:28:49,13.01,0.0,4,5204,买盘
1511,11:28:52,13.01,0.0,69,89794,卖盘
1512,11:28:55,13.01,0.0,5,6505,买盘
1513,11:29:00,13.0,-0.01,77,100265,卖盘
1514,11:29:04,13.01,0.01,40,52040,买盘
1515,11:29:07,13.05,0.04,1,1305,买盘
1516,11:29:09,13.02,-0.03,47,61259,卖盘
1517,11:29:13,13.02,0.0,27,35154,买盘
1518,11:29:16,13.02,0.0,5,6508,买盘
1519,11:29:19,13.02,0.0,22,28644,买盘
1520,11:29:25,13.02,0.0,3,3906,买盘
1521,11:29:31,13.01,-0.01,37,48139,卖盘
1522,11:29:34,13.01,0.0,65,84565,买盘
1523,11:29:49,13.04,0.03,41,53424,买盘
1524,11:29:52,13.01,-0.03,33,42938,卖盘
1525,11:29:55,13.01,0.0,13,16913,买盘
1526,11:29:58,13.01,0.0,32,41632,买盘
1527,11:30:01,13.01,0.0,10,13010,买盘
1528,11:30:03,13.01,0.0,39,50739,买盘
1529,13:00:05,13.0,-0.01,5,6503,卖盘
1530,13:00:07,13.01,0.01,389,506861,买盘
1531,13:00:10,13.0,-0.01,108,140502,卖盘
1532,13:00:13,13.01,0.01,1,1301,中性盘
1533,13:00:16,13.04,0.03,21,27350,买盘
1534,13:00:21,13.02,-0.02,4,5208,卖盘
1535,13:00:24,13.01,-0.01,30,39039,卖盘
1536,13:00:31,13.0,-0.01,11,14301,卖盘
1537,13:00:34,13.01,0.01,16,20806,买盘
1538,13:00:37,13.0,-0.01,15,19505,卖盘
1539,13:00:39,13.01,0.01,41,53326,买盘
1540,13:00:49,13.01,0.0,19,24719,买盘
1541,13:00:52,13.0,-0.01,100,130000,卖盘
1542,13:00:55,13.0,0.0,3,3900,卖盘
1543,13:00:58,13.0,0.0,102,132600,卖盘
1544,13:01:01,13.0,0.0,85,110500,卖盘
1545,13:01:04,13.01,0.01,53,68903,买盘
1546,13:01:07,13.0,-0.01,5,6500,卖盘
1547,13:01:16,13.0,0.0,21,27282,买盘
1548,13:01:19,13.0,0.0,29,37673,买盘
1549,13:01:25,13.0,0.0,12,15600,买盘
1550,13:01:43,13.0,0.0,94,122200,买盘
1551,13:01:46,13.0,0.0,4,5200,卖盘
1552,13:01:48,13.01,0.01,20,26020,买盘
1553,13:01:51,13.01,0.0,106,137883,卖盘
1554,13:01:57,13.0,-0.01,105,136525,卖盘
1555,13:02:04,13.01,0.01,8,10417,中性盘
1556,13:02:13,13.02,0.01,78,101556,卖盘
1557,13:02:16,13.02,0.0,12,15624,买盘
1558,13:02:25,13.02,0.0,13,16926,买盘
1559,13:02:30,13.01,-0.01,14,18214,卖盘
1560,13:02:34,13.02,0.01,160,208234,买盘
1561,13:02:39,13.02,0.0,1,1302,卖盘
1562,13:02:49,13.03,0.01,1,1303,买盘
1563,13:02:51,13.02,-0.01,22,28644,卖盘
1564,13:02:55,13.02,0.0,30,39060,卖盘
1565,13:02:58,13.03,0.01,20,26060,买盘
1566,13:03:04,13.03,0.0,11,14333,买盘
1567,13:03:10,13.02,-0.01,5,6510,卖盘
1568,13:03:13,13.03,0.01,37,48211,买盘
1569,13:03:15,13.03,0.0,118,153694,买盘
1570,13:03:22,13.03,0.0,51,66453,卖盘
1571,13:03:28,13.04,0.01,13,16952,买盘
1572,13:03:31,13.03,-0.01,21,27383,卖盘
1573,13:03:34,13.03,0.0,3,3909,买盘
1574,13:03:37,13.03,0.0,1,1303,买盘
1575,13:03:43,13.02,-0.01,2,2604,卖盘
1576,13:03:51,13.02,0.0,17,22134,卖盘
1577,13:04:07,13.02,0.0,15,19530,买盘
1578,13:04:10,13.01,-0.01,37,48137,卖盘
1579,13:04:16,13.01,0.0,12,15612,买盘
1580,13:04:31,13.0,-0.01,113,146913,卖盘
1581,13:04:40,13.0,0.0,13,16900,卖盘
1582,13:04:46,13.0,0.0,4,5200,卖盘
1583,13:04:48,13.0,0.0,120,156000,卖盘
1584,13:04:51,13.0,0.0,250,325000,卖盘
1585,13:04:54,13.0,0.0,21,27300,买盘
1586,13:04:57,13.0,0.0,1,1300,卖盘
1587,13:05:04,13.01,0.01,226,293801,买盘
1588,13:05:07,13.0,-0.01,47,61100,卖盘
1589,13:05:09,13.01,0.01,47,61111,买盘
1590,13:05:16,13.0,-0.01,11,14300,买盘
1591,13:05:25,12.99,-0.01,1,1299,卖盘
1592,13:05:34,12.98,-0.01,22,28590,卖盘
1593,13:05:39,12.98,0.0,10,12980,卖盘
1594,13:05:43,12.99,0.01,1,1299,买盘
1595,13:05:46,12.99,0.0,38,49362,卖盘
1596,13:05:49,12.99,0.0,6,7794,买盘
1597,13:05:52,12.98,-0.01,9,11682,卖盘
1598,13:05:55,12.98,0.0,17,22066,卖盘
1599,13:06:00,12.98,0.0,8,10384,买盘
1600,13:06:04,12.97,-0.01,15,19469,卖盘
1601,13:06:07,12.97,0.0,5,6489,卖盘
1602,13:06:13,12.98,0.01,7,9086,卖盘
1603,13:06:15,12.99,0.01,11,14289,买盘
1604,13:06:21,12.99,0.0,3,3897,买盘
1605,13:06:25,12.99,0.0,9,11691,买盘
1606,13:06:28,12.99,0.0,5,6495,买盘
1607,13:06:31,12.98,-0.01,19,24667,卖盘
1608,13:06:39,13.0,0.02,13,16900,买盘
1609,13:06:43,12.99,-0.01,1,1299,卖盘
1610,13:06:46,12.99,0.0,5,6495,卖盘
1611,13:06:52,13.0,0.01,3,3900,买盘
1612,13:07:01,12.99,-0.01,5,6495,卖盘
1613,13:07:07,12.99,0.0,19,24681,卖盘
1614,13:07:16,12.99,0.0,14,18186,买盘
1615,13:07:25,12.98,-0.01,5,6490,卖盘
1616,13:07:43,12.98,0.0,13,16873,买盘
1617,13:07:52,12.98,0.0,3,3894,买盘
1618,13:07:57,12.97,-0.01,30,38910,卖盘
1619,13:08:04,12.97,0.0,1,1297,卖盘
1620,13:08:10,12.97,0.0,1,1297,卖盘
1621,13:08:13,12.97,0.0,10,12970,卖盘
1622,13:08:16,12.97,0.0,12,15564,卖盘
1623,13:08:19,12.97,0.0,3,3891,买盘
1624,13:08:30,12.96,-0.01,5,6480,卖盘
1625,13:08:46,12.96,0.0,13,16848,买盘
1626,13:08:49,12.95,-0.01,10,12950,卖盘
1627,13:08:54,12.95,0.0,5,6475,卖盘
1628,13:09:01,12.95,0.0,20,25900,卖盘
1629,13:09:16,12.95,0.0,12,15540,买盘
1630,13:09:37,12.94,-0.01,1,1294,卖盘
1631,13:09:39,12.95,0.01,3,3885,买盘
1632,13:09:43,12.95,0.0,3,3885,买盘
1633,13:09:46,12.94,-0.01,3,3882,卖盘
1634,13:09:49,12.95,0.01,4,5180,买盘
1635,13:09:52,12.95,0.0,13,16835,买盘
1636,13:09:57,12.94,-0.01,9,11649,卖盘
1637,13:10:04,12.94,0.0,13,16829,卖盘
1638,13:10:10,12.95,0.01,6,7770,卖盘
1639,13:10:13,12.95,0.0,14,18125,卖盘
1640,13:10:16,12.96,0.01,11,14256,买盘
1641,13:10:40,12.96,0.0,10,12960,买盘
1642,13:10:46,12.96,0.0,15,19440,买盘
1643,13:10:55,12.96,0.0,13,16848,买盘
1644,13:11:01,12.96,0.0,18,23328,买盘
1645,13:11:06,12.97,0.01,13,16861,买盘
1646,13:11:10,12.97,0.0,29,37613,买盘
1647,13:11:15,12.97,0.0,49,63553,买盘
1648,13:11:19,12.97,0.0,12,15564,买盘
1649,13:11:22,12.97,0.0,3,3891,买盘
1650,13:11:25,12.97,0.0,5,6485,卖盘
1651,13:11:28,12.97,0.0,1,1297,卖盘
1652,13:11:31,12.97,0.0,1,1297,卖盘
1653,13:11:34,12.97,0.0,61,79119,卖盘
1654,13:11:37,12.98,0.01,42,54516,买盘
1655,13:11:40,12.98,0.0,7,9086,买盘
1656,13:11:43,12.98,0.0,55,71390,买盘
1657,13:11:46,12.97,-0.01,10,12970,卖盘
1658,13:11:49,12.98,0.01,1,1298,买盘
1659,13:11:51,12.98,0.0,17,22066,买盘
1660,13:11:58,12.99,0.01,14,18185,买盘
1661,13:12:00,12.99,0.0,4,5196,买盘
1662,13:12:04,12.98,-0.01,34,44145,卖盘
1663,13:12:16,12.98,0.0,14,18184,卖盘
1664,13:12:19,12.99,0.01,2,2598,买盘
1665,13:12:25,12.99,0.0,13,16887,买盘
1666,13:12:31,12.98,-0.01,12,15576,卖盘
1667,13:12:34,12.98,0.0,5,6490,卖盘
1668,13:12:40,12.99,0.01,16,20784,买盘
1669,13:12:43,12.98,-0.01,27,35046,卖盘
1670,13:12:49,12.99,0.01,2,2598,买盘
1671,13:12:55,12.99,0.0,14,18186,买盘
1672,13:13:04,12.99,0.0,15,19485,买盘
1673,13:13:07,12.99,0.0,15,19485,买盘
1674,13:13:09,12.99,0.0,14,18186,买盘
1675,13:13:16,12.99,0.0,11,14289,买盘
1676,13:13:19,12.99,0.0,2,2598,买盘
1677,13:13:22,12.98,-0.01,49,63636,卖盘
1678,13:13:25,12.98,0.0,10,12980,买盘
1679,13:13:33,12.98,0.0,27,35046,买盘
1680,13:13:40,12.97,-0.01,39,50583,卖盘
1681,13:13:43,12.97,0.0,10,12970,买盘
1682,13:13:46,12.97,0.0,1,1297,买盘
1683,13:14:04,12.97,0.0,3,3893,卖盘
1684,13:14:07,12.98,0.01,13,16874,买盘
1685,13:14:13,12.97,-0.01,15,19469,卖盘
1686,13:14:18,12.98,0.01,13,16874,买盘
1687,13:14:21,12.97,-0.01,1,1297,卖盘
1688,13:14:28,12.98,0.01,22,28546,买盘
1689,13:14:31,12.98,0.0,2,2596,买盘
1690,13:14:34,12.97,-0.01,23,29834,卖盘
1691,13:14:37,12.98,0.01,3,3894,买盘
1692,13:14:46,12.98,0.0,2,2596,买盘
1693,13:14:49,12.98,0.0,12,15576,买盘
1694,13:14:52,12.97,-0.01,10,12970,卖盘
1695,13:14:55,12.97,0.0,11,14267,卖盘
1696,13:14:58,12.97,0.0,2,2594,卖盘
1697,13:15:01,12.97,0.0,13,16861,卖盘
1698,13:15:16,12.97,0.0,10,12970,卖盘
1699,13:15:19,12.98,0.01,2,2596,买盘
1700,13:15:21,12.98,0.0,15,19469,买盘
1701,13:15:25,12.98,0.0,11,14278,买盘
1702,13:15:31,12.97,-0.01,1,1297,卖盘
1703,13:15:34,12.98,0.01,1,1298,买盘
1704,13:15:37,12.98,0.0,19,24662,买盘
1705,13:15:40,12.98,0.0,14,18172,买盘
1706,13:15:46,12.97,-0.01,16,20753,卖盘
1707,13:15:49,12.97,0.0,31,40207,买盘
1708,13:15:58,12.97,0.0,13,16861,买盘
1709,13:16:04,12.97,0.0,15,19455,买盘
1710,13:16:10,12.97,0.0,7,9079,买盘
1711,13:16:21,12.97,0.0,13,16861,卖盘
1712,13:16:25,12.97,0.0,8,10376,买盘
1713,13:16:28,12.97,0.0,5,6485,卖盘
1714,13:16:31,12.97,0.0,2,2594,买盘
1715,13:16:40,12.97,0.0,13,16861,买盘
1716,13:16:45,12.97,0.0,2,2594,买盘
1717,13:16:49,12.97,0.0,3,3891,卖盘
1718,13:16:51,12.97,0.0,5,6485,卖盘
1719,13:16:55,12.97,0.0,2,2594,卖盘
1720,13:16:57,12.97,0.0,19,24643,卖盘
1721,13:17:03,12.97,0.0,15,19455,买盘
1722,13:17:10,12.97,0.0,12,15564,买盘
1723,13:17:19,12.98,0.01,13,16863,买盘
1724,13:17:25,12.97,-0.01,22,28534,卖盘
1725,13:17:40,12.97,0.0,1,1297,买盘
1726,13:17:46,12.97,0.0,4,5188,买盘
1727,13:17:49,12.97,0.0,2,2594,买盘
1728,13:18:04,12.97,0.0,1,1297,买盘
1729,13:18:10,12.97,0.0,11,14267,买盘
1730,13:18:19,12.97,0.0,1,1297,买盘
1731,13:18:34,12.97,0.0,3,3891,买盘
1732,13:18:43,12.96,-0.01,19,24624,卖盘
1733,13:18:49,12.96,0.0,61,79056,卖盘
1734,13:18:55,12.94,-0.02,59,76384,卖盘
1735,13:19:07,12.95,0.01,4,5180,卖盘
1736,13:19:13,12.95,0.0,3,3885,买盘
1737,13:19:25,12.94,-0.01,54,69876,卖盘
1738,13:19:30,12.94,0.0,5,6470,买盘
1739,13:19:55,12.92,-0.02,29,37468,卖盘
1740,13:20:00,12.92,0.0,32,41344,买盘
1741,13:20:13,12.92,0.0,20,25840,卖盘
1742,13:20:22,12.92,0.0,26,33592,卖盘
1743,13:20:25,12.93,0.01,2,2586,买盘
1744,13:20:34,12.93,0.0,12,15516,卖盘
1745,13:20:37,12.93,0.0,1,1293,卖盘
1746,13:20:46,12.94,0.01,86,111255,买盘
1747,13:20:49,12.93,-0.01,2,2586,买盘
1748,13:20:52,12.93,0.0,2,2586,买盘
1749,13:20:55,12.94,0.01,60,77582,买盘
1750,13:21:16,12.9,-0.04,156,201360,卖盘
1751,13:21:28,12.92,0.02,3,3876,买盘
1752,13:21:40,12.93,0.01,4,5172,中性盘
1753,13:21:45,12.92,-0.01,6,7752,卖盘
1754,13:21:51,12.92,0.0,21,27133,卖盘
1755,13:22:25,12.93,0.01,1,1293,卖盘
1756,13:22:31,12.93,0.0,2,2586,卖盘
1757,13:22:37,12.93,0.0,6,7758,卖盘
1758,13:22:49,12.93,0.0,10,12930,卖盘
1759,13:22:58,12.93,0.0,1,1293,卖盘
1760,13:23:00,12.92,-0.01,10,12923,卖盘
1761,13:23:04,12.91,-0.01,30,38752,卖盘
1762,13:23:06,12.91,0.0,10,12910,卖盘
1763,13:23:10,12.9,-0.01,11,14196,卖盘
1764,13:23:25,12.9,0.0,2,2580,卖盘
1765,13:23:27,12.9,0.0,5,6450,卖盘
1766,13:23:30,12.9,0.0,10,12900,卖盘
1767,13:23:46,12.9,0.0,5,6450,卖盘
1768,13:23:52,12.9,0.0,5,6450,卖盘
1769,13:23:55,12.9,0.0,8,10320,卖盘
1770,13:24:01,12.9,0.0,45,58050,卖盘
1771,13:24:07,12.89,-0.01,14,18046,卖盘
1772,13:24:10,12.89,0.0,1,1289,卖盘
1773,13:24:13,12.9,0.01,30,38690,买盘
1774,13:24:16,12.9,0.0,25,32250,买盘
1775,13:24:22,12.89,-0.01,16,20639,卖盘
1776,13:24:31,12.89,0.0,10,12890,卖盘
1777,13:24:34,12.89,0.0,3,3867,卖盘
1778,13:24:46,12.89,0.0,30,38670,买盘
1779,13:24:52,12.88,-0.01,26,33495,卖盘
1780,13:25:06,12.89,0.01,7,9023,买盘
1781,13:25:10,12.88,-0.01,10,12880,卖盘
1782,13:25:40,12.88,0.0,20,25760,卖盘
1783,13:25:49,12.88,0.0,31,39928,卖盘
1784,13:25:55,12.87,-0.01,13,16731,卖盘
1785,13:25:58,12.87,0.0,12,15444,卖盘
1786,13:26:04,12.86,-0.01,11,14146,卖盘
1787,13:26:07,12.85,-0.01,76,97686,卖盘
1788,13:26:09,12.85,0.0,2,2570,买盘
1789,13:26:18,12.85,0.0,4,5140,买盘
1790,13:26:22,12.85,0.0,2,2570,买盘
1791,13:26:27,12.85,0.0,7,8995,买盘
1792,13:26:30,12.84,-0.01,20,25680,卖盘
1793,13:26:40,12.85,0.01,14,17990,买盘
1794,13:26:43,12.85,0.0,10,12850,买盘
1795,13:26:46,12.85,0.0,24,30832,买盘
1796,13:26:49,12.85,0.0,52,66764,买盘
1797,13:26:55,12.86,0.01,3,3858,买盘
1798,13:26:58,12.86,0.0,2,2572,买盘
1799,13:27:07,12.86,0.0,14,18004,买盘
1800,13:27:10,12.86,0.0,41,52706,买盘
1801,13:27:19,12.85,-0.01,26,33410,卖盘
1802,13:27:22,12.87,0.02,2,2574,买盘
1803,13:27:25,12.87,0.0,29,37323,买盘
1804,13:27:27,12.87,0.0,12,15444,买盘
1805,13:27:34,12.88,0.01,14,18032,买盘
1806,13:27:36,12.88,0.0,2,2576,买盘
1807,13:27:40,12.88,0.0,24,30912,买盘
1808,13:27:46,12.88,0.0,13,16744,买盘
1809,13:27:55,12.89,0.01,3,3867,买盘
1810,13:27:57,12.9,0.01,10,12891,买盘
1811,13:28:04,12.9,0.0,5,6450,买盘
1812,13:28:07,12.89,-0.01,21,27084,卖盘
1813,13:28:12,12.9,0.01,12,15480,买盘
1814,13:28:16,12.89,-0.01,30,38670,卖盘
1815,13:28:18,12.9,0.01,31,39990,买盘
1816,13:28:40,12.93,0.03,33,42669,买盘
1817,13:28:43,12.92,-0.01,20,25840,卖盘
1818,13:28:46,12.92,0.0,12,15504,卖盘
1819,13:28:49,12.93,0.01,2,2586,买盘
1820,13:28:55,12.93,0.0,3,3879,买盘
1821,13:28:57,12.93,0.0,12,15516,买盘
1822,13:29:00,12.93,0.0,9,11637,买盘
1823,13:29:04,12.93,0.0,1,1293,买盘
1824,13:29:07,12.93,0.0,13,16809,卖盘
1825,13:29:10,12.93,0.0,18,23274,买盘
1826,13:29:18,12.92,-0.01,43,55568,卖盘
1827,13:29:30,12.92,0.0,5,6460,买盘
1828,13:29:40,12.92,0.0,9,11628,买盘
1829,13:29:43,12.91,-0.01,56,72301,卖盘
1830,13:29:58,12.9,-0.01,40,51614,卖盘
1831,13:30:10,12.9,0.0,25,32250,买盘
1832,13:30:25,12.9,0.0,13,16770,买盘
1833,13:30:27,12.89,-0.01,2,2578,卖盘
1834,13:30:37,12.89,0.0,44,56716,卖盘
1835,13:30:49,12.9,0.01,25,32250,买盘
1836,13:30:51,12.89,-0.01,5,6448,卖盘
1837,13:31:01,12.9,0.01,14,18060,买盘
1838,13:31:10,12.9,0.0,14,18060,买盘
1839,13:31:24,12.9,0.0,13,16770,买盘
1840,13:31:34,12.9,0.0,2,2580,买盘
1841,13:31:40,12.9,0.0,11,14190,买盘
1842,13:31:43,12.9,0.0,7,9030,买盘
1843,13:31:46,12.89,-0.01,5,6445,卖盘
1844,13:31:49,12.9,0.01,2,2580,买盘
1845,13:31:52,12.9,0.0,14,18060,买盘
1846,13:31:55,12.9,0.0,6,7740,买盘
1847,13:32:13,12.9,0.0,7,9030,买盘
1848,13:32:19,12.9,0.0,2,2580,买盘
1849,13:32:31,12.89,-0.01,1,1289,卖盘
1850,13:32:33,12.9,0.01,2,2580,买盘
1851,13:33:04,12.9,0.0,2,2580,买盘
1852,13:33:18,12.9,0.0,2,2580,买盘
1853,13:33:34,12.9,0.0,2,2580,买盘
1854,13:33:43,12.89,-0.01,28,36092,卖盘
1855,13:33:46,12.9,0.01,1,1290,买盘
1856,13:33:52,12.89,-0.01,1,1289,卖盘
1857,13:34:04,12.9,0.01,1,1290,买盘
1858,13:34:19,12.89,-0.01,161,207529,卖盘
1859,13:34:22,12.89,0.0,1,1289,卖盘
1860,13:34:48,12.9,0.01,2,2580,买盘
1861,13:34:58,12.9,0.0,1,1290,买盘
1862,13:35:25,12.89,-0.01,6,7734,卖盘
1863,13:35:43,12.9,0.01,15,18826,买盘
1864,13:35:46,12.89,-0.01,26,33514,卖盘
1865,13:36:16,12.88,-0.01,74,95611,卖盘
1866,13:36:19,12.89,0.01,18,23202,中性盘
1867,13:36:21,12.87,-0.02,10,12871,卖盘
1868,13:36:25,12.88,0.01,17,21896,中性盘
1869,13:36:28,12.87,-0.01,12,15701,卖盘
1870,13:36:31,12.87,0.0,11,14157,买盘
1871,13:36:37,12.86,-0.01,5,6430,卖盘
1872,13:36:40,12.86,0.0,4,5144,卖盘
1873,13:37:12,12.85,-0.01,58,74577,卖盘
1874,13:37:16,12.85,0.0,20,25700,买盘
1875,13:37:18,12.85,0.0,31,39835,买盘
1876,13:37:22,12.85,0.0,1,1285,卖盘
1877,13:37:37,12.86,0.01,2,2572,买盘
1878,13:37:40,12.86,0.0,1,1286,卖盘
1879,13:37:49,12.87,0.01,10,12865,买盘
1880,13:37:51,12.86,-0.01,13,16720,卖盘
1881,13:38:16,12.86,0.0,10,12860,卖盘
1882,13:38:34,12.86,0.0,9,11574,卖盘
1883,13:38:43,12.86,0.0,3,3858,卖盘
1884,13:38:55,12.86,0.0,8,10288,卖盘
1885,13:39:12,12.86,0.0,9,11574,卖盘
1886,13:39:15,12.86,0.0,10,12860,卖盘
1887,13:39:31,12.86,0.0,5,6430,卖盘
1888,13:39:34,12.87,0.01,17,21879,买盘
1889,13:39:43,12.87,0.0,5,6435,买盘
1890,13:39:46,12.87,0.0,95,122255,买盘
1891,13:39:52,12.87,0.0,9,11583,卖盘
1892,13:39:55,12.85,-0.02,128,164630,卖盘
1893,13:39:58,12.85,0.0,14,17990,买盘
1894,13:40:01,12.9,0.05,56,72010,买盘
1895,13:40:03,12.91,0.01,47,60634,买盘
1896,13:40:07,12.87,-0.04,14,18018,中性盘
1897,13:40:10,12.87,0.0,3,3861,买盘
1898,13:40:13,12.87,0.0,17,21879,买盘
1899,13:40:19,12.87,0.0,3,3861,买盘
1900,13:40:22,12.87,0.0,122,157014,买盘
1901,13:40:25,12.87,0.0,7,9009,买盘
1902,13:40:28,12.87,0.0,2,2574,买盘
1903,13:40:34,12.86,-0.01,9,11574,卖盘
1904,13:40:57,12.87,0.01,5,6435,买盘
1905,13:41:13,12.86,-0.01,10,12860,卖盘
1906,13:41:40,12.87,0.01,29,37307,买盘
1907,13:41:43,12.87,0.0,1,1287,买盘
1908,13:41:49,12.87,0.0,267,343629,买盘
1909,13:41:52,12.87,0.0,25,32166,买盘
1910,13:42:01,12.87,0.0,15,19305,买盘
1911,13:42:16,12.87,0.0,217,279279,买盘
1912,13:42:22,12.87,0.0,19,24453,买盘
1913,13:42:25,12.87,0.0,20,25740,买盘
1914,13:42:37,12.87,0.0,18,23166,买盘
1915,13:42:40,12.87,0.0,9,11583,买盘
1916,13:42:43,12.87,0.0,17,21879,买盘
1917,13:42:52,12.87,0.0,39,50193,买盘
1918,13:42:55,12.86,-0.01,6,7716,卖盘
1919,13:43:04,12.87,0.01,7,9009,买盘
1920,13:43:25,12.87,0.0,52,66901,买盘
1921,13:43:43,12.86,-0.01,2,2572,卖盘
1922,13:44:07,12.87,0.01,16,20592,买盘
1923,13:44:10,12.87,0.0,29,37309,买盘
1924,13:44:25,12.87,0.0,10,12870,买盘
1925,13:44:30,12.87,0.0,18,23166,买盘
1926,13:44:55,12.87,0.0,14,18018,买盘
1927,13:44:58,12.87,0.0,1,1287,买盘
1928,13:45:16,12.86,-0.01,1,1286,卖盘
1929,13:45:19,12.87,0.01,2,2574,买盘
1930,13:45:49,12.87,0.0,1,1287,买盘
1931,13:46:04,12.86,-0.01,54,69444,卖盘
1932,13:46:21,12.86,0.0,10,12860,卖盘
1933,13:46:40,12.86,0.0,2,2572,卖盘
1934,13:46:43,12.86,0.0,135,173610,卖盘
1935,13:47:03,12.85,-0.01,9,11565,卖盘
1936,13:47:06,12.86,0.01,6,7716,买盘
1937,13:48:01,12.86,0.0,50,64300,买盘
1938,13:48:42,12.86,0.0,17,21862,买盘
1939,13:49:07,12.86,0.0,4,5144,买盘
1940,13:49:25,12.86,0.0,10,12860,买盘
1941,13:49:28,12.86,0.0,20,25720,买盘
1942,13:49:37,12.86,0.0,19,24434,买盘
1943,13:49:49,12.86,0.0,4,5144,买盘
1944,13:49:55,12.86,0.0,42,54012,买盘
1945,13:50:01,12.86,0.0,14,18004,买盘
1946,13:50:04,12.86,0.0,2,2572,买盘
1947,13:50:10,12.85,-0.01,177,227482,卖盘
1948,13:50:13,12.85,0.0,10,12850,买盘
1949,13:50:16,12.85,0.0,2,2570,买盘
1950,13:50:21,12.84,-0.01,7,8988,卖盘
1951,13:50:25,12.85,0.01,30,38550,买盘
1952,13:50:28,12.84,-0.01,5,6420,卖盘
1953,13:50:40,12.84,0.0,32,41088,卖盘
1954,13:50:46,12.83,-0.01,8,10264,卖盘
1955,13:50:55,12.83,0.0,135,173302,卖盘
1956,13:51:07,12.83,0.0,13,16678,买盘
1957,13:51:10,12.83,0.0,2,2566,买盘
1958,13:51:16,12.83,0.0,5,6415,买盘
1959,13:51:25,12.83,0.0,3,3849,买盘
1960,13:51:37,12.83,0.0,15,19245,买盘
1961,13:51:40,12.84,0.01,24,30807,买盘
1962,13:51:46,12.82,-0.02,5,6410,卖盘
1963,13:51:48,12.83,0.01,65,83395,买盘
1964,13:51:52,12.83,0.0,135,173205,买盘
1965,13:51:55,12.85,0.02,54,69372,买盘
1966,13:52:01,12.85,0.0,3,3855,买盘
1967,13:52:10,12.85,0.0,16,20560,买盘
1968,13:52:12,12.85,0.0,68,87380,买盘
1969,13:52:16,12.85,0.0,10,12850,卖盘
1970,13:52:18,12.84,-0.01,94,120789,卖盘
1971,13:52:25,12.84,0.0,10,12840,买盘
1972,13:52:28,12.84,0.0,70,89880,买盘
1973,13:52:34,12.84,0.0,13,16692,买盘
1974,13:52:37,12.84,0.0,61,78324,买盘
1975,13:52:40,12.84,0.0,1,1284,买盘
1976,13:52:46,12.85,0.01,11,14135,买盘
1977,13:52:52,12.85,0.0,48,61680,买盘
1978,13:52:55,12.85,0.0,1,1285,卖盘
1979,13:53:04,12.87,0.02,5,6435,买盘
1980,13:53:31,12.87,0.0,10,12870,买盘
1981,13:53:43,12.87,0.0,4,5148,买盘
1982,13:53:52,12.87,0.0,11,14157,买盘
1983,13:54:04,12.87,0.0,59,75882,买盘
1984,13:54:13,12.87,0.0,33,42471,买盘
1985,13:54:42,12.86,-0.01,3,3858,卖盘
1986,13:55:25,12.86,0.0,16,20576,卖盘
1987,13:55:37,12.87,0.01,2,2574,买盘
1988,13:55:46,12.86,-0.01,2,2572,卖盘
1989,13:55:49,12.86,0.0,84,108024,卖盘
1990,13:55:52,12.86,0.0,3,3858,买盘
1991,13:56:28,12.85,-0.01,3,3855,卖盘
1992,13:57:15,12.86,0.01,5,6430,买盘
1993,13:57:58,12.85,-0.01,1,1285,卖盘
1994,13:58:43,12.86,0.01,10,12860,买盘
1995,13:58:55,12.85,-0.01,21,27005,卖盘
1996,13:59:01,12.85,0.0,10,12850,卖盘
1997,13:59:04,12.85,0.0,50,64250,卖盘
1998,13:59:22,12.86,0.01,1,1286,买盘
1999,13:59:39,12.85,-0.01,5,6425,卖盘
2000,13:59:58,12.85,0.0,10,12850,卖盘
2001,14:00:04,12.85,0.0,11,14135,卖盘
2002,14:00:43,12.85,0.0,1,1285,卖盘
2003,14:00:51,12.86,0.01,10,12860,买盘
2004,14:00:54,12.85,-0.01,9,11565,卖盘
2005,14:01:00,12.86,0.01,8,10288,买盘
2006,14:01:06,12.86,0.0,1,1286,买盘
2007,14:01:13,12.85,-0.01,10,12850,卖盘
2008,14:01:31,12.85,0.0,5,6425,卖盘
2009,14:01:33,12.85,0.0,11,14135,卖盘
2010,14:01:46,12.85,0.0,1,1285,卖盘
2011,14:01:55,12.86,0.01,1,1286,买盘
2012,14:02:07,12.86,0.0,1,1286,买盘
2013,14:02:16,12.86,0.0,7,9002,买盘
2014,14:02:19,12.86,0.0,19,24434,买盘
2015,14:02:31,12.85,-0.01,10,12850,卖盘
2016,14:02:34,12.86,0.01,37,47582,买盘
2017,14:02:37,12.86,0.0,6,7716,买盘
2018,14:02:52,12.86,0.0,4,5144,买盘
2019,14:02:55,12.86,0.0,6,7716,买盘
2020,14:03:03,12.86,0.0,37,47582,买盘
2021,14:03:07,12.86,0.0,1,1286,买盘
2022,14:03:10,12.86,0.0,42,54012,买盘
2023,14:03:13,12.86,0.0,10,12860,买盘
2024,14:03:16,12.86,0.0,2,2572,买盘
2025,14:03:22,12.86,0.0,37,47582,买盘
2026,14:03:25,12.86,0.0,9,11574,卖盘
2027,14:03:28,12.87,0.01,10,12870,买盘
2028,14:03:34,12.87,0.0,37,47619,买盘
2029,14:03:36,12.87,0.0,6,7722,买盘
2030,14:03:49,12.87,0.0,5,6435,买盘
2031,14:03:55,12.87,0.0,7,9009,买盘
2032,14:04:04,12.87,0.0,37,47619,买盘
2033,14:04:07,12.86,-0.01,20,25720,卖盘
2034,14:04:09,12.87,0.01,42,54054,买盘
2035,14:04:16,12.87,0.0,6,7722,买盘
2036,14:04:18,12.87,0.0,5,6435,买盘
2037,14:04:28,12.87,0.0,20,25740,买盘
2038,14:04:30,12.87,0.0,6,7722,买盘
2039,14:04:34,12.87,0.0,40,51480,买盘
2040,14:04:37,12.87,0.0,49,63063,买盘
2041,14:04:40,12.87,0.0,1,1287,买盘
2042,14:04:43,12.87,0.0,3,3861,买盘
2043,14:04:49,12.87,0.0,9,11583,买盘
2044,14:04:55,12.87,0.0,12,15444,买盘
2045,14:05:01,12.87,0.0,4,5148,买盘
2046,14:05:04,12.87,0.0,47,60489,买盘
2047,14:05:06,12.87,0.0,76,97812,买盘
2048,14:05:09,12.86,-0.01,23,29596,卖盘
2049,14:05:13,12.87,0.01,64,82368,买盘
2050,14:05:16,12.87,0.0,35,44620,买盘
2051,14:05:19,12.88,0.01,11,14167,买盘
2052,14:05:22,12.88,0.0,4,5152,买盘
2053,14:05:25,12.88,0.0,6,7728,买盘
2054,14:05:28,12.9,0.02,11,14174,买盘
2055,14:05:31,12.88,-0.02,3,3864,卖盘
2056,14:05:34,12.9,0.02,33,42561,买盘
2057,14:05:40,12.91,0.01,2,2582,买盘
2058,14:05:49,12.92,0.01,6,7752,买盘
2059,14:05:52,12.92,0.0,4,5168,买盘
2060,14:05:55,12.92,0.0,13,16796,买盘
2061,14:05:57,12.92,0.0,4,5168,买盘
2062,14:06:00,12.92,0.0,19,24548,买盘
2063,14:06:04,12.92,0.0,39,51422,买盘
2064,14:06:07,12.93,0.01,13,16809,买盘
2065,14:06:10,12.93,0.0,38,49134,买盘
2066,14:06:19,12.94,0.01,36,46584,买盘
2067,14:06:24,12.95,0.01,25,32367,买盘
2068,14:06:31,12.95,0.0,67,86751,买盘
2069,14:06:34,12.95,0.0,42,54390,买盘
2070,14:06:40,12.96,0.01,53,68687,买盘
2071,14:06:42,12.96,0.0,16,20736,卖盘
2072,14:06:49,12.97,0.01,5,6485,买盘
2073,14:06:52,12.97,0.0,43,55771,买盘
2074,14:06:55,12.97,0.0,3,3891,买盘
2075,14:06:58,12.97,0.0,3,3891,买盘
2076,14:07:00,12.97,0.0,52,67444,买盘
2077,14:07:07,12.98,0.01,80,103789,买盘
2078,14:07:10,12.98,0.0,5,6490,买盘
2079,14:07:19,12.97,-0.01,22,28553,卖盘
2080,14:07:21,12.97,0.0,71,92087,卖盘
2081,14:07:24,12.97,0.0,10,12970,中性盘
2082,14:07:27,12.98,0.01,73,94751,买盘
2083,14:07:31,12.97,-0.01,3,3891,买盘
2084,14:07:34,12.98,0.01,25,32429,买盘
2085,14:07:37,12.98,0.0,6,7788,买盘
2086,14:07:40,12.97,-0.01,3,3891,买盘
2087,14:07:43,12.96,-0.01,9,11664,卖盘
2088,14:07:46,12.97,0.01,3,3891,买盘
2089,14:07:49,12.97,0.0,2,2594,买盘
2090,14:07:52,12.97,0.0,1,1297,买盘
2091,14:08:01,12.97,0.0,6,7782,买盘
2092,14:08:04,12.97,0.0,116,150282,买盘
2093,14:08:06,12.93,-0.04,21,27191,卖盘
2094,14:08:13,12.97,0.04,63,81685,买盘
2095,14:08:19,12.96,-0.01,3,3889,中性盘
2096,14:08:22,12.97,0.01,39,50579,买盘
2097,14:08:28,12.96,-0.01,124,160790,买盘
2098,14:08:31,12.96,0.0,3,3888,买盘
2099,14:08:34,12.96,0.0,11,14256,买盘
2100,14:08:43,12.96,0.0,28,36288,卖盘
2101,14:08:46,12.96,0.0,1,1296,买盘
2102,14:08:49,12.96,0.0,1,1296,买盘
2103,14:08:51,12.96,0.0,1,1296,中性盘
2104,14:08:55,12.96,0.0,17,22032,卖盘
2105,14:08:57,12.96,0.0,25,32400,买盘
2106,14:09:01,12.96,0.0,3,3888,买盘
2107,14:09:04,12.96,0.0,24,31104,买盘
2108,14:09:07,12.95,-0.01,227,294067,卖盘
2109,14:09:09,12.95,0.0,11,14245,买盘
2110,14:09:19,12.95,0.0,2,2590,买盘
2111,14:09:25,12.94,-0.01,20,25880,卖盘
2112,14:09:28,12.95,0.01,25,32375,买盘
2113,14:09:31,12.95,0.0,3,3885,买盘
2114,14:09:33,12.95,0.0,1,1295,中性盘
2115,14:09:43,12.95,0.0,20,25900,卖盘
2116,14:09:46,12.9,-0.05,134,173179,卖盘
2117,14:09:49,12.9,0.0,10,12900,买盘
2118,14:09:58,12.9,0.0,25,32250,买盘
2119,14:10:01,12.9,0.0,3,3870,买盘
2120,14:10:04,12.9,0.0,42,54180,买盘
2121,14:10:06,12.9,0.0,7,9030,买盘
2122,14:10:19,12.9,0.0,1,1290,买盘
2123,14:10:27,12.9,0.0,25,32250,买盘
2124,14:10:31,12.9,0.0,3,3870,买盘
2125,14:10:37,12.9,0.0,16,20640,买盘
2126,14:10:40,12.9,0.0,22,28380,买盘
2127,14:10:52,12.9,0.0,50,64500,买盘
2128,14:10:54,12.9,0.0,2,2580,买盘
2129,14:10:57,12.9,0.0,80,103200,买盘
2130,14:11:06,12.91,0.01,12,15492,买盘
2131,14:11:10,12.91,0.0,1,1291,买盘
2132,14:11:13,12.91,0.0,8,10328,买盘
2133,14:11:25,12.93,0.02,1,1293,买盘
2134,14:11:28,12.93,0.0,1,1293,卖盘
2135,14:11:34,12.95,0.02,13,16835,买盘
2136,14:11:40,12.96,0.01,24,31104,买盘
2137,14:11:43,12.96,0.0,62,80352,买盘
2138,14:11:46,12.96,0.0,20,25920,买盘
2139,14:11:55,12.97,0.01,10,12970,买盘
2140,14:11:58,12.97,0.0,11,14267,买盘
2141,14:12:01,12.97,0.0,38,49286,买盘
2142,14:12:04,12.97,0.0,25,32425,买盘
2143,14:12:07,12.97,0.0,6,7782,买盘
2144,14:12:10,12.97,0.0,32,41499,买盘
2145,14:12:13,12.97,0.0,22,28534,买盘
2146,14:12:16,12.97,0.0,38,49276,买盘
2147,14:12:22,12.97,0.0,11,14267,买盘
2148,14:12:25,12.97,0.0,12,15564,买盘
2149,14:12:28,12.96,-0.01,37,47977,卖盘
2150,14:12:31,12.97,0.01,5,6485,买盘
2151,14:12:34,12.97,0.0,14,18158,买盘
2152,14:12:36,12.96,-0.01,34,44079,卖盘
2153,14:12:40,12.97,0.01,21,27226,买盘
2154,14:12:43,12.97,0.0,30,38900,买盘
2155,14:12:58,12.97,0.0,7,9079,买盘
2156,14:13:04,12.97,0.0,8,10376,买盘
2157,14:13:07,12.97,0.0,5,6481,买盘
2158,14:13:12,12.97,0.0,26,33717,买盘
2159,14:13:19,12.97,0.0,2,2594,买盘
2160,14:13:28,12.97,0.0,31,40177,买盘
2161,14:13:34,12.96,-0.01,13,16848,卖盘
2162,14:13:37,12.95,-0.01,19,24617,卖盘
2163,14:13:40,12.95,0.0,1,1295,买盘
2164,14:13:43,12.96,0.01,30,38880,买盘
2165,14:13:46,12.97,0.01,26,33711,买盘
2166,14:13:49,12.96,-0.01,22,28512,卖盘
2167,14:14:04,12.96,0.0,28,36288,卖盘
2168,14:14:06,12.96,0.0,14,18144,买盘
2169,14:14:19,12.95,-0.01,59,76457,卖盘
2170,14:14:22,12.97,0.02,41,53177,买盘
2171,14:14:31,12.96,-0.01,19,24624,中性盘
2172,14:14:34,12.96,0.0,31,40165,中性盘
2173,14:14:40,12.96,0.0,45,58320,买盘
2174,14:14:58,12.96,0.0,23,29808,买盘
2175,14:15:07,12.96,0.0,7,9072,买盘
2176,14:15:09,12.96,0.0,33,42768,买盘
2177,14:15:19,12.96,0.0,10,12960,卖盘
2178,14:15:21,12.97,0.01,5,6485,买盘
2179,14:15:28,12.96,-0.01,10,12960,卖盘
2180,14:15:34,12.97,0.01,4,5188,买盘
2181,14:15:37,12.97,0.0,8,10376,买盘
2182,14:15:40,12.96,-0.01,46,59616,卖盘
2183,14:15:43,12.96,0.0,23,29808,买盘
2184,14:15:54,12.95,-0.01,3,3885,卖盘
2185,14:16:07,12.95,0.0,16,20726,卖盘
2186,14:16:10,12.95,0.0,10,12950,卖盘
2187,14:16:16,12.95,0.0,5,6475,卖盘
2188,14:16:19,12.95,0.0,8,10360,卖盘
2189,14:16:22,12.95,0.0,27,34970,卖盘
2190,14:16:25,12.95,0.0,32,41440,卖盘
2191,14:16:28,12.95,0.0,19,24605,卖盘
2192,14:17:06,12.95,0.0,5,6475,买盘
2193,14:17:16,12.94,-0.01,10,12940,卖盘
2194,14:17:39,12.94,0.0,61,78934,卖盘
2195,14:17:55,12.93,-0.01,43,55599,卖盘
2196,14:18:00,12.92,-0.01,18,23256,卖盘
2197,14:18:04,12.9,-0.02,113,145790,卖盘
2198,14:18:06,12.9,0.0,5,6450,买盘
2199,14:18:10,12.89,-0.01,10,12890,卖盘
2200,14:18:31,12.87,-0.02,95,122320,卖盘
2201,14:18:43,12.88,0.01,34,43792,卖盘
2202,14:18:49,12.87,-0.01,53,68211,卖盘
2203,14:18:52,12.87,0.0,5,6435,买盘
2204,14:19:04,12.85,-0.02,6,7715,卖盘
2205,14:19:06,12.87,0.02,1,1287,买盘
2206,14:19:16,12.86,-0.01,9,11574,卖盘
2207,14:19:52,12.87,0.01,7,9009,买盘
2208,14:19:57,12.86,-0.01,14,18008,卖盘
2209,14:20:01,12.87,0.01,2,2574,买盘
2210,14:20:04,12.84,-0.03,167,214550,卖盘
2211,14:20:22,12.86,0.02,5,6430,卖盘
2212,14:20:25,12.87,0.01,50,64350,买盘
2213,14:20:31,12.86,-0.01,21,27006,卖盘
2214,14:20:43,12.87,0.01,20,25740,买盘
2215,14:21:01,12.87,0.0,10,12870,买盘
2216,14:21:06,12.87,0.0,3,3861,买盘
2217,14:21:13,12.86,-0.01,10,12860,卖盘
2218,14:21:16,12.87,0.01,16,20592,买盘
2219,14:21:21,12.87,0.0,9,11583,买盘
2220,14:21:25,12.86,-0.01,2,2572,卖盘
2221,14:21:40,12.86,0.0,40,51440,卖盘
2222,14:21:43,12.87,0.01,5,6435,买盘
2223,14:21:45,12.86,-0.01,39,50154,卖盘
2224,14:22:01,12.86,0.0,10,12860,卖盘
2225,14:22:04,12.86,0.0,6,7716,卖盘
2226,14:22:22,12.87,0.01,9,11583,卖盘
2227,14:22:33,12.88,0.01,3,3864,买盘
2228,14:23:07,12.89,0.01,1,1289,买盘
2229,14:23:22,12.88,-0.01,111,142968,卖盘
2230,14:23:51,12.88,0.0,10,12880,买盘
2231,14:23:57,12.88,0.0,15,19320,买盘
2232,14:24:19,12.87,-0.01,104,133848,卖盘
2233,14:24:25,12.88,0.01,41,52808,买盘
2234,14:24:31,12.87,-0.01,1,1287,卖盘
2235,14:24:43,12.87,0.0,17,21879,卖盘
2236,14:25:07,12.88,0.01,1,1288,买盘
2237,14:25:16,12.87,-0.01,2,2574,卖盘
2238,14:25:25,12.88,0.01,31,39928,买盘
2239,14:25:43,12.88,0.0,11,14168,买盘
2240,14:25:48,12.88,0.0,1,1288,买盘
2241,14:26:01,12.87,-0.01,113,145431,卖盘
2242,14:26:07,12.87,0.0,1,1287,买盘
2243,14:26:10,12.87,0.0,7,9009,买盘
2244,14:26:19,12.87,0.0,8,10296,买盘
2245,14:26:22,12.87,0.0,16,20592,买盘
2246,14:26:37,12.87,0.0,15,19305,买盘
2247,14:26:40,12.87,0.0,1,1287,卖盘
2248,14:27:01,12.88,0.01,11,14168,买盘
2249,14:27:07,12.88,0.0,19,24472,买盘
2250,14:27:10,12.87,-0.01,12,15446,卖盘
2251,14:27:25,12.88,0.01,11,14168,买盘
2252,14:27:28,12.88,0.0,35,45069,买盘
2253,14:27:49,12.88,0.0,18,23184,买盘
2254,14:27:52,12.88,0.0,35,45080,买盘
2255,14:27:55,12.88,0.0,3,3864,买盘
2256,14:28:01,12.88,0.0,1,1288,买盘
2257,14:28:04,12.88,0.0,22,28336,买盘
2258,14:28:10,12.88,0.0,11,14168,买盘
2259,14:28:13,12.88,0.0,18,23184,买盘
2260,14:28:19,12.88,0.0,5,6440,买盘
2261,14:28:22,12.88,0.0,8,10304,买盘
2262,14:28:25,12.88,0.0,15,19320,买盘
2263,14:28:28,12.88,0.0,17,21896,买盘
2264,14:28:31,12.88,0.0,23,29624,买盘
2265,14:28:34,12.88,0.0,80,103040,买盘
2266,14:28:36,12.88,0.0,18,23184,买盘
2267,14:28:48,12.89,0.01,6,7734,买盘
2268,14:28:55,12.89,0.0,16,20624,买盘
2269,14:29:07,12.89,0.0,13,16757,买盘
2270,14:29:13,12.89,0.0,2,2578,买盘
2271,14:29:19,12.89,0.0,1,1289,买盘
2272,14:29:22,12.88,-0.01,121,155848,卖盘
2273,14:29:25,12.88,0.0,36,46368,买盘
2274,14:29:34,12.88,0.0,9,11592,买盘
2275,14:29:58,12.88,0.0,2,2576,买盘
2276,14:30:01,12.88,0.0,20,25760,买盘
2277,14:30:06,12.88,0.0,1,1288,买盘
2278,14:30:22,12.88,0.0,10,12880,买盘
2279,14:30:25,12.88,0.0,27,34776,买盘
2280,14:30:31,12.88,0.0,18,23184,买盘
2281,14:30:34,12.88,0.0,10,12880,卖盘
2282,14:30:43,12.88,0.0,5,6440,卖盘
2283,14:30:49,12.89,0.01,3,3867,买盘
2284,14:30:52,12.89,0.0,4,5156,买盘
2285,14:31:07,12.89,0.0,5,6445,买盘
2286,14:31:22,12.89,0.0,2,2578,买盘
2287,14:31:25,12.88,-0.01,3,3864,卖盘
2288,14:31:28,12.89,0.01,11,14179,买盘
2289,14:31:52,12.89,0.0,4,5156,买盘
2290,14:32:03,12.89,0.0,3,3867,买盘
2291,14:32:07,12.89,0.0,20,25780,买盘
2292,14:32:13,12.89,0.0,9,11601,买盘
2293,14:32:22,12.89,0.0,20,25780,买盘
2294,14:32:36,12.89,0.0,12,15468,买盘
2295,14:32:40,12.88,-0.01,70,90160,卖盘
2296,14:32:49,12.88,0.0,5,6440,卖盘
2297,14:32:52,12.89,0.01,1,1289,买盘
2298,14:32:55,12.88,-0.01,3,3864,卖盘
2299,14:33:07,12.89,0.01,2,2578,买盘
2300,14:33:28,12.88,-0.01,10,12880,卖盘
2301,14:33:33,12.88,0.0,165,212520,卖盘
2302,14:33:37,12.88,0.0,46,59248,买盘
2303,14:33:54,12.87,-0.01,1,1287,卖盘
2304,14:33:57,12.87,0.0,4,5148,卖盘
2305,14:34:07,12.87,0.0,48,61777,卖盘
2306,14:34:19,12.87,0.0,10,12870,卖盘
2307,14:34:22,12.87,0.0,10,12870,卖盘
2308,14:34:25,12.87,0.0,1,1287,卖盘
2309,14:34:28,12.87,0.0,3,3861,卖盘
2310,14:35:06,12.88,0.01,1,1288,买盘
2311,14:35:27,12.88,0.0,15,19320,买盘
2312,14:35:40,12.88,0.0,65,83690,买盘
2313,14:35:43,12.87,-0.01,100,128700,卖盘
2314,14:35:46,12.88,0.01,1,1288,买盘
2315,14:35:55,12.87,-0.01,3,3861,卖盘
2316,14:35:58,12.87,0.0,75,96525,卖盘
2317,14:36:04,12.86,-0.01,31,39866,卖盘
2318,14:36:07,12.86,0.0,8,10288,买盘
2319,14:36:13,12.85,-0.01,5,6425,卖盘
2320,14:36:16,12.86,0.01,13,16714,买盘
2321,14:36:19,12.87,0.01,77,99031,买盘
2322,14:36:28,12.84,-0.03,1,1284,卖盘
2323,14:36:46,12.86,0.02,1,1286,买盘
2324,14:36:55,12.85,-0.01,2,2570,卖盘
2325,14:37:13,12.86,0.01,4,5144,卖盘
2326,14:37:16,12.87,0.01,13,16726,买盘
2327,14:37:21,12.87,0.0,6,7721,买盘
2328,14:37:27,12.85,-0.02,3,3856,卖盘
2329,14:37:31,12.87,0.02,49,63063,买盘
2330,14:37:40,12.87,0.0,3,3861,买盘
2331,14:37:46,12.87,0.0,6,7722,买盘
2332,14:37:52,12.87,0.0,2,2574,买盘
2333,14:37:58,12.87,0.0,33,42451,买盘
2334,14:38:07,12.87,0.0,1,1287,买盘
2335,14:38:22,12.87,0.0,2,2574,买盘
2336,14:38:37,12.87,0.0,27,34749,买盘
2337,14:38:40,12.87,0.0,1,1287,买盘
2338,14:38:52,12.87,0.0,2,2574,买盘
2339,14:39:07,12.87,0.0,36,46312,买盘
2340,14:39:10,12.87,0.0,2,2574,买盘
2341,14:39:22,12.86,-0.01,5,6432,卖盘
2342,14:39:37,12.87,0.01,15,19305,买盘
2343,14:39:51,12.87,0.0,2,2574,买盘
2344,14:40:07,12.87,0.0,19,24450,买盘
2345,14:40:16,12.87,0.0,1,1287,买盘
2346,14:40:25,12.86,-0.01,2,2572,卖盘
2347,14:40:37,12.87,0.01,12,15444,买盘
2348,14:40:46,12.86,-0.01,10,12860,卖盘
2349,14:40:49,12.86,0.0,7,9006,卖盘
2350,14:40:52,12.87,0.01,2,2574,买盘
2351,14:40:55,12.87,0.0,2,2574,买盘
2352,14:41:06,12.87,0.0,3,3861,买盘
2353,14:41:16,12.87,0.0,25,32175,买盘
2354,14:41:19,12.87,0.0,3,3861,买盘
2355,14:41:22,12.87,0.0,2,2574,买盘
2356,14:41:37,12.87,0.0,14,18018,买盘
2357,14:41:40,12.86,-0.01,10,12860,卖盘
2358,14:41:51,12.87,0.01,2,2574,买盘
2359,14:42:06,12.87,0.0,12,15444,买盘
2360,14:42:19,12.86,-0.01,12,15441,卖盘
2361,14:42:22,12.87,0.01,26,33462,买盘
2362,14:42:34,12.86,-0.01,1,1286,卖盘
2363,14:42:37,12.87,0.01,9,11583,买盘
2364,14:42:49,12.87,0.0,4,5148,买盘
2365,14:42:52,12.87,0.0,3,3861,买盘
2366,14:43:07,12.87,0.0,31,39897,买盘
2367,14:43:10,12.87,0.0,51,65637,买盘
2368,14:43:13,12.87,0.0,6,7722,买盘
2369,14:43:16,12.87,0.0,2,2574,买盘
2370,14:43:19,12.86,-0.01,65,83595,卖盘
2371,14:43:22,12.87,0.01,15,19305,买盘
2372,14:43:34,12.87,0.0,10,12870,买盘
2373,14:43:40,12.86,-0.01,39,50154,卖盘
2374,14:43:46,12.86,0.0,3,3858,卖盘
2375,14:43:49,12.86,0.0,90,115740,卖盘
2376,14:43:52,12.86,0.0,2,2572,买盘
2377,14:44:07,12.85,-0.01,3,3855,卖盘
2378,14:44:13,12.85,0.0,2,2570,卖盘
2379,14:44:19,12.85,0.0,5,6425,卖盘
2380,14:44:24,12.85,0.0,97,124645,卖盘
2381,14:44:31,12.85,0.0,1,1285,卖盘
2382,14:44:34,12.85,0.0,2,2570,卖盘
2383,14:44:40,12.85,0.0,5,6425,卖盘
2384,14:44:43,12.84,-0.01,64,82204,卖盘
2385,14:44:49,12.84,0.0,84,107785,买盘
2386,14:44:55,12.84,0.0,32,41088,买盘
2387,14:45:13,12.82,-0.02,59,75702,卖盘
2388,14:45:43,12.84,0.02,5,6420,买盘
2389,14:45:48,12.83,-0.01,1,1283,卖盘
2390,14:45:52,12.84,0.01,43,55212,买盘
2391,14:45:58,12.84,0.0,16,20544,买盘
2392,14:46:10,12.84,0.0,1,1284,买盘
2393,14:46:13,12.83,-0.01,19,24378,卖盘
2394,14:46:19,12.84,0.01,2,2568,买盘
2395,14:46:22,12.84,0.0,20,25680,买盘
2396,14:46:25,12.83,-0.01,55,70597,卖盘
2397,14:46:28,12.84,0.01,2,2568,买盘
2398,14:46:37,12.84,0.0,17,21828,买盘
2399,14:46:40,12.8,-0.04,182,233302,卖盘
2400,14:46:43,12.83,0.03,2,2566,卖盘
2401,14:46:46,12.82,-0.01,1,1282,买盘
2402,14:46:51,12.84,0.02,242,310728,买盘
2403,14:46:55,12.84,0.0,62,79608,买盘
2404,14:46:58,12.84,0.0,1,1284,买盘
2405,14:47:00,12.84,0.0,2,2568,买盘
2406,14:47:04,12.84,0.0,18,23112,买盘
2407,14:47:10,12.84,0.0,7,8988,买盘
2408,14:47:13,12.84,0.0,10,12840,卖盘
2409,14:47:22,12.85,0.01,7,8995,买盘
2410,14:47:25,12.84,-0.01,15,19260,卖盘
2411,14:47:28,12.86,0.02,11,14144,买盘
2412,14:47:43,12.86,0.0,4,5144,买盘
2413,14:47:52,12.86,0.0,6,7716,买盘
2414,14:47:55,12.86,0.0,39,50154,买盘
2415,14:48:04,12.86,0.0,3,3858,卖盘
2416,14:48:07,12.87,0.01,2,2574,买盘
2417,14:48:13,12.86,-0.01,30,38580,卖盘
2418,14:48:16,12.87,0.01,3,3861,买盘
2419,14:48:19,12.87,0.0,1,1287,买盘
2420,14:48:22,12.87,0.0,7,9003,买盘
2421,14:48:37,12.87,0.0,17,21879,买盘
2422,14:48:52,12.87,0.0,5,6435,买盘
2423,14:48:58,12.86,-0.01,5,6430,卖盘
2424,14:49:07,12.87,0.01,30,38600,买盘
2425,14:49:16,12.87,0.0,2,2574,买盘
2426,14:49:22,12.87,0.0,19,24453,买盘
2427,14:49:25,12.87,0.0,26,33462,买盘
2428,14:49:34,12.87,0.0,1,1287,买盘
2429,14:49:37,12.87,0.0,18,23166,买盘
2430,14:49:43,12.87,0.0,45,57915,买盘
2431,14:49:49,12.87,0.0,4,5148,买盘
2432,14:49:52,12.87,0.0,3,3861,买盘
2433,14:49:55,12.87,0.0,1,1287,买盘
2434,14:50:01,12.87,0.0,20,25740,买盘
2435,14:50:04,12.87,0.0,28,36036,买盘
2436,14:50:07,12.87,0.0,79,101671,买盘
2437,14:50:10,12.88,0.01,8,10304,买盘
2438,14:50:13,12.88,0.0,4,5152,买盘
2439,14:50:16,12.88,0.0,87,112051,买盘
2440,14:50:19,12.88,0.0,31,39922,买盘
2441,14:50:22,12.87,-0.01,30,38619,卖盘
2442,14:50:25,12.89,0.02,28,36092,买盘
2443,14:50:37,12.89,0.0,19,24491,买盘
2444,14:50:40,12.89,0.0,10,12890,买盘
2445,14:50:43,12.89,0.0,14,18046,买盘
2446,14:50:46,12.89,0.0,19,24491,买盘
2447,14:50:49,12.88,-0.01,42,54133,卖盘
2448,14:50:58,12.89,0.01,1,1289,买盘
2449,14:51:07,12.89,0.0,39,50271,买盘
2450,14:51:13,12.89,0.0,49,63208,卖盘
2451,14:51:16,12.9,0.01,1,1290,买盘
2452,14:51:19,12.9,0.0,27,34830,买盘
2453,14:51:22,12.9,0.0,20,25800,买盘
2454,14:51:25,12.9,0.0,9,11612,卖盘
2455,14:51:28,12.9,0.0,1,1290,买盘
2456,14:51:34,12.93,0.03,46,59445,买盘
2457,14:51:37,12.92,-0.01,4,5168,卖盘
2458,14:51:40,12.93,0.01,35,45213,买盘
2459,14:51:46,12.94,0.01,36,46558,买盘
2460,14:51:49,12.92,-0.02,25,32311,卖盘
2461,14:51:52,12.94,0.02,5,6466,买盘
2462,14:51:55,12.93,-0.01,22,28446,卖盘
2463,14:51:58,12.93,0.0,10,12930,卖盘
2464,14:52:01,12.93,0.0,33,42669,卖盘
2465,14:52:04,12.92,-0.01,26,33592,卖盘
2466,14:52:07,12.93,0.01,50,64650,买盘
2467,14:52:10,12.92,-0.01,1,1292,卖盘
2468,14:52:13,12.92,0.0,10,12920,卖盘
2469,14:52:22,12.92,0.0,22,28424,卖盘
2470,14:52:25,12.92,0.0,39,50388,卖盘
2471,14:52:31,12.93,0.01,20,25860,买盘
2472,14:52:34,12.92,-0.01,6,7754,卖盘
2473,14:52:37,12.92,0.0,19,24548,买盘
2474,14:52:43,12.92,0.0,13,16796,卖盘
2475,14:52:49,12.93,0.01,31,40054,买盘
2476,14:52:52,12.93,0.0,28,36204,买盘
2477,14:52:55,12.93,0.0,21,27153,买盘
2478,14:53:01,12.93,0.0,10,12930,卖盘
2479,14:53:10,12.93,0.0,42,54306,卖盘
2480,14:53:13,12.93,0.0,17,21981,买盘
2481,14:53:16,12.93,0.0,44,56892,买盘
2482,14:53:22,12.93,0.0,1,1293,买盘
2483,14:53:28,12.93,0.0,3,3879,买盘
2484,14:53:34,12.93,0.0,14,18089,买盘
2485,14:53:37,12.93,0.0,62,80135,买盘
2486,14:53:40,12.92,-0.01,4,5168,中性盘
2487,14:53:43,12.92,0.0,3,3876,卖盘
2488,14:53:46,12.92,0.0,8,10336,卖盘
2489,14:54:16,12.92,0.0,10,12920,卖盘
2490,14:54:19,12.92,0.0,20,25840,卖盘
2491,14:54:22,12.93,0.01,49,63357,买盘
2492,14:54:25,12.93,0.0,2,2586,买盘
2493,14:54:28,12.92,-0.01,21,27132,卖盘
2494,14:54:31,12.92,0.0,3,3876,卖盘
2495,14:54:34,12.93,0.01,1,1293,买盘
2496,14:54:37,12.92,-0.01,35,45254,卖盘
2497,14:54:40,12.92,0.0,8,10336,卖盘
2498,14:54:43,12.92,0.0,13,16796,买盘
2499,14:54:46,12.91,-0.01,1,1291,卖盘
2500,14:54:49,12.92,0.01,3,3876,买盘
2501,14:54:58,12.91,-0.01,2,2582,卖盘
2502,14:55:07,12.91,0.0,1,1291,卖盘
2503,14:55:31,12.92,0.01,27,34884,买盘
2504,14:55:34,12.91,-0.01,7,9037,卖盘
2505,14:55:37,12.91,0.0,1,1291,买盘
2506,14:55:49,12.92,0.01,6,7752,买盘
2507,14:55:52,12.92,0.0,14,18088,买盘
2508,14:55:58,12.92,0.0,3,3876,买盘
2509,14:56:07,12.91,-0.01,21,27093,买盘
2510,14:56:25,12.92,0.01,20,25826,买盘
2511,14:56:28,12.92,0.0,15,19370,买盘
2512,14:56:37,12.9,-0.02,17,21930,卖盘
2513,14:56:43,12.9,0.0,2,2580,卖盘
2514,14:56:46,12.91,0.01,24,30984,买盘
2515,14:56:52,12.91,0.0,21,27111,买盘
2516,14:56:55,12.91,0.0,3,3873,卖盘
2517,15:00:05,12.91,0.0,341,440231,卖盘
