,time,price,change,volume,amount,type
0,09:30:07,6.34,0.04,14,8840,买盘
1,09:30:10,6.32,-0.02,17,10740,买盘
2,09:30:16,6.31,-0.01,1,631,买盘
3,09:30:19,6.32,0.01,2,1263,买盘
4,09:30:34,6.3,-0.02,6,3780,买盘
5,09:30:37,6.29,-0.01,11,6919,中性盘
6,09:30:40,6.29,0.0,1,629,买盘
7,09:30:43,6.29,0.0,3,1887,买盘
8,09:30:46,6.29,0.0,1,629,买盘
9,09:31:07,6.29,0.0,1,629,买盘
10,09:31:16,6.29,0.0,20,12580,买盘
11,09:31:19,6.29,0.0,1,629,买盘
12,09:31:22,6.29,0.0,1,629,买盘
13,09:31:43,6.31,0.02,2,1262,买盘
14,09:31:52,6.31,0.0,2,1262,买盘
15,09:32:13,6.31,0.0,1,631,买盘
16,09:32:16,6.31,0.0,2,1262,买盘
17,09:32:19,6.31,0.0,1,631,买盘
18,09:32:25,6.3,-0.01,19,11970,卖盘
19,09:32:28,6.31,0.01,43,27132,买盘
20,09:32:37,6.31,0.0,7,4417,卖盘
21,09:32:46,6.31,0.0,22,13886,卖盘
22,09:32:49,6.32,0.01,3,1896,买盘
23,09:33:10,6.32,0.0,2,1264,买盘
24,09:33:16,6.32,0.0,1,632,买盘
25,09:33:19,6.32,0.0,2,1264,买盘
26,09:33:22,6.32,0.0,10,6320,买盘
27,09:33:28,6.31,-0.01,16,10096,卖盘
28,09:33:34,6.32,0.01,14,8848,买盘
29,09:33:43,6.32,0.0,1,632,买盘
30,09:33:46,6.32,0.0,158,99856,买盘
31,09:33:52,6.33,0.01,10,6321,买盘
32,09:34:04,6.33,0.0,8,5064,买盘
33,09:34:07,6.33,0.0,1,633,买盘
34,09:34:10,6.33,0.0,1,633,买盘
35,09:34:13,6.33,0.0,4,2532,买盘
36,09:34:16,6.33,0.0,4,2532,买盘
37,09:34:19,6.33,0.0,8,5064,买盘
38,09:34:22,6.33,0.0,29,18357,买盘
39,09:34:28,6.33,0.0,105,66653,买盘
40,09:34:31,6.33,0.0,20,12660,卖盘
41,09:34:34,6.34,0.01,8,5072,买盘
42,09:34:37,6.33,-0.01,25,15825,卖盘
43,09:34:43,6.33,0.0,2,1266,卖盘
44,09:34:46,6.33,0.0,1,633,买盘
45,09:34:49,6.34,0.01,100,63389,买盘
46,09:34:55,6.34,0.0,2,1268,买盘
47,09:35:01,6.34,0.0,2,1268,买盘
48,09:35:13,6.34,0.0,50,31700,买盘
49,09:35:19,6.34,0.0,14,8866,买盘
50,09:35:22,6.34,0.0,26,16484,买盘
51,09:35:28,6.35,0.01,3,1905,买盘
52,09:35:43,6.34,-0.01,20,12680,卖盘
53,09:35:46,6.34,0.0,35,22200,卖盘
54,09:35:51,6.34,0.0,19,12046,卖盘
55,09:36:04,6.34,0.0,5,3170,买盘
56,09:36:13,6.33,-0.01,140,88661,卖盘
57,09:36:16,6.34,0.01,2,1267,买盘
58,09:36:22,6.34,0.0,1,634,买盘
59,09:36:31,6.34,0.0,7,4438,卖盘
60,09:36:43,6.34,0.0,1,634,买盘
61,09:36:46,6.34,0.0,1,634,买盘
62,09:37:04,6.34,0.0,1,634,买盘
63,09:37:07,6.32,-0.02,309,195292,卖盘
64,09:37:10,6.34,0.02,4,2536,买盘
65,09:37:19,6.33,-0.01,1,633,买盘
66,09:37:28,6.33,0.0,1,633,买盘
67,09:37:31,6.33,0.0,1,633,买盘
68,09:37:43,6.33,0.0,2,1266,买盘
69,09:37:46,6.32,-0.01,20,12640,卖盘
70,09:37:52,6.32,0.0,169,106808,卖盘
71,09:38:04,6.31,-0.01,1,631,卖盘
72,09:38:07,6.32,0.01,1,632,买盘
73,09:38:13,6.31,-0.01,22,13882,卖盘
74,09:38:16,6.32,0.01,1,632,买盘
75,09:38:19,6.32,0.0,2,1264,买盘
76,09:38:25,6.31,-0.01,68,42908,卖盘
77,09:38:31,6.31,0.0,1,631,买盘
78,09:38:40,6.31,0.0,1,631,买盘
79,09:38:43,6.31,0.0,3,1893,买盘
80,09:39:01,6.31,0.0,2,1262,买盘
81,09:39:19,6.31,0.0,1,631,买盘
82,09:39:28,6.31,0.0,24,15144,买盘
83,09:39:43,6.32,0.01,4,2528,买盘
84,09:39:57,6.32,0.0,15,9480,买盘
85,09:40:10,6.32,0.0,8,5056,买盘
86,09:40:16,6.33,0.01,3,1899,买盘
87,09:40:25,6.33,0.0,9,5697,买盘
88,09:40:28,6.33,0.0,2,1266,买盘
89,09:40:31,6.33,0.0,101,63738,买盘
90,09:40:43,6.33,0.0,2,1266,买盘
91,09:40:46,6.32,-0.01,1,632,卖盘
92,09:40:52,6.32,0.0,4,2528,买盘
93,09:40:55,6.32,0.0,6,3792,买盘
94,09:41:01,6.33,0.01,2,1266,买盘
95,09:41:06,6.32,-0.01,11,6953,卖盘
96,09:41:12,6.33,0.01,1,633,买盘
97,09:41:16,6.33,0.0,1,633,买盘
98,09:41:28,6.32,-0.01,47,29704,卖盘
99,09:41:40,6.32,0.0,2,1264,买盘
100,09:41:43,6.32,0.0,26,16432,买盘
101,09:41:49,6.33,0.01,1,633,买盘
102,09:41:58,6.33,0.0,100,63300,买盘
103,09:42:07,6.33,0.0,4,2532,买盘
104,09:42:10,6.33,0.0,1,633,买盘
105,09:42:13,6.32,-0.01,5,3160,卖盘
106,09:42:16,6.33,0.01,3,1899,买盘
107,09:42:28,6.33,0.0,1,633,买盘
108,09:42:37,6.33,0.0,1,633,买盘
109,09:42:40,6.33,0.0,13,8229,买盘
110,09:42:46,6.32,-0.01,23,14539,卖盘
111,09:42:49,6.33,0.01,30,18990,买盘
112,09:42:52,6.33,0.0,17,10761,卖盘
113,09:42:55,6.34,0.01,2,1268,买盘
114,09:42:58,6.33,-0.01,25,15825,卖盘
115,09:43:01,6.33,0.0,11,6963,买盘
116,09:43:04,6.32,-0.01,10,6320,卖盘
117,09:43:09,6.33,0.01,1,633,买盘
118,09:43:28,6.33,0.0,85,53805,买盘
119,09:43:34,6.33,0.0,1,633,买盘
120,09:43:40,6.32,-0.01,28,17696,卖盘
121,09:43:46,6.32,0.0,2,1264,买盘
122,09:43:52,6.33,0.01,18,11394,买盘
123,09:44:00,6.33,0.0,3,1899,买盘
124,09:44:07,6.33,0.0,6,3798,买盘
125,09:44:09,6.33,0.0,2,1266,买盘
126,09:44:13,6.33,0.0,1,633,买盘
127,09:44:25,6.33,0.0,11,6963,买盘
128,09:44:31,6.33,0.0,1,633,买盘
129,09:44:40,6.33,0.0,2,1266,买盘
130,09:44:46,6.33,0.0,1,633,买盘
131,09:44:58,6.33,0.0,2,1266,买盘
132,09:45:01,6.33,0.0,1,633,买盘
133,09:45:16,6.33,0.0,77,48741,买盘
134,09:45:22,6.34,0.01,2,1268,买盘
135,09:45:31,6.34,0.0,301,190834,买盘
136,09:45:37,6.34,0.0,4,2688,卖盘
137,09:45:40,6.35,0.01,4,2540,买盘
138,09:45:46,6.35,0.0,1,635,买盘
139,09:45:52,6.35,0.0,50,31750,买盘
140,09:45:55,6.35,0.0,50,31750,买盘
141,09:46:01,6.35,0.0,11,6975,买盘
142,09:46:10,6.35,0.0,2,1270,买盘
143,09:46:13,6.35,0.0,52,33020,买盘
144,09:46:16,6.35,0.0,12,7620,买盘
145,09:46:19,6.34,-0.01,11,6975,卖盘
146,09:46:28,6.35,0.01,21,13335,买盘
147,09:46:34,6.35,0.0,2,1270,买盘
148,09:46:40,6.35,0.0,2,1270,买盘
149,09:46:42,6.34,-0.01,15,9510,卖盘
150,09:46:58,6.35,0.01,1,635,买盘
151,09:47:00,6.35,0.0,50,31750,买盘
152,09:47:04,6.35,0.0,303,192105,买盘
153,09:47:13,6.35,0.0,5,3175,买盘
154,09:47:19,6.34,-0.01,170,107780,卖盘
155,09:47:22,6.34,0.0,10,6340,卖盘
156,09:47:24,6.34,0.0,1,634,卖盘
157,09:47:28,6.35,0.01,34,21590,买盘
158,09:47:31,6.34,-0.01,5,3170,卖盘
159,09:47:34,6.34,0.0,92,58176,卖盘
160,09:47:40,6.34,0.0,2,1268,买盘
161,09:47:43,6.34,0.0,1,634,买盘
162,09:47:45,6.34,0.0,1,634,买盘
163,09:47:51,6.34,0.0,40,25360,买盘
164,09:48:04,6.34,0.0,14,9028,买盘
165,09:48:10,6.35,0.01,7,4445,买盘
166,09:48:16,6.35,0.0,2,1270,买盘
167,09:48:18,6.34,-0.01,12,7456,卖盘
168,09:48:21,6.34,0.0,1,634,买盘
169,09:48:31,6.34,0.0,2,1268,买盘
170,09:48:37,6.34,0.0,10,6340,买盘
171,09:48:43,6.34,0.0,1,634,买盘
172,09:49:01,6.34,0.0,10,6492,买盘
173,09:49:07,6.35,0.01,10,6350,买盘
174,09:49:13,6.35,0.0,11,6985,买盘
175,09:49:16,6.35,0.0,3,1905,买盘
176,09:49:19,6.34,-0.01,10,6340,卖盘
177,09:49:25,6.35,0.01,9,5711,买盘
178,09:49:28,6.35,0.0,1,635,买盘
179,09:49:31,6.35,0.0,2,1270,买盘
180,09:49:34,6.35,0.0,1,635,买盘
181,09:49:37,6.35,0.0,10,6350,买盘
182,09:49:43,6.35,0.0,9,5715,买盘
183,09:50:01,6.35,0.0,1,635,买盘
184,09:50:10,6.35,0.0,11,6985,买盘
185,09:50:12,6.35,0.0,2,1270,买盘
186,09:50:16,6.35,0.0,1,635,买盘
187,09:50:28,6.35,0.0,5,3175,买盘
188,09:50:40,6.35,0.0,10,6350,买盘
189,09:50:43,6.35,0.0,2,1270,买盘
190,09:50:46,6.35,0.0,2,1270,买盘
191,09:50:58,6.35,0.0,1,635,买盘
192,09:51:10,6.35,0.0,18,11430,买盘
193,09:51:13,6.35,0.0,1,635,买盘
194,09:51:16,6.35,0.0,3,1905,买盘
195,09:51:19,6.35,0.0,2,1270,买盘
196,09:51:31,6.35,0.0,47,29845,买盘
197,09:51:40,6.35,0.0,1,635,买盘
198,09:51:43,6.35,0.0,2,1270,买盘
199,09:51:49,6.35,0.0,10,6350,买盘
200,09:52:01,6.34,-0.01,11,6975,卖盘
201,09:52:07,6.35,0.01,20,12700,买盘
202,09:52:15,6.35,0.0,1,635,买盘
203,09:52:28,6.35,0.0,1,635,买盘
204,09:52:40,6.35,0.0,3,1905,买盘
205,09:52:43,6.35,0.0,1,635,买盘
206,09:52:58,6.35,0.0,1,635,买盘
207,09:53:00,6.35,0.0,2,1270,买盘
208,09:53:06,6.35,0.0,1,635,买盘
209,09:53:28,6.35,0.0,254,161290,买盘
210,09:53:34,6.36,0.01,14,8904,买盘
211,09:53:43,6.36,0.0,2,1272,买盘
212,09:53:49,6.36,0.0,5,3180,买盘
213,09:53:52,6.35,-0.01,50,31750,卖盘
214,09:53:55,6.36,0.01,150,95400,买盘
215,09:54:04,6.36,0.0,1,636,买盘
216,09:54:07,6.36,0.0,2,1272,买盘
217,09:54:09,6.35,-0.01,100,63500,卖盘
218,09:54:13,6.36,0.01,24,15264,买盘
219,09:54:16,6.36,0.0,7,4452,买盘
220,09:54:22,6.36,0.0,60,38160,买盘
221,09:54:37,6.36,0.0,3,1908,买盘
222,09:54:43,6.36,0.0,103,65408,买盘
223,09:54:46,6.35,-0.01,24,15240,卖盘
224,09:54:49,6.35,0.0,1,635,买盘
225,09:54:58,6.35,0.0,1,635,买盘
226,09:55:01,6.35,0.0,20,12700,买盘
227,09:55:07,6.35,0.0,1,635,买盘
228,09:55:10,6.35,0.0,2,1270,买盘
229,09:55:22,6.34,-0.01,1,634,卖盘
230,09:55:34,6.35,0.01,14,8878,买盘
231,09:55:40,6.35,0.0,1,635,买盘
232,09:55:42,6.35,0.0,1,635,买盘
233,09:56:01,6.35,0.0,1,635,买盘
234,09:56:04,6.35,0.0,2,1270,买盘
235,09:56:07,6.35,0.0,1,635,买盘
236,09:56:22,6.34,-0.01,55,34905,卖盘
237,09:56:28,6.35,0.01,1,635,买盘
238,09:56:31,6.35,0.0,2,1270,买盘
239,09:56:34,6.35,0.0,2,1270,买盘
240,09:56:37,6.35,0.0,6,3810,买盘
241,09:56:42,6.35,0.0,1,635,买盘
242,09:56:45,6.35,0.0,39,24765,买盘
243,09:56:52,6.35,0.0,25,15875,买盘
244,09:57:04,6.35,0.0,1,635,买盘
245,09:57:10,6.35,0.0,11,6985,买盘
246,09:57:27,6.35,0.0,32,20320,买盘
247,09:57:37,6.35,0.0,305,193372,买盘
248,09:57:43,6.34,-0.01,100,63400,卖盘
249,09:57:49,6.35,0.01,1,635,买盘
250,09:57:55,6.35,0.0,73,46355,买盘
251,09:58:01,6.36,0.01,5,3180,买盘
252,09:58:13,6.35,-0.01,63,40005,卖盘
253,09:58:22,6.35,0.0,61,38745,卖盘
254,09:58:58,6.35,0.0,20,12700,买盘
255,10:00:30,6.34,-0.01,63,39942,卖盘
256,10:00:42,6.34,0.0,2,1268,卖盘
257,10:00:48,6.34,0.0,44,27896,卖盘
258,10:01:01,6.34,0.0,78,49452,卖盘
259,10:01:52,6.34,0.0,60,38040,卖盘
260,10:01:54,6.34,0.0,20,12680,卖盘
261,10:02:34,6.34,0.0,40,25360,卖盘
262,10:02:37,6.34,0.0,20,12680,卖盘
263,10:02:52,6.34,0.0,23,14582,卖盘
264,10:03:01,6.33,-0.01,30,18990,卖盘
265,10:03:04,6.34,0.01,2,1268,买盘
266,10:03:16,6.34,0.0,1,634,买盘
267,10:03:19,6.34,0.0,11,6974,买盘
268,10:03:22,6.33,-0.01,500,316500,卖盘
269,10:03:37,6.33,0.0,10,6330,卖盘
270,10:04:04,6.33,0.0,58,36714,卖盘
271,10:04:28,6.33,0.0,10,6330,卖盘
272,10:04:34,6.33,0.0,20,12660,卖盘
273,10:04:40,6.33,0.0,10,6330,卖盘
274,10:04:55,6.33,0.0,10,6330,卖盘
275,10:05:13,6.33,0.0,100,63300,卖盘
276,10:05:46,6.34,0.01,6,3804,买盘
277,10:07:10,6.34,0.0,10,6340,买盘
278,10:07:21,6.33,-0.01,38,24054,卖盘
279,10:07:28,6.33,0.0,11,6963,卖盘
280,10:07:43,6.32,-0.01,8,5056,卖盘
281,10:08:01,6.32,0.0,6,3792,卖盘
282,10:08:10,6.32,0.0,20,12640,卖盘
283,10:08:25,6.32,0.0,16,10112,卖盘
284,10:08:58,6.32,0.0,1,632,买盘
285,10:09:22,6.31,-0.01,2,1262,卖盘
286,10:10:16,6.32,0.01,4,2528,买盘
287,10:10:18,6.31,-0.01,42,26502,卖盘
288,10:10:24,6.31,0.0,31,19561,卖盘
289,10:10:34,6.31,0.0,31,19561,卖盘
290,10:10:43,6.31,0.0,106,66886,卖盘
291,10:11:19,6.3,-0.01,168,105891,卖盘
292,10:11:34,6.31,0.01,51,32191,卖盘
293,10:11:40,6.31,0.0,3,1893,卖盘
294,10:11:48,6.31,0.0,5,3155,卖盘
295,10:12:10,6.31,0.0,4,2524,卖盘
296,10:12:13,6.32,0.01,33,20856,买盘
297,10:12:16,6.32,0.0,27,17064,买盘
298,10:12:31,6.32,0.0,1,632,买盘
299,10:12:43,6.31,-0.01,89,56179,卖盘
300,10:12:49,6.31,0.0,1,631,买盘
301,10:12:58,6.31,0.0,1,631,买盘
302,10:13:01,6.31,0.0,19,11989,买盘
303,10:13:16,6.31,0.0,41,25871,买盘
304,10:13:21,6.32,0.01,5,3160,买盘
305,10:13:25,6.32,0.0,2,1264,买盘
306,10:13:40,6.32,0.0,10,6320,买盘
307,10:13:49,6.32,0.0,2,1264,买盘
308,10:13:52,6.32,0.0,1,632,买盘
309,10:13:57,6.32,0.0,1,632,买盘
310,10:14:01,6.32,0.0,1,632,买盘
311,10:14:22,6.32,0.0,1,632,买盘
312,10:14:25,6.31,-0.01,9,5679,卖盘
313,10:14:51,6.32,0.01,2,1264,买盘
314,10:15:25,6.32,0.0,1,632,买盘
315,10:15:42,6.32,0.0,80,50560,买盘
316,10:15:48,6.33,0.01,2,1266,买盘
317,10:15:54,6.33,0.0,2,1266,买盘
318,10:16:04,6.33,0.0,1,633,买盘
319,10:16:28,6.33,0.0,2,1266,买盘
320,10:16:58,6.33,0.0,1,633,买盘
321,10:17:16,6.32,-0.01,10,6320,卖盘
322,10:17:21,6.33,0.01,2,1266,买盘
323,10:17:46,6.33,0.0,18,11394,买盘
324,10:17:49,6.32,-0.01,6,3792,卖盘
325,10:17:52,6.33,0.01,2,1266,买盘
326,10:17:58,6.33,0.0,1,633,买盘
327,10:18:31,6.33,0.0,1,633,买盘
328,10:18:57,6.33,0.0,3,1899,买盘
329,10:19:01,6.33,0.0,1,633,买盘
330,10:19:13,6.33,0.0,2,1266,买盘
331,10:19:21,6.33,0.0,1,633,买盘
332,10:19:34,6.33,0.0,1,633,买盘
333,10:19:40,6.32,-0.01,4,2528,卖盘
334,10:19:52,6.33,0.01,1,633,买盘
335,10:20:25,6.33,0.0,2,1266,买盘
336,10:20:37,6.33,0.0,2,1266,买盘
337,10:20:49,6.32,-0.01,40,25280,卖盘
338,10:20:57,6.33,0.01,1,633,买盘
339,10:21:10,6.32,-0.01,3,1896,卖盘
340,10:21:12,6.33,0.01,19,12027,买盘
341,10:21:16,6.32,-0.01,242,152944,卖盘
342,10:21:22,6.33,0.01,1,633,买盘
343,10:21:31,6.33,0.0,1,633,买盘
344,10:21:37,6.33,0.0,15,9495,买盘
345,10:21:58,6.33,0.0,2,1266,买盘
346,10:22:00,6.33,0.0,6,3798,买盘
347,10:22:19,6.32,-0.01,30,18960,卖盘
348,10:22:27,6.33,0.01,1,633,买盘
349,10:22:49,6.33,0.0,1,633,买盘
350,10:22:55,6.33,0.0,2,1266,买盘
351,10:23:07,6.33,0.0,1,633,买盘
352,10:23:13,6.33,0.0,11,6963,买盘
353,10:23:27,6.33,0.0,1,633,买盘
354,10:23:49,6.32,-0.01,70,44240,卖盘
355,10:23:52,6.33,0.01,1,633,买盘
356,10:23:55,6.33,0.0,11,6943,买盘
357,10:24:04,6.31,-0.02,164,103485,卖盘
358,10:24:22,6.33,0.02,2,1266,买盘
359,10:24:25,6.31,-0.02,10,6310,卖盘
360,10:24:58,6.33,0.02,1,633,买盘
361,10:25:13,6.33,0.0,10,6330,买盘
362,10:25:22,6.33,0.0,1,633,买盘
363,10:25:31,6.33,0.0,1,633,买盘
364,10:25:33,6.32,-0.01,1,632,卖盘
365,10:25:52,6.33,0.01,2,1266,买盘
366,10:26:07,6.32,-0.01,10,6320,卖盘
367,10:26:25,6.32,0.0,6,3793,卖盘
368,10:26:27,6.33,0.01,1,633,买盘
369,10:26:37,6.33,0.0,1,633,买盘
370,10:26:55,6.32,-0.01,2,1264,卖盘
371,10:26:58,6.33,0.01,1,633,买盘
372,10:27:25,6.31,-0.02,97,61224,卖盘
373,10:27:28,6.33,0.02,2,1266,买盘
374,10:27:49,6.33,0.0,10,6330,买盘
375,10:27:58,6.33,0.0,1,633,买盘
376,10:28:04,6.33,0.0,2,1266,买盘
377,10:28:10,6.32,-0.01,10,6320,卖盘
378,10:28:13,6.32,0.0,48,30337,卖盘
379,10:28:22,6.33,0.01,2,1266,买盘
380,10:28:52,6.33,0.0,1,633,买盘
381,10:28:55,6.33,0.0,1,633,买盘
382,10:29:12,6.32,-0.01,50,31600,卖盘
383,10:29:16,6.32,0.0,28,17696,卖盘
384,10:29:27,6.33,0.01,1,633,买盘
385,10:29:31,6.32,-0.01,5,3160,卖盘
386,10:29:34,6.32,0.0,52,32864,卖盘
387,10:29:43,6.32,0.0,50,31600,卖盘
388,10:29:46,6.32,0.0,15,9480,卖盘
389,10:29:52,6.32,0.0,55,34760,卖盘
390,10:29:58,6.32,0.0,2,1264,买盘
391,10:30:10,6.32,0.0,1,632,买盘
392,10:30:16,6.31,-0.01,245,154595,卖盘
393,10:30:18,6.3,-0.01,10,6300,卖盘
394,10:30:25,6.31,0.01,1,631,买盘
395,10:30:55,6.31,0.0,1,631,买盘
396,10:30:58,6.31,0.0,1,631,买盘
397,10:31:01,6.3,-0.01,10,6300,卖盘
398,10:31:22,6.3,0.0,110,69300,卖盘
399,10:31:24,6.31,0.01,3,1893,买盘
400,10:31:27,6.31,0.0,13,8193,买盘
401,10:31:31,6.3,-0.01,30,18900,卖盘
402,10:31:39,6.3,0.0,33,20790,卖盘
403,10:31:46,6.3,0.0,2,1260,买盘
404,10:31:57,6.3,0.0,1,630,买盘
405,10:32:01,6.3,0.0,1,630,买盘
406,10:32:07,6.29,-0.01,46,28934,卖盘
407,10:32:10,6.29,0.0,10,6290,卖盘
408,10:32:13,6.29,0.0,254,159796,卖盘
409,10:32:16,6.3,0.01,1,630,买盘
410,10:32:19,6.29,-0.01,10,6290,卖盘
411,10:32:27,6.3,0.01,1,630,买盘
412,10:33:16,6.29,-0.01,150,94350,卖盘
413,10:33:42,6.3,0.01,5,3150,买盘
414,10:34:31,6.3,0.0,143,90090,买盘
415,10:34:43,6.29,-0.01,200,125850,卖盘
416,10:34:46,6.29,0.0,1,629,买盘
417,10:34:48,6.29,0.0,5,3145,买盘
418,10:34:55,6.29,0.0,18,11322,买盘
419,10:34:58,6.29,0.0,1,629,买盘
420,10:35:04,6.29,0.0,1,629,买盘
421,10:35:10,6.29,0.0,10,6290,买盘
422,10:35:25,6.28,-0.01,207,129996,卖盘
423,10:35:28,6.28,0.0,4,2512,卖盘
424,10:35:37,6.29,0.01,264,166056,买盘
425,10:36:01,6.31,0.02,1,631,买盘
426,10:36:27,6.31,0.0,1,631,买盘
427,10:36:58,6.31,0.0,1,631,买盘
428,10:37:24,6.31,0.0,4,2524,买盘
429,10:37:28,6.31,0.0,1,631,买盘
430,10:37:37,6.29,-0.02,12,7553,卖盘
431,10:37:58,6.31,0.02,1,631,买盘
432,10:38:43,6.3,-0.01,7,4410,卖盘
433,10:38:54,6.29,-0.01,32,20128,卖盘
434,10:38:57,6.3,0.01,1,630,买盘
435,10:39:27,6.3,0.0,1,630,买盘
436,10:40:25,6.3,0.0,1,630,买盘
437,10:40:31,6.29,-0.01,38,23902,卖盘
438,10:40:58,6.3,0.01,1,630,买盘
439,10:41:00,6.29,-0.01,2,1258,卖盘
440,10:41:07,6.29,0.0,40,25160,卖盘
441,10:41:30,6.3,0.01,1,630,买盘
442,10:41:43,6.29,-0.01,11,6920,卖盘
443,10:42:37,6.3,0.01,5,3150,买盘
444,10:42:57,6.3,0.0,50,31500,买盘
445,10:43:04,6.3,0.0,12,7560,买盘
446,10:43:13,6.3,0.0,44,27720,买盘
447,10:43:28,6.3,0.0,125,78750,卖盘
448,10:43:52,6.29,-0.01,90,56610,卖盘
449,10:44:13,6.31,0.02,1,631,买盘
450,10:44:16,6.31,0.0,22,13882,买盘
451,10:44:19,6.3,-0.01,41,25831,卖盘
452,10:44:27,6.3,0.0,251,158162,卖盘
453,10:44:34,6.31,0.01,10,6310,买盘
454,10:44:37,6.31,0.0,10,6310,买盘
455,10:45:04,6.3,-0.01,1,630,卖盘
456,10:45:07,6.3,0.0,1,630,卖盘
457,10:45:16,6.3,0.0,50,31500,卖盘
458,10:45:19,6.3,0.0,4,2520,卖盘
459,10:45:30,6.3,0.0,11,6930,买盘
460,10:45:58,6.3,0.0,10,6300,买盘
461,10:46:16,6.29,-0.01,10,6290,卖盘
462,10:46:25,6.29,0.0,75,47175,卖盘
463,10:46:52,6.29,0.0,212,133348,卖盘
464,10:46:58,6.29,0.0,1,629,卖盘
465,10:47:04,6.3,0.01,6,3780,买盘
466,10:47:40,6.3,0.0,1,630,买盘
467,10:47:42,6.3,0.0,1,630,买盘
468,10:47:48,6.3,0.0,1,630,买盘
469,10:48:12,6.3,0.0,1,630,买盘
470,10:48:25,6.3,0.0,17,10710,买盘
471,10:48:40,6.3,0.0,2,1260,买盘
472,10:48:51,6.3,0.0,14,8820,买盘
473,10:49:25,6.29,-0.01,29,18241,卖盘
474,10:50:34,6.3,0.01,2,1260,买盘
475,10:51:07,6.3,0.0,1,630,买盘
476,10:51:21,6.3,0.0,1,630,买盘
477,10:52:31,6.3,0.0,1,630,买盘
478,10:52:39,6.29,-0.01,15,9435,卖盘
479,10:53:37,6.3,0.01,1,630,买盘
480,10:53:52,6.3,0.0,3,1890,买盘
481,10:54:10,6.3,0.0,1,630,买盘
482,10:54:16,6.3,0.0,2,1260,买盘
483,10:54:42,6.3,0.0,1,630,买盘
484,10:54:55,6.3,0.0,1,630,买盘
485,10:55:13,6.3,0.0,1,630,买盘
486,10:55:37,6.3,0.0,1,630,买盘
487,10:55:40,6.3,0.0,1,630,买盘
488,10:55:45,6.3,0.0,2,1260,买盘
489,10:56:07,6.29,-0.01,37,23273,卖盘
490,10:56:10,6.3,0.01,1,630,买盘
491,10:56:13,6.29,-0.01,27,16983,卖盘
492,10:56:40,6.3,0.01,1,630,买盘
493,10:56:46,6.3,0.0,2,1260,买盘
494,10:56:54,6.29,-0.01,50,31450,卖盘
495,10:57:01,6.3,0.01,183,115290,买盘
496,10:57:04,6.29,-0.01,50,31467,卖盘
497,10:57:10,6.31,0.02,1,631,买盘
498,10:57:40,6.31,0.0,1,631,买盘
499,10:58:07,6.31,0.0,1,631,买盘
500,10:58:39,6.31,0.0,1,631,买盘
501,10:59:40,6.31,0.0,1,631,买盘
502,10:59:58,6.31,0.0,1,631,买盘
503,11:00:09,6.31,0.0,1,631,买盘
504,11:00:37,6.31,0.0,1,631,买盘
505,11:01:09,6.31,0.0,1,631,买盘
506,11:01:30,6.3,-0.01,10,6300,卖盘
507,11:01:37,6.31,0.01,2,1261,买盘
508,11:01:57,6.3,-0.01,34,21420,卖盘
509,11:02:10,6.3,0.0,1,630,买盘
510,11:02:37,6.3,0.0,1,630,买盘
511,11:03:40,6.3,0.0,1,630,买盘
512,11:04:01,6.3,0.0,5,3150,买盘
513,11:04:09,6.3,0.0,1,630,买盘
514,11:04:40,6.3,0.0,1,630,买盘
515,11:05:01,6.3,0.0,3,1890,买盘
516,11:05:22,6.3,0.0,10,6300,卖盘
517,11:05:37,6.31,0.01,1,631,买盘
518,11:05:43,6.31,0.0,6,3786,买盘
519,11:06:09,6.31,0.0,1,631,买盘
520,11:06:55,6.31,0.0,2,1262,买盘
521,11:07:09,6.31,0.0,2,1262,买盘
522,11:07:40,6.31,0.0,1,631,买盘
523,11:07:58,6.31,0.0,5,3155,买盘
524,11:08:09,6.31,0.0,1,631,买盘
525,11:08:16,6.31,0.0,2,1262,买盘
526,11:08:43,6.31,0.0,1,631,买盘
527,11:09:10,6.31,0.0,1,631,买盘
528,11:09:33,6.31,0.0,193,121783,买盘
529,11:09:36,6.31,0.0,25,15775,买盘
530,11:09:42,6.31,0.0,2,1262,买盘
531,11:10:12,6.31,0.0,1,631,买盘
532,11:11:10,6.31,0.0,3,1893,买盘
533,11:11:31,6.3,-0.01,27,17010,卖盘
534,11:11:40,6.31,0.01,1,631,买盘
535,11:11:54,6.3,-0.01,11,6930,卖盘
536,11:12:04,6.3,0.0,15,9450,卖盘
537,11:12:10,6.31,0.01,1,631,买盘
538,11:12:25,6.3,-0.01,3,1890,卖盘
539,11:12:40,6.31,0.01,1,631,买盘
540,11:12:49,6.3,-0.01,4,2520,卖盘
541,11:12:54,6.3,0.0,1,630,卖盘
542,11:13:13,6.31,0.01,1,631,买盘
543,11:13:27,6.31,0.0,6,3786,买盘
544,11:13:40,6.31,0.0,1,631,买盘
545,11:14:12,6.31,0.0,1,631,买盘
546,11:14:43,6.31,0.0,14,8834,买盘
547,11:15:09,6.31,0.0,1,631,买盘
548,11:15:43,6.31,0.0,1,631,买盘
549,11:15:48,6.3,-0.01,7,4410,卖盘
550,11:16:09,6.31,0.01,1,631,买盘
551,11:16:40,6.31,0.0,101,63631,买盘
552,11:17:10,6.31,0.0,1,631,买盘
553,11:17:43,6.31,0.0,1,631,买盘
554,11:17:57,6.3,-0.01,50,31500,卖盘
555,11:18:10,6.31,0.01,1,631,买盘
556,11:18:12,6.3,-0.01,9,5670,卖盘
557,11:18:25,6.3,0.0,30,18900,卖盘
558,11:19:10,6.31,0.01,1,631,买盘
559,11:19:25,6.3,-0.01,50,31500,卖盘
560,11:19:43,6.3,0.0,31,19531,卖盘
561,11:19:52,6.3,0.0,20,12600,卖盘
562,11:20:12,6.31,0.01,1,631,买盘
563,11:20:18,6.3,-0.01,20,12600,卖盘
564,11:20:31,6.3,0.0,1,630,买盘
565,11:20:43,6.3,0.0,1,630,买盘
566,11:21:04,6.3,0.0,1,630,买盘
567,11:21:13,6.3,0.0,1,630,买盘
568,11:21:19,6.3,0.0,1,630,买盘
569,11:21:31,6.3,0.0,1,630,买盘
570,11:21:39,6.3,0.0,8,5040,买盘
571,11:21:42,6.3,0.0,1,630,买盘
572,11:22:13,6.3,0.0,1,630,买盘
573,11:22:37,6.3,0.0,2,1260,买盘
574,11:22:42,6.3,0.0,14,8819,买盘
575,11:22:48,6.3,0.0,1,630,买盘
576,11:23:09,6.3,0.0,1,630,买盘
577,11:23:13,6.3,0.0,1,630,买盘
578,11:23:36,6.3,0.0,1,630,买盘
579,11:23:43,6.3,0.0,1,630,买盘
580,11:23:49,6.3,0.0,1,630,买盘
581,11:24:04,6.3,0.0,1,630,买盘
582,11:24:09,6.3,0.0,1,630,买盘
583,11:24:42,6.29,-0.01,51,32081,卖盘
584,11:24:45,6.31,0.02,105,66055,买盘
585,11:25:07,6.31,0.0,2,1262,买盘
586,11:25:13,6.31,0.0,1,631,买盘
587,11:25:42,6.31,0.0,1,631,买盘
588,11:26:33,6.31,0.0,2,1262,买盘
589,11:26:43,6.31,0.0,1,631,买盘
590,11:27:13,6.31,0.0,1,631,买盘
591,11:27:43,6.31,0.0,1,631,买盘
592,11:28:04,6.31,0.0,2,1262,买盘
593,11:28:13,6.31,0.0,1,631,买盘
594,11:28:19,6.31,0.0,10,6310,买盘
595,11:28:42,6.31,0.0,1,631,买盘
596,11:28:52,6.31,0.0,4,2524,买盘
597,11:29:16,6.31,0.0,1,631,买盘
598,11:29:24,6.31,0.0,8,5048,买盘
599,11:29:30,6.31,0.0,8,5048,买盘
600,11:29:45,6.31,0.0,1,631,买盘
601,11:30:01,6.3,-0.01,10,6300,卖盘
602,13:00:04,6.3,0.0,300,189000,卖盘
603,13:00:07,6.3,0.0,200,126000,卖盘
604,13:00:37,6.3,0.0,50,31500,卖盘
605,13:00:43,6.31,0.01,1,631,买盘
606,13:00:45,6.3,-0.01,50,31500,卖盘
607,13:01:10,6.3,0.0,100,63000,卖盘
608,13:01:15,6.31,0.01,1,631,买盘
609,13:01:19,6.3,-0.01,6,3780,卖盘
610,13:01:33,6.3,0.0,66,41580,卖盘
611,13:01:46,6.3,0.0,1,630,买盘
612,13:02:13,6.3,0.0,1,630,买盘
613,13:02:25,6.3,0.0,1,630,买盘
614,13:02:43,6.3,0.0,1,630,买盘
615,13:03:16,6.3,0.0,1,630,买盘
616,13:03:24,6.3,0.0,18,11340,买盘
617,13:03:28,6.3,0.0,1,630,买盘
618,13:04:15,6.3,0.0,1,630,买盘
619,13:04:43,6.3,0.0,2,1260,买盘
620,13:05:12,6.3,0.0,1,630,买盘
621,13:05:43,6.3,0.0,1,630,买盘
622,13:06:12,6.3,0.0,20,12581,买盘
623,13:06:22,6.29,-0.01,22,13840,卖盘
624,13:06:31,6.29,0.0,20,12580,卖盘
625,13:06:40,6.29,0.0,22,13838,卖盘
626,13:06:46,6.3,0.01,7,4404,买盘
627,13:07:13,6.3,0.0,1,630,买盘
628,13:07:27,6.29,-0.01,20,12580,卖盘
629,13:08:09,6.29,0.0,32,20128,卖盘
630,13:08:16,6.3,0.01,1,630,买盘
631,13:08:46,6.3,0.0,1,630,买盘
632,13:09:16,6.3,0.0,1,630,买盘
633,13:09:22,6.3,0.0,1,630,买盘
634,13:09:43,6.3,0.0,31,19500,买盘
635,13:10:06,6.3,0.0,1,630,买盘
636,13:10:13,6.3,0.0,1,630,买盘
637,13:10:46,6.3,0.0,1,630,买盘
638,13:10:58,6.3,0.0,16,10080,买盘
639,13:11:39,6.3,0.0,1,630,买盘
640,13:11:49,6.29,-0.01,84,52836,卖盘
641,13:11:52,6.29,0.0,22,13838,买盘
642,13:12:33,6.29,0.0,1,629,买盘
643,13:12:57,6.29,0.0,17,10693,买盘
644,13:13:13,6.29,0.0,6,3774,买盘
645,13:13:33,6.29,0.0,68,42772,卖盘
646,13:13:36,6.29,0.0,18,11322,卖盘
647,13:14:12,6.29,0.0,20,12580,卖盘
648,13:14:49,6.3,0.01,18,11340,买盘
649,13:16:42,6.3,0.0,4,2520,买盘
650,13:16:46,6.3,0.0,1,630,买盘
651,13:17:34,6.3,0.0,6,3780,买盘
652,13:17:36,6.3,0.0,2,1260,买盘
653,13:17:40,6.3,0.0,22,13860,买盘
654,13:17:46,6.3,0.0,22,13860,买盘
655,13:17:49,6.3,0.0,2,1260,买盘
656,13:17:52,6.3,0.0,1,630,买盘
657,13:18:01,6.3,0.0,17,10710,买盘
658,13:18:07,6.3,0.0,2,1260,买盘
659,13:18:19,6.3,0.0,11,6930,买盘
660,13:18:34,6.3,0.0,1,630,买盘
661,13:18:58,6.3,0.0,2,1260,买盘
662,13:19:12,6.3,0.0,19,11970,买盘
663,13:19:21,6.3,0.0,162,102060,买盘
664,13:20:25,6.31,0.01,2,1262,买盘
665,13:20:52,6.31,0.0,1,631,买盘
666,13:21:16,6.31,0.0,6,3786,买盘
667,13:21:51,6.31,0.0,2,1262,买盘
668,13:23:10,6.31,0.0,2,1262,买盘
669,13:23:27,6.31,0.0,1,631,买盘
670,13:23:57,6.3,-0.01,29,18270,卖盘
671,13:24:28,6.31,0.01,47,29657,买盘
672,13:24:33,6.31,0.0,2,1262,买盘
673,13:25:31,6.31,0.0,1,631,买盘
674,13:25:58,6.31,0.0,12,7572,买盘
675,13:26:04,6.31,0.0,3,1893,买盘
676,13:26:12,6.31,0.0,7,4417,买盘
677,13:26:31,6.3,-0.01,30,18900,卖盘
678,13:26:39,6.3,0.0,30,18900,卖盘
679,13:26:43,6.3,0.0,2,1260,卖盘
680,13:26:49,6.3,0.0,29,18270,卖盘
681,13:26:55,6.3,0.0,1,630,买盘
682,13:27:01,6.3,0.0,10,6300,卖盘
683,13:27:28,6.3,0.0,6,3780,卖盘
684,13:28:10,6.31,0.01,200,126200,买盘
685,13:28:22,6.31,0.0,18,11358,买盘
686,13:28:46,6.32,0.01,100,63200,买盘
687,13:28:52,6.32,0.0,10,6320,买盘
688,13:29:28,6.33,0.01,200,126600,买盘
689,13:29:34,6.33,0.0,201,127233,买盘
690,13:29:37,6.33,0.0,103,65199,买盘
691,13:29:45,6.33,0.0,50,31650,卖盘
692,13:29:54,6.33,0.0,48,30384,卖盘
693,13:30:01,6.34,0.01,294,186394,买盘
694,13:30:13,6.34,0.0,31,19671,卖盘
695,13:30:19,6.34,0.0,2,1268,买盘
696,13:30:58,6.34,0.0,50,31700,买盘
697,13:31:07,6.34,0.0,49,31066,买盘
698,13:31:40,6.33,-0.01,50,31650,卖盘
699,13:31:55,6.33,0.0,1,633,卖盘
700,13:31:57,6.33,0.0,38,24054,卖盘
701,13:32:06,6.33,0.0,16,10128,买盘
702,13:32:28,6.33,0.0,12,7596,买盘
703,13:32:31,6.33,0.0,3,1899,买盘
704,13:32:40,6.33,0.0,102,64566,买盘
705,13:32:49,6.32,-0.01,200,126518,卖盘
706,13:33:06,6.32,0.0,1,632,卖盘
707,13:33:13,6.32,0.0,20,12640,卖盘
708,13:33:21,6.32,0.0,50,31600,卖盘
709,13:33:30,6.32,0.0,51,32232,卖盘
710,13:33:37,6.31,-0.01,250,157975,卖盘
711,13:33:55,6.31,0.0,60,37860,卖盘
712,13:34:16,6.31,0.0,9,5679,卖盘
713,13:35:54,6.31,0.0,5,3155,卖盘
714,13:36:00,6.31,0.0,10,6310,卖盘
715,13:36:09,6.31,0.0,36,22716,卖盘
716,13:36:54,6.32,0.01,20,12640,买盘
717,13:37:01,6.32,0.0,1,632,买盘
718,13:37:16,6.32,0.0,10,6320,买盘
719,13:37:28,6.32,0.0,79,49928,买盘
720,13:37:37,6.32,0.0,5,3160,卖盘
721,13:37:43,6.32,0.0,17,10744,卖盘
722,13:38:42,6.32,0.0,9,5688,卖盘
723,13:39:10,6.32,0.0,3,1896,卖盘
724,13:40:07,6.32,0.0,1,632,买盘
725,13:40:34,6.31,-0.01,3,1893,卖盘
726,13:40:49,6.31,0.0,50,31550,卖盘
727,13:40:58,6.31,0.0,50,31550,卖盘
728,13:41:04,6.31,0.0,50,31550,卖盘
729,13:41:21,6.31,0.0,50,31550,卖盘
730,13:41:31,6.32,0.01,2,1264,买盘
731,13:41:39,6.32,0.0,1,632,买盘
732,13:41:43,6.31,-0.01,10,6310,卖盘
733,13:42:01,6.31,0.0,26,16406,卖盘
734,13:42:04,6.32,0.01,126,79598,买盘
735,13:42:22,6.3,-0.02,15,9450,卖盘
736,13:43:16,6.3,0.0,1,630,卖盘
737,13:43:42,6.3,0.0,149,93890,卖盘
738,13:43:49,6.3,0.0,44,27720,买盘
739,13:44:06,6.3,0.0,18,11340,卖盘
740,13:44:31,6.3,0.0,2,1260,卖盘
741,13:44:43,6.29,-0.01,7,4403,卖盘
742,13:45:01,6.31,0.02,250,157750,买盘
743,13:45:06,6.3,-0.01,6,3784,卖盘
744,13:45:10,6.3,0.0,12,7560,买盘
745,13:45:28,6.31,0.01,2,1262,卖盘
746,13:45:36,6.3,-0.01,10,6300,卖盘
747,13:45:46,6.3,0.0,215,135450,卖盘
748,13:45:49,6.31,0.01,48,30288,买盘
749,13:46:16,6.31,0.0,1,631,买盘
750,13:46:19,6.31,0.0,40,25240,买盘
751,13:46:37,6.31,0.0,2,1262,卖盘
752,13:46:52,6.32,0.01,281,177591,买盘
753,13:47:01,6.32,0.0,274,173168,买盘
754,13:47:06,6.32,0.0,5,3160,买盘
755,13:47:13,6.32,0.0,33,20856,买盘
756,13:47:15,6.32,0.0,91,57512,买盘
757,13:47:46,6.33,0.01,151,95578,买盘
758,13:47:52,6.32,-0.01,6,3797,卖盘
759,13:48:22,6.33,0.01,12,7596,卖盘
760,13:48:28,6.33,0.0,1,633,买盘
761,13:48:31,6.33,0.0,1,633,买盘
762,13:48:34,6.33,0.0,1,633,买盘
763,13:48:37,6.33,0.0,1,633,买盘
764,13:48:43,6.33,0.0,16,10128,买盘
765,13:49:10,6.33,0.0,298,188534,买盘
766,13:49:15,6.33,0.0,2,1266,买盘
767,13:49:22,6.33,0.0,1,633,卖盘
768,13:49:42,6.33,0.0,19,12027,卖盘
769,13:49:48,6.34,0.01,2,1268,买盘
770,13:50:00,6.33,-0.01,4,2532,卖盘
771,13:50:13,6.33,0.0,40,25320,卖盘
772,13:50:18,6.33,0.0,35,22155,卖盘
773,13:50:21,6.33,0.0,10,6330,卖盘
774,13:50:33,6.33,0.0,25,15825,卖盘
775,13:50:40,6.33,0.0,3,1899,卖盘
776,13:50:43,6.34,0.01,20,12680,买盘
777,13:50:46,6.33,-0.01,2,1266,卖盘
778,13:50:49,6.33,0.0,40,25320,卖盘
779,13:50:55,6.33,0.0,30,18990,卖盘
780,13:50:58,6.34,0.01,21,13314,买盘
781,13:51:04,6.33,-0.01,73,46209,卖盘
782,13:51:10,6.33,0.0,1,633,卖盘
783,13:51:22,6.33,0.0,20,12660,卖盘
784,13:51:25,6.32,-0.01,72,45564,卖盘
785,13:51:37,6.33,0.01,11,6963,买盘
786,13:51:40,6.33,0.0,32,20256,买盘
787,13:51:58,6.33,0.0,28,17724,卖盘
788,13:52:01,6.33,0.0,30,18990,卖盘
789,13:52:06,6.34,0.01,11,6974,买盘
790,13:52:10,6.34,0.0,445,282130,买盘
791,13:52:16,6.34,0.0,24,15216,买盘
792,13:52:19,6.34,0.0,29,18386,买盘
793,13:52:22,6.34,0.0,2,1268,买盘
794,13:52:28,6.34,0.0,17,10778,买盘
795,13:52:43,6.34,0.0,210,133140,卖盘
796,13:52:46,6.34,0.0,119,75446,卖盘
797,13:52:49,6.34,0.0,1,634,买盘
798,13:52:57,6.34,0.0,20,12680,买盘
799,13:53:04,6.33,-0.01,100,63300,卖盘
800,13:53:37,6.33,0.0,86,54438,卖盘
801,13:53:40,6.33,0.0,2,1266,买盘
802,13:53:55,6.33,0.0,50,31650,买盘
803,13:54:04,6.33,0.0,50,31650,买盘
804,13:54:18,6.33,0.0,1,633,买盘
805,13:54:28,6.33,0.0,6,3798,买盘
806,13:54:54,6.33,0.0,2,1266,买盘
807,13:55:15,6.32,-0.01,99,62568,卖盘
808,13:55:48,6.32,0.0,36,22752,卖盘
809,13:55:55,6.32,0.0,30,18960,卖盘
810,13:55:58,6.32,0.0,2,1264,卖盘
811,13:56:13,6.31,-0.01,50,31550,卖盘
812,13:56:37,6.32,0.01,2,1264,买盘
813,13:56:45,6.32,0.0,1,632,买盘
814,13:56:48,6.32,0.0,3,1896,买盘
815,13:56:58,6.32,0.0,100,63200,买盘
816,13:57:04,6.32,0.0,1,632,买盘
817,13:57:10,6.32,0.0,1,632,买盘
818,13:57:25,6.32,0.0,53,33496,买盘
819,13:57:31,6.32,0.0,1,632,买盘
820,13:57:34,6.31,-0.01,22,13882,卖盘
821,13:57:37,6.32,0.01,2,1264,买盘
822,13:57:43,6.32,0.0,4,2528,买盘
823,13:57:49,6.32,0.0,1,632,买盘
824,13:58:28,6.32,0.0,25,15800,买盘
825,13:58:52,6.32,0.0,88,55616,卖盘
826,13:59:01,6.32,0.0,42,26544,卖盘
827,13:59:12,6.31,-0.01,5,3155,卖盘
828,13:59:37,6.31,0.0,50,31550,卖盘
829,13:59:52,6.31,0.0,20,12620,卖盘
830,13:59:55,6.31,0.0,15,9465,卖盘
831,13:59:58,6.31,0.0,128,80768,卖盘
832,14:00:13,6.31,0.0,20,12620,卖盘
833,14:00:16,6.31,0.0,20,12620,卖盘
834,14:00:22,6.31,0.0,9,5679,卖盘
835,14:00:28,6.31,0.0,5,3155,卖盘
836,14:00:52,6.31,0.0,10,6310,卖盘
837,14:01:10,6.31,0.0,2,1262,卖盘
838,14:01:16,6.31,0.0,15,9465,卖盘
839,14:01:31,6.31,0.0,2,1262,买盘
840,14:01:37,6.31,0.0,40,25240,买盘
841,14:01:49,6.31,0.0,1,631,买盘
842,14:02:04,6.3,-0.01,216,136096,卖盘
843,14:02:24,6.31,0.01,50,31550,买盘
844,14:02:34,6.3,-0.01,50,31500,卖盘
845,14:02:43,6.3,0.0,50,31500,卖盘
846,14:02:49,6.3,0.0,50,31500,卖盘
847,14:02:58,6.3,0.0,20,12600,卖盘
848,14:03:16,6.31,0.01,8,5048,买盘
849,14:03:19,6.31,0.0,3,1893,买盘
850,14:03:25,6.31,0.0,1,631,买盘
851,14:03:28,6.3,-0.01,10,6300,卖盘
852,14:03:31,6.3,0.0,2,1260,买盘
853,14:03:34,6.3,0.0,15,9450,买盘
854,14:03:40,6.3,0.0,57,35910,买盘
855,14:03:43,6.3,0.0,5,3150,买盘
856,14:03:54,6.31,0.01,5,3155,买盘
857,14:04:04,6.31,0.0,5,3155,买盘
858,14:04:15,6.31,0.0,30,18930,买盘
859,14:05:01,6.31,0.0,1,631,买盘
860,14:05:07,6.3,-0.01,50,31500,卖盘
861,14:05:15,6.3,0.0,50,31500,卖盘
862,14:05:43,6.3,0.0,37,23310,卖盘
863,14:05:46,6.3,0.0,13,8190,买盘
864,14:06:28,6.3,0.0,10,6300,卖盘
865,14:06:31,6.3,0.0,8,5040,卖盘
866,14:06:45,6.3,0.0,1,630,买盘
867,14:06:58,6.3,0.0,3,1890,买盘
868,14:07:01,6.3,0.0,1,630,买盘
869,14:07:13,6.29,-0.01,53,33337,卖盘
870,14:07:28,6.29,0.0,17,10693,卖盘
871,14:07:31,6.29,0.0,20,12580,卖盘
872,14:07:52,6.3,0.01,3,1890,买盘
873,14:08:04,6.3,0.0,3,1890,买盘
874,14:08:25,6.29,-0.01,17,10693,卖盘
875,14:08:34,6.29,0.0,56,35224,卖盘
876,14:08:39,6.28,-0.01,66,41483,卖盘
877,14:08:42,6.29,0.01,91,57239,买盘
878,14:08:49,6.29,0.0,5,3145,买盘
879,14:08:55,6.28,-0.01,20,12560,卖盘
880,14:08:58,6.28,0.0,39,24496,卖盘
881,14:09:04,6.28,0.0,28,17584,卖盘
882,14:09:06,6.29,0.01,450,283050,买盘
883,14:09:13,6.29,0.0,2,1258,买盘
884,14:09:16,6.29,0.0,50,31445,买盘
885,14:09:22,6.28,-0.01,160,100572,卖盘
886,14:09:27,6.3,0.02,10,6300,买盘
887,14:10:07,6.3,0.0,1,630,买盘
888,14:10:13,6.3,0.0,16,10080,买盘
889,14:10:31,6.3,0.0,1,630,买盘
890,14:10:52,6.29,-0.01,36,22644,卖盘
891,14:11:01,6.3,0.01,1,630,买盘
892,14:11:03,6.29,-0.01,5,3145,卖盘
893,14:12:16,6.3,0.01,30,18900,买盘
894,14:12:19,6.29,-0.01,30,18870,卖盘
895,14:12:40,6.29,0.0,10,6290,卖盘
896,14:13:07,6.3,0.01,7,4410,买盘
897,14:13:19,6.3,0.0,2,1260,买盘
898,14:13:25,6.3,0.0,1,630,买盘
899,14:13:45,6.3,0.0,2,1260,买盘
900,14:13:49,6.3,0.0,16,10080,买盘
901,14:13:58,6.29,-0.01,2,1259,卖盘
902,14:14:04,6.3,0.01,4,2520,买盘
903,14:14:34,6.3,0.0,92,57960,买盘
904,14:14:37,6.29,-0.01,5,3145,卖盘
905,14:14:43,6.3,0.01,20,12600,买盘
906,14:15:04,6.3,0.0,15,9450,买盘
907,14:15:10,6.3,0.0,2,1260,买盘
908,14:15:19,6.29,-0.01,1,629,卖盘
909,14:15:28,6.29,0.0,20,12580,卖盘
910,14:15:31,6.29,0.0,10,6290,卖盘
911,14:15:40,6.29,0.0,219,137751,卖盘
912,14:15:48,6.28,-0.01,2,1256,卖盘
913,14:16:13,6.28,0.0,10,6280,卖盘
914,14:16:22,6.28,0.0,83,52124,卖盘
915,14:16:28,6.29,0.01,43,27014,买盘
916,14:16:42,6.29,0.0,25,15725,买盘
917,14:16:45,6.29,0.0,1,629,买盘
918,14:16:55,6.28,-0.01,200,125600,卖盘
919,14:17:16,6.28,0.0,30,18840,卖盘
920,14:17:19,6.28,0.0,3,1884,卖盘
921,14:17:28,6.28,0.0,13,8164,买盘
922,14:17:33,6.28,0.0,6,3768,买盘
923,14:17:52,6.28,0.0,24,15072,买盘
924,14:18:34,6.28,0.0,79,49612,卖盘
925,14:19:16,6.28,0.0,150,94200,卖盘
926,14:19:21,6.29,0.01,13,8177,买盘
927,14:19:58,6.28,-0.01,130,81640,卖盘
928,14:20:13,6.28,0.0,10,6280,卖盘
929,14:20:25,6.28,0.0,41,25748,卖盘
930,14:20:34,6.28,0.0,2,1256,卖盘
931,14:20:46,6.29,0.01,80,50320,买盘
932,14:21:01,6.29,0.0,6,3774,买盘
933,14:21:31,6.29,0.0,1,629,买盘
934,14:21:49,6.29,0.0,6,3774,买盘
935,14:21:55,6.28,-0.01,2,1256,卖盘
936,14:22:10,6.28,0.0,20,12560,卖盘
937,14:22:15,6.28,0.0,7,4396,卖盘
938,14:22:40,6.28,0.0,1,628,买盘
939,14:22:46,6.28,0.0,35,21980,买盘
940,14:22:52,6.28,0.0,10,6280,买盘
941,14:23:33,6.28,0.0,50,31400,卖盘
942,14:24:07,6.29,0.01,5,3145,买盘
943,14:24:46,6.28,-0.01,49,30772,卖盘
944,14:24:49,6.29,0.01,83,52207,买盘
945,14:26:31,6.29,0.0,40,25160,卖盘
946,14:26:39,6.29,0.0,32,20128,卖盘
947,14:27:07,6.29,0.0,6,3774,卖盘
948,14:27:13,6.3,0.01,2,1260,买盘
949,14:27:48,6.3,0.0,1,630,买盘
950,14:27:55,6.3,0.0,4,2520,买盘
951,14:28:55,6.3,0.0,2,1260,买盘
952,14:29:40,6.29,-0.01,101,63530,卖盘
953,14:30:01,6.3,0.01,2,1260,买盘
954,14:30:28,6.29,-0.01,67,42143,卖盘
955,14:31:01,6.3,0.01,8,5040,买盘
956,14:31:28,6.29,-0.01,20,12580,卖盘
957,14:32:01,6.3,0.01,10,6300,买盘
958,14:32:04,6.29,-0.01,200,125800,卖盘
959,14:32:07,6.29,0.0,143,89947,卖盘
960,14:32:43,6.29,0.0,63,39670,卖盘
961,14:32:46,6.3,0.01,6,3780,买盘
962,14:33:51,6.3,0.0,47,29610,买盘
963,14:33:58,6.29,-0.01,36,22644,卖盘
964,14:34:01,6.29,0.0,10,6290,卖盘
965,14:35:28,6.29,0.0,96,60384,卖盘
966,14:35:42,6.29,0.0,21,13209,卖盘
967,14:36:04,6.29,0.0,108,67932,卖盘
968,14:36:31,6.29,0.0,2,1258,买盘
969,14:36:34,6.29,0.0,1,629,买盘
970,14:36:46,6.29,0.0,18,11322,买盘
971,14:37:22,6.28,-0.01,300,188400,卖盘
972,14:37:49,6.28,0.0,240,150720,卖盘
973,14:38:10,6.28,0.0,72,45216,卖盘
974,14:38:31,6.27,-0.01,12,7531,卖盘
975,14:38:36,6.27,0.0,250,156750,卖盘
976,14:38:43,6.27,0.0,38,23826,卖盘
977,14:39:03,6.26,-0.01,1077,674468,卖盘
978,14:39:16,6.26,0.0,49,30674,卖盘
979,14:39:19,6.26,0.0,130,81380,卖盘
980,14:39:25,6.26,0.0,19,11894,卖盘
981,14:39:34,6.25,-0.01,22,13750,卖盘
982,14:39:52,6.25,0.0,18,11250,卖盘
983,14:39:58,6.25,0.0,49,30625,买盘
984,14:40:01,6.25,0.0,10,6250,卖盘
985,14:40:04,6.25,0.0,10,6250,买盘
986,14:40:07,6.25,0.0,30,18750,中性盘
987,14:40:13,6.25,0.0,30,18750,卖盘
988,14:40:19,6.25,0.0,10,6250,卖盘
989,14:40:25,6.25,0.0,76,47500,卖盘
990,14:40:28,6.26,0.01,52,32552,买盘
991,14:40:58,6.26,0.0,10,6260,卖盘
992,14:41:01,6.26,0.0,50,31300,卖盘
993,14:41:07,6.26,0.0,50,31300,买盘
994,14:41:10,6.25,-0.01,90,56250,卖盘
995,14:41:13,6.25,0.0,10,6250,买盘
996,14:41:37,6.25,0.0,11,6875,卖盘
997,14:41:40,6.25,0.0,2,1250,卖盘
998,14:41:46,6.25,0.0,22,13750,卖盘
999,14:42:19,6.25,0.0,20,12500,卖盘
1000,14:42:43,6.25,0.0,3,1875,卖盘
1001,14:42:55,6.25,0.0,70,43750,卖盘
1002,14:43:01,6.24,-0.01,1,624,卖盘
1003,14:43:25,6.23,-0.01,1,623,卖盘
1004,14:43:37,6.23,0.0,30,18690,卖盘
1005,14:43:43,6.23,0.0,121,75383,卖盘
1006,14:43:49,6.23,0.0,24,14952,买盘
1007,14:43:52,6.23,0.0,38,23674,买盘
1008,14:44:31,6.25,0.02,1,625,买盘
1009,14:45:01,6.25,0.0,30,18750,买盘
1010,14:45:04,6.24,-0.01,10,6240,卖盘
1011,14:45:31,6.24,0.0,10,6240,卖盘
1012,14:45:34,6.24,0.0,28,17472,卖盘
1013,14:45:37,6.24,0.0,4,2496,买盘
1014,14:45:40,6.24,0.0,22,13728,买盘
1015,14:45:43,6.24,0.0,43,26832,买盘
1016,14:45:46,6.24,0.0,21,13104,买盘
1017,14:45:49,6.23,-0.01,109,67921,卖盘
1018,14:45:55,6.23,0.0,100,62310,卖盘
1019,14:46:01,6.25,0.02,62,38750,买盘
1020,14:46:22,6.25,0.0,5,3125,卖盘
1021,14:46:40,6.24,-0.01,5,3120,卖盘
1022,14:46:55,6.24,0.0,34,21218,卖盘
1023,14:46:58,6.24,0.0,2,1248,买盘
1024,14:47:13,6.23,-0.01,405,252370,卖盘
1025,14:47:19,6.24,0.01,1,624,卖盘
1026,14:47:28,6.24,0.0,65,40560,卖盘
1027,14:47:31,6.23,-0.01,27,16825,卖盘
1028,14:47:43,6.23,0.0,60,37380,卖盘
1029,14:47:52,6.23,0.0,106,66038,卖盘
1030,14:48:04,6.23,0.0,1,623,买盘
1031,14:48:10,6.23,0.0,8,4984,买盘
1032,14:48:52,6.22,-0.01,27,16794,卖盘
1033,14:48:55,6.22,0.0,5,3110,卖盘
1034,14:49:04,6.23,0.01,70,43610,买盘
1035,14:49:07,6.22,-0.01,100,62280,卖盘
1036,14:49:13,6.24,0.02,41,25584,买盘
1037,14:49:19,6.24,0.0,19,11856,买盘
1038,14:49:34,6.23,-0.01,30,18690,买盘
1039,14:49:43,6.23,0.0,30,18690,买盘
1040,14:49:49,6.23,0.0,8,4984,卖盘
1041,14:50:01,6.23,0.0,10,6230,卖盘
1042,14:50:07,6.23,0.0,18,11214,卖盘
1043,14:50:19,6.23,0.0,1,623,卖盘
1044,14:50:25,6.24,0.01,110,68640,买盘
1045,14:50:34,6.24,0.0,6,3744,卖盘
1046,14:50:37,6.24,0.0,7,4368,卖盘
1047,14:50:58,6.23,-0.01,10,6230,卖盘
1048,14:51:01,6.24,0.01,2,1248,买盘
1049,14:51:22,6.23,-0.01,7,4361,卖盘
1050,14:51:40,6.23,0.0,43,26789,卖盘
1051,14:51:43,6.24,0.01,34,21213,买盘
1052,14:52:19,6.25,0.01,100,62500,买盘
1053,14:52:25,6.25,0.0,2,1250,买盘
1054,14:52:55,6.25,0.0,70,43750,买盘
1055,14:52:58,6.25,0.0,1,625,买盘
1056,14:53:07,6.25,0.0,105,65625,买盘
1057,14:53:16,6.24,-0.01,10,6241,卖盘
1058,14:53:22,6.25,0.01,1,625,中性盘
1059,14:53:28,6.27,0.02,10,6270,买盘
1060,14:53:43,6.25,-0.02,16,10000,卖盘
1061,14:54:01,6.25,0.0,40,25000,卖盘
1062,14:54:05,6.25,0.0,6,3750,买盘
1063,14:54:07,6.25,0.0,5,3125,买盘
1064,14:54:10,6.25,0.0,5,3125,卖盘
1065,14:54:19,6.26,0.01,11,6886,买盘
1066,14:54:37,6.27,0.01,7,4389,买盘
1067,14:54:40,6.24,-0.03,21,13104,卖盘
1068,14:54:43,6.26,0.02,20,12520,买盘
1069,14:54:58,6.25,-0.01,15,9375,卖盘
1070,14:55:01,6.25,0.0,3,1875,买盘
1071,14:55:07,6.25,0.0,26,16250,买盘
1072,14:55:10,6.25,0.0,4,2500,买盘
1073,14:55:13,6.25,0.0,1,625,买盘
1074,14:55:16,6.24,-0.01,10,6240,卖盘
1075,14:55:19,6.25,0.01,2,1250,买盘
1076,14:55:22,6.25,0.0,6,3750,买盘
1077,14:55:25,6.25,0.0,1,625,买盘
1078,14:55:37,6.25,0.0,55,34368,买盘
1079,14:55:40,6.25,0.0,20,12500,买盘
1080,14:55:43,6.25,0.0,28,17500,买盘
1081,14:55:46,6.24,-0.01,42,26208,卖盘
1082,14:56:16,6.25,0.01,1,625,买盘
1083,14:56:22,6.25,0.0,51,31875,买盘
1084,14:56:49,6.25,0.0,1,625,买盘
1085,15:00:04,6.24,-0.01,242,151008,卖盘
