,time,price,change,volume,amount,type
0,09:25:04,19.85,0.15,897,1780545,卖盘
1,09:30:04,19.9,0.05,358,711541,买盘
2,09:30:07,19.97,0.07,1822,3618211,买盘
3,09:30:10,19.91,-0.06,384,765166,中性盘
4,09:30:13,19.89,-0.02,191,379926,卖盘
5,09:30:16,19.89,0.0,91,180954,中性盘
6,09:30:19,19.89,0.0,39,77561,买盘
7,09:30:22,19.9,0.01,302,600779,买盘
8,09:30:25,19.9,0.0,101,200969,买盘
9,09:30:28,19.89,-0.01,88,175102,卖盘
10,09:30:31,19.88,-0.01,103,204864,卖盘
11,09:30:34,19.9,0.02,84,167248,卖盘
12,09:30:37,19.94,0.04,118,235121,中性盘
13,09:30:40,19.9,-0.04,84,167308,卖盘
14,09:30:43,19.9,0.0,1534,3049307,卖盘
15,09:30:46,19.85,-0.05,160,318288,卖盘
16,09:30:49,19.92,0.07,288,573122,买盘
17,09:30:52,19.85,-0.07,66,131387,卖盘
18,09:30:55,19.84,-0.01,128,254134,卖盘
19,09:30:58,19.84,0.0,49,97216,卖盘
20,09:31:01,19.84,0.0,108,214271,买盘
21,09:31:04,19.84,0.0,30,59498,买盘
22,09:31:07,19.82,-0.02,194,384443,卖盘
23,09:31:10,19.82,0.0,38,75316,买盘
24,09:31:13,19.8,-0.02,67,132700,卖盘
25,09:31:16,19.78,-0.02,32,63322,卖盘
26,09:31:19,19.77,-0.01,71,140363,卖盘
27,09:31:22,19.75,-0.02,27,53335,卖盘
28,09:31:25,19.76,0.01,98,193679,买盘
29,09:31:28,19.76,0.0,221,436311,买盘
30,09:31:31,19.75,-0.01,205,404454,卖盘
31,09:31:34,19.72,-0.03,38,74988,中性盘
32,09:31:37,19.71,-0.01,17,33507,卖盘
33,09:31:40,19.7,-0.01,96,189187,卖盘
34,09:31:43,19.71,0.01,93,183229,买盘
35,09:31:46,19.71,0.0,127,250225,买盘
36,09:31:49,19.7,-0.01,71,139849,卖盘
37,09:31:52,19.7,0.0,62,121957,买盘
38,09:31:55,19.7,0.0,204,401668,买盘
39,09:31:58,19.68,-0.02,56,110212,中性盘
40,09:32:01,19.68,0.0,48,94440,买盘
41,09:32:04,19.68,0.0,105,206345,买盘
42,09:32:07,19.63,-0.05,22,43196,卖盘
43,09:32:10,19.66,0.03,39,76620,买盘
44,09:32:13,19.63,-0.03,41,80545,卖盘
45,09:32:16,19.62,-0.01,105,205997,卖盘
46,09:32:19,19.61,-0.01,57,111855,卖盘
47,09:32:22,19.61,0.0,85,166833,中性盘
48,09:32:25,19.62,0.01,72,141207,买盘
49,09:32:28,19.6,-0.02,51,99977,卖盘
50,09:32:31,19.6,0.0,88,172436,买盘
51,09:32:34,19.6,0.0,68,133257,买盘
52,09:32:37,19.6,0.0,87,170429,买盘
53,09:32:40,19.58,-0.02,39,76189,中性盘
54,09:32:43,19.58,0.0,93,182142,买盘
55,09:32:46,19.59,0.01,127,248695,买盘
56,09:32:49,19.55,-0.04,73,142791,卖盘
57,09:32:52,19.57,0.02,82,160386,买盘
58,09:32:55,19.58,0.01,143,279720,买盘
59,09:32:58,19.53,-0.05,105,205055,卖盘
60,09:33:01,19.53,0.0,246,480263,买盘
61,09:33:05,19.65,0.12,573,1121768,买盘
62,09:33:07,19.58,-0.07,82,160920,卖盘
63,09:33:10,19.62,0.04,432,843064,中性盘
64,09:33:13,19.58,-0.04,17,33317,中性盘
65,09:33:16,19.69,0.11,73,143489,买盘
66,09:33:19,19.69,0.0,6,11819,卖盘
67,09:33:22,19.7,0.01,125,246212,买盘
68,09:33:25,19.72,0.02,115,226572,买盘
69,09:33:28,19.7,-0.02,152,299618,卖盘
70,09:33:31,19.75,0.05,147,290314,买盘
71,09:33:34,19.8,0.05,51,100966,买盘
72,09:33:37,19.8,0.0,5,9900,买盘
73,09:33:40,19.83,0.03,64,126770,买盘
74,09:33:43,19.86,0.03,45,89247,买盘
75,09:33:46,19.89,0.03,10,19887,买盘
76,09:33:49,19.87,-0.02,42,83474,卖盘
77,09:33:52,19.9,0.03,178,353942,买盘
78,09:33:55,19.91,0.01,123,244642,买盘
79,09:33:58,19.97,0.06,258,514260,买盘
80,09:34:01,19.91,-0.06,259,516464,卖盘
81,09:34:04,19.98,0.07,234,466861,买盘
82,09:34:07,19.98,0.0,212,422872,买盘
83,09:34:10,19.98,0.0,126,251791,卖盘
84,09:34:13,19.98,0.0,288,575615,卖盘
85,09:34:16,20.03,0.05,340,680821,买盘
86,09:34:19,20.03,0.0,90,180289,卖盘
87,09:34:22,20.04,0.01,123,246388,买盘
88,09:34:25,20.07,0.03,129,258802,买盘
89,09:34:28,20.09,0.02,70,140482,买盘
90,09:34:31,20.1,0.01,111,222911,买盘
91,09:34:34,20.14,0.04,47,94497,买盘
92,09:34:37,20.13,-0.01,61,122913,中性盘
93,09:34:40,20.19,0.06,89,179579,买盘
94,09:34:43,20.15,-0.04,32,64548,卖盘
95,09:34:46,20.18,0.03,144,290536,买盘
96,09:34:49,20.2,0.02,258,520849,买盘
97,09:34:52,20.19,-0.01,151,304704,买盘
98,09:34:55,20.15,-0.04,446,899746,卖盘
99,09:34:58,20.18,0.03,188,379462,买盘
100,09:35:01,20.17,-0.01,219,442116,卖盘
101,09:35:05,20.18,0.01,254,512238,买盘
102,09:35:06,20.14,-0.04,171,344727,卖盘
103,09:35:10,20.15,0.01,89,179292,买盘
104,09:35:13,20.1,-0.05,176,354157,卖盘
105,09:35:16,20.09,-0.01,150,301470,卖盘
106,09:35:19,20.11,0.02,111,223148,买盘
107,09:35:22,20.1,-0.01,155,311460,中性盘
108,09:35:25,20.09,-0.01,227,456119,卖盘
109,09:35:28,20.11,0.02,347,697045,买盘
110,09:35:31,20.09,-0.02,90,180685,买盘
111,09:35:34,20.08,-0.01,38,76339,中性盘
112,09:35:37,20.09,0.01,73,146474,买盘
113,09:35:40,20.08,-0.01,262,525315,中性盘
114,09:35:43,20.06,-0.02,81,162483,中性盘
115,09:35:46,20.04,-0.02,22,44127,卖盘
116,09:35:49,20.04,0.0,32,64137,卖盘
117,09:35:52,20.03,-0.01,190,380721,卖盘
118,09:35:55,20.04,0.01,138,276597,中性盘
119,09:35:58,20.05,0.01,191,382890,买盘
120,09:36:01,20.04,-0.01,83,166350,卖盘
121,09:36:04,20.03,-0.01,604,1209885,卖盘
122,09:36:07,20.05,0.02,98,197542,买盘
123,09:36:10,20.06,0.01,23,46117,买盘
124,09:36:13,20.04,-0.02,100,200439,卖盘
125,09:36:16,20.04,0.0,50,100276,卖盘
126,09:36:19,20.06,0.02,79,158380,买盘
127,09:36:22,20.06,0.0,112,223590,买盘
128,09:36:25,20.06,0.0,10,20060,卖盘
129,09:36:28,20.06,0.0,88,176673,卖盘
130,09:36:31,20.06,0.0,382,766325,卖盘
131,09:36:34,20.09,0.03,55,110347,买盘
132,09:36:37,20.08,-0.01,54,108449,卖盘
133,09:36:40,20.06,-0.02,50,100379,卖盘
134,09:36:43,20.11,0.05,215,432092,买盘
135,09:36:46,20.1,-0.01,72,144750,卖盘
136,09:36:49,20.1,0.0,60,120604,卖盘
137,09:36:52,20.1,0.0,80,160869,卖盘
138,09:36:55,20.13,0.03,60,120678,买盘
139,09:36:58,20.13,0.0,70,140924,买盘
140,09:37:01,20.15,0.02,347,699112,买盘
141,09:37:04,20.15,0.0,47,94734,卖盘
142,09:37:07,20.17,0.02,34,68555,买盘
143,09:37:10,20.17,0.0,26,52434,买盘
144,09:37:13,20.17,0.0,134,270301,卖盘
145,09:37:16,20.17,0.0,104,209768,买盘
146,09:37:19,20.17,0.0,180,363028,卖盘
147,09:37:22,20.17,0.0,212,427322,买盘
148,09:37:25,20.15,-0.02,219,441522,卖盘
149,09:37:28,20.16,0.01,192,387062,买盘
150,09:37:31,20.1,-0.06,417,839674,卖盘
151,09:37:34,20.15,0.05,173,348019,买盘
152,09:37:37,20.15,0.0,215,433080,买盘
153,09:37:40,20.1,-0.05,45,90505,卖盘
154,09:37:43,20.1,0.0,53,106638,买盘
155,09:37:46,20.12,0.02,55,110561,买盘
156,09:37:49,20.1,-0.02,173,347918,卖盘
157,09:37:52,20.1,0.0,84,168818,卖盘
158,09:37:55,20.06,-0.04,158,317364,卖盘
159,09:37:58,20.09,0.03,102,204647,买盘
160,09:38:01,20.09,0.0,47,94431,买盘
161,09:38:04,20.06,-0.03,4,8024,中性盘
162,09:38:07,20.05,-0.01,73,146599,卖盘
163,09:38:10,20.05,0.0,128,256814,卖盘
164,09:38:13,20.05,0.0,15,30115,卖盘
165,09:38:16,20.07,0.02,118,236718,买盘
166,09:38:19,20.05,-0.02,94,188397,买盘
167,09:38:22,20.05,0.0,237,474791,买盘
168,09:38:25,20.04,-0.01,86,172346,卖盘
169,09:38:28,20.05,0.01,282,565347,买盘
170,09:38:31,20.03,-0.02,450,901682,卖盘
171,09:38:34,20.04,0.01,54,108209,买盘
172,09:38:37,20.04,0.0,17,34068,买盘
173,09:38:40,20.03,-0.01,193,386625,卖盘
174,09:38:43,20.03,0.0,256,512771,卖盘
175,09:38:46,20.03,0.0,47,94170,卖盘
176,09:38:49,20.03,0.0,212,424642,卖盘
177,09:38:52,20.03,0.0,582,1165800,卖盘
178,09:38:55,20.03,0.0,264,528822,卖盘
179,09:38:58,20.05,0.02,282,565289,买盘
180,09:39:01,20.03,-0.02,643,1287994,卖盘
181,09:39:04,20.0,-0.03,276,552675,卖盘
182,09:39:07,20.03,0.03,36,72027,买盘
183,09:39:10,19.99,-0.04,5,9995,中性盘
184,09:39:13,20.03,0.04,46,92054,买盘
185,09:39:16,19.99,-0.04,4,7996,卖盘
186,09:39:19,20.0,0.01,24,47982,买盘
187,09:39:22,20.0,0.0,76,152030,卖盘
188,09:39:25,20.0,0.0,52,104037,卖盘
189,09:39:28,20.0,0.0,111,222020,卖盘
190,09:39:31,20.0,0.0,148,296002,卖盘
191,09:39:34,20.0,0.0,79,157894,卖盘
192,09:39:37,19.98,-0.02,55,109943,买盘
193,09:39:40,20.0,0.02,71,141942,买盘
194,09:39:43,20.0,0.0,294,588000,买盘
195,09:39:46,19.97,-0.03,45,89860,卖盘
196,09:39:49,19.95,-0.02,22,43889,中性盘
197,09:39:52,19.97,0.02,63,125795,买盘
198,09:39:55,19.98,0.01,47,93831,买盘
199,09:39:58,19.96,-0.02,30,59869,中性盘
200,09:40:01,19.97,0.01,59,117774,中性盘
201,09:40:04,19.97,0.0,14,27958,卖盘
202,09:40:07,19.97,0.0,59,117837,卖盘
203,09:40:10,19.99,0.02,54,107889,买盘
204,09:40:13,19.98,-0.01,3,5994,卖盘
205,09:40:16,19.99,0.01,102,203649,买盘
206,09:40:19,20.0,0.01,67,133966,买盘
207,09:40:22,19.99,-0.01,9,17992,中性盘
208,09:40:25,20.0,0.01,31,61989,买盘
209,09:40:28,20.0,0.0,18,35992,买盘
210,09:40:31,20.01,0.01,11,22001,买盘
211,09:40:34,20.01,0.0,11,22011,买盘
212,09:40:37,20.02,0.01,22,44019,买盘
213,09:40:40,20.01,-0.01,47,94065,卖盘
214,09:40:43,20.02,0.01,43,86086,买盘
215,09:40:46,20.03,0.01,190,380417,买盘
216,09:40:49,20.05,0.02,43,86138,买盘
217,09:40:52,20.02,-0.03,68,136200,卖盘
218,09:40:55,20.03,0.01,16,32060,卖盘
219,09:40:58,20.05,0.02,21,42106,卖盘
220,09:41:01,20.06,0.01,27,54159,买盘
221,09:41:04,20.07,0.01,2,4014,买盘
222,09:41:07,20.06,-0.01,14,28084,卖盘
223,09:41:10,20.09,0.03,173,347433,买盘
224,09:41:13,20.1,0.01,25,50244,买盘
225,09:41:16,20.09,-0.01,3,6028,中性盘
226,09:41:19,20.1,0.01,63,126625,买盘
227,09:41:22,20.1,0.0,7,14061,买盘
228,09:41:25,20.09,-0.01,116,233086,卖盘
229,09:41:28,20.11,0.02,49,98564,中性盘
230,09:41:31,20.12,0.01,18,36213,中性盘
231,09:41:34,20.13,0.01,13,26166,买盘
232,09:41:37,20.13,0.0,7,14088,买盘
233,09:41:40,20.14,0.01,45,90593,买盘
234,09:41:43,20.13,-0.01,72,144929,中性盘
235,09:41:46,20.13,0.0,70,140928,卖盘
236,09:41:49,20.13,0.0,103,207494,卖盘
237,09:41:52,20.14,0.01,32,64460,中性盘
238,09:41:55,20.15,0.01,130,262219,买盘
239,09:41:58,20.16,0.01,29,58437,买盘
240,09:42:01,20.16,0.0,94,189449,买盘
241,09:42:05,20.17,0.01,99,200293,买盘
242,09:42:07,20.16,-0.01,99,199599,卖盘
243,09:42:10,20.17,0.01,29,58493,卖盘
244,09:42:13,20.18,0.01,296,597148,买盘
245,09:42:16,20.18,0.0,45,90810,卖盘
246,09:42:19,20.2,0.02,193,389590,买盘
247,09:42:22,20.19,-0.01,164,331099,中性盘
248,09:42:25,20.17,-0.02,132,266420,卖盘
249,09:42:28,20.19,0.02,140,282783,中性盘
250,09:42:31,20.17,-0.02,46,92827,卖盘
251,09:42:34,20.2,0.03,399,805556,买盘
252,09:42:37,20.2,0.0,312,630430,卖盘
253,09:42:40,20.18,-0.02,77,155424,卖盘
254,09:42:43,20.18,0.0,66,133000,买盘
255,09:42:46,20.16,-0.02,28,56498,中性盘
256,09:42:49,20.17,0.01,49,98803,买盘
257,09:42:52,20.16,-0.01,29,58497,中性盘
258,09:42:55,20.11,-0.05,32,64444,卖盘
259,09:42:58,20.18,0.07,44,88740,买盘
260,09:43:01,20.13,-0.05,57,114796,卖盘
261,09:43:04,20.11,-0.02,47,94590,卖盘
262,09:43:07,20.11,0.0,24,48254,买盘
263,09:43:10,20.1,-0.01,94,188759,卖盘
264,09:43:13,20.1,0.0,8,16080,买盘
265,09:43:16,20.1,0.0,32,64320,买盘
266,09:43:19,20.1,0.0,150,301498,买盘
267,09:43:22,20.12,0.02,87,175110,中性盘
268,09:43:25,20.12,0.0,110,221320,卖盘
269,09:43:28,20.13,0.01,34,68422,买盘
270,09:43:31,20.12,-0.01,86,173098,卖盘
271,09:43:34,20.13,0.01,67,134842,中性盘
272,09:43:37,20.13,0.0,69,138854,卖盘
273,09:43:40,20.13,0.0,105,211251,卖盘
274,09:43:43,20.12,-0.01,117,235501,卖盘
275,09:43:46,20.12,0.0,38,76456,买盘
276,09:43:49,20.12,0.0,66,132846,买盘
277,09:43:52,20.12,0.0,66,132821,卖盘
278,09:43:55,20.1,-0.02,68,136702,卖盘
279,09:43:58,20.12,0.02,18,36207,买盘
280,09:44:01,20.1,-0.02,121,243397,卖盘
281,09:44:05,20.11,0.01,87,174914,中性盘
282,09:44:07,20.11,0.0,79,158816,买盘
283,09:44:10,20.1,-0.01,26,52263,卖盘
284,09:44:13,20.05,-0.05,37,74300,卖盘
285,09:44:19,20.05,0.0,6,12030,买盘
286,09:44:22,20.05,0.0,1,2005,买盘
287,09:44:25,20.04,-0.01,14,28059,卖盘
288,09:44:28,20.05,0.01,120,240540,买盘
289,09:44:31,20.02,-0.03,29,58115,卖盘
290,09:44:34,20.04,0.02,11,22041,买盘
291,09:44:37,20.03,-0.01,7,14021,买盘
292,09:44:40,20.01,-0.02,86,172284,卖盘
293,09:44:43,20.01,0.0,1,2001,卖盘
294,09:44:46,20.02,0.01,10,20015,买盘
295,09:44:49,20.02,0.0,67,134134,买盘
296,09:44:52,20.02,0.0,62,124112,买盘
297,09:44:55,20.01,-0.01,10,20013,卖盘
298,09:44:58,20.01,0.0,67,134093,卖盘
299,09:45:01,20.01,0.0,286,573178,卖盘
300,09:45:04,20.04,0.03,4,8010,中性盘
301,09:45:07,20.04,0.0,64,128256,卖盘
302,09:45:10,20.02,-0.02,23,46064,卖盘
303,09:45:13,20.11,0.09,352,707611,买盘
304,09:45:16,20.1,-0.01,31,62235,买盘
305,09:45:19,20.1,0.0,12,24122,卖盘
306,09:45:22,20.05,-0.05,10,20076,卖盘
307,09:45:25,20.11,0.06,48,96506,买盘
308,09:45:28,20.08,-0.03,39,78385,中性盘
309,09:45:31,20.1,0.02,4,8034,买盘
310,09:45:34,20.06,-0.04,5,10042,卖盘
311,09:45:37,20.1,0.04,28,56268,买盘
312,09:45:40,20.1,0.0,43,86428,买盘
313,09:45:43,20.09,-0.01,14,28124,卖盘
314,09:45:46,20.1,0.01,81,162802,买盘
315,09:45:49,20.08,-0.02,313,628805,卖盘
316,09:45:52,20.11,0.03,47,94424,买盘
317,09:45:55,20.1,-0.01,21,42216,中性盘
318,09:45:58,20.11,0.01,33,66356,买盘
319,09:46:01,20.1,-0.01,133,267497,卖盘
320,09:46:04,20.1,0.0,14,28140,中性盘
321,09:46:07,20.13,0.03,58,116653,买盘
322,09:46:10,20.1,-0.03,95,191059,卖盘
323,09:46:13,20.09,-0.01,18,36175,卖盘
324,09:46:16,20.12,0.03,37,74362,买盘
325,09:46:19,20.13,0.01,42,84534,买盘
326,09:46:22,20.1,-0.03,51,102515,卖盘
327,09:46:25,20.1,0.0,78,156719,卖盘
328,09:46:28,20.09,-0.01,29,58286,中性盘
329,09:46:31,20.1,0.01,65,130574,买盘
330,09:46:34,20.1,0.0,21,42210,买盘
331,09:46:37,20.11,0.01,96,193046,买盘
332,09:46:40,20.09,-0.02,63,126610,卖盘
333,09:46:43,20.09,0.0,92,185045,卖盘
334,09:46:46,20.1,0.01,16,32154,中性盘
335,09:46:49,20.09,-0.01,72,144664,卖盘
336,09:46:52,20.1,0.01,55,110493,买盘
337,09:46:55,20.09,-0.01,10,20093,中性盘
338,09:46:58,20.09,0.0,12,24108,买盘
339,09:47:01,20.1,0.01,56,112521,买盘
340,09:47:04,20.08,-0.02,17,34152,卖盘
341,09:47:07,20.08,0.0,25,50219,卖盘
342,09:47:10,20.1,0.02,21,42196,买盘
343,09:47:13,20.1,0.0,26,52258,买盘
344,09:47:16,20.1,0.0,201,404023,买盘
345,09:47:19,20.09,-0.01,55,110549,卖盘
346,09:47:22,20.1,0.01,49,98446,买盘
347,09:47:25,20.09,-0.01,17,34155,中性盘
348,09:47:28,20.09,0.0,21,42188,买盘
349,09:47:31,20.1,0.01,10,20096,买盘
350,09:47:34,20.1,0.0,12,24120,买盘
351,09:47:37,20.09,-0.01,31,62279,卖盘
352,09:47:40,20.12,0.03,407,818695,买盘
353,09:47:43,20.1,-0.02,22,44220,卖盘
354,09:47:46,20.1,0.0,11,22107,买盘
355,09:47:49,20.1,0.0,105,210947,买盘
356,09:47:52,20.11,0.01,13,26143,买盘
357,09:47:55,20.1,-0.01,38,76409,卖盘
358,09:47:58,20.12,0.02,1,2012,买盘
359,09:48:01,20.12,0.0,26,52312,买盘
360,09:48:04,20.13,0.01,24,48297,买盘
361,09:48:07,20.11,-0.02,65,130783,卖盘
362,09:48:10,20.12,0.01,25,50336,中性盘
363,09:48:13,20.15,0.03,23,46342,买盘
364,09:48:16,20.15,0.0,33,66495,买盘
365,09:48:19,20.13,-0.02,74,148978,卖盘
366,09:48:22,20.15,0.02,25,50365,买盘
367,09:48:25,20.17,0.02,27,54455,买盘
368,09:48:28,20.15,-0.02,27,54427,卖盘
369,09:48:31,20.22,0.07,625,1262166,买盘
370,09:48:34,20.18,-0.04,31,62563,中性盘
371,09:48:37,20.18,0.0,7,14127,卖盘
372,09:48:40,20.24,0.06,129,260854,买盘
373,09:48:43,20.25,0.01,10,20241,买盘
374,09:48:46,20.24,-0.01,42,85022,卖盘
375,09:48:49,20.26,0.02,150,303980,买盘
376,09:48:52,20.28,0.02,110,223080,买盘
377,09:48:55,20.27,-0.01,76,154201,中性盘
378,09:48:58,20.3,0.03,35,71042,买盘
379,09:49:01,20.3,0.0,91,184711,买盘
380,09:49:04,20.3,0.0,127,257807,买盘
381,09:49:07,20.33,0.03,136,276197,买盘
382,09:49:10,20.32,-0.01,33,67082,中性盘
383,09:49:13,20.34,0.02,37,75245,买盘
384,09:49:16,20.35,0.01,36,73238,买盘
385,09:49:19,20.37,0.02,126,256679,买盘
386,09:49:22,20.39,0.02,78,158979,买盘
387,09:49:25,20.37,-0.02,97,197581,卖盘
388,09:49:28,20.43,0.06,138,281389,买盘
389,09:49:31,20.44,0.01,68,138884,买盘
390,09:49:34,20.41,-0.03,62,126610,卖盘
391,09:49:37,20.45,0.04,45,91988,买盘
392,09:49:40,20.46,0.01,153,312883,买盘
393,09:49:43,20.44,-0.02,178,364201,卖盘
394,09:49:46,20.45,0.01,76,155613,中性盘
395,09:49:49,20.49,0.04,133,272181,买盘
396,09:49:52,20.44,-0.05,190,389034,卖盘
397,09:49:55,20.49,0.05,328,671239,买盘
398,09:49:58,20.47,-0.02,123,251775,中性盘
399,09:50:01,20.45,-0.02,136,278186,卖盘
400,09:50:04,20.47,0.02,222,454481,中性盘
401,09:50:07,20.45,-0.02,442,905136,卖盘
402,09:50:10,20.48,0.03,209,427470,买盘
403,09:50:13,20.47,-0.01,74,151411,中性盘
404,09:50:16,20.4,-0.07,127,259225,卖盘
405,09:50:19,20.4,0.0,33,67320,买盘
406,09:50:22,20.44,0.04,145,295927,买盘
407,09:50:25,20.39,-0.05,148,302450,卖盘
408,09:50:28,20.39,0.0,26,53012,买盘
409,09:50:31,20.39,0.0,147,299725,买盘
410,09:50:34,20.39,0.0,118,240544,买盘
411,09:50:37,20.38,-0.01,49,99866,卖盘
412,09:50:40,20.36,-0.02,48,97733,卖盘
413,09:50:43,20.35,-0.01,47,95662,卖盘
414,09:50:46,20.36,0.01,149,303482,买盘
415,09:50:49,20.32,-0.04,56,113938,卖盘
416,09:50:52,20.35,0.03,168,341835,买盘
417,09:50:55,20.3,-0.05,8,16247,卖盘
418,09:50:58,20.35,0.05,41,83312,买盘
419,09:51:01,20.3,-0.05,23,46726,卖盘
420,09:51:04,20.3,0.0,73,148205,卖盘
421,09:51:07,20.28,-0.02,43,87223,卖盘
422,09:51:10,20.3,0.02,72,145988,买盘
423,09:51:13,20.32,0.02,61,123874,买盘
424,09:51:16,20.3,-0.02,29,58929,卖盘
425,09:51:19,20.31,0.01,63,127892,中性盘
426,09:51:22,20.33,0.02,240,487370,买盘
427,09:51:25,20.33,0.0,22,44695,买盘
428,09:51:28,20.33,0.0,19,38635,卖盘
429,09:51:31,20.32,-0.01,58,117901,卖盘
430,09:51:34,20.33,0.01,61,123981,卖盘
431,09:51:37,20.34,0.01,42,85427,买盘
432,09:51:40,20.33,-0.01,109,221654,卖盘
433,09:51:43,20.34,0.01,146,297023,买盘
434,09:51:46,20.33,-0.01,528,1073286,卖盘
435,09:51:49,20.33,0.0,47,95550,买盘
436,09:51:52,20.32,-0.01,25,50820,卖盘
437,09:51:55,20.33,0.01,36,73159,买盘
438,09:51:58,20.31,-0.02,11,22332,中性盘
439,09:52:01,20.33,0.02,30,60953,买盘
440,09:52:04,20.3,-0.03,7,14212,卖盘
441,09:52:07,20.3,0.0,11,22331,卖盘
442,09:52:10,20.3,0.0,15,30469,卖盘
443,09:52:13,20.3,0.0,22,44672,卖盘
444,09:52:16,20.31,0.01,48,97467,买盘
445,09:52:19,20.3,-0.01,17,34517,卖盘
446,09:52:22,20.3,0.0,98,198926,卖盘
447,09:52:25,20.3,0.0,35,71050,买盘
448,09:52:28,20.31,0.01,118,239584,买盘
449,09:52:31,20.3,-0.01,50,101544,卖盘
450,09:52:34,20.3,0.0,46,93387,卖盘
451,09:52:37,20.3,0.0,144,292584,卖盘
452,09:52:40,20.31,0.01,2,4061,中性盘
453,09:52:43,20.3,-0.01,25,50771,卖盘
454,09:52:46,20.3,0.0,21,42630,卖盘
455,09:52:49,20.3,0.0,99,200992,买盘
456,09:52:52,20.3,0.0,59,119770,买盘
457,09:52:55,20.28,-0.02,40,81139,卖盘
458,09:52:58,20.25,-0.03,56,113462,卖盘
459,09:53:01,20.29,0.04,34,68955,买盘
460,09:53:04,20.25,-0.04,13,26328,卖盘
461,09:53:07,20.23,-0.02,47,95157,卖盘
462,09:53:10,20.25,0.02,11,22269,买盘
463,09:53:13,20.25,0.0,12,24282,买盘
464,09:53:16,20.22,-0.03,67,135524,卖盘
465,09:53:19,20.23,0.01,20,40444,买盘
466,09:53:22,20.23,0.0,24,48562,卖盘
467,09:53:25,20.22,-0.01,14,28320,卖盘
468,09:53:28,20.23,0.01,57,115406,中性盘
469,09:53:31,20.22,-0.01,60,121328,卖盘
470,09:53:34,20.23,0.01,34,68757,买盘
471,09:53:37,20.21,-0.02,84,170163,卖盘
472,09:53:40,20.22,0.01,45,90978,买盘
473,09:53:43,20.23,0.01,33,66789,买盘
474,09:53:46,20.22,-0.01,92,186018,卖盘
475,09:53:49,20.22,0.0,47,95034,卖盘
476,09:53:52,20.26,0.04,97,196491,买盘
477,09:53:55,20.26,0.0,12,24312,卖盘
478,09:53:58,20.26,0.0,9,18234,卖盘
479,09:54:01,20.28,0.02,14,28368,买盘
480,09:54:04,20.28,0.0,7,14196,买盘
481,09:54:07,20.28,0.0,16,32448,买盘
482,09:54:10,20.29,0.01,1,2029,买盘
483,09:54:13,20.29,0.0,25,50720,买盘
484,09:54:16,20.29,0.0,26,52749,买盘
485,09:54:19,20.29,0.0,49,99443,买盘
486,09:54:22,20.3,0.01,32,64962,买盘
487,09:54:25,20.31,0.01,33,66991,买盘
488,09:54:28,20.33,0.02,64,129994,买盘
489,09:54:31,20.33,0.0,20,40641,买盘
490,09:54:34,20.33,0.0,15,30495,卖盘
491,09:54:37,20.33,0.0,4,8132,卖盘
492,09:54:40,20.34,0.01,3,6101,买盘
493,09:54:43,20.34,0.0,33,67100,买盘
494,09:54:46,20.34,0.0,36,73240,中性盘
495,09:54:49,20.35,0.01,105,213512,买盘
496,09:54:52,20.35,0.0,24,48846,买盘
497,09:54:55,20.35,0.0,10,20350,卖盘
498,09:54:58,20.35,0.0,82,166902,卖盘
499,09:55:01,20.39,0.04,117,238422,买盘
500,09:55:04,20.35,-0.04,118,240231,卖盘
501,09:55:07,20.37,0.02,30,61090,中性盘
502,09:55:10,20.4,0.03,40,81526,买盘
503,09:55:13,20.36,-0.04,43,87561,卖盘
504,09:55:16,20.36,0.0,4,8144,卖盘
505,09:55:19,20.36,0.0,93,189363,卖盘
506,09:55:22,20.35,-0.01,130,264542,卖盘
507,09:55:25,20.35,0.0,23,46805,买盘
508,09:55:28,20.34,-0.01,52,105816,卖盘
509,09:55:31,20.34,0.0,102,207441,卖盘
510,09:55:34,20.33,-0.01,68,138261,卖盘
511,09:55:37,20.33,0.0,72,146378,卖盘
512,09:55:40,20.32,-0.01,67,136173,卖盘
513,09:55:43,20.3,-0.02,51,103542,卖盘
514,09:55:46,20.3,0.0,45,91350,卖盘
515,09:55:49,20.3,0.0,57,115579,买盘
516,09:55:52,20.29,-0.01,35,71027,中性盘
517,09:55:55,20.26,-0.03,10,20260,卖盘
518,09:55:58,20.26,0.0,25,50672,卖盘
519,09:56:01,20.28,0.02,172,348562,买盘
520,09:56:05,20.25,-0.03,125,253279,卖盘
521,09:56:07,20.26,0.01,20,40520,买盘
522,09:56:10,20.26,0.0,92,186391,买盘
523,09:56:13,20.22,-0.04,35,70830,卖盘
524,09:56:16,20.22,0.0,91,184047,卖盘
525,09:56:19,20.23,0.01,10,20238,中性盘
526,09:56:22,20.24,0.01,1,2024,中性盘
527,09:56:25,20.22,-0.02,103,208343,卖盘
528,09:56:28,20.22,0.0,75,151731,卖盘
529,09:56:31,20.21,-0.01,65,131420,卖盘
530,09:56:34,20.21,0.0,43,86903,买盘
531,09:56:37,20.21,0.0,21,42441,买盘
532,09:56:40,20.21,0.0,76,153654,买盘
533,09:56:43,20.22,0.01,132,266764,买盘
534,09:56:46,20.2,-0.02,34,68695,卖盘
535,09:56:49,20.2,0.0,107,216250,卖盘
536,09:56:52,20.21,0.01,63,127272,中性盘
537,09:56:55,20.2,-0.01,25,50530,卖盘
538,09:56:58,20.2,0.0,8,16155,买盘
539,09:57:01,20.2,0.0,40,80790,买盘
540,09:57:04,20.19,-0.01,126,254415,卖盘
541,09:57:07,20.2,0.01,45,90897,买盘
542,09:57:10,20.2,0.0,72,145397,买盘
543,09:57:13,20.2,0.0,33,66658,买盘
544,09:57:16,20.18,-0.02,27,54489,卖盘
545,09:57:19,20.19,0.01,7,14130,买盘
546,09:57:22,20.19,0.0,29,58551,买盘
547,09:57:25,20.19,0.0,4,8076,卖盘
548,09:57:28,20.19,0.0,24,48456,卖盘
549,09:57:31,20.2,0.01,121,244420,买盘
550,09:57:34,20.22,0.02,60,121211,买盘
551,09:57:37,20.22,0.0,13,26266,买盘
552,09:57:40,20.22,0.0,14,28298,买盘
553,09:57:43,20.23,0.01,1,2023,卖盘
554,09:57:46,20.22,-0.01,3,6068,卖盘
555,09:57:49,20.24,0.02,23,46550,买盘
556,09:57:52,20.23,-0.01,10,20239,卖盘
557,09:57:55,20.23,0.0,21,42492,卖盘
558,09:57:58,20.23,0.0,1,2023,卖盘
559,09:58:01,20.24,0.01,23,46567,中性盘
560,09:58:04,20.24,0.0,3,6072,卖盘
561,09:58:07,20.22,-0.02,64,129520,卖盘
562,09:58:10,20.25,0.03,20,40515,卖盘
563,09:58:13,20.25,0.0,10,20252,卖盘
564,09:58:16,20.28,0.03,11,22288,买盘
565,09:58:19,20.25,-0.03,93,188362,卖盘
566,09:58:22,20.28,0.03,9,18236,买盘
567,09:58:25,20.28,0.0,51,103410,买盘
568,09:58:31,20.26,-0.02,22,44582,卖盘
569,09:58:34,20.28,0.02,18,36500,买盘
570,09:58:37,20.29,0.01,57,115577,买盘
571,09:58:40,20.28,-0.01,5,10140,买盘
572,09:58:43,20.26,-0.02,9,18246,卖盘
573,09:58:46,20.28,0.02,69,139932,买盘
574,09:58:49,20.28,0.0,38,77024,买盘
575,09:58:52,20.25,-0.03,41,83035,卖盘
576,09:58:55,20.25,0.0,41,83025,买盘
577,09:58:58,20.27,0.02,33,66858,买盘
578,09:59:01,20.27,0.0,18,36485,买盘
579,09:59:04,20.24,-0.03,37,74901,卖盘
580,09:59:07,20.24,0.0,34,68804,买盘
581,09:59:10,20.24,0.0,25,50600,买盘
582,09:59:13,20.26,0.02,24,48589,买盘
583,09:59:16,20.26,0.0,35,70814,买盘
584,09:59:19,20.25,-0.01,17,34393,买盘
585,09:59:22,20.24,-0.01,3,6072,卖盘
586,09:59:25,20.23,-0.01,35,70877,卖盘
587,09:59:28,20.23,0.0,13,26305,卖盘
588,09:59:31,20.24,0.01,34,68816,买盘
589,09:59:34,20.24,0.0,24,48564,卖盘
590,09:59:37,20.23,-0.01,28,56673,卖盘
591,09:59:40,20.24,0.01,36,72875,买盘
592,09:59:43,20.23,-0.01,38,76880,卖盘
593,09:59:46,20.23,0.0,49,99131,买盘
594,09:59:49,20.23,0.0,40,80929,买盘
595,09:59:52,20.23,0.0,21,42483,卖盘
596,09:59:55,20.23,0.0,18,36414,卖盘
597,09:59:58,20.23,0.0,22,44511,卖盘
598,10:00:01,20.23,0.0,64,129460,卖盘
599,10:00:04,20.23,0.0,28,56654,卖盘
600,10:00:07,20.23,0.0,9,18210,买盘
601,10:00:10,20.23,0.0,24,48554,买盘
602,10:00:13,20.24,0.01,33,66792,买盘
603,10:00:16,20.24,0.0,13,26312,卖盘
604,10:00:19,20.23,-0.01,5,10118,卖盘
605,10:00:22,20.24,0.01,2,4048,卖盘
606,10:00:25,20.25,0.01,46,93181,买盘
607,10:00:28,20.25,0.0,20,40494,卖盘
608,10:00:31,20.25,0.0,15,30362,买盘
609,10:00:34,20.25,0.0,13,26320,买盘
610,10:00:37,20.25,0.0,55,111375,买盘
611,10:00:40,20.25,0.0,7,14175,买盘
612,10:00:43,20.25,0.0,47,95146,买盘
613,10:00:46,20.25,0.0,29,58725,买盘
614,10:00:49,20.25,0.0,15,30375,卖盘
615,10:00:52,20.24,-0.01,278,562890,卖盘
616,10:00:55,20.24,0.0,51,103255,卖盘
617,10:00:58,20.25,0.01,7,14175,买盘
618,10:01:01,20.25,0.0,20,40486,买盘
619,10:01:04,20.26,0.01,75,151916,买盘
620,10:01:07,20.24,-0.02,10,20240,买盘
621,10:01:10,20.25,0.01,6,12150,买盘
622,10:01:13,20.25,0.0,56,113400,买盘
623,10:01:16,20.25,0.0,146,295362,买盘
624,10:01:19,20.23,-0.02,17,34415,中性盘
625,10:01:22,20.23,0.0,22,44506,买盘
626,10:01:25,20.24,0.01,60,121465,买盘
627,10:01:28,20.24,0.0,2,4047,买盘
628,10:01:34,20.23,-0.01,20,40464,卖盘
629,10:01:37,20.23,0.0,9,18211,卖盘
630,10:01:40,20.24,0.01,13,26318,买盘
631,10:01:43,20.24,0.0,10,20240,买盘
632,10:01:46,20.23,-0.01,120,242763,卖盘
633,10:01:49,20.23,0.0,15,30346,买盘
634,10:01:52,20.23,0.0,41,82943,买盘
635,10:01:55,20.22,-0.01,10,20220,卖盘
636,10:01:58,20.22,0.0,103,208278,卖盘
637,10:02:04,20.22,0.0,72,145611,买盘
638,10:02:07,20.22,0.0,31,62682,卖盘
639,10:02:10,20.22,0.0,36,72792,卖盘
640,10:02:13,20.22,0.0,11,22242,卖盘
641,10:02:16,20.22,0.0,78,157716,卖盘
642,10:02:18,20.22,0.0,3,6066,买盘
643,10:02:22,20.22,0.0,26,52570,买盘
644,10:02:25,20.21,-0.01,57,115216,卖盘
645,10:02:28,20.21,0.0,19,38394,买盘
646,10:02:31,20.21,0.0,84,169688,买盘
647,10:02:34,20.19,-0.02,64,129314,卖盘
648,10:02:37,20.18,-0.01,7,14126,卖盘
649,10:02:40,20.18,0.0,38,76696,卖盘
650,10:02:43,20.18,0.0,16,32293,卖盘
651,10:02:46,20.17,-0.01,9,18155,卖盘
652,10:02:49,20.17,0.0,5,10085,卖盘
653,10:02:52,20.18,0.01,30,60527,买盘
654,10:02:55,20.18,0.0,50,100850,买盘
655,10:02:58,20.15,-0.03,11,22168,卖盘
656,10:03:01,20.15,0.0,33,66509,卖盘
657,10:03:04,20.15,0.0,29,58435,卖盘
658,10:03:07,20.15,0.0,39,78585,卖盘
659,10:03:10,20.13,-0.02,26,52381,卖盘
660,10:03:13,20.15,0.02,2,4028,买盘
661,10:03:16,20.14,-0.01,10,20139,中性盘
662,10:03:19,20.12,-0.02,25,50316,卖盘
663,10:03:22,20.13,0.01,24,48288,买盘
664,10:03:25,20.1,-0.03,171,343814,卖盘
665,10:03:27,20.11,0.01,63,126684,买盘
666,10:03:30,20.11,0.0,21,42231,买盘
667,10:03:34,20.11,0.0,22,44242,买盘
668,10:03:37,20.1,-0.01,50,100501,卖盘
669,10:03:40,20.11,0.01,33,66358,买盘
670,10:03:43,20.11,0.0,25,50279,卖盘
671,10:03:46,20.09,-0.02,68,136685,卖盘
672,10:03:49,20.09,0.0,18,36162,买盘
673,10:03:52,20.1,0.01,28,56271,买盘
674,10:03:54,20.11,0.01,20,40214,买盘
675,10:03:57,20.1,-0.01,14,28127,中性盘
676,10:04:01,20.08,-0.02,66,132557,卖盘
677,10:04:04,20.1,0.02,14,28136,买盘
678,10:04:07,20.08,-0.02,84,168787,卖盘
679,10:04:10,20.09,0.01,17,34163,中性盘
680,10:04:13,20.09,0.0,21,42198,卖盘
681,10:04:15,20.09,0.0,14,28137,卖盘
682,10:04:19,20.1,0.01,40,80384,买盘
683,10:04:25,20.1,0.0,1,2010,卖盘
684,10:04:28,20.11,0.01,16,32171,买盘
685,10:04:31,20.1,-0.01,27,54294,卖盘
686,10:04:34,20.1,0.0,20,40205,卖盘
687,10:04:37,20.11,0.01,1,2011,卖盘
688,10:04:40,20.12,0.01,10,20114,买盘
689,10:04:43,20.13,0.01,25,50317,买盘
690,10:04:46,20.13,0.0,1,2013,买盘
691,10:04:51,20.13,0.0,1,2013,卖盘
692,10:04:55,20.13,0.0,30,60416,卖盘
693,10:05:04,20.15,0.02,6,12090,买盘
694,10:05:07,20.15,0.0,22,44330,买盘
695,10:05:13,20.15,0.0,26,52392,卖盘
696,10:05:19,20.16,0.01,2,4032,卖盘
697,10:05:22,20.17,0.01,129,259982,买盘
698,10:05:25,20.15,-0.02,19,38321,卖盘
699,10:05:28,20.18,0.03,4,8072,买盘
700,10:05:30,20.19,0.01,38,76699,买盘
701,10:05:34,20.13,-0.06,409,822826,卖盘
702,10:05:37,20.13,0.0,39,78507,买盘
703,10:05:40,20.13,0.0,26,52338,买盘
704,10:05:46,20.09,-0.04,37,74370,卖盘
705,10:05:49,20.13,0.04,39,78507,买盘
706,10:05:55,20.1,-0.03,91,183123,卖盘
707,10:05:58,20.13,0.03,4,8054,中性盘
708,10:06:01,20.13,0.0,68,137045,卖盘
709,10:06:04,20.11,-0.02,4,8050,卖盘
710,10:06:07,20.13,0.02,5,10063,买盘
711,10:06:10,20.15,0.02,110,221589,买盘
712,10:06:13,20.11,-0.04,31,62425,卖盘
713,10:06:16,20.13,0.02,39,78507,卖盘
714,10:06:19,20.13,0.0,27,54351,卖盘
715,10:06:22,20.11,-0.02,15,30183,卖盘
716,10:06:24,20.12,0.01,9,18113,中性盘
717,10:06:28,20.16,0.04,10,20149,买盘
718,10:06:31,20.14,-0.02,3,6042,卖盘
719,10:06:34,20.1,-0.04,84,168866,卖盘
720,10:06:37,20.1,0.0,10,20100,买盘
721,10:06:40,20.1,0.0,20,40200,买盘
722,10:06:42,20.1,0.0,11,22104,买盘
723,10:06:45,20.1,0.0,26,52259,买盘
724,10:06:49,20.1,0.0,110,220906,买盘
725,10:06:52,20.1,0.0,56,112506,买盘
726,10:06:55,20.1,0.0,16,32160,买盘
727,10:06:58,20.08,-0.02,11,22098,卖盘
728,10:07:01,20.06,-0.02,46,92286,卖盘
729,10:07:04,20.05,-0.01,86,172512,卖盘
730,10:07:07,20.08,0.03,4,8030,买盘
731,10:07:10,20.09,0.01,8,16070,买盘
732,10:07:13,20.05,-0.04,61,122383,卖盘
733,10:07:16,20.05,0.0,34,68179,卖盘
734,10:07:19,20.05,0.0,15,30075,买盘
735,10:07:22,20.05,0.0,3,6015,买盘
736,10:07:25,20.03,-0.02,34,68135,卖盘
737,10:07:28,20.04,0.01,38,76163,中性盘
738,10:07:31,20.04,0.0,247,495071,买盘
739,10:07:34,20.04,0.0,72,144229,买盘
740,10:07:37,20.03,-0.01,27,54076,卖盘
741,10:07:40,20.03,0.0,25,50051,买盘
742,10:07:43,20.04,0.01,77,154273,买盘
743,10:07:45,20.03,-0.01,13,26050,卖盘
744,10:07:48,20.03,0.0,32,64096,卖盘
745,10:07:52,20.03,0.0,42,84125,卖盘
746,10:07:54,20.03,0.0,17,34044,买盘
747,10:07:58,20.03,0.0,911,1821933,买盘
748,10:08:01,20.0,-0.03,208,415924,中性盘
749,10:08:04,19.95,-0.05,13,25986,卖盘
750,10:08:07,20.0,0.05,6,11995,买盘
751,10:08:10,19.95,-0.05,22,43925,卖盘
752,10:08:12,19.95,0.0,27,53884,卖盘
753,10:08:15,19.95,0.0,20,39898,卖盘
754,10:08:19,19.95,0.0,42,83844,买盘
755,10:08:22,19.95,0.0,27,53875,买盘
756,10:08:25,19.9,-0.05,267,531417,卖盘
757,10:08:28,19.9,0.0,106,210911,买盘
758,10:08:31,19.9,0.0,16,31844,买盘
759,10:08:34,19.9,0.0,59,117447,卖盘
760,10:08:37,19.9,0.0,19,37820,卖盘
761,10:08:40,19.91,0.01,164,326361,买盘
762,10:08:43,19.92,0.01,63,125435,买盘
763,10:08:46,19.92,0.0,17,33864,卖盘
764,10:08:49,19.92,0.0,44,87688,卖盘
765,10:08:52,19.94,0.02,29,57778,买盘
766,10:08:55,19.94,0.0,10,19940,卖盘
767,10:08:58,19.94,0.0,12,23928,卖盘
768,10:09:01,19.94,0.0,3,5984,卖盘
769,10:09:04,19.95,0.01,11,21942,买盘
770,10:09:07,19.95,0.0,81,161577,买盘
771,10:09:10,19.95,0.0,51,101696,卖盘
772,10:09:13,19.95,0.0,40,79872,卖盘
773,10:09:16,19.95,0.0,5,9975,卖盘
774,10:09:18,19.99,0.04,2,3998,买盘
775,10:09:22,19.95,-0.04,162,323556,卖盘
776,10:09:25,19.99,0.04,20,39960,中性盘
777,10:09:28,19.99,0.0,87,173943,卖盘
778,10:09:31,19.99,0.0,32,63990,卖盘
779,10:09:34,19.99,0.0,99,197980,卖盘
780,10:09:37,20.0,0.01,4,8000,买盘
781,10:09:46,20.01,0.01,5,10005,买盘
782,10:09:49,20.03,0.02,25,50036,买盘
783,10:09:52,20.03,0.0,6,12018,买盘
784,10:09:54,20.02,-0.01,10,20020,中性盘
785,10:10:01,20.03,0.01,36,72089,买盘
786,10:10:04,20.03,0.0,5,10014,买盘
787,10:10:07,20.03,0.0,11,22049,买盘
788,10:10:10,20.04,0.01,15,30060,卖盘
789,10:10:13,20.03,-0.01,30,60095,卖盘
790,10:10:16,20.03,0.0,5,10015,卖盘
791,10:10:22,20.08,0.05,12,24088,买盘
792,10:10:25,20.08,0.0,2,4016,卖盘
793,10:10:28,20.08,0.0,5,10040,卖盘
794,10:10:31,20.08,0.0,17,34136,卖盘
795,10:10:34,20.08,0.0,32,64310,卖盘
796,10:10:37,20.08,0.0,50,100400,卖盘
797,10:10:40,20.08,0.0,95,190838,卖盘
798,10:10:43,20.09,0.01,5,10045,中性盘
799,10:10:46,20.11,0.02,19,38209,买盘
800,10:10:49,20.11,0.0,14,28153,卖盘
801,10:10:52,20.11,0.0,5,10055,卖盘
802,10:10:55,20.11,0.0,15,30165,卖盘
803,10:10:58,20.13,0.02,20,40235,中性盘
804,10:11:01,20.14,0.01,15,30210,买盘
805,10:11:04,20.14,0.0,12,24168,中性盘
806,10:11:07,20.14,0.0,1,2014,卖盘
807,10:11:10,20.14,0.0,28,56385,卖盘
808,10:11:13,20.15,0.01,33,66482,买盘
809,10:11:16,20.13,-0.02,28,56403,卖盘
810,10:11:19,20.13,0.0,1,2013,买盘
811,10:11:22,20.17,0.04,76,153048,买盘
812,10:11:31,20.14,-0.03,2,4028,买盘
813,10:11:34,20.14,0.0,28,56382,买盘
814,10:11:37,20.14,0.0,5,10070,买盘
815,10:11:40,20.14,0.0,8,16108,买盘
816,10:11:43,20.14,0.0,16,32224,卖盘
817,10:11:46,20.14,0.0,9,18126,卖盘
818,10:11:49,20.08,-0.06,398,800603,卖盘
819,10:11:52,20.08,0.0,1,2008,买盘
820,10:11:55,20.08,0.0,41,82328,买盘
821,10:11:58,20.05,-0.03,40,80263,卖盘
822,10:12:01,20.08,0.03,5,10040,买盘
823,10:12:04,20.08,0.0,18,36112,买盘
824,10:12:07,20.05,-0.03,5,10025,中性盘
825,10:12:10,20.05,0.0,7,14035,买盘
826,10:12:13,20.05,0.0,6,12029,买盘
827,10:12:16,20.05,0.0,12,24058,买盘
828,10:12:19,20.08,0.03,16,32095,买盘
829,10:12:22,20.07,-0.01,4,8028,卖盘
830,10:12:28,20.05,-0.02,21,42107,卖盘
831,10:12:31,20.05,0.0,10,20060,卖盘
832,10:12:34,20.07,0.02,2,4014,买盘
833,10:12:37,20.07,0.0,27,54153,买盘
834,10:12:43,20.07,0.0,54,108272,买盘
835,10:12:46,20.05,-0.02,34,68190,卖盘
836,10:12:49,20.05,0.0,45,90232,买盘
837,10:12:52,20.05,0.0,24,48120,买盘
838,10:12:55,20.01,-0.04,153,306484,卖盘
839,10:12:58,20.05,0.04,3,6015,中性盘
840,10:13:00,20.03,-0.02,3,6009,买盘
841,10:13:13,20.02,-0.01,6,12012,卖盘
842,10:13:19,20.01,-0.01,19,38026,卖盘
843,10:13:22,20.02,0.01,10,20015,买盘
844,10:13:25,20.02,0.0,3,6006,买盘
845,10:13:31,20.0,-0.02,65,130037,卖盘
846,10:13:34,20.02,0.02,78,156150,买盘
847,10:13:37,20.02,0.0,45,90090,卖盘
848,10:13:40,20.03,0.01,10,20026,买盘
849,10:13:43,20.02,-0.01,37,74076,卖盘
850,10:13:45,20.02,0.0,43,86122,卖盘
851,10:13:49,20.02,0.0,39,78115,卖盘
852,10:13:52,20.03,0.01,1,2003,中性盘
853,10:13:55,20.04,0.01,44,88164,买盘
854,10:14:01,20.03,-0.01,9,18033,卖盘
855,10:14:03,20.04,0.01,16,32052,中性盘
856,10:14:07,20.04,0.0,20,40080,买盘
857,10:14:13,20.07,0.03,40,80187,买盘
858,10:14:16,20.03,-0.04,165,330823,卖盘
859,10:14:22,20.03,0.0,3,6009,买盘
860,10:14:25,20.04,0.01,6,12027,卖盘
861,10:14:27,20.04,0.0,4,8016,卖盘
862,10:14:34,20.03,-0.01,31,62103,卖盘
863,10:14:40,20.03,0.0,1,2003,买盘
864,10:14:43,20.02,-0.01,9,18018,卖盘
865,10:14:46,20.03,0.01,17,34051,买盘
866,10:14:49,20.02,-0.01,23,46051,卖盘
867,10:14:55,20.03,0.01,24,48072,中性盘
868,10:15:00,20.03,0.0,22,44041,买盘
869,10:15:04,20.02,-0.01,11,22022,中性盘
870,10:15:07,20.03,0.01,69,138185,买盘
871,10:15:10,20.02,-0.01,14,28028,中性盘
872,10:15:13,20.03,0.01,10,20029,买盘
873,10:15:16,20.03,0.0,18,36054,卖盘
874,10:15:19,20.03,0.0,7,14021,卖盘
875,10:15:22,20.02,-0.01,26,52067,卖盘
876,10:15:28,20.03,0.01,6,12018,中性盘
877,10:15:31,20.05,0.02,1,2005,买盘
878,10:15:34,20.05,0.0,10,20050,卖盘
879,10:15:37,20.05,0.0,1,2005,卖盘
880,10:15:40,20.03,-0.02,36,72154,卖盘
881,10:15:43,20.06,0.03,110,220396,买盘
882,10:15:46,20.06,0.0,28,56168,卖盘
883,10:15:49,20.06,0.0,76,152456,卖盘
884,10:15:55,20.05,-0.01,1,2005,卖盘
885,10:15:58,20.06,0.01,3,6017,买盘
886,10:16:01,20.06,0.0,10,20060,买盘
887,10:16:04,20.05,-0.01,8,16040,卖盘
888,10:16:07,20.06,0.01,13,26075,买盘
889,10:16:10,20.06,0.0,17,34102,卖盘
890,10:16:13,20.02,-0.04,24,48074,卖盘
891,10:16:25,20.03,0.01,11,22053,卖盘
892,10:16:28,20.03,0.0,22,44096,卖盘
893,10:16:31,20.03,0.0,12,24038,卖盘
894,10:16:34,20.03,0.0,37,74111,卖盘
895,10:16:37,20.03,0.0,91,182305,卖盘
896,10:16:40,20.03,0.0,1,2003,卖盘
897,10:16:46,20.03,0.0,6,12018,卖盘
898,10:16:48,20.03,0.0,6,12018,卖盘
899,10:16:52,19.97,-0.06,436,871855,卖盘
900,10:16:55,19.97,0.0,10,19970,买盘
901,10:16:58,19.97,0.0,5,9985,买盘
902,10:17:01,19.96,-0.01,22,43923,卖盘
903,10:17:04,19.94,-0.02,110,219415,卖盘
904,10:17:13,19.94,0.0,86,171565,卖盘
905,10:17:16,19.94,0.0,8,15952,卖盘
906,10:17:19,19.94,0.0,7,13958,买盘
907,10:17:22,19.91,-0.03,71,141441,卖盘
908,10:17:25,19.93,0.02,10,19935,中性盘
909,10:17:28,19.93,0.0,3,5979,买盘
910,10:17:31,19.91,-0.02,70,139371,卖盘
911,10:17:33,19.91,0.0,58,115498,卖盘
912,10:17:36,19.91,0.0,7,13937,卖盘
913,10:17:40,19.92,0.01,6,11957,中性盘
914,10:17:43,19.92,0.0,25,49802,卖盘
915,10:17:46,19.91,-0.01,43,85628,卖盘
916,10:17:49,19.93,0.02,3,5979,买盘
917,10:17:51,19.91,-0.02,79,157292,卖盘
918,10:17:55,19.91,0.0,66,131368,买盘
919,10:17:58,19.91,0.0,31,61721,买盘
920,10:18:01,19.91,0.0,56,111496,买盘
921,10:18:04,19.91,0.0,31,61725,卖盘
922,10:18:07,19.92,0.01,12,23893,买盘
923,10:18:13,19.91,-0.01,10,19915,卖盘
924,10:18:16,19.91,0.0,35,69685,卖盘
925,10:18:18,19.92,0.01,36,71712,买盘
926,10:18:22,19.92,0.0,12,23904,买盘
927,10:18:25,19.91,-0.01,52,103544,卖盘
928,10:18:28,19.92,0.01,21,41829,买盘
929,10:18:31,19.93,0.01,50,99642,买盘
930,10:18:34,19.95,0.02,18,35870,买盘
931,10:18:36,19.95,0.0,14,27906,买盘
932,10:18:39,19.95,0.0,1,1995,买盘
933,10:18:42,19.95,0.0,39,77758,买盘
934,10:18:46,19.95,0.0,127,252967,卖盘
935,10:18:49,19.96,0.01,3,5988,买盘
936,10:18:52,19.95,-0.01,59,117741,卖盘
937,10:19:06,19.96,0.01,30,59920,卖盘
938,10:19:10,20.0,0.04,7,14000,买盘
939,10:19:16,19.95,-0.05,33,65864,卖盘
940,10:19:25,19.99,0.04,15,29975,买盘
941,10:19:31,19.98,-0.01,3,5994,中性盘
942,10:19:33,19.99,0.01,232,463213,买盘
943,10:19:40,19.96,-0.03,4,7988,卖盘
944,10:19:43,19.99,0.03,58,115935,买盘
945,10:19:46,19.98,-0.01,7,13981,中性盘
946,10:19:52,19.98,0.0,4,7992,买盘
947,10:19:55,19.98,0.0,28,55904,买盘
948,10:19:58,19.97,-0.01,58,115884,中性盘
949,10:20:01,19.96,-0.01,22,43917,卖盘
950,10:20:04,19.97,0.01,13,25951,买盘
951,10:20:06,19.98,0.01,3,5994,卖盘
952,10:20:09,19.98,0.0,5,9990,买盘
953,10:20:13,19.98,0.0,1,1998,买盘
954,10:20:16,19.98,0.0,10,19980,买盘
955,10:20:19,19.98,0.0,3,5994,买盘
956,10:20:22,19.98,0.0,3,5994,买盘
957,10:20:25,19.98,0.0,48,95904,买盘
958,10:20:27,19.98,0.0,5,9993,卖盘
959,10:20:30,19.98,0.0,2,3996,卖盘
960,10:20:34,20.0,0.02,50,99988,买盘
961,10:20:37,20.0,0.0,29,58006,卖盘
962,10:20:42,19.99,-0.01,4,7996,买盘
963,10:20:46,19.99,0.0,7,13993,买盘
964,10:20:49,19.99,0.0,7,13988,买盘
965,10:20:52,19.99,0.0,30,59962,买盘
966,10:21:01,19.99,0.0,64,127936,卖盘
967,10:21:07,19.99,0.0,84,167945,卖盘
968,10:21:10,19.99,0.0,32,63968,买盘
969,10:21:13,19.98,-0.01,51,101899,卖盘
970,10:21:19,19.98,0.0,21,41958,卖盘
971,10:21:22,19.98,0.0,60,119880,卖盘
972,10:21:25,19.98,0.0,3,5994,买盘
973,10:21:28,19.96,-0.02,16,31963,卖盘
974,10:21:31,19.96,0.0,11,21976,卖盘
975,10:21:37,19.96,0.0,1,1996,卖盘
976,10:21:40,19.96,0.0,41,81836,卖盘
977,10:21:43,19.96,0.0,2,3992,卖盘
978,10:21:46,19.96,0.0,21,41916,卖盘
979,10:21:49,19.96,0.0,4,7984,买盘
980,10:21:52,19.95,-0.01,25,49913,卖盘
981,10:21:57,19.95,0.0,13,25935,卖盘
982,10:22:04,19.95,0.0,77,153620,卖盘
983,10:22:07,19.95,0.0,3,5985,卖盘
984,10:22:13,19.95,0.0,3,5985,买盘
985,10:22:16,19.95,0.0,4,7980,买盘
986,10:22:19,19.93,-0.02,3,5983,卖盘
987,10:22:22,19.92,-0.01,190,379197,卖盘
988,10:22:24,19.98,0.06,2,3993,买盘
989,10:22:27,19.93,-0.05,36,71748,卖盘
990,10:22:31,19.93,0.0,21,41853,买盘
991,10:22:37,19.93,0.0,4,7972,买盘
992,10:22:40,19.93,0.0,16,31887,买盘
993,10:22:43,19.93,0.0,16,31879,买盘
994,10:22:46,19.92,-0.01,17,33875,卖盘
995,10:22:52,19.92,0.0,24,47811,卖盘
996,10:22:55,19.91,-0.01,10,19915,卖盘
997,10:22:58,19.92,0.01,5,9960,买盘
998,10:23:01,19.92,0.0,12,23894,买盘
999,10:23:04,19.91,-0.01,26,51766,卖盘
1000,10:23:07,19.91,0.0,107,213070,卖盘
1001,10:23:10,19.91,0.0,29,57739,卖盘
1002,10:23:13,19.91,0.0,43,85628,卖盘
1003,10:23:15,19.91,0.0,47,93577,卖盘
1004,10:23:18,19.9,-0.01,16,31855,卖盘
1005,10:23:22,19.91,0.01,2,3982,买盘
1006,10:23:25,19.91,0.0,5,9955,买盘
1007,10:23:28,19.91,0.0,54,107464,买盘
1008,10:23:31,19.9,-0.01,21,41790,卖盘
1009,10:23:34,19.9,0.0,62,123392,卖盘
1010,10:23:37,19.91,0.01,15,29854,买盘
1011,10:23:40,19.9,-0.01,3,5971,卖盘
1012,10:23:43,19.9,0.0,67,133330,买盘
1013,10:23:49,19.89,-0.01,24,47736,卖盘
1014,10:23:52,19.9,0.01,26,51720,买盘
1015,10:23:58,19.88,-0.02,43,85491,卖盘
1016,10:24:01,19.88,0.0,33,65604,卖盘
1017,10:24:04,19.88,0.0,340,676488,卖盘
1018,10:24:07,19.9,0.02,116,230645,买盘
1019,10:24:10,19.89,-0.01,46,91467,中性盘
1020,10:24:12,19.88,-0.01,18,35793,卖盘
1021,10:24:16,19.89,0.01,5,9945,中性盘
1022,10:24:19,19.85,-0.04,27,53643,卖盘
1023,10:24:22,19.89,0.04,32,63623,买盘
1024,10:24:28,19.85,-0.04,26,51622,卖盘
1025,10:24:31,19.85,0.0,13,25805,买盘
1026,10:24:34,19.85,0.0,33,65505,买盘
1027,10:24:37,19.84,-0.01,25,49605,卖盘
1028,10:24:40,19.85,0.01,28,55615,买盘
1029,10:24:43,19.85,0.0,3,5955,卖盘
1030,10:24:46,19.86,0.01,8,15888,中性盘
1031,10:24:48,19.85,-0.01,5,9927,卖盘
1032,10:24:51,19.85,0.0,17,33747,卖盘
1033,10:24:55,19.86,0.01,66,131096,中性盘
1034,10:24:58,19.86,0.0,7,13902,卖盘
1035,10:25:01,19.86,0.0,27,53641,卖盘
1036,10:25:06,19.88,0.02,52,103376,买盘
1037,10:25:09,19.86,-0.02,112,222482,卖盘
1038,10:25:13,19.86,0.0,46,91358,卖盘
1039,10:25:19,19.89,0.03,4,7953,买盘
1040,10:25:22,19.89,0.0,9,17901,买盘
1041,10:25:24,19.89,0.0,14,27840,买盘
1042,10:25:28,19.89,0.0,25,49715,中性盘
1043,10:25:30,19.89,0.0,14,27852,卖盘
1044,10:25:33,19.9,0.01,2,3980,买盘
1045,10:25:39,19.9,0.0,17,33830,买盘
1046,10:25:46,19.9,0.0,12,23880,卖盘
1047,10:25:49,19.93,0.03,37,73691,买盘
1048,10:25:55,19.93,0.0,10,19930,卖盘
1049,10:25:58,19.93,0.0,4,7972,卖盘
1050,10:26:01,19.95,0.02,5,9973,买盘
1051,10:26:09,19.98,0.03,26,51948,买盘
1052,10:26:25,19.99,0.01,14,27986,买盘
1053,10:26:28,19.99,0.0,19,37974,买盘
1054,10:26:31,19.99,0.0,1,1999,买盘
1055,10:26:34,19.99,0.0,9,17991,中性盘
1056,10:26:36,19.98,-0.01,10,19989,卖盘
1057,10:26:43,19.95,-0.03,12,23965,卖盘
1058,10:26:49,19.99,0.04,135,269853,买盘
1059,10:26:52,19.95,-0.04,13,25941,卖盘
1060,10:26:55,19.98,0.03,16,31929,买盘
1061,10:26:58,19.95,-0.03,13,25947,卖盘
1062,10:27:00,19.95,0.0,9,17955,买盘
1063,10:27:06,19.98,0.03,5,9978,买盘
1064,10:27:28,19.98,0.0,25,49930,买盘
1065,10:27:31,19.96,-0.02,11,21966,卖盘
1066,10:27:33,19.96,0.0,2,3992,买盘
1067,10:27:37,19.96,0.0,2,3992,买盘
1068,10:27:39,19.96,0.0,42,83832,买盘
1069,10:27:43,19.95,-0.01,107,213558,卖盘
1070,10:27:46,19.95,0.0,12,23942,卖盘
1071,10:27:49,19.95,0.0,22,43902,卖盘
1072,10:27:57,19.97,0.02,1,1997,买盘
1073,10:28:04,19.96,-0.01,17,33935,卖盘
1074,10:28:07,19.97,0.01,83,165751,卖盘
1075,10:28:10,19.97,0.0,2,3994,卖盘
1076,10:28:13,19.97,0.0,154,307538,卖盘
1077,10:28:19,19.97,0.0,14,27958,买盘
1078,10:28:22,19.96,-0.01,4,7984,卖盘
1079,10:28:24,19.97,0.01,13,25953,买盘
1080,10:28:28,19.97,0.0,211,420962,买盘
1081,10:28:37,19.97,0.0,6,11982,买盘
1082,10:28:46,19.96,-0.01,12,23952,买盘
1083,10:28:49,19.95,-0.01,37,73815,卖盘
1084,10:28:55,19.95,0.0,7,13965,买盘
1085,10:28:57,19.93,-0.02,15,29895,卖盘
1086,10:29:01,19.91,-0.02,37,73681,卖盘
1087,10:29:04,19.93,0.02,1,1993,买盘
1088,10:29:07,19.95,0.02,33,65811,买盘
1089,10:29:10,19.95,0.0,15,29925,卖盘
1090,10:29:19,19.95,0.0,12,23940,卖盘
1091,10:29:21,19.95,0.0,15,29925,买盘
1092,10:29:27,19.93,-0.02,9,17937,卖盘
1093,10:29:31,19.93,0.0,8,15944,买盘
1094,10:29:33,19.93,0.0,6,11958,买盘
1095,10:29:40,19.95,0.02,12,23930,买盘
1096,10:29:43,19.93,-0.02,12,23916,中性盘
1097,10:29:45,19.93,0.0,1,1993,卖盘
1098,10:29:49,19.93,0.0,1,1993,卖盘
1099,10:29:55,19.95,0.02,47,93753,买盘
1100,10:29:58,19.96,0.01,98,195467,买盘
1101,10:30:07,19.94,-0.02,2,3987,买盘
1102,10:30:13,19.94,0.0,5,9970,买盘
1103,10:30:19,19.95,0.01,4,7980,买盘
1104,10:30:25,19.95,0.0,2,3990,卖盘
1105,10:30:28,19.95,0.0,2,3990,卖盘
1106,10:30:31,19.96,0.01,10,19960,买盘
1107,10:30:34,19.94,-0.02,22,43883,卖盘
1108,10:30:37,19.94,0.0,1,1994,买盘
1109,10:30:39,19.96,0.02,22,43882,买盘
1110,10:30:46,19.95,-0.01,12,23940,卖盘
1111,10:30:49,19.97,0.02,10,19963,买盘
1112,10:30:52,19.95,-0.02,22,43890,卖盘
1113,10:30:54,19.97,0.02,2,3994,买盘
1114,10:30:57,19.96,-0.01,5,9980,买盘
1115,10:31:01,19.95,-0.01,19,37920,卖盘
1116,10:31:04,19.95,0.0,11,21945,买盘
1117,10:31:13,19.95,0.0,17,33915,买盘
1118,10:31:19,19.95,0.0,9,17955,买盘
1119,10:31:25,19.94,-0.01,5,9970,卖盘
1120,10:31:31,19.95,0.01,38,75768,中性盘
1121,10:31:36,19.94,-0.01,21,41878,卖盘
1122,10:31:43,19.96,0.02,8,15968,买盘
1123,10:31:49,19.95,-0.01,49,97707,买盘
1124,10:31:55,19.95,0.0,4,7980,买盘
1125,10:31:58,19.96,0.01,4,7984,买盘
1126,10:32:04,19.95,-0.01,18,35910,卖盘
1127,10:32:13,19.95,0.0,1,1995,买盘
1128,10:32:16,19.94,-0.01,3,5982,卖盘
1129,10:32:19,19.94,0.0,43,85752,卖盘
1130,10:32:25,19.95,0.01,11,21942,买盘
1131,10:32:27,19.94,-0.01,15,29914,卖盘
1132,10:32:31,19.94,0.0,83,165502,买盘
1133,10:32:37,19.95,0.01,27,53853,买盘
1134,10:32:43,19.94,-0.01,10,19945,卖盘
1135,10:32:46,19.93,-0.01,88,175430,卖盘
1136,10:32:57,19.93,0.0,38,75734,卖盘
1137,10:33:01,19.93,0.0,36,71748,卖盘
1138,10:33:07,19.93,0.0,2,3986,买盘
1139,10:33:13,19.92,-0.01,8,15940,卖盘
1140,10:33:16,19.93,0.01,16,31888,买盘
1141,10:33:19,19.93,0.0,28,55803,买盘
1142,10:33:22,19.92,-0.01,63,125496,卖盘
1143,10:33:25,19.92,0.0,64,127488,卖盘
1144,10:33:28,19.92,0.0,4,7968,买盘
1145,10:33:40,19.92,0.0,1,1992,买盘
1146,10:33:43,19.92,0.0,8,15936,买盘
1147,10:33:46,19.92,0.0,32,63727,买盘
1148,10:33:49,19.91,-0.01,6,11946,卖盘
1149,10:33:52,19.92,0.01,1,1992,买盘
1150,10:33:54,19.91,-0.01,38,75667,卖盘
1151,10:34:04,19.92,0.01,27,53767,买盘
1152,10:34:06,19.91,-0.01,10,19910,卖盘
1153,10:34:09,19.91,0.0,1,1991,卖盘
1154,10:34:13,19.91,0.0,2,3982,买盘
1155,10:34:16,19.91,0.0,60,119402,买盘
1156,10:34:19,19.92,0.01,39,77686,买盘
1157,10:34:22,19.91,-0.01,15,29868,买盘
1158,10:34:25,19.91,0.0,31,61721,买盘
1159,10:34:28,19.9,-0.01,72,143281,卖盘
1160,10:34:31,19.91,0.01,25,49775,买盘
1161,10:34:34,19.9,-0.01,6,11940,卖盘
1162,10:34:40,19.91,0.01,88,175128,买盘
1163,10:34:42,19.9,-0.01,2,3980,卖盘
1164,10:35:00,19.9,0.0,2,3980,买盘
1165,10:35:04,19.9,0.0,5,9950,买盘
1166,10:35:07,19.9,0.0,22,43780,买盘
1167,10:35:10,19.89,-0.01,75,149190,卖盘
1168,10:35:16,19.9,0.01,50,99495,买盘
1169,10:35:22,19.89,-0.01,24,47746,卖盘
1170,10:35:28,19.89,0.0,19,37791,买盘
1171,10:35:31,19.88,-0.01,88,174960,卖盘
1172,10:35:34,19.89,0.01,12,23860,中性盘
1173,10:35:37,19.89,0.0,4,7956,卖盘
1174,10:35:43,19.89,0.0,7,13927,卖盘
1175,10:35:46,19.89,0.0,1,1989,卖盘
1176,10:35:48,19.9,0.01,10,19900,买盘
1177,10:35:52,19.89,-0.01,14,27850,卖盘
1178,10:35:54,19.9,0.01,5,9950,卖盘
1179,10:35:58,19.9,0.0,2,3980,卖盘
1180,10:36:01,19.91,0.01,8,15928,买盘
1181,10:36:10,19.91,0.0,16,31856,卖盘
1182,10:36:12,19.91,0.0,4,7964,买盘
1183,10:36:15,19.9,-0.01,92,183124,卖盘
1184,10:36:19,19.92,0.02,212,421908,买盘
1185,10:36:22,19.92,0.0,4,7965,买盘
1186,10:36:25,19.91,-0.01,12,23892,卖盘
1187,10:36:28,19.92,0.01,21,41832,买盘
1188,10:36:33,19.91,-0.01,8,15928,卖盘
1189,10:36:36,19.92,0.01,10,19920,买盘
1190,10:36:42,19.92,0.0,17,33864,买盘
1191,10:36:45,19.92,0.0,1,1992,买盘
1192,10:36:49,19.92,0.0,3,5976,买盘
1193,10:36:58,19.93,0.01,41,81713,买盘
1194,10:37:01,19.92,-0.01,43,85683,卖盘
1195,10:37:04,19.92,0.0,81,161362,卖盘
1196,10:37:06,19.94,0.02,26,51800,买盘
1197,10:37:10,19.92,-0.02,32,63750,卖盘
1198,10:37:13,19.92,0.0,1,1992,买盘
1199,10:37:16,19.95,0.03,9,17953,买盘
1200,10:37:22,19.95,0.0,1,1995,买盘
1201,10:37:25,19.91,-0.04,248,493877,卖盘
1202,10:37:28,19.95,0.04,26,51870,买盘
1203,10:37:37,19.94,-0.01,70,139578,卖盘
1204,10:37:40,19.94,0.0,13,25922,买盘
1205,10:37:43,19.94,0.0,4,7976,买盘
1206,10:37:49,19.94,0.0,20,39880,买盘
1207,10:37:52,19.94,0.0,1,1994,买盘
1208,10:37:55,19.94,0.0,13,25922,买盘
1209,10:37:58,19.95,0.01,2,3990,买盘
1210,10:38:04,19.95,0.0,12,23940,卖盘
1211,10:38:07,19.96,0.01,24,47904,买盘
1212,10:38:10,19.96,0.0,21,41916,买盘
1213,10:38:19,19.96,0.0,24,47904,买盘
1214,10:38:22,19.94,-0.02,79,157562,卖盘
1215,10:38:25,19.93,-0.01,9,17937,买盘
1216,10:38:27,19.93,0.0,25,49825,买盘
1217,10:38:31,19.93,0.0,16,31888,买盘
1218,10:38:34,19.93,0.0,71,141503,买盘
1219,10:38:37,19.93,0.0,3,5979,买盘
1220,10:38:40,19.95,0.02,5,9975,买盘
1221,10:38:49,19.92,-0.03,73,145473,卖盘
1222,10:38:51,19.95,0.03,6,11970,买盘
1223,10:38:54,19.95,0.0,7,13955,买盘
1224,10:38:58,19.95,0.0,1,1995,买盘
1225,10:39:01,19.93,-0.02,40,79730,卖盘
1226,10:39:04,19.93,0.0,7,13955,卖盘
1227,10:39:07,19.94,0.01,12,23928,买盘
1228,10:39:10,19.95,0.01,12,23934,买盘
1229,10:39:13,19.95,0.0,2,3990,买盘
1230,10:39:16,19.93,-0.02,84,167459,卖盘
1231,10:39:18,19.94,0.01,10,19940,中性盘
1232,10:39:22,19.95,0.01,28,55860,买盘
1233,10:39:25,19.94,-0.01,1,1994,中性盘
1234,10:39:28,19.95,0.01,2,3990,买盘
1235,10:39:31,19.94,-0.01,9,17946,卖盘
1236,10:39:34,19.95,0.01,31,61786,买盘
1237,10:39:37,19.95,0.0,11,21936,买盘
1238,10:39:40,19.95,0.0,27,53865,买盘
1239,10:39:46,19.94,-0.01,6,11964,卖盘
1240,10:39:49,19.93,-0.01,68,135527,卖盘
1241,10:39:52,19.91,-0.02,67,133476,卖盘
1242,10:39:55,19.93,0.02,16,31888,买盘
1243,10:39:58,19.93,0.0,9,17937,买盘
1244,10:40:01,19.93,0.0,1,1993,买盘
1245,10:40:04,19.9,-0.03,212,422007,卖盘
1246,10:40:10,19.91,0.01,26,51808,中性盘
1247,10:40:13,19.91,0.0,70,139302,买盘
1248,10:40:25,19.93,0.02,2,3986,买盘
1249,10:40:28,19.9,-0.03,139,276833,卖盘
1250,10:40:43,19.9,0.0,54,107528,卖盘
1251,10:40:46,19.91,0.01,1,1991,买盘
1252,10:40:49,19.91,0.0,3,5973,买盘
1253,10:40:55,19.9,-0.01,78,155220,卖盘
1254,10:40:58,19.9,0.0,10,19900,买盘
1255,10:41:01,19.9,0.0,2,3980,买盘
1256,10:41:04,19.91,0.01,67,133341,买盘
1257,10:41:10,19.91,0.0,3,5973,卖盘
1258,10:41:13,19.91,0.0,4,7964,卖盘
1259,10:41:19,19.91,0.0,11,21901,卖盘
1260,10:41:21,19.91,0.0,4,7964,卖盘
1261,10:41:25,19.91,0.0,31,61721,卖盘
1262,10:41:28,19.93,0.02,4,7972,买盘
1263,10:41:31,19.93,0.0,1,1993,买盘
1264,10:41:34,19.95,0.02,25,49868,买盘
1265,10:41:37,19.93,-0.02,4,7972,卖盘
1266,10:41:43,19.95,0.02,35,69825,买盘
1267,10:41:46,19.93,-0.02,4,7972,卖盘
1268,10:41:52,19.95,0.02,7,13965,买盘
1269,10:41:55,19.93,-0.02,5,9965,卖盘
1270,10:41:58,19.95,0.02,1,1995,买盘
1271,10:42:01,19.94,-0.01,3,5982,中性盘
1272,10:42:04,19.94,0.0,51,101644,买盘
1273,10:42:07,19.94,0.0,3,5982,买盘
1274,10:42:19,19.94,0.0,5,9970,卖盘
1275,10:42:25,19.94,0.0,2,3988,买盘
1276,10:42:28,19.91,-0.03,35,69687,卖盘
1277,10:42:40,19.94,0.03,56,111512,买盘
1278,10:42:49,19.94,0.0,2,3988,卖盘
1279,10:42:55,19.94,0.0,26,51844,卖盘
1280,10:43:16,19.94,0.0,28,55832,买盘
1281,10:43:31,19.93,-0.01,2,3986,卖盘
1282,10:43:52,19.93,0.0,6,11958,卖盘
1283,10:43:58,19.94,0.01,79,157404,买盘
1284,10:44:10,19.9,-0.04,83,165214,卖盘
1285,10:44:12,19.93,0.03,2,3986,买盘
1286,10:44:19,19.9,-0.03,11,21890,卖盘
1287,10:44:22,19.93,0.03,12,23916,买盘
1288,10:44:25,19.9,-0.03,33,65670,卖盘
1289,10:44:28,19.91,0.01,29,57717,买盘
1290,10:44:31,19.91,0.0,2,3982,卖盘
1291,10:44:34,19.91,0.0,10,19910,卖盘
1292,10:44:37,19.86,-0.05,286,568554,卖盘
1293,10:44:43,19.86,0.0,1,1986,买盘
1294,10:44:49,19.85,-0.01,61,121122,卖盘
1295,10:44:52,19.85,0.0,1,1985,买盘
1296,10:44:55,19.86,0.01,26,51629,买盘
1297,10:44:57,19.82,-0.04,30,59485,卖盘
1298,10:45:04,19.82,0.0,6,11892,卖盘
1299,10:45:10,19.81,-0.01,40,79277,卖盘
1300,10:45:16,19.82,0.01,8,15849,买盘
1301,10:45:18,19.82,0.0,23,45586,买盘
1302,10:45:25,19.81,-0.01,88,174358,卖盘
1303,10:45:28,19.82,0.01,7,13874,买盘
1304,10:45:31,19.82,0.0,34,67388,买盘
1305,10:45:34,19.82,0.0,22,43586,卖盘
1306,10:45:36,19.81,-0.01,28,55481,卖盘
1307,10:45:40,19.81,0.0,35,69336,卖盘
1308,10:45:43,19.82,0.01,28,55478,买盘
1309,10:45:46,19.82,0.0,30,59437,买盘
1310,10:45:52,19.8,-0.02,52,102980,卖盘
1311,10:45:55,19.81,0.01,7,13867,买盘
1312,10:45:58,19.81,0.0,22,43582,买盘
1313,10:46:04,19.8,-0.01,122,241560,卖盘
1314,10:46:09,19.81,0.01,5,9905,买盘
1315,10:46:13,19.8,-0.01,172,340560,卖盘
1316,10:46:16,19.8,0.0,43,85140,买盘
1317,10:46:19,19.8,0.0,21,41580,买盘
1318,10:46:22,19.8,0.0,6,11880,买盘
1319,10:46:25,19.76,-0.04,45,89010,卖盘
1320,10:46:28,19.76,0.0,5,9877,买盘
1321,10:46:31,19.79,0.03,61,120716,买盘
1322,10:46:34,19.75,-0.04,31,61337,卖盘
1323,10:46:40,19.8,0.05,25,49451,买盘
1324,10:46:43,19.75,-0.05,13,25677,卖盘
1325,10:46:45,19.76,0.01,1,1976,中性盘
1326,10:46:49,19.77,0.01,2,3954,中性盘
1327,10:46:52,19.79,0.02,6,11874,买盘
1328,10:46:54,19.77,-0.02,10,19773,卖盘
1329,10:47:01,19.79,0.02,26,51434,买盘
1330,10:47:04,19.76,-0.03,3,5928,卖盘
1331,10:47:06,19.77,0.01,25,49421,买盘
1332,10:47:10,19.79,0.02,14,27682,买盘
1333,10:47:13,19.79,0.0,3,5937,买盘
1334,10:47:15,19.77,-0.02,11,21748,卖盘
1335,10:47:18,19.77,0.0,6,11864,卖盘
1336,10:47:21,19.77,0.0,11,21747,卖盘
1337,10:47:24,19.79,0.02,26,51446,买盘
1338,10:47:28,19.77,-0.02,60,118647,卖盘
1339,10:47:31,19.77,0.0,8,15826,卖盘
1340,10:47:34,19.8,0.03,115,227694,买盘
1341,10:47:40,19.79,-0.01,5,9895,卖盘
1342,10:47:43,19.79,0.0,3,5937,卖盘
1343,10:47:46,19.8,0.01,25,49500,买盘
1344,10:47:55,19.8,0.0,27,53460,卖盘
1345,10:47:58,19.81,0.01,110,217910,买盘
1346,10:48:06,19.8,-0.01,10,19801,卖盘
1347,10:48:09,19.82,0.02,2,3964,买盘
1348,10:48:13,19.82,0.0,9,17838,买盘
1349,10:48:25,19.84,0.02,1,1984,买盘
1350,10:48:28,19.83,-0.01,24,47611,中性盘
1351,10:48:30,19.83,0.0,8,15864,买盘
1352,10:48:33,19.83,0.0,1,1983,买盘
1353,10:48:37,19.83,0.0,20,39652,买盘
1354,10:48:40,19.83,0.0,14,27752,买盘
1355,10:48:49,19.84,0.01,2,3968,买盘
1356,10:48:51,19.84,0.0,20,39680,买盘
1357,10:48:58,19.84,0.0,4,7936,卖盘
1358,10:49:01,19.84,0.0,28,55552,卖盘
1359,10:49:07,19.85,0.01,5,9925,买盘
1360,10:49:10,19.85,0.0,2,3970,买盘
1361,10:49:13,19.85,0.0,7,13890,买盘
1362,10:49:16,19.85,0.0,13,25805,买盘
1363,10:49:19,19.85,0.0,1,1985,买盘
1364,10:49:21,19.85,0.0,11,21835,买盘
1365,10:49:25,19.86,0.01,1,1986,买盘
1366,10:49:31,19.86,0.0,21,41706,买盘
1367,10:49:49,19.89,0.03,5,9945,买盘
1368,10:50:01,19.86,-0.03,37,73496,卖盘
1369,10:50:04,19.9,0.04,16,31834,买盘
1370,10:50:07,19.9,0.0,8,15920,卖盘
1371,10:50:10,19.89,-0.01,13,25866,卖盘
1372,10:50:13,19.89,0.0,15,29835,卖盘
1373,10:50:27,19.89,0.0,3,5967,买盘
1374,10:50:31,19.88,-0.01,6,11928,中性盘
1375,10:50:43,19.87,-0.01,9,17891,卖盘
1376,10:50:45,19.86,-0.01,10,19866,卖盘
1377,10:50:55,19.88,0.02,16,31801,买盘
1378,10:50:58,19.86,-0.02,13,25821,卖盘
1379,10:51:13,19.86,0.0,9,17874,买盘
1380,10:51:16,19.85,-0.01,10,19855,卖盘
1381,10:51:18,19.87,0.02,8,15896,买盘
1382,10:51:28,19.85,-0.02,15,29775,卖盘
1383,10:51:34,19.85,0.0,3,5955,买盘
1384,10:51:36,19.84,-0.01,39,77398,卖盘
1385,10:51:40,19.84,0.0,11,21818,买盘
1386,10:51:49,19.84,0.0,10,19840,买盘
1387,10:51:52,19.83,-0.01,29,57507,卖盘
1388,10:52:10,19.83,0.0,76,150716,卖盘
1389,10:52:16,19.83,0.0,17,33711,买盘
1390,10:52:22,19.8,-0.03,54,106929,卖盘
1391,10:52:43,19.8,0.0,20,39600,卖盘
1392,10:52:52,19.81,0.01,2,3961,买盘
1393,10:52:54,19.81,0.0,4,7924,卖盘
1394,10:53:04,19.83,0.02,95,188319,买盘
1395,10:53:07,19.81,-0.02,40,79284,卖盘
1396,10:53:16,19.83,0.02,16,31722,中性盘
1397,10:53:19,19.84,0.01,12,23802,买盘
1398,10:53:22,19.84,0.0,6,11895,买盘
1399,10:53:24,19.84,0.0,2,3968,卖盘
1400,10:53:28,19.85,0.01,27,53595,买盘
1401,10:53:37,19.85,0.0,4,7940,卖盘
1402,10:53:40,19.85,0.0,50,99250,卖盘
1403,10:53:42,19.87,0.02,3,5961,买盘
1404,10:53:49,19.86,-0.01,17,33777,卖盘
1405,10:53:51,19.85,-0.01,7,13900,卖盘
1406,10:53:55,19.86,0.01,6,11916,中性盘
1407,10:54:01,19.86,0.0,4,7944,卖盘
1408,10:54:07,19.88,0.02,23,45682,买盘
1409,10:54:18,19.88,0.0,2,3976,买盘
1410,10:54:28,19.88,0.0,15,29820,买盘
1411,10:54:31,19.88,0.0,1,1988,买盘
1412,10:54:34,19.88,0.0,46,91448,买盘
1413,10:54:40,19.88,0.0,1,1988,买盘
1414,10:54:43,19.88,0.0,117,232404,买盘
1415,10:54:46,19.88,0.0,10,19880,买盘
1416,10:54:48,19.88,0.0,5,9939,买盘
1417,10:54:51,19.87,-0.01,9,17883,买盘
1418,10:54:58,19.85,-0.02,67,133021,卖盘
1419,10:55:01,19.85,0.0,22,43670,买盘
1420,10:55:07,19.85,0.0,1,1985,买盘
1421,10:55:16,19.84,-0.01,4,7930,中性盘
1422,10:55:21,19.84,0.0,1,1984,买盘
1423,10:55:25,19.84,0.0,2,3968,买盘
1424,10:55:27,19.82,-0.02,4,7934,卖盘
1425,10:55:43,19.84,0.02,5,9920,卖盘
1426,10:55:46,19.85,0.01,20,39697,买盘
1427,10:55:57,19.85,0.0,2,3970,买盘
1428,10:56:12,19.86,0.01,5,9930,买盘
1429,10:56:16,19.85,-0.01,11,21835,卖盘
1430,10:56:19,19.86,0.01,3,5958,买盘
1431,10:56:21,19.85,-0.01,2,3970,卖盘
1432,10:56:24,19.86,0.01,14,27804,买盘
1433,10:56:30,19.86,0.0,15,29790,卖盘
1434,10:56:33,19.86,0.0,1,1986,卖盘
1435,10:56:37,19.87,0.01,11,21857,买盘
1436,10:56:40,19.87,0.0,1,1987,中性盘
1437,10:56:43,19.86,-0.01,30,59600,卖盘
1438,10:56:48,19.88,0.02,7,13916,买盘
1439,10:56:52,19.88,0.0,7,13916,买盘
1440,10:56:55,19.86,-0.02,20,39720,卖盘
1441,10:56:58,19.88,0.02,16,31788,买盘
1442,10:57:01,19.88,0.0,4,7952,买盘
1443,10:57:04,19.88,0.0,14,27832,卖盘
1444,10:57:15,19.88,0.0,5,9940,买盘
1445,10:57:19,19.88,0.0,11,21868,买盘
1446,10:57:22,19.88,0.0,27,53674,买盘
1447,10:57:27,19.88,0.0,3,5964,卖盘
1448,10:57:30,19.88,0.0,23,45724,卖盘
1449,10:57:37,19.88,0.0,6,11928,卖盘
1450,10:57:40,19.88,0.0,2,3976,买盘
1451,10:57:43,19.88,0.0,12,23856,买盘
1452,10:57:45,19.88,0.0,10,19880,买盘
1453,10:57:49,19.88,0.0,2,3976,卖盘
1454,10:57:52,19.85,-0.03,19,37728,卖盘
1455,10:58:13,19.85,0.0,3,5955,卖盘
1456,10:58:16,19.87,0.02,1,1987,买盘
1457,10:58:19,19.85,-0.02,1,1985,卖盘
1458,10:58:31,19.86,0.01,4,7944,买盘
1459,10:58:34,19.85,-0.01,50,99254,卖盘
1460,10:58:37,19.87,0.02,5,9933,买盘
1461,10:58:51,19.86,-0.01,15,29790,卖盘
1462,10:58:55,19.85,-0.01,2,3970,卖盘
1463,10:59:04,19.85,0.0,13,25805,卖盘
1464,10:59:07,19.85,0.0,10,19850,卖盘
1465,10:59:10,19.85,0.0,16,31760,卖盘
1466,10:59:16,19.85,0.0,2,3970,买盘
1467,10:59:22,19.85,0.0,21,41675,买盘
1468,10:59:25,19.83,-0.02,5,9922,卖盘
1469,10:59:37,19.84,0.01,4,7936,买盘
1470,10:59:40,19.83,-0.01,3,5949,卖盘
1471,10:59:42,19.83,0.0,5,9915,卖盘
1472,10:59:48,19.84,0.01,21,41634,买盘
1473,10:59:55,19.84,0.0,3,5952,买盘
1474,10:59:58,19.84,0.0,1,1984,买盘
1475,11:00:01,19.82,-0.02,13,25768,卖盘
1476,11:00:04,19.82,0.0,2,3964,买盘
1477,11:00:07,19.83,0.01,29,57498,买盘
1478,11:00:10,19.81,-0.02,10,19810,卖盘
1479,11:00:15,19.81,0.0,1,1981,卖盘
1480,11:00:22,19.81,0.0,30,59430,卖盘
1481,11:00:27,19.82,0.01,21,41619,买盘
1482,11:00:31,19.82,0.0,7,13874,卖盘
1483,11:00:34,19.83,0.01,12,23786,买盘
1484,11:00:37,19.81,-0.02,56,110952,卖盘
1485,11:00:42,19.82,0.01,10,19819,买盘
1486,11:00:46,19.82,0.0,2,3964,买盘
1487,11:00:49,19.81,-0.01,5,9905,卖盘
1488,11:00:51,19.82,0.01,9,17832,买盘
1489,11:00:54,19.82,0.0,5,9910,卖盘
1490,11:00:58,19.82,0.0,10,19820,卖盘
1491,11:01:01,19.82,0.0,10,19820,卖盘
1492,11:01:07,19.82,0.0,4,7928,卖盘
1493,11:01:12,19.82,0.0,23,45586,卖盘
1494,11:01:16,19.82,0.0,1,1982,买盘
1495,11:01:19,19.82,0.0,1,1982,买盘
1496,11:01:22,19.83,0.01,14,27762,买盘
1497,11:01:28,19.83,0.0,3,5949,卖盘
1498,11:01:31,19.83,0.0,19,37677,卖盘
1499,11:01:33,19.81,-0.02,6,11887,卖盘
1500,11:01:43,19.83,0.02,5,9913,买盘
1501,11:01:48,19.81,-0.02,2,3962,卖盘
1502,11:01:55,19.81,0.0,26,51506,卖盘
1503,11:02:01,19.81,0.0,20,39620,卖盘
1504,11:02:04,19.81,0.0,2,3962,中性盘
1505,11:02:07,19.81,0.0,3,5943,卖盘
1506,11:02:25,19.8,-0.01,76,150536,卖盘
1507,11:02:31,19.83,0.03,33,65375,买盘
1508,11:02:37,19.81,-0.02,30,59430,卖盘
1509,11:02:46,19.82,0.01,3,5946,买盘
1510,11:02:49,19.81,-0.01,7,13867,卖盘
1511,11:02:55,19.81,0.0,2,3962,卖盘
1512,11:03:01,19.81,0.0,41,81226,卖盘
1513,11:03:04,19.81,0.0,5,9905,买盘
1514,11:03:06,19.81,0.0,5,9905,买盘
1515,11:03:09,19.81,0.0,7,13867,买盘
1516,11:03:16,19.81,0.0,1,1981,买盘
1517,11:03:28,19.83,0.02,10,19830,买盘
1518,11:03:31,19.81,-0.02,6,11886,卖盘
1519,11:03:39,19.81,0.0,53,104999,卖盘
1520,11:03:46,19.81,0.0,11,21791,卖盘
1521,11:03:49,19.83,0.02,5,9915,买盘
1522,11:04:01,19.81,-0.02,51,101032,卖盘
1523,11:04:04,19.82,0.01,5,9910,买盘
1524,11:04:09,19.82,0.0,5,9910,买盘
1525,11:04:16,19.82,0.0,113,223938,买盘
1526,11:04:19,19.83,0.01,2,3966,买盘
1527,11:04:22,19.82,-0.01,9,17838,卖盘
1528,11:04:25,19.82,0.0,1,1982,买盘
1529,11:04:28,19.81,-0.01,3,5943,卖盘
1530,11:04:33,19.82,0.01,5,9910,买盘
1531,11:04:37,19.81,-0.01,4,7924,卖盘
1532,11:04:39,19.81,0.0,4,7924,卖盘
1533,11:04:46,19.81,0.0,26,51493,卖盘
1534,11:04:48,19.82,0.01,2,3964,买盘
1535,11:05:04,19.82,0.0,6,11892,卖盘
1536,11:05:13,19.82,0.0,1,1982,卖盘
1537,11:05:16,19.82,0.0,1,1982,卖盘
1538,11:05:19,19.82,0.0,15,29730,买盘
1539,11:05:22,19.82,0.0,2,3964,买盘
1540,11:05:28,19.81,-0.01,20,39620,卖盘
1541,11:05:31,19.81,0.0,11,21791,买盘
1542,11:05:49,19.81,0.0,12,23772,买盘
1543,11:05:51,19.81,0.0,13,25753,买盘
1544,11:06:01,19.82,0.01,16,31711,买盘
1545,11:06:04,19.81,-0.01,21,41602,卖盘
1546,11:06:07,19.81,0.0,15,29719,卖盘
1547,11:06:10,19.81,0.0,21,41596,买盘
1548,11:06:12,19.81,0.0,6,11886,买盘
1549,11:06:15,19.81,0.0,12,23780,卖盘
1550,11:06:19,19.82,0.01,18,35660,买盘
1551,11:06:28,19.82,0.0,10,19820,卖盘
1552,11:06:31,19.83,0.01,5,9915,买盘
1553,11:06:34,19.82,-0.01,37,73346,卖盘
1554,11:06:37,19.82,0.0,60,118920,买盘
1555,11:06:39,19.82,0.0,62,122884,买盘
1556,11:06:42,19.82,0.0,16,31712,买盘
1557,11:06:46,19.81,-0.01,59,116931,卖盘
1558,11:06:49,19.84,0.03,41,81310,买盘
1559,11:06:52,19.81,-0.03,52,103017,卖盘
1560,11:07:06,19.84,0.03,2,3968,买盘
1561,11:07:10,19.85,0.01,57,113096,买盘
1562,11:07:13,19.83,-0.02,52,103134,卖盘
1563,11:07:16,19.83,0.0,1,1983,卖盘
1564,11:07:19,19.85,0.02,16,31760,买盘
1565,11:07:28,19.86,0.01,7,13902,买盘
1566,11:07:33,19.86,0.0,18,35743,买盘
1567,11:07:37,19.86,0.0,7,13902,买盘
1568,11:07:40,19.86,0.0,4,7944,买盘
1569,11:07:42,19.87,0.01,54,107247,买盘
1570,11:07:46,19.87,0.0,23,45701,买盘
1571,11:07:49,19.87,0.0,50,99350,买盘
1572,11:07:52,19.87,0.0,5,9935,买盘
1573,11:07:58,19.88,0.01,5,9940,卖盘
1574,11:08:01,19.89,0.01,15,29835,买盘
1575,11:08:07,19.89,0.0,6,11934,买盘
1576,11:08:13,19.9,0.01,7,13930,买盘
1577,11:08:16,19.9,0.0,2,3980,买盘
1578,11:08:19,19.89,-0.01,50,99453,卖盘
1579,11:08:25,19.9,0.01,5,9950,卖盘
1580,11:08:34,19.9,0.0,38,75651,卖盘
1581,11:08:37,19.9,0.0,18,35835,买盘
1582,11:08:39,19.9,0.0,5,9950,买盘
1583,11:08:43,19.91,0.01,5,9954,买盘
1584,11:09:01,19.93,0.02,1,1993,买盘
1585,11:09:04,19.93,0.0,28,55777,买盘
1586,11:09:10,19.93,0.0,14,27902,买盘
1587,11:09:13,19.93,0.0,3,5979,卖盘
1588,11:09:16,19.91,-0.02,20,39846,卖盘
1589,11:09:19,19.93,0.02,8,15946,中性盘
1590,11:09:21,19.94,0.01,12,23924,买盘
1591,11:09:34,19.94,0.0,2,3988,买盘
1592,11:09:36,19.92,-0.02,2,3986,卖盘
1593,11:09:39,19.93,0.01,3,5979,买盘
1594,11:09:43,19.93,0.0,4,7972,买盘
1595,11:09:46,19.92,-0.01,2,3984,卖盘
1596,11:09:48,19.91,-0.01,23,45800,卖盘
1597,11:09:51,19.93,0.02,8,15938,买盘
1598,11:10:01,19.93,0.0,28,55804,卖盘
1599,11:10:04,19.91,-0.02,2,3982,中性盘
1600,11:10:18,19.9,-0.01,7,13930,卖盘
1601,11:10:46,19.9,0.0,110,218880,买盘
1602,11:10:55,19.9,0.0,5,9950,卖盘
1603,11:11:01,19.87,-0.03,31,61599,卖盘
1604,11:11:09,19.9,0.03,19,37785,买盘
1605,11:11:12,19.86,-0.04,1,1986,卖盘
1606,11:11:21,19.86,0.0,1,1986,买盘
1607,11:11:24,19.84,-0.02,14,27781,卖盘
1608,11:11:33,19.86,0.02,2,3972,买盘
1609,11:11:40,19.84,-0.02,5,9924,卖盘
1610,11:12:04,19.88,0.04,61,121053,买盘
1611,11:12:18,19.89,0.01,1,1989,买盘
1612,11:12:22,19.89,0.0,5,9945,买盘
1613,11:12:28,19.89,0.0,1,1989,买盘
1614,11:12:30,19.89,0.0,1,1989,买盘
1615,11:12:49,19.89,0.0,12,23868,卖盘
1616,11:12:55,19.89,0.0,16,31800,中性盘
1617,11:12:57,19.9,0.01,18,35815,买盘
1618,11:13:13,19.88,-0.02,2,3976,买盘
1619,11:13:16,19.88,0.0,17,33796,买盘
1620,11:13:18,19.88,0.0,10,19880,买盘
1621,11:13:31,19.88,0.0,8,15904,买盘
1622,11:13:34,19.88,0.0,2,3976,卖盘
1623,11:13:37,19.88,0.0,10,19880,卖盘
1624,11:13:43,19.88,0.0,25,49700,卖盘
1625,11:13:46,19.88,0.0,20,39760,买盘
1626,11:13:58,19.88,0.0,2,3976,买盘
1627,11:14:07,19.88,0.0,6,11928,买盘
1628,11:14:15,19.89,0.01,1,1989,买盘
1629,11:14:22,19.89,0.0,12,23868,买盘
1630,11:14:25,19.89,0.0,12,23868,买盘
1631,11:14:31,19.89,0.0,10,19890,买盘
1632,11:14:34,19.89,0.0,3,5967,买盘
1633,11:14:36,19.89,0.0,1,1989,买盘
1634,11:14:55,19.9,0.01,5,9950,买盘
1635,11:15:01,19.9,0.0,38,75587,买盘
1636,11:15:03,19.9,0.0,1,1990,买盘
1637,11:15:07,19.9,0.0,12,23880,买盘
1638,11:15:10,19.9,0.0,10,19900,买盘
1639,11:15:13,19.89,-0.01,3,5967,卖盘
1640,11:15:19,19.9,0.01,5,9950,买盘
1641,11:15:30,19.9,0.0,29,57710,买盘
1642,11:15:33,19.91,0.01,5,9955,买盘
1643,11:15:37,19.91,0.0,3,5971,买盘
1644,11:15:45,19.91,0.0,15,29865,买盘
1645,11:15:49,19.91,0.0,3,5973,买盘
1646,11:15:52,19.91,0.0,1,1991,买盘
1647,11:15:55,19.9,-0.01,57,113462,卖盘
1648,11:16:06,19.92,0.02,1,1992,买盘
1649,11:16:16,19.92,0.0,11,21912,买盘
1650,11:16:21,19.92,0.0,16,31864,买盘
1651,11:16:25,19.92,0.0,2,3984,买盘
1652,11:16:27,19.93,0.01,43,85657,买盘
1653,11:16:34,19.92,-0.01,10,19920,卖盘
1654,11:16:36,19.93,0.01,53,105624,买盘
1655,11:16:40,19.93,0.0,10,19930,买盘
1656,11:16:43,19.92,-0.01,43,85656,卖盘
1657,11:16:46,19.94,0.02,18,35875,买盘
1658,11:16:52,19.94,0.0,9,17946,买盘
1659,11:16:55,19.93,-0.01,59,117643,卖盘
1660,11:16:58,19.95,0.02,20,39900,买盘
1661,11:17:01,19.95,0.0,17,33915,买盘
1662,11:17:07,19.96,0.01,16,31921,买盘
1663,11:17:13,19.94,-0.02,29,57864,卖盘
1664,11:17:16,19.93,-0.01,56,111692,卖盘
1665,11:17:19,19.98,0.05,5,9989,买盘
1666,11:17:22,19.93,-0.05,32,63806,卖盘
1667,11:17:25,19.95,0.02,10,19950,卖盘
1668,11:17:28,19.98,0.03,2,3996,买盘
1669,11:17:31,19.98,0.0,11,21978,买盘
1670,11:17:40,19.98,0.0,12,23976,买盘
1671,11:17:42,19.98,0.0,10,19980,买盘
1672,11:17:46,19.98,0.0,42,83825,买盘
1673,11:17:48,19.98,0.0,5,9990,卖盘
1674,11:17:54,19.98,0.0,40,79925,卖盘
1675,11:18:01,19.99,0.01,37,73928,买盘
1676,11:18:04,20.0,0.01,263,525977,买盘
1677,11:18:07,19.98,-0.02,5,9993,卖盘
1678,11:18:10,19.98,0.0,20,39960,卖盘
1679,11:18:19,19.99,0.01,35,69960,买盘
1680,11:18:22,19.99,0.0,28,54891,买盘
1681,11:18:25,20.02,0.03,40,80034,买盘
1682,11:18:27,20.0,-0.02,3,6000,买盘
1683,11:18:31,20.0,0.0,32,64095,卖盘
1684,11:18:36,20.0,0.0,23,46000,卖盘
1685,11:18:43,20.0,0.0,25,50000,买盘
1686,11:18:46,19.99,-0.01,22,43991,卖盘
1687,11:18:49,19.99,0.0,10,19990,卖盘
1688,11:18:52,20.0,0.01,15,30000,买盘
1689,11:18:55,20.0,0.0,11,22000,买盘
1690,11:18:58,19.99,-0.01,20,39988,卖盘
1691,11:19:01,20.0,0.01,13,26000,买盘
1692,11:19:09,20.0,0.0,14,28000,卖盘
1693,11:19:13,20.02,0.02,10,20016,买盘
1694,11:19:16,20.03,0.01,10,20028,买盘
1695,11:19:19,20.03,0.0,17,34051,买盘
1696,11:19:21,20.0,-0.03,21,42070,卖盘
1697,11:19:24,20.05,0.05,39,78189,买盘
1698,11:19:27,20.05,0.0,43,86215,卖盘
1699,11:19:31,20.05,0.0,21,42105,卖盘
1700,11:19:34,20.06,0.01,61,122322,买盘
1701,11:19:37,20.06,0.0,76,152456,买盘
1702,11:19:40,20.1,0.04,29,58238,买盘
1703,11:19:43,20.1,0.0,59,118489,买盘
1704,11:19:46,20.1,0.0,21,42210,买盘
1705,11:19:49,20.1,0.0,5,10050,买盘
1706,11:19:51,20.12,0.02,14,28143,买盘
1707,11:19:54,20.1,-0.02,7,14074,卖盘
1708,11:20:01,20.13,0.03,12,23845,买盘
1709,11:20:04,20.1,-0.03,157,315972,卖盘
1710,11:20:07,20.13,0.03,5,10068,卖盘
1711,11:20:10,20.13,0.0,55,110826,卖盘
1712,11:20:12,20.13,0.0,16,32213,卖盘
1713,11:20:16,20.13,0.0,24,48316,卖盘
1714,11:20:19,20.13,0.0,100,201534,卖盘
1715,11:20:21,20.11,-0.02,22,44277,卖盘
1716,11:20:24,20.14,0.03,24,48330,买盘
1717,11:20:27,20.11,-0.03,45,90553,卖盘
1718,11:20:31,20.15,0.04,28,56349,买盘
1719,11:20:37,20.14,-0.01,25,50373,卖盘
1720,11:20:40,20.16,0.02,51,102744,买盘
1721,11:20:42,20.15,-0.01,39,78621,卖盘
1722,11:20:45,20.14,-0.01,16,32225,买盘
1723,11:20:49,20.15,0.01,69,139010,买盘
1724,11:20:54,20.15,0.0,26,52390,买盘
1725,11:21:00,20.15,0.0,17,34255,卖盘
1726,11:21:04,20.15,0.0,19,38288,卖盘
1727,11:21:07,20.14,-0.01,12,24166,中性盘
1728,11:21:10,20.16,0.02,37,74554,买盘
1729,11:21:13,20.15,-0.01,38,76570,卖盘
1730,11:21:16,20.15,0.0,1,2015,买盘
1731,11:21:19,20.15,0.0,22,44328,买盘
1732,11:21:22,20.12,-0.03,3,6039,卖盘
1733,11:21:25,20.12,0.0,68,136791,卖盘
1734,11:21:27,20.12,0.0,55,110662,卖盘
1735,11:21:31,20.1,-0.02,23,46240,卖盘
1736,11:21:34,20.1,0.0,4,8040,卖盘
1737,11:21:36,20.1,0.0,10,20100,卖盘
1738,11:21:40,20.1,0.0,6,12060,卖盘
1739,11:21:43,20.12,0.02,88,176900,买盘
1740,11:21:46,20.08,-0.04,46,92742,卖盘
1741,11:21:48,20.1,0.02,20,40180,买盘
1742,11:21:51,20.1,0.0,5,10050,买盘
1743,11:21:54,20.1,0.0,25,50250,买盘
1744,11:22:00,20.08,-0.02,15,30120,卖盘
1745,11:22:04,20.09,0.01,13,26102,买盘
1746,11:22:06,20.06,-0.03,7,14042,卖盘
1747,11:22:09,20.06,0.0,5,10030,买盘
1748,11:22:13,20.06,0.0,10,20060,买盘
1749,11:22:16,20.05,-0.01,6,12030,卖盘
1750,11:22:19,20.06,0.01,38,76233,买盘
1751,11:22:22,20.06,0.0,3,6018,卖盘
1752,11:22:25,20.05,-0.01,32,64191,卖盘
1753,11:22:27,20.06,0.01,15,30090,卖盘
1754,11:22:31,20.08,0.02,22,44164,买盘
1755,11:22:34,20.06,-0.02,5,10030,中性盘
1756,11:22:36,20.05,-0.01,5,10026,卖盘
1757,11:22:42,20.06,0.01,14,28083,买盘
1758,11:22:45,20.05,-0.01,2,4010,卖盘
1759,11:22:48,20.06,0.01,31,62166,买盘
1760,11:22:51,20.05,-0.01,50,100271,卖盘
1761,11:22:55,20.06,0.01,23,46155,卖盘
1762,11:22:58,20.07,0.01,7,14049,买盘
1763,11:23:01,20.06,-0.01,22,44144,卖盘
1764,11:23:04,20.05,-0.01,49,98269,卖盘
1765,11:23:06,20.07,0.02,5,10035,卖盘
1766,11:23:09,20.05,-0.02,2,4010,买盘
1767,11:23:12,20.07,0.02,9,18049,买盘
1768,11:23:24,20.07,0.0,4,8028,买盘
1769,11:23:28,20.05,-0.02,7,14039,卖盘
1770,11:23:34,20.04,-0.01,3,6012,卖盘
1771,11:23:37,20.05,0.01,21,42127,卖盘
1772,11:23:40,20.05,0.0,9,18045,买盘
1773,11:23:42,20.06,0.01,6,12036,卖盘
1774,11:23:57,20.06,0.0,14,28084,卖盘
1775,11:24:00,20.06,0.0,28,56168,买盘
1776,11:24:04,20.06,0.0,5,10030,卖盘
1777,11:24:07,20.07,0.01,12,24084,买盘
1778,11:24:09,20.07,0.0,6,12042,买盘
1779,11:24:13,20.07,0.0,9,18063,买盘
1780,11:24:15,20.07,0.0,20,40140,卖盘
1781,11:24:18,20.07,0.0,4,8031,卖盘
1782,11:24:22,20.08,0.01,4,8032,买盘
1783,11:24:25,20.08,0.0,8,16064,买盘
1784,11:24:31,20.08,0.0,6,12051,卖盘
1785,11:24:34,20.09,0.01,13,26117,买盘
1786,11:24:40,20.09,0.0,5,10045,卖盘
1787,11:24:46,20.1,0.01,14,28140,买盘
1788,11:24:48,20.1,0.0,32,64319,买盘
1789,11:24:51,20.1,0.0,12,24120,买盘
1790,11:24:55,20.11,0.01,9,18099,买盘
1791,11:24:57,20.1,-0.01,8,16080,卖盘
1792,11:25:00,20.11,0.01,1,2011,买盘
1793,11:25:04,20.1,-0.01,21,42224,卖盘
1794,11:25:06,20.1,0.0,6,12063,卖盘
1795,11:25:09,20.13,0.03,11,22143,买盘
1796,11:25:13,20.14,0.01,15,30199,买盘
1797,11:25:18,20.14,0.0,12,24168,买盘
1798,11:25:21,20.13,-0.01,17,34235,卖盘
1799,11:25:25,20.15,0.02,29,58425,买盘
1800,11:25:28,20.15,0.0,3,6045,买盘
1801,11:25:31,20.16,0.01,53,106814,买盘
1802,11:25:37,20.15,-0.01,13,26201,卖盘
1803,11:25:39,20.16,0.01,7,14112,买盘
1804,11:25:42,20.16,0.0,47,94752,买盘
1805,11:25:45,20.16,0.0,17,34272,卖盘
1806,11:25:48,20.18,0.02,48,96842,买盘
1807,11:25:51,20.16,-0.02,10,20163,卖盘
1808,11:25:54,20.19,0.03,87,175615,买盘
1809,11:25:57,20.19,0.0,52,104936,买盘
1810,11:26:01,20.18,-0.01,12,24227,卖盘
1811,11:26:04,20.19,0.01,15,30285,买盘
1812,11:26:07,20.2,0.01,25,50500,买盘
1813,11:26:10,20.19,-0.01,10,20190,卖盘
1814,11:26:13,20.19,0.0,129,260566,卖盘
1815,11:26:16,20.2,0.01,107,216124,买盘
1816,11:26:18,20.2,0.0,20,40395,买盘
1817,11:26:21,20.21,0.01,17,34362,中性盘
1818,11:26:24,20.2,-0.01,79,159618,卖盘
1819,11:26:28,20.2,0.0,38,76830,卖盘
1820,11:26:31,20.2,0.0,25,50500,卖盘
1821,11:26:33,20.22,0.02,59,119232,买盘
1822,11:26:36,20.21,-0.01,142,287121,卖盘
1823,11:26:40,20.22,0.01,67,135463,买盘
1824,11:26:43,20.23,0.01,30,60669,买盘
1825,11:26:46,20.23,0.0,45,90985,卖盘
1826,11:26:49,20.24,0.01,40,80887,买盘
1827,11:26:52,20.24,0.0,73,147744,买盘
1828,11:26:54,20.21,-0.03,80,161870,卖盘
1829,11:26:57,20.23,0.02,46,93028,卖盘
1830,11:27:00,20.24,0.01,49,99199,卖盘
1831,11:27:04,20.25,0.01,50,101218,买盘
1832,11:27:07,20.23,-0.02,11,22254,卖盘
1833,11:27:09,20.23,0.0,45,91040,买盘
1834,11:27:12,20.22,-0.01,8,16176,买盘
1835,11:27:16,20.21,-0.01,6,12123,卖盘
1836,11:27:19,20.2,-0.01,3,6061,卖盘
1837,11:27:22,20.2,0.0,19,38382,卖盘
1838,11:27:24,20.2,0.0,46,92920,卖盘
1839,11:27:28,20.19,-0.01,48,96959,卖盘
1840,11:27:30,20.2,0.01,31,62615,买盘
1841,11:27:33,20.21,0.01,32,64668,买盘
1842,11:27:37,20.19,-0.02,2,4040,卖盘
1843,11:27:40,20.18,-0.01,24,48432,卖盘
1844,11:27:43,20.18,0.0,10,20180,买盘
1845,11:27:49,20.17,-0.01,38,76646,卖盘
1846,11:27:51,20.17,0.0,10,20170,卖盘
1847,11:27:54,20.17,0.0,10,20170,卖盘
1848,11:27:58,20.17,0.0,12,24204,卖盘
1849,11:28:01,20.16,-0.01,5,10080,卖盘
1850,11:28:06,20.17,0.01,10,20170,买盘
1851,11:28:10,20.16,-0.01,25,50410,卖盘
1852,11:28:13,20.16,0.0,7,14114,卖盘
1853,11:28:15,20.16,0.0,10,20160,卖盘
1854,11:28:18,20.16,0.0,5,10080,买盘
1855,11:28:28,20.16,0.0,4,8063,买盘
1856,11:28:30,20.16,0.0,77,155176,买盘
1857,11:28:33,20.15,-0.01,19,38291,卖盘
1858,11:28:37,20.15,0.0,30,60440,买盘
1859,11:28:39,20.15,0.0,6,12090,买盘
1860,11:28:42,20.15,0.0,6,12090,买盘
1861,11:28:45,20.1,-0.05,23,46300,卖盘
1862,11:28:49,20.15,0.05,4,8060,买盘
1863,11:28:55,20.11,-0.04,4,8044,卖盘
1864,11:28:57,20.15,0.04,10,20146,买盘
1865,11:29:00,20.15,0.0,1,2015,买盘
1866,11:29:04,20.11,-0.04,2,4022,中性盘
1867,11:29:13,20.11,0.0,6,12066,卖盘
1868,11:29:19,20.11,0.0,72,145038,卖盘
1869,11:29:21,20.14,0.03,5,10062,买盘
1870,11:29:24,20.13,-0.01,1,2013,买盘
1871,11:29:34,20.13,0.0,1,2013,买盘
1872,11:29:36,20.13,0.0,15,30195,买盘
1873,11:29:39,20.12,-0.01,5,10061,卖盘
1874,11:29:43,20.13,0.01,1,2013,买盘
1875,11:29:45,20.13,0.0,80,160978,买盘
1876,11:29:49,20.13,0.0,22,44286,买盘
1877,11:29:52,20.13,0.0,1,2013,卖盘
1878,13:00:05,20.14,0.01,180,362304,买盘
1879,13:00:07,20.17,0.03,166,334411,买盘
1880,13:00:10,20.18,0.01,44,88752,买盘
1881,13:00:21,20.18,0.0,17,34306,买盘
1882,13:00:25,20.19,0.01,1,2019,买盘
1883,13:00:40,20.19,0.0,41,82779,买盘
1884,13:00:43,20.19,0.0,16,32304,中性盘
1885,13:00:49,20.19,0.0,8,16152,卖盘
1886,13:00:52,20.2,0.01,40,80766,买盘
1887,13:00:55,20.2,0.0,84,169680,买盘
1888,13:00:58,20.21,0.01,39,78785,买盘
1889,13:01:01,20.2,-0.01,50,101000,卖盘
1890,13:01:04,20.2,0.0,5,10100,卖盘
1891,13:01:07,20.21,0.01,3,6063,买盘
1892,13:01:09,20.2,-0.01,15,30300,卖盘
1893,13:01:16,20.21,0.01,3,6063,卖盘
1894,13:01:19,20.21,0.0,4,8084,卖盘
1895,13:01:21,20.2,-0.01,11,22228,卖盘
1896,13:01:27,20.2,0.0,3,6060,买盘
1897,13:01:30,20.21,0.01,22,44458,买盘
1898,13:01:34,20.2,-0.01,10,20201,卖盘
1899,13:01:37,20.19,-0.01,6,12114,买盘
1900,13:01:43,20.18,-0.01,10,20180,卖盘
1901,13:01:46,20.2,0.02,91,183721,买盘
1902,13:01:49,20.18,-0.02,60,121040,中性盘
1903,13:01:52,20.17,-0.01,6,12103,卖盘
1904,13:01:55,20.18,0.01,10,20180,买盘
1905,13:01:58,20.17,-0.01,19,38323,卖盘
1906,13:02:06,20.15,-0.02,6,12092,卖盘
1907,13:02:15,20.16,0.01,5,10080,买盘
1908,13:02:18,20.13,-0.03,19,38249,卖盘
1909,13:02:21,20.15,0.02,3,6045,买盘
1910,13:02:28,20.14,-0.01,18,36252,卖盘
1911,13:02:30,20.14,0.0,30,60420,卖盘
1912,13:02:34,20.13,-0.01,24,48314,卖盘
1913,13:02:49,20.1,-0.03,34,68383,卖盘
1914,13:02:52,20.12,0.02,4,8048,买盘
1915,13:02:57,20.12,0.0,9,18108,买盘
1916,13:03:00,20.1,-0.02,98,196980,卖盘
1917,13:03:13,20.09,-0.01,38,76342,卖盘
1918,13:03:37,20.09,0.0,8,16072,买盘
1919,13:03:40,20.09,0.0,10,20090,买盘
1920,13:03:43,20.08,-0.01,27,54221,卖盘
1921,13:03:46,20.06,-0.02,12,24072,卖盘
1922,13:03:49,20.06,0.0,19,38134,卖盘
1923,13:04:01,20.05,-0.01,34,68182,卖盘
1924,13:04:04,20.06,0.01,1,2006,中性盘
1925,13:04:07,20.06,0.0,12,24072,卖盘
1926,13:04:09,20.06,0.0,1,2006,买盘
1927,13:04:12,20.06,0.0,10,20060,买盘
1928,13:04:15,20.05,-0.01,36,72180,卖盘
1929,13:04:21,20.05,0.0,1,2005,卖盘
1930,13:04:24,20.05,0.0,32,64163,卖盘
1931,13:04:27,20.05,0.0,1,2005,卖盘
1932,13:04:30,20.05,0.0,18,36090,卖盘
1933,13:04:33,20.05,0.0,5,10025,卖盘
1934,13:04:36,20.05,0.0,19,38095,卖盘
1935,13:04:40,20.04,-0.01,18,36072,卖盘
1936,13:04:46,20.05,0.01,3,6015,买盘
1937,13:04:48,20.04,-0.01,28,56107,卖盘
1938,13:04:55,20.05,0.01,10,20048,买盘
1939,13:05:00,20.03,-0.02,17,34053,卖盘
1940,13:05:04,20.03,0.0,3,6009,买盘
1941,13:05:13,20.01,-0.02,21,42027,卖盘
1942,13:05:16,20.01,0.0,10,20010,买盘
1943,13:05:22,20.0,-0.01,33,66000,卖盘
1944,13:05:25,20.0,0.0,32,64008,卖盘
1945,13:05:30,20.0,0.0,4,8000,卖盘
1946,13:05:33,20.0,0.0,14,28000,卖盘
1947,13:05:36,20.0,0.0,17,34000,卖盘
1948,13:05:39,20.0,0.0,3,6000,买盘
1949,13:05:43,20.01,0.01,31,61986,买盘
1950,13:05:49,20.01,0.0,2,4002,卖盘
1951,13:05:52,19.99,-0.02,12,23999,卖盘
1952,13:05:55,19.99,0.0,10,19990,买盘
1953,13:06:07,19.99,0.0,2,3998,买盘
1954,13:06:10,20.01,0.02,157,314139,买盘
1955,13:06:18,20.01,0.0,19,38019,卖盘
1956,13:06:22,20.01,0.0,8,16015,卖盘
1957,13:06:24,20.03,0.02,38,76065,买盘
1958,13:06:34,20.03,0.0,1,2003,买盘
1959,13:06:37,20.03,0.0,11,22033,买盘
1960,13:06:39,20.03,0.0,10,20030,买盘
1961,13:06:42,20.0,-0.03,77,154110,卖盘
1962,13:06:45,20.03,0.03,51,102006,买盘
1963,13:06:55,19.99,-0.04,8,15995,卖盘
1964,13:07:00,20.01,0.02,5,10005,中性盘
1965,13:07:05,19.99,-0.02,81,161953,卖盘
1966,13:07:07,20.01,0.02,9,18009,卖盘
1967,13:07:13,20.01,0.0,16,32006,卖盘
1968,13:07:16,20.0,-0.01,11,22019,中性盘
1969,13:07:19,20.0,0.0,24,48005,卖盘
1970,13:07:28,20.0,0.0,5,10000,买盘
1971,13:07:30,20.0,0.0,101,201753,买盘
1972,13:07:34,20.0,0.0,14,28000,买盘
1973,13:07:42,19.99,-0.01,13,25982,买盘
1974,13:07:46,19.93,-0.06,10,19930,卖盘
1975,13:07:48,20.0,0.07,10,19991,买盘
1976,13:07:54,19.88,-0.12,300,596612,卖盘
1977,13:08:00,20.0,0.12,4,8000,买盘
1978,13:08:07,19.95,-0.05,3,5985,卖盘
1979,13:08:10,20.0,0.05,25,49956,买盘
1980,13:08:12,19.95,-0.05,5,9975,买盘
1981,13:08:19,19.95,0.0,9,17955,买盘
1982,13:08:28,19.95,0.0,5,9967,买盘
1983,13:08:31,19.9,-0.05,30,59703,卖盘
1984,13:08:33,19.93,0.03,1,1993,中性盘
1985,13:08:46,19.93,0.0,8,15947,卖盘
1986,13:08:49,19.95,0.02,23,45859,买盘
1987,13:08:52,19.9,-0.05,50,99524,卖盘
1988,13:08:54,19.95,0.05,49,97723,买盘
1989,13:08:57,19.95,0.0,1,1995,卖盘
1990,13:09:04,19.95,0.0,5,9975,卖盘
1991,13:09:07,19.95,0.0,85,169575,卖盘
1992,13:09:10,19.95,0.0,8,15960,买盘
1993,13:09:13,19.95,0.0,2,3990,买盘
1994,13:09:16,19.95,0.0,5,9975,买盘
1995,13:09:19,19.93,-0.02,1,1993,卖盘
1996,13:09:22,19.9,-0.03,50,99565,卖盘
1997,13:09:25,19.95,0.05,8,15960,买盘
1998,13:09:30,19.93,-0.02,48,95669,卖盘
1999,13:09:33,19.88,-0.05,100,198912,卖盘
2000,13:09:36,19.93,0.05,13,25909,买盘
2001,13:09:40,19.9,-0.03,30,59727,卖盘
2002,13:09:46,19.9,0.0,101,200902,卖盘
2003,13:09:49,19.9,0.0,3,5970,买盘
2004,13:09:52,19.93,0.03,8,15938,买盘
2005,13:09:55,19.91,-0.02,3,5973,卖盘
2006,13:09:57,19.88,-0.03,67,133354,卖盘
2007,13:10:00,19.88,0.0,13,25844,买盘
2008,13:10:04,19.87,-0.01,16,31792,卖盘
2009,13:10:07,19.87,0.0,1,1987,买盘
2010,13:10:10,19.86,-0.01,16,31776,卖盘
2011,13:10:12,19.9,0.04,38,75553,买盘
2012,13:10:16,19.9,0.0,29,57710,卖盘
2013,13:10:21,19.9,0.0,43,85570,卖盘
2014,13:10:25,19.9,0.0,21,41790,买盘
2015,13:10:28,19.9,0.0,3,5970,买盘
2016,13:10:30,19.9,0.0,5,9950,买盘
2017,13:10:33,19.9,0.0,2,3980,买盘
2018,13:10:37,19.87,-0.03,20,39745,卖盘
2019,13:10:39,19.87,0.0,81,160832,买盘
2020,13:10:42,19.87,0.0,5,9935,买盘
2021,13:10:46,19.87,0.0,2,3974,买盘
2022,13:10:49,19.87,0.0,11,21857,买盘
2023,13:10:52,19.87,0.0,25,49675,买盘
2024,13:10:55,19.87,0.0,17,33779,买盘
2025,13:11:04,19.87,0.0,125,248375,卖盘
2026,13:11:07,19.89,0.02,5,9941,中性盘
2027,13:11:10,19.87,-0.02,10,19882,卖盘
2028,13:11:13,19.9,0.03,20,39800,买盘
2029,13:11:21,19.9,0.0,2,3980,买盘
2030,13:11:31,19.89,-0.01,6,11934,卖盘
2031,13:11:34,19.89,0.0,9,17901,买盘
2032,13:11:37,19.89,0.0,2,3978,买盘
2033,13:11:40,19.89,0.0,10,19890,卖盘
2034,13:11:52,19.9,0.01,85,169150,买盘
2035,13:11:54,19.9,0.0,33,65669,买盘
2036,13:11:58,19.9,0.0,31,61690,买盘
2037,13:12:04,19.92,0.02,6,11952,卖盘
2038,13:12:10,19.93,0.01,11,21923,买盘
2039,13:12:15,19.94,0.01,8,15952,买盘
2040,13:12:27,19.98,0.04,13,25974,买盘
2041,13:12:34,19.95,-0.03,25,49908,卖盘
2042,13:12:37,19.99,0.04,2,3998,买盘
2043,13:12:40,19.99,0.0,13,25987,买盘
2044,13:12:51,20.0,0.01,13,26000,买盘
2045,13:12:57,19.99,-0.01,28,55975,卖盘
2046,13:13:04,20.0,0.01,15,30000,买盘
2047,13:13:07,19.99,-0.01,2,3998,卖盘
2048,13:13:10,20.0,0.01,17,34000,买盘
2049,13:13:13,19.99,-0.01,20,39993,卖盘
2050,13:13:16,20.04,0.05,56,112184,买盘
2051,13:13:18,20.0,-0.04,1,2000,中性盘
2052,13:13:27,20.03,0.03,2,4006,买盘
2053,13:13:31,20.03,0.0,5,10015,买盘
2054,13:13:34,20.03,0.0,1,2003,买盘
2055,13:13:49,20.04,0.01,3,6012,买盘
2056,13:13:54,20.04,0.0,19,38071,买盘
2057,13:14:01,20.04,0.0,1,2004,买盘
2058,13:14:07,20.04,0.0,28,56112,买盘
2059,13:14:10,20.04,0.0,45,90180,卖盘
2060,13:14:13,20.04,0.0,17,34068,卖盘
2061,13:14:15,20.04,0.0,6,12024,卖盘
2062,13:14:21,20.04,0.0,29,58124,卖盘
2063,13:14:24,20.03,-0.01,16,32062,卖盘
2064,13:14:28,20.04,0.01,3,6012,买盘
2065,13:14:30,20.01,-0.03,15,30051,卖盘
2066,13:14:33,20.04,0.03,28,56107,买盘
2067,13:14:37,20.04,0.0,4,8016,买盘
2068,13:14:43,20.01,-0.03,1,2001,卖盘
2069,13:14:49,20.01,0.0,5,10005,买盘
2070,13:14:55,20.0,-0.01,39,78000,卖盘
2071,13:14:58,20.01,0.01,1,2001,买盘
2072,13:15:00,20.0,-0.01,36,72004,卖盘
2073,13:15:04,20.0,0.0,34,68000,卖盘
2074,13:15:13,20.0,0.0,27,54000,卖盘
2075,13:15:16,20.0,0.0,9,18017,卖盘
2076,13:15:24,20.03,0.03,2,4006,买盘
2077,13:15:31,20.0,-0.03,7,14016,卖盘
2078,13:15:37,20.0,0.0,36,72015,卖盘
2079,13:15:49,20.0,0.0,32,64000,卖盘
2080,13:15:52,20.0,0.0,5,10000,卖盘
2081,13:15:55,20.0,0.0,16,32000,卖盘
2082,13:15:58,20.0,0.0,27,54000,卖盘
2083,13:16:01,20.0,0.0,4,8000,卖盘
2084,13:16:04,20.01,0.01,3,6001,买盘
2085,13:16:07,20.0,-0.01,1,2000,买盘
2086,13:16:12,20.0,0.0,10,20000,买盘
2087,13:16:18,19.99,-0.01,6,11994,卖盘
2088,13:16:37,19.96,-0.03,2,3992,卖盘
2089,13:16:46,19.98,0.02,11,21960,买盘
2090,13:16:51,19.95,-0.03,20,39900,卖盘
2091,13:16:55,19.93,-0.02,4,7681,卖盘
2092,13:16:58,19.96,0.03,3,5988,买盘
2093,13:17:04,19.96,0.0,17,33932,卖盘
2094,13:17:07,19.98,0.02,3,5994,买盘
2095,13:17:18,19.97,-0.01,20,39940,卖盘
2096,13:17:24,19.99,0.02,10,19978,买盘
2097,13:17:30,19.98,-0.01,1,1998,中性盘
2098,13:17:34,19.98,0.0,1,1998,卖盘
2099,13:17:39,19.99,0.01,4,7996,买盘
2100,13:17:42,19.98,-0.01,8,15984,卖盘
2101,13:17:46,19.98,0.0,2,3996,卖盘
2102,13:17:49,19.98,0.0,5,9990,买盘
2103,13:17:52,19.99,0.01,16,31969,买盘
2104,13:17:55,19.98,-0.01,3,5994,买盘
2105,13:18:00,19.98,0.0,3,5994,买盘
2106,13:18:18,19.98,0.0,3,5994,卖盘
2107,13:18:28,19.98,0.0,6,11988,卖盘
2108,13:18:43,19.98,0.0,8,15984,卖盘
2109,13:18:46,19.98,0.0,28,55944,卖盘
2110,13:18:49,19.98,0.0,2,3996,买盘
2111,13:18:52,19.97,-0.01,33,65904,卖盘
2112,13:18:55,19.97,0.0,8,15976,卖盘
2113,13:18:58,19.97,0.0,5,9985,买盘
2114,13:19:01,19.96,-0.01,20,39920,卖盘
2115,13:19:04,19.96,0.0,23,45940,卖盘
2116,13:19:13,19.96,0.0,3,5988,买盘
2117,13:19:16,19.95,-0.01,15,29925,卖盘
2118,13:19:22,19.95,0.0,7,13965,买盘
2119,13:19:24,19.93,-0.02,15,29905,卖盘
2120,13:19:36,19.94,0.01,5,9970,买盘
2121,13:19:39,19.93,-0.01,2,3986,卖盘
2122,13:19:42,19.93,0.0,1,2292,卖盘
2123,13:19:49,19.92,-0.01,12,23904,卖盘
2124,13:19:55,19.93,0.01,12,23906,买盘
2125,13:19:58,19.92,-0.01,6,11952,卖盘
2126,13:20:01,19.93,0.01,3,5979,买盘
2127,13:20:07,19.93,0.0,20,39851,买盘
2128,13:20:10,19.92,-0.01,24,47808,卖盘
2129,13:20:13,19.93,0.01,8,15941,买盘
2130,13:20:19,19.93,0.0,11,21913,买盘
2131,13:20:22,19.92,-0.01,10,19920,卖盘
2132,13:20:25,19.92,0.0,26,51792,卖盘
2133,13:20:39,19.92,0.0,14,27888,卖盘
2134,13:20:46,19.92,0.0,5,9960,买盘
2135,13:20:52,19.92,0.0,13,25896,卖盘
2136,13:20:58,19.93,0.01,11,21915,买盘
2137,13:21:01,19.9,-0.03,11,21896,卖盘
2138,13:21:04,19.93,0.03,7,13945,买盘
2139,13:21:13,19.9,-0.03,2,3980,卖盘
2140,13:21:16,19.9,0.0,2,3982,卖盘
2141,13:21:22,19.9,0.0,5,9950,卖盘
2142,13:21:31,19.9,0.0,12,23880,卖盘
2143,13:21:34,19.9,0.0,11,21890,卖盘
2144,13:21:37,19.9,0.0,7,13930,卖盘
2145,13:21:40,19.9,0.0,6,11940,买盘
2146,13:21:43,19.9,0.0,2,3980,买盘
2147,13:21:45,19.9,0.0,1,1990,买盘
2148,13:21:52,19.89,-0.01,3,5967,卖盘
2149,13:21:55,19.89,0.0,6,11930,买盘
2150,13:21:58,19.89,0.0,3,5967,买盘
2151,13:22:04,19.92,0.03,21,41770,买盘
2152,13:22:07,19.92,0.0,10,19920,卖盘
2153,13:22:10,19.92,0.0,35,69720,卖盘
2154,13:22:16,19.93,0.01,33,65769,买盘
2155,13:22:19,19.95,0.02,37,73797,买盘
2156,13:22:25,19.96,0.01,3,5988,买盘
2157,13:22:28,19.96,0.0,2,3992,买盘
2158,13:22:33,19.98,0.02,32,63936,买盘
2159,13:22:37,20.0,0.02,3,6000,买盘
2160,13:22:40,20.0,0.0,6,11996,买盘
2161,13:22:42,20.0,0.0,2,4000,买盘
2162,13:22:46,20.0,0.0,11,22000,买盘
2163,13:22:49,19.98,-0.02,26,51976,卖盘
2164,13:22:52,20.0,0.02,4,7996,买盘
2165,13:22:55,20.1,0.1,245,491268,买盘
2166,13:22:58,20.1,0.0,12,24120,卖盘
2167,13:23:04,20.13,0.03,18,36228,买盘
2168,13:23:06,20.1,-0.03,1,2010,卖盘
2169,13:23:10,20.1,0.0,5,10050,卖盘
2170,13:23:13,20.13,0.03,3,6039,买盘
2171,13:23:15,20.12,-0.01,4,8051,卖盘
2172,13:23:19,20.13,0.01,6,12078,卖盘
2173,13:23:22,20.14,0.01,11,22154,买盘
2174,13:23:24,20.2,0.06,388,783197,买盘
2175,13:23:28,20.2,0.0,109,220180,卖盘
2176,13:23:30,20.21,0.01,7,14143,买盘
2177,13:23:34,20.22,0.01,14,28308,买盘
2178,13:23:37,20.22,0.0,50,101056,买盘
2179,13:23:40,20.23,0.01,37,74821,买盘
2180,13:23:43,20.24,0.01,48,97128,买盘
2181,13:23:46,20.23,-0.01,17,34419,卖盘
2182,13:23:49,20.24,0.01,8,16199,中性盘
2183,13:23:52,20.27,0.03,168,340346,买盘
2184,13:23:54,20.27,0.0,53,107476,卖盘
2185,13:23:58,20.3,0.03,191,387521,买盘
2186,13:24:01,20.3,0.0,575,1167240,买盘
2187,13:24:04,20.3,0.0,37,75124,卖盘
2188,13:24:07,20.37,0.07,267,543336,买盘
2189,13:24:10,20.38,0.01,81,165045,买盘
2190,13:24:13,20.38,0.0,40,81415,买盘
2191,13:24:16,20.38,0.0,31,63149,买盘
2192,13:24:19,20.4,0.02,377,768774,买盘
2193,13:24:22,20.39,-0.01,17,34669,中性盘
2194,13:24:24,20.39,0.0,110,224350,卖盘
2195,13:24:27,20.38,-0.01,51,104015,卖盘
2196,13:24:31,20.4,0.02,84,171315,买盘
2197,13:24:33,20.4,0.0,47,95886,卖盘
2198,13:24:36,20.4,0.0,85,173405,卖盘
2199,13:24:39,20.42,0.02,149,304031,买盘
2200,13:24:43,20.44,0.02,241,492022,买盘
2201,13:24:46,20.44,0.0,136,277808,买盘
2202,13:24:49,20.45,0.01,185,378036,买盘
2203,13:24:52,20.44,-0.01,164,335337,卖盘
2204,13:24:55,20.45,0.01,190,388385,买盘
2205,13:24:58,20.44,-0.01,160,327026,中性盘
2206,13:25:01,20.44,0.0,190,388496,卖盘
2207,13:25:04,20.43,-0.01,83,169509,中性盘
2208,13:25:07,20.41,-0.02,29,59257,卖盘
2209,13:25:10,20.42,0.01,436,891111,中性盘
2210,13:25:13,20.4,-0.02,63,128607,卖盘
2211,13:25:16,20.4,0.0,42,85674,买盘
2212,13:25:19,20.4,0.0,31,63208,买盘
2213,13:25:22,20.38,-0.02,83,169238,卖盘
2214,13:25:25,20.37,-0.01,17,34638,卖盘
2215,13:25:27,20.35,-0.02,52,105873,卖盘
2216,13:25:31,20.35,0.0,6,12210,买盘
2217,13:25:33,20.3,-0.05,15,30464,卖盘
2218,13:25:37,20.3,0.0,82,166672,卖盘
2219,13:25:40,20.28,-0.02,5,10140,卖盘
2220,13:25:43,20.32,0.04,57,115766,买盘
2221,13:25:46,20.3,-0.02,32,64950,买盘
2222,13:25:48,20.3,0.0,31,62866,买盘
2223,13:25:52,20.28,-0.02,129,261582,买盘
2224,13:25:54,20.28,0.0,23,46644,买盘
2225,13:25:58,20.28,0.0,79,160135,买盘
2226,13:26:01,20.3,0.02,54,109599,买盘
2227,13:26:03,20.25,-0.05,6,12150,中性盘
2228,13:26:06,20.25,0.0,16,32400,买盘
2229,13:26:09,20.24,-0.01,48,97179,卖盘
2230,13:26:13,20.25,0.01,46,93133,买盘
2231,13:26:16,20.25,0.0,42,85013,买盘
2232,13:26:18,20.25,0.0,41,82929,买盘
2233,13:26:22,20.25,0.0,17,34418,买盘
2234,13:26:25,20.26,0.01,39,78981,买盘
2235,13:26:28,20.25,-0.01,45,91146,卖盘
2236,13:26:31,20.25,0.0,89,180225,卖盘
2237,13:26:34,20.27,0.02,43,87106,买盘
2238,13:26:37,20.27,0.0,22,44575,买盘
2239,13:26:40,20.28,0.01,13,26344,买盘
2240,13:26:42,20.25,-0.03,73,148054,卖盘
2241,13:26:46,20.3,0.05,73,148094,买盘
2242,13:26:49,20.3,0.0,16,32468,买盘
2243,13:26:52,20.3,0.0,22,44657,买盘
2244,13:26:55,20.32,0.02,12,24378,买盘
2245,13:26:58,20.35,0.03,172,349809,买盘
2246,13:27:04,20.32,-0.03,36,73021,买盘
2247,13:27:07,20.3,-0.02,29,58942,卖盘
2248,13:27:10,20.29,-0.01,133,270377,卖盘
2249,13:27:13,20.29,0.0,14,28403,买盘
2250,13:27:16,20.3,0.01,35,71026,买盘
2251,13:27:19,20.32,0.02,58,117720,买盘
2252,13:27:21,20.3,-0.02,10,20300,卖盘
2253,13:27:25,20.29,-0.01,24,48672,买盘
2254,13:27:27,20.27,-0.02,121,245712,卖盘
2255,13:27:30,20.29,0.02,67,135864,买盘
2256,13:27:33,20.29,0.0,2,4058,买盘
2257,13:27:37,20.28,-0.01,53,107474,卖盘
2258,13:27:40,20.28,0.0,11,22308,买盘
2259,13:27:42,20.26,-0.02,11,22289,卖盘
2260,13:27:46,20.28,0.02,35,70916,买盘
2261,13:27:48,20.25,-0.03,3,6077,卖盘
2262,13:27:51,20.25,0.0,72,145832,卖盘
2263,13:27:55,20.24,-0.01,2,4048,卖盘
2264,13:27:58,20.25,0.01,25,50625,买盘
2265,13:28:01,20.25,0.0,36,72850,买盘
2266,13:28:07,20.17,-0.08,66,133292,卖盘
2267,13:28:10,20.2,0.03,2,4040,中性盘
2268,13:28:12,20.15,-0.05,32,64554,卖盘
2269,13:28:16,20.15,0.0,2,4030,买盘
2270,13:28:18,20.18,0.03,4,8072,中性盘
2271,13:28:21,20.17,-0.01,19,38340,卖盘
2272,13:28:25,20.17,0.0,11,22186,买盘
2273,13:28:31,20.15,-0.02,21,42352,卖盘
2274,13:28:36,20.18,0.03,7,14121,买盘
2275,13:28:40,20.2,0.02,55,111087,买盘
2276,13:28:43,20.2,0.0,11,22220,卖盘
2277,13:28:46,20.2,0.0,40,80800,卖盘
2278,13:28:51,20.2,0.0,12,24268,卖盘
2279,13:28:55,20.2,0.0,6,12120,中性盘
2280,13:28:58,20.23,0.03,32,64670,买盘
2281,13:29:01,20.21,-0.02,45,90937,中性盘
2282,13:29:07,20.22,0.01,24,48495,买盘
2283,13:29:10,20.22,0.0,14,28308,买盘
2284,13:29:13,20.22,0.0,10,20216,买盘
2285,13:29:16,20.2,-0.02,19,38381,卖盘
2286,13:29:22,20.2,0.0,8,16160,买盘
2287,13:29:25,20.2,0.0,12,24230,买盘
2288,13:29:28,20.15,-0.05,49,98816,卖盘
2289,13:29:31,20.19,0.04,19,38344,买盘
2290,13:29:34,20.18,-0.01,165,333165,中性盘
2291,13:29:39,20.19,0.01,6,12114,买盘
2292,13:29:43,20.16,-0.03,24,48442,卖盘
2293,13:29:46,20.17,0.01,18,36295,中性盘
2294,13:29:49,20.17,0.0,7,14119,卖盘
2295,13:29:55,20.17,0.0,23,46409,卖盘
2296,13:30:01,20.17,0.0,3,6051,卖盘
2297,13:30:04,20.17,0.0,60,121020,卖盘
2298,13:30:07,20.18,0.01,68,137182,买盘
2299,13:30:10,20.16,-0.02,38,76638,卖盘
2300,13:30:13,20.16,0.0,15,30243,卖盘
2301,13:30:16,20.17,0.01,18,36292,买盘
2302,13:30:19,20.17,0.0,8,16136,买盘
2303,13:30:22,20.17,0.0,1,2017,买盘
2304,13:30:25,20.15,-0.02,26,52399,卖盘
2305,13:30:28,20.16,0.01,24,48406,中性盘
2306,13:30:31,20.17,0.01,56,112931,买盘
2307,13:30:37,20.15,-0.02,5,10075,卖盘
2308,13:30:40,20.18,0.03,33,66557,买盘
2309,13:30:43,20.18,0.0,59,118943,买盘
2310,13:30:46,20.17,-0.01,2,4034,中性盘
2311,13:30:49,20.17,0.0,12,24214,卖盘
2312,13:30:51,20.17,0.0,49,98833,卖盘
2313,13:30:55,20.17,0.0,13,26221,买盘
2314,13:30:57,20.17,0.0,12,24198,买盘
2315,13:31:01,20.17,0.0,14,28238,买盘
2316,13:31:04,20.16,-0.01,202,407740,卖盘
2317,13:31:07,20.17,0.01,12,24203,买盘
2318,13:31:09,20.2,0.03,52,105004,买盘
2319,13:31:12,20.17,-0.03,59,119020,卖盘
2320,13:31:16,20.21,0.04,30,60630,买盘
2321,13:31:18,20.2,-0.01,1,2020,卖盘
2322,13:31:22,20.2,0.0,7,14140,买盘
2323,13:31:25,20.2,0.0,19,38378,买盘
2324,13:31:27,20.21,0.01,16,32302,买盘
2325,13:31:30,20.21,0.0,1,2021,卖盘
2326,13:31:33,20.21,0.0,1,2021,卖盘
2327,13:31:37,20.2,-0.01,120,242503,卖盘
2328,13:31:40,20.22,0.02,37,74807,买盘
2329,13:31:43,20.22,0.0,16,32352,买盘
2330,13:31:46,20.22,0.0,12,24264,卖盘
2331,13:31:49,20.22,0.0,11,22247,卖盘
2332,13:31:52,20.23,0.01,21,42472,买盘
2333,13:31:55,20.25,0.02,26,52600,买盘
2334,13:31:58,20.25,0.0,2,4050,买盘
2335,13:32:04,20.25,0.0,7,14170,买盘
2336,13:32:07,20.22,-0.03,104,210396,卖盘
2337,13:32:10,20.25,0.03,60,121378,买盘
2338,13:32:13,20.25,0.0,3,6075,买盘
2339,13:32:16,20.24,-0.01,32,64785,中性盘
2340,13:32:19,20.2,-0.04,50,101164,卖盘
2341,13:32:22,20.25,0.05,57,115414,买盘
2342,13:32:25,20.2,-0.05,11,22230,卖盘
2343,13:32:28,20.2,0.0,10,20200,卖盘
2344,13:32:34,20.21,0.01,28,56624,卖盘
2345,13:32:37,20.2,-0.01,10,20200,卖盘
2346,13:32:40,20.2,0.0,12,24240,卖盘
2347,13:32:43,20.23,0.03,3,6069,买盘
2348,13:32:46,20.23,0.0,10,20230,卖盘
2349,13:32:49,20.2,-0.03,14,28316,卖盘
2350,13:32:52,20.2,0.0,4,8080,卖盘
2351,13:32:55,20.22,0.02,15,30320,买盘
2352,13:32:57,20.22,0.0,2,4044,买盘
2353,13:33:01,20.22,0.0,14,28308,买盘
2354,13:33:04,20.22,0.0,9,18198,卖盘
2355,13:33:07,20.22,0.0,59,119298,卖盘
2356,13:33:10,20.22,0.0,6,12132,卖盘
2357,13:33:13,20.21,-0.01,5,10107,卖盘
2358,13:33:15,20.22,0.01,13,26289,卖盘
2359,13:33:19,20.22,0.0,4,8088,卖盘
2360,13:33:25,20.22,0.0,27,54594,买盘
2361,13:33:28,20.21,-0.01,10,20213,卖盘
2362,13:33:31,20.21,0.0,37,74777,买盘
2363,13:33:37,20.21,0.0,69,139441,买盘
2364,13:33:39,20.22,0.01,115,232502,买盘
2365,13:33:42,20.21,-0.01,34,68690,卖盘
2366,13:33:46,20.22,0.01,44,88946,买盘
2367,13:33:48,20.21,-0.01,30,60630,买盘
2368,13:33:52,20.21,0.0,4,8084,买盘
2369,13:33:55,20.21,0.0,5,10103,买盘
2370,13:34:01,20.21,0.0,3,6063,卖盘
2371,13:34:04,20.21,0.0,11,22231,卖盘
2372,13:34:07,20.21,0.0,95,192095,卖盘
2373,13:34:10,20.21,0.0,13,26268,卖盘
2374,13:34:13,20.21,0.0,35,70735,买盘
2375,13:34:16,20.21,0.0,10,20210,买盘
2376,13:34:19,20.21,0.0,10,20210,买盘
2377,13:34:22,20.2,-0.01,1,2020,卖盘
2378,13:34:25,20.2,0.0,22,44442,卖盘
2379,13:34:28,20.21,0.01,46,92963,买盘
2380,13:34:37,20.19,-0.02,50,100950,卖盘
2381,13:34:40,20.19,0.0,14,28266,买盘
2382,13:34:43,20.2,0.01,20,40397,买盘
2383,13:34:46,20.18,-0.02,28,56559,卖盘
2384,13:34:52,20.19,0.01,7,14133,卖盘
2385,13:34:55,20.19,0.0,10,20190,卖盘
2386,13:34:58,20.18,-0.01,113,228122,卖盘
2387,13:35:01,20.18,0.0,3,6054,卖盘
2388,13:35:04,20.19,0.01,1,2019,买盘
2389,13:35:06,20.19,0.0,39,78741,买盘
2390,13:35:09,20.19,0.0,23,46422,买盘
2391,13:35:16,20.18,-0.01,14,28254,卖盘
2392,13:35:18,20.18,0.0,24,48432,卖盘
2393,13:35:22,20.18,0.0,5,10090,卖盘
2394,13:35:25,20.18,0.0,15,30270,卖盘
2395,13:35:28,20.18,0.0,21,42368,买盘
2396,13:35:31,20.19,0.01,51,102933,买盘
2397,13:35:34,20.17,-0.02,1,2017,卖盘
2398,13:35:37,20.17,0.0,3,6051,卖盘
2399,13:35:40,20.17,0.0,22,44374,卖盘
2400,13:35:43,20.18,0.01,5,10086,买盘
2401,13:35:46,20.17,-0.01,2,4034,买盘
2402,13:35:48,20.15,-0.02,65,131059,卖盘
2403,13:35:55,20.17,0.02,15,30255,买盘
2404,13:35:58,20.17,0.0,43,86676,买盘
2405,13:36:01,20.16,-0.01,17,34273,卖盘
2406,13:36:04,20.16,0.0,1,2016,卖盘
2407,13:36:10,20.16,0.0,14,28224,卖盘
2408,13:36:16,20.15,-0.01,10,20150,卖盘
2409,13:36:19,20.12,-0.03,17,34222,卖盘
2410,13:36:22,20.15,0.03,10,20150,买盘
2411,13:36:27,20.12,-0.03,14,28173,卖盘
2412,13:36:30,20.12,0.0,29,58375,卖盘
2413,13:36:43,20.12,0.0,23,46268,买盘
2414,13:36:45,20.11,-0.01,30,60355,卖盘
2415,13:36:48,20.11,0.0,35,70398,卖盘
2416,13:36:52,20.11,0.0,65,130775,卖盘
2417,13:36:55,20.12,0.01,21,42245,买盘
2418,13:36:58,20.12,0.0,22,44265,卖盘
2419,13:37:00,20.11,-0.01,96,193065,卖盘
2420,13:37:04,20.11,0.0,2,4022,卖盘
2421,13:37:07,20.11,0.0,21,42247,卖盘
2422,13:37:10,20.12,0.01,5,10060,买盘
2423,13:37:13,20.12,0.0,55,110708,买盘
2424,13:37:16,20.12,0.0,15,30189,卖盘
2425,13:37:19,20.11,-0.01,27,54316,卖盘
2426,13:37:22,20.15,0.04,16,32175,买盘
2427,13:37:25,20.12,-0.03,3,6036,卖盘
2428,13:37:31,20.12,0.0,29,58348,买盘
2429,13:37:34,20.12,0.0,4,8051,中性盘
2430,13:37:37,20.12,0.0,10,20120,买盘
2431,13:37:40,20.12,0.0,7,14084,买盘
2432,13:37:42,20.15,0.03,11,22135,买盘
2433,13:37:45,20.15,0.0,8,16120,买盘
2434,13:37:55,20.15,0.0,5,10075,买盘
2435,13:37:58,20.15,0.0,27,54405,买盘
2436,13:38:01,20.16,0.01,63,127008,买盘
2437,13:38:04,20.16,0.0,49,98830,卖盘
2438,13:38:07,20.16,0.0,42,84736,卖盘
2439,13:38:10,20.17,0.01,55,111013,中性盘
2440,13:38:13,20.17,0.0,5,10085,卖盘
2441,13:38:19,20.17,0.0,42,84752,卖盘
2442,13:38:25,20.2,0.03,6,12120,买盘
2443,13:38:27,20.2,0.0,48,96960,买盘
2444,13:38:31,20.2,0.0,98,197960,买盘
2445,13:38:37,20.2,0.0,10,20200,卖盘
2446,13:38:40,20.21,0.01,69,139449,买盘
2447,13:38:42,20.2,-0.01,5,10100,卖盘
2448,13:38:46,20.21,0.01,17,34357,买盘
2449,13:38:49,20.2,-0.01,18,36364,卖盘
2450,13:38:52,20.2,0.0,30,60602,卖盘
2451,13:38:55,20.2,0.0,42,84839,买盘
2452,13:39:00,20.23,0.03,204,412218,买盘
2453,13:39:10,20.24,0.01,27,54639,买盘
2454,13:39:13,20.25,0.01,5,10121,买盘
2455,13:39:16,20.24,-0.01,3,6072,卖盘
2456,13:39:22,20.25,0.01,17,34418,买盘
2457,13:39:25,20.24,-0.01,63,127512,卖盘
2458,13:39:28,20.25,0.01,4,8100,买盘
2459,13:39:31,20.25,0.0,59,119475,买盘
2460,13:39:34,20.24,-0.01,77,155894,卖盘
2461,13:39:36,20.24,0.0,11,22264,买盘
2462,13:39:39,20.24,0.0,11,22264,买盘
2463,13:39:43,20.24,0.0,42,85021,买盘
2464,13:39:46,20.24,0.0,12,24278,买盘
2465,13:39:49,20.24,0.0,108,218587,买盘
2466,13:39:52,20.23,-0.01,128,259060,卖盘
2467,13:39:55,20.23,0.0,5,10115,卖盘
2468,13:39:58,20.23,0.0,2,4046,买盘
2469,13:40:01,20.22,-0.01,50,101149,卖盘
2470,13:40:04,20.23,0.01,40,80920,买盘
2471,13:40:07,20.22,-0.01,1,2022,卖盘
2472,13:40:10,20.22,0.0,9,18198,买盘
2473,13:40:12,20.21,-0.01,26,52546,卖盘
2474,13:40:16,20.22,0.01,5,10110,买盘
2475,13:40:22,20.22,0.0,6,12132,买盘
2476,13:40:28,20.21,-0.01,15,30315,卖盘
2477,13:40:31,20.21,0.0,3,6063,买盘
2478,13:40:37,20.21,0.0,7,14147,买盘
2479,13:40:40,20.2,-0.01,5,10100,卖盘
2480,13:40:43,20.21,0.01,9,18188,买盘
2481,13:40:52,20.2,-0.01,2,4040,买盘
2482,13:40:55,20.18,-0.02,10,20180,卖盘
2483,13:40:58,20.18,0.0,2,4036,卖盘
2484,13:41:01,20.2,0.02,34,68678,买盘
2485,13:41:05,20.18,-0.02,12,24220,卖盘
2486,13:41:16,20.19,0.01,5,10095,买盘
2487,13:41:19,20.18,-0.01,57,115026,卖盘
2488,13:41:22,20.18,0.0,5,10090,买盘
2489,13:41:25,20.18,0.0,3,6054,买盘
2490,13:41:27,20.18,0.0,69,139242,买盘
2491,13:41:31,20.17,-0.01,151,304717,卖盘
2492,13:41:34,20.17,0.0,56,112983,卖盘
2493,13:41:37,20.17,0.0,5,10085,买盘
2494,13:41:40,20.17,0.0,1,2017,买盘
2495,13:41:43,20.17,0.0,10,20170,买盘
2496,13:41:46,20.16,-0.01,15,30252,中性盘
2497,13:41:49,20.16,0.0,2,4032,买盘
2498,13:41:52,20.17,0.01,10,20165,买盘
2499,13:41:55,20.17,0.0,71,143207,买盘
2500,13:42:04,20.17,0.0,43,86768,卖盘
2501,13:42:07,20.17,0.0,70,141211,卖盘
2502,13:42:10,20.18,0.01,24,48415,买盘
2503,13:42:13,20.2,0.02,17,34325,买盘
2504,13:42:15,20.15,-0.05,240,484022,卖盘
2505,13:42:18,20.2,0.05,8,16150,买盘
2506,13:42:22,20.2,0.0,7,14140,买盘
2507,13:42:31,20.2,0.0,268,540297,买盘
2508,13:42:34,20.21,0.01,4,8084,买盘
2509,13:42:37,20.21,0.0,21,42440,买盘
2510,13:42:40,20.21,0.0,15,30304,买盘
2511,13:42:43,20.21,0.0,2,4042,买盘
2512,13:42:46,20.21,0.0,25,50525,买盘
2513,13:42:48,20.21,0.0,42,84852,买盘
2514,13:42:52,20.22,0.01,10,20220,买盘
2515,13:42:55,20.21,-0.01,30,60622,卖盘
2516,13:42:58,20.22,0.01,2,4044,买盘
2517,13:43:01,20.21,-0.01,39,78820,卖盘
2518,13:43:07,20.22,0.01,18,36396,买盘
2519,13:43:09,20.24,0.02,46,93083,买盘
2520,13:43:13,20.22,-0.02,50,101100,卖盘
2521,13:43:16,20.22,0.0,2,4044,卖盘
2522,13:43:22,20.24,0.02,2,4048,买盘
2523,13:43:25,20.22,-0.02,24,48542,卖盘
2524,13:43:28,20.22,0.0,1,2022,卖盘
2525,13:43:31,20.24,0.02,11,22262,买盘
2526,13:43:33,20.24,0.0,75,151836,买盘
2527,13:43:36,20.24,0.0,5,10120,卖盘
2528,13:43:43,20.25,0.01,4,8100,买盘
2529,13:43:45,20.23,-0.02,74,149743,卖盘
2530,13:43:48,20.25,0.02,6,12145,买盘
2531,13:43:51,20.24,-0.01,2,4048,卖盘
2532,13:43:55,20.25,0.01,24,48599,买盘
2533,13:43:58,20.25,0.0,6,12150,买盘
2534,13:44:01,20.25,0.0,110,222710,买盘
2535,13:44:04,20.26,0.01,188,380722,买盘
2536,13:44:07,20.25,-0.01,12,24302,卖盘
2537,13:44:10,20.25,0.0,8,16200,卖盘
2538,13:44:12,20.27,0.02,39,79017,买盘
2539,13:44:16,20.26,-0.01,15,30389,卖盘
2540,13:44:19,20.27,0.01,13,26345,买盘
2541,13:44:22,20.26,-0.01,37,75004,卖盘
2542,13:44:25,20.28,0.02,16,32448,买盘
2543,13:44:27,20.28,0.0,17,34473,买盘
2544,13:44:31,20.28,0.0,28,56784,买盘
2545,13:44:33,20.28,0.0,14,28389,买盘
2546,13:44:37,20.29,0.01,7,14200,买盘
2547,13:44:39,20.28,-0.01,43,87217,卖盘
2548,13:44:43,20.28,0.0,10,20280,卖盘
2549,13:44:46,20.29,0.01,23,46667,买盘
2550,13:44:49,20.3,0.01,36,73058,买盘
2551,13:44:52,20.3,0.0,10,20296,买盘
2552,13:44:54,20.29,-0.01,11,22319,卖盘
2553,13:44:57,20.3,0.01,72,146160,买盘
2554,13:45:01,20.3,0.0,169,343286,买盘
2555,13:45:04,20.31,0.01,105,213181,买盘
2556,13:45:07,20.31,0.0,6,12190,卖盘
2557,13:45:10,20.35,0.04,31,62989,买盘
2558,13:45:13,20.35,0.0,56,113934,买盘
2559,13:45:16,20.31,-0.04,2,4062,中性盘
2560,13:45:19,20.31,0.0,11,22341,买盘
2561,13:45:22,20.35,0.04,20,40690,买盘
2562,13:45:25,20.33,-0.02,9,18293,中性盘
2563,13:45:31,20.33,0.0,10,20330,买盘
2564,13:45:34,20.34,0.01,16,32528,买盘
2565,13:45:37,20.32,-0.02,10,20333,卖盘
2566,13:45:40,20.32,0.0,11,22352,买盘
2567,13:45:43,20.32,0.0,2,4064,买盘
2568,13:45:45,20.31,-0.01,48,97517,卖盘
2569,13:45:49,20.31,0.0,19,38591,卖盘
2570,13:45:52,20.31,0.0,12,24362,买盘
2571,13:45:55,20.3,-0.01,52,105582,卖盘
2572,13:45:58,20.3,0.0,87,176612,卖盘
2573,13:46:01,20.3,0.0,33,66980,买盘
2574,13:46:04,20.29,-0.01,24,48696,卖盘
2575,13:46:07,20.29,0.0,20,40571,买盘
2576,13:46:10,20.28,-0.01,32,64916,卖盘
2577,13:46:13,20.27,-0.01,20,40540,卖盘
2578,13:46:16,20.26,-0.01,44,89186,卖盘
2579,13:46:19,20.26,0.0,10,20260,卖盘
2580,13:46:21,20.26,0.0,5,10130,买盘
2581,13:46:28,20.25,-0.01,6,12150,卖盘
2582,13:46:31,20.25,0.0,30,60750,卖盘
2583,13:46:34,20.25,0.0,8,16193,买盘
2584,13:46:37,20.25,0.0,15,30345,买盘
2585,13:46:43,20.22,-0.03,28,56616,卖盘
2586,13:46:46,20.24,0.02,20,40476,买盘
2587,13:46:48,20.2,-0.04,10,20201,卖盘
2588,13:46:52,20.21,0.01,2,4042,卖盘
2589,13:46:58,20.2,-0.01,10,20200,卖盘
2590,13:47:04,20.19,-0.01,12,24228,买盘
2591,13:47:07,20.18,-0.01,15,30280,卖盘
2592,13:47:10,20.18,0.0,6,12108,卖盘
2593,13:47:13,20.19,0.01,3,6057,买盘
2594,13:47:16,20.18,-0.01,11,22198,卖盘
2595,13:47:22,20.18,0.0,12,24216,卖盘
2596,13:47:28,20.18,0.0,8,16144,买盘
2597,13:47:31,20.18,0.0,18,36324,买盘
2598,13:47:37,20.18,0.0,10,20180,卖盘
2599,13:47:40,20.19,0.01,21,42396,买盘
2600,13:47:46,20.15,-0.04,21,42334,卖盘
2601,13:47:48,20.15,0.0,2,4030,买盘
2602,13:47:54,20.14,-0.01,2,4029,卖盘
2603,13:48:04,20.14,0.0,6,12089,卖盘
2604,13:48:07,20.14,0.0,6,12084,卖盘
2605,13:48:09,20.16,0.02,6,12100,中性盘
2606,13:48:18,20.19,0.03,38,76638,买盘
2607,13:48:27,20.2,0.01,16,32320,买盘
2608,13:48:37,20.2,0.0,30,60606,卖盘
2609,13:48:40,20.2,0.0,4,8080,卖盘
2610,13:48:42,20.21,0.01,14,28294,买盘
2611,13:48:48,20.21,0.0,2,4042,卖盘
2612,13:48:58,20.21,0.0,16,32348,卖盘
2613,13:49:00,20.24,0.03,33,66738,买盘
2614,13:49:06,20.22,-0.02,10,20220,卖盘
2615,13:49:09,20.24,0.02,3,6072,买盘
2616,13:49:12,20.22,-0.02,9,18198,卖盘
2617,13:49:16,20.24,0.02,2,4048,买盘
2618,13:49:18,20.23,-0.01,68,137625,卖盘
2619,13:49:22,20.23,0.0,1,2023,卖盘
2620,13:49:24,20.24,0.01,1,2024,中性盘
2621,13:49:31,20.24,0.0,5,10120,买盘
2622,13:49:37,20.24,0.0,2,4048,买盘
2623,13:49:40,20.22,-0.02,24,48532,卖盘
2624,13:49:48,20.23,0.01,7,14161,中性盘
2625,13:49:52,20.22,-0.01,5,10112,卖盘
2626,13:49:55,20.22,0.0,1,2022,卖盘
2627,13:49:58,20.23,0.01,21,42473,买盘
2628,13:50:01,20.22,-0.01,15,30342,卖盘
2629,13:50:10,20.22,0.0,10,20220,买盘
2630,13:50:12,20.2,-0.02,68,137376,卖盘
2631,13:50:16,20.2,0.0,1,2020,买盘
2632,13:50:19,20.2,0.0,1,2020,买盘
2633,13:50:22,20.19,-0.01,10,20197,卖盘
2634,13:50:25,20.19,0.0,42,84798,卖盘
2635,13:50:34,20.17,-0.02,2,4034,卖盘
2636,13:50:39,20.17,0.0,6,12102,卖盘
2637,13:50:46,20.17,0.0,5,10085,卖盘
2638,13:50:49,20.17,0.0,1,2017,中性盘
2639,13:50:52,20.17,0.0,1,2017,卖盘
2640,13:51:01,20.17,0.0,12,24204,卖盘
2641,13:51:04,20.17,0.0,1,2017,卖盘
2642,13:51:10,20.17,0.0,63,127081,卖盘
2643,13:51:13,20.17,0.0,22,44374,卖盘
2644,13:51:16,20.16,-0.01,65,131100,卖盘
2645,13:51:19,20.16,0.0,30,60480,买盘
2646,13:51:21,20.16,0.0,10,20160,买盘
2647,13:51:28,20.16,0.0,20,40320,买盘
2648,13:51:31,20.16,0.0,2,4032,买盘
2649,13:51:34,20.15,-0.01,15,30231,卖盘
2650,13:51:37,20.16,0.01,15,30240,买盘
2651,13:51:40,20.16,0.0,94,189313,买盘
2652,13:51:42,20.16,0.0,1,2016,买盘
2653,13:51:49,20.16,0.0,22,44350,买盘
2654,13:51:51,20.14,-0.02,1,2014,卖盘
2655,13:51:55,20.14,0.0,1,2014,买盘
2656,13:52:04,20.12,-0.02,20,40240,卖盘
2657,13:52:07,20.14,0.02,14,28196,买盘
2658,13:52:10,20.14,0.0,43,86669,卖盘
2659,13:52:15,20.12,-0.02,19,38244,卖盘
2660,13:52:19,20.13,0.01,1,2013,买盘
2661,13:52:21,20.16,0.03,48,96730,买盘
2662,13:52:25,20.14,-0.02,34,68480,卖盘
2663,13:52:27,20.13,-0.01,6,12078,买盘
2664,13:52:34,20.13,0.0,6,12078,买盘
2665,13:52:46,20.13,0.0,2,4026,卖盘
2666,13:52:48,20.17,0.04,4,8068,买盘
2667,13:53:01,20.17,0.0,1,2017,卖盘
2668,13:53:04,20.19,0.02,11,22197,买盘
2669,13:53:07,20.19,0.0,3,6057,卖盘
2670,13:53:18,20.17,-0.02,3,6051,买盘
2671,13:53:27,20.15,-0.02,1,2015,卖盘
2672,13:53:31,20.14,-0.01,32,64471,卖盘
2673,13:53:34,20.15,0.01,50,100750,买盘
2674,13:53:40,20.15,0.0,6,12090,中性盘
2675,13:53:43,20.14,-0.01,20,40283,卖盘
2676,13:53:46,20.14,0.0,25,50362,卖盘
2677,13:53:48,20.14,0.0,17,34238,买盘
2678,13:53:52,20.14,0.0,5,10070,买盘
2679,13:53:55,20.14,0.0,20,40280,买盘
2680,13:54:01,20.13,-0.01,3,6040,卖盘
2681,13:54:04,20.13,0.0,19,38247,卖盘
2682,13:54:07,20.13,0.0,15,30195,卖盘
2683,13:54:10,20.13,0.0,8,16104,卖盘
2684,13:54:13,20.13,0.0,10,20130,卖盘
2685,13:54:16,20.13,0.0,39,78535,买盘
2686,13:54:19,20.14,0.01,21,42276,买盘
2687,13:54:24,20.13,-0.01,7,14086,买盘
2688,13:54:28,20.12,-0.01,23,46276,卖盘
2689,13:54:31,20.13,0.01,30,60390,买盘
2690,13:54:34,20.13,0.0,8,16104,买盘
2691,13:54:37,20.12,-0.01,57,114684,卖盘
2692,13:54:40,20.13,0.01,2,4026,买盘
2693,13:54:49,20.13,0.0,15,30195,卖盘
2694,13:54:51,20.13,0.0,8,16104,卖盘
2695,13:54:55,20.14,0.01,14,28196,买盘
2696,13:54:58,20.13,-0.01,25,50333,卖盘
2697,13:55:00,20.14,0.01,2,4028,卖盘
2698,13:55:04,20.15,0.01,11,22158,买盘
2699,13:55:06,20.14,-0.01,5,10071,卖盘
2700,13:55:13,20.17,0.03,6,12097,买盘
2701,13:55:25,20.17,0.0,6,12102,买盘
2702,13:55:31,20.17,0.0,1,2017,买盘
2703,13:55:34,20.2,0.03,40,80750,买盘
2704,13:55:39,20.16,-0.04,10,20160,卖盘
2705,13:55:46,20.16,0.0,3,6049,卖盘
2706,13:55:49,20.19,0.03,19,38359,买盘
2707,13:55:54,20.2,0.01,17,34335,买盘
2708,13:55:58,20.2,0.0,17,34338,买盘
2709,13:56:01,20.19,-0.01,8,16152,卖盘
2710,13:56:04,20.17,-0.02,10,20170,卖盘
2711,13:56:10,20.2,0.03,38,76732,买盘
2712,13:56:16,20.2,0.0,20,40400,买盘
2713,13:56:19,20.19,-0.01,7,14131,中性盘
2714,13:56:22,20.19,0.0,1,2019,买盘
2715,13:56:25,20.2,0.01,5,10097,买盘
2716,13:56:31,20.19,-0.01,16,32304,卖盘
2717,13:56:36,20.18,-0.01,27,54508,卖盘
2718,13:56:39,20.2,0.02,15,30292,买盘
2719,13:56:49,20.19,-0.01,1,2019,卖盘
2720,13:56:55,20.19,0.0,1,2019,卖盘
2721,13:56:58,20.2,0.01,12,24240,买盘
2722,13:57:04,20.21,0.01,140,282686,买盘
2723,13:57:07,20.2,-0.01,54,109080,买盘
2724,13:57:10,20.19,-0.01,1,2019,中性盘
2725,13:57:13,20.2,0.01,10,20199,买盘
2726,13:57:16,20.18,-0.02,5,10090,卖盘
2727,13:57:22,20.19,0.01,15,30285,买盘
2728,13:57:25,20.19,0.0,8,16159,卖盘
2729,13:57:28,20.19,0.0,20,40380,卖盘
2730,13:57:31,20.19,0.0,13,26247,卖盘
2731,13:57:34,20.19,0.0,17,34323,卖盘
2732,13:57:37,20.19,0.0,7,14133,买盘
2733,13:57:43,20.18,-0.01,21,42379,卖盘
2734,13:57:45,20.19,0.01,17,34316,买盘
2735,13:57:49,20.17,-0.02,16,32292,卖盘
2736,13:57:55,20.12,-0.05,124,249637,卖盘
2737,13:57:58,20.18,0.06,2,4036,买盘
2738,13:58:01,20.18,0.0,3,6054,买盘
2739,13:58:10,20.18,0.0,5,10090,买盘
2740,13:58:13,20.12,-0.06,1,2012,卖盘
2741,13:58:21,20.13,0.01,1,2013,卖盘
2742,13:58:31,20.13,0.0,127,255548,卖盘
2743,13:58:34,20.12,-0.01,9,18108,卖盘
2744,13:58:46,20.11,-0.01,12,24132,卖盘
2745,13:58:49,20.12,0.01,13,26156,买盘
2746,13:58:51,20.1,-0.02,105,211092,卖盘
2747,13:58:58,20.11,0.01,10,20110,中性盘
2748,13:59:04,20.1,-0.01,32,64320,卖盘
2749,13:59:06,20.1,0.0,77,154800,卖盘
2750,13:59:10,20.11,0.01,5,10055,买盘
2751,13:59:13,20.1,-0.01,61,122610,卖盘
2752,13:59:16,20.1,0.0,60,120600,卖盘
2753,13:59:19,20.1,0.0,66,132660,买盘
2754,13:59:25,20.1,0.0,27,54263,买盘
2755,13:59:28,20.11,0.01,10,20110,买盘
2756,13:59:31,20.1,-0.01,21,42220,卖盘
2757,13:59:40,20.1,0.0,1,2010,买盘
2758,13:59:43,20.1,0.0,42,84420,买盘
2759,13:59:46,20.08,-0.02,11,22091,卖盘
2760,13:59:49,20.09,0.01,6,12054,买盘
2761,13:59:52,20.1,0.01,94,188888,买盘
