,time,price,change,volume,amount,type
0,09:25:04,8.5,-0.37,7545,6413250,卖盘
1,09:30:01,8.5,0.0,33,28024,买盘
2,09:30:04,8.5,0.0,7256,6169829,买盘
3,09:30:07,8.5,0.0,951,807074,卖盘
4,09:30:10,8.51,0.01,115,97934,中性盘
5,09:30:13,8.52,0.01,458,389408,中性盘
6,09:30:15,8.63,0.11,402,344671,买盘
7,09:30:19,8.6,-0.03,29,24959,卖盘
8,09:30:22,8.61,0.01,30,25825,买盘
9,09:30:24,8.68,0.07,101,87323,买盘
10,09:30:28,8.7,0.02,634,548598,买盘
11,09:30:31,8.75,0.05,112,97457,买盘
12,09:30:33,8.7,-0.05,93,80984,卖盘
13,09:30:37,8.75,0.05,91,79349,买盘
14,09:30:40,8.78,0.03,345,300181,买盘
15,09:30:43,8.77,-0.01,130,114032,中性盘
16,09:30:46,8.75,-0.02,464,406947,卖盘
17,09:30:48,8.74,-0.01,390,341636,卖盘
18,09:30:52,8.75,0.01,554,482479,买盘
19,09:30:55,8.67,-0.08,335,292264,中性盘
20,09:30:58,8.68,0.01,126,109167,买盘
21,09:31:01,8.74,0.06,343,298387,买盘
22,09:31:04,8.68,-0.06,129,112150,中性盘
23,09:31:06,8.66,-0.02,96,83370,卖盘
24,09:31:10,8.68,0.02,480,416710,中性盘
25,09:31:13,8.7,0.02,315,273495,买盘
26,09:31:15,8.67,-0.03,267,231137,中性盘
27,09:31:18,8.64,-0.03,46,39770,中性盘
28,09:31:22,8.63,-0.01,129,111552,卖盘
29,09:31:24,8.64,0.01,109,94034,买盘
30,09:31:27,8.61,-0.03,1010,871508,卖盘
31,09:31:31,8.6,-0.01,221,190164,卖盘
32,09:31:34,8.6,0.0,413,355092,买盘
33,09:31:36,8.58,-0.02,271,232743,卖盘
34,09:31:40,8.59,0.01,162,139036,买盘
35,09:31:43,8.59,0.0,32,27436,买盘
36,09:31:46,8.58,-0.01,542,465496,中性盘
37,09:31:49,8.55,-0.03,73,62461,卖盘
38,09:31:51,8.54,-0.01,50,42860,卖盘
39,09:31:55,8.58,0.04,264,226128,买盘
40,09:31:58,8.58,0.0,162,139123,卖盘
41,09:32:01,8.59,0.01,177,152164,买盘
42,09:32:04,8.6,0.01,110,94564,买盘
43,09:32:07,8.6,0.0,972,835683,买盘
44,09:32:10,8.61,0.01,103,88648,买盘
45,09:32:13,8.61,0.0,441,379694,买盘
46,09:32:16,8.63,0.02,77,66441,买盘
47,09:32:19,8.65,0.02,350,301774,中性盘
48,09:32:21,8.66,0.01,31,26846,买盘
49,09:32:24,8.68,0.02,18,15624,买盘
50,09:32:28,8.66,-0.02,271,235058,卖盘
51,09:32:31,8.68,0.02,209,181336,买盘
52,09:32:34,8.7,0.02,57,49544,买盘
53,09:32:37,8.7,0.0,109,94827,买盘
54,09:32:40,8.69,-0.01,396,344443,卖盘
55,09:32:43,8.7,0.01,498,433414,买盘
56,09:32:46,8.7,0.0,49,42704,卖盘
57,09:32:48,8.72,0.02,174,151582,买盘
58,09:32:51,8.7,-0.02,512,446393,卖盘
59,09:32:55,8.72,0.02,59,51468,卖盘
60,09:32:57,8.76,0.04,60,52571,买盘
61,09:33:00,8.8,0.04,404,354680,买盘
62,09:33:04,8.84,0.04,2,1768,买盘
63,09:33:06,8.8,-0.04,209,183996,卖盘
64,09:33:10,8.8,0.0,117,102960,买盘
65,09:33:12,8.8,0.0,197,173382,买盘
66,09:33:16,8.8,0.0,502,442225,买盘
67,09:33:18,8.78,-0.02,159,139591,买盘
68,09:33:22,8.8,0.02,353,310067,买盘
69,09:33:25,8.8,0.0,94,82639,卖盘
70,09:33:28,8.78,-0.02,391,344121,卖盘
71,09:33:31,8.77,-0.01,251,220367,卖盘
72,09:33:34,8.77,0.0,144,126263,卖盘
73,09:33:37,8.76,-0.01,133,116671,卖盘
74,09:33:40,8.77,0.01,806,706661,买盘
75,09:33:43,8.76,-0.01,1069,936472,买盘
76,09:33:45,8.78,0.02,107,93862,买盘
77,09:33:48,8.75,-0.03,85,74502,卖盘
78,09:33:52,8.72,-0.03,65,56680,卖盘
79,09:33:55,8.76,0.04,154,134826,买盘
80,09:33:58,8.73,-0.03,46,40287,中性盘
81,09:34:01,8.73,0.0,673,589844,卖盘
82,09:34:04,8.73,0.0,331,289473,卖盘
83,09:34:07,8.73,0.0,79,68976,卖盘
84,09:34:10,8.75,0.02,71,62104,卖盘
85,09:34:12,8.75,0.0,65,56840,买盘
86,09:34:16,8.72,-0.03,175,152992,卖盘
87,09:34:19,8.76,0.04,209,182813,买盘
88,09:34:22,8.77,0.01,41,35888,买盘
89,09:34:25,8.72,-0.05,145,126749,卖盘
90,09:34:27,8.73,0.01,67,58573,中性盘
91,09:34:31,8.73,0.0,85,74205,买盘
92,09:34:34,8.75,0.02,57,49763,买盘
93,09:34:36,8.72,-0.03,354,308811,卖盘
94,09:34:40,8.72,0.0,89,77608,买盘
95,09:34:43,8.72,0.0,127,110743,买盘
96,09:34:45,8.72,0.0,310,269921,买盘
97,09:34:49,8.71,-0.01,129,112355,买盘
98,09:34:52,8.7,-0.01,50,43510,卖盘
99,09:34:55,8.7,0.0,107,93135,卖盘
100,09:34:58,8.7,0.0,158,137479,卖盘
101,09:35:01,8.72,0.02,187,162914,买盘
102,09:35:04,8.73,0.01,17,14832,买盘
103,09:35:07,8.73,0.0,137,119495,买盘
104,09:35:10,8.73,0.0,18,15709,买盘
105,09:35:13,8.72,-0.01,416,362900,卖盘
106,09:35:18,8.74,0.02,11,9613,买盘
107,09:35:22,8.74,0.0,80,69968,买盘
108,09:35:25,8.75,0.01,10,8750,买盘
109,09:35:28,8.73,-0.02,313,273359,卖盘
110,09:35:31,8.75,0.02,72,63000,买盘
111,09:35:34,8.75,0.0,62,54250,买盘
112,09:35:37,8.75,0.0,153,133875,买盘
113,09:35:40,8.75,0.0,2,1750,卖盘
114,09:35:43,8.77,0.02,49,42913,买盘
115,09:35:46,8.76,-0.01,147,128722,卖盘
116,09:35:49,8.77,0.01,181,158698,买盘
117,09:35:52,8.78,0.01,10,8780,买盘
118,09:35:55,8.78,0.0,72,63194,买盘
119,09:35:57,8.78,0.0,317,278326,买盘
120,09:36:01,8.79,0.01,62,54509,买盘
121,09:36:04,8.79,0.0,10,8790,卖盘
122,09:36:06,8.79,0.0,710,625765,卖盘
123,09:36:09,8.79,0.0,210,184590,卖盘
124,09:36:13,8.87,0.08,136,119926,买盘
125,09:36:16,8.87,0.0,116,102891,买盘
126,09:36:19,8.86,-0.01,172,152392,卖盘
127,09:36:21,8.86,0.0,71,62882,买盘
128,09:36:25,8.87,0.01,404,358133,买盘
129,09:36:28,8.87,0.0,48,42572,卖盘
130,09:36:31,8.88,0.01,415,368241,买盘
131,09:36:34,8.87,-0.01,668,596029,中性盘
132,09:36:36,8.88,0.01,58,51611,买盘
133,09:36:40,8.92,0.04,64,57113,卖盘
134,09:36:43,8.97,0.05,92,82464,买盘
135,09:36:46,8.92,-0.05,103,92225,卖盘
136,09:36:49,8.95,0.03,199,178354,中性盘
137,09:36:52,8.92,-0.03,233,208511,卖盘
138,09:36:54,8.97,0.05,402,359862,买盘
139,09:36:58,8.97,0.0,1994,1791338,买盘
140,09:37:01,8.96,-0.01,156,139844,中性盘
141,09:37:04,8.98,0.02,44,39525,买盘
142,09:37:06,9.0,0.02,455,408901,买盘
143,09:37:10,8.98,-0.02,728,654200,卖盘
144,09:37:13,9.06,0.08,79,71298,买盘
145,09:37:15,9.06,0.0,192,173807,买盘
146,09:37:19,9.07,0.01,169,153355,中性盘
147,09:37:22,9.06,-0.01,469,425744,卖盘
148,09:37:25,9.08,0.02,287,260493,买盘
149,09:37:27,9.06,-0.02,445,403885,卖盘
150,09:37:31,9.06,0.0,630,570361,买盘
151,09:37:33,9.01,-0.05,756,682379,卖盘
152,09:37:37,9.06,0.05,1417,1282604,买盘
153,09:37:40,9.06,0.0,556,502051,买盘
154,09:37:43,9.04,-0.02,675,610100,卖盘
155,09:37:45,9.04,0.0,261,235975,买盘
156,09:37:48,9.02,-0.02,334,301543,中性盘
157,09:37:52,9.04,0.02,506,456499,买盘
158,09:37:54,9.05,0.01,337,304656,买盘
159,09:37:58,9.02,-0.03,815,736089,卖盘
160,09:38:00,9.01,-0.01,1175,1060193,卖盘
161,09:38:04,9.0,-0.01,873,786977,卖盘
162,09:38:07,9.02,0.02,333,300337,卖盘
163,09:38:10,9.02,0.0,100,90309,买盘
164,09:38:13,9.01,-0.01,200,180119,卖盘
165,09:38:16,9.02,0.01,267,240654,买盘
166,09:38:19,9.01,-0.01,563,507507,买盘
167,09:38:22,9.02,0.01,504,454538,买盘
168,09:38:25,9.01,-0.01,613,552500,卖盘
169,09:38:28,9.04,0.03,257,231787,买盘
170,09:38:31,9.01,-0.03,318,286930,卖盘
171,09:38:34,9.04,0.03,98,88477,买盘
172,09:38:36,9.03,-0.01,124,111954,卖盘
173,09:38:40,9.03,0.0,123,111044,买盘
174,09:38:43,9.03,0.0,544,490993,买盘
175,09:38:46,9.03,0.0,461,416009,卖盘
176,09:38:49,9.03,0.0,290,261993,卖盘
177,09:38:52,9.03,0.0,199,179677,买盘
178,09:38:55,9.03,0.0,172,155496,卖盘
179,09:38:58,9.03,0.0,117,105738,卖盘
180,09:39:01,9.06,0.03,531,480611,买盘
181,09:39:04,9.05,-0.01,195,176639,卖盘
182,09:39:07,9.08,0.03,311,281804,买盘
183,09:39:10,9.09,0.01,59,53530,买盘
184,09:39:13,9.09,0.0,82,74528,买盘
185,09:39:16,9.16,0.07,276,251310,买盘
186,09:39:18,9.16,0.0,18,16493,卖盘
187,09:39:21,9.17,0.01,93,85290,买盘
188,09:39:25,9.18,0.01,284,260732,买盘
189,09:39:28,9.19,0.01,443,407365,买盘
190,09:39:31,9.19,0.0,148,136122,买盘
191,09:39:34,9.26,0.07,151,139257,买盘
192,09:39:37,9.17,-0.09,1591,1460018,卖盘
193,09:39:40,9.25,0.08,641,589076,买盘
194,09:39:43,9.26,0.01,542,500943,中性盘
195,09:39:46,9.25,-0.01,285,263550,卖盘
196,09:39:49,9.26,0.01,626,577525,买盘
197,09:39:51,9.2,-0.06,270,249352,中性盘
198,09:39:55,9.26,0.06,995,917486,买盘
199,09:39:58,9.22,-0.04,99,91340,中性盘
200,09:40:01,9.26,0.04,596,550866,买盘
201,09:40:04,9.2,-0.06,668,617099,卖盘
202,09:40:06,9.21,0.01,958,883742,买盘
203,09:40:09,9.22,0.01,515,476455,卖盘
204,09:40:13,9.21,-0.01,688,634216,卖盘
205,09:40:16,9.26,0.05,620,572648,买盘
206,09:40:19,9.26,0.0,241,222622,买盘
207,09:40:22,9.24,-0.02,480,442908,中性盘
208,09:40:25,9.23,-0.01,381,351803,卖盘
209,09:40:27,9.24,0.01,1126,1037657,买盘
210,09:40:31,9.22,-0.02,434,399451,中性盘
211,09:40:34,9.21,-0.01,101,93117,中性盘
212,09:40:37,9.22,0.01,278,256092,买盘
213,09:40:40,9.2,-0.02,433,398619,卖盘
214,09:40:43,9.2,0.0,413,380118,买盘
215,09:40:45,9.21,0.01,687,630710,买盘
216,09:40:48,9.17,-0.04,237,217277,卖盘
217,09:40:52,9.2,0.03,115,105764,买盘
218,09:40:55,9.16,-0.04,59,54144,卖盘
219,09:40:57,9.15,-0.01,428,391722,卖盘
220,09:41:01,9.15,0.0,32,29280,买盘
221,09:41:04,9.15,0.0,76,69536,买盘
222,09:41:07,9.13,-0.02,120,109562,卖盘
223,09:41:09,9.1,-0.03,224,203895,卖盘
224,09:41:13,9.1,0.0,196,178360,买盘
225,09:41:16,9.1,0.0,217,197428,买盘
226,09:41:19,9.08,-0.02,98,89140,卖盘
227,09:41:21,9.1,0.02,93,84566,买盘
228,09:41:25,9.1,0.0,91,82698,买盘
229,09:41:28,9.1,0.0,46,41860,卖盘
230,09:41:31,9.11,0.01,265,241393,买盘
231,09:41:34,9.11,0.0,41,37330,买盘
232,09:41:37,9.12,0.01,75,68297,买盘
233,09:41:40,9.12,0.0,194,176951,买盘
234,09:41:43,9.12,0.0,66,60248,卖盘
235,09:41:45,9.13,0.01,364,332316,买盘
236,09:41:49,9.13,0.0,416,379908,买盘
237,09:41:52,9.14,0.01,59,53922,买盘
238,09:41:54,9.14,0.0,401,366611,买盘
239,09:41:58,9.15,0.01,752,688080,买盘
240,09:42:00,9.2,0.05,111,101945,买盘
241,09:42:04,9.22,0.02,356,327040,买盘
242,09:42:07,9.23,0.01,87,80261,买盘
243,09:42:10,9.24,0.01,82,75748,买盘
244,09:42:12,9.25,0.01,85,78604,买盘
245,09:42:15,9.25,0.0,129,119320,买盘
246,09:42:19,9.26,0.01,709,655547,买盘
247,09:42:22,9.28,0.02,552,511552,买盘
248,09:42:25,9.28,0.0,142,131776,买盘
249,09:42:27,9.3,0.02,319,296242,买盘
250,09:42:31,9.29,-0.01,359,333555,卖盘
251,09:42:34,9.3,0.01,394,366417,买盘
252,09:42:37,9.33,0.03,189,176012,买盘
253,09:42:40,9.34,0.01,272,253570,买盘
254,09:42:43,9.34,0.0,218,203512,买盘
255,09:42:46,9.34,0.0,256,238901,买盘
256,09:42:49,9.36,0.02,339,316777,买盘
257,09:42:52,9.33,-0.03,701,653957,卖盘
258,09:42:55,9.37,0.04,217,202481,买盘
259,09:42:58,9.34,-0.03,344,322263,中性盘
260,09:43:01,9.34,0.0,340,317986,卖盘
261,09:43:04,9.37,0.03,124,116069,卖盘
262,09:43:06,9.38,0.01,516,483665,买盘
263,09:43:10,9.37,-0.01,161,150842,中性盘
264,09:43:13,9.39,0.02,145,136000,买盘
265,09:43:16,9.38,-0.01,245,230088,卖盘
266,09:43:18,9.4,0.02,291,273435,买盘
267,09:43:21,9.4,0.0,456,428086,买盘
268,09:43:25,9.42,0.02,225,211888,买盘
269,09:43:28,9.44,0.02,199,187602,买盘
270,09:43:31,9.42,-0.02,47,44321,卖盘
271,09:43:34,9.44,0.02,856,808435,买盘
272,09:43:37,9.44,0.0,155,146390,买盘
273,09:43:40,9.48,0.04,257,243530,买盘
274,09:43:43,9.43,-0.05,255,240669,卖盘
275,09:43:46,9.44,0.01,416,393262,中性盘
276,09:43:48,9.42,-0.02,599,564960,卖盘
277,09:43:52,9.42,0.0,889,837361,买盘
278,09:43:55,9.42,0.0,2316,2171901,买盘
279,09:43:58,9.4,-0.02,696,655521,中性盘
280,09:44:01,9.42,0.02,143,134556,买盘
281,09:44:04,9.38,-0.04,308,289593,卖盘
282,09:44:06,9.44,0.06,199,187646,买盘
283,09:44:09,9.45,0.01,514,484403,买盘
284,09:44:13,9.4,-0.05,121,113708,卖盘
285,09:44:16,9.42,0.02,115,108285,买盘
286,09:44:19,9.38,-0.04,187,175544,卖盘
287,09:44:22,9.39,0.01,738,692743,买盘
288,09:44:24,9.37,-0.02,304,285515,卖盘
289,09:44:28,9.37,0.0,338,316967,卖盘
290,09:44:31,9.37,0.0,140,131153,卖盘
291,09:44:34,9.37,0.0,237,221923,买盘
292,09:44:37,9.34,-0.03,69,64540,卖盘
293,09:44:40,9.35,0.01,119,111350,中性盘
294,09:44:43,9.35,0.0,209,195601,买盘
295,09:44:45,9.34,-0.01,348,324568,卖盘
296,09:44:49,9.33,-0.01,195,182259,中性盘
297,09:44:52,9.32,-0.01,97,90373,中性盘
298,09:44:55,9.3,-0.02,115,106957,卖盘
299,09:44:57,9.3,0.0,40,37231,卖盘
300,09:45:01,9.31,0.01,249,231781,买盘
301,09:45:04,9.31,0.0,77,71687,卖盘
302,09:45:07,9.3,-0.01,229,212979,卖盘
303,09:45:10,9.31,0.01,58,53941,买盘
304,09:45:13,9.32,0.01,202,188266,买盘
305,09:45:16,9.31,-0.01,308,286977,卖盘
306,09:45:19,9.33,0.02,650,605807,买盘
307,09:45:22,9.31,-0.02,327,304875,中性盘
308,09:45:25,9.3,-0.01,183,170474,卖盘
309,09:45:28,9.33,0.03,10,9330,买盘
310,09:45:31,9.33,0.0,53,49449,卖盘
311,09:45:34,9.34,0.01,253,236166,买盘
312,09:45:37,9.35,0.01,206,192376,买盘
313,09:45:40,9.35,0.0,49,45819,卖盘
314,09:45:43,9.36,0.01,133,124429,买盘
315,09:45:46,9.35,-0.01,107,100103,卖盘
316,09:45:49,9.37,0.02,20,18735,买盘
317,09:45:52,9.37,0.0,432,404937,买盘
318,09:45:54,9.38,0.01,25,23435,中性盘
319,09:45:58,9.4,0.02,262,246222,买盘
320,09:46:00,9.4,0.0,67,62872,买盘
321,09:46:04,9.39,-0.01,102,95739,卖盘
322,09:46:07,9.4,0.01,340,319729,买盘
323,09:46:10,9.37,-0.03,112,105112,卖盘
324,09:46:13,9.4,0.03,336,315189,买盘
325,09:46:15,9.35,-0.05,487,455367,卖盘
326,09:46:19,9.34,-0.01,372,347520,卖盘
327,09:46:22,9.31,-0.03,256,238811,卖盘
328,09:46:25,9.29,-0.02,286,266047,卖盘
329,09:46:28,9.31,0.02,23,21393,买盘
330,09:46:31,9.29,-0.02,215,199658,卖盘
331,09:46:33,9.28,-0.01,36,33408,卖盘
332,09:46:36,9.26,-0.02,330,306266,卖盘
333,09:46:39,9.26,0.0,333,309255,卖盘
334,09:46:43,9.23,-0.03,492,454407,卖盘
335,09:46:46,9.23,0.0,21,19383,买盘
336,09:46:49,9.21,-0.02,379,348724,卖盘
337,09:46:52,9.19,-0.02,47,43182,中性盘
338,09:46:55,9.21,0.02,31,28487,买盘
339,09:46:58,9.17,-0.04,58,53201,卖盘
340,09:47:01,9.19,0.02,706,646200,买盘
341,09:47:04,9.17,-0.02,39,35740,中性盘
342,09:47:07,9.16,-0.01,41,37553,买盘
343,09:47:09,9.16,0.0,14,12824,买盘
344,09:47:12,9.16,0.0,385,352707,买盘
345,09:47:16,9.18,0.02,1026,940196,中性盘
346,09:47:18,9.2,0.02,174,159709,买盘
347,09:47:22,9.19,-0.01,44,40405,中性盘
348,09:47:25,9.2,0.01,604,554524,买盘
349,09:47:28,9.2,0.0,17,15650,卖盘
350,09:47:31,9.22,0.02,961,886054,买盘
351,09:47:34,9.29,0.07,75,69444,买盘
352,09:47:39,9.3,0.01,13,12085,买盘
353,09:47:43,9.3,0.0,3,2790,买盘
354,09:47:46,9.29,-0.01,36,33466,卖盘
355,09:47:49,9.29,0.0,99,92006,卖盘
356,09:47:52,9.29,0.0,75,69685,买盘
357,09:47:55,9.29,0.0,42,39019,卖盘
358,09:47:57,9.25,-0.04,18,16702,卖盘
359,09:48:01,9.28,0.03,47,43616,买盘
360,09:48:04,9.33,0.05,842,782253,买盘
361,09:48:07,9.33,0.0,20,18660,卖盘
362,09:48:09,9.33,0.0,85,79305,卖盘
363,09:48:12,9.33,0.0,290,270795,卖盘
364,09:48:15,9.38,0.05,188,175662,买盘
365,09:48:19,9.34,-0.04,87,81308,卖盘
366,09:48:21,9.35,0.01,104,97136,买盘
367,09:48:24,9.38,0.03,34,31792,买盘
368,09:48:28,9.37,-0.01,48,44965,买盘
369,09:48:31,9.36,-0.01,10,9360,卖盘
370,09:48:33,9.4,0.04,520,488469,买盘
371,09:48:37,9.42,0.02,238,223776,买盘
372,09:48:39,9.43,0.01,50,47464,买盘
373,09:48:43,9.42,-0.01,309,291380,卖盘
374,09:48:46,9.45,0.03,142,133895,买盘
375,09:48:49,9.45,0.0,178,167861,买盘
376,09:48:52,9.45,0.0,284,268150,买盘
377,09:48:55,9.45,0.0,9,8510,卖盘
378,09:48:58,9.45,0.0,616,582418,卖盘
379,09:49:01,9.45,0.0,340,321300,买盘
380,09:49:04,9.45,0.0,142,134162,买盘
381,09:49:06,9.45,0.0,528,498456,买盘
382,09:49:10,9.42,-0.03,169,159067,卖盘
383,09:49:13,9.42,0.0,45,42390,买盘
384,09:49:16,9.42,0.0,29,27306,买盘
385,09:49:19,9.37,-0.05,187,175572,卖盘
386,09:49:21,9.37,0.0,59,55283,买盘
387,09:49:25,9.35,-0.02,220,205900,卖盘
388,09:49:28,9.35,0.0,21,19643,卖盘
389,09:49:31,9.34,-0.01,232,216707,卖盘
390,09:49:34,9.35,0.01,129,120615,买盘
391,09:49:37,9.34,-0.01,48,44833,卖盘
392,09:49:39,9.34,0.0,870,812303,买盘
393,09:49:42,9.33,-0.01,33,30727,中性盘
394,09:49:46,9.3,-0.03,18,16763,卖盘
395,09:49:49,9.3,0.0,51,47535,买盘
396,09:49:55,9.28,-0.02,12,11140,卖盘
397,09:49:58,9.3,0.02,66,61271,买盘
398,09:50:01,9.28,-0.02,23,21359,卖盘
399,09:50:04,9.27,-0.01,29,26902,卖盘
400,09:50:07,9.27,0.0,210,194669,买盘
401,09:50:10,9.26,-0.01,71,65796,卖盘
402,09:50:13,9.24,-0.02,91,84159,卖盘
403,09:50:15,9.24,0.0,24,22176,买盘
404,09:50:18,9.24,0.0,52,48040,买盘
405,09:50:21,9.26,0.02,77,71178,买盘
406,09:50:25,9.24,-0.02,78,72076,卖盘
407,09:50:28,9.23,-0.01,424,391423,卖盘
408,09:50:31,9.23,0.0,64,59072,买盘
409,09:50:34,9.23,0.0,77,71071,买盘
410,09:50:37,9.23,0.0,59,54429,买盘
411,09:50:40,9.23,0.0,68,62762,买盘
412,09:50:43,9.23,0.0,235,216926,买盘
413,09:50:46,9.22,-0.01,57,52597,卖盘
414,09:50:48,9.23,0.01,53,48947,卖盘
415,09:50:52,9.23,0.0,41,37854,卖盘
416,09:50:55,9.22,-0.01,257,237105,卖盘
417,09:50:58,9.23,0.01,116,106955,买盘
418,09:51:00,9.23,0.0,607,559125,买盘
419,09:51:05,9.23,0.0,46,42493,卖盘
420,09:51:07,9.24,0.01,2,1848,买盘
421,09:51:10,9.24,0.0,41,37884,卖盘
422,09:51:13,9.24,0.0,30,27720,卖盘
423,09:51:16,9.25,0.01,62,57315,买盘
424,09:51:19,9.25,0.0,153,141525,买盘
425,09:51:22,9.25,0.0,417,385038,买盘
426,09:51:25,9.25,0.0,284,262713,卖盘
427,09:51:28,9.26,0.01,70,64729,买盘
428,09:51:31,9.32,0.06,86,79843,买盘
429,09:51:39,9.27,-0.05,193,180016,卖盘
430,09:51:48,9.32,0.05,45,41963,卖盘
431,09:51:51,9.3,-0.02,2,1860,卖盘
432,09:51:54,9.3,0.0,62,57660,买盘
433,09:51:58,9.32,0.02,11,10242,买盘
434,09:52:01,9.32,0.0,15,13964,买盘
435,09:52:04,9.32,0.0,52,48392,买盘
436,09:52:07,9.32,0.0,91,84812,买盘
437,09:52:09,9.32,0.0,139,129459,买盘
438,09:52:12,9.32,0.0,85,79088,买盘
439,09:52:15,9.31,-0.01,87,81039,中性盘
440,09:52:19,9.31,0.0,311,289309,买盘
441,09:52:22,9.3,-0.01,87,80900,中性盘
442,09:52:25,9.28,-0.02,20,18596,卖盘
443,09:52:28,9.28,0.0,5,4640,卖盘
444,09:52:31,9.3,0.02,16,14880,买盘
445,09:52:34,9.3,0.0,11,10230,买盘
446,09:52:37,9.29,-0.01,71,65903,中性盘
447,09:52:43,9.27,-0.02,34,31539,卖盘
448,09:52:46,9.27,0.0,28,25991,卖盘
449,09:52:49,9.29,0.02,10,9285,买盘
450,09:52:52,9.28,-0.01,49,45460,卖盘
451,09:52:55,9.28,0.0,30,27875,卖盘
452,09:52:58,9.28,0.0,5,4640,卖盘
453,09:53:00,9.27,-0.01,129,119702,卖盘
454,09:53:04,9.29,0.02,123,114154,买盘
455,09:53:07,9.29,0.0,48,44592,卖盘
456,09:53:13,9.27,-0.02,35,32445,卖盘
457,09:53:16,9.28,0.01,10,9275,买盘
458,09:53:19,9.28,0.0,15,13920,买盘
459,09:53:21,9.27,-0.01,6,5562,卖盘
460,09:53:24,9.26,-0.01,10,9260,卖盘
461,09:53:28,9.27,0.01,55,50970,买盘
462,09:53:31,9.26,-0.01,278,257428,卖盘
463,09:53:33,9.25,-0.01,191,176681,卖盘
464,09:53:37,9.25,0.0,108,99913,卖盘
465,09:53:40,9.26,0.01,14,12964,买盘
466,09:53:43,9.25,-0.01,110,101750,卖盘
467,09:53:46,9.25,0.0,86,79550,买盘
468,09:53:49,9.25,0.0,822,760350,买盘
469,09:53:52,9.25,0.0,18,16650,买盘
470,09:53:55,9.25,0.0,37,34225,买盘
471,09:53:58,9.25,0.0,153,141539,卖盘
472,09:54:01,9.25,0.0,7,6480,卖盘
473,09:54:04,9.24,-0.01,29,26823,卖盘
474,09:54:06,9.25,0.01,129,119525,中性盘
475,09:54:09,9.25,0.0,319,295080,卖盘
476,09:54:13,9.25,0.0,1,925,卖盘
477,09:54:15,9.25,0.0,28,25908,卖盘
478,09:54:18,9.27,0.02,31,28679,买盘
479,09:54:22,9.25,-0.02,225,208176,卖盘
480,09:54:25,9.28,0.03,181,167676,买盘
481,09:54:28,9.25,-0.03,42,38877,卖盘
482,09:54:31,9.25,0.0,18,16662,卖盘
483,09:54:34,9.28,0.03,68,63073,买盘
484,09:54:37,9.28,0.0,110,101780,买盘
485,09:54:40,9.28,0.0,79,73312,买盘
486,09:54:43,9.27,-0.01,35,32398,卖盘
487,09:54:46,9.28,0.01,324,299192,买盘
488,09:54:48,9.27,-0.01,25,23188,买盘
489,09:54:55,9.27,0.0,58,53766,买盘
490,09:55:01,9.26,-0.01,108,100110,卖盘
491,09:55:04,9.23,-0.03,32,29587,卖盘
492,09:55:07,9.27,0.04,43,39850,买盘
493,09:55:09,9.25,-0.02,64,59322,中性盘
494,09:55:13,9.24,-0.01,22,20328,买盘
495,09:55:16,9.26,0.02,5,4626,买盘
496,09:55:19,9.27,0.01,339,312542,买盘
497,09:55:25,9.24,-0.03,100,92408,卖盘
498,09:55:28,9.27,0.03,146,135300,买盘
499,09:55:31,9.23,-0.04,42,38814,卖盘
500,09:55:34,9.24,0.01,10,9235,买盘
501,09:55:37,9.24,0.0,52,48048,买盘
502,09:55:39,9.23,-0.01,253,233519,卖盘
503,09:55:43,9.22,-0.01,16,14756,卖盘
504,09:55:46,9.21,-0.01,749,689296,卖盘
505,09:55:49,9.2,-0.01,32,29440,卖盘
506,09:55:51,9.18,-0.02,79,72598,卖盘
507,09:55:55,9.2,0.02,191,175489,买盘
508,09:55:58,9.16,-0.04,41,37580,卖盘
509,09:56:01,9.18,0.02,196,179898,买盘
510,09:56:04,9.21,0.03,143,131622,买盘
511,09:56:06,9.21,0.0,94,86568,买盘
512,09:56:09,9.16,-0.05,243,222650,卖盘
513,09:56:13,9.21,0.05,142,130270,买盘
514,09:56:16,9.17,-0.04,202,185048,卖盘
515,09:56:19,9.2,0.03,18,16516,中性盘
516,09:56:22,9.2,0.0,6,5511,买盘
517,09:56:25,9.2,0.0,15,13800,买盘
518,09:56:28,9.17,-0.03,40,36699,卖盘
519,09:56:31,9.2,0.03,14,12880,买盘
520,09:56:37,9.2,0.0,328,300787,买盘
521,09:56:40,9.2,0.0,1,920,买盘
522,09:56:43,9.16,-0.04,38,34840,卖盘
523,09:56:46,9.21,0.05,54,49583,买盘
524,09:56:48,9.2,-0.01,1,920,中性盘
525,09:56:51,9.17,-0.03,31,28427,卖盘
526,09:56:55,9.17,0.0,3,2757,卖盘
527,09:56:58,9.16,-0.01,20,18338,卖盘
528,09:57:01,9.2,0.04,41,37720,买盘
529,09:57:04,9.2,0.0,18,16542,买盘
530,09:57:06,9.17,-0.03,24,22013,卖盘
531,09:57:10,9.17,0.0,53,48649,卖盘
532,09:57:13,9.2,0.03,80,73553,买盘
533,09:57:16,9.2,0.0,42,38640,卖盘
534,09:57:18,9.2,0.0,95,87400,买盘
535,09:57:22,9.2,0.0,200,184000,买盘
536,09:57:25,9.2,0.0,105,96600,买盘
537,09:57:28,9.17,-0.03,264,242341,卖盘
538,09:57:31,9.17,0.0,19,17423,买盘
539,09:57:34,9.19,0.02,28,25688,买盘
540,09:57:36,9.19,0.0,13,11937,买盘
541,09:57:40,9.2,0.01,120,110330,买盘
542,09:57:46,9.19,-0.01,120,110280,卖盘
543,09:57:49,9.2,0.01,49,45071,买盘
544,09:57:52,9.19,-0.01,37,34039,中性盘
545,09:57:55,9.19,0.0,12,11028,买盘
546,09:57:58,9.18,-0.01,51,46829,卖盘
547,09:58:01,9.19,0.01,18,16536,买盘
548,09:58:04,9.18,-0.01,30,27560,卖盘
549,09:58:06,9.17,-0.01,381,349684,卖盘
550,09:58:09,9.19,0.02,138,126817,买盘
551,09:58:13,9.18,-0.01,104,95506,卖盘
552,09:58:16,9.19,0.01,59,54197,买盘
553,09:58:19,9.19,0.0,4,3676,买盘
554,09:58:25,9.19,0.0,92,84471,买盘
555,09:58:27,9.19,0.0,30,27570,卖盘
556,09:58:31,9.21,0.02,128,117833,买盘
557,09:58:34,9.19,-0.02,19,17461,卖盘
558,09:58:37,9.21,0.02,11,10131,买盘
559,09:58:40,9.21,0.0,14,12894,买盘
560,09:58:43,9.22,0.01,157,144448,买盘
561,09:58:46,9.22,0.0,54,49788,买盘
562,09:58:48,9.22,0.0,68,62696,买盘
563,09:58:52,9.22,0.0,102,94044,卖盘
564,09:58:55,9.22,0.0,30,27671,卖盘
565,09:58:58,9.21,-0.01,100,92129,卖盘
566,09:59:01,9.21,0.0,16,14739,卖盘
567,09:59:04,9.23,0.02,21,19372,买盘
568,09:59:07,9.23,0.0,11,10143,买盘
569,09:59:16,9.24,0.01,39,36015,买盘
570,09:59:19,9.22,-0.02,20,18441,卖盘
571,09:59:22,9.23,0.01,42,38798,买盘
572,09:59:25,9.23,0.0,21,19383,买盘
573,09:59:28,9.23,0.0,183,168909,买盘
574,09:59:31,9.24,0.01,22,20328,买盘
575,09:59:34,9.23,-0.01,104,95974,卖盘
576,09:59:43,9.23,0.0,9,8307,买盘
577,09:59:46,9.26,0.03,309,285637,买盘
578,09:59:49,9.24,-0.02,27,24974,卖盘
579,09:59:52,9.24,0.0,2,1848,卖盘
580,09:59:55,9.23,-0.01,22,20287,买盘
581,09:59:58,9.26,0.03,15,13890,卖盘
582,10:00:01,9.26,0.0,21,19446,卖盘
583,10:00:06,9.25,-0.01,9,8325,买盘
584,10:00:10,9.25,0.0,87,80475,买盘
585,10:00:13,9.25,0.0,3,2775,买盘
586,10:00:15,9.27,0.02,49,45366,买盘
587,10:00:19,9.24,-0.03,126,116424,卖盘
588,10:00:22,9.24,0.0,34,31416,买盘
589,10:00:24,9.23,-0.01,153,141366,卖盘
590,10:00:28,9.23,0.0,30,27690,买盘
591,10:00:30,9.23,0.0,8,7382,买盘
592,10:00:33,9.23,0.0,57,52602,买盘
593,10:00:37,9.21,-0.02,25,23040,卖盘
594,10:00:40,9.22,0.01,3,2766,买盘
595,10:00:43,9.21,-0.01,30,27651,卖盘
596,10:00:46,9.2,-0.01,81,74575,卖盘
597,10:00:49,9.19,-0.01,10,9199,卖盘
598,10:00:51,9.2,0.01,200,184000,买盘
599,10:00:55,9.19,-0.01,17,15633,卖盘
600,10:00:58,9.18,-0.01,51,46860,卖盘
601,10:01:04,9.2,0.02,20,18389,买盘
602,10:01:07,9.2,0.0,26,23899,买盘
603,10:01:10,9.18,-0.02,7,6426,卖盘
604,10:01:16,9.2,0.02,17,15612,买盘
605,10:01:19,9.2,0.0,18,16560,买盘
606,10:01:22,9.19,-0.01,102,93645,卖盘
607,10:01:24,9.19,0.0,19,17472,卖盘
608,10:01:28,9.2,0.01,49,45080,买盘
609,10:01:31,9.2,0.0,32,29440,卖盘
610,10:01:34,9.2,0.0,2,1840,卖盘
611,10:01:36,9.2,0.0,5,4600,卖盘
612,10:01:40,9.2,0.0,5,4600,卖盘
613,10:01:43,9.2,0.0,40,36810,卖盘
614,10:01:46,9.19,-0.01,30,27580,卖盘
615,10:01:48,9.21,0.02,8,7358,买盘
616,10:01:52,9.2,-0.01,26,23899,中性盘
617,10:01:55,9.2,0.0,3,2760,买盘
618,10:01:57,9.2,0.0,10,9200,买盘
619,10:02:01,9.2,0.0,16,14720,买盘
620,10:02:04,9.2,0.0,1,920,买盘
621,10:02:07,9.2,0.0,26,23920,买盘
622,10:02:10,9.21,0.01,84,77354,买盘
623,10:02:12,9.17,-0.04,765,702718,卖盘
624,10:02:15,9.2,0.03,1,920,中性盘
625,10:02:22,9.2,0.0,10,9200,买盘
626,10:02:25,9.19,-0.01,31,28489,中性盘
627,10:02:28,9.18,-0.01,6,5512,卖盘
628,10:02:31,9.18,0.0,11,10098,卖盘
629,10:02:34,9.18,0.0,19,17442,买盘
630,10:02:36,9.18,0.0,28,25698,卖盘
631,10:02:40,9.18,0.0,1,918,买盘
632,10:02:43,9.17,-0.01,87,79789,卖盘
633,10:02:46,9.18,0.01,177,162479,买盘
634,10:02:49,9.17,-0.01,52,47734,卖盘
635,10:02:52,9.18,0.01,1,918,中性盘
636,10:02:55,9.18,0.0,11,10098,买盘
637,10:02:58,9.16,-0.02,13,11917,卖盘
638,10:03:01,9.18,0.02,76,69638,买盘
639,10:03:06,9.17,-0.01,5,4585,卖盘
640,10:03:09,9.18,0.01,121,110978,买盘
641,10:03:12,9.17,-0.01,78,71526,卖盘
642,10:03:15,9.18,0.01,13,11931,买盘
643,10:03:19,9.16,-0.02,10,9168,卖盘
644,10:03:22,9.18,0.02,9,8262,中性盘
645,10:03:25,9.18,0.0,5,4590,卖盘
646,10:03:28,9.18,0.0,19,17443,卖盘
647,10:03:31,9.18,0.0,184,168812,买盘
648,10:03:34,9.18,0.0,30,27540,卖盘
649,10:03:39,9.18,0.0,1,918,卖盘
650,10:03:43,9.19,0.01,33,30327,买盘
651,10:03:45,9.19,0.0,50,45950,买盘
652,10:03:49,9.18,-0.01,72,66112,卖盘
653,10:03:52,9.19,0.01,59,54220,买盘
654,10:03:55,9.18,-0.01,144,132192,卖盘
655,10:03:58,9.18,0.0,3,2754,买盘
656,10:04:04,9.18,0.0,22,20196,买盘
657,10:04:07,9.18,0.0,94,86292,买盘
658,10:04:10,9.18,0.0,45,41309,买盘
659,10:04:12,9.17,-0.01,53,48606,卖盘
660,10:04:15,9.18,0.01,20,18360,买盘
661,10:04:19,9.18,0.0,133,122094,买盘
662,10:04:21,9.18,0.0,13,11934,买盘
663,10:04:25,9.18,0.0,22,20196,买盘
664,10:04:28,9.18,0.0,73,66942,买盘
665,10:04:31,9.17,-0.01,22,20174,卖盘
666,10:04:34,9.17,0.0,12,11004,卖盘
667,10:04:36,9.18,0.01,11,10098,买盘
668,10:04:40,9.17,-0.01,57,52269,卖盘
669,10:04:43,9.18,0.01,15,13770,买盘
670,10:04:46,9.17,-0.01,9,8256,卖盘
671,10:04:48,9.18,0.01,27,24786,买盘
672,10:04:51,9.17,-0.01,82,75194,卖盘
673,10:04:55,9.17,0.0,115,105461,卖盘
674,10:04:58,9.17,0.0,9,8253,买盘
675,10:05:00,9.17,0.0,29,26593,买盘
676,10:05:04,9.18,0.01,92,84376,买盘
677,10:05:10,9.18,0.0,116,106474,买盘
678,10:05:13,9.17,-0.01,4,3668,卖盘
679,10:05:16,9.18,0.01,5,4590,买盘
680,10:05:19,9.16,-0.02,56,51323,卖盘
681,10:05:28,9.18,0.02,2,1836,买盘
682,10:05:31,9.18,0.0,12,11016,买盘
683,10:05:34,9.18,0.0,12,11009,买盘
684,10:05:37,9.17,-0.01,10,9170,卖盘
685,10:05:40,9.17,0.0,67,61439,卖盘
686,10:05:48,9.18,0.01,5,4590,买盘
687,10:05:51,9.18,0.0,20,18360,买盘
688,10:05:55,9.18,0.0,318,291924,买盘
689,10:05:58,9.18,0.0,9,8262,卖盘
690,10:06:01,9.18,0.0,200,183600,卖盘
691,10:06:07,9.19,0.01,4,3676,买盘
692,10:06:10,9.18,-0.01,285,261895,卖盘
693,10:06:12,9.19,0.01,23,21137,卖盘
694,10:06:15,9.18,-0.01,8,7344,卖盘
695,10:06:19,9.18,0.0,15,13770,卖盘
696,10:06:21,9.19,0.01,1,919,买盘
697,10:06:31,9.19,0.0,17,15623,买盘
698,10:06:37,9.19,0.0,5,4595,卖盘
699,10:06:39,9.2,0.01,41,37720,买盘
700,10:06:43,9.2,0.0,48,44132,买盘
701,10:06:49,9.2,0.0,6,5517,买盘
702,10:06:52,9.2,0.0,51,46918,买盘
703,10:06:55,9.2,0.0,4,3680,买盘
704,10:06:58,9.2,0.0,170,156400,买盘
705,10:07:01,9.2,0.0,148,136160,买盘
706,10:07:04,9.2,0.0,40,36800,买盘
707,10:07:07,9.2,0.0,6,5520,买盘
708,10:07:09,9.2,0.0,126,115920,买盘
709,10:07:12,9.2,0.0,79,72630,买盘
710,10:07:16,9.2,0.0,71,65320,买盘
711,10:07:25,9.2,0.0,54,49729,卖盘
712,10:07:27,9.22,0.02,22,20258,买盘
713,10:07:30,9.2,-0.02,26,23924,卖盘
714,10:07:34,9.22,0.02,49,45178,买盘
715,10:07:36,9.2,-0.02,100,92101,卖盘
716,10:07:43,9.2,0.0,60,55204,卖盘
717,10:07:49,9.19,-0.01,39,35867,卖盘
718,10:07:54,9.19,0.0,77,70763,卖盘
719,10:07:58,9.19,0.0,3,2757,买盘
720,10:08:01,9.19,0.0,23,21137,卖盘
721,10:08:04,9.19,0.0,5,4595,买盘
722,10:08:06,9.19,0.0,8,7352,买盘
723,10:08:09,9.19,0.0,86,79034,买盘
724,10:08:12,9.19,0.0,4,3676,买盘
725,10:08:16,9.19,0.0,12,11028,买盘
726,10:08:19,9.18,-0.01,1,918,卖盘
727,10:08:27,9.15,-0.03,1000,916746,卖盘
728,10:08:34,9.15,0.0,82,75120,卖盘
729,10:08:37,9.15,0.0,25,22878,卖盘
730,10:08:43,9.15,0.0,19,17430,卖盘
731,10:08:46,9.15,0.0,52,47580,卖盘
732,10:08:52,9.14,-0.01,53,48446,卖盘
733,10:08:55,9.14,0.0,18,16457,卖盘
734,10:09:01,9.14,0.0,29,26506,卖盘
735,10:09:04,9.14,0.0,115,105064,卖盘
736,10:09:07,9.13,-0.01,2,1826,卖盘
737,10:09:10,9.14,0.01,14,12796,买盘
738,10:09:13,9.13,-0.01,14,12782,卖盘
739,10:09:16,9.12,-0.01,55,50180,卖盘
740,10:09:19,9.13,0.01,1,913,买盘
741,10:09:22,9.13,0.0,1,913,买盘
742,10:09:25,9.12,-0.01,46,41952,卖盘
743,10:09:28,9.11,-0.01,133,121237,卖盘
744,10:09:31,9.1,-0.01,1209,1100285,卖盘
745,10:09:34,9.1,0.0,103,93730,卖盘
746,10:09:36,9.1,0.0,31,28210,卖盘
747,10:09:40,9.1,0.0,568,516902,卖盘
748,10:09:43,9.1,0.0,4,3640,买盘
749,10:09:46,9.09,-0.01,9,8181,卖盘
750,10:09:49,9.09,0.0,30,27245,买盘
751,10:09:52,9.09,0.0,41,37229,买盘
752,10:09:58,9.07,-0.02,61,55388,卖盘
753,10:10:00,9.08,0.01,2,1816,买盘
754,10:10:03,9.07,-0.01,66,59862,卖盘
755,10:10:06,9.06,-0.01,61,55299,卖盘
756,10:10:10,9.07,0.01,106,96104,买盘
757,10:10:12,9.04,-0.03,89,80540,卖盘
758,10:10:15,9.04,0.0,60,54240,买盘
759,10:10:18,9.04,0.0,228,206082,买盘
760,10:10:22,9.03,-0.01,57,51518,卖盘
761,10:10:24,9.04,0.01,64,57862,卖盘
762,10:10:27,9.02,-0.02,256,231213,卖盘
763,10:10:31,9.02,0.0,111,100213,卖盘
764,10:10:33,9.02,0.0,121,109212,卖盘
765,10:10:37,9.04,0.02,229,206490,买盘
766,10:10:39,9.03,-0.01,9,8123,中性盘
767,10:10:43,9.04,0.01,161,145517,买盘
768,10:10:45,9.03,-0.01,206,185627,中性盘
769,10:10:49,9.03,0.0,5,4517,卖盘
770,10:10:52,9.02,-0.01,90,81199,卖盘
771,10:10:55,9.01,-0.01,57,51422,卖盘
772,10:10:57,9.03,0.02,46,41553,买盘
773,10:11:01,9.02,-0.01,20,18040,买盘
774,10:11:04,9.03,0.01,64,57775,买盘
775,10:11:06,9.01,-0.02,260,234297,卖盘
776,10:11:09,9.03,0.02,323,291049,买盘
777,10:11:13,9.03,0.0,378,340320,买盘
778,10:11:16,9.0,-0.03,355,319562,卖盘
779,10:11:19,9.0,0.0,76,68408,卖盘
780,10:11:22,9.0,0.0,268,241210,卖盘
781,10:11:25,9.01,0.01,7,6305,买盘
782,10:11:28,9.0,-0.01,166,149400,卖盘
783,10:11:31,9.01,0.01,207,186300,买盘
784,10:11:34,9.01,0.0,33,29737,卖盘
785,10:11:37,9.0,-0.01,6,5400,买盘
786,10:11:40,9.0,0.0,59,53100,买盘
787,10:11:43,9.01,0.01,14,12604,买盘
788,10:11:46,9.01,0.0,56,50406,买盘
789,10:11:48,9.02,0.01,4,3608,买盘
790,10:11:51,9.01,-0.01,39,35149,卖盘
791,10:11:55,9.02,0.01,15,13523,买盘
792,10:11:58,9.02,0.0,13,11726,买盘
793,10:12:01,9.01,-0.01,30,27042,卖盘
794,10:12:04,9.03,0.02,1,903,买盘
795,10:12:07,9.03,0.0,40,36100,买盘
796,10:12:10,9.02,-0.01,131,118279,卖盘
797,10:12:13,9.03,0.01,18,16254,买盘
798,10:12:19,9.04,0.01,138,124752,买盘
799,10:12:22,9.04,0.0,57,51528,买盘
800,10:12:25,9.04,0.0,7,6328,买盘
801,10:12:28,9.04,0.0,39,35256,买盘
802,10:12:30,9.04,0.0,108,97629,买盘
803,10:12:34,9.07,0.03,26,23511,买盘
804,10:12:39,9.07,0.0,6,5442,买盘
805,10:12:43,9.07,0.0,4,3628,卖盘
806,10:12:45,9.08,0.01,6,5448,买盘
807,10:12:55,9.09,0.01,38,34542,买盘
808,10:12:58,9.11,0.02,2,1822,卖盘
809,10:13:01,9.12,0.01,10,9120,买盘
810,10:13:04,9.12,0.0,20,18240,卖盘
811,10:13:10,9.14,0.02,23,21019,买盘
812,10:13:12,9.14,0.0,76,69394,买盘
813,10:13:15,9.12,-0.02,147,134080,卖盘
814,10:13:19,9.12,0.0,34,30988,买盘
815,10:13:22,9.11,-0.01,173,157904,卖盘
816,10:13:25,9.11,0.0,26,23702,卖盘
817,10:13:27,9.14,0.03,11,10054,买盘
818,10:13:31,9.11,-0.03,8,7288,卖盘
819,10:13:34,9.14,0.03,34,31076,买盘
820,10:13:45,9.12,-0.02,1,912,卖盘
821,10:13:49,9.13,0.01,18,16434,买盘
822,10:13:55,9.14,0.01,41,37457,买盘
823,10:13:58,9.13,-0.01,25,22837,卖盘
824,10:14:04,9.13,0.0,68,62084,买盘
825,10:14:07,9.13,0.0,20,18260,卖盘
826,10:14:10,9.15,0.02,49,44791,买盘
827,10:14:15,9.15,0.0,1,915,卖盘
828,10:14:18,9.15,0.0,15,13730,卖盘
829,10:14:22,9.16,0.01,2,1832,买盘
830,10:14:28,9.16,0.0,7,6412,卖盘
831,10:14:31,9.16,0.0,20,18320,卖盘
832,10:14:34,9.16,0.0,11,10075,买盘
833,10:14:37,9.16,0.0,31,28396,买盘
834,10:14:40,9.16,0.0,25,22900,买盘
835,10:14:43,9.15,-0.01,20,18300,卖盘
836,10:14:45,9.16,0.01,63,57708,买盘
837,10:14:48,9.15,-0.01,60,54900,卖盘
838,10:14:51,9.15,0.0,32,29280,买盘
839,10:14:55,9.12,-0.03,4,3651,卖盘
840,10:14:58,9.15,0.03,103,94245,买盘
841,10:15:00,9.14,-0.01,12,10968,卖盘
842,10:15:04,9.14,0.0,94,85916,卖盘
843,10:15:07,9.14,0.0,48,43872,卖盘
844,10:15:09,9.13,-0.01,15,13697,中性盘
845,10:15:13,9.12,-0.01,2,1824,卖盘
846,10:15:16,9.12,0.0,28,25579,卖盘
847,10:15:19,9.11,-0.01,22,20054,卖盘
848,10:15:22,9.11,0.0,14,12755,卖盘
849,10:15:25,9.11,0.0,108,98388,卖盘
850,10:15:28,9.12,0.01,110,100151,买盘
851,10:15:34,9.1,-0.02,9,8190,卖盘
852,10:15:37,9.1,0.0,30,27300,卖盘
853,10:15:39,9.1,0.0,24,21840,卖盘
854,10:15:43,9.1,0.0,28,25480,卖盘
855,10:15:46,9.1,0.0,1,910,买盘
856,10:15:49,9.08,-0.02,13,11804,卖盘
857,10:15:55,9.07,-0.01,7,6349,卖盘
858,10:15:58,9.08,0.01,68,61732,买盘
859,10:16:00,9.06,-0.02,40,36240,卖盘
860,10:16:07,9.08,0.02,18,16340,买盘
861,10:16:10,9.1,0.02,95,86276,买盘
862,10:16:12,9.07,-0.03,12,10886,中性盘
863,10:16:16,9.07,0.0,7,6349,卖盘
864,10:16:22,9.07,0.0,3,2721,卖盘
865,10:16:25,9.08,0.01,20,18160,买盘
866,10:16:28,9.07,-0.01,77,69855,卖盘
867,10:16:31,9.1,0.03,1,910,买盘
868,10:16:39,9.08,-0.02,2,1816,卖盘
869,10:16:46,9.1,0.02,1,910,买盘
870,10:16:52,9.08,-0.02,1,908,卖盘
871,10:16:55,9.1,0.02,2,1820,买盘
872,10:17:01,9.1,0.0,12,10916,买盘
873,10:17:04,9.1,0.0,8,7276,买盘
874,10:17:07,9.08,-0.02,100,90807,卖盘
875,10:17:09,9.08,0.0,3,2724,卖盘
876,10:17:16,9.08,0.0,14,12715,卖盘
877,10:17:19,9.08,0.0,6,5448,卖盘
878,10:17:22,9.08,0.0,5,4540,卖盘
879,10:17:25,9.09,0.01,7,6363,买盘
880,10:17:27,9.08,-0.01,69,62655,卖盘
881,10:17:31,9.09,0.01,20,18180,买盘
882,10:17:36,9.09,0.0,20,18180,卖盘
883,10:17:42,9.09,0.0,1,909,卖盘
884,10:17:45,9.09,0.0,3,2727,卖盘
885,10:17:49,9.1,0.01,62,56414,买盘
886,10:17:51,9.09,-0.01,25,22725,卖盘
887,10:17:55,9.1,0.01,13,11830,买盘
888,10:18:04,9.1,0.0,17,15470,买盘
889,10:18:10,9.1,0.0,101,91910,买盘
890,10:18:13,9.09,-0.01,35,31815,卖盘
891,10:18:16,9.1,0.01,11,10010,买盘
892,10:18:18,9.1,0.0,2,1820,买盘
893,10:18:21,9.1,0.0,2,1820,买盘
894,10:18:25,9.1,0.0,6,5460,买盘
895,10:18:34,9.1,0.0,11,10010,买盘
896,10:18:40,9.1,0.0,2,1820,买盘
897,10:18:43,9.09,-0.01,36,32724,卖盘
898,10:18:49,9.09,0.0,17,15468,卖盘
899,10:18:55,9.09,0.0,1,909,卖盘
900,10:18:58,9.1,0.01,5,4550,买盘
901,10:19:10,9.09,-0.01,26,23634,卖盘
902,10:19:13,9.09,0.0,50,45450,卖盘
903,10:19:16,9.1,0.01,20,18200,买盘
904,10:19:27,9.09,-0.01,120,109080,卖盘
905,10:19:34,9.09,0.0,23,20907,卖盘
906,10:19:39,9.1,0.01,4,3637,买盘
907,10:19:43,9.09,-0.01,100,90900,卖盘
908,10:19:49,9.09,0.0,40,36360,卖盘
909,10:19:58,9.09,0.0,100,90900,卖盘
910,10:20:00,9.09,0.0,20,18180,卖盘
911,10:20:04,9.09,0.0,15,13635,卖盘
912,10:20:07,9.09,0.0,48,43632,卖盘
913,10:20:10,9.1,0.01,94,85510,买盘
914,10:20:19,9.08,-0.02,30,27240,卖盘
915,10:20:22,9.09,0.01,2,1818,买盘
916,10:20:27,9.09,0.0,10,9090,买盘
917,10:20:30,9.09,0.0,54,49086,买盘
918,10:20:40,9.09,0.0,26,23634,卖盘
919,10:20:45,9.09,0.0,14,12726,买盘
920,10:20:55,9.08,-0.01,10,9088,卖盘
921,10:21:00,9.1,0.02,9,8190,买盘
922,10:21:04,9.09,-0.01,5,4545,卖盘
923,10:21:07,9.09,0.0,3,2727,买盘
924,10:21:19,9.09,0.0,5,4545,买盘
925,10:21:22,9.08,-0.01,52,47242,卖盘
926,10:21:24,9.08,0.0,100,90806,卖盘
927,10:21:34,9.09,0.01,74,67277,卖盘
928,10:21:37,9.08,-0.01,59,53629,卖盘
929,10:21:43,9.09,0.01,28,25452,中性盘
930,10:21:46,9.09,0.0,65,59021,买盘
931,10:21:55,9.08,-0.01,41,37228,卖盘
932,10:22:00,9.08,0.0,10,9080,买盘
933,10:22:04,9.09,0.01,44,39974,买盘
934,10:22:10,9.1,0.01,92,83689,买盘
935,10:22:18,9.1,0.0,1,910,买盘
936,10:22:24,9.09,-0.01,11,9999,卖盘
937,10:22:27,9.1,0.01,37,33636,买盘
938,10:22:31,9.1,0.0,7,6370,买盘
939,10:22:36,9.1,0.0,2,1820,买盘
940,10:22:40,9.1,0.0,9,8190,买盘
941,10:22:43,9.1,0.0,106,96377,买盘
942,10:22:46,9.1,0.0,111,100910,买盘
943,10:22:49,9.1,0.0,50,45500,买盘
944,10:22:52,9.1,0.0,11,10010,买盘
945,10:22:55,9.1,0.0,55,50050,买盘
946,10:22:58,9.1,0.0,11,10010,买盘
947,10:23:01,9.1,0.0,38,34580,买盘
948,10:23:04,9.1,0.0,2,1820,买盘
949,10:23:06,9.1,0.0,5,4550,买盘
950,10:23:09,9.1,0.0,31,28210,买盘
951,10:23:13,9.1,0.0,10,9100,买盘
952,10:23:16,9.1,0.0,43,39130,买盘
953,10:23:19,9.1,0.0,10,9100,买盘
954,10:23:30,9.11,0.01,33,30040,买盘
955,10:23:37,9.11,0.0,1,911,卖盘
956,10:23:42,9.11,0.0,30,27330,卖盘
957,10:23:46,9.11,0.0,13,11843,卖盘
958,10:23:49,9.12,0.01,3,2736,买盘
959,10:23:58,9.12,0.0,1,912,买盘
960,10:24:01,9.12,0.0,27,24624,买盘
961,10:24:04,9.12,0.0,6,5472,买盘
962,10:24:07,9.12,0.0,74,67488,买盘
963,10:24:10,9.13,0.01,88,80328,买盘
964,10:24:13,9.12,-0.01,1,912,中性盘
965,10:24:19,9.13,0.01,12,10956,买盘
966,10:24:22,9.12,-0.01,16,14597,卖盘
967,10:24:27,9.13,0.01,11,10043,买盘
968,10:24:34,9.12,-0.01,71,64808,卖盘
969,10:24:40,9.14,0.02,35,31980,买盘
970,10:24:43,9.14,0.0,18,16452,买盘
971,10:24:46,9.14,0.0,10,9140,买盘
972,10:24:48,9.12,-0.02,102,93126,卖盘
973,10:24:52,9.14,0.02,37,33808,买盘
974,10:24:58,9.13,-0.01,5,4565,中性盘
975,10:25:04,9.14,0.01,10,9140,买盘
976,10:25:07,9.12,-0.02,8,7296,卖盘
977,10:25:19,9.14,0.02,4,3656,买盘
978,10:25:22,9.14,0.0,19,17366,买盘
979,10:25:31,9.15,0.01,1,915,买盘
980,10:25:33,9.15,0.0,101,92377,买盘
981,10:25:37,9.15,0.0,10,9150,买盘
982,10:25:40,9.15,0.0,5,4575,买盘
983,10:25:45,9.15,0.0,7,6405,买盘
984,10:25:55,9.15,0.0,21,19195,买盘
985,10:25:58,9.15,0.0,9,8235,买盘
986,10:26:01,9.14,-0.01,10,9140,卖盘
987,10:26:07,9.15,0.01,30,27450,买盘
988,10:26:09,9.15,0.0,100,91500,买盘
989,10:26:12,9.16,0.01,105,96090,买盘
990,10:26:24,9.16,0.0,5,4580,买盘
991,10:26:31,9.16,0.0,40,36640,买盘
992,10:26:34,9.16,0.0,1,916,买盘
993,10:26:43,9.16,0.0,6,5496,买盘
994,10:26:49,9.16,0.0,5,4580,买盘
995,10:26:52,9.16,0.0,11,10076,买盘
996,10:26:54,9.16,0.0,22,20152,买盘
997,10:26:58,9.15,-0.01,12,10980,卖盘
998,10:27:01,9.16,0.01,4,3664,买盘
999,10:27:04,9.16,0.0,2,1832,买盘
1000,10:27:09,9.16,0.0,3,2748,买盘
1001,10:27:12,9.15,-0.01,30,27450,卖盘
1002,10:27:16,9.16,0.01,9,8244,买盘
1003,10:27:19,9.13,-0.03,595,543843,卖盘
1004,10:27:22,9.15,0.02,114,104310,买盘
1005,10:27:25,9.15,0.0,30,27450,买盘
1006,10:27:34,9.15,0.0,11,10065,买盘
1007,10:27:37,9.15,0.0,18,16470,买盘
1008,10:27:40,9.13,-0.02,48,43824,卖盘
1009,10:27:46,9.13,0.0,54,49302,买盘
1010,10:27:49,9.13,0.0,32,29216,买盘
1011,10:27:52,9.13,0.0,15,13695,卖盘
1012,10:27:55,9.13,0.0,4,3652,卖盘
1013,10:27:57,9.1,-0.03,605,551106,卖盘
1014,10:28:06,9.1,0.0,54,49140,买盘
1015,10:28:10,9.1,0.0,20,18200,买盘
1016,10:28:13,9.09,-0.01,92,83719,卖盘
1017,10:28:16,9.1,0.01,1,910,买盘
1018,10:28:18,9.1,0.0,1,910,买盘
1019,10:28:25,9.09,-0.01,10,9090,卖盘
1020,10:28:31,9.09,0.0,20,18180,卖盘
1021,10:28:34,9.09,0.0,25,22725,卖盘
1022,10:28:37,9.09,0.0,1,909,卖盘
1023,10:28:39,9.09,0.0,56,50904,卖盘
1024,10:28:49,9.09,0.0,6,5456,卖盘
1025,10:29:04,9.09,0.0,30,27270,卖盘
1026,10:29:06,9.1,0.01,72,65502,买盘
1027,10:29:13,9.1,0.0,117,106388,买盘
1028,10:29:19,9.1,0.0,12,10920,买盘
1029,10:29:31,9.09,-0.01,5,4545,卖盘
1030,10:29:37,9.1,0.01,7,6370,买盘
1031,10:29:46,9.1,0.0,44,40026,买盘
1032,10:29:49,9.1,0.0,6,5460,买盘
1033,10:29:52,9.09,-0.01,49,44543,卖盘
1034,10:29:55,9.1,0.01,1,910,买盘
1035,10:29:58,9.1,0.0,4,3640,买盘
1036,10:30:04,9.09,-0.01,12,10908,卖盘
1037,10:30:07,9.09,0.0,30,27270,卖盘
1038,10:30:10,9.09,0.0,64,58176,卖盘
1039,10:30:12,9.1,0.01,81,73678,买盘
1040,10:30:19,9.08,-0.02,70,63644,卖盘
1041,10:30:34,9.08,0.0,49,44492,卖盘
1042,10:30:36,9.08,0.0,10,9080,卖盘
1043,10:30:46,9.08,0.0,42,38141,卖盘
1044,10:30:49,9.08,0.0,1,908,买盘
1045,10:30:55,9.07,-0.01,2,1814,卖盘
1046,10:30:57,9.08,0.01,1,908,买盘
1047,10:31:07,9.08,0.0,81,73547,买盘
1048,10:31:19,9.07,-0.01,10,9070,卖盘
1049,10:31:25,9.08,0.01,39,35412,买盘
1050,10:31:31,9.08,0.0,100,90800,卖盘
1051,10:31:40,9.09,0.01,15,13635,买盘
1052,10:31:42,9.08,-0.01,59,53585,卖盘
1053,10:31:45,9.1,0.02,33,30019,买盘
1054,10:31:49,9.1,0.0,40,36400,买盘
1055,10:31:51,9.1,0.0,15,13650,卖盘
1056,10:32:01,9.12,0.02,20,18240,买盘
1057,10:32:04,9.12,0.0,3,2736,买盘
1058,10:32:13,9.13,0.01,87,79354,买盘
1059,10:32:16,9.13,0.0,1,913,卖盘
1060,10:32:24,9.13,0.0,4,3652,卖盘
1061,10:32:36,9.14,0.01,152,138928,买盘
1062,10:32:43,9.14,0.0,10,9140,买盘
1063,10:32:49,9.13,-0.01,3,2739,卖盘
1064,10:32:58,9.13,0.0,1,913,买盘
1065,10:33:04,9.13,0.0,3,2739,买盘
1066,10:33:13,9.13,0.0,8,7304,买盘
1067,10:33:16,9.13,0.0,13,11861,买盘
1068,10:33:22,9.13,0.0,5,4565,买盘
1069,10:33:28,9.13,0.0,187,170731,买盘
1070,10:33:34,9.12,-0.01,15,13680,卖盘
1071,10:33:40,9.12,0.0,2,1824,买盘
1072,10:33:43,9.13,0.01,12,10954,买盘
1073,10:33:52,9.13,0.0,132,120515,买盘
1074,10:33:55,9.12,-0.01,9,8208,卖盘
1075,10:34:01,9.12,0.0,1,912,卖盘
1076,10:34:03,9.12,0.0,9,8210,卖盘
1077,10:34:09,9.12,0.0,10,9120,买盘
1078,10:34:13,9.13,0.01,98,89442,买盘
1079,10:34:28,9.13,0.0,10,9130,买盘
1080,10:34:36,9.13,0.0,18,16434,买盘
1081,10:34:39,9.13,0.0,7,6391,买盘
1082,10:34:42,9.13,0.0,20,18260,买盘
1083,10:34:46,9.13,0.0,12,10946,买盘
1084,10:34:49,9.13,0.0,30,27380,买盘
1085,10:34:52,9.12,-0.01,1,912,买盘
1086,10:35:00,9.12,0.0,10,9120,买盘
1087,10:35:04,9.12,0.0,7,6384,买盘
1088,10:35:07,9.12,0.0,3,2736,买盘
1089,10:35:19,9.13,0.01,2,1826,买盘
1090,10:35:31,9.12,-0.01,14,12768,卖盘
1091,10:35:37,9.12,0.0,1,912,买盘
1092,10:35:46,9.12,0.0,1,912,买盘
1093,10:35:55,9.12,0.0,39,35568,买盘
1094,10:35:58,9.12,0.0,3,2736,卖盘
1095,10:36:01,9.11,-0.01,12,10932,卖盘
1096,10:36:09,9.13,0.02,92,83989,买盘
1097,10:36:12,9.11,-0.02,15,13665,卖盘
1098,10:36:31,9.11,0.0,2,1822,卖盘
1099,10:36:33,9.12,0.01,8,7296,买盘
1100,10:36:37,9.12,0.0,1,912,卖盘
1101,10:36:43,9.11,-0.01,40,36443,卖盘
1102,10:36:55,9.13,0.02,1,913,买盘
1103,10:37:18,9.12,-0.01,10,9120,买盘
1104,10:37:24,9.12,0.0,6,5472,买盘
1105,10:37:31,9.12,0.0,14,12768,买盘
1106,10:37:37,9.11,-0.01,10,9116,卖盘
1107,10:37:39,9.12,0.01,6,5472,卖盘
1108,10:37:46,9.11,-0.01,2,1822,卖盘
1109,10:37:49,9.11,0.0,20,18220,买盘
1110,10:38:12,9.12,0.01,80,72922,买盘
1111,10:38:19,9.12,0.0,21,19152,卖盘
1112,10:38:21,9.13,0.01,14,12778,买盘
1113,10:38:39,9.11,-0.02,18,16404,中性盘
1114,10:38:45,9.11,0.0,10,9110,买盘
1115,10:38:52,9.11,0.0,4,3644,买盘
1116,10:38:55,9.11,0.0,5,4555,买盘
1117,10:39:07,9.11,0.0,8,7288,买盘
1118,10:39:10,9.1,-0.01,20,18200,卖盘
1119,10:39:12,9.11,0.01,1,911,买盘
1120,10:39:19,9.12,0.01,3,2736,买盘
1121,10:39:25,9.11,-0.01,6,5466,卖盘
1122,10:39:28,9.11,0.0,115,104768,卖盘
1123,10:39:36,9.12,0.01,12,10937,买盘
1124,10:39:43,9.11,-0.01,77,70147,卖盘
1125,10:39:49,9.11,0.0,12,10932,买盘
1126,10:39:55,9.11,0.0,2,1822,买盘
1127,10:40:06,9.1,-0.01,115,104650,卖盘
1128,10:40:13,9.1,0.0,103,93725,买盘
1129,10:40:19,9.1,0.0,6,5460,买盘
1130,10:40:22,9.09,-0.01,1,909,卖盘
1131,10:40:24,9.1,0.01,189,171812,买盘
1132,10:40:28,9.09,-0.01,3,2727,卖盘
1133,10:40:34,9.09,0.0,1,909,卖盘
1134,10:40:39,9.08,-0.01,50,45404,卖盘
1135,10:40:55,9.1,0.02,14,12740,买盘
1136,10:41:13,9.1,0.0,98,89160,买盘
1137,10:41:16,9.08,-0.02,29,26332,卖盘
1138,10:41:22,9.08,0.0,10,9080,卖盘
1139,10:41:25,9.07,-0.01,381,345639,卖盘
1140,10:41:37,9.07,0.0,24,21754,买盘
1141,10:41:42,9.06,-0.01,8,7249,卖盘
1142,10:41:49,9.06,0.0,71,64334,卖盘
1143,10:41:57,9.06,0.0,15,13590,卖盘
1144,10:42:04,9.06,0.0,2,1812,卖盘
1145,10:42:07,9.06,0.0,29,26274,卖盘
1146,10:42:13,9.07,0.01,92,83444,买盘
1147,10:42:16,9.06,-0.01,10,9060,卖盘
1148,10:42:19,9.07,0.01,72,65287,买盘
1149,10:42:22,9.07,0.0,35,31723,买盘
1150,10:42:24,9.06,-0.01,10,9060,卖盘
1151,10:42:27,9.06,0.0,2,1812,卖盘
1152,10:42:34,9.06,0.0,10,9060,卖盘
1153,10:42:37,9.07,0.01,5,4535,买盘
1154,10:42:39,9.07,0.0,11,9977,买盘
1155,10:42:42,9.06,-0.01,58,52605,卖盘
1156,10:42:48,9.06,0.0,52,47112,卖盘
1157,10:43:12,9.07,0.01,30,27210,买盘
1158,10:43:15,9.07,0.0,5,4535,卖盘
1159,10:43:18,9.06,-0.01,53,48040,卖盘
1160,10:43:21,9.06,0.0,150,135900,卖盘
1161,10:43:46,9.07,0.01,5,4535,卖盘
1162,10:43:52,9.09,0.02,10,9090,买盘
1163,10:44:01,9.09,0.0,25,22725,买盘
1164,10:44:16,9.09,0.0,115,104620,卖盘
1165,10:44:22,9.09,0.0,53,48177,卖盘
1166,10:44:34,9.09,0.0,10,9090,买盘
1167,10:44:43,9.08,-0.01,41,37228,卖盘
1168,10:44:46,9.08,0.0,2,1816,买盘
1169,10:45:00,9.07,-0.01,10,9075,卖盘
1170,10:45:04,9.08,0.01,2,1816,买盘
1171,10:45:15,9.09,0.01,6,5454,买盘
1172,10:45:22,9.08,-0.01,31,28148,卖盘
1173,10:45:24,9.09,0.01,20,18180,买盘
1174,10:45:40,9.09,0.0,11,9999,买盘
1175,10:45:43,9.09,0.0,104,94536,买盘
1176,10:45:49,9.09,0.0,29,26361,卖盘
1177,10:45:55,9.1,0.01,68,61824,买盘
1178,10:46:13,9.1,0.0,67,60969,买盘
1179,10:46:16,9.1,0.0,23,20930,卖盘
1180,10:46:19,9.08,-0.02,20,18160,卖盘
1181,10:46:21,9.09,0.01,8,7272,买盘
1182,10:46:28,9.09,0.0,17,15453,买盘
1183,10:46:40,9.09,0.0,5,4545,买盘
1184,10:46:45,9.09,0.0,4,3636,买盘
1185,10:47:06,9.09,0.0,5,4545,买盘
1186,10:47:09,9.08,-0.01,20,18160,卖盘
1187,10:47:13,9.08,0.0,15,13620,卖盘
1188,10:47:19,9.08,0.0,5,4540,卖盘
1189,10:47:34,9.08,0.0,167,151636,卖盘
1190,10:47:49,9.08,0.0,6,5448,买盘
1191,10:47:58,9.04,-0.04,636,576050,卖盘
1192,10:48:01,9.03,-0.01,2,1806,卖盘
1193,10:48:10,9.03,0.0,42,37926,卖盘
1194,10:48:15,9.07,0.04,102,92251,买盘
1195,10:48:22,9.04,-0.03,1,904,卖盘
1196,10:48:30,9.04,0.0,3,2712,卖盘
1197,10:48:34,9.04,0.0,21,18984,卖盘
1198,10:48:39,9.04,0.0,6,5424,卖盘
1199,10:48:42,9.0,-0.04,743,669491,卖盘
1200,10:48:46,9.0,0.0,28,25200,买盘
1201,10:48:49,8.99,-0.01,140,125867,卖盘
1202,10:48:52,9.0,0.01,101,90704,买盘
1203,10:48:54,8.98,-0.02,90,80845,卖盘
1204,10:48:58,8.93,-0.05,246,220510,卖盘
1205,10:49:01,8.98,0.05,1784,1590874,买盘
1206,10:49:04,8.89,-0.09,1,889,卖盘
1207,10:49:07,8.9,0.01,57,50679,卖盘
1208,10:49:09,8.93,0.03,153,136410,买盘
1209,10:49:12,8.9,-0.03,14,12460,卖盘
1210,10:49:16,8.93,0.03,82,73226,买盘
1211,10:49:18,8.9,-0.03,38,33856,卖盘
1212,10:49:21,8.93,0.03,2,1786,买盘
1213,10:49:25,8.91,-0.02,32,28516,卖盘
1214,10:49:28,8.91,0.0,10,8910,卖盘
1215,10:49:31,8.93,0.02,19,16933,买盘
1216,10:49:37,8.93,0.0,80,71420,买盘
1217,10:49:40,8.91,-0.02,5,4455,卖盘
1218,10:49:43,8.93,0.02,33,29469,买盘
1219,10:49:48,8.91,-0.02,50,44594,卖盘
1220,10:49:52,8.93,0.02,5,4465,卖盘
1221,10:49:58,8.93,0.0,222,197928,卖盘
1222,10:50:01,8.93,0.0,62,55366,买盘
1223,10:50:04,8.93,0.0,45,40211,卖盘
1224,10:50:06,8.94,0.01,23,20562,买盘
1225,10:50:09,8.93,-0.01,61,54418,买盘
1226,10:50:13,8.9,-0.03,208,185250,卖盘
1227,10:50:16,8.95,0.05,91,81405,买盘
1228,10:50:18,8.93,-0.02,28,24999,卖盘
1229,10:50:22,8.93,0.0,42,37506,买盘
1230,10:50:24,8.95,0.02,20,17900,买盘
1231,10:50:30,8.95,0.0,8,7160,买盘
1232,10:50:33,8.95,0.0,2,1790,买盘
1233,10:50:40,8.95,0.0,7,6265,买盘
1234,10:50:43,8.93,-0.02,26,23228,卖盘
1235,10:50:46,8.93,0.0,60,53600,卖盘
1236,10:50:49,8.97,0.04,6,5381,买盘
1237,10:50:52,8.96,-0.01,1,896,卖盘
1238,10:50:58,8.97,0.01,2,1794,买盘
1239,10:51:00,8.97,0.0,72,64584,买盘
1240,10:51:06,8.98,0.01,9,8082,买盘
1241,10:51:09,8.97,-0.01,4,3588,卖盘
1242,10:51:13,8.97,0.0,10,8970,卖盘
1243,10:51:16,8.97,0.0,29,26023,卖盘
1244,10:51:19,8.97,0.0,5,4485,买盘
1245,10:51:25,8.96,-0.01,20,17920,卖盘
1246,10:51:28,8.98,0.02,190,170506,买盘
1247,10:51:33,8.97,-0.01,5,4485,卖盘
1248,10:51:36,8.97,0.0,11,9867,卖盘
1249,10:51:40,8.97,0.0,2,1794,买盘
1250,10:51:43,8.97,0.0,22,19734,买盘
1251,10:51:49,8.96,-0.01,58,51990,卖盘
1252,10:51:52,8.97,0.01,55,49295,买盘
1253,10:51:54,8.96,-0.01,3,2688,卖盘
1254,10:51:57,8.96,0.0,51,45696,卖盘
1255,10:52:04,8.97,0.01,37,33153,买盘
1256,10:52:12,8.96,-0.01,5,4480,卖盘
1257,10:52:16,8.98,0.02,122,109458,买盘
1258,10:52:19,8.97,-0.01,1,897,卖盘
1259,10:52:24,8.97,0.0,38,34086,卖盘
1260,10:52:28,8.97,0.0,10,8975,卖盘
1261,10:52:30,8.98,0.01,11,9878,买盘
1262,10:52:33,8.99,0.01,3,2697,买盘
1263,10:52:36,8.99,0.0,100,89900,买盘
1264,10:52:39,8.98,-0.01,4,3592,卖盘
1265,10:52:42,8.97,-0.01,53,47577,卖盘
1266,10:52:48,8.99,0.02,8,7192,买盘
1267,10:52:54,8.99,0.0,17,15283,卖盘
1268,10:53:01,9.0,0.01,10,9000,买盘
1269,10:53:04,9.0,0.0,30,27000,买盘
1270,10:53:07,9.0,0.0,25,22500,买盘
1271,10:53:09,9.0,0.0,12,10799,买盘
1272,10:53:12,9.0,0.0,28,25200,买盘
1273,10:53:15,9.0,0.0,33,29700,买盘
1274,10:53:19,9.0,0.0,20,18000,买盘
1275,10:53:21,9.0,0.0,16,14400,买盘
1276,10:53:24,8.99,-0.01,58,52195,卖盘
1277,10:53:27,8.99,0.0,170,152970,卖盘
1278,10:53:33,8.99,0.0,10,8990,卖盘
1279,10:53:40,9.0,0.01,1,900,买盘
1280,10:53:43,9.0,0.0,20,18000,买盘
1281,10:53:45,9.0,0.0,58,52200,买盘
1282,10:53:51,9.0,0.0,6,5396,买盘
1283,10:53:55,8.99,-0.01,51,45850,卖盘
1284,10:53:57,9.0,0.01,43,38700,买盘
1285,10:54:04,9.0,0.0,7,6300,买盘
1286,10:54:06,9.0,0.0,26,23391,买盘
1287,10:54:10,9.0,0.0,4,3600,买盘
1288,10:54:12,9.0,0.0,189,170100,买盘
1289,10:54:16,9.0,0.0,116,104400,买盘
1290,10:54:19,9.0,0.0,10,9000,买盘
1291,10:54:22,9.0,0.0,29,26100,买盘
1292,10:54:25,8.99,-0.01,43,38657,卖盘
1293,10:54:28,9.0,0.01,12,10791,买盘
1294,10:54:31,8.99,-0.01,9,8091,买盘
1295,10:54:43,8.99,0.0,50,44950,买盘
1296,10:54:49,8.98,-0.01,114,102374,卖盘
1297,10:54:51,8.99,0.01,98,88015,买盘
1298,10:54:55,8.98,-0.01,32,28763,卖盘
1299,10:55:01,8.98,0.0,18,16164,卖盘
1300,10:55:04,8.99,0.01,50,44950,买盘
1301,10:55:10,8.98,-0.01,9,8082,卖盘
1302,10:55:13,8.98,0.0,12,10776,卖盘
1303,10:55:22,8.99,0.01,5,4495,买盘
1304,10:55:25,8.98,-0.01,20,17960,卖盘
1305,10:55:31,8.98,0.0,37,33226,卖盘
1306,10:55:34,8.98,0.0,137,123026,卖盘
1307,10:55:42,8.98,0.0,6,5388,买盘
1308,10:55:46,8.98,0.0,5,4490,买盘
1309,10:56:04,8.97,-0.01,4,3588,卖盘
1310,10:56:06,8.98,0.01,2,1796,买盘
1311,10:56:16,8.99,0.01,89,79950,买盘
1312,10:56:21,8.97,-0.02,106,95086,卖盘
1313,10:56:28,8.99,0.02,11,9889,买盘
1314,10:56:34,8.99,0.0,5,4495,买盘
1315,10:56:36,8.99,0.0,60,53940,买盘
1316,10:56:48,8.99,0.0,17,15283,买盘
1317,10:56:55,8.99,0.0,4,3596,买盘
1318,10:57:01,9.0,0.01,12,10791,买盘
1319,10:57:10,9.0,0.0,3,2700,买盘
1320,10:57:13,9.0,0.0,102,91800,买盘
1321,10:57:22,9.0,0.0,4,3600,买盘
1322,10:57:28,9.0,0.0,40,36000,买盘
1323,10:57:40,9.03,0.03,1,903,买盘
1324,10:57:46,9.0,-0.03,2,1800,卖盘
1325,10:57:57,9.02,0.02,20,18040,买盘
1326,10:58:00,9.0,-0.02,10,9000,卖盘
1327,10:58:13,9.05,0.05,141,127557,买盘
1328,10:58:16,9.07,0.02,34,30830,买盘
1329,10:58:25,9.07,0.0,78,70821,卖盘
1330,10:58:27,9.08,0.01,12,10896,买盘
1331,10:58:40,9.08,0.0,56,50799,买盘
1332,10:58:43,9.07,-0.01,43,39021,卖盘
1333,10:58:54,9.03,-0.04,50,45150,卖盘
1334,10:59:16,9.03,0.0,71,64113,卖盘
1335,10:59:31,9.02,-0.01,114,102828,卖盘
1336,10:59:37,9.02,0.0,5,4510,买盘
1337,10:59:39,9.02,0.0,5,4510,买盘
1338,10:59:55,9.01,-0.01,9,8109,卖盘
1339,10:59:58,9.01,0.0,61,54971,卖盘
1340,11:00:04,9.01,0.0,2,1802,买盘
1341,11:00:13,9.0,-0.01,22,19800,卖盘
1342,11:00:16,9.0,0.0,113,101801,卖盘
1343,11:00:19,9.0,0.0,6,5400,卖盘
1344,11:00:22,9.0,0.0,1,900,卖盘
1345,11:00:30,9.0,0.0,78,70200,卖盘
1346,11:00:33,9.0,0.0,18,16200,卖盘
1347,11:00:45,8.99,-0.01,2,1798,卖盘
1348,11:00:55,9.1,0.11,256,232211,买盘
1349,11:01:04,9.1,0.0,314,285740,卖盘
1350,11:01:13,9.1,0.0,36,32760,买盘
1351,11:01:21,9.08,-0.02,10,9080,买盘
1352,11:01:25,9.0,-0.08,26,23400,卖盘
1353,11:01:36,9.02,0.02,10,9020,卖盘
1354,11:01:39,9.07,0.05,1,907,买盘
1355,11:01:42,9.07,0.0,6,5442,买盘
1356,11:01:45,9.07,0.0,4,3628,卖盘
1357,11:02:04,9.05,-0.02,12,10840,买盘
1358,11:02:13,9.05,0.0,7,6335,买盘
1359,11:02:19,9.0,-0.05,286,257411,卖盘
1360,11:02:31,8.99,-0.01,9,8093,卖盘
1361,11:02:33,8.99,0.0,22,19778,卖盘
1362,11:02:37,9.0,0.01,5,4500,买盘
1363,11:02:43,9.0,0.0,53,47690,买盘
1364,11:02:46,9.0,0.0,7,6300,买盘
1365,11:02:49,9.0,0.0,9,8100,买盘
1366,11:02:54,9.0,0.0,6,5400,买盘
1367,11:02:57,9.0,0.0,13,11700,买盘
1368,11:03:00,9.0,0.0,2,1800,买盘
1369,11:03:03,9.0,0.0,22,19800,买盘
1370,11:03:06,9.0,0.0,1,900,买盘
1371,11:03:09,9.0,0.0,10,9000,买盘
1372,11:03:19,9.0,0.0,38,34200,买盘
1373,11:03:22,9.0,0.0,2,1800,买盘
1374,11:03:34,8.99,-0.01,2,1798,卖盘
1375,11:03:37,8.99,0.0,30,26970,卖盘
1376,11:03:46,9.0,0.01,2,1800,买盘
1377,11:03:52,9.0,0.0,1,900,买盘
1378,11:03:55,8.99,-0.01,13,11697,卖盘
1379,11:04:10,8.99,0.0,7,6293,卖盘
1380,11:04:13,9.0,0.01,10,9000,买盘
1381,11:04:18,9.0,0.0,101,90900,买盘
1382,11:04:21,8.99,-0.01,82,73799,卖盘
1383,11:04:25,9.0,0.01,12,10790,买盘
1384,11:04:43,9.0,0.0,13,11700,买盘
1385,11:04:52,9.0,0.0,8,7200,买盘
1386,11:05:04,8.99,-0.01,26,23390,卖盘
1387,11:05:10,9.0,0.01,1,900,买盘
1388,11:05:19,9.0,0.0,4,3600,买盘
1389,11:05:30,9.0,0.0,21,18900,买盘
1390,11:05:36,9.0,0.0,18,16200,买盘
1391,11:05:45,9.0,0.0,21,18900,买盘
1392,11:05:49,9.0,0.0,5,4500,买盘
1393,11:06:01,8.99,-0.01,7,6293,卖盘
1394,11:06:04,9.0,0.01,1,900,买盘
1395,11:06:06,9.0,0.0,22,19800,买盘
1396,11:06:12,8.99,-0.01,5,4495,卖盘
1397,11:06:19,9.0,0.01,86,77400,买盘
1398,11:06:21,8.99,-0.01,1,899,卖盘
1399,11:06:25,9.0,0.01,1,900,买盘
1400,11:06:31,9.0,0.0,130,116995,买盘
1401,11:06:40,9.0,0.0,20,18000,买盘
1402,11:07:00,9.0,0.0,28,25190,买盘
1403,11:07:13,9.0,0.0,23,20700,买盘
1404,11:07:22,9.0,0.0,41,36900,买盘
1405,11:07:28,9.0,0.0,9,8100,买盘
1406,11:07:31,9.0,0.0,68,61200,买盘
1407,11:07:34,8.99,-0.01,44,39864,卖盘
1408,11:07:43,8.99,0.0,37,33263,卖盘
1409,11:07:45,9.0,0.01,2,1800,买盘
1410,11:08:06,9.0,0.0,1,900,买盘
1411,11:08:16,9.0,0.0,1,900,买盘
1412,11:08:19,9.0,0.0,89,80100,买盘
1413,11:08:31,9.0,0.0,83,74700,买盘
1414,11:08:39,9.0,0.0,7,6300,卖盘
1415,11:08:49,9.0,0.0,14,12600,卖盘
1416,11:08:51,9.01,0.01,22,19821,卖盘
1417,11:08:55,9.01,0.0,2,1802,卖盘
1418,11:08:58,9.02,0.01,6,5412,买盘
1419,11:09:06,9.02,0.0,2,1804,买盘
1420,11:09:25,9.02,0.0,1,902,买盘
1421,11:09:36,9.01,-0.01,15,13525,卖盘
1422,11:09:45,9.0,-0.01,50,45000,卖盘
1423,11:09:48,9.0,0.0,25,22500,卖盘
1424,11:10:19,9.03,0.03,84,75690,买盘
1425,11:10:28,9.03,0.0,1,903,卖盘
1426,11:10:31,9.04,0.01,1,904,买盘
1427,11:10:33,9.04,0.0,35,31640,卖盘
1428,11:10:39,9.05,0.01,5,4525,买盘
1429,11:10:42,9.05,0.0,33,29865,买盘
1430,11:10:45,9.05,0.0,8,7240,买盘
1431,11:10:57,9.05,0.0,4,3620,买盘
1432,11:11:00,9.04,-0.01,76,68704,卖盘
1433,11:11:12,9.04,0.0,65,58760,买盘
1434,11:11:24,9.03,-0.01,33,29799,卖盘
1435,11:11:36,9.03,0.0,9,8127,卖盘
1436,11:11:40,9.03,0.0,2,1806,买盘
1437,11:11:52,9.02,-0.01,16,14432,卖盘
1438,11:11:57,9.02,0.0,6,5412,卖盘
1439,11:12:06,9.02,0.0,11,9922,卖盘
1440,11:12:19,9.0,-0.02,238,214235,卖盘
1441,11:12:22,9.0,0.0,5,4500,买盘
1442,11:12:25,9.0,0.0,101,90899,买盘
1443,11:12:37,8.99,-0.01,6,5394,卖盘
1444,11:12:42,8.99,0.0,19,16793,卖盘
1445,11:12:48,8.99,0.0,31,28157,买盘
1446,11:12:51,8.98,-0.01,124,111086,卖盘
1447,11:12:54,8.98,0.0,117,104953,买盘
1448,11:12:57,8.98,0.0,5,4490,买盘
1449,11:13:01,9.0,0.02,81,72757,买盘
1450,11:13:04,8.96,-0.04,30,26880,卖盘
1451,11:13:09,9.0,0.04,16,14380,买盘
1452,11:13:12,8.96,-0.04,20,17922,卖盘
1453,11:13:15,8.97,0.01,35,31428,卖盘
1454,11:13:31,8.98,0.01,6,5388,卖盘
1455,11:13:40,8.98,0.0,1,898,买盘
1456,11:13:46,8.95,-0.03,154,137943,卖盘
1457,11:13:49,8.97,0.02,3,2691,买盘
1458,11:13:52,8.97,0.0,2,1794,买盘
1459,11:13:54,8.95,-0.02,1,895,卖盘
1460,11:13:58,8.95,0.0,17,15215,卖盘
1461,11:14:04,8.95,0.0,1,895,卖盘
1462,11:14:09,8.95,0.0,12,10740,卖盘
1463,11:14:19,8.98,0.03,99,88862,买盘
1464,11:14:30,8.96,-0.02,33,29568,卖盘
1465,11:14:33,8.96,0.0,1,896,买盘
1466,11:14:36,8.96,0.0,11,9856,买盘
1467,11:14:39,8.95,-0.01,1,895,卖盘
1468,11:14:43,8.96,0.01,31,27760,买盘
1469,11:14:51,8.96,0.0,5,4480,卖盘
1470,11:14:55,8.96,0.0,8,7168,卖盘
1471,11:14:58,8.97,0.01,3,2691,买盘
1472,11:15:04,8.97,0.0,100,89700,卖盘
1473,11:15:12,8.97,0.0,2,1794,卖盘
1474,11:15:21,8.97,0.0,9,8073,卖盘
1475,11:15:34,8.98,0.01,1,898,买盘
1476,11:15:45,8.98,0.0,21,18842,买盘
1477,11:15:49,8.97,-0.01,23,20631,卖盘
1478,11:15:55,8.96,-0.01,100,89600,卖盘
1479,11:16:04,8.96,0.0,26,23296,卖盘
1480,11:16:06,8.96,0.0,6,5376,买盘
1481,11:16:16,8.96,0.0,88,78848,买盘
1482,11:16:19,8.96,0.0,60,53760,卖盘
1483,11:16:22,8.97,0.01,88,78936,买盘
1484,11:16:25,8.96,-0.01,21,18816,卖盘
1485,11:16:28,8.97,0.01,14,12558,买盘
1486,11:16:36,8.98,0.01,5,4490,买盘
1487,11:16:43,8.98,0.0,15,13465,买盘
1488,11:16:49,8.98,0.0,7,6281,买盘
1489,11:16:51,8.98,0.0,1,898,卖盘
1490,11:17:10,8.99,0.01,8,7192,买盘
1491,11:17:22,8.99,0.0,2,1798,买盘
1492,11:17:31,8.99,0.0,17,15283,买盘
1493,11:18:07,9.0,0.01,67,60300,买盘
1494,11:18:10,8.98,-0.02,111,99758,卖盘
1495,11:18:19,9.0,0.02,112,100800,买盘
1496,11:18:25,8.99,-0.01,4,3596,卖盘
1497,11:18:31,9.0,0.01,5,4500,买盘
1498,11:18:33,9.0,0.0,5,4500,买盘
1499,11:18:37,8.99,-0.01,30,26997,卖盘
1500,11:18:40,8.99,0.0,6,5394,卖盘
1501,11:18:48,9.0,0.01,7,6300,买盘
1502,11:19:03,9.0,0.0,35,31500,买盘
1503,11:19:06,9.0,0.0,5,4500,买盘
1504,11:19:15,9.0,0.0,19,17100,买盘
1505,11:19:22,8.98,-0.02,118,106062,卖盘
1506,11:19:30,9.0,0.02,10,9000,买盘
1507,11:19:39,9.0,0.0,2,1800,买盘
1508,11:19:49,9.0,0.0,5,4500,买盘
1509,11:19:51,8.99,-0.01,1,899,卖盘
1510,11:20:15,8.99,0.0,51,45864,卖盘
1511,11:20:19,9.0,0.01,89,80100,买盘
1512,11:20:21,9.0,0.0,1,900,买盘
1513,11:20:28,9.0,0.0,15,13500,买盘
1514,11:20:43,8.99,-0.01,10,8990,卖盘
1515,11:20:49,9.0,0.01,8,7200,买盘
1516,11:21:13,9.0,0.0,23,20700,买盘
1517,11:21:19,9.0,0.0,11,9900,买盘
1518,11:21:22,8.99,-0.01,16,14384,卖盘
1519,11:22:13,8.98,-0.01,73,65554,卖盘
1520,11:22:19,8.99,0.01,134,120466,买盘
1521,11:22:24,8.98,-0.01,27,24246,卖盘
1522,11:22:43,8.97,-0.01,10,8970,卖盘
1523,11:22:49,8.97,0.0,113,101394,卖盘
1524,11:22:51,8.98,0.01,1,898,买盘
1525,11:22:55,8.97,-0.01,37,33189,卖盘
1526,11:22:57,8.97,0.0,20,17940,买盘
1527,11:23:06,8.96,-0.01,8,7168,卖盘
1528,11:23:13,8.97,0.01,1,897,买盘
1529,11:23:16,8.96,-0.01,46,41216,卖盘
1530,11:23:30,8.95,-0.01,209,187341,卖盘
1531,11:23:40,8.94,-0.01,45,40244,卖盘
1532,11:23:52,8.97,0.03,44,39376,买盘
1533,11:23:57,8.94,-0.03,35,31004,卖盘
1534,11:24:10,8.94,0.0,25,22350,买盘
1535,11:24:12,8.94,0.0,11,9834,买盘
1536,11:24:16,8.93,-0.01,3,2679,卖盘
1537,11:24:19,8.94,0.01,32,28608,买盘
1538,11:24:22,8.97,0.03,84,75287,买盘
1539,11:24:27,8.93,-0.04,56,50008,卖盘
1540,11:24:30,8.94,0.01,1,894,中性盘
1541,11:24:43,8.97,0.03,14,12558,买盘
1542,11:24:45,8.94,-0.03,17,15228,卖盘
1543,11:24:51,8.97,0.03,5,4485,买盘
1544,11:24:57,8.94,-0.03,20,17880,卖盘
1545,11:25:07,8.94,0.0,36,32191,卖盘
1546,11:25:12,8.94,0.0,6,5364,卖盘
1547,11:25:36,8.95,0.01,9,8055,卖盘
1548,11:25:43,8.95,0.0,49,43855,卖盘
1549,11:25:45,8.94,-0.01,4,3576,卖盘
1550,11:25:49,8.95,0.01,11,9845,买盘
1551,11:25:57,8.95,0.0,2,1790,买盘
1552,11:26:00,8.95,0.0,20,17900,买盘
1553,11:26:07,8.95,0.0,18,16110,买盘
1554,11:26:13,8.94,-0.01,13,11625,卖盘
1555,11:26:21,8.97,0.03,102,91466,买盘
1556,11:26:31,8.94,-0.03,49,43806,卖盘
1557,11:26:33,8.94,0.0,20,17880,卖盘
1558,11:26:46,8.95,0.01,10,8950,卖盘
1559,11:26:52,8.93,-0.02,148,132211,卖盘
1560,11:26:55,8.95,0.02,2,1790,中性盘
1561,11:27:00,8.97,0.02,7,6279,买盘
1562,11:27:13,8.97,0.0,1,897,卖盘
1563,11:27:22,8.97,0.0,1,897,卖盘
1564,11:27:30,8.98,0.01,1,898,买盘
1565,11:27:34,8.98,0.0,20,17960,买盘
1566,11:27:46,8.98,0.0,7,6281,买盘
1567,11:27:58,8.97,-0.01,16,14076,卖盘
1568,11:28:13,8.98,0.01,35,31423,买盘
1569,11:28:22,8.99,0.01,74,66474,买盘
1570,11:28:34,8.99,0.0,52,47007,买盘
1571,11:28:46,9.0,0.01,42,37800,买盘
1572,11:28:48,9.0,0.0,13,11700,买盘
1573,11:28:51,9.0,0.0,11,9900,买盘
1574,11:29:01,9.0,0.0,26,23400,买盘
1575,11:29:10,9.04,0.04,8,7230,买盘
1576,11:29:33,9.04,0.0,1,904,买盘
1577,11:29:46,9.03,-0.01,3,2709,买盘
1578,11:29:49,9.03,0.0,26,23478,买盘
1579,11:29:54,9.03,0.0,1,903,买盘
1580,13:00:00,9.06,0.03,144,130304,买盘
1581,13:00:04,9.06,0.0,247,223810,卖盘
1582,13:00:07,9.06,0.0,25,22650,卖盘
1583,13:00:10,9.06,0.0,2,1812,卖盘
1584,13:00:25,9.06,0.0,50,45300,卖盘
1585,13:00:37,9.06,0.0,122,110532,卖盘
1586,13:00:45,9.04,-0.02,60,54242,卖盘
1587,13:00:49,9.04,0.0,176,159120,卖盘
1588,13:00:55,9.03,-0.01,5,4515,卖盘
1589,13:01:01,9.03,0.0,62,55986,卖盘
1590,13:01:12,9.02,-0.01,12,10824,卖盘
1591,13:01:16,9.02,0.0,1,902,买盘
1592,13:01:43,9.01,-0.01,5,4505,卖盘
1593,13:01:51,9.01,0.0,20,18020,卖盘
1594,13:01:55,9.02,0.01,6,5412,买盘
1595,13:02:06,9.01,-0.01,42,37842,卖盘
1596,13:02:10,9.01,0.0,10,9010,卖盘
1597,13:02:21,9.01,0.0,7,6307,卖盘
1598,13:02:39,9.01,0.0,25,22525,卖盘
1599,13:02:51,9.0,-0.01,10,9000,卖盘
1600,13:02:57,9.0,0.0,11,9900,卖盘
1601,13:03:01,9.0,0.0,75,67500,卖盘
1602,13:03:09,9.0,0.0,11,9900,卖盘
1603,13:03:13,9.01,0.01,106,95406,买盘
1604,13:03:18,9.0,-0.01,1,900,卖盘
1605,13:03:21,9.0,0.0,23,20700,卖盘
1606,13:03:24,9.01,0.01,100,90073,买盘
1607,13:03:27,9.01,0.0,16,14416,买盘
1608,13:03:30,9.0,-0.01,2,1800,买盘
1609,13:03:37,9.0,0.0,4,3600,卖盘
1610,13:03:42,9.0,0.0,50,45000,卖盘
1611,13:03:51,9.0,0.0,12,10800,卖盘
1612,13:04:00,9.0,0.0,5,4500,买盘
1613,13:04:15,9.0,0.0,18,16200,买盘
1614,13:04:18,9.0,0.0,1,900,买盘
1615,13:04:33,8.99,-0.01,1,899,卖盘
1616,13:04:42,8.99,0.0,1,899,买盘
1617,13:04:57,8.99,0.0,1,899,买盘
1618,13:05:12,9.0,0.01,10,8997,买盘
1619,13:05:39,8.98,-0.02,13,11674,卖盘
1620,13:05:46,9.0,0.02,7,6300,买盘
1621,13:05:55,9.0,0.0,1,900,卖盘
1622,13:06:18,9.01,0.01,19,17119,买盘
1623,13:06:25,9.02,0.01,15,13530,买盘
1624,13:07:00,9.01,-0.01,50,45075,卖盘
1625,13:07:04,9.02,0.01,1,902,买盘
1626,13:07:16,9.02,0.0,51,45952,买盘
1627,13:07:18,9.02,0.0,2,1804,买盘
1628,13:07:42,9.02,0.0,17,15334,买盘
1629,13:07:48,9.02,0.0,80,72160,买盘
1630,13:08:01,9.01,-0.01,25,22545,卖盘
1631,13:08:07,9.02,0.01,2,1804,买盘
1632,13:08:21,9.01,-0.01,50,45050,卖盘
1633,13:08:25,9.02,0.01,9,8118,买盘
1634,13:08:48,9.02,0.0,2,1804,卖盘
1635,13:08:52,9.02,0.0,5,4510,买盘
1636,13:08:54,9.02,0.0,20,18040,卖盘
1637,13:09:01,9.02,0.0,58,52316,卖盘
1638,13:09:03,9.02,0.0,12,10824,买盘
1639,13:09:12,9.01,-0.01,3,2703,卖盘
1640,13:09:22,9.01,0.0,1,901,买盘
1641,13:10:12,9.02,0.01,4,3608,买盘
1642,13:10:19,9.02,0.0,12,10824,买盘
1643,13:10:28,9.02,0.0,5,4510,买盘
1644,13:10:34,9.01,-0.01,101,91001,卖盘
1645,13:10:48,9.01,0.0,34,30634,买盘
1646,13:10:51,9.0,-0.01,42,37800,卖盘
1647,13:11:04,9.0,0.0,12,10800,买盘
1648,13:11:43,9.0,0.0,13,11700,买盘
1649,13:11:46,8.99,-0.01,5,4495,卖盘
1650,13:11:49,9.0,0.01,7,6300,买盘
1651,13:11:52,9.0,0.0,3,2700,卖盘
1652,13:12:22,9.0,0.0,89,80100,买盘
1653,13:12:39,9.0,0.0,21,18900,买盘
1654,13:13:51,8.96,-0.04,117,105020,卖盘
1655,13:14:07,8.99,0.03,7,6293,买盘
1656,13:14:16,8.96,-0.03,3,2688,卖盘
1657,13:14:28,8.96,0.0,13,11648,卖盘
1658,13:14:36,8.95,-0.01,34,30430,卖盘
1659,13:14:45,8.95,0.0,5,4475,买盘
1660,13:14:48,8.95,0.0,12,10740,买盘
1661,13:14:55,8.95,0.0,50,44750,买盘
1662,13:14:58,8.95,0.0,10,8950,买盘
1663,13:15:01,8.94,-0.01,7,6258,卖盘
1664,13:15:13,8.95,0.01,3,2685,买盘
1665,13:15:16,8.94,-0.01,10,8940,卖盘
1666,13:15:22,8.95,0.01,5,4475,买盘
1667,13:15:37,8.95,0.0,10,8950,买盘
1668,13:15:43,8.94,-0.01,8,7152,卖盘
1669,13:15:51,8.95,0.01,33,29512,买盘
1670,13:16:09,8.95,0.0,3,2685,卖盘
1671,13:16:37,8.96,0.01,9,8071,卖盘
1672,13:16:49,8.95,-0.01,5,4475,卖盘
1673,13:17:01,8.96,0.01,2,1792,买盘
1674,13:17:10,8.96,0.0,3,2688,买盘
1675,13:17:15,8.95,-0.01,50,44750,卖盘
1676,13:17:21,8.96,0.01,11,9856,买盘
1677,13:17:33,8.96,0.0,22,19700,买盘
1678,13:17:40,8.96,0.0,94,84096,买盘
1679,13:17:52,8.96,0.0,2,1792,买盘
1680,13:18:01,8.96,0.0,12,10752,买盘
1681,13:18:04,8.96,0.0,15,13440,买盘
1682,13:18:24,8.96,0.0,33,29538,买盘
1683,13:18:27,8.96,0.0,7,6272,买盘
1684,13:18:30,8.94,-0.02,50,44705,卖盘
1685,13:18:43,8.94,0.0,11,9834,卖盘
1686,13:18:49,8.94,0.0,35,31290,卖盘
1687,13:18:52,8.94,0.0,1,894,买盘
1688,13:18:55,8.96,0.02,10,8950,买盘
1689,13:19:22,8.94,-0.02,3,2682,卖盘
1690,13:19:31,8.94,0.0,5,4470,卖盘
1691,13:19:34,8.96,0.02,5,4480,买盘
1692,13:19:49,8.96,0.0,5,4480,买盘
1693,13:19:52,8.96,0.0,8,7168,买盘
1694,13:19:57,8.94,-0.02,8,7152,卖盘
1695,13:20:10,8.95,0.01,4,3580,卖盘
1696,13:20:15,8.96,0.01,65,58240,买盘
1697,13:20:18,8.93,-0.03,480,428744,卖盘
1698,13:20:24,8.96,0.03,10,8960,买盘
1699,13:20:31,8.95,-0.01,2,1790,卖盘
1700,13:20:43,8.95,0.0,2,1790,卖盘
1701,13:20:45,8.95,0.0,20,17900,卖盘
1702,13:20:49,8.96,0.01,12,10752,买盘
1703,13:20:51,8.93,-0.03,100,89374,卖盘
1704,13:21:33,8.95,0.02,44,39380,买盘
1705,13:21:37,8.93,-0.02,2,1786,卖盘
1706,13:21:46,8.93,0.0,42,37506,卖盘
1707,13:21:57,8.93,0.0,44,39328,卖盘
1708,13:22:12,8.93,0.0,2,1786,卖盘
1709,13:22:22,8.94,0.01,5,4470,买盘
1710,13:22:30,8.94,0.0,18,16092,卖盘
1711,13:22:46,8.94,0.0,18,16100,卖盘
1712,13:22:49,8.95,0.01,38,34010,买盘
1713,13:22:52,8.95,0.0,575,513132,买盘
1714,13:22:58,8.9,-0.05,375,333857,卖盘
1715,13:23:04,8.9,0.0,50,44500,买盘
1716,13:23:12,8.9,0.0,14,12460,买盘
1717,13:23:16,8.9,0.0,1,890,买盘
1718,13:23:19,8.9,0.0,67,59630,买盘
1719,13:23:21,8.88,-0.02,208,184801,卖盘
1720,13:23:33,8.88,0.0,7,6216,卖盘
1721,13:23:37,8.88,0.0,6,5328,卖盘
1722,13:23:46,8.89,0.01,26,23114,卖盘
1723,13:23:48,8.88,-0.01,20,17760,卖盘
1724,13:23:52,8.88,0.0,196,174048,卖盘
1725,13:24:00,8.88,0.0,4,3552,买盘
1726,13:24:04,8.87,-0.01,77,68328,卖盘
1727,13:24:10,8.88,0.01,5,4440,卖盘
1728,13:24:18,8.88,0.0,19,16872,卖盘
1729,13:24:24,8.88,0.0,15,13320,买盘
1730,13:24:28,8.88,0.0,10,8880,买盘
1731,13:24:31,8.88,0.0,40,35520,卖盘
1732,13:24:33,8.88,0.0,5,4440,卖盘
1733,13:24:39,8.89,0.01,76,67496,买盘
1734,13:24:42,8.88,-0.01,15,13320,卖盘
1735,13:24:48,8.88,0.0,25,22200,卖盘
1736,13:24:55,8.88,0.0,8,7104,买盘
1737,13:24:57,8.88,0.0,51,45288,买盘
1738,13:25:04,8.88,0.0,50,44400,卖盘
1739,13:25:07,8.89,0.01,34,30226,买盘
1740,13:25:09,8.89,0.0,7,6223,卖盘
1741,13:25:12,8.94,0.05,2,1788,买盘
1742,13:25:27,8.9,-0.04,4,3560,卖盘
1743,13:25:43,8.93,0.03,1,893,买盘
1744,13:25:46,8.93,0.0,1,893,买盘
1745,13:25:58,8.94,0.01,8,7150,买盘
1746,13:26:07,8.95,0.01,235,210261,买盘
1747,13:26:10,8.95,0.0,19,17005,卖盘
1748,13:26:40,8.96,0.01,8,7168,买盘
1749,13:26:45,8.96,0.0,20,17920,买盘
1750,13:26:48,8.96,0.0,1,896,买盘
1751,13:26:54,8.89,-0.07,170,151525,卖盘
1752,13:27:12,8.93,0.04,30,26790,卖盘
1753,13:27:22,8.93,0.0,10,8930,卖盘
1754,13:27:37,8.95,0.02,35,31325,买盘
1755,13:27:49,8.95,0.0,3,2685,卖盘
1756,13:27:58,8.95,0.0,19,17005,买盘
1757,13:28:07,8.95,0.0,6,5370,买盘
1758,13:28:13,8.95,0.0,20,17900,买盘
1759,13:28:28,8.95,0.0,7,6265,买盘
1760,13:28:51,8.9,-0.05,27,24078,卖盘
1761,13:29:40,8.93,0.03,1,893,卖盘
1762,13:29:51,8.93,0.0,21,18753,卖盘
1763,13:30:16,8.93,0.0,22,19646,买盘
1764,13:30:27,8.93,0.0,10,8930,买盘
1765,13:30:31,8.93,0.0,50,44650,买盘
1766,13:30:37,8.92,-0.01,15,13380,卖盘
1767,13:30:40,8.92,0.0,40,35680,卖盘
1768,13:30:52,8.9,-0.02,90,80120,卖盘
1769,13:31:09,8.88,-0.02,200,177734,卖盘
1770,13:31:12,8.9,0.02,5,4450,卖盘
1771,13:31:15,8.91,0.01,2,1782,买盘
1772,13:31:24,8.91,0.0,5,4455,买盘
1773,13:31:27,8.9,-0.01,10,8900,卖盘
1774,13:31:34,8.9,0.0,5,4450,买盘
1775,13:31:42,8.9,0.0,1,890,买盘
1776,13:31:48,8.88,-0.02,35,31080,卖盘
1777,13:31:54,8.89,0.01,1,889,卖盘
1778,13:32:07,8.88,-0.01,15,13325,卖盘
1779,13:32:09,8.88,0.0,69,61272,卖盘
1780,13:32:13,8.88,0.0,12,10656,买盘
1781,13:32:16,8.88,0.0,10,8880,买盘
1782,13:32:21,8.88,0.0,1,888,买盘
1783,13:32:25,8.87,-0.01,101,89587,卖盘
1784,13:32:30,8.87,0.0,128,113427,买盘
1785,13:32:40,8.85,-0.02,74,65531,卖盘
1786,13:32:43,8.85,0.0,900,796500,卖盘
1787,13:32:49,8.84,-0.01,49,43360,卖盘
1788,13:32:54,8.82,-0.02,50,44145,卖盘
1789,13:32:58,8.85,0.03,20,17653,买盘
1790,13:33:04,8.82,-0.03,4,3528,卖盘
1791,13:33:06,8.81,-0.01,133,117266,卖盘
1792,13:33:13,8.81,0.0,14,12334,卖盘
1793,13:33:15,8.81,0.0,124,109244,卖盘
1794,13:33:18,8.81,0.0,87,76647,卖盘
1795,13:33:21,8.81,0.0,98,86265,卖盘
1796,13:33:24,8.81,0.0,38,33450,买盘
1797,13:33:27,8.8,-0.01,104,91522,卖盘
1798,13:33:31,8.81,0.01,35,30816,买盘
1799,13:33:34,8.82,0.01,13,11458,买盘
1800,13:33:37,8.8,-0.02,22,19360,卖盘
1801,13:33:39,8.81,0.01,88,77449,卖盘
1802,13:33:42,8.82,0.01,13,11458,买盘
1803,13:33:45,8.81,-0.01,32,28192,卖盘
1804,13:33:52,8.81,0.0,19,16739,卖盘
1805,13:33:55,8.81,0.0,2,1761,买盘
1806,13:33:58,8.81,0.0,13,11450,买盘
1807,13:34:01,8.8,-0.01,141,124090,卖盘
1808,13:34:06,8.8,0.0,44,38720,卖盘
1809,13:34:09,8.81,0.01,3,2643,买盘
1810,13:34:13,8.8,-0.01,28,24661,卖盘
1811,13:34:15,8.8,0.0,108,95070,卖盘
1812,13:34:18,8.8,0.0,50,44027,卖盘
1813,13:34:24,8.8,0.0,35,30800,卖盘
1814,13:34:31,8.8,0.0,2,1760,卖盘
1815,13:34:39,8.8,0.0,86,75680,卖盘
1816,13:34:42,8.8,0.0,26,22880,买盘
1817,13:34:46,8.79,-0.01,25,21983,卖盘
1818,13:34:58,8.79,0.0,42,36938,卖盘
1819,13:35:01,8.79,0.0,218,191622,卖盘
1820,13:35:04,8.8,0.01,10,8798,买盘
1821,13:35:07,8.78,-0.02,10,8780,卖盘
1822,13:35:10,8.8,0.02,7,6156,买盘
1823,13:35:13,8.79,-0.01,7,6153,卖盘
1824,13:35:19,8.79,0.0,31,27249,卖盘
1825,13:35:22,8.79,0.0,7,6153,买盘
1826,13:35:25,8.79,0.0,1,879,买盘
1827,13:35:27,8.79,0.0,281,246756,买盘
1828,13:35:36,8.79,0.0,29,25491,卖盘
1829,13:35:39,8.79,0.0,1,879,买盘
1830,13:35:43,8.79,0.0,85,74715,买盘
1831,13:35:46,8.79,0.0,6,5274,卖盘
1832,13:35:48,8.8,0.01,281,246850,买盘
1833,13:35:51,8.79,-0.01,5,4395,中性盘
1834,13:35:58,8.78,-0.01,59,51812,卖盘
1835,13:36:01,8.79,0.01,2,1758,买盘
1836,13:36:04,8.78,-0.01,11,9658,卖盘
1837,13:36:07,8.78,0.0,47,41266,卖盘
1838,13:36:10,8.79,0.01,9,7911,买盘
1839,13:36:12,8.79,0.0,197,173163,买盘
1840,13:36:15,8.78,-0.01,37,32510,卖盘
1841,13:36:21,8.79,0.01,10,8790,卖盘
1842,13:36:34,8.79,0.0,25,21986,卖盘
1843,13:36:36,8.8,0.01,10,8800,买盘
1844,13:36:40,8.8,0.0,3,2640,买盘
1845,13:36:43,8.8,0.0,22,19341,买盘
1846,13:36:46,8.8,0.0,52,45760,买盘
1847,13:36:49,8.8,0.0,13,11440,买盘
1848,13:36:54,8.8,0.0,15,13200,买盘
1849,13:37:00,8.8,0.0,22,19360,买盘
1850,13:37:07,8.79,-0.01,38,33403,卖盘
1851,13:37:10,8.8,0.01,1,880,买盘
1852,13:37:22,8.8,0.0,15,13200,买盘
1853,13:37:24,8.79,-0.01,19,16701,卖盘
1854,13:37:27,8.79,0.0,10,8790,卖盘
1855,13:37:34,8.8,0.01,3,2640,买盘
1856,13:37:37,8.8,0.0,86,75680,买盘
1857,13:37:40,8.8,0.0,10,8800,买盘
1858,13:37:42,8.79,-0.01,6,5274,卖盘
1859,13:37:46,8.8,0.01,10,8800,买盘
1860,13:37:52,8.8,0.0,19,16720,买盘
1861,13:38:00,8.81,0.01,1,881,买盘
1862,13:38:16,8.82,0.01,20,17630,买盘
1863,13:38:18,8.81,-0.01,8,7049,中性盘
1864,13:38:24,8.85,0.04,140,123840,买盘
1865,13:38:28,8.85,0.0,7,6195,卖盘
1866,13:38:30,8.85,0.0,10,8850,卖盘
1867,13:38:36,8.86,0.01,1,886,买盘
1868,13:38:39,8.86,0.0,9,7974,卖盘
1869,13:38:46,8.85,-0.01,1,885,卖盘
1870,13:38:48,8.86,0.01,5,4430,买盘
1871,13:38:52,8.85,-0.01,6,5310,卖盘
1872,13:38:55,8.85,0.0,4,3540,卖盘
1873,13:39:01,8.85,0.0,10,8851,卖盘
1874,13:39:31,8.88,0.03,1,888,买盘
1875,13:39:42,8.86,-0.02,25,22150,卖盘
1876,13:39:46,8.88,0.02,1,888,买盘
1877,13:39:51,8.88,0.0,55,48840,买盘
1878,13:39:57,8.89,0.01,3,2667,买盘
1879,13:40:07,8.99,0.1,821,736789,买盘
1880,13:40:15,8.99,0.0,35,31465,买盘
1881,13:40:22,8.99,0.0,56,50344,卖盘
1882,13:40:24,8.99,0.0,28,25172,买盘
1883,13:40:28,8.99,0.0,11,9889,买盘
1884,13:40:30,8.99,0.0,23,20677,买盘
1885,13:40:33,8.99,0.0,31,27869,买盘
1886,13:40:37,8.98,-0.01,3,2694,买盘
1887,13:40:43,8.98,0.0,2,1796,买盘
1888,13:40:52,8.99,0.01,5,4495,买盘
1889,13:40:55,8.98,-0.01,42,37733,卖盘
1890,13:40:58,8.99,0.01,16,14375,买盘
1891,13:41:01,8.99,0.0,49,44033,买盘
1892,13:41:04,8.99,0.0,37,33258,买盘
1893,13:41:07,8.98,-0.01,1,898,卖盘
1894,13:41:09,8.98,0.0,12,10776,卖盘
1895,13:41:16,8.98,0.0,104,93392,买盘
1896,13:41:19,8.97,-0.01,5,4485,中性盘
1897,13:41:25,8.97,0.0,5,4485,买盘
1898,13:41:34,8.9,-0.07,7,6232,卖盘
1899,13:41:36,8.9,0.0,4,3560,买盘
1900,13:41:43,8.9,0.0,9,8010,买盘
1901,13:42:04,8.93,0.03,34,30362,买盘
1902,13:42:07,8.93,0.0,78,69654,买盘
1903,13:42:09,8.93,0.0,30,26790,卖盘
1904,13:42:22,8.97,0.04,4,3586,买盘
1905,13:42:28,8.97,0.0,13,11661,买盘
1906,13:42:31,8.97,0.0,5,4485,买盘
1907,13:42:34,8.99,0.02,101,90763,买盘
1908,13:42:39,8.99,0.0,85,76375,买盘
1909,13:42:43,8.99,0.0,1,899,卖盘
1910,13:42:46,9.0,0.01,149,134100,买盘
1911,13:42:49,9.0,0.0,49,44100,买盘
1912,13:42:52,9.01,0.01,3,2703,买盘
1913,13:42:54,9.01,0.0,37,33337,买盘
1914,13:42:58,9.0,-0.01,176,158439,卖盘
1915,13:43:01,9.01,0.01,6,5406,中性盘
1916,13:43:04,9.04,0.03,219,197556,买盘
1917,13:43:06,9.02,-0.02,4,3614,卖盘
1918,13:43:09,9.04,0.02,14,12656,买盘
1919,13:43:12,9.02,-0.02,21,18982,卖盘
1920,13:43:19,9.04,0.02,61,55119,买盘
1921,13:43:22,9.05,0.01,9,8145,买盘
1922,13:43:24,9.05,0.0,29,26245,买盘
1923,13:43:28,9.04,-0.01,35,31640,卖盘
1924,13:43:30,9.04,0.0,1,904,买盘
1925,13:43:34,9.04,0.0,11,9944,买盘
1926,13:43:36,9.04,0.0,2,1808,买盘
1927,13:43:42,9.05,0.01,33,29837,买盘
1928,13:43:48,9.05,0.0,4,3620,买盘
1929,13:43:51,9.05,0.0,13,11765,买盘
1930,13:43:54,9.05,0.0,14,12670,买盘
1931,13:43:58,9.05,0.0,56,50660,买盘
1932,13:44:00,9.05,0.0,7,6335,买盘
1933,13:44:04,9.05,0.0,7,6340,卖盘
1934,13:44:12,9.06,0.01,41,37146,买盘
1935,13:44:16,9.07,0.01,7,6349,买盘
1936,13:44:18,9.05,-0.02,70,63477,卖盘
1937,13:44:22,9.07,0.02,3,2719,买盘
1938,13:44:25,9.07,0.0,1,907,买盘
1939,13:44:28,9.07,0.0,24,21768,买盘
1940,13:44:31,9.08,0.01,2,1816,买盘
1941,13:44:34,9.08,0.0,101,91609,买盘
1942,13:44:36,9.07,-0.01,45,40859,卖盘
1943,13:44:39,9.08,0.01,32,29056,买盘
1944,13:44:45,9.08,0.0,36,32688,买盘
1945,13:44:48,9.08,0.0,36,32688,买盘
1946,13:44:51,9.08,0.0,220,199930,卖盘
1947,13:44:55,9.09,0.01,28,25452,买盘
1948,13:44:57,9.09,0.0,10,9090,卖盘
1949,13:45:01,9.09,0.0,53,48177,卖盘
1950,13:45:04,9.1,0.01,123,111930,买盘
1951,13:45:06,9.1,0.0,104,94634,买盘
1952,13:45:09,9.09,-0.01,220,200190,卖盘
1953,13:45:12,9.1,0.01,16,14560,买盘
1954,13:45:15,9.1,0.0,16,14560,买盘
1955,13:45:18,9.09,-0.01,22,20018,卖盘
1956,13:45:21,9.1,0.01,13,11833,卖盘
1957,13:45:24,9.11,0.01,24,21844,买盘
1958,13:45:28,9.11,0.0,179,162969,买盘
1959,13:45:30,9.11,0.0,37,33694,买盘
1960,13:45:33,9.1,-0.01,3,2730,中性盘
1961,13:45:37,9.08,-0.02,91,82700,卖盘
1962,13:45:40,9.11,0.03,103,93762,买盘
1963,13:45:43,9.08,-0.03,97,88050,卖盘
1964,13:45:45,9.08,0.0,1,908,买盘
1965,13:45:49,9.08,0.0,54,48982,买盘
1966,13:45:51,9.05,-0.03,263,238227,卖盘
1967,13:45:54,9.07,0.02,31,28117,买盘
1968,13:46:00,9.06,-0.01,1,906,买盘
1969,13:46:04,9.05,-0.01,5,4525,卖盘
1970,13:46:07,9.05,0.0,8,7240,卖盘
1971,13:46:09,9.05,0.0,23,20833,卖盘
1972,13:46:13,9.05,0.0,6,5430,卖盘
1973,13:46:16,9.06,0.01,115,104113,买盘
1974,13:46:18,9.05,-0.01,1,905,中性盘
1975,13:46:21,9.06,0.01,7,6342,买盘
1976,13:46:24,9.05,-0.01,109,98645,卖盘
1977,13:46:34,9.05,0.0,2,1810,买盘
1978,13:46:37,9.04,-0.01,26,23519,卖盘
1979,13:46:40,9.01,-0.03,15,13530,卖盘
1980,13:46:43,9.05,0.04,152,137488,买盘
1981,13:47:13,9.04,-0.01,54,48816,买盘
1982,13:47:25,9.04,0.0,3,2712,卖盘
1983,13:47:40,9.04,0.0,21,18984,卖盘
1984,13:47:57,9.03,-0.01,1,903,卖盘
1985,13:48:13,9.03,0.0,14,12642,买盘
1986,13:48:16,9.03,0.0,3,2709,卖盘
1987,13:48:19,9.03,0.0,2,1806,卖盘
1988,13:48:34,9.01,-0.02,108,97448,卖盘
1989,13:48:51,9.01,0.0,35,31535,卖盘
1990,13:49:07,9.01,0.0,12,10812,买盘
1991,13:49:15,9.01,0.0,15,13515,买盘
1992,13:49:24,9.01,0.0,3,2703,买盘
1993,13:49:28,9.01,0.0,18,16215,买盘
1994,13:49:37,9.0,-0.01,4,3600,卖盘
1995,13:49:43,9.01,0.01,22,19822,买盘
1996,13:49:54,9.01,0.0,10,9010,买盘
1997,13:50:00,9.01,0.0,25,22525,买盘
1998,13:50:22,9.0,-0.01,122,109800,卖盘
1999,13:50:25,9.0,0.0,2,1800,买盘
2000,13:50:27,8.99,-0.01,1,899,卖盘
2001,13:50:30,9.0,0.01,9,8100,买盘
2002,13:50:33,8.98,-0.02,146,131144,卖盘
2003,13:50:39,8.98,0.0,51,45798,买盘
2004,13:50:55,8.97,-0.01,8,7176,卖盘
2005,13:50:58,8.97,0.0,12,10764,卖盘
2006,13:51:12,8.95,-0.02,1,895,卖盘
2007,13:51:16,8.95,0.0,29,25968,卖盘
2008,13:51:19,8.95,0.0,13,11635,卖盘
2009,13:51:25,8.95,0.0,2,1790,卖盘
2010,13:51:28,8.95,0.0,1,895,卖盘
2011,13:51:30,8.95,0.0,18,16110,卖盘
2012,13:51:33,8.95,0.0,1,895,买盘
2013,13:51:54,8.91,-0.04,5,4455,卖盘
2014,13:51:58,8.91,0.0,15,13370,卖盘
2015,13:52:00,8.95,0.04,11,9817,买盘
2016,13:52:06,8.91,-0.04,7,6237,卖盘
2017,13:52:10,8.95,0.04,1,895,买盘
2018,13:52:25,8.95,0.0,9,8055,买盘
2019,13:52:48,8.95,0.0,10,8950,买盘
2020,13:52:51,8.95,0.0,1,895,买盘
2021,13:52:54,8.95,0.0,2,1790,买盘
2022,13:53:00,8.95,0.0,8,7160,买盘
2023,13:53:13,8.97,0.02,1,897,买盘
2024,13:53:18,8.98,0.01,2,1796,买盘
2025,13:53:30,8.99,0.01,12,10785,买盘
2026,13:53:45,9.0,0.01,29,26091,买盘
2027,13:53:58,9.0,0.0,5,4500,卖盘
2028,13:54:01,9.01,0.01,1,901,买盘
2029,13:54:04,9.01,0.0,25,22525,买盘
2030,13:54:06,9.0,-0.01,44,39610,卖盘
2031,13:54:09,9.01,0.01,23,20723,买盘
2032,13:54:15,9.01,0.0,16,14416,买盘
2033,13:54:21,9.0,-0.01,50,45000,卖盘
2034,13:54:24,9.01,0.01,2,1802,买盘
2035,13:54:27,9.0,-0.01,93,83720,卖盘
2036,13:54:30,9.0,0.0,17,15300,买盘
2037,13:54:33,8.99,-0.01,79,71021,卖盘
2038,13:54:51,8.97,-0.02,12,10774,卖盘
2039,13:55:48,8.96,-0.01,9,8064,买盘
2040,13:56:00,8.96,0.0,10,8960,买盘
2041,13:56:04,8.95,-0.01,20,17900,卖盘
2042,13:56:07,8.95,0.0,32,28640,买盘
2043,13:56:18,8.95,0.0,3,2685,卖盘
2044,13:56:25,8.95,0.0,76,68040,卖盘
2045,13:56:46,8.96,0.01,30,26867,买盘
2046,13:56:49,8.93,-0.03,40,35720,卖盘
2047,13:56:52,8.93,0.0,27,24111,卖盘
2048,13:56:58,8.93,0.0,1,893,卖盘
2049,13:57:03,8.93,0.0,10,8930,卖盘
2050,13:57:09,8.93,0.0,12,10716,卖盘
2051,13:57:12,8.94,0.01,17,15198,卖盘
2052,13:57:15,8.94,0.0,5,4470,卖盘
2053,13:57:24,8.94,0.0,7,6258,卖盘
2054,13:57:27,8.94,0.0,50,44700,卖盘
2055,13:57:31,8.92,-0.02,100,89275,卖盘
2056,13:57:39,8.95,0.03,3,2685,买盘
2057,13:57:42,8.92,-0.03,1,892,卖盘
2058,13:57:45,8.95,0.03,8,7160,买盘
2059,13:57:54,8.95,0.0,2,1790,卖盘
2060,13:58:00,8.95,0.0,43,38485,买盘
2061,13:58:06,8.92,-0.03,40,35733,卖盘
2062,13:58:30,8.95,0.03,1,895,买盘
2063,13:59:06,8.95,0.0,12,10740,买盘
2064,13:59:22,8.96,0.01,4,3584,买盘
2065,13:59:40,8.96,0.0,4,3584,买盘
2066,13:59:46,8.95,-0.01,1,895,卖盘
2067,13:59:58,8.96,0.01,1,896,买盘
2068,14:00:04,8.95,-0.01,4,3580,卖盘
2069,14:00:13,8.92,-0.03,6,5352,卖盘
2070,14:00:22,8.9,-0.02,97,86367,卖盘
2071,14:00:24,8.9,0.0,1,890,卖盘
2072,14:00:37,8.9,0.0,2,1780,卖盘
2073,14:00:39,8.9,0.0,23,20470,卖盘
2074,14:00:48,8.9,0.0,35,31150,卖盘
2075,14:00:55,8.9,0.0,11,9790,卖盘
2076,14:01:10,8.95,0.05,1,895,买盘
2077,14:01:13,8.9,-0.05,60,53400,卖盘
2078,14:01:19,8.9,0.0,20,17800,买盘
2079,14:01:22,8.9,0.0,19,16910,买盘
2080,14:01:25,8.89,-0.01,56,49789,卖盘
2081,14:01:36,8.89,0.0,18,15987,买盘
2082,14:01:48,8.9,0.01,20,17800,卖盘
2083,14:01:51,8.9,0.0,2,1780,卖盘
2084,14:01:57,8.9,0.0,11,9789,买盘
2085,14:02:04,8.9,0.0,10,8900,买盘
2086,14:02:07,8.9,0.0,1,890,买盘
2087,14:02:15,8.89,-0.01,8,7112,卖盘
2088,14:02:19,8.88,-0.01,173,153629,卖盘
2089,14:02:30,8.86,-0.02,10,8860,卖盘
2090,14:02:37,8.86,0.0,35,31010,卖盘
2091,14:02:43,8.86,0.0,12,10632,卖盘
2092,14:02:46,8.86,0.0,16,14176,买盘
2093,14:02:52,8.85,-0.01,30,26550,卖盘
2094,14:02:57,8.85,0.0,1,885,卖盘
2095,14:03:00,8.85,0.0,36,31860,卖盘
2096,14:03:04,8.85,0.0,6,5310,买盘
2097,14:03:07,8.84,-0.01,2,1768,卖盘
2098,14:03:15,8.83,-0.01,26,22983,卖盘
2099,14:03:33,8.85,0.02,3,2655,卖盘
2100,14:03:48,8.86,0.01,10,8860,买盘
2101,14:03:55,8.86,0.0,1,886,买盘
2102,14:03:58,8.86,0.0,1,886,买盘
2103,14:04:09,8.86,0.0,3,2659,卖盘
2104,14:04:12,8.88,0.02,5,4440,买盘
2105,14:04:16,8.88,0.0,17,15096,买盘
2106,14:04:22,8.88,0.0,5,4440,买盘
2107,14:04:25,8.88,0.0,10,8880,买盘
2108,14:04:34,8.92,0.04,5,4458,买盘
2109,14:04:37,8.92,0.0,1,892,卖盘
2110,14:04:40,8.92,0.0,1,892,卖盘
2111,14:04:45,8.92,0.0,1,892,买盘
2112,14:05:13,8.92,0.0,10,8920,买盘
2113,14:05:24,8.93,0.01,15,13392,买盘
2114,14:05:43,8.92,-0.01,2,1784,卖盘
2115,14:05:45,8.93,0.01,2,1786,买盘
2116,14:05:48,8.93,0.0,2,1786,买盘
2117,14:06:07,8.92,-0.01,10,8920,卖盘
2118,14:06:10,8.93,0.01,13,11609,买盘
2119,14:06:16,8.93,0.0,3,2679,买盘
2120,14:06:19,8.93,0.0,5,4465,买盘
2121,14:06:21,8.93,0.0,7,6251,买盘
2122,14:06:24,8.93,0.0,5,4465,买盘
2123,14:06:28,8.93,0.0,2,1786,买盘
2124,14:06:31,8.93,0.0,37,33021,买盘
2125,14:06:34,8.93,0.0,6,5358,买盘
2126,14:06:43,8.93,0.0,11,9823,买盘
2127,14:06:55,8.95,0.02,10,8950,买盘
2128,14:07:13,8.96,0.01,20,17920,买盘
2129,14:07:21,8.96,0.0,7,6272,买盘
2130,14:07:31,8.96,0.0,5,4480,买盘
2131,14:07:34,8.96,0.0,12,10752,买盘
2132,14:07:36,8.96,0.0,1,896,买盘
2133,14:07:43,8.96,0.0,30,26880,买盘
2134,14:07:49,8.96,0.0,21,18816,买盘
2135,14:07:58,8.97,0.01,1,897,买盘
2136,14:08:01,8.99,0.02,12,10785,买盘
2137,14:08:10,9.0,0.01,1,900,买盘
2138,14:08:13,9.0,0.0,28,25200,买盘
2139,14:08:16,9.0,0.0,17,15300,买盘
2140,14:08:30,9.02,0.02,13,11726,买盘
2141,14:08:37,8.96,-0.06,10,8984,卖盘
2142,14:08:43,9.02,0.06,21,18942,买盘
2143,14:08:46,8.96,-0.06,3,2688,卖盘
2144,14:08:49,9.02,0.06,39,35178,买盘
2145,14:09:00,9.02,0.0,2,1804,买盘
2146,14:09:09,9.01,-0.01,1,901,买盘
2147,14:09:24,9.01,0.0,6,5406,卖盘
2148,14:09:30,9.01,0.0,12,10806,买盘
2149,14:09:37,8.98,-0.03,10,8980,卖盘
2150,14:09:51,8.96,-0.02,500,448145,卖盘
2151,14:09:55,8.96,0.0,133,119168,卖盘
2152,14:10:07,8.95,-0.01,19,17005,卖盘
2153,14:10:09,8.93,-0.02,8,7144,卖盘
2154,14:10:25,8.94,0.01,5,4470,买盘
2155,14:10:33,8.93,-0.01,1,893,卖盘
2156,14:10:48,8.92,-0.01,4,3568,卖盘
2157,14:11:07,8.94,0.02,5,4470,买盘
2158,14:11:25,8.95,0.01,6,5371,卖盘
2159,14:11:30,8.95,0.0,8,7160,卖盘
2160,14:11:37,8.96,0.01,3,2688,买盘
2161,14:11:40,8.96,0.0,11,9856,买盘
2162,14:11:42,8.96,0.0,55,49280,买盘
2163,14:11:49,8.96,0.0,42,37628,买盘
2164,14:11:51,8.95,-0.01,7,6265,卖盘
2165,14:11:54,8.96,0.01,11,9874,买盘
2166,14:12:16,8.98,0.02,27,24246,买盘
2167,14:12:24,8.98,0.0,5,4490,买盘
2168,14:12:30,8.99,0.01,2,1798,买盘
2169,14:12:37,8.99,0.0,13,11687,买盘
2170,14:12:46,9.01,0.02,30,27010,买盘
2171,14:12:54,9.01,0.0,30,27030,买盘
2172,14:12:57,9.01,0.0,37,33337,买盘
2173,14:13:01,9.01,0.0,5,4505,买盘
2174,14:13:04,9.01,0.0,7,6307,买盘
2175,14:13:13,9.01,0.0,23,20723,买盘
2176,14:13:16,9.01,0.0,13,11713,买盘
2177,14:13:21,9.01,0.0,23,20723,买盘
2178,14:13:25,9.02,0.01,2,1804,买盘
2179,14:13:39,9.01,-0.01,2,1802,卖盘
2180,14:13:49,9.02,0.01,2,1804,买盘
2181,14:13:52,9.01,-0.01,22,19822,卖盘
2182,14:13:55,8.98,-0.03,100,89944,卖盘
2183,14:14:10,8.98,0.0,15,13471,卖盘
2184,14:14:13,8.99,0.01,10,8984,买盘
2185,14:14:28,8.96,-0.03,21,18816,卖盘
2186,14:14:31,8.98,0.02,26,23348,买盘
2187,14:14:43,8.98,0.0,26,23348,卖盘
2188,14:14:57,8.98,0.0,300,269414,卖盘
2189,14:15:01,9.01,0.03,5,4505,买盘
2190,14:15:19,9.01,0.0,31,27904,买盘
2191,14:15:28,9.01,0.0,5,4505,买盘
2192,14:15:31,9.01,0.0,13,11713,买盘
2193,14:15:55,9.01,0.0,3,2703,买盘
2194,14:15:58,9.01,0.0,5,4505,买盘
2195,14:16:04,9.0,-0.01,34,30605,卖盘
2196,14:16:09,9.0,0.0,7,6300,买盘
2197,14:16:16,8.98,-0.02,21,18858,卖盘
2198,14:16:22,9.0,0.02,2,1800,买盘
2199,14:16:27,9.0,0.0,10,9000,买盘
2200,14:16:34,9.0,0.0,13,11700,买盘
2201,14:16:49,8.99,-0.01,3,2697,买盘
2202,14:16:58,8.98,-0.01,25,22450,卖盘
2203,14:17:01,8.98,0.0,50,44900,卖盘
2204,14:17:07,8.97,-0.01,17,15249,卖盘
2205,14:17:10,8.96,-0.01,26,23296,卖盘
2206,14:17:16,8.96,0.0,3,2688,卖盘
2207,14:17:21,8.95,-0.01,21,18810,卖盘
2208,14:17:40,8.97,0.02,113,101306,买盘
2209,14:17:43,8.98,0.01,10,8980,买盘
2210,14:17:46,8.98,0.0,7,6286,买盘
2211,14:17:55,8.98,0.0,14,12572,买盘
2212,14:18:18,8.98,0.0,17,15266,买盘
2213,14:18:30,8.99,0.01,30,26947,买盘
2214,14:18:49,9.0,0.01,166,149400,买盘
2215,14:18:54,9.01,0.01,5,4505,买盘
2216,14:19:13,9.0,-0.01,43,38700,卖盘
2217,14:19:16,9.01,0.01,14,12614,买盘
2218,14:19:18,9.01,0.0,4,3604,买盘
2219,14:19:21,9.0,-0.01,36,32400,卖盘
2220,14:19:28,9.01,0.01,1,901,买盘
2221,14:19:31,9.0,-0.01,50,45000,卖盘
2222,14:19:34,9.0,0.0,54,48600,卖盘
2223,14:19:40,9.0,0.0,70,63000,卖盘
2224,14:19:43,9.01,0.01,18,16211,买盘
2225,14:19:45,9.0,-0.01,64,57600,卖盘
2226,14:20:01,8.98,-0.02,30,26960,卖盘
2227,14:20:10,9.0,0.02,14,12600,买盘
2228,14:20:18,8.98,-0.02,4,3592,卖盘
2229,14:20:24,9.0,0.02,12,10799,买盘
2230,14:20:30,8.98,-0.02,2,1796,卖盘
2231,14:21:04,8.98,0.0,2,1796,卖盘
2232,14:21:21,8.99,0.01,1,899,买盘
2233,14:21:45,9.0,0.01,22,19800,买盘
2234,14:21:49,9.0,0.0,1,900,买盘
2235,14:22:09,8.98,-0.02,8,7184,卖盘
2236,14:22:18,8.98,0.0,7,6286,买盘
2237,14:22:21,8.95,-0.03,26,23295,卖盘
2238,14:22:30,8.95,0.0,17,15216,卖盘
2239,14:22:36,8.95,0.0,59,52805,卖盘
2240,14:22:43,8.95,0.0,8,7160,卖盘
2241,14:22:46,8.95,0.0,36,32220,卖盘
2242,14:22:49,8.95,0.0,30,26833,卖盘
2243,14:23:00,8.95,0.0,2,1790,买盘
2244,14:23:10,8.95,0.0,18,16128,买盘
2245,14:24:00,8.96,0.01,21,18816,卖盘
2246,14:24:10,8.97,0.01,2,1794,买盘
2247,14:24:15,8.96,-0.01,62,55552,卖盘
2248,14:24:25,8.96,0.0,46,41216,卖盘
2249,14:24:27,8.96,0.0,10,8960,买盘
2250,14:24:34,8.96,0.0,39,34944,买盘
2251,14:24:40,8.95,-0.01,73,65335,卖盘
2252,14:24:46,8.95,0.0,5,4475,卖盘
2253,14:24:51,8.95,0.0,25,22357,卖盘
2254,14:24:54,8.95,0.0,25,22375,买盘
2255,14:25:01,8.9,-0.05,200,178299,卖盘
2256,14:25:04,8.95,0.05,10,8950,买盘
2257,14:25:40,8.94,-0.01,10,8940,买盘
2258,14:25:42,8.9,-0.04,6,5340,卖盘
2259,14:25:52,8.9,0.0,12,10680,卖盘
2260,14:25:58,8.88,-0.02,74,65746,卖盘
2261,14:26:04,8.88,0.0,2,1776,卖盘
2262,14:26:07,8.94,0.06,2,1788,买盘
2263,14:26:16,8.94,0.0,10,8940,买盘
2264,14:26:19,8.88,-0.06,21,18658,卖盘
2265,14:26:34,8.88,0.0,1,888,卖盘
2266,14:26:37,8.88,0.0,39,34632,卖盘
2267,14:26:42,8.9,0.02,5,4450,买盘
2268,14:26:46,8.88,-0.02,23,20424,卖盘
2269,14:27:01,8.9,0.02,1,890,买盘
2270,14:27:04,8.9,0.0,1,890,买盘
2271,14:27:07,8.88,-0.02,90,79920,卖盘
2272,14:27:10,8.9,0.02,17,15130,买盘
2273,14:27:12,8.9,0.0,12,10680,卖盘
2274,14:27:19,8.9,0.0,81,72090,卖盘
2275,14:27:24,8.9,0.0,35,31100,买盘
2276,14:27:27,8.93,0.03,26,23218,买盘
2277,14:27:34,8.93,0.0,22,19646,卖盘
2278,14:27:42,8.93,0.0,12,10716,卖盘
2279,14:27:55,8.93,0.0,2,1786,买盘
2280,14:27:58,8.9,-0.03,26,23140,卖盘
2281,14:28:06,8.9,0.0,22,19580,卖盘
2282,14:28:12,8.9,0.0,1,890,买盘
2283,14:28:18,8.89,-0.01,20,17808,卖盘
2284,14:28:28,8.91,0.02,1,891,卖盘
2285,14:28:34,8.91,0.0,2,1782,买盘
2286,14:28:37,8.91,0.0,15,13365,买盘
2287,14:28:40,8.91,0.0,29,25818,买盘
2288,14:28:43,8.91,0.0,55,49055,卖盘
2289,14:28:48,8.91,0.0,24,21384,卖盘
2290,14:28:58,8.91,0.0,120,106990,卖盘
2291,14:29:12,8.91,0.0,54,48117,卖盘
2292,14:29:15,8.93,0.02,14,12500,买盘
2293,14:29:21,8.93,0.0,36,32148,卖盘
2294,14:29:27,8.93,0.0,58,51794,卖盘
2295,14:29:30,8.93,0.0,20,17860,买盘
2296,14:29:46,8.93,0.0,17,15181,买盘
2297,14:29:49,8.92,-0.01,11,9812,卖盘
2298,14:29:54,8.92,0.0,15,13380,买盘
2299,14:29:58,8.91,-0.01,46,40986,卖盘
2300,14:30:01,8.91,0.0,52,46332,卖盘
2301,14:30:04,8.92,0.01,50,44552,买盘
2302,14:30:12,8.9,-0.02,1,890,卖盘
2303,14:30:24,8.92,0.02,20,17840,买盘
2304,14:30:28,8.9,-0.02,31,27590,卖盘
2305,14:30:31,8.9,0.0,9,8010,卖盘
2306,14:30:36,8.9,0.0,42,37380,买盘
2307,14:30:40,8.9,0.0,32,28480,卖盘
2308,14:30:52,8.9,0.0,31,27590,卖盘
2309,14:31:01,8.91,0.01,1,891,买盘
2310,14:31:10,8.9,-0.01,176,156644,卖盘
2311,14:31:16,8.9,0.0,5,4450,买盘
2312,14:31:19,8.89,-0.01,33,29344,卖盘
2313,14:31:31,8.88,-0.01,38,33762,卖盘
2314,14:31:46,8.88,0.0,91,80824,卖盘
2315,14:31:52,8.9,0.02,12,10662,买盘
2316,14:31:55,8.87,-0.03,66,58542,卖盘
2317,14:31:57,8.85,-0.02,130,115127,卖盘
2318,14:32:00,8.85,0.0,45,39825,卖盘
2319,14:32:09,8.83,-0.02,6,5303,卖盘
2320,14:32:16,8.83,0.0,14,12362,卖盘
2321,14:32:18,8.83,0.0,8,7064,买盘
2322,14:32:22,8.82,-0.01,52,45906,卖盘
2323,14:32:24,8.8,-0.02,58,51085,卖盘
2324,14:32:31,8.8,0.0,166,146090,卖盘
2325,14:32:34,8.81,0.01,14,12344,卖盘
2326,14:32:37,8.76,-0.05,296,259839,卖盘
2327,14:32:43,8.76,0.0,4,3504,买盘
2328,14:32:45,8.78,0.02,1,878,卖盘
2329,14:32:51,8.76,-0.02,21,18401,买盘
2330,14:32:55,8.75,-0.01,20,17510,卖盘
2331,14:32:57,8.76,0.01,6,5266,卖盘
2332,14:33:00,8.78,0.02,2,1756,中性盘
2333,14:33:04,8.75,-0.03,46,40287,卖盘
2334,14:33:07,8.76,0.01,10,8760,买盘
2335,14:33:13,8.75,-0.01,13,11385,卖盘
2336,14:33:15,8.73,-0.02,62,54243,卖盘
2337,14:33:22,8.77,0.04,2,1754,卖盘
2338,14:33:25,8.75,-0.02,6,5252,卖盘
2339,14:33:28,8.75,0.0,36,31470,买盘
2340,14:33:31,8.74,-0.01,65,56881,卖盘
2341,14:33:37,8.76,0.02,46,40251,买盘
2342,14:33:40,8.74,-0.02,3,2624,卖盘
2343,14:33:43,8.76,0.02,5,4374,买盘
2344,14:33:46,8.77,0.01,39,34191,买盘
2345,14:33:58,8.78,0.01,7,6146,买盘
2346,14:34:04,8.8,0.02,1,880,买盘
2347,14:34:16,8.8,0.0,5,4400,卖盘
2348,14:34:25,8.8,0.0,30,26400,卖盘
2349,14:34:36,8.82,0.02,32,28172,中性盘
2350,14:34:42,8.81,-0.01,21,18502,卖盘
2351,14:34:46,8.82,0.01,35,30817,买盘
2352,14:34:48,8.82,0.0,1,882,买盘
2353,14:34:52,8.82,0.0,2,1764,买盘
2354,14:34:55,8.82,0.0,1,882,买盘
2355,14:34:58,8.8,-0.02,30,26408,卖盘
2356,14:35:04,8.78,-0.02,80,70395,卖盘
2357,14:35:10,8.82,0.04,6,5292,买盘
2358,14:35:13,8.82,0.0,2,1764,买盘
2359,14:35:16,8.8,-0.02,1,880,卖盘
2360,14:35:19,8.82,0.02,28,24696,买盘
2361,14:35:31,8.82,0.0,121,106193,卖盘
2362,14:35:39,8.83,0.01,2,1766,买盘
2363,14:35:51,8.83,0.0,48,42384,买盘
2364,14:35:55,8.83,0.0,8,7064,卖盘
2365,14:36:10,8.85,0.02,33,29205,买盘
2366,14:36:12,8.85,0.0,4,3540,买盘
2367,14:36:15,8.85,0.0,4,3540,买盘
2368,14:36:19,8.85,0.0,2,1770,买盘
2369,14:36:31,8.85,0.0,5,4425,买盘
2370,14:36:33,8.85,0.0,8,7080,买盘
2371,14:36:43,8.84,-0.01,61,53943,卖盘
2372,14:36:48,8.85,0.01,20,17700,卖盘
2373,14:36:58,8.86,0.01,14,12404,买盘
2374,14:37:07,8.87,0.01,25,22175,买盘
2375,14:37:19,8.88,0.01,5,4440,卖盘
2376,14:37:28,8.87,-0.01,33,29271,卖盘
2377,14:37:31,8.87,0.0,15,13305,买盘
2378,14:37:34,8.87,0.0,5,4435,买盘
2379,14:37:39,8.87,0.0,1,887,买盘
2380,14:37:43,8.86,-0.01,58,51391,卖盘
2381,14:37:46,8.87,0.01,33,29271,买盘
2382,14:37:55,8.88,0.01,21,18628,买盘
2383,14:38:01,8.87,-0.01,74,65638,卖盘
2384,14:38:07,8.87,0.0,7,6209,买盘
2385,14:38:10,8.87,0.0,25,22161,买盘
2386,14:38:13,8.86,-0.01,4,3544,中性盘
2387,14:38:22,8.85,-0.01,59,52215,卖盘
2388,14:38:24,8.87,0.02,22,19492,买盘
2389,14:38:27,8.85,-0.02,90,79650,卖盘
2390,14:38:31,8.85,0.0,49,43387,卖盘
2391,14:38:34,8.85,0.0,3,2655,卖盘
2392,14:38:37,8.86,0.01,7,6202,中性盘
2393,14:38:42,8.86,0.0,1,886,卖盘
2394,14:38:46,8.87,0.01,16,14192,买盘
2395,14:38:49,8.86,-0.01,1,886,卖盘
2396,14:38:52,8.86,0.0,3,2658,卖盘
2397,14:38:58,8.87,0.01,45,39915,买盘
2398,14:39:09,8.86,-0.01,4,3544,卖盘
2399,14:39:15,8.86,0.0,4,3544,卖盘
2400,14:39:21,8.86,0.0,1,886,买盘
2401,14:39:24,8.87,0.01,61,54100,买盘
2402,14:39:34,8.87,0.0,1,887,卖盘
2403,14:39:43,8.87,0.0,1,887,买盘
2404,14:39:49,8.85,-0.02,50,44267,卖盘
2405,14:39:55,8.86,0.01,5,4430,卖盘
2406,14:40:04,8.87,0.01,66,58535,买盘
2407,14:40:07,8.87,0.0,43,38141,卖盘
2408,14:40:19,8.87,0.0,4,3548,买盘
2409,14:40:37,8.87,0.0,10,8870,买盘
2410,14:40:40,8.87,0.0,27,23949,买盘
2411,14:40:55,8.87,0.0,28,24836,卖盘
2412,14:41:00,8.86,-0.01,5,4430,卖盘
2413,14:41:04,8.86,0.0,1,886,卖盘
2414,14:41:12,8.87,0.01,5,4435,买盘
2415,14:41:16,8.87,0.0,68,60315,买盘
2416,14:41:21,8.87,0.0,20,17740,买盘
2417,14:41:24,8.87,0.0,2,1774,买盘
2418,14:41:28,8.87,0.0,1,887,买盘
2419,14:41:34,8.87,0.0,5,4435,买盘
2420,14:41:43,8.87,0.0,17,15079,买盘
2421,14:41:49,8.87,0.0,2,1774,买盘
2422,14:41:51,8.87,0.0,16,14192,买盘
2423,14:41:55,8.86,-0.01,47,41642,卖盘
2424,14:42:01,8.86,0.0,40,35440,卖盘
2425,14:42:04,8.86,0.0,7,6202,卖盘
2426,14:42:07,8.86,0.0,15,13290,买盘
2427,14:42:16,8.87,0.01,100,88654,买盘
2428,14:42:37,8.87,0.0,11,9757,买盘
2429,14:42:40,8.87,0.0,1,887,买盘
2430,14:42:52,8.86,-0.01,5,4430,卖盘
2431,14:42:55,8.86,0.0,6,5316,卖盘
2432,14:43:00,8.86,0.0,10,8860,卖盘
2433,14:43:04,8.86,0.0,5,4430,卖盘
2434,14:43:13,8.87,0.01,30,26610,买盘
2435,14:43:25,8.86,-0.01,15,13290,卖盘
2436,14:43:28,8.86,0.0,10,8860,卖盘
2437,14:43:34,8.86,0.0,17,15062,卖盘
2438,14:43:46,8.86,0.0,10,8860,卖盘
2439,14:43:49,8.87,0.01,3,2661,买盘
2440,14:44:04,8.86,-0.01,35,31010,卖盘
2441,14:44:10,8.86,0.0,30,26580,卖盘
2442,14:44:19,8.86,0.0,15,13290,卖盘
2443,14:44:25,8.86,0.0,11,9746,卖盘
2444,14:44:28,8.87,0.01,44,38988,买盘
2445,14:44:37,8.86,-0.01,131,116066,卖盘
2446,14:44:43,8.86,0.0,3,2658,买盘
2447,14:44:45,8.86,0.0,5,4430,买盘
2448,14:44:49,8.87,0.01,179,158685,买盘
2449,14:45:04,8.86,-0.01,10,8860,卖盘
2450,14:45:07,8.85,-0.01,50,44295,卖盘
2451,14:45:19,8.87,0.02,5,4435,买盘
2452,14:45:24,8.85,-0.02,15,13280,卖盘
2453,14:45:27,8.87,0.02,8,7096,买盘
2454,14:45:34,8.85,-0.02,1,885,卖盘
2455,14:45:40,8.85,0.0,5,4425,卖盘
2456,14:45:43,8.84,-0.01,707,625413,卖盘
2457,14:45:49,8.84,0.0,5,4420,买盘
2458,14:45:52,8.84,0.0,88,77745,买盘
2459,14:45:55,8.82,-0.02,264,233419,卖盘
2460,14:46:01,8.8,-0.02,100,88006,卖盘
2461,14:46:04,8.82,0.02,1,882,买盘
2462,14:46:07,8.82,0.0,50,44100,买盘
2463,14:46:10,8.82,0.0,20,17640,买盘
2464,14:46:16,8.81,-0.01,128,112886,卖盘
2465,14:46:19,8.82,0.01,33,29089,买盘
2466,14:46:22,8.8,-0.02,301,264889,卖盘
2467,14:46:25,8.81,0.01,3,2643,买盘
2468,14:46:28,8.81,0.0,12,10572,买盘
2469,14:46:31,8.8,-0.01,100,88019,卖盘
2470,14:46:36,8.81,0.01,10,8810,中性盘
2471,14:46:40,8.81,0.0,1,881,买盘
2472,14:46:46,8.81,0.0,5,4405,卖盘
2473,14:46:49,8.81,0.0,28,24668,卖盘
2474,14:46:52,8.81,0.0,81,71361,卖盘
2475,14:46:55,8.81,0.0,4,3524,买盘
2476,14:46:57,8.82,0.01,52,45824,买盘
2477,14:47:00,8.82,0.0,5,4410,买盘
2478,14:47:04,8.82,0.0,63,55492,买盘
2479,14:47:12,8.82,0.0,80,70560,卖盘
2480,14:47:15,8.82,0.0,164,144648,卖盘
2481,14:47:22,8.81,-0.01,17,14977,卖盘
2482,14:47:24,8.82,0.01,3,2646,买盘
2483,14:47:34,8.81,-0.01,4,3524,卖盘
2484,14:47:37,8.8,-0.01,190,167265,卖盘
2485,14:47:40,8.82,0.02,28,24670,买盘
2486,14:47:46,8.8,-0.02,17,14960,中性盘
2487,14:47:49,8.78,-0.02,500,439239,卖盘
2488,14:47:58,8.78,0.0,25,21950,卖盘
2489,14:48:00,8.79,0.01,5,4395,买盘
2490,14:48:03,8.78,-0.01,4,3512,卖盘
2491,14:48:10,8.81,0.03,26,22869,买盘
2492,14:48:16,8.78,-0.03,20,17560,卖盘
2493,14:48:19,8.79,0.01,26,22854,中性盘
2494,14:48:22,8.8,0.01,6,5280,买盘
2495,14:48:30,8.8,0.0,2,1760,卖盘
2496,14:48:33,8.79,-0.01,6,5278,卖盘
2497,14:48:36,8.79,0.0,1,879,买盘
2498,14:48:46,8.8,0.01,1,880,买盘
2499,14:48:52,8.79,-0.01,25,21990,卖盘
2500,14:48:58,8.8,0.01,5,4400,买盘
2501,14:49:01,8.8,0.0,15,13200,买盘
2502,14:49:04,8.79,-0.01,57,50103,卖盘
2503,14:49:07,8.78,-0.01,176,154682,卖盘
2504,14:49:24,8.78,0.0,244,214309,卖盘
2505,14:49:31,8.78,0.0,2,1756,买盘
2506,14:49:37,8.74,-0.04,1929,1689267,卖盘
2507,14:49:40,8.77,0.03,5,4385,中性盘
2508,14:49:46,8.73,-0.04,121,105741,卖盘
2509,14:49:52,8.75,0.02,19,16645,卖盘
2510,14:49:55,8.75,0.0,1,875,卖盘
2511,14:49:58,8.75,0.0,17,14860,买盘
2512,14:50:01,8.73,-0.02,217,189441,卖盘
2513,14:50:04,8.75,0.02,9,7871,买盘
2514,14:50:06,8.74,-0.01,6,5244,卖盘
2515,14:50:16,8.74,0.0,46,40204,卖盘
2516,14:50:19,8.74,0.0,48,41969,卖盘
2517,14:50:22,8.74,0.0,23,20102,卖盘
2518,14:50:28,8.74,0.0,3,2622,买盘
2519,14:50:31,8.73,-0.01,46,40201,卖盘
2520,14:50:34,8.73,0.0,109,95165,卖盘
2521,14:50:36,8.74,0.01,3,2622,买盘
2522,14:50:39,8.73,-0.01,1402,1224253,卖盘
2523,14:50:43,8.72,-0.01,46,40125,卖盘
2524,14:50:46,8.73,0.01,18,15714,买盘
2525,14:50:49,8.72,-0.01,28,24421,卖盘
2526,14:50:52,8.72,0.0,111,96847,卖盘
2527,14:50:57,8.71,-0.01,2,1742,卖盘
2528,14:51:01,8.72,0.01,22,19183,买盘
2529,14:51:04,8.72,0.0,45,39240,买盘
2530,14:51:07,8.72,0.0,85,74120,买盘
2531,14:51:10,8.73,0.01,400,348820,买盘
2532,14:51:13,8.72,-0.01,16,13964,卖盘
2533,14:51:16,8.75,0.03,1,875,买盘
2534,14:51:19,8.72,-0.03,406,354038,卖盘
2535,14:51:22,8.73,0.01,15,13095,买盘
2536,14:51:25,8.75,0.02,11,9625,买盘
2537,14:51:31,8.75,0.0,5,4375,卖盘
2538,14:51:34,8.73,-0.02,9,7857,卖盘
2539,14:51:37,8.74,0.01,16,13984,买盘
2540,14:51:40,8.75,0.01,14,12246,买盘
2541,14:51:46,8.75,0.0,43,37584,中性盘
2542,14:51:49,8.75,0.0,9,7875,买盘
2543,14:51:52,8.74,-0.01,11,9614,卖盘
2544,14:51:55,8.74,0.0,50,43700,卖盘
2545,14:51:58,8.74,0.0,54,47156,买盘
2546,14:52:01,8.74,0.0,15,13110,买盘
2547,14:52:04,8.74,0.0,3,2622,买盘
2548,14:52:06,8.74,0.0,194,169399,买盘
2549,14:52:10,8.73,-0.01,50,43680,中性盘
2550,14:52:13,8.74,0.01,44,38456,买盘
2551,14:52:16,8.74,0.0,110,96140,卖盘
2552,14:52:19,8.74,0.0,60,52440,卖盘
2553,14:52:22,8.75,0.01,1,875,买盘
2554,14:52:27,8.74,-0.01,169,147706,卖盘
2555,14:52:31,8.74,0.0,11,9614,买盘
2556,14:52:34,8.73,-0.01,268,233979,卖盘
2557,14:52:37,8.73,0.0,29,25317,买盘
2558,14:52:40,8.73,0.0,84,73332,买盘
2559,14:52:43,8.73,0.0,15,13095,买盘
2560,14:52:46,8.73,0.0,9,7857,买盘
2561,14:52:48,8.73,0.0,13,11349,买盘
2562,14:52:52,8.71,-0.02,596,519703,卖盘
2563,14:52:54,8.73,0.02,47,40507,买盘
2564,14:52:58,8.73,0.0,16,14492,卖盘
2565,14:53:04,8.71,-0.02,151,131585,卖盘
2566,14:53:07,8.7,-0.01,534,464900,卖盘
2567,14:53:10,8.72,0.02,10,8720,中性盘
2568,14:53:12,8.7,-0.02,288,250595,卖盘
2569,14:53:15,8.7,0.0,30,26130,卖盘
2570,14:53:18,8.72,0.02,61,53192,买盘
2571,14:53:22,8.72,0.0,1,872,买盘
2572,14:53:25,8.71,-0.01,31,27001,卖盘
2573,14:53:28,8.7,-0.01,192,167040,卖盘
2574,14:53:31,8.7,0.0,10,8700,卖盘
2575,14:53:33,8.7,0.0,10,8705,卖盘
2576,14:53:36,8.71,0.01,20,17420,买盘
2577,14:53:43,8.71,0.0,234,203537,买盘
2578,14:53:46,8.71,0.0,14,12189,买盘
2579,14:53:48,8.69,-0.02,649,563981,卖盘
2580,14:53:51,8.69,0.0,17,14773,买盘
2581,14:53:55,8.69,0.0,85,73805,买盘
2582,14:53:57,8.68,-0.01,104,90272,卖盘
2583,14:54:01,8.69,0.01,42,36478,买盘
2584,14:54:04,8.69,0.0,62,53818,买盘
2585,14:54:07,8.7,0.01,134,116524,买盘
2586,14:54:10,8.7,0.0,248,215872,卖盘
2587,14:54:12,8.7,0.0,206,179220,卖盘
2588,14:54:16,8.7,0.0,110,95700,卖盘
2589,14:54:19,8.71,0.01,551,479115,买盘
2590,14:54:22,8.71,0.0,11,9582,卖盘
2591,14:54:25,8.7,-0.01,93,80981,卖盘
2592,14:54:28,8.7,0.0,33,28710,买盘
2593,14:54:31,8.68,-0.02,151,131075,卖盘
2594,14:54:34,8.7,0.02,36,31314,买盘
2595,14:54:37,8.69,-0.01,20,17380,卖盘
2596,14:54:40,8.7,0.01,165,143550,买盘
2597,14:54:43,8.7,0.0,3,2610,买盘
2598,14:54:46,8.68,-0.02,162,140752,卖盘
2599,14:54:49,8.68,0.0,32,27785,卖盘
2600,14:54:52,8.67,-0.01,100,86700,卖盘
2601,14:54:55,8.68,0.01,2,1736,买盘
2602,14:54:58,8.68,0.0,50,43400,买盘
2603,14:55:01,8.68,0.0,7,6076,买盘
2604,14:55:04,8.66,-0.02,481,416725,卖盘
2605,14:55:06,8.67,0.01,51,44237,买盘
2606,14:55:10,8.67,0.0,20,17343,卖盘
2607,14:55:13,8.67,0.0,20,17340,买盘
2608,14:55:16,8.65,-0.02,57,49333,卖盘
2609,14:55:19,8.67,0.02,6,5202,买盘
2610,14:55:22,8.67,0.0,9,7803,买盘
2611,14:55:25,8.65,-0.02,72,62370,卖盘
2612,14:55:28,8.66,0.01,3,2598,中性盘
2613,14:55:31,8.66,0.0,5,4330,卖盘
2614,14:55:33,8.65,-0.01,88,76148,卖盘
2615,14:55:36,8.65,0.0,73,63145,买盘
2616,14:55:40,8.66,0.01,82,70960,买盘
2617,14:55:46,8.67,0.01,13,11269,买盘
2618,14:55:51,8.67,0.0,45,39015,买盘
2619,14:55:54,8.68,0.01,43,37290,买盘
2620,14:55:57,8.68,0.0,26,22568,买盘
2621,14:56:01,8.67,-0.01,153,132758,卖盘
2622,14:56:04,8.68,0.01,8,6944,买盘
2623,14:56:06,8.68,0.0,64,55552,买盘
2624,14:56:10,8.68,0.0,110,95464,买盘
2625,14:56:12,8.69,0.01,6,5214,买盘
2626,14:56:15,8.68,-0.01,148,128464,卖盘
2627,14:56:18,8.68,0.0,76,65928,买盘
2628,14:56:22,8.68,0.0,23,19964,买盘
2629,14:56:24,8.69,0.01,36,31258,买盘
2630,14:56:28,8.69,0.0,15,13030,买盘
2631,14:56:31,8.69,0.0,86,74734,卖盘
2632,14:56:33,8.69,0.0,455,396145,卖盘
2633,14:56:36,8.69,0.0,98,84984,买盘
2634,14:56:39,8.69,0.0,194,168586,买盘
2635,14:56:42,8.69,0.0,41,35629,买盘
2636,14:56:49,8.7,0.01,2,1740,卖盘
2637,14:56:52,8.68,-0.02,548,476312,卖盘
2638,14:56:55,8.68,0.0,60,52080,买盘
2639,14:56:58,8.68,0.0,112,97016,买盘
2640,14:57:00,8.69,0.01,59,51225,买盘
2641,15:00:04,8.65,-0.04,3319,2870935,卖盘
