,time,price,change,volume,amount,type
0,09:25:04,30.42,-0.88,637,1937754,卖盘
1,09:30:01,30.43,0.01,3,9129,买盘
2,09:30:04,30.41,-0.02,517,1571083,卖盘
3,09:30:07,30.4,-0.01,184,559408,中性盘
4,09:30:10,30.42,0.02,369,1122013,买盘
5,09:30:13,30.42,0.0,153,465217,买盘
6,09:30:16,30.38,-0.04,89,270102,卖盘
7,09:30:19,30.36,-0.02,24,72904,中性盘
8,09:30:22,30.32,-0.04,9,27296,卖盘
9,09:30:25,30.42,0.1,53,161173,买盘
10,09:30:28,30.25,-0.17,30,90875,卖盘
11,09:30:31,30.41,0.16,24,72797,买盘
12,09:30:34,30.42,0.01,3,9126,买盘
13,09:30:37,30.38,-0.04,8,24323,卖盘
14,09:30:40,30.41,0.03,6,18246,买盘
15,09:30:43,30.41,0.0,3,9123,买盘
16,09:30:46,30.41,0.0,29,88162,买盘
17,09:30:49,30.39,-0.02,60,182351,卖盘
18,09:30:52,30.42,0.03,78,237175,买盘
19,09:30:55,30.37,-0.05,50,151982,卖盘
20,09:30:58,30.4,0.03,18,54690,买盘
21,09:31:01,30.4,0.0,47,142880,买盘
22,09:31:04,30.38,-0.02,31,94251,卖盘
23,09:31:07,30.4,0.02,47,142880,买盘
24,09:31:09,30.4,0.0,10,30400,买盘
25,09:31:13,30.4,0.0,15,45589,买盘
26,09:31:16,30.38,-0.02,11,33438,卖盘
27,09:31:19,30.4,0.02,17,51684,中性盘
28,09:31:22,30.41,0.01,40,121610,中性盘
29,09:31:24,30.42,0.01,98,297846,买盘
30,09:31:28,30.4,-0.02,17,51681,卖盘
31,09:31:31,30.42,0.02,58,176385,买盘
32,09:31:34,30.4,-0.02,11,33441,卖盘
33,09:31:37,30.42,0.02,6,18247,买盘
34,09:31:40,30.42,0.0,37,112537,买盘
35,09:31:43,30.42,0.0,177,538405,买盘
36,09:31:46,30.42,0.0,22,66924,卖盘
37,09:31:49,30.43,0.01,3,9129,买盘
38,09:31:52,30.44,0.01,63,191779,中性盘
39,09:31:54,30.44,0.0,34,103485,买盘
40,09:31:58,30.43,-0.01,86,261842,卖盘
41,09:32:04,30.48,0.05,19,57903,卖盘
42,09:32:07,30.48,0.0,8,24375,买盘
43,09:32:09,30.47,-0.01,2,6094,中性盘
44,09:32:13,30.48,0.01,105,319945,买盘
45,09:32:16,30.47,-0.01,70,213304,中性盘
46,09:32:19,30.48,0.01,23,70088,买盘
47,09:32:22,30.48,0.0,21,64010,买盘
48,09:32:25,30.48,0.0,3,9144,卖盘
49,09:32:27,30.48,0.0,122,371878,卖盘
50,09:32:31,30.49,0.01,45,137203,买盘
51,09:32:34,30.49,0.0,12,36588,买盘
52,09:32:37,30.5,0.01,8,24400,买盘
53,09:32:40,30.5,0.0,52,158586,买盘
54,09:32:43,30.51,0.01,23,70172,买盘
55,09:32:46,30.51,0.0,22,67117,买盘
56,09:32:49,30.51,0.0,165,503356,买盘
57,09:32:52,30.51,0.0,66,201345,买盘
58,09:32:55,30.51,0.0,5,15255,卖盘
59,09:33:01,30.57,0.06,3,9171,买盘
60,09:33:04,30.6,0.03,27,82544,买盘
61,09:33:06,30.6,0.0,7,21420,买盘
62,09:33:10,30.66,0.06,23,70416,买盘
63,09:33:13,30.68,0.02,12,36778,买盘
64,09:33:19,30.66,-0.02,17,52122,买盘
65,09:33:21,30.68,0.02,53,162433,买盘
66,09:33:25,30.64,-0.04,11,33708,卖盘
67,09:33:28,30.68,0.04,40,122689,买盘
68,09:33:31,30.67,-0.01,81,248474,买盘
69,09:33:33,30.67,0.0,17,52139,卖盘
70,09:33:37,30.68,0.01,18,55299,中性盘
71,09:33:40,30.73,0.05,6,18438,买盘
72,09:33:43,30.73,0.0,6,18438,卖盘
73,09:33:46,30.74,0.01,44,135220,买盘
74,09:33:49,30.73,-0.01,91,279581,卖盘
75,09:33:52,30.74,0.01,77,236421,买盘
76,09:33:54,30.73,-0.01,26,79912,卖盘
77,09:33:58,30.73,0.0,43,132033,买盘
78,09:34:01,30.68,-0.05,11,33743,中性盘
79,09:34:04,30.71,0.03,202,620405,买盘
80,09:34:07,30.66,-0.05,30,92056,卖盘
81,09:34:10,30.67,0.01,10,30670,买盘
82,09:34:13,30.66,-0.01,21,64397,卖盘
83,09:34:16,30.65,-0.01,40,122642,卖盘
84,09:34:19,30.64,-0.01,12,36771,卖盘
85,09:34:22,30.64,0.0,10,30625,买盘
86,09:34:25,30.64,0.0,12,36760,买盘
87,09:34:31,30.6,-0.04,41,125460,卖盘
88,09:34:34,30.6,0.0,1,3060,买盘
89,09:34:37,30.6,0.0,56,171233,买盘
90,09:34:40,30.6,0.0,63,192697,买盘
91,09:34:43,30.58,-0.02,56,171248,卖盘
92,09:34:46,30.58,0.0,73,223260,卖盘
93,09:34:49,30.6,0.02,204,623896,买盘
94,09:34:52,30.59,-0.01,6,18357,卖盘
95,09:34:55,30.6,0.01,14,42837,买盘
96,09:34:58,30.6,0.0,4,12240,卖盘
97,09:35:01,30.6,0.0,2,6120,卖盘
98,09:35:04,30.61,0.01,14,42841,买盘
99,09:35:06,30.61,0.0,8,24487,买盘
100,09:35:10,30.62,0.01,14,42868,卖盘
101,09:35:13,30.62,0.0,1,3062,卖盘
102,09:35:16,30.61,-0.01,6,18371,卖盘
103,09:35:19,30.62,0.01,35,107165,买盘
104,09:35:21,30.63,0.01,20,61242,买盘
105,09:35:28,30.62,-0.01,88,269398,卖盘
106,09:35:31,30.63,0.01,4,12252,买盘
107,09:35:34,30.63,0.0,6,18378,卖盘
108,09:35:37,30.65,0.02,37,113354,买盘
109,09:35:40,30.65,0.0,23,70475,买盘
110,09:35:43,30.65,0.0,17,52105,买盘
111,09:35:45,30.65,0.0,24,73568,卖盘
112,09:35:49,30.66,0.01,43,131806,买盘
113,09:35:52,30.66,0.0,12,36797,卖盘
114,09:35:55,30.67,0.01,25,76670,买盘
115,09:35:58,30.67,0.0,11,33758,卖盘
116,09:36:04,30.71,0.04,17,52186,买盘
117,09:36:06,30.71,0.0,43,131913,买盘
118,09:36:10,30.71,0.0,2,6142,买盘
119,09:36:13,30.72,0.01,18,55274,买盘
120,09:36:16,30.71,-0.01,13,39923,卖盘
121,09:36:19,30.68,-0.03,25,76761,卖盘
122,09:36:22,30.72,0.04,32,98301,买盘
123,09:36:24,30.72,0.0,5,15360,卖盘
124,09:36:28,30.73,0.01,14,43013,买盘
125,09:36:31,30.71,-0.02,32,98331,卖盘
126,09:36:34,30.72,0.01,15,46077,买盘
127,09:36:37,30.7,-0.02,24,73702,卖盘
128,09:36:39,30.72,0.02,74,227236,买盘
129,09:36:43,30.72,0.0,46,141242,买盘
130,09:36:46,30.7,-0.02,82,251740,卖盘
131,09:36:49,30.7,0.0,19,58330,买盘
132,09:36:52,30.7,0.0,9,27627,买盘
133,09:36:55,30.7,0.0,81,248657,买盘
134,09:36:58,30.7,0.0,72,221068,卖盘
135,09:37:01,30.7,0.0,7,21490,卖盘
136,09:37:04,30.7,0.0,5,15350,卖盘
137,09:37:07,30.7,0.0,56,171992,卖盘
138,09:37:10,30.71,0.01,6,18425,买盘
139,09:37:13,30.7,-0.01,69,211869,卖盘
140,09:37:16,30.7,0.0,36,110555,卖盘
141,09:37:19,30.71,0.01,141,432824,买盘
142,09:37:22,30.7,-0.01,10,30700,中性盘
143,09:37:25,30.7,0.0,102,313042,买盘
144,09:37:28,30.68,-0.02,70,214832,卖盘
145,09:37:31,30.67,-0.01,28,85877,卖盘
146,09:37:34,30.69,0.02,3,9207,买盘
147,09:37:37,30.67,-0.02,42,128817,卖盘
148,09:37:43,30.64,-0.03,123,377012,卖盘
149,09:37:46,30.63,-0.01,23,70469,卖盘
150,09:37:49,30.61,-0.02,44,134711,卖盘
151,09:37:52,30.63,0.02,4,12252,中性盘
152,09:37:55,30.6,-0.03,16,48974,卖盘
153,09:37:57,30.6,0.0,4,12240,卖盘
154,09:38:01,30.6,0.0,21,64261,卖盘
155,09:38:04,30.6,0.0,42,128520,卖盘
156,09:38:07,30.6,0.0,7,21415,买盘
157,09:38:09,30.58,-0.02,25,76496,卖盘
158,09:38:12,30.58,0.0,34,103972,卖盘
159,09:38:16,30.58,0.0,36,110060,买盘
160,09:38:19,30.56,-0.02,7,21397,卖盘
161,09:38:22,30.56,0.0,3,9168,卖盘
162,09:38:25,30.57,0.01,20,61133,买盘
163,09:38:28,30.57,0.0,8,24456,买盘
164,09:38:34,30.55,-0.02,13,39725,卖盘
165,09:38:37,30.57,0.02,25,76390,买盘
166,09:38:40,30.55,-0.02,2,6110,中性盘
167,09:38:43,30.55,0.0,6,18330,买盘
168,09:38:46,30.53,-0.02,44,134311,卖盘
169,09:38:49,30.55,0.02,35,108493,买盘
170,09:38:52,30.55,0.0,18,54960,买盘
171,09:38:55,30.53,-0.02,10,30530,卖盘
172,09:38:58,30.55,0.02,44,134337,买盘
173,09:39:01,30.56,0.01,2,6112,卖盘
174,09:39:03,30.52,-0.04,30,91618,卖盘
175,09:39:07,30.6,0.08,31,94845,买盘
176,09:39:13,30.6,0.0,35,107100,卖盘
177,09:39:16,30.6,0.0,48,146892,卖盘
178,09:39:19,30.6,0.0,23,70348,买盘
179,09:39:22,30.6,0.0,10,30600,买盘
180,09:39:28,30.6,0.0,5,15300,卖盘
181,09:39:31,30.61,0.01,15,45909,买盘
182,09:39:33,30.61,0.0,2,6122,买盘
183,09:39:37,30.6,-0.01,58,177511,卖盘
184,09:39:40,30.61,0.01,7,21421,买盘
185,09:39:43,30.53,-0.08,100,305589,卖盘
186,09:39:45,30.61,0.08,7,21427,卖盘
187,09:39:49,30.63,0.02,16,49008,买盘
188,09:39:52,30.61,-0.02,23,70415,卖盘
189,09:39:55,30.62,0.01,1,3062,买盘
190,09:39:58,30.61,-0.01,16,49006,卖盘
191,09:40:01,30.63,0.02,1,3063,买盘
192,09:40:04,30.62,-0.01,2,6124,卖盘
193,09:40:07,30.62,0.0,10,30620,卖盘
194,09:40:10,30.63,0.01,3,9189,买盘
195,09:40:12,30.64,0.01,37,113350,买盘
196,09:40:16,30.64,0.0,12,36758,买盘
197,09:40:19,30.64,0.0,1,3064,买盘
198,09:40:22,30.62,-0.02,54,165363,卖盘
199,09:40:25,30.65,0.03,27,82755,买盘
200,09:40:28,30.66,0.01,13,39866,买盘
201,09:40:33,30.66,0.0,5,15330,卖盘
202,09:40:37,30.69,0.03,36,110456,买盘
203,09:40:43,30.7,0.01,33,101307,买盘
204,09:40:46,30.7,0.0,23,70610,买盘
205,09:40:49,30.72,0.02,19,58342,买盘
206,09:40:52,30.74,0.02,38,116751,买盘
207,09:40:55,30.74,0.0,17,52258,卖盘
208,09:40:58,30.75,0.01,16,49198,买盘
209,09:41:01,30.79,0.04,13,40005,买盘
210,09:41:07,30.8,0.01,39,119435,买盘
211,09:41:10,30.81,0.01,10,30801,买盘
212,09:41:16,30.85,0.04,15,46263,买盘
213,09:41:19,30.84,-0.01,42,129554,卖盘
214,09:41:22,30.85,0.01,3,9255,中性盘
215,09:41:25,30.87,0.02,25,77167,买盘
216,09:41:28,30.87,0.0,5,15435,卖盘
217,09:41:31,30.88,0.01,14,43232,买盘
218,09:41:34,30.89,0.01,5,15445,卖盘
219,09:41:36,30.87,-0.02,60,185280,卖盘
220,09:41:40,30.88,0.01,20,61760,中性盘
221,09:41:43,30.91,0.03,46,142102,买盘
222,09:41:46,30.87,-0.04,17,52478,卖盘
223,09:41:49,30.89,0.02,42,129716,买盘
224,09:41:55,30.88,-0.01,24,74132,卖盘
225,09:41:58,30.9,0.02,14,43258,中性盘
226,09:42:01,30.93,0.03,15,46362,买盘
227,09:42:04,30.94,0.01,27,83451,买盘
228,09:42:07,30.91,-0.03,41,126740,中性盘
229,09:42:10,30.94,0.03,62,191792,买盘
230,09:42:13,30.93,-0.01,15,46399,卖盘
231,09:42:16,30.91,-0.02,29,89702,卖盘
232,09:42:19,30.9,-0.01,29,89674,卖盘
233,09:42:22,30.91,0.01,17,52557,中性盘
234,09:42:25,30.88,-0.03,206,636349,卖盘
235,09:42:28,30.9,0.02,9,27825,中性盘
236,09:42:31,30.9,0.0,3,9270,买盘
237,09:42:34,30.9,0.0,35,108100,买盘
238,09:42:37,30.88,-0.02,22,67956,卖盘
239,09:42:40,30.9,0.02,51,157533,中性盘
240,09:42:43,30.88,-0.02,15,46320,卖盘
241,09:42:46,30.88,0.0,9,27792,买盘
242,09:42:48,30.87,-0.01,14,43203,中性盘
243,09:42:52,30.81,-0.06,1,3081,卖盘
244,09:42:55,30.81,0.0,9,27749,中性盘
245,09:42:58,30.79,-0.02,5,15399,卖盘
246,09:43:01,30.79,0.0,36,110844,卖盘
247,09:43:04,30.79,0.0,11,33869,卖盘
248,09:43:06,30.79,0.0,8,24629,买盘
249,09:43:10,30.78,-0.01,4,12312,卖盘
250,09:43:16,30.78,0.0,11,33858,买盘
251,09:43:19,30.76,-0.02,13,39998,卖盘
252,09:43:22,30.77,0.01,2,6154,买盘
253,09:43:25,30.75,-0.02,19,58426,卖盘
254,09:43:28,30.74,-0.01,4,12296,卖盘
255,09:43:34,30.74,0.0,4,12296,卖盘
256,09:43:37,30.72,-0.02,25,76872,卖盘
257,09:43:40,30.74,0.02,19,58378,买盘
258,09:43:43,30.71,-0.03,1,3071,卖盘
259,09:43:49,30.72,0.01,3,9216,买盘
260,09:43:52,30.71,-0.01,26,79836,卖盘
261,09:43:58,30.71,0.0,13,39923,买盘
262,09:44:01,30.72,0.01,27,82918,买盘
263,09:44:04,30.7,-0.02,9,27632,卖盘
264,09:44:13,30.71,0.01,7,21487,买盘
265,09:44:16,30.71,0.0,4,12284,中性盘
266,09:44:22,30.7,-0.01,16,49092,买盘
267,09:44:25,30.69,-0.01,10,30690,中性盘
268,09:44:27,30.71,0.02,1,3071,买盘
269,09:44:30,30.7,-0.01,3,9210,卖盘
270,09:44:34,30.69,-0.01,11,33769,卖盘
271,09:44:37,30.7,0.01,1,3070,卖盘
272,09:44:40,30.71,0.01,10,30710,买盘
273,09:44:43,30.71,0.0,8,24568,买盘
274,09:44:46,30.72,0.01,15,46080,买盘
275,09:44:49,30.7,-0.02,92,282441,卖盘
276,09:44:52,30.7,0.0,9,27635,卖盘
277,09:44:55,30.72,0.02,1,3072,买盘
278,09:45:00,30.72,0.0,2,6144,买盘
279,09:45:04,30.72,0.0,5,15360,买盘
280,09:45:07,30.72,0.0,12,36864,买盘
281,09:45:10,30.71,-0.01,1,3071,卖盘
282,09:45:13,30.72,0.01,2,6144,买盘
283,09:45:16,30.72,0.0,7,21502,买盘
284,09:45:19,30.72,0.0,29,89048,买盘
285,09:45:22,30.72,0.0,14,43008,买盘
286,09:45:25,30.72,0.0,13,39936,买盘
287,09:45:28,30.72,0.0,16,49152,买盘
288,09:45:31,30.71,-0.01,1,3071,卖盘
289,09:45:33,30.72,0.01,7,21504,买盘
290,09:45:40,30.72,0.0,38,116713,买盘
291,09:45:43,30.72,0.0,14,43008,买盘
292,09:45:46,30.72,0.0,19,58368,买盘
293,09:45:52,30.72,0.0,29,89088,买盘
294,09:45:57,30.72,0.0,20,61440,买盘
295,09:46:01,30.72,0.0,5,15360,买盘
296,09:46:07,30.72,0.0,11,33794,卖盘
297,09:46:10,30.74,0.02,10,30740,买盘
298,09:46:15,30.74,0.0,3,9222,买盘
299,09:46:19,30.72,-0.02,6,18436,卖盘
300,09:46:22,30.74,0.02,10,30748,中性盘
301,09:46:31,30.75,0.01,15,46135,卖盘
302,09:46:34,30.75,0.0,12,36904,卖盘
303,09:46:37,30.75,0.0,3,9224,买盘
304,09:46:40,30.78,0.03,2,6156,买盘
305,09:46:45,30.77,-0.01,34,104618,卖盘
306,09:46:49,30.79,0.02,2,6158,买盘
307,09:46:52,30.77,-0.02,67,206192,卖盘
308,09:46:55,30.77,0.0,3,9231,买盘
309,09:46:58,30.77,0.0,5,15385,买盘
310,09:47:01,30.77,0.0,11,33842,买盘
311,09:47:04,30.76,-0.01,2,6152,卖盘
312,09:47:06,30.76,0.0,2,6152,卖盘
313,09:47:10,30.74,-0.02,173,531855,卖盘
314,09:47:13,30.77,0.03,11,33847,买盘
315,09:47:16,30.74,-0.03,10,30744,卖盘
316,09:47:25,30.76,0.02,11,33828,买盘
317,09:47:28,30.74,-0.02,85,261290,卖盘
318,09:47:31,30.74,0.0,20,61480,买盘
319,09:47:34,30.74,0.0,1,3074,买盘
320,09:47:36,30.74,0.0,3,9222,买盘
321,09:47:40,30.7,-0.04,117,359269,卖盘
322,09:47:46,30.69,-0.01,11,33759,卖盘
323,09:47:52,30.65,-0.04,58,177827,卖盘
324,09:47:55,30.69,0.04,10,30678,买盘
325,09:47:58,30.62,-0.07,86,263510,卖盘
326,09:48:04,30.6,-0.02,66,202168,卖盘
327,09:48:07,30.6,0.0,22,67320,卖盘
328,09:48:10,30.6,0.0,34,104049,卖盘
329,09:48:12,30.6,0.0,14,42834,买盘
330,09:48:16,30.6,0.0,2,6120,买盘
331,09:48:19,30.58,-0.02,22,67310,卖盘
332,09:48:28,30.66,0.08,14,42927,中性盘
333,09:48:34,30.66,0.0,5,15330,卖盘
334,09:48:37,30.67,0.01,9,27611,中性盘
335,09:48:40,30.69,0.02,10,30690,买盘
336,09:48:42,30.7,0.01,5,15350,买盘
337,09:48:46,30.66,-0.04,45,138067,卖盘
338,09:48:49,30.7,0.04,23,70598,买盘
339,09:48:52,30.7,0.0,8,24560,买盘
340,09:48:55,30.7,0.0,43,132010,买盘
341,09:49:01,30.7,0.0,11,33760,买盘
342,09:49:06,30.7,0.0,12,36840,买盘
343,09:49:09,30.7,0.0,11,33778,买盘
344,09:49:13,30.7,0.0,13,39910,卖盘
345,09:49:19,30.73,0.03,17,52241,买盘
346,09:49:22,30.73,0.0,5,15365,买盘
347,09:49:28,30.73,0.0,6,18436,买盘
348,09:49:31,30.71,-0.02,4,12290,卖盘
349,09:49:34,30.7,-0.01,3,9210,卖盘
350,09:49:37,30.71,0.01,14,42994,买盘
351,09:49:40,30.71,0.0,7,21501,卖盘
352,09:49:46,30.72,0.01,3,9216,买盘
353,09:49:55,30.71,-0.01,51,156624,卖盘
354,09:49:57,30.71,0.0,2,6142,买盘
355,09:50:01,30.71,0.0,1,3071,买盘
356,09:50:07,30.7,-0.01,31,95171,卖盘
357,09:50:10,30.71,0.01,29,89046,买盘
358,09:50:13,30.7,-0.01,8,24560,中性盘
359,09:50:16,30.7,0.0,4,12280,买盘
360,09:50:19,30.69,-0.01,6,18414,卖盘
361,09:50:25,30.7,0.01,4,12274,买盘
362,09:50:28,30.7,0.0,3,9210,买盘
363,09:50:31,30.68,-0.02,6,18411,卖盘
364,09:50:34,30.68,0.0,7,21476,买盘
365,09:50:43,30.68,0.0,3,9204,买盘
366,09:50:46,30.69,0.01,2,6138,买盘
367,09:50:49,30.69,0.0,2,6138,买盘
368,09:50:52,30.69,0.0,3,9207,卖盘
369,09:51:04,30.7,0.01,23,70597,买盘
370,09:51:06,30.69,-0.01,5,15345,卖盘
371,09:51:09,30.69,0.0,10,30689,买盘
372,09:51:13,30.7,0.01,42,128940,买盘
373,09:51:22,30.71,0.01,1,3071,买盘
374,09:51:25,30.7,-0.01,5,15351,卖盘
375,09:51:31,30.71,0.01,12,36852,卖盘
376,09:51:34,30.72,0.01,1,3072,买盘
377,09:51:40,30.72,0.0,5,15360,买盘
378,09:51:43,30.72,0.0,3,9216,买盘
379,09:51:46,30.71,-0.01,15,46075,卖盘
380,09:51:51,30.72,0.01,10,30720,买盘
381,09:51:58,30.73,0.01,4,12292,买盘
382,09:52:01,30.73,0.0,32,98336,买盘
383,09:52:04,30.73,0.0,18,55309,买盘
384,09:52:07,30.73,0.0,3,9219,卖盘
385,09:52:13,30.74,0.01,24,73774,买盘
386,09:52:22,30.73,-0.01,57,175163,卖盘
387,09:52:28,30.73,0.0,3,9219,买盘
388,09:52:31,30.73,0.0,15,46085,买盘
389,09:52:34,30.7,-0.03,52,159686,卖盘
390,09:52:40,30.73,0.03,1,3073,买盘
391,09:52:46,30.71,-0.02,5,15355,卖盘
392,09:52:52,30.71,0.0,7,21499,卖盘
393,09:52:55,30.72,0.01,4,12288,买盘
394,09:52:58,30.7,-0.02,8,24567,卖盘
395,09:53:04,30.7,0.0,8,24560,卖盘
396,09:53:06,30.71,0.01,13,39911,买盘
397,09:53:13,30.7,-0.01,143,439024,卖盘
398,09:53:16,30.7,0.0,3,9210,卖盘
399,09:53:19,30.7,0.0,2,6140,买盘
400,09:53:22,30.69,-0.01,6,18415,卖盘
401,09:53:25,30.7,0.01,13,39910,买盘
402,09:53:28,30.7,0.0,21,64451,卖盘
403,09:53:36,30.72,0.02,15,46072,买盘
404,09:53:39,30.72,0.0,11,33776,买盘
405,09:53:42,30.7,-0.02,4,12280,卖盘
406,09:53:49,30.69,-0.01,10,30695,卖盘
407,09:53:52,30.72,0.03,12,36846,买盘
408,09:53:58,30.68,-0.04,15,46020,卖盘
409,09:54:04,30.65,-0.03,106,325029,卖盘
410,09:54:13,30.63,-0.02,4,12252,卖盘
411,09:54:16,30.65,0.02,28,85820,买盘
412,09:54:19,30.65,0.0,16,49008,买盘
413,09:54:22,30.68,0.03,1,3068,卖盘
414,09:54:25,30.68,0.0,4,12274,卖盘
415,09:54:28,30.68,0.0,1,3068,卖盘
416,09:54:31,30.63,-0.05,27,82711,卖盘
417,09:54:34,30.6,-0.03,66,202114,卖盘
418,09:54:39,30.6,0.0,34,104040,卖盘
419,09:54:43,30.6,0.0,5,15300,卖盘
420,09:54:46,30.6,0.0,1,3060,卖盘
421,09:54:49,30.58,-0.02,91,278383,卖盘
422,09:54:52,30.6,0.02,12,36716,中性盘
423,09:54:58,30.58,-0.02,32,97868,卖盘
424,09:55:00,30.58,0.0,3,9174,卖盘
425,09:55:04,30.58,0.0,19,58102,卖盘
426,09:55:07,30.57,-0.01,20,61158,卖盘
427,09:55:09,30.6,0.03,7,21420,买盘
428,09:55:13,30.52,-0.08,88,268907,卖盘
429,09:55:16,30.52,0.0,7,21369,卖盘
430,09:55:19,30.52,0.0,12,36624,卖盘
431,09:55:22,30.57,0.05,28,85558,买盘
432,09:55:24,30.57,0.0,4,12228,卖盘
433,09:55:28,30.53,-0.04,27,82455,卖盘
434,09:55:34,30.53,0.0,2,6107,卖盘
435,09:55:37,30.56,0.03,2,6112,买盘
436,09:55:39,30.53,-0.03,14,42745,卖盘
437,09:55:49,30.52,-0.01,60,183220,卖盘
438,09:55:52,30.53,0.01,14,42742,中性盘
439,09:55:55,30.54,0.01,6,18324,买盘
440,09:55:58,30.53,-0.01,6,18320,卖盘
441,09:56:01,30.53,0.0,20,61069,卖盘
442,09:56:07,30.56,0.03,6,18336,卖盘
443,09:56:13,30.56,0.0,14,42784,卖盘
444,09:56:16,30.56,0.0,3,9168,买盘
445,09:56:19,30.56,0.0,1,3056,买盘
446,09:56:22,30.6,0.04,30,91736,买盘
447,09:56:25,30.56,-0.04,10,30560,卖盘
448,09:56:34,30.56,0.0,17,51956,卖盘
449,09:56:37,30.6,0.04,10,30585,买盘
450,09:56:46,30.57,-0.03,13,39749,卖盘
451,09:56:49,30.6,0.03,1,3060,买盘
452,09:56:52,30.6,0.0,31,94860,买盘
453,09:56:55,30.6,0.0,1,3060,买盘
454,09:57:07,30.68,0.08,5,15340,买盘
455,09:57:10,30.68,0.0,2,6136,买盘
456,09:57:19,30.62,-0.06,10,30620,卖盘
457,09:57:28,30.63,0.01,136,416569,卖盘
458,09:57:31,30.67,0.04,6,18402,买盘
459,09:57:43,30.63,-0.04,11,33719,卖盘
460,09:57:46,30.65,0.02,4,12260,卖盘
461,09:57:49,30.65,0.0,1,3065,买盘
462,09:57:52,30.69,0.04,87,266876,买盘
463,09:58:01,30.69,0.0,1,3069,卖盘
464,09:58:06,30.69,0.0,7,21483,卖盘
465,09:58:10,30.7,0.01,16,49120,买盘
466,09:58:13,30.7,0.0,20,61400,卖盘
467,09:58:19,30.72,0.02,12,36860,买盘
468,09:58:25,30.72,0.0,49,150528,买盘
469,09:58:33,30.73,0.01,9,27657,买盘
470,09:58:40,30.75,0.02,20,61483,买盘
471,09:58:46,30.75,0.0,1,3075,买盘
472,09:58:49,30.75,0.0,1,3075,买盘
473,09:58:55,30.77,0.02,6,18452,买盘
474,09:58:58,30.73,-0.04,53,162908,卖盘
475,09:59:01,30.73,0.0,5,15365,买盘
476,09:59:04,30.73,0.0,11,33803,买盘
477,09:59:07,30.75,0.02,3,9223,买盘
478,09:59:10,30.75,0.0,3,9225,买盘
479,09:59:13,30.72,-0.03,20,61440,卖盘
480,09:59:16,30.77,0.05,56,172279,买盘
481,09:59:19,30.77,0.0,11,33847,卖盘
482,09:59:22,30.77,0.0,5,15385,卖盘
483,09:59:31,30.77,0.0,20,61540,卖盘
484,09:59:37,30.77,0.0,5,15385,卖盘
485,09:59:40,30.77,0.0,2,6154,买盘
486,09:59:42,30.77,0.0,3,9231,买盘
487,09:59:46,30.77,0.0,36,110772,卖盘
488,09:59:49,30.78,0.01,2,6156,买盘
489,09:59:52,30.8,0.02,51,157006,买盘
490,10:00:01,30.78,-0.02,15,46170,卖盘
491,10:00:04,30.75,-0.03,20,61540,卖盘
492,10:00:10,30.8,0.05,3,9240,买盘
493,10:00:13,30.77,-0.03,1,3077,中性盘
494,10:00:19,30.77,0.0,9,27693,买盘
495,10:00:22,30.77,0.0,1,3077,卖盘
496,10:00:25,30.75,-0.02,1,3075,卖盘
497,10:00:28,30.75,0.0,5,15375,卖盘
498,10:00:31,30.8,0.05,56,172400,买盘
499,10:00:37,30.77,-0.03,12,36924,卖盘
500,10:00:40,30.8,0.03,8,24626,买盘
501,10:00:43,30.77,-0.03,10,30770,卖盘
502,10:00:46,30.77,0.0,2,6154,卖盘
503,10:00:49,30.72,-0.05,39,119877,卖盘
504,10:00:52,30.8,0.08,48,147683,买盘
505,10:01:04,30.76,-0.04,9,27680,买盘
506,10:01:10,30.73,-0.03,16,49168,卖盘
507,10:01:16,30.75,0.02,6,18449,买盘
508,10:01:19,30.74,-0.01,13,39974,中性盘
509,10:01:24,30.76,0.02,3,9228,买盘
510,10:01:28,30.74,-0.02,20,61480,卖盘
511,10:01:31,30.74,0.0,1,3074,卖盘
512,10:01:34,30.74,0.0,5,15370,卖盘
513,10:01:43,30.73,-0.01,35,107581,卖盘
514,10:01:45,30.72,-0.01,2,6144,卖盘
515,10:02:01,30.72,0.0,3,9216,卖盘
516,10:02:06,30.72,0.0,19,58368,卖盘
517,10:02:13,30.72,0.0,26,79872,卖盘
518,10:02:16,30.71,-0.01,2,6142,卖盘
519,10:02:22,30.7,-0.01,8,24565,卖盘
520,10:02:25,30.7,0.0,24,73711,卖盘
521,10:02:43,30.72,0.02,1,3072,买盘
522,10:02:57,30.72,0.0,10,30720,买盘
523,10:03:00,30.71,-0.01,3,9214,卖盘
524,10:03:06,30.74,0.03,2,6148,买盘
525,10:03:22,30.72,-0.02,4,12288,卖盘
526,10:03:25,30.74,0.02,10,30740,买盘
527,10:03:37,30.72,-0.02,2,6144,卖盘
528,10:03:45,30.74,0.02,18,55332,买盘
529,10:03:55,30.74,0.0,4,12296,卖盘
530,10:04:04,30.74,0.0,27,82998,卖盘
531,10:04:19,30.76,0.02,3,9228,买盘
532,10:04:22,30.76,0.0,10,30760,买盘
533,10:04:28,30.75,-0.01,4,12300,卖盘
534,10:04:55,30.76,0.01,1,3076,卖盘
535,10:04:58,30.77,0.01,3,9231,买盘
536,10:05:01,30.77,0.0,9,27693,卖盘
537,10:05:07,30.78,0.01,8,24624,买盘
538,10:05:10,30.77,-0.01,10,30770,卖盘
539,10:05:13,30.78,0.01,15,46170,买盘
540,10:05:16,30.78,0.0,5,15390,卖盘
541,10:05:18,30.78,0.0,6,18468,卖盘
542,10:05:21,30.79,0.01,17,52339,买盘
543,10:05:28,30.78,-0.01,8,24629,卖盘
544,10:05:31,30.79,0.01,9,27704,买盘
545,10:05:43,30.8,0.01,57,175539,买盘
546,10:05:48,30.8,0.0,2,6160,卖盘
547,10:05:52,30.84,0.04,1,3084,买盘
548,10:06:01,30.85,0.01,8,24680,买盘
549,10:06:04,30.85,0.0,19,58622,买盘
550,10:06:16,30.86,0.01,7,21602,买盘
551,10:06:21,30.8,-0.06,151,465201,卖盘
552,10:06:25,30.8,0.0,24,73920,买盘
553,10:06:28,30.8,0.0,10,30800,买盘
554,10:06:31,30.8,0.0,83,255640,买盘
555,10:06:37,30.79,-0.01,11,33872,卖盘
556,10:06:43,30.79,0.0,5,15395,买盘
557,10:06:52,30.77,-0.02,28,86166,卖盘
558,10:06:58,30.79,0.02,4,12316,买盘
559,10:07:01,30.78,-0.01,1,3078,卖盘
560,10:07:04,30.77,-0.01,7,21539,卖盘
561,10:07:07,30.79,0.02,5,15393,买盘
562,10:07:10,30.77,-0.02,4,12308,卖盘
563,10:07:13,30.79,0.02,4,12314,买盘
564,10:07:19,30.77,-0.02,12,36924,卖盘
565,10:07:21,30.79,0.02,1,3079,买盘
566,10:07:24,30.78,-0.01,1,3078,卖盘
567,10:07:28,30.77,-0.01,5,15385,卖盘
568,10:07:33,30.77,0.0,13,40001,买盘
569,10:07:40,30.76,-0.01,104,320057,卖盘
570,10:07:43,30.76,0.0,20,61520,买盘
571,10:07:49,30.75,-0.01,6,18450,卖盘
572,10:07:54,30.75,0.0,4,12300,卖盘
573,10:07:58,30.75,0.0,10,30750,卖盘
574,10:08:04,30.75,0.0,29,89175,买盘
575,10:08:10,30.74,-0.01,2,6148,卖盘
576,10:08:13,30.75,0.01,23,70712,买盘
577,10:08:18,30.75,0.0,1,3075,卖盘
578,10:08:21,30.75,0.0,2,6150,卖盘
579,10:08:27,30.75,0.0,6,18450,买盘
580,10:08:31,30.76,0.01,6,18456,买盘
581,10:08:34,30.76,0.0,1,3076,卖盘
582,10:08:43,30.73,-0.03,30,92240,卖盘
583,10:08:49,30.72,-0.01,2,6145,卖盘
584,10:08:52,30.73,0.01,4,12292,中性盘
585,10:08:55,30.75,0.02,1,3075,卖盘
586,10:09:01,30.73,-0.02,2,6146,中性盘
587,10:09:07,30.73,0.0,117,359463,买盘
588,10:09:09,30.73,0.0,11,33803,卖盘
589,10:09:16,30.71,-0.02,22,67562,卖盘
590,10:09:18,30.71,0.0,9,27639,卖盘
591,10:09:21,30.73,0.02,40,122844,买盘
592,10:09:28,30.7,-0.03,205,629397,卖盘
593,10:09:31,30.7,0.0,18,55263,卖盘
594,10:09:37,30.7,0.0,2,6140,买盘
595,10:09:40,30.68,-0.02,10,30680,卖盘
596,10:09:43,30.7,0.02,8,24560,买盘
597,10:09:46,30.7,0.0,14,42960,买盘
598,10:09:52,30.67,-0.03,4,12268,卖盘
599,10:10:01,30.67,0.0,3,9201,卖盘
600,10:10:13,30.67,0.0,19,58289,卖盘
601,10:10:16,30.67,0.0,29,88943,买盘
602,10:10:19,30.67,0.0,1,3067,卖盘
603,10:10:22,30.67,0.0,4,12268,卖盘
604,10:10:28,30.68,0.01,14,42938,中性盘
605,10:10:30,30.65,-0.03,5,15325,卖盘
606,10:10:34,30.65,0.0,5,15331,卖盘
607,10:10:36,30.67,0.02,7,21469,买盘
608,10:10:40,30.61,-0.06,32,98007,卖盘
609,10:10:43,30.61,0.0,10,30626,卖盘
610,10:10:52,30.63,0.02,4,12252,卖盘
611,10:10:58,30.68,0.05,8,24511,买盘
612,10:11:00,30.61,-0.07,12,36735,卖盘
613,10:11:10,30.62,0.01,4,12251,卖盘
614,10:11:16,30.62,0.0,3,9186,卖盘
615,10:11:22,30.63,0.01,10,30630,中性盘
616,10:11:28,30.63,0.0,4,12252,卖盘
617,10:11:31,30.67,0.04,6,18390,买盘
618,10:11:34,30.67,0.0,13,39871,卖盘
619,10:11:40,30.68,0.01,5,15340,买盘
620,10:11:42,30.63,-0.05,12,36796,卖盘
621,10:11:55,30.63,0.0,21,64408,卖盘
622,10:11:58,30.68,0.05,3,9204,买盘
623,10:12:16,30.64,-0.04,32,98055,卖盘
624,10:12:22,30.68,0.04,2,6136,买盘
625,10:12:25,30.65,-0.03,1,3065,卖盘
626,10:12:31,30.65,0.0,3,9195,卖盘
627,10:12:33,30.65,0.0,3,9195,卖盘
628,10:12:40,30.64,-0.01,13,39833,卖盘
629,10:12:49,30.65,0.01,1,3065,卖盘
630,10:12:52,30.65,0.0,1,3065,卖盘
631,10:12:58,30.65,0.0,4,12260,卖盘
632,10:13:04,30.67,0.02,1,3067,买盘
633,10:13:10,30.68,0.01,3,9204,买盘
634,10:13:13,30.67,-0.01,20,61343,卖盘
635,10:13:16,30.69,0.02,1,3069,买盘
636,10:13:18,30.69,0.0,1,3069,卖盘
637,10:13:25,30.7,0.01,6,18416,买盘
638,10:13:33,30.7,0.0,7,21490,买盘
639,10:13:36,30.7,0.0,4,12280,卖盘
640,10:13:51,30.71,0.01,4,12284,买盘
641,10:13:55,30.71,0.0,4,12284,卖盘
642,10:14:01,30.71,0.0,2,6142,卖盘
643,10:14:07,30.71,0.0,4,12284,卖盘
644,10:14:13,30.75,0.04,6,18450,买盘
645,10:14:21,30.71,-0.04,4,12284,卖盘
646,10:14:34,30.72,0.01,4,12288,卖盘
647,10:14:37,30.72,0.0,4,12288,卖盘
648,10:14:43,30.75,0.03,1,3075,买盘
649,10:14:48,30.72,-0.03,1,3072,卖盘
650,10:14:51,30.75,0.03,30,92190,买盘
651,10:14:55,30.72,-0.03,7,21510,卖盘
652,10:14:58,30.75,0.03,6,18444,买盘
653,10:15:01,30.72,-0.03,4,12288,卖盘
654,10:15:04,30.7,-0.02,63,193437,卖盘
655,10:15:10,30.68,-0.02,33,101263,卖盘
656,10:15:13,30.68,0.0,8,24544,卖盘
657,10:15:16,30.67,-0.01,12,36804,卖盘
658,10:15:19,30.67,0.0,23,70541,卖盘
659,10:15:22,30.67,0.0,29,88943,卖盘
660,10:15:28,30.65,-0.02,17,52105,卖盘
661,10:15:31,30.65,0.0,3,9195,卖盘
662,10:15:33,30.61,-0.04,173,529887,卖盘
663,10:15:37,30.65,0.04,6,18390,买盘
664,10:15:39,30.6,-0.05,49,149972,卖盘
665,10:15:43,30.6,0.0,28,85683,卖盘
666,10:15:46,30.6,0.0,42,128520,卖盘
667,10:15:49,30.61,0.01,53,162043,买盘
668,10:15:52,30.6,-0.01,1,3060,中性盘
669,10:15:57,30.53,-0.07,42,128383,卖盘
670,10:16:01,30.54,0.01,1,3054,买盘
671,10:16:04,30.53,-0.01,8,24424,卖盘
672,10:16:07,30.52,-0.01,25,76324,卖盘
673,10:16:09,30.53,0.01,45,137355,买盘
674,10:16:19,30.51,-0.02,3,9156,卖盘
675,10:16:22,30.51,0.0,1,3051,卖盘
676,10:16:31,30.51,0.0,19,57991,卖盘
677,10:16:34,30.51,0.0,38,115938,卖盘
678,10:16:37,30.52,0.01,8,24416,买盘
679,10:16:40,30.54,0.02,5,15270,买盘
680,10:16:43,30.51,-0.03,31,94596,卖盘
681,10:16:46,30.51,0.0,11,33576,卖盘
682,10:16:49,30.51,0.0,24,73234,卖盘
683,10:16:55,30.54,0.03,8,24432,买盘
684,10:16:58,30.52,-0.02,10,30520,卖盘
685,10:17:00,30.52,0.0,12,36624,卖盘
686,10:17:04,30.5,-0.02,202,616144,卖盘
687,10:17:10,30.52,0.02,11,33560,买盘
688,10:17:13,30.52,0.0,1,3052,买盘
689,10:17:16,30.5,-0.02,58,176912,卖盘
690,10:17:19,30.5,0.0,60,183001,卖盘
691,10:17:22,30.5,0.0,31,94520,买盘
692,10:17:25,30.49,-0.01,26,79299,卖盘
693,10:17:28,30.51,0.02,9,27464,中性盘
694,10:17:31,30.5,-0.01,9,27450,卖盘
695,10:17:34,30.49,-0.01,23,70134,卖盘
696,10:17:37,30.5,0.01,2,6100,中性盘
697,10:17:40,30.49,-0.01,9,27448,卖盘
698,10:17:43,30.5,0.01,58,176852,中性盘
699,10:17:48,30.5,0.0,31,94538,卖盘
700,10:17:51,30.5,0.0,9,27450,买盘
701,10:17:55,30.5,0.0,9,27450,买盘
702,10:17:58,30.51,0.01,21,64071,买盘
703,10:18:01,30.49,-0.02,58,176896,卖盘
704,10:18:04,30.5,0.01,5,15253,卖盘
705,10:18:07,30.51,0.01,67,204436,买盘
706,10:18:10,30.52,0.01,12,36614,买盘
707,10:18:16,30.54,0.02,20,61080,卖盘
708,10:18:19,30.58,0.04,15,45813,买盘
709,10:18:25,30.58,0.0,4,12232,卖盘
710,10:18:28,30.61,0.03,4,12242,买盘
711,10:18:31,30.58,-0.03,12,36718,卖盘
712,10:18:33,30.56,-0.02,87,265896,卖盘
713,10:18:46,30.61,0.05,1,3061,买盘
714,10:18:48,30.6,-0.01,8,24481,卖盘
715,10:18:52,30.58,-0.02,5,15290,卖盘
716,10:18:55,30.61,0.03,37,113151,买盘
717,10:19:01,30.56,-0.05,4,12224,卖盘
718,10:19:04,30.56,0.0,1,3056,卖盘
719,10:19:07,30.58,0.02,4,12232,买盘
720,10:19:10,30.58,0.0,3,9174,卖盘
721,10:19:16,30.58,0.0,18,55066,卖盘
722,10:19:22,30.58,0.0,4,12232,卖盘
723,10:19:25,30.58,0.0,19,58102,卖盘
724,10:19:27,30.58,0.0,3,9174,买盘
725,10:19:30,30.6,0.02,11,33640,买盘
726,10:19:37,30.58,-0.02,12,36682,买盘
727,10:19:43,30.58,0.0,8,24464,买盘
728,10:19:46,30.58,0.0,3,9174,买盘
729,10:19:49,30.57,-0.01,6,18342,卖盘
730,10:19:55,30.57,0.0,8,24452,买盘
731,10:19:58,30.57,0.0,8,24456,买盘
732,10:20:01,30.56,-0.01,27,82512,卖盘
733,10:20:04,30.56,0.0,11,33616,卖盘
734,10:20:06,30.57,0.01,24,73368,买盘
735,10:20:10,30.57,0.0,5,15285,卖盘
736,10:20:25,30.58,0.01,15,45870,买盘
737,10:20:28,30.57,-0.01,5,15287,卖盘
738,10:20:40,30.57,0.0,20,61140,卖盘
739,10:20:43,30.6,0.03,36,110148,买盘
740,10:20:51,30.61,0.01,2,6122,买盘
741,10:20:55,30.61,0.0,2,6122,买盘
742,10:20:57,30.61,0.0,4,12244,买盘
743,10:21:00,30.61,0.0,20,61220,买盘
744,10:21:04,30.61,0.0,5,15305,卖盘
745,10:21:13,30.62,0.01,1,3062,卖盘
746,10:21:16,30.67,0.05,3,9201,买盘
747,10:21:22,30.67,0.0,5,15335,买盘
748,10:21:33,30.68,0.01,12,36806,买盘
749,10:21:46,30.64,-0.04,6,18386,卖盘
750,10:21:49,30.67,0.03,21,64407,买盘
751,10:21:52,30.68,0.01,2,6135,买盘
752,10:21:55,30.68,0.0,4,12269,买盘
753,10:21:58,30.67,-0.01,9,27608,卖盘
754,10:22:07,30.69,0.02,1,3069,买盘
755,10:22:13,30.69,0.0,2,6138,买盘
756,10:22:19,30.7,0.01,1,3070,买盘
757,10:22:22,30.69,-0.01,25,76725,卖盘
758,10:22:25,30.7,0.01,31,95160,买盘
759,10:22:36,30.7,0.0,4,12280,卖盘
760,10:22:40,30.72,0.02,4,12288,中性盘
761,10:22:43,30.73,0.01,8,24584,买盘
762,10:22:46,30.76,0.03,20,61519,买盘
763,10:22:52,30.78,0.02,15,46153,买盘
764,10:22:55,30.75,-0.03,2,6150,中性盘
765,10:22:57,30.78,0.03,16,49221,买盘
766,10:23:00,30.78,0.0,2,6156,买盘
767,10:23:07,30.78,0.0,23,70794,买盘
768,10:23:16,30.76,-0.02,12,36926,卖盘
769,10:23:18,30.72,-0.04,62,190555,卖盘
770,10:23:25,30.78,0.06,33,101554,买盘
771,10:23:28,30.78,0.0,1,3078,卖盘
772,10:23:31,30.78,0.0,5,15390,卖盘
773,10:23:43,30.78,0.0,4,12312,买盘
774,10:23:46,30.72,-0.06,45,138277,卖盘
775,10:23:55,30.76,0.04,6,18461,卖盘
776,10:24:01,30.77,0.01,1,3077,买盘
777,10:24:04,30.77,0.0,2,6154,卖盘
778,10:24:09,30.77,0.0,3,9230,买盘
779,10:24:16,30.78,0.01,3,9234,买盘
780,10:24:19,30.76,-0.02,30,92291,卖盘
781,10:24:25,30.77,0.01,22,67690,买盘
782,10:24:28,30.76,-0.01,2,6152,卖盘
783,10:24:30,30.76,0.0,10,30760,卖盘
784,10:24:33,30.77,0.01,5,15385,卖盘
785,10:24:40,30.77,0.0,1,3077,卖盘
786,10:24:45,30.77,0.0,10,30770,卖盘
787,10:24:52,30.77,0.0,7,21539,卖盘
788,10:24:55,30.77,0.0,4,12308,卖盘
789,10:24:58,30.77,0.0,1,3077,买盘
790,10:25:01,30.77,0.0,6,18458,买盘
791,10:25:04,30.77,0.0,30,92310,买盘
792,10:25:07,30.76,-0.01,5,15380,卖盘
793,10:25:10,30.76,0.0,31,95357,卖盘
794,10:25:12,30.76,0.0,71,218396,卖盘
795,10:25:28,30.74,-0.02,3,9222,卖盘
796,10:25:31,30.75,0.01,13,39971,买盘
797,10:25:36,30.73,-0.02,74,227402,卖盘
798,10:25:39,30.74,0.01,1,3074,买盘
799,10:25:43,30.73,-0.01,3,9220,卖盘
800,10:25:48,30.73,0.0,3,9219,卖盘
801,10:25:52,30.73,0.0,3,9219,买盘
802,10:25:58,30.72,-0.01,10,30720,卖盘
803,10:26:07,30.72,0.0,6,18432,卖盘
804,10:26:13,30.72,0.0,4,12288,卖盘
805,10:26:16,30.72,0.0,12,36864,卖盘
806,10:26:22,30.72,0.0,20,61440,卖盘
807,10:26:27,30.73,0.01,5,15365,买盘
808,10:26:37,30.72,-0.01,5,15360,卖盘
809,10:26:45,30.73,0.01,2,6146,买盘
810,10:26:49,30.75,0.02,31,95276,买盘
811,10:26:52,30.73,-0.02,16,49164,中性盘
812,10:27:01,30.73,0.0,2,6146,卖盘
813,10:27:04,30.73,0.0,1,3073,卖盘
814,10:27:10,30.75,0.02,12,36900,买盘
815,10:27:19,30.76,0.01,8,24608,买盘
816,10:27:25,30.76,0.0,17,52289,买盘
817,10:27:28,30.76,0.0,4,12304,卖盘
818,10:27:31,30.76,0.0,5,15380,卖盘
819,10:27:37,30.77,0.01,2,6154,买盘
820,10:27:39,30.75,-0.02,19,58430,卖盘
821,10:27:46,30.75,0.0,20,61500,买盘
822,10:27:52,30.75,0.0,3,9225,买盘
823,10:27:55,30.76,0.01,10,30760,买盘
824,10:28:04,30.75,-0.01,34,104628,卖盘
825,10:28:09,30.76,0.01,1,3076,中性盘
826,10:28:12,30.78,0.02,14,43092,买盘
827,10:28:16,30.8,0.02,25,76998,买盘
828,10:28:19,30.76,-0.04,5,15380,卖盘
829,10:28:22,30.75,-0.01,5,15377,卖盘
830,10:28:28,30.76,0.01,6,18456,卖盘
831,10:28:40,30.76,0.0,6,18457,卖盘
832,10:28:43,30.75,-0.01,17,52275,卖盘
833,10:28:52,30.75,0.0,8,24596,买盘
834,10:28:58,30.75,0.0,17,52275,买盘
835,10:29:13,30.74,-0.01,14,43049,卖盘
836,10:29:22,30.75,0.01,4,12300,买盘
837,10:29:25,30.75,0.0,40,123000,卖盘
838,10:29:27,30.75,0.0,15,46140,卖盘
839,10:29:34,30.75,0.0,1,3075,买盘
840,10:29:36,30.75,0.0,2,6150,买盘
841,10:29:40,30.75,0.0,3,9225,买盘
842,10:29:43,30.75,0.0,16,49200,买盘
843,10:29:51,30.77,0.02,9,27669,买盘
844,10:30:12,30.75,-0.02,5,15377,卖盘
845,10:30:16,30.78,0.03,6,18464,买盘
846,10:30:19,30.73,-0.05,42,129121,卖盘
847,10:30:25,30.79,0.06,35,107698,买盘
848,10:30:31,30.73,-0.06,7,21511,卖盘
849,10:30:43,30.77,0.04,7,21518,买盘
850,10:30:57,30.77,0.0,18,55386,买盘
851,10:31:13,30.75,-0.02,4,12300,卖盘
852,10:31:21,30.75,0.0,1,3075,卖盘
853,10:31:28,30.75,0.0,1,3075,买盘
854,10:31:31,30.75,0.0,5,15375,买盘
855,10:31:34,30.75,0.0,2,6150,买盘
856,10:31:42,30.74,-0.01,4,12296,卖盘
857,10:31:46,30.74,0.0,6,18444,卖盘
858,10:31:51,30.72,-0.02,17,52238,卖盘
859,10:31:58,30.74,0.02,1,3074,买盘
860,10:32:04,30.72,-0.02,31,95232,卖盘
861,10:32:07,30.72,0.0,50,153600,卖盘
862,10:32:10,30.72,0.0,15,46080,卖盘
863,10:32:13,30.72,0.0,9,27648,卖盘
864,10:32:25,30.71,-0.01,6,18426,卖盘
865,10:32:31,30.71,0.0,11,33784,卖盘
866,10:32:36,30.71,0.0,2,6142,卖盘
867,10:32:39,30.71,0.0,4,12284,卖盘
868,10:32:49,30.71,0.0,14,42994,卖盘
869,10:32:55,30.7,-0.01,6,18420,卖盘
870,10:33:04,30.71,0.01,1,3071,卖盘
871,10:33:10,30.71,0.0,12,36852,卖盘
872,10:33:21,30.71,0.0,1,3071,卖盘
873,10:33:27,30.7,-0.01,4,12280,卖盘
874,10:33:33,30.7,0.0,10,30700,卖盘
875,10:33:40,30.72,0.02,16,49144,买盘
876,10:33:43,30.71,-0.01,9,27639,卖盘
877,10:33:45,30.74,0.03,4,12290,买盘
878,10:33:57,30.72,-0.02,4,12288,卖盘
879,10:34:00,30.79,0.07,28,86133,买盘
880,10:34:06,30.79,0.0,3,9237,买盘
881,10:34:10,30.72,-0.07,10,30720,卖盘
882,10:34:13,30.72,0.0,18,55296,卖盘
883,10:34:16,30.79,0.07,1,3079,买盘
884,10:34:28,30.75,-0.04,1,3075,卖盘
885,10:34:31,30.75,0.0,6,18450,买盘
886,10:34:40,30.73,-0.02,9,27657,卖盘
887,10:34:45,30.74,0.01,13,39962,卖盘
888,10:34:58,30.75,0.01,11,33821,买盘
889,10:35:04,30.74,-0.01,12,36894,卖盘
890,10:35:16,30.75,0.01,2,6150,买盘
891,10:35:22,30.75,0.0,3,9225,买盘
892,10:35:25,30.74,-0.01,3,9224,卖盘
893,10:35:28,30.74,0.0,4,12296,卖盘
894,10:35:31,30.75,0.01,11,33825,买盘
895,10:35:34,30.75,0.0,21,64575,卖盘
896,10:35:40,30.75,0.0,32,98488,卖盘
897,10:35:46,30.75,0.0,9,27687,卖盘
898,10:35:49,30.75,0.0,6,18450,卖盘
899,10:35:55,30.75,0.0,5,15375,卖盘
900,10:36:10,30.8,0.05,17,52301,买盘
901,10:36:18,30.76,-0.04,15,46130,买盘
902,10:36:21,30.75,-0.01,25,76875,卖盘
903,10:36:25,30.75,0.0,4,12300,中性盘
904,10:36:34,30.75,0.0,11,33825,卖盘
905,10:36:37,30.76,0.01,26,79960,买盘
906,10:36:40,30.74,-0.02,14,43040,卖盘
907,10:36:46,30.74,0.0,4,12296,卖盘
908,10:36:54,30.76,0.02,12,36882,买盘
909,10:37:01,30.76,0.0,8,24608,卖盘
910,10:37:04,30.73,-0.03,8,24584,卖盘
911,10:37:10,30.74,0.01,10,30740,卖盘
912,10:37:12,30.72,-0.02,15,46090,卖盘
913,10:37:19,30.72,0.0,65,199680,卖盘
914,10:37:24,30.71,-0.01,1,3071,卖盘
915,10:37:27,30.7,-0.01,16,49121,卖盘
916,10:37:37,30.72,0.02,20,61440,买盘
917,10:37:40,30.72,0.0,10,30720,卖盘
918,10:37:43,30.71,-0.01,10,30710,卖盘
919,10:37:46,30.71,0.0,14,42994,卖盘
920,10:37:49,30.73,0.02,8,24574,买盘
921,10:37:55,30.73,0.0,54,165942,卖盘
922,10:38:01,30.73,0.0,36,110660,卖盘
923,10:38:16,30.71,-0.02,5,15355,卖盘
924,10:38:18,30.71,0.0,3,9213,卖盘
925,10:38:22,30.71,0.0,9,27639,卖盘
926,10:38:28,30.71,0.0,5,15355,卖盘
927,10:38:31,30.71,0.0,8,24568,卖盘
928,10:38:39,30.7,-0.01,42,128951,卖盘
929,10:38:42,30.71,0.01,1,3071,买盘
930,10:38:55,30.71,0.0,2,6142,卖盘
931,10:39:01,30.71,0.0,1,3071,卖盘
932,10:39:13,30.71,0.0,3,9213,卖盘
933,10:39:16,30.71,0.0,1,3071,卖盘
934,10:39:25,30.71,0.0,12,36852,卖盘
935,10:39:33,30.73,0.02,5,15364,买盘
936,10:39:37,30.71,-0.02,7,21500,卖盘
937,10:39:42,30.71,0.0,3,9213,卖盘
938,10:39:46,30.72,0.01,7,21504,买盘
939,10:39:52,30.71,-0.01,9,27639,卖盘
940,10:39:55,30.72,0.01,2,6144,买盘
941,10:39:58,30.71,-0.01,5,15355,卖盘
942,10:40:01,30.71,0.0,16,49136,卖盘
943,10:40:12,30.71,0.0,14,42994,卖盘
944,10:40:15,30.71,0.0,1,3071,卖盘
945,10:40:18,30.72,0.01,24,73714,买盘
946,10:40:25,30.7,-0.02,21,64470,卖盘
947,10:40:28,30.7,0.0,13,39910,卖盘
948,10:40:31,30.7,0.0,1,3070,卖盘
949,10:40:43,30.68,-0.02,4,12272,卖盘
950,10:41:04,30.68,0.0,9,27612,卖盘
951,10:41:12,30.67,-0.01,5,15335,卖盘
952,10:41:19,30.67,0.0,6,18403,卖盘
953,10:41:22,30.67,0.0,10,30667,买盘
954,10:41:25,30.67,0.0,1,3067,卖盘
955,10:41:28,30.67,0.0,9,27603,买盘
956,10:41:39,30.67,0.0,9,27603,卖盘
957,10:41:49,30.67,0.0,7,21475,卖盘
958,10:41:52,30.67,0.0,20,61340,卖盘
959,10:42:04,30.68,0.01,7,21476,卖盘
960,10:42:10,30.67,-0.01,9,27603,卖盘
961,10:42:16,30.68,0.01,9,27612,买盘
962,10:42:19,30.67,-0.01,20,61340,卖盘
963,10:42:25,30.68,0.01,6,18408,买盘
964,10:42:28,30.67,-0.01,3,9201,卖盘
965,10:42:40,30.67,0.0,8,24536,卖盘
966,10:42:43,30.67,0.0,2,6134,卖盘
967,10:42:46,30.66,-0.01,29,88914,卖盘
968,10:42:51,30.65,-0.01,18,55170,卖盘
969,10:42:54,30.66,0.01,5,15330,买盘
970,10:43:01,30.63,-0.03,90,275811,卖盘
971,10:43:04,30.65,0.02,3,9195,中性盘
972,10:43:07,30.63,-0.02,2,6128,卖盘
973,10:43:13,30.65,0.02,8,24509,买盘
974,10:43:18,30.61,-0.04,9,27549,卖盘
975,10:43:21,30.61,0.0,2,6122,卖盘
976,10:43:25,30.62,0.01,3,9186,买盘
977,10:43:28,30.6,-0.02,10,30600,卖盘
978,10:43:31,30.6,0.0,17,52020,卖盘
979,10:43:36,30.59,-0.01,76,232540,卖盘
980,10:43:43,30.62,0.03,2,6124,买盘
981,10:43:46,30.58,-0.04,9,27522,卖盘
982,10:43:49,30.58,0.0,5,15290,买盘
983,10:43:52,30.58,0.0,1,3058,买盘
984,10:43:55,30.58,0.0,55,168190,买盘
985,10:44:04,30.58,0.0,7,21406,卖盘
986,10:44:06,30.55,-0.03,72,220066,卖盘
987,10:44:13,30.53,-0.02,1,3053,卖盘
988,10:44:16,30.53,0.0,27,82447,卖盘
989,10:44:19,30.53,0.0,24,73479,卖盘
990,10:44:25,30.55,0.02,9,27495,卖盘
991,10:44:28,30.55,0.0,1,3055,卖盘
992,10:44:33,30.53,-0.02,72,219821,卖盘
993,10:44:40,30.55,0.02,2,6110,卖盘
994,10:44:43,30.59,0.04,5,15295,卖盘
995,10:44:48,30.59,0.0,1,3059,卖盘
996,10:44:52,30.61,0.02,4,12244,买盘
997,10:44:57,30.61,0.0,13,39800,卖盘
998,10:45:01,30.62,0.01,16,48989,买盘
999,10:45:07,30.62,0.0,2,6124,卖盘
1000,10:45:13,30.61,-0.01,23,70425,卖盘
1001,10:45:25,30.6,-0.01,3,9180,卖盘
1002,10:45:30,30.6,0.0,3,9180,卖盘
1003,10:45:34,30.59,-0.01,10,30594,卖盘
1004,10:45:43,30.6,0.01,7,21420,中性盘
1005,10:45:48,30.6,0.0,2,6120,卖盘
1006,10:46:19,30.6,0.0,4,12240,买盘
1007,10:46:24,30.6,0.0,7,21420,买盘
1008,10:46:34,30.59,-0.01,10,30590,卖盘
1009,10:46:37,30.6,0.01,5,15300,买盘
1010,10:46:43,30.6,0.0,6,18360,卖盘
1011,10:46:46,30.59,-0.01,6,18357,卖盘
1012,10:46:55,30.6,0.01,5,15300,中性盘
1013,10:46:58,30.59,-0.01,5,15295,卖盘
1014,10:47:01,30.59,0.0,3,9177,买盘
1015,10:47:04,30.59,0.0,3,9177,买盘
1016,10:47:06,30.59,0.0,5,15295,卖盘
1017,10:47:13,30.59,0.0,1,3059,卖盘
1018,10:47:16,30.6,0.01,5,15300,买盘
1019,10:47:19,30.59,-0.01,8,24472,卖盘
1020,10:47:31,30.6,0.01,3,9180,卖盘
1021,10:47:39,30.55,-0.05,117,357518,卖盘
1022,10:47:42,30.55,0.0,10,30550,买盘
1023,10:47:52,30.55,0.0,2,6110,买盘
1024,10:48:01,30.54,-0.01,7,21378,卖盘
1025,10:48:04,30.55,0.01,5,15272,买盘
1026,10:48:10,30.55,0.0,11,33602,买盘
1027,10:48:25,30.55,0.0,4,12220,买盘
1028,10:48:28,30.53,-0.02,366,1118406,卖盘
1029,10:48:31,30.52,-0.01,1,3052,买盘
1030,10:48:37,30.5,-0.02,36,109800,卖盘
1031,10:48:39,30.5,0.0,47,143433,卖盘
1032,10:48:43,30.5,0.0,46,140300,卖盘
1033,10:48:46,30.52,0.02,5,15260,卖盘
1034,10:48:52,30.52,0.0,41,125212,卖盘
1035,10:48:55,30.52,0.0,6,18316,卖盘
1036,10:48:58,30.52,0.0,2,6104,买盘
1037,10:49:01,30.52,0.0,3,9151,买盘
1038,10:49:04,30.52,0.0,1,3052,买盘
1039,10:49:10,30.52,0.0,1,3052,卖盘
1040,10:49:13,30.52,0.0,24,73260,卖盘
1041,10:49:18,30.54,0.02,1,3054,买盘
1042,10:49:25,30.55,0.01,3,9165,买盘
1043,10:49:31,30.54,-0.01,1,3054,卖盘
1044,10:49:34,30.55,0.01,1,3055,买盘
1045,10:49:37,30.55,0.0,3,9165,买盘
1046,10:49:39,30.55,0.0,2,6110,买盘
1047,10:49:45,30.54,-0.01,55,167979,卖盘
1048,10:49:49,30.55,0.01,1,3055,买盘
1049,10:49:51,30.55,0.0,6,18326,买盘
1050,10:49:58,30.54,-0.01,1,3054,卖盘
1051,10:50:01,30.55,0.01,35,106925,买盘
1052,10:50:04,30.52,-0.03,41,125230,卖盘
1053,10:50:07,30.55,0.03,20,61100,买盘
1054,10:50:10,30.54,-0.01,2,6108,卖盘
1055,10:50:13,30.55,0.01,89,271895,买盘
1056,10:50:16,30.55,0.0,2,6110,买盘
1057,10:50:19,30.56,0.01,3,9168,卖盘
1058,10:50:22,30.6,0.04,3,9175,买盘
1059,10:50:25,30.55,-0.05,1,3055,卖盘
1060,10:50:34,30.6,0.05,3,9179,买盘
1061,10:50:40,30.6,0.0,5,15300,买盘
1062,10:50:49,30.6,0.0,14,42840,买盘
1063,10:50:55,30.6,0.0,85,260104,卖盘
1064,10:51:04,30.65,0.05,20,61290,买盘
1065,10:51:09,30.65,0.0,11,33715,买盘
1066,10:51:16,30.65,0.0,13,39837,卖盘
1067,10:51:19,30.65,0.0,8,24520,买盘
1068,10:51:25,30.66,0.01,4,12264,买盘
1069,10:51:31,30.66,0.0,12,36792,买盘
1070,10:51:43,30.66,0.0,10,30660,卖盘
1071,10:51:49,30.69,0.03,1,3069,买盘
1072,10:51:58,30.69,0.0,11,33759,买盘
1073,10:52:07,30.69,0.0,9,27621,买盘
1074,10:52:15,30.69,0.0,5,15345,买盘
1075,10:52:18,30.69,0.0,8,24552,买盘
1076,10:52:28,30.69,0.0,8,24552,卖盘
1077,10:52:31,30.68,-0.01,2,6136,买盘
1078,10:52:43,30.68,0.0,12,36811,买盘
1079,10:52:46,30.68,0.0,3,9204,卖盘
1080,10:52:51,30.69,0.01,16,49104,买盘
1081,10:52:54,30.68,-0.01,6,18409,卖盘
1082,10:53:31,30.7,0.02,4,12280,买盘
1083,10:53:40,30.7,0.0,19,58323,买盘
1084,10:53:45,30.7,0.0,1,3070,买盘
1085,10:53:51,30.7,0.0,5,15350,买盘
1086,10:53:54,30.7,0.0,6,18420,买盘
1087,10:53:58,30.7,0.0,40,122800,买盘
1088,10:54:01,30.7,0.0,60,184200,买盘
1089,10:54:04,30.7,0.0,11,33770,卖盘
1090,10:54:09,30.71,0.01,20,61420,买盘
1091,10:54:13,30.71,0.0,5,15355,买盘
1092,10:54:16,30.71,0.0,3,9213,买盘
1093,10:54:19,30.7,-0.01,51,156583,卖盘
1094,10:54:22,30.7,0.0,3,9210,卖盘
1095,10:54:28,30.72,0.02,2,6144,买盘
1096,10:54:31,30.72,0.0,10,30720,买盘
1097,10:54:34,30.72,0.0,21,64512,买盘
1098,10:54:48,30.76,0.04,6,18456,买盘
1099,10:54:54,30.76,0.0,39,119829,买盘
1100,10:55:01,30.71,-0.05,18,55321,卖盘
1101,10:55:04,30.71,0.0,2,6142,买盘
1102,10:55:25,30.74,0.03,2,6148,买盘
1103,10:55:31,30.74,0.0,19,58406,卖盘
1104,10:55:37,30.72,-0.02,6,18432,卖盘
1105,10:55:39,30.73,0.01,1,3073,买盘
1106,10:55:43,30.73,0.0,4,12292,买盘
1107,10:55:49,30.73,0.0,3,9219,买盘
1108,10:55:58,30.73,0.0,1,3073,卖盘
1109,10:56:01,30.73,0.0,4,12292,卖盘
1110,10:56:04,30.75,0.02,11,33825,买盘
1111,10:56:10,30.75,0.0,11,33820,买盘
1112,10:56:19,30.75,0.0,8,24600,卖盘
1113,10:56:22,30.76,0.01,15,46140,买盘
1114,10:56:25,30.76,0.0,2,6152,买盘
1115,10:56:34,30.75,-0.01,2,6150,买盘
1116,10:56:37,30.75,0.0,7,21525,买盘
1117,10:56:39,30.73,-0.02,9,27665,卖盘
1118,10:56:43,30.75,0.02,22,67650,买盘
1119,10:56:55,30.76,0.01,19,58444,买盘
1120,10:56:58,30.78,0.02,16,49248,买盘
1121,10:57:04,30.83,0.05,137,421825,买盘
1122,10:57:16,30.85,0.02,97,299138,买盘
1123,10:57:22,30.8,-0.05,2,6160,买盘
1124,10:57:25,30.8,0.0,1,3080,买盘
1125,10:57:28,30.8,0.0,2,6160,买盘
1126,10:57:37,30.8,0.0,19,58546,卖盘
1127,10:57:40,30.8,0.0,11,33882,卖盘
1128,10:57:43,30.82,0.02,13,40066,买盘
1129,10:57:46,30.82,0.0,3,9246,卖盘
1130,10:57:49,30.8,-0.02,10,30806,卖盘
1131,10:57:52,30.8,0.0,5,15400,买盘
1132,10:57:57,30.8,0.0,7,21560,买盘
1133,10:58:00,30.82,0.02,10,30802,买盘
1134,10:58:16,30.8,-0.02,2,6160,买盘
1135,10:58:22,30.79,-0.01,14,43119,卖盘
1136,10:58:24,30.8,0.01,3,9240,中性盘
1137,10:58:40,30.82,0.02,14,43131,买盘
1138,10:58:46,30.82,0.0,2,6164,买盘
1139,10:58:55,30.8,-0.02,10,30800,卖盘
1140,10:59:03,30.81,0.01,16,49296,买盘
1141,10:59:07,30.8,-0.01,4,12320,卖盘
1142,10:59:10,30.8,0.0,8,24640,卖盘
1143,10:59:13,30.8,0.0,4,12320,买盘
1144,10:59:31,30.79,-0.01,2,6158,买盘
1145,10:59:33,30.8,0.01,3,9239,买盘
1146,10:59:37,30.8,0.0,5,15400,买盘
1147,10:59:40,30.78,-0.02,7,21546,卖盘
1148,10:59:45,30.8,0.02,5,15394,买盘
1149,11:00:01,30.78,-0.02,5,15384,买盘
1150,11:00:10,30.78,0.0,12,36930,买盘
1151,11:00:16,30.78,0.0,26,80023,买盘
1152,11:00:40,30.79,0.01,12,36948,卖盘
1153,11:00:49,30.78,-0.01,3,9234,卖盘
1154,11:00:55,30.79,0.01,22,67738,买盘
1155,11:00:58,30.78,-0.01,9,27702,卖盘
1156,11:01:04,30.78,0.0,10,30780,卖盘
1157,11:01:13,30.79,0.01,20,61580,买盘
1158,11:01:16,30.76,-0.03,44,135423,卖盘
1159,11:01:24,30.76,0.0,2,6152,买盘
1160,11:01:28,30.75,-0.01,1,3075,卖盘
1161,11:01:43,30.76,0.01,1,3076,买盘
1162,11:01:46,30.75,-0.01,11,33826,卖盘
1163,11:01:49,30.77,0.02,16,49225,买盘
1164,11:01:51,30.77,0.0,2,6154,卖盘
1165,11:01:58,30.77,0.0,24,73848,卖盘
1166,11:02:04,30.77,0.0,3,9231,买盘
1167,11:02:16,30.77,0.0,1,3077,买盘
1168,11:02:19,30.77,0.0,1,3077,买盘
1169,11:02:28,30.77,0.0,5,15385,卖盘
1170,11:02:43,30.77,0.0,2,6154,卖盘
1171,11:02:46,30.77,0.0,2,6154,买盘
1172,11:03:01,30.77,0.0,10,30770,买盘
1173,11:03:04,30.77,0.0,2,6154,买盘
1174,11:03:06,30.77,0.0,16,49232,买盘
1175,11:03:10,30.76,-0.01,13,39988,卖盘
1176,11:03:21,30.75,-0.01,19,58456,卖盘
1177,11:03:25,30.75,0.0,3,9225,买盘
1178,11:03:31,30.75,0.0,1,3075,买盘
1179,11:03:34,30.74,-0.01,1,3074,卖盘
1180,11:03:46,30.75,0.01,1,3075,买盘
1181,11:03:58,30.74,-0.01,1,3074,卖盘
1182,11:04:04,30.75,0.01,11,33820,买盘
1183,11:04:10,30.74,-0.01,10,30740,卖盘
1184,11:04:16,30.75,0.01,4,12300,买盘
1185,11:04:19,30.76,0.01,1,3076,卖盘
1186,11:04:31,30.77,0.01,10,30770,买盘
1187,11:04:37,30.76,-0.01,1,3076,卖盘
1188,11:04:40,30.77,0.01,8,24616,买盘
1189,11:04:43,30.77,0.0,3,9231,卖盘
1190,11:05:01,30.79,0.02,2,6158,买盘
1191,11:05:04,30.77,-0.02,3,9233,卖盘
1192,11:05:10,30.8,0.03,10,30800,买盘
1193,11:05:13,30.77,-0.03,3,9231,卖盘
1194,11:05:28,30.79,0.02,7,21549,买盘
1195,11:05:31,30.77,-0.02,18,55394,卖盘
1196,11:05:43,30.77,0.0,8,24616,卖盘
1197,11:05:52,30.77,0.0,2,6154,买盘
1198,11:06:04,30.77,0.0,10,30770,卖盘
1199,11:06:10,30.75,-0.02,30,92303,卖盘
1200,11:06:16,30.75,0.0,10,30750,买盘
1201,11:06:18,30.75,0.0,5,15375,买盘
1202,11:06:21,30.74,-0.01,10,30740,卖盘
1203,11:06:34,30.74,0.0,9,27666,卖盘
1204,11:06:37,30.74,0.0,5,15370,卖盘
1205,11:06:40,30.75,0.01,1,3075,买盘
1206,11:06:52,30.75,0.0,30,92250,买盘
1207,11:06:55,30.74,-0.01,9,27666,卖盘
1208,11:07:04,30.74,0.0,4,12296,买盘
1209,11:07:16,30.74,0.0,51,156824,卖盘
1210,11:07:22,30.74,0.0,6,18444,卖盘
1211,11:07:25,30.75,0.01,20,61500,买盘
1212,11:07:30,30.75,0.0,1,3075,买盘
1213,11:07:49,30.73,-0.02,1,3073,卖盘
1214,11:07:55,30.74,0.01,3,9222,买盘
1215,11:07:58,30.73,-0.01,21,64533,卖盘
1216,11:08:01,30.73,0.0,5,15365,卖盘
1217,11:08:04,30.75,0.02,6,18446,买盘
1218,11:08:13,30.74,-0.01,1,3074,买盘
1219,11:08:22,30.74,0.0,44,135286,卖盘
1220,11:08:25,30.73,-0.01,10,30730,卖盘
1221,11:08:28,30.75,0.02,12,36898,买盘
1222,11:08:37,30.75,0.0,4,12300,买盘
1223,11:08:43,30.74,-0.01,4,12296,卖盘
1224,11:08:45,30.73,-0.01,3,9219,卖盘
1225,11:08:58,30.73,0.0,1,3073,卖盘
1226,11:09:09,30.73,0.0,13,39939,买盘
1227,11:09:12,30.72,-0.01,2,6144,卖盘
1228,11:09:15,30.72,0.0,2,6144,卖盘
1229,11:09:18,30.73,0.01,1,3073,买盘
1230,11:09:21,30.71,-0.02,6,18430,卖盘
1231,11:09:33,30.72,0.01,7,21504,卖盘
1232,11:09:36,30.71,-0.01,18,55281,卖盘
1233,11:09:45,30.73,0.02,8,24577,买盘
1234,11:10:10,30.72,-0.01,39,119808,卖盘
1235,11:10:19,30.72,0.0,46,141312,卖盘
1236,11:10:22,30.72,0.0,1,3072,买盘
1237,11:10:49,30.71,-0.01,1,3071,卖盘
1238,11:10:51,30.7,-0.01,89,273247,卖盘
1239,11:11:13,30.7,0.0,5,15350,买盘
1240,11:11:34,30.7,0.0,14,42980,买盘
1241,11:11:39,30.7,0.0,12,36840,买盘
1242,11:11:43,30.7,0.0,4,12280,买盘
1243,11:11:55,30.7,0.0,3,9210,卖盘
1244,11:11:58,30.7,0.0,3,9210,买盘
1245,11:12:04,30.7,0.0,17,52190,买盘
1246,11:12:09,30.7,0.0,40,122752,买盘
1247,11:12:31,30.71,0.01,12,36852,买盘
1248,11:12:34,30.71,0.0,11,33781,卖盘
1249,11:12:37,30.71,0.0,1,3071,卖盘
1250,11:12:54,30.72,0.01,22,67584,买盘
1251,11:13:19,30.72,0.0,25,76800,卖盘
1252,11:13:30,30.71,-0.01,30,92150,卖盘
1253,11:13:46,30.71,0.0,20,61420,买盘
1254,11:13:55,30.71,0.0,7,21497,卖盘
1255,11:14:01,30.71,0.0,2,6142,卖盘
1256,11:14:04,30.71,0.0,7,21497,中性盘
1257,11:14:18,30.71,0.0,6,18426,卖盘
1258,11:14:21,30.71,0.0,12,36852,卖盘
1259,11:14:25,30.72,0.01,3,9216,买盘
1260,11:14:33,30.71,-0.01,8,24568,卖盘
1261,11:14:36,30.71,0.0,1,3071,买盘
1262,11:14:39,30.72,0.01,14,43002,买盘
1263,11:15:01,30.72,0.0,13,39933,买盘
1264,11:15:13,30.72,0.0,23,70656,卖盘
1265,11:15:25,30.72,0.0,24,73748,卖盘
1266,11:15:28,30.72,0.0,3,9216,卖盘
1267,11:15:40,30.74,0.02,1,3074,中性盘
1268,11:15:48,30.75,0.01,5,15375,买盘
1269,11:15:55,30.75,0.0,6,18450,买盘
1270,11:16:01,30.77,0.02,12,36919,买盘
1271,11:16:15,30.77,0.0,1,3077,买盘
1272,11:16:19,30.76,-0.01,2,6153,卖盘
1273,11:16:22,30.79,0.03,6,18462,买盘
1274,11:16:40,30.79,0.0,4,12316,买盘
1275,11:16:51,30.79,0.0,19,58515,卖盘
1276,11:16:58,30.81,0.02,7,21561,买盘
1277,11:17:04,30.82,0.01,18,55460,买盘
1278,11:17:13,30.82,0.0,10,30816,买盘
1279,11:17:18,30.8,-0.02,13,40040,卖盘
1280,11:17:24,30.8,0.0,10,30800,买盘
1281,11:17:48,30.77,-0.03,15,44896,卖盘
1282,11:17:54,30.77,0.0,2,6155,卖盘
1283,11:17:58,30.75,-0.02,11,33840,卖盘
1284,11:18:04,30.77,0.02,4,12308,买盘
1285,11:18:07,30.77,0.0,6,18462,卖盘
1286,11:18:10,30.77,0.0,10,30770,卖盘
1287,11:18:16,30.77,0.0,6,18462,买盘
1288,11:18:19,30.77,0.0,3,9231,卖盘
1289,11:18:31,30.78,0.01,1,3078,买盘
1290,11:18:37,30.77,-0.01,1,3077,卖盘
1291,11:18:43,30.77,0.0,14,43078,卖盘
1292,11:19:01,30.72,-0.05,58,178251,卖盘
1293,11:19:03,30.76,0.04,3,9228,买盘
1294,11:19:15,30.75,-0.01,3,9225,卖盘
1295,11:19:30,30.75,0.0,5,15375,买盘
1296,11:19:33,30.72,-0.03,7,21513,卖盘
1297,11:19:43,30.73,0.01,27,82951,中性盘
1298,11:19:55,30.73,0.0,3,9219,卖盘
1299,11:20:01,30.73,0.0,1,3073,买盘
1300,11:20:04,30.72,-0.01,10,30720,卖盘
1301,11:20:06,30.73,0.01,9,27654,买盘
1302,11:20:19,30.73,0.0,3,9219,买盘
1303,11:20:30,30.73,0.0,16,49168,买盘
1304,11:20:36,30.73,0.0,9,27650,买盘
1305,11:20:43,30.72,-0.01,8,25836,卖盘
1306,11:21:01,30.72,0.0,39,119783,买盘
1307,11:21:04,30.7,-0.02,6,18420,卖盘
1308,11:21:06,30.72,0.02,3,7956,买盘
1309,11:21:09,30.73,0.01,4,12292,买盘
1310,11:21:13,30.73,0.0,1,3073,买盘
1311,11:21:16,30.72,-0.01,2,6144,卖盘
1312,11:21:22,30.73,0.01,19,58387,买盘
1313,11:21:25,30.75,0.02,45,138359,买盘
1314,11:21:30,30.75,0.0,53,162970,买盘
1315,11:21:37,30.75,0.0,6,18450,卖盘
1316,11:21:46,30.75,0.0,8,24600,卖盘
1317,11:21:49,30.75,0.0,6,18450,买盘
1318,11:21:52,30.82,0.07,12,36935,买盘
1319,11:22:06,30.82,0.0,26,80132,卖盘
1320,11:22:10,30.87,0.05,99,305296,买盘
1321,11:22:16,30.83,-0.04,7,21581,卖盘
1322,11:22:22,30.8,-0.03,27,83160,买盘
1323,11:22:43,30.8,0.0,1,3080,卖盘
1324,11:22:57,30.8,0.0,15,46200,卖盘
1325,11:23:07,30.8,0.0,7,21580,卖盘
1326,11:23:22,30.8,0.0,3,9240,买盘
1327,11:23:46,30.77,-0.03,10,30770,卖盘
1328,11:23:52,30.77,0.0,12,36924,买盘
1329,11:23:58,30.77,0.0,76,233755,买盘
1330,11:24:25,30.75,-0.02,3,9225,卖盘
1331,11:24:34,30.75,0.0,4,12300,卖盘
1332,11:24:37,30.75,0.0,1,3075,买盘
1333,11:24:40,30.75,0.0,1,3075,卖盘
1334,11:24:49,30.76,0.01,14,43064,买盘
1335,11:24:54,30.76,0.0,1,3076,买盘
1336,11:25:01,30.77,0.01,5,15385,买盘
1337,11:25:04,30.77,0.0,47,144619,买盘
1338,11:25:07,30.77,0.0,20,61540,买盘
1339,11:25:18,30.8,0.03,8,24640,买盘
1340,11:25:25,30.77,-0.03,5,15394,卖盘
1341,11:25:37,30.83,0.06,17,52411,买盘
1342,11:25:43,30.8,-0.03,5,15400,卖盘
1343,11:25:49,30.8,0.0,13,40040,卖盘
1344,11:25:52,30.8,0.0,320,985600,买盘
1345,11:25:55,30.8,0.0,26,80080,买盘
1346,11:25:58,30.8,0.0,113,348040,买盘
1347,11:26:00,30.8,0.0,3,9240,买盘
1348,11:26:07,30.78,-0.02,1,3078,卖盘
1349,11:26:13,30.8,0.02,249,766920,买盘
1350,11:26:19,30.83,0.03,1,3083,买盘
1351,11:26:22,30.83,0.0,12,36996,买盘
1352,11:26:25,30.86,0.03,5,15429,买盘
1353,11:26:27,30.83,-0.03,26,80178,卖盘
1354,11:26:30,30.83,0.0,54,166482,买盘
1355,11:26:37,30.86,0.03,38,117178,买盘
1356,11:26:40,30.81,-0.05,33,101759,卖盘
1357,11:26:45,30.86,0.05,7,21602,中性盘
1358,11:26:52,30.86,0.0,10,30860,买盘
1359,11:26:58,30.87,0.01,34,104945,买盘
1360,11:27:01,30.87,0.0,4,12350,卖盘
1361,11:27:03,30.87,0.0,9,27783,卖盘
1362,11:27:07,30.86,-0.01,81,250059,卖盘
1363,11:27:10,30.86,0.0,12,37032,买盘
1364,11:27:13,30.85,-0.01,10,30859,卖盘
1365,11:27:16,30.86,0.01,40,123438,买盘
1366,11:27:25,30.85,-0.01,14,43170,买盘
1367,11:27:30,30.83,-0.02,2,6166,卖盘
1368,11:27:34,30.86,0.03,10,30858,买盘
1369,11:27:40,30.86,0.0,2,6172,买盘
1370,11:27:52,30.86,0.0,50,154300,买盘
1371,11:27:55,30.85,-0.01,22,67872,卖盘
1372,11:27:58,30.86,0.01,11,33946,买盘
1373,11:28:01,30.86,0.0,1,3086,卖盘
1374,11:28:04,30.86,0.0,2,6172,卖盘
1375,11:28:06,30.85,-0.01,20,61714,卖盘
1376,11:28:10,30.87,0.02,4,12348,买盘
1377,11:28:13,30.85,-0.02,55,169707,卖盘
1378,11:28:16,30.85,0.0,35,107975,买盘
1379,11:28:22,30.85,0.0,2,6170,买盘
1380,11:28:25,30.85,0.0,2,6170,买盘
1381,11:28:28,30.85,0.0,14,43187,买盘
1382,11:28:31,30.85,0.0,20,61700,买盘
1383,11:28:34,30.85,0.0,18,55528,买盘
1384,11:28:36,30.85,0.0,1,3085,买盘
1385,11:28:40,30.85,0.0,14,43190,买盘
1386,11:28:43,30.85,0.0,1,3085,买盘
1387,11:28:45,30.85,0.0,1,3085,买盘
1388,11:28:48,30.85,0.0,1,3085,买盘
1389,11:28:52,30.82,-0.03,39,120261,卖盘
1390,11:29:13,30.83,0.01,3,9249,卖盘
1391,11:29:25,30.85,0.02,13,40099,买盘
1392,11:29:28,30.85,0.0,22,67870,买盘
1393,11:29:31,30.82,-0.03,56,172700,卖盘
1394,11:29:49,30.88,0.06,1,3088,买盘
1395,13:00:04,30.92,0.04,140,432422,买盘
1396,13:00:07,30.92,0.0,3,9276,买盘
1397,13:00:10,30.92,0.0,11,34012,买盘
1398,13:00:12,30.92,0.0,5,15460,买盘
1399,13:00:15,30.93,0.01,8,24744,买盘
1400,13:00:19,30.96,0.03,67,207309,买盘
1401,13:00:27,30.94,-0.02,5,15470,卖盘
1402,13:00:31,30.94,0.0,1,3094,卖盘
1403,13:00:37,30.94,0.0,21,64986,卖盘
1404,13:00:40,30.93,-0.01,29,89762,卖盘
1405,13:00:45,30.93,0.0,1,3093,买盘
1406,13:00:49,30.92,-0.01,6,18552,卖盘
1407,13:00:52,30.92,0.0,17,52569,卖盘
1408,13:00:55,30.92,0.0,4,12368,买盘
1409,13:00:58,30.96,0.04,30,92837,买盘
1410,13:01:01,30.91,-0.05,21,64891,买盘
1411,13:01:04,30.91,0.0,7,21632,买盘
1412,13:01:07,30.9,-0.01,23,71073,卖盘
1413,13:01:19,30.9,0.0,9,27806,买盘
1414,13:01:22,30.88,-0.02,6,18528,卖盘
1415,13:01:25,30.9,0.02,25,77247,买盘
1416,13:01:33,30.88,-0.02,1,3088,卖盘
1417,13:01:37,30.88,0.0,13,40144,卖盘
1418,13:01:39,30.88,0.0,10,30880,买盘
1419,13:01:46,30.87,-0.01,1,3087,卖盘
1420,13:01:49,30.89,0.02,104,321049,买盘
1421,13:02:01,30.85,-0.04,5,15425,卖盘
1422,13:02:07,30.85,0.0,12,37021,卖盘
1423,13:02:13,30.88,0.03,16,49408,买盘
1424,13:02:16,30.86,-0.02,1,3086,卖盘
1425,13:02:18,30.86,0.0,4,12344,卖盘
1426,13:02:25,30.86,0.0,11,33942,买盘
1427,13:02:30,30.87,0.01,59,182221,卖盘
1428,13:02:42,30.89,0.02,14,43246,买盘
1429,13:02:51,30.9,0.01,54,166854,买盘
1430,13:03:10,30.9,0.0,13,40210,卖盘
1431,13:03:16,30.93,0.03,1,3093,卖盘
1432,13:03:19,30.93,0.0,25,77335,卖盘
1433,13:03:21,30.93,0.0,3,9279,卖盘
1434,13:03:24,30.93,0.0,16,49488,卖盘
1435,13:03:30,30.94,0.01,15,46405,买盘
1436,13:03:33,30.9,-0.04,11,34010,卖盘
1437,13:03:39,30.95,0.05,23,71164,买盘
1438,13:03:45,30.9,-0.05,5,15454,卖盘
1439,13:03:49,30.92,0.02,22,67984,买盘
1440,13:03:52,30.9,-0.02,15,46368,卖盘
1441,13:03:55,30.9,0.0,19,58710,买盘
1442,13:03:57,30.9,0.0,8,24720,买盘
1443,13:04:00,30.9,0.0,3,9270,买盘
1444,13:04:04,30.9,0.0,12,37080,买盘
1445,13:04:06,30.87,-0.03,26,80264,卖盘
1446,13:04:12,30.87,0.0,1,3087,买盘
1447,13:04:18,30.87,0.0,6,18521,买盘
1448,13:04:33,30.87,0.0,21,64827,买盘
1449,13:04:36,30.86,-0.01,10,30864,卖盘
1450,13:04:46,30.87,0.01,3,9261,卖盘
1451,13:04:49,30.87,0.0,3,9261,卖盘
1452,13:04:51,30.86,-0.01,5,15430,卖盘
1453,13:04:55,30.85,-0.01,57,175879,卖盘
1454,13:04:58,30.87,0.02,5,15435,买盘
1455,13:05:04,30.85,-0.02,5,15425,卖盘
1456,13:05:16,30.85,0.0,1,3085,卖盘
1457,13:05:19,30.85,0.0,10,30850,卖盘
1458,13:05:22,30.85,0.0,2,6170,卖盘
1459,13:05:37,30.85,0.0,8,24680,卖盘
1460,13:05:40,30.85,0.0,4,12340,卖盘
1461,13:05:52,30.84,-0.01,23,70940,卖盘
1462,13:05:57,30.87,0.03,17,52443,买盘
1463,13:06:07,30.87,0.0,2,6174,卖盘
1464,13:06:13,30.87,0.0,2,6174,买盘
1465,13:06:18,30.85,-0.02,1,3085,卖盘
1466,13:06:24,30.85,0.0,3,9255,买盘
1467,13:06:34,30.85,0.0,6,18510,买盘
1468,13:06:40,30.83,-0.02,5,15415,卖盘
1469,13:06:43,30.83,0.0,2,6166,卖盘
1470,13:06:54,30.83,0.0,3,9249,卖盘
1471,13:06:57,30.83,0.0,1,3083,买盘
1472,13:07:10,30.82,-0.01,10,30820,卖盘
1473,13:07:22,30.81,-0.01,3,9243,卖盘
1474,13:07:25,30.81,0.0,6,18486,卖盘
1475,13:07:34,30.82,0.01,16,49307,买盘
1476,13:07:48,30.81,-0.01,3,9243,卖盘
1477,13:07:51,30.81,0.0,1,3081,买盘
1478,13:07:58,30.8,-0.01,2,6160,卖盘
1479,13:08:07,30.8,0.0,17,52360,卖盘
1480,13:08:18,30.8,0.0,40,123200,卖盘
1481,13:08:40,30.8,0.0,2,6160,卖盘
1482,13:08:46,30.77,-0.03,14,43081,卖盘
1483,13:08:49,30.8,0.03,10,30800,买盘
1484,13:09:04,30.75,-0.05,30,92285,卖盘
1485,13:09:16,30.78,0.03,6,18463,买盘
1486,13:09:18,30.8,0.02,8,24640,买盘
1487,13:09:24,30.78,-0.02,3,9234,卖盘
1488,13:09:42,30.78,0.0,1,3078,卖盘
1489,13:09:49,30.76,-0.02,8,24609,卖盘
1490,13:09:52,30.75,-0.01,50,153755,卖盘
1491,13:10:00,30.78,0.03,1,3078,买盘
1492,13:10:10,30.78,0.0,4,12312,卖盘
1493,13:10:12,30.78,0.0,3,9234,买盘
1494,13:10:22,30.78,0.0,8,24624,买盘
1495,13:10:42,30.79,0.01,9,27711,买盘
1496,13:10:48,30.78,-0.01,6,18468,卖盘
1497,13:10:51,30.78,0.0,3,9234,卖盘
1498,13:10:58,30.79,0.01,1,3079,买盘
1499,13:11:07,30.78,-0.01,17,52326,卖盘
1500,13:11:16,30.75,-0.03,2,6150,卖盘
1501,13:11:27,30.75,0.0,29,89175,卖盘
1502,13:11:34,30.75,0.0,5,15375,卖盘
1503,13:11:36,30.75,0.0,2,6150,卖盘
1504,13:11:40,30.75,0.0,23,70725,卖盘
1505,13:11:42,30.77,0.02,7,21533,买盘
1506,13:11:49,30.75,-0.02,1,3075,卖盘
1507,13:11:55,30.75,0.0,18,55350,卖盘
1508,13:11:57,30.77,0.02,13,40001,买盘
1509,13:12:10,30.75,-0.02,5,15375,卖盘
1510,13:12:13,30.75,0.0,10,30750,卖盘
1511,13:12:19,30.74,-0.01,78,239847,卖盘
1512,13:12:33,30.72,-0.02,3,9216,卖盘
1513,13:12:37,30.74,0.02,7,21514,买盘
1514,13:12:40,30.72,-0.02,3,9216,卖盘
1515,13:12:43,30.72,0.0,2,6144,买盘
1516,13:12:49,30.71,-0.01,17,52207,卖盘
1517,13:12:52,30.71,0.0,20,61420,卖盘
1518,13:13:04,30.7,-0.01,18,55260,卖盘
1519,13:13:07,30.71,0.01,12,36852,买盘
1520,13:13:10,30.7,-0.01,1,3070,卖盘
1521,13:13:12,30.71,0.01,36,111584,买盘
1522,13:13:19,30.71,0.0,5,15355,买盘
1523,13:13:22,30.71,0.0,18,55268,买盘
1524,13:13:28,30.71,0.0,27,82901,买盘
1525,13:13:33,30.71,0.0,1,3071,买盘
1526,13:13:43,30.7,-0.01,3,9210,卖盘
1527,13:13:48,30.7,0.0,33,101310,卖盘
1528,13:13:51,30.71,0.01,16,49121,买盘
1529,13:14:01,30.7,-0.01,2,6140,卖盘
1530,13:14:04,30.7,0.0,3,9210,卖盘
1531,13:14:07,30.7,0.0,14,41936,卖盘
1532,13:14:13,30.68,-0.02,15,46042,卖盘
1533,13:14:25,30.71,0.03,33,101338,买盘
1534,13:14:28,30.68,-0.03,4,12273,卖盘
1535,13:14:43,30.68,0.0,16,49088,卖盘
1536,13:14:51,30.68,0.0,4,12274,卖盘
1537,13:15:07,30.68,0.0,11,33748,卖盘
1538,13:15:13,30.7,0.02,2,6140,买盘
1539,13:15:19,30.7,0.0,7,21482,买盘
1540,13:15:22,30.71,0.01,20,61408,买盘
1541,13:15:34,30.7,-0.01,4,12280,卖盘
1542,13:15:37,30.71,0.01,10,30710,买盘
1543,13:15:43,30.7,-0.01,1,3070,卖盘
1544,13:15:46,30.71,0.01,3,9212,买盘
1545,13:15:57,30.71,0.0,9,27644,卖盘
1546,13:16:00,30.71,0.0,2,6142,卖盘
1547,13:16:06,30.7,-0.01,17,52195,卖盘
1548,13:16:25,30.7,0.0,5,15346,买盘
1549,13:16:49,30.69,-0.01,4,12276,卖盘
1550,13:16:55,30.69,0.0,9,27621,卖盘
1551,13:17:06,30.69,0.0,3,9207,买盘
1552,13:17:12,30.68,-0.01,6,18408,卖盘
1553,13:17:24,30.69,0.01,10,30690,卖盘
1554,13:17:34,30.69,0.0,23,70587,买盘
1555,13:17:37,30.69,0.0,15,46035,卖盘
1556,13:17:40,30.69,0.0,4,12276,卖盘
1557,13:17:46,30.69,0.0,6,18414,卖盘
1558,13:17:58,30.69,0.0,4,12279,卖盘
1559,13:18:13,30.69,0.0,4,12276,卖盘
1560,13:18:16,30.69,0.0,4,12276,卖盘
1561,13:18:19,30.69,0.0,9,27624,卖盘
1562,13:18:25,30.7,0.01,13,39905,买盘
1563,13:18:31,30.68,-0.02,54,165711,卖盘
1564,13:18:40,30.68,0.0,5,15340,卖盘
1565,13:18:43,30.68,0.0,3,9204,买盘
1566,13:18:49,30.65,-0.03,107,328044,卖盘
1567,13:19:01,30.65,0.0,20,61300,卖盘
1568,13:19:04,30.65,0.0,14,42910,卖盘
1569,13:19:07,30.65,0.0,8,24520,卖盘
1570,13:19:10,30.65,0.0,2,6130,卖盘
1571,13:19:16,30.65,0.0,11,33715,卖盘
1572,13:19:19,30.65,0.0,35,107275,卖盘
1573,13:19:31,30.63,-0.02,8,24504,卖盘
1574,13:19:37,30.63,0.0,1,3063,卖盘
1575,13:19:40,30.64,0.01,3,9192,买盘
1576,13:19:43,30.63,-0.01,15,45947,卖盘
1577,13:19:46,30.63,0.0,1,3063,卖盘
1578,13:19:51,30.63,0.0,10,30630,卖盘
1579,13:19:55,30.63,0.0,4,12252,卖盘
1580,13:19:58,30.63,0.0,1,3063,卖盘
1581,13:20:00,30.63,0.0,3,9189,买盘
1582,13:20:07,30.63,0.0,2,6126,卖盘
1583,13:20:13,30.62,-0.01,17,52054,卖盘
1584,13:20:22,30.61,-0.01,6,18366,卖盘
1585,13:20:25,30.61,0.0,9,27549,卖盘
1586,13:20:28,30.61,0.0,7,21427,卖盘
1587,13:20:37,30.61,0.0,8,24488,中性盘
1588,13:20:40,30.6,-0.01,21,64260,卖盘
1589,13:20:43,30.6,0.0,18,55083,卖盘
1590,13:20:48,30.6,0.0,21,64290,卖盘
1591,13:20:51,30.6,0.0,10,30607,卖盘
1592,13:21:04,30.62,0.02,30,91842,买盘
1593,13:21:10,30.62,0.0,2,6124,卖盘
1594,13:21:13,30.63,0.01,20,61260,买盘
1595,13:21:16,30.62,-0.01,20,61242,卖盘
1596,13:21:19,30.64,0.02,7,21444,买盘
1597,13:21:28,30.65,0.01,5,15324,买盘
1598,13:21:30,30.65,0.0,4,12260,卖盘
1599,13:21:33,30.65,0.0,4,12260,卖盘
1600,13:21:40,30.64,-0.01,2,6128,买盘
1601,13:21:46,30.64,0.0,12,36764,买盘
1602,13:21:49,30.64,0.0,30,91920,买盘
1603,13:21:52,30.63,-0.01,9,27569,卖盘
1604,13:21:55,30.63,0.0,29,88827,卖盘
1605,13:21:58,30.64,0.01,10,30635,买盘
1606,13:22:01,30.64,0.0,6,18384,买盘
1607,13:22:07,30.63,-0.01,21,64339,中性盘
1608,13:22:10,30.62,-0.01,5,15311,卖盘
1609,13:22:13,30.62,0.0,2,6124,卖盘
1610,13:22:16,30.63,0.01,7,21441,买盘
1611,13:22:19,30.62,-0.01,23,70426,卖盘
1612,13:22:34,30.61,-0.01,7,21427,卖盘
1613,13:22:37,30.61,0.0,8,24488,卖盘
1614,13:22:43,30.62,0.01,3,9186,买盘
1615,13:22:46,30.63,0.01,42,128624,买盘
1616,13:22:49,30.61,-0.02,31,94898,卖盘
1617,13:22:55,30.61,0.0,15,45941,卖盘
1618,13:23:01,30.62,0.01,6,18373,卖盘
1619,13:23:07,30.61,-0.01,20,61227,卖盘
1620,13:23:13,30.62,0.01,4,12248,中性盘
1621,13:23:16,30.62,0.0,6,18372,卖盘
1622,13:23:18,30.63,0.01,139,425459,买盘
1623,13:23:22,30.63,0.0,1,3063,买盘
1624,13:23:31,30.63,0.0,11,33693,买盘
1625,13:23:36,30.64,0.01,28,85770,买盘
1626,13:23:39,30.64,0.0,34,104176,买盘
1627,13:23:43,30.61,-0.03,8,24488,卖盘
1628,13:23:58,30.66,0.05,38,116484,买盘
1629,13:24:01,30.6,-0.06,50,153128,卖盘
1630,13:24:07,30.66,0.06,5,15330,中性盘
1631,13:24:09,30.62,-0.04,7,21434,卖盘
1632,13:24:22,30.62,0.0,1,3062,卖盘
1633,13:24:34,30.62,0.0,7,21434,买盘
1634,13:24:37,30.62,0.0,4,12248,卖盘
1635,13:24:48,30.62,0.0,4,12248,卖盘
1636,13:25:04,30.62,0.0,8,24496,卖盘
1637,13:25:07,30.62,0.0,4,12248,卖盘
1638,13:25:28,30.62,0.0,27,82674,卖盘
1639,13:25:31,30.66,0.04,9,27578,买盘
1640,13:25:42,30.66,0.0,1,3066,卖盘
1641,13:25:49,30.66,0.0,3,9198,卖盘
1642,13:25:55,30.61,-0.05,57,174513,卖盘
1643,13:25:58,30.61,0.0,2,6122,卖盘
1644,13:26:06,30.61,0.0,16,47874,卖盘
1645,13:26:12,30.61,0.0,28,85730,卖盘
1646,13:26:22,30.61,0.0,11,33671,卖盘
1647,13:26:28,30.62,0.01,1,3062,买盘
1648,13:26:34,30.62,0.0,4,12248,买盘
1649,13:26:36,30.61,-0.01,7,21431,卖盘
1650,13:26:43,30.63,0.02,4,12252,买盘
1651,13:26:49,30.63,0.0,3,9189,卖盘
1652,13:27:04,30.63,0.0,4,12252,卖盘
1653,13:27:19,30.63,0.0,4,12252,卖盘
1654,13:27:22,30.63,0.0,9,27567,卖盘
1655,13:27:31,30.6,-0.03,38,116333,卖盘
1656,13:27:46,30.66,0.06,19,58239,买盘
1657,13:27:49,30.61,-0.05,3,9183,卖盘
1658,13:27:55,30.61,0.0,1,3061,买盘
1659,13:27:58,30.61,0.0,1,3061,卖盘
1660,13:28:01,30.66,0.05,5,15330,买盘
1661,13:28:13,30.65,-0.01,4,12260,买盘
1662,13:28:16,30.62,-0.03,4,12248,卖盘
1663,13:28:19,30.65,0.03,5,15325,买盘
1664,13:28:21,30.62,-0.03,18,55116,卖盘
1665,13:28:28,30.6,-0.02,57,174484,卖盘
1666,13:28:31,30.6,0.0,24,73460,卖盘
1667,13:28:40,30.6,0.0,16,48964,卖盘
1668,13:28:46,30.6,0.0,1,3060,卖盘
1669,13:28:55,30.6,0.0,4,12240,卖盘
1670,13:29:12,30.62,0.02,4,12248,卖盘
1671,13:29:19,30.62,0.0,9,27573,卖盘
1672,13:29:25,30.65,0.03,19,58235,买盘
1673,13:29:30,30.65,0.0,10,30650,卖盘
1674,13:29:36,30.65,0.0,4,12260,卖盘
1675,13:29:39,30.65,0.0,4,12260,卖盘
1676,13:29:46,30.65,0.0,1,3065,卖盘
1677,13:29:49,30.66,0.01,7,21462,买盘
1678,13:29:54,30.65,-0.01,4,12260,卖盘
1679,13:30:01,30.66,0.01,10,30660,买盘
1680,13:30:04,30.66,0.0,9,27590,买盘
1681,13:30:16,30.68,0.02,80,245440,买盘
1682,13:30:19,30.68,0.0,11,33748,买盘
1683,13:30:22,30.66,-0.02,7,21468,卖盘
1684,13:30:25,30.68,0.02,57,174726,买盘
1685,13:30:34,30.68,0.0,9,27612,卖盘
1686,13:30:37,30.71,0.03,3,9213,买盘
1687,13:30:49,30.71,0.0,4,12284,卖盘
1688,13:30:52,30.71,0.0,4,12284,卖盘
1689,13:30:55,30.71,0.0,8,24568,卖盘
1690,13:31:00,30.71,0.0,8,24568,买盘
1691,13:31:04,30.75,0.04,8,24582,买盘
1692,13:31:07,30.68,-0.07,2,6136,卖盘
1693,13:31:16,30.68,0.0,1,3068,买盘
1694,13:31:18,30.74,0.06,16,49178,买盘
1695,13:31:21,30.74,0.0,4,12296,卖盘
1696,13:31:28,30.74,0.0,11,33814,卖盘
1697,13:31:31,30.74,0.0,13,39962,卖盘
1698,13:31:34,30.74,0.0,21,64554,卖盘
1699,13:31:40,30.75,0.01,4,12299,买盘
1700,13:31:51,30.75,0.0,7,21525,卖盘
1701,13:31:54,30.76,0.01,4,12302,买盘
1702,13:31:57,30.76,0.0,5,15372,买盘
1703,13:32:07,30.78,0.02,19,58462,买盘
1704,13:32:13,30.74,-0.04,15,46132,卖盘
1705,13:32:19,30.78,0.04,3,9232,买盘
1706,13:32:24,30.74,-0.04,19,58406,卖盘
1707,13:32:27,30.74,0.0,3,9222,买盘
1708,13:32:37,30.76,0.02,4,12304,卖盘
1709,13:32:43,30.76,0.0,5,15382,卖盘
1710,13:32:46,30.76,0.0,27,83052,买盘
1711,13:32:52,30.75,-0.01,4,12300,卖盘
1712,13:32:55,30.76,0.01,11,33828,买盘
1713,13:33:01,30.75,-0.01,5,15375,卖盘
1714,13:33:04,30.76,0.01,8,24607,买盘
1715,13:33:10,30.75,-0.01,2,6150,卖盘
1716,13:33:16,30.74,-0.01,5,15371,卖盘
1717,13:33:22,30.74,0.0,7,21518,卖盘
1718,13:33:27,30.75,0.01,13,39978,买盘
1719,13:33:30,30.75,0.0,4,12300,卖盘
1720,13:33:33,30.76,0.01,133,408566,买盘
1721,13:33:37,30.76,0.0,12,36912,买盘
1722,13:33:48,30.76,0.0,24,73854,卖盘
1723,13:33:52,30.76,0.0,5,15380,卖盘
1724,13:33:58,30.76,0.0,11,33836,卖盘
1725,13:34:01,30.76,0.0,7,21532,卖盘
1726,13:34:04,30.76,0.0,14,43064,卖盘
1727,13:34:16,30.76,0.0,10,30722,买盘
1728,13:34:18,30.78,0.02,30,92294,买盘
1729,13:34:21,30.66,-0.12,41,125750,卖盘
1730,13:34:24,30.77,0.11,3,9231,中性盘
1731,13:34:28,30.66,-0.11,6,18396,卖盘
1732,13:34:37,30.65,-0.01,4,12260,卖盘
1733,13:34:40,30.66,0.01,3,9198,买盘
1734,13:34:55,30.5,-0.16,495,1513178,卖盘
1735,13:34:57,30.49,-0.01,12,36589,卖盘
1736,13:35:04,30.49,0.0,25,77445,卖盘
1737,13:35:07,30.5,0.01,27,82334,买盘
1738,13:35:13,30.49,-0.01,3,9147,买盘
1739,13:35:16,30.49,0.0,1,3049,买盘
1740,13:35:22,30.48,-0.01,65,198134,卖盘
1741,13:35:25,30.48,0.0,13,39624,买盘
1742,13:35:28,30.48,0.0,24,73141,买盘
1743,13:35:31,30.47,-0.01,2,6094,卖盘
1744,13:35:34,30.47,0.0,6,18282,买盘
1745,13:35:36,30.46,-0.01,10,30460,卖盘
1746,13:35:40,30.46,0.0,147,447867,卖盘
1747,13:35:42,30.46,0.0,18,54819,买盘
1748,13:35:46,30.46,0.0,31,94396,买盘
1749,13:35:49,30.46,0.0,24,73082,买盘
1750,13:35:52,30.47,0.01,34,103578,买盘
1751,13:35:57,30.47,0.0,15,45705,卖盘
1752,13:36:01,30.48,0.01,16,48764,买盘
1753,13:36:04,30.48,0.0,13,39624,买盘
1754,13:36:07,30.48,0.0,1,3048,买盘
1755,13:36:10,30.48,0.0,15,45712,买盘
1756,13:36:13,30.48,0.0,14,42672,买盘
1757,13:36:15,30.47,-0.01,34,103629,卖盘
1758,13:36:18,30.48,0.01,32,97536,买盘
1759,13:36:22,30.48,0.0,2,6096,卖盘
1760,13:36:25,30.48,0.0,21,64012,卖盘
1761,13:36:28,30.48,0.0,11,33528,卖盘
1762,13:36:34,30.49,0.01,7,21343,卖盘
1763,13:36:37,30.49,0.0,6,18294,卖盘
1764,13:36:43,30.49,0.0,1,3049,卖盘
1765,13:36:46,30.49,0.0,31,94519,卖盘
1766,13:36:52,30.49,0.0,5,15245,买盘
1767,13:36:55,30.49,0.0,13,39637,买盘
1768,13:36:57,30.49,0.0,18,54867,买盘
1769,13:37:01,30.48,-0.01,20,60960,卖盘
1770,13:37:13,30.49,0.01,2,6098,卖盘
1771,13:37:16,30.49,0.0,31,94519,卖盘
1772,13:37:19,30.49,0.0,13,39637,买盘
1773,13:37:22,30.48,-0.01,36,109729,卖盘
1774,13:37:25,30.48,0.0,35,106691,卖盘
1775,13:37:28,30.48,0.0,21,63997,买盘
1776,13:37:31,30.48,0.0,7,21331,买盘
1777,13:37:37,30.48,0.0,6,18288,卖盘
1778,13:37:40,30.49,0.01,6,18294,买盘
1779,13:37:43,30.48,-0.01,20,60961,卖盘
1780,13:37:46,30.47,-0.01,38,115786,卖盘
1781,13:37:49,30.48,0.01,3,9144,买盘
1782,13:37:52,30.48,0.0,13,39624,买盘
1783,13:37:55,30.5,0.02,241,734627,买盘
1784,13:37:57,30.48,-0.02,13,39624,中性盘
1785,13:38:01,30.5,0.02,16,48800,买盘
1786,13:38:04,30.48,-0.02,5,15240,卖盘
1787,13:38:07,30.49,0.01,13,39627,买盘
1788,13:38:10,30.48,-0.01,9,27439,卖盘
1789,13:38:19,30.48,0.0,15,45720,卖盘
1790,13:38:22,30.49,0.01,27,82281,买盘
1791,13:38:24,30.45,-0.04,52,158404,卖盘
1792,13:38:31,30.45,0.0,11,33495,卖盘
1793,13:38:33,30.45,0.0,5,15225,卖盘
1794,13:38:36,30.47,0.02,51,155397,中性盘
1795,13:38:39,30.47,0.0,10,30470,卖盘
1796,13:38:46,30.47,0.0,2,6094,卖盘
1797,13:38:49,30.47,0.0,9,27417,买盘
1798,13:38:52,30.46,-0.01,15,45690,卖盘
1799,13:38:55,30.46,0.0,3,9138,卖盘
1800,13:38:58,30.47,0.01,1,3047,买盘
1801,13:39:01,30.46,-0.01,29,88306,中性盘
1802,13:39:07,30.46,0.0,2,6092,买盘
1803,13:39:10,30.45,-0.01,25,76125,卖盘
1804,13:39:13,30.47,0.02,17,51785,买盘
1805,13:39:15,30.45,-0.02,12,36540,卖盘
1806,13:39:18,30.44,-0.01,47,143087,卖盘
1807,13:39:21,30.44,0.0,4,12177,卖盘
1808,13:39:25,30.45,0.01,15,45675,买盘
1809,13:39:28,30.44,-0.01,17,51748,卖盘
1810,13:39:31,30.44,0.0,13,39572,卖盘
1811,13:39:34,30.45,0.01,10,30450,买盘
1812,13:39:37,30.45,0.0,23,70020,买盘
1813,13:39:40,30.45,0.0,19,57846,买盘
1814,13:39:43,30.45,0.0,4,12180,卖盘
1815,13:39:48,30.47,0.02,2,6094,买盘
1816,13:39:55,30.46,-0.01,4,12184,卖盘
1817,13:39:58,30.47,0.01,2,6094,买盘
1818,13:40:01,30.47,0.0,14,42647,买盘
1819,13:40:04,30.47,0.0,5,15235,买盘
1820,13:40:10,30.45,-0.02,8,24368,卖盘
1821,13:40:13,30.47,0.02,2,6094,买盘
1822,13:40:16,30.45,-0.02,13,39586,卖盘
1823,13:40:30,30.47,0.02,8,24376,卖盘
1824,13:40:37,30.47,0.0,1,3047,买盘
1825,13:40:40,30.46,-0.01,6,18279,卖盘
1826,13:40:52,30.48,0.02,3,9144,买盘
1827,13:40:58,30.47,-0.01,15,45713,卖盘
1828,13:41:04,30.47,0.0,1,3047,买盘
1829,13:41:09,30.47,0.0,21,63987,买盘
1830,13:41:16,30.5,0.03,100,304878,买盘
1831,13:41:31,30.48,-0.02,11,33528,卖盘
1832,13:41:34,30.5,0.02,12,36600,买盘
1833,13:41:37,30.48,-0.02,13,39642,卖盘
1834,13:41:40,30.5,0.02,12,34282,买盘
1835,13:41:46,30.5,0.0,4,12202,卖盘
1836,13:41:54,30.5,0.0,25,76273,卖盘
1837,13:41:57,30.66,0.16,3,9198,中性盘
1838,13:42:00,30.51,-0.15,12,36612,卖盘
1839,13:42:07,30.64,0.13,4,12256,中性盘
1840,13:42:10,30.53,-0.11,4,12212,卖盘
1841,13:42:31,30.55,0.02,9,27501,卖盘
1842,13:42:34,30.62,0.07,3,9172,买盘
1843,13:42:40,30.54,-0.08,4,12216,卖盘
1844,13:42:42,30.55,0.01,3,9165,买盘
1845,13:42:45,30.55,0.0,3,9165,买盘
1846,13:42:48,30.55,0.0,2,6110,买盘
1847,13:43:01,30.55,0.0,11,33605,卖盘
1848,13:43:12,30.6,0.05,14,42824,买盘
1849,13:43:25,30.55,-0.05,1,3055,卖盘
1850,13:43:31,30.55,0.0,9,27495,卖盘
1851,13:43:33,30.55,0.0,1,3055,买盘
1852,13:43:40,30.55,0.0,1,3055,买盘
1853,13:43:46,30.6,0.05,1,3060,买盘
1854,13:43:54,30.6,0.0,3,9180,买盘
1855,13:44:01,30.56,-0.04,4,12224,卖盘
1856,13:44:10,30.6,0.04,7,21420,买盘
1857,13:44:15,30.6,0.0,5,15300,买盘
1858,13:44:28,30.56,-0.04,10,30560,卖盘
1859,13:44:34,30.55,-0.01,14,42782,卖盘
1860,13:44:42,30.59,0.04,4,12236,买盘
1861,13:44:48,30.59,0.0,3,9177,买盘
1862,13:44:51,30.59,0.0,3,9177,买盘
1863,13:44:54,30.59,0.0,2,6118,卖盘
1864,13:45:06,30.59,0.0,2,6118,卖盘
1865,13:45:27,30.56,-0.03,3,9168,卖盘
1866,13:45:30,30.59,0.03,1,3059,买盘
1867,13:45:37,30.54,-0.05,24,73313,卖盘
1868,13:45:40,30.54,0.0,8,24432,买盘
1869,13:45:43,30.54,0.0,4,12216,买盘
1870,13:45:49,30.54,0.0,5,15270,卖盘
1871,13:45:52,30.54,0.0,3,9162,卖盘
1872,13:45:54,30.54,0.0,10,30540,买盘
1873,13:45:58,30.54,0.0,1,3054,买盘
1874,13:46:31,30.55,0.01,1,3055,卖盘
1875,13:46:40,30.54,-0.01,2,6108,卖盘
1876,13:46:43,30.54,0.0,2,6108,卖盘
1877,13:46:57,30.54,0.0,18,54972,卖盘
1878,13:47:03,30.54,0.0,7,21378,买盘
1879,13:47:13,30.57,0.03,17,51969,买盘
1880,13:47:16,30.57,0.0,4,12228,买盘
1881,13:47:18,30.57,0.0,7,21399,买盘
1882,13:47:22,30.57,0.0,6,18342,买盘
1883,13:47:28,30.6,0.03,115,351730,买盘
1884,13:47:36,30.61,0.01,5,15305,中性盘
1885,13:47:40,30.68,0.07,5,15340,买盘
1886,13:47:46,30.69,0.01,7,21483,买盘
1887,13:47:48,30.68,-0.01,3,9204,卖盘
1888,13:47:58,30.68,0.0,7,21476,卖盘
1889,13:48:01,30.69,0.01,7,21483,买盘
1890,13:48:10,30.68,-0.01,1,3068,卖盘
1891,13:48:13,30.68,0.0,3,9204,卖盘
1892,13:48:18,30.68,0.0,2,6136,卖盘
1893,13:48:24,30.69,0.01,21,64449,买盘
1894,13:48:30,30.69,0.0,1,3069,买盘
1895,13:48:33,30.69,0.0,3,9207,卖盘
1896,13:48:36,30.69,0.0,5,15345,卖盘
1897,13:48:39,30.69,0.0,2,6138,卖盘
1898,13:48:46,30.69,0.0,20,61380,卖盘
1899,13:48:52,30.69,0.0,8,24552,卖盘
1900,13:49:10,30.69,0.0,3,9207,卖盘
1901,13:49:12,30.69,0.0,33,101299,卖盘
1902,13:49:21,30.69,0.0,1,3069,卖盘
1903,13:49:40,30.69,0.0,5,15345,卖盘
1904,13:49:45,30.69,0.0,5,15345,卖盘
1905,13:49:49,30.7,0.01,56,171917,买盘
1906,13:49:55,30.7,0.0,10,30700,买盘
1907,13:49:58,30.69,-0.01,8,24552,卖盘
1908,13:50:01,30.7,0.01,20,61400,买盘
1909,13:50:03,30.69,-0.01,2,6138,卖盘
1910,13:50:16,30.74,0.05,15,46068,买盘
1911,13:50:28,30.69,-0.05,15,46044,卖盘
1912,13:50:39,30.71,0.02,2,6142,中性盘
1913,13:50:45,30.7,-0.01,1,3070,卖盘
1914,13:50:51,30.69,-0.01,5,15345,卖盘
1915,13:50:55,30.7,0.01,1,3070,买盘
1916,13:50:57,30.69,-0.01,2,6138,卖盘
1917,13:51:07,30.69,0.0,1,3069,卖盘
1918,13:51:16,30.69,0.0,2,6138,卖盘
1919,13:51:19,30.7,0.01,20,61393,买盘
1920,13:51:36,30.65,-0.05,5,15331,卖盘
1921,13:51:42,30.65,0.0,1,3065,卖盘
1922,13:51:52,30.67,0.02,10,30670,买盘
1923,13:52:06,30.63,-0.04,6,18378,卖盘
1924,13:52:19,30.63,0.0,6,18378,买盘
1925,13:52:25,30.62,-0.01,3,9186,卖盘
1926,13:52:30,30.63,0.01,11,33693,买盘
1927,13:52:33,30.63,0.0,5,15315,卖盘
1928,13:52:36,30.63,0.0,6,18378,卖盘
1929,13:52:39,30.63,0.0,4,12252,卖盘
1930,13:52:49,30.63,0.0,4,12252,卖盘
1931,13:52:52,30.63,0.0,2,6126,卖盘
1932,13:52:55,30.64,0.01,3,9192,买盘
1933,13:52:58,30.62,-0.02,45,137810,卖盘
1934,13:53:03,30.58,-0.04,32,97892,卖盘
1935,13:53:25,30.57,-0.01,1,3057,买盘
1936,13:53:40,30.55,-0.02,6,18330,卖盘
1937,13:53:43,30.57,0.02,100,305700,买盘
1938,13:53:45,30.57,0.0,7,21399,买盘
1939,13:53:48,30.55,-0.02,7,21385,卖盘
1940,13:54:04,30.55,0.0,6,18330,买盘
1941,13:54:10,30.55,0.0,19,58045,买盘
1942,13:54:13,30.52,-0.03,25,76337,卖盘
1943,13:54:19,30.53,0.01,7,21371,卖盘
1944,13:54:40,30.57,0.04,16,48903,买盘
1945,13:55:04,30.57,0.0,3,9171,买盘
1946,13:55:12,30.57,0.0,13,39725,买盘
1947,13:55:33,30.57,0.0,3,9171,买盘
1948,13:55:54,30.54,-0.03,63,192413,卖盘
1949,13:56:07,30.54,0.0,6,18324,买盘
1950,13:56:09,30.52,-0.02,50,152609,卖盘
1951,13:56:13,30.54,0.02,3,9162,买盘
1952,13:56:15,30.51,-0.03,8,24414,卖盘
1953,13:56:22,30.5,-0.01,28,85411,卖盘
1954,13:56:27,30.51,0.01,1,3051,卖盘
1955,13:56:30,30.5,-0.01,21,64050,卖盘
1956,13:56:34,30.5,0.0,14,42710,卖盘
1957,13:56:46,30.51,0.01,5,15255,卖盘
1958,13:56:49,30.51,0.0,7,21358,卖盘
1959,13:56:52,30.5,-0.01,42,128103,卖盘
1960,13:56:57,30.5,0.0,2,6100,买盘
1961,13:57:06,30.48,-0.02,23,70104,卖盘
1962,13:57:25,30.47,-0.01,36,109695,卖盘
1963,13:57:28,30.48,0.01,1,3048,卖盘
1964,13:57:34,30.5,0.02,21,64016,买盘
1965,13:57:46,30.48,-0.02,1,3048,卖盘
1966,13:57:48,30.5,0.02,1,3050,买盘
1967,13:57:51,30.5,0.0,12,36600,买盘
1968,13:57:54,30.48,-0.02,53,161644,卖盘
1969,13:57:58,30.5,0.02,1,3050,卖盘
1970,13:58:04,30.57,0.07,8,24456,买盘
1971,13:58:09,30.57,0.0,1,3057,买盘
1972,13:58:21,30.52,-0.05,12,36675,卖盘
1973,13:59:15,30.54,0.02,4,12216,卖盘
1974,13:59:33,30.55,0.01,33,100961,卖盘
1975,13:59:43,30.55,0.0,2,6110,卖盘
1976,13:59:45,30.55,0.0,6,18330,买盘
1977,13:59:52,30.55,0.0,5,15271,买盘
1978,13:59:55,30.54,-0.01,11,33596,卖盘
1979,14:00:04,30.53,-0.01,1,3053,中性盘
1980,14:00:10,30.52,-0.01,25,76320,卖盘
1981,14:00:19,30.52,0.0,16,48832,卖盘
1982,14:00:22,30.55,0.03,46,140456,买盘
1983,14:00:27,30.51,-0.04,20,61037,卖盘
1984,14:00:31,30.51,0.0,1,3051,买盘
1985,14:00:34,30.5,-0.01,17,51870,卖盘
1986,14:00:36,30.51,0.01,17,51876,卖盘
1987,14:00:45,30.51,0.0,28,85422,买盘
1988,14:00:49,30.51,0.0,3,9153,买盘
1989,14:00:52,30.5,-0.01,33,100651,卖盘
1990,14:00:55,30.5,0.0,110,335507,卖盘
1991,14:00:58,30.48,-0.02,6,18288,卖盘
1992,14:01:01,30.5,0.02,15,45750,买盘
1993,14:01:04,30.48,-0.02,33,100604,卖盘
1994,14:01:07,30.47,-0.01,27,82278,卖盘
1995,14:01:10,30.47,0.0,32,97459,买盘
1996,14:01:13,30.45,-0.02,17,51765,卖盘
1997,14:01:16,30.45,0.0,58,176664,卖盘
1998,14:01:19,30.45,0.0,32,97440,卖盘
1999,14:01:25,30.44,-0.01,14,42616,卖盘
2000,14:01:28,30.45,0.01,83,252599,买盘
2001,14:01:31,30.44,-0.01,7,21308,卖盘
2002,14:01:34,30.42,-0.02,19,57798,卖盘
2003,14:01:36,30.41,-0.01,5,15205,卖盘
2004,14:01:40,30.42,0.01,2,6084,买盘
2005,14:01:42,30.4,-0.02,30,91224,卖盘
2006,14:01:46,30.41,0.01,1,3041,买盘
2007,14:01:48,30.4,-0.01,28,85122,卖盘
2008,14:01:52,30.38,-0.02,150,455981,卖盘
2009,14:01:57,30.35,-0.03,159,482619,卖盘
2010,14:02:01,30.4,0.05,3,9118,买盘
2011,14:02:07,30.33,-0.07,25,75831,卖盘
2012,14:02:09,30.38,0.05,1,3038,中性盘
2013,14:02:12,30.35,-0.03,3,9106,卖盘
2014,14:02:16,30.4,0.05,45,136654,买盘
2015,14:02:21,30.4,0.0,14,42560,卖盘
2016,14:02:33,30.4,0.0,25,76000,卖盘
2017,14:02:37,30.4,0.0,17,51680,买盘
2018,14:02:43,30.38,-0.02,9,27359,卖盘
2019,14:02:46,30.41,0.03,5,15205,卖盘
2020,14:02:49,30.43,0.02,1,3043,买盘
2021,14:02:52,30.41,-0.02,5,15209,卖盘
2022,14:02:55,30.44,0.03,5,15214,买盘
2023,14:02:58,30.41,-0.03,13,39533,卖盘
2024,14:03:04,30.41,0.0,22,66902,卖盘
2025,14:03:09,30.44,0.03,4,12167,买盘
2026,14:03:12,30.42,-0.02,10,30420,卖盘
2027,14:03:19,30.41,-0.01,10,30416,卖盘
2028,14:03:24,30.43,0.02,2,6086,买盘
2029,14:03:27,30.43,0.0,3,9129,中性盘
2030,14:03:30,30.45,0.02,7,21307,买盘
2031,14:03:43,30.45,0.0,4,12180,买盘
2032,14:04:06,30.55,0.1,2,6110,买盘
2033,14:04:09,30.55,0.0,1,3055,买盘
2034,14:04:19,30.55,0.0,10,30550,卖盘
2035,14:04:25,30.55,0.0,50,152750,买盘
2036,14:04:39,30.49,-0.06,1,3049,卖盘
2037,14:04:49,30.49,0.0,8,24392,卖盘
2038,14:04:58,30.54,0.05,40,122155,买盘
2039,14:05:01,30.5,-0.04,3,9150,卖盘
2040,14:05:10,30.53,0.03,8,24422,买盘
2041,14:05:13,30.53,0.0,53,161680,买盘
2042,14:05:19,30.5,-0.03,16,48801,卖盘
2043,14:05:25,30.49,-0.01,5,15245,卖盘
2044,14:05:31,30.48,-0.01,4,12192,卖盘
2045,14:05:37,30.47,-0.01,58,176730,卖盘
2046,14:05:51,30.48,0.01,15,45720,卖盘
2047,14:05:57,30.48,0.0,6,18287,买盘
2048,14:06:04,30.47,-0.01,10,30470,卖盘
2049,14:06:07,30.47,0.0,13,39621,卖盘
2050,14:06:09,30.48,0.01,22,67043,买盘
2051,14:06:19,30.47,-0.01,10,30470,卖盘
2052,14:06:22,30.47,0.0,8,24376,买盘
2053,14:06:25,30.47,0.0,2,6094,买盘
2054,14:06:28,30.47,0.0,3,9141,买盘
2055,14:06:31,30.47,0.0,1,3047,买盘
2056,14:06:34,30.47,0.0,19,57893,买盘
2057,14:06:37,30.47,0.0,2,6094,买盘
2058,14:06:40,30.47,0.0,2,6094,买盘
2059,14:06:42,30.46,-0.01,10,30460,卖盘
2060,14:06:46,30.5,0.04,59,179824,买盘
2061,14:06:52,30.47,-0.03,1,3047,卖盘
2062,14:06:55,30.5,0.03,36,109800,买盘
2063,14:07:07,30.56,0.06,35,106900,买盘
2064,14:07:13,30.64,0.08,28,85671,买盘
2065,14:07:22,30.66,0.02,31,95021,买盘
2066,14:07:27,30.66,0.0,2,6132,买盘
2067,14:07:36,30.66,0.0,13,39858,买盘
2068,14:07:43,30.66,0.0,2,6132,卖盘
2069,14:07:46,30.69,0.03,3,9207,买盘
2070,14:07:49,30.69,0.0,7,21483,卖盘
2071,14:07:52,30.7,0.01,29,89028,买盘
2072,14:07:54,30.7,0.0,7,21490,买盘
2073,14:07:58,30.7,0.0,18,55260,买盘
2074,14:08:01,30.7,0.0,3,9210,卖盘
2075,14:08:04,30.7,0.0,19,58330,卖盘
2076,14:08:06,30.73,0.03,8,24584,买盘
2077,14:08:13,30.73,0.0,5,15365,买盘
2078,14:08:16,30.73,0.0,4,12292,买盘
2079,14:08:22,30.73,0.0,2,6146,买盘
2080,14:08:24,30.73,0.0,26,79889,买盘
2081,14:08:27,30.73,0.0,2,6146,卖盘
2082,14:08:34,30.73,0.0,9,27657,卖盘
2083,14:08:37,30.78,0.05,37,113848,买盘
2084,14:08:43,30.78,0.0,3,9234,卖盘
2085,14:08:46,30.78,0.0,9,27702,卖盘
2086,14:08:48,30.78,0.0,35,107733,卖盘
2087,14:08:52,30.78,0.0,50,153920,卖盘
2088,14:08:55,30.79,0.01,16,49264,买盘
2089,14:08:58,30.78,-0.01,135,415580,卖盘
2090,14:09:10,30.78,0.0,29,89262,买盘
2091,14:09:16,30.79,0.01,5,15395,买盘
2092,14:09:19,30.78,-0.01,11,33858,卖盘
2093,14:09:22,30.8,0.02,51,157080,买盘
2094,14:09:25,30.78,-0.02,19,58492,卖盘
2095,14:09:31,30.78,0.0,16,49248,卖盘
2096,14:09:34,30.79,0.01,4,12316,买盘
2097,14:09:37,30.78,-0.01,17,52327,卖盘
2098,14:09:40,30.78,0.0,25,76903,买盘
2099,14:09:43,30.77,-0.01,4,12308,中性盘
2100,14:10:01,30.74,-0.03,3,9222,卖盘
2101,14:10:06,30.72,-0.02,2,6144,中性盘
2102,14:10:13,30.72,0.0,2,6144,卖盘
2103,14:10:16,30.72,0.0,1,3072,卖盘
2104,14:10:19,30.7,-0.02,125,383770,卖盘
2105,14:10:22,30.7,0.0,65,199550,买盘
2106,14:10:28,30.69,-0.01,20,61380,卖盘
2107,14:10:31,30.69,0.0,30,92070,卖盘
2108,14:10:37,30.69,0.0,3,9207,买盘
2109,14:10:58,30.66,-0.03,7,21462,卖盘
2110,14:11:16,30.68,0.02,1,3068,卖盘
2111,14:11:19,30.69,0.01,5,15345,买盘
2112,14:11:22,30.69,0.0,13,39897,买盘
2113,14:11:25,30.69,0.0,5,15345,买盘
2114,14:11:27,30.66,-0.03,3,9202,卖盘
2115,14:11:34,30.68,0.02,11,33748,买盘
2116,14:11:57,30.68,0.0,13,39882,买盘
2117,14:12:15,30.66,-0.02,1,3066,卖盘
2118,14:12:40,30.68,0.02,8,24544,买盘
2119,14:12:49,30.68,0.0,15,46020,买盘
2120,14:12:57,30.68,0.0,1,3068,买盘
2121,14:13:19,30.67,-0.01,3,9201,卖盘
2122,14:13:22,30.67,0.0,12,36804,卖盘
2123,14:13:25,30.66,-0.01,3,9198,卖盘
2124,14:13:36,30.63,-0.03,4,12257,卖盘
2125,14:13:43,30.63,0.0,10,30630,买盘
2126,14:13:57,30.63,0.0,2,6126,买盘
2127,14:14:00,30.63,0.0,22,67386,买盘
2128,14:14:07,30.63,0.0,14,42890,卖盘
2129,14:14:16,30.63,0.0,24,73512,买盘
2130,14:14:21,30.66,0.03,17,52122,卖盘
2131,14:14:27,30.66,0.0,16,49056,买盘
2132,14:14:31,30.67,0.01,14,42926,买盘
2133,14:14:33,30.67,0.0,6,18402,买盘
2134,14:14:37,30.67,0.0,15,46005,买盘
2135,14:14:39,30.67,0.0,3,9201,买盘
2136,14:14:43,30.67,0.0,4,12268,买盘
2137,14:14:49,30.68,0.01,15,46020,买盘
2138,14:14:52,30.69,0.01,9,27614,买盘
2139,14:14:55,30.72,0.03,7,21504,买盘
2140,14:15:01,30.77,0.05,5,15375,买盘
2141,14:15:07,30.77,0.0,1,3077,买盘
2142,14:15:10,30.77,0.0,8,24616,买盘
2143,14:15:18,30.78,0.01,9,27702,买盘
2144,14:15:28,30.78,0.0,2,6156,买盘
2145,14:15:34,30.79,0.01,13,40018,买盘
2146,14:15:37,30.77,-0.02,5,15386,卖盘
2147,14:15:46,30.77,0.0,9,27693,卖盘
2148,14:15:48,30.77,0.0,10,30771,卖盘
2149,14:15:52,30.77,0.0,3,9231,买盘
2150,14:16:01,30.77,0.0,7,21539,买盘
2151,14:16:04,30.77,0.0,3,9231,买盘
2152,14:16:10,30.78,0.01,10,30771,买盘
2153,14:16:28,30.74,-0.04,15,46112,卖盘
2154,14:16:30,30.74,0.0,5,15370,卖盘
2155,14:16:42,30.74,0.0,18,55332,卖盘
2156,14:16:48,30.74,0.0,6,18444,卖盘
2157,14:16:57,30.72,-0.02,6,18432,卖盘
2158,14:17:13,30.72,0.0,6,18432,卖盘
2159,14:17:15,30.72,0.0,1,3072,卖盘
2160,14:17:21,30.72,0.0,7,21504,买盘
2161,14:17:25,30.7,-0.02,2,6140,卖盘
2162,14:17:49,30.7,0.0,1,3070,卖盘
2163,14:17:58,30.71,0.01,1,3071,卖盘
2164,14:18:07,30.74,0.03,3,9222,买盘
2165,14:18:10,30.74,0.0,10,30740,买盘
2166,14:18:22,30.72,-0.02,3,9217,卖盘
2167,14:18:37,30.75,0.03,15,46105,买盘
2168,14:18:52,30.75,0.0,1,3075,买盘
2169,14:19:00,30.75,0.0,18,55350,买盘
2170,14:19:04,30.74,-0.01,3,9222,卖盘
2171,14:19:07,30.77,0.03,32,98422,买盘
2172,14:19:16,30.77,0.0,31,95387,买盘
2173,14:19:18,30.77,0.0,5,15385,买盘
2174,14:19:34,30.76,-0.01,9,27692,中性盘
2175,14:19:43,30.77,0.01,5,15385,买盘
2176,14:19:52,30.77,0.0,11,33847,买盘
2177,14:19:54,30.77,0.0,1,3077,买盘
2178,14:19:57,30.77,0.0,3,9231,卖盘
2179,14:20:10,30.77,0.0,36,110772,买盘
2180,14:20:16,30.76,-0.01,8,24608,卖盘
2181,14:20:18,30.76,0.0,8,24608,卖盘
2182,14:20:30,30.76,0.0,7,21532,卖盘
2183,14:20:33,30.76,0.0,9,27684,卖盘
2184,14:20:36,30.76,0.0,12,36912,卖盘
2185,14:20:49,30.76,0.0,2,6152,买盘
2186,14:20:58,30.76,0.0,2,6152,卖盘
2187,14:21:01,30.7,-0.06,48,147534,卖盘
2188,14:21:25,30.76,0.06,3,9228,买盘
2189,14:21:28,30.78,0.02,51,156921,买盘
2190,14:21:34,30.78,0.0,1,3078,买盘
2191,14:21:51,30.75,-0.03,2,6150,卖盘
2192,14:21:54,30.78,0.03,5,15390,买盘
2193,14:21:58,30.75,-0.03,2,6150,卖盘
2194,14:22:01,30.78,0.03,27,83106,买盘
2195,14:22:04,30.78,0.0,3,9234,卖盘
2196,14:22:07,30.78,0.0,8,24619,买盘
2197,14:22:13,30.77,-0.01,7,21539,买盘
2198,14:22:19,30.78,0.01,9,27694,买盘
2199,14:22:27,30.77,-0.01,2,6154,卖盘
2200,14:22:33,30.78,0.01,6,18468,买盘
2201,14:22:37,30.78,0.0,4,12312,买盘
2202,14:22:40,30.78,0.0,2,6156,买盘
2203,14:22:43,30.78,0.0,4,12312,买盘
2204,14:22:46,30.77,-0.01,31,95407,卖盘
2205,14:22:49,30.77,0.0,4,12308,买盘
2206,14:23:01,30.77,0.0,9,27690,买盘
2207,14:23:04,30.77,0.0,2,6154,卖盘
2208,14:23:06,30.77,0.0,2,6154,卖盘
2209,14:23:13,30.78,0.01,24,73871,买盘
2210,14:23:19,30.78,0.0,26,80028,卖盘
2211,14:23:22,30.75,-0.03,23,70740,卖盘
2212,14:23:25,30.78,0.03,5,15390,买盘
2213,14:23:34,30.75,-0.03,14,43068,卖盘
2214,14:23:42,30.77,0.02,10,30764,买盘
2215,14:23:52,30.73,-0.04,1,3073,中性盘
2216,14:24:01,30.72,-0.01,4,12288,卖盘
2217,14:24:16,30.7,-0.02,20,61426,卖盘
2218,14:24:21,30.7,0.0,12,36846,卖盘
2219,14:24:31,30.7,0.0,21,64480,卖盘
2220,14:24:34,30.7,0.0,21,64470,买盘
2221,14:24:43,30.68,-0.02,8,24544,卖盘
2222,14:24:49,30.7,0.02,15,46028,买盘
2223,14:24:54,30.7,0.0,63,193386,买盘
2224,14:24:58,30.7,0.0,4,12280,卖盘
2225,14:25:04,30.73,0.03,3,9219,买盘
2226,14:25:13,30.73,0.0,25,76825,买盘
2227,14:25:28,30.75,0.02,1,3075,中性盘
2228,14:25:31,30.75,0.0,1,3075,买盘
2229,14:25:37,30.75,0.0,3,9225,卖盘
2230,14:25:48,30.75,0.0,14,43050,卖盘
2231,14:25:52,30.76,0.01,11,33836,买盘
2232,14:26:04,30.77,0.01,110,338387,买盘
2233,14:26:12,30.78,0.01,30,92340,买盘
2234,14:26:19,30.78,0.0,2,6156,中性盘
2235,14:26:22,30.79,0.01,9,27711,买盘
2236,14:26:28,30.8,0.01,100,307941,买盘
2237,14:26:31,30.81,0.01,10,30810,买盘
2238,14:26:34,30.81,0.0,17,52377,买盘
2239,14:26:37,30.82,0.01,11,33896,买盘
2240,14:26:43,30.82,0.0,10,30820,买盘
2241,14:26:45,30.81,-0.01,26,80121,卖盘
2242,14:26:48,30.83,0.02,20,61660,买盘
2243,14:26:55,30.83,0.0,43,132568,买盘
2244,14:26:58,30.83,0.0,5,15415,卖盘
2245,14:27:01,30.84,0.01,4,12336,买盘
2246,14:27:04,30.85,0.01,28,86360,买盘
2247,14:27:06,30.88,0.03,34,104923,买盘
2248,14:27:10,30.86,-0.02,10,30860,卖盘
2249,14:27:16,30.88,0.02,9,27786,买盘
2250,14:27:18,30.86,-0.02,15,46298,卖盘
2251,14:27:21,30.89,0.03,10,30878,买盘
2252,14:27:25,30.89,0.0,15,46321,买盘
2253,14:27:28,30.89,0.0,3,9267,买盘
2254,14:27:31,30.89,0.0,22,67949,买盘
2255,14:27:33,30.89,0.0,15,46321,买盘
2256,14:27:37,30.89,0.0,5,15445,买盘
2257,14:27:42,30.89,0.0,8,24709,买盘
2258,14:27:49,30.89,0.0,15,46335,买盘
2259,14:27:52,30.88,-0.01,37,114302,卖盘
2260,14:27:54,30.89,0.01,9,27795,买盘
2261,14:27:58,30.9,0.01,51,157581,买盘
2262,14:28:01,30.9,0.0,5,15445,买盘
2263,14:28:13,30.88,-0.02,17,52538,中性盘
2264,14:28:19,30.87,-0.01,12,37051,卖盘
2265,14:28:28,30.87,0.0,6,18522,卖盘
2266,14:28:31,30.85,-0.02,38,117243,卖盘
2267,14:28:34,30.87,0.02,18,55545,买盘
2268,14:28:37,30.87,0.0,5,15435,买盘
2269,14:28:40,30.83,-0.04,2,6166,卖盘
2270,14:28:45,30.82,-0.01,12,36989,卖盘
2271,14:28:48,30.83,0.01,20,61660,买盘
2272,14:28:52,30.82,-0.01,1,3082,卖盘
2273,14:28:55,30.81,-0.01,6,18490,卖盘
2274,14:28:58,30.81,0.0,22,67800,卖盘
2275,14:29:01,30.82,0.01,8,24656,买盘
2276,14:29:04,30.81,-0.01,3,9243,卖盘
2277,14:29:10,30.81,0.0,11,33892,卖盘
2278,14:29:16,30.81,0.0,4,12324,卖盘
2279,14:29:19,30.81,0.0,15,46215,卖盘
2280,14:29:31,30.79,-0.02,9,27711,卖盘
2281,14:29:33,30.8,0.01,16,49278,买盘
2282,14:29:39,30.73,-0.07,15,46155,卖盘
2283,14:29:54,30.8,0.07,7,21560,中性盘
2284,14:30:10,30.79,-0.01,36,110796,买盘
2285,14:30:13,30.76,-0.03,30,92280,卖盘
2286,14:30:19,30.75,-0.01,5,15375,卖盘
2287,14:30:22,30.75,0.0,9,27675,卖盘
2288,14:30:24,30.76,0.01,17,52289,买盘
2289,14:30:28,30.75,-0.01,5,15375,卖盘
2290,14:30:34,30.75,0.0,10,30750,卖盘
2291,14:30:39,30.75,0.0,20,61500,卖盘
2292,14:30:42,30.75,0.0,14,43055,卖盘
2293,14:30:45,30.75,0.0,63,193725,卖盘
2294,14:30:49,30.75,0.0,55,169125,卖盘
2295,14:30:52,30.75,0.0,25,76875,卖盘
2296,14:31:07,30.74,-0.01,1,3074,买盘
2297,14:31:16,30.73,-0.01,12,36881,卖盘
2298,14:31:19,30.73,0.0,1,3073,买盘
2299,14:31:25,30.71,-0.02,30,92130,卖盘
2300,14:31:31,30.71,0.0,12,36852,卖盘
2301,14:31:43,30.7,-0.01,51,156592,卖盘
2302,14:31:46,30.7,0.0,4,12280,卖盘
2303,14:31:48,30.7,0.0,16,49134,卖盘
2304,14:31:51,30.7,0.0,3,9210,卖盘
2305,14:31:55,30.7,0.0,9,27630,卖盘
2306,14:32:00,30.7,0.0,2,6140,卖盘
2307,14:32:04,30.7,0.0,10,30700,卖盘
2308,14:32:06,30.7,0.0,14,42980,卖盘
2309,14:32:13,30.7,0.0,2,6140,卖盘
2310,14:32:15,30.71,0.01,6,18426,买盘
2311,14:32:18,30.71,0.0,2,6142,买盘
2312,14:32:22,30.7,-0.01,96,294720,卖盘
2313,14:32:25,30.7,0.0,8,24560,卖盘
2314,14:32:28,30.71,0.01,7,21497,买盘
2315,14:32:31,30.7,-0.01,4,12280,卖盘
2316,14:32:40,30.7,0.0,10,30700,卖盘
2317,14:32:48,30.71,0.01,1,3071,买盘
2318,14:32:58,30.72,0.01,3,9216,买盘
2319,14:33:01,30.72,0.0,13,39936,卖盘
2320,14:33:04,30.72,0.0,14,43008,卖盘
2321,14:33:07,30.72,0.0,27,82949,卖盘
2322,14:33:10,30.73,0.01,24,73752,买盘
2323,14:33:16,30.72,-0.01,5,15360,买盘
2324,14:33:22,30.72,0.0,2,6144,卖盘
2325,14:33:31,30.72,0.0,1,3072,买盘
2326,14:33:34,30.72,0.0,2,6144,买盘
2327,14:33:39,30.72,0.0,5,15360,买盘
2328,14:33:46,30.71,-0.01,8,24568,卖盘
2329,14:33:57,30.7,-0.01,28,85973,卖盘
2330,14:34:07,30.7,0.0,22,67540,卖盘
2331,14:34:10,30.7,0.0,3,9210,卖盘
2332,14:34:13,30.7,0.0,7,21490,卖盘
2333,14:34:16,30.7,0.0,135,414450,卖盘
2334,14:34:22,30.7,0.0,4,12282,卖盘
2335,14:34:25,30.7,0.0,12,36840,卖盘
2336,14:34:28,30.7,0.0,2,6140,卖盘
2337,14:34:31,30.7,0.0,101,310126,卖盘
2338,14:34:36,30.7,0.0,19,58330,卖盘
2339,14:34:39,30.7,0.0,4,12280,卖盘
2340,14:34:43,30.7,0.0,7,21490,卖盘
2341,14:34:46,30.7,0.0,10,30700,卖盘
2342,14:34:52,30.7,0.0,36,110528,卖盘
2343,14:34:55,30.68,-0.02,12,36817,卖盘
2344,14:35:04,30.67,-0.01,2,6134,卖盘
2345,14:35:06,30.67,0.0,15,46005,卖盘
2346,14:35:13,30.67,0.0,3,9201,买盘
2347,14:35:16,30.66,-0.01,10,30660,卖盘
2348,14:35:22,30.65,-0.01,1,3065,卖盘
2349,14:35:24,30.65,0.0,5,15325,买盘
2350,14:35:31,30.63,-0.02,6,18383,卖盘
2351,14:35:37,30.63,0.0,1,3063,买盘
2352,14:35:40,30.62,-0.01,1,3062,卖盘
2353,14:35:43,30.63,0.01,10,30627,买盘
2354,14:35:46,30.61,-0.02,5,15305,卖盘
2355,14:35:49,30.6,-0.01,6,18360,卖盘
2356,14:35:52,30.6,0.0,9,27535,买盘
2357,14:35:55,30.6,0.0,2,6120,买盘
2358,14:36:01,30.58,-0.02,75,229511,卖盘
2359,14:36:04,30.59,0.01,14,42826,卖盘
2360,14:36:09,30.59,0.0,1,3059,卖盘
2361,14:36:13,30.59,0.0,7,21407,买盘
2362,14:36:15,30.59,0.0,1,3059,买盘
2363,14:36:22,30.57,-0.02,65,198705,卖盘
2364,14:36:25,30.58,0.01,5,15290,买盘
2365,14:36:28,30.59,0.01,1,3059,买盘
2366,14:36:33,30.59,0.0,1,3059,买盘
2367,14:36:37,30.59,0.0,3,9177,卖盘
2368,14:36:39,30.59,0.0,1,3059,卖盘
2369,14:36:49,30.59,0.0,2,6118,卖盘
2370,14:36:55,30.59,0.0,45,137670,卖盘
2371,14:36:57,30.61,0.02,36,110196,买盘
2372,14:37:01,30.61,0.0,5,15305,卖盘
2373,14:37:07,30.64,0.03,1,3064,买盘
2374,14:37:12,30.62,-0.02,7,21434,中性盘
2375,14:37:16,30.62,0.0,22,67377,卖盘
2376,14:37:25,30.68,0.06,107,328014,买盘
2377,14:37:28,30.68,0.0,2,6136,卖盘
2378,14:37:33,30.69,0.01,7,21481,买盘
2379,14:37:46,30.69,0.0,1,3069,卖盘
2380,14:37:49,30.68,-0.01,18,55229,卖盘
2381,14:37:52,30.69,0.01,1,3069,买盘
2382,14:37:55,30.69,0.0,3,9207,买盘
2383,14:38:10,30.68,-0.01,11,33750,卖盘
2384,14:38:15,30.69,0.01,30,92036,买盘
2385,14:38:18,30.68,-0.01,3,9204,卖盘
2386,14:38:25,30.7,0.02,1,3070,买盘
2387,14:38:28,30.68,-0.02,291,893368,卖盘
2388,14:38:34,30.68,0.0,7,21476,买盘
2389,14:38:39,30.68,0.0,28,85899,买盘
2390,14:38:42,30.68,0.0,11,33745,买盘
2391,14:38:49,30.68,0.0,5,15340,买盘
2392,14:38:52,30.68,0.0,5,15340,买盘
2393,14:38:55,30.68,0.0,4,12272,买盘
2394,14:39:01,30.68,0.0,3,9204,买盘
2395,14:39:07,30.68,0.0,10,30679,买盘
2396,14:39:09,30.68,0.0,8,24544,买盘
2397,14:39:16,30.68,0.0,6,18403,买盘
2398,14:39:18,30.68,0.0,2,6136,卖盘
2399,14:39:25,30.69,0.01,7,21483,买盘
2400,14:39:37,30.73,0.04,10,30730,买盘
2401,14:39:49,30.69,-0.04,3,9207,卖盘
2402,14:39:57,30.72,0.03,2,6144,买盘
2403,14:40:04,30.69,-0.03,20,61384,卖盘
2404,14:40:10,30.7,0.01,3,9210,卖盘
2405,14:40:13,30.69,-0.01,21,64456,卖盘
2406,14:40:21,30.69,0.0,10,30690,买盘
2407,14:40:25,30.68,-0.01,40,122720,卖盘
2408,14:40:28,30.69,0.01,8,24552,买盘
2409,14:40:37,30.69,0.0,18,55242,卖盘
2410,14:40:40,30.69,0.0,2,6138,买盘
2411,14:40:49,30.7,0.01,17,52175,买盘
2412,14:41:04,30.7,0.0,6,18420,卖盘
2413,14:41:10,30.7,0.0,1,3070,卖盘
2414,14:41:28,30.69,-0.01,3,9207,中性盘
2415,14:41:31,30.7,0.01,9,27628,买盘
2416,14:41:37,30.7,0.0,3,9210,卖盘
2417,14:41:40,30.73,0.03,17,52240,买盘
2418,14:41:43,30.7,-0.03,9,27635,卖盘
2419,14:41:45,30.7,0.0,5,15344,买盘
2420,14:41:48,30.7,0.0,7,21490,买盘
2421,14:41:54,30.7,0.0,1,3070,买盘
2422,14:42:07,30.73,0.03,30,92162,买盘
2423,14:42:13,30.72,-0.01,1,3072,卖盘
2424,14:42:16,30.72,0.0,4,12288,买盘
2425,14:42:22,30.72,0.0,1,3072,买盘
2426,14:42:25,30.72,0.0,4,12288,买盘
2427,14:42:34,30.73,0.01,12,36866,买盘
2428,14:42:55,30.73,0.0,4,12292,买盘
2429,14:43:01,30.73,0.0,1,3073,买盘
2430,14:43:04,30.73,0.0,9,27657,买盘
2431,14:43:13,30.73,0.0,1,3073,买盘
2432,14:43:19,30.73,0.0,5,15365,卖盘
2433,14:43:36,30.74,0.01,18,55322,买盘
2434,14:43:39,30.73,-0.01,9,27657,卖盘
2435,14:43:43,30.74,0.01,6,18440,买盘
2436,14:43:46,30.74,0.0,1,3074,卖盘
2437,14:43:49,30.74,0.0,24,73798,卖盘
2438,14:43:55,30.75,0.01,1,3075,买盘
2439,14:44:04,30.75,0.0,2,6150,买盘
2440,14:44:07,30.75,0.0,2,6150,买盘
2441,14:44:15,30.75,0.0,1,3075,买盘
2442,14:44:19,30.74,-0.01,37,113797,卖盘
2443,14:44:25,30.74,0.0,8,24592,卖盘
2444,14:44:28,30.75,0.01,2,6150,买盘
2445,14:44:34,30.74,-0.01,10,30740,卖盘
2446,14:44:37,30.74,0.0,62,190588,卖盘
2447,14:44:40,30.74,0.0,2,6148,卖盘
2448,14:44:43,30.74,0.0,22,67628,卖盘
2449,14:44:46,30.7,-0.04,120,368615,卖盘
2450,14:44:48,30.7,0.0,1,3070,卖盘
2451,14:45:04,30.74,0.04,10,30740,买盘
2452,14:45:07,30.7,-0.04,1,3070,卖盘
2453,14:45:16,30.7,0.0,1,3070,卖盘
2454,14:45:19,30.7,0.0,11,33770,卖盘
2455,14:45:22,30.7,0.0,7,21490,卖盘
2456,14:45:25,30.7,0.0,3,9210,卖盘
2457,14:45:30,30.7,0.0,6,18420,卖盘
2458,14:45:37,30.73,0.03,3,9217,买盘
2459,14:45:40,30.7,-0.03,1,3070,卖盘
2460,14:45:43,30.72,0.02,6,18433,卖盘
2461,14:45:54,30.71,-0.01,13,39923,卖盘
2462,14:46:04,30.71,0.0,8,24568,卖盘
2463,14:46:07,30.71,0.0,13,39923,卖盘
2464,14:46:16,30.7,-0.01,5,15350,卖盘
2465,14:46:19,30.71,0.01,10,30710,买盘
2466,14:46:22,30.71,0.0,2,6142,买盘
2467,14:46:28,30.7,-0.01,2,6140,卖盘
2468,14:46:31,30.7,0.0,17,52190,卖盘
2469,14:46:43,30.68,-0.02,7,21476,卖盘
2470,14:46:46,30.69,0.01,1,3069,买盘
2471,14:46:48,30.68,-0.01,6,18408,卖盘
2472,14:46:52,30.68,0.0,8,24549,卖盘
2473,14:46:55,30.68,0.0,24,73632,卖盘
2474,14:46:58,30.68,0.0,59,181012,卖盘
2475,14:47:01,30.68,0.0,3,9204,买盘
2476,14:47:04,30.68,0.0,26,79770,买盘
2477,14:47:10,30.69,0.01,4,12276,买盘
2478,14:47:13,30.68,-0.01,14,42952,卖盘
2479,14:47:16,30.69,0.01,10,30684,买盘
2480,14:47:19,30.67,-0.02,7,21469,买盘
2481,14:47:22,30.65,-0.02,86,263605,卖盘
2482,14:47:25,30.67,0.02,14,42938,买盘
2483,14:47:28,30.67,0.0,13,39871,卖盘
2484,14:47:31,30.65,-0.02,10,30661,卖盘
2485,14:47:34,30.69,0.04,35,107412,买盘
2486,14:47:40,30.69,0.0,1,3069,卖盘
2487,14:47:46,30.69,0.0,2,6138,卖盘
2488,14:47:49,30.69,0.0,13,39897,卖盘
2489,14:47:58,30.7,0.01,5,15350,买盘
2490,14:48:04,30.65,-0.05,13,39865,卖盘
2491,14:48:07,30.65,0.0,8,24520,买盘
2492,14:48:16,30.65,0.0,12,36779,买盘
2493,14:48:22,30.65,0.0,14,42910,买盘
2494,14:48:25,30.64,-0.01,53,162438,卖盘
2495,14:48:28,30.65,0.01,27,82732,中性盘
2496,14:48:31,30.64,-0.01,12,36770,卖盘
2497,14:48:37,30.65,0.01,2,6130,卖盘
2498,14:48:42,30.65,0.0,6,18390,卖盘
2499,14:48:49,30.66,0.01,3,9198,中性盘
2500,14:48:58,30.66,0.0,13,39858,卖盘
2501,14:49:04,30.66,0.0,10,30662,卖盘
2502,14:49:07,30.66,0.0,1,3066,卖盘
2503,14:49:10,30.7,0.04,46,141165,买盘
2504,14:49:13,30.66,-0.04,7,21462,卖盘
2505,14:49:18,30.67,0.01,3,9201,卖盘
2506,14:49:24,30.67,0.0,10,30670,卖盘
2507,14:49:27,30.67,0.0,28,85876,卖盘
2508,14:49:31,30.7,0.03,10,30695,买盘
2509,14:49:37,30.69,-0.01,10,30690,买盘
2510,14:49:46,30.68,-0.01,1,3068,卖盘
2511,14:49:49,30.69,0.01,16,49104,买盘
2512,14:49:52,30.69,0.0,13,39887,买盘
2513,14:49:54,30.69,0.0,18,55239,买盘
2514,14:50:00,30.69,0.0,54,165722,卖盘
2515,14:50:04,30.69,0.0,3,9207,买盘
2516,14:50:07,30.7,0.01,63,193342,买盘
2517,14:50:09,30.68,-0.02,14,42952,卖盘
2518,14:50:13,30.68,0.0,4,12272,卖盘
2519,14:50:15,30.68,0.0,22,67517,卖盘
2520,14:50:22,30.68,0.0,15,46020,卖盘
2521,14:50:31,30.68,0.0,5,15340,买盘
2522,14:50:37,30.67,-0.01,58,177893,卖盘
2523,14:50:40,30.68,0.01,2,6135,买盘
2524,14:50:43,30.68,0.0,2,6136,卖盘
2525,14:50:49,30.7,0.02,73,224081,买盘
2526,14:50:58,30.7,0.0,4,12280,卖盘
2527,14:51:01,30.7,0.0,2,6140,卖盘
2528,14:51:04,30.7,0.0,1,3070,卖盘
2529,14:51:10,30.69,-0.01,4,12275,中性盘
2530,14:51:13,30.68,-0.01,30,92040,卖盘
2531,14:51:16,30.68,0.0,22,67496,卖盘
2532,14:51:24,30.67,-0.01,5,15335,卖盘
2533,14:51:28,30.67,0.0,62,190154,卖盘
2534,14:51:31,30.68,0.01,36,110414,买盘
2535,14:51:34,30.68,0.0,10,30680,卖盘
2536,14:51:37,30.68,0.0,16,49088,卖盘
2537,14:51:43,30.68,0.0,7,21474,买盘
2538,14:51:49,30.66,-0.02,22,67461,卖盘
2539,14:51:52,30.66,0.0,111,340399,卖盘
2540,14:51:55,30.66,0.0,4,12264,卖盘
2541,14:51:58,30.66,0.0,3,9199,卖盘
2542,14:52:00,30.66,0.0,1,3066,卖盘
2543,14:52:04,30.66,0.0,68,208493,卖盘
2544,14:52:07,30.67,0.01,1,3067,买盘
2545,14:52:09,30.66,-0.01,5,15330,卖盘
2546,14:52:12,30.67,0.01,8,24532,买盘
2547,14:52:16,30.66,-0.01,148,453768,卖盘
2548,14:52:19,30.67,0.01,14,42932,买盘
2549,14:52:22,30.66,-0.01,4,12264,卖盘
2550,14:52:25,30.66,0.0,49,150234,卖盘
2551,14:52:27,30.66,0.0,8,24528,买盘
2552,14:52:31,30.65,-0.01,40,122602,卖盘
2553,14:52:34,30.65,0.0,103,315695,卖盘
2554,14:52:37,30.65,0.0,6,18390,买盘
2555,14:52:40,30.66,0.01,23,70497,买盘
2556,14:52:43,30.64,-0.02,12,36772,卖盘
2557,14:52:45,30.64,0.0,25,76602,卖盘
2558,14:52:48,30.64,0.0,58,177714,卖盘
2559,14:52:51,30.66,0.02,18,55158,买盘
2560,14:52:55,30.63,-0.03,10,30630,卖盘
2561,14:52:58,30.63,0.0,3,9189,卖盘
2562,14:53:01,30.63,0.0,9,27567,卖盘
2563,14:53:07,30.61,-0.02,56,171442,卖盘
2564,14:53:10,30.61,0.0,4,12244,买盘
2565,14:53:13,30.61,0.0,25,76525,买盘
2566,14:53:19,30.61,0.0,7,21427,买盘
2567,14:53:22,30.6,-0.01,36,110165,卖盘
2568,14:53:25,30.59,-0.01,4,12236,卖盘
2569,14:53:28,30.58,-0.01,25,76464,卖盘
2570,14:53:31,30.58,0.0,7,21406,卖盘
2571,14:53:34,30.59,0.01,12,36686,买盘
2572,14:53:43,30.57,-0.02,10,30570,卖盘
2573,14:53:46,30.57,0.0,25,76435,卖盘
2574,14:53:52,30.57,0.0,9,27514,卖盘
2575,14:53:54,30.56,-0.01,1,3056,中性盘
2576,14:53:58,30.56,0.0,41,125268,买盘
2577,14:54:01,30.56,0.0,30,91672,买盘
2578,14:54:04,30.55,-0.01,39,119150,卖盘
2579,14:54:07,30.53,-0.02,25,76385,卖盘
2580,14:54:10,30.51,-0.02,29,88538,卖盘
2581,14:54:13,30.51,0.0,4,12204,买盘
2582,14:54:15,30.51,0.0,21,64071,买盘
2583,14:54:19,30.51,0.0,10,30510,买盘
2584,14:54:22,30.5,-0.01,46,140303,卖盘
2585,14:54:25,30.51,0.01,45,137285,买盘
2586,14:54:31,30.51,0.0,9,27459,卖盘
2587,14:54:33,30.51,0.0,27,82386,卖盘
2588,14:54:37,30.57,0.06,93,284060,买盘
2589,14:54:40,30.54,-0.03,79,241266,中性盘
2590,14:54:43,30.53,-0.01,9,27481,中性盘
2591,14:54:46,30.53,0.0,7,21371,卖盘
2592,14:54:49,30.54,0.01,12,36641,买盘
2593,14:54:52,30.54,0.0,18,54972,买盘
2594,14:54:55,30.54,0.0,8,24441,卖盘
2595,14:54:58,30.54,0.0,3,9162,卖盘
2596,14:55:01,30.54,0.0,75,229059,卖盘
2597,14:55:04,30.55,0.01,5,15275,中性盘
2598,14:55:07,30.55,0.0,18,54976,买盘
2599,14:55:13,30.56,0.01,95,290219,买盘
2600,14:55:16,30.55,-0.01,20,61110,卖盘
2601,14:55:22,30.55,0.0,14,42775,卖盘
2602,14:55:25,30.55,0.0,62,189414,卖盘
2603,14:55:28,30.55,0.0,21,64165,卖盘
2604,14:55:31,30.56,0.01,41,125281,买盘
2605,14:55:34,30.56,0.0,52,158891,买盘
2606,14:55:36,30.57,0.01,28,85591,买盘
2607,14:55:40,30.56,-0.01,17,51963,卖盘
2608,14:55:43,30.57,0.01,15,45855,中性盘
2609,14:55:49,30.56,-0.01,40,122251,卖盘
2610,14:55:52,30.57,0.01,21,64191,卖盘
2611,14:55:55,30.58,0.01,19,58087,买盘
2612,14:56:01,30.59,0.01,31,94814,买盘
2613,14:56:04,30.58,-0.01,16,48942,卖盘
2614,14:56:07,30.58,0.0,2,6116,卖盘
2615,14:56:10,30.59,0.01,49,149925,卖盘
2616,14:56:13,30.59,0.0,58,177446,买盘
2617,14:56:16,30.6,0.01,39,119340,中性盘
2618,14:56:18,30.6,0.0,39,119367,卖盘
2619,14:56:22,30.6,0.0,7,21420,卖盘
2620,14:56:25,30.61,0.01,30,91826,买盘
2621,14:56:28,30.63,0.02,26,79588,买盘
2622,14:56:31,30.61,-0.02,1,3061,卖盘
2623,14:56:34,30.63,0.02,12,36738,买盘
2624,14:56:37,30.63,0.0,19,58197,中性盘
2625,14:56:40,30.63,0.0,4,12252,卖盘
2626,14:56:42,30.65,0.02,81,247952,买盘
2627,14:56:46,30.65,0.0,1,3065,卖盘
2628,14:56:49,30.59,-0.06,8,24504,卖盘
2629,14:56:52,30.63,0.04,12,36756,中性盘
2630,14:56:58,30.61,-0.02,9,27561,卖盘
2631,14:57:00,30.61,0.0,11,33681,卖盘
2632,15:00:05,30.6,-0.01,1014,3102840,卖盘
