,time,price,change,volume,amount,type
0,09:25:04,32.95,-0.82,2310,7611450,买盘
1,09:30:00,32.96,0.01,113,372408,买盘
2,09:30:05,32.93,-0.03,1943,6401290,卖盘
3,09:30:07,32.95,0.02,749,2463446,买盘
4,09:30:10,32.93,-0.02,153,503166,中性盘
5,09:30:13,32.9,-0.03,26,85533,中性盘
6,09:30:16,32.9,0.0,19,62463,买盘
7,09:30:19,32.82,-0.08,141,462954,卖盘
8,09:30:21,32.89,0.07,30,98584,买盘
9,09:30:24,32.85,-0.04,177,581147,中性盘
10,09:30:27,32.82,-0.03,286,938883,卖盘
11,09:30:31,32.82,0.0,183,600671,卖盘
12,09:30:33,32.82,0.0,113,370926,卖盘
13,09:30:37,32.82,0.0,130,426723,卖盘
14,09:30:40,32.77,-0.05,69,226297,卖盘
15,09:30:43,32.8,0.03,104,340889,买盘
16,09:30:46,32.77,-0.03,79,258736,中性盘
17,09:30:49,32.73,-0.04,56,183496,卖盘
18,09:30:51,32.74,0.01,108,353743,中性盘
19,09:30:55,32.79,0.05,193,632138,买盘
20,09:30:58,32.74,-0.05,154,504492,卖盘
21,09:31:01,32.71,-0.03,161,527176,卖盘
22,09:31:04,32.79,0.08,137,448726,买盘
23,09:31:07,32.79,0.0,136,445848,卖盘
24,09:31:09,32.75,-0.04,114,373597,卖盘
25,09:31:13,32.8,0.05,102,334570,买盘
26,09:31:15,32.8,0.0,51,167286,卖盘
27,09:31:18,32.78,-0.02,98,321269,卖盘
28,09:31:22,32.82,0.04,91,298566,买盘
29,09:31:25,32.79,-0.03,108,354472,卖盘
30,09:31:28,32.85,0.06,24,78836,中性盘
31,09:31:30,32.85,0.0,31,101840,卖盘
32,09:31:34,32.84,-0.01,126,414028,卖盘
33,09:31:37,32.9,0.06,14,46043,买盘
34,09:31:40,32.9,0.0,96,315555,买盘
35,09:31:43,32.88,-0.02,31,101875,买盘
36,09:31:46,32.88,0.0,106,348452,买盘
37,09:31:49,32.86,-0.02,22,72322,中性盘
38,09:31:52,32.88,0.02,102,335373,中性盘
39,09:31:55,32.81,-0.07,156,512301,卖盘
40,09:31:58,32.88,0.07,32,105153,买盘
41,09:32:01,32.85,-0.03,98,322264,卖盘
42,09:32:04,32.85,0.0,67,220085,卖盘
43,09:32:07,32.85,0.0,57,187238,买盘
44,09:32:10,32.85,0.0,51,167477,买盘
45,09:32:12,32.81,-0.04,85,278978,卖盘
46,09:32:16,32.84,0.03,57,187098,买盘
47,09:32:19,32.8,-0.04,343,1126333,卖盘
48,09:32:22,32.8,0.0,37,121368,卖盘
49,09:32:25,32.79,-0.01,13,42638,卖盘
50,09:32:28,32.78,-0.01,41,134411,卖盘
51,09:32:31,32.79,0.01,49,160613,买盘
52,09:32:34,32.76,-0.03,101,330840,卖盘
53,09:32:37,32.77,0.01,50,163847,买盘
54,09:32:40,32.75,-0.02,107,350436,卖盘
55,09:32:43,32.72,-0.03,353,1155845,卖盘
56,09:32:46,32.7,-0.02,116,379490,卖盘
57,09:32:49,32.7,0.0,61,199565,卖盘
58,09:32:52,32.69,-0.01,122,398890,卖盘
59,09:32:55,32.61,-0.08,135,440945,卖盘
60,09:32:57,32.72,0.11,476,1556284,买盘
61,09:33:01,32.72,0.0,98,320656,卖盘
62,09:33:04,32.61,-0.11,140,456207,卖盘
63,09:33:07,32.6,-0.01,21,68436,中性盘
64,09:33:10,32.54,-0.06,139,453274,卖盘
65,09:33:12,32.6,0.06,129,420133,买盘
66,09:33:16,32.54,-0.06,191,621524,卖盘
67,09:33:19,32.56,0.02,255,829759,买盘
68,09:33:22,32.54,-0.02,198,644529,卖盘
69,09:33:25,32.53,-0.01,220,715418,中性盘
70,09:33:27,32.51,-0.02,258,839228,卖盘
71,09:33:31,32.5,-0.01,241,783446,卖盘
72,09:33:34,32.5,0.0,160,519975,卖盘
73,09:33:37,32.45,-0.05,209,679118,卖盘
74,09:33:40,32.46,0.01,41,133039,买盘
75,09:33:43,32.46,0.0,92,298411,买盘
76,09:33:46,32.35,-0.11,44,142589,卖盘
77,09:33:49,32.43,0.08,93,301140,买盘
78,09:33:52,32.37,-0.06,198,640636,卖盘
79,09:33:54,32.37,0.0,161,521983,卖盘
80,09:33:58,32.35,-0.02,112,362712,卖盘
81,09:34:01,32.41,0.06,145,469461,买盘
82,09:34:04,32.37,-0.04,131,424122,卖盘
83,09:34:07,32.38,0.01,93,301153,买盘
84,09:34:09,32.38,0.0,107,346475,卖盘
85,09:34:13,32.39,0.01,210,680126,中性盘
86,09:34:16,32.42,0.03,124,401847,买盘
87,09:34:19,32.43,0.01,32,103783,中性盘
88,09:34:21,32.46,0.03,91,295177,买盘
89,09:34:24,32.42,-0.04,174,564513,卖盘
90,09:34:28,32.45,0.03,198,642874,中性盘
91,09:34:31,32.49,0.04,30,97396,中性盘
92,09:34:34,32.5,0.01,122,396447,买盘
93,09:34:36,32.5,0.0,158,516116,卖盘
94,09:34:39,32.5,0.0,22,71515,卖盘
95,09:34:43,32.81,0.31,19,62339,买盘
96,09:34:46,32.81,0.0,17,55777,卖盘
97,09:34:49,32.58,-0.23,46,149960,卖盘
98,09:34:52,32.58,0.0,72,235640,卖盘
99,09:34:55,32.6,0.02,101,330728,买盘
100,09:34:57,32.58,-0.02,7,22806,买盘
101,09:35:01,32.58,0.0,49,159672,卖盘
102,09:35:04,32.6,0.02,32,104345,卖盘
103,09:35:09,32.7,0.1,39,127345,买盘
104,09:35:13,32.7,0.0,38,124265,卖盘
105,09:35:16,32.64,-0.06,14,45774,卖盘
106,09:35:19,32.66,0.02,58,189534,中性盘
107,09:35:22,32.61,-0.05,48,156673,卖盘
108,09:35:25,32.61,0.0,64,208950,卖盘
109,09:35:28,32.7,0.09,56,183112,买盘
110,09:35:31,32.66,-0.04,17,55522,卖盘
111,09:35:33,32.69,0.03,17,55538,中性盘
112,09:35:37,32.7,0.01,25,81711,买盘
113,09:35:40,32.66,-0.04,149,486839,卖盘
114,09:35:43,32.7,0.04,61,199387,买盘
115,09:35:46,32.7,0.0,161,526358,买盘
116,09:35:49,32.7,0.0,6,19620,卖盘
117,09:35:52,32.71,0.01,79,258334,买盘
118,09:35:55,32.7,-0.01,97,317241,卖盘
119,09:35:57,32.73,0.03,27,88350,中性盘
120,09:36:01,32.73,0.0,19,62197,卖盘
121,09:36:04,32.68,-0.05,125,408821,卖盘
122,09:36:07,32.66,-0.02,56,182922,卖盘
123,09:36:10,32.68,0.02,40,130753,买盘
124,09:36:13,32.71,0.03,36,117674,中性盘
125,09:36:16,32.67,-0.04,15,49022,卖盘
126,09:36:18,32.67,0.0,29,94739,买盘
127,09:36:22,32.66,-0.01,74,241736,卖盘
128,09:36:24,32.66,0.0,64,209050,卖盘
129,09:36:27,32.66,0.0,25,81635,买盘
130,09:36:31,32.61,-0.05,122,397952,卖盘
131,09:36:34,32.61,0.0,24,78274,卖盘
132,09:36:37,32.6,-0.01,97,316272,卖盘
133,09:36:40,32.59,-0.01,80,260848,卖盘
134,09:36:43,32.58,-0.01,23,74983,卖盘
135,09:36:46,32.57,-0.01,33,107515,卖盘
136,09:36:49,32.57,0.0,9,29313,卖盘
137,09:36:52,32.57,0.0,100,325639,卖盘
138,09:36:55,32.55,-0.02,67,218073,卖盘
139,09:36:58,32.54,-0.01,12,39057,卖盘
140,09:37:01,32.55,0.01,124,403237,买盘
141,09:37:04,32.54,-0.01,50,162696,中性盘
142,09:37:07,32.5,-0.04,68,221192,卖盘
143,09:37:10,32.5,0.0,123,399766,卖盘
144,09:37:12,32.47,-0.03,138,448307,卖盘
145,09:37:16,32.46,-0.01,50,162319,卖盘
146,09:37:19,32.46,0.0,65,210996,卖盘
147,09:37:22,32.5,0.04,91,295451,买盘
148,09:37:25,32.47,-0.03,32,103932,卖盘
149,09:37:27,32.46,-0.01,79,256472,卖盘
150,09:37:30,32.47,0.01,97,314889,买盘
151,09:37:34,32.47,0.0,94,305190,卖盘
152,09:37:37,32.45,-0.02,117,379830,卖盘
153,09:37:40,32.46,0.01,40,129871,卖盘
154,09:37:43,32.47,0.01,50,162316,买盘
155,09:37:46,32.43,-0.04,75,243359,卖盘
156,09:37:48,32.45,0.02,60,194696,买盘
157,09:37:52,32.43,-0.02,131,424842,卖盘
158,09:37:54,32.45,0.02,94,304941,买盘
159,09:37:58,32.43,-0.02,36,116786,卖盘
160,09:38:00,32.45,0.02,119,386005,买盘
161,09:38:04,32.43,-0.02,83,269242,中性盘
162,09:38:07,32.42,-0.01,47,152430,中性盘
163,09:38:10,32.5,0.08,176,571550,买盘
164,09:38:13,32.51,0.01,30,97506,买盘
165,09:38:16,32.5,-0.01,33,107253,卖盘
166,09:38:19,32.5,0.0,43,139766,卖盘
167,09:38:22,32.5,0.0,33,107276,卖盘
168,09:38:25,32.5,0.0,20,65011,卖盘
169,09:38:28,32.53,0.03,17,55277,中性盘
170,09:38:30,32.53,0.0,74,240695,卖盘
171,09:38:34,32.53,0.0,62,201795,卖盘
172,09:38:37,32.55,0.02,16,52073,买盘
173,09:38:40,32.55,0.0,36,117175,卖盘
174,09:38:43,32.6,0.05,38,123746,买盘
175,09:38:46,32.6,0.0,26,84736,买盘
176,09:38:49,32.6,0.0,12,39115,买盘
177,09:38:52,32.58,-0.02,4,13032,卖盘
178,09:38:55,32.6,0.02,33,107566,买盘
179,09:38:58,32.59,-0.01,54,176028,卖盘
180,09:39:01,32.61,0.02,4,13043,买盘
181,09:39:04,32.6,-0.01,52,169514,卖盘
182,09:39:07,32.58,-0.02,56,182474,卖盘
183,09:39:10,32.55,-0.03,44,143341,卖盘
184,09:39:13,32.54,-0.01,13,42323,卖盘
185,09:39:16,32.56,0.02,13,42312,买盘
186,09:39:19,32.52,-0.04,65,211423,卖盘
187,09:39:21,32.52,0.0,2,6504,买盘
188,09:39:24,32.52,0.0,125,406391,买盘
189,09:39:28,32.52,0.0,22,71547,买盘
190,09:39:31,32.5,-0.02,73,237287,卖盘
191,09:39:33,32.51,0.01,103,334796,买盘
192,09:39:37,32.5,-0.01,82,266306,卖盘
193,09:39:40,32.5,0.0,87,282545,买盘
194,09:39:43,32.45,-0.05,19,61720,卖盘
195,09:39:46,32.46,0.01,29,94183,中性盘
196,09:39:49,32.49,0.03,33,107188,中性盘
197,09:39:51,32.5,0.01,63,204603,买盘
198,09:39:55,32.45,-0.05,39,126695,卖盘
199,09:39:57,32.43,-0.02,12,38929,卖盘
200,09:40:00,32.43,0.0,71,230259,卖盘
201,09:40:04,32.42,-0.01,74,239984,卖盘
202,09:40:07,32.43,0.01,210,680981,买盘
203,09:40:09,32.41,-0.02,18,58345,卖盘
204,09:40:12,32.42,0.01,40,129700,买盘
205,09:40:16,32.42,0.0,59,191283,卖盘
206,09:40:19,32.41,-0.01,116,376139,卖盘
207,09:40:21,32.42,0.01,103,333862,买盘
208,09:40:25,32.41,-0.01,165,534929,卖盘
209,09:40:28,32.42,0.01,34,110224,中性盘
210,09:40:31,32.42,0.0,30,97253,卖盘
211,09:40:34,32.46,0.04,48,155683,买盘
212,09:40:36,32.45,-0.01,138,447399,中性盘
213,09:40:39,32.42,-0.03,8,25954,买盘
214,09:40:43,32.46,0.04,23,74609,买盘
215,09:40:46,32.45,-0.01,91,295083,卖盘
216,09:40:49,32.48,0.03,24,77903,买盘
217,09:40:52,32.46,-0.02,14,45422,中性盘
218,09:40:55,32.45,-0.01,4,12980,卖盘
219,09:40:57,32.45,0.0,86,279153,卖盘
220,09:41:01,32.49,0.04,94,305170,买盘
221,09:41:04,32.49,0.0,9,29235,买盘
222,09:41:06,32.49,0.0,19,61713,买盘
223,09:41:10,32.49,0.0,46,149432,买盘
224,09:41:13,32.49,0.0,51,165668,买盘
225,09:41:15,32.46,-0.03,33,107189,卖盘
226,09:41:19,32.49,0.03,87,282666,买盘
227,09:41:22,32.49,0.0,19,61731,卖盘
228,09:41:25,32.47,-0.02,29,94196,卖盘
229,09:41:28,32.48,0.01,14,45462,买盘
230,09:41:31,32.49,0.01,37,120194,买盘
231,09:41:34,32.47,-0.02,149,483742,卖盘
232,09:41:37,32.48,0.01,19,61696,买盘
233,09:41:40,32.48,0.0,31,100626,买盘
234,09:41:43,32.48,0.0,75,243558,买盘
235,09:41:46,32.48,0.0,40,129920,卖盘
236,09:41:49,32.48,0.0,67,217456,卖盘
237,09:41:52,32.47,-0.01,35,113619,卖盘
238,09:41:55,32.48,0.01,49,159041,买盘
239,09:41:58,32.45,-0.03,58,188180,中性盘
240,09:42:01,32.47,0.02,54,175255,买盘
241,09:42:04,32.45,-0.02,8,25954,中性盘
242,09:42:07,32.45,0.0,149,483750,买盘
243,09:42:10,32.45,0.0,7,22715,卖盘
244,09:42:13,32.46,0.01,7,22716,买盘
245,09:42:16,32.47,0.01,44,142796,买盘
246,09:42:19,32.45,-0.02,24,77905,卖盘
247,09:42:22,32.48,0.03,41,133104,买盘
248,09:42:25,32.45,-0.03,22,71413,卖盘
249,09:42:28,32.48,0.03,6,19475,买盘
250,09:42:31,32.46,-0.02,56,181805,卖盘
251,09:42:34,32.48,0.02,81,262975,买盘
252,09:42:36,32.46,-0.02,27,87669,卖盘
253,09:42:40,32.46,0.0,14,45446,卖盘
254,09:42:42,32.46,0.0,21,68167,卖盘
255,09:42:46,32.47,0.01,86,279182,买盘
256,09:42:49,32.47,0.0,17,55199,卖盘
257,09:42:52,32.47,0.0,23,74681,卖盘
258,09:42:55,32.46,-0.01,46,149365,卖盘
259,09:42:58,32.46,0.0,5,16230,买盘
260,09:43:00,32.44,-0.02,156,506131,卖盘
261,09:43:04,32.45,0.01,84,272654,中性盘
262,09:43:06,32.44,-0.01,46,149268,卖盘
263,09:43:10,32.45,0.01,17,55164,买盘
264,09:43:13,32.44,-0.01,59,191432,卖盘
265,09:43:16,32.44,0.0,7,22706,买盘
266,09:43:19,32.43,-0.01,27,87587,卖盘
267,09:43:22,32.44,0.01,41,133025,中性盘
268,09:43:25,32.43,-0.01,57,184984,卖盘
269,09:43:27,32.44,0.01,18,58410,卖盘
270,09:43:31,32.44,0.0,115,372851,卖盘
271,09:43:34,32.43,-0.01,8,25944,买盘
272,09:43:37,32.43,0.0,16,51888,买盘
273,09:43:40,32.42,-0.01,22,71348,卖盘
274,09:43:43,32.43,0.01,8,25944,卖盘
275,09:43:46,32.42,-0.01,65,210764,卖盘
276,09:43:49,32.43,0.01,6,19460,中性盘
277,09:43:52,32.43,0.0,15,48640,买盘
278,09:43:55,32.42,-0.01,20,64847,卖盘
279,09:43:57,32.42,0.0,31,100507,卖盘
280,09:44:01,32.41,-0.01,19,61588,卖盘
281,09:44:04,32.41,0.0,82,265781,卖盘
282,09:44:07,32.4,-0.01,64,207381,卖盘
283,09:44:10,32.4,0.0,32,103695,卖盘
284,09:44:13,32.4,0.0,195,631824,卖盘
285,09:44:16,32.39,-0.01,54,174927,卖盘
286,09:44:19,32.4,0.01,62,200880,买盘
287,09:44:22,32.39,-0.01,82,265666,卖盘
288,09:44:25,32.4,0.01,40,129554,买盘
289,09:44:28,32.39,-0.01,55,178145,买盘
290,09:44:31,32.39,0.0,17,55056,买盘
291,09:44:34,32.37,-0.02,68,220167,卖盘
292,09:44:37,32.38,0.01,28,90641,买盘
293,09:44:40,32.37,-0.01,16,51795,卖盘
294,09:44:43,32.35,-0.02,143,462777,卖盘
295,09:44:46,32.35,0.0,77,249095,卖盘
296,09:44:49,32.34,-0.01,93,300913,卖盘
297,09:44:52,32.37,0.03,89,287893,买盘
298,09:44:55,32.34,-0.03,25,80857,卖盘
299,09:44:57,32.33,-0.01,151,488233,卖盘
300,09:45:01,32.33,0.0,85,274857,卖盘
301,09:45:03,32.32,-0.01,71,229555,卖盘
302,09:45:06,32.33,0.01,13,42019,买盘
303,09:45:10,32.32,-0.01,141,455567,卖盘
304,09:45:13,32.3,-0.02,38,122772,卖盘
305,09:45:16,32.31,0.01,99,319765,中性盘
306,09:45:19,32.25,-0.06,61,196918,卖盘
307,09:45:22,32.25,0.0,20,64520,卖盘
308,09:45:25,32.22,-0.03,37,119293,卖盘
309,09:45:27,32.26,0.04,105,338503,买盘
310,09:45:30,32.2,-0.06,112,361015,卖盘
311,09:45:34,32.17,-0.03,30,96562,卖盘
312,09:45:37,32.15,-0.02,111,357346,卖盘
313,09:45:40,32.15,0.0,49,157559,卖盘
314,09:45:43,32.16,0.01,99,318323,买盘
315,09:45:46,32.13,-0.03,142,456514,卖盘
316,09:45:49,32.11,-0.02,76,244157,卖盘
317,09:45:52,32.11,0.0,163,523796,卖盘
318,09:45:54,32.13,0.02,21,67458,买盘
319,09:45:57,32.11,-0.02,201,645364,卖盘
320,09:46:00,32.08,-0.03,286,917996,卖盘
321,09:46:04,32.07,-0.01,70,224586,卖盘
322,09:46:07,32.08,0.01,220,705462,买盘
323,09:46:10,32.03,-0.05,15,48073,中性盘
324,09:46:13,32.03,0.0,95,304341,买盘
325,09:46:16,32.02,-0.01,208,666367,卖盘
326,09:46:19,32.02,0.0,133,426094,卖盘
327,09:46:22,32.04,0.02,172,550810,买盘
328,09:46:25,32.04,0.0,196,627730,买盘
329,09:46:28,32.03,-0.01,78,249869,卖盘
330,09:46:31,32.03,0.0,222,711348,卖盘
331,09:46:33,32.01,-0.02,151,483726,卖盘
332,09:46:37,32.03,0.02,178,569952,卖盘
333,09:46:40,32.03,0.0,104,333002,买盘
334,09:46:43,32.03,0.0,41,131327,买盘
335,09:46:45,32.03,0.0,189,605236,卖盘
336,09:46:49,32.03,0.0,41,131333,卖盘
337,09:46:52,32.03,0.0,100,320481,卖盘
338,09:46:55,32.07,0.04,274,877119,买盘
339,09:46:58,32.06,-0.01,36,115350,中性盘
340,09:47:01,32.06,0.0,44,141076,卖盘
341,09:47:04,32.08,0.02,26,83410,中性盘
342,09:47:07,32.06,-0.02,124,397860,卖盘
343,09:47:10,32.04,-0.02,170,545174,卖盘
344,09:47:13,32.06,0.02,83,266113,买盘
345,09:47:16,32.06,0.0,34,108991,买盘
346,09:47:19,32.06,0.0,29,92950,买盘
347,09:47:22,32.06,0.0,12,38472,买盘
348,09:47:25,32.06,0.0,28,89771,卖盘
349,09:47:28,32.06,0.0,95,304589,卖盘
350,09:47:31,32.05,-0.01,45,144247,卖盘
351,09:47:34,32.07,0.02,52,166718,买盘
352,09:47:37,32.07,0.0,30,96216,卖盘
353,09:47:39,32.1,0.03,52,166841,买盘
354,09:47:43,32.08,-0.02,104,333681,卖盘
355,09:47:46,32.11,0.03,38,121997,买盘
356,09:47:49,32.12,0.01,27,86702,买盘
357,09:47:52,32.08,-0.04,56,179833,卖盘
358,09:47:55,32.11,0.03,132,423902,卖盘
359,09:47:58,32.13,0.02,10,32130,买盘
360,09:48:01,32.13,0.0,52,167176,中性盘
361,09:48:04,32.13,0.0,75,241069,卖盘
362,09:48:07,32.16,0.03,2,6432,买盘
363,09:48:10,32.2,0.04,20,64400,买盘
364,09:48:12,32.2,0.0,17,54769,卖盘
365,09:48:16,32.27,0.07,63,203239,买盘
366,09:48:19,32.24,-0.03,12,38684,中性盘
367,09:48:22,32.25,0.01,29,93506,买盘
368,09:48:25,32.25,0.0,25,80622,买盘
369,09:48:28,32.25,0.0,17,54825,买盘
370,09:48:31,32.25,0.0,23,74180,卖盘
371,09:48:34,32.27,0.02,23,74232,买盘
372,09:48:37,32.28,0.01,6,19366,买盘
373,09:48:39,32.26,-0.02,78,251746,卖盘
374,09:48:42,32.29,0.03,57,184012,买盘
375,09:48:49,32.29,0.0,41,132429,卖盘
376,09:48:52,32.32,0.03,72,232694,买盘
377,09:48:55,32.3,-0.02,103,332792,卖盘
378,09:48:58,32.35,0.05,10,32338,买盘
379,09:49:01,32.32,-0.03,25,80836,卖盘
380,09:49:04,32.32,0.0,45,145491,卖盘
381,09:49:07,32.3,-0.02,100,323261,卖盘
382,09:49:09,32.3,0.0,54,174418,买盘
383,09:49:13,32.35,0.05,190,613808,买盘
384,09:49:16,32.28,-0.07,102,329307,卖盘
385,09:49:19,32.27,-0.01,72,232386,卖盘
386,09:49:22,32.28,0.01,21,67788,买盘
387,09:49:25,32.28,0.0,119,383999,买盘
388,09:49:28,32.27,-0.01,89,287047,中性盘
389,09:49:30,32.27,0.0,43,138660,买盘
390,09:49:33,32.26,-0.01,13,41917,买盘
391,09:49:37,32.26,0.0,45,145051,买盘
392,09:49:40,32.22,-0.04,23,74157,卖盘
393,09:49:43,32.25,0.03,87,280513,买盘
394,09:49:46,32.26,0.01,20,64498,中性盘
395,09:49:48,32.28,0.02,83,267780,买盘
396,09:49:52,32.23,-0.05,26,83896,卖盘
397,09:49:55,32.28,0.05,18,58100,买盘
398,09:49:58,32.27,-0.01,51,164589,卖盘
399,09:50:01,32.24,-0.03,7,22581,卖盘
400,09:50:04,32.29,0.05,42,135465,买盘
401,09:50:07,32.28,-0.01,6,19368,中性盘
402,09:50:10,32.25,-0.03,37,119345,卖盘
403,09:50:13,32.25,0.0,6,19353,卖盘
404,09:50:16,32.27,0.02,4,12908,买盘
405,09:50:19,32.26,-0.01,45,145213,中性盘
406,09:50:22,32.27,0.01,122,393621,买盘
407,09:50:25,32.23,-0.04,68,219199,卖盘
408,09:50:28,32.22,-0.01,136,438199,卖盘
409,09:50:31,32.22,0.0,17,54779,卖盘
410,09:50:33,32.22,0.0,76,244885,卖盘
411,09:50:37,32.22,0.0,132,425339,卖盘
412,09:50:40,32.22,0.0,106,341568,卖盘
413,09:50:43,32.22,0.0,74,238467,卖盘
414,09:50:46,32.22,0.0,2,6444,买盘
415,09:50:49,32.22,0.0,18,57996,买盘
416,09:50:52,32.22,0.0,10,32217,买盘
417,09:50:55,32.18,-0.04,18,57960,卖盘
418,09:50:58,32.18,0.0,38,122284,买盘
419,09:51:01,32.18,0.0,71,228429,买盘
420,09:51:04,32.16,-0.02,118,379797,中性盘
421,09:51:07,32.14,-0.02,77,247428,卖盘
422,09:51:10,32.14,0.0,20,64279,买盘
423,09:51:13,32.16,0.02,44,141435,买盘
424,09:51:16,32.14,-0.02,13,41742,中性盘
425,09:51:19,32.11,-0.03,25,80280,中性盘
426,09:51:22,32.16,0.05,5,16078,买盘
427,09:51:25,32.16,0.0,25,80417,卖盘
428,09:51:28,32.16,0.0,10,32164,卖盘
429,09:51:30,32.16,0.0,15,48241,卖盘
430,09:51:34,32.21,0.05,59,190007,买盘
431,09:51:37,32.17,-0.04,9,28972,卖盘
432,09:51:40,32.23,0.06,21,67658,买盘
433,09:51:43,32.23,0.0,44,141778,买盘
434,09:51:46,32.23,0.0,1,3223,中性盘
435,09:51:49,32.24,0.01,33,106385,买盘
436,09:51:52,32.24,0.0,77,248189,买盘
437,09:51:55,32.24,0.0,120,386828,买盘
438,09:51:57,32.25,0.01,96,309587,买盘
439,09:52:01,32.25,0.0,18,58051,买盘
440,09:52:06,32.26,0.01,17,54840,买盘
441,09:52:09,32.26,0.0,15,48384,买盘
442,09:52:13,32.26,0.0,51,164564,买盘
443,09:52:16,32.3,0.04,132,426030,买盘
444,09:52:19,32.3,0.0,19,61303,买盘
445,09:52:22,32.3,0.0,5,16149,买盘
446,09:52:24,32.35,0.05,9,29091,买盘
447,09:52:28,32.32,-0.03,40,129280,卖盘
448,09:52:31,32.35,0.03,33,106681,买盘
449,09:52:37,32.38,0.03,23,74450,买盘
450,09:52:40,32.35,-0.03,39,126154,卖盘
451,09:52:42,32.43,0.08,71,229832,买盘
452,09:52:46,32.45,0.02,28,90860,买盘
453,09:52:49,32.45,0.0,53,171933,买盘
454,09:52:52,32.45,0.0,68,220639,买盘
455,09:52:55,32.45,0.0,23,74651,卖盘
456,09:52:57,32.49,0.04,53,172130,买盘
457,09:53:04,32.5,0.01,29,94250,买盘
458,09:53:07,32.51,0.01,22,71512,买盘
459,09:53:09,32.49,-0.02,99,321657,卖盘
460,09:53:13,32.51,0.02,103,334801,买盘
461,09:53:16,32.51,0.0,23,74759,买盘
462,09:53:18,32.5,-0.01,58,188511,卖盘
463,09:53:21,32.49,-0.01,11,35739,卖盘
464,09:53:24,32.51,0.02,56,181996,买盘
465,09:53:28,32.49,-0.02,22,71480,卖盘
466,09:53:31,32.49,0.0,21,68217,买盘
467,09:53:34,32.46,-0.03,63,204582,卖盘
468,09:53:36,32.47,0.01,47,152675,中性盘
469,09:53:40,32.47,0.0,31,100629,买盘
470,09:53:43,32.49,0.02,54,175287,买盘
471,09:53:46,32.47,-0.02,61,198073,卖盘
472,09:53:49,32.47,0.0,46,149387,卖盘
473,09:53:52,32.49,0.02,191,620348,买盘
474,09:53:54,32.49,0.0,26,84474,卖盘
475,09:53:58,32.49,0.0,25,81236,卖盘
476,09:54:01,32.5,0.01,82,266487,买盘
477,09:54:04,32.5,0.0,57,185237,中性盘
478,09:54:06,32.5,0.0,6,19500,买盘
479,09:54:10,32.51,0.01,38,123528,买盘
480,09:54:12,32.49,-0.02,46,149491,卖盘
481,09:54:19,32.49,0.0,55,178728,卖盘
482,09:54:22,32.5,0.01,40,129991,买盘
483,09:54:25,32.49,-0.01,68,220933,卖盘
484,09:54:28,32.49,0.0,30,97486,卖盘
485,09:54:31,32.48,-0.01,54,175447,卖盘
486,09:54:34,32.51,0.03,342,1111600,买盘
487,09:54:37,32.49,-0.02,36,117014,卖盘
488,09:54:39,32.49,0.0,7,22741,买盘
489,09:54:42,32.49,0.0,5,16237,买盘
490,09:54:46,32.47,-0.02,17,55219,中性盘
491,09:54:49,32.49,0.02,27,87684,买盘
492,09:54:52,32.47,-0.02,13,42228,中性盘
493,09:54:55,32.47,0.0,11,35720,卖盘
494,09:54:58,32.48,0.01,3,9744,买盘
495,09:55:00,32.45,-0.03,99,321598,卖盘
496,09:55:06,32.47,0.02,14,45443,买盘
497,09:55:10,32.45,-0.02,4,12982,卖盘
498,09:55:13,32.45,0.0,2,6490,卖盘
499,09:55:16,32.45,0.0,25,81145,卖盘
500,09:55:19,32.45,0.0,8,25962,卖盘
501,09:55:22,32.49,0.04,67,217529,买盘
502,09:55:25,32.47,-0.02,19,61693,卖盘
503,09:55:28,32.45,-0.02,47,152654,卖盘
504,09:55:31,32.45,0.0,7,22732,卖盘
505,09:55:34,32.46,0.01,42,136458,中性盘
506,09:55:37,32.46,0.0,2,6492,卖盘
507,09:55:40,32.47,0.01,4,12988,中性盘
508,09:55:42,32.47,0.0,9,29223,卖盘
509,09:55:46,32.47,0.0,4,12988,卖盘
510,09:55:48,32.47,0.0,6,19491,卖盘
511,09:55:52,32.47,0.0,16,51961,卖盘
512,09:55:55,32.47,0.0,37,120116,买盘
513,09:55:58,32.47,0.0,22,71434,买盘
514,09:56:01,32.47,0.0,4,12984,买盘
515,09:56:04,32.45,-0.02,5,16225,卖盘
516,09:56:07,32.45,0.0,9,29209,卖盘
517,09:56:10,32.45,0.0,5,16225,卖盘
518,09:56:13,32.49,0.04,29,94173,买盘
519,09:56:15,32.45,-0.04,1,3245,卖盘
520,09:56:19,32.45,0.0,2,6490,卖盘
521,09:56:22,32.45,0.0,54,175232,卖盘
522,09:56:25,32.45,0.0,3,9737,卖盘
523,09:56:28,32.5,0.05,12,38979,买盘
524,09:56:31,32.46,-0.04,5,16230,卖盘
525,09:56:33,32.46,0.0,26,84420,卖盘
526,09:56:40,32.5,0.04,44,142979,买盘
527,09:56:43,32.46,-0.04,27,87684,卖盘
528,09:56:45,32.47,0.01,17,55211,卖盘
529,09:56:49,32.47,0.0,28,90918,买盘
530,09:56:52,32.47,0.0,73,237096,买盘
531,09:56:55,32.51,0.04,21,68271,买盘
532,09:56:58,32.51,0.0,25,81231,买盘
533,09:57:04,32.5,-0.01,9,29240,买盘
534,09:57:07,32.52,0.02,27,87773,买盘
535,09:57:10,32.48,-0.04,23,74761,卖盘
536,09:57:16,32.52,0.04,5,16260,买盘
537,09:57:19,32.51,-0.01,11,35769,卖盘
538,09:57:22,32.51,0.0,66,214628,卖盘
539,09:57:24,32.51,0.0,5,16255,买盘
540,09:57:28,32.51,0.0,48,156047,买盘
541,09:57:31,32.51,0.0,2,6502,买盘
542,09:57:34,32.51,0.0,44,143034,买盘
543,09:57:37,32.52,0.01,57,185305,买盘
544,09:57:40,32.52,0.0,10,32520,卖盘
545,09:57:43,32.55,0.03,16,52059,买盘
546,09:57:46,32.53,-0.02,5,16265,卖盘
547,09:57:49,32.54,0.01,4,13016,买盘
548,09:57:52,32.54,0.0,1,3254,买盘
549,09:57:54,32.54,0.0,3,9762,买盘
550,09:57:58,32.54,0.0,15,48810,卖盘
551,09:58:00,32.57,0.03,69,224676,买盘
552,09:58:07,32.57,0.0,16,52099,买盘
553,09:58:09,32.57,0.0,22,71689,买盘
554,09:58:13,32.59,0.02,35,114059,中性盘
555,09:58:16,32.6,0.01,11,35852,买盘
556,09:58:18,32.6,0.0,33,107579,买盘
557,09:58:22,32.6,0.0,3,9780,买盘
558,09:58:25,32.65,0.05,29,94665,买盘
559,09:58:28,32.66,0.01,102,332634,买盘
560,09:58:30,32.66,0.0,21,68586,买盘
561,09:58:33,32.69,0.03,44,143784,买盘
562,09:58:37,32.69,0.0,28,91530,买盘
563,09:58:40,32.7,0.01,58,189628,买盘
564,09:58:43,32.7,0.0,17,55591,卖盘
565,09:58:46,32.71,0.01,12,39242,买盘
566,09:58:49,32.71,0.0,10,32723,卖盘
567,09:58:51,32.74,0.03,24,78543,买盘
568,09:58:55,32.76,0.02,4,13100,买盘
569,09:58:58,32.8,0.04,58,190156,买盘
570,09:59:01,32.81,0.01,8,26243,买盘
571,09:59:04,32.82,0.01,6,19691,买盘
572,09:59:06,32.9,0.08,78,256291,买盘
573,09:59:10,32.84,-0.06,20,65695,卖盘
574,09:59:13,32.9,0.06,3,9865,买盘
575,09:59:16,32.9,0.0,69,227048,买盘
576,09:59:19,32.89,-0.01,80,263221,卖盘
577,09:59:22,32.9,0.01,91,299415,买盘
578,09:59:24,32.91,0.01,112,368672,中性盘
579,09:59:28,32.89,-0.02,106,348804,卖盘
580,09:59:31,32.86,-0.03,183,601425,卖盘
581,09:59:34,32.84,-0.02,133,437050,卖盘
582,09:59:37,32.85,0.01,47,154342,买盘
583,09:59:40,32.84,-0.01,168,552268,中性盘
584,09:59:43,32.85,0.01,43,141233,买盘
585,09:59:45,32.85,0.0,83,272674,买盘
586,09:59:49,32.85,0.0,9,29565,卖盘
587,09:59:52,32.85,0.0,96,315397,卖盘
588,09:59:55,32.87,0.02,36,118249,买盘
589,09:59:58,32.84,-0.03,82,269316,卖盘
590,10:00:00,32.84,0.0,23,75532,买盘
591,10:00:04,32.84,0.0,128,420197,买盘
592,10:00:07,32.84,0.0,276,905864,买盘
593,10:00:10,32.77,-0.07,31,101684,卖盘
594,10:00:13,32.8,0.03,13,42608,买盘
595,10:00:16,32.79,-0.01,4,13116,买盘
596,10:00:18,32.8,0.01,45,147445,买盘
597,10:00:22,32.73,-0.07,10,32760,卖盘
598,10:00:28,32.73,0.0,68,222586,买盘
599,10:00:31,32.69,-0.04,38,124280,卖盘
600,10:00:34,32.69,0.0,12,39248,卖盘
601,10:00:37,32.69,0.0,43,140569,卖盘
602,10:00:40,32.73,0.04,141,461139,买盘
603,10:00:43,32.68,-0.05,33,107906,卖盘
604,10:00:46,32.68,0.0,24,78441,卖盘
605,10:00:51,32.68,0.0,33,107842,买盘
606,10:00:55,32.69,0.01,39,127450,买盘
607,10:00:58,32.69,0.0,39,127419,买盘
608,10:01:00,32.69,0.0,15,49019,买盘
609,10:01:04,32.68,-0.01,21,68645,卖盘
610,10:01:06,32.69,0.01,6,19612,买盘
611,10:01:10,32.69,0.0,33,107857,买盘
612,10:01:13,32.71,0.02,9,29439,卖盘
613,10:01:16,32.71,0.0,11,35982,卖盘
614,10:01:19,32.72,0.01,21,68772,买盘
615,10:01:22,32.69,-0.03,13,42525,卖盘
616,10:01:24,32.71,0.02,35,114485,买盘
617,10:01:27,32.69,-0.02,3,9809,卖盘
618,10:01:31,32.75,0.06,19,62197,买盘
619,10:01:34,32.68,-0.07,73,238723,卖盘
620,10:01:37,32.68,0.0,6,19608,买盘
621,10:01:39,32.74,0.06,7,22888,买盘
622,10:01:43,32.69,-0.05,8,26181,卖盘
623,10:01:45,32.69,0.0,3,9807,买盘
624,10:01:48,32.69,0.0,5,16345,卖盘
625,10:01:54,32.68,-0.01,43,140564,卖盘
626,10:01:57,32.69,0.01,8,26152,买盘
627,10:02:00,32.68,-0.01,29,94777,卖盘
628,10:02:04,32.68,0.0,23,75203,卖盘
629,10:02:07,32.69,0.01,1,3269,卖盘
630,10:02:09,32.74,0.05,5,16370,买盘
631,10:02:13,32.75,0.01,15,49115,买盘
632,10:02:15,32.74,-0.01,8,26192,卖盘
633,10:02:19,32.74,0.0,28,91672,卖盘
634,10:02:22,32.75,0.01,32,104797,买盘
635,10:02:25,32.74,-0.01,29,94956,中性盘
636,10:02:28,32.74,0.0,18,58917,买盘
637,10:02:31,32.75,0.01,39,127603,买盘
638,10:02:37,32.75,0.0,11,36023,买盘
639,10:02:40,32.75,0.0,20,65445,买盘
640,10:02:43,32.77,0.02,47,153969,买盘
641,10:02:46,32.77,0.0,67,219133,买盘
642,10:02:49,32.77,0.0,11,36031,买盘
643,10:02:52,32.74,-0.03,5,16370,卖盘
644,10:02:54,32.74,0.0,7,22918,买盘
645,10:02:58,32.75,0.01,30,98269,买盘
646,10:03:01,32.74,-0.01,54,176783,卖盘
647,10:03:04,32.74,0.0,6,19644,卖盘
648,10:03:07,32.75,0.01,81,265207,买盘
649,10:03:10,32.74,-0.01,10,32746,中性盘
650,10:03:13,32.69,-0.05,101,330369,卖盘
651,10:03:16,32.74,0.05,27,88440,卖盘
652,10:03:19,32.75,0.01,5,16375,买盘
653,10:03:24,32.73,-0.02,4,13092,买盘
654,10:03:28,32.69,-0.04,220,719235,卖盘
655,10:03:31,32.69,0.0,49,160181,卖盘
656,10:03:36,32.69,0.0,40,130759,买盘
657,10:03:39,32.69,0.0,45,147094,买盘
658,10:03:43,32.68,-0.01,34,111118,卖盘
659,10:03:46,32.69,0.01,19,62110,买盘
660,10:03:49,32.69,0.0,31,101315,买盘
661,10:03:52,32.7,0.01,12,39238,买盘
662,10:03:55,32.69,-0.01,37,120959,卖盘
663,10:03:58,32.69,0.0,32,104600,买盘
664,10:04:01,32.67,-0.02,12,39218,卖盘
665,10:04:04,32.68,0.01,8,26150,中性盘
666,10:04:07,32.68,0.0,21,68613,买盘
667,10:04:10,32.68,0.0,10,32676,买盘
668,10:04:13,32.69,0.01,50,163449,买盘
669,10:04:16,32.7,0.01,4,13080,买盘
670,10:04:18,32.7,0.0,5,16350,买盘
671,10:04:22,32.68,-0.02,11,35949,卖盘
672,10:04:24,32.68,0.0,14,45758,卖盘
673,10:04:27,32.7,0.02,3,9810,买盘
674,10:04:31,32.7,0.0,4,13080,买盘
675,10:04:33,32.66,-0.04,33,107801,卖盘
676,10:04:37,32.66,0.0,8,26142,卖盘
677,10:04:43,32.68,0.02,5,16338,买盘
678,10:04:46,32.68,0.0,5,16340,中性盘
679,10:04:52,32.7,0.02,9,29422,买盘
680,10:04:55,32.7,0.0,22,71907,买盘
681,10:04:57,32.68,-0.02,26,85012,中性盘
682,10:05:01,32.68,0.0,10,32677,买盘
683,10:05:04,32.69,0.01,23,75175,买盘
684,10:05:06,32.68,-0.01,3,9804,中性盘
685,10:05:09,32.68,0.0,2,6536,卖盘
686,10:05:13,32.68,0.0,8,26145,买盘
687,10:05:19,32.67,-0.01,3,9803,卖盘
688,10:05:22,32.66,-0.01,35,114327,卖盘
689,10:05:25,32.67,0.01,11,35933,中性盘
690,10:05:28,32.68,0.01,7,22872,买盘
691,10:05:31,32.68,0.0,35,114333,买盘
692,10:05:33,32.69,0.01,43,140524,买盘
693,10:05:37,32.69,0.0,7,22883,买盘
694,10:05:39,32.67,-0.02,3,9801,卖盘
695,10:05:43,32.66,-0.01,15,49002,卖盘
696,10:05:49,32.69,0.03,36,117663,买盘
697,10:05:52,32.69,0.0,15,49030,买盘
698,10:05:54,32.68,-0.01,3,9804,卖盘
699,10:05:58,32.69,0.01,7,22882,买盘
700,10:06:01,32.69,0.0,49,160161,买盘
701,10:06:04,32.7,0.01,109,356380,买盘
702,10:06:07,32.74,0.04,17,55622,买盘
703,10:06:10,32.7,-0.04,1,3270,卖盘
704,10:06:13,32.74,0.04,6,19644,买盘
705,10:06:16,32.75,0.01,16,52400,买盘
706,10:06:19,32.75,0.0,1,3275,卖盘
707,10:06:25,32.77,0.02,7,22935,买盘
708,10:06:27,32.78,0.01,7,22941,买盘
709,10:06:30,32.78,0.0,8,26224,买盘
710,10:06:34,32.8,0.02,8,26238,买盘
711,10:06:40,32.8,0.0,24,78720,买盘
712,10:06:43,32.81,0.01,1,3281,买盘
713,10:06:46,32.81,0.0,4,13123,买盘
714,10:06:49,32.81,0.0,22,72181,买盘
715,10:06:55,32.82,0.01,6,19696,卖盘
716,10:06:58,32.83,0.01,57,187158,买盘
717,10:07:01,32.83,0.0,19,62377,卖盘
718,10:07:04,32.84,0.01,81,266004,买盘
719,10:07:07,32.87,0.03,12,39444,买盘
720,10:07:10,32.83,-0.04,66,216799,卖盘
721,10:07:13,32.83,0.0,34,111701,卖盘
722,10:07:16,32.83,0.0,34,111712,卖盘
723,10:07:19,32.83,0.0,70,229899,卖盘
724,10:07:22,32.86,0.03,11,36140,买盘
725,10:07:25,32.87,0.01,41,134787,买盘
726,10:07:28,32.88,0.01,91,299142,买盘
727,10:07:31,32.88,0.0,11,36152,买盘
728,10:07:34,32.88,0.0,3,9864,买盘
729,10:07:37,32.89,0.01,18,59185,买盘
730,10:07:40,32.9,0.01,49,161138,买盘
731,10:07:43,32.9,0.0,30,98677,买盘
732,10:07:46,32.9,0.0,24,78932,买盘
733,10:07:48,32.89,-0.01,12,39476,中性盘
734,10:07:52,32.9,0.01,118,388700,买盘
735,10:07:58,32.9,0.0,24,78960,卖盘
736,10:08:01,32.98,0.08,137,451495,买盘
737,10:08:04,32.98,0.0,29,95639,买盘
738,10:08:07,33.0,0.02,36,118798,买盘
739,10:08:09,33.0,0.0,8,26400,卖盘
740,10:08:12,33.02,0.02,1,3302,买盘
741,10:08:16,33.0,-0.02,23,75959,卖盘
742,10:08:19,33.01,0.01,19,62714,中性盘
743,10:08:22,33.13,0.12,22,72794,买盘
744,10:08:25,33.14,0.01,19,62862,买盘
745,10:08:28,33.13,-0.01,25,82808,卖盘
746,10:08:31,33.06,-0.07,42,138936,卖盘
747,10:08:34,33.14,0.08,62,205421,买盘
748,10:08:37,33.12,-0.02,104,344432,卖盘
749,10:08:39,33.12,0.0,21,69548,买盘
750,10:08:43,33.13,0.01,88,291337,买盘
751,10:08:46,33.08,-0.05,50,165526,卖盘
752,10:08:49,33.12,0.04,278,920895,买盘
753,10:08:52,33.08,-0.04,24,79419,卖盘
754,10:08:55,33.08,0.0,46,152204,中性盘
755,10:08:58,33.14,0.06,22,72898,买盘
756,10:09:00,33.16,0.02,69,228764,买盘
757,10:09:04,33.16,0.0,16,53044,买盘
758,10:09:07,33.15,-0.01,37,122672,卖盘
759,10:09:09,33.15,0.0,39,129320,买盘
760,10:09:12,33.2,0.05,221,733568,买盘
761,10:09:16,33.2,0.0,12,39840,卖盘
762,10:09:18,33.23,0.03,33,109573,买盘
763,10:09:22,33.25,0.02,8,26586,买盘
764,10:09:25,33.24,-0.01,109,362274,中性盘
765,10:09:28,33.4,0.16,84,280098,买盘
766,10:09:31,33.3,-0.1,49,162935,买盘
767,10:09:34,33.3,0.0,45,149828,买盘
768,10:09:37,33.3,0.0,38,126567,卖盘
769,10:09:39,33.3,0.0,38,126549,卖盘
770,10:09:42,33.3,0.0,33,109960,卖盘
771,10:09:45,33.35,0.05,112,373546,买盘
772,10:09:49,33.33,-0.02,135,450087,卖盘
773,10:09:52,33.33,0.0,40,133645,卖盘
774,10:09:55,33.34,0.01,8,26667,中性盘
775,10:09:58,33.4,0.06,15,50079,买盘
776,10:10:00,33.4,0.0,51,170151,买盘
777,10:10:04,33.4,0.0,114,380505,买盘
778,10:10:06,33.41,0.01,86,287233,买盘
779,10:10:10,33.38,-0.03,50,166834,买盘
780,10:10:13,33.35,-0.03,38,126748,中性盘
781,10:10:16,33.39,0.04,146,487057,买盘
782,10:10:19,33.33,-0.06,104,347053,卖盘
783,10:10:22,33.37,0.04,60,200070,买盘
784,10:10:25,33.29,-0.08,223,742940,卖盘
785,10:10:27,33.39,0.1,114,382065,买盘
786,10:10:31,33.39,0.0,61,203763,卖盘
787,10:10:34,33.39,0.0,81,270493,卖盘
788,10:10:37,33.38,-0.01,18,60097,卖盘
789,10:10:40,33.41,0.03,113,377448,买盘
790,10:10:43,33.36,-0.05,90,300466,卖盘
791,10:10:46,33.4,0.04,3,10018,买盘
792,10:10:49,33.41,0.01,30,100219,买盘
793,10:10:52,33.35,-0.06,14,46735,卖盘
794,10:10:54,33.39,0.04,41,136830,中性盘
795,10:10:57,33.4,0.01,35,116870,买盘
796,10:11:01,33.4,0.0,153,510894,买盘
797,10:11:04,33.38,-0.02,20,66783,中性盘
798,10:11:07,33.35,-0.03,40,133448,卖盘
799,10:11:10,33.4,0.05,59,196860,买盘
800,10:11:13,33.35,-0.05,25,83387,卖盘
801,10:11:16,33.36,0.01,31,103361,买盘
802,10:11:18,33.36,0.0,27,90090,买盘
803,10:11:22,33.36,0.0,22,73404,卖盘
804,10:11:25,33.34,-0.02,39,130050,卖盘
805,10:11:28,33.35,0.01,69,229980,买盘
806,10:11:31,33.34,-0.01,5,16668,中性盘
807,10:11:34,33.34,0.0,8,26672,买盘
808,10:11:37,33.3,-0.04,10,33318,卖盘
809,10:11:40,33.33,0.03,3,9996,买盘
810,10:11:43,33.36,0.03,103,343413,买盘
811,10:11:46,33.34,-0.02,22,73316,中性盘
812,10:11:48,33.34,0.0,42,140021,卖盘
813,10:11:51,33.3,-0.04,15,49999,中性盘
814,10:11:54,33.3,0.0,16,51535,买盘
815,10:11:57,33.3,0.0,34,113069,买盘
816,10:12:04,33.29,-0.01,3,9987,买盘
817,10:12:07,33.24,-0.05,85,282947,卖盘
818,10:12:10,33.25,0.01,19,63176,中性盘
819,10:12:13,33.23,-0.02,60,199420,卖盘
820,10:12:16,33.2,-0.03,17,56448,卖盘
821,10:12:22,33.18,-0.02,3,9954,卖盘
822,10:12:24,33.17,-0.01,6,19911,卖盘
823,10:12:27,33.18,0.01,35,116112,中性盘
824,10:12:31,33.18,0.0,32,106154,买盘
825,10:12:34,33.15,-0.03,31,102812,卖盘
826,10:12:37,33.17,0.02,15,49755,买盘
827,10:12:42,33.17,0.0,21,69651,买盘
828,10:12:46,33.15,-0.02,5,16581,卖盘
829,10:12:49,33.15,0.0,11,36465,卖盘
830,10:12:52,33.17,0.02,1,3317,买盘
831,10:12:54,33.17,0.0,27,89559,买盘
832,10:12:58,33.18,0.01,16,53061,买盘
833,10:13:01,33.18,0.0,2,6636,卖盘
834,10:13:04,33.18,0.0,4,13266,买盘
835,10:13:07,33.18,0.0,6,19908,买盘
836,10:13:10,33.19,0.01,1,3319,卖盘
837,10:13:13,33.23,0.04,1,3323,买盘
838,10:13:16,33.2,-0.03,17,56505,卖盘
839,10:13:18,33.24,0.04,5,16608,中性盘
840,10:13:22,33.24,0.0,16,53193,卖盘
841,10:13:24,33.24,0.0,5,16620,卖盘
842,10:13:28,33.29,0.05,28,93170,买盘
843,10:13:31,33.3,0.01,14,46612,买盘
844,10:13:33,33.28,-0.02,10,33280,卖盘
845,10:13:36,33.3,0.02,15,51670,买盘
846,10:13:40,33.32,0.02,9,29988,买盘
847,10:13:43,33.35,0.03,97,323327,买盘
848,10:13:46,33.38,0.03,30,100108,买盘
849,10:13:49,33.38,0.0,6,20028,买盘
850,10:13:52,33.39,0.01,4,13353,买盘
851,10:13:55,33.38,-0.01,81,270426,中性盘
852,10:13:58,33.4,0.02,13,43418,买盘
853,10:14:01,33.4,0.0,90,300588,买盘
854,10:14:04,33.4,0.0,33,110229,买盘
855,10:14:07,33.41,0.01,20,66219,买盘
856,10:14:10,33.43,0.02,38,126985,买盘
857,10:14:13,33.42,-0.01,52,173818,卖盘
858,10:14:16,33.43,0.01,11,36773,买盘
859,10:14:19,33.45,0.02,33,110373,买盘
860,10:14:21,33.44,-0.01,12,40140,卖盘
861,10:14:25,33.46,0.02,9,30102,买盘
862,10:14:28,33.44,-0.02,30,100333,中性盘
863,10:14:31,33.45,0.01,28,93660,买盘
864,10:14:34,33.44,-0.01,39,130435,卖盘
865,10:14:36,33.46,0.02,22,73572,买盘
866,10:14:40,33.45,-0.01,46,153817,卖盘
867,10:14:43,33.47,0.02,27,90342,买盘
868,10:14:46,33.45,-0.02,54,180643,卖盘
869,10:14:49,33.45,0.0,9,30105,买盘
870,10:14:52,33.46,0.01,137,458226,买盘
871,10:14:55,33.44,-0.02,61,204054,卖盘
872,10:14:58,33.44,0.0,53,177260,卖盘
873,10:15:01,33.44,0.0,3,10030,买盘
874,10:15:04,33.39,-0.05,59,197016,卖盘
875,10:15:07,33.44,0.05,107,357488,买盘
876,10:15:10,33.38,-0.06,19,63450,卖盘
877,10:15:16,33.38,0.0,25,83381,买盘
878,10:15:18,33.38,0.0,16,53375,买盘
879,10:15:22,33.33,-0.05,4,13338,卖盘
880,10:15:25,33.3,-0.03,5,16659,卖盘
881,10:15:27,33.35,0.05,25,83322,买盘
882,10:15:31,33.3,-0.05,26,88178,卖盘
883,10:15:34,33.33,0.03,8,26653,买盘
884,10:15:36,33.3,-0.03,14,46568,卖盘
885,10:15:39,33.3,0.0,12,39960,中性盘
886,10:15:43,33.21,-0.09,7,23247,卖盘
887,10:15:46,33.3,0.09,12,39882,买盘
888,10:15:49,33.21,-0.09,22,73082,卖盘
889,10:15:52,33.21,0.0,11,36531,卖盘
890,10:15:55,33.26,0.05,12,39892,买盘
891,10:15:57,33.3,0.04,11,36629,买盘
892,10:16:00,33.21,-0.09,29,96429,卖盘
893,10:16:04,33.2,-0.01,59,195890,卖盘
894,10:16:07,33.24,0.04,8,26582,买盘
895,10:16:10,33.2,-0.04,28,93031,卖盘
896,10:16:12,33.2,0.0,32,106241,卖盘
897,10:16:15,33.21,0.01,32,106284,买盘
898,10:16:18,33.21,0.0,12,39867,卖盘
899,10:16:21,33.21,0.0,11,36539,卖盘
900,10:16:24,33.21,0.0,14,46533,卖盘
901,10:16:28,33.21,0.0,4,13291,卖盘
902,10:16:31,33.25,0.04,6,19950,买盘
903,10:16:34,33.21,-0.04,10,33218,卖盘
904,10:16:37,33.21,0.0,1,3321,卖盘
905,10:16:39,33.21,0.0,2,6642,买盘
906,10:16:43,33.21,0.0,12,39845,买盘
907,10:16:45,33.2,-0.01,38,126162,卖盘
908,10:16:49,33.21,0.01,32,106254,买盘
909,10:16:52,33.21,0.0,6,19938,卖盘
910,10:16:55,33.24,0.03,19,63105,买盘
911,10:16:57,33.24,0.0,18,59790,买盘
912,10:17:01,33.21,-0.03,26,86364,卖盘
913,10:17:04,33.24,0.03,1,3324,中性盘
914,10:17:07,33.24,0.0,1,3324,买盘
915,10:17:09,33.24,0.0,14,46533,买盘
916,10:17:12,33.22,-0.02,26,86420,卖盘
917,10:17:16,33.24,0.02,10,33240,中性盘
918,10:17:19,33.25,0.01,20,66489,买盘
919,10:17:22,33.22,-0.03,30,99720,卖盘
920,10:17:25,33.25,0.03,4,13301,卖盘
921,10:17:28,33.24,-0.01,5,16622,卖盘
922,10:17:31,33.25,0.01,5,16625,买盘
923,10:17:34,33.25,0.0,20,66493,买盘
924,10:17:37,33.25,0.0,4,13300,买盘
925,10:17:39,33.24,-0.01,4,13298,卖盘
926,10:17:42,33.24,0.0,5,16620,买盘
927,10:17:46,33.25,0.01,1,3325,买盘
928,10:17:49,33.26,0.01,35,116388,买盘
929,10:17:52,33.26,0.0,17,56542,卖盘
930,10:17:55,33.27,0.01,1,3327,买盘
931,10:18:01,33.28,0.01,41,136393,买盘
932,10:18:04,33.28,0.0,4,13311,中性盘
933,10:18:07,33.26,-0.02,19,63225,卖盘
934,10:18:10,33.26,0.0,25,83216,卖盘
935,10:18:13,33.29,0.03,18,59927,卖盘
936,10:18:16,33.3,0.01,4,13320,买盘
937,10:18:19,33.3,0.0,12,39952,买盘
938,10:18:24,33.3,0.0,17,56610,卖盘
939,10:18:28,33.32,0.02,8,26656,买盘
940,10:18:31,33.3,-0.02,23,76588,卖盘
941,10:18:34,33.32,0.02,59,196582,买盘
942,10:18:36,33.32,0.0,21,69973,卖盘
943,10:18:40,33.33,0.01,20,66651,买盘
944,10:18:43,33.33,0.0,28,93311,买盘
945,10:18:46,33.33,0.0,19,63327,买盘
946,10:18:49,33.33,0.0,5,16662,买盘
947,10:18:52,33.32,-0.01,15,49981,卖盘
948,10:18:55,33.32,0.0,13,41724,卖盘
949,10:18:58,33.32,0.0,54,179954,卖盘
950,10:19:01,33.33,0.01,11,36675,卖盘
951,10:19:04,33.33,0.0,2,6666,卖盘
952,10:19:06,33.33,0.0,31,103341,卖盘
953,10:19:10,33.33,0.0,18,59994,卖盘
954,10:19:16,33.32,-0.01,34,113311,卖盘
955,10:19:19,33.29,-0.03,88,294628,卖盘
956,10:19:22,33.29,0.0,11,36619,买盘
957,10:19:25,33.27,-0.02,20,66550,卖盘
958,10:19:28,33.26,-0.01,33,109758,卖盘
959,10:19:31,33.24,-0.02,48,159643,卖盘
960,10:19:34,33.22,-0.02,27,89719,卖盘
961,10:19:37,33.24,0.02,11,36561,买盘
962,10:19:40,33.22,-0.02,6,19932,卖盘
963,10:19:43,33.2,-0.02,63,209208,卖盘
964,10:19:46,33.22,0.02,10,33206,买盘
965,10:19:49,33.18,-0.04,24,79662,卖盘
966,10:19:52,33.18,0.0,7,23226,卖盘
967,10:19:55,33.18,0.0,6,19908,卖盘
968,10:19:57,33.15,-0.03,8,26525,卖盘
969,10:20:00,33.13,-0.02,43,142476,卖盘
970,10:20:04,33.13,0.0,10,33130,卖盘
971,10:20:07,33.13,0.0,27,89452,卖盘
972,10:20:09,33.12,-0.01,40,132495,卖盘
973,10:20:12,33.08,-0.04,57,188728,卖盘
974,10:20:15,33.12,0.04,11,36424,买盘
975,10:20:19,33.12,0.0,2,6624,买盘
976,10:20:22,33.07,-0.05,16,52923,卖盘
977,10:20:25,33.07,0.0,35,115589,买盘
978,10:20:31,33.06,-0.01,48,158411,买盘
979,10:20:34,33.02,-0.04,15,49574,中性盘
980,10:20:36,33.02,0.0,7,23114,卖盘
981,10:20:40,33.07,0.05,11,36348,买盘
982,10:20:43,33.01,-0.06,18,59435,卖盘
983,10:20:46,33.02,0.01,38,125507,买盘
984,10:20:49,33.01,-0.01,29,95732,卖盘
985,10:20:52,33.0,-0.01,35,115638,卖盘
986,10:20:55,33.0,0.0,45,148513,卖盘
987,10:20:57,33.0,0.0,7,23111,卖盘
988,10:21:01,33.0,0.0,14,46244,卖盘
989,10:21:04,33.0,0.0,46,151800,卖盘
990,10:21:06,33.0,0.0,11,36307,卖盘
991,10:21:10,33.0,0.0,4,13200,买盘
992,10:21:13,32.99,-0.01,5,16496,卖盘
993,10:21:16,32.99,0.0,29,95699,卖盘
994,10:21:19,32.99,0.0,3,9897,买盘
995,10:21:21,32.98,-0.01,41,135227,卖盘
996,10:21:25,32.99,0.01,58,191308,买盘
997,10:21:27,32.99,0.0,15,49485,卖盘
998,10:21:31,32.99,0.0,3,9898,卖盘
999,10:21:34,32.99,0.0,14,46186,卖盘
1000,10:21:37,33.0,0.01,26,85786,买盘
1001,10:21:40,32.98,-0.02,54,178140,卖盘
1002,10:21:43,32.98,0.0,21,69260,买盘
1003,10:21:46,32.98,0.0,13,42874,买盘
1004,10:21:49,32.99,0.01,5,16493,买盘
1005,10:21:52,32.99,0.0,5,16495,买盘
1006,10:21:55,32.99,0.0,3,9897,买盘
1007,10:21:58,32.99,0.0,11,36287,买盘
1008,10:22:01,32.99,0.0,7,23093,买盘
1009,10:22:04,33.0,0.01,17,56094,买盘
1010,10:22:06,33.0,0.0,1,3300,卖盘
1011,10:22:10,33.07,0.07,3,9917,买盘
1012,10:22:13,33.0,-0.07,3,9900,卖盘
1013,10:22:19,33.05,0.05,3,9915,卖盘
1014,10:22:22,33.05,0.0,5,16531,卖盘
1015,10:22:25,33.07,0.02,15,49605,买盘
1016,10:22:28,33.07,0.0,3,9921,卖盘
1017,10:22:31,33.08,0.01,4,13228,买盘
1018,10:22:34,33.15,0.07,33,109235,买盘
1019,10:22:37,33.15,0.0,3,9945,买盘
1020,10:22:39,33.09,-0.06,1,3309,卖盘
1021,10:22:42,33.09,0.0,1,3309,卖盘
1022,10:22:46,33.15,0.06,10,33150,买盘
1023,10:22:48,33.16,0.01,4,13255,买盘
1024,10:22:51,33.16,0.0,5,16577,买盘
1025,10:22:55,33.15,-0.01,4,13265,卖盘
1026,10:22:58,33.15,0.0,1,3315,卖盘
1027,10:23:01,33.09,-0.06,27,89476,卖盘
1028,10:23:10,33.15,0.06,3,9947,卖盘
1029,10:23:16,33.2,0.05,33,109534,买盘
1030,10:23:19,33.18,-0.02,11,36508,卖盘
1031,10:23:22,33.2,0.02,6,19914,买盘
1032,10:23:25,33.2,0.0,9,29880,买盘
1033,10:23:28,33.19,-0.01,1,3319,卖盘
1034,10:23:31,33.19,0.0,10,33198,卖盘
1035,10:23:34,33.18,-0.01,4,13275,卖盘
1036,10:23:37,33.19,0.01,1,3319,买盘
1037,10:23:40,33.22,0.03,41,136116,买盘
1038,10:23:42,33.2,-0.02,9,29880,卖盘
1039,10:23:46,33.2,0.0,4,13280,卖盘
1040,10:23:48,33.22,0.02,29,96292,买盘
1041,10:23:52,33.22,0.0,18,59794,买盘
1042,10:23:55,33.21,-0.01,11,36533,中性盘
1043,10:23:58,33.25,0.04,14,46535,买盘
1044,10:24:00,33.25,0.0,3,9975,买盘
1045,10:24:06,33.25,0.0,34,113049,买盘
1046,10:24:09,33.24,-0.01,12,39885,卖盘
1047,10:24:12,33.22,-0.02,30,99696,卖盘
1048,10:24:15,33.25,0.03,29,96374,买盘
1049,10:24:19,33.25,0.0,27,89775,买盘
1050,10:24:22,33.25,0.0,18,59850,卖盘
1051,10:24:25,33.25,0.0,20,66464,卖盘
1052,10:24:28,33.22,-0.03,4,13296,卖盘
1053,10:24:31,33.25,0.03,8,26600,买盘
1054,10:24:33,33.25,0.0,6,19950,卖盘
1055,10:24:36,33.25,0.0,11,36566,买盘
1056,10:24:39,33.25,0.0,11,36570,买盘
1057,10:24:43,33.22,-0.03,43,142846,卖盘
1058,10:24:46,33.2,-0.02,21,69730,卖盘
1059,10:24:49,33.2,0.0,8,26560,买盘
1060,10:24:52,33.18,-0.02,15,49770,卖盘
1061,10:24:55,33.18,0.0,7,23226,买盘
1062,10:25:01,33.18,0.0,20,66360,买盘
1063,10:25:04,33.16,-0.02,4,13264,卖盘
1064,10:25:07,33.17,0.01,3,9950,买盘
1065,10:25:09,33.17,0.0,2,6634,买盘
1066,10:25:12,33.15,-0.02,58,192136,卖盘
1067,10:25:15,33.17,0.02,8,26526,买盘
1068,10:25:22,33.14,-0.03,5,16576,卖盘
1069,10:25:25,33.15,0.01,2,6629,买盘
1070,10:25:28,33.15,0.0,21,69622,买盘
1071,10:25:31,33.15,0.0,7,23207,卖盘
1072,10:25:34,33.16,0.01,1,3316,买盘
1073,10:25:37,33.17,0.01,23,76291,买盘
1074,10:25:40,33.17,0.0,15,49741,买盘
1075,10:25:43,33.16,-0.01,38,126032,中性盘
1076,10:25:45,33.16,0.0,9,29844,卖盘
1077,10:25:48,33.18,0.02,2,6636,买盘
1078,10:25:51,33.18,0.0,1,3318,买盘
1079,10:25:55,33.18,0.0,14,46452,买盘
1080,10:26:01,33.17,-0.01,20,66361,卖盘
1081,10:26:04,33.18,0.01,1,3318,卖盘
1082,10:26:07,33.18,0.0,8,26544,买盘
1083,10:26:10,33.2,0.02,35,116178,买盘
1084,10:26:13,33.2,0.0,3,9960,卖盘
1085,10:26:16,33.2,0.0,1,3320,卖盘
1086,10:26:18,33.22,0.02,1,3322,买盘
1087,10:26:22,33.2,-0.02,9,29882,卖盘
1088,10:26:25,33.24,0.04,7,23260,买盘
1089,10:26:28,33.2,-0.04,1,3320,卖盘
1090,10:26:31,33.22,0.02,1,3322,卖盘
1091,10:26:34,33.22,0.0,11,36558,卖盘
1092,10:26:40,33.23,0.01,3,9969,买盘
1093,10:26:43,33.25,0.02,16,53185,买盘
1094,10:26:48,33.25,0.0,3,9973,买盘
1095,10:26:55,33.22,-0.03,47,156216,卖盘
1096,10:26:58,33.22,0.0,19,63118,卖盘
1097,10:27:00,33.26,0.04,5,16614,买盘
1098,10:27:04,33.26,0.0,4,13305,卖盘
1099,10:27:07,33.26,0.0,12,39912,买盘
1100,10:27:10,33.26,0.0,20,66526,卖盘
1101,10:27:12,33.27,0.01,12,39924,买盘
1102,10:27:15,33.26,-0.01,10,33260,卖盘
1103,10:27:19,33.26,0.0,31,103134,卖盘
1104,10:27:22,33.25,-0.01,14,46560,卖盘
1105,10:27:25,33.26,0.01,5,16626,买盘
1106,10:27:28,33.3,0.04,63,208069,买盘
1107,10:27:31,33.3,0.0,47,156510,卖盘
1108,10:27:34,33.31,0.01,1,3331,中性盘
1109,10:27:37,33.32,0.01,2,6664,买盘
1110,10:27:40,33.32,0.0,26,86632,卖盘
1111,10:27:42,33.32,0.0,72,239989,卖盘
1112,10:27:46,33.33,0.01,6,19998,中性盘
1113,10:27:49,33.32,-0.01,51,169946,卖盘
1114,10:27:52,33.33,0.01,2,6666,卖盘
1115,10:27:55,33.34,0.01,33,110064,中性盘
1116,10:27:57,33.38,0.04,32,106767,买盘
1117,10:28:00,33.38,0.0,2,6676,卖盘
1118,10:28:07,33.37,-0.01,20,66778,卖盘
1119,10:28:10,33.37,0.0,20,66730,买盘
1120,10:28:13,33.33,-0.04,17,56709,卖盘
1121,10:28:16,33.36,0.03,13,43356,买盘
1122,10:28:18,33.33,-0.03,1,3333,卖盘
1123,10:28:22,33.35,0.02,15,50002,买盘
1124,10:28:24,33.32,-0.03,43,143293,卖盘
1125,10:28:28,33.35,0.03,45,150011,买盘
1126,10:28:31,33.32,-0.03,69,229928,卖盘
1127,10:28:34,33.33,0.01,2,6666,买盘
1128,10:28:37,33.32,-0.01,20,66640,卖盘
1129,10:28:40,33.3,-0.02,5,16650,卖盘
1130,10:28:43,33.3,0.0,126,419584,卖盘
1131,10:28:46,33.25,-0.05,38,128098,卖盘
1132,10:28:49,33.25,0.0,10,33270,卖盘
1133,10:28:52,33.3,0.05,8,26625,买盘
1134,10:28:55,33.21,-0.09,35,116364,卖盘
1135,10:28:58,33.2,-0.01,26,86323,卖盘
1136,10:29:01,33.2,0.0,6,19925,卖盘
1137,10:29:03,33.2,0.0,25,83001,卖盘
1138,10:29:07,33.2,0.0,23,76362,卖盘
1139,10:29:16,33.17,-0.03,9,29860,卖盘
1140,10:29:19,33.16,-0.01,9,29845,卖盘
1141,10:29:21,33.16,0.0,2,6632,卖盘
1142,10:29:25,33.16,0.0,5,16580,卖盘
1143,10:29:28,33.17,0.01,20,66335,买盘
1144,10:29:31,33.1,-0.07,43,142446,卖盘
1145,10:29:34,33.13,0.03,10,33109,买盘
1146,10:29:36,33.1,-0.03,1,3310,中性盘
1147,10:29:39,33.1,0.0,4,13240,卖盘
1148,10:29:42,33.1,0.0,25,82753,卖盘
1149,10:29:46,33.09,-0.01,5,16545,卖盘
1150,10:29:49,33.09,0.0,2,6619,中性盘
1151,10:29:52,33.09,0.0,8,26475,卖盘
1152,10:29:55,33.06,-0.03,30,99193,卖盘
1153,10:29:58,33.06,0.0,40,132240,买盘
1154,10:30:01,33.05,-0.01,31,102455,卖盘
1155,10:30:04,33.04,-0.01,71,234510,买盘
1156,10:30:06,33.04,0.0,2,6608,买盘
1157,10:30:10,33.02,-0.02,16,52835,卖盘
1158,10:30:13,33.02,0.0,14,46215,买盘
1159,10:30:16,33.0,-0.02,80,264080,卖盘
1160,10:30:19,33.02,0.02,44,145250,买盘
1161,10:30:22,33.0,-0.02,31,102300,卖盘
1162,10:30:25,33.01,0.01,7,23105,中性盘
1163,10:30:28,33.02,0.01,69,227715,买盘
1164,10:30:31,33.0,-0.02,20,66009,卖盘
1165,10:30:33,33.0,0.0,9,29698,买盘
1166,10:30:37,33.0,0.0,2,6600,买盘
1167,10:30:39,32.99,-0.01,13,42887,卖盘
1168,10:30:43,32.99,0.0,10,32990,买盘
1169,10:30:46,32.98,-0.01,15,49473,卖盘
1170,10:30:49,32.96,-0.02,45,146882,卖盘
1171,10:30:52,33.0,0.04,3,9900,中性盘
1172,10:30:55,32.99,-0.01,44,145206,中性盘
1173,10:30:58,33.0,0.01,1,3300,买盘
1174,10:31:01,32.99,-0.01,10,32995,卖盘
1175,10:31:07,32.99,0.0,4,13196,买盘
1176,10:31:09,33.0,0.01,20,65972,买盘
1177,10:31:13,33.0,0.0,34,112199,买盘
1178,10:31:19,33.02,0.02,38,125474,买盘
1179,10:31:22,33.02,0.0,14,46220,买盘
1180,10:31:25,33.02,0.0,6,19812,卖盘
1181,10:31:28,33.01,-0.01,30,99065,卖盘
1182,10:31:31,33.05,0.04,8,26439,买盘
1183,10:31:37,33.05,0.0,1,3305,买盘
1184,10:31:40,33.05,0.0,18,59503,卖盘
1185,10:31:42,33.06,0.01,62,204955,买盘
1186,10:31:52,33.06,0.0,119,393442,卖盘
1187,10:31:58,33.09,0.03,2,6618,买盘
1188,10:32:01,33.09,0.0,6,19854,买盘
1189,10:32:04,33.07,-0.02,90,297702,卖盘
1190,10:32:07,33.07,0.0,9,29763,买盘
1191,10:32:10,33.07,0.0,8,26456,买盘
1192,10:32:13,33.07,0.0,75,247948,买盘
1193,10:32:16,33.09,0.02,6,19844,买盘
1194,10:32:19,33.06,-0.03,41,135574,卖盘
1195,10:32:21,33.06,0.0,2,6612,买盘
1196,10:32:25,33.06,0.0,2,6612,买盘
1197,10:32:28,33.07,0.01,7,23167,卖盘
1198,10:32:31,33.07,0.0,2,6614,卖盘
1199,10:32:34,33.07,0.0,9,29763,卖盘
1200,10:32:46,33.09,0.02,5,16545,卖盘
1201,10:32:49,33.13,0.04,28,92745,买盘
1202,10:32:52,33.13,0.0,2,6626,卖盘
1203,10:32:54,33.1,-0.03,7,23170,卖盘
1204,10:32:58,33.12,0.02,12,39744,买盘
1205,10:33:00,33.1,-0.02,6,19859,卖盘
1206,10:33:04,33.1,0.0,3,9930,买盘
1207,10:33:06,33.12,0.02,21,69519,买盘
1208,10:33:10,33.1,-0.02,25,82727,中性盘
1209,10:33:13,33.1,0.0,12,39726,卖盘
1210,10:33:16,33.12,0.02,9,29784,买盘
1211,10:33:19,33.12,0.0,4,13248,买盘
1212,10:33:21,33.12,0.0,2,6624,卖盘
1213,10:33:25,33.12,0.0,12,39744,卖盘
1214,10:33:28,33.09,-0.03,6,19859,卖盘
1215,10:33:31,33.09,0.0,15,49635,买盘
1216,10:33:34,33.09,0.0,6,19854,买盘
1217,10:33:37,33.09,0.0,12,39708,买盘
1218,10:33:40,33.08,-0.01,16,52940,卖盘
1219,10:33:55,33.09,0.01,2,6618,卖盘
1220,10:33:57,33.12,0.03,12,39744,买盘
1221,10:34:01,33.12,0.0,2,6624,买盘
1222,10:34:04,33.11,-0.01,11,36426,卖盘
1223,10:34:07,33.09,-0.02,15,49642,卖盘
1224,10:34:10,33.13,0.04,1,3313,买盘
1225,10:34:16,33.1,-0.03,6,19863,卖盘
1226,10:34:19,33.15,0.05,15,49714,买盘
1227,10:34:25,33.14,-0.01,15,49710,卖盘
1228,10:34:28,33.1,-0.04,3,9930,卖盘
1229,10:34:34,33.13,0.03,1,3313,中性盘
1230,10:34:37,33.13,0.0,3,9939,卖盘
1231,10:34:40,33.13,0.0,6,19878,卖盘
1232,10:34:46,33.12,-0.01,4,13248,买盘
1233,10:34:48,33.12,0.0,8,26496,卖盘
1234,10:34:51,33.12,0.0,3,9936,卖盘
1235,10:34:55,33.13,0.01,2,6626,买盘
1236,10:34:58,33.12,-0.01,3,9936,卖盘
1237,10:35:01,33.13,0.01,34,112633,买盘
1238,10:35:09,33.14,0.01,2,6628,买盘
1239,10:35:13,33.14,0.0,13,43080,买盘
1240,10:35:16,33.13,-0.01,6,19882,卖盘
1241,10:35:19,33.14,0.01,8,26506,买盘
1242,10:35:22,33.13,-0.01,42,139146,卖盘
1243,10:35:25,33.13,0.0,24,79531,卖盘
1244,10:35:28,33.13,0.0,5,16565,卖盘
1245,10:35:33,33.13,0.0,6,19878,买盘
1246,10:35:40,33.13,0.0,15,49695,买盘
1247,10:35:43,33.11,-0.02,4,13244,卖盘
1248,10:35:46,33.1,-0.01,10,33108,卖盘
1249,10:35:49,33.11,0.01,2,6622,买盘
1250,10:35:52,33.1,-0.01,10,33100,卖盘
1251,10:35:55,33.1,0.0,14,46342,卖盘
1252,10:35:58,33.1,0.0,31,102610,卖盘
1253,10:36:01,33.09,-0.01,17,56255,卖盘
1254,10:36:10,33.08,-0.01,12,39696,卖盘
1255,10:36:16,33.08,0.0,4,13234,卖盘
1256,10:36:22,33.08,0.0,3,9924,买盘
1257,10:36:24,33.05,-0.03,62,205000,卖盘
1258,10:36:34,33.05,0.0,7,23145,卖盘
1259,10:36:37,33.07,0.02,1,3307,买盘
1260,10:36:40,33.05,-0.02,10,33050,卖盘
1261,10:36:43,33.01,-0.04,38,125484,卖盘
1262,10:36:46,33.01,0.0,2,6602,卖盘
1263,10:36:51,33.05,0.04,1,3305,买盘
1264,10:36:55,33.0,-0.05,51,168418,卖盘
1265,10:36:58,33.0,0.0,54,178200,卖盘
1266,10:37:01,33.01,0.01,8,26403,买盘
1267,10:37:04,33.01,0.0,22,72627,买盘
1268,10:37:07,33.01,0.0,1,3301,卖盘
1269,10:37:10,33.05,0.04,24,79254,买盘
1270,10:37:12,33.02,-0.03,12,39650,卖盘
1271,10:37:15,33.07,0.05,5,16515,买盘
1272,10:37:18,33.02,-0.05,1,3302,卖盘
1273,10:37:22,33.05,0.03,14,46237,买盘
1274,10:37:25,33.02,-0.03,4,13208,买盘
1275,10:37:31,33.04,0.02,11,36334,买盘
1276,10:37:34,33.02,-0.02,25,82550,卖盘
1277,10:37:40,33.02,0.0,6,19814,卖盘
1278,10:37:52,33.06,0.04,13,42968,买盘
1279,10:37:55,33.04,-0.02,6,19834,卖盘
1280,10:38:00,33.07,0.03,20,66140,买盘
1281,10:38:04,33.08,0.01,9,29772,买盘
1282,10:38:06,33.08,0.0,6,19853,卖盘
1283,10:38:13,33.09,0.01,12,39703,买盘
1284,10:38:16,33.08,-0.01,6,19848,卖盘
1285,10:38:19,33.1,0.02,29,95938,买盘
1286,10:38:22,33.09,-0.01,1,3309,中性盘
1287,10:38:25,33.1,0.01,3,9930,买盘
1288,10:38:30,33.11,0.01,14,46340,买盘
1289,10:38:33,33.1,-0.01,3,9930,卖盘
1290,10:38:40,33.12,0.02,5,16559,买盘
1291,10:38:42,33.11,-0.01,2,6622,卖盘
1292,10:38:46,33.12,0.01,40,132480,买盘
1293,10:38:48,33.14,0.02,10,33137,买盘
1294,10:38:52,33.15,0.01,13,43087,买盘
1295,10:38:54,33.15,0.0,3,9944,买盘
1296,10:38:58,33.15,0.0,14,46410,买盘
1297,10:39:04,33.17,0.02,8,26530,买盘
1298,10:39:07,33.15,-0.02,30,99454,卖盘
1299,10:39:10,33.19,0.04,1,3319,买盘
1300,10:39:13,33.19,0.0,18,59732,买盘
1301,10:39:16,33.19,0.0,19,63062,卖盘
1302,10:39:19,33.2,0.01,17,56440,买盘
1303,10:39:22,33.2,0.0,1,3320,卖盘
1304,10:39:25,33.22,0.02,6,19928,买盘
1305,10:39:28,33.2,-0.02,40,132808,卖盘
1306,10:39:30,33.24,0.04,1,3324,买盘
1307,10:39:34,33.25,0.01,32,106394,买盘
1308,10:39:37,33.24,-0.01,6,19952,卖盘
1309,10:39:40,33.28,0.04,7,23296,买盘
1310,10:39:43,33.29,0.01,15,49899,买盘
1311,10:39:46,33.3,0.01,32,106551,买盘
1312,10:39:48,33.32,0.02,12,39981,买盘
1313,10:39:52,33.35,0.03,30,100003,买盘
1314,10:39:54,33.37,0.02,9,30024,买盘
1315,10:39:58,33.33,-0.04,15,50033,卖盘
1316,10:40:01,33.36,0.03,4,13350,卖盘
1317,10:40:04,33.38,0.02,63,210292,买盘
1318,10:40:07,33.38,0.0,26,86795,卖盘
1319,10:40:12,33.39,0.01,36,120204,卖盘
1320,10:40:16,33.4,0.01,41,136930,买盘
1321,10:40:19,33.4,0.0,8,26719,买盘
1322,10:40:22,33.43,0.03,11,36766,买盘
1323,10:40:25,33.42,-0.01,5,16702,中性盘
1324,10:40:28,33.44,0.02,9,30089,买盘
1325,10:40:31,33.44,0.0,15,50160,买盘
1326,10:40:34,33.44,0.0,3,10034,卖盘
1327,10:40:37,33.45,0.01,27,90314,买盘
1328,10:40:40,33.46,0.01,33,110385,买盘
1329,10:40:43,33.49,0.03,82,274516,买盘
1330,10:40:46,33.48,-0.01,12,40146,中性盘
1331,10:40:49,33.48,0.0,21,70314,买盘
1332,10:40:51,33.46,-0.02,6,20079,中性盘
1333,10:40:55,33.49,0.03,66,220978,买盘
1334,10:40:57,33.49,0.0,24,80372,买盘
1335,10:41:01,33.49,0.0,28,93708,买盘
1336,10:41:04,33.48,-0.01,4,13394,卖盘
1337,10:41:07,33.49,0.01,123,411947,买盘
1338,10:41:10,33.48,-0.01,29,97071,卖盘
1339,10:41:13,33.48,0.0,9,30132,卖盘
1340,10:41:16,33.5,0.02,24,80380,买盘
1341,10:41:19,33.49,-0.01,36,120577,中性盘
1342,10:41:22,33.49,0.0,32,107149,买盘
1343,10:41:25,33.49,0.0,30,100478,卖盘
1344,10:41:28,33.5,0.01,16,53595,买盘
1345,10:41:31,33.5,0.0,9,30150,买盘
1346,10:41:34,33.5,0.0,61,204338,买盘
1347,10:41:37,33.49,-0.01,11,36848,卖盘
1348,10:41:40,33.49,0.0,37,123941,卖盘
1349,10:41:43,33.5,0.01,75,251249,买盘
1350,10:41:46,33.5,0.0,13,43550,卖盘
1351,10:41:49,33.53,0.03,13,43575,买盘
1352,10:41:52,33.54,0.01,130,435919,买盘
1353,10:41:55,33.54,0.0,22,73789,卖盘
1354,10:41:58,33.56,0.02,34,114059,买盘
1355,10:42:01,33.54,-0.02,23,77199,卖盘
1356,10:42:04,33.56,0.02,7,23492,中性盘
1357,10:42:07,33.58,0.02,34,114164,买盘
1358,10:42:10,33.58,0.0,17,57086,卖盘
1359,10:42:13,33.58,0.0,4,13433,卖盘
1360,10:42:16,33.6,0.02,10,33592,买盘
1361,10:42:19,33.58,-0.02,64,214936,卖盘
1362,10:42:22,33.58,0.0,26,87302,买盘
1363,10:42:25,33.58,0.0,111,372684,买盘
1364,10:42:28,33.6,0.02,94,315716,买盘
1365,10:42:31,33.6,0.0,12,40323,卖盘
1366,10:42:33,33.61,0.01,28,94039,买盘
1367,10:42:37,33.61,0.0,3,10083,卖盘
1368,10:42:40,33.62,0.01,11,36986,买盘
1369,10:42:42,33.63,0.01,11,36979,买盘
1370,10:42:45,33.62,-0.01,36,121041,卖盘
1371,10:42:49,33.65,0.03,77,259072,买盘
1372,10:42:51,33.65,0.0,21,70665,卖盘
1373,10:42:55,33.67,0.02,6,20198,买盘
1374,10:42:58,33.67,0.0,5,16835,买盘
1375,10:43:01,33.68,0.01,26,87581,买盘
1376,10:43:04,33.68,0.0,24,80845,中性盘
1377,10:43:07,33.69,0.01,47,158328,买盘
1378,10:43:10,33.7,0.01,49,165088,买盘
1379,10:43:12,33.69,-0.01,2,6739,卖盘
1380,10:43:16,33.7,0.01,13,43807,买盘
1381,10:43:19,33.69,-0.01,19,64011,卖盘
1382,10:43:22,33.7,0.01,15,50562,卖盘
1383,10:43:25,33.7,0.0,5,16852,卖盘
1384,10:43:28,33.72,0.02,17,57340,买盘
1385,10:43:31,33.71,-0.01,12,40474,卖盘
1386,10:43:34,33.75,0.04,23,77608,买盘
1387,10:43:36,33.72,-0.03,4,13488,卖盘
1388,10:43:39,33.72,0.0,22,74195,卖盘
1389,10:43:43,33.73,0.01,70,236101,买盘
1390,10:43:46,33.73,0.0,42,141646,买盘
1391,10:43:49,33.73,0.0,7,23611,卖盘
1392,10:43:51,33.74,0.01,12,40477,买盘
1393,10:43:55,33.74,0.0,30,101220,买盘
1394,10:43:58,33.75,0.01,4,13497,买盘
1395,10:44:00,33.74,-0.01,18,60740,卖盘
1396,10:44:04,33.75,0.01,54,182238,买盘
1397,10:44:07,33.75,0.0,58,195718,买盘
1398,10:44:10,33.75,0.0,4,13500,卖盘
1399,10:44:13,33.74,-0.01,31,104631,卖盘
1400,10:44:16,33.75,0.01,23,77636,买盘
1401,10:44:19,33.73,-0.02,134,452225,卖盘
1402,10:44:22,33.75,0.02,68,229480,买盘
1403,10:44:24,33.75,0.0,72,243000,卖盘
1404,10:44:28,33.76,0.01,70,236290,买盘
1405,10:44:31,33.76,0.0,55,185645,卖盘
1406,10:44:34,33.8,0.04,128,432367,买盘
1407,10:44:37,33.8,0.0,20,67600,卖盘
1408,10:44:40,33.8,0.0,10,33800,卖盘
1409,10:44:43,33.77,-0.03,27,91249,卖盘
1410,10:44:46,33.8,0.03,75,253476,买盘
1411,10:44:49,33.77,-0.03,31,104729,中性盘
1412,10:44:52,33.82,0.05,281,949744,买盘
1413,10:44:55,33.82,0.0,32,108224,卖盘
1414,10:44:58,33.8,-0.02,18,60867,卖盘
1415,10:45:01,33.77,-0.03,66,223071,卖盘
1416,10:45:04,33.8,0.03,172,581390,买盘
1417,10:45:07,33.8,0.0,17,57480,买盘
1418,10:45:10,33.78,-0.02,20,67578,卖盘
1419,10:45:13,33.8,0.02,13,43948,中性盘
1420,10:45:16,33.8,0.0,10,33800,买盘
1421,10:45:18,33.8,0.0,48,162242,买盘
1422,10:45:22,33.8,0.0,49,165563,卖盘
1423,10:45:25,33.8,0.0,9,30420,买盘
1424,10:45:28,33.81,0.01,22,74355,买盘
1425,10:45:30,33.8,-0.01,51,172390,卖盘
1426,10:45:34,33.81,0.01,25,84501,买盘
1427,10:45:37,33.8,-0.01,87,294108,卖盘
1428,10:45:40,33.8,0.0,31,104784,卖盘
1429,10:45:42,33.8,0.0,34,114920,买盘
1430,10:45:46,33.79,-0.01,30,101388,卖盘
1431,10:45:49,33.79,0.0,35,118323,卖盘
1432,10:45:52,33.8,0.01,72,243244,买盘
1433,10:45:54,33.8,0.0,46,155478,买盘
1434,10:45:58,33.8,0.0,131,442356,买盘
1435,10:46:01,33.77,-0.03,3,10131,中性盘
1436,10:46:04,33.75,-0.02,6,20250,卖盘
1437,10:46:07,33.73,-0.02,20,67467,卖盘
1438,10:46:09,33.75,0.02,12,40502,买盘
1439,10:46:12,33.75,0.0,15,50612,中性盘
1440,10:46:16,33.75,0.0,28,94502,卖盘
1441,10:46:19,33.75,0.0,8,26996,中性盘
1442,10:46:22,33.73,-0.02,3,10121,卖盘
1443,10:46:24,33.72,-0.01,19,64075,卖盘
1444,10:46:27,33.72,0.0,5,16863,卖盘
1445,10:46:31,33.71,-0.01,14,47199,中性盘
1446,10:46:34,33.71,0.0,2,6741,买盘
1447,10:46:36,33.7,-0.01,29,97735,卖盘
1448,10:46:39,33.7,0.0,1,3370,买盘
1449,10:46:46,33.7,0.0,18,60608,买盘
1450,10:46:48,33.66,-0.04,9,30314,卖盘
1451,10:46:51,33.68,0.02,23,77479,买盘
1452,10:46:55,33.66,-0.02,5,16838,卖盘
1453,10:46:58,33.65,-0.01,2,6730,卖盘
1454,10:47:01,33.65,0.0,1,3365,买盘
1455,10:47:04,33.64,-0.01,1,3364,卖盘
1456,10:47:07,33.63,-0.01,29,97546,卖盘
1457,10:47:13,33.61,-0.02,3,10085,卖盘
1458,10:47:16,33.61,0.0,11,36971,卖盘
1459,10:47:18,33.6,-0.01,2,6720,卖盘
1460,10:47:22,33.6,0.0,1,3360,卖盘
1461,10:47:25,33.6,0.0,5,16803,卖盘
1462,10:47:28,33.6,0.0,8,26866,买盘
1463,10:47:33,33.6,0.0,3,10080,买盘
1464,10:47:36,33.6,0.0,13,43680,买盘
1465,10:47:39,33.57,-0.03,28,94046,卖盘
1466,10:47:43,33.6,0.03,36,120900,买盘
1467,10:47:45,33.61,0.01,29,97428,买盘
1468,10:47:49,33.6,-0.01,20,67200,卖盘
1469,10:47:51,33.63,0.03,9,30267,买盘
1470,10:47:54,33.64,0.01,7,23540,买盘
1471,10:47:58,33.59,-0.05,2,6723,卖盘
1472,10:48:01,33.59,0.0,1,3359,买盘
1473,10:48:07,33.63,0.04,21,70569,买盘
1474,10:48:13,33.61,-0.02,2,6722,卖盘
1475,10:48:16,33.61,0.0,2,6722,卖盘
1476,10:48:19,33.62,0.01,42,141224,中性盘
1477,10:48:21,33.63,0.01,1,3363,卖盘
1478,10:48:28,33.63,0.0,2,6726,中性盘
1479,10:48:31,33.64,0.01,12,40366,买盘
1480,10:48:34,33.65,0.01,20,67291,买盘
1481,10:48:37,33.66,0.01,3,10098,买盘
1482,10:48:40,33.67,0.01,22,74041,买盘
1483,10:48:43,33.68,0.01,14,47152,买盘
1484,10:48:45,33.68,0.0,14,47152,买盘
1485,10:48:48,33.7,0.02,3,10110,买盘
1486,10:48:52,33.7,0.0,17,57290,买盘
1487,10:48:55,33.7,0.0,13,43810,买盘
1488,10:48:58,33.7,0.0,3,10110,买盘
1489,10:49:01,33.7,0.0,1,3370,卖盘
1490,10:49:07,33.72,0.02,3,10116,买盘
1491,10:49:09,33.73,0.01,34,114627,买盘
1492,10:49:13,33.73,0.0,1,3373,买盘
1493,10:49:19,33.75,0.02,98,330687,买盘
1494,10:49:21,33.75,0.0,48,162000,卖盘
1495,10:49:25,33.77,0.02,6,20262,买盘
1496,10:49:27,33.78,0.01,2,6756,买盘
1497,10:49:31,33.77,-0.01,5,16889,卖盘
1498,10:49:34,33.8,0.03,41,138481,买盘
1499,10:49:37,33.78,-0.02,5,16890,卖盘
1500,10:49:40,33.8,0.02,7,23660,买盘
1501,10:49:43,33.82,0.02,4,13524,买盘
1502,10:49:46,33.82,0.0,18,60876,买盘
1503,10:49:49,33.83,0.01,8,27063,买盘
1504,10:49:51,33.82,-0.01,12,40587,卖盘
1505,10:49:54,33.85,0.03,26,87975,买盘
1506,10:49:57,33.83,-0.02,5,16918,卖盘
1507,10:50:00,33.85,0.02,184,623030,中性盘
1508,10:50:04,33.89,0.04,3,10166,买盘
1509,10:50:07,33.9,0.01,46,155872,买盘
1510,10:50:09,33.9,0.0,38,128829,买盘
1511,10:50:12,33.94,0.04,33,111977,买盘
1512,10:50:16,33.94,0.0,45,152730,卖盘
1513,10:50:18,33.94,0.0,43,145942,买盘
1514,10:50:22,33.95,0.01,98,332671,买盘
1515,10:50:25,33.93,-0.02,89,302095,卖盘
1516,10:50:27,33.98,0.05,116,394134,买盘
1517,10:50:31,33.97,-0.01,7,23778,中性盘
1518,10:50:33,33.99,0.02,73,248087,买盘
1519,10:50:37,33.98,-0.01,33,112154,卖盘
1520,10:50:40,34.0,0.02,37,125755,买盘
1521,10:50:43,34.0,0.0,24,81595,买盘
1522,10:50:46,34.0,0.0,89,302594,买盘
1523,10:50:49,34.0,0.0,99,336605,买盘
1524,10:50:52,34.01,0.01,2,6802,买盘
1525,10:50:55,34.05,0.04,13,44252,买盘
1526,10:50:58,34.05,0.0,48,163429,买盘
1527,10:51:01,34.05,0.0,23,78369,买盘
1528,10:51:04,34.08,0.03,16,54507,买盘
1529,10:51:07,34.07,-0.01,15,51112,卖盘
1530,10:51:10,34.14,0.07,42,143241,买盘
1531,10:51:13,34.08,-0.06,28,95456,卖盘
1532,10:51:16,34.1,0.02,55,187581,买盘
1533,10:51:19,34.08,-0.02,107,364828,卖盘
1534,10:51:22,34.1,0.02,67,228442,买盘
1535,10:51:25,34.13,0.03,51,173966,买盘
1536,10:51:28,34.11,-0.02,25,85277,卖盘
1537,10:51:31,34.13,0.02,87,296933,买盘
1538,10:51:34,34.14,0.01,8,27305,买盘
1539,10:51:37,34.13,-0.01,115,392533,卖盘
1540,10:51:40,34.14,0.01,35,119456,中性盘
1541,10:51:43,34.15,0.01,91,310699,买盘
1542,10:51:46,34.15,0.0,107,365377,买盘
1543,10:51:49,34.14,-0.01,60,204874,中性盘
1544,10:51:52,34.16,0.02,35,119510,买盘
1545,10:51:55,34.17,0.01,54,184467,买盘
1546,10:51:58,34.16,-0.01,27,92245,卖盘
1547,10:52:01,34.18,0.02,10,34166,买盘
1548,10:52:04,34.19,0.01,78,266529,买盘
1549,10:52:07,34.18,-0.01,70,239230,卖盘
1550,10:52:10,34.2,0.02,41,140172,买盘
1551,10:52:13,34.16,-0.04,51,174346,卖盘
1552,10:52:16,34.2,0.04,84,287260,买盘
1553,10:52:19,34.2,0.0,47,160708,买盘
1554,10:52:22,34.2,0.0,45,153928,买盘
1555,10:52:24,34.2,0.0,38,129951,卖盘
1556,10:52:28,34.24,0.04,68,232801,买盘
1557,10:52:31,34.21,-0.03,26,89094,卖盘
1558,10:52:34,34.27,0.06,14,47946,中性盘
1559,10:52:37,34.29,0.02,21,71973,买盘
1560,10:52:39,34.28,-0.01,32,109703,卖盘
1561,10:52:43,34.29,0.01,68,233149,买盘
1562,10:52:46,34.28,-0.01,65,222868,买盘
1563,10:52:49,34.3,0.02,97,332607,买盘
1564,10:52:51,34.3,0.0,78,267520,买盘
1565,10:52:54,34.3,0.0,98,336053,买盘
1566,10:52:58,34.3,0.0,36,123476,买盘
1567,10:53:01,34.3,0.0,49,168086,卖盘
1568,10:53:04,34.3,0.0,41,140650,卖盘
1569,10:53:07,34.3,0.0,175,600404,卖盘
1570,10:53:10,34.29,-0.01,147,504207,卖盘
1571,10:53:13,34.24,-0.05,98,335779,卖盘
1572,10:53:16,34.2,-0.04,169,578690,卖盘
1573,10:53:19,34.19,-0.01,40,136791,卖盘
1574,10:53:22,34.17,-0.02,15,51260,卖盘
1575,10:53:25,34.16,-0.01,16,54682,卖盘
1576,10:53:28,34.16,0.0,43,146891,卖盘
1577,10:53:31,34.15,-0.01,16,54650,卖盘
1578,10:53:34,34.16,0.01,50,170797,买盘
1579,10:53:37,34.14,-0.02,7,23906,卖盘
1580,10:53:40,34.14,0.0,15,51212,卖盘
1581,10:53:43,34.13,-0.01,54,184325,中性盘
1582,10:53:46,34.11,-0.02,36,122861,卖盘
1583,10:53:49,34.11,0.0,17,57992,卖盘
1584,10:53:52,34.1,-0.01,92,313737,卖盘
1585,10:53:55,34.1,0.0,26,88648,买盘
1586,10:53:58,34.08,-0.02,68,231749,卖盘
1587,10:54:01,34.08,0.0,32,109099,卖盘
1588,10:54:04,34.08,0.0,63,214704,卖盘
1589,10:54:06,34.07,-0.01,34,115871,卖盘
1590,10:54:10,34.07,0.0,25,85201,卖盘
1591,10:54:12,34.07,0.0,14,47698,买盘
1592,10:54:16,34.05,-0.02,33,112373,卖盘
1593,10:54:19,34.04,-0.01,10,34040,卖盘
1594,10:54:22,34.02,-0.02,35,119112,卖盘
1595,10:54:25,34.04,0.02,22,74885,买盘
1596,10:54:28,34.04,0.0,9,30622,买盘
1597,10:54:31,34.03,-0.01,19,64675,中性盘
1598,10:54:33,34.02,-0.01,13,44226,卖盘
1599,10:54:36,34.02,0.0,21,71445,卖盘
1600,10:54:40,34.04,0.02,43,146318,买盘
1601,10:54:42,34.03,-0.01,43,146358,卖盘
1602,10:54:46,34.04,0.01,50,170187,买盘
1603,10:54:52,34.04,0.0,9,30637,卖盘
1604,10:54:55,34.04,0.0,24,81711,卖盘
1605,10:54:58,34.05,0.01,48,163412,买盘
1606,10:55:01,34.05,0.0,29,98743,买盘
1607,10:55:04,34.05,0.0,18,61290,卖盘
1608,10:55:07,34.1,0.05,36,122624,买盘
1609,10:55:10,34.05,-0.05,91,309854,卖盘
1610,10:55:13,34.05,0.0,32,108960,买盘
1611,10:55:16,34.1,0.05,25,85165,买盘
1612,10:55:19,34.1,0.0,1,3410,买盘
1613,10:55:22,34.1,0.0,21,71610,买盘
1614,10:55:25,34.1,0.0,34,115858,买盘
1615,10:55:28,34.1,0.0,2,6820,卖盘
1616,10:55:31,34.1,0.0,22,75029,卖盘
1617,10:55:34,34.1,0.0,10,34107,卖盘
1618,10:55:37,34.11,0.01,3,10233,卖盘
1619,10:55:40,34.13,0.02,32,109212,买盘
1620,10:55:43,34.14,0.01,15,51200,买盘
1621,10:55:46,34.14,0.0,26,88764,买盘
1622,10:55:49,34.14,0.0,36,122904,买盘
1623,10:55:51,34.15,0.01,10,34145,买盘
1624,10:55:55,34.15,0.0,67,228800,买盘
1625,10:55:58,34.15,0.0,15,51225,买盘
1626,10:56:01,34.16,0.01,17,58062,买盘
1627,10:56:04,34.17,0.01,13,44413,买盘
1628,10:56:07,34.16,-0.01,5,17082,卖盘
1629,10:56:10,34.16,0.0,9,30751,卖盘
1630,10:56:13,34.18,0.02,1,3418,买盘
1631,10:56:16,34.18,0.0,4,13672,买盘
1632,10:56:18,34.19,0.01,19,64937,买盘
1633,10:56:22,34.18,-0.01,23,78616,卖盘
1634,10:56:24,34.2,0.02,32,109416,买盘
1635,10:56:28,34.24,0.04,19,64983,买盘
1636,10:56:30,34.2,-0.04,1,3420,中性盘
1637,10:56:33,34.24,0.04,5,17120,买盘
1638,10:56:37,34.23,-0.01,18,61581,中性盘
1639,10:56:40,34.24,0.01,24,82163,买盘
1640,10:56:43,34.24,0.0,9,30816,卖盘
1641,10:56:46,34.24,0.0,14,47951,卖盘
1642,10:56:49,34.28,0.04,58,198756,买盘
1643,10:56:52,34.27,-0.01,16,54830,中性盘
1644,10:56:55,34.28,0.01,166,569048,买盘
1645,10:56:58,34.27,-0.01,20,68548,卖盘
1646,10:57:01,34.27,0.0,57,195463,卖盘
1647,10:57:04,34.3,0.03,17,58304,买盘
1648,10:57:07,34.35,0.05,99,339858,买盘
1649,10:57:09,34.32,-0.03,20,68607,中性盘
1650,10:57:12,34.32,0.0,9,30882,买盘
1651,10:57:15,34.35,0.03,54,185367,买盘
1652,10:57:19,34.36,0.01,60,206301,买盘
1653,10:57:22,34.37,0.01,54,185533,卖盘
1654,10:57:25,34.4,0.03,26,89406,买盘
1655,10:57:28,34.44,0.04,24,82654,买盘
1656,10:57:31,34.45,0.01,62,213354,买盘
1657,10:57:33,34.44,-0.01,40,137779,卖盘
1658,10:57:36,34.48,0.04,118,406503,买盘
1659,10:57:40,34.48,0.0,134,461814,买盘
1660,10:57:43,34.5,0.02,61,210390,买盘
1661,10:57:46,34.5,0.0,90,310487,买盘
1662,10:57:49,34.5,0.0,108,372560,卖盘
1663,10:57:52,34.53,0.03,69,238228,买盘
1664,10:57:55,34.55,0.02,75,259031,买盘
1665,10:57:58,34.56,0.01,359,1238838,买盘
1666,10:58:00,34.57,0.01,38,131330,买盘
1667,10:58:04,34.58,0.01,78,269655,买盘
1668,10:58:07,34.57,-0.01,56,193646,卖盘
1669,10:58:10,34.56,-0.01,66,228173,卖盘
1670,10:58:13,34.56,0.0,111,383683,卖盘
1671,10:58:15,34.5,-0.06,184,635491,卖盘
1672,10:58:18,34.55,0.05,42,145087,中性盘
1673,10:58:21,34.48,-0.07,55,189894,卖盘
1674,10:58:25,34.45,-0.03,23,79294,卖盘
1675,10:58:28,34.48,0.03,21,72381,买盘
1676,10:58:31,34.43,-0.05,35,120564,卖盘
1677,10:58:34,34.4,-0.03,90,309723,卖盘
1678,10:58:37,34.35,-0.05,44,151303,卖盘
1679,10:58:40,34.39,0.04,22,75677,中性盘
1680,10:58:42,34.31,-0.08,10,34346,卖盘
1681,10:58:46,34.35,0.04,27,92714,买盘
1682,10:58:48,34.35,0.0,31,106473,买盘
1683,10:58:52,34.32,-0.03,28,96147,卖盘
1684,10:58:55,34.31,-0.01,102,349970,卖盘
1685,10:58:58,34.32,0.01,58,199146,中性盘
1686,10:59:01,34.31,-0.01,58,199054,卖盘
1687,10:59:04,34.3,-0.01,94,322468,卖盘
1688,10:59:07,34.3,0.0,43,147490,买盘
1689,10:59:10,34.3,0.0,25,85745,买盘
1690,10:59:13,34.32,0.02,75,257217,买盘
1691,10:59:16,34.29,-0.03,27,92574,中性盘
1692,10:59:19,34.29,0.0,20,68577,买盘
1693,10:59:22,34.34,0.05,16,54896,买盘
1694,10:59:25,34.28,-0.06,34,116597,卖盘
1695,10:59:28,34.34,0.06,9,30896,买盘
1696,10:59:31,34.29,-0.05,25,85746,卖盘
1697,10:59:34,34.3,0.01,12,41152,买盘
1698,10:59:37,34.33,0.03,4,13732,买盘
1699,10:59:40,34.31,-0.02,4,13733,卖盘
1700,10:59:43,34.35,0.04,68,233417,买盘
1701,10:59:46,34.34,-0.01,76,260973,卖盘
1702,10:59:49,34.35,0.01,43,147699,买盘
1703,10:59:52,34.35,0.0,25,85866,买盘
1704,10:59:55,34.35,0.0,6,20610,卖盘
1705,10:59:58,34.37,0.02,14,48097,买盘
1706,11:00:01,34.37,0.0,4,13748,卖盘
1707,11:00:04,34.4,0.03,16,55012,买盘
1708,11:00:07,34.4,0.0,35,120339,买盘
1709,11:00:09,34.4,0.0,17,58461,买盘
1710,11:00:13,34.4,0.0,15,51600,卖盘
1711,11:00:16,34.4,0.0,13,44728,卖盘
1712,11:00:19,34.44,0.04,14,48204,买盘
1713,11:00:22,34.44,0.0,60,206456,买盘
1714,11:00:25,34.44,0.0,31,106767,买盘
1715,11:00:28,34.44,0.0,14,48216,卖盘
1716,11:00:31,34.45,0.01,6,20670,买盘
1717,11:00:34,34.44,-0.01,25,86100,卖盘
1718,11:00:37,34.45,0.01,19,65453,买盘
1719,11:00:39,34.47,0.02,18,62051,买盘
1720,11:00:43,34.47,0.0,10,34471,卖盘
1721,11:00:46,34.48,0.01,39,134470,买盘
1722,11:00:52,34.48,0.0,74,255256,卖盘
1723,11:00:55,34.49,0.01,12,41391,中性盘
1724,11:00:58,34.52,0.03,7,24150,买盘
1725,11:01:01,34.49,-0.03,59,203611,卖盘
1726,11:01:04,34.52,0.03,2,6904,卖盘
1727,11:01:07,34.54,0.02,82,283090,买盘
1728,11:01:09,34.54,0.0,109,376629,买盘
1729,11:01:13,34.55,0.01,53,183066,买盘
1730,11:01:15,34.52,-0.03,65,224480,卖盘
1731,11:01:19,34.52,0.0,10,34536,卖盘
1732,11:01:21,34.54,0.02,218,752580,买盘
1733,11:01:24,34.5,-0.04,33,113915,卖盘
1734,11:01:28,34.55,0.05,50,172664,买盘
1735,11:01:31,34.54,-0.01,29,100128,中性盘
1736,11:01:34,34.55,0.01,65,224419,买盘
1737,11:01:37,34.53,-0.02,47,162245,中性盘
1738,11:01:40,34.51,-0.02,45,155342,卖盘
1739,11:01:43,34.51,0.0,32,110474,卖盘
1740,11:01:46,34.5,-0.01,11,37960,卖盘
1741,11:01:49,34.5,0.0,25,86255,卖盘
1742,11:01:52,34.5,0.0,69,238089,卖盘
1743,11:01:55,34.51,0.01,234,807316,买盘
1744,11:01:58,34.51,0.0,67,231192,卖盘
1745,11:02:01,34.5,-0.01,18,62091,买盘
1746,11:02:03,34.51,0.01,131,452045,买盘
1747,11:02:06,34.5,-0.01,34,117324,卖盘
1748,11:02:10,34.5,0.0,96,331213,卖盘
1749,11:02:13,34.5,0.0,38,131119,卖盘
1750,11:02:16,34.48,-0.02,49,169031,卖盘
1751,11:02:19,34.49,0.01,44,151720,买盘
1752,11:02:22,34.45,-0.04,53,182647,卖盘
1753,11:02:25,34.44,-0.01,6,20664,卖盘
1754,11:02:28,34.41,-0.03,27,92985,卖盘
1755,11:02:30,34.4,-0.01,35,120543,卖盘
1756,11:02:34,34.4,0.0,11,37833,买盘
1757,11:02:37,34.38,-0.02,21,72210,卖盘
1758,11:02:40,34.38,0.0,2,6876,卖盘
1759,11:02:42,34.35,-0.03,16,54970,卖盘
1760,11:02:45,34.36,0.01,15,51520,买盘
1761,11:02:48,34.34,-0.02,6,20604,卖盘
1762,11:02:52,34.3,-0.04,52,178414,卖盘
1763,11:02:54,34.25,-0.05,32,109711,卖盘
1764,11:02:57,34.25,0.0,30,102755,卖盘
1765,11:03:01,34.25,0.0,2,6850,卖盘
1766,11:03:04,34.25,0.0,9,30829,卖盘
1767,11:03:07,34.2,-0.05,26,89040,卖盘
1768,11:03:10,34.2,0.0,21,71932,卖盘
1769,11:03:12,34.25,0.05,6,20548,买盘
1770,11:03:15,34.2,-0.05,11,37678,卖盘
1771,11:03:22,34.22,0.02,25,85508,中性盘
1772,11:03:25,34.2,-0.02,5,17100,买盘
1773,11:03:27,34.2,0.0,57,194921,卖盘
1774,11:03:30,34.21,0.01,19,64999,卖盘
1775,11:03:34,34.2,-0.01,48,164194,卖盘
1776,11:03:37,34.2,0.0,15,51295,买盘
1777,11:03:40,34.18,-0.02,11,37605,卖盘
1778,11:03:45,34.19,0.01,24,82090,卖盘
1779,11:03:49,34.22,0.03,15,51324,买盘
1780,11:03:52,34.22,0.0,20,68450,卖盘
1781,11:03:55,34.2,-0.02,71,242921,卖盘
1782,11:03:58,34.21,0.01,1,3421,中性盘
1783,11:04:01,34.21,0.0,13,44474,卖盘
1784,11:04:04,34.22,0.01,37,126587,买盘
1785,11:04:07,34.22,0.0,4,13686,买盘
1786,11:04:10,34.21,-0.01,52,177965,卖盘
1787,11:04:13,34.23,0.02,26,88970,买盘
1788,11:04:16,34.25,0.02,7,23967,买盘
1789,11:04:18,34.27,0.02,19,65111,买盘
1790,11:04:25,34.27,0.0,2,6854,买盘
1791,11:04:27,34.27,0.0,24,82242,买盘
1792,11:04:30,34.27,0.0,12,41124,买盘
1793,11:04:33,34.28,0.01,3,10284,中性盘
1794,11:04:37,34.28,0.0,32,109729,卖盘
1795,11:04:43,34.25,-0.03,58,198732,卖盘
1796,11:04:46,34.3,0.05,61,208960,买盘
1797,11:04:48,34.28,-0.02,1,3428,买盘
1798,11:04:52,34.3,0.02,10,34284,买盘
1799,11:04:54,34.25,-0.05,7,23975,卖盘
1800,11:04:57,34.28,0.03,3,10284,买盘
1801,11:05:00,34.28,0.0,1,3428,买盘
1802,11:05:04,34.28,0.0,5,17138,中性盘
1803,11:05:07,34.28,0.0,15,51420,卖盘
1804,11:05:10,34.28,0.0,1,3428,卖盘
1805,11:05:12,34.3,0.02,11,37728,买盘
1806,11:05:18,34.28,-0.02,5,17144,卖盘
1807,11:05:22,34.29,0.01,1,3429,买盘
1808,11:05:28,34.3,0.01,25,85716,买盘
1809,11:05:31,34.28,-0.02,29,99436,卖盘
1810,11:05:34,34.28,0.0,67,229676,卖盘
1811,11:05:37,34.28,0.0,34,116552,买盘
1812,11:05:39,34.25,-0.03,112,383676,卖盘
1813,11:05:46,34.3,0.05,16,54895,卖盘
1814,11:05:49,34.29,-0.01,12,41158,卖盘
1815,11:05:54,34.29,0.0,4,13716,卖盘
1816,11:05:58,34.3,0.01,6,20576,买盘
1817,11:06:00,34.3,0.0,97,332376,买盘
1818,11:06:04,34.28,-0.02,3,10284,买盘
1819,11:06:07,34.22,-0.06,145,496480,卖盘
1820,11:06:09,34.22,0.0,10,34218,买盘
1821,11:06:13,34.22,0.0,2,6844,买盘
1822,11:06:16,34.22,0.0,20,68428,买盘
1823,11:06:18,34.21,-0.01,8,27374,卖盘
1824,11:06:21,34.2,-0.01,18,61573,卖盘
1825,11:06:24,34.2,0.0,33,112860,卖盘
1826,11:06:27,34.2,0.0,69,235920,卖盘
1827,11:06:30,34.2,0.0,57,194940,买盘
1828,11:06:34,34.19,-0.01,7,23929,买盘
1829,11:06:37,34.18,-0.01,9,30762,卖盘
1830,11:06:40,34.15,-0.03,11,37583,卖盘
1831,11:06:43,34.15,0.0,8,27320,卖盘
1832,11:06:49,34.15,0.0,7,23899,买盘
1833,11:06:52,34.15,0.0,21,71712,买盘
1834,11:06:54,34.11,-0.04,12,40972,卖盘
1835,11:06:57,34.1,-0.01,71,242178,卖盘
1836,11:07:00,34.08,-0.02,9,30676,卖盘
1837,11:07:07,34.08,0.0,3,10224,卖盘
1838,11:07:10,34.08,0.0,19,64765,卖盘
1839,11:07:13,34.06,-0.02,67,228054,中性盘
1840,11:07:19,34.05,-0.01,2,6810,买盘
1841,11:07:22,34.07,0.02,20,68115,买盘
1842,11:07:24,34.07,0.0,20,68140,卖盘
1843,11:07:27,34.08,0.01,25,85180,买盘
1844,11:07:30,34.07,-0.01,19,64743,卖盘
1845,11:07:34,34.07,0.0,15,51112,卖盘
1846,11:07:37,34.1,0.03,35,119293,买盘
1847,11:07:40,34.13,0.03,9,30700,买盘
1848,11:07:43,34.1,-0.03,18,61380,卖盘
1849,11:07:49,34.1,0.0,1,3410,卖盘
1850,11:07:51,34.1,0.0,5,17050,卖盘
1851,11:07:55,34.1,0.0,1,3410,卖盘
1852,11:07:58,34.13,0.03,2,6826,买盘
1853,11:08:00,34.11,-0.02,5,17052,中性盘
1854,11:08:04,34.1,-0.01,5,17054,卖盘
1855,11:08:06,34.13,0.03,3,10239,买盘
1856,11:08:10,34.08,-0.05,57,194363,卖盘
1857,11:08:13,34.1,0.02,2,6820,买盘
1858,11:08:16,34.13,0.03,59,201205,买盘
1859,11:08:19,34.13,0.0,20,68260,卖盘
1860,11:08:22,34.13,0.0,71,242323,卖盘
1861,11:08:25,34.13,0.0,2,6826,买盘
1862,11:08:31,34.11,-0.02,10,34110,卖盘
1863,11:08:33,34.14,0.03,27,92152,买盘
1864,11:08:37,34.13,-0.01,5,17065,卖盘
1865,11:08:40,34.14,0.01,4,13656,买盘
1866,11:08:43,34.14,0.0,79,269650,买盘
1867,11:08:46,34.13,-0.01,103,351485,卖盘
1868,11:08:49,34.14,0.01,5,17069,买盘
1869,11:08:52,34.14,0.0,66,225292,买盘
1870,11:08:54,34.14,0.0,17,58038,卖盘
1871,11:09:01,34.14,0.0,2,6828,卖盘
1872,11:09:04,34.19,0.05,37,126463,买盘
1873,11:09:07,34.2,0.01,7,23935,买盘
1874,11:09:09,34.19,-0.01,9,30775,卖盘
1875,11:09:13,34.2,0.01,3,10260,买盘
1876,11:09:16,34.19,-0.01,1,3419,卖盘
1877,11:09:19,34.2,0.01,41,140202,买盘
1878,11:09:25,34.15,-0.05,28,95654,卖盘
1879,11:09:28,34.19,0.04,61,208475,买盘
1880,11:09:34,34.18,-0.01,3,10254,卖盘
1881,11:09:36,34.19,0.01,9,30771,买盘
1882,11:09:40,34.18,-0.01,36,123048,卖盘
1883,11:09:43,34.18,0.0,23,78614,卖盘
1884,11:09:46,34.19,0.01,30,102559,买盘
1885,11:09:55,34.18,-0.01,5,17090,买盘
1886,11:09:58,34.18,0.0,13,44401,买盘
1887,11:10:01,34.18,0.0,4,13672,买盘
1888,11:10:04,34.19,0.01,17,58121,买盘
1889,11:10:07,34.18,-0.01,13,44442,卖盘
1890,11:10:10,34.18,0.0,19,64943,卖盘
1891,11:10:13,34.18,0.0,5,17090,中性盘
1892,11:10:16,34.18,0.0,41,140010,中性盘
1893,11:10:22,34.15,-0.03,2,6830,买盘
1894,11:10:25,34.14,-0.01,82,279967,卖盘
1895,11:10:28,34.14,0.0,1,3414,卖盘
1896,11:10:30,34.14,0.0,4,13656,买盘
1897,11:10:34,34.14,0.0,16,54619,买盘
1898,11:10:37,34.18,0.04,60,204981,买盘
1899,11:10:40,34.1,-0.08,30,102310,卖盘
1900,11:10:43,34.16,0.06,16,54649,买盘
1901,11:10:46,34.18,0.02,3,10250,买盘
1902,11:10:49,34.18,0.0,40,136613,买盘
1903,11:10:55,34.2,0.02,277,947058,买盘
1904,11:11:01,34.13,-0.07,1,3413,卖盘
1905,11:11:04,34.15,0.02,20,68300,买盘
1906,11:11:07,34.15,0.0,69,235835,卖盘
1907,11:11:09,34.21,0.06,1,3421,买盘
1908,11:11:13,34.15,-0.06,3,10245,卖盘
1909,11:11:22,34.15,0.0,30,102459,卖盘
1910,11:11:24,34.18,0.03,12,40996,买盘
1911,11:11:27,34.18,0.0,3,10254,买盘
1912,11:11:30,34.16,-0.02,10,34160,卖盘
1913,11:11:34,34.18,0.02,2,6836,买盘
1914,11:11:37,34.2,0.02,11,37605,买盘
1915,11:11:40,34.2,0.0,2,6840,买盘
1916,11:11:43,34.19,-0.01,51,174247,中性盘
1917,11:11:46,34.19,0.0,11,37609,卖盘
1918,11:11:49,34.2,0.01,54,184590,买盘
1919,11:11:51,34.2,0.0,53,181183,买盘
1920,11:11:55,34.18,-0.02,47,160698,卖盘
1921,11:11:58,34.19,0.01,1,3419,买盘
1922,11:12:01,34.21,0.02,34,116298,买盘
1923,11:12:04,34.21,0.0,12,41068,卖盘
1924,11:12:13,34.19,-0.02,10,34211,卖盘
1925,11:12:16,34.2,0.01,1,3420,买盘
1926,11:12:19,34.21,0.01,10,34210,卖盘
1927,11:12:27,34.29,0.08,1,3429,买盘
1928,11:12:30,34.19,-0.1,102,348895,卖盘
1929,11:12:36,34.25,0.06,8,27400,买盘
1930,11:12:46,34.25,0.0,1,3425,买盘
1931,11:12:52,34.21,-0.04,20,68429,卖盘
1932,11:12:54,34.25,0.04,10,34250,买盘
1933,11:13:00,34.21,-0.04,4,13692,卖盘
1934,11:13:04,34.25,0.04,2,6850,买盘
1935,11:13:09,34.25,0.0,12,41100,买盘
1936,11:13:12,34.25,0.0,28,95900,买盘
1937,11:13:15,34.25,0.0,3,10275,卖盘
1938,11:13:19,34.25,0.0,54,184950,卖盘
1939,11:13:24,34.27,0.02,2,6852,买盘
1940,11:13:27,34.27,0.0,82,280865,买盘
1941,11:13:34,34.27,0.0,20,68559,卖盘
1942,11:13:37,34.28,0.01,16,54837,买盘
1943,11:13:40,34.28,0.0,1,3428,卖盘
1944,11:13:42,34.29,0.01,4,13716,买盘
1945,11:13:46,34.29,0.0,4,13716,卖盘
1946,11:13:54,34.3,0.01,45,154350,买盘
1947,11:13:58,34.3,0.0,2,6860,卖盘
1948,11:14:04,34.3,0.0,1,3430,卖盘
1949,11:14:06,34.3,0.0,1,3430,卖盘
1950,11:14:10,34.3,0.0,29,99470,卖盘
1951,11:14:13,34.3,0.0,18,61740,卖盘
1952,11:14:16,34.33,0.03,86,294901,买盘
1953,11:14:21,34.33,0.0,12,41166,买盘
1954,11:14:27,34.34,0.01,5,17170,买盘
1955,11:14:31,34.32,-0.02,24,82361,卖盘
1956,11:14:37,34.3,-0.02,18,61774,卖盘
1957,11:14:43,34.32,0.02,3,10296,买盘
1958,11:14:46,34.32,0.0,4,13728,买盘
1959,11:14:49,34.32,0.0,19,65208,卖盘
1960,11:14:52,34.32,0.0,30,102989,卖盘
1961,11:14:55,34.33,0.01,11,37763,买盘
1962,11:14:58,34.32,-0.01,3,10296,卖盘
1963,11:15:01,34.32,0.0,64,219652,卖盘
1964,11:15:04,34.32,0.0,23,78938,卖盘
1965,11:15:10,34.32,0.0,17,58348,卖盘
1966,11:15:16,34.34,0.02,60,206031,买盘
1967,11:15:22,34.32,-0.02,40,137280,卖盘
1968,11:15:28,34.3,-0.02,5,17150,卖盘
1969,11:15:30,34.3,0.0,4,13720,卖盘
1970,11:15:33,34.32,0.02,97,332904,买盘
1971,11:15:37,34.32,0.0,12,41185,卖盘
1972,11:15:40,34.32,0.0,6,20592,卖盘
1973,11:15:43,34.32,0.0,33,113267,卖盘
1974,11:15:46,34.32,0.0,4,13728,买盘
1975,11:15:49,34.3,-0.02,39,133770,卖盘
1976,11:15:51,34.31,0.01,52,178410,买盘
1977,11:15:55,34.28,-0.03,120,411474,卖盘
1978,11:15:57,34.27,-0.01,29,99408,卖盘
1979,11:16:01,34.25,-0.02,19,65080,卖盘
1980,11:16:04,34.25,0.0,10,34250,买盘
1981,11:16:10,34.2,-0.05,2,6840,卖盘
1982,11:16:12,34.2,0.0,12,41040,卖盘
1983,11:16:16,34.2,0.0,5,17100,买盘
1984,11:16:22,34.19,-0.01,3,10257,卖盘
1985,11:16:25,34.19,0.0,35,119688,卖盘
1986,11:16:28,34.2,0.01,22,75220,买盘
1987,11:16:30,34.19,-0.01,4,13676,卖盘
1988,11:16:33,34.18,-0.01,11,37606,卖盘
1989,11:16:37,34.16,-0.02,17,58102,卖盘
1990,11:16:40,34.17,0.01,4,13666,中性盘
1991,11:16:43,34.14,-0.03,58,198117,卖盘
1992,11:16:48,34.14,0.0,1,3414,卖盘
1993,11:16:54,34.14,0.0,6,20484,卖盘
1994,11:16:58,34.14,0.0,5,17070,卖盘
1995,11:17:00,34.14,0.0,9,30729,卖盘
1996,11:17:04,34.13,-0.01,32,109224,卖盘
1997,11:17:07,34.14,0.01,7,23893,买盘
1998,11:17:13,34.13,-0.01,14,47783,卖盘
1999,11:17:16,34.13,0.0,5,17065,买盘
2000,11:17:19,34.13,0.0,5,17065,买盘
2001,11:17:22,34.11,-0.02,8,27288,卖盘
2002,11:17:34,34.11,0.0,11,37521,卖盘
2003,11:17:37,34.12,0.01,8,27292,中性盘
2004,11:17:40,34.13,0.01,32,109216,买盘
2005,11:17:43,34.13,0.0,10,34130,卖盘
2006,11:17:46,34.13,0.0,2,6826,卖盘
2007,11:17:49,34.14,0.01,90,307174,买盘
2008,11:17:51,34.14,0.0,10,34137,买盘
2009,11:17:54,34.13,-0.01,17,58022,卖盘
2010,11:18:07,34.13,0.0,6,20478,卖盘
2011,11:18:10,34.13,0.0,81,276471,卖盘
2012,11:18:13,34.13,0.0,4,13652,卖盘
2013,11:18:19,34.13,0.0,3,10239,卖盘
2014,11:18:28,34.13,0.0,5,17065,卖盘
2015,11:18:31,34.19,0.06,30,102555,买盘
2016,11:18:37,34.13,-0.06,17,58021,卖盘
2017,11:18:48,34.19,0.06,3,10257,中性盘
2018,11:18:52,34.19,0.0,8,27352,买盘
2019,11:18:55,34.15,-0.04,3,10245,卖盘
2020,11:18:58,34.19,0.04,50,170710,买盘
2021,11:19:01,34.19,0.0,5,17095,买盘
2022,11:19:10,34.18,-0.01,8,27345,中性盘
2023,11:19:13,34.18,0.0,6,20498,买盘
2024,11:19:16,34.16,-0.02,7,23925,卖盘
2025,11:19:19,34.18,0.02,31,105958,买盘
2026,11:19:22,34.18,0.0,59,201684,卖盘
2027,11:19:25,34.19,0.01,8,27352,买盘
2028,11:19:28,34.19,0.0,26,88869,买盘
2029,11:19:31,34.19,0.0,49,167524,买盘
2030,11:19:33,34.19,0.0,6,20514,买盘
2031,11:19:40,34.2,0.01,64,218880,买盘
2032,11:19:43,34.2,0.0,1,3420,卖盘
2033,11:19:46,34.26,0.06,14,47962,买盘
2034,11:19:49,34.19,-0.07,75,256514,卖盘
2035,11:19:52,34.19,0.0,1,3419,卖盘
2036,11:19:55,34.19,0.0,10,34190,卖盘
2037,11:19:58,34.2,0.01,40,136800,中性盘
2038,11:20:00,34.2,0.0,48,164160,买盘
2039,11:20:04,34.2,0.0,8,27360,买盘
2040,11:20:10,34.2,0.0,5,17100,买盘
2041,11:20:13,34.2,0.0,36,123120,买盘
2042,11:20:16,34.19,-0.01,50,170967,卖盘
2043,11:20:18,34.2,0.01,1,3420,卖盘
2044,11:20:25,34.2,0.0,3,10261,卖盘
2045,11:20:28,34.2,0.0,6,20525,卖盘
2046,11:20:31,34.25,0.05,6,20550,买盘
2047,11:20:34,34.22,-0.03,5,17107,买盘
2048,11:20:36,34.25,0.03,4,13700,买盘
2049,11:20:40,34.2,-0.05,63,215481,卖盘
2050,11:20:46,34.2,0.0,2,6840,买盘
2051,11:20:49,34.2,0.0,20,68400,买盘
2052,11:20:52,34.22,0.02,2,6844,买盘
2053,11:20:54,34.2,-0.02,78,266740,卖盘
2054,11:21:00,34.2,0.0,2,6840,买盘
2055,11:21:04,34.2,0.0,3,10260,买盘
2056,11:21:06,34.2,0.0,7,23940,买盘
2057,11:21:10,34.2,0.0,1,3420,买盘
2058,11:21:13,34.2,0.0,19,64972,买盘
2059,11:21:15,34.19,-0.01,3,10257,卖盘
2060,11:21:19,34.19,0.0,37,126507,卖盘
2061,11:21:22,34.19,0.0,14,47867,卖盘
2062,11:21:31,34.2,0.01,16,54707,买盘
2063,11:21:34,34.2,0.0,12,41038,买盘
2064,11:21:40,34.18,-0.02,2,6836,卖盘
2065,11:21:45,34.19,0.01,2,6838,买盘
2066,11:21:49,34.18,-0.01,7,23928,卖盘
2067,11:21:52,34.19,0.01,2,6838,买盘
2068,11:21:55,34.18,-0.01,30,102558,卖盘
2069,11:22:01,34.17,-0.01,15,51255,卖盘
2070,11:22:04,34.17,0.0,1,3417,卖盘
2071,11:22:07,34.17,0.0,3,10251,卖盘
2072,11:22:09,34.18,0.01,49,167482,买盘
2073,11:22:16,34.17,-0.01,88,300779,卖盘
2074,11:22:18,34.18,0.01,3,10254,买盘
2075,11:22:22,34.17,-0.01,5,17085,卖盘
2076,11:22:25,34.17,0.0,1,3417,卖盘
2077,11:22:28,34.18,0.01,33,112777,买盘
2078,11:22:31,34.18,0.0,7,23926,买盘
2079,11:22:36,34.17,-0.01,1,3417,买盘
2080,11:22:40,34.18,0.01,37,126466,买盘
2081,11:22:43,34.18,0.0,14,47852,卖盘
2082,11:22:46,34.18,0.0,1,3418,卖盘
2083,11:22:49,34.18,0.0,49,167482,卖盘
2084,11:22:52,34.17,-0.01,1,3417,卖盘
2085,11:22:55,34.18,0.01,6,20508,买盘
2086,11:22:58,34.17,-0.01,7,23919,卖盘
2087,11:23:00,34.17,0.0,1,3417,卖盘
2088,11:23:04,34.19,0.02,58,198257,买盘
2089,11:23:06,34.19,0.0,9,30771,卖盘
2090,11:23:09,34.2,0.01,8,27360,买盘
2091,11:23:13,34.19,-0.01,8,27352,卖盘
2092,11:23:16,34.17,-0.02,3,10251,卖盘
2093,11:23:19,34.17,0.0,3,10251,卖盘
2094,11:23:28,34.17,0.0,1,3417,卖盘
2095,11:23:31,34.17,0.0,7,23919,卖盘
2096,11:23:40,34.18,0.01,1,3418,买盘
2097,11:23:42,34.18,0.0,2,6836,买盘
2098,11:23:46,34.17,-0.01,2,6834,卖盘
2099,11:23:48,34.18,0.01,15,51270,买盘
2100,11:23:55,34.19,0.01,2,6838,买盘
2101,11:23:58,34.18,-0.01,34,116218,卖盘
2102,11:24:01,34.18,0.0,14,47852,卖盘
2103,11:24:04,34.18,0.0,2,6837,卖盘
2104,11:24:06,34.18,0.0,28,95718,卖盘
2105,11:24:19,34.2,0.02,2,6839,买盘
2106,11:24:25,34.2,0.0,34,116280,买盘
2107,11:24:28,34.2,0.0,10,34200,卖盘
2108,11:24:30,34.2,0.0,30,102611,卖盘
2109,11:24:37,34.21,0.01,44,150524,卖盘
2110,11:24:40,34.25,0.04,5,17125,买盘
2111,11:24:42,34.25,0.0,24,82200,买盘
2112,11:24:46,34.25,0.0,3,10275,卖盘
2113,11:24:49,34.26,0.01,13,44538,买盘
2114,11:24:51,34.26,0.0,23,78778,买盘
2115,11:24:54,34.26,0.0,22,75372,买盘
2116,11:24:57,34.25,-0.01,22,75352,卖盘
2117,11:25:01,34.32,0.07,39,133772,买盘
2118,11:25:04,34.26,-0.06,2,6852,卖盘
2119,11:25:07,34.32,0.06,11,37752,买盘
2120,11:25:13,34.3,-0.02,4,13720,买盘
2121,11:25:16,34.3,0.0,11,37730,买盘
2122,11:25:19,34.28,-0.02,25,85742,卖盘
2123,11:25:22,34.3,0.02,20,68582,买盘
2124,11:25:24,34.3,0.0,2,6860,买盘
2125,11:25:27,34.3,0.0,17,58315,买盘
2126,11:25:34,34.31,0.01,1,3431,买盘
2127,11:25:37,34.31,0.0,2,6862,卖盘
2128,11:25:40,34.32,0.01,28,96096,买盘
2129,11:25:43,34.33,0.01,6,20598,买盘
2130,11:25:46,34.33,0.0,12,41195,买盘
2131,11:25:55,34.33,0.0,13,44622,买盘
2132,11:25:58,34.33,0.0,13,44627,买盘
2133,11:26:00,34.33,0.0,24,82387,卖盘
2134,11:26:03,34.33,0.0,26,89258,买盘
2135,11:26:07,34.33,0.0,3,10299,买盘
2136,11:26:09,34.33,0.0,40,137319,买盘
2137,11:26:13,34.33,0.0,7,24027,买盘
2138,11:26:16,34.33,0.0,4,13732,买盘
2139,11:26:19,34.32,-0.01,1,3432,卖盘
2140,11:26:21,34.32,0.0,10,34325,卖盘
2141,11:26:28,34.31,-0.01,1,3431,卖盘
2142,11:26:34,34.32,0.01,40,137280,买盘
2143,11:26:37,34.31,-0.01,4,13724,卖盘
2144,11:26:40,34.3,-0.01,20,68611,卖盘
2145,11:26:43,34.32,0.02,76,260822,买盘
2146,11:26:45,34.32,0.0,2,6864,卖盘
2147,11:26:48,34.32,0.0,122,418803,卖盘
2148,11:26:51,34.32,0.0,17,58344,卖盘
2149,11:26:55,34.32,0.0,15,51493,卖盘
2150,11:27:00,34.32,0.0,40,137220,买盘
2151,11:27:07,34.3,-0.02,11,37730,卖盘
2152,11:27:09,34.3,0.0,9,30870,卖盘
2153,11:27:13,34.3,0.0,18,61740,卖盘
2154,11:27:19,34.3,0.0,5,17150,买盘
2155,11:27:22,34.28,-0.02,10,34280,卖盘
2156,11:27:28,34.28,0.0,2,6856,卖盘
2157,11:27:31,34.28,0.0,4,13712,卖盘
2158,11:27:37,34.28,0.0,6,20568,卖盘
2159,11:27:39,34.28,0.0,5,17140,中性盘
2160,11:27:43,34.28,0.0,11,37718,卖盘
2161,11:27:45,34.28,0.0,6,20568,卖盘
2162,11:27:51,34.28,0.0,5,17140,买盘
2163,11:27:55,34.28,0.0,1,3428,买盘
2164,11:28:01,34.27,-0.01,2,6854,卖盘
2165,11:28:04,34.27,0.0,2,6854,卖盘
2166,11:28:06,34.28,0.01,3,10283,买盘
2167,11:28:09,34.28,0.0,5,17140,买盘
2168,11:28:12,34.26,-0.02,42,143907,卖盘
2169,11:28:25,34.25,-0.01,2,6850,卖盘
2170,11:28:27,34.26,0.01,21,71945,买盘
2171,11:28:36,34.25,-0.01,5,17128,卖盘
2172,11:28:40,34.26,0.01,1,3426,买盘
2173,11:28:43,34.25,-0.01,5,17125,卖盘
2174,11:28:46,34.25,0.0,30,102760,卖盘
2175,11:28:49,34.25,0.0,1,3425,卖盘
2176,11:28:51,34.25,0.0,10,34250,卖盘
2177,11:28:54,34.26,0.01,10,34260,买盘
2178,11:28:58,34.25,-0.01,4,13702,卖盘
2179,11:29:00,34.25,0.0,24,82200,卖盘
2180,11:29:04,34.25,0.0,1,3425,买盘
2181,11:29:24,34.25,0.0,59,202072,买盘
2182,11:29:27,34.25,0.0,33,113025,买盘
2183,11:29:30,34.25,0.0,14,47950,卖盘
2184,11:29:33,34.25,0.0,18,61650,卖盘
2185,11:29:37,34.26,0.01,8,27408,买盘
2186,11:29:45,34.26,0.0,73,250059,买盘
2187,11:29:49,34.26,0.0,10,34260,买盘
2188,11:29:57,34.26,0.0,2,6852,买盘
2189,11:30:01,34.26,0.0,10,34260,买盘
2190,13:00:04,34.3,0.04,186,637711,买盘
2191,13:00:07,34.3,0.0,3,10290,卖盘
2192,13:00:15,34.31,0.01,1,3431,买盘
2193,13:00:18,34.31,0.0,2,6862,买盘
2194,13:00:22,34.3,-0.01,5,17150,卖盘
2195,13:00:24,34.31,0.01,11,37737,买盘
2196,13:00:27,34.31,0.0,7,24017,买盘
2197,13:00:30,34.32,0.01,34,116670,买盘
2198,13:00:33,34.32,0.0,25,85800,买盘
2199,13:00:42,34.31,-0.01,3,10293,买盘
2200,13:00:48,34.32,0.01,11,37749,买盘
2201,13:00:51,34.32,0.0,4,13728,卖盘
2202,13:00:54,34.33,0.01,9,30897,买盘
2203,13:01:00,34.35,0.02,53,182005,买盘
2204,13:01:04,34.35,0.0,16,54960,买盘
2205,13:01:06,34.33,-0.02,4,13735,卖盘
2206,13:01:12,34.35,0.02,44,151140,买盘
2207,13:01:16,34.35,0.0,1,3435,卖盘
2208,13:01:18,34.35,0.0,10,34350,卖盘
2209,13:01:21,34.35,0.0,2,6870,卖盘
2210,13:01:24,34.36,0.01,11,37796,买盘
2211,13:01:27,34.35,-0.01,1,3435,卖盘
2212,13:01:30,34.35,0.0,15,51525,卖盘
2213,13:01:36,34.34,-0.01,6,20609,卖盘
2214,13:01:42,34.36,0.02,3,10308,买盘
2215,13:01:45,34.36,0.0,3,10306,买盘
2216,13:01:48,34.36,0.0,1,3436,买盘
2217,13:01:51,34.36,0.0,1,3436,卖盘
2218,13:01:54,34.36,0.0,1,3436,买盘
2219,13:02:01,34.35,-0.01,5,17175,卖盘
2220,13:02:04,34.36,0.01,7,24046,买盘
2221,13:02:10,34.35,-0.01,6,20610,买盘
2222,13:02:12,34.35,0.0,18,61814,买盘
2223,13:02:27,34.35,0.0,9,30909,买盘
2224,13:02:30,34.33,-0.02,15,51517,卖盘
2225,13:02:39,34.33,0.0,11,37756,买盘
2226,13:02:43,34.32,-0.01,1,3432,卖盘
2227,13:02:54,34.32,0.0,5,17161,买盘
2228,13:03:01,34.32,0.0,8,27456,卖盘
2229,13:03:04,34.32,0.0,5,17160,卖盘
2230,13:03:07,34.32,0.0,8,27456,卖盘
2231,13:03:09,34.31,-0.01,28,96080,卖盘
2232,13:03:12,34.32,0.01,1,3432,买盘
2233,13:03:18,34.31,-0.01,68,233310,卖盘
2234,13:03:24,34.31,0.0,4,13724,卖盘
2235,13:03:30,34.31,0.0,1,3431,买盘
2236,13:03:34,34.33,0.02,29,99538,买盘
2237,13:03:36,34.33,0.0,5,17165,卖盘
2238,13:03:42,34.32,-0.01,30,102960,买盘
2239,13:03:45,34.33,0.01,28,96100,买盘
2240,13:03:48,34.33,0.0,3,10299,卖盘
2241,13:03:51,34.32,-0.01,7,24025,卖盘
2242,13:03:54,34.35,0.03,30,103038,买盘
2243,13:04:00,34.36,0.01,5,17178,买盘
2244,13:04:04,34.36,0.0,7,24052,买盘
2245,13:04:07,34.36,0.0,5,17180,买盘
2246,13:04:15,34.36,0.0,4,13744,买盘
2247,13:04:19,34.35,-0.01,4,13742,卖盘
2248,13:04:21,34.35,0.0,26,89311,卖盘
2249,13:04:24,34.34,-0.01,10,34340,卖盘
2250,13:04:28,34.35,0.01,21,72135,买盘
2251,13:04:31,34.34,-0.01,2,6868,卖盘
2252,13:04:34,34.34,0.0,24,82416,卖盘
2253,13:04:36,34.34,0.0,5,17170,买盘
2254,13:04:40,34.34,0.0,2,6868,买盘
2255,13:04:43,34.32,-0.02,1,3432,卖盘
2256,13:04:54,34.32,0.0,5,17160,买盘
2257,13:04:57,34.3,-0.02,51,174951,卖盘
2258,13:05:00,34.28,-0.02,25,85713,卖盘
2259,13:05:04,34.31,0.03,2,6862,买盘
2260,13:05:09,34.29,-0.02,5,17145,卖盘
2261,13:05:12,34.32,0.03,22,75449,买盘
2262,13:05:15,34.3,-0.02,9,30866,中性盘
2263,13:05:31,34.28,-0.02,7,24004,卖盘
2264,13:05:49,34.29,0.01,2,6858,卖盘
2265,13:05:54,34.29,0.0,1,3429,卖盘
2266,13:05:58,34.29,0.0,2,6858,卖盘
2267,13:06:00,34.29,0.0,5,17145,卖盘
2268,13:06:04,34.26,-0.03,184,630467,卖盘
2269,13:06:06,34.26,0.0,4,13704,买盘
2270,13:06:12,34.25,-0.01,6,20550,卖盘
2271,13:06:15,34.26,0.01,1,3426,卖盘
2272,13:06:19,34.25,-0.01,6,20555,卖盘
2273,13:06:22,34.25,0.0,25,85625,卖盘
2274,13:06:25,34.25,0.0,4,13700,卖盘
2275,13:06:28,34.28,0.03,31,106262,买盘
2276,13:06:30,34.28,0.0,1,3428,卖盘
2277,13:06:33,34.26,-0.02,62,212530,卖盘
2278,13:06:39,34.26,0.0,1,3426,卖盘
2279,13:06:42,34.26,0.0,5,17130,买盘
2280,13:06:45,34.25,-0.01,25,84914,卖盘
2281,13:06:48,34.25,0.0,13,44529,卖盘
2282,13:06:51,34.26,0.01,1,3426,卖盘
2283,13:06:57,34.26,0.0,7,23982,卖盘
2284,13:07:01,34.26,0.0,32,109632,买盘
2285,13:07:04,34.26,0.0,39,133650,买盘
2286,13:07:06,34.25,-0.01,10,34250,卖盘
2287,13:07:10,34.25,0.0,6,20550,卖盘
2288,13:07:13,34.25,0.0,12,41100,卖盘
2289,13:07:19,34.25,0.0,7,23980,卖盘
2290,13:07:21,34.25,0.0,4,14419,卖盘
2291,13:07:36,34.23,-0.02,5,17115,卖盘
2292,13:07:42,34.22,-0.01,2,6845,卖盘
2293,13:07:45,34.21,-0.01,20,68434,卖盘
2294,13:07:51,34.21,0.0,14,47894,卖盘
2295,13:07:58,34.21,0.0,32,109442,买盘
2296,13:08:01,34.2,-0.01,39,133380,卖盘
2297,13:08:04,34.2,0.0,6,20520,买盘
2298,13:08:07,34.18,-0.02,8,27351,卖盘
2299,13:08:16,34.18,0.0,10,34180,卖盘
2300,13:08:18,34.18,0.0,2,6836,卖盘
2301,13:08:22,34.19,0.01,15,51271,买盘
2302,13:08:25,34.18,-0.01,3,10254,中性盘
2303,13:08:28,34.17,-0.01,71,242609,卖盘
2304,13:08:36,34.15,-0.02,10,34158,卖盘
2305,13:08:46,34.15,0.0,1,3415,卖盘
2306,13:08:52,34.16,0.01,15,51240,买盘
2307,13:08:55,34.15,-0.01,10,34150,卖盘
2308,13:08:58,34.16,0.01,52,177612,买盘
2309,13:09:04,34.16,0.0,54,184428,买盘
2310,13:09:10,34.15,-0.01,1,3415,买盘
2311,13:09:13,34.15,0.0,6,20486,买盘
2312,13:09:18,34.16,0.01,3,10248,买盘
2313,13:09:21,34.15,-0.01,50,170721,卖盘
2314,13:09:25,34.13,-0.02,15,51205,卖盘
2315,13:09:30,34.15,0.02,21,71715,买盘
2316,13:09:33,34.15,0.0,2,6830,卖盘
2317,13:09:36,34.16,0.01,2,6832,买盘
2318,13:09:42,34.15,-0.01,4,13660,卖盘
2319,13:09:46,34.15,0.0,17,58055,卖盘
2320,13:09:51,34.15,0.0,14,47810,卖盘
2321,13:10:01,34.14,-0.01,10,34140,卖盘
2322,13:10:06,34.15,0.01,4,13658,买盘
2323,13:10:10,34.14,-0.01,16,54632,卖盘
2324,13:10:13,34.14,0.0,17,58038,卖盘
2325,13:10:16,34.14,0.0,2,6828,买盘
2326,13:10:19,34.14,0.0,27,92175,买盘
2327,13:10:22,34.13,-0.01,2,6826,卖盘
2328,13:10:25,34.14,0.01,12,40963,买盘
2329,13:10:27,34.14,0.0,15,51210,买盘
2330,13:10:30,34.14,0.0,3,10242,买盘
2331,13:10:36,34.13,-0.01,12,40960,卖盘
2332,13:10:40,34.13,0.0,17,58021,卖盘
2333,13:10:43,34.13,0.0,29,98977,卖盘
2334,13:10:49,34.13,0.0,51,174063,卖盘
2335,13:10:55,34.12,-0.01,16,54607,卖盘
2336,13:11:01,34.12,0.0,3,10236,卖盘
2337,13:11:04,34.13,0.01,10,34130,买盘
2338,13:11:06,34.12,-0.01,6,20472,卖盘
2339,13:11:16,34.11,-0.01,18,61408,卖盘
2340,13:11:19,34.11,0.0,2,6822,买盘
2341,13:11:25,34.11,0.0,20,68220,买盘
2342,13:11:28,34.1,-0.01,7,23880,卖盘
2343,13:11:31,34.1,0.0,3,10232,卖盘
2344,13:11:33,34.13,0.03,27,92132,买盘
2345,13:11:37,34.1,-0.03,37,126172,卖盘
2346,13:11:39,34.13,0.03,6,20475,买盘
2347,13:11:43,34.13,0.0,6,20470,买盘
2348,13:11:46,34.1,-0.03,11,37510,卖盘
2349,13:11:49,34.1,0.0,9,30692,卖盘
2350,13:12:00,34.1,0.0,10,34100,卖盘
2351,13:12:04,34.1,0.0,17,57970,卖盘
2352,13:12:16,34.09,-0.01,8,27272,买盘
2353,13:12:19,34.09,0.0,10,34090,卖盘
2354,13:12:22,34.1,0.01,17,57956,买盘
2355,13:12:25,34.1,0.0,1,3410,买盘
2356,13:12:28,34.12,0.02,2,6822,买盘
2357,13:12:30,34.13,0.01,1,3413,买盘
2358,13:12:33,34.09,-0.04,16,54553,卖盘
2359,13:12:36,34.09,0.0,4,13636,买盘
2360,13:12:40,34.13,0.04,4,13652,买盘
2361,13:12:43,34.13,0.0,1,3413,卖盘
2362,13:12:46,34.13,0.0,10,34103,买盘
2363,13:12:49,34.13,0.0,6,20478,买盘
2364,13:12:52,34.13,0.0,21,71673,卖盘
2365,13:12:55,34.14,0.01,24,81931,买盘
2366,13:12:58,34.15,0.01,16,54636,买盘
2367,13:13:04,34.15,0.0,5,17075,买盘
2368,13:13:06,34.13,-0.02,11,37543,中性盘
2369,13:13:12,34.15,0.02,1,3415,卖盘
2370,13:13:15,34.16,0.01,12,40992,买盘
2371,13:13:21,34.19,0.03,41,140161,买盘
2372,13:13:28,34.19,0.0,2,6838,买盘
2373,13:13:30,34.19,0.0,6,20514,买盘
2374,13:13:34,34.19,0.0,1,3419,买盘
2375,13:13:36,34.2,0.01,22,75230,买盘
2376,13:13:39,34.2,0.0,11,37620,买盘
2377,13:13:42,34.23,0.03,4,13692,买盘
2378,13:13:49,34.25,0.02,1,3425,买盘
2379,13:13:51,34.25,0.0,9,30825,买盘
2380,13:13:55,34.25,0.0,2,6849,买盘
2381,13:13:57,34.25,0.0,69,236274,买盘
2382,13:14:00,34.25,0.0,13,44525,买盘
2383,13:14:04,34.26,0.01,17,58225,买盘
2384,13:14:16,34.25,-0.01,19,65088,卖盘
2385,13:14:19,34.26,0.01,21,71944,买盘
2386,13:14:22,34.26,0.0,12,41112,买盘
2387,13:14:25,34.26,0.0,2,6852,买盘
2388,13:14:28,34.26,0.0,2,6850,买盘
2389,13:14:34,34.25,-0.01,3,10277,卖盘
2390,13:14:37,34.26,0.01,19,65068,买盘
2391,13:14:39,34.26,0.0,42,143173,买盘
2392,13:14:43,34.26,0.0,24,82224,卖盘
2393,13:14:48,34.29,0.03,10,34285,买盘
2394,13:14:54,34.3,0.01,52,178351,买盘
2395,13:14:57,34.29,-0.01,15,51449,卖盘
2396,13:15:04,34.3,0.01,24,82346,卖盘
2397,13:15:12,34.34,0.04,9,30904,买盘
2398,13:15:15,34.35,0.01,11,37776,买盘
2399,13:15:18,34.35,0.0,2,6870,买盘
2400,13:15:22,34.35,0.0,18,61830,买盘
2401,13:15:25,34.38,0.03,67,230185,买盘
2402,13:15:27,34.33,-0.05,44,151133,卖盘
2403,13:15:31,34.49,0.16,200,688669,买盘
2404,13:15:37,34.49,0.0,4,13796,买盘
2405,13:15:39,34.49,0.0,60,206987,买盘
2406,13:15:43,34.5,0.01,14,48299,买盘
2407,13:15:45,34.51,0.01,166,572707,买盘
2408,13:15:49,34.54,0.03,61,210582,买盘
2409,13:15:52,34.54,0.0,7,24178,买盘
2410,13:15:54,34.54,0.0,87,300522,买盘
2411,13:15:58,34.56,0.02,85,293720,买盘
2412,13:16:00,34.58,0.02,153,528980,买盘
2413,13:16:04,34.58,0.0,37,127944,买盘
2414,13:16:06,34.58,0.0,31,107228,卖盘
2415,13:16:10,34.63,0.05,201,695448,买盘
2416,13:16:13,34.65,0.02,8,27705,买盘
2417,13:16:16,34.65,0.0,36,124615,买盘
2418,13:16:19,34.66,0.01,68,235656,买盘
2419,13:16:22,34.66,0.0,18,62388,买盘
2420,13:16:24,34.67,0.01,12,41604,买盘
2421,13:16:28,34.67,0.0,15,52005,买盘
2422,13:16:31,34.67,0.0,67,232358,卖盘
2423,13:16:34,34.67,0.0,137,475050,卖盘
2424,13:16:37,34.71,0.04,49,170031,买盘
2425,13:16:40,34.71,0.0,41,142297,买盘
2426,13:16:43,34.72,0.01,36,124959,买盘
2427,13:16:46,34.75,0.03,3,10418,买盘
2428,13:16:49,34.75,0.0,26,90300,买盘
2429,13:16:52,34.72,-0.03,49,170226,卖盘
2430,13:16:55,34.77,0.05,166,576614,买盘
2431,13:16:58,34.79,0.02,68,236500,买盘
2432,13:17:01,34.8,0.01,63,219203,买盘
2433,13:17:04,34.8,0.0,49,170508,买盘
2434,13:17:07,34.84,0.04,174,605544,买盘
2435,13:17:09,34.89,0.05,162,564844,买盘
2436,13:17:13,34.88,-0.01,10,34880,卖盘
2437,13:17:15,34.94,0.06,66,230480,买盘
2438,13:17:18,34.96,0.02,5,17474,买盘
2439,13:17:21,34.97,0.01,36,125857,买盘
2440,13:17:24,34.97,0.0,75,262314,买盘
2441,13:17:28,34.99,0.02,98,342817,买盘
2442,13:17:31,34.98,-0.01,63,220465,卖盘
2443,13:17:34,34.99,0.01,36,125977,卖盘
2444,13:17:36,34.99,0.0,217,759430,卖盘
2445,13:17:40,35.0,0.01,86,300992,买盘
2446,13:17:43,34.99,-0.01,56,195984,卖盘
2447,13:17:46,35.09,0.1,58,203180,买盘
2448,13:17:49,35.0,-0.09,19,66545,卖盘
2449,13:17:52,35.1,0.1,47,164893,买盘
2450,13:17:55,35.11,0.01,33,115864,卖盘
2451,13:17:58,35.12,0.01,72,252946,卖盘
2452,13:18:01,35.16,0.04,73,256564,买盘
2453,13:18:04,35.18,0.02,122,428826,买盘
2454,13:18:07,35.16,-0.02,38,133678,卖盘
2455,13:18:10,35.21,0.05,72,253418,买盘
2456,13:18:13,35.23,0.02,92,323740,买盘
2457,13:18:16,35.23,0.0,26,91545,卖盘
2458,13:18:18,35.25,0.02,16,56390,买盘
2459,13:18:22,35.23,-0.02,42,148023,卖盘
2460,13:18:24,35.24,0.01,60,211529,中性盘
2461,13:18:28,35.23,-0.01,47,165591,卖盘
2462,13:18:31,35.24,0.01,93,327653,买盘
2463,13:18:34,35.23,-0.01,34,119735,卖盘
2464,13:18:37,35.2,-0.03,43,151468,卖盘
2465,13:18:40,35.23,0.03,74,260525,买盘
2466,13:18:43,35.18,-0.05,58,204151,卖盘
2467,13:18:45,35.12,-0.06,100,351678,卖盘
2468,13:18:48,35.12,0.0,9,31613,卖盘
2469,13:18:52,35.12,0.0,12,42144,卖盘
2470,13:18:54,35.11,-0.01,49,172093,卖盘
2471,13:18:58,35.1,-0.01,16,56171,卖盘
2472,13:19:01,35.1,0.0,54,189536,卖盘
2473,13:19:04,35.0,-0.1,23,80510,卖盘
2474,13:19:07,34.9,-0.1,82,286757,卖盘
2475,13:19:10,34.9,0.0,1,3490,买盘
2476,13:19:12,34.89,-0.01,11,38399,卖盘
2477,13:19:15,34.9,0.01,52,181433,买盘
2478,13:19:19,34.9,0.0,14,48860,卖盘
2479,13:19:22,34.89,-0.01,14,48858,卖盘
2480,13:19:24,34.89,0.0,9,31395,买盘
2481,13:19:28,34.91,0.02,61,212893,买盘
2482,13:19:30,34.9,-0.01,39,136119,卖盘
2483,13:19:34,34.88,-0.02,71,248297,卖盘
2484,13:19:36,34.88,0.0,6,20928,买盘
2485,13:19:39,34.92,0.04,6,20976,卖盘
2486,13:19:42,34.9,-0.02,2,6980,卖盘
2487,13:19:45,34.88,-0.02,12,41876,卖盘
2488,13:19:49,35.0,0.12,9,31450,买盘
2489,13:19:51,34.94,-0.06,13,45494,卖盘
2490,13:19:54,35.04,0.1,44,154078,买盘
2491,13:19:58,34.94,-0.1,59,206676,卖盘
2492,13:20:04,35.03,0.09,14,49025,中性盘
2493,13:20:07,35.0,-0.03,9,31500,买盘
2494,13:20:10,35.04,0.04,10,35036,买盘
2495,13:20:12,35.0,-0.04,18,63000,卖盘
2496,13:20:16,35.04,0.04,25,87552,买盘
2497,13:20:18,35.04,0.0,10,35036,买盘
2498,13:20:21,35.04,0.0,16,56056,卖盘
2499,13:20:24,35.05,0.01,48,168073,买盘
2500,13:20:28,35.06,0.01,11,38557,买盘
2501,13:20:30,35.04,-0.02,48,168377,卖盘
2502,13:20:34,35.05,0.01,4,14026,卖盘
2503,13:20:37,35.1,0.05,45,157861,买盘
2504,13:20:40,35.08,-0.02,17,59626,中性盘
2505,13:20:43,35.08,0.0,56,196362,买盘
2506,13:20:46,35.08,0.0,29,101664,买盘
2507,13:20:49,35.06,-0.02,23,80660,买盘
2508,13:20:52,35.06,0.0,31,108720,卖盘
2509,13:20:55,35.09,0.03,15,52630,中性盘
2510,13:20:58,35.1,0.01,43,150920,买盘
2511,13:21:01,35.11,0.01,43,150963,买盘
2512,13:21:04,35.11,0.0,7,24577,卖盘
2513,13:21:06,35.11,0.0,59,207213,卖盘
2514,13:21:09,35.14,0.03,42,147582,买盘
2515,13:21:12,35.14,0.0,46,161644,卖盘
2516,13:21:15,35.18,0.04,88,309502,买盘
2517,13:21:18,35.18,0.0,11,38687,买盘
2518,13:21:21,35.14,-0.04,105,369386,卖盘
2519,13:21:25,35.18,0.04,30,105488,买盘
2520,13:21:27,35.2,0.02,23,80934,买盘
2521,13:21:30,35.18,-0.02,42,147772,卖盘
2522,13:21:33,35.2,0.02,76,267396,卖盘
2523,13:21:37,35.19,-0.01,76,267485,卖盘
2524,13:21:40,35.22,0.03,21,73949,买盘
2525,13:21:43,35.22,0.0,35,123272,卖盘
2526,13:21:45,35.26,0.04,107,377032,买盘
2527,13:21:49,35.25,-0.01,11,38775,卖盘
2528,13:21:51,35.23,-0.02,58,204446,卖盘
2529,13:21:54,35.26,0.03,56,197429,买盘
2530,13:21:58,35.25,-0.01,12,42309,中性盘
2531,13:22:01,35.26,0.01,16,56402,中性盘
2532,13:22:04,35.25,-0.01,76,267882,卖盘
2533,13:22:06,35.23,-0.02,68,239686,卖盘
2534,13:22:10,35.2,-0.03,158,556558,卖盘
2535,13:22:13,35.14,-0.06,125,440090,卖盘
2536,13:22:15,35.2,0.06,39,137241,中性盘
2537,13:22:19,35.2,0.0,23,80960,买盘
2538,13:22:21,35.11,-0.09,76,267038,卖盘
2539,13:22:25,35.12,0.01,14,49168,买盘
2540,13:22:27,35.12,0.0,11,38631,买盘
2541,13:22:30,35.12,0.0,45,158025,买盘
2542,13:22:33,35.11,-0.01,73,256274,卖盘
2543,13:22:37,35.11,0.0,5,17555,买盘
2544,13:22:40,35.1,-0.01,13,45628,卖盘
2545,13:22:43,35.1,0.0,69,242170,买盘
2546,13:22:46,35.1,0.0,40,140238,买盘
2547,13:22:49,35.0,-0.1,91,318500,卖盘
2548,13:22:52,35.0,0.0,1,3500,买盘
2549,13:22:54,34.95,-0.05,13,45444,卖盘
2550,13:23:00,35.0,0.05,40,139962,买盘
2551,13:23:07,34.95,-0.05,11,38457,卖盘
2552,13:23:10,34.98,0.03,15,52452,买盘
2553,13:23:12,34.95,-0.03,25,87315,卖盘
2554,13:23:16,34.96,0.01,4,13987,中性盘
2555,13:23:18,34.98,0.02,59,206368,买盘
2556,13:23:21,34.97,-0.01,5,17485,中性盘
2557,13:23:25,34.96,-0.01,14,48955,卖盘
2558,13:23:28,34.96,0.0,2,6992,买盘
2559,13:23:31,34.89,-0.07,96,335223,卖盘
2560,13:23:34,34.9,0.01,10,34900,买盘
2561,13:23:37,34.9,0.0,2,6980,买盘
2562,13:23:39,34.88,-0.02,21,73253,卖盘
2563,13:23:42,34.86,-0.02,20,69757,卖盘
2564,13:23:46,34.88,0.02,3,10464,买盘
2565,13:23:49,34.86,-0.02,11,38336,卖盘
2566,13:23:52,34.85,-0.01,5,17425,中性盘
2567,13:23:55,34.83,-0.02,7,24391,卖盘
2568,13:23:58,34.85,0.02,23,80139,买盘
2569,13:24:00,34.85,0.0,22,76670,卖盘
2570,13:24:04,34.86,0.01,6,20911,买盘
2571,13:24:07,34.85,-0.01,23,80168,卖盘
2572,13:24:09,34.85,0.0,25,87151,卖盘
2573,13:24:13,34.85,0.0,107,372644,卖盘
2574,13:24:16,34.87,0.02,5,17435,买盘
2575,13:24:18,34.87,0.0,2,6975,卖盘
2576,13:24:21,34.87,0.0,11,38357,卖盘
2577,13:24:25,34.89,0.02,40,139560,买盘
2578,13:24:27,34.89,0.0,14,48849,卖盘
2579,13:24:31,34.9,0.01,8,27917,买盘
2580,13:24:34,34.9,0.0,37,129115,买盘
2581,13:24:37,34.9,0.0,20,69800,买盘
2582,13:24:40,34.9,0.0,20,69800,卖盘
2583,13:24:43,34.9,0.0,14,48890,卖盘
2584,13:24:46,34.95,0.05,4,13977,卖盘
2585,13:24:48,34.96,0.01,8,27964,买盘
2586,13:24:51,34.98,0.02,34,118915,买盘
2587,13:24:54,34.95,-0.03,6,20970,卖盘
2588,13:24:58,34.95,0.0,14,48943,卖盘
2589,13:25:01,34.98,0.03,27,94431,买盘
2590,13:25:04,34.97,-0.01,53,185385,中性盘
2591,13:25:06,34.96,-0.01,25,87407,卖盘
2592,13:25:10,34.96,0.0,21,73426,卖盘
2593,13:25:12,35.0,0.04,8,27984,买盘
2594,13:25:15,35.0,0.0,9,31499,买盘
2595,13:25:18,35.0,0.0,61,213486,买盘
2596,13:25:21,35.0,0.0,4,14000,买盘
2597,13:25:25,35.0,0.0,3,10496,中性盘
2598,13:25:28,35.08,0.08,20,70117,买盘
2599,13:25:31,35.0,-0.08,29,101501,卖盘
2600,13:25:34,35.1,0.1,73,256161,买盘
2601,13:25:37,35.08,-0.02,1,3508,中性盘
2602,13:25:40,35.12,0.04,89,312407,买盘
2603,13:25:43,35.18,0.06,38,133557,买盘
2604,13:25:46,35.18,0.0,5,17580,买盘
2605,13:25:49,35.18,0.0,10,35179,买盘
2606,13:25:52,35.18,0.0,1,3518,买盘
2607,13:25:55,35.18,0.0,145,510195,买盘
2608,13:25:57,35.2,0.02,20,70376,买盘
2609,13:26:00,35.18,-0.02,26,91502,卖盘
2610,13:26:04,35.14,-0.04,125,439944,卖盘
2611,13:26:06,35.18,0.04,12,42174,买盘
2612,13:26:10,35.2,0.02,10,35188,买盘
2613,13:26:12,35.19,-0.01,43,151341,卖盘
2614,13:26:15,35.19,0.0,33,116151,卖盘
2615,13:26:18,35.2,0.01,52,183024,买盘
2616,13:26:21,35.19,-0.01,27,95022,中性盘
2617,13:26:24,35.21,0.02,22,77438,买盘
2618,13:26:27,35.2,-0.01,61,214657,买盘
2619,13:26:31,35.2,0.0,18,63360,卖盘
2620,13:26:34,35.2,0.0,32,112634,卖盘
2621,13:26:37,35.19,-0.01,21,73919,卖盘
2622,13:26:40,35.18,-0.01,101,355571,卖盘
2623,13:26:43,35.2,0.02,20,70388,买盘
2624,13:26:46,35.2,0.0,122,429468,买盘
2625,13:26:49,35.2,0.0,81,285164,卖盘
2626,13:26:51,35.22,0.02,50,176043,买盘
2627,13:26:54,35.24,0.02,106,373491,买盘
2628,13:26:57,35.23,-0.01,43,151402,中性盘
2629,13:27:00,35.24,0.01,1,3524,买盘
2630,13:27:04,35.22,-0.02,83,292494,卖盘
2631,13:27:07,35.23,0.01,18,63411,中性盘
2632,13:27:10,35.23,0.0,10,35230,买盘
2633,13:27:12,35.22,-0.01,6,21136,卖盘
2634,13:27:16,35.22,0.0,50,176136,卖盘
2635,13:27:19,35.22,0.0,20,70437,买盘
2636,13:27:22,35.21,-0.01,80,281607,中性盘
2637,13:27:25,35.2,-0.01,13,45760,卖盘
2638,13:27:28,35.2,0.0,138,485761,卖盘
2639,13:27:30,35.18,-0.02,2,7036,卖盘
2640,13:27:33,35.13,-0.05,15,52782,卖盘
2641,13:27:37,35.18,0.05,12,42175,买盘
2642,13:27:43,35.08,-0.1,2,7016,卖盘
2643,13:27:49,35.09,0.01,10,35075,买盘
2644,13:27:52,35.08,-0.01,1,3508,卖盘
2645,13:27:55,35.09,0.01,3,10527,买盘
2646,13:27:57,35.0,-0.09,58,203190,卖盘
2647,13:28:01,35.08,0.08,51,178550,买盘
2648,13:28:04,35.09,0.01,9,31575,买盘
2649,13:28:07,35.08,-0.01,14,49120,卖盘
2650,13:28:10,35.08,0.0,13,45625,卖盘
2651,13:28:13,35.1,0.02,16,56154,买盘
2652,13:28:16,35.08,-0.02,9,31576,卖盘
2653,13:28:19,35.09,0.01,19,66654,买盘
2654,13:28:22,35.1,0.01,7,24570,买盘
2655,13:28:25,35.1,0.0,42,147400,卖盘
2656,13:28:28,35.1,0.0,14,49140,买盘
2657,13:28:31,35.1,0.0,60,210478,买盘
2658,13:28:33,35.1,0.0,27,94770,买盘
2659,13:28:37,35.08,-0.02,5,17544,卖盘
2660,13:28:40,35.1,0.02,10,35101,中性盘
2661,13:28:42,35.1,0.0,31,108823,卖盘
2662,13:28:46,35.12,0.02,31,108828,买盘
2663,13:28:48,35.1,-0.02,10,35101,卖盘
2664,13:28:52,35.09,-0.01,23,80729,卖盘
2665,13:28:55,35.1,0.01,1,3510,买盘
2666,13:28:58,35.02,-0.08,70,245459,卖盘
2667,13:29:01,35.12,0.1,18,63075,买盘
2668,13:29:04,35.1,-0.02,77,270599,卖盘
2669,13:29:06,35.1,0.0,15,52650,卖盘
2670,13:29:12,35.1,0.0,12,42120,买盘
2671,13:29:15,35.1,0.0,2,7020,卖盘
2672,13:29:21,35.12,0.02,5,17560,中性盘
2673,13:29:25,35.12,0.0,10,35120,卖盘
2674,13:29:28,35.16,0.04,3,10548,买盘
2675,13:29:31,35.16,0.0,2,7028,买盘
2676,13:29:34,35.16,0.0,16,56216,买盘
2677,13:29:37,35.16,0.0,11,38683,卖盘
2678,13:29:40,35.16,0.0,69,242644,卖盘
2679,13:29:43,35.17,0.01,2,7033,买盘
2680,13:29:46,35.18,0.01,18,63317,买盘
2681,13:29:49,35.17,-0.01,31,109044,卖盘
2682,13:29:52,35.17,0.0,32,112559,卖盘
2683,13:29:55,35.18,0.01,66,232250,中性盘
2684,13:29:58,35.2,0.02,4,14073,买盘
2685,13:30:01,35.19,-0.01,53,186557,中性盘
2686,13:30:04,35.18,-0.01,25,87989,卖盘
2687,13:30:06,35.2,0.02,18,63360,买盘
2688,13:30:09,35.19,-0.01,51,179463,中性盘
2689,13:30:12,35.19,0.0,15,52779,买盘
2690,13:30:16,35.18,-0.01,1,3518,中性盘
2691,13:30:19,35.17,-0.01,49,172338,卖盘
2692,13:30:22,35.16,-0.01,12,42204,卖盘
2693,13:30:25,35.17,0.01,8,28137,中性盘
2694,13:30:28,35.16,-0.01,75,263700,卖盘
2695,13:30:37,35.06,-0.1,49,172122,卖盘
2696,13:30:39,35.12,0.06,10,35126,中性盘
2697,13:30:42,35.12,0.0,25,87815,卖盘
2698,13:30:46,35.12,0.0,7,24584,卖盘
2699,13:30:49,35.12,0.0,4,14048,卖盘
2700,13:30:55,35.07,-0.05,1,3507,买盘
2701,13:30:58,35.08,0.01,14,49143,卖盘
2702,13:31:01,35.12,0.04,3,10536,买盘
2703,13:31:04,35.08,-0.04,29,101732,卖盘
2704,13:31:07,35.08,0.0,2,7016,买盘
2705,13:31:10,35.05,-0.03,50,175312,卖盘
2706,13:31:13,35.01,-0.04,33,115597,卖盘
2707,13:31:16,35.0,-0.01,75,262525,卖盘
2708,13:31:19,35.0,0.0,68,238000,卖盘
2709,13:31:25,35.0,0.0,67,234500,卖盘
2710,13:31:27,35.01,0.01,28,98022,中性盘
2711,13:31:30,35.0,-0.01,5,17500,卖盘
2712,13:31:34,35.0,0.0,1,3500,买盘
2713,13:31:37,34.99,-0.01,1,3499,卖盘
2714,13:31:39,35.0,0.01,34,118977,买盘
2715,13:31:42,35.0,0.0,25,87500,买盘
2716,13:31:45,35.0,0.0,9,31500,卖盘
2717,13:31:49,35.05,0.05,18,63014,买盘
2718,13:31:51,35.05,0.0,17,59585,卖盘
2719,13:31:54,35.05,0.0,20,70100,卖盘
2720,13:31:58,35.05,0.0,317,1113741,卖盘
2721,13:32:01,35.05,0.0,4,14020,卖盘
2722,13:32:04,35.06,0.01,5,17527,买盘
2723,13:32:07,35.03,-0.03,6,21029,卖盘
2724,13:32:09,35.03,0.0,4,14012,买盘
2725,13:32:12,35.06,0.03,15,52590,卖盘
2726,13:32:15,35.15,0.09,25,87676,买盘
2727,13:32:19,35.06,-0.09,22,77152,卖盘
2728,13:32:28,35.08,0.02,1,3508,买盘
2729,13:32:31,35.1,0.02,106,371852,买盘
2730,13:32:37,35.1,0.0,6,21060,买盘
2731,13:32:40,35.1,0.0,1,3510,卖盘
2732,13:32:43,35.14,0.04,14,49176,买盘
2733,13:32:48,35.14,0.0,42,147584,买盘
2734,13:32:51,35.15,0.01,23,80844,买盘
2735,13:32:55,35.14,-0.01,11,38655,卖盘
2736,13:32:57,35.17,0.03,51,179274,买盘
2737,13:33:00,35.15,-0.02,30,105450,卖盘
2738,13:33:04,35.15,0.0,88,309472,卖盘
2739,13:33:10,35.17,0.02,8,28141,卖盘
2740,13:33:13,35.17,0.0,6,21102,卖盘
