,time,price,change,volume,amount,type
0,09:25:04,31.43,-0.47,446,1401778,卖盘
1,09:30:01,31.54,0.11,10,31540,买盘
2,09:30:04,31.54,0.0,515,1621527,买盘
3,09:30:07,31.55,0.01,70,220781,买盘
4,09:30:09,31.55,0.0,32,100864,买盘
5,09:30:13,31.48,-0.07,50,157615,卖盘
6,09:30:15,31.47,-0.01,18,56664,卖盘
7,09:30:18,31.54,0.07,9,28350,买盘
8,09:30:22,31.45,-0.09,96,302408,卖盘
9,09:30:25,31.48,0.03,48,151207,买盘
10,09:30:27,31.48,0.0,1,3148,卖盘
11,09:30:31,31.48,0.0,23,72398,卖盘
12,09:30:34,31.5,0.02,106,333753,买盘
13,09:30:36,31.5,0.0,14,44100,卖盘
14,09:30:40,31.53,0.03,157,494583,买盘
15,09:30:43,31.5,-0.03,43,135501,卖盘
16,09:30:46,31.55,0.05,43,135475,买盘
17,09:30:49,31.48,-0.07,48,151142,卖盘
18,09:30:52,31.51,0.03,3,9453,买盘
19,09:30:55,31.54,0.03,13,40980,买盘
20,09:30:58,31.53,-0.01,17,53598,中性盘
21,09:31:01,31.51,-0.02,9,28365,卖盘
22,09:31:04,31.53,0.02,12,37844,中性盘
23,09:31:07,31.55,0.02,37,116701,买盘
24,09:31:10,31.56,0.01,20,63103,买盘
25,09:31:13,31.56,0.0,112,353336,买盘
26,09:31:15,31.52,-0.04,30,94598,卖盘
27,09:31:19,31.54,0.02,27,85158,买盘
28,09:31:21,31.52,-0.02,15,47290,卖盘
29,09:31:25,31.54,0.02,15,47305,买盘
30,09:31:28,31.53,-0.01,78,245926,卖盘
31,09:31:31,31.54,0.01,19,59891,中性盘
32,09:31:33,31.53,-0.01,11,34693,卖盘
33,09:31:36,31.54,0.01,18,56769,买盘
34,09:31:40,31.55,0.01,23,72545,买盘
35,09:31:42,31.54,-0.01,86,271244,卖盘
36,09:31:45,31.55,0.01,29,91485,买盘
37,09:31:49,31.54,-0.01,26,82020,卖盘
38,09:31:51,31.55,0.01,9,28395,卖盘
39,09:31:54,31.56,0.01,6,18936,买盘
40,09:31:58,31.56,0.0,26,82040,买盘
41,09:32:01,31.56,0.0,107,337784,卖盘
42,09:32:04,31.58,0.02,72,227319,买盘
43,09:32:06,31.56,-0.02,29,91574,卖盘
44,09:32:10,31.59,0.03,58,183124,买盘
45,09:32:12,31.58,-0.01,113,356807,中性盘
46,09:32:16,31.6,0.02,28,88434,买盘
47,09:32:19,31.59,-0.01,18,56867,卖盘
48,09:32:22,31.6,0.01,19,60040,买盘
49,09:32:24,31.59,-0.01,52,164319,卖盘
50,09:32:28,31.62,0.03,38,120063,买盘
51,09:32:31,31.62,0.0,15,47435,卖盘
52,09:32:34,31.63,0.01,11,34783,买盘
53,09:32:37,31.63,0.0,60,189783,买盘
54,09:32:40,31.63,0.0,13,41119,卖盘
55,09:32:43,31.64,0.01,22,69588,买盘
56,09:32:45,31.63,-0.01,50,158150,卖盘
57,09:32:49,31.63,0.0,19,60097,买盘
58,09:32:52,31.62,-0.01,45,142318,卖盘
59,09:32:55,31.65,0.03,74,234130,买盘
60,09:32:58,31.6,-0.05,13,41111,卖盘
61,09:33:00,31.65,0.05,4,12648,买盘
62,09:33:04,31.65,0.0,2,6330,买盘
63,09:33:06,31.63,-0.02,12,37956,卖盘
64,09:33:10,31.64,0.01,16,50601,买盘
65,09:33:13,31.65,0.01,21,66456,买盘
66,09:33:16,31.63,-0.02,10,31631,卖盘
67,09:33:19,31.62,-0.01,80,252992,卖盘
68,09:33:22,31.6,-0.02,75,237070,卖盘
69,09:33:24,31.62,0.02,228,721095,中性盘
70,09:33:28,31.62,0.0,32,101159,买盘
71,09:33:31,31.6,-0.02,36,113760,买盘
72,09:33:34,31.59,-0.01,37,116916,卖盘
73,09:33:37,31.6,0.01,71,224370,卖盘
74,09:33:39,31.6,0.0,53,167489,卖盘
75,09:33:42,31.6,0.0,11,34760,买盘
76,09:33:46,31.6,0.0,166,524549,买盘
77,09:33:49,31.6,0.0,15,47403,卖盘
78,09:33:52,31.6,0.0,1,3160,卖盘
79,09:33:55,31.62,0.02,18,56882,买盘
80,09:33:57,31.61,-0.01,7,22127,卖盘
81,09:34:01,31.63,0.02,43,136007,买盘
82,09:34:04,31.63,0.0,1,3163,卖盘
83,09:34:07,31.64,0.01,4,12655,买盘
84,09:34:10,31.63,-0.01,58,183495,卖盘
85,09:34:12,31.65,0.02,8,25318,买盘
86,09:34:16,31.65,0.0,56,177213,买盘
87,09:34:19,31.65,0.0,9,28485,买盘
88,09:34:22,31.73,0.08,70,221558,买盘
89,09:34:24,31.74,0.01,18,57095,买盘
90,09:34:27,31.65,-0.09,18,57018,卖盘
91,09:34:31,31.68,0.03,34,107712,买盘
92,09:34:34,31.68,0.0,27,85506,买盘
93,09:34:37,31.68,0.0,57,180573,买盘
94,09:34:40,31.65,-0.03,116,367208,卖盘
95,09:34:43,31.68,0.03,10,31680,卖盘
96,09:34:46,31.68,0.0,4,12672,卖盘
97,09:34:49,31.72,0.04,18,57082,买盘
98,09:34:52,31.72,0.0,5,15862,卖盘
99,09:34:55,31.72,0.0,32,101484,卖盘
100,09:34:58,31.69,-0.03,12,38054,卖盘
101,09:35:01,31.68,-0.01,175,554697,卖盘
102,09:35:04,31.68,0.0,4,12672,买盘
103,09:35:07,31.66,-0.02,31,98080,中性盘
104,09:35:09,31.65,-0.01,132,418022,中性盘
105,09:35:12,31.64,-0.01,63,199387,卖盘
106,09:35:16,31.62,-0.02,52,164494,卖盘
107,09:35:19,31.66,0.04,82,259396,买盘
108,09:35:22,31.65,-0.01,15,47482,卖盘
109,09:35:25,31.62,-0.03,69,218276,卖盘
110,09:35:28,31.64,0.02,23,72762,买盘
111,09:35:30,31.64,0.0,25,79098,买盘
112,09:35:33,31.64,0.0,33,104439,卖盘
113,09:35:37,31.64,0.0,13,41132,卖盘
114,09:35:40,31.65,0.01,48,151881,买盘
115,09:35:43,31.64,-0.01,36,113904,买盘
116,09:35:46,31.62,-0.02,45,142347,卖盘
117,09:35:48,31.66,0.04,14,44276,买盘
118,09:35:55,31.65,-0.01,19,60131,卖盘
119,09:35:57,31.65,0.0,2,6330,买盘
120,09:36:01,31.64,-0.01,1,3164,卖盘
121,09:36:04,31.63,-0.01,3,9491,卖盘
122,09:36:07,31.62,-0.01,39,123352,卖盘
123,09:36:09,31.62,0.0,42,132783,卖盘
124,09:36:12,31.61,-0.01,14,44256,卖盘
125,09:36:16,31.64,0.03,5,15816,买盘
126,09:36:18,31.62,-0.02,3,9486,中性盘
127,09:36:21,31.61,-0.01,7,22127,卖盘
128,09:36:24,31.62,0.01,14,44268,买盘
129,09:36:27,31.62,0.0,11,34782,卖盘
130,09:36:30,31.62,0.0,4,12648,卖盘
131,09:36:34,31.61,-0.01,39,123279,卖盘
132,09:36:37,31.61,0.0,4,12645,卖盘
133,09:36:40,31.61,0.0,41,129658,卖盘
134,09:36:43,31.61,0.0,15,47415,买盘
135,09:36:45,31.6,-0.01,16,50567,卖盘
136,09:36:49,31.65,0.05,28,88541,买盘
137,09:36:51,31.6,-0.05,123,388795,卖盘
138,09:36:54,31.61,0.01,5,15807,卖盘
139,09:36:58,31.62,0.01,1,3162,中性盘
140,09:37:01,31.65,0.03,18,56940,买盘
141,09:37:03,31.62,-0.03,10,31624,卖盘
142,09:37:10,31.62,0.0,2,6324,买盘
143,09:37:12,31.6,-0.02,32,101133,卖盘
144,09:37:16,31.65,0.05,23,72786,买盘
145,09:37:18,31.62,-0.03,40,126432,买盘
146,09:37:25,31.61,-0.01,5,15805,卖盘
147,09:37:31,31.62,0.01,28,88528,买盘
148,09:37:33,31.6,-0.02,12,37931,卖盘
149,09:37:37,31.62,0.02,15,47415,买盘
150,09:37:40,31.61,-0.01,88,278131,卖盘
151,09:37:43,31.62,0.01,20,63221,买盘
152,09:37:46,31.62,0.0,30,94829,买盘
153,09:37:49,31.62,0.0,8,25296,买盘
154,09:37:52,31.62,0.0,6,18970,买盘
155,09:37:55,31.62,0.0,10,31620,买盘
156,09:37:57,31.61,-0.01,32,101182,卖盘
157,09:38:00,31.61,0.0,6,18969,卖盘
158,09:38:04,31.61,0.0,2,6322,买盘
159,09:38:06,31.61,0.0,14,44254,买盘
160,09:38:09,31.61,0.0,24,75864,买盘
161,09:38:13,31.61,0.0,4,12644,卖盘
162,09:38:16,31.61,0.0,6,18966,卖盘
163,09:38:18,31.61,0.0,7,22127,买盘
164,09:38:22,31.61,0.0,33,104315,卖盘
165,09:38:24,31.62,0.01,62,195949,买盘
166,09:38:28,31.61,-0.01,12,37940,卖盘
167,09:38:30,31.61,0.0,2,6323,卖盘
168,09:38:37,31.61,0.0,7,22127,中性盘
169,09:38:40,31.59,-0.02,36,113762,卖盘
170,09:38:42,31.62,0.03,25,79042,买盘
171,09:38:45,31.61,-0.01,14,44265,卖盘
172,09:38:49,31.61,0.0,10,31610,卖盘
173,09:38:52,31.61,0.0,17,53721,买盘
174,09:38:54,31.59,-0.02,34,107436,卖盘
175,09:38:57,31.59,0.0,31,97985,卖盘
176,09:39:01,31.63,0.04,129,407675,买盘
177,09:39:04,31.59,-0.04,101,319323,卖盘
178,09:39:09,31.59,0.0,22,69498,买盘
179,09:39:13,31.59,0.0,18,56859,买盘
180,09:39:16,31.58,-0.01,62,195807,卖盘
181,09:39:19,31.58,0.0,65,205298,卖盘
182,09:39:21,31.58,0.0,1,3158,卖盘
183,09:39:24,31.58,0.0,5,15790,卖盘
184,09:39:28,31.58,0.0,14,44204,中性盘
185,09:39:30,31.57,-0.01,12,37888,卖盘
186,09:39:34,31.55,-0.02,20,63110,卖盘
187,09:39:36,31.5,-0.05,211,665380,卖盘
188,09:39:40,31.55,0.05,1,3155,买盘
189,09:39:46,31.5,-0.05,40,126010,卖盘
190,09:39:49,31.5,0.0,10,31500,卖盘
191,09:39:52,31.49,-0.01,54,170177,卖盘
192,09:39:55,31.49,0.0,19,59825,卖盘
193,09:39:57,31.49,0.0,4,12594,买盘
194,09:40:01,31.46,-0.03,15,47199,卖盘
195,09:40:04,31.45,-0.01,58,182410,卖盘
196,09:40:06,31.45,0.0,8,25160,卖盘
197,09:40:10,31.46,0.01,109,342731,买盘
198,09:40:12,31.43,-0.03,3,9429,卖盘
199,09:40:15,31.42,-0.01,9,28278,中性盘
200,09:40:19,31.42,0.0,7,21994,卖盘
201,09:40:22,31.41,-0.01,56,175896,卖盘
202,09:40:25,31.43,0.02,107,336272,买盘
203,09:40:27,31.4,-0.03,59,185341,卖盘
204,09:40:30,31.42,0.02,16,50260,买盘
205,09:40:34,31.4,-0.02,80,251186,卖盘
206,09:40:37,31.4,0.0,14,43949,买盘
207,09:40:39,31.4,0.0,31,97274,买盘
208,09:40:42,31.36,-0.04,23,72164,卖盘
209,09:40:45,31.35,-0.01,38,119219,卖盘
210,09:40:49,31.32,-0.03,36,112826,卖盘
211,09:40:52,31.35,0.03,25,78303,中性盘
212,09:40:55,31.32,-0.03,8,25059,卖盘
213,09:40:57,31.32,0.0,42,131513,买盘
214,09:41:00,31.3,-0.02,128,400697,卖盘
215,09:41:04,31.3,0.0,33,103290,买盘
216,09:41:06,31.29,-0.01,30,93890,卖盘
217,09:41:09,31.29,0.0,37,115761,买盘
218,09:41:12,31.29,0.0,80,250268,买盘
219,09:41:16,31.27,-0.02,82,256482,卖盘
220,09:41:19,31.28,0.01,96,300231,买盘
221,09:41:22,31.28,0.0,19,59422,买盘
222,09:41:24,31.28,0.0,25,78166,买盘
223,09:41:28,31.28,0.0,51,159475,买盘
224,09:41:31,31.27,-0.01,66,206329,中性盘
225,09:41:33,31.27,0.0,48,150008,买盘
226,09:41:37,31.26,-0.01,29,90665,中性盘
227,09:41:39,31.24,-0.02,1,3124,中性盘
228,09:41:43,31.24,0.0,10,31241,买盘
229,09:41:45,31.22,-0.02,73,227880,卖盘
230,09:41:49,31.22,0.0,98,305942,买盘
231,09:41:52,31.22,0.0,11,34337,买盘
232,09:41:54,31.22,0.0,64,199800,买盘
233,09:41:57,31.24,0.02,127,396664,买盘
234,09:42:01,31.24,0.0,54,168703,卖盘
235,09:42:04,31.24,0.0,25,78092,卖盘
236,09:42:07,31.28,0.04,58,181347,买盘
237,09:42:10,31.21,-0.07,78,243560,卖盘
238,09:42:12,31.23,0.02,25,78071,买盘
239,09:42:16,31.23,0.0,14,43712,买盘
240,09:42:19,31.24,0.01,22,68718,买盘
241,09:42:22,31.2,-0.04,261,814745,卖盘
242,09:42:24,31.24,0.04,29,90596,卖盘
243,09:42:28,31.24,0.0,22,68690,买盘
244,09:42:31,31.23,-0.01,46,143658,买盘
245,09:42:34,31.23,0.0,19,59334,买盘
246,09:42:36,31.22,-0.01,63,196709,卖盘
247,09:42:39,31.22,0.0,18,56196,买盘
248,09:42:43,31.24,0.02,21,65575,买盘
249,09:42:46,31.21,-0.03,43,134251,卖盘
250,09:42:49,31.19,-0.02,177,552285,卖盘
251,09:42:52,31.2,0.01,18,56191,中性盘
252,09:42:55,31.18,-0.02,111,346351,卖盘
253,09:42:58,31.19,0.01,24,74880,买盘
254,09:43:00,31.2,0.01,31,96655,买盘
255,09:43:04,31.18,-0.02,38,118436,卖盘
256,09:43:06,31.19,0.01,69,215186,买盘
257,09:43:10,31.17,-0.02,7,21826,卖盘
258,09:43:13,31.15,-0.02,43,134006,卖盘
259,09:43:16,31.15,0.0,60,186894,买盘
260,09:43:19,31.14,-0.01,36,112093,卖盘
261,09:43:22,31.15,0.01,29,90320,买盘
262,09:43:24,31.13,-0.02,4,12452,卖盘
263,09:43:28,31.13,0.0,58,180596,卖盘
264,09:43:31,31.13,0.0,78,242796,买盘
265,09:43:34,31.15,0.02,97,302142,买盘
266,09:43:37,31.06,-0.09,198,615786,卖盘
267,09:43:40,31.07,0.01,5,15535,买盘
268,09:43:43,31.13,0.06,78,242384,买盘
269,09:43:46,31.07,-0.06,91,282987,卖盘
270,09:43:48,31.07,0.0,163,506501,卖盘
271,09:43:51,31.08,0.01,12,37308,卖盘
272,09:43:55,31.08,0.0,125,388774,卖盘
273,09:43:57,31.1,0.02,23,71553,中性盘
274,09:44:01,31.13,0.03,42,130676,买盘
275,09:44:04,31.13,0.0,12,37357,买盘
276,09:44:07,31.13,0.0,31,96505,卖盘
277,09:44:10,31.15,0.02,9,28025,买盘
278,09:44:12,31.19,0.04,10,31185,买盘
279,09:44:15,31.19,0.0,7,21833,卖盘
280,09:44:19,31.14,-0.05,133,414539,卖盘
281,09:44:22,31.22,0.08,50,156036,买盘
282,09:44:24,31.22,0.0,46,143517,买盘
283,09:44:27,31.18,-0.04,18,56152,卖盘
284,09:44:31,31.22,0.04,16,49923,买盘
285,09:44:34,31.2,-0.02,26,81120,卖盘
286,09:44:36,31.2,0.0,13,40582,卖盘
287,09:44:39,31.2,0.0,21,65522,买盘
288,09:44:43,31.22,0.02,38,118630,买盘
289,09:44:46,31.22,0.0,7,21854,卖盘
290,09:44:49,31.22,0.0,1,3122,卖盘
291,09:44:51,31.24,0.02,22,68716,买盘
292,09:44:54,31.23,-0.01,24,74953,卖盘
293,09:44:58,31.22,-0.01,48,149915,卖盘
294,09:45:01,31.25,0.03,9,28125,中性盘
295,09:45:04,31.26,0.01,1,3126,买盘
296,09:45:06,31.26,0.0,25,78144,买盘
297,09:45:10,31.26,0.0,22,68772,买盘
298,09:45:12,31.27,0.01,52,162567,买盘
299,09:45:15,31.27,0.0,10,31268,买盘
300,09:45:19,31.3,0.03,56,175167,买盘
301,09:45:21,31.28,-0.02,19,59424,买盘
302,09:45:25,31.28,0.0,15,46916,买盘
303,09:45:28,31.27,-0.01,31,96937,卖盘
304,09:45:31,31.27,0.0,10,31270,买盘
305,09:45:33,31.28,0.01,9,28146,买盘
306,09:45:37,31.24,-0.04,117,365711,卖盘
307,09:45:40,31.27,0.03,74,231437,买盘
308,09:45:43,31.27,0.0,3,9381,买盘
309,09:45:46,31.24,-0.03,22,68736,卖盘
310,09:45:49,31.24,0.0,12,37488,买盘
311,09:45:51,31.24,0.0,13,40612,买盘
312,09:45:54,31.26,0.02,16,49986,买盘
313,09:45:57,31.24,-0.02,5,15620,买盘
314,09:46:00,31.24,0.0,39,121848,卖盘
315,09:46:04,31.26,0.02,21,65629,买盘
316,09:46:07,31.27,0.01,7,21883,买盘
317,09:46:10,31.26,-0.01,5,15630,卖盘
318,09:46:13,31.26,0.0,7,21882,买盘
319,09:46:15,31.25,-0.01,5,15627,卖盘
320,09:46:19,31.26,0.01,17,53137,买盘
321,09:46:22,31.27,0.01,69,215719,买盘
322,09:46:25,31.25,-0.02,96,300176,卖盘
323,09:46:27,31.27,0.02,5,15635,买盘
324,09:46:30,31.25,-0.02,80,250003,卖盘
325,09:46:34,31.25,0.0,20,62516,卖盘
326,09:46:37,31.26,0.01,29,90626,买盘
327,09:46:40,31.27,0.01,14,43772,买盘
328,09:46:43,31.24,-0.03,62,193739,卖盘
329,09:46:46,31.26,0.02,11,34383,中性盘
330,09:46:49,31.25,-0.01,63,196974,卖盘
331,09:46:51,31.25,0.0,6,18752,买盘
332,09:46:54,31.24,-0.01,48,149955,卖盘
333,09:46:58,31.24,0.0,30,93740,卖盘
334,09:47:01,31.25,0.01,8,25000,中性盘
335,09:47:06,31.25,0.0,2,6250,卖盘
336,09:47:09,31.27,0.02,4,12506,买盘
337,09:47:13,31.26,-0.01,37,115635,买盘
338,09:47:16,31.23,-0.03,33,103110,卖盘
339,09:47:21,31.25,0.02,1,3125,买盘
340,09:47:24,31.23,-0.02,27,84355,卖盘
341,09:47:28,31.21,-0.02,38,118641,卖盘
342,09:47:31,31.25,0.04,154,481240,买盘
343,09:47:39,31.25,0.0,35,109375,卖盘
344,09:47:42,31.25,0.0,19,59380,卖盘
345,09:47:46,31.25,0.0,2,6250,卖盘
346,09:47:49,31.25,0.0,18,56250,卖盘
347,09:47:52,31.26,0.01,12,37509,买盘
348,09:47:54,31.22,-0.04,33,103026,卖盘
349,09:47:58,31.22,0.0,6,18732,买盘
350,09:48:01,31.22,0.0,7,21854,买盘
351,09:48:04,31.21,-0.01,42,131114,卖盘
352,09:48:06,31.2,-0.01,38,118582,卖盘
353,09:48:10,31.2,0.0,22,68644,卖盘
354,09:48:13,31.2,0.0,46,143550,卖盘
355,09:48:15,31.19,-0.01,8,24952,卖盘
356,09:48:18,31.19,0.0,19,59277,卖盘
357,09:48:21,31.18,-0.01,22,68610,卖盘
358,09:48:25,31.16,-0.02,34,105978,卖盘
359,09:48:31,31.16,0.0,6,18696,卖盘
360,09:48:34,31.16,0.0,26,81046,卖盘
361,09:48:37,31.16,0.0,42,130888,卖盘
362,09:48:40,31.16,0.0,21,65446,卖盘
363,09:48:43,31.16,0.0,49,152718,卖盘
364,09:48:46,31.16,0.0,52,162034,卖盘
365,09:48:49,31.2,0.04,166,517784,买盘
366,09:48:52,31.17,-0.03,38,118548,卖盘
367,09:48:55,31.16,-0.01,25,77906,卖盘
368,09:48:58,31.16,0.0,63,196325,卖盘
369,09:49:01,31.16,0.0,55,171383,卖盘
370,09:49:03,31.16,0.0,22,68552,卖盘
371,09:49:10,31.16,0.0,27,84131,买盘
372,09:49:13,31.16,0.0,64,201679,买盘
373,09:49:16,31.16,0.0,40,124614,卖盘
374,09:49:18,31.18,0.02,7,21818,买盘
375,09:49:21,31.16,-0.02,13,40508,卖盘
376,09:49:25,31.16,0.0,18,56098,卖盘
377,09:49:28,31.17,0.01,11,34287,卖盘
378,09:49:31,31.15,-0.02,15,46744,卖盘
379,09:49:33,31.16,0.01,16,49893,买盘
380,09:49:36,31.18,0.02,2,6236,中性盘
381,09:49:40,31.18,0.0,11,34298,卖盘
382,09:49:43,31.18,0.0,6,18708,卖盘
383,09:49:46,31.18,0.0,8,24944,卖盘
384,09:49:49,31.21,0.03,9,28086,买盘
385,09:49:52,31.21,0.0,1,3121,卖盘
386,09:49:58,31.24,0.03,1,3124,买盘
387,09:50:01,31.22,-0.02,65,202855,中性盘
388,09:50:04,31.13,-0.09,208,646118,卖盘
389,09:50:07,31.22,0.09,3,9357,卖盘
390,09:50:13,31.18,-0.04,3,9356,卖盘
391,09:50:15,31.19,0.01,4,12467,买盘
392,09:50:19,31.19,0.0,20,62379,买盘
393,09:50:25,31.19,0.0,2,6238,买盘
394,09:50:27,31.18,-0.01,1,3118,卖盘
395,09:50:30,31.16,-0.02,10,31152,中性盘
396,09:50:34,31.17,0.01,1,3117,买盘
397,09:50:42,31.16,-0.01,17,52990,卖盘
398,09:50:46,31.16,0.0,25,77900,卖盘
399,09:50:49,31.16,0.0,1,3116,买盘
400,09:50:52,31.15,-0.01,38,118384,卖盘
401,09:50:55,31.15,0.0,20,62301,卖盘
402,09:50:58,31.14,-0.01,3,9342,卖盘
403,09:51:01,31.14,0.0,1,3114,卖盘
404,09:51:04,31.14,0.0,14,43596,卖盘
405,09:51:07,31.12,-0.02,39,121385,卖盘
406,09:51:09,31.12,0.0,1,3112,买盘
407,09:51:13,31.12,0.0,3,9334,买盘
408,09:51:16,31.11,-0.01,5,15556,卖盘
409,09:51:21,31.11,0.0,46,143063,买盘
410,09:51:25,31.11,0.0,33,102645,买盘
411,09:51:31,31.09,-0.02,24,74638,卖盘
412,09:51:34,31.08,-0.01,84,261138,卖盘
413,09:51:37,31.09,0.01,56,174061,中性盘
414,09:51:40,31.1,0.01,69,214487,买盘
415,09:51:42,31.09,-0.01,54,167891,卖盘
416,09:51:46,31.1,0.01,118,366826,买盘
417,09:51:49,31.1,0.0,20,62200,卖盘
418,09:51:51,31.09,-0.01,18,55962,买盘
419,09:51:55,31.09,0.0,17,52849,买盘
420,09:51:58,31.1,0.01,55,170995,买盘
421,09:52:01,31.07,-0.03,86,267260,卖盘
422,09:52:04,31.08,0.01,48,149210,卖盘
423,09:52:07,31.1,0.02,36,111897,买盘
424,09:52:09,31.1,0.0,28,89324,买盘
425,09:52:13,31.1,0.0,33,102612,中性盘
426,09:52:15,31.08,-0.02,58,178082,卖盘
427,09:52:19,31.08,0.0,41,127428,买盘
428,09:52:22,31.08,0.0,27,83913,买盘
429,09:52:25,31.09,0.01,29,92416,买盘
430,09:52:28,31.09,0.0,11,34199,卖盘
431,09:52:30,31.09,0.0,21,65292,卖盘
432,09:52:34,31.09,0.0,21,65283,买盘
433,09:52:37,31.08,-0.01,5,15542,卖盘
434,09:52:40,31.09,0.01,48,149231,买盘
435,09:52:43,31.09,0.0,48,149191,买盘
436,09:52:45,31.09,0.0,31,96365,买盘
437,09:52:49,31.09,0.0,22,68392,买盘
438,09:52:52,31.1,0.01,20,62181,买盘
439,09:53:01,31.1,0.0,73,227026,卖盘
440,09:53:04,31.14,0.04,22,68508,买盘
441,09:53:10,31.15,0.01,9,28030,买盘
442,09:53:13,31.13,-0.02,2,6228,卖盘
443,09:53:16,31.14,0.01,61,189954,卖盘
444,09:53:18,31.14,0.0,39,121446,买盘
445,09:53:21,31.14,0.0,29,90306,卖盘
446,09:53:25,31.16,0.02,13,40536,中性盘
447,09:53:34,31.19,0.03,16,49904,买盘
448,09:53:36,31.18,-0.01,36,112232,中性盘
449,09:53:39,31.16,-0.02,59,183876,卖盘
450,09:53:43,31.18,0.02,24,74803,买盘
451,09:53:45,31.16,-0.02,36,112240,卖盘
452,09:53:48,31.18,0.02,13,40534,买盘
453,09:53:51,31.19,0.01,4,12474,买盘
454,09:53:54,31.16,-0.03,21,65472,卖盘
455,09:53:57,31.2,0.04,74,230816,买盘
456,09:54:00,31.2,0.0,20,62400,卖盘
457,09:54:04,31.2,0.0,16,49920,卖盘
458,09:54:07,31.2,0.0,13,40560,卖盘
459,09:54:10,31.24,0.04,3,9372,买盘
460,09:54:12,31.24,0.0,24,74922,买盘
461,09:54:15,31.19,-0.05,5,15595,卖盘
462,09:54:18,31.18,-0.01,17,53068,卖盘
463,09:54:28,31.24,0.06,15,46873,卖盘
464,09:54:31,31.25,0.01,14,43750,买盘
465,09:54:34,31.25,0.0,13,40625,卖盘
466,09:54:37,31.25,0.0,143,447011,卖盘
467,09:54:40,31.27,0.02,28,87532,买盘
468,09:54:43,31.26,-0.01,1,3126,卖盘
469,09:54:46,31.27,0.01,1,3127,买盘
470,09:54:54,31.29,0.02,7,21899,买盘
471,09:54:57,31.29,0.0,9,28151,买盘
472,09:55:01,31.29,0.0,1,3129,买盘
473,09:55:04,31.29,0.0,44,137665,买盘
474,09:55:06,31.29,0.0,8,25032,买盘
475,09:55:09,31.29,0.0,7,21903,买盘
476,09:55:12,31.3,0.01,5,15650,买盘
477,09:55:16,31.29,-0.01,28,87617,卖盘
478,09:55:19,31.29,0.0,11,34420,卖盘
479,09:55:22,31.29,0.0,63,197168,卖盘
480,09:55:25,31.29,0.0,14,43810,卖盘
481,09:55:27,31.3,0.01,2,6260,买盘
482,09:55:30,31.29,-0.01,39,122049,卖盘
483,09:55:33,31.3,0.01,42,131459,买盘
484,09:55:37,31.29,-0.01,77,240948,卖盘
485,09:55:43,31.35,0.06,20,62637,买盘
486,09:55:52,31.35,0.0,9,28198,买盘
487,09:55:54,31.33,-0.02,7,21931,中性盘
488,09:55:57,31.34,0.01,1,3134,中性盘
489,09:56:01,31.33,-0.01,41,128497,卖盘
490,09:56:04,31.35,0.02,9,28215,买盘
491,09:56:06,31.33,-0.02,5,15673,卖盘
492,09:56:10,31.3,-0.03,5,15661,卖盘
493,09:56:13,31.33,0.03,2,6267,中性盘
494,09:56:18,31.33,0.0,25,78323,买盘
495,09:56:22,31.3,-0.03,45,140838,卖盘
496,09:56:25,31.31,0.01,5,15653,买盘
497,09:56:28,31.3,-0.01,6,18780,买盘
498,09:56:31,31.29,-0.01,3,9387,卖盘
499,09:56:34,31.29,0.0,11,34427,卖盘
500,09:56:36,31.29,0.0,5,15646,卖盘
501,09:56:40,31.29,0.0,15,46941,卖盘
502,09:56:43,31.29,0.0,3,9387,买盘
503,09:56:49,31.27,-0.02,17,53159,卖盘
504,09:56:54,31.27,0.0,16,50032,卖盘
505,09:56:58,31.26,-0.01,46,143815,卖盘
506,09:57:01,31.33,0.07,104,325689,买盘
507,09:57:04,31.33,0.0,6,18798,卖盘
508,09:57:07,31.33,0.0,8,25064,卖盘
509,09:57:10,31.33,0.0,16,50152,卖盘
510,09:57:13,31.33,0.0,73,228719,卖盘
511,09:57:16,31.35,0.02,17,53265,买盘
512,09:57:19,31.35,0.0,20,62670,买盘
513,09:57:22,31.33,-0.02,7,21931,卖盘
514,09:57:28,31.33,0.0,16,50128,卖盘
515,09:57:31,31.33,0.0,8,25064,卖盘
516,09:57:33,31.33,0.0,3,9399,买盘
517,09:57:36,31.36,0.03,25,78376,买盘
518,09:57:40,31.33,-0.03,2,6266,买盘
519,09:57:43,31.33,0.0,7,21911,买盘
520,09:57:46,31.33,0.0,5,15665,买盘
521,09:57:55,31.3,-0.03,2,6261,卖盘
522,09:57:58,31.26,-0.04,16,50017,卖盘
523,09:58:10,31.27,0.01,18,56281,买盘
524,09:58:12,31.27,0.0,16,50032,卖盘
525,09:58:16,31.27,0.0,5,15635,卖盘
526,09:58:19,31.28,0.01,9,28152,买盘
527,09:58:22,31.27,-0.01,10,31274,卖盘
528,09:58:25,31.29,0.02,9,28153,买盘
529,09:58:27,31.27,-0.02,4,12509,卖盘
530,09:58:30,31.27,0.0,5,15635,卖盘
531,09:58:37,31.28,0.01,3,9385,卖盘
532,09:58:43,31.29,0.01,7,21899,买盘
533,09:58:45,31.29,0.0,9,28155,买盘
534,09:58:49,31.3,0.01,33,103217,买盘
535,09:58:52,31.3,0.0,1,3130,买盘
536,09:58:55,31.29,-0.01,2,6258,卖盘
537,09:59:00,31.29,0.0,18,56322,卖盘
538,09:59:06,31.3,0.01,10,31300,买盘
539,09:59:10,31.3,0.0,2,6260,买盘
540,09:59:13,31.3,0.0,12,37560,买盘
541,09:59:19,31.3,0.0,31,97030,卖盘
542,09:59:25,31.31,0.01,14,43822,买盘
543,09:59:27,31.31,0.0,4,12524,卖盘
544,09:59:31,31.31,0.0,1,3131,卖盘
545,09:59:39,31.31,0.0,25,78277,卖盘
546,09:59:42,31.32,0.01,11,34452,买盘
547,09:59:46,31.32,0.0,6,18792,买盘
548,09:59:48,31.32,0.0,3,9396,卖盘
549,09:59:52,31.32,0.0,8,25062,卖盘
550,09:59:54,31.32,0.0,9,28189,卖盘
551,09:59:57,31.32,0.0,33,103358,卖盘
552,10:00:01,31.32,0.0,5,15660,卖盘
553,10:00:06,31.33,0.01,21,65793,买盘
554,10:00:09,31.33,0.0,38,119039,买盘
555,10:00:12,31.33,0.0,63,197377,买盘
556,10:00:16,31.32,-0.01,10,31320,卖盘
557,10:00:19,31.32,0.0,12,37595,卖盘
558,10:00:22,31.32,0.0,18,56376,卖盘
559,10:00:27,31.29,-0.03,91,284852,卖盘
560,10:00:31,31.29,0.0,24,75096,买盘
561,10:00:39,31.27,-0.02,10,31274,卖盘
562,10:00:42,31.28,0.01,4,12512,买盘
563,10:00:46,31.27,-0.01,30,93810,卖盘
564,10:00:49,31.27,0.0,71,222018,卖盘
565,10:00:52,31.27,0.0,65,203270,卖盘
566,10:01:01,31.24,-0.03,4,12496,卖盘
567,10:01:04,31.24,0.0,5,15620,买盘
568,10:01:09,31.24,0.0,40,124958,买盘
569,10:01:12,31.24,0.0,28,87480,卖盘
570,10:01:16,31.24,0.0,8,24992,卖盘
571,10:01:19,31.24,0.0,5,15620,卖盘
572,10:01:22,31.24,0.0,4,12496,卖盘
573,10:01:25,31.27,0.03,6,18762,买盘
574,10:01:27,31.27,0.0,1,3127,中性盘
575,10:01:33,31.27,0.0,8,25016,卖盘
576,10:01:36,31.27,0.0,23,71900,买盘
577,10:01:40,31.26,-0.01,28,87555,中性盘
578,10:01:42,31.27,0.01,5,15635,中性盘
579,10:01:45,31.26,-0.01,19,59406,卖盘
580,10:01:49,31.25,-0.01,47,146892,卖盘
581,10:01:52,31.24,-0.01,18,56232,卖盘
582,10:01:55,31.25,0.01,18,56252,买盘
583,10:01:58,31.25,0.0,11,34375,买盘
584,10:02:01,31.27,0.02,11,34387,买盘
585,10:02:04,31.25,-0.02,8,25000,卖盘
586,10:02:07,31.27,0.02,2,6254,买盘
587,10:02:09,31.27,0.0,26,81271,买盘
588,10:02:12,31.27,0.0,15,46910,买盘
589,10:02:22,31.26,-0.01,43,134448,卖盘
590,10:02:25,31.27,0.01,18,56286,卖盘
591,10:02:27,31.27,0.0,5,15635,买盘
592,10:02:30,31.26,-0.01,19,59403,卖盘
593,10:02:37,31.27,0.01,5,15636,卖盘
594,10:02:40,31.28,0.01,13,40663,买盘
595,10:02:43,31.28,0.0,17,53176,卖盘
596,10:02:46,31.29,0.01,18,56322,买盘
597,10:02:48,31.28,-0.01,4,12512,卖盘
598,10:02:51,31.29,0.01,15,46935,买盘
599,10:02:54,31.29,0.0,10,31286,买盘
600,10:02:58,31.29,0.0,5,15641,买盘
601,10:03:01,31.29,0.0,14,43806,买盘
602,10:03:04,31.29,0.0,36,112637,买盘
603,10:03:06,31.29,0.0,12,37548,买盘
604,10:03:10,31.29,0.0,5,15645,买盘
605,10:03:13,31.29,0.0,17,53188,买盘
606,10:03:15,31.28,-0.01,24,75095,中性盘
607,10:03:19,31.27,-0.01,5,15637,卖盘
608,10:03:21,31.29,0.02,47,147063,买盘
609,10:03:25,31.29,0.0,39,122026,买盘
610,10:03:28,31.29,0.0,42,131418,买盘
611,10:03:31,31.29,0.0,23,71967,买盘
612,10:03:34,31.29,0.0,10,31290,卖盘
613,10:03:37,31.3,0.01,1,3130,买盘
614,10:03:40,31.29,-0.01,5,15648,卖盘
615,10:03:42,31.33,0.04,39,122187,买盘
616,10:03:46,31.33,0.0,3,9399,卖盘
617,10:03:49,31.33,0.0,2,6266,卖盘
618,10:03:52,31.35,0.02,10,31344,买盘
619,10:03:55,31.35,0.0,5,15675,买盘
620,10:03:57,31.35,0.0,16,50141,买盘
621,10:04:01,31.35,0.0,15,47025,买盘
622,10:04:04,31.35,0.0,2,6270,买盘
623,10:04:07,31.37,0.02,31,97245,买盘
624,10:04:13,31.37,0.0,5,15685,买盘
625,10:04:16,31.37,0.0,4,12548,买盘
626,10:04:19,31.37,0.0,1,3137,买盘
627,10:04:22,31.36,-0.01,7,21953,卖盘
628,10:04:28,31.37,0.01,3,9411,买盘
629,10:04:33,31.37,0.0,2,6274,卖盘
630,10:04:37,31.38,0.01,5,15690,买盘
631,10:04:40,31.38,0.0,10,31379,买盘
632,10:04:46,31.38,0.0,3,9416,卖盘
633,10:04:48,31.39,0.01,4,12556,买盘
634,10:04:52,31.39,0.0,5,15692,买盘
635,10:04:54,31.38,-0.01,3,7123,卖盘
636,10:04:57,31.39,0.01,21,65919,买盘
637,10:05:04,31.39,0.0,13,40810,卖盘
638,10:05:07,31.4,0.01,3,9420,买盘
639,10:05:10,31.4,0.0,13,40811,买盘
640,10:05:22,31.44,0.04,11,34584,买盘
641,10:05:24,31.42,-0.02,2,6285,中性盘
642,10:05:31,31.42,0.0,2,6284,买盘
643,10:05:33,31.42,0.0,1,3142,买盘
644,10:05:37,31.42,0.0,28,87982,买盘
645,10:05:40,31.44,0.02,14,44012,买盘
646,10:05:43,31.42,-0.02,11,34568,卖盘
647,10:05:46,31.42,0.0,28,88035,卖盘
648,10:05:48,31.44,0.02,13,40872,卖盘
649,10:05:51,31.47,0.03,10,31470,买盘
650,10:05:55,31.47,0.0,4,12588,卖盘
651,10:05:58,31.48,0.01,8,25184,买盘
652,10:06:01,31.49,0.01,15,47223,买盘
653,10:06:04,31.48,-0.01,5,15740,卖盘
654,10:06:07,31.5,0.02,38,119698,买盘
655,10:06:09,31.52,0.02,22,69342,买盘
656,10:06:12,31.52,0.0,10,31520,买盘
657,10:06:16,31.52,0.0,12,37821,买盘
658,10:06:22,31.55,0.03,5,15769,买盘
659,10:06:25,31.55,0.0,5,15775,买盘
660,10:06:28,31.56,0.01,13,41017,中性盘
661,10:06:30,31.58,0.02,20,63133,买盘
662,10:06:34,31.58,0.0,5,15790,卖盘
663,10:06:36,31.58,0.0,30,94740,买盘
664,10:06:39,31.58,0.0,38,119999,买盘
665,10:06:43,31.55,-0.03,9,28401,卖盘
666,10:06:46,31.59,0.04,68,214776,买盘
667,10:06:49,31.56,-0.03,6,18942,卖盘
668,10:06:52,31.59,0.03,55,173688,买盘
669,10:06:54,31.58,-0.01,48,151631,卖盘
670,10:06:58,31.57,-0.01,27,85287,卖盘
671,10:07:00,31.53,-0.04,34,107255,卖盘
672,10:07:04,31.53,0.0,14,44142,买盘
673,10:07:07,31.57,0.04,4,12616,买盘
674,10:07:10,31.52,-0.05,67,211324,卖盘
675,10:07:13,31.59,0.07,11,34744,买盘
676,10:07:15,31.59,0.0,2,6318,买盘
677,10:07:19,31.53,-0.06,13,41001,卖盘
678,10:07:21,31.57,0.04,11,34721,买盘
679,10:07:25,31.57,0.0,5,15785,买盘
680,10:07:28,31.57,0.0,1,3157,买盘
681,10:07:31,31.56,-0.01,1,3156,卖盘
682,10:07:34,31.56,0.0,1,3156,买盘
683,10:07:37,31.53,-0.03,79,249101,卖盘
684,10:07:39,31.53,0.0,4,12612,买盘
685,10:07:42,31.53,0.0,85,267980,买盘
686,10:07:46,31.53,0.0,6,18917,买盘
687,10:07:49,31.52,-0.01,2,6303,中性盘
688,10:07:52,31.52,0.0,5,15760,买盘
689,10:07:55,31.49,-0.03,37,116547,卖盘
690,10:08:01,31.48,-0.01,25,78744,卖盘
691,10:08:04,31.49,0.01,2,6298,中性盘
692,10:08:07,31.47,-0.02,89,280094,卖盘
693,10:08:10,31.47,0.0,1,3147,买盘
694,10:08:13,31.47,0.0,8,25176,买盘
695,10:08:16,31.46,-0.01,43,135293,卖盘
696,10:08:19,31.5,0.04,63,198361,买盘
697,10:08:28,31.49,-0.01,14,44089,卖盘
698,10:08:30,31.48,-0.01,12,37780,卖盘
699,10:08:34,31.48,0.0,5,15740,买盘
700,10:08:37,31.46,-0.02,1,3146,卖盘
701,10:08:43,31.45,-0.01,2,6290,卖盘
702,10:08:46,31.45,0.0,4,12581,卖盘
703,10:08:48,31.45,0.0,11,34595,卖盘
704,10:08:51,31.44,-0.01,21,66039,卖盘
705,10:08:55,31.44,0.0,8,25157,卖盘
706,10:08:58,31.45,0.01,17,53450,买盘
707,10:09:01,31.45,0.0,22,69191,卖盘
708,10:09:04,31.44,-0.01,9,28296,买盘
709,10:09:06,31.46,0.02,27,84942,买盘
710,10:09:10,31.46,0.0,2,6292,买盘
711,10:09:13,31.44,-0.02,25,78616,卖盘
712,10:09:16,31.44,0.0,14,44016,买盘
713,10:09:19,31.45,0.01,13,40875,买盘
714,10:09:24,31.45,0.0,5,15723,中性盘
715,10:09:28,31.48,0.03,7,22033,买盘
716,10:09:31,31.49,0.01,1,3149,买盘
717,10:09:34,31.49,0.0,15,47229,买盘
718,10:09:36,31.49,0.0,2,6298,买盘
719,10:09:43,31.5,0.01,16,50400,买盘
720,10:09:49,31.52,0.02,12,37808,买盘
721,10:09:51,31.53,0.01,3,9459,买盘
722,10:09:58,31.56,0.03,15,47334,买盘
723,10:10:04,31.56,0.0,4,12624,买盘
724,10:10:07,31.58,0.02,15,47349,买盘
725,10:10:10,31.58,0.0,8,25264,买盘
726,10:10:13,31.59,0.01,10,31589,买盘
727,10:10:15,31.58,-0.01,7,22102,买盘
728,10:10:19,31.56,-0.02,29,91576,卖盘
729,10:10:22,31.59,0.03,4,12636,买盘
730,10:10:25,31.59,0.0,12,37896,买盘
731,10:10:28,31.59,0.0,3,9477,买盘
732,10:10:31,31.6,0.01,27,85289,买盘
733,10:10:33,31.59,-0.01,3,9477,中性盘
734,10:10:36,31.58,-0.01,5,15790,买盘
735,10:10:40,31.59,0.01,19,60006,买盘
736,10:10:43,31.6,0.01,2,6320,买盘
737,10:10:46,31.6,0.0,12,37909,买盘
738,10:10:49,31.59,-0.01,23,72659,卖盘
739,10:10:52,31.6,0.01,70,221141,买盘
740,10:10:55,31.59,-0.01,3,9477,中性盘
741,10:10:58,31.58,-0.01,11,34744,卖盘
742,10:11:01,31.56,-0.02,51,161076,卖盘
743,10:11:03,31.58,0.02,17,53686,买盘
744,10:11:06,31.57,-0.01,1,3157,卖盘
745,10:11:10,31.56,-0.01,1,3156,卖盘
746,10:11:13,31.56,0.0,18,56808,卖盘
747,10:11:16,31.55,-0.01,3,9465,卖盘
748,10:11:19,31.56,0.01,2,6312,买盘
749,10:11:21,31.56,0.0,33,104115,买盘
750,10:11:25,31.56,0.0,10,31559,买盘
751,10:11:27,31.55,-0.01,3,9464,中性盘
752,10:11:31,31.53,-0.02,38,119859,卖盘
753,10:11:34,31.55,0.02,36,113597,买盘
754,10:11:36,31.55,0.0,47,148332,买盘
755,10:11:43,31.55,0.0,13,41015,卖盘
756,10:11:45,31.55,0.0,2,6310,买盘
757,10:11:51,31.55,0.0,6,18926,买盘
758,10:11:58,31.53,-0.02,4,12612,卖盘
759,10:12:00,31.53,0.0,44,138732,卖盘
760,10:12:07,31.53,0.0,16,50437,买盘
761,10:12:12,31.55,0.02,74,233422,买盘
762,10:12:19,31.57,0.02,2,6313,买盘
763,10:12:22,31.55,-0.02,4,12620,卖盘
764,10:12:25,31.57,0.02,9,28416,买盘
765,10:12:27,31.55,-0.02,140,441725,卖盘
766,10:12:31,31.55,0.0,16,50480,买盘
767,10:12:34,31.57,0.02,35,110443,买盘
768,10:12:37,31.57,0.0,10,31570,卖盘
769,10:12:40,31.58,0.01,12,37886,买盘
770,10:12:45,31.57,-0.01,14,44198,卖盘
771,10:12:49,31.57,0.0,21,66297,买盘
772,10:12:52,31.56,-0.01,3,9470,卖盘
773,10:12:54,31.56,0.0,10,31560,买盘
774,10:12:57,31.55,-0.01,17,53642,卖盘
775,10:13:01,31.56,0.01,10,31560,买盘
776,10:13:06,31.55,-0.01,20,63113,卖盘
777,10:13:10,31.55,0.0,15,47325,卖盘
778,10:13:13,31.55,0.0,7,22085,买盘
779,10:13:19,31.53,-0.02,46,145052,卖盘
780,10:13:21,31.55,0.02,50,157738,买盘
781,10:13:25,31.53,-0.02,11,34683,卖盘
782,10:13:28,31.53,0.0,16,50445,买盘
783,10:13:34,31.53,0.0,2,6306,买盘
784,10:13:36,31.55,0.02,33,104054,买盘
785,10:13:43,31.53,-0.02,5,15765,卖盘
786,10:13:46,31.53,0.0,2,6306,卖盘
787,10:13:49,31.54,0.01,25,78812,买盘
788,10:13:55,31.53,-0.01,6,18918,买盘
789,10:14:01,31.53,0.0,4,12612,卖盘
790,10:14:04,31.52,-0.01,1,3152,卖盘
791,10:14:06,31.52,0.0,2,6304,卖盘
792,10:14:09,31.52,0.0,2,6304,卖盘
793,10:14:21,31.51,-0.01,1,3151,卖盘
794,10:14:24,31.52,0.01,4,12605,买盘
795,10:14:27,31.51,-0.01,1,3151,卖盘
796,10:14:36,31.51,0.0,3,9453,卖盘
797,10:14:40,31.5,-0.01,52,163833,卖盘
798,10:14:42,31.51,0.01,2,6302,买盘
799,10:14:45,31.5,-0.01,6,18900,卖盘
800,10:14:49,31.51,0.01,3,9453,买盘
801,10:14:52,31.5,-0.01,14,44105,卖盘
802,10:14:55,31.49,-0.01,6,18895,卖盘
803,10:15:01,31.46,-0.03,14,44070,卖盘
804,10:15:07,31.46,0.0,4,12584,卖盘
805,10:15:16,31.46,0.0,12,37758,卖盘
806,10:15:22,31.46,0.0,11,34606,卖盘
807,10:15:25,31.46,0.0,3,9438,卖盘
808,10:15:27,31.46,0.0,1,3146,买盘
809,10:15:36,31.45,-0.01,9,28305,卖盘
810,10:15:40,31.45,0.0,38,119510,卖盘
811,10:15:43,31.45,0.0,41,128945,买盘
812,10:15:49,31.44,-0.01,2,6288,卖盘
813,10:15:51,31.44,0.0,2,6288,买盘
814,10:15:58,31.45,0.01,22,69188,买盘
815,10:16:01,31.43,-0.02,2,6286,卖盘
816,10:16:07,31.43,0.0,16,50288,卖盘
817,10:16:10,31.43,0.0,11,34573,卖盘
818,10:16:15,31.43,0.0,12,37716,卖盘
819,10:16:18,31.44,0.01,31,97480,买盘
820,10:16:28,31.42,-0.02,14,43988,卖盘
821,10:16:31,31.42,0.0,10,31420,买盘
822,10:16:34,31.42,0.0,5,15710,买盘
823,10:16:36,31.42,0.0,26,81692,买盘
824,10:16:40,31.42,0.0,1,3142,卖盘
825,10:16:42,31.43,0.01,14,44001,买盘
826,10:16:45,31.43,0.0,2,6286,买盘
827,10:16:48,31.43,0.0,2,6286,买盘
828,10:16:52,31.43,0.0,1,3143,卖盘
829,10:16:58,31.45,0.02,10,31450,买盘
830,10:17:01,31.42,-0.03,11,34592,卖盘
831,10:17:04,31.45,0.03,78,245305,买盘
832,10:17:10,31.45,0.0,1,3145,买盘
833,10:17:16,31.46,0.01,12,37752,买盘
834,10:17:19,31.46,0.0,1,3146,卖盘
835,10:17:28,31.49,0.03,3,9447,买盘
836,10:17:34,31.46,-0.03,14,44044,卖盘
837,10:17:37,31.5,0.04,1,3150,买盘
838,10:17:42,31.5,0.0,14,44060,买盘
839,10:17:45,31.5,0.0,2,6300,买盘
840,10:17:58,31.51,0.01,9,28359,买盘
841,10:18:04,31.52,0.01,2,6304,买盘
842,10:18:06,31.51,-0.01,11,34662,卖盘
843,10:18:13,31.52,0.01,2,6304,买盘
844,10:18:21,31.53,0.01,3,9459,买盘
845,10:18:27,31.55,0.02,7,22085,买盘
846,10:18:40,31.55,0.0,6,18930,买盘
847,10:18:45,31.55,0.0,3,9465,买盘
848,10:18:48,31.55,0.0,10,31550,买盘
849,10:18:58,31.55,0.0,1,3155,卖盘
850,10:19:04,31.56,0.01,5,15780,买盘
851,10:19:09,31.56,0.0,8,25248,买盘
852,10:19:12,31.58,0.02,21,66292,买盘
853,10:19:15,31.56,-0.02,7,22092,卖盘
854,10:19:18,31.55,-0.01,54,170370,卖盘
855,10:19:22,31.56,0.01,79,249258,买盘
856,10:19:25,31.56,0.0,38,119932,卖盘
857,10:19:34,31.53,-0.03,3,9459,卖盘
858,10:19:40,31.53,0.0,10,31530,卖盘
859,10:19:42,31.55,0.02,132,415138,买盘
860,10:19:49,31.5,-0.05,2,6300,中性盘
861,10:20:03,31.5,0.0,3,9450,买盘
862,10:20:21,31.5,0.0,30,94500,卖盘
863,10:20:25,31.52,0.02,1,3152,买盘
864,10:20:28,31.5,-0.02,4,12600,卖盘
865,10:20:30,31.5,0.0,8,25206,卖盘
866,10:20:48,31.5,0.0,65,204750,买盘
867,10:20:55,31.5,0.0,2,6300,卖盘
868,10:20:57,31.5,0.0,5,15750,卖盘
869,10:21:00,31.5,0.0,12,37800,卖盘
870,10:21:04,31.5,0.0,50,157500,卖盘
871,10:21:16,31.5,0.0,39,122850,卖盘
872,10:21:19,31.5,0.0,22,69300,卖盘
873,10:21:22,31.5,0.0,13,40950,卖盘
874,10:21:24,31.5,0.0,7,22050,卖盘
875,10:21:31,31.5,0.0,6,18900,买盘
876,10:21:34,31.49,-0.01,1,3149,中性盘
877,10:21:49,31.5,0.01,20,63000,买盘
878,10:21:54,31.45,-0.05,23,72336,卖盘
879,10:22:01,31.49,0.04,1,3149,买盘
880,10:22:07,31.44,-0.05,40,125770,卖盘
881,10:22:12,31.43,-0.01,13,40869,卖盘
882,10:22:19,31.44,0.01,17,53442,买盘
883,10:22:21,31.43,-0.01,6,18861,卖盘
884,10:22:25,31.44,0.01,1,3144,买盘
885,10:22:28,31.44,0.0,15,47146,买盘
886,10:22:31,31.44,0.0,1,3144,买盘
887,10:22:36,31.42,-0.02,5,15710,卖盘
888,10:22:52,31.44,0.02,2,6288,买盘
889,10:22:55,31.44,0.0,8,25152,买盘
890,10:22:57,31.43,-0.01,10,31430,卖盘
891,10:23:04,31.44,0.01,9,28292,买盘
892,10:23:07,31.44,0.0,3,9432,卖盘
893,10:23:31,31.43,-0.01,17,53446,卖盘
894,10:23:40,31.47,0.04,8,25161,买盘
895,10:23:43,31.47,0.0,4,12588,买盘
896,10:23:55,31.47,0.0,5,15735,买盘
897,10:23:58,31.47,0.0,1,3147,卖盘
898,10:24:07,31.48,0.01,5,15740,卖盘
899,10:24:09,31.49,0.01,5,15745,买盘
900,10:24:25,31.48,-0.01,5,15740,卖盘
901,10:24:31,31.49,0.01,2,6298,买盘
902,10:24:40,31.49,0.0,3,9447,买盘
903,10:24:45,31.49,0.0,5,15745,买盘
904,10:24:52,31.49,0.0,2,6298,买盘
905,10:24:54,31.49,0.0,18,56668,买盘
906,10:24:57,31.49,0.0,3,9447,买盘
907,10:25:00,31.48,-0.01,1,3148,卖盘
908,10:25:10,31.49,0.01,2,6298,买盘
909,10:25:22,31.48,-0.01,5,15743,卖盘
910,10:25:25,31.49,0.01,5,15745,卖盘
911,10:25:39,31.49,0.0,2,6298,买盘
912,10:25:42,31.48,-0.01,56,176288,卖盘
913,10:25:52,31.49,0.01,17,53523,买盘
914,10:25:55,31.48,-0.01,21,66117,卖盘
915,10:26:04,31.48,0.0,3,9444,买盘
916,10:26:10,31.48,0.0,1,3148,卖盘
917,10:26:13,31.48,0.0,3,9444,卖盘
918,10:26:19,31.49,0.01,12,37788,买盘
919,10:26:22,31.49,0.0,1,3149,买盘
920,10:26:25,31.48,-0.01,2,6296,卖盘
921,10:26:28,31.48,0.0,2,6296,卖盘
922,10:26:31,31.48,0.0,4,12592,卖盘
923,10:26:46,31.5,0.02,5,15750,买盘
924,10:26:49,31.49,-0.01,1,3149,卖盘
925,10:26:55,31.5,0.01,1,3150,买盘
926,10:27:03,31.48,-0.02,1,3148,卖盘
927,10:27:07,31.5,0.02,10,31495,买盘
928,10:27:13,31.5,0.0,9,28350,买盘
929,10:27:19,31.5,0.0,5,15750,买盘
930,10:27:33,31.48,-0.02,1,3148,卖盘
931,10:27:40,31.48,0.0,11,34628,卖盘
932,10:27:43,31.48,0.0,24,75552,买盘
933,10:27:52,31.48,0.0,16,50343,买盘
934,10:28:01,31.48,0.0,18,56664,买盘
935,10:28:07,31.48,0.0,4,12592,卖盘
936,10:28:12,31.48,0.0,8,25182,买盘
937,10:28:19,31.48,0.0,2,6296,买盘
938,10:28:22,31.48,0.0,3,9444,买盘
939,10:28:31,31.48,0.0,2,6296,买盘
940,10:28:40,31.5,0.02,30,94500,买盘
941,10:28:43,31.52,0.02,25,78800,买盘
942,10:28:55,31.52,0.0,33,104016,卖盘
943,10:28:58,31.5,-0.02,7,22065,卖盘
944,10:29:01,31.5,0.0,21,66150,买盘
945,10:29:07,31.5,0.0,7,22050,买盘
946,10:29:09,31.5,0.0,2,6300,买盘
947,10:29:15,31.5,0.0,12,37800,买盘
948,10:29:30,31.53,0.03,6,18918,买盘
949,10:29:40,31.55,0.02,15,47320,买盘
950,10:29:48,31.55,0.0,4,12620,买盘
951,10:29:52,31.55,0.0,13,41015,卖盘
952,10:30:00,31.55,0.0,2,6310,卖盘
953,10:30:04,31.56,0.01,3,9468,买盘
954,10:30:06,31.56,0.0,7,22092,买盘
955,10:30:10,31.56,0.0,15,47340,买盘
956,10:30:15,31.56,0.0,2,6312,买盘
957,10:30:18,31.56,0.0,3,9468,卖盘
958,10:30:28,31.59,0.03,81,255786,买盘
959,10:30:33,31.6,0.01,50,158000,买盘
960,10:30:36,31.6,0.0,9,28440,买盘
961,10:30:42,31.61,0.01,19,60079,卖盘
962,10:30:46,31.6,-0.01,50,158086,卖盘
963,10:30:49,31.59,-0.01,155,489645,卖盘
964,10:30:52,31.6,0.01,18,56872,买盘
965,10:30:55,31.59,-0.01,45,142164,卖盘
966,10:31:00,31.59,0.0,17,53714,卖盘
967,10:31:07,31.6,0.01,5,15800,卖盘
968,10:31:10,31.63,0.03,8,25304,买盘
969,10:31:13,31.6,-0.03,55,173854,卖盘
970,10:31:16,31.6,0.0,16,50560,买盘
971,10:31:22,31.6,0.0,5,15800,买盘
972,10:31:25,31.59,-0.01,1,3159,卖盘
973,10:31:30,31.59,0.0,1,3159,卖盘
974,10:31:34,31.6,0.01,9,28436,买盘
975,10:31:37,31.59,-0.01,2,6318,卖盘
976,10:31:40,31.59,0.0,19,60021,卖盘
977,10:31:52,31.57,-0.02,20,63142,卖盘
978,10:31:58,31.58,0.01,4,12634,卖盘
979,10:32:01,31.57,-0.01,10,31575,卖盘
980,10:32:15,31.55,-0.02,5,15777,卖盘
981,10:32:21,31.55,0.0,12,37860,卖盘
982,10:32:25,31.56,0.01,17,53652,买盘
983,10:32:28,31.57,0.01,6,18942,买盘
984,10:32:39,31.56,-0.01,1,3156,卖盘
985,10:32:51,31.56,0.0,10,31560,卖盘
986,10:32:54,31.56,0.0,4,12624,卖盘
987,10:33:01,31.56,0.0,24,75744,卖盘
988,10:33:03,31.56,0.0,21,66276,卖盘
989,10:33:07,31.55,-0.01,25,78875,卖盘
990,10:33:13,31.55,0.0,3,9465,买盘
991,10:33:16,31.54,-0.01,19,59926,卖盘
992,10:33:22,31.54,0.0,3,9462,卖盘
993,10:33:24,31.54,0.0,4,12616,卖盘
994,10:33:31,31.54,0.0,2,6308,买盘
995,10:33:34,31.54,0.0,1,3154,卖盘
996,10:33:52,31.53,-0.01,10,31531,卖盘
997,10:33:58,31.53,0.0,3,9459,卖盘
998,10:34:04,31.54,0.01,2,6308,卖盘
999,10:34:06,31.54,0.0,2,6308,卖盘
1000,10:34:09,31.54,0.0,3,9462,买盘
1001,10:34:13,31.53,-0.01,28,88284,卖盘
1002,10:34:16,31.5,-0.03,25,78751,卖盘
1003,10:34:19,31.5,0.0,5,15750,买盘
1004,10:34:22,31.48,-0.02,3,9444,卖盘
1005,10:34:28,31.47,-0.01,15,47215,卖盘
1006,10:34:31,31.5,0.03,5,15750,买盘
1007,10:34:34,31.5,0.0,1,3150,买盘
1008,10:34:37,31.47,-0.03,1,3147,卖盘
1009,10:34:45,31.47,0.0,1,3147,卖盘
1010,10:34:52,31.47,0.0,14,44049,买盘
1011,10:34:55,31.48,0.01,10,31472,买盘
1012,10:34:58,31.48,0.0,5,15740,买盘
1013,10:35:19,31.49,0.01,4,12596,买盘
1014,10:35:24,31.51,0.02,3,10115,卖盘
1015,10:35:27,31.51,0.0,2,5640,卖盘
1016,10:35:31,31.5,-0.01,10,31500,卖盘
1017,10:35:37,31.5,0.0,1,3150,卖盘
1018,10:35:42,31.51,0.01,1,3151,买盘
1019,10:35:45,31.5,-0.01,6,18900,卖盘
1020,10:35:48,31.51,0.01,13,41614,买盘
1021,10:35:54,31.51,0.0,2,5640,卖盘
1022,10:35:58,31.5,-0.01,23,72458,卖盘
1023,10:36:00,31.51,0.01,4,12604,买盘
1024,10:36:10,31.51,0.0,2,6302,买盘
1025,10:36:13,31.5,-0.01,14,44770,卖盘
1026,10:36:21,31.5,0.0,1,3150,卖盘
1027,10:36:33,31.5,0.0,10,31500,卖盘
1028,10:36:39,31.5,0.0,2,6300,卖盘
1029,10:36:48,31.51,0.01,1,3151,买盘
1030,10:36:55,31.51,0.0,8,24541,买盘
1031,10:37:00,31.5,-0.01,5,15750,买盘
1032,10:37:04,31.5,0.0,3,9450,买盘
1033,10:37:09,31.49,-0.01,18,56682,卖盘
1034,10:37:12,31.48,-0.01,2,6296,卖盘
1035,10:37:18,31.48,0.0,2,6296,卖盘
1036,10:37:21,31.48,0.0,1,3148,卖盘
1037,10:37:30,31.47,-0.01,10,31470,卖盘
1038,10:37:40,31.47,0.0,5,15735,卖盘
1039,10:37:43,31.45,-0.02,35,110105,卖盘
1040,10:37:52,31.45,0.0,22,69190,卖盘
1041,10:37:55,31.44,-0.01,3,9432,卖盘
1042,10:37:57,31.42,-0.02,53,166581,卖盘
1043,10:38:07,31.4,-0.02,16,50262,卖盘
1044,10:38:10,31.4,0.0,20,62800,卖盘
1045,10:38:12,31.37,-0.03,28,87908,卖盘
1046,10:38:16,31.4,0.03,43,135003,买盘
1047,10:38:19,31.35,-0.05,31,97257,卖盘
1048,10:38:22,31.33,-0.02,10,31336,卖盘
1049,10:38:25,31.35,0.02,7,21935,中性盘
1050,10:38:28,31.33,-0.02,5,15665,卖盘
1051,10:38:30,31.31,-0.02,15,46987,卖盘
1052,10:38:34,31.33,0.02,5,15665,买盘
1053,10:38:36,31.31,-0.02,8,25058,卖盘
1054,10:38:39,31.3,-0.01,48,150259,卖盘
1055,10:38:43,31.27,-0.03,45,140803,卖盘
1056,10:38:48,31.3,0.03,5,15650,买盘
1057,10:38:51,31.25,-0.05,17,53141,卖盘
1058,10:38:55,31.23,-0.02,15,46871,卖盘
1059,10:38:58,31.24,0.01,11,34367,中性盘
1060,10:39:01,31.27,0.03,1,3127,买盘
1061,10:39:04,31.27,0.0,5,15635,卖盘
1062,10:39:07,31.3,0.03,7,21901,买盘
1063,10:39:09,31.27,-0.03,23,71930,中性盘
1064,10:39:18,31.3,0.03,4,12525,卖盘
1065,10:39:22,31.27,-0.03,42,131376,卖盘
1066,10:39:24,31.27,0.0,24,75048,买盘
1067,10:39:28,31.27,0.0,23,71918,买盘
1068,10:39:30,31.27,0.0,20,62534,买盘
1069,10:39:37,31.26,-0.01,44,137566,卖盘
1070,10:39:39,31.26,0.0,7,21882,买盘
1071,10:39:43,31.26,0.0,50,156300,买盘
1072,10:39:46,31.27,0.01,6,18772,卖盘
1073,10:39:49,31.27,0.0,1,3127,卖盘
1074,10:39:54,31.27,0.0,19,59413,卖盘
1075,10:40:10,31.35,0.08,8,25080,买盘
1076,10:40:13,31.35,0.0,1,3135,买盘
1077,10:40:16,31.35,0.0,11,34485,买盘
1078,10:40:18,31.31,-0.04,1,3131,卖盘
1079,10:40:28,31.34,0.03,8,25072,买盘
1080,10:40:31,31.35,0.01,9,28211,买盘
1081,10:40:39,31.34,-0.01,1,3134,中性盘
1082,10:40:42,31.34,0.0,9,28206,买盘
1083,10:40:45,31.34,0.0,9,28206,卖盘
1084,10:40:52,31.34,0.0,5,15670,买盘
1085,10:40:55,31.34,0.0,3,9402,买盘
1086,10:40:58,31.32,-0.02,4,12531,卖盘
1087,10:41:01,31.34,0.02,7,21938,买盘
1088,10:41:06,31.34,0.0,4,12536,卖盘
1089,10:41:16,31.34,0.0,19,59530,买盘
1090,10:41:19,31.32,-0.02,34,106510,卖盘
1091,10:41:22,31.33,0.01,5,15667,中性盘
1092,10:41:30,31.33,0.0,5,15664,买盘
1093,10:41:33,31.31,-0.02,51,159693,卖盘
1094,10:41:37,31.33,0.02,22,68926,买盘
1095,10:41:40,31.31,-0.02,12,37592,中性盘
1096,10:41:43,31.33,0.02,8,25052,买盘
1097,10:41:46,31.35,0.02,86,269542,买盘
1098,10:41:49,31.35,0.0,7,21945,买盘
1099,10:41:55,31.38,0.03,25,78450,买盘
1100,10:41:58,31.38,0.0,20,62760,买盘
1101,10:42:09,31.44,0.06,6,18852,买盘
1102,10:42:12,31.41,-0.03,10,31413,卖盘
1103,10:42:18,31.47,0.06,13,40911,买盘
1104,10:42:30,31.47,0.0,15,47210,卖盘
1105,10:42:34,31.47,0.0,3,9441,卖盘
1106,10:42:37,31.49,0.02,5,15745,买盘
1107,10:42:42,31.49,0.0,6,18894,买盘
1108,10:42:49,31.49,0.0,2,6298,买盘
1109,10:42:52,31.49,0.0,5,15745,买盘
1110,10:42:58,31.5,0.01,1,3150,买盘
1111,10:43:00,31.52,0.02,19,59883,买盘
1112,10:43:07,31.5,-0.02,1,3150,卖盘
1113,10:43:18,31.52,0.02,15,47280,买盘
1114,10:43:31,31.54,0.02,3,9462,买盘
1115,10:43:34,31.52,-0.02,3,9460,卖盘
1116,10:43:39,31.54,0.02,3,9462,卖盘
1117,10:43:43,31.54,0.0,4,12617,卖盘
1118,10:43:46,31.54,0.0,4,12616,卖盘
1119,10:43:49,31.55,0.01,20,63081,买盘
1120,10:43:52,31.55,0.0,1,3155,买盘
1121,10:43:55,31.55,0.0,1,3155,买盘
1122,10:43:57,31.54,-0.01,5,15770,卖盘
1123,10:44:00,31.56,0.02,5,15777,中性盘
1124,10:44:06,31.56,0.0,8,25248,卖盘
1125,10:44:09,31.57,0.01,2,6314,买盘
1126,10:44:13,31.58,0.01,5,15790,买盘
1127,10:44:21,31.59,0.01,5,15795,买盘
1128,10:44:25,31.58,-0.01,2,6317,卖盘
1129,10:44:30,31.6,0.02,11,34758,买盘
1130,10:44:34,31.59,-0.01,4,12638,卖盘
1131,10:44:37,31.6,0.01,5,15800,买盘
1132,10:44:43,31.59,-0.01,3,9477,卖盘
1133,10:44:46,31.59,0.0,10,31597,买盘
1134,10:44:51,31.6,0.01,19,60037,买盘
1135,10:44:57,31.6,0.0,12,37930,卖盘
1136,10:45:01,31.6,0.0,2,6320,卖盘
1137,10:45:04,31.61,0.01,2,6322,买盘
1138,10:45:07,31.6,-0.01,20,63200,卖盘
1139,10:45:10,31.6,0.0,2,6320,卖盘
1140,10:45:13,31.58,-0.02,28,88447,卖盘
1141,10:45:18,31.6,0.02,1,3160,买盘
1142,10:45:25,31.58,-0.02,7,22111,卖盘
1143,10:45:28,31.55,-0.03,57,179934,卖盘
1144,10:45:30,31.54,-0.01,15,47315,卖盘
1145,10:45:40,31.52,-0.02,30,94560,卖盘
1146,10:45:46,31.52,0.0,10,31520,卖盘
1147,10:46:00,31.52,0.0,15,47276,买盘
1148,10:46:16,31.52,0.0,9,28368,买盘
1149,10:46:18,31.52,0.0,4,12608,买盘
1150,10:46:21,31.54,0.02,3,9462,买盘
1151,10:46:24,31.49,-0.05,8,25204,卖盘
1152,10:46:31,31.48,-0.01,4,12592,卖盘
1153,10:46:52,31.51,0.03,5,15755,卖盘
1154,10:46:55,31.47,-0.04,10,31477,卖盘
1155,10:46:58,31.53,0.06,2,6306,买盘
1156,10:47:09,31.51,-0.02,1,3151,买盘
1157,10:47:22,31.51,0.0,28,88291,卖盘
1158,10:47:25,31.55,0.04,2,6310,买盘
1159,10:47:27,31.58,0.03,1,3158,卖盘
1160,10:47:30,31.58,0.0,1,3158,卖盘
1161,10:47:39,31.58,0.0,9,28422,买盘
1162,10:47:46,31.58,0.0,1,3158,卖盘
1163,10:47:51,31.59,0.01,15,47379,买盘
1164,10:47:55,31.58,-0.01,2,6316,中性盘
1165,10:48:00,31.6,0.02,36,114409,买盘
1166,10:48:07,31.6,0.0,8,25280,买盘
1167,10:48:10,31.62,0.02,9,28450,买盘
1168,10:48:16,31.63,0.01,14,44270,买盘
1169,10:48:18,31.6,-0.03,2,6320,卖盘
1170,10:48:24,31.62,0.02,26,82237,卖盘
1171,10:48:27,31.63,0.01,28,88564,买盘
1172,10:48:30,31.63,0.0,15,47445,买盘
1173,10:48:34,31.61,-0.02,34,107515,卖盘
1174,10:48:36,31.64,0.03,17,53764,买盘
1175,10:48:39,31.64,0.0,5,15820,卖盘
1176,10:48:42,31.65,0.01,3,9493,买盘
1177,10:48:45,31.64,-0.01,9,28480,中性盘
1178,10:48:49,31.64,0.0,2,6328,卖盘
1179,10:48:52,31.64,0.0,3,9492,买盘
1180,10:48:55,31.64,0.0,1,3164,买盘
1181,10:48:58,31.63,-0.01,37,117057,卖盘
1182,10:49:01,31.63,0.0,4,12652,卖盘
1183,10:49:04,31.64,0.01,52,164498,买盘
1184,10:49:06,31.62,-0.02,4,12650,卖盘
1185,10:49:16,31.62,0.0,9,28458,买盘
1186,10:49:21,31.62,0.0,4,12648,卖盘
1187,10:49:28,31.6,-0.02,5,15800,卖盘
1188,10:49:30,31.62,0.02,6,18972,买盘
1189,10:49:33,31.62,0.0,14,44268,卖盘
1190,10:49:36,31.6,-0.02,11,34760,卖盘
1191,10:49:46,31.6,0.0,4,12640,买盘
1192,10:49:49,31.6,0.0,2,6319,买盘
1193,10:50:01,31.59,-0.01,12,37908,卖盘
1194,10:50:13,31.59,0.0,11,34749,卖盘
1195,10:50:16,31.59,0.0,13,41067,卖盘
1196,10:50:21,31.59,0.0,11,34749,买盘
1197,10:50:28,31.58,-0.01,11,34738,卖盘
1198,10:50:31,31.58,0.0,5,15793,卖盘
1199,10:50:33,31.59,0.01,2,6318,买盘
1200,10:50:51,31.58,-0.01,4,12633,卖盘
1201,10:50:58,31.58,0.0,6,18948,卖盘
1202,10:51:04,31.58,0.0,10,31580,卖盘
1203,10:51:06,31.58,0.0,3,9474,卖盘
1204,10:51:13,31.58,0.0,5,15790,买盘
1205,10:51:16,31.59,0.01,8,25269,买盘
1206,10:51:19,31.59,0.0,8,25272,买盘
1207,10:51:22,31.55,-0.04,2,6310,卖盘
1208,10:51:30,31.54,-0.01,3,9462,卖盘
1209,10:51:39,31.53,-0.01,16,50450,卖盘
1210,10:51:48,31.51,-0.02,3,9453,卖盘
1211,10:52:00,31.51,0.0,7,22057,买盘
1212,10:52:13,31.51,0.0,3,9453,卖盘
1213,10:52:16,31.53,0.02,2,6306,买盘
1214,10:52:24,31.53,0.0,6,18918,买盘
1215,10:52:31,31.53,0.0,10,31530,买盘
1216,10:52:39,31.53,0.0,6,18918,卖盘
1217,10:52:43,31.53,0.0,1,3153,中性盘
1218,10:52:48,31.52,-0.01,23,72522,卖盘
1219,10:53:01,31.53,0.01,5,15765,买盘
1220,10:53:07,31.53,0.0,3,9459,买盘
1221,10:53:10,31.53,0.0,1,3153,中性盘
1222,10:53:16,31.53,0.0,4,12612,卖盘
1223,10:53:19,31.55,0.02,5,15775,买盘
1224,10:53:27,31.62,0.07,80,252872,买盘
1225,10:53:34,31.53,-0.09,16,50458,卖盘
1226,10:53:37,31.54,0.01,11,34694,买盘
1227,10:53:39,31.55,0.01,12,37902,中性盘
1228,10:53:57,31.6,0.05,1,3160,买盘
1229,10:54:00,31.62,0.02,33,104318,买盘
1230,10:54:04,31.62,0.0,5,15810,卖盘
1231,10:54:07,31.6,-0.02,7,22125,卖盘
1232,10:54:10,31.6,0.0,8,25280,卖盘
1233,10:54:15,31.64,0.04,1,3164,买盘
1234,10:54:18,31.6,-0.04,14,44240,卖盘
1235,10:54:21,31.6,0.0,6,18960,买盘
1236,10:54:28,31.6,0.0,10,31600,卖盘
1237,10:54:43,31.63,0.03,2,6326,买盘
1238,10:54:46,31.6,-0.03,5,15800,卖盘
1239,10:54:49,31.6,0.0,14,44252,卖盘
1240,10:54:55,31.64,0.04,50,158189,买盘
1241,10:54:58,31.6,-0.04,1,3160,卖盘
1242,10:55:01,31.63,0.03,3,9489,中性盘
1243,10:55:07,31.61,-0.02,1,3161,卖盘
1244,10:55:18,31.63,0.02,7,22141,买盘
1245,10:55:21,31.6,-0.03,10,31610,卖盘
1246,10:55:34,31.62,0.02,10,31620,买盘
1247,10:55:37,31.6,-0.02,15,47400,卖盘
1248,10:55:42,31.6,0.0,1,3160,卖盘
1249,10:55:54,31.61,0.01,3,9483,卖盘
1250,10:56:19,31.6,-0.01,18,56880,卖盘
1251,10:56:28,31.61,0.01,4,12641,买盘
1252,10:56:31,31.6,-0.01,3,9480,中性盘
1253,10:56:39,31.62,0.02,42,132766,买盘
1254,10:56:42,31.61,-0.01,6,18966,中性盘
1255,10:56:49,31.6,-0.01,4,12643,卖盘
1256,10:56:55,31.59,-0.01,36,113727,卖盘
1257,10:56:58,31.58,-0.01,7,22111,卖盘
1258,10:57:01,31.6,0.02,5,15794,买盘
1259,10:57:13,31.6,0.0,30,94781,买盘
1260,10:57:16,31.55,-0.05,10,31555,卖盘
1261,10:57:22,31.56,0.01,1,3156,卖盘
1262,10:57:39,31.56,0.0,26,82056,卖盘
1263,10:57:43,31.56,0.0,4,12624,卖盘
1264,10:57:48,31.59,0.03,21,66339,买盘
1265,10:57:54,31.59,0.0,1,3159,卖盘
1266,10:58:01,31.62,0.03,77,243390,买盘
1267,10:58:06,31.59,-0.03,1,3159,卖盘
1268,10:58:09,31.62,0.03,7,22129,买盘
1269,10:58:12,31.62,0.0,3,9486,买盘
1270,10:58:15,31.62,0.0,1,3162,买盘
1271,10:58:19,31.62,0.0,19,60082,买盘
1272,10:58:21,31.63,0.01,8,25304,买盘
1273,10:58:24,31.63,0.0,4,12652,买盘
1274,10:58:28,31.65,0.02,42,132915,买盘
1275,10:58:31,31.65,0.0,4,12660,卖盘
1276,10:58:33,31.66,0.01,6,18996,买盘
1277,10:58:36,31.68,0.02,30,95002,买盘
1278,10:58:43,31.65,-0.03,43,136124,卖盘
1279,10:58:45,31.69,0.04,21,66510,买盘
1280,10:58:48,31.68,-0.01,20,63311,卖盘
1281,10:58:55,31.73,0.05,35,110923,买盘
1282,10:59:01,31.78,0.05,30,95273,买盘
1283,10:59:04,31.78,0.0,2,6356,卖盘
1284,10:59:06,31.79,0.01,13,41315,买盘
1285,10:59:09,31.83,0.04,51,162249,买盘
1286,10:59:12,31.79,-0.04,19,60508,中性盘
1287,10:59:16,31.78,-0.01,32,101942,卖盘
1288,10:59:19,31.87,0.09,7,22309,中性盘
1289,10:59:22,31.86,-0.01,2,6372,买盘
1290,10:59:25,31.88,0.02,11,35062,中性盘
1291,10:59:27,31.79,-0.09,4,12720,中性盘
1292,10:59:30,31.89,0.1,50,159332,买盘
1293,10:59:33,31.78,-0.11,8,25473,卖盘
1294,10:59:36,31.85,0.07,5,15925,中性盘
1295,10:59:40,31.8,-0.05,26,82773,卖盘
1296,10:59:42,31.85,0.05,30,95498,买盘
1297,10:59:48,31.78,-0.07,20,63585,卖盘
1298,10:59:52,31.84,0.06,14,44554,买盘
1299,10:59:57,31.8,-0.04,5,15900,卖盘
1300,11:00:01,31.8,0.0,11,34980,卖盘
1301,11:00:04,31.8,0.0,7,22260,买盘
1302,11:00:07,31.75,-0.05,25,79390,卖盘
1303,11:00:10,31.75,0.0,1,3175,买盘
1304,11:00:15,31.72,-0.03,1,3172,卖盘
1305,11:00:18,31.69,-0.03,3,9509,卖盘
1306,11:00:25,31.66,-0.03,28,88678,卖盘
1307,11:00:33,31.64,-0.02,11,34804,卖盘
1308,11:00:39,31.64,0.0,3,9492,买盘
1309,11:00:43,31.66,0.02,22,69620,买盘
1310,11:00:48,31.66,0.0,3,9498,卖盘
1311,11:01:01,31.66,0.0,10,31672,卖盘
1312,11:01:04,31.67,0.01,3,9501,中性盘
1313,11:01:13,31.73,0.06,5,15865,买盘
1314,11:01:24,31.75,0.02,9,28575,买盘
1315,11:01:28,31.7,-0.05,3,9510,卖盘
1316,11:01:31,31.75,0.05,15,47625,买盘
1317,11:01:37,31.75,0.0,2,6350,卖盘
1318,11:01:40,31.75,0.0,6,19050,买盘
1319,11:01:45,31.74,-0.01,1,3174,中性盘
1320,11:01:49,31.74,0.0,1,3174,买盘
1321,11:01:52,31.75,0.01,9,28575,买盘
1322,11:02:04,31.75,0.0,32,101600,卖盘
1323,11:02:10,31.74,-0.01,4,12696,卖盘
1324,11:02:12,31.75,0.01,5,15873,买盘
1325,11:02:15,31.71,-0.04,4,12684,卖盘
1326,11:02:27,31.72,0.01,3,9516,卖盘
1327,11:02:31,31.72,0.0,1,3172,卖盘
1328,11:02:34,31.75,0.03,42,133317,买盘
1329,11:02:37,31.72,-0.03,6,19032,中性盘
1330,11:02:42,31.77,0.05,22,69870,买盘
1331,11:02:46,31.77,0.0,8,25416,卖盘
1332,11:02:55,31.77,0.0,21,66664,买盘
1333,11:02:57,31.73,-0.04,9,28561,卖盘
1334,11:03:04,31.77,0.04,2,6354,买盘
1335,11:03:07,31.77,0.0,5,15885,买盘
1336,11:03:10,31.77,0.0,9,28593,买盘
1337,11:03:13,31.77,0.0,3,9531,卖盘
1338,11:03:15,31.77,0.0,20,63540,买盘
1339,11:03:18,31.76,-0.01,22,69889,中性盘
1340,11:03:22,31.77,0.01,2,6353,买盘
1341,11:03:24,31.75,-0.02,9,28575,卖盘
1342,11:03:28,31.75,0.0,5,15875,卖盘
1343,11:03:31,31.75,0.0,5,15875,卖盘
1344,11:03:34,31.75,0.0,3,9525,卖盘
1345,11:03:39,31.75,0.0,31,98425,卖盘
1346,11:03:48,31.74,-0.01,9,28572,卖盘
1347,11:03:57,31.73,-0.01,1,3173,卖盘
1348,11:04:01,31.73,0.0,6,19038,卖盘
1349,11:04:04,31.72,-0.01,51,161799,卖盘
1350,11:04:07,31.73,0.01,2,6346,卖盘
1351,11:04:10,31.74,0.01,12,38088,买盘
1352,11:04:12,31.72,-0.02,105,333180,卖盘
1353,11:04:16,31.75,0.03,10,31750,买盘
1354,11:04:25,31.74,-0.01,10,31740,买盘
1355,11:04:30,31.73,-0.01,4,12695,卖盘
1356,11:04:37,31.73,0.0,10,31730,买盘
1357,11:04:42,31.72,-0.01,5,15860,卖盘
1358,11:04:46,31.73,0.01,2,6345,买盘
1359,11:04:49,31.72,-0.01,1,3172,卖盘
1360,11:04:55,31.72,0.0,3,9516,卖盘
1361,11:05:01,31.72,0.0,21,66632,卖盘
1362,11:05:04,31.72,0.0,35,111020,卖盘
1363,11:05:09,31.72,0.0,6,19032,买盘
1364,11:05:12,31.71,-0.01,7,22197,卖盘
1365,11:05:30,31.71,0.0,6,19031,卖盘
1366,11:05:36,31.71,0.0,1,3171,卖盘
1367,11:05:46,31.7,-0.01,7,22195,卖盘
1368,11:05:48,31.7,0.0,8,25360,卖盘
1369,11:05:51,31.7,0.0,7,22190,买盘
1370,11:05:58,31.67,-0.03,10,31670,卖盘
1371,11:06:00,31.66,-0.01,1,3166,卖盘
1372,11:06:04,31.67,0.01,1,3167,买盘
1373,11:06:07,31.66,-0.01,1,3166,卖盘
1374,11:06:12,31.66,0.0,2,6332,卖盘
1375,11:06:15,31.66,0.0,5,15830,卖盘
1376,11:06:22,31.66,0.0,1,3166,卖盘
1377,11:06:25,31.66,0.0,1,3166,卖盘
1378,11:06:28,31.65,-0.01,2,6330,卖盘
1379,11:06:40,31.65,0.0,4,12660,卖盘
1380,11:06:42,31.65,0.0,11,34816,卖盘
1381,11:06:51,31.65,0.0,33,104438,买盘
1382,11:06:55,31.65,0.0,8,25320,卖盘
1383,11:07:00,31.65,0.0,6,18990,卖盘
1384,11:07:09,31.65,0.0,4,12663,卖盘
1385,11:07:15,31.65,0.0,28,88620,买盘
1386,11:07:22,31.62,-0.03,43,136034,卖盘
1387,11:07:34,31.6,-0.02,7,22132,卖盘
1388,11:07:39,31.6,0.0,5,15800,卖盘
1389,11:07:45,31.6,0.0,3,9480,卖盘
1390,11:07:48,31.6,0.0,12,37920,卖盘
1391,11:07:55,31.6,0.0,8,25280,买盘
1392,11:08:04,31.6,0.0,4,12640,卖盘
1393,11:08:09,31.62,0.02,2,6324,中性盘
1394,11:08:13,31.62,0.0,9,28458,卖盘
1395,11:08:18,31.62,0.0,1,3162,卖盘
1396,11:08:21,31.64,0.02,9,28460,买盘
1397,11:08:33,31.61,-0.03,1,3161,卖盘
1398,11:08:37,31.64,0.03,15,47460,买盘
1399,11:08:40,31.64,0.0,10,31640,卖盘
1400,11:08:43,31.58,-0.06,92,290749,卖盘
1401,11:08:49,31.58,0.0,37,116846,买盘
1402,11:08:57,31.55,-0.03,7,22085,卖盘
1403,11:09:00,31.58,0.03,15,47314,买盘
1404,11:09:07,31.54,-0.04,4,12616,买盘
1405,11:09:10,31.55,0.01,45,141975,卖盘
1406,11:09:18,31.58,0.03,10,31580,买盘
1407,11:09:22,31.58,0.0,2,6316,买盘
1408,11:09:25,31.55,-0.03,8,25240,卖盘
1409,11:09:28,31.52,-0.03,96,302701,卖盘
1410,11:09:37,31.52,0.0,4,12608,买盘
1411,11:09:40,31.55,0.03,2,6310,买盘
1412,11:09:43,31.52,-0.03,4,12608,卖盘
1413,11:09:49,31.55,0.03,1,3155,买盘
1414,11:09:57,31.53,-0.02,3,9459,卖盘
1415,11:10:00,31.53,0.0,1,3153,卖盘
1416,11:10:09,31.54,0.01,3,9462,买盘
1417,11:10:15,31.54,0.0,2,6308,买盘
1418,11:10:18,31.54,0.0,4,12616,买盘
1419,11:10:21,31.55,0.01,2,6310,买盘
1420,11:10:25,31.54,-0.01,10,31540,卖盘
1421,11:10:28,31.58,0.04,10,31561,买盘
1422,11:10:31,31.54,-0.04,18,56813,中性盘
1423,11:10:39,31.57,0.03,1,3157,卖盘
1424,11:10:48,31.57,0.0,18,56835,卖盘
1425,11:10:54,31.57,0.0,5,15785,买盘
1426,11:10:57,31.57,0.0,3,9471,买盘
1427,11:11:09,31.56,-0.01,21,66289,卖盘
1428,11:11:18,31.64,0.08,24,75761,中性盘
1429,11:11:21,31.56,-0.08,1,3156,中性盘
1430,11:11:24,31.56,0.0,7,22092,买盘
1431,11:11:27,31.56,0.0,1,3156,买盘
1432,11:11:31,31.56,0.0,5,15780,卖盘
1433,11:11:34,31.56,0.0,2,6312,卖盘
1434,11:11:37,31.66,0.1,15,47478,买盘
1435,11:11:39,31.66,0.0,15,47490,卖盘
1436,11:11:46,31.66,0.0,31,98164,卖盘
1437,11:11:49,31.66,0.0,2,6332,卖盘
1438,11:11:52,31.66,0.0,28,88653,卖盘
1439,11:11:54,31.67,0.01,3,9501,买盘
1440,11:11:57,31.66,-0.01,9,28500,卖盘
1441,11:12:00,31.66,0.0,10,31660,卖盘
1442,11:12:03,31.66,0.0,25,79156,卖盘
1443,11:12:06,31.69,0.03,2,6338,买盘
1444,11:12:18,31.66,-0.03,1,3166,买盘
1445,11:12:28,31.66,0.0,4,12664,卖盘
1446,11:12:30,31.66,0.0,7,22171,卖盘
1447,11:12:37,31.66,0.0,3,9498,买盘
1448,11:12:55,31.6,-0.06,3,9481,卖盘
1449,11:13:04,31.66,0.06,3,9498,买盘
1450,11:13:15,31.6,-0.06,10,31600,卖盘
1451,11:13:21,31.63,0.03,5,15809,买盘
1452,11:13:27,31.6,-0.03,13,41080,卖盘
1453,11:13:30,31.63,0.03,3,9489,买盘
1454,11:13:42,31.66,0.03,5,15827,买盘
1455,11:13:51,31.66,0.0,6,18996,买盘
1456,11:14:01,31.66,0.0,6,18996,买盘
1457,11:14:09,31.66,0.0,1,3166,买盘
1458,11:14:16,31.6,-0.06,1,3160,卖盘
1459,11:15:04,31.61,0.01,1,3161,卖盘
1460,11:15:10,31.61,0.0,1,3161,卖盘
1461,11:15:12,31.6,-0.01,22,69523,卖盘
1462,11:15:21,31.6,0.0,5,15800,买盘
1463,11:15:24,31.6,0.0,10,31600,买盘
1464,11:15:33,31.6,0.0,13,41080,买盘
1465,11:15:36,31.6,0.0,7,22120,买盘
1466,11:15:39,31.6,0.0,13,41080,买盘
1467,11:15:46,31.6,0.0,1,3160,买盘
1468,11:15:55,31.6,0.0,1,3160,买盘
1469,11:15:58,31.59,-0.01,18,56862,卖盘
1470,11:16:00,31.58,-0.01,21,66346,卖盘
1471,11:16:03,31.6,0.02,32,101120,买盘
1472,11:16:21,31.6,0.0,20,63200,买盘
1473,11:16:30,31.59,-0.01,3,9477,卖盘
1474,11:16:36,31.59,0.0,3,9477,卖盘
1475,11:17:06,31.61,0.02,5,15805,卖盘
1476,11:17:21,31.59,-0.02,40,126386,卖盘
1477,11:17:24,31.59,0.0,7,22113,买盘
1478,11:17:34,31.59,0.0,3,9477,买盘
1479,11:17:48,31.6,0.01,2,6320,中性盘
1480,11:17:54,31.6,0.0,4,12640,卖盘
1481,11:18:01,31.59,-0.01,1,3159,卖盘
1482,11:18:07,31.6,0.01,4,12640,买盘
1483,11:18:12,31.6,0.0,5,15800,买盘
1484,11:18:15,31.59,-0.01,6,18954,卖盘
1485,11:18:18,31.6,0.01,5,15800,买盘
1486,11:18:24,31.59,-0.01,9,28431,卖盘
1487,11:18:30,31.58,-0.01,1,3158,卖盘
1488,11:18:33,31.58,0.0,4,12634,卖盘
1489,11:18:40,31.58,0.0,12,37896,卖盘
1490,11:18:43,31.58,0.0,4,12632,卖盘
1491,11:18:51,31.57,-0.01,1,3157,卖盘
1492,11:18:54,31.57,0.0,31,97867,卖盘
1493,11:19:00,31.56,-0.01,1,3156,卖盘
1494,11:19:04,31.56,0.0,12,37872,卖盘
1495,11:19:06,31.56,0.0,18,56808,卖盘
1496,11:19:09,31.56,0.0,4,12624,卖盘
1497,11:19:12,31.57,0.01,1,3157,买盘
1498,11:19:19,31.55,-0.02,20,63102,卖盘
1499,11:19:21,31.56,0.01,2,6312,中性盘
1500,11:19:27,31.55,-0.01,10,31550,卖盘
1501,11:19:33,31.55,0.0,1,3155,卖盘
1502,11:19:39,31.56,0.01,10,31553,买盘
1503,11:19:46,31.55,-0.01,65,205080,卖盘
1504,11:19:49,31.57,0.02,27,85237,买盘
1505,11:19:54,31.54,-0.03,27,85199,卖盘
1506,11:20:24,31.53,-0.01,30,94621,卖盘
1507,11:21:00,31.51,-0.02,11,34676,卖盘
1508,11:21:22,31.52,0.01,3,9456,卖盘
1509,11:21:25,31.51,-0.01,16,50424,卖盘
1510,11:21:30,31.51,0.0,12,37816,卖盘
1511,11:21:34,31.51,0.0,11,34664,卖盘
1512,11:21:37,31.51,0.0,12,37812,买盘
1513,11:21:45,31.53,0.02,5,15765,买盘
1514,11:21:48,31.53,0.0,1,3153,买盘
1515,11:22:00,31.51,-0.02,4,12604,卖盘
1516,11:22:07,31.53,0.02,3,9459,买盘
1517,11:22:09,31.51,-0.02,2,6302,卖盘
1518,11:22:13,31.53,0.02,2,6306,买盘
1519,11:22:15,31.53,0.0,1,3153,买盘
1520,11:22:18,31.53,0.0,10,31530,买盘
1521,11:22:21,31.53,0.0,19,59907,买盘
1522,11:22:30,31.54,0.01,1,3154,卖盘
1523,11:22:43,31.53,-0.01,3,9459,卖盘
1524,11:22:48,31.57,0.04,1,3157,买盘
1525,11:23:33,31.55,-0.02,1,3155,卖盘
1526,11:23:39,31.55,0.0,8,25240,买盘
1527,11:23:42,31.55,0.0,10,31550,买盘
1528,11:23:45,31.54,-0.01,3,9464,卖盘
1529,11:23:48,31.54,0.0,12,37848,卖盘
1530,11:24:01,31.55,0.01,28,88325,买盘
1531,11:24:04,31.53,-0.02,4,12612,卖盘
1532,11:24:07,31.51,-0.02,21,66182,卖盘
1533,11:24:12,31.51,0.0,3,9453,卖盘
1534,11:24:15,31.51,0.0,9,28359,卖盘
1535,11:24:19,31.51,0.0,6,18906,卖盘
1536,11:24:22,31.5,-0.01,43,135450,卖盘
1537,11:24:25,31.5,0.0,10,31500,买盘
1538,11:24:31,31.5,0.0,2,6300,买盘
1539,11:24:43,31.48,-0.02,14,44072,卖盘
1540,11:24:48,31.45,-0.03,30,94376,卖盘
1541,11:25:00,31.46,0.01,1,3146,卖盘
1542,11:25:07,31.45,-0.01,18,56612,卖盘
1543,11:25:10,31.47,0.02,3,9440,买盘
1544,11:25:18,31.47,0.0,2,6294,买盘
1545,11:25:27,31.46,-0.01,1,3146,卖盘
1546,11:25:30,31.47,0.01,2,6294,买盘
1547,11:25:33,31.47,0.0,3,9441,中性盘
1548,11:25:43,31.48,0.01,42,132108,买盘
1549,11:25:49,31.48,0.0,1,3148,中性盘
1550,11:26:01,31.46,-0.02,12,37758,卖盘
1551,11:26:07,31.49,0.03,2,6298,买盘
1552,11:26:15,31.49,0.0,2,6298,中性盘
1553,11:26:34,31.46,-0.03,3,9438,卖盘
1554,11:26:39,31.46,0.0,5,15730,卖盘
1555,11:26:46,31.46,0.0,1,3146,卖盘
1556,11:26:49,31.47,0.01,3,9441,买盘
1557,11:26:52,31.46,-0.01,18,56630,卖盘
1558,11:27:04,31.47,0.01,1,3147,卖盘
1559,11:27:07,31.47,0.0,1,3147,卖盘
1560,11:27:13,31.47,0.0,6,18882,卖盘
1561,11:27:16,31.47,0.0,4,12588,卖盘
1562,11:27:21,31.47,0.0,1,3147,买盘
1563,11:27:27,31.47,0.0,15,47205,买盘
1564,11:27:34,31.47,0.0,1,3147,卖盘
1565,11:27:43,31.47,0.0,7,22032,卖盘
1566,11:27:45,31.49,0.02,9,28341,买盘
1567,11:27:48,31.47,-0.02,9,28323,卖盘
1568,11:27:54,31.48,0.01,4,12592,买盘
1569,11:27:58,31.47,-0.01,8,25176,卖盘
1570,11:28:01,31.47,0.0,6,18882,买盘
1571,11:28:06,31.46,-0.01,7,22028,卖盘
1572,11:28:13,31.49,0.03,10,31490,买盘
1573,11:28:19,31.48,-0.01,3,9440,中性盘
1574,11:28:22,31.46,-0.02,2,6292,卖盘
1575,11:28:31,31.46,0.0,24,75506,卖盘
1576,11:28:34,31.46,0.0,2,6292,买盘
1577,11:28:42,31.46,0.0,9,28314,买盘
1578,11:28:45,31.46,0.0,10,31460,买盘
1579,11:28:51,31.46,0.0,4,12584,买盘
1580,11:28:57,31.5,0.04,73,229912,买盘
1581,11:29:04,31.5,0.0,1,3150,卖盘
1582,11:29:10,31.5,0.0,33,103950,卖盘
1583,11:29:25,31.5,0.0,1,3150,买盘
1584,11:29:28,31.5,0.0,2,6300,买盘
1585,11:29:36,31.5,0.0,2,6300,买盘
1586,11:29:46,31.5,0.0,10,31500,买盘
1587,11:30:01,31.46,-0.04,9,28319,卖盘
1588,13:00:01,31.5,0.04,4,12588,买盘
1589,13:00:05,31.47,-0.03,52,163672,中性盘
1590,13:00:07,31.46,-0.01,54,169880,卖盘
1591,13:00:22,31.44,-0.02,4,12576,卖盘
1592,13:00:37,31.44,0.0,12,37728,卖盘
1593,13:00:43,31.44,0.0,8,25152,买盘
1594,13:00:51,31.44,0.0,4,12576,买盘
1595,13:00:57,31.44,0.0,1,3144,买盘
1596,13:01:00,31.41,-0.03,10,31418,卖盘
1597,13:01:04,31.44,0.03,25,78600,买盘
1598,13:01:09,31.41,-0.03,7,21987,卖盘
1599,13:01:13,31.42,0.01,7,21991,买盘
1600,13:01:15,31.42,0.0,25,78544,卖盘
1601,13:01:18,31.41,-0.01,14,43974,卖盘
1602,13:01:24,31.41,0.0,3,9423,卖盘
1603,13:01:27,31.44,0.03,6,18861,买盘
1604,13:01:51,31.41,-0.03,13,40836,卖盘
1605,13:01:58,31.42,0.01,1,3142,卖盘
1606,13:02:04,31.42,0.0,3,9426,买盘
1607,13:02:07,31.44,0.02,15,47160,买盘
1608,13:02:09,31.42,-0.02,5,15710,卖盘
1609,13:02:15,31.4,-0.02,13,40833,卖盘
1610,13:02:25,31.42,0.02,8,25136,买盘
1611,13:02:27,31.42,0.0,1,3142,买盘
1612,13:02:30,31.41,-0.01,4,12564,卖盘
1613,13:02:33,31.41,0.0,8,25128,卖盘
1614,13:02:36,31.42,0.01,1,3142,买盘
1615,13:02:42,31.4,-0.02,36,113040,卖盘
1616,13:02:45,31.4,0.0,4,12560,买盘
1617,13:02:48,31.41,0.01,6,18846,卖盘
1618,13:02:54,31.4,-0.01,152,476378,买盘
1619,13:03:15,31.39,-0.01,21,65913,买盘
1620,13:03:19,31.31,-0.08,3,9393,卖盘
1621,13:03:30,31.33,0.02,1,3133,卖盘
1622,13:03:33,31.33,0.0,11,34463,卖盘
1623,13:03:36,31.32,-0.01,38,119041,卖盘
1624,13:03:39,31.39,0.07,1,3139,买盘
1625,13:03:42,31.32,-0.07,6,18792,卖盘
1626,13:03:45,31.31,-0.01,14,43834,卖盘
1627,13:03:48,31.32,0.01,2,6264,买盘
1628,13:03:51,31.31,-0.01,1,3131,卖盘
1629,13:03:54,31.32,0.01,3,9396,买盘
1630,13:03:58,31.32,0.0,1,3132,买盘
1631,13:04:00,31.31,-0.01,9,28183,卖盘
1632,13:04:04,31.32,0.01,3,9396,买盘
1633,13:04:10,31.32,0.0,30,93960,卖盘
1634,13:04:13,31.31,-0.01,5,15657,卖盘
1635,13:04:16,31.32,0.01,6,18792,买盘
1636,13:04:19,31.31,-0.01,46,144042,卖盘
1637,13:04:28,31.3,-0.01,1,3130,卖盘
1638,13:04:30,31.3,0.0,6,18785,卖盘
1639,13:04:34,31.31,0.01,62,194063,买盘
1640,13:04:36,31.31,0.0,9,28179,买盘
1641,13:04:40,31.31,0.0,21,65751,买盘
1642,13:04:42,31.31,0.0,5,15655,卖盘
1643,13:04:45,31.31,0.0,4,12524,卖盘
1644,13:04:52,31.39,0.08,11,34529,买盘
1645,13:04:55,31.32,-0.07,3,9396,卖盘
1646,13:04:58,31.32,0.0,1,3132,买盘
1647,13:05:00,31.43,0.11,11,34573,买盘
1648,13:05:18,31.33,-0.1,20,62678,卖盘
1649,13:05:24,31.44,0.11,30,94320,买盘
1650,13:05:33,31.44,0.0,3,9432,买盘
1651,13:05:36,31.44,0.0,7,22008,买盘
1652,13:05:48,31.47,0.03,2,6294,卖盘
1653,13:06:00,31.47,0.0,4,12574,买盘
1654,13:06:04,31.47,0.0,4,12588,买盘
1655,13:06:15,31.47,0.0,24,75513,买盘
1656,13:06:28,31.47,0.0,4,12588,买盘
1657,13:06:42,31.47,0.0,1,3147,卖盘
1658,13:06:54,31.4,-0.07,15,47152,卖盘
1659,13:07:00,31.4,0.0,5,15700,买盘
1660,13:07:06,31.38,-0.02,15,47070,卖盘
1661,13:07:09,31.37,-0.01,10,31370,卖盘
1662,13:07:16,31.36,-0.01,27,84692,卖盘
1663,13:07:21,31.37,0.01,7,21959,买盘
1664,13:07:31,31.37,0.0,25,78425,买盘
1665,13:07:34,31.36,-0.01,78,244613,卖盘
1666,13:07:36,31.36,0.0,2,6272,买盘
1667,13:07:40,31.38,0.02,25,78410,买盘
1668,13:07:42,31.35,-0.03,2,6270,卖盘
1669,13:07:45,31.36,0.01,10,31360,中性盘
1670,13:07:48,31.35,-0.01,4,12540,卖盘
1671,13:07:52,31.35,0.0,35,109738,卖盘
1672,13:07:55,31.29,-0.06,100,313160,卖盘
1673,13:08:01,31.35,0.06,5,15675,卖盘
1674,13:08:04,31.29,-0.06,1,3129,卖盘
1675,13:08:06,31.33,0.04,4,12532,买盘
1676,13:08:10,31.28,-0.05,15,46927,卖盘
1677,13:08:16,31.28,0.0,16,50060,卖盘
1678,13:08:21,31.37,0.09,16,50150,买盘
1679,13:08:24,31.29,-0.08,7,21909,卖盘
1680,13:08:27,31.3,0.01,2,6260,卖盘
1681,13:08:31,31.38,0.08,21,65828,买盘
1682,13:08:48,31.36,-0.02,9,28224,买盘
1683,13:08:58,31.35,-0.01,5,15678,卖盘
1684,13:09:00,31.36,0.01,2,6272,买盘
1685,13:09:03,31.36,0.0,1,3136,买盘
1686,13:09:06,31.38,0.02,1,3138,买盘
1687,13:09:21,31.38,0.0,8,25104,买盘
1688,13:09:30,31.36,-0.02,6,18816,卖盘
1689,13:09:36,31.38,0.02,5,15686,买盘
1690,13:09:40,31.36,-0.02,18,56448,卖盘
1691,13:09:43,31.36,0.0,12,37632,买盘
1692,13:09:46,31.38,0.02,6,18818,买盘
1693,13:09:52,31.38,0.0,2,6274,买盘
1694,13:09:54,31.38,0.0,3,9414,买盘
1695,13:10:00,31.38,0.0,3,9414,卖盘
1696,13:10:03,31.38,0.0,2,6276,卖盘
1697,13:10:10,31.46,0.08,3,9438,买盘
1698,13:10:16,31.46,0.0,5,15730,卖盘
1699,13:10:18,31.46,0.0,7,22022,卖盘
1700,13:10:25,31.38,-0.08,10,31380,卖盘
1701,13:10:45,31.38,0.0,10,31380,卖盘
1702,13:10:54,31.35,-0.03,31,97237,卖盘
1703,13:10:57,31.37,0.02,4,12548,买盘
1704,13:11:00,31.35,-0.02,3,9405,卖盘
1705,13:11:10,31.33,-0.02,1,3133,卖盘
1706,13:11:12,31.33,0.0,4,12544,卖盘
1707,13:11:15,31.33,0.0,2,6266,买盘
1708,13:11:18,31.32,-0.01,36,112786,卖盘
1709,13:11:31,31.32,0.0,14,43848,卖盘
1710,13:11:34,31.32,0.0,14,43848,买盘
1711,13:11:36,31.33,0.01,5,15662,买盘
1712,13:11:39,31.32,-0.01,76,237922,中性盘
1713,13:11:48,31.31,-0.01,6,18783,买盘
1714,13:11:54,31.3,-0.01,10,31300,卖盘
1715,13:11:57,31.29,-0.01,17,53207,卖盘
1716,13:12:00,31.31,0.02,13,40693,买盘
1717,13:12:04,31.29,-0.02,11,34425,卖盘
1718,13:12:06,31.29,0.0,20,62580,卖盘
1719,13:12:12,31.29,0.0,4,12513,买盘
1720,13:12:16,31.28,-0.01,2,6256,卖盘
1721,13:12:18,31.29,0.01,12,37548,买盘
1722,13:12:21,31.29,0.0,17,53193,卖盘
1723,13:12:27,31.29,0.0,47,147066,卖盘
1724,13:12:31,31.31,0.02,32,100192,买盘
1725,13:12:42,31.33,0.02,28,87678,买盘
1726,13:12:45,31.31,-0.02,7,21925,卖盘
1727,13:12:49,31.33,0.02,17,53371,卖盘
1728,13:12:52,31.33,0.0,5,15665,买盘
1729,13:12:55,31.33,0.0,1,3133,买盘
1730,13:13:01,31.33,0.0,8,25064,买盘
1731,13:13:04,31.33,0.0,16,50128,卖盘
1732,13:13:09,31.33,0.0,88,275777,卖盘
1733,13:13:28,31.46,0.13,7,22018,买盘
1734,13:13:55,31.37,-0.09,10,31402,卖盘
1735,13:14:12,31.45,0.08,3,9435,中性盘
1736,13:14:21,31.46,0.01,4,12581,买盘
1737,13:14:34,31.45,-0.01,4,12580,卖盘
1738,13:14:45,31.45,0.0,37,116187,买盘
1739,13:14:52,31.45,0.0,10,31450,买盘
1740,13:14:57,31.38,-0.07,6,18838,卖盘
1741,13:15:13,31.39,0.01,3,9417,卖盘
1742,13:15:27,31.45,0.06,2,6290,买盘
1743,13:15:40,31.41,-0.04,14,44026,中性盘
1744,13:15:42,31.45,0.04,2,6290,买盘
1745,13:15:45,31.45,0.0,7,21999,买盘
1746,13:15:52,31.45,0.0,5,15725,买盘
1747,13:16:01,31.46,0.01,49,154117,买盘
1748,13:16:06,31.47,0.01,9,28323,买盘
1749,13:16:16,31.47,0.0,6,18882,买盘
1750,13:16:22,31.47,0.0,3,9441,卖盘
1751,13:16:27,31.49,0.02,13,40937,买盘
1752,13:16:30,31.49,0.0,3,9447,卖盘
1753,13:16:36,31.49,0.0,1,3149,卖盘
1754,13:16:39,31.5,0.01,5,15750,买盘
1755,13:16:46,31.49,-0.01,37,116544,卖盘
1756,13:16:49,31.49,0.0,15,47238,卖盘
1757,13:16:52,31.49,0.0,3,9447,买盘
1758,13:16:54,31.48,-0.01,17,53548,卖盘
1759,13:17:04,31.47,-0.01,2,6294,卖盘
1760,13:17:09,31.48,0.01,16,50354,买盘
1761,13:17:18,31.48,0.0,20,62960,卖盘
1762,13:17:24,31.53,0.05,2,6301,买盘
1763,13:17:30,31.53,0.0,6,18918,买盘
1764,13:17:37,31.53,0.0,16,50448,卖盘
1765,13:17:40,31.5,-0.03,3,9450,买盘
1766,13:17:42,31.48,-0.02,20,62960,卖盘
1767,13:17:48,31.5,0.02,7,22050,买盘
1768,13:17:54,31.51,0.01,1,3151,卖盘
1769,13:18:09,31.52,0.01,2,6304,买盘
1770,13:18:16,31.52,0.0,6,18912,买盘
1771,13:18:19,31.52,0.0,4,12608,卖盘
1772,13:18:24,31.53,0.01,5,15765,买盘
1773,13:18:27,31.53,0.0,20,63054,买盘
1774,13:18:30,31.53,0.0,2,6306,买盘
1775,13:18:33,31.53,0.0,9,28375,买盘
1776,13:18:36,31.52,-0.01,9,28368,卖盘
1777,13:18:39,31.53,0.01,7,22071,买盘
1778,13:18:43,31.53,0.0,2,6306,卖盘
1779,13:18:46,31.53,0.0,16,50448,卖盘
1780,13:18:52,31.53,0.0,9,28375,买盘
1781,13:19:00,31.54,0.01,9,28386,买盘
1782,13:19:04,31.53,-0.01,5,15766,卖盘
1783,13:19:09,31.53,0.0,38,119818,卖盘
1784,13:19:16,31.57,0.04,10,31562,买盘
1785,13:19:19,31.53,-0.04,10,31530,卖盘
1786,13:19:22,31.53,0.0,3,9459,卖盘
1787,13:19:27,31.53,0.0,10,31530,买盘
1788,13:19:37,31.53,0.0,10,31530,卖盘
1789,13:19:43,31.54,0.01,4,12614,中性盘
1790,13:19:45,31.54,0.0,3,9462,卖盘
1791,13:19:51,31.52,-0.02,22,69358,卖盘
1792,13:20:04,31.54,0.02,1,3154,买盘
1793,13:20:06,31.5,-0.04,39,122905,卖盘
1794,13:20:13,31.54,0.04,8,25221,买盘
1795,13:20:16,31.54,0.0,1,3154,卖盘
1796,13:20:19,31.53,-0.01,16,50460,卖盘
1797,13:20:27,31.51,-0.02,13,40992,卖盘
1798,13:20:30,31.54,0.03,1,3154,买盘
1799,13:20:34,31.5,-0.04,30,94516,卖盘
1800,13:20:40,31.53,0.03,2,6306,中性盘
1801,13:20:51,31.53,0.0,2,6306,卖盘
1802,13:20:58,31.52,-0.01,2,6304,买盘
1803,13:21:00,31.52,0.0,51,160706,买盘
1804,13:21:03,31.53,0.01,1,3153,买盘
1805,13:21:12,31.53,0.0,4,12610,买盘
1806,13:21:25,31.53,0.0,27,85181,卖盘
1807,13:21:34,31.52,-0.01,20,63058,卖盘
1808,13:21:37,31.54,0.02,7,22078,买盘
1809,13:21:39,31.54,0.0,1,3154,卖盘
1810,13:21:42,31.53,-0.01,8,25224,买盘
1811,13:21:49,31.5,-0.03,51,160722,卖盘
1812,13:22:01,31.49,-0.01,10,31490,卖盘
1813,13:22:06,31.5,0.01,2,6300,买盘
1814,13:22:12,31.49,-0.01,11,34639,卖盘
1815,13:22:16,31.49,0.0,1,3149,卖盘
1816,13:22:18,31.49,0.0,1,3149,买盘
1817,13:22:22,31.48,-0.01,2,6296,卖盘
1818,13:22:24,31.48,0.0,10,31480,卖盘
1819,13:22:33,31.49,0.01,16,50384,买盘
1820,13:22:40,31.49,0.0,2,6298,卖盘
1821,13:22:46,31.49,0.0,9,28341,卖盘
1822,13:22:52,31.48,-0.01,5,15743,卖盘
1823,13:23:01,31.48,0.0,1,3148,卖盘
1824,13:23:07,31.48,0.0,9,28332,卖盘
1825,13:23:09,31.48,0.0,7,22036,卖盘
1826,13:23:18,31.48,0.0,1,3148,卖盘
1827,13:23:22,31.48,0.0,3,9444,卖盘
1828,13:23:25,31.49,0.01,8,25192,买盘
1829,13:23:31,31.48,-0.01,17,53518,卖盘
1830,13:23:39,31.47,-0.01,1,3147,卖盘
1831,13:23:43,31.48,0.01,3,9442,买盘
1832,13:23:49,31.47,-0.01,2,6294,卖盘
1833,13:23:58,31.46,-0.01,24,75504,卖盘
1834,13:24:04,31.47,0.01,1,3147,买盘
1835,13:24:18,31.46,-0.01,41,128986,卖盘
1836,13:24:25,31.45,-0.01,21,66061,卖盘
1837,13:24:27,31.46,0.01,14,44043,买盘
1838,13:24:36,31.42,-0.04,8,25136,卖盘
1839,13:24:48,31.41,-0.01,43,135076,卖盘
1840,13:24:58,31.41,0.0,7,21991,卖盘
1841,13:25:06,31.39,-0.02,16,50224,卖盘
1842,13:25:10,31.41,0.02,10,31410,买盘
1843,13:25:13,31.4,-0.01,10,31395,卖盘
1844,13:25:22,31.41,0.01,4,12564,买盘
1845,13:25:25,31.41,0.0,12,37692,卖盘
1846,13:25:30,31.41,0.0,1,3141,卖盘
1847,13:25:33,31.41,0.0,1,3141,卖盘
1848,13:25:36,31.42,0.01,10,31414,买盘
1849,13:25:51,31.42,0.0,7,21994,买盘
1850,13:26:01,31.42,0.0,1,3142,买盘
1851,13:26:33,31.42,0.0,6,18852,买盘
1852,13:26:36,31.45,0.03,9,28287,买盘
1853,13:26:46,31.46,0.01,1,3146,买盘
1854,13:26:58,31.46,0.0,1,3146,买盘
1855,13:27:01,31.46,0.0,2,6292,买盘
1856,13:27:06,31.46,0.0,1,3146,买盘
1857,13:27:12,31.45,-0.01,4,12580,卖盘
1858,13:27:22,31.46,0.01,1,3146,买盘
1859,13:27:25,31.46,0.0,3,9438,买盘
1860,13:27:31,31.46,0.0,5,15730,买盘
1861,13:27:34,31.46,0.0,4,12583,买盘
1862,13:27:37,31.46,0.0,3,9438,买盘
1863,13:27:42,31.45,-0.01,80,251600,卖盘
1864,13:27:45,31.46,0.01,6,18871,买盘
1865,13:27:48,31.45,-0.01,21,66055,卖盘
1866,13:27:55,31.45,0.0,3,9435,卖盘
1867,13:27:58,31.4,-0.05,18,56527,卖盘
1868,13:28:07,31.39,-0.01,22,69058,卖盘
1869,13:28:12,31.38,-0.01,56,175728,卖盘
1870,13:28:15,31.39,0.01,11,34524,买盘
1871,13:28:22,31.38,-0.01,2,6276,卖盘
1872,13:28:25,31.38,0.0,4,12552,卖盘
1873,13:28:28,31.37,-0.01,2,6274,卖盘
1874,13:28:31,31.38,0.01,20,62760,买盘
1875,13:28:40,31.37,-0.01,7,21954,买盘
1876,13:28:42,31.36,-0.01,4,12544,卖盘
1877,13:28:45,31.33,-0.03,49,153562,卖盘
1878,13:28:48,31.32,-0.01,3,9396,卖盘
1879,13:28:51,31.31,-0.01,2,6263,卖盘
1880,13:28:54,31.32,0.01,3,9396,买盘
1881,13:29:00,31.3,-0.02,44,137791,卖盘
1882,13:29:12,31.3,0.0,15,46950,卖盘
1883,13:29:15,31.31,0.01,54,169041,买盘
1884,13:29:18,31.31,0.0,1,3131,卖盘
1885,13:29:21,31.33,0.02,5,15665,买盘
1886,13:29:24,31.32,-0.01,4,12528,中性盘
1887,13:29:31,31.32,0.0,10,31322,卖盘
1888,13:29:34,31.31,-0.01,3,9395,卖盘
1889,13:29:37,31.33,0.02,2,6266,买盘
1890,13:29:40,31.31,-0.02,7,21920,卖盘
1891,13:29:45,31.32,0.01,1,3132,中性盘
1892,13:29:48,31.32,0.0,33,103386,卖盘
1893,13:29:51,31.32,0.0,1,3132,卖盘
1894,13:29:55,31.32,0.0,15,46986,卖盘
1895,13:29:58,31.32,0.0,5,15660,卖盘
1896,13:30:01,31.31,-0.01,32,100214,卖盘
1897,13:30:04,31.33,0.02,1,3133,买盘
1898,13:30:07,31.31,-0.02,4,12527,卖盘
1899,13:30:10,31.31,0.0,1,3131,卖盘
1900,13:30:13,31.33,0.02,3,9399,买盘
1901,13:30:16,31.33,0.0,2,6266,买盘
1902,13:30:24,31.33,0.0,3,9399,买盘
1903,13:30:31,31.33,0.0,23,72045,买盘
1904,13:30:37,31.33,0.0,7,21931,卖盘
1905,13:30:43,31.37,0.04,28,87764,买盘
1906,13:30:45,31.33,-0.04,2,6266,卖盘
1907,13:30:52,31.37,0.04,20,62740,买盘
1908,13:30:57,31.37,0.0,3,9411,卖盘
1909,13:31:00,31.37,0.0,1,3137,卖盘
1910,13:31:25,31.33,-0.04,75,235036,卖盘
1911,13:31:31,31.33,0.0,32,100256,买盘
1912,13:31:42,31.34,0.01,3,9402,买盘
1913,13:31:49,31.34,0.0,18,56402,买盘
1914,13:31:52,31.34,0.0,1,3134,卖盘
1915,13:31:55,31.33,-0.01,22,68932,卖盘
1916,13:32:04,31.33,0.0,25,78328,卖盘
1917,13:32:07,31.33,0.0,8,25064,卖盘
1918,13:32:13,31.33,0.0,5,15665,卖盘
1919,13:32:16,31.33,0.0,26,81458,卖盘
1920,13:32:18,31.33,0.0,3,9399,卖盘
1921,13:32:22,31.33,0.0,7,21931,买盘
1922,13:32:30,31.33,0.0,5,15665,卖盘
1923,13:32:43,31.33,0.0,3,9399,卖盘
1924,13:32:46,31.34,0.01,1,3134,买盘
1925,13:32:54,31.34,0.0,1,3134,买盘
1926,13:32:57,31.33,-0.01,29,90858,卖盘
1927,13:33:00,31.33,0.0,29,90857,卖盘
1928,13:33:03,31.32,-0.01,2,6264,卖盘
1929,13:33:06,31.33,0.01,2,6266,买盘
1930,13:33:09,31.33,0.0,9,28197,买盘
1931,13:33:13,31.33,0.0,1,3133,买盘
1932,13:33:15,31.32,-0.01,2,6265,卖盘
1933,13:33:18,31.33,0.01,1,3133,买盘
1934,13:33:21,31.33,0.0,1,3133,买盘
1935,13:33:25,31.33,0.0,6,18798,买盘
1936,13:33:27,31.33,0.0,2,6266,卖盘
1937,13:33:33,31.33,0.0,14,43862,卖盘
1938,13:33:36,31.33,0.0,84,263322,卖盘
1939,13:33:40,31.33,0.0,1,3133,卖盘
1940,13:33:42,31.35,0.02,32,100316,买盘
1941,13:33:48,31.35,0.0,1,3135,买盘
1942,13:33:51,31.35,0.0,9,28215,买盘
1943,13:33:54,31.35,0.0,7,21945,买盘
1944,13:33:57,31.35,0.0,11,34485,买盘
1945,13:34:01,31.35,0.0,42,131670,买盘
1946,13:34:06,31.35,0.0,9,28215,买盘
1947,13:34:10,31.35,0.0,10,31350,卖盘
1948,13:34:12,31.37,0.02,6,18822,买盘
1949,13:34:15,31.37,0.0,1,3137,买盘
1950,13:34:18,31.37,0.0,25,78425,买盘
1951,13:34:21,31.37,0.0,68,213316,买盘
1952,13:34:31,31.38,0.01,1,3138,买盘
1953,13:34:37,31.39,0.01,8,25112,买盘
1954,13:34:49,31.38,-0.01,20,62768,卖盘
1955,13:34:54,31.41,0.03,10,31410,买盘
1956,13:34:58,31.38,-0.03,29,91018,卖盘
1957,13:35:07,31.38,0.0,7,21970,卖盘
1958,13:35:13,31.41,0.03,3,9423,买盘
1959,13:35:16,31.41,0.0,8,25128,买盘
1960,13:35:19,31.42,0.01,2,6284,买盘
1961,13:35:33,31.45,0.03,16,50320,买盘
1962,13:35:40,31.45,0.0,12,37740,买盘
1963,13:35:46,31.46,0.01,5,15726,买盘
1964,13:35:49,31.45,-0.01,2,6290,卖盘
1965,13:35:55,31.48,0.03,6,18888,买盘
1966,13:35:58,31.48,0.0,6,18888,买盘
1967,13:36:01,31.49,0.01,36,113364,买盘
1968,13:36:04,31.49,0.0,1,3149,买盘
1969,13:36:07,31.49,0.0,3,9447,买盘
1970,13:36:09,31.5,0.01,25,78750,买盘
1971,13:36:12,31.45,-0.05,1,3145,卖盘
1972,13:36:19,31.5,0.05,11,34645,买盘
1973,13:36:25,31.5,0.0,3,9450,买盘
1974,13:36:34,31.5,0.0,7,22049,买盘
1975,13:36:37,31.5,0.0,1,3150,买盘
1976,13:36:48,31.5,0.0,3,9450,买盘
1977,13:36:52,31.48,-0.02,4,12592,卖盘
1978,13:37:10,31.45,-0.03,4,12580,卖盘
1979,13:37:13,31.48,0.03,7,22036,买盘
1980,13:37:16,31.48,0.0,3,9444,卖盘
1981,13:37:18,31.48,0.0,1,3148,买盘
1982,13:37:22,31.45,-0.03,20,62900,卖盘
1983,13:37:25,31.47,0.02,2,6294,中性盘
1984,13:37:27,31.45,-0.02,83,261170,卖盘
1985,13:37:39,31.45,0.0,14,44030,买盘
1986,13:37:42,31.45,0.0,4,12577,买盘
1987,13:37:45,31.44,-0.01,1,3144,卖盘
1988,13:37:48,31.44,0.0,2,6288,买盘
1989,13:37:57,31.43,-0.01,7,22001,买盘
1990,13:38:01,31.43,0.0,1,3143,买盘
1991,13:38:06,31.42,-0.01,10,31420,卖盘
1992,13:38:09,31.43,0.01,1,3143,买盘
1993,13:38:21,31.43,0.0,2,6286,买盘
1994,13:38:24,31.43,0.0,1,3143,买盘
1995,13:38:27,31.42,-0.01,2,6284,卖盘
1996,13:38:40,31.42,0.0,1,3142,卖盘
1997,13:38:46,31.43,0.01,1,3143,买盘
1998,13:38:52,31.43,0.0,2,6286,买盘
1999,13:38:55,31.45,0.02,16,50320,买盘
2000,13:38:58,31.45,0.0,1,3145,买盘
2001,13:39:04,31.48,0.03,1,3148,买盘
2002,13:39:09,31.48,0.0,3,9444,买盘
2003,13:39:15,31.48,0.0,2,6296,买盘
2004,13:39:19,31.5,0.02,32,100764,买盘
2005,13:39:25,31.47,-0.03,21,66090,卖盘
2006,13:39:30,31.5,0.03,4,12600,买盘
2007,13:39:36,31.5,0.0,31,97650,买盘
2008,13:39:40,31.5,0.0,16,50398,买盘
2009,13:39:43,31.5,0.0,74,233100,买盘
2010,13:39:45,31.5,0.0,13,40950,买盘
2011,13:39:52,31.5,0.0,65,204686,买盘
2012,13:39:58,31.5,0.0,131,412650,买盘
2013,13:40:01,31.55,0.05,15,47270,买盘
2014,13:40:04,31.55,0.0,5,15775,卖盘
2015,13:40:09,31.56,0.01,1,3156,买盘
2016,13:40:19,31.55,-0.01,1,3155,卖盘
2017,13:40:25,31.57,0.02,3,9471,买盘
2018,13:40:30,31.57,0.0,2,6314,买盘
2019,13:40:33,31.57,0.0,4,12628,买盘
2020,13:40:37,31.57,0.0,1,3157,买盘
2021,13:40:46,31.57,0.0,2,6314,买盘
2022,13:40:52,31.57,0.0,6,18942,卖盘
2023,13:40:54,31.58,0.01,9,28422,买盘
2024,13:41:04,31.59,0.01,40,126360,买盘
2025,13:41:06,31.59,0.0,15,47385,买盘
2026,13:41:09,31.59,0.0,1,3159,买盘
2027,13:41:13,31.59,0.0,12,37908,买盘
2028,13:41:22,31.6,0.01,14,44240,买盘
2029,13:41:25,31.59,-0.01,65,205339,卖盘
2030,13:41:28,31.6,0.01,5,15800,买盘
2031,13:41:30,31.6,0.0,9,28440,买盘
2032,13:41:33,31.62,0.02,5,15810,买盘
2033,13:41:36,31.6,-0.02,32,101124,卖盘
2034,13:41:55,31.63,0.03,12,37954,买盘
2035,13:41:57,31.64,0.01,4,12656,买盘
2036,13:42:04,31.64,0.0,28,88592,买盘
2037,13:42:13,31.65,0.01,10,31650,买盘
2038,13:42:15,31.65,0.0,5,15823,买盘
2039,13:42:18,31.65,0.0,10,31650,买盘
2040,13:42:25,31.64,-0.01,74,234136,卖盘
2041,13:42:31,31.64,0.0,5,15819,买盘
2042,13:42:34,31.63,-0.01,9,28471,卖盘
2043,13:42:37,31.6,-0.03,105,332138,卖盘
2044,13:42:40,31.6,0.0,10,31600,卖盘
2045,13:42:42,31.63,0.03,2,6326,买盘
2046,13:42:46,31.58,-0.05,13,41073,卖盘
2047,13:42:57,31.57,-0.01,69,217852,卖盘
2048,13:43:04,31.58,0.01,2,6316,买盘
2049,13:43:07,31.57,-0.01,2,6314,卖盘
2050,13:43:10,31.57,0.0,3,9473,卖盘
2051,13:43:13,31.58,0.01,9,28417,买盘
2052,13:43:15,31.57,-0.01,8,25256,卖盘
2053,13:43:22,31.57,0.0,18,56826,卖盘
2054,13:43:28,31.58,0.01,12,37896,买盘
2055,13:43:30,31.57,-0.01,5,15785,卖盘
2056,13:43:36,31.57,0.0,27,85239,卖盘
2057,13:43:40,31.58,0.01,19,59993,买盘
2058,13:43:43,31.57,-0.01,7,22099,卖盘
2059,13:43:46,31.57,0.0,10,31570,卖盘
2060,13:43:49,31.57,0.0,2,6314,卖盘
2061,13:44:01,31.57,0.0,88,277816,买盘
2062,13:44:04,31.57,0.0,6,18942,买盘
2063,13:44:09,31.57,0.0,6,18942,买盘
2064,13:44:21,31.56,-0.01,7,22092,卖盘
2065,13:44:25,31.57,0.01,8,25256,买盘
2066,13:44:28,31.56,-0.01,5,15780,卖盘
2067,13:44:34,31.55,-0.01,11,34705,卖盘
2068,13:44:36,31.55,0.0,3,9465,买盘
2069,13:44:42,31.53,-0.02,6,18918,卖盘
2070,13:44:55,31.53,0.0,6,18918,买盘
2071,13:44:58,31.53,0.0,5,15765,买盘
2072,13:45:01,31.51,-0.02,22,69332,卖盘
2073,13:45:10,31.52,0.01,2,6304,卖盘
2074,13:45:13,31.52,0.0,9,28368,卖盘
2075,13:45:15,31.52,0.0,3,9456,卖盘
2076,13:45:24,31.55,0.03,2,6307,买盘
2077,13:45:46,31.55,0.0,10,31550,买盘
2078,13:46:00,31.54,-0.01,3,9462,卖盘
2079,13:46:16,31.54,0.0,1,3154,买盘
2080,13:46:25,31.54,0.0,8,25227,买盘
2081,13:46:34,31.55,0.01,11,34688,买盘
2082,13:46:37,31.5,-0.05,138,434795,卖盘
2083,13:46:46,31.55,0.05,5,15775,买盘
2084,13:46:52,31.53,-0.02,14,44148,卖盘
2085,13:46:57,31.53,0.0,1,3153,卖盘
2086,13:47:10,31.54,0.01,3,9462,买盘
2087,13:47:13,31.53,-0.01,5,15765,卖盘
2088,13:47:16,31.54,0.01,2,6308,买盘
2089,13:47:25,31.53,-0.01,1,3153,卖盘
2090,13:47:27,31.5,-0.03,5,15750,卖盘
2091,13:47:37,31.5,0.0,1,3150,买盘
2092,13:47:52,31.5,0.0,17,53550,卖盘
2093,13:47:55,31.53,0.03,4,12612,买盘
2094,13:48:01,31.53,0.0,18,56754,买盘
2095,13:48:04,31.51,-0.02,1,3151,卖盘
2096,13:48:09,31.55,0.04,15,47303,买盘
2097,13:48:22,31.52,-0.03,1,3152,卖盘
2098,13:48:28,31.55,0.03,3,9465,买盘
2099,13:48:39,31.55,0.0,7,22085,买盘
2100,13:48:42,31.55,0.0,10,31550,买盘
2101,13:48:45,31.55,0.0,5,15775,买盘
2102,13:49:00,31.55,0.0,1,3155,卖盘
2103,13:49:04,31.55,0.0,1,3155,买盘
2104,13:49:07,31.55,0.0,1,3155,买盘
2105,13:49:16,31.56,0.01,5,15780,买盘
2106,13:49:21,31.56,0.0,5,15780,买盘
2107,13:49:25,31.56,0.0,3,9468,买盘
2108,13:49:28,31.56,0.0,1,3156,买盘
2109,13:49:31,31.56,0.0,5,15780,买盘
2110,13:49:37,31.57,0.01,22,69442,买盘
2111,13:49:43,31.58,0.01,8,25254,买盘
2112,13:49:46,31.58,0.0,2,6316,买盘
2113,13:49:52,31.58,0.0,1,3158,买盘
2114,13:50:00,31.6,0.02,41,129412,买盘
2115,13:50:07,31.6,0.0,3,9480,买盘
2116,13:50:18,31.62,0.02,10,31620,买盘
2117,13:50:21,31.62,0.0,4,12647,买盘
2118,13:50:27,31.63,0.01,10,31630,买盘
2119,13:50:30,31.63,0.0,12,37956,买盘
2120,13:50:33,31.64,0.01,12,37962,买盘
2121,13:50:39,31.65,0.01,35,110775,买盘
2122,13:50:43,31.66,0.01,16,50656,买盘
2123,13:50:46,31.66,0.0,1,3166,买盘
2124,13:50:49,31.67,0.01,3,9501,买盘
2125,13:50:52,31.69,0.02,30,95054,买盘
2126,13:50:55,31.69,0.0,8,25346,买盘
2127,13:50:58,31.7,0.01,10,31700,买盘
2128,13:51:01,31.7,0.0,2,6340,买盘
2129,13:51:04,31.7,0.0,23,72908,买盘
2130,13:51:07,31.71,0.01,6,19026,买盘
2131,13:51:13,31.72,0.01,8,25367,买盘
2132,13:51:15,31.74,0.02,12,38068,买盘
2133,13:51:18,31.76,0.02,89,282594,买盘
2134,13:51:25,31.78,0.02,8,25415,买盘
2135,13:51:31,31.78,0.0,23,73077,买盘
2136,13:51:33,31.76,-0.02,5,15888,卖盘
2137,13:51:36,31.79,0.03,27,85816,买盘
2138,13:51:39,31.79,0.0,10,31790,买盘
2139,13:51:42,31.78,-0.01,11,34968,卖盘
2140,13:51:46,31.78,0.0,41,130310,卖盘
2141,13:51:49,31.8,0.02,28,89020,买盘
2142,13:51:51,31.79,-0.01,139,442018,卖盘
2143,13:51:55,31.8,0.01,64,203519,买盘
2144,13:51:57,31.8,0.0,10,31798,卖盘
2145,13:52:01,31.81,0.01,12,38172,买盘
2146,13:52:04,31.86,0.05,40,127394,买盘
2147,13:52:07,31.86,0.0,33,105112,买盘
2148,13:52:10,31.86,0.0,28,89175,买盘
2149,13:52:13,31.86,0.0,19,60522,买盘
2150,13:52:16,31.83,-0.03,8,25464,买盘
2151,13:52:18,31.82,-0.01,47,149603,卖盘
2152,13:52:25,31.83,0.01,35,111404,买盘
2153,13:52:28,31.84,0.01,9,28652,买盘
2154,13:52:31,31.82,-0.02,142,451999,卖盘
2155,13:52:33,31.83,0.01,11,35004,买盘
2156,13:52:36,31.82,-0.01,5,15910,卖盘
2157,13:52:39,31.83,0.01,6,19097,买盘
2158,13:52:42,31.81,-0.02,59,187750,卖盘
2159,13:52:45,31.81,0.0,25,79549,卖盘
2160,13:52:48,31.82,0.01,9,28638,买盘
2161,13:52:52,31.82,0.0,30,95433,买盘
2162,13:52:55,31.8,-0.02,23,73141,卖盘
2163,13:52:58,31.82,0.02,34,108173,买盘
2164,13:53:00,31.85,0.03,73,232348,买盘
2165,13:53:04,31.85,0.0,3,9547,买盘
2166,13:53:13,31.83,-0.02,1,3183,卖盘
2167,13:53:15,31.83,0.0,3,9549,买盘
2168,13:53:19,31.83,0.0,5,15913,买盘
2169,13:53:22,31.83,0.0,53,168571,买盘
2170,13:53:25,31.83,0.0,24,76407,买盘
2171,13:53:28,31.83,0.0,1,3183,卖盘
2172,13:53:30,31.82,-0.01,5,15914,中性盘
2173,13:53:34,31.8,-0.02,23,73140,卖盘
2174,13:53:37,31.8,0.0,2,6360,买盘
2175,13:53:40,31.8,0.0,26,82662,买盘
2176,13:53:43,31.79,-0.01,4,12716,卖盘
2177,13:53:46,31.8,0.01,15,47689,买盘
2178,13:53:49,31.78,-0.02,2,6356,卖盘
2179,13:53:51,31.78,0.0,6,19068,卖盘
2180,13:53:57,31.79,0.01,43,136623,买盘
2181,13:54:07,31.7,-0.09,5,15850,卖盘
2182,13:54:13,31.7,0.0,3,9510,卖盘
2183,13:54:16,31.77,0.07,30,95304,买盘
2184,13:54:18,31.7,-0.07,5,15850,卖盘
2185,13:54:28,31.71,0.01,2,6342,卖盘
2186,13:54:31,31.77,0.06,10,31737,买盘
2187,13:54:40,31.77,0.0,5,15884,买盘
2188,13:54:46,31.76,-0.01,12,38096,买盘
2189,13:55:01,31.76,0.0,5,15876,买盘
2190,13:55:10,31.75,-0.01,3,9525,中性盘
2191,13:55:12,31.74,-0.01,24,76203,卖盘
2192,13:55:19,31.76,0.02,1,3176,买盘
2193,13:55:22,31.76,0.0,17,53992,买盘
2194,13:55:24,31.76,0.0,7,22232,卖盘
2195,13:55:31,31.76,0.0,26,82594,卖盘
2196,13:55:34,31.76,0.0,19,60357,卖盘
2197,13:55:36,31.77,0.01,1,3177,买盘
2198,13:55:39,31.76,-0.01,20,63525,卖盘
2199,13:55:43,31.76,0.0,22,69872,买盘
2200,13:55:45,31.76,0.0,31,98456,买盘
2201,13:55:52,31.78,0.02,11,34948,买盘
2202,13:55:55,31.77,-0.01,92,292455,卖盘
2203,13:55:58,31.82,0.05,12,38184,买盘
2204,13:56:01,31.83,0.01,13,41360,买盘
2205,13:56:04,31.77,-0.06,40,127150,卖盘
2206,13:56:07,31.85,0.08,8,25448,买盘
2207,13:56:10,31.83,-0.02,5,15915,中性盘
2208,13:56:13,31.85,0.02,4,12738,买盘
2209,13:56:18,31.86,0.01,45,143333,买盘
2210,13:56:21,31.85,-0.01,12,38220,中性盘
2211,13:56:25,31.85,0.0,23,73255,卖盘
2212,13:56:28,31.86,0.01,12,38230,买盘
2213,13:56:31,31.86,0.0,84,267624,买盘
2214,13:56:33,31.86,0.0,4,12743,买盘
2215,13:56:36,31.83,-0.03,32,101900,卖盘
2216,13:56:39,31.86,0.03,22,70069,买盘
2217,13:56:43,31.85,-0.01,3,9555,买盘
2218,13:56:49,31.84,-0.01,12,38207,买盘
2219,13:56:52,31.85,0.01,19,60467,买盘
2220,13:56:54,31.83,-0.02,5,15915,中性盘
2221,13:56:58,31.79,-0.04,52,165597,卖盘
2222,13:57:01,31.8,0.01,27,85963,中性盘
2223,13:57:07,31.84,0.04,1,3184,卖盘
2224,13:57:10,31.85,0.01,10,31850,买盘
2225,13:57:13,31.83,-0.02,2,6366,卖盘
2226,13:57:15,31.83,0.0,10,31830,卖盘
2227,13:57:18,31.84,0.01,42,133722,买盘
2228,13:57:22,31.85,0.01,12,38220,买盘
2229,13:57:28,31.84,-0.01,15,47766,卖盘
2230,13:57:31,31.84,0.0,23,73212,买盘
2231,13:57:34,31.83,-0.01,68,216509,卖盘
2232,13:57:37,31.83,0.0,17,54133,卖盘
2233,13:57:39,31.83,0.0,80,254686,卖盘
2234,13:57:42,31.85,0.02,17,54144,买盘
2235,13:57:45,31.85,0.0,23,73239,买盘
2236,13:57:49,31.83,-0.02,18,57294,卖盘
2237,13:57:52,31.84,0.01,19,60480,买盘
2238,13:57:55,31.85,0.01,3,9554,买盘
2239,13:58:04,31.83,-0.02,15,47745,买盘
2240,13:58:09,31.8,-0.03,21,66810,卖盘
2241,13:58:16,31.83,0.03,65,206855,买盘
2242,13:58:18,31.83,0.0,2,6366,卖盘
2243,13:58:21,31.83,0.0,4,12732,卖盘
2244,13:58:25,31.83,0.0,15,47745,卖盘
2245,13:58:28,31.83,0.0,45,143238,卖盘
2246,13:58:31,31.8,-0.03,22,70020,卖盘
2247,13:58:34,31.83,0.03,5,15915,买盘
2248,13:58:36,31.8,-0.03,36,114480,卖盘
2249,13:58:39,31.8,0.0,1,3180,卖盘
2250,13:58:43,31.8,0.0,5,15900,卖盘
2251,13:58:46,31.8,0.0,22,70000,卖盘
2252,13:58:54,31.79,-0.01,10,31790,卖盘
2253,13:58:57,31.79,0.0,10,31794,卖盘
2254,13:59:00,31.79,0.0,24,76295,卖盘
2255,13:59:07,31.78,-0.01,5,15890,卖盘
2256,13:59:10,31.78,0.0,3,9534,买盘
2257,13:59:13,31.79,0.01,10,31784,买盘
2258,13:59:15,31.77,-0.02,4,12708,卖盘
2259,13:59:22,31.77,0.0,4,12710,卖盘
2260,13:59:31,31.77,0.0,12,38124,卖盘
2261,13:59:33,31.77,0.0,60,190620,卖盘
2262,13:59:37,31.76,-0.01,10,31760,卖盘
2263,13:59:40,31.76,0.0,25,79404,卖盘
2264,13:59:43,31.76,0.0,17,53992,卖盘
2265,13:59:46,31.76,0.0,63,200088,卖盘
2266,13:59:51,31.74,-0.02,7,22228,卖盘
2267,13:59:54,31.73,-0.01,1,3173,卖盘
2268,14:00:00,31.73,0.0,9,28551,卖盘
2269,14:00:04,31.73,0.0,4,12692,卖盘
2270,14:00:07,31.71,-0.02,2,6342,卖盘
2271,14:00:21,31.72,0.01,5,15864,卖盘
2272,14:00:24,31.71,-0.01,10,31711,卖盘
2273,14:00:27,31.73,0.02,1,3173,买盘
2274,14:00:30,31.72,-0.01,12,38074,中性盘
2275,14:00:34,31.73,0.01,1,3173,买盘
2276,14:00:37,31.7,-0.03,30,95120,卖盘
2277,14:00:42,31.7,0.0,1,3170,买盘
2278,14:00:49,31.7,0.0,7,22190,卖盘
2279,14:00:51,31.66,-0.04,12,38007,卖盘
2280,14:01:04,31.7,0.04,3,9510,中性盘
2281,14:01:10,31.7,0.0,11,34870,卖盘
2282,14:01:13,31.71,0.01,4,12684,买盘
2283,14:01:18,31.71,0.0,21,66598,卖盘
2284,14:01:28,31.73,0.02,5,15863,买盘
2285,14:01:34,31.72,-0.01,1,3172,买盘
2286,14:01:45,31.73,0.01,6,19033,买盘
2287,14:01:49,31.74,0.01,14,44424,买盘
2288,14:01:52,31.73,-0.01,7,22219,卖盘
2289,14:01:57,31.73,0.0,5,15865,卖盘
2290,14:02:01,31.76,0.03,19,60344,买盘
2291,14:02:07,31.76,0.0,3,9528,买盘
2292,14:02:10,31.76,0.0,2,6352,买盘
2293,14:02:13,31.75,-0.01,3,9525,卖盘
2294,14:02:24,31.76,0.01,22,69892,卖盘
2295,14:02:31,31.76,0.0,6,19056,卖盘
2296,14:02:34,31.77,0.01,23,73071,卖盘
2297,14:02:40,31.76,-0.01,51,161857,买盘
2298,14:02:46,31.76,0.0,52,165151,买盘
2299,14:02:54,31.76,0.0,40,127040,买盘
2300,14:03:01,31.74,-0.02,1,3174,卖盘
2301,14:03:07,31.74,0.0,10,31740,卖盘
2302,14:03:10,31.75,0.01,1,3175,买盘
2303,14:03:16,31.74,-0.01,3,9522,卖盘
2304,14:03:22,31.74,0.0,3,9522,卖盘
2305,14:03:27,31.74,0.0,14,44436,卖盘
2306,14:03:40,31.75,0.01,14,44449,买盘
2307,14:03:46,31.76,0.01,41,130207,买盘
2308,14:03:49,31.75,-0.01,4,12702,卖盘
2309,14:03:54,31.74,-0.01,50,158742,卖盘
2310,14:04:10,31.75,0.01,1,3175,卖盘
2311,14:04:21,31.75,0.0,32,101605,卖盘
2312,14:04:30,31.74,-0.01,13,41262,卖盘
2313,14:04:33,31.75,0.01,3,9525,买盘
2314,14:04:36,31.75,0.0,21,66657,买盘
2315,14:04:43,31.74,-0.01,9,28566,卖盘
2316,14:04:46,31.74,0.0,6,19044,卖盘
2317,14:04:49,31.74,0.0,9,28566,卖盘
2318,14:04:52,31.75,0.01,5,15875,买盘
2319,14:04:55,31.75,0.0,1,3175,买盘
2320,14:04:58,31.75,0.0,10,31747,买盘
2321,14:05:04,31.74,-0.01,109,346022,卖盘
2322,14:05:06,31.75,0.01,5,15875,卖盘
2323,14:05:22,31.75,0.0,6,19053,卖盘
2324,14:05:25,31.78,0.03,1,3178,买盘
2325,14:05:34,31.78,0.0,1,3178,卖盘
2326,14:05:43,31.79,0.01,1,3179,买盘
2327,14:05:48,31.8,0.01,20,63600,买盘
2328,14:05:51,31.8,0.0,16,50880,买盘
2329,14:05:54,31.8,0.0,16,50880,买盘
2330,14:06:01,31.8,0.0,16,50880,卖盘
2331,14:06:07,31.82,0.02,15,47710,买盘
2332,14:06:10,31.82,0.0,33,104958,买盘
2333,14:06:13,31.82,0.0,2,6364,卖盘
2334,14:06:16,31.82,0.0,21,66822,卖盘
2335,14:06:18,31.82,0.0,5,15911,卖盘
2336,14:06:21,31.82,0.0,5,15910,卖盘
2337,14:06:24,31.82,0.0,15,47730,买盘
2338,14:06:27,31.82,0.0,16,50912,卖盘
2339,14:06:37,31.78,-0.04,29,92188,卖盘
2340,14:06:40,31.78,0.0,5,15890,卖盘
2341,14:06:43,31.74,-0.04,126,400377,卖盘
2342,14:06:45,31.8,0.06,19,60404,买盘
2343,14:06:52,31.74,-0.06,4,12696,卖盘
2344,14:07:01,31.77,0.03,8,25404,买盘
2345,14:07:07,31.75,-0.02,2,6350,卖盘
2346,14:07:10,31.75,0.0,12,38100,卖盘
2347,14:07:13,31.75,0.0,4,12700,卖盘
2348,14:07:24,31.74,-0.01,26,82524,卖盘
2349,14:07:28,31.74,0.0,11,34919,卖盘
2350,14:07:31,31.75,0.01,31,98405,买盘
2351,14:07:34,31.74,-0.01,37,117444,卖盘
2352,14:07:40,31.74,0.0,40,126960,卖盘
2353,14:07:46,31.74,0.0,4,12696,卖盘
2354,14:07:49,31.75,0.01,7,22219,中性盘
2355,14:07:52,31.74,-0.01,2,6348,卖盘
2356,14:07:58,31.74,0.0,1,3174,卖盘
2357,14:08:00,31.74,0.0,13,41262,卖盘
2358,14:08:04,31.74,0.0,7,22219,卖盘
2359,14:08:06,31.74,0.0,1,3174,卖盘
2360,14:08:09,31.75,0.01,10,31750,卖盘
2361,14:08:19,31.73,-0.02,24,76152,卖盘
2362,14:08:21,31.77,0.04,27,85729,买盘
2363,14:08:25,31.73,-0.04,5,15865,卖盘
2364,14:08:31,31.73,0.0,10,31730,卖盘
2365,14:08:33,31.73,0.0,7,22216,卖盘
2366,14:08:46,31.73,0.0,6,19035,买盘
2367,14:08:49,31.72,-0.01,15,47567,卖盘
2368,14:08:55,31.7,-0.02,2,6341,卖盘
2369,14:09:15,31.7,0.0,1,3170,卖盘
2370,14:09:25,31.7,0.0,12,38042,卖盘
2371,14:09:30,31.7,0.0,35,110956,卖盘
2372,14:09:36,31.7,0.0,1,3170,卖盘
2373,14:09:39,31.7,0.0,2,6340,卖盘
2374,14:09:48,31.7,0.0,13,41210,卖盘
2375,14:09:54,31.7,0.0,11,34870,卖盘
2376,14:10:00,31.67,-0.03,10,31671,卖盘
2377,14:10:15,31.67,0.0,5,15835,卖盘
2378,14:10:19,31.68,0.01,5,15840,买盘
2379,14:10:22,31.68,0.0,4,12672,卖盘
2380,14:10:28,31.68,0.0,1,3168,卖盘
2381,14:10:33,31.68,0.0,2,6336,卖盘
2382,14:10:36,31.68,0.0,1,3168,卖盘
2383,14:10:39,31.67,-0.01,9,28503,卖盘
2384,14:10:42,31.68,0.01,3,9504,买盘
2385,14:10:45,31.68,0.0,5,15840,卖盘
2386,14:10:49,31.68,0.0,29,91872,卖盘
2387,14:11:06,31.69,0.01,1,3169,买盘
2388,14:11:10,31.68,-0.01,15,47520,卖盘
2389,14:11:22,31.67,-0.01,20,63355,卖盘
2390,14:11:31,31.68,0.01,13,41187,卖盘
2391,14:11:43,31.67,-0.01,10,31678,卖盘
2392,14:11:55,31.68,0.01,1,3168,卖盘
2393,14:12:00,31.69,0.01,8,25348,买盘
2394,14:12:03,31.69,0.0,2,6337,买盘
2395,14:12:10,31.67,-0.02,10,31670,卖盘
2396,14:12:16,31.67,0.0,5,15835,卖盘
2397,14:12:19,31.69,0.02,15,47531,买盘
2398,14:12:22,31.7,0.01,13,41210,买盘
2399,14:12:33,31.7,0.0,3,9510,卖盘
2400,14:12:36,31.71,0.01,3,9513,买盘
2401,14:12:48,31.71,0.0,6,19021,买盘
2402,14:12:52,31.71,0.0,7,22197,买盘
2403,14:13:04,31.72,0.01,5,15860,买盘
2404,14:13:06,31.71,-0.01,6,19026,卖盘
2405,14:13:10,31.72,0.01,3,9516,买盘
2406,14:13:15,31.73,0.01,10,31730,买盘
2407,14:13:22,31.74,0.01,1,3174,买盘
2408,14:13:28,31.74,0.0,4,12696,买盘
2409,14:13:31,31.75,0.01,5,15875,买盘
2410,14:13:46,31.78,0.03,28,88943,买盘
2411,14:13:49,31.75,-0.03,6,19045,中性盘
2412,14:13:58,31.78,0.03,5,15890,买盘
2413,14:14:01,31.78,0.0,54,171597,买盘
2414,14:14:04,31.8,0.02,17,54044,买盘
2415,14:14:13,31.78,-0.02,15,47680,卖盘
2416,14:14:21,31.78,0.0,161,511705,卖盘
2417,14:14:28,31.78,0.0,4,12712,卖盘
2418,14:14:31,31.78,0.0,15,47672,卖盘
2419,14:14:34,31.78,0.0,28,88984,卖盘
2420,14:14:36,31.78,0.0,3,9534,卖盘
2421,14:14:42,31.78,0.0,12,38150,卖盘
2422,14:14:46,31.78,0.0,19,60400,卖盘
2423,14:14:49,31.78,0.0,19,60384,卖盘
2424,14:14:52,31.78,0.0,2,6356,买盘
2425,14:14:57,31.78,0.0,4,12711,买盘
2426,14:15:01,31.74,-0.04,13,41262,卖盘
2427,14:15:04,31.75,0.01,5,15883,中性盘
2428,14:15:07,31.78,0.03,10,31759,买盘
2429,14:15:12,31.73,-0.05,22,69806,卖盘
2430,14:15:16,31.77,0.04,20,63512,买盘
2431,14:15:21,31.77,0.0,2,6354,卖盘
2432,14:15:34,31.77,0.0,21,66632,买盘
2433,14:15:52,31.74,-0.03,1,3174,卖盘
2434,14:15:54,31.76,0.02,50,158785,买盘
2435,14:15:57,31.74,-0.02,9,28566,卖盘
2436,14:16:09,31.72,-0.02,6,19032,卖盘
2437,14:16:13,31.74,0.02,1,3174,买盘
2438,14:16:30,31.74,0.0,14,44436,卖盘
2439,14:16:33,31.74,0.0,20,63480,卖盘
2440,14:16:37,31.74,0.0,17,53958,卖盘
2441,14:16:39,31.74,0.0,20,63480,卖盘
2442,14:16:51,31.77,0.03,30,95303,买盘
2443,14:16:55,31.74,-0.03,1,3174,卖盘
2444,14:16:58,31.71,-0.03,9,28557,卖盘
2445,14:17:06,31.74,0.03,16,50812,卖盘
2446,14:17:19,31.77,0.03,4,12707,买盘
2447,14:17:24,31.74,-0.03,5,15870,买盘
2448,14:17:37,31.74,0.0,2,6348,买盘
2449,14:17:40,31.77,0.03,1,3177,买盘
2450,14:17:42,31.75,-0.02,3,9525,中性盘
2451,14:17:48,31.75,0.0,3,9525,卖盘
2452,14:17:55,31.76,0.01,7,22232,买盘
2453,14:18:07,31.76,0.0,6,19056,买盘
2454,14:18:09,31.76,0.0,1,3176,买盘
2455,14:18:13,31.75,-0.01,19,60335,卖盘
2456,14:18:16,31.75,0.0,5,15875,买盘
2457,14:18:27,31.76,0.01,1,3176,买盘
2458,14:18:37,31.75,-0.01,3,9525,卖盘
2459,14:18:46,31.75,0.0,4,12700,卖盘
2460,14:18:49,31.76,0.01,69,219139,买盘
2461,14:18:52,31.76,0.0,10,31760,卖盘
2462,14:18:58,31.76,0.0,7,22232,卖盘
2463,14:19:09,31.76,0.0,6,19056,卖盘
2464,14:19:15,31.76,0.0,26,82582,卖盘
2465,14:19:22,31.76,0.0,4,12704,买盘
2466,14:19:25,31.77,0.01,39,123867,买盘
2467,14:19:28,31.77,0.0,1,3177,买盘
2468,14:19:34,31.77,0.0,22,69894,买盘
2469,14:19:45,31.77,0.0,11,34947,卖盘
2470,14:19:54,31.78,0.01,7,22240,买盘
2471,14:20:04,31.75,-0.03,6,19051,卖盘
2472,14:20:06,31.78,0.03,5,15890,买盘
2473,14:20:18,31.75,-0.03,5,15877,卖盘
2474,14:20:34,31.7,-0.05,159,504487,卖盘
2475,14:20:36,31.7,0.0,2,6340,买盘
2476,14:20:42,31.7,0.0,11,34870,买盘
2477,14:20:52,31.68,-0.02,9,28526,卖盘
2478,14:20:55,31.7,0.02,7,22190,买盘
2479,14:21:04,31.7,0.0,2,6340,卖盘
2480,14:21:09,31.7,0.0,5,15850,卖盘
2481,14:21:13,31.7,0.0,5,15850,买盘
2482,14:21:19,31.7,0.0,3,9512,卖盘
2483,14:21:27,31.71,0.01,1,3171,中性盘
2484,14:21:31,31.7,-0.01,9,28531,卖盘
2485,14:21:34,31.7,0.0,2,6340,买盘
2486,14:21:49,31.7,0.0,10,31700,买盘
2487,14:21:51,31.7,0.0,1,3170,卖盘
2488,14:22:13,31.7,0.0,5,15852,卖盘
2489,14:22:15,31.71,0.01,1,3171,中性盘
2490,14:22:22,31.71,0.0,2,6342,买盘
2491,14:22:37,31.71,0.0,8,25368,卖盘
2492,14:22:40,31.74,0.03,8,25392,买盘
2493,14:22:51,31.71,-0.03,1,3171,卖盘
2494,14:22:57,31.73,0.02,2,6346,买盘
2495,14:23:07,31.74,0.01,2,6348,买盘
2496,14:23:10,31.74,0.0,1,3174,卖盘
2497,14:23:13,31.75,0.01,9,28575,买盘
2498,14:23:16,31.74,-0.01,5,15870,卖盘
2499,14:23:24,31.74,0.0,3,9522,卖盘
2500,14:23:31,31.74,0.0,5,15870,卖盘
2501,14:23:37,31.74,0.0,2,6348,卖盘
2502,14:23:57,31.75,0.01,14,44448,买盘
2503,14:24:00,31.75,0.0,1,3175,买盘
2504,14:24:04,31.77,0.02,25,79414,买盘
2505,14:24:10,31.78,0.01,5,15890,买盘
2506,14:24:16,31.78,0.0,10,31780,买盘
2507,14:24:18,31.78,0.0,6,19064,买盘
2508,14:24:21,31.77,-0.01,20,63557,卖盘
2509,14:24:24,31.79,0.02,20,63568,买盘
2510,14:24:28,31.78,-0.01,30,95340,买盘
2511,14:24:31,31.78,0.0,23,73094,买盘
2512,14:24:34,31.77,-0.01,5,15885,卖盘
2513,14:24:37,31.78,0.01,20,63560,买盘
2514,14:24:40,31.79,0.01,13,41315,买盘
2515,14:24:46,31.79,0.0,3,9537,买盘
2516,14:24:49,31.78,-0.01,39,123942,卖盘
2517,14:24:52,31.79,0.01,9,28611,买盘
2518,14:24:55,31.79,0.0,22,69932,买盘
2519,14:24:58,31.79,0.0,3,9537,买盘
2520,14:25:00,31.79,0.0,13,41327,买盘
2521,14:25:06,31.79,0.0,5,15895,卖盘
2522,14:25:09,31.8,0.01,2,6360,买盘
2523,14:25:16,31.79,-0.01,10,31798,卖盘
2524,14:25:19,31.79,0.0,3,9537,卖盘
2525,14:25:21,31.79,0.0,1,3179,卖盘
2526,14:25:27,31.8,0.01,4,12718,买盘
2527,14:25:31,31.8,0.0,11,34978,买盘
2528,14:25:34,31.8,0.0,55,174885,买盘
2529,14:25:39,31.79,-0.01,35,111295,卖盘
2530,14:25:43,31.8,0.01,3,9540,买盘
2531,14:25:45,31.8,0.0,31,98580,买盘
2532,14:25:48,31.79,-0.01,8,25438,卖盘
2533,14:25:51,31.79,0.0,22,69953,卖盘
2534,14:25:54,31.8,0.01,11,34978,买盘
2535,14:26:01,31.81,0.01,1,3181,买盘
2536,14:26:10,31.81,0.0,15,47715,买盘
2537,14:26:13,31.8,-0.01,39,124058,卖盘
2538,14:26:16,31.82,0.02,22,70004,买盘
2539,14:26:19,31.82,0.0,6,19090,买盘
2540,14:26:22,31.82,0.0,2,6364,买盘
2541,14:26:28,31.82,0.0,21,66817,买盘
2542,14:26:31,31.82,0.0,5,15910,卖盘
2543,14:26:33,31.83,0.01,3,9549,买盘
2544,14:26:36,31.82,-0.01,7,22274,卖盘
2545,14:26:39,31.81,-0.01,1,3181,卖盘
2546,14:26:42,31.82,0.01,9,28636,买盘
2547,14:26:49,31.81,-0.01,1,3181,中性盘
2548,14:26:52,31.81,0.0,1,3181,卖盘
2549,14:26:55,31.82,0.01,6,19087,买盘
2550,14:26:58,31.82,0.0,11,35001,买盘
2551,14:27:00,31.82,0.0,3,9546,买盘
2552,14:27:04,31.81,-0.01,5,15905,卖盘
2553,14:27:07,31.82,0.01,5,15910,买盘
2554,14:27:10,31.81,-0.01,7,22271,卖盘
2555,14:27:13,31.8,-0.01,9,28620,卖盘
2556,14:27:15,31.82,0.02,6,19092,卖盘
2557,14:27:18,31.81,-0.01,1,3181,买盘
2558,14:27:21,31.8,-0.01,3,9540,卖盘
2559,14:27:24,31.8,0.0,20,63600,卖盘
2560,14:27:27,31.8,0.0,5,15902,卖盘
2561,14:27:30,31.8,0.0,10,31800,卖盘
2562,14:27:46,31.78,-0.02,59,187558,卖盘
2563,14:27:48,31.79,0.01,8,25432,买盘
2564,14:27:52,31.78,-0.01,14,44492,卖盘
2565,14:27:54,31.78,0.0,3,9534,卖盘
2566,14:28:01,31.8,0.02,81,257519,买盘
2567,14:28:09,31.81,0.01,30,95412,买盘
2568,14:28:12,31.81,0.0,29,92247,买盘
2569,14:28:15,31.81,0.0,2,6362,卖盘
2570,14:28:21,31.82,0.01,32,101824,买盘
2571,14:28:25,31.82,0.0,20,63630,买盘
2572,14:28:28,31.82,0.0,12,38184,买盘
2573,14:28:31,31.82,0.0,2,6364,买盘
2574,14:28:33,31.83,0.01,42,133686,买盘
2575,14:28:37,31.83,0.0,57,181431,买盘
2576,14:28:40,31.86,0.03,246,783477,买盘
2577,14:28:46,31.87,0.01,19,60553,买盘
2578,14:28:49,31.88,0.01,15,47819,买盘
2579,14:28:55,31.89,0.01,10,31887,买盘
2580,14:28:57,31.89,0.0,7,22323,买盘
2581,14:29:00,31.9,0.01,127,405070,买盘
2582,14:29:04,31.9,0.0,44,140360,买盘
2583,14:29:07,31.91,0.01,39,124418,买盘
2584,14:29:10,31.9,-0.01,16,51050,卖盘
2585,14:29:13,31.94,0.04,10,31932,买盘
2586,14:29:16,31.96,0.02,31,99047,买盘
2587,14:29:21,31.96,0.0,47,150221,买盘
2588,14:29:24,31.97,0.01,52,166239,买盘
2589,14:29:27,31.97,0.0,61,194846,买盘
2590,14:29:31,31.97,0.0,25,79925,买盘
2591,14:29:34,31.97,0.0,18,57561,卖盘
2592,14:29:37,31.98,0.01,29,92742,买盘
2593,14:29:40,31.98,0.0,74,236641,买盘
2594,14:29:42,31.99,0.01,25,79955,买盘
2595,14:29:46,31.99,0.0,12,38386,买盘
2596,14:29:49,31.99,0.0,12,38378,买盘
2597,14:29:52,32.0,0.01,72,230316,买盘
2598,14:29:55,32.0,0.0,27,86400,买盘
2599,14:29:58,32.0,0.0,296,947200,买盘
2600,14:30:00,32.02,0.02,28,89659,买盘
2601,14:30:04,32.06,0.04,6,19233,买盘
2602,14:30:06,32.07,0.01,1,3207,买盘
2603,14:30:09,32.07,0.0,13,41702,买盘
2604,14:30:13,32.1,0.03,69,221460,买盘
2605,14:30:16,32.11,0.01,6,19261,买盘
2606,14:30:19,32.1,-0.01,4,12840,卖盘
2607,14:30:22,32.11,0.01,15,48204,卖盘
2608,14:30:25,32.16,0.05,19,61092,买盘
2609,14:30:28,32.16,0.0,26,83574,买盘
2610,14:30:31,32.17,0.01,18,57895,买盘
2611,14:30:34,32.2,0.03,118,379786,买盘
2612,14:30:36,32.18,-0.02,9,28954,中性盘
2613,14:30:40,32.2,0.02,71,228587,买盘
2614,14:30:43,32.2,0.0,19,61180,卖盘
2615,14:30:45,32.2,0.0,56,180336,卖盘
2616,14:30:48,32.2,0.0,27,86940,卖盘
2617,14:30:51,32.22,0.02,72,231931,买盘
2618,14:30:55,32.22,0.0,10,32229,卖盘
2619,14:30:58,32.22,0.0,74,238471,卖盘
2620,14:31:01,32.2,-0.02,80,257731,卖盘
2621,14:31:04,32.23,0.03,82,264192,买盘
2622,14:31:07,32.26,0.03,34,109638,买盘
2623,14:31:09,32.24,-0.02,117,377061,卖盘
2624,14:31:12,32.23,-0.01,19,61242,中性盘
2625,14:31:16,32.24,0.01,95,306243,买盘
2626,14:31:19,32.2,-0.04,130,418396,卖盘
2627,14:31:22,32.23,0.03,54,173993,买盘
2628,14:31:25,32.24,0.01,63,203028,买盘
2629,14:31:28,32.2,-0.04,55,177093,卖盘
2630,14:31:30,32.2,0.0,23,74038,买盘
2631,14:31:33,32.2,0.0,55,177041,买盘
2632,14:31:37,32.2,0.0,70,225316,买盘
2633,14:31:40,32.2,0.0,16,51520,卖盘
2634,14:31:43,32.2,0.0,71,228608,卖盘
2635,14:31:46,32.18,-0.02,13,41798,中性盘
2636,14:31:49,32.12,-0.06,35,112669,卖盘
2637,14:31:51,32.18,0.06,18,57940,中性盘
2638,14:31:54,32.13,-0.05,65,208778,卖盘
2639,14:31:58,32.13,0.0,5,16080,卖盘
2640,14:32:01,32.18,0.05,5,16090,买盘
2641,14:32:04,32.17,-0.01,7,22509,买盘
2642,14:32:07,32.17,0.0,9,28941,买盘
2643,14:32:09,32.18,0.01,63,202709,买盘
2644,14:32:12,32.18,0.0,18,57938,卖盘
2645,14:32:16,32.2,0.02,38,122350,买盘
2646,14:32:19,32.19,-0.01,72,231731,卖盘
2647,14:32:22,32.19,0.0,8,25748,买盘
2648,14:32:24,32.18,-0.01,6,19311,中性盘
2649,14:32:28,32.18,0.0,35,112651,卖盘
2650,14:32:30,32.19,0.01,7,22533,中性盘
2651,14:32:33,32.19,0.0,5,16099,卖盘
2652,14:32:37,32.2,0.01,18,57952,买盘
2653,14:32:40,32.2,0.0,28,90149,买盘
2654,14:32:42,32.2,0.0,6,19320,买盘
2655,14:32:46,32.2,0.0,43,138460,买盘
2656,14:32:49,32.2,0.0,91,293021,卖盘
2657,14:32:52,32.2,0.0,5,16100,买盘
2658,14:32:54,32.19,-0.01,44,141674,卖盘
2659,14:32:57,32.19,0.0,15,48285,买盘
2660,14:33:00,32.2,0.01,34,109480,买盘
2661,14:33:04,32.2,0.0,16,51520,买盘
2662,14:33:06,32.2,0.0,51,164218,买盘
2663,14:33:09,32.2,0.0,161,518221,买盘
2664,14:33:12,32.2,0.0,19,61177,中性盘
2665,14:33:16,32.17,-0.03,70,225284,卖盘
2666,14:33:19,32.2,0.03,4,12877,买盘
2667,14:33:22,32.17,-0.03,36,115822,卖盘
2668,14:33:24,32.17,0.0,8,25742,卖盘
2669,14:33:27,32.18,0.01,1,3218,买盘
2670,14:33:30,32.17,-0.01,22,70777,卖盘
2671,14:33:33,32.18,0.01,107,344162,买盘
2672,14:33:36,32.17,-0.01,14,45038,卖盘
2673,14:33:39,32.18,0.01,101,324918,买盘
2674,14:33:42,32.17,-0.01,42,135125,卖盘
2675,14:33:51,32.15,-0.02,5,16074,买盘
2676,14:33:54,32.14,-0.01,17,54638,卖盘
2677,14:33:57,32.15,0.01,20,64270,买盘
2678,14:34:01,32.15,0.0,13,41795,卖盘
2679,14:34:04,32.13,-0.02,13,41769,买盘
2680,14:34:07,32.15,0.02,15,48204,买盘
2681,14:34:13,32.13,-0.02,3,9639,卖盘
2682,14:34:15,32.13,0.0,8,25704,卖盘
2683,14:34:18,32.15,0.02,63,202481,买盘
2684,14:34:22,32.14,-0.01,44,141378,中性盘
2685,14:34:28,32.12,-0.02,8,25697,卖盘
2686,14:34:31,32.12,0.0,13,41761,卖盘
2687,14:34:34,32.12,0.0,14,44968,买盘
2688,14:34:37,32.13,0.01,75,240901,买盘
2689,14:34:40,32.12,-0.01,19,61028,中性盘
2690,14:34:43,32.12,0.0,11,35332,卖盘
2691,14:34:46,32.1,-0.02,126,404502,卖盘
2692,14:34:48,32.07,-0.03,11,35304,卖盘
2693,14:34:54,32.1,0.03,1,3210,买盘
2694,14:34:57,32.05,-0.05,10,32056,卖盘
2695,14:35:01,32.07,0.02,2,6414,中性盘
2696,14:35:04,32.05,-0.02,8,25642,卖盘
2697,14:35:07,32.07,0.02,25,80155,买盘
2698,14:35:10,32.09,0.02,21,67311,买盘
2699,14:35:12,32.06,-0.03,29,93023,卖盘
2700,14:35:15,32.1,0.04,13,41730,买盘
2701,14:35:19,32.09,-0.01,4,12836,中性盘
2702,14:35:22,32.1,0.01,2,6420,买盘
2703,14:35:25,32.1,0.0,7,22470,买盘
2704,14:35:28,32.1,0.0,14,44940,卖盘
2705,14:35:31,32.1,0.0,2,6420,卖盘
2706,14:35:34,32.1,0.0,1,3210,卖盘
2707,14:35:37,32.11,0.01,10,32110,买盘
2708,14:35:40,32.11,0.0,9,28902,卖盘
2709,14:35:42,32.11,0.0,32,102762,卖盘
2710,14:35:45,32.11,0.0,37,118804,买盘
2711,14:35:48,32.12,0.01,33,105971,买盘
2712,14:35:52,32.12,0.0,60,192779,卖盘
2713,14:35:58,32.15,0.03,19,61051,买盘
2714,14:36:01,32.15,0.0,6,19275,买盘
2715,14:36:04,32.12,-0.03,51,163975,卖盘
2716,14:36:07,32.17,0.05,50,160833,买盘
2717,14:36:09,32.12,-0.05,32,102784,卖盘
2718,14:36:13,32.12,0.0,9,28910,卖盘
2719,14:36:15,32.14,0.02,12,38568,买盘
2720,14:36:18,32.15,0.01,30,96394,买盘
2721,14:36:22,32.14,-0.01,3,9638,中性盘
2722,14:36:25,32.13,-0.01,34,109288,中性盘
2723,14:36:28,32.12,-0.01,26,83534,卖盘
2724,14:36:31,32.12,0.0,21,67448,买盘
2725,14:36:37,32.12,0.0,18,57816,中性盘
2726,14:36:39,32.12,0.0,5,16060,卖盘
2727,14:36:42,32.11,-0.01,34,109192,卖盘
2728,14:36:45,32.13,0.02,25,80324,买盘
2729,14:36:49,32.1,-0.03,59,189427,卖盘
2730,14:36:52,32.1,0.0,2,6420,买盘
2731,14:36:55,32.13,0.03,52,167038,买盘
2732,14:36:58,32.1,-0.03,1,3210,买盘
2733,14:37:04,32.1,0.0,7,22470,买盘
2734,14:37:07,32.1,0.0,11,35310,卖盘
2735,14:37:10,32.1,0.0,29,93092,卖盘
2736,14:37:13,32.1,0.0,10,32100,卖盘
2737,14:37:16,32.1,0.0,32,102720,卖盘
2738,14:37:18,32.1,0.0,6,19259,卖盘
2739,14:37:21,32.1,0.0,7,22470,买盘
2740,14:37:24,32.1,0.0,7,22469,买盘
2741,14:37:27,32.09,-0.01,3,9628,卖盘
2742,14:37:30,32.09,0.0,9,28888,卖盘
2743,14:37:34,32.09,0.0,18,57762,卖盘
2744,14:37:37,32.09,0.0,14,44929,买盘
2745,14:37:39,32.09,0.0,6,19254,买盘
2746,14:37:42,32.08,-0.01,7,22456,卖盘
2747,14:37:46,32.08,0.0,16,51331,卖盘
2748,14:37:49,32.08,0.0,27,86621,卖盘
2749,14:37:51,32.09,0.01,110,352914,买盘
2750,14:37:57,32.08,-0.01,4,12832,买盘
2751,14:38:01,32.07,-0.01,7,22454,卖盘
2752,14:38:04,32.07,0.0,31,99427,卖盘
2753,14:38:06,32.07,0.0,1,3207,卖盘
2754,14:38:13,32.08,0.01,21,67361,卖盘
2755,14:38:22,32.08,0.0,2,6416,卖盘
2756,14:38:25,32.08,0.0,15,48126,买盘
2757,14:38:27,32.08,0.0,37,118696,卖盘
2758,14:38:31,32.08,0.0,8,25664,卖盘
2759,14:38:34,32.09,0.01,6,19254,买盘
2760,14:38:36,32.09,0.0,30,96270,买盘
2761,14:38:39,32.09,0.0,56,179696,买盘
2762,14:38:43,32.09,0.0,37,118733,买盘
2763,14:38:46,32.09,0.0,70,224625,买盘
2764,14:38:51,32.09,0.0,37,118722,买盘
2765,14:38:55,32.09,0.0,21,67389,卖盘
2766,14:38:58,32.1,0.01,4,12837,买盘
2767,14:39:01,32.1,0.0,20,64200,买盘
2768,14:39:04,32.1,0.0,6,19255,买盘
2769,14:39:12,32.11,0.01,37,118807,买盘
2770,14:39:19,32.11,0.0,87,279359,卖盘
2771,14:39:22,32.11,0.0,14,44958,卖盘
2772,14:39:25,32.12,0.01,14,44962,买盘
2773,14:39:28,32.12,0.0,16,51402,卖盘
2774,14:39:31,32.13,0.01,9,28910,买盘
2775,14:39:34,32.13,0.0,26,83531,买盘
2776,14:39:37,32.13,0.0,35,112449,买盘
2777,14:39:42,32.14,0.01,77,247423,买盘
2778,14:39:46,32.14,0.0,25,80350,买盘
2779,14:39:49,32.14,0.0,4,12856,卖盘
2780,14:39:52,32.15,0.01,68,218620,买盘
2781,14:39:55,32.15,0.0,79,253985,买盘
2782,14:39:58,32.15,0.0,1,3215,买盘
2783,14:40:01,32.15,0.0,40,128600,买盘
2784,14:40:06,32.16,0.01,3,9648,买盘
2785,14:40:09,32.17,0.01,34,109319,买盘
2786,14:40:13,32.16,-0.01,2,6433,卖盘
2787,14:40:16,32.17,0.01,5,16082,买盘
2788,14:40:18,32.16,-0.01,7,22514,卖盘
2789,14:40:21,32.16,0.0,43,138298,卖盘
