,time,price,change,volume,amount,type
0,09:25:04,4.36,-0.07,231,100716,卖盘
1,09:30:07,4.32,-0.04,78,33685,卖盘
2,09:30:10,4.34,0.02,5,2170,买盘
3,09:30:16,4.32,-0.02,10,4320,卖盘
4,09:30:19,4.34,0.02,6,2604,买盘
5,09:30:34,4.34,0.0,14,6076,买盘
6,09:30:37,4.34,0.0,46,19964,中性盘
7,09:30:40,4.34,0.0,44,19096,买盘
8,09:31:04,4.36,0.02,262,114232,买盘
9,09:31:07,4.36,0.0,10,4360,卖盘
10,09:31:16,4.36,0.0,221,96356,卖盘
11,09:31:40,4.36,0.0,5,2180,卖盘
12,09:31:55,4.38,0.02,10,4380,买盘
13,09:32:01,4.36,-0.02,4,1744,卖盘
14,09:32:31,4.36,0.0,198,86328,卖盘
15,09:32:46,4.35,-0.01,5,2175,卖盘
16,09:32:52,4.36,0.01,50,21800,买盘
17,09:32:55,4.35,-0.01,7,3050,卖盘
18,09:33:01,4.36,0.01,16,6976,买盘
19,09:33:07,4.36,0.0,1,436,买盘
20,09:33:16,4.36,0.0,1,436,买盘
21,09:33:22,4.36,0.0,7,3052,买盘
22,09:33:28,4.36,0.0,4,1744,买盘
23,09:33:52,4.36,0.0,6,2616,买盘
24,09:34:13,4.36,0.0,100,43600,买盘
25,09:34:19,4.35,-0.01,1,435,卖盘
26,09:34:22,4.36,0.01,17,7412,买盘
27,09:34:31,4.37,0.01,30,13110,买盘
28,09:34:49,4.37,0.0,35,15295,卖盘
29,09:34:55,4.37,0.0,3,1311,卖盘
30,09:35:04,4.37,0.0,30,13110,卖盘
31,09:35:13,4.36,-0.01,60,26160,卖盘
32,09:35:22,4.35,-0.01,200,87089,卖盘
33,09:35:28,4.35,0.0,26,11310,卖盘
34,09:35:31,4.36,0.01,100,43600,买盘
35,09:35:37,4.36,0.0,20,8720,买盘
36,09:35:40,4.36,0.0,8,3488,买盘
37,09:35:49,4.35,-0.01,20,8700,卖盘
38,09:36:01,4.36,0.01,70,30520,买盘
39,09:36:31,4.36,0.0,27,11772,买盘
40,09:36:40,4.36,0.0,20,8720,买盘
41,09:36:58,4.36,0.0,38,16568,买盘
42,09:37:28,4.36,0.0,2,872,卖盘
43,09:37:37,4.37,0.01,15,6555,买盘
44,09:37:43,4.36,-0.01,22,9611,卖盘
45,09:38:22,4.36,0.0,9,3924,卖盘
46,09:38:31,4.37,0.01,37,16169,卖盘
47,09:38:55,4.36,-0.01,50,21800,卖盘
48,09:39:22,4.36,0.0,42,18312,卖盘
49,09:39:25,4.36,0.0,43,18748,卖盘
50,09:39:28,4.36,0.0,65,28340,买盘
51,09:39:31,4.36,0.0,5,2180,卖盘
52,09:39:52,4.38,0.02,50,21870,买盘
53,09:41:46,4.38,0.0,30,13140,买盘
54,09:42:04,4.38,0.0,100,43800,买盘
55,09:43:04,4.37,-0.01,10,4370,卖盘
56,09:43:13,4.37,0.0,220,96140,卖盘
57,09:43:16,4.38,0.01,10,4380,买盘
58,09:44:13,4.38,0.0,31,13841,买盘
59,09:44:28,4.38,0.0,16,7008,卖盘
60,09:46:34,4.38,0.0,99,43099,卖盘
61,09:47:07,4.37,-0.01,10,4370,卖盘
62,09:47:40,4.37,0.0,20,8740,卖盘
63,09:49:01,4.37,0.0,140,61180,卖盘
64,09:49:07,4.37,0.0,4,1745,买盘
65,09:49:19,4.36,-0.01,10,4360,卖盘
66,09:49:28,4.37,0.01,44,19228,买盘
67,09:49:49,4.37,0.0,50,21850,卖盘
68,09:49:58,4.36,-0.01,72,31416,卖盘
69,09:50:31,4.38,0.02,20,8760,买盘
70,09:50:34,4.36,-0.02,2,872,卖盘
71,09:51:52,4.37,0.01,2,874,卖盘
72,09:52:07,4.38,0.01,10,4380,买盘
73,09:52:19,4.38,0.0,54,23652,买盘
74,09:52:43,4.38,0.0,10,4380,买盘
75,09:53:28,4.37,-0.01,10,4370,卖盘
76,09:53:40,4.37,0.0,6,2622,卖盘
77,09:53:55,4.37,0.0,54,23598,卖盘
78,09:54:01,4.37,0.0,200,87400,卖盘
79,09:54:25,4.37,0.0,33,14421,卖盘
80,09:55:25,4.37,0.0,9,4283,卖盘
81,09:56:01,4.37,0.0,2,874,卖盘
82,09:56:34,4.37,0.0,10,4370,卖盘
83,09:56:46,4.38,0.01,73,31974,买盘
84,09:56:51,4.38,0.0,3,1226,卖盘
85,09:57:00,4.38,0.0,97,42398,卖盘
86,09:57:58,4.38,0.0,100,43800,卖盘
87,09:58:07,4.39,0.01,12,5268,买盘
88,09:58:22,4.39,0.0,10,4390,买盘
89,09:58:25,4.39,0.0,93,40827,买盘
90,09:58:58,4.4,0.01,10,4400,买盘
91,09:59:13,4.4,0.0,50,22000,买盘
92,09:59:16,4.4,0.0,135,59400,买盘
93,09:59:25,4.4,0.0,25,11000,买盘
94,09:59:55,4.4,0.0,22,9680,卖盘
95,10:00:16,4.4,0.0,10,4400,卖盘
96,10:00:25,4.4,0.0,5,2200,卖盘
97,10:00:28,4.4,0.0,6,2640,卖盘
98,10:00:34,4.4,0.0,1,440,卖盘
99,10:00:55,4.38,-0.02,148,64926,卖盘
100,10:01:01,4.38,0.0,4,1752,卖盘
101,10:01:25,4.39,0.01,5,2195,中性盘
102,10:01:37,4.39,0.0,6,2634,卖盘
103,10:02:04,4.39,0.0,129,56631,买盘
104,10:02:07,4.39,0.0,9,3951,卖盘
105,10:02:16,4.39,0.0,9,3951,卖盘
106,10:02:31,4.39,0.0,109,47851,卖盘
107,10:02:54,4.39,0.0,38,16506,买盘
108,10:03:25,4.39,0.0,25,10975,卖盘
109,10:04:19,4.39,0.0,6,2810,卖盘
110,10:05:01,4.39,0.0,22,9482,买盘
111,10:06:10,4.39,0.0,10,4390,卖盘
112,10:09:25,4.4,0.01,10,4400,买盘
113,10:10:13,4.38,-0.02,200,87722,卖盘
114,10:10:19,4.38,0.0,8,3504,卖盘
115,10:14:24,4.38,0.0,66,28908,卖盘
116,10:14:31,4.38,0.0,10,4380,卖盘
117,10:15:40,4.38,0.0,100,43800,卖盘
118,10:15:46,4.38,0.0,3,1314,卖盘
119,10:16:16,4.38,0.0,192,84446,卖盘
120,10:17:01,4.37,-0.01,4,1748,卖盘
121,10:19:16,4.37,0.0,10,4370,卖盘
122,10:19:19,4.38,0.01,10,4380,买盘
123,10:20:13,4.38,0.0,28,11914,买盘
124,10:20:43,4.38,0.0,38,16644,卖盘
125,10:22:55,4.38,0.0,10,4380,卖盘
126,10:23:52,4.39,0.01,10,4390,买盘
127,10:24:10,4.39,0.0,5,2195,买盘
128,10:25:55,4.39,0.0,80,35120,买盘
129,10:26:16,4.39,0.0,34,15102,买盘
130,10:27:13,4.39,0.0,15,6409,卖盘
131,10:27:16,4.39,0.0,1,439,买盘
132,10:27:52,4.39,0.0,44,19492,买盘
133,10:28:07,4.39,0.0,20,8780,卖盘
134,10:29:37,4.39,0.0,178,77966,卖盘
135,10:32:10,4.38,-0.01,123,53874,卖盘
136,10:33:58,4.39,0.01,28,12468,买盘
137,10:34:01,4.39,0.0,10,4390,卖盘
138,10:34:37,4.39,0.0,38,16682,卖盘
139,10:34:40,4.39,0.0,23,10097,卖盘
140,10:36:10,4.38,-0.01,336,147411,卖盘
141,10:37:54,4.38,0.0,409,179142,卖盘
142,10:40:06,4.38,0.0,400,175200,卖盘
143,10:41:01,4.38,0.0,15,6570,卖盘
144,10:41:22,4.38,0.0,35,15330,卖盘
145,10:42:49,4.38,0.0,15,6745,卖盘
146,10:43:39,4.37,-0.01,5,2185,卖盘
147,10:44:00,4.38,0.01,50,21725,买盘
148,10:44:13,4.38,0.0,4,1927,卖盘
149,10:45:40,4.37,-0.01,19,8128,卖盘
150,10:48:13,4.38,0.01,1000,438000,买盘
151,10:48:34,4.38,0.0,160,70080,买盘
152,10:48:39,4.37,-0.01,3,1311,卖盘
153,10:49:01,4.37,0.0,60,26220,卖盘
154,10:49:10,4.37,0.0,10,4370,卖盘
155,10:49:58,4.37,0.0,9,3933,卖盘
156,10:50:19,4.38,0.01,10,4380,买盘
157,10:50:52,4.38,0.0,28,12264,买盘
158,10:50:58,4.38,0.0,78,34164,买盘
159,10:51:06,4.38,0.0,6,2628,买盘
160,10:52:31,4.37,-0.01,70,30624,卖盘
161,10:52:37,4.37,0.0,7,3059,卖盘
162,10:52:43,4.4,0.03,249,109382,买盘
163,10:54:49,4.39,-0.01,4,1756,买盘
164,10:58:52,4.38,-0.01,20,8760,卖盘
165,10:59:37,4.39,0.01,10,4390,买盘
166,11:00:07,4.39,0.0,2,878,买盘
167,11:00:22,4.39,0.0,61,26779,买盘
168,11:00:43,4.39,0.0,7,3073,卖盘
169,11:01:13,4.4,0.01,28,12294,买盘
170,11:01:19,4.38,-0.02,53,23214,卖盘
171,11:03:49,4.39,0.01,7,3073,买盘
172,11:05:52,4.4,0.01,29,12760,买盘
173,11:06:15,4.4,0.0,20,8800,买盘
174,11:09:12,4.39,-0.01,5,2195,卖盘
175,11:09:21,4.39,0.0,24,10536,买盘
176,11:12:22,4.39,0.0,9,3951,买盘
177,11:15:31,4.39,0.0,2,878,买盘
178,11:16:01,4.38,-0.01,200,87600,卖盘
179,11:16:31,4.39,0.01,68,29852,买盘
180,11:18:16,4.38,-0.01,30,13140,卖盘
181,11:18:58,4.38,0.0,42,18396,卖盘
182,11:20:49,4.39,0.01,500,219500,买盘
183,11:20:55,4.39,0.0,12,5268,买盘
184,11:21:04,4.39,0.0,60,26340,买盘
185,11:21:10,4.39,0.0,58,25462,买盘
186,11:21:16,4.39,0.0,94,41266,买盘
187,11:21:28,4.39,0.0,4,1756,买盘
188,11:21:31,4.39,0.0,124,54436,买盘
189,11:21:33,4.39,0.0,26,11414,买盘
190,11:21:37,4.4,0.01,12,5280,买盘
191,11:22:10,4.4,0.0,296,130191,买盘
192,11:27:55,4.4,0.0,22,9680,买盘
193,11:28:25,4.4,0.0,126,55440,买盘
194,11:28:31,4.4,0.0,3,1320,买盘
195,11:29:01,4.4,0.0,100,44000,买盘
196,11:29:07,4.4,0.0,118,52171,买盘
197,13:00:07,4.41,0.01,180,79380,买盘
198,13:01:28,4.4,-0.01,198,87120,卖盘
199,13:01:37,4.4,0.0,100,44000,卖盘
200,13:04:18,4.4,0.0,77,33629,卖盘
201,13:06:24,4.39,-0.01,5,2195,卖盘
202,13:08:10,4.39,0.0,6,2634,卖盘
203,13:11:16,4.38,-0.01,81,35566,卖盘
204,13:11:36,4.38,0.0,1,438,卖盘
205,13:12:09,4.38,0.0,9,3679,卖盘
206,13:13:22,4.38,0.0,426,186763,卖盘
207,13:17:46,4.38,0.0,2,876,买盘
208,13:17:49,4.35,-0.03,1350,588407,卖盘
209,13:18:52,4.36,0.01,67,29212,卖盘
210,13:19:55,4.37,0.01,27,11799,卖盘
211,13:20:43,4.37,0.0,55,24035,买盘
212,13:20:54,4.36,-0.01,10,4360,卖盘
213,13:24:49,4.37,0.01,15,6555,买盘
214,13:25:01,4.37,0.0,217,94829,买盘
215,13:26:04,4.36,-0.01,514,224104,卖盘
216,13:26:37,4.36,0.0,161,70196,卖盘
217,13:26:55,4.37,0.01,22,9614,买盘
218,13:27:07,4.37,0.0,200,87400,卖盘
219,13:27:39,4.37,0.0,200,87400,卖盘
220,13:27:55,4.37,0.0,1,437,卖盘
221,13:28:19,4.36,-0.01,5,2180,卖盘
222,13:28:28,4.36,0.0,27,11772,卖盘
223,13:29:10,4.37,0.01,633,276621,买盘
224,13:32:33,4.37,0.0,148,64676,卖盘
225,13:33:31,4.37,0.0,9,3933,买盘
226,13:34:13,4.37,0.0,10,4370,买盘
227,13:35:10,4.37,0.0,20,8740,买盘
228,13:35:16,4.37,0.0,19,8303,买盘
229,13:35:58,4.37,0.0,70,30590,卖盘
230,13:36:18,4.37,0.0,7,3059,买盘
231,13:36:25,4.36,-0.01,1,436,卖盘
232,13:37:24,4.36,0.0,9,3924,卖盘
233,13:40:13,4.36,0.0,121,52756,卖盘
234,13:40:19,4.36,0.0,7,3052,卖盘
235,13:40:31,4.36,0.0,13,5668,卖盘
236,13:42:01,4.36,0.0,45,19620,卖盘
237,13:42:13,4.36,0.0,10,4360,卖盘
238,13:44:31,4.36,0.0,10,4360,卖盘
239,13:45:09,4.36,0.0,1,436,卖盘
240,13:45:33,4.36,0.0,10,4360,卖盘
241,13:47:31,4.36,0.0,10,4360,卖盘
242,13:48:07,4.37,0.01,4,1748,买盘
243,13:48:55,4.37,0.0,268,117116,买盘
244,13:52:01,4.37,0.0,1,437,卖盘
245,13:55:55,4.37,0.0,100,43700,卖盘
246,13:56:00,4.37,0.0,8,3496,卖盘
247,13:56:15,4.37,0.0,2,874,卖盘
248,13:58:12,4.37,0.0,7,3059,卖盘
249,13:59:09,4.37,0.0,260,113620,卖盘
250,14:00:04,4.37,0.0,72,31464,卖盘
251,14:00:16,4.36,-0.01,2,872,卖盘
252,14:00:52,4.36,0.0,10,4360,卖盘
253,14:01:25,4.37,0.01,431,188347,买盘
254,14:01:31,4.36,-0.01,8,3491,卖盘
255,14:01:49,4.36,0.0,5,2180,卖盘
256,14:02:01,4.37,0.01,97,42389,买盘
257,14:03:13,4.37,0.0,100,43700,买盘
258,14:05:28,4.37,0.0,60,26220,买盘
259,14:06:52,4.36,-0.01,20,8720,卖盘
260,14:06:58,4.37,0.01,33,14421,买盘
261,14:07:13,4.37,0.0,21,9177,买盘
262,14:07:28,4.36,-0.01,10,4360,卖盘
263,14:07:46,4.37,0.01,60,26220,买盘
264,14:07:52,4.37,0.0,17,7429,买盘
265,14:08:07,4.37,0.0,11,4807,买盘
266,14:08:43,4.37,0.0,2,874,买盘
267,14:09:15,4.37,0.0,34,14858,买盘
268,14:09:28,4.37,0.0,26,11362,买盘
269,14:09:37,4.36,-0.01,3,1308,卖盘
270,14:09:46,4.37,0.01,33,14421,买盘
271,14:10:01,4.37,0.0,51,22287,买盘
272,14:10:07,4.37,0.0,1,437,买盘
273,14:10:30,4.37,0.0,10,4370,买盘
274,14:10:55,4.37,0.0,45,19665,买盘
275,14:11:40,4.37,0.0,57,24909,买盘
276,14:11:43,4.37,0.0,4,1748,买盘
277,14:11:51,4.37,0.0,15,6555,买盘
278,14:12:07,4.37,0.0,18,7866,买盘
279,14:12:16,4.37,0.0,25,10925,买盘
280,14:12:27,4.37,0.0,17,7429,买盘
281,14:12:39,4.37,0.0,39,17043,买盘
282,14:12:46,4.37,0.0,1,437,买盘
283,14:13:06,4.37,0.0,940,410780,买盘
284,14:13:13,4.37,0.0,250,109250,卖盘
285,14:13:36,4.37,0.0,250,109250,卖盘
286,14:13:43,4.37,0.0,260,113620,卖盘
287,14:14:10,4.37,0.0,307,134159,卖盘
288,14:14:22,4.37,0.0,10,4370,买盘
289,14:14:25,4.37,0.0,39,17043,买盘
290,14:14:28,4.37,0.0,48,20976,买盘
291,14:14:31,4.37,0.0,23,10051,卖盘
292,14:14:39,4.37,0.0,100,43700,买盘
293,14:14:46,4.37,0.0,5,2185,买盘
294,14:14:49,4.37,0.0,34,14858,买盘
295,14:14:58,4.37,0.0,7,3059,买盘
296,14:15:04,4.37,0.0,8,3496,买盘
297,14:15:07,4.37,0.0,19,8303,买盘
298,14:15:10,4.37,0.0,5,2185,买盘
299,14:15:13,4.37,0.0,5,2185,买盘
300,14:15:28,4.37,0.0,60,26220,买盘
301,14:15:31,4.37,0.0,26,11362,买盘
302,14:15:40,4.37,0.0,19,8303,买盘
303,14:15:58,4.37,0.0,22,9614,买盘
304,14:16:31,4.37,0.0,20,8740,买盘
305,14:16:37,4.37,0.0,31,13547,买盘
306,14:16:39,4.37,0.0,5,2185,买盘
307,14:16:43,4.37,0.0,2,874,买盘
308,14:16:45,4.37,0.0,10,4370,买盘
309,14:17:31,4.37,0.0,1,437,卖盘
310,14:17:49,4.38,0.01,251,109938,买盘
311,14:17:55,4.37,-0.01,268,117116,卖盘
312,14:18:16,4.37,0.0,17,7429,买盘
313,14:19:31,4.37,0.0,1,437,卖盘
314,14:20:01,4.37,0.0,102,44574,卖盘
315,14:20:13,4.37,0.0,10,4370,买盘
316,14:20:19,4.37,0.0,24,10488,买盘
317,14:20:22,4.37,0.0,3,1311,买盘
318,14:20:34,4.37,0.0,4,1748,买盘
319,14:20:36,4.37,0.0,1,437,买盘
320,14:20:46,4.37,0.0,30,13110,买盘
321,14:21:34,4.37,0.0,50,21850,买盘
322,14:21:48,4.37,0.0,24,10488,买盘
323,14:21:54,4.37,0.0,35,15295,买盘
324,14:21:58,4.37,0.0,5,2185,买盘
325,14:22:07,4.37,0.0,98,42826,买盘
326,14:22:22,4.37,0.0,100,43700,卖盘
327,14:22:52,4.38,0.01,18,7884,买盘
328,14:22:58,4.38,0.0,5,2190,买盘
329,14:24:31,4.37,-0.01,2,874,卖盘
330,14:24:58,4.38,0.01,14,6132,买盘
331,14:25:07,4.38,0.0,20,8760,买盘
332,14:26:04,4.38,0.0,931,407603,买盘
333,14:27:10,4.38,0.0,5,2190,卖盘
334,14:27:15,4.39,0.01,300,131700,买盘
335,14:28:04,4.39,0.0,50,21950,买盘
336,14:28:34,4.39,0.0,2,878,买盘
337,14:29:07,4.38,-0.01,10,4380,卖盘
338,14:29:46,4.39,0.01,14,6146,买盘
339,14:30:01,4.39,0.0,50,21950,买盘
340,14:31:04,4.39,0.0,22,9658,买盘
341,14:31:10,4.39,0.0,19,8341,买盘
342,14:31:24,4.38,-0.01,5,2190,卖盘
343,14:31:49,4.39,0.01,30,13170,买盘
344,14:33:22,4.38,-0.01,30,13140,卖盘
345,14:33:28,4.39,0.01,35,15365,买盘
346,14:33:34,4.39,0.0,17,7463,买盘
347,14:34:15,4.38,-0.01,7,3066,卖盘
348,14:34:42,4.38,0.0,107,47129,卖盘
349,14:34:55,4.39,0.01,39,17121,买盘
350,14:35:07,4.39,0.0,10,4390,买盘
351,14:36:04,4.39,0.0,214,93946,买盘
352,14:36:25,4.39,0.0,115,50485,卖盘
353,14:36:46,4.38,-0.01,100,43800,卖盘
354,14:36:52,4.38,0.0,10,4380,卖盘
355,14:38:13,4.38,0.0,12,5256,卖盘
356,14:38:16,4.39,0.01,16,7024,买盘
357,14:38:39,4.4,0.01,57,25029,买盘
358,14:39:52,4.38,-0.02,46,20148,卖盘
359,14:41:07,4.4,0.02,128,56320,买盘
360,14:41:16,4.39,-0.01,1,439,买盘
361,14:42:10,4.39,0.0,50,21950,买盘
362,14:42:43,4.39,0.0,11,4829,卖盘
363,14:43:00,4.39,0.0,6,2634,卖盘
364,14:43:37,4.39,0.0,6,2634,卖盘
365,14:45:10,4.39,0.0,23,10097,卖盘
366,14:45:24,4.39,0.0,10,4390,卖盘
367,14:45:52,4.39,0.0,71,31169,卖盘
368,14:45:58,4.39,0.0,10,4390,卖盘
369,14:46:10,4.39,0.0,16,7024,卖盘
370,14:46:27,4.39,0.0,73,32038,买盘
371,14:48:52,4.39,0.0,52,22828,卖盘
372,14:49:07,4.39,0.0,40,17560,卖盘
373,14:49:34,4.39,0.0,38,16682,卖盘
374,14:49:37,4.39,0.0,29,12731,买盘
375,14:50:07,4.38,-0.01,4,1752,卖盘
376,14:50:55,4.38,0.0,20,8760,卖盘
377,14:51:01,4.39,0.01,79,34681,买盘
378,14:51:28,4.38,-0.01,100,43800,卖盘
379,14:52:19,4.38,0.0,10,4380,卖盘
380,14:53:10,4.39,0.01,146,64094,买盘
381,14:53:13,4.39,0.0,15,6585,卖盘
382,14:53:58,4.39,0.0,6,2634,卖盘
383,14:54:37,4.39,0.0,153,67167,卖盘
384,14:54:43,4.38,-0.01,30,13140,卖盘
385,14:54:52,4.39,0.01,36,15804,买盘
386,14:54:58,4.39,0.0,20,8780,买盘
387,14:55:04,4.39,0.0,38,16682,买盘
388,14:55:22,4.38,-0.01,299,130962,卖盘
389,14:55:43,4.38,0.0,19,8322,买盘
390,14:56:22,4.38,0.0,10,4380,卖盘
391,14:56:34,4.38,0.0,31,13490,卖盘
392,14:56:37,4.38,0.0,50,21900,卖盘
393,14:56:58,4.39,0.01,100,43900,买盘
394,15:00:05,4.39,0.0,19,8341,卖盘
