,time,price,change,volume,amount,type
0,09:25:04,10.17,-0.21,200,203400,卖盘
1,09:30:04,10.19,0.02,218,221939,中性盘
2,09:30:07,10.22,0.03,15,15330,卖盘
3,09:30:10,10.2,-0.02,25,25592,卖盘
4,09:30:31,10.28,0.08,1,1028,买盘
5,09:30:33,10.28,0.0,3,3084,买盘
6,09:30:36,10.23,-0.05,8,8184,卖盘
7,09:30:46,10.26,0.03,2,2052,买盘
8,09:30:48,10.26,0.0,3,3078,买盘
9,09:30:52,10.26,0.0,2,2052,买盘
10,09:30:54,10.24,-0.02,146,149483,卖盘
11,09:30:58,10.24,0.0,24,24576,买盘
12,09:31:01,10.24,0.0,6,6144,买盘
13,09:31:05,10.23,-0.01,43,44375,卖盘
14,09:31:06,10.22,-0.01,80,81822,卖盘
15,09:31:16,10.27,0.05,26,26638,中性盘
16,09:31:19,10.23,-0.04,7,7161,卖盘
17,09:31:30,10.26,0.03,1,1026,买盘
18,09:31:36,10.28,0.02,2,2056,买盘
19,09:31:39,10.28,0.0,11,11308,买盘
20,09:31:52,10.27,-0.01,10,10270,买盘
21,09:31:55,10.27,0.0,10,10270,卖盘
22,09:31:58,10.27,0.0,9,9241,中性盘
23,09:32:07,10.28,0.01,4,4112,买盘
24,09:32:13,10.28,0.0,58,59624,买盘
25,09:32:16,10.27,-0.01,14,14391,卖盘
26,09:32:27,10.29,0.02,4,4116,买盘
27,09:32:31,10.29,0.0,23,24336,买盘
28,09:32:37,10.3,0.01,50,51500,买盘
29,09:32:42,10.32,0.02,2,2064,买盘
30,09:32:55,10.32,0.0,7,7224,卖盘
31,09:32:58,10.32,0.0,3,3096,买盘
32,09:33:13,10.3,-0.02,17,17501,卖盘
33,09:33:19,10.29,-0.01,4,4116,卖盘
34,09:33:24,10.3,0.01,9,9270,买盘
35,09:33:31,10.3,0.0,1,1030,买盘
36,09:33:34,10.3,0.0,42,43260,卖盘
37,09:33:37,10.3,0.0,9,9270,卖盘
38,09:33:49,10.29,-0.01,5,5145,卖盘
39,09:33:55,10.29,0.0,11,10650,卖盘
40,09:33:58,10.29,0.0,32,33597,买盘
41,09:34:07,10.29,0.0,20,20580,卖盘
42,09:34:09,10.29,0.0,1,1029,卖盘
43,09:34:12,10.29,0.0,5,5145,卖盘
44,09:34:25,10.3,0.01,5,5150,买盘
45,09:34:28,10.3,0.0,33,33990,买盘
46,09:34:31,10.3,0.0,85,87479,买盘
47,09:34:39,10.31,0.01,1,1031,买盘
48,09:34:52,10.31,0.0,17,17527,卖盘
49,09:35:01,10.31,0.0,3,3093,买盘
50,09:35:04,10.3,-0.01,10,10308,卖盘
51,09:35:24,10.3,0.0,53,54610,卖盘
52,09:35:27,10.3,0.0,17,17512,卖盘
53,09:35:37,10.31,0.01,17,17511,买盘
54,09:35:40,10.3,-0.01,5,5150,卖盘
55,09:35:52,10.31,0.01,1,1031,买盘
56,09:36:01,10.3,-0.01,8,7570,卖盘
57,09:36:10,10.3,0.0,4,4120,买盘
58,09:36:22,10.3,0.0,1,1030,买盘
59,09:36:25,10.29,-0.01,12,12348,卖盘
60,09:36:31,10.29,0.0,9,9261,买盘
61,09:36:40,10.29,0.0,4,4116,卖盘
62,09:36:48,10.29,0.0,18,18522,卖盘
63,09:36:58,10.29,0.0,10,10290,买盘
64,09:37:01,10.28,-0.01,20,20560,卖盘
65,09:37:10,10.28,0.0,1,1028,买盘
66,09:37:13,10.27,-0.01,7,7189,卖盘
67,09:37:16,10.27,0.0,10,10270,卖盘
68,09:37:19,10.28,0.01,5,5140,买盘
69,09:37:28,10.28,0.0,4,4112,买盘
70,09:37:34,10.27,-0.01,75,77025,卖盘
71,09:37:39,10.26,-0.01,53,54386,卖盘
72,09:37:43,10.26,0.0,60,61560,卖盘
73,09:37:49,10.27,0.01,60,61620,买盘
74,09:37:52,10.27,0.0,20,20540,买盘
75,09:38:00,10.27,0.0,48,49251,买盘
76,09:38:13,10.26,-0.01,47,48223,卖盘
77,09:38:19,10.26,0.0,22,22572,卖盘
78,09:38:25,10.26,0.0,14,14364,买盘
79,09:38:28,10.26,0.0,8,8208,买盘
80,09:38:31,10.26,0.0,2,2052,卖盘
81,09:38:55,10.27,0.01,10,10270,买盘
82,09:39:01,10.27,0.0,7,7189,买盘
83,09:39:13,10.26,-0.01,30,30780,卖盘
84,09:39:21,10.26,0.0,19,19494,卖盘
85,09:39:28,10.26,0.0,45,46170,卖盘
86,09:39:46,10.26,0.0,12,12312,卖盘
87,09:39:52,10.25,-0.01,50,51250,卖盘
88,09:40:01,10.25,0.0,8,8200,卖盘
89,09:40:06,10.22,-0.03,70,71641,卖盘
90,09:40:16,10.24,0.02,17,17398,买盘
91,09:40:28,10.24,0.0,11,11264,买盘
92,09:40:52,10.24,0.0,85,87040,买盘
93,09:40:55,10.24,0.0,73,74707,买盘
94,09:40:58,10.23,-0.01,24,24552,卖盘
95,09:41:00,10.24,0.01,27,27622,买盘
96,09:41:07,10.23,-0.01,13,13296,买盘
97,09:41:10,10.23,0.0,57,58266,买盘
98,09:41:22,10.24,0.01,2,2048,买盘
99,09:41:25,10.24,0.0,15,15360,买盘
100,09:41:31,10.23,-0.01,46,47063,卖盘
101,09:41:33,10.25,0.02,1,1025,买盘
102,09:41:37,10.25,0.0,10,10250,买盘
103,09:41:40,10.26,0.01,10,10254,买盘
104,09:42:07,10.25,-0.01,1,1025,买盘
105,09:42:09,10.25,0.0,5,5125,买盘
106,09:42:13,10.25,0.0,11,11275,买盘
107,09:42:16,10.25,0.0,23,23575,买盘
108,09:42:40,10.25,0.0,5,5125,卖盘
109,09:42:46,10.25,0.0,23,23575,卖盘
110,09:42:55,10.24,-0.01,21,21504,卖盘
111,09:42:58,10.25,0.01,8,8200,买盘
112,09:43:04,10.24,-0.01,4,4096,卖盘
113,09:43:06,10.24,0.0,12,12288,卖盘
114,09:43:10,10.25,0.01,1,1025,买盘
115,09:43:16,10.24,-0.01,25,25600,卖盘
116,09:43:25,10.24,0.0,5,5120,卖盘
117,09:43:31,10.25,0.01,6,6150,买盘
118,09:43:37,10.25,0.0,17,17410,买盘
119,09:43:54,10.25,0.0,5,5125,买盘
120,09:44:01,10.25,0.0,38,38940,买盘
121,09:44:10,10.24,-0.01,10,10240,卖盘
122,09:44:13,10.25,0.01,10,10250,买盘
123,09:44:19,10.25,0.0,6,6150,买盘
124,09:44:28,10.23,-0.02,28,28662,卖盘
125,09:44:31,10.25,0.02,2,2050,买盘
126,09:44:39,10.23,-0.02,46,47116,卖盘
127,09:44:52,10.24,0.01,5,5120,卖盘
128,09:44:55,10.24,0.0,2,2048,卖盘
129,09:45:01,10.24,0.0,1,1024,卖盘
130,09:45:13,10.26,0.02,60,61560,买盘
131,09:45:37,10.27,0.01,8,8216,买盘
132,09:45:40,10.26,-0.01,2,2052,卖盘
133,09:45:43,10.27,0.01,12,12324,买盘
134,09:45:46,10.27,0.0,12,12324,买盘
135,09:45:58,10.28,0.01,6,6168,买盘
136,09:46:10,10.3,0.02,1,1030,买盘
137,09:46:22,10.28,-0.02,10,10280,卖盘
138,09:46:24,10.3,0.02,4,4114,买盘
139,09:46:46,10.3,0.0,5,5150,买盘
140,09:46:54,10.3,0.0,1,1030,买盘
141,09:47:04,10.3,0.0,10,10300,买盘
142,09:47:13,10.3,0.0,15,15450,买盘
143,09:47:16,10.3,0.0,15,15450,卖盘
144,09:47:28,10.3,0.0,3,3090,买盘
145,09:47:51,10.3,0.0,5,5150,买盘
146,09:48:04,10.29,-0.01,30,30870,买盘
147,09:48:13,10.29,0.0,1,1029,买盘
148,09:48:21,10.29,0.0,4,4116,卖盘
149,09:48:48,10.29,0.0,11,11319,买盘
150,09:48:55,10.28,-0.01,15,15420,卖盘
151,09:49:01,10.28,0.0,1,1028,买盘
152,09:49:04,10.28,0.0,7,7196,买盘
153,09:49:07,10.27,-0.01,40,41080,卖盘
154,09:49:31,10.27,0.0,6,6162,卖盘
155,09:49:52,10.28,0.01,6,6168,买盘
156,09:50:15,10.27,-0.01,5,5135,卖盘
157,09:50:37,10.26,-0.01,3,3078,卖盘
158,09:50:40,10.27,0.01,6,6162,买盘
159,09:51:07,10.26,-0.01,8,8208,卖盘
160,09:51:10,10.26,0.0,4,4104,卖盘
161,09:51:19,10.25,-0.01,15,15375,卖盘
162,09:51:34,10.25,0.0,2,2050,卖盘
163,09:51:43,10.25,0.0,12,12300,卖盘
164,09:51:51,10.25,0.0,6,6150,卖盘
165,09:51:54,10.25,0.0,25,25625,卖盘
166,09:51:57,10.25,0.0,4,4100,买盘
167,09:52:04,10.24,-0.01,41,41989,卖盘
168,09:52:22,10.24,0.0,7,7168,卖盘
169,09:52:27,10.25,0.01,8,8195,买盘
170,09:52:54,10.25,0.0,2,2050,买盘
171,09:52:57,10.25,0.0,10,10250,买盘
172,09:53:01,10.25,0.0,6,6151,卖盘
173,09:53:07,10.25,0.0,3,3076,卖盘
174,09:53:28,10.27,0.02,4,4108,买盘
175,09:54:01,10.27,0.0,5,5135,买盘
176,09:54:04,10.26,-0.01,5,5130,卖盘
177,09:54:22,10.27,0.01,1,1027,买盘
178,09:54:25,10.27,0.0,1,1027,买盘
179,09:54:28,10.27,0.0,14,14378,买盘
180,09:54:34,10.27,0.0,43,44161,买盘
181,09:54:43,10.27,0.0,10,10270,卖盘
182,09:54:46,10.27,0.0,2,2054,买盘
183,09:54:49,10.27,0.0,5,5135,买盘
184,09:54:52,10.27,0.0,10,10270,卖盘
185,09:55:01,10.29,0.02,21,21606,买盘
186,09:55:10,10.29,0.0,1,1029,买盘
187,09:55:40,10.29,0.0,9,9261,买盘
188,09:55:46,10.27,-0.02,10,10270,卖盘
189,09:55:52,10.29,0.02,10,10290,买盘
190,09:56:16,10.28,-0.01,15,15420,卖盘
191,09:56:25,10.28,0.0,8,8224,买盘
192,09:56:33,10.28,0.0,5,5140,买盘
193,09:56:37,10.27,-0.01,19,19513,卖盘
194,09:56:46,10.27,0.0,20,20540,买盘
195,09:56:52,10.26,-0.01,1,1026,卖盘
196,09:56:55,10.26,0.0,1,1026,卖盘
197,09:57:10,10.26,0.0,8,8208,卖盘
198,09:57:24,10.26,0.0,5,5130,卖盘
199,09:57:28,10.27,0.01,14,14378,买盘
200,09:57:31,10.26,-0.01,13,13338,卖盘
201,09:57:34,10.27,0.01,4,4108,买盘
202,09:57:40,10.27,0.0,2,2054,买盘
203,09:57:42,10.28,0.01,9,9252,买盘
204,09:57:54,10.28,0.0,20,20560,买盘
205,09:58:40,10.28,0.0,29,29812,买盘
206,09:58:52,10.27,-0.01,1,1027,卖盘
207,09:58:57,10.27,0.0,2,2054,卖盘
208,09:59:06,10.27,0.0,3,3081,卖盘
209,10:00:25,10.27,0.0,5,5135,卖盘
210,10:00:46,10.28,0.01,2,2056,买盘
211,10:00:49,10.28,0.0,8,8224,买盘
212,10:00:52,10.28,0.0,6,6168,买盘
213,10:00:54,10.27,-0.01,20,20540,卖盘
214,10:00:58,10.27,0.0,25,25675,买盘
215,10:01:01,10.27,0.0,7,7189,买盘
216,10:01:04,10.28,0.01,6,6168,买盘
217,10:01:07,10.28,0.0,4,4112,买盘
218,10:01:10,10.28,0.0,8,8224,买盘
219,10:01:12,10.28,0.0,3,3084,买盘
220,10:01:16,10.28,0.0,10,10280,买盘
221,10:01:19,10.28,0.0,4,4112,买盘
222,10:01:22,10.28,0.0,18,18504,买盘
223,10:01:31,10.29,0.01,3,3087,买盘
224,10:01:34,10.29,0.0,11,11319,买盘
225,10:01:52,10.3,0.01,13,13390,买盘
226,10:02:04,10.3,0.0,23,23690,买盘
227,10:02:16,10.3,0.0,10,10300,买盘
228,10:02:22,10.3,0.0,2,2060,买盘
229,10:02:28,10.3,0.0,5,5150,卖盘
230,10:02:33,10.3,0.0,22,22660,卖盘
231,10:02:48,10.29,-0.01,30,30870,卖盘
232,10:02:52,10.3,0.01,10,10300,买盘
233,10:03:01,10.29,-0.01,31,31899,卖盘
234,10:03:22,10.29,0.0,10,10290,买盘
235,10:03:28,10.29,0.0,13,13377,买盘
236,10:03:31,10.29,0.0,46,47334,买盘
237,10:03:34,10.29,0.0,112,115248,买盘
238,10:03:37,10.29,0.0,10,10290,买盘
239,10:03:39,10.29,0.0,8,8232,买盘
240,10:03:43,10.29,0.0,6,6174,买盘
241,10:03:46,10.29,0.0,7,7203,买盘
242,10:03:49,10.29,0.0,32,32928,买盘
243,10:03:52,10.29,0.0,4,4116,买盘
244,10:03:55,10.29,0.0,99,101871,买盘
245,10:04:07,10.31,0.02,4,4124,买盘
246,10:04:09,10.31,0.0,4,4124,卖盘
247,10:04:19,10.32,0.01,27,27864,买盘
248,10:04:27,10.33,0.01,3,3099,买盘
249,10:04:31,10.33,0.0,19,19622,买盘
250,10:04:37,10.34,0.01,14,14465,买盘
251,10:05:01,10.34,0.0,5,5170,买盘
252,10:05:04,10.33,-0.01,1,1033,卖盘
253,10:05:25,10.33,0.0,1,1033,买盘
254,10:05:27,10.33,0.0,1,1033,买盘
255,10:05:31,10.33,0.0,2,2066,买盘
256,10:05:34,10.33,0.0,5,5165,买盘
257,10:05:52,10.34,0.01,3,3102,买盘
258,10:05:58,10.34,0.0,20,20680,买盘
259,10:06:01,10.33,-0.01,2,2066,卖盘
260,10:06:04,10.33,0.0,1,1033,买盘
261,10:06:06,10.33,0.0,2,2066,买盘
262,10:06:10,10.33,0.0,2,2066,买盘
263,10:06:13,10.33,0.0,3,3099,买盘
264,10:06:16,10.34,0.01,1,1034,买盘
265,10:06:19,10.34,0.0,2,2068,买盘
266,10:06:22,10.34,0.0,1,1034,买盘
267,10:06:25,10.34,0.0,1,1034,买盘
268,10:06:27,10.34,0.0,12,12408,买盘
269,10:06:34,10.35,0.01,9,9315,买盘
270,10:06:37,10.35,0.0,5,5175,买盘
271,10:06:51,10.35,0.0,5,5175,买盘
272,10:06:55,10.35,0.0,1,1035,买盘
273,10:06:57,10.35,0.0,1,1035,买盘
274,10:07:01,10.35,0.0,4,4140,买盘
275,10:07:04,10.36,0.01,64,66242,买盘
276,10:07:10,10.36,0.0,1,1036,买盘
277,10:07:12,10.43,0.07,120,125029,买盘
278,10:07:16,10.43,0.0,10,10430,卖盘
279,10:07:25,10.44,0.01,18,18784,买盘
280,10:07:31,10.43,-0.01,46,47988,卖盘
281,10:07:36,10.44,0.01,7,7308,买盘
282,10:07:49,10.44,0.0,3,3132,买盘
283,10:07:55,10.44,0.0,51,53194,买盘
284,10:07:58,10.44,0.0,3,3132,买盘
285,10:08:00,10.43,-0.01,64,66752,卖盘
286,10:08:07,10.43,0.0,44,45892,卖盘
287,10:08:10,10.44,0.01,24,25056,买盘
288,10:08:13,10.43,-0.01,28,29204,卖盘
289,10:08:16,10.43,0.0,117,122131,卖盘
290,10:08:19,10.44,0.01,34,35467,买盘
291,10:08:22,10.43,-0.01,61,63629,卖盘
292,10:08:25,10.43,0.0,20,20860,卖盘
293,10:08:27,10.43,0.0,2,2086,卖盘
294,10:08:31,10.43,0.0,8,8344,卖盘
295,10:08:43,10.43,0.0,1,1043,买盘
296,10:08:49,10.38,-0.05,5,5190,中性盘
297,10:08:51,10.37,-0.01,2,2074,卖盘
298,10:08:58,10.38,0.01,1,1038,买盘
299,10:09:01,10.38,0.0,1,1038,买盘
300,10:09:04,10.38,0.0,1,1038,买盘
301,10:09:07,10.42,0.04,35,36442,买盘
302,10:09:19,10.42,0.0,4,4168,买盘
303,10:09:28,10.38,-0.04,55,57090,卖盘
304,10:10:01,10.42,0.04,13,13546,买盘
305,10:10:40,10.4,-0.02,5,5200,卖盘
306,10:10:46,10.41,0.01,20,20820,买盘
307,10:10:49,10.4,-0.01,8,8320,卖盘
308,10:10:52,10.41,0.01,26,27046,买盘
309,10:10:58,10.41,0.0,7,7287,买盘
310,10:11:00,10.4,-0.01,5,5200,卖盘
311,10:11:31,10.4,0.0,23,23920,卖盘
312,10:11:49,10.4,0.0,5,5200,买盘
313,10:11:55,10.4,0.0,34,35360,买盘
314,10:11:58,10.4,0.0,7,7280,买盘
315,10:12:01,10.4,0.0,21,21840,买盘
316,10:12:04,10.41,0.01,12,12482,买盘
317,10:12:07,10.41,0.0,4,4164,买盘
318,10:12:10,10.42,0.01,5,5207,买盘
319,10:12:12,10.43,0.01,3,3128,买盘
320,10:12:16,10.49,0.06,138,144180,买盘
321,10:12:28,10.49,0.0,10,10490,卖盘
322,10:12:31,10.49,0.0,2,2098,卖盘
323,10:12:34,10.5,0.01,130,136429,买盘
324,10:12:52,10.49,-0.01,48,50352,买盘
325,10:13:04,10.5,0.01,193,202470,买盘
326,10:13:06,10.5,0.0,5,5250,卖盘
327,10:13:10,10.5,0.0,20,21000,卖盘
328,10:13:13,10.52,0.02,6,6312,买盘
329,10:13:16,10.5,-0.02,14,14700,卖盘
330,10:13:22,10.5,0.0,21,22050,卖盘
331,10:13:28,10.5,0.0,10,10500,卖盘
332,10:13:34,10.5,0.0,72,75600,卖盘
333,10:13:37,10.5,0.0,59,61950,卖盘
334,10:13:40,10.49,-0.01,8,8406,卖盘
335,10:13:43,10.5,0.01,4,4200,中性盘
336,10:13:46,10.49,-0.01,1,1049,卖盘
337,10:13:49,10.49,0.0,4,4196,卖盘
338,10:13:52,10.49,0.0,11,11540,卖盘
339,10:13:55,10.49,0.0,12,12588,卖盘
340,10:14:10,10.44,-0.05,5,5220,卖盘
341,10:14:12,10.44,0.0,5,5220,买盘
342,10:14:40,10.43,-0.01,5,5215,卖盘
343,10:14:52,10.43,0.0,10,10430,买盘
344,10:14:55,10.43,0.0,35,36505,买盘
345,10:14:58,10.43,0.0,1,1043,买盘
346,10:15:00,10.43,0.0,2,2086,买盘
347,10:15:04,10.43,0.0,7,7301,买盘
348,10:15:19,10.44,0.01,1,1044,买盘
349,10:15:25,10.46,0.02,18,18798,买盘
350,10:15:34,10.43,-0.03,80,83638,卖盘
351,10:16:31,10.45,0.02,3,3135,卖盘
352,10:16:34,10.45,0.0,20,20900,卖盘
353,10:16:39,10.45,0.0,4,4180,卖盘
354,10:16:52,10.44,-0.01,10,10440,卖盘
355,10:16:58,10.45,0.01,16,16720,买盘
356,10:17:19,10.45,0.0,7,7315,卖盘
357,10:17:37,10.46,0.01,2,2092,买盘
358,10:17:58,10.47,0.01,46,48157,买盘
359,10:18:13,10.48,0.01,5,5240,买盘
360,10:18:34,10.47,-0.01,10,10470,卖盘
361,10:18:40,10.47,0.0,5,5235,卖盘
362,10:18:48,10.47,0.0,6,6282,卖盘
363,10:18:51,10.47,0.0,34,35598,卖盘
364,10:19:01,10.47,0.0,4,4188,卖盘
365,10:19:13,10.46,-0.01,23,24058,卖盘
366,10:19:18,10.47,0.01,3,3141,买盘
367,10:19:39,10.45,-0.02,16,16720,卖盘
368,10:20:01,10.45,0.0,5,5225,卖盘
369,10:20:04,10.45,0.0,1,1045,卖盘
370,10:20:07,10.45,0.0,2,2090,卖盘
371,10:20:10,10.45,0.0,9,9405,买盘
372,10:21:43,10.44,-0.01,3,3132,卖盘
373,10:21:46,10.44,0.0,29,30276,卖盘
374,10:22:10,10.44,0.0,3,3134,卖盘
375,10:22:52,10.44,0.0,10,10440,卖盘
376,10:23:04,10.44,0.0,5,5220,卖盘
377,10:23:25,10.44,0.0,4,4176,卖盘
378,10:23:31,10.44,0.0,73,76212,卖盘
379,10:23:34,10.44,0.0,4,4176,卖盘
380,10:23:42,10.44,0.0,28,29232,卖盘
381,10:23:52,10.44,0.0,12,12528,买盘
382,10:24:31,10.45,0.01,10,10450,买盘
383,10:24:37,10.44,-0.01,2,2088,卖盘
384,10:25:39,10.44,0.0,6,6264,卖盘
385,10:26:31,10.43,-0.01,5,5215,卖盘
386,10:26:36,10.44,0.01,22,22968,买盘
387,10:27:43,10.44,0.0,5,5220,买盘
388,10:27:46,10.43,-0.01,17,17731,卖盘
389,10:27:57,10.44,0.01,10,10440,买盘
390,10:28:55,10.43,-0.01,1,1043,卖盘
391,10:28:58,10.44,0.01,9,9392,买盘
392,10:29:30,10.43,-0.01,14,14602,卖盘
393,10:29:37,10.43,0.0,3,3129,卖盘
394,10:30:36,10.44,0.01,99,103356,买盘
395,10:30:39,10.44,0.0,13,13875,买盘
396,10:31:24,10.44,0.0,5,5220,卖盘
397,10:32:01,10.44,0.0,8,8049,卖盘
398,10:32:13,10.43,-0.01,3,3129,卖盘
399,10:32:42,10.42,-0.01,4,4168,卖盘
400,10:32:55,10.41,-0.01,5,5205,卖盘
401,10:32:58,10.41,0.0,20,20820,卖盘
402,10:33:10,10.41,0.0,2,2082,卖盘
403,10:33:39,10.41,0.0,18,18738,卖盘
404,10:34:34,10.41,0.0,15,15615,卖盘
405,10:35:34,10.42,0.01,1,1042,买盘
406,10:36:21,10.43,0.01,2,2086,买盘
407,10:36:42,10.43,0.0,2,2388,卖盘
408,10:37:54,10.44,0.01,14,14616,买盘
409,10:38:13,10.42,-0.02,10,10421,买盘
410,10:38:37,10.42,0.0,10,10118,卖盘
411,10:39:04,10.4,-0.02,47,48909,卖盘
412,10:39:37,10.4,0.0,4,4160,卖盘
413,10:40:15,10.4,0.0,50,52000,卖盘
414,10:40:58,10.4,0.0,25,26000,卖盘
415,10:41:25,10.4,0.0,18,18720,卖盘
416,10:41:34,10.41,0.01,6,6241,买盘
417,10:41:40,10.41,0.0,1,1041,买盘
418,10:41:46,10.41,0.0,5,5205,买盘
419,10:41:49,10.41,0.0,3,3123,买盘
420,10:42:07,10.44,0.03,47,49330,买盘
421,10:42:16,10.45,0.01,5,5225,买盘
422,10:42:37,10.45,0.0,36,37620,买盘
423,10:42:46,10.45,0.0,3,3135,买盘
424,10:43:19,10.45,0.0,50,52250,买盘
425,10:43:24,10.45,0.0,20,20900,买盘
426,10:43:52,10.44,-0.01,15,15660,卖盘
427,10:45:10,10.44,0.0,4,4176,买盘
428,10:45:30,10.44,0.0,4,4176,买盘
429,10:45:34,10.43,-0.01,4,4172,卖盘
430,10:45:49,10.43,0.0,4,4172,卖盘
431,10:46:21,10.42,-0.01,10,10422,卖盘
432,10:46:52,10.42,0.0,11,11462,卖盘
433,10:47:33,10.44,0.02,2,2088,买盘
434,10:48:45,10.45,0.01,57,59565,买盘
435,10:49:31,10.45,0.0,6,6270,卖盘
436,10:49:39,10.46,0.01,3,3138,买盘
437,10:50:16,10.47,0.01,60,62805,买盘
438,10:50:51,10.46,-0.01,10,10460,买盘
439,10:50:55,10.47,0.01,3,3141,买盘
440,10:51:24,10.47,0.0,59,61773,买盘
441,10:51:43,10.47,0.0,47,49209,买盘
442,10:51:48,10.48,0.01,1,1048,买盘
443,10:52:10,10.48,0.0,24,25152,买盘
444,10:52:54,10.48,0.0,35,36680,买盘
445,10:53:10,10.48,0.0,16,16768,卖盘
446,10:53:58,10.48,0.0,3,3144,买盘
447,10:54:25,10.48,0.0,5,5240,买盘
448,10:54:30,10.47,-0.01,4,4188,卖盘
449,10:54:34,10.48,0.01,5,5240,买盘
450,10:54:36,10.48,0.0,17,17816,买盘
451,10:54:51,10.47,-0.01,47,49209,卖盘
452,10:54:55,10.47,0.0,7,7329,卖盘
453,10:55:30,10.47,0.0,15,15705,卖盘
454,10:55:48,10.47,0.0,4,4188,卖盘
455,10:56:37,10.46,-0.01,6,6276,卖盘
456,10:56:52,10.46,0.0,23,24058,卖盘
457,10:56:58,10.46,0.0,11,11506,卖盘
458,10:57:19,10.45,-0.01,5,5225,卖盘
459,10:57:43,10.46,0.01,2,2092,买盘
460,10:58:31,10.45,-0.01,10,10450,买盘
461,10:58:43,10.46,0.01,17,17782,买盘
462,10:59:30,10.46,0.0,2,2092,卖盘
463,11:00:12,10.46,0.0,4,4184,卖盘
464,11:00:45,10.45,-0.01,7,7315,卖盘
465,11:01:18,10.46,0.01,2,2092,买盘
466,11:01:42,10.46,0.0,5,5230,买盘
467,11:02:00,10.47,0.01,15,15705,买盘
468,11:02:27,10.47,0.0,35,36645,卖盘
469,11:03:01,10.47,0.0,5,5235,买盘
470,11:03:31,10.47,0.0,10,10470,买盘
471,11:03:39,10.47,0.0,31,32457,买盘
472,11:03:49,10.47,0.0,4,4188,买盘
473,11:04:19,10.47,0.0,8,8376,买盘
474,11:05:01,10.46,-0.01,1,1046,卖盘
475,11:05:37,10.4,-0.06,230,239824,卖盘
476,11:06:45,10.43,0.03,9,9387,卖盘
477,11:07:09,10.43,0.0,5,5215,卖盘
478,11:07:21,10.43,0.0,1,1043,买盘
479,11:08:21,10.42,-0.01,19,19798,卖盘
480,11:08:37,10.42,0.0,1,1042,买盘
481,11:10:06,10.42,0.0,2,2084,卖盘
482,11:11:19,10.42,0.0,4,4168,卖盘
483,11:11:25,10.42,0.0,5,5210,卖盘
484,11:12:28,10.42,0.0,30,31260,卖盘
485,11:12:43,10.42,0.0,2,2084,卖盘
486,11:13:48,10.42,0.0,10,10420,买盘
487,11:14:21,10.41,-0.01,10,10410,卖盘
488,11:14:54,10.41,0.0,1,1041,卖盘
489,11:16:24,10.41,0.0,1,1041,卖盘
490,11:17:34,10.41,0.0,1,1041,卖盘
491,11:17:54,10.42,0.01,1,1042,买盘
492,11:18:33,10.42,0.0,4,4168,买盘
493,11:20:06,10.42,0.0,8,8336,买盘
494,11:20:18,10.41,-0.01,26,27066,卖盘
495,11:20:21,10.42,0.01,22,22924,买盘
496,11:21:21,10.42,0.0,13,13546,买盘
497,11:23:09,10.44,0.02,13,13575,卖盘
498,11:24:19,10.42,-0.02,24,25008,卖盘
499,11:24:34,10.42,0.0,3,3126,卖盘
500,11:25:03,10.42,0.0,19,19798,卖盘
501,11:25:12,10.42,0.0,7,7294,买盘
502,11:25:46,10.41,-0.01,10,10410,卖盘
503,11:26:09,10.41,0.0,4,4166,卖盘
504,11:26:12,10.4,-0.01,74,76998,卖盘
505,11:26:22,10.4,0.0,150,156000,卖盘
506,11:26:28,10.4,0.0,49,50960,卖盘
507,11:26:31,10.4,0.0,5,5200,卖盘
508,11:26:46,10.4,0.0,39,40560,卖盘
509,11:26:52,10.4,0.0,1,1040,卖盘
510,11:27:01,10.4,0.0,41,42640,卖盘
511,11:27:04,10.4,0.0,2,2080,买盘
512,11:28:19,10.4,0.0,2,2080,买盘
513,11:28:22,10.39,-0.01,4,4156,卖盘
514,11:28:31,10.4,0.01,4,4160,买盘
515,13:00:05,10.39,-0.01,58,60302,卖盘
516,13:00:07,10.4,0.01,6,6240,卖盘
517,13:00:10,10.39,-0.01,12,12468,卖盘
518,13:00:40,10.39,0.0,2,2078,卖盘
519,13:02:42,10.39,0.0,9,9351,卖盘
520,13:03:16,10.39,0.0,1,1039,买盘
521,13:03:54,10.4,0.01,4,4160,买盘
522,13:04:18,10.39,-0.01,5,5195,卖盘
523,13:04:36,10.39,0.0,10,10390,卖盘
524,13:05:07,10.39,0.0,5,5195,卖盘
525,13:05:09,10.39,0.0,5,5195,买盘
526,13:06:18,10.39,0.0,8,8312,买盘
527,13:06:21,10.39,0.0,7,7273,卖盘
528,13:06:30,10.39,0.0,10,10390,卖盘
529,13:06:49,10.38,-0.01,28,29064,卖盘
530,13:07:00,10.39,0.01,39,40521,买盘
531,13:07:12,10.38,-0.01,61,63318,卖盘
532,13:07:55,10.38,0.0,50,51900,卖盘
533,13:08:04,10.38,0.0,81,84078,买盘
534,13:08:06,10.38,0.0,6,6228,买盘
535,13:08:13,10.37,-0.01,1,1037,卖盘
536,13:09:18,10.38,0.01,18,18684,买盘
537,13:10:48,10.38,0.0,12,12456,卖盘
538,13:11:24,10.38,0.0,20,20760,买盘
539,13:12:00,10.38,0.0,48,49824,卖盘
540,13:12:10,10.38,0.0,12,12456,卖盘
541,13:12:13,10.38,0.0,10,10380,买盘
542,13:12:42,10.37,-0.01,1,1037,卖盘
543,13:12:52,10.38,0.01,1,1038,买盘
544,13:12:55,10.38,0.0,1,1038,买盘
545,13:12:58,10.38,0.0,11,11418,买盘
546,13:13:55,10.38,0.0,9,9342,卖盘
547,13:14:58,10.38,0.0,15,15570,卖盘
548,13:15:01,10.38,0.0,20,20760,卖盘
549,13:15:25,10.37,-0.01,14,14518,卖盘
550,13:15:45,10.37,0.0,5,5185,卖盘
551,13:16:46,10.37,0.0,5,5185,卖盘
552,13:16:57,10.37,0.0,5,5185,卖盘
553,13:18:12,10.37,0.0,15,15555,卖盘
554,13:18:30,10.38,0.01,11,11418,买盘
555,13:19:06,10.37,-0.01,1,1037,卖盘
556,13:20:36,10.37,0.0,13,13481,卖盘
557,13:21:33,10.37,0.0,10,10370,买盘
558,13:21:36,10.37,0.0,12,12444,买盘
559,13:21:49,10.37,0.0,3,3111,买盘
560,13:23:22,10.37,0.0,10,10370,卖盘
561,13:23:28,10.37,0.0,9,9333,卖盘
562,13:23:36,10.36,-0.01,12,12432,卖盘
563,13:24:18,10.36,0.0,5,5180,卖盘
564,13:24:48,10.36,0.0,12,12432,卖盘
565,13:25:10,10.35,-0.01,17,17595,卖盘
566,13:26:12,10.35,0.0,20,20700,卖盘
567,13:26:52,10.35,0.0,4,4140,卖盘
568,13:27:07,10.35,0.0,16,16560,卖盘
569,13:27:19,10.34,-0.01,18,18612,卖盘
570,13:27:34,10.33,-0.01,1,1033,卖盘
571,13:28:04,10.28,-0.05,145,149339,卖盘
572,13:28:07,10.31,0.03,10,10310,卖盘
573,13:28:18,10.28,-0.03,14,14392,卖盘
574,13:28:22,10.28,0.0,1,1028,买盘
575,13:28:25,10.28,0.0,1,1028,买盘
576,13:28:27,10.28,0.0,1,1028,买盘
577,13:28:31,10.28,0.0,1,1028,买盘
578,13:28:34,10.28,0.0,1,1028,买盘
579,13:28:37,10.28,0.0,1,1028,买盘
580,13:28:40,10.28,0.0,5,5140,买盘
581,13:29:06,10.3,0.02,3,3090,买盘
582,13:29:43,10.3,0.0,1,1030,卖盘
583,13:29:51,10.3,0.0,6,6180,卖盘
584,13:29:55,10.3,0.0,3,3090,买盘
585,13:30:01,10.3,0.0,22,22660,买盘
586,13:30:07,10.28,-0.02,40,41120,卖盘
587,13:30:22,10.28,0.0,48,49344,卖盘
588,13:30:48,10.28,0.0,1,1028,买盘
589,13:31:00,10.28,0.0,6,6168,买盘
590,13:31:10,10.29,0.01,10,10290,买盘
591,13:31:31,10.29,0.0,10,10290,买盘
592,13:31:42,10.29,0.0,12,12348,卖盘
593,13:31:46,10.29,0.0,69,71001,卖盘
594,13:31:49,10.29,0.0,10,10290,买盘
595,13:32:04,10.28,-0.01,6,6168,卖盘
596,13:32:22,10.28,0.0,1,1028,卖盘
597,13:32:31,10.28,0.0,19,19532,卖盘
598,13:32:39,10.26,-0.02,11,11286,卖盘
599,13:32:43,10.26,0.0,9,9234,卖盘
600,13:33:04,10.26,0.0,14,14368,卖盘
601,13:33:19,10.26,0.0,1,1026,卖盘
602,13:33:28,10.28,0.02,10,10280,买盘
603,13:33:40,10.28,0.0,10,10280,买盘
604,13:33:52,10.28,0.0,1,1028,买盘
605,13:34:16,10.29,0.01,5,5145,买盘
606,13:34:28,10.29,0.0,23,23667,买盘
607,13:34:30,10.29,0.0,23,23667,买盘
608,13:34:40,10.29,0.0,7,7203,买盘
609,13:36:13,10.32,0.03,2,2064,卖盘
610,13:36:28,10.32,0.0,1,1032,买盘
611,13:36:42,10.33,0.01,1,1033,中性盘
612,13:36:46,10.33,0.0,2,2066,卖盘
613,13:36:49,10.33,0.0,1,1033,卖盘
614,13:37:04,10.33,0.0,3,3099,卖盘
615,13:37:18,10.32,-0.01,18,18576,卖盘
616,13:37:37,10.32,0.0,17,17544,买盘
617,13:37:42,10.33,0.01,13,13429,卖盘
618,13:38:04,10.32,-0.01,1,1032,买盘
619,13:38:24,10.32,0.0,4,4128,买盘
620,13:39:13,10.32,0.0,10,10320,买盘
621,13:39:22,10.32,0.0,5,5160,买盘
622,13:39:40,10.32,0.0,1,1032,卖盘
623,13:40:07,10.33,0.01,1,1033,卖盘
624,13:40:10,10.32,-0.01,1,1032,卖盘
625,13:40:22,10.32,0.0,1,1032,卖盘
626,13:40:30,10.33,0.01,2,2066,买盘
627,13:40:37,10.35,0.02,20,20700,买盘
628,13:41:36,10.35,0.0,18,18630,买盘
629,13:41:46,10.35,0.0,26,26910,买盘
630,13:42:00,10.35,0.0,5,5175,卖盘
631,13:42:25,10.35,0.0,1,1035,卖盘
632,13:42:37,10.33,-0.02,15,15495,卖盘
633,13:43:12,10.33,0.0,2,2066,买盘
634,13:44:09,10.32,-0.01,4,4128,卖盘
635,13:44:28,10.32,0.0,6,6192,卖盘
636,13:45:51,10.33,0.01,1,1033,买盘
637,13:46:12,10.33,0.0,10,10330,买盘
638,13:46:30,10.32,-0.01,10,10320,卖盘
639,13:46:51,10.32,0.0,1,1032,卖盘
640,13:46:54,10.32,0.0,6,6192,卖盘
641,13:47:58,10.29,-0.03,30,30918,卖盘
642,13:48:15,10.32,0.03,57,58824,买盘
643,13:48:18,10.33,0.01,1,1033,买盘
644,13:48:22,10.33,0.0,1,1033,买盘
645,13:48:24,10.33,0.0,1,1033,买盘
646,13:48:33,10.33,0.0,9,9297,买盘
647,13:49:07,10.35,0.02,24,24840,买盘
648,13:49:15,10.33,-0.02,46,47556,卖盘
649,13:49:31,10.33,0.0,11,11363,买盘
650,13:49:34,10.32,-0.01,2,2064,卖盘
651,13:50:09,10.32,0.0,10,10328,卖盘
652,13:50:42,10.33,0.01,6,6198,卖盘
653,13:50:46,10.33,0.0,1,1033,买盘
654,13:50:49,10.33,0.0,8,8264,买盘
655,13:50:55,10.33,0.0,4,4132,卖盘
656,13:51:22,10.36,0.03,10,10360,买盘
657,13:51:30,10.36,0.0,14,14504,买盘
658,13:51:40,10.37,0.01,30,31110,买盘
659,13:51:43,10.37,0.0,16,16592,买盘
660,13:51:49,10.37,0.0,19,19703,买盘
661,13:51:52,10.37,0.0,14,14518,买盘
662,13:52:07,10.37,0.0,40,41480,卖盘
663,13:52:13,10.37,0.0,2,2074,卖盘
664,13:52:33,10.37,0.0,3,3111,卖盘
665,13:52:40,10.38,0.01,43,44627,买盘
666,13:52:46,10.38,0.0,15,15570,卖盘
667,13:53:01,10.36,-0.02,11,11396,卖盘
668,13:53:04,10.39,0.03,50,51950,买盘
669,13:53:16,10.39,0.0,42,43638,买盘
670,13:53:19,10.39,0.0,6,6234,卖盘
671,13:53:24,10.4,0.01,28,29120,买盘
672,13:53:27,10.39,-0.01,5,5195,卖盘
673,13:53:30,10.4,0.01,74,76960,买盘
674,13:53:34,10.4,0.0,8,8320,买盘
675,13:53:52,10.41,0.01,30,31230,卖盘
676,13:53:58,10.41,0.0,20,20820,卖盘
677,13:54:16,10.4,-0.01,10,10400,卖盘
678,13:54:19,10.4,0.0,10,10400,买盘
679,13:54:25,10.4,0.0,12,12480,买盘
680,13:54:28,10.4,0.0,10,10400,买盘
681,13:54:31,10.39,-0.01,9,9353,卖盘
682,13:54:45,10.4,0.01,18,18705,买盘
683,13:55:07,10.4,0.0,15,15590,买盘
684,13:55:49,10.4,0.0,10,10400,买盘
685,13:55:52,10.4,0.0,7,7280,买盘
686,13:56:13,10.41,0.01,10,10410,买盘
687,13:56:19,10.4,-0.01,4,4160,卖盘
688,13:56:31,10.4,0.0,15,15600,卖盘
689,13:56:58,10.4,0.0,2,2080,卖盘
690,13:57:00,10.4,0.0,2,2080,买盘
691,13:57:25,10.37,-0.03,22,22814,卖盘
692,13:57:43,10.38,0.01,3,3114,卖盘
693,13:57:55,10.38,0.0,2,2076,卖盘
694,13:57:58,10.38,0.0,1,1038,卖盘
695,13:59:45,10.4,0.02,30,31200,买盘
696,13:59:52,10.4,0.0,22,22880,买盘
697,14:00:48,10.4,0.0,18,18720,卖盘
698,14:02:54,10.39,-0.01,35,36365,卖盘
699,14:03:27,10.38,-0.01,5,5190,卖盘
700,14:03:46,10.38,0.0,3,3114,卖盘
701,14:04:40,10.38,0.0,45,46710,卖盘
702,14:04:55,10.38,0.0,20,20760,买盘
703,14:04:58,10.38,0.0,1,1038,买盘
704,14:05:01,10.38,0.0,1,1038,买盘
705,14:05:09,10.38,0.0,4,4152,买盘
706,14:06:46,10.38,0.0,55,57090,卖盘
707,14:07:46,10.38,0.0,2,2076,买盘
708,14:08:37,10.37,-0.01,53,54961,卖盘
709,14:08:46,10.38,0.01,60,62280,买盘
710,14:08:49,10.37,-0.01,11,11407,卖盘
711,14:08:54,10.37,0.0,4,4148,卖盘
712,14:09:09,10.37,0.0,13,13481,卖盘
713,14:09:25,10.37,0.0,2,2074,卖盘
714,14:10:04,10.37,0.0,6,6222,卖盘
715,14:10:25,10.37,0.0,7,7259,卖盘
716,14:11:00,10.37,0.0,1,1037,卖盘
717,14:11:06,10.37,0.0,2,2074,卖盘
718,14:12:00,10.37,0.0,27,27999,卖盘
719,14:13:06,10.39,0.02,100,103803,买盘
720,14:13:21,10.37,-0.02,3,3111,买盘
721,14:14:09,10.4,0.03,90,93537,买盘
722,14:14:58,10.4,0.0,10,10400,卖盘
723,14:15:01,10.4,0.0,1,1040,买盘
724,14:15:34,10.42,0.02,50,52052,买盘
725,14:17:13,10.4,-0.02,47,48880,买盘
726,14:17:37,10.4,0.0,10,10400,买盘
727,14:18:06,10.4,0.0,3,3120,买盘
728,14:20:25,10.39,-0.01,28,29092,卖盘
729,14:20:28,10.39,0.0,4,4156,买盘
730,14:20:55,10.39,0.0,2,2078,买盘
731,14:21:06,10.39,0.0,10,10390,买盘
732,14:21:27,10.39,0.0,1,1039,买盘
733,14:23:10,10.38,-0.01,7,7266,卖盘
734,14:23:27,10.38,0.0,8,8304,卖盘
735,14:24:04,10.39,0.01,1,1039,买盘
736,14:24:24,10.39,0.0,3,3117,买盘
737,14:25:09,10.39,0.0,4,4156,买盘
738,14:25:34,10.39,0.0,10,10390,买盘
739,14:26:25,10.39,0.0,5,5195,买盘
740,14:26:52,10.38,-0.01,6,6228,卖盘
741,14:27:51,10.39,0.01,50,51950,买盘
742,14:27:55,10.39,0.0,1,1039,买盘
743,14:28:04,10.39,0.0,2,2078,买盘
744,14:28:12,10.39,0.0,2,2078,买盘
745,14:28:34,10.39,0.0,2,2078,买盘
746,14:29:04,10.39,0.0,6,6234,买盘
747,14:29:07,10.39,0.0,10,10390,买盘
748,14:29:10,10.39,0.0,10,10390,买盘
749,14:29:13,10.39,0.0,21,21819,买盘
750,14:29:16,10.39,0.0,127,131953,买盘
751,14:29:25,10.39,0.0,5,5195,买盘
752,14:29:28,10.39,0.0,60,62340,买盘
753,14:29:37,10.4,0.01,1,1040,买盘
754,14:29:40,10.4,0.0,1,1040,买盘
755,14:29:42,10.4,0.0,4,4160,买盘
756,14:29:49,10.4,0.0,8,8320,卖盘
757,14:29:52,10.41,0.01,1,1041,买盘
758,14:30:07,10.41,0.0,13,13533,买盘
759,14:30:33,10.42,0.01,2,2084,买盘
760,14:30:46,10.42,0.0,30,31260,买盘
761,14:31:28,10.42,0.0,1,1042,卖盘
762,14:31:52,10.42,0.0,4,4168,买盘
763,14:32:04,10.4,-0.02,7,7280,卖盘
764,14:32:19,10.4,0.0,2,2080,卖盘
765,14:32:25,10.4,0.0,2,2080,买盘
766,14:35:04,10.4,0.0,50,52000,卖盘
767,14:36:10,10.41,0.01,5,5205,卖盘
768,14:36:25,10.41,0.0,5,5205,卖盘
769,14:37:01,10.42,0.01,2,2084,买盘
770,14:38:19,10.41,-0.01,3,3123,卖盘
771,14:38:31,10.41,0.0,4,4164,卖盘
772,14:39:01,10.41,0.0,18,18738,买盘
773,14:39:07,10.4,-0.01,6,6240,卖盘
774,14:40:04,10.4,0.0,2,2080,卖盘
775,14:40:30,10.4,0.0,26,27060,卖盘
776,14:41:31,10.4,0.0,1,1040,卖盘
777,14:41:58,10.4,0.0,3,3120,卖盘
778,14:42:16,10.41,0.01,4,4164,买盘
779,14:42:34,10.4,-0.01,1,1040,卖盘
780,14:42:43,10.4,0.0,7,7280,卖盘
781,14:42:49,10.4,0.0,3,3120,买盘
782,14:43:04,10.4,0.0,1,1040,买盘
783,14:43:07,10.39,-0.01,3,3117,卖盘
784,14:43:16,10.39,0.0,37,38443,卖盘
785,14:43:19,10.39,0.0,53,55067,卖盘
786,14:43:37,10.38,-0.01,50,51900,卖盘
787,14:43:40,10.38,0.0,10,10380,卖盘
788,14:43:55,10.39,0.01,10,10390,买盘
789,14:44:19,10.38,-0.01,2,2076,卖盘
790,14:44:46,10.38,0.0,26,26988,卖盘
791,14:44:52,10.38,0.0,4,4152,卖盘
792,14:45:10,10.38,0.0,61,63650,卖盘
793,14:45:34,10.38,0.0,4,4152,卖盘
794,14:45:37,10.38,0.0,5,5190,卖盘
795,14:46:04,10.38,0.0,3,3114,卖盘
796,14:46:22,10.38,0.0,11,11418,卖盘
797,14:46:43,10.38,0.0,11,11418,卖盘
798,14:46:49,10.38,0.0,11,11418,卖盘
799,14:46:52,10.39,0.01,1,1039,买盘
800,14:47:04,10.38,-0.01,2,2076,卖盘
801,14:47:07,10.39,0.01,2,2078,买盘
802,14:47:19,10.39,0.0,1,1039,买盘
803,14:47:25,10.38,-0.01,30,31140,卖盘
804,14:47:39,10.38,0.0,40,41520,卖盘
805,14:48:33,10.38,0.0,19,19722,卖盘
806,14:48:42,10.38,0.0,2,2076,卖盘
807,14:48:46,10.38,0.0,2,2076,卖盘
808,14:48:55,10.39,0.01,10,10390,买盘
809,14:50:04,10.36,-0.03,71,73632,卖盘
810,14:50:10,10.39,0.03,10,10390,买盘
811,14:50:55,10.38,-0.01,4,4152,买盘
812,14:50:58,10.39,0.01,6,6234,买盘
813,14:51:04,10.38,-0.01,17,17646,卖盘
814,14:51:06,10.38,0.0,13,13494,买盘
815,14:51:10,10.38,0.0,3,3114,卖盘
816,14:51:18,10.38,0.0,3,3114,卖盘
817,14:51:24,10.38,0.0,1,1038,卖盘
818,14:51:34,10.39,0.01,1,1039,买盘
819,14:51:37,10.38,-0.01,10,10380,卖盘
820,14:52:13,10.38,0.0,10,10380,卖盘
821,14:52:19,10.38,0.0,1,1038,卖盘
822,14:52:22,10.39,0.01,24,24936,买盘
823,14:52:40,10.39,0.0,6,6234,买盘
824,14:52:43,10.39,0.0,1,1039,买盘
825,14:53:04,10.39,0.0,45,46717,买盘
826,14:53:10,10.39,0.0,10,10390,买盘
827,14:53:13,10.38,-0.01,10,10380,卖盘
828,14:53:21,10.38,0.0,30,31140,卖盘
829,14:53:48,10.38,0.0,10,10380,卖盘
830,14:54:04,10.39,0.01,1,1039,买盘
831,14:54:07,10.38,-0.01,73,75784,卖盘
832,14:54:10,10.38,0.0,10,10380,卖盘
833,14:54:19,10.38,0.0,10,10380,卖盘
834,14:54:37,10.38,0.0,28,29064,卖盘
835,14:54:52,10.38,0.0,22,22836,买盘
836,14:54:58,10.38,0.0,9,9342,买盘
837,14:55:07,10.38,0.0,17,17646,买盘
838,14:55:12,10.37,-0.01,112,116144,卖盘
839,14:55:15,10.38,0.01,121,125567,买盘
840,14:55:33,10.39,0.01,10,10390,买盘
841,14:55:52,10.39,0.0,1,1039,买盘
842,14:55:58,10.39,0.0,9,9351,买盘
843,14:56:10,10.39,0.0,81,84159,买盘
844,14:56:19,10.4,0.01,12,12480,买盘
845,14:56:25,10.39,-0.01,4,4156,卖盘
846,14:56:28,10.39,0.0,2,2078,卖盘
847,14:56:34,10.4,0.01,14,14560,买盘
848,14:56:46,10.4,0.0,1,1040,买盘
849,14:56:49,10.4,0.0,1,1040,买盘
850,14:56:51,10.4,0.0,1,1040,买盘
851,14:56:55,10.4,0.0,3,3120,买盘
852,14:56:58,10.4,0.0,1,1040,买盘
853,15:00:04,10.41,0.01,362,376842,卖盘
