,time,price,change,volume,amount,type
0,09:25:04,10.41,0.0,121,125961,卖盘
1,09:30:01,10.35,-0.06,5,5175,卖盘
2,09:30:04,10.35,0.0,36,37294,中性盘
3,09:30:07,10.35,0.0,20,20700,买盘
4,09:30:13,10.28,-0.07,21,21622,卖盘
5,09:31:16,10.39,0.11,27,28008,买盘
6,09:31:22,10.32,-0.07,4,4128,卖盘
7,09:31:40,10.34,0.02,8,8272,卖盘
8,09:32:06,10.39,0.05,13,13507,买盘
9,09:32:27,10.36,-0.03,9,9324,卖盘
10,09:32:31,10.36,0.0,11,11399,卖盘
11,09:33:01,10.36,0.0,3,3108,卖盘
12,09:33:34,10.35,-0.01,15,15525,买盘
13,09:33:36,10.35,0.0,3,3105,买盘
14,09:33:43,10.34,-0.01,12,12408,卖盘
15,09:33:49,10.35,0.01,1,1035,卖盘
16,09:34:22,10.35,0.0,10,10350,卖盘
17,09:34:25,10.35,0.0,2,2070,卖盘
18,09:34:33,10.35,0.0,14,14490,买盘
19,09:34:37,10.35,0.0,4,4137,买盘
20,09:34:39,10.35,0.0,6,6207,买盘
21,09:34:46,10.35,0.0,9,9315,卖盘
22,09:34:49,10.36,0.01,2,2072,买盘
23,09:34:58,10.36,0.0,3,3108,买盘
24,09:35:04,10.36,0.0,2,2072,卖盘
25,09:35:10,10.35,-0.01,5,5176,卖盘
26,09:35:13,10.35,0.0,6,6210,卖盘
27,09:35:22,10.34,-0.01,1,1034,卖盘
28,09:35:34,10.35,0.01,4,4140,买盘
29,09:35:36,10.35,0.0,12,12420,买盘
30,09:35:40,10.36,0.01,16,16562,买盘
31,09:35:46,10.34,-0.02,41,42406,卖盘
32,09:35:49,10.34,0.0,6,6204,买盘
33,09:35:52,10.34,0.0,6,6204,买盘
34,09:35:55,10.34,0.0,2,2068,买盘
35,09:35:58,10.34,0.0,1,1034,买盘
36,09:36:01,10.34,0.0,5,5170,买盘
37,09:36:04,10.34,0.0,5,5170,买盘
38,09:36:06,10.34,0.0,2,2068,买盘
39,09:36:09,10.33,-0.01,9,9297,卖盘
40,09:36:13,10.34,0.01,1,1034,买盘
41,09:36:16,10.34,0.0,1,1034,买盘
42,09:36:19,10.34,0.0,4,4136,买盘
43,09:36:22,10.34,0.0,1,1034,买盘
44,09:36:25,10.34,0.0,6,6204,买盘
45,09:36:43,10.34,0.0,14,14476,卖盘
46,09:36:46,10.34,0.0,2,2068,买盘
47,09:36:49,10.34,0.0,1,1034,买盘
48,09:36:52,10.34,0.0,1,1034,买盘
49,09:36:54,10.34,0.0,9,9306,买盘
50,09:36:58,10.34,0.0,2,2068,买盘
51,09:37:01,10.34,0.0,16,16544,买盘
52,09:37:16,10.34,0.0,5,5170,卖盘
53,09:38:31,10.34,0.0,29,29986,卖盘
54,09:38:37,10.37,0.03,8,8296,买盘
55,09:38:46,10.37,0.0,10,10370,买盘
56,09:39:00,10.37,0.0,12,12444,买盘
57,09:39:42,10.37,0.0,4,4148,卖盘
58,09:39:52,10.38,0.01,5,5190,买盘
59,09:39:58,10.37,-0.01,3,3111,卖盘
60,09:40:52,10.38,0.01,20,20760,买盘
61,09:40:55,10.38,0.0,5,5190,买盘
62,09:41:31,10.38,0.0,5,5190,买盘
63,09:41:40,10.38,0.0,4,4152,买盘
64,09:41:45,10.38,0.0,5,5190,买盘
65,09:41:49,10.37,-0.01,12,12444,卖盘
66,09:42:04,10.37,0.0,9,9333,卖盘
67,09:42:10,10.37,0.0,5,5185,卖盘
68,09:42:16,10.37,0.0,3,3111,卖盘
69,09:42:28,10.37,0.0,5,5185,卖盘
70,09:42:31,10.37,0.0,23,23851,卖盘
71,09:42:34,10.37,0.0,12,12444,卖盘
72,09:42:43,10.35,-0.02,8,8280,卖盘
73,09:43:01,10.35,0.0,4,4140,卖盘
74,09:43:16,10.35,0.0,1,1035,买盘
75,09:43:19,10.35,0.0,1,1035,买盘
76,09:43:21,10.34,-0.01,28,28953,卖盘
77,09:43:25,10.34,0.0,3,3102,卖盘
78,09:43:31,10.35,0.01,1,1035,买盘
79,09:43:40,10.35,0.0,1,1035,买盘
80,09:43:43,10.35,0.0,2,2070,买盘
81,09:43:46,10.35,0.0,3,3105,买盘
82,09:43:48,10.35,0.0,3,3105,买盘
83,09:43:51,10.35,0.0,11,11380,买盘
84,09:43:55,10.34,-0.01,2,2069,卖盘
85,09:43:58,10.35,0.01,1,1035,买盘
86,09:44:01,10.35,0.0,1,1035,买盘
87,09:44:04,10.35,0.0,2,2070,买盘
88,09:44:07,10.35,0.0,2,2070,买盘
89,09:44:09,10.35,0.0,2,2070,买盘
90,09:44:13,10.35,0.0,2,2070,买盘
91,09:44:37,10.36,0.01,11,11396,买盘
92,09:45:13,10.34,-0.02,45,46556,卖盘
93,09:45:19,10.42,0.08,61,63428,买盘
94,09:45:30,10.42,0.0,9,9378,卖盘
95,09:45:37,10.42,0.0,1,1042,买盘
96,09:45:49,10.41,-0.01,10,10410,中性盘
97,09:46:01,10.4,-0.01,1,1040,中性盘
98,09:46:09,10.41,0.01,11,11451,买盘
99,09:46:37,10.41,0.0,7,7287,卖盘
100,09:46:46,10.41,0.0,1,1041,卖盘
101,09:46:54,10.41,0.0,10,10410,卖盘
102,09:47:46,10.42,0.01,5,5210,买盘
103,09:48:04,10.41,-0.01,5,5205,卖盘
104,09:48:46,10.62,0.21,825,870185,买盘
105,09:48:49,10.55,-0.07,19,20141,卖盘
106,09:48:52,10.61,0.06,9,9537,买盘
107,09:48:57,10.54,-0.07,6,6324,买盘
108,09:49:01,10.54,0.0,1,1054,买盘
109,09:49:04,10.54,0.0,16,16864,买盘
110,09:49:06,10.54,0.0,1,1054,买盘
111,09:49:10,10.6,0.06,133,140703,买盘
112,09:49:15,10.6,0.0,21,22236,买盘
113,09:49:19,10.54,-0.06,18,18987,卖盘
114,09:49:22,10.54,0.0,24,25389,卖盘
115,09:49:25,10.48,-0.06,35,36714,卖盘
116,09:49:28,10.57,0.09,67,70498,中性盘
117,09:49:31,10.6,0.03,79,83596,买盘
118,09:49:33,10.54,-0.06,15,15810,卖盘
119,09:49:40,10.57,0.03,12,12675,中性盘
120,09:49:43,10.6,0.03,13,13732,买盘
121,09:49:46,10.5,-0.1,28,29574,卖盘
122,09:49:49,10.55,0.05,6,6338,中性盘
123,09:49:52,10.52,-0.03,7,7379,卖盘
124,09:49:55,10.5,-0.02,5,5256,卖盘
125,09:49:57,10.5,0.0,39,41035,卖盘
126,09:50:01,10.59,0.09,53,56092,买盘
127,09:50:03,10.59,0.0,13,13742,买盘
128,09:50:07,10.54,-0.05,8,8432,卖盘
129,09:50:09,10.53,-0.01,7,7373,卖盘
130,09:50:13,10.53,0.0,24,25352,卖盘
131,09:50:16,10.53,0.0,7,7371,卖盘
132,09:50:19,10.55,0.02,10,10538,买盘
133,09:50:22,10.55,0.0,31,32702,买盘
134,09:50:25,10.54,-0.01,30,31690,卖盘
135,09:50:28,10.58,0.04,9,9513,买盘
136,09:50:31,10.55,-0.03,23,24265,卖盘
137,09:50:34,10.59,0.04,112,118541,买盘
138,09:50:37,10.56,-0.03,10,10560,卖盘
139,09:50:39,10.56,0.0,49,51755,卖盘
140,09:50:43,10.56,0.0,18,19008,卖盘
141,09:50:46,10.57,0.01,22,23240,买盘
142,09:50:49,10.57,0.0,15,15855,卖盘
143,09:50:52,10.57,0.0,5,5285,卖盘
144,09:50:55,10.57,0.0,20,21140,卖盘
145,09:50:58,10.57,0.0,7,7399,卖盘
146,09:51:01,10.57,0.0,60,63420,卖盘
147,09:51:04,10.58,0.01,95,100510,买盘
148,09:51:07,10.58,0.0,93,98334,买盘
149,09:51:10,10.58,0.0,109,115322,卖盘
150,09:51:13,10.59,0.01,36,38123,买盘
151,09:51:16,10.58,-0.01,8,8464,卖盘
152,09:51:18,10.58,0.0,29,30682,卖盘
153,09:51:22,10.58,0.0,15,15870,卖盘
154,09:51:25,10.57,-0.01,10,10570,卖盘
155,09:51:28,10.57,0.0,15,15869,卖盘
156,09:51:34,10.57,0.0,13,13741,卖盘
157,09:51:40,10.58,0.01,43,45494,买盘
158,09:51:43,10.58,0.0,6,6348,买盘
159,09:51:46,10.58,0.0,8,8464,买盘
160,09:51:49,10.57,-0.01,90,95130,卖盘
161,09:51:52,10.57,0.0,5,5285,买盘
162,09:51:57,10.56,-0.01,4,4224,卖盘
163,09:52:01,10.57,0.01,22,23249,买盘
164,09:52:06,10.57,0.0,3,3171,买盘
165,09:52:10,10.55,-0.02,70,73901,卖盘
166,09:52:13,10.56,0.01,5,5280,卖盘
167,09:52:16,10.56,0.0,9,9504,卖盘
168,09:52:21,10.55,-0.01,26,27439,卖盘
169,09:52:30,10.56,0.01,2,2112,买盘
170,09:52:36,10.55,-0.01,16,16880,卖盘
171,09:52:40,10.56,0.01,13,13728,买盘
172,09:52:46,10.55,-0.01,2,2110,卖盘
173,09:52:49,10.56,0.01,3,3168,买盘
174,09:52:54,10.55,-0.01,25,26375,卖盘
175,09:52:58,10.55,0.0,10,10550,卖盘
176,09:53:04,10.55,0.0,5,5275,卖盘
177,09:53:13,10.54,-0.01,5,5270,卖盘
178,09:53:19,10.54,0.0,20,21080,卖盘
179,09:53:22,10.54,0.0,3,3162,卖盘
180,09:53:48,10.55,0.01,1,1055,买盘
181,09:53:55,10.55,0.0,1,1055,买盘
182,09:54:10,10.54,-0.01,3,3162,卖盘
183,09:54:13,10.54,0.0,5,5270,买盘
184,09:54:22,10.53,-0.01,5,5265,卖盘
185,09:54:25,10.53,0.0,35,36855,卖盘
186,09:54:31,10.52,-0.01,12,12624,卖盘
187,09:54:37,10.52,0.0,20,21040,卖盘
188,09:54:40,10.53,0.01,1,1053,买盘
189,09:54:43,10.52,-0.01,5,5260,卖盘
190,09:54:49,10.51,-0.01,63,66213,卖盘
191,09:54:54,10.51,0.0,5,5255,买盘
192,09:54:58,10.5,-0.01,19,19950,卖盘
193,09:55:04,10.51,0.01,81,85052,买盘
194,09:55:37,10.49,-0.02,28,29386,卖盘
195,09:55:40,10.5,0.01,2,2100,卖盘
196,09:55:46,10.5,0.0,5,5250,卖盘
197,09:55:48,10.5,0.0,19,19950,卖盘
198,09:56:01,10.5,0.0,7,7350,买盘
199,09:56:07,10.49,-0.01,4,4196,卖盘
200,09:56:13,10.49,0.0,24,25176,卖盘
201,09:56:16,10.48,-0.01,1,1048,卖盘
202,09:56:19,10.48,0.0,4,4192,卖盘
203,09:56:31,10.48,0.0,5,5240,卖盘
204,09:56:40,10.48,0.0,20,20960,卖盘
205,09:56:54,10.48,0.0,6,6288,卖盘
206,09:57:04,10.48,0.0,17,17816,卖盘
207,09:57:19,10.48,0.0,11,11528,卖盘
208,09:57:39,10.48,0.0,26,27248,卖盘
209,09:57:46,10.49,0.01,364,381820,买盘
210,09:57:48,10.49,0.0,33,34617,买盘
211,09:57:54,10.49,0.0,1,1049,买盘
212,09:58:04,10.49,0.0,1,1049,买盘
213,09:58:24,10.5,0.01,106,111300,买盘
214,09:58:31,10.49,-0.01,10,10490,卖盘
215,09:58:34,10.5,0.01,2,2100,买盘
216,09:58:46,10.49,-0.01,15,15735,卖盘
217,09:58:52,10.5,0.01,5,5250,买盘
218,09:59:01,10.5,0.0,5,5250,买盘
219,09:59:04,10.5,0.0,30,31500,买盘
220,09:59:10,10.5,0.0,3,3150,买盘
221,09:59:12,10.5,0.0,20,21000,买盘
222,09:59:16,10.5,0.0,5,5250,买盘
223,09:59:22,10.5,0.0,5,5250,买盘
224,09:59:25,10.5,0.0,2,2100,买盘
225,09:59:52,10.49,-0.01,40,41981,卖盘
226,09:59:58,10.5,0.01,1,1050,买盘
227,10:00:10,10.51,0.01,13,13663,买盘
228,10:00:40,10.49,-0.02,4,4196,卖盘
229,10:00:46,10.51,0.02,10,10510,买盘
230,10:00:52,10.51,0.0,1,1051,买盘
231,10:00:58,10.49,-0.02,29,30421,卖盘
232,10:01:25,10.49,0.0,50,52450,卖盘
233,10:01:36,10.49,0.0,19,19931,卖盘
234,10:01:43,10.48,-0.01,10,10480,卖盘
235,10:01:57,10.47,-0.01,2,2094,卖盘
236,10:02:07,10.47,0.0,7,7329,卖盘
237,10:02:19,10.47,0.0,10,10470,买盘
238,10:02:21,10.45,-0.02,2,2090,卖盘
239,10:02:31,10.45,0.0,5,5225,卖盘
240,10:03:16,10.46,0.01,6,6276,卖盘
241,10:03:49,10.46,0.0,5,5230,卖盘
242,10:03:52,10.46,0.0,5,5230,卖盘
243,10:04:12,10.46,0.0,1,1046,卖盘
244,10:04:22,10.47,0.01,19,19893,买盘
245,10:04:46,10.48,0.01,2,2096,买盘
246,10:05:01,10.46,-0.02,4,4184,卖盘
247,10:05:10,10.48,0.02,10,10480,买盘
248,10:05:13,10.46,-0.02,1,1046,卖盘
249,10:05:19,10.43,-0.03,109,113859,卖盘
250,10:05:37,10.41,-0.02,2,2082,卖盘
251,10:05:49,10.41,0.0,39,40623,卖盘
252,10:05:52,10.43,0.02,25,26075,买盘
253,10:05:55,10.43,0.0,8,8344,买盘
254,10:06:04,10.43,0.0,24,25002,买盘
255,10:06:10,10.41,-0.02,51,53167,卖盘
256,10:06:12,10.41,0.0,3,3123,卖盘
257,10:06:30,10.41,0.0,6,6246,卖盘
258,10:06:39,10.43,0.02,10,10430,买盘
259,10:06:45,10.43,0.0,6,6258,买盘
260,10:06:49,10.43,0.0,28,29204,买盘
261,10:07:10,10.48,0.05,6,6288,买盘
262,10:07:22,10.48,0.0,24,25152,买盘
263,10:07:28,10.48,0.0,5,5240,买盘
264,10:07:55,10.45,-0.03,1,1045,卖盘
265,10:08:16,10.48,0.03,10,10480,买盘
266,10:08:27,10.48,0.0,7,7336,买盘
267,10:08:43,10.48,0.0,5,5240,买盘
268,10:08:55,10.48,0.0,1,1048,买盘
269,10:09:07,10.48,0.0,30,31440,买盘
270,10:09:13,10.48,0.0,5,5240,买盘
271,10:09:22,10.48,0.0,7,7336,买盘
272,10:09:55,10.49,0.01,2,2098,买盘
273,10:10:07,10.48,-0.01,1,1048,卖盘
274,10:10:16,10.48,0.0,4,4192,买盘
275,10:10:22,10.47,-0.01,5,5235,卖盘
276,10:10:25,10.47,0.0,1,1047,卖盘
277,10:10:46,10.46,-0.01,5,5230,卖盘
278,10:12:07,10.48,0.02,10,10471,买盘
279,10:12:46,10.48,0.0,4,4192,买盘
280,10:13:25,10.48,0.0,7,7336,卖盘
281,10:13:27,10.48,0.0,4,4192,卖盘
282,10:13:31,10.48,0.0,3,3144,卖盘
283,10:13:34,10.48,0.0,5,5244,卖盘
284,10:13:39,10.48,0.0,1,1048,卖盘
285,10:13:52,10.48,0.0,2,2096,卖盘
286,10:13:55,10.48,0.0,1,1048,买盘
287,10:14:25,10.47,-0.01,3,3141,卖盘
288,10:14:58,10.47,0.0,1,1047,卖盘
289,10:15:12,10.47,0.0,1,1047,卖盘
290,10:15:22,10.46,-0.01,21,21972,卖盘
291,10:15:25,10.45,-0.01,95,99350,卖盘
292,10:17:30,10.44,-0.01,3,3132,买盘
293,10:17:36,10.44,0.0,1,1044,买盘
294,10:18:46,10.43,-0.01,50,52150,卖盘
295,10:19:01,10.43,0.0,11,11473,卖盘
296,10:19:31,10.43,0.0,29,30247,买盘
297,10:20:40,10.43,0.0,19,19817,卖盘
298,10:20:43,10.44,0.01,67,69948,买盘
299,10:20:45,10.44,0.0,5,5220,买盘
300,10:20:48,10.43,-0.01,20,20860,卖盘
301,10:21:04,10.44,0.01,10,10440,买盘
302,10:21:31,10.44,0.0,10,10440,买盘
303,10:21:37,10.44,0.0,32,33408,买盘
304,10:21:43,10.44,0.0,5,5220,买盘
305,10:21:52,10.43,-0.01,20,20860,卖盘
306,10:21:54,10.44,0.01,2,2088,买盘
307,10:23:10,10.46,0.02,110,114990,买盘
308,10:23:16,10.46,0.0,62,64852,卖盘
309,10:23:22,10.46,0.0,29,30334,卖盘
310,10:23:34,10.46,0.0,27,28242,卖盘
311,10:23:46,10.44,-0.02,10,10440,卖盘
312,10:24:31,10.44,0.0,54,56376,卖盘
313,10:24:46,10.44,0.0,27,28188,卖盘
314,10:25:04,10.44,0.0,3,3132,买盘
315,10:25:43,10.44,0.0,18,18792,买盘
316,10:25:45,10.44,0.0,12,12528,卖盘
317,10:26:01,10.43,-0.01,1,1043,卖盘
318,10:26:04,10.44,0.01,5,5220,买盘
319,10:26:31,10.44,0.0,17,17748,买盘
320,10:26:36,10.44,0.0,10,10440,买盘
321,10:26:40,10.44,0.0,18,18792,买盘
322,10:27:01,10.44,0.0,15,15660,买盘
323,10:27:33,10.44,0.0,59,61596,买盘
324,10:27:52,10.44,0.0,1,1044,卖盘
325,10:28:25,10.45,0.01,2,2090,买盘
326,10:28:33,10.45,0.0,34,35530,买盘
327,10:28:37,10.46,0.01,15,15690,买盘
328,10:28:40,10.45,-0.01,32,33441,卖盘
329,10:29:04,10.45,0.0,62,64802,卖盘
330,10:29:25,10.45,0.0,100,104500,卖盘
331,10:29:28,10.46,0.01,13,13598,买盘
332,10:29:39,10.46,0.0,11,11505,买盘
333,10:29:58,10.46,0.0,10,10460,买盘
334,10:30:18,10.46,0.0,2,2092,买盘
335,10:30:22,10.45,-0.01,6,6270,卖盘
336,10:30:27,10.46,0.01,10,10460,买盘
337,10:30:40,10.46,0.0,18,18828,买盘
338,10:30:49,10.45,-0.01,60,62700,卖盘
339,10:31:31,10.45,0.0,1,1045,卖盘
340,10:31:40,10.45,0.0,4,4180,卖盘
341,10:31:42,10.46,0.01,10,10458,买盘
342,10:32:24,10.45,-0.01,5,5225,卖盘
343,10:33:10,10.45,0.0,16,16720,卖盘
344,10:33:22,10.44,-0.01,1,1044,卖盘
345,10:34:09,10.44,0.0,50,52200,卖盘
346,10:34:18,10.45,0.01,10,10450,买盘
347,10:34:27,10.45,0.0,4,4180,买盘
348,10:34:40,10.44,-0.01,3,3132,卖盘
349,10:35:30,10.45,0.01,10,10450,买盘
350,10:35:52,10.45,0.0,20,20900,卖盘
351,10:35:58,10.45,0.0,10,10450,买盘
352,10:36:13,10.47,0.02,213,222845,买盘
353,10:36:25,10.47,0.0,3,3141,买盘
354,10:36:31,10.48,0.01,29,30390,买盘
355,10:36:49,10.48,0.0,10,10480,买盘
356,10:36:58,10.48,0.0,2,2096,买盘
357,10:37:28,10.48,0.0,2,2096,买盘
358,10:37:34,10.48,0.0,2,2096,买盘
359,10:37:37,10.48,0.0,4,4192,买盘
360,10:37:40,10.48,0.0,1,1048,卖盘
361,10:37:58,10.48,0.0,44,46112,买盘
362,10:38:16,10.48,0.0,21,22008,买盘
363,10:38:24,10.48,0.0,22,23056,买盘
364,10:39:10,10.48,0.0,2,2096,买盘
365,10:39:31,10.48,0.0,3,3144,卖盘
366,10:40:01,10.48,0.0,4,4192,买盘
367,10:40:22,10.47,-0.01,70,73290,卖盘
368,10:40:25,10.47,0.0,3,3141,卖盘
369,10:40:28,10.47,0.0,2,2094,卖盘
370,10:40:30,10.47,0.0,5,5239,卖盘
371,10:41:18,10.47,0.0,4,4188,卖盘
372,10:41:21,10.47,0.0,1,1047,卖盘
373,10:41:34,10.47,0.0,12,12564,卖盘
374,10:41:57,10.47,0.0,10,10470,卖盘
375,10:42:10,10.43,-0.04,101,105633,卖盘
376,10:43:06,10.44,0.01,4,4176,卖盘
377,10:45:13,10.48,0.04,12,12576,买盘
378,10:45:52,10.48,0.0,20,20960,买盘
379,10:46:42,10.48,0.0,14,14672,买盘
380,10:47:03,10.48,0.0,20,20960,买盘
381,10:47:21,10.48,0.0,12,12576,买盘
382,10:47:37,10.46,-0.02,100,104693,卖盘
383,10:49:12,10.47,0.01,14,14658,买盘
384,10:49:25,10.45,-0.02,80,83627,卖盘
385,10:49:43,10.47,0.02,10,10470,买盘
386,10:49:49,10.47,0.0,20,20940,买盘
387,10:50:10,10.47,0.0,12,12557,买盘
388,10:50:42,10.47,0.0,14,14658,买盘
389,10:51:00,10.46,-0.01,5,5230,卖盘
390,10:51:37,10.46,0.0,5,5230,卖盘
391,10:52:06,10.45,-0.01,1,1045,卖盘
392,10:52:18,10.45,0.0,19,19855,卖盘
393,10:52:54,10.46,0.01,9,9414,买盘
394,10:54:22,10.46,0.0,1,1046,卖盘
395,10:54:52,10.45,-0.01,16,16720,卖盘
396,10:55:06,10.45,0.0,20,20900,买盘
397,10:57:04,10.45,0.0,4,4180,买盘
398,10:57:43,10.45,0.0,1,1045,卖盘
399,10:59:19,10.45,0.0,11,11495,卖盘
400,10:59:31,10.46,0.01,3,3138,买盘
401,11:00:57,10.46,0.0,41,42886,买盘
402,11:01:48,10.46,0.0,3,3138,卖盘
403,11:03:30,10.47,0.01,91,95277,买盘
404,11:03:40,10.47,0.0,1,1047,卖盘
405,11:03:54,10.48,0.01,3,3144,买盘
406,11:04:06,10.47,-0.01,20,20940,卖盘
407,11:04:18,10.47,0.0,60,62820,卖盘
408,11:05:01,10.47,0.0,30,31410,卖盘
409,11:05:09,10.47,0.0,10,10470,买盘
410,11:07:24,10.46,-0.01,10,10460,卖盘
411,11:07:40,10.46,0.0,20,20920,卖盘
412,11:07:42,10.46,0.0,2,2092,卖盘
413,11:07:49,10.46,0.0,5,5230,卖盘
414,11:08:13,10.45,-0.01,20,20900,卖盘
415,11:09:09,10.45,0.0,3,3135,卖盘
416,11:10:19,10.45,0.0,10,10450,卖盘
417,11:10:52,10.45,0.0,25,26125,卖盘
418,11:10:55,10.45,0.0,8,8360,卖盘
419,11:11:37,10.44,-0.01,20,20880,卖盘
420,11:11:55,10.44,0.0,12,12528,卖盘
421,11:12:28,10.43,-0.01,100,104300,卖盘
422,11:12:49,10.43,0.0,106,110558,卖盘
423,11:12:57,10.43,0.0,37,38591,卖盘
424,11:13:10,10.43,0.0,3,3129,卖盘
425,11:13:16,10.43,0.0,47,49021,买盘
426,11:13:42,10.43,0.0,19,19817,卖盘
427,11:13:46,10.43,0.0,30,31290,卖盘
428,11:13:49,10.43,0.0,6,6258,卖盘
429,11:14:15,10.42,-0.01,20,20859,卖盘
430,11:14:34,10.42,0.0,44,45848,卖盘
431,11:14:37,10.43,0.01,29,30247,买盘
432,11:14:57,10.43,0.0,2,2086,卖盘
433,11:15:00,10.43,0.0,20,20860,卖盘
434,11:15:33,10.43,0.0,10,10430,卖盘
435,11:15:46,10.43,0.0,100,104300,卖盘
436,11:15:49,10.43,0.0,68,70924,卖盘
437,11:15:52,10.43,0.0,84,87612,卖盘
438,11:16:31,10.42,-0.01,10,10420,卖盘
439,11:16:46,10.42,0.0,19,19798,卖盘
440,11:16:51,10.41,-0.01,35,36450,卖盘
441,11:17:07,10.41,0.0,2,2082,卖盘
442,11:17:15,10.41,0.0,32,33312,买盘
443,11:17:34,10.41,0.0,10,10410,卖盘
444,11:17:51,10.41,0.0,30,31230,卖盘
445,11:19:06,10.41,0.0,5,5205,卖盘
446,11:19:10,10.41,0.0,2,2082,卖盘
447,11:19:15,10.41,0.0,3,3123,卖盘
448,11:19:24,10.42,0.01,19,19798,买盘
449,11:20:30,10.43,0.01,5,5215,买盘
450,11:22:25,10.43,0.0,1,1043,卖盘
451,11:26:21,10.42,-0.01,25,26057,卖盘
452,11:27:18,10.42,0.0,5,5210,买盘
453,11:28:42,10.42,0.0,15,15630,卖盘
454,11:28:54,10.42,0.0,1,1042,买盘
455,11:29:42,10.44,0.02,28,29232,买盘
456,13:00:04,10.42,-0.02,16,16692,卖盘
457,13:01:42,10.42,0.0,1,1042,卖盘
458,13:03:09,10.42,0.0,2,2084,卖盘
459,13:03:39,10.42,0.0,7,7294,卖盘
460,13:04:42,10.44,0.02,1,1044,买盘
461,13:06:48,10.43,-0.01,10,10430,买盘
462,13:07:16,10.43,0.0,10,10430,买盘
463,13:07:18,10.42,-0.01,30,31260,卖盘
464,13:07:27,10.43,0.01,10,10430,买盘
465,13:12:07,10.43,0.0,6,6258,买盘
466,13:13:18,10.41,-0.02,1,1041,卖盘
467,13:13:46,10.41,0.0,14,14574,卖盘
468,13:13:52,10.41,0.0,10,10410,卖盘
469,13:13:55,10.41,0.0,1,1041,买盘
470,13:14:00,10.41,0.0,3,3123,买盘
471,13:14:16,10.4,-0.01,8,8320,卖盘
472,13:14:36,10.41,0.01,3,3123,买盘
473,13:14:57,10.41,0.0,10,10410,买盘
474,13:15:30,10.4,-0.01,4,4160,卖盘
475,13:16:55,10.4,0.0,18,18720,卖盘
476,13:16:57,10.4,0.0,4,4160,卖盘
477,13:17:01,10.4,0.0,1,1040,卖盘
478,13:17:04,10.4,0.0,12,12480,卖盘
479,13:17:18,10.41,0.01,13,13533,买盘
480,13:18:36,10.41,0.0,3,3123,卖盘
481,13:20:04,10.4,-0.01,27,28084,卖盘
482,13:21:04,10.4,0.0,23,23920,卖盘
483,13:21:46,10.4,0.0,19,19760,买盘
484,13:22:06,10.4,0.0,1,1040,卖盘
485,13:23:10,10.43,0.03,10,10430,买盘
486,13:23:43,10.43,0.0,1,1043,卖盘
487,13:24:04,10.43,0.0,19,19817,卖盘
488,13:24:07,10.43,0.0,1,1043,买盘
489,13:24:13,10.43,0.0,3,3130,卖盘
490,13:24:15,10.44,0.01,12,12520,买盘
491,13:24:27,10.44,0.0,6,6264,买盘
492,13:24:45,10.44,0.0,8,8352,买盘
493,13:25:09,10.44,0.0,1,1044,卖盘
494,13:28:42,10.41,-0.03,1,1041,卖盘
495,13:29:04,10.41,0.0,1,1041,卖盘
496,13:30:16,10.41,0.0,6,6246,卖盘
497,13:30:24,10.41,0.0,12,12492,卖盘
498,13:30:52,10.41,0.0,3,3123,买盘
499,13:31:10,10.41,0.0,9,9369,买盘
500,13:32:10,10.41,0.0,4,4164,卖盘
501,13:32:37,10.4,-0.01,10,10400,卖盘
502,13:33:10,10.39,-0.01,127,131994,卖盘
503,13:34:06,10.39,0.0,5,5195,卖盘
504,13:35:22,10.39,0.0,2,2078,卖盘
505,13:36:27,10.44,0.05,71,74050,买盘
506,13:37:04,10.38,-0.06,20,20763,卖盘
507,13:37:10,10.38,0.0,6,6238,卖盘
508,13:37:27,10.43,0.05,19,19817,买盘
509,13:38:13,10.43,0.0,10,10430,买盘
510,13:38:51,10.39,-0.04,10,10394,卖盘
511,13:39:04,10.43,0.04,33,34419,买盘
512,13:39:16,10.43,0.0,5,5215,买盘
513,13:39:40,10.43,0.0,2,2086,卖盘
514,13:39:49,10.44,0.01,9,9396,买盘
515,13:41:36,10.4,-0.04,3,3120,卖盘
516,13:43:16,10.41,0.01,1,1041,卖盘
517,13:43:28,10.41,0.0,1,1041,卖盘
518,13:44:27,10.41,0.0,22,22902,卖盘
519,13:44:36,10.41,0.0,8,8328,买盘
520,13:45:19,10.43,0.02,25,26045,买盘
521,13:45:40,10.43,0.0,1,1043,买盘
522,13:46:13,10.41,-0.02,32,33312,卖盘
523,13:46:25,10.4,-0.01,31,32240,卖盘
524,13:46:36,10.4,0.0,6,6240,卖盘
525,13:46:43,10.4,0.0,11,11440,卖盘
526,13:48:52,10.39,-0.01,47,48833,卖盘
527,13:49:19,10.39,0.0,36,37404,卖盘
528,13:49:28,10.39,0.0,4,4156,卖盘
529,13:49:42,10.39,0.0,3,3117,卖盘
530,13:49:45,10.39,0.0,25,25975,卖盘
531,13:50:19,10.38,-0.01,1,1038,卖盘
532,13:50:58,10.38,0.0,26,26988,卖盘
533,13:51:09,10.38,0.0,113,117294,卖盘
534,13:52:13,10.39,0.01,1,1039,买盘
535,13:52:18,10.39,0.0,5,5195,买盘
536,13:52:28,10.39,0.0,19,19741,买盘
537,13:52:46,10.4,0.01,1,1040,买盘
538,13:53:16,10.4,0.0,2,2080,买盘
539,13:54:34,10.4,0.0,20,20800,买盘
540,13:59:04,10.41,0.01,19,19779,卖盘
541,14:00:46,10.4,-0.01,39,40560,卖盘
542,14:01:25,10.4,0.0,1,1040,卖盘
543,14:01:46,10.41,0.01,21,21861,买盘
544,14:01:52,10.41,0.0,1,1041,卖盘
545,14:02:10,10.41,0.0,5,5205,卖盘
546,14:02:30,10.43,0.02,16,16688,买盘
547,14:02:55,10.43,0.0,51,53193,买盘
548,14:03:10,10.43,0.0,10,10430,卖盘
549,14:03:13,10.44,0.01,58,60552,买盘
550,14:03:37,10.44,0.0,10,10440,卖盘
551,14:04:01,10.44,0.0,13,13572,卖盘
552,14:04:09,10.43,-0.01,5,5215,卖盘
553,14:04:15,10.44,0.01,59,61596,买盘
554,14:04:22,10.43,-0.01,11,11474,卖盘
555,14:04:42,10.43,0.0,5,5215,卖盘
556,14:04:49,10.43,0.0,27,28161,卖盘
557,14:05:25,10.41,-0.02,3,3123,卖盘
558,14:05:49,10.41,0.0,18,18738,买盘
559,14:06:49,10.43,0.02,6,6258,买盘
560,14:06:58,10.43,0.0,10,10430,卖盘
561,14:07:30,10.43,0.0,3,3129,卖盘
562,14:08:06,10.43,0.0,38,39634,卖盘
563,14:08:19,10.43,0.0,8,8344,卖盘
564,14:08:37,10.43,0.0,4,4172,买盘
565,14:09:01,10.42,-0.01,10,10420,买盘
566,14:09:18,10.4,-0.02,9,9360,卖盘
567,14:09:22,10.4,0.0,8,8320,卖盘
568,14:09:52,10.4,0.0,10,10400,卖盘
569,14:11:15,10.41,0.01,1,1041,卖盘
570,14:11:24,10.41,0.0,5,5205,卖盘
571,14:12:07,10.41,0.0,10,10410,买盘
572,14:12:46,10.41,0.0,5,5205,卖盘
573,14:13:49,10.42,0.01,2,2084,买盘
574,14:14:13,10.4,-0.02,40,41638,卖盘
575,14:14:33,10.42,0.02,5,5210,买盘
576,14:15:15,10.42,0.0,3,3126,买盘
577,14:15:49,10.41,-0.01,5,5205,卖盘
578,14:16:43,10.41,0.0,1,1041,买盘
579,14:17:04,10.41,0.0,10,10410,买盘
580,14:17:46,10.4,-0.01,83,86320,卖盘
581,14:17:55,10.4,0.0,29,30160,卖盘
582,14:18:00,10.4,0.0,2,2080,卖盘
583,14:18:10,10.4,0.0,5,5200,卖盘
584,14:18:15,10.4,0.0,7,7280,卖盘
585,14:18:48,10.4,0.0,4,4160,买盘
586,14:19:04,10.4,0.0,3,3120,买盘
587,14:19:13,10.39,-0.01,8,8312,卖盘
588,14:19:22,10.38,-0.01,6,6228,卖盘
589,14:19:45,10.38,0.0,10,10380,卖盘
590,14:20:01,10.38,0.0,20,20760,卖盘
591,14:20:22,10.38,0.0,4,4152,卖盘
592,14:20:58,10.38,0.0,13,13494,卖盘
593,14:21:31,10.38,0.0,29,30110,卖盘
594,14:22:15,10.39,0.01,5,5195,卖盘
595,14:22:52,10.39,0.0,6,6234,买盘
596,14:23:22,10.38,-0.01,2,2076,卖盘
597,14:23:55,10.38,0.0,1,1038,卖盘
598,14:24:22,10.39,0.01,8,8312,买盘
599,14:24:55,10.38,-0.01,5,5190,卖盘
600,14:25:07,10.38,0.0,8,8308,卖盘
601,14:26:01,10.39,0.01,5,5195,买盘
602,14:26:46,10.39,0.0,4,4156,买盘
603,14:27:04,10.39,0.0,45,46755,卖盘
604,14:27:30,10.39,0.0,5,5195,卖盘
605,14:28:04,10.39,0.0,1,1039,卖盘
606,14:28:10,10.39,0.0,9,9351,买盘
607,14:28:25,10.39,0.0,7,7273,卖盘
608,14:28:40,10.38,-0.01,50,51902,卖盘
609,14:28:46,10.38,0.0,5,5190,买盘
610,14:28:58,10.37,-0.01,7,7259,卖盘
611,14:29:13,10.37,0.0,16,16592,卖盘
612,14:29:19,10.37,0.0,11,11407,卖盘
613,14:29:37,10.37,0.0,8,8296,卖盘
614,14:29:45,10.38,0.01,1,1038,买盘
615,14:29:48,10.37,-0.01,36,37332,卖盘
616,14:29:57,10.37,0.0,17,17629,买盘
617,14:30:09,10.37,0.0,1,1037,卖盘
618,14:30:57,10.38,0.01,10,10380,买盘
619,14:31:07,10.38,0.0,10,10380,买盘
620,14:31:25,10.38,0.0,94,97572,买盘
621,14:31:28,10.37,-0.01,31,32147,卖盘
622,14:31:43,10.38,0.01,10,10380,买盘
623,14:31:49,10.38,0.0,20,20760,买盘
624,14:32:04,10.38,0.0,159,165042,买盘
625,14:32:15,10.39,0.01,2,2078,买盘
626,14:32:22,10.39,0.0,2,2078,买盘
627,14:32:34,10.4,0.01,9,9360,买盘
628,14:33:52,10.39,-0.01,26,27036,卖盘
629,14:34:19,10.4,0.01,3,3120,买盘
630,14:34:46,10.41,0.01,10,10408,买盘
631,14:34:55,10.41,0.0,10,10410,买盘
632,14:35:01,10.42,0.01,18,18756,买盘
633,14:35:19,10.41,-0.01,4,4164,卖盘
634,14:35:24,10.41,0.0,12,12492,卖盘
635,14:35:46,10.42,0.01,6,6252,买盘
636,14:36:07,10.42,0.0,13,13546,买盘
637,14:36:18,10.41,-0.01,28,29148,卖盘
638,14:36:24,10.41,0.0,1,1041,卖盘
639,14:36:34,10.42,0.01,1,1042,买盘
640,14:36:52,10.42,0.0,2,2084,买盘
641,14:37:31,10.43,0.01,81,84417,买盘
642,14:37:54,10.42,-0.01,2,2084,卖盘
643,14:38:43,10.42,0.0,38,39596,卖盘
644,14:39:13,10.41,-0.01,11,11451,卖盘
645,14:39:36,10.41,0.0,23,23943,卖盘
646,14:40:42,10.4,-0.01,1,1040,卖盘
647,14:41:25,10.4,0.0,96,99840,卖盘
648,14:41:52,10.39,-0.01,1,1039,卖盘
649,14:42:54,10.39,0.0,11,11429,卖盘
650,14:44:16,10.39,0.0,3,3117,卖盘
651,14:44:19,10.39,0.0,10,10390,卖盘
652,14:44:55,10.4,0.01,2,2080,买盘
653,14:44:58,10.39,-0.01,16,16624,卖盘
654,14:45:00,10.38,-0.01,1,1038,卖盘
655,14:45:21,10.38,0.0,52,53976,卖盘
656,14:45:40,10.38,0.0,32,33216,买盘
657,14:46:10,10.39,0.01,16,16624,买盘
658,14:46:21,10.4,0.01,3,3120,买盘
659,14:46:52,10.39,-0.01,2,2078,卖盘
660,14:46:58,10.4,0.01,7,7280,买盘
661,14:47:10,10.4,0.0,89,92560,买盘
662,14:47:25,10.4,0.0,6,6240,买盘
663,14:47:43,10.4,0.0,41,42640,买盘
664,14:47:52,10.4,0.0,2,2080,买盘
665,14:48:06,10.4,0.0,16,16640,买盘
666,14:48:10,10.4,0.0,69,71760,买盘
667,14:48:15,10.41,0.01,11,11451,买盘
668,14:48:19,10.41,0.0,10,10410,买盘
669,14:48:42,10.41,0.0,1,1041,买盘
670,14:49:04,10.41,0.0,19,19779,买盘
671,14:49:13,10.4,-0.01,30,31212,卖盘
672,14:49:28,10.42,0.02,25,26050,买盘
673,14:49:52,10.43,0.01,12,12516,买盘
674,14:49:55,10.42,-0.01,15,15630,卖盘
675,14:50:09,10.42,0.0,67,69814,买盘
676,14:50:36,10.42,0.0,10,10420,卖盘
677,14:50:45,10.43,0.01,1,1043,买盘
678,14:50:52,10.42,-0.01,120,125040,卖盘
679,14:50:55,10.42,0.0,1,1042,卖盘
680,14:51:16,10.43,0.01,11,11472,买盘
681,14:51:37,10.42,-0.01,19,19798,卖盘
682,14:51:58,10.43,0.01,10,10425,买盘
683,14:52:13,10.43,0.0,3,3129,买盘
684,14:52:16,10.43,0.0,20,20860,买盘
685,14:52:25,10.42,-0.01,12,12504,卖盘
686,14:52:28,10.43,0.01,2,2086,买盘
687,14:52:37,10.43,0.0,4,4172,买盘
688,14:52:46,10.43,0.0,2,2086,买盘
689,14:52:52,10.43,0.0,20,20860,买盘
690,14:53:19,10.43,0.0,5,5215,买盘
691,14:53:22,10.43,0.0,182,189826,买盘
692,14:53:25,10.43,0.0,25,26075,买盘
693,14:53:30,10.43,0.0,10,10430,卖盘
694,14:53:34,10.43,0.0,38,39634,卖盘
695,14:53:37,10.43,0.0,2,2086,买盘
696,14:53:52,10.42,-0.01,10,10420,卖盘
697,14:53:55,10.42,0.0,20,20840,卖盘
698,14:53:58,10.43,0.01,10,10430,买盘
699,14:54:00,10.42,-0.01,21,21882,卖盘
700,14:54:06,10.43,0.01,40,41720,买盘
701,14:54:16,10.43,0.0,15,15645,买盘
702,14:54:19,10.42,-0.01,18,18766,卖盘
703,14:54:22,10.43,0.01,39,40672,买盘
704,14:54:28,10.43,0.0,68,70924,买盘
705,14:54:51,10.43,0.0,12,12511,买盘
706,14:54:58,10.43,0.0,10,10430,买盘
707,14:55:01,10.43,0.0,69,71967,买盘
708,14:55:07,10.43,0.0,38,39635,卖盘
709,14:55:10,10.43,0.0,1,1043,买盘
710,14:55:13,10.43,0.0,13,13556,买盘
711,14:55:18,10.43,0.0,2,2086,买盘
712,14:55:25,10.43,0.0,59,61537,卖盘
713,14:55:31,10.44,0.01,31,32364,买盘
714,14:55:34,10.43,-0.01,18,18774,卖盘
715,14:55:40,10.44,0.01,81,84564,买盘
716,14:56:01,10.46,0.02,98,102451,买盘
717,14:56:16,10.45,-0.01,63,65844,卖盘
718,14:56:19,10.44,-0.01,1,1044,卖盘
719,14:56:21,10.45,0.01,3,3135,买盘
720,14:56:25,10.45,0.0,10,10450,买盘
721,14:56:34,10.45,0.0,11,11495,买盘
722,14:56:40,10.45,0.0,32,33440,买盘
723,14:56:51,10.45,0.0,29,30311,卖盘
724,15:00:04,10.45,0.0,339,354255,卖盘
