,time,price,change,volume,amount,type
0,09:25:04,7.65,0.07,442,338130,买盘
1,09:30:04,7.61,-0.04,10,7610,卖盘
2,09:30:07,7.64,0.03,63,48073,买盘
3,09:30:10,7.64,0.0,50,38200,买盘
4,09:30:13,7.62,-0.02,10,7622,卖盘
5,09:30:22,7.64,0.02,14,10696,买盘
6,09:30:27,7.64,0.0,2,1528,买盘
7,09:30:37,7.64,0.0,55,41952,买盘
8,09:30:40,7.62,-0.02,66,50412,卖盘
9,09:30:49,7.64,0.02,60,45840,买盘
10,09:30:52,7.64,0.0,1,764,买盘
11,09:30:55,7.63,-0.01,35,26705,卖盘
12,09:30:58,7.62,-0.01,2,1524,卖盘
13,09:31:07,7.62,0.0,15,11436,卖盘
14,09:31:10,7.62,0.0,14,10668,买盘
15,09:31:16,7.62,0.0,33,25146,买盘
16,09:31:19,7.62,0.0,26,19806,买盘
17,09:31:22,7.62,0.0,3,2286,买盘
18,09:31:25,7.62,0.0,4,3048,买盘
19,09:31:28,7.62,0.0,12,9134,买盘
20,09:31:37,7.62,0.0,4,3048,买盘
21,09:31:40,7.62,0.0,80,60960,买盘
22,09:31:52,7.62,0.0,3,2286,买盘
23,09:31:58,7.62,0.0,2,1524,买盘
24,09:32:07,7.62,0.0,3,2286,买盘
25,09:32:10,7.62,0.0,35,26670,买盘
26,09:32:16,7.62,0.0,1,762,卖盘
27,09:32:19,7.63,0.01,148,112780,买盘
28,09:32:22,7.62,-0.01,5,3813,中性盘
29,09:32:25,7.63,0.01,214,163282,买盘
30,09:32:31,7.63,0.0,75,57290,卖盘
31,09:32:34,7.64,0.01,152,116004,买盘
32,09:32:39,7.62,-0.02,100,76209,卖盘
33,09:32:43,7.65,0.03,289,221083,买盘
34,09:32:49,7.65,0.0,9,6885,卖盘
35,09:32:52,7.64,-0.01,100,76416,卖盘
36,09:32:55,7.66,0.02,12,9192,买盘
37,09:32:58,7.66,0.0,15,11490,卖盘
38,09:33:01,7.68,0.02,329,251715,买盘
39,09:33:05,7.68,0.0,46,35254,买盘
40,09:33:07,7.68,0.0,100,76800,卖盘
41,09:33:10,7.68,0.0,210,160952,卖盘
42,09:33:13,7.69,0.01,318,244343,买盘
43,09:33:16,7.66,-0.03,35,26810,卖盘
44,09:33:25,7.67,0.01,13,9971,买盘
45,09:33:34,7.68,0.01,60,46080,买盘
46,09:33:40,7.68,0.0,20,15360,卖盘
47,09:33:43,7.7,0.02,500,384861,买盘
48,09:33:45,7.7,0.0,502,386538,买盘
49,09:33:49,7.7,0.0,24,18480,买盘
50,09:33:52,7.7,0.0,9,6930,买盘
51,09:34:01,7.72,0.02,66,50952,买盘
52,09:34:04,7.73,0.01,59,45596,买盘
53,09:34:10,7.73,0.0,52,40191,卖盘
54,09:34:12,7.73,0.0,3,2319,买盘
55,09:34:16,7.73,0.0,68,52564,买盘
56,09:34:19,7.73,0.0,73,56429,买盘
57,09:34:22,7.73,0.0,353,273010,买盘
58,09:34:25,7.74,0.01,155,119816,买盘
59,09:34:28,7.73,-0.01,15,11595,买盘
60,09:34:31,7.73,0.0,56,43236,卖盘
61,09:34:33,7.73,0.0,26,20098,买盘
62,09:34:37,7.75,0.02,74,57290,买盘
63,09:34:43,7.73,-0.02,21,16241,卖盘
64,09:34:46,7.74,0.01,36,27840,买盘
65,09:34:49,7.73,-0.01,80,61890,卖盘
66,09:34:52,7.73,0.0,339,262047,买盘
67,09:34:55,7.75,0.02,206,159516,买盘
68,09:34:58,7.73,-0.02,2,1546,中性盘
69,09:35:01,7.74,0.01,63,48762,卖盘
70,09:35:05,7.74,0.0,70,54188,买盘
71,09:35:07,7.74,0.0,4,3096,买盘
72,09:35:10,7.73,-0.01,13,10059,卖盘
73,09:35:13,7.74,0.01,71,54954,买盘
74,09:35:16,7.71,-0.03,106,81920,卖盘
75,09:35:18,7.73,0.02,8,6184,买盘
76,09:35:22,7.73,0.0,71,54938,买盘
77,09:35:25,7.71,-0.02,6,4626,卖盘
78,09:35:28,7.73,0.02,8,6184,买盘
79,09:35:31,7.72,-0.01,1,772,卖盘
80,09:35:34,7.71,-0.01,25,19293,卖盘
81,09:35:36,7.73,0.02,20,15426,买盘
82,09:35:40,7.72,-0.01,69,53327,卖盘
83,09:35:43,7.71,-0.01,10,7710,卖盘
84,09:35:46,7.71,0.0,74,57075,卖盘
85,09:35:49,7.71,0.0,94,72506,卖盘
86,09:35:51,7.7,-0.01,109,84039,卖盘
87,09:35:58,7.7,0.0,50,38502,卖盘
88,09:36:01,7.71,0.01,73,56277,买盘
89,09:36:04,7.71,0.0,12,9252,卖盘
90,09:36:07,7.7,-0.01,21,16170,卖盘
91,09:36:13,7.7,0.0,9,6930,买盘
92,09:36:15,7.7,0.0,139,107060,卖盘
93,09:36:19,7.7,0.0,25,19250,买盘
94,09:36:25,7.69,-0.01,203,156233,卖盘
95,09:36:28,7.69,0.0,60,46179,卖盘
96,09:36:30,7.69,0.0,134,103046,卖盘
97,09:36:34,7.69,0.0,86,66134,买盘
98,09:36:37,7.69,0.0,20,15380,买盘
99,09:36:46,7.68,-0.01,30,23060,卖盘
100,09:36:48,7.68,0.0,26,19968,卖盘
101,09:36:52,7.68,0.0,137,105216,买盘
102,09:36:58,7.68,0.0,30,23040,买盘
103,09:37:00,7.68,0.0,11,8448,买盘
104,09:37:04,7.68,0.0,38,29180,买盘
105,09:37:10,7.68,0.0,4,3072,买盘
106,09:37:25,7.66,-0.02,86,65910,卖盘
107,09:37:28,7.61,-0.05,79,60296,卖盘
108,09:37:34,7.68,0.07,32,24576,买盘
109,09:37:43,7.61,-0.07,109,83135,卖盘
110,09:37:48,7.68,0.07,24,18432,买盘
111,09:37:52,7.68,0.0,1,768,卖盘
112,09:37:55,7.68,0.0,2,1536,卖盘
113,09:37:58,7.68,0.0,9,6914,卖盘
114,09:38:01,7.68,0.0,3,2304,买盘
115,09:38:07,7.66,-0.02,3,2298,买盘
116,09:38:10,7.66,0.0,1,766,买盘
117,09:38:13,7.66,0.0,3,2298,买盘
118,09:38:16,7.66,0.0,3,2298,买盘
119,09:38:21,7.65,-0.01,7,5355,卖盘
120,09:38:36,7.64,-0.01,40,30560,卖盘
121,09:38:40,7.65,0.01,23,17595,买盘
122,09:38:43,7.64,-0.01,6,4584,卖盘
123,09:38:46,7.64,0.0,18,13752,卖盘
124,09:38:55,7.63,-0.01,14,10682,卖盘
125,09:39:01,7.63,0.0,10,7630,卖盘
126,09:39:06,7.63,0.0,4,3052,卖盘
127,09:39:13,7.63,0.0,40,30520,卖盘
128,09:39:16,7.63,0.0,1,763,卖盘
129,09:39:19,7.64,0.01,2,1528,买盘
130,09:39:24,7.6,-0.04,313,238218,卖盘
131,09:39:28,7.6,0.0,2,1520,买盘
132,09:39:30,7.6,0.0,5,3800,买盘
133,09:39:34,7.6,0.0,12,9120,买盘
134,09:39:36,7.6,0.0,4,3040,买盘
135,09:39:40,7.6,0.0,81,61560,买盘
136,09:39:43,7.6,0.0,297,225720,买盘
137,09:39:46,7.6,0.0,286,217360,买盘
138,09:39:55,7.63,0.03,2,1526,中性盘
139,09:40:01,7.65,0.02,4,3059,买盘
140,09:40:04,7.65,0.0,6,4590,买盘
141,09:40:10,7.64,-0.01,91,69559,卖盘
142,09:40:13,7.64,0.0,78,59592,买盘
143,09:40:15,7.64,0.0,8,6112,买盘
144,09:40:21,7.65,0.01,1,765,卖盘
145,09:40:24,7.65,0.0,1,765,卖盘
146,09:40:28,7.66,0.01,10,7660,买盘
147,09:40:31,7.66,0.0,8,6128,买盘
148,09:40:43,7.66,0.0,17,13022,买盘
149,09:40:49,7.66,0.0,35,26810,卖盘
150,09:41:12,7.67,0.01,23,17623,买盘
151,09:41:19,7.66,-0.01,20,15320,买盘
152,09:41:22,7.65,-0.01,25,19125,卖盘
153,09:41:25,7.65,0.0,48,36731,卖盘
154,09:41:28,7.65,0.0,3,2295,买盘
155,09:41:36,7.65,0.0,50,38250,买盘
156,09:41:43,7.66,0.01,103,78820,买盘
157,09:41:49,7.62,-0.04,79,60250,卖盘
158,09:41:52,7.63,0.01,2,1526,中性盘
159,09:41:55,7.63,0.0,16,12208,买盘
160,09:42:04,7.63,0.0,1,763,买盘
161,09:42:07,7.63,0.0,31,23653,买盘
162,09:42:10,7.63,0.0,50,38150,卖盘
163,09:42:21,7.65,0.02,2,1530,买盘
164,09:42:43,7.65,0.0,2,1530,买盘
165,09:42:49,7.64,-0.01,23,17572,卖盘
166,09:42:52,7.65,0.01,15,11475,买盘
167,09:42:54,7.64,-0.01,15,11460,卖盘
168,09:42:57,7.64,0.0,14,10696,买盘
169,09:43:01,7.64,0.0,10,7640,买盘
170,09:43:15,7.63,-0.01,360,274680,卖盘
171,09:43:18,7.63,0.0,4,3052,买盘
172,09:43:21,7.64,0.01,52,39678,买盘
173,09:43:28,7.64,0.0,10,7636,买盘
174,09:43:33,7.62,-0.02,49,37338,卖盘
175,09:43:37,7.62,0.0,3,2286,卖盘
176,09:43:48,7.62,0.0,152,115858,卖盘
177,09:43:51,7.62,0.0,46,35052,买盘
178,09:43:54,7.62,0.0,10,7620,买盘
179,09:43:58,7.61,-0.01,13,9893,卖盘
180,09:44:00,7.62,0.01,3,2286,买盘
181,09:44:10,7.61,-0.01,205,156069,卖盘
182,09:44:12,7.61,0.0,10,7610,买盘
183,09:44:16,7.61,0.0,174,132414,买盘
184,09:44:18,7.62,0.01,5,3806,买盘
185,09:44:25,7.62,0.0,31,23612,买盘
186,09:44:28,7.61,-0.01,3,2285,卖盘
187,09:44:46,7.61,0.0,70,53270,卖盘
188,09:44:58,7.62,0.01,22,16747,买盘
189,09:45:07,7.62,0.0,5,3810,买盘
190,09:45:22,7.6,-0.02,160,121657,卖盘
191,09:45:28,7.61,0.01,4,3044,卖盘
192,09:45:31,7.61,0.0,9,6849,买盘
193,09:45:43,7.61,0.0,52,39572,买盘
194,09:45:46,7.6,-0.01,13,9880,卖盘
195,09:45:55,7.6,0.0,2,1520,卖盘
196,09:46:04,7.6,0.0,14,10640,卖盘
197,09:46:06,7.6,0.0,64,48640,卖盘
198,09:46:13,7.6,0.0,10,7601,卖盘
199,09:46:18,7.6,0.0,6,4560,买盘
200,09:46:24,7.6,0.0,5,3800,买盘
201,09:46:28,7.6,0.0,10,7600,买盘
202,09:46:40,7.6,0.0,15,11400,买盘
203,09:46:55,7.59,-0.01,43,32637,卖盘
204,09:46:57,7.59,0.0,25,18975,卖盘
205,09:47:22,7.6,0.01,5,3800,买盘
206,09:47:34,7.6,0.0,92,69915,买盘
207,09:47:40,7.6,0.0,2,1520,买盘
208,09:47:45,7.6,0.0,2,1520,买盘
209,09:47:49,7.6,0.0,14,10640,买盘
210,09:47:54,7.59,-0.01,250,189777,卖盘
211,09:48:04,7.6,0.01,5,3800,买盘
212,09:48:12,7.61,0.01,65,49460,买盘
213,09:48:18,7.6,-0.01,122,92720,卖盘
214,09:48:21,7.6,0.0,7,5320,买盘
215,09:48:40,7.6,0.0,17,12920,买盘
216,09:48:43,7.6,0.0,8,6080,买盘
217,09:48:55,7.6,0.0,30,22800,买盘
218,09:48:58,7.6,0.0,3,2280,买盘
219,09:49:10,7.61,0.01,40,30412,买盘
220,09:49:21,7.59,-0.02,100,75936,卖盘
221,09:49:37,7.6,0.01,61,46360,卖盘
222,09:49:42,7.6,0.0,2,1520,买盘
223,09:49:46,7.6,0.0,5,3800,买盘
224,09:50:01,7.61,0.01,325,247325,买盘
225,09:50:07,7.62,0.01,7,5334,买盘
226,09:50:25,7.64,0.02,2,1528,买盘
227,09:50:37,7.63,-0.01,1,763,卖盘
228,09:50:40,7.64,0.01,5,3820,买盘
229,09:50:51,7.64,0.0,1,764,买盘
230,09:51:09,7.65,0.01,41,31357,买盘
231,09:51:12,7.63,-0.02,40,30533,卖盘
232,09:51:18,7.63,0.0,29,22127,买盘
233,09:51:25,7.65,0.02,26,19848,买盘
234,09:51:45,7.66,0.01,4,3064,卖盘
235,09:51:48,7.67,0.01,10,7670,买盘
236,09:51:51,7.66,-0.01,5,3830,中性盘
237,09:51:58,7.67,0.01,2,1534,买盘
238,09:52:04,7.66,-0.01,13,9958,中性盘
239,09:52:10,7.66,0.0,5,3830,卖盘
240,09:52:13,7.65,-0.01,159,121635,卖盘
241,09:52:19,7.65,0.0,20,15305,卖盘
242,09:52:22,7.66,0.01,1,766,买盘
243,09:52:25,7.66,0.0,10,7660,卖盘
244,09:52:31,7.66,0.0,42,32172,卖盘
245,09:52:34,7.67,0.01,20,15340,买盘
246,09:52:51,7.65,-0.02,134,102510,卖盘
247,09:52:58,7.65,0.0,1,765,买盘
248,09:53:09,7.64,-0.01,1,764,中性盘
249,09:53:31,7.63,-0.01,29,22127,卖盘
250,09:53:39,7.62,-0.01,96,73152,卖盘
251,09:53:46,7.62,0.0,3,2286,买盘
252,09:54:13,7.61,-0.01,13,9893,卖盘
253,09:54:28,7.61,0.0,80,60880,卖盘
254,09:54:40,7.62,0.01,87,66294,卖盘
255,09:54:43,7.61,-0.01,135,102776,卖盘
256,09:54:49,7.62,0.01,2,1524,买盘
257,09:55:01,7.61,-0.01,80,60883,卖盘
258,09:55:18,7.61,0.0,54,41094,卖盘
259,09:55:22,7.61,0.0,4,3044,买盘
260,09:55:49,7.6,-0.01,169,128440,卖盘
261,09:55:52,7.6,0.0,3,2280,买盘
262,09:56:07,7.58,-0.02,411,311850,卖盘
263,09:56:10,7.58,0.0,13,9854,买盘
264,09:56:13,7.58,0.0,306,231948,买盘
265,09:56:16,7.58,0.0,163,123554,买盘
266,09:56:19,7.57,-0.01,192,145401,卖盘
267,09:56:22,7.57,0.0,29,21953,买盘
268,09:56:25,7.57,0.0,9,6813,买盘
269,09:56:28,7.57,0.0,4,3028,买盘
270,09:56:31,7.57,0.0,2,1514,买盘
271,09:56:34,7.57,0.0,3,2271,买盘
272,09:56:37,7.57,0.0,20,15140,买盘
273,09:56:40,7.56,-0.01,24,18155,卖盘
274,09:56:43,7.57,0.01,5,3785,买盘
275,09:56:45,7.57,0.0,5,3785,卖盘
276,09:56:48,7.58,0.01,7,5300,买盘
277,09:56:54,7.57,-0.01,15,11355,卖盘
278,09:56:58,7.57,0.0,38,28766,卖盘
279,09:57:01,7.57,0.0,2,1514,买盘
280,09:57:10,7.57,0.0,63,47712,卖盘
281,09:57:12,7.58,0.01,2,1516,买盘
282,09:57:19,7.58,0.0,13,9854,买盘
283,09:57:25,7.57,-0.01,13,9841,卖盘
284,09:57:31,7.58,0.01,5,3790,买盘
285,09:57:37,7.58,0.0,1,758,买盘
286,09:57:49,7.58,0.0,5,3790,买盘
287,09:58:04,7.57,-0.01,100,75700,卖盘
288,09:58:06,7.58,0.01,42,31836,买盘
289,09:58:16,7.58,0.0,40,30320,买盘
290,09:58:19,7.58,0.0,16,12128,买盘
291,09:58:25,7.56,-0.02,300,227086,卖盘
292,09:58:27,7.58,0.02,5,3790,中性盘
293,09:58:37,7.56,-0.02,50,37800,卖盘
294,09:58:49,7.57,0.01,3,2271,卖盘
295,09:58:52,7.57,0.0,3,2271,买盘
296,09:59:00,7.57,0.0,7,5299,买盘
297,09:59:03,7.58,0.01,22,16669,买盘
298,09:59:19,7.57,-0.01,5,3785,卖盘
299,09:59:24,7.58,0.01,11,8337,买盘
300,09:59:27,7.57,-0.01,3,2273,卖盘
301,09:59:42,7.57,0.0,5,3785,卖盘
302,09:59:48,7.57,0.0,36,27254,卖盘
303,09:59:52,7.58,0.01,10,7580,买盘
304,10:00:01,7.58,0.0,5,3790,买盘
305,10:00:04,7.57,-0.01,4,3028,卖盘
306,10:00:07,7.58,0.01,5,3790,买盘
307,10:00:22,7.57,-0.01,39,29523,卖盘
308,10:00:27,7.58,0.01,10,7580,买盘
309,10:00:34,7.57,-0.01,60,45420,卖盘
310,10:00:39,7.58,0.01,10,7580,买盘
311,10:00:48,7.57,-0.01,37,28009,卖盘
312,10:00:52,7.58,0.01,1,758,买盘
313,10:00:58,7.57,-0.01,20,15140,卖盘
314,10:01:19,7.57,0.0,67,50945,卖盘
315,10:01:28,7.58,0.01,10,7580,卖盘
316,10:01:40,7.58,0.0,3,2274,卖盘
317,10:02:04,7.59,0.01,14,10626,卖盘
318,10:02:10,7.61,0.02,56,42580,买盘
319,10:02:24,7.58,-0.03,24,18207,卖盘
320,10:02:39,7.6,0.02,3,2280,买盘
321,10:02:52,7.58,-0.02,13,9854,卖盘
322,10:03:24,7.6,0.02,15,11400,买盘
323,10:03:37,7.6,0.0,14,10640,买盘
324,10:03:46,7.6,0.0,38,28880,卖盘
325,10:04:00,7.6,0.0,26,19760,卖盘
326,10:04:07,7.61,0.01,3,2283,买盘
327,10:04:10,7.6,-0.01,18,13680,卖盘
328,10:04:13,7.6,0.0,1,760,买盘
329,10:04:25,7.6,0.0,24,18240,买盘
330,10:04:37,7.6,0.0,10,7600,卖盘
331,10:05:06,7.6,0.0,5,3800,卖盘
332,10:05:24,7.6,0.0,2,1520,卖盘
333,10:05:34,7.6,0.0,10,7600,卖盘
334,10:05:51,7.6,0.0,8,6080,卖盘
335,10:06:25,7.61,0.01,5,3805,买盘
336,10:06:37,7.6,-0.01,10,7600,卖盘
337,10:06:55,7.6,0.0,88,66880,卖盘
338,10:07:16,7.6,0.0,7,5320,卖盘
339,10:07:25,7.6,0.0,5,3800,卖盘
340,10:07:31,7.59,-0.01,38,28842,卖盘
341,10:07:46,7.58,-0.01,9,6822,卖盘
342,10:07:51,7.58,0.0,99,75042,卖盘
343,10:07:54,7.58,0.0,10,7580,卖盘
344,10:08:01,7.58,0.0,3,2274,买盘
345,10:08:07,7.58,0.0,6,4548,买盘
346,10:08:16,7.58,0.0,62,46966,买盘
347,10:08:22,7.58,0.0,20,15160,买盘
348,10:08:51,7.57,-0.01,9,6813,卖盘
349,10:08:55,7.56,-0.01,40,30241,卖盘
350,10:09:58,7.58,0.02,15,11370,买盘
351,10:10:04,7.58,0.0,35,26530,买盘
352,10:10:19,7.58,0.0,35,26530,卖盘
353,10:10:24,7.57,-0.01,26,19683,卖盘
354,10:10:31,7.56,-0.01,26,19676,卖盘
355,10:10:58,7.58,0.02,25,18950,买盘
356,10:11:00,7.58,0.0,17,12886,买盘
357,10:11:03,7.58,0.0,8,6064,买盘
358,10:11:22,7.58,0.0,21,15918,卖盘
359,10:11:31,7.58,0.0,39,29562,买盘
360,10:11:43,7.58,0.0,4,3032,卖盘
361,10:11:51,7.58,0.0,29,21982,买盘
362,10:11:55,7.58,0.0,7,5306,买盘
363,10:11:58,7.58,0.0,4,3032,买盘
364,10:12:01,7.58,0.0,56,42448,买盘
365,10:12:24,7.58,0.0,6,4548,卖盘
366,10:12:39,7.58,0.0,31,23499,卖盘
367,10:12:46,7.58,0.0,2,1516,买盘
368,10:12:55,7.58,0.0,10,7580,买盘
369,10:13:07,7.58,0.0,11,8338,买盘
370,10:13:28,7.58,0.0,13,9853,买盘
371,10:13:42,7.58,0.0,6,4548,买盘
372,10:13:55,7.58,0.0,3,2274,买盘
373,10:14:04,7.58,0.0,20,15160,买盘
374,10:14:07,7.58,0.0,6,4548,买盘
375,10:14:10,7.58,0.0,2,1516,买盘
376,10:14:13,7.57,-0.01,212,160486,卖盘
377,10:14:16,7.57,0.0,10,7570,买盘
378,10:14:28,7.57,0.0,30,22710,买盘
379,10:14:33,7.6,0.03,50,37986,买盘
380,10:14:51,7.57,-0.03,10,7570,卖盘
381,10:15:10,7.6,0.03,60,45600,买盘
382,10:15:22,7.58,-0.02,5,3793,卖盘
383,10:15:34,7.59,0.01,11,8349,卖盘
384,10:15:37,7.59,0.0,9,6831,买盘
385,10:15:39,7.58,-0.01,3,2274,卖盘
386,10:15:57,7.58,0.0,7,5306,卖盘
387,10:16:07,7.59,0.01,16,12144,买盘
388,10:16:22,7.58,-0.01,31,23498,卖盘
389,10:16:37,7.58,0.0,26,19708,卖盘
390,10:16:46,7.58,0.0,5,3790,卖盘
391,10:16:49,7.58,0.0,15,11370,买盘
392,10:16:55,7.58,0.0,2,1516,买盘
393,10:16:57,7.57,-0.01,225,170325,卖盘
394,10:17:06,7.57,0.0,6,4542,买盘
395,10:17:19,7.56,-0.01,30,22680,卖盘
396,10:17:25,7.59,0.03,40,30314,买盘
397,10:17:36,7.56,-0.03,30,22680,卖盘
398,10:17:46,7.59,0.03,33,25047,买盘
399,10:17:48,7.59,0.0,1,759,买盘
400,10:18:07,7.59,0.0,5,3795,买盘
401,10:18:13,7.59,0.0,3,2277,买盘
402,10:18:22,7.56,-0.03,41,30996,卖盘
403,10:18:31,7.56,0.0,131,99046,卖盘
404,10:18:58,7.58,0.02,5,3790,买盘
405,10:19:06,7.58,0.0,6,4548,买盘
406,10:19:33,7.58,0.0,2,1516,买盘
407,10:20:07,7.58,0.0,1,758,买盘
408,10:20:10,7.58,0.0,6,4548,买盘
409,10:20:19,7.57,-0.01,5,3785,卖盘
410,10:20:46,7.57,0.0,20,15140,卖盘
411,10:20:58,7.57,0.0,2,1514,卖盘
412,10:21:07,7.57,0.0,41,31037,卖盘
413,10:21:13,7.58,0.01,22,16676,买盘
414,10:21:39,7.58,0.0,7,5306,买盘
415,10:21:43,7.6,0.02,100,75864,买盘
416,10:22:04,7.57,-0.03,15,11360,卖盘
417,10:22:07,7.6,0.03,6,4560,买盘
418,10:22:48,7.59,-0.01,1,759,买盘
419,10:23:07,7.59,0.0,8,6072,买盘
420,10:23:13,7.59,0.0,13,9867,买盘
421,10:23:22,7.59,0.0,27,20493,卖盘
422,10:23:24,7.59,0.0,5,3795,买盘
423,10:23:34,7.58,-0.01,10,7580,卖盘
424,10:23:37,7.58,0.0,60,45480,卖盘
425,10:23:48,7.58,0.0,13,9854,买盘
426,10:24:07,7.58,0.0,5,3790,买盘
427,10:24:13,7.58,0.0,3,2274,买盘
428,10:24:18,7.58,0.0,4,3032,买盘
429,10:24:40,7.58,0.0,3,2274,卖盘
430,10:25:06,7.58,0.0,15,11370,卖盘
431,10:25:46,7.59,0.01,3,2277,卖盘
432,10:25:52,7.6,0.01,1,760,买盘
433,10:25:54,7.58,-0.02,10,7580,卖盘
434,10:26:40,7.58,0.0,41,31078,卖盘
435,10:26:54,7.58,0.0,10,7580,买盘
436,10:27:07,7.58,0.0,5,3790,买盘
437,10:27:09,7.57,-0.01,80,60560,卖盘
438,10:27:49,7.56,-0.01,26,19656,卖盘
439,10:28:04,7.57,0.01,1,757,卖盘
440,10:28:06,7.56,-0.01,30,22683,卖盘
441,10:28:16,7.56,0.0,63,47628,卖盘
442,10:28:18,7.56,0.0,5,3780,卖盘
443,10:28:34,7.56,0.0,21,15876,卖盘
444,10:28:48,7.55,-0.01,200,151008,卖盘
445,10:29:12,7.55,0.0,10,7550,卖盘
446,10:29:16,7.55,0.0,57,43035,卖盘
447,10:29:30,7.54,-0.01,6,4524,卖盘
448,10:29:33,7.55,0.01,10,7550,买盘
449,10:29:54,7.54,-0.01,18,13572,卖盘
450,10:30:13,7.54,0.0,39,29406,卖盘
451,10:30:34,7.54,0.0,1,754,买盘
452,10:30:42,7.54,0.0,14,10556,买盘
453,10:30:55,7.54,0.0,7,5278,买盘
454,10:31:06,7.54,0.0,6,4524,买盘
455,10:31:10,7.53,-0.01,118,88854,卖盘
456,10:31:16,7.52,-0.01,30,22560,卖盘
457,10:31:24,7.52,0.0,11,8272,卖盘
458,10:31:31,7.52,0.0,191,143566,卖盘
459,10:31:46,7.53,0.01,7,5275,卖盘
460,10:31:49,7.53,0.0,1,753,卖盘
461,10:31:52,7.53,0.0,1,753,卖盘
462,10:31:57,7.52,-0.01,30,22570,卖盘
463,10:32:06,7.53,0.01,8,6022,买盘
464,10:32:19,7.53,0.0,2,1506,买盘
465,10:32:22,7.53,0.0,10,7530,买盘
466,10:32:28,7.52,-0.01,31,23312,卖盘
467,10:32:31,7.53,0.01,44,33132,买盘
468,10:32:34,7.53,0.0,72,54216,买盘
469,10:33:04,7.54,0.01,2,1508,买盘
470,10:34:01,7.54,0.0,10,7540,卖盘
471,10:34:06,7.52,-0.02,100,75284,卖盘
472,10:34:22,7.58,0.06,100,75749,买盘
473,10:34:48,7.58,0.0,4,3032,买盘
474,10:34:54,7.58,0.0,33,25014,买盘
475,10:35:07,7.57,-0.01,6,4542,买盘
476,10:35:13,7.57,0.0,4,3028,买盘
477,10:35:25,7.58,0.01,30,22740,买盘
478,10:35:27,7.57,-0.01,2,1514,卖盘
479,10:35:30,7.57,0.0,3,2271,卖盘
480,10:36:06,7.57,0.0,5,3785,买盘
481,10:36:19,7.57,0.0,2,1514,买盘
482,10:36:49,7.57,0.0,3,2271,买盘
483,10:37:04,7.55,-0.02,114,86103,卖盘
484,10:37:07,7.57,0.02,6,4542,买盘
485,10:37:09,7.56,-0.01,2,1512,卖盘
486,10:37:13,7.56,0.0,5,3780,买盘
487,10:37:36,7.55,-0.01,42,31710,卖盘
488,10:38:12,7.55,0.0,21,15855,卖盘
489,10:38:28,7.55,0.0,18,13590,卖盘
490,10:38:49,7.55,0.0,6,4530,卖盘
491,10:38:52,7.55,0.0,3,2265,买盘
492,10:39:00,7.55,0.0,1,755,买盘
493,10:40:04,7.55,0.0,50,37750,卖盘
494,10:40:10,7.56,0.01,42,31752,买盘
495,10:40:45,7.56,0.0,1,756,买盘
496,10:40:55,7.55,-0.01,20,15100,卖盘
497,10:41:22,7.55,0.0,3,2265,卖盘
498,10:41:46,7.55,0.0,11,8305,卖盘
499,10:42:10,7.55,0.0,65,49075,卖盘
500,10:42:12,7.55,0.0,14,10570,卖盘
501,10:42:30,7.55,0.0,30,22650,卖盘
502,10:43:01,7.56,0.01,1,756,买盘
503,10:43:07,7.56,0.0,6,4536,买盘
504,10:43:33,7.56,0.0,13,9828,买盘
505,10:43:40,7.56,0.0,7,5292,买盘
506,10:43:46,7.56,0.0,8,6048,买盘
507,10:43:49,7.56,0.0,24,18144,买盘
508,10:43:51,7.56,0.0,1,756,买盘
509,10:43:55,7.56,0.0,6,4536,买盘
510,10:44:07,7.56,0.0,8,6048,买盘
511,10:44:13,7.54,-0.02,80,60379,卖盘
512,10:44:55,7.55,0.01,14,10570,卖盘
513,10:45:04,7.55,0.0,9,6795,买盘
514,10:45:09,7.55,0.0,5,3775,卖盘
515,10:45:12,7.55,0.0,29,21895,卖盘
516,10:45:16,7.55,0.0,62,46810,卖盘
517,10:45:22,7.54,-0.01,100,75400,卖盘
518,10:45:37,7.55,0.01,56,42280,卖盘
519,10:45:40,7.55,0.0,48,36240,卖盘
520,10:45:49,7.53,-0.02,330,248580,卖盘
521,10:45:58,7.54,0.01,41,30914,卖盘
522,10:46:04,7.54,0.0,1,754,卖盘
523,10:46:13,7.54,0.0,40,30160,卖盘
524,10:46:34,7.54,0.0,1,754,卖盘
525,10:46:46,7.54,0.0,15,11310,卖盘
526,10:46:49,7.54,0.0,3,2262,卖盘
527,10:47:22,7.54,0.0,35,26390,卖盘
528,10:47:34,7.54,0.0,21,15834,买盘
529,10:47:37,7.54,0.0,142,107068,买盘
530,10:47:48,7.54,0.0,2,1508,买盘
531,10:47:55,7.54,0.0,47,35438,买盘
532,10:48:07,7.55,0.01,43,32465,买盘
533,10:48:09,7.55,0.0,7,5285,卖盘
534,10:49:07,7.56,0.01,6,4536,买盘
535,10:49:49,7.56,0.0,11,8316,买盘
536,10:49:57,7.56,0.0,2,1512,买盘
537,10:50:07,7.56,0.0,6,4536,买盘
538,10:50:31,7.56,0.0,3,2268,买盘
539,10:50:37,7.56,0.0,58,43848,买盘
540,10:51:04,7.56,0.0,10,7560,买盘
541,10:52:36,7.56,0.0,8,6048,卖盘
542,10:52:39,7.56,0.0,10,7560,卖盘
543,10:52:54,7.56,0.0,30,22683,卖盘
544,10:53:01,7.56,0.0,31,23436,卖盘
545,10:53:13,7.56,0.0,39,29484,卖盘
546,10:53:25,7.56,0.0,31,23436,买盘
547,10:53:33,7.56,0.0,20,15120,买盘
548,10:53:37,7.56,0.0,6,4536,买盘
549,10:53:43,7.56,0.0,8,6048,买盘
550,10:53:46,7.56,0.0,20,15120,买盘
551,10:53:55,7.56,0.0,2,1512,买盘
552,10:54:07,7.56,0.0,14,10584,买盘
553,10:54:22,7.56,0.0,40,30240,卖盘
554,10:56:42,7.56,0.0,50,37800,卖盘
555,10:57:30,7.56,0.0,16,12096,卖盘
556,10:58:55,7.56,0.0,1,756,卖盘
557,10:59:07,7.57,0.01,6,4542,买盘
558,10:59:33,7.57,0.0,46,34822,买盘
559,10:59:37,7.56,-0.01,3,2268,卖盘
560,10:59:52,7.58,0.02,95,71960,买盘
561,10:59:55,7.58,0.0,17,12871,买盘
562,10:59:58,7.58,0.0,10,7580,买盘
563,11:00:00,7.58,0.0,1,758,买盘
564,11:00:15,7.58,0.0,5,3790,买盘
565,11:00:31,7.58,0.0,61,46238,买盘
566,11:00:45,7.58,0.0,163,123554,卖盘
567,11:00:49,7.58,0.0,9,6822,买盘
568,11:01:58,7.58,0.0,2,1516,买盘
569,11:02:46,7.58,0.0,1,758,买盘
570,11:03:06,7.57,-0.01,10,7570,卖盘
571,11:03:36,7.57,0.0,12,9084,卖盘
572,11:03:52,7.56,-0.01,191,144466,卖盘
573,11:04:25,7.56,0.0,6,4536,卖盘
574,11:04:31,7.56,0.0,29,21924,卖盘
575,11:04:37,7.57,0.01,3,2271,买盘
576,11:04:55,7.56,-0.01,23,17388,卖盘
577,11:04:58,7.57,0.01,36,27252,买盘
578,11:05:10,7.54,-0.03,225,169816,卖盘
579,11:06:01,7.55,0.01,10,7550,卖盘
580,11:06:31,7.57,0.02,4,3028,买盘
581,11:08:42,7.57,0.0,1,757,买盘
582,11:09:01,7.57,0.0,1,757,买盘
583,11:09:06,7.56,-0.01,7,5292,卖盘
584,11:09:22,7.57,0.01,159,120363,买盘
585,11:09:42,7.57,0.0,23,17415,卖盘
586,11:09:58,7.58,0.01,1,758,卖盘
587,11:10:07,7.57,-0.01,7,5299,卖盘
588,11:10:15,7.57,0.0,25,18925,卖盘
589,11:11:10,7.57,0.0,3,2271,卖盘
590,11:12:33,7.58,0.01,3,2274,买盘
591,11:12:40,7.57,-0.01,102,77214,卖盘
592,11:14:07,7.57,0.0,1,757,买盘
593,11:14:19,7.57,0.0,12,9084,买盘
594,11:14:31,7.57,0.0,6,4542,买盘
595,11:14:37,7.57,0.0,60,45420,买盘
596,11:14:40,7.57,0.0,29,21953,买盘
597,11:15:34,7.58,0.01,81,61398,买盘
598,11:15:48,7.58,0.0,21,15918,卖盘
599,11:16:22,7.59,0.01,6,4554,买盘
600,11:16:28,7.59,0.0,4,3036,买盘
601,11:16:43,7.59,0.0,10,7590,买盘
602,11:16:49,7.59,0.0,2,1518,买盘
603,11:16:51,7.59,0.0,7,5313,买盘
604,11:17:10,7.58,-0.01,65,49270,卖盘
605,11:17:21,7.59,0.01,7,5313,买盘
606,11:17:30,7.59,0.0,130,98670,买盘
607,11:17:36,7.59,0.0,60,45540,卖盘
608,11:17:52,7.6,0.01,8,6080,买盘
609,11:18:04,7.59,-0.01,107,81213,卖盘
610,11:18:12,7.59,0.0,6,4554,买盘
611,11:18:25,7.58,-0.01,5,3790,卖盘
612,11:18:34,7.58,0.0,30,22740,卖盘
613,11:18:51,7.59,0.01,123,93357,买盘
614,11:19:39,7.59,0.0,100,75900,卖盘
615,11:19:49,7.59,0.0,2,1518,卖盘
616,11:19:58,7.59,0.0,17,12903,卖盘
617,11:20:28,7.59,0.0,10,7590,买盘
618,11:20:33,7.59,0.0,40,30360,卖盘
619,11:20:40,7.59,0.0,3,2277,卖盘
620,11:20:43,7.59,0.0,1,759,买盘
621,11:20:51,7.58,-0.01,7,5306,卖盘
622,11:20:58,7.58,0.0,6,4548,卖盘
623,11:21:00,7.58,0.0,55,41690,卖盘
624,11:21:15,7.58,0.0,3,2274,卖盘
625,11:21:52,7.57,-0.01,4,3028,卖盘
626,11:23:52,7.57,0.0,15,11355,卖盘
627,11:25:01,7.58,0.01,20,15160,买盘
628,11:25:07,7.58,0.0,10,7580,买盘
629,11:25:21,7.58,0.0,7,5306,买盘
630,11:25:51,7.58,0.0,8,6064,买盘
631,11:25:54,7.58,0.0,2,1516,买盘
632,11:25:57,7.58,0.0,7,5306,买盘
633,11:26:21,7.58,0.0,6,4548,买盘
634,11:26:42,7.58,0.0,2,1516,买盘
635,11:26:52,7.58,0.0,7,5306,买盘
636,11:27:04,7.58,0.0,21,15918,买盘
637,11:27:07,7.59,0.01,3,2277,买盘
638,11:27:21,7.59,0.0,8,6072,买盘
639,11:27:36,7.59,0.0,2,1518,买盘
640,11:27:52,7.59,0.0,6,4554,买盘
641,11:28:13,7.58,-0.01,1,758,卖盘
642,11:28:22,7.59,0.01,11,8349,买盘
643,11:28:33,7.59,0.0,10,7590,买盘
644,11:28:52,7.59,0.0,1,759,买盘
645,11:28:58,7.59,0.0,17,12903,买盘
646,11:29:06,7.59,0.0,17,12903,买盘
647,11:29:22,7.58,-0.01,46,34868,卖盘
648,13:00:07,7.58,0.0,12,9086,买盘
649,13:01:04,7.57,-0.01,5,3785,卖盘
650,13:01:21,7.58,0.01,1,758,买盘
651,13:01:51,7.58,0.0,1,758,买盘
652,13:02:18,7.57,-0.01,44,33308,卖盘
653,13:02:46,7.57,0.0,56,42392,买盘
654,13:02:51,7.58,0.01,1,758,买盘
655,13:02:57,7.57,-0.01,50,37850,卖盘
656,13:03:25,7.58,0.01,33,25014,买盘
657,13:03:33,7.58,0.0,2,1516,买盘
658,13:04:22,7.58,0.0,1,758,买盘
659,13:04:24,7.57,-0.01,56,42392,卖盘
660,13:04:30,7.57,0.0,3,2271,买盘
661,13:05:01,7.56,-0.01,20,15120,卖盘
662,13:05:30,7.56,0.0,9,6804,卖盘
663,13:05:52,7.57,0.01,2,1513,买盘
664,13:06:01,7.57,0.0,20,15140,买盘
665,13:06:15,7.57,0.0,37,27992,买盘
666,13:07:00,7.57,0.0,2,1514,买盘
667,13:07:21,7.57,0.0,1,757,买盘
668,13:07:49,7.56,-0.01,10,7560,卖盘
669,13:08:22,7.57,0.01,1,757,买盘
670,13:08:28,7.56,-0.01,20,15120,卖盘
671,13:08:40,7.56,0.0,19,14364,卖盘
672,13:08:58,7.56,0.0,58,43848,买盘
673,13:09:04,7.55,-0.01,116,87593,卖盘
674,13:09:27,7.56,0.01,3,2268,买盘
675,13:09:39,7.56,0.0,19,14364,买盘
676,13:09:49,7.57,0.01,6,4542,买盘
677,13:10:31,7.57,0.0,2,1514,买盘
678,13:10:43,7.57,0.0,2,1514,买盘
679,13:11:00,7.55,-0.02,21,15855,卖盘
680,13:11:21,7.55,0.0,17,12835,买盘
681,13:11:46,7.54,-0.01,20,15080,卖盘
682,13:11:51,7.55,0.01,72,54360,买盘
683,13:12:04,7.54,-0.01,32,24128,卖盘
684,13:12:12,7.54,0.0,11,8294,卖盘
685,13:12:25,7.54,0.0,15,11312,卖盘
686,13:12:28,7.57,0.03,5,3785,买盘
687,13:12:36,7.54,-0.03,20,15080,卖盘
688,13:12:42,7.54,0.0,38,28652,卖盘
689,13:12:57,7.55,0.01,32,24160,买盘
690,13:13:22,7.55,0.0,6,4530,买盘
691,13:13:58,7.56,0.01,1,756,买盘
692,13:14:49,7.56,0.0,33,24948,买盘
693,13:15:06,7.56,0.0,5,3780,买盘
694,13:15:21,7.55,-0.01,50,37750,卖盘
695,13:15:57,7.55,0.0,18,13590,卖盘
696,13:16:00,7.55,0.0,2,1510,买盘
697,13:16:16,7.55,0.0,3,2265,卖盘
698,13:16:52,7.56,0.01,4,3024,买盘
699,13:16:55,7.56,0.0,2,1512,买盘
700,13:17:24,7.56,0.0,2,1512,买盘
701,13:17:31,7.56,0.0,5,3780,买盘
702,13:17:40,7.56,0.0,59,44574,买盘
703,13:17:46,7.56,0.0,2,1512,买盘
704,13:18:01,7.57,0.01,30,22710,买盘
705,13:18:19,7.58,0.01,21,15908,买盘
706,13:18:28,7.58,0.0,17,12886,买盘
707,13:18:48,7.59,0.01,5,3795,买盘
708,13:18:52,7.59,0.0,2,1518,买盘
709,13:18:58,7.59,0.0,2,1518,卖盘
710,13:19:01,7.59,0.0,1,759,卖盘
711,13:19:04,7.59,0.0,1,759,卖盘
712,13:19:07,7.59,0.0,17,12903,卖盘
713,13:19:28,7.59,0.0,20,15180,买盘
714,13:19:49,7.58,-0.01,42,31836,卖盘
715,13:19:52,7.6,0.02,5,3800,买盘
716,13:19:55,7.59,-0.01,1,759,卖盘
717,13:20:09,7.59,0.0,79,59961,卖盘
718,13:20:40,7.59,0.0,5,3795,买盘
719,13:20:52,7.59,0.0,2,1518,买盘
720,13:21:16,7.59,0.0,2,1518,买盘
721,13:21:18,7.57,-0.02,4,3028,卖盘
722,13:21:24,7.58,0.01,3,2274,卖盘
723,13:21:55,7.56,-0.02,5,3780,卖盘
724,13:22:07,7.59,0.03,1,759,买盘
725,13:22:52,7.57,-0.02,2,1514,中性盘
726,13:24:04,7.59,0.02,50,37950,买盘
727,13:24:21,7.59,0.0,2,1518,买盘
728,13:25:13,7.59,0.0,16,12144,买盘
729,13:25:43,7.59,0.0,1,759,卖盘
730,13:25:52,7.6,0.01,1,760,买盘
731,13:26:10,7.59,-0.01,28,21252,卖盘
732,13:26:27,7.59,0.0,22,16698,卖盘
733,13:26:33,7.59,0.0,2,1518,买盘
734,13:27:01,7.58,-0.01,8,6064,卖盘
735,13:27:04,7.58,0.0,15,11370,卖盘
736,13:27:16,7.57,-0.01,11,8327,卖盘
737,13:27:31,7.57,0.0,2,1514,买盘
738,13:27:49,7.57,0.0,1,757,买盘
739,13:27:55,7.56,-0.01,1,756,卖盘
740,13:28:19,7.56,0.0,1,756,卖盘
741,13:28:22,7.57,0.01,1,757,买盘
742,13:29:07,7.58,0.01,15,11370,买盘
743,13:29:12,7.58,0.0,1,758,买盘
744,13:30:04,7.58,0.0,6,4548,买盘
745,13:30:16,7.57,-0.01,50,37850,卖盘
746,13:31:12,7.57,0.0,25,18925,卖盘
747,13:31:28,7.57,0.0,6,4542,卖盘
748,13:31:52,7.57,0.0,2,1514,买盘
749,13:31:58,7.56,-0.01,50,37800,卖盘
750,13:32:09,7.56,0.0,84,63504,买盘
751,13:33:16,7.56,0.0,4,3024,卖盘
752,13:33:52,7.55,-0.01,94,70970,卖盘
753,13:33:55,7.56,0.01,1,756,买盘
754,13:34:04,7.56,0.0,5,3780,买盘
755,13:34:40,7.55,-0.01,7,5287,卖盘
756,13:34:49,7.56,0.01,5,3780,卖盘
757,13:35:06,7.56,0.0,3,2268,卖盘
758,13:35:40,7.56,0.0,17,12852,买盘
759,13:36:06,7.56,0.0,10,7560,卖盘
760,13:36:51,7.56,0.0,6,4536,卖盘
761,13:37:37,7.54,-0.02,579,437305,卖盘
762,13:37:52,7.53,-0.01,6,4518,卖盘
763,13:37:55,7.53,0.0,1,753,卖盘
764,13:38:07,7.53,0.0,29,21837,卖盘
765,13:38:13,7.53,0.0,3,2259,卖盘
766,13:38:33,7.53,0.0,6,4518,卖盘
767,13:38:42,7.53,0.0,71,53463,卖盘
768,13:39:16,7.53,0.0,20,15060,卖盘
769,13:39:19,7.53,0.0,22,16566,卖盘
770,13:39:52,7.54,0.01,3,2262,买盘
771,13:39:58,7.57,0.03,4,3028,买盘
772,13:40:10,7.54,-0.03,5,3770,卖盘
773,13:40:55,7.55,0.01,5,3775,卖盘
774,13:41:07,7.54,-0.01,30,22620,卖盘
775,13:41:13,7.54,0.0,19,14326,买盘
776,13:42:04,7.55,0.01,5,3775,买盘
777,13:42:18,7.54,-0.01,5,3770,卖盘
778,13:42:28,7.54,0.0,2,1508,买盘
779,13:42:49,7.53,-0.01,4,3012,卖盘
780,13:42:55,7.54,0.01,2,1508,买盘
781,13:43:06,7.53,-0.01,191,143823,卖盘
782,13:43:31,7.52,-0.01,60,45120,卖盘
783,13:44:22,7.52,0.0,1,752,卖盘
784,13:44:34,7.52,0.0,37,27824,卖盘
785,13:44:52,7.52,0.0,10,7520,卖盘
786,13:44:55,7.52,0.0,13,9776,卖盘
787,13:45:04,7.52,0.0,2,1504,卖盘
788,13:45:06,7.54,0.02,2,1508,买盘
789,13:45:10,7.52,-0.02,341,256432,卖盘
790,13:45:18,7.52,0.0,5,3760,买盘
791,13:45:21,7.51,-0.01,15,11265,卖盘
792,13:45:27,7.51,0.0,400,300400,卖盘
793,13:45:33,7.51,0.0,10,7510,卖盘
794,13:45:36,7.52,0.01,32,24064,买盘
795,13:45:40,7.51,-0.01,66,49591,卖盘
796,13:45:46,7.51,0.0,30,22530,卖盘
797,13:45:52,7.51,0.0,45,33795,卖盘
798,13:46:04,7.51,0.0,17,12767,卖盘
799,13:46:06,7.51,0.0,55,41305,卖盘
800,13:46:15,7.51,0.0,17,12767,卖盘
801,13:46:30,7.5,-0.01,282,211500,卖盘
802,13:46:46,7.5,0.0,203,152280,卖盘
803,13:46:51,7.5,0.0,25,18750,卖盘
804,13:47:01,7.5,0.0,15,11250,卖盘
805,13:47:04,7.5,0.0,372,278970,卖盘
806,13:47:07,7.5,0.0,6,4500,买盘
807,13:47:15,7.5,0.0,159,119250,买盘
808,13:47:22,7.49,-0.01,89,66661,卖盘
809,13:47:25,7.49,0.0,5,3745,卖盘
810,13:47:31,7.49,0.0,10,7490,卖盘
811,13:47:37,7.49,0.0,22,16478,卖盘
812,13:47:40,7.5,0.01,5,3750,买盘
813,13:47:46,7.5,0.0,1,750,买盘
814,13:47:49,7.49,-0.01,19,14231,卖盘
815,13:47:55,7.49,0.0,2,1498,买盘
816,13:48:04,7.48,-0.01,14,10472,卖盘
817,13:48:15,7.48,0.0,13,9724,卖盘
818,13:48:22,7.48,0.0,14,10472,卖盘
819,13:48:25,7.48,0.0,25,18700,卖盘
820,13:48:31,7.48,0.0,20,14960,卖盘
821,13:48:43,7.49,0.01,15,11235,买盘
822,13:48:46,7.48,-0.01,8,5989,卖盘
823,13:48:49,7.49,0.01,6,4494,买盘
824,13:49:01,7.48,-0.01,6,4488,卖盘
825,13:49:15,7.49,0.01,20,14980,买盘
826,13:49:18,7.49,0.0,2,1498,买盘
827,13:49:22,7.49,0.0,25,18725,买盘
828,13:49:25,7.48,-0.01,41,30668,卖盘
829,13:49:27,7.49,0.01,5,3745,买盘
830,13:49:37,7.48,-0.01,13,9724,卖盘
831,13:49:39,7.48,0.0,78,58344,卖盘
832,13:49:45,7.48,0.0,7,5236,卖盘
833,13:50:25,7.48,0.0,64,47872,卖盘
834,13:50:43,7.48,0.0,80,59840,买盘
835,13:51:16,7.49,0.01,10,7490,买盘
836,13:51:43,7.49,0.0,10,7490,买盘
837,13:51:46,7.49,0.0,2,1498,买盘
838,13:51:52,7.49,0.0,181,135569,买盘
839,13:51:55,7.49,0.0,39,29211,买盘
840,13:51:58,7.48,-0.01,102,76298,卖盘
841,13:52:01,7.49,0.01,64,47936,买盘
842,13:52:04,7.49,0.0,29,21721,买盘
843,13:52:16,7.49,0.0,50,37450,卖盘
844,13:52:22,7.5,0.01,2,1500,买盘
845,13:52:31,7.5,0.0,1,750,买盘
846,13:52:33,7.5,0.0,4,3030,买盘
847,13:53:19,7.51,0.01,1,751,买盘
848,13:53:43,7.5,-0.01,10,7500,卖盘
849,13:53:55,7.51,0.01,3,2253,买盘
850,13:53:58,7.5,-0.01,10,7500,卖盘
851,13:54:00,7.51,0.01,3,2253,买盘
852,13:55:15,7.49,-0.02,125,93718,卖盘
853,13:55:21,7.5,0.01,1,750,卖盘
854,13:55:31,7.5,0.0,2,1500,买盘
855,13:55:42,7.5,0.0,2,1500,买盘
856,13:56:10,7.49,-0.01,50,37450,卖盘
857,13:56:18,7.49,0.0,15,11235,卖盘
858,13:56:45,7.49,0.0,21,15729,卖盘
859,13:56:54,7.49,0.0,12,8988,卖盘
860,13:57:37,7.5,0.01,5,3750,买盘
861,13:57:52,7.5,0.0,1,750,买盘
862,13:58:04,7.49,-0.01,17,12733,卖盘
863,13:58:27,7.49,0.0,14,10486,卖盘
864,13:58:31,7.49,0.0,8,5962,卖盘
865,13:58:57,7.49,0.0,1,749,买盘
866,13:59:19,7.48,-0.01,8,5984,卖盘
867,13:59:37,7.48,0.0,50,37400,卖盘
868,13:59:40,7.48,0.0,10,7480,卖盘
869,14:00:00,7.48,0.0,52,38896,卖盘
870,14:00:19,7.47,-0.01,75,56025,卖盘
871,14:00:28,7.48,0.01,10,7480,买盘
872,14:00:39,7.48,0.0,3,2244,买盘
873,14:00:52,7.48,0.0,1,748,买盘
874,14:00:58,7.48,0.0,6,4484,买盘
875,14:01:00,7.48,0.0,20,14960,买盘
876,14:01:15,7.48,0.0,1,748,买盘
877,14:01:22,7.48,0.0,3,2244,买盘
878,14:01:25,7.48,0.0,10,7480,买盘
879,14:01:28,7.48,0.0,41,30668,买盘
880,14:01:31,7.48,0.0,1,748,买盘
881,14:01:34,7.48,0.0,21,15708,买盘
882,14:01:36,7.48,0.0,3,2244,买盘
883,14:02:06,7.49,0.01,1,749,卖盘
884,14:02:34,7.5,0.01,50,37500,买盘
885,14:02:37,7.5,0.0,21,15750,买盘
886,14:03:01,7.51,0.01,13,9763,买盘
887,14:03:13,7.51,0.0,59,44363,卖盘
888,14:03:46,7.52,0.01,17,12784,买盘
889,14:03:55,7.53,0.01,16,12048,买盘
890,14:03:58,7.53,0.0,4,3012,买盘
891,14:04:37,7.53,0.0,12,9036,卖盘
892,14:04:43,7.53,0.0,13,9789,卖盘
893,14:04:45,7.53,0.0,2,1506,买盘
894,14:05:48,7.52,-0.01,10,7520,卖盘
895,14:06:13,7.52,0.0,18,13536,卖盘
896,14:06:16,7.52,0.0,2,1504,买盘
897,14:06:25,7.51,-0.01,31,23281,卖盘
898,14:07:04,7.5,-0.01,20,15000,卖盘
899,14:07:10,7.5,0.0,69,51750,卖盘
900,14:07:40,7.5,0.0,14,10500,卖盘
901,14:07:42,7.5,0.0,3,2250,买盘
902,14:08:19,7.5,0.0,2,1500,卖盘
903,14:08:45,7.49,-0.01,26,19474,卖盘
904,14:08:49,7.49,0.0,14,10486,买盘
905,14:08:55,7.49,0.0,38,28462,买盘
906,14:09:10,7.49,0.0,1,749,卖盘
907,14:09:19,7.49,0.0,46,34454,买盘
908,14:09:22,7.49,0.0,5,3745,卖盘
909,14:09:24,7.49,0.0,30,22470,卖盘
910,14:09:31,7.5,0.01,50,37500,买盘
911,14:09:37,7.5,0.0,7,5250,买盘
912,14:09:55,7.5,0.0,19,14250,买盘
913,14:10:07,7.49,-0.01,3,2247,买盘
914,14:10:16,7.49,0.0,7,5243,买盘
915,14:10:31,7.49,0.0,20,14980,卖盘
916,14:10:43,7.5,0.01,24,18000,买盘
917,14:10:55,7.49,-0.01,8,5992,卖盘
918,14:11:00,7.49,0.0,2,1498,买盘
919,14:11:22,7.49,0.0,21,15729,卖盘
920,14:11:28,7.49,0.0,16,11984,买盘
921,14:11:33,7.49,0.0,7,5243,卖盘
922,14:12:13,7.49,0.0,1,749,买盘
923,14:12:16,7.48,-0.01,39,29172,卖盘
924,14:12:27,7.48,0.0,60,44880,卖盘
925,14:12:37,7.48,0.0,69,51612,卖盘
926,14:12:40,7.48,0.0,2,1496,卖盘
927,14:12:48,7.49,0.01,1,749,买盘
928,14:12:55,7.48,-0.01,2,1496,卖盘
929,14:13:16,7.49,0.01,5,3745,买盘
930,14:13:27,7.49,0.0,98,73402,买盘
931,14:13:48,7.49,0.0,30,22470,卖盘
932,14:13:51,7.49,0.0,1,749,买盘
933,14:14:04,7.49,0.0,7,5243,买盘
934,14:14:13,7.49,0.0,1,749,买盘
935,14:14:22,7.49,0.0,1,749,买盘
936,14:14:45,7.49,0.0,29,21721,买盘
937,14:14:52,7.49,0.0,2,1498,买盘
938,14:14:57,7.48,-0.01,29,21692,卖盘
939,14:15:18,7.48,0.0,36,26928,卖盘
940,14:15:28,7.48,0.0,8,5984,卖盘
941,14:15:31,7.48,0.0,16,11968,卖盘
942,14:15:34,7.48,0.0,10,7480,卖盘
943,14:15:39,7.48,0.0,31,23188,卖盘
944,14:15:43,7.48,0.0,3,2244,卖盘
945,14:16:00,7.48,0.0,30,22440,卖盘
946,14:16:15,7.49,0.01,5,3745,买盘
947,14:16:36,7.49,0.0,5,3745,买盘
948,14:16:43,7.49,0.0,160,119821,买盘
949,14:17:00,7.49,0.0,1,749,卖盘
950,14:17:22,7.49,0.0,16,11984,卖盘
951,14:17:28,7.49,0.0,2,1498,买盘
952,14:17:43,7.49,0.0,20,14980,买盘
953,14:18:25,7.5,0.01,120,89990,买盘
954,14:19:31,7.5,0.0,4,3000,买盘
955,14:19:37,7.49,-0.01,3,2247,买盘
956,14:19:43,7.49,0.0,8,5992,买盘
957,14:19:49,7.49,0.0,1,749,买盘
958,14:20:16,7.48,-0.01,30,22440,卖盘
959,14:20:22,7.49,0.01,11,8239,买盘
960,14:20:40,7.49,0.0,3,2247,买盘
961,14:20:55,7.49,0.0,24,17976,买盘
962,14:21:49,7.49,0.0,2,1498,买盘
963,14:21:52,7.49,0.0,23,17227,买盘
964,14:22:37,7.49,0.0,1,749,卖盘
965,14:22:46,7.49,0.0,24,17976,卖盘
966,14:23:40,7.49,0.0,1,749,卖盘
967,14:24:21,7.49,0.0,64,47939,卖盘
968,14:24:46,7.49,0.0,19,14231,买盘
969,14:24:49,7.49,0.0,64,47936,卖盘
970,14:25:21,7.49,0.0,25,18725,卖盘
971,14:25:28,7.49,0.0,1,749,买盘
972,14:26:21,7.49,0.0,20,14980,卖盘
973,14:26:25,7.5,0.01,25,18730,买盘
974,14:26:39,7.5,0.0,2,1500,买盘
975,14:27:04,7.49,-0.01,19,14231,卖盘
976,14:27:07,7.5,0.01,10,7500,买盘
977,14:27:10,7.49,-0.01,21,15729,卖盘
978,14:27:21,7.5,0.01,6,4500,买盘
979,14:27:28,7.5,0.0,2,1500,买盘
980,14:27:31,7.49,-0.01,86,64414,卖盘
981,14:27:48,7.49,0.0,25,18725,买盘
982,14:27:58,7.49,0.0,180,134798,买盘
983,14:28:04,7.48,-0.01,5,3740,卖盘
984,14:28:06,7.48,0.0,21,15708,卖盘
985,14:28:13,7.49,0.01,2,1498,买盘
986,14:28:46,7.48,-0.01,20,14960,卖盘
987,14:28:49,7.48,0.0,21,15708,卖盘
988,14:28:52,7.48,0.0,118,88264,卖盘
989,14:29:04,7.47,-0.01,100,74728,卖盘
990,14:29:06,7.48,0.01,6,4487,买盘
991,14:29:18,7.47,-0.01,18,13446,卖盘
992,14:29:28,7.47,0.0,33,24651,卖盘
993,14:29:52,7.46,-0.01,19,14182,卖盘
994,14:29:55,7.46,0.0,27,20142,卖盘
995,14:30:06,7.46,0.0,50,37300,卖盘
996,14:30:12,7.48,0.02,44,32912,买盘
997,14:30:21,7.48,0.0,56,41888,卖盘
998,14:30:28,7.46,-0.02,84,62664,卖盘
999,14:30:49,7.45,-0.01,300,223591,卖盘
1000,14:31:31,7.46,0.01,30,22380,卖盘
1001,14:31:34,7.45,-0.01,10,7450,卖盘
1002,14:31:42,7.45,0.0,97,72265,卖盘
1003,14:32:45,7.44,-0.01,4,2979,卖盘
1004,14:32:51,7.47,0.03,1,747,买盘
1005,14:33:10,7.47,0.0,5,3735,买盘
1006,14:33:36,7.45,-0.02,6,4470,卖盘
1007,14:33:43,7.47,0.02,20,14940,买盘
1008,14:34:22,7.47,0.0,11,8217,买盘
1009,14:35:19,7.46,-0.01,16,11936,卖盘
1010,14:35:22,7.47,0.01,7,5229,买盘
1011,14:35:43,7.46,-0.01,77,57454,卖盘
1012,14:35:49,7.46,0.0,2,1492,买盘
1013,14:36:04,7.45,-0.01,20,14900,卖盘
1014,14:36:07,7.46,0.01,12,8952,买盘
1015,14:36:16,7.46,0.0,2,1492,卖盘
1016,14:36:25,7.46,0.0,5,3730,买盘
1017,14:36:31,7.46,0.0,2,1492,买盘
1018,14:36:40,7.46,0.0,21,15655,买盘
1019,14:36:55,7.45,-0.01,10,7450,卖盘
1020,14:37:00,7.45,0.0,26,19370,卖盘
1021,14:37:19,7.45,0.0,50,37250,卖盘
1022,14:37:31,7.45,0.0,5,3725,卖盘
1023,14:37:46,7.45,0.0,5,3725,卖盘
1024,14:37:55,7.45,0.0,10,7450,卖盘
1025,14:38:04,7.45,0.0,50,37250,卖盘
1026,14:38:12,7.44,-0.01,143,106415,卖盘
1027,14:38:16,7.44,0.0,10,7440,买盘
1028,14:38:31,7.43,-0.01,10,7430,卖盘
1029,14:38:33,7.43,0.0,114,84802,卖盘
1030,14:38:52,7.43,0.0,92,68356,卖盘
1031,14:38:58,7.43,0.0,7,5201,卖盘
1032,14:39:10,7.41,-0.02,300,222480,卖盘
1033,14:39:22,7.41,0.0,20,14821,卖盘
1034,14:39:28,7.41,0.0,63,46687,卖盘
1035,14:39:31,7.41,0.0,130,96330,卖盘
1036,14:39:34,7.42,0.01,3,2226,中性盘
1037,14:39:37,7.41,-0.01,151,111908,卖盘
1038,14:39:49,7.41,0.0,10,7410,买盘
1039,14:39:55,7.4,-0.01,184,136162,卖盘
1040,14:40:04,7.4,0.0,1,740,卖盘
1041,14:40:10,7.4,0.0,41,30340,卖盘
1042,14:40:13,7.41,0.01,125,92545,买盘
1043,14:40:16,7.4,-0.01,111,82140,卖盘
1044,14:40:31,7.39,-0.01,31,22909,卖盘
1045,14:40:34,7.39,0.0,9,6651,买盘
1046,14:40:40,7.4,0.01,80,59172,买盘
1047,14:40:55,7.38,-0.02,14,10332,卖盘
1048,14:41:07,7.38,0.0,17,12546,卖盘
1049,14:41:10,7.38,0.0,40,29520,卖盘
1050,14:41:16,7.38,0.0,25,18450,卖盘
1051,14:41:19,7.38,0.0,18,13284,卖盘
1052,14:41:25,7.38,0.0,5,3690,买盘
1053,14:41:30,7.38,0.0,51,37638,买盘
1054,14:41:34,7.37,-0.01,26,19162,卖盘
1055,14:41:37,7.38,0.01,26,19170,买盘
1056,14:41:40,7.38,0.0,16,11808,买盘
1057,14:41:43,7.38,0.0,3,2214,买盘
1058,14:41:46,7.37,-0.01,200,147406,卖盘
1059,14:41:49,7.39,0.02,8,5912,买盘
1060,14:41:52,7.39,0.0,6,4434,买盘
1061,14:41:58,7.39,0.0,4,2956,买盘
1062,14:42:00,7.38,-0.01,4,2952,卖盘
1063,14:42:04,7.39,0.01,1,739,买盘
1064,14:42:28,7.38,-0.01,41,30258,卖盘
1065,14:42:33,7.38,0.0,11,8118,买盘
1066,14:42:43,7.38,0.0,8,5901,买盘
1067,14:42:46,7.38,0.0,49,36162,买盘
1068,14:42:52,7.37,-0.01,108,79606,卖盘
1069,14:42:55,7.36,-0.01,132,97223,卖盘
1070,14:43:13,7.35,-0.01,128,94201,卖盘
1071,14:43:19,7.36,0.01,1,736,买盘
1072,14:43:22,7.39,0.03,110,81221,买盘
1073,14:43:55,7.37,-0.02,19,14003,卖盘
1074,14:44:01,7.39,0.02,1,739,买盘
1075,14:44:09,7.39,0.0,1,739,买盘
1076,14:44:13,7.39,0.0,1,739,买盘
1077,14:44:16,7.39,0.0,1,739,买盘
1078,14:44:19,7.39,0.0,1,739,买盘
1079,14:44:21,7.39,0.0,1,739,买盘
1080,14:44:24,7.38,-0.01,13,9595,卖盘
1081,14:44:28,7.39,0.01,3,2217,买盘
1082,14:44:37,7.39,0.0,1,739,买盘
1083,14:44:40,7.39,0.0,1,739,买盘
1084,14:44:43,7.39,0.0,14,10346,买盘
1085,14:44:49,7.39,0.0,3,2218,卖盘
1086,14:44:51,7.39,0.0,6,4434,卖盘
1087,14:44:55,7.4,0.01,118,87320,买盘
1088,14:45:01,7.4,0.0,1,740,买盘
1089,14:45:04,7.4,0.0,5,3700,买盘
1090,14:45:28,7.42,0.02,16,11872,买盘
1091,14:45:34,7.4,-0.02,10,7400,卖盘
1092,14:45:37,7.42,0.02,1,742,中性盘
1093,14:45:40,7.43,0.01,28,20804,买盘
1094,14:45:58,7.43,0.0,23,17089,卖盘
1095,14:46:04,7.43,0.0,60,44580,卖盘
1096,14:46:10,7.43,0.0,23,17094,卖盘
1097,14:46:15,7.43,0.0,55,40865,卖盘
1098,14:46:21,7.43,0.0,27,20061,卖盘
1099,14:46:28,7.43,0.0,20,14860,卖盘
1100,14:46:31,7.43,0.0,9,6687,卖盘
1101,14:46:34,7.43,0.0,50,37150,卖盘
1102,14:46:37,7.43,0.0,36,26748,卖盘
1103,14:46:42,7.43,0.0,52,38636,卖盘
1104,14:46:49,7.42,-0.01,1,742,卖盘
1105,14:46:54,7.43,0.01,1,743,买盘
1106,14:46:57,7.42,-0.01,9,6678,卖盘
1107,14:47:01,7.42,0.0,5,3710,卖盘
1108,14:47:10,7.42,0.0,19,14098,卖盘
1109,14:47:43,7.4,-0.02,76,56258,卖盘
1110,14:47:49,7.44,0.04,140,104070,买盘
1111,14:47:55,7.4,-0.04,18,13320,卖盘
1112,14:48:19,7.42,0.02,7,5194,卖盘
1113,14:48:22,7.42,0.0,1,742,买盘
1114,14:49:16,7.41,-0.01,50,37050,卖盘
1115,14:49:19,7.41,0.0,13,9633,卖盘
1116,14:49:28,7.41,0.0,29,21489,卖盘
1117,14:49:37,7.41,0.0,2,1482,买盘
1118,14:49:43,7.41,0.0,8,5928,买盘
1119,14:49:49,7.41,0.0,3,2223,买盘
1120,14:49:58,7.41,0.0,30,22230,卖盘
1121,14:50:04,7.41,0.0,10,7410,卖盘
1122,14:50:19,7.41,0.0,8,5928,卖盘
1123,14:50:22,7.4,-0.01,193,142836,卖盘
1124,14:50:24,7.4,0.0,7,5180,买盘
1125,14:50:46,7.4,0.0,1,740,卖盘
1126,14:50:52,7.4,0.0,21,15540,卖盘
1127,14:50:55,7.4,0.0,24,17760,卖盘
1128,14:51:00,7.42,0.02,3,2226,买盘
1129,14:51:07,7.41,-0.01,2,1482,买盘
1130,14:51:10,7.41,0.0,20,14820,卖盘
1131,14:51:13,7.42,0.01,1,742,买盘
1132,14:51:22,7.42,0.0,27,20034,买盘
1133,14:51:25,7.41,-0.01,68,50388,卖盘
1134,14:51:28,7.41,0.0,43,31863,买盘
1135,14:51:43,7.41,0.0,26,19266,买盘
1136,14:51:49,7.41,0.0,37,27417,买盘
1137,14:51:52,7.41,0.0,278,205998,买盘
1138,14:52:19,7.42,0.01,4,2968,买盘
1139,14:52:22,7.42,0.0,3,2226,买盘
1140,14:52:25,7.41,-0.01,10,7418,卖盘
1141,14:52:28,7.42,0.01,67,49714,买盘
1142,14:52:49,7.42,0.0,5,3710,卖盘
1143,14:52:52,7.42,0.0,5,3710,卖盘
1144,14:53:00,7.43,0.01,36,26748,买盘
1145,14:53:04,7.42,-0.01,67,49740,卖盘
1146,14:53:22,7.42,0.0,5,3710,卖盘
1147,14:53:31,7.42,0.0,107,79450,卖盘
1148,14:53:46,7.42,0.0,54,40068,卖盘
1149,14:53:58,7.43,0.01,36,26748,卖盘
1150,14:54:19,7.43,0.0,30,22290,卖盘
1151,14:54:25,7.43,0.0,58,43094,卖盘
1152,14:54:28,7.43,0.0,2,1486,买盘
1153,14:54:34,7.42,-0.01,157,116556,卖盘
1154,14:54:37,7.43,0.01,1,743,买盘
1155,14:54:40,7.43,0.0,1,743,买盘
1156,14:54:49,7.42,-0.01,15,11130,卖盘
1157,14:54:55,7.43,0.01,11,8173,买盘
1158,14:55:04,7.43,0.0,20,14860,卖盘
1159,14:55:07,7.43,0.0,1,743,卖盘
1160,14:55:10,7.43,0.0,4,2972,卖盘
1161,14:55:13,7.44,0.01,106,78864,买盘
1162,14:55:19,7.45,0.01,1,745,买盘
1163,14:55:22,7.45,0.0,26,19370,买盘
1164,14:55:28,7.44,-0.01,6,4464,卖盘
1165,14:55:31,7.44,0.0,79,58776,卖盘
1166,14:55:40,7.44,0.0,22,16368,卖盘
1167,14:55:46,7.44,0.0,40,29760,卖盘
1168,14:55:52,7.45,0.01,3,2233,买盘
1169,14:55:58,7.45,0.0,31,23095,买盘
1170,14:56:07,7.45,0.0,25,18625,买盘
1171,14:56:16,7.45,0.0,35,26075,买盘
1172,14:56:25,7.45,0.0,102,75990,买盘
1173,14:56:28,7.44,-0.01,6,4464,卖盘
1174,14:56:34,7.45,0.01,84,62520,买盘
1175,14:56:37,7.45,0.0,10,7450,买盘
1176,14:56:40,7.45,0.0,3,2235,买盘
1177,14:56:43,7.44,-0.01,33,24556,卖盘
1178,14:56:46,7.45,0.01,1,745,买盘
1179,14:56:49,7.44,-0.01,10,7440,卖盘
1180,14:56:52,7.44,0.0,9,6697,卖盘
1181,14:56:55,7.44,0.0,26,19369,卖盘
1182,15:00:04,7.44,0.0,704,523776,卖盘
