,time,price,change,volume,amount,type
0,09:25:04,7.46,-0.06,697,519962,买盘
1,09:30:04,7.46,0.0,266,198436,卖盘
2,09:30:07,7.49,0.03,238,178249,卖盘
3,09:30:10,7.51,0.02,99,74271,买盘
4,09:30:13,7.49,-0.02,43,32207,卖盘
5,09:30:15,7.51,0.02,20,15020,买盘
6,09:30:22,7.5,-0.01,109,81764,卖盘
7,09:30:24,7.5,0.0,11,8250,买盘
8,09:30:28,7.5,0.0,128,95965,买盘
9,09:30:31,7.49,-0.01,33,24727,卖盘
10,09:30:34,7.5,0.01,63,47249,买盘
11,09:30:37,7.49,-0.01,130,97375,卖盘
12,09:30:40,7.49,0.0,62,46459,卖盘
13,09:30:46,7.49,0.0,78,58422,买盘
14,09:30:49,7.49,0.0,15,11235,买盘
15,09:30:52,7.49,0.0,323,241727,买盘
16,09:30:55,7.49,0.0,142,106302,买盘
17,09:30:58,7.49,0.0,28,20954,买盘
18,09:31:01,7.48,-0.01,48,35935,卖盘
19,09:31:04,7.48,0.0,37,27677,卖盘
20,09:31:07,7.49,0.01,33,24717,卖盘
21,09:31:13,7.5,0.01,3,2250,买盘
22,09:31:16,7.49,-0.01,19,14231,卖盘
23,09:31:19,7.5,0.01,156,116897,买盘
24,09:31:22,7.5,0.0,18,13494,买盘
25,09:31:25,7.5,0.0,382,286500,买盘
26,09:31:28,7.5,0.0,164,122861,买盘
27,09:31:31,7.5,0.0,2,1500,买盘
28,09:31:34,7.49,-0.01,24,17994,卖盘
29,09:31:37,7.51,0.02,128,96034,买盘
30,09:31:39,7.49,-0.02,117,87650,卖盘
31,09:31:43,7.51,0.02,1,751,买盘
32,09:31:51,7.51,0.0,51,38281,卖盘
33,09:31:55,7.52,0.01,74,55648,买盘
34,09:31:57,7.52,0.0,24,18048,买盘
35,09:32:01,7.52,0.0,1,752,卖盘
36,09:32:04,7.52,0.0,1,752,卖盘
37,09:32:10,7.55,0.03,34,25574,中性盘
38,09:32:13,7.52,-0.03,79,59480,卖盘
39,09:32:15,7.52,0.0,36,27072,买盘
40,09:32:22,7.52,0.0,19,14288,买盘
41,09:32:25,7.51,-0.01,143,107444,卖盘
42,09:32:27,7.51,0.0,67,50317,买盘
43,09:32:30,7.51,0.0,10,7510,买盘
44,09:32:34,7.5,-0.01,116,87077,卖盘
45,09:32:37,7.5,0.0,64,48000,卖盘
46,09:32:40,7.5,0.0,32,24000,卖盘
47,09:32:43,7.5,0.0,154,115550,卖盘
48,09:32:46,7.49,-0.01,108,81050,卖盘
49,09:32:49,7.5,0.01,14,10500,买盘
50,09:32:52,7.5,0.0,85,63750,买盘
51,09:32:55,7.5,0.0,3,2250,卖盘
52,09:32:58,7.5,0.0,18,13500,卖盘
53,09:33:01,7.5,0.0,36,27000,卖盘
54,09:33:07,7.5,0.0,15,11253,卖盘
55,09:33:10,7.51,0.01,17,12767,买盘
56,09:33:16,7.51,0.0,20,15020,卖盘
57,09:33:25,7.51,0.0,6,4506,卖盘
58,09:33:27,7.52,0.01,120,90240,买盘
59,09:33:34,7.52,0.0,10,7520,卖盘
60,09:33:37,7.52,0.0,10,7520,卖盘
61,09:33:42,7.52,0.0,180,135360,卖盘
62,09:33:46,7.52,0.0,13,9776,卖盘
63,09:33:49,7.52,0.0,35,26380,卖盘
64,09:33:58,7.55,0.03,1,755,买盘
65,09:34:04,7.53,-0.02,14,10542,卖盘
66,09:34:09,7.53,0.0,13,9789,卖盘
67,09:34:16,7.52,-0.01,39,29366,卖盘
68,09:34:19,7.53,0.01,108,81531,买盘
69,09:34:22,7.55,0.02,3,2266,中性盘
70,09:34:24,7.53,-0.02,17,12801,卖盘
71,09:34:28,7.53,0.0,1,753,卖盘
72,09:34:34,7.55,0.02,50,37730,买盘
73,09:34:46,7.55,0.0,77,58135,买盘
74,09:34:49,7.55,0.0,16,12080,买盘
75,09:34:51,7.55,0.0,20,15100,卖盘
76,09:34:54,7.55,0.0,14,10570,卖盘
77,09:34:58,7.54,-0.01,69,52094,卖盘
78,09:35:04,7.54,0.0,84,63403,卖盘
79,09:35:10,7.55,0.01,10,7550,买盘
80,09:35:16,7.55,0.0,4,3020,买盘
81,09:35:19,7.54,-0.01,44,33177,卖盘
82,09:35:22,7.55,0.01,54,40736,买盘
83,09:35:27,7.55,0.0,2,1510,买盘
84,09:35:30,7.55,0.0,41,30879,买盘
85,09:35:34,7.55,0.0,5,3775,买盘
86,09:35:37,7.55,0.0,8,6040,买盘
87,09:35:40,7.55,0.0,80,60400,卖盘
88,09:35:42,7.55,0.0,7,5285,买盘
89,09:35:46,7.56,0.01,49,37032,买盘
90,09:35:58,7.56,0.0,50,37770,买盘
91,09:36:01,7.55,-0.01,195,147225,卖盘
92,09:36:04,7.55,0.0,11,8305,买盘
93,09:36:07,7.56,0.01,48,36286,买盘
94,09:36:10,7.55,-0.01,11,8305,买盘
95,09:36:13,7.55,0.0,94,70970,买盘
96,09:36:16,7.55,0.0,24,18120,卖盘
97,09:36:19,7.55,0.0,25,18875,卖盘
98,09:36:21,7.55,0.0,29,21895,卖盘
99,09:36:24,7.55,0.0,10,7550,卖盘
100,09:36:28,7.55,0.0,51,38506,卖盘
101,09:36:31,7.55,0.0,7,5285,卖盘
102,09:36:34,7.55,0.0,28,21140,卖盘
103,09:36:37,7.55,0.0,58,43790,卖盘
104,09:36:39,7.56,0.01,8,6048,买盘
105,09:36:43,7.55,-0.01,28,21146,卖盘
106,09:36:46,7.55,0.0,27,20385,卖盘
107,09:36:49,7.55,0.0,1,755,买盘
108,09:36:52,7.54,-0.01,53,39962,卖盘
109,09:36:58,7.55,0.01,4,3020,买盘
110,09:37:01,7.52,-0.03,575,432824,卖盘
111,09:37:04,7.52,0.0,5,3760,买盘
112,09:37:06,7.51,-0.01,22,16522,卖盘
113,09:37:10,7.51,0.0,17,12767,卖盘
114,09:37:15,7.5,-0.01,136,102130,卖盘
115,09:37:19,7.51,0.01,13,9763,中性盘
116,09:37:27,7.5,-0.01,82,61503,卖盘
117,09:37:31,7.5,0.0,10,7500,卖盘
118,09:37:34,7.51,0.01,121,90760,买盘
119,09:37:37,7.5,-0.01,20,15000,卖盘
120,09:37:43,7.5,0.0,148,111022,卖盘
121,09:37:46,7.5,0.0,67,50250,卖盘
122,09:37:48,7.5,0.0,16,11994,买盘
123,09:37:52,7.51,0.01,45,33754,买盘
124,09:37:55,7.5,-0.01,1,750,买盘
125,09:37:58,7.5,0.0,92,68998,卖盘
126,09:38:01,7.5,0.0,111,83250,卖盘
127,09:38:04,7.49,-0.01,47,35224,卖盘
128,09:38:07,7.49,0.0,132,98872,卖盘
129,09:38:10,7.49,0.0,22,16478,卖盘
130,09:38:13,7.48,-0.01,17,12732,卖盘
131,09:38:16,7.48,0.0,34,25432,卖盘
132,09:38:19,7.49,0.01,10,7490,买盘
133,09:38:22,7.48,-0.01,50,37400,卖盘
134,09:38:24,7.48,0.0,49,36652,卖盘
135,09:38:28,7.48,0.0,158,118184,卖盘
136,09:38:31,7.48,0.0,126,94253,卖盘
137,09:38:34,7.48,0.0,147,109962,卖盘
138,09:38:37,7.48,0.0,25,18700,买盘
139,09:38:40,7.47,-0.01,2,1494,卖盘
140,09:38:43,7.48,0.01,10,7480,买盘
141,09:38:45,7.47,-0.01,91,68043,卖盘
142,09:38:49,7.47,0.0,30,22410,卖盘
143,09:38:52,7.47,0.0,41,30627,卖盘
144,09:38:55,7.46,-0.01,265,197740,卖盘
145,09:38:58,7.47,0.01,31,23157,买盘
146,09:39:01,7.46,-0.01,66,49292,卖盘
147,09:39:05,7.44,-0.02,511,380701,卖盘
148,09:39:07,7.46,0.02,5,3730,买盘
149,09:39:10,7.46,0.0,174,129427,买盘
150,09:39:13,7.43,-0.03,8,5944,中性盘
151,09:39:15,7.43,0.0,4,2972,买盘
152,09:39:19,7.42,-0.01,6,4452,卖盘
153,09:39:22,7.43,0.01,284,210495,买盘
154,09:39:25,7.4,-0.03,38,28201,卖盘
155,09:39:28,7.42,0.02,48,35615,买盘
156,09:39:31,7.42,0.0,18,13356,买盘
157,09:39:34,7.38,-0.04,615,455441,卖盘
158,09:39:37,7.4,0.02,257,189968,买盘
159,09:39:40,7.4,0.0,165,122076,买盘
160,09:39:42,7.39,-0.01,274,202564,中性盘
161,09:39:46,7.4,0.01,189,139946,买盘
162,09:39:48,7.4,0.0,168,124156,卖盘
163,09:39:51,7.4,0.0,568,419459,卖盘
164,09:39:55,7.42,0.02,1,742,买盘
165,09:39:58,7.4,-0.02,59,43662,卖盘
166,09:40:01,7.42,0.02,110,81408,买盘
167,09:40:04,7.4,-0.02,208,153921,卖盘
168,09:40:07,7.42,0.02,134,99392,买盘
169,09:40:10,7.42,0.0,155,114859,买盘
170,09:40:13,7.41,-0.01,97,71877,卖盘
171,09:40:16,7.41,0.0,35,25940,卖盘
172,09:40:19,7.42,0.01,24,17808,买盘
173,09:40:22,7.42,0.0,63,46746,卖盘
174,09:40:25,7.42,0.0,95,70660,卖盘
175,09:40:34,7.43,0.01,11,8173,卖盘
176,09:40:37,7.43,0.0,10,7430,卖盘
177,09:40:40,7.43,0.0,4,2972,卖盘
178,09:40:42,7.46,0.03,1,746,买盘
179,09:40:45,7.43,-0.03,7,5205,卖盘
180,09:40:49,7.47,0.04,94,70204,买盘
181,09:40:52,7.43,-0.04,1,743,卖盘
182,09:40:55,7.44,0.01,17,12641,买盘
183,09:40:58,7.43,-0.01,211,156784,卖盘
184,09:41:01,7.44,0.01,1,744,买盘
185,09:41:07,7.43,-0.01,6,4459,卖盘
186,09:41:13,7.44,0.01,38,28260,买盘
187,09:41:16,7.43,-0.01,22,16346,卖盘
188,09:41:19,7.43,0.0,8,5944,卖盘
189,09:41:21,7.43,0.0,200,148600,卖盘
190,09:41:25,7.42,-0.01,6,4453,卖盘
191,09:41:27,7.43,0.01,93,69049,买盘
192,09:41:31,7.4,-0.03,699,517735,卖盘
193,09:41:34,7.4,0.0,88,65120,买盘
194,09:41:37,7.42,0.02,104,77136,买盘
195,09:41:40,7.39,-0.03,6,4434,卖盘
196,09:41:43,7.39,0.0,58,42911,卖盘
197,09:41:46,7.39,0.0,11,8119,买盘
198,09:41:48,7.38,-0.01,129,95238,卖盘
199,09:41:52,7.38,0.0,17,12550,卖盘
200,09:41:55,7.39,0.01,126,92914,买盘
201,09:41:58,7.38,-0.01,46,33930,买盘
202,09:42:01,7.38,0.0,30,22127,买盘
203,09:42:04,7.38,0.0,178,131048,买盘
204,09:42:06,7.37,-0.01,114,83994,中性盘
205,09:42:10,7.36,-0.01,103,75806,中性盘
206,09:42:13,7.36,0.0,89,65559,卖盘
207,09:42:15,7.37,0.01,171,126043,中性盘
208,09:42:19,7.37,0.0,126,92878,卖盘
209,09:42:22,7.38,0.01,86,63485,买盘
210,09:42:25,7.39,0.01,147,108439,买盘
211,09:42:28,7.4,0.01,148,109243,买盘
212,09:42:31,7.38,-0.02,107,79030,卖盘
213,09:42:34,7.38,0.0,259,191150,卖盘
214,09:42:39,7.41,0.03,45,33330,买盘
215,09:42:43,7.39,-0.02,34,25153,卖盘
216,09:42:46,7.39,0.0,32,23650,卖盘
217,09:42:49,7.39,0.0,35,25865,卖盘
218,09:42:52,7.39,0.0,61,45128,卖盘
219,09:42:55,7.41,0.02,40,29608,买盘
220,09:42:58,7.4,-0.01,1,740,卖盘
221,09:43:01,7.41,0.01,1,741,买盘
222,09:43:04,7.4,-0.01,128,94720,卖盘
223,09:43:06,7.42,0.02,230,170304,买盘
224,09:43:10,7.42,0.0,23,17044,买盘
225,09:43:13,7.41,-0.01,14,10374,卖盘
226,09:43:16,7.41,0.0,32,23712,卖盘
227,09:43:22,7.41,0.0,107,79374,卖盘
228,09:43:24,7.41,0.0,1,741,卖盘
229,09:43:28,7.42,0.01,4,2968,买盘
230,09:43:31,7.42,0.0,5,3710,卖盘
231,09:43:34,7.42,0.0,16,11872,卖盘
232,09:43:37,7.41,-0.01,59,43751,卖盘
233,09:43:43,7.43,0.02,25,18575,买盘
234,09:43:46,7.46,0.03,85,63394,买盘
235,09:43:49,7.46,0.0,2,1492,卖盘
236,09:43:52,7.46,0.0,18,13428,卖盘
237,09:43:55,7.46,0.0,23,17158,卖盘
238,09:43:58,7.48,0.02,50,37400,买盘
239,09:44:00,7.46,-0.02,37,27602,卖盘
240,09:44:05,7.46,0.0,19,14174,买盘
241,09:44:06,7.46,0.0,1,746,买盘
242,09:44:10,7.44,-0.02,10,7440,卖盘
243,09:44:16,7.46,0.02,11,8193,买盘
244,09:44:19,7.46,0.0,2,1492,买盘
245,09:44:24,7.43,-0.03,11,8183,卖盘
246,09:44:28,7.44,0.01,7,5208,买盘
247,09:44:34,7.42,-0.02,16,11880,卖盘
248,09:44:40,7.43,0.01,1,743,卖盘
249,09:44:43,7.42,-0.01,59,43818,卖盘
250,09:44:48,7.43,0.01,1,743,卖盘
251,09:44:55,7.42,-0.01,12,8918,卖盘
252,09:44:58,7.43,0.01,15,11145,中性盘
253,09:45:01,7.44,0.01,148,109916,买盘
254,09:45:07,7.45,0.01,9,6705,买盘
255,09:45:10,7.44,-0.01,2,1488,卖盘
256,09:45:16,7.44,0.0,8,5956,卖盘
257,09:45:22,7.44,0.0,24,17856,卖盘
258,09:45:25,7.44,0.0,11,8184,买盘
259,09:45:28,7.45,0.01,73,54385,买盘
260,09:45:31,7.45,0.0,13,9685,卖盘
261,09:45:37,7.45,0.0,163,121435,卖盘
262,09:45:40,7.45,0.0,200,149000,卖盘
263,09:45:43,7.45,0.0,100,74500,卖盘
264,09:45:46,7.45,0.0,115,85675,卖盘
265,09:45:48,7.44,-0.01,98,73004,卖盘
266,09:45:55,7.44,0.0,90,66960,买盘
267,09:45:57,7.44,0.0,10,7440,买盘
268,09:46:01,7.42,-0.02,10,7420,卖盘
269,09:46:07,7.4,-0.02,747,553264,卖盘
270,09:46:10,7.4,0.0,3,2220,买盘
271,09:46:13,7.39,-0.01,15,11090,卖盘
272,09:46:16,7.39,0.0,103,76137,卖盘
273,09:46:19,7.4,0.01,75,55413,买盘
274,09:46:22,7.39,-0.01,6,4434,买盘
275,09:46:25,7.39,0.0,33,24372,买盘
276,09:46:27,7.38,-0.01,27,19946,卖盘
277,09:46:31,7.39,0.01,19,14041,买盘
278,09:46:34,7.38,-0.01,178,131470,卖盘
279,09:46:37,7.38,0.0,154,113776,卖盘
280,09:46:40,7.38,0.0,90,66504,卖盘
281,09:46:43,7.38,0.0,77,56890,卖盘
282,09:46:46,7.38,0.0,90,66480,卖盘
283,09:46:49,7.4,0.02,276,203965,买盘
284,09:46:51,7.4,0.0,82,60642,买盘
285,09:46:55,7.39,-0.01,67,49541,卖盘
286,09:46:57,7.39,0.0,55,40666,卖盘
287,09:47:01,7.4,0.01,23,17014,买盘
288,09:47:04,7.4,0.0,93,68820,买盘
289,09:47:13,7.42,0.02,1,742,买盘
290,09:47:15,7.42,0.0,9,6662,买盘
291,09:47:19,7.4,-0.02,18,13330,卖盘
292,09:47:22,7.4,0.0,9,6660,卖盘
293,09:47:25,7.4,0.0,9,6660,卖盘
294,09:47:31,7.42,0.02,5,3710,买盘
295,09:47:37,7.4,-0.02,1,740,卖盘
296,09:47:40,7.41,0.01,3,2223,中性盘
297,09:47:49,7.42,0.01,44,32586,买盘
298,09:47:52,7.4,-0.02,5,3704,卖盘
299,09:47:57,7.41,0.01,12,8890,买盘
300,09:48:01,7.41,0.0,10,7410,买盘
301,09:48:10,7.44,0.03,68,50497,买盘
302,09:48:12,7.4,-0.04,2,1480,卖盘
303,09:48:19,7.43,0.03,66,48908,买盘
304,09:48:22,7.4,-0.03,78,57756,卖盘
305,09:48:25,7.4,0.0,100,74014,卖盘
306,09:48:31,7.41,0.01,5,3705,卖盘
307,09:48:39,7.41,0.0,11,8151,卖盘
308,09:48:43,7.43,0.02,20,14860,买盘
309,09:48:46,7.41,-0.02,10,7410,卖盘
310,09:48:49,7.41,0.0,105,77745,卖盘
311,09:48:52,7.4,-0.01,194,143570,卖盘
312,09:48:55,7.4,0.0,25,18500,买盘
313,09:49:01,7.39,-0.01,5,3695,卖盘
314,09:49:04,7.39,0.0,53,39197,卖盘
315,09:49:06,7.39,0.0,30,22190,卖盘
316,09:49:10,7.39,0.0,100,73900,卖盘
317,09:49:16,7.39,0.0,39,28841,卖盘
318,09:49:19,7.39,0.0,77,56903,卖盘
319,09:49:27,7.39,0.0,46,33968,买盘
320,09:49:31,7.38,-0.01,68,50192,卖盘
321,09:49:34,7.38,0.0,20,14760,卖盘
322,09:49:37,7.38,0.0,10,7388,卖盘
323,09:49:40,7.38,0.0,45,33210,卖盘
324,09:49:43,7.38,0.0,100,73800,卖盘
325,09:49:46,7.38,0.0,3,2214,卖盘
326,09:49:48,7.38,0.0,153,112909,买盘
327,09:49:52,7.37,-0.01,123,90757,卖盘
328,09:49:54,7.37,0.0,59,43501,卖盘
329,09:49:57,7.37,0.0,27,19910,卖盘
330,09:50:01,7.37,0.0,252,185724,卖盘
331,09:50:04,7.36,-0.01,60,44170,卖盘
332,09:50:06,7.36,0.0,26,19136,卖盘
333,09:50:10,7.37,0.01,69,50853,买盘
334,09:50:16,7.37,0.0,203,149457,买盘
335,09:50:19,7.36,-0.01,258,189839,卖盘
336,09:50:22,7.35,-0.01,29,21340,卖盘
337,09:50:25,7.36,0.01,38,27968,买盘
338,09:50:27,7.36,0.0,21,15456,买盘
339,09:50:31,7.4,0.04,462,341552,买盘
340,09:50:34,7.36,-0.04,411,302338,卖盘
341,09:50:37,7.36,0.0,76,55913,卖盘
342,09:50:46,7.36,0.0,10,7360,卖盘
343,09:50:49,7.4,0.04,50,37000,买盘
344,09:50:52,7.37,-0.03,147,108339,卖盘
345,09:50:58,7.38,0.01,18,13284,中性盘
346,09:51:00,7.37,-0.01,62,45701,卖盘
347,09:51:07,7.38,0.01,10,7380,卖盘
348,09:51:12,7.38,0.0,30,22180,卖盘
349,09:51:16,7.39,0.01,14,10336,中性盘
350,09:51:19,7.37,-0.02,225,166047,卖盘
351,09:51:22,7.37,0.0,77,56759,卖盘
352,09:51:27,7.37,0.0,56,41272,卖盘
353,09:51:31,7.4,0.03,50,36944,买盘
354,09:51:40,7.37,-0.03,124,91496,卖盘
355,09:51:49,7.39,0.02,3,2217,卖盘
356,09:51:52,7.39,0.0,89,65771,卖盘
357,09:51:55,7.39,0.0,6,4434,卖盘
358,09:51:58,7.39,0.0,22,16258,卖盘
359,09:52:04,7.39,0.0,80,59142,买盘
360,09:52:12,7.39,0.0,32,23624,买盘
361,09:52:16,7.38,-0.01,6,4428,卖盘
362,09:52:19,7.39,0.01,218,160843,买盘
363,09:52:31,7.39,0.0,29,21431,买盘
364,09:52:34,7.38,-0.01,53,39132,卖盘
365,09:52:46,7.38,0.0,66,48713,卖盘
366,09:52:55,7.38,0.0,19,14032,卖盘
367,09:53:07,7.38,0.0,21,15498,卖盘
368,09:53:09,7.38,0.0,20,14760,买盘
369,09:53:13,7.38,0.0,154,113502,买盘
370,09:53:19,7.37,-0.01,5,3685,卖盘
371,09:53:22,7.38,0.01,10,7380,买盘
372,09:53:25,7.37,-0.01,77,56824,卖盘
373,09:53:28,7.37,0.0,85,62650,卖盘
374,09:53:34,7.37,0.0,25,18425,卖盘
375,09:53:40,7.38,0.01,5,3690,买盘
376,09:53:43,7.38,0.0,29,21377,买盘
377,09:53:49,7.38,0.0,5,3690,买盘
378,09:53:55,7.37,-0.01,12,8844,卖盘
379,09:53:57,7.38,0.01,50,36900,买盘
380,09:54:01,7.4,0.02,80,59072,买盘
381,09:54:10,7.38,-0.02,9,6642,卖盘
382,09:54:13,7.4,0.02,50,37000,买盘
383,09:54:16,7.38,-0.02,50,36900,卖盘
384,09:54:18,7.4,0.02,15,11100,买盘
385,09:54:25,7.38,-0.02,121,89298,卖盘
386,09:54:36,7.38,0.0,108,79694,卖盘
387,09:54:40,7.4,0.02,105,77516,买盘
388,09:54:42,7.4,0.0,29,21460,买盘
389,09:54:46,7.4,0.0,10,7400,买盘
390,09:54:58,7.4,0.0,5,3700,买盘
391,09:55:01,7.37,-0.03,1,737,卖盘
392,09:55:10,7.37,0.0,100,73700,卖盘
393,09:55:13,7.4,0.03,10,7400,买盘
394,09:55:16,7.36,-0.04,305,224595,卖盘
395,09:55:27,7.4,0.04,15,11100,买盘
396,09:55:37,7.38,-0.02,22,16236,卖盘
397,09:55:43,7.37,-0.01,6,4422,卖盘
398,09:55:46,7.38,0.01,70,51660,买盘
399,09:55:49,7.37,-0.01,180,132682,卖盘
400,09:55:51,7.37,0.0,20,14740,买盘
401,09:56:04,7.38,0.01,22,16253,卖盘
402,09:56:07,7.39,0.01,9,6646,买盘
403,09:56:09,7.39,0.0,4,2956,买盘
404,09:56:22,7.4,0.01,165,122086,买盘
405,09:56:28,7.38,-0.02,116,85698,卖盘
406,09:56:34,7.4,0.02,1,740,卖盘
407,09:56:37,7.4,0.0,18,13330,卖盘
408,09:56:40,7.39,-0.01,10,7390,买盘
409,09:56:43,7.39,0.0,33,24386,买盘
410,09:56:49,7.39,0.0,20,14780,卖盘
411,09:56:55,7.39,0.0,50,36950,卖盘
412,09:56:58,7.4,0.01,10,7400,中性盘
413,09:57:07,7.41,0.01,24,17784,买盘
414,09:57:12,7.41,0.0,17,12597,卖盘
415,09:57:19,7.41,0.0,3,2223,卖盘
416,09:57:25,7.41,0.0,13,9633,卖盘
417,09:57:34,7.42,0.01,100,74200,买盘
418,09:57:40,7.42,0.0,5,3710,买盘
419,09:57:42,7.41,-0.01,97,71877,卖盘
420,09:57:46,7.41,0.0,397,294177,买盘
421,09:57:55,7.4,-0.01,46,34060,卖盘
422,09:58:01,7.4,0.0,49,36260,卖盘
423,09:58:13,7.4,0.0,3,2220,卖盘
424,09:58:16,7.41,0.01,26,19260,买盘
425,09:58:21,7.41,0.0,10,7410,买盘
426,09:58:28,7.41,0.0,402,297872,买盘
427,09:58:34,7.41,0.0,19,14079,买盘
428,09:58:37,7.41,0.0,345,255623,买盘
429,09:58:46,7.42,0.01,30,22260,买盘
430,09:58:55,7.42,0.0,6,4452,买盘
431,09:59:01,7.42,0.0,160,118720,卖盘
432,09:59:07,7.42,0.0,20,14840,买盘
433,09:59:10,7.42,0.0,76,56392,买盘
434,09:59:16,7.42,0.0,32,23744,卖盘
435,09:59:19,7.41,-0.01,58,43004,卖盘
436,09:59:21,7.43,0.02,10,7430,买盘
437,09:59:46,7.42,-0.01,40,29680,买盘
438,09:59:55,7.41,-0.01,5,3705,卖盘
439,10:00:01,7.41,0.0,57,42244,卖盘
440,10:00:04,7.41,0.0,13,9633,卖盘
441,10:00:07,7.42,0.01,23,17063,买盘
442,10:00:25,7.41,-0.01,25,18525,卖盘
443,10:00:28,7.41,0.0,57,42292,卖盘
444,10:00:31,7.41,0.0,9,6669,卖盘
445,10:00:34,7.41,0.0,15,11115,买盘
446,10:00:40,7.41,0.0,79,58539,买盘
447,10:00:49,7.41,0.0,2,1482,买盘
448,10:00:52,7.4,-0.01,30,22200,卖盘
449,10:01:04,7.41,0.01,12,8892,买盘
450,10:01:06,7.4,-0.01,3,2220,卖盘
451,10:01:19,7.4,0.0,9,6660,卖盘
452,10:01:21,7.4,0.0,41,30345,卖盘
453,10:01:25,7.4,0.0,62,45930,卖盘
454,10:01:31,7.4,0.0,122,90280,卖盘
455,10:01:34,7.41,0.01,28,20740,买盘
456,10:01:49,7.41,0.0,4,2964,买盘
457,10:01:54,7.41,0.0,1,741,买盘
458,10:02:04,7.41,0.0,4,2964,买盘
459,10:02:10,7.41,0.0,10,7410,买盘
460,10:02:13,7.41,0.0,30,22230,买盘
461,10:02:16,7.41,0.0,118,87377,买盘
462,10:02:24,7.41,0.0,4,2964,买盘
463,10:02:34,7.39,-0.02,3,2217,卖盘
464,10:02:37,7.41,0.02,10,7410,买盘
465,10:02:43,7.39,-0.02,160,118244,卖盘
466,10:02:49,7.4,0.01,19,14058,买盘
467,10:02:54,7.4,0.0,2,1480,买盘
468,10:03:01,7.39,-0.01,21,15524,卖盘
469,10:03:04,7.4,0.01,79,58402,买盘
470,10:03:07,7.4,0.0,17,12580,买盘
471,10:03:10,7.38,-0.02,7,5166,卖盘
472,10:03:15,7.38,0.0,10,7380,卖盘
473,10:03:22,7.4,0.02,10,7400,买盘
474,10:03:25,7.38,-0.02,39,28782,卖盘
475,10:03:36,7.38,0.0,9,6642,卖盘
476,10:03:40,7.38,0.0,20,14760,卖盘
477,10:03:42,7.4,0.02,7,5180,买盘
478,10:03:55,7.4,0.0,5,3700,买盘
479,10:03:58,7.39,-0.01,49,36211,卖盘
480,10:04:01,7.39,0.0,13,9607,买盘
481,10:04:03,7.39,0.0,9,6651,买盘
482,10:04:06,7.39,0.0,5,3695,买盘
483,10:04:10,7.38,-0.01,16,11824,卖盘
484,10:04:13,7.38,0.0,1,738,卖盘
485,10:04:19,7.39,0.01,16,11824,买盘
486,10:04:22,7.38,-0.01,65,47970,卖盘
487,10:04:24,7.38,0.0,8,5904,卖盘
488,10:04:27,7.39,0.01,6,4434,买盘
489,10:04:31,7.39,0.0,12,8868,买盘
490,10:04:45,7.39,0.0,5,3695,买盘
491,10:04:51,7.39,0.0,80,59078,买盘
492,10:04:58,7.4,0.01,202,149249,买盘
493,10:05:01,7.39,-0.01,5,3695,卖盘
494,10:05:04,7.39,0.0,27,19953,卖盘
495,10:05:06,7.4,0.01,64,47360,买盘
496,10:05:19,7.41,0.01,64,47424,买盘
497,10:05:22,7.41,0.0,27,20007,买盘
498,10:05:28,7.42,0.01,92,68174,买盘
499,10:05:43,7.42,0.0,1,742,买盘
500,10:05:46,7.42,0.0,12,8904,买盘
501,10:05:57,7.42,0.0,49,36358,卖盘
502,10:06:04,7.43,0.01,20,14860,买盘
503,10:06:07,7.42,-0.01,19,14115,卖盘
504,10:06:13,7.43,0.01,12,8905,买盘
505,10:06:18,7.43,0.0,20,14860,买盘
506,10:06:22,7.43,0.0,20,14849,买盘
507,10:06:25,7.43,0.0,11,8173,卖盘
508,10:06:36,7.43,0.0,50,37150,卖盘
509,10:06:39,7.44,0.01,5,3720,买盘
510,10:06:49,7.43,-0.01,22,16346,卖盘
511,10:06:52,7.44,0.01,93,69192,买盘
512,10:07:04,7.44,0.0,5,3720,卖盘
513,10:07:10,7.45,0.01,5,3725,买盘
514,10:07:16,7.44,-0.01,1,744,卖盘
515,10:07:31,7.44,0.0,71,52824,卖盘
516,10:07:34,7.45,0.01,15,11175,买盘
517,10:07:36,7.44,-0.01,13,9672,卖盘
518,10:07:42,7.45,0.01,75,55807,买盘
519,10:07:49,7.44,-0.01,2,1488,中性盘
520,10:07:55,7.44,0.0,2,1487,买盘
521,10:07:58,7.44,0.0,7,5208,买盘
522,10:08:01,7.44,0.0,25,18600,卖盘
523,10:08:07,7.45,0.01,102,75960,买盘
524,10:08:10,7.44,-0.01,45,33480,卖盘
525,10:08:16,7.45,0.01,100,74447,买盘
526,10:08:19,7.45,0.0,105,78225,买盘
527,10:08:22,7.44,-0.01,6,4464,卖盘
528,10:08:31,7.45,0.01,6,4470,买盘
529,10:08:34,7.43,-0.02,36,26780,卖盘
530,10:08:40,7.45,0.02,33,24585,买盘
531,10:08:55,7.45,0.0,5,3725,卖盘
532,10:08:58,7.45,0.0,10,7450,卖盘
533,10:09:01,7.45,0.0,44,32780,卖盘
534,10:09:07,7.45,0.0,3,2235,买盘
535,10:09:19,7.45,0.0,49,36505,买盘
536,10:09:33,7.45,0.0,22,16390,买盘
537,10:09:42,7.45,0.0,7,5215,买盘
538,10:09:49,7.45,0.0,2,1490,买盘
539,10:09:58,7.45,0.0,72,53640,买盘
540,10:10:00,7.45,0.0,2,1490,卖盘
541,10:10:04,7.45,0.0,66,49170,卖盘
542,10:10:13,7.45,0.0,50,37250,买盘
543,10:10:16,7.44,-0.01,43,31992,卖盘
544,10:10:19,7.44,0.0,31,23064,卖盘
545,10:10:37,7.43,-0.01,28,20804,买盘
546,10:10:39,7.41,-0.02,172,127514,卖盘
547,10:10:55,7.4,-0.01,29,21460,卖盘
548,10:10:58,7.4,0.0,5,3700,买盘
549,10:11:01,7.4,0.0,1,740,买盘
550,10:11:04,7.4,0.0,1,740,买盘
551,10:11:06,7.4,0.0,6,4440,买盘
552,10:11:19,7.39,-0.01,70,51737,卖盘
553,10:11:36,7.4,0.01,2,1480,买盘
554,10:11:42,7.4,0.0,4,2960,买盘
555,10:11:46,7.4,0.0,10,7400,卖盘
556,10:11:55,7.4,0.0,10,7400,卖盘
557,10:11:58,7.4,0.0,2,1480,卖盘
558,10:12:07,7.4,0.0,102,75480,卖盘
559,10:12:16,7.4,0.0,10,7400,买盘
560,10:12:25,7.4,0.0,100,74000,买盘
561,10:12:31,7.41,0.01,33,24453,买盘
562,10:12:40,7.41,0.0,26,19266,买盘
563,10:12:49,7.41,0.0,10,7410,买盘
564,10:12:55,7.41,0.0,27,20007,买盘
565,10:12:57,7.41,0.0,32,23712,买盘
566,10:13:01,7.41,0.0,3,2223,卖盘
567,10:13:04,7.41,0.0,4,2964,卖盘
568,10:13:10,7.41,0.0,26,19266,卖盘
569,10:13:16,7.41,0.0,51,37791,卖盘
570,10:13:22,7.41,0.0,7,5187,卖盘
571,10:13:28,7.41,0.0,20,14820,买盘
572,10:13:30,7.43,0.02,9,6681,买盘
573,10:13:40,7.4,-0.03,70,51825,卖盘
574,10:13:46,7.43,0.03,43,31941,买盘
575,10:13:49,7.43,0.0,10,7430,卖盘
576,10:13:54,7.43,0.0,97,72071,卖盘
577,10:13:58,7.44,0.01,4,2976,买盘
578,10:14:04,7.43,-0.01,29,21547,卖盘
579,10:14:15,7.42,-0.01,22,16324,卖盘
580,10:14:18,7.41,-0.01,18,13341,卖盘
581,10:14:55,7.42,0.01,12,8904,买盘
582,10:15:01,7.41,-0.01,10,7410,卖盘
583,10:15:09,7.42,0.01,10,7420,买盘
584,10:15:13,7.41,-0.01,3,2223,卖盘
585,10:15:19,7.4,-0.01,160,118510,卖盘
586,10:15:22,7.42,0.02,13,9646,买盘
587,10:15:28,7.4,-0.02,13,9620,卖盘
588,10:15:31,7.4,0.0,23,17020,卖盘
589,10:15:49,7.4,0.0,10,7400,卖盘
590,10:15:52,7.42,0.02,8,5936,买盘
591,10:16:22,7.4,-0.02,20,14800,卖盘
592,10:16:24,7.4,0.0,14,10360,卖盘
593,10:16:37,7.4,0.0,26,19246,卖盘
594,10:17:04,7.4,0.0,34,25160,卖盘
595,10:17:19,7.4,0.0,55,40700,卖盘
596,10:17:28,7.4,0.0,2,1480,卖盘
597,10:17:30,7.4,0.0,50,37000,卖盘
598,10:17:39,7.4,0.0,4,2960,卖盘
599,10:17:46,7.4,0.0,34,25160,卖盘
600,10:17:49,7.42,0.02,47,34874,买盘
601,10:18:01,7.42,0.0,3,2226,买盘
602,10:18:04,7.41,-0.01,7,5187,卖盘
603,10:18:07,7.41,0.0,5,3705,卖盘
604,10:18:33,7.41,0.0,13,9633,卖盘
605,10:18:36,7.41,0.0,2,1482,卖盘
606,10:18:52,7.42,0.01,14,10388,买盘
607,10:18:58,7.41,-0.01,8,5928,卖盘
608,10:19:00,7.41,0.0,2,1482,卖盘
609,10:19:07,7.41,0.0,5,3705,卖盘
610,10:19:10,7.41,0.0,71,52611,卖盘
611,10:19:13,7.44,0.03,207,153719,买盘
612,10:19:16,7.41,-0.03,20,14822,卖盘
613,10:19:18,7.41,0.0,84,62274,卖盘
614,10:19:22,7.41,0.0,16,11856,买盘
615,10:19:39,7.42,0.01,5,3710,卖盘
616,10:19:48,7.42,0.0,15,11130,卖盘
617,10:19:58,7.43,0.01,33,24515,买盘
618,10:20:13,7.43,0.0,3,2229,买盘
619,10:20:19,7.43,0.0,5,3715,买盘
620,10:20:22,7.43,0.0,22,16346,买盘
621,10:20:30,7.42,-0.01,50,37111,卖盘
622,10:20:37,7.44,0.02,2,1488,买盘
623,10:20:43,7.43,-0.01,29,21533,买盘
624,10:20:46,7.42,-0.01,2,1484,卖盘
625,10:20:49,7.43,0.01,18,13373,买盘
626,10:20:58,7.41,-0.02,100,74100,卖盘
627,10:21:01,7.41,0.0,21,15561,卖盘
628,10:21:07,7.42,0.01,25,18550,买盘
629,10:21:19,7.4,-0.02,393,291031,卖盘
630,10:21:25,7.4,0.0,1,740,买盘
631,10:21:28,7.4,0.0,2,1480,买盘
632,10:21:31,7.4,0.0,36,26640,买盘
633,10:21:34,7.4,0.0,5,3700,买盘
634,10:21:36,7.4,0.0,15,11100,买盘
635,10:21:40,7.4,0.0,10,7400,买盘
636,10:21:46,7.4,0.0,4,2960,买盘
637,10:21:52,7.4,0.0,288,213120,买盘
638,10:21:55,7.4,0.0,15,11100,买盘
639,10:21:58,7.4,0.0,48,35520,买盘
640,10:22:01,7.4,0.0,7,5180,买盘
641,10:22:04,7.39,-0.01,31,22929,卖盘
642,10:22:07,7.4,0.01,27,19980,买盘
643,10:22:10,7.4,0.0,2,1480,买盘
644,10:22:12,7.39,-0.01,22,16262,卖盘
645,10:22:16,7.4,0.01,203,150220,买盘
646,10:22:37,7.4,0.0,12,8880,卖盘
647,10:22:40,7.42,0.02,17,12614,买盘
648,10:22:43,7.42,0.0,33,24486,卖盘
649,10:22:46,7.41,-0.01,46,34111,卖盘
650,10:23:06,7.4,-0.01,172,127320,卖盘
651,10:23:13,7.4,0.0,5,3700,买盘
652,10:23:16,7.4,0.0,210,155400,买盘
653,10:23:19,7.4,0.0,38,28120,买盘
654,10:23:21,7.4,0.0,65,48089,买盘
655,10:23:24,7.4,0.0,527,389974,买盘
656,10:23:34,7.42,0.02,1,742,买盘
657,10:23:37,7.42,0.0,1,742,买盘
658,10:23:40,7.42,0.0,1,742,买盘
659,10:23:43,7.42,0.0,1,742,买盘
660,10:23:46,7.42,0.0,1,742,买盘
661,10:23:49,7.4,-0.02,188,139120,卖盘
662,10:23:55,7.4,0.0,21,15550,卖盘
663,10:24:04,7.42,0.02,18,13356,买盘
664,10:24:15,7.42,0.0,8,5936,买盘
665,10:24:22,7.41,-0.01,24,17784,卖盘
666,10:24:34,7.41,0.0,7,5187,买盘
667,10:24:37,7.41,0.0,102,75582,买盘
668,10:24:40,7.4,-0.01,25,18500,卖盘
669,10:24:43,7.41,0.01,6,4446,买盘
670,10:24:46,7.4,-0.01,30,22200,卖盘
671,10:24:49,7.41,0.01,14,10374,买盘
672,10:24:55,7.41,0.0,1,741,买盘
673,10:25:04,7.42,0.01,5,3710,买盘
674,10:25:13,7.41,-0.01,1,741,卖盘
675,10:25:19,7.42,0.01,5,3710,买盘
676,10:25:36,7.43,0.01,30,22290,买盘
677,10:25:39,7.42,-0.01,56,41573,卖盘
678,10:25:42,7.42,0.0,37,27454,买盘
679,10:25:46,7.42,0.0,194,143948,买盘
680,10:26:00,7.42,0.0,10,7420,买盘
681,10:26:10,7.42,0.0,28,20776,买盘
682,10:26:12,7.42,0.0,27,20034,买盘
683,10:26:16,7.41,-0.01,20,14839,卖盘
684,10:26:21,7.42,0.01,191,141722,买盘
685,10:26:28,7.42,0.0,31,23002,买盘
686,10:26:31,7.42,0.0,27,20034,买盘
687,10:26:34,7.42,0.0,20,14840,买盘
688,10:26:40,7.42,0.0,1,742,买盘
689,10:26:43,7.42,0.0,34,25228,买盘
690,10:26:46,7.42,0.0,20,14840,买盘
691,10:26:48,7.41,-0.01,22,16306,卖盘
692,10:26:58,7.42,0.01,15,11130,中性盘
693,10:27:04,7.42,0.0,2,1484,买盘
694,10:27:10,7.41,-0.01,16,11856,卖盘
695,10:27:13,7.42,0.01,148,109816,买盘
696,10:27:15,7.42,0.0,10,7420,买盘
697,10:27:19,7.42,0.0,3,2226,买盘
698,10:27:22,7.42,0.0,12,8895,买盘
699,10:27:28,7.41,-0.01,179,132639,卖盘
700,10:27:31,7.41,0.0,139,102999,买盘
701,10:27:34,7.41,0.0,20,14820,买盘
702,10:27:37,7.41,0.0,10,7410,买盘
703,10:27:40,7.41,0.0,34,25193,买盘
704,10:27:43,7.41,0.0,11,8151,买盘
705,10:27:45,7.41,0.0,152,112632,买盘
706,10:27:48,7.41,0.0,30,22230,买盘
707,10:27:52,7.42,0.01,7,5190,买盘
708,10:27:54,7.41,-0.01,7,5189,中性盘
709,10:27:58,7.42,0.01,2,1484,买盘
710,10:28:04,7.42,0.0,52,38584,买盘
711,10:28:06,7.42,0.0,3,2226,买盘
712,10:28:13,7.41,-0.01,13,9636,卖盘
713,10:28:16,7.42,0.01,101,75044,买盘
714,10:28:28,7.44,0.02,1,744,买盘
715,10:28:37,7.45,0.01,169,125895,买盘
716,10:28:46,7.46,0.01,10,7460,买盘
717,10:28:55,7.45,-0.01,31,23116,卖盘
718,10:28:57,7.46,0.01,39,29089,买盘
719,10:29:01,7.46,0.0,5,3730,买盘
720,10:29:04,7.46,0.0,6,4476,买盘
721,10:29:22,7.46,0.0,35,26110,卖盘
722,10:29:34,7.46,0.0,15,11190,买盘
723,10:29:37,7.46,0.0,36,26856,卖盘
724,10:29:46,7.45,-0.01,34,25354,卖盘
725,10:29:51,7.46,0.01,15,11190,买盘
726,10:30:04,7.46,0.0,57,42522,卖盘
727,10:30:10,7.46,0.0,10,7460,卖盘
728,10:30:25,7.46,0.0,5,3730,卖盘
729,10:30:28,7.46,0.0,18,13428,卖盘
730,10:30:31,7.47,0.01,33,24649,买盘
731,10:30:39,7.46,-0.01,5,3730,买盘
732,10:30:51,7.46,0.0,23,17158,卖盘
733,10:30:54,7.47,0.01,19,14193,买盘
734,10:30:58,7.47,0.0,7,5229,买盘
735,10:31:01,7.47,0.0,26,19422,买盘
736,10:31:04,7.47,0.0,15,11205,买盘
737,10:31:09,7.47,0.0,13,9711,买盘
738,10:31:13,7.47,0.0,2,1494,买盘
739,10:31:25,7.46,-0.01,190,141780,卖盘
740,10:31:28,7.47,0.01,7,5229,买盘
741,10:31:31,7.47,0.0,8,5976,卖盘
742,10:31:34,7.47,0.0,3,2241,卖盘
743,10:31:43,7.47,0.0,10,7470,卖盘
744,10:31:49,7.47,0.0,60,44820,买盘
745,10:31:52,7.48,0.01,40,29897,买盘
746,10:32:01,7.47,-0.01,35,26130,中性盘
747,10:32:07,7.46,-0.01,5,3730,卖盘
748,10:32:19,7.45,-0.01,10,7450,卖盘
749,10:32:25,7.45,0.0,6,4474,卖盘
750,10:32:27,7.45,0.0,2,1490,卖盘
751,10:32:40,7.46,0.01,35,26110,买盘
752,10:32:42,7.46,0.0,48,35806,卖盘
753,10:32:45,7.46,0.0,10,7460,买盘
754,10:32:52,7.45,-0.01,13,9685,卖盘
755,10:32:55,7.45,0.0,12,8940,卖盘
756,10:32:58,7.45,0.0,55,40975,卖盘
757,10:33:00,7.45,0.0,48,35760,卖盘
758,10:33:04,7.45,0.0,1,745,卖盘
759,10:33:10,7.45,0.0,15,11175,卖盘
760,10:33:15,7.45,0.0,5,3725,卖盘
761,10:33:22,7.45,0.0,13,9685,卖盘
762,10:33:25,7.45,0.0,1,745,买盘
763,10:33:40,7.45,0.0,9,6701,买盘
764,10:33:43,7.45,0.0,28,20860,买盘
765,10:33:49,7.45,0.0,7,5215,买盘
766,10:33:55,7.44,-0.01,19,14150,卖盘
767,10:33:58,7.45,0.01,8,5960,买盘
768,10:34:01,7.44,-0.01,3,2232,卖盘
769,10:34:10,7.44,0.0,37,27533,卖盘
770,10:34:19,7.45,0.01,5,3725,卖盘
771,10:34:31,7.46,0.01,7,5219,买盘
772,10:34:34,7.45,-0.01,10,7450,卖盘
773,10:34:45,7.46,0.01,1,746,买盘
774,10:34:48,7.45,-0.01,14,10434,卖盘
775,10:34:57,7.45,0.0,7,5215,卖盘
776,10:35:04,7.46,0.01,8,5968,买盘
777,10:35:13,7.46,0.0,25,18650,买盘
778,10:35:22,7.46,0.0,7,5222,买盘
779,10:35:25,7.46,0.0,94,70124,买盘
780,10:36:13,7.46,0.0,10,7460,买盘
781,10:36:21,7.45,-0.01,152,113240,卖盘
782,10:36:30,7.45,0.0,66,49106,买盘
783,10:36:37,7.45,0.0,29,21605,买盘
784,10:36:43,7.45,0.0,20,14900,买盘
785,10:36:46,7.44,-0.01,30,22320,卖盘
786,10:36:52,7.44,0.0,8,5952,卖盘
787,10:37:00,7.44,0.0,63,46872,卖盘
788,10:37:19,7.44,0.0,23,17112,买盘
789,10:37:22,7.44,0.0,5,3720,买盘
790,10:37:34,7.42,-0.02,146,108372,卖盘
791,10:37:51,7.4,-0.02,240,177696,卖盘
792,10:38:01,7.4,0.0,264,195376,卖盘
793,10:38:13,7.42,0.02,22,16324,买盘
794,10:38:19,7.41,-0.01,10,7410,卖盘
795,10:38:34,7.41,0.0,5,3705,卖盘
796,10:38:42,7.41,0.0,1,741,卖盘
797,10:38:49,7.41,0.0,41,30381,卖盘
798,10:39:10,7.41,0.0,42,31122,卖盘
799,10:39:19,7.41,0.0,5,3705,卖盘
800,10:39:33,7.42,0.01,4,2968,买盘
801,10:39:46,7.42,0.0,11,8162,买盘
802,10:39:49,7.42,0.0,16,11872,买盘
803,10:39:52,7.41,-0.01,108,80028,卖盘
804,10:39:55,7.42,0.01,100,74108,买盘
805,10:40:06,7.41,-0.01,10,7410,卖盘
806,10:40:13,7.42,0.01,30,22260,买盘
807,10:40:15,7.42,0.0,158,117136,买盘
808,10:40:18,7.42,0.0,5,3710,买盘
809,10:40:31,7.42,0.0,20,14840,买盘
810,10:40:52,7.42,0.0,50,37100,买盘
811,10:41:06,7.4,-0.02,208,153953,卖盘
812,10:41:16,7.42,0.02,1,742,买盘
813,10:41:21,7.4,-0.02,12,8890,卖盘
814,10:41:33,7.41,0.01,1,741,买盘
815,10:41:42,7.41,0.0,12,8892,买盘
816,10:41:46,7.41,0.0,11,8151,卖盘
817,10:42:00,7.41,0.0,207,153387,卖盘
818,10:42:04,7.4,-0.01,56,41455,卖盘
819,10:42:16,7.4,0.0,29,21460,卖盘
820,10:42:19,7.4,0.0,111,82140,卖盘
821,10:42:22,7.4,0.0,1,740,买盘
822,10:42:25,7.4,0.0,24,17743,买盘
823,10:42:36,7.39,-0.01,116,85724,卖盘
824,10:42:40,7.39,0.0,11,8129,卖盘
825,10:42:49,7.38,-0.01,67,49446,卖盘
826,10:42:55,7.38,0.0,101,74538,卖盘
827,10:43:01,7.38,0.0,37,27306,卖盘
828,10:43:10,7.38,0.0,185,136530,买盘
829,10:43:16,7.38,0.0,5,3690,卖盘
830,10:43:22,7.37,-0.01,122,90012,卖盘
831,10:43:25,7.38,0.01,8,5904,买盘
832,10:43:30,7.37,-0.01,4,2948,卖盘
833,10:43:40,7.37,0.0,8,5896,卖盘
834,10:43:45,7.38,0.01,2,1476,买盘
835,10:43:49,7.37,-0.01,11,8107,卖盘
836,10:43:52,7.38,0.01,5,3690,买盘
837,10:43:55,7.38,0.0,24,17712,买盘
838,10:43:58,7.38,0.0,27,19906,买盘
839,10:44:01,7.37,-0.01,20,14742,卖盘
840,10:44:04,7.38,0.01,6,4428,卖盘
841,10:44:09,7.38,0.0,41,30258,卖盘
842,10:44:22,7.39,0.01,20,14780,买盘
843,10:44:24,7.38,-0.01,5,3690,卖盘
844,10:44:27,7.39,0.01,28,20692,买盘
845,10:44:55,7.38,-0.01,40,29530,卖盘
846,10:45:04,7.39,0.01,18,13302,买盘
847,10:45:07,7.39,0.0,40,29560,卖盘
848,10:45:13,7.39,0.0,6,4434,买盘
849,10:45:15,7.39,0.0,10,7390,买盘
850,10:45:18,7.39,0.0,213,157407,买盘
851,10:45:21,7.39,0.0,51,37689,买盘
852,10:45:43,7.39,0.0,200,147800,卖盘
853,10:45:49,7.4,0.01,35,25900,买盘
854,10:45:58,7.39,-0.01,2,1478,卖盘
855,10:46:01,7.39,0.0,26,19214,卖盘
856,10:46:04,7.4,0.01,12,8880,买盘
857,10:46:16,7.39,-0.01,11,8129,卖盘
858,10:46:18,7.39,0.0,5,3695,卖盘
859,10:46:31,7.39,0.0,33,24387,卖盘
860,10:46:37,7.39,0.0,3,2217,卖盘
861,10:46:40,7.39,0.0,3,2217,卖盘
862,10:46:46,7.39,0.0,92,67988,卖盘
863,10:46:54,7.39,0.0,30,22170,买盘
864,10:46:58,7.39,0.0,14,10346,买盘
865,10:47:01,7.38,-0.01,88,64944,卖盘
866,10:47:07,7.38,0.0,171,126198,卖盘
867,10:47:13,7.39,0.01,57,42090,买盘
868,10:47:16,7.37,-0.02,341,251380,卖盘
869,10:47:21,7.38,0.01,93,68552,买盘
870,10:47:24,7.36,-0.02,100,73756,卖盘
871,10:47:27,7.36,0.0,100,73612,卖盘
872,10:47:37,7.39,0.03,75,55323,买盘
873,10:47:43,7.37,-0.02,10,7370,卖盘
874,10:47:46,7.36,-0.01,100,73603,卖盘
875,10:47:54,7.36,0.0,125,92009,卖盘
876,10:48:01,7.36,0.0,124,91274,卖盘
877,10:48:04,7.36,0.0,22,16192,买盘
878,10:48:07,7.36,0.0,20,14720,买盘
879,10:48:10,7.37,0.01,4,2948,卖盘
880,10:48:13,7.36,-0.01,69,50798,卖盘
881,10:48:19,7.37,0.01,16,11792,买盘
882,10:48:33,7.37,0.0,10,7370,买盘
883,10:48:36,7.36,-0.01,457,336352,卖盘
884,10:48:40,7.37,0.01,7,5155,买盘
885,10:48:43,7.37,0.0,19,14003,买盘
886,10:48:45,7.37,0.0,20,14740,卖盘
887,10:48:48,7.38,0.01,10,7380,买盘
888,10:48:51,7.37,-0.01,20,14740,卖盘
889,10:48:58,7.38,0.01,7,5166,买盘
890,10:49:09,7.37,-0.01,1,737,卖盘
891,10:49:19,7.37,0.0,9,6633,买盘
892,10:49:25,7.37,0.0,21,15477,卖盘
893,10:49:28,7.37,0.0,23,16951,卖盘
894,10:49:31,7.37,0.0,5,3685,卖盘
895,10:49:34,7.38,0.01,141,104037,买盘
896,10:49:37,7.37,-0.01,27,19899,卖盘
897,10:49:40,7.38,0.01,6,4428,买盘
898,10:49:48,7.38,0.0,2,1476,买盘
899,10:49:52,7.38,0.0,6,4428,买盘
900,10:50:09,7.38,0.0,10,7380,卖盘
901,10:50:13,7.39,0.01,37,27324,买盘
902,10:50:16,7.37,-0.02,68,50116,卖盘
903,10:50:19,7.37,0.0,2,1474,买盘
904,10:50:31,7.36,-0.01,16,11776,卖盘
905,10:50:34,7.37,0.01,30,22110,买盘
906,10:50:49,7.37,0.0,10,7370,卖盘
907,10:50:52,7.37,0.0,38,28006,卖盘
908,10:51:04,7.37,0.0,16,11792,卖盘
909,10:51:06,7.37,0.0,22,16224,卖盘
910,10:51:12,7.38,0.01,1,738,卖盘
911,10:51:22,7.38,0.0,4,2952,卖盘
912,10:51:30,7.38,0.0,9,6642,卖盘
913,10:51:43,7.38,0.0,7,5166,卖盘
914,10:51:48,7.38,0.0,51,37638,卖盘
915,10:51:55,7.38,0.0,8,5904,卖盘
916,10:52:18,7.38,0.0,50,36900,卖盘
917,10:52:22,7.38,0.0,8,5904,卖盘
918,10:52:30,7.39,0.01,18,13302,买盘
919,10:52:42,7.38,-0.01,100,73800,卖盘
920,10:53:12,7.39,0.01,10,7390,买盘
921,10:53:18,7.38,-0.01,170,125460,卖盘
922,10:53:22,7.39,0.01,300,221700,买盘
923,10:53:45,7.39,0.0,10,7390,买盘
924,10:54:06,7.39,0.0,20,14780,买盘
925,10:54:09,7.39,0.0,6,4434,买盘
926,10:54:13,7.39,0.0,52,38428,买盘
927,10:54:36,7.4,0.01,14,10360,买盘
928,10:54:46,7.4,0.0,13,9620,买盘
929,10:55:04,7.4,0.0,10,7400,买盘
930,10:55:10,7.4,0.0,11,8140,买盘
931,10:55:15,7.4,0.0,20,14800,买盘
932,10:55:25,7.4,0.0,2,1480,买盘
933,10:55:36,7.4,0.0,10,7400,买盘
934,10:56:01,7.39,-0.01,2,1478,卖盘
935,10:56:10,7.39,0.0,7,5173,卖盘
936,10:56:19,7.4,0.01,20,14800,买盘
937,10:56:24,7.4,0.0,2,1480,买盘
938,10:56:46,7.38,-0.02,197,145429,卖盘
939,10:57:01,7.38,0.0,12,8856,卖盘
940,10:57:33,7.39,0.01,5,3695,卖盘
941,10:57:37,7.38,-0.01,53,39124,卖盘
942,10:57:57,7.39,0.01,20,14780,买盘
943,10:58:00,7.38,-0.01,20,14760,卖盘
944,10:58:13,7.38,0.0,15,11070,卖盘
945,10:58:16,7.38,0.0,13,9594,卖盘
946,10:58:30,7.38,0.0,133,98354,卖盘
947,10:58:42,7.39,0.01,19,14027,买盘
948,10:58:48,7.39,0.0,9,6651,买盘
949,10:58:58,7.39,0.0,21,15519,买盘
950,10:59:04,7.39,0.0,18,13302,买盘
951,10:59:31,7.39,0.0,6,4434,买盘
952,10:59:42,7.38,-0.01,6,4428,卖盘
953,10:59:45,7.39,0.01,2,1478,买盘
954,10:59:49,7.39,0.0,5,3695,买盘
955,10:59:51,7.38,-0.01,214,157932,卖盘
956,10:59:55,7.39,0.01,10,7390,买盘
957,10:59:58,7.39,0.0,10,7390,买盘
958,11:00:01,7.39,0.0,2,1478,买盘
959,11:00:04,7.38,-0.01,40,29538,卖盘
960,11:00:34,7.38,0.0,13,9594,卖盘
961,11:00:40,7.39,0.01,81,59859,买盘
962,11:00:55,7.4,0.01,8,5920,买盘
963,11:00:58,7.4,0.0,7,5175,买盘
964,11:01:01,7.4,0.0,44,32560,买盘
965,11:01:10,7.4,0.0,30,22200,买盘
966,11:01:28,7.4,0.0,10,7400,买盘
967,11:01:37,7.39,-0.01,44,32516,卖盘
968,11:01:46,7.39,0.0,28,20692,买盘
969,11:01:49,7.39,0.0,24,17736,买盘
970,11:01:52,7.39,0.0,53,39167,买盘
971,11:01:55,7.38,-0.01,163,120337,卖盘
972,11:02:13,7.38,0.0,18,13284,卖盘
973,11:02:21,7.38,0.0,4,2952,卖盘
974,11:02:24,7.38,0.0,4,2952,卖盘
975,11:02:31,7.39,0.01,19,14025,买盘
976,11:02:34,7.38,-0.01,12,8856,买盘
977,11:02:40,7.38,0.0,23,16974,卖盘
978,11:02:46,7.39,0.01,75,55369,买盘
979,11:02:58,7.38,-0.01,29,21402,卖盘
980,11:03:04,7.39,0.01,10,7390,买盘
981,11:03:06,7.38,-0.01,1,738,卖盘
982,11:03:10,7.38,0.0,43,31734,卖盘
983,11:03:13,7.38,0.0,20,14760,买盘
984,11:03:19,7.39,0.01,5,3692,买盘
985,11:03:22,7.37,-0.02,35,25825,卖盘
986,11:03:30,7.38,0.01,35,25830,卖盘
987,11:04:04,7.39,0.01,5,3695,买盘
988,11:04:10,7.38,-0.01,50,36900,卖盘
989,11:04:18,7.38,0.0,51,37638,卖盘
990,11:04:24,7.38,0.0,10,7380,买盘
991,11:04:40,7.37,-0.01,8,5896,卖盘
992,11:04:43,7.38,0.01,24,17712,买盘
993,11:04:49,7.38,0.0,6,4428,买盘
994,11:04:52,7.37,-0.01,15,11055,卖盘
995,11:05:01,7.37,0.0,151,111287,卖盘
996,11:05:12,7.37,0.0,20,14740,卖盘
997,11:05:49,7.38,0.01,1,738,买盘
998,11:06:03,7.37,-0.01,3,2211,卖盘
999,11:06:09,7.37,0.0,73,53801,卖盘
1000,11:06:19,7.37,0.0,2,1474,买盘
1001,11:06:22,7.37,0.0,52,38324,买盘
1002,11:06:28,7.37,0.0,35,25795,买盘
1003,11:06:33,7.36,-0.01,72,52992,卖盘
1004,11:06:43,7.37,0.01,14,10318,买盘
1005,11:06:51,7.36,-0.01,810,596160,卖盘
1006,11:06:54,7.37,0.01,10,7370,买盘
1007,11:06:57,7.36,-0.01,1,736,卖盘
1008,11:07:06,7.35,-0.01,94,69090,卖盘
1009,11:07:12,7.35,0.0,56,41160,卖盘
1010,11:07:15,7.35,0.0,130,95550,卖盘
1011,11:07:18,7.36,0.01,305,224180,买盘
1012,11:07:22,7.35,-0.01,62,45570,卖盘
1013,11:07:25,7.35,0.0,54,39690,卖盘
1014,11:07:34,7.34,-0.01,42,30828,卖盘
1015,11:07:37,7.34,0.0,3,2202,卖盘
1016,11:07:40,7.35,0.01,36,26460,买盘
1017,11:07:43,7.34,-0.01,105,77080,卖盘
1018,11:07:46,7.34,0.0,122,89548,买盘
1019,11:07:55,7.33,-0.01,230,168615,卖盘
1020,11:07:58,7.34,0.01,4,2936,买盘
1021,11:08:01,7.33,-0.01,68,49902,卖盘
1022,11:08:05,7.33,0.0,72,52776,卖盘
1023,11:08:07,7.33,0.0,50,36650,卖盘
1024,11:08:10,7.33,0.0,86,63038,卖盘
1025,11:08:13,7.33,0.0,146,107018,卖盘
1026,11:08:16,7.33,0.0,4,2932,买盘
1027,11:08:19,7.32,-0.01,185,135581,卖盘
1028,11:08:21,7.33,0.01,106,77687,买盘
1029,11:08:24,7.32,-0.01,43,31481,卖盘
1030,11:08:28,7.33,0.01,52,38096,买盘
1031,11:08:31,7.32,-0.01,155,113466,卖盘
1032,11:08:33,7.32,0.0,77,56364,卖盘
1033,11:08:37,7.32,0.0,95,69540,卖盘
1034,11:08:40,7.32,0.0,417,305202,卖盘
1035,11:08:43,7.32,0.0,40,29280,买盘
1036,11:08:49,7.31,-0.01,149,108929,卖盘
1037,11:08:52,7.32,0.01,50,36600,买盘
1038,11:08:54,7.32,0.0,6,4392,买盘
1039,11:08:57,7.32,0.0,12,8780,买盘
1040,11:09:01,7.31,-0.01,111,81141,卖盘
1041,11:09:04,7.32,0.01,89,65060,买盘
1042,11:09:07,7.31,-0.01,190,138890,卖盘
1043,11:09:10,7.31,0.0,49,35819,卖盘
1044,11:09:13,7.31,0.0,280,204680,卖盘
1045,11:09:15,7.32,0.01,59,43167,买盘
1046,11:09:18,7.31,-0.01,108,78948,卖盘
1047,11:09:22,7.31,0.0,33,24123,买盘
1048,11:09:25,7.31,0.0,55,40205,买盘
1049,11:09:27,7.31,0.0,49,35819,买盘
1050,11:09:34,7.31,0.0,414,302639,卖盘
1051,11:09:36,7.31,0.0,38,27784,卖盘
1052,11:09:39,7.3,-0.01,513,374622,卖盘
1053,11:09:42,7.31,0.01,55,40205,买盘
1054,11:09:46,7.31,0.0,5,3655,买盘
1055,11:09:51,7.31,0.0,40,29210,买盘
1056,11:09:55,7.3,-0.01,179,130770,卖盘
1057,11:09:58,7.3,0.0,54,39425,卖盘
1058,11:10:01,7.3,0.0,56,40895,卖盘
1059,11:10:07,7.3,0.0,54,39420,卖盘
1060,11:10:13,7.31,0.01,51,37240,买盘
1061,11:10:16,7.31,0.0,10,7310,买盘
1062,11:10:18,7.3,-0.01,134,97844,卖盘
1063,11:10:21,7.31,0.01,10,7310,买盘
1064,11:10:24,7.31,0.0,68,49708,买盘
1065,11:10:28,7.31,0.0,36,26316,买盘
1066,11:10:31,7.31,0.0,61,44591,买盘
1067,11:10:33,7.31,0.0,73,53353,买盘
1068,11:10:36,7.31,0.0,40,29240,买盘
1069,11:10:39,7.31,0.0,36,26316,买盘
1070,11:10:46,7.32,0.01,6,4392,买盘
1071,11:10:52,7.32,0.0,2,1464,买盘
1072,11:10:55,7.32,0.0,71,51972,买盘
1073,11:10:58,7.31,-0.01,329,240517,卖盘
1074,11:11:01,7.31,0.0,28,20468,买盘
1075,11:11:04,7.31,0.0,29,21199,买盘
1076,11:11:06,7.32,0.01,5,3660,买盘
1077,11:11:09,7.31,-0.01,164,119985,卖盘
1078,11:11:12,7.31,0.0,25,18275,买盘
1079,11:11:16,7.31,0.0,31,22661,买盘
1080,11:11:19,7.31,0.0,22,16082,买盘
1081,11:11:22,7.31,0.0,44,32164,买盘
1082,11:11:24,7.31,0.0,16,11696,买盘
1083,11:11:27,7.31,0.0,34,24854,买盘
1084,11:11:30,7.31,0.0,15,10965,买盘
1085,11:11:34,7.31,0.0,13,9503,买盘
1086,11:11:58,7.31,0.0,46,33660,卖盘
1087,11:12:00,7.32,0.01,42,30744,买盘
1088,11:12:04,7.32,0.0,10,7320,买盘
1089,11:12:07,7.32,0.0,1,732,买盘
1090,11:12:10,7.32,0.0,34,24861,买盘
1091,11:12:12,7.32,0.0,1,732,买盘
1092,11:12:15,7.31,-0.01,35,25585,卖盘
1093,11:12:28,7.33,0.02,2,1466,买盘
1094,11:12:40,7.33,0.0,28,20524,买盘
1095,11:12:42,7.33,0.0,22,16126,卖盘
1096,11:12:52,7.34,0.01,23,16882,买盘
1097,11:12:57,7.34,0.0,5,3670,买盘
1098,11:13:04,7.35,0.01,30,22050,买盘
1099,11:13:06,7.35,0.0,39,28635,买盘
1100,11:13:15,7.34,-0.01,9,6606,中性盘
1101,11:13:25,7.35,0.01,3,2205,买盘
1102,11:13:31,7.34,-0.01,3,2202,卖盘
1103,11:13:45,7.33,-0.01,16,11728,卖盘
1104,11:13:48,7.33,0.0,26,19058,卖盘
1105,11:14:00,7.33,0.0,10,7330,买盘
1106,11:14:19,7.32,-0.01,114,83448,卖盘
1107,11:14:22,7.31,-0.01,110,80410,卖盘
1108,11:14:33,7.32,0.01,10,7320,买盘
1109,11:14:36,7.31,-0.01,11,8041,卖盘
1110,11:14:39,7.31,0.0,153,111843,卖盘
1111,11:14:43,7.31,0.0,2,1462,买盘
1112,11:14:48,7.31,0.0,5,3655,买盘
1113,11:14:54,7.31,0.0,65,47515,买盘
1114,11:14:58,7.31,0.0,1,731,卖盘
1115,11:15:00,7.31,0.0,2,1462,卖盘
1116,11:15:04,7.31,0.0,10,7310,卖盘
1117,11:15:28,7.33,0.02,5,3665,买盘
1118,11:15:31,7.33,0.0,49,35917,买盘
1119,11:15:34,7.32,-0.01,20,14640,卖盘
1120,11:15:39,7.33,0.01,2,1466,买盘
1121,11:15:42,7.33,0.0,11,8063,买盘
1122,11:15:46,7.33,0.0,1,733,买盘
1123,11:15:58,7.33,0.0,19,13927,买盘
1124,11:16:04,7.33,0.0,10,7330,买盘
1125,11:16:07,7.33,0.0,52,38075,买盘
1126,11:16:19,7.32,-0.01,39,28577,卖盘
1127,11:16:25,7.33,0.01,5,3665,买盘
1128,11:16:28,7.33,0.0,30,21990,买盘
1129,11:16:48,7.33,0.0,61,44713,买盘
1130,11:16:51,7.33,0.0,2,1466,买盘
1131,11:16:54,7.32,-0.01,15,10980,卖盘
1132,11:17:09,7.33,0.01,81,59373,买盘
1133,11:17:24,7.33,0.0,10,7330,买盘
1134,11:17:27,7.33,0.0,7,5131,买盘
1135,11:17:39,7.33,0.0,20,14660,买盘
1136,11:17:51,7.33,0.0,58,42514,买盘
1137,11:18:01,7.33,0.0,10,7330,买盘
1138,11:18:04,7.33,0.0,2,1466,买盘
1139,11:18:07,7.33,0.0,45,32985,买盘
1140,11:18:09,7.33,0.0,3,2199,买盘
1141,11:18:19,7.32,-0.01,32,23424,卖盘
1142,11:18:24,7.33,0.01,30,21990,买盘
1143,11:18:27,7.32,-0.01,50,36600,卖盘
1144,11:18:43,7.33,0.01,30,21990,买盘
1145,11:18:46,7.33,0.0,1,733,买盘
1146,11:18:48,7.33,0.0,1,733,买盘
1147,11:18:57,7.32,-0.01,18,13176,卖盘
1148,11:19:18,7.33,0.01,15,10995,买盘
1149,11:19:24,7.33,0.0,6,4398,买盘
1150,11:19:30,7.33,0.0,19,13925,买盘
1151,11:19:36,7.33,0.0,18,13194,卖盘
1152,11:19:46,7.33,0.0,36,26388,卖盘
1153,11:19:57,7.33,0.0,30,21990,卖盘
1154,11:20:01,7.34,0.01,14,10276,买盘
1155,11:20:04,7.33,-0.01,10,7330,卖盘
1156,11:20:10,7.33,0.0,10,7330,卖盘
1157,11:20:22,7.33,0.0,9,6597,卖盘
1158,11:20:25,7.34,0.01,190,139460,买盘
1159,11:20:27,7.34,0.0,31,22731,买盘
1160,11:20:36,7.34,0.0,10,7340,卖盘
1161,11:20:58,7.34,0.0,15,11015,卖盘
1162,11:21:04,7.34,0.0,4,2936,卖盘
1163,11:21:12,7.34,0.0,5,3670,卖盘
1164,11:21:15,7.35,0.01,12,8820,买盘
1165,11:21:36,7.35,0.0,2,1470,买盘
1166,11:21:46,7.35,0.0,100,73500,买盘
1167,11:21:52,7.34,-0.01,5,3670,卖盘
1168,11:21:58,7.34,0.0,11,8075,卖盘
1169,11:22:27,7.34,0.0,20,14685,卖盘
1170,11:22:39,7.34,0.0,2,1468,买盘
1171,11:22:42,7.33,-0.01,44,32252,卖盘
1172,11:23:04,7.33,0.0,39,28587,卖盘
1173,11:23:07,7.33,0.0,9,6597,卖盘
1174,11:23:13,7.33,0.0,3,2199,买盘
1175,11:23:24,7.33,0.0,15,10995,买盘
1176,11:23:40,7.33,0.0,40,29320,卖盘
1177,11:23:43,7.33,0.0,5,3665,买盘
1178,11:23:45,7.33,0.0,10,7330,买盘
1179,11:24:07,7.33,0.0,10,7330,买盘
1180,11:24:16,7.33,0.0,27,19787,买盘
1181,11:24:40,7.33,0.0,6,4398,买盘
1182,11:24:48,7.33,0.0,7,5131,买盘
1183,11:24:51,7.33,0.0,3,2199,买盘
1184,11:25:09,7.33,0.0,20,14660,买盘
1185,11:25:12,7.32,-0.01,92,67344,卖盘
1186,11:25:39,7.33,0.01,5,3665,买盘
1187,11:25:42,7.32,-0.01,17,12444,卖盘
1188,11:25:45,7.32,0.0,36,26352,卖盘
1189,11:25:54,7.32,0.0,100,73200,卖盘
1190,11:25:57,7.32,0.0,3,2196,卖盘
1191,11:26:00,7.32,0.0,11,8052,卖盘
1192,11:26:06,7.33,0.01,148,108484,买盘
1193,11:26:10,7.32,-0.01,126,92266,卖盘
1194,11:26:25,7.31,-0.01,4,2924,卖盘
1195,11:26:39,7.32,0.01,30,21960,买盘
1196,11:26:42,7.31,-0.01,3,2193,卖盘
1197,11:26:46,7.32,0.01,3,2196,买盘
1198,11:26:49,7.32,0.0,5,3660,买盘
1199,11:26:52,7.32,0.0,39,28548,买盘
1200,11:26:54,7.31,-0.01,1,731,卖盘
1201,11:27:04,7.31,0.0,64,46784,卖盘
1202,11:27:19,7.31,0.0,2,1462,卖盘
1203,11:27:22,7.31,0.0,15,10965,卖盘
1204,11:27:25,7.31,0.0,50,36550,卖盘
1205,11:27:30,7.31,0.0,200,146200,卖盘
1206,11:27:33,7.31,0.0,27,19737,卖盘
1207,11:27:37,7.31,0.0,143,104576,卖盘
1208,11:27:40,7.31,0.0,59,43129,卖盘
1209,11:27:43,7.31,0.0,8,5848,卖盘
1210,11:27:46,7.31,0.0,37,27067,卖盘
1211,11:27:49,7.31,0.0,40,29240,卖盘
1212,11:27:57,7.31,0.0,62,45322,卖盘
1213,11:28:04,7.32,0.01,36,26330,买盘
1214,11:28:07,7.32,0.0,29,21228,买盘
1215,11:28:16,7.31,-0.01,66,48246,卖盘
1216,11:28:19,7.32,0.01,22,16104,买盘
1217,11:28:21,7.31,-0.01,19,13889,卖盘
1218,11:28:24,7.32,0.01,50,36600,买盘
1219,11:28:27,7.32,0.0,10,7320,买盘
1220,11:28:34,7.31,-0.01,43,31433,卖盘
1221,11:28:39,7.31,0.0,28,20468,卖盘
1222,11:28:46,7.31,0.0,13,9503,买盘
1223,11:28:49,7.31,0.0,21,15351,买盘
1224,11:28:54,7.3,-0.01,56,40880,卖盘
1225,11:29:00,7.31,0.01,1,731,买盘
1226,11:29:04,7.31,0.0,20,14620,买盘
1227,11:29:15,7.3,-0.01,600,438000,卖盘
1228,11:29:22,7.31,0.01,22,16082,买盘
1229,11:29:24,7.3,-0.01,29,21170,卖盘
1230,11:29:31,7.3,0.0,240,175200,卖盘
1231,11:29:39,7.3,0.0,165,120450,卖盘
1232,11:29:42,7.3,0.0,50,36500,卖盘
1233,11:29:48,7.3,0.0,8,5840,卖盘
1234,11:29:51,7.3,0.0,16,11680,卖盘
1235,11:29:54,7.3,0.0,14,10220,卖盘
1236,11:30:04,7.3,0.0,39,28470,卖盘
1237,13:00:04,7.31,0.01,180,131580,买盘
1238,13:00:07,7.3,-0.01,637,465129,卖盘
1239,13:00:10,7.3,0.0,1,730,买盘
1240,13:00:13,7.3,0.0,91,66430,买盘
1241,13:00:15,7.3,0.0,10,7300,买盘
1242,13:00:18,7.3,0.0,13,9490,买盘
1243,13:00:21,7.3,0.0,19,13870,买盘
1244,13:00:24,7.3,0.0,28,20440,买盘
1245,13:00:27,7.3,0.0,23,16790,买盘
1246,13:00:31,7.3,0.0,20,14600,买盘
1247,13:00:54,7.29,-0.01,1,729,卖盘
1248,13:01:00,7.3,0.01,113,82490,买盘
1249,13:01:15,7.3,0.0,61,44530,卖盘
1250,13:01:19,7.3,0.0,15,10950,买盘
1251,13:01:22,7.3,0.0,20,14600,买盘
1252,13:01:39,7.3,0.0,104,75920,买盘
1253,13:01:54,7.3,0.0,4,2923,卖盘
1254,13:02:15,7.3,0.0,40,29200,卖盘
1255,13:02:18,7.3,0.0,14,10220,卖盘
1256,13:02:30,7.3,0.0,9,6570,卖盘
1257,13:02:48,7.31,0.01,201,146931,买盘
1258,13:02:57,7.31,0.0,2,1462,买盘
1259,13:03:04,7.31,0.0,31,22661,买盘
1260,13:03:18,7.32,0.01,20,14640,买盘
1261,13:03:48,7.32,0.0,12,8784,买盘
1262,13:04:54,7.32,0.0,214,156648,买盘
1263,13:05:12,7.32,0.0,10,7320,卖盘
1264,13:05:21,7.33,0.01,89,65237,买盘
1265,13:05:27,7.33,0.0,1,733,卖盘
1266,13:05:30,7.33,0.0,10,7330,卖盘
1267,13:05:42,7.33,0.0,15,10995,买盘
1268,13:06:00,7.33,0.0,1,733,卖盘
1269,13:06:19,7.33,0.0,15,10995,卖盘
1270,13:06:33,7.33,0.0,3,2199,卖盘
1271,13:06:45,7.33,0.0,10,7330,卖盘
1272,13:06:55,7.34,0.01,78,57252,买盘
1273,13:07:19,7.34,0.0,68,49912,买盘
1274,13:07:42,7.34,0.0,8,5872,卖盘
1275,13:07:48,7.35,0.01,4,2940,买盘
1276,13:08:00,7.35,0.0,10,7350,买盘
1277,13:08:04,7.35,0.0,38,27930,买盘
1278,13:08:07,7.35,0.0,18,13230,买盘
1279,13:08:09,7.35,0.0,10,7350,买盘
1280,13:08:28,7.34,-0.01,22,16168,卖盘
1281,13:08:30,7.34,0.0,5,3670,卖盘
1282,13:08:36,7.34,0.0,97,71208,卖盘
1283,13:08:39,7.34,0.0,10,7340,买盘
1284,13:08:58,7.34,0.0,2,1468,买盘
1285,13:09:27,7.34,0.0,5,3670,买盘
1286,13:09:46,7.34,0.0,4,2936,卖盘
1287,13:10:01,7.34,0.0,5,3670,卖盘
1288,13:10:04,7.35,0.01,90,66090,买盘
1289,13:10:07,7.35,0.0,20,14700,买盘
1290,13:10:16,7.35,0.0,48,35264,买盘
1291,13:10:28,7.35,0.0,15,11025,买盘
1292,13:10:37,7.35,0.0,4,2940,卖盘
1293,13:10:39,7.35,0.0,5,3675,卖盘
1294,13:11:00,7.36,0.01,16,11776,买盘
1295,13:11:04,7.35,-0.01,24,17640,卖盘
1296,13:11:06,7.36,0.01,62,45604,买盘
1297,13:11:12,7.35,-0.01,35,25740,中性盘
1298,13:11:19,7.36,0.01,28,20608,买盘
1299,13:11:40,7.36,0.0,10,7360,卖盘
1300,13:11:51,7.36,0.0,1,736,卖盘
1301,13:12:10,7.36,0.0,100,73600,卖盘
1302,13:12:30,7.36,0.0,20,14720,买盘
1303,13:12:36,7.35,-0.01,7,5145,卖盘
1304,13:12:39,7.35,0.0,94,69090,卖盘
1305,13:12:43,7.35,0.0,3,2205,卖盘
1306,13:12:45,7.35,0.0,2,1470,买盘
1307,13:12:49,7.35,0.0,10,7350,卖盘
1308,13:12:55,7.34,-0.01,9,6606,卖盘
1309,13:13:07,7.35,0.01,28,20580,买盘
1310,13:13:09,7.34,-0.01,1,734,卖盘
1311,13:13:46,7.35,0.01,18,13230,买盘
1312,13:14:10,7.34,-0.01,10,7340,卖盘
1313,13:14:12,7.35,0.01,6,4410,买盘
1314,13:14:36,7.35,0.0,1,735,买盘
1315,13:14:45,7.34,-0.01,1,734,卖盘
1316,13:15:21,7.34,0.0,3,2202,卖盘
1317,13:15:37,7.34,0.0,30,22020,卖盘
1318,13:15:55,7.34,0.0,2,1468,卖盘
1319,13:16:16,7.34,0.0,5,3670,卖盘
1320,13:16:22,7.34,0.0,11,8074,卖盘
1321,13:16:24,7.34,0.0,1,734,卖盘
1322,13:16:30,7.35,0.01,1,735,买盘
1323,13:16:33,7.33,-0.02,100,73345,卖盘
1324,13:17:01,7.33,0.0,8,5864,卖盘
1325,13:17:15,7.34,0.01,13,9542,买盘
1326,13:17:28,7.34,0.0,9,6606,卖盘
1327,13:17:34,7.34,0.0,96,70464,卖盘
1328,13:17:45,7.33,-0.01,14,10262,卖盘
1329,13:17:51,7.33,0.0,28,20524,买盘
1330,13:17:55,7.33,0.0,4,2932,买盘
1331,13:17:58,7.33,0.0,11,8063,买盘
1332,13:18:01,7.33,0.0,1,733,买盘
1333,13:18:13,7.35,0.02,7,5141,买盘
1334,13:18:37,7.35,0.0,5,3675,买盘
1335,13:18:46,7.35,0.0,10,7350,买盘
1336,13:18:49,7.35,0.0,48,35280,买盘
1337,13:18:52,7.34,-0.01,6,4404,卖盘
1338,13:19:06,7.35,0.01,20,14700,买盘
1339,13:19:10,7.34,-0.01,35,25690,卖盘
1340,13:19:12,7.35,0.01,50,36705,买盘
1341,13:19:25,7.35,0.0,152,111720,买盘
1342,13:19:34,7.35,0.0,10,7350,买盘
1343,13:19:37,7.35,0.0,2,1470,买盘
1344,13:19:40,7.34,-0.01,10,7340,卖盘
1345,13:19:46,7.34,0.0,4,2936,卖盘
1346,13:19:49,7.35,0.01,140,102854,买盘
1347,13:19:55,7.35,0.0,13,9555,买盘
1348,13:20:31,7.34,-0.01,67,49178,卖盘
1349,13:20:46,7.33,-0.01,519,380427,卖盘
1350,13:20:49,7.33,0.0,30,21990,买盘
1351,13:20:55,7.33,0.0,4,2932,买盘
1352,13:21:06,7.32,-0.01,3,2196,卖盘
1353,13:21:09,7.33,0.01,12,8796,买盘
1354,13:21:12,7.32,-0.01,23,16846,卖盘
1355,13:21:15,7.31,-0.01,276,201877,卖盘
1356,13:21:25,7.31,0.0,19,13889,卖盘
1357,13:21:28,7.3,-0.01,10,7300,卖盘
1358,13:21:42,7.31,0.01,27,19737,买盘
1359,13:21:49,7.3,-0.01,59,43070,卖盘
1360,13:21:58,7.31,0.01,12,8770,买盘
1361,13:22:00,7.3,-0.01,42,30660,卖盘
1362,13:22:06,7.3,0.0,77,56210,卖盘
1363,13:22:10,7.3,0.0,2,1460,卖盘
1364,13:22:13,7.3,0.0,4,2920,卖盘
1365,13:22:16,7.31,0.01,5,3655,买盘
1366,13:22:19,7.31,0.0,302,220486,买盘
1367,13:22:30,7.31,0.0,14,10234,买盘
1368,13:22:37,7.31,0.0,74,54094,买盘
1369,13:22:43,7.31,0.0,77,56270,买盘
1370,13:22:45,7.31,0.0,62,45322,买盘
1371,13:22:49,7.31,0.0,2,1462,买盘
1372,13:22:55,7.31,0.0,26,19006,买盘
1373,13:23:01,7.31,0.0,15,10965,卖盘
1374,13:23:25,7.32,0.01,4,2928,买盘
1375,13:23:45,7.32,0.0,2,1464,卖盘
1376,13:23:57,7.32,0.0,36,26352,卖盘
1377,13:24:40,7.33,0.01,2,1466,买盘
1378,13:24:45,7.32,-0.01,32,23424,卖盘
1379,13:24:57,7.32,0.0,44,32208,买盘
1380,13:25:09,7.31,-0.01,131,95763,卖盘
1381,13:25:21,7.3,-0.01,26,18980,卖盘
1382,13:25:24,7.3,0.0,203,148243,卖盘
1383,13:25:37,7.3,0.0,10,7300,卖盘
1384,13:25:42,7.31,0.01,45,32855,买盘
1385,13:25:48,7.3,-0.01,100,73074,卖盘
1386,13:25:51,7.3,0.0,71,51830,卖盘
1387,13:26:04,7.3,0.0,30,21900,买盘
1388,13:26:09,7.3,0.0,14,10220,买盘
1389,13:26:12,7.3,0.0,83,60590,买盘
1390,13:26:18,7.3,0.0,1,730,卖盘
1391,13:26:22,7.31,0.01,4,2922,买盘
1392,13:26:45,7.32,0.01,20,14640,买盘
1393,13:26:54,7.32,0.0,1,732,买盘
1394,13:26:57,7.31,-0.01,4,2924,卖盘
1395,13:27:06,7.31,0.0,10,7310,卖盘
1396,13:27:28,7.32,0.01,22,16104,买盘
1397,13:27:36,7.3,-0.02,175,127799,卖盘
1398,13:27:39,7.3,0.0,7,5112,卖盘
1399,13:27:42,7.31,0.01,12,8773,中性盘
1400,13:27:48,7.31,0.0,22,16082,买盘
1401,13:27:57,7.31,0.0,14,10234,买盘
1402,13:28:07,7.31,0.0,13,9503,买盘
1403,13:28:09,7.31,0.0,3,2193,卖盘
1404,13:28:19,7.31,0.0,2,1462,卖盘
1405,13:28:25,7.31,0.0,114,83334,卖盘
1406,13:28:28,7.31,0.0,48,35088,买盘
1407,13:28:39,7.31,0.0,2,1462,买盘
1408,13:28:42,7.3,-0.01,54,39430,卖盘
1409,13:28:46,7.3,0.0,3,2190,卖盘
1410,13:28:51,7.31,0.01,13,9500,买盘
1411,13:28:57,7.3,-0.01,53,38690,卖盘
1412,13:29:04,7.3,0.0,6,4380,卖盘
1413,13:29:10,7.3,0.0,91,66430,卖盘
1414,13:29:12,7.3,0.0,16,11680,买盘
1415,13:29:15,7.3,0.0,10,7300,买盘
1416,13:29:24,7.3,0.0,39,28436,买盘
1417,13:29:28,7.29,-0.01,1,729,卖盘
1418,13:29:30,7.31,0.02,82,59904,买盘
1419,13:29:33,7.31,0.0,320,233374,买盘
1420,13:29:45,7.31,0.0,74,54094,买盘
1421,13:29:55,7.29,-0.02,85,62025,卖盘
1422,13:30:19,7.3,0.01,80,58400,卖盘
1423,13:30:34,7.3,0.0,92,67173,卖盘
1424,13:30:37,7.32,0.02,21,15357,买盘
1425,13:30:54,7.32,0.0,196,143472,买盘
1426,13:30:58,7.32,0.0,27,19764,买盘
1427,13:31:04,7.31,-0.01,55,40210,卖盘
1428,13:31:16,7.31,0.0,5,3655,买盘
1429,13:31:18,7.31,0.0,1,731,买盘
1430,13:31:21,7.31,0.0,10,7310,买盘
1431,13:31:31,7.3,-0.01,19,13872,卖盘
1432,13:31:34,7.33,0.03,490,358480,买盘
1433,13:31:45,7.33,0.0,529,387757,卖盘
1434,13:32:16,7.34,0.01,7,5138,买盘
1435,13:32:36,7.34,0.0,11,8074,买盘
1436,13:32:39,7.33,-0.01,45,32985,卖盘
1437,13:32:43,7.33,0.0,4,2932,买盘
1438,13:33:04,7.32,-0.01,8,5856,卖盘
1439,13:33:30,7.31,-0.01,9,6579,中性盘
1440,13:33:33,7.31,0.0,90,65790,卖盘
1441,13:33:55,7.31,0.0,24,17544,卖盘
1442,13:33:58,7.31,0.0,10,7310,卖盘
1443,13:34:06,7.32,0.01,4,2928,买盘
1444,13:34:21,7.31,-0.01,74,54094,卖盘
1445,13:34:27,7.32,0.01,9,6588,买盘
1446,13:34:39,7.31,-0.01,8,5848,卖盘
1447,13:34:46,7.32,0.01,2,1464,买盘
1448,13:34:49,7.32,0.0,92,67344,买盘
1449,13:34:52,7.31,-0.01,107,78374,卖盘
1450,13:34:58,7.31,0.0,15,10965,卖盘
1451,13:35:10,7.33,0.02,3,2199,买盘
1452,13:35:28,7.32,-0.01,11,8052,卖盘
1453,13:35:34,7.33,0.01,1,733,买盘
1454,13:35:40,7.33,0.0,20,14660,买盘
1455,13:35:42,7.33,0.0,10,7330,买盘
1456,13:35:58,7.32,-0.01,109,79788,卖盘
1457,13:36:01,7.32,0.0,5,3660,买盘
1458,13:36:04,7.32,0.0,18,13176,买盘
1459,13:36:07,7.32,0.0,56,40992,买盘
1460,13:36:10,7.32,0.0,12,8784,买盘
1461,13:36:27,7.32,0.0,9,6588,卖盘
1462,13:36:34,7.32,0.0,8,5856,买盘
1463,13:36:46,7.32,0.0,10,7320,买盘
1464,13:36:52,7.32,0.0,20,14640,买盘
1465,13:36:55,7.32,0.0,15,10980,买盘
1466,13:37:10,7.32,0.0,66,48312,卖盘
1467,13:37:22,7.31,-0.01,70,51200,卖盘
1468,13:37:25,7.32,0.01,8,5856,买盘
1469,13:37:28,7.32,0.0,3,2196,买盘
1470,13:37:54,7.32,0.0,56,41024,卖盘
1471,13:38:16,7.33,0.01,50,36650,买盘
1472,13:38:18,7.33,0.0,8,5864,买盘
1473,13:38:25,7.33,0.0,234,171292,买盘
1474,13:38:28,7.33,0.0,10,7330,买盘
1475,13:38:31,7.33,0.0,111,81363,买盘
1476,13:38:40,7.33,0.0,125,91625,卖盘
1477,13:38:48,7.33,0.0,14,10262,买盘
1478,13:38:51,7.33,0.0,10,7330,买盘
1479,13:38:58,7.33,0.0,5,3665,买盘
1480,13:39:04,7.33,0.0,51,37383,买盘
1481,13:39:07,7.33,0.0,5,3665,卖盘
1482,13:39:13,7.33,0.0,4,2932,卖盘
1483,13:39:27,7.33,0.0,60,43980,卖盘
1484,13:39:33,7.33,0.0,8,5864,卖盘
1485,13:39:36,7.34,0.01,5,3670,买盘
1486,13:39:43,7.33,-0.01,1,733,卖盘
1487,13:39:51,7.33,0.0,5,3665,卖盘
1488,13:40:04,7.34,0.01,2,1468,买盘
1489,13:40:07,7.33,-0.01,37,27121,卖盘
1490,13:40:27,7.33,0.0,28,20524,卖盘
1491,13:40:36,7.33,0.0,7,5131,卖盘
1492,13:40:42,7.33,0.0,15,10995,买盘
1493,13:40:55,7.33,0.0,78,57174,买盘
1494,13:41:01,7.33,0.0,92,67436,卖盘
1495,13:41:04,7.33,0.0,29,21257,买盘
1496,13:41:06,7.33,0.0,121,88693,买盘
1497,13:41:09,7.33,0.0,14,10262,买盘
1498,13:41:12,7.33,0.0,90,65970,买盘
1499,13:41:19,7.33,0.0,23,16859,卖盘
1500,13:41:22,7.33,0.0,83,60839,卖盘
1501,13:41:31,7.33,0.0,3,2199,买盘
1502,13:41:34,7.33,0.0,10,7330,买盘
1503,13:41:52,7.33,0.0,5,3665,买盘
1504,13:41:55,7.33,0.0,23,16859,买盘
1505,13:42:01,7.33,0.0,36,26365,买盘
1506,13:42:04,7.32,-0.01,174,127368,卖盘
1507,13:42:06,7.31,-0.01,13,9503,卖盘
1508,13:42:09,7.32,0.01,15,10980,买盘
1509,13:42:18,7.32,0.0,16,11712,买盘
1510,13:42:22,7.32,0.0,2,1464,卖盘
1511,13:42:24,7.31,-0.01,250,182774,卖盘
1512,13:42:27,7.31,0.0,20,14620,卖盘
1513,13:42:48,7.31,0.0,9,6579,卖盘
1514,13:42:52,7.31,0.0,1,731,卖盘
1515,13:42:54,7.33,0.02,145,106275,买盘
1516,13:43:04,7.31,-0.02,100,73192,卖盘
1517,13:43:16,7.33,0.02,2,1466,买盘
1518,13:43:25,7.32,-0.01,20,14640,卖盘
1519,13:44:07,7.33,0.01,14,10262,买盘
1520,13:44:22,7.33,0.0,17,12451,买盘
1521,13:44:28,7.32,-0.01,88,64416,卖盘
1522,13:44:31,7.32,0.0,86,62952,卖盘
1523,13:44:37,7.32,0.0,5,3660,买盘
1524,13:44:43,7.32,0.0,10,7320,买盘
1525,13:45:04,7.32,0.0,2,1464,买盘
1526,13:45:07,7.32,0.0,5,3660,买盘
1527,13:45:12,7.31,-0.01,370,270470,卖盘
1528,13:45:16,7.31,0.0,6,4386,卖盘
1529,13:45:25,7.31,0.0,31,22661,买盘
1530,13:45:37,7.31,0.0,11,8041,买盘
1531,13:45:40,7.31,0.0,27,19737,买盘
1532,13:45:43,7.3,-0.01,54,39420,卖盘
1533,13:45:58,7.3,0.0,93,67890,卖盘
1534,13:46:01,7.31,0.01,34,24854,买盘
1535,13:46:04,7.31,0.0,26,19006,买盘
1536,13:46:07,7.3,-0.01,15,10959,卖盘
1537,13:46:09,7.31,0.01,4,2924,卖盘
1538,13:46:18,7.31,0.0,8,5848,卖盘
1539,13:46:28,7.31,0.0,17,12427,卖盘
1540,13:46:30,7.31,0.0,34,24854,买盘
1541,13:46:40,7.31,0.0,24,17544,买盘
1542,13:46:52,7.32,0.01,9,6588,买盘
1543,13:47:00,7.31,-0.01,7,5117,卖盘
1544,13:47:04,7.31,0.0,50,36550,卖盘
1545,13:47:09,7.31,0.0,15,10965,卖盘
1546,13:47:18,7.3,-0.01,120,87600,卖盘
1547,13:47:24,7.3,0.0,192,140160,卖盘
1548,13:47:28,7.3,0.0,13,9490,买盘
1549,13:47:33,7.29,-0.01,2,1458,卖盘
1550,13:47:42,7.3,0.01,5,3650,买盘
1551,13:47:45,7.3,0.0,7,5110,买盘
1552,13:47:52,7.3,0.0,36,26280,买盘
1553,13:47:55,7.3,0.0,4,2920,卖盘
1554,13:47:57,7.29,-0.01,13,9477,卖盘
1555,13:48:04,7.3,0.01,40,29200,买盘
1556,13:48:10,7.3,0.0,10,7300,买盘
1557,13:48:13,7.29,-0.01,31,22628,卖盘
1558,13:48:24,7.29,0.0,10,7290,卖盘
1559,13:48:28,7.3,0.01,33,24090,买盘
1560,13:48:37,7.3,0.0,10,7300,卖盘
1561,13:48:39,7.3,0.0,30,21900,卖盘
1562,13:48:46,7.31,0.01,10,7310,买盘
1563,13:48:49,7.3,-0.01,54,39421,卖盘
1564,13:48:58,7.3,0.0,50,36500,卖盘
1565,13:49:00,7.31,0.01,271,198101,买盘
1566,13:49:09,7.3,-0.01,23,16810,卖盘
1567,13:49:13,7.31,0.01,14,10234,买盘
1568,13:49:19,7.31,0.0,184,134504,买盘
1569,13:49:22,7.3,-0.01,109,79671,卖盘
1570,13:49:30,7.32,0.02,1,732,买盘
1571,13:49:36,7.32,0.0,30,21960,买盘
1572,13:49:43,7.32,0.0,48,35136,买盘
1573,13:49:46,7.31,-0.01,11,8043,卖盘
1574,13:50:04,7.31,0.0,8,5848,卖盘
1575,13:50:13,7.32,0.01,14,10248,买盘
1576,13:50:16,7.31,-0.01,10,7310,卖盘
1577,13:50:22,7.32,0.01,100,73200,买盘
1578,13:50:28,7.31,-0.01,7,5117,卖盘
1579,13:50:34,7.31,0.0,104,76024,卖盘
1580,13:50:37,7.31,0.0,3,2193,卖盘
1581,13:50:45,7.32,0.01,5,3660,买盘
1582,13:50:52,7.32,0.0,41,30009,买盘
1583,13:51:04,7.31,-0.01,24,17544,卖盘
1584,13:51:06,7.31,0.0,3,2193,买盘
1585,13:51:09,7.31,0.0,5,3655,买盘
1586,13:51:15,7.3,-0.01,195,142350,卖盘
1587,13:51:18,7.3,0.0,5,3650,买盘
1588,13:51:24,7.3,0.0,5,3650,买盘
1589,13:51:34,7.31,0.01,100,73100,买盘
1590,13:51:39,7.3,-0.01,2,1460,卖盘
1591,13:51:42,7.3,0.0,32,23360,买盘
1592,13:51:45,7.3,0.0,5,3650,买盘
1593,13:51:48,7.3,0.0,5,3650,买盘
1594,13:52:19,7.3,0.0,10,7300,卖盘
1595,13:52:36,7.3,0.0,5,3650,买盘
1596,13:52:39,7.29,-0.01,391,285039,卖盘
1597,13:52:52,7.3,0.01,2,1460,买盘
1598,13:52:58,7.29,-0.01,24,17496,卖盘
1599,13:53:01,7.29,0.0,2,1458,买盘
1600,13:53:04,7.29,0.0,3,2187,买盘
1601,13:53:06,7.29,0.0,6,4374,卖盘
1602,13:53:09,7.28,-0.01,18,13109,卖盘
1603,13:53:13,7.29,0.01,4,2916,中性盘
1604,13:53:22,7.28,-0.01,50,36426,卖盘
1605,13:53:24,7.29,0.01,1,729,卖盘
1606,13:53:27,7.29,0.0,2,1458,卖盘
1607,13:53:36,7.29,0.0,16,11664,买盘
1608,13:53:40,7.28,-0.01,119,86669,卖盘
1609,13:53:45,7.29,0.01,10,7290,买盘
1610,13:53:48,7.29,0.0,5,3645,买盘
1611,13:53:51,7.29,0.0,31,22599,买盘
1612,13:53:54,7.29,0.0,9,6561,卖盘
1613,13:54:04,7.29,0.0,10,7290,卖盘
1614,13:54:13,7.28,-0.01,13,9464,卖盘
1615,13:54:19,7.29,0.01,104,75716,买盘
1616,13:54:22,7.28,-0.01,103,74984,卖盘
1617,13:54:24,7.28,0.0,293,213304,卖盘
1618,13:54:27,7.28,0.0,53,38592,卖盘
1619,13:54:34,7.27,-0.01,30,21810,卖盘
1620,13:54:37,7.28,0.01,12,8736,买盘
1621,13:54:40,7.27,-0.01,12,8734,卖盘
1622,13:54:43,7.27,0.0,10,7270,卖盘
1623,13:54:45,7.27,0.0,75,54525,卖盘
1624,13:54:51,7.27,0.0,238,173031,卖盘
1625,13:54:55,7.27,0.0,42,30534,买盘
1626,13:54:58,7.26,-0.01,2,1452,卖盘
1627,13:55:00,7.27,0.01,130,94390,买盘
1628,13:55:04,7.26,-0.01,37,26862,卖盘
1629,13:55:06,7.25,-0.01,577,418622,卖盘
1630,13:55:09,7.26,0.01,5,3630,中性盘
1631,13:55:12,7.26,0.0,44,31909,买盘
1632,13:55:16,7.25,-0.01,78,56550,卖盘
1633,13:55:19,7.25,0.0,279,202275,卖盘
1634,13:55:22,7.26,0.01,41,29755,买盘
1635,13:55:24,7.25,-0.01,45,32645,卖盘
1636,13:55:27,7.25,0.0,70,50750,卖盘
1637,13:55:30,7.26,0.01,135,97877,买盘
1638,13:55:34,7.25,-0.01,40,29000,卖盘
1639,13:55:37,7.25,0.0,83,60175,卖盘
1640,13:55:42,7.24,-0.01,50,36200,卖盘
1641,13:55:45,7.25,0.01,27,19575,买盘
1642,13:55:49,7.24,-0.01,42,30418,卖盘
1643,13:55:51,7.24,0.0,304,220096,卖盘
1644,13:55:54,7.24,0.0,30,21720,买盘
1645,13:55:57,7.24,0.0,36,26064,买盘
1646,13:56:01,7.24,0.0,111,80314,买盘
1647,13:56:04,7.24,0.0,42,30408,买盘
1648,13:56:07,7.24,0.0,64,46302,买盘
1649,13:56:10,7.24,0.0,177,128008,买盘
1650,13:56:13,7.24,0.0,136,98451,买盘
1651,13:56:16,7.24,0.0,49,35493,卖盘
1652,13:56:19,7.24,0.0,40,28960,卖盘
1653,13:56:25,7.24,0.0,20,14493,卖盘
1654,13:56:28,7.24,0.0,23,16652,卖盘
1655,13:56:34,7.25,0.01,1,725,卖盘
1656,13:56:37,7.26,0.01,22,15962,买盘
1657,13:56:39,7.26,0.0,7,5082,买盘
1658,13:56:49,7.26,0.0,188,136488,卖盘
1659,13:56:54,7.27,0.01,25,18175,买盘
1660,13:57:04,7.27,0.0,107,77789,买盘
1661,13:57:09,7.27,0.0,22,15994,买盘
1662,13:57:13,7.27,0.0,118,85717,卖盘
1663,13:57:16,7.27,0.0,22,15994,买盘
1664,13:57:21,7.27,0.0,5,3635,买盘
1665,13:57:24,7.27,0.0,27,19629,买盘
1666,13:57:27,7.27,0.0,57,41439,买盘
1667,13:57:30,7.27,0.0,29,21083,买盘
1668,13:57:33,7.26,-0.01,3,2178,卖盘
1669,13:57:36,7.26,0.0,161,116886,卖盘
1670,13:57:40,7.25,-0.01,11,7975,卖盘
1671,13:57:48,7.26,0.01,55,39930,买盘
1672,13:57:52,7.26,0.0,31,22506,买盘
1673,13:57:58,7.26,0.0,11,7986,买盘
1674,13:58:12,7.26,0.0,18,13068,卖盘
1675,13:58:16,7.26,0.0,26,18876,买盘
1676,13:58:24,7.26,0.0,20,14520,卖盘
1677,13:58:28,7.27,0.01,27,19629,买盘
1678,13:58:31,7.26,-0.01,16,11616,卖盘
1679,13:58:34,7.26,0.0,49,35574,卖盘
1680,13:58:43,7.26,0.0,90,65340,卖盘
1681,13:58:45,7.27,0.01,50,36350,买盘
1682,13:58:52,7.26,-0.01,113,82038,卖盘
1683,13:58:54,7.27,0.01,10,7270,买盘
1684,13:58:58,7.26,-0.01,42,30506,卖盘
1685,13:59:01,7.27,0.01,100,72650,买盘
1686,13:59:04,7.27,0.0,5,3635,买盘
1687,13:59:15,7.27,0.0,11,7997,买盘
1688,13:59:25,7.27,0.0,50,36350,卖盘
1689,13:59:31,7.28,0.01,6,4364,买盘
1690,13:59:34,7.27,-0.01,1,727,卖盘
1691,13:59:39,7.27,0.0,17,12364,卖盘
1692,13:59:43,7.28,0.01,13,9464,买盘
1693,13:59:55,7.28,0.0,21,15288,买盘
1694,14:00:04,7.29,0.01,30,21870,买盘
1695,14:00:07,7.29,0.0,14,10206,买盘
1696,14:00:13,7.3,0.01,15,10950,买盘
1697,14:00:15,7.3,0.0,7,5110,卖盘
1698,14:00:28,7.3,0.0,15,10950,买盘
1699,14:00:45,7.3,0.0,10,7300,买盘
1700,14:00:54,7.29,-0.01,78,56862,卖盘
1701,14:00:57,7.29,0.0,3,2187,买盘
1702,14:01:04,7.29,0.0,11,8019,买盘
1703,14:01:16,7.28,-0.01,5,3640,卖盘
1704,14:01:21,7.29,0.01,50,36450,买盘
1705,14:01:24,7.28,-0.01,70,50960,卖盘
1706,14:01:33,7.28,0.0,20,14560,买盘
1707,14:01:39,7.28,0.0,40,29120,买盘
1708,14:01:42,7.27,-0.01,101,73527,卖盘
1709,14:01:46,7.27,0.0,118,85836,卖盘
1710,14:01:55,7.28,0.01,20,14560,买盘
1711,14:01:58,7.27,-0.01,30,21810,卖盘
1712,14:02:04,7.28,0.01,31,22542,买盘
1713,14:02:06,7.26,-0.02,90,65419,卖盘
1714,14:02:09,7.28,0.02,3,2184,买盘
1715,14:02:16,7.28,0.0,567,412776,买盘
1716,14:02:37,7.28,0.0,94,68447,卖盘
1717,14:02:48,7.28,0.0,18,13104,买盘
1718,14:02:54,7.28,0.0,3,2184,卖盘
1719,14:03:04,7.28,0.0,7,5096,买盘
1720,14:03:19,7.28,0.0,2,1456,卖盘
1721,14:03:22,7.28,0.0,100,72800,卖盘
1722,14:03:43,7.29,0.01,31,22599,买盘
1723,14:04:09,7.3,0.01,51,37230,买盘
1724,14:04:18,7.3,0.0,2,1460,中性盘
1725,14:04:21,7.31,0.01,8,5848,买盘
1726,14:04:28,7.3,-0.01,25,18250,卖盘
1727,14:04:30,7.3,0.0,10,7300,卖盘
1728,14:04:34,7.3,0.0,23,16790,卖盘
1729,14:04:37,7.31,0.01,6,4386,买盘
1730,14:04:43,7.31,0.0,2,1462,买盘
1731,14:04:48,7.31,0.0,3,2193,卖盘
1732,14:04:51,7.31,0.0,36,26316,卖盘
1733,14:05:07,7.31,0.0,90,65790,买盘
1734,14:05:16,7.31,0.0,10,7310,卖盘
1735,14:05:22,7.31,0.0,7,5117,买盘
1736,14:05:28,7.3,-0.01,23,16790,卖盘
1737,14:05:39,7.27,-0.03,488,355210,卖盘
1738,14:05:58,7.27,0.0,262,190474,买盘
1739,14:06:01,7.27,0.0,14,10178,卖盘
1740,14:06:13,7.3,0.03,20,14600,买盘
1741,14:06:37,7.29,-0.01,15,10935,买盘
1742,14:06:48,7.27,-0.02,5,3635,卖盘
1743,14:06:52,7.28,0.01,35,25480,买盘
1744,14:06:55,7.28,0.0,10,7280,买盘
1745,14:06:57,7.3,0.02,27,19687,买盘
1746,14:07:07,7.27,-0.03,16,11632,卖盘
1747,14:07:10,7.27,0.0,15,10905,卖盘
1748,14:07:25,7.27,0.0,110,79970,卖盘
1749,14:07:28,7.28,0.01,18,13120,中性盘
1750,14:07:31,7.3,0.02,103,75006,买盘
1751,14:07:34,7.27,-0.03,44,31988,卖盘
1752,14:07:39,7.26,-0.01,96,69696,卖盘
1753,14:07:42,7.26,0.0,100,72600,卖盘
1754,14:07:49,7.26,0.0,7,5087,卖盘
1755,14:07:52,7.27,0.01,2,1454,买盘
1756,14:07:55,7.27,0.0,23,16721,买盘
1757,14:07:58,7.26,-0.01,92,66792,卖盘
1758,14:08:04,7.26,0.0,20,14520,卖盘
1759,14:08:07,7.26,0.0,30,21780,卖盘
1760,14:08:09,7.26,0.0,6,4356,卖盘
1761,14:08:15,7.26,0.0,100,72600,卖盘
1762,14:08:22,7.27,0.01,92,66884,买盘
1763,14:08:25,7.26,-0.01,65,47190,卖盘
1764,14:08:28,7.26,0.0,31,22506,卖盘
1765,14:08:31,7.26,0.0,10,7260,买盘
1766,14:08:37,7.26,0.0,5,3630,买盘
1767,14:08:43,7.25,-0.01,10,7253,卖盘
1768,14:09:04,7.26,0.01,5,3630,买盘
1769,14:09:07,7.26,0.0,2,1452,买盘
1770,14:09:09,7.25,-0.01,22,15950,卖盘
1771,14:09:16,7.25,0.0,1,725,卖盘
1772,14:09:22,7.25,0.0,8,5800,卖盘
1773,14:09:25,7.26,0.01,95,68970,买盘
1774,14:09:31,7.26,0.0,371,269346,买盘
1775,14:09:42,7.26,0.0,300,217800,卖盘
1776,14:09:49,7.26,0.0,58,42111,卖盘
1777,14:09:58,7.26,0.0,3,2178,卖盘
1778,14:10:04,7.26,0.0,6,4356,卖盘
1779,14:10:06,7.26,0.0,13,9438,卖盘
1780,14:10:13,7.26,0.0,4,2904,卖盘
1781,14:10:16,7.26,0.0,109,79134,卖盘
1782,14:10:22,7.27,0.01,10,7270,买盘
1783,14:10:28,7.26,-0.01,105,76230,卖盘
1784,14:10:31,7.26,0.0,10,7260,买盘
1785,14:10:34,7.26,0.0,31,22506,买盘
1786,14:10:36,7.26,0.0,19,13794,买盘
1787,14:10:40,7.26,0.0,10,7260,买盘
1788,14:10:45,7.26,0.0,67,48642,买盘
1789,14:10:49,7.25,-0.01,10,7250,卖盘
1790,14:10:52,7.26,0.01,1,726,买盘
1791,14:10:58,7.25,-0.01,36,26110,卖盘
1792,14:11:01,7.25,0.0,5,3625,卖盘
1793,14:11:18,7.26,0.01,210,152260,买盘
1794,14:11:22,7.25,-0.01,171,123990,卖盘
1795,14:11:28,7.25,0.0,313,226925,卖盘
1796,14:11:42,7.26,0.01,44,31940,买盘
1797,14:11:46,7.26,0.0,5,3630,买盘
1798,14:11:49,7.25,-0.01,264,191400,卖盘
1799,14:12:01,7.25,0.0,36,26100,买盘
1800,14:12:10,7.25,0.0,44,31900,买盘
1801,14:12:13,7.25,0.0,27,19575,卖盘
1802,14:12:28,7.25,0.0,5,3625,卖盘
1803,14:12:34,7.25,0.0,100,72500,卖盘
1804,14:12:40,7.25,0.0,2,1450,卖盘
1805,14:12:46,7.26,0.01,10,7260,买盘
1806,14:12:48,7.25,-0.01,352,255200,卖盘
1807,14:12:51,7.25,0.0,158,114550,买盘
1808,14:12:54,7.25,0.0,42,30456,卖盘
1809,14:13:00,7.26,0.01,5,3630,买盘
1810,14:13:04,7.25,-0.01,1,725,卖盘
1811,14:13:07,7.25,0.0,10,7250,卖盘
1812,14:13:10,7.25,0.0,32,23200,卖盘
1813,14:13:19,7.25,0.0,91,65975,卖盘
1814,14:13:21,7.26,0.01,28,20328,买盘
1815,14:13:25,7.26,0.0,47,34122,买盘
1816,14:13:27,7.25,-0.01,20,14500,卖盘
1817,14:13:37,7.25,0.0,20,14500,卖盘
1818,14:13:40,7.25,0.0,21,15225,卖盘
1819,14:13:49,7.26,0.01,68,49307,买盘
1820,14:13:52,7.25,-0.01,12,8700,卖盘
1821,14:13:57,7.25,0.0,80,58000,卖盘
1822,14:14:07,7.26,0.01,169,122625,买盘
1823,14:14:10,7.25,-0.01,5,3625,卖盘
1824,14:14:13,7.26,0.01,39,28314,买盘
1825,14:14:21,7.26,0.0,25,18150,买盘
1826,14:14:25,7.26,0.0,1,726,买盘
1827,14:14:28,7.26,0.0,10,7260,买盘
1828,14:14:31,7.26,0.0,20,14520,买盘
1829,14:14:34,7.26,0.0,2,1452,买盘
1830,14:14:37,7.26,0.0,9,6534,买盘
1831,14:14:46,7.26,0.0,10,7260,买盘
1832,14:14:52,7.26,0.0,10,7260,买盘
1833,14:14:57,7.26,0.0,41,29766,买盘
1834,14:15:07,7.26,0.0,2,1452,卖盘
1835,14:15:12,7.27,0.01,38,27626,买盘
1836,14:15:31,7.27,0.0,12,8724,卖盘
1837,14:15:37,7.27,0.0,10,7270,买盘
1838,14:15:40,7.27,0.0,13,9451,买盘
1839,14:15:55,7.26,-0.01,20,14520,卖盘
1840,14:16:01,7.27,0.01,3,2181,买盘
1841,14:16:16,7.27,0.0,40,29053,买盘
1842,14:16:22,7.27,0.0,18,13086,买盘
1843,14:16:28,7.26,-0.01,50,36320,卖盘
1844,14:16:45,7.26,0.0,15,10890,卖盘
1845,14:16:55,7.26,0.0,13,9438,卖盘
1846,14:17:04,7.26,0.0,18,13068,卖盘
1847,14:17:07,7.26,0.0,10,7260,卖盘
1848,14:17:10,7.26,0.0,10,7260,卖盘
1849,14:17:19,7.27,0.01,14,10178,买盘
1850,14:17:22,7.26,-0.01,13,9438,卖盘
1851,14:17:34,7.27,0.01,7,5089,买盘
1852,14:17:37,7.26,-0.01,23,16698,卖盘
1853,14:17:40,7.27,0.01,7,5089,买盘
1854,14:17:49,7.26,-0.01,20,14531,卖盘
1855,14:17:52,7.27,0.01,1,727,买盘
1856,14:17:57,7.27,0.0,10,7270,买盘
1857,14:18:04,7.26,-0.01,66,47926,卖盘
1858,14:18:07,7.28,0.02,65,47242,买盘
1859,14:18:12,7.28,0.0,10,7280,买盘
1860,14:18:18,7.27,-0.01,3,2181,买盘
1861,14:18:25,7.27,0.0,36,26172,买盘
1862,14:18:28,7.27,0.0,16,11632,卖盘
1863,14:18:45,7.28,0.01,78,56784,买盘
1864,14:18:55,7.28,0.0,10,7280,卖盘
1865,14:19:01,7.28,0.0,11,8008,卖盘
1866,14:19:06,7.28,0.0,10,7280,卖盘
1867,14:19:27,7.28,0.0,10,7280,卖盘
1868,14:19:43,7.29,0.01,100,72900,买盘
1869,14:20:31,7.29,0.0,8,5832,买盘
1870,14:20:37,7.29,0.0,2,1458,买盘
1871,14:20:40,7.29,0.0,3,2187,买盘
1872,14:20:43,7.29,0.0,237,172576,买盘
1873,14:20:46,7.29,0.0,2,1458,买盘
1874,14:20:49,7.29,0.0,44,32076,买盘
1875,14:21:07,7.28,-0.01,1,728,卖盘
1876,14:21:18,7.28,0.0,21,15288,卖盘
1877,14:21:34,7.27,-0.01,6,4367,卖盘
1878,14:21:37,7.27,0.0,1,727,卖盘
1879,14:21:43,7.28,0.01,5,3640,买盘
1880,14:21:45,7.27,-0.01,127,92329,卖盘
1881,14:21:49,7.28,0.01,80,58226,买盘
1882,14:21:54,7.27,-0.01,20,14540,卖盘
1883,14:22:19,7.28,0.01,26,18928,买盘
1884,14:22:37,7.27,-0.01,3,2181,卖盘
1885,14:22:40,7.28,0.01,159,115752,买盘
1886,14:22:43,7.28,0.0,54,39312,买盘
1887,14:22:49,7.28,0.0,55,40040,买盘
1888,14:22:51,7.28,0.0,7,5096,卖盘
1889,14:23:01,7.29,0.01,20,14577,买盘
1890,14:23:16,7.28,-0.01,9,6555,卖盘
1891,14:23:22,7.28,0.0,28,20384,买盘
1892,14:23:34,7.29,0.01,3,2187,买盘
1893,14:23:40,7.28,-0.01,21,15288,卖盘
1894,14:23:52,7.28,0.0,184,133952,卖盘
1895,14:23:55,7.28,0.0,1,728,买盘
1896,14:24:10,7.28,0.0,5,3640,买盘
1897,14:24:13,7.28,0.0,12,8736,买盘
1898,14:24:16,7.28,0.0,3,2184,买盘
1899,14:24:45,7.28,0.0,3,2184,买盘
1900,14:24:52,7.28,0.0,5,3640,买盘
1901,14:24:55,7.27,-0.01,25,18175,卖盘
1902,14:25:01,7.27,0.0,3,2181,卖盘
1903,14:25:06,7.27,0.0,7,5089,卖盘
1904,14:25:18,7.28,0.01,78,56784,买盘
1905,14:25:25,7.27,-0.01,20,14540,卖盘
1906,14:25:30,7.28,0.01,10,7280,买盘
1907,14:25:43,7.27,-0.01,31,22537,卖盘
1908,14:26:01,7.28,0.01,100,72800,买盘
1909,14:26:31,7.28,0.0,6,4368,买盘
1910,14:26:33,7.28,0.0,28,20384,买盘
1911,14:26:52,7.27,-0.01,20,14540,卖盘
1912,14:27:00,7.27,0.0,35,25445,卖盘
1913,14:27:19,7.28,0.01,61,44400,买盘
1914,14:27:21,7.27,-0.01,78,56706,卖盘
1915,14:27:25,7.27,0.0,15,10905,卖盘
1916,14:27:33,7.27,0.0,11,7997,卖盘
1917,14:27:52,7.27,0.0,169,122863,卖盘
1918,14:28:01,7.28,0.01,24,17462,买盘
1919,14:28:07,7.28,0.0,34,24752,买盘
1920,14:28:10,7.27,-0.01,1,727,卖盘
1921,14:28:21,7.27,0.0,3,2181,卖盘
1922,14:28:25,7.27,0.0,10,7270,卖盘
1923,14:28:28,7.27,0.0,16,11633,卖盘
1924,14:28:48,7.28,0.01,50,36400,买盘
1925,14:28:52,7.28,0.0,65,47320,买盘
1926,14:28:55,7.28,0.0,30,21840,买盘
1927,14:29:01,7.28,0.0,107,77896,买盘
1928,14:29:04,7.28,0.0,2,1456,买盘
1929,14:29:12,7.28,0.0,6,4368,买盘
1930,14:29:16,7.28,0.0,29,21112,买盘
1931,14:29:24,7.28,0.0,2,1456,买盘
1932,14:29:31,7.28,0.0,6,4368,卖盘
1933,14:29:37,7.28,0.0,29,21112,买盘
1934,14:29:40,7.28,0.0,9,6552,买盘
1935,14:29:43,7.28,0.0,5,3640,卖盘
1936,14:29:52,7.27,-0.01,6,4362,卖盘
1937,14:29:55,7.27,0.0,21,15267,卖盘
1938,14:29:58,7.29,0.02,124,90346,买盘
1939,14:30:25,7.29,0.0,13,9477,买盘
1940,14:30:31,7.29,0.0,8,5832,买盘
1941,14:30:52,7.28,-0.01,71,51688,卖盘
1942,14:30:57,7.28,0.0,45,32760,买盘
1943,14:31:04,7.28,0.0,1,728,买盘
1944,14:31:07,7.27,-0.01,5,3635,卖盘
1945,14:31:09,7.28,0.01,10,7280,买盘
1946,14:31:13,7.28,0.0,10,7280,买盘
1947,14:31:16,7.28,0.0,4,2912,买盘
1948,14:31:22,7.27,-0.01,20,14540,卖盘
1949,14:31:28,7.28,0.01,76,55328,买盘
1950,14:31:34,7.27,-0.01,6,4362,卖盘
1951,14:31:36,7.27,0.0,20,14540,卖盘
1952,14:32:04,7.27,0.0,5,3635,卖盘
1953,14:32:06,7.27,0.0,13,9451,卖盘
1954,14:32:10,7.28,0.01,30,21820,买盘
1955,14:32:16,7.28,0.0,4,2912,买盘
1956,14:32:33,7.27,-0.01,7,5089,卖盘
1957,14:32:36,7.28,0.01,2,1456,买盘
1958,14:32:43,7.27,-0.01,9,6543,卖盘
1959,14:32:48,7.27,0.0,40,29080,卖盘
1960,14:32:58,7.28,0.01,1,728,买盘
1961,14:33:04,7.27,-0.01,5,3635,卖盘
1962,14:33:06,7.28,0.01,5,3640,买盘
1963,14:33:10,7.27,-0.01,2,1454,卖盘
1964,14:33:22,7.27,0.0,3,2181,卖盘
1965,14:33:24,7.28,0.01,1,728,买盘
1966,14:33:27,7.28,0.0,17,12376,买盘
1967,14:33:30,7.27,-0.01,3,2181,卖盘
1968,14:33:49,7.27,0.0,104,75608,卖盘
1969,14:33:52,7.28,0.01,105,76440,买盘
1970,14:33:55,7.26,-0.02,200,145254,卖盘
1971,14:34:24,7.26,0.0,10,7260,卖盘
1972,14:34:31,7.26,0.0,60,43560,卖盘
1973,14:34:37,7.27,0.01,27,19629,买盘
1974,14:34:55,7.25,-0.02,200,145133,卖盘
1975,14:35:01,7.26,0.01,23,16698,卖盘
1976,14:35:04,7.27,0.01,10,7270,买盘
1977,14:35:07,7.26,-0.01,36,26136,卖盘
1978,14:35:16,7.27,0.01,141,102416,买盘
1979,14:35:24,7.26,-0.01,10,7260,卖盘
1980,14:35:28,7.27,0.01,8,5816,买盘
1981,14:35:34,7.27,0.0,10,7270,买盘
1982,14:35:37,7.26,-0.01,5,3630,卖盘
1983,14:35:43,7.27,0.01,10,7270,买盘
1984,14:35:49,7.27,0.0,20,14540,买盘
1985,14:35:55,7.26,-0.01,50,36300,卖盘
1986,14:35:58,7.27,0.01,5,3635,买盘
1987,14:36:01,7.27,0.0,5,3635,买盘
1988,14:36:04,7.27,0.0,50,36350,买盘
1989,14:36:07,7.27,0.0,5,3635,买盘
1990,14:36:10,7.27,0.0,40,29080,买盘
1991,14:36:12,7.27,0.0,5,3635,买盘
1992,14:36:19,7.26,-0.01,5,3630,卖盘
1993,14:36:24,7.26,0.0,13,9438,卖盘
1994,14:36:28,7.27,0.01,100,72700,买盘
1995,14:36:34,7.27,0.0,10,7270,买盘
1996,14:36:37,7.27,0.0,23,16721,买盘
1997,14:36:40,7.27,0.0,1,727,买盘
1998,14:36:43,7.27,0.0,20,14540,买盘
1999,14:36:52,7.27,0.0,70,50890,买盘
2000,14:36:54,7.27,0.0,9,6543,卖盘
2001,14:37:01,7.27,0.0,22,15994,卖盘
2002,14:37:04,7.27,0.0,62,45074,卖盘
2003,14:37:06,7.28,0.01,5,3640,买盘
2004,14:37:10,7.28,0.0,1,728,买盘
2005,14:37:13,7.27,-0.01,50,36350,卖盘
2006,14:37:22,7.28,0.01,136,98892,买盘
2007,14:37:28,7.28,0.0,10,7280,买盘
2008,14:37:39,7.28,0.0,10,7280,买盘
2009,14:37:43,7.27,-0.01,1,727,卖盘
2010,14:37:46,7.27,0.0,52,37849,卖盘
2011,14:37:48,7.27,0.0,18,13086,卖盘
2012,14:37:52,7.28,0.01,60,43650,买盘
2013,14:37:55,7.28,0.0,6,4368,买盘
2014,14:38:07,7.27,-0.01,20,14540,卖盘
2015,14:38:16,7.28,0.01,4,2912,买盘
2016,14:38:22,7.28,0.0,3,2184,买盘
2017,14:38:28,7.27,-0.01,2,1454,卖盘
2018,14:38:31,7.27,0.0,37,26899,卖盘
2019,14:38:37,7.27,0.0,19,13813,卖盘
2020,14:38:43,7.28,0.01,3,2184,买盘
2021,14:38:49,7.27,-0.01,49,35623,卖盘
2022,14:38:55,7.28,0.01,2,1456,买盘
2023,14:38:58,7.27,-0.01,9,6543,卖盘
2024,14:39:07,7.28,0.01,5,3640,买盘
2025,14:39:19,7.28,0.0,4,2912,买盘
2026,14:39:22,7.27,-0.01,60,43670,卖盘
2027,14:39:25,7.28,0.01,86,62608,买盘
2028,14:39:30,7.27,-0.01,2,1454,卖盘
2029,14:39:37,7.28,0.01,11,8008,买盘
2030,14:39:40,7.28,0.0,50,36400,买盘
2031,14:39:42,7.27,-0.01,15,10905,卖盘
2032,14:39:46,7.28,0.01,84,61152,买盘
2033,14:39:55,7.28,0.0,36,26195,卖盘
2034,14:40:09,7.28,0.0,43,31304,买盘
2035,14:40:13,7.28,0.0,11,8008,卖盘
2036,14:40:16,7.27,-0.01,100,72700,卖盘
2037,14:40:25,7.27,0.0,541,393381,卖盘
2038,14:40:34,7.27,0.0,10,7270,卖盘
2039,14:40:39,7.28,0.01,40,29120,卖盘
2040,14:40:48,7.28,0.0,8,5824,卖盘
2041,14:40:58,7.28,0.0,50,36400,卖盘
2042,14:41:01,7.28,0.0,71,51688,卖盘
2043,14:41:07,7.28,0.0,34,24752,卖盘
2044,14:41:10,7.28,0.0,2,1456,买盘
2045,14:41:21,7.27,-0.01,29,21083,卖盘
2046,14:41:25,7.28,0.01,22,16004,买盘
2047,14:41:28,7.28,0.0,3,2184,买盘
2048,14:41:34,7.27,-0.01,37,26899,卖盘
2049,14:41:37,7.27,0.0,168,122136,卖盘
2050,14:41:40,7.28,0.01,5,3640,买盘
2051,14:41:52,7.27,-0.01,5,3635,卖盘
2052,14:41:58,7.27,0.0,27,19629,买盘
2053,14:42:04,7.27,0.0,1,727,卖盘
2054,14:42:07,7.27,0.0,58,42166,卖盘
2055,14:42:13,7.27,0.0,2,1454,买盘
2056,14:42:22,7.27,0.0,2,1454,卖盘
2057,14:42:34,7.27,0.0,59,42893,卖盘
2058,14:42:40,7.27,0.0,10,7270,卖盘
2059,14:42:43,7.27,0.0,88,63976,卖盘
2060,14:42:55,7.26,-0.01,60,43560,卖盘
2061,14:43:01,7.26,0.0,6,4356,卖盘
2062,14:43:04,7.26,0.0,100,72600,卖盘
2063,14:43:22,7.27,0.01,14,10178,买盘
2064,14:43:28,7.26,-0.01,5,3630,卖盘
2065,14:43:37,7.26,0.0,8,5808,卖盘
2066,14:43:46,7.26,0.0,11,7986,卖盘
2067,14:43:49,7.26,0.0,4,2904,卖盘
2068,14:43:52,7.26,0.0,34,24684,卖盘
2069,14:43:55,7.26,0.0,170,123420,卖盘
2070,14:43:58,7.26,0.0,6,4356,卖盘
2071,14:44:04,7.26,0.0,91,66066,卖盘
2072,14:44:07,7.26,0.0,23,16698,买盘
2073,14:44:10,7.26,0.0,177,128502,卖盘
2074,14:44:13,7.25,-0.01,122,88450,卖盘
2075,14:44:16,7.26,0.01,15,10890,买盘
2076,14:44:19,7.26,0.0,31,22506,买盘
2077,14:44:28,7.25,-0.01,136,98639,卖盘
2078,14:44:31,7.25,0.0,562,407450,卖盘
2079,14:44:34,7.25,0.0,73,52925,卖盘
2080,14:44:37,7.25,0.0,37,26825,买盘
2081,14:44:48,7.24,-0.01,82,59368,卖盘
2082,14:44:54,7.24,0.0,21,15213,卖盘
2083,14:44:58,7.24,0.0,53,38372,卖盘
2084,14:45:00,7.25,0.01,120,86980,买盘
2085,14:45:04,7.24,-0.01,29,20996,卖盘
2086,14:45:10,7.24,0.0,7,5068,卖盘
2087,14:45:13,7.24,0.0,52,37648,卖盘
2088,14:45:16,7.24,0.0,15,10860,卖盘
2089,14:45:19,7.24,0.0,34,24616,卖盘
2090,14:45:22,7.25,0.01,3,2175,买盘
2091,14:45:25,7.24,-0.01,61,44164,卖盘
2092,14:45:27,7.24,0.0,70,50680,卖盘
2093,14:45:31,7.24,0.0,10,7240,卖盘
2094,14:45:34,7.24,0.0,66,47784,卖盘
2095,14:45:37,7.24,0.0,53,38376,卖盘
2096,14:45:40,7.25,0.01,122,88344,买盘
2097,14:45:42,7.24,-0.01,20,14480,卖盘
2098,14:45:49,7.24,0.0,114,82536,卖盘
2099,14:45:52,7.24,0.0,22,15928,卖盘
2100,14:45:55,7.24,0.0,249,180276,卖盘
2101,14:46:01,7.23,-0.01,5,3615,卖盘
2102,14:46:04,7.23,0.0,65,46995,卖盘
2103,14:46:10,7.23,0.0,30,21690,卖盘
2104,14:46:13,7.23,0.0,12,8676,卖盘
2105,14:46:16,7.24,0.01,25,18100,买盘
2106,14:46:18,7.23,-0.01,27,19521,卖盘
2107,14:46:21,7.23,0.0,109,78807,卖盘
2108,14:46:24,7.23,0.0,48,34704,卖盘
2109,14:46:28,7.23,0.0,28,20234,买盘
2110,14:46:30,7.23,0.0,139,100497,买盘
2111,14:46:34,7.23,0.0,122,88206,卖盘
2112,14:46:36,7.23,0.0,29,20968,卖盘
2113,14:46:40,7.23,0.0,62,44826,卖盘
2114,14:46:43,7.23,0.0,23,16608,买盘
2115,14:46:49,7.23,0.0,210,151830,买盘
2116,14:46:52,7.22,-0.01,50,36100,卖盘
2117,14:46:55,7.22,0.0,50,36100,卖盘
2118,14:46:57,7.22,0.0,1,722,买盘
2119,14:47:01,7.22,0.0,40,28880,买盘
2120,14:47:04,7.22,0.0,20,14440,买盘
2121,14:47:07,7.21,-0.01,11,7936,卖盘
2122,14:47:10,7.21,0.0,117,84357,卖盘
2123,14:47:16,7.21,0.0,202,145642,卖盘
2124,14:47:18,7.21,0.0,4,2884,买盘
2125,14:47:21,7.21,0.0,10,7210,买盘
2126,14:47:25,7.21,0.0,1,721,买盘
2127,14:47:28,7.2,-0.01,50,36010,卖盘
2128,14:47:30,7.2,0.0,543,391057,卖盘
2129,14:47:34,7.21,0.01,51,36741,买盘
2130,14:47:37,7.21,0.0,73,52633,买盘
2131,14:47:40,7.21,0.0,116,83636,卖盘
2132,14:47:43,7.2,-0.01,460,331383,卖盘
2133,14:47:46,7.2,0.0,180,129600,买盘
2134,14:47:52,7.2,0.0,8,5755,买盘
2135,14:47:55,7.19,-0.01,44,31656,卖盘
2136,14:47:58,7.19,0.0,146,104981,卖盘
2137,14:48:01,7.18,-0.01,100,71816,卖盘
2138,14:48:04,7.18,0.0,31,22258,卖盘
2139,14:48:07,7.19,0.01,16,11492,买盘
2140,14:48:10,7.18,-0.01,27,19387,卖盘
2141,14:48:13,7.18,0.0,127,91188,卖盘
2142,14:48:16,7.18,0.0,211,151589,卖盘
2143,14:48:19,7.18,0.0,105,75390,卖盘
2144,14:48:22,7.18,0.0,124,89040,卖盘
2145,14:48:25,7.18,0.0,73,52407,买盘
2146,14:48:28,7.18,0.0,178,127738,买盘
2147,14:48:31,7.18,0.0,32,22976,买盘
2148,14:48:34,7.18,0.0,48,34485,卖盘
2149,14:48:37,7.19,0.01,136,97680,买盘
2150,14:48:40,7.19,0.0,32,23008,买盘
2151,14:48:43,7.19,0.0,63,45278,买盘
2152,14:48:46,7.18,-0.01,144,103492,卖盘
2153,14:48:48,7.2,0.02,80,57463,买盘
2154,14:48:52,7.18,-0.02,74,53152,卖盘
2155,14:48:55,7.19,0.01,239,171616,中性盘
2156,14:48:57,7.17,-0.02,268,192411,卖盘
2157,14:49:01,7.19,0.02,21,15100,中性盘
2158,14:49:04,7.19,0.0,15,10794,买盘
2159,14:49:10,7.19,0.0,7,5033,买盘
2160,14:49:12,7.18,-0.01,184,132122,卖盘
2161,14:49:16,7.2,0.02,50,36000,买盘
2162,14:49:19,7.18,-0.02,154,110657,卖盘
2163,14:49:22,7.19,0.01,147,105560,卖盘
2164,14:49:24,7.18,-0.01,153,109854,卖盘
2165,14:49:28,7.19,0.01,91,65427,买盘
2166,14:49:31,7.19,0.0,310,223063,买盘
2167,14:49:34,7.19,0.0,46,33074,买盘
2168,14:49:40,7.18,-0.01,83,59619,卖盘
2169,14:49:43,7.19,0.01,5,3595,中性盘
2170,14:49:51,7.18,-0.01,182,130711,卖盘
2171,14:49:55,7.18,0.0,65,46674,卖盘
2172,14:50:01,7.19,0.01,108,77644,买盘
2173,14:50:04,7.19,0.0,41,29479,买盘
2174,14:50:06,7.18,-0.01,139,99833,卖盘
2175,14:50:10,7.19,0.01,23,16537,卖盘
2176,14:50:13,7.19,0.0,102,73338,卖盘
2177,14:50:16,7.19,0.0,28,20150,卖盘
2178,14:50:19,7.2,0.01,324,233236,买盘
2179,14:50:22,7.2,0.0,10,7200,卖盘
2180,14:50:28,7.2,0.0,5,3600,卖盘
2181,14:50:34,7.21,0.01,8,5763,买盘
2182,14:50:37,7.21,0.0,11,7931,买盘
2183,14:50:43,7.21,0.0,53,38213,卖盘
2184,14:50:46,7.21,0.0,14,10094,卖盘
2185,14:50:49,7.21,0.0,6,4326,卖盘
2186,14:50:52,7.21,0.0,39,28119,卖盘
2187,14:50:55,7.21,0.0,18,12993,卖盘
2188,14:51:01,7.22,0.01,50,36100,买盘
2189,14:51:06,7.21,-0.01,135,97398,卖盘
2190,14:51:12,7.22,0.01,68,49096,卖盘
2191,14:51:16,7.22,0.0,17,12274,卖盘
2192,14:51:19,7.23,0.01,27,19509,买盘
2193,14:51:25,7.22,-0.01,15,10835,卖盘
2194,14:51:28,7.23,0.01,28,20218,买盘
2195,14:51:31,7.23,0.0,15,10845,买盘
2196,14:51:34,7.22,-0.01,75,54224,卖盘
2197,14:51:37,7.23,0.01,4,2892,买盘
2198,14:51:40,7.23,0.0,77,55671,买盘
2199,14:51:43,7.22,-0.01,33,23826,卖盘
2200,14:51:52,7.23,0.01,42,30354,买盘
2201,14:51:54,7.23,0.0,77,55671,买盘
2202,14:51:58,7.22,-0.01,20,14440,卖盘
2203,14:52:04,7.22,0.0,9,6498,卖盘
2204,14:52:07,7.23,0.01,34,24558,买盘
2205,14:52:10,7.22,-0.01,52,37544,卖盘
2206,14:52:16,7.23,0.01,29,20942,买盘
2207,14:52:19,7.23,0.0,378,273172,买盘
2208,14:52:22,7.22,-0.01,77,56106,卖盘
2209,14:52:25,7.22,0.0,34,24548,卖盘
2210,14:52:34,7.23,0.01,27,19511,买盘
2211,14:52:37,7.23,0.0,28,20244,卖盘
2212,14:52:40,7.23,0.0,41,29643,买盘
2213,14:52:43,7.23,0.0,21,15183,买盘
2214,14:52:52,7.24,0.01,20,14464,买盘
2215,14:52:55,7.24,0.0,63,45612,买盘
2216,14:52:58,7.24,0.0,8,5792,买盘
2217,14:53:01,7.24,0.0,32,23168,买盘
2218,14:53:04,7.24,0.0,10,7240,卖盘
2219,14:53:13,7.24,0.0,111,80364,卖盘
2220,14:53:19,7.24,0.0,44,31856,买盘
2221,14:53:25,7.24,0.0,26,18824,买盘
2222,14:53:31,7.24,0.0,65,47060,买盘
2223,14:53:34,7.24,0.0,52,37603,买盘
2224,14:53:40,7.24,0.0,40,28960,买盘
2225,14:53:45,7.24,0.0,28,20272,买盘
2226,14:53:52,7.24,0.0,60,43440,买盘
2227,14:53:55,7.24,0.0,6,4344,卖盘
2228,14:53:57,7.24,0.0,40,28960,买盘
2229,14:54:01,7.24,0.0,43,31132,买盘
2230,14:54:04,7.24,0.0,20,14480,买盘
2231,14:54:10,7.24,0.0,113,81812,买盘
2232,14:54:13,7.23,-0.01,72,52091,卖盘
2233,14:54:22,7.23,0.0,40,28920,卖盘
2234,14:54:25,7.23,0.0,5,3615,卖盘
2235,14:54:28,7.23,0.0,193,139539,卖盘
2236,14:54:30,7.23,0.0,51,36923,卖盘
2237,14:54:34,7.23,0.0,76,54978,卖盘
2238,14:54:37,7.23,0.0,193,139539,卖盘
2239,14:54:40,7.23,0.0,47,33981,卖盘
2240,14:54:42,7.22,-0.01,58,41924,卖盘
2241,14:54:49,7.23,0.01,32,23136,买盘
2242,14:54:52,7.23,0.0,76,54948,买盘
2243,14:54:55,7.23,0.0,23,16609,买盘
2244,14:54:58,7.22,-0.01,170,122740,卖盘
2245,14:55:01,7.22,0.0,235,169670,卖盘
2246,14:55:04,7.22,0.0,51,36822,买盘
2247,14:55:06,7.21,-0.01,27,19488,卖盘
2248,14:55:10,7.21,0.0,16,11536,卖盘
2249,14:55:19,7.21,0.0,162,116802,卖盘
2250,14:55:22,7.21,0.0,44,31724,卖盘
2251,14:55:24,7.21,0.0,28,20188,卖盘
2252,14:55:28,7.2,-0.01,90,64805,卖盘
2253,14:55:31,7.21,0.01,3,2163,买盘
2254,14:55:34,7.21,0.0,15,10810,买盘
2255,14:55:37,7.21,0.0,16,11536,买盘
2256,14:55:40,7.2,-0.01,28,20173,卖盘
2257,14:55:43,7.2,0.0,209,150481,卖盘
2258,14:55:46,7.2,0.0,96,69120,卖盘
2259,14:55:52,7.2,0.0,27,19440,买盘
2260,14:55:55,7.2,0.0,7,5040,买盘
2261,14:55:58,7.2,0.0,24,17280,买盘
2262,14:56:01,7.2,0.0,17,12225,买盘
2263,14:56:04,7.19,-0.01,367,263923,卖盘
2264,14:56:07,7.2,0.01,118,84932,买盘
2265,14:56:09,7.2,0.0,46,33114,买盘
2266,14:56:13,7.19,-0.01,14,10066,买盘
2267,14:56:16,7.18,-0.01,8,5749,卖盘
2268,14:56:19,7.19,0.01,6,4314,买盘
2269,14:56:22,7.19,0.0,103,74057,买盘
2270,14:56:24,7.19,0.0,9,6471,卖盘
2271,14:56:28,7.19,0.0,93,66867,卖盘
2272,14:56:31,7.19,0.0,55,39545,卖盘
2273,14:56:34,7.2,0.01,69,49643,买盘
2274,14:56:37,7.19,-0.01,15,10785,卖盘
2275,14:56:40,7.19,0.0,51,36688,卖盘
2276,14:56:43,7.2,0.01,30,21600,买盘
2277,14:56:45,7.2,0.0,70,50400,卖盘
2278,14:56:48,7.2,0.0,32,23040,卖盘
2279,14:56:52,7.2,0.0,14,10080,卖盘
2280,14:56:58,7.21,0.01,40,28825,买盘
2281,14:57:01,7.2,-0.01,78,56160,卖盘
2282,14:57:04,7.2,0.0,153,110170,卖盘
2283,15:00:04,7.19,-0.01,1975,1420025,卖盘
