,time,price,change,volume,amount,type
0,09:25:04,24.5,0.21,9,22050,卖盘
1,09:30:03,24.49,-0.01,12,29370,买盘
2,09:30:06,24.48,-0.01,1,2448,买盘
3,09:30:09,24.4,-0.08,1,2440,卖盘
4,09:30:12,24.4,0.0,3,7321,卖盘
5,09:30:16,24.4,0.0,5,12200,卖盘
6,09:30:21,24.41,0.01,14,34209,卖盘
7,09:30:24,24.45,0.04,7,17115,中性盘
8,09:30:39,24.45,0.0,4,9779,买盘
9,09:30:42,24.45,0.0,8,19550,买盘
10,09:30:49,24.45,0.0,2,4890,卖盘
11,09:30:54,24.45,0.0,7,17115,卖盘
12,09:30:57,24.45,0.0,2,4890,卖盘
13,09:31:00,24.45,0.0,5,12225,卖盘
14,09:31:03,24.47,0.02,39,95377,买盘
15,09:31:07,24.41,-0.06,17,41517,卖盘
16,09:31:12,24.41,0.0,1,2441,卖盘
17,09:31:15,24.41,0.0,1,2441,卖盘
18,09:31:27,24.45,0.04,3,7329,买盘
19,09:31:33,24.45,0.0,19,46455,买盘
20,09:31:39,24.42,-0.03,8,19536,中性盘
21,09:31:45,24.42,0.0,7,17096,卖盘
22,09:32:00,24.41,-0.01,5,12205,卖盘
23,09:32:04,24.4,-0.01,27,65892,卖盘
24,09:32:18,24.39,-0.01,1,2439,中性盘
25,09:32:21,24.39,0.0,2,4878,买盘
26,09:32:45,24.39,0.0,1,2439,买盘
27,09:32:51,24.39,0.0,1,2439,买盘
28,09:33:09,24.39,0.0,1,2439,买盘
29,09:33:15,24.39,0.0,2,4877,买盘
30,09:33:24,24.39,0.0,1,2439,买盘
31,09:33:27,24.38,-0.01,4,9752,卖盘
32,09:33:34,24.39,0.01,8,19512,买盘
33,09:33:36,24.38,-0.01,2,4876,卖盘
34,09:33:46,24.39,0.01,11,26827,买盘
35,09:34:06,24.38,-0.01,5,12194,卖盘
36,09:34:09,24.38,0.0,2,4876,卖盘
37,09:34:15,24.37,-0.01,29,70700,卖盘
38,09:34:18,24.37,0.0,2,4871,买盘
39,09:34:24,24.38,0.01,23,56074,买盘
40,09:34:40,24.39,0.01,24,58532,买盘
41,09:34:42,24.38,-0.01,70,170660,卖盘
42,09:34:57,24.38,0.0,1,2438,卖盘
43,09:35:04,24.39,0.01,1,2439,买盘
44,09:35:09,24.4,0.01,17,41476,买盘
45,09:35:15,24.4,0.0,4,9760,买盘
46,09:35:18,24.4,0.0,27,65880,买盘
47,09:35:21,24.39,-0.01,2,4878,买盘
48,09:35:24,24.4,0.01,9,21960,买盘
49,09:35:27,24.4,0.0,2,4880,买盘
50,09:35:31,24.4,0.0,7,17080,买盘
51,09:35:33,24.4,0.0,5,12200,买盘
52,09:35:48,24.39,-0.01,3,7317,卖盘
53,09:35:57,24.39,0.0,3,7317,卖盘
54,09:36:03,24.4,0.01,13,31720,买盘
55,09:36:18,24.42,0.02,5,12207,买盘
56,09:36:24,24.4,-0.02,1,2440,卖盘
57,09:36:27,24.4,0.0,2,4880,卖盘
58,09:36:30,24.39,-0.01,2,4879,卖盘
59,09:36:36,24.39,0.0,6,14634,卖盘
60,09:36:39,24.39,0.0,4,9756,卖盘
61,09:36:42,24.41,0.02,8,19519,买盘
62,09:36:46,24.41,0.0,38,92758,卖盘
63,09:36:49,24.39,-0.02,75,183065,卖盘
64,09:36:51,24.39,0.0,19,46341,卖盘
65,09:36:54,24.39,0.0,20,48780,卖盘
66,09:36:57,24.38,-0.01,36,87796,卖盘
67,09:37:01,24.31,-0.07,126,307069,卖盘
68,09:37:04,24.34,0.03,1,2434,买盘
69,09:37:06,24.31,-0.03,3,7294,卖盘
70,09:37:09,24.3,-0.01,12,29165,卖盘
71,09:37:34,24.32,0.02,1,2432,买盘
72,09:37:51,24.38,0.06,2,4876,买盘
73,09:38:06,24.35,-0.03,8,19481,卖盘
74,09:38:09,24.35,0.0,1,2435,买盘
75,09:38:16,24.35,0.0,2,4870,买盘
76,09:38:19,24.35,0.0,1,2435,买盘
77,09:38:33,24.34,-0.01,7,17038,卖盘
78,09:38:37,24.35,0.01,4,9740,买盘
79,09:38:58,24.34,-0.01,9,21906,卖盘
80,09:39:04,24.34,0.0,5,12170,卖盘
81,09:39:21,24.35,0.01,2,4870,买盘
82,09:39:27,24.35,0.0,2,4870,买盘
83,09:39:30,24.35,0.0,1,2435,买盘
84,09:39:33,24.34,-0.01,8,19472,卖盘
85,09:39:54,24.32,-0.02,5,12160,卖盘
86,09:40:04,24.34,0.02,9,21906,买盘
87,09:40:09,24.35,0.01,20,48687,买盘
88,09:40:16,24.35,0.0,8,19480,买盘
89,09:40:18,24.35,0.0,7,17045,买盘
90,09:40:21,24.35,0.0,16,38960,买盘
91,09:40:24,24.35,0.0,8,19480,买盘
92,09:40:33,24.39,0.04,14,34146,买盘
93,09:40:51,24.39,0.0,2,4878,买盘
94,09:41:04,24.38,-0.01,5,12190,买盘
95,09:41:12,24.36,-0.02,4,9744,卖盘
96,09:41:30,24.33,-0.03,50,121667,卖盘
97,09:42:04,24.36,0.03,1,2436,买盘
98,09:42:06,24.36,0.0,7,17043,买盘
99,09:42:12,24.33,-0.03,11,26763,卖盘
100,09:42:16,24.33,0.0,1,2433,买盘
101,09:42:18,24.36,0.03,4,9744,买盘
102,09:42:21,24.36,0.0,2,4872,买盘
103,09:42:33,24.36,0.0,1,2436,买盘
104,09:42:36,24.36,0.0,1,2436,卖盘
105,09:42:42,24.36,0.0,4,9744,买盘
106,09:42:45,24.37,0.01,20,48740,买盘
107,09:42:57,24.37,0.0,12,29235,买盘
108,09:43:03,24.37,0.0,1,2437,买盘
109,09:43:06,24.37,0.0,19,46303,买盘
110,09:43:09,24.37,0.0,6,14617,买盘
111,09:43:33,24.36,-0.01,2,4872,卖盘
112,09:43:45,24.36,0.0,15,36540,卖盘
113,09:43:51,24.37,0.01,3,7311,买盘
114,09:44:03,24.37,0.0,2,4874,买盘
115,09:44:06,24.37,0.0,3,7311,买盘
116,09:44:18,24.37,0.0,1,2437,买盘
117,09:44:21,24.37,0.0,1,2437,买盘
118,09:44:25,24.37,0.0,1,2437,买盘
119,09:44:27,24.37,0.0,4,9748,买盘
120,09:44:30,24.37,0.0,1,2437,买盘
121,09:44:39,24.33,-0.04,50,121732,卖盘
122,09:44:54,24.34,0.01,1,2434,卖盘
123,09:45:03,24.38,0.04,6,14628,买盘
124,09:45:21,24.38,0.0,2,4876,买盘
125,09:45:33,24.34,-0.04,1,2434,卖盘
126,09:45:36,24.34,0.0,9,21906,买盘
127,09:45:48,24.38,0.04,7,17066,买盘
128,09:46:04,24.38,0.0,12,29256,买盘
129,09:46:39,24.35,-0.03,19,46265,卖盘
130,09:46:54,24.35,0.0,9,21915,买盘
131,09:47:04,24.35,0.0,11,26785,买盘
132,09:47:06,24.35,0.0,2,4870,买盘
133,09:47:09,24.35,0.0,1,2435,买盘
134,09:47:27,24.34,-0.01,13,31651,卖盘
135,09:47:30,24.34,0.0,20,48680,买盘
136,09:47:34,24.33,-0.01,30,73015,卖盘
137,09:47:36,24.34,0.01,21,51114,买盘
138,09:47:39,24.36,0.02,1,2436,买盘
139,09:47:42,24.36,0.0,6,14616,买盘
140,09:47:45,24.36,0.0,5,12180,买盘
141,09:47:48,24.36,0.0,4,9744,买盘
142,09:47:54,24.38,0.02,2,4876,买盘
143,09:48:00,24.38,0.0,2,4876,买盘
144,09:48:04,24.38,0.0,9,21942,买盘
145,09:48:15,24.35,-0.03,1,2435,卖盘
146,09:48:21,24.38,0.03,1,2438,买盘
147,09:48:24,24.38,0.0,2,4876,买盘
148,09:48:27,24.35,-0.03,4,9740,卖盘
149,09:48:54,24.35,0.0,3,7305,卖盘
150,09:48:57,24.35,0.0,2,4870,买盘
151,09:49:04,24.37,0.02,1,2437,买盘
152,09:49:27,24.37,0.0,1,2437,买盘
153,09:49:30,24.37,0.0,15,36555,买盘
154,09:49:54,24.36,-0.01,2,4872,买盘
155,09:49:57,24.36,0.0,3,7308,买盘
156,09:50:04,24.38,0.02,6,14618,买盘
157,09:50:15,24.38,0.0,2,4876,买盘
158,09:50:27,24.36,-0.02,5,12180,卖盘
159,09:50:31,24.37,0.01,15,36555,买盘
160,09:50:33,24.37,0.0,1,2437,买盘
161,09:50:46,24.36,-0.01,5,12180,卖盘
162,09:51:00,24.36,0.0,1,2436,卖盘
163,09:51:03,24.36,0.0,1,2436,买盘
164,09:51:24,24.36,0.0,2,4872,买盘
165,09:51:30,24.37,0.01,15,36554,买盘
166,09:51:39,24.36,-0.01,1,2436,买盘
167,09:52:04,24.37,0.01,10,24369,买盘
168,09:52:18,24.38,0.01,2,4876,买盘
169,09:52:30,24.38,0.0,15,36570,买盘
170,09:52:39,24.38,0.0,22,53636,买盘
171,09:52:54,24.36,-0.02,11,26796,卖盘
172,09:53:00,24.36,0.0,2,4872,买盘
173,09:53:03,24.37,0.01,13,31669,买盘
174,09:53:21,24.35,-0.02,1,2435,卖盘
175,09:53:24,24.37,0.02,9,21928,买盘
176,09:53:27,24.35,-0.02,3,7305,卖盘
177,09:53:30,24.35,0.0,1,2435,买盘
178,09:53:55,24.35,0.0,1,2435,买盘
179,09:54:04,24.37,0.02,16,38974,买盘
180,09:54:06,24.34,-0.03,1,2434,卖盘
181,09:54:12,24.37,0.03,1,2437,买盘
182,09:54:24,24.37,0.0,1,2437,买盘
183,09:54:27,24.37,0.0,3,7311,买盘
184,09:54:39,24.38,0.01,15,36560,买盘
185,09:54:42,24.34,-0.04,1,2434,卖盘
186,09:55:04,24.36,0.02,7,17052,买盘
187,09:55:30,24.34,-0.02,8,19472,卖盘
188,09:55:39,24.34,0.0,3,7302,买盘
189,09:55:48,24.33,-0.01,1,2433,卖盘
190,09:55:51,24.34,0.01,2,4868,买盘
191,09:55:54,24.37,0.03,14,34115,买盘
192,09:56:04,24.37,0.0,9,21925,买盘
193,09:56:30,24.34,-0.03,21,51114,卖盘
194,09:56:39,24.33,-0.01,30,72990,卖盘
195,09:56:45,24.36,0.03,15,36510,买盘
196,09:57:03,24.37,0.01,13,31676,买盘
197,09:57:16,24.37,0.0,8,19496,买盘
198,09:57:21,24.37,0.0,2,4874,买盘
199,09:57:30,24.33,-0.04,15,36495,卖盘
200,09:57:45,24.37,0.04,15,36555,买盘
201,09:58:04,24.37,0.0,13,31681,买盘
202,09:58:18,24.37,0.0,3,7311,买盘
203,09:58:21,24.37,0.0,2,4874,买盘
204,09:58:24,24.37,0.0,9,21933,买盘
205,09:58:27,24.37,0.0,12,29244,买盘
206,09:58:30,24.38,0.01,30,73125,买盘
207,09:58:33,24.38,0.0,21,51198,买盘
208,09:58:36,24.38,0.0,16,39008,买盘
209,09:58:39,24.39,0.01,53,129260,买盘
210,09:58:42,24.39,0.0,27,65853,买盘
211,09:58:46,24.4,0.01,70,170800,买盘
212,09:58:48,24.4,0.0,43,104920,买盘
213,09:58:51,24.41,0.01,40,97640,买盘
214,09:58:57,24.4,-0.01,11,26840,卖盘
215,09:59:00,24.4,0.0,3,7320,买盘
216,09:59:03,24.41,0.01,66,161100,买盘
217,09:59:18,24.42,0.01,10,24420,买盘
218,09:59:21,24.42,0.0,7,17093,买盘
219,09:59:39,24.42,0.0,32,78144,买盘
220,09:59:45,24.42,0.0,85,207488,买盘
221,09:59:48,24.42,0.0,16,39072,买盘
222,10:00:06,24.4,-0.02,3,7320,卖盘
223,10:00:24,24.4,0.0,3,7320,买盘
224,10:00:48,24.41,0.01,20,48808,买盘
225,10:01:12,24.4,-0.01,1,2440,中性盘
226,10:01:15,24.42,0.02,100,244165,买盘
227,10:01:39,24.42,0.0,5,12210,买盘
228,10:01:45,24.42,0.0,10,24420,买盘
229,10:01:48,24.42,0.0,16,39072,买盘
230,10:01:54,24.42,0.0,2,4884,买盘
231,10:02:00,24.42,0.0,100,244200,买盘
232,10:02:03,24.42,0.0,16,39072,买盘
233,10:02:06,24.43,0.01,13,31759,买盘
234,10:02:12,24.43,0.0,1,2443,买盘
235,10:02:16,24.43,0.0,21,51303,买盘
236,10:02:51,24.43,0.0,2,4886,卖盘
237,10:02:54,24.44,0.01,16,39104,买盘
238,10:03:07,24.44,0.0,20,48880,买盘
239,10:03:18,24.43,-0.01,6,14658,卖盘
240,10:03:21,24.43,0.0,10,24430,卖盘
241,10:03:24,24.44,0.01,8,19552,买盘
242,10:03:34,24.43,-0.01,17,41531,卖盘
243,10:03:36,24.42,-0.01,26,63513,卖盘
244,10:03:42,24.38,-0.04,18,43934,卖盘
245,10:04:39,24.41,0.03,1,2441,买盘
246,10:04:42,24.42,0.01,24,58608,买盘
247,10:04:45,24.42,0.0,12,29304,买盘
248,10:04:52,24.42,0.0,2,4884,买盘
249,10:04:54,24.42,0.0,32,78144,买盘
250,10:05:00,24.43,0.01,37,90391,买盘
251,10:05:06,24.44,0.01,1,2444,买盘
252,10:05:25,24.44,0.0,2,4888,买盘
253,10:05:27,24.44,0.0,11,26884,买盘
254,10:05:55,24.44,0.0,51,124644,买盘
255,10:05:57,24.44,0.0,16,39110,卖盘
256,10:06:03,24.46,0.02,22,53798,买盘
257,10:06:06,24.46,0.0,4,9784,买盘
258,10:06:09,24.45,-0.01,10,24450,卖盘
259,10:06:18,24.45,0.0,8,19560,买盘
260,10:06:21,24.44,-0.01,14,34220,卖盘
261,10:06:27,24.45,0.01,17,41562,买盘
262,10:06:33,24.46,0.01,1,2446,买盘
263,10:06:42,24.46,0.0,37,90502,买盘
264,10:06:45,24.46,0.0,21,51366,卖盘
265,10:07:04,24.46,0.0,5,12230,买盘
266,10:07:42,24.47,0.01,2,4894,买盘
267,10:07:57,24.47,0.0,5,12235,买盘
268,10:08:00,24.47,0.0,5,12235,买盘
269,10:08:04,24.47,0.0,8,19576,买盘
270,10:08:06,24.47,0.0,11,26917,买盘
271,10:08:09,24.43,-0.04,28,68467,卖盘
272,10:08:12,24.47,0.04,8,19576,买盘
273,10:08:15,24.47,0.0,48,117456,买盘
274,10:08:18,24.49,0.02,274,670772,买盘
275,10:08:39,24.49,0.0,2,4898,买盘
276,10:09:03,24.49,0.0,6,14689,买盘
277,10:09:09,24.49,0.0,60,146940,买盘
278,10:09:13,24.49,0.0,1,2449,卖盘
279,10:09:18,24.5,0.01,5,12250,买盘
280,10:09:42,24.5,0.0,3,7350,买盘
281,10:09:46,24.49,-0.01,5,12245,卖盘
282,10:09:48,24.49,0.0,41,100409,卖盘
283,10:09:54,24.49,0.0,10,24490,买盘
284,10:10:04,24.48,-0.01,1,2448,中性盘
285,10:10:13,24.48,0.0,1,2448,买盘
286,10:10:16,24.45,-0.03,5,12225,卖盘
287,10:10:39,24.46,0.01,2,4892,卖盘
288,10:10:45,24.46,0.0,2,4892,卖盘
289,10:10:54,24.48,0.02,41,100363,买盘
290,10:11:04,24.49,0.01,3,7347,买盘
291,10:11:12,24.48,-0.01,10,24480,卖盘
292,10:11:21,24.48,0.0,1,2448,买盘
293,10:11:42,24.48,0.0,4,9792,买盘
294,10:12:03,24.48,0.0,8,19584,买盘
295,10:12:33,24.46,-0.02,5,12231,卖盘
296,10:12:51,24.46,0.0,5,12230,卖盘
297,10:13:04,24.48,0.02,9,22031,买盘
298,10:13:18,24.47,-0.01,2,4894,卖盘
299,10:13:21,24.48,0.01,4,9792,买盘
300,10:13:28,24.47,-0.01,5,12235,卖盘
301,10:13:31,24.46,-0.01,7,17123,卖盘
302,10:13:57,24.47,0.01,1,2447,卖盘
303,10:14:04,24.48,0.01,12,29376,买盘
304,10:14:12,24.47,-0.01,1,2447,卖盘
305,10:14:24,24.49,0.02,50,122431,买盘
306,10:14:51,24.47,-0.02,15,36714,卖盘
307,10:14:55,24.47,0.0,8,19576,买盘
308,10:15:04,24.47,0.0,5,12235,买盘
309,10:15:06,24.47,0.0,3,7341,买盘
310,10:15:09,24.47,0.0,8,19576,买盘
311,10:15:12,24.47,0.0,4,9788,买盘
312,10:15:15,24.47,0.0,1,2447,买盘
313,10:15:21,24.5,0.03,30,73500,买盘
314,10:15:36,24.5,0.0,16,39200,买盘
315,10:15:40,24.5,0.0,10,24500,买盘
316,10:16:00,24.5,0.0,8,19600,买盘
317,10:16:04,24.5,0.0,4,9800,买盘
318,10:16:06,24.5,0.0,11,26950,买盘
319,10:16:09,24.5,0.0,1,2450,买盘
320,10:16:12,24.5,0.0,1,2450,买盘
321,10:16:33,24.5,0.0,22,53900,买盘
322,10:16:42,24.52,0.02,9,22068,买盘
323,10:16:48,24.52,0.0,5,12260,卖盘
324,10:17:00,24.53,0.01,5,12265,买盘
325,10:17:04,24.53,0.0,7,17171,买盘
326,10:17:06,24.53,0.0,36,88308,买盘
327,10:17:09,24.53,0.0,12,29436,卖盘
328,10:17:31,24.53,0.0,6,14719,卖盘
329,10:17:33,24.53,0.0,3,7359,卖盘
330,10:17:36,24.54,0.01,10,24540,买盘
331,10:17:39,24.53,-0.01,21,51530,卖盘
332,10:17:42,24.53,0.0,22,53966,卖盘
333,10:17:45,24.54,0.01,5,12268,买盘
334,10:17:57,24.54,0.0,34,83436,买盘
335,10:18:03,24.55,0.01,11,27005,买盘
336,10:18:09,24.55,0.0,8,19640,买盘
337,10:18:28,24.54,-0.01,5,12270,卖盘
338,10:18:33,24.55,0.01,1,2455,买盘
339,10:18:39,24.55,0.0,26,63830,买盘
340,10:18:51,24.55,0.0,5,12275,卖盘
341,10:19:04,24.57,0.02,13,31936,买盘
342,10:19:06,24.55,-0.02,19,46645,卖盘
343,10:19:18,24.55,0.0,9,22095,买盘
344,10:19:30,24.55,0.0,4,9820,卖盘
345,10:19:36,24.55,0.0,16,39280,卖盘
346,10:19:52,24.54,-0.01,10,24540,卖盘
347,10:19:54,24.54,0.0,3,7362,卖盘
348,10:20:00,24.52,-0.02,11,26984,卖盘
349,10:20:03,24.55,0.03,71,174295,买盘
350,10:20:06,24.55,0.0,3,7365,买盘
351,10:20:24,24.54,-0.01,1,2454,买盘
352,10:21:04,24.54,0.0,7,17173,买盘
353,10:21:06,24.52,-0.02,4,9808,卖盘
354,10:21:51,24.51,-0.01,2,4902,卖盘
355,10:21:54,24.5,-0.01,110,269520,卖盘
356,10:22:03,24.51,0.01,8,19608,买盘
357,10:22:15,24.5,-0.01,50,122500,卖盘
358,10:22:48,24.5,0.0,6,14704,卖盘
359,10:23:03,24.51,0.01,12,29412,买盘
360,10:23:06,24.5,-0.01,10,24500,卖盘
361,10:23:13,24.51,0.01,66,161766,买盘
362,10:23:15,24.54,0.03,16,39260,买盘
363,10:23:24,24.54,0.0,5,12270,卖盘
364,10:23:27,24.55,0.01,2,4910,买盘
365,10:24:03,24.55,0.0,1,2455,买盘
366,10:24:09,24.55,0.0,1,2455,买盘
367,10:24:12,24.54,-0.01,7,17183,卖盘
368,10:24:21,24.54,0.0,7,17178,卖盘
369,10:24:27,24.54,0.0,20,49080,卖盘
370,10:24:30,24.54,0.0,2,4908,卖盘
371,10:24:33,24.54,0.0,9,22086,卖盘
372,10:24:36,24.54,0.0,2,4908,卖盘
373,10:25:54,24.53,-0.01,5,12265,买盘
374,10:26:00,24.53,0.0,7,17171,卖盘
375,10:26:04,24.53,0.0,3,7359,买盘
376,10:26:07,24.55,0.02,101,247933,买盘
377,10:26:09,24.55,0.0,2,4910,买盘
378,10:26:12,24.52,-0.03,2,4904,卖盘
379,10:26:24,24.52,0.0,5,12260,卖盘
380,10:26:27,24.54,0.02,7,17178,买盘
381,10:26:51,24.55,0.01,30,73650,买盘
382,10:26:55,24.56,0.01,2,4912,买盘
383,10:26:58,24.55,-0.01,10,24550,卖盘
384,10:27:00,24.56,0.01,4,9824,买盘
385,10:27:03,24.57,0.01,11,27017,买盘
386,10:27:30,24.57,0.0,7,17199,买盘
387,10:27:33,24.57,0.0,5,12285,买盘
388,10:27:39,24.57,0.0,1,2457,买盘
389,10:27:42,24.57,0.0,1,2457,买盘
390,10:27:48,24.57,0.0,14,34398,买盘
391,10:27:54,24.58,0.01,6,14748,买盘
392,10:27:57,24.58,0.0,3,7372,买盘
393,10:28:04,24.58,0.0,20,49160,买盘
394,10:28:12,24.58,0.0,5,12290,买盘
395,10:28:21,24.6,0.02,43,105748,买盘
396,10:28:28,24.6,0.0,15,36900,买盘
397,10:28:31,24.6,0.0,16,39360,买盘
398,10:28:36,24.6,0.0,21,51660,买盘
399,10:28:39,24.6,0.0,2,4920,卖盘
400,10:28:45,24.61,0.01,2,4922,中性盘
401,10:28:52,24.62,0.01,18,44313,买盘
402,10:29:01,24.63,0.01,51,125613,买盘
403,10:29:04,24.64,0.01,13,32032,买盘
404,10:29:18,24.64,0.0,3,7391,买盘
405,10:29:21,24.63,-0.01,22,54186,卖盘
406,10:29:24,24.64,0.01,20,49278,买盘
407,10:29:54,24.63,-0.01,1,2463,买盘
408,10:30:00,24.62,-0.01,4,9848,卖盘
409,10:30:04,24.63,0.01,1,2463,买盘
410,10:30:09,24.63,0.0,4,9852,买盘
411,10:30:12,24.63,0.0,8,19704,卖盘
412,10:30:18,24.63,0.0,14,34492,卖盘
413,10:30:24,24.63,0.0,11,27093,卖盘
414,10:30:27,24.63,0.0,5,12315,卖盘
415,10:30:36,24.63,0.0,2,4926,卖盘
416,10:30:45,24.63,0.0,10,24630,买盘
417,10:30:54,24.63,0.0,4,9852,卖盘
418,10:31:00,24.63,0.0,2,4926,卖盘
419,10:31:09,24.63,0.0,41,100988,卖盘
420,10:31:18,24.62,-0.01,10,24620,卖盘
421,10:31:24,24.62,0.0,11,27082,卖盘
422,10:31:27,24.61,-0.01,6,14775,卖盘
423,10:31:34,24.63,0.02,64,157604,买盘
424,10:31:37,24.61,-0.02,10,24610,卖盘
425,10:31:39,24.61,0.0,3,7383,卖盘
426,10:31:42,24.63,0.02,2,4926,买盘
427,10:32:00,24.62,-0.01,15,36930,买盘
428,10:32:03,24.63,0.01,1,2463,买盘
429,10:32:09,24.63,0.0,18,44323,买盘
430,10:32:15,24.63,0.0,7,17241,买盘
431,10:32:18,24.62,-0.01,2,4924,卖盘
432,10:32:30,24.62,0.0,15,36930,卖盘
433,10:32:33,24.62,0.0,2,4924,卖盘
434,10:32:36,24.62,0.0,10,24620,卖盘
435,10:32:39,24.62,0.0,4,9848,卖盘
436,10:32:42,24.62,0.0,2,4924,卖盘
437,10:32:45,24.62,0.0,15,36930,卖盘
438,10:32:48,24.62,0.0,5,12310,卖盘
439,10:32:52,24.62,0.0,73,179766,卖盘
440,10:32:54,24.62,0.0,1,2462,卖盘
441,10:32:58,24.62,0.0,1,2462,买盘
442,10:33:03,24.64,0.02,7,17248,买盘
443,10:33:21,24.62,-0.02,11,27082,卖盘
444,10:33:30,24.62,0.0,7,17234,买盘
445,10:33:34,24.63,0.01,3,7387,买盘
446,10:33:36,24.62,-0.01,20,49240,中性盘
447,10:33:39,24.61,-0.01,18,44298,卖盘
448,10:33:42,24.63,0.02,9,22151,买盘
449,10:33:54,24.63,0.0,3,7389,买盘
450,10:33:57,24.6,-0.03,12,29526,卖盘
451,10:34:04,24.64,0.04,31,76354,买盘
452,10:34:12,24.64,0.0,5,12320,买盘
453,10:34:24,24.64,0.0,5,12320,买盘
454,10:34:36,24.61,-0.03,13,32011,卖盘
455,10:34:45,24.61,0.0,1,2461,卖盘
456,10:35:01,24.58,-0.03,100,245887,卖盘
457,10:35:06,24.64,0.06,60,147822,买盘
458,10:35:18,24.58,-0.06,4,9832,卖盘
459,10:35:42,24.58,0.0,5,12290,卖盘
460,10:35:48,24.58,0.0,13,31954,卖盘
461,10:36:09,24.58,0.0,2,4916,卖盘
462,10:36:12,24.58,0.0,2,4916,卖盘
463,10:36:36,24.57,-0.01,1,2457,卖盘
464,10:36:51,24.57,0.0,6,14742,买盘
465,10:37:04,24.58,0.01,2,4916,买盘
466,10:37:06,24.58,0.0,1,2458,买盘
467,10:37:09,24.56,-0.02,2,4913,卖盘
468,10:37:31,24.56,0.0,42,103152,卖盘
469,10:37:42,24.59,0.03,1,2459,买盘
470,10:37:51,24.59,0.0,5,12295,买盘
471,10:37:54,24.56,-0.03,3,7368,卖盘
472,10:38:04,24.59,0.03,5,12292,买盘
473,10:38:12,24.58,-0.01,2,4916,买盘
474,10:38:19,24.57,-0.01,415,1017820,中性盘
475,10:38:48,24.58,0.01,30,73740,买盘
476,10:38:57,24.58,0.0,2,4916,买盘
477,10:39:04,24.59,0.01,7,17207,买盘
478,10:39:27,24.58,-0.01,5,12290,买盘
479,10:39:48,24.59,0.01,7,17213,买盘
480,10:40:00,24.59,0.0,14,34426,买盘
481,10:40:06,24.59,0.0,5,12295,买盘
482,10:40:15,24.59,0.0,1,2459,买盘
483,10:40:24,24.6,0.01,3,7380,买盘
484,10:40:33,24.6,0.0,1,2460,买盘
485,10:41:04,24.6,0.0,1,2460,买盘
486,10:41:15,24.59,-0.01,19,46721,卖盘
487,10:41:21,24.6,0.01,4,9840,买盘
488,10:41:33,24.59,-0.01,20,49180,卖盘
489,10:41:36,24.59,0.0,2,4918,卖盘
490,10:41:39,24.59,0.0,8,19672,卖盘
491,10:41:42,24.57,-0.02,14,34404,卖盘
492,10:42:24,24.59,0.02,23,56551,买盘
493,10:42:30,24.59,0.0,2,4918,买盘
494,10:43:04,24.59,0.0,5,12295,买盘
495,10:43:10,24.59,0.0,1,2459,买盘
496,10:43:12,24.59,0.0,1,2459,买盘
497,10:43:27,24.59,0.0,3,7377,买盘
498,10:43:33,24.59,0.0,3,7377,买盘
499,10:43:39,24.6,0.01,3,7380,买盘
500,10:43:42,24.6,0.0,2,4920,买盘
501,10:43:45,24.6,0.0,1,2460,买盘
502,10:43:54,24.59,-0.01,3,7377,卖盘
503,10:44:00,24.6,0.01,1,2460,买盘
504,10:44:03,24.6,0.0,19,46740,买盘
505,10:44:06,24.6,0.0,15,36900,买盘
506,10:44:18,24.6,0.0,1,2460,买盘
507,10:44:27,24.59,-0.01,10,24590,卖盘
508,10:44:36,24.6,0.01,16,39360,买盘
509,10:44:39,24.59,-0.01,23,56557,卖盘
510,10:45:04,24.57,-0.02,34,83560,卖盘
511,10:45:06,24.57,0.0,8,19656,买盘
512,10:45:54,24.59,0.02,2,4918,买盘
513,10:46:06,24.59,0.0,1,2459,买盘
514,10:46:09,24.59,0.0,2,4918,买盘
515,10:47:00,24.59,0.0,10,24590,买盘
516,10:47:04,24.59,0.0,5,12295,买盘
517,10:47:12,24.58,-0.01,1,2458,卖盘
518,10:47:15,24.58,0.0,4,9832,买盘
519,10:47:21,24.58,0.0,1,2458,买盘
520,10:47:28,24.57,-0.01,14,34398,卖盘
521,10:48:04,24.57,0.0,7,17199,买盘
522,10:48:06,24.56,-0.01,4,9826,卖盘
523,10:48:39,24.56,0.0,12,29472,卖盘
524,10:48:45,24.59,0.03,132,324373,买盘
525,10:49:04,24.59,0.0,10,24590,买盘
526,10:49:07,24.59,0.0,25,61475,买盘
527,10:49:10,24.6,0.01,1,2460,买盘
528,10:49:21,24.6,0.0,31,78671,买盘
529,10:49:24,24.62,0.02,11,27062,买盘
530,10:49:33,24.62,0.0,8,19696,买盘
531,10:49:57,24.6,-0.02,11,27066,卖盘
532,10:50:04,24.62,0.02,16,39387,买盘
533,10:50:06,24.7,0.08,648,1598421,买盘
534,10:50:09,24.7,0.0,16,39530,卖盘
535,10:50:15,24.71,0.01,4,9882,买盘
536,10:50:18,24.71,0.0,15,37065,买盘
537,10:50:30,24.7,-0.01,4,9883,卖盘
538,10:50:36,24.7,0.0,56,138374,卖盘
539,10:50:39,24.71,0.01,1,2471,买盘
540,10:50:42,24.7,-0.01,100,247000,卖盘
541,10:50:45,24.7,0.0,10,24700,卖盘
542,10:50:48,24.7,0.0,13,32115,卖盘
543,10:50:51,24.7,0.0,15,37060,卖盘
544,10:50:54,24.71,0.01,11,27181,买盘
545,10:50:57,24.7,-0.01,24,59315,卖盘
546,10:51:04,24.71,0.01,14,34594,买盘
547,10:51:06,24.71,0.0,1,2471,买盘
548,10:51:12,24.7,-0.01,29,71650,卖盘
549,10:51:15,24.71,0.01,6,14826,买盘
550,10:51:18,24.71,0.0,1,2471,买盘
551,10:51:21,24.71,0.0,10,24710,买盘
552,10:51:24,24.7,-0.01,15,37055,卖盘
553,10:51:30,24.7,0.0,200,494000,卖盘
554,10:51:33,24.71,0.01,76,187762,买盘
555,10:51:36,24.7,-0.01,4,9880,买盘
556,10:51:39,24.68,-0.02,3,7404,卖盘
557,10:51:51,24.68,0.0,2,4936,卖盘
558,10:52:04,24.7,0.02,6,14820,买盘
559,10:52:06,24.68,-0.02,14,34552,卖盘
560,10:52:12,24.68,0.0,1,2468,卖盘
561,10:53:00,24.7,0.02,103,254283,买盘
562,10:53:06,24.7,0.0,27,66650,买盘
563,10:53:39,24.7,0.0,32,79040,买盘
564,10:54:07,24.68,-0.02,12,29629,卖盘
565,10:54:09,24.7,0.02,1,2470,买盘
566,10:54:18,24.7,0.0,1,2470,买盘
567,10:54:24,24.69,-0.01,3,7407,卖盘
568,10:54:27,24.69,0.0,67,165484,卖盘
569,10:54:33,24.7,0.01,21,51870,中性盘
570,10:54:42,24.69,-0.01,3,7407,卖盘
571,10:54:51,24.69,0.0,16,39504,卖盘
572,10:54:57,24.7,0.01,22,54340,买盘
573,10:55:00,24.7,0.0,10,24700,买盘
574,10:55:03,24.7,0.0,14,34578,买盘
575,10:55:15,24.7,0.0,1,2470,买盘
576,10:55:18,24.7,0.0,21,51030,买盘
577,10:55:21,24.7,0.0,17,41997,卖盘
578,10:55:24,24.7,0.0,42,103740,卖盘
579,10:55:28,24.7,0.0,10,24700,卖盘
580,10:55:31,24.7,0.0,4,10720,卖盘
581,10:55:34,24.7,0.0,2,4940,买盘
582,10:56:04,24.7,0.0,7,17287,买盘
583,10:56:15,24.69,-0.01,5,12345,卖盘
584,10:56:18,24.69,0.0,1,2469,中性盘
585,10:56:21,24.7,0.01,1,2470,买盘
586,10:56:48,24.7,0.0,132,325178,买盘
587,10:57:01,24.7,0.0,11,28010,卖盘
588,10:57:15,24.68,-0.02,2,4936,卖盘
589,10:57:24,24.68,0.0,4,9872,卖盘
590,10:57:27,24.68,0.0,6,14808,买盘
591,10:57:30,24.68,0.0,1,2468,买盘
592,10:57:39,24.67,-0.01,4,9868,卖盘
593,10:57:42,24.67,0.0,1,2467,卖盘
594,10:57:45,24.68,0.01,7,17276,买盘
595,10:58:01,24.68,0.0,4,9872,卖盘
596,10:58:06,24.7,0.02,8,19757,买盘
597,10:58:18,24.68,-0.02,55,135740,卖盘
598,10:58:21,24.68,0.0,10,24680,买盘
599,10:58:24,24.68,0.0,65,160420,买盘
600,10:58:27,24.68,0.0,20,49360,买盘
601,10:58:31,24.7,0.02,4,9880,买盘
602,10:58:33,24.7,0.0,1,2470,买盘
603,10:58:45,24.7,0.0,49,121030,买盘
604,10:58:48,24.7,0.0,1,1630,卖盘
605,10:59:04,24.7,0.0,10,24700,买盘
606,10:59:09,24.71,0.01,18,44469,买盘
607,10:59:12,24.8,0.09,524,1297440,买盘
608,10:59:15,24.82,0.02,3,7443,买盘
609,10:59:21,24.82,0.0,1,2482,买盘
610,10:59:27,24.84,0.02,11,27324,买盘
611,10:59:39,24.8,-0.04,4,9921,卖盘
612,10:59:45,24.84,0.04,1,2484,买盘
613,10:59:51,24.82,-0.02,2,4964,卖盘
614,10:59:54,24.82,0.0,10,24820,卖盘
615,10:59:57,24.82,0.0,24,59568,卖盘
616,11:00:00,24.84,0.02,12,29802,买盘
617,11:00:06,24.82,-0.02,24,59614,卖盘
618,11:00:15,24.8,-0.02,41,101682,卖盘
619,11:00:36,24.8,0.0,14,34720,卖盘
620,11:00:42,24.8,0.0,10,24804,卖盘
621,11:00:45,24.8,0.0,1,2480,卖盘
622,11:00:57,24.82,0.02,152,377143,买盘
623,11:01:03,24.83,0.01,1,2483,买盘
624,11:01:06,24.82,-0.01,14,34749,卖盘
625,11:01:15,24.81,-0.01,10,24810,买盘
626,11:01:21,24.8,-0.01,5,12402,卖盘
627,11:01:27,24.82,0.02,11,27302,买盘
628,11:01:36,24.82,0.0,73,181180,买盘
629,11:01:45,24.82,0.0,80,198560,卖盘
630,11:01:48,24.82,0.0,48,119140,卖盘
631,11:01:51,24.82,0.0,8,19856,卖盘
632,11:02:09,24.81,-0.01,4,9925,中性盘
633,11:02:21,24.8,-0.01,5,12400,卖盘
634,11:02:24,24.81,0.01,2,4962,买盘
635,11:02:27,24.81,0.0,5,12405,卖盘
636,11:02:30,24.81,0.0,3,7443,卖盘
637,11:02:33,24.81,0.0,11,27291,卖盘
638,11:02:36,24.81,0.0,96,238186,卖盘
639,11:02:39,24.81,0.0,10,24802,买盘
640,11:02:54,24.81,0.0,5,12405,买盘
641,11:03:06,24.8,-0.01,202,500962,卖盘
642,11:03:10,24.8,0.0,10,24800,卖盘
643,11:03:13,24.8,0.0,4,9921,卖盘
644,11:03:18,24.8,0.0,2,4960,卖盘
645,11:03:24,24.8,0.0,50,124000,卖盘
646,11:03:28,24.8,0.0,29,71920,卖盘
647,11:03:31,24.81,0.01,3,7443,买盘
648,11:03:33,24.8,-0.01,11,27280,卖盘
649,11:03:36,24.8,0.0,10,24800,卖盘
650,11:03:39,24.8,0.0,15,37200,卖盘
651,11:03:42,24.8,0.0,15,37200,卖盘
652,11:04:03,24.8,0.0,7,17360,买盘
653,11:04:24,24.78,-0.02,1,2478,卖盘
654,11:04:30,24.78,0.0,1,2478,买盘
655,11:04:33,24.78,0.0,1,2478,买盘
656,11:04:42,24.73,-0.05,1,2473,卖盘
657,11:04:58,24.78,0.05,6,14843,买盘
658,11:05:04,24.79,0.01,8,19831,买盘
659,11:05:27,24.78,-0.01,3,7434,买盘
660,11:05:30,24.78,0.0,9,22302,买盘
661,11:05:33,24.78,0.0,1,2478,买盘
662,11:05:39,24.8,0.02,157,389272,买盘
663,11:05:42,24.77,-0.03,9,22314,中性盘
664,11:05:45,24.77,0.0,2,4954,卖盘
665,11:05:48,24.8,0.03,18,44640,买盘
666,11:05:54,24.8,0.0,30,74381,买盘
667,11:05:57,24.8,0.0,6,14880,买盘
668,11:06:00,24.84,0.04,102,253172,买盘
669,11:06:04,24.84,0.0,1,2484,买盘
670,11:06:06,24.8,-0.04,44,109120,卖盘
671,11:06:12,24.85,0.05,140,347816,买盘
672,11:06:33,24.82,-0.03,16,39712,卖盘
673,11:06:36,24.82,0.0,1,2482,买盘
674,11:06:39,24.84,0.02,1,2484,买盘
675,11:07:00,24.82,-0.02,2,4964,卖盘
676,11:07:09,24.82,0.0,5,12410,卖盘
677,11:07:24,24.8,-0.02,5,12400,卖盘
678,11:07:30,24.82,0.02,1,2482,买盘
679,11:07:43,24.8,-0.02,2,4960,中性盘
680,11:07:45,24.8,0.0,1,2480,买盘
681,11:07:51,24.8,0.0,2,4960,买盘
682,11:07:54,24.8,0.0,2,4960,卖盘
683,11:08:01,24.78,-0.02,6,14870,卖盘
684,11:08:06,24.82,0.04,4,9928,买盘
685,11:08:09,24.78,-0.04,13,32214,卖盘
686,11:08:16,24.78,0.0,2,4956,买盘
687,11:08:30,24.77,-0.01,2,4954,卖盘
688,11:08:39,24.78,0.01,1,2478,买盘
689,11:08:51,24.78,0.0,14,34680,买盘
690,11:08:57,24.78,0.0,6,14866,买盘
691,11:09:06,24.78,0.0,5,12390,买盘
692,11:09:09,24.76,-0.02,20,49520,卖盘
693,11:10:04,24.78,0.02,1,2478,买盘
694,11:10:06,24.78,0.0,11,27258,买盘
695,11:10:16,24.76,-0.02,1,2476,卖盘
696,11:10:18,24.76,0.0,10,24760,卖盘
697,11:10:30,24.76,0.0,1,2476,卖盘
698,11:10:33,24.77,0.01,1,2477,中性盘
699,11:10:39,24.78,0.01,1,2478,买盘
700,11:10:51,24.76,-0.02,10,24760,卖盘
701,11:11:04,24.78,0.02,10,24780,买盘
702,11:11:09,24.76,-0.02,10,24760,卖盘
703,11:11:15,24.78,0.02,1,2478,买盘
704,11:11:36,24.78,0.0,2,4956,买盘
705,11:11:49,24.76,-0.02,2,4952,卖盘
706,11:12:06,24.76,0.0,11,27236,买盘
707,11:12:09,24.76,0.0,2,4952,买盘
708,11:12:21,24.76,0.0,1,2476,买盘
709,11:12:39,24.76,0.0,10,24760,买盘
710,11:12:48,24.76,0.0,2,4952,买盘
711,11:12:54,24.75,-0.01,2,4950,卖盘
712,11:12:57,24.75,0.0,4,9900,卖盘
713,11:13:06,24.76,0.01,3,7426,买盘
714,11:13:27,24.76,0.0,1,2476,买盘
715,11:13:36,24.74,-0.02,10,24740,卖盘
716,11:13:45,24.74,0.0,1,2474,卖盘
717,11:14:06,24.76,0.02,5,12380,买盘
718,11:15:00,24.76,0.0,40,99040,买盘
719,11:15:04,24.74,-0.02,1,2474,卖盘
720,11:15:06,24.76,0.02,8,19808,买盘
721,11:15:12,24.8,0.04,50,123906,买盘
722,11:15:22,24.8,0.0,50,123998,买盘
723,11:15:25,24.8,0.0,30,74400,买盘
724,11:15:48,24.8,0.0,3,7440,买盘
725,11:15:54,24.8,0.0,1,2480,买盘
726,11:16:03,24.81,0.01,8,19842,买盘
727,11:16:52,24.78,-0.03,1,2478,卖盘
728,11:16:55,24.81,0.03,8,19845,买盘
729,11:16:58,24.81,0.0,1,2481,买盘
730,11:17:04,24.81,0.0,2,4962,买盘
731,11:17:06,24.83,0.02,106,263072,买盘
732,11:17:12,24.85,0.02,152,377656,买盘
733,11:17:15,24.84,-0.01,2,4968,中性盘
734,11:17:18,24.84,0.0,1,2484,卖盘
735,11:17:21,24.85,0.01,10,24850,买盘
736,11:17:39,24.84,-0.01,23,57122,买盘
737,11:17:48,24.84,0.0,25,62100,买盘
738,11:18:00,24.83,-0.01,1,2483,买盘
739,11:18:09,24.83,0.0,1,2483,买盘
740,11:18:16,24.83,0.0,1,2483,买盘
741,11:18:21,24.85,0.02,142,352794,买盘
742,11:18:43,24.85,0.0,5,12425,买盘
743,11:18:45,24.85,0.0,140,347900,买盘
744,11:18:48,24.85,0.0,2,4970,买盘
745,11:18:51,24.85,0.0,11,27325,买盘
746,11:18:54,24.85,0.0,80,198800,买盘
747,11:19:00,24.82,-0.03,5,12416,卖盘
748,11:19:04,24.85,0.03,1,2485,买盘
749,11:19:06,24.81,-0.04,14,34766,卖盘
750,11:19:09,24.85,0.04,1,2485,买盘
751,11:19:15,24.85,0.0,309,767865,买盘
752,11:19:18,24.85,0.0,10,24850,卖盘
753,11:19:22,24.85,0.0,4,9940,卖盘
754,11:19:25,24.85,0.0,20,49700,卖盘
755,11:19:27,24.85,0.0,5,12425,卖盘
756,11:19:30,24.85,0.0,3,7455,卖盘
757,11:19:39,24.85,0.0,9,22371,卖盘
758,11:19:42,24.85,0.0,3,7455,卖盘
759,11:19:46,24.86,0.01,5,12430,买盘
760,11:19:48,24.85,-0.01,18,44730,卖盘
761,11:20:33,24.85,0.0,56,139115,买盘
762,11:20:36,24.85,0.0,4,9928,买盘
763,11:20:45,24.84,-0.01,6,14904,中性盘
764,11:20:51,24.81,-0.03,7,17367,卖盘
765,11:21:00,24.84,0.03,18,44712,买盘
766,11:21:06,24.81,-0.03,21,52140,卖盘
767,11:21:27,24.81,0.0,7,17367,卖盘
768,11:21:30,24.81,0.0,3,7443,卖盘
769,11:21:33,24.84,0.03,1,2484,买盘
770,11:22:06,24.84,0.0,13,32281,买盘
771,11:22:18,24.83,-0.01,6,14898,买盘
772,11:22:24,24.81,-0.02,4,9924,卖盘
773,11:22:30,24.81,0.0,20,49620,卖盘
774,11:22:36,24.83,0.02,1,2483,买盘
775,11:22:40,24.83,0.0,4,9932,买盘
776,11:22:51,24.81,-0.02,5,12409,卖盘
777,11:22:54,24.81,0.0,21,52101,卖盘
778,11:23:03,24.83,0.02,1,2483,买盘
779,11:23:21,24.83,0.0,2,4966,买盘
780,11:23:31,24.81,-0.02,4,9924,卖盘
781,11:23:37,24.81,0.0,2,4962,卖盘
782,11:23:42,24.81,0.0,5,12405,买盘
783,11:23:48,24.83,0.02,1,2483,买盘
784,11:23:57,24.81,-0.02,3,7443,卖盘
785,11:24:09,24.83,0.02,19,47175,买盘
786,11:24:21,24.83,0.0,3,7449,卖盘
787,11:24:27,24.8,-0.03,1,2480,卖盘
788,11:24:30,24.8,0.0,1,2480,卖盘
789,11:24:51,24.8,0.0,1,2480,买盘
790,11:25:06,24.8,0.0,8,19840,买盘
791,11:25:27,24.77,-0.03,1,2477,卖盘
792,11:25:36,24.77,0.0,1,2477,卖盘
793,11:25:51,24.8,0.03,4,9920,买盘
794,11:25:54,24.78,-0.02,14,34692,卖盘
795,11:25:57,24.78,0.0,3,7434,买盘
796,11:26:00,24.78,0.0,1,2478,买盘
797,11:26:06,24.77,-0.01,13,32213,卖盘
798,11:26:48,24.77,0.0,19,47063,卖盘
799,11:26:51,24.77,0.0,1,2477,卖盘
800,11:26:57,24.77,0.0,8,19819,卖盘
801,11:27:06,24.8,0.03,7,17345,买盘
802,11:27:12,24.8,0.0,1,2480,买盘
803,11:27:30,24.76,-0.04,10,24760,卖盘
804,11:27:54,24.77,0.01,1,2477,卖盘
805,11:28:03,24.77,0.0,20,49540,卖盘
806,11:28:06,24.77,0.0,1,2477,买盘
807,11:28:15,24.77,0.0,1,2477,买盘
808,11:28:18,24.8,0.03,1,2480,买盘
809,11:28:30,24.77,-0.03,2,4954,卖盘
810,11:28:36,24.77,0.0,1,2477,买盘
811,11:28:48,24.76,-0.01,10,24760,卖盘
812,11:29:30,24.8,0.04,42,104160,买盘
813,11:29:36,24.83,0.03,1,2483,买盘
814,11:30:00,24.8,-0.03,1,2480,卖盘
815,13:00:04,24.8,0.0,25,62002,卖盘
816,13:00:12,24.81,0.01,100,248057,买盘
817,13:00:15,24.81,0.0,7,17367,买盘
818,13:00:18,24.81,0.0,3,7443,卖盘
819,13:00:21,24.81,0.0,5,12405,卖盘
820,13:00:27,24.82,0.01,4,9928,买盘
821,13:00:46,24.82,0.0,25,62050,买盘
822,13:00:49,24.82,0.0,2,4964,卖盘
823,13:00:52,24.82,0.0,2,4964,卖盘
824,13:00:54,24.83,0.01,53,131596,买盘
825,13:00:57,24.82,-0.01,2,4964,卖盘
826,13:01:00,24.82,0.0,2,4964,卖盘
827,13:01:04,24.82,0.0,5,12410,卖盘
828,13:01:06,24.82,0.0,9,22338,卖盘
829,13:01:21,24.84,0.02,114,283081,买盘
830,13:01:42,24.84,0.0,167,414659,买盘
831,13:01:48,24.85,0.01,1,2485,买盘
832,13:02:18,24.85,0.0,300,745491,买盘
833,13:02:21,24.86,0.01,77,191411,买盘
834,13:02:39,24.88,0.02,100,248732,买盘
835,13:02:51,24.85,-0.03,1,2485,中性盘
836,13:02:57,24.87,0.02,5,12427,买盘
837,13:03:00,24.88,0.01,90,223911,买盘
838,13:03:06,24.89,0.01,2,4978,买盘
839,13:03:12,24.86,-0.03,1,2486,买盘
840,13:03:28,24.85,-0.01,16,39760,卖盘
841,13:03:42,24.88,0.03,28,69604,买盘
842,13:04:07,24.85,-0.03,8,19866,买盘
843,13:04:12,24.85,0.0,1,2485,买盘
844,13:04:21,24.88,0.03,179,444995,买盘
845,13:05:00,24.87,-0.01,3,7460,买盘
846,13:05:06,24.88,0.01,7,17416,买盘
847,13:05:12,24.88,0.0,1,2488,买盘
848,13:05:42,24.88,0.0,63,156741,买盘
849,13:06:06,24.88,0.0,9,22392,买盘
850,13:06:15,24.84,-0.04,10,24840,卖盘
851,13:06:21,24.89,0.05,180,447987,买盘
852,13:06:42,24.88,-0.01,1,2488,买盘
853,13:07:00,24.89,0.01,57,141861,买盘
854,13:07:06,24.9,0.01,13,32368,买盘
855,13:07:12,24.86,-0.04,14,34804,卖盘
856,13:07:33,24.9,0.04,18,44819,买盘
857,13:07:36,24.9,0.0,100,248935,买盘
858,13:07:39,24.9,0.0,1,2490,买盘
859,13:07:42,24.91,0.01,44,109570,买盘
860,13:07:51,24.86,-0.05,6,14916,卖盘
861,13:08:00,24.86,0.0,3,7458,卖盘
862,13:08:04,24.89,0.03,2,4978,买盘
863,13:08:06,24.91,0.02,3,7473,买盘
864,13:08:21,24.91,0.0,19,47314,买盘
865,13:08:42,24.93,0.02,51,127063,买盘
866,13:08:54,24.93,0.0,50,124648,买盘
867,13:09:01,24.94,0.01,120,299258,买盘
868,13:09:06,24.95,0.01,5,12470,买盘
869,13:09:42,24.94,-0.01,40,99753,买盘
870,13:09:45,24.9,-0.04,8,19925,卖盘
871,13:09:48,24.9,0.0,13,32370,买盘
872,13:10:06,24.94,0.04,8,19946,买盘
873,13:10:12,24.9,-0.04,5,12450,卖盘
874,13:10:18,24.9,0.0,5,12450,卖盘
875,13:10:21,24.93,0.03,63,157020,买盘
876,13:10:24,24.95,0.02,50,124716,买盘
877,13:10:31,24.92,-0.03,50,124576,买盘
878,13:10:48,24.92,0.0,9,22428,买盘
879,13:10:54,24.92,0.0,1,2492,买盘
880,13:11:00,24.93,0.01,60,149533,买盘
881,13:11:06,24.94,0.01,15,37405,买盘
882,13:11:12,24.94,0.0,1,2494,买盘
883,13:11:43,24.94,0.0,84,209485,买盘
884,13:11:48,24.89,-0.05,6,14934,卖盘
885,13:11:54,24.93,0.04,1,2493,中性盘
886,13:12:00,24.93,0.0,1,2493,买盘
887,13:12:04,24.92,-0.01,3,7476,中性盘
888,13:12:06,24.94,0.02,15,37410,买盘
889,13:12:21,24.94,0.0,14,34906,买盘
890,13:12:27,24.94,0.0,2,4988,卖盘
891,13:12:39,24.94,0.0,5,12470,买盘
892,13:13:00,24.93,-0.01,7,17447,买盘
893,13:13:03,24.93,0.0,1,2493,买盘
894,13:13:09,24.93,0.0,1,2493,买盘
895,13:13:42,24.94,0.01,454,1132185,买盘
896,13:13:45,24.95,0.01,212,528936,买盘
897,13:14:06,24.95,0.0,105,261960,买盘
898,13:14:09,24.9,-0.05,2,4980,卖盘
899,13:14:12,24.95,0.05,98,244510,买盘
900,13:14:18,24.95,0.0,1,2495,买盘
901,13:14:21,24.96,0.01,113,280781,买盘
902,13:14:24,24.96,0.0,8,19968,卖盘
903,13:14:30,24.97,0.01,18,44946,买盘
904,13:14:36,24.96,-0.01,1,3744,卖盘
905,13:14:42,24.96,0.0,3,7488,买盘
906,13:14:45,24.95,-0.01,1,2495,卖盘
907,13:14:54,24.95,0.0,1,2495,卖盘
908,13:15:04,24.95,0.0,143,357014,卖盘
909,13:15:06,24.97,0.02,24,59898,买盘
910,13:15:30,24.96,-0.01,15,37429,买盘
911,13:15:36,24.96,0.0,1,2496,买盘
912,13:15:42,24.97,0.01,61,152288,买盘
913,13:15:45,24.96,-0.01,6,14976,买盘
914,13:16:06,24.96,0.0,10,24958,买盘
915,13:16:21,24.97,0.01,54,134815,买盘
916,13:16:36,24.95,-0.02,1,2495,买盘
917,13:16:42,24.92,-0.03,1,2492,卖盘
918,13:16:51,24.95,0.03,1,2495,买盘
919,13:16:54,24.92,-0.03,2,4984,卖盘
920,13:17:00,24.96,0.04,23,57387,买盘
921,13:17:03,24.92,-0.04,2,4984,卖盘
922,13:17:06,24.97,0.05,14,34948,买盘
923,13:17:09,24.93,-0.04,2,4986,卖盘
924,13:17:30,24.95,0.02,3,7485,买盘
925,13:17:39,24.93,-0.02,2,4988,卖盘
926,13:17:43,24.97,0.04,36,89884,买盘
927,13:17:45,24.95,-0.02,1,2495,买盘
928,13:17:48,24.93,-0.02,20,49860,卖盘
929,13:17:54,24.93,0.0,25,62325,卖盘
930,13:18:07,24.94,0.01,1,2494,买盘
931,13:18:15,24.93,-0.01,41,102213,卖盘
932,13:19:30,24.95,0.02,65,162084,买盘
933,13:19:33,24.95,0.0,2,4990,卖盘
934,13:19:36,24.96,0.01,1,2496,买盘
935,13:19:45,24.95,-0.01,5,12475,卖盘
936,13:20:00,24.95,0.0,10,24950,卖盘
937,13:20:03,24.95,0.0,20,49900,卖盘
938,13:20:07,24.95,0.0,9,22455,买盘
939,13:20:09,24.95,0.0,19,47405,买盘
940,13:20:15,24.95,0.0,10,24950,买盘
941,13:20:33,24.89,-0.06,1,2489,卖盘
942,13:20:54,24.89,0.0,1,2489,卖盘
943,13:21:03,24.89,0.0,6,14934,卖盘
944,13:21:06,24.94,0.05,3,7477,买盘
945,13:21:30,24.93,-0.01,1,2493,买盘
946,13:22:04,24.92,-0.01,3,7476,买盘
947,13:22:06,24.93,0.01,13,32409,买盘
948,13:22:15,24.92,-0.01,4,9968,卖盘
949,13:22:21,24.93,0.01,1,2493,买盘
950,13:22:36,24.92,-0.01,1,2492,卖盘
951,13:23:06,24.92,0.0,2,4981,买盘
952,13:23:24,24.9,-0.02,2,4980,卖盘
953,13:23:30,24.9,0.0,1,2490,买盘
954,13:23:33,24.89,-0.01,1,2489,卖盘
955,13:23:39,24.88,-0.01,9,22392,卖盘
956,13:23:48,24.87,-0.01,6,14922,卖盘
957,13:23:54,24.87,0.0,2,4974,卖盘
958,13:24:03,24.86,-0.01,25,62150,卖盘
959,13:24:06,24.86,0.0,44,109384,卖盘
960,13:24:24,24.85,-0.01,18,44730,卖盘
961,13:24:27,24.86,0.01,19,47226,买盘
962,13:24:30,24.82,-0.04,7,17374,卖盘
963,13:24:33,24.85,0.03,1,2485,中性盘
964,13:25:04,24.82,-0.03,4,9928,卖盘
965,13:25:06,24.85,0.03,1,2485,买盘
966,13:26:06,24.85,0.0,12,29816,买盘
967,13:26:12,24.85,0.0,1,2485,买盘
968,13:26:21,24.84,-0.01,1,2484,买盘
969,13:26:30,24.83,-0.01,3,7449,卖盘
970,13:26:36,24.83,0.0,10,24830,买盘
971,13:26:45,24.82,-0.01,9,22338,卖盘
972,13:26:51,24.82,0.0,1,2482,买盘
973,13:27:06,24.82,0.0,1,2482,买盘
974,13:27:18,24.81,-0.01,3,7443,卖盘
975,13:27:27,24.84,0.03,45,111720,买盘
976,13:27:31,24.84,0.0,13,32292,买盘
977,13:27:42,24.81,-0.03,13,32262,卖盘
978,13:27:51,24.82,0.01,1,2482,卖盘
979,13:28:00,24.86,0.04,40,99381,买盘
980,13:28:06,24.86,0.0,1,2486,买盘
981,13:28:12,24.86,0.0,100,248600,买盘
982,13:28:21,24.89,0.03,50,124312,买盘
983,13:28:24,24.89,0.0,10,24890,买盘
984,13:28:28,24.89,0.0,2,4978,买盘
985,13:28:54,24.87,-0.02,12,29844,卖盘
986,13:29:15,24.87,0.0,10,24870,买盘
987,13:29:21,24.87,0.0,16,39793,买盘
988,13:29:30,24.87,0.0,5,12435,卖盘
989,13:29:42,24.87,0.0,14,34818,买盘
990,13:29:45,24.87,0.0,26,64662,买盘
991,13:29:48,24.89,0.02,10,24889,买盘
992,13:29:58,24.9,0.01,20,49793,买盘
993,13:30:21,24.9,0.0,1,2490,买盘
994,13:30:24,24.9,0.0,12,29880,买盘
995,13:31:04,24.88,-0.02,2,4976,卖盘
996,13:31:06,24.91,0.03,56,139448,买盘
997,13:31:15,24.88,-0.03,12,29886,卖盘
998,13:31:36,24.88,0.0,1,2488,卖盘
999,13:31:48,24.87,-0.01,30,74610,卖盘
1000,13:32:01,24.88,0.01,1,2488,买盘
1001,13:32:04,24.9,0.02,19,47310,买盘
1002,13:32:07,24.9,0.0,13,32360,买盘
1003,13:32:15,24.87,-0.03,2,4974,卖盘
1004,13:32:27,24.87,0.0,4,9948,买盘
1005,13:33:06,24.9,0.03,11,27381,买盘
1006,13:33:39,24.87,-0.03,10,24870,卖盘
1007,13:34:12,24.9,0.03,13,32368,买盘
1008,13:34:21,24.9,0.0,1,2490,买盘
1009,13:34:30,24.87,-0.03,4,9948,卖盘
1010,13:34:54,24.89,0.02,3,7467,买盘
1011,13:34:58,24.89,0.0,4,9956,买盘
1012,13:35:03,24.87,-0.02,3,7461,卖盘
1013,13:35:07,24.89,0.02,12,29866,买盘
1014,13:35:27,24.86,-0.03,2,4972,卖盘
1015,13:35:30,24.87,0.01,1,2487,买盘
1016,13:36:00,24.87,0.0,3,7461,买盘
1017,13:36:04,24.88,0.01,12,29852,买盘
1018,13:36:07,24.88,0.0,6,14928,买盘
1019,13:36:37,24.86,-0.02,10,24860,卖盘
1020,13:36:51,24.88,0.02,11,27361,买盘
1021,13:37:04,24.86,-0.02,50,124300,卖盘
1022,13:37:06,24.88,0.02,10,24878,买盘
1023,13:37:45,24.86,-0.02,12,29854,卖盘
1024,13:37:49,24.86,0.0,5,12430,卖盘
1025,13:37:51,24.86,0.0,35,87010,卖盘
1026,13:38:06,24.86,0.0,18,44742,买盘
1027,13:38:27,24.85,-0.01,48,119280,卖盘
1028,13:38:30,24.85,0.0,10,24850,买盘
1029,13:39:06,24.85,0.0,1,2485,买盘
1030,13:39:19,24.85,0.0,10,24850,买盘
1031,13:40:06,24.85,0.0,4,9940,买盘
1032,13:40:09,24.85,0.0,11,27335,买盘
1033,13:40:18,24.82,-0.03,10,24820,卖盘
1034,13:40:21,24.82,0.0,5,12410,卖盘
1035,13:40:43,24.82,0.0,1,2482,卖盘
1036,13:40:48,24.82,0.0,27,67014,卖盘
1037,13:40:51,24.82,0.0,33,81906,买盘
1038,13:40:54,24.82,0.0,11,27302,买盘
1039,13:40:57,24.81,-0.01,43,106734,卖盘
1040,13:41:06,24.85,0.04,8,19880,买盘
1041,13:41:09,24.81,-0.04,25,62040,卖盘
1042,13:41:15,24.81,0.0,3,7443,卖盘
1043,13:41:24,24.81,0.0,13,32256,卖盘
1044,13:41:30,24.81,0.0,8,19848,卖盘
1045,13:41:42,24.81,0.0,1,2481,卖盘
1046,13:41:45,24.81,0.0,2,4962,卖盘
1047,13:41:48,24.82,0.01,10,24820,买盘
1048,13:42:06,24.85,0.03,11,27331,买盘
1049,13:42:12,24.81,-0.04,1,2481,卖盘
1050,13:42:15,24.81,0.0,22,54582,卖盘
1051,13:42:30,24.81,0.0,44,109155,买盘
1052,13:42:39,24.81,0.0,1,2481,买盘
1053,13:42:42,24.85,0.04,11,27334,买盘
1054,13:42:45,24.8,-0.05,59,146320,卖盘
1055,13:43:06,24.85,0.05,13,32305,买盘
1056,13:43:36,24.85,0.0,10,24845,买盘
1057,13:44:06,24.85,0.0,1,2485,买盘
1058,13:44:25,24.81,-0.04,6,14889,卖盘
1059,13:44:27,24.85,0.04,10,24850,买盘
1060,13:44:39,24.81,-0.04,2,4962,卖盘
1061,13:44:51,24.81,0.0,18,44658,卖盘
1062,13:44:57,24.81,0.0,5,12405,买盘
1063,13:45:04,24.8,-0.01,6,14880,卖盘
1064,13:45:18,24.81,0.01,1,2481,买盘
1065,13:45:21,24.85,0.04,16,39707,买盘
1066,13:45:27,24.8,-0.05,2,4960,卖盘
1067,13:45:43,24.8,0.0,20,49600,卖盘
1068,13:46:06,24.83,0.03,11,27313,买盘
1069,13:46:28,24.81,-0.02,1,2481,卖盘
1070,13:46:31,24.84,0.03,12,29799,买盘
1071,13:46:46,24.8,-0.04,7,17360,卖盘
1072,13:46:51,24.8,0.0,7,17360,卖盘
1073,13:47:00,24.83,0.03,16,39728,买盘
1074,13:47:06,24.85,0.02,14,34782,买盘
1075,13:47:27,24.84,-0.01,3,7452,卖盘
1076,13:47:30,24.85,0.01,11,27335,买盘
1077,13:48:27,24.84,-0.01,10,24840,买盘
1078,13:49:06,24.84,0.0,5,12420,买盘
1079,13:49:09,24.83,-0.01,8,19864,卖盘
1080,13:49:24,24.84,0.01,20,49670,买盘
1081,13:49:36,24.81,-0.03,6,14892,卖盘
1082,13:50:04,24.81,0.0,1,2481,卖盘
1083,13:50:07,24.84,0.03,1,2484,买盘
1084,13:50:18,24.8,-0.04,52,128979,卖盘
1085,13:50:21,24.8,0.0,10,24800,买盘
1086,13:50:27,24.79,-0.01,3,7437,卖盘
1087,13:50:36,24.78,-0.01,3,7434,卖盘
1088,13:50:45,24.78,0.0,17,42126,卖盘
1089,13:50:48,24.78,0.0,2,4956,卖盘
1090,13:51:04,24.78,0.0,2,4956,卖盘
1091,13:51:06,24.79,0.01,3,7437,买盘
1092,13:51:09,24.79,0.0,4,9916,买盘
1093,13:51:12,24.8,0.01,10,24800,买盘
1094,13:51:39,24.8,0.0,8,19840,买盘
1095,13:52:00,24.77,-0.03,18,44620,卖盘
1096,13:52:06,24.79,0.02,11,27269,买盘
1097,13:52:09,24.79,0.0,1,2479,买盘
1098,13:52:15,24.79,0.0,5,12395,买盘
1099,13:52:21,24.79,0.0,1,2479,买盘
1100,13:52:30,24.79,0.0,13,32227,买盘
1101,13:52:34,24.79,0.0,2,4958,买盘
1102,13:52:36,24.8,0.01,5,12398,买盘
1103,13:52:39,24.8,0.0,17,42160,买盘
1104,13:52:42,24.8,0.0,16,39680,买盘
1105,13:52:45,24.8,0.0,31,76880,买盘
1106,13:53:00,24.8,0.0,5,12404,卖盘
1107,13:53:04,24.83,0.03,10,24830,买盘
1108,13:53:09,24.83,0.0,2,4966,买盘
1109,13:53:55,24.84,0.01,10,24834,买盘
1110,13:54:51,24.84,0.0,11,27324,买盘
1111,13:55:06,24.84,0.0,2,4968,买盘
1112,13:55:48,24.81,-0.03,9,22329,卖盘
1113,13:55:51,24.83,0.02,13,32279,买盘
1114,13:56:06,24.83,0.0,6,14898,买盘
1115,13:56:28,24.82,-0.01,3,7446,卖盘
1116,13:56:42,24.83,0.01,10,24830,买盘
1117,13:56:45,24.83,0.0,1,2483,买盘
1118,13:56:54,24.79,-0.04,9,22327,卖盘
1119,13:57:06,24.79,0.0,14,34738,卖盘
1120,13:57:52,24.82,0.03,15,37221,买盘
1121,13:57:55,24.79,-0.03,9,22311,卖盘
1122,13:58:06,24.82,0.03,1,2482,买盘
1123,13:58:45,24.79,-0.03,5,12395,卖盘
1124,13:58:48,24.82,0.03,10,24820,买盘
1125,13:58:51,24.82,0.0,35,86870,买盘
1126,13:58:54,24.82,0.0,2,4964,买盘
1127,13:59:00,24.79,-0.03,2,4958,卖盘
1128,13:59:04,24.79,0.0,2,4958,卖盘
1129,13:59:12,24.76,-0.03,80,198226,卖盘
1130,13:59:15,24.82,0.06,49,121558,买盘
1131,13:59:30,24.76,-0.06,6,14859,卖盘
1132,13:59:54,24.82,0.06,12,29784,买盘
1133,13:59:57,24.82,0.0,2,4964,买盘
1134,14:00:06,24.83,0.01,5,12413,买盘
1135,14:00:51,24.83,0.0,11,27304,买盘
1136,14:01:06,24.83,0.0,5,12415,买盘
1137,14:01:36,24.83,0.0,10,24821,买盘
1138,14:01:57,24.78,-0.05,6,14868,卖盘
1139,14:02:06,24.83,0.05,8,19864,买盘
1140,14:02:09,24.83,0.0,14,34762,买盘
1141,14:02:12,24.83,0.0,23,57109,买盘
1142,14:02:15,24.83,0.0,2,4966,买盘
1143,14:02:21,24.83,0.0,10,24830,买盘
1144,14:02:39,24.83,0.0,16,39728,买盘
1145,14:03:00,24.83,0.0,35,86930,买盘
1146,14:03:09,24.83,0.0,7,17356,卖盘
1147,14:03:12,24.83,0.0,25,62075,买盘
1148,14:03:15,24.85,0.02,23,57131,买盘
1149,14:04:00,24.85,0.0,10,24850,买盘
1150,14:04:06,24.85,0.0,13,32305,买盘
1151,14:04:15,24.85,0.0,4,9939,买盘
1152,14:04:51,24.85,0.0,11,27327,买盘
1153,14:05:06,24.84,-0.01,4,9936,买盘
1154,14:05:18,24.83,-0.01,3,7449,买盘
1155,14:05:21,24.84,0.01,2,4968,买盘
1156,14:05:48,24.84,0.0,11,27324,买盘
1157,14:06:00,24.84,0.0,3,7452,买盘
1158,14:06:04,24.84,0.0,1,2484,买盘
1159,14:06:06,24.85,0.01,6,14907,买盘
1160,14:06:09,24.85,0.0,14,34790,买盘
1161,14:06:15,24.83,-0.02,3,7449,卖盘
1162,14:06:33,24.83,0.0,6,14898,卖盘
1163,14:06:36,24.83,0.0,21,52143,买盘
1164,14:06:51,24.82,-0.01,13,32299,卖盘
1165,14:07:06,24.85,0.03,2,4969,买盘
1166,14:07:36,24.82,-0.03,2,4964,卖盘
1167,14:07:39,24.85,0.03,2,4970,买盘
1168,14:08:06,24.85,0.0,13,32305,买盘
1169,14:09:06,24.84,-0.01,11,27319,买盘
1170,14:09:15,24.82,-0.02,8,19856,卖盘
1171,14:09:21,24.82,0.0,2,4964,卖盘
1172,14:09:45,24.82,0.0,5,12410,买盘
1173,14:09:49,24.81,-0.01,1,2481,卖盘
1174,14:10:22,24.8,-0.01,8,19841,卖盘
1175,14:10:24,24.85,0.05,30,74525,买盘
1176,14:10:27,24.85,0.0,21,52185,买盘
1177,14:10:30,24.85,0.0,2,4970,买盘
1178,14:10:39,24.81,-0.04,4,9929,卖盘
1179,14:10:45,24.81,0.0,5,12405,卖盘
1180,14:10:51,24.82,0.01,1,2482,中性盘
1181,14:11:21,24.85,0.03,11,27325,买盘
1182,14:11:36,24.84,-0.01,2,4968,中性盘
1183,14:12:09,24.85,0.01,90,223650,买盘
1184,14:12:12,24.86,0.01,43,106856,买盘
1185,14:13:21,24.86,0.0,14,34804,买盘
1186,14:13:30,24.84,-0.02,1,2484,卖盘
1187,14:13:36,24.84,0.0,9,22356,卖盘
1188,14:13:39,24.84,0.0,1,2484,买盘
1189,14:14:06,24.84,0.0,1,2484,买盘
1190,14:14:10,24.86,0.02,10,24859,买盘
1191,14:14:13,24.86,0.0,8,19874,买盘
1192,14:14:15,24.86,0.0,11,27346,买盘
1193,14:14:18,24.86,0.0,18,44748,买盘
1194,14:14:27,24.86,0.0,40,99465,买盘
1195,14:14:30,24.86,0.0,1,2486,卖盘
1196,14:15:07,24.86,0.0,12,29843,卖盘
1197,14:15:09,24.87,0.01,2,4974,买盘
1198,14:15:12,24.87,0.0,11,27357,买盘
1199,14:15:15,24.87,0.0,3,7461,买盘
1200,14:15:33,24.87,0.0,5,12435,卖盘
1201,14:15:36,24.88,0.01,16,39808,买盘
1202,14:15:39,24.88,0.0,1,2488,买盘
1203,14:15:48,24.88,0.0,20,49760,买盘
1204,14:15:58,24.89,0.01,40,99535,买盘
1205,14:16:00,24.9,0.01,24,59746,买盘
1206,14:16:04,24.9,0.0,19,47310,买盘
1207,14:16:15,24.88,-0.02,3,7464,卖盘
1208,14:16:18,24.88,0.0,3,7464,卖盘
1209,14:16:36,24.88,0.0,8,19904,买盘
1210,14:17:03,24.89,0.01,11,27377,买盘
1211,14:17:06,24.89,0.0,2,4978,买盘
1212,14:17:30,24.89,0.0,3,7467,买盘
1213,14:18:00,24.89,0.0,10,24890,买盘
1214,14:18:06,24.88,-0.01,3,7464,卖盘
1215,14:18:09,24.88,0.0,11,27368,买盘
1216,14:18:18,24.87,-0.01,10,24870,卖盘
1217,14:18:21,24.87,0.0,10,24870,卖盘
1218,14:18:24,24.87,0.0,16,39792,买盘
1219,14:18:36,24.83,-0.04,123,305409,卖盘
1220,14:18:39,24.88,0.05,53,131863,买盘
1221,14:18:57,24.89,0.01,10,24881,买盘
1222,14:19:00,24.88,-0.01,2,4976,买盘
1223,14:19:03,24.83,-0.05,2,4966,卖盘
1224,14:20:09,24.84,0.01,4,9936,卖盘
1225,14:20:12,24.87,0.03,13,32331,买盘
1226,14:20:45,24.84,-0.03,4,9938,卖盘
1227,14:21:04,24.84,0.0,4,9936,卖盘
1228,14:21:06,24.84,0.0,22,54648,买盘
1229,14:21:09,24.84,0.0,23,57132,买盘
1230,14:21:28,24.86,0.02,1,2486,买盘
1231,14:22:12,24.86,0.0,13,32318,买盘
1232,14:22:15,24.86,0.0,2,4972,买盘
1233,14:22:31,24.83,-0.03,7,17384,卖盘
1234,14:22:40,24.83,0.0,5,12415,卖盘
1235,14:22:43,24.83,0.0,16,39728,卖盘
1236,14:22:45,24.85,0.02,11,27315,买盘
1237,14:23:06,24.85,0.0,11,27335,买盘
1238,14:23:09,24.85,0.0,16,39760,买盘
1239,14:23:33,24.85,0.0,2,4970,买盘
1240,14:23:37,24.82,-0.03,1,2482,卖盘
1241,14:23:39,24.85,0.03,2,4970,买盘
1242,14:23:48,24.83,-0.02,1,2483,卖盘
1243,14:23:51,24.83,0.0,2,4966,卖盘
1244,14:23:54,24.85,0.02,10,24850,买盘
1245,14:24:39,24.82,-0.03,1,2482,卖盘
1246,14:24:45,24.85,0.03,59,146615,买盘
1247,14:24:48,24.86,0.01,32,79529,买盘
1248,14:24:51,24.86,0.0,2,4972,买盘
1249,14:25:36,24.86,0.0,10,24860,买盘
1250,14:25:39,24.86,0.0,2,4972,买盘
1251,14:25:48,24.86,0.0,67,166562,买盘
1252,14:25:51,24.87,0.01,37,92019,买盘
1253,14:25:55,24.86,-0.01,1,2486,卖盘
1254,14:26:09,24.86,0.0,2,4972,卖盘
1255,14:26:19,24.86,0.0,2,4972,卖盘
1256,14:26:25,24.86,0.0,10,24860,买盘
1257,14:26:39,24.83,-0.03,10,24830,卖盘
1258,14:27:09,24.85,0.02,2,4970,买盘
1259,14:27:12,24.85,0.0,2,4970,买盘
1260,14:27:15,24.87,0.02,10,24865,买盘
1261,14:28:09,24.86,-0.01,11,27346,买盘
1262,14:28:15,24.86,0.0,2,4972,买盘
1263,14:28:18,24.86,0.0,11,27346,买盘
1264,14:28:21,24.87,0.01,19,47247,买盘
1265,14:28:33,24.86,-0.01,10,24860,卖盘
1266,14:29:00,24.87,0.01,10,24865,买盘
1267,14:29:39,24.85,-0.02,1,2485,卖盘
1268,14:29:55,24.87,0.02,3,7461,买盘
1269,14:29:58,24.87,0.0,11,27357,买盘
1270,14:30:00,24.87,0.0,2,4974,买盘
1271,14:30:12,24.86,-0.01,2,4972,卖盘
1272,14:30:22,24.85,-0.01,4,9944,卖盘
1273,14:30:45,24.87,0.02,11,27357,买盘
1274,14:30:54,24.86,-0.01,2,4972,卖盘
1275,14:31:33,24.87,0.01,2,4974,买盘
1276,14:31:36,24.87,0.0,32,79574,买盘
1277,14:31:40,24.87,0.0,21,52227,买盘
1278,14:31:45,24.84,-0.03,2,4969,卖盘
1279,14:31:48,24.87,0.03,2,4974,买盘
1280,14:32:21,24.87,0.0,10,24870,买盘
1281,14:32:51,24.87,0.0,10,24870,买盘
1282,14:32:54,24.85,-0.02,12,29822,卖盘
1283,14:32:57,24.87,0.02,11,27357,买盘
1284,14:33:06,24.87,0.0,10,24870,买盘
1285,14:33:45,24.85,-0.02,47,116798,卖盘
1286,14:33:49,24.85,0.0,24,59640,买盘
1287,14:33:51,24.84,-0.01,29,72058,卖盘
1288,14:33:54,24.85,0.01,1,2485,买盘
1289,14:34:36,24.85,0.0,10,24850,买盘
1290,14:34:39,24.85,0.0,2,4970,买盘
1291,14:34:42,24.85,0.0,2,4970,买盘
1292,14:34:45,24.84,-0.01,5,12420,卖盘
1293,14:34:51,24.84,0.0,12,29808,卖盘
1294,14:34:54,24.84,0.0,2,4968,买盘
1295,14:35:24,24.85,0.01,10,24850,买盘
1296,14:35:27,24.85,0.0,17,42245,买盘
1297,14:35:30,24.85,0.0,11,27335,买盘
1298,14:35:36,24.84,-0.01,3,7452,卖盘
1299,14:35:42,24.84,0.0,1,2484,卖盘
1300,14:35:46,24.84,0.0,3,7452,买盘
1301,14:35:48,24.84,0.0,2,4968,买盘
1302,14:35:51,24.84,0.0,2,4968,买盘
1303,14:36:00,24.84,0.0,4,9936,卖盘
1304,14:36:03,24.84,0.0,7,17388,买盘
1305,14:36:06,24.84,0.0,18,44712,卖盘
1306,14:36:09,24.85,0.01,2,4970,买盘
1307,14:36:12,24.85,0.0,10,24850,买盘
1308,14:36:15,24.85,0.0,24,59640,买盘
1309,14:36:18,24.85,0.0,30,74550,买盘
1310,14:36:21,24.85,0.0,2,4970,买盘
1311,14:36:24,24.85,0.0,6,14910,买盘
1312,14:36:27,24.84,-0.01,18,44721,卖盘
1313,14:36:42,24.84,0.0,1,2484,卖盘
1314,14:36:54,24.84,0.0,1,2484,卖盘
1315,14:37:00,24.84,0.0,1,2484,卖盘
1316,14:37:04,24.85,0.01,10,24850,买盘
1317,14:37:09,24.84,-0.01,10,24840,卖盘
1318,14:37:15,24.84,0.0,3,7452,卖盘
1319,14:37:27,24.84,0.0,12,29798,买盘
1320,14:37:31,24.85,0.01,31,77029,买盘
1321,14:37:33,24.85,0.0,3,7454,买盘
1322,14:37:54,24.85,0.0,10,24850,买盘
1323,14:38:03,24.85,0.0,2,4970,买盘
1324,14:38:06,24.85,0.0,8,19880,买盘
1325,14:38:27,24.84,-0.01,10,24840,卖盘
1326,14:38:46,24.85,0.01,10,24850,买盘
1327,14:38:48,24.84,-0.01,1,2484,卖盘
1328,14:39:06,24.84,0.0,4,9936,卖盘
1329,14:39:21,24.84,0.0,10,24840,卖盘
1330,14:39:24,24.85,0.01,11,27335,买盘
1331,14:39:27,24.85,0.0,18,44730,买盘
1332,14:39:30,24.85,0.0,2,4970,买盘
1333,14:39:33,24.86,0.01,11,27341,买盘
1334,14:40:04,24.85,-0.01,2,4970,买盘
1335,14:40:18,24.84,-0.01,8,19872,卖盘
1336,14:40:21,24.85,0.01,10,24850,买盘
1337,14:40:30,24.84,-0.01,3,7452,卖盘
1338,14:40:33,24.84,0.0,1,2484,卖盘
1339,14:40:48,24.85,0.01,20,49690,买盘
1340,14:40:51,24.85,0.0,14,34787,买盘
1341,14:40:54,24.86,0.01,20,49707,买盘
1342,14:40:57,24.86,0.0,10,24860,买盘
1343,14:41:21,24.84,-0.02,10,24840,卖盘
1344,14:41:30,24.84,0.0,57,141611,卖盘
1345,14:41:33,24.86,0.02,43,106898,买盘
1346,14:41:48,24.84,-0.02,5,12420,卖盘
1347,14:41:51,24.85,0.01,5,12425,买盘
1348,14:42:00,24.84,-0.01,6,14904,卖盘
1349,14:42:15,24.84,0.0,4,9936,卖盘
1350,14:42:18,24.86,0.02,12,29821,买盘
1351,14:42:21,24.85,-0.01,10,24842,中性盘
1352,14:42:24,24.85,0.0,3,7454,买盘
1353,14:42:27,24.85,0.0,27,67095,买盘
1354,14:42:42,24.85,0.0,10,24850,买盘
1355,14:42:48,24.85,0.0,15,37275,买盘
1356,14:42:57,24.85,0.0,12,29818,买盘
1357,14:43:04,24.85,0.0,100,248500,买盘
1358,14:43:06,24.86,0.01,59,146629,买盘
1359,14:43:15,24.85,-0.01,1,2485,买盘
1360,14:43:18,24.85,0.0,3,7455,买盘
1361,14:43:24,24.85,0.0,2,4970,买盘
1362,14:43:33,24.85,0.0,10,24850,买盘
1363,14:43:36,24.85,0.0,3,7454,买盘
1364,14:43:45,24.85,0.0,2,4970,买盘
1365,14:43:48,24.85,0.0,262,650810,买盘
1366,14:43:51,24.86,0.01,120,298316,买盘
1367,14:43:54,24.86,0.0,3,7458,买盘
1368,14:43:57,24.87,0.01,11,27353,买盘
1369,14:44:12,24.87,0.0,10,24858,买盘
1370,14:44:15,24.87,0.0,16,39792,买盘
1371,14:44:42,24.85,-0.02,16,39763,中性盘
1372,14:44:48,24.87,0.02,10,24865,买盘
1373,14:44:51,24.87,0.0,2,4974,买盘
1374,14:44:54,24.85,-0.02,16,39760,卖盘
1375,14:45:00,24.85,0.0,1,2485,卖盘
1376,14:45:04,24.86,0.01,1,2486,卖盘
1377,14:45:06,24.85,-0.01,3,7455,卖盘
1378,14:45:27,24.87,0.02,10,24865,买盘
1379,14:45:30,24.87,0.0,12,29841,买盘
1380,14:45:33,24.85,-0.02,18,44761,卖盘
1381,14:45:36,24.85,0.0,7,17395,卖盘
1382,14:45:48,24.85,0.0,8,19880,卖盘
1383,14:45:58,24.84,-0.01,1,2484,卖盘
1384,14:46:06,24.85,0.01,10,24850,买盘
1385,14:46:09,24.85,0.0,2,4970,买盘
1386,14:46:15,24.84,-0.01,1,2484,卖盘
1387,14:46:57,24.84,0.0,10,24840,卖盘
1388,14:47:00,24.85,0.01,14,34790,买盘
1389,14:47:24,24.85,0.0,17,42243,买盘
1390,14:47:27,24.87,0.02,39,96965,买盘
1391,14:47:30,24.87,0.0,2,4974,买盘
1392,14:48:15,24.87,0.0,10,24870,买盘
1393,14:48:18,24.88,0.01,144,358187,买盘
1394,14:48:21,24.88,0.0,89,221351,买盘
1395,14:48:24,24.89,0.01,102,253806,买盘
1396,14:48:27,24.89,0.0,60,149340,买盘
1397,14:48:33,24.9,0.01,177,440711,买盘
1398,14:48:36,24.9,0.0,38,94583,买盘
1399,14:48:39,24.9,0.0,31,77190,买盘
1400,14:48:42,24.9,0.0,13,32367,买盘
1401,14:48:45,24.9,0.0,4,9960,买盘
1402,14:48:48,24.9,0.0,14,34860,买盘
1403,14:48:51,24.9,0.0,6,14940,买盘
1404,14:48:54,24.9,0.0,2,4980,买盘
1405,14:49:06,24.89,-0.01,1,2489,买盘
1406,14:49:10,24.9,0.01,12,29875,买盘
1407,14:49:12,24.9,0.0,13,32370,买盘
1408,14:49:15,24.9,0.0,9,22410,买盘
1409,14:49:18,24.9,0.0,16,39840,买盘
1410,14:49:21,24.9,0.0,8,19920,买盘
1411,14:49:24,24.89,-0.01,4,9956,卖盘
1412,14:49:27,24.89,0.0,1,2489,买盘
1413,14:49:43,24.88,-0.01,2,4976,卖盘
1414,14:49:45,24.88,0.0,1,2488,买盘
1415,14:49:57,24.85,-0.03,2,4970,卖盘
1416,14:50:00,24.88,0.03,5,12428,买盘
1417,14:50:15,24.88,0.0,1,2488,买盘
1418,14:50:18,24.88,0.0,1,2488,买盘
1419,14:50:33,24.88,0.0,4,9952,买盘
1420,14:50:36,24.88,0.0,3,7464,买盘
1421,14:50:39,24.88,0.0,1,2488,买盘
1422,14:50:51,24.86,-0.02,9,22384,卖盘
1423,14:50:57,24.88,0.02,1,2488,买盘
1424,14:51:00,24.88,0.0,7,17416,买盘
1425,14:51:09,24.88,0.0,7,17415,买盘
1426,14:51:12,24.88,0.0,11,27368,买盘
1427,14:51:15,24.87,-0.01,8,19899,卖盘
1428,14:51:18,24.87,0.0,2,4974,买盘
1429,14:51:21,24.87,0.0,2,4974,买盘
1430,14:51:27,24.87,0.0,1,2487,买盘
1431,14:51:30,24.87,0.0,50,124350,买盘
1432,14:51:34,24.89,0.02,47,116923,买盘
1433,14:51:37,24.89,0.0,1,2489,买盘
1434,14:51:39,24.89,0.0,19,47281,买盘
1435,14:51:42,24.89,0.0,11,27375,买盘
1436,14:51:45,24.89,0.0,1,2489,买盘
1437,14:51:48,24.89,0.0,1,2489,买盘
1438,14:51:51,24.88,-0.01,5,12440,买盘
1439,14:51:54,24.89,0.01,7,17418,买盘
1440,14:52:04,24.89,0.0,10,24890,买盘
1441,14:52:06,24.88,-0.01,14,34832,卖盘
1442,14:52:09,24.89,0.01,15,37329,买盘
1443,14:52:12,24.89,0.0,3,7467,买盘
1444,14:52:15,24.89,0.0,4,9956,买盘
1445,14:52:18,24.89,0.0,4,9956,买盘
1446,14:52:21,24.89,0.0,2,4978,买盘
1447,14:52:24,24.89,0.0,6,14934,买盘
1448,14:52:27,24.89,0.0,4,9956,买盘
1449,14:52:30,24.89,0.0,49,121961,买盘
1450,14:52:33,24.89,0.0,53,131960,卖盘
1451,14:52:36,24.9,0.01,18,44819,买盘
1452,14:52:39,24.89,-0.01,7,17424,卖盘
1453,14:52:42,24.9,0.01,12,29880,买盘
1454,14:52:45,24.9,0.0,18,44820,买盘
1455,14:52:49,24.9,0.0,19,47310,买盘
1456,14:52:51,24.89,-0.01,40,99560,卖盘
1457,14:52:55,24.9,0.01,105,261446,买盘
1458,14:52:57,24.9,0.0,38,94620,买盘
1459,14:53:01,24.9,0.0,7,17430,买盘
1460,14:53:04,24.9,0.0,9,22410,买盘
1461,14:53:07,24.9,0.0,8,19920,买盘
1462,14:53:09,24.9,0.0,6,14940,买盘
1463,14:53:12,24.91,0.01,59,146906,买盘
1464,14:53:15,24.92,0.01,25,62281,买盘
1465,14:53:19,24.91,-0.01,1,2491,卖盘
1466,14:53:22,24.91,0.0,27,67257,卖盘
1467,14:53:24,24.92,0.01,16,39872,买盘
1468,14:53:33,24.92,0.0,1,2492,买盘
1469,14:53:36,24.92,0.0,4,9968,买盘
1470,14:53:42,24.92,0.0,3,7476,买盘
1471,14:53:45,24.92,0.0,35,87220,买盘
1472,14:53:48,24.91,-0.01,22,54828,卖盘
1473,14:53:52,24.92,0.01,1,2492,中性盘
1474,14:53:55,24.93,0.01,14,34894,买盘
1475,14:54:06,24.91,-0.02,4,9964,卖盘
1476,14:54:09,24.93,0.02,58,144593,买盘
1477,14:54:12,24.93,0.0,35,87252,买盘
1478,14:54:15,24.93,0.0,3,7479,买盘
1479,14:54:18,24.92,-0.01,28,69776,卖盘
1480,14:54:21,24.93,0.01,18,44874,买盘
1481,14:54:24,24.91,-0.02,107,266561,卖盘
1482,14:54:28,24.93,0.02,44,109650,买盘
1483,14:54:30,24.92,-0.01,1,2492,买盘
1484,14:54:33,24.92,0.0,19,47348,买盘
1485,14:54:36,24.92,0.0,6,14952,买盘
1486,14:54:39,24.92,0.0,6,14952,买盘
1487,14:54:42,24.92,0.0,1,2492,买盘
1488,14:54:45,24.92,0.0,15,37374,买盘
1489,14:54:48,24.92,0.0,6,14952,买盘
1490,14:54:51,24.92,0.0,2,4984,买盘
1491,14:54:55,24.91,-0.01,3,7475,卖盘
1492,14:54:58,24.92,0.01,2,4984,买盘
1493,14:55:06,24.91,-0.01,2,4982,卖盘
1494,14:55:09,24.91,0.0,1,2491,卖盘
1495,14:55:15,24.92,0.01,116,289007,买盘
1496,14:55:18,24.9,-0.02,56,139560,卖盘
1497,14:55:21,24.93,0.03,15,37395,买盘
1498,14:55:24,24.92,-0.01,4,9967,中性盘
1499,14:55:27,24.93,0.01,1,2493,买盘
1500,14:55:30,24.93,0.0,1,2493,买盘
1501,14:55:42,24.92,-0.01,1,2492,买盘
1502,14:55:45,24.93,0.01,7,17451,买盘
1503,14:55:48,24.91,-0.02,14,34879,卖盘
1504,14:55:51,24.91,0.0,6,14944,买盘
1505,14:55:54,24.93,0.02,52,129553,买盘
1506,14:55:57,24.94,0.01,151,376583,买盘
1507,14:56:00,24.95,0.01,54,134730,买盘
1508,14:56:06,24.95,0.0,12,29940,买盘
1509,14:56:12,24.94,-0.01,1,2494,买盘
1510,14:56:15,24.94,0.0,2,4988,买盘
1511,14:56:18,24.94,0.0,11,27434,买盘
1512,14:56:21,24.94,0.0,23,57345,买盘
1513,14:56:24,24.94,0.0,42,104748,买盘
1514,14:56:27,24.95,0.01,56,139703,买盘
1515,14:56:30,24.94,-0.01,15,37410,中性盘
1516,14:56:33,24.94,0.0,2,4988,卖盘
1517,14:56:36,24.94,0.0,6,14964,卖盘
1518,14:56:39,24.94,0.0,47,117228,卖盘
1519,14:56:42,24.94,0.0,73,182062,买盘
1520,14:56:45,24.94,0.0,51,127194,卖盘
1521,14:56:51,24.95,0.01,3,7485,买盘
1522,14:56:54,24.94,-0.01,6,14964,卖盘
1523,14:56:57,24.95,0.01,5,12475,买盘
1524,14:57:00,24.94,-0.01,5,12470,卖盘
1525,15:00:04,24.94,0.0,344,857936,卖盘
