,time,price,change,volume,amount,type
0,09:25:04,24.48,-0.04,31,75888,卖盘
1,09:30:04,24.46,-0.02,28,68434,中性盘
2,09:30:06,24.41,-0.05,14,34178,卖盘
3,09:30:10,24.41,0.0,20,48805,买盘
4,09:30:15,24.35,-0.06,2,4870,卖盘
5,09:30:21,24.38,0.03,10,24380,买盘
6,09:30:27,24.41,0.03,3,7323,买盘
7,09:30:30,24.41,0.0,1,2441,买盘
8,09:30:36,24.47,0.06,52,127089,买盘
9,09:30:54,24.36,-0.11,20,48720,卖盘
10,09:30:57,24.45,0.09,4,9778,买盘
11,09:31:03,24.45,0.0,10,24450,买盘
12,09:31:06,24.46,0.01,1,2446,买盘
13,09:31:15,24.45,-0.01,6,14670,卖盘
14,09:31:18,24.46,0.01,8,19568,买盘
15,09:31:24,24.45,-0.01,8,19560,卖盘
16,09:31:27,24.45,0.0,1,2445,买盘
17,09:31:33,24.35,-0.1,18,43893,卖盘
18,09:31:39,24.35,0.0,20,48705,卖盘
19,09:31:45,24.43,0.08,2,4886,买盘
20,09:31:57,24.36,-0.07,11,26799,卖盘
21,09:32:00,24.36,0.0,7,17054,卖盘
22,09:32:06,24.36,0.0,3,7306,买盘
23,09:32:09,24.36,0.0,30,73075,买盘
24,09:32:15,24.36,0.0,47,114492,买盘
25,09:32:18,24.36,0.0,1,2436,卖盘
26,09:32:21,24.36,0.0,16,39038,卖盘
27,09:32:33,24.35,-0.01,38,92550,卖盘
28,09:32:36,24.45,0.1,7,17055,买盘
29,09:33:24,24.36,-0.09,5,12180,卖盘
30,09:33:27,24.44,0.08,8,19543,买盘
31,09:33:36,24.38,-0.06,1,2438,卖盘
32,09:33:39,24.36,-0.02,20,48736,卖盘
33,09:33:51,24.36,0.0,4,9744,买盘
34,09:34:00,24.36,0.0,18,43842,买盘
35,09:34:15,24.36,0.0,1,2436,买盘
36,09:34:18,24.36,0.0,3,7308,买盘
37,09:34:24,24.35,-0.01,5,12175,卖盘
38,09:34:27,24.36,0.01,9,21924,买盘
39,09:34:30,24.36,0.0,6,14616,买盘
40,09:34:33,24.36,0.0,4,9744,买盘
41,09:34:36,24.37,0.01,1,2437,买盘
42,09:34:42,24.35,-0.02,10,24355,卖盘
43,09:34:45,24.34,-0.01,30,73040,卖盘
44,09:34:51,24.41,0.07,19,46281,买盘
45,09:34:57,24.34,-0.07,19,46246,卖盘
46,09:35:15,24.35,0.01,4,9740,卖盘
47,09:35:18,24.34,-0.01,13,31642,卖盘
48,09:35:22,24.35,0.01,1,2435,买盘
49,09:35:24,24.35,0.0,3,7305,中性盘
50,09:35:30,24.35,0.0,1,2435,卖盘
51,09:35:33,24.44,0.09,8,19531,买盘
52,09:35:36,24.35,-0.09,5,12178,卖盘
53,09:35:48,24.35,0.0,47,114452,卖盘
54,09:35:52,24.35,0.0,44,107140,卖盘
55,09:35:54,24.45,0.1,10,24432,买盘
56,09:35:57,24.45,0.0,2,4890,卖盘
57,09:36:09,24.41,-0.04,5,12205,卖盘
58,09:36:21,24.39,-0.02,9,21951,卖盘
59,09:36:24,24.41,0.02,5,12205,买盘
60,09:36:28,24.4,-0.01,13,31720,卖盘
61,09:36:36,24.41,0.01,8,19526,买盘
62,09:36:39,24.39,-0.02,6,14634,卖盘
63,09:36:48,24.41,0.02,14,34174,买盘
64,09:36:57,24.39,-0.02,10,24400,卖盘
65,09:37:06,24.38,-0.01,6,14628,卖盘
66,09:37:09,24.38,0.0,2,4876,买盘
67,09:37:15,24.38,0.0,7,17066,卖盘
68,09:37:39,24.38,0.0,2,4876,卖盘
69,09:37:42,24.39,0.01,9,21951,买盘
70,09:37:48,24.38,-0.01,15,36570,卖盘
71,09:37:54,24.37,-0.01,11,26807,卖盘
72,09:37:57,24.37,0.0,5,12185,卖盘
73,09:38:00,24.37,0.0,10,24370,买盘
74,09:38:04,24.36,-0.01,44,107184,卖盘
75,09:38:06,24.38,0.02,20,48760,买盘
76,09:38:09,24.38,0.0,5,12190,买盘
77,09:38:39,24.41,0.03,1,2441,买盘
78,09:38:42,24.37,-0.04,7,17061,卖盘
79,09:38:45,24.45,0.08,8,19560,买盘
80,09:38:48,24.45,0.0,12,29340,买盘
81,09:38:51,24.38,-0.07,1,2438,中性盘
82,09:38:57,24.37,-0.01,11,26808,卖盘
83,09:39:09,24.37,0.0,44,107247,卖盘
84,09:39:15,24.45,0.08,1,2445,买盘
85,09:39:18,24.39,-0.06,5,12195,卖盘
86,09:39:30,24.4,0.01,6,14640,卖盘
87,09:39:39,24.42,0.02,10,24420,买盘
88,09:39:49,24.47,0.05,8,19566,买盘
89,09:40:06,24.45,-0.02,6,14670,卖盘
90,09:40:12,24.45,0.0,1,2445,卖盘
91,09:40:15,24.38,-0.07,44,107392,卖盘
92,09:40:51,24.44,0.06,2,4888,买盘
93,09:40:54,24.45,0.01,8,19554,买盘
94,09:41:00,24.45,0.0,1,2445,买盘
95,09:41:21,24.4,-0.05,17,41485,卖盘
96,09:41:27,24.4,0.0,10,24400,买盘
97,09:41:30,24.4,0.0,18,43920,买盘
98,09:41:42,24.4,0.0,40,97702,卖盘
99,09:41:54,24.4,0.0,11,26840,卖盘
100,09:41:57,24.46,0.06,8,19568,买盘
101,09:42:04,24.47,0.01,20,48940,买盘
102,09:42:16,24.46,-0.01,5,12230,卖盘
103,09:42:18,24.47,0.01,1,2447,买盘
104,09:42:21,24.47,0.0,2,4894,买盘
105,09:42:24,24.47,0.0,3,7341,买盘
106,09:42:27,24.44,-0.03,31,75807,卖盘
107,09:42:30,24.44,0.0,6,14664,买盘
108,09:42:45,24.44,0.0,8,19552,买盘
109,09:42:48,24.47,0.03,4,9782,买盘
110,09:42:54,24.47,0.0,5,12235,买盘
111,09:42:57,24.47,0.0,1,2447,买盘
112,09:43:00,24.48,0.01,9,22031,买盘
113,09:43:12,24.5,0.02,9,22042,买盘
114,09:43:18,24.44,-0.06,2,4888,卖盘
115,09:43:27,24.45,0.01,3,7335,卖盘
116,09:43:33,24.44,-0.01,27,66055,卖盘
117,09:43:39,24.44,0.0,10,24440,买盘
118,09:43:42,24.44,0.0,2,4888,买盘
119,09:43:45,24.44,0.0,1,2444,买盘
120,09:43:48,24.41,-0.03,2,4885,卖盘
121,09:44:09,24.44,0.03,8,19552,买盘
122,09:44:12,24.43,-0.01,7,17104,卖盘
123,09:44:15,24.43,0.0,8,19544,买盘
124,09:44:18,24.44,0.01,13,31772,买盘
125,09:44:39,24.42,-0.02,40,97702,卖盘
126,09:44:42,24.42,0.0,5,12210,买盘
127,09:45:00,24.45,0.03,1,2445,卖盘
128,09:45:03,24.45,0.0,27,66015,买盘
129,09:45:06,24.45,0.0,1,2445,买盘
130,09:45:10,24.49,0.04,8,19568,买盘
131,09:45:21,24.45,-0.04,6,14670,卖盘
132,09:45:30,24.45,0.0,1,2445,买盘
133,09:45:45,24.45,0.0,11,26896,卖盘
134,09:46:04,24.45,0.0,4,9780,买盘
135,09:46:09,24.45,0.0,3,7335,买盘
136,09:46:12,24.45,0.0,8,19560,买盘
137,09:46:15,24.45,0.0,18,44010,买盘
138,09:46:27,24.45,0.0,14,34230,卖盘
139,09:46:30,24.43,-0.02,9,21987,卖盘
140,09:46:48,24.43,0.0,1,2443,买盘
141,09:46:51,24.41,-0.02,30,73240,卖盘
142,09:46:54,24.41,0.0,2,4882,买盘
143,09:47:04,24.4,-0.01,1,2440,卖盘
144,09:47:06,24.41,0.01,1,2441,买盘
145,09:47:12,24.4,-0.01,10,24400,卖盘
146,09:47:15,24.41,0.01,8,19528,买盘
147,09:47:18,24.41,0.0,1,2441,买盘
148,09:47:22,24.41,0.0,3,7323,买盘
149,09:47:24,24.41,0.0,3,7323,买盘
150,09:47:27,24.41,0.0,1,2441,买盘
151,09:47:36,24.41,0.0,2,4882,卖盘
152,09:47:39,24.43,0.02,4,9772,买盘
153,09:47:54,24.41,-0.02,51,124583,卖盘
154,09:47:57,24.4,-0.01,45,109828,卖盘
155,09:48:00,24.45,0.05,1,2445,买盘
156,09:48:24,24.45,0.0,8,19560,买盘
157,09:48:36,24.45,0.0,6,14670,买盘
158,09:48:48,24.45,0.0,1,2445,买盘
159,09:49:04,24.41,-0.04,47,114742,卖盘
160,09:49:24,24.45,0.04,8,19560,买盘
161,09:49:27,24.45,0.0,3,7335,买盘
162,09:49:39,24.45,0.0,2,4890,卖盘
163,09:50:09,24.42,-0.03,31,75703,卖盘
164,09:50:15,24.42,0.0,1,2442,买盘
165,09:50:21,24.42,0.0,1,2442,买盘
166,09:50:24,24.42,0.0,1,2442,买盘
167,09:50:27,24.42,0.0,8,19536,买盘
168,09:50:33,24.42,0.0,1,2442,买盘
169,09:50:36,24.44,0.02,6,14662,买盘
170,09:50:51,24.41,-0.03,1,2441,卖盘
171,09:51:12,24.41,0.0,10,24410,卖盘
172,09:51:18,24.41,0.0,44,107404,卖盘
173,09:51:24,24.41,0.0,2,4882,卖盘
174,09:51:36,24.41,0.0,11,26853,卖盘
175,09:51:39,24.41,0.0,8,19528,买盘
176,09:52:16,24.41,0.0,1,2441,买盘
177,09:52:18,24.41,0.0,5,12205,买盘
178,09:52:24,24.41,0.0,46,112241,买盘
179,09:52:36,24.4,-0.01,27,65880,卖盘
180,09:52:39,24.43,0.03,8,19541,买盘
181,09:52:45,24.42,-0.01,4,9768,卖盘
182,09:52:57,24.43,0.01,1,2443,买盘
183,09:53:00,24.43,0.0,2,4886,买盘
184,09:53:04,24.43,0.0,4,9772,买盘
185,09:53:06,24.43,0.0,8,19544,买盘
186,09:53:09,24.43,0.0,2,4886,卖盘
187,09:53:12,24.43,0.0,1,2443,卖盘
188,09:53:16,24.45,0.02,16,39108,买盘
189,09:53:27,24.43,-0.02,20,48872,卖盘
190,09:53:42,24.43,0.0,21,51303,买盘
191,09:53:45,24.45,0.02,8,19554,买盘
192,09:53:48,24.45,0.0,1,2445,买盘
193,09:53:51,24.43,-0.02,12,29320,卖盘
194,09:54:15,24.47,0.04,6,14682,买盘
195,09:54:37,24.42,-0.05,25,61070,卖盘
196,09:54:42,24.42,0.0,6,14652,买盘
197,09:54:45,24.42,0.0,13,31746,买盘
198,09:54:54,24.49,0.07,2,4897,买盘
199,09:55:06,24.49,0.0,8,19586,买盘
200,09:55:15,24.49,0.0,2,4898,买盘
201,09:55:39,24.45,-0.04,45,110065,卖盘
202,09:55:48,24.54,0.09,13,31871,买盘
203,09:56:00,24.52,-0.02,1,2452,买盘
204,09:56:04,24.5,-0.02,1,2450,卖盘
205,09:56:06,24.51,0.01,6,14705,买盘
206,09:56:09,24.5,-0.01,5,12250,卖盘
207,09:56:12,24.5,0.0,1,2450,卖盘
208,09:56:15,24.5,0.0,10,24500,卖盘
209,09:56:19,24.5,0.0,27,66150,卖盘
210,09:56:36,24.51,0.01,2,4902,买盘
211,09:56:46,24.43,-0.08,44,107540,卖盘
212,09:56:54,24.54,0.11,8,19620,买盘
213,09:57:04,24.46,-0.08,3,7338,卖盘
214,09:57:45,24.52,0.06,60,147105,买盘
215,09:57:54,24.45,-0.07,44,107606,卖盘
216,09:57:57,24.52,0.07,8,19616,买盘
217,09:58:06,24.52,0.0,1,2452,买盘
218,09:58:16,24.52,0.0,2,4904,买盘
219,09:58:27,24.52,0.0,3,7356,买盘
220,09:58:48,24.53,0.01,33,80941,买盘
221,09:59:00,24.5,-0.03,45,110250,卖盘
222,09:59:04,24.56,0.06,8,19642,买盘
223,09:59:15,24.56,0.0,8,19648,买盘
224,09:59:33,24.55,-0.01,1,2455,买盘
225,09:59:54,24.56,0.01,4,9822,买盘
226,09:59:57,24.55,-0.01,4,9820,卖盘
227,10:00:00,24.55,0.0,1,2455,买盘
228,10:00:03,24.56,0.01,8,19643,买盘
229,10:00:06,24.5,-0.06,44,107801,卖盘
230,10:00:12,24.55,0.05,3,7365,买盘
231,10:00:15,24.55,0.0,1,2455,卖盘
232,10:00:31,24.59,0.04,41,100707,买盘
233,10:01:03,24.58,-0.01,4,9832,买盘
234,10:01:06,24.6,0.02,27,66391,买盘
235,10:01:09,24.6,0.0,8,19680,买盘
236,10:01:12,24.53,-0.07,17,41703,卖盘
237,10:01:15,24.53,0.0,5,12265,买盘
238,10:01:18,24.53,0.0,2,4906,买盘
239,10:01:36,24.53,0.0,2,4906,买盘
240,10:01:54,24.52,-0.01,1,2452,卖盘
241,10:01:57,24.53,0.01,1,2453,买盘
242,10:02:06,24.53,0.0,17,41701,买盘
243,10:02:15,24.57,0.04,8,19656,中性盘
244,10:02:18,24.52,-0.05,31,76013,卖盘
245,10:02:21,24.57,0.05,30,73639,买盘
246,10:02:51,24.52,-0.05,1,2452,卖盘
247,10:03:03,24.55,0.03,17,41735,买盘
248,10:03:06,24.56,0.01,8,19648,买盘
249,10:03:09,24.55,-0.01,15,36827,卖盘
250,10:03:15,24.56,0.01,15,36840,买盘
251,10:03:18,24.56,0.0,8,19648,买盘
252,10:03:24,24.52,-0.04,44,107909,卖盘
253,10:04:04,24.55,0.03,1,2455,买盘
254,10:04:09,24.52,-0.03,58,142216,卖盘
255,10:04:21,24.55,0.03,12,29459,买盘
256,10:04:30,24.52,-0.03,32,78465,卖盘
257,10:04:49,24.51,-0.01,3,7353,卖盘
258,10:04:54,24.52,0.01,2,4904,买盘
259,10:05:30,24.52,0.0,2,4904,买盘
260,10:05:33,24.56,0.04,9,22072,买盘
261,10:05:36,24.47,-0.09,44,107797,卖盘
262,10:05:51,24.47,0.0,5,12235,卖盘
263,10:06:04,24.54,0.07,1,2454,买盘
264,10:06:18,24.52,-0.02,1,2452,买盘
265,10:06:33,24.51,-0.01,3,7353,买盘
266,10:06:36,24.54,0.03,8,19632,买盘
267,10:06:39,24.54,0.0,1,2454,买盘
268,10:06:42,24.5,-0.04,45,110273,卖盘
269,10:07:06,24.5,0.0,15,36755,卖盘
270,10:07:27,24.53,0.03,2,4906,买盘
271,10:07:42,24.53,0.0,8,19624,买盘
272,10:07:48,24.47,-0.06,44,107722,卖盘
273,10:08:04,24.5,0.03,1,2450,卖盘
274,10:08:12,24.51,0.01,2,4902,买盘
275,10:08:21,24.5,-0.01,41,100450,卖盘
276,10:08:24,24.5,0.0,5,12250,卖盘
277,10:08:27,24.5,0.0,13,31850,卖盘
278,10:08:30,24.5,0.0,6,14697,买盘
279,10:08:54,24.46,-0.04,24,58715,卖盘
280,10:08:57,24.46,0.0,9,22014,买盘
281,10:09:06,24.46,0.0,1,2446,买盘
282,10:09:09,24.46,0.0,10,24460,买盘
283,10:09:30,24.45,-0.01,8,19560,卖盘
284,10:09:39,24.5,0.05,11,26950,买盘
285,10:09:51,24.53,0.03,2,4906,买盘
286,10:10:00,24.46,-0.07,45,110146,卖盘
287,10:10:04,24.53,0.07,8,19621,买盘
288,10:11:06,24.46,-0.07,11,26946,卖盘
289,10:11:10,24.46,0.0,13,31798,买盘
290,10:11:12,24.46,0.0,1,2446,买盘
291,10:11:15,24.46,0.0,3,7338,买盘
292,10:11:18,24.46,0.0,6,14676,买盘
293,10:11:21,24.46,0.0,3,7338,买盘
294,10:11:24,24.46,0.0,2,4892,买盘
295,10:11:27,24.46,0.0,5,12230,买盘
296,10:11:33,24.52,0.06,2,4904,买盘
297,10:11:57,24.43,-0.09,76,185814,卖盘
298,10:12:06,24.43,0.0,1,2443,买盘
299,10:12:09,24.43,0.0,40,97720,买盘
300,10:12:12,24.41,-0.02,31,75677,卖盘
301,10:12:15,24.41,0.0,13,31733,买盘
302,10:12:27,24.5,0.09,6,14700,买盘
303,10:12:30,24.5,0.0,10,24500,卖盘
304,10:12:36,24.5,0.0,34,83300,卖盘
305,10:13:12,24.5,0.0,3,7350,买盘
306,10:13:18,24.5,0.0,53,129625,买盘
307,10:13:24,24.5,0.0,50,122495,买盘
308,10:13:57,24.46,-0.04,3,7338,卖盘
309,10:14:00,24.46,0.0,30,73380,买盘
310,10:14:06,24.46,0.0,1,2446,买盘
311,10:14:09,24.46,0.0,10,24460,买盘
312,10:14:12,24.46,0.0,1,2446,买盘
313,10:14:15,24.46,0.0,15,36690,买盘
314,10:14:24,24.45,-0.01,11,26896,卖盘
315,10:14:27,24.45,0.0,8,19560,买盘
316,10:14:54,24.45,0.0,2,4890,买盘
317,10:15:04,24.45,0.0,23,56235,买盘
318,10:15:30,24.42,-0.03,44,107531,卖盘
319,10:15:33,24.5,0.08,9,22050,买盘
320,10:15:57,24.42,-0.08,2,4884,卖盘
321,10:16:30,24.42,0.0,18,43956,卖盘
322,10:16:33,24.48,0.06,2,4896,买盘
323,10:16:36,24.5,0.02,52,127018,买盘
324,10:16:39,24.42,-0.08,18,43958,卖盘
325,10:17:06,24.43,0.01,2,4886,卖盘
326,10:17:15,24.43,0.0,2,4886,卖盘
327,10:17:24,24.43,0.0,2,4886,卖盘
328,10:17:30,24.42,-0.01,17,41514,卖盘
329,10:17:42,24.51,0.09,53,129488,买盘
330,10:18:12,24.49,-0.02,2,4897,买盘
331,10:18:27,24.46,-0.03,1,2446,卖盘
332,10:18:42,24.46,0.0,13,31788,买盘
333,10:18:45,24.51,0.05,8,19586,买盘
334,10:18:48,24.41,-0.1,44,107564,卖盘
335,10:18:57,24.41,0.0,2,4882,卖盘
336,10:19:30,24.46,0.05,1,2446,买盘
337,10:19:40,24.46,0.0,2,4892,卖盘
338,10:19:54,24.42,-0.04,8,19538,卖盘
339,10:19:57,24.42,0.0,9,21978,买盘
340,10:20:00,24.42,0.0,1,2442,买盘
341,10:20:04,24.42,0.0,1,2442,买盘
342,10:20:06,24.42,0.0,1,2442,买盘
343,10:20:09,24.42,0.0,1,2442,买盘
344,10:20:12,24.42,0.0,23,56166,买盘
345,10:20:21,24.45,0.03,2,4890,卖盘
346,10:20:45,24.49,0.04,7,17143,买盘
347,10:20:48,24.49,0.0,2,4898,卖盘
348,10:20:57,24.45,-0.04,1,2445,卖盘
349,10:21:00,24.5,0.05,53,129589,买盘
350,10:21:33,24.49,-0.01,2,4898,买盘
351,10:21:51,24.43,-0.06,2,4886,卖盘
352,10:22:06,24.42,-0.01,18,43957,卖盘
353,10:22:09,24.42,0.0,18,43956,买盘
354,10:22:12,24.42,0.0,1,2442,买盘
355,10:22:15,24.42,0.0,1,2442,买盘
356,10:22:51,24.42,0.0,2,4884,买盘
357,10:23:06,24.42,0.0,1,2442,买盘
358,10:23:09,24.47,0.05,11,26902,买盘
359,10:23:12,24.48,0.01,46,112287,买盘
360,10:23:18,24.4,-0.08,2,4880,卖盘
361,10:23:45,24.4,0.0,100,244000,卖盘
362,10:24:04,24.46,0.06,124,302566,买盘
363,10:24:19,24.4,-0.06,45,109800,卖盘
364,10:24:21,24.47,0.07,9,22018,买盘
365,10:24:45,24.42,-0.05,1,2442,卖盘
366,10:24:51,24.45,0.03,2,4887,买盘
367,10:25:00,24.45,0.0,2,4890,买盘
368,10:25:22,24.45,0.0,1,2445,卖盘
369,10:25:25,24.45,0.0,58,141590,买盘
370,10:26:06,24.47,0.02,4,9788,买盘
371,10:26:21,24.4,-0.07,2,4880,卖盘
372,10:26:30,24.4,0.0,44,107360,卖盘
373,10:26:33,24.47,0.07,10,24470,买盘
374,10:26:36,24.45,-0.02,8,19560,卖盘
375,10:26:54,24.45,0.0,3,7335,买盘
376,10:27:33,24.45,0.0,8,19560,买盘
377,10:27:36,24.4,-0.05,45,109801,卖盘
378,10:27:54,24.4,0.0,2,4880,卖盘
379,10:28:12,24.45,0.05,2,4890,买盘
380,10:28:42,24.4,-0.05,43,104924,卖盘
381,10:28:45,24.45,0.05,10,24445,买盘
382,10:28:57,24.41,-0.04,2,4882,买盘
383,10:29:00,24.41,0.0,1,2441,买盘
384,10:29:03,24.41,0.0,1,2441,买盘
385,10:29:13,24.44,0.03,1,2444,买盘
386,10:29:21,24.44,0.0,4,9764,买盘
387,10:29:24,24.41,-0.03,2,4885,卖盘
388,10:29:33,24.4,-0.01,5,12202,卖盘
389,10:29:48,24.39,-0.01,24,58555,卖盘
390,10:29:51,24.39,0.0,10,24390,买盘
391,10:29:54,24.39,0.0,2,4878,买盘
392,10:29:57,24.39,0.0,2,4878,买盘
393,10:30:00,24.39,0.0,2,4878,买盘
394,10:30:04,24.39,0.0,4,9756,买盘
395,10:30:21,24.39,0.0,1,2439,卖盘
396,10:30:33,24.4,0.01,4,9760,卖盘
397,10:30:51,24.38,-0.02,35,85332,卖盘
398,10:30:54,24.38,0.0,9,21942,买盘
399,10:31:00,24.37,-0.01,2,4874,卖盘
400,10:31:24,24.43,0.06,7,17096,买盘
401,10:31:33,24.43,0.0,2,4886,买盘
402,10:31:48,24.43,0.0,1,2443,买盘
403,10:31:58,24.36,-0.07,45,109635,卖盘
404,10:32:00,24.45,0.09,8,19560,买盘
405,10:32:06,24.43,-0.02,2,4886,买盘
406,10:32:12,24.43,0.0,3,7329,买盘
407,10:32:24,24.4,-0.03,1,2440,卖盘
408,10:32:31,24.4,0.0,1,2440,买盘
409,10:32:42,24.4,0.0,12,29290,卖盘
410,10:33:03,24.37,-0.03,45,109767,卖盘
411,10:33:09,24.37,0.0,2,4874,买盘
412,10:33:13,24.37,0.0,3,7311,买盘
413,10:33:15,24.37,0.0,4,9748,买盘
414,10:33:33,24.45,0.08,1,2445,买盘
415,10:33:39,24.38,-0.07,1,2438,卖盘
416,10:33:57,24.38,0.0,2,4876,卖盘
417,10:34:06,24.45,0.07,8,19560,买盘
418,10:34:10,24.36,-0.09,33,80430,卖盘
419,10:34:12,24.36,0.0,8,19488,买盘
420,10:34:15,24.36,0.0,1,2436,买盘
421,10:34:18,24.36,0.0,2,4872,买盘
422,10:34:42,24.44,0.08,7,17108,买盘
423,10:34:45,24.44,0.0,5,12220,卖盘
424,10:34:54,24.44,0.0,2,4888,买盘
425,10:35:15,24.35,-0.09,45,109608,卖盘
426,10:35:18,24.44,0.09,17,41548,买盘
427,10:35:40,24.43,-0.01,5,12215,卖盘
428,10:35:57,24.43,0.0,2,4886,买盘
429,10:36:00,24.43,0.0,2,4886,卖盘
430,10:36:18,24.43,0.0,3,7329,买盘
431,10:36:21,24.35,-0.08,52,126727,卖盘
432,10:36:33,24.45,0.1,2,4890,买盘
433,10:37:27,24.36,-0.09,26,63349,卖盘
434,10:37:30,24.36,0.0,13,31668,买盘
435,10:37:33,24.36,0.0,2,4872,买盘
436,10:37:36,24.36,0.0,3,7308,买盘
437,10:38:12,24.45,0.09,2,4890,买盘
438,10:38:15,24.45,0.0,1,2445,买盘
439,10:38:24,24.37,-0.08,1,2437,卖盘
440,10:38:30,24.45,0.08,8,19560,买盘
441,10:38:33,24.36,-0.09,45,109637,卖盘
442,10:38:36,24.45,0.09,2,4890,买盘
443,10:38:42,24.45,0.0,1,2445,买盘
444,10:38:45,24.45,0.0,3,7335,买盘
445,10:38:48,24.45,0.0,5,12225,买盘
446,10:39:36,24.42,-0.03,8,19536,买盘
447,10:39:39,24.36,-0.06,44,107229,卖盘
448,10:39:54,24.35,-0.01,4,9754,卖盘
449,10:40:18,24.41,0.06,6,14646,买盘
450,10:40:42,24.36,-0.05,1,2436,卖盘
451,10:40:45,24.35,-0.01,52,126696,卖盘
452,10:40:51,24.35,0.0,1,2435,卖盘
453,10:41:15,24.42,0.07,2,4884,买盘
454,10:41:21,24.35,-0.07,1,2435,卖盘
455,10:41:27,24.42,0.07,8,19521,买盘
456,10:41:30,24.41,-0.01,1,2441,买盘
457,10:41:33,24.42,0.01,2,4883,买盘
458,10:41:42,24.41,-0.01,8,19526,买盘
459,10:41:51,24.35,-0.06,44,107147,卖盘
460,10:42:33,24.39,0.04,2,4878,买盘
461,10:42:36,24.4,0.01,1,2440,买盘
462,10:42:48,24.4,0.0,8,19520,买盘
463,10:42:57,24.35,-0.05,47,114458,卖盘
464,10:43:04,24.4,0.05,1,2440,买盘
465,10:43:12,24.39,-0.01,2,4878,中性盘
466,10:43:30,24.39,0.0,1,2439,买盘
467,10:43:51,24.39,0.0,1,2439,买盘
468,10:43:54,24.4,0.01,8,19519,买盘
469,10:43:57,24.39,-0.01,5,12195,卖盘
470,10:44:04,24.34,-0.05,44,107106,卖盘
471,10:44:19,24.34,0.0,9,21906,卖盘
472,10:44:21,24.39,0.05,1,2439,买盘
473,10:44:48,24.39,0.0,1,2439,买盘
474,10:44:54,24.39,0.0,2,4878,买盘
475,10:44:57,24.39,0.0,8,19512,买盘
476,10:45:09,24.34,-0.05,13,31653,卖盘
477,10:45:13,24.34,0.0,1,2434,买盘
478,10:45:30,24.34,0.0,5,12170,买盘
479,10:45:39,24.34,0.0,10,24340,买盘
480,10:45:42,24.34,0.0,8,19472,买盘
481,10:45:45,24.34,0.0,7,17038,买盘
482,10:45:54,24.33,-0.01,2,4866,卖盘
483,10:45:57,24.39,0.06,8,19512,买盘
484,10:46:15,24.31,-0.08,72,175099,卖盘
485,10:46:27,24.31,0.0,7,17017,卖盘
486,10:46:33,24.33,0.02,2,4866,买盘
487,10:46:36,24.33,0.0,4,9732,买盘
488,10:46:40,24.31,-0.02,5,12155,卖盘
489,10:46:45,24.28,-0.03,117,284204,卖盘
490,10:46:48,24.28,0.0,11,26678,买盘
491,10:46:54,24.25,-0.03,10,24250,卖盘
492,10:46:57,24.25,0.0,4,9700,卖盘
493,10:47:06,24.28,0.03,8,19424,买盘
494,10:47:12,24.25,-0.03,10,24254,卖盘
495,10:47:21,24.24,-0.01,18,43645,卖盘
496,10:47:24,24.24,0.0,2,4848,买盘
497,10:47:27,24.24,0.0,3,7272,买盘
498,10:47:31,24.24,0.0,4,9696,买盘
499,10:47:33,24.24,0.0,9,21816,买盘
500,10:47:36,24.25,0.01,9,21817,买盘
501,10:47:39,24.28,0.03,2,4856,买盘
502,10:47:42,24.28,0.0,6,14568,买盘
503,10:47:45,24.28,0.0,2,4856,买盘
504,10:47:48,24.28,0.0,2,4856,买盘
505,10:47:51,24.28,0.0,4,9712,买盘
506,10:47:54,24.28,0.0,2,4856,买盘
507,10:47:57,24.25,-0.03,3,7281,卖盘
508,10:48:00,24.28,0.03,51,123828,买盘
509,10:48:03,24.28,0.0,11,26708,买盘
510,10:48:15,24.25,-0.03,11,26708,卖盘
511,10:48:27,24.26,0.01,14,33966,卖盘
512,10:48:30,24.26,0.0,30,72780,买盘
513,10:48:54,24.31,0.05,5,12155,中性盘
514,10:49:12,24.31,0.0,43,104533,卖盘
515,10:49:15,24.36,0.05,8,19488,买盘
516,10:49:33,24.3,-0.06,19,46184,卖盘
517,10:49:54,24.3,0.0,2,4860,买盘
518,10:49:57,24.3,0.0,15,36450,买盘
519,10:50:00,24.28,-0.02,15,36420,卖盘
520,10:50:24,24.3,0.02,4,9720,买盘
521,10:50:39,24.3,0.0,5,12150,买盘
522,10:50:42,24.26,-0.04,36,87402,卖盘
523,10:50:45,24.26,0.0,8,19408,买盘
524,10:50:54,24.34,0.08,3,7302,买盘
525,10:51:18,24.33,-0.01,4,9731,买盘
526,10:51:31,24.3,-0.03,3,7290,卖盘
527,10:51:33,24.32,0.02,2,4863,买盘
528,10:51:49,24.25,-0.07,44,106720,卖盘
529,10:51:52,24.32,0.07,4,9727,买盘
530,10:52:12,24.25,-0.07,49,118868,卖盘
531,10:52:21,24.3,0.05,4,9720,买盘
532,10:52:30,24.25,-0.05,6,14550,卖盘
533,10:52:48,24.25,0.0,15,36375,卖盘
534,10:52:51,24.24,-0.01,48,116390,卖盘
535,10:52:54,24.28,0.04,132,320048,中性盘
536,10:52:57,24.28,0.0,33,80122,卖盘
537,10:53:15,24.22,-0.06,29,70248,卖盘
538,10:53:18,24.27,0.05,3,7281,买盘
539,10:53:21,24.27,0.0,30,72810,买盘
540,10:53:33,24.24,-0.03,3,7272,卖盘
541,10:53:42,24.24,0.0,3,7272,买盘
542,10:53:45,24.23,-0.01,102,246998,卖盘
543,10:53:52,24.23,0.0,4,9692,买盘
544,10:54:00,24.21,-0.02,50,121037,卖盘
545,10:54:06,24.21,0.0,3,7263,买盘
546,10:54:15,24.21,0.0,10,24210,买盘
547,10:54:33,24.21,0.0,1,2421,买盘
548,10:54:36,24.23,0.02,8,19376,买盘
549,10:54:49,24.2,-0.03,99,239581,卖盘
550,10:54:54,24.2,0.0,2,4840,买盘
551,10:55:00,24.18,-0.02,13,31434,卖盘
552,10:55:04,24.18,0.0,7,16926,买盘
553,10:55:06,24.15,-0.03,44,106316,卖盘
554,10:55:21,24.15,0.0,13,31395,卖盘
555,10:55:24,24.15,0.0,2,4830,买盘
556,10:55:39,24.15,0.0,7,16908,卖盘
557,10:55:42,24.15,0.0,59,142485,卖盘
558,10:55:45,24.15,0.0,3,7245,买盘
559,10:55:57,24.18,0.03,2,4835,买盘
560,10:56:13,24.14,-0.04,27,65184,卖盘
561,10:56:16,24.14,0.0,1,2414,买盘
562,10:56:22,24.14,0.0,16,38624,买盘
563,10:56:33,24.18,0.04,2,4836,买盘
564,10:56:36,24.23,0.05,2,4846,买盘
565,10:56:48,24.23,0.0,23,55729,买盘
566,10:57:15,24.33,0.1,207,502863,买盘
567,10:57:18,24.33,0.0,168,408744,卖盘
568,10:57:22,24.33,0.0,143,347919,卖盘
569,10:57:24,24.33,0.0,38,92454,卖盘
570,10:57:28,24.33,0.0,41,99753,卖盘
571,10:57:30,24.33,0.0,48,116784,卖盘
572,10:57:33,24.33,0.0,30,72990,卖盘
573,10:57:36,24.33,0.0,277,673941,卖盘
574,10:58:15,24.2,-0.13,8,19381,卖盘
575,10:58:24,24.19,-0.01,24,58058,卖盘
576,10:58:27,24.21,0.02,21,50801,买盘
577,10:58:51,24.29,0.08,6,14569,买盘
578,10:59:21,24.2,-0.09,6,14520,卖盘
579,10:59:27,24.2,0.0,19,45980,卖盘
580,10:59:30,24.19,-0.01,23,55637,卖盘
581,10:59:39,24.18,-0.01,1,2418,卖盘
582,10:59:42,24.18,0.0,5,12090,卖盘
583,10:59:48,24.16,-0.02,285,688623,卖盘
584,10:59:51,24.15,-0.01,102,246330,卖盘
585,10:59:55,24.15,0.0,25,60352,中性盘
586,10:59:57,24.16,0.01,6,14491,买盘
587,11:00:04,24.13,-0.03,2,4826,卖盘
588,11:00:06,24.1,-0.03,185,445973,卖盘
589,11:00:09,24.1,0.0,13,31330,卖盘
590,11:00:12,24.07,-0.03,33,79482,卖盘
591,11:00:15,24.07,0.0,3,7220,买盘
592,11:00:18,24.07,0.0,2,4814,买盘
593,11:00:25,24.07,0.0,4,9628,买盘
594,11:00:28,23.99,-0.08,590,1416121,卖盘
595,11:00:30,23.99,0.0,1,2399,买盘
596,11:00:33,24.0,0.01,30,71998,买盘
597,11:00:36,23.9,-0.1,76,181758,卖盘
598,11:00:39,23.88,-0.02,161,384735,卖盘
599,11:00:45,23.88,0.0,105,250742,卖盘
600,11:00:48,23.88,0.0,57,136106,买盘
601,11:00:51,23.88,0.0,25,59700,买盘
602,11:00:54,23.88,0.0,43,102681,买盘
603,11:00:57,23.8,-0.08,178,424278,卖盘
604,11:01:00,23.87,0.07,32,76209,买盘
605,11:01:04,23.87,0.0,5,11934,买盘
606,11:01:06,23.8,-0.07,50,119000,卖盘
607,11:01:09,23.8,0.0,60,142786,买盘
608,11:01:12,23.78,-0.02,15,35670,卖盘
609,11:01:15,23.8,0.02,91,216568,买盘
610,11:01:18,23.8,0.0,84,199920,买盘
611,11:01:21,23.75,-0.05,168,399185,卖盘
612,11:01:24,23.75,0.0,66,156735,买盘
613,11:01:27,23.78,0.03,36,85497,买盘
614,11:01:30,23.9,0.12,487,1163198,买盘
615,11:01:33,23.9,0.0,48,114756,卖盘
616,11:01:36,23.9,0.0,14,33484,卖盘
617,11:01:39,23.9,0.0,204,487572,卖盘
618,11:01:42,23.96,0.06,134,320320,买盘
619,11:01:45,23.72,-0.24,384,913720,卖盘
620,11:01:48,23.88,0.16,1,2388,中性盘
621,11:01:57,23.87,-0.01,10,23870,买盘
622,11:02:04,23.85,-0.02,8,19080,买盘
623,11:02:06,23.81,-0.04,53,126305,卖盘
624,11:02:15,23.87,0.06,1,2387,买盘
625,11:02:18,23.86,-0.01,91,216689,买盘
626,11:02:21,23.86,0.0,7,16702,买盘
627,11:02:24,23.85,-0.01,3,7155,卖盘
628,11:02:33,23.87,0.02,5,11935,卖盘
629,11:02:36,23.87,0.0,11,26261,卖盘
630,11:02:39,23.87,0.0,7,16709,买盘
631,11:02:42,23.87,0.0,11,26247,买盘
632,11:02:48,23.85,-0.02,22,52491,卖盘
633,11:02:52,23.85,0.0,5,11925,买盘
634,11:02:54,23.85,0.0,17,40545,买盘
635,11:02:57,23.9,0.05,1,2390,买盘
636,11:03:00,23.9,0.0,1,2390,买盘
637,11:03:03,23.9,0.0,1,2390,买盘
638,11:03:06,23.9,0.0,1,2390,买盘
639,11:03:09,23.9,0.0,6,14340,买盘
640,11:03:12,23.9,0.0,1,2390,买盘
641,11:03:16,23.88,-0.02,16,38207,卖盘
642,11:03:21,23.9,0.02,5,11950,买盘
643,11:03:24,23.9,0.0,1,2390,买盘
644,11:03:27,23.94,0.04,6,14364,买盘
645,11:03:30,23.94,0.0,9,21545,买盘
646,11:03:33,23.94,0.0,12,28728,买盘
647,11:03:36,23.94,0.0,8,19152,买盘
648,11:03:39,23.94,0.0,23,55062,买盘
649,11:03:42,23.94,0.0,23,54986,买盘
650,11:03:45,23.94,0.0,6,14364,买盘
651,11:03:51,23.94,0.0,12,28728,卖盘
652,11:03:54,23.94,0.0,46,110020,卖盘
653,11:04:00,23.94,0.0,2,4788,买盘
654,11:04:04,23.92,-0.02,5,11960,中性盘
655,11:04:06,23.88,-0.04,56,133787,卖盘
656,11:04:09,23.87,-0.01,17,40580,卖盘
657,11:04:12,23.9,0.03,53,126599,买盘
658,11:04:15,23.9,0.0,2,4776,买盘
659,11:04:21,23.86,-0.04,2,4772,卖盘
660,11:04:24,23.86,0.0,8,19088,卖盘
661,11:04:27,23.86,0.0,5,11930,买盘
662,11:04:30,23.86,0.0,8,19088,买盘
663,11:04:33,23.86,0.0,1,2386,买盘
664,11:04:36,23.83,-0.03,30,71496,卖盘
665,11:04:39,23.83,0.0,1,2383,买盘
666,11:04:45,23.83,0.0,6,14298,买盘
667,11:04:48,23.83,0.0,93,221619,买盘
668,11:04:54,23.85,0.02,22,52418,买盘
669,11:05:00,23.81,-0.04,44,104770,卖盘
670,11:05:04,23.82,0.01,5,11910,买盘
671,11:05:06,23.8,-0.02,70,166621,卖盘
672,11:05:09,23.8,0.0,31,73780,卖盘
673,11:05:12,23.8,0.0,1,2380,买盘
674,11:05:15,23.78,-0.02,16,38066,卖盘
675,11:05:18,23.78,0.0,6,14272,卖盘
676,11:05:21,23.78,0.0,2,4755,买盘
677,11:05:24,23.76,-0.02,22,52284,卖盘
678,11:05:27,23.78,0.02,5,11890,卖盘
679,11:05:30,23.78,0.0,7,16646,卖盘
680,11:05:33,23.79,0.01,13,30919,买盘
681,11:05:42,23.78,-0.01,16,38050,卖盘
682,11:05:45,23.78,0.0,12,28539,买盘
683,11:05:48,23.7,-0.08,477,1132013,卖盘
684,11:05:52,23.7,0.0,2,4740,买盘
685,11:05:55,23.7,0.0,1,2370,买盘
686,11:05:57,23.68,-0.02,26,61583,卖盘
687,11:06:00,23.68,0.0,20,47360,卖盘
688,11:06:04,23.67,-0.01,73,172558,卖盘
689,11:06:06,23.65,-0.02,18,42552,中性盘
690,11:06:09,23.62,-0.03,32,75528,中性盘
691,11:06:12,23.62,0.0,30,70863,卖盘
692,11:06:15,23.65,0.03,32,75526,买盘
693,11:06:18,23.63,-0.02,2,4726,中性盘
694,11:06:21,23.63,0.0,1,2363,卖盘
695,11:06:24,23.58,-0.05,67,158334,卖盘
696,11:06:27,23.6,0.02,53,124983,买盘
697,11:06:31,23.58,-0.02,26,61342,卖盘
698,11:06:33,23.66,0.08,19,44894,买盘
699,11:06:36,23.58,-0.08,92,216995,卖盘
700,11:06:39,23.58,0.0,46,108468,买盘
701,11:06:42,23.63,0.05,10,23615,买盘
702,11:06:45,23.63,0.0,1,2363,买盘
703,11:06:48,23.63,0.0,2,4726,买盘
704,11:06:51,23.63,0.0,2,4726,买盘
705,11:06:55,23.63,0.0,17,40168,买盘
706,11:07:06,23.63,0.0,25,59083,卖盘
707,11:07:09,23.66,0.03,43,101738,买盘
708,11:07:12,23.62,-0.04,14,33077,卖盘
709,11:07:15,23.62,0.0,17,40154,买盘
710,11:07:18,23.62,0.0,13,30706,买盘
711,11:07:30,23.62,0.0,58,137033,卖盘
712,11:07:39,23.63,0.01,2,4726,卖盘
713,11:07:42,23.67,0.04,1,2367,买盘
714,11:07:45,23.66,-0.01,12,28402,中性盘
715,11:07:54,23.67,0.01,2,4734,买盘
716,11:07:57,23.67,0.0,4,9468,买盘
717,11:08:00,23.68,0.01,11,26048,买盘
718,11:08:03,23.69,0.01,3,7107,买盘
719,11:08:09,23.69,0.0,203,480553,买盘
720,11:08:12,23.7,0.01,93,220405,买盘
721,11:08:15,23.7,0.0,232,549840,买盘
722,11:08:18,23.69,-0.01,45,106633,卖盘
723,11:08:39,23.81,0.12,30,71426,买盘
724,11:08:42,23.72,-0.09,1,2372,卖盘
725,11:08:45,23.81,0.09,6,14286,买盘
726,11:08:54,23.8,-0.01,3,7140,买盘
727,11:08:57,23.8,0.0,11,26180,买盘
728,11:09:04,23.8,0.0,4,9520,买盘
729,11:09:06,23.8,0.0,25,59500,买盘
730,11:09:18,23.78,-0.02,4,9512,中性盘
731,11:09:21,23.79,0.01,4,9515,买盘
732,11:09:24,23.79,0.0,77,183035,买盘
733,11:09:30,23.79,0.0,4,9516,买盘
734,11:09:36,23.76,-0.03,20,47553,卖盘
735,11:09:39,23.76,0.0,2,4752,卖盘
736,11:09:45,23.76,0.0,17,40392,卖盘
737,11:09:48,23.76,0.0,3,7132,卖盘
738,11:09:51,23.76,0.0,1,2376,卖盘
739,11:09:54,23.77,0.01,8,19010,买盘
740,11:09:58,23.77,0.0,1,2377,买盘
741,11:10:00,23.78,0.01,10,23780,买盘
742,11:10:04,23.76,-0.02,2,4752,卖盘
743,11:10:12,23.78,0.02,20,47547,买盘
744,11:10:18,23.78,0.0,1,2378,买盘
745,11:10:30,23.75,-0.03,14,33271,卖盘
746,11:10:33,23.75,0.0,5,11876,卖盘
747,11:10:36,23.73,-0.02,10,23730,卖盘
748,11:10:39,23.73,0.0,33,78278,买盘
749,11:10:42,23.68,-0.05,140,331810,卖盘
750,11:10:48,23.72,0.04,2,4744,买盘
751,11:10:57,23.72,0.0,10,23715,买盘
752,11:11:00,23.72,0.0,4,9488,买盘
753,11:11:04,23.67,-0.05,5,11845,卖盘
754,11:11:09,23.72,0.05,4,9488,买盘
755,11:11:15,23.7,-0.02,6,14230,中性盘
756,11:11:18,23.65,-0.05,75,177426,卖盘
757,11:11:21,23.65,0.0,36,85140,卖盘
758,11:11:25,23.63,-0.02,8,18904,卖盘
759,11:11:30,23.63,0.0,8,18914,卖盘
760,11:11:33,23.65,0.02,10,23650,买盘
761,11:11:36,23.67,0.02,47,111079,买盘
762,11:11:42,23.67,0.0,10,23670,买盘
763,11:11:45,23.67,0.0,26,61542,买盘
764,11:11:51,23.64,-0.03,45,106439,卖盘
765,11:11:54,23.64,0.0,14,33096,买盘
766,11:11:57,23.64,0.0,4,9456,买盘
767,11:12:00,23.67,0.03,3,7101,中性盘
768,11:12:04,23.65,-0.02,7,16555,卖盘
769,11:12:09,23.65,0.0,15,35475,卖盘
770,11:12:12,23.65,0.0,105,248325,卖盘
771,11:12:15,23.65,0.0,3,7095,买盘
772,11:12:18,23.65,0.0,23,54395,买盘
773,11:12:21,23.65,0.0,15,35473,买盘
774,11:12:24,23.67,0.02,53,125332,买盘
775,11:12:27,23.65,-0.02,6,14190,卖盘
776,11:12:33,23.65,0.0,6,14190,卖盘
777,11:12:39,23.65,0.0,12,28380,卖盘
778,11:12:42,23.65,0.0,49,115841,买盘
779,11:12:45,23.65,0.0,15,35475,买盘
780,11:12:48,23.65,0.0,53,125298,买盘
781,11:12:51,23.65,0.0,6,14190,买盘
782,11:12:54,23.64,-0.01,65,153672,卖盘
783,11:13:01,23.65,0.01,20,47300,买盘
784,11:13:09,23.65,0.0,23,54387,买盘
785,11:13:12,23.66,0.01,3,7098,买盘
786,11:13:24,23.66,0.0,4,9464,买盘
787,11:13:30,23.67,0.01,1,2367,买盘
788,11:13:33,23.66,-0.01,5,11831,卖盘
789,11:13:36,23.66,0.0,1,2366,买盘
790,11:13:39,23.66,0.0,1,2366,买盘
791,11:13:42,23.67,0.01,5,11834,买盘
792,11:13:45,23.67,0.0,1,2367,买盘
793,11:13:49,23.65,-0.02,47,111155,卖盘
794,11:13:54,23.65,0.0,144,340641,卖盘
795,11:14:00,23.64,-0.01,14,33096,卖盘
796,11:14:04,23.64,0.0,29,68556,卖盘
797,11:14:06,23.64,0.0,54,127634,买盘
798,11:14:09,23.64,0.0,90,212678,买盘
799,11:14:12,23.62,-0.02,76,179576,卖盘
800,11:14:15,23.62,0.0,4,9448,卖盘
801,11:14:18,23.62,0.0,8,18901,卖盘
802,11:14:22,23.61,-0.01,10,23613,卖盘
803,11:14:25,23.62,0.01,4,9448,买盘
804,11:14:30,23.62,0.0,10,23614,买盘
805,11:14:33,23.62,0.0,17,40144,买盘
806,11:14:36,23.62,0.0,10,23620,买盘
807,11:14:42,23.6,-0.02,55,129842,卖盘
808,11:14:45,23.62,0.02,1,2362,买盘
809,11:14:48,23.6,-0.02,17,40130,卖盘
810,11:14:51,23.6,0.0,40,94400,卖盘
811,11:14:54,23.6,0.0,90,212451,卖盘
812,11:14:57,23.6,0.0,26,61976,卖盘
813,11:15:00,23.6,0.0,2,4720,卖盘
814,11:15:03,23.63,0.03,32,75552,买盘
815,11:15:12,23.63,0.0,40,94514,买盘
816,11:15:15,23.64,0.01,11,25999,买盘
817,11:15:18,23.62,-0.02,12,28355,卖盘
818,11:15:21,23.62,0.0,7,16534,买盘
819,11:15:30,23.62,0.0,1,2362,买盘
820,11:15:33,23.62,0.0,55,129836,买盘
821,11:15:36,23.62,0.0,6,14172,卖盘
822,11:15:39,23.62,0.0,10,23620,卖盘
823,11:15:42,23.63,0.01,7,16541,买盘
824,11:15:54,23.64,0.01,3,7092,买盘
825,11:16:00,23.62,-0.02,47,111046,卖盘
826,11:16:06,23.64,0.02,63,148878,买盘
827,11:16:12,23.64,0.0,30,70920,卖盘
828,11:16:15,23.64,0.0,3,7092,卖盘
829,11:16:21,23.64,0.0,10,23640,卖盘
830,11:16:27,23.64,0.0,59,139520,卖盘
831,11:16:30,23.65,0.01,1,2365,买盘
832,11:16:36,23.65,0.0,2,4730,买盘
833,11:16:39,23.65,0.0,1,2365,买盘
834,11:16:45,23.65,0.0,15,35475,买盘
835,11:16:48,23.65,0.0,1,2365,买盘
836,11:16:51,23.65,0.0,3,7095,买盘
837,11:16:54,23.64,-0.01,74,174962,卖盘
838,11:17:00,23.64,0.0,5,11820,买盘
839,11:17:03,23.64,0.0,7,16548,买盘
840,11:17:06,23.62,-0.02,11,25985,卖盘
841,11:17:09,23.62,0.0,1,2362,买盘
842,11:17:15,23.62,0.0,5,11810,买盘
843,11:17:18,23.62,0.0,25,59050,买盘
844,11:17:21,23.62,0.0,3,7086,买盘
845,11:17:24,23.61,-0.01,22,51944,卖盘
846,11:17:27,23.61,0.0,15,35415,买盘
847,11:17:30,23.6,-0.01,4,9440,卖盘
848,11:17:33,23.61,0.01,3,7083,买盘
849,11:17:39,23.61,0.0,26,61385,买盘
850,11:17:45,23.61,0.0,16,37766,买盘
851,11:17:52,23.6,-0.01,4,9442,卖盘
852,11:17:54,23.59,-0.01,60,141596,卖盘
853,11:18:03,23.59,0.0,1,2359,卖盘
854,11:18:06,23.59,0.0,4,9436,卖盘
855,11:18:09,23.59,0.0,6,14154,卖盘
856,11:18:12,23.58,-0.01,93,219436,卖盘
857,11:18:15,23.6,0.02,10,23600,卖盘
858,11:18:18,23.6,0.0,3,7080,买盘
859,11:18:21,23.6,0.0,20,47191,买盘
860,11:18:24,23.6,0.0,24,56640,买盘
861,11:18:27,23.6,0.0,28,66080,卖盘
862,11:18:33,23.6,0.0,8,18880,买盘
863,11:18:36,23.6,0.0,9,21224,买盘
864,11:18:39,23.6,0.0,10,23600,买盘
865,11:18:45,23.6,0.0,10,23600,卖盘
866,11:18:48,23.6,0.0,4,9440,卖盘
867,11:18:54,23.6,0.0,7,16520,卖盘
868,11:18:57,23.62,0.02,8,18896,买盘
869,11:19:00,23.6,-0.02,20,47220,卖盘
870,11:19:06,23.6,0.0,15,35400,卖盘
871,11:19:10,23.6,0.0,15,35400,买盘
872,11:19:15,23.62,0.02,1,2362,中性盘
873,11:19:18,23.61,-0.01,67,158202,卖盘
874,11:19:21,23.63,0.02,40,94520,买盘
875,11:19:24,23.62,-0.01,10,23629,中性盘
876,11:19:27,23.61,-0.01,1,2361,卖盘
877,11:19:30,23.61,0.0,50,118050,卖盘
878,11:19:33,23.6,-0.01,34,80240,卖盘
879,11:19:36,23.61,0.01,45,106217,买盘
880,11:19:39,23.6,-0.01,28,66105,卖盘
881,11:19:45,23.61,0.01,6,14166,卖盘
882,11:19:48,23.6,-0.01,55,129810,卖盘
883,11:19:51,23.61,0.01,3,7082,买盘
884,11:19:54,23.61,0.0,2,4722,买盘
885,11:20:00,23.6,-0.01,24,56641,卖盘
886,11:20:04,23.6,0.0,13,30679,买盘
887,11:20:06,23.6,0.0,5,11798,买盘
888,11:20:12,23.6,0.0,20,47200,买盘
889,11:20:15,23.6,0.0,4,9440,卖盘
890,11:20:21,23.58,-0.02,2,4716,卖盘
891,11:20:24,23.6,0.02,52,122632,买盘
892,11:20:27,23.58,-0.02,16,37119,卖盘
893,11:20:30,23.57,-0.01,35,82495,卖盘
894,11:20:33,23.56,-0.01,28,65976,卖盘
895,11:20:36,23.57,0.01,112,263881,买盘
896,11:20:39,23.56,-0.01,5,11780,卖盘
897,11:20:42,23.57,0.01,34,80111,买盘
898,11:20:45,23.57,0.0,18,42426,卖盘
899,11:20:48,23.57,0.0,8,18855,买盘
900,11:20:54,23.57,0.0,4,9428,卖盘
901,11:20:58,23.57,0.0,2,4714,买盘
902,11:21:01,23.57,0.0,4,9428,买盘
903,11:21:06,23.57,0.0,10,23570,卖盘
904,11:21:09,23.58,0.01,76,179821,买盘
905,11:21:12,23.58,0.0,1,2358,卖盘
906,11:21:22,23.58,0.0,78,183932,卖盘
907,11:21:27,23.8,0.22,500,1184455,买盘
908,11:21:30,23.58,-0.22,92,216351,卖盘
909,11:21:33,23.65,0.07,111,262364,买盘
910,11:21:39,23.56,-0.09,142,334112,卖盘
911,11:21:42,23.56,0.0,31,73033,买盘
912,11:21:45,23.56,0.0,133,313348,买盘
913,11:21:48,23.55,-0.01,197,464641,卖盘
914,11:21:51,23.57,0.02,14,32998,买盘
915,11:22:12,23.65,0.08,2,4730,买盘
916,11:22:27,23.64,-0.01,60,141840,买盘
917,11:22:30,23.64,0.0,13,30732,买盘
918,11:22:33,23.64,0.0,3,7092,买盘
919,11:22:37,23.61,-0.03,45,106268,卖盘
920,11:22:39,23.64,0.03,24,56736,买盘
921,11:22:42,23.64,0.0,7,16548,买盘
922,11:22:45,23.63,-0.01,21,49642,中性盘
923,11:22:55,23.64,0.01,16,37821,买盘
924,11:22:57,23.65,0.01,28,66208,买盘
925,11:23:06,23.65,0.0,1,2365,买盘
926,11:23:12,23.65,0.0,28,66220,买盘
927,11:23:15,23.66,0.01,27,63872,买盘
928,11:23:25,23.65,-0.01,7,16555,卖盘
929,11:23:30,23.9,0.25,186,443944,买盘
930,11:23:33,23.9,0.0,88,210320,卖盘
931,11:23:36,23.9,0.0,5,11951,卖盘
932,11:23:39,23.91,0.01,19,45412,中性盘
933,11:23:42,23.9,-0.01,101,241390,卖盘
934,11:23:45,23.91,0.01,27,64536,买盘
935,11:23:48,23.92,0.01,51,121976,买盘
936,11:23:51,23.92,0.0,8,19138,卖盘
937,11:23:55,23.9,-0.02,2,4781,卖盘
938,11:24:00,23.93,0.03,226,540795,买盘
939,11:24:04,23.93,0.0,93,222549,卖盘
940,11:24:06,23.93,0.0,6,14358,卖盘
941,11:24:09,23.93,0.0,8,19144,卖盘
942,11:24:12,23.9,-0.03,11,26324,卖盘
943,11:24:18,23.93,0.03,7,16751,买盘
944,11:24:24,23.91,-0.02,5,11952,买盘
945,11:24:27,23.9,-0.01,9,21510,卖盘
946,11:24:33,23.9,0.0,60,143400,卖盘
947,11:24:36,23.9,0.0,1,2390,卖盘
948,11:24:39,23.9,0.0,46,109940,卖盘
949,11:24:42,23.9,0.0,37,88430,卖盘
950,11:24:45,23.91,0.01,122,291630,买盘
951,11:24:49,23.9,-0.01,48,114720,卖盘
952,11:24:51,23.9,0.0,44,105160,卖盘
953,11:24:57,23.91,0.01,26,62142,买盘
954,11:25:01,23.9,-0.01,80,191200,卖盘
955,11:25:03,23.9,0.0,180,430200,卖盘
956,11:25:06,23.9,0.0,1,2390,买盘
957,11:25:12,23.88,-0.02,8,19104,买盘
958,11:25:15,23.88,0.0,3,7164,买盘
959,11:25:22,23.88,0.0,3,7164,买盘
960,11:25:27,23.88,0.0,7,16696,买盘
961,11:25:33,23.88,0.0,24,57303,买盘
962,11:25:36,23.92,0.04,362,865465,买盘
963,11:25:39,23.92,0.0,4,9568,卖盘
964,11:25:42,23.92,0.0,1,2392,卖盘
965,11:25:45,23.93,0.01,9,21537,买盘
966,11:25:48,23.92,-0.01,6,14352,卖盘
967,11:25:51,23.93,0.01,1,2393,买盘
968,11:25:54,23.92,-0.01,45,107640,卖盘
969,11:25:57,23.93,0.01,8,19143,买盘
970,11:26:00,23.93,0.0,6,14358,买盘
971,11:26:09,23.94,0.01,31,74214,买盘
972,11:26:12,23.93,-0.01,8,19144,卖盘
973,11:26:18,23.92,-0.01,10,23920,卖盘
974,11:26:24,23.92,0.0,30,71760,卖盘
975,11:26:28,23.92,0.0,11,26312,卖盘
976,11:26:30,23.92,0.0,6,14352,卖盘
977,11:26:33,23.93,0.01,5,11962,买盘
978,11:26:39,23.93,0.0,26,62218,买盘
979,11:26:45,23.92,-0.01,10,23920,卖盘
980,11:26:48,23.92,0.0,10,23920,卖盘
981,11:26:51,23.93,0.01,14,33502,买盘
982,11:26:54,23.92,-0.01,4,9568,卖盘
983,11:26:57,23.93,0.01,1,2393,买盘
984,11:27:03,23.92,-0.01,12,28704,买盘
985,11:27:12,23.92,0.0,14,33488,买盘
986,11:27:18,23.92,0.0,4,9568,买盘
987,11:27:27,23.92,0.0,26,62181,买盘
988,11:28:03,23.9,-0.02,12,28680,买盘
989,11:28:06,23.8,-0.1,45,107172,卖盘
990,11:28:12,23.9,0.1,21,50190,买盘
991,11:28:15,23.89,-0.01,5,11949,中性盘
992,11:28:40,23.82,-0.07,13,30966,卖盘
993,11:28:42,23.79,-0.03,24,57096,卖盘
994,11:28:46,23.82,0.03,26,61931,买盘
995,11:29:09,23.87,0.05,28,66836,买盘
996,11:29:12,23.82,-0.05,32,76284,卖盘
997,11:29:15,23.81,-0.01,13,30965,中性盘
998,11:29:18,23.82,0.01,2,4764,买盘
999,11:29:21,23.82,0.0,1,2382,买盘
1000,11:29:34,23.87,0.05,4,9547,买盘
1001,13:00:04,23.85,-0.02,42,100068,中性盘
1002,13:00:06,23.8,-0.05,16,38095,卖盘
1003,13:00:10,23.79,-0.01,23,54717,卖盘
1004,13:00:12,23.77,-0.02,1,2377,卖盘
1005,13:00:18,23.73,-0.04,7,16614,卖盘
1006,13:00:21,23.72,-0.01,1,2372,卖盘
1007,13:00:27,23.73,0.01,16,37968,买盘
1008,13:00:30,23.72,-0.01,1,2372,卖盘
1009,13:00:33,23.73,0.01,20,47460,买盘
1010,13:00:36,23.73,0.0,1,2373,买盘
1011,13:00:39,23.73,0.0,3,7119,卖盘
1012,13:00:43,23.73,0.0,10,23730,卖盘
1013,13:00:54,23.75,0.02,1,2375,买盘
1014,13:01:09,23.74,-0.01,20,47480,卖盘
1015,13:01:18,23.74,0.0,46,109204,买盘
1016,13:01:21,23.74,0.0,9,21365,买盘
1017,13:01:24,23.72,-0.02,43,102031,卖盘
1018,13:01:36,23.72,0.0,1,2372,买盘
1019,13:01:40,23.72,0.0,2,4744,卖盘
1020,13:01:45,23.72,0.0,2,4744,买盘
1021,13:01:48,23.71,-0.01,1,2371,中性盘
1022,13:02:03,23.7,-0.01,10,23700,卖盘
1023,13:02:06,23.7,0.0,1,2370,卖盘
1024,13:02:24,23.7,0.0,6,14220,卖盘
1025,13:02:30,23.68,-0.02,7,16586,卖盘
1026,13:02:42,23.68,0.0,37,87616,买盘
1027,13:02:51,23.68,0.0,3,7104,卖盘
1028,13:03:19,23.7,0.02,2,4740,买盘
1029,13:03:27,23.7,0.0,2,4740,买盘
1030,13:03:36,23.67,-0.03,28,66301,卖盘
1031,13:03:39,23.66,-0.01,6,14201,卖盘
1032,13:03:48,23.67,0.01,1,2367,买盘
1033,13:03:57,23.67,0.0,50,118350,买盘
1034,13:04:00,23.66,-0.01,1,2366,卖盘
1035,13:04:12,23.67,0.01,1,2367,买盘
1036,13:04:21,23.67,0.0,1,2367,买盘
1037,13:04:42,23.67,0.0,44,104148,卖盘
1038,13:04:54,23.67,0.0,4,9468,卖盘
1039,13:05:06,23.69,0.02,2,4738,买盘
1040,13:05:18,23.69,0.0,29,68701,买盘
1041,13:05:27,23.69,0.0,1,2369,买盘
1042,13:05:42,23.69,0.0,4,9476,买盘
1043,13:05:45,23.69,0.0,10,23690,买盘
1044,13:05:48,23.66,-0.03,44,104130,卖盘
1045,13:06:04,23.67,0.01,1,2367,卖盘
1046,13:06:09,23.68,0.01,28,66303,买盘
1047,13:06:19,23.67,-0.01,1,2367,卖盘
1048,13:06:22,23.67,0.0,1,2367,卖盘
1049,13:06:24,23.67,0.0,1,2367,卖盘
1050,13:06:27,23.67,0.0,1,2367,卖盘
1051,13:06:30,23.67,0.0,4,9468,卖盘
1052,13:06:36,23.66,-0.01,5,11830,卖盘
1053,13:06:39,23.66,0.0,5,11830,卖盘
1054,13:06:45,23.66,0.0,2,4732,买盘
1055,13:06:54,23.64,-0.02,38,89854,卖盘
1056,13:06:57,23.64,0.0,3,7091,买盘
1057,13:07:04,23.64,0.0,1,2364,买盘
1058,13:07:09,23.63,-0.01,7,16541,卖盘
1059,13:07:12,23.64,0.01,8,18907,买盘
1060,13:07:30,23.63,-0.01,27,63801,买盘
1061,13:07:33,23.63,0.0,2,4725,买盘
1062,13:07:39,23.63,0.0,4,9452,买盘
1063,13:07:43,23.63,0.0,1,2363,买盘
1064,13:07:45,23.63,0.0,8,18904,买盘
1065,13:07:48,23.63,0.0,17,40171,买盘
1066,13:07:51,23.63,0.0,12,28356,卖盘
1067,13:07:57,23.6,-0.03,319,753007,卖盘
1068,13:08:00,23.6,0.0,44,103840,卖盘
1069,13:08:06,23.63,0.03,3,7088,买盘
1070,13:08:15,23.62,-0.01,6,14168,买盘
1071,13:08:21,23.62,0.0,6,14172,买盘
1072,13:08:25,23.62,0.0,15,35430,买盘
1073,13:08:30,23.62,0.0,10,23620,买盘
1074,13:08:36,23.62,0.0,10,23620,买盘
1075,13:08:39,23.62,0.0,9,21258,买盘
1076,13:08:45,23.62,0.0,52,122824,买盘
1077,13:08:57,23.62,0.0,154,363748,买盘
1078,13:09:00,23.62,0.0,1,2362,卖盘
1079,13:09:03,23.61,-0.01,7,16533,卖盘
1080,13:09:06,23.61,0.0,30,70844,卖盘
1081,13:09:09,23.63,0.02,68,160533,买盘
1082,13:09:12,23.61,-0.02,21,49581,卖盘
1083,13:09:15,23.6,-0.01,2,4721,卖盘
1084,13:09:18,23.61,0.01,36,84996,买盘
1085,13:09:21,23.61,0.0,1,2361,卖盘
1086,13:09:30,23.62,0.01,15,35430,买盘
1087,13:09:36,23.62,0.0,2,4724,买盘
1088,13:09:39,23.62,0.0,15,35430,买盘
1089,13:09:45,23.62,0.0,21,49602,买盘
1090,13:09:48,23.6,-0.02,170,401332,卖盘
1091,13:09:51,23.62,0.02,5,11812,卖盘
1092,13:09:54,23.63,0.01,32,75616,买盘
1093,13:10:06,23.63,0.0,2,4726,买盘
1094,13:10:12,23.61,-0.02,34,80293,卖盘
1095,13:10:15,23.61,0.0,52,122834,买盘
1096,13:10:18,23.61,0.0,10,23610,买盘
1097,13:10:21,23.61,0.0,3,7083,买盘
1098,13:10:24,23.6,-0.01,22,51920,卖盘
1099,13:10:33,23.61,0.01,27,63747,卖盘
1100,13:10:36,23.6,-0.01,32,75521,卖盘
1101,13:10:39,23.61,0.01,17,40137,买盘
1102,13:10:48,23.61,0.0,7,16527,买盘
1103,13:10:57,23.61,0.0,6,14166,买盘
1104,13:11:04,23.61,0.0,2,4722,买盘
1105,13:11:06,23.61,0.0,1,2361,买盘
1106,13:11:09,23.61,0.0,1,2361,买盘
1107,13:11:12,23.61,0.0,1,2361,买盘
1108,13:11:15,23.61,0.0,6,14162,买盘
1109,13:11:18,23.61,0.0,55,129806,买盘
1110,13:11:21,23.6,-0.01,5,11824,卖盘
1111,13:11:28,23.6,0.0,18,42456,买盘
1112,13:11:30,23.6,0.0,7,16526,卖盘
1113,13:11:36,23.6,0.0,4,9440,卖盘
1114,13:11:48,23.61,0.01,2,4722,买盘
1115,13:11:54,23.61,0.0,6,14166,买盘
1116,13:11:57,23.61,0.0,1,2361,买盘
1117,13:12:00,23.61,0.0,5,11805,买盘
1118,13:12:04,23.61,0.0,11,25971,买盘
1119,13:12:12,23.62,0.01,1,2362,买盘
1120,13:12:24,23.62,0.0,54,127497,买盘
1121,13:12:27,23.61,-0.01,7,16527,卖盘
1122,13:12:33,23.61,0.0,44,103884,卖盘
1123,13:12:36,23.61,0.0,1,2361,卖盘
1124,13:12:39,23.61,0.0,16,37776,卖盘
1125,13:12:45,23.62,0.01,10,23620,买盘
1126,13:12:48,23.62,0.0,10,23620,买盘
1127,13:12:51,23.62,0.0,15,35430,买盘
1128,13:12:55,23.6,-0.02,300,708044,卖盘
1129,13:13:00,23.6,0.0,12,28320,卖盘
1130,13:13:04,23.6,0.0,54,127460,卖盘
1131,13:13:06,23.6,0.0,10,23600,卖盘
1132,13:13:09,23.6,0.0,4,9464,卖盘
1133,13:13:12,23.58,-0.02,40,94320,卖盘
1134,13:13:15,23.6,0.02,31,73106,买盘
1135,13:13:18,23.58,-0.02,3,7074,卖盘
1136,13:13:21,23.6,0.02,38,89631,买盘
1137,13:13:24,23.6,0.0,7,16520,卖盘
1138,13:13:27,23.62,0.02,2,4724,买盘
1139,13:13:30,23.62,0.0,51,120362,买盘
1140,13:13:33,23.62,0.0,1,2362,买盘
1141,13:13:36,23.6,-0.02,16,37760,卖盘
1142,13:13:39,23.61,0.01,10,23610,买盘
1143,13:13:42,23.6,-0.01,11,25960,卖盘
1144,13:13:48,23.55,-0.05,380,895445,卖盘
1145,13:13:54,23.57,0.02,2,4714,卖盘
1146,13:13:57,23.55,-0.02,7,16485,卖盘
1147,13:14:04,23.55,0.0,64,150720,卖盘
1148,13:14:06,23.57,0.02,13,30619,中性盘
1149,13:14:09,23.57,0.0,6,14142,卖盘
1150,13:14:12,23.58,0.01,5,11790,买盘
1151,13:14:16,23.57,-0.01,1,2357,卖盘
1152,13:14:22,23.58,0.01,12,28296,买盘
1153,13:14:24,23.57,-0.01,25,58925,卖盘
1154,13:14:27,23.58,0.01,11,25938,买盘
1155,13:14:30,23.58,0.0,7,16506,买盘
1156,13:14:33,23.57,-0.01,34,80140,卖盘
1157,13:14:36,23.56,-0.01,45,106025,卖盘
1158,13:14:39,23.56,0.0,2,4712,卖盘
1159,13:14:42,23.56,0.0,40,94250,卖盘
1160,13:14:45,23.57,0.01,70,164892,买盘
1161,13:14:49,23.55,-0.02,25,58875,卖盘
1162,13:14:52,23.55,0.0,3,7066,卖盘
1163,13:15:00,23.56,0.01,103,242768,中性盘
1164,13:15:06,23.57,0.01,7,16496,买盘
1165,13:15:09,23.56,-0.01,8,18848,中性盘
1166,13:15:12,23.55,-0.01,4,9420,卖盘
1167,13:15:15,23.56,0.01,11,25907,买盘
1168,13:15:24,23.58,0.02,16,37728,卖盘
1169,13:15:30,23.61,0.03,205,483166,买盘
1170,13:15:36,23.58,-0.03,3,7074,中性盘
1171,13:15:39,23.6,0.02,18,42480,买盘
1172,13:15:42,23.57,-0.03,153,360446,卖盘
1173,13:15:45,23.55,-0.02,11,25914,卖盘
1174,13:15:48,23.58,0.03,56,131984,买盘
1175,13:15:57,23.58,0.0,6,14148,买盘
1176,13:16:00,23.56,-0.02,3,7072,卖盘
1177,13:16:03,23.58,0.02,8,18864,买盘
1178,13:16:18,23.58,0.0,14,33012,卖盘
1179,13:16:21,23.58,0.0,8,18864,买盘
1180,13:16:24,23.56,-0.02,15,35348,卖盘
1181,13:16:27,23.58,0.02,11,25938,买盘
1182,13:16:33,23.59,0.01,96,226400,买盘
1183,13:16:36,23.58,-0.01,76,179098,买盘
1184,13:16:39,23.58,0.0,25,58950,卖盘
1185,13:16:46,23.6,0.02,3,7080,买盘
1186,13:16:49,23.58,-0.02,46,108472,卖盘
1187,13:16:51,23.58,0.0,24,56592,卖盘
1188,13:16:57,23.6,0.02,6,14160,买盘
1189,13:17:00,23.58,-0.02,2,4716,中性盘
1190,13:17:03,23.64,0.06,21,49576,买盘
1191,13:17:12,23.64,0.0,1,2364,买盘
1192,13:17:15,23.7,0.06,1,2370,买盘
1193,13:17:27,23.69,-0.01,1,2369,买盘
1194,13:17:33,23.69,0.0,22,52118,买盘
1195,13:17:36,23.66,-0.03,3,7096,中性盘
1196,13:17:39,23.64,-0.02,15,35467,卖盘
1197,13:17:45,23.67,0.03,1,2367,买盘
1198,13:17:48,23.67,0.0,3,7101,买盘
1199,13:17:54,23.64,-0.03,45,106386,卖盘
1200,13:17:57,23.65,0.01,18,42562,中性盘
1201,13:18:00,23.65,0.0,5,11825,买盘
1202,13:18:06,23.67,0.02,8,18930,买盘
1203,13:18:27,23.66,-0.01,2,4731,买盘
1204,13:18:36,23.62,-0.04,11,25984,卖盘
1205,13:18:42,23.63,0.01,2,4726,买盘
1206,13:18:45,23.63,0.0,2,4726,买盘
1207,13:18:48,23.63,0.0,22,51986,买盘
1208,13:18:51,23.62,-0.01,25,59060,卖盘
1209,13:19:00,23.61,-0.01,44,103889,卖盘
1210,13:19:04,23.61,0.0,2,4722,卖盘
1211,13:19:06,23.6,-0.01,29,68441,卖盘
1212,13:19:12,23.62,0.02,12,28325,买盘
1213,13:19:24,23.62,0.0,1,2362,买盘
1214,13:19:33,23.6,-0.02,25,59000,卖盘
1215,13:19:36,23.6,0.0,13,30680,卖盘
1216,13:19:42,23.6,0.0,51,120365,卖盘
1217,13:19:45,23.6,0.0,21,49560,卖盘
1218,13:19:48,23.6,0.0,10,23600,卖盘
1219,13:19:55,23.6,0.0,84,198289,卖盘
1220,13:19:58,23.6,0.0,28,66081,卖盘
1221,13:20:06,23.61,0.01,45,106206,卖盘
1222,13:20:09,23.6,-0.01,26,61362,卖盘
1223,13:20:12,23.8,0.2,485,1152110,买盘
1224,13:20:15,23.8,0.0,15,35700,卖盘
1225,13:20:18,23.81,0.01,2,4762,卖盘
1226,13:20:21,23.8,-0.01,516,1228532,卖盘
1227,13:20:33,23.72,-0.08,1,2372,买盘
1228,13:20:57,23.65,-0.07,9,21292,卖盘
1229,13:21:00,23.65,0.0,83,196295,买盘
1230,13:21:04,23.63,-0.02,57,134716,卖盘
1231,13:21:12,23.62,-0.01,45,106290,卖盘
1232,13:21:15,23.64,0.02,269,635782,买盘
1233,13:21:18,23.62,-0.02,126,297799,卖盘
1234,13:21:22,23.62,0.0,131,309281,买盘
1235,13:21:25,23.62,0.0,50,118014,买盘
1236,13:21:27,23.6,-0.02,49,115668,卖盘
1237,13:21:30,23.6,0.0,235,554662,卖盘
1238,13:21:33,23.59,-0.01,84,198168,卖盘
1239,13:21:36,23.6,0.01,53,125039,买盘
1240,13:21:39,23.6,0.0,10,23600,买盘
1241,13:21:42,23.6,0.0,285,672589,买盘
1242,13:21:45,23.59,-0.01,100,235956,卖盘
1243,13:21:48,23.59,0.0,50,117954,卖盘
1244,13:21:54,23.61,0.02,1,2361,买盘
1245,13:22:00,23.62,0.01,5,11806,买盘
1246,13:22:18,23.62,0.0,94,221944,买盘
1247,13:22:21,23.6,-0.02,81,191160,卖盘
1248,13:22:24,23.59,-0.01,60,141540,卖盘
1249,13:22:27,23.6,0.01,48,113251,买盘
1250,13:22:30,23.62,0.02,2,4724,买盘
1251,13:22:33,23.6,-0.02,10,23600,卖盘
1252,13:22:36,23.62,0.02,200,472400,买盘
1253,13:22:39,23.6,-0.02,82,193554,卖盘
1254,13:22:42,23.62,0.02,90,212500,买盘
1255,13:22:45,23.62,0.0,34,80308,卖盘
1256,13:22:48,23.62,0.0,8,18900,卖盘
1257,13:22:51,23.62,0.0,111,262182,卖盘
1258,13:22:54,23.6,-0.02,54,127442,卖盘
1259,13:22:57,23.6,0.0,6,14160,买盘
1260,13:23:00,23.62,0.02,4,9444,买盘
1261,13:23:09,23.6,-0.02,50,118000,卖盘
1262,13:23:12,23.59,-0.01,28,66053,卖盘
1263,13:23:16,23.62,0.03,130,306955,买盘
1264,13:23:18,23.6,-0.02,74,174736,中性盘
1265,13:23:24,23.59,-0.01,88,207610,卖盘
1266,13:23:27,23.6,0.01,12,28320,中性盘
1267,13:23:30,23.59,-0.01,6,15664,卖盘
1268,13:23:33,23.62,0.03,169,399147,买盘
1269,13:23:36,23.59,-0.03,22,51898,卖盘
1270,13:23:39,23.6,0.01,3,7082,卖盘
1271,13:23:45,23.62,0.02,7,16534,买盘
1272,13:23:49,23.62,0.0,30,70860,买盘
1273,13:23:51,23.62,0.0,60,141720,买盘
1274,13:23:54,23.62,0.0,15,34391,买盘
1275,13:23:57,23.63,0.01,5,11815,买盘
1276,13:24:00,23.77,0.14,18,42758,买盘
1277,13:24:03,23.77,0.0,12,28524,买盘
1278,13:24:12,23.7,-0.07,5,11850,中性盘
1279,13:24:18,23.7,0.0,1,2370,买盘
1280,13:24:27,23.69,-0.01,1,2369,买盘
1281,13:24:30,23.62,-0.07,143,337869,卖盘
1282,13:24:33,23.62,0.0,53,125186,买盘
1283,13:24:36,23.61,-0.01,7,16527,中性盘
1284,13:24:39,23.61,0.0,13,30682,买盘
1285,13:24:42,23.61,0.0,7,16527,买盘
1286,13:24:45,23.61,0.0,9,21249,买盘
1287,13:24:48,23.6,-0.01,54,128307,卖盘
1288,13:24:51,23.62,0.02,300,708095,买盘
1289,13:24:57,23.61,-0.01,2,4722,买盘
1290,13:25:00,23.62,0.01,15,35430,买盘
1291,13:25:04,23.7,0.08,99,233973,买盘
1292,13:25:12,23.7,0.0,6,14220,买盘
1293,13:25:33,23.7,0.0,60,142199,买盘
1294,13:25:36,23.63,-0.07,35,82719,卖盘
1295,13:25:39,23.7,0.07,188,444704,买盘
1296,13:25:51,23.7,0.0,2,4740,买盘
1297,13:25:57,23.7,0.0,186,439967,买盘
1298,13:26:06,23.7,0.0,123,292363,卖盘
1299,13:26:12,23.67,-0.03,4,9468,卖盘
1300,13:26:15,23.69,0.02,2,4738,买盘
1301,13:26:18,23.62,-0.07,300,708688,卖盘
1302,13:26:21,23.68,0.06,10,23680,中性盘
1303,13:26:24,23.69,0.01,12,28413,买盘
1304,13:26:27,23.69,0.0,61,144507,买盘
1305,13:26:30,23.7,0.01,69,163490,买盘
1306,13:26:33,23.69,-0.01,44,104236,卖盘
1307,13:26:36,23.7,0.01,9,21330,买盘
1308,13:26:42,23.7,0.0,64,151617,买盘
1309,13:26:48,23.7,0.0,60,142200,买盘
1310,13:26:57,23.7,0.0,272,644640,买盘
1311,13:27:00,23.7,0.0,5,11850,买盘
1312,13:27:04,23.7,0.0,1,1517,卖盘
1313,13:27:06,23.71,0.01,5,11855,买盘
1314,13:27:09,23.7,-0.01,8,18964,卖盘
1315,13:27:18,23.75,0.04,17,40375,买盘
1316,13:27:21,23.8,0.05,31,73771,买盘
1317,13:27:24,23.8,0.0,2,4760,买盘
1318,13:27:30,23.8,0.0,14,33320,买盘
1319,13:27:48,23.76,-0.04,294,699716,卖盘
1320,13:27:51,23.75,-0.01,7,16625,卖盘
1321,13:27:54,23.75,0.0,2,4750,买盘
1322,13:28:00,23.76,0.01,12,28511,买盘
1323,13:28:06,23.7,-0.06,50,118637,卖盘
1324,13:28:09,23.75,0.05,8,19000,卖盘
1325,13:28:12,23.74,-0.01,1,2374,买盘
1326,13:28:15,23.74,0.0,1,2374,买盘
1327,13:28:18,23.69,-0.05,5,11847,卖盘
1328,13:28:22,23.76,0.07,83,197156,买盘
1329,13:28:30,23.8,0.04,28,66636,买盘
1330,13:28:33,23.8,0.0,22,52288,买盘
1331,13:28:42,23.8,0.0,20,47600,买盘
1332,13:28:45,23.8,0.0,41,97580,买盘
1333,13:28:48,23.79,-0.01,5,11895,买盘
1334,13:28:54,23.77,-0.02,46,109297,中性盘
1335,13:29:00,23.8,0.03,59,140418,买盘
1336,13:29:04,23.74,-0.06,260,617535,卖盘
1337,13:29:06,23.7,-0.04,15,35574,卖盘
1338,13:29:09,23.74,0.04,2,4748,买盘
1339,13:29:13,23.74,0.0,95,225530,买盘
1340,13:29:24,23.74,0.0,1,2374,买盘
1341,13:29:27,23.74,0.0,2,4748,买盘
1342,13:29:36,23.74,0.0,1,2374,买盘
1343,13:29:43,23.74,0.0,10,23740,买盘
1344,13:30:00,23.74,0.0,159,377324,买盘
1345,13:30:06,23.74,0.0,8,18992,买盘
1346,13:30:09,23.74,0.0,8,18992,卖盘
1347,13:30:18,23.8,0.06,50,119000,买盘
1348,13:30:21,23.8,0.0,17,40457,买盘
1349,13:30:24,23.8,0.0,6,14280,卖盘
1350,13:30:27,23.8,0.0,2,4760,卖盘
1351,13:30:42,23.75,-0.05,12,28503,卖盘
1352,13:30:45,23.79,0.04,1,2379,买盘
1353,13:30:57,23.79,0.0,4,9516,买盘
1354,13:31:00,23.75,-0.04,230,546520,卖盘
1355,13:31:03,23.75,0.0,8,18999,买盘
1356,13:31:06,23.71,-0.04,45,106755,卖盘
1357,13:31:09,23.75,0.04,20,47500,买盘
1358,13:31:18,23.75,0.0,13,30875,买盘
1359,13:31:33,23.75,0.0,237,562871,买盘
1360,13:31:36,23.75,0.0,9,21375,卖盘
1361,13:31:43,23.75,0.0,26,61756,卖盘
1362,13:31:51,23.75,0.0,1,2375,买盘
1363,13:31:54,23.75,0.0,120,285000,买盘
1364,13:31:57,23.75,0.0,1,2375,买盘
1365,13:32:01,23.75,0.0,1,2375,买盘
1366,13:32:04,23.75,0.0,18,42750,买盘
1367,13:32:06,23.7,-0.05,209,495413,卖盘
1368,13:32:09,23.7,0.0,9,21322,买盘
1369,13:32:12,23.69,-0.01,45,106605,卖盘
1370,13:32:15,23.7,0.01,5,11850,买盘
1371,13:32:18,23.7,0.0,145,343650,买盘
1372,13:32:21,23.7,0.0,2,4740,买盘
1373,13:32:27,23.7,0.0,19,45030,买盘
1374,13:32:33,23.75,0.05,65,154375,买盘
1375,13:32:36,23.75,0.0,2,4750,买盘
1376,13:32:39,23.75,0.0,5,11875,买盘
1377,13:32:42,23.75,0.0,2,4750,买盘
1378,13:32:58,23.75,0.0,15,35625,买盘
1379,13:33:04,23.7,-0.05,6,14220,卖盘
1380,13:33:06,23.75,0.05,3,7125,买盘
1381,13:33:18,23.7,-0.05,44,104280,卖盘
1382,13:33:27,23.75,0.05,30,71250,买盘
1383,13:33:31,23.75,0.0,5,11875,买盘
1384,13:33:39,23.75,0.0,2,4750,买盘
1385,13:33:42,23.71,-0.04,11,26113,卖盘
1386,13:33:54,23.75,0.04,1,2375,买盘
1387,13:33:57,23.75,0.0,2,4750,买盘
1388,13:34:21,23.75,0.0,3,7125,买盘
1389,13:34:24,23.71,-0.04,44,104333,卖盘
1390,13:34:27,23.75,0.04,191,453625,买盘
1391,13:34:30,23.75,0.0,31,73625,卖盘
1392,13:34:54,23.79,0.04,1,2379,中性盘
1393,13:35:00,23.79,0.0,2,4758,买盘
1394,13:35:09,23.8,0.01,3,7140,买盘
1395,13:35:16,23.8,0.0,3,7140,买盘
1396,13:35:19,23.8,0.0,2,4760,卖盘
1397,13:35:27,23.81,0.01,2,4762,买盘
1398,13:35:30,23.76,-0.05,9,21412,卖盘
1399,13:35:33,23.76,0.0,24,57015,买盘
1400,13:35:39,23.76,0.0,21,49896,买盘
1401,13:35:48,23.75,-0.01,8,19007,卖盘
1402,13:36:00,23.8,0.05,3,7140,买盘
1403,13:36:36,23.78,-0.02,54,128266,买盘
1404,13:36:39,23.75,-0.03,2,4750,卖盘
1405,13:36:42,23.75,0.0,10,23750,卖盘
1406,13:36:45,23.75,0.0,12,28500,卖盘
1407,13:36:48,23.75,0.0,14,33250,卖盘
1408,13:36:51,23.75,0.0,29,68886,卖盘
1409,13:36:54,23.75,0.0,100,237500,卖盘
1410,13:36:57,23.75,0.0,35,83125,卖盘
1411,13:37:00,23.75,0.0,3,7125,卖盘
1412,13:37:03,23.75,0.0,6,14250,买盘
1413,13:37:06,23.72,-0.03,7,16607,卖盘
1414,13:37:09,23.72,0.0,4,9488,卖盘
1415,13:37:12,23.73,0.01,6,14238,中性盘
1416,13:37:15,23.73,0.0,1,2373,买盘
1417,13:37:18,23.72,-0.01,30,71160,卖盘
1418,13:37:21,23.73,0.01,3,7119,买盘
1419,13:37:30,23.73,0.0,1,2373,买盘
1420,13:37:36,23.74,0.01,140,332225,买盘
1421,13:37:42,23.8,0.06,50,118736,买盘
1422,13:37:52,23.8,0.0,4,9520,买盘
1423,13:38:01,23.79,-0.01,1,2379,买盘
1424,13:38:06,23.79,0.0,5,11895,买盘
1425,13:38:09,23.75,-0.04,3,7125,卖盘
1426,13:38:18,23.79,0.04,2,4758,买盘
1427,13:38:21,23.75,-0.04,24,57000,卖盘
1428,13:38:24,23.72,-0.03,34,80648,卖盘
1429,13:38:33,23.74,0.02,350,829737,买盘
1430,13:38:45,23.71,-0.03,5,11855,买盘
1431,13:38:48,23.74,0.03,346,821222,买盘
1432,13:39:06,23.74,0.0,6,14242,买盘
1433,13:39:09,23.7,-0.04,20,47400,卖盘
1434,13:39:12,23.7,0.0,50,118500,买盘
1435,13:39:15,23.7,0.0,7,16590,买盘
1436,13:39:19,23.7,0.0,17,40290,买盘
1437,13:39:22,23.7,0.0,30,71100,买盘
1438,13:39:36,23.7,0.0,9,21330,买盘
1439,13:39:54,23.69,-0.01,45,106605,卖盘
1440,13:39:57,23.69,0.0,99,234531,卖盘
1441,13:40:06,23.69,0.0,6,14214,买盘
1442,13:40:18,23.69,0.0,10,23690,买盘
1443,13:40:21,23.69,0.0,2,4738,买盘
1444,13:40:24,23.7,0.01,139,329293,买盘
1445,13:40:36,23.7,0.0,1,2370,买盘
1446,13:40:48,23.7,0.0,1,2370,买盘
1447,13:41:00,23.69,-0.01,51,120826,卖盘
1448,13:41:04,23.69,0.0,3,7107,卖盘
1449,13:41:06,23.7,0.01,5,11850,买盘
1450,13:41:12,23.7,0.0,10,23700,买盘
1451,13:41:25,23.7,0.0,2,4740,买盘
1452,13:41:45,23.7,0.0,2,4740,买盘
1453,13:41:48,23.7,0.0,2,4740,买盘
1454,13:41:51,23.7,0.0,7,16590,买盘
1455,13:42:06,23.7,0.0,56,132676,买盘
1456,13:42:09,23.7,0.0,256,606718,买盘
1457,13:42:12,23.7,0.0,52,123246,卖盘
1458,13:42:18,23.68,-0.02,1,2368,卖盘
1459,13:42:24,23.7,0.02,4,9480,买盘
1460,13:42:30,23.7,0.0,3,7110,买盘
1461,13:42:33,23.69,-0.01,2,4738,卖盘
1462,13:42:39,23.7,0.01,90,213277,买盘
1463,13:42:42,23.68,-0.02,3,7104,卖盘
1464,13:42:45,23.69,0.01,1,2369,卖盘
1465,13:43:04,23.7,0.01,1,2370,买盘
1466,13:43:06,23.7,0.0,2,4740,买盘
1467,13:43:09,23.7,0.0,6,14220,买盘
1468,13:43:12,23.68,-0.02,45,106560,卖盘
1469,13:43:15,23.68,0.0,4,9472,卖盘
1470,13:43:30,23.7,0.02,3,7110,买盘
1471,13:43:54,23.69,-0.01,6,14216,卖盘
1472,13:44:18,23.69,0.0,51,120763,买盘
1473,13:44:21,23.68,-0.01,2,4736,卖盘
1474,13:44:30,23.69,0.01,5,11842,买盘
1475,13:44:33,23.68,-0.01,2,4736,卖盘
1476,13:44:42,23.68,0.0,42,99456,买盘
1477,13:44:45,23.69,0.01,1,2369,买盘
1478,13:44:57,23.69,0.0,2,4738,买盘
1479,13:45:00,23.67,-0.02,15,35514,卖盘
1480,13:45:03,23.67,0.0,3,7101,卖盘
1481,13:45:06,23.68,0.01,5,11840,买盘
1482,13:45:18,23.68,0.0,4,9472,买盘
1483,13:45:24,23.66,-0.02,44,104127,卖盘
1484,13:45:27,23.66,0.0,3,7098,卖盘
1485,13:45:30,23.67,0.01,2,4733,中性盘
1486,13:45:33,23.67,0.0,3,7101,买盘
1487,13:45:45,23.62,-0.05,60,141770,卖盘
1488,13:45:48,23.61,-0.01,37,87357,卖盘
1489,13:45:51,23.61,0.0,3,7083,卖盘
1490,13:45:54,23.6,-0.01,172,405936,卖盘
1491,13:45:57,23.59,-0.01,13,30667,卖盘
1492,13:46:00,23.6,0.01,4,9440,买盘
1493,13:46:04,23.6,0.0,23,54280,买盘
1494,13:46:06,23.59,-0.01,2,4718,卖盘
1495,13:46:09,23.59,0.0,5,11795,卖盘
1496,13:46:15,23.59,0.0,5,11795,卖盘
1497,13:46:18,23.6,0.01,10,23600,买盘
1498,13:46:21,23.59,-0.01,5,11795,卖盘
1499,13:46:24,23.59,0.0,1,2359,卖盘
1500,13:46:30,23.59,0.0,45,106155,卖盘
1501,13:46:33,23.59,0.0,21,49549,卖盘
1502,13:46:36,23.59,0.0,2,4718,卖盘
1503,13:46:39,23.6,0.01,20,47200,买盘
1504,13:46:42,23.6,0.0,11,25960,买盘
1505,13:46:45,23.6,0.0,1,2360,买盘
1506,13:46:48,23.6,0.0,4,9440,买盘
1507,13:46:54,23.58,-0.02,362,853923,卖盘
1508,13:46:57,23.57,-0.01,21,49504,卖盘
1509,13:47:00,23.56,-0.01,7,16492,卖盘
1510,13:47:04,23.57,0.01,2,4714,买盘
1511,13:47:09,23.56,-0.01,5,11780,卖盘
1512,13:47:12,23.56,0.0,2,4712,卖盘
1513,13:47:15,23.57,0.01,3,7071,买盘
1514,13:47:18,23.56,-0.01,18,42419,卖盘
1515,13:47:21,23.57,0.01,2,4713,买盘
1516,13:47:24,23.57,0.0,2,4713,买盘
1517,13:47:27,23.57,0.0,8,18856,买盘
1518,13:47:30,23.56,-0.01,3,7068,卖盘
1519,13:47:36,23.56,0.0,44,103664,卖盘
1520,13:47:39,23.56,0.0,1,2356,卖盘
1521,13:47:46,23.56,0.0,2,4712,卖盘
1522,13:48:03,23.56,0.0,4,9425,卖盘
1523,13:48:09,23.57,0.01,8,18856,买盘
1524,13:48:12,23.56,-0.01,7,16496,卖盘
1525,13:48:18,23.57,0.01,5,11785,买盘
1526,13:48:21,23.57,0.0,8,18856,买盘
1527,13:48:24,23.57,0.0,2,4714,买盘
1528,13:48:27,23.57,0.0,16,37711,买盘
1529,13:48:30,23.57,0.0,2,4714,买盘
1530,13:48:33,23.57,0.0,1,2357,买盘
1531,13:48:36,23.57,0.0,2,4714,买盘
1532,13:48:42,23.56,-0.01,44,103678,卖盘
1533,13:48:48,23.57,0.01,1,2357,卖盘
1534,13:49:06,23.58,0.01,10,23580,买盘
1535,13:49:09,23.57,-0.01,2,4715,卖盘
1536,13:49:18,23.58,0.01,14,33012,买盘
1537,13:49:25,23.58,0.0,11,25938,买盘
1538,13:49:31,23.58,0.0,14,33020,卖盘
1539,13:49:33,23.58,0.0,4,9432,卖盘
1540,13:49:36,23.66,0.08,1,2366,买盘
1541,13:49:48,23.57,-0.09,45,106100,卖盘
1542,13:50:04,23.58,0.01,1,2358,卖盘
1543,13:50:09,23.61,0.03,3,7083,买盘
1544,13:50:18,23.6,-0.01,6,14160,买盘
1545,13:50:37,23.6,0.0,1,2360,买盘
1546,13:50:42,23.6,0.0,2,4720,买盘
1547,13:50:45,23.58,-0.02,4,9432,卖盘
1548,13:50:51,23.58,0.0,2,4716,卖盘
1549,13:50:54,23.58,0.0,44,103752,卖盘
1550,13:50:57,23.58,0.0,4,9432,卖盘
1551,13:51:15,23.58,0.0,1,2358,卖盘
1552,13:51:22,23.6,0.02,5,11800,买盘
1553,13:51:28,23.6,0.0,1,2360,买盘
1554,13:51:33,23.6,0.0,4,9440,买盘
1555,13:51:37,23.59,-0.01,1,2359,卖盘
1556,13:51:45,23.6,0.01,20,47200,买盘
1557,13:51:51,23.6,0.0,2,4720,买盘
1558,13:52:00,23.58,-0.02,44,103762,卖盘
1559,13:52:04,23.6,0.02,34,80232,买盘
1560,13:52:15,23.6,0.0,2,4720,买盘
1561,13:52:18,23.6,0.0,2,4720,买盘
1562,13:52:21,23.6,0.0,13,30680,买盘
1563,13:52:27,23.6,0.0,14,33039,买盘
1564,13:52:30,23.6,0.0,3,7080,买盘
1565,13:52:33,23.6,0.0,2,4720,买盘
1566,13:52:39,23.6,0.0,4,9440,买盘
1567,13:52:42,23.59,-0.01,1,2359,卖盘
1568,13:53:06,23.58,-0.01,44,103770,卖盘
1569,13:53:12,23.6,0.02,13,30678,买盘
1570,13:53:15,23.6,0.0,1,2360,买盘
1571,13:53:21,23.6,0.0,11,25955,买盘
1572,13:53:39,23.6,0.0,5,11800,买盘
1573,13:53:54,23.6,0.0,16,37760,买盘
1574,13:54:00,23.6,0.0,51,120360,买盘
1575,13:54:04,23.6,0.0,58,136880,卖盘
1576,13:54:06,23.6,0.0,19,44841,卖盘
1577,13:54:10,23.6,0.0,3,7080,买盘
1578,13:54:12,23.59,-0.01,12,28322,卖盘
1579,13:54:18,23.59,0.0,1,2359,买盘
1580,13:54:21,23.59,0.0,6,14154,买盘
1581,13:54:30,23.59,0.0,1,2359,买盘
1582,13:54:33,23.59,0.0,26,61334,买盘
1583,13:54:36,23.6,0.01,9,21240,买盘
1584,13:54:51,23.6,0.0,2,4720,买盘
1585,13:54:54,23.6,0.0,9,21240,买盘
1586,13:55:18,23.59,-0.01,44,103796,卖盘
1587,13:55:21,23.59,0.0,5,11799,卖盘
1588,13:55:24,23.59,0.0,3,7077,卖盘
1589,13:55:27,23.6,0.01,10,23600,买盘
1590,13:55:45,23.6,0.0,5,11800,买盘
1591,13:55:57,23.61,0.01,11,25971,买盘
1592,13:56:04,23.62,0.01,2,4724,买盘
1593,13:56:21,23.61,-0.01,11,25978,卖盘
1594,13:56:25,23.62,0.01,64,151083,买盘
1595,13:56:28,23.62,0.0,26,61373,卖盘
1596,13:56:30,23.6,-0.02,1,2360,卖盘
1597,13:56:36,23.62,0.02,3,7086,买盘
1598,13:56:39,23.61,-0.01,2,4722,卖盘
1599,13:56:42,23.61,0.0,5,11805,卖盘
1600,13:56:57,23.62,0.01,10,23620,买盘
1601,13:57:04,23.61,-0.01,10,23610,卖盘
1602,13:57:06,23.61,0.0,15,35415,卖盘
1603,13:57:09,23.61,0.0,22,51962,卖盘
1604,13:57:12,23.62,0.01,2,4723,买盘
1605,13:57:21,23.63,0.01,4,9452,买盘
1606,13:57:30,23.6,-0.03,45,106218,卖盘
1607,13:57:33,23.6,0.0,31,73160,卖盘
1608,13:57:36,23.6,0.0,6,14175,卖盘
1609,13:57:39,23.6,0.0,2,4720,卖盘
1610,13:57:45,23.63,0.03,10,23630,买盘
1611,13:57:48,23.6,-0.03,21,49578,卖盘
1612,13:57:51,23.6,0.0,2,4720,卖盘
1613,13:57:57,23.6,0.0,4,9440,卖盘
1614,13:58:09,23.63,0.03,8,18904,卖盘
1615,13:58:12,23.63,0.0,2,4726,卖盘
1616,13:58:15,23.64,0.01,30,70920,买盘
1617,13:58:18,23.6,-0.04,30,70832,卖盘
1618,13:58:22,23.65,0.05,7,16543,买盘
1619,13:58:36,23.6,-0.05,44,103845,卖盘
1620,13:58:39,23.6,0.0,32,75575,中性盘
1621,13:58:45,23.61,0.01,2,4722,卖盘
1622,13:58:48,23.63,0.02,2,4726,买盘
1623,13:58:51,23.61,-0.02,2,4722,卖盘
1624,13:59:24,23.66,0.05,5,11826,买盘
1625,13:59:30,23.63,-0.03,20,47274,卖盘
1626,13:59:33,23.63,0.0,17,40171,卖盘
1627,13:59:36,23.66,0.03,20,47314,买盘
1628,13:59:39,23.63,-0.03,2,4726,卖盘
1629,13:59:42,23.63,0.0,44,103972,卖盘
1630,13:59:45,23.62,-0.01,29,68502,卖盘
1631,13:59:48,23.63,0.01,1,2363,卖盘
1632,13:59:51,23.67,0.04,10,23662,买盘
1633,13:59:54,23.62,-0.05,120,283450,卖盘
1634,13:59:57,23.61,-0.01,134,316483,卖盘
1635,14:00:00,23.61,0.0,9,21250,卖盘
1636,14:00:03,23.61,0.0,3,7083,卖盘
1637,14:00:06,23.61,0.0,1,2361,卖盘
1638,14:00:09,23.62,0.01,19,44878,买盘
1639,14:00:15,23.62,0.0,88,207856,买盘
1640,14:00:21,23.62,0.0,75,177150,买盘
1641,14:00:33,23.62,0.0,34,80308,买盘
1642,14:00:36,23.63,0.01,20,47242,买盘
1643,14:00:48,23.64,0.01,113,266904,买盘
1644,14:01:12,23.62,-0.02,3,7086,买盘
1645,14:01:15,23.62,0.0,2,4724,买盘
1646,14:01:21,23.62,0.0,10,23620,买盘
1647,14:01:27,23.62,0.0,101,238562,买盘
1648,14:01:31,23.62,0.0,7,16536,卖盘
1649,14:01:33,23.65,0.03,9,21278,买盘
1650,14:01:36,23.65,0.0,23,54321,买盘
1651,14:01:42,23.65,0.0,11,26015,买盘
1652,14:01:45,23.65,0.0,5,11825,买盘
1653,14:01:51,23.65,0.0,6,14190,买盘
1654,14:01:54,23.62,-0.03,17,40169,卖盘
1655,14:02:06,23.63,0.01,48,113387,买盘
1656,14:02:10,23.65,0.02,1,2365,卖盘
1657,14:02:18,23.66,0.01,1,2366,买盘
1658,14:02:21,23.66,0.0,16,37856,买盘
1659,14:02:24,23.66,0.0,11,26026,买盘
1660,14:02:27,23.66,0.0,32,75711,买盘
1661,14:02:39,23.68,0.02,2,4736,买盘
1662,14:02:42,23.68,0.0,6,14206,买盘
1663,14:02:45,23.68,0.0,3,7104,买盘
1664,14:02:48,23.68,0.0,25,59200,买盘
1665,14:02:51,23.68,0.0,4,9470,买盘
1666,14:02:57,23.68,0.0,15,35520,买盘
1667,14:03:00,23.68,0.0,44,104192,卖盘
1668,14:03:04,23.68,0.0,3,7104,卖盘
1669,14:03:06,23.69,0.01,11,26059,买盘
1670,14:03:09,23.73,0.04,53,125569,买盘
1671,14:03:12,23.68,-0.05,4,9472,卖盘
1672,14:03:15,23.73,0.05,11,26074,买盘
1673,14:03:27,23.74,0.01,1,2374,买盘
1674,14:03:30,23.74,0.0,1,2374,买盘
1675,14:03:36,23.74,0.0,42,99708,买盘
1676,14:03:42,23.73,-0.01,1,2373,卖盘
1677,14:03:45,23.73,0.0,1,2373,卖盘
1678,14:03:51,23.73,0.0,20,47460,卖盘
1679,14:03:54,23.73,0.0,5,11865,卖盘
1680,14:03:57,23.74,0.01,61,144812,买盘
1681,14:04:00,23.73,-0.01,6,14239,卖盘
1682,14:04:06,23.7,-0.03,36,85368,卖盘
1683,14:04:09,23.69,-0.01,1,2369,卖盘
1684,14:04:30,23.7,0.01,59,139830,买盘
1685,14:04:33,23.69,-0.01,6,14214,卖盘
1686,14:04:36,23.7,0.01,5,11850,买盘
1687,14:04:39,23.7,0.0,27,63990,买盘
1688,14:04:54,23.8,0.1,32,76067,买盘
1689,14:04:57,23.8,0.0,1,2380,卖盘
1690,14:05:06,23.8,0.0,3,7140,卖盘
1691,14:05:12,23.81,0.01,54,128529,买盘
1692,14:05:15,23.8,-0.01,28,66653,卖盘
1693,14:05:18,23.8,0.0,1,2380,卖盘
1694,14:05:21,23.81,0.01,5,11903,买盘
1695,14:05:30,23.8,-0.01,14,33320,卖盘
1696,14:05:33,23.8,0.0,10,23800,卖盘
1697,14:05:36,23.8,0.0,15,35710,卖盘
1698,14:05:39,23.8,0.0,1,2380,卖盘
1699,14:05:42,23.81,0.01,1,2381,买盘
1700,14:05:48,23.8,-0.01,6,14280,卖盘
1701,14:05:51,23.8,0.0,6,14280,卖盘
1702,14:05:57,23.8,0.0,9,21420,卖盘
1703,14:06:04,23.81,0.01,50,119003,买盘
1704,14:06:06,23.8,-0.01,8,19040,卖盘
1705,14:06:09,23.8,0.0,6,14280,卖盘
1706,14:06:18,23.8,0.0,34,80925,卖盘
1707,14:06:21,23.8,0.0,48,114240,卖盘
1708,14:06:24,23.8,0.0,11,26180,卖盘
1709,14:06:33,23.8,0.0,2,4760,卖盘
1710,14:06:39,23.8,0.0,5,11900,卖盘
1711,14:06:42,23.81,0.01,17,40477,买盘
1712,14:06:54,23.81,0.0,10,23816,卖盘
1713,14:07:13,23.82,0.01,1,2382,买盘
1714,14:07:15,23.81,-0.01,21,50021,卖盘
1715,14:07:18,23.81,0.0,1,2381,卖盘
1716,14:07:21,23.81,0.0,18,42858,卖盘
1717,14:07:24,23.81,0.0,4,9524,卖盘
1718,14:07:27,23.7,-0.11,154,365366,卖盘
1719,14:07:30,23.68,-0.02,33,78163,卖盘
1720,14:07:33,23.68,0.0,8,18944,卖盘
1721,14:07:36,23.7,0.02,2,4740,买盘
1722,14:07:39,23.7,0.0,200,474000,买盘
1723,14:07:42,23.7,0.0,7,16590,买盘
1724,14:07:51,23.7,0.0,74,175380,买盘
1725,14:07:54,23.71,0.01,7,16597,买盘
1726,14:08:00,23.72,0.01,1,2372,买盘
1727,14:08:09,23.73,0.01,6,14238,卖盘
1728,14:08:13,23.72,-0.01,4,9491,卖盘
1729,14:08:15,23.72,0.0,4,9488,买盘
1730,14:08:18,23.72,0.0,2,4744,买盘
1731,14:08:33,23.71,-0.01,21,49809,卖盘
1732,14:08:36,23.71,0.0,4,9484,买盘
1733,14:08:39,23.71,0.0,4,9484,买盘
1734,14:08:54,23.8,0.09,4,9520,买盘
1735,14:08:57,23.72,-0.08,1,2372,卖盘
1736,14:09:09,23.8,0.08,24,57120,买盘
1737,14:09:12,23.81,0.01,10,23803,买盘
1738,14:09:30,23.81,0.0,3,7143,卖盘
1739,14:09:33,23.8,-0.01,1,2380,卖盘
1740,14:09:39,23.8,0.0,18,42840,卖盘
1741,14:09:54,23.81,0.01,9,21425,买盘
1742,14:09:58,23.81,0.0,35,83330,买盘
1743,14:10:00,23.81,0.0,6,14286,买盘
1744,14:10:09,23.81,0.0,2,4762,卖盘
1745,14:10:24,23.84,0.03,78,185774,买盘
1746,14:10:27,23.85,0.01,7,16699,卖盘
1747,14:10:30,23.86,0.01,11,26241,买盘
1748,14:10:51,23.87,0.01,5,11935,买盘
1749,14:11:03,23.87,0.0,2,4774,买盘
1750,14:11:06,23.86,-0.01,3,7160,卖盘
1751,14:11:18,23.86,0.0,2,4772,卖盘
1752,14:11:45,23.86,0.0,2,4772,卖盘
1753,14:11:54,23.9,0.04,109,260296,买盘
1754,14:12:00,23.86,-0.04,2,4772,卖盘
1755,14:12:15,24.0,0.14,109,261026,买盘
1756,14:12:18,24.0,0.0,16,38400,卖盘
1757,14:12:21,24.06,0.06,2,4812,中性盘
1758,14:12:24,24.0,-0.06,9,21602,卖盘
1759,14:12:27,24.06,0.06,5,12030,买盘
1760,14:12:30,24.06,0.0,3,7218,卖盘
1761,14:12:39,24.02,-0.04,9,21616,买盘
1762,14:12:42,24.0,-0.02,9,21600,卖盘
1763,14:12:45,24.0,0.0,50,120002,卖盘
1764,14:12:51,24.0,0.0,73,175200,卖盘
1765,14:12:54,24.04,0.04,7,16816,买盘
1766,14:12:57,24.04,0.0,9,21631,买盘
1767,14:13:03,24.01,-0.03,2,4802,中性盘
1768,14:13:06,24.0,-0.01,6,14402,卖盘
1769,14:13:09,24.0,0.0,2,4800,卖盘
1770,14:13:18,24.0,0.0,130,312475,卖盘
1771,14:13:21,24.0,0.0,110,264000,卖盘
1772,14:13:24,24.0,0.0,14,33600,卖盘
1773,14:13:27,24.0,0.0,13,31200,卖盘
1774,14:13:30,24.0,0.0,10,24000,卖盘
1775,14:13:33,24.0,0.0,7,16800,卖盘
1776,14:13:36,24.0,0.0,38,91200,卖盘
1777,14:13:39,24.0,0.0,5,12000,买盘
1778,14:13:51,23.98,-0.02,4,9592,买盘
1779,14:14:03,23.9,-0.08,50,119530,卖盘
1780,14:14:12,23.97,0.07,5,11985,买盘
1781,14:14:21,23.9,-0.07,50,119530,卖盘
1782,14:14:42,23.97,0.07,1,2397,买盘
1783,14:14:45,23.88,-0.09,16,38232,卖盘
1784,14:14:48,23.87,-0.01,9,21483,买盘
1785,14:14:51,23.88,0.01,8,19104,买盘
1786,14:14:54,23.9,0.02,6,14340,买盘
1787,14:15:09,23.96,0.06,5,11980,买盘
1788,14:15:18,23.96,0.0,2,4792,买盘
1789,14:15:27,23.96,0.0,1,2396,买盘
1790,14:15:30,23.86,-0.1,25,59670,卖盘
1791,14:15:54,23.96,0.1,6,14376,买盘
1792,14:15:57,23.96,0.0,45,107820,买盘
1793,14:16:15,23.96,0.0,10,23960,卖盘
1794,14:16:18,23.96,0.0,4,9584,卖盘
1795,14:16:27,23.96,0.0,75,179700,卖盘
1796,14:16:34,23.96,0.0,1,2396,买盘
1797,14:16:40,23.96,0.0,4,9584,买盘
1798,14:16:45,23.96,0.0,1,2396,买盘
1799,14:16:54,23.96,0.0,18,43112,买盘
1800,14:17:00,23.96,0.0,10,23958,买盘
1801,14:17:06,23.96,0.0,2,4792,买盘
1802,14:17:12,23.96,0.0,11,26356,买盘
1803,14:17:16,23.96,0.0,1,2396,买盘
1804,14:17:19,23.96,0.0,10,23960,买盘
1805,14:17:30,23.99,0.03,50,119879,买盘
1806,14:17:51,24.0,0.01,50,119958,买盘
1807,14:18:12,23.98,-0.02,13,31174,卖盘
1808,14:18:36,23.97,-0.01,3,7191,买盘
1809,14:18:45,24.0,0.03,78,187043,买盘
1810,14:18:48,24.02,0.02,5,12010,买盘
1811,14:18:51,24.0,-0.02,1,2400,卖盘
1812,14:18:55,24.0,0.0,2,4800,卖盘
1813,14:19:03,24.0,0.0,50,120000,卖盘
1814,14:19:06,24.02,0.02,3,7202,买盘
1815,14:19:09,24.01,-0.01,1,2401,买盘
1816,14:19:15,24.0,-0.01,3,7202,卖盘
1817,14:19:33,24.02,0.02,51,122402,买盘
1818,14:19:36,24.02,0.0,1,2402,买盘
1819,14:19:42,24.01,-0.01,1,2401,买盘
1820,14:19:48,24.02,0.01,6,14412,买盘
1821,14:19:57,24.02,0.0,2,4804,买盘
1822,14:20:06,24.01,-0.01,5,12005,买盘
1823,14:20:09,24.0,-0.01,25,60000,卖盘
1824,14:20:18,24.01,0.01,6,14405,买盘
1825,14:20:30,24.0,-0.01,10,24000,卖盘
1826,14:20:36,24.0,0.0,1,2400,卖盘
1827,14:20:39,24.01,0.01,5,12005,买盘
1828,14:20:43,24.0,-0.01,2,4800,卖盘
1829,14:20:48,24.01,0.01,11,26411,买盘
1830,14:20:51,24.02,0.01,11,26422,买盘
1831,14:20:57,24.0,-0.02,10,24000,卖盘
1832,14:21:00,24.0,0.0,2,4800,卖盘
1833,14:21:04,24.0,0.0,15,36000,卖盘
1834,14:21:09,24.08,0.08,160,384516,买盘
1835,14:21:12,24.0,-0.08,1,2400,卖盘
1836,14:21:18,24.0,0.0,9,21600,买盘
1837,14:21:21,24.01,0.01,2,4802,买盘
1838,14:21:48,24.01,0.0,9,21609,卖盘
1839,14:21:51,24.01,0.0,6,14406,买盘
1840,14:22:03,24.01,0.0,7,16807,买盘
1841,14:22:09,24.01,0.0,8,19208,买盘
1842,14:22:22,24.01,0.0,11,26411,买盘
1843,14:22:24,24.0,-0.01,100,240000,卖盘
1844,14:22:27,24.0,0.0,2,4800,卖盘
1845,14:22:33,24.0,0.0,18,43200,卖盘
1846,14:22:51,24.0,0.0,17,40800,买盘
1847,14:22:57,23.99,-0.01,100,239900,卖盘
1848,14:23:00,23.98,-0.01,2,4796,卖盘
1849,14:23:09,24.0,0.02,21,50391,买盘
1850,14:23:15,24.0,0.0,10,24000,卖盘
1851,14:23:24,24.0,0.0,8,19200,卖盘
1852,14:23:27,24.0,0.0,10,24000,卖盘
1853,14:23:34,24.01,0.01,4,9604,买盘
1854,14:23:39,24.0,-0.01,10,24000,卖盘
1855,14:23:48,24.01,0.01,4,9604,买盘
1856,14:24:00,24.0,-0.01,17,40800,卖盘
1857,14:24:06,24.0,0.0,2,4800,卖盘
1858,14:24:21,24.02,0.02,4,9608,买盘
1859,14:24:45,24.0,-0.02,28,67208,卖盘
1860,14:24:48,24.02,0.02,18,43236,买盘
1861,14:25:00,24.0,-0.02,2,4800,卖盘
1862,14:25:06,24.02,0.02,1,2402,买盘
1863,14:25:09,24.0,-0.02,40,96000,卖盘
1864,14:25:15,24.02,0.02,1,2402,买盘
1865,14:25:18,24.02,0.0,11,26422,买盘
1866,14:25:36,24.02,0.0,7,16814,买盘
1867,14:25:51,24.03,0.01,6,14418,买盘
1868,14:25:57,24.02,-0.01,30,72060,卖盘
1869,14:26:24,24.03,0.01,2,4806,买盘
1870,14:26:27,24.03,0.0,2,4806,买盘
1871,14:26:30,24.02,-0.01,24,57648,卖盘
1872,14:26:51,24.03,0.01,5,12015,买盘
1873,14:26:57,24.03,0.0,1,2403,买盘
1874,14:27:09,24.02,-0.01,2,4804,卖盘
1875,14:27:12,24.02,0.0,3,7206,卖盘
1876,14:27:18,24.03,0.01,19,45647,买盘
1877,14:27:42,24.02,-0.01,5,12014,卖盘
1878,14:28:04,24.03,0.01,8,19224,买盘
1879,14:28:06,24.03,0.0,6,14418,卖盘
1880,14:28:12,24.02,-0.01,3,7206,卖盘
1881,14:28:24,24.02,0.0,15,36030,卖盘
1882,14:28:27,24.01,-0.01,74,177785,卖盘
1883,14:28:39,24.02,0.01,54,129704,买盘
1884,14:28:45,24.02,0.0,7,16812,买盘
1885,14:28:51,24.04,0.02,52,124930,买盘
1886,14:29:06,24.03,-0.01,3,7209,买盘
1887,14:29:18,24.01,-0.02,20,48020,卖盘
1888,14:29:42,24.01,0.0,5,12005,买盘
1889,14:30:04,24.01,0.0,2,4802,买盘
1890,14:30:07,24.01,0.0,20,48020,买盘
1891,14:30:10,24.01,0.0,5,12005,买盘
1892,14:30:12,24.02,0.01,12,28824,买盘
1893,14:30:39,24.0,-0.02,68,163200,卖盘
1894,14:30:48,24.0,0.0,1,2400,买盘
1895,14:30:54,24.0,0.0,30,72000,买盘
1896,14:30:57,24.0,0.0,26,62400,买盘
1897,14:31:15,24.0,0.0,3,7200,卖盘
1898,14:31:19,24.02,0.02,2,4804,买盘
1899,14:31:27,24.02,0.0,4,9608,买盘
1900,14:31:33,24.02,0.0,4,9608,买盘
1901,14:31:45,24.02,0.0,2,4804,买盘
1902,14:31:54,24.02,0.0,4,9608,买盘
1903,14:32:06,24.02,0.0,1,2402,买盘
1904,14:32:09,24.02,0.0,13,31226,买盘
1905,14:32:12,24.02,0.0,10,24020,买盘
1906,14:32:30,24.0,-0.02,18,43200,卖盘
1907,14:32:36,24.0,0.0,72,172800,卖盘
1908,14:32:42,24.0,0.0,10,24000,买盘
1909,14:32:54,24.0,0.0,2,4800,买盘
1910,14:33:00,24.0,0.0,2,4800,买盘
1911,14:33:03,24.0,0.0,35,84000,买盘
1912,14:33:09,24.0,0.0,3,7200,卖盘
1913,14:33:12,24.01,0.01,10,24010,买盘
1914,14:33:27,24.01,0.0,10,24010,买盘
1915,14:33:30,24.02,0.01,5,12007,买盘
1916,14:33:34,24.02,0.0,2,4804,买盘
1917,14:33:42,24.02,0.0,3,7206,买盘
1918,14:33:45,24.01,-0.01,15,36015,卖盘
1919,14:33:48,24.01,0.0,26,62426,买盘
1920,14:33:54,24.02,0.01,19,45629,买盘
1921,14:34:12,24.03,0.01,12,28836,买盘
1922,14:34:15,24.03,0.0,7,16821,买盘
1923,14:34:18,24.03,0.0,2,4806,买盘
1924,14:34:33,24.02,-0.01,23,55246,卖盘
1925,14:34:42,24.04,0.02,54,129767,买盘
1926,14:34:57,24.05,0.01,50,120201,买盘
1927,14:35:15,24.05,0.0,13,30423,买盘
1928,14:35:33,24.07,0.02,9,21657,买盘
1929,14:35:36,24.06,-0.01,5,12030,买盘
1930,14:35:42,24.05,-0.01,22,52928,卖盘
1931,14:35:55,24.05,0.0,5,12025,卖盘
1932,14:36:06,24.07,0.02,10,24070,买盘
1933,14:36:12,24.08,0.01,12,28892,买盘
1934,14:36:15,24.05,-0.03,10,24050,卖盘
1935,14:36:24,24.05,0.0,5,12025,卖盘
1936,14:36:30,24.05,0.0,40,96207,卖盘
1937,14:36:36,24.06,0.01,9,21654,买盘
1938,14:36:39,24.06,0.0,7,16842,买盘
1939,14:36:45,24.07,0.01,2,4814,买盘
1940,14:36:54,24.06,-0.01,15,36090,卖盘
1941,14:36:57,24.06,0.0,10,24060,卖盘
1942,14:37:00,24.06,0.0,23,55338,卖盘
1943,14:37:06,24.06,0.0,3,7218,买盘
1944,14:37:09,24.07,0.01,3,7220,买盘
1945,14:37:21,24.06,-0.01,4,9624,卖盘
1946,14:37:30,24.06,0.0,2,4812,买盘
1947,14:37:36,24.06,0.0,5,12030,买盘
1948,14:37:39,24.06,0.0,3,7218,卖盘
1949,14:37:42,24.05,-0.01,54,129874,卖盘
1950,14:37:45,24.05,0.0,16,38480,卖盘
1951,14:37:48,24.05,0.0,10,24050,卖盘
1952,14:37:51,24.05,0.0,14,33670,卖盘
1953,14:37:54,24.05,0.0,19,45700,卖盘
1954,14:37:57,24.05,0.0,8,20082,卖盘
1955,14:38:03,24.02,-0.03,1,2402,卖盘
1956,14:38:12,24.06,0.04,13,31265,买盘
1957,14:38:21,24.02,-0.04,5,12010,卖盘
1958,14:38:24,24.02,0.0,9,21618,卖盘
1959,14:38:27,24.0,-0.02,23,55213,卖盘
1960,14:38:30,24.01,0.01,4,9604,中性盘
1961,14:38:51,24.01,0.0,5,12005,卖盘
1962,14:39:03,24.02,0.01,2,4804,买盘
1963,14:39:19,24.0,-0.02,15,36010,卖盘
1964,14:39:21,23.99,-0.01,140,335962,卖盘
1965,14:39:24,23.98,-0.01,103,247069,卖盘
1966,14:39:30,24.0,0.02,2,4800,买盘
1967,14:39:33,23.98,-0.02,40,95920,卖盘
1968,14:39:36,23.98,0.0,2,4796,卖盘
1969,14:39:39,24.0,0.02,1,2400,买盘
1970,14:39:42,23.98,-0.02,22,52756,卖盘
1971,14:39:45,23.98,0.0,9,21582,卖盘
1972,14:39:54,23.98,0.0,35,83930,买盘
1973,14:39:57,24.0,0.02,40,96000,买盘
1974,14:40:00,24.0,0.0,7,16800,卖盘
1975,14:40:12,24.0,0.0,32,76812,卖盘
1976,14:40:18,24.01,0.01,6,14401,买盘
1977,14:40:24,23.98,-0.03,95,227875,卖盘
1978,14:40:27,23.96,-0.02,2,4792,卖盘
1979,14:40:36,23.98,0.02,1,2398,买盘
1980,14:40:39,23.98,0.0,4,9592,买盘
1981,14:40:45,23.97,-0.01,4,9588,卖盘
1982,14:40:57,23.98,0.01,8,19184,买盘
1983,14:41:09,23.98,0.0,2,4796,买盘
1984,14:41:12,23.97,-0.01,23,55131,卖盘
1985,14:41:15,23.97,0.0,5,11985,卖盘
1986,14:41:27,23.98,0.01,8,19184,买盘
1987,14:41:30,23.97,-0.01,6,14387,卖盘
1988,14:41:33,23.97,0.0,40,95880,卖盘
1989,14:41:39,23.98,0.01,5,11990,买盘
1990,14:41:42,23.97,-0.01,16,38352,卖盘
1991,14:41:54,23.96,-0.01,5,11980,卖盘
1992,14:41:57,23.97,0.01,8,19176,买盘
1993,14:42:00,23.95,-0.02,20,47916,卖盘
1994,14:42:04,23.97,0.02,6,14380,买盘
1995,14:42:12,23.97,0.0,12,28764,买盘
1996,14:42:15,23.95,-0.02,5,11975,卖盘
1997,14:42:24,23.96,0.01,1,2396,买盘
1998,14:42:27,23.97,0.01,8,19176,买盘
1999,14:42:30,23.96,-0.01,1,2396,卖盘
2000,14:42:33,23.96,0.0,3,7188,买盘
2001,14:42:36,23.95,-0.01,41,98199,卖盘
2002,14:42:39,23.95,0.0,7,16767,卖盘
2003,14:42:42,23.94,-0.01,5,11970,卖盘
2004,14:42:48,23.94,0.0,4,9576,卖盘
2005,14:42:51,23.91,-0.03,12,28711,卖盘
2006,14:42:54,23.91,0.0,1,2391,买盘
2007,14:42:57,23.92,0.01,8,19129,买盘
2008,14:43:00,23.9,-0.02,12,28680,卖盘
2009,14:43:12,23.88,-0.02,5,11940,卖盘
2010,14:43:27,23.9,0.02,8,19120,买盘
2011,14:43:42,23.9,0.0,7,16725,买盘
2012,14:43:54,23.9,0.0,20,47800,买盘
2013,14:43:57,23.9,0.0,8,19120,买盘
2014,14:44:00,23.9,0.0,4,9560,买盘
2015,14:44:03,23.9,0.0,1,2390,买盘
2016,14:44:06,23.9,0.0,8,19120,买盘
2017,14:44:09,23.89,-0.01,5,11945,卖盘
2018,14:44:12,23.9,0.01,12,28680,买盘
2019,14:44:15,23.9,0.0,2,4780,买盘
2020,14:44:27,23.9,0.0,10,23900,买盘
2021,14:44:36,23.9,0.0,10,23900,买盘
2022,14:44:39,23.89,-0.01,5,11945,卖盘
2023,14:44:51,23.9,0.01,2,4780,买盘
2024,14:44:57,23.9,0.0,8,19120,买盘
2025,14:45:09,23.89,-0.01,5,11945,卖盘
2026,14:45:13,23.9,0.01,14,33460,买盘
2027,14:45:16,23.9,0.0,7,16730,买盘
2028,14:45:19,23.9,0.0,24,57360,买盘
2029,14:45:21,23.9,0.0,23,54970,卖盘
2030,14:45:27,23.94,0.04,8,19152,买盘
2031,14:45:36,23.9,-0.04,5,11950,卖盘
2032,14:45:42,23.94,0.04,104,248490,买盘
2033,14:45:45,23.9,-0.04,7,16730,卖盘
2034,14:45:48,23.9,0.0,3,7170,买盘
2035,14:45:51,23.88,-0.02,3,7164,卖盘
2036,14:45:57,23.88,0.0,8,19104,买盘
2037,14:46:03,23.86,-0.02,9,21478,卖盘
2038,14:46:06,23.85,-0.01,2,4771,卖盘
2039,14:46:12,23.86,0.01,13,31015,买盘
2040,14:46:15,23.85,-0.01,16,38160,卖盘
2041,14:46:18,23.85,0.0,4,9540,买盘
2042,14:46:25,23.85,0.0,3,7155,卖盘
2043,14:46:27,23.8,-0.05,33,78620,卖盘
2044,14:46:30,23.8,0.0,4,9520,买盘
2045,14:46:36,23.76,-0.04,5,11880,卖盘
2046,14:46:39,23.76,0.0,6,14256,卖盘
2047,14:46:42,23.76,0.0,29,68889,买盘
2048,14:46:48,23.71,-0.05,10,23736,卖盘
2049,14:46:51,23.68,-0.03,22,52139,卖盘
2050,14:46:55,23.7,0.02,20,47400,卖盘
2051,14:46:57,23.76,0.06,17,40383,买盘
2052,14:47:06,23.77,0.01,6,14262,卖盘
2053,14:47:15,23.77,0.0,1,2377,买盘
2054,14:47:18,23.71,-0.06,20,47441,卖盘
2055,14:47:21,23.71,0.0,3,7113,买盘
2056,14:47:24,23.71,0.0,3,7113,买盘
2057,14:47:27,23.76,0.05,31,73526,买盘
2058,14:47:30,23.7,-0.06,36,85331,卖盘
2059,14:47:33,23.71,0.01,5,11860,卖盘
2060,14:47:42,23.71,0.0,11,26081,卖盘
2061,14:47:45,23.71,0.0,22,52162,买盘
2062,14:47:54,23.71,0.0,30,71133,卖盘
2063,14:47:57,23.72,0.01,24,56960,卖盘
2064,14:48:00,23.72,0.0,2,4744,买盘
2065,14:48:03,23.72,0.0,11,26092,卖盘
2066,14:48:06,23.72,0.0,1,2372,买盘
2067,14:48:09,23.72,0.0,23,54556,买盘
2068,14:48:12,23.77,0.05,12,28520,买盘
2069,14:48:18,23.72,-0.05,13,30836,卖盘
2070,14:48:21,23.72,0.0,7,16604,买盘
2071,14:48:27,23.77,0.05,10,23770,买盘
2072,14:48:30,23.72,-0.05,20,47440,卖盘
2073,14:48:33,23.72,0.0,4,9488,卖盘
2074,14:48:36,23.72,0.0,1,2372,买盘
2075,14:48:39,23.77,0.05,7,16609,买盘
2076,14:48:43,23.72,-0.05,34,80648,卖盘
2077,14:48:48,23.76,0.04,2,4752,买盘
2078,14:48:54,23.73,-0.03,20,47480,卖盘
2079,14:48:57,23.77,0.04,8,19016,买盘
2080,14:49:04,23.77,0.0,1,2377,买盘
2081,14:49:06,23.73,-0.04,20,47460,卖盘
2082,14:49:12,23.73,0.0,45,106785,卖盘
2083,14:49:15,23.73,0.0,5,11865,买盘
2084,14:49:18,23.74,0.01,8,18992,卖盘
2085,14:49:24,23.74,0.0,1,2374,买盘
2086,14:49:28,23.74,0.0,8,18992,买盘
2087,14:49:30,23.73,-0.01,11,26103,卖盘
2088,14:49:36,23.73,0.0,2,4746,买盘
2089,14:49:39,23.74,0.01,19,45099,买盘
2090,14:49:42,23.73,-0.01,14,33222,卖盘
2091,14:49:45,23.73,0.0,6,14238,买盘
2092,14:49:48,23.74,0.01,1,2374,买盘
2093,14:49:51,23.74,0.0,12,28488,买盘
2094,14:49:54,23.73,-0.01,20,47460,卖盘
2095,14:49:57,23.74,0.01,8,18992,买盘
2096,14:50:00,23.74,0.0,7,16618,买盘
2097,14:50:03,23.73,-0.01,3,5624,卖盘
2098,14:50:06,23.73,0.0,29,68826,卖盘
2099,14:50:10,23.74,0.01,56,132892,买盘
2100,14:50:12,23.74,0.0,129,306049,买盘
2101,14:50:16,23.77,0.03,4,9508,买盘
2102,14:50:18,23.74,-0.03,20,47480,卖盘
2103,14:50:24,23.77,0.03,4,11161,买盘
2104,14:50:27,23.77,0.0,23,54671,买盘
2105,14:50:30,23.74,-0.03,25,59355,卖盘
2106,14:50:42,23.74,0.0,20,47480,卖盘
2107,14:50:45,23.77,0.03,20,47540,买盘
2108,14:50:48,23.74,-0.03,22,52240,卖盘
2109,14:50:54,23.77,0.03,2,4754,买盘
2110,14:51:00,23.77,0.0,5,11885,买盘
2111,14:51:15,23.77,0.0,1,2377,买盘
2112,14:51:18,23.77,0.0,55,130735,买盘
2113,14:51:27,23.77,0.0,2,4754,买盘
2114,14:51:33,23.77,0.0,5,11885,卖盘
2115,14:51:36,23.8,0.03,4,9520,买盘
2116,14:51:45,23.8,0.0,8,19040,买盘
2117,14:51:57,23.84,0.04,7,16688,买盘
2118,14:52:01,23.84,0.0,2,4768,买盘
2119,14:52:12,23.84,0.0,2,4768,买盘
2120,14:52:18,23.84,0.0,39,92976,买盘
2121,14:52:21,23.85,0.01,2,4770,买盘
2122,14:52:33,23.84,-0.01,13,30992,卖盘
2123,14:52:36,23.85,0.01,1,2385,买盘
2124,14:52:42,23.85,0.0,1,2385,买盘
2125,14:52:45,23.85,0.0,1,2385,买盘
2126,14:52:51,23.84,-0.01,4,9537,卖盘
2127,14:52:54,23.84,0.0,1,2384,卖盘
2128,14:53:00,23.84,0.0,6,14304,卖盘
2129,14:53:04,23.8,-0.04,107,254725,卖盘
2130,14:53:06,23.8,0.0,3,7140,买盘
2131,14:53:12,23.79,-0.01,2,4758,卖盘
2132,14:53:22,23.77,-0.02,4,9508,卖盘
2133,14:53:27,23.79,0.02,1,2379,买盘
2134,14:53:36,23.77,-0.02,8,19016,卖盘
2135,14:53:39,23.77,0.0,25,59465,卖盘
2136,14:53:45,23.77,0.0,1,2377,卖盘
2137,14:53:51,23.8,0.03,13,30940,买盘
2138,14:54:00,23.8,0.0,15,35700,买盘
2139,14:54:13,23.84,0.04,42,99964,买盘
2140,14:54:15,23.84,0.0,49,116816,买盘
2141,14:54:21,23.85,0.01,19,45304,买盘
2142,14:54:27,23.84,-0.01,2,4768,卖盘
2143,14:54:30,23.85,0.01,93,221805,买盘
2144,14:54:33,23.9,0.05,3,7170,买盘
2145,14:54:45,23.9,0.0,140,333878,买盘
2146,14:54:54,23.9,0.0,4,9560,卖盘
2147,14:54:57,23.96,0.06,1,2396,买盘
2148,14:55:03,23.96,0.0,20,47913,买盘
2149,14:55:06,23.77,-0.19,18,42905,卖盘
2150,14:55:15,23.95,0.18,1,2395,买盘
2151,14:55:19,23.95,0.0,3,7185,买盘
2152,14:55:21,23.96,0.01,11,26356,买盘
2153,14:55:27,23.96,0.0,4,9584,卖盘
2154,14:55:30,23.95,-0.01,15,35930,卖盘
2155,14:55:33,23.79,-0.16,78,185736,卖盘
2156,14:55:36,23.97,0.18,30,71650,买盘
2157,14:55:42,23.97,0.0,1,2397,买盘
2158,14:55:51,23.81,-0.16,5,11905,卖盘
2159,14:55:57,23.81,0.0,3,7143,买盘
2160,14:56:00,23.95,0.14,10,23950,买盘
2161,14:56:03,23.94,-0.01,1,2394,买盘
2162,14:56:12,23.94,0.0,10,23934,买盘
2163,14:56:25,23.94,0.0,1,2394,买盘
2164,14:56:30,23.93,-0.01,1,2393,买盘
2165,14:56:33,23.93,0.0,5,11965,买盘
2166,14:56:36,23.93,0.0,2,4786,买盘
2167,14:56:45,23.94,0.01,6,14364,买盘
2168,14:56:48,23.94,0.0,3,7181,买盘
2169,15:00:04,23.81,-0.13,109,259529,卖盘
