,time,price,change,volume,amount,type
0,09:25:05,20.81,-0.18,6,12486,卖盘
1,09:30:04,20.95,0.14,3,6285,买盘
2,09:30:19,20.83,-0.12,13,27109,卖盘
3,09:30:58,20.95,0.12,9,18855,买盘
4,09:31:01,20.83,-0.12,1,2083,卖盘
5,09:31:15,20.85,0.02,1,2085,买盘
6,09:31:19,20.85,0.0,1,2085,买盘
7,09:31:21,20.85,0.0,1,2085,买盘
8,09:31:25,20.85,0.0,1,2085,买盘
9,09:31:27,20.85,0.0,1,2085,买盘
10,09:31:31,20.85,0.0,6,12510,买盘
11,09:31:54,20.95,0.1,3,6285,买盘
12,09:32:01,20.95,0.0,15,31425,卖盘
13,09:32:19,21.09,0.14,4,8426,买盘
14,09:32:22,21.09,0.0,1,2109,卖盘
15,09:32:45,21.14,0.05,3,6342,买盘
16,09:33:04,21.12,-0.02,6,12672,买盘
17,09:33:09,21.0,-0.12,1,2100,卖盘
18,09:33:28,21.0,0.0,10,21000,卖盘
19,09:33:34,21.05,0.05,4,8420,卖盘
20,09:33:52,21.05,0.0,5,10525,中性盘
21,09:34:10,21.07,0.02,12,25271,买盘
22,09:34:16,21.07,0.0,6,12642,卖盘
23,09:34:19,21.07,0.0,3,6321,卖盘
24,09:34:31,21.07,0.0,1,2107,买盘
25,09:34:34,21.01,-0.06,15,31525,卖盘
26,09:34:40,21.0,-0.01,1,2100,卖盘
27,09:34:43,21.0,0.0,2,4200,卖盘
28,09:34:46,21.0,0.0,9,18905,卖盘
29,09:34:52,21.0,0.0,4,8400,卖盘
30,09:34:55,21.0,0.0,4,8400,卖盘
31,09:34:58,21.0,0.0,4,8400,卖盘
32,09:35:01,21.0,0.0,3,6300,卖盘
33,09:35:04,21.0,0.0,3,7686,卖盘
34,09:35:07,21.0,0.0,11,21714,卖盘
35,09:35:10,20.95,-0.05,6,12595,卖盘
36,09:35:12,20.95,0.0,2,4190,卖盘
37,09:35:16,20.95,0.0,1,2095,卖盘
38,09:35:19,20.95,0.0,1,2095,卖盘
39,09:35:22,20.98,0.03,1,2098,中性盘
40,09:35:24,20.95,-0.03,1,2095,卖盘
41,09:35:28,20.95,0.0,1,2095,卖盘
42,09:35:31,20.95,0.0,1,2095,卖盘
43,09:35:37,20.95,0.0,1,2095,卖盘
44,09:35:40,20.95,0.0,1,2095,卖盘
45,09:35:43,21.0,0.05,4,10038,买盘
46,09:36:16,21.0,0.0,4,8400,买盘
47,09:36:19,21.01,0.01,9,18907,买盘
48,09:36:22,21.03,0.02,2,4206,卖盘
49,09:36:27,21.03,0.0,2,4206,卖盘
50,09:36:34,21.03,0.0,16,33648,卖盘
51,09:36:46,21.03,0.0,3,6309,卖盘
52,09:37:01,21.03,0.0,3,6309,买盘
53,09:37:28,21.0,-0.03,2,4200,卖盘
54,09:37:54,21.0,0.0,1,2100,卖盘
55,09:38:01,21.0,0.0,3,6300,买盘
56,09:38:28,21.0,0.0,10,21000,买盘
57,09:38:40,21.0,0.0,1,2100,买盘
58,09:38:46,20.96,-0.04,9,18864,卖盘
59,09:39:10,21.0,0.04,1,2100,卖盘
60,09:39:49,20.98,-0.02,1,2098,卖盘
61,09:39:55,20.96,-0.02,4,8384,卖盘
62,09:40:06,20.97,0.01,1,2097,卖盘
63,09:40:33,20.98,0.01,4,8392,买盘
64,09:40:36,20.98,0.0,7,14686,卖盘
65,09:41:01,20.99,0.01,4,8396,买盘
66,09:41:09,20.98,-0.01,5,10493,卖盘
67,09:41:33,20.98,0.0,7,14686,卖盘
68,09:41:58,20.99,0.01,1,2099,买盘
69,09:42:01,20.99,0.0,1,2099,买盘
70,09:42:04,20.99,0.0,10,20990,买盘
71,09:42:07,20.99,0.0,3,6297,卖盘
72,09:43:04,21.02,0.03,3,6306,卖盘
73,09:43:07,21.02,0.0,4,8408,买盘
74,09:43:22,21.0,-0.02,7,14700,卖盘
75,09:43:31,21.0,0.0,1,2100,卖盘
76,09:43:34,21.0,0.0,11,23102,卖盘
77,09:44:01,21.0,0.0,18,37814,卖盘
78,09:44:07,21.05,0.05,41,86175,买盘
79,09:44:16,21.0,-0.05,2,4200,买盘
80,09:44:55,20.99,-0.01,4,8396,卖盘
81,09:45:04,20.98,-0.01,3,6294,买盘
82,09:45:19,20.95,-0.03,10,20967,卖盘
83,09:45:43,20.95,0.0,20,41900,卖盘
84,09:45:49,20.95,0.0,2,4190,卖盘
85,09:46:07,20.97,0.02,2,4194,买盘
86,09:47:07,20.97,0.0,14,29353,买盘
87,09:47:15,20.97,0.0,4,8388,卖盘
88,09:47:25,20.97,0.0,7,14679,卖盘
89,09:47:39,20.97,0.0,3,6291,买盘
90,09:48:10,20.97,0.0,1,2097,卖盘
91,09:48:49,20.96,-0.01,1,2096,买盘
92,09:49:10,20.88,-0.08,10,20880,卖盘
93,09:49:13,20.96,0.08,4,8384,买盘
94,09:49:18,20.88,-0.08,3,6264,卖盘
95,09:49:34,20.88,0.0,7,14616,卖盘
96,09:50:34,20.88,0.0,2,4176,买盘
97,09:50:37,20.86,-0.02,1,2086,卖盘
98,09:50:40,20.88,0.02,10,20862,买盘
99,09:51:16,20.95,0.07,1,2095,中性盘
100,09:51:48,20.88,-0.07,5,10440,卖盘
101,09:52:07,20.86,-0.02,3,6258,买盘
102,09:52:09,20.86,0.0,10,20860,买盘
103,09:52:12,20.86,0.0,2,4172,买盘
104,09:53:04,20.86,0.0,30,62588,卖盘
105,09:53:40,20.87,0.01,2,4174,卖盘
106,09:53:57,20.87,0.0,2,4174,卖盘
107,09:54:15,20.91,0.04,7,14637,买盘
108,09:54:24,20.87,-0.04,10,20870,卖盘
109,09:55:10,20.91,0.04,1,2091,买盘
110,09:55:37,20.91,0.0,3,6273,买盘
111,09:56:58,20.91,0.0,2,4182,卖盘
112,09:57:01,20.88,-0.03,2,4176,卖盘
113,09:57:18,20.87,-0.01,12,25044,卖盘
114,09:57:25,20.87,0.0,27,56349,卖盘
115,09:58:01,20.87,0.0,1,2087,卖盘
116,09:58:04,20.91,0.04,2,4182,买盘
117,09:58:19,20.87,-0.04,23,48001,卖盘
118,09:58:22,20.85,-0.02,44,91745,卖盘
119,09:58:27,20.85,0.0,6,12502,买盘
120,09:59:04,20.83,-0.02,10,20830,卖盘
121,09:59:18,20.83,0.0,1,2083,卖盘
122,09:59:25,20.83,0.0,1,2083,卖盘
123,09:59:34,20.85,0.02,1,2085,买盘
124,10:00:06,20.82,-0.03,39,81271,卖盘
125,10:00:52,20.85,0.03,4,8340,买盘
126,10:00:54,20.85,0.0,1,2085,卖盘
127,10:01:10,20.83,-0.02,2,4166,买盘
128,10:01:19,20.82,-0.01,6,12492,卖盘
129,10:01:22,20.83,0.01,15,31237,买盘
130,10:01:37,20.83,0.0,3,6249,买盘
131,10:02:01,20.85,0.02,1,2085,买盘
132,10:02:45,20.84,-0.01,6,12504,买盘
133,10:02:51,20.84,0.0,10,20840,卖盘
134,10:02:55,20.85,0.01,2,4170,买盘
135,10:03:04,20.85,0.0,1,2085,买盘
136,10:03:07,20.84,-0.01,4,8336,卖盘
137,10:03:37,20.82,-0.02,14,29154,卖盘
138,10:03:48,20.81,-0.01,6,12486,卖盘
139,10:03:52,20.82,0.01,2,4163,买盘
140,10:04:01,20.82,0.0,13,27066,买盘
141,10:04:16,20.82,0.0,5,10410,买盘
142,10:04:19,20.8,-0.02,23,47853,卖盘
143,10:04:52,20.8,0.0,8,16640,卖盘
144,10:05:07,20.74,-0.06,17,35275,卖盘
145,10:05:10,20.77,0.03,6,12462,中性盘
146,10:05:25,20.74,-0.03,1,2074,卖盘
147,10:05:39,20.77,0.03,9,18693,买盘
148,10:05:43,20.77,0.0,9,18693,卖盘
149,10:05:46,20.77,0.0,5,10385,卖盘
150,10:05:52,20.76,-0.01,1,2076,买盘
151,10:05:58,20.75,-0.01,5,10375,卖盘
152,10:06:01,20.75,0.0,5,10375,买盘
153,10:06:15,20.75,0.0,11,22835,卖盘
154,10:06:25,20.75,0.0,10,20750,买盘
155,10:06:34,20.74,-0.01,15,31110,卖盘
156,10:06:37,20.75,0.01,3,6225,买盘
157,10:06:46,20.75,0.0,7,14525,卖盘
158,10:06:58,20.76,0.01,23,47726,买盘
159,10:07:10,20.75,-0.01,31,64325,卖盘
160,10:07:16,20.75,0.0,21,43575,卖盘
161,10:07:49,20.76,0.01,3,6228,买盘
162,10:07:55,20.76,0.0,10,20760,卖盘
163,10:08:37,20.76,0.0,10,20760,卖盘
164,10:08:40,20.8,0.04,3,6240,买盘
165,10:09:10,20.82,0.02,10,20820,买盘
166,10:09:19,20.82,0.0,36,74952,买盘
167,10:10:10,20.83,0.01,14,29162,卖盘
168,10:10:37,20.83,0.0,4,8332,买盘
169,10:11:40,20.82,-0.01,14,29148,卖盘
170,10:12:16,20.81,-0.01,3,6243,卖盘
171,10:12:31,20.83,0.02,5,10414,买盘
172,10:12:36,20.83,0.0,15,31245,卖盘
173,10:13:48,20.8,-0.03,13,27041,卖盘
174,10:14:22,20.77,-0.03,7,14539,卖盘
175,10:14:27,20.77,0.0,3,6231,买盘
176,10:14:33,20.77,0.0,2,4154,买盘
177,10:14:52,20.8,0.03,1,2080,买盘
178,10:15:10,20.77,-0.03,35,72695,卖盘
179,10:15:37,20.77,0.0,1,2077,买盘
180,10:15:40,20.77,0.0,11,22847,买盘
181,10:16:33,20.77,0.0,1,2077,卖盘
182,10:16:43,20.77,0.0,1,2077,卖盘
183,10:16:52,20.77,0.0,3,6229,买盘
184,10:16:58,20.76,-0.01,8,16608,卖盘
185,10:19:49,20.89,0.13,1,2089,买盘
186,10:20:01,20.78,-0.11,2,4156,卖盘
187,10:20:09,20.78,0.0,7,14546,买盘
188,10:20:13,20.78,0.0,6,12468,买盘
189,10:20:43,20.78,0.0,5,10390,买盘
190,10:21:58,20.77,-0.01,6,12462,卖盘
191,10:22:21,20.77,0.0,3,6231,买盘
192,10:22:25,20.76,-0.01,21,43597,卖盘
193,10:22:31,20.76,0.0,3,6228,卖盘
194,10:22:49,20.76,0.0,3,6228,卖盘
195,10:22:58,20.76,0.0,1,2076,买盘
196,10:23:13,20.76,0.0,1,2076,买盘
197,10:23:31,20.76,0.0,14,29064,买盘
198,10:23:37,20.76,0.0,1,2076,买盘
199,10:23:45,20.75,-0.01,5,10379,卖盘
200,10:24:28,20.77,0.02,3,6231,买盘
201,10:24:48,20.77,0.0,1,2077,买盘
202,10:27:37,20.83,0.06,1,2083,卖盘
203,10:29:19,20.88,0.05,3,6264,买盘
204,10:29:40,20.87,-0.01,8,16696,买盘
205,10:35:43,20.83,-0.04,5,10415,卖盘
206,10:36:22,20.83,0.0,11,22913,卖盘
207,10:36:31,20.83,0.0,2,4166,卖盘
208,10:38:28,20.8,-0.03,5,10400,卖盘
209,10:40:22,20.83,0.03,2,4166,买盘
210,10:44:06,20.77,-0.06,19,39463,卖盘
211,10:44:33,20.77,0.0,1,2077,卖盘
212,10:45:21,20.8,0.03,12,24945,买盘
213,10:46:46,20.79,-0.01,1,2079,卖盘
214,10:47:04,20.79,0.0,9,18711,买盘
215,10:49:00,20.79,0.0,3,6237,买盘
216,10:50:12,20.79,0.0,7,14553,买盘
217,10:52:40,20.83,0.04,7,14581,买盘
218,10:56:07,20.85,0.02,7,14593,买盘
219,10:56:09,20.85,0.0,1,2085,卖盘
220,10:59:21,20.78,-0.07,31,64438,卖盘
221,10:59:52,20.86,0.08,4,8342,买盘
222,10:59:58,20.78,-0.08,2,4156,卖盘
223,11:08:07,20.78,0.0,4,8312,卖盘
224,11:08:16,20.78,0.0,19,39482,卖盘
225,11:08:46,20.77,-0.01,5,10385,卖盘
226,11:09:01,20.77,0.0,5,10385,卖盘
227,11:09:19,20.77,0.0,5,10385,卖盘
228,11:09:25,20.77,0.0,1,2077,卖盘
229,11:09:52,20.77,0.0,8,16616,卖盘
230,11:09:58,20.76,-0.01,14,29064,卖盘
231,11:10:12,20.77,0.01,5,10385,买盘
232,11:10:45,20.78,0.01,100,207796,买盘
233,11:11:22,20.78,0.0,1,2078,买盘
234,11:13:10,20.78,0.0,18,37404,买盘
235,11:15:31,20.8,0.02,9,18720,卖盘
236,11:16:33,20.75,-0.05,50,103767,卖盘
237,11:18:10,20.75,0.0,9,18675,卖盘
238,11:18:19,20.8,0.05,6,12480,买盘
239,11:19:43,20.8,0.0,9,18720,买盘
240,11:20:01,20.8,0.0,3,6240,卖盘
241,11:25:43,20.85,0.05,10,20850,买盘
242,11:26:28,20.8,-0.05,77,160170,卖盘
243,11:29:39,20.75,-0.05,4,8300,卖盘
244,13:00:04,20.75,0.0,15,31125,卖盘
245,13:02:00,20.73,-0.02,1,2073,卖盘
246,13:02:10,20.73,0.0,10,20730,卖盘
247,13:02:42,20.73,0.0,6,12438,卖盘
248,13:03:07,20.72,-0.01,31,64232,卖盘
249,13:04:16,20.7,-0.02,67,138701,卖盘
250,13:04:31,20.68,-0.02,2,4136,卖盘
251,13:04:39,20.67,-0.01,1,2067,卖盘
252,13:04:46,20.66,-0.01,2,4132,卖盘
253,13:04:49,20.66,0.0,17,35122,卖盘
254,13:05:05,20.66,0.0,6,12396,买盘
255,13:05:16,20.66,0.0,1,2066,买盘
256,13:06:07,20.65,-0.01,30,61950,卖盘
257,13:06:39,20.64,-0.01,2,4128,买盘
258,13:06:46,20.6,-0.04,9,18540,卖盘
259,13:07:04,20.6,0.0,32,65920,卖盘
260,13:07:16,20.52,-0.08,2,4104,卖盘
261,13:07:19,20.52,0.0,1,2052,买盘
262,13:07:22,20.52,0.0,31,63612,买盘
263,13:07:24,20.52,0.0,2,4104,买盘
264,13:07:28,20.52,0.0,4,8208,买盘
265,13:07:31,20.52,0.0,5,10260,买盘
266,13:07:34,20.52,0.0,6,12312,买盘
267,13:07:37,20.52,0.0,1,2052,买盘
268,13:08:22,20.51,-0.01,19,38974,卖盘
269,13:08:34,20.52,0.01,1,2052,中性盘
270,13:09:27,20.52,0.0,4,8208,卖盘
271,13:09:34,20.53,0.01,4,8212,买盘
272,13:10:31,20.64,0.11,1,2064,买盘
273,13:12:01,20.64,0.0,1,2064,买盘
274,13:16:01,20.61,-0.03,5,10305,卖盘
275,13:18:13,20.6,-0.01,59,121540,卖盘
276,13:18:39,20.6,0.0,4,8240,卖盘
277,13:18:58,20.56,-0.04,5,10280,卖盘
278,13:19:49,20.56,0.0,1,2056,卖盘
279,13:20:40,20.56,0.0,4,8224,卖盘
280,13:20:46,20.55,-0.01,8,16440,卖盘
281,13:20:54,20.56,0.01,1,2056,买盘
282,13:20:58,20.56,0.0,12,24672,买盘
283,13:21:33,20.56,0.0,1,2056,买盘
284,13:25:22,20.57,0.01,1,2057,卖盘
285,13:25:54,20.57,0.0,5,10285,卖盘
286,13:26:54,20.57,0.0,1,2057,买盘
287,13:27:54,20.56,-0.01,1,2056,卖盘
288,13:29:31,20.57,0.01,13,26741,买盘
289,13:30:04,20.57,0.0,17,34969,买盘
290,13:35:16,20.58,0.01,2,4116,卖盘
291,13:36:15,20.6,0.02,1,2060,买盘
292,13:36:19,20.6,0.0,1,2060,卖盘
293,13:36:37,20.64,0.04,3,6192,买盘
294,13:36:46,20.64,0.0,8,16512,买盘
295,13:37:22,20.64,0.0,6,12384,买盘
296,13:37:42,20.65,0.01,2,4130,买盘
297,13:38:25,20.65,0.0,1,2065,卖盘
298,13:40:10,20.65,0.0,3,6195,卖盘
299,13:42:40,20.57,-0.08,22,45333,卖盘
300,13:43:49,20.7,0.13,1,2070,卖盘
301,13:45:16,20.6,-0.1,11,22660,卖盘
302,13:45:19,20.6,0.0,1,2060,买盘
303,13:45:21,20.6,0.0,1,2060,买盘
304,13:45:25,20.6,0.0,1,2060,买盘
305,13:45:28,20.6,0.0,1,2060,买盘
306,13:45:31,20.6,0.0,1,2060,买盘
307,13:45:34,20.6,0.0,1,2060,买盘
308,13:45:37,20.6,0.0,5,10300,买盘
309,13:47:22,20.6,0.0,3,6180,卖盘
310,13:52:21,20.61,0.01,10,20610,卖盘
311,13:52:49,20.6,-0.01,1,2060,卖盘
312,13:52:57,20.6,0.0,5,10300,买盘
313,13:53:01,20.6,0.0,1,2060,买盘
314,13:55:25,20.6,0.0,1,2060,卖盘
315,13:55:28,20.6,0.0,2,4120,买盘
316,13:55:31,20.6,0.0,3,6180,买盘
317,13:55:58,20.6,0.0,10,20600,买盘
318,13:56:52,20.61,0.01,1,2061,买盘
319,13:57:06,20.6,-0.01,2,4120,卖盘
320,14:00:31,20.6,0.0,10,20600,卖盘
321,14:00:34,20.6,0.0,2,4120,卖盘
322,14:00:49,20.6,0.0,2,4120,卖盘
323,14:00:58,20.6,0.0,1,2060,买盘
324,14:02:43,20.6,0.0,5,10300,卖盘
325,14:03:24,20.6,0.0,4,8240,卖盘
326,14:03:28,20.6,0.0,2,4120,卖盘
327,14:03:40,20.59,-0.01,2,4118,卖盘
328,14:03:43,20.59,0.0,3,6177,卖盘
329,14:03:45,20.59,0.0,8,16472,卖盘
330,14:03:49,20.59,0.0,7,14413,卖盘
331,14:04:22,20.59,0.0,5,10295,买盘
332,14:05:00,20.59,0.0,6,12354,买盘
333,14:05:25,20.59,0.0,3,6177,买盘
334,14:05:37,20.59,0.0,5,10295,买盘
335,14:05:58,20.58,-0.01,18,37044,卖盘
336,14:06:19,20.58,0.0,2,4116,买盘
337,14:07:01,20.57,-0.01,4,8228,卖盘
338,14:07:06,20.56,-0.01,70,143936,卖盘
339,14:07:19,20.55,-0.01,5,10275,卖盘
340,14:07:22,20.55,0.0,3,6166,卖盘
341,14:07:34,20.55,0.0,3,6165,卖盘
342,14:07:37,20.55,0.0,2,4110,卖盘
343,14:08:49,20.55,0.0,1,2055,买盘
344,14:08:52,20.55,0.0,2,4110,买盘
345,14:08:54,20.55,0.0,6,12330,买盘
346,14:08:57,20.55,0.0,1,2055,买盘
347,14:09:04,20.55,0.0,6,12331,卖盘
348,14:09:34,20.56,0.01,3,6168,买盘
349,14:09:40,20.56,0.0,1,2056,买盘
350,14:09:46,20.56,0.0,4,8224,买盘
351,14:09:48,20.56,0.0,4,8224,买盘
352,14:10:28,20.59,0.03,1,2059,买盘
353,14:11:57,20.58,-0.01,1,2058,买盘
354,14:12:01,20.59,0.01,20,41179,买盘
355,14:12:04,20.59,0.0,5,10295,卖盘
356,14:12:22,20.69,0.1,6,12414,买盘
357,14:12:24,20.69,0.0,1,2069,卖盘
358,14:12:28,20.69,0.0,9,18621,卖盘
359,14:12:34,20.69,0.0,6,12414,卖盘
360,14:16:49,20.59,-0.1,10,20590,卖盘
361,14:18:16,20.65,0.06,1,2065,买盘
362,14:19:04,20.7,0.05,50,103327,买盘
363,14:21:49,20.68,-0.02,5,10340,买盘
364,14:22:39,20.68,0.0,3,6204,买盘
365,14:23:34,20.62,-0.06,11,22682,卖盘
366,14:23:49,20.62,0.0,9,18558,买盘
367,14:24:34,20.62,0.0,1,2062,卖盘
368,14:24:46,20.59,-0.03,11,22649,卖盘
369,14:24:54,20.59,0.0,1,2059,卖盘
370,14:29:45,20.62,0.03,4,8248,买盘
371,14:30:42,20.62,0.0,8,16498,卖盘
372,14:31:55,20.62,0.0,2,4124,买盘
373,14:32:34,20.62,0.0,5,10310,卖盘
374,14:32:51,20.63,0.01,2,4126,中性盘
375,14:33:58,20.63,0.0,3,6189,卖盘
376,14:34:40,20.63,0.0,1,2063,买盘
377,14:35:13,20.62,-0.01,1,2062,卖盘
378,14:35:43,20.62,0.0,10,20620,卖盘
379,14:35:52,20.62,0.0,7,14434,卖盘
380,14:36:51,20.63,0.01,1,2063,买盘
381,14:36:55,20.63,0.0,1,2063,买盘
382,14:37:07,20.63,0.0,8,16504,买盘
383,14:37:22,20.63,0.0,2,4126,卖盘
384,14:37:58,20.6,-0.03,25,51507,卖盘
385,14:38:46,20.6,0.0,7,14420,卖盘
386,14:38:49,20.6,0.0,6,12360,买盘
387,14:38:51,20.6,0.0,1,2060,买盘
388,14:38:54,20.6,0.0,1,2060,买盘
389,14:39:04,20.6,0.0,6,12360,买盘
390,14:39:24,20.63,0.03,1,2063,买盘
391,14:40:19,20.63,0.0,2,4126,卖盘
392,14:40:46,20.6,-0.03,30,61807,卖盘
393,14:41:04,20.62,0.02,1,2062,买盘
394,14:41:37,20.62,0.0,1,2062,买盘
395,14:43:22,20.62,0.0,12,24744,买盘
396,14:43:28,20.6,-0.02,11,22660,卖盘
397,14:43:34,20.6,0.0,1,2060,卖盘
398,14:43:37,20.6,0.0,10,20600,卖盘
399,14:43:40,20.6,0.0,28,57688,卖盘
400,14:43:52,20.59,-0.01,15,30885,卖盘
401,14:43:58,20.59,0.0,20,41180,买盘
402,14:44:22,20.59,0.0,5,10295,买盘
403,14:44:46,20.59,0.0,15,30885,买盘
404,14:44:58,20.58,-0.01,20,41160,卖盘
405,14:45:04,20.59,0.01,52,107068,买盘
406,14:45:19,20.59,0.0,3,6177,卖盘
407,14:45:25,20.58,-0.01,10,20586,卖盘
408,14:45:37,20.6,0.02,78,160680,买盘
409,14:46:21,20.6,0.0,58,119480,买盘
410,14:46:57,20.61,0.01,5,10305,卖盘
411,14:47:13,20.67,0.06,17,35124,买盘
412,14:47:46,20.7,0.03,100,206984,买盘
413,14:48:07,20.7,0.0,10,20700,买盘
414,14:48:22,20.69,-0.01,5,10345,买盘
415,14:48:27,20.7,0.01,3,6210,买盘
416,14:49:28,20.86,0.16,100,207839,买盘
417,14:49:49,20.95,0.09,50,104658,买盘
418,14:49:58,20.94,-0.01,27,55847,中性盘
419,14:50:07,20.98,0.04,50,104778,买盘
420,14:50:22,21.0,0.02,97,203529,买盘
421,14:50:25,21.0,0.0,3,6300,卖盘
422,14:50:28,21.1,0.1,47,98926,买盘
423,14:50:34,21.05,-0.05,39,82160,卖盘
424,14:50:36,20.65,-0.4,29,60502,卖盘
425,14:50:42,21.0,0.35,88,184800,买盘
426,14:50:46,21.0,0.0,1,2100,买盘
427,14:50:49,21.0,0.0,1,2100,买盘
428,14:50:55,21.04,0.04,30,63006,买盘
429,14:50:58,21.05,0.01,28,58935,买盘
430,14:51:01,21.05,0.0,28,58940,卖盘
431,14:51:04,21.05,0.0,36,75795,卖盘
432,14:51:07,21.08,0.03,10,21056,中性盘
433,14:51:10,21.05,-0.03,13,27379,卖盘
434,14:51:12,21.05,0.0,10,21050,买盘
435,14:51:15,21.0,-0.05,21,44132,卖盘
436,14:51:19,21.0,0.0,7,14700,买盘
437,14:51:25,21.0,0.0,55,115500,买盘
438,14:51:28,21.0,0.0,9,18895,买盘
439,14:51:36,20.79,-0.21,4,8327,卖盘
440,14:51:43,21.0,0.21,10,20990,买盘
441,14:51:46,20.97,-0.03,5,10485,中性盘
442,14:51:57,20.97,0.0,5,10437,买盘
443,14:52:04,21.0,0.03,10,21000,买盘
444,14:52:06,20.97,-0.03,3,6291,卖盘
445,14:52:16,20.97,0.0,30,62910,买盘
446,14:52:22,20.97,0.0,15,31380,买盘
447,14:52:25,20.97,0.0,7,14679,买盘
448,14:52:28,20.97,0.0,3,6291,卖盘
449,14:52:34,20.82,-0.15,1,2082,卖盘
450,14:52:37,21.0,0.18,30,62990,买盘
451,14:52:46,20.99,-0.01,3,6297,卖盘
452,14:52:54,20.99,0.0,30,62961,买盘
453,14:53:07,20.97,-0.02,6,12587,中性盘
454,14:53:19,20.98,0.01,20,41944,买盘
455,14:53:34,20.98,0.0,5,10490,买盘
456,14:53:49,20.99,0.01,10,20987,买盘
457,14:54:10,20.85,-0.14,12,25150,卖盘
458,14:54:13,20.85,0.0,3,6255,卖盘
459,14:54:28,20.99,0.14,50,104930,买盘
460,14:54:36,20.85,-0.14,1,2085,卖盘
461,14:54:49,20.99,0.14,15,31485,买盘
462,14:55:04,21.0,0.01,17,35689,买盘
463,14:55:13,20.99,-0.01,3,6297,买盘
464,14:55:15,20.99,0.0,2,4198,买盘
465,14:55:28,20.99,0.0,73,153214,买盘
466,14:55:31,20.99,0.0,7,14693,卖盘
467,14:55:43,20.86,-0.13,24,50311,卖盘
468,14:55:46,20.86,0.0,3,6258,买盘
469,14:55:52,20.86,0.0,17,35462,买盘
470,14:55:57,20.99,0.13,8,16792,买盘
471,14:56:01,21.0,0.01,100,209975,买盘
472,14:56:21,20.9,-0.1,5,10450,买盘
473,14:56:28,20.87,-0.03,3,6261,卖盘
474,14:56:31,20.99,0.12,10,20942,买盘
475,14:56:40,20.99,0.0,10,20990,买盘
476,14:56:57,20.99,0.0,20,41955,买盘
477,15:00:05,21.02,0.03,745,1565990,买盘
