,time,price,change,volume,amount,type
0,09:25:04,7.21,0.0,1,721,卖盘
1,09:30:04,7.22,0.01,52,37644,中性盘
2,09:30:15,7.22,0.0,26,18774,卖盘
3,09:30:21,7.23,0.01,9,6507,买盘
4,09:30:24,7.23,0.0,2,1446,买盘
5,09:30:27,7.22,-0.01,11,7946,卖盘
6,09:30:30,7.23,0.01,1,723,买盘
7,09:30:33,7.23,0.0,8,5784,买盘
8,09:30:39,7.25,0.02,18,13038,买盘
9,09:30:48,7.25,0.0,18,13042,买盘
10,09:31:01,7.24,-0.01,5,3620,卖盘
11,09:31:04,7.25,0.01,30,21750,买盘
12,09:31:06,7.25,0.0,20,14500,买盘
13,09:31:13,7.24,-0.01,9,6516,卖盘
14,09:31:21,7.24,0.0,9,6516,卖盘
15,09:31:28,7.24,0.0,3,2172,卖盘
16,09:31:30,7.25,0.01,16,11594,买盘
17,09:31:33,7.24,-0.01,31,22444,卖盘
18,09:31:36,7.24,0.0,201,145734,卖盘
19,09:31:43,7.25,0.01,1,725,买盘
20,09:31:45,7.24,-0.01,61,44164,卖盘
21,09:31:48,7.25,0.01,20,14482,买盘
22,09:31:54,7.23,-0.02,23,16629,卖盘
23,09:32:03,7.23,0.0,8,5784,卖盘
24,09:32:07,7.23,0.0,19,13737,买盘
25,09:32:18,7.23,0.0,7,5061,卖盘
26,09:32:21,7.23,0.0,2,1446,卖盘
27,09:32:27,7.23,0.0,8,5784,卖盘
28,09:32:39,7.23,0.0,22,15906,卖盘
29,09:32:42,7.24,0.01,70,50680,买盘
30,09:32:45,7.24,0.0,25,18100,卖盘
31,09:32:48,7.24,0.0,5,3620,卖盘
32,09:32:51,7.24,0.0,28,20272,卖盘
33,09:32:55,7.24,0.0,15,10860,买盘
34,09:33:00,7.23,-0.01,43,31119,卖盘
35,09:33:06,7.23,0.0,40,28920,卖盘
36,09:33:12,7.24,0.01,33,23869,买盘
37,09:33:24,7.22,-0.02,40,28880,卖盘
38,09:33:27,7.23,0.01,20,14460,买盘
39,09:33:31,7.22,-0.01,4,2888,卖盘
40,09:33:34,7.22,0.0,18,12996,卖盘
41,09:33:36,7.22,0.0,22,15884,卖盘
42,09:33:39,7.22,0.0,20,14440,卖盘
43,09:33:45,7.22,0.0,23,16606,卖盘
44,09:33:57,7.22,0.0,12,8664,卖盘
45,09:34:06,7.22,0.0,137,98916,卖盘
46,09:34:12,7.22,0.0,1,722,买盘
47,09:34:18,7.22,0.0,40,28841,买盘
48,09:34:21,7.22,0.0,20,14440,买盘
49,09:34:24,7.22,0.0,20,14440,买盘
50,09:34:27,7.22,0.0,43,31046,买盘
51,09:34:31,7.21,-0.01,25,18025,卖盘
52,09:34:34,7.22,0.01,26,18772,买盘
53,09:34:39,7.22,0.0,27,19494,卖盘
54,09:34:51,7.23,0.01,44,31803,买盘
55,09:34:54,7.23,0.0,30,21690,买盘
56,09:34:57,7.23,0.0,45,32535,买盘
57,09:35:01,7.23,0.0,94,67962,卖盘
58,09:35:04,7.23,0.0,12,8676,卖盘
59,09:35:06,7.24,0.01,32,23168,买盘
60,09:35:12,7.24,0.0,30,21720,卖盘
61,09:35:19,7.25,0.01,94,68129,买盘
62,09:35:21,7.24,-0.01,1,724,中性盘
63,09:35:24,7.24,0.0,22,15924,卖盘
64,09:35:30,7.24,0.0,33,23892,买盘
65,09:35:33,7.25,0.01,61,44174,买盘
66,09:35:36,7.24,-0.01,32,23168,卖盘
67,09:35:42,7.25,0.01,9,6525,买盘
68,09:35:45,7.24,-0.01,38,27512,卖盘
69,09:35:54,7.24,0.0,101,73124,卖盘
70,09:35:57,7.24,0.0,25,18104,卖盘
71,09:36:00,7.24,0.0,20,14480,卖盘
72,09:36:04,7.24,0.0,1,724,买盘
73,09:36:10,7.24,0.0,41,29684,卖盘
74,09:36:13,7.25,0.01,20,14500,买盘
75,09:36:15,7.24,-0.01,10,7240,卖盘
76,09:36:18,7.25,0.01,5,3625,买盘
77,09:36:21,7.24,-0.01,18,13033,卖盘
78,09:36:28,7.24,0.0,6,4347,卖盘
79,09:36:30,7.24,0.0,86,62264,卖盘
80,09:36:33,7.25,0.01,5,3625,买盘
81,09:36:39,7.25,0.0,102,73950,买盘
82,09:36:42,7.24,-0.01,27,19548,卖盘
83,09:36:45,7.25,0.01,11,7974,买盘
84,09:36:51,7.25,0.0,8,5800,买盘
85,09:36:54,7.24,-0.01,40,28960,卖盘
86,09:37:00,7.24,0.0,100,72400,卖盘
87,09:37:03,7.24,0.0,13,9412,卖盘
88,09:37:06,7.25,0.01,22,15930,买盘
89,09:37:09,7.24,-0.01,56,40544,卖盘
90,09:37:15,7.24,0.0,28,20272,卖盘
91,09:37:21,7.24,0.0,10,7240,买盘
92,09:37:27,7.23,-0.01,23,16629,卖盘
93,09:37:30,7.24,0.01,10,7240,买盘
94,09:37:36,7.23,-0.01,12,8676,卖盘
95,09:37:39,7.24,0.01,1,724,买盘
96,09:37:45,7.23,-0.01,44,31812,卖盘
97,09:37:48,7.23,0.0,4,2892,卖盘
98,09:37:54,7.24,0.01,20,14480,买盘
99,09:38:00,7.23,-0.01,41,29643,卖盘
100,09:38:07,7.24,0.01,5,3620,买盘
101,09:38:09,7.23,-0.01,19,13737,卖盘
102,09:38:12,7.23,0.0,39,28197,卖盘
103,09:38:21,7.23,0.0,22,15890,买盘
104,09:38:36,7.22,-0.01,44,31806,卖盘
105,09:38:42,7.22,0.0,17,12274,卖盘
106,09:38:48,7.22,0.0,25,18050,卖盘
107,09:38:54,7.22,0.0,47,33934,卖盘
108,09:38:57,7.23,0.01,20,14460,买盘
109,09:39:06,7.21,-0.02,280,201979,卖盘
110,09:39:15,7.2,-0.01,47,33840,卖盘
111,09:39:21,7.21,0.01,2,1442,买盘
112,09:39:25,7.21,0.0,4,2884,买盘
113,09:39:27,7.21,0.0,18,12978,买盘
114,09:39:30,7.2,-0.01,10,7200,卖盘
115,09:39:36,7.2,0.0,40,28800,卖盘
116,09:39:39,7.2,0.0,30,21600,卖盘
117,09:39:42,7.21,0.01,15,10815,买盘
118,09:39:48,7.21,0.0,10,7210,买盘
119,09:39:51,7.2,-0.01,30,21600,卖盘
120,09:39:54,7.2,0.0,5,3600,卖盘
121,09:39:57,7.2,0.0,69,49680,卖盘
122,09:40:04,7.2,0.0,17,12240,卖盘
123,09:40:06,7.2,0.0,15,10800,买盘
124,09:40:16,7.2,0.0,22,15840,买盘
125,09:40:18,7.2,0.0,5,3600,卖盘
126,09:40:21,7.2,0.0,20,14400,卖盘
127,09:40:33,7.2,0.0,85,61200,卖盘
128,09:40:36,7.2,0.0,6,4325,卖盘
129,09:40:39,7.2,0.0,193,138960,卖盘
130,09:40:49,7.2,0.0,33,23730,买盘
131,09:40:54,7.2,0.0,7,5040,买盘
132,09:41:04,7.19,-0.01,50,35950,卖盘
133,09:41:06,7.19,0.0,33,23727,卖盘
134,09:41:16,7.19,0.0,73,52487,卖盘
135,09:41:18,7.18,-0.01,20,14360,卖盘
136,09:41:24,7.19,0.01,159,114321,买盘
137,09:41:27,7.18,-0.01,44,31633,卖盘
138,09:41:30,7.19,0.01,10,7190,买盘
139,09:41:42,7.19,0.0,10,7190,买盘
140,09:41:48,7.18,-0.01,8,5744,卖盘
141,09:41:52,7.18,0.0,8,5744,卖盘
142,09:41:57,7.18,0.0,73,52486,卖盘
143,09:42:00,7.19,0.01,52,37368,买盘
144,09:42:06,7.18,-0.01,1,718,卖盘
145,09:42:15,7.18,0.0,53,38059,卖盘
146,09:42:18,7.19,0.01,1,719,买盘
147,09:42:27,7.19,0.0,200,143800,买盘
148,09:42:33,7.19,0.0,108,77652,买盘
149,09:42:36,7.19,0.0,10,7190,卖盘
150,09:42:45,7.19,0.0,100,71900,卖盘
151,09:42:51,7.19,0.0,27,19413,卖盘
152,09:42:54,7.19,0.0,1,719,卖盘
153,09:42:58,7.19,0.0,2,1438,卖盘
154,09:43:06,7.2,0.01,1,720,买盘
155,09:43:12,7.2,0.0,10,7200,买盘
156,09:43:15,7.2,0.0,31,22320,买盘
157,09:43:18,7.2,0.0,6,4320,买盘
158,09:43:42,7.2,0.0,3,2160,买盘
159,09:43:45,7.2,0.0,5,3600,买盘
160,09:43:57,7.19,-0.01,15,10785,卖盘
161,09:44:00,7.2,0.01,10,7200,买盘
162,09:44:04,7.2,0.0,7,5040,买盘
163,09:44:09,7.2,0.0,2,1440,买盘
164,09:44:21,7.19,-0.01,105,75505,卖盘
165,09:44:24,7.19,0.0,11,7909,卖盘
166,09:44:27,7.19,0.0,10,7190,卖盘
167,09:44:30,7.19,0.0,12,8628,卖盘
168,09:44:33,7.19,0.0,106,76314,卖盘
169,09:44:42,7.2,0.01,1,720,买盘
170,09:44:55,7.2,0.0,58,41760,买盘
171,09:45:04,7.2,0.0,6,4320,买盘
172,09:45:12,7.2,0.0,2,1440,买盘
173,09:45:18,7.19,-0.01,11,7916,卖盘
174,09:45:24,7.19,0.0,2,1438,卖盘
175,09:45:27,7.19,0.0,13,9347,卖盘
176,09:45:30,7.19,0.0,91,65446,卖盘
177,09:45:33,7.19,0.0,115,82685,卖盘
178,09:45:36,7.19,0.0,91,65429,卖盘
179,09:45:39,7.19,0.0,167,120073,卖盘
180,09:45:42,7.18,-0.01,68,48847,卖盘
181,09:45:45,7.18,0.0,161,115742,卖盘
182,09:45:48,7.18,0.0,19,13642,卖盘
183,09:45:51,7.18,0.0,29,20822,卖盘
184,09:45:54,7.17,-0.01,22,15789,卖盘
185,09:45:57,7.17,0.0,13,9321,卖盘
186,09:46:00,7.17,0.0,40,28680,卖盘
187,09:46:04,7.17,0.0,7,5019,卖盘
188,09:46:06,7.17,0.0,49,34992,卖盘
189,09:46:10,7.16,-0.01,22,15772,卖盘
190,09:46:12,7.17,0.01,8,5736,买盘
191,09:46:18,7.16,-0.01,35,25060,卖盘
192,09:46:24,7.16,0.0,20,14320,卖盘
193,09:46:27,7.16,0.0,27,19332,卖盘
194,09:46:33,7.16,0.0,16,11456,卖盘
195,09:46:36,7.16,0.0,15,10740,卖盘
196,09:46:39,7.16,0.0,1,716,卖盘
197,09:46:54,7.17,0.01,40,28680,买盘
198,09:46:57,7.16,-0.01,13,9308,卖盘
199,09:47:04,7.17,0.01,10,7170,买盘
200,09:47:06,7.17,0.0,3,2151,买盘
201,09:47:15,7.17,0.0,129,92636,买盘
202,09:47:21,7.16,-0.01,347,248659,卖盘
203,09:47:46,7.17,0.01,6,4302,买盘
204,09:47:48,7.17,0.0,40,28680,买盘
205,09:47:51,7.17,0.0,6,4302,卖盘
206,09:47:57,7.17,0.0,31,22227,卖盘
207,09:48:00,7.18,0.01,11,7897,买盘
208,09:48:04,7.17,-0.01,11,7887,卖盘
209,09:48:06,7.17,0.0,1,717,卖盘
210,09:48:15,7.17,0.0,1,717,卖盘
211,09:48:18,7.17,0.0,2,1434,卖盘
212,09:48:21,7.18,0.01,30,21540,买盘
213,09:48:33,7.18,0.0,5,3590,买盘
214,09:48:39,7.17,-0.01,3,2151,卖盘
215,09:48:42,7.17,0.0,90,64550,卖盘
216,09:48:45,7.17,0.0,9,6457,卖盘
217,09:48:49,7.17,0.0,3,2151,卖盘
218,09:48:51,7.17,0.0,189,135513,卖盘
219,09:48:54,7.16,-0.01,34,24344,卖盘
220,09:48:57,7.16,0.0,15,10740,卖盘
221,09:49:00,7.16,0.0,14,10024,卖盘
222,09:49:03,7.16,0.0,10,7160,卖盘
223,09:49:06,7.17,0.01,20,14325,买盘
224,09:49:09,7.16,-0.01,60,42960,卖盘
225,09:49:12,7.16,0.0,8,5728,卖盘
226,09:49:15,7.16,0.0,13,9308,卖盘
227,09:49:18,7.16,0.0,92,65872,卖盘
228,09:49:21,7.15,-0.01,15,10725,卖盘
229,09:49:24,7.16,0.01,25,17885,买盘
230,09:49:27,7.15,-0.01,23,16445,卖盘
231,09:49:31,7.15,0.0,102,72930,卖盘
232,09:49:33,7.15,0.0,14,10010,卖盘
233,09:49:39,7.15,0.0,3,2145,卖盘
234,09:49:45,7.15,0.0,29,20735,卖盘
235,09:49:48,7.15,0.0,3,2145,卖盘
236,09:49:54,7.15,0.0,50,35750,卖盘
237,09:49:57,7.15,0.0,41,29315,卖盘
238,09:50:04,7.15,0.0,7,5005,卖盘
239,09:50:06,7.15,0.0,5,3575,买盘
240,09:50:09,7.15,0.0,2,1430,买盘
241,09:50:12,7.15,0.0,4,2860,买盘
242,09:50:15,7.15,0.0,13,9295,买盘
243,09:50:18,7.15,0.0,7,5005,卖盘
244,09:50:24,7.15,0.0,12,8580,买盘
245,09:50:30,7.15,0.0,14,10012,卖盘
246,09:50:36,7.16,0.01,2,1432,买盘
247,09:50:39,7.15,-0.01,53,37945,卖盘
248,09:50:42,7.16,0.01,10,7160,买盘
249,09:50:45,7.16,0.0,11,7876,买盘
250,09:50:48,7.16,0.0,45,32215,买盘
251,09:50:51,7.16,0.0,59,42244,买盘
252,09:51:00,7.17,0.01,10,7170,买盘
253,09:51:06,7.16,-0.01,13,9308,卖盘
254,09:51:09,7.16,0.0,130,93080,卖盘
255,09:51:16,7.15,-0.01,8,5724,卖盘
256,09:51:18,7.16,0.01,17,12186,中性盘
257,09:51:24,7.16,0.0,33,23630,卖盘
258,09:51:27,7.15,-0.01,47,33615,卖盘
259,09:51:30,7.16,0.01,19,13604,买盘
260,09:51:37,7.16,0.0,63,45049,买盘
261,09:51:42,7.17,0.01,8,5736,买盘
262,09:51:51,7.17,0.0,66,47309,买盘
263,09:51:54,7.17,0.0,4,2868,买盘
264,09:52:00,7.17,0.0,27,19359,买盘
265,09:52:04,7.17,0.0,66,47322,买盘
266,09:52:06,7.16,-0.01,17,12185,卖盘
267,09:52:09,7.16,0.0,60,42993,卖盘
268,09:52:12,7.16,0.0,180,128954,卖盘
269,09:52:15,7.17,0.01,60,42990,中性盘
270,09:52:24,7.17,0.0,30,21510,买盘
271,09:52:33,7.18,0.01,15,10770,买盘
272,09:52:43,7.18,0.0,11,7898,买盘
273,09:52:54,7.18,0.0,26,18668,买盘
274,09:53:04,7.19,0.01,23,16537,买盘
275,09:53:09,7.18,-0.01,19,13642,卖盘
276,09:53:13,7.19,0.01,17,12223,买盘
277,09:53:24,7.18,-0.01,97,69659,卖盘
278,09:53:27,7.17,-0.01,9,6461,卖盘
279,09:53:34,7.18,0.01,3,2154,买盘
280,09:53:42,7.18,0.0,5,3590,买盘
281,09:53:55,7.18,0.0,19,13652,卖盘
282,09:54:21,7.18,0.0,5,3590,买盘
283,09:54:25,7.18,0.0,1,718,买盘
284,09:54:36,7.18,0.0,20,14360,买盘
285,09:54:48,7.17,-0.01,24,17208,卖盘
286,09:55:06,7.17,0.0,13,9321,卖盘
287,09:55:09,7.17,0.0,50,35850,卖盘
288,09:55:13,7.17,0.0,60,43030,卖盘
289,09:55:18,7.18,0.01,5,3590,买盘
290,09:55:27,7.18,0.0,1,718,买盘
291,09:55:36,7.17,-0.01,66,47394,卖盘
292,09:55:51,7.17,0.0,20,14268,卖盘
293,09:55:57,7.17,0.0,56,40224,买盘
294,09:56:03,7.18,0.01,43,30874,买盘
295,09:56:06,7.18,0.0,50,35895,买盘
296,09:56:15,7.18,0.0,57,40926,买盘
297,09:56:18,7.18,0.0,29,20822,买盘
298,09:56:22,7.17,-0.01,3,2151,卖盘
299,09:56:25,7.18,0.01,33,23694,买盘
300,09:56:27,7.18,0.0,5,3590,买盘
301,09:56:33,7.18,0.0,17,12206,买盘
302,09:56:42,7.18,0.0,11,7898,卖盘
303,09:57:04,7.19,0.01,5,3595,买盘
304,09:57:06,7.19,0.0,4,2876,买盘
305,09:57:18,7.2,0.01,20,14400,买盘
306,09:57:21,7.2,0.0,10,7200,买盘
307,09:57:34,7.21,0.01,2,1442,买盘
308,09:57:48,7.21,0.0,1,721,买盘
309,09:58:00,7.21,0.0,72,51912,买盘
310,09:58:06,7.21,0.0,20,14420,买盘
311,09:58:10,7.21,0.0,7,5047,买盘
312,09:58:12,7.2,-0.01,38,27388,卖盘
313,09:58:21,7.22,0.02,3,2166,买盘
314,09:58:31,7.22,0.0,15,10830,买盘
315,09:58:54,7.2,-0.02,43,30960,卖盘
316,09:59:06,7.2,0.0,37,26640,卖盘
317,09:59:09,7.2,0.0,1,720,买盘
318,09:59:12,7.2,0.0,34,24473,买盘
319,09:59:21,7.19,-0.01,35,25165,卖盘
320,09:59:30,7.19,0.0,19,13661,买盘
321,09:59:51,7.19,0.0,10,7190,卖盘
322,09:59:54,7.19,0.0,2,1438,卖盘
323,10:00:07,7.18,-0.01,100,71800,卖盘
324,10:00:48,7.18,0.0,4,2872,卖盘
325,10:00:57,7.18,0.0,5,3590,卖盘
326,10:01:00,7.2,0.02,8,5758,买盘
327,10:01:18,7.2,0.0,18,12960,买盘
328,10:01:33,7.2,0.0,13,9360,买盘
329,10:01:45,7.19,-0.01,1,719,卖盘
330,10:01:51,7.19,0.0,20,14380,卖盘
331,10:02:09,7.19,0.0,39,28041,卖盘
332,10:02:37,7.2,0.01,5,3600,买盘
333,10:02:45,7.19,-0.01,18,12942,卖盘
334,10:02:57,7.19,0.0,18,12942,买盘
335,10:03:04,7.19,0.0,10,7190,买盘
336,10:03:09,7.19,0.0,10,7190,买盘
337,10:03:15,7.19,0.0,20,14380,买盘
338,10:03:27,7.19,0.0,20,14380,买盘
339,10:03:30,7.18,-0.01,28,20104,卖盘
340,10:03:33,7.19,0.01,5,3595,买盘
341,10:03:42,7.18,-0.01,12,8616,卖盘
342,10:04:00,7.18,0.0,5,3590,卖盘
343,10:04:03,7.19,0.01,10,7190,买盘
344,10:04:06,7.18,-0.01,25,17950,卖盘
345,10:04:34,7.2,0.02,35,25200,买盘
346,10:04:39,7.2,0.0,50,36000,买盘
347,10:04:42,7.2,0.0,22,15840,买盘
348,10:04:54,7.21,0.01,21,15141,买盘
349,10:05:06,7.21,0.0,1,721,卖盘
350,10:05:12,7.22,0.01,50,36100,买盘
351,10:05:15,7.22,0.0,11,7942,买盘
352,10:05:39,7.23,0.01,80,57840,买盘
353,10:05:42,7.21,-0.02,324,233626,卖盘
354,10:05:54,7.21,0.0,5,3605,卖盘
355,10:05:57,7.21,0.0,10,7210,卖盘
356,10:06:04,7.22,0.01,35,25250,买盘
357,10:06:06,7.21,-0.01,8,5768,卖盘
358,10:06:09,7.21,0.0,1,721,卖盘
359,10:06:12,7.21,0.0,103,74363,卖盘
360,10:06:33,7.2,-0.01,73,52565,卖盘
361,10:06:36,7.2,0.0,30,21600,卖盘
362,10:06:43,7.2,0.0,4,2880,卖盘
363,10:06:45,7.2,0.0,1,720,卖盘
364,10:06:48,7.2,0.0,8,5760,卖盘
365,10:06:51,7.2,0.0,9,6480,卖盘
366,10:06:54,7.2,0.0,2,1440,卖盘
367,10:07:00,7.2,0.0,23,16560,买盘
368,10:07:18,7.2,0.0,12,8640,卖盘
369,10:07:21,7.2,0.0,16,11520,卖盘
370,10:07:57,7.2,0.0,75,54000,卖盘
371,10:08:04,7.2,0.0,24,17280,买盘
372,10:08:06,7.2,0.0,26,18720,买盘
373,10:08:12,7.2,0.0,35,25200,买盘
374,10:08:18,7.2,0.0,10,7200,买盘
375,10:08:27,7.19,-0.01,10,7190,卖盘
376,10:08:30,7.2,0.01,3,2160,买盘
377,10:08:33,7.2,0.0,3,2160,卖盘
378,10:08:43,7.2,0.0,2,1440,卖盘
379,10:08:45,7.2,0.0,12,8640,卖盘
380,10:09:00,7.2,0.0,10,7200,买盘
381,10:09:09,7.19,-0.01,25,17975,卖盘
382,10:09:28,7.2,0.01,12,8640,买盘
383,10:09:30,7.2,0.0,2,1440,卖盘
384,10:09:33,7.2,0.0,3,2160,卖盘
385,10:09:36,7.2,0.0,10,7200,买盘
386,10:09:51,7.2,0.0,10,7200,买盘
387,10:10:21,7.2,0.0,4,2880,买盘
388,10:10:27,7.19,-0.01,10,7190,卖盘
389,10:10:30,7.19,0.0,1,719,卖盘
390,10:11:00,7.2,0.01,10,7200,买盘
391,10:11:06,7.2,0.0,2,1440,买盘
392,10:11:13,7.2,0.0,10,7200,买盘
393,10:11:18,7.2,0.0,3,2160,买盘
394,10:11:24,7.2,0.0,1,720,买盘
395,10:11:30,7.19,-0.01,5,3595,卖盘
396,10:12:00,7.19,0.0,35,25165,卖盘
397,10:12:03,7.19,0.0,86,61834,卖盘
398,10:12:12,7.19,0.0,10,7190,买盘
399,10:12:27,7.18,-0.01,54,38824,卖盘
400,10:12:36,7.19,0.01,2,1438,买盘
401,10:12:42,7.18,-0.01,21,15092,卖盘
402,10:13:18,7.19,0.01,30,21570,买盘
403,10:13:22,7.18,-0.01,22,15796,卖盘
404,10:13:30,7.19,0.01,5,3595,买盘
405,10:13:36,7.18,-0.01,28,20104,卖盘
406,10:13:40,7.18,0.0,8,5744,卖盘
407,10:13:45,7.19,0.01,1,719,买盘
408,10:13:48,7.19,0.0,6,4314,买盘
409,10:13:54,7.19,0.0,110,79090,买盘
410,10:14:09,7.19,0.0,27,19413,买盘
411,10:14:18,7.19,0.0,10,7190,买盘
412,10:14:22,7.19,0.0,42,30198,买盘
413,10:14:27,7.18,-0.01,133,95494,卖盘
414,10:14:36,7.19,0.01,9,6471,买盘
415,10:14:48,7.19,0.0,2,1438,卖盘
416,10:15:13,7.19,0.0,2,1438,卖盘
417,10:15:15,7.19,0.0,7,5033,卖盘
418,10:15:18,7.19,0.0,1,719,卖盘
419,10:15:24,7.19,0.0,5,3595,买盘
420,10:15:42,7.2,0.01,10,7200,买盘
421,10:15:51,7.2,0.0,23,16560,买盘
422,10:15:54,7.2,0.0,6,4320,买盘
423,10:16:34,7.2,0.0,21,15120,买盘
424,10:16:45,7.2,0.0,163,117355,买盘
425,10:16:55,7.2,0.0,45,32400,卖盘
426,10:17:15,7.2,0.0,29,20855,买盘
427,10:17:22,7.2,0.0,15,10800,买盘
428,10:17:24,7.19,-0.01,2,1438,卖盘
429,10:17:36,7.19,0.0,16,11504,买盘
430,10:17:39,7.19,0.0,10,7190,买盘
431,10:17:42,7.19,0.0,2,1438,买盘
432,10:17:49,7.19,0.0,10,7190,买盘
433,10:17:51,7.18,-0.01,158,113444,卖盘
434,10:17:54,7.18,0.0,100,71800,买盘
435,10:17:58,7.18,0.0,20,14360,买盘
436,10:18:00,7.18,0.0,82,58876,买盘
437,10:18:19,7.2,0.02,14,10080,买盘
438,10:18:21,7.19,-0.01,7,5033,卖盘
439,10:18:27,7.2,0.01,9,6480,买盘
440,10:18:30,7.2,0.0,27,19440,卖盘
441,10:18:33,7.2,0.0,19,13680,卖盘
442,10:18:36,7.2,0.0,27,19440,买盘
443,10:18:48,7.2,0.0,20,14400,买盘
444,10:18:54,7.2,0.0,6,4320,买盘
445,10:18:57,7.2,0.0,12,8640,买盘
446,10:19:00,7.2,0.0,7,5040,买盘
447,10:19:09,7.2,0.0,24,17280,买盘
448,10:19:54,7.2,0.0,128,92172,卖盘
449,10:20:15,7.19,-0.01,13,9347,卖盘
450,10:20:19,7.2,0.01,5,3600,买盘
451,10:20:21,7.19,-0.01,5,3595,卖盘
452,10:20:24,7.2,0.01,16,11514,买盘
453,10:20:40,7.19,-0.01,51,36669,卖盘
454,10:20:42,7.18,-0.01,1,718,卖盘
455,10:20:54,7.19,0.01,5,3595,买盘
456,10:20:57,7.18,-0.01,40,28720,卖盘
457,10:21:04,7.18,0.0,10,7180,卖盘
458,10:21:22,7.19,0.01,32,23008,买盘
459,10:21:36,7.18,-0.01,5,3590,卖盘
460,10:21:45,7.19,0.01,20,14380,买盘
461,10:21:48,7.2,0.01,180,129540,买盘
462,10:21:54,7.2,0.0,149,107280,卖盘
463,10:22:00,7.2,0.0,5,3600,买盘
464,10:22:04,7.2,0.0,6,4320,买盘
465,10:22:18,7.19,-0.01,20,14380,卖盘
466,10:22:30,7.19,0.0,20,14380,卖盘
467,10:22:36,7.2,0.01,70,50400,买盘
468,10:22:45,7.2,0.0,10,7200,卖盘
469,10:22:48,7.2,0.0,20,14400,卖盘
470,10:23:12,7.2,0.0,3,2160,买盘
471,10:23:27,7.2,0.0,27,19440,买盘
472,10:23:45,7.21,0.01,5,3605,买盘
473,10:23:57,7.22,0.01,150,108231,买盘
474,10:24:06,7.21,-0.01,18,12978,卖盘
475,10:24:09,7.21,0.0,20,14420,买盘
476,10:24:15,7.21,0.0,10,7210,买盘
477,10:24:27,7.21,0.0,10,7210,买盘
478,10:24:30,7.21,0.0,50,36050,买盘
479,10:24:36,7.21,0.0,4,2884,买盘
480,10:24:48,7.2,-0.01,15,10810,卖盘
481,10:24:51,7.21,0.01,2,1442,买盘
482,10:25:06,7.21,0.0,86,62006,买盘
483,10:25:21,7.22,0.01,100,72200,买盘
484,10:25:24,7.21,-0.01,6,4326,卖盘
485,10:25:30,7.22,0.01,50,36100,买盘
486,10:25:39,7.22,0.0,18,12996,买盘
487,10:25:45,7.22,0.0,7,5054,卖盘
488,10:25:48,7.22,0.0,32,23104,买盘
489,10:25:54,7.22,0.0,5,3610,买盘
490,10:26:04,7.21,-0.01,11,7932,卖盘
491,10:26:33,7.22,0.01,60,43320,买盘
492,10:26:39,7.21,-0.01,15,10815,卖盘
493,10:26:45,7.22,0.01,17,12274,买盘
494,10:26:54,7.22,0.0,50,36100,买盘
495,10:27:04,7.22,0.0,20,14440,买盘
496,10:27:06,7.22,0.0,260,187720,买盘
497,10:27:15,7.23,0.01,7,5061,买盘
498,10:27:22,7.23,0.0,69,49887,买盘
499,10:27:25,7.23,0.0,5,3615,买盘
500,10:27:27,7.23,0.0,5,3615,买盘
501,10:27:36,7.23,0.0,10,7230,买盘
502,10:27:39,7.23,0.0,1,723,买盘
503,10:27:42,7.23,0.0,15,10845,买盘
504,10:27:45,7.23,0.0,4,2892,买盘
505,10:27:48,7.23,0.0,9,6507,买盘
506,10:28:04,7.23,0.0,8,5784,卖盘
507,10:28:06,7.23,0.0,2,1446,卖盘
508,10:28:18,7.23,0.0,17,12291,买盘
509,10:28:21,7.23,0.0,13,9399,卖盘
510,10:28:27,7.23,0.0,4,2892,买盘
511,10:28:33,7.24,0.01,13,9412,买盘
512,10:28:42,7.25,0.01,597,432567,买盘
513,10:28:45,7.24,-0.01,5,3620,中性盘
514,10:28:57,7.24,0.0,25,18100,买盘
515,10:29:00,7.23,-0.01,36,26028,卖盘
516,10:29:04,7.24,0.01,2,1448,买盘
517,10:29:06,7.24,0.0,1,724,买盘
518,10:29:09,7.24,0.0,4,2896,买盘
519,10:29:36,7.25,0.01,20,14500,买盘
520,10:29:39,7.25,0.0,10,7247,买盘
521,10:29:42,7.25,0.0,191,138465,买盘
522,10:29:45,7.25,0.0,11,7975,卖盘
523,10:29:54,7.25,0.0,10,7250,买盘
524,10:29:57,7.24,-0.01,40,28960,卖盘
525,10:30:06,7.25,0.01,1,725,买盘
526,10:30:09,7.25,0.0,16,11599,买盘
527,10:30:15,7.25,0.0,20,14500,买盘
528,10:30:18,7.25,0.0,11,7975,买盘
529,10:30:21,7.25,0.0,57,41325,买盘
530,10:30:24,7.25,0.0,22,15950,买盘
531,10:30:28,7.25,0.0,11,7975,买盘
532,10:30:31,7.24,-0.01,37,26805,卖盘
533,10:30:33,7.25,0.01,11,7975,买盘
534,10:30:36,7.25,0.0,3,2175,买盘
535,10:30:54,7.25,0.0,10,7250,买盘
536,10:30:57,7.25,0.0,1,725,买盘
537,10:31:04,7.25,0.0,38,27530,买盘
538,10:31:09,7.25,0.0,3,2175,买盘
539,10:31:46,7.24,-0.01,185,133940,卖盘
540,10:31:51,7.24,0.0,1,724,买盘
541,10:31:54,7.24,0.0,2,1448,买盘
542,10:32:12,7.23,-0.01,9,6507,卖盘
543,10:32:18,7.23,0.0,170,122910,卖盘
544,10:32:21,7.23,0.0,23,16629,卖盘
545,10:32:30,7.23,0.0,2,1446,买盘
546,10:32:45,7.23,0.0,30,21690,买盘
547,10:32:57,7.23,0.0,27,19521,买盘
548,10:33:06,7.23,0.0,20,14460,买盘
549,10:33:09,7.23,0.0,10,7230,买盘
550,10:33:15,7.23,0.0,30,21690,买盘
551,10:33:21,7.23,0.0,24,17352,买盘
552,10:33:27,7.22,-0.01,118,85214,卖盘
553,10:33:40,7.22,0.0,1,722,卖盘
554,10:33:42,7.22,0.0,10,7220,卖盘
555,10:33:45,7.23,0.01,15,10840,买盘
556,10:33:51,7.23,0.0,17,12281,买盘
557,10:34:04,7.23,0.0,5,3615,买盘
558,10:34:24,7.23,0.0,7,5061,买盘
559,10:34:37,7.23,0.0,10,7230,买盘
560,10:34:39,7.23,0.0,10,7230,买盘
561,10:34:48,7.23,0.0,7,5061,买盘
562,10:35:04,7.23,0.0,10,7230,买盘
563,10:35:12,7.23,0.0,16,11568,买盘
564,10:35:18,7.23,0.0,5,3615,买盘
565,10:35:51,7.22,-0.01,100,72200,卖盘
566,10:35:54,7.22,0.0,201,145122,卖盘
567,10:36:09,7.21,-0.01,50,36050,卖盘
568,10:36:12,7.22,0.01,6,4332,买盘
569,10:36:33,7.22,0.0,47,33934,买盘
570,10:36:42,7.22,0.0,120,86640,买盘
571,10:37:06,7.22,0.0,10,7220,卖盘
572,10:37:21,7.23,0.01,5,3615,买盘
573,10:37:24,7.23,0.0,10,7230,买盘
574,10:37:27,7.22,-0.01,7,5054,卖盘
575,10:37:51,7.22,0.0,20,14440,卖盘
576,10:38:18,7.22,0.0,32,23104,卖盘
577,10:38:25,7.21,-0.01,1,721,卖盘
578,10:38:36,7.21,0.0,50,36050,卖盘
579,10:38:52,7.22,0.01,28,20216,买盘
580,10:39:09,7.22,0.0,20,14428,买盘
581,10:39:57,7.22,0.0,145,104690,买盘
582,10:40:18,7.22,0.0,5,3610,卖盘
583,10:40:48,7.22,0.0,10,7220,卖盘
584,10:40:57,7.22,0.0,10,7220,卖盘
585,10:41:00,7.22,0.0,10,7220,卖盘
586,10:41:04,7.22,0.0,13,9386,卖盘
587,10:41:06,7.23,0.01,37,26731,买盘
588,10:41:21,7.21,-0.02,11,7931,卖盘
589,10:41:24,7.23,0.02,50,36140,买盘
590,10:42:00,7.22,-0.01,5,3610,买盘
591,10:42:06,7.21,-0.01,4,2884,卖盘
592,10:42:33,7.21,0.0,50,36050,卖盘
593,10:43:12,7.22,0.01,10,7220,买盘
594,10:43:16,7.21,-0.01,30,21630,卖盘
595,10:43:21,7.21,0.0,40,28840,卖盘
596,10:43:24,7.21,0.0,17,11896,卖盘
597,10:44:01,7.21,0.0,10,7210,买盘
598,10:44:36,7.2,-0.01,2,1440,卖盘
599,10:44:48,7.21,0.01,50,36050,买盘
600,10:44:51,7.21,0.0,25,18025,买盘
601,10:44:54,7.2,-0.01,2,1440,卖盘
602,10:44:57,7.2,0.0,53,38180,卖盘
603,10:45:00,7.21,0.01,1,721,买盘
604,10:45:03,7.2,-0.01,67,48240,卖盘
605,10:45:06,7.2,0.0,40,28800,卖盘
606,10:45:18,7.2,0.0,1,720,卖盘
607,10:45:21,7.2,0.0,66,47520,卖盘
608,10:45:24,7.21,0.01,5,3605,买盘
609,10:45:58,7.2,-0.01,30,21600,卖盘
610,10:46:00,7.21,0.01,13,9373,买盘
611,10:46:06,7.21,0.0,29,21270,买盘
612,10:46:09,7.2,-0.01,33,23780,卖盘
613,10:46:30,7.2,0.0,2,1440,卖盘
614,10:46:39,7.21,0.01,5,3605,买盘
615,10:47:04,7.21,0.0,17,12257,买盘
616,10:47:09,7.2,-0.01,30,21603,卖盘
617,10:48:06,7.2,0.0,30,21600,卖盘
618,10:48:18,7.2,0.0,20,14400,卖盘
619,10:48:42,7.21,0.01,5,3605,买盘
620,10:48:45,7.2,-0.01,29,20880,卖盘
621,10:48:51,7.2,0.0,33,23400,卖盘
622,10:49:00,7.2,0.0,5,3600,买盘
623,10:49:19,7.2,0.0,3,2160,买盘
624,10:49:24,7.2,0.0,11,7920,买盘
625,10:50:15,7.2,0.0,10,7200,卖盘
626,10:50:21,7.21,0.01,17,12257,买盘
627,10:50:24,7.2,-0.01,8,5760,卖盘
628,10:50:36,7.2,0.0,20,14400,卖盘
629,10:50:45,7.21,0.01,8,5768,买盘
630,10:51:00,7.21,0.0,16,11536,卖盘
631,10:51:18,7.2,-0.01,51,36360,卖盘
632,10:51:24,7.2,0.0,49,35640,买盘
633,10:51:30,7.21,0.01,12,8292,卖盘
634,10:52:06,7.21,0.0,7,5047,买盘
635,10:52:12,7.21,0.0,10,7210,买盘
636,10:53:18,7.21,0.0,23,16583,买盘
637,10:54:00,7.21,0.0,3,2163,卖盘
638,10:54:04,7.21,0.0,1,721,卖盘
639,10:54:21,7.21,0.0,33,23793,卖盘
640,10:54:25,7.2,-0.01,1,720,卖盘
641,10:54:27,7.2,0.0,273,196560,卖盘
642,10:54:48,7.2,0.0,10,7200,买盘
643,10:55:04,7.2,0.0,10,7200,买盘
644,10:55:07,7.19,-0.01,3,2157,卖盘
645,10:56:24,7.19,0.0,1,719,卖盘
646,10:57:15,7.2,0.01,56,40309,买盘
647,10:57:18,7.19,-0.01,8,5758,卖盘
648,10:57:54,7.19,0.0,40,28760,卖盘
649,10:58:24,7.2,0.01,11,7920,买盘
650,10:58:30,7.19,-0.01,10,7190,卖盘
651,10:58:36,7.2,0.01,100,72000,买盘
652,10:58:54,7.2,0.0,4,2880,买盘
653,10:59:00,7.2,0.0,85,61200,买盘
654,10:59:15,7.2,0.0,30,21600,买盘
655,10:59:27,7.2,0.0,2,1440,买盘
656,10:59:42,7.19,-0.01,32,23018,卖盘
657,11:00:09,7.21,0.02,1,721,买盘
658,11:00:12,7.2,-0.01,1,720,卖盘
659,11:00:28,7.21,0.01,10,7210,买盘
660,11:00:39,7.21,0.0,41,29561,买盘
661,11:00:48,7.21,0.0,5,3605,卖盘
662,11:01:48,7.22,0.01,6,4332,买盘
663,11:03:03,7.22,0.0,10,7220,买盘
664,11:03:30,7.21,-0.01,108,77868,卖盘
665,11:03:49,7.2,-0.01,20,14400,卖盘
666,11:05:34,7.21,0.01,20,14420,买盘
667,11:05:54,7.2,-0.01,343,246960,卖盘
668,11:05:57,7.2,0.0,21,15119,买盘
669,11:06:06,7.2,0.0,2,1440,买盘
670,11:06:09,7.19,-0.01,50,35950,卖盘
671,11:06:18,7.19,0.0,30,21570,卖盘
672,11:06:33,7.19,0.0,5,3595,卖盘
673,11:06:42,7.2,0.01,10,7200,买盘
674,11:06:54,7.19,-0.01,30,21570,卖盘
675,11:06:57,7.19,0.0,5,3595,卖盘
676,11:07:00,7.19,0.0,83,59677,卖盘
677,11:07:21,7.19,0.0,14,10062,买盘
678,11:07:36,7.18,-0.01,28,20104,卖盘
679,11:07:48,7.18,0.0,4,2872,卖盘
680,11:07:51,7.19,0.01,44,31636,买盘
681,11:07:57,7.19,0.0,10,7190,买盘
682,11:08:24,7.19,0.0,20,14380,买盘
683,11:08:27,7.18,-0.01,1,718,卖盘
684,11:08:45,7.18,0.0,36,25848,卖盘
685,11:08:48,7.18,0.0,49,35183,卖盘
686,11:08:57,7.18,0.0,100,71800,卖盘
687,11:09:01,7.18,0.0,1,718,卖盘
688,11:09:15,7.18,0.0,27,19386,卖盘
689,11:09:18,7.18,0.0,11,7898,买盘
690,11:09:24,7.17,-0.01,7,5019,卖盘
691,11:09:30,7.17,0.0,7,5019,卖盘
692,11:09:39,7.18,0.01,10,7180,买盘
693,11:09:45,7.17,-0.01,20,14340,卖盘
694,11:10:04,7.17,0.0,64,45888,卖盘
695,11:10:09,7.17,0.0,27,19359,卖盘
696,11:10:33,7.17,0.0,73,52341,卖盘
697,11:11:04,7.17,0.0,6,4302,卖盘
698,11:11:06,7.17,0.0,10,7170,卖盘
699,11:11:09,7.17,0.0,40,28680,卖盘
700,11:11:24,7.17,0.0,5,3585,卖盘
701,11:11:45,7.18,0.01,8,5744,买盘
702,11:11:48,7.18,0.0,11,7898,买盘
703,11:12:04,7.17,-0.01,2,1434,卖盘
704,11:12:18,7.17,0.0,5,3585,卖盘
705,11:12:54,7.18,0.01,140,100520,买盘
706,11:13:21,7.18,0.0,10,7180,卖盘
707,11:13:24,7.19,0.01,10,7190,买盘
708,11:13:51,7.19,0.0,13,9347,买盘
709,11:14:00,7.19,0.0,3,2157,买盘
710,11:14:09,7.19,0.0,8,5752,买盘
711,11:14:33,7.18,-0.01,150,107710,卖盘
712,11:14:36,7.19,0.01,26,18694,买盘
713,11:14:39,7.18,-0.01,24,17232,卖盘
714,11:14:48,7.18,0.0,28,20104,卖盘
715,11:14:57,7.19,0.01,19,13661,买盘
716,11:15:09,7.19,0.0,2,1438,买盘
717,11:15:46,7.19,0.0,17,12223,买盘
718,11:15:48,7.18,-0.01,1,718,卖盘
719,11:15:54,7.18,0.0,211,151498,卖盘
720,11:15:57,7.19,0.01,15,10785,买盘
721,11:16:18,7.18,-0.01,2,1436,卖盘
722,11:16:24,7.18,0.0,20,14360,卖盘
723,11:16:48,7.18,0.0,21,15078,卖盘
724,11:17:18,7.19,0.01,6,4314,买盘
725,11:18:00,7.18,-0.01,9,6462,卖盘
726,11:18:24,7.18,0.0,10,7180,卖盘
727,11:18:45,7.19,0.01,13,9347,买盘
728,11:18:48,7.18,-0.01,17,12206,卖盘
729,11:18:54,7.18,0.0,5,3590,卖盘
730,11:19:21,7.19,0.01,1,719,买盘
731,11:19:33,7.18,-0.01,140,100520,卖盘
732,11:19:36,7.18,0.0,9,6462,卖盘
733,11:19:39,7.17,-0.01,6,4210,买盘
734,11:19:48,7.18,0.0,8,5744,卖盘
735,11:19:54,7.18,0.0,12,8523,卖盘
736,11:20:22,7.17,-0.01,30,21510,卖盘
737,11:20:39,7.17,0.0,170,121890,卖盘
738,11:21:00,7.18,0.01,98,70457,买盘
739,11:21:06,7.18,0.0,1,718,卖盘
740,11:21:18,7.18,0.0,100,71800,卖盘
741,11:21:27,7.18,0.0,1,625,买盘
742,11:21:33,7.18,0.0,18,12924,中性盘
743,11:21:36,7.18,0.0,52,37336,卖盘
744,11:21:57,7.17,-0.01,9,6453,卖盘
745,11:22:33,7.18,0.01,7,5026,买盘
746,11:22:51,7.18,0.0,10,7180,卖盘
747,11:22:54,7.18,0.0,59,42362,卖盘
748,11:23:04,7.18,0.0,48,34464,卖盘
749,11:24:09,7.18,0.0,29,20822,卖盘
750,11:24:12,7.18,0.0,21,15078,卖盘
751,11:24:30,7.17,-0.01,71,50907,卖盘
752,11:25:03,7.18,0.01,1,718,卖盘
753,11:25:06,7.18,0.0,69,49542,卖盘
754,11:25:09,7.17,-0.01,50,35850,卖盘
755,11:25:24,7.17,0.0,10,7170,卖盘
756,11:25:51,7.17,0.0,200,143500,卖盘
757,11:26:36,7.17,0.0,6,4302,卖盘
758,11:27:06,7.19,0.02,28,20132,买盘
759,11:27:33,7.18,-0.01,10,7180,卖盘
760,11:27:36,7.18,0.0,15,10770,卖盘
761,11:27:57,7.18,0.0,8,5744,买盘
762,11:28:00,7.17,-0.01,1,717,卖盘
763,11:28:04,7.18,0.01,1,718,买盘
764,11:28:36,7.17,-0.01,42,30138,卖盘
765,11:28:42,7.17,0.0,3,2151,卖盘
766,11:28:45,7.17,0.0,3,2151,卖盘
767,11:28:54,7.17,0.0,8,5736,卖盘
768,11:29:04,7.17,0.0,56,40152,卖盘
769,11:29:06,7.17,0.0,29,20793,卖盘
770,11:29:09,7.16,-0.01,272,194791,卖盘
771,11:29:15,7.17,0.01,2,1434,卖盘
772,11:29:18,7.17,0.0,1,717,卖盘
773,11:29:21,7.17,0.0,20,14340,卖盘
774,11:29:30,7.17,0.0,2,1434,买盘
775,11:29:45,7.16,-0.01,3,2148,卖盘
776,11:29:51,7.17,0.01,27,19359,买盘
777,13:00:04,7.18,0.01,350,251257,买盘
778,13:00:06,7.2,0.02,85,61156,买盘
779,13:00:12,7.18,-0.02,4,2872,卖盘
780,13:00:31,7.2,0.02,5,3600,买盘
781,13:01:36,7.19,-0.01,3,2157,卖盘
782,13:01:54,7.19,0.0,12,8628,买盘
783,13:02:33,7.19,0.0,72,51768,卖盘
784,13:02:36,7.19,0.0,4,2876,卖盘
785,13:02:39,7.2,0.01,10,7200,买盘
786,13:02:48,7.2,0.0,5,3600,买盘
787,13:03:00,7.2,0.0,44,31680,买盘
788,13:03:12,7.2,0.0,10,7200,买盘
789,13:03:51,7.2,0.0,24,17260,买盘
790,13:04:15,7.2,0.0,11,7919,买盘
791,13:04:48,7.2,0.0,72,51840,买盘
792,13:04:51,7.2,0.0,10,7200,卖盘
793,13:04:54,7.21,0.01,3,2163,买盘
794,13:05:18,7.2,-0.01,95,68400,卖盘
795,13:05:36,7.21,0.01,10,7210,买盘
796,13:05:39,7.2,-0.01,60,43200,卖盘
797,13:05:57,7.21,0.01,18,12978,买盘
798,13:06:00,7.21,0.0,3,2163,买盘
799,13:06:52,7.21,0.0,4,2884,买盘
800,13:07:36,7.2,-0.01,147,105840,卖盘
801,13:07:39,7.2,0.0,9,6480,买盘
802,13:08:30,7.2,0.0,30,21600,买盘
803,13:09:06,7.2,0.0,3,2160,买盘
804,13:09:36,7.2,0.0,10,7200,买盘
805,13:09:42,7.2,0.0,6,4320,买盘
806,13:10:03,7.19,-0.01,8,5752,卖盘
807,13:10:15,7.2,0.01,3,2160,买盘
808,13:10:24,7.2,0.0,2,1440,买盘
809,13:10:39,7.2,0.0,4,2880,买盘
810,13:10:48,7.2,0.0,10,7200,买盘
811,13:10:57,7.2,0.0,193,138960,买盘
812,13:11:06,7.2,0.0,7,5040,买盘
813,13:11:09,7.2,0.0,53,38160,买盘
814,13:11:12,7.21,0.01,87,62710,买盘
815,13:11:16,7.21,0.0,1,721,买盘
816,13:11:18,7.21,0.0,3,2163,买盘
817,13:11:22,7.21,0.0,3,2163,买盘
818,13:11:24,7.21,0.0,5,3605,买盘
819,13:11:27,7.21,0.0,3,2163,买盘
820,13:11:30,7.21,0.0,1,721,买盘
821,13:11:33,7.21,0.0,1,721,买盘
822,13:11:36,7.21,0.0,1,721,买盘
823,13:11:39,7.21,0.0,1,721,买盘
824,13:11:45,7.21,0.0,24,17304,买盘
825,13:11:51,7.21,0.0,50,36050,卖盘
826,13:11:54,7.22,0.01,6,4332,买盘
827,13:12:00,7.21,-0.01,33,23793,卖盘
828,13:12:03,7.21,0.0,2,1442,买盘
829,13:12:07,7.21,0.0,2,1442,买盘
830,13:12:09,7.21,0.0,16,11536,买盘
831,13:12:13,7.21,0.0,2,1442,买盘
832,13:12:15,7.21,0.0,1,721,买盘
833,13:12:24,7.2,-0.01,18,12960,卖盘
834,13:12:27,7.2,0.0,2,1440,买盘
835,13:12:30,7.2,0.0,2,1440,买盘
836,13:12:33,7.2,0.0,18,12960,买盘
837,13:12:57,7.21,0.01,4,2884,买盘
838,13:13:00,7.2,-0.01,1,720,卖盘
839,13:13:06,7.2,0.0,25,18000,卖盘
840,13:13:09,7.21,0.01,20,14420,买盘
841,13:13:12,7.21,0.0,5,3605,卖盘
842,13:13:37,7.22,0.01,5,3610,买盘
843,13:13:48,7.21,-0.01,10,7210,卖盘
844,13:13:54,7.21,0.0,1,721,卖盘
845,13:14:04,7.22,0.01,28,20216,买盘
846,13:14:06,7.22,0.0,27,19474,买盘
847,13:14:12,7.22,0.0,40,28880,买盘
848,13:14:21,7.22,0.0,6,4332,买盘
849,13:14:33,7.22,0.0,50,36100,买盘
850,13:14:36,7.22,0.0,4,2888,买盘
851,13:14:39,7.22,0.0,10,7220,买盘
852,13:14:42,7.22,0.0,3,2166,买盘
853,13:14:45,7.22,0.0,6,4332,买盘
854,13:14:57,7.21,-0.01,1,721,卖盘
855,13:15:00,7.21,0.0,10,7210,卖盘
856,13:15:13,7.21,0.0,14,10094,卖盘
857,13:15:15,7.22,0.01,43,31046,买盘
858,13:15:18,7.21,-0.01,10,7210,卖盘
859,13:15:27,7.21,0.0,10,7210,卖盘
860,13:15:51,7.22,0.01,8,5771,买盘
861,13:16:00,7.22,0.0,7,5054,买盘
862,13:16:36,7.21,-0.01,32,23072,卖盘
863,13:16:45,7.22,0.01,71,51202,买盘
864,13:17:06,7.22,0.0,5,3610,买盘
865,13:17:54,7.22,0.0,50,36100,买盘
866,13:17:57,7.22,0.0,276,199272,买盘
867,13:18:00,7.22,0.0,3,2166,买盘
868,13:18:03,7.22,0.0,29,20938,买盘
869,13:18:06,7.22,0.0,2,1444,买盘
870,13:18:10,7.22,0.0,1,722,买盘
871,13:18:12,7.22,0.0,6,4332,买盘
872,13:18:16,7.21,-0.01,50,36058,卖盘
873,13:18:54,7.22,0.01,3,2166,买盘
874,13:19:12,7.21,-0.01,20,14420,卖盘
875,13:19:42,7.21,0.0,40,28840,卖盘
876,13:19:45,7.21,0.0,33,23793,卖盘
877,13:19:48,7.22,0.01,86,62079,买盘
878,13:19:58,7.22,0.0,48,34632,买盘
879,13:20:00,7.21,-0.01,2,1442,卖盘
880,13:20:04,7.21,0.0,1,721,卖盘
881,13:20:12,7.21,0.0,10,7210,买盘
882,13:20:15,7.21,0.0,5,3605,买盘
883,13:20:18,7.21,0.0,11,7931,卖盘
884,13:20:21,7.21,0.0,4,2884,卖盘
885,13:20:36,7.21,0.0,6,4326,买盘
886,13:20:42,7.2,-0.01,100,72033,卖盘
887,13:20:49,7.21,0.01,2,1442,卖盘
888,13:21:15,7.2,-0.01,19,13680,卖盘
889,13:21:36,7.2,0.0,6,4320,卖盘
890,13:22:10,7.2,0.0,7,5040,卖盘
891,13:22:18,7.2,0.0,42,30240,卖盘
892,13:23:42,7.19,-0.01,6,4314,卖盘
893,13:23:45,7.19,0.0,16,11508,卖盘
894,13:24:06,7.19,0.0,8,5752,卖盘
895,13:24:36,7.19,0.0,1,719,卖盘
896,13:24:57,7.2,0.01,3,2160,买盘
897,13:25:12,7.2,0.0,15,10800,买盘
898,13:25:15,7.19,-0.01,1,719,卖盘
899,13:25:18,7.2,0.01,10,7200,买盘
900,13:25:54,7.19,-0.01,1,719,卖盘
901,13:25:57,7.2,0.01,3,2160,买盘
902,13:26:30,7.19,-0.01,26,18694,卖盘
903,13:26:33,7.19,0.0,50,35950,卖盘
904,13:26:45,7.19,0.0,18,12942,卖盘
905,13:26:51,7.19,0.0,9,6471,卖盘
906,13:27:09,7.19,0.0,80,57520,卖盘
907,13:27:12,7.18,-0.01,4,2875,卖盘
908,13:27:30,7.18,0.0,5,3590,卖盘
909,13:27:42,7.18,0.0,10,7180,卖盘
910,13:27:57,7.19,0.01,2,1438,买盘
911,13:28:15,7.19,0.0,1,719,买盘
912,13:29:04,7.2,0.01,1,720,买盘
913,13:29:06,7.2,0.0,1,720,买盘
914,13:29:12,7.19,-0.01,1,719,卖盘
915,13:29:15,7.2,0.01,9,6480,买盘
916,13:29:24,7.2,0.0,4,2880,买盘
917,13:29:27,7.19,-0.01,10,7190,卖盘
918,13:29:36,7.19,0.0,7,5033,卖盘
919,13:29:39,7.18,-0.01,159,114216,卖盘
920,13:29:54,7.19,0.01,50,35950,卖盘
921,13:30:06,7.19,0.0,1,719,买盘
922,13:30:09,7.18,-0.01,165,118480,卖盘
923,13:30:12,7.18,0.0,5,3590,买盘
924,13:30:18,7.18,0.0,40,28720,买盘
925,13:30:30,7.19,0.01,10,7190,中性盘
926,13:30:33,7.2,0.01,10,7200,买盘
927,13:30:54,7.2,0.0,10,7200,买盘
928,13:31:00,7.2,0.0,43,30960,买盘
929,13:31:06,7.18,-0.02,82,58913,卖盘
930,13:31:09,7.19,0.01,1,719,买盘
931,13:31:15,7.19,0.0,10,7190,买盘
932,13:31:25,7.19,0.0,10,7190,买盘
933,13:31:27,7.19,0.0,1,719,买盘
934,13:31:30,7.19,0.0,1,719,买盘
935,13:31:36,7.19,0.0,1,719,买盘
936,13:31:49,7.18,-0.01,139,99802,卖盘
937,13:31:54,7.19,0.01,39,28041,买盘
938,13:32:45,7.2,0.01,76,54719,买盘
939,13:33:06,7.19,-0.01,2,1438,卖盘
940,13:33:10,7.19,0.0,1,719,卖盘
941,13:33:21,7.19,0.0,6,4314,卖盘
942,13:33:33,7.19,0.0,31,22289,卖盘
943,13:33:36,7.2,0.01,84,60480,买盘
944,13:34:58,7.19,-0.01,28,20132,卖盘
945,13:35:04,7.2,0.01,5,3600,买盘
946,13:35:12,7.19,-0.01,11,7909,卖盘
947,13:35:24,7.2,0.01,9,6480,买盘
948,13:35:30,7.2,0.0,34,24480,买盘
949,13:35:33,7.2,0.0,180,129600,买盘
950,13:36:30,7.2,0.0,5,3600,卖盘
951,13:36:37,7.21,0.01,7,5047,买盘
952,13:36:54,7.2,-0.01,6,4320,卖盘
953,13:36:57,7.21,0.01,15,10815,买盘
954,13:37:09,7.21,0.0,27,19467,买盘
955,13:37:15,7.21,0.0,10,7210,买盘
956,13:38:07,7.2,-0.01,6,4320,卖盘
957,13:38:15,7.2,0.0,1,720,卖盘
958,13:38:18,7.2,0.0,77,55440,卖盘
959,13:38:33,7.21,0.01,27,19467,买盘
960,13:38:51,7.2,-0.01,45,32410,卖盘
961,13:38:58,7.21,0.01,1,721,买盘
962,13:39:03,7.2,-0.01,20,14400,卖盘
963,13:39:06,7.2,0.0,11,7920,卖盘
964,13:39:15,7.21,0.01,58,41818,买盘
965,13:39:18,7.21,0.0,98,70658,买盘
966,13:39:21,7.21,0.0,168,121128,买盘
967,13:40:18,7.2,-0.01,178,128160,卖盘
968,13:40:21,7.2,0.0,1,720,卖盘
969,13:40:24,7.2,0.0,30,21600,卖盘
970,13:40:36,7.2,0.0,71,51120,卖盘
971,13:41:54,7.2,0.0,25,18015,卖盘
972,13:42:21,7.21,0.01,10,7210,买盘
973,13:42:57,7.21,0.0,100,72100,买盘
974,13:43:18,7.21,0.0,24,17304,买盘
975,13:43:21,7.21,0.0,7,5047,买盘
976,13:43:30,7.21,0.0,41,29561,买盘
977,13:43:39,7.21,0.0,10,7210,买盘
978,13:43:42,7.21,0.0,10,7210,买盘
979,13:43:45,7.2,-0.01,8,5760,卖盘
980,13:43:48,7.21,0.01,1,721,买盘
981,13:43:51,7.21,0.0,12,8652,买盘
982,13:44:18,7.21,0.0,20,14420,卖盘
983,13:44:21,7.22,0.01,5,3610,买盘
984,13:44:27,7.21,-0.01,13,9373,卖盘
985,13:44:31,7.21,0.0,10,7210,卖盘
986,13:44:33,7.21,0.0,1,721,卖盘
987,13:44:37,7.21,0.0,15,10815,卖盘
988,13:44:51,7.2,-0.01,129,92900,卖盘
989,13:44:57,7.2,0.0,11,7920,卖盘
990,13:45:09,7.21,0.01,20,14420,买盘
991,13:45:30,7.21,0.0,30,21630,买盘
992,13:46:51,7.2,-0.01,3,2160,卖盘
993,13:46:57,7.2,0.0,50,36000,卖盘
994,13:47:15,7.21,0.01,6,4326,买盘
995,13:48:09,7.21,0.0,100,72100,买盘
996,13:48:12,7.21,0.0,1,721,买盘
997,13:48:30,7.2,-0.01,50,36000,卖盘
998,13:48:45,7.2,0.0,6,4320,卖盘
999,13:48:48,7.2,0.0,1,720,卖盘
1000,13:49:12,7.2,0.0,34,24480,卖盘
1001,13:49:27,7.2,0.0,12,8640,卖盘
1002,13:49:34,7.2,0.0,3,2160,卖盘
1003,13:49:39,7.2,0.0,10,7200,卖盘
1004,13:49:48,7.2,0.0,51,36720,卖盘
1005,13:49:51,7.2,0.0,7,5040,卖盘
1006,13:50:30,7.2,0.0,1,720,买盘
1007,13:51:15,7.19,-0.01,9,6471,卖盘
1008,13:51:33,7.19,0.0,17,12223,卖盘
1009,13:51:51,7.19,0.0,30,21570,卖盘
1010,13:51:54,7.19,0.0,44,31636,卖盘
1011,13:52:12,7.19,0.0,11,7909,卖盘
1012,13:52:36,7.19,0.0,20,14380,卖盘
1013,13:52:48,7.2,0.01,1,720,买盘
1014,13:53:03,7.19,-0.01,26,18694,卖盘
1015,13:53:09,7.19,0.0,2,1438,买盘
1016,13:53:42,7.19,0.0,47,33793,买盘
1017,13:53:51,7.2,0.01,1,720,买盘
1018,13:53:57,7.2,0.0,19,13680,买盘
1019,13:55:42,7.19,-0.01,40,28760,卖盘
1020,13:55:45,7.19,0.0,1,719,卖盘
1021,13:56:04,7.19,0.0,48,34512,卖盘
1022,13:56:49,7.2,0.01,4,2880,买盘
1023,13:57:15,7.2,0.0,28,20160,买盘
1024,13:57:21,7.2,0.0,1,720,买盘
1025,13:58:18,7.2,0.0,1,720,买盘
1026,13:58:45,7.2,0.0,2,1440,买盘
1027,13:58:48,7.2,0.0,1,720,买盘
1028,13:58:51,7.2,0.0,52,37440,买盘
1029,13:58:54,7.2,0.0,3,2160,买盘
1030,13:58:57,7.2,0.0,3,2160,买盘
1031,13:59:00,7.2,0.0,2,1440,买盘
1032,13:59:12,7.2,0.0,9,6475,买盘
1033,13:59:15,7.2,0.0,10,7200,买盘
1034,13:59:18,7.2,0.0,17,12240,买盘
1035,13:59:30,7.2,0.0,13,9360,买盘
1036,13:59:45,7.2,0.0,13,9360,卖盘
1037,13:59:57,7.2,0.0,10,7200,卖盘
1038,14:00:27,7.21,0.01,6,4326,买盘
1039,14:00:30,7.21,0.0,3,2163,买盘
1040,14:01:06,7.2,-0.01,12,8640,卖盘
1041,14:01:18,7.21,0.01,2,1442,买盘
1042,14:02:21,7.2,-0.01,10,7200,卖盘
1043,14:02:51,7.2,0.0,28,20160,卖盘
1044,14:02:54,7.2,0.0,7,5040,卖盘
1045,14:02:57,7.2,0.0,4,2880,卖盘
1046,14:03:00,7.2,0.0,20,14400,卖盘
1047,14:03:15,7.2,0.0,35,25200,卖盘
1048,14:03:18,7.21,0.01,3,2163,买盘
1049,14:04:09,7.2,-0.01,5,3600,卖盘
1050,14:04:33,7.21,0.01,1,721,买盘
1051,14:04:42,7.21,0.0,27,19467,买盘
1052,14:04:45,7.2,-0.01,13,9360,卖盘
1053,14:05:42,7.2,0.0,18,12960,卖盘
1054,14:06:12,7.2,0.0,2,1440,卖盘
1055,14:06:24,7.2,0.0,25,18000,卖盘
1056,14:06:39,7.2,0.0,44,31680,卖盘
1057,14:06:42,7.2,0.0,6,4320,卖盘
1058,14:06:45,7.2,0.0,24,17280,卖盘
1059,14:06:54,7.2,0.0,20,14400,买盘
1060,14:07:15,7.2,0.0,43,30960,买盘
1061,14:07:21,7.2,0.0,5,3600,买盘
1062,14:07:45,7.19,-0.01,16,11504,卖盘
1063,14:07:48,7.19,0.0,84,60396,卖盘
1064,14:07:51,7.19,0.0,34,24446,卖盘
1065,14:07:58,7.18,-0.01,324,232632,卖盘
1066,14:08:04,7.18,0.0,50,35900,卖盘
1067,14:08:06,7.18,0.0,130,93340,卖盘
1068,14:08:12,7.18,0.0,162,116316,卖盘
1069,14:08:49,7.18,0.0,10,7180,买盘
1070,14:08:51,7.17,-0.01,15,10755,卖盘
1071,14:08:54,7.17,0.0,411,294687,卖盘
1072,14:08:57,7.17,0.0,17,12189,卖盘
1073,14:09:04,7.17,0.0,10,7170,卖盘
1074,14:09:06,7.17,0.0,56,40152,卖盘
1075,14:09:16,7.17,0.0,2,1434,买盘
1076,14:09:21,7.17,0.0,10,7170,买盘
1077,14:09:45,7.17,0.0,50,35840,买盘
1078,14:09:52,7.17,0.0,77,55209,买盘
1079,14:10:00,7.17,0.0,5,3585,买盘
1080,14:10:04,7.17,0.0,186,133226,买盘
1081,14:10:13,7.17,0.0,18,12906,买盘
1082,14:10:22,7.17,0.0,22,15774,卖盘
1083,14:10:30,7.17,0.0,10,7170,卖盘
1084,14:10:33,7.17,0.0,1,717,卖盘
1085,14:10:36,7.17,0.0,8,5736,卖盘
1086,14:10:48,7.17,0.0,10,7170,买盘
1087,14:10:52,7.17,0.0,38,27212,买盘
1088,14:11:03,7.16,-0.01,70,50120,卖盘
1089,14:11:09,7.16,0.0,20,14320,卖盘
1090,14:11:12,7.15,-0.01,613,438300,卖盘
1091,14:11:21,7.16,0.01,112,80090,买盘
1092,14:11:27,7.15,-0.01,34,24310,卖盘
1093,14:11:36,7.15,0.0,10,7150,卖盘
1094,14:11:39,7.15,0.0,19,13585,卖盘
1095,14:11:48,7.14,-0.01,4,2856,卖盘
1096,14:11:54,7.14,0.0,30,21420,卖盘
1097,14:11:57,7.14,0.0,43,30702,卖盘
1098,14:12:00,7.14,0.0,3,2142,买盘
1099,14:12:03,7.14,0.0,5,3570,买盘
1100,14:12:06,7.14,0.0,37,26418,买盘
1101,14:12:12,7.14,0.0,20,14280,卖盘
1102,14:12:33,7.16,0.02,50,35800,买盘
1103,14:12:39,7.15,-0.01,17,12171,卖盘
1104,14:12:42,7.16,0.01,80,57280,买盘
1105,14:12:45,7.15,-0.01,102,72930,卖盘
1106,14:12:54,7.16,0.01,2,1432,买盘
1107,14:13:06,7.15,-0.01,28,20020,卖盘
1108,14:13:09,7.15,0.0,12,8580,卖盘
1109,14:13:12,7.15,0.0,10,7150,卖盘
1110,14:13:18,7.15,0.0,92,65780,卖盘
1111,14:13:21,7.15,0.0,16,11440,买盘
1112,14:13:24,7.15,0.0,6,4290,买盘
1113,14:13:30,7.15,0.0,100,71500,买盘
1114,14:13:33,7.15,0.0,44,31460,买盘
1115,14:13:36,7.15,0.0,21,15015,买盘
1116,14:13:57,7.15,0.0,68,48620,卖盘
1117,14:14:00,7.15,0.0,2,1430,买盘
1118,14:14:21,7.15,0.0,32,22880,卖盘
1119,14:14:39,7.15,0.0,68,48647,卖盘
1120,14:14:42,7.15,0.0,20,14300,卖盘
1121,14:14:54,7.16,0.01,48,34368,买盘
1122,14:14:57,7.16,0.0,1,716,卖盘
1123,14:15:01,7.16,0.0,1,716,卖盘
1124,14:15:12,7.16,0.0,10,7160,买盘
1125,14:15:27,7.15,-0.01,7,5005,卖盘
1126,14:15:31,7.15,0.0,16,11440,卖盘
1127,14:16:27,7.16,0.01,13,9308,买盘
1128,14:16:30,7.15,-0.01,19,13585,卖盘
1129,14:16:42,7.15,0.0,32,22880,卖盘
1130,14:16:54,7.15,0.0,9,6435,卖盘
1131,14:17:04,7.15,0.0,62,44330,卖盘
1132,14:17:15,7.15,0.0,20,14300,卖盘
1133,14:17:24,7.15,0.0,64,45760,卖盘
1134,14:17:27,7.15,0.0,50,35750,卖盘
1135,14:17:30,7.15,0.0,13,9295,卖盘
1136,14:17:36,7.15,0.0,69,49335,买盘
1137,14:17:42,7.15,0.0,37,26455,卖盘
1138,14:17:48,7.15,0.0,10,7150,买盘
1139,14:18:04,7.14,-0.01,62,44268,卖盘
1140,14:18:06,7.14,0.0,51,36414,卖盘
1141,14:18:09,7.14,0.0,15,10710,买盘
1142,14:18:15,7.13,-0.01,134,95544,卖盘
1143,14:18:18,7.14,0.01,5,3570,买盘
1144,14:18:21,7.13,-0.01,38,27094,卖盘
1145,14:18:33,7.14,0.01,7,4993,买盘
1146,14:18:42,7.14,0.0,10,7140,买盘
1147,14:18:52,7.14,0.0,30,21420,买盘
1148,14:18:57,7.14,0.0,12,8562,买盘
1149,14:19:00,7.13,-0.01,52,37076,卖盘
1150,14:19:03,7.13,0.0,8,5704,买盘
1151,14:19:06,7.13,0.0,10,7130,买盘
1152,14:19:09,7.13,0.0,56,39928,买盘
1153,14:19:12,7.13,0.0,65,46294,买盘
1154,14:19:15,7.13,0.0,96,68448,买盘
1155,14:19:18,7.13,0.0,62,44206,卖盘
1156,14:19:21,7.14,0.01,200,142800,买盘
1157,14:19:27,7.13,-0.01,102,72726,卖盘
1158,14:19:34,7.13,0.0,73,52049,卖盘
1159,14:19:36,7.13,0.0,1,763,买盘
1160,14:19:45,7.13,0.0,2,1426,卖盘
1161,14:19:51,7.14,0.01,10,7140,买盘
1162,14:19:54,7.13,-0.01,5,3565,卖盘
1163,14:20:04,7.13,0.0,68,48484,卖盘
1164,14:20:06,7.14,0.01,6,4284,买盘
1165,14:20:18,7.14,0.0,140,99960,买盘
1166,14:20:24,7.13,-0.01,245,174905,卖盘
1167,14:20:45,7.15,0.02,50,35750,买盘
1168,14:20:57,7.14,-0.01,30,21420,卖盘
1169,14:21:18,7.14,0.0,20,14280,卖盘
1170,14:21:24,7.15,0.01,15,10720,买盘
1171,14:21:39,7.14,-0.01,40,28560,卖盘
1172,14:21:48,7.14,0.0,73,52122,卖盘
1173,14:21:51,7.13,-0.01,1,713,卖盘
1174,14:22:04,7.13,0.0,60,42780,卖盘
1175,14:22:06,7.13,0.0,30,21390,卖盘
1176,14:22:09,7.13,0.0,105,74466,卖盘
1177,14:22:12,7.13,0.0,20,14265,卖盘
1178,14:22:39,7.13,0.0,60,42800,卖盘
1179,14:22:57,7.14,0.01,23,16422,买盘
1180,14:23:21,7.13,-0.01,10,7130,卖盘
1181,14:23:51,7.14,0.01,2,1428,买盘
1182,14:23:57,7.13,-0.01,77,54928,卖盘
1183,14:24:00,7.14,0.01,1,714,买盘
1184,14:24:04,7.14,0.0,5,3570,买盘
1185,14:24:06,7.14,0.0,1,714,买盘
1186,14:24:12,7.13,-0.01,1,713,卖盘
1187,14:24:18,7.14,0.01,136,97104,买盘
1188,14:24:24,7.14,0.0,4,2856,买盘
1189,14:24:30,7.14,0.0,8,5712,卖盘
1190,14:24:42,7.14,0.0,11,7854,卖盘
1191,14:24:57,7.14,0.0,15,10710,卖盘
1192,14:25:06,7.14,0.0,90,64260,卖盘
1193,14:25:09,7.15,0.01,31,22165,买盘
1194,14:25:15,7.15,0.0,12,8580,买盘
1195,14:25:18,7.15,0.0,15,10725,买盘
1196,14:25:21,7.14,-0.01,1,714,卖盘
1197,14:25:30,7.15,0.01,30,21450,买盘
1198,14:25:42,7.15,0.0,10,7150,买盘
1199,14:25:52,7.15,0.0,10,7150,买盘
1200,14:25:57,7.15,0.0,32,22880,买盘
1201,14:26:00,7.15,0.0,4,2860,买盘
1202,14:26:06,7.15,0.0,27,19305,买盘
1203,14:26:09,7.15,0.0,20,14300,买盘
1204,14:26:12,7.15,0.0,38,27821,买盘
1205,14:27:18,7.15,0.0,20,14300,卖盘
1206,14:27:27,7.16,0.01,25,17900,买盘
1207,14:27:45,7.16,0.0,20,14320,买盘
1208,14:27:49,7.16,0.0,40,28640,买盘
1209,14:27:54,7.16,0.0,65,46540,买盘
1210,14:28:15,7.16,0.0,10,7160,卖盘
1211,14:28:18,7.16,0.0,7,5012,卖盘
1212,14:28:30,7.16,0.0,28,20048,卖盘
1213,14:28:48,7.16,0.0,26,18616,买盘
1214,14:29:00,7.16,0.0,20,14320,买盘
1215,14:29:57,7.16,0.0,11,7876,买盘
1216,14:30:00,7.15,-0.01,50,35750,卖盘
1217,14:30:06,7.16,0.01,10,7160,买盘
1218,14:30:16,7.15,-0.01,80,57200,卖盘
1219,14:30:27,7.16,0.01,11,7876,买盘
1220,14:30:30,7.16,0.0,3,2148,卖盘
1221,14:30:54,7.15,-0.01,68,48630,卖盘
1222,14:31:09,7.15,0.0,4,2860,卖盘
1223,14:31:30,7.16,0.01,2,1432,买盘
1224,14:31:42,7.15,-0.01,44,31460,卖盘
1225,14:31:54,7.16,0.01,10,7160,买盘
1226,14:32:24,7.16,0.0,17,12172,买盘
1227,14:32:27,7.16,0.0,2,1432,买盘
1228,14:33:06,7.16,0.0,1,716,买盘
1229,14:33:40,7.15,-0.01,23,16445,卖盘
1230,14:33:43,7.15,0.0,34,24310,卖盘
1231,14:33:54,7.15,0.0,17,12155,卖盘
1232,14:34:00,7.15,0.0,10,7150,卖盘
1233,14:34:06,7.15,0.0,15,10725,卖盘
1234,14:34:09,7.16,0.01,9,6440,买盘
1235,14:34:15,7.15,-0.01,3,2145,卖盘
1236,14:34:18,7.15,0.0,9,6435,卖盘
1237,14:34:27,7.15,0.0,32,22882,卖盘
1238,14:34:31,7.15,0.0,32,22229,卖盘
1239,14:34:33,7.15,0.0,7,5005,买盘
1240,14:34:46,7.15,0.0,10,7150,买盘
1241,14:34:48,7.14,-0.01,80,57120,卖盘
1242,14:35:03,7.14,0.0,1,714,卖盘
1243,14:35:09,7.14,0.0,8,5712,卖盘
1244,14:35:24,7.15,0.01,5,3575,买盘
1245,14:35:39,7.15,0.0,55,39976,买盘
1246,14:36:00,7.16,0.01,10,7160,买盘
1247,14:36:18,7.16,0.0,20,14320,买盘
1248,14:36:24,7.16,0.0,52,37232,买盘
1249,14:36:33,7.16,0.0,30,21480,卖盘
1250,14:36:36,7.16,0.0,20,14320,买盘
1251,14:36:51,7.16,0.0,3,2148,买盘
1252,14:36:54,7.16,0.0,10,7160,买盘
1253,14:37:15,7.16,0.0,53,37948,买盘
1254,14:37:24,7.16,0.0,82,58712,买盘
1255,14:37:42,7.17,0.01,77,55209,买盘
1256,14:38:04,7.18,0.01,100,71800,买盘
1257,14:38:33,7.18,0.0,100,71800,买盘
1258,14:38:39,7.18,0.0,1,718,买盘
1259,14:38:54,7.17,-0.01,37,26529,卖盘
1260,14:39:12,7.17,0.0,8,5736,卖盘
1261,14:39:15,7.17,0.0,79,56643,卖盘
1262,14:39:24,7.17,0.0,15,10755,卖盘
1263,14:39:27,7.16,-0.01,13,9317,卖盘
1264,14:39:33,7.17,0.01,20,14340,买盘
1265,14:39:45,7.17,0.0,10,7170,买盘
1266,14:40:06,7.16,-0.01,137,98092,卖盘
1267,14:40:09,7.16,0.0,10,7160,买盘
1268,14:40:22,7.15,-0.01,1,715,卖盘
1269,14:40:25,7.15,0.0,310,221650,卖盘
1270,14:40:30,7.15,0.0,76,53689,卖盘
1271,14:40:48,7.15,0.0,5,3575,买盘
1272,14:41:12,7.14,-0.01,21,14995,卖盘
1273,14:41:21,7.14,0.0,150,107100,卖盘
1274,14:41:25,7.15,0.01,93,67146,买盘
1275,14:41:39,7.15,0.0,4,2860,卖盘
1276,14:42:01,7.15,0.0,4,2860,卖盘
1277,14:42:09,7.15,0.0,15,10074,卖盘
1278,14:42:15,7.15,0.0,15,10725,买盘
1279,14:42:18,7.15,0.0,20,14951,买盘
1280,14:42:24,7.14,-0.01,143,102160,卖盘
1281,14:42:39,7.15,0.01,14,10010,卖盘
1282,14:42:42,7.14,-0.01,10,7149,卖盘
1283,14:42:48,7.15,0.01,31,22165,买盘
1284,14:42:51,7.15,0.0,5,3575,买盘
1285,14:42:54,7.14,-0.01,284,202776,卖盘
1286,14:43:00,7.14,0.0,1,714,卖盘
1287,14:43:15,7.14,0.0,138,97882,卖盘
1288,14:43:18,7.13,-0.01,11,7853,卖盘
1289,14:43:21,7.14,0.01,64,45696,买盘
1290,14:43:34,7.14,0.0,50,35700,买盘
1291,14:43:39,7.13,-0.01,10,7130,卖盘
1292,14:43:45,7.14,0.01,41,29924,买盘
1293,14:43:48,7.14,0.0,8,5062,卖盘
1294,14:43:51,7.14,0.0,1,714,买盘
1295,14:43:54,7.14,0.0,90,64910,买盘
1296,14:44:09,7.14,0.0,30,21420,卖盘
1297,14:44:12,7.15,0.01,25,17875,买盘
1298,14:44:18,7.15,0.0,20,14300,买盘
1299,14:44:21,7.15,0.0,23,16445,买盘
1300,14:44:34,7.14,-0.01,5,3570,卖盘
1301,14:44:42,7.15,0.01,5,3575,中性盘
1302,14:44:45,7.14,-0.01,6,4289,卖盘
1303,14:44:48,7.15,0.01,6,4290,买盘
1304,14:44:57,7.15,0.0,15,10725,卖盘
1305,14:45:04,7.15,0.0,7,5005,买盘
1306,14:45:18,7.15,0.0,30,21450,买盘
1307,14:45:45,7.15,0.0,39,27885,买盘
1308,14:45:49,7.14,-0.01,11,7864,卖盘
1309,14:45:54,7.14,0.0,2,1428,卖盘
1310,14:45:57,7.14,0.0,201,143514,卖盘
1311,14:46:09,7.14,0.0,100,71400,卖盘
1312,14:46:12,7.14,0.0,99,70686,卖盘
1313,14:46:15,7.15,0.01,1,715,买盘
1314,14:46:18,7.14,-0.01,25,17200,卖盘
1315,14:46:21,7.14,0.0,8,5712,买盘
1316,14:46:27,7.13,-0.01,10,7130,卖盘
1317,14:46:30,7.14,0.01,34,24276,买盘
1318,14:46:33,7.13,-0.01,2,1426,卖盘
1319,14:46:36,7.13,0.0,42,29959,卖盘
1320,14:46:39,7.13,0.0,13,9269,卖盘
1321,14:46:48,7.14,0.01,17,12138,买盘
1322,14:46:54,7.13,-0.01,34,24273,卖盘
1323,14:47:00,7.13,0.0,40,28520,卖盘
1324,14:47:06,7.13,0.0,20,14260,卖盘
1325,14:47:18,7.14,0.01,1,714,买盘
1326,14:47:21,7.13,-0.01,40,28520,卖盘
1327,14:47:30,7.14,0.01,2,1428,买盘
1328,14:47:36,7.14,0.0,41,29924,买盘
1329,14:47:45,7.14,0.0,9,6426,卖盘
1330,14:47:48,7.14,0.0,22,15708,卖盘
1331,14:47:51,7.14,0.0,41,29274,卖盘
1332,14:48:00,7.15,0.01,2,1430,买盘
1333,14:48:09,7.14,-0.01,19,13566,卖盘
1334,14:48:21,7.14,0.0,68,48552,卖盘
1335,14:48:33,7.14,0.0,5,3570,卖盘
1336,14:48:36,7.14,0.0,78,55692,卖盘
1337,14:48:40,7.14,0.0,1,714,卖盘
1338,14:48:42,7.14,0.0,173,123522,卖盘
1339,14:48:48,7.14,0.0,29,20706,卖盘
1340,14:48:51,7.15,0.01,35,25025,买盘
1341,14:48:54,7.14,-0.01,2,1428,卖盘
1342,14:48:57,7.14,0.0,17,12138,卖盘
1343,14:49:09,7.14,0.0,38,27132,卖盘
1344,14:49:12,7.14,0.0,4,2856,卖盘
1345,14:49:24,7.14,0.0,23,16422,卖盘
1346,14:49:27,7.15,0.01,60,42870,买盘
1347,14:49:30,7.14,-0.01,20,14280,卖盘
1348,14:49:36,7.14,0.0,2,1428,卖盘
1349,14:49:39,7.14,0.0,13,9282,卖盘
1350,14:49:42,7.14,0.0,8,5712,卖盘
1351,14:49:45,7.14,0.0,104,74255,卖盘
1352,14:49:54,7.14,0.0,7,4998,买盘
1353,14:49:57,7.13,-0.01,1,713,卖盘
1354,14:50:04,7.14,0.01,8,5709,买盘
1355,14:50:06,7.13,-0.01,32,22828,卖盘
1356,14:50:12,7.13,0.0,22,15696,卖盘
1357,14:50:15,7.13,0.0,23,16399,卖盘
1358,14:50:18,7.14,0.01,13,9282,买盘
1359,14:50:39,7.13,-0.01,19,13547,卖盘
1360,14:50:42,7.13,0.0,1,713,卖盘
1361,14:50:45,7.13,0.0,203,144739,卖盘
1362,14:50:48,7.13,0.0,11,7844,卖盘
1363,14:51:00,7.13,0.0,15,10695,卖盘
1364,14:51:06,7.13,0.0,71,50623,卖盘
1365,14:51:12,7.13,0.0,9,6417,卖盘
1366,14:51:15,7.13,0.0,165,117645,卖盘
1367,14:51:21,7.13,0.0,185,131905,卖盘
1368,14:51:24,7.13,0.0,100,71300,卖盘
1369,14:51:30,7.13,0.0,51,36049,卖盘
1370,14:51:39,7.13,0.0,7,4991,买盘
1371,14:51:45,7.13,0.0,40,28520,买盘
1372,14:51:48,7.13,0.0,12,8554,买盘
1373,14:51:52,7.13,0.0,84,59845,买盘
1374,14:51:54,7.13,0.0,60,42730,买盘
1375,14:51:57,7.13,0.0,228,162564,买盘
1376,14:52:00,7.13,0.0,5,3879,买盘
1377,14:52:06,7.13,0.0,54,38506,卖盘
1378,14:52:09,7.13,0.0,10,7130,卖盘
1379,14:52:12,7.13,0.0,10,7130,卖盘
1380,14:52:15,7.13,0.0,128,91372,卖盘
1381,14:52:24,7.13,0.0,39,27807,卖盘
1382,14:52:42,7.13,0.0,15,10695,卖盘
1383,14:52:46,7.14,0.01,76,54252,买盘
1384,14:52:51,7.13,-0.01,147,104951,卖盘
1385,14:52:54,7.13,0.0,209,149060,卖盘
1386,14:53:06,7.13,0.0,70,49960,卖盘
1387,14:53:12,7.14,0.01,3,2142,买盘
1388,14:53:18,7.14,0.0,1,714,买盘
1389,14:53:31,7.13,-0.01,25,17830,卖盘
1390,14:53:37,7.14,0.01,28,19972,买盘
1391,14:53:39,7.14,0.0,53,37842,买盘
1392,14:53:45,7.14,0.0,27,19269,买盘
1393,14:53:48,7.13,-0.01,37,26381,卖盘
1394,14:53:54,7.13,0.0,10,7130,卖盘
1395,14:54:12,7.13,0.0,5,3565,卖盘
1396,14:54:15,7.13,0.0,21,14973,卖盘
1397,14:54:18,7.14,0.01,20,14280,买盘
1398,14:54:24,7.13,-0.01,45,32085,卖盘
1399,14:54:27,7.14,0.01,14,9986,买盘
1400,14:54:33,7.14,0.0,10,7140,买盘
1401,14:54:39,7.13,-0.01,372,265236,卖盘
1402,14:54:42,7.14,0.01,17,12135,买盘
1403,14:54:45,7.13,-0.01,27,19251,卖盘
1404,14:54:51,7.13,0.0,13,9269,卖盘
1405,14:54:57,7.13,0.0,287,204317,卖盘
1406,14:55:01,7.13,0.0,32,23130,买盘
1407,14:55:04,7.14,0.01,10,7140,买盘
1408,14:55:06,7.13,-0.01,18,12834,卖盘
1409,14:55:09,7.14,0.01,49,34942,买盘
1410,14:55:21,7.13,-0.01,306,218378,卖盘
1411,14:55:31,7.13,0.0,87,61717,卖盘
1412,14:55:34,7.12,-0.01,51,36362,卖盘
1413,14:55:36,7.13,0.01,32,22816,买盘
1414,14:55:39,7.12,-0.01,80,56960,卖盘
1415,14:55:42,7.13,0.01,18,12834,买盘
1416,14:55:45,7.13,0.0,91,65195,买盘
1417,14:55:51,7.13,0.0,5,3565,卖盘
1418,14:56:04,7.13,0.0,76,53874,卖盘
1419,14:56:06,7.13,0.0,11,7729,买盘
1420,14:56:09,7.14,0.01,10,7140,买盘
1421,14:56:12,7.13,-0.01,1,713,卖盘
1422,14:56:18,7.13,0.0,25,17825,卖盘
1423,14:56:24,7.13,0.0,70,50024,卖盘
1424,14:56:27,7.14,0.01,13,9163,买盘
1425,14:56:31,7.13,-0.01,10,7130,卖盘
1426,14:56:33,7.13,0.0,20,14260,卖盘
1427,14:56:36,7.13,0.0,99,70701,卖盘
1428,14:56:39,7.13,0.0,11,7729,买盘
1429,14:56:42,7.13,0.0,24,17114,卖盘
1430,14:56:48,7.13,0.0,16,11408,卖盘
1431,14:56:54,7.13,0.0,5,3565,卖盘
1432,14:57:00,7.13,0.0,22,15686,卖盘
1433,15:00:03,7.13,0.0,961,685193,卖盘
