,time,price,change,volume,amount,type
0,09:30:04,8.14,-0.02,8,6500,买盘
1,09:30:21,8.16,0.02,14,11424,卖盘
2,09:30:24,8.16,0.0,1,816,买盘
3,09:30:27,8.16,0.0,4,3264,买盘
4,09:31:04,8.16,0.0,7,5712,卖盘
5,09:31:06,8.16,0.0,1,816,卖盘
6,09:31:24,8.16,0.0,17,13872,买盘
7,09:31:37,8.16,0.0,10,8160,买盘
8,09:31:42,8.15,-0.01,9,7335,卖盘
9,09:31:45,8.15,0.0,43,35045,卖盘
10,09:32:00,8.14,-0.01,131,106634,卖盘
11,09:32:51,8.14,0.0,7,5698,卖盘
12,09:32:54,8.14,0.0,6,4884,买盘
13,09:33:00,8.14,0.0,1,814,卖盘
14,09:33:04,8.14,0.0,3,2442,卖盘
15,09:33:12,8.13,-0.01,18,14634,卖盘
16,09:33:18,8.13,0.0,10,8130,卖盘
17,09:33:33,8.13,0.0,4,3252,买盘
18,09:33:45,8.13,0.0,20,16260,买盘
19,09:33:48,8.13,0.0,256,208128,买盘
20,09:33:57,8.13,0.0,50,40650,卖盘
21,09:34:00,8.14,0.01,2,1628,买盘
22,09:34:16,8.14,0.0,4,3256,卖盘
23,09:34:21,8.13,-0.01,36,29283,卖盘
24,09:34:24,8.18,0.05,86,70348,买盘
25,09:35:13,8.14,-0.04,9,7326,卖盘
26,09:35:18,8.18,0.04,3,2454,买盘
27,09:35:54,8.15,-0.03,44,35860,卖盘
28,09:36:01,8.15,0.0,7,5707,卖盘
29,09:36:31,8.16,0.01,10,8160,买盘
30,09:36:34,8.16,0.0,8,6528,买盘
31,09:36:45,8.16,0.0,4,3264,买盘
32,09:36:51,8.16,0.0,4,3264,买盘
33,09:37:09,8.15,-0.01,19,15485,卖盘
34,09:37:16,8.17,0.02,103,84106,买盘
35,09:37:24,8.17,0.0,41,33497,卖盘
36,09:37:27,8.17,0.0,2,1634,卖盘
37,09:37:30,8.17,0.0,2,1634,卖盘
38,09:37:33,8.17,0.0,24,19608,卖盘
39,09:39:18,8.17,0.0,10,8170,买盘
40,09:40:48,8.17,0.0,4,3268,买盘
41,09:40:57,8.17,0.0,17,13889,买盘
42,09:41:06,8.17,0.0,3,2451,买盘
43,09:41:12,8.17,0.0,31,25327,买盘
44,09:41:24,8.17,0.0,5,4085,卖盘
45,09:41:33,8.17,0.0,2,1634,卖盘
46,09:41:39,8.17,0.0,4,3268,卖盘
47,09:41:42,8.17,0.0,7,5719,买盘
48,09:41:52,8.17,0.0,1,817,卖盘
49,09:41:54,8.17,0.0,5,4085,买盘
50,09:42:04,8.18,0.01,24,19632,买盘
51,09:42:12,8.16,-0.02,5,4080,卖盘
52,09:42:18,8.17,0.01,8,6536,买盘
53,09:42:57,8.16,-0.01,152,124032,卖盘
54,09:43:22,8.16,0.0,1,816,买盘
55,09:43:48,8.16,0.0,1,816,买盘
56,09:43:51,8.15,-0.01,68,55466,卖盘
57,09:43:54,8.16,0.01,1,816,买盘
58,09:44:30,8.17,0.01,3,2451,买盘
59,09:45:33,8.16,-0.01,1,816,卖盘
60,09:45:37,8.16,0.0,1,816,卖盘
61,09:45:39,8.16,0.0,3,2448,卖盘
62,09:46:42,8.16,0.0,140,114240,卖盘
63,09:46:48,8.16,0.0,12,9792,卖盘
64,09:46:58,8.16,0.0,1,816,卖盘
65,09:47:03,8.16,0.0,6,4896,卖盘
66,09:47:36,8.16,0.0,19,15504,买盘
67,09:47:45,8.15,-0.01,9,7336,卖盘
68,09:48:01,8.15,0.0,54,44010,卖盘
69,09:48:15,8.15,0.0,5,4075,卖盘
70,09:48:18,8.15,0.0,169,137735,卖盘
71,09:48:21,8.15,0.0,28,22820,卖盘
72,09:48:27,8.15,0.0,15,12225,卖盘
73,09:49:24,8.15,0.0,25,20375,卖盘
74,09:49:27,8.17,0.02,10,8170,买盘
75,09:49:30,8.15,-0.02,18,14670,卖盘
76,09:49:39,8.15,0.0,80,65200,卖盘
77,09:49:42,8.15,0.0,20,16300,买盘
78,09:49:45,8.15,0.0,6,4890,买盘
79,09:50:06,8.15,0.0,2,1630,卖盘
80,09:50:09,8.15,0.0,13,10595,卖盘
81,09:50:45,8.14,-0.01,14,11406,卖盘
82,09:50:52,8.14,0.0,9,7326,卖盘
83,09:51:00,8.14,0.0,12,9768,卖盘
84,09:51:21,8.14,0.0,61,49654,卖盘
85,09:51:39,8.15,0.01,34,27710,买盘
86,09:51:45,8.13,-0.02,102,82954,卖盘
87,09:52:36,8.13,0.0,10,8130,卖盘
88,09:52:51,8.13,0.0,2,1626,卖盘
89,09:52:57,8.13,0.0,15,12195,卖盘
90,09:53:00,8.13,0.0,8,6504,买盘
91,09:53:30,8.14,0.01,3,2442,买盘
92,09:54:18,8.14,0.0,4,3256,卖盘
93,09:54:21,8.15,0.01,6,4890,买盘
94,09:54:54,8.15,0.0,6,4890,卖盘
95,09:55:39,8.15,0.0,10,8150,卖盘
96,09:56:30,8.15,0.0,5,4075,买盘
97,09:58:04,8.15,0.0,31,25264,买盘
98,09:58:15,8.14,-0.01,2,1628,卖盘
99,09:58:27,8.14,0.0,13,10582,卖盘
100,09:58:30,8.14,0.0,86,70004,卖盘
101,09:58:36,8.14,0.0,9,7733,买盘
102,09:58:39,8.14,0.0,3,2035,卖盘
103,09:59:12,8.13,-0.01,81,65853,卖盘
104,09:59:54,8.13,0.0,5,4065,买盘
105,10:00:09,8.12,-0.01,31,25192,卖盘
106,10:00:48,8.12,0.0,9,7308,卖盘
107,10:01:06,8.12,0.0,20,16240,卖盘
108,10:01:09,8.12,0.0,7,5684,卖盘
109,10:01:15,8.13,0.01,2,1626,买盘
110,10:01:28,8.12,-0.01,50,40600,卖盘
111,10:01:36,8.12,0.0,48,38976,卖盘
112,10:01:51,8.12,0.0,22,17864,买盘
113,10:01:57,8.11,-0.01,1,811,卖盘
114,10:02:00,8.12,0.01,10,8120,买盘
115,10:02:10,8.11,-0.01,10,8110,卖盘
116,10:02:12,8.12,0.01,30,24360,买盘
117,10:02:36,8.12,0.0,24,19488,卖盘
118,10:03:09,8.12,0.0,307,249954,卖盘
119,10:03:27,8.13,0.01,2,1626,卖盘
120,10:03:48,8.12,-0.01,63,51156,卖盘
121,10:04:13,8.13,0.01,10,8130,买盘
122,10:04:27,8.13,0.0,4,3252,买盘
123,10:04:55,8.14,0.01,2,1628,中性盘
124,10:06:06,8.14,0.0,2,1628,卖盘
125,10:07:12,8.14,0.0,21,17094,卖盘
126,10:08:51,8.14,0.0,3,2442,卖盘
127,10:09:18,8.14,0.0,88,71632,卖盘
128,10:09:28,8.15,0.01,60,48870,买盘
129,10:10:28,8.13,-0.02,28,22764,卖盘
130,10:11:04,8.14,0.01,30,24420,买盘
131,10:11:09,8.13,-0.01,73,59349,卖盘
132,10:11:54,8.14,0.01,7,5698,买盘
133,10:13:51,8.14,0.0,3,2442,买盘
134,10:14:57,8.14,0.0,16,13024,买盘
135,10:16:27,8.13,-0.01,11,8943,卖盘
136,10:16:57,8.14,0.01,10,8140,买盘
137,10:17:24,8.13,-0.01,1,813,卖盘
138,10:17:57,8.13,0.0,9,7317,卖盘
139,10:18:18,8.13,0.0,18,14634,卖盘
140,10:18:42,8.14,0.01,2,1628,买盘
141,10:19:27,8.14,0.0,72,58608,买盘
142,10:20:00,8.14,0.0,49,39886,卖盘
143,10:20:33,8.14,0.0,23,18722,卖盘
144,10:21:06,8.15,0.01,4,3260,买盘
145,10:22:12,8.15,0.0,4,3260,买盘
146,10:22:15,8.14,-0.01,50,40700,卖盘
147,10:22:21,8.14,0.0,5,4070,卖盘
148,10:22:30,8.14,0.0,1,814,卖盘
149,10:22:58,8.15,0.01,14,11410,买盘
150,10:23:18,8.14,-0.01,31,25234,卖盘
151,10:23:39,8.13,-0.01,11,8943,卖盘
152,10:23:42,8.14,0.01,2,1628,买盘
153,10:23:54,8.13,-0.01,3,2439,卖盘
154,10:24:18,8.13,0.0,5,4065,卖盘
155,10:24:48,8.14,0.01,15,12210,买盘
156,10:25:15,8.14,0.0,4,3256,买盘
157,10:25:21,8.14,0.0,1,814,卖盘
158,10:25:27,8.14,0.0,5,4070,卖盘
159,10:25:42,8.13,-0.01,1,813,卖盘
160,10:26:06,8.13,0.0,30,24390,卖盘
161,10:26:51,8.13,0.0,18,14634,卖盘
162,10:27:12,8.12,-0.01,73,59332,卖盘
163,10:28:09,8.12,0.0,2,1624,卖盘
164,10:28:24,8.12,0.0,50,40600,卖盘
165,10:28:51,8.12,0.0,92,74704,卖盘
166,10:30:12,8.12,0.0,1,812,卖盘
167,10:30:45,8.12,0.0,19,15428,卖盘
168,10:32:00,8.13,0.01,17,13821,买盘
169,10:32:54,8.13,0.0,4,3252,卖盘
170,10:33:12,8.13,0.0,2,1626,卖盘
171,10:33:24,8.13,0.0,6,4878,卖盘
172,10:34:07,8.13,0.0,10,8130,卖盘
173,10:34:27,8.14,0.01,22,17908,买盘
174,10:36:12,8.13,-0.01,94,76422,卖盘
175,10:37:04,8.13,0.0,8,6504,卖盘
176,10:37:21,8.13,0.0,4,3252,卖盘
177,10:37:48,8.14,0.01,12,9768,买盘
178,10:38:12,8.13,-0.01,39,31707,卖盘
179,10:38:33,8.12,-0.01,1,812,卖盘
180,10:38:49,8.12,0.0,30,24360,卖盘
181,10:39:06,8.13,0.01,3,2439,买盘
182,10:39:48,8.13,0.0,13,10569,买盘
183,10:39:57,8.13,0.0,36,29268,买盘
184,10:40:06,8.14,0.01,1,814,买盘
185,10:40:18,8.12,-0.02,73,59294,卖盘
186,10:41:09,8.12,0.0,1,812,卖盘
187,10:41:48,8.13,0.01,29,23577,卖盘
188,10:42:12,8.13,0.0,21,17073,卖盘
189,10:42:36,8.13,0.0,4,3252,买盘
190,10:42:39,8.13,0.0,1,813,买盘
191,10:42:42,8.13,0.0,1,813,买盘
192,10:42:49,8.13,0.0,4,3252,买盘
193,10:42:51,8.13,0.0,1,813,买盘
194,10:42:55,8.13,0.0,14,11382,买盘
195,10:42:57,8.13,0.0,1,813,买盘
196,10:43:00,8.13,0.0,2,1626,买盘
197,10:43:04,8.13,0.0,3,2439,买盘
198,10:43:06,8.13,0.0,3,2439,买盘
199,10:43:09,8.13,0.0,3,2439,买盘
200,10:43:12,8.13,0.0,3,2439,买盘
201,10:43:15,8.13,0.0,1,813,买盘
202,10:43:18,8.13,0.0,3,2439,买盘
203,10:43:21,8.13,0.0,1,813,买盘
204,10:44:27,8.13,0.0,1,813,买盘
205,10:45:03,8.13,0.0,6,4878,买盘
206,10:45:09,8.12,-0.01,73,59276,卖盘
207,10:45:27,8.14,0.02,10,8140,买盘
208,10:45:51,8.14,0.0,28,22792,买盘
209,10:46:55,8.13,-0.01,13,10569,卖盘
210,10:48:48,8.13,0.0,2,1626,卖盘
211,10:48:51,8.13,0.0,1,813,卖盘
212,10:50:27,8.13,0.0,70,56910,卖盘
213,10:50:45,8.13,0.0,1,813,卖盘
214,10:51:28,8.13,0.0,10,8130,卖盘
215,10:52:09,8.14,0.01,10,8140,买盘
216,10:53:54,8.13,-0.01,14,11382,卖盘
217,10:54:51,8.13,0.0,2,1626,卖盘
218,10:55:00,8.13,0.0,11,8943,卖盘
219,10:55:30,8.12,-0.01,73,59322,卖盘
220,10:55:57,8.14,0.02,1,814,买盘
221,10:56:51,8.12,-0.02,17,13804,卖盘
222,11:00:06,8.12,0.0,73,59276,卖盘
223,11:01:21,8.13,0.01,3,2439,卖盘
224,11:01:31,8.13,0.0,4,3252,卖盘
225,11:01:33,8.13,0.0,19,15447,买盘
226,11:01:36,8.13,0.0,7,5691,买盘
227,11:01:39,8.14,0.01,9,7319,买盘
228,11:01:43,8.14,0.0,6,4884,买盘
229,11:01:45,8.14,0.0,9,7326,买盘
230,11:01:48,8.14,0.0,4,3256,买盘
231,11:01:51,8.13,-0.01,5,4067,卖盘
232,11:01:54,8.14,0.01,10,8140,买盘
233,11:01:57,8.14,0.0,8,6512,买盘
234,11:02:00,8.14,0.0,6,4884,买盘
235,11:02:15,8.14,0.0,2,1628,买盘
236,11:02:18,8.14,0.0,3,2442,买盘
237,11:03:12,8.13,-0.01,6,4878,卖盘
238,11:04:24,8.13,0.0,41,33333,卖盘
239,11:04:45,8.13,0.0,10,8130,卖盘
240,11:05:12,8.14,0.01,62,50468,买盘
241,11:05:30,8.14,0.0,1,814,买盘
242,11:05:37,8.14,0.0,3,2442,买盘
243,11:06:54,8.14,0.0,4,3256,买盘
244,11:06:57,8.14,0.0,13,10582,买盘
245,11:07:01,8.15,0.01,4,3260,买盘
246,11:07:04,8.15,0.0,10,8150,买盘
247,11:07:06,8.15,0.0,13,10595,买盘
248,11:07:09,8.15,0.0,6,4890,买盘
249,11:07:12,8.15,0.0,8,6520,买盘
250,11:08:06,8.14,-0.01,50,40700,卖盘
251,11:08:21,8.14,0.0,20,16280,卖盘
252,11:09:15,8.15,0.01,5,4075,买盘
253,11:09:34,8.15,0.0,44,35860,买盘
254,11:09:39,8.14,-0.01,3,2442,卖盘
255,11:09:42,8.15,0.01,45,36675,买盘
256,11:09:54,8.16,0.01,33,26928,买盘
257,11:10:06,8.15,-0.01,50,40750,卖盘
258,11:10:12,8.16,0.01,40,32640,买盘
259,11:10:21,8.16,0.0,35,28560,买盘
260,11:10:30,8.16,0.0,97,79102,买盘
261,11:10:39,8.16,0.0,40,32640,买盘
262,11:10:45,8.16,0.0,40,32640,买盘
263,11:10:57,8.18,0.02,60,48970,买盘
264,11:11:09,8.18,0.0,5,4090,买盘
265,11:11:58,8.17,-0.01,10,8170,卖盘
266,11:12:03,8.17,0.0,21,17157,卖盘
267,11:13:15,8.16,-0.01,163,133008,卖盘
268,11:13:36,8.16,0.0,3,2448,买盘
269,11:14:30,8.16,0.0,48,39168,买盘
270,11:14:36,8.15,-0.01,147,119805,卖盘
271,11:15:10,8.15,0.0,9,7335,卖盘
272,11:15:12,8.15,0.0,51,41565,卖盘
273,11:16:36,8.15,0.0,99,80685,卖盘
274,11:17:06,8.17,0.02,5,4085,买盘
275,11:17:45,8.17,0.0,80,65360,买盘
276,11:18:39,8.14,-0.03,30,24440,卖盘
277,11:18:52,8.14,0.0,50,40700,卖盘
278,11:19:10,8.17,0.03,5,4085,买盘
279,11:19:48,8.17,0.0,7,5719,买盘
280,11:19:54,8.16,-0.01,20,16320,卖盘
281,11:20:00,8.17,0.01,7,5719,买盘
282,11:20:09,8.17,0.0,5,4085,买盘
283,11:20:34,8.16,-0.01,20,16320,卖盘
284,11:21:18,8.17,0.01,5,4085,买盘
285,11:21:27,8.16,-0.01,10,8160,卖盘
286,11:21:45,8.16,0.0,9,7344,买盘
287,11:21:57,8.17,0.01,5,4085,买盘
288,11:22:04,8.17,0.0,74,60458,买盘
289,11:22:18,8.16,-0.01,12,9792,卖盘
290,11:22:21,8.17,0.01,74,60458,买盘
291,11:23:06,8.16,-0.01,48,39168,卖盘
292,11:23:09,8.17,0.01,7,5719,买盘
293,11:24:43,8.17,0.0,50,40850,买盘
294,11:24:57,8.17,0.0,46,37582,买盘
295,11:25:54,8.17,0.0,5,4085,买盘
296,11:26:33,8.16,-0.01,3,2448,卖盘
297,11:26:42,8.17,0.01,8,6536,买盘
298,11:27:12,8.16,-0.01,17,13886,卖盘
299,11:28:00,8.17,0.01,8,6529,买盘
300,11:28:45,8.16,-0.01,10,8160,买盘
301,11:29:03,8.16,0.0,13,10608,卖盘
302,11:29:30,8.16,0.0,8,6528,买盘
303,11:29:45,8.17,0.01,80,65281,买盘
304,13:00:04,8.18,0.01,322,263264,买盘
305,13:00:09,8.18,0.0,10,8180,卖盘
306,13:00:57,8.18,0.0,48,39264,卖盘
307,13:01:39,8.17,-0.01,60,49020,卖盘
308,13:01:48,8.17,0.0,6,4902,卖盘
309,13:01:54,8.17,0.0,9,7353,卖盘
310,13:02:00,8.18,0.01,22,17975,买盘
311,13:04:36,8.17,-0.01,24,19608,买盘
312,13:05:33,8.17,0.0,23,18791,买盘
313,13:06:15,8.16,-0.01,23,18768,卖盘
314,13:06:36,8.16,0.0,5,4080,卖盘
315,13:07:27,8.16,0.0,2,1224,卖盘
316,13:09:21,8.16,0.0,160,130968,卖盘
317,13:10:06,8.16,0.0,22,17952,买盘
318,13:11:24,8.16,0.0,9,7344,买盘
319,13:11:33,8.16,0.0,22,17544,买盘
320,13:12:09,8.16,0.0,8,6528,卖盘
321,13:13:12,8.16,0.0,30,24480,卖盘
322,13:13:15,8.16,0.0,12,9792,卖盘
323,13:14:30,8.16,0.0,5,4080,卖盘
324,13:14:33,8.16,0.0,10,8160,卖盘
325,13:15:24,8.17,0.01,20,16340,买盘
326,13:17:00,8.16,-0.01,63,51408,卖盘
327,13:18:12,8.17,0.01,5,4085,买盘
328,13:18:27,8.17,0.0,10,8170,买盘
329,13:19:57,8.17,0.0,9,7353,买盘
330,13:20:12,8.16,-0.01,10,8160,卖盘
331,13:20:42,8.16,0.0,7,5712,卖盘
332,13:20:57,8.16,0.0,17,13872,卖盘
333,13:21:42,8.16,0.0,20,16320,卖盘
334,13:21:57,8.16,0.0,20,16320,卖盘
335,13:22:42,8.16,0.0,10,8160,卖盘
336,13:22:57,8.16,0.0,43,35088,卖盘
337,13:23:09,8.16,0.0,5,4080,卖盘
338,13:23:42,8.16,0.0,11,9384,卖盘
339,13:24:54,8.16,0.0,6,4896,买盘
340,13:24:57,8.15,-0.01,93,75795,卖盘
341,13:26:54,8.16,0.01,30,24072,买盘
342,13:27:39,8.16,0.0,2,1632,卖盘
343,13:28:04,8.16,0.0,4,3672,卖盘
344,13:29:03,8.17,0.01,446,363783,买盘
345,13:29:27,8.17,0.0,4,3268,卖盘
346,13:29:30,8.18,0.01,2,1636,买盘
347,13:29:39,8.18,0.0,91,74418,买盘
348,13:30:09,8.17,-0.01,62,50654,卖盘
349,13:30:12,8.17,0.0,1,817,卖盘
350,13:30:39,8.17,0.0,55,45344,卖盘
351,13:31:51,8.17,0.0,40,32680,买盘
352,13:33:36,8.17,0.0,159,129903,买盘
353,13:33:39,8.17,0.0,12,9804,买盘
354,13:34:30,8.16,-0.01,20,16320,卖盘
355,13:34:36,8.15,-0.01,74,60321,卖盘
356,13:37:12,8.15,0.0,9,7335,卖盘
357,13:37:33,8.15,0.0,15,12225,卖盘
358,13:38:39,8.16,0.01,4,3264,卖盘
359,13:39:27,8.17,0.01,13,10621,买盘
360,13:40:21,8.16,-0.01,30,24480,卖盘
361,13:41:24,8.17,0.01,50,40850,买盘
362,13:41:57,8.17,0.0,52,42484,买盘
363,13:42:21,8.16,-0.01,20,16320,卖盘
364,13:42:39,8.16,0.0,7,5712,卖盘
365,13:42:51,8.17,0.01,5,4085,买盘
366,13:43:04,8.17,0.0,5,3676,买盘
367,13:43:18,8.17,0.0,3,2860,卖盘
368,13:43:33,8.17,0.0,6,4902,买盘
369,13:44:04,8.17,0.0,17,13889,买盘
370,13:44:12,8.17,0.0,20,16340,买盘
371,13:44:33,8.16,-0.01,10,8160,卖盘
372,13:44:36,8.16,0.0,14,11424,卖盘
373,13:46:48,8.17,0.01,14,11438,买盘
374,13:47:42,8.16,-0.01,120,97920,卖盘
375,13:48:27,8.16,0.0,36,29376,卖盘
376,13:48:33,8.16,0.0,20,16320,卖盘
377,13:49:21,8.16,0.0,57,46512,卖盘
378,13:49:24,8.16,0.0,7,5712,卖盘
379,13:49:57,8.17,0.01,1,817,买盘
380,13:51:21,8.16,-0.01,20,16320,卖盘
381,13:52:04,8.16,0.0,22,17952,卖盘
382,13:53:21,8.16,0.0,1,816,买盘
383,13:55:45,8.16,0.0,10,8160,买盘
384,13:56:04,8.16,0.0,5,4080,买盘
385,13:56:09,8.15,-0.01,26,21190,卖盘
386,13:56:51,8.16,0.01,5,4080,买盘
387,13:57:36,8.16,0.0,55,44880,买盘
388,13:57:49,8.15,-0.01,18,14670,卖盘
389,13:58:51,8.17,0.02,56,45732,买盘
390,14:00:04,8.16,-0.01,7,5712,卖盘
391,14:01:39,8.16,0.0,24,19584,买盘
392,14:02:33,8.16,0.0,50,40800,卖盘
393,14:02:36,8.16,0.0,8,6528,买盘
394,14:03:24,8.16,0.0,8,6528,卖盘
395,14:04:24,8.16,0.0,5,4080,买盘
396,14:04:33,8.16,0.0,10,8160,卖盘
397,14:04:48,8.17,0.01,1,817,买盘
398,14:05:15,8.16,-0.01,100,81600,卖盘
399,14:05:18,8.16,0.0,59,48144,卖盘
400,14:05:24,8.16,0.0,3,2448,卖盘
401,14:05:27,8.16,0.0,11,8976,卖盘
402,14:05:30,8.16,0.0,31,24888,卖盘
403,14:05:34,8.17,0.01,100,81700,买盘
404,14:05:54,8.16,-0.01,1,816,卖盘
405,14:06:09,8.16,0.0,106,86496,卖盘
406,14:06:30,8.16,0.0,2,1632,卖盘
407,14:06:39,8.16,0.0,20,16320,卖盘
408,14:06:45,8.16,0.0,167,136680,卖盘
409,14:07:04,8.15,-0.01,18,14670,卖盘
410,14:07:28,8.15,0.0,100,81500,卖盘
411,14:07:42,8.15,0.0,15,12225,卖盘
412,14:07:45,8.15,0.0,57,46455,卖盘
413,14:07:51,8.15,0.0,45,36675,卖盘
414,14:07:57,8.14,-0.01,60,48840,卖盘
415,14:08:00,8.14,0.0,26,21164,卖盘
416,14:08:04,8.14,0.0,100,81400,卖盘
417,14:08:18,8.14,0.0,20,16280,卖盘
418,14:08:34,8.14,0.0,1,814,卖盘
419,14:09:01,8.14,0.0,44,35816,卖盘
420,14:09:21,8.14,0.0,10,8140,卖盘
421,14:09:33,8.15,0.01,10,8150,买盘
422,14:09:36,8.14,-0.01,16,13024,卖盘
423,14:10:12,8.14,0.0,12,9768,卖盘
424,14:11:54,8.13,-0.01,10,8130,卖盘
425,14:12:18,8.13,0.0,83,67479,卖盘
426,14:12:27,8.13,0.0,5,4065,卖盘
427,14:12:30,8.13,0.0,10,8130,买盘
428,14:13:07,8.13,0.0,15,12195,买盘
429,14:13:45,8.12,-0.01,23,18676,卖盘
430,14:14:27,8.13,0.01,14,11382,卖盘
431,14:14:42,8.13,0.0,10,8130,买盘
432,14:14:54,8.13,0.0,19,15447,买盘
433,14:15:00,8.13,0.0,10,8130,买盘
434,14:15:12,8.13,0.0,3,2439,买盘
435,14:15:42,8.14,0.01,40,32560,买盘
436,14:17:45,8.15,0.01,2,1630,买盘
437,14:17:51,8.14,-0.01,6,4884,卖盘
438,14:18:45,8.14,0.0,4,3256,卖盘
439,14:18:48,8.14,0.0,25,20326,卖盘
440,14:18:51,8.14,0.0,32,26072,买盘
441,14:19:00,8.14,0.0,4,3232,卖盘
442,14:19:42,8.13,-0.01,70,56910,卖盘
443,14:19:51,8.14,0.01,2,1628,买盘
444,14:20:27,8.13,-0.01,80,65040,卖盘
445,14:20:39,8.13,0.0,35,28453,买盘
446,14:21:21,8.13,0.0,11,8943,卖盘
447,14:21:42,8.13,0.0,3,2439,卖盘
448,14:21:46,8.13,0.0,27,21951,卖盘
449,14:21:54,8.13,0.0,23,18699,卖盘
450,14:22:18,8.14,0.01,1,814,买盘
451,14:22:24,8.13,-0.01,31,25195,卖盘
452,14:23:12,8.12,-0.01,10,8120,卖盘
453,14:23:39,8.12,0.0,12,9744,卖盘
454,14:23:57,8.13,0.01,30,24390,买盘
455,14:24:00,8.12,-0.01,10,8120,卖盘
456,14:24:33,8.12,0.0,10,8120,卖盘
457,14:25:42,8.13,0.01,2,1626,买盘
458,14:25:45,8.12,-0.01,10,8120,卖盘
459,14:25:51,8.12,0.0,4,3248,卖盘
460,14:26:00,8.13,0.01,3,2447,买盘
461,14:26:12,8.13,0.0,4,3252,卖盘
462,14:26:16,8.13,0.0,2,1626,卖盘
463,14:27:03,8.13,0.0,20,16260,卖盘
464,14:27:30,8.13,0.0,2,1626,卖盘
465,14:28:04,8.13,0.0,1,813,卖盘
466,14:28:28,8.14,0.01,5,4070,买盘
467,14:29:39,8.13,-0.01,1,813,卖盘
468,14:29:48,8.14,0.01,1,814,买盘
469,14:29:51,8.14,0.0,7,5698,买盘
470,14:30:36,8.13,-0.01,1,813,卖盘
471,14:31:00,8.13,0.0,5,4065,卖盘
472,14:31:36,8.14,0.01,7,5698,买盘
473,14:32:04,8.14,0.0,20,16288,买盘
474,14:32:52,8.13,-0.01,69,56097,卖盘
475,14:33:03,8.13,0.0,14,11382,卖盘
476,14:33:21,8.13,0.0,58,47154,卖盘
477,14:33:30,8.13,0.0,40,32520,卖盘
478,14:33:40,8.13,0.0,3,2439,卖盘
479,14:33:55,8.13,0.0,17,13821,卖盘
480,14:34:00,8.13,0.0,23,18699,卖盘
481,14:34:09,8.13,0.0,3,2415,卖盘
482,14:34:24,8.13,0.0,18,14658,买盘
483,14:34:54,8.13,0.0,4,3228,卖盘
484,14:35:06,8.13,0.0,6,4902,买盘
485,14:35:09,8.13,0.0,8,6480,卖盘
486,14:36:12,8.13,0.0,16,13008,买盘
487,14:36:42,8.12,-0.01,2,1218,卖盘
488,14:36:54,8.12,0.0,12,9744,卖盘
489,14:37:09,8.12,0.0,20,16240,卖盘
490,14:37:30,8.12,0.0,30,24360,卖盘
491,14:37:48,8.12,0.0,1,812,卖盘
492,14:38:00,8.12,0.0,19,15452,卖盘
493,14:38:04,8.12,0.0,24,19488,卖盘
494,14:38:33,8.13,0.01,3,2439,买盘
495,14:38:48,8.13,0.0,5,4065,买盘
496,14:39:00,8.13,0.0,52,42276,买盘
497,14:39:09,8.13,0.0,3,2439,买盘
498,14:39:24,8.13,0.0,1,813,买盘
499,14:39:33,8.12,-0.01,10,8120,卖盘
500,14:40:04,8.12,0.0,37,30044,卖盘
501,14:40:15,8.12,0.0,3,2436,卖盘
502,14:40:18,8.12,0.0,34,28014,卖盘
503,14:41:15,8.12,0.0,10,8120,卖盘
504,14:41:19,8.12,0.0,8,6496,卖盘
505,14:41:22,8.12,0.0,20,16240,卖盘
506,14:41:25,8.12,0.0,45,36540,卖盘
507,14:41:34,8.12,0.0,53,43036,卖盘
508,14:41:39,8.12,0.0,48,38538,卖盘
509,14:41:51,8.12,0.0,30,24360,买盘
510,14:41:57,8.11,0.0,1,811,卖盘
511,14:42:07,8.11,0.0,9,7299,卖盘
512,14:42:16,8.11,0.0,30,24330,卖盘
513,14:42:18,8.11,0.0,5,4055,卖盘
514,14:42:24,8.11,0.0,43,34873,卖盘
515,14:42:48,8.11,0.0,169,137059,卖盘
516,14:43:28,8.11,0.0,33,26763,卖盘
517,14:43:48,8.11,0.0,56,45416,卖盘
518,14:44:12,8.12,0.01,53,43036,买盘
519,14:44:18,8.11,-0.01,3,2433,卖盘
520,14:44:24,8.12,0.01,2,1624,买盘
521,14:44:39,8.11,-0.01,7,5677,卖盘
522,14:45:12,8.11,0.0,14,11354,卖盘
523,14:45:21,8.12,0.01,2,1624,买盘
524,14:45:27,8.12,0.0,20,16240,买盘
525,14:45:30,8.12,0.0,50,40600,买盘
526,14:45:36,8.12,0.0,6,4872,买盘
527,14:45:39,8.12,0.0,2,1624,买盘
528,14:45:45,8.11,-0.01,5,4055,卖盘
529,14:45:57,8.12,0.01,20,16240,买盘
530,14:46:06,8.12,0.0,10,8120,买盘
531,14:46:15,8.12,0.0,10,8120,买盘
532,14:46:18,8.11,-0.01,12,9732,卖盘
533,14:46:21,8.12,0.01,20,16240,买盘
534,14:46:36,8.12,0.0,2,1624,买盘
535,14:46:57,8.12,0.0,20,16240,买盘
536,14:47:30,8.12,0.0,17,13804,买盘
537,14:47:33,8.12,0.0,10,8120,买盘
538,14:47:45,8.12,0.0,100,81200,买盘
539,14:47:51,8.12,0.0,50,40600,买盘
540,14:48:07,8.12,0.0,44,35728,买盘
541,14:48:10,8.11,-0.01,1,811,卖盘
542,14:48:16,8.11,0.0,110,89310,卖盘
543,14:48:21,8.12,0.01,48,39423,买盘
544,14:48:30,8.13,0.01,80,65040,买盘
545,14:48:40,8.13,0.0,51,41463,买盘
546,14:48:51,8.13,0.0,21,17073,买盘
547,14:48:57,8.13,0.0,27,21975,买盘
548,14:49:09,8.14,0.01,10,8140,买盘
549,14:49:15,8.13,-0.01,24,19488,卖盘
550,14:49:27,8.13,0.0,1,813,买盘
551,14:49:30,8.13,0.0,10,8130,买盘
552,14:49:33,8.13,0.0,15,12195,买盘
553,14:49:36,8.12,-0.01,30,24360,卖盘
554,14:49:39,8.13,0.01,3,2463,买盘
555,14:49:42,8.13,0.0,7,5667,卖盘
556,14:49:48,8.14,0.01,20,16280,买盘
557,14:50:12,8.14,0.0,20,16280,买盘
558,14:50:42,8.14,0.0,14,11396,买盘
559,14:50:45,8.13,-0.01,21,17073,卖盘
560,14:50:51,8.14,0.01,11,8954,买盘
561,14:51:01,8.13,-0.01,17,13821,卖盘
562,14:51:12,8.13,0.0,40,32520,买盘
563,14:51:21,8.13,0.0,37,30103,卖盘
564,14:51:27,8.14,0.01,41,33374,买盘
565,14:51:33,8.13,-0.01,20,16260,卖盘
566,14:51:42,8.13,0.0,5,4065,卖盘
567,14:51:49,8.14,0.01,33,26857,买盘
568,14:52:00,8.14,0.0,50,40700,买盘
569,14:52:09,8.13,-0.01,9,7317,卖盘
570,14:52:12,8.14,0.01,40,32560,买盘
571,14:52:25,8.14,0.0,11,8954,买盘
572,14:52:39,8.14,0.0,11,8954,买盘
573,14:52:57,8.14,0.0,6,4884,买盘
574,14:53:04,8.14,0.0,45,36600,买盘
575,14:53:13,8.13,-0.01,70,56570,卖盘
576,14:53:18,8.14,0.01,6,4880,买盘
577,14:53:21,8.13,-0.01,22,17900,卖盘
578,14:53:27,8.15,0.02,10,8144,买盘
579,14:53:37,8.14,-0.01,22,17908,卖盘
580,14:53:42,8.14,0.0,50,40700,买盘
581,14:53:48,8.14,0.0,8,6512,买盘
582,14:53:54,8.14,0.0,40,32560,卖盘
583,14:53:57,8.14,0.0,57,46398,卖盘
584,14:54:06,8.15,0.01,10,8145,买盘
585,14:54:18,8.15,0.0,10,8150,买盘
586,14:54:31,8.15,0.0,22,17930,买盘
587,14:54:36,8.15,0.0,2,1630,买盘
588,14:54:45,8.15,0.0,12,9780,买盘
589,14:54:48,8.15,0.0,15,12225,买盘
590,14:54:51,8.15,0.0,16,13040,买盘
591,14:55:04,8.15,0.0,52,42380,买盘
592,14:55:18,8.15,0.0,4,3260,买盘
593,14:55:21,8.15,0.0,32,26080,买盘
594,14:55:27,8.15,0.0,26,21190,买盘
595,14:55:34,8.15,0.0,51,41565,买盘
596,14:55:37,8.14,-0.01,1,814,卖盘
597,14:55:45,8.15,0.01,20,16300,买盘
598,14:55:48,8.15,0.0,11,8965,卖盘
599,14:55:57,8.15,0.0,31,25265,买盘
600,14:56:06,8.15,0.0,69,56235,买盘
601,14:56:12,8.16,0.01,100,81600,买盘
602,14:56:15,8.16,0.0,27,22006,买盘
603,14:56:21,8.16,0.0,50,40800,买盘
604,14:56:28,8.16,0.0,101,82416,买盘
605,14:56:30,8.16,0.0,59,48144,买盘
606,14:56:37,8.16,0.0,31,25296,卖盘
607,14:56:40,8.17,0.01,32,26144,买盘
608,14:56:45,8.17,0.0,8,6531,买盘
609,14:56:51,8.17,0.0,71,58007,买盘
610,14:56:57,8.17,0.0,22,17984,卖盘
611,14:57:00,8.18,0.01,28,22886,买盘
612,15:00:04,8.18,0.0,647,529851,卖盘
