,time,price,change,volume,amount,type
0,09:25:04,8.83,-0.2,2280,2013240,卖盘
1,09:30:00,8.82,-0.01,3,2646,卖盘
2,09:30:03,8.8,-0.02,1173,1031356,卖盘
3,09:30:06,8.75,-0.05,217,190355,卖盘
4,09:30:09,8.77,0.02,71,62190,买盘
5,09:30:13,8.77,0.0,9,7893,买盘
6,09:30:15,8.76,-0.01,143,125440,卖盘
7,09:30:18,8.78,0.02,45,39490,中性盘
8,09:30:21,8.78,0.0,130,114056,买盘
9,09:30:24,8.78,0.0,33,28962,买盘
10,09:30:27,8.76,-0.02,361,316564,卖盘
11,09:30:30,8.77,0.01,80,70210,中性盘
12,09:30:33,8.76,-0.01,191,167342,卖盘
13,09:30:36,8.76,0.0,101,88524,卖盘
14,09:30:39,8.77,0.01,340,297849,买盘
15,09:30:42,8.76,-0.01,289,253206,卖盘
16,09:30:45,8.76,0.0,86,75321,买盘
17,09:30:48,8.76,0.0,22,19252,买盘
18,09:30:51,8.74,-0.02,14,12236,卖盘
19,09:30:54,8.74,0.0,43,37582,卖盘
20,09:30:57,8.74,0.0,16,13984,买盘
21,09:31:00,8.73,-0.01,198,173068,卖盘
22,09:31:03,8.72,-0.01,102,89045,卖盘
23,09:31:06,8.73,0.01,14,12222,买盘
24,09:31:10,8.72,-0.01,218,190206,卖盘
25,09:31:12,8.72,0.0,221,192655,卖盘
26,09:31:15,8.72,0.0,99,86249,买盘
27,09:31:18,8.72,0.0,126,109819,买盘
28,09:31:21,8.7,-0.02,87,75700,卖盘
29,09:31:24,8.71,0.01,90,78363,买盘
30,09:31:27,8.71,0.0,78,67917,买盘
31,09:31:30,8.7,-0.01,252,219388,卖盘
32,09:31:33,8.72,0.02,360,313798,买盘
33,09:31:36,8.72,0.0,323,281324,买盘
34,09:31:39,8.72,0.0,149,129863,买盘
35,09:31:42,8.72,0.0,91,79435,卖盘
36,09:31:45,8.72,0.0,72,62794,卖盘
37,09:31:48,8.72,0.0,65,56657,买盘
38,09:31:51,8.73,0.01,96,84196,买盘
39,09:31:54,8.72,-0.01,39,34018,卖盘
40,09:31:57,8.73,0.01,72,62818,中性盘
41,09:32:00,8.74,0.01,50,43700,买盘
42,09:32:04,8.75,0.01,107,93593,买盘
43,09:32:06,8.75,0.0,27,23625,卖盘
44,09:32:09,8.75,0.0,22,19263,卖盘
45,09:32:12,8.75,0.0,79,69100,买盘
46,09:32:15,8.75,0.0,57,49873,买盘
47,09:32:18,8.75,0.0,25,21875,买盘
48,09:32:21,8.75,0.0,33,28873,买盘
49,09:32:24,8.76,0.01,405,354770,买盘
50,09:32:27,8.77,0.01,11,9647,买盘
51,09:32:30,8.76,-0.01,163,142942,卖盘
52,09:32:33,8.78,0.02,4,3512,买盘
53,09:32:36,8.76,-0.02,548,480887,卖盘
54,09:32:39,8.77,0.01,60,52606,买盘
55,09:32:42,8.77,0.0,5,4385,买盘
56,09:32:45,8.76,-0.01,2,1752,卖盘
57,09:32:48,8.77,0.01,60,52620,买盘
58,09:32:51,8.76,-0.01,58,50811,卖盘
59,09:32:54,8.76,0.0,174,152448,卖盘
60,09:32:57,8.76,0.0,40,35040,买盘
61,09:33:00,8.76,0.0,149,130524,买盘
62,09:33:03,8.76,0.0,120,105124,买盘
63,09:33:06,8.77,0.01,33,28941,买盘
64,09:33:09,8.8,0.03,45,39507,买盘
65,09:33:12,8.8,0.0,29,25485,买盘
66,09:33:15,8.8,0.0,18,15840,买盘
67,09:33:21,8.8,0.0,20,17595,买盘
68,09:33:24,8.8,0.0,105,92400,买盘
69,09:33:27,8.8,0.0,77,67760,卖盘
70,09:33:33,8.81,0.01,67,59027,买盘
71,09:33:36,8.81,0.0,26,22906,买盘
72,09:33:39,8.82,0.01,444,391464,买盘
73,09:33:42,8.8,-0.02,211,185870,卖盘
74,09:33:45,8.82,0.02,115,101425,买盘
75,09:33:48,8.82,0.0,3,2646,买盘
76,09:33:51,8.82,0.0,61,53802,买盘
77,09:33:54,8.8,-0.02,395,347643,卖盘
78,09:33:57,8.8,0.0,7,6160,买盘
79,09:34:00,8.8,0.0,143,125854,卖盘
80,09:34:03,8.8,0.0,33,29040,买盘
81,09:34:06,8.81,0.01,44,38722,买盘
82,09:34:10,8.8,-0.01,115,101200,卖盘
83,09:34:12,8.8,0.0,17,14960,买盘
84,09:34:15,8.8,0.0,62,54560,买盘
85,09:34:18,8.81,0.01,98,86327,买盘
86,09:34:21,8.81,0.0,6,5286,卖盘
87,09:34:24,8.81,0.0,23,20263,卖盘
88,09:34:27,8.8,-0.01,231,203244,卖盘
89,09:34:31,8.79,-0.01,117,102859,卖盘
90,09:34:33,8.79,0.0,7,6152,买盘
91,09:34:36,8.79,0.0,53,46572,买盘
92,09:34:39,8.78,-0.01,30,26320,中性盘
93,09:34:42,8.77,-0.01,84,73771,卖盘
94,09:34:45,8.78,0.01,50,43900,中性盘
95,09:34:48,8.77,-0.01,73,64021,卖盘
96,09:34:51,8.77,0.0,105,92085,卖盘
97,09:34:54,8.8,0.03,767,674137,买盘
98,09:34:57,8.78,-0.02,60,52646,卖盘
99,09:35:00,8.78,0.0,49,43022,卖盘
100,09:35:04,8.77,-0.01,486,427245,卖盘
101,09:35:06,8.78,0.01,5,4390,买盘
102,09:35:09,8.78,0.0,12,10536,买盘
103,09:35:12,8.77,-0.01,8,7016,卖盘
104,09:35:15,8.78,0.01,308,270414,买盘
105,09:35:18,8.8,0.02,153,134628,买盘
106,09:35:21,8.81,0.01,63,55383,买盘
107,09:35:24,8.81,0.0,54,47558,买盘
108,09:35:27,8.8,-0.01,46,40501,卖盘
109,09:35:30,8.8,0.0,25,22011,卖盘
110,09:35:33,8.81,0.01,17,14977,卖盘
111,09:35:36,8.81,0.0,17,14977,卖盘
112,09:35:39,8.8,-0.01,107,94470,卖盘
113,09:35:42,8.82,0.02,6,5291,买盘
114,09:35:45,8.85,0.03,11,9711,买盘
115,09:35:48,8.8,-0.05,24,21162,卖盘
116,09:35:51,8.8,0.0,15,13220,卖盘
117,09:35:54,8.81,0.01,18,15845,中性盘
118,09:35:57,8.82,0.01,8,7051,买盘
119,09:36:00,8.82,0.0,63,55558,买盘
120,09:36:04,8.81,-0.01,14,12336,卖盘
121,09:36:06,8.82,0.01,77,67887,买盘
122,09:36:09,8.82,0.0,50,44089,买盘
123,09:36:12,8.82,0.0,54,47628,买盘
124,09:36:15,8.82,0.0,27,23824,卖盘
125,09:36:18,8.82,0.0,21,18524,卖盘
126,09:36:21,8.83,0.01,10,8830,卖盘
127,09:36:24,8.83,0.0,79,69805,卖盘
128,09:36:27,8.84,0.01,4,3536,买盘
129,09:36:30,8.83,-0.01,31,27394,卖盘
130,09:36:33,8.83,0.0,1,883,买盘
131,09:36:36,8.83,0.0,20,17660,买盘
132,09:36:39,8.83,0.0,50,44101,买盘
133,09:36:42,8.83,0.0,22,19426,买盘
134,09:36:45,8.82,-0.01,143,126139,卖盘
135,09:36:48,8.83,0.01,21,18533,买盘
136,09:36:51,8.83,0.0,155,136774,买盘
137,09:36:54,8.82,-0.01,162,142894,卖盘
138,09:36:57,8.83,0.01,35,30881,买盘
139,09:37:00,8.82,-0.01,10,8820,卖盘
140,09:37:04,8.82,0.0,320,282539,中性盘
141,09:37:09,8.82,0.0,8,7055,买盘
142,09:37:15,8.81,-0.01,23,20264,卖盘
143,09:37:18,8.81,0.0,34,29954,卖盘
144,09:37:21,8.82,0.01,21,18503,买盘
145,09:37:24,8.81,-0.01,27,23787,卖盘
146,09:37:27,8.82,0.01,155,136680,买盘
147,09:37:30,8.82,0.0,62,54684,卖盘
148,09:37:33,8.83,0.01,1,883,买盘
149,09:37:36,8.82,-0.01,58,51174,卖盘
150,09:37:39,8.82,0.0,28,24709,卖盘
151,09:37:45,8.83,0.01,1,883,买盘
152,09:37:48,8.83,0.0,62,54734,买盘
153,09:37:51,8.83,0.0,10,8830,买盘
154,09:37:54,8.83,0.0,5,4411,买盘
155,09:37:57,8.82,-0.01,7,6174,卖盘
156,09:38:04,8.82,0.0,7,6177,卖盘
157,09:38:06,8.82,0.0,113,99672,卖盘
158,09:38:10,8.82,0.0,18,15876,卖盘
159,09:38:12,8.82,0.0,4,3528,卖盘
160,09:38:15,8.82,0.0,6,5292,卖盘
161,09:38:18,8.83,0.01,22,19406,买盘
162,09:38:21,8.82,-0.01,263,231966,卖盘
163,09:38:24,8.82,0.0,32,28207,买盘
164,09:38:27,8.82,0.0,32,28224,买盘
165,09:38:30,8.8,-0.02,27,23801,卖盘
166,09:38:33,8.82,0.02,11,9701,买盘
167,09:38:36,8.81,-0.01,22,19402,中性盘
168,09:38:39,8.81,0.0,5,4405,买盘
169,09:38:42,8.8,-0.01,101,88885,卖盘
170,09:38:45,8.8,0.0,99,87190,卖盘
171,09:38:48,8.81,0.01,146,128482,买盘
172,09:38:51,8.81,0.0,824,725708,买盘
173,09:38:54,8.8,-0.01,76,66909,卖盘
174,09:38:57,8.8,0.0,23,20240,卖盘
175,09:39:00,8.8,0.0,22,19370,卖盘
176,09:39:04,8.8,0.0,84,74012,卖盘
177,09:39:06,8.8,0.0,24,21131,卖盘
178,09:39:09,8.81,0.01,107,94162,中性盘
179,09:39:12,8.8,-0.01,104,91520,卖盘
180,09:39:15,8.8,0.0,38,33440,卖盘
181,09:39:18,8.8,0.0,54,47522,卖盘
182,09:39:21,8.8,0.0,8,7040,卖盘
183,09:39:24,8.8,0.0,17,14973,卖盘
184,09:39:27,8.8,0.0,56,49280,卖盘
185,09:39:30,8.8,0.0,18,15840,卖盘
186,09:39:33,8.8,0.0,11,9681,卖盘
187,09:39:36,8.81,0.01,54,47523,买盘
188,09:39:40,8.81,0.0,154,135650,买盘
189,09:39:42,8.8,-0.01,55,48423,卖盘
190,09:39:45,8.8,0.0,226,198890,卖盘
191,09:39:48,8.8,0.0,106,93280,卖盘
192,09:39:51,8.8,0.0,43,37840,买盘
193,09:39:54,8.8,0.0,22,19360,卖盘
194,09:39:57,8.8,0.0,5,4400,卖盘
195,09:40:00,8.8,0.0,34,29923,卖盘
196,09:40:03,8.81,0.01,224,197323,买盘
197,09:40:06,8.81,0.0,173,152413,买盘
198,09:40:09,8.81,0.0,94,82808,买盘
199,09:40:15,8.82,0.01,65,57330,买盘
200,09:40:21,8.82,0.0,27,23814,买盘
201,09:40:24,8.82,0.0,70,61740,买盘
202,09:40:27,8.83,0.01,1,883,买盘
203,09:40:30,8.83,0.0,10,8824,买盘
204,09:40:36,8.82,-0.01,46,40602,卖盘
205,09:40:39,8.83,0.01,55,48522,买盘
206,09:40:42,8.83,0.0,8,7064,买盘
207,09:40:45,8.82,-0.01,28,24704,卖盘
208,09:40:48,8.83,0.01,12,10596,买盘
209,09:40:51,8.83,0.0,5,4415,买盘
210,09:40:54,8.82,-0.01,74,65283,卖盘
211,09:41:03,8.83,0.01,4,3532,买盘
212,09:41:06,8.83,0.0,46,40588,买盘
213,09:41:09,8.83,0.0,1,883,买盘
214,09:41:12,8.83,0.0,114,100608,买盘
215,09:41:15,8.82,-0.01,2,1764,中性盘
216,09:41:18,8.81,-0.01,8,7048,卖盘
217,09:41:24,8.81,0.0,26,22906,卖盘
218,09:41:27,8.81,0.0,77,67837,卖盘
219,09:41:30,8.81,0.0,37,32597,买盘
220,09:41:33,8.81,0.0,20,17620,买盘
221,09:41:39,8.81,0.0,10,8810,买盘
222,09:41:42,8.8,-0.01,2,1760,卖盘
223,09:41:45,8.8,0.0,3,2640,卖盘
224,09:41:48,8.8,0.0,30,26405,卖盘
225,09:41:54,8.81,0.01,11,9691,买盘
226,09:41:57,8.81,0.0,12,10570,买盘
227,09:42:00,8.81,0.0,3,2643,买盘
228,09:42:04,8.8,-0.01,4,3521,卖盘
229,09:42:06,8.81,0.01,3,2643,买盘
230,09:42:09,8.81,0.0,43,37870,买盘
231,09:42:12,8.81,0.0,25,22025,买盘
232,09:42:15,8.81,0.0,80,70425,买盘
233,09:42:18,8.8,-0.01,138,121460,卖盘
234,09:42:21,8.81,0.01,20,17620,买盘
235,09:42:24,8.8,-0.01,24,21128,卖盘
236,09:42:27,8.82,0.02,126,110993,买盘
237,09:42:30,8.83,0.01,116,102327,买盘
238,09:42:33,8.81,-0.02,32,28200,卖盘
239,09:42:39,8.83,0.02,21,18543,买盘
240,09:42:42,8.82,-0.01,8,7056,卖盘
241,09:42:48,8.83,0.01,5,4415,买盘
242,09:42:51,8.83,0.0,429,378807,买盘
243,09:42:54,8.83,0.0,107,94489,买盘
244,09:42:57,8.84,0.01,254,224357,买盘
245,09:43:00,8.83,-0.01,262,231597,中性盘
246,09:43:04,8.84,0.01,39,34462,买盘
247,09:43:06,8.84,0.0,50,44200,买盘
248,09:43:09,8.85,0.01,176,155760,买盘
249,09:43:12,8.85,0.0,3,2655,买盘
250,09:43:15,8.85,0.0,10,8850,买盘
251,09:43:18,8.85,0.0,13,11504,买盘
252,09:43:21,8.85,0.0,163,144235,买盘
253,09:43:24,8.85,0.0,151,133635,买盘
254,09:43:27,8.86,0.01,3,2658,买盘
255,09:43:30,8.86,0.0,8,7088,买盘
256,09:43:33,8.87,0.01,32,28380,买盘
257,09:43:36,8.88,0.01,223,197869,买盘
258,09:43:39,8.9,0.02,70,62274,买盘
259,09:43:48,8.9,0.0,26,23165,卖盘
260,09:43:51,8.9,0.0,28,24940,卖盘
261,09:43:54,8.9,0.0,72,64169,买盘
262,09:44:04,8.93,0.03,62,55308,买盘
263,09:44:06,8.93,0.0,1,893,买盘
264,09:44:09,8.91,-0.02,39,34777,卖盘
265,09:44:12,8.93,0.02,43,38399,买盘
266,09:44:18,8.93,0.0,44,39292,卖盘
267,09:44:21,8.92,-0.01,60,53558,卖盘
268,09:44:24,8.92,0.0,2,1784,买盘
269,09:44:27,8.92,0.0,12,10704,买盘
270,09:44:30,8.93,0.01,75,66950,买盘
271,09:44:33,8.93,0.0,4,3570,买盘
272,09:44:36,8.93,0.0,19,16967,买盘
273,09:44:39,8.92,-0.01,2,1784,卖盘
274,09:44:42,8.93,0.01,15,13385,买盘
275,09:44:45,8.92,-0.01,87,77634,卖盘
276,09:44:48,8.93,0.01,182,162419,买盘
277,09:44:51,8.93,0.0,18,16074,卖盘
278,09:44:54,8.93,0.0,106,94658,卖盘
279,09:44:57,8.92,-0.01,71,63390,卖盘
280,09:45:00,8.92,0.0,3,2676,卖盘
281,09:45:03,8.91,-0.01,27,24081,卖盘
282,09:45:07,8.92,0.01,21,18732,买盘
283,09:45:09,8.92,0.0,27,24066,买盘
284,09:45:12,8.92,0.0,17,15164,买盘
285,09:45:15,8.91,-0.01,6,5346,卖盘
286,09:45:18,8.92,0.01,29,25868,买盘
287,09:45:21,8.91,-0.01,15,13365,卖盘
288,09:45:24,8.91,0.0,38,33879,卖盘
289,09:45:27,8.91,0.0,12,10692,卖盘
290,09:45:30,8.91,0.0,9,8019,买盘
291,09:45:33,8.91,0.0,2,1782,买盘
292,09:45:36,8.91,0.0,30,26730,卖盘
293,09:45:45,8.91,0.0,54,48114,卖盘
294,09:45:51,8.9,-0.01,15,13352,卖盘
295,09:45:54,8.9,0.0,14,12460,卖盘
296,09:46:00,8.91,0.01,1,891,买盘
297,09:46:03,8.91,0.0,27,24042,买盘
298,09:46:09,8.91,0.0,6,5346,买盘
299,09:46:15,8.91,0.0,1,891,买盘
300,09:46:18,8.9,-0.01,2,1781,卖盘
301,09:46:24,8.9,0.0,174,154795,卖盘
302,09:46:27,8.9,0.0,5,4450,买盘
303,09:46:30,8.91,0.01,22,19582,买盘
304,09:46:33,8.91,0.0,35,31165,买盘
305,09:46:36,8.9,-0.01,18,16024,卖盘
306,09:46:39,8.91,0.01,3,2673,买盘
307,09:46:42,8.9,-0.01,8,7120,卖盘
308,09:46:51,8.9,0.0,43,38270,卖盘
309,09:46:54,8.89,-0.01,19,16892,卖盘
310,09:46:57,8.9,0.01,2,1780,买盘
311,09:47:00,8.9,0.0,60,53346,买盘
312,09:47:04,8.9,0.0,79,70255,买盘
313,09:47:06,8.9,0.0,25,22250,买盘
314,09:47:12,8.9,0.0,104,92712,卖盘
315,09:47:15,8.91,0.01,21,18711,买盘
316,09:47:18,8.92,0.01,15,13380,买盘
317,09:47:21,8.93,0.01,87,77691,买盘
318,09:47:24,8.93,0.0,3,2679,卖盘
319,09:47:30,8.93,0.0,11,9823,买盘
320,09:47:33,8.93,0.0,3,2679,中性盘
321,09:47:39,8.94,0.01,2,1788,买盘
322,09:47:42,8.94,0.0,59,52726,买盘
323,09:47:45,8.94,0.0,6,5364,卖盘
324,09:47:48,8.95,0.01,64,57280,买盘
325,09:47:54,8.95,0.0,14,12530,卖盘
326,09:47:57,8.96,0.01,58,51940,买盘
327,09:48:00,8.96,0.0,9,8064,买盘
328,09:48:06,8.96,0.0,53,47518,卖盘
329,09:48:09,8.96,0.0,58,51985,卖盘
330,09:48:12,8.96,0.0,198,177408,买盘
331,09:48:15,8.97,0.01,175,156967,买盘
332,09:48:18,8.97,0.0,3,2691,卖盘
333,09:48:21,8.97,0.0,87,78089,卖盘
334,09:48:24,8.97,0.0,22,19739,卖盘
335,09:48:27,8.97,0.0,42,37674,卖盘
336,09:48:30,8.98,0.01,44,39471,买盘
337,09:48:33,8.98,0.0,66,59267,买盘
338,09:48:36,8.97,-0.01,33,29619,卖盘
339,09:48:42,8.98,0.01,7,6286,买盘
340,09:48:45,8.97,-0.01,58,52046,卖盘
341,09:48:48,8.98,0.01,165,148167,买盘
342,09:48:51,8.98,0.0,63,56574,卖盘
343,09:48:54,8.98,0.0,465,418303,卖盘
344,09:48:57,8.98,0.0,25,22450,卖盘
345,09:49:04,8.99,0.01,26,23369,买盘
346,09:49:06,8.98,-0.01,1,898,卖盘
347,09:49:09,8.99,0.01,37,33260,买盘
348,09:49:12,8.99,0.0,89,80011,卖盘
349,09:49:15,9.0,0.01,202,181798,买盘
350,09:49:19,9.0,0.0,15,13500,卖盘
351,09:49:21,9.01,0.01,13,11713,买盘
352,09:49:27,9.01,0.0,17,15317,买盘
353,09:49:33,9.0,-0.01,41,36929,卖盘
354,09:49:36,9.01,0.01,3,2703,中性盘
355,09:49:39,9.01,0.0,20,18029,卖盘
356,09:49:45,9.01,0.0,12,10812,卖盘
357,09:49:48,9.02,0.01,23,20734,买盘
358,09:49:52,9.01,-0.01,88,79328,卖盘
359,09:49:54,9.02,0.01,104,93756,买盘
360,09:49:57,9.02,0.0,548,493458,卖盘
361,09:50:00,9.0,-0.02,54,48602,中性盘
362,09:50:03,9.0,0.0,44,39589,买盘
363,09:50:06,8.99,-0.01,3,2697,卖盘
364,09:50:09,8.99,0.0,12,10788,卖盘
365,09:50:13,8.99,0.0,46,41310,卖盘
366,09:50:16,9.0,0.01,5,4499,买盘
367,09:50:19,8.98,-0.02,3,2694,卖盘
368,09:50:24,8.97,-0.01,33,29616,卖盘
369,09:50:27,8.98,0.01,41,36823,买盘
370,09:50:30,8.98,0.0,24,21552,卖盘
371,09:50:33,8.98,0.0,24,21552,买盘
372,09:50:36,8.98,0.0,64,57472,买盘
373,09:50:39,8.98,0.0,40,35920,卖盘
374,09:50:42,8.97,-0.01,5,4488,卖盘
375,09:50:45,8.98,0.01,23,20654,卖盘
376,09:50:48,8.98,0.0,2,1796,买盘
377,09:50:54,8.97,-0.01,26,23322,卖盘
378,09:50:57,8.97,0.0,441,395582,卖盘
379,09:51:00,8.97,0.0,4,3587,买盘
380,09:51:03,8.97,0.0,18,16137,买盘
381,09:51:06,8.96,-0.01,32,28677,卖盘
382,09:51:09,8.95,-0.01,44,39422,卖盘
383,09:51:12,8.96,0.01,92,82457,买盘
384,09:51:15,8.96,0.0,17,15232,卖盘
385,09:51:18,8.97,0.01,84,75332,买盘
386,09:51:21,8.97,0.0,134,120178,买盘
387,09:51:24,8.98,0.01,58,52084,买盘
388,09:51:27,8.98,0.0,3,2694,卖盘
389,09:51:36,8.98,0.0,3,2694,卖盘
390,09:51:42,8.99,0.01,14,12586,买盘
391,09:51:45,8.98,-0.01,14,12584,卖盘
392,09:51:51,8.99,0.01,1,899,买盘
393,09:51:54,8.99,0.0,40,35922,买盘
394,09:52:00,8.97,-0.02,72,64646,卖盘
395,09:52:04,8.97,0.0,13,11662,卖盘
396,09:52:06,8.97,0.0,10,8970,卖盘
397,09:52:09,8.97,0.0,16,14352,卖盘
398,09:52:12,8.98,0.01,28,25122,买盘
399,09:52:18,8.96,-0.02,19,17024,卖盘
400,09:52:21,8.96,0.0,114,102144,卖盘
401,09:52:24,8.95,-0.01,76,68020,卖盘
402,09:52:31,8.96,0.01,1,896,买盘
403,09:52:33,8.95,-0.01,12,10742,卖盘
404,09:52:36,8.96,0.01,30,26880,买盘
405,09:52:39,8.95,-0.01,91,81445,卖盘
406,09:52:42,8.95,0.0,61,54595,卖盘
407,09:52:51,8.95,0.0,8,7165,卖盘
408,09:52:54,8.95,0.0,32,28640,卖盘
409,09:53:00,8.95,0.0,51,45645,卖盘
410,09:53:04,8.95,0.0,56,50122,卖盘
411,09:53:06,8.95,0.0,63,56385,卖盘
412,09:53:09,8.95,0.0,20,17900,卖盘
413,09:53:12,8.96,0.01,60,53740,买盘
414,09:53:15,8.95,-0.01,1,895,中性盘
415,09:53:24,8.95,0.0,4,3580,买盘
416,09:53:27,8.95,0.0,116,103820,买盘
417,09:53:30,8.95,0.0,1,895,买盘
418,09:53:36,8.95,0.0,10,8950,卖盘
419,09:53:39,8.95,0.0,10,8950,卖盘
420,09:53:42,8.95,0.0,6,5370,卖盘
421,09:53:48,8.95,0.0,19,17005,卖盘
422,09:53:51,8.95,0.0,6,5370,卖盘
423,09:53:54,8.95,0.0,3,2685,卖盘
424,09:53:57,8.96,0.01,136,121854,买盘
425,09:54:04,8.98,0.02,7,6286,买盘
426,09:54:06,8.97,-0.01,3,2691,卖盘
427,09:54:15,8.97,0.0,14,12558,买盘
428,09:54:19,8.98,0.01,4,3592,买盘
429,09:54:24,8.97,-0.01,4,3588,卖盘
430,09:54:27,8.98,0.01,44,39512,买盘
431,09:54:36,8.99,0.01,52,46719,买盘
432,09:54:39,9.0,0.01,111,99779,买盘
433,09:54:42,8.99,-0.01,13,11687,买盘
434,09:54:45,9.01,0.02,69,62112,买盘
435,09:54:48,9.01,0.0,13,11713,卖盘
436,09:54:51,9.02,0.01,62,55924,买盘
437,09:54:54,9.02,0.0,41,36982,卖盘
438,09:54:57,9.02,0.0,6,5412,买盘
439,09:55:00,9.02,0.0,55,49610,卖盘
440,09:55:03,9.02,0.0,38,34276,卖盘
441,09:55:06,9.03,0.01,41,36986,买盘
442,09:55:09,9.03,0.0,33,29794,买盘
443,09:55:12,9.03,0.0,33,29793,买盘
444,09:55:15,9.03,0.0,10,9030,买盘
445,09:55:18,9.02,-0.01,16,14445,卖盘
446,09:55:21,9.03,0.01,14,12630,买盘
447,09:55:24,9.02,-0.01,21,18942,卖盘
448,09:55:27,9.02,0.0,17,15334,卖盘
449,09:55:30,9.02,0.0,27,24349,买盘
450,09:55:33,9.02,0.0,43,38781,买盘
451,09:55:36,9.02,0.0,22,19832,买盘
452,09:55:48,9.02,0.0,12,10822,买盘
453,09:55:51,9.02,0.0,57,51389,买盘
454,09:55:54,9.01,-0.01,32,28832,卖盘
455,09:56:03,9.01,0.0,14,12614,买盘
456,09:56:06,9.01,0.0,27,24327,买盘
457,09:56:10,9.01,0.0,10,9010,卖盘
458,09:56:12,9.01,0.0,61,54961,卖盘
459,09:56:15,9.01,0.0,204,183993,卖盘
460,09:56:18,9.03,0.02,43,38795,买盘
461,09:56:21,9.03,0.0,10,9030,买盘
462,09:56:24,9.02,-0.01,30,27061,卖盘
463,09:56:30,9.02,0.0,9,8118,买盘
464,09:56:33,9.02,0.0,17,15334,买盘
465,09:56:37,9.02,0.0,68,61336,买盘
466,09:56:39,9.02,0.0,15,13535,卖盘
467,09:56:48,9.03,0.01,1,903,买盘
468,09:56:51,9.03,0.0,1,903,买盘
469,09:56:54,9.02,-0.01,15,13530,卖盘
470,09:56:57,9.03,0.01,60,54180,买盘
471,09:57:00,9.03,0.0,24,21668,买盘
472,09:57:04,9.03,0.0,105,94815,买盘
473,09:57:06,9.03,0.0,15,13545,卖盘
474,09:57:09,9.03,0.0,10,9030,卖盘
475,09:57:15,9.04,0.01,50,45200,买盘
476,09:57:18,9.03,-0.01,33,29799,卖盘
477,09:57:21,9.04,0.01,35,31640,买盘
478,09:57:24,9.03,-0.01,41,37023,卖盘
479,09:57:27,9.04,0.01,5,4516,买盘
480,09:57:30,9.03,-0.01,12,10836,买盘
481,09:57:33,9.02,-0.01,107,96514,卖盘
482,09:57:36,9.02,0.0,31,27962,买盘
483,09:57:39,9.01,-0.01,5,4505,卖盘
484,09:57:42,9.02,0.01,1,902,买盘
485,09:57:45,9.01,-0.01,86,77496,卖盘
486,09:57:48,9.03,0.02,364,328396,买盘
487,09:57:52,9.03,0.0,20,18060,卖盘
488,09:57:54,8.97,-0.06,365,328764,卖盘
489,09:57:57,9.03,0.06,27,24362,买盘
490,09:58:00,9.03,0.0,35,31605,买盘
491,09:58:03,9.03,0.0,37,33411,卖盘
492,09:58:06,9.02,-0.01,3,2707,卖盘
493,09:58:09,9.02,0.0,106,95612,卖盘
494,09:58:12,9.02,0.0,10,9020,买盘
495,09:58:21,9.02,0.0,17,15334,买盘
496,09:58:30,9.02,0.0,6,5402,买盘
497,09:58:33,9.0,-0.02,2,1800,卖盘
498,09:58:36,9.0,0.0,18,16200,买盘
499,09:58:45,9.0,0.0,22,19800,卖盘
500,09:58:48,9.0,0.0,3,2700,卖盘
501,09:58:54,9.0,0.0,3,2700,卖盘
502,09:59:00,9.0,0.0,1,900,卖盘
503,09:59:04,9.0,0.0,11,9900,买盘
504,09:59:06,9.0,0.0,36,32400,卖盘
505,09:59:12,9.02,0.02,88,79252,买盘
506,09:59:15,9.0,-0.02,79,71100,中性盘
507,09:59:18,9.0,0.0,129,116077,买盘
508,09:59:21,9.01,0.01,2,1802,买盘
509,09:59:25,9.0,-0.01,40,36000,卖盘
510,09:59:27,9.01,0.01,3,2703,买盘
511,09:59:33,9.01,0.0,3,2703,卖盘
512,09:59:36,9.01,0.0,7,6307,卖盘
513,09:59:48,9.01,0.0,7,6307,买盘
514,09:59:54,9.01,0.0,6,5406,卖盘
515,10:00:00,9.01,0.0,6,5406,卖盘
516,10:00:03,9.0,-0.01,13,11702,卖盘
517,10:00:06,9.01,0.01,39,35139,买盘
518,10:00:12,8.99,-0.02,157,141318,卖盘
519,10:00:15,8.99,0.0,31,27869,卖盘
520,10:00:21,9.0,0.01,8,7200,买盘
521,10:00:24,8.99,-0.01,85,76415,卖盘
522,10:00:27,8.99,0.0,5,4495,买盘
523,10:00:30,8.99,0.0,1,899,买盘
524,10:00:33,8.99,0.0,10,8990,买盘
525,10:00:36,8.99,0.0,89,79976,买盘
526,10:00:39,8.99,0.0,9,8091,买盘
527,10:00:42,8.99,0.0,1,899,买盘
528,10:00:45,8.98,-0.01,17,15278,卖盘
529,10:00:48,8.99,0.01,24,21576,买盘
530,10:00:54,8.99,0.0,97,87203,买盘
531,10:00:57,8.99,0.0,7,6293,卖盘
532,10:01:00,8.99,0.0,6,5394,卖盘
533,10:01:09,8.99,0.0,17,15283,卖盘
534,10:01:12,8.99,0.0,10,8990,买盘
535,10:01:18,8.98,-0.01,10,8980,卖盘
536,10:01:21,8.99,0.01,56,50344,买盘
537,10:01:30,8.99,0.0,478,429722,卖盘
538,10:01:33,8.99,0.0,3,2697,买盘
539,10:01:36,8.99,0.0,62,55738,买盘
540,10:01:39,8.98,-0.01,4,3592,卖盘
541,10:01:51,9.0,0.02,170,152951,买盘
542,10:01:54,9.0,0.0,3,2700,卖盘
543,10:02:04,9.0,0.0,16,14401,卖盘
544,10:02:06,9.0,0.0,48,43200,卖盘
545,10:02:12,9.01,0.01,43,38714,买盘
546,10:02:18,9.0,-0.01,30,27000,卖盘
547,10:02:27,9.01,0.01,5,4505,买盘
548,10:02:30,9.01,0.0,1,901,买盘
549,10:02:36,9.0,-0.01,49,44100,卖盘
550,10:02:39,9.0,0.0,10,9000,卖盘
551,10:02:54,9.0,0.0,49,44100,卖盘
552,10:03:03,9.01,0.01,207,186507,买盘
553,10:03:09,9.0,-0.01,66,59400,卖盘
554,10:03:18,9.01,0.01,30,27030,买盘
555,10:03:21,9.02,0.01,190,171263,买盘
556,10:03:24,9.01,-0.01,58,52301,卖盘
557,10:03:30,9.03,0.02,66,59598,买盘
558,10:03:33,9.04,0.01,73,65921,买盘
559,10:03:36,9.04,0.0,130,117520,买盘
560,10:03:39,9.05,0.01,54,48870,买盘
561,10:03:42,9.05,0.0,2,1810,买盘
562,10:03:45,9.05,0.0,11,9955,买盘
563,10:03:48,9.05,0.0,25,22625,买盘
564,10:03:51,9.06,0.01,341,308722,买盘
565,10:03:55,9.06,0.0,12,10867,买盘
566,10:03:57,9.06,0.0,27,24457,买盘
567,10:04:00,9.07,0.01,86,77921,买盘
568,10:04:03,9.07,0.0,37,33568,买盘
569,10:04:06,9.07,0.0,10,9070,卖盘
570,10:04:09,9.06,-0.01,44,39939,卖盘
571,10:04:16,9.06,0.0,15,13601,卖盘
572,10:04:18,9.04,-0.02,80,72397,卖盘
573,10:04:21,9.07,0.03,176,159632,买盘
574,10:04:24,9.07,0.0,32,29024,卖盘
575,10:04:27,9.04,-0.03,4,3618,卖盘
576,10:04:30,9.04,0.0,41,37118,卖盘
577,10:04:33,9.06,0.02,372,337582,卖盘
578,10:04:36,9.07,0.01,56,50738,买盘
579,10:04:40,9.07,0.0,21,19047,卖盘
580,10:04:43,9.07,0.0,32,29024,卖盘
581,10:04:45,9.07,0.0,51,46257,卖盘
582,10:04:48,9.07,0.0,33,29931,卖盘
583,10:04:51,9.07,0.0,39,35374,卖盘
584,10:04:54,9.07,0.0,43,39003,卖盘
585,10:04:57,9.07,0.0,55,49930,卖盘
586,10:05:00,9.07,0.0,33,29929,卖盘
587,10:05:04,9.07,0.0,76,68773,买盘
588,10:05:06,9.07,0.0,5,4535,买盘
589,10:05:09,9.03,-0.04,31,27993,卖盘
590,10:05:12,9.07,0.04,82,74370,买盘
591,10:05:25,9.03,-0.04,2,1807,卖盘
592,10:05:27,9.05,0.02,50,45250,买盘
593,10:05:33,9.03,-0.02,15,13545,卖盘
594,10:05:39,9.05,0.02,1,905,买盘
595,10:05:42,9.05,0.0,5,4525,买盘
596,10:05:45,9.05,0.0,2,1810,买盘
597,10:05:48,9.05,0.0,10,9050,卖盘
598,10:05:51,9.05,0.0,12,10860,卖盘
599,10:05:54,9.05,0.0,40,36200,卖盘
600,10:05:57,9.05,0.0,1,905,买盘
601,10:06:00,9.05,0.0,1,905,买盘
602,10:06:04,9.05,0.0,2,1810,买盘
603,10:06:06,9.05,0.0,20,18097,卖盘
604,10:06:09,9.05,0.0,5,4525,买盘
605,10:06:18,9.05,0.0,5,4525,买盘
606,10:06:21,9.05,0.0,70,63350,买盘
607,10:06:24,9.06,0.01,12,10872,买盘
608,10:06:27,9.05,-0.01,20,18100,卖盘
609,10:06:30,9.06,0.01,60,54302,买盘
610,10:06:33,9.06,0.0,5,4530,买盘
611,10:06:36,9.05,-0.01,3,2715,卖盘
612,10:06:39,9.05,0.0,64,57920,卖盘
613,10:06:42,9.05,0.0,125,113125,卖盘
614,10:06:45,9.05,0.0,38,34390,卖盘
615,10:06:48,9.05,0.0,4,3620,卖盘
616,10:06:51,9.05,0.0,49,44345,卖盘
617,10:06:54,9.06,0.01,99,89694,买盘
618,10:06:57,9.05,-0.01,10,9050,卖盘
619,10:07:03,9.06,0.01,1,906,买盘
620,10:07:09,9.07,0.01,80,72529,买盘
621,10:07:15,9.05,-0.02,76,68780,卖盘
622,10:07:21,9.06,0.01,3,2718,买盘
623,10:07:24,9.05,-0.01,15,13580,卖盘
624,10:07:33,9.06,0.01,19,17214,买盘
625,10:07:36,9.06,0.0,18,16298,买盘
626,10:07:39,9.05,-0.01,16,14480,卖盘
627,10:07:54,9.06,0.01,4,3624,买盘
628,10:08:03,9.06,0.0,17,15402,买盘
629,10:08:09,9.06,0.0,29,26264,买盘
630,10:08:12,9.05,-0.01,10,9050,卖盘
631,10:08:18,9.06,0.01,3,2718,买盘
632,10:08:21,9.05,-0.01,3,2715,卖盘
633,10:08:24,9.05,0.0,57,51585,卖盘
634,10:08:27,9.05,0.0,10,9050,卖盘
635,10:08:30,9.06,0.01,6,5436,买盘
636,10:08:33,9.05,-0.01,7,6335,卖盘
637,10:08:36,9.05,0.0,9,8145,卖盘
638,10:08:42,9.05,0.0,11,9955,买盘
639,10:08:45,9.05,0.0,12,10849,买盘
640,10:08:51,9.05,0.0,13,11765,买盘
641,10:08:54,9.05,0.0,12,10860,买盘
642,10:08:58,9.04,-0.01,51,46118,卖盘
643,10:09:00,9.05,0.01,5,4525,卖盘
644,10:09:04,9.05,0.0,34,30770,卖盘
645,10:09:09,9.05,0.0,8,7240,卖盘
646,10:09:12,9.05,0.0,45,40725,卖盘
647,10:09:15,9.05,0.0,2,1810,买盘
648,10:09:18,9.05,0.0,4,3620,买盘
649,10:09:21,9.04,-0.01,5,4520,卖盘
650,10:09:30,9.04,0.0,1,904,卖盘
651,10:09:36,9.04,0.0,5,4520,卖盘
652,10:09:39,9.04,0.0,100,90400,卖盘
653,10:09:42,9.04,0.0,8,7232,卖盘
654,10:09:51,9.03,-0.01,47,42441,卖盘
655,10:10:00,9.03,0.0,4,3612,卖盘
656,10:10:04,9.03,0.0,21,18964,卖盘
657,10:10:09,9.03,0.0,15,13545,卖盘
658,10:10:12,9.03,0.0,10,9030,卖盘
659,10:10:15,9.03,0.0,159,143577,卖盘
660,10:10:18,9.02,-0.01,119,107338,卖盘
661,10:10:31,9.02,0.0,10,9020,买盘
662,10:10:33,9.01,-0.01,34,30634,卖盘
663,10:10:36,9.03,0.02,216,194924,买盘
664,10:10:39,9.01,-0.02,63,56763,卖盘
665,10:10:42,9.01,0.0,28,25228,卖盘
666,10:10:48,9.01,0.0,10,9010,卖盘
667,10:10:51,9.0,-0.01,302,271891,卖盘
668,10:10:57,9.01,0.01,14,12602,买盘
669,10:11:00,9.0,-0.01,3,2700,卖盘
670,10:11:04,9.0,0.0,2,1800,卖盘
671,10:11:06,9.0,0.0,62,55800,卖盘
672,10:11:09,9.0,0.0,14,12600,卖盘
673,10:11:12,9.0,0.0,14,12600,买盘
674,10:11:15,8.99,-0.01,40,35960,卖盘
675,10:11:18,8.99,0.0,20,17980,买盘
676,10:11:21,8.98,-0.01,21,18863,卖盘
677,10:11:27,8.98,0.0,5,4490,卖盘
678,10:11:33,8.98,0.0,8,7184,卖盘
679,10:11:36,8.98,0.0,21,18857,买盘
680,10:11:42,8.97,-0.01,10,8970,卖盘
681,10:11:45,8.97,0.0,29,26026,卖盘
682,10:11:48,8.98,0.01,4,3591,买盘
683,10:11:54,8.97,-0.01,20,17940,卖盘
684,10:12:00,8.97,0.0,16,14352,卖盘
685,10:12:04,8.97,0.0,14,12558,买盘
686,10:12:06,8.97,0.0,3,2691,卖盘
687,10:12:09,8.97,0.0,1,897,卖盘
688,10:12:12,8.97,0.0,45,40365,卖盘
689,10:12:15,8.96,-0.01,9,8064,卖盘
690,10:12:18,8.97,0.01,5,4485,买盘
691,10:12:21,8.97,0.0,3,2691,买盘
692,10:12:27,8.96,-0.01,51,45738,卖盘
693,10:12:33,8.96,0.0,13,11658,卖盘
694,10:12:36,8.96,0.0,154,137984,卖盘
695,10:12:39,8.96,0.0,115,103040,买盘
696,10:12:42,8.97,0.01,12,10755,买盘
697,10:12:48,8.97,0.0,107,95979,买盘
698,10:12:54,8.96,-0.01,21,18831,中性盘
699,10:12:57,8.96,0.0,252,226043,中性盘
700,10:13:00,8.98,0.02,40,35886,买盘
701,10:13:04,8.98,0.0,17,15266,买盘
702,10:13:06,8.98,0.0,56,50298,卖盘
703,10:13:19,8.99,0.01,64,57526,中性盘
704,10:13:30,9.0,0.01,41,36900,买盘
705,10:13:33,9.0,0.0,1,900,买盘
706,10:13:36,8.99,-0.01,6,5395,卖盘
707,10:13:39,9.0,0.01,1,900,买盘
708,10:13:54,8.99,-0.01,50,44990,卖盘
709,10:14:00,9.0,0.01,18,16190,买盘
710,10:14:03,9.0,0.0,17,15300,买盘
711,10:14:06,9.0,0.0,50,45000,买盘
712,10:14:09,9.0,0.0,98,88200,买盘
713,10:14:12,9.0,0.0,32,28800,买盘
714,10:14:15,9.0,0.0,43,38700,买盘
715,10:14:18,8.98,-0.02,191,171558,卖盘
716,10:14:21,8.98,0.0,50,44900,买盘
717,10:14:25,8.98,0.0,59,52982,买盘
718,10:14:27,8.98,0.0,82,73636,买盘
719,10:14:30,8.98,0.0,32,28736,买盘
720,10:14:33,8.97,-0.01,41,36798,卖盘
721,10:14:36,8.98,0.01,7,6286,买盘
722,10:14:39,8.98,0.0,9,8082,买盘
723,10:14:42,8.98,0.0,8,7184,买盘
724,10:14:45,8.98,0.0,12,10776,买盘
725,10:14:48,8.97,-0.01,24,21537,卖盘
726,10:14:55,8.97,0.0,36,32292,卖盘
727,10:14:57,8.97,0.0,40,35880,卖盘
728,10:15:00,8.97,0.0,15,13455,卖盘
729,10:15:04,8.97,0.0,17,15249,卖盘
730,10:15:09,8.97,0.0,31,27807,卖盘
731,10:15:12,8.97,0.0,59,52923,卖盘
732,10:15:15,8.97,0.0,30,26910,买盘
733,10:15:18,8.96,-0.01,53,47488,卖盘
734,10:15:24,8.96,0.0,51,45696,买盘
735,10:15:27,8.96,0.0,1,896,买盘
736,10:15:30,8.96,0.0,5,4480,买盘
737,10:15:34,8.95,-0.01,10,8955,卖盘
738,10:15:36,8.96,0.01,49,43856,买盘
739,10:15:39,8.95,-0.01,39,34906,卖盘
740,10:15:42,8.95,0.0,6,5370,买盘
741,10:15:45,8.95,0.0,12,10740,买盘
742,10:15:48,8.95,0.0,89,79655,买盘
743,10:15:51,8.95,0.0,7,6265,买盘
744,10:15:54,8.95,0.0,118,105615,买盘
745,10:15:57,8.95,0.0,41,36709,卖盘
746,10:16:00,8.97,0.02,3,2691,买盘
747,10:16:03,8.97,0.0,4,3588,买盘
748,10:16:06,8.97,0.0,2,1794,买盘
749,10:16:09,8.97,0.0,30,26910,买盘
750,10:16:15,8.97,0.0,1,897,卖盘
751,10:16:18,8.98,0.01,30,26926,买盘
752,10:16:24,8.98,0.0,66,59268,买盘
753,10:16:30,8.98,0.0,55,49390,买盘
754,10:16:33,8.98,0.0,35,31430,买盘
755,10:16:36,8.98,0.0,2,1796,买盘
756,10:16:40,8.98,0.0,3,2694,买盘
757,10:16:45,8.98,0.0,40,35920,买盘
758,10:16:48,8.98,0.0,24,21552,卖盘
759,10:16:54,9.0,0.02,50,45000,买盘
760,10:16:57,8.98,-0.02,5,4490,卖盘
761,10:17:00,9.0,0.02,11,9900,买盘
762,10:17:04,9.0,0.0,13,11700,卖盘
763,10:17:06,9.0,0.0,36,32400,卖盘
764,10:17:09,9.01,0.01,39,35138,买盘
765,10:17:12,9.01,0.0,10,9010,卖盘
766,10:17:22,9.01,0.0,52,46854,卖盘
767,10:17:30,9.0,-0.01,39,35110,卖盘
768,10:17:33,9.01,0.01,34,30631,卖盘
769,10:17:36,9.01,0.0,5,4505,卖盘
770,10:17:45,9.01,0.0,20,18010,买盘
771,10:17:54,9.02,0.01,1,902,买盘
772,10:18:00,9.01,-0.01,100,90100,卖盘
773,10:18:03,9.01,0.0,1,901,买盘
774,10:18:06,9.0,-0.01,16,14400,卖盘
775,10:18:12,9.0,0.0,1,900,买盘
776,10:18:15,9.0,0.0,1,900,买盘
777,10:18:21,9.0,0.0,6,5400,买盘
778,10:18:24,8.99,-0.01,13,11688,卖盘
779,10:18:27,9.01,0.02,177,159430,买盘
780,10:18:30,9.01,0.0,75,67575,卖盘
781,10:18:33,9.0,-0.01,3,2701,卖盘
782,10:18:36,9.0,0.0,6,5400,买盘
783,10:18:42,8.99,-0.01,18,16182,卖盘
784,10:18:45,9.0,0.01,11,9900,买盘
785,10:18:48,8.99,-0.01,1,899,买盘
786,10:18:57,8.98,-0.01,3,2695,卖盘
787,10:19:00,8.99,0.01,37,33243,买盘
788,10:19:03,8.98,-0.01,1,898,卖盘
789,10:19:06,8.99,0.01,14,12586,买盘
790,10:19:12,8.99,0.0,2,1798,买盘
791,10:19:15,8.96,-0.03,70,62830,卖盘
792,10:19:18,8.99,0.03,1,899,买盘
793,10:19:30,8.97,-0.02,1,897,卖盘
794,10:19:33,8.97,0.0,10,8970,买盘
795,10:19:36,8.97,0.0,14,12558,买盘
796,10:19:39,8.97,0.0,16,14352,买盘
797,10:19:45,8.98,0.01,6,5388,买盘
798,10:19:48,8.98,0.0,15,13470,买盘
799,10:19:51,8.98,0.0,22,19737,买盘
800,10:20:00,8.98,0.0,1,898,买盘
801,10:20:04,8.97,-0.01,23,20637,卖盘
802,10:20:06,8.97,0.0,32,28704,卖盘
803,10:20:09,8.98,0.01,1,898,买盘
804,10:20:18,8.98,0.0,10,8980,买盘
805,10:20:24,8.97,-0.01,26,23322,卖盘
806,10:20:27,8.97,0.0,10,8970,买盘
807,10:20:33,8.97,0.0,3,2691,买盘
808,10:20:36,8.97,0.0,1,897,买盘
809,10:20:40,8.97,0.0,1,897,买盘
810,10:20:42,8.96,-0.01,33,29597,卖盘
811,10:20:57,8.97,0.01,1,897,买盘
812,10:21:01,8.97,0.0,1,897,买盘
813,10:21:09,8.97,0.0,5,4485,买盘
814,10:21:12,8.96,-0.01,5,4480,卖盘
815,10:21:15,8.97,0.01,1,897,买盘
816,10:21:24,8.96,-0.01,54,48384,卖盘
817,10:21:27,8.97,0.01,2,1794,买盘
818,10:21:30,8.97,0.0,11,9867,买盘
819,10:21:33,8.96,-0.01,55,49292,卖盘
820,10:21:36,8.97,0.01,156,139932,买盘
821,10:21:40,8.98,0.01,6,5388,买盘
822,10:21:42,8.97,-0.01,117,105048,卖盘
823,10:21:45,8.98,0.01,4,3592,买盘
824,10:21:51,9.0,0.02,1,900,买盘
825,10:22:04,9.0,0.0,13,11700,买盘
826,10:22:09,8.97,-0.03,50,44865,卖盘
827,10:22:15,8.98,0.01,5,4490,中性盘
828,10:22:34,9.0,0.02,1,900,买盘
829,10:22:42,8.98,-0.02,36,32334,卖盘
830,10:22:45,8.98,0.0,3,2694,买盘
831,10:22:48,8.98,0.0,42,37716,买盘
832,10:23:00,8.98,0.0,2,1796,卖盘
833,10:23:04,8.98,0.0,1,898,卖盘
834,10:23:06,8.98,0.0,20,17960,卖盘
835,10:23:09,9.0,0.02,1,900,买盘
836,10:23:12,9.0,0.0,4,3598,买盘
837,10:23:15,9.0,0.0,88,79200,买盘
838,10:23:21,9.0,0.0,7,6288,买盘
839,10:23:27,8.99,-0.01,86,77278,买盘
840,10:23:30,8.99,0.0,10,8990,买盘
841,10:23:42,8.99,0.0,50,44950,买盘
842,10:23:45,8.99,0.0,10,8990,买盘
843,10:23:48,8.99,0.0,2,1798,买盘
844,10:23:51,8.99,0.0,1,899,买盘
845,10:24:04,8.98,-0.01,14,12574,卖盘
846,10:24:06,8.99,0.01,18,16182,买盘
847,10:24:12,8.99,0.0,10,8990,买盘
848,10:24:15,8.99,0.0,1,899,买盘
849,10:24:19,9.0,0.01,43,38658,买盘
850,10:24:24,9.0,0.0,3,2700,买盘
851,10:24:30,9.0,0.0,2,1800,买盘
852,10:24:33,9.0,0.0,1,900,买盘
853,10:24:36,9.0,0.0,36,32400,买盘
854,10:24:39,9.01,0.01,13,11713,买盘
855,10:24:42,9.0,-0.01,9,8100,卖盘
856,10:24:51,9.0,0.0,50,45000,买盘
857,10:24:54,9.0,0.0,15,13500,买盘
858,10:25:06,9.01,0.01,1,901,买盘
859,10:25:09,9.0,-0.01,1,900,卖盘
860,10:25:18,9.0,0.0,77,69300,卖盘
861,10:25:21,9.01,0.01,31,27920,买盘
862,10:25:24,9.01,0.0,2,1802,买盘
863,10:25:27,9.01,0.0,203,182903,买盘
864,10:25:30,9.02,0.01,10,9020,买盘
865,10:25:36,9.02,0.0,6,5412,卖盘
866,10:25:39,9.02,0.0,24,21670,卖盘
867,10:25:42,9.02,0.0,39,35179,卖盘
868,10:25:45,9.02,0.0,1,902,买盘
869,10:25:48,9.02,0.0,65,58630,买盘
870,10:25:51,9.02,0.0,31,27976,买盘
871,10:25:54,9.02,0.0,9,8118,中性盘
872,10:25:57,9.01,-0.01,24,21624,卖盘
873,10:26:09,9.01,0.0,10,9010,买盘
874,10:26:12,9.01,0.0,25,22525,买盘
875,10:26:18,9.01,0.0,22,19822,卖盘
876,10:26:21,9.01,0.0,2,1802,卖盘
877,10:26:24,9.02,0.01,11,9922,买盘
878,10:26:39,9.01,-0.01,107,96407,卖盘
879,10:26:51,9.01,0.0,3,2703,买盘
880,10:26:57,9.01,0.0,20,18020,买盘
881,10:27:04,9.01,0.0,1,901,买盘
882,10:27:06,9.01,0.0,13,11713,买盘
883,10:27:09,9.0,-0.01,9,8105,卖盘
884,10:27:12,9.01,0.01,6,5401,买盘
885,10:27:15,9.0,-0.01,31,27921,卖盘
886,10:27:18,9.0,0.0,20,18014,卖盘
887,10:27:27,9.01,0.01,55,49501,买盘
888,10:27:33,9.01,0.0,30,27025,买盘
889,10:27:36,9.01,0.0,2,1802,买盘
890,10:27:45,9.0,-0.01,43,38700,卖盘
891,10:27:48,9.0,0.0,10,9000,卖盘
892,10:27:54,9.0,0.0,28,25200,卖盘
893,10:27:57,9.0,0.0,2,1800,买盘
894,10:28:04,9.0,0.0,11,9900,买盘
895,10:28:06,8.99,-0.01,69,62074,卖盘
896,10:28:13,9.0,0.01,31,27900,买盘
897,10:28:21,9.0,0.0,1,900,买盘
898,10:28:27,9.0,0.0,10,9000,买盘
899,10:28:33,9.0,0.0,6,5400,买盘
900,10:28:39,8.99,-0.01,112,100688,卖盘
901,10:28:42,8.98,-0.01,69,61962,卖盘
902,10:28:51,8.98,0.0,10,8980,买盘
903,10:28:57,8.99,0.01,15,13471,买盘
904,10:29:03,8.98,-0.01,12,10777,中性盘
905,10:29:06,8.97,-0.01,32,28716,卖盘
906,10:29:09,8.97,0.0,105,94200,卖盘
907,10:29:15,8.99,0.02,2,1798,买盘
908,10:29:18,8.97,-0.02,62,55614,卖盘
909,10:29:27,8.96,-0.01,53,47488,卖盘
910,10:29:30,8.96,0.0,1,896,买盘
911,10:29:33,8.96,0.0,1,896,卖盘
912,10:29:36,8.97,0.01,11,9857,买盘
913,10:29:57,8.96,-0.01,68,60933,卖盘
914,10:30:00,8.97,0.01,1,897,买盘
915,10:30:04,8.96,-0.01,5,4480,卖盘
916,10:30:06,8.96,0.0,9,8064,卖盘
917,10:30:12,8.96,0.0,15,13440,买盘
918,10:30:15,8.95,-0.01,4,3580,卖盘
919,10:30:18,8.96,0.01,10,8960,买盘
920,10:30:21,8.95,-0.01,4,3580,卖盘
921,10:30:24,8.96,0.01,5,4480,买盘
922,10:30:27,8.95,-0.01,100,89500,卖盘
923,10:30:33,8.95,0.0,4,3580,卖盘
924,10:30:36,8.95,0.0,6,5370,卖盘
925,10:30:39,8.96,0.01,1,896,买盘
926,10:30:42,8.95,-0.01,4,3580,卖盘
927,10:30:54,8.96,0.01,20,17915,买盘
928,10:31:09,8.96,0.0,1,896,买盘
929,10:31:15,8.95,-0.01,4,3580,卖盘
930,10:31:21,8.96,0.01,2,1792,买盘
931,10:31:30,8.95,-0.01,54,48330,卖盘
932,10:31:48,8.95,0.0,4,3580,卖盘
933,10:31:51,8.95,0.0,15,13425,卖盘
934,10:31:54,8.95,0.0,6,5370,卖盘
935,10:32:04,8.95,0.0,1,895,买盘
936,10:32:09,8.95,0.0,20,17890,买盘
937,10:32:13,8.95,0.0,10,8950,买盘
938,10:32:15,8.94,-0.01,1,894,卖盘
939,10:32:24,8.94,0.0,40,35760,卖盘
940,10:32:30,8.95,0.01,3,2685,买盘
941,10:32:33,8.95,0.0,6,5370,买盘
942,10:32:36,8.94,-0.01,10,8940,卖盘
943,10:32:45,8.94,0.0,4,3576,卖盘
944,10:32:48,8.96,0.02,28,25080,买盘
945,10:32:51,8.97,0.01,5,4481,买盘
946,10:32:54,8.96,-0.01,9,8064,卖盘
947,10:33:18,8.95,-0.01,15,13425,卖盘
948,10:33:21,8.95,0.0,3,2685,卖盘
949,10:33:24,8.94,-0.01,40,35773,卖盘
950,10:33:33,8.94,0.0,54,48276,卖盘
951,10:33:42,8.94,0.0,50,44700,卖盘
952,10:33:45,8.93,-0.01,36,32148,卖盘
953,10:33:51,8.92,-0.01,5,4460,卖盘
954,10:33:57,8.92,0.0,17,15164,卖盘
955,10:34:00,8.92,0.0,13,11596,卖盘
956,10:34:04,8.92,0.0,5,4460,卖盘
957,10:34:15,8.93,0.01,10,8930,买盘
958,10:34:18,8.92,-0.01,5,4460,卖盘
959,10:34:21,8.93,0.01,10,8930,买盘
960,10:34:24,8.93,0.0,30,26790,卖盘
961,10:34:30,8.93,0.0,35,31255,卖盘
962,10:34:36,8.93,0.0,5,4465,买盘
963,10:34:45,8.92,-0.01,1,892,卖盘
964,10:34:54,8.93,0.01,38,33899,买盘
965,10:35:07,8.92,-0.01,4,3568,卖盘
966,10:35:18,8.93,0.01,5,4465,买盘
967,10:35:21,8.92,-0.01,120,107040,卖盘
968,10:35:33,8.91,-0.01,54,48114,卖盘
969,10:35:42,8.91,0.0,9,8019,卖盘
970,10:35:45,8.91,0.0,118,105138,卖盘
971,10:35:51,8.91,0.0,5,4455,买盘
972,10:35:57,8.9,-0.01,12,10680,卖盘
973,10:36:00,8.9,0.0,4,3560,卖盘
974,10:36:04,8.9,0.0,45,40051,卖盘
975,10:36:06,8.91,0.01,200,178200,买盘
976,10:36:12,8.91,0.0,27,24057,买盘
977,10:36:15,8.9,-0.01,4,3560,卖盘
978,10:36:18,8.91,0.01,23,20493,买盘
979,10:36:24,8.91,0.0,10,8910,买盘
980,10:36:27,8.91,0.0,7,6130,买盘
981,10:36:30,8.92,0.01,244,217611,买盘
982,10:36:33,8.91,-0.01,44,39334,卖盘
983,10:36:37,8.91,0.0,9,7912,买盘
984,10:36:51,8.93,0.02,10,8930,买盘
985,10:36:54,8.91,-0.02,10,8910,卖盘
986,10:37:06,8.92,0.01,3,2676,卖盘
987,10:37:15,8.92,0.0,1,892,买盘
988,10:37:18,8.92,0.0,14,12488,买盘
989,10:37:21,8.92,0.0,8,7136,卖盘
990,10:37:24,8.92,0.0,8,7136,卖盘
991,10:37:27,8.92,0.0,2,1784,卖盘
992,10:37:30,8.92,0.0,1,892,买盘
993,10:37:33,8.91,-0.01,61,54358,卖盘
994,10:37:39,8.91,0.0,1,891,卖盘
995,10:37:42,8.91,0.0,9,8019,卖盘
996,10:37:45,8.91,0.0,16,14256,卖盘
997,10:37:51,8.91,0.0,7,6237,卖盘
998,10:37:57,8.91,0.0,30,26730,卖盘
999,10:38:04,8.92,0.01,17,15148,买盘
1000,10:38:09,8.92,0.0,3,2676,买盘
1001,10:38:12,8.93,0.01,13,11601,买盘
1002,10:38:15,8.93,0.0,1,893,买盘
1003,10:38:21,8.92,-0.01,5,4460,卖盘
1004,10:38:24,8.93,0.01,2,1786,买盘
1005,10:38:33,8.93,0.0,54,48172,买盘
1006,10:38:36,8.92,-0.01,5,4461,卖盘
1007,10:38:39,8.93,0.01,3,2679,买盘
1008,10:38:45,8.93,0.0,18,16074,买盘
1009,10:38:48,8.92,-0.01,12,10704,卖盘
1010,10:38:51,8.93,0.01,35,31255,买盘
1011,10:38:54,8.93,0.0,1,893,买盘
1012,10:38:57,8.93,0.0,2,1786,买盘
1013,10:39:00,8.93,0.0,6,5358,买盘
1014,10:39:04,8.93,0.0,15,13390,买盘
1015,10:39:09,8.93,0.0,5,4465,买盘
1016,10:39:12,8.93,0.0,16,14288,买盘
1017,10:39:15,8.92,-0.01,8,7136,卖盘
1018,10:39:27,8.94,0.02,2,1788,买盘
1019,10:39:33,8.94,0.0,1,894,买盘
1020,10:39:36,8.93,-0.01,7,6251,卖盘
1021,10:39:39,8.93,0.0,3,2679,买盘
1022,10:39:48,8.93,0.0,5,4465,买盘
1023,10:39:54,8.93,0.0,2,1786,买盘
1024,10:40:00,8.93,0.0,3,2679,买盘
1025,10:40:03,8.93,0.0,12,10716,买盘
1026,10:40:06,8.93,0.0,1,893,买盘
1027,10:40:13,8.93,0.0,14,12502,买盘
1028,10:40:24,8.93,0.0,1,893,买盘
1029,10:40:27,8.93,0.0,20,17860,买盘
1030,10:40:30,8.93,0.0,14,12502,买盘
1031,10:40:33,8.92,-0.01,26,23192,卖盘
1032,10:40:39,8.93,0.01,3,2679,买盘
1033,10:40:48,8.93,0.0,41,36613,买盘
1034,10:40:51,8.93,0.0,15,13397,卖盘
1035,10:41:06,8.94,0.01,121,108174,买盘
1036,10:41:09,8.94,0.0,18,16092,买盘
1037,10:41:15,8.94,0.0,1,894,买盘
1038,10:41:18,8.94,0.0,26,23244,买盘
1039,10:41:24,8.93,-0.01,4,3572,卖盘
1040,10:41:36,8.93,0.0,55,49116,卖盘
1041,10:41:39,8.94,0.01,1,894,买盘
1042,10:41:51,8.94,0.0,2,1788,买盘
1043,10:41:54,8.94,0.0,208,185952,买盘
1044,10:41:57,8.94,0.0,11,9841,卖盘
1045,10:42:04,8.96,0.02,1,896,买盘
1046,10:42:06,8.94,-0.02,37,33078,卖盘
1047,10:42:33,8.95,0.01,10,8950,卖盘
1048,10:42:39,9.0,0.05,258,231858,买盘
1049,10:42:51,9.0,0.0,5,4499,买盘
1050,10:42:54,9.0,0.0,63,56700,买盘
1051,10:43:00,8.97,-0.03,12,10764,卖盘
1052,10:43:03,8.97,0.0,1,897,卖盘
1053,10:43:06,9.0,0.03,1,900,买盘
1054,10:43:09,8.97,-0.03,24,21531,卖盘
1055,10:43:12,8.97,0.0,2,1794,买盘
1056,10:43:18,9.0,0.03,13,11699,买盘
1057,10:43:24,8.98,-0.02,3,2694,卖盘
1058,10:43:27,9.0,0.02,17,15272,买盘
1059,10:43:30,8.98,-0.02,23,20640,买盘
1060,10:43:39,8.98,0.0,15,13470,卖盘
1061,10:43:42,8.98,0.0,15,13470,买盘
1062,10:43:45,8.98,0.0,1,898,买盘
1063,10:43:51,8.98,0.0,3,2694,买盘
1064,10:43:54,8.97,-0.01,25,22448,卖盘
1065,10:43:57,8.98,0.01,4,3592,买盘
1066,10:44:09,9.0,0.02,12,10791,买盘
1067,10:44:12,9.0,0.0,12,10800,买盘
1068,10:44:33,8.98,-0.02,63,56574,卖盘
1069,10:44:36,8.97,-0.01,11,9867,卖盘
1070,10:44:39,8.97,0.0,5,4485,卖盘
1071,10:44:51,8.97,0.0,3,2691,卖盘
1072,10:44:54,8.97,0.0,2,1794,买盘
1073,10:45:00,8.98,0.01,2,1796,买盘
1074,10:45:04,8.96,-0.02,4,3587,卖盘
1075,10:45:13,8.97,0.01,1,897,卖盘
1076,10:45:18,8.97,0.0,3,2691,卖盘
1077,10:45:27,8.98,0.01,2,1796,买盘
1078,10:45:30,8.98,0.0,5,4486,买盘
1079,10:45:33,8.97,-0.01,4,3588,卖盘
1080,10:45:36,8.98,0.01,1,898,买盘
1081,10:45:39,8.97,-0.01,54,48438,卖盘
1082,10:45:45,8.97,0.0,2,1794,卖盘
1083,10:45:48,8.97,0.0,1,897,卖盘
1084,10:45:51,8.97,0.0,50,44851,卖盘
1085,10:45:54,8.96,-0.01,11,9862,卖盘
1086,10:45:57,8.97,0.01,4,3588,买盘
1087,10:46:00,8.96,-0.01,2,1792,卖盘
1088,10:46:03,8.97,0.01,1,897,买盘
1089,10:46:12,8.96,-0.01,20,17920,卖盘
1090,10:46:15,8.96,0.0,56,50177,卖盘
1091,10:46:24,8.96,0.0,15,13440,卖盘
1092,10:46:30,8.96,0.0,9,8064,卖盘
1093,10:46:45,8.96,0.0,1,896,卖盘
1094,10:46:51,8.96,0.0,5,4480,卖盘
1095,10:47:04,8.97,0.01,1,897,买盘
1096,10:47:09,8.97,0.0,1,897,买盘
1097,10:47:15,8.96,-0.01,1,896,卖盘
1098,10:47:30,8.96,0.0,1,896,卖盘
1099,10:47:42,8.96,0.0,5,4480,卖盘
1100,10:47:46,8.96,0.0,1,896,卖盘
1101,10:47:48,8.97,0.01,60,53820,买盘
1102,10:47:51,8.96,-0.01,5,4480,卖盘
1103,10:47:54,8.96,0.0,9,8064,卖盘
1104,10:48:00,8.96,0.0,1,896,卖盘
1105,10:48:04,8.96,0.0,4,3585,卖盘
1106,10:48:06,8.97,0.01,2,1794,买盘
1107,10:48:18,8.96,-0.01,1,896,卖盘
1108,10:48:30,8.96,0.0,1,896,卖盘
1109,10:48:51,8.96,0.0,5,4480,卖盘
1110,10:48:54,8.96,0.0,4,3584,卖盘
1111,10:49:00,8.96,0.0,1,896,卖盘
1112,10:49:03,8.96,0.0,3,2689,卖盘
1113,10:49:12,8.97,0.01,2,1794,买盘
1114,10:49:18,8.97,0.0,60,53820,买盘
1115,10:49:21,8.97,0.0,7,6279,卖盘
1116,10:49:36,8.97,0.0,42,37674,卖盘
1117,10:49:54,8.97,0.0,5,4485,卖盘
1118,10:50:15,8.98,0.01,1,898,买盘
1119,10:50:18,8.97,-0.01,4,3588,卖盘
1120,10:50:27,8.98,0.01,16,14368,买盘
1121,10:50:31,8.98,0.0,22,19756,买盘
1122,10:50:34,8.98,0.0,5,4490,买盘
1123,10:50:42,8.98,0.0,28,25144,买盘
1124,10:50:54,8.98,0.0,11,9878,卖盘
1125,10:51:15,8.99,0.01,200,179800,买盘
1126,10:51:18,8.99,0.0,17,15283,买盘
1127,10:51:27,9.0,0.01,31,27900,买盘
1128,10:51:39,9.0,0.0,1,900,卖盘
1129,10:51:42,9.01,0.01,8,7205,买盘
1130,10:51:45,9.01,0.0,17,15314,买盘
1131,10:51:48,9.01,0.0,20,18010,买盘
1132,10:51:54,8.99,-0.02,15,13495,卖盘
1133,10:52:01,8.99,0.0,4,3596,卖盘
1134,10:52:09,9.0,0.01,34,30600,买盘
1135,10:52:24,9.0,0.0,3,2700,买盘
1136,10:52:33,9.0,0.0,80,72000,买盘
1137,10:52:36,9.0,0.0,18,16200,买盘
1138,10:52:54,8.99,-0.01,5,4495,卖盘
1139,10:53:06,9.0,0.01,5,4500,买盘
1140,10:53:13,9.0,0.0,88,79193,买盘
1141,10:53:18,9.01,0.01,39,35139,买盘
1142,10:53:27,9.0,-0.01,7,6300,卖盘
1143,10:53:30,9.01,0.01,20,18020,买盘
1144,10:53:33,9.01,0.0,8,7204,买盘
1145,10:53:39,9.01,0.0,50,45050,买盘
1146,10:53:42,9.01,0.0,15,13515,买盘
1147,10:53:45,9.01,0.0,86,77486,买盘
1148,10:53:48,9.02,0.01,57,51414,买盘
1149,10:53:51,9.01,-0.01,21,18937,卖盘
1150,10:53:54,9.01,0.0,5,4505,卖盘
1151,10:54:03,9.01,0.0,9,8109,卖盘
1152,10:54:15,9.01,0.0,60,54060,卖盘
1153,10:54:18,9.01,0.0,19,17119,卖盘
1154,10:54:21,9.02,0.01,17,15321,买盘
1155,10:54:24,9.01,-0.01,1,901,卖盘
1156,10:54:27,9.01,0.0,1,901,卖盘
1157,10:54:30,9.02,0.01,19,17137,买盘
1158,10:54:33,9.01,-0.01,15,13515,卖盘
1159,10:54:45,9.01,0.0,17,15317,买盘
1160,10:54:54,9.01,0.0,10,9010,卖盘
1161,10:54:57,9.01,0.0,8,7208,卖盘
1162,10:55:00,9.01,0.0,6,5406,卖盘
1163,10:55:03,9.01,0.0,1,901,卖盘
1164,10:55:06,9.01,0.0,5,4505,卖盘
1165,10:55:09,9.01,0.0,1,901,卖盘
1166,10:55:12,9.01,0.0,10,9010,卖盘
1167,10:55:45,9.01,0.0,10,9010,卖盘
1168,10:55:48,9.01,0.0,10,9010,卖盘
1169,10:56:00,9.01,0.0,46,41446,卖盘
1170,10:56:04,9.01,0.0,1,901,买盘
1171,10:56:09,9.0,-0.01,1,900,卖盘
1172,10:56:15,9.0,0.0,4,3600,卖盘
1173,10:56:21,9.0,0.0,17,15300,卖盘
1174,10:56:27,9.0,0.0,56,50400,卖盘
1175,10:56:30,9.0,0.0,1,900,卖盘
1176,10:56:42,9.0,0.0,142,127800,卖盘
1177,10:56:51,9.0,0.0,44,39576,买盘
1178,10:57:00,8.98,-0.02,5,4490,卖盘
1179,10:57:15,8.98,0.0,5,4490,卖盘
1180,10:57:45,8.98,0.0,1,898,卖盘
1181,10:58:00,8.98,0.0,11,9878,卖盘
1182,10:58:04,8.98,0.0,2,1796,卖盘
1183,10:58:18,8.98,0.0,8,7184,卖盘
1184,10:58:21,8.99,0.01,15,13485,买盘
1185,10:58:33,8.99,0.0,26,23370,买盘
1186,10:58:39,8.99,0.0,48,43152,买盘
1187,10:58:42,8.99,0.0,65,58435,买盘
1188,10:58:45,8.99,0.0,7,6293,卖盘
1189,10:58:51,8.99,0.0,5,4495,买盘
1190,10:59:00,8.98,-0.01,7,6286,卖盘
1191,10:59:15,8.98,0.0,18,16170,卖盘
1192,10:59:27,8.98,0.0,44,39512,卖盘
1193,10:59:30,8.98,0.0,1,898,卖盘
1194,10:59:48,8.98,0.0,5,4490,卖盘
1195,11:00:00,8.98,0.0,6,5388,卖盘
1196,11:00:04,8.98,0.0,1,898,卖盘
1197,11:00:06,8.98,0.0,5,4490,卖盘
1198,11:00:12,8.99,0.01,30,26970,买盘
1199,11:00:15,8.99,0.0,1,899,买盘
1200,11:00:21,8.98,-0.01,28,25144,卖盘
1201,11:00:24,8.99,0.01,73,65627,买盘
1202,11:00:33,8.98,-0.01,1,898,卖盘
1203,11:00:45,8.98,0.0,3,2694,卖盘
1204,11:00:51,8.98,0.0,2,1796,卖盘
1205,11:00:54,8.98,0.0,5,4490,卖盘
1206,11:01:06,8.98,0.0,5,4490,卖盘
1207,11:01:09,8.98,0.0,11,9878,卖盘
1208,11:01:12,8.99,0.01,10,8990,买盘
1209,11:01:15,8.98,-0.01,1,898,卖盘
1210,11:01:21,8.98,0.0,10,8980,卖盘
1211,11:01:30,8.98,0.0,1,898,卖盘
1212,11:01:42,8.99,0.01,36,32364,买盘
1213,11:02:00,8.99,0.0,4,3596,卖盘
1214,11:02:03,9.0,0.01,1,900,买盘
1215,11:02:06,8.99,-0.01,5,4495,卖盘
1216,11:02:15,8.99,0.0,9,8091,卖盘
1217,11:02:30,8.99,0.0,1,899,卖盘
1218,11:02:33,8.99,0.0,3,2697,卖盘
1219,11:02:36,8.99,0.0,7,6293,卖盘
1220,11:02:39,8.99,0.0,7,6293,卖盘
1221,11:02:43,8.99,0.0,4,3596,卖盘
1222,11:02:45,8.99,0.0,6,5394,卖盘
1223,11:02:48,8.99,0.0,4,3596,卖盘
1224,11:02:51,8.99,0.0,2,1798,卖盘
1225,11:02:54,8.99,0.0,2,1798,卖盘
1226,11:02:57,8.99,0.0,60,53940,卖盘
1227,11:03:00,8.99,0.0,4,3596,卖盘
1228,11:03:03,8.98,-0.01,2,1797,卖盘
1229,11:03:06,8.98,0.0,6,5388,卖盘
1230,11:03:09,8.98,0.0,5,4490,卖盘
1231,11:03:19,8.98,0.0,2,1796,卖盘
1232,11:03:30,8.98,0.0,2,1796,卖盘
1233,11:03:48,8.98,0.0,1,898,卖盘
1234,11:03:54,8.98,0.0,3,2694,卖盘
1235,11:04:00,8.99,0.01,40,35959,买盘
1236,11:04:06,8.99,0.0,5,4495,卖盘
1237,11:04:21,8.99,0.0,4,3596,卖盘
1238,11:04:24,9.0,0.01,5,4500,买盘
1239,11:04:39,9.0,0.0,18,16200,买盘
1240,11:04:42,8.99,-0.01,5,4495,卖盘
1241,11:05:00,8.99,0.0,1,899,卖盘
1242,11:05:04,9.0,0.01,1,900,买盘
1243,11:05:06,9.0,0.0,32,28800,买盘
1244,11:05:09,8.99,-0.01,5,4495,卖盘
1245,11:05:12,8.99,0.0,3,2697,卖盘
1246,11:05:21,8.99,0.0,33,29604,卖盘
1247,11:05:30,9.0,0.01,46,41399,买盘
1248,11:05:36,9.0,0.0,12,10800,买盘
1249,11:05:39,8.99,-0.01,100,89900,卖盘
1250,11:05:42,9.0,0.01,65,58500,买盘
1251,11:05:45,9.0,0.0,103,92871,卖盘
1252,11:05:48,9.0,0.0,28,25029,卖盘
1253,11:05:51,8.99,-0.01,27,24273,卖盘
1254,11:05:57,8.99,0.0,20,17980,买盘
1255,11:06:09,8.98,-0.01,7,6288,卖盘
1256,11:06:12,8.98,0.0,4,3592,卖盘
1257,11:06:33,8.98,0.0,5,4490,卖盘
1258,11:06:42,8.99,0.01,19,17081,买盘
1259,11:06:51,8.98,-0.01,4,3592,卖盘
1260,11:06:54,8.99,0.01,5,4495,买盘
1261,11:07:04,8.98,-0.01,43,38842,卖盘
1262,11:07:06,8.98,0.0,16,14126,卖盘
1263,11:07:09,8.98,0.0,3,2694,卖盘
1264,11:07:12,8.98,0.0,5,4490,卖盘
1265,11:07:30,8.98,0.0,10,8980,卖盘
1266,11:07:33,8.98,0.0,5,4490,卖盘
1267,11:07:36,8.99,0.01,12,10788,买盘
1268,11:07:39,8.98,-0.01,4,3592,卖盘
1269,11:07:45,8.98,0.0,2,1796,卖盘
1270,11:08:04,8.99,0.01,1,899,买盘
1271,11:08:09,8.98,-0.01,5,4490,卖盘
1272,11:08:12,8.98,0.0,4,3592,卖盘
1273,11:08:33,8.98,0.0,7,6286,卖盘
1274,11:08:39,8.99,0.01,7,6288,买盘
1275,11:08:48,8.98,-0.01,20,17960,卖盘
1276,11:08:54,8.99,0.01,65,58371,买盘
1277,11:09:03,8.99,0.0,162,145638,买盘
1278,11:09:09,8.99,0.0,5,4495,卖盘
1279,11:09:24,8.99,0.0,4,3596,卖盘
1280,11:09:39,8.99,0.0,20,17980,卖盘
1281,11:09:48,8.99,0.0,101,90799,卖盘
1282,11:10:03,8.98,-0.01,11,9878,卖盘
1283,11:10:13,8.98,0.0,24,21552,卖盘
1284,11:10:15,8.98,0.0,5,4490,卖盘
1285,11:10:18,8.98,0.0,5,4490,卖盘
1286,11:10:30,8.98,0.0,2,1796,卖盘
1287,11:10:45,8.98,0.0,19,17076,卖盘
1288,11:10:54,8.98,0.0,24,21570,卖盘
1289,11:10:57,8.98,0.0,21,18858,买盘
1290,11:11:03,8.98,0.0,1,898,买盘
1291,11:11:12,8.98,0.0,14,12572,买盘
1292,11:11:15,8.97,-0.01,5,4485,卖盘
1293,11:11:21,8.97,0.0,91,81627,卖盘
1294,11:11:36,8.96,-0.01,4,3586,卖盘
1295,11:11:42,8.98,0.02,2,1796,买盘
1296,11:11:54,8.96,-0.02,11,9856,卖盘
1297,11:12:00,8.96,0.0,1,896,卖盘
1298,11:12:03,8.96,0.0,4,3584,卖盘
1299,11:12:13,8.98,0.02,44,39512,买盘
1300,11:12:16,8.96,-0.02,5,4480,卖盘
1301,11:12:42,8.98,0.02,2,1796,买盘
1302,11:12:54,8.96,-0.02,28,25088,卖盘
1303,11:12:57,8.96,0.0,4,3584,卖盘
1304,11:13:00,8.96,0.0,108,96768,卖盘
1305,11:13:15,8.96,0.0,5,4480,卖盘
1306,11:13:21,8.96,0.0,5,4480,卖盘
1307,11:13:24,8.96,0.0,4,3584,卖盘
1308,11:13:27,8.96,0.0,20,17920,卖盘
1309,11:13:39,8.96,0.0,12,10752,卖盘
1310,11:13:45,8.96,0.0,17,15232,卖盘
1311,11:13:48,8.97,0.01,2,1794,买盘
1312,11:13:51,8.96,-0.01,12,10752,卖盘
1313,11:13:54,8.96,0.0,20,17920,卖盘
1314,11:13:57,8.96,0.0,5,4480,卖盘
1315,11:14:00,8.96,0.0,1,896,卖盘
1316,11:14:04,8.96,0.0,4,3584,卖盘
1317,11:14:06,8.96,0.0,8,7168,卖盘
1318,11:14:12,8.96,0.0,10,8960,卖盘
1319,11:14:15,8.96,0.0,5,4480,卖盘
1320,11:14:24,8.97,0.01,189,169441,买盘
1321,11:14:30,8.97,0.0,16,14352,卖盘
1322,11:14:42,8.98,0.01,2,1796,买盘
1323,11:14:54,8.98,0.0,5,4490,买盘
1324,11:15:12,8.97,-0.01,4,3588,卖盘
1325,11:15:22,8.97,0.0,5,4485,卖盘
1326,11:15:25,8.98,0.01,11,9868,买盘
1327,11:15:27,8.97,-0.01,49,43953,卖盘
1328,11:15:36,8.95,-0.02,9,8060,卖盘
1329,11:15:42,8.96,0.01,2,1792,买盘
1330,11:15:57,8.96,0.0,5,4480,买盘
1331,11:16:00,8.96,0.0,23,20608,买盘
1332,11:16:06,8.96,0.0,28,25088,卖盘
1333,11:16:22,8.96,0.0,5,4480,卖盘
1334,11:16:27,8.96,0.0,17,15232,卖盘
1335,11:16:42,8.97,0.01,2,1794,买盘
1336,11:16:48,8.97,0.0,38,34086,买盘
1337,11:16:54,8.97,0.0,11,9867,卖盘
1338,11:17:12,8.96,-0.01,5,4480,卖盘
1339,11:17:21,8.96,0.0,5,4480,卖盘
1340,11:17:24,8.96,0.0,9,8064,卖盘
1341,11:17:27,8.97,0.01,9,8073,买盘
1342,11:17:31,8.98,0.01,6,5388,买盘
1343,11:17:48,8.98,0.0,4,3592,买盘
1344,11:17:54,8.98,0.0,20,17960,买盘
1345,11:17:57,8.97,-0.01,1,897,卖盘
1346,11:18:06,8.97,0.0,4,3588,卖盘
1347,11:18:21,8.97,0.0,5,4485,卖盘
1348,11:18:24,8.97,0.0,5,4485,买盘
1349,11:18:42,8.97,0.0,1,897,买盘
1350,11:18:45,8.96,-0.01,7,6272,卖盘
1351,11:19:06,8.96,0.0,77,68992,卖盘
1352,11:19:18,8.96,0.0,4,3584,卖盘
1353,11:19:21,8.96,0.0,7,6272,卖盘
1354,11:19:24,8.96,0.0,10,8960,买盘
1355,11:19:30,8.96,0.0,10,8960,买盘
1356,11:19:45,8.95,-0.01,5,4475,卖盘
1357,11:20:00,8.96,0.01,5,4480,买盘
1358,11:20:04,8.96,0.0,1,896,买盘
1359,11:20:06,8.95,-0.01,54,48330,卖盘
1360,11:20:09,8.95,0.0,29,25955,卖盘
1361,11:20:27,8.95,0.0,5,4475,卖盘
1362,11:20:36,8.95,0.0,24,21480,卖盘
1363,11:20:39,8.96,0.01,30,26880,买盘
1364,11:20:51,8.95,-0.01,4,3580,卖盘
1365,11:21:03,8.96,0.01,1,896,买盘
1366,11:21:12,8.96,0.0,1,896,买盘
1367,11:21:18,8.96,0.0,20,17920,买盘
1368,11:21:24,8.95,-0.01,4,3580,卖盘
1369,11:21:27,8.95,0.0,5,4475,卖盘
1370,11:21:30,8.95,0.0,2,1790,卖盘
1371,11:21:42,8.95,0.0,4,3580,卖盘
1372,11:21:45,8.95,0.0,40,35800,卖盘
1373,11:21:57,8.95,0.0,20,17900,卖盘
1374,11:22:00,8.95,0.0,2,1790,卖盘
1375,11:22:03,8.96,0.01,1,896,买盘
1376,11:22:06,8.95,-0.01,4,3580,卖盘
1377,11:22:27,8.95,0.0,5,4475,卖盘
1378,11:22:30,8.95,0.0,2,1790,卖盘
1379,11:22:33,8.95,0.0,3,2685,卖盘
1380,11:22:55,8.95,0.0,4,3580,卖盘
1381,11:23:00,8.95,0.0,2,1790,卖盘
1382,11:23:04,8.96,0.01,1,896,买盘
1383,11:23:09,8.95,-0.01,36,32220,卖盘
1384,11:23:16,8.95,0.0,54,48330,卖盘
1385,11:23:24,8.95,0.0,5,4475,卖盘
1386,11:23:30,8.95,0.0,2,1790,卖盘
1387,11:23:45,8.95,0.0,10,8950,卖盘
1388,11:23:51,8.95,0.0,13,11635,卖盘
1389,11:24:00,8.95,0.0,4,3580,卖盘
1390,11:24:03,8.96,0.01,2,1792,买盘
1391,11:24:09,8.95,-0.01,1,895,卖盘
1392,11:24:12,8.95,0.0,115,102925,卖盘
1393,11:24:15,8.95,0.0,17,15215,买盘
1394,11:24:18,8.94,-0.01,6,5365,卖盘
1395,11:24:21,8.95,0.01,14,12530,买盘
1396,11:24:24,8.94,-0.01,5,4470,卖盘
1397,11:24:27,8.95,0.01,5,4475,买盘
1398,11:24:30,8.94,-0.01,2,1789,卖盘
1399,11:24:33,8.94,0.0,32,28636,卖盘
1400,11:24:36,8.95,0.01,2,1790,买盘
1401,11:24:39,8.95,0.0,1,895,买盘
1402,11:24:42,8.95,0.0,1,895,买盘
1403,11:24:45,8.95,0.0,2,1790,买盘
1404,11:25:04,8.95,0.0,1,895,中性盘
1405,11:25:18,8.95,0.0,15,13425,中性盘
1406,11:25:30,8.94,-0.01,5,4470,卖盘
1407,11:25:36,8.95,0.01,71,63524,买盘
1408,11:25:45,8.94,-0.01,34,30396,卖盘
1409,11:25:48,8.94,0.0,2,1788,卖盘
1410,11:26:03,8.94,0.0,24,21456,卖盘
1411,11:26:09,8.94,0.0,5,4470,卖盘
1412,11:26:24,8.94,0.0,5,4470,卖盘
1413,11:26:30,8.94,0.0,5,4470,卖盘
1414,11:26:33,8.94,0.0,5,4470,卖盘
1415,11:26:39,8.94,0.0,4,3576,卖盘
1416,11:26:51,8.94,0.0,52,46488,卖盘
1417,11:26:54,8.94,0.0,3,2682,卖盘
1418,11:26:57,8.94,0.0,8,7152,买盘
1419,11:27:00,8.94,0.0,2,1788,卖盘
1420,11:27:15,8.95,0.01,1,895,买盘
1421,11:27:18,8.94,-0.01,5,4470,卖盘
1422,11:27:21,8.94,0.0,54,48276,卖盘
1423,11:27:27,8.95,0.01,5,4475,买盘
1424,11:27:30,8.94,-0.01,5,4470,卖盘
1425,11:27:48,8.94,0.0,5,4470,卖盘
1426,11:27:57,8.95,0.01,11,9845,买盘
1427,11:28:04,8.94,-0.01,22,19668,卖盘
1428,11:28:18,8.93,-0.01,6,5359,卖盘
1429,11:28:27,8.94,0.01,2,1788,买盘
1430,11:28:30,8.93,-0.01,6,5358,卖盘
1431,11:28:42,8.94,0.01,12,10728,买盘
1432,11:28:45,8.93,-0.01,4,3572,卖盘
1433,11:28:54,8.93,0.0,2,1786,卖盘
1434,11:29:00,8.93,0.0,14,12512,卖盘
1435,11:29:06,8.93,0.0,8,7144,卖盘
1436,11:29:09,8.93,0.0,2,1786,卖盘
1437,11:29:13,8.93,0.0,6,5358,卖盘
1438,11:29:15,8.94,0.01,55,49165,买盘
1439,11:29:18,8.93,-0.01,14,12511,卖盘
1440,11:29:21,8.94,0.01,24,21448,买盘
1441,11:29:24,8.94,0.0,20,17880,卖盘
1442,11:29:27,8.94,0.0,1,894,卖盘
1443,11:29:30,8.94,0.0,4,3576,卖盘
1444,11:29:36,8.94,0.0,7,6258,卖盘
1445,11:29:42,8.94,0.0,5,4470,卖盘
1446,11:29:45,8.94,0.0,2,1788,卖盘
1447,11:29:57,8.94,0.0,4,3576,卖盘
1448,11:30:00,8.94,0.0,2,1788,卖盘
1449,13:00:03,8.95,0.01,323,288675,买盘
1450,13:00:06,8.95,0.0,30,26850,卖盘
1451,13:00:09,8.95,0.0,74,66230,卖盘
1452,13:00:12,8.95,0.0,19,17005,卖盘
1453,13:00:15,8.96,0.01,8,7167,买盘
1454,13:00:18,8.96,0.0,25,22400,卖盘
1455,13:00:24,8.95,-0.01,5,4475,卖盘
1456,13:00:27,8.93,-0.02,2,1786,卖盘
1457,13:00:30,8.93,0.0,1,893,卖盘
1458,13:00:36,8.93,0.0,2,1786,卖盘
1459,13:00:39,8.93,0.0,1,893,卖盘
1460,13:00:48,8.95,0.02,2,1790,中性盘
1461,13:00:57,8.93,-0.02,2,1786,卖盘
1462,13:01:04,8.93,0.0,4,3572,卖盘
1463,13:01:09,8.93,0.0,1,893,卖盘
1464,13:01:21,8.93,0.0,4,3572,卖盘
1465,13:01:27,8.93,0.0,18,16074,卖盘
1466,13:01:39,8.93,0.0,12,10716,卖盘
1467,13:01:54,8.93,0.0,2,1786,卖盘
1468,13:02:15,8.93,0.0,5,4465,卖盘
1469,13:02:18,8.93,0.0,4,3572,卖盘
1470,13:02:27,8.93,0.0,5,4465,卖盘
1471,13:02:30,8.93,0.0,6,5358,卖盘
1472,13:02:36,8.93,0.0,1,893,卖盘
1473,13:02:51,8.93,0.0,8,7144,卖盘
1474,13:02:57,8.92,-0.01,3,2676,卖盘
1475,13:03:00,8.92,0.0,3,2676,卖盘
1476,13:03:09,8.93,0.01,10,8930,买盘
1477,13:03:18,8.92,-0.01,1,892,卖盘
1478,13:03:30,8.92,0.0,4,3568,卖盘
1479,13:03:36,8.92,0.0,3,2676,卖盘
1480,13:03:48,8.92,0.0,10,8920,卖盘
1481,13:04:00,8.92,0.0,11,9821,卖盘
1482,13:04:03,8.93,0.01,21,18752,买盘
1483,13:04:12,8.92,-0.01,38,33896,卖盘
1484,13:04:21,8.92,0.0,1,892,卖盘
1485,13:04:24,8.92,0.0,1,892,卖盘
1486,13:04:33,8.92,0.0,1,892,卖盘
1487,13:04:36,8.92,0.0,11,9812,卖盘
1488,13:04:39,8.92,0.0,5,4460,卖盘
1489,13:04:45,8.92,0.0,1,892,卖盘
1490,13:04:51,8.92,0.0,60,53520,卖盘
1491,13:04:54,8.93,0.01,27,24104,买盘
1492,13:04:57,8.93,0.0,2,1786,买盘
1493,13:05:00,8.92,-0.01,37,33012,卖盘
1494,13:05:03,8.92,0.0,7,6244,卖盘
1495,13:05:06,8.92,0.0,10,8920,卖盘
1496,13:05:09,8.92,0.0,1,892,卖盘
1497,13:05:24,8.92,0.0,4,3568,卖盘
1498,13:05:27,8.92,0.0,2,1784,卖盘
1499,13:05:30,8.92,0.0,4,3568,卖盘
1500,13:05:39,8.92,0.0,3,2678,卖盘
1501,13:05:45,8.92,0.0,1,892,卖盘
1502,13:05:48,8.93,0.01,3,2679,买盘
1503,13:05:51,8.92,-0.01,1,892,卖盘
1504,13:05:54,8.92,0.0,4,3568,卖盘
1505,13:05:57,8.92,0.0,16,14272,卖盘
1506,13:06:00,8.92,0.0,1,892,卖盘
1507,13:06:03,8.92,0.0,2,1784,卖盘
1508,13:06:06,8.92,0.0,1,892,卖盘
1509,13:06:09,8.92,0.0,5,4460,卖盘
1510,13:06:15,8.92,0.0,2,1784,卖盘
1511,13:06:21,8.93,0.01,10,8922,买盘
1512,13:06:27,8.92,-0.01,1,892,卖盘
1513,13:06:30,8.92,0.0,6,5352,卖盘
1514,13:06:33,8.92,0.0,5,4460,卖盘
1515,13:06:45,8.92,0.0,3,2676,卖盘
1516,13:06:48,8.92,0.0,2,1784,卖盘
1517,13:06:54,8.92,0.0,60,53520,卖盘
1518,13:06:57,8.92,0.0,5,4460,卖盘
1519,13:07:00,8.92,0.0,24,21408,卖盘
1520,13:07:03,8.92,0.0,6,5354,卖盘
1521,13:07:06,8.91,-0.01,8,7132,卖盘
1522,13:07:12,8.91,0.0,6,5346,卖盘
1523,13:07:15,8.91,0.0,4,3564,卖盘
1524,13:07:25,8.91,0.0,7,6237,卖盘
1525,13:07:27,8.91,0.0,3,2673,卖盘
1526,13:07:30,8.92,0.01,3,2676,买盘
1527,13:07:33,8.92,0.0,35,31211,卖盘
1528,13:07:36,8.92,0.0,13,11596,卖盘
1529,13:07:39,8.92,0.0,2,1784,卖盘
1530,13:07:42,8.91,-0.01,8,7129,卖盘
1531,13:07:45,8.91,0.0,7,6237,卖盘
1532,13:07:48,8.91,0.0,14,12492,卖盘
1533,13:07:51,8.91,0.0,2,1782,卖盘
1534,13:07:55,8.91,0.0,1,891,卖盘
1535,13:08:12,8.92,0.01,19,16948,卖盘
1536,13:08:15,8.92,0.0,8,7136,卖盘
1537,13:08:21,8.92,0.0,9,8028,卖盘
1538,13:08:27,8.92,0.0,2,1784,卖盘
1539,13:08:36,8.92,0.0,2,1784,卖盘
1540,13:08:42,8.92,0.0,5,4460,卖盘
1541,13:08:54,8.92,0.0,59,52628,卖盘
1542,13:08:57,8.92,0.0,9,8028,卖盘
1543,13:09:00,8.92,0.0,4,3568,卖盘
1544,13:09:06,8.92,0.0,3,2676,卖盘
1545,13:09:09,8.92,0.0,1,892,卖盘
1546,13:09:12,8.92,0.0,14,12488,卖盘
1547,13:09:15,8.92,0.0,209,186628,卖盘
1548,13:09:18,8.92,0.0,9,8030,卖盘
1549,13:09:21,8.92,0.0,49,43708,卖盘
1550,13:09:24,8.92,0.0,8,7136,卖盘
1551,13:09:27,8.92,0.0,15,13380,卖盘
1552,13:09:30,8.92,0.0,17,15164,卖盘
1553,13:09:36,8.92,0.0,4,3568,卖盘
1554,13:09:39,8.92,0.0,1,892,卖盘
1555,13:09:45,8.92,0.0,2,1784,卖盘
1556,13:09:51,8.92,0.0,103,91976,卖盘
1557,13:09:54,8.93,0.01,52,46436,买盘
1558,13:09:57,8.94,0.01,45,40215,买盘
1559,13:10:00,8.94,0.0,10,8940,卖盘
1560,13:10:03,8.93,-0.01,2,1787,卖盘
1561,13:10:06,8.93,0.0,7,6251,卖盘
1562,13:10:10,8.93,0.0,4,3572,卖盘
1563,13:10:12,8.95,0.02,20,17900,买盘
1564,13:10:18,8.94,-0.01,16,14304,卖盘
1565,13:10:21,8.93,-0.01,10,8935,卖盘
1566,13:10:42,8.93,0.0,3,2679,卖盘
1567,13:10:48,8.95,0.02,8,7160,买盘
1568,13:10:51,8.93,-0.02,4,3572,卖盘
1569,13:10:54,8.93,0.0,5,4465,卖盘
1570,13:10:57,8.94,0.01,66,58997,中性盘
1571,13:11:00,8.94,0.0,7,6258,卖盘
1572,13:11:06,8.94,0.0,13,11622,卖盘
1573,13:11:09,8.95,0.01,139,124405,买盘
1574,13:11:12,8.95,0.0,3,2685,卖盘
1575,13:11:15,8.95,0.0,27,24165,卖盘
1576,13:11:22,8.94,-0.01,18,16105,卖盘
1577,13:11:25,8.95,0.01,2,1790,中性盘
1578,13:11:28,8.95,0.0,1,895,卖盘
1579,13:11:36,8.95,0.0,4,3580,卖盘
1580,13:11:39,8.96,0.01,21,18816,买盘
1581,13:11:45,8.95,-0.01,5,4475,卖盘
1582,13:11:51,8.95,0.0,4,3580,卖盘
1583,13:11:57,8.96,0.01,28,25087,买盘
1584,13:12:00,8.96,0.0,2,1792,卖盘
1585,13:12:04,8.96,0.0,8,7168,卖盘
1586,13:12:06,8.96,0.0,4,3584,卖盘
1587,13:12:12,8.96,0.0,1,896,卖盘
1588,13:12:24,8.95,-0.01,21,18815,卖盘
1589,13:12:30,8.95,0.0,34,30430,卖盘
1590,13:12:36,8.95,0.0,13,11635,卖盘
1591,13:12:39,8.95,0.0,158,141410,卖盘
1592,13:12:42,8.95,0.0,11,9846,卖盘
1593,13:12:45,8.95,0.0,176,157520,卖盘
1594,13:12:48,8.95,0.0,40,35800,卖盘
1595,13:12:51,8.95,0.0,32,28640,卖盘
1596,13:12:55,8.95,0.0,16,14320,卖盘
1597,13:12:57,8.93,-0.02,41,36646,卖盘
1598,13:13:01,8.93,0.0,23,20575,卖盘
1599,13:13:09,8.94,0.01,5,4470,卖盘
1600,13:13:12,8.95,0.01,115,102923,买盘
1601,13:13:18,8.95,0.0,6,5370,卖盘
1602,13:13:27,8.95,0.0,16,14320,卖盘
1603,13:13:30,8.95,0.0,6,5370,卖盘
1604,13:13:33,8.95,0.0,5,4475,卖盘
1605,13:13:42,8.95,0.0,12,10740,卖盘
1606,13:13:51,8.95,0.0,6,5370,卖盘
1607,13:13:57,8.95,0.0,13,11635,卖盘
1608,13:14:18,8.96,0.01,7,6268,买盘
1609,13:14:21,8.97,0.01,434,389214,买盘
1610,13:14:33,8.97,0.0,100,89700,买盘
1611,13:15:01,8.96,-0.01,6,5376,卖盘
1612,13:15:04,8.96,0.0,5,4480,买盘
1613,13:15:06,8.96,0.0,3,2688,买盘
1614,13:15:09,8.97,0.01,56,50185,买盘
1615,13:15:21,8.97,0.0,22,19734,买盘
1616,13:15:45,8.96,-0.01,22,19712,卖盘
1617,13:15:58,8.96,0.0,4,3584,卖盘
1618,13:16:01,8.96,0.0,40,35840,卖盘
1619,13:16:09,8.96,0.0,8,7168,买盘
1620,13:16:18,8.96,0.0,100,89600,买盘
1621,13:16:21,8.96,0.0,10,8960,买盘
1622,13:16:24,8.96,0.0,9,8064,买盘
1623,13:16:37,8.95,-0.01,10,8950,卖盘
1624,13:16:48,8.95,0.0,4,3580,卖盘
1625,13:16:51,8.95,0.0,10,8950,卖盘
1626,13:16:54,8.95,0.0,2,1790,卖盘
1627,13:17:00,8.95,0.0,12,10740,卖盘
1628,13:17:03,8.95,0.0,59,52805,卖盘
1629,13:17:15,8.95,0.0,15,13425,卖盘
1630,13:17:21,8.95,0.0,10,8950,卖盘
1631,13:17:27,8.95,0.0,3,2685,卖盘
1632,13:17:30,8.95,0.0,1,895,卖盘
1633,13:17:33,8.96,0.01,18,16128,买盘
1634,13:17:42,8.96,0.0,4,3584,卖盘
1635,13:17:51,8.96,0.0,10,8960,卖盘
1636,13:17:54,8.96,0.0,4,3584,卖盘
1637,13:17:57,8.96,0.0,16,14336,卖盘
1638,13:18:00,8.96,0.0,12,10752,卖盘
1639,13:18:06,8.96,0.0,20,17920,卖盘
1640,13:18:09,8.96,0.0,11,9856,卖盘
1641,13:18:12,8.96,0.0,1,896,卖盘
1642,13:18:15,8.96,0.0,3,2688,卖盘
1643,13:18:21,8.96,0.0,4,3584,卖盘
1644,13:18:28,8.96,0.0,3,2688,卖盘
1645,13:18:36,8.96,0.0,4,3584,卖盘
1646,13:18:45,8.96,0.0,10,8960,卖盘
1647,13:18:48,8.96,0.0,1,896,卖盘
1648,13:18:54,8.97,0.01,116,104052,买盘
1649,13:18:57,8.97,0.0,100,89698,买盘
1650,13:19:04,8.97,0.0,59,52923,卖盘
1651,13:19:06,8.97,0.0,4,3588,卖盘
1652,13:19:18,8.97,0.0,4,3588,卖盘
1653,13:19:24,8.97,0.0,7,6279,卖盘
1654,13:19:37,8.98,0.01,42,37716,买盘
1655,13:19:39,8.97,-0.01,9,8073,卖盘
1656,13:19:57,8.98,0.01,41,36818,买盘
1657,13:20:00,8.97,-0.01,19,17043,卖盘
1658,13:20:03,8.97,0.0,4,3588,卖盘
1659,13:20:06,8.97,0.0,46,41262,卖盘
1660,13:20:09,8.97,0.0,11,9867,卖盘
1661,13:20:18,8.97,0.0,31,27807,卖盘
1662,13:20:24,8.98,0.01,109,97882,买盘
1663,13:20:36,8.98,0.0,5,4490,买盘
1664,13:20:39,8.98,0.0,100,89800,买盘
1665,13:20:42,8.98,0.0,1,898,买盘
1666,13:20:45,8.97,-0.01,5,4485,卖盘
1667,13:20:48,8.97,0.0,4,3588,卖盘
1668,13:21:04,8.97,0.0,63,56511,卖盘
1669,13:21:15,9.0,0.03,743,667975,买盘
1670,13:21:18,8.97,-0.03,86,77176,卖盘
1671,13:21:45,8.97,0.0,4,3589,卖盘
1672,13:21:51,9.0,0.03,17,15300,买盘
1673,13:21:54,8.99,-0.01,30,26970,卖盘
1674,13:22:00,9.0,0.01,17,15300,买盘
1675,13:22:06,8.99,-0.01,10,8990,卖盘
1676,13:22:18,9.0,0.01,72,64809,买盘
1677,13:22:24,9.01,0.01,28,25228,买盘
1678,13:22:30,9.01,0.0,5,4505,买盘
1679,13:22:36,9.01,0.0,112,100912,买盘
1680,13:22:39,9.01,0.0,5,4505,卖盘
1681,13:22:42,9.02,0.01,1,902,买盘
1682,13:22:52,9.01,-0.01,3,2703,卖盘
1683,13:22:54,9.01,0.0,59,53214,卖盘
1684,13:22:57,9.02,0.01,50,45100,买盘
1685,13:23:04,9.01,-0.01,59,53159,卖盘
1686,13:23:12,9.01,0.0,5,4505,卖盘
1687,13:23:16,9.01,0.0,6,5406,卖盘
1688,13:23:39,9.0,-0.01,2,1800,卖盘
1689,13:23:48,9.01,0.01,21,18921,买盘
1690,13:23:51,9.01,0.0,4,3604,卖盘
1691,13:24:06,9.01,0.0,11,9911,卖盘
1692,13:24:09,9.01,0.0,4,3604,卖盘
1693,13:24:12,9.01,0.0,10,9010,卖盘
1694,13:24:18,9.01,0.0,4,3604,卖盘
1695,13:24:21,9.02,0.01,128,115385,买盘
1696,13:24:24,9.0,-0.02,4,3601,卖盘
1697,13:24:36,9.0,0.0,2,1800,卖盘
1698,13:24:39,9.02,0.02,7,6314,买盘
1699,13:24:51,9.0,-0.02,8,7208,卖盘
1700,13:25:06,9.0,0.0,69,62110,卖盘
1701,13:25:09,9.02,0.02,299,269684,买盘
1702,13:25:18,9.02,0.0,10,9020,卖盘
1703,13:25:34,9.02,0.0,4,3608,卖盘
1704,13:25:36,9.03,0.01,146,131838,买盘
1705,13:25:39,9.03,0.0,11,9933,买盘
1706,13:25:42,9.03,0.0,8,7224,卖盘
1707,13:25:45,9.03,0.0,2,1806,卖盘
1708,13:25:48,9.03,0.0,3,2709,买盘
1709,13:25:51,9.02,-0.01,8,7216,卖盘
1710,13:25:57,9.05,0.03,621,561728,买盘
1711,13:26:00,9.05,0.0,56,50680,卖盘
1712,13:26:06,9.03,-0.02,21,18963,买盘
1713,13:26:15,9.05,0.02,15,13565,买盘
1714,13:26:18,9.03,-0.02,1,903,卖盘
1715,13:26:21,9.05,0.02,109,98645,买盘
1716,13:26:24,9.06,0.01,22,19922,买盘
1717,13:26:28,9.06,0.0,37,33522,买盘
1718,13:26:30,9.05,-0.01,10,9050,卖盘
1719,13:26:36,9.05,0.0,5,4525,卖盘
1720,13:26:40,9.06,0.01,10,9060,买盘
1721,13:26:45,9.05,-0.01,5,4525,卖盘
1722,13:26:48,9.05,0.0,19,17205,卖盘
1723,13:26:54,9.06,0.01,38,34418,买盘
1724,13:27:04,9.05,-0.01,9,8145,卖盘
1725,13:27:06,9.05,0.0,10,9050,卖盘
1726,13:27:09,9.05,0.0,59,53395,卖盘
1727,13:27:12,9.06,0.01,1,906,买盘
1728,13:27:18,9.05,-0.01,5,4525,卖盘
1729,13:27:21,9.05,0.0,10,9050,卖盘
1730,13:27:25,9.05,0.0,240,217200,卖盘
1731,13:27:27,9.05,0.0,127,114935,卖盘
1732,13:27:33,9.03,-0.02,4,3612,卖盘
1733,13:27:36,9.03,0.0,72,65016,卖盘
1734,13:27:45,9.02,-0.01,3,2706,卖盘
1735,13:27:57,9.02,0.0,1,902,卖盘
1736,13:28:00,9.05,0.03,210,189976,买盘
1737,13:28:03,9.05,0.0,15,13575,卖盘
1738,13:28:06,9.05,0.0,50,45250,卖盘
1739,13:28:13,9.06,0.01,56,50730,买盘
1740,13:28:18,9.05,-0.01,4,3620,卖盘
1741,13:28:21,9.05,0.0,6,5430,卖盘
1742,13:28:24,9.05,0.0,10,9050,卖盘
1743,13:28:30,9.06,0.01,300,271800,买盘
1744,13:28:33,9.05,-0.01,11,9955,卖盘
1745,13:28:36,9.06,0.01,12,10872,买盘
1746,13:28:51,9.05,-0.01,9,8149,卖盘
1747,13:29:06,9.05,0.0,4,3620,卖盘
1748,13:29:12,9.05,0.0,69,62445,卖盘
1749,13:29:18,9.05,0.0,2,1810,卖盘
1750,13:29:21,9.05,0.0,18,16290,卖盘
1751,13:29:24,9.05,0.0,5,4525,卖盘
1752,13:29:27,9.05,0.0,100,90500,卖盘
1753,13:29:30,9.05,0.0,3,2715,卖盘
1754,13:29:33,9.05,0.0,6,5432,卖盘
1755,13:29:36,9.05,0.0,20,18100,卖盘
1756,13:29:39,9.05,0.0,1,905,卖盘
1757,13:29:42,9.05,0.0,20,18100,卖盘
1758,13:29:45,9.05,0.0,23,20815,卖盘
1759,13:29:48,9.03,-0.02,19,17193,卖盘
1760,13:30:09,9.05,0.02,153,138445,买盘
1761,13:30:13,9.05,0.0,9,8145,卖盘
1762,13:30:15,9.05,0.0,9,8145,卖盘
1763,13:30:21,9.05,0.0,103,93315,卖盘
1764,13:30:27,9.05,0.0,4,3620,卖盘
1765,13:30:30,9.05,0.0,22,19910,卖盘
1766,13:30:36,9.06,0.01,1,906,买盘
1767,13:30:45,9.06,0.0,30,27180,买盘
1768,13:30:48,9.06,0.0,193,174791,买盘
1769,13:30:52,9.06,0.0,3,2718,卖盘
1770,13:30:54,9.06,0.0,4,3624,卖盘
1771,13:31:00,9.07,0.01,25,22663,买盘
1772,13:31:06,9.06,-0.01,15,13590,买盘
1773,13:31:09,9.06,0.0,10,9060,卖盘
1774,13:31:12,9.06,0.0,25,22650,买盘
1775,13:31:18,9.06,0.0,2,1812,买盘
1776,13:31:21,9.05,-0.01,5,4525,卖盘
1777,13:31:27,9.06,0.01,33,29898,买盘
1778,13:31:42,9.06,0.0,20,18307,卖盘
1779,13:31:57,9.06,0.0,108,97667,卖盘
1780,13:32:04,9.06,0.0,53,47975,买盘
1781,13:32:09,9.05,-0.01,6,5430,卖盘
1782,13:32:15,9.05,0.0,6,5430,卖盘
1783,13:32:18,9.05,0.0,5,4525,卖盘
1784,13:32:21,9.05,0.0,3,2715,卖盘
1785,13:32:24,9.05,0.0,5,4525,卖盘
1786,13:32:27,9.05,0.0,9,8145,卖盘
1787,13:32:30,9.05,0.0,53,47965,卖盘
1788,13:32:33,9.05,0.0,108,97740,卖盘
1789,13:32:36,9.05,0.0,66,59735,卖盘
1790,13:32:39,9.04,-0.01,1,904,卖盘
1791,13:32:45,9.04,0.0,16,14464,卖盘
1792,13:32:51,9.04,0.0,7,6328,卖盘
1793,13:32:54,9.05,0.01,345,312041,买盘
1794,13:32:58,9.05,0.0,6,5430,卖盘
1795,13:33:00,9.05,0.0,11,9955,卖盘
1796,13:33:04,9.05,0.0,67,60635,卖盘
1797,13:33:06,9.05,0.0,26,23546,卖盘
1798,13:33:09,9.05,0.0,23,20815,卖盘
1799,13:33:12,9.01,-0.04,100,90159,卖盘
1800,13:33:18,9.04,0.03,3,2712,卖盘
1801,13:33:21,9.04,0.0,3,2712,卖盘
1802,13:33:33,9.03,-0.01,5,4515,卖盘
1803,13:33:39,9.03,0.0,10,9030,卖盘
1804,13:33:42,9.04,0.01,148,133792,买盘
1805,13:33:48,9.03,-0.01,10,9030,卖盘
1806,13:33:54,9.03,0.0,7,6321,卖盘
1807,13:34:09,9.03,0.0,33,29799,买盘
1808,13:34:12,9.04,0.01,9,8136,买盘
1809,13:34:15,9.03,-0.01,8,7228,卖盘
1810,13:34:30,9.04,0.01,200,180800,买盘
1811,13:34:33,9.03,-0.01,3,2709,卖盘
1812,13:34:36,9.04,0.01,1,904,买盘
1813,13:34:39,9.03,-0.01,45,40635,卖盘
1814,13:34:42,9.04,0.01,2,1808,买盘
1815,13:34:45,9.03,-0.01,50,45150,卖盘
1816,13:34:54,9.03,0.0,4,3612,卖盘
1817,13:34:57,9.03,0.0,12,10836,卖盘
1818,13:35:04,9.03,0.0,4,3612,卖盘
1819,13:35:06,9.03,0.0,4,3612,卖盘
1820,13:35:09,9.03,0.0,2,1806,卖盘
1821,13:35:12,9.03,0.0,59,53277,卖盘
1822,13:35:15,9.03,0.0,5,4515,卖盘
1823,13:35:30,9.03,0.0,10,9030,卖盘
1824,13:35:33,9.03,0.0,3,2709,卖盘
1825,13:35:45,9.04,0.01,80,72320,买盘
1826,13:36:03,9.04,0.0,1,904,买盘
1827,13:36:09,9.03,-0.01,222,200466,卖盘
1828,13:36:12,9.04,0.01,8,7232,买盘
1829,13:36:36,9.04,0.0,100,90400,买盘
1830,13:36:39,9.04,0.0,4,3616,买盘
1831,13:36:42,9.04,0.0,2,1808,买盘
1832,13:36:45,9.04,0.0,12,10848,买盘
1833,13:36:51,9.04,0.0,6,5424,卖盘
1834,13:36:55,9.05,0.01,100,90471,买盘
1835,13:36:57,9.05,0.0,4,3620,买盘
1836,13:37:09,9.04,-0.01,4,3616,卖盘
1837,13:37:15,9.05,0.01,86,77771,买盘
1838,13:37:21,9.04,-0.01,6,5424,卖盘
1839,13:37:24,9.04,0.0,17,15368,卖盘
1840,13:37:30,9.04,0.0,4,3616,卖盘
1841,13:37:34,9.04,0.0,28,25312,卖盘
1842,13:37:39,9.05,0.01,3,2715,买盘
1843,13:37:48,9.04,-0.01,6,5424,卖盘
1844,13:37:51,9.05,0.01,261,236205,买盘
1845,13:37:54,9.05,0.0,5,4525,卖盘
1846,13:37:57,9.05,0.0,3,2715,卖盘
1847,13:38:03,9.05,0.0,10,9050,卖盘
1848,13:38:06,9.05,0.0,5,4525,卖盘
1849,13:38:09,9.05,0.0,112,101360,卖盘
1850,13:38:15,9.05,0.0,10,9050,买盘
1851,13:38:21,9.05,0.0,509,460645,买盘
1852,13:38:27,9.05,0.0,11,9955,卖盘
1853,13:38:33,9.05,0.0,24,21720,卖盘
1854,13:38:36,9.05,0.0,13,11765,卖盘
1855,13:38:39,9.05,0.0,19,17195,卖盘
1856,13:38:42,9.05,0.0,12,10860,卖盘
1857,13:38:45,9.05,0.0,4,3620,买盘
1858,13:38:51,9.05,0.0,28,25340,买盘
1859,13:38:57,9.05,0.0,100,90500,买盘
1860,13:39:00,9.05,0.0,21,19005,买盘
1861,13:39:04,9.04,-0.01,10,9040,卖盘
1862,13:39:06,9.04,0.0,16,14464,卖盘
1863,13:39:09,9.04,0.0,17,15368,卖盘
1864,13:39:12,9.04,0.0,5,4520,卖盘
1865,13:39:15,9.04,0.0,44,39776,卖盘
1866,13:39:18,9.03,-0.01,4,3612,卖盘
1867,13:39:27,9.03,0.0,2,1806,卖盘
1868,13:39:31,9.03,0.0,6,5418,卖盘
1869,13:39:33,9.03,0.0,14,12642,卖盘
1870,13:39:36,9.03,0.0,10,9030,卖盘
1871,13:39:39,9.03,0.0,4,3612,卖盘
1872,13:39:42,9.03,0.0,10,9030,卖盘
1873,13:39:45,9.03,0.0,1,903,卖盘
1874,13:40:00,9.03,0.0,4,3612,卖盘
1875,13:40:04,9.03,0.0,48,43344,卖盘
1876,13:40:06,9.03,0.0,1,903,卖盘
1877,13:40:09,9.04,0.01,9,8136,买盘
1878,13:40:15,9.03,-0.01,204,184212,卖盘
1879,13:40:18,9.03,0.0,4,3612,卖盘
1880,13:40:21,9.03,0.0,11,9933,卖盘
1881,13:40:27,9.03,0.0,5,4515,卖盘
1882,13:40:30,9.03,0.0,19,17157,卖盘
1883,13:40:34,9.03,0.0,19,17157,卖盘
1884,13:40:36,9.03,0.0,4,3612,卖盘
1885,13:40:39,9.04,0.01,160,144640,买盘
1886,13:40:45,9.03,-0.01,2,1806,卖盘
1887,13:40:51,9.04,0.01,20,18080,买盘
1888,13:40:57,9.03,-0.01,18,16269,卖盘
1889,13:41:00,9.03,0.0,9,8127,卖盘
1890,13:41:03,9.03,0.0,14,12642,卖盘
1891,13:41:06,9.03,0.0,10,9030,卖盘
1892,13:41:15,9.03,0.0,59,53277,卖盘
1893,13:41:18,9.04,0.01,2,1808,买盘
1894,13:41:27,9.03,-0.01,6,5418,卖盘
1895,13:41:30,9.03,0.0,13,11744,卖盘
1896,13:41:33,9.03,0.0,19,17157,卖盘
1897,13:41:36,9.03,0.0,5,4515,卖盘
1898,13:41:51,9.03,0.0,4,3612,卖盘
1899,13:41:54,9.03,0.0,5,4515,卖盘
1900,13:41:58,9.03,0.0,13,11742,卖盘
1901,13:42:00,9.03,0.0,20,18060,卖盘
1902,13:42:04,9.03,0.0,61,55129,卖盘
1903,13:42:06,9.03,0.0,65,58748,卖盘
1904,13:42:18,9.04,0.01,1,904,买盘
1905,13:42:21,9.04,0.0,21,18984,买盘
1906,13:42:24,9.04,0.0,1,904,买盘
1907,13:42:27,9.03,-0.01,14,12645,卖盘
1908,13:42:30,9.03,0.0,2,1806,卖盘
1909,13:42:33,9.03,0.0,14,12649,卖盘
1910,13:42:36,9.03,0.0,10,9031,卖盘
1911,13:42:39,9.03,0.0,36,32539,卖盘
1912,13:42:42,9.04,0.01,9,8136,买盘
1913,13:42:45,9.04,0.0,4,3616,卖盘
1914,13:42:48,9.04,0.0,1,904,卖盘
1915,13:42:51,9.05,0.01,7,6335,买盘
1916,13:42:54,9.05,0.0,19,17195,买盘
1917,13:42:57,9.05,0.0,152,137560,买盘
1918,13:43:00,9.05,0.0,61,55263,卖盘
1919,13:43:04,9.05,0.0,42,38040,卖盘
1920,13:43:06,9.06,0.01,30,27166,买盘
1921,13:43:09,9.06,0.0,24,21744,买盘
1922,13:43:12,9.06,0.0,178,161449,买盘
1923,13:43:18,9.06,0.0,46,41495,卖盘
1924,13:43:21,9.06,0.0,13,11778,买盘
1925,13:43:24,9.06,0.0,1,906,卖盘
1926,13:43:27,9.05,-0.01,20,18115,卖盘
1927,13:43:30,9.05,0.0,6,5430,卖盘
1928,13:43:33,9.05,0.0,38,34417,卖盘
1929,13:43:36,9.06,0.01,65,58888,买盘
1930,13:43:39,9.06,0.0,4,3624,卖盘
1931,13:43:51,9.07,0.01,240,217680,买盘
1932,13:43:54,9.07,0.0,12,10884,买盘
1933,13:43:57,9.07,0.0,4,3628,卖盘
1934,13:44:00,9.07,0.0,18,16326,卖盘
1935,13:44:04,9.08,0.01,27,24509,买盘
1936,13:44:06,9.08,0.0,39,35403,买盘
1937,13:44:09,9.07,-0.01,10,9070,买盘
1938,13:44:12,9.06,-0.01,83,75219,卖盘
1939,13:44:16,9.1,0.04,922,838098,买盘
1940,13:44:21,9.1,0.0,139,126490,买盘
1941,13:44:24,9.1,0.0,44,40044,卖盘
1942,13:44:27,9.1,0.0,2,1820,卖盘
1943,13:44:30,9.11,0.01,15,13665,买盘
1944,13:44:33,9.11,0.0,55,50097,卖盘
1945,13:44:36,9.11,0.0,11,10021,卖盘
1946,13:44:39,9.13,0.02,92,83899,买盘
1947,13:44:42,9.13,0.0,202,184323,买盘
1948,13:44:48,9.13,0.0,26,23709,买盘
1949,13:44:54,9.13,0.0,25,22818,买盘
1950,13:45:00,9.1,-0.03,26,23696,卖盘
1951,13:45:03,9.12,0.02,24,21870,买盘
1952,13:45:06,9.1,-0.02,16,14560,卖盘
1953,13:45:09,9.12,0.02,122,111253,买盘
1954,13:45:12,9.12,0.0,34,31008,卖盘
1955,13:45:15,9.12,0.0,52,47424,卖盘
1956,13:45:18,9.13,0.01,79,72058,买盘
1957,13:45:21,9.11,-0.02,12,10932,卖盘
1958,13:45:24,9.1,-0.01,1,910,卖盘
1959,13:45:27,9.1,0.0,7,6374,卖盘
1960,13:45:30,9.1,0.0,24,21846,卖盘
1961,13:45:33,9.07,-0.03,5,4538,卖盘
1962,13:45:39,9.07,0.0,10,9070,卖盘
1963,13:45:42,9.1,0.03,80,72800,买盘
1964,13:45:51,9.11,0.01,5,4555,买盘
1965,13:45:54,9.11,0.0,16,14576,买盘
1966,13:45:57,9.11,0.0,2,1822,卖盘
1967,13:46:00,9.11,0.0,19,17313,卖盘
1968,13:46:03,9.11,0.0,11,10021,卖盘
1969,13:46:06,9.11,0.0,25,22775,卖盘
1970,13:46:09,9.11,0.0,127,115697,卖盘
1971,13:46:12,9.11,0.0,11,10021,买盘
1972,13:46:18,9.11,0.0,24,21860,买盘
1973,13:46:21,9.11,0.0,92,83812,买盘
1974,13:46:24,9.11,0.0,95,86475,买盘
1975,13:46:27,9.1,-0.01,3,2730,卖盘
1976,13:46:30,9.1,0.0,20,18200,卖盘
1977,13:46:33,9.1,0.0,5,4550,卖盘
1978,13:46:37,9.1,0.0,3,2730,卖盘
1979,13:46:48,9.1,0.0,5,4550,卖盘
1980,13:46:51,9.1,0.0,41,37310,卖盘
1981,13:46:57,9.1,0.0,15,13650,卖盘
1982,13:47:00,9.1,0.0,4,3640,卖盘
1983,13:47:03,9.1,0.0,46,41860,卖盘
1984,13:47:06,9.1,0.0,165,150199,卖盘
1985,13:47:09,9.1,0.0,15,13650,卖盘
1986,13:47:12,9.1,0.0,52,47320,卖盘
1987,13:47:15,9.1,0.0,5,4550,卖盘
1988,13:47:18,9.1,0.0,22,20020,卖盘
1989,13:47:21,9.1,0.0,78,70995,卖盘
1990,13:47:24,9.1,0.0,10,9100,卖盘
1991,13:47:27,9.1,0.0,282,256620,卖盘
1992,13:47:30,9.1,0.0,84,76440,卖盘
1993,13:47:33,9.09,-0.01,27,24543,卖盘
1994,13:47:36,9.08,-0.01,15,13620,卖盘
1995,13:47:54,9.08,0.0,6,5448,买盘
1996,13:48:00,9.08,0.0,25,22706,卖盘
1997,13:48:03,9.08,0.0,25,22705,卖盘
1998,13:48:06,9.08,0.0,4,3632,卖盘
1999,13:48:12,9.08,0.0,6,5448,卖盘
2000,13:48:15,9.08,0.0,5,4540,卖盘
2001,13:48:27,9.09,0.01,18,16347,买盘
2002,13:48:30,9.07,-0.02,11,9977,卖盘
2003,13:48:33,9.07,0.0,15,13615,卖盘
2004,13:48:36,9.09,0.02,12,10890,买盘
2005,13:48:45,9.08,-0.01,208,188864,买盘
2006,13:49:00,9.08,0.0,45,40920,卖盘
2007,13:49:04,9.08,0.0,22,19996,卖盘
2008,13:49:06,9.09,0.01,4,3634,中性盘
2009,13:49:15,9.1,0.01,14,12740,买盘
2010,13:49:18,9.1,0.0,1,910,买盘
2011,13:49:24,9.09,-0.01,19,17271,卖盘
2012,13:49:27,9.08,-0.01,6,5448,卖盘
2013,13:49:30,9.09,0.01,61,55427,买盘
2014,13:49:33,9.09,0.0,12,10908,卖盘
2015,13:49:39,9.1,0.01,50,45500,买盘
2016,13:49:54,9.09,-0.01,5,4545,卖盘
2017,13:50:00,9.09,0.0,18,16362,卖盘
2018,13:50:04,9.08,-0.01,32,29107,卖盘
2019,13:50:09,9.1,0.02,24,21840,买盘
2020,13:50:18,9.1,0.0,12,10920,卖盘
2021,13:50:24,9.1,0.0,5,4550,买盘
2022,13:50:28,9.09,-0.01,25,22746,卖盘
2023,13:50:31,9.09,0.0,32,29102,卖盘
2024,13:50:33,9.09,0.0,23,20908,卖盘
2025,13:50:42,9.1,0.01,1,910,买盘
2026,13:50:54,9.1,0.0,56,50930,买盘
2027,13:51:00,9.09,-0.01,3,2727,卖盘
2028,13:51:03,9.09,0.0,30,27270,卖盘
2029,13:51:06,9.09,0.0,4,3636,卖盘
2030,13:51:12,9.1,0.01,45,40944,买盘
2031,13:51:15,9.1,0.0,47,42770,买盘
2032,13:51:18,9.1,0.0,1,910,卖盘
2033,13:51:21,9.11,0.01,1,911,买盘
2034,13:51:24,9.1,-0.01,258,234780,卖盘
2035,13:51:27,9.1,0.0,14,12744,卖盘
2036,13:51:30,9.1,0.0,9,8190,卖盘
2037,13:51:33,9.1,0.0,19,17290,卖盘
2038,13:51:36,9.11,0.01,24,21859,买盘
2039,13:51:39,9.1,-0.01,8,7280,卖盘
2040,13:51:54,9.1,0.0,202,183820,卖盘
2041,13:51:57,9.1,0.0,64,58240,卖盘
2042,13:52:00,9.1,0.0,4,3640,卖盘
2043,13:52:03,9.11,0.01,115,104742,买盘
2044,13:52:06,9.09,-0.02,2,1818,卖盘
2045,13:52:09,9.1,0.01,3,2730,买盘
2046,13:52:24,9.1,0.0,5,4550,买盘
2047,13:52:28,9.1,0.0,13,11829,买盘
2048,13:52:31,9.1,0.0,10,9100,卖盘
2049,13:52:33,9.1,0.0,15,13650,卖盘
2050,13:52:36,9.1,0.0,10,9100,卖盘
2051,13:52:42,9.1,0.0,10,9100,卖盘
2052,13:52:51,9.11,0.01,1,911,买盘
2053,13:53:00,9.1,-0.01,17,15470,卖盘
2054,13:53:04,9.1,0.0,9,8190,卖盘
2055,13:53:06,9.1,0.0,7,6370,卖盘
2056,13:53:09,9.1,0.0,1,910,卖盘
2057,13:53:12,9.1,0.0,14,12740,卖盘
2058,13:53:15,9.1,0.0,41,37310,卖盘
2059,13:53:25,9.1,0.0,58,52780,卖盘
2060,13:53:28,9.1,0.0,7,6370,卖盘
2061,13:53:30,9.1,0.0,40,36400,卖盘
2062,13:53:33,9.1,0.0,22,20020,卖盘
2063,13:53:36,9.09,-0.01,1,909,卖盘
2064,13:53:39,9.09,0.0,2,1818,卖盘
2065,13:53:42,9.1,0.01,10,9100,买盘
2066,13:53:48,9.09,-0.01,2,1818,卖盘
2067,13:53:51,9.1,0.01,12,10916,买盘
2068,13:53:57,9.09,-0.01,5,4545,卖盘
2069,13:54:00,9.09,0.0,3,2727,卖盘
2070,13:54:04,9.09,0.0,9,8181,卖盘
2071,13:54:06,9.09,0.0,17,15453,卖盘
2072,13:54:09,9.09,0.0,4,3636,卖盘
2073,13:54:12,9.09,0.0,19,17271,卖盘
2074,13:54:15,9.09,0.0,1,909,买盘
2075,13:54:18,9.09,0.0,11,9999,买盘
2076,13:54:21,9.09,0.0,5,4545,买盘
2077,13:54:24,9.08,-0.01,63,57204,卖盘
2078,13:54:28,9.09,0.01,26,23634,买盘
2079,13:54:31,9.09,0.0,12,10908,卖盘
2080,13:54:33,9.09,0.0,20,18180,卖盘
2081,13:54:37,9.09,0.0,6,5454,卖盘
2082,13:54:48,9.09,0.0,10,9090,卖盘
2083,13:54:54,9.09,0.0,6,5454,卖盘
2084,13:55:00,9.09,0.0,7,6363,卖盘
2085,13:55:03,9.09,0.0,15,13635,卖盘
2086,13:55:06,9.09,0.0,13,11817,卖盘
2087,13:55:16,9.1,0.01,37,33670,买盘
2088,13:55:18,9.1,0.0,1,910,买盘
2089,13:55:21,9.1,0.0,2,1820,买盘
2090,13:55:24,9.09,-0.01,22,19998,卖盘
2091,13:55:27,9.09,0.0,58,52722,卖盘
2092,13:55:30,9.09,0.0,32,29088,卖盘
2093,13:55:33,9.09,0.0,11,10000,卖盘
2094,13:55:36,9.09,0.0,1,909,卖盘
2095,13:55:48,9.09,0.0,21,19089,卖盘
2096,13:55:54,9.09,0.0,60,54540,卖盘
2097,13:55:58,9.1,0.01,20,18189,买盘
2098,13:56:01,9.09,-0.01,7,6363,卖盘
2099,13:56:04,9.08,-0.01,1,908,卖盘
2100,13:56:06,9.08,0.0,4,3632,卖盘
2101,13:56:12,9.08,0.0,9,8172,卖盘
2102,13:56:18,9.09,0.01,9,8181,买盘
2103,13:56:21,9.09,0.0,1,909,买盘
2104,13:56:27,9.08,-0.01,1,908,卖盘
2105,13:56:30,9.08,0.0,17,15436,卖盘
2106,13:56:33,9.08,0.0,11,9988,卖盘
2107,13:56:39,9.08,0.0,4,3632,卖盘
2108,13:56:45,9.08,0.0,14,12712,卖盘
2109,13:56:54,9.08,0.0,8,7264,卖盘
2110,13:56:57,9.08,0.0,4,3632,卖盘
2111,13:57:00,9.08,0.0,7,6356,卖盘
2112,13:57:03,9.08,0.0,24,21792,卖盘
2113,13:57:06,9.09,0.01,7,6357,买盘
2114,13:57:21,9.09,0.0,19,17271,买盘
2115,13:57:27,9.08,-0.01,84,76272,卖盘
2116,13:57:30,9.08,0.0,43,39044,买盘
2117,13:57:33,9.08,0.0,8,7264,卖盘
2118,13:57:36,9.08,0.0,6,5448,卖盘
2119,13:57:45,9.08,0.0,5,4540,卖盘
2120,13:57:48,9.08,0.0,4,3632,卖盘
2121,13:57:51,9.08,0.0,1,908,卖盘
2122,13:57:54,9.08,0.0,1,908,卖盘
2123,13:57:57,9.08,0.0,4,3632,卖盘
2124,13:58:00,9.08,0.0,10,9080,卖盘
2125,13:58:04,9.08,0.0,10,9080,卖盘
2126,13:58:06,9.08,0.0,2,1816,卖盘
2127,13:58:12,9.08,0.0,6,5448,买盘
2128,13:58:21,9.08,0.0,8,7264,买盘
2129,13:58:24,9.07,-0.01,6,5442,卖盘
2130,13:58:27,9.07,0.0,4,3628,卖盘
2131,13:58:30,9.07,0.0,5,4535,卖盘
2132,13:58:33,9.07,0.0,10,9070,卖盘
2133,13:58:36,9.08,0.01,84,76268,买盘
2134,13:58:39,9.08,0.0,5,4540,卖盘
2135,13:58:42,9.08,0.0,12,10896,卖盘
2136,13:58:54,9.08,0.0,3,2724,卖盘
2137,13:58:57,9.08,0.0,3,2724,卖盘
2138,13:59:00,9.08,0.0,11,9988,卖盘
2139,13:59:04,9.09,0.01,67,60898,买盘
2140,13:59:06,9.09,0.0,9,8181,卖盘
2141,13:59:09,9.09,0.0,17,15453,卖盘
2142,13:59:12,9.1,0.01,79,71812,买盘
2143,13:59:27,9.09,-0.01,5,4272,卖盘
2144,13:59:30,9.08,-0.01,57,52084,卖盘
2145,13:59:33,9.08,0.0,24,21792,卖盘
2146,13:59:36,9.08,0.0,6,5448,卖盘
2147,13:59:42,9.06,-0.02,56,50830,卖盘
2148,14:00:00,9.07,0.01,3,2721,卖盘
2149,14:00:03,9.07,0.0,19,17234,卖盘
2150,14:00:06,9.07,0.0,3,2721,卖盘
2151,14:00:09,9.07,0.0,4,3628,卖盘
2152,14:00:15,9.07,0.0,61,55327,卖盘
2153,14:00:21,9.07,0.0,4,3628,卖盘
2154,14:00:27,9.08,0.01,2,1816,买盘
2155,14:00:31,9.07,-0.01,8,7257,卖盘
2156,14:00:33,9.07,0.0,18,16326,卖盘
2157,14:00:36,9.06,-0.01,36,32636,卖盘
2158,14:00:39,9.06,0.0,1,906,卖盘
2159,14:00:43,9.06,0.0,72,65244,卖盘
2160,14:00:45,9.07,0.01,12,10884,买盘
2161,14:00:48,9.06,-0.01,4,3624,卖盘
2162,14:01:00,9.06,0.0,8,7248,卖盘
2163,14:01:03,9.06,0.0,9,8154,卖盘
2164,14:01:06,9.06,0.0,43,38959,卖盘
2165,14:01:09,9.06,0.0,10,9060,卖盘
2166,14:01:15,9.06,0.0,34,30804,卖盘
2167,14:01:18,9.06,0.0,3,2718,买盘
2168,14:01:31,9.05,-0.01,65,58825,卖盘
2169,14:01:33,9.05,0.0,15,13575,卖盘
2170,14:01:36,9.05,0.0,16,14480,卖盘
2171,14:01:39,9.05,0.0,3,2715,卖盘
2172,14:01:42,9.05,0.0,64,57920,卖盘
2173,14:01:54,9.06,0.01,2,1812,买盘
2174,14:02:04,9.05,-0.01,8,7243,卖盘
2175,14:02:07,9.04,-0.01,54,48854,卖盘
2176,14:02:09,9.04,0.0,3,2712,卖盘
2177,14:02:12,9.04,0.0,15,13560,卖盘
2178,14:02:15,9.04,0.0,111,100344,卖盘
2179,14:02:24,9.04,0.0,6,5424,卖盘
2180,14:02:30,9.04,0.0,13,11752,卖盘
2181,14:02:34,9.04,0.0,9,8136,卖盘
2182,14:02:36,9.04,0.0,12,10848,卖盘
2183,14:02:39,9.04,0.0,12,10848,卖盘
2184,14:02:42,9.04,0.0,10,9040,卖盘
2185,14:02:45,9.04,0.0,12,10848,卖盘
2186,14:02:51,9.04,0.0,1,904,买盘
2187,14:03:00,9.03,-0.01,4,3612,卖盘
2188,14:03:03,9.03,0.0,12,10836,卖盘
2189,14:03:06,9.03,0.0,11,9933,卖盘
2190,14:03:09,9.03,0.0,4,3612,卖盘
2191,14:03:15,9.03,0.0,70,63210,卖盘
2192,14:03:27,9.03,0.0,3,2709,卖盘
2193,14:03:30,9.03,0.0,13,11739,卖盘
2194,14:03:33,9.03,0.0,25,22575,卖盘
2195,14:03:36,9.02,-0.01,33,29795,卖盘
2196,14:03:39,9.02,0.0,10,9020,卖盘
2197,14:03:42,9.02,0.0,5,4510,卖盘
2198,14:03:46,9.02,0.0,60,54120,卖盘
2199,14:03:54,9.03,0.01,1,903,买盘
2200,14:04:00,9.02,-0.01,1,902,卖盘
2201,14:04:03,9.02,0.0,9,8118,卖盘
2202,14:04:06,9.02,0.0,1,902,卖盘
2203,14:04:16,9.02,0.0,106,95509,买盘
2204,14:04:18,9.02,0.0,10,9020,买盘
2205,14:04:27,9.02,0.0,4,3608,买盘
2206,14:04:30,9.02,0.0,7,6314,卖盘
2207,14:04:33,9.02,0.0,8,7216,卖盘
2208,14:04:36,9.02,0.0,12,10824,卖盘
2209,14:04:39,9.03,0.01,16,14436,买盘
2210,14:04:45,9.03,0.0,46,41538,卖盘
2211,14:04:54,9.03,0.0,14,12642,买盘
2212,14:04:57,9.03,0.0,5,4515,卖盘
2213,14:05:00,9.03,0.0,16,14448,卖盘
2214,14:05:06,9.02,-0.01,9,8118,卖盘
2215,14:05:09,9.02,0.0,9,8118,卖盘
2216,14:05:12,9.03,0.01,10,9030,买盘
2217,14:05:15,9.02,-0.01,3,2706,卖盘
2218,14:05:19,9.02,0.0,1,902,买盘
2219,14:05:27,9.01,-0.01,4,3604,卖盘
2220,14:05:30,9.01,0.0,8,7208,卖盘
2221,14:05:33,9.01,0.0,40,36040,卖盘
2222,14:05:36,9.01,0.0,6,5405,买盘
2223,14:05:39,9.0,-0.01,55,49511,卖盘
2224,14:05:42,9.01,0.01,1,901,买盘
2225,14:05:48,9.0,-0.01,5,4500,卖盘
2226,14:05:51,9.0,0.0,4,3600,卖盘
2227,14:06:00,9.0,0.0,27,24320,卖盘
2228,14:06:04,9.0,0.0,28,25200,卖盘
2229,14:06:06,9.0,0.0,10,9000,卖盘
2230,14:06:09,9.0,0.0,9,8100,卖盘
2231,14:06:15,9.0,0.0,61,54900,卖盘
2232,14:06:18,9.01,0.01,5,4501,买盘
2233,14:06:30,9.0,-0.01,10,9009,卖盘
2234,14:06:33,9.0,0.0,23,20710,卖盘
2235,14:06:36,9.0,0.0,9,8104,卖盘
2236,14:06:39,9.0,0.0,15,13504,卖盘
2237,14:06:42,9.01,0.01,1,901,买盘
2238,14:06:54,9.01,0.0,50,45050,买盘
2239,14:06:57,9.01,0.0,212,191012,买盘
2240,14:07:00,9.01,0.0,71,64028,买盘
2241,14:07:04,9.01,0.0,8,7208,卖盘
2242,14:07:06,9.02,0.01,3,2706,中性盘
2243,14:07:09,9.02,0.0,18,16226,卖盘
2244,14:07:15,9.02,0.0,11,9924,卖盘
2245,14:07:18,9.02,0.0,24,21648,买盘
2246,14:07:24,9.01,-0.01,4,3604,卖盘
2247,14:07:30,9.01,0.0,22,19832,卖盘
2248,14:07:33,9.01,0.0,10,9010,卖盘
2249,14:07:36,9.01,0.0,69,62174,卖盘
2250,14:07:39,9.01,0.0,1,901,卖盘
2251,14:07:45,9.02,0.01,11,9922,买盘
2252,14:07:51,9.01,-0.01,4,3604,卖盘
2253,14:07:57,9.02,0.01,62,55924,买盘
2254,14:08:00,9.02,0.0,18,16236,卖盘
2255,14:08:04,9.02,0.0,1,902,卖盘
2256,14:08:12,9.02,0.0,26,23452,卖盘
2257,14:08:15,9.02,0.0,61,55022,卖盘
2258,14:08:18,9.03,0.01,2,1806,买盘
2259,14:08:22,9.02,-0.01,16,14432,卖盘
2260,14:08:24,9.02,0.0,11,9922,买盘
2261,14:08:27,9.03,0.01,10,9030,买盘
2262,14:08:30,9.02,-0.01,7,6314,卖盘
2263,14:08:39,9.02,0.0,5,4510,卖盘
2264,14:08:45,9.02,0.0,5,4510,卖盘
2265,14:08:52,9.02,0.0,64,57728,卖盘
2266,14:08:54,9.04,0.02,4,3616,买盘
2267,14:08:57,9.02,-0.02,6,5412,卖盘
2268,14:09:00,9.02,0.0,7,6314,卖盘
2269,14:09:03,9.02,0.0,8,7216,卖盘
2270,14:09:06,9.02,0.0,3,2706,卖盘
2271,14:09:09,9.02,0.0,12,10824,卖盘
2272,14:09:12,9.02,0.0,5,4510,卖盘
2273,14:09:15,9.03,0.01,5,4515,中性盘
2274,14:09:24,9.02,-0.01,41,37021,卖盘
2275,14:09:27,9.02,0.0,4,3609,卖盘
2276,14:09:30,9.02,0.0,13,11726,卖盘
2277,14:09:34,9.02,0.0,4,3608,卖盘
2278,14:09:37,9.02,0.0,71,64052,卖盘
2279,14:09:40,9.02,0.0,15,13530,卖盘
2280,14:09:45,9.02,0.0,95,85597,买盘
2281,14:10:00,9.02,0.0,11,9922,卖盘
2282,14:10:03,9.02,0.0,3,2706,卖盘
2283,14:10:06,9.03,0.01,10,9021,买盘
2284,14:10:09,9.02,-0.01,8,7216,卖盘
2285,14:10:16,9.02,0.0,71,64052,卖盘
2286,14:10:27,9.02,0.0,4,3608,卖盘
2287,14:10:30,9.02,0.0,20,18040,卖盘
2288,14:10:33,9.03,0.01,7,6318,中性盘
2289,14:10:36,9.03,0.0,4,3612,卖盘
2290,14:10:39,9.03,0.0,1,903,卖盘
2291,14:10:42,9.03,0.0,3,2709,卖盘
2292,14:10:57,9.04,0.01,1,904,买盘
2293,14:11:00,9.03,-0.01,10,9030,卖盘
2294,14:11:04,9.03,0.0,3,2709,卖盘
2295,14:11:06,9.03,0.0,3,2709,卖盘
2296,14:11:09,9.02,-0.01,9,8125,卖盘
2297,14:11:15,9.02,0.0,61,55022,卖盘
2298,14:11:24,9.03,0.01,41,37023,买盘
2299,14:11:27,9.03,0.0,5,4515,卖盘
2300,14:11:30,9.03,0.0,15,13546,卖盘
2301,14:11:33,9.03,0.0,9,8127,卖盘
2302,14:11:36,9.03,0.0,41,37023,卖盘
2303,14:11:39,9.02,-0.01,52,46954,卖盘
2304,14:11:42,9.02,0.0,4,3608,卖盘
2305,14:11:45,9.03,0.01,132,119196,买盘
2306,14:11:57,9.04,0.01,9,8136,买盘
2307,14:12:00,9.03,-0.01,6,5418,卖盘
2308,14:12:04,9.03,0.0,1,903,买盘
2309,14:12:06,9.02,-0.01,4,3608,卖盘
2310,14:12:09,9.02,0.0,5,4510,卖盘
2311,14:12:12,9.03,0.01,11,9933,买盘
2312,14:12:15,9.02,-0.01,63,56826,卖盘
2313,14:12:22,9.02,0.0,1,902,卖盘
2314,14:12:27,9.02,0.0,27,24354,卖盘
2315,14:12:30,9.02,0.0,6,5412,卖盘
2316,14:12:33,9.03,0.01,23,20751,买盘
2317,14:12:36,9.03,0.0,10,9030,卖盘
2318,14:12:39,9.03,0.0,8,7224,卖盘
2319,14:12:48,9.03,0.0,4,3612,卖盘
2320,14:12:54,9.03,0.0,16,14448,卖盘
2321,14:13:00,9.02,-0.01,8,7216,卖盘
2322,14:13:03,9.02,0.0,6,5412,卖盘
2323,14:13:06,9.02,0.0,14,12628,卖盘
2324,14:13:09,9.02,0.0,5,4510,卖盘
2325,14:13:15,9.02,0.0,61,55022,卖盘
2326,14:13:21,9.03,0.01,1,903,买盘
2327,14:13:24,9.02,-0.01,4,3608,卖盘
2328,14:13:30,9.02,0.0,14,12628,卖盘
2329,14:13:33,9.02,0.0,5,4510,卖盘
2330,14:13:36,9.02,0.0,8,7216,卖盘
2331,14:13:39,9.02,0.0,59,53218,卖盘
2332,14:13:43,9.03,0.01,29,26187,买盘
2333,14:13:48,9.02,-0.01,9,8118,卖盘
2334,14:13:54,9.04,0.02,8,7232,买盘
2335,14:14:00,9.03,-0.01,40,36094,卖盘
2336,14:14:06,9.02,-0.01,4,3608,卖盘
2337,14:14:09,9.02,0.0,5,4510,卖盘
2338,14:14:15,9.02,0.0,61,55022,卖盘
2339,14:14:18,9.03,0.01,8,7224,买盘
2340,14:14:27,9.03,0.0,7,6321,买盘
2341,14:14:31,9.02,-0.01,6,5159,卖盘
2342,14:14:33,9.02,0.0,10,9020,卖盘
2343,14:14:36,9.02,0.0,17,15334,卖盘
2344,14:14:39,9.02,0.0,63,57052,卖盘
2345,14:15:00,9.02,0.0,29,26158,卖盘
2346,14:15:04,9.02,0.0,9,8118,卖盘
2347,14:15:06,9.02,0.0,2,1804,卖盘
2348,14:15:09,9.02,0.0,5,4510,卖盘
2349,14:15:15,9.02,0.0,42,37911,卖盘
2350,14:15:30,9.01,-0.01,4,3604,卖盘
2351,14:15:33,9.01,0.0,20,18022,卖盘
2352,14:15:37,9.01,0.0,12,10812,卖盘
2353,14:15:42,9.01,0.0,54,48654,卖盘
2354,14:15:45,9.01,0.0,5,4505,买盘
2355,14:15:57,9.02,0.01,2,1804,买盘
2356,14:16:00,9.0,-0.02,17,15300,卖盘
2357,14:16:03,9.0,0.0,43,38761,卖盘
2358,14:16:06,9.0,0.0,3,2700,卖盘
2359,14:16:09,9.02,0.02,2,1804,买盘
2360,14:16:15,9.0,-0.02,61,54900,卖盘
2361,14:16:30,9.0,0.0,38,34213,卖盘
2362,14:16:33,9.0,0.0,6,5400,卖盘
2363,14:16:36,9.0,0.0,8,7200,卖盘
2364,14:16:39,9.01,0.01,4,3604,买盘
2365,14:16:42,9.01,0.0,2,1802,卖盘
2366,14:16:57,9.01,0.0,5,4505,卖盘
2367,14:17:00,9.01,0.0,10,9010,卖盘
2368,14:17:04,9.01,0.0,13,11713,卖盘
2369,14:17:06,9.01,0.0,14,12614,卖盘
2370,14:17:12,9.01,0.0,85,76585,卖盘
2371,14:17:15,9.0,-0.01,62,55800,卖盘
2372,14:17:18,9.0,0.0,10,9000,卖盘
2373,14:17:24,9.01,0.01,15,13515,买盘
2374,14:17:27,9.01,0.0,3,2703,卖盘
2375,14:17:30,9.01,0.0,9,8109,卖盘
2376,14:17:33,9.01,0.0,15,13515,卖盘
2377,14:17:36,9.0,-0.01,3,2700,卖盘
2378,14:17:39,9.0,0.0,4,3600,卖盘
2379,14:17:42,9.0,0.0,65,58500,卖盘
2380,14:17:57,9.0,0.0,53,47700,卖盘
2381,14:18:00,9.0,0.0,11,9900,卖盘
2382,14:18:04,9.0,0.0,10,9000,卖盘
2383,14:18:06,9.0,0.0,10,9001,卖盘
2384,14:18:09,9.0,0.0,1,900,卖盘
2385,14:18:15,9.0,0.0,61,54900,卖盘
2386,14:18:31,9.0,0.0,19,17100,卖盘
2387,14:18:33,9.0,0.0,14,12600,卖盘
2388,14:18:36,9.0,0.0,3,2700,卖盘
2389,14:18:39,9.0,0.0,1,900,卖盘
2390,14:18:57,9.01,0.01,1,901,买盘
2391,14:19:00,9.0,-0.01,10,9000,卖盘
2392,14:19:04,9.0,0.0,14,12600,卖盘
2393,14:19:06,9.0,0.0,4,3600,卖盘
2394,14:19:09,9.0,0.0,2,1800,卖盘
2395,14:19:21,8.99,-0.01,1,899,卖盘
2396,14:19:30,8.99,0.0,9,8091,卖盘
2397,14:19:33,8.99,0.0,31,27879,卖盘
2398,14:19:36,8.99,0.0,13,11687,卖盘
2399,14:19:42,8.99,0.0,5,4495,买盘
2400,14:19:46,8.98,-0.01,20,17960,卖盘
2401,14:19:48,8.98,0.0,39,35022,买盘
2402,14:19:54,8.97,-0.01,23,20631,卖盘
2403,14:19:57,8.98,0.01,15,13470,买盘
2404,14:20:00,8.98,0.0,3,2695,卖盘
2405,14:20:03,8.98,0.0,6,5388,卖盘
2406,14:20:09,8.97,-0.01,13,11671,卖盘
2407,14:20:12,8.97,0.0,3,2691,卖盘
2408,14:20:15,8.97,0.0,60,53820,卖盘
2409,14:20:18,8.97,0.0,15,13455,买盘
2410,14:20:24,8.99,0.02,9,8085,买盘
2411,14:20:30,8.97,-0.02,18,16146,卖盘
2412,14:20:33,8.97,0.0,9,8073,卖盘
2413,14:20:36,8.97,0.0,5,4485,卖盘
2414,14:21:00,8.97,0.0,9,8073,卖盘
2415,14:21:03,8.97,0.0,14,12558,卖盘
2416,14:21:06,8.97,0.0,7,6279,买盘
2417,14:21:10,8.97,0.0,1,897,卖盘
2418,14:21:15,8.98,0.01,1,898,中性盘
2419,14:21:24,8.97,-0.01,9,8073,卖盘
2420,14:21:30,8.97,0.0,15,13455,卖盘
2421,14:21:33,8.99,0.02,113,101491,买盘
2422,14:21:36,8.97,-0.02,40,35913,卖盘
2423,14:21:39,8.97,0.0,2,1794,卖盘
2424,14:22:00,8.97,0.0,20,17940,卖盘
2425,14:22:04,8.97,0.0,8,7176,卖盘
2426,14:22:06,8.97,0.0,3,2691,卖盘
2427,14:22:10,8.97,0.0,33,29615,卖盘
2428,14:22:15,8.97,0.0,124,111228,卖盘
2429,14:22:18,8.97,0.0,2,1794,买盘
2430,14:22:24,8.97,0.0,6,5382,买盘
2431,14:22:27,8.97,0.0,2,1794,买盘
2432,14:22:30,8.96,-0.01,18,16128,卖盘
2433,14:22:33,8.96,0.0,8,7168,卖盘
2434,14:22:36,8.96,0.0,8,7168,卖盘
2435,14:22:45,8.96,0.0,19,17024,卖盘
2436,14:23:00,8.96,0.0,8,7168,卖盘
2437,14:23:04,8.96,0.0,19,17024,卖盘
2438,14:23:06,8.96,0.0,4,3584,卖盘
2439,14:23:15,8.96,0.0,62,55553,卖盘
2440,14:23:21,8.96,0.0,54,48384,卖盘
2441,14:23:27,8.97,0.01,1,897,买盘
2442,14:23:30,8.96,-0.01,12,10752,卖盘
2443,14:23:33,8.96,0.0,13,11648,卖盘
2444,14:23:36,8.96,0.0,10,8960,卖盘
2445,14:23:39,8.96,0.0,46,41216,卖盘
2446,14:23:45,8.96,0.0,2,1792,买盘
2447,14:23:48,8.96,0.0,61,54597,买盘
2448,14:23:54,8.96,0.0,115,103040,卖盘
2449,14:24:00,8.96,0.0,8,7168,卖盘
2450,14:24:04,8.96,0.0,15,13440,买盘
2451,14:24:06,8.96,0.0,11,9856,卖盘
2452,14:24:15,8.96,0.0,36,32257,卖盘
2453,14:24:18,8.96,0.0,26,23296,买盘
2454,14:24:24,8.97,0.01,201,180297,买盘
2455,14:24:27,8.97,0.0,108,96876,买盘
2456,14:24:30,8.97,0.0,12,10764,卖盘
2457,14:24:33,8.97,0.0,13,11661,卖盘
2458,14:24:36,8.98,0.01,36,32319,买盘
2459,14:24:39,8.97,-0.01,44,39498,卖盘
2460,14:24:48,8.98,0.01,27,24246,买盘
2461,14:24:51,8.98,0.0,6,5388,买盘
2462,14:24:54,8.99,0.01,7,6293,买盘
2463,14:25:01,8.98,-0.01,12,10776,卖盘
2464,14:25:04,8.98,0.0,15,13470,卖盘
2465,14:25:07,8.99,0.01,17,15281,买盘
2466,14:25:15,8.98,-0.01,8,7184,卖盘
2467,14:25:18,8.98,0.0,12,10776,买盘
2468,14:25:24,8.98,0.0,41,36818,买盘
2469,14:25:27,8.98,0.0,1,898,卖盘
2470,14:25:30,8.98,0.0,6,5388,卖盘
2471,14:25:33,8.98,0.0,5,4490,卖盘
2472,14:25:36,8.99,0.01,39,35053,买盘
2473,14:25:39,8.98,-0.01,4,3592,卖盘
2474,14:25:42,8.98,0.0,8,7184,卖盘
2475,14:25:48,8.98,0.0,59,52982,卖盘
2476,14:25:54,8.98,0.0,8,7184,卖盘
2477,14:25:57,8.99,0.01,1,899,买盘
2478,14:26:00,8.98,-0.01,8,7185,卖盘
2479,14:26:04,8.98,0.0,2,1796,卖盘
2480,14:26:06,8.98,0.0,33,29657,卖盘
2481,14:26:09,8.99,0.01,7,6293,中性盘
2482,14:26:12,9.0,0.01,8,7193,买盘
2483,14:26:15,8.99,-0.01,61,54839,卖盘
2484,14:26:24,9.0,0.01,2,1800,买盘
2485,14:26:30,8.99,-0.01,14,12586,卖盘
2486,14:26:33,8.99,0.0,10,8990,卖盘
2487,14:26:36,8.99,0.0,5,4495,卖盘
2488,14:26:39,8.99,0.0,4,3596,卖盘
2489,14:27:00,8.99,0.0,4,3596,卖盘
2490,14:27:04,8.99,0.0,6,5394,卖盘
2491,14:27:06,8.99,0.0,14,12586,卖盘
2492,14:27:09,8.99,0.0,9,8091,卖盘
2493,14:27:12,8.99,0.0,2,1798,卖盘
2494,14:27:15,8.99,0.0,47,42253,卖盘
2495,14:27:30,8.98,-0.01,8,7184,卖盘
2496,14:27:33,8.98,0.0,6,5388,卖盘
2497,14:27:36,8.98,0.0,11,9878,卖盘
2498,14:27:40,8.98,0.0,6,5388,卖盘
2499,14:27:48,8.98,0.0,59,52982,卖盘
2500,14:27:51,8.99,0.01,2,1798,买盘
2501,14:27:57,8.98,-0.01,30,26940,卖盘
2502,14:28:00,8.98,0.0,1,898,卖盘
2503,14:28:04,8.98,0.0,1,898,卖盘
2504,14:28:06,8.98,0.0,30,26940,卖盘
2505,14:28:12,8.98,0.0,1,898,买盘
2506,14:28:15,8.97,-0.01,66,59211,卖盘
2507,14:28:27,8.99,0.02,3,2697,买盘
2508,14:28:30,8.98,-0.01,16,14368,卖盘
2509,14:28:33,8.98,0.0,10,8980,卖盘
2510,14:28:36,8.98,0.0,6,5388,卖盘
2511,14:28:39,8.99,0.01,18,16182,买盘
2512,14:29:00,8.98,-0.01,12,10776,卖盘
2513,14:29:04,8.98,0.0,6,5388,卖盘
2514,14:29:06,8.98,0.0,16,14368,卖盘
2515,14:29:15,8.98,0.0,61,54778,卖盘
2516,14:29:18,8.99,0.01,24,21576,买盘
2517,14:29:30,8.98,-0.01,4,3592,卖盘
2518,14:29:33,8.98,0.0,39,35022,卖盘
2519,14:29:36,8.97,-0.01,11,9869,卖盘
2520,14:29:39,8.97,0.0,1,897,卖盘
2521,14:29:42,8.98,0.01,29,26042,买盘
2522,14:29:51,8.98,0.0,7,6286,卖盘
2523,14:30:00,8.97,-0.01,9,8073,卖盘
2524,14:30:03,8.97,0.0,9,8073,卖盘
2525,14:30:06,8.98,0.01,24,21540,买盘
2526,14:30:09,8.97,-0.01,6,5382,卖盘
2527,14:30:15,8.98,0.01,80,71779,买盘
2528,14:30:30,8.97,-0.01,7,6279,卖盘
2529,14:30:33,8.97,0.0,6,5382,卖盘
2530,14:30:36,8.97,0.0,10,8970,卖盘
2531,14:30:39,8.97,0.0,20,17940,卖盘
2532,14:30:42,8.97,0.0,4,3588,卖盘
2533,14:30:54,8.98,0.01,10,8980,买盘
2534,14:31:00,8.97,-0.01,8,7176,卖盘
2535,14:31:03,8.97,0.0,6,5382,卖盘
2536,14:31:06,8.97,0.0,10,8970,卖盘
2537,14:31:09,8.98,0.01,22,19744,买盘
2538,14:31:15,8.97,-0.01,61,54717,卖盘
2539,14:31:18,8.98,0.01,1,898,买盘
2540,14:31:27,8.98,0.0,8,7184,买盘
2541,14:31:30,8.97,-0.01,11,9867,卖盘
2542,14:31:33,8.97,0.0,11,9867,卖盘
2543,14:31:36,8.97,0.0,9,8073,卖盘
2544,14:31:48,8.97,0.0,4,3588,卖盘
2545,14:31:51,8.97,0.0,59,52923,卖盘
2546,14:31:54,8.97,0.0,6,5382,卖盘
2547,14:31:57,8.98,0.01,2,1796,买盘
2548,14:32:00,8.97,-0.01,3,2691,卖盘
2549,14:32:03,8.97,0.0,5,4485,卖盘
2550,14:32:06,8.99,0.02,76,68244,买盘
2551,14:32:09,8.98,-0.01,6,5388,卖盘
2552,14:32:12,8.98,0.0,2,1796,卖盘
2553,14:32:16,8.98,0.0,73,65554,卖盘
2554,14:32:18,8.98,0.0,1,898,卖盘
2555,14:32:27,8.99,0.01,5,4495,买盘
2556,14:32:30,8.99,0.0,1,899,买盘
2557,14:32:33,8.98,-0.01,7,6286,卖盘
2558,14:32:36,8.97,-0.01,30,26936,卖盘
2559,14:32:39,8.98,0.01,109,97873,买盘
2560,14:32:45,8.97,-0.01,133,119301,卖盘
2561,14:32:51,8.97,0.0,17,15249,买盘
2562,14:33:00,8.97,0.0,6,5382,卖盘
2563,14:33:04,8.97,0.0,11,9867,卖盘
2564,14:33:06,8.97,0.0,6,5382,卖盘
2565,14:33:10,8.97,0.0,9,8073,卖盘
2566,14:33:12,8.97,0.0,1,897,卖盘
2567,14:33:15,8.97,0.0,64,57409,卖盘
2568,14:33:21,8.97,0.0,168,150696,卖盘
2569,14:33:24,8.96,-0.01,14,12554,卖盘
2570,14:33:27,8.96,0.0,5,4480,卖盘
2571,14:33:30,8.96,0.0,210,188360,卖盘
2572,14:33:33,8.96,0.0,17,15232,卖盘
2573,14:33:36,8.96,0.0,12,10752,卖盘
2574,14:33:40,8.96,0.0,48,43008,卖盘
2575,14:33:42,8.96,0.0,27,24192,卖盘
2576,14:33:45,8.96,0.0,42,37632,卖盘
2577,14:33:48,8.96,0.0,105,94080,买盘
2578,14:33:54,8.95,-0.01,59,52805,卖盘
2579,14:33:57,8.95,0.0,11,9845,卖盘
2580,14:34:00,8.95,0.0,19,17005,卖盘
2581,14:34:04,8.95,0.0,6,5370,卖盘
2582,14:34:06,8.95,0.0,8,7160,卖盘
2583,14:34:09,8.95,0.0,26,23270,卖盘
2584,14:34:12,8.95,0.0,2,1790,卖盘
2585,14:34:15,8.95,0.0,103,92180,卖盘
2586,14:34:18,8.95,0.0,6,5370,买盘
2587,14:34:30,8.94,-0.01,25,22361,卖盘
2588,14:34:33,8.94,0.0,3,2682,卖盘
2589,14:34:36,8.94,0.0,16,14304,卖盘
2590,14:34:39,8.94,0.0,2,1788,卖盘
2591,14:34:54,8.95,0.01,4,3580,买盘
2592,14:35:00,8.95,0.0,21,18795,买盘
2593,14:35:04,8.94,-0.01,11,9834,卖盘
2594,14:35:06,8.94,0.0,17,15198,卖盘
2595,14:35:09,8.94,0.0,17,15202,卖盘
2596,14:35:12,8.95,0.01,200,179000,买盘
2597,14:35:15,8.94,-0.01,61,54534,卖盘
2598,14:35:24,8.94,0.0,2,1788,卖盘
2599,14:35:33,8.94,0.0,17,15198,卖盘
2600,14:35:36,8.94,0.0,19,16994,卖盘
2601,14:35:39,8.95,0.01,22,19688,买盘
2602,14:35:45,8.96,0.01,22,19712,买盘
2603,14:35:48,8.95,-0.01,20,17900,卖盘
2604,14:35:54,8.95,0.0,59,52805,卖盘
2605,14:35:57,8.96,0.01,10,8960,买盘
2606,14:36:04,8.95,-0.01,8,7160,卖盘
2607,14:36:06,8.95,0.0,2,1790,卖盘
2608,14:36:09,8.95,0.0,20,17900,卖盘
2609,14:36:18,8.96,0.01,1,896,买盘
2610,14:36:21,8.96,0.0,105,94080,买盘
2611,14:36:30,8.96,0.0,13,11648,买盘
2612,14:36:33,8.95,-0.01,153,136935,卖盘
2613,14:36:36,8.94,-0.01,3,2682,卖盘
2614,14:36:39,8.94,0.0,6,5364,卖盘
2615,14:37:00,8.95,0.01,47,42065,买盘
2616,14:37:04,8.95,0.0,21,18795,卖盘
2617,14:37:06,8.95,0.0,10,8950,卖盘
2618,14:37:09,8.95,0.0,10,8950,卖盘
2619,14:37:12,8.96,0.01,7,6272,买盘
2620,14:37:15,8.95,-0.01,132,118140,卖盘
2621,14:37:18,8.95,0.0,4,3580,卖盘
2622,14:37:21,8.95,0.0,23,20585,卖盘
2623,14:37:24,8.95,0.0,3,2685,买盘
2624,14:37:30,8.94,-0.01,5,4471,卖盘
2625,14:37:33,8.95,0.01,6,5365,买盘
2626,14:37:37,8.95,0.0,9,8049,买盘
2627,14:37:39,8.95,0.0,7,6265,卖盘
2628,14:37:57,8.95,0.0,59,52805,卖盘
2629,14:38:03,8.95,0.0,6,5370,卖盘
2630,14:38:06,8.95,0.0,1,895,卖盘
2631,14:38:12,8.96,0.01,53,47488,买盘
2632,14:38:15,8.95,-0.01,22,19690,卖盘
2633,14:38:18,8.95,0.0,24,21480,买盘
2634,14:38:21,8.95,0.0,15,13425,买盘
2635,14:38:24,8.96,0.01,5,4480,买盘
2636,14:38:27,8.95,-0.01,4,3580,卖盘
2637,14:38:33,8.95,0.0,1,895,卖盘
2638,14:38:42,8.95,0.0,2,1790,卖盘
2639,14:38:45,8.96,0.01,1,896,卖盘
2640,14:38:48,8.97,0.01,5,4485,买盘
2641,14:38:54,8.97,0.0,6,5378,买盘
2642,14:39:00,8.96,-0.01,5,4480,卖盘
2643,14:39:04,8.95,-0.01,3,2687,卖盘
2644,14:39:06,8.95,0.0,10,8950,卖盘
2645,14:39:15,8.95,0.0,73,65347,卖盘
2646,14:39:18,8.95,0.0,149,133579,卖盘
2647,14:39:30,8.96,0.01,10,8960,卖盘
2648,14:39:33,8.96,0.0,11,9856,卖盘
2649,14:39:36,8.96,0.0,29,26009,卖盘
2650,14:39:39,8.96,0.0,14,12544,卖盘
2651,14:39:45,8.97,0.01,2,1794,买盘
2652,14:39:54,8.96,-0.01,4,3584,卖盘
2653,14:39:57,8.96,0.0,65,58240,卖盘
2654,14:40:00,8.96,0.0,45,40320,买盘
2655,14:40:03,8.96,0.0,8,7168,买盘
2656,14:40:06,8.96,0.0,3,2688,卖盘
2657,14:40:09,8.96,0.0,8,7168,卖盘
2658,14:40:12,8.96,0.0,10,8960,卖盘
2659,14:40:15,8.96,0.0,27,24192,卖盘
2660,14:40:18,8.96,0.0,6,5376,买盘
2661,14:40:21,8.96,0.0,24,21501,买盘
2662,14:40:24,8.95,-0.01,7,6267,卖盘
2663,14:40:27,8.96,0.01,98,87808,买盘
2664,14:40:30,8.96,0.0,9,8064,卖盘
2665,14:40:33,8.95,-0.01,1,895,卖盘
2666,14:40:36,8.95,0.0,21,18806,卖盘
2667,14:40:43,8.96,0.01,21,18816,买盘
2668,14:40:51,8.95,-0.01,10,8950,卖盘
2669,14:41:00,8.95,0.0,13,11635,卖盘
2670,14:41:04,8.95,0.0,15,13425,卖盘
2671,14:41:06,8.95,0.0,7,6265,卖盘
2672,14:41:10,8.95,0.0,6,5375,卖盘
2673,14:41:15,8.95,0.0,12,10740,卖盘
2674,14:41:21,8.96,0.01,64,57344,买盘
2675,14:41:24,8.96,0.0,1,896,卖盘
2676,14:41:31,8.96,0.0,17,15232,卖盘
2677,14:41:33,8.96,0.0,12,10752,卖盘
2678,14:41:36,8.96,0.0,6,5376,卖盘
2679,14:41:45,8.96,0.0,59,52864,卖盘
2680,14:41:57,8.96,0.0,115,103040,卖盘
2681,14:42:00,8.96,0.0,16,14336,卖盘
2682,14:42:03,8.96,0.0,16,14336,卖盘
2683,14:42:06,8.96,0.0,2,1792,卖盘
2684,14:42:10,8.96,0.0,4,3584,卖盘
2685,14:42:12,8.96,0.0,25,22400,卖盘
2686,14:42:15,8.96,0.0,61,54656,卖盘
2687,14:42:18,8.96,0.0,9,8064,卖盘
2688,14:42:21,8.96,0.0,100,89600,卖盘
2689,14:42:24,8.97,0.01,1,897,买盘
2690,14:42:27,8.96,-0.01,8,7168,卖盘
2691,14:42:30,8.95,-0.01,15,13428,卖盘
2692,14:42:33,8.96,0.01,21,18809,买盘
2693,14:42:36,8.96,0.0,4,3584,卖盘
2694,14:42:49,8.97,0.01,24,21528,买盘
2695,14:42:52,8.97,0.0,6,5378,买盘
2696,14:42:54,8.97,0.0,1,897,买盘
2697,14:42:57,8.96,-0.01,115,103040,卖盘
2698,14:43:00,8.96,0.0,17,15242,卖盘
2699,14:43:03,8.96,0.0,22,19712,卖盘
2700,14:43:06,8.96,0.0,30,26880,卖盘
2701,14:43:09,8.97,0.01,2,1793,买盘
2702,14:43:12,8.96,-0.01,4,3584,卖盘
2703,14:43:15,8.96,0.0,62,55552,卖盘
2704,14:43:18,8.96,0.0,6,5376,卖盘
2705,14:43:21,8.96,0.0,25,22421,卖盘
2706,14:43:24,8.96,0.0,2,1792,卖盘
2707,14:43:27,8.96,0.0,100,89600,卖盘
2708,14:43:30,8.96,0.0,9,8064,卖盘
2709,14:43:33,8.95,-0.01,14,12538,卖盘
2710,14:43:36,8.96,0.01,87,77952,买盘
2711,14:43:51,8.96,0.0,52,46592,卖盘
2712,14:43:54,8.96,0.0,39,34944,卖盘
2713,14:43:57,8.95,-0.01,22,19694,卖盘
2714,14:44:00,8.95,0.0,7,6265,卖盘
2715,14:44:04,8.95,0.0,41,36720,卖盘
2716,14:44:06,8.95,0.0,8,7160,卖盘
2717,14:44:09,8.95,0.0,20,17905,卖盘
2718,14:44:12,8.95,0.0,6,5370,卖盘
2719,14:44:15,8.95,0.0,61,54595,卖盘
2720,14:44:18,8.95,0.0,5,4475,卖盘
2721,14:44:24,8.96,0.01,36,32236,买盘
2722,14:44:30,8.95,-0.01,29,25957,卖盘
2723,14:44:33,8.95,0.0,22,19690,卖盘
2724,14:44:37,8.96,0.01,4,3583,买盘
2725,14:44:39,8.96,0.0,218,195328,买盘
2726,14:44:42,8.96,0.0,57,51072,卖盘
2727,14:44:45,8.96,0.0,6,5376,卖盘
2728,14:44:54,8.96,0.0,20,17920,卖盘
2729,14:45:00,8.96,0.0,16,14336,卖盘
2730,14:45:04,8.96,0.0,16,14336,卖盘
2731,14:45:06,8.97,0.01,5,4485,买盘
2732,14:45:12,8.96,-0.01,5,4480,卖盘
2733,14:45:15,8.96,0.0,19,17024,卖盘
2734,14:45:18,8.96,0.0,1,896,买盘
2735,14:45:27,8.96,0.0,10,8960,买盘
2736,14:45:30,8.95,-0.01,11,9845,卖盘
2737,14:45:33,8.95,0.0,16,14320,卖盘
2738,14:45:39,8.95,0.0,4,3580,卖盘
2739,14:45:48,8.96,0.01,19,17024,买盘
2740,14:45:57,8.95,-0.01,24,21480,卖盘
2741,14:46:00,8.95,0.0,24,21480,卖盘
2742,14:46:03,8.95,0.0,21,18795,卖盘
2743,14:46:06,8.95,0.0,6,5370,卖盘
2744,14:46:09,8.96,0.01,3,2688,买盘
2745,14:46:13,8.95,-0.01,2,1790,卖盘
2746,14:46:15,8.96,0.01,68,60867,买盘
2747,14:46:18,8.96,0.0,1,896,买盘
2748,14:46:24,8.96,0.0,1,896,买盘
2749,14:46:27,8.95,-0.01,5,4475,卖盘
2750,14:46:30,8.95,0.0,5,4475,卖盘
2751,14:46:33,8.95,0.0,88,78760,卖盘
2752,14:46:57,8.95,0.0,7,6265,卖盘
2753,14:47:00,8.95,0.0,13,11635,卖盘
2754,14:47:03,8.95,0.0,19,17005,卖盘
2755,14:47:15,8.95,0.0,61,54595,卖盘
2756,14:47:18,8.95,0.0,68,60860,卖盘
2757,14:47:21,8.95,0.0,18,16110,买盘
2758,14:47:24,8.95,0.0,6,5370,买盘
2759,14:47:27,8.94,-0.01,8,7152,卖盘
2760,14:47:30,8.94,0.0,31,27735,卖盘
2761,14:47:33,8.94,0.0,50,44701,卖盘
2762,14:47:36,8.94,0.0,110,98340,卖盘
2763,14:47:39,8.95,0.01,4,3580,买盘
2764,14:47:45,8.94,-0.01,1,894,卖盘
2765,14:47:51,8.95,0.01,250,223750,买盘
2766,14:47:54,8.95,0.0,100,89321,买盘
2767,14:48:06,8.96,0.01,47,42112,买盘
2768,14:48:27,8.94,-0.02,301,269231,卖盘
2769,14:48:30,8.94,0.0,282,252108,卖盘
2770,14:48:33,8.96,0.02,5,4480,买盘
2771,14:48:42,8.94,-0.02,50,44700,卖盘
2772,14:49:04,8.94,0.0,45,40230,卖盘
2773,14:49:06,8.94,0.0,6,5364,卖盘
2774,14:49:09,8.94,0.0,6,5365,卖盘
2775,14:49:18,8.95,0.01,2,1790,买盘
2776,14:49:30,8.95,0.0,16,14320,买盘
2777,14:49:39,8.95,0.0,13,11635,买盘
2778,14:49:45,8.94,-0.01,12,10728,卖盘
2779,14:49:48,8.94,0.0,1,894,卖盘
2780,14:49:57,8.94,0.0,35,31290,卖盘
2781,14:50:03,8.94,0.0,30,26820,卖盘
2782,14:50:06,8.94,0.0,32,28608,卖盘
2783,14:50:19,8.95,0.01,19,17005,买盘
2784,14:50:24,8.94,-0.01,20,17880,卖盘
2785,14:50:27,8.94,0.0,9,8046,卖盘
2786,14:50:33,8.94,0.0,88,78672,卖盘
2787,14:50:36,8.94,0.0,140,125160,卖盘
2788,14:50:39,8.94,0.0,53,47385,卖盘
2789,14:50:45,8.94,0.0,41,36664,卖盘
2790,14:50:48,8.94,0.0,5,4470,卖盘
2791,14:50:57,8.94,0.0,16,14304,卖盘
2792,14:51:00,8.95,0.01,16,14320,买盘
2793,14:51:03,8.95,0.0,1,895,买盘
2794,14:51:06,8.95,0.0,47,42065,买盘
2795,14:51:09,8.95,0.0,20,17899,买盘
2796,14:51:15,8.94,-0.01,76,68123,卖盘
2797,14:51:18,8.93,-0.01,17,15197,卖盘
2798,14:51:25,8.93,0.0,49,43757,卖盘
2799,14:51:30,8.93,0.0,14,12502,卖盘
2800,14:51:33,8.93,0.0,295,263070,卖盘
2801,14:51:39,8.93,0.0,43,38392,买盘
2802,14:51:42,8.93,0.0,7,6251,买盘
2803,14:51:45,8.93,0.0,3,2679,卖盘
2804,14:51:48,8.93,0.0,10,8930,卖盘
2805,14:52:00,8.93,0.0,29,25897,卖盘
2806,14:52:04,8.92,-0.01,1,892,卖盘
2807,14:52:15,8.92,0.0,9,8028,卖盘
2808,14:52:21,8.92,0.0,117,104364,卖盘
2809,14:52:24,8.92,0.0,8,7136,买盘
2810,14:52:27,8.92,0.0,55,49060,买盘
2811,14:52:30,8.92,0.0,56,49952,买盘
2812,14:52:33,8.91,-0.01,5,4455,卖盘
2813,14:52:36,8.92,0.01,10,8920,买盘
2814,14:52:40,8.91,-0.01,1,891,卖盘
2815,14:52:42,8.92,0.01,58,51732,买盘
2816,14:52:45,8.92,0.0,9,8028,卖盘
2817,14:52:51,8.92,0.0,2,1784,卖盘
2818,14:52:54,8.93,0.01,49,43757,买盘
2819,14:53:00,8.93,0.0,40,35720,买盘
2820,14:53:06,8.93,0.0,39,34827,买盘
2821,14:53:09,8.93,0.0,1,893,买盘
2822,14:53:12,8.93,0.0,41,36604,买盘
2823,14:53:15,8.93,0.0,64,57152,买盘
2824,14:53:21,8.94,0.01,28,25032,买盘
2825,14:53:30,8.94,0.0,1,894,买盘
2826,14:53:33,8.94,0.0,5,4470,卖盘
2827,14:53:36,8.95,0.01,35,31324,买盘
2828,14:53:39,8.94,-0.01,9,8046,卖盘
2829,14:53:42,8.94,0.0,20,17880,卖盘
2830,14:53:54,8.95,0.01,25,22375,买盘
2831,14:53:57,8.94,-0.01,1,894,卖盘
2832,14:54:06,8.95,0.01,4,3580,买盘
2833,14:54:12,8.95,0.0,12,10740,买盘
2834,14:54:15,8.94,-0.01,10,8940,卖盘
2835,14:54:18,8.95,0.01,1,895,买盘
2836,14:54:21,8.95,0.0,2,1790,卖盘
2837,14:54:24,8.95,0.0,19,17005,卖盘
2838,14:54:30,8.95,0.0,1,895,买盘
2839,14:54:33,8.94,-0.01,1,894,卖盘
2840,14:54:37,8.95,0.01,58,51910,买盘
2841,14:54:42,8.94,-0.01,117,104598,卖盘
2842,14:54:45,8.94,0.0,48,42912,买盘
2843,14:54:48,8.94,0.0,16,14304,买盘
2844,14:54:51,8.94,0.0,3,2682,买盘
2845,14:54:54,8.95,0.01,57,50991,买盘
2846,14:55:03,8.95,0.0,1,895,买盘
2847,14:55:06,8.95,0.0,3,2685,买盘
2848,14:55:09,8.95,0.0,15,13414,买盘
2849,14:55:12,8.95,0.0,6,5370,买盘
2850,14:55:21,8.94,-0.01,4,3576,卖盘
2851,14:55:27,8.94,0.0,7,6258,卖盘
2852,14:55:33,8.95,0.01,20,17900,买盘
2853,14:55:36,8.94,-0.01,72,64371,卖盘
2854,14:55:43,8.95,0.01,20,17900,买盘
2855,14:55:51,8.94,-0.01,1,894,卖盘
2856,14:55:57,8.95,0.01,103,92085,买盘
2857,14:56:04,8.95,0.0,20,17900,买盘
2858,14:56:12,8.95,0.0,1,895,买盘
2859,14:56:15,8.95,0.0,30,26850,买盘
2860,14:56:19,8.95,0.0,117,104715,买盘
2861,14:56:21,8.94,-0.01,61,54534,卖盘
2862,14:56:24,8.94,0.0,88,78637,买盘
2863,14:56:27,8.93,-0.01,1,893,卖盘
2864,14:56:30,8.94,0.01,20,17880,买盘
2865,14:56:33,8.94,0.0,49,43806,买盘
2866,14:56:42,8.93,-0.01,194,173242,卖盘
2867,14:56:45,8.93,0.0,109,97336,买盘
2868,14:56:48,8.93,0.0,57,50900,买盘
2869,14:56:51,8.92,-0.01,189,168737,卖盘
2870,14:56:57,8.92,0.0,34,30348,卖盘
2871,14:57:00,8.92,0.0,134,119529,卖盘
2872,15:00:04,8.95,0.03,444,397120,卖盘
