,time,price,change,volume,amount,type
0,09:25:04,12.61,0.05,31,39091,卖盘
1,09:30:07,12.66,0.05,28,35487,买盘
2,09:30:10,12.68,0.02,23,29125,买盘
3,09:30:13,12.66,-0.02,2,2531,中性盘
4,09:30:19,12.66,0.0,2,2533,卖盘
5,09:30:22,12.67,0.01,1,1267,买盘
6,09:30:25,12.67,0.0,1,1267,买盘
7,09:30:34,12.67,0.0,12,15204,买盘
8,09:30:37,12.68,0.01,2,2535,买盘
9,09:30:40,12.68,0.0,1,1268,买盘
10,09:30:46,12.67,-0.01,2,2534,卖盘
11,09:30:49,12.68,0.01,7,8871,买盘
12,09:30:52,12.68,0.0,1,1268,买盘
13,09:30:55,12.67,-0.01,5,6335,卖盘
14,09:30:58,12.67,0.0,10,12675,卖盘
15,09:31:01,12.67,0.0,25,31675,卖盘
16,09:31:04,12.68,0.01,27,34231,买盘
17,09:31:07,12.7,0.02,2,2538,买盘
18,09:31:10,12.66,-0.04,3,3800,卖盘
19,09:31:19,12.73,0.07,38,48273,买盘
20,09:31:22,12.73,0.0,3,3820,卖盘
21,09:31:25,12.73,0.0,6,7638,卖盘
22,09:31:28,12.73,0.0,7,8911,卖盘
23,09:31:31,12.73,0.0,14,17822,卖盘
24,09:31:37,12.7,-0.03,33,41907,买盘
25,09:31:40,12.67,-0.03,1,1267,卖盘
26,09:31:43,12.67,0.0,2,2534,卖盘
27,09:31:46,12.69,0.02,10,12690,卖盘
28,09:31:49,12.69,0.0,15,19035,卖盘
29,09:31:52,12.69,0.0,9,11422,卖盘
30,09:31:55,12.69,0.0,5,6345,卖盘
31,09:31:58,12.69,0.0,11,13959,卖盘
32,09:32:01,12.67,-0.02,48,60914,卖盘
33,09:32:04,12.7,0.03,63,79995,买盘
34,09:32:07,12.69,-0.01,7,8880,中性盘
35,09:32:10,12.68,-0.01,4,5073,卖盘
36,09:32:13,12.69,0.01,1,1269,买盘
37,09:32:16,12.65,-0.04,159,201512,卖盘
38,09:32:22,12.65,0.0,1,1265,买盘
39,09:32:25,12.63,-0.02,27,34126,卖盘
40,09:32:31,12.64,0.01,13,16430,买盘
41,09:32:34,12.64,0.0,7,8847,买盘
42,09:32:37,12.65,0.01,2,3692,买盘
43,09:32:40,12.65,0.0,12,15179,买盘
44,09:32:43,12.6,-0.05,71,88418,卖盘
45,09:32:52,12.65,0.03,2,2451,买盘
46,09:33:04,12.65,0.0,20,25376,买盘
47,09:33:07,12.65,0.0,15,18899,卖盘
48,09:33:10,12.63,-0.02,15,18969,卖盘
49,09:33:13,12.65,0.02,2,2530,买盘
50,09:33:16,12.63,-0.02,10,12630,卖盘
51,09:33:22,12.65,0.02,1,1265,买盘
52,09:33:28,12.62,-0.03,53,66975,卖盘
53,09:33:37,12.63,0.01,1,2424,卖盘
54,09:33:40,12.62,-0.01,3,3786,卖盘
55,09:33:49,12.62,0.0,10,12620,卖盘
56,09:33:52,12.63,0.01,19,23997,买盘
57,09:33:58,12.62,-0.01,1,1262,卖盘
58,09:34:04,12.63,0.01,2,2526,买盘
59,09:34:07,12.63,0.0,65,82095,卖盘
60,09:34:16,12.63,0.0,4,5050,买盘
61,09:34:22,12.63,0.0,1,1263,买盘
62,09:34:28,12.63,0.0,14,17682,买盘
63,09:34:31,12.63,0.0,4,5052,买盘
64,09:34:34,12.63,0.0,32,40416,买盘
65,09:34:37,12.64,0.01,1,1264,买盘
66,09:34:43,12.65,0.01,1,1265,买盘
67,09:34:46,12.64,-0.01,2,2529,卖盘
68,09:34:49,12.63,-0.01,1,1263,卖盘
69,09:34:52,12.64,0.01,2,2528,买盘
70,09:34:55,12.63,-0.01,1,1263,卖盘
71,09:35:07,12.64,0.01,1,1264,买盘
72,09:35:22,12.64,0.0,1,1264,买盘
73,09:35:25,12.64,0.0,3,3792,买盘
74,09:35:34,12.64,0.0,63,79632,买盘
75,09:35:37,12.64,0.0,1,1264,买盘
76,09:35:43,12.64,0.0,21,26544,买盘
77,09:35:49,12.65,0.01,8,10120,买盘
78,09:35:52,12.65,0.0,1,1265,买盘
79,09:35:55,12.64,-0.01,2,2528,卖盘
80,09:36:07,12.63,-0.01,42,53061,卖盘
81,09:36:13,12.62,-0.01,1,1262,卖盘
82,09:36:16,12.63,0.01,8,10104,买盘
83,09:36:19,12.63,0.0,2,2526,卖盘
84,09:36:22,12.64,0.01,51,64414,买盘
85,09:36:25,12.63,-0.01,9,11367,卖盘
86,09:36:28,12.63,0.0,2,2526,卖盘
87,09:36:37,12.64,0.01,4,5056,买盘
88,09:36:43,12.63,-0.01,23,29049,卖盘
89,09:36:46,12.64,0.01,1,1264,买盘
90,09:36:49,12.63,-0.01,1,1263,卖盘
91,09:36:52,12.63,0.0,5,6319,中性盘
92,09:37:01,12.63,0.0,4,5052,买盘
93,09:37:07,12.63,0.0,1,1263,买盘
94,09:37:13,12.63,0.0,1,1263,买盘
95,09:37:22,12.63,0.0,9,11367,买盘
96,09:37:31,12.63,0.0,3,3789,买盘
97,09:37:34,12.62,-0.01,1,1262,卖盘
98,09:37:37,12.63,0.01,1,1263,买盘
99,09:37:52,12.63,0.0,1,1263,买盘
100,09:37:58,12.63,0.0,2,2526,买盘
101,09:38:07,12.63,0.0,13,16419,买盘
102,09:38:13,12.63,0.0,6,7578,买盘
103,09:38:19,12.62,-0.01,51,64364,卖盘
104,09:38:22,12.62,0.0,1,1262,买盘
105,09:38:37,12.62,0.0,13,16380,买盘
106,09:38:43,12.58,-0.04,37,46546,卖盘
107,09:38:46,12.57,-0.01,30,37710,买盘
108,09:38:49,12.58,0.01,24,30175,买盘
109,09:38:52,12.56,-0.02,13,16328,卖盘
110,09:38:58,12.46,-0.1,20,24980,卖盘
111,09:39:07,12.46,0.0,35,43693,卖盘
112,09:39:10,12.56,0.1,9,11304,买盘
113,09:39:13,12.56,0.0,2,2512,买盘
114,09:39:19,12.58,0.02,1,1258,买盘
115,09:39:22,12.56,-0.02,2,2512,卖盘
116,09:39:31,12.53,-0.03,4,5012,买盘
117,09:39:34,12.55,0.02,4,5014,买盘
118,09:39:37,12.55,0.0,1,1255,买盘
119,09:39:43,12.56,0.01,8,10047,买盘
120,09:39:46,12.56,0.0,10,12557,买盘
121,09:39:52,12.58,0.02,1,1258,买盘
122,09:40:07,12.57,-0.01,1,1257,买盘
123,09:40:10,12.57,0.0,2,2514,买盘
124,09:40:13,12.57,0.0,4,5028,买盘
125,09:40:19,12.57,0.0,2,2514,买盘
126,09:40:22,12.58,0.01,1,1258,买盘
127,09:40:25,12.57,-0.01,1,1257,卖盘
128,09:40:28,12.58,0.01,28,35197,买盘
129,09:40:31,12.58,0.0,2,2516,买盘
130,09:40:34,12.57,-0.01,40,50280,卖盘
131,09:40:37,12.58,0.01,3,3774,买盘
132,09:40:43,12.58,0.0,2,2516,买盘
133,09:40:52,12.58,0.0,1,1258,买盘
134,09:40:58,12.57,-0.01,187,235059,卖盘
135,09:41:01,12.55,-0.02,1,1255,卖盘
136,09:41:04,12.58,0.03,51,64145,买盘
137,09:41:07,12.55,-0.03,8,10043,卖盘
138,09:41:13,12.55,0.0,1,1255,卖盘
139,09:41:22,12.57,0.02,1,1257,中性盘
140,09:41:25,12.56,-0.01,1,1256,卖盘
141,09:41:31,12.57,0.01,23,28911,买盘
142,09:41:37,12.55,-0.02,18,22607,卖盘
143,09:41:40,12.56,0.01,1,1256,买盘
144,09:41:43,12.56,0.0,2,2512,买盘
145,09:41:46,12.56,0.0,1,1256,买盘
146,09:41:49,12.55,-0.01,2,2511,卖盘
147,09:41:52,12.56,0.01,1,1256,买盘
148,09:42:01,12.55,-0.01,1,1255,卖盘
149,09:42:04,12.55,0.0,18,22590,卖盘
150,09:42:07,12.55,0.0,1,1255,买盘
151,09:42:13,12.55,0.0,5,6275,买盘
152,09:42:16,12.56,0.01,2,2511,买盘
153,09:42:22,12.56,0.0,2,2512,买盘
154,09:42:25,12.55,-0.01,1,1255,卖盘
155,09:42:28,12.56,0.01,1,1256,买盘
156,09:42:31,12.56,0.0,5,6280,买盘
157,09:42:37,12.56,0.0,1,1256,买盘
158,09:42:43,12.56,0.0,1,1256,买盘
159,09:42:46,12.56,0.0,1,1256,买盘
160,09:42:52,12.56,0.0,2,2511,买盘
161,09:42:58,12.56,0.0,1,1256,买盘
162,09:43:04,12.55,-0.01,1,1255,卖盘
163,09:43:06,12.56,0.01,5,6280,买盘
164,09:43:16,12.55,-0.01,1,113,卖盘
165,09:43:22,12.56,0.01,1,1256,买盘
166,09:43:28,12.56,0.0,4,5021,买盘
167,09:44:16,12.56,0.0,1,1256,买盘
168,09:45:10,12.56,0.0,3,3768,买盘
169,09:45:16,12.56,0.0,17,21352,买盘
170,09:45:22,12.57,0.01,4,6045,卖盘
171,09:45:28,12.57,0.0,2,2514,买盘
172,09:45:34,12.57,0.0,2,2514,买盘
173,09:45:37,12.58,0.01,10,12577,买盘
174,09:45:46,12.58,0.0,1,1258,买盘
175,09:45:49,12.58,0.0,2,2516,买盘
176,09:45:52,12.58,0.0,1,1258,买盘
177,09:45:55,12.58,0.0,6,7548,买盘
178,09:45:58,12.58,0.0,1,1258,买盘
179,09:46:07,12.58,0.0,20,25160,买盘
180,09:46:10,12.58,0.0,16,20128,买盘
181,09:46:34,12.59,0.01,3,3777,卖盘
182,09:46:40,12.6,0.01,2,2520,卖盘
183,09:46:52,12.6,0.0,13,16380,卖盘
184,09:47:04,12.59,-0.01,2,2518,卖盘
185,09:47:10,12.6,0.01,37,46620,买盘
186,09:47:31,12.6,0.0,4,5040,买盘
187,09:47:46,12.6,0.0,12,15120,买盘
188,09:48:01,12.6,0.0,4,5040,买盘
189,09:48:07,12.6,0.0,1,1260,买盘
190,09:48:19,12.6,0.0,1,1260,卖盘
191,09:48:25,12.6,0.0,2,2520,卖盘
192,09:48:31,12.62,0.02,4,5048,买盘
193,09:48:55,12.6,-0.02,4,5040,中性盘
194,09:49:01,12.62,0.02,4,5048,买盘
195,09:49:07,12.62,0.0,23,29026,买盘
196,09:49:16,12.6,-0.02,1,1260,卖盘
197,09:49:19,12.6,0.0,5,6300,卖盘
198,09:49:31,12.6,0.0,5,6300,买盘
199,09:49:43,12.62,0.02,1,1262,买盘
200,09:49:46,12.62,0.0,1,1262,买盘
201,09:49:49,12.62,0.0,1,1262,买盘
202,09:50:01,12.62,0.0,4,5048,买盘
203,09:50:07,12.62,0.0,4,5048,买盘
204,09:50:31,12.61,-0.01,4,5044,买盘
205,09:50:34,12.6,-0.01,22,27720,卖盘
206,09:50:43,12.6,0.0,5,6300,卖盘
207,09:50:49,12.6,0.0,2,2520,卖盘
208,09:50:52,12.59,-0.01,1,1259,卖盘
209,09:51:01,12.6,0.01,4,5040,买盘
210,09:51:25,12.6,0.0,6,7560,买盘
211,09:51:28,12.61,0.01,3,3783,买盘
212,09:51:31,12.6,-0.01,1,1260,中性盘
213,09:51:49,12.61,0.01,1,1261,买盘
214,09:52:01,12.61,0.0,23,28971,买盘
215,09:52:58,12.61,0.0,1,1261,买盘
216,09:53:07,12.61,0.0,8,10088,买盘
217,09:53:16,12.61,0.0,5,6305,买盘
218,09:53:19,12.61,0.0,12,15132,卖盘
219,09:53:22,12.59,-0.02,1,1259,卖盘
220,09:54:28,12.6,0.01,7,8820,卖盘
221,09:55:07,12.61,0.01,9,11349,买盘
222,09:55:16,12.59,-0.02,1,1259,卖盘
223,09:55:37,12.6,0.01,2,2520,买盘
224,09:55:40,12.59,-0.01,3,3777,卖盘
225,09:55:43,12.59,0.0,1,1259,卖盘
226,09:55:49,12.56,-0.03,52,65430,卖盘
227,09:55:52,12.56,0.0,1,1256,买盘
228,09:55:58,12.56,0.0,4,5024,买盘
229,09:56:10,12.56,0.0,1,1256,卖盘
230,09:56:19,12.56,0.0,10,12560,卖盘
231,09:56:40,12.6,0.04,18,22668,买盘
232,09:56:43,12.6,0.0,22,27720,卖盘
233,09:56:46,12.55,-0.05,28,35179,卖盘
234,09:56:48,12.54,-0.01,6,7527,卖盘
235,09:57:01,12.55,0.01,27,33885,买盘
236,09:57:07,12.55,0.0,1,1255,卖盘
237,09:57:22,12.6,0.05,1,1260,买盘
238,09:57:28,12.56,-0.04,4,5024,卖盘
239,09:57:52,12.56,0.0,2,2512,卖盘
240,09:58:13,12.59,0.03,7,8813,买盘
241,09:58:31,12.59,0.0,9,11331,买盘
242,09:58:33,12.59,0.0,7,8813,买盘
243,09:58:46,12.59,0.0,1,1259,卖盘
244,09:59:01,12.59,0.0,1,1259,买盘
245,09:59:04,12.58,-0.01,10,12582,卖盘
246,09:59:16,12.61,0.03,1,1261,买盘
247,09:59:19,12.58,-0.03,22,27676,卖盘
248,09:59:25,12.61,0.03,28,35293,买盘
249,09:59:43,12.61,0.0,3,3783,买盘
250,10:00:01,12.61,0.0,24,30264,买盘
251,10:00:25,12.6,-0.01,5,6301,卖盘
252,10:00:31,12.59,-0.01,9,11332,卖盘
253,10:01:21,12.59,0.0,1,1259,买盘
254,10:01:46,12.59,0.0,1,1259,买盘
255,10:02:04,12.61,0.02,1,1261,买盘
256,10:02:22,12.59,-0.02,30,37770,卖盘
257,10:02:46,12.59,0.0,1,1259,卖盘
258,10:03:19,12.61,0.02,4,5044,买盘
259,10:03:28,12.61,0.0,8,10088,买盘
260,10:03:46,12.61,0.0,9,11349,买盘
261,10:03:52,12.6,-0.01,1,1260,卖盘
262,10:04:04,12.61,0.01,34,42874,买盘
263,10:04:10,12.61,0.0,2,2522,买盘
264,10:04:13,12.62,0.01,7,8834,买盘
265,10:04:19,12.62,0.0,1,1262,买盘
266,10:04:25,12.62,0.0,2,2524,买盘
267,10:04:48,12.62,0.0,1,1262,买盘
268,10:04:55,12.61,-0.01,36,45396,卖盘
269,10:05:22,12.6,-0.01,9,11340,卖盘
270,10:05:33,12.59,-0.01,6,7554,卖盘
271,10:05:39,12.59,0.0,3,3777,卖盘
272,10:05:46,12.6,0.01,11,13860,买盘
273,10:06:43,12.61,0.01,1,1261,买盘
274,10:07:13,12.61,0.0,9,11349,买盘
275,10:07:18,12.61,0.0,8,10088,买盘
276,10:07:25,12.62,0.01,7,8834,买盘
277,10:07:28,12.61,-0.01,10,12617,卖盘
278,10:07:36,12.63,0.02,12,15156,买盘
279,10:07:43,12.63,0.0,5,6315,买盘
280,10:08:07,12.63,0.0,12,15156,卖盘
281,10:08:16,12.63,0.0,11,13893,买盘
282,10:08:28,12.63,0.0,1,1263,卖盘
283,10:08:58,12.63,0.0,2,2526,卖盘
284,10:09:43,12.63,0.0,1,1263,卖盘
285,10:10:01,12.63,0.0,34,42942,卖盘
286,10:10:07,12.62,-0.01,2,2524,卖盘
287,10:10:10,12.61,-0.01,1,1261,卖盘
288,10:10:16,12.61,0.0,1,1261,卖盘
289,10:10:18,12.61,0.0,1,1261,卖盘
290,10:10:31,12.61,0.0,11,13871,卖盘
291,10:10:37,12.6,-0.01,32,40320,卖盘
292,10:10:43,12.6,0.0,30,37800,买盘
293,10:10:52,12.59,-0.01,2,2518,卖盘
294,10:11:04,12.59,0.0,14,17626,卖盘
295,10:11:25,12.6,0.01,37,46620,买盘
296,10:12:04,12.6,0.0,1,1260,卖盘
297,10:12:19,12.59,-0.01,5,6297,卖盘
298,10:12:28,12.59,0.0,1,1259,卖盘
299,10:13:37,12.6,0.01,5,6300,买盘
300,10:13:40,12.63,0.03,28,35349,买盘
301,10:13:46,12.63,0.0,1,1263,买盘
302,10:14:43,12.61,-0.02,20,25220,买盘
303,10:15:16,12.61,0.0,10,12610,买盘
304,10:16:31,12.61,0.0,23,29003,买盘
305,10:16:42,12.61,0.0,2,2522,卖盘
306,10:16:54,12.62,0.01,5,6310,买盘
307,10:17:52,12.62,0.0,8,10096,买盘
308,10:18:01,12.62,0.0,3,3785,买盘
309,10:18:09,12.62,0.0,5,6310,买盘
310,10:18:19,12.62,0.0,1,1262,买盘
311,10:18:25,12.61,-0.01,2,2522,卖盘
312,10:18:40,12.62,0.01,1,1262,买盘
313,10:18:58,12.6,-0.02,16,20174,卖盘
314,10:20:04,12.61,0.01,5,6305,卖盘
315,10:20:12,12.61,0.0,1,1261,卖盘
316,10:22:19,12.61,0.0,8,10088,卖盘
317,10:23:52,12.62,0.01,5,6310,买盘
318,10:24:06,12.61,-0.01,3,3783,卖盘
319,10:24:24,12.62,0.01,6,7572,买盘
320,10:24:55,12.62,0.0,1,1262,买盘
321,10:25:13,12.62,0.0,5,6310,买盘
322,10:26:40,12.61,-0.01,58,73138,卖盘
323,10:26:45,12.6,-0.01,10,12600,卖盘
324,10:27:19,12.6,0.0,15,18900,卖盘
325,10:27:21,12.61,0.01,1,1261,买盘
326,10:27:25,12.6,-0.01,2,2520,卖盘
327,10:28:13,12.61,0.01,10,12610,买盘
328,10:28:55,12.62,0.01,18,22716,买盘
329,10:29:06,12.63,0.01,5,6315,买盘
330,10:29:09,12.63,0.0,47,58515,买盘
331,10:29:25,12.63,0.0,23,29049,卖盘
332,10:29:46,12.63,0.0,9,11367,卖盘
333,10:30:18,12.63,0.0,25,31575,卖盘
334,10:31:04,12.63,0.0,16,21054,卖盘
335,10:33:43,12.62,-0.01,4,5048,买盘
336,10:33:49,12.63,0.01,10,12630,买盘
337,10:34:04,12.62,-0.01,2,2524,卖盘
338,10:34:28,12.63,0.01,20,25260,买盘
339,10:34:33,12.62,-0.01,15,18930,卖盘
340,10:34:40,12.62,0.0,6,7572,卖盘
341,10:34:49,12.6,-0.02,48,60498,卖盘
342,10:35:04,12.61,0.01,2,2522,买盘
343,10:35:10,12.61,0.0,2,2522,卖盘
344,10:35:13,12.61,0.0,1,1261,买盘
345,10:35:19,12.6,-0.01,29,36540,卖盘
346,10:36:37,12.6,0.0,40,50400,买盘
347,10:36:40,12.59,-0.01,16,20144,卖盘
348,10:36:52,12.58,-0.01,5,6290,卖盘
349,10:37:18,12.58,0.0,10,12580,卖盘
350,10:37:28,12.58,0.0,1,1258,买盘
351,10:37:49,12.57,-0.01,4,5028,卖盘
352,10:38:10,12.57,0.0,17,21369,卖盘
353,10:39:07,12.57,0.0,10,12570,买盘
354,10:39:34,12.56,-0.01,4,5024,卖盘
355,10:39:43,12.56,0.0,11,13816,卖盘
356,10:40:10,12.55,-0.01,2,2510,卖盘
357,10:40:43,12.55,0.0,8,10040,买盘
358,10:40:52,12.54,-0.01,22,27588,卖盘
359,10:42:37,12.54,0.0,3,3762,买盘
360,10:42:55,12.53,-0.01,31,38846,卖盘
361,10:43:10,12.51,-0.02,20,25020,卖盘
362,10:43:30,12.51,0.0,47,58806,卖盘
363,10:44:58,12.51,0.0,1,1251,买盘
364,10:45:34,12.51,0.0,15,18763,买盘
365,10:45:37,12.51,0.0,5,6255,买盘
366,10:45:40,12.51,0.0,30,37530,买盘
367,10:46:19,12.51,0.0,9,11259,买盘
368,10:46:48,12.51,0.0,5,6255,买盘
369,10:46:54,12.51,0.0,7,8757,买盘
370,10:47:01,12.51,0.0,6,7506,买盘
371,10:47:04,12.51,0.0,14,17514,买盘
372,10:47:10,12.51,0.0,85,106335,买盘
373,10:47:13,12.51,0.0,11,13761,买盘
374,10:47:15,12.54,0.03,96,120142,买盘
375,10:47:21,12.54,0.0,11,13794,买盘
376,10:47:55,12.59,0.05,23,28957,买盘
377,10:47:58,12.55,-0.04,55,69025,卖盘
378,10:48:46,12.58,0.03,5,6290,买盘
379,10:49:19,12.62,0.04,23,29005,买盘
380,10:50:10,12.58,-0.04,13,16362,卖盘
381,10:50:13,12.58,0.0,8,10064,买盘
382,10:50:55,12.56,-0.02,5,6280,卖盘
383,10:51:00,12.56,0.0,3,3768,买盘
384,10:51:04,12.56,0.0,4,5024,买盘
385,10:51:55,12.61,0.05,6,7566,买盘
386,10:52:25,12.61,0.0,1,1261,买盘
387,10:52:52,12.6,-0.01,3,3780,中性盘
388,10:54:55,12.6,0.0,12,15120,买盘
389,10:57:30,12.57,-0.03,21,26397,卖盘
390,10:58:01,12.57,0.0,11,13827,买盘
391,11:00:19,12.58,0.01,10,12580,卖盘
392,11:00:58,12.57,-0.01,19,23883,卖盘
393,11:01:40,12.57,0.0,13,16341,卖盘
394,11:01:57,12.56,-0.01,28,35168,卖盘
395,11:02:10,12.56,0.0,2,2512,卖盘
396,11:02:33,12.55,-0.01,8,10040,卖盘
397,11:03:10,12.56,0.01,5,6280,买盘
398,11:03:58,12.55,-0.01,13,16315,卖盘
399,11:04:04,12.56,0.01,17,21345,买盘
400,11:04:28,12.56,0.0,12,15072,买盘
401,11:08:21,12.55,-0.01,5,6275,卖盘
402,11:08:36,12.56,0.01,20,25120,买盘
403,11:08:40,12.55,-0.01,10,12550,卖盘
404,11:08:43,12.57,0.02,9,11306,买盘
405,11:08:46,12.55,-0.02,11,13805,卖盘
406,11:09:10,12.55,0.0,10,12550,卖盘
407,11:09:18,12.55,0.0,68,85340,卖盘
408,11:09:33,12.55,0.0,8,10040,卖盘
409,11:09:46,12.54,-0.01,10,12540,卖盘
410,11:10:00,12.54,0.0,28,35112,卖盘
411,11:10:07,12.53,-0.01,2,2506,卖盘
412,11:10:18,12.53,0.0,5,6265,卖盘
413,11:10:48,12.55,0.02,2,2510,买盘
414,11:10:55,12.55,0.0,2,2510,卖盘
415,11:10:58,12.57,0.02,5,6285,买盘
416,11:11:22,12.55,-0.02,20,25105,卖盘
417,11:11:27,12.55,0.0,1,1255,买盘
418,11:11:43,12.53,-0.02,7,8771,卖盘
419,11:12:37,12.55,0.02,23,28865,买盘
420,11:14:31,12.54,-0.01,3,3762,卖盘
421,11:14:34,12.51,-0.03,48,60108,卖盘
422,11:15:33,12.52,0.01,10,12520,买盘
423,11:15:37,12.51,-0.01,9,11259,卖盘
424,11:15:40,12.51,0.0,1,1251,买盘
425,11:15:42,12.5,-0.01,17,21250,卖盘
426,11:15:46,12.51,0.01,1,1251,买盘
427,11:15:55,12.5,-0.01,2,2501,卖盘
428,11:16:01,12.51,0.01,8,10008,买盘
429,11:16:10,12.5,-0.01,77,96261,卖盘
430,11:16:12,12.5,0.0,9,11250,买盘
431,11:16:19,12.5,0.0,24,30000,买盘
432,11:17:01,12.57,0.07,23,28899,买盘
433,11:18:07,12.52,-0.05,4,5008,卖盘
434,11:19:55,12.53,0.01,3,3759,买盘
435,11:20:04,12.53,0.0,3,3759,买盘
436,11:20:09,12.53,0.0,17,21301,卖盘
437,11:20:22,12.53,0.0,4,5012,卖盘
438,11:22:30,12.5,-0.03,8,10000,卖盘
439,11:22:40,12.49,-0.01,50,62471,卖盘
440,11:22:42,12.54,0.05,3,3762,买盘
441,11:22:57,12.54,0.0,2,2508,卖盘
442,11:25:07,12.54,0.0,27,33853,买盘
443,11:25:37,12.5,-0.04,5,6250,卖盘
444,11:26:04,12.49,-0.01,18,22482,卖盘
445,11:27:04,12.49,0.0,7,8743,卖盘
446,11:27:10,12.49,0.0,10,12490,买盘
447,11:27:16,12.49,0.0,8,9992,买盘
448,11:28:34,12.48,-0.01,48,59933,卖盘
449,11:28:52,12.5,0.02,1,1250,卖盘
450,11:29:13,12.47,-0.03,23,28714,卖盘
451,13:00:07,12.48,0.01,26,32464,卖盘
452,13:00:09,12.48,0.0,10,12480,买盘
453,13:00:12,12.48,0.0,4,4992,买盘
454,13:00:15,12.48,0.0,30,37440,买盘
455,13:00:18,12.48,0.0,22,27456,买盘
456,13:00:22,12.48,0.0,66,82368,买盘
457,13:00:25,12.48,0.0,7,8736,买盘
458,13:00:28,12.48,0.0,2,2496,买盘
459,13:00:30,12.48,0.0,1,1248,买盘
460,13:00:33,12.48,0.0,12,14976,买盘
461,13:01:18,12.53,0.05,3,3759,买盘
462,13:01:40,12.53,0.0,10,12530,买盘
463,13:02:51,12.53,0.0,3,3759,买盘
464,13:05:21,12.52,-0.01,12,15024,买盘
465,13:05:45,12.52,0.0,3,3756,买盘
466,13:06:04,12.46,-0.06,48,59831,卖盘
467,13:09:16,12.46,0.0,20,24920,卖盘
468,13:10:48,12.46,0.0,13,16198,卖盘
469,13:10:55,12.46,0.0,27,33642,卖盘
470,13:11:06,12.45,-0.01,48,59806,卖盘
471,13:11:18,12.45,0.0,1,1245,卖盘
472,13:11:24,12.45,0.0,1,1245,卖盘
473,13:12:21,12.48,0.03,4,4992,买盘
474,13:12:33,12.48,0.0,9,11232,买盘
475,13:12:57,12.48,0.0,5,6240,买盘
476,13:13:10,12.48,0.0,1,1248,买盘
477,13:13:13,12.48,0.0,12,14976,买盘
478,13:13:34,12.48,0.0,17,21216,买盘
479,13:13:37,12.48,0.0,7,8736,买盘
480,13:14:07,12.48,0.0,71,88608,买盘
481,13:14:10,12.48,0.0,14,17472,买盘
482,13:14:13,12.52,0.04,12,15024,买盘
483,13:17:21,12.52,0.0,1,1252,买盘
484,13:17:42,12.52,0.0,10,12520,买盘
485,13:17:49,12.52,0.0,1,1252,买盘
486,13:18:24,12.52,0.0,2,2504,买盘
487,13:19:22,12.52,0.0,2,2504,买盘
488,13:20:18,12.52,0.0,1,1252,买盘
489,13:20:49,12.52,0.0,1,1252,买盘
490,13:21:21,12.52,0.0,5,6260,买盘
491,13:21:51,12.52,0.0,5,6260,买盘
492,13:21:57,12.52,0.0,1,1252,买盘
493,13:22:04,12.52,0.0,23,28796,买盘
494,13:22:16,12.52,0.0,1,1252,买盘
495,13:22:22,12.52,0.0,5,6260,买盘
496,13:22:27,12.52,0.0,1,1252,买盘
497,13:22:34,12.52,0.0,24,30028,买盘
498,13:22:49,12.52,0.0,54,67608,买盘
499,13:23:19,12.55,0.03,1,1255,买盘
500,13:23:30,12.56,0.01,5,6280,买盘
501,13:23:34,12.55,-0.01,2,2510,卖盘
502,13:23:40,12.55,0.0,13,16315,买盘
503,13:23:43,12.55,0.0,32,40160,买盘
504,13:23:46,12.55,0.0,46,57730,买盘
505,13:25:00,12.55,0.0,10,12475,卖盘
506,13:25:13,12.56,0.01,1,1256,卖盘
507,13:25:22,12.56,0.0,4,5024,买盘
508,13:25:28,12.56,0.0,3,3768,买盘
509,13:25:58,12.56,0.0,61,76615,买盘
510,13:26:01,12.55,-0.01,1,1255,卖盘
511,13:26:16,12.56,0.01,5,6280,买盘
512,13:26:48,12.56,0.0,3,3766,买盘
513,13:27:55,12.56,0.0,1,1256,买盘
514,13:27:58,12.55,-0.01,16,20080,卖盘
515,13:28:46,12.56,0.01,5,6280,买盘
516,13:28:55,12.57,0.01,29,36503,买盘
517,13:29:04,12.57,0.0,8,10056,买盘
518,13:29:06,12.6,0.03,28,35232,买盘
519,13:30:01,12.58,-0.02,10,12580,卖盘
520,13:30:07,12.6,0.02,92,115843,买盘
521,13:30:25,12.6,0.0,8,10080,卖盘
522,13:30:28,12.6,0.0,1,1260,买盘
523,13:31:49,12.6,0.0,1,1260,买盘
524,13:31:55,12.58,-0.02,10,12581,卖盘
525,13:32:04,12.59,0.01,1,1259,卖盘
526,13:32:24,12.56,-0.03,11,13817,卖盘
527,13:33:04,12.58,0.02,3,3770,买盘
528,13:33:37,12.56,-0.02,21,26301,卖盘
529,13:34:22,12.56,0.0,85,106835,买盘
530,13:35:30,12.57,0.01,1,1257,卖盘
531,13:37:09,12.57,0.0,1,1257,卖盘
532,13:38:04,12.58,0.01,5,6290,买盘
533,13:38:25,12.58,0.0,24,30192,买盘
534,13:38:58,12.6,0.02,28,35280,买盘
535,13:39:04,12.6,0.0,2,2520,买盘
536,13:39:22,12.59,-0.01,1,1259,卖盘
537,13:39:30,12.58,-0.01,62,78038,卖盘
538,13:39:52,12.58,0.0,6,7548,卖盘
539,13:40:09,12.58,0.0,25,31450,卖盘
540,13:40:19,12.59,0.01,1,1259,买盘
541,13:40:42,12.6,0.01,5,6296,买盘
542,13:40:57,12.59,-0.01,7,8813,卖盘
543,13:41:04,12.6,0.01,20,25187,买盘
544,13:41:16,12.59,-0.01,2,2518,中性盘
545,13:41:18,12.59,0.0,1,1259,买盘
546,13:41:54,12.58,-0.01,3,3774,卖盘
547,13:43:19,12.6,0.02,8,10066,买盘
548,13:44:09,12.59,-0.01,7,8813,买盘
549,13:45:54,12.59,0.0,1,1259,买盘
550,13:45:57,12.58,-0.01,10,12580,卖盘
551,13:46:12,12.58,0.0,10,12580,卖盘
552,13:46:19,12.58,0.0,13,16354,卖盘
553,13:46:57,12.58,0.0,4,5032,买盘
554,13:47:01,12.58,0.0,3,3774,买盘
555,13:47:22,12.58,0.0,3,3774,卖盘
556,13:47:25,12.58,0.0,11,13838,卖盘
557,13:47:45,12.58,0.0,15,18870,卖盘
558,13:48:04,12.58,0.0,1,1258,卖盘
559,13:48:27,12.58,0.0,1,1258,买盘
560,13:48:43,12.6,0.02,47,59215,买盘
561,13:49:07,12.6,0.0,7,8820,买盘
562,13:49:46,12.59,-0.01,31,39059,卖盘
563,13:50:34,12.57,-0.02,1,1257,卖盘
564,13:51:37,12.59,0.02,6,7554,买盘
565,13:53:34,12.59,0.0,1,1259,买盘
566,13:53:37,12.59,0.0,1,1259,买盘
567,13:54:16,12.59,0.0,3,3777,买盘
568,13:54:48,12.6,0.01,6,7560,买盘
569,13:55:13,12.59,-0.01,10,12590,卖盘
570,13:55:18,12.59,0.0,16,20144,卖盘
571,13:55:42,12.59,0.0,5,6295,买盘
572,13:55:55,12.6,0.01,5,6300,买盘
573,13:56:01,12.6,0.0,15,18900,买盘
574,13:56:07,12.6,0.0,3,3780,卖盘
575,13:56:09,12.61,0.01,9,11349,买盘
576,13:56:15,12.61,0.0,2,2522,买盘
577,13:56:24,12.61,0.0,2,2522,买盘
578,13:56:28,12.59,-0.02,14,17638,卖盘
579,13:56:37,12.6,0.01,9,11340,卖盘
580,13:56:42,12.6,0.0,1,1260,卖盘
581,13:57:06,12.61,0.01,15,18915,买盘
582,13:57:22,12.6,-0.01,3,3780,卖盘
583,13:57:28,12.6,0.0,1,1260,卖盘
584,13:58:31,12.61,0.01,3,3783,买盘
585,13:58:43,12.61,0.0,1,1261,买盘
586,13:59:48,12.6,-0.01,4,5040,中性盘
587,14:00:04,12.61,0.01,28,35308,买盘
588,14:00:48,12.61,0.0,39,49179,卖盘
589,14:01:01,12.6,-0.01,1,1260,卖盘
590,14:01:10,12.6,0.0,5,6300,卖盘
591,14:01:16,12.6,0.0,2,2520,卖盘
592,14:01:19,12.59,-0.01,1,1259,卖盘
593,14:01:25,12.6,0.01,24,30240,中性盘
594,14:01:28,12.59,-0.01,23,28957,卖盘
595,14:01:34,12.59,0.0,2,2518,卖盘
596,14:01:37,12.59,0.0,11,13849,卖盘
597,14:01:43,12.57,-0.02,8,10058,卖盘
598,14:01:46,12.56,-0.01,1,1256,卖盘
599,14:02:15,12.56,0.0,20,25120,卖盘
600,14:02:28,12.56,0.0,8,9973,卖盘
601,14:02:46,12.55,-0.01,5,6275,卖盘
602,14:02:49,12.56,0.01,16,20171,买盘
603,14:03:01,12.56,0.0,3,3768,卖盘
604,14:03:49,12.56,0.0,1,1256,卖盘
605,14:04:55,12.57,0.01,2,2514,卖盘
606,14:05:19,12.57,0.0,13,16341,卖盘
607,14:05:25,12.58,0.01,33,41514,买盘
608,14:05:31,12.58,0.0,1,1258,卖盘
609,14:05:49,12.58,0.0,16,20128,卖盘
610,14:05:55,12.6,0.02,2,2520,买盘
611,14:06:04,12.6,0.0,3,3780,卖盘
612,14:06:13,12.6,0.0,1,1260,卖盘
613,14:06:16,12.61,0.01,1,1261,买盘
614,14:06:19,12.61,0.0,21,26481,买盘
615,14:06:25,12.62,0.01,7,8829,买盘
616,14:06:48,12.62,0.0,1,1262,卖盘
617,14:06:55,12.62,0.0,1,1262,卖盘
618,14:07:49,12.6,-0.02,45,56735,卖盘
619,14:07:55,12.6,0.0,17,21420,买盘
620,14:08:01,12.6,0.0,21,26459,买盘
621,14:08:04,12.6,0.0,1,1260,卖盘
622,14:08:24,12.6,0.0,17,21420,卖盘
623,14:09:31,12.58,-0.02,2,2516,卖盘
624,14:09:34,12.58,0.0,11,13838,卖盘
625,14:10:07,12.58,0.0,10,12580,买盘
626,14:13:28,12.61,0.03,1,1261,买盘
627,14:13:43,12.61,0.0,1,1261,买盘
628,14:14:12,12.61,0.0,1,1261,买盘
629,14:14:21,12.6,-0.01,2,2520,卖盘
630,14:14:24,12.64,0.04,45,56850,买盘
631,14:14:45,12.65,0.01,47,59455,买盘
632,14:15:33,12.63,-0.02,5,6313,买盘
633,14:15:43,12.6,-0.03,10,12600,卖盘
634,14:16:49,12.59,-0.01,6,7554,买盘
635,14:17:10,12.59,0.0,3,3777,买盘
636,14:17:16,12.59,0.0,10,12589,买盘
637,14:17:24,12.59,0.0,1,1259,买盘
638,14:17:28,12.59,0.0,29,36500,买盘
639,14:17:34,12.59,0.0,2,2518,买盘
640,14:18:13,12.59,0.0,3,3777,买盘
641,14:18:34,12.59,0.0,3,3777,买盘
642,14:19:07,12.63,0.04,7,8840,买盘
643,14:19:31,12.6,-0.03,3,3780,卖盘
644,14:19:40,12.63,0.03,2,2526,买盘
645,14:19:55,12.6,-0.03,53,66821,卖盘
646,14:20:01,12.6,0.0,1,1260,买盘
647,14:20:13,12.6,0.0,1,1260,买盘
648,14:20:52,12.63,0.03,72,90936,买盘
649,14:21:04,12.63,0.0,3,3789,卖盘
650,14:21:25,12.63,0.0,5,6315,卖盘
651,14:21:31,12.63,0.0,5,6315,卖盘
652,14:21:40,12.64,0.01,2,2528,买盘
653,14:22:37,12.64,0.0,6,7584,买盘
654,14:22:43,12.64,0.0,1,1264,买盘
655,14:22:49,12.64,0.0,1,1264,买盘
656,14:23:16,12.64,0.0,10,12640,买盘
657,14:23:18,12.63,-0.01,12,15156,卖盘
658,14:23:22,12.64,0.01,22,27802,买盘
659,14:23:43,12.66,0.02,4,5064,买盘
660,14:24:16,12.64,-0.02,21,26544,卖盘
661,14:25:19,12.65,0.01,1,1265,买盘
662,14:25:22,12.62,-0.03,3,3786,卖盘
663,14:25:27,12.64,0.02,6,7584,中性盘
664,14:26:49,12.64,0.0,2,2528,买盘
665,14:27:22,12.65,0.01,19,24035,买盘
666,14:27:40,12.65,0.0,8,10120,卖盘
667,14:28:04,12.65,0.0,31,39215,买盘
668,14:28:46,12.65,0.0,53,67045,买盘
669,14:29:22,12.61,-0.04,24,30287,卖盘
670,14:29:25,12.62,0.01,1,1262,买盘
671,14:29:49,12.6,-0.02,5,6300,卖盘
672,14:30:01,12.6,0.0,25,31500,买盘
673,14:30:07,12.6,0.0,4,5040,卖盘
674,14:32:10,12.6,0.0,80,100821,卖盘
675,14:32:13,12.6,0.0,10,12600,买盘
676,14:32:25,12.6,0.0,85,107100,买盘
677,14:33:25,12.6,0.0,10,12600,卖盘
678,14:33:52,12.6,0.0,1,1260,买盘
679,14:35:07,12.59,-0.01,12,15108,卖盘
680,14:35:34,12.6,0.01,3,3778,买盘
681,14:35:55,12.58,-0.02,6,7548,卖盘
682,14:36:01,12.58,0.0,50,62900,买盘
683,14:36:10,12.57,-0.01,1,1257,卖盘
684,14:36:16,12.57,0.0,2,2514,卖盘
685,14:36:19,12.57,0.0,7,8799,卖盘
686,14:36:22,12.57,0.0,26,32682,卖盘
687,14:36:25,12.57,0.0,4,5028,卖盘
688,14:36:57,12.56,-0.01,2,2512,卖盘
689,14:37:04,12.57,0.01,5,6285,买盘
690,14:37:43,12.57,0.0,11,13827,买盘
691,14:37:55,12.57,0.0,2,2515,卖盘
692,14:38:49,12.6,0.03,1,1260,买盘
693,14:39:19,12.57,-0.03,10,12570,卖盘
694,14:39:37,12.58,0.01,1,1258,卖盘
695,14:42:04,12.59,0.01,9,11331,卖盘
696,14:43:10,12.65,0.06,14,17689,买盘
697,14:43:13,12.65,0.0,71,89815,卖盘
698,14:43:15,12.58,-0.07,12,15106,卖盘
699,14:43:55,12.6,0.02,5,6301,卖盘
700,14:44:16,12.65,0.05,3,3795,买盘
701,14:44:19,12.61,-0.04,1,1261,卖盘
702,14:44:49,12.61,0.0,46,58006,卖盘
703,14:45:31,12.62,0.01,5,6310,卖盘
704,14:45:40,12.61,-0.01,10,12615,卖盘
705,14:45:52,12.61,0.0,10,12610,卖盘
706,14:46:07,12.61,0.0,2,2522,卖盘
707,14:46:28,12.61,0.0,2,2522,卖盘
708,14:46:31,12.6,-0.01,10,12602,卖盘
709,14:46:46,12.6,0.0,13,16380,卖盘
710,14:50:13,12.59,-0.01,11,13849,卖盘
711,14:50:28,12.6,0.01,6,7560,买盘
712,14:50:31,12.59,-0.01,6,7554,卖盘
713,14:50:52,12.59,0.0,10,12590,卖盘
714,14:51:07,12.59,0.0,16,20144,卖盘
715,14:51:16,12.58,-0.01,70,88116,卖盘
716,14:51:25,12.59,0.01,1,1259,买盘
717,14:51:40,12.58,-0.01,18,22644,卖盘
718,14:53:04,12.59,0.01,3,3777,买盘
719,14:53:31,12.59,0.0,36,45324,买盘
720,14:53:34,12.58,-0.01,6,7548,卖盘
721,14:53:40,12.59,0.01,46,57914,买盘
722,14:53:43,12.59,0.0,4,5036,买盘
723,14:53:49,12.63,0.04,1,1263,买盘
724,14:53:52,12.64,0.01,6,7582,买盘
725,14:53:58,12.58,-0.06,125,157480,卖盘
726,14:54:07,12.58,0.0,10,12580,买盘
727,14:54:19,12.58,0.0,5,6290,买盘
728,14:54:22,12.58,0.0,25,31442,买盘
729,14:54:28,12.58,0.0,25,31450,买盘
730,14:54:40,12.58,0.0,6,7548,买盘
731,14:54:49,12.58,0.0,1,1258,买盘
732,14:54:55,12.57,-0.01,1,1257,卖盘
733,14:55:16,12.57,0.0,18,22626,卖盘
734,14:55:22,12.57,0.0,3,3771,买盘
735,14:55:49,12.56,-0.01,1,1256,卖盘
736,14:56:01,12.56,0.0,48,60288,卖盘
737,14:56:07,12.57,0.01,4,5028,买盘
738,14:56:10,12.57,0.0,12,15084,买盘
739,14:56:13,12.57,0.0,2,2514,买盘
740,14:56:16,12.57,0.0,1,1257,买盘
741,14:56:25,12.56,-0.01,32,40192,卖盘
742,14:56:31,12.63,0.07,5,6315,买盘
743,14:56:40,12.57,-0.06,24,30168,买盘
744,14:56:46,12.63,0.06,1,1263,买盘
745,15:00:05,12.62,-0.01,66,83292,卖盘
