,time,price,change,volume,amount,type
0,09:25:04,5.25,0.14,2185,1147125,卖盘
1,09:30:04,5.25,0.0,711,373180,买盘
2,09:30:07,5.25,0.0,1897,997690,卖盘
3,09:30:10,5.25,0.0,740,388962,卖盘
4,09:30:13,5.29,0.04,607,320414,买盘
5,09:30:16,5.27,-0.02,3,1581,买盘
6,09:30:19,5.27,0.0,36,18943,买盘
7,09:30:22,5.29,0.02,246,129877,买盘
8,09:30:25,5.29,0.0,1055,558475,买盘
9,09:30:28,5.27,-0.02,100,52620,中性盘
10,09:30:31,5.27,0.0,114,60070,买盘
11,09:30:34,5.28,0.01,41,21624,买盘
12,09:30:37,5.27,-0.01,141,74219,中性盘
13,09:30:40,5.27,0.0,158,83309,买盘
14,09:30:43,5.27,0.0,467,245899,卖盘
15,09:30:46,5.28,0.01,175,92171,买盘
16,09:30:49,5.26,-0.02,362,190475,卖盘
17,09:30:52,5.27,0.01,349,184071,买盘
18,09:30:55,5.26,-0.01,282,148440,卖盘
19,09:30:58,5.26,0.0,401,210854,卖盘
20,09:31:01,5.26,0.0,271,142322,买盘
21,09:31:04,5.26,0.0,56,29446,买盘
22,09:31:07,5.25,-0.01,429,225624,卖盘
23,09:31:10,5.25,0.0,199,104533,卖盘
24,09:31:13,5.24,-0.01,892,468278,卖盘
25,09:31:16,5.27,0.03,425,223601,买盘
26,09:31:19,5.25,-0.02,505,264650,买盘
27,09:31:22,5.24,-0.01,40,20969,中性盘
28,09:31:25,5.24,0.0,29,15186,买盘
29,09:31:28,5.24,0.0,10,5240,买盘
30,09:31:31,5.23,-0.01,123,64339,卖盘
31,09:31:34,5.24,0.01,505,264600,买盘
32,09:31:37,5.25,0.01,514,269850,买盘
33,09:31:40,5.23,-0.02,436,228195,卖盘
34,09:31:43,5.24,0.01,298,156142,买盘
35,09:31:46,5.24,0.0,173,90559,买盘
36,09:31:49,5.23,-0.01,105,54915,卖盘
37,09:31:52,5.23,0.0,175,91675,卖盘
38,09:31:55,5.23,0.0,25,13075,卖盘
39,09:31:58,5.23,0.0,205,107245,卖盘
40,09:32:01,5.23,0.0,35,18305,买盘
41,09:32:04,5.23,0.0,184,96232,买盘
42,09:32:07,5.23,0.0,196,102488,买盘
43,09:32:10,5.22,-0.01,725,378470,卖盘
44,09:32:13,5.22,0.0,39,20358,买盘
45,09:32:16,5.22,0.0,61,31842,买盘
46,09:32:19,5.22,0.0,404,210888,买盘
47,09:32:22,5.21,-0.01,348,181496,卖盘
48,09:32:25,5.22,0.01,52,27142,买盘
49,09:32:28,5.22,0.0,15,7830,买盘
50,09:32:31,5.21,-0.01,9,4689,卖盘
51,09:32:34,5.21,0.0,156,81424,卖盘
52,09:32:37,5.21,0.0,184,95894,卖盘
53,09:32:40,5.22,0.01,308,160646,买盘
54,09:32:43,5.22,0.0,104,54288,卖盘
55,09:32:46,5.21,-0.01,117,61029,卖盘
56,09:32:49,5.21,0.0,103,53663,买盘
57,09:32:55,5.21,0.0,135,70435,卖盘
58,09:32:58,5.21,0.0,15,7815,卖盘
59,09:33:01,5.22,0.01,276,143972,买盘
60,09:33:04,5.23,0.01,976,510207,买盘
61,09:33:07,5.23,0.0,74,38702,卖盘
62,09:33:10,5.22,-0.01,962,502195,卖盘
63,09:33:13,5.22,0.0,76,39662,买盘
64,09:33:16,5.24,0.02,205,107262,买盘
65,09:33:19,5.23,-0.01,201,105323,中性盘
66,09:33:22,5.24,0.01,38,19903,买盘
67,09:33:28,5.23,-0.01,30,15670,买盘
68,09:33:31,5.24,0.01,76,39814,买盘
69,09:33:34,5.24,0.0,84,44016,卖盘
70,09:33:40,5.24,0.0,56,29344,买盘
71,09:33:43,5.24,0.0,24,12576,买盘
72,09:33:55,5.24,0.0,23,12032,买盘
73,09:33:58,5.23,-0.01,473,247389,卖盘
74,09:34:01,5.23,0.0,36,18828,买盘
75,09:34:04,5.23,0.0,39,20366,买盘
76,09:34:07,5.23,0.0,156,81436,买盘
77,09:34:10,5.23,0.0,581,302972,买盘
78,09:34:13,5.22,-0.01,20,10440,中性盘
79,09:34:19,5.22,0.0,41,21402,买盘
80,09:34:22,5.2,-0.02,16,8334,卖盘
81,09:34:25,5.21,0.01,64,33344,买盘
82,09:34:28,5.2,-0.01,31,16126,卖盘
83,09:34:34,5.2,0.0,25,13000,卖盘
84,09:34:37,5.2,0.0,27,14040,卖盘
85,09:34:40,5.2,0.0,215,111800,卖盘
86,09:34:42,5.2,0.0,123,63994,卖盘
87,09:34:46,5.2,0.0,15,7800,卖盘
88,09:34:49,5.21,0.01,105,54641,买盘
89,09:34:52,5.2,-0.01,159,82680,卖盘
90,09:34:55,5.19,-0.01,1008,523470,卖盘
91,09:34:58,5.19,0.0,60,31140,卖盘
92,09:35:01,5.19,0.0,10,5190,买盘
93,09:35:04,5.19,0.0,171,88749,买盘
94,09:35:06,5.19,0.0,19,9861,买盘
95,09:35:10,5.19,0.0,258,133665,买盘
96,09:35:13,5.19,0.0,300,155804,买盘
97,09:35:16,5.19,0.0,38,19722,卖盘
98,09:35:19,5.19,0.0,55,28545,卖盘
99,09:35:22,5.19,0.0,10,5190,卖盘
100,09:35:25,5.19,0.0,60,31140,卖盘
101,09:35:28,5.19,0.0,20,10390,卖盘
102,09:35:31,5.19,0.0,27,14013,卖盘
103,09:35:34,5.19,0.0,207,107620,卖盘
104,09:35:37,5.19,0.0,97,50421,卖盘
105,09:35:40,5.19,0.0,707,366680,卖盘
106,09:35:43,5.18,-0.01,777,402931,卖盘
107,09:35:46,5.18,0.0,181,93758,买盘
108,09:35:48,5.18,0.0,13,6734,买盘
109,09:35:55,5.18,0.0,12,6216,买盘
110,09:35:58,5.17,-0.01,49,25352,卖盘
111,09:36:04,5.18,0.01,2,1036,买盘
112,09:36:07,5.17,-0.01,184,95132,卖盘
113,09:36:10,5.17,0.0,119,61534,买盘
114,09:36:13,5.17,0.0,47,24326,卖盘
115,09:36:16,5.17,0.0,185,95640,买盘
116,09:36:19,5.16,-0.01,68,35115,卖盘
117,09:36:22,5.17,0.01,160,82600,买盘
118,09:36:25,5.17,0.0,45,23265,卖盘
119,09:36:28,5.17,0.0,43,22231,卖盘
120,09:36:31,5.18,0.01,29,15022,买盘
121,09:36:34,5.17,-0.01,193,99962,卖盘
122,09:36:37,5.18,0.01,2,1036,卖盘
123,09:36:40,5.19,0.01,179,92901,买盘
124,09:36:42,5.19,0.0,13,6743,买盘
125,09:36:46,5.18,-0.01,33,17100,卖盘
126,09:36:49,5.18,0.0,23,11914,买盘
127,09:36:52,5.19,0.01,83,43059,买盘
128,09:36:55,5.18,-0.01,92,47736,卖盘
129,09:36:58,5.18,0.0,273,141519,卖盘
130,09:37:00,5.17,-0.01,577,298624,卖盘
131,09:37:04,5.18,0.01,102,52918,卖盘
132,09:37:07,5.19,0.01,72,37368,买盘
133,09:37:09,5.17,-0.02,149,77144,卖盘
134,09:37:13,5.18,0.01,108,55944,买盘
135,09:37:16,5.17,-0.01,175,90645,卖盘
136,09:37:19,5.18,0.01,20,10360,买盘
137,09:37:25,5.18,0.0,71,36778,买盘
138,09:37:28,5.19,0.01,57,29540,买盘
139,09:37:31,5.18,-0.01,5,2590,买盘
140,09:37:40,5.19,0.01,26,13494,买盘
141,09:37:43,5.19,0.0,4,2076,买盘
142,09:37:46,5.18,-0.01,20,10360,卖盘
143,09:37:48,5.18,0.0,1,518,卖盘
144,09:37:55,5.19,0.01,38,19722,买盘
145,09:38:09,5.19,0.0,8,4152,买盘
146,09:38:13,5.19,0.0,308,159750,买盘
147,09:38:16,5.18,-0.01,36,18664,卖盘
148,09:38:19,5.18,0.0,17,8806,卖盘
149,09:38:21,5.19,0.01,11,5709,买盘
150,09:38:25,5.19,0.0,40,20760,买盘
151,09:38:28,5.19,0.0,216,112054,买盘
152,09:38:31,5.19,0.0,20,10380,卖盘
153,09:38:37,5.18,-0.01,73,37852,卖盘
154,09:38:40,5.19,0.01,147,76368,买盘
155,09:38:43,5.19,0.0,91,47237,卖盘
156,09:38:45,5.18,-0.01,20,10360,卖盘
157,09:38:49,5.19,0.01,34,17646,买盘
158,09:38:52,5.19,0.0,26,13494,买盘
159,09:39:04,5.18,-0.01,344,178292,卖盘
160,09:39:10,5.19,0.01,18,9342,买盘
161,09:39:13,5.19,0.0,14,7266,买盘
162,09:39:16,5.18,-0.01,266,137944,卖盘
163,09:39:18,5.18,0.0,50,25900,卖盘
164,09:39:22,5.18,0.0,20,10360,卖盘
165,09:39:28,5.19,0.01,393,203657,买盘
166,09:39:31,5.18,-0.01,8,4144,卖盘
167,09:39:34,5.18,0.0,15,7770,卖盘
168,09:39:37,5.19,0.01,83,43027,买盘
169,09:39:42,5.19,0.0,34,17644,买盘
170,09:39:52,5.18,-0.01,18,9324,卖盘
171,09:39:55,5.19,0.01,11,5709,买盘
172,09:39:58,5.18,-0.01,110,56980,卖盘
173,09:40:00,5.19,0.01,20,10380,买盘
174,09:40:04,5.18,-0.01,81,42013,卖盘
175,09:40:07,5.18,0.0,71,36778,卖盘
176,09:40:10,5.19,0.01,12,6228,买盘
177,09:40:12,5.19,0.0,126,65394,买盘
178,09:40:22,5.18,-0.01,254,131752,卖盘
179,09:40:28,5.19,0.01,30,15570,买盘
180,09:40:31,5.19,0.0,114,59166,买盘
181,09:40:33,5.17,-0.02,509,263493,卖盘
182,09:40:37,5.19,0.02,37,19203,买盘
183,09:40:43,5.19,0.0,78,40482,卖盘
184,09:40:46,5.19,0.0,100,51900,卖盘
185,09:40:48,5.19,0.0,24,12468,卖盘
186,09:40:51,5.2,0.01,226,117500,买盘
187,09:40:55,5.19,-0.01,50,25950,卖盘
188,09:40:58,5.2,0.01,7,3640,买盘
189,09:41:01,5.19,-0.01,37,19223,卖盘
190,09:41:04,5.2,0.01,12,6240,买盘
191,09:41:13,5.2,0.0,9,4680,买盘
192,09:41:15,5.2,0.0,43,22360,买盘
193,09:41:19,5.2,0.0,33,17145,买盘
194,09:41:25,5.2,0.0,212,110240,买盘
195,09:41:31,5.2,0.0,9,4680,买盘
196,09:41:34,5.2,0.0,35,18194,买盘
197,09:41:37,5.19,-0.01,308,159852,卖盘
198,09:41:40,5.18,-0.01,145,75211,卖盘
199,09:41:43,5.19,0.01,20,10380,买盘
200,09:41:46,5.19,0.0,38,19722,买盘
201,09:41:52,5.19,0.0,9,4671,买盘
202,09:41:55,5.19,0.0,10,5190,买盘
203,09:42:00,5.18,-0.01,30,15540,卖盘
204,09:42:16,5.18,0.0,230,119170,卖盘
205,09:42:19,5.18,0.0,63,32634,卖盘
206,09:42:22,5.18,0.0,80,41440,卖盘
207,09:42:25,5.18,0.0,50,25900,卖盘
208,09:42:31,5.18,0.0,156,80808,卖盘
209,09:42:34,5.18,0.0,1,518,卖盘
210,09:42:37,5.18,0.0,19,9842,卖盘
211,09:42:43,5.19,0.01,235,121804,买盘
212,09:42:46,5.19,0.0,10,5190,买盘
213,09:42:49,5.18,-0.01,58,30053,卖盘
214,09:42:51,5.18,0.0,162,83916,卖盘
215,09:43:01,5.18,0.0,15,7770,买盘
216,09:43:04,5.17,-0.01,67,34639,卖盘
217,09:43:07,5.17,0.0,57,29480,卖盘
218,09:43:13,5.17,0.0,53,27414,卖盘
219,09:43:16,5.17,0.0,200,103426,卖盘
220,09:43:19,5.17,0.0,103,53251,卖盘
221,09:43:21,5.17,0.0,34,17578,卖盘
222,09:43:25,5.17,0.0,5,2586,卖盘
223,09:43:28,5.17,0.0,119,61523,卖盘
224,09:43:43,5.17,0.0,6,3102,买盘
225,09:43:46,5.16,-0.01,32,16529,卖盘
226,09:43:49,5.16,0.0,30,15480,卖盘
227,09:43:55,5.16,0.0,10,5160,卖盘
228,09:43:57,5.17,0.01,22,11374,买盘
229,09:44:04,5.17,0.0,80,41357,买盘
230,09:44:06,5.17,0.0,2,1034,卖盘
231,09:44:10,5.16,-0.01,58,29949,卖盘
232,09:44:13,5.17,0.01,51,26391,买盘
233,09:44:21,5.17,0.0,10,5170,卖盘
234,09:44:28,5.17,0.0,94,48598,卖盘
235,09:44:31,5.17,0.0,1,517,卖盘
236,09:44:34,5.17,0.0,11,5687,卖盘
237,09:44:37,5.17,0.0,20,10340,卖盘
238,09:44:40,5.17,0.0,119,61523,卖盘
239,09:44:43,5.17,0.0,57,29469,买盘
240,09:44:55,5.17,0.0,19,9823,买盘
241,09:45:07,5.16,-0.01,20,10320,卖盘
242,09:45:13,5.17,0.01,190,98069,买盘
243,09:45:16,5.16,-0.01,152,78432,卖盘
244,09:45:25,5.16,0.0,149,76884,卖盘
245,09:45:27,5.16,0.0,162,83641,卖盘
246,09:45:34,5.16,0.0,60,30960,卖盘
247,09:45:37,5.17,0.01,4,2068,买盘
248,09:45:40,5.16,-0.01,27,13955,卖盘
249,09:45:43,5.17,0.01,4,2068,买盘
250,09:45:46,5.17,0.0,36,18612,买盘
251,09:45:49,5.17,0.0,19,9823,卖盘
252,09:45:52,5.17,0.0,58,29986,卖盘
253,09:45:57,5.17,0.0,10,5170,卖盘
254,09:46:04,5.18,0.01,30,15540,买盘
255,09:46:10,5.16,-0.02,63,32566,卖盘
256,09:46:13,5.18,0.02,36,18635,买盘
257,09:46:16,5.18,0.0,13,6734,买盘
258,09:46:18,5.17,-0.01,23,11891,卖盘
259,09:46:22,5.17,0.0,7,3619,买盘
260,09:46:28,5.18,0.01,5,2590,买盘
261,09:46:30,5.17,-0.01,30,15510,卖盘
262,09:46:34,5.17,0.0,39,20163,卖盘
263,09:46:40,5.17,0.0,20,10340,卖盘
264,09:46:43,5.18,0.01,22,11396,买盘
265,09:46:46,5.17,-0.01,18,9306,卖盘
266,09:46:51,5.17,0.0,28,14476,买盘
267,09:46:55,5.16,-0.01,63,32508,卖盘
268,09:46:58,5.17,0.01,28,14476,买盘
269,09:47:01,5.17,0.0,50,25801,买盘
270,09:47:04,5.17,0.0,16,8272,买盘
271,09:47:12,5.17,0.0,29,14990,买盘
272,09:47:16,5.17,0.0,53,27401,买盘
273,09:47:19,5.16,-0.01,59,30453,卖盘
274,09:47:34,5.18,0.02,100,51729,买盘
275,09:47:42,5.18,0.0,76,39240,买盘
276,09:47:46,5.18,0.0,26,13468,买盘
277,09:47:55,5.17,-0.01,60,31020,卖盘
278,09:47:58,5.18,0.01,285,147478,买盘
279,09:48:04,5.18,0.0,1,518,卖盘
280,09:48:16,5.18,0.0,27,13986,买盘
281,09:48:19,5.16,-0.02,20,10323,卖盘
282,09:48:25,5.17,0.01,19,9839,卖盘
283,09:48:31,5.17,0.0,100,51700,卖盘
284,09:48:40,5.17,0.0,15,7755,卖盘
285,09:48:43,5.17,0.0,19,9823,卖盘
286,09:48:46,5.17,0.0,31,16027,买盘
287,09:48:58,5.17,0.0,112,57840,买盘
288,09:49:10,5.16,-0.01,1,516,卖盘
289,09:49:13,5.17,0.01,3,1551,买盘
290,09:49:16,5.17,0.0,49,25333,买盘
291,09:49:19,5.16,-0.01,140,72240,卖盘
292,09:49:22,5.16,0.0,52,26832,卖盘
293,09:49:25,5.17,0.01,3,1551,买盘
294,09:49:27,5.17,0.0,6,3102,买盘
295,09:49:30,5.16,-0.01,218,112684,卖盘
296,09:49:33,5.16,0.0,146,75336,卖盘
297,09:49:43,5.17,0.01,13,6721,买盘
298,09:49:46,5.17,0.0,47,24299,买盘
299,09:49:48,5.16,-0.01,119,61404,卖盘
300,09:50:01,5.17,0.01,68,35156,买盘
301,09:50:16,5.17,0.0,38,19646,买盘
302,09:50:21,5.17,0.0,15,7755,买盘
303,09:50:31,5.17,0.0,182,94094,买盘
304,09:50:33,5.16,-0.01,300,154839,卖盘
305,09:50:43,5.18,0.02,35,18106,买盘
306,09:50:46,5.18,0.0,33,17094,买盘
307,09:50:49,5.17,-0.01,8,4136,卖盘
308,09:51:00,5.18,0.01,443,229474,买盘
309,09:51:07,5.18,0.0,200,103600,卖盘
310,09:51:10,5.18,0.0,34,17612,卖盘
311,09:51:13,5.18,0.0,71,36778,卖盘
312,09:51:16,5.18,0.0,178,92204,买盘
313,09:51:25,5.18,0.0,500,259000,卖盘
314,09:51:31,5.19,0.01,10,5190,买盘
315,09:51:34,5.18,-0.01,95,49210,卖盘
316,09:51:37,5.19,0.01,20,10375,买盘
317,09:51:45,5.19,0.0,11,5709,买盘
318,09:51:55,5.18,-0.01,30,15540,卖盘
319,09:52:04,5.18,0.0,88,45584,卖盘
320,09:52:13,5.18,0.0,9,4662,买盘
321,09:52:16,5.18,0.0,83,42994,买盘
322,09:52:19,5.17,-0.01,112,57904,卖盘
323,09:52:22,5.17,0.0,5,2585,卖盘
324,09:52:34,5.17,0.0,6,3102,卖盘
325,09:52:37,5.17,0.0,28,14476,卖盘
326,09:52:43,5.18,0.01,38,19666,买盘
327,09:52:46,5.18,0.0,5,2590,买盘
328,09:52:55,5.18,0.0,4,2072,买盘
329,09:53:16,5.18,0.0,32,16576,买盘
330,09:53:25,5.18,0.0,117,60606,买盘
331,09:53:28,5.17,-0.01,20,10340,卖盘
332,09:53:31,5.17,0.0,101,52217,卖盘
333,09:53:40,5.18,0.01,116,60088,买盘
334,09:53:46,5.18,0.0,50,25900,卖盘
335,09:53:49,5.18,0.0,10,5180,卖盘
336,09:53:52,5.18,0.0,3,1554,买盘
337,09:54:04,5.17,-0.01,10,5170,卖盘
338,09:54:10,5.17,0.0,58,29986,卖盘
339,09:54:13,5.17,0.0,9,4653,卖盘
340,09:54:16,5.18,0.01,59,30532,买盘
341,09:54:22,5.17,-0.01,73,37741,卖盘
342,09:54:33,5.16,-0.01,20,10320,卖盘
343,09:54:46,5.17,0.01,9,4653,买盘
344,09:54:55,5.17,0.0,10,5170,卖盘
345,09:55:04,5.18,0.01,94,48619,买盘
346,09:55:07,5.17,-0.01,23,11891,卖盘
347,09:55:10,5.17,0.0,54,27918,买盘
348,09:55:13,5.17,0.0,13,6721,买盘
349,09:55:16,5.17,0.0,43,22231,买盘
350,09:55:31,5.16,-0.01,7,3612,卖盘
351,09:55:40,5.16,0.0,10,5160,卖盘
352,09:55:46,5.17,0.01,35,18095,买盘
353,09:55:49,5.16,-0.01,208,107516,卖盘
354,09:55:57,5.16,0.0,200,103200,卖盘
355,09:56:01,5.17,0.01,51,26367,买盘
356,09:56:16,5.17,0.0,38,19646,买盘
357,09:56:19,5.17,0.0,16,8272,买盘
358,09:56:24,5.16,-0.01,13,6708,卖盘
359,09:56:31,5.16,0.0,20,10320,卖盘
360,09:56:34,5.17,0.01,10,5170,买盘
361,09:56:46,5.17,0.0,22,11374,买盘
362,09:56:49,5.17,0.0,32,16544,买盘
363,09:56:52,5.17,0.0,14,7238,买盘
364,09:57:04,5.17,0.0,345,178365,买盘
365,09:57:10,5.17,0.0,20,10340,卖盘
366,09:57:16,5.18,0.01,12,6216,买盘
367,09:57:19,5.18,0.0,727,375927,买盘
368,09:57:28,5.18,0.0,3,1554,买盘
369,09:57:40,5.18,0.0,204,105672,买盘
370,09:57:43,5.18,0.0,30,15540,买盘
371,09:57:45,5.18,0.0,4,2072,买盘
372,09:57:48,5.18,0.0,170,88040,买盘
373,09:57:52,5.18,0.0,6,3108,买盘
374,09:57:54,5.18,0.0,20,10360,卖盘
375,09:58:07,5.18,0.0,18,9324,卖盘
376,09:58:16,5.19,0.01,21,10899,买盘
377,09:58:19,5.18,-0.01,184,95462,卖盘
378,09:58:21,5.19,0.01,2,1038,买盘
379,09:58:34,5.19,0.0,8,4152,买盘
380,09:58:43,5.18,-0.01,80,41440,卖盘
381,09:58:46,5.18,0.0,379,196331,卖盘
382,09:58:49,5.19,0.01,400,207570,买盘
383,09:58:51,5.19,0.0,42,21902,买盘
384,09:58:58,5.19,0.0,8,4048,卖盘
385,09:59:01,5.19,0.0,30,15570,买盘
386,09:59:04,5.19,0.0,8,4152,买盘
387,09:59:10,5.18,-0.01,8,4145,卖盘
388,09:59:15,5.19,0.01,8,4152,买盘
389,09:59:19,5.19,0.0,70,36320,买盘
390,09:59:22,5.19,0.0,437,226907,买盘
391,09:59:33,5.19,0.0,120,62280,卖盘
392,09:59:49,5.2,0.01,254,132080,买盘
393,09:59:52,5.2,0.0,226,117520,买盘
394,10:00:06,5.21,0.01,430,224030,买盘
395,10:00:09,5.2,-0.01,20,10400,卖盘
396,10:00:13,5.2,0.0,60,31200,卖盘
397,10:00:16,5.2,0.0,28,14560,卖盘
398,10:00:19,5.2,0.0,17,8840,买盘
399,10:00:22,5.21,0.01,50,26029,买盘
400,10:00:27,5.2,-0.01,15,7800,中性盘
401,10:00:36,5.19,-0.01,189,98217,卖盘
402,10:00:39,5.2,0.01,42,21840,买盘
403,10:00:43,5.19,-0.01,45,23371,卖盘
404,10:00:52,5.19,0.0,21,10899,卖盘
405,10:00:55,5.19,0.0,10,5190,卖盘
406,10:00:58,5.19,0.0,15,7785,卖盘
407,10:01:06,5.19,0.0,164,85201,卖盘
408,10:01:09,5.19,0.0,27,14015,卖盘
409,10:01:15,5.19,0.0,7,3633,卖盘
410,10:01:25,5.2,0.01,79,41017,买盘
411,10:01:31,5.19,-0.01,239,123937,卖盘
412,10:01:49,5.18,-0.01,238,123284,卖盘
413,10:01:55,5.18,0.0,9,4662,买盘
414,10:02:06,5.18,0.0,234,121212,买盘
415,10:02:10,5.18,0.0,222,114996,卖盘
416,10:02:18,5.17,-0.01,63,32571,卖盘
417,10:02:27,5.18,0.01,9,4662,买盘
418,10:02:31,5.17,-0.01,100,51700,卖盘
419,10:02:45,5.17,0.0,61,31570,卖盘
420,10:03:04,5.18,0.01,44,22792,买盘
421,10:03:19,5.18,0.0,70,36260,买盘
422,10:03:27,5.17,-0.01,49,25333,卖盘
423,10:03:37,5.18,0.01,31,16058,买盘
424,10:03:46,5.19,0.01,26,13494,买盘
425,10:04:04,5.18,-0.01,2,1036,卖盘
426,10:04:07,5.19,0.01,119,61761,买盘
427,10:04:10,5.19,0.0,97,50343,卖盘
428,10:04:15,5.19,0.0,20,10380,买盘
429,10:04:19,5.19,0.0,50,25950,买盘
430,10:04:22,5.19,0.0,1,519,买盘
431,10:04:40,5.19,0.0,4,2076,买盘
432,10:04:46,5.19,0.0,7,3633,买盘
433,10:04:58,5.18,-0.01,191,98938,卖盘
434,10:05:16,5.18,0.0,9,4662,卖盘
435,10:05:22,5.18,0.0,1,518,买盘
436,10:05:34,5.18,0.0,6,3108,卖盘
437,10:05:40,5.18,0.0,26,13468,卖盘
438,10:05:46,5.18,0.0,24,12432,卖盘
439,10:05:48,5.19,0.01,16,8304,买盘
440,10:05:51,5.18,-0.01,6,3108,卖盘
441,10:06:13,5.19,0.01,5,2595,买盘
442,10:06:24,5.18,-0.01,50,25900,卖盘
443,10:06:28,5.18,0.0,51,26418,卖盘
444,10:06:37,5.18,0.0,12,6216,卖盘
445,10:06:52,5.18,0.0,50,25900,买盘
446,10:07:00,5.17,-0.01,30,15510,卖盘
447,10:07:16,5.18,0.01,25,12950,买盘
448,10:07:22,5.17,-0.01,51,26367,卖盘
449,10:07:25,5.17,0.0,20,10340,卖盘
450,10:07:37,5.17,0.0,198,102366,卖盘
451,10:07:43,5.17,0.0,20,10340,买盘
452,10:07:45,5.16,-0.01,440,227040,卖盘
453,10:07:52,5.16,0.0,19,9804,买盘
454,10:08:01,5.15,-0.01,155,79825,卖盘
455,10:08:10,5.16,0.01,76,39216,买盘
456,10:08:15,5.16,0.0,59,30444,买盘
457,10:08:22,5.16,0.0,45,23220,买盘
458,10:08:25,5.16,0.0,5,2580,买盘
459,10:08:28,5.16,0.0,119,61404,买盘
460,10:08:31,5.15,-0.01,20,10300,卖盘
461,10:08:34,5.16,0.01,47,24252,买盘
462,10:08:40,5.15,-0.01,10,5150,卖盘
463,10:08:55,5.15,0.0,10,5150,卖盘
464,10:09:01,5.16,0.01,30,15480,买盘
465,10:09:10,5.15,-0.01,8,4120,卖盘
466,10:09:22,5.16,0.01,109,56244,买盘
467,10:09:31,5.16,0.0,23,11868,买盘
468,10:09:37,5.15,-0.01,5,2575,卖盘
469,10:09:43,5.16,0.01,20,10320,买盘
470,10:09:46,5.16,0.0,160,82560,买盘
471,10:09:58,5.15,-0.01,195,100425,卖盘
472,10:10:13,5.15,0.0,10,5150,卖盘
473,10:10:22,5.15,0.0,2,1030,卖盘
474,10:10:25,5.16,0.01,164,84624,买盘
475,10:10:28,5.15,-0.01,290,149461,卖盘
476,10:10:43,5.17,0.02,10,5170,买盘
477,10:10:46,5.16,-0.01,27,13932,卖盘
478,10:10:49,5.16,0.0,30,15480,卖盘
479,10:10:55,5.16,0.0,120,61920,卖盘
480,10:11:01,5.17,0.01,39,20163,买盘
481,10:11:04,5.16,-0.01,10,5160,卖盘
482,10:11:10,5.17,0.01,6,3102,买盘
483,10:11:22,5.16,-0.01,10,5160,卖盘
484,10:11:25,5.17,0.01,345,178365,买盘
485,10:11:43,5.17,0.0,16,8283,卖盘
486,10:11:52,5.18,0.01,9,4662,买盘
487,10:12:10,5.18,0.0,69,35742,买盘
488,10:12:15,5.18,0.0,46,23828,买盘
489,10:12:18,5.17,-0.01,20,10340,卖盘
490,10:12:22,5.18,0.01,3,1554,买盘
491,10:12:25,5.18,0.0,44,22792,买盘
492,10:13:04,5.18,0.0,27,13986,买盘
493,10:13:13,5.18,0.0,86,44548,买盘
494,10:13:16,5.17,-0.01,1,517,卖盘
495,10:13:19,5.17,0.0,49,25333,卖盘
496,10:13:22,5.18,0.01,40,20700,买盘
497,10:13:25,5.18,0.0,50,25900,买盘
498,10:13:42,5.18,0.0,27,13986,买盘
499,10:13:45,5.17,-0.01,49,25333,卖盘
500,10:13:52,5.17,0.0,20,10340,卖盘
501,10:14:07,5.18,0.01,12,6216,买盘
502,10:14:10,5.17,-0.01,96,49632,卖盘
503,10:14:13,5.17,0.0,124,64108,卖盘
504,10:14:22,5.17,0.0,13,6721,卖盘
505,10:14:25,5.17,0.0,21,10857,卖盘
506,10:14:27,5.18,0.01,226,117068,买盘
507,10:14:37,5.17,-0.01,22,11374,卖盘
508,10:14:52,5.18,0.01,5,2590,买盘
509,10:14:58,5.17,-0.01,10,5170,卖盘
510,10:15:09,5.18,0.01,3,1554,买盘
511,10:15:28,5.18,0.0,2,1036,买盘
512,10:15:34,5.17,-0.01,20,10340,卖盘
513,10:15:36,5.18,0.01,208,107744,买盘
514,10:15:40,5.17,-0.01,935,483542,卖盘
515,10:15:43,5.17,0.0,50,25850,买盘
516,10:15:55,5.17,0.0,115,59455,买盘
517,10:15:58,5.17,0.0,154,79618,卖盘
518,10:16:04,5.17,0.0,200,103400,买盘
519,10:16:13,5.16,-0.01,20,10320,卖盘
520,10:16:25,5.16,0.0,44,22704,卖盘
521,10:16:28,5.17,0.01,10,5170,买盘
522,10:16:34,5.17,0.0,38,19646,卖盘
523,10:16:40,5.16,-0.01,30,15480,卖盘
524,10:16:52,5.16,0.0,20,10320,卖盘
525,10:17:07,5.16,0.0,39,20156,卖盘
526,10:17:16,5.16,0.0,5,2580,卖盘
527,10:17:33,5.16,0.0,20,10320,卖盘
528,10:18:01,5.16,0.0,40,20640,卖盘
529,10:18:04,5.16,0.0,300,154800,卖盘
530,10:18:16,5.16,0.0,20,10320,卖盘
531,10:18:18,5.16,0.0,20,10320,卖盘
532,10:18:58,5.15,-0.01,20,10300,卖盘
533,10:19:10,5.16,0.01,10,5160,买盘
534,10:19:40,5.15,-0.01,32,16480,卖盘
535,10:19:43,5.16,0.01,54,27824,买盘
536,10:19:54,5.16,0.0,10,5160,买盘
537,10:20:09,5.16,0.0,10,5160,买盘
538,10:20:16,5.15,-0.01,1,515,卖盘
539,10:20:22,5.15,0.0,300,154500,卖盘
540,10:20:27,5.15,0.0,71,36565,卖盘
541,10:20:40,5.15,0.0,10,5150,卖盘
542,10:20:42,5.14,-0.01,179,92155,卖盘
543,10:20:58,5.14,0.0,5,2570,卖盘
544,10:21:04,5.14,0.0,17,8738,卖盘
545,10:21:07,5.14,0.0,332,170648,卖盘
546,10:21:10,5.14,0.0,117,60138,卖盘
547,10:21:22,5.14,0.0,50,25720,卖盘
548,10:21:28,5.14,0.0,233,119762,卖盘
549,10:21:31,5.14,0.0,175,89950,买盘
550,10:21:34,5.14,0.0,135,69390,买盘
551,10:21:40,5.14,0.0,122,62708,买盘
552,10:21:49,5.13,-0.01,3,1539,卖盘
553,10:21:52,5.14,0.01,30,15420,买盘
554,10:22:01,5.14,0.0,20,10280,买盘
555,10:22:04,5.14,0.0,29,14906,买盘
556,10:22:10,5.14,0.0,135,69390,买盘
557,10:22:13,5.14,0.0,23,11822,买盘
558,10:22:16,5.14,0.0,20,10280,买盘
559,10:22:19,5.14,0.0,30,15420,买盘
560,10:22:24,5.15,0.01,138,71012,买盘
561,10:22:27,5.14,-0.01,41,21074,卖盘
562,10:22:31,5.14,0.0,38,19532,买盘
563,10:22:46,5.14,0.0,8,4112,卖盘
564,10:22:49,5.14,0.0,30,15420,卖盘
565,10:22:51,5.15,0.01,35,17998,买盘
566,10:23:04,5.14,-0.01,1,514,卖盘
567,10:23:22,5.15,0.01,10,5150,买盘
568,10:23:46,5.15,0.0,30,15450,买盘
569,10:23:55,5.14,-0.01,15,7710,卖盘
570,10:24:04,5.14,0.0,5,2570,卖盘
571,10:24:09,5.14,0.0,56,28784,卖盘
572,10:24:22,5.14,0.0,55,28270,卖盘
573,10:24:31,5.14,0.0,20,10280,卖盘
574,10:24:34,5.14,0.0,30,15420,卖盘
575,10:24:48,5.14,0.0,365,187610,卖盘
576,10:25:06,5.14,0.0,50,25700,买盘
577,10:25:19,5.14,0.0,48,24672,买盘
578,10:25:24,5.14,0.0,20,10280,买盘
579,10:25:28,5.13,-0.01,120,61660,卖盘
580,10:25:30,5.14,0.01,51,26203,买盘
581,10:25:33,5.14,0.0,30,15420,买盘
582,10:25:36,5.14,0.0,29,14906,买盘
583,10:25:39,5.14,0.0,9,4626,卖盘
584,10:25:43,5.13,-0.01,340,174556,卖盘
585,10:25:49,5.14,0.01,10,5140,卖盘
586,10:25:58,5.15,0.01,25,12875,买盘
587,10:26:19,5.14,-0.01,86,44204,卖盘
588,10:26:22,5.14,0.0,1,514,买盘
589,10:26:31,5.14,0.0,11,5654,买盘
590,10:26:34,5.14,0.0,20,10280,卖盘
591,10:26:43,5.14,0.0,38,19532,卖盘
592,10:26:52,5.14,0.0,4,2056,买盘
593,10:26:58,5.13,-0.01,45,23085,卖盘
594,10:27:19,5.14,0.01,76,39064,买盘
595,10:27:22,5.13,-0.01,20,10260,卖盘
596,10:27:25,5.13,0.0,12,6167,卖盘
597,10:27:28,5.14,0.01,20,10280,买盘
598,10:27:46,5.14,0.0,45,23130,买盘
599,10:27:51,5.14,0.0,152,78128,买盘
600,10:28:04,5.14,0.0,42,21588,买盘
601,10:28:07,5.14,0.0,3,1542,卖盘
602,10:28:28,5.15,0.01,10,5150,买盘
603,10:28:51,5.15,0.0,5,2575,买盘
604,10:28:54,5.14,-0.01,5,2570,卖盘
605,10:29:07,5.15,0.01,50,25750,买盘
606,10:29:16,5.15,0.0,66,33990,买盘
607,10:29:33,5.15,0.0,10,5150,买盘
608,10:29:52,5.15,0.0,3,1545,买盘
609,10:30:04,5.15,0.0,10,5150,买盘
610,10:30:10,5.15,0.0,110,56650,买盘
611,10:30:13,5.15,0.0,10,5150,买盘
612,10:30:16,5.15,0.0,71,36565,买盘
613,10:30:37,5.15,0.0,39,20085,卖盘
614,10:30:39,5.15,0.0,106,54590,卖盘
615,10:30:54,5.15,0.0,5,2575,买盘
616,10:31:25,5.15,0.0,3,1545,买盘
617,10:31:46,5.14,-0.01,196,100744,卖盘
618,10:32:13,5.14,0.0,1,514,卖盘
619,10:32:19,5.15,0.01,50,25750,买盘
620,10:32:22,5.14,-0.01,10,5140,卖盘
621,10:32:27,5.15,0.01,97,49955,买盘
622,10:32:34,5.15,0.0,1,515,买盘
623,10:33:01,5.15,0.0,23,11845,买盘
624,10:33:13,5.14,-0.01,1,514,卖盘
625,10:34:16,5.14,0.0,71,36494,卖盘
626,10:34:25,5.14,0.0,29,14906,卖盘
627,10:34:28,5.13,-0.01,142,72924,卖盘
628,10:35:00,5.14,0.01,15,7710,卖盘
629,10:35:16,5.14,0.0,2,1028,卖盘
630,10:35:19,5.14,0.0,100,51400,卖盘
631,10:35:24,5.14,0.0,21,10794,卖盘
632,10:35:40,5.14,0.0,23,11822,买盘
633,10:36:15,5.14,0.0,21,10794,买盘
634,10:36:22,5.14,0.0,2,1028,卖盘
635,10:36:36,5.14,0.0,88,45232,卖盘
636,10:36:58,5.14,0.0,41,21305,卖盘
637,10:37:16,5.15,0.01,94,48410,买盘
638,10:37:19,5.14,-0.01,6,3084,卖盘
639,10:37:22,5.15,0.01,24,12360,买盘
640,10:37:25,5.15,0.0,52,26780,卖盘
641,10:37:40,5.15,0.0,100,51500,卖盘
642,10:37:45,5.16,0.01,1,516,买盘
643,10:37:49,5.16,0.0,49,25284,买盘
644,10:37:55,5.16,0.0,63,32508,买盘
645,10:38:04,5.16,0.0,60,30960,卖盘
646,10:38:19,5.16,0.0,101,52116,卖盘
647,10:38:25,5.16,0.0,3,1548,卖盘
648,10:38:27,5.16,0.0,3,1548,卖盘
649,10:38:37,5.17,0.01,15,7755,买盘
650,10:38:51,5.17,0.0,5,2585,买盘
651,10:38:54,5.17,0.0,115,59455,买盘
652,10:39:01,5.16,-0.01,62,32028,卖盘
653,10:39:28,5.17,0.01,63,32571,买盘
654,10:39:31,5.17,0.0,4,2068,买盘
655,10:39:37,5.17,0.0,17,8789,买盘
656,10:39:43,5.17,0.0,6,3102,卖盘
657,10:39:46,5.18,0.01,41,21238,买盘
658,10:39:49,5.17,-0.01,49,25333,卖盘
659,10:39:55,5.17,0.0,51,26367,卖盘
660,10:39:58,5.17,0.0,25,12925,卖盘
661,10:40:01,5.17,0.0,42,21714,卖盘
662,10:40:03,5.18,0.01,24,12423,买盘
663,10:40:06,5.16,-0.02,7,3612,卖盘
664,10:40:09,5.17,0.01,20,10340,买盘
665,10:41:21,5.16,-0.01,1,516,卖盘
666,10:41:31,5.16,0.0,38,19608,卖盘
667,10:41:55,5.16,0.0,80,41280,卖盘
668,10:42:04,5.17,0.01,12,6204,买盘
669,10:42:15,5.17,0.0,30,15510,买盘
670,10:42:37,5.17,0.0,113,58421,买盘
671,10:42:52,5.17,0.0,26,13442,买盘
672,10:42:58,5.17,0.0,8,4136,买盘
673,10:43:09,5.17,0.0,13,6721,买盘
674,10:43:13,5.17,0.0,101,52217,买盘
675,10:43:34,5.16,-0.01,3,1548,卖盘
676,10:43:43,5.16,0.0,4,2064,卖盘
677,10:43:45,5.16,0.0,264,136224,卖盘
678,10:43:58,5.15,-0.01,60,30900,卖盘
679,10:44:40,5.17,0.02,45,23265,买盘
680,10:45:43,5.15,-0.02,10,5150,卖盘
681,10:45:46,5.15,0.0,9,4635,卖盘
682,10:45:55,5.16,0.01,20,10320,买盘
683,10:46:37,5.15,-0.01,1,515,卖盘
684,10:46:57,5.15,0.0,10,5150,卖盘
685,10:47:01,5.15,0.0,10,5150,卖盘
686,10:47:58,5.15,0.0,66,33990,卖盘
687,10:48:49,5.14,-0.01,2,1028,卖盘
688,10:49:31,5.14,0.0,52,26728,卖盘
689,10:50:04,5.14,0.0,3,1542,卖盘
690,10:50:34,5.14,0.0,144,74016,卖盘
691,10:50:42,5.15,0.01,50,25720,买盘
692,10:50:49,5.14,-0.01,20,10280,卖盘
693,10:51:58,5.14,0.0,2,1028,卖盘
694,10:52:10,5.15,0.01,30,15450,买盘
695,10:52:49,5.15,0.0,50,25750,买盘
696,10:53:58,5.15,0.0,32,16480,买盘
697,10:56:45,5.15,0.0,61,31415,买盘
698,10:56:52,5.15,0.0,5,2575,买盘
699,10:57:43,5.15,0.0,5,2575,买盘
700,10:58:09,5.14,-0.01,66,33924,卖盘
701,10:58:16,5.15,0.01,5,2575,买盘
702,10:58:28,5.14,-0.01,48,24672,卖盘
703,10:58:31,5.14,0.0,15,7710,卖盘
704,10:58:34,5.14,0.0,30,15420,卖盘
705,10:58:37,5.14,0.0,1,514,卖盘
706,10:58:40,5.14,0.0,1,514,卖盘
707,10:58:42,5.14,0.0,20,10280,卖盘
708,10:58:45,5.14,0.0,47,24158,卖盘
709,10:59:16,5.14,0.0,227,116678,卖盘
710,10:59:22,5.14,0.0,4,2056,买盘
711,10:59:28,5.13,-0.01,40,20522,卖盘
712,11:00:12,5.13,0.0,100,51300,卖盘
713,11:00:31,5.13,0.0,71,36432,卖盘
714,11:00:37,5.13,0.0,5,2565,卖盘
715,11:00:39,5.13,0.0,22,11286,卖盘
716,11:00:49,5.13,0.0,40,20520,卖盘
717,11:01:16,5.13,0.0,100,51300,卖盘
718,11:01:28,5.13,0.0,2,1026,卖盘
719,11:01:43,5.13,0.0,14,7182,卖盘
720,11:01:48,5.13,0.0,33,16944,卖盘
721,11:01:55,5.13,0.0,11,5643,卖盘
722,11:01:58,5.13,0.0,58,29754,卖盘
723,11:02:01,5.13,0.0,23,11799,卖盘
724,11:02:13,5.13,0.0,69,35397,卖盘
725,11:02:25,5.13,0.0,5,2565,卖盘
726,11:02:33,5.13,0.0,39,20007,卖盘
727,11:02:36,5.13,0.0,2,1026,卖盘
728,11:02:40,5.13,0.0,11,5643,买盘
729,11:03:25,5.14,0.01,288,148032,买盘
730,11:03:28,5.14,0.0,109,56026,卖盘
731,11:03:34,5.14,0.0,48,24672,卖盘
732,11:03:36,5.14,0.0,3,1542,卖盘
733,11:03:46,5.15,0.01,17,8755,买盘
734,11:04:07,5.15,0.0,6,3090,买盘
735,11:04:31,5.14,-0.01,28,14392,卖盘
736,11:04:33,5.15,0.01,135,69525,买盘
737,11:04:42,5.14,-0.01,40,20560,卖盘
738,11:04:52,5.14,0.0,61,31354,卖盘
739,11:04:55,5.14,0.0,64,32896,卖盘
740,11:05:16,5.14,0.0,100,51400,买盘
741,11:05:19,5.13,-0.01,121,62073,卖盘
742,11:05:34,5.13,0.0,2,1026,买盘
743,11:05:37,5.13,0.0,20,10260,卖盘
744,11:05:43,5.13,0.0,19,9747,卖盘
745,11:05:45,5.13,0.0,23,11799,卖盘
746,11:05:54,5.13,0.0,23,11799,卖盘
747,11:05:57,5.13,0.0,87,44631,卖盘
748,11:06:34,5.13,0.0,14,7182,买盘
749,11:06:46,5.13,0.0,5,2565,买盘
750,11:07:10,5.13,0.0,1,513,买盘
751,11:07:19,5.13,0.0,15,7695,买盘
752,11:07:22,5.13,0.0,1,513,买盘
753,11:07:40,5.13,0.0,8,4104,卖盘
754,11:08:16,5.14,0.01,30,15420,买盘
755,11:08:28,5.13,-0.01,3,1539,卖盘
756,11:08:39,5.14,0.01,10,5140,买盘
757,11:08:51,5.14,0.0,34,17476,买盘
758,11:08:58,5.13,-0.01,15,7695,卖盘
759,11:09:34,5.14,0.01,32,16448,买盘
760,11:09:48,5.14,0.0,120,61680,买盘
761,11:09:58,5.14,0.0,1,514,买盘
762,11:10:01,5.14,0.0,2,1028,买盘
763,11:10:10,5.14,0.0,10,5140,买盘
764,11:10:27,5.13,-0.01,13,6669,卖盘
765,11:10:34,5.14,0.01,164,84296,买盘
766,11:10:49,5.14,0.0,2,1028,买盘
767,11:11:01,5.13,-0.01,5,2565,卖盘
768,11:11:51,5.14,0.01,1,514,买盘
769,11:12:13,5.14,0.0,37,19018,买盘
770,11:13:10,5.13,-0.01,43,22059,卖盘
771,11:13:31,5.13,0.0,20,10260,卖盘
772,11:13:43,5.13,0.0,1,513,卖盘
773,11:14:15,5.14,0.01,14,7196,买盘
774,11:14:28,5.13,-0.01,8,4104,卖盘
775,11:14:43,5.14,0.01,60,30840,买盘
776,11:14:51,5.13,-0.01,1,513,卖盘
777,11:14:54,5.13,0.0,150,76950,卖盘
778,11:15:40,5.13,0.0,39,20007,卖盘
779,11:16:09,5.13,0.0,33,16929,卖盘
780,11:17:07,5.14,0.01,13,6682,买盘
781,11:17:10,5.14,0.0,6,3084,买盘
782,11:17:34,5.14,0.0,32,16448,买盘
783,11:17:48,5.14,0.0,36,18504,买盘
784,11:17:51,5.14,0.0,1,514,买盘
785,11:18:55,5.14,0.0,10,5140,买盘
786,11:19:31,5.14,0.0,10,5140,买盘
787,11:19:40,5.13,-0.01,5,2565,卖盘
788,11:20:27,5.14,0.01,154,79156,买盘
789,11:20:40,5.14,0.0,89,45746,卖盘
790,11:20:51,5.14,0.0,63,32382,卖盘
791,11:20:54,5.14,0.0,82,42148,卖盘
792,11:21:25,5.14,0.0,89,45746,卖盘
793,11:22:09,5.14,0.0,20,10280,买盘
794,11:22:42,5.14,0.0,88,45232,买盘
795,11:22:51,5.13,-0.01,5,2565,卖盘
796,11:23:01,5.13,0.0,5,2565,卖盘
797,11:24:09,5.13,0.0,3,1539,卖盘
798,11:24:18,5.13,0.0,3,1539,卖盘
799,11:24:37,5.14,0.01,40,20560,买盘
800,11:24:48,5.14,0.0,70,35980,买盘
801,11:24:54,5.13,-0.01,30,15390,卖盘
802,11:25:04,5.14,0.01,36,18504,买盘
803,11:25:09,5.14,0.0,5,2570,卖盘
804,11:25:34,5.15,0.01,30,15450,买盘
805,11:25:51,5.14,-0.01,25,12850,卖盘
806,11:27:19,5.15,0.01,5,2575,买盘
807,11:27:51,5.15,0.0,99,50985,买盘
808,11:27:54,5.15,0.0,2,1030,买盘
809,11:28:09,5.15,0.0,1,515,买盘
810,11:28:27,5.15,0.0,15,7725,买盘
811,11:29:27,5.15,0.0,164,84460,买盘
812,11:29:57,5.15,0.0,100,51500,买盘
813,11:30:04,5.15,0.0,20,10300,买盘
814,13:00:04,5.14,-0.01,2,1028,卖盘
815,13:00:07,5.15,0.01,105,54066,买盘
816,13:00:09,5.15,0.0,10,5150,买盘
817,13:01:55,5.14,-0.01,1,514,卖盘
818,13:02:00,5.14,0.0,4,2056,卖盘
819,13:02:04,5.14,0.0,7,3598,卖盘
820,13:02:09,5.14,0.0,10,5140,卖盘
821,13:02:12,5.14,0.0,27,13878,卖盘
822,13:02:15,5.14,0.0,14,7196,卖盘
823,13:02:18,5.14,0.0,34,17476,卖盘
824,13:02:21,5.14,0.0,40,20560,卖盘
825,13:02:24,5.14,0.0,33,16962,卖盘
826,13:02:27,5.14,0.0,34,17476,卖盘
827,13:02:30,5.14,0.0,16,8224,卖盘
828,13:02:34,5.14,0.0,32,16448,卖盘
829,13:02:37,5.14,0.0,13,6682,卖盘
830,13:02:40,5.14,0.0,58,29812,卖盘
831,13:02:43,5.14,0.0,33,16962,卖盘
832,13:02:46,5.14,0.0,92,47288,卖盘
833,13:02:48,5.14,0.0,1,514,卖盘
834,13:02:57,5.14,0.0,1,514,卖盘
835,13:03:19,5.14,0.0,4,2056,卖盘
836,13:03:46,5.14,0.0,50,25700,卖盘
837,13:03:55,5.14,0.0,4,2056,卖盘
838,13:04:07,5.14,0.0,49,25186,卖盘
839,13:04:33,5.14,0.0,130,66820,买盘
840,13:04:55,5.13,-0.01,106,54378,卖盘
841,13:05:13,5.13,0.0,123,63099,卖盘
842,13:05:18,5.14,0.01,48,24672,买盘
843,13:05:33,5.14,0.0,6,3084,买盘
844,13:05:46,5.13,-0.01,14,7182,卖盘
845,13:05:49,5.13,0.0,173,88749,卖盘
846,13:06:07,5.12,-0.01,49,25088,卖盘
847,13:06:48,5.12,0.0,4,2048,卖盘
848,13:07:00,5.12,0.0,43,22016,卖盘
849,13:07:07,5.12,0.0,14,7168,卖盘
850,13:07:13,5.12,0.0,52,26624,卖盘
851,13:07:16,5.12,0.0,2,1024,卖盘
852,13:07:30,5.12,0.0,66,33792,卖盘
853,13:07:39,5.12,0.0,37,18944,卖盘
854,13:07:46,5.12,0.0,19,9728,卖盘
855,13:07:58,5.12,0.0,20,10240,卖盘
856,13:08:19,5.12,0.0,214,109568,卖盘
857,13:08:36,5.12,0.0,80,40960,卖盘
858,13:08:40,5.12,0.0,6,3072,买盘
859,13:08:43,5.12,0.0,2,1024,买盘
860,13:09:00,5.11,-0.01,5,2555,卖盘
861,13:09:10,5.11,0.0,47,24017,卖盘
862,13:09:13,5.11,0.0,27,13797,卖盘
863,13:09:19,5.11,0.0,9,4599,卖盘
864,13:09:36,5.11,0.0,72,36792,卖盘
865,13:09:40,5.11,0.0,16,8176,卖盘
866,13:09:46,5.11,0.0,116,59276,卖盘
867,13:09:52,5.11,0.0,272,138890,卖盘
868,13:10:04,5.11,0.0,154,78694,卖盘
869,13:10:07,5.11,0.0,12,6142,卖盘
870,13:10:12,5.11,0.0,335,171185,卖盘
871,13:10:18,5.11,0.0,27,13899,卖盘
872,13:10:25,5.11,0.0,10,5110,买盘
873,13:10:27,5.11,0.0,39,19827,买盘
874,13:10:37,5.11,0.0,55,28207,卖盘
875,13:10:42,5.11,0.0,3,1533,买盘
876,13:10:46,5.11,0.0,24,12162,买盘
877,13:10:52,5.11,0.0,128,65408,卖盘
878,13:10:55,5.11,0.0,91,46501,卖盘
879,13:10:58,5.11,0.0,128,65408,卖盘
880,13:11:07,5.11,0.0,49,25039,卖盘
881,13:11:28,5.11,0.0,675,345027,卖盘
882,13:11:40,5.11,0.0,30,15330,买盘
883,13:11:46,5.11,0.0,20,10220,买盘
884,13:11:49,5.11,0.0,87,44457,买盘
885,13:11:52,5.1,-0.01,500,255000,卖盘
886,13:11:54,5.11,0.01,10,5110,买盘
887,13:12:00,5.1,-0.01,323,164732,卖盘
888,13:12:15,5.1,0.0,5,2550,卖盘
889,13:12:19,5.1,0.0,35,17850,卖盘
890,13:12:27,5.1,0.0,66,33660,卖盘
891,13:12:30,5.1,0.0,244,124440,卖盘
892,13:12:40,5.1,0.0,20,10200,卖盘
893,13:13:07,5.1,0.0,89,45390,卖盘
894,13:13:10,5.1,0.0,111,56610,卖盘
895,13:13:16,5.1,0.0,44,22440,买盘
896,13:13:27,5.1,0.0,173,88230,卖盘
897,13:13:34,5.1,0.0,50,25500,卖盘
898,13:13:42,5.1,0.0,44,22440,卖盘
899,13:13:49,5.1,0.0,25,12750,卖盘
900,13:13:51,5.1,0.0,5,2550,卖盘
901,13:14:10,5.1,0.0,11,5610,卖盘
902,13:14:40,5.1,0.0,123,62730,卖盘
903,13:14:52,5.1,0.0,26,13260,买盘
904,13:15:00,5.1,0.0,4,2040,买盘
905,13:15:06,5.09,-0.01,34,17306,卖盘
906,13:15:10,5.1,0.01,39,19890,买盘
907,13:15:19,5.09,-0.01,2,1018,卖盘
908,13:15:37,5.09,0.0,11,5599,卖盘
909,13:15:40,5.09,0.0,26,13234,卖盘
910,13:15:43,5.09,0.0,150,76350,卖盘
911,13:15:49,5.09,0.0,50,25450,卖盘
912,13:15:58,5.09,0.0,26,13235,卖盘
913,13:16:01,5.09,0.0,9,4581,买盘
914,13:16:07,5.09,0.0,8,4072,买盘
915,13:16:21,5.09,0.0,14,7126,买盘
916,13:16:27,5.08,-0.01,392,199136,卖盘
917,13:16:30,5.08,0.0,54,27392,买盘
918,13:16:40,5.08,0.0,100,50800,买盘
919,13:16:42,5.08,0.0,11,5578,买盘
920,13:16:46,5.08,0.0,4,2032,买盘
921,13:16:48,5.08,0.0,65,32965,买盘
922,13:16:51,5.08,0.0,20,10160,买盘
923,13:17:13,5.08,0.0,18,9144,卖盘
924,13:17:16,5.08,0.0,20,10160,卖盘
925,13:17:36,5.08,0.0,12,6096,卖盘
926,13:17:42,5.08,0.0,20,10160,卖盘
927,13:17:46,5.09,0.01,5,2545,买盘
928,13:17:52,5.09,0.0,226,115032,买盘
929,13:17:55,5.09,0.0,57,29013,卖盘
930,13:18:04,5.1,0.01,4,2040,买盘
931,13:18:10,5.09,-0.01,89,45383,卖盘
932,13:18:37,5.09,0.0,25,12725,卖盘
933,13:18:55,5.1,0.01,2,1020,买盘
934,13:18:58,5.09,-0.01,2,1018,卖盘
935,13:19:24,5.1,0.01,196,99960,买盘
936,13:19:39,5.1,0.0,15,7650,买盘
937,13:20:06,5.1,0.0,6,3060,买盘
938,13:20:22,5.09,-0.01,389,198001,卖盘
939,13:20:31,5.09,0.0,294,149646,卖盘
940,13:20:37,5.09,0.0,52,26468,卖盘
941,13:20:39,5.09,0.0,40,20360,买盘
942,13:20:43,5.09,0.0,10,5090,买盘
943,13:20:58,5.09,0.0,20,10180,买盘
944,13:21:04,5.09,0.0,46,23414,买盘
945,13:21:07,5.09,0.0,3,1527,买盘
946,13:21:19,5.08,-0.01,158,80264,卖盘
947,13:21:31,5.09,0.01,11,5599,买盘
948,13:21:37,5.09,0.0,10,5090,买盘
949,13:21:43,5.08,-0.01,23,11684,卖盘
950,13:21:45,5.08,0.0,122,61976,卖盘
951,13:22:01,5.07,-0.01,10,5070,卖盘
952,13:22:07,5.08,0.01,45,22860,买盘
953,13:22:19,5.08,0.0,11,5588,买盘
954,13:22:33,5.08,0.0,31,15748,买盘
955,13:22:37,5.08,0.0,25,12700,买盘
956,13:22:42,5.08,0.0,4,2030,买盘
957,13:22:49,5.08,0.0,13,6601,买盘
958,13:22:54,5.08,0.0,80,40640,买盘
959,13:23:06,5.07,-0.01,53,26871,卖盘
960,13:23:10,5.07,0.0,101,51307,卖盘
961,13:23:19,5.08,0.01,137,69596,买盘
962,13:23:22,5.08,0.0,21,10668,卖盘
963,13:23:28,5.07,-0.01,478,242500,卖盘
964,13:23:49,5.07,0.0,85,42994,卖盘
965,13:23:54,5.07,0.0,100,50700,卖盘
966,13:24:13,5.07,0.0,15,7605,卖盘
967,13:24:22,5.08,0.01,7,3556,买盘
968,13:24:24,5.07,-0.01,15,7605,卖盘
969,13:24:36,5.08,0.01,5,2540,买盘
970,13:24:43,5.08,0.0,45,22852,买盘
971,13:24:55,5.08,0.0,8,4064,买盘
972,13:24:58,5.08,0.0,50,25400,买盘
973,13:25:01,5.08,0.0,7,3556,买盘
974,13:25:04,5.08,0.0,47,23876,买盘
975,13:25:12,5.09,0.01,13,6617,买盘
976,13:25:58,5.09,0.0,39,19851,买盘
977,13:26:03,5.09,0.0,54,27486,买盘
978,13:26:31,5.09,0.0,380,193420,买盘
979,13:26:34,5.09,0.0,10,5090,买盘
980,13:26:42,5.08,-0.01,300,152431,卖盘
981,13:26:55,5.08,0.0,83,42164,卖盘
982,13:27:04,5.08,0.0,3,1524,买盘
983,13:27:13,5.08,0.0,6,3048,买盘
984,13:27:24,5.08,0.0,10,5080,买盘
985,13:27:42,5.07,-0.01,6,3042,卖盘
986,13:27:51,5.07,0.0,40,20280,卖盘
987,13:28:10,5.07,0.0,180,91260,卖盘
988,13:28:18,5.08,0.01,93,47244,买盘
989,13:28:21,5.07,-0.01,15,7610,卖盘
990,13:28:24,5.06,-0.01,445,225194,卖盘
991,13:28:31,5.07,0.01,31,15717,买盘
992,13:28:33,5.07,0.0,10,5070,买盘
993,13:28:36,5.06,-0.01,2,1012,卖盘
994,13:28:40,5.06,0.0,4,2024,卖盘
995,13:28:46,5.06,0.0,8,4048,卖盘
996,13:28:48,5.07,0.01,11,5577,买盘
997,13:28:55,5.06,-0.01,11,5566,卖盘
998,13:29:22,5.06,0.0,47,23782,卖盘
999,13:29:25,5.06,0.0,45,22871,卖盘
1000,13:29:28,5.06,0.0,7,3542,买盘
1001,13:29:36,5.06,0.0,2,911,买盘
1002,13:29:43,5.06,0.0,38,19228,卖盘
1003,13:30:04,5.07,0.01,20,10140,买盘
1004,13:30:07,5.06,-0.01,10,5060,卖盘
1005,13:30:16,5.06,0.0,4,2024,卖盘
1006,13:30:19,5.07,0.01,3,1521,买盘
1007,13:30:28,5.06,-0.01,2,1012,卖盘
1008,13:30:40,5.06,0.0,28,14168,卖盘
1009,13:30:49,5.06,0.0,3,1518,卖盘
1010,13:31:01,5.06,0.0,60,30360,卖盘
1011,13:31:07,5.06,0.0,20,10120,卖盘
1012,13:31:09,5.07,0.01,5,2535,买盘
1013,13:31:30,5.06,-0.01,134,67905,卖盘
1014,13:31:33,5.06,0.0,20,10120,买盘
1015,13:31:37,5.06,0.0,30,15180,买盘
1016,13:31:43,5.06,0.0,5,2530,买盘
1017,13:31:46,5.06,0.0,60,30360,买盘
1018,13:31:52,5.06,0.0,1,405,卖盘
1019,13:31:55,5.06,0.0,10,5060,卖盘
1020,13:31:58,5.06,0.0,54,27324,卖盘
1021,13:32:06,5.06,0.0,76,38456,卖盘
1022,13:32:13,5.06,0.0,7,3542,卖盘
1023,13:32:31,5.06,0.0,35,17710,卖盘
1024,13:32:46,5.07,0.01,2,1014,买盘
1025,13:32:49,5.07,0.0,30,15210,买盘
1026,13:33:10,5.07,0.0,137,69380,买盘
1027,13:33:22,5.07,0.0,4,2028,买盘
1028,13:33:28,5.07,0.0,3,1521,买盘
1029,13:33:31,5.07,0.0,76,38532,买盘
1030,13:33:37,5.07,0.0,39,19773,买盘
1031,13:33:55,5.07,0.0,72,36504,买盘
1032,13:34:04,5.07,0.0,50,25350,买盘
1033,13:34:07,5.07,0.0,2,1014,买盘
1034,13:34:13,5.07,0.0,99,50193,买盘
1035,13:34:19,5.07,0.0,15,7605,买盘
1036,13:34:22,5.07,0.0,23,11661,买盘
1037,13:34:25,5.07,0.0,2,1014,买盘
1038,13:34:58,5.08,0.01,495,251460,买盘
1039,13:35:01,5.07,-0.01,485,246111,卖盘
1040,13:35:04,5.07,0.0,102,51714,卖盘
1041,13:35:13,5.07,0.0,35,17745,买盘
1042,13:35:16,5.07,0.0,67,33952,买盘
1043,13:35:31,5.06,-0.01,11,5566,卖盘
1044,13:35:34,5.07,0.01,40,20280,买盘
1045,13:35:46,5.06,-0.01,3,1518,卖盘
1046,13:35:52,5.06,0.0,3,1518,卖盘
1047,13:36:04,5.07,0.01,10,5070,买盘
1048,13:36:10,5.06,-0.01,47,23782,卖盘
1049,13:36:13,5.07,0.01,10,5070,买盘
1050,13:36:22,5.07,0.0,9,4563,买盘
1051,13:36:27,5.06,-0.01,53,26821,卖盘
1052,13:36:58,5.06,0.0,50,25300,卖盘
1053,13:37:07,5.06,0.0,33,16698,卖盘
1054,13:37:10,5.06,0.0,80,40480,卖盘
1055,13:37:25,5.06,0.0,34,17204,卖盘
1056,13:37:31,5.06,0.0,50,25300,卖盘
1057,13:37:42,5.06,0.0,21,10626,卖盘
1058,13:37:45,5.06,0.0,246,124476,卖盘
1059,13:37:52,5.06,0.0,133,67298,卖盘
1060,13:37:55,5.06,0.0,150,75900,买盘
1061,13:38:04,5.06,0.0,2,1012,买盘
1062,13:38:16,5.05,-0.01,79,39920,卖盘
1063,13:38:19,5.05,0.0,214,108070,卖盘
1064,13:38:37,5.05,0.0,2,1010,卖盘
1065,13:38:40,5.05,0.0,171,86355,卖盘
1066,13:38:46,5.05,0.0,10,5050,买盘
1067,13:38:49,5.05,0.0,22,11110,买盘
1068,13:38:51,5.04,-0.01,24,12115,卖盘
1069,13:38:55,5.05,0.01,57,28759,买盘
1070,13:39:03,5.04,-0.01,28,14112,卖盘
1071,13:39:10,5.05,0.01,5,2525,买盘
1072,13:39:19,5.04,-0.01,78,39312,卖盘
1073,13:39:22,5.05,0.01,12,6060,买盘
1074,13:39:25,5.05,0.0,25,12625,买盘
1075,13:39:28,5.05,0.0,152,76760,买盘
1076,13:39:31,5.05,0.0,20,10100,买盘
1077,13:39:36,5.05,0.0,333,168085,买盘
1078,13:39:52,5.05,0.0,66,33333,卖盘
1079,13:39:55,5.06,0.01,9,4554,买盘
1080,13:39:58,5.06,0.0,2,1012,买盘
1081,13:40:00,5.06,0.0,134,67692,买盘
1082,13:40:19,5.05,-0.01,362,183061,卖盘
1083,13:40:24,5.07,0.02,8,4056,买盘
1084,13:40:34,5.07,0.0,2,1014,买盘
1085,13:40:40,5.06,-0.01,76,38504,卖盘
1086,13:41:01,5.08,0.02,71,36068,买盘
1087,13:41:07,5.08,0.0,10,5080,卖盘
1088,13:41:21,5.09,0.01,106,53948,买盘
1089,13:41:24,5.09,0.0,2,1018,中性盘
1090,13:41:27,5.09,0.0,16,8144,卖盘
1091,13:41:34,5.09,0.0,10,5090,买盘
1092,13:41:37,5.1,0.01,20,10194,买盘
1093,13:41:46,5.08,-0.02,40,20320,卖盘
1094,13:41:55,5.09,0.01,9,4581,买盘
1095,13:42:10,5.09,0.0,28,14252,买盘
1096,13:42:15,5.09,0.0,20,10180,买盘
1097,13:42:40,5.08,-0.01,73,37124,卖盘
1098,13:43:33,5.08,0.0,31,15748,卖盘
1099,13:44:01,5.06,-0.02,180,91296,卖盘
1100,13:44:39,5.07,0.01,15,7402,卖盘
1101,13:44:43,5.06,-0.01,75,38007,卖盘
1102,13:44:57,5.08,0.02,16,8128,买盘
1103,13:45:04,5.08,0.0,4,2032,卖盘
1104,13:45:10,5.08,0.0,10,5080,卖盘
1105,13:45:16,5.08,0.0,23,11684,卖盘
1106,13:45:25,5.08,0.0,1,508,卖盘
1107,13:45:40,5.09,0.01,196,99764,买盘
1108,13:45:43,5.08,-0.01,24,12192,卖盘
1109,13:46:01,5.08,0.0,10,5080,买盘
1110,13:46:13,5.07,-0.01,26,13198,卖盘
1111,13:46:31,5.07,0.0,2,1014,卖盘
1112,13:47:13,5.07,0.0,50,25350,卖盘
1113,13:47:37,5.08,0.01,68,34544,买盘
1114,13:48:01,5.09,0.01,24,12216,买盘
1115,13:48:09,5.08,-0.01,22,11176,卖盘
1116,13:48:16,5.08,0.0,9,4572,买盘
1117,13:48:27,5.08,0.0,5,2540,买盘
1118,13:48:31,5.08,0.0,5,2540,买盘
1119,13:48:33,5.07,-0.01,30,15210,卖盘
1120,13:48:46,5.08,0.01,15,7620,买盘
1121,13:48:52,5.08,0.0,1,508,卖盘
1122,13:49:22,5.08,0.0,46,23368,卖盘
1123,13:49:31,5.07,-0.01,1,507,卖盘
1124,13:50:43,5.08,0.01,5,2540,买盘
1125,13:50:58,5.07,-0.01,1,507,卖盘
1126,13:51:07,5.07,0.0,20,10140,卖盘
1127,13:51:34,5.08,0.01,20,10160,买盘
1128,13:52:25,5.08,0.0,10,5080,买盘
1129,13:52:42,5.08,0.0,5,2540,买盘
1130,13:52:51,5.07,-0.01,14,7098,卖盘
1131,13:53:01,5.08,0.01,10,5080,买盘
1132,13:53:12,5.07,-0.01,118,59826,卖盘
1133,13:53:24,5.07,0.0,75,38025,卖盘
1134,13:53:43,5.07,0.0,36,18252,买盘
1135,13:53:58,5.06,-0.01,264,133786,卖盘
1136,13:54:07,5.05,-0.01,30,15150,卖盘
1137,13:54:10,5.06,0.01,11,5566,买盘
1138,13:54:21,5.05,-0.01,120,60650,卖盘
1139,13:54:31,5.05,0.0,200,101000,卖盘
1140,13:54:37,5.05,0.0,10,5050,卖盘
1141,13:54:43,5.05,0.0,60,30300,卖盘
1142,13:55:04,5.05,0.0,6,3030,卖盘
1143,13:55:06,5.05,0.0,17,8585,卖盘
1144,13:55:16,5.05,0.0,15,7575,卖盘
1145,13:55:34,5.05,0.0,50,25250,卖盘
1146,13:55:37,5.05,0.0,17,8585,卖盘
1147,13:55:39,5.05,0.0,89,44945,卖盘
1148,13:55:54,5.06,0.01,30,14978,买盘
1149,13:56:22,5.06,0.0,211,106968,卖盘
1150,13:56:31,5.06,0.0,5,2530,买盘
1151,13:56:49,5.05,-0.01,9,4545,卖盘
1152,13:56:55,5.05,0.0,4,2020,卖盘
1153,13:56:58,5.05,0.0,253,127765,卖盘
1154,13:57:34,5.04,-0.01,5,2520,卖盘
1155,13:57:36,5.05,0.01,4,2020,买盘
1156,13:57:45,5.05,0.0,14,7070,买盘
1157,13:57:52,5.05,0.0,20,10100,买盘
1158,13:58:07,5.04,-0.01,53,26712,卖盘
1159,13:58:10,5.04,0.0,60,30240,卖盘
1160,13:58:13,5.04,0.0,11,5544,卖盘
1161,13:58:16,5.04,0.0,10,5040,卖盘
1162,13:58:19,5.05,0.01,13,6562,买盘
1163,13:58:24,5.04,-0.01,1,504,卖盘
1164,13:58:27,5.04,0.0,3,1512,卖盘
1165,13:58:37,5.05,0.01,30,15150,买盘
1166,13:58:40,5.04,-0.01,5,2520,卖盘
1167,13:58:43,5.05,0.01,40,20200,买盘
1168,13:59:06,5.04,-0.01,313,157752,卖盘
1169,13:59:10,5.04,0.0,10,5040,买盘
1170,13:59:13,5.04,0.0,40,20160,买盘
1171,13:59:16,5.04,0.0,4,2016,买盘
1172,13:59:19,5.03,-0.01,30,15090,卖盘
1173,13:59:22,5.04,0.01,93,46872,买盘
1174,13:59:46,5.04,0.0,14,7056,卖盘
1175,13:59:49,5.05,0.01,347,175235,买盘
1176,14:00:25,5.03,-0.02,400,201473,卖盘
1177,14:00:28,5.05,0.02,13,6562,中性盘
1178,14:00:45,5.05,0.0,10,5050,买盘
1179,14:00:55,5.04,-0.01,7,3528,卖盘
1180,14:00:58,5.04,0.0,23,11592,买盘
1181,14:01:00,5.05,0.01,21,10605,买盘
1182,14:01:37,5.05,0.0,9,4545,卖盘
1183,14:01:52,5.04,-0.01,25,12600,卖盘
1184,14:01:58,5.05,0.01,64,32261,买盘
1185,14:02:46,5.05,0.0,2,1010,买盘
1186,14:03:07,5.05,0.0,7,3535,买盘
1187,14:03:10,5.05,0.0,5,2525,买盘
1188,14:03:15,5.05,0.0,10,5050,买盘
1189,14:03:28,5.05,0.0,34,17170,买盘
1190,14:03:31,5.05,0.0,30,15150,买盘
1191,14:03:37,5.05,0.0,20,10100,买盘
1192,14:03:46,5.05,0.0,27,13635,买盘
1193,14:03:49,5.04,-0.01,10,5040,卖盘
1194,14:04:01,5.04,0.0,50,25200,卖盘
1195,14:04:16,5.05,0.01,1,505,买盘
1196,14:04:18,5.05,0.0,32,16160,买盘
1197,14:04:39,5.05,0.0,9,4545,卖盘
1198,14:05:10,5.05,0.0,5,2525,卖盘
1199,14:05:25,5.05,0.0,53,26765,卖盘
1200,14:05:33,5.05,0.0,3,1515,买盘
1201,14:05:37,5.05,0.0,60,30300,买盘
1202,14:05:39,5.05,0.0,50,25250,买盘
1203,14:05:42,5.05,0.0,7,3535,买盘
1204,14:05:52,5.05,0.0,50,25250,卖盘
1205,14:05:55,5.05,0.0,18,9090,卖盘
1206,14:06:01,5.05,0.0,20,10100,卖盘
1207,14:06:04,5.06,0.01,40,20240,买盘
1208,14:06:43,5.06,0.0,50,25300,卖盘
1209,14:06:51,5.06,0.0,10,5060,卖盘
1210,14:07:06,5.06,0.0,5,2530,买盘
1211,14:07:28,5.05,-0.01,98,49490,卖盘
1212,14:07:34,5.04,-0.01,1,504,卖盘
1213,14:07:40,5.05,0.01,50,25250,买盘
1214,14:07:52,5.04,-0.01,150,75650,卖盘
1215,14:08:34,5.04,0.0,4,2016,卖盘
1216,14:08:37,5.05,0.01,2,1010,买盘
1217,14:08:43,5.04,-0.01,5,2520,卖盘
1218,14:08:49,5.05,0.01,40,20200,买盘
1219,14:08:52,5.05,0.0,11,5555,买盘
1220,14:08:58,5.05,0.0,19,9595,卖盘
1221,14:09:06,5.04,-0.01,10,5040,卖盘
1222,14:09:13,5.05,0.01,10,5050,买盘
1223,14:09:15,5.05,0.0,16,8080,买盘
1224,14:09:21,5.05,0.0,4,2020,卖盘
1225,14:09:28,5.05,0.0,44,22220,买盘
1226,14:09:31,5.05,0.0,50,25250,买盘
1227,14:09:40,5.04,-0.01,3,1512,卖盘
1228,14:09:52,5.05,0.01,4,2020,买盘
1229,14:10:04,5.04,-0.01,36,18144,卖盘
1230,14:10:19,5.04,0.0,16,8064,卖盘
1231,14:10:28,5.04,0.0,1,504,卖盘
1232,14:10:37,5.05,0.01,33,16650,买盘
1233,14:11:04,5.05,0.0,3,1515,买盘
1234,14:11:13,5.04,-0.01,1,504,卖盘
1235,14:11:19,5.04,0.0,18,9072,卖盘
1236,14:11:54,5.05,0.01,112,56560,买盘
1237,14:12:01,5.05,0.0,1,505,买盘
1238,14:12:04,5.05,0.0,22,11110,买盘
1239,14:12:09,5.04,-0.01,64,32319,卖盘
1240,14:12:31,5.05,0.01,46,23230,卖盘
1241,14:12:37,5.05,0.0,35,17675,卖盘
1242,14:12:46,5.04,-0.01,10,5040,卖盘
1243,14:12:52,5.05,0.01,2,1010,买盘
1244,14:13:13,5.05,0.0,6,3025,买盘
1245,14:13:42,5.04,-0.01,30,15120,卖盘
1246,14:13:55,5.05,0.01,9,4540,买盘
1247,14:14:22,5.05,0.0,101,51005,买盘
1248,14:14:25,5.04,-0.01,18,9072,卖盘
1249,14:14:33,5.04,0.0,17,8568,卖盘
1250,14:15:04,5.04,0.0,204,102820,卖盘
1251,14:15:10,5.04,0.0,54,27216,卖盘
1252,14:15:13,5.05,0.01,5,2525,买盘
1253,14:15:16,5.04,-0.01,4,2016,卖盘
1254,14:15:22,5.04,0.0,193,97272,卖盘
1255,14:15:34,5.03,-0.01,99,49797,卖盘
1256,14:15:54,5.03,0.0,39,19628,卖盘
1257,14:15:58,5.03,0.0,11,5533,卖盘
1258,14:16:13,5.03,0.0,1,503,卖盘
1259,14:16:19,5.04,0.01,20,10080,买盘
1260,14:16:28,5.03,-0.01,1,503,卖盘
1261,14:16:30,5.04,0.01,10,5040,买盘
1262,14:16:52,5.03,-0.01,1,503,卖盘
1263,14:16:58,5.03,0.0,1,503,卖盘
1264,14:17:06,5.04,0.01,35,17640,买盘
1265,14:17:13,5.03,-0.01,1,503,卖盘
1266,14:17:21,5.03,0.0,200,100600,卖盘
1267,14:17:25,5.03,0.0,10,5030,卖盘
1268,14:17:27,5.03,0.0,110,55330,卖盘
1269,14:17:46,5.04,0.01,281,141424,买盘
1270,14:17:52,5.04,0.0,3,1512,卖盘
1271,14:17:55,5.04,0.0,4,2016,卖盘
1272,14:17:58,5.04,0.0,5,2520,卖盘
1273,14:18:00,5.05,0.01,144,72720,买盘
1274,14:18:04,5.04,-0.01,1,504,卖盘
1275,14:18:07,5.04,0.0,106,53424,卖盘
1276,14:18:10,5.05,0.01,7,3535,买盘
1277,14:18:13,5.05,0.0,1,505,卖盘
1278,14:18:28,5.05,0.0,20,10100,卖盘
1279,14:18:31,5.06,0.01,2,1012,中性盘
1280,14:18:37,5.06,0.0,4,2024,卖盘
1281,14:18:40,5.06,0.0,2,1012,卖盘
1282,14:18:45,5.06,0.0,1,506,卖盘
1283,14:18:49,5.07,0.01,153,77571,买盘
1284,14:18:52,5.07,0.0,14,7098,卖盘
1285,14:18:55,5.07,0.0,20,10140,卖盘
1286,14:18:58,5.07,0.0,47,23829,卖盘
1287,14:19:01,5.06,-0.01,7,3542,卖盘
1288,14:19:04,5.08,0.02,107,54316,买盘
1289,14:19:07,5.06,-0.02,1,506,卖盘
1290,14:19:16,5.06,0.0,1,506,卖盘
1291,14:19:19,5.06,0.0,1,506,卖盘
1292,14:19:22,5.06,0.0,1,506,卖盘
1293,14:19:25,5.06,0.0,1,506,卖盘
1294,14:19:27,5.06,0.0,5,2530,卖盘
1295,14:19:30,5.06,0.0,63,31878,卖盘
1296,14:19:33,5.06,0.0,3,1518,卖盘
1297,14:19:37,5.06,0.0,4,2024,卖盘
1298,14:19:40,5.06,0.0,5,2530,卖盘
1299,14:19:43,5.06,0.0,4,2024,卖盘
1300,14:19:46,5.06,0.0,4,2024,卖盘
1301,14:19:49,5.06,0.0,8,4048,卖盘
1302,14:19:52,5.06,0.0,45,22770,卖盘
1303,14:20:12,5.05,-0.01,2,1010,卖盘
1304,14:20:31,5.05,0.0,215,108579,卖盘
1305,14:20:42,5.04,-0.01,168,84672,卖盘
1306,14:20:55,5.04,0.0,75,37800,卖盘
1307,14:20:58,5.04,0.0,1,504,卖盘
1308,14:21:13,5.04,0.0,1,504,卖盘
1309,14:21:15,5.05,0.01,100,50500,买盘
1310,14:21:34,5.05,0.0,100,50500,买盘
1311,14:21:36,5.05,0.0,127,64135,买盘
1312,14:21:39,5.05,0.0,3,1515,买盘
1313,14:21:42,5.04,-0.01,156,78779,卖盘
1314,14:21:52,5.05,0.01,5,2525,买盘
1315,14:21:55,5.05,0.0,140,70700,买盘
1316,14:21:58,5.05,0.0,100,50500,买盘
1317,14:22:00,5.05,0.0,66,33330,买盘
1318,14:22:12,5.05,0.0,2,1010,买盘
1319,14:22:27,5.05,0.0,130,65650,买盘
1320,14:22:55,5.05,0.0,2,1010,买盘
1321,14:22:58,5.05,0.0,2,1010,卖盘
1322,14:23:00,5.05,0.0,50,25250,卖盘
1323,14:23:07,5.05,0.0,8,4040,卖盘
1324,14:23:12,5.05,0.0,2,1010,卖盘
1325,14:23:22,5.05,0.0,4,2020,卖盘
1326,14:23:28,5.05,0.0,177,89385,卖盘
1327,14:23:46,5.05,0.0,87,43935,买盘
1328,14:24:04,5.04,-0.01,110,55440,卖盘
1329,14:24:13,5.05,0.01,6,3030,买盘
1330,14:24:46,5.05,0.0,21,10605,买盘
1331,14:24:52,5.05,0.0,10,5050,买盘
1332,14:25:10,5.05,0.0,10,5050,买盘
1333,14:25:13,5.05,0.0,15,7575,买盘
1334,14:25:16,5.05,0.0,1,505,买盘
1335,14:25:52,5.04,-0.01,274,138096,卖盘
1336,14:25:58,5.04,0.0,19,9576,卖盘
1337,14:26:01,5.04,0.0,108,54432,卖盘
1338,14:26:13,5.04,0.0,2,1007,买盘
1339,14:26:15,5.04,0.0,8,4032,买盘
1340,14:26:28,5.03,-0.01,1,503,卖盘
1341,14:26:43,5.03,0.0,310,155930,卖盘
1342,14:26:55,5.03,0.0,83,41825,卖盘
1343,14:27:13,5.03,0.0,1,503,卖盘
1344,14:27:22,5.03,0.0,10,5030,卖盘
1345,14:27:28,5.03,0.0,1,503,卖盘
1346,14:27:31,5.04,0.01,6,3024,买盘
1347,14:27:34,5.04,0.0,14,7056,卖盘
1348,14:27:39,5.05,0.01,100,50464,买盘
1349,14:27:55,5.03,-0.02,99,49797,卖盘
1350,14:27:57,5.03,0.0,1,503,卖盘
1351,14:28:01,5.03,0.0,2,1006,卖盘
1352,14:28:04,5.03,0.0,268,134804,卖盘
1353,14:28:10,5.03,0.0,34,17102,买盘
1354,14:28:13,5.02,-0.01,1,502,卖盘
1355,14:28:15,5.03,0.01,51,25653,买盘
1356,14:28:22,5.03,0.0,20,10060,买盘
1357,14:28:28,5.02,-0.01,109,54738,卖盘
1358,14:28:37,5.03,0.01,18,9054,买盘
1359,14:28:43,5.03,0.0,5,2515,买盘
1360,14:28:46,5.03,0.0,21,10563,买盘
1361,14:28:52,5.03,0.0,1,503,卖盘
1362,14:28:55,5.03,0.0,1,503,卖盘
1363,14:29:09,5.03,0.0,1,503,卖盘
1364,14:29:13,5.03,0.0,2,1006,卖盘
1365,14:29:16,5.03,0.0,4,2012,卖盘
1366,14:29:19,5.03,0.0,1,503,卖盘
1367,14:29:22,5.03,0.0,11,5533,卖盘
1368,14:29:25,5.03,0.0,6,3018,卖盘
1369,14:29:28,5.03,0.0,26,13078,卖盘
1370,14:29:31,5.03,0.0,2,1006,卖盘
1371,14:29:36,5.03,0.0,1,503,卖盘
1372,14:29:43,5.03,0.0,1,503,卖盘
1373,14:29:46,5.03,0.0,3,1509,卖盘
1374,14:29:49,5.03,0.0,1,503,卖盘
1375,14:29:51,5.03,0.0,1,503,卖盘
1376,14:29:54,5.03,0.0,1,503,卖盘
1377,14:29:57,5.03,0.0,2,1006,卖盘
1378,14:30:00,5.03,0.0,26,13078,卖盘
1379,14:30:04,5.04,0.01,200,100670,买盘
1380,14:30:13,5.03,-0.01,2,1006,买盘
1381,14:30:16,5.03,0.0,5,2515,卖盘
1382,14:30:18,5.03,0.0,13,6539,卖盘
1383,14:30:22,5.02,-0.01,180,90360,卖盘
1384,14:30:27,5.02,0.0,19,9538,卖盘
1385,14:30:31,5.02,0.0,10,5020,卖盘
1386,14:30:34,5.02,0.0,20,10040,卖盘
1387,14:30:37,5.03,0.01,299,150245,买盘
1388,14:30:40,5.03,0.0,30,15090,卖盘
1389,14:30:43,5.03,0.0,19,9557,卖盘
1390,14:30:46,5.02,-0.01,28,14083,卖盘
1391,14:30:49,5.02,0.0,50,25100,卖盘
1392,14:30:52,5.02,0.0,6,3012,卖盘
1393,14:30:55,5.03,0.01,59,29611,中性盘
1394,14:30:58,5.02,-0.01,130,65230,中性盘
1395,14:31:01,5.01,-0.01,37,18550,卖盘
1396,14:31:04,5.01,0.0,1,501,卖盘
1397,14:31:10,5.01,0.0,386,193577,卖盘
1398,14:31:13,5.01,0.0,34,17034,卖盘
1399,14:31:16,5.01,0.0,400,200400,卖盘
1400,14:31:25,5.0,-0.01,1757,878880,卖盘
1401,14:31:31,5.0,0.0,30,15000,买盘
1402,14:31:33,4.99,-0.01,63,31456,卖盘
1403,14:31:39,4.99,0.0,39,19461,卖盘
1404,14:31:42,4.99,0.0,61,30439,卖盘
1405,14:31:46,4.99,0.0,31,15469,卖盘
1406,14:31:49,4.99,0.0,10,4990,卖盘
1407,14:31:51,4.98,-0.01,37,18431,卖盘
1408,14:31:54,5.0,0.02,30,14992,买盘
1409,14:31:58,4.98,-0.02,1,498,卖盘
1410,14:32:07,4.98,0.0,3,1494,卖盘
1411,14:32:10,4.98,0.0,100,49800,卖盘
1412,14:32:13,4.99,0.01,1,499,中性盘
1413,14:32:19,5.0,0.01,5,2500,买盘
1414,14:32:22,5.0,0.0,46,23000,买盘
1415,14:32:31,5.0,0.0,280,140000,卖盘
1416,14:32:40,4.99,-0.01,218,108813,卖盘
1417,14:32:43,4.99,0.0,10,4990,买盘
1418,14:32:46,4.99,0.0,188,93812,买盘
1419,14:32:52,4.98,-0.01,568,282874,卖盘
1420,14:32:55,4.98,0.0,250,124500,买盘
1421,14:32:58,4.97,-0.01,1,497,卖盘
1422,14:33:01,4.99,0.02,2,998,买盘
1423,14:33:04,5.0,0.01,32,15972,买盘
1424,14:33:07,4.99,-0.01,10,4988,买盘
1425,14:33:09,4.98,-0.01,36,17936,中性盘
1426,14:33:16,4.98,0.0,36,17900,买盘
1427,14:33:19,4.97,-0.01,50,24904,卖盘
1428,14:33:25,4.98,0.01,11,5478,卖盘
1429,14:33:28,4.99,0.01,69,34430,买盘
1430,14:33:31,4.99,0.0,22,10978,卖盘
1431,14:33:34,4.99,0.0,35,17465,卖盘
1432,14:33:39,5.0,0.01,18,9000,买盘
1433,14:33:42,4.99,-0.01,28,13976,卖盘
1434,14:33:48,5.0,0.01,1,500,买盘
1435,14:33:52,5.0,0.0,35,17470,买盘
1436,14:33:58,5.0,0.0,31,15499,买盘
1437,14:34:01,4.99,-0.01,50,24950,卖盘
1438,14:34:07,5.0,0.01,23,11486,买盘
1439,14:34:13,4.99,-0.01,15,7485,卖盘
1440,14:34:16,4.99,0.0,145,72355,卖盘
1441,14:34:19,4.99,0.0,174,86826,买盘
1442,14:34:21,4.99,0.0,17,8483,卖盘
1443,14:34:24,4.99,0.0,29,14471,卖盘
1444,14:34:33,4.99,0.0,59,29401,买盘
1445,14:34:36,4.99,0.0,1,499,买盘
1446,14:34:40,4.99,0.0,2,998,买盘
1447,14:34:43,4.99,0.0,30,14969,买盘
1448,14:34:46,4.99,0.0,31,15469,买盘
1449,14:34:49,4.99,0.0,7,3493,买盘
1450,14:34:55,4.99,0.0,137,68363,买盘
1451,14:34:58,4.99,0.0,1,499,卖盘
1452,14:35:04,4.99,0.0,20,9980,卖盘
1453,14:35:07,4.99,0.0,15,7485,卖盘
1454,14:35:10,4.99,0.0,15,7485,卖盘
1455,14:35:13,4.99,0.0,87,43413,卖盘
1456,14:35:16,4.99,0.0,104,51896,买盘
1457,14:35:22,4.98,-0.01,70,34860,卖盘
1458,14:35:24,4.99,0.01,27,13473,买盘
1459,14:35:28,4.99,0.0,131,65638,买盘
1460,14:35:37,4.99,0.0,250,124481,卖盘
1461,14:35:46,4.98,-0.01,20,9960,卖盘
1462,14:35:49,4.99,0.01,100,49900,买盘
1463,14:35:52,4.98,-0.01,341,169818,卖盘
1464,14:35:55,4.99,0.01,242,120968,买盘
1465,14:35:58,4.99,0.0,1,499,卖盘
1466,14:36:01,4.99,0.0,58,28942,卖盘
1467,14:36:07,4.99,0.0,24,11707,卖盘
1468,14:36:16,5.0,0.01,50,24966,买盘
1469,14:36:22,4.98,-0.02,20,9968,卖盘
1470,14:36:30,4.99,0.01,5,2495,卖盘
1471,14:36:40,5.0,0.01,31,15500,买盘
1472,14:36:43,4.99,-0.01,1,499,卖盘
1473,14:36:49,5.0,0.01,167,83500,买盘
1474,14:37:04,4.99,-0.01,1,499,卖盘
1475,14:37:07,5.0,0.01,141,70500,买盘
1476,14:37:13,4.99,-0.01,494,246764,卖盘
1477,14:37:15,4.99,0.0,162,80838,买盘
1478,14:37:19,4.99,0.0,44,21956,买盘
1479,14:37:22,5.0,0.01,39,19494,买盘
1480,14:37:25,4.99,-0.01,98,48902,卖盘
1481,14:37:28,4.99,0.0,9,4491,买盘
1482,14:37:31,4.99,0.0,367,182901,卖盘
1483,14:37:43,5.0,0.01,27,13490,买盘
1484,14:37:46,5.0,0.0,1,500,买盘
1485,14:37:49,4.99,-0.01,170,84880,卖盘
1486,14:37:58,4.99,0.0,1,499,卖盘
1487,14:38:04,4.99,0.0,10,4990,卖盘
1488,14:38:07,5.0,0.01,46,22975,买盘
1489,14:38:10,5.0,0.0,31,15500,买盘
1490,14:38:13,4.99,-0.01,1,499,卖盘
1491,14:38:16,5.0,0.01,10,4993,买盘
1492,14:38:25,5.0,0.0,5,2500,买盘
1493,14:38:28,4.99,-0.01,124,61999,卖盘
1494,14:38:31,4.99,0.0,7,3493,卖盘
1495,14:38:36,5.0,0.01,129,64500,买盘
1496,14:38:40,5.01,0.01,3,1503,买盘
1497,14:38:46,5.0,-0.01,48,24047,卖盘
1498,14:38:52,5.03,0.03,220,110590,买盘
1499,14:39:16,5.02,-0.01,100,50200,买盘
1500,14:39:25,5.02,0.0,5,2510,买盘
1501,14:39:28,5.02,0.0,322,161383,买盘
1502,14:39:49,5.02,0.0,9,4518,买盘
1503,14:40:01,5.01,-0.01,37,18537,卖盘
1504,14:40:13,5.0,-0.01,15,7505,卖盘
1505,14:40:21,5.01,0.01,76,38076,买盘
1506,14:40:25,5.0,-0.01,2,1000,卖盘
1507,14:40:37,5.0,0.0,20,10000,卖盘
1508,14:40:52,5.0,0.0,400,200000,卖盘
1509,14:41:00,5.0,0.0,100,50000,卖盘
1510,14:41:13,5.0,0.0,40,20000,买盘
1511,14:41:28,5.02,0.02,80,40108,买盘
1512,14:41:31,4.99,-0.03,119,59381,卖盘
1513,14:41:43,4.99,0.0,185,92375,卖盘
1514,14:41:55,5.01,0.02,1,501,买盘
1515,14:42:01,5.0,-0.01,15,7500,卖盘
1516,14:42:04,5.0,0.0,39,19500,卖盘
1517,14:42:07,5.0,0.0,82,41000,买盘
1518,14:42:13,5.0,0.0,28,14000,买盘
1519,14:42:19,5.02,0.02,50,25090,买盘
1520,14:42:27,5.01,-0.01,20,10020,买盘
1521,14:42:37,4.99,-0.02,320,159682,卖盘
1522,14:42:51,4.99,0.0,10,4990,买盘
1523,14:42:55,4.98,-0.01,68,33917,卖盘
1524,14:42:58,4.98,0.0,300,149400,卖盘
1525,14:43:04,4.98,0.0,36,17928,卖盘
1526,14:43:10,4.98,0.0,8,3984,买盘
1527,14:43:16,4.97,-0.01,410,203780,卖盘
1528,14:43:19,4.97,0.0,22,10934,卖盘
1529,14:43:22,4.97,0.0,15,7455,买盘
1530,14:43:24,4.97,0.0,14,6958,买盘
1531,14:43:31,4.97,0.0,8,3976,买盘
1532,14:43:37,4.97,0.0,25,12425,买盘
1533,14:43:52,4.98,0.01,40,19890,买盘
1534,14:44:06,4.96,-0.02,500,248246,卖盘
1535,14:44:13,4.98,0.02,14,6972,买盘
1536,14:44:16,4.97,-0.01,22,10934,卖盘
1537,14:44:19,4.97,0.0,114,56753,卖盘
1538,14:44:22,4.97,0.0,10,4970,卖盘
1539,14:44:25,4.97,0.0,69,34293,卖盘
1540,14:44:28,4.97,0.0,31,15407,买盘
1541,14:44:31,4.97,0.0,17,8449,买盘
1542,14:44:40,4.96,-0.01,4,1984,卖盘
1543,14:44:42,4.96,0.0,30,14880,卖盘
1544,14:44:45,4.97,0.01,10,4970,买盘
1545,14:44:55,4.97,0.0,5,2485,买盘
1546,14:44:57,4.96,-0.01,13,6448,卖盘
1547,14:45:06,4.96,0.0,2,992,卖盘
1548,14:45:13,4.97,0.01,5,2485,买盘
1549,14:45:15,4.97,0.0,6,2982,买盘
1550,14:45:22,4.96,-0.01,321,159266,卖盘
1551,14:45:25,4.97,0.01,37,18385,买盘
1552,14:45:31,4.97,0.0,108,53598,买盘
1553,14:45:37,4.96,-0.01,124,61504,卖盘
1554,14:45:40,4.97,0.01,8,3976,买盘
1555,14:45:43,4.97,0.0,50,24850,买盘
1556,14:45:48,4.96,-0.01,42,20843,卖盘
1557,14:45:52,4.96,0.0,50,24800,买盘
1558,14:45:55,4.97,0.01,68,33748,买盘
1559,14:45:58,4.96,-0.01,3,1488,卖盘
1560,14:46:00,4.96,0.0,25,12410,卖盘
1561,14:46:07,4.96,0.0,319,158224,卖盘
1562,14:46:10,4.97,0.01,6,2982,买盘
1563,14:46:13,4.97,0.0,37,18656,买盘
1564,14:46:19,4.96,-0.01,204,101217,卖盘
1565,14:46:22,4.97,0.01,1,497,卖盘
1566,14:46:28,4.97,0.0,54,26838,卖盘
1567,14:46:43,4.96,-0.01,62,30772,卖盘
1568,14:46:55,4.96,0.0,172,85312,卖盘
1569,14:47:01,4.96,0.0,40,19840,卖盘
1570,14:47:04,4.97,0.01,33,16392,买盘
1571,14:47:07,4.96,-0.01,205,101680,卖盘
1572,14:47:13,4.97,0.01,20,9940,买盘
1573,14:47:19,4.96,-0.01,84,41396,卖盘
1574,14:47:25,4.96,0.0,48,24076,买盘
1575,14:47:28,4.96,0.0,100,49332,卖盘
1576,14:47:34,4.96,0.0,21,10416,买盘
1577,14:47:40,4.95,-0.01,249,123255,卖盘
1578,14:47:42,4.96,0.01,5,2480,买盘
1579,14:47:45,4.95,-0.01,9,4455,卖盘
1580,14:47:49,4.96,0.01,40,19840,买盘
1581,14:47:55,4.95,-0.01,150,74250,卖盘
1582,14:47:58,4.95,0.0,38,18810,卖盘
1583,14:48:03,4.95,0.0,1252,619740,卖盘
1584,14:48:07,4.95,0.0,10,4950,买盘
1585,14:48:10,4.95,0.0,240,118800,买盘
1586,14:48:16,4.94,-0.01,52,25688,卖盘
1587,14:48:19,4.95,0.01,105,51909,买盘
1588,14:48:21,4.94,-0.01,10,4940,卖盘
1589,14:48:25,4.94,0.0,10,4940,买盘
1590,14:48:28,4.93,-0.01,536,264248,卖盘
1591,14:48:31,4.92,-0.01,13,6396,卖盘
1592,14:48:34,4.94,0.02,14,6914,买盘
1593,14:48:37,4.92,-0.02,20,9840,卖盘
1594,14:48:40,4.93,0.01,29,14287,买盘
1595,14:48:43,4.92,-0.01,369,181548,卖盘
1596,14:48:45,4.92,0.0,20,9840,买盘
1597,14:48:49,4.92,0.0,16,7872,买盘
1598,14:48:52,4.91,-0.01,2,982,卖盘
1599,14:48:55,4.92,0.01,1978,972639,买盘
1600,14:48:58,4.91,-0.01,27,13257,中性盘
1601,14:49:00,4.91,0.0,17,8347,买盘
1602,14:49:04,4.9,-0.01,169,82946,卖盘
1603,14:49:07,4.89,-0.01,712,349075,卖盘
1604,14:49:10,4.86,-0.03,809,394769,卖盘
1605,14:49:13,4.91,0.05,20,9820,卖盘
1606,14:49:16,4.91,0.0,3,1473,卖盘
1607,14:49:22,4.91,0.0,60,29460,卖盘
1608,14:49:25,4.9,-0.01,59,28943,卖盘
1609,14:49:28,4.9,0.0,16,7825,买盘
1610,14:49:31,4.91,0.01,37,18167,买盘
1611,14:49:34,4.91,0.0,83,40753,买盘
1612,14:49:37,4.9,-0.01,67,32830,卖盘
1613,14:49:40,4.9,0.0,134,65700,卖盘
1614,14:49:43,4.91,0.01,35,17164,买盘
1615,14:49:46,4.91,0.0,43,21113,买盘
1616,14:49:49,4.9,-0.01,8,3920,卖盘
1617,14:49:58,4.9,0.0,416,203852,卖盘
1618,14:50:01,4.9,0.0,61,29890,卖盘
1619,14:50:04,4.9,0.0,14,6860,买盘
1620,14:50:07,4.9,0.0,8,3920,买盘
1621,14:50:09,4.9,0.0,55,26950,买盘
1622,14:50:13,4.9,0.0,1,490,卖盘
1623,14:50:15,4.9,0.0,1,490,卖盘
1624,14:50:18,4.9,0.0,50,24500,卖盘
1625,14:50:22,4.9,0.0,150,73550,卖盘
1626,14:50:25,4.91,0.01,274,134534,买盘
1627,14:50:28,4.9,-0.01,309,151419,卖盘
1628,14:50:31,4.9,0.0,76,37240,卖盘
1629,14:50:34,4.91,0.01,336,164823,买盘
1630,14:50:46,4.91,0.0,72,35352,卖盘
1631,14:50:52,4.91,0.0,43,21116,卖盘
1632,14:50:58,4.92,0.01,47,23121,买盘
1633,14:51:01,4.92,0.0,61,30006,买盘
1634,14:51:07,4.92,0.0,84,41328,买盘
1635,14:51:10,4.91,-0.01,143,70233,卖盘
1636,14:51:13,4.92,0.01,74,36408,买盘
1637,14:51:15,4.91,-0.01,59,28969,卖盘
1638,14:51:19,4.92,0.01,63,30996,买盘
1639,14:51:22,4.91,-0.01,361,177355,卖盘
1640,14:51:25,4.92,0.01,13,6396,买盘
1641,14:51:28,4.92,0.0,22,10824,卖盘
1642,14:51:31,4.92,0.0,71,34932,卖盘
1643,14:51:36,4.92,0.0,90,44280,卖盘
1644,14:51:39,4.92,0.0,64,31530,卖盘
1645,14:51:46,4.93,0.01,99,48792,买盘
1646,14:51:55,4.92,-0.01,300,147652,卖盘
1647,14:52:00,4.93,0.01,20,9860,买盘
1648,14:52:04,4.92,-0.01,98,48260,卖盘
1649,14:52:06,4.93,0.01,50,24650,买盘
1650,14:52:10,4.92,-0.01,625,307500,卖盘
1651,14:52:13,4.92,0.0,5,2460,买盘
1652,14:52:19,4.92,0.0,47,23124,买盘
1653,14:52:22,4.91,-0.01,90,44190,卖盘
1654,14:52:25,4.92,0.01,266,130782,买盘
1655,14:52:27,4.92,0.0,30,14760,买盘
1656,14:52:31,4.91,-0.01,8,3928,卖盘
1657,14:52:34,4.91,0.0,1,491,卖盘
1658,14:52:40,4.92,0.01,90,44280,买盘
1659,14:52:43,4.91,-0.01,3,1473,卖盘
1660,14:52:46,4.91,0.0,2,982,卖盘
1661,14:52:49,4.91,0.0,34,16694,卖盘
1662,14:52:57,4.91,0.0,209,102619,卖盘
1663,14:53:01,4.91,0.0,205,100655,卖盘
1664,14:53:04,4.9,-0.01,229,112237,卖盘
1665,14:53:07,4.91,0.01,10,4910,买盘
1666,14:53:13,4.91,0.0,92,45172,买盘
1667,14:53:19,4.92,0.01,1211,595169,买盘
1668,14:53:22,4.92,0.0,157,77244,卖盘
1669,14:53:25,4.92,0.0,201,98897,卖盘
1670,14:53:28,4.92,0.0,95,46740,卖盘
1671,14:53:31,4.93,0.01,50,24650,买盘
1672,14:53:34,4.92,-0.01,30,14760,卖盘
1673,14:53:40,4.93,0.01,159,78320,买盘
1674,14:53:43,4.93,0.0,26,12818,买盘
1675,14:53:46,4.93,0.0,7,3451,买盘
1676,14:53:49,4.93,0.0,244,120270,卖盘
1677,14:53:52,4.93,0.0,63,31059,卖盘
1678,14:53:55,4.92,-0.01,70,34484,卖盘
1679,14:54:04,4.93,0.01,20,9860,买盘
1680,14:54:07,4.93,0.0,3,1479,卖盘
1681,14:54:10,4.93,0.0,10,4930,卖盘
1682,14:54:13,4.93,0.0,73,35989,卖盘
1683,14:54:16,4.93,0.0,83,40919,买盘
1684,14:54:19,4.93,0.0,12,5916,买盘
1685,14:54:22,4.93,0.0,11,5423,买盘
1686,14:54:25,4.92,-0.01,41,20203,卖盘
1687,14:54:28,4.92,0.0,109,53731,卖盘
1688,14:54:31,4.93,0.01,20,9860,买盘
1689,14:54:34,4.93,0.0,5,2465,买盘
1690,14:54:37,4.93,0.0,211,104019,买盘
1691,14:54:40,4.93,0.0,140,68900,买盘
1692,14:54:43,4.93,0.0,124,61132,买盘
1693,14:54:46,4.93,0.0,6,2958,买盘
1694,14:54:49,4.92,-0.01,79,38868,卖盘
1695,14:54:52,4.93,0.01,211,104023,买盘
1696,14:54:58,4.92,-0.01,35,17220,卖盘
1697,14:55:01,4.92,0.0,139,68438,卖盘
1698,14:55:04,4.92,0.0,122,60046,卖盘
1699,14:55:07,4.93,0.01,424,208832,买盘
1700,14:55:13,4.93,0.0,28,13804,卖盘
1701,14:55:16,4.93,0.0,100,49300,卖盘
1702,14:55:19,4.93,0.0,86,42398,卖盘
1703,14:55:22,4.93,0.0,98,48314,卖盘
1704,14:55:31,4.94,0.01,4,1976,买盘
1705,14:55:37,4.93,-0.01,139,68527,卖盘
1706,14:55:43,4.94,0.01,417,205998,买盘
1707,14:55:46,4.92,-0.02,210,103604,卖盘
1708,14:55:49,4.93,0.01,15,7395,买盘
1709,14:55:52,4.93,0.0,16,7888,买盘
1710,14:55:55,4.93,0.0,101,49793,买盘
1711,14:55:58,4.93,0.0,158,77744,买盘
1712,14:56:01,4.93,0.0,23,11339,买盘
1713,14:56:04,4.93,0.0,48,23664,卖盘
1714,14:56:07,4.92,-0.01,71,34973,卖盘
1715,14:56:10,4.92,0.0,62,30504,卖盘
1716,14:56:16,4.92,0.0,20,9840,卖盘
1717,14:56:19,4.92,0.0,546,268632,卖盘
1718,14:56:22,4.93,0.01,279,137547,买盘
1719,14:56:25,4.93,0.0,43,21199,卖盘
1720,14:56:28,4.93,0.0,32,15776,卖盘
1721,14:56:34,4.93,0.0,114,56202,卖盘
1722,14:56:37,4.93,0.0,595,293355,卖盘
1723,14:56:40,4.94,0.01,347,171363,买盘
1724,14:56:43,4.94,0.0,175,86450,卖盘
1725,14:56:52,4.94,0.0,106,52413,卖盘
1726,14:56:55,4.95,0.01,55,27225,买盘
1727,14:57:01,4.94,-0.01,21,10374,卖盘
1728,14:57:03,4.95,0.01,9,4455,买盘
1729,15:00:04,4.94,-0.01,2899,1432106,买盘
