,time,price,change,volume,amount,type
0,09:25:04,6.48,-0.19,749,485352,买盘
1,09:30:04,6.47,-0.01,645,417482,卖盘
2,09:30:06,6.48,0.01,97,62755,买盘
3,09:30:09,6.48,0.0,2,1296,买盘
4,09:30:12,6.48,0.0,20,12940,买盘
5,09:30:15,6.45,-0.03,65,41925,卖盘
6,09:30:21,6.45,0.0,2,1290,买盘
7,09:30:24,6.44,-0.01,10,6440,卖盘
8,09:30:27,6.44,0.0,95,61180,卖盘
9,09:30:30,6.44,0.0,227,145971,买盘
10,09:30:33,6.44,0.0,30,19320,买盘
11,09:30:37,6.44,0.0,15,9660,买盘
12,09:30:40,6.44,0.0,17,10948,买盘
13,09:30:42,6.4,-0.04,292,187262,卖盘
14,09:30:52,6.42,0.02,2,1284,卖盘
15,09:30:55,6.42,0.0,5,3210,中性盘
16,09:31:00,6.42,0.0,45,28881,买盘
17,09:31:09,6.44,0.02,9,5796,买盘
18,09:31:15,6.44,0.0,5,3220,卖盘
19,09:31:21,6.44,0.0,26,16744,卖盘
20,09:31:27,6.44,0.0,10,6440,买盘
21,09:31:30,6.44,0.0,3,1932,买盘
22,09:31:33,6.44,0.0,8,5152,买盘
23,09:31:39,6.44,0.0,5,3220,买盘
24,09:31:42,6.44,0.0,99,63686,买盘
25,09:31:48,6.44,0.0,1,644,卖盘
26,09:31:51,6.46,0.02,10,6460,买盘
27,09:31:54,6.44,-0.02,147,94668,卖盘
28,09:32:01,6.44,0.0,3,1932,买盘
29,09:32:03,6.44,0.0,3,1932,买盘
30,09:32:13,6.43,-0.01,98,63064,卖盘
31,09:32:15,6.44,0.01,73,47009,买盘
32,09:32:21,6.43,-0.01,4,2572,卖盘
33,09:32:24,6.44,0.01,35,22540,买盘
34,09:32:27,6.44,0.0,100,64400,买盘
35,09:32:31,6.43,-0.01,26,16718,卖盘
36,09:32:33,6.44,0.01,64,41216,买盘
37,09:32:36,6.44,0.0,5,3220,买盘
38,09:32:39,6.44,0.0,58,37352,买盘
39,09:33:00,6.43,-0.01,300,193024,卖盘
40,09:33:12,6.44,0.01,54,34776,卖盘
41,09:33:16,6.46,0.02,66,42584,买盘
42,09:33:18,6.44,-0.02,27,17388,中性盘
43,09:33:21,6.46,0.02,50,32213,买盘
44,09:33:33,6.47,0.01,64,41355,买盘
45,09:33:36,6.47,0.0,74,47824,买盘
46,09:33:39,6.47,0.0,30,19410,买盘
47,09:33:54,6.48,0.01,8,5184,买盘
48,09:34:00,6.52,0.04,181,117424,买盘
49,09:34:09,6.55,0.03,2,1310,买盘
50,09:34:16,6.52,-0.03,20,13040,卖盘
51,09:34:27,6.52,0.0,49,31948,卖盘
52,09:34:40,6.53,0.01,41,26762,买盘
53,09:34:42,6.53,0.0,19,12407,卖盘
54,09:34:51,6.52,-0.01,14,9108,买盘
55,09:34:57,6.5,-0.02,2,1300,中性盘
56,09:35:06,6.48,-0.02,53,34410,卖盘
57,09:35:09,6.48,0.0,12,7776,卖盘
58,09:35:21,6.48,0.0,32,20736,卖盘
59,09:35:33,6.48,0.0,13,8424,卖盘
60,09:35:45,6.47,-0.01,58,37579,卖盘
61,09:35:54,6.47,0.0,21,13587,卖盘
62,09:35:57,6.5,0.03,9,5836,买盘
63,09:36:09,6.48,-0.02,5,3240,卖盘
64,09:36:12,6.5,0.02,2,1300,买盘
65,09:36:18,6.5,0.0,10,6500,买盘
66,09:36:21,6.5,0.0,78,50700,卖盘
67,09:36:24,6.5,0.0,20,13000,买盘
68,09:36:36,6.5,0.0,10,6500,买盘
69,09:36:48,6.47,-0.03,236,153208,卖盘
70,09:36:51,6.5,0.03,20,13000,买盘
71,09:36:57,6.47,-0.03,7,4529,卖盘
72,09:37:00,6.47,0.0,5,3235,卖盘
73,09:37:12,6.47,0.0,15,9705,卖盘
74,09:37:54,6.45,-0.02,172,111093,卖盘
75,09:37:57,6.47,0.02,17,11009,卖盘
76,09:38:00,6.47,0.0,10,6470,卖盘
77,09:38:06,6.47,0.0,3,1941,卖盘
78,09:38:33,6.47,0.0,38,24586,买盘
79,09:38:36,6.45,-0.02,110,71073,卖盘
80,09:38:42,6.45,0.0,78,49858,卖盘
81,09:38:45,6.45,0.0,3,1935,买盘
82,09:38:48,6.45,0.0,19,12706,买盘
83,09:38:51,6.49,0.04,70,45235,买盘
84,09:38:54,6.49,0.0,11,7139,卖盘
85,09:39:45,6.45,-0.04,1,645,卖盘
86,09:40:27,6.48,0.03,3,1944,卖盘
87,09:40:45,6.49,0.01,10,6490,买盘
88,09:40:54,6.49,0.0,12,7788,卖盘
89,09:41:06,6.5,0.01,16,10400,买盘
90,09:41:18,6.5,0.0,7,4550,买盘
91,09:41:27,6.48,-0.02,5,3241,卖盘
92,09:41:40,6.49,0.01,10,6490,买盘
93,09:41:42,6.49,0.0,1,649,买盘
94,09:41:45,6.48,-0.01,10,6480,卖盘
95,09:41:57,6.5,0.02,34,22098,买盘
96,09:42:00,6.48,-0.02,26,16885,卖盘
97,09:42:09,6.51,0.03,2,1302,买盘
98,09:42:12,6.51,0.0,82,53382,买盘
99,09:42:27,6.51,0.0,28,18228,卖盘
100,09:42:31,6.51,0.0,20,13020,卖盘
101,09:42:51,6.51,0.0,3,1953,买盘
102,09:42:54,6.51,0.0,1,651,买盘
103,09:42:57,6.51,0.0,48,31248,买盘
104,09:43:00,6.49,-0.02,33,21417,卖盘
105,09:43:18,6.5,0.01,20,13000,买盘
106,09:43:36,6.5,0.0,22,14300,买盘
107,09:43:42,6.5,0.0,1,650,卖盘
108,09:43:51,6.5,0.0,9,5850,买盘
109,09:44:27,6.5,0.0,20,13000,买盘
110,09:44:36,6.49,-0.01,28,18172,卖盘
111,09:45:00,6.5,0.01,10,6500,买盘
112,09:45:03,6.48,-0.02,20,12960,卖盘
113,09:45:06,6.49,0.01,37,24013,买盘
114,09:45:21,6.48,-0.01,28,18144,卖盘
115,09:45:27,6.49,0.01,20,12980,买盘
116,09:45:30,6.49,0.0,43,27907,买盘
117,09:45:33,6.48,-0.01,19,12315,卖盘
118,09:45:57,6.48,0.0,7,4536,卖盘
119,09:46:09,6.48,0.0,20,12960,卖盘
120,09:47:00,6.5,0.02,77,50050,买盘
121,09:47:16,6.5,0.0,10,6500,买盘
122,09:47:21,6.49,-0.01,76,49324,卖盘
123,09:47:24,6.5,0.01,14,9100,买盘
124,09:48:00,6.5,0.0,14,9100,买盘
125,09:48:06,6.5,0.0,23,14950,买盘
126,09:48:30,6.5,0.0,10,6500,卖盘
127,09:48:36,6.5,0.0,36,23400,卖盘
128,09:48:42,6.5,0.0,16,10400,买盘
129,09:48:55,6.5,0.0,5,3250,卖盘
130,09:48:58,6.5,0.0,57,37050,卖盘
131,09:49:09,6.49,-0.01,2,1298,卖盘
132,09:49:24,6.5,0.01,31,20150,买盘
133,09:49:36,6.49,-0.01,60,38940,卖盘
134,09:49:39,6.5,0.01,13,8448,买盘
135,09:49:48,6.48,-0.02,6,3888,卖盘
136,09:50:06,6.5,0.02,121,78568,买盘
137,09:50:25,6.5,0.0,67,43550,买盘
138,09:50:45,6.51,0.01,328,213233,买盘
139,09:51:00,6.53,0.02,10,6530,买盘
140,09:51:24,6.53,0.0,18,11754,卖盘
141,09:51:42,6.52,-0.01,1,652,卖盘
142,09:52:22,6.52,0.0,5,3260,买盘
143,09:52:42,6.52,0.0,1,652,买盘
144,09:52:49,6.51,-0.01,23,14973,卖盘
145,09:52:57,6.51,0.0,76,49476,卖盘
146,09:53:30,6.5,-0.01,86,55900,卖盘
147,09:53:39,6.5,0.0,52,33800,卖盘
148,09:53:45,6.5,0.0,181,117650,卖盘
149,09:53:48,6.5,0.0,3,1950,买盘
150,09:53:54,6.5,0.0,9,5850,买盘
151,09:54:09,6.49,-0.01,96,62304,卖盘
152,09:54:15,6.49,0.0,8,5192,买盘
153,09:54:18,6.49,0.0,5,3245,买盘
154,09:54:39,6.49,0.0,18,11682,买盘
155,09:54:45,6.48,-0.01,20,12960,卖盘
156,09:54:48,6.48,0.0,30,19440,卖盘
157,09:55:42,6.48,0.0,50,32400,卖盘
158,09:55:55,6.48,0.0,39,25272,卖盘
159,09:56:04,6.48,0.0,5,3240,卖盘
160,09:56:13,6.48,0.0,145,93960,卖盘
161,09:56:48,6.48,0.0,10,6480,买盘
162,09:57:06,6.48,0.0,6,3888,买盘
163,09:57:09,6.48,0.0,73,47304,买盘
164,09:57:15,6.48,0.0,46,29808,买盘
165,09:57:21,6.48,0.0,77,49896,买盘
166,09:57:54,6.48,0.0,40,25935,卖盘
167,09:58:24,6.48,0.0,18,11664,卖盘
168,09:58:42,6.48,0.0,104,67392,卖盘
169,09:59:04,6.49,0.01,7,4543,买盘
170,09:59:16,6.49,0.0,5,3245,买盘
171,09:59:18,6.48,-0.01,46,29808,卖盘
172,09:59:27,6.48,0.0,27,17496,卖盘
173,09:59:51,6.48,0.0,72,46656,卖盘
174,10:00:04,6.48,0.0,50,32400,卖盘
175,10:00:39,6.49,0.01,11,7139,买盘
176,10:00:45,6.49,0.0,40,25960,买盘
177,10:01:06,6.48,-0.01,200,129600,卖盘
178,10:01:15,6.49,0.01,1,649,买盘
179,10:01:39,6.48,-0.01,10,6480,卖盘
180,10:02:04,6.47,-0.01,131,84852,卖盘
181,10:02:18,6.47,0.0,5,3235,卖盘
182,10:02:27,6.47,0.0,220,142388,卖盘
183,10:03:06,6.48,0.01,5,3240,买盘
184,10:03:09,6.47,-0.01,50,32350,卖盘
185,10:03:24,6.48,0.01,7,4531,买盘
186,10:03:33,6.47,-0.01,13,8412,卖盘
187,10:03:51,6.48,0.01,1,648,买盘
188,10:04:06,6.48,0.0,46,29808,买盘
189,10:04:12,6.48,0.0,11,7128,买盘
190,10:04:15,6.48,0.0,20,12960,卖盘
191,10:04:51,6.48,0.0,40,25920,卖盘
192,10:05:04,6.49,0.01,100,64900,买盘
193,10:05:09,6.49,0.0,146,94754,买盘
194,10:05:15,6.49,0.0,10,6490,买盘
195,10:05:21,6.49,0.0,43,27550,买盘
196,10:05:39,6.5,0.01,4,2600,买盘
197,10:05:45,6.51,0.01,24,15624,买盘
198,10:05:58,6.51,0.0,15,9765,卖盘
199,10:06:51,6.53,0.02,29,18937,买盘
200,10:06:54,6.51,-0.02,50,32550,卖盘
201,10:07:12,6.51,0.0,12,7812,卖盘
202,10:07:15,6.5,-0.01,1,650,买盘
203,10:07:21,6.49,-0.01,47,30503,卖盘
204,10:07:27,6.5,0.01,7,4550,买盘
205,10:07:45,6.5,0.0,10,6500,买盘
206,10:07:48,6.49,-0.01,150,97350,卖盘
207,10:07:58,6.5,0.01,5,3250,买盘
208,10:08:06,6.49,-0.01,1,649,卖盘
209,10:08:27,6.5,0.01,1,650,买盘
210,10:09:15,6.49,-0.01,100,64900,卖盘
211,10:09:31,6.49,0.0,11,7139,卖盘
212,10:09:36,6.49,0.0,21,13629,卖盘
213,10:10:52,6.5,0.01,80,52000,买盘
214,10:11:33,6.5,0.0,20,13000,卖盘
215,10:12:21,6.52,0.02,1,652,买盘
216,10:13:09,6.5,-0.02,15,9750,卖盘
217,10:13:42,6.51,0.01,18,11718,卖盘
218,10:13:51,6.51,0.0,21,13671,买盘
219,10:14:00,6.51,0.0,19,12369,买盘
220,10:14:06,6.52,0.01,28,18244,买盘
221,10:14:31,6.51,-0.01,5,3255,卖盘
222,10:14:51,6.51,0.0,6,3906,卖盘
223,10:15:00,6.5,-0.01,45,29250,卖盘
224,10:15:13,6.49,-0.01,50,32450,卖盘
225,10:15:54,6.49,0.0,2,1298,卖盘
226,10:16:00,6.49,0.0,31,20119,卖盘
227,10:16:06,6.49,0.0,5,3245,卖盘
228,10:16:09,6.5,0.01,10,6500,买盘
229,10:16:19,6.49,-0.01,10,6490,卖盘
230,10:17:15,6.48,-0.01,283,183905,卖盘
231,10:17:24,6.47,-0.01,10,6470,卖盘
232,10:17:48,6.48,0.01,5,3240,买盘
233,10:18:09,6.48,0.0,2,940,买盘
234,10:18:21,6.47,-0.01,140,90679,卖盘
235,10:19:10,6.47,0.0,50,32350,卖盘
236,10:19:54,6.49,0.02,9,5841,买盘
237,10:20:42,6.49,0.0,10,6490,买盘
238,10:20:57,6.49,0.0,10,6490,买盘
239,10:21:27,6.49,0.0,16,10384,买盘
240,10:21:51,6.5,0.01,18,11692,买盘
241,10:23:06,6.52,0.02,40,26080,买盘
242,10:23:27,6.53,0.01,66,43098,买盘
243,10:23:46,6.53,0.0,6,3918,买盘
244,10:23:58,6.53,0.0,13,8489,买盘
245,10:24:33,6.52,-0.01,5,3260,卖盘
246,10:25:33,6.52,0.0,17,11084,买盘
247,10:27:33,6.52,0.0,10,6520,买盘
248,10:28:00,6.52,0.0,13,8476,买盘
249,10:28:09,6.52,0.0,20,13040,买盘
250,10:28:39,6.52,0.0,5,3260,买盘
251,10:29:54,6.52,0.0,1,652,卖盘
252,10:30:30,6.51,-0.01,19,12369,卖盘
253,10:30:36,6.5,-0.01,20,13000,卖盘
254,10:30:57,6.51,0.01,1,651,买盘
255,10:31:01,6.5,-0.01,86,55970,卖盘
256,10:31:21,6.52,0.02,28,18256,买盘
257,10:31:45,6.51,-0.01,7,4557,买盘
258,10:32:21,6.52,0.01,30,19560,买盘
259,10:32:49,6.52,0.0,20,13040,买盘
260,10:33:15,6.52,0.0,20,13040,买盘
261,10:33:21,6.51,-0.01,14,9114,卖盘
262,10:34:00,6.52,0.01,10,6520,买盘
263,10:34:03,6.52,0.0,50,32600,买盘
264,10:34:18,6.52,0.0,26,16952,买盘
265,10:34:22,6.52,0.0,7,4564,买盘
266,10:34:30,6.52,0.0,30,19560,卖盘
267,10:34:36,6.52,0.0,3,1956,卖盘
268,10:34:51,6.52,0.0,6,3912,买盘
269,10:35:00,6.52,0.0,12,7824,买盘
270,10:35:03,6.52,0.0,10,6520,买盘
271,10:35:12,6.52,0.0,18,11736,买盘
272,10:35:27,6.52,0.0,46,29992,买盘
273,10:35:39,6.52,0.0,4,2608,卖盘
274,10:35:54,6.53,0.01,37,24155,买盘
275,10:36:09,6.53,0.0,16,10448,卖盘
276,10:36:27,6.53,0.0,58,37874,卖盘
277,10:36:30,6.53,0.0,34,22202,卖盘
278,10:36:37,6.53,0.0,100,65300,卖盘
279,10:36:40,6.53,0.0,20,13060,卖盘
280,10:36:45,6.53,0.0,60,39180,卖盘
281,10:37:01,6.53,0.0,65,42445,卖盘
282,10:37:04,6.53,0.0,49,31997,卖盘
283,10:37:06,6.53,0.0,45,29385,卖盘
284,10:37:09,6.53,0.0,38,24814,卖盘
285,10:37:48,6.53,0.0,42,27426,买盘
286,10:37:57,6.53,0.0,30,19590,卖盘
287,10:38:04,6.53,0.0,14,9142,卖盘
288,10:38:27,6.54,0.01,20,13080,买盘
289,10:39:09,6.54,0.0,20,13080,买盘
290,10:39:15,6.54,0.0,100,65400,买盘
291,10:39:30,6.54,0.0,37,24198,卖盘
292,10:39:42,6.54,0.0,27,17658,卖盘
293,10:39:54,6.54,0.0,1,654,买盘
294,10:39:57,6.54,0.0,72,47088,买盘
295,10:40:15,6.55,0.01,70,45850,买盘
296,10:40:30,6.55,0.0,40,26200,买盘
297,10:41:30,6.55,0.0,5,3275,买盘
298,10:41:42,6.55,0.0,162,106078,买盘
299,10:41:51,6.55,0.0,87,56985,卖盘
300,10:41:57,6.55,0.0,92,60260,卖盘
301,10:43:30,6.52,-0.03,50,32600,卖盘
302,10:43:43,6.54,0.02,1,654,买盘
303,10:45:12,6.51,-0.03,10,6510,卖盘
304,10:45:51,6.51,0.0,15,9765,卖盘
305,10:48:03,6.52,0.01,3,1956,卖盘
306,10:48:57,6.52,0.0,47,30644,买盘
307,10:49:18,6.52,0.0,3,1956,卖盘
308,10:49:30,6.52,0.0,46,29992,买盘
309,10:50:57,6.53,0.01,2,1306,买盘
310,10:52:48,6.53,0.0,7,4571,买盘
311,10:54:22,6.53,0.0,84,54852,买盘
312,10:55:33,6.54,0.01,99,64746,买盘
313,10:56:51,6.54,0.0,1,654,卖盘
314,10:57:04,6.54,0.0,20,13080,买盘
315,10:57:33,6.54,0.0,45,29430,买盘
316,10:58:24,6.55,0.01,19,12445,买盘
317,10:58:30,6.54,-0.01,21,13750,卖盘
318,10:58:51,6.54,0.0,29,18966,买盘
319,10:59:27,6.54,0.0,30,19620,卖盘
320,10:59:39,6.55,0.01,23,15065,买盘
321,10:59:54,6.55,0.0,41,26855,卖盘
322,11:00:06,6.54,-0.01,1,654,卖盘
323,11:00:27,6.55,0.01,5,3275,买盘
324,11:00:39,6.55,0.0,58,37990,买盘
325,11:01:18,6.55,0.0,49,32095,买盘
326,11:01:28,6.55,0.0,17,11135,卖盘
327,11:01:42,6.55,0.0,2,1310,买盘
328,11:02:18,6.55,0.0,80,52400,买盘
329,11:02:36,6.55,0.0,8,5240,买盘
330,11:03:24,6.55,0.0,50,32750,卖盘
331,11:03:30,6.55,0.0,4,2620,卖盘
332,11:03:36,6.55,0.0,25,16375,卖盘
333,11:03:54,6.55,0.0,1,655,买盘
334,11:03:57,6.55,0.0,1,655,买盘
335,11:04:00,6.55,0.0,2,1310,卖盘
336,11:04:30,6.55,0.0,7,4585,卖盘
337,11:05:15,6.55,0.0,3,1965,买盘
338,11:05:33,6.55,0.0,10,6550,卖盘
339,11:06:40,6.55,0.0,8,5240,买盘
340,11:06:51,6.55,0.0,5,3275,卖盘
341,11:06:57,6.55,0.0,10,6550,卖盘
342,11:07:18,6.55,0.0,8,5240,卖盘
343,11:07:54,6.54,-0.01,50,32700,卖盘
344,11:08:06,6.54,0.0,50,32700,卖盘
345,11:08:13,6.54,0.0,15,9810,卖盘
346,11:08:27,6.54,0.0,1,654,买盘
347,11:08:33,6.53,-0.01,20,13060,卖盘
348,11:08:45,6.53,0.0,20,13060,卖盘
349,11:08:48,6.54,0.01,3,1962,买盘
350,11:08:54,6.53,-0.01,5,3265,卖盘
351,11:09:06,6.53,0.0,10,6530,卖盘
352,11:09:09,6.54,0.01,31,20274,买盘
353,11:10:57,6.54,0.0,4,2616,卖盘
354,11:11:00,6.55,0.01,3,1965,买盘
355,11:12:27,6.53,-0.02,25,16326,卖盘
356,11:13:15,6.54,0.01,35,22890,卖盘
357,11:14:04,6.54,0.0,1,654,买盘
358,11:16:51,6.54,0.0,9,5886,买盘
359,11:17:18,6.54,0.0,3,1962,买盘
360,11:17:27,6.54,0.0,5,3270,买盘
361,11:17:51,6.55,0.01,20,13100,买盘
362,11:18:30,6.55,0.0,12,7860,买盘
363,11:19:24,6.55,0.0,1,655,买盘
364,11:19:51,6.54,-0.01,18,11772,卖盘
365,11:20:24,6.55,0.01,10,6550,买盘
366,11:21:21,6.55,0.0,200,131000,买盘
367,11:21:48,6.54,-0.01,10,6540,买盘
368,11:22:18,6.55,0.01,4,2620,买盘
369,11:22:51,6.54,-0.01,150,98196,卖盘
370,11:23:40,6.54,0.0,10,6540,卖盘
371,11:24:00,6.56,0.02,2,1312,买盘
372,11:25:51,6.55,-0.01,50,32750,卖盘
373,11:26:18,6.58,0.03,169,110988,买盘
374,11:26:51,6.58,0.0,30,19740,卖盘
375,11:27:03,6.58,0.0,1,658,卖盘
376,11:29:48,6.58,0.0,272,178332,买盘
377,13:00:04,6.58,0.0,76,49914,买盘
378,13:00:42,6.58,0.0,72,47376,卖盘
379,13:00:57,6.57,-0.01,100,65700,卖盘
380,13:01:06,6.57,0.0,50,32850,卖盘
381,13:01:19,6.55,-0.02,30,19668,卖盘
382,13:01:33,6.57,0.02,8,5256,买盘
383,13:01:55,6.58,0.01,16,10528,买盘
384,13:02:12,6.58,0.0,1,658,卖盘
385,13:02:48,6.57,-0.01,10,6570,卖盘
386,13:03:09,6.57,0.0,50,32850,卖盘
387,13:03:12,6.57,0.0,8,5256,卖盘
388,13:03:27,6.57,0.0,101,66357,买盘
389,13:05:13,6.55,-0.02,33,21615,卖盘
390,13:05:30,6.57,0.02,7,4599,买盘
391,13:06:04,6.55,-0.02,22,14410,卖盘
392,13:06:21,6.55,0.0,30,19650,卖盘
393,13:07:54,6.57,0.02,5,3285,买盘
394,13:09:10,6.55,-0.02,5,3275,卖盘
395,13:09:15,6.54,-0.01,356,233014,卖盘
396,13:09:30,6.54,0.0,50,32700,买盘
397,13:09:48,6.54,0.0,6,3924,买盘
398,13:09:51,6.54,0.0,49,32046,买盘
399,13:10:39,6.55,0.01,5,3275,卖盘
400,13:11:18,6.55,0.0,23,15065,卖盘
401,13:11:21,6.55,0.0,18,11790,卖盘
402,13:12:27,6.55,0.0,5,3275,买盘
403,13:12:48,6.55,0.0,24,15720,卖盘
404,13:14:48,6.54,-0.01,101,66054,卖盘
405,13:15:04,6.54,0.0,19,12426,买盘
406,13:15:51,6.54,0.0,66,43164,卖盘
407,13:15:57,6.54,0.0,52,34008,买盘
408,13:16:06,6.53,-0.01,40,26120,卖盘
409,13:16:15,6.53,0.0,41,26774,卖盘
410,13:16:24,6.53,0.0,40,26120,卖盘
411,13:16:30,6.53,0.0,40,26120,卖盘
412,13:16:45,6.53,0.0,20,13060,卖盘
413,13:17:48,6.54,0.01,3,1962,买盘
414,13:18:15,6.53,-0.01,10,6530,卖盘
415,13:18:21,6.53,0.0,80,52240,卖盘
416,13:18:30,6.53,0.0,93,60729,卖盘
417,13:18:42,6.52,-0.01,10,6520,卖盘
418,13:19:10,6.53,0.01,200,130600,买盘
419,13:19:36,6.52,-0.01,18,11736,卖盘
420,13:19:39,6.53,0.01,1,653,买盘
421,13:20:21,6.53,0.0,100,65300,买盘
422,13:20:30,6.53,0.0,5,3265,买盘
423,13:20:48,6.54,0.01,48,31392,买盘
424,13:20:51,6.53,-0.01,2,1306,卖盘
425,13:21:33,6.53,0.0,13,8489,卖盘
426,13:22:04,6.53,0.0,28,18284,买盘
427,13:22:36,6.54,0.01,25,16350,买盘
428,13:22:39,6.54,0.0,1,654,卖盘
429,13:23:09,6.54,0.0,10,6540,卖盘
430,13:24:15,6.54,0.0,34,22236,买盘
431,13:25:33,6.54,0.0,16,10464,卖盘
432,13:25:45,6.53,-0.01,50,32650,卖盘
433,13:25:51,6.54,0.01,9,5886,买盘
434,13:26:00,6.53,-0.01,3,1959,卖盘
435,13:26:27,6.53,0.0,30,19590,卖盘
436,13:26:57,6.53,0.0,2,1306,卖盘
437,13:27:12,6.52,-0.01,7,4564,卖盘
438,13:27:24,6.53,0.01,43,28079,买盘
439,13:27:43,6.53,0.0,30,19590,中性盘
440,13:28:06,6.53,0.0,50,32650,买盘
441,13:28:09,6.53,0.0,48,31344,买盘
442,13:28:18,6.53,0.0,28,18284,买盘
443,13:28:24,6.53,0.0,58,37874,买盘
444,13:28:31,6.53,0.0,63,41139,买盘
445,13:29:30,6.53,0.0,63,41139,卖盘
446,13:29:45,6.53,0.0,15,9795,卖盘
447,13:29:54,6.53,0.0,33,21549,买盘
448,13:31:51,6.54,0.01,45,29430,买盘
449,13:32:15,6.53,-0.01,10,6530,卖盘
450,13:32:21,6.53,0.0,2,1306,卖盘
451,13:32:57,6.53,0.0,2,1306,卖盘
452,13:33:12,6.53,0.0,8,5224,卖盘
453,13:33:33,6.53,0.0,156,101868,卖盘
454,13:33:48,6.53,0.0,1,653,买盘
455,13:33:51,6.52,-0.01,10,6520,卖盘
456,13:34:57,6.52,0.0,29,18908,卖盘
457,13:35:15,6.52,0.0,200,130400,卖盘
458,13:35:18,6.52,0.0,48,31296,卖盘
459,13:35:21,6.52,0.0,284,185168,卖盘
460,13:35:45,6.51,-0.01,7,4557,卖盘
461,13:36:06,6.51,0.0,19,12369,卖盘
462,13:36:18,6.51,0.0,50,32550,卖盘
463,13:36:43,6.51,0.0,5,3255,卖盘
464,13:36:57,6.51,0.0,20,13020,卖盘
465,13:37:54,6.51,0.0,4,2539,卖盘
466,13:38:36,6.5,-0.01,100,65000,卖盘
467,13:38:45,6.5,0.0,58,37700,卖盘
468,13:38:48,6.5,0.0,65,42250,卖盘
469,13:39:04,6.5,0.0,33,21450,卖盘
470,13:39:06,6.5,0.0,50,32500,卖盘
471,13:39:09,6.5,0.0,47,30550,卖盘
472,13:39:28,6.5,0.0,38,24700,买盘
473,13:40:06,6.51,0.01,56,36521,买盘
474,13:40:24,6.51,0.0,238,154873,卖盘
475,13:40:33,6.5,-0.01,5,3250,卖盘
476,13:40:49,6.5,0.0,29,18850,卖盘
477,13:41:30,6.49,-0.01,4,2596,卖盘
478,13:41:48,6.49,0.0,11,7139,卖盘
479,13:42:00,6.5,0.01,98,63700,买盘
480,13:42:06,6.49,-0.01,60,38940,卖盘
481,13:43:12,6.5,0.01,50,32500,买盘
482,13:43:16,6.49,-0.01,50,32450,卖盘
483,13:43:54,6.5,0.01,20,13000,买盘
484,13:43:58,6.5,0.0,46,29900,买盘
485,13:44:04,6.49,-0.01,86,55818,卖盘
486,13:44:09,6.49,0.0,14,9086,买盘
487,13:45:06,6.49,0.0,18,11682,卖盘
488,13:45:24,6.49,0.0,10,6490,卖盘
489,13:45:39,6.49,0.0,10,6490,卖盘
490,13:46:31,6.5,0.01,119,77350,买盘
491,13:47:54,6.5,0.0,95,61830,卖盘
492,13:48:18,6.5,0.0,18,11700,卖盘
493,13:48:33,6.5,0.0,39,25350,卖盘
494,13:48:57,6.5,0.0,11,7150,买盘
495,13:49:04,6.5,0.0,5,3250,买盘
496,13:49:42,6.5,0.0,16,10400,卖盘
497,13:49:45,6.5,0.0,10,6500,卖盘
498,13:49:48,6.5,0.0,15,9750,卖盘
499,13:49:57,6.5,0.0,12,7800,买盘
500,13:50:12,6.51,0.01,2,1302,买盘
501,13:50:18,6.5,-0.01,50,32500,卖盘
502,13:51:39,6.5,0.0,30,19500,卖盘
503,13:51:48,6.5,0.0,38,24700,买盘
504,13:52:15,6.5,0.0,5,3250,卖盘
505,13:52:45,6.5,0.0,14,9100,买盘
506,13:52:51,6.5,0.0,10,6500,买盘
507,13:53:21,6.5,0.0,5,3250,买盘
508,13:53:36,6.5,0.0,1,650,买盘
509,13:54:15,6.5,0.0,50,32500,卖盘
510,13:54:27,6.5,0.0,5,3250,卖盘
511,13:55:09,6.51,0.01,48,31248,买盘
512,13:55:33,6.51,0.0,15,9765,买盘
513,13:55:43,6.5,-0.01,30,19500,卖盘
514,13:55:54,6.51,0.01,13,8463,买盘
515,13:56:06,6.5,-0.01,19,12350,卖盘
516,13:56:18,6.5,0.0,80,52000,买盘
517,13:56:39,6.5,0.0,1,650,买盘
518,13:57:57,6.49,-0.01,75,48675,卖盘
519,13:58:15,6.5,0.01,81,52650,买盘
520,13:58:51,6.5,0.0,19,12350,买盘
521,13:58:54,6.49,-0.01,5,3245,卖盘
522,13:59:27,6.5,0.01,80,51960,买盘
523,13:59:30,6.49,-0.01,10,6490,卖盘
524,13:59:33,6.5,0.01,104,67600,买盘
525,13:59:36,6.5,0.0,15,9750,买盘
526,13:59:52,6.5,0.0,200,130000,买盘
527,14:00:07,6.5,0.0,46,29900,买盘
528,14:00:10,6.49,-0.01,20,12980,卖盘
529,14:00:30,6.49,0.0,10,6490,卖盘
530,14:00:33,6.49,0.0,100,64900,卖盘
531,14:00:36,6.49,0.0,18,11682,卖盘
532,14:00:42,6.49,0.0,11,7139,买盘
533,14:00:48,6.48,-0.01,1,648,卖盘
534,14:00:55,6.48,0.0,18,11664,卖盘
535,14:01:04,6.48,0.0,19,12312,卖盘
536,14:01:07,6.49,0.01,5,3245,买盘
537,14:01:27,6.49,0.0,106,68698,买盘
538,14:01:48,6.48,-0.01,24,15552,卖盘
539,14:01:51,6.48,0.0,238,154224,卖盘
540,14:01:54,6.48,0.0,36,23328,卖盘
541,14:02:51,6.48,0.0,35,22680,买盘
542,14:02:54,6.47,-0.01,48,31111,卖盘
543,14:03:09,6.49,0.02,112,72688,买盘
544,14:03:33,6.49,0.0,50,32450,卖盘
545,14:03:52,6.47,-0.02,54,35294,卖盘
546,14:04:04,6.47,0.0,46,29406,买盘
547,14:04:48,6.47,0.0,10,6470,卖盘
548,14:05:12,6.48,0.01,17,11016,买盘
549,14:06:24,6.49,0.01,40,25960,买盘
550,14:06:51,6.48,-0.01,28,18152,卖盘
551,14:07:27,6.49,0.01,33,21417,买盘
552,14:07:45,6.49,0.0,12,7788,卖盘
553,14:08:00,6.49,0.0,71,46079,卖盘
554,14:08:48,6.48,-0.01,14,9072,卖盘
555,14:09:36,6.5,0.02,2,1300,买盘
556,14:09:45,6.48,-0.02,100,64800,卖盘
557,14:09:57,6.5,0.02,1,650,买盘
558,14:12:12,6.5,0.0,17,11050,买盘
559,14:12:15,6.49,-0.01,3,1947,卖盘
560,14:12:27,6.49,0.0,10,6490,卖盘
561,14:13:36,6.5,0.01,1,650,买盘
562,14:13:42,6.5,0.0,1,650,买盘
563,14:13:45,6.5,0.0,152,98800,买盘
564,14:14:15,6.5,0.0,50,32500,卖盘
565,14:14:18,6.51,0.01,211,137361,买盘
566,14:14:21,6.5,-0.01,16,10400,卖盘
567,14:14:27,6.5,0.0,100,65000,买盘
568,14:14:33,6.5,0.0,10,6500,买盘
569,14:15:39,6.5,0.0,65,42250,买盘
570,14:15:52,6.5,0.0,15,9750,买盘
571,14:15:57,6.5,0.0,93,60450,买盘
572,14:16:06,6.5,0.0,7,4550,卖盘
573,14:17:24,6.51,0.01,1,651,买盘
574,14:17:52,6.49,-0.02,7,4548,卖盘
575,14:18:09,6.5,0.01,46,29900,中性盘
576,14:18:30,6.5,0.0,7,4550,买盘
577,14:18:33,6.51,0.01,7,4557,买盘
578,14:18:51,6.51,0.0,4,2604,买盘
579,14:19:18,6.51,0.0,382,248682,买盘
580,14:19:21,6.51,0.0,39,25454,买盘
581,14:20:09,6.52,0.01,5,3260,卖盘
582,14:20:33,6.53,0.01,101,65953,买盘
583,14:20:49,6.56,0.03,81,53120,买盘
584,14:20:57,6.56,0.0,50,32800,卖盘
585,14:21:21,6.56,0.0,77,50512,卖盘
586,14:22:27,6.55,-0.01,8,5240,买盘
587,14:22:57,6.54,-0.01,30,19620,卖盘
588,14:23:22,6.54,0.0,5,3270,卖盘
589,14:23:36,6.54,0.0,3,1962,卖盘
590,14:24:00,6.54,0.0,50,32700,卖盘
591,14:24:27,6.53,-0.01,200,130607,卖盘
592,14:24:48,6.55,0.02,1,655,买盘
593,14:25:21,6.54,-0.01,10,6540,中性盘
594,14:26:09,6.53,-0.01,6,3918,卖盘
595,14:26:22,6.53,0.0,21,13713,买盘
596,14:28:18,6.54,0.01,122,79773,买盘
597,14:29:30,6.54,0.0,142,92868,卖盘
598,14:29:57,6.54,0.0,1,654,卖盘
599,14:30:00,6.54,0.0,35,22890,卖盘
600,14:30:21,6.52,-0.02,30,19560,卖盘
601,14:30:28,6.52,0.0,12,7824,卖盘
602,14:30:30,6.52,0.0,9,5868,卖盘
603,14:30:51,6.52,0.0,40,26080,卖盘
604,14:31:04,6.52,0.0,1,652,卖盘
605,14:31:12,6.53,0.01,53,34609,买盘
606,14:32:57,6.52,-0.01,51,33252,卖盘
607,14:33:01,6.52,0.0,125,81500,买盘
608,14:33:19,6.52,0.0,10,6520,买盘
609,14:33:27,6.52,0.0,43,28036,买盘
610,14:33:51,6.52,0.0,6,3912,卖盘
611,14:34:51,6.53,0.01,126,82278,买盘
612,14:35:09,6.55,0.02,1,655,买盘
613,14:38:21,6.55,0.0,5,3275,买盘
614,14:38:49,6.54,-0.01,10,6540,买盘
615,14:39:27,6.52,-0.02,123,80226,卖盘
616,14:39:48,6.55,0.03,207,135497,买盘
617,14:39:57,6.55,0.0,176,115280,卖盘
618,14:40:06,6.55,0.0,106,69430,卖盘
619,14:40:18,6.56,0.01,52,34112,买盘
620,14:40:24,6.56,0.0,33,21648,卖盘
621,14:40:36,6.56,0.0,22,14432,买盘
622,14:40:48,6.55,-0.01,1,655,卖盘
623,14:41:09,6.56,0.01,5,3280,买盘
624,14:42:18,6.53,-0.03,20,13060,卖盘
625,14:42:45,6.56,0.03,5,3280,买盘
626,14:42:51,6.56,0.0,2,1312,买盘
627,14:43:07,6.56,0.0,74,48524,买盘
628,14:43:09,6.54,-0.02,1,654,卖盘
629,14:44:24,6.54,0.0,10,6540,卖盘
630,14:44:39,6.54,0.0,10,6540,卖盘
631,14:45:36,6.54,0.0,8,5232,卖盘
632,14:46:07,6.54,0.0,10,6540,买盘
633,14:46:12,6.54,0.0,16,10464,买盘
634,14:46:33,6.54,0.0,10,6540,卖盘
635,14:46:36,6.54,0.0,16,10464,卖盘
636,14:46:40,6.54,0.0,13,8502,卖盘
637,14:47:24,6.55,0.01,215,140788,买盘
638,14:47:45,6.55,0.0,4,2620,卖盘
639,14:47:51,6.55,0.0,50,32750,卖盘
640,14:48:00,6.56,0.01,43,28207,买盘
641,14:48:21,6.56,0.0,10,6560,买盘
642,14:48:33,6.55,-0.01,15,9825,卖盘
643,14:48:39,6.56,0.01,163,106928,买盘
644,14:48:48,6.55,-0.01,7,4585,卖盘
645,14:48:52,6.55,0.0,14,9170,卖盘
646,14:49:12,6.56,0.01,20,13120,买盘
647,14:49:34,6.56,0.0,10,6560,买盘
648,14:50:42,6.55,-0.01,1,655,卖盘
649,14:50:46,6.56,0.01,83,54398,买盘
650,14:50:57,6.56,0.0,7,4592,买盘
651,14:51:09,6.55,-0.01,200,131000,卖盘
652,14:51:15,6.55,0.0,80,52400,卖盘
653,14:51:21,6.55,0.0,4,2620,卖盘
654,14:51:39,6.55,0.0,25,16375,买盘
655,14:52:12,6.53,-0.02,10,6530,卖盘
656,14:52:34,6.53,0.0,5,3265,卖盘
657,14:52:45,6.53,0.0,1,653,卖盘
658,14:52:54,6.53,0.0,10,6530,卖盘
659,14:53:01,6.53,0.0,1,653,卖盘
660,14:53:39,6.53,0.0,5,3265,卖盘
661,14:54:27,6.53,0.0,24,15672,卖盘
662,14:55:06,6.53,0.0,38,24814,卖盘
663,14:55:10,6.53,0.0,13,8489,买盘
664,14:55:24,6.53,0.0,3,1959,买盘
665,14:55:30,6.53,0.0,2,1306,买盘
666,14:55:45,6.52,-0.01,10,6520,卖盘
667,14:55:54,6.53,0.01,3,1959,买盘
668,14:56:04,6.53,0.0,20,13060,买盘
669,14:56:09,6.52,-0.01,3,1956,卖盘
670,14:56:39,6.53,0.01,30,19590,买盘
671,14:56:49,6.53,0.0,58,37874,卖盘
672,15:00:04,6.52,-0.01,160,104320,卖盘
