,time,price,change,volume,amount,type
0,09:25:04,4.88,-0.03,434,211792,卖盘
1,09:30:00,4.88,0.0,51,24888,卖盘
2,09:30:04,4.89,0.01,292,142784,买盘
3,09:30:07,4.9,0.01,57,27850,买盘
4,09:30:10,4.88,-0.02,22,10745,卖盘
5,09:30:13,4.89,0.01,12,5858,买盘
6,09:30:19,4.88,-0.01,2,976,卖盘
7,09:30:22,4.89,0.01,2,978,买盘
8,09:30:25,4.89,0.0,33,16129,买盘
9,09:30:27,4.89,0.0,14,6846,买盘
10,09:30:31,4.9,0.01,19,9291,买盘
11,09:30:33,4.88,-0.02,63,30767,卖盘
12,09:30:40,4.88,0.0,6,2929,卖盘
13,09:30:45,4.89,0.01,13,6367,卖盘
14,09:30:48,4.9,0.01,3,1468,买盘
15,09:30:55,4.89,-0.01,57,27873,卖盘
16,09:31:06,4.9,0.01,11,5390,买盘
17,09:31:10,4.89,-0.01,82,40176,卖盘
18,09:31:13,4.9,0.01,4,1960,买盘
19,09:31:16,4.9,0.0,23,11270,买盘
20,09:31:21,4.9,0.0,7,3430,卖盘
21,09:31:28,4.91,0.01,11,5401,买盘
22,09:31:33,4.9,-0.01,4,1960,卖盘
23,09:31:36,4.91,0.01,2,982,买盘
24,09:31:39,4.91,0.0,12,5882,买盘
25,09:31:46,4.9,-0.01,10,4900,卖盘
26,09:31:49,4.9,0.0,19,9321,卖盘
27,09:31:52,4.91,0.01,4,1964,买盘
28,09:31:57,4.9,-0.01,20,9800,卖盘
29,09:32:01,4.91,0.01,102,50082,买盘
30,09:32:04,4.9,-0.01,133,65170,卖盘
31,09:32:07,4.9,0.0,11,5390,买盘
32,09:32:10,4.9,0.0,24,11760,买盘
33,09:32:13,4.9,0.0,70,34300,买盘
34,09:32:15,4.9,0.0,27,13230,买盘
35,09:32:19,4.9,0.0,118,57748,买盘
36,09:32:22,4.9,0.0,18,8820,买盘
37,09:32:24,4.9,0.0,16,7840,买盘
38,09:32:28,4.91,0.01,20,9820,买盘
39,09:32:31,4.91,0.0,22,10802,买盘
40,09:32:36,4.9,-0.01,74,36260,卖盘
41,09:32:43,4.91,0.01,29,14239,买盘
42,09:32:45,4.9,-0.01,2,980,卖盘
43,09:32:49,4.9,0.0,16,7851,卖盘
44,09:32:52,4.91,0.01,3,1471,买盘
45,09:32:55,4.91,0.0,1,491,买盘
46,09:33:00,4.91,0.0,1,491,买盘
47,09:33:04,4.9,-0.01,6,2942,卖盘
48,09:33:07,4.9,0.0,14,6860,卖盘
49,09:33:10,4.9,0.0,21,10312,卖盘
50,09:33:13,4.9,0.0,4,1960,卖盘
51,09:33:19,4.9,0.0,4,1960,卖盘
52,09:33:22,4.91,0.01,8,3921,买盘
53,09:33:25,4.91,0.0,5,2455,买盘
54,09:33:28,4.91,0.0,15,7365,买盘
55,09:33:30,4.9,-0.01,7,3430,卖盘
56,09:33:34,4.9,0.0,3,1470,卖盘
57,09:33:37,4.91,0.01,27,13251,买盘
58,09:33:46,4.9,-0.01,27,13230,卖盘
59,09:33:49,4.91,0.01,11,5401,买盘
60,09:33:52,4.9,-0.01,9,4410,卖盘
61,09:34:04,4.91,0.01,22,10799,买盘
62,09:34:10,4.91,0.0,11,5401,买盘
63,09:34:25,4.9,-0.01,10,4900,卖盘
64,09:34:27,4.91,0.01,11,5401,买盘
65,09:34:34,4.91,0.0,4,1964,买盘
66,09:34:37,4.9,-0.01,3,1470,卖盘
67,09:34:49,4.91,0.01,11,5401,买盘
68,09:34:52,4.91,0.0,36,17676,买盘
69,09:34:55,4.91,0.0,34,16670,买盘
70,09:35:13,4.91,0.0,11,5401,买盘
71,09:35:15,4.9,-0.01,4,1960,卖盘
72,09:35:27,4.91,0.01,14,6874,买盘
73,09:35:30,4.91,0.0,23,11293,卖盘
74,09:35:34,4.92,0.01,12,5904,买盘
75,09:35:36,4.91,-0.01,120,58920,卖盘
76,09:35:40,4.91,0.0,48,23568,卖盘
77,09:35:43,4.91,0.0,402,197382,卖盘
78,09:35:46,4.91,0.0,288,141408,卖盘
79,09:35:48,4.91,0.0,114,55974,卖盘
80,09:35:55,4.91,0.0,10,4910,买盘
81,09:35:58,4.9,-0.01,29,14210,卖盘
82,09:36:04,4.9,0.0,1,490,卖盘
83,09:36:07,4.9,0.0,21,10310,卖盘
84,09:36:19,4.9,0.0,1,490,卖盘
85,09:36:22,4.91,0.01,12,5892,买盘
86,09:36:28,4.91,0.0,25,12275,买盘
87,09:36:33,4.91,0.0,42,20622,买盘
88,09:36:37,4.9,-0.01,1,490,卖盘
89,09:36:40,4.91,0.01,12,5892,买盘
90,09:36:43,4.91,0.0,44,21601,买盘
91,09:36:49,4.91,0.0,3,1473,卖盘
92,09:36:54,4.92,0.01,12,5904,买盘
93,09:36:57,4.91,-0.01,3,1473,卖盘
94,09:37:01,4.91,0.0,40,19640,卖盘
95,09:37:07,4.91,0.0,40,19640,卖盘
96,09:37:16,4.92,0.01,10,4920,买盘
97,09:37:19,4.91,-0.01,1,491,卖盘
98,09:37:37,4.91,0.0,1,491,卖盘
99,09:37:48,4.91,0.0,34,16694,卖盘
100,09:37:54,4.91,0.0,26,12766,买盘
101,09:37:58,4.91,0.0,6,2946,买盘
102,09:38:01,4.92,0.01,28,13776,买盘
103,09:38:13,4.92,0.0,184,90528,买盘
104,09:38:19,4.93,0.01,12,5916,买盘
105,09:38:34,4.93,0.0,3,1479,买盘
106,09:38:37,4.93,0.0,10,4930,买盘
107,09:38:40,4.93,0.0,1,493,买盘
108,09:38:43,4.93,0.0,19,9367,买盘
109,09:38:54,4.93,0.0,19,9367,买盘
110,09:39:01,4.93,0.0,50,24650,买盘
111,09:39:04,4.92,-0.01,10,4920,卖盘
112,09:39:06,4.93,0.01,110,54130,买盘
113,09:39:10,4.93,0.0,8,3944,买盘
114,09:39:13,4.93,0.0,7,3451,买盘
115,09:39:19,4.92,-0.01,235,115620,卖盘
116,09:39:22,4.92,0.0,33,16236,买盘
117,09:39:27,4.91,-0.01,11,5401,卖盘
118,09:39:31,4.92,0.01,11,5412,买盘
119,09:39:34,4.91,-0.01,58,28478,卖盘
120,09:39:37,4.91,0.0,4,1964,卖盘
121,09:39:40,4.92,0.01,72,35424,买盘
122,09:39:49,4.92,0.0,5,2460,买盘
123,09:39:52,4.91,-0.01,4,1964,卖盘
124,09:39:55,4.91,0.0,2,982,卖盘
125,09:40:01,4.92,0.01,12,5904,买盘
126,09:40:06,4.91,-0.01,34,16694,卖盘
127,09:40:10,4.92,0.01,110,54120,买盘
128,09:40:13,4.91,-0.01,7,3437,卖盘
129,09:40:19,4.92,0.01,17,8364,买盘
130,09:40:22,4.91,-0.01,118,58042,卖盘
131,09:40:28,4.91,0.0,6,2946,卖盘
132,09:40:34,4.91,0.0,1,491,卖盘
133,09:40:37,4.92,0.01,5,2460,买盘
134,09:40:40,4.92,0.0,11,5412,买盘
135,09:40:58,4.92,0.0,12,5904,买盘
136,09:41:06,4.91,-0.01,2,982,卖盘
137,09:41:19,4.92,0.01,5,2460,买盘
138,09:41:33,4.91,-0.01,1,491,卖盘
139,09:41:37,4.92,0.01,4,1968,买盘
140,09:41:40,4.92,0.0,29,14268,买盘
141,09:42:28,4.91,-0.01,7,3437,卖盘
142,09:42:30,4.91,0.0,52,25532,卖盘
143,09:42:36,4.92,0.01,263,129138,买盘
144,09:42:40,4.91,-0.01,2,982,卖盘
145,09:42:43,4.91,0.0,10,4910,卖盘
146,09:42:46,4.91,0.0,113,55483,卖盘
147,09:42:55,4.9,-0.01,18,8833,卖盘
148,09:43:01,4.9,0.0,57,27930,卖盘
149,09:43:10,4.91,0.01,4,1964,买盘
150,09:43:30,4.91,0.0,136,66776,买盘
151,09:43:34,4.91,0.0,30,14730,卖盘
152,09:43:37,4.92,0.01,5,2460,买盘
153,09:43:40,4.91,-0.01,24,11784,卖盘
154,09:43:55,4.91,0.0,4,1964,卖盘
155,09:44:04,4.91,0.0,11,5401,卖盘
156,09:44:07,4.91,0.0,1,491,卖盘
157,09:44:12,4.91,0.0,49,24059,卖盘
158,09:44:15,4.91,0.0,54,26519,卖盘
159,09:44:19,4.91,0.0,13,6383,卖盘
160,09:44:34,4.91,0.0,4,1964,卖盘
161,09:44:36,4.91,0.0,75,36825,卖盘
162,09:44:40,4.92,0.01,1,492,买盘
163,09:44:46,4.92,0.0,179,88068,买盘
164,09:44:51,4.92,0.0,29,14268,买盘
165,09:44:54,4.91,-0.01,1,491,卖盘
166,09:45:01,4.92,0.01,27,13284,买盘
167,09:45:04,4.92,0.0,21,10319,买盘
168,09:45:10,4.92,0.0,35,17220,买盘
169,09:45:13,4.92,0.0,57,28044,买盘
170,09:45:16,4.92,0.0,242,119064,买盘
171,09:45:19,4.92,0.0,7,3444,买盘
172,09:45:21,4.92,0.0,10,4920,买盘
173,09:45:25,4.92,0.0,5,2460,买盘
174,09:45:37,4.92,0.0,20,9840,买盘
175,09:45:43,4.92,0.0,2,984,买盘
176,09:45:49,4.92,0.0,5,2460,买盘
177,09:46:01,4.92,0.0,21,10332,买盘
178,09:46:09,4.92,0.0,4,1968,买盘
179,09:46:36,4.92,0.0,9,4428,买盘
180,09:46:52,4.92,0.0,10,4920,买盘
181,09:47:12,4.92,0.0,12,5904,买盘
182,09:47:22,4.92,0.0,5,2460,买盘
183,09:47:36,4.92,0.0,4,1968,买盘
184,09:47:46,4.92,0.0,11,5411,买盘
185,09:47:48,4.92,0.0,5,2460,买盘
186,09:47:52,4.92,0.0,21,10332,买盘
187,09:47:55,4.91,-0.01,59,28969,卖盘
188,09:47:58,4.92,0.01,26,12792,买盘
189,09:48:00,4.92,0.0,25,12300,买盘
190,09:48:06,4.92,0.0,7,3444,买盘
191,09:48:10,4.92,0.0,71,34932,买盘
192,09:48:13,4.92,0.0,8,3936,卖盘
193,09:48:21,4.93,0.01,101,49793,买盘
194,09:48:25,4.93,0.0,50,24605,买盘
195,09:48:37,4.92,-0.01,9,4428,卖盘
196,09:48:43,4.93,0.01,7,3451,买盘
197,09:48:46,4.93,0.0,18,8874,买盘
198,09:48:49,4.92,-0.01,1,492,卖盘
199,09:48:52,4.93,0.01,1,493,买盘
200,09:48:55,4.93,0.0,5,2465,买盘
201,09:49:04,4.93,0.0,41,20213,买盘
202,09:49:19,4.93,0.0,4,1972,买盘
203,09:49:36,4.93,0.0,5,2465,买盘
204,09:49:49,4.93,0.0,5,2465,买盘
205,09:49:52,4.93,0.0,20,9860,买盘
206,09:50:04,4.92,-0.01,2,984,卖盘
207,09:50:13,4.93,0.01,20,9860,买盘
208,09:50:19,4.93,0.0,380,187340,买盘
209,09:50:25,4.93,0.0,135,66555,卖盘
210,09:50:28,4.93,0.0,24,11832,卖盘
211,09:50:31,4.93,0.0,23,11339,卖盘
212,09:50:34,4.93,0.0,34,16762,卖盘
213,09:50:36,4.94,0.01,42,20710,买盘
214,09:50:39,4.93,-0.01,11,5423,卖盘
215,09:50:43,4.93,0.0,4,1972,卖盘
216,09:50:46,4.93,0.0,4,1972,卖盘
217,09:50:49,4.93,0.0,406,200158,卖盘
218,09:51:00,4.92,-0.01,35,17220,卖盘
219,09:51:15,4.92,0.0,7,3444,卖盘
220,09:51:19,4.93,0.01,5,2465,买盘
221,09:51:28,4.93,0.0,5,2465,买盘
222,09:51:40,4.93,0.0,7,3451,买盘
223,09:51:46,4.93,0.0,5,2465,买盘
224,09:51:52,4.92,-0.01,95,46745,卖盘
225,09:51:58,4.92,0.0,5,2460,卖盘
226,09:52:07,4.93,0.01,4,1972,买盘
227,09:52:10,4.93,0.0,85,41905,买盘
228,09:52:22,4.93,0.0,5,2465,买盘
229,09:52:52,4.93,0.0,13,6409,买盘
230,09:52:54,4.93,0.0,4,1972,买盘
231,09:53:07,4.92,-0.01,4,1968,卖盘
232,09:53:19,4.93,0.01,13,6401,买盘
233,09:53:24,4.93,0.0,37,18241,买盘
234,09:53:27,4.92,-0.01,2,984,卖盘
235,09:53:40,4.92,0.0,4,1968,卖盘
236,09:53:42,4.92,0.0,1,492,卖盘
237,09:53:48,4.92,0.0,4,1968,卖盘
238,09:53:52,4.93,0.01,9,4433,买盘
239,09:53:55,4.92,-0.01,50,24600,卖盘
240,09:54:04,4.92,0.0,26,12792,卖盘
241,09:54:10,4.93,0.01,4,1972,买盘
242,09:54:31,4.92,-0.01,50,24600,卖盘
243,09:54:46,4.92,0.0,31,15253,卖盘
244,09:54:48,4.93,0.01,5,2465,买盘
245,09:54:55,4.93,0.0,15,7395,买盘
246,09:55:00,4.92,-0.01,30,14760,卖盘
247,09:55:07,4.93,0.01,6,2958,买盘
248,09:55:21,4.93,0.0,30,14790,买盘
249,09:55:28,4.92,-0.01,139,68388,卖盘
250,09:55:37,4.93,0.01,1,493,买盘
251,09:55:40,4.92,-0.01,31,15252,卖盘
252,09:55:46,4.92,0.0,92,45264,卖盘
253,09:55:48,4.91,-0.01,3,1473,卖盘
254,09:55:51,4.91,0.0,3,1473,卖盘
255,09:55:55,4.93,0.02,4,1972,买盘
256,09:56:07,4.93,0.0,1,493,买盘
257,09:56:18,4.91,-0.02,54,26532,卖盘
258,09:56:22,4.92,0.01,5,2460,买盘
259,09:56:34,4.91,-0.01,14,6874,卖盘
260,09:56:36,4.92,0.01,1,492,买盘
261,09:56:49,4.92,0.0,5,2460,买盘
262,09:57:04,4.91,-0.01,15,7365,卖盘
263,09:57:10,4.91,0.0,24,11788,卖盘
264,09:57:21,4.91,0.0,16,7856,卖盘
265,09:57:24,4.91,0.0,73,35843,卖盘
266,09:57:28,4.92,0.01,80,39360,买盘
267,09:57:34,4.92,0.0,12,5904,买盘
268,09:57:43,4.92,0.0,5,2460,买盘
269,09:57:58,4.92,0.0,13,6396,买盘
270,09:58:01,4.92,0.0,14,6888,买盘
271,09:58:09,4.92,0.0,5,2460,买盘
272,09:58:12,4.92,0.0,13,6396,买盘
273,09:58:49,4.93,0.01,4,1972,买盘
274,09:59:12,4.93,0.0,25,12325,买盘
275,09:59:22,4.92,-0.01,1,492,卖盘
276,09:59:25,4.92,0.0,11,5412,卖盘
277,09:59:28,4.93,0.01,6,2958,买盘
278,09:59:39,4.93,0.0,100,49300,买盘
279,10:00:04,4.92,-0.01,46,22632,卖盘
280,10:00:09,4.93,0.01,5,2465,买盘
281,10:00:21,4.92,-0.01,1,492,卖盘
282,10:00:24,4.93,0.01,1,493,买盘
283,10:00:31,4.93,0.0,1,493,买盘
284,10:00:40,4.92,-0.01,6,3276,卖盘
285,10:00:57,4.92,0.0,23,11316,卖盘
286,10:01:04,4.92,0.0,7,3444,卖盘
287,10:01:06,4.93,0.01,5,2465,买盘
288,10:01:10,4.92,-0.01,21,10332,卖盘
289,10:01:25,4.93,0.01,60,29578,买盘
290,10:01:27,4.92,-0.01,4,1968,卖盘
291,10:01:40,4.93,0.01,7,3451,买盘
292,10:01:51,4.92,-0.01,1,492,卖盘
293,10:01:54,4.92,0.0,4,1968,卖盘
294,10:02:04,4.92,0.0,7,3444,卖盘
295,10:02:09,4.93,0.01,66,32476,买盘
296,10:02:28,4.92,-0.01,5,2460,卖盘
297,10:02:39,4.93,0.01,5,2465,买盘
298,10:02:55,4.92,-0.01,4,1968,卖盘
299,10:02:57,4.93,0.01,12,5916,买盘
300,10:03:00,4.92,-0.01,60,29520,卖盘
301,10:03:04,4.92,0.0,8,3936,卖盘
302,10:03:06,4.93,0.01,7,3449,买盘
303,10:03:10,4.92,-0.01,8,3936,卖盘
304,10:03:13,4.92,0.0,4,1968,卖盘
305,10:03:15,4.92,0.0,10,4920,卖盘
306,10:03:36,4.93,0.01,4,1972,买盘
307,10:03:39,4.93,0.0,21,10353,买盘
308,10:03:57,4.93,0.0,1,493,买盘
309,10:04:07,4.92,-0.01,7,3449,卖盘
310,10:04:15,4.92,0.0,7,3444,卖盘
311,10:04:27,4.92,0.0,2,984,卖盘
312,10:04:36,4.93,0.01,5,2465,买盘
313,10:05:04,4.92,-0.01,46,22632,卖盘
314,10:05:10,4.93,0.01,5,2465,买盘
315,10:05:12,4.92,-0.01,2,984,卖盘
316,10:05:18,4.93,0.01,13,6409,买盘
317,10:05:31,4.92,-0.01,75,36900,卖盘
318,10:05:34,4.92,0.0,1,492,卖盘
319,10:05:37,4.93,0.01,1,493,买盘
320,10:05:39,4.93,0.0,4,1972,买盘
321,10:06:07,4.93,0.0,2,986,买盘
322,10:06:09,4.93,0.0,5,2465,买盘
323,10:06:15,4.92,-0.01,3,1476,卖盘
324,10:06:21,4.92,0.0,94,46248,卖盘
325,10:06:25,4.92,0.0,171,83812,卖盘
326,10:06:27,4.92,0.0,17,8348,买盘
327,10:06:42,4.92,0.0,5,2460,买盘
328,10:06:54,4.91,-0.01,107,52537,卖盘
329,10:07:04,4.91,0.0,8,3928,卖盘
330,10:07:07,4.91,0.0,4,1964,卖盘
331,10:07:12,4.92,0.01,4,1968,买盘
332,10:07:21,4.92,0.0,1,492,买盘
333,10:07:27,4.91,-0.01,5,2455,卖盘
334,10:07:40,4.91,0.0,1,491,卖盘
335,10:07:43,4.91,0.0,21,10316,卖盘
336,10:07:45,4.92,0.01,54,26560,买盘
337,10:07:57,4.91,-0.01,2,982,卖盘
338,10:08:04,4.91,0.0,7,3437,卖盘
339,10:08:09,4.92,0.01,5,2460,买盘
340,10:08:12,4.91,-0.01,23,11293,卖盘
341,10:08:27,4.92,0.01,1,492,买盘
342,10:08:36,4.91,-0.01,4,1964,卖盘
343,10:08:39,4.92,0.01,4,1968,买盘
344,10:08:52,4.91,-0.01,20,9820,卖盘
345,10:08:54,4.91,0.0,60,29460,卖盘
346,10:08:57,4.91,0.0,10,4910,卖盘
347,10:09:03,4.91,0.0,12,5892,卖盘
348,10:09:07,4.92,0.01,1,492,买盘
349,10:09:09,4.92,0.0,5,2460,买盘
350,10:09:30,4.91,-0.01,7,3437,卖盘
351,10:09:39,4.91,0.0,580,284780,卖盘
352,10:09:42,4.9,-0.01,31,15190,卖盘
353,10:09:48,4.9,0.0,3,1470,卖盘
354,10:10:00,4.9,0.0,9,4415,卖盘
355,10:10:04,4.9,0.0,53,25970,卖盘
356,10:10:06,4.9,0.0,57,27930,卖盘
357,10:10:10,4.9,0.0,9,4410,卖盘
358,10:10:12,4.9,0.0,2,980,卖盘
359,10:10:15,4.9,0.0,34,16660,卖盘
360,10:10:24,4.9,0.0,32,15693,卖盘
361,10:10:31,4.91,0.01,4,1964,买盘
362,10:10:42,4.9,-0.01,6,2940,卖盘
363,10:10:46,4.9,0.0,4,1960,卖盘
364,10:10:49,4.9,0.0,278,136470,卖盘
365,10:10:52,4.9,0.0,18,8820,卖盘
366,10:10:58,4.9,0.0,5,2450,卖盘
367,10:11:00,4.91,0.01,7,3435,买盘
368,10:11:04,4.9,-0.01,1,490,卖盘
369,10:11:12,4.91,0.01,7,3437,买盘
370,10:11:16,4.91,0.0,1,491,买盘
371,10:11:18,4.91,0.0,1,491,买盘
372,10:11:24,4.91,0.0,1,491,买盘
373,10:11:27,4.91,0.0,20,9918,买盘
374,10:11:33,4.92,0.01,5,2460,买盘
375,10:11:42,4.91,-0.01,1,393,买盘
376,10:11:45,4.91,0.0,10,4910,买盘
377,10:11:49,4.91,0.0,4,1964,买盘
378,10:11:51,4.91,0.0,1,491,买盘
379,10:12:00,4.91,0.0,24,11784,买盘
380,10:12:04,4.91,0.0,57,27987,买盘
381,10:12:07,4.91,0.0,42,20614,买盘
382,10:12:09,4.91,0.0,34,16694,买盘
383,10:12:12,4.91,0.0,46,22586,买盘
384,10:12:15,4.91,0.0,3,1571,买盘
385,10:12:33,4.92,0.01,24,11788,买盘
386,10:12:36,4.91,-0.01,8,3928,卖盘
387,10:12:52,4.91,0.0,34,16596,卖盘
388,10:12:54,4.91,0.0,1,491,买盘
389,10:13:15,4.9,-0.01,10,4900,卖盘
390,10:13:37,4.9,0.0,4,1960,卖盘
391,10:13:52,4.9,0.0,3,1470,卖盘
392,10:13:57,4.91,0.01,120,58920,买盘
393,10:14:00,4.9,-0.01,19,9310,卖盘
394,10:14:03,4.9,0.0,8,3920,卖盘
395,10:14:24,4.91,0.01,63,30933,买盘
396,10:14:28,4.91,0.0,6,2946,卖盘
397,10:14:36,4.91,0.0,533,261728,卖盘
398,10:14:48,4.91,0.0,23,11293,买盘
399,10:14:58,4.91,0.0,10,4910,买盘
400,10:15:01,4.91,0.0,4,1964,买盘
401,10:15:06,4.9,-0.01,46,22540,卖盘
402,10:15:18,4.91,0.01,13,6383,买盘
403,10:15:30,4.91,0.0,53,26023,买盘
404,10:16:07,4.91,0.0,1,491,买盘
405,10:16:15,4.9,-0.01,3,1470,卖盘
406,10:16:27,4.9,0.0,3,1470,卖盘
407,10:16:30,4.9,0.0,4,1960,卖盘
408,10:16:33,4.9,0.0,8,3920,卖盘
409,10:16:49,4.9,0.0,17,8330,卖盘
410,10:17:01,4.91,0.01,9,4419,买盘
411,10:17:04,4.91,0.0,7,3437,卖盘
412,10:17:06,4.91,0.0,57,27987,卖盘
413,10:17:12,4.9,-0.01,2,980,卖盘
414,10:17:24,4.91,0.01,1,491,买盘
415,10:17:33,4.9,-0.01,3,1470,卖盘
416,10:18:04,4.9,0.0,8,3920,卖盘
417,10:18:15,4.9,0.0,3,1470,卖盘
418,10:18:31,4.9,0.0,2,980,卖盘
419,10:19:03,4.9,0.0,7,3430,卖盘
420,10:19:21,4.9,0.0,4,1960,卖盘
421,10:19:54,4.9,0.0,3,1470,卖盘
422,10:20:00,4.9,0.0,4,1960,卖盘
423,10:20:04,4.9,0.0,54,26460,卖盘
424,10:20:06,4.9,0.0,11,5390,卖盘
425,10:20:22,4.91,0.01,13,6383,买盘
426,10:20:39,4.9,-0.01,8,3920,卖盘
427,10:20:57,4.91,0.01,29,14239,买盘
428,10:21:25,4.91,0.0,214,105074,买盘
429,10:21:28,4.91,0.0,43,21099,买盘
430,10:21:31,4.91,0.0,2,982,卖盘
431,10:21:36,4.92,0.01,41,20172,买盘
432,10:21:48,4.91,-0.01,20,9820,卖盘
433,10:21:51,4.92,0.01,1,492,买盘
434,10:21:57,4.91,-0.01,144,70704,卖盘
435,10:22:00,4.92,0.01,83,40755,买盘
436,10:22:09,4.9,-0.02,7,3430,卖盘
437,10:22:12,4.9,0.0,4,1960,卖盘
438,10:22:22,4.9,0.0,11,5390,卖盘
439,10:22:27,4.91,0.01,40,19640,买盘
440,10:22:30,4.9,-0.01,8,3920,卖盘
441,10:22:45,4.9,0.0,8,3920,卖盘
442,10:22:48,4.9,0.0,14,6860,卖盘
443,10:23:04,4.9,0.0,7,3430,卖盘
444,10:23:06,4.9,0.0,12,5880,卖盘
445,10:23:12,4.9,0.0,100,49000,卖盘
446,10:23:15,4.9,0.0,6,2940,卖盘
447,10:24:00,4.9,0.0,8,3920,卖盘
448,10:24:04,4.91,0.01,32,15697,买盘
449,10:24:09,4.9,-0.01,8,3920,卖盘
450,10:24:12,4.9,0.0,24,11760,买盘
451,10:25:04,4.9,0.0,11,5390,卖盘
452,10:25:06,4.9,0.0,5,2450,卖盘
453,10:25:10,4.9,0.0,14,6860,买盘
454,10:25:12,4.91,0.01,34,16661,买盘
455,10:25:15,4.9,-0.01,6,2940,卖盘
456,10:25:18,4.9,0.0,3,1470,买盘
457,10:25:36,4.91,0.01,13,6383,买盘
458,10:25:51,4.9,-0.01,12,5880,卖盘
459,10:25:54,4.9,0.0,8,3920,卖盘
460,10:26:04,4.9,0.0,8,3920,卖盘
461,10:26:12,4.9,0.0,2,980,卖盘
462,10:26:21,4.91,0.01,1,491,买盘
463,10:26:24,4.9,-0.01,4,1960,卖盘
464,10:26:33,4.9,0.0,1,490,卖盘
465,10:26:42,4.9,0.0,6,2940,卖盘
466,10:26:45,4.89,-0.01,8,3917,卖盘
467,10:26:57,4.9,0.01,8,3920,卖盘
468,10:27:04,4.9,0.0,7,3430,卖盘
469,10:27:09,4.9,0.0,1,490,卖盘
470,10:27:36,4.9,0.0,1,490,卖盘
471,10:27:54,4.9,0.0,4,1960,卖盘
472,10:28:00,4.9,0.0,8,3920,卖盘
473,10:28:04,4.9,0.0,7,3430,卖盘
474,10:28:15,4.9,0.0,1,490,卖盘
475,10:28:24,4.9,0.0,4,1960,卖盘
476,10:29:01,4.91,0.01,1,491,买盘
477,10:29:09,4.9,-0.01,8,3920,卖盘
478,10:29:40,4.91,0.01,46,22586,买盘
479,10:29:54,4.9,-0.01,1,490,卖盘
480,10:29:57,4.9,0.0,2,980,卖盘
481,10:30:04,4.9,0.0,7,3430,卖盘
482,10:30:09,4.9,0.0,5,2450,卖盘
483,10:30:12,4.9,0.0,1,490,卖盘
484,10:30:24,4.91,0.01,12,5892,买盘
485,10:30:27,4.9,-0.01,8,3920,卖盘
486,10:30:30,4.9,0.0,8,3920,卖盘
487,10:30:36,4.9,0.0,1,490,卖盘
488,10:30:39,4.9,0.0,104,50960,卖盘
489,10:30:45,4.9,0.0,14,6870,卖盘
490,10:30:51,4.91,0.01,1,491,买盘
491,10:30:54,4.91,0.0,400,196400,买盘
492,10:30:58,4.9,-0.01,14,6860,卖盘
493,10:31:04,4.9,0.0,7,3430,卖盘
494,10:31:09,4.91,0.01,39,19149,买盘
495,10:31:24,4.91,0.0,2,982,卖盘
496,10:31:27,4.91,0.0,18,8838,卖盘
497,10:31:33,4.91,0.0,15,7355,卖盘
498,10:31:39,4.92,0.01,28,13776,买盘
499,10:31:45,4.92,0.0,30,14760,买盘
500,10:31:57,4.91,-0.01,8,3928,卖盘
501,10:32:00,4.91,0.0,5,2455,买盘
502,10:32:03,4.91,0.0,7,3437,卖盘
503,10:32:16,4.92,0.01,21,10324,买盘
504,10:32:24,4.92,0.0,2,983,买盘
505,10:32:27,4.91,-0.01,22,10802,卖盘
506,10:32:39,4.91,0.0,2,982,卖盘
507,10:32:54,4.91,0.0,1,491,卖盘
508,10:32:57,4.91,0.0,4,1964,卖盘
509,10:33:00,4.91,0.0,16,7856,卖盘
510,10:33:04,4.92,0.01,9,4420,买盘
511,10:33:06,4.92,0.0,2,984,买盘
512,10:33:09,4.91,-0.01,3,1473,卖盘
513,10:33:21,4.91,0.0,1,491,卖盘
514,10:33:24,4.91,0.0,10,4911,卖盘
515,10:33:27,4.9,-0.01,10,4906,卖盘
516,10:33:30,4.9,0.0,16,7853,卖盘
517,10:33:33,4.91,0.01,5,2455,买盘
518,10:33:36,4.91,0.0,4,1964,卖盘
519,10:33:39,4.91,0.0,4,1964,卖盘
520,10:33:49,4.92,0.01,1,492,买盘
521,10:33:52,4.91,-0.01,1,491,卖盘
522,10:33:54,4.91,0.0,1,491,卖盘
523,10:34:00,4.91,0.0,17,8347,卖盘
524,10:34:04,4.91,0.0,14,6874,卖盘
525,10:34:07,4.91,0.0,1,491,卖盘
526,10:34:09,4.92,0.01,5,2457,买盘
527,10:34:21,4.92,0.0,51,25091,买盘
528,10:34:24,4.91,-0.01,2,982,卖盘
529,10:34:27,4.91,0.0,43,21113,卖盘
530,10:34:31,4.91,0.0,15,7366,卖盘
531,10:34:34,4.91,0.0,11,5401,卖盘
532,10:34:36,4.91,0.0,20,9820,卖盘
533,10:34:39,4.91,0.0,3,1473,卖盘
534,10:34:42,4.92,0.01,1,492,买盘
535,10:34:48,4.91,-0.01,4,1964,卖盘
536,10:34:51,4.91,0.0,15,7365,卖盘
537,10:34:54,4.91,0.0,12,5893,卖盘
538,10:34:57,4.91,0.0,20,9820,买盘
539,10:35:00,4.91,0.0,2,982,买盘
540,10:35:04,4.91,0.0,1,491,买盘
541,10:35:07,4.91,0.0,1,491,买盘
542,10:35:09,4.9,-0.01,12,5885,卖盘
543,10:35:12,4.91,0.01,1,491,买盘
544,10:35:15,4.91,0.0,1,491,买盘
545,10:35:18,4.91,0.0,35,17151,买盘
546,10:35:22,4.91,0.0,1,491,买盘
547,10:35:24,4.91,0.0,29,14239,买盘
548,10:35:28,4.91,0.0,7,3437,卖盘
549,10:35:30,4.91,0.0,8,3928,卖盘
550,10:35:33,4.91,0.0,19,9329,卖盘
551,10:35:43,4.91,0.0,1,491,卖盘
552,10:35:48,4.92,0.01,2,983,买盘
553,10:35:51,4.92,0.0,2,984,买盘
554,10:35:54,4.91,-0.01,4,1964,卖盘
555,10:35:57,4.92,0.01,21,10312,买盘
556,10:36:00,4.91,-0.01,1,491,卖盘
557,10:36:04,4.91,0.0,26,12766,卖盘
558,10:36:09,4.91,0.0,1,491,买盘
559,10:36:12,4.91,0.0,1,491,买盘
560,10:36:15,4.91,0.0,1,491,买盘
561,10:36:18,4.91,0.0,1,491,买盘
562,10:36:30,4.91,0.0,2,982,买盘
563,10:36:55,4.91,0.0,31,15221,买盘
564,10:37:06,4.9,-0.01,16,7841,卖盘
565,10:37:09,4.9,0.0,1,490,卖盘
566,10:37:12,4.91,0.01,2,982,买盘
567,10:37:19,4.9,-0.01,34,16660,卖盘
568,10:37:28,4.91,0.01,1,491,买盘
569,10:37:30,4.91,0.0,7,3437,买盘
570,10:37:36,4.91,0.0,3,1473,买盘
571,10:37:39,4.91,0.0,14,6874,买盘
572,10:37:43,4.91,0.0,4,1964,买盘
573,10:37:46,4.91,0.0,4,1964,买盘
574,10:37:48,4.91,0.0,1,491,买盘
575,10:37:51,4.91,0.0,26,12766,买盘
576,10:37:54,4.91,0.0,1,491,买盘
577,10:37:57,4.91,0.0,1,491,买盘
578,10:38:04,4.91,0.0,1,491,买盘
579,10:38:06,4.91,0.0,3,1473,买盘
580,10:38:09,4.91,0.0,342,167922,买盘
581,10:38:15,4.91,0.0,4,1964,卖盘
582,10:38:18,4.91,0.0,46,22586,卖盘
583,10:38:21,4.91,0.0,109,53519,卖盘
584,10:38:24,4.91,0.0,9,4419,买盘
585,10:38:31,4.91,0.0,7,3437,买盘
586,10:38:33,4.91,0.0,6,2946,买盘
587,10:38:36,4.91,0.0,3,1473,买盘
588,10:38:54,4.91,0.0,1,491,买盘
589,10:38:57,4.91,0.0,1,491,买盘
590,10:39:04,4.91,0.0,205,100655,买盘
591,10:39:06,4.91,0.0,36,17676,买盘
592,10:39:09,4.91,0.0,301,147791,买盘
593,10:39:12,4.92,0.01,12,5894,买盘
594,10:39:15,4.92,0.0,98,48216,买盘
595,10:39:18,4.92,0.0,1,492,买盘
596,10:39:27,4.92,0.0,17,8348,买盘
597,10:39:33,4.92,0.0,6,2952,买盘
598,10:39:42,4.91,-0.01,6,2946,卖盘
599,10:39:46,4.92,0.01,8,3936,买盘
600,10:39:49,4.92,0.0,1,492,买盘
601,10:39:52,4.92,0.0,4,1968,买盘
602,10:40:04,4.92,0.0,1,492,买盘
603,10:40:12,4.92,0.0,1,492,买盘
604,10:40:15,4.91,-0.01,100,49100,卖盘
605,10:40:18,4.92,0.01,26,12786,买盘
606,10:40:21,4.92,0.0,3,1476,买盘
607,10:40:27,4.91,-0.01,10,4910,卖盘
608,10:40:34,4.92,0.01,7,3444,买盘
609,10:40:37,4.92,0.0,1,492,买盘
610,10:40:39,4.91,-0.01,2,982,卖盘
611,10:40:42,4.92,0.01,73,35916,买盘
612,10:40:45,4.92,0.0,4,1968,买盘
613,10:40:48,4.91,-0.01,4,1964,卖盘
614,10:40:58,4.92,0.01,1,492,买盘
615,10:41:06,4.92,0.0,1,492,买盘
616,10:41:12,4.91,-0.01,10,4910,卖盘
617,10:41:30,4.92,0.01,1,492,买盘
618,10:41:36,4.92,0.0,54,26560,买盘
619,10:41:39,4.92,0.0,2,984,买盘
620,10:41:51,4.91,-0.01,3,1475,卖盘
621,10:42:04,4.91,0.0,68,33438,卖盘
622,10:42:07,4.92,0.01,5,2459,买盘
623,10:42:13,4.92,0.0,1,492,买盘
624,10:42:16,4.91,-0.01,60,29460,卖盘
625,10:42:21,4.91,0.0,17,8360,卖盘
626,10:42:24,4.92,0.01,1,492,买盘
627,10:42:27,4.91,-0.01,67,32897,卖盘
628,10:42:34,4.91,0.0,13,6385,卖盘
629,10:42:36,4.92,0.01,1,492,买盘
630,10:42:39,4.91,-0.01,26,12772,卖盘
631,10:42:42,4.91,0.0,7,3437,卖盘
632,10:42:46,4.91,0.0,4,1964,卖盘
633,10:42:49,4.91,0.0,8,3928,卖盘
634,10:42:52,4.91,0.0,75,36829,卖盘
635,10:42:54,4.91,0.0,33,16203,卖盘
636,10:42:57,4.92,0.01,5,2456,买盘
637,10:43:00,4.92,0.0,1,492,买盘
638,10:43:03,4.91,-0.01,60,29460,卖盘
639,10:43:06,4.91,0.0,5,2455,卖盘
640,10:43:09,4.91,0.0,9,4419,卖盘
641,10:43:12,4.91,0.0,4,1964,卖盘
642,10:43:15,4.91,0.0,46,22586,卖盘
643,10:43:18,4.91,0.0,3,1473,卖盘
644,10:43:21,4.92,0.01,43,21114,买盘
645,10:43:25,4.91,-0.01,3,1473,卖盘
646,10:43:27,4.91,0.0,24,11784,卖盘
647,10:43:30,4.91,0.0,3,1473,买盘
648,10:43:33,4.9,-0.01,16,7843,卖盘
649,10:43:40,4.92,0.02,4,1968,买盘
650,10:43:42,4.92,0.0,6,2952,买盘
651,10:43:45,4.9,-0.02,29,14213,卖盘
652,10:43:54,4.91,0.01,1,491,买盘
653,10:43:57,4.91,0.0,10,4910,买盘
654,10:44:00,4.9,-0.01,9,4411,卖盘
655,10:44:04,4.91,0.01,10,4902,买盘
656,10:44:06,4.9,-0.01,24,11761,卖盘
657,10:44:15,4.91,0.01,27,13257,买盘
658,10:44:18,4.91,0.0,1,491,买盘
659,10:44:21,4.9,-0.01,6,2943,卖盘
660,10:44:24,4.91,0.01,10,4910,买盘
661,10:44:27,4.91,0.0,5,2455,买盘
662,10:44:33,4.9,-0.01,11,5400,卖盘
663,10:44:36,4.91,0.01,1,491,中性盘
664,10:44:39,4.91,0.0,7,3437,买盘
665,10:44:42,4.92,0.01,19,9331,买盘
666,10:44:51,4.91,-0.01,1,491,买盘
667,10:45:04,4.91,0.0,11,5401,卖盘
668,10:45:09,4.91,0.0,45,22095,卖盘
669,10:45:12,4.91,0.0,3,1474,卖盘
670,10:45:16,4.91,0.0,4,1964,买盘
671,10:45:19,4.91,0.0,3,1473,买盘
672,10:45:22,4.91,0.0,4,1964,买盘
673,10:45:27,4.9,-0.01,4,1960,卖盘
674,10:45:33,4.91,0.01,1,491,买盘
675,10:45:45,4.91,0.0,6,2946,买盘
676,10:45:54,4.91,0.0,4,1964,买盘
677,10:45:57,4.91,0.0,4,1964,买盘
678,10:46:00,4.91,0.0,9,4419,买盘
679,10:46:04,4.91,0.0,9,4419,买盘
680,10:46:06,4.91,0.0,6,2946,买盘
681,10:46:09,4.91,0.0,1,491,买盘
682,10:46:15,4.91,0.0,1,491,买盘
683,10:46:21,4.91,0.0,148,72668,买盘
684,10:46:27,4.92,0.01,1,492,买盘
685,10:46:33,4.91,-0.01,24,11784,卖盘
686,10:46:36,4.91,0.0,3,1473,买盘
687,10:46:39,4.91,0.0,2,982,买盘
688,10:46:42,4.9,-0.01,5,2451,卖盘
689,10:46:45,4.91,0.01,1,491,买盘
690,10:46:48,4.91,0.0,7,3437,买盘
691,10:46:51,4.91,0.0,1,491,买盘
692,10:46:54,4.91,0.0,1,491,买盘
693,10:46:57,4.91,0.0,1,491,买盘
694,10:47:00,4.91,0.0,1,491,买盘
695,10:47:04,4.91,0.0,1,491,买盘
696,10:47:06,4.91,0.0,1,491,买盘
697,10:47:09,4.91,0.0,1,491,买盘
698,10:47:12,4.91,0.0,1,491,买盘
699,10:47:15,4.91,0.0,12,5892,买盘
700,10:47:36,4.92,0.01,1,492,买盘
701,10:47:39,4.92,0.0,2,984,买盘
702,10:47:42,4.91,-0.01,1,491,卖盘
703,10:47:48,4.92,0.01,6,2952,买盘
704,10:47:57,4.92,0.0,338,166296,买盘
705,10:48:00,4.91,-0.01,26,12766,卖盘
706,10:48:04,4.91,0.0,8,3928,卖盘
707,10:48:06,4.92,0.01,3,1476,买盘
708,10:48:15,4.91,-0.01,2,982,卖盘
709,10:48:36,4.92,0.01,4,1968,买盘
710,10:48:39,4.92,0.0,1,492,买盘
711,10:48:45,4.92,0.0,2,984,买盘
712,10:48:51,4.91,-0.01,21,10317,卖盘
713,10:49:04,4.91,0.0,7,3437,卖盘
714,10:49:06,4.92,0.01,7,3444,买盘
715,10:49:09,4.91,-0.01,6,2946,卖盘
716,10:49:12,4.91,0.0,1,491,卖盘
717,10:49:18,4.91,0.0,8,3928,卖盘
718,10:49:21,4.92,0.01,2,984,买盘
719,10:49:27,4.92,0.0,26,12792,买盘
720,10:49:39,4.92,0.0,9,4424,买盘
721,10:49:54,4.92,0.0,7,3444,买盘
722,10:49:57,4.92,0.0,1,492,买盘
723,10:50:04,4.91,-0.01,16,7856,卖盘
724,10:50:21,4.92,0.01,49,24062,买盘
725,10:50:24,4.91,-0.01,10,4910,卖盘
726,10:50:39,4.91,0.0,68,33388,卖盘
727,10:50:42,4.91,0.0,64,31424,卖盘
728,10:50:45,4.91,0.0,69,33879,卖盘
729,10:50:48,4.91,0.0,13,6383,卖盘
730,10:50:51,4.91,0.0,7,3440,卖盘
731,10:50:54,4.92,0.01,51,25047,买盘
732,10:50:58,4.91,-0.01,14,6874,卖盘
733,10:51:04,4.91,0.0,13,6383,卖盘
734,10:51:06,4.92,0.01,1,492,买盘
735,10:51:09,4.92,0.0,2,983,买盘
736,10:51:18,4.91,-0.01,16,7856,卖盘
737,10:51:21,4.91,0.0,4,1964,卖盘
738,10:51:27,4.91,0.0,507,248937,卖盘
739,10:51:30,4.91,0.0,13,6383,买盘
740,10:51:36,4.91,0.0,3,1473,买盘
741,10:51:39,4.9,-0.01,5,2450,卖盘
742,10:51:42,4.9,0.0,60,29400,卖盘
743,10:51:57,4.91,0.01,17,8339,买盘
744,10:52:15,4.91,0.0,1,491,买盘
745,10:52:27,4.91,0.0,3,1473,买盘
746,10:52:33,4.9,-0.01,17,8330,卖盘
747,10:52:36,4.91,0.01,13,6383,买盘
748,10:52:39,4.9,-0.01,8,3920,卖盘
749,10:52:51,4.91,0.01,7,3437,买盘
750,10:53:00,4.91,0.0,6,2946,买盘
751,10:53:09,4.9,-0.01,1,490,卖盘
752,10:53:15,4.91,0.01,5,2455,买盘
753,10:53:27,4.91,0.0,1,491,买盘
754,10:53:39,4.91,0.0,1,491,买盘
755,10:53:45,4.91,0.0,4,1964,买盘
756,10:53:48,4.9,-0.01,14,6860,卖盘
757,10:53:51,4.9,0.0,4,1960,卖盘
758,10:54:03,4.91,0.01,9,4412,买盘
759,10:54:10,4.9,-0.01,9,4410,卖盘
760,10:54:21,4.91,0.01,6,2946,买盘
761,10:54:24,4.9,-0.01,4,1960,卖盘
762,10:54:30,4.91,0.01,41,20131,买盘
763,10:54:36,4.91,0.0,1,491,买盘
764,10:54:39,4.91,0.0,1,491,买盘
765,10:54:45,4.91,0.0,4,1964,买盘
766,10:54:57,4.9,-0.01,18,8820,卖盘
767,10:55:03,4.9,0.0,7,3430,卖盘
768,10:55:06,4.91,0.01,3,1473,买盘
769,10:55:10,4.91,0.0,76,37316,买盘
770,10:55:31,4.91,0.0,6,2946,买盘
771,10:55:36,4.91,0.0,3,1473,买盘
772,10:55:39,4.9,-0.01,11,5391,卖盘
773,10:55:45,4.91,0.01,1,491,买盘
774,10:56:00,4.91,0.0,20,9820,买盘
775,10:56:03,4.9,-0.01,6,2940,卖盘
776,10:56:06,4.91,0.01,2,982,买盘
777,10:56:36,4.92,0.01,32,15716,买盘
778,10:56:39,4.92,0.0,1,492,买盘
779,10:56:51,4.92,0.0,76,37392,买盘
780,10:56:54,4.92,0.0,27,13284,买盘
781,10:56:58,4.92,0.0,1,492,买盘
782,10:57:06,4.92,0.0,6,2952,买盘
783,10:57:15,4.92,0.0,12,5904,买盘
784,10:57:33,4.91,-0.01,8,3928,卖盘
785,10:57:36,4.92,0.01,3,1476,买盘
786,10:57:42,4.92,0.0,1,492,买盘
787,10:57:45,4.91,-0.01,30,14730,卖盘
788,10:57:51,4.91,0.0,64,31424,卖盘
789,10:58:03,4.91,0.0,11,5401,卖盘
790,10:58:06,4.92,0.01,5,2460,买盘
791,10:58:15,4.91,-0.01,11,5401,卖盘
792,10:58:18,4.91,0.0,217,106547,卖盘
793,10:58:24,4.9,-0.01,5,2450,卖盘
794,10:58:27,4.9,0.0,18,8820,卖盘
795,10:58:34,4.91,0.01,13,6383,买盘
796,10:58:36,4.91,0.0,4,1964,买盘
797,10:58:48,4.91,0.0,1,491,买盘
798,10:59:04,4.9,-0.01,8,3920,卖盘
799,10:59:06,4.91,0.01,8,3924,买盘
800,10:59:15,4.91,0.0,1,491,买盘
801,10:59:21,4.91,0.0,21,10311,买盘
802,10:59:24,4.91,0.0,3,1474,卖盘
803,10:59:33,4.92,0.01,3,1476,买盘
804,10:59:36,4.91,-0.01,2,982,卖盘
805,10:59:48,4.91,0.0,18,8838,卖盘
806,10:59:51,4.9,-0.01,67,32844,卖盘
807,11:00:06,4.91,0.01,1,491,买盘
808,11:00:27,4.91,0.0,17,8348,卖盘
809,11:00:30,4.91,0.0,8,3928,卖盘
810,11:00:39,4.92,0.01,39,19188,买盘
811,11:00:42,4.91,-0.01,6,2946,卖盘
812,11:01:06,4.91,0.0,111,54501,卖盘
813,11:01:36,4.92,0.01,1,492,买盘
814,11:01:48,4.91,-0.01,22,10802,卖盘
815,11:01:51,4.91,0.0,5,2455,买盘
816,11:01:57,4.92,0.01,38,18696,买盘
817,11:02:12,4.9,-0.02,15,7353,卖盘
818,11:02:21,4.91,0.01,3,1473,中性盘
819,11:02:46,4.92,0.01,20,9821,买盘
820,11:03:03,4.92,0.0,7,3444,买盘
821,11:03:21,4.92,0.0,13,6396,买盘
822,11:03:24,4.92,0.0,39,19188,买盘
823,11:03:27,4.91,-0.01,42,20622,卖盘
824,11:03:42,4.91,0.0,2,982,卖盘
825,11:03:54,4.92,0.01,1,492,买盘
826,11:03:57,4.91,-0.01,3,1474,卖盘
827,11:04:42,4.91,0.0,16,7856,卖盘
828,11:04:45,4.91,0.0,2,982,卖盘
829,11:04:51,4.92,0.01,39,19188,买盘
830,11:05:06,4.92,0.0,1,492,买盘
831,11:05:30,4.92,0.0,2,984,买盘
832,11:05:51,4.91,-0.01,14,6874,卖盘
833,11:06:15,4.92,0.01,45,22140,买盘
834,11:06:33,4.91,-0.01,1,491,卖盘
835,11:06:39,4.92,0.01,1,492,买盘
836,11:06:42,4.91,-0.01,2,982,卖盘
837,11:07:01,4.92,0.01,6,2952,买盘
838,11:07:04,4.91,-0.01,16,7856,卖盘
839,11:07:24,4.92,0.01,5,2460,买盘
840,11:07:27,4.91,-0.01,11,5402,卖盘
841,11:07:39,4.92,0.01,38,18696,买盘
842,11:07:48,4.92,0.0,5,2460,买盘
843,11:08:10,4.92,0.0,1,492,买盘
844,11:08:12,4.91,-0.01,15,7365,卖盘
845,11:08:21,4.92,0.01,13,6396,买盘
846,11:08:33,4.92,0.0,5,2460,买盘
847,11:08:36,4.92,0.0,1,492,买盘
848,11:08:58,4.91,-0.01,4,1964,卖盘
849,11:09:01,4.91,0.0,4,1964,卖盘
850,11:09:04,4.92,0.01,103,50612,买盘
851,11:09:06,4.91,-0.01,6,2946,卖盘
852,11:09:09,4.91,0.0,14,6874,卖盘
853,11:09:12,4.91,0.0,65,31915,卖盘
854,11:09:15,4.91,0.0,26,12766,卖盘
855,11:09:21,4.9,-0.01,36,17660,卖盘
856,11:09:27,4.9,0.0,3,1470,卖盘
857,11:09:30,4.92,0.02,100,49131,买盘
858,11:09:45,4.92,0.0,1,492,买盘
859,11:10:33,4.91,-0.01,39,19149,买盘
860,11:10:57,4.91,0.0,1,491,买盘
861,11:11:09,4.91,0.0,1,491,买盘
862,11:11:27,4.9,-0.01,1,490,卖盘
863,11:11:39,4.9,0.0,60,29400,卖盘
864,11:11:51,4.9,0.0,17,8330,卖盘
865,11:11:57,4.91,0.01,31,15221,买盘
866,11:12:00,4.91,0.0,7,3437,卖盘
867,11:12:07,4.91,0.0,1,491,买盘
868,11:12:09,4.91,0.0,1,491,买盘
869,11:12:55,4.91,0.0,1,491,买盘
870,11:13:04,4.9,-0.01,5,2450,卖盘
871,11:13:15,4.91,0.01,1,491,买盘
872,11:13:21,4.91,0.0,52,25532,买盘
873,11:13:33,4.91,0.0,10,4910,买盘
874,11:13:39,4.91,0.0,1,491,买盘
875,11:14:09,4.91,0.0,3,1473,买盘
876,11:14:18,4.9,-0.01,17,8330,卖盘
877,11:14:27,4.91,0.01,1,491,买盘
878,11:14:34,4.91,0.0,19,9329,买盘
879,11:14:37,4.9,-0.01,74,36260,卖盘
880,11:14:45,4.91,0.01,39,19149,买盘
881,11:14:55,4.9,-0.01,4,1960,卖盘
882,11:15:01,4.89,-0.01,571,279786,卖盘
883,11:15:04,4.9,0.01,16,7840,买盘
884,11:15:36,4.9,0.0,1,490,买盘
885,11:15:39,4.9,0.0,1,490,买盘
886,11:16:13,4.9,0.0,30,14700,买盘
887,11:16:16,4.9,0.0,58,28420,卖盘
888,11:16:27,4.9,0.0,1,490,买盘
889,11:16:45,4.9,0.0,1,490,买盘
890,11:17:24,4.9,0.0,37,18130,买盘
891,11:17:36,4.91,0.01,39,19149,买盘
892,11:17:57,4.91,0.0,1,491,买盘
893,11:18:18,4.91,0.0,13,6383,买盘
894,11:18:54,4.91,0.0,1,491,买盘
895,11:19:03,4.91,0.0,21,10311,买盘
896,11:19:06,4.92,0.01,20,9821,买盘
897,11:19:09,4.92,0.0,20,9802,买盘
898,11:20:00,4.91,-0.01,18,8838,买盘
899,11:20:06,4.91,0.0,1,491,买盘
900,11:20:09,4.91,0.0,1,491,买盘
901,11:20:15,4.91,0.0,1,491,买盘
902,11:20:18,4.91,0.0,18,8838,买盘
903,11:20:24,4.92,0.01,78,38337,买盘
904,11:20:45,4.91,-0.01,113,55483,卖盘
905,11:20:48,4.91,0.0,42,20622,卖盘
906,11:20:51,4.91,0.0,116,56956,卖盘
907,11:21:28,4.91,0.0,1,491,买盘
908,11:21:30,4.9,-0.01,428,209720,卖盘
909,11:21:33,4.89,-0.01,14,6856,卖盘
910,11:21:48,4.89,0.0,74,36186,卖盘
911,11:21:51,4.9,0.01,38,18620,买盘
912,11:22:18,4.89,-0.01,1,489,卖盘
913,11:22:36,4.9,0.01,1,490,买盘
914,11:22:48,4.89,-0.01,1,489,卖盘
915,11:23:16,4.9,0.01,39,19110,买盘
916,11:23:19,4.9,0.0,12,5880,买盘
917,11:23:21,4.9,0.0,3,1470,买盘
918,11:23:36,4.89,-0.01,8,3912,卖盘
919,11:23:45,4.9,0.01,1,490,买盘
920,11:24:03,4.89,-0.01,12,5868,卖盘
921,11:24:19,4.89,0.0,19,9291,卖盘
922,11:24:30,4.9,0.01,12,5880,买盘
923,11:24:33,4.9,0.0,317,155330,买盘
924,11:24:39,4.91,0.01,119,58429,买盘
925,11:24:42,4.91,0.0,40,19640,买盘
926,11:24:46,4.91,0.0,59,28969,买盘
927,11:24:49,4.91,0.0,1,491,买盘
928,11:24:54,4.91,0.0,26,12766,买盘
929,11:25:34,4.91,0.0,2,982,卖盘
930,11:25:45,4.92,0.01,55,27060,买盘
931,11:26:06,4.92,0.0,39,19188,买盘
932,11:26:33,4.91,-0.01,4,1964,卖盘
933,11:27:15,4.92,0.01,1,492,买盘
934,11:27:30,4.92,0.0,39,19188,买盘
935,11:27:46,4.91,-0.01,3,1473,卖盘
936,11:28:15,4.92,0.01,2,984,买盘
937,11:28:24,4.92,0.0,2,984,买盘
938,11:29:12,4.92,0.0,2,984,买盘
939,13:00:04,4.91,-0.01,55,27005,卖盘
940,13:00:09,4.91,0.0,9,4419,卖盘
941,13:00:13,4.91,0.0,105,51555,卖盘
942,13:00:18,4.9,-0.01,60,29400,卖盘
943,13:00:21,4.9,0.0,11,5390,卖盘
944,13:00:24,4.9,0.0,64,31360,卖盘
945,13:00:40,4.9,0.0,4,1960,卖盘
946,13:00:46,4.9,0.0,50,24500,卖盘
947,13:00:51,4.9,0.0,4,1960,卖盘
948,13:00:57,4.9,0.0,17,8330,卖盘
949,13:01:07,4.9,0.0,52,25480,卖盘
950,13:01:09,4.9,0.0,16,7840,卖盘
951,13:01:12,4.9,0.0,2,980,卖盘
952,13:01:24,4.9,0.0,1,490,卖盘
953,13:01:30,4.9,0.0,6,2940,卖盘
954,13:01:51,4.9,0.0,4,1960,卖盘
955,13:01:57,4.9,0.0,17,8330,卖盘
956,13:02:15,4.9,0.0,4,1960,卖盘
957,13:02:18,4.9,0.0,120,58800,卖盘
958,13:02:24,4.9,0.0,17,8330,卖盘
959,13:02:30,4.9,0.0,7,3430,卖盘
960,13:02:42,4.9,0.0,31,15190,卖盘
961,13:02:45,4.9,0.0,11,5390,卖盘
962,13:02:48,4.9,0.0,7,3430,卖盘
963,13:02:51,4.9,0.0,1,490,卖盘
964,13:02:54,4.9,0.0,5,2450,卖盘
965,13:02:57,4.9,0.0,14,6860,卖盘
966,13:03:00,4.9,0.0,4,1960,买盘
967,13:03:15,4.91,0.01,27,13227,买盘
968,13:03:48,4.89,-0.02,4,1956,卖盘
969,13:03:51,4.89,0.0,2,978,卖盘
970,13:03:57,4.89,0.0,85,41565,卖盘
971,13:04:00,4.89,0.0,24,11736,卖盘
972,13:04:03,4.89,0.0,8,3912,卖盘
973,13:04:06,4.89,0.0,4,1956,卖盘
974,13:04:09,4.89,0.0,8,3912,卖盘
975,13:04:15,4.89,0.0,120,58680,卖盘
976,13:04:18,4.89,0.0,8,3912,卖盘
977,13:04:24,4.89,0.0,19,9291,卖盘
978,13:04:42,4.89,0.0,20,9780,卖盘
979,13:04:57,4.89,0.0,17,8313,卖盘
980,13:05:43,4.9,0.01,72,35280,买盘
981,13:06:27,4.9,0.0,20,9800,卖盘
982,13:06:33,4.9,0.0,4,1960,卖盘
983,13:06:51,4.9,0.0,7,3430,卖盘
984,13:06:54,4.9,0.0,11,5390,卖盘
985,13:07:00,4.89,-0.01,20,9780,卖盘
986,13:07:03,4.9,0.01,32,15653,买盘
987,13:07:06,4.89,-0.01,1,489,卖盘
988,13:07:09,4.89,0.0,5,2445,卖盘
989,13:07:45,4.9,0.01,13,6370,买盘
990,13:07:57,4.89,-0.01,17,8313,卖盘
991,13:08:12,4.89,0.0,20,9780,卖盘
992,13:08:36,4.89,0.0,4,1956,卖盘
993,13:08:42,4.9,0.01,1,490,买盘
994,13:08:57,4.89,-0.01,17,8313,卖盘
995,13:09:00,4.9,0.01,2,980,买盘
996,13:09:09,4.89,-0.01,5,2445,卖盘
997,13:09:24,4.89,0.0,26,12714,卖盘
998,13:09:31,4.89,0.0,19,9291,卖盘
999,13:09:48,4.89,0.0,1,489,卖盘
1000,13:09:58,4.89,0.0,17,8313,卖盘
1001,13:10:06,4.9,0.01,10,4900,买盘
1002,13:10:30,4.89,-0.01,9,4401,卖盘
1003,13:10:42,4.89,0.0,20,9780,卖盘
1004,13:10:57,4.89,0.0,17,8313,卖盘
1005,13:11:57,4.89,0.0,24,11736,卖盘
1006,13:12:06,4.89,0.0,20,9780,卖盘
1007,13:12:12,4.89,0.0,5,2445,卖盘
1008,13:12:15,4.89,0.0,59,28851,卖盘
1009,13:12:33,4.89,0.0,4,1956,卖盘
1010,13:12:45,4.9,0.01,13,6370,买盘
1011,13:12:57,4.89,-0.01,17,8313,卖盘
1012,13:13:15,4.9,0.01,104,50940,买盘
1013,13:13:30,4.89,-0.01,2,978,卖盘
1014,13:13:36,4.89,0.0,2,978,卖盘
1015,13:13:39,4.89,0.0,57,27873,卖盘
1016,13:13:42,4.89,0.0,4,1956,卖盘
1017,13:13:46,4.89,0.0,16,7824,卖盘
1018,13:13:49,4.89,0.0,4,1956,卖盘
1019,13:13:57,4.89,0.0,17,8313,卖盘
1020,13:14:06,4.89,0.0,1,489,卖盘
1021,13:14:09,4.89,0.0,2,978,卖盘
1022,13:14:28,4.89,0.0,20,9780,卖盘
1023,13:14:30,4.9,0.01,3,1470,买盘
1024,13:14:55,4.89,-0.01,4,1956,卖盘
1025,13:14:58,4.89,0.0,17,8313,卖盘
1026,13:15:36,4.89,0.0,1,489,卖盘
1027,13:15:57,4.89,0.0,17,8313,卖盘
1028,13:16:21,4.89,0.0,4,1956,卖盘
1029,13:16:57,4.89,0.0,17,8313,卖盘
1030,13:17:03,4.89,0.0,1,489,卖盘
1031,13:17:06,4.89,0.0,5,2445,卖盘
1032,13:17:12,4.9,0.01,1,490,买盘
1033,13:17:33,4.89,-0.01,60,29775,卖盘
1034,13:17:48,4.89,0.0,4,1956,卖盘
1035,13:17:51,4.89,0.0,15,7348,卖盘
1036,13:17:54,4.9,0.01,12,5880,买盘
1037,13:17:57,4.89,-0.01,17,8313,卖盘
1038,13:18:24,4.89,0.0,34,16626,卖盘
1039,13:18:30,4.9,0.01,14,6860,买盘
1040,13:18:39,4.89,-0.01,6,2934,卖盘
1041,13:18:57,4.89,0.0,15,7335,卖盘
1042,13:19:27,4.9,0.01,60,29400,买盘
1043,13:19:57,4.89,-0.01,5,2445,卖盘
1044,13:20:15,4.9,0.01,11,5390,买盘
1045,13:20:18,4.9,0.0,1,490,买盘
1046,13:20:27,4.9,0.0,90,44100,买盘
1047,13:20:48,4.89,-0.01,4,1956,卖盘
1048,13:20:51,4.89,0.0,6,2934,卖盘
1049,13:20:54,4.89,0.0,17,8313,卖盘
1050,13:21:00,4.89,0.0,11,5379,卖盘
1051,13:21:04,4.89,0.0,4,1956,卖盘
1052,13:21:07,4.89,0.0,55,26895,卖盘
1053,13:21:10,4.89,0.0,9,4401,卖盘
1054,13:21:13,4.89,0.0,34,16626,卖盘
1055,13:21:52,4.9,0.01,4,1960,买盘
1056,13:21:57,4.89,-0.01,17,8313,卖盘
1057,13:22:03,4.89,0.0,10,4890,卖盘
1058,13:22:06,4.89,0.0,11,5379,卖盘
1059,13:22:09,4.89,0.0,51,24939,卖盘
1060,13:22:15,4.89,0.0,63,30372,卖盘
1061,13:22:18,4.89,0.0,2,978,买盘
1062,13:22:21,4.89,0.0,38,19017,买盘
1063,13:22:24,4.9,0.01,6,2940,买盘
1064,13:22:46,4.89,-0.01,30,14683,卖盘
1065,13:22:57,4.89,0.0,17,8313,卖盘
1066,13:23:03,4.89,0.0,36,17169,卖盘
1067,13:23:06,4.9,0.01,16,7825,买盘
1068,13:23:36,4.89,-0.01,24,11736,卖盘
1069,13:23:58,4.89,0.0,37,18093,卖盘
1070,13:24:12,4.9,0.01,1,490,买盘
1071,13:24:45,4.9,0.0,10,4900,买盘
1072,13:24:57,4.89,-0.01,17,8313,卖盘
1073,13:25:25,4.89,0.0,4,1956,卖盘
1074,13:25:39,4.89,0.0,24,11736,卖盘
1075,13:25:51,4.89,0.0,4,1956,卖盘
1076,13:25:57,4.89,0.0,17,8313,卖盘
1077,13:26:09,4.89,0.0,25,12225,卖盘
1078,13:26:24,4.89,0.0,2,978,卖盘
1079,13:26:39,4.89,0.0,1,489,卖盘
1080,13:26:55,4.89,0.0,22,10758,卖盘
1081,13:26:58,4.89,0.0,17,8313,卖盘
1082,13:27:00,4.89,0.0,1,489,卖盘
1083,13:27:09,4.89,0.0,3,1467,卖盘
1084,13:27:27,4.89,0.0,4,1956,卖盘
1085,13:27:33,4.89,0.0,13,6357,卖盘
1086,13:27:36,4.9,0.01,9,4410,买盘
1087,13:27:39,4.89,-0.01,2,978,卖盘
1088,13:27:45,4.9,0.01,12,5880,买盘
1089,13:27:51,4.89,-0.01,3,1467,卖盘
1090,13:27:57,4.89,0.0,17,8313,卖盘
1091,13:28:06,4.89,0.0,20,9780,卖盘
1092,13:28:22,4.89,0.0,3,1467,卖盘
1093,13:28:39,4.89,0.0,1,489,卖盘
1094,13:28:51,4.89,0.0,2,978,卖盘
1095,13:28:58,4.89,0.0,17,8313,卖盘
1096,13:29:01,4.89,0.0,1,489,卖盘
1097,13:29:24,4.89,0.0,3,1467,卖盘
1098,13:29:36,4.89,0.0,20,9780,卖盘
1099,13:29:39,4.89,0.0,3,1467,卖盘
1100,13:29:42,4.89,0.0,5,2445,卖盘
1101,13:29:57,4.89,0.0,17,8313,卖盘
1102,13:30:10,4.89,0.0,14,6846,卖盘
1103,13:30:36,4.89,0.0,15,7335,卖盘
1104,13:30:39,4.89,0.0,2,978,卖盘
1105,13:30:42,4.89,0.0,1,489,卖盘
1106,13:30:45,4.89,0.0,10,4890,卖盘
1107,13:30:54,4.89,0.0,2,978,卖盘
1108,13:30:57,4.89,0.0,17,8313,卖盘
1109,13:31:00,4.89,0.0,100,48900,卖盘
1110,13:31:03,4.89,0.0,46,22494,卖盘
1111,13:31:06,4.89,0.0,2,978,买盘
1112,13:31:09,4.89,0.0,3,1467,卖盘
1113,13:31:24,4.89,0.0,2,978,卖盘
1114,13:31:27,4.89,0.0,3,1467,买盘
1115,13:31:40,4.88,-0.01,26,12689,卖盘
1116,13:31:42,4.88,0.0,37,18091,卖盘
1117,13:31:51,4.88,0.0,3,1464,卖盘
1118,13:31:54,4.89,0.01,13,6357,买盘
1119,13:31:58,4.89,0.0,27,13186,买盘
1120,13:32:04,4.89,0.0,47,22983,买盘
1121,13:32:06,4.89,0.0,21,10269,卖盘
1122,13:32:09,4.89,0.0,3,1467,卖盘
1123,13:32:31,4.9,0.01,10,4900,买盘
1124,13:32:40,4.89,-0.01,2,978,卖盘
1125,13:32:45,4.89,0.0,1,489,卖盘
1126,13:32:54,4.89,0.0,3,1467,卖盘
1127,13:32:57,4.89,0.0,66,32274,卖盘
1128,13:33:09,4.89,0.0,1,489,卖盘
1129,13:33:21,4.89,0.0,2,978,卖盘
1130,13:33:27,4.89,0.0,3,1467,卖盘
1131,13:33:51,4.89,0.0,1,489,卖盘
1132,13:33:54,4.89,0.0,1,489,卖盘
1133,13:33:57,4.89,0.0,20,9780,卖盘
1134,13:34:03,4.89,0.0,1,489,卖盘
1135,13:34:06,4.89,0.0,1,489,卖盘
1136,13:34:21,4.89,0.0,7,3423,卖盘
1137,13:34:24,4.89,0.0,8,3912,卖盘
1138,13:34:27,4.89,0.0,82,40098,卖盘
1139,13:34:30,4.88,-0.01,220,107560,卖盘
1140,13:34:33,4.89,0.01,22,10740,买盘
1141,13:34:39,4.88,-0.01,10,4880,卖盘
1142,13:34:42,4.88,0.0,1115,544120,卖盘
1143,13:34:45,4.88,0.0,30,14640,卖盘
1144,13:34:48,4.88,0.0,4,1952,卖盘
1145,13:34:54,4.88,0.0,302,147376,卖盘
1146,13:34:57,4.88,0.0,207,101016,卖盘
1147,13:35:00,4.88,0.0,113,55144,卖盘
1148,13:35:04,4.88,0.0,26,12688,卖盘
1149,13:35:06,4.88,0.0,3,1464,卖盘
1150,13:35:09,4.88,0.0,12,5856,卖盘
1151,13:35:12,4.88,0.0,97,47336,卖盘
1152,13:35:21,4.88,0.0,17,8296,买盘
1153,13:35:24,4.88,0.0,2,976,卖盘
1154,13:35:27,4.88,0.0,36,17568,卖盘
1155,13:35:36,4.87,-0.01,5,2435,卖盘
1156,13:35:39,4.88,0.01,16,7808,买盘
1157,13:35:42,4.87,-0.01,3,1461,卖盘
1158,13:35:48,4.87,0.0,20,9740,卖盘
1159,13:35:51,4.87,0.0,2,974,卖盘
1160,13:35:57,4.87,0.0,17,8279,卖盘
1161,13:36:12,4.87,0.0,3,1461,卖盘
1162,13:36:21,4.88,0.01,27,13176,买盘
1163,13:36:25,4.88,0.0,4,1952,卖盘
1164,13:36:30,4.88,0.0,1,488,卖盘
1165,13:36:42,4.88,0.0,17,8309,卖盘
1166,13:36:54,4.88,0.0,3,1464,卖盘
1167,13:37:06,4.88,0.0,3,1464,卖盘
1168,13:37:12,4.89,0.01,13,6357,买盘
1169,13:37:21,4.88,-0.01,4,1952,卖盘
1170,13:37:36,4.88,0.0,1,488,卖盘
1171,13:37:54,4.88,0.0,2,976,卖盘
1172,13:37:57,4.88,0.0,21,10248,卖盘
1173,13:38:24,4.88,0.0,35,17080,卖盘
1174,13:38:27,4.88,0.0,3,1464,卖盘
1175,13:38:33,4.88,0.0,18,8784,卖盘
1176,13:38:45,4.88,0.0,4,1952,卖盘
1177,13:38:54,4.89,0.01,20,9778,买盘
1178,13:38:57,4.88,-0.01,20,9760,卖盘
1179,13:39:00,4.88,0.0,5,2440,卖盘
1180,13:39:06,4.88,0.0,4,1953,卖盘
1181,13:39:12,4.88,0.0,3,1464,卖盘
1182,13:39:36,4.88,0.0,1,488,卖盘
1183,13:39:39,4.88,0.0,3,1464,卖盘
1184,13:39:55,4.88,0.0,2,976,卖盘
1185,13:39:57,4.88,0.0,21,10248,卖盘
1186,13:40:04,4.88,0.0,150,73200,卖盘
1187,13:40:18,4.88,0.0,4,1952,卖盘
1188,13:40:21,4.88,0.0,3,1464,卖盘
1189,13:40:27,4.88,0.0,3,1464,卖盘
1190,13:40:51,4.88,0.0,3,1464,卖盘
1191,13:40:57,4.88,0.0,48,23452,卖盘
1192,13:41:15,4.88,0.0,1,488,卖盘
1193,13:41:18,4.88,0.0,3,1464,卖盘
1194,13:41:21,4.89,0.01,227,111003,买盘
1195,13:41:27,4.88,-0.01,202,98576,卖盘
1196,13:41:54,4.88,0.0,4,1952,卖盘
1197,13:42:00,4.89,0.01,13,6357,买盘
1198,13:42:39,4.88,-0.01,2,976,卖盘
1199,13:42:54,4.88,0.0,17,8296,卖盘
1200,13:43:51,4.88,0.0,1,488,卖盘
1201,13:43:54,4.88,0.0,17,8296,卖盘
1202,13:44:04,4.88,0.0,1,488,卖盘
1203,13:44:18,4.88,0.0,17,8296,卖盘
1204,13:44:36,4.89,0.01,29,14181,买盘
1205,13:44:55,4.88,-0.01,17,8296,卖盘
1206,13:45:00,4.89,0.01,23,11247,买盘
1207,13:45:06,4.89,0.0,10,4890,买盘
1208,13:45:09,4.88,-0.01,1,488,卖盘
1209,13:45:21,4.89,0.01,10,4890,买盘
1210,13:45:37,4.89,0.0,20,9780,买盘
1211,13:45:54,4.88,-0.01,17,8296,卖盘
1212,13:46:00,4.88,0.0,6,2928,卖盘
1213,13:46:30,4.89,0.01,10,4890,买盘
1214,13:46:33,4.88,-0.01,2,976,卖盘
1215,13:46:39,4.89,0.01,13,6357,买盘
1216,13:46:54,4.89,0.0,34,16626,买盘
1217,13:46:57,4.9,0.01,21,10290,买盘
1218,13:47:21,4.89,-0.01,1,489,卖盘
1219,13:47:34,4.9,0.01,4,1960,买盘
1220,13:47:54,4.89,-0.01,17,8313,卖盘
1221,13:48:09,4.89,0.0,83,40587,卖盘
1222,13:48:39,4.88,-0.01,8,3904,卖盘
1223,13:48:43,4.88,0.0,1,488,卖盘
1224,13:48:54,4.88,0.0,17,8296,卖盘
1225,13:49:54,4.88,0.0,33,16104,卖盘
1226,13:49:57,4.88,0.0,6,2928,卖盘
1227,13:50:00,4.88,0.0,4,1952,卖盘
1228,13:50:15,4.88,0.0,3,1464,卖盘
1229,13:50:28,4.88,0.0,35,17080,卖盘
1230,13:50:34,4.88,0.0,11,5368,卖盘
1231,13:50:36,4.88,0.0,4,1952,卖盘
1232,13:50:39,4.88,0.0,5,2440,卖盘
1233,13:50:54,4.88,0.0,17,8296,卖盘
1234,13:51:37,4.89,0.01,13,6357,买盘
1235,13:51:45,4.89,0.0,60,29340,买盘
1236,13:51:54,4.88,-0.01,17,8296,卖盘
1237,13:52:12,4.89,0.01,29,14181,买盘
1238,13:52:18,4.89,0.0,33,16137,买盘
1239,13:52:21,4.89,0.0,10,4894,买盘
1240,13:52:24,4.89,0.0,4,1956,卖盘
1241,13:52:39,4.9,0.01,172,84280,买盘
1242,13:52:54,4.89,-0.01,2,978,卖盘
1243,13:53:00,4.9,0.01,10,4900,买盘
1244,13:53:03,4.9,0.0,4,2396,买盘
1245,13:53:06,4.9,0.0,22,10344,卖盘
1246,13:53:45,4.9,0.0,9,4410,买盘
1247,13:53:51,4.89,-0.01,3,1467,卖盘
1248,13:54:00,4.89,0.0,5,2445,卖盘
1249,13:54:06,4.89,0.0,38,18582,卖盘
1250,13:54:12,4.89,0.0,1,489,买盘
1251,13:54:27,4.89,0.0,2,978,买盘
1252,13:54:54,4.88,-0.01,17,8296,卖盘
1253,13:55:04,4.88,0.0,3,1464,卖盘
1254,13:55:18,4.88,0.0,4,1952,卖盘
1255,13:55:27,4.89,0.01,42,20538,买盘
1256,13:55:39,4.89,0.0,8,3912,买盘
1257,13:55:54,4.89,0.0,1,489,卖盘
1258,13:56:33,4.9,0.01,25,12250,买盘
1259,13:56:42,4.9,0.0,12,5880,买盘
1260,13:56:54,4.89,-0.01,17,8313,卖盘
1261,13:56:57,4.89,0.0,2,978,卖盘
1262,13:57:51,4.9,0.01,6,2940,买盘
1263,13:57:54,4.89,-0.01,18,8802,卖盘
1264,13:58:01,4.9,0.01,18,8820,买盘
1265,13:58:07,4.9,0.0,41,20090,买盘
1266,13:58:12,4.91,0.01,10,4910,买盘
1267,13:58:36,4.89,-0.02,1,489,卖盘
1268,13:59:00,4.9,0.01,1,490,买盘
1269,13:59:54,4.89,-0.01,17,8313,卖盘
1270,14:00:13,4.89,0.0,1,489,卖盘
1271,14:00:27,4.89,0.0,2,978,卖盘
1272,14:00:54,4.89,0.0,196,95844,卖盘
1273,14:00:57,4.89,0.0,17,8313,买盘
1274,14:01:27,4.88,-0.01,5,2440,卖盘
1275,14:01:36,4.89,0.01,9,4401,买盘
1276,14:01:54,4.88,-0.01,21,10248,卖盘
1277,14:02:24,4.88,0.0,7,3416,卖盘
1278,14:02:54,4.88,0.0,38,18555,卖盘
1279,14:03:00,4.89,0.01,71,34719,买盘
1280,14:03:10,4.89,0.0,1,489,卖盘
1281,14:03:54,4.89,0.0,17,8313,卖盘
1282,14:03:57,4.89,0.0,6,2934,卖盘
1283,14:04:09,4.89,0.0,2,978,卖盘
1284,14:04:27,4.89,0.0,1,489,卖盘
1285,14:04:42,4.89,0.0,3,1467,卖盘
1286,14:04:51,4.89,0.0,1,489,卖盘
1287,14:04:54,4.89,0.0,18,8802,卖盘
1288,14:04:57,4.89,0.0,7,3423,卖盘
1289,14:05:04,4.89,0.0,4,1956,卖盘
1290,14:05:07,4.89,0.0,32,15648,卖盘
1291,14:05:09,4.89,0.0,4,1956,卖盘
1292,14:05:12,4.9,0.01,13,6370,买盘
1293,14:05:18,4.89,-0.01,24,11736,卖盘
1294,14:05:22,4.89,0.0,10,4890,卖盘
1295,14:05:24,4.89,0.0,14,6846,卖盘
1296,14:05:27,4.88,-0.01,35,17080,卖盘
1297,14:05:39,4.88,0.0,5,2440,卖盘
1298,14:05:54,4.89,0.01,15,7335,买盘
1299,14:05:58,4.88,-0.01,17,8296,卖盘
1300,14:06:13,4.89,0.01,58,28362,买盘
1301,14:06:27,4.89,0.0,20,9780,买盘
1302,14:06:30,4.89,0.0,7,3423,买盘
1303,14:06:34,4.89,0.0,1,489,买盘
1304,14:07:00,4.9,0.01,24,11760,买盘
1305,14:07:03,4.89,-0.01,1,489,卖盘
1306,14:07:13,4.89,0.0,7,3423,卖盘
1307,14:07:46,4.89,0.0,2,978,卖盘
1308,14:07:54,4.89,0.0,17,8313,卖盘
1309,14:08:39,4.9,0.01,30,14700,买盘
1310,14:08:42,4.9,0.0,4,1960,买盘
1311,14:08:46,4.9,0.0,9,4410,买盘
1312,14:08:52,4.89,-0.01,10,4899,卖盘
1313,14:08:55,4.89,0.0,17,8313,卖盘
1314,14:09:01,4.89,0.0,54,26455,卖盘
1315,14:09:06,4.89,0.0,7,3427,卖盘
1316,14:09:33,4.9,0.01,10,4900,买盘
1317,14:09:54,4.89,-0.01,17,8313,卖盘
1318,14:10:09,4.89,0.0,1,489,卖盘
1319,14:10:15,4.9,0.01,95,46550,买盘
1320,14:10:18,4.89,-0.01,4,1956,卖盘
1321,14:10:51,4.89,0.0,1,489,卖盘
1322,14:10:55,4.89,0.0,17,8313,卖盘
1323,14:11:30,4.89,0.0,2,978,卖盘
1324,14:11:51,4.89,0.0,4,1956,卖盘
1325,14:11:54,4.89,0.0,17,8313,卖盘
1326,14:12:21,4.89,0.0,6,2934,卖盘
1327,14:12:55,4.89,0.0,22,10758,卖盘
1328,14:13:15,4.89,0.0,1,489,卖盘
1329,14:13:18,4.9,0.01,131,64190,买盘
1330,14:13:21,4.89,-0.01,6,2934,卖盘
1331,14:13:42,4.89,0.0,1,489,卖盘
1332,14:13:54,4.89,0.0,24,11736,卖盘
1333,14:14:00,4.89,0.0,400,195600,卖盘
1334,14:14:04,4.89,0.0,30,14670,卖盘
1335,14:14:07,4.89,0.0,11,5379,卖盘
1336,14:14:24,4.89,0.0,7,3423,卖盘
1337,14:14:27,4.89,0.0,19,9291,卖盘
1338,14:14:42,4.9,0.01,147,72030,买盘
1339,14:14:55,4.89,-0.01,18,8802,卖盘
1340,14:15:01,4.9,0.01,26,12740,买盘
1341,14:15:06,4.9,0.0,12,5880,买盘
1342,14:15:15,4.9,0.0,23,11270,买盘
1343,14:15:18,4.9,0.0,14,6860,买盘
1344,14:15:21,4.9,0.0,5,2450,买盘
1345,14:15:24,4.9,0.0,4,1960,卖盘
1346,14:15:27,4.9,0.0,52,25480,卖盘
1347,14:15:36,4.9,0.0,20,9800,买盘
1348,14:15:48,4.89,-0.01,3,1467,卖盘
1349,14:15:57,4.89,0.0,2,978,卖盘
1350,14:16:04,4.89,0.0,3,1467,卖盘
1351,14:16:09,4.89,0.0,1,489,卖盘
1352,14:16:18,4.88,-0.01,42,20528,卖盘
1353,14:16:21,4.89,0.01,1,489,买盘
1354,14:16:24,4.89,0.0,8,3912,卖盘
1355,14:16:31,4.89,0.0,26,12714,卖盘
1356,14:16:33,4.89,0.0,6,2934,买盘
1357,14:16:36,4.89,0.0,5,2445,买盘
1358,14:16:39,4.89,0.0,93,45477,买盘
1359,14:16:51,4.89,0.0,1,489,中性盘
1360,14:16:54,4.89,0.0,17,8313,卖盘
1361,14:17:00,4.9,0.01,4,1960,买盘
1362,14:17:03,4.89,-0.01,1,489,卖盘
1363,14:17:06,4.9,0.01,4,1960,买盘
1364,14:17:15,4.9,0.0,12,5880,买盘
1365,14:17:19,4.9,0.0,33,16170,买盘
1366,14:17:22,4.9,0.0,101,49490,买盘
1367,14:17:24,4.9,0.0,1,490,卖盘
1368,14:17:30,4.9,0.0,4,1960,买盘
1369,14:17:45,4.89,-0.01,1,489,卖盘
1370,14:18:07,4.9,0.01,4,1960,买盘
1371,14:18:15,4.9,0.0,39,19110,买盘
1372,14:18:18,4.89,-0.01,1,489,卖盘
1373,14:18:24,4.9,0.01,1,490,买盘
1374,14:18:30,4.89,-0.01,53,25940,卖盘
1375,14:18:33,4.9,0.01,76,37168,买盘
1376,14:18:36,4.9,0.0,4,1960,买盘
1377,14:18:39,4.91,0.01,11,5394,买盘
1378,14:18:42,4.91,0.0,8,3928,买盘
1379,14:18:51,4.91,0.0,43,21113,买盘
1380,14:18:54,4.91,0.0,57,27987,买盘
1381,14:18:57,4.91,0.0,27,13257,买盘
1382,14:19:00,4.91,0.0,4,1964,买盘
1383,14:19:04,4.9,-0.01,2,980,卖盘
1384,14:19:06,4.91,0.01,8,3928,买盘
1385,14:19:09,4.91,0.0,7,3437,买盘
1386,14:19:16,4.91,0.0,1,491,买盘
1387,14:19:21,4.91,0.0,4,1964,买盘
1388,14:19:27,4.91,0.0,4,1964,买盘
1389,14:19:30,4.91,0.0,43,21113,买盘
1390,14:19:45,4.91,0.0,23,11293,买盘
1391,14:19:48,4.9,-0.01,1,490,卖盘
1392,14:19:54,4.9,0.0,52,25515,卖盘
1393,14:19:57,4.9,0.0,6,2940,卖盘
1394,14:20:00,4.9,0.0,4,1960,卖盘
1395,14:20:04,4.9,0.0,1,490,卖盘
1396,14:20:12,4.91,0.01,13,6383,买盘
1397,14:20:15,4.9,-0.01,3,1470,卖盘
1398,14:20:18,4.9,0.0,3,1470,卖盘
1399,14:20:21,4.91,0.01,10,4910,买盘
1400,14:20:27,4.9,-0.01,33,16170,卖盘
1401,14:20:30,4.91,0.01,4,1964,买盘
1402,14:20:33,4.9,-0.01,22,10780,卖盘
1403,14:20:39,4.9,0.0,5,2450,卖盘
1404,14:20:43,4.9,0.0,2,980,卖盘
1405,14:20:48,4.91,0.01,13,6383,买盘
1406,14:20:54,4.9,-0.01,17,8330,卖盘
1407,14:21:10,4.91,0.01,29,14239,买盘
1408,14:21:24,4.9,-0.01,10,4900,卖盘
1409,14:21:31,4.91,0.01,4,1964,买盘
1410,14:21:33,4.9,-0.01,1,490,卖盘
1411,14:21:39,4.9,0.0,162,79540,卖盘
1412,14:21:51,4.9,0.0,1,490,卖盘
1413,14:22:00,4.91,0.01,9,4419,买盘
1414,14:22:04,4.91,0.0,75,36823,买盘
1415,14:22:09,4.91,0.0,4,1964,买盘
1416,14:22:36,4.9,-0.01,23,11278,卖盘
1417,14:22:51,4.91,0.01,4,1964,买盘
1418,14:22:54,4.9,-0.01,9,4410,卖盘
1419,14:23:04,4.9,0.0,135,66150,卖盘
1420,14:23:06,4.9,0.0,44,21560,卖盘
1421,14:23:10,4.9,0.0,7,3430,卖盘
1422,14:23:12,4.9,0.0,5,2450,卖盘
1423,14:23:15,4.9,0.0,3,1470,卖盘
1424,14:23:18,4.9,0.0,22,10780,卖盘
1425,14:23:21,4.9,0.0,30,14700,买盘
1426,14:23:34,4.89,-0.01,99,48415,卖盘
1427,14:23:42,4.89,0.0,1,489,卖盘
1428,14:23:52,4.89,0.0,1,489,卖盘
1429,14:23:55,4.89,0.0,17,8313,卖盘
1430,14:24:01,4.89,0.0,4,1956,卖盘
1431,14:24:04,4.89,0.0,2,978,卖盘
1432,14:24:06,4.9,0.01,39,19110,买盘
1433,14:24:09,4.89,-0.01,1,489,卖盘
1434,14:24:24,4.9,0.01,4,1960,买盘
1435,14:24:54,4.89,-0.01,38,18602,卖盘
1436,14:25:00,4.9,0.01,10,4900,买盘
1437,14:25:04,4.89,-0.01,1,489,卖盘
1438,14:25:15,4.89,0.0,34,16626,卖盘
1439,14:25:18,4.89,0.0,17,8326,卖盘
1440,14:25:54,4.89,0.0,20,9780,卖盘
1441,14:26:03,4.89,0.0,1,489,卖盘
1442,14:26:18,4.9,0.01,7,3430,买盘
1443,14:26:21,4.89,-0.01,8,3912,卖盘
1444,14:26:33,4.89,0.0,2,978,卖盘
1445,14:26:45,4.9,0.01,30,14700,买盘
1446,14:26:54,4.89,-0.01,17,8313,卖盘
1447,14:26:57,4.89,0.0,2,978,卖盘
1448,14:27:06,4.9,0.01,8,3920,买盘
1449,14:27:15,4.9,0.0,43,21070,买盘
1450,14:27:18,4.91,0.01,63,30890,买盘
1451,14:27:21,4.91,0.0,72,35352,买盘
1452,14:27:24,4.91,0.0,151,74141,买盘
1453,14:27:28,4.91,0.0,10,4910,买盘
1454,14:27:31,4.92,0.01,75,36864,买盘
1455,14:27:33,4.91,-0.01,55,27005,卖盘
1456,14:27:36,4.92,0.01,4,1968,买盘
1457,14:27:40,4.92,0.0,13,6395,买盘
1458,14:27:42,4.92,0.0,18,8854,买盘
1459,14:27:45,4.92,0.0,11,5412,买盘
1460,14:27:48,4.91,-0.01,1,491,中性盘
1461,14:27:51,4.92,0.01,8,3936,买盘
1462,14:27:57,4.92,0.0,4,1968,买盘
1463,14:28:15,4.91,-0.01,19,9329,卖盘
1464,14:28:22,4.92,0.01,4,1968,买盘
1465,14:28:27,4.91,-0.01,106,52046,卖盘
1466,14:28:36,4.9,-0.01,2,980,卖盘
1467,14:28:43,4.91,0.01,9,4419,买盘
1468,14:28:51,4.9,-0.01,7,3434,卖盘
1469,14:28:54,4.9,0.0,17,8330,卖盘
1470,14:29:19,4.9,0.0,1,490,卖盘
1471,14:29:25,4.9,0.0,4,1960,卖盘
1472,14:29:28,4.9,0.0,15,7350,卖盘
1473,14:29:31,4.91,0.01,1,491,买盘
1474,14:29:39,4.9,-0.01,15,7350,卖盘
1475,14:29:42,4.9,0.0,5,2454,卖盘
1476,14:29:48,4.91,0.01,8,3928,买盘
1477,14:29:51,4.91,0.0,14,6874,买盘
1478,14:29:54,4.9,-0.01,17,8330,卖盘
1479,14:29:57,4.91,0.01,104,51064,买盘
1480,14:30:00,4.92,0.01,36,17686,买盘
1481,14:30:04,4.92,0.0,40,19678,买盘
1482,14:30:06,4.92,0.0,10,4920,买盘
1483,14:30:12,4.92,0.0,8,3936,买盘
1484,14:30:15,4.92,0.0,12,5904,买盘
1485,14:30:21,4.92,0.0,34,16728,买盘
1486,14:30:24,4.92,0.0,7,3444,买盘
1487,14:30:27,4.92,0.0,35,17220,买盘
1488,14:30:37,4.91,-0.01,83,40834,卖盘
1489,14:30:40,4.92,0.01,60,29520,买盘
1490,14:30:42,4.92,0.0,60,29520,买盘
1491,14:30:49,4.92,0.0,60,29520,买盘
1492,14:30:52,4.92,0.0,4,1968,买盘
1493,14:30:54,4.91,-0.01,21,10315,卖盘
1494,14:31:00,4.92,0.01,10,4920,买盘
1495,14:31:04,4.92,0.0,39,19188,买盘
1496,14:31:06,4.91,-0.01,15,7365,卖盘
1497,14:31:15,4.91,0.0,1,491,卖盘
1498,14:31:33,4.91,0.0,1,491,卖盘
1499,14:31:48,4.92,0.01,23,11316,买盘
1500,14:31:54,4.91,-0.01,31,15221,卖盘
1501,14:32:06,4.91,0.0,3,1473,卖盘
1502,14:32:13,4.92,0.01,8,3936,买盘
1503,14:32:15,4.91,-0.01,101,49591,卖盘
1504,14:32:18,4.91,0.0,58,28478,卖盘
1505,14:32:21,4.92,0.01,38,18696,买盘
1506,14:32:24,4.91,-0.01,2,982,卖盘
1507,14:32:28,4.92,0.01,4,1968,买盘
1508,14:32:33,4.92,0.0,8,3936,买盘
1509,14:32:36,4.92,0.0,31,15252,买盘
1510,14:32:45,4.92,0.0,4,1968,买盘
1511,14:32:48,4.92,0.0,8,3932,买盘
1512,14:32:54,4.91,-0.01,17,8347,卖盘
1513,14:32:58,4.92,0.01,28,13769,买盘
1514,14:33:00,4.92,0.0,8,3936,买盘
1515,14:33:06,4.92,0.0,6,2952,买盘
1516,14:33:12,4.92,0.0,8,3936,买盘
1517,14:33:18,4.91,-0.01,6,2946,卖盘
1518,14:33:39,4.92,0.01,11,5412,买盘
1519,14:33:46,4.92,0.0,24,11808,买盘
1520,14:33:48,4.91,-0.01,27,13280,卖盘
1521,14:33:54,4.91,0.0,40,19663,卖盘
1522,14:34:07,4.92,0.01,80,39360,买盘
1523,14:34:09,4.92,0.0,8,3936,买盘
1524,14:34:12,4.92,0.0,20,9840,买盘
1525,14:34:16,4.92,0.0,104,51068,买盘
1526,14:34:18,4.91,-0.01,20,9836,卖盘
1527,14:34:21,4.92,0.01,21,10332,买盘
1528,14:34:24,4.92,0.0,68,33456,买盘
1529,14:34:27,4.92,0.0,102,50184,买盘
1530,14:34:31,4.92,0.0,118,58056,买盘
1531,14:34:33,4.92,0.0,784,385728,买盘
1532,14:34:36,4.93,0.01,116,57031,买盘
1533,14:34:39,4.93,0.0,33,16265,买盘
1534,14:34:43,4.93,0.0,4,1972,买盘
1535,14:34:48,4.93,0.0,16,7888,买盘
1536,14:34:51,4.93,0.0,4,1972,买盘
1537,14:34:55,4.92,-0.01,5,2464,卖盘
1538,14:35:00,4.92,0.0,250,123000,卖盘
1539,14:35:03,4.93,0.01,8,3944,买盘
1540,14:35:07,4.93,0.0,9,4437,买盘
1541,14:35:09,4.93,0.0,73,35988,买盘
1542,14:35:12,4.93,0.0,5,2465,买盘
1543,14:35:15,4.92,-0.01,7,3450,卖盘
1544,14:35:18,4.93,0.01,8,3944,买盘
1545,14:35:21,4.93,0.0,14,6902,买盘
1546,14:35:31,4.92,-0.01,1,492,卖盘
1547,14:35:37,4.92,0.0,2,984,卖盘
1548,14:35:43,4.93,0.01,8,3944,买盘
1549,14:35:46,4.93,0.0,9,4437,买盘
1550,14:35:55,4.92,-0.01,17,8364,卖盘
1551,14:35:58,4.92,0.0,300,147600,卖盘
1552,14:36:07,4.93,0.01,6,2956,买盘
1553,14:36:19,4.92,-0.01,5,2460,卖盘
1554,14:36:25,4.92,0.0,248,122016,卖盘
1555,14:36:45,4.92,0.0,16,7872,买盘
1556,14:36:48,4.91,-0.01,1,491,卖盘
1557,14:36:54,4.91,0.0,17,8347,卖盘
1558,14:37:01,4.92,0.01,6,2952,买盘
1559,14:37:06,4.92,0.0,15,7380,买盘
1560,14:37:18,4.91,-0.01,8,3933,卖盘
1561,14:37:21,4.92,0.01,9,4428,买盘
1562,14:37:48,4.92,0.0,24,11804,买盘
1563,14:37:51,4.92,0.0,62,30504,买盘
1564,14:37:54,4.91,-0.01,20,9823,卖盘
1565,14:38:12,4.92,0.01,5,2460,买盘
1566,14:38:18,4.91,-0.01,11,5409,卖盘
1567,14:38:22,4.92,0.01,1,492,买盘
1568,14:38:25,4.92,0.0,3,1476,买盘
1569,14:38:48,4.91,-0.01,5,2455,卖盘
1570,14:38:54,4.91,0.0,17,8347,卖盘
1571,14:39:18,4.91,0.0,3,1473,卖盘
1572,14:39:24,4.92,0.01,11,5412,买盘
1573,14:39:36,4.92,0.0,14,6888,买盘
1574,14:39:39,4.92,0.0,3,1476,买盘
1575,14:39:48,4.91,-0.01,6,2946,卖盘
1576,14:39:54,4.91,0.0,17,8347,卖盘
1577,14:40:06,4.91,0.0,1,491,卖盘
1578,14:40:09,4.92,0.01,7,3444,买盘
1579,14:40:16,4.92,0.0,46,22632,买盘
1580,14:40:18,4.91,-0.01,4,1964,卖盘
1581,14:40:33,4.91,0.0,7,3437,卖盘
1582,14:40:48,4.92,0.01,25,12294,买盘
1583,14:40:54,4.91,-0.01,38,18680,卖盘
1584,14:40:58,4.92,0.01,5,2460,买盘
1585,14:41:01,4.92,0.0,100,49200,买盘
1586,14:41:04,4.92,0.0,6,2952,买盘
1587,14:41:12,4.92,0.0,7,3444,买盘
1588,14:41:16,4.92,0.0,13,6396,买盘
1589,14:41:19,4.92,0.0,7,3444,买盘
1590,14:41:21,4.91,-0.01,1,491,卖盘
1591,14:41:27,4.92,0.01,8,3936,买盘
1592,14:41:37,4.92,0.0,5,2460,买盘
1593,14:41:54,4.91,-0.01,16,7856,卖盘
1594,14:42:01,4.92,0.01,4,1968,买盘
1595,14:42:06,4.92,0.0,5,2460,买盘
1596,14:42:09,4.92,0.0,104,51168,买盘
1597,14:42:12,4.92,0.0,4,1968,买盘
1598,14:42:24,4.92,0.0,4,1968,买盘
1599,14:42:40,4.92,0.0,8,3936,买盘
1600,14:42:43,4.92,0.0,6,2952,买盘
1601,14:42:51,4.92,0.0,4,1968,买盘
1602,14:42:54,4.91,-0.01,20,9824,卖盘
1603,14:42:58,4.92,0.01,1,492,买盘
1604,14:43:09,4.91,-0.01,4,1964,卖盘
1605,14:43:12,4.92,0.01,277,136284,买盘
1606,14:43:15,4.93,0.01,1,493,买盘
1607,14:43:18,4.92,-0.01,7,3449,卖盘
1608,14:43:25,4.92,0.0,1,492,卖盘
1609,14:43:28,4.93,0.01,2,986,买盘
1610,14:43:39,4.92,-0.01,5,2460,卖盘
1611,14:43:46,4.92,0.0,14,6888,卖盘
1612,14:43:48,4.92,0.0,15,7380,卖盘
1613,14:43:51,4.93,0.01,500,246500,买盘
1614,14:43:55,4.92,-0.01,1,492,卖盘
1615,14:44:10,4.92,0.0,2,984,卖盘
1616,14:44:22,4.93,0.01,5,2464,买盘
1617,14:44:25,4.92,-0.01,1,492,卖盘
1618,14:44:27,4.92,0.0,2,984,卖盘
1619,14:44:30,4.93,0.01,4,1972,买盘
1620,14:44:33,4.93,0.0,2,986,买盘
1621,14:44:45,4.92,-0.01,3,1476,卖盘
1622,14:44:48,4.92,0.0,2,984,卖盘
1623,14:44:51,4.93,0.01,45,22185,买盘
1624,14:44:54,4.92,-0.01,17,8364,卖盘
1625,14:45:01,4.93,0.01,8,3944,买盘
1626,14:45:06,4.93,0.0,4,1972,买盘
1627,14:45:10,4.92,-0.01,6,2956,卖盘
1628,14:45:12,4.93,0.01,23,11339,买盘
1629,14:45:16,4.92,-0.01,17,8372,卖盘
1630,14:45:19,4.92,0.0,12,5908,卖盘
1631,14:45:22,4.93,0.01,4,1972,买盘
1632,14:45:30,4.93,0.0,10,4930,买盘
1633,14:45:33,4.93,0.0,73,35989,买盘
1634,14:45:37,4.93,0.0,5,2465,买盘
1635,14:45:39,4.93,0.0,6,2958,买盘
1636,14:45:49,4.92,-0.01,11,5418,卖盘
1637,14:45:54,4.92,0.0,16,7872,卖盘
1638,14:45:58,4.93,0.01,4,1972,买盘
1639,14:46:09,4.92,-0.01,2266,1117137,卖盘
1640,14:46:12,4.93,0.01,135,66538,买盘
1641,14:46:16,4.93,0.0,40,19720,买盘
1642,14:46:18,4.92,-0.01,19,9364,卖盘
1643,14:46:21,4.93,0.01,12,5916,买盘
1644,14:46:24,4.93,0.0,26,12818,买盘
1645,14:46:27,4.93,0.0,4,1972,买盘
1646,14:46:31,4.93,0.0,149,73457,买盘
1647,14:46:34,4.93,0.0,14,6902,买盘
1648,14:46:37,4.93,0.0,52,25636,买盘
1649,14:46:39,4.93,0.0,15,7395,买盘
1650,14:46:42,4.93,0.0,9,4437,买盘
1651,14:46:48,4.93,0.0,44,21692,买盘
1652,14:46:55,4.92,-0.01,16,7872,卖盘
1653,14:47:00,4.93,0.01,200,98600,买盘
1654,14:47:04,4.93,0.0,10,4930,买盘
1655,14:47:06,4.93,0.0,119,58667,买盘
1656,14:47:10,4.93,0.0,42,20706,卖盘
1657,14:47:13,4.93,0.0,2,986,卖盘
1658,14:47:15,4.93,0.0,28,13806,卖盘
1659,14:47:36,4.93,0.0,100,49300,卖盘
1660,14:47:48,4.93,0.0,10,4930,卖盘
1661,14:47:54,4.93,0.0,400,197200,卖盘
1662,14:48:09,4.93,0.0,1,493,卖盘
1663,14:48:16,4.95,0.02,2744,1355987,买盘
1664,14:48:22,4.94,-0.01,3,1482,买盘
1665,14:48:25,4.94,0.0,4,1976,买盘
1666,14:48:28,4.94,0.0,5,2470,买盘
1667,14:48:31,4.93,-0.01,10,4930,卖盘
1668,14:48:48,4.94,0.01,50,24700,买盘
1669,14:48:54,4.93,-0.01,10,4930,卖盘
1670,14:49:00,4.94,0.01,158,78052,买盘
1671,14:49:06,4.94,0.0,2,988,买盘
1672,14:49:09,4.94,0.0,45,22230,买盘
1673,14:49:13,4.94,0.0,2,988,卖盘
1674,14:49:16,4.94,0.0,2,988,卖盘
1675,14:49:33,4.94,0.0,3,1482,卖盘
1676,14:50:13,4.95,0.01,87,43065,买盘
1677,14:50:16,4.95,0.0,1,495,买盘
1678,14:50:19,4.96,0.01,2152,1066465,买盘
1679,14:50:25,4.97,0.01,4,1988,买盘
1680,14:50:30,4.96,-0.01,10,4960,卖盘
1681,14:50:36,4.96,0.0,10,4960,卖盘
1682,14:50:39,4.96,0.0,10,4960,卖盘
1683,14:50:42,4.97,0.01,10,4970,买盘
1684,14:50:45,4.97,0.0,4,1988,买盘
1685,14:50:48,4.97,0.0,1,497,买盘
1686,14:50:51,4.96,-0.01,43,21328,卖盘
1687,14:50:55,4.96,0.0,127,62992,卖盘
1688,14:50:58,4.96,0.0,16,7936,卖盘
1689,14:51:04,4.96,0.0,5,2480,卖盘
1690,14:51:10,4.96,0.0,20,9920,卖盘
1691,14:51:22,4.96,0.0,200,99200,卖盘
1692,14:51:25,4.96,0.0,377,186992,卖盘
1693,14:51:27,4.95,-0.01,169,83655,卖盘
1694,14:51:31,4.95,0.0,166,82170,卖盘
1695,14:51:34,4.95,0.0,96,47520,卖盘
1696,14:51:36,4.95,0.0,59,29205,卖盘
1697,14:51:39,4.95,0.0,40,19800,卖盘
1698,14:51:42,4.95,0.0,35,17345,卖盘
1699,14:51:45,4.95,0.0,1,495,卖盘
1700,14:51:55,4.95,0.0,16,7920,卖盘
1701,14:52:01,4.95,0.0,121,59895,卖盘
1702,14:52:04,4.95,0.0,24,12321,卖盘
1703,14:52:06,4.95,0.0,18,8910,卖盘
1704,14:52:10,4.95,0.0,3,1485,卖盘
1705,14:52:13,4.95,0.0,1,495,卖盘
1706,14:52:15,4.95,0.0,10,4950,卖盘
1707,14:52:31,4.95,0.0,30,14850,卖盘
1708,14:52:33,4.95,0.0,18,8910,卖盘
1709,14:52:39,4.95,0.0,10,4950,卖盘
1710,14:52:49,4.95,0.0,130,64370,卖盘
1711,14:52:55,4.95,0.0,16,7920,卖盘
1712,14:53:00,4.95,0.0,16,7920,卖盘
1713,14:53:04,4.95,0.0,18,8910,卖盘
1714,14:53:10,4.95,0.0,1,495,卖盘
1715,14:53:12,4.95,0.0,20,9900,卖盘
1716,14:53:15,4.95,0.0,6,2970,卖盘
1717,14:53:25,4.96,0.01,154,76374,买盘
1718,14:53:37,4.95,-0.01,2,990,卖盘
1719,14:53:43,4.95,0.0,16,7920,卖盘
1720,14:53:46,4.95,0.0,131,64845,卖盘
1721,14:53:54,4.95,0.0,16,7920,卖盘
1722,14:54:01,4.95,0.0,15,7425,卖盘
1723,14:54:04,4.95,0.0,2,990,卖盘
1724,14:54:13,4.95,0.0,3,1485,卖盘
1725,14:54:16,4.95,0.0,22,10890,卖盘
1726,14:54:19,4.95,0.0,2,990,卖盘
1727,14:54:22,4.95,0.0,378,186669,卖盘
1728,14:54:25,4.94,-0.01,55,27170,卖盘
1729,14:54:31,4.95,0.01,84,41580,买盘
1730,14:54:34,4.94,-0.01,9,4446,卖盘
1731,14:54:37,4.95,0.01,30,14849,买盘
1732,14:54:51,4.95,0.0,75,37125,买盘
1733,14:55:04,4.94,-0.01,30,14820,卖盘
1734,14:55:07,4.94,0.0,1,494,卖盘
1735,14:55:09,4.95,0.01,1,495,买盘
1736,14:55:21,4.94,-0.01,171,84474,卖盘
1737,14:55:25,4.95,0.01,200,99000,买盘
1738,14:55:28,4.94,-0.01,164,81056,卖盘
1739,14:55:33,4.94,0.0,176,86994,卖盘
1740,14:55:39,4.94,0.0,14,6916,卖盘
1741,14:55:46,4.94,0.0,160,79049,卖盘
1742,14:55:48,4.94,0.0,99,48906,卖盘
1743,14:55:52,4.94,0.0,13,6422,卖盘
1744,14:56:01,4.94,0.0,13,6422,卖盘
1745,14:56:09,4.94,0.0,2,988,卖盘
1746,14:56:13,4.94,0.0,16,7904,卖盘
1747,14:56:16,4.94,0.0,1,494,卖盘
1748,14:56:34,4.95,0.01,5,2475,买盘
1749,14:56:37,4.94,-0.01,4,1976,卖盘
1750,14:56:40,4.94,0.0,2,988,卖盘
1751,14:56:43,4.94,0.0,13,6422,卖盘
1752,14:56:46,4.94,0.0,25,12350,卖盘
1753,14:56:49,4.94,0.0,20,9880,卖盘
1754,15:00:04,4.95,0.01,586,290070,卖盘
