,time,price,change,volume,amount,type
0,09:25:05,9.06,0.02,57,51642,卖盘
1,09:30:04,9.04,-0.02,10,9040,卖盘
2,09:30:07,9.02,-0.02,514,466279,卖盘
3,09:30:10,9.02,0.0,16,14436,中性盘
4,09:30:13,9.02,0.0,3,2706,买盘
5,09:30:15,9.01,-0.01,1,901,卖盘
6,09:30:19,9.01,0.0,4,3604,卖盘
7,09:30:28,9.01,0.0,4,3604,卖盘
8,09:30:31,9.0,-0.01,27,24344,卖盘
9,09:30:48,9.01,0.01,1,901,卖盘
10,09:30:55,9.0,-0.01,3,2700,卖盘
11,09:31:06,9.0,0.0,18,16197,买盘
12,09:31:27,8.98,-0.02,1,898,卖盘
13,09:31:31,8.98,0.0,12,10780,卖盘
14,09:31:34,9.0,0.02,10,8992,买盘
15,09:31:49,9.0,0.0,8,7200,卖盘
16,09:31:55,9.0,0.0,3,2700,中性盘
17,09:31:57,9.0,0.0,1,900,卖盘
18,09:32:04,9.01,0.01,14,12611,买盘
19,09:32:10,9.01,0.0,8,7208,卖盘
20,09:32:16,9.01,0.0,18,16218,买盘
21,09:32:31,9.0,-0.01,38,34200,买盘
22,09:32:37,9.0,0.0,2,1800,卖盘
23,09:32:40,9.01,0.01,14,12614,买盘
24,09:32:42,9.02,0.01,29,26131,买盘
25,09:32:46,9.02,0.0,5,4510,买盘
26,09:32:49,9.02,0.0,2,1804,买盘
27,09:32:52,9.01,-0.01,6,5411,中性盘
28,09:32:55,9.02,0.01,2,1804,中性盘
29,09:32:58,9.02,0.0,1,902,买盘
30,09:33:01,9.02,0.0,7,6314,买盘
31,09:33:04,9.03,0.01,4,3612,买盘
32,09:33:07,9.03,0.0,12,10836,买盘
33,09:33:16,9.04,0.01,1,904,买盘
34,09:33:19,9.04,0.0,1,904,买盘
35,09:33:22,9.04,0.0,2,1808,买盘
36,09:33:25,9.05,0.01,8,7239,买盘
37,09:33:31,9.03,-0.02,18,16264,卖盘
38,09:33:37,9.04,0.01,2,1808,卖盘
39,09:33:40,9.05,0.01,18,16285,买盘
40,09:33:49,9.06,0.01,1,906,买盘
41,09:33:52,9.05,-0.01,10,9050,卖盘
42,09:33:55,9.06,0.01,1,906,买盘
43,09:34:13,9.06,0.0,10,9060,买盘
44,09:34:25,9.07,0.01,2,1814,卖盘
45,09:34:36,9.06,-0.01,1,906,卖盘
46,09:34:46,9.07,0.01,27,24463,买盘
47,09:34:49,9.07,0.0,11,9977,卖盘
48,09:34:52,9.07,0.0,6,5442,卖盘
49,09:35:01,9.08,0.01,25,22690,买盘
50,09:35:04,9.07,-0.01,16,14512,卖盘
51,09:35:07,9.07,0.0,15,13605,卖盘
52,09:35:13,9.08,0.01,2,1816,买盘
53,09:35:16,9.08,0.0,5,4540,买盘
54,09:35:28,9.08,0.0,44,39952,买盘
55,09:35:31,9.08,0.0,15,13620,买盘
56,09:35:37,9.08,0.0,50,45369,买盘
57,09:35:40,9.08,0.0,36,32688,买盘
58,09:35:43,9.08,0.0,80,72640,买盘
59,09:35:46,9.08,0.0,89,80780,买盘
60,09:35:49,9.09,0.01,26,23623,买盘
61,09:35:52,9.09,0.0,47,42650,买盘
62,09:35:55,9.09,0.0,17,15453,买盘
63,09:35:57,9.09,0.0,13,11817,买盘
64,09:36:01,9.09,0.0,10,9090,买盘
65,09:36:04,9.09,0.0,59,53621,买盘
66,09:36:06,9.09,0.0,9,8181,卖盘
67,09:36:10,9.1,0.01,5,4550,买盘
68,09:36:16,9.09,-0.01,13,11820,卖盘
69,09:36:19,9.1,0.01,4,3640,买盘
70,09:36:28,9.09,-0.01,52,47268,卖盘
71,09:36:31,9.09,0.0,15,13635,买盘
72,09:36:33,9.09,0.0,17,15453,买盘
73,09:36:37,9.09,0.0,35,31815,买盘
74,09:36:39,9.07,-0.02,54,49023,卖盘
75,09:36:46,9.07,0.0,36,32652,卖盘
76,09:37:06,9.05,-0.02,1,905,卖盘
77,09:37:16,9.06,0.01,1,906,买盘
78,09:37:19,9.06,0.0,30,27180,买盘
79,09:37:27,9.06,0.0,1,906,买盘
80,09:37:34,9.06,0.0,1,906,买盘
81,09:37:37,9.06,0.0,1,906,买盘
82,09:37:58,9.05,-0.01,5,4525,卖盘
83,09:38:01,9.05,0.0,100,90500,卖盘
84,09:38:09,9.05,0.0,12,10860,卖盘
85,09:38:16,9.05,0.0,19,17195,卖盘
86,09:38:40,9.05,0.0,30,27140,买盘
87,09:39:10,9.06,0.01,45,40733,买盘
88,09:39:19,9.06,0.0,2,1812,买盘
89,09:39:22,9.06,0.0,14,12684,买盘
90,09:39:24,9.06,0.0,146,132276,买盘
91,09:39:31,9.07,0.01,12,10884,买盘
92,09:39:34,9.06,-0.01,22,19932,卖盘
93,09:39:37,9.06,0.0,7,6342,买盘
94,09:39:39,9.07,0.01,50,45310,买盘
95,09:39:46,9.07,0.0,5,4535,买盘
96,09:39:49,9.07,0.0,23,20861,买盘
97,09:39:52,9.07,0.0,3,2721,买盘
98,09:39:55,9.07,0.0,6,5442,买盘
99,09:39:58,9.07,0.0,3,2721,买盘
100,09:40:01,9.07,0.0,17,15419,买盘
101,09:40:12,9.07,0.0,2,1814,买盘
102,09:40:16,9.07,0.0,3,2721,买盘
103,09:40:31,9.07,0.0,15,13605,买盘
104,09:40:49,9.07,0.0,2,1814,买盘
105,09:40:52,9.07,0.0,5,4535,买盘
106,09:40:58,9.07,0.0,3,2721,买盘
107,09:41:04,9.07,0.0,1,907,买盘
108,09:41:07,9.07,0.0,1,907,买盘
109,09:41:10,9.07,0.0,10,9070,买盘
110,09:41:19,9.07,0.0,1,907,买盘
111,09:41:34,9.07,0.0,5,4535,买盘
112,09:41:42,9.06,-0.01,1,906,卖盘
113,09:41:49,9.06,0.0,1,906,卖盘
114,09:41:58,9.06,0.0,2,1812,卖盘
115,09:42:01,9.06,0.0,18,16308,卖盘
116,09:42:04,9.07,0.01,11,9977,买盘
117,09:42:07,9.06,-0.01,5,4530,卖盘
118,09:42:22,9.06,0.0,181,163986,卖盘
119,09:42:31,9.07,0.01,21,19037,买盘
120,09:42:37,9.07,0.0,3,2721,买盘
121,09:42:43,9.07,0.0,15,13605,买盘
122,09:42:58,9.05,-0.02,6,5430,卖盘
123,09:43:58,9.05,0.0,30,27150,卖盘
124,09:44:04,9.07,0.02,2,1814,买盘
125,09:44:46,9.07,0.0,20,18140,买盘
126,09:44:49,9.06,-0.01,52,47112,卖盘
127,09:44:55,9.07,0.01,4,3628,买盘
128,09:45:07,9.07,0.0,49,44383,买盘
129,09:45:16,9.05,-0.02,2,1810,卖盘
130,09:45:30,9.06,0.01,13,11778,卖盘
131,09:45:33,9.06,0.0,3,2718,买盘
132,09:45:37,9.06,0.0,1,906,买盘
133,09:45:58,9.06,0.0,5,4530,买盘
134,09:46:07,9.06,0.0,12,10872,买盘
135,09:46:10,9.06,0.0,8,7248,卖盘
136,09:46:31,9.05,-0.01,30,27150,卖盘
137,09:46:34,9.05,0.0,22,19910,卖盘
138,09:46:40,9.05,0.0,19,17195,卖盘
139,09:46:46,9.06,0.01,67,60702,买盘
140,09:46:49,9.06,0.0,1,906,卖盘
141,09:46:52,9.06,0.0,114,103284,卖盘
142,09:46:58,9.06,0.0,16,14496,卖盘
143,09:47:04,9.07,0.01,53,48021,买盘
144,09:47:19,9.06,-0.01,9,8154,卖盘
145,09:47:25,9.06,0.0,3,2718,卖盘
146,09:47:28,9.06,0.0,8,7248,卖盘
147,09:47:31,9.06,0.0,20,18120,买盘
148,09:47:33,9.05,-0.01,98,88690,卖盘
149,09:47:39,9.05,0.0,10,9050,卖盘
150,09:47:46,9.06,0.01,4,3624,买盘
151,09:47:55,9.06,0.0,6,5436,买盘
152,09:48:07,9.06,0.0,19,17214,买盘
153,09:48:13,9.05,-0.01,5,4525,卖盘
154,09:48:33,9.06,0.01,3,2718,买盘
155,09:48:37,9.07,0.01,66,59805,买盘
156,09:48:58,9.06,-0.01,14,12694,中性盘
157,09:49:07,9.06,0.0,1,906,卖盘
158,09:49:10,9.06,0.0,11,9966,卖盘
159,09:49:12,9.07,0.01,21,19047,买盘
160,09:49:16,9.07,0.0,1,907,买盘
161,09:49:28,9.09,0.02,66,59918,买盘
162,09:49:58,9.09,0.0,20,18180,买盘
163,09:50:04,9.08,-0.01,10,9080,中性盘
164,09:50:07,9.09,0.01,22,19998,买盘
165,09:50:10,9.08,-0.01,1,908,买盘
166,09:50:25,9.1,0.02,141,128235,买盘
167,09:50:43,9.1,0.0,15,13650,买盘
168,09:50:46,9.1,0.0,36,32760,买盘
169,09:50:52,9.11,0.01,10,9110,买盘
170,09:51:06,9.12,0.01,12,10944,买盘
171,09:51:09,9.12,0.0,1,912,卖盘
172,09:51:16,9.12,0.0,39,35568,卖盘
173,09:51:19,9.12,0.0,18,16416,买盘
174,09:51:22,9.12,0.0,36,32832,买盘
175,09:51:24,9.12,0.0,28,25528,买盘
176,09:51:28,9.12,0.0,19,17328,买盘
177,09:51:31,9.11,-0.01,39,35529,卖盘
178,09:51:34,9.11,0.0,14,12754,卖盘
179,09:51:37,9.13,0.02,123,112173,买盘
180,09:51:39,9.12,-0.01,1,912,卖盘
181,09:51:46,9.12,0.0,145,132240,卖盘
182,09:51:49,9.12,0.0,17,15504,买盘
183,09:51:52,9.12,0.0,15,13680,买盘
184,09:51:58,9.1,-0.02,21,19110,卖盘
185,09:52:01,9.1,0.0,2,1820,买盘
186,09:52:04,9.1,0.0,4,3640,买盘
187,09:52:06,9.1,0.0,32,29120,买盘
188,09:52:13,9.1,0.0,18,16379,卖盘
189,09:52:15,9.1,0.0,1,910,买盘
190,09:52:28,9.1,0.0,1,910,买盘
191,09:52:40,9.1,0.0,1,910,买盘
192,09:52:49,9.08,-0.02,56,50848,卖盘
193,09:52:52,9.11,0.03,66,60074,买盘
194,09:52:57,9.1,-0.01,14,12740,买盘
195,09:53:01,9.11,0.01,21,19115,买盘
196,09:53:07,9.11,0.0,26,23686,买盘
197,09:53:31,9.11,0.0,94,85632,买盘
198,09:53:36,9.11,0.0,12,10932,卖盘
199,09:53:40,9.11,0.0,12,10932,卖盘
200,09:53:43,9.11,0.0,1,911,卖盘
201,09:53:45,9.11,0.0,2,1822,买盘
202,09:53:49,9.11,0.0,1,911,买盘
203,09:54:07,9.11,0.0,20,18220,买盘
204,09:54:25,9.12,0.01,21,19143,买盘
205,09:54:34,9.12,0.0,70,63840,买盘
206,09:54:36,9.12,0.0,2,1824,买盘
207,09:55:07,9.12,0.0,1,912,买盘
208,09:55:25,9.11,-0.01,1,911,买盘
209,09:55:42,9.12,0.01,8,7296,买盘
210,09:55:46,9.12,0.0,12,10944,买盘
211,09:55:58,9.11,-0.01,40,36440,卖盘
212,09:56:04,9.12,0.01,1,912,买盘
213,09:56:07,9.12,0.0,24,21888,买盘
214,09:56:10,9.12,0.0,4,3648,买盘
215,09:56:19,9.11,-0.01,1,911,卖盘
216,09:56:25,9.12,0.01,4,3648,买盘
217,09:56:40,9.12,0.0,8,7296,买盘
218,09:56:46,9.12,0.0,7,6384,买盘
219,09:57:01,9.12,0.0,21,19152,买盘
220,09:57:04,9.12,0.0,5,4560,买盘
221,09:57:06,9.12,0.0,18,16416,买盘
222,09:57:10,9.12,0.0,10,9120,买盘
223,09:57:22,9.11,-0.01,1,911,卖盘
224,09:57:25,9.12,0.01,26,23712,买盘
225,09:57:30,9.13,0.01,27,24651,买盘
226,09:57:37,9.14,0.01,8,7312,买盘
227,09:58:06,9.14,0.0,6,5484,买盘
228,09:58:22,9.14,0.0,136,124303,买盘
229,09:58:24,9.14,0.0,5,4570,买盘
230,09:58:28,9.13,-0.01,64,58432,卖盘
231,09:58:30,9.13,0.0,20,18260,买盘
232,09:58:37,9.13,0.0,14,12782,买盘
233,09:58:52,9.13,0.0,1,913,买盘
234,09:59:06,9.14,0.01,5,4570,买盘
235,09:59:16,9.14,0.0,4,3656,买盘
236,09:59:25,9.13,-0.01,1,913,卖盘
237,09:59:28,9.14,0.01,1,914,买盘
238,09:59:43,9.14,0.0,11,10054,买盘
239,09:59:51,9.14,0.0,9,8226,买盘
240,10:00:01,9.14,0.0,51,46614,买盘
241,10:00:07,9.13,-0.01,11,10044,卖盘
242,10:00:10,9.15,0.02,21,19201,买盘
243,10:00:19,9.14,-0.01,14,12796,买盘
244,10:00:28,9.13,-0.01,1,913,卖盘
245,10:00:36,9.14,0.01,2,1828,买盘
246,10:00:43,9.13,-0.01,67,61171,卖盘
247,10:00:46,9.14,0.01,10,9140,买盘
248,10:00:52,9.13,-0.01,22,20086,卖盘
249,10:01:07,9.13,0.0,7,6386,买盘
250,10:01:10,9.13,0.0,23,20999,买盘
251,10:01:13,9.12,-0.01,2,1824,卖盘
252,10:01:19,9.12,0.0,19,17328,卖盘
253,10:01:22,9.12,0.0,45,41040,卖盘
254,10:01:25,9.12,0.0,25,22800,卖盘
255,10:01:28,9.12,0.0,39,35568,卖盘
256,10:01:34,9.13,0.01,25,22820,买盘
257,10:01:55,9.13,0.0,28,25564,买盘
258,10:01:58,9.12,-0.01,11,10032,卖盘
259,10:02:07,9.13,0.01,35,31955,买盘
260,10:02:13,9.13,0.0,150,136940,买盘
261,10:02:22,9.12,-0.01,27,24624,卖盘
262,10:02:28,9.12,0.0,1,912,卖盘
263,10:02:31,9.13,0.01,64,58432,买盘
264,10:02:40,9.14,0.01,15,13710,买盘
265,10:02:52,9.13,-0.01,15,13695,卖盘
266,10:03:04,9.13,0.0,2,1826,卖盘
267,10:03:10,9.13,0.0,10,9130,卖盘
268,10:03:13,9.13,0.0,3,2739,卖盘
269,10:03:22,9.14,0.01,1,914,买盘
270,10:03:24,9.14,0.0,13,11882,买盘
271,10:03:31,9.13,-0.01,1,913,卖盘
272,10:03:36,9.14,0.01,3,2742,买盘
273,10:03:58,9.14,0.0,4,3656,买盘
274,10:04:06,9.14,0.0,2,1828,买盘
275,10:04:10,9.14,0.0,13,11882,买盘
276,10:04:22,9.14,0.0,56,51184,买盘
277,10:04:30,9.13,-0.01,50,45650,卖盘
278,10:04:34,9.13,0.0,1,913,卖盘
279,10:04:55,9.14,0.01,8,7312,买盘
280,10:05:00,9.14,0.0,3,2742,买盘
281,10:05:04,9.13,-0.01,14,12782,卖盘
282,10:05:07,9.14,0.01,5,4570,买盘
283,10:05:25,9.14,0.0,4,3656,买盘
284,10:05:30,9.14,0.0,3,2742,买盘
285,10:05:34,9.14,0.0,87,79517,买盘
286,10:05:37,9.14,0.0,6,5484,买盘
287,10:05:40,9.14,0.0,2,1828,买盘
288,10:05:43,9.15,0.01,94,85954,买盘
289,10:06:04,9.15,0.0,183,167445,买盘
290,10:06:07,9.15,0.0,74,67710,买盘
291,10:06:12,9.16,0.01,33,30228,买盘
292,10:06:16,9.15,-0.01,81,74115,卖盘
293,10:06:19,9.15,0.0,9,8235,买盘
294,10:06:28,9.15,0.0,2,1830,买盘
295,10:06:31,9.15,0.0,19,17385,买盘
296,10:06:37,9.16,0.01,3,2747,买盘
297,10:06:46,9.16,0.0,1,916,买盘
298,10:06:49,9.16,0.0,4,3664,买盘
299,10:06:52,9.16,0.0,20,18320,买盘
300,10:07:06,9.16,0.0,2,1832,买盘
301,10:07:13,9.16,0.0,4,3664,买盘
302,10:07:19,9.15,-0.01,10,9150,卖盘
303,10:07:22,9.15,0.0,69,63135,卖盘
304,10:07:25,9.16,0.01,4,3664,买盘
305,10:07:28,9.15,-0.01,11,10065,卖盘
306,10:07:34,9.15,0.0,6,5490,卖盘
307,10:07:46,9.15,0.0,8,7320,买盘
308,10:07:57,9.15,0.0,16,14640,卖盘
309,10:08:07,9.15,0.0,5,4575,买盘
310,10:08:28,9.14,-0.01,10,9140,卖盘
311,10:08:39,9.13,-0.01,5,4565,卖盘
312,10:08:49,9.13,0.0,21,19173,卖盘
313,10:08:52,9.13,0.0,41,37433,卖盘
314,10:08:55,9.13,0.0,10,9130,卖盘
315,10:08:58,9.13,0.0,88,80344,卖盘
316,10:09:01,9.13,0.0,5,4565,卖盘
317,10:09:06,9.14,0.01,2,1828,买盘
318,10:09:31,9.14,0.0,18,16452,买盘
319,10:09:37,9.14,0.0,12,10968,卖盘
320,10:09:40,9.14,0.0,3,2742,买盘
321,10:09:43,9.13,-0.01,13,11869,卖盘
322,10:09:49,9.13,0.0,8,7304,卖盘
323,10:10:01,9.14,0.01,5,4570,买盘
324,10:10:07,9.14,0.0,2,1828,买盘
325,10:10:10,9.14,0.0,1,914,买盘
326,10:10:19,9.14,0.0,3,2742,买盘
327,10:10:22,9.14,0.0,2,1828,买盘
328,10:10:24,9.14,0.0,67,61238,买盘
329,10:10:27,9.14,0.0,75,68550,买盘
330,10:10:31,9.14,0.0,22,20108,买盘
331,10:10:34,9.14,0.0,304,277856,买盘
332,10:10:37,9.14,0.0,98,89572,买盘
333,10:10:40,9.14,0.0,24,21936,买盘
334,10:10:43,9.13,-0.01,20,18294,卖盘
335,10:10:46,9.15,0.02,13,11895,买盘
336,10:10:49,9.15,0.0,10,9145,买盘
337,10:11:01,9.14,-0.01,3,2742,卖盘
338,10:11:10,9.14,0.0,15,13712,卖盘
339,10:11:16,9.14,0.0,14,12796,买盘
340,10:11:19,9.14,0.0,1,914,买盘
341,10:11:34,9.13,-0.01,10,9130,卖盘
342,10:11:39,9.13,0.0,2,1826,卖盘
343,10:11:42,9.13,0.0,1,913,卖盘
344,10:11:55,9.13,0.0,10,9130,卖盘
345,10:11:58,9.14,0.01,5,4570,买盘
346,10:12:00,9.13,-0.01,5,4565,卖盘
347,10:12:06,9.14,0.01,6,5484,买盘
348,10:12:09,9.13,-0.01,10,9139,卖盘
349,10:12:16,9.15,0.02,15,13722,卖盘
350,10:12:25,9.15,0.0,52,48051,买盘
351,10:12:28,9.15,0.0,77,70455,卖盘
352,10:12:36,9.15,0.0,3,2745,卖盘
353,10:12:39,9.15,0.0,6,5493,卖盘
354,10:12:43,9.15,0.0,10,9150,卖盘
355,10:12:46,9.15,0.0,1,915,卖盘
356,10:12:49,9.15,0.0,20,17824,卖盘
357,10:13:01,9.15,0.0,29,26535,买盘
358,10:13:07,9.15,0.0,26,23776,买盘
359,10:13:40,9.14,-0.01,25,22850,卖盘
360,10:13:45,9.15,0.01,15,13725,买盘
361,10:13:49,9.14,-0.01,11,10054,卖盘
362,10:14:04,9.15,0.01,1,915,买盘
363,10:14:06,9.15,0.0,2,1830,买盘
364,10:14:16,9.15,0.0,33,30195,买盘
365,10:14:25,9.16,0.01,109,99749,买盘
366,10:14:34,9.15,-0.01,2,1830,卖盘
367,10:14:49,9.15,0.0,1,915,卖盘
368,10:14:52,9.15,0.0,3,2745,卖盘
369,10:14:55,9.16,0.01,33,30228,买盘
370,10:15:01,9.16,0.0,14,12814,买盘
371,10:15:04,9.16,0.0,52,47632,买盘
372,10:15:07,9.16,0.0,2,1832,买盘
373,10:15:16,9.16,0.0,26,23816,买盘
374,10:15:25,9.16,0.0,5,4580,买盘
375,10:15:28,9.16,0.0,30,27956,买盘
376,10:15:37,9.16,0.0,20,18320,卖盘
377,10:15:52,9.16,0.0,1,916,卖盘
378,10:15:55,9.17,0.01,15,13755,买盘
379,10:16:01,9.17,0.0,5,4585,买盘
380,10:16:07,9.17,0.0,6,5498,买盘
381,10:16:10,9.17,0.0,6,5500,买盘
382,10:16:16,9.16,-0.01,100,91600,卖盘
383,10:16:19,9.16,0.0,182,166236,卖盘
384,10:16:22,9.16,0.0,1,916,买盘
385,10:16:37,9.16,0.0,1,916,买盘
386,10:16:43,9.14,-0.02,19,17366,卖盘
387,10:16:52,9.15,0.01,20,18300,买盘
388,10:16:54,9.15,0.0,1,915,卖盘
389,10:16:57,9.15,0.0,2,1830,卖盘
390,10:17:15,9.15,0.0,9,8235,卖盘
391,10:17:25,9.15,0.0,1,915,买盘
392,10:17:28,9.15,0.0,10,9150,买盘
393,10:17:46,9.14,-0.01,4,3656,卖盘
394,10:17:55,9.14,0.0,1,914,卖盘
395,10:18:30,9.15,0.01,133,121695,买盘
396,10:18:58,9.15,0.0,4,3660,卖盘
397,10:19:01,9.15,0.0,2,1830,卖盘
398,10:19:07,9.16,0.01,2,1832,买盘
399,10:19:10,9.16,0.0,10,9160,买盘
400,10:19:13,9.15,-0.01,10,9150,卖盘
401,10:19:40,9.15,0.0,5,4575,卖盘
402,10:20:01,9.16,0.01,3,2747,买盘
403,10:20:10,9.15,-0.01,10,9150,卖盘
404,10:20:22,9.15,0.0,101,92415,卖盘
405,10:20:49,9.15,0.0,1,915,买盘
406,10:21:13,9.14,-0.01,100,91400,卖盘
407,10:21:24,9.15,0.01,58,53070,买盘
408,10:22:07,9.15,0.0,29,26535,买盘
409,10:22:52,9.15,0.0,17,15555,买盘
410,10:23:07,9.14,-0.01,37,33818,卖盘
411,10:23:33,9.14,0.0,50,45700,卖盘
412,10:23:37,9.14,0.0,83,75877,卖盘
413,10:23:40,9.14,0.0,5,4570,卖盘
414,10:23:43,9.14,0.0,72,65808,卖盘
415,10:24:01,9.13,-0.01,611,557843,卖盘
416,10:24:07,9.13,0.0,180,164340,卖盘
417,10:24:16,9.12,-0.01,13,11856,卖盘
418,10:24:22,9.13,0.01,19,17347,买盘
419,10:24:25,9.13,0.0,1,913,卖盘
420,10:24:42,9.13,0.0,1,913,买盘
421,10:24:57,9.12,-0.01,30,27360,卖盘
422,10:25:00,9.12,0.0,8,7296,卖盘
423,10:25:10,9.12,0.0,3,2736,卖盘
424,10:25:22,9.11,-0.01,39,35529,卖盘
425,10:25:37,9.11,0.0,30,27330,卖盘
426,10:25:55,9.12,0.01,4,3648,买盘
427,10:25:58,9.12,0.0,17,15504,卖盘
428,10:26:07,9.12,0.0,12,10944,卖盘
429,10:26:51,9.12,0.0,9,8208,买盘
430,10:26:54,9.11,-0.01,10,9110,卖盘
431,10:27:10,9.12,0.01,39,35568,买盘
432,10:27:13,9.13,0.01,2,1826,买盘
433,10:27:28,9.13,0.0,21,19173,买盘
434,10:27:52,9.13,0.0,3,2739,买盘
435,10:28:07,9.13,0.0,1,913,买盘
436,10:28:51,9.12,-0.01,10,9120,卖盘
437,10:29:24,9.13,0.01,2,1826,买盘
438,10:29:36,9.13,0.0,20,18260,买盘
439,10:29:46,9.13,0.0,3,2739,买盘
440,10:29:49,9.13,0.0,6,5478,卖盘
441,10:30:07,9.13,0.0,15,13683,买盘
442,10:30:16,9.13,0.0,2,1826,买盘
443,10:30:19,9.13,0.0,12,10956,买盘
444,10:30:22,9.13,0.0,20,18260,买盘
445,10:30:24,9.13,0.0,4,3652,买盘
446,10:30:28,9.14,0.01,83,75784,买盘
447,10:30:31,9.13,-0.01,20,18260,中性盘
448,10:30:34,9.15,0.02,66,60340,买盘
449,10:30:42,9.15,0.0,1,915,买盘
450,10:30:52,9.15,0.0,3,2745,买盘
451,10:30:55,9.14,-0.01,2,1828,卖盘
452,10:31:04,9.15,0.01,5,4575,买盘
453,10:31:16,9.14,-0.01,21,19194,卖盘
454,10:31:19,9.14,0.0,17,15538,买盘
455,10:31:30,9.14,0.0,1,914,买盘
456,10:31:37,9.14,0.0,29,26506,买盘
457,10:32:22,9.14,0.0,21,19194,买盘
458,10:32:57,9.14,0.0,1,914,买盘
459,10:33:06,9.14,0.0,14,12796,买盘
460,10:33:34,9.14,0.0,2,1828,买盘
461,10:33:45,9.14,0.0,20,18280,买盘
462,10:33:52,9.14,0.0,30,27420,买盘
463,10:33:55,9.14,0.0,3,2742,买盘
464,10:34:19,9.14,0.0,80,73120,买盘
465,10:34:37,9.14,0.0,8,7312,买盘
466,10:35:25,9.14,0.0,3,2742,买盘
467,10:35:49,9.14,0.0,2,1828,买盘
468,10:36:16,9.12,-0.02,114,103968,卖盘
469,10:36:19,9.12,0.0,64,58368,卖盘
470,10:36:45,9.12,0.0,2,1824,买盘
471,10:36:55,9.12,0.0,6,5472,买盘
472,10:37:04,9.11,-0.01,20,18220,卖盘
473,10:37:13,9.12,0.01,3,2736,买盘
474,10:38:04,9.11,-0.01,22,20233,卖盘
475,10:38:25,9.12,0.01,3,2736,买盘
476,10:38:28,9.11,-0.01,5,4555,卖盘
477,10:38:31,9.11,0.0,20,18220,卖盘
478,10:38:33,9.11,0.0,44,39893,卖盘
479,10:38:36,9.1,-0.01,1,910,卖盘
480,10:38:49,9.11,0.01,1,911,买盘
481,10:39:01,9.1,-0.01,7,6370,卖盘
482,10:39:07,9.1,0.0,9,8190,卖盘
483,10:39:09,9.08,-0.02,500,454095,卖盘
484,10:39:34,9.08,0.0,5,4540,卖盘
485,10:39:54,9.1,0.02,2,1820,买盘
486,10:40:13,9.1,0.0,2,1820,买盘
487,10:40:28,9.09,-0.01,10,9090,卖盘
488,10:40:49,9.09,0.0,17,15453,买盘
489,10:40:52,9.09,0.0,27,24543,买盘
490,10:40:58,9.09,0.0,24,21816,卖盘
491,10:41:24,9.09,0.0,3,2727,买盘
492,10:41:28,9.08,-0.01,100,90800,卖盘
493,10:41:31,9.08,0.0,3,2724,卖盘
494,10:41:46,9.08,0.0,16,14528,买盘
495,10:41:52,9.08,0.0,10,9080,买盘
496,10:42:18,9.07,-0.01,1,907,卖盘
497,10:42:21,9.08,0.01,13,11804,买盘
498,10:42:42,9.08,0.0,6,5449,卖盘
499,10:43:06,9.09,0.01,27,24543,买盘
500,10:43:10,9.08,-0.01,45,40860,卖盘
501,10:43:55,9.08,0.0,24,21792,买盘
502,10:44:04,9.08,0.0,2,1816,买盘
503,10:44:13,9.08,0.0,24,21792,买盘
504,10:44:28,9.08,0.0,10,9080,买盘
505,10:44:36,9.09,0.01,20,18180,买盘
506,10:44:42,9.08,-0.01,40,36320,卖盘
507,10:45:04,9.09,0.01,2,1818,买盘
508,10:45:22,9.09,0.0,5,4545,买盘
509,10:46:04,9.09,0.0,20,18180,买盘
510,10:46:09,9.08,-0.01,73,66284,卖盘
511,10:46:18,9.08,0.0,31,28148,买盘
512,10:46:37,9.09,0.01,1,909,买盘
513,10:46:40,9.08,-0.01,47,42676,卖盘
514,10:46:42,9.09,0.01,1,909,买盘
515,10:46:58,9.09,0.0,12,10908,买盘
516,10:47:10,9.09,0.0,1,909,买盘
517,10:47:13,9.1,0.01,2,1820,买盘
518,10:47:54,9.11,0.01,81,73791,买盘
519,10:48:43,9.1,-0.01,9,8190,卖盘
520,10:48:52,9.1,0.0,12,10920,卖盘
521,10:49:01,9.11,0.01,5,4551,买盘
522,10:49:24,9.11,0.0,431,392626,买盘
523,10:49:31,9.11,0.0,1,911,买盘
524,10:50:07,9.1,-0.01,4,3640,卖盘
525,10:50:34,9.11,0.01,14,12945,买盘
526,10:50:37,9.11,0.0,3,2733,卖盘
527,10:51:22,9.13,0.02,10,9130,买盘
528,10:51:55,9.13,0.0,2,1826,买盘
529,10:52:04,9.13,0.0,16,14608,买盘
530,10:52:22,9.13,0.0,3,2739,买盘
531,10:52:30,9.13,0.0,10,9130,卖盘
532,10:52:42,9.13,0.0,165,150645,卖盘
533,10:52:46,9.13,0.0,25,22825,买盘
534,10:52:49,9.13,0.0,15,13695,买盘
535,10:52:52,9.13,0.0,12,10956,卖盘
536,10:53:33,9.12,-0.01,18,16416,买盘
537,10:53:52,9.14,0.02,14,12788,买盘
538,10:54:12,9.14,0.0,17,15538,买盘
539,10:54:55,9.14,0.0,21,19194,买盘
540,10:55:04,9.14,0.0,7,6398,买盘
541,10:55:40,9.15,0.01,3,2745,买盘
542,10:55:49,9.14,-0.01,46,42055,卖盘
543,10:56:39,9.13,-0.01,1,913,卖盘
544,10:57:01,9.13,0.0,1,913,卖盘
545,10:57:07,9.14,0.01,2,1828,买盘
546,10:57:09,9.14,0.0,2,1828,买盘
547,10:57:19,9.14,0.0,1,914,买盘
548,10:57:22,9.14,0.0,17,15538,买盘
549,10:57:30,9.13,-0.01,2,1826,卖盘
550,10:58:00,9.13,0.0,1,913,卖盘
551,10:58:24,9.14,0.01,1,914,买盘
552,10:58:31,9.13,-0.01,2,1826,卖盘
553,10:58:40,9.14,0.01,3,2742,买盘
554,10:58:49,9.13,-0.01,10,9130,卖盘
555,10:59:01,9.13,0.0,1,913,卖盘
556,10:59:04,9.14,0.01,51,46564,买盘
557,10:59:45,9.14,0.0,9,8226,买盘
558,10:59:48,9.14,0.0,261,238554,买盘
559,10:59:55,9.15,0.01,28,25620,买盘
560,10:59:58,9.14,-0.01,1,914,卖盘
561,11:00:06,9.15,0.01,26,23790,买盘
562,11:00:10,9.15,0.0,2,1830,买盘
563,11:00:27,9.14,-0.01,2,1828,卖盘
564,11:00:40,9.14,0.0,60,54840,卖盘
565,11:00:46,9.14,0.0,10,9140,卖盘
566,11:00:52,9.15,0.01,11,10065,买盘
567,11:00:58,9.14,-0.01,18,16469,卖盘
568,11:01:28,9.14,0.0,2,1828,卖盘
569,11:01:37,9.15,0.01,16,14640,买盘
570,11:01:39,9.15,0.0,3,2745,买盘
571,11:01:43,9.15,0.0,1,915,买盘
572,11:01:48,9.15,0.0,1,915,买盘
573,11:01:52,9.15,0.0,12,10980,买盘
574,11:01:58,9.15,0.0,10,9149,买盘
575,11:02:04,9.15,0.0,4,3660,买盘
576,11:02:22,9.14,-0.01,127,116105,卖盘
577,11:02:28,9.14,0.0,2,1828,卖盘
578,11:02:43,9.15,0.01,18,16470,买盘
579,11:02:46,9.14,-0.01,101,92314,卖盘
580,11:02:57,9.13,-0.01,1,913,卖盘
581,11:03:04,9.13,0.0,2,1826,卖盘
582,11:03:07,9.14,0.01,16,14624,买盘
583,11:03:10,9.14,0.0,2,1828,买盘
584,11:03:15,9.14,0.0,10,9140,买盘
585,11:03:21,9.12,-0.02,4,3648,卖盘
586,11:03:27,9.12,0.0,2,1824,卖盘
587,11:03:49,9.13,0.01,9,8217,买盘
588,11:03:51,9.12,-0.01,4,3648,卖盘
589,11:03:57,9.12,0.0,1,912,卖盘
590,11:04:01,9.12,0.0,5,4560,卖盘
591,11:04:04,9.13,0.01,1,913,买盘
592,11:04:10,9.13,0.0,3,2739,买盘
593,11:04:12,9.13,0.0,2,1826,买盘
594,11:04:15,9.13,0.0,3,2739,买盘
595,11:04:18,9.13,0.0,2,1826,买盘
596,11:04:22,9.13,0.0,34,31037,买盘
597,11:04:28,9.13,0.0,2,1826,卖盘
598,11:04:37,9.14,0.01,3,2742,买盘
599,11:04:49,9.14,0.0,17,15538,买盘
600,11:04:52,9.13,-0.01,5,4565,卖盘
601,11:04:55,9.13,0.0,4,3652,卖盘
602,11:04:58,9.13,0.0,1,913,卖盘
603,11:05:19,9.13,0.0,4,3652,卖盘
604,11:05:27,9.13,0.0,2,1826,卖盘
605,11:05:48,9.13,0.0,5,4565,卖盘
606,11:05:54,9.14,0.01,2,1828,买盘
607,11:05:58,9.13,-0.01,1,913,卖盘
608,11:06:01,9.14,0.01,54,49356,买盘
609,11:06:07,9.14,0.0,1,914,买盘
610,11:06:09,9.14,0.0,2,1828,买盘
611,11:06:13,9.14,0.0,1,914,买盘
612,11:06:19,9.14,0.0,6,5479,买盘
613,11:06:22,9.14,0.0,23,21022,买盘
614,11:06:30,9.14,0.0,2,1828,卖盘
615,11:06:43,9.14,0.0,1,914,卖盘
616,11:06:46,9.14,0.0,4,3656,卖盘
617,11:07:00,9.14,0.0,1,914,卖盘
618,11:07:07,9.15,0.01,17,15555,买盘
619,11:07:16,9.14,-0.01,8,7315,卖盘
620,11:07:25,9.15,0.01,21,19215,买盘
621,11:07:31,9.14,-0.01,2,1828,卖盘
622,11:07:40,9.14,0.0,38,34751,卖盘
623,11:07:45,9.14,0.0,4,3656,卖盘
624,11:07:49,9.14,0.0,21,19194,卖盘
625,11:07:57,9.12,-0.02,21,19162,卖盘
626,11:08:01,9.12,0.0,1,912,卖盘
627,11:08:07,9.15,0.03,43,39344,买盘
628,11:08:09,9.11,-0.04,18,16399,卖盘
629,11:08:16,9.12,0.01,3,2736,中性盘
630,11:08:21,9.12,0.0,2,1824,买盘
631,11:08:25,9.12,0.0,8,7296,卖盘
632,11:08:30,9.12,0.0,2,1824,卖盘
633,11:08:43,9.12,0.0,4,3648,卖盘
634,11:09:01,9.12,0.0,1,912,卖盘
635,11:09:09,9.14,0.02,2,1828,买盘
636,11:09:12,9.12,-0.02,5,4560,卖盘
637,11:09:31,9.13,0.01,2,1826,卖盘
638,11:09:37,9.13,0.0,8,7304,卖盘
639,11:09:39,9.13,0.0,21,19173,卖盘
640,11:09:43,9.13,0.0,5,4565,卖盘
641,11:09:49,9.13,0.0,18,16434,卖盘
642,11:10:00,9.13,0.0,22,20086,卖盘
643,11:10:10,9.12,-0.01,21,19154,卖盘
644,11:10:30,9.12,0.0,2,1824,卖盘
645,11:10:36,9.12,0.0,8,7296,卖盘
646,11:10:40,9.12,0.0,5,4560,卖盘
647,11:10:43,9.13,0.01,1,913,买盘
648,11:11:01,9.12,-0.01,1,912,卖盘
649,11:11:09,9.12,0.0,5,4560,卖盘
650,11:11:15,9.13,0.01,50,45650,买盘
651,11:11:31,9.13,0.0,2,1826,卖盘
652,11:11:34,9.14,0.01,7,6398,买盘
653,11:11:36,9.13,-0.01,8,7304,卖盘
654,11:11:39,9.13,0.0,4,3652,卖盘
655,11:11:43,9.13,0.0,20,18260,卖盘
656,11:11:52,9.13,0.0,50,45680,卖盘
657,11:11:57,9.14,0.01,21,19194,买盘
658,11:12:01,9.13,-0.01,21,19179,卖盘
659,11:12:06,9.15,0.02,30,27432,买盘
660,11:12:13,9.13,-0.02,19,17347,卖盘
661,11:12:34,9.14,0.01,2,1828,卖盘
662,11:12:36,9.14,0.0,12,10968,卖盘
663,11:12:51,9.15,0.01,35,32025,买盘
664,11:12:55,9.14,-0.01,16,14624,卖盘
665,11:13:04,9.13,-0.01,1,913,卖盘
666,11:13:07,9.13,0.0,4,3652,卖盘
667,11:13:33,9.13,0.0,7,6391,卖盘
668,11:13:36,9.14,0.01,16,14624,买盘
669,11:13:39,9.14,0.0,11,10054,卖盘
670,11:13:43,9.13,-0.01,21,19173,卖盘
671,11:13:52,9.13,0.0,18,16434,卖盘
672,11:14:04,9.14,0.01,40,36534,买盘
673,11:14:07,9.14,0.0,16,14624,卖盘
674,11:14:12,9.13,-0.01,21,19173,卖盘
675,11:14:22,9.15,0.02,76,69479,买盘
676,11:14:27,9.14,-0.01,3,2742,买盘
677,11:14:34,9.13,-0.01,30,27410,卖盘
678,11:14:57,9.14,0.01,8,7312,买盘
679,11:15:04,9.14,0.0,5,4570,卖盘
680,11:15:07,9.15,0.01,6,5490,买盘
681,11:15:31,9.14,-0.01,5,4570,卖盘
682,11:15:34,9.14,0.0,6,5484,卖盘
683,11:15:40,9.14,0.0,8,7312,卖盘
684,11:15:45,9.13,-0.01,18,16451,卖盘
685,11:15:48,9.15,0.02,20,18300,买盘
686,11:15:55,9.13,-0.02,18,16434,卖盘
687,11:16:01,9.13,0.0,4,3652,卖盘
688,11:16:04,9.13,0.0,20,18260,卖盘
689,11:16:16,9.13,0.0,19,17347,卖盘
690,11:16:25,9.13,0.0,5,4565,卖盘
691,11:16:30,9.13,0.0,5,4565,卖盘
692,11:16:34,9.13,0.0,2,1826,卖盘
693,11:16:43,9.13,0.0,8,7309,卖盘
694,11:16:57,9.13,0.0,4,3652,卖盘
695,11:17:04,9.13,0.0,1,913,卖盘
696,11:17:07,9.15,0.02,1,915,买盘
697,11:17:10,9.15,0.0,2,1830,买盘
698,11:17:28,9.14,-0.01,4,3656,卖盘
699,11:17:34,9.14,0.0,2,1828,卖盘
700,11:17:45,9.13,-0.01,22,20087,卖盘
701,11:17:58,9.13,0.0,25,22825,卖盘
702,11:18:04,9.13,0.0,1,913,卖盘
703,11:18:06,9.13,0.0,19,17347,卖盘
704,11:18:15,9.13,0.0,19,17347,卖盘
705,11:18:28,9.13,0.0,5,4565,卖盘
706,11:18:37,9.13,0.0,2,1826,卖盘
707,11:18:45,9.13,0.0,8,7304,卖盘
708,11:18:54,9.13,0.0,4,3652,卖盘
709,11:18:57,9.13,0.0,109,99517,卖盘
710,11:19:06,9.13,0.0,1,913,卖盘
711,11:19:25,9.13,0.0,5,4565,卖盘
712,11:19:36,9.13,0.0,2,1826,卖盘
713,11:19:45,9.13,0.0,8,7304,卖盘
714,11:19:48,9.12,-0.01,21,19161,卖盘
715,11:19:57,9.12,0.0,21,19152,卖盘
716,11:20:06,9.12,0.0,22,20064,卖盘
717,11:20:18,9.12,0.0,16,14592,卖盘
718,11:20:24,9.13,0.01,16,14604,买盘
719,11:20:31,9.14,0.01,40,36551,买盘
720,11:20:37,9.12,-0.02,2,1824,卖盘
721,11:20:49,9.12,0.0,8,7296,卖盘
722,11:20:52,9.12,0.0,4,3648,卖盘
723,11:21:06,9.12,0.0,1,912,卖盘
724,11:21:10,9.14,0.02,5,4570,买盘
725,11:21:12,9.14,0.0,5,4570,卖盘
726,11:21:16,9.14,0.0,1,914,买盘
727,11:21:21,9.12,-0.02,5,4560,卖盘
728,11:21:37,9.12,0.0,2,1824,卖盘
729,11:21:48,9.12,0.0,28,25536,卖盘
730,11:21:51,9.12,0.0,4,3648,卖盘
731,11:21:54,9.14,0.02,25,22850,买盘
732,11:21:58,9.12,-0.02,20,18240,卖盘
733,11:22:07,9.12,0.0,1,912,卖盘
734,11:22:09,9.12,0.0,19,17328,卖盘
735,11:22:18,9.12,0.0,20,18240,卖盘
736,11:22:21,9.12,0.0,4,3648,卖盘
737,11:22:37,9.12,0.0,4,3648,卖盘
738,11:22:40,9.14,0.02,26,23764,买盘
739,11:22:48,9.12,-0.02,4,3648,卖盘
740,11:22:51,9.12,0.0,8,7296,卖盘
741,11:22:57,9.14,0.02,2,1828,买盘
742,11:23:19,9.12,-0.02,5,4560,卖盘
743,11:23:24,9.14,0.02,27,24678,买盘
744,11:23:37,9.12,-0.02,25,22800,卖盘
745,11:23:48,9.12,0.0,4,3648,卖盘
746,11:23:51,9.12,0.0,27,24624,卖盘
747,11:24:00,9.12,0.0,21,19152,卖盘
748,11:24:10,9.12,0.0,30,27380,卖盘
749,11:24:15,9.12,0.0,5,4560,卖盘
750,11:24:18,9.12,0.0,19,17328,卖盘
751,11:24:24,9.14,0.02,7,6398,买盘
752,11:24:46,9.12,-0.02,4,3648,卖盘
753,11:24:55,9.12,0.0,8,7296,卖盘
754,11:25:15,9.12,0.0,5,4560,卖盘
755,11:25:43,9.12,0.0,5,4560,卖盘
756,11:25:52,9.12,0.0,18,16416,卖盘
757,11:25:54,9.12,0.0,8,7296,卖盘
758,11:26:04,9.12,0.0,21,19152,卖盘
759,11:26:06,9.13,0.01,1,913,买盘
760,11:26:12,9.11,-0.02,21,19136,卖盘
761,11:26:21,9.11,0.0,18,16398,卖盘
762,11:26:30,9.11,0.0,1,911,卖盘
763,11:26:42,9.11,0.0,5,4555,卖盘
764,11:26:58,9.11,0.0,8,7288,卖盘
765,11:27:13,9.12,0.01,6,5468,买盘
766,11:27:39,9.11,-0.01,5,4555,卖盘
767,11:27:55,9.11,0.0,19,17309,卖盘
768,11:27:57,9.11,0.0,9,8200,卖盘
769,11:28:03,9.11,0.0,20,18220,卖盘
770,11:28:07,9.11,0.0,41,37351,卖盘
771,11:28:09,9.11,0.0,4,3644,卖盘
772,11:28:12,9.11,0.0,20,18220,卖盘
773,11:28:19,9.11,0.0,13,11843,卖盘
774,11:28:25,9.11,0.0,19,17309,卖盘
775,11:28:30,9.11,0.0,1,911,卖盘
776,11:28:40,9.11,0.0,5,4555,卖盘
777,11:29:00,9.11,0.0,8,7288,卖盘
778,11:29:07,9.11,0.0,5,4555,卖盘
779,11:29:16,9.12,0.01,4,3648,买盘
780,11:29:36,9.11,-0.01,4,3644,卖盘
781,11:29:54,9.11,0.0,19,17309,卖盘
782,11:30:01,9.11,0.0,8,7288,卖盘
783,13:00:05,9.12,0.01,7,6380,买盘
784,13:00:15,9.14,0.02,20,18242,买盘
785,13:00:18,9.14,0.0,9,8226,买盘
786,13:00:24,9.12,-0.02,20,18242,卖盘
787,13:00:33,9.12,0.0,2,1824,卖盘
788,13:00:36,9.12,0.0,4,3648,卖盘
789,13:00:45,9.14,0.02,1,914,买盘
790,13:01:04,9.11,-0.03,8,7288,卖盘
791,13:01:16,9.14,0.03,1,914,买盘
792,13:01:30,9.14,0.0,7,6398,买盘
793,13:01:33,9.11,-0.03,4,3644,卖盘
794,13:01:36,9.14,0.03,110,100540,买盘
795,13:01:45,9.15,0.01,1,915,买盘
796,13:01:57,9.11,-0.04,19,17309,卖盘
797,13:02:04,9.11,0.0,4,3644,卖盘
798,13:02:07,9.11,0.0,18,16398,卖盘
799,13:02:15,9.11,0.0,23,20957,卖盘
800,13:02:21,9.15,0.04,1,915,买盘
801,13:02:27,9.11,-0.04,19,17315,卖盘
802,13:02:34,9.11,0.0,1,911,卖盘
803,13:02:45,9.12,0.01,1,912,买盘
804,13:02:54,9.12,0.0,3,2736,买盘
805,13:03:00,9.12,0.0,5,4560,卖盘
806,13:03:15,9.15,0.03,12,10971,买盘
807,13:03:30,9.12,-0.03,2,1824,卖盘
808,13:03:36,9.12,0.0,2,1824,买盘
809,13:03:45,9.12,0.0,1,912,买盘
810,13:03:51,9.12,0.0,4,3648,买盘
811,13:03:57,9.11,-0.01,19,17320,卖盘
812,13:04:07,9.11,0.0,18,16398,卖盘
813,13:04:13,9.12,0.01,4,3648,买盘
814,13:04:15,9.11,-0.01,20,18242,卖盘
815,13:04:28,9.11,0.0,26,23686,卖盘
816,13:04:36,9.11,0.0,2,1822,卖盘
817,13:04:57,9.14,0.03,7,6390,买盘
818,13:05:01,9.14,0.0,15,13710,卖盘
819,13:05:09,9.14,0.0,1,914,买盘
820,13:05:28,9.12,-0.02,4,3648,卖盘
821,13:05:33,9.12,0.0,1,912,买盘
822,13:05:40,9.14,0.02,48,43872,买盘
823,13:05:42,9.12,-0.02,1,912,中性盘
824,13:05:48,9.14,0.02,18,16452,卖盘
825,13:05:54,9.14,0.0,6,5484,卖盘
826,13:05:57,9.11,-0.03,22,20042,卖盘
827,13:06:10,9.11,0.0,20,18220,卖盘
828,13:06:19,9.11,0.0,17,15487,卖盘
829,13:06:24,9.11,0.0,4,3644,卖盘
830,13:06:27,9.14,0.03,27,24678,买盘
831,13:06:30,9.11,-0.03,20,18220,卖盘
832,13:06:46,9.14,0.03,25,22850,买盘
833,13:06:51,9.14,0.0,8,7312,买盘
834,13:06:54,9.12,-0.02,5,4568,卖盘
835,13:06:57,9.14,0.02,1,914,中性盘
836,13:07:00,9.14,0.0,13,11882,买盘
837,13:07:07,9.14,0.0,30,27420,买盘
838,13:07:12,9.14,0.0,5,4570,买盘
839,13:07:15,9.14,0.0,4,3656,卖盘
840,13:07:24,9.12,-0.02,4,3648,卖盘
841,13:07:51,9.12,0.0,4,3648,卖盘
842,13:08:00,9.12,0.0,21,19152,卖盘
843,13:08:09,9.11,-0.01,21,19143,卖盘
844,13:08:18,9.11,0.0,19,17309,卖盘
845,13:08:21,9.11,0.0,4,3644,卖盘
846,13:08:30,9.11,0.0,18,16398,卖盘
847,13:08:52,9.11,0.0,5,4555,卖盘
848,13:09:21,9.11,0.0,4,3644,卖盘
849,13:09:30,9.14,0.03,4,3656,买盘
850,13:09:46,9.14,0.0,5,4570,买盘
851,13:09:49,9.11,-0.03,5,4555,卖盘
852,13:10:01,9.11,0.0,18,16398,卖盘
853,13:10:13,9.11,0.0,19,17309,卖盘
854,13:10:19,9.11,0.0,4,3644,卖盘
855,13:10:21,9.11,0.0,18,16398,卖盘
856,13:10:30,9.11,0.0,22,20042,卖盘
857,13:10:34,9.14,0.03,4,3656,买盘
858,13:10:36,9.11,-0.03,15,13665,卖盘
859,13:10:43,9.11,0.0,2,1822,卖盘
860,13:10:49,9.11,0.0,5,4555,卖盘
861,13:11:06,9.14,0.03,4,3656,买盘
862,13:11:16,9.11,-0.03,4,3644,卖盘
863,13:11:19,9.14,0.03,1,914,买盘
864,13:11:39,9.14,0.0,4,3656,买盘
865,13:11:45,9.11,-0.03,4,3644,卖盘
866,13:11:55,9.14,0.03,5,4570,买盘
867,13:12:04,9.12,-0.02,19,17328,卖盘
868,13:12:13,9.12,0.0,22,20064,卖盘
869,13:12:16,9.12,0.0,4,3648,卖盘
870,13:12:24,9.11,-0.01,21,19131,卖盘
871,13:12:34,9.11,0.0,17,15487,卖盘
872,13:12:43,9.11,0.0,5,4555,卖盘
873,13:12:54,9.14,0.03,4,3656,买盘
874,13:13:13,9.11,-0.03,4,3644,卖盘
875,13:13:42,9.11,0.0,5,4555,卖盘
876,13:13:48,9.14,0.03,90,82260,买盘
877,13:14:06,9.11,-0.03,22,20042,卖盘
878,13:14:13,9.11,0.0,23,20953,卖盘
879,13:14:24,9.14,0.03,22,20072,买盘
880,13:14:28,9.14,0.0,37,33818,买盘
881,13:14:31,9.14,0.0,4,3656,卖盘
882,13:14:34,9.12,-0.02,2,1824,卖盘
883,13:14:40,9.11,-0.01,22,20060,卖盘
884,13:14:42,9.11,0.0,1,911,卖盘
885,13:15:10,9.11,0.0,4,3644,卖盘
886,13:15:39,9.12,0.01,4,3648,卖盘
887,13:15:51,9.14,0.02,1,914,买盘
888,13:15:54,9.14,0.0,4,3656,买盘
889,13:15:57,9.12,-0.02,30,27360,卖盘
890,13:16:07,9.12,0.0,19,17328,卖盘
891,13:16:10,9.12,0.0,5,4560,卖盘
892,13:16:16,9.12,0.0,20,18240,卖盘
893,13:16:24,9.12,0.0,20,18240,卖盘
894,13:16:33,9.12,0.0,20,18240,卖盘
895,13:16:36,9.12,0.0,4,3648,卖盘
896,13:16:43,9.13,0.01,2,1826,买盘
897,13:17:04,9.13,0.0,6,5478,买盘
898,13:17:07,9.12,-0.01,5,4560,卖盘
899,13:17:10,9.13,0.01,26,23738,买盘
900,13:17:27,9.14,0.01,3,2742,买盘
901,13:17:37,9.13,-0.01,8,7304,卖盘
902,13:17:55,9.14,0.01,150,137100,买盘
903,13:18:04,9.12,-0.02,4,3648,卖盘
904,13:18:10,9.12,0.0,20,18240,卖盘
905,13:18:16,9.12,0.0,18,16416,卖盘
906,13:18:28,9.12,0.0,20,18240,卖盘
907,13:18:30,9.12,0.0,18,16416,卖盘
908,13:18:33,9.12,0.0,5,4560,卖盘
909,13:18:37,9.12,0.0,18,16416,卖盘
910,13:18:49,9.12,0.0,3,2736,卖盘
911,13:18:54,9.14,0.02,1,914,买盘
912,13:19:04,9.12,-0.02,5,4560,卖盘
913,13:19:06,9.12,0.0,10,9120,卖盘
914,13:19:13,9.12,0.0,81,73872,卖盘
915,13:19:31,9.11,-0.01,4,3644,卖盘
916,13:19:58,9.12,0.01,3,2736,买盘
917,13:20:01,9.11,-0.01,30,27356,卖盘
918,13:20:06,9.11,0.0,21,19131,卖盘
919,13:20:19,9.11,0.0,20,18220,卖盘
920,13:20:21,9.13,0.02,1,913,买盘
921,13:20:27,9.13,0.0,19,17311,买盘
922,13:20:31,9.11,-0.02,5,4555,卖盘
923,13:20:34,9.13,0.02,1,913,买盘
924,13:20:36,9.11,-0.02,20,18220,卖盘
925,13:20:39,9.13,0.02,1,913,买盘
926,13:20:43,9.13,0.0,20,18260,买盘
927,13:20:46,9.13,0.0,1,913,买盘
928,13:20:52,9.13,0.0,1,913,买盘
929,13:20:58,9.13,0.0,1,913,买盘
930,13:21:00,9.11,-0.02,4,3644,卖盘
931,13:21:07,9.13,0.02,1,913,买盘
932,13:21:13,9.13,0.0,1,913,买盘
933,13:21:18,9.13,0.0,1,913,买盘
934,13:21:24,9.13,0.0,1,913,买盘
935,13:21:28,9.11,-0.02,32,29208,卖盘
936,13:21:31,9.13,0.02,1,913,买盘
937,13:21:36,9.13,0.0,1,913,买盘
938,13:21:42,9.13,0.0,1,913,买盘
939,13:21:48,9.13,0.0,1,913,买盘
940,13:21:55,9.13,0.0,2,1826,买盘
941,13:21:58,9.11,-0.02,5,4555,卖盘
942,13:22:01,9.13,0.02,1,913,买盘
943,13:22:06,9.13,0.0,2,1826,买盘
944,13:22:09,9.11,-0.02,26,23704,卖盘
945,13:22:12,9.14,0.03,1,914,买盘
946,13:22:16,9.13,-0.01,14,12782,卖盘
947,13:22:18,9.11,-0.02,12,10934,卖盘
948,13:22:24,9.13,0.02,10,9112,买盘
949,13:22:27,9.11,-0.02,5,4555,卖盘
950,13:22:31,9.1,-0.01,22,20025,卖盘
951,13:22:36,9.11,0.01,26,23688,卖盘
952,13:22:39,9.1,-0.01,32,29134,卖盘
953,13:22:42,9.13,0.03,1,913,买盘
954,13:22:48,9.13,0.0,1,913,买盘
955,13:22:55,9.13,0.0,1,913,买盘
956,13:22:58,9.13,0.0,14,12774,买盘
957,13:23:04,9.14,0.01,26,23740,买盘
958,13:23:06,9.14,0.0,1,914,买盘
959,13:23:12,9.13,-0.01,1,913,买盘
960,13:23:18,9.13,0.0,1,913,买盘
961,13:23:25,9.11,-0.02,5,4557,卖盘
962,13:23:30,9.13,0.02,1,913,买盘
963,13:23:37,9.13,0.0,1,913,买盘
964,13:23:42,9.13,0.0,1,913,买盘
965,13:23:48,9.13,0.0,1,913,买盘
966,13:23:55,9.13,0.0,5,4557,买盘
967,13:24:00,9.13,0.0,1,913,买盘
968,13:24:03,9.13,0.0,31,28303,买盘
969,13:24:09,9.11,-0.02,21,19133,卖盘
970,13:24:15,9.13,0.02,1,913,买盘
971,13:24:21,9.13,0.0,22,20034,买盘
972,13:24:27,9.11,-0.02,1,911,买盘
973,13:24:31,9.1,-0.01,24,21850,卖盘
974,13:24:33,9.13,0.03,1,913,买盘
975,13:24:39,9.13,0.0,1,913,买盘
976,13:24:42,9.1,-0.03,18,16389,卖盘
977,13:24:45,9.11,0.01,1,911,买盘
978,13:24:48,9.11,0.0,1,911,买盘
979,13:24:52,9.1,-0.01,5,4551,卖盘
980,13:25:04,9.11,0.01,15,13665,买盘
981,13:25:09,9.12,0.01,1,912,卖盘
982,13:25:12,9.13,0.01,15,13695,买盘
983,13:25:21,9.1,-0.03,5,4550,卖盘
984,13:25:52,9.11,0.01,5,4555,中性盘
985,13:26:04,9.13,0.02,31,28303,买盘
986,13:26:12,9.11,-0.02,19,17309,卖盘
987,13:26:18,9.11,0.0,4,3644,卖盘
988,13:26:24,9.11,0.0,19,17309,卖盘
989,13:26:30,9.11,0.0,19,17309,卖盘
990,13:26:33,9.13,0.02,1,913,买盘
991,13:26:43,9.11,-0.02,19,17309,卖盘
992,13:26:48,9.11,0.0,4,3644,卖盘
993,13:26:52,9.11,0.0,3,2733,卖盘
994,13:26:57,9.13,0.02,100,91300,买盘
995,13:27:04,9.14,0.01,31,28334,买盘
996,13:27:16,9.13,-0.01,2,1826,买盘
997,13:27:19,9.11,-0.02,9,8199,卖盘
998,13:27:49,9.11,0.0,4,3644,卖盘
999,13:27:55,9.11,0.0,2,1822,买盘
1000,13:28:00,9.11,0.0,2,1822,买盘
1001,13:28:13,9.12,0.01,20,18240,卖盘
1002,13:28:15,9.13,0.01,11,10043,买盘
1003,13:28:25,9.1,-0.03,18,16391,卖盘
1004,13:28:34,9.1,0.0,18,16380,卖盘
1005,13:28:42,9.1,0.0,20,18200,卖盘
1006,13:28:45,9.1,0.0,5,4550,卖盘
1007,13:28:51,9.1,0.0,4,3640,卖盘
1008,13:29:04,9.12,0.02,12,10937,买盘
1009,13:29:09,9.12,0.0,19,17328,卖盘
1010,13:29:45,9.1,-0.02,5,4550,卖盘
1011,13:29:57,9.12,0.02,4,3648,买盘
1012,13:30:04,9.13,0.01,31,28280,买盘
1013,13:30:13,9.1,-0.03,4,3640,卖盘
1014,13:30:15,9.1,0.0,19,17290,卖盘
1015,13:30:27,9.1,0.0,20,18200,卖盘
1016,13:30:37,9.1,0.0,21,19110,卖盘
1017,13:30:43,9.1,0.0,5,4550,卖盘
1018,13:30:46,9.1,0.0,18,16380,卖盘
1019,13:30:55,9.1,0.0,1,910,卖盘
1020,13:31:00,9.1,0.0,69,62790,卖盘
1021,13:31:04,9.1,0.0,30,27300,买盘
1022,13:31:10,9.1,0.0,1,910,买盘
1023,13:31:13,9.09,-0.01,4,3636,卖盘
1024,13:31:18,9.1,0.01,52,47320,买盘
1025,13:31:21,9.1,0.0,14,12740,买盘
1026,13:31:39,9.09,-0.01,4,3636,卖盘
1027,13:32:04,9.1,0.01,31,28210,买盘
1028,13:32:09,9.09,-0.01,4,3636,卖盘
1029,13:32:15,9.09,0.0,18,16362,卖盘
1030,13:32:28,9.09,0.0,19,17271,卖盘
1031,13:32:39,9.09,0.0,24,21816,卖盘
1032,13:32:46,9.08,-0.01,19,17260,卖盘
1033,13:32:57,9.08,0.0,3,2724,卖盘
1034,13:33:04,9.1,0.02,31,28210,买盘
1035,13:33:07,9.08,-0.02,5,4540,卖盘
1036,13:33:37,9.08,0.0,5,4540,卖盘
1037,13:33:40,9.09,0.01,20,18180,买盘
1038,13:33:42,9.08,-0.01,21,19072,卖盘
1039,13:34:04,9.1,0.02,31,28210,买盘
1040,13:34:06,9.08,-0.02,4,3632,卖盘
1041,13:34:12,9.08,0.0,18,16344,卖盘
1042,13:34:19,9.08,0.0,19,17252,卖盘
1043,13:34:31,9.08,0.0,19,17252,卖盘
1044,13:34:36,9.08,0.0,4,3632,卖盘
1045,13:34:40,9.08,0.0,19,17252,卖盘
1046,13:34:43,9.08,0.0,2,1816,卖盘
1047,13:34:46,9.08,0.0,2,1816,卖盘
1048,13:34:49,9.08,0.0,19,17252,卖盘
1049,13:34:55,9.08,0.0,2,1816,卖盘
1050,13:34:58,9.07,-0.01,3,2721,卖盘
1051,13:35:04,9.09,0.02,31,28171,买盘
1052,13:35:07,9.07,-0.02,4,3629,卖盘
1053,13:35:19,9.08,0.01,20,18160,买盘
1054,13:35:22,9.08,0.0,1,908,买盘
1055,13:35:34,9.08,0.0,4,3632,卖盘
1056,13:36:04,9.08,0.0,36,32741,卖盘
1057,13:36:07,9.1,0.02,15,13650,买盘
1058,13:36:12,9.1,0.0,5,4550,买盘
1059,13:36:19,9.08,-0.02,22,19976,卖盘
1060,13:36:27,9.07,-0.01,20,18157,卖盘
1061,13:36:40,9.07,0.0,18,16326,卖盘
1062,13:36:48,9.07,0.0,18,16326,卖盘
1063,13:36:52,9.08,0.01,8,7264,买盘
1064,13:36:58,9.08,0.0,1,908,卖盘
1065,13:37:01,9.08,0.0,4,3632,卖盘
1066,13:37:04,9.1,0.02,41,37278,买盘
1067,13:37:31,9.08,-0.02,4,3632,卖盘
1068,13:37:37,9.1,0.02,21,19110,买盘
1069,13:38:01,9.08,-0.02,5,4540,卖盘
1070,13:38:04,9.1,0.02,31,28190,买盘
1071,13:38:21,9.1,0.0,25,22710,买盘
1072,13:38:27,9.08,-0.02,4,3632,卖盘
1073,13:38:30,9.08,0.0,19,17252,卖盘
1074,13:38:34,9.08,0.0,24,21792,卖盘
1075,13:38:40,9.07,-0.01,274,248518,卖盘
1076,13:38:43,9.06,-0.01,19,17214,卖盘
1077,13:38:52,9.06,0.0,19,17214,卖盘
1078,13:38:58,9.06,0.0,8,7248,卖盘
1079,13:39:01,9.06,0.0,2,1812,卖盘
1080,13:39:04,9.07,0.01,62,56194,买盘
1081,13:39:07,9.07,0.0,39,35369,买盘
1082,13:39:10,9.07,0.0,5,4535,卖盘
1083,13:39:13,9.07,0.0,6,5442,卖盘
1084,13:39:28,9.05,-0.02,4,3620,卖盘
1085,13:39:43,9.05,0.0,23,20838,卖盘
1086,13:39:51,9.07,0.02,1,907,中性盘
1087,13:39:55,9.05,-0.02,5,4525,卖盘
1088,13:40:04,9.08,0.03,30,27240,买盘
1089,13:40:15,9.06,-0.02,20,18120,卖盘
1090,13:40:25,9.05,-0.01,21,19021,卖盘
1091,13:40:31,9.05,0.0,22,19912,卖盘
1092,13:40:37,9.06,0.01,3,2718,买盘
1093,13:40:40,9.05,-0.01,25,22626,卖盘
1094,13:40:46,9.05,0.0,21,19005,卖盘
1095,13:40:48,9.07,0.02,13,11791,买盘
1096,13:40:51,9.05,-0.02,18,16300,卖盘
1097,13:41:04,9.08,0.03,31,28143,买盘
1098,13:41:12,9.08,0.0,5,4539,买盘
1099,13:41:24,9.06,-0.02,4,3624,卖盘
1100,13:41:34,9.08,0.02,30,27240,买盘
1101,13:41:40,9.06,-0.02,4,3624,卖盘
1102,13:41:51,9.06,0.0,23,20838,卖盘
1103,13:42:19,9.08,0.02,27,24516,买盘
1104,13:42:22,9.06,-0.02,5,4530,卖盘
1105,13:42:24,9.06,0.0,18,16308,卖盘
1106,13:42:34,9.05,-0.01,19,17212,卖盘
1107,13:42:43,9.05,0.0,5,4525,卖盘
1108,13:42:46,9.05,0.0,20,18100,卖盘
1109,13:42:51,9.05,0.0,5,4525,卖盘
1110,13:42:54,9.05,0.0,18,16290,卖盘
1111,13:43:04,9.08,0.03,16,14516,买盘
1112,13:43:16,9.08,0.0,5,4540,买盘
1113,13:43:21,9.06,-0.02,4,3624,卖盘
1114,13:43:24,9.08,0.02,4,3632,买盘
1115,13:43:43,9.06,-0.02,5,4530,卖盘
1116,13:43:49,9.06,0.0,16,14520,卖盘
1117,13:44:04,9.08,0.02,4,3632,买盘
1118,13:44:19,9.07,-0.01,1,907,卖盘
1119,13:44:22,9.07,0.0,1,907,买盘
1120,13:44:25,9.05,-0.02,20,18109,卖盘
1121,13:44:36,9.06,0.01,22,19932,卖盘
1122,13:44:42,9.06,0.0,5,4530,卖盘
1123,13:44:45,9.05,-0.01,20,18110,卖盘
1124,13:44:54,9.05,0.0,17,15385,卖盘
1125,13:45:16,9.05,0.0,4,3620,卖盘
1126,13:45:42,9.06,0.01,15,13590,买盘
1127,13:45:45,9.06,0.0,4,3624,卖盘
1128,13:46:16,9.06,0.0,5,4530,卖盘
1129,13:46:27,9.05,-0.01,20,18114,卖盘
1130,13:46:37,9.05,0.0,21,19005,卖盘
1131,13:46:43,9.05,0.0,9,8145,卖盘
1132,13:46:45,9.05,0.0,20,18100,卖盘
1133,13:46:55,9.07,0.02,4,3628,买盘
1134,13:46:58,9.05,-0.02,18,16290,卖盘
1135,13:47:01,9.05,0.0,9,8145,卖盘
1136,13:47:12,9.05,0.0,4,3620,卖盘
1137,13:47:15,9.07,0.02,9,8163,买盘
1138,13:47:39,9.07,0.0,1,907,买盘
1139,13:47:42,9.05,-0.02,13,11771,卖盘
1140,13:48:13,9.05,0.0,4,3620,卖盘
1141,13:48:27,9.05,0.0,19,17200,卖盘
1142,13:48:39,9.06,0.01,25,22639,卖盘
1143,13:48:42,9.05,-0.01,5,4525,卖盘
1144,13:48:49,9.05,0.0,21,19005,卖盘
1145,13:48:52,9.08,0.03,1,908,买盘
1146,13:48:58,9.05,-0.03,18,16290,卖盘
1147,13:49:09,9.05,0.0,5,4525,卖盘
1148,13:49:40,9.06,0.01,5,4530,卖盘
1149,13:49:45,9.06,0.0,4,3624,卖盘
1150,13:50:06,9.06,0.0,8,7256,卖盘
1151,13:50:27,9.08,0.02,19,17252,买盘
1152,13:50:30,9.06,-0.02,19,17214,卖盘
1153,13:50:36,9.06,0.0,4,3624,卖盘
1154,13:50:39,9.06,0.0,21,19026,卖盘
1155,13:50:42,9.06,0.0,13,11794,卖盘
1156,13:50:52,9.05,-0.01,19,17204,卖盘
1157,13:50:58,9.06,0.01,5,4532,卖盘
1158,13:51:04,9.05,-0.01,22,19922,卖盘
1159,13:51:06,9.05,0.0,5,4525,卖盘
1160,13:51:10,9.05,0.0,2,1810,卖盘
1161,13:51:12,9.08,0.03,21,19068,买盘
1162,13:51:34,9.05,-0.03,4,3620,卖盘
1163,13:51:45,9.05,0.0,5,4525,卖盘
1164,13:51:52,9.05,0.0,4,3620,卖盘
1165,13:51:55,9.08,0.03,4,3632,买盘
1166,13:52:01,9.08,0.0,26,23608,买盘
1167,13:52:04,9.05,-0.03,4,3620,卖盘
1168,13:52:15,9.05,0.0,128,115840,卖盘
1169,13:52:22,9.04,-0.01,172,155515,卖盘
1170,13:52:31,9.04,0.0,31,28003,买盘
1171,13:52:33,9.03,-0.01,4,3612,卖盘
1172,13:52:42,9.04,0.01,37,33428,买盘
1173,13:52:45,9.03,-0.01,5,4515,卖盘
1174,13:52:52,9.03,0.0,18,16254,卖盘
1175,13:52:58,9.03,0.0,18,16254,卖盘
1176,13:53:04,9.03,0.0,24,21672,卖盘
1177,13:53:24,9.04,0.01,85,76840,买盘
1178,13:53:27,9.04,0.0,25,22600,买盘
1179,13:53:31,9.04,0.0,27,24408,买盘
1180,13:53:40,9.05,0.01,4,3620,买盘
1181,13:53:43,9.04,-0.01,16,14476,卖盘
1182,13:53:48,9.05,0.01,1,905,买盘
1183,13:53:52,9.04,-0.01,10,9040,卖盘
1184,13:54:01,9.04,0.0,4,3616,卖盘
1185,13:54:04,9.05,0.01,129,116745,买盘
1186,13:54:31,9.04,-0.01,26,23504,卖盘
1187,13:54:43,9.04,0.0,20,18085,卖盘
1188,13:54:45,9.05,0.01,5,4525,卖盘
1189,13:54:51,9.04,-0.01,13,11757,卖盘
1190,13:54:58,9.04,0.0,10,9040,买盘
1191,13:55:01,9.03,-0.01,22,19875,卖盘
1192,13:55:24,9.07,0.04,34,30838,买盘
1193,13:55:27,9.05,-0.02,5,4525,卖盘
1194,13:55:46,9.04,-0.01,5,4520,卖盘
1195,13:55:58,9.04,0.0,4,3616,卖盘
1196,13:56:27,9.04,0.0,5,4520,卖盘
1197,13:56:33,9.04,0.0,20,18080,卖盘
1198,13:56:43,9.04,0.0,22,19888,卖盘
1199,13:56:45,9.04,0.0,25,22660,卖盘
1200,13:56:55,9.04,0.0,22,19888,卖盘
1201,13:57:04,9.05,0.01,19,17195,卖盘
1202,13:57:19,9.05,0.0,1,905,卖盘
1203,13:57:25,9.04,-0.01,5,4524,卖盘
1204,13:57:46,9.04,0.0,6,5424,卖盘
1205,13:57:55,9.04,0.0,5,4520,卖盘
1206,13:58:22,9.04,0.0,5,4520,卖盘
1207,13:58:36,9.03,-0.01,20,18066,卖盘
1208,13:58:45,9.03,0.0,24,21672,卖盘
1209,13:58:52,9.03,0.0,4,3612,卖盘
1210,13:58:55,9.03,0.0,18,16254,卖盘
1211,13:59:06,9.03,0.0,20,18060,卖盘
1212,13:59:16,9.03,0.0,2,1806,卖盘
1213,13:59:22,9.03,0.0,5,4515,卖盘
1214,13:59:33,9.07,0.04,1,907,买盘
1215,13:59:45,9.03,-0.04,5,4515,卖盘
1216,13:59:48,9.04,0.01,5,4520,卖盘
1217,14:00:19,9.04,0.0,4,3616,卖盘
1218,14:00:36,9.04,0.0,19,17176,卖盘
1219,14:00:46,9.05,0.01,20,18100,卖盘
1220,14:00:49,9.05,0.0,10,9050,卖盘
1221,14:00:58,9.05,0.0,46,41630,卖盘
1222,14:01:07,9.06,0.01,237,214501,买盘
1223,14:01:13,9.05,-0.01,8,7240,卖盘
1224,14:01:18,9.05,0.0,4,3620,卖盘
1225,14:01:25,9.05,0.0,1,905,卖盘
1226,14:01:39,9.05,0.0,9,8145,买盘
1227,14:01:46,9.04,-0.01,10,9042,卖盘
1228,14:01:49,9.01,-0.03,500,450870,卖盘
1229,14:01:52,9.04,0.03,1,904,买盘
1230,14:01:55,9.04,0.0,1,904,卖盘
1231,14:02:06,9.02,-0.02,6,5412,卖盘
1232,14:02:10,9.0,-0.02,500,450565,卖盘
1233,14:02:16,9.03,0.03,5,4515,中性盘
1234,14:02:39,9.0,-0.03,19,17110,卖盘
1235,14:02:45,9.01,0.01,9,8109,卖盘
1236,14:02:48,9.01,0.0,19,17119,卖盘
1237,14:02:58,9.01,0.0,21,18921,卖盘
1238,14:03:01,9.02,0.01,10,9020,中性盘
1239,14:03:10,9.02,0.0,20,18040,卖盘
1240,14:03:13,9.02,0.0,5,4510,卖盘
1241,14:03:19,9.05,0.03,13,11765,买盘
1242,14:03:30,9.03,-0.02,2,1806,卖盘
1243,14:03:42,9.01,-0.02,4,3604,卖盘
1244,14:03:45,9.03,0.02,4,3612,买盘
1245,14:03:49,9.03,0.0,5,4515,卖盘
1246,14:04:01,9.04,0.01,34,30736,买盘
1247,14:04:04,9.03,-0.01,3,2709,卖盘
1248,14:04:13,9.03,0.0,4,3612,卖盘
1249,14:04:19,9.04,0.01,1,904,买盘
1250,14:04:39,9.03,-0.01,19,17157,卖盘
1251,14:04:42,9.03,0.0,4,3612,卖盘
1252,14:04:45,9.03,0.0,39,35253,卖盘
1253,14:04:49,9.03,0.0,19,17157,卖盘
1254,14:05:00,9.02,-0.01,19,17152,卖盘
1255,14:05:10,9.02,0.0,26,23452,卖盘
1256,14:05:19,9.03,0.01,1,903,卖盘
1257,14:05:30,9.05,0.02,16,14480,买盘
1258,14:05:40,9.03,-0.02,5,4515,卖盘
1259,14:05:45,9.03,0.0,4,3612,卖盘
1260,14:06:09,9.04,0.01,4,3616,卖盘
1261,14:06:18,9.05,0.01,18,16290,买盘
1262,14:06:39,9.03,-0.02,24,21678,卖盘
1263,14:06:45,9.03,0.0,5,4515,卖盘
1264,14:06:51,9.03,0.0,22,19866,卖盘
1265,14:07:00,9.03,0.0,99,89376,卖盘
1266,14:07:04,9.03,0.0,6,5418,买盘
1267,14:07:06,9.02,-0.01,4,3608,卖盘
1268,14:07:09,9.02,0.0,17,15334,卖盘
1269,14:07:25,9.03,0.01,30,27090,买盘
1270,14:07:36,9.02,-0.01,5,4510,卖盘
1271,14:07:45,9.02,0.0,5,4510,卖盘
1272,14:07:57,9.03,0.01,50,45150,买盘
1273,14:08:06,9.02,-0.01,5,4510,卖盘
1274,14:08:09,9.02,0.0,236,213072,卖盘
1275,14:08:13,9.03,0.01,8,7224,买盘
1276,14:08:15,9.03,0.0,28,25284,买盘
1277,14:08:33,9.03,0.0,4,3612,卖盘
1278,14:08:42,9.03,0.0,20,18060,卖盘
1279,14:08:48,9.03,0.0,5,4515,卖盘
1280,14:08:51,9.02,-0.01,21,18944,卖盘
1281,14:08:57,9.05,0.03,1,905,买盘
1282,14:09:01,9.02,-0.03,20,18056,卖盘
1283,14:09:07,9.03,0.01,5,4515,中性盘
1284,14:09:13,9.02,-0.01,18,16236,卖盘
1285,14:09:27,9.02,0.0,500,451000,卖盘
1286,14:09:33,9.02,0.0,6,5412,卖盘
1287,14:09:49,9.02,0.0,4,3608,卖盘
1288,14:09:52,9.02,0.0,40,36080,卖盘
1289,14:09:55,9.03,0.01,5,4515,买盘
1290,14:10:01,9.02,-0.01,35,31600,卖盘
1291,14:10:07,9.02,0.0,30,27060,卖盘
1292,14:10:10,9.03,0.01,14,12642,买盘
1293,14:10:12,9.03,0.0,17,15351,买盘
1294,14:10:19,9.02,-0.01,48,43304,卖盘
1295,14:10:28,9.03,0.01,12,10836,买盘
1296,14:10:31,9.02,-0.01,34,30668,卖盘
1297,14:10:39,9.02,0.0,37,33380,卖盘
1298,14:10:42,9.02,0.0,20,18040,卖盘
1299,14:10:46,9.03,0.01,19,17157,买盘
1300,14:10:49,9.03,0.0,25,22570,买盘
1301,14:10:52,9.03,0.0,16,14448,买盘
1302,14:10:54,9.03,0.0,38,34314,卖盘
1303,14:11:00,9.04,0.01,9,8132,买盘
1304,14:11:04,9.03,-0.01,20,18060,卖盘
1305,14:11:06,9.03,0.0,5,4515,卖盘
1306,14:11:12,9.03,0.0,20,18060,卖盘
1307,14:11:28,9.04,0.01,5,4520,卖盘
1308,14:11:34,9.04,0.0,5,4520,卖盘
1309,14:11:45,9.04,0.0,15,13560,卖盘
1310,14:11:58,9.03,-0.01,4,3612,卖盘
1311,14:12:00,9.05,0.02,14,12670,买盘
1312,14:12:28,9.03,-0.02,5,4515,卖盘
1313,14:12:46,9.05,0.02,39,35274,买盘
1314,14:12:48,9.04,-0.01,5,4520,卖盘
1315,14:12:54,9.03,-0.01,20,18064,卖盘
1316,14:13:04,9.03,0.0,19,17157,卖盘
1317,14:13:13,9.03,0.0,28,25294,卖盘
1318,14:13:24,9.03,0.0,5,4515,卖盘
1319,14:13:27,9.04,0.01,4,3616,中性盘
1320,14:13:34,9.05,0.01,29,26244,买盘
1321,14:13:49,9.04,-0.01,4,3616,卖盘
1322,14:13:54,9.04,0.0,4,3616,卖盘
1323,14:14:12,9.04,0.0,2,1808,买盘
1324,14:14:25,9.04,0.0,4,3616,卖盘
1325,14:14:46,9.03,-0.01,19,17167,卖盘
1326,14:14:49,9.03,0.0,5,4515,卖盘
1327,14:14:51,9.03,0.0,4,3612,卖盘
1328,14:14:57,9.03,0.0,19,17157,卖盘
1329,14:15:01,9.05,0.02,20,18100,买盘
1330,14:15:06,9.02,-0.03,19,17152,卖盘
1331,14:15:16,9.02,0.0,21,18947,卖盘
1332,14:15:22,9.02,0.0,5,4510,卖盘
1333,14:15:24,9.02,0.0,1,902,卖盘
1334,14:15:43,9.05,0.03,18,16290,买盘
1335,14:15:49,9.02,-0.03,5,4510,卖盘
1336,14:15:51,9.02,0.0,5,4510,卖盘
1337,14:16:21,9.02,0.0,5,4510,卖盘
1338,14:16:27,9.05,0.03,1,905,买盘
1339,14:16:49,9.02,-0.03,31,27962,卖盘
1340,14:16:58,9.02,0.0,21,18942,卖盘
1341,14:17:07,9.02,0.0,21,18942,卖盘
1342,14:17:18,9.02,0.0,20,18040,卖盘
1343,14:17:49,9.02,0.0,8,7216,卖盘
1344,14:17:55,9.05,0.03,1,905,买盘
1345,14:18:15,9.02,-0.03,4,3608,卖盘
1346,14:18:45,9.03,0.01,5,4515,卖盘
1347,14:18:48,9.03,0.0,27,24381,卖盘
1348,14:18:58,9.03,0.0,18,16254,卖盘
1349,14:19:09,9.02,-0.01,20,18059,卖盘
1350,14:19:15,9.03,0.01,4,3612,中性盘
1351,14:19:19,9.02,-0.01,19,17144,卖盘
1352,14:19:46,9.02,0.0,5,4514,卖盘
1353,14:20:12,9.02,0.0,4,3608,卖盘
1354,14:20:43,9.03,0.01,5,4515,卖盘
1355,14:20:52,9.03,0.0,21,18963,卖盘
1356,14:20:58,9.02,-0.01,22,19848,卖盘
1357,14:21:09,9.03,0.01,21,18963,卖盘
1358,14:21:13,9.03,0.0,4,3612,卖盘
1359,14:21:18,9.02,-0.01,15,13535,卖盘
1360,14:21:39,9.02,0.0,4,3608,卖盘
1361,14:22:00,9.04,0.02,10,9040,买盘
1362,14:22:09,9.02,-0.02,5,4510,卖盘
1363,14:22:13,9.04,0.02,23,20792,买盘
1364,14:22:19,9.05,0.01,1,905,买盘
1365,14:22:37,9.05,0.0,6,5430,买盘
1366,14:22:40,9.04,-0.01,4,3616,卖盘
1367,14:22:51,9.04,0.0,22,19888,卖盘
1368,14:23:01,9.05,0.01,19,17195,买盘
1369,14:23:04,9.03,-0.02,20,18066,卖盘
1370,14:23:09,9.04,0.01,24,21696,买盘
1371,14:23:22,9.03,-0.01,18,16267,卖盘
1372,14:23:25,9.05,0.02,14,12670,买盘
1373,14:23:37,9.03,-0.02,4,3612,卖盘
1374,14:23:43,9.05,0.02,14,12670,买盘
1375,14:23:49,9.05,0.0,14,12670,买盘
1376,14:24:07,9.03,-0.02,4,3612,卖盘
1377,14:24:28,9.05,0.02,10,9050,买盘
1378,14:24:34,9.04,-0.01,5,4520,卖盘
1379,14:24:46,9.05,0.01,37,33485,买盘
1380,14:24:51,9.04,-0.01,20,18093,卖盘
1381,14:25:03,9.04,0.0,26,23504,卖盘
1382,14:25:13,9.04,0.0,40,36202,卖盘
1383,14:25:22,9.04,0.0,19,17176,卖盘
1384,14:25:34,9.04,0.0,4,3616,卖盘
1385,14:25:49,9.06,0.02,1,906,买盘
1386,14:25:51,9.05,-0.01,33,29865,中性盘
1387,14:25:58,9.06,0.01,10,9060,买盘
1388,14:26:04,9.05,-0.01,5,4525,卖盘
1389,14:26:15,9.06,0.01,5,4530,买盘
1390,14:26:30,9.05,-0.01,4,3620,卖盘
1391,14:26:54,9.04,-0.01,22,19894,卖盘
1392,14:27:01,9.04,0.0,5,4520,卖盘
1393,14:27:04,9.04,0.0,19,17176,卖盘
1394,14:27:13,9.04,0.0,18,16272,卖盘
1395,14:27:24,9.04,0.0,20,18080,卖盘
1396,14:27:30,9.04,0.0,5,4520,卖盘
1397,14:27:34,9.04,0.0,421,380584,卖盘
1398,14:27:40,9.03,-0.01,541,488535,卖盘
1399,14:27:48,9.04,0.01,33,29832,买盘
1400,14:27:55,9.04,0.0,8,7232,买盘
1401,14:27:57,9.03,-0.01,6,5418,卖盘
1402,14:28:04,9.04,0.01,8,7232,买盘
1403,14:28:10,9.04,0.0,3,2712,买盘
1404,14:28:18,9.04,0.0,19,17176,买盘
1405,14:28:28,9.04,0.0,5,4520,卖盘
1406,14:28:34,9.05,0.01,1,905,买盘
1407,14:28:58,9.04,-0.01,23,20792,卖盘
1408,14:29:00,9.05,0.01,5,4525,买盘
1409,14:29:04,9.05,0.0,10,9050,买盘
1410,14:29:06,9.04,-0.01,20,18093,卖盘
1411,14:29:16,9.04,0.0,18,16272,卖盘
1412,14:29:24,9.04,0.0,22,19888,卖盘
1413,14:29:28,9.04,0.0,81,73224,卖盘
1414,14:29:40,9.04,0.0,3,2712,买盘
1415,14:29:46,9.04,0.0,4,3616,买盘
1416,14:29:49,9.04,0.0,1,904,买盘
1417,14:29:52,9.04,0.0,271,244984,买盘
1418,14:29:55,9.03,-0.01,7,6324,卖盘
1419,14:29:58,9.04,0.01,8,7232,买盘
1420,14:30:00,9.04,0.0,33,29832,买盘
1421,14:30:04,9.04,0.0,6,5424,买盘
1422,14:30:10,9.04,0.0,12,10848,买盘
1423,14:30:13,9.04,0.0,5,4520,买盘
1424,14:30:16,9.04,0.0,34,30736,买盘
1425,14:30:19,9.04,0.0,21,18984,买盘
1426,14:30:24,9.03,-0.01,11,9940,卖盘
1427,14:30:28,9.04,0.01,19,17176,买盘
1428,14:30:31,9.04,0.0,10,9040,买盘
1429,14:30:37,9.04,0.0,45,40680,买盘
1430,14:30:43,9.04,0.0,56,50624,买盘
1431,14:30:46,9.04,0.0,33,29832,买盘
1432,14:30:48,9.04,0.0,11,9944,买盘
1433,14:30:55,9.03,-0.01,5,4515,卖盘
1434,14:30:58,9.04,0.01,41,37044,买盘
1435,14:31:04,9.04,0.0,24,21696,买盘
1436,14:31:07,9.04,0.0,49,44275,买盘
1437,14:31:09,9.04,0.0,14,12656,买盘
1438,14:31:12,9.04,0.0,6,5424,买盘
1439,14:31:16,9.03,-0.01,26,23487,卖盘
1440,14:31:19,9.04,0.01,246,222384,买盘
1441,14:31:22,9.04,0.0,4,3616,卖盘
1442,14:31:28,9.04,0.0,21,18984,卖盘
1443,14:31:45,9.05,0.01,6,5430,买盘
1444,14:31:48,9.05,0.0,5,4525,买盘
1445,14:31:52,9.05,0.0,4,3620,卖盘
1446,14:32:10,9.06,0.01,2,1812,买盘
1447,14:32:13,9.06,0.0,1,906,买盘
1448,14:32:22,9.05,-0.01,5,4525,卖盘
1449,14:32:34,9.06,0.01,18,16308,买盘
1450,14:32:40,9.06,0.0,87,78822,买盘
1451,14:32:49,9.06,0.0,4,3624,卖盘
1452,14:32:58,9.07,0.01,22,19933,买盘
1453,14:33:06,9.06,-0.01,18,16308,卖盘
1454,14:33:10,9.07,0.01,6,5442,买盘
1455,14:33:19,9.06,-0.01,37,33534,卖盘
1456,14:33:22,9.06,0.0,2,1812,卖盘
1457,14:33:28,9.06,0.0,31,28086,卖盘
1458,14:33:31,9.06,0.0,22,19932,卖盘
1459,14:33:49,9.05,-0.01,31,28055,卖盘
1460,14:34:10,9.05,0.0,26,23530,买盘
1461,14:34:19,9.05,0.0,5,4525,卖盘
1462,14:34:28,9.06,0.01,53,48018,买盘
1463,14:34:46,9.05,-0.01,5,4525,卖盘
1464,14:35:01,9.05,0.0,20,18100,卖盘
1465,14:35:04,9.06,0.01,3,2718,买盘
1466,14:35:09,9.06,0.0,18,16308,卖盘
1467,14:35:16,9.06,0.0,4,3624,卖盘
1468,14:35:19,9.05,-0.01,19,17201,卖盘
1469,14:35:31,9.05,0.0,18,16290,卖盘
1470,14:35:39,9.05,0.0,4,3620,卖盘
1471,14:35:46,9.07,0.02,6,5432,买盘
1472,14:36:07,9.05,-0.02,35,31675,卖盘
1473,14:36:13,9.05,0.0,25,22625,卖盘
1474,14:36:16,9.05,0.0,10,9050,买盘
1475,14:36:21,9.05,0.0,11,9955,买盘
1476,14:36:28,9.05,0.0,5,4525,买盘
1477,14:36:30,9.05,0.0,1,905,买盘
1478,14:36:34,9.05,0.0,2,1810,买盘
1479,14:36:36,9.04,-0.01,74,66896,卖盘
1480,14:36:39,9.05,0.01,5,4525,买盘
1481,14:36:43,9.05,0.0,5,4525,卖盘
1482,14:37:01,9.05,0.0,18,16290,卖盘
1483,14:37:09,9.05,0.0,21,19005,卖盘
1484,14:37:12,9.05,0.0,1,905,卖盘
1485,14:37:18,9.05,0.0,4,3620,买盘
1486,14:37:22,9.04,-0.01,19,17176,卖盘
1487,14:37:25,9.05,0.01,1,905,买盘
1488,14:37:30,9.04,-0.01,20,18086,卖盘
1489,14:37:39,9.04,0.0,6,5424,卖盘
1490,14:38:10,9.05,0.01,4,3620,卖盘
1491,14:38:19,9.07,0.02,13,11786,买盘
1492,14:38:40,9.05,-0.02,4,3620,卖盘
1493,14:38:43,9.06,0.01,1,906,买盘
1494,14:38:45,9.06,0.0,3,2718,买盘
1495,14:39:01,9.07,0.01,11,9977,买盘
1496,14:39:04,9.05,-0.02,20,18107,卖盘
1497,14:39:06,9.05,0.0,95,85975,卖盘
1498,14:39:12,9.04,-0.01,23,20797,卖盘
1499,14:39:21,9.04,0.0,21,18992,卖盘
1500,14:39:34,9.04,0.0,18,16272,卖盘
1501,14:39:37,9.04,0.0,4,3616,卖盘
1502,14:39:43,9.04,0.0,2,1808,卖盘
1503,14:39:46,9.05,0.01,18,16290,买盘
1504,14:39:48,9.04,-0.01,71,64184,卖盘
1505,14:40:04,9.04,0.0,50,45200,卖盘
1506,14:40:09,9.03,-0.01,82,74094,卖盘
1507,14:40:19,9.03,0.0,50,45150,卖盘
1508,14:40:31,9.04,0.01,26,23517,中性盘
1509,14:40:34,9.03,-0.01,30,27090,卖盘
1510,14:40:37,9.04,0.01,1,904,买盘
1511,14:40:51,9.04,0.0,30,27572,买盘
1512,14:41:01,9.04,0.0,1,904,买盘
1513,14:41:04,9.03,-0.01,20,18060,卖盘
1514,14:41:10,9.03,0.0,79,70886,卖盘
1515,14:41:16,9.02,-0.01,46,41519,卖盘
1516,14:41:22,9.03,0.01,16,14900,买盘
1517,14:41:25,9.03,0.0,19,17157,卖盘
1518,14:41:31,9.04,0.01,6,5424,买盘
1519,14:41:33,9.03,-0.01,383,345849,卖盘
1520,14:41:42,9.03,0.0,5,4518,卖盘
1521,14:41:48,9.03,0.0,12,10836,卖盘
1522,14:41:52,9.03,0.0,12,10836,卖盘
1523,14:42:00,9.04,0.01,16,14464,买盘
1524,14:42:27,9.04,0.0,10,9040,买盘
1525,14:42:31,9.04,0.0,23,20792,买盘
1526,14:42:40,9.04,0.0,5,4520,买盘
1527,14:42:43,9.04,0.0,27,24408,买盘
1528,14:42:46,9.04,0.0,4,3616,卖盘
1529,14:42:49,9.04,0.0,1,904,卖盘
1530,14:43:01,9.06,0.02,8,7248,买盘
1531,14:43:04,9.04,-0.02,1,805,卖盘
1532,14:43:06,9.04,0.0,14,12656,卖盘
1533,14:43:19,9.04,0.0,2,1808,卖盘
1534,14:43:27,9.06,0.02,8,7248,买盘
1535,14:43:34,9.07,0.01,155,140529,买盘
1536,14:44:00,9.07,0.0,6,5442,买盘
1537,14:44:07,9.05,-0.02,20,18100,卖盘
1538,14:44:10,9.08,0.03,505,458337,买盘
1539,14:44:28,9.08,0.0,7,6356,买盘
1540,14:45:00,9.08,0.0,10,9080,买盘
1541,14:45:13,9.08,0.0,20,18160,买盘
1542,14:45:19,9.08,0.0,2,1816,买盘
1543,14:45:25,9.08,0.0,7,6356,买盘
1544,14:45:28,9.08,0.0,7,6356,买盘
1545,14:45:30,9.08,0.0,10,9080,买盘
1546,14:46:01,9.08,0.0,8,7264,买盘
1547,14:46:07,9.05,-0.03,52,47083,卖盘
1548,14:46:19,9.05,0.0,11,9955,卖盘
1549,14:46:27,9.08,0.03,10,9080,买盘
1550,14:46:43,9.08,0.0,9,8172,买盘
1551,14:46:58,9.08,0.0,8,7264,买盘
1552,14:47:01,9.08,0.0,48,43584,买盘
1553,14:47:04,9.06,-0.02,1,906,卖盘
1554,14:47:10,9.08,0.02,1,908,买盘
1555,14:47:13,9.09,0.01,6,5454,买盘
1556,14:47:25,9.09,0.0,10,9090,买盘
1557,14:47:28,9.09,0.0,5,4545,买盘
1558,14:47:40,9.08,-0.01,1,908,卖盘
1559,14:47:57,9.09,0.01,7,6363,买盘
1560,14:48:04,9.09,0.0,16,14544,买盘
1561,14:48:31,9.09,0.0,9,8181,买盘
1562,14:48:34,9.09,0.0,15,13635,买盘
1563,14:49:00,9.09,0.0,8,7272,买盘
1564,14:49:04,9.09,0.0,17,15453,买盘
1565,14:49:28,9.09,0.0,9,8181,买盘
1566,14:49:31,9.09,0.0,12,10908,买盘
1567,14:49:34,9.09,0.0,10,9090,买盘
1568,14:49:55,9.09,0.0,14,12726,买盘
1569,14:49:58,9.09,0.0,7,6363,买盘
1570,14:50:04,9.09,0.0,17,15453,买盘
1571,14:50:28,9.09,0.0,7,6363,买盘
1572,14:50:31,9.09,0.0,15,13635,买盘
1573,14:50:40,9.09,0.0,50,45450,买盘
1574,14:50:46,9.08,-0.01,1,908,卖盘
1575,14:50:55,9.1,0.02,60,54556,买盘
1576,14:51:01,9.09,-0.01,88,79992,卖盘
1577,14:51:07,9.09,0.0,46,41814,卖盘
1578,14:51:18,9.1,0.01,4,3640,买盘
1579,14:51:28,9.1,0.0,9,8190,买盘
1580,14:51:31,9.1,0.0,23,20930,买盘
1581,14:51:46,9.1,0.0,4,3640,买盘
1582,14:51:49,9.1,0.0,9,8190,买盘
1583,14:51:58,9.1,0.0,3,2730,买盘
1584,14:52:01,9.1,0.0,8,7280,买盘
1585,14:52:04,9.1,0.0,13,11830,买盘
1586,14:52:13,9.1,0.0,150,136500,买盘
1587,14:52:16,9.09,-0.01,40,36360,卖盘
1588,14:52:21,9.1,0.01,56,50960,买盘
1589,14:52:24,9.1,0.0,3,2730,买盘
1590,14:52:28,9.1,0.0,46,41860,买盘
1591,14:52:58,9.11,0.01,1,911,买盘
1592,14:53:01,9.11,0.0,16,14576,买盘
1593,14:53:22,9.11,0.0,35,31880,买盘
1594,14:53:31,9.11,0.0,4,3644,买盘
1595,14:53:34,9.11,0.0,37,33682,买盘
1596,14:53:49,9.1,-0.01,109,99190,卖盘
1597,14:54:01,9.1,0.0,11,10010,买盘
1598,14:54:07,9.1,0.0,37,33651,买盘
1599,14:54:13,9.08,-0.02,13,11804,卖盘
1600,14:54:16,9.1,0.02,31,28210,买盘
1601,14:54:25,9.07,-0.03,35,31805,卖盘
1602,14:54:31,9.11,0.04,11,10021,买盘
1603,14:54:40,9.07,-0.04,30,27210,卖盘
1604,14:54:49,9.11,0.04,139,126584,买盘
1605,14:54:52,9.08,-0.03,20,18160,卖盘
1606,14:54:58,9.08,0.0,8,7264,中性盘
1607,14:55:01,9.08,0.0,2,1816,卖盘
1608,14:55:13,9.08,0.0,47,42676,卖盘
1609,14:55:21,9.07,-0.01,47,42659,卖盘
1610,14:55:28,9.08,0.01,10,9080,买盘
1611,14:55:31,9.08,0.0,54,49032,卖盘
1612,14:55:34,9.1,0.02,10,9100,买盘
1613,14:55:40,9.07,-0.03,63,57177,卖盘
1614,14:55:46,9.08,0.01,49,44492,卖盘
1615,14:56:22,9.08,0.0,20,18160,卖盘
1616,14:56:40,9.08,0.0,29,26370,卖盘
1617,14:56:58,9.08,0.0,22,19976,卖盘
1618,15:00:04,9.09,0.01,132,119988,卖盘
