,time,price,change,volume,amount,type
0,09:30:04,9.25,-0.1,27,25015,卖盘
1,09:30:49,9.34,0.09,166,155044,买盘
2,09:31:07,9.35,0.01,257,240198,买盘
3,09:31:22,9.35,0.0,3,2805,卖盘
4,09:31:40,9.34,-0.01,1,934,买盘
5,09:31:43,9.34,0.0,6,5604,买盘
6,09:31:52,9.35,0.01,10,9350,卖盘
7,09:31:54,9.35,0.0,125,116878,卖盘
8,09:32:22,9.29,-0.06,42,39123,卖盘
9,09:32:27,9.29,0.0,12,11156,卖盘
10,09:32:31,9.34,0.05,10,9340,买盘
11,09:32:37,9.34,0.0,50,46700,卖盘
12,09:33:58,9.33,-0.01,2,1866,买盘
13,09:34:01,9.34,0.01,11,10271,买盘
14,09:34:43,9.34,0.0,10,9340,买盘
15,09:34:49,9.34,0.0,3,2802,买盘
16,09:35:19,9.33,-0.01,20,18660,卖盘
17,09:35:30,9.33,0.0,10,9330,买盘
18,09:35:46,9.32,-0.01,6,5592,卖盘
19,09:36:01,9.32,0.0,5,4660,买盘
20,09:36:09,9.33,0.01,2,1866,买盘
21,09:36:42,9.32,-0.01,5,4660,卖盘
22,09:36:46,9.32,0.0,13,12116,买盘
23,09:37:01,9.32,0.0,10,9320,买盘
24,09:37:06,9.31,-0.01,1,931,卖盘
25,09:37:12,9.32,0.01,11,10251,买盘
26,09:38:18,9.32,0.0,32,29824,买盘
27,09:38:25,9.31,-0.01,3,2793,卖盘
28,09:38:49,9.3,-0.01,7,6510,卖盘
29,09:38:52,9.3,0.0,9,8370,卖盘
30,09:38:55,9.3,0.0,1,930,买盘
31,09:38:57,9.3,0.0,8,7440,买盘
32,09:39:06,9.32,0.02,49,45668,买盘
33,09:39:13,9.3,-0.02,18,16740,卖盘
34,09:39:21,9.29,-0.01,100,92902,卖盘
35,09:39:49,9.29,0.0,20,18585,卖盘
36,09:39:52,9.29,0.0,21,19519,卖盘
37,09:40:07,9.3,0.01,39,36270,卖盘
38,09:41:07,9.3,0.0,60,55813,卖盘
39,09:41:22,9.31,0.01,9,8379,中性盘
40,09:42:09,9.33,0.02,10,9330,买盘
41,09:42:19,9.33,0.0,10,9330,买盘
42,09:42:22,9.33,0.0,19,17727,买盘
43,09:42:45,9.33,0.0,4,3732,买盘
44,09:43:01,9.32,-0.01,30,27960,卖盘
45,09:43:21,9.32,0.0,15,13980,买盘
46,09:43:46,9.32,0.0,1,932,买盘
47,09:44:12,9.33,0.01,43,40119,买盘
48,09:44:19,9.33,0.0,9,8397,买盘
49,09:44:31,9.35,0.02,26,24310,买盘
50,09:44:33,9.35,0.0,2,1870,卖盘
51,09:44:43,9.36,0.01,5,4680,买盘
52,09:45:10,9.35,-0.01,2,1870,卖盘
53,09:45:16,9.35,0.0,9,8415,卖盘
54,09:45:55,9.35,0.0,2,1870,卖盘
55,09:45:57,9.35,0.0,1,935,卖盘
56,09:46:46,9.35,0.0,27,25245,买盘
57,09:47:12,9.35,0.0,4,3740,卖盘
58,09:48:45,9.34,-0.01,5,4670,卖盘
59,09:49:18,9.35,0.01,10,9350,买盘
60,09:49:31,9.35,0.0,2,1870,买盘
61,09:49:39,9.35,0.0,60,56100,买盘
62,09:49:51,9.35,0.0,4,3740,买盘
63,09:50:01,9.38,0.03,100,93616,买盘
64,09:51:01,9.38,0.0,14,13132,买盘
65,09:51:37,9.38,0.0,9,8442,买盘
66,09:51:48,9.38,0.0,12,11256,买盘
67,09:51:54,9.37,-0.01,12,11244,卖盘
68,09:52:09,9.37,0.0,10,9370,买盘
69,09:52:25,9.38,0.01,73,68474,买盘
70,09:52:46,9.39,0.01,1,939,买盘
71,09:53:13,9.39,0.0,37,34743,买盘
72,09:53:28,9.38,-0.01,6,5631,卖盘
73,09:53:34,9.39,0.01,4,3756,卖盘
74,09:53:37,9.39,0.0,2,1878,卖盘
75,09:53:40,9.39,0.0,1,939,卖盘
76,09:53:43,9.38,-0.01,1,938,卖盘
77,09:53:54,9.38,0.0,56,52528,卖盘
78,09:54:19,9.38,0.0,58,54354,买盘
79,09:55:04,9.39,0.01,14,13146,买盘
80,09:55:09,9.38,-0.01,3,2814,卖盘
81,09:55:12,9.39,0.01,7,6573,买盘
82,09:55:27,9.39,0.0,3,2817,卖盘
83,09:55:51,9.4,0.01,2,1880,买盘
84,09:55:58,9.4,0.0,2,1880,买盘
85,09:56:04,9.4,0.0,19,17860,买盘
86,09:56:15,9.4,0.0,3,2820,买盘
87,09:56:39,9.4,0.0,10,9400,卖盘
88,09:56:55,9.4,0.0,1,940,卖盘
89,09:57:09,9.4,0.0,5,4700,卖盘
90,09:57:12,9.41,0.01,4,3764,买盘
91,09:57:48,9.41,0.0,16,15056,买盘
92,09:58:00,9.41,0.0,53,49843,买盘
93,09:58:04,9.4,-0.01,30,28200,卖盘
94,09:58:16,9.41,0.01,50,47050,买盘
95,09:58:27,9.41,0.0,40,37640,买盘
96,09:58:33,9.41,0.0,24,22584,卖盘
97,09:58:54,9.4,-0.01,20,18800,卖盘
98,09:59:04,9.4,0.0,81,76140,卖盘
99,09:59:27,9.39,-0.01,10,9390,卖盘
100,09:59:37,9.38,-0.01,20,18760,卖盘
101,10:00:16,9.39,0.01,10,9390,买盘
102,10:00:33,9.39,0.0,11,10329,买盘
103,10:00:55,9.39,0.0,2,1878,买盘
104,10:01:04,9.39,0.0,6,5634,买盘
105,10:02:21,9.38,-0.01,2,1876,卖盘
106,10:02:46,9.38,0.0,32,30016,卖盘
107,10:02:57,9.38,0.0,10,9380,卖盘
108,10:03:19,9.36,-0.02,2,1872,卖盘
109,10:03:42,9.38,0.02,1,938,买盘
110,10:03:58,9.36,-0.02,22,20592,卖盘
111,10:04:12,9.35,-0.01,10,9350,卖盘
112,10:04:39,9.35,0.0,5,4675,卖盘
113,10:05:06,9.34,-0.01,49,45790,卖盘
114,10:05:45,9.33,-0.01,37,34521,卖盘
115,10:06:30,9.31,-0.02,87,81061,卖盘
116,10:06:33,9.31,0.0,1,931,买盘
117,10:07:09,9.3,-0.01,88,81852,卖盘
118,10:07:18,9.3,0.0,6,5580,买盘
119,10:07:42,9.29,-0.01,2,1858,卖盘
120,10:07:46,9.3,0.01,40,37200,买盘
121,10:08:00,9.3,0.0,69,64170,买盘
122,10:08:34,9.3,0.0,20,18600,卖盘
123,10:08:58,9.3,0.0,5,4650,卖盘
124,10:11:51,9.31,0.01,3,2793,卖盘
125,10:11:54,9.31,0.0,20,18620,卖盘
126,10:12:04,9.33,0.02,5,4665,买盘
127,10:12:45,9.31,-0.02,27,25137,卖盘
128,10:12:54,9.31,0.0,5,4655,买盘
129,10:13:00,9.31,0.0,14,13034,买盘
130,10:14:12,9.32,0.01,1,932,卖盘
131,10:15:31,9.34,0.02,4,3736,买盘
132,10:20:15,9.36,0.02,30,28078,买盘
133,10:20:55,9.3,-0.06,180,167505,卖盘
134,10:23:42,9.3,0.0,133,123738,卖盘
135,10:26:27,9.29,-0.01,89,82754,卖盘
136,10:27:27,9.34,0.05,50,46680,买盘
137,10:28:15,9.34,0.0,41,38294,买盘
138,10:28:27,9.34,0.0,50,46700,买盘
139,10:29:00,9.34,0.0,10,9340,买盘
140,10:29:36,9.33,-0.01,2,1866,买盘
141,10:30:24,9.3,-0.03,1,930,卖盘
142,10:30:45,9.3,0.0,5,4650,卖盘
143,10:31:06,9.3,0.0,19,17670,卖盘
144,10:32:45,9.3,0.0,38,35340,卖盘
145,10:33:42,9.3,0.0,9,8370,卖盘
146,10:35:42,9.3,0.0,5,4650,卖盘
147,10:36:00,9.3,0.0,17,15810,卖盘
148,10:37:24,9.31,0.01,26,24206,买盘
149,10:37:27,9.31,0.0,1,931,卖盘
150,10:37:33,9.31,0.0,2,1862,卖盘
151,10:38:13,9.3,-0.01,30,27900,卖盘
152,10:38:15,9.3,0.0,1,930,卖盘
153,10:38:18,9.3,0.0,2,1860,卖盘
154,10:38:21,9.3,0.0,1,930,卖盘
155,10:38:37,9.29,-0.01,34,31586,卖盘
156,10:38:42,9.29,0.0,1,929,买盘
157,10:39:24,9.28,-0.01,155,143840,卖盘
158,10:39:33,9.27,-0.01,5,4635,卖盘
159,10:39:43,9.27,0.0,100,92700,卖盘
160,10:39:54,9.27,0.0,1,927,卖盘
161,10:40:04,9.26,-0.01,48,44448,卖盘
162,10:40:06,9.26,0.0,1,926,卖盘
163,10:40:09,9.27,0.01,10,9270,买盘
164,10:40:15,9.27,0.0,8,7416,买盘
165,10:40:27,9.27,0.0,10,9270,卖盘
166,10:40:30,9.27,0.0,3,2781,卖盘
167,10:41:42,9.27,0.0,3,2781,卖盘
168,10:42:18,9.28,0.01,3,2784,买盘
169,10:42:21,9.28,0.0,53,49157,买盘
170,10:42:36,9.28,0.0,13,12064,买盘
171,10:43:48,9.28,0.0,5,4640,买盘
172,10:44:06,9.28,0.0,5,4640,买盘
173,10:44:51,9.28,0.0,10,9280,买盘
174,10:45:09,9.27,-0.01,10,9270,卖盘
175,10:45:12,9.28,0.01,11,10208,买盘
176,10:45:24,9.27,-0.01,10,9270,卖盘
177,10:45:57,9.27,0.0,47,43569,卖盘
178,10:46:00,9.28,0.01,55,51035,买盘
179,10:46:04,9.26,-0.02,27,25002,卖盘
180,10:46:06,9.28,0.02,4,3712,买盘
181,10:46:18,9.26,-0.02,68,62968,卖盘
182,10:46:33,9.28,0.02,7,6496,卖盘
183,10:49:00,9.28,0.0,10,9280,买盘
184,10:49:55,9.28,0.0,20,18560,买盘
185,10:49:57,9.27,-0.01,15,13905,卖盘
186,10:50:00,9.28,0.01,19,17617,买盘
187,10:50:30,9.28,0.0,5,4640,买盘
188,10:50:37,9.26,-0.02,10,9260,卖盘
189,10:50:39,9.28,0.02,50,46400,买盘
190,10:51:42,9.27,-0.01,1,927,卖盘
191,10:52:24,9.27,0.0,8,7416,卖盘
192,10:52:31,9.27,0.0,2,1854,卖盘
193,10:52:34,9.27,0.0,43,39861,卖盘
194,10:52:48,9.26,-0.01,1,926,卖盘
195,10:52:54,9.26,0.0,108,100008,卖盘
196,10:53:00,9.26,0.0,10,9260,买盘
197,10:53:04,9.25,-0.01,13,12025,卖盘
198,10:53:12,9.25,0.0,15,13875,卖盘
199,10:53:18,9.26,0.01,10,9260,买盘
200,10:53:30,9.25,-0.01,1,925,卖盘
201,10:53:33,9.26,0.01,20,18520,买盘
202,10:53:37,9.26,0.0,19,17594,买盘
203,10:53:42,9.25,-0.01,6,5555,卖盘
204,10:53:45,9.26,0.01,26,24076,买盘
205,10:53:57,9.26,0.0,4,3704,买盘
206,10:54:00,9.26,0.0,33,30544,中性盘
207,10:54:15,9.25,-0.01,50,46260,卖盘
208,10:58:54,9.26,0.01,30,27780,卖盘
209,10:59:36,9.26,0.0,8,7408,卖盘
210,11:00:04,9.26,0.0,22,20372,买盘
211,11:00:22,9.25,-0.01,44,40711,卖盘
212,11:00:31,9.25,0.0,15,13875,卖盘
213,11:01:07,9.25,0.0,20,18500,卖盘
214,11:01:33,9.25,0.0,110,101750,卖盘
215,11:01:40,9.24,-0.01,67,61961,卖盘
216,11:01:58,9.23,-0.01,6,5538,卖盘
217,11:02:15,9.23,0.0,2,1846,卖盘
218,11:02:36,9.23,0.0,59,54457,卖盘
219,11:02:42,9.23,0.0,41,37843,卖盘
220,11:02:45,9.23,0.0,20,18460,卖盘
221,11:02:54,9.23,0.0,3,2769,卖盘
222,11:02:58,9.22,-0.01,200,184400,卖盘
223,11:03:19,9.22,0.0,30,27660,卖盘
224,11:03:27,9.22,0.0,18,16596,卖盘
225,11:03:36,9.22,0.0,22,20284,卖盘
226,11:04:10,9.23,0.01,4,3692,卖盘
227,11:04:34,9.23,0.0,34,31382,卖盘
228,11:04:48,9.23,0.0,2,1846,买盘
229,11:04:58,9.23,0.0,5,4615,买盘
230,11:05:15,9.23,0.0,3,2769,买盘
231,11:05:31,9.22,-0.01,2,1844,卖盘
232,11:05:40,9.23,0.01,17,15691,买盘
233,11:05:42,9.22,-0.01,168,154896,卖盘
234,11:07:16,9.22,0.0,10,9220,卖盘
235,11:07:19,9.21,-0.01,72,66312,卖盘
236,11:07:22,9.21,0.0,3,2763,买盘
237,11:07:48,9.2,-0.01,1,920,卖盘
238,11:08:12,9.2,0.0,56,51520,卖盘
239,11:08:36,9.2,0.0,27,24840,卖盘
240,11:09:09,9.2,0.0,36,33120,卖盘
241,11:09:28,9.2,0.0,9,8280,卖盘
242,11:10:04,9.21,0.01,45,41410,买盘
243,11:10:21,9.2,-0.01,21,19320,卖盘
244,11:10:24,9.2,0.0,10,9200,买盘
245,11:10:33,9.21,0.01,10,9204,买盘
246,11:10:48,9.2,-0.01,1,920,卖盘
247,11:10:54,9.2,0.0,109,100280,卖盘
248,11:10:57,9.2,0.0,2,1840,买盘
249,11:11:06,9.19,-0.01,1,919,卖盘
250,11:11:09,9.2,0.01,7,6440,买盘
251,11:11:15,9.2,0.0,2,1840,买盘
252,11:11:24,9.2,0.0,5,4600,卖盘
253,11:11:48,9.21,0.01,5,4605,买盘
254,11:12:07,9.21,0.0,10,9210,买盘
255,11:12:10,9.21,0.0,88,81048,买盘
256,11:12:21,9.22,0.01,2,1844,买盘
257,11:13:07,9.22,0.0,4,3688,买盘
258,11:13:54,9.23,0.01,3,2769,卖盘
259,11:13:57,9.2,-0.03,5,4602,卖盘
260,11:14:46,9.2,0.0,51,46920,卖盘
261,11:15:15,9.23,0.03,4,3692,买盘
262,11:15:33,9.21,-0.02,36,33156,卖盘
263,11:15:42,9.21,0.0,4,3684,买盘
264,11:16:15,9.19,-0.02,210,193131,卖盘
265,11:16:24,9.19,0.0,1,919,买盘
266,11:16:51,9.18,-0.01,33,30294,卖盘
267,11:16:54,9.18,0.0,20,18360,卖盘
268,11:17:12,9.17,-0.01,130,119271,卖盘
269,11:17:15,9.18,0.01,10,9180,中性盘
270,11:17:45,9.18,0.0,14,12852,卖盘
271,11:17:55,9.18,0.0,1,918,买盘
272,11:17:57,9.17,-0.01,21,19277,卖盘
273,11:18:03,9.18,0.01,1,918,买盘
274,11:20:19,9.18,0.0,70,64260,卖盘
275,11:20:28,9.22,0.04,300,276600,买盘
276,11:20:51,9.18,-0.04,1,918,卖盘
277,11:21:16,9.18,0.0,1,918,卖盘
278,11:21:25,9.18,0.0,10,9180,卖盘
279,11:21:55,9.18,0.0,10,9180,卖盘
280,11:22:22,9.22,0.04,7,6454,买盘
281,11:22:48,9.18,-0.04,1,918,卖盘
282,11:23:09,9.21,0.03,9,8289,买盘
283,11:23:24,9.22,0.01,18,16596,买盘
284,11:24:00,9.2,-0.02,20,18400,卖盘
285,11:24:09,9.22,0.02,17,15674,买盘
286,11:24:30,9.22,0.0,2,1844,买盘
287,11:26:00,9.22,0.0,7,6454,买盘
288,11:28:07,9.22,0.0,6,5532,买盘
289,11:28:18,9.22,0.0,3,2766,卖盘
290,11:28:24,9.22,0.0,7,6454,买盘
291,11:29:21,9.22,0.0,1,922,买盘
292,11:29:48,9.22,0.0,21,19362,卖盘
293,13:00:04,9.2,-0.02,30,27606,卖盘
294,13:00:06,9.2,0.0,3,2760,卖盘
295,13:00:54,9.2,0.0,4,3680,卖盘
296,13:02:21,9.22,0.02,3,2766,买盘
297,13:06:04,9.22,0.0,10,9220,买盘
298,13:06:19,9.22,0.0,22,20264,买盘
299,13:06:39,9.22,0.0,5,4610,卖盘
300,13:08:18,9.22,0.0,2,1844,卖盘
301,13:09:36,9.24,0.02,56,51744,买盘
302,13:09:46,9.24,0.0,20,18480,买盘
303,13:11:37,9.24,0.0,24,22176,买盘
304,13:13:06,9.22,-0.02,1,922,卖盘
305,13:13:27,9.21,-0.01,7,6447,卖盘
306,13:13:51,9.21,0.0,41,37761,买盘
307,13:14:09,9.21,0.0,10,9210,卖盘
308,13:15:00,9.21,0.0,23,21183,卖盘
309,13:15:09,9.22,0.01,6,5532,买盘
310,13:15:25,9.22,0.0,6,5532,买盘
311,13:15:51,9.25,0.03,20,18493,买盘
312,13:16:00,9.26,0.01,28,25928,买盘
313,13:16:36,9.29,0.03,3,2787,中性盘
314,13:17:12,9.3,0.01,50,46500,买盘
315,13:17:46,9.3,0.0,39,36270,卖盘
316,13:17:48,9.32,0.02,29,27006,买盘
317,13:17:54,9.32,0.0,40,37280,买盘
318,13:18:10,9.32,0.0,6,5592,买盘
319,13:18:24,9.32,0.0,3,2796,卖盘
320,13:18:54,9.28,-0.04,5,4640,卖盘
321,13:19:27,9.28,0.0,2,1856,卖盘
322,13:20:04,9.28,0.0,5,4640,卖盘
323,13:21:04,9.29,0.01,6,5574,卖盘
324,13:23:06,9.3,0.01,3,2790,买盘
325,13:24:15,9.3,0.0,10,9300,买盘
326,13:25:18,9.32,0.02,5,4660,买盘
327,13:26:21,9.31,-0.01,35,32585,卖盘
328,13:28:36,9.31,0.0,27,25137,卖盘
329,13:29:49,9.3,-0.01,20,18600,卖盘
330,13:30:06,9.3,0.0,33,30690,卖盘
331,13:30:09,9.3,0.0,12,11160,卖盘
332,13:30:33,9.3,0.0,9,8370,卖盘
333,13:30:36,9.3,0.0,30,27900,卖盘
334,13:31:00,9.29,-0.01,4,3716,卖盘
335,13:31:34,9.28,-0.01,1,928,卖盘
336,13:31:42,9.28,0.0,1,928,卖盘
337,13:31:57,9.28,0.0,5,4640,卖盘
338,13:32:24,9.25,-0.03,5,4625,卖盘
339,13:32:58,9.24,-0.01,36,33264,卖盘
340,13:33:39,9.23,-0.01,1,923,卖盘
341,13:37:04,9.27,0.04,2,1854,卖盘
342,13:37:15,9.27,0.0,1,927,卖盘
343,13:38:39,9.28,0.01,24,22272,买盘
344,13:40:04,9.28,0.0,5,4640,卖盘
345,13:40:37,9.23,-0.05,91,84203,卖盘
346,13:41:04,9.22,-0.01,5,4614,卖盘
347,13:41:21,9.22,0.0,1,922,卖盘
348,13:41:28,9.22,0.0,1,922,卖盘
349,13:43:51,9.22,0.0,1,922,卖盘
350,13:44:51,9.22,0.0,59,54398,卖盘
351,13:45:10,9.22,0.0,1,922,卖盘
352,13:45:33,9.22,0.0,1,922,卖盘
353,13:46:18,9.22,0.0,24,22128,卖盘
354,13:46:33,9.21,-0.01,1,921,卖盘
355,13:46:43,9.21,0.0,1,921,卖盘
356,13:46:57,9.21,0.0,8,7368,卖盘
357,13:47:07,9.21,0.0,70,64470,卖盘
358,13:48:00,9.21,0.0,13,11973,卖盘
359,13:49:15,9.21,0.0,5,4605,卖盘
360,13:49:18,9.21,0.0,5,4605,卖盘
361,13:51:09,9.22,0.01,10,9220,卖盘
362,13:52:04,9.21,-0.01,2,1842,卖盘
363,13:52:10,9.21,0.0,1,921,卖盘
364,13:52:18,9.21,0.0,82,75522,卖盘
365,13:52:27,9.21,0.0,30,27630,买盘
366,13:52:51,9.21,0.0,4,3684,卖盘
367,13:53:45,9.28,0.07,1,928,买盘
368,13:54:51,9.26,-0.02,43,39781,买盘
369,13:54:57,9.26,0.0,7,6482,卖盘
370,13:56:22,9.21,-0.05,1,921,卖盘
371,13:56:28,9.21,0.0,1,921,卖盘
372,13:57:12,9.21,0.0,10,9210,卖盘
373,13:57:25,9.22,0.01,6,5532,卖盘
374,13:58:10,9.22,0.0,3,2766,卖盘
375,14:00:09,9.23,0.01,1,923,卖盘
376,14:01:18,9.23,0.0,12,11076,卖盘
377,14:01:33,9.22,-0.01,1,922,卖盘
378,14:01:37,9.23,0.01,2,1846,买盘
379,14:01:39,9.23,0.0,2,1846,买盘
380,14:01:42,9.23,0.0,34,31382,买盘
381,14:01:52,9.25,0.02,2,1850,买盘
382,14:02:07,9.25,0.0,12,11100,买盘
383,14:02:18,9.25,0.0,62,57350,买盘
384,14:02:40,9.25,0.0,5,4625,卖盘
385,14:02:51,9.26,0.01,14,12960,买盘
386,14:03:06,9.27,0.01,1,927,买盘
387,14:04:15,9.26,-0.01,5,4630,卖盘
388,14:04:30,9.25,-0.01,23,21275,卖盘
389,14:04:54,9.26,0.01,100,92600,买盘
390,14:05:48,9.26,0.0,25,23150,买盘
391,14:06:36,9.26,0.0,39,36114,买盘
392,14:07:03,9.25,-0.01,1,925,卖盘
393,14:07:18,9.25,0.0,1,925,卖盘
394,14:07:27,9.25,0.0,6,5550,卖盘
395,14:07:57,9.23,-0.02,27,24921,卖盘
396,14:08:39,9.23,0.0,30,27690,卖盘
397,14:09:21,9.24,0.01,2,1848,买盘
398,14:09:30,9.24,0.0,6,5544,买盘
399,14:09:45,9.23,-0.01,44,40612,卖盘
400,14:10:18,9.24,0.01,68,62832,买盘
401,14:10:24,9.22,-0.02,2,1844,卖盘
402,14:11:16,9.26,0.04,2,1852,买盘
403,14:11:21,9.22,-0.04,1,922,卖盘
404,14:11:24,9.26,0.04,50,46300,买盘
405,14:11:27,9.22,-0.04,1,922,卖盘
406,14:11:51,9.24,0.02,20,18480,中性盘
407,14:12:04,9.26,0.02,10,9260,买盘
408,14:12:27,9.26,0.0,10,9260,买盘
409,14:13:12,9.26,0.0,10,9260,买盘
410,14:13:30,9.25,-0.01,10,9250,中性盘
411,14:14:36,9.25,0.0,3,2775,买盘
412,14:15:09,9.24,-0.01,1,924,卖盘
413,14:15:24,9.24,0.0,9,8316,卖盘
414,14:15:57,9.24,0.0,1,924,买盘
415,14:16:34,9.23,-0.01,1,923,卖盘
416,14:16:55,9.26,0.03,10,9260,买盘
417,14:17:00,9.23,-0.03,7,6461,卖盘
418,14:17:06,9.24,0.01,58,53592,中性盘
419,14:17:19,9.24,0.0,20,18480,买盘
420,14:17:21,9.24,0.0,1,924,买盘
421,14:17:24,9.24,0.0,1,924,买盘
422,14:17:30,9.24,0.0,2,1848,买盘
423,14:17:34,9.24,0.0,5,4620,买盘
424,14:17:36,9.24,0.0,3,2772,买盘
425,14:17:39,9.24,0.0,2,1848,买盘
426,14:17:42,9.24,0.0,50,46200,买盘
427,14:17:45,9.24,0.0,28,25872,买盘
428,14:18:18,9.24,0.0,10,9240,卖盘
429,14:20:06,9.26,0.02,11,10186,买盘
430,14:20:12,9.24,-0.02,22,20328,卖盘
431,14:20:30,9.25,0.01,14,12950,卖盘
432,14:20:57,9.26,0.01,2,1852,买盘
433,14:21:06,9.26,0.0,20,18520,买盘
434,14:21:15,9.26,0.0,9,8334,买盘
435,14:22:04,9.25,-0.01,2,1850,卖盘
436,14:22:09,9.25,0.0,9,8325,卖盘
437,14:22:18,9.24,-0.01,1,924,卖盘
438,14:22:30,9.25,0.01,23,21275,买盘
439,14:23:09,9.25,0.0,4,3700,卖盘
440,14:23:21,9.25,0.0,15,13875,买盘
441,14:23:49,9.24,-0.01,12,11088,卖盘
442,14:23:51,9.25,0.01,2,1850,买盘
443,14:23:55,9.25,0.0,2,1850,买盘
444,14:23:58,9.25,0.0,2,1850,买盘
445,14:24:00,9.25,0.0,2,1850,买盘
446,14:24:04,9.25,0.0,1,925,买盘
447,14:25:10,9.25,0.0,2,1850,买盘
448,14:25:24,9.25,0.0,2,1850,卖盘
449,14:25:34,9.25,0.0,18,16650,卖盘
450,14:26:06,9.26,0.01,65,60190,买盘
451,14:26:15,9.26,0.0,49,45374,买盘
452,14:26:21,9.25,-0.01,1,925,卖盘
453,14:26:36,9.26,0.01,6,5556,买盘
454,14:26:55,9.26,0.0,5,4630,买盘
455,14:26:58,9.26,0.0,4,3704,买盘
456,14:27:00,9.26,0.0,3,2778,买盘
457,14:27:09,9.26,0.0,1,926,买盘
458,14:27:43,9.26,0.0,8,7408,买盘
459,14:28:01,9.26,0.0,6,5556,买盘
460,14:28:10,9.26,0.0,2,1852,买盘
461,14:28:54,9.26,0.0,2,1852,买盘
462,14:30:18,9.26,0.0,5,4630,买盘
463,14:30:21,9.26,0.0,5,4630,买盘
464,14:31:09,9.26,0.0,20,18520,买盘
465,14:31:49,9.26,0.0,7,6482,买盘
466,14:31:52,9.26,0.0,2,1852,买盘
467,14:31:55,9.26,0.0,6,5556,买盘
468,14:31:58,9.26,0.0,4,3704,买盘
469,14:32:04,9.26,0.0,45,41670,买盘
470,14:32:10,9.26,0.0,148,137048,买盘
471,14:32:15,9.26,0.0,20,18520,买盘
472,14:32:18,9.25,-0.01,37,34225,卖盘
473,14:32:33,9.26,0.01,12,11112,买盘
474,14:32:36,9.26,0.0,1,926,买盘
475,14:33:21,9.26,0.0,50,46300,买盘
476,14:33:27,9.26,0.0,30,27780,买盘
477,14:33:31,9.26,0.0,3,2778,卖盘
478,14:34:07,9.28,0.02,3,2784,买盘
479,14:35:13,9.28,0.0,2,1856,买盘
480,14:35:16,9.28,0.0,6,5568,买盘
481,14:35:28,9.29,0.01,20,18580,买盘
482,14:36:15,9.3,0.01,10,9300,买盘
483,14:36:24,9.3,0.0,2,1860,买盘
484,14:36:27,9.3,0.0,6,5580,买盘
485,14:36:37,9.3,0.0,4,3720,买盘
486,14:36:42,9.3,0.0,10,9300,买盘
487,14:37:18,9.28,-0.02,1,928,卖盘
488,14:37:21,9.3,0.02,18,16730,买盘
489,14:37:54,9.3,0.0,1,930,买盘
490,14:38:42,9.29,-0.01,100,92900,卖盘
491,14:39:00,9.28,-0.01,1,928,卖盘
492,14:39:54,9.28,0.0,13,12064,卖盘
493,14:40:00,9.3,0.02,1,930,买盘
494,14:40:18,9.3,0.0,6,5580,买盘
495,14:40:36,9.29,-0.01,1,929,卖盘
496,14:40:39,9.29,0.0,3,2787,卖盘
497,14:40:42,9.29,0.0,26,24154,卖盘
498,14:40:51,9.28,-0.01,1,928,卖盘
499,14:40:55,9.28,0.0,9,8354,卖盘
500,14:41:04,9.27,-0.01,55,50985,卖盘
501,14:41:24,9.26,-0.01,42,38892,卖盘
502,14:41:37,9.26,0.0,45,41670,买盘
503,14:42:19,9.26,0.0,6,5556,买盘
504,14:43:36,9.28,0.02,5,4640,买盘
505,14:43:45,9.28,0.0,3,2784,买盘
506,14:44:52,9.26,-0.02,7,6482,卖盘
507,14:44:54,9.26,0.0,28,25928,卖盘
508,14:45:09,9.26,0.0,5,4630,卖盘
509,14:45:33,9.26,0.0,9,8334,卖盘
510,14:46:19,9.26,0.0,1,926,卖盘
511,14:46:22,9.27,0.01,20,18540,买盘
512,14:47:04,9.26,-0.01,5,4630,买盘
513,14:47:13,9.26,0.0,9,8334,卖盘
514,14:48:00,9.26,0.0,30,27780,卖盘
515,14:48:04,9.26,0.0,15,13890,买盘
516,14:48:24,9.26,0.0,1,926,买盘
517,14:48:49,9.25,-0.01,17,15725,卖盘
518,14:48:51,9.27,0.02,53,49083,买盘
519,14:49:48,9.25,-0.02,14,12950,卖盘
520,14:49:54,9.25,0.0,28,25900,卖盘
521,14:50:06,9.26,0.01,10,9260,买盘
522,14:50:27,9.25,-0.01,30,27750,卖盘
523,14:50:33,9.26,0.01,8,7408,买盘
524,14:50:42,9.26,0.0,10,9260,买盘
525,14:50:58,9.25,-0.01,27,24975,卖盘
526,14:51:12,9.24,-0.01,110,101653,卖盘
527,14:51:33,9.25,0.01,10,9250,买盘
528,14:51:37,9.23,-0.02,6,5540,卖盘
529,14:52:04,9.24,0.01,11,10164,买盘
530,14:52:18,9.23,-0.01,37,34151,卖盘
531,14:52:31,9.22,-0.01,9,8298,卖盘
532,14:52:55,9.23,0.01,41,37807,买盘
533,14:53:06,9.22,-0.01,22,20284,卖盘
534,14:53:15,9.23,0.01,10,9230,买盘
535,14:53:19,9.22,-0.01,12,11064,卖盘
536,14:53:22,9.2,-0.02,303,278896,卖盘
537,14:53:25,9.2,0.0,29,26680,卖盘
538,14:53:36,9.19,-0.01,207,190233,卖盘
539,14:53:45,9.19,0.0,4,3676,买盘
540,14:53:55,9.18,-0.01,192,176276,卖盘
541,14:53:58,9.18,0.0,84,77112,买盘
542,14:54:00,9.18,0.0,1,918,卖盘
543,14:54:10,9.19,0.01,5,4595,买盘
544,14:54:13,9.19,0.0,63,57897,买盘
545,14:54:16,9.18,-0.01,127,116632,卖盘
546,14:54:19,9.18,0.0,52,47736,卖盘
547,14:54:22,9.2,0.02,1,920,买盘
548,14:54:25,9.18,-0.02,27,24786,卖盘
549,14:54:43,9.2,0.02,10,9200,卖盘
550,14:54:46,9.18,-0.02,17,15606,卖盘
551,14:54:49,9.22,0.04,121,111542,买盘
552,14:55:22,9.21,-0.01,5,4605,卖盘
553,14:55:43,9.21,0.0,52,47942,卖盘
554,14:55:49,9.21,0.0,50,46050,买盘
555,14:55:55,9.21,0.0,1,921,买盘
556,14:55:57,9.2,-0.01,22,20240,卖盘
557,14:56:04,9.19,-0.01,11,10109,卖盘
558,14:56:21,9.2,0.01,373,343140,买盘
559,14:56:25,9.2,0.0,1,920,买盘
560,14:56:28,9.2,0.0,1,920,买盘
561,14:56:31,9.2,0.0,24,22068,买盘
562,14:56:34,9.2,0.0,13,11960,买盘
563,14:56:40,9.19,-0.01,60,55140,卖盘
564,15:00:04,9.2,0.01,180,165618,卖盘
