,time,price,change,volume,amount,type
0,09:25:04,14.92,-0.09,109,162628,卖盘
1,09:30:01,14.92,0.0,43,64156,卖盘
2,09:30:04,14.92,0.0,109,162151,卖盘
3,09:30:06,14.93,0.01,37,55200,买盘
4,09:30:10,14.92,-0.01,21,31349,卖盘
5,09:30:19,14.9,-0.02,18,26820,卖盘
6,09:30:24,14.9,0.0,10,14900,买盘
7,09:30:33,14.9,0.0,12,17873,买盘
8,09:30:36,14.89,-0.01,26,38719,卖盘
9,09:30:39,14.89,0.0,1,1489,卖盘
10,09:30:43,14.9,0.01,4,5960,买盘
11,09:30:46,14.89,-0.01,40,59645,卖盘
12,09:30:51,14.86,-0.03,50,74300,卖盘
13,09:30:55,14.89,0.03,7,10419,买盘
14,09:30:58,14.87,-0.02,4,5948,卖盘
15,09:31:00,14.81,-0.06,4,5924,买盘
16,09:31:10,14.8,-0.01,10,14822,卖盘
17,09:31:19,14.81,0.01,1,1481,卖盘
18,09:31:22,14.81,0.0,6,8886,卖盘
19,09:31:24,14.81,0.0,7,10367,卖盘
20,09:31:27,14.8,-0.01,66,97700,卖盘
21,09:31:34,14.81,0.01,14,20734,卖盘
22,09:31:37,14.81,0.0,7,10367,卖盘
23,09:31:43,14.82,0.01,2,2964,卖盘
24,09:31:46,14.81,-0.01,33,48879,卖盘
25,09:31:48,14.86,0.05,17,25197,买盘
26,09:31:52,14.86,0.0,9,13374,卖盘
27,09:31:55,14.86,0.0,1,1486,卖盘
28,09:31:57,14.86,0.0,1,1486,卖盘
29,09:32:01,14.81,-0.05,21,31141,卖盘
30,09:32:10,14.82,0.01,7,10372,卖盘
31,09:32:19,14.82,0.0,10,14820,卖盘
32,09:32:25,14.81,-0.01,19,28148,卖盘
33,09:32:37,14.81,0.0,3,4443,卖盘
34,09:32:42,14.81,0.0,30,44446,卖盘
35,09:32:46,14.81,0.0,14,20734,买盘
36,09:32:48,14.82,0.01,12,17776,买盘
37,09:32:52,14.82,0.0,4,5928,买盘
38,09:32:54,14.85,0.03,3,4455,买盘
39,09:32:58,14.8,-0.05,71,105153,卖盘
40,09:33:01,14.84,0.04,5,7420,买盘
41,09:33:04,14.85,0.01,17,25231,买盘
42,09:33:09,14.85,0.0,6,8912,卖盘
43,09:33:13,14.86,0.01,5,7427,买盘
44,09:33:16,14.85,-0.01,2,2971,卖盘
45,09:33:31,14.87,0.02,14,20818,买盘
46,09:33:33,14.85,-0.02,16,23776,卖盘
47,09:33:40,14.8,-0.05,3,4450,卖盘
48,09:33:52,14.84,0.04,1,1484,买盘
49,09:33:55,14.85,0.01,2,2970,买盘
50,09:33:57,14.85,0.0,2,2970,买盘
51,09:34:01,14.85,0.0,1,1485,买盘
52,09:34:04,14.84,-0.01,1,1484,买盘
53,09:34:06,14.82,-0.02,31,45898,卖盘
54,09:34:09,14.82,0.0,8,11852,买盘
55,09:34:16,14.81,-0.01,2,2962,卖盘
56,09:34:19,14.81,0.0,4,5924,卖盘
57,09:34:21,14.82,0.01,5,7410,买盘
58,09:34:27,14.81,-0.01,13,19256,卖盘
59,09:34:30,14.85,0.04,40,59349,买盘
60,09:34:33,14.82,-0.03,7,10374,买盘
61,09:34:36,14.8,-0.02,31,45921,卖盘
62,09:34:40,14.81,0.01,32,47423,中性盘
63,09:34:43,14.8,-0.01,65,96225,卖盘
64,09:34:45,14.81,0.01,1,1481,买盘
65,09:34:48,14.85,0.04,2,2970,买盘
66,09:34:58,14.86,0.01,12,17848,卖盘
67,09:35:01,14.84,-0.02,1,1484,买盘
68,09:35:04,14.84,0.0,13,19292,买盘
69,09:35:06,14.86,0.02,1,1486,买盘
70,09:35:10,14.84,-0.02,3,4454,卖盘
71,09:35:13,14.86,0.02,1,1486,买盘
72,09:35:16,14.82,-0.04,18,26693,卖盘
73,09:35:19,14.82,0.0,13,19266,买盘
74,09:35:22,14.82,0.0,12,17784,买盘
75,09:35:25,14.82,0.0,22,32604,买盘
76,09:35:28,14.82,0.0,16,23712,买盘
77,09:35:31,14.82,0.0,39,57798,买盘
78,09:35:33,14.82,0.0,121,179139,买盘
79,09:35:37,14.82,0.0,37,54834,买盘
80,09:35:43,14.82,0.0,20,29644,卖盘
81,09:35:45,14.86,0.04,1,1486,买盘
82,09:35:49,14.86,0.0,4,5944,买盘
83,09:35:51,14.82,-0.04,16,23736,卖盘
84,09:35:54,14.82,0.0,21,31122,买盘
85,09:36:06,14.83,0.01,20,29662,卖盘
86,09:36:10,14.83,0.0,1,1483,卖盘
87,09:36:21,14.89,0.06,5,7445,买盘
88,09:36:39,14.88,-0.01,2,2976,买盘
89,09:36:48,14.88,0.0,3,4464,买盘
90,09:36:51,14.88,0.0,3,4464,买盘
91,09:36:55,14.89,0.01,6,8931,买盘
92,09:37:04,14.89,0.0,1,1489,买盘
93,09:37:06,14.89,0.0,2,2978,买盘
94,09:37:16,14.9,0.01,5,7450,买盘
95,09:37:24,14.91,0.01,19,28322,买盘
96,09:37:31,14.92,0.01,7,10444,买盘
97,09:37:34,14.92,0.0,5,7460,买盘
98,09:37:36,14.92,0.0,5,7460,买盘
99,09:37:39,14.92,0.0,3,4476,买盘
100,09:37:52,14.95,0.03,42,62803,卖盘
101,09:37:54,14.96,0.01,8,11968,卖盘
102,09:38:01,14.98,0.02,13,19474,买盘
103,09:38:09,14.98,0.0,3,4494,买盘
104,09:38:13,14.94,-0.04,1,1494,卖盘
105,09:38:15,14.98,0.04,1,1977,买盘
106,09:38:19,14.98,0.0,4,5513,卖盘
107,09:38:25,14.93,-0.05,22,32895,卖盘
108,09:38:27,14.96,0.03,5,7480,中性盘
109,09:38:31,14.96,0.0,23,34364,买盘
110,09:38:34,14.96,0.0,20,29894,买盘
111,09:38:36,14.92,-0.04,3,4476,中性盘
112,09:38:43,14.95,0.03,5,7475,卖盘
113,09:38:54,14.92,-0.03,3,4476,中性盘
114,09:38:57,14.91,-0.01,3,4473,卖盘
115,09:39:04,14.91,0.0,12,17892,卖盘
116,09:39:06,14.91,0.0,4,5964,卖盘
117,09:39:21,14.85,-0.06,47,69804,卖盘
118,09:39:30,14.9,0.05,5,7450,买盘
119,09:39:36,14.89,-0.01,4,5958,中性盘
120,09:39:39,14.86,-0.03,7,10420,卖盘
121,09:39:42,14.9,0.04,26,38731,买盘
122,09:39:46,14.88,-0.02,12,17856,中性盘
123,09:39:49,14.88,0.0,36,53568,买盘
124,09:39:52,14.9,0.02,86,128020,买盘
125,09:39:54,14.93,0.03,4,5970,买盘
126,09:39:57,14.93,0.0,2,2986,买盘
127,09:40:01,14.92,-0.01,1,1492,中性盘
128,09:40:04,14.92,0.0,3,4478,卖盘
129,09:40:06,14.93,0.01,4,5968,买盘
130,09:40:09,14.92,-0.01,2,2984,买盘
131,09:40:12,14.93,0.01,1,1493,买盘
132,09:40:16,14.92,-0.01,9,13435,卖盘
133,09:40:19,14.93,0.01,1,1493,买盘
134,09:40:21,14.93,0.0,1,1493,买盘
135,09:40:34,14.93,0.0,11,16423,买盘
136,09:40:43,14.92,-0.01,49,73107,卖盘
137,09:40:55,14.92,0.0,12,17896,买盘
138,09:41:07,14.9,-0.02,1,1490,卖盘
139,09:41:16,14.91,0.01,2,2982,买盘
140,09:41:19,14.9,-0.01,8,11920,卖盘
141,09:41:39,14.92,0.02,8,11936,买盘
142,09:41:42,14.9,-0.02,17,25332,卖盘
143,09:41:48,14.9,0.0,5,7450,卖盘
144,09:41:55,14.9,0.0,7,10430,买盘
145,09:41:57,14.9,0.0,5,7450,卖盘
146,09:42:01,14.9,0.0,10,14900,卖盘
147,09:42:04,14.9,0.0,2,2980,卖盘
148,09:42:16,14.9,0.0,5,7450,卖盘
149,09:42:25,14.91,0.01,6,8946,买盘
150,09:42:27,14.9,-0.01,17,25330,卖盘
151,09:42:30,14.9,0.0,6,8940,卖盘
152,09:42:43,14.89,-0.01,10,14890,卖盘
153,09:42:48,14.89,0.0,1,1489,卖盘
154,09:42:51,14.89,0.0,10,14893,卖盘
155,09:42:54,14.89,0.0,15,22335,卖盘
156,09:43:06,14.89,0.0,8,11912,卖盘
157,09:43:12,14.89,0.0,3,4467,买盘
158,09:43:22,14.89,0.0,24,35736,买盘
159,09:43:30,14.9,0.01,20,29790,买盘
160,09:43:36,14.9,0.0,1,1490,卖盘
161,09:43:45,14.9,0.0,1,1490,卖盘
162,09:43:51,14.9,0.0,16,23840,买盘
163,09:43:57,14.9,0.0,2,2980,买盘
164,09:44:09,14.9,0.0,9,13410,卖盘
165,09:44:12,14.89,-0.01,13,19357,卖盘
166,09:44:24,14.89,0.0,18,26802,买盘
167,09:44:27,14.89,0.0,9,13401,卖盘
168,09:44:30,14.89,0.0,4,5956,卖盘
169,09:44:40,14.86,-0.03,20,29741,卖盘
170,09:44:48,14.86,0.0,3,4458,卖盘
171,09:44:51,14.86,0.0,11,16346,卖盘
172,09:44:54,14.86,0.0,13,19318,买盘
173,09:44:57,14.86,0.0,15,22290,买盘
174,09:45:09,14.87,0.01,50,74348,买盘
175,09:45:12,14.84,-0.03,47,69774,卖盘
176,09:45:16,14.83,-0.01,6,8899,卖盘
177,09:45:25,14.83,0.0,6,9462,卖盘
178,09:45:27,14.87,0.04,3,4461,买盘
179,09:45:30,14.83,-0.04,1,1483,卖盘
180,09:45:33,14.8,-0.03,233,344911,卖盘
181,09:45:48,14.8,0.0,38,55703,卖盘
182,09:45:51,14.8,0.0,1,1480,买盘
183,09:45:54,14.79,-0.01,12,17748,买盘
184,09:45:57,14.79,0.0,6,8874,买盘
185,09:46:01,14.8,0.01,10,14793,买盘
186,09:46:04,14.8,0.0,6,8880,买盘
187,09:46:06,14.8,0.0,4,6480,买盘
188,09:46:12,14.8,0.0,9,13320,卖盘
189,09:46:21,14.8,0.0,2,2960,卖盘
190,09:46:24,14.8,0.0,3,4440,卖盘
191,09:46:30,14.8,0.0,2,2960,卖盘
192,09:46:33,14.86,0.06,3,4458,买盘
193,09:46:36,14.79,-0.07,51,74982,卖盘
194,09:46:42,14.86,0.07,16,24247,买盘
195,09:46:45,14.8,-0.06,66,97499,卖盘
196,09:47:04,14.8,0.0,19,28137,卖盘
197,09:47:06,14.8,0.0,9,13328,卖盘
198,09:47:09,14.81,0.01,1,1481,卖盘
199,09:47:18,14.81,0.0,6,8886,买盘
200,09:47:21,14.81,0.0,20,29620,买盘
201,09:47:28,14.81,0.0,2,2962,买盘
202,09:47:33,14.84,0.03,1,1484,买盘
203,09:47:39,14.86,0.02,22,33252,买盘
204,09:47:51,14.82,-0.04,20,29658,卖盘
205,09:48:30,14.85,0.03,2,2970,买盘
206,09:48:33,14.83,-0.02,17,25211,卖盘
207,09:48:43,14.83,0.0,3,4451,卖盘
208,09:49:04,14.85,0.02,1,1485,买盘
209,09:49:06,14.85,0.0,16,23760,买盘
210,09:49:09,14.85,0.0,2,2970,买盘
211,09:49:25,14.86,0.01,20,29720,买盘
212,09:49:28,14.87,0.01,1,1487,买盘
213,09:49:36,14.87,0.0,1,1487,卖盘
214,09:49:48,14.84,-0.03,46,68346,卖盘
215,09:50:00,14.88,0.04,4,5952,买盘
216,09:50:15,14.87,-0.01,10,14870,中性盘
217,09:50:19,14.88,0.01,20,29760,买盘
218,09:50:30,14.88,0.0,19,28272,买盘
219,09:50:33,14.9,0.02,1,1490,买盘
220,09:50:45,14.9,0.0,19,28310,买盘
221,09:50:52,14.94,0.04,24,35856,买盘
222,09:51:06,14.94,0.0,25,37350,卖盘
223,09:51:12,14.94,0.0,18,26892,卖盘
224,09:51:16,14.94,0.0,8,11952,卖盘
225,09:51:24,14.94,0.0,10,14935,买盘
226,09:51:31,14.94,0.0,13,19422,买盘
227,09:51:34,14.94,0.0,25,37350,卖盘
228,09:51:36,14.94,0.0,5,7470,卖盘
229,09:51:45,14.95,0.01,2,2990,买盘
230,09:51:54,14.95,0.0,11,16445,买盘
231,09:52:00,14.94,-0.01,13,19431,卖盘
232,09:52:04,14.95,0.01,30,44833,买盘
233,09:52:33,14.94,-0.01,2,2988,买盘
234,09:52:39,14.93,-0.01,1,1493,买盘
235,09:52:45,14.9,-0.03,53,79044,卖盘
236,09:53:04,14.9,0.0,10,14900,卖盘
237,09:53:21,14.9,0.0,10,14900,卖盘
238,09:53:27,14.9,0.0,46,68540,卖盘
239,09:53:36,14.83,-0.07,8,11871,卖盘
240,09:53:48,14.85,0.02,15,22275,买盘
241,09:54:06,14.85,0.0,2,2970,买盘
242,09:54:15,14.86,0.01,8,11888,买盘
243,09:54:18,14.85,-0.01,1,1485,卖盘
244,09:54:39,14.86,0.01,29,43094,卖盘
245,09:54:45,14.86,0.0,73,108478,买盘
246,09:54:49,14.81,-0.05,59,87507,卖盘
247,09:55:03,14.86,0.05,2,2972,买盘
248,09:55:07,14.86,0.0,176,261536,买盘
249,09:55:10,14.85,-0.01,17,25245,中性盘
250,09:55:12,14.85,0.0,1,1485,买盘
251,09:55:15,14.85,0.0,40,59400,买盘
252,09:55:18,14.85,0.0,2,2970,买盘
253,09:55:21,14.86,0.01,14,20804,买盘
254,09:55:24,14.86,0.0,11,16346,买盘
255,09:55:27,14.86,0.0,50,74300,买盘
256,09:55:30,14.86,0.0,55,81730,买盘
257,09:56:00,14.92,0.06,6,8952,买盘
258,09:56:06,14.92,0.0,2,2984,买盘
259,09:56:10,14.92,0.0,6,8952,买盘
260,09:56:13,14.89,-0.03,7,10435,卖盘
261,09:56:27,14.93,0.04,10,14930,买盘
262,09:56:33,14.89,-0.04,7,10431,卖盘
263,09:56:57,14.93,0.04,1,1493,买盘
264,09:57:01,14.95,0.02,6,8970,买盘
265,09:57:03,14.91,-0.04,10,14913,卖盘
266,09:57:09,14.91,0.0,3,4473,买盘
267,09:57:12,14.91,0.0,6,8946,买盘
268,09:57:15,14.91,0.0,1,1491,买盘
269,09:57:30,14.91,0.0,4,5964,卖盘
270,09:57:55,14.91,0.0,6,8946,卖盘
271,09:58:04,14.91,0.0,55,81966,买盘
272,09:58:10,14.91,0.0,50,74550,买盘
273,09:58:16,14.91,0.0,147,219177,买盘
274,09:58:40,14.91,0.0,1,1491,卖盘
275,09:58:43,14.93,0.02,4,5970,买盘
276,09:58:54,14.93,0.0,5,7465,买盘
277,09:59:01,14.93,0.0,1,1493,买盘
278,09:59:15,14.95,0.02,6,8970,买盘
279,09:59:24,14.96,0.01,3,4488,买盘
280,09:59:30,14.96,0.0,6,8976,买盘
281,09:59:33,14.96,0.0,6,8976,买盘
282,09:59:36,14.96,0.0,1,1496,买盘
283,09:59:49,14.97,0.01,6,8982,买盘
284,09:59:58,14.97,0.0,34,50898,买盘
285,10:00:04,14.99,0.02,12,17983,买盘
286,10:00:07,15.0,0.01,8,12477,买盘
287,10:00:13,15.04,0.04,8,12032,买盘
288,10:00:18,15.04,0.0,12,18048,买盘
289,10:00:27,15.04,0.0,29,43595,买盘
290,10:00:30,15.02,-0.02,15,22530,买盘
291,10:00:40,15.02,0.0,27,40554,买盘
292,10:00:43,15.02,0.0,10,15020,卖盘
293,10:00:46,15.02,0.0,9,13518,卖盘
294,10:00:48,15.05,0.03,5,7523,买盘
295,10:00:52,15.03,-0.02,12,18036,中性盘
296,10:00:55,15.02,-0.01,60,90122,卖盘
297,10:00:57,15.09,0.07,16,24104,买盘
298,10:01:00,15.03,-0.06,19,28556,卖盘
299,10:01:04,15.03,0.0,18,27042,买盘
300,10:01:07,15.03,0.0,15,22573,卖盘
301,10:01:10,15.03,0.0,37,55615,卖盘
302,10:01:12,15.02,-0.01,4,6008,卖盘
303,10:01:19,15.06,0.04,90,135407,买盘
304,10:01:22,15.06,0.0,7,10542,卖盘
305,10:01:25,14.97,-0.09,12,17964,卖盘
306,10:01:28,14.99,0.02,9,13491,中性盘
307,10:01:30,14.94,-0.05,6,8966,卖盘
308,10:01:54,14.95,0.01,7,10464,卖盘
309,10:02:06,14.95,0.0,2,2990,卖盘
310,10:02:09,15.03,0.08,29,43570,买盘
311,10:02:12,14.96,-0.07,4,5984,中性盘
312,10:02:19,14.98,0.02,5,7490,买盘
313,10:02:21,14.97,-0.01,6,8982,卖盘
314,10:02:27,14.98,0.01,3,4494,买盘
315,10:02:33,14.98,0.0,9,13482,买盘
316,10:02:36,15.0,0.02,9,13488,买盘
317,10:02:48,15.0,0.0,12,18000,买盘
318,10:02:57,15.0,0.0,2,3000,卖盘
319,10:03:03,15.02,0.02,17,25534,买盘
320,10:03:06,15.0,-0.02,39,58509,卖盘
321,10:03:09,15.04,0.04,6,9024,买盘
322,10:03:13,15.02,-0.02,10,15020,买盘
323,10:03:19,15.02,0.0,13,19526,买盘
324,10:03:21,15.04,0.02,13,19536,买盘
325,10:03:42,15.01,-0.03,32,48032,卖盘
326,10:03:45,15.04,0.03,69,103776,买盘
327,10:04:06,15.07,0.03,26,39158,买盘
328,10:04:15,15.06,-0.01,2,3012,卖盘
329,10:04:18,15.07,0.01,12,18074,买盘
330,10:04:21,15.07,0.0,8,12054,买盘
331,10:04:30,15.06,-0.01,28,42168,卖盘
332,10:04:43,15.06,0.0,1,1506,买盘
333,10:04:48,15.04,-0.02,12,18048,卖盘
334,10:04:51,15.06,0.02,1,1506,买盘
335,10:05:15,15.05,-0.01,9,13545,卖盘
336,10:05:21,15.05,0.0,79,118825,买盘
337,10:05:28,15.04,-0.01,7,10534,卖盘
338,10:05:30,15.04,0.0,6,9024,买盘
339,10:05:33,15.04,0.0,1,1504,买盘
340,10:06:04,15.02,-0.02,1,1502,卖盘
341,10:06:06,15.01,-0.01,21,31522,卖盘
342,10:06:16,15.03,0.02,6,9018,买盘
343,10:06:19,15.01,-0.02,4,6004,卖盘
344,10:06:27,15.03,0.02,22,33066,卖盘
345,10:06:30,15.05,0.02,18,27080,买盘
346,10:06:43,15.05,0.0,24,36120,买盘
347,10:06:57,15.05,0.0,45,67754,卖盘
348,10:07:00,15.06,0.01,28,42168,买盘
349,10:07:09,15.06,0.0,6,9036,买盘
350,10:07:16,15.06,0.0,15,22590,买盘
351,10:07:21,15.06,0.0,2,3012,买盘
352,10:07:27,15.06,0.0,9,13554,卖盘
353,10:07:33,15.06,0.0,6,9036,买盘
354,10:07:39,15.05,-0.01,20,30100,卖盘
355,10:07:45,15.06,0.01,3,4518,买盘
356,10:07:54,15.07,0.01,12,18079,买盘
357,10:08:00,15.07,0.0,12,18084,买盘
358,10:08:06,15.07,0.0,14,21096,买盘
359,10:08:09,15.07,0.0,5,7535,买盘
360,10:08:15,15.07,0.0,21,31646,买盘
361,10:08:18,15.07,0.0,20,30140,卖盘
362,10:08:24,15.06,-0.01,1,1506,卖盘
363,10:08:27,15.06,0.0,3,4518,卖盘
364,10:08:30,15.05,-0.01,6,9033,卖盘
365,10:08:36,15.05,0.0,5,7525,卖盘
366,10:08:39,15.05,0.0,6,9030,卖盘
367,10:09:00,15.03,-0.02,15,22545,卖盘
368,10:09:06,15.03,0.0,5,7515,卖盘
369,10:09:18,15.01,-0.02,2,3002,卖盘
370,10:09:30,15.01,0.0,5,7505,卖盘
371,10:09:45,15.01,0.0,3,4503,卖盘
372,10:09:49,15.01,0.0,13,19513,卖盘
373,10:09:57,15.01,0.0,3,4503,卖盘
374,10:10:07,15.01,0.0,9,13509,卖盘
375,10:10:12,15.02,0.01,7,10513,买盘
376,10:10:16,15.02,0.0,11,16522,买盘
377,10:10:18,15.02,0.0,12,18024,买盘
378,10:10:45,15.02,0.0,13,19526,买盘
379,10:10:48,15.02,0.0,19,28538,买盘
380,10:10:54,15.02,0.0,32,48064,买盘
381,10:11:06,15.02,0.0,2,3004,卖盘
382,10:11:12,15.02,0.0,6,9017,卖盘
383,10:11:19,15.03,0.01,20,30060,买盘
384,10:11:24,15.03,0.0,20,30060,买盘
385,10:11:27,15.02,-0.01,3,4506,卖盘
386,10:11:30,15.02,0.0,1,1502,卖盘
387,10:11:42,15.02,0.0,1,1502,卖盘
388,10:11:45,15.02,0.0,18,27036,卖盘
389,10:11:54,15.03,0.01,6,9018,买盘
390,10:12:06,15.01,-0.02,31,46549,卖盘
391,10:12:12,15.01,0.0,9,13509,卖盘
392,10:12:19,15.01,0.0,3,4503,卖盘
393,10:12:27,15.01,0.0,1,1501,卖盘
394,10:12:39,15.02,0.01,7,10514,中性盘
395,10:12:48,15.01,-0.01,40,60070,卖盘
396,10:12:51,15.02,0.01,11,16522,卖盘
397,10:12:57,15.0,-0.02,31,46500,卖盘
398,10:13:06,15.0,0.0,56,84000,卖盘
399,10:13:09,14.99,-0.01,5,7495,卖盘
400,10:13:12,14.99,0.0,1,1499,卖盘
401,10:13:24,15.0,0.01,3,4500,买盘
402,10:13:39,15.0,0.0,11,16490,买盘
403,10:13:48,15.0,0.0,77,115500,买盘
404,10:13:51,14.96,-0.04,30,44913,卖盘
405,10:13:54,15.0,0.04,6,9000,买盘
406,10:13:58,15.0,0.0,12,18000,买盘
407,10:14:00,15.0,0.0,8,12000,买盘
408,10:14:04,15.02,0.02,6,9004,买盘
409,10:14:12,14.97,-0.05,7,10479,卖盘
410,10:14:15,15.0,0.03,2,3000,买盘
411,10:14:25,15.0,0.0,3,4500,卖盘
412,10:14:28,15.0,0.0,3,4500,卖盘
413,10:14:42,15.01,0.01,7,10507,中性盘
414,10:14:45,15.02,0.01,12,18024,买盘
415,10:14:54,15.02,0.0,28,42056,买盘
416,10:15:06,15.0,-0.02,57,85500,中性盘
417,10:15:09,15.0,0.0,6,9000,买盘
418,10:15:13,15.0,0.0,7,10500,买盘
419,10:15:57,15.01,0.01,3,4503,卖盘
420,10:16:06,15.01,0.0,1,1501,卖盘
421,10:16:15,15.02,0.01,14,21028,买盘
422,10:16:18,15.02,0.0,5,7510,卖盘
423,10:16:24,15.02,0.0,1,1502,卖盘
424,10:16:27,15.03,0.01,3,4509,买盘
425,10:16:33,15.03,0.0,5,7515,买盘
426,10:16:54,15.03,0.0,67,100701,买盘
427,10:17:00,15.03,0.0,13,19538,买盘
428,10:17:12,15.02,-0.01,1,1502,卖盘
429,10:17:27,15.02,0.0,3,4506,卖盘
430,10:17:30,15.03,0.01,7,10521,买盘
431,10:18:12,15.02,-0.01,5,7510,卖盘
432,10:18:21,15.02,0.0,26,39052,卖盘
433,10:18:48,15.03,0.01,9,13527,买盘
434,10:18:57,15.02,-0.01,3,4506,卖盘
435,10:19:00,15.02,0.0,5,7510,卖盘
436,10:19:04,15.02,0.0,1,1502,卖盘
437,10:19:30,15.03,0.01,6,9018,买盘
438,10:19:33,15.03,0.0,6,9018,买盘
439,10:19:48,15.03,0.0,5,7515,买盘
440,10:20:07,15.02,-0.01,13,19526,卖盘
441,10:20:12,15.03,0.01,10,15030,买盘
442,10:20:15,15.02,-0.01,12,18024,卖盘
443,10:20:24,15.02,0.0,7,10514,买盘
444,10:20:27,15.02,0.0,10,15018,买盘
445,10:20:34,15.03,0.01,2,3006,买盘
446,10:20:57,15.03,0.0,2,3006,买盘
447,10:21:09,15.02,-0.01,7,10514,卖盘
448,10:21:18,15.03,0.01,6,9018,买盘
449,10:21:21,15.03,0.0,6,9018,买盘
450,10:21:24,15.03,0.0,9,13521,买盘
451,10:21:27,15.01,-0.02,7,10509,卖盘
452,10:21:30,15.03,0.02,6,9018,买盘
453,10:21:36,15.03,0.0,26,39038,买盘
454,10:21:42,15.03,0.0,2,3006,买盘
455,10:21:48,15.02,-0.01,6,9012,中性盘
456,10:21:54,15.02,0.0,7,10514,买盘
457,10:21:58,15.03,0.01,5,7509,买盘
458,10:22:06,15.03,0.0,2,3006,买盘
459,10:22:12,15.03,0.0,4,6012,买盘
460,10:22:15,15.06,0.03,6,9034,买盘
461,10:22:21,15.06,0.0,12,18072,买盘
462,10:22:28,15.06,0.0,3,4518,买盘
463,10:22:33,15.06,0.0,8,12048,卖盘
464,10:22:43,15.06,0.0,1,1506,买盘
465,10:22:48,15.06,0.0,20,30107,买盘
466,10:23:04,15.05,-0.01,2,3010,卖盘
467,10:23:18,15.06,0.01,2,3012,买盘
468,10:23:21,15.06,0.0,12,18072,买盘
469,10:23:27,15.06,0.0,6,9036,卖盘
470,10:23:30,15.06,0.0,3,4518,卖盘
471,10:23:43,15.08,0.02,115,173366,买盘
472,10:23:48,15.06,-0.02,6,9036,卖盘
473,10:23:57,15.07,0.01,26,39182,买盘
474,10:24:00,15.07,0.0,26,39182,卖盘
475,10:24:09,15.06,-0.01,14,21084,卖盘
476,10:24:19,15.06,0.0,98,147588,卖盘
477,10:24:21,15.06,0.0,11,16566,卖盘
478,10:24:27,15.03,-0.03,23,34603,卖盘
479,10:24:36,15.02,-0.01,11,16523,卖盘
480,10:24:49,15.03,0.01,10,15030,卖盘
481,10:24:57,15.03,0.0,3,4509,卖盘
482,10:25:04,15.03,0.0,1,1503,卖盘
483,10:25:09,15.03,0.0,13,19539,卖盘
484,10:25:12,15.03,0.0,1,1503,卖盘
485,10:25:15,15.04,0.01,1,1504,买盘
486,10:25:18,15.04,0.0,10,15040,卖盘
487,10:25:33,15.04,0.0,9,13540,卖盘
488,10:25:39,15.03,-0.01,2,3006,卖盘
489,10:25:42,15.03,0.0,6,9018,卖盘
490,10:25:48,15.03,0.0,3,4509,卖盘
491,10:26:04,15.03,0.0,3,4509,卖盘
492,10:26:09,15.03,0.0,5,7515,卖盘
493,10:26:12,15.06,0.03,28,42114,买盘
494,10:26:27,15.02,-0.04,3,4506,卖盘
495,10:26:30,15.06,0.04,2,3012,买盘
496,10:26:51,15.06,0.0,14,21045,买盘
497,10:26:57,15.06,0.0,159,239454,买盘
498,10:27:04,15.06,0.0,1,1506,卖盘
499,10:27:12,15.06,0.0,1,1506,卖盘
500,10:27:15,15.07,0.01,62,93420,买盘
501,10:27:18,15.07,0.0,100,150700,买盘
502,10:27:33,15.07,0.0,6,9042,买盘
503,10:27:49,15.07,0.0,38,57227,买盘
504,10:27:57,15.03,-0.04,3,4509,卖盘
505,10:28:03,15.03,0.0,2,3007,卖盘
506,10:28:09,15.03,0.0,25,37575,卖盘
507,10:28:16,15.04,0.01,10,15040,买盘
508,10:28:21,15.05,0.01,18,27084,买盘
509,10:28:27,15.03,-0.02,24,36092,卖盘
510,10:28:37,15.03,0.0,4,6012,卖盘
511,10:28:54,15.04,0.01,10,15040,买盘
512,10:29:00,15.05,0.01,18,27090,买盘
513,10:29:09,15.03,-0.02,3,4509,卖盘
514,10:29:18,15.04,0.01,6,9024,卖盘
515,10:29:24,15.04,0.0,1,1504,卖盘
516,10:29:28,15.04,0.0,3,4512,卖盘
517,10:29:33,15.02,-0.02,95,142729,卖盘
518,10:29:45,15.06,0.04,2,3012,买盘
519,10:30:04,15.06,0.0,1,1506,卖盘
520,10:30:15,15.06,0.0,16,24104,卖盘
521,10:30:18,15.08,0.02,6,9046,买盘
522,10:30:21,15.08,0.0,6,9048,买盘
523,10:30:24,15.08,0.0,47,70876,买盘
524,10:30:27,15.08,0.0,24,36192,买盘
525,10:30:30,15.08,0.0,6,9048,买盘
526,10:30:36,15.08,0.0,11,16588,买盘
527,10:30:39,15.08,0.0,9,13566,买盘
528,10:30:42,15.08,0.0,10,15080,买盘
529,10:30:45,15.08,0.0,18,27144,买盘
530,10:30:51,15.08,0.0,30,45220,买盘
531,10:30:57,15.06,-0.02,3,4518,卖盘
532,10:31:00,15.07,0.01,6,9042,中性盘
533,10:31:04,15.07,0.0,1,1507,中性盘
534,10:31:06,15.08,0.01,6,9048,买盘
535,10:31:12,15.08,0.0,10,15080,买盘
536,10:31:18,15.08,0.0,10,15080,买盘
537,10:31:24,15.08,0.0,77,116116,买盘
538,10:31:30,15.09,0.01,7,10558,买盘
539,10:31:40,15.09,0.0,13,19617,买盘
540,10:31:45,15.1,0.01,12,18118,买盘
541,10:31:51,15.09,-0.01,3,4527,卖盘
542,10:31:58,15.09,0.0,6,9054,买盘
543,10:32:09,15.09,0.0,8,12072,买盘
544,10:32:12,15.08,-0.01,2,3017,卖盘
545,10:32:16,15.08,0.0,10,15080,卖盘
546,10:32:24,15.08,0.0,9,13572,卖盘
547,10:32:40,15.03,-0.05,21,31605,卖盘
548,10:32:43,15.06,0.03,2,3012,买盘
549,10:33:03,15.03,-0.03,7,10521,卖盘
550,10:33:12,15.06,0.03,14,21077,买盘
551,10:33:49,15.06,0.0,5,7530,买盘
552,10:33:52,15.06,0.0,15,22590,买盘
553,10:33:58,15.06,0.0,3,4518,卖盘
554,10:34:12,15.05,-0.01,1,1505,卖盘
555,10:34:15,15.07,0.02,5,7534,买盘
556,10:34:24,15.03,-0.04,60,90208,卖盘
557,10:34:27,15.07,0.04,20,30140,买盘
558,10:34:31,15.03,-0.04,1,1503,卖盘
559,10:34:39,15.03,0.0,8,12024,卖盘
560,10:34:48,15.03,0.0,50,75150,卖盘
561,10:35:04,15.03,0.0,9,13527,卖盘
562,10:35:09,15.03,0.0,8,12024,卖盘
563,10:35:18,15.03,0.0,40,60120,卖盘
564,10:35:27,15.03,0.0,6,9018,卖盘
565,10:35:39,15.06,0.03,30,45180,买盘
566,10:35:42,15.06,0.0,3,4518,买盘
567,10:35:46,15.02,-0.04,30,45060,卖盘
568,10:35:51,15.02,0.0,1,1502,卖盘
569,10:36:04,15.02,0.0,3,4506,卖盘
570,10:36:06,15.01,-0.01,15,22518,卖盘
571,10:36:09,15.07,0.06,33,49651,买盘
572,10:36:28,15.0,-0.07,140,210035,卖盘
573,10:37:03,15.0,0.0,1,1500,卖盘
574,10:37:12,15.0,0.0,1,1500,卖盘
575,10:37:28,15.0,0.0,1,1500,卖盘
576,10:37:55,15.0,0.0,8,12000,卖盘
577,10:38:06,14.98,-0.02,4,5992,卖盘
578,10:38:21,14.98,0.0,30,44940,卖盘
579,10:38:36,14.98,0.0,1,1498,卖盘
580,10:38:45,14.98,0.0,5,7490,买盘
581,10:39:04,14.99,0.01,1,1499,卖盘
582,10:39:06,14.99,0.0,5,7495,卖盘
583,10:39:09,14.99,0.0,1,1499,卖盘
584,10:39:22,14.99,0.0,6,8994,买盘
585,10:39:27,15.0,0.01,10,15000,买盘
586,10:39:39,15.0,0.0,17,25500,买盘
587,10:39:51,15.0,0.0,8,12000,买盘
588,10:39:54,15.0,0.0,2,3000,卖盘
589,10:40:03,15.0,0.0,1,1500,卖盘
590,10:40:10,15.0,0.0,6,9000,卖盘
591,10:40:51,15.0,0.0,51,76500,买盘
592,10:41:12,15.0,0.0,16,24000,买盘
593,10:41:21,15.0,0.0,39,58500,买盘
594,10:41:33,15.03,0.03,1,1503,买盘
595,10:41:36,15.03,0.0,2,3006,卖盘
596,10:41:39,15.01,-0.02,1,1501,卖盘
597,10:41:42,15.0,-0.01,19,28500,卖盘
598,10:42:15,14.99,-0.01,6,8994,卖盘
599,10:42:18,14.98,-0.01,1,1498,卖盘
600,10:42:21,14.99,0.01,2,2998,买盘
601,10:42:42,14.98,-0.01,100,149815,卖盘
602,10:42:54,14.99,0.01,6,8994,买盘
603,10:43:00,14.98,-0.01,10,14980,卖盘
604,10:43:12,14.98,0.0,1,1498,买盘
605,10:43:15,14.98,0.0,10,14980,卖盘
606,10:43:30,14.97,-0.01,10,14977,卖盘
607,10:43:42,14.97,0.0,1,1497,卖盘
608,10:43:45,14.98,0.01,2,2996,买盘
609,10:43:48,14.98,0.0,15,22470,买盘
610,10:44:33,14.97,-0.01,7,10479,卖盘
611,10:44:39,14.98,0.01,1,1498,买盘
612,10:44:58,14.97,-0.01,1,1497,卖盘
613,10:45:01,14.95,-0.02,190,284156,卖盘
614,10:45:19,14.93,-0.02,26,38824,卖盘
615,10:45:24,14.92,-0.01,20,29840,卖盘
616,10:45:27,14.93,0.01,15,22395,买盘
617,10:46:09,14.9,-0.03,200,298358,卖盘
618,10:46:24,14.93,0.03,2,2986,卖盘
619,10:46:36,14.93,0.0,15,22395,买盘
620,10:46:54,14.93,0.0,5,7465,卖盘
621,10:47:12,14.92,-0.01,1,1492,卖盘
622,10:47:39,14.91,-0.01,32,47731,卖盘
623,10:47:45,14.94,0.03,5,7467,买盘
624,10:48:33,14.92,-0.02,6,8958,卖盘
625,10:48:36,14.92,0.0,1,1492,买盘
626,10:48:39,14.92,0.0,4,5968,买盘
627,10:49:55,14.95,0.03,5,7475,买盘
628,10:51:18,14.95,0.0,13,19435,买盘
629,10:51:54,14.97,0.02,2,2994,买盘
630,10:51:57,14.95,-0.02,1,1495,卖盘
631,10:52:04,14.95,0.0,1,1495,卖盘
632,10:52:12,14.95,0.0,1,1495,卖盘
633,10:53:04,14.95,0.0,2,2990,卖盘
634,10:53:15,14.97,0.02,1,1497,买盘
635,10:53:48,14.97,0.0,10,14970,买盘
636,10:54:01,14.99,0.02,10,14984,买盘
637,10:54:04,14.99,0.0,6,8994,买盘
638,10:54:15,15.0,0.01,6,8999,买盘
639,10:54:36,15.0,0.0,3,4500,买盘
640,10:54:45,15.03,0.03,6,9017,买盘
641,10:54:54,15.03,0.0,6,9018,买盘
642,10:55:06,15.03,0.0,6,9018,买盘
643,10:55:33,15.03,0.0,2,3006,买盘
644,10:55:48,15.03,0.0,1,1503,买盘
645,10:56:18,15.02,-0.01,13,19526,买盘
646,10:56:42,15.0,-0.02,18,27000,卖盘
647,10:56:49,15.0,0.0,5,7500,买盘
648,10:56:54,15.0,0.0,18,27000,买盘
649,10:56:57,15.0,0.0,2,3000,买盘
650,10:57:12,14.99,-0.01,1,1499,卖盘
651,10:57:18,15.0,0.01,12,18000,买盘
652,10:57:27,15.02,0.02,10,15020,买盘
653,10:57:36,15.02,0.0,6,9012,买盘
654,10:57:51,15.02,0.0,3,4506,买盘
655,10:57:54,15.02,0.0,4,6008,买盘
656,10:58:03,15.02,0.0,1,1502,卖盘
657,10:58:18,15.02,0.0,17,25534,卖盘
658,10:58:42,15.0,-0.02,5,7508,卖盘
659,10:58:54,15.01,0.01,1,1501,买盘
660,10:59:04,15.0,-0.01,2,3000,卖盘
661,10:59:06,15.01,0.01,2,3002,买盘
662,10:59:09,15.01,0.0,1,1501,卖盘
663,10:59:48,15.01,0.0,1,1501,买盘
664,10:59:52,15.01,0.0,5,7505,卖盘
665,10:59:55,15.02,0.01,6,9012,买盘
666,10:59:57,15.01,-0.01,2,3002,卖盘
667,11:00:03,15.02,0.01,6,9012,买盘
668,11:00:13,15.02,0.0,6,9012,买盘
669,11:00:15,15.01,-0.01,16,24016,卖盘
670,11:00:33,15.01,0.0,14,21014,买盘
671,11:00:48,15.02,0.01,1,1502,买盘
672,11:00:57,15.03,0.01,26,39054,买盘
673,11:01:12,15.02,-0.01,2,3004,卖盘
674,11:01:16,15.02,0.0,3,4506,卖盘
675,11:01:42,15.02,0.0,6,9012,买盘
676,11:01:45,15.02,0.0,1,1502,买盘
677,11:01:51,15.02,0.0,11,16517,买盘
678,11:02:09,15.02,0.0,6,9012,买盘
679,11:02:13,15.01,-0.01,1,1501,卖盘
680,11:02:15,15.02,0.01,5,7510,买盘
681,11:02:39,15.01,-0.01,11,16511,卖盘
682,11:03:01,15.03,0.02,68,102181,买盘
683,11:03:18,15.05,0.02,1,1505,买盘
684,11:03:39,15.03,-0.02,11,16533,卖盘
685,11:03:43,15.04,0.01,14,21049,买盘
686,11:03:51,15.03,-0.01,14,21042,买盘
687,11:04:00,15.03,0.0,1,1503,卖盘
688,11:04:06,15.03,0.0,7,10521,卖盘
689,11:04:09,15.03,0.0,5,7515,卖盘
690,11:04:46,15.03,0.0,1,1503,买盘
691,11:04:54,15.03,0.0,2,3006,买盘
692,11:05:54,15.04,0.01,1,1504,买盘
693,11:06:18,15.05,0.01,1,1505,买盘
694,11:06:34,15.05,0.0,10,15050,买盘
695,11:06:40,15.04,-0.01,42,63168,卖盘
696,11:06:45,15.03,-0.01,17,25567,卖盘
697,11:06:54,15.04,0.01,22,33088,买盘
698,11:07:15,15.03,-0.01,1,1503,卖盘
699,11:07:18,15.04,0.01,22,33088,买盘
700,11:07:24,15.06,0.02,10,15057,买盘
701,11:07:37,15.04,-0.02,12,18048,卖盘
702,11:07:42,15.04,0.0,39,58656,买盘
703,11:07:57,15.06,0.02,6,9036,买盘
704,11:08:03,15.06,0.0,14,21084,买盘
705,11:08:09,15.06,0.0,12,18072,买盘
706,11:09:09,15.06,0.0,33,49686,买盘
707,11:09:18,15.05,-0.01,16,24080,买盘
708,11:10:00,15.05,0.0,25,37625,买盘
709,11:10:03,15.04,-0.01,4,6016,卖盘
710,11:10:09,15.04,0.0,1,1504,卖盘
711,11:10:19,15.04,0.0,5,7520,买盘
712,11:10:45,15.04,0.0,15,22560,买盘
713,11:11:15,15.04,0.0,12,18048,买盘
714,11:11:48,15.03,-0.01,1,1503,卖盘
715,11:12:13,15.03,0.0,1,1503,卖盘
716,11:12:33,15.03,0.0,1,1503,卖盘
717,11:12:48,15.03,0.0,31,46593,卖盘
718,11:12:51,15.03,0.0,1,1503,买盘
719,11:13:18,15.04,0.01,8,12032,买盘
720,11:13:21,15.04,0.0,2,3008,卖盘
721,11:13:43,15.02,-0.02,40,60080,卖盘
722,11:13:46,15.04,0.02,1,1504,买盘
723,11:14:00,15.0,-0.04,82,123127,卖盘
724,11:14:04,14.98,-0.02,3,4494,中性盘
725,11:14:21,15.0,0.02,28,42000,买盘
726,11:14:36,15.01,0.01,9,13509,买盘
727,11:14:48,15.01,0.0,28,42039,卖盘
728,11:14:54,15.01,0.0,8,12008,卖盘
729,11:15:03,15.02,0.01,19,28538,买盘
730,11:15:21,15.04,0.02,1,1504,买盘
731,11:15:31,15.02,-0.02,7,10514,卖盘
732,11:15:34,15.02,0.0,7,10514,卖盘
733,11:16:04,15.02,0.0,1,1502,卖盘
734,11:16:12,15.04,0.02,35,52586,买盘
735,11:16:24,15.02,-0.02,1,1502,卖盘
736,11:16:27,15.02,0.0,6,9012,卖盘
737,11:16:42,15.02,0.0,4,6008,卖盘
738,11:17:01,15.04,0.02,121,181955,买盘
739,11:17:07,15.05,0.01,100,150465,买盘
740,11:17:15,15.01,-0.04,1,1501,卖盘
741,11:17:39,15.01,0.0,1,1501,卖盘
742,11:18:18,15.04,0.03,1,1504,买盘
743,11:18:39,15.01,-0.03,2,2912,卖盘
744,11:19:36,15.04,0.03,19,28576,买盘
745,11:19:54,15.04,0.0,1,1504,买盘
746,11:21:48,15.03,-0.01,4,6012,买盘
747,11:22:15,15.02,-0.01,1,1502,卖盘
748,11:22:30,15.01,-0.01,26,39033,卖盘
749,11:22:48,15.03,0.02,1,1503,买盘
750,11:22:54,15.03,0.0,2,3006,买盘
751,11:23:03,15.01,-0.02,1,1501,卖盘
752,11:23:19,15.03,0.02,1,1503,买盘
753,11:23:21,15.03,0.0,11,16533,买盘
754,11:24:12,15.03,0.0,1,1503,买盘
755,11:24:30,15.03,0.0,3,4509,买盘
756,11:25:00,15.03,0.0,19,28557,买盘
757,11:25:03,15.03,0.0,9,13527,买盘
758,11:25:09,15.03,0.0,11,16533,卖盘
759,11:25:12,15.03,0.0,24,36083,买盘
760,11:25:21,15.04,0.01,9,13536,买盘
761,11:26:24,15.01,-0.03,150,225248,卖盘
762,11:26:30,15.04,0.03,3,4512,买盘
763,11:27:12,15.03,-0.01,1,1503,买盘
764,11:27:15,15.02,-0.01,3,4506,卖盘
765,11:27:48,15.02,0.0,2,3004,卖盘
766,11:27:54,15.04,0.02,4,6015,买盘
767,11:28:06,15.03,-0.01,11,16533,卖盘
768,11:28:18,15.04,0.01,13,19545,买盘
769,11:28:42,15.04,0.0,1,1504,买盘
770,11:28:45,15.05,0.01,200,300974,买盘
771,11:29:07,15.04,-0.01,16,24064,买盘
772,11:29:15,15.04,0.0,2,3008,买盘
773,11:29:42,15.05,0.01,6,9030,买盘
774,11:29:45,15.05,0.0,14,21070,买盘
775,11:29:48,15.05,0.0,95,142975,买盘
776,13:00:01,15.04,-0.01,7,10538,卖盘
777,13:00:04,15.07,0.03,140,210957,买盘
778,13:00:18,15.08,0.01,101,152308,买盘
779,13:00:21,15.08,0.0,1,1508,买盘
780,13:00:27,15.08,0.0,20,30160,买盘
781,13:00:30,15.08,0.0,33,49764,买盘
782,13:00:33,15.08,0.0,1,1508,买盘
783,13:00:36,15.07,-0.01,4,6028,卖盘
784,13:00:39,15.08,0.01,20,30160,买盘
785,13:00:51,15.08,0.0,9,13572,买盘
786,13:01:00,15.08,0.0,9,13572,卖盘
787,13:01:06,15.08,0.0,1,1508,买盘
788,13:01:21,15.07,-0.01,5,7535,卖盘
789,13:01:33,15.07,0.0,7,10549,卖盘
790,13:02:09,15.08,0.01,3,4524,买盘
791,13:02:15,15.07,-0.01,1,1507,卖盘
792,13:02:18,15.07,0.0,10,15070,卖盘
793,13:02:27,15.08,0.01,6,9048,买盘
794,13:02:30,15.1,0.02,100,150934,买盘
795,13:02:39,15.07,-0.03,25,37675,卖盘
796,13:02:42,15.1,0.03,5,7550,买盘
797,13:02:45,15.1,0.0,6,9060,买盘
798,13:02:57,15.1,0.0,7,10570,买盘
799,13:03:04,15.1,0.0,9,13590,买盘
800,13:03:06,15.1,0.0,6,9060,买盘
801,13:03:15,15.09,-0.01,13,19617,卖盘
802,13:03:18,15.09,0.0,6,9054,买盘
803,13:03:27,15.1,0.01,16,24145,买盘
804,13:03:39,15.1,0.0,6,9060,买盘
805,13:03:48,15.1,0.0,10,15100,买盘
806,13:03:51,15.1,0.0,5,7550,买盘
807,13:03:54,15.1,0.0,38,57380,买盘
808,13:03:57,15.1,0.0,20,30200,买盘
809,13:04:06,15.1,0.0,77,116270,买盘
810,13:04:09,15.13,0.03,27,40826,买盘
811,13:04:30,15.12,-0.01,6,9072,买盘
812,13:04:36,15.12,0.0,24,36288,买盘
813,13:04:51,15.13,0.01,3,4539,买盘
814,13:05:06,15.13,0.0,39,59007,买盘
815,13:05:21,15.13,0.0,1,1513,买盘
816,13:05:27,15.12,-0.01,145,219360,卖盘
817,13:05:48,15.14,0.02,20,30280,买盘
818,13:06:18,15.14,0.0,3,4542,买盘
819,13:06:30,15.13,-0.01,5,7565,卖盘
820,13:06:36,15.14,0.01,3,4542,买盘
821,13:06:42,15.14,0.0,2,3028,买盘
822,13:06:48,15.14,0.0,38,57532,买盘
823,13:06:51,15.14,0.0,4,6056,买盘
824,13:06:57,15.14,0.0,5,7570,买盘
825,13:07:12,15.15,0.01,10,15150,买盘
826,13:07:15,15.14,-0.01,1,1514,卖盘
827,13:07:21,15.15,0.01,5,7575,买盘
828,13:07:36,15.15,0.0,47,71205,买盘
829,13:08:03,15.15,0.0,2,3030,卖盘
830,13:08:06,15.15,0.0,11,16665,卖盘
831,13:08:12,15.15,0.0,4,6060,买盘
832,13:08:24,15.15,0.0,31,46894,买盘
833,13:08:33,15.14,-0.01,2,3028,买盘
834,13:08:45,15.14,0.0,7,10598,买盘
835,13:08:49,15.14,0.0,1,1514,买盘
836,13:09:12,15.12,-0.02,11,16637,卖盘
837,13:09:15,15.14,0.02,2,3028,中性盘
838,13:09:27,15.1,-0.04,32,48349,卖盘
839,13:09:42,15.13,0.03,1,1513,买盘
840,13:09:45,15.13,0.0,2,3026,买盘
841,13:09:57,15.1,-0.03,37,55888,卖盘
842,13:10:06,15.13,0.03,14,21182,买盘
843,13:10:09,15.13,0.0,3,4539,买盘
844,13:10:15,15.14,0.01,10,15140,买盘
845,13:10:30,15.15,0.01,10,15150,买盘
846,13:10:46,15.15,0.0,46,69690,买盘
847,13:10:51,15.16,0.01,17,25772,买盘
848,13:10:57,15.16,0.0,18,27298,卖盘
849,13:11:13,15.15,-0.01,15,22730,卖盘
850,13:11:16,15.16,0.01,8,12124,买盘
851,13:11:21,15.17,0.01,1,1517,买盘
852,13:11:24,15.17,0.0,5,7585,买盘
853,13:11:27,15.16,-0.01,4,6064,卖盘
854,13:11:39,15.17,0.01,12,18204,买盘
855,13:11:42,15.17,0.0,2,3034,卖盘
856,13:11:48,15.17,0.0,14,21238,卖盘
857,13:12:00,15.17,0.0,1,1517,卖盘
858,13:12:04,15.17,0.0,5,7585,卖盘
859,13:12:07,15.2,0.03,244,370741,买盘
860,13:12:15,15.19,-0.01,3,4556,买盘
861,13:12:18,15.19,0.0,13,19747,买盘
862,13:12:21,15.2,0.01,5,7600,买盘
863,13:12:24,15.2,0.0,15,22800,买盘
864,13:12:31,15.21,0.01,2,3042,买盘
865,13:12:34,15.21,0.0,3,4563,卖盘
866,13:12:37,15.22,0.01,19,28915,买盘
867,13:12:39,15.23,0.01,2,3046,买盘
868,13:12:42,15.24,0.01,20,30469,买盘
869,13:12:48,15.24,0.0,127,193632,买盘
870,13:12:54,15.24,0.0,4,6096,买盘
871,13:12:57,15.23,-0.01,14,21322,卖盘
872,13:13:00,15.24,0.01,10,15240,买盘
873,13:13:04,15.23,-0.01,8,12184,卖盘
874,13:13:06,15.24,0.01,96,146214,买盘
875,13:13:09,15.2,-0.04,2,3040,卖盘
876,13:13:12,15.23,0.03,6,9138,买盘
877,13:13:15,15.23,0.0,7,10661,卖盘
878,13:13:22,15.24,0.01,37,56356,买盘
879,13:13:24,15.24,0.0,47,71628,买盘
880,13:13:27,15.23,-0.01,50,76150,中性盘
881,13:13:30,15.24,0.01,31,47244,买盘
882,13:13:39,15.21,-0.03,1,1521,卖盘
883,13:13:48,15.24,0.03,4,6090,买盘
884,13:13:51,15.22,-0.02,26,39622,卖盘
885,13:13:57,15.22,0.0,4,6088,买盘
886,13:14:10,15.22,0.0,20,30440,卖盘
887,13:14:18,15.23,0.01,1,1523,买盘
888,13:14:24,15.23,0.0,8,12184,买盘
889,13:14:36,15.23,0.0,9,13707,卖盘
890,13:14:39,15.23,0.0,1,1523,买盘
891,13:14:51,15.23,0.0,2,3046,买盘
892,13:14:57,15.22,-0.01,7,10654,卖盘
893,13:15:04,15.21,-0.01,2,3042,卖盘
894,13:15:06,15.22,0.01,3,4566,买盘
895,13:15:12,15.22,0.0,18,27396,买盘
896,13:15:18,15.21,-0.01,30,45630,卖盘
897,13:15:24,15.21,0.0,5,7605,卖盘
898,13:15:36,15.21,0.0,12,18252,卖盘
899,13:15:42,15.21,0.0,14,21294,卖盘
900,13:15:51,15.21,0.0,10,15210,卖盘
901,13:15:57,15.22,0.01,1,1522,买盘
902,13:16:00,15.21,-0.01,10,15210,卖盘
903,13:16:07,15.21,0.0,1,1521,卖盘
904,13:16:21,15.22,0.01,9,13698,买盘
905,13:16:27,15.21,-0.01,2,3042,卖盘
906,13:16:30,15.21,0.0,3,4563,卖盘
907,13:16:33,15.22,0.01,28,42608,买盘
908,13:16:36,15.21,-0.01,2,3042,卖盘
909,13:16:48,15.21,0.0,10,15210,买盘
910,13:17:15,15.2,-0.01,1,1520,卖盘
911,13:17:42,15.21,0.01,7,10647,买盘
912,13:17:48,15.21,0.0,14,21294,卖盘
913,13:17:54,15.22,0.01,16,24352,买盘
914,13:18:00,15.21,-0.01,6,9126,卖盘
915,13:18:06,15.22,0.01,5,7610,买盘
916,13:18:13,15.25,0.03,318,484756,买盘
917,13:18:15,15.27,0.02,16,24422,买盘
918,13:18:18,15.29,0.02,77,117676,买盘
919,13:18:27,15.29,0.0,28,42812,卖盘
920,13:18:30,15.28,-0.01,1,1528,卖盘
921,13:18:36,15.28,0.0,2,3056,卖盘
922,13:18:39,15.28,0.0,18,27500,买盘
923,13:18:42,15.28,0.0,44,67236,卖盘
924,13:18:45,15.28,0.0,1,1528,卖盘
925,13:18:48,15.28,0.0,2,3056,卖盘
926,13:18:51,15.28,0.0,11,16808,卖盘
927,13:18:54,15.28,0.0,11,16808,卖盘
928,13:18:57,15.28,0.0,16,24448,买盘
929,13:19:00,15.28,0.0,44,67232,买盘
930,13:19:06,15.22,-0.06,43,65532,卖盘
931,13:19:09,15.27,0.05,32,48864,买盘
932,13:19:12,15.27,0.0,11,16793,买盘
933,13:19:24,15.24,-0.03,4,6096,卖盘
934,13:19:36,15.24,0.0,3,4572,卖盘
935,13:19:42,15.24,0.0,2,3048,卖盘
936,13:19:45,15.24,0.0,2,3048,卖盘
937,13:19:48,15.25,0.01,12,18300,买盘
938,13:19:57,15.25,0.0,10,15250,卖盘
939,13:20:00,15.24,-0.01,3,4572,卖盘
940,13:20:09,15.24,0.0,1,1524,卖盘
941,13:20:15,15.25,0.01,1,1525,买盘
942,13:20:33,15.24,-0.01,6,9144,卖盘
943,13:20:46,15.23,-0.01,10,15230,卖盘
944,13:20:51,15.23,0.0,3,4569,卖盘
945,13:20:55,15.24,0.01,1,1524,买盘
946,13:21:06,15.23,-0.01,19,28955,卖盘
947,13:21:16,15.23,0.0,2,3046,卖盘
948,13:21:48,15.22,-0.01,150,228370,卖盘
949,13:22:09,15.22,0.0,3,4566,卖盘
950,13:22:12,15.22,0.0,2,3044,卖盘
951,13:22:15,15.22,0.0,1,1522,卖盘
952,13:22:30,15.21,-0.01,50,76075,卖盘
953,13:22:48,15.21,0.0,1,1521,卖盘
954,13:23:27,15.23,0.02,1,1523,买盘
955,13:23:33,15.22,-0.01,2,3044,卖盘
956,13:23:36,15.22,0.0,1,1522,卖盘
957,13:23:45,15.22,0.0,15,22830,卖盘
958,13:24:00,15.23,0.01,11,16753,买盘
959,13:24:06,15.23,0.0,2,3046,买盘
960,13:24:21,15.24,0.01,1,1524,买盘
961,13:24:24,15.23,-0.01,2,3046,卖盘
962,13:24:33,15.24,0.01,34,51816,买盘
963,13:24:45,15.24,0.0,1,1524,卖盘
964,13:24:54,15.24,0.0,16,24390,卖盘
965,13:25:04,15.25,0.01,1,1525,买盘
966,13:25:09,15.25,0.0,14,21350,买盘
967,13:25:27,15.25,0.0,3,4573,买盘
968,13:25:31,15.25,0.0,35,53375,买盘
969,13:25:39,15.24,-0.01,34,51826,卖盘
970,13:26:00,15.23,-0.01,50,76150,卖盘
971,13:26:06,15.24,0.01,12,18288,买盘
972,13:26:15,15.23,-0.01,1,1523,卖盘
973,13:26:27,15.23,0.0,8,12184,卖盘
974,13:26:45,15.23,0.0,4,6092,卖盘
975,13:26:48,15.23,0.0,1,1523,卖盘
976,13:27:10,15.22,-0.01,5,7610,卖盘
977,13:27:16,15.22,0.0,1,1522,卖盘
978,13:27:24,15.22,0.0,3,4566,卖盘
979,13:27:33,15.22,0.0,50,76100,卖盘
980,13:27:36,15.22,0.0,38,57836,卖盘
981,13:27:42,15.22,0.0,5,7610,卖盘
982,13:27:54,15.21,-0.01,17,25889,卖盘
983,13:27:57,15.22,0.01,1,1522,买盘
984,13:28:04,15.21,-0.01,2,3042,卖盘
985,13:28:09,15.21,0.0,2,3042,卖盘
986,13:28:12,15.21,0.0,54,82134,卖盘
987,13:28:30,15.21,0.0,10,15210,卖盘
988,13:28:45,15.22,0.01,16,24352,买盘
989,13:28:57,15.21,-0.01,20,30420,卖盘
990,13:29:00,15.21,0.0,20,30420,卖盘
991,13:29:06,15.21,0.0,4,6084,卖盘
992,13:29:18,15.21,0.0,5,7605,卖盘
993,13:29:24,15.22,0.01,1,1522,买盘
994,13:29:30,15.21,-0.01,26,39571,卖盘
995,13:29:51,15.21,0.0,1,1521,卖盘
996,13:30:15,15.21,0.0,1,1521,卖盘
997,13:30:36,15.21,0.0,294,447174,卖盘
998,13:30:48,15.21,0.0,129,196209,卖盘
999,13:30:51,15.21,0.0,15,22800,卖盘
1000,13:31:00,15.2,-0.01,9,13680,卖盘
1001,13:31:07,15.21,0.01,38,57798,买盘
1002,13:31:10,15.2,-0.01,2,3040,卖盘
1003,13:31:15,15.2,0.0,2,3040,卖盘
1004,13:31:18,15.2,0.0,20,30400,卖盘
1005,13:31:27,15.2,0.0,26,39520,卖盘
1006,13:31:31,15.2,0.0,31,47120,卖盘
1007,13:31:57,15.2,0.0,1,1520,买盘
1008,13:32:15,15.18,-0.02,1,1518,卖盘
1009,13:32:30,15.19,0.01,1,1519,买盘
1010,13:32:36,15.19,0.0,13,19747,中性盘
1011,13:32:54,15.19,0.0,10,15190,买盘
1012,13:33:19,15.19,0.0,7,10633,卖盘
1013,13:33:36,15.19,0.0,30,45570,卖盘
1014,13:33:42,15.19,0.0,10,15190,卖盘
1015,13:33:45,15.19,0.0,10,15190,买盘
1016,13:33:54,15.18,-0.01,6,9108,卖盘
1017,13:33:57,15.19,0.01,1,1519,买盘
1018,13:34:03,15.18,-0.01,1,1518,卖盘
1019,13:34:09,15.18,0.0,4,6072,卖盘
1020,13:34:12,15.18,0.0,1,1518,卖盘
1021,13:34:24,15.18,0.0,54,81972,卖盘
1022,13:34:27,15.18,0.0,4,6072,卖盘
1023,13:34:33,15.18,0.0,5,7590,买盘
1024,13:34:42,15.17,-0.01,5,7585,卖盘
1025,13:34:45,15.17,0.0,18,27306,卖盘
1026,13:34:48,15.17,0.0,2,3034,卖盘
1027,13:34:57,15.16,-0.01,36,54576,卖盘
1028,13:35:00,15.16,0.0,10,15160,卖盘
1029,13:35:04,15.16,0.0,2,3032,卖盘
1030,13:35:06,15.16,0.0,1,1516,卖盘
1031,13:35:21,15.16,0.0,10,15160,卖盘
1032,13:35:24,15.16,0.0,3,4548,卖盘
1033,13:35:30,15.17,0.01,1,1517,买盘
1034,13:36:03,15.16,-0.01,50,75800,卖盘
1035,13:36:57,15.15,-0.01,3,4545,卖盘
1036,13:37:09,15.15,0.0,98,148470,卖盘
1037,13:37:15,15.14,-0.01,9,13626,卖盘
1038,13:37:30,15.14,0.0,1,1514,卖盘
1039,13:37:48,15.15,0.01,50,75750,买盘
1040,13:37:54,15.15,0.0,5,7575,买盘
1041,13:38:00,15.15,0.0,29,43935,买盘
1042,13:38:04,15.16,0.01,1,1516,买盘
1043,13:38:12,15.16,0.0,1,1516,买盘
1044,13:38:15,15.16,0.0,5,7580,买盘
1045,13:38:18,15.16,0.0,6,9096,买盘
1046,13:38:21,15.16,0.0,1,1516,买盘
1047,13:38:24,15.16,0.0,5,7580,买盘
1048,13:38:30,15.16,0.0,2,3032,买盘
1049,13:38:36,15.16,0.0,10,15160,卖盘
1050,13:38:39,15.16,0.0,1,1516,买盘
1051,13:38:42,15.17,0.01,31,47027,买盘
1052,13:38:54,15.2,0.03,36,54720,买盘
1053,13:39:33,15.2,0.0,5,7600,买盘
1054,13:39:51,15.18,-0.02,1,1518,卖盘
1055,13:39:57,15.2,0.02,1,1520,买盘
1056,13:40:00,15.18,-0.02,1,1518,卖盘
1057,13:40:51,15.2,0.02,1,1520,买盘
1058,13:41:04,15.18,-0.02,3,4555,卖盘
1059,13:41:51,15.18,0.0,6,9108,卖盘
1060,13:42:04,15.18,0.0,49,74382,卖盘
1061,13:42:16,15.19,0.01,11,16704,买盘
1062,13:42:48,15.18,-0.01,2,3036,买盘
1063,13:43:06,15.19,0.01,1,1519,买盘
1064,13:43:24,15.19,0.0,4,6076,买盘
1065,13:44:15,15.19,0.0,1,1519,买盘
1066,13:44:39,15.19,0.0,5,7595,买盘
1067,13:44:48,15.18,-0.01,6,9108,卖盘
1068,13:44:51,15.18,0.0,8,12144,卖盘
1069,13:45:24,15.18,0.0,11,16698,卖盘
1070,13:45:39,15.17,-0.01,10,15170,卖盘
1071,13:45:45,15.17,0.0,8,12136,卖盘
1072,13:46:36,15.16,-0.01,2,3032,卖盘
1073,13:47:15,15.16,0.0,1,1516,卖盘
1074,13:47:30,15.17,0.01,1,1517,买盘
1075,13:47:39,15.17,0.0,10,15170,买盘
1076,13:47:45,15.17,0.0,11,16687,买盘
1077,13:47:52,15.17,0.0,6,9102,卖盘
1078,13:47:55,15.17,0.0,5,7585,卖盘
1079,13:48:09,15.17,0.0,1,1517,卖盘
1080,13:48:15,15.17,0.0,1,1517,卖盘
1081,13:48:42,15.18,0.01,4,6072,买盘
1082,13:48:51,15.18,0.0,1,1518,买盘
1083,13:49:30,15.16,-0.02,17,25773,卖盘
1084,13:50:18,15.18,0.02,1,1518,买盘
1085,13:50:42,15.18,0.0,4,6072,买盘
1086,13:51:12,15.18,0.0,5,7590,卖盘
1087,13:51:15,15.18,0.0,5,7590,卖盘
1088,13:51:27,15.18,0.0,11,16698,买盘
1089,13:51:51,15.19,0.01,14,21266,买盘
1090,13:52:00,15.19,0.0,1,1519,买盘
1091,13:52:09,15.17,-0.02,5,7585,卖盘
1092,13:52:15,15.17,0.0,51,77367,卖盘
1093,13:52:18,15.17,0.0,2,3034,卖盘
1094,13:52:48,15.17,0.0,8,12136,卖盘
1095,13:53:18,15.17,0.0,9,13653,买盘
1096,13:53:21,15.18,0.01,13,19724,买盘
1097,13:53:39,15.18,0.0,4,6072,买盘
1098,13:53:48,15.19,0.01,14,21266,买盘
1099,13:53:57,15.19,0.0,11,16709,买盘
1100,13:54:18,15.2,0.01,16,24320,买盘
1101,13:54:21,15.2,0.0,1,1520,买盘
1102,13:54:24,15.22,0.02,50,76057,买盘
1103,13:54:33,15.22,0.0,4,6088,买盘
1104,13:54:36,15.22,0.0,39,59358,买盘
1105,13:54:39,15.23,0.01,167,254341,买盘
1106,13:54:42,15.23,0.0,1,1523,卖盘
1107,13:54:48,15.25,0.02,24,36600,买盘
1108,13:54:51,15.25,0.0,13,19825,买盘
1109,13:54:57,15.26,0.01,30,45755,买盘
1110,13:55:00,15.26,0.0,20,30520,买盘
1111,13:55:09,15.26,0.0,8,12201,买盘
1112,13:55:12,15.25,-0.01,2,3050,卖盘
1113,13:55:15,15.25,0.0,31,47276,卖盘
1114,13:55:34,15.23,-0.02,22,33514,卖盘
1115,13:55:39,15.25,0.02,137,208925,买盘
1116,13:55:42,15.25,0.0,7,10675,卖盘
1117,13:55:51,15.25,0.0,12,18300,卖盘
1118,13:56:15,15.24,-0.01,2,3048,买盘
1119,13:56:48,15.2,-0.04,6,9120,卖盘
1120,13:56:57,15.19,-0.01,3,4557,卖盘
1121,13:57:33,15.2,0.01,3,4560,卖盘
1122,13:57:39,15.2,0.0,20,30400,卖盘
1123,13:57:52,15.21,0.01,1,1521,买盘
1124,13:57:58,15.21,0.0,1,1521,买盘
1125,13:58:15,15.22,0.01,3,4566,买盘
1126,13:58:33,15.22,0.0,12,18264,卖盘
1127,13:59:00,15.21,-0.01,2,3042,卖盘
1128,13:59:10,15.22,0.01,2,3044,卖盘
1129,13:59:21,15.22,0.0,1,1522,卖盘
1130,13:59:24,15.22,0.0,10,15220,买盘
1131,13:59:27,15.22,0.0,5,7610,中性盘
1132,13:59:33,15.23,0.01,1,1523,买盘
1133,13:59:42,15.21,-0.02,101,153621,卖盘
1134,13:59:48,15.21,0.0,60,91260,卖盘
1135,13:59:54,15.21,0.0,20,30420,买盘
1136,14:00:00,15.21,0.0,3,4563,买盘
1137,14:00:04,15.2,-0.01,22,33441,卖盘
1138,14:00:06,15.21,0.01,1,1521,买盘
1139,14:00:15,15.21,0.0,5,7605,卖盘
1140,14:00:18,15.21,0.0,2,3042,买盘
1141,14:00:48,15.21,0.0,10,15210,卖盘
1142,14:01:07,15.21,0.0,1,1521,卖盘
1143,14:01:09,15.21,0.0,20,30420,卖盘
1144,14:01:18,15.21,0.0,17,25857,卖盘
1145,14:01:21,15.21,0.0,2,3042,买盘
1146,14:01:24,15.21,0.0,7,10647,买盘
1147,14:01:30,15.2,-0.01,20,30400,卖盘
1148,14:01:42,15.21,0.01,15,22815,买盘
1149,14:02:09,15.21,0.0,11,16731,买盘
1150,14:02:30,15.22,0.01,28,42616,买盘
1151,14:02:36,15.22,0.0,1,1522,买盘
1152,14:02:45,15.23,0.01,3,4568,买盘
1153,14:03:12,15.23,0.0,25,38055,买盘
1154,14:03:42,15.21,-0.02,2,3042,卖盘
1155,14:03:45,15.23,0.02,1,1523,买盘
1156,14:04:12,15.23,0.0,1,1523,买盘
1157,14:04:15,15.23,0.0,9,13707,买盘
1158,14:04:51,15.22,-0.01,7,10654,买盘
1159,14:04:57,15.21,-0.01,10,15210,卖盘
1160,14:05:04,15.21,0.0,29,44109,卖盘
1161,14:05:34,15.21,0.0,2,3042,买盘
1162,14:05:48,15.21,0.0,4,6084,买盘
1163,14:06:04,15.2,-0.01,4,6080,卖盘
1164,14:06:12,15.2,0.0,110,167200,卖盘
1165,14:06:21,15.2,0.0,9,13680,卖盘
1166,14:06:45,15.2,0.0,30,45600,卖盘
1167,14:06:48,15.2,0.0,8,12160,卖盘
1168,14:06:54,15.2,0.0,4,6095,卖盘
1169,14:06:57,15.2,0.0,1,1520,卖盘
1170,14:07:00,15.2,0.0,1,1505,买盘
1171,14:07:30,15.18,-0.02,10,15180,卖盘
1172,14:07:33,15.18,0.0,1,1518,卖盘
1173,14:07:36,15.19,0.01,1,1519,买盘
1174,14:07:51,15.18,-0.01,1,1518,卖盘
1175,14:08:45,15.19,0.01,11,16709,买盘
1176,14:09:15,15.18,-0.01,18,27338,卖盘
1177,14:09:33,15.18,0.0,4,6075,卖盘
1178,14:09:39,15.1,-0.08,255,386820,卖盘
1179,14:09:42,15.18,0.08,1,1518,中性盘
1180,14:09:45,15.16,-0.02,1,1516,卖盘
1181,14:09:54,15.09,-0.07,10,15096,卖盘
1182,14:10:04,15.14,0.05,2,3028,买盘
1183,14:10:06,15.16,0.02,1,1516,买盘
1184,14:10:09,15.16,0.0,10,15158,中性盘
1185,14:10:12,15.17,0.01,3,4551,买盘
1186,14:10:21,15.18,0.01,1,1518,买盘
1187,14:11:06,15.14,-0.04,3,4542,卖盘
1188,14:11:15,15.14,0.0,2,3028,卖盘
1189,14:11:19,15.15,0.01,3,4545,买盘
1190,14:11:22,15.14,-0.01,2,3028,卖盘
1191,14:11:25,15.14,0.0,5,7570,买盘
1192,14:11:27,15.15,0.01,1,1515,买盘
1193,14:11:51,15.16,0.01,4,6064,买盘
1194,14:11:54,15.16,0.0,16,24256,卖盘
1195,14:11:57,15.16,0.0,7,10612,卖盘
1196,14:12:00,15.16,0.0,29,43964,卖盘
1197,14:12:06,15.16,0.0,1,1516,买盘
1198,14:12:09,15.16,0.0,2,3032,买盘
1199,14:12:12,15.15,-0.01,4,6060,卖盘
1200,14:12:15,15.15,0.0,4,6060,卖盘
1201,14:12:18,15.15,0.0,5,7575,卖盘
1202,14:12:27,15.15,0.0,19,28785,卖盘
1203,14:12:30,15.15,0.0,5,7575,买盘
1204,14:12:45,15.14,-0.01,14,21196,卖盘
1205,14:13:00,15.14,0.0,2,3028,卖盘
1206,14:13:06,15.15,0.01,8,12120,卖盘
1207,14:13:27,15.15,0.0,43,65145,卖盘
1208,14:13:33,15.14,-0.01,4,6056,卖盘
1209,14:13:36,15.14,0.0,1,1514,卖盘
1210,14:13:39,15.14,0.0,2,3028,卖盘
1211,14:13:42,15.14,0.0,2,3028,卖盘
1212,14:13:48,15.14,0.0,9,13626,买盘
1213,14:14:18,15.14,0.0,3,4542,卖盘
1214,14:14:33,15.14,0.0,1,1514,卖盘
1215,14:14:57,15.15,0.01,7,10605,买盘
1216,14:15:06,15.15,0.0,1,1515,买盘
1217,14:15:28,15.14,-0.01,5,7570,卖盘
1218,14:15:39,15.14,0.0,2,3028,卖盘
1219,14:15:55,15.15,0.01,5,7575,买盘
1220,14:16:04,15.14,-0.01,3,4542,卖盘
1221,14:16:09,15.15,0.01,30,45450,买盘
1222,14:16:12,15.15,0.0,10,15150,买盘
1223,14:16:18,15.16,0.01,10,15160,买盘
1224,14:16:27,15.16,0.0,1,1516,买盘
1225,14:16:43,15.15,-0.01,12,18180,买盘
1226,14:16:46,15.15,0.0,28,42420,买盘
1227,14:16:55,15.15,0.0,8,12120,买盘
1228,14:16:57,15.14,-0.01,3,4542,卖盘
1229,14:17:06,15.15,0.01,7,10605,买盘
1230,14:17:12,15.15,0.0,2,3030,卖盘
1231,14:17:22,15.15,0.0,6,9090,卖盘
1232,14:17:33,15.16,0.01,11,16676,买盘
1233,14:17:43,15.16,0.0,41,62156,买盘
1234,14:18:00,15.17,0.01,1,1517,买盘
1235,14:18:03,15.17,0.0,1,1517,买盘
1236,14:18:09,15.16,-0.01,1,1516,卖盘
1237,14:18:21,15.16,0.0,1,1516,卖盘
1238,14:18:42,15.17,0.01,13,19721,买盘
1239,14:18:51,15.17,0.0,35,53095,买盘
1240,14:18:58,15.18,0.01,10,15180,买盘
1241,14:19:00,15.18,0.0,1,1518,买盘
1242,14:19:18,15.18,0.0,5,7590,买盘
1243,14:19:21,15.17,-0.01,4,6068,卖盘
1244,14:19:30,15.18,0.01,4,6072,买盘
1245,14:19:33,15.18,0.0,1,1518,买盘
1246,14:19:36,15.17,-0.01,10,15170,卖盘
1247,14:19:42,15.2,0.03,200,303883,买盘
1248,14:19:48,15.2,0.0,11,16720,买盘
1249,14:19:54,15.2,0.0,12,18240,卖盘
1250,14:19:57,15.2,0.0,6,9120,买盘
1251,14:20:01,15.22,0.02,13,19768,买盘
1252,14:20:24,15.22,0.0,5,7610,买盘
1253,14:20:30,15.22,0.0,15,22830,买盘
1254,14:20:55,15.21,-0.01,1,1521,买盘
1255,14:21:03,15.21,0.0,10,15210,买盘
1256,14:21:09,15.21,0.0,2,3042,买盘
1257,14:21:12,15.21,0.0,7,10647,卖盘
1258,14:21:21,15.22,0.01,2,3044,买盘
1259,14:21:30,15.22,0.0,3,4566,买盘
1260,14:21:42,15.22,0.0,12,18264,买盘
1261,14:21:45,15.22,0.0,30,45660,买盘
1262,14:22:06,15.23,0.01,23,35029,买盘
1263,14:22:09,15.23,0.0,56,85288,买盘
1264,14:22:15,15.23,0.0,5,7615,买盘
1265,14:22:30,15.22,-0.01,62,94364,卖盘
1266,14:22:33,15.22,0.0,16,24354,卖盘
1267,14:22:45,15.22,0.0,9,13698,买盘
1268,14:23:00,15.22,0.0,34,51748,卖盘
1269,14:23:12,15.23,0.01,141,214743,买盘
1270,14:23:33,15.23,0.0,5,7615,卖盘
1271,14:23:36,15.23,0.0,2,3046,卖盘
1272,14:23:45,15.25,0.02,144,219558,买盘
1273,14:23:48,15.25,0.0,5,7625,卖盘
1274,14:23:51,15.25,0.0,10,15250,卖盘
1275,14:23:54,15.26,0.01,42,64092,买盘
1276,14:24:04,15.26,0.0,5,7630,买盘
1277,14:24:09,15.25,-0.01,10,15250,卖盘
1278,14:24:24,15.26,0.01,24,36629,买盘
1279,14:24:28,15.26,0.0,10,15260,卖盘
1280,14:24:33,15.26,0.0,8,12193,卖盘
1281,14:24:37,15.25,-0.01,27,41175,卖盘
1282,14:24:42,15.25,0.0,10,15250,卖盘
1283,14:24:45,15.25,0.0,12,18300,卖盘
1284,14:24:54,15.25,0.0,13,19820,买盘
1285,14:25:18,15.25,0.0,16,24385,买盘
1286,14:25:21,15.24,-0.01,4,6096,卖盘
1287,14:25:33,15.25,0.01,15,22873,买盘
1288,14:25:45,15.25,0.0,1,1525,买盘
1289,14:25:51,15.25,0.0,41,62525,买盘
1290,14:26:15,15.25,0.0,3,4575,卖盘
1291,14:26:18,15.25,0.0,2,3050,卖盘
1292,14:26:30,15.23,-0.02,6,9138,卖盘
1293,14:26:36,15.24,0.01,5,7620,卖盘
1294,14:26:48,15.24,0.0,35,53340,卖盘
1295,14:26:54,15.24,0.0,1,1524,买盘
1296,14:27:21,15.24,0.0,10,15240,买盘
1297,14:27:30,15.23,-0.01,4,6092,卖盘
1298,14:27:33,15.24,0.01,10,15240,买盘
1299,14:28:24,15.24,0.0,19,28956,买盘
1300,14:28:28,15.24,0.0,10,15240,卖盘
1301,14:28:39,15.24,0.0,5,7620,卖盘
1302,14:28:45,15.25,0.01,53,80825,买盘
1303,14:28:48,15.26,0.01,50,76300,买盘
1304,14:28:51,15.25,-0.01,20,30500,卖盘
1305,14:29:00,15.25,0.0,5,7625,卖盘
1306,14:29:03,15.25,0.0,20,30500,卖盘
1307,14:29:06,15.26,0.01,4,6104,买盘
1308,14:29:18,15.25,-0.01,5,7625,卖盘
1309,14:29:30,15.25,0.0,36,54931,卖盘
1310,14:29:37,15.25,0.0,3,4575,卖盘
1311,14:29:40,15.25,0.0,4,6100,卖盘
1312,14:29:45,15.26,0.01,12,18303,买盘
1313,14:29:57,15.25,-0.01,1,1525,买盘
1314,14:30:00,15.25,0.0,7,10675,买盘
1315,14:30:15,15.26,0.01,253,386078,买盘
1316,14:30:24,15.25,-0.01,23,35075,买盘
1317,14:30:42,15.25,0.0,30,45750,买盘
1318,14:30:45,15.25,0.0,10,15250,买盘
1319,14:31:00,15.24,-0.01,5,7620,卖盘
1320,14:31:04,15.26,0.02,5,7628,买盘
1321,14:31:33,15.25,-0.01,1,1525,买盘
1322,14:31:36,15.25,0.0,1,1525,买盘
1323,14:32:00,15.25,0.0,5,7625,卖盘
1324,14:32:04,15.25,0.0,2,3050,卖盘
1325,14:32:09,15.25,0.0,2,3050,卖盘
1326,14:32:12,15.26,0.01,16,24416,买盘
1327,14:32:36,15.25,-0.01,29,44225,卖盘
1328,14:32:39,15.25,0.0,50,76250,买盘
1329,14:32:45,15.24,-0.01,5,7620,卖盘
1330,14:32:48,15.25,0.01,2,3050,买盘
1331,14:32:51,15.25,0.0,1,1525,买盘
1332,14:32:54,15.25,0.0,5,7625,买盘
1333,14:33:06,15.25,0.0,20,30500,卖盘
1334,14:33:15,15.25,0.0,9,13725,卖盘
1335,14:33:21,15.25,0.0,15,22875,卖盘
1336,14:33:24,15.25,0.0,1,1525,卖盘
1337,14:34:04,15.25,0.0,1,1525,买盘
1338,14:34:07,15.24,-0.01,1,1524,卖盘
1339,14:34:24,15.24,0.0,1,1524,卖盘
1340,14:34:30,15.24,0.0,51,77724,卖盘
1341,14:34:34,15.24,0.0,2,3048,卖盘
1342,14:34:36,15.24,0.0,4,6096,卖盘
1343,14:34:45,15.24,0.0,31,47244,卖盘
1344,14:34:51,15.24,0.0,8,12192,卖盘
1345,14:34:58,15.23,-0.01,10,15230,卖盘
1346,14:35:00,15.23,0.0,30,45690,卖盘
1347,14:35:09,15.23,0.0,15,22845,卖盘
1348,14:35:16,15.23,0.0,15,22845,卖盘
1349,14:35:21,15.24,0.01,2,3048,买盘
1350,14:36:00,15.23,-0.01,14,21322,卖盘
1351,14:36:06,15.23,0.0,5,7615,卖盘
1352,14:36:10,15.24,0.01,2,3048,买盘
1353,14:36:18,15.22,-0.02,53,80673,卖盘
1354,14:36:33,15.23,0.01,2,3046,买盘
1355,14:36:36,15.2,-0.03,44,66904,卖盘
1356,14:36:39,15.18,-0.02,3,4555,卖盘
1357,14:36:43,15.18,0.0,5,7590,卖盘
1358,14:36:48,15.17,-0.01,10,15170,卖盘
1359,14:36:51,15.17,0.0,4,6068,买盘
1360,14:36:58,15.17,0.0,3,4551,买盘
1361,14:37:12,15.17,0.0,20,30340,买盘
1362,14:37:30,15.2,0.03,2,3040,买盘
1363,14:37:45,15.17,-0.03,16,24272,卖盘
1364,14:38:06,15.19,0.02,49,74431,买盘
1365,14:38:09,15.17,-0.02,22,33376,卖盘
1366,14:38:21,15.2,0.03,4,6080,买盘
1367,14:38:28,15.19,-0.01,39,59241,卖盘
1368,14:38:31,15.19,0.0,27,41013,买盘
1369,14:38:36,15.19,0.0,2,3038,买盘
1370,14:38:39,15.19,0.0,41,62279,买盘
1371,14:38:42,15.18,-0.01,9,13663,卖盘
1372,14:38:51,15.19,0.01,4,6076,买盘
1373,14:39:00,15.19,0.0,1,1519,买盘
1374,14:39:12,15.19,0.0,6,9114,卖盘
1375,14:39:24,15.2,0.01,10,15192,买盘
1376,14:39:27,15.2,0.0,30,45600,买盘
1377,14:39:30,15.2,0.0,2,3040,买盘
1378,14:39:33,15.2,0.0,16,24320,买盘
1379,14:40:15,15.22,0.02,2,3044,买盘
1380,14:40:21,15.22,0.0,1,1522,买盘
1381,14:40:25,15.23,0.01,11,16750,买盘
1382,14:40:28,15.22,-0.01,11,16751,卖盘
1383,14:40:33,15.22,0.0,5,7609,买盘
1384,14:40:57,15.22,0.0,1,1522,买盘
1385,14:41:06,15.22,0.0,30,45660,买盘
1386,14:41:18,15.21,-0.01,11,16731,卖盘
1387,14:41:21,15.21,0.0,3,4563,买盘
1388,14:41:33,15.2,-0.01,8,12160,卖盘
1389,14:41:39,15.2,0.0,2,3040,买盘
1390,14:41:57,15.19,-0.01,115,174685,卖盘
1391,14:42:00,15.19,0.0,1,1519,买盘
1392,14:42:04,15.19,0.0,2,3038,买盘
1393,14:42:09,15.2,0.01,27,41026,买盘
1394,14:42:13,15.19,-0.01,1,1519,中性盘
1395,14:42:27,15.19,0.0,4,6076,卖盘
1396,14:42:34,15.19,0.0,1,1519,卖盘
1397,14:43:00,15.19,0.0,4,6076,卖盘
1398,14:43:06,15.19,0.0,7,10633,卖盘
1399,14:43:13,15.21,0.02,18,27362,买盘
1400,14:43:15,15.21,0.0,50,76050,卖盘
1401,14:43:18,15.18,-0.03,8,12144,卖盘
1402,14:43:51,15.18,0.0,4,6072,卖盘
1403,14:44:09,15.19,0.01,6,9114,卖盘
1404,14:44:24,15.19,0.0,7,10633,买盘
1405,14:44:31,15.18,-0.01,4,6073,卖盘
1406,14:44:34,15.19,0.01,30,45570,买盘
1407,14:44:39,15.19,0.0,8,12152,买盘
1408,14:45:07,15.19,0.0,1,1519,卖盘
1409,14:45:10,15.2,0.01,51,77520,买盘
1410,14:45:21,15.2,0.0,2,3040,买盘
1411,14:45:24,15.21,0.01,7,10643,买盘
1412,14:45:33,15.21,0.0,4,6084,买盘
1413,14:45:36,15.21,0.0,4,6084,买盘
1414,14:45:39,15.22,0.01,17,25863,买盘
1415,14:46:04,15.22,0.0,13,19786,买盘
1416,14:46:09,15.21,-0.01,7,10647,卖盘
1417,14:46:34,15.22,0.01,40,60880,买盘
1418,14:46:36,15.21,-0.01,20,30420,卖盘
1419,14:47:01,15.21,0.0,10,15210,卖盘
1420,14:47:22,15.22,0.01,39,59358,买盘
1421,14:47:28,15.22,0.0,20,30440,卖盘
1422,14:48:16,15.22,0.0,6,9132,卖盘
1423,14:48:21,15.22,0.0,19,28918,卖盘
1424,14:48:28,15.22,0.0,2,3044,买盘
1425,14:48:30,15.22,0.0,9,13698,买盘
1426,14:48:33,15.21,-0.01,20,30434,卖盘
1427,14:48:48,15.2,-0.01,100,152049,卖盘
1428,14:49:28,15.21,0.01,10,15206,买盘
1429,14:49:36,15.21,0.0,1,1521,买盘
1430,14:49:39,15.21,0.0,4,6084,买盘
1431,14:49:45,15.22,0.01,16,24342,买盘
1432,14:49:57,15.22,0.0,5,7610,买盘
1433,14:50:01,15.22,0.0,14,21308,买盘
1434,14:50:09,15.23,0.01,41,62403,买盘
1435,14:50:13,15.23,0.0,2,3046,买盘
1436,14:50:24,15.23,0.0,16,24368,买盘
1437,14:50:34,15.23,0.0,19,28937,买盘
1438,14:50:36,15.22,-0.01,45,68500,卖盘
1439,14:50:39,15.23,0.01,10,15230,买盘
1440,14:50:51,15.23,0.0,2,3046,买盘
1441,14:50:54,15.23,0.0,47,71581,买盘
1442,14:51:10,15.23,0.0,8,12188,卖盘
1443,14:51:12,15.23,0.0,50,76150,卖盘
1444,14:51:15,15.24,0.01,13,19812,买盘
1445,14:51:21,15.24,0.0,69,105156,买盘
1446,14:51:25,15.25,0.01,44,67100,买盘
1447,14:51:34,15.25,0.0,10,15247,买盘
1448,14:51:36,15.24,-0.01,24,36586,卖盘
1449,14:51:39,15.25,0.01,6,9150,买盘
1450,14:51:43,15.25,0.0,6,9150,买盘
1451,14:51:49,15.25,0.0,50,76250,买盘
1452,14:51:51,15.25,0.0,25,38125,买盘
1453,14:51:54,15.26,0.01,9,13734,买盘
1454,14:51:57,15.26,0.0,8,12208,买盘
1455,14:52:04,15.25,-0.01,20,30500,卖盘
1456,14:52:07,15.26,0.01,5,7630,买盘
1457,14:52:12,15.26,0.0,4,6102,买盘
1458,14:52:16,15.26,0.0,17,25942,买盘
1459,14:52:27,15.25,-0.01,9,13729,卖盘
1460,14:52:30,15.26,0.01,40,61040,买盘
1461,14:52:33,15.26,0.0,6,9156,买盘
1462,14:52:36,15.26,0.0,2,3052,买盘
1463,14:52:43,15.26,0.0,96,146496,买盘
1464,14:52:57,15.26,0.0,16,24403,买盘
1465,14:53:00,15.25,-0.01,2,3050,卖盘
1466,14:53:07,15.25,0.0,3,4575,卖盘
1467,14:53:09,15.25,0.0,17,25925,卖盘
1468,14:53:12,15.25,0.0,30,45750,卖盘
1469,14:53:16,15.25,0.0,45,68625,卖盘
1470,14:53:27,15.25,0.0,6,9150,买盘
1471,14:53:33,15.25,0.0,2,3050,买盘
1472,14:53:39,15.25,0.0,10,15250,买盘
1473,14:53:42,15.24,-0.01,20,30480,卖盘
1474,14:53:45,15.25,0.01,116,176900,买盘
1475,14:53:49,15.24,-0.01,7,10668,卖盘
1476,14:53:55,15.25,0.01,14,21350,买盘
1477,14:54:07,15.24,-0.01,5,7620,卖盘
1478,14:54:12,15.24,0.0,15,22860,卖盘
1479,14:54:21,15.25,0.01,65,99125,买盘
1480,14:54:25,15.24,-0.01,74,112814,卖盘
1481,14:54:33,15.24,0.0,20,30480,卖盘
1482,14:54:36,15.24,0.0,1,1524,中性盘
1483,14:54:40,15.23,-0.01,1,1523,卖盘
1484,14:54:52,15.24,0.01,5,7620,买盘
1485,14:54:55,15.24,0.0,20,30480,买盘
1486,14:55:04,15.24,0.0,50,76158,买盘
1487,14:55:09,15.24,0.0,5,7620,买盘
1488,14:55:28,15.21,-0.03,1,1521,卖盘
1489,14:55:31,15.23,0.02,2,3046,买盘
1490,14:55:34,15.23,0.0,4,6092,买盘
1491,14:55:37,15.22,-0.01,8,12182,中性盘
1492,14:55:40,15.22,0.0,23,35006,买盘
1493,14:55:49,15.22,0.0,2,3044,卖盘
1494,14:55:54,15.22,0.0,18,27396,买盘
1495,14:56:00,15.22,0.0,25,38050,卖盘
1496,14:56:06,15.23,0.01,5,7615,买盘
1497,14:56:10,15.22,-0.01,15,22830,卖盘
1498,14:56:15,15.23,0.01,13,19799,买盘
1499,14:56:19,15.23,0.0,16,24368,卖盘
1500,14:56:22,15.23,0.0,8,12184,卖盘
1501,14:56:25,15.25,0.02,100,152315,买盘
1502,14:56:30,15.22,-0.03,5,7614,卖盘
1503,14:56:33,15.22,0.0,6,9134,卖盘
1504,14:56:37,15.22,0.0,57,86772,卖盘
1505,14:56:40,15.22,0.0,9,13708,卖盘
1506,14:56:46,15.24,0.02,6,9144,买盘
1507,14:56:48,15.23,-0.01,5,7615,卖盘
1508,14:56:52,15.23,0.0,5,7615,卖盘
1509,14:56:55,15.24,0.01,27,41148,买盘
1510,15:00:04,15.24,0.0,441,672084,卖盘
