,time,price,change,volume,amount,type
0,09:31:13,5.0,0.06,6,3000,卖盘
1,09:31:58,5.0,0.0,5,2500,买盘
2,09:32:07,4.97,-0.03,15,7455,卖盘
3,09:32:10,5.0,0.03,30,14925,买盘
4,09:32:25,4.99,-0.01,3,1497,卖盘
5,09:32:28,4.99,0.0,1,499,卖盘
6,09:32:52,4.98,-0.01,5,2490,卖盘
7,09:33:04,5.0,0.02,13,6480,买盘
8,09:33:58,5.0,0.0,100,50000,买盘
9,09:34:16,5.0,0.0,92,46000,买盘
10,09:34:19,5.0,0.0,10,5000,买盘
11,09:35:18,4.99,-0.01,3,1497,买盘
12,09:35:52,4.98,-0.01,15,7470,卖盘
13,09:36:15,4.98,0.0,39,19422,卖盘
14,09:36:52,4.97,-0.01,2,994,买盘
15,09:37:13,4.97,0.0,8,3976,买盘
16,09:37:48,4.97,0.0,8,3976,卖盘
17,09:37:52,4.97,0.0,15,7465,卖盘
18,09:37:54,4.98,0.01,159,79182,买盘
19,09:38:07,4.98,0.0,10,4980,卖盘
20,09:38:10,4.97,-0.01,61,30329,卖盘
21,09:38:16,4.97,0.0,5,2485,买盘
22,09:38:19,4.97,0.0,24,11928,买盘
23,09:38:22,4.97,0.0,1,497,买盘
24,09:38:25,4.97,0.0,9,4473,买盘
25,09:38:34,4.99,0.02,1,499,买盘
26,09:40:07,4.99,0.0,9,4491,买盘
27,09:40:24,4.99,0.0,20,9980,买盘
28,09:40:34,4.99,0.0,120,59880,买盘
29,09:40:49,5.0,0.01,26,12982,买盘
30,09:41:09,5.0,0.0,36,17994,买盘
31,09:41:16,4.99,-0.01,31,15469,卖盘
32,09:41:22,5.0,0.01,43,21500,买盘
33,09:41:25,5.0,0.0,14,7000,买盘
34,09:41:28,5.0,0.0,17,8500,买盘
35,09:41:43,5.0,0.0,100,50000,买盘
36,09:42:01,5.0,0.0,360,180000,买盘
37,09:42:10,5.0,0.0,355,177500,买盘
38,09:42:31,5.0,0.0,1,500,卖盘
39,09:42:52,5.02,0.02,10,5020,买盘
40,09:43:01,5.0,-0.02,93,46500,卖盘
41,09:43:10,5.0,0.0,80,40000,买盘
42,09:43:34,4.99,-0.01,36,17964,卖盘
43,09:44:18,4.99,0.0,10,4990,买盘
44,09:44:28,4.99,0.0,5,2495,买盘
45,09:44:34,4.98,-0.01,8,3984,卖盘
46,09:44:42,4.99,0.01,10,4990,买盘
47,09:45:13,4.99,0.0,33,16467,买盘
48,09:45:52,4.98,-0.01,151,75198,卖盘
49,09:46:00,4.98,0.0,18,8964,买盘
50,09:46:04,4.99,0.01,33,16467,买盘
51,09:47:13,4.99,0.0,18,8982,买盘
52,09:47:43,4.99,0.0,4,1996,买盘
53,09:48:31,4.98,-0.01,19,9462,卖盘
54,09:48:52,4.98,0.0,20,9960,买盘
55,09:49:24,4.97,-0.01,29,14413,卖盘
56,09:49:30,4.97,0.0,1,497,买盘
57,09:50:34,4.97,0.0,20,9940,买盘
58,09:51:33,4.98,0.01,40,19920,买盘
59,09:51:39,4.97,-0.01,11,5467,卖盘
60,09:51:46,4.98,0.01,20,9960,买盘
61,09:54:10,4.98,0.0,28,13944,卖盘
62,09:55:40,4.99,0.01,100,49819,买盘
63,09:56:15,4.99,0.0,3,1497,买盘
64,09:56:18,4.99,0.0,7,3493,买盘
65,09:56:24,4.97,-0.02,5,2485,卖盘
66,09:58:22,4.97,0.0,10,4970,卖盘
67,09:59:40,4.95,-0.02,136,67403,卖盘
68,09:59:52,4.95,0.0,23,11385,卖盘
69,10:00:04,4.96,0.01,60,29760,卖盘
70,10:00:16,4.96,0.0,136,67456,买盘
71,10:00:22,4.96,0.0,62,30752,买盘
72,10:00:25,4.96,0.0,24,11904,买盘
73,10:00:28,4.96,0.0,103,51088,买盘
74,10:00:31,4.96,0.0,36,17856,买盘
75,10:00:43,4.96,0.0,32,15853,买盘
76,10:00:46,4.96,0.0,272,134908,买盘
77,10:01:34,4.97,0.01,10,4970,买盘
78,10:01:54,4.97,0.0,17,8449,卖盘
79,10:02:00,4.97,0.0,7,3479,卖盘
80,10:02:07,4.98,0.01,41,20418,买盘
81,10:02:21,4.99,0.01,43,21457,买盘
82,10:02:24,4.99,0.0,14,6986,买盘
83,10:02:28,4.99,0.0,17,8483,买盘
84,10:03:06,4.99,0.0,30,14970,买盘
85,10:03:19,4.99,0.0,119,59381,买盘
86,10:04:04,5.0,0.01,2,1000,买盘
87,10:04:15,4.99,-0.01,281,140419,卖盘
88,10:04:37,4.99,0.0,1,499,买盘
89,10:04:42,4.99,0.0,42,20958,买盘
90,10:05:25,4.99,0.0,23,11497,卖盘
91,10:05:28,5.0,0.01,20,10000,买盘
92,10:05:37,5.01,0.01,41,20508,买盘
93,10:05:52,5.01,0.0,40,20040,买盘
94,10:06:37,5.01,0.0,10,5010,买盘
95,10:06:40,5.0,-0.01,3,1500,买盘
96,10:07:51,5.0,0.0,43,21500,买盘
97,10:07:57,4.99,-0.01,24,11990,卖盘
98,10:08:01,5.0,0.01,17,8485,买盘
99,10:08:06,5.0,0.0,24,12000,买盘
100,10:08:12,5.0,0.0,4,2000,买盘
101,10:08:25,5.0,0.0,43,21500,买盘
102,10:08:28,5.0,0.0,16,8000,买盘
103,10:08:52,5.0,0.0,10,5000,买盘
104,10:08:57,5.01,0.01,61,30520,买盘
105,10:11:42,5.0,-0.01,20,10000,买盘
106,10:11:52,5.0,0.0,20,10000,买盘
107,10:11:58,5.0,0.0,41,20500,买盘
108,10:12:09,5.0,0.0,40,20000,买盘
109,10:12:19,5.0,0.0,20,10000,买盘
110,10:12:31,5.0,0.0,20,10000,买盘
111,10:12:34,5.0,0.0,41,20500,买盘
112,10:12:43,5.0,0.0,40,20000,买盘
113,10:16:22,4.98,-0.02,27,13453,卖盘
114,10:16:31,4.98,0.0,1,498,买盘
115,10:17:30,4.98,0.0,1,498,买盘
116,10:17:37,4.98,0.0,31,15438,买盘
117,10:18:22,4.99,0.01,23,11477,买盘
118,10:21:42,4.98,-0.01,98,48804,卖盘
119,10:22:43,4.98,0.0,15,7470,买盘
120,10:24:22,4.98,0.0,10,4980,买盘
121,10:27:55,4.98,0.0,50,24900,买盘
122,10:28:52,4.98,0.0,36,17928,卖盘
123,10:31:27,4.97,-0.01,4,1988,卖盘
124,10:34:27,4.99,0.02,20,9980,买盘
125,10:35:55,4.99,0.0,100,49900,买盘
126,10:37:22,4.98,-0.01,24,11952,卖盘
127,10:38:21,4.98,0.0,5,2490,卖盘
128,10:39:00,4.98,0.0,164,81672,卖盘
129,10:40:37,4.99,0.01,20,9980,买盘
130,10:42:49,4.99,0.0,5,2495,买盘
131,10:43:10,4.99,0.0,70,34930,买盘
132,10:44:13,4.98,-0.01,69,34362,卖盘
133,10:44:24,4.98,0.0,31,15438,买盘
134,10:44:42,4.99,0.01,3,1497,买盘
135,10:45:19,4.98,-0.01,100,49800,卖盘
136,10:45:36,4.98,0.0,9,4482,卖盘
137,10:45:58,4.99,0.01,20,9980,买盘
138,10:46:04,4.98,-0.01,10,4980,卖盘
139,10:46:07,4.98,0.0,50,24900,卖盘
140,10:46:09,4.98,0.0,20,9960,卖盘
141,10:47:21,4.97,-0.01,10,4970,卖盘
142,10:47:25,4.98,0.01,5,2490,买盘
143,10:48:28,4.97,-0.01,56,27868,卖盘
144,10:48:37,4.97,0.0,150,74550,卖盘
145,10:48:43,4.98,0.01,10,4980,买盘
146,10:49:16,4.98,0.0,1,498,买盘
147,10:49:28,4.97,-0.01,100,49700,卖盘
148,10:50:30,4.97,0.0,56,27832,卖盘
149,10:50:40,4.97,0.0,20,9940,卖盘
150,10:51:34,4.97,0.0,2,994,卖盘
151,10:52:49,4.97,0.0,6,2982,卖盘
152,10:53:31,4.97,0.0,1,497,买盘
153,10:53:36,4.97,0.0,1,497,买盘
154,10:53:42,4.97,0.0,1,497,买盘
155,10:53:48,4.97,0.0,1,497,买盘
156,10:54:49,4.97,0.0,10,4970,买盘
157,10:56:24,4.99,0.02,289,144032,买盘
158,10:56:52,5.0,0.01,45,22500,买盘
159,10:57:55,4.99,-0.01,73,36431,卖盘
160,10:59:06,4.99,0.0,100,49900,卖盘
161,10:59:18,4.99,0.0,59,29441,卖盘
162,11:00:46,4.99,0.0,18,8982,买盘
163,11:04:10,4.98,0.0,20,9960,卖盘
164,11:06:19,4.98,0.0,10,4980,卖盘
165,11:08:25,4.99,0.01,69,34431,买盘
166,11:08:36,4.98,-0.01,11,5229,卖盘
167,11:08:58,4.98,0.0,18,8964,买盘
168,11:09:09,4.99,0.01,35,17456,买盘
169,11:12:00,4.97,-0.02,59,29352,卖盘
170,11:14:03,4.98,0.01,14,6972,买盘
171,11:14:37,4.98,0.0,158,79028,卖盘
172,11:15:01,5.0,0.02,10,5000,买盘
173,11:15:18,5.0,0.0,50,25000,买盘
174,11:15:37,5.0,0.0,9,4500,买盘
175,11:15:46,5.0,0.0,50,25000,买盘
176,11:16:13,5.0,0.0,192,96000,买盘
177,11:16:51,5.0,0.0,8,4000,卖盘
178,11:16:55,5.0,0.0,20,10000,买盘
179,11:17:10,5.0,0.0,20,10000,买盘
180,11:17:40,5.0,0.0,43,21500,买盘
181,11:17:43,4.99,-0.01,127,63480,卖盘
182,11:18:01,4.99,0.0,166,82834,买盘
183,11:18:45,5.0,0.01,6,3000,买盘
184,11:18:54,5.0,0.0,2,1000,买盘
185,11:19:12,5.01,0.01,20,10013,买盘
186,11:20:24,5.01,0.0,10,5010,买盘
187,11:21:33,5.01,0.0,5,2505,买盘
188,11:22:24,5.01,0.0,1,501,买盘
189,11:23:09,5.0,-0.01,100,50000,卖盘
190,11:23:27,5.0,0.0,40,20000,卖盘
191,11:23:46,5.01,0.01,43,21543,买盘
192,11:23:57,5.01,0.0,14,7014,买盘
193,11:24:01,5.01,0.0,17,8517,买盘
194,11:24:42,5.0,-0.01,70,35000,卖盘
195,11:25:27,5.0,0.0,10,5000,卖盘
196,11:27:04,5.0,0.0,1,500,卖盘
197,11:27:25,5.0,0.0,70,35000,卖盘
198,11:27:49,5.01,0.01,334,167334,买盘
199,11:28:49,5.01,0.0,10,5010,买盘
200,11:28:52,5.01,0.0,73,36573,买盘
201,11:29:03,5.01,0.0,19,9519,卖盘
202,13:00:05,5.0,-0.01,181,90500,卖盘
203,13:00:07,5.01,0.01,274,137206,买盘
204,13:00:10,5.01,0.0,10,5010,买盘
205,13:01:37,5.0,-0.01,40,20000,卖盘
206,13:02:18,5.01,0.01,6,3006,买盘
207,13:03:28,5.0,-0.01,3,1500,卖盘
208,13:03:42,5.0,0.0,10,5000,买盘
209,13:04:03,5.0,0.0,20,10000,卖盘
210,13:04:40,5.0,0.0,5,2500,卖盘
211,13:09:33,5.0,0.0,158,79000,卖盘
212,13:09:39,5.0,0.0,50,25000,买盘
213,13:09:45,5.0,0.0,1,500,买盘
214,13:09:51,5.0,0.0,1,500,买盘
215,13:11:25,4.99,-0.01,36,17964,卖盘
216,13:12:18,5.0,0.01,76,38000,买盘
217,13:13:52,5.0,0.0,74,37000,卖盘
218,13:14:18,5.0,0.0,19,9500,买盘
219,13:18:36,4.99,-0.01,498,248602,卖盘
220,13:19:00,4.98,-0.01,1,498,卖盘
221,13:22:01,4.98,0.0,135,67230,卖盘
222,13:22:16,4.98,0.0,10,4980,卖盘
223,13:23:22,4.98,0.0,31,15438,卖盘
224,13:23:28,4.98,0.0,20,9960,卖盘
225,13:23:30,4.99,0.01,2,998,买盘
226,13:29:00,4.98,-0.01,125,62250,卖盘
227,13:29:30,4.98,0.0,4,1992,买盘
228,13:31:18,4.98,0.0,100,49800,卖盘
229,13:31:58,4.98,0.0,30,14940,卖盘
230,13:32:06,4.98,0.0,5,2490,卖盘
231,13:33:09,4.98,0.0,25,12450,卖盘
232,13:34:01,4.98,0.0,14,6972,卖盘
233,13:36:33,4.98,0.0,8,3984,买盘
234,13:37:49,4.98,0.0,10,4731,买盘
235,13:39:34,4.98,0.0,4,1992,卖盘
236,13:40:37,4.98,0.0,27,13695,卖盘
237,13:43:13,4.99,0.01,281,140088,买盘
238,13:44:33,4.98,-0.01,61,30378,卖盘
239,13:46:46,4.97,-0.01,80,39760,卖盘
240,13:47:46,4.97,0.0,30,14910,卖盘
241,13:50:07,4.97,0.0,41,20377,卖盘
242,13:55:31,4.97,0.0,23,11431,卖盘
243,13:56:37,4.96,-0.01,81,40176,卖盘
244,13:57:04,4.96,0.0,13,6448,卖盘
245,13:57:48,4.96,0.0,11,5456,卖盘
246,13:58:49,4.96,0.0,186,92256,卖盘
247,13:59:04,4.96,0.0,100,49600,买盘
248,13:59:13,4.96,0.0,50,24800,买盘
249,13:59:25,4.96,0.0,10,4960,买盘
250,13:59:28,4.96,0.0,69,34224,买盘
251,13:59:40,4.96,0.0,10,4960,卖盘
252,13:59:46,4.96,0.0,20,9920,卖盘
253,13:59:49,4.96,0.0,11,5456,卖盘
254,14:00:43,4.96,0.0,15,7440,买盘
255,14:01:01,4.96,0.0,35,17360,卖盘
256,14:01:46,4.96,0.0,50,24800,卖盘
257,14:01:52,4.96,0.0,15,7440,卖盘
258,14:02:00,4.97,0.01,10,4970,买盘
259,14:02:34,4.96,-0.01,4,1984,卖盘
260,14:03:22,4.97,0.01,7,3479,买盘
261,14:03:33,4.97,0.0,18,8946,买盘
262,14:03:49,4.97,0.0,32,15904,卖盘
263,14:05:09,4.96,-0.01,13,6448,卖盘
264,14:06:01,4.96,0.0,68,33728,卖盘
265,14:08:06,4.97,0.01,100,49700,买盘
266,14:09:39,4.97,0.0,10,4970,买盘
267,14:09:42,4.97,0.0,20,9940,买盘
268,14:10:22,4.97,0.0,5,2485,卖盘
269,14:13:30,4.98,0.01,53,26394,买盘
270,14:14:04,4.97,-0.01,165,82005,卖盘
271,14:14:58,4.97,0.0,20,9940,卖盘
272,14:15:34,4.98,0.01,20,9960,买盘
273,14:16:19,4.97,-0.01,7,3479,卖盘
274,14:23:46,4.97,0.0,1,497,卖盘
275,14:26:06,4.98,0.01,14,6972,买盘
276,14:27:28,4.97,-0.01,10,4970,卖盘
277,14:30:10,4.98,0.01,4,1992,买盘
278,14:31:16,4.97,-0.01,2,994,卖盘
279,14:32:19,4.98,0.01,10,4980,买盘
280,14:32:30,4.97,-0.01,1,497,卖盘
281,14:32:46,4.98,0.01,26,12948,买盘
282,14:32:52,4.98,0.0,6,2988,买盘
283,14:33:37,4.98,0.0,40,19920,买盘
284,14:33:42,4.98,0.0,400,199200,买盘
285,14:33:49,4.99,0.01,1010,503980,买盘
286,14:33:54,4.99,0.0,554,276196,买盘
287,14:34:06,5.01,0.02,279,139701,买盘
288,14:34:12,5.02,0.01,152,76304,买盘
289,14:34:22,5.04,0.02,341,171542,买盘
290,14:34:24,5.05,0.01,341,172155,买盘
291,14:34:27,5.02,-0.03,400,200800,卖盘
292,14:34:31,5.02,0.0,300,150600,买盘
293,14:34:36,5.02,0.0,181,90862,买盘
294,14:34:40,5.02,0.0,69,34638,买盘
295,14:34:42,5.03,0.01,300,150780,买盘
296,14:34:48,5.02,-0.01,74,37148,买盘
297,14:34:52,5.02,0.0,11,5522,卖盘
298,14:34:55,5.02,0.0,1,502,卖盘
299,14:34:58,5.03,0.01,20,10057,买盘
300,14:35:01,5.03,0.0,40,20120,买盘
301,14:35:04,5.03,0.0,200,100600,买盘
302,14:35:10,5.03,0.0,577,290231,买盘
303,14:35:22,5.03,0.0,10,5030,卖盘
304,14:35:28,5.04,0.01,251,126504,买盘
305,14:35:37,5.04,0.0,10,5040,卖盘
306,14:35:40,5.04,0.0,90,45360,卖盘
307,14:35:43,5.04,0.0,14,7056,买盘
308,14:35:48,5.05,0.01,65,32810,买盘
309,14:35:51,5.04,-0.01,7,3528,卖盘
310,14:35:58,5.04,0.0,10,5040,卖盘
311,14:36:01,5.04,0.0,50,25200,卖盘
312,14:36:03,5.05,0.01,36,18180,买盘
313,14:36:13,5.05,0.0,97,49419,卖盘
314,14:36:16,5.06,0.01,5,2530,买盘
315,14:36:19,5.05,-0.01,40,20200,卖盘
316,14:36:22,5.06,0.01,5,2530,买盘
317,14:36:24,5.05,-0.01,10,5050,卖盘
318,14:36:27,5.05,0.0,22,10676,卖盘
319,14:36:31,5.05,0.0,64,32754,买盘
320,14:36:34,5.06,0.01,291,147179,买盘
321,14:36:37,5.05,-0.01,16,8080,卖盘
322,14:36:46,5.07,0.02,109,55153,买盘
323,14:36:49,5.07,0.0,60,30420,买盘
324,14:36:58,5.07,0.0,19,9633,买盘
325,14:37:01,5.07,0.0,173,87711,买盘
326,14:37:13,5.07,0.0,20,10140,买盘
327,14:37:16,5.06,-0.01,41,20746,卖盘
328,14:37:19,5.07,0.01,10,5061,买盘
329,14:37:34,5.06,-0.01,11,5566,买盘
330,14:37:37,5.07,0.01,39,19754,买盘
331,14:37:43,5.07,0.0,248,125736,买盘
332,14:37:48,5.08,0.01,9,4572,买盘
333,14:37:51,5.07,-0.01,35,17745,卖盘
334,14:37:54,5.07,0.0,10,5070,卖盘
335,14:37:58,5.08,0.01,55,27915,买盘
336,14:38:01,5.08,0.0,9,4572,买盘
337,14:38:04,5.08,0.0,152,77216,买盘
338,14:38:06,5.08,0.0,29,14732,卖盘
339,14:38:13,5.09,0.01,10,5090,买盘
340,14:38:15,5.09,0.0,53,26977,买盘
341,14:38:19,5.09,0.0,80,40720,买盘
342,14:38:22,5.09,0.0,22,11198,买盘
343,14:38:31,5.1,0.01,128,65280,买盘
344,14:38:34,5.09,-0.01,1300,662000,卖盘
345,14:38:37,5.1,0.01,70,35700,买盘
346,14:38:40,5.1,0.0,33,16830,买盘
347,14:38:42,5.1,0.0,50,25520,卖盘
348,14:38:46,5.1,0.0,10,5100,卖盘
349,14:38:49,5.1,0.0,34,17360,卖盘
350,14:38:51,5.1,0.0,141,71914,卖盘
351,14:38:54,5.11,0.01,231,118023,买盘
352,14:38:57,5.12,0.01,42,21472,买盘
353,14:39:04,5.11,-0.01,55,28105,卖盘
354,14:39:07,5.11,0.0,100,51100,卖盘
355,14:39:10,5.12,0.01,67,34294,买盘
356,14:39:13,5.1,-0.02,242,123737,卖盘
357,14:39:16,5.12,0.02,230,117723,买盘
358,14:39:25,5.09,-0.03,60,30640,卖盘
359,14:39:31,5.1,0.01,4,2040,买盘
360,14:39:33,5.1,0.0,10,5100,买盘
361,14:39:39,5.09,-0.01,150,76350,卖盘
362,14:39:48,5.09,0.0,31,15779,卖盘
363,14:39:52,5.08,-0.01,20,10160,卖盘
364,14:39:55,5.09,0.01,20,10180,买盘
365,14:39:58,5.08,-0.01,616,313144,卖盘
366,14:40:01,5.08,0.0,136,69088,卖盘
367,14:40:04,5.08,0.0,260,132090,卖盘
368,14:40:07,5.08,0.0,55,27955,卖盘
369,14:40:10,5.08,0.0,200,101600,卖盘
370,14:40:13,5.08,0.0,257,130556,卖盘
371,14:40:22,5.07,-0.01,100,50700,卖盘
372,14:40:37,5.06,-0.01,108,54746,卖盘
373,14:40:46,5.07,0.01,10,5070,买盘
374,14:40:49,5.07,0.0,24,12168,买盘
375,14:40:52,5.07,0.0,30,15210,买盘
376,14:41:01,5.06,-0.01,5,2530,卖盘
377,14:41:06,5.07,0.01,48,24336,买盘
378,14:41:09,5.07,0.0,55,27885,买盘
379,14:41:13,5.07,0.0,5,2535,买盘
380,14:41:22,5.07,0.0,10,5070,买盘
381,14:41:25,5.07,0.0,101,51207,买盘
382,14:41:30,5.07,0.0,15,7605,买盘
383,14:41:34,5.07,0.0,10,5070,买盘
384,14:41:49,5.07,0.0,137,69459,买盘
385,14:42:24,5.08,0.01,93,47244,买盘
386,14:42:37,5.08,0.0,2,1016,买盘
387,14:42:40,5.08,0.0,20,10160,买盘
388,14:42:45,5.08,0.0,31,15748,买盘
389,14:42:54,5.08,0.0,16,8128,买盘
390,14:42:58,5.09,0.01,125,63565,买盘
391,14:43:13,5.08,-0.01,10,5080,买盘
392,14:43:30,5.07,-0.01,4,2028,卖盘
393,14:43:36,5.08,0.01,88,44704,买盘
394,14:43:40,5.07,-0.01,4,2028,卖盘
395,14:43:43,5.07,0.0,575,291525,卖盘
396,14:43:45,5.07,0.0,146,74022,买盘
397,14:43:52,5.07,0.0,279,141453,买盘
398,14:44:04,5.07,0.0,21,10647,卖盘
399,14:44:07,5.08,0.01,73,37064,买盘
400,14:44:22,5.08,0.0,9,4572,买盘
401,14:44:30,5.08,0.0,3,1524,买盘
402,14:44:36,5.1,0.02,984,500918,买盘
403,14:44:40,5.1,0.0,29,14790,卖盘
404,14:44:43,5.1,0.0,60,30600,卖盘
405,14:44:58,5.1,0.0,547,278970,卖盘
406,14:45:01,5.11,0.01,31,15841,买盘
407,14:45:04,5.1,-0.01,20,10200,卖盘
408,14:45:10,5.1,0.0,154,78540,卖盘
409,14:45:16,5.08,-0.02,51,25994,卖盘
410,14:45:25,5.1,0.02,30,15290,买盘
411,14:45:31,5.07,-0.03,76,38534,卖盘
412,14:45:52,5.09,0.02,134,68206,买盘
413,14:46:09,5.09,0.0,426,216834,买盘
414,14:46:13,5.09,0.0,40,20360,卖盘
415,14:46:19,5.1,0.01,19,9690,买盘
416,14:46:22,5.09,-0.01,194,98746,卖盘
417,14:46:31,5.1,0.01,25,12750,买盘
418,14:46:43,5.1,0.0,46,23460,买盘
419,14:46:46,5.1,0.0,50,25500,买盘
420,14:46:55,5.1,0.0,4,2040,买盘
421,14:47:01,5.09,-0.01,30,15270,卖盘
422,14:47:07,5.09,0.0,3,1527,卖盘
423,14:47:10,5.09,0.0,10,5090,卖盘
424,14:47:16,5.09,0.0,2,1018,卖盘
425,14:47:28,5.09,0.0,26,13234,卖盘
426,14:47:34,5.1,0.01,30,15300,买盘
427,14:47:37,5.09,-0.01,14,7126,卖盘
428,14:47:49,5.09,0.0,200,101800,卖盘
429,14:47:58,5.09,0.0,71,36139,卖盘
430,14:48:04,5.09,0.0,5,2545,买盘
431,14:48:13,5.09,0.0,154,78386,买盘
432,14:48:19,5.09,0.0,3,1527,卖盘
433,14:48:21,5.1,0.01,9,4586,买盘
434,14:48:28,5.1,0.0,41,20910,买盘
435,14:48:31,5.1,0.0,84,42840,买盘
436,14:48:34,5.1,0.0,160,81590,买盘
437,14:48:46,5.1,0.0,462,235620,买盘
438,14:48:52,5.1,0.0,500,255000,卖盘
439,14:48:58,5.11,0.01,60,30660,买盘
440,14:49:00,5.1,-0.01,101,51510,卖盘
441,14:49:04,5.11,0.01,30,15330,买盘
442,14:49:07,5.11,0.0,30,15330,买盘
443,14:49:13,5.1,-0.01,72,36734,卖盘
444,14:49:28,5.1,0.0,5,2550,买盘
445,14:50:01,5.1,0.0,11,5610,买盘
446,14:50:04,5.09,-0.01,512,260608,卖盘
447,14:50:10,5.09,0.0,25,12725,买盘
448,14:50:18,5.09,0.0,5,2545,买盘
449,14:50:22,5.08,-0.01,50,25400,卖盘
450,14:50:24,5.09,0.01,69,35121,买盘
451,14:51:07,5.09,0.0,446,227014,买盘
452,14:51:49,5.09,0.0,3,1527,卖盘
453,14:51:58,5.09,0.0,10,5090,卖盘
454,14:52:01,5.09,0.0,25,12726,卖盘
455,14:52:07,5.1,0.01,50,25500,买盘
456,14:52:09,5.09,-0.01,30,15270,卖盘
457,14:52:12,5.1,0.01,50,25500,买盘
458,14:52:28,5.1,0.0,136,69360,买盘
459,14:52:43,5.1,0.0,10,5100,买盘
460,14:52:57,5.1,0.0,211,107610,买盘
461,14:53:04,5.1,0.0,28,14280,卖盘
462,14:53:43,5.1,0.0,30,15300,卖盘
463,14:53:46,5.1,0.0,223,113952,卖盘
464,14:53:49,5.11,0.01,50,25550,买盘
465,14:53:51,5.1,-0.01,50,25500,卖盘
466,14:54:01,5.11,0.01,10,5110,买盘
467,14:54:04,5.11,0.0,229,116990,买盘
468,14:54:10,5.11,0.0,25,12775,买盘
469,14:54:19,5.11,0.0,5,2555,买盘
470,14:54:25,5.11,0.0,79,40369,买盘
471,14:54:37,5.11,0.0,89,45479,买盘
472,14:54:40,5.11,0.0,8,4088,买盘
473,14:54:46,5.11,0.0,118,60298,买盘
474,14:54:51,5.12,0.01,187,95728,买盘
475,14:55:07,5.11,-0.01,46,23506,卖盘
476,14:55:10,5.13,0.02,542,277705,买盘
477,14:55:19,5.13,0.0,30,15390,卖盘
478,14:55:28,5.13,0.0,3,1539,卖盘
479,14:55:34,5.13,0.0,25,12825,买盘
480,14:55:37,5.13,0.0,26,13338,中性盘
481,14:55:40,5.13,0.0,30,15390,买盘
482,14:55:43,5.13,0.0,5,2565,买盘
483,14:55:49,5.12,-0.01,14,7168,卖盘
484,14:56:10,5.12,0.0,10,5120,买盘
485,14:56:24,5.12,0.0,125,63980,买盘
486,14:56:31,5.1,-0.02,30,15300,卖盘
487,14:56:34,5.11,0.01,10,5110,买盘
488,14:56:49,5.1,-0.01,14,7152,卖盘
489,14:56:58,5.12,0.02,20,10240,买盘
490,15:00:04,5.1,-0.02,1112,567120,卖盘
