,time,price,change,volume,amount,type
0,09:25:04,6.81,0.0,18,12258,卖盘
1,09:30:04,6.85,0.04,5,3425,中性盘
2,09:30:07,6.83,-0.02,36,24518,中性盘
3,09:30:10,6.84,0.01,7,4782,买盘
4,09:30:13,6.84,0.0,13,8864,买盘
5,09:30:19,6.84,0.0,1,684,买盘
6,09:30:22,6.83,-0.01,2,1366,卖盘
7,09:30:28,6.83,0.0,2,1366,卖盘
8,09:30:31,6.83,0.0,1,683,卖盘
9,09:30:34,6.83,0.0,66,45078,卖盘
10,09:30:37,6.83,0.0,11,7512,买盘
11,09:30:40,6.83,0.0,60,40977,买盘
12,09:30:43,6.82,-0.01,3,2046,卖盘
13,09:30:46,6.82,0.0,4,2728,卖盘
14,09:30:49,6.82,0.0,22,15004,卖盘
15,09:30:52,6.82,0.0,1,682,买盘
16,09:30:55,6.82,0.0,22,15004,买盘
17,09:31:01,6.82,0.0,122,83104,买盘
18,09:31:05,6.82,0.0,32,21824,买盘
19,09:31:07,6.81,-0.01,212,144429,卖盘
20,09:31:10,6.81,0.0,67,45630,卖盘
21,09:31:13,6.81,0.0,1,681,买盘
22,09:31:34,6.81,0.0,8,5448,买盘
23,09:31:37,6.8,-0.01,10,6800,卖盘
24,09:31:55,6.81,0.01,1,681,买盘
25,09:31:58,6.8,-0.01,8,5440,卖盘
26,09:32:01,6.81,0.01,1,681,买盘
27,09:32:04,6.81,0.0,15,10215,买盘
28,09:32:07,6.81,0.0,60,40860,买盘
29,09:32:10,6.81,0.0,10,6810,买盘
30,09:32:13,6.81,0.0,3,2043,买盘
31,09:32:16,6.81,0.0,11,7491,买盘
32,09:32:19,6.81,0.0,67,45627,买盘
33,09:32:22,6.81,0.0,79,53799,买盘
34,09:32:25,6.81,0.0,10,6810,买盘
35,09:32:28,6.81,0.0,115,78265,买盘
36,09:32:40,6.81,0.0,32,21792,买盘
37,09:32:43,6.81,0.0,7,4767,买盘
38,09:32:52,6.81,0.0,2,1362,买盘
39,09:32:55,6.81,0.0,9,6129,买盘
40,09:32:58,6.81,0.0,3,2043,买盘
41,09:33:04,6.81,0.0,17,11577,买盘
42,09:33:07,6.81,0.0,10,6810,买盘
43,09:33:10,6.81,0.0,7,4767,买盘
44,09:33:13,6.81,0.0,3,2043,买盘
45,09:33:16,6.81,0.0,76,51756,买盘
46,09:33:19,6.81,0.0,13,8853,买盘
47,09:33:25,6.81,0.0,3,2043,买盘
48,09:33:28,6.81,0.0,6,4086,买盘
49,09:33:31,6.8,-0.01,45,30641,卖盘
50,09:33:34,6.81,0.01,17,11577,买盘
51,09:33:40,6.81,0.0,44,29964,买盘
52,09:33:55,6.81,0.0,7,4767,买盘
53,09:33:58,6.81,0.0,19,12939,买盘
54,09:34:01,6.81,0.0,2,1362,买盘
55,09:34:07,6.81,0.0,13,8853,买盘
56,09:34:34,6.81,0.0,39,26559,买盘
57,09:34:55,6.81,0.0,20,13620,买盘
58,09:34:58,6.81,0.0,11,7491,买盘
59,09:35:01,6.81,0.0,3,2043,买盘
60,09:35:07,6.81,0.0,17,11577,买盘
61,09:35:13,6.81,0.0,45,30645,买盘
62,09:35:16,6.81,0.0,16,10896,买盘
63,09:35:28,6.81,0.0,5,3407,卖盘
64,09:35:31,6.81,0.0,3,2043,卖盘
65,09:35:34,6.81,0.0,3,2043,卖盘
66,09:35:48,6.82,0.01,2,1364,买盘
67,09:35:52,6.81,-0.01,72,49032,卖盘
68,09:36:01,6.81,0.0,36,24516,买盘
69,09:36:04,6.81,0.0,13,8853,买盘
70,09:36:07,6.81,0.0,2,1362,买盘
71,09:36:12,6.8,-0.01,20,13600,卖盘
72,09:36:16,6.81,0.01,49,33369,买盘
73,09:36:28,6.81,0.0,2,1362,买盘
74,09:36:31,6.81,0.0,4,2724,买盘
75,09:36:34,6.81,0.0,13,8853,买盘
76,09:36:40,6.81,0.0,193,131433,买盘
77,09:36:43,6.81,0.0,46,31326,买盘
78,09:36:49,6.81,0.0,1,681,买盘
79,09:36:55,6.81,0.0,5,3405,买盘
80,09:36:58,6.81,0.0,88,59928,买盘
81,09:37:01,6.81,0.0,65,44265,买盘
82,09:37:04,6.81,0.0,11,7491,买盘
83,09:37:13,6.82,0.01,30,20460,买盘
84,09:37:16,6.82,0.0,28,19096,买盘
85,09:37:19,6.82,0.0,2,1364,买盘
86,09:37:22,6.83,0.01,51,34784,买盘
87,09:37:43,6.83,0.0,15,10245,买盘
88,09:37:46,6.83,0.0,29,19807,买盘
89,09:37:52,6.83,0.0,44,30052,买盘
90,09:37:58,6.83,0.0,16,10928,卖盘
91,09:38:01,6.83,0.0,31,21173,买盘
92,09:38:10,6.83,0.0,1,683,买盘
93,09:38:13,6.83,0.0,20,13660,买盘
94,09:38:31,6.83,0.0,1,683,买盘
95,09:38:34,6.83,0.0,22,15026,买盘
96,09:38:46,6.83,0.0,80,54640,买盘
97,09:38:52,6.83,0.0,3,2049,买盘
98,09:38:55,6.83,0.0,4,2732,买盘
99,09:38:58,6.83,0.0,28,19124,买盘
100,09:39:01,6.83,0.0,21,14343,买盘
101,09:39:04,6.83,0.0,14,9562,买盘
102,09:39:19,6.83,0.0,1,683,买盘
103,09:39:22,6.83,0.0,1,683,买盘
104,09:39:28,6.82,-0.01,10,6820,卖盘
105,09:39:37,6.83,0.01,61,41663,买盘
106,09:39:40,6.82,-0.01,16,10912,卖盘
107,09:39:49,6.82,0.0,3,2046,卖盘
108,09:39:52,6.82,0.0,6,4092,卖盘
109,09:39:55,6.82,0.0,47,32054,卖盘
110,09:39:58,6.82,0.0,10,6820,买盘
111,09:40:04,6.82,0.0,11,7502,买盘
112,09:40:07,6.82,0.0,10,6820,买盘
113,09:40:16,6.82,0.0,1,682,买盘
114,09:40:19,6.82,0.0,69,47058,买盘
115,09:40:25,6.82,0.0,33,22506,卖盘
116,09:40:28,6.82,0.0,37,25234,卖盘
117,09:40:31,6.82,0.0,2,1364,买盘
118,09:40:34,6.82,0.0,29,19778,买盘
119,09:40:40,6.82,0.0,20,13640,卖盘
120,09:40:43,6.82,0.0,10,6820,买盘
121,09:40:48,6.82,0.0,3,2046,买盘
122,09:41:01,6.82,0.0,1,682,买盘
123,09:41:04,6.82,0.0,12,8184,买盘
124,09:41:19,6.82,0.0,5,3410,买盘
125,09:41:31,6.82,0.0,2,1364,买盘
126,09:41:34,6.82,0.0,10,6820,买盘
127,09:41:40,6.82,0.0,3,2046,买盘
128,09:41:49,6.83,0.01,10,6830,买盘
129,09:41:52,6.83,0.0,5,3415,买盘
130,09:41:55,6.82,-0.01,6,4092,卖盘
131,09:42:01,6.83,0.01,5,3415,买盘
132,09:42:15,6.83,0.0,20,13660,买盘
133,09:42:22,6.83,0.0,25,17075,买盘
134,09:42:31,6.82,-0.01,4,2728,卖盘
135,09:42:34,6.83,0.01,12,8196,买盘
136,09:42:37,6.82,-0.01,26,17732,卖盘
137,09:42:46,6.82,0.0,87,59317,卖盘
138,09:42:52,6.83,0.01,50,34150,买盘
139,09:42:55,6.83,0.0,16,10918,买盘
140,09:42:58,6.82,-0.01,12,8184,卖盘
141,09:43:01,6.82,0.0,17,11594,卖盘
142,09:43:05,6.82,0.0,10,6820,买盘
143,09:43:16,6.82,0.0,84,57288,买盘
144,09:43:22,6.82,0.0,2,1364,卖盘
145,09:43:28,6.83,0.01,4,2732,买盘
146,09:43:55,6.83,0.0,32,21856,买盘
147,09:43:58,6.82,-0.01,33,22506,卖盘
148,09:44:04,6.83,0.01,2,1366,买盘
149,09:44:16,6.83,0.0,1,683,买盘
150,09:44:31,6.83,0.0,31,21143,买盘
151,09:44:34,6.83,0.0,12,8196,买盘
152,09:44:43,6.83,0.0,5,3415,买盘
153,09:44:49,6.82,-0.01,65,44345,卖盘
154,09:44:54,6.83,0.01,1,683,买盘
155,09:45:01,6.82,-0.01,20,13640,卖盘
156,09:45:07,6.82,0.0,12,8184,卖盘
157,09:45:16,6.82,0.0,20,13658,卖盘
158,09:45:21,6.83,0.01,3,2049,买盘
159,09:45:25,6.83,0.0,7,4781,买盘
160,09:45:28,6.83,0.0,2,1366,买盘
161,09:45:34,6.83,0.0,3,2049,买盘
162,09:45:37,6.83,0.0,6,4098,买盘
163,09:45:45,6.83,0.0,6,4098,买盘
164,09:45:52,6.83,0.0,2,1366,买盘
165,09:45:55,6.83,0.0,7,4781,买盘
166,09:45:58,6.83,0.0,17,11611,买盘
167,09:46:04,6.83,0.0,20,13660,买盘
168,09:46:07,6.82,-0.01,13,8866,卖盘
169,09:46:12,6.83,0.01,30,20490,买盘
170,09:46:16,6.83,0.0,4,2732,买盘
171,09:46:25,6.83,0.0,11,7513,买盘
172,09:46:28,6.83,0.0,2,1366,买盘
173,09:46:37,6.83,0.0,9,6147,买盘
174,09:46:42,6.83,0.0,52,35516,买盘
175,09:46:52,6.84,0.01,36,24624,买盘
176,09:46:58,6.84,0.0,7,4788,买盘
177,09:47:00,6.83,-0.01,20,13660,卖盘
178,09:47:04,6.84,0.01,70,47880,买盘
179,09:47:07,6.83,-0.01,12,8196,卖盘
180,09:47:13,6.84,0.01,2,1368,买盘
181,09:47:28,6.84,0.0,10,6840,买盘
182,09:47:36,6.83,-0.01,20,13660,卖盘
183,09:47:40,6.84,0.01,4,2736,买盘
184,09:47:43,6.84,0.0,105,71820,买盘
185,09:47:48,6.84,0.0,1,684,买盘
186,09:47:58,6.84,0.0,2,1368,买盘
187,09:48:06,6.83,-0.01,13,8879,卖盘
188,09:48:16,6.84,0.01,3,2052,买盘
189,09:48:28,6.84,0.0,13,8892,买盘
190,09:48:30,6.84,0.0,12,8208,买盘
191,09:48:34,6.84,0.0,18,12312,买盘
192,09:48:37,6.84,0.0,1,684,买盘
193,09:48:46,6.83,-0.01,8,5464,卖盘
194,09:48:52,6.84,0.01,5,3420,买盘
195,09:48:55,6.84,0.0,1,684,买盘
196,09:49:00,6.84,0.0,50,34200,买盘
197,09:49:04,6.83,-0.01,117,79911,卖盘
198,09:49:07,6.84,0.01,17,11628,买盘
199,09:49:13,6.84,0.0,1,684,买盘
200,09:49:34,6.84,0.0,3,2052,买盘
201,09:49:40,6.84,0.0,63,43092,买盘
202,09:49:43,6.84,0.0,165,112860,买盘
203,09:49:49,6.84,0.0,20,13662,买盘
204,09:49:52,6.83,-0.01,28,19134,卖盘
205,09:49:55,6.84,0.01,2,1368,买盘
206,09:50:16,6.84,0.0,22,15048,买盘
207,09:50:31,6.84,0.0,5,3420,买盘
208,09:50:49,6.84,0.0,32,21888,买盘
209,09:50:58,6.84,0.0,40,27360,买盘
210,09:51:00,6.84,0.0,100,68400,买盘
211,09:51:04,6.84,0.0,124,84816,买盘
212,09:51:13,6.84,0.0,24,16416,买盘
213,09:51:22,6.84,0.0,23,15732,买盘
214,09:51:33,6.84,0.0,9,6156,买盘
215,09:51:55,6.84,0.0,1,684,买盘
216,09:52:01,6.84,0.0,1,684,买盘
217,09:52:13,6.84,0.0,16,10944,买盘
218,09:52:25,6.84,0.0,4,2736,买盘
219,09:52:31,6.84,0.0,7,4788,买盘
220,09:52:34,6.84,0.0,10,6840,买盘
221,09:52:52,6.83,-0.01,35,23905,卖盘
222,09:52:58,6.82,-0.01,216,147397,卖盘
223,09:53:04,6.82,0.0,19,12958,买盘
224,09:53:16,6.82,0.0,2,1364,买盘
225,09:53:25,6.82,0.0,6,4092,买盘
226,09:53:34,6.82,0.0,12,8181,买盘
227,09:53:46,6.82,0.0,2,1364,买盘
228,09:54:01,6.82,0.0,3,2046,买盘
229,09:54:04,6.82,0.0,8,5456,买盘
230,09:54:06,6.81,-0.01,13,8853,卖盘
231,09:54:16,6.81,0.0,116,78996,卖盘
232,09:54:31,6.82,0.01,6,4092,买盘
233,09:54:46,6.81,-0.01,30,20430,卖盘
234,09:54:52,6.82,0.01,9,6138,买盘
235,09:54:55,6.81,-0.01,13,8853,卖盘
236,09:54:58,6.81,0.0,30,20430,卖盘
237,09:55:01,6.81,0.0,61,41541,卖盘
238,09:55:07,6.81,0.0,3,2043,卖盘
239,09:55:10,6.8,-0.01,30,20423,卖盘
240,09:55:12,6.81,0.01,1,681,中性盘
241,09:55:25,6.81,0.0,5,3405,买盘
242,09:55:28,6.81,0.0,3,2043,买盘
243,09:55:34,6.8,-0.01,15,10210,卖盘
244,09:55:46,6.81,0.01,3,2043,买盘
245,09:56:13,6.81,0.0,4,2724,买盘
246,09:56:22,6.81,0.0,5,3405,买盘
247,09:56:36,6.81,0.0,100,68100,买盘
248,09:56:46,6.8,-0.01,114,77520,卖盘
249,09:56:49,6.8,0.0,1,680,买盘
250,09:56:52,6.8,0.0,1,680,买盘
251,09:57:04,6.8,0.0,4,2720,买盘
252,09:57:07,6.8,0.0,19,12920,买盘
253,09:57:10,6.8,0.0,5,3400,买盘
254,09:57:13,6.8,0.0,15,10200,买盘
255,09:57:28,6.79,-0.01,113,76727,卖盘
256,09:57:31,6.8,0.01,100,68000,买盘
257,09:57:43,6.8,0.0,1,680,买盘
258,09:57:46,6.8,0.0,2,1360,买盘
259,09:57:48,6.8,0.0,7,4760,买盘
260,09:57:58,6.82,0.02,38,25896,买盘
261,09:58:07,6.82,0.0,18,12276,买盘
262,09:58:19,6.82,0.0,2,1364,买盘
263,09:58:25,6.82,0.0,2,1364,卖盘
264,09:58:46,6.81,-0.01,3,2043,卖盘
265,09:58:49,6.81,0.0,3,2043,卖盘
266,09:59:01,6.82,0.01,2,1364,买盘
267,09:59:04,6.82,0.0,15,10230,买盘
268,09:59:06,6.81,-0.01,3,2043,卖盘
269,09:59:13,6.82,0.01,9,6130,买盘
270,09:59:15,6.82,0.0,3,2046,买盘
271,09:59:46,6.82,0.0,4,2728,买盘
272,09:59:52,6.81,-0.01,3,2043,卖盘
273,10:00:07,6.81,0.0,3,2043,卖盘
274,10:00:13,6.82,0.01,19,12958,买盘
275,10:00:19,6.81,-0.01,5,3405,卖盘
276,10:00:46,6.81,0.0,9,6129,卖盘
277,10:01:04,6.81,0.0,60,40860,卖盘
278,10:01:06,6.81,0.0,3,2043,卖盘
279,10:01:10,6.81,0.0,11,7491,卖盘
280,10:01:13,6.81,0.0,8,5448,卖盘
281,10:01:15,6.82,0.01,18,12276,买盘
282,10:01:25,6.82,0.0,19,12958,买盘
283,10:02:05,6.82,0.0,1,682,买盘
284,10:02:07,6.81,-0.01,3,2043,卖盘
285,10:02:28,6.81,0.0,19,12957,卖盘
286,10:02:37,6.81,0.0,57,38824,卖盘
287,10:02:40,6.82,0.01,10,6820,买盘
288,10:02:43,6.82,0.0,5,3410,买盘
289,10:03:07,6.81,-0.01,3,2043,卖盘
290,10:03:10,6.82,0.01,5,3410,买盘
291,10:03:33,6.82,0.0,19,12958,买盘
292,10:03:37,6.81,-0.01,18,12258,卖盘
293,10:03:46,6.82,0.01,3,2046,买盘
294,10:03:52,6.81,-0.01,43,29283,卖盘
295,10:04:04,6.82,0.01,1,682,买盘
296,10:04:07,6.81,-0.01,3,2043,卖盘
297,10:04:16,6.82,0.01,14,9548,买盘
298,10:04:31,6.82,0.0,18,12276,买盘
299,10:04:37,6.82,0.0,2,1364,买盘
300,10:05:01,6.82,0.0,19,12958,买盘
301,10:05:04,6.82,0.0,8,5456,买盘
302,10:05:07,6.82,0.0,4,2728,买盘
303,10:05:13,6.82,0.0,6,4092,买盘
304,10:05:24,6.81,-0.01,50,34050,卖盘
305,10:05:37,6.82,0.01,7,4774,买盘
306,10:05:43,6.81,-0.01,25,17025,卖盘
307,10:06:01,6.81,0.0,5,3405,买盘
308,10:06:07,6.82,0.01,5,3407,买盘
309,10:06:22,6.81,-0.01,3,2043,卖盘
310,10:06:34,6.82,0.01,6,4092,买盘
311,10:06:40,6.81,-0.01,79,53799,卖盘
312,10:06:46,6.8,-0.01,8,5440,卖盘
313,10:06:58,6.81,0.01,19,12939,买盘
314,10:07:04,6.81,0.0,12,8172,买盘
315,10:07:07,6.81,0.0,4,2724,买盘
316,10:07:10,6.81,0.0,99,67419,买盘
317,10:07:16,6.8,-0.01,9,6120,卖盘
318,10:07:19,6.81,0.01,3,2043,买盘
319,10:07:34,6.81,0.0,4,2724,买盘
320,10:07:58,6.81,0.0,18,12258,买盘
321,10:08:04,6.81,0.0,8,5448,买盘
322,10:08:07,6.81,0.0,4,2724,买盘
323,10:08:31,6.81,0.0,2,1362,买盘
324,10:08:33,6.81,0.0,7,4767,买盘
325,10:08:55,6.81,0.0,9,6129,买盘
326,10:09:03,6.82,0.01,5,3410,买盘
327,10:09:07,6.81,-0.01,3,2043,卖盘
328,10:09:10,6.81,0.0,29,19749,卖盘
329,10:09:13,6.81,0.0,4,2724,买盘
330,10:09:22,6.8,-0.01,100,68000,卖盘
331,10:09:25,6.81,0.01,2,1362,买盘
332,10:09:31,6.81,0.0,13,8841,买盘
333,10:09:33,6.81,0.0,6,4086,买盘
334,10:09:55,6.81,0.0,27,18378,买盘
335,10:10:01,6.8,-0.01,47,31960,卖盘
336,10:10:04,6.8,0.0,6,4080,买盘
337,10:10:10,6.8,0.0,6,4080,卖盘
338,10:10:19,6.79,-0.01,11,7469,卖盘
339,10:10:34,6.79,0.0,57,38703,卖盘
340,10:10:37,6.79,0.0,10,6790,卖盘
341,10:10:39,6.78,-0.01,13,8814,卖盘
342,10:10:52,6.8,0.02,19,12920,买盘
343,10:11:06,6.8,0.0,3,2040,买盘
344,10:11:25,6.79,-0.01,3,2037,卖盘
345,10:11:52,6.8,0.01,18,12240,买盘
346,10:12:00,6.79,-0.01,6,4074,卖盘
347,10:12:04,6.8,0.01,5,3400,买盘
348,10:12:07,6.8,0.0,28,19040,买盘
349,10:12:13,6.8,0.0,7,4760,买盘
350,10:12:16,6.8,0.0,3,2040,买盘
351,10:12:22,6.8,0.0,4,2720,买盘
352,10:12:25,6.8,0.0,5,3400,买盘
353,10:12:34,6.8,0.0,3,2040,买盘
354,10:12:43,6.8,0.0,3,2040,买盘
355,10:12:46,6.8,0.0,1,680,买盘
356,10:12:49,6.8,0.0,10,6800,买盘
357,10:12:52,6.8,0.0,1,680,买盘
358,10:13:01,6.8,0.0,10,6800,买盘
359,10:13:04,6.79,-0.01,25,16981,卖盘
360,10:13:13,6.81,0.02,4,2724,买盘
361,10:13:19,6.8,-0.01,13,8840,卖盘
362,10:13:34,6.81,0.01,19,12939,买盘
363,10:13:46,6.81,0.0,2,1362,买盘
364,10:14:07,6.81,0.0,4,2724,买盘
365,10:14:10,6.8,-0.01,5,3400,卖盘
366,10:14:19,6.81,0.01,2,1362,买盘
367,10:14:28,6.81,0.0,7,4767,买盘
368,10:14:31,6.81,0.0,21,14301,买盘
369,10:14:34,6.81,0.0,23,15663,买盘
370,10:14:37,6.8,-0.01,8,5440,卖盘
371,10:14:40,6.81,0.01,45,30645,买盘
372,10:14:46,6.81,0.0,1,681,买盘
373,10:15:01,6.82,0.01,138,93981,买盘
374,10:15:04,6.82,0.0,5,3410,买盘
375,10:15:07,6.81,-0.01,4,2724,中性盘
376,10:15:13,6.82,0.01,7,4770,买盘
377,10:15:15,6.81,-0.01,14,9538,卖盘
378,10:15:18,6.82,0.01,1,682,买盘
379,10:15:40,6.82,0.0,33,22506,买盘
380,10:16:07,6.82,0.0,3,2046,买盘
381,10:16:10,6.82,0.0,3,2046,买盘
382,10:16:45,6.82,0.0,1,682,买盘
383,10:16:52,6.82,0.0,1,682,买盘
384,10:17:01,6.82,0.0,63,42966,买盘
385,10:17:07,6.82,0.0,4,2728,买盘
386,10:17:13,6.82,0.0,4,2728,买盘
387,10:17:55,6.83,0.01,1,683,买盘
388,10:18:07,6.83,0.0,3,2049,买盘
389,10:18:43,6.82,-0.01,3,2046,买盘
390,10:18:52,6.82,0.0,7,4774,买盘
391,10:18:55,6.82,0.0,5,3410,卖盘
392,10:18:58,6.82,0.0,3,2046,卖盘
393,10:19:01,6.82,0.0,28,19101,卖盘
394,10:19:04,6.83,0.01,25,17066,买盘
395,10:19:09,6.83,0.0,3,2049,买盘
396,10:19:22,6.83,0.0,30,20490,买盘
397,10:19:34,6.83,0.0,24,16392,买盘
398,10:19:40,6.82,-0.01,5,3410,卖盘
399,10:19:43,6.82,0.0,4,2728,卖盘
400,10:20:07,6.82,0.0,7,4774,买盘
401,10:20:22,6.82,0.0,29,19778,买盘
402,10:20:28,6.81,-0.01,54,36774,卖盘
403,10:20:34,6.81,0.0,44,29964,买盘
404,10:20:43,6.82,0.01,40,27258,买盘
405,10:21:07,6.82,0.0,4,2728,买盘
406,10:21:13,6.83,0.01,150,102342,买盘
407,10:22:07,6.83,0.0,4,2732,买盘
408,10:22:36,6.82,-0.01,7,4774,卖盘
409,10:23:06,6.82,0.0,3,2046,买盘
410,10:23:16,6.81,-0.01,136,92616,卖盘
411,10:23:34,6.81,0.0,5,3405,买盘
412,10:23:37,6.81,0.0,9,6129,买盘
413,10:24:34,6.82,0.01,30,20460,买盘
414,10:24:37,6.81,-0.01,20,13620,卖盘
415,10:24:40,6.81,0.0,3,2043,买盘
416,10:24:42,6.82,0.01,17,11594,买盘
417,10:25:04,6.81,-0.01,10,6803,卖盘
418,10:25:06,6.82,0.01,3,2046,卖盘
419,10:25:34,6.82,0.0,29,19778,买盘
420,10:26:07,6.82,0.0,4,2728,买盘
421,10:26:19,6.82,0.0,60,40920,买盘
422,10:26:25,6.82,0.0,113,77061,买盘
423,10:26:28,6.82,0.0,1,682,买盘
424,10:26:51,6.83,0.01,15,10245,买盘
425,10:27:01,6.83,0.0,18,12294,买盘
426,10:27:06,6.83,0.0,3,2049,买盘
427,10:27:25,6.83,0.0,6,4098,买盘
428,10:27:31,6.83,0.0,11,7513,买盘
429,10:27:43,6.82,-0.01,15,10230,卖盘
430,10:27:52,6.83,0.01,15,10245,买盘
431,10:28:00,6.83,0.0,16,10928,买盘
432,10:28:16,6.83,0.0,5,3415,买盘
433,10:28:19,6.83,0.0,6,4098,买盘
434,10:28:25,6.83,0.0,6,4098,买盘
435,10:28:27,6.82,-0.01,6,4092,卖盘
436,10:28:31,6.83,0.01,11,7513,买盘
437,10:28:34,6.82,-0.01,22,14997,卖盘
438,10:28:40,6.82,0.0,36,24552,买盘
439,10:29:01,6.82,0.0,9,6138,买盘
440,10:29:07,6.82,0.0,4,2728,买盘
441,10:29:10,6.82,0.0,4,2728,买盘
442,10:29:22,6.81,-0.01,2,1362,卖盘
443,10:29:34,6.82,0.01,3,2046,买盘
444,10:29:37,6.82,0.0,11,7502,买盘
445,10:29:40,6.82,0.0,29,19778,买盘
446,10:30:07,6.82,0.0,6,4089,买盘
447,10:30:31,6.82,0.0,2,1364,买盘
448,10:30:46,6.82,0.0,11,7502,买盘
449,10:31:07,6.82,0.0,4,2728,买盘
450,10:31:34,6.81,-0.01,50,34050,卖盘
451,10:31:37,6.82,0.01,4,2728,买盘
452,10:31:46,6.82,0.0,11,7502,买盘
453,10:31:54,6.82,0.0,5,3410,买盘
454,10:32:07,6.82,0.0,7,4774,买盘
455,10:32:10,6.82,0.0,109,74345,买盘
456,10:32:28,6.83,0.01,150,102450,买盘
457,10:32:31,6.83,0.0,20,13660,买盘
458,10:32:46,6.84,0.01,11,7524,买盘
459,10:32:52,6.84,0.0,7,4788,买盘
460,10:33:13,6.84,0.0,1,684,买盘
461,10:33:19,6.84,0.0,2,1368,买盘
462,10:33:34,6.84,0.0,4,2736,买盘
463,10:33:46,6.84,0.0,2,1368,买盘
464,10:33:49,6.83,-0.01,100,68300,卖盘
465,10:33:52,6.83,0.0,8,5464,卖盘
466,10:34:13,6.83,0.0,3,2049,卖盘
467,10:34:22,6.83,0.0,1,683,卖盘
468,10:34:25,6.83,0.0,1,683,买盘
469,10:34:31,6.83,0.0,8,5464,卖盘
470,10:34:37,6.84,0.01,11,7524,买盘
471,10:34:52,6.83,-0.01,6,4098,卖盘
472,10:35:28,6.83,0.0,7,4781,卖盘
473,10:35:31,6.83,0.0,21,14343,卖盘
474,10:35:34,6.83,0.0,2,1366,买盘
475,10:35:37,6.83,0.0,11,7513,买盘
476,10:36:07,6.83,0.0,3,2049,买盘
477,10:36:25,6.83,0.0,1,683,买盘
478,10:36:34,6.82,-0.01,30,20460,卖盘
479,10:36:37,6.83,0.01,11,7513,买盘
480,10:37:31,6.82,-0.01,47,32054,卖盘
481,10:37:36,6.83,0.01,2,1366,买盘
482,10:37:43,6.83,0.0,2,1366,买盘
483,10:37:54,6.83,0.0,10,6830,买盘
484,10:38:16,6.82,-0.01,20,13640,卖盘
485,10:38:19,6.82,0.0,4,2728,卖盘
486,10:38:22,6.82,0.0,1,675,买盘
487,10:38:27,6.83,0.01,79,53957,买盘
488,10:38:40,6.83,0.0,1,683,买盘
489,10:38:46,6.83,0.0,23,15709,买盘
490,10:38:49,6.82,-0.01,6,4092,卖盘
491,10:38:52,6.82,0.0,55,37510,买盘
492,10:39:07,6.83,0.01,22,15026,买盘
493,10:39:10,6.83,0.0,5,3415,买盘
494,10:39:13,6.83,0.0,12,8196,买盘
495,10:39:22,6.84,0.01,5,3420,买盘
496,10:39:25,6.84,0.0,31,21204,买盘
497,10:39:31,6.84,0.0,1,684,买盘
498,10:39:39,6.84,0.0,5,3420,买盘
499,10:39:43,6.84,0.0,14,9576,买盘
500,10:39:52,6.84,0.0,11,7524,买盘
501,10:40:04,6.84,0.0,3,2052,买盘
502,10:40:10,6.84,0.0,2,1368,买盘
503,10:40:40,6.84,0.0,2,1368,买盘
504,10:40:51,6.84,0.0,18,12312,买盘
505,10:41:04,6.84,0.0,29,19836,买盘
506,10:41:07,6.84,0.0,3,2052,买盘
507,10:41:13,6.84,0.0,4,2736,买盘
508,10:41:16,6.83,-0.01,24,16392,卖盘
509,10:41:21,6.83,0.0,8,5464,买盘
510,10:41:25,6.83,0.0,17,11611,买盘
511,10:41:31,6.83,0.0,1,683,买盘
512,10:41:34,6.84,0.01,1,684,买盘
513,10:41:43,6.83,-0.01,7,4783,卖盘
514,10:41:46,6.83,0.0,11,7513,买盘
515,10:42:13,6.84,0.01,32,21888,买盘
516,10:42:16,6.84,0.0,11,7524,买盘
517,10:42:28,6.84,0.0,6,4104,买盘
518,10:42:42,6.84,0.0,5,3420,买盘
519,10:42:52,6.84,0.0,2,1368,买盘
520,10:43:06,6.84,0.0,3,2052,买盘
521,10:43:13,6.84,0.0,4,2736,买盘
522,10:43:16,6.84,0.0,11,7524,买盘
523,10:43:28,6.84,0.0,28,19152,买盘
524,10:43:43,6.84,0.0,1,684,买盘
525,10:44:07,6.84,0.0,4,2736,买盘
526,10:44:16,6.84,0.0,11,7524,买盘
527,10:44:49,6.84,0.0,2,1368,买盘
528,10:44:55,6.84,0.0,11,7524,买盘
529,10:45:16,6.84,0.0,2,1368,买盘
530,10:45:25,6.84,0.0,20,13680,买盘
531,10:45:58,6.84,0.0,11,7524,买盘
532,10:46:04,6.83,-0.01,13,8880,卖盘
533,10:46:07,6.83,0.0,10,6830,卖盘
534,10:46:19,6.84,0.01,3,2052,买盘
535,10:46:43,6.84,0.0,50,34200,买盘
536,10:46:46,6.84,0.0,4,2736,买盘
537,10:46:52,6.84,0.0,7,4788,买盘
538,10:47:13,6.84,0.0,52,35568,卖盘
539,10:47:16,6.84,0.0,1,684,买盘
540,10:47:58,6.84,0.0,2,1368,买盘
541,10:48:22,6.84,0.0,3,2052,买盘
542,10:48:25,6.83,-0.01,170,116110,卖盘
543,10:48:31,6.83,0.0,5,3415,买盘
544,10:48:40,6.83,0.0,14,9562,买盘
545,10:48:46,6.83,0.0,2,1366,买盘
546,10:48:49,6.83,0.0,11,7513,买盘
547,10:48:55,6.83,0.0,4,2732,买盘
548,10:49:07,6.83,0.0,4,2732,买盘
549,10:49:21,6.83,0.0,16,10928,买盘
550,10:49:28,6.83,0.0,1,683,买盘
551,10:49:49,6.83,0.0,11,7513,买盘
552,10:49:55,6.82,-0.01,20,13640,卖盘
553,10:50:00,6.82,0.0,5,3410,卖盘
554,10:50:07,6.82,0.0,5,3410,卖盘
555,10:50:22,6.83,0.01,14,9562,买盘
556,10:50:28,6.83,0.0,10,6830,买盘
557,10:50:49,6.83,0.0,21,14343,买盘
558,10:51:07,6.83,0.0,4,2732,买盘
559,10:51:22,6.83,0.0,14,9562,买盘
560,10:51:42,6.83,0.0,19,12977,买盘
561,10:51:49,6.83,0.0,2,1366,买盘
562,10:51:55,6.82,-0.01,50,34100,卖盘
563,10:52:09,6.83,0.01,11,7513,买盘
564,10:52:25,6.83,0.0,2,1366,买盘
565,10:53:07,6.83,0.0,3,2049,买盘
566,10:53:10,6.83,0.0,11,7513,买盘
567,10:53:25,6.82,-0.01,1,682,卖盘
568,10:53:46,6.83,0.01,1,683,买盘
569,10:54:07,6.83,0.0,4,2732,买盘
570,10:54:10,6.83,0.0,11,7513,买盘
571,10:54:25,6.83,0.0,39,26637,买盘
572,10:54:37,6.84,0.01,11,7524,买盘
573,10:55:04,6.83,-0.01,10,6830,卖盘
574,10:55:10,6.84,0.01,2,1368,买盘
575,10:55:16,6.84,0.0,2,1368,买盘
576,10:55:22,6.84,0.0,21,14364,买盘
577,10:55:25,6.83,-0.01,1,683,卖盘
578,10:55:31,6.84,0.01,4,2736,买盘
579,10:55:37,6.84,0.0,11,7524,买盘
580,10:55:52,6.83,-0.01,153,104499,卖盘
581,10:56:06,6.83,0.0,198,135234,买盘
582,10:56:21,6.83,0.0,48,32784,买盘
583,10:56:37,6.84,0.01,11,7524,买盘
584,10:56:52,6.84,0.0,2,1368,买盘
585,10:57:25,6.83,-0.01,4,2735,卖盘
586,10:57:33,6.84,0.01,1,684,买盘
587,10:57:37,6.84,0.0,2,1368,买盘
588,10:58:13,6.83,-0.01,50,34150,卖盘
589,10:58:16,6.83,0.0,7,4781,卖盘
590,10:58:28,6.82,-0.01,1,682,卖盘
591,10:58:43,6.83,0.01,13,8879,买盘
592,10:58:49,6.83,0.0,5,3415,卖盘
593,10:58:55,6.83,0.0,5,3415,卖盘
594,10:59:04,6.83,0.0,15,10245,卖盘
595,10:59:07,6.83,0.0,4,2732,买盘
596,10:59:49,6.83,0.0,13,8877,买盘
597,10:59:54,6.82,-0.01,3,2046,卖盘
598,10:59:58,6.82,0.0,2,1364,卖盘
599,11:00:00,6.83,0.01,10,6827,买盘
600,11:00:04,6.82,-0.01,3,2046,卖盘
601,11:00:19,6.82,0.0,120,81840,卖盘
602,11:00:24,6.82,0.0,1,682,卖盘
603,11:00:34,6.82,0.0,97,66154,卖盘
604,11:00:43,6.82,0.0,12,8183,买盘
605,11:01:10,6.82,0.0,10,6820,买盘
606,11:01:18,6.82,0.0,1,682,买盘
607,11:01:22,6.82,0.0,1,682,买盘
608,11:01:28,6.82,0.0,114,77656,买盘
609,11:01:43,6.83,0.01,2,1366,买盘
610,11:02:03,6.82,-0.01,1,682,卖盘
611,11:02:13,6.83,0.01,11,7513,买盘
612,11:02:25,6.82,-0.01,1,682,卖盘
613,11:02:33,6.83,0.01,13,8879,买盘
614,11:02:39,6.83,0.0,5,3415,买盘
615,11:03:04,6.83,0.0,252,172116,买盘
616,11:03:13,6.83,0.0,11,7513,买盘
617,11:03:25,6.82,-0.01,1,682,卖盘
618,11:03:34,6.83,0.01,7,4781,买盘
619,11:03:55,6.82,-0.01,1,682,卖盘
620,11:04:01,6.82,0.0,1,682,卖盘
621,11:04:04,6.82,0.0,1,682,卖盘
622,11:04:06,6.82,0.0,1,682,卖盘
623,11:04:13,6.83,0.01,11,7513,买盘
624,11:04:52,6.82,-0.01,1,682,卖盘
625,11:05:13,6.83,0.01,2,1366,买盘
626,11:05:16,6.83,0.0,4,2732,买盘
627,11:05:24,6.82,-0.01,1,682,卖盘
628,11:05:48,6.82,0.0,100,68200,卖盘
629,11:06:06,6.83,0.01,11,7513,买盘
630,11:06:43,6.82,-0.01,20,13640,卖盘
631,11:06:51,6.82,0.0,1,682,卖盘
632,11:06:55,6.82,0.0,1,682,卖盘
633,11:07:04,6.82,0.0,58,39556,卖盘
634,11:07:07,6.82,0.0,11,7502,买盘
635,11:07:25,6.81,-0.01,1,681,卖盘
636,11:07:43,6.81,0.0,1,681,卖盘
637,11:08:04,6.82,0.01,72,49104,买盘
638,11:08:06,6.82,0.0,1,682,卖盘
639,11:08:16,6.82,0.0,2,1364,卖盘
640,11:08:19,6.82,0.0,2,1364,卖盘
641,11:08:28,6.81,-0.01,180,122211,卖盘
642,11:09:07,6.82,0.01,3,2046,买盘
643,11:09:10,6.81,-0.01,1,681,卖盘
644,11:09:31,6.81,0.0,102,69462,卖盘
645,11:09:37,6.82,0.01,11,7502,买盘
646,11:09:46,6.82,0.01,300,204598,买盘
647,11:09:49,6.8,-0.02,8,5440,卖盘
648,11:09:52,6.8,0.0,28,19050,卖盘
649,11:10:25,6.8,0.0,1,680,卖盘
650,11:10:37,6.82,0.02,11,7502,买盘
651,11:11:01,6.81,-0.01,10,6810,卖盘
652,11:11:07,6.81,0.0,3,2043,买盘
653,11:11:36,6.81,0.0,12,8172,买盘
654,11:11:58,6.8,-0.01,1,680,卖盘
655,11:12:22,6.81,0.01,17,11577,买盘
656,11:12:28,6.81,0.0,1,681,卖盘
657,11:12:36,6.82,0.01,2,1364,买盘
658,11:12:52,6.81,-0.01,16,10896,卖盘
659,11:13:01,6.81,0.0,1,681,买盘
660,11:13:16,6.81,0.0,5,3405,买盘
661,11:13:21,6.82,0.01,11,7502,买盘
662,11:13:25,6.81,-0.01,1,681,卖盘
663,11:13:46,6.82,0.01,5,3410,买盘
664,11:13:49,6.81,-0.01,431,293511,卖盘
665,11:13:55,6.8,-0.01,1,680,卖盘
666,11:13:58,6.8,0.0,1,680,卖盘
667,11:14:22,6.81,0.01,11,7491,买盘
668,11:14:25,6.8,-0.01,2,1360,卖盘
669,11:14:52,6.8,0.0,1,680,卖盘
670,11:15:24,6.8,0.0,12,8171,卖盘
671,11:15:45,6.8,0.0,10,6800,卖盘
672,11:16:13,6.8,0.0,1,680,卖盘
673,11:16:25,6.81,0.01,2,1362,买盘
674,11:16:31,6.8,-0.01,20,13600,卖盘
675,11:17:04,6.8,0.0,99,67320,卖盘
676,11:17:12,6.81,0.01,10,6810,买盘
677,11:17:25,6.8,-0.01,1,680,卖盘
678,11:18:04,6.81,0.01,109,74228,买盘
679,11:18:06,6.81,0.0,1,681,买盘
680,11:18:09,6.8,-0.01,100,68000,卖盘
681,11:18:16,6.81,0.01,10,6810,买盘
682,11:18:24,6.8,-0.01,1,680,卖盘
683,11:18:31,6.81,0.01,2,1362,买盘
684,11:19:04,6.8,-0.01,1,680,卖盘
685,11:19:13,6.8,0.0,10,6800,卖盘
686,11:19:16,6.81,0.01,39,26559,买盘
687,11:19:19,6.81,0.0,136,92616,买盘
688,11:19:40,6.82,0.01,32,21824,买盘
689,11:19:45,6.82,0.0,1,682,买盘
690,11:19:52,6.81,-0.01,209,142329,卖盘
691,11:20:12,6.82,0.01,19,12958,买盘
692,11:20:16,6.82,0.0,4,2728,买盘
693,11:20:25,6.81,-0.01,1,681,卖盘
694,11:20:31,6.82,0.01,11,7502,买盘
695,11:21:22,6.82,0.0,1,682,买盘
696,11:21:52,6.81,-0.01,1,681,卖盘
697,11:22:01,6.81,0.0,10,6810,卖盘
698,11:22:19,6.81,0.0,1,681,卖盘
699,11:22:27,6.81,0.0,1,681,卖盘
700,11:22:48,6.82,0.01,1,682,买盘
701,11:23:19,6.81,-0.01,8,5455,卖盘
702,11:23:24,6.81,0.0,1,681,卖盘
703,11:23:28,6.81,0.0,5,3405,卖盘
704,11:23:42,6.82,0.01,217,147994,买盘
705,11:24:28,6.82,0.0,1,682,买盘
706,11:24:52,6.82,0.0,944,643808,买盘
707,11:24:58,6.83,0.01,29,19807,买盘
708,11:25:04,6.83,0.0,1,683,买盘
709,11:25:12,6.83,0.0,1,683,买盘
710,11:25:16,6.83,0.0,7,4781,买盘
711,11:25:28,6.82,-0.01,1,682,卖盘
712,11:25:37,6.83,0.01,118,80594,买盘
713,11:25:40,6.83,0.0,1,683,买盘
714,11:25:49,6.83,0.0,179,122257,买盘
715,11:25:55,6.83,0.0,28,19124,买盘
716,11:26:04,6.83,0.0,9,6147,买盘
717,11:26:06,6.83,0.0,1,683,买盘
718,11:26:10,6.83,0.0,9,6146,买盘
719,11:26:13,6.82,-0.01,15,10230,卖盘
720,11:26:25,6.82,0.0,1,682,卖盘
721,11:26:34,6.82,0.0,1,682,卖盘
722,11:26:37,6.82,0.0,5,3410,卖盘
723,11:26:55,6.82,0.0,10,6820,卖盘
724,11:27:13,6.83,0.01,1,683,买盘
725,11:27:22,6.83,0.0,3,2049,买盘
726,11:27:25,6.82,-0.01,10,6820,卖盘
727,11:28:10,6.83,0.01,1,683,买盘
728,11:28:24,6.82,-0.01,1,682,卖盘
729,11:29:18,6.83,0.01,1,683,买盘
730,11:29:21,6.82,-0.01,1,682,卖盘
731,11:29:43,6.83,0.01,1,683,买盘
732,11:29:49,6.83,0.0,24,16392,买盘
733,11:29:57,6.83,0.0,30,20490,买盘
734,13:00:07,6.83,0.0,45,30730,买盘
735,13:00:10,6.82,-0.01,9,6138,卖盘
736,13:00:13,6.83,0.01,45,30735,买盘
737,13:01:10,6.82,-0.01,1,682,卖盘
738,13:01:30,6.82,0.0,77,52589,卖盘
739,13:01:54,6.82,0.0,10,6820,卖盘
740,13:02:10,6.82,0.0,1,682,卖盘
741,13:04:12,6.82,0.0,1,682,卖盘
742,13:04:33,6.82,0.0,200,136400,卖盘
743,13:05:07,6.82,0.0,1,682,卖盘
744,13:05:34,6.83,0.01,5,3415,买盘
745,13:05:52,6.83,0.0,13,8879,买盘
746,13:06:01,6.83,0.0,7,4781,买盘
747,13:06:04,6.83,0.0,5,3415,买盘
748,13:06:10,6.82,-0.01,1,682,卖盘
749,13:07:04,6.82,0.0,59,40238,卖盘
750,13:07:06,6.83,0.01,8,5464,买盘
751,13:07:12,6.82,-0.01,31,21162,卖盘
752,13:07:31,6.83,0.01,2,1366,买盘
753,13:07:39,6.82,-0.01,20,13640,卖盘
754,13:08:10,6.82,0.0,1,682,卖盘
755,13:08:19,6.82,0.0,1,682,卖盘
756,13:08:58,6.82,0.0,13,8866,买盘
757,13:09:10,6.81,-0.01,1,681,卖盘
758,13:09:27,6.82,0.01,5,3410,买盘
759,13:10:09,6.81,-0.01,1,681,卖盘
760,13:10:13,6.81,0.0,1,681,卖盘
761,13:10:16,6.82,0.01,111,75701,买盘
762,13:10:19,6.82,0.0,6,4092,卖盘
763,13:10:21,6.82,0.0,19,12958,卖盘
764,13:10:24,6.81,-0.01,7,4767,卖盘
765,13:10:28,6.81,0.0,7,4767,卖盘
766,13:10:30,6.81,0.0,7,4767,卖盘
767,13:11:01,6.82,0.01,12,8184,买盘
768,13:11:10,6.81,-0.01,11,7491,卖盘
769,13:11:19,6.82,0.01,50,34100,买盘
770,13:12:13,6.81,-0.01,1,681,卖盘
771,13:13:13,6.81,0.0,1,681,卖盘
772,13:13:16,6.82,0.01,5,3410,买盘
773,13:14:10,6.81,-0.01,1,681,卖盘
774,13:14:48,6.82,0.01,29,19778,买盘
775,13:15:04,6.82,0.0,2,1364,买盘
776,13:15:10,6.82,0.0,5,3410,买盘
777,13:15:13,6.81,-0.01,1,681,卖盘
778,13:15:15,6.82,0.01,4,2728,买盘
779,13:15:18,6.82,0.0,183,124806,买盘
780,13:15:25,6.82,0.0,61,41602,买盘
781,13:15:28,6.83,0.01,4,2732,买盘
782,13:15:34,6.82,-0.01,8,5456,卖盘
783,13:15:36,6.82,0.0,30,20460,卖盘
784,13:15:46,6.82,0.0,28,19096,卖盘
785,13:15:48,6.82,0.0,25,17050,买盘
786,13:15:52,6.83,0.01,149,101767,买盘
787,13:16:00,6.83,0.0,1,683,买盘
788,13:16:10,6.82,-0.01,14,9548,卖盘
789,13:16:27,6.82,0.0,37,25234,买盘
790,13:16:40,6.83,0.01,182,124306,买盘
791,13:16:58,6.82,-0.01,9,6138,卖盘
792,13:17:13,6.82,0.0,1,682,卖盘
793,13:17:25,6.83,0.01,2,1366,买盘
794,13:18:09,6.82,-0.01,1,682,卖盘
795,13:18:36,6.83,0.01,1,683,买盘
796,13:18:54,6.82,-0.01,5,3410,卖盘
797,13:18:57,6.83,0.01,90,61470,买盘
798,13:20:01,6.83,0.0,50,34150,买盘
799,13:20:04,6.82,-0.01,2,1364,卖盘
800,13:20:07,6.82,0.0,5,3410,卖盘
801,13:20:10,6.82,0.0,6,4092,卖盘
802,13:20:33,6.83,0.01,30,20490,买盘
803,13:20:42,6.82,-0.01,10,6820,卖盘
804,13:20:52,6.83,0.01,10,6830,买盘
805,13:20:54,6.83,0.0,1,683,买盘
806,13:21:10,6.82,-0.01,1,682,卖盘
807,13:21:28,6.83,0.01,8,5464,买盘
808,13:21:33,6.82,-0.01,49,33447,卖盘
809,13:22:10,6.82,0.0,5,3410,卖盘
810,13:22:31,6.82,0.0,27,18414,卖盘
811,13:22:46,6.82,0.0,10,6820,买盘
812,13:23:10,6.81,-0.01,94,64107,卖盘
813,13:23:31,6.82,0.01,4,2728,买盘
814,13:24:01,6.82,0.0,33,22506,买盘
815,13:24:13,6.81,-0.01,1,681,卖盘
816,13:24:24,6.83,0.02,119,81277,买盘
817,13:24:34,6.83,0.0,50,34150,买盘
818,13:25:10,6.82,-0.01,1,682,卖盘
819,13:25:15,6.83,0.01,9,6147,买盘
820,13:25:34,6.83,0.0,29,19807,买盘
821,13:25:37,6.83,0.0,65,44395,买盘
822,13:25:43,6.83,0.0,15,10238,买盘
823,13:26:04,6.83,0.0,13,8879,买盘
824,13:26:13,6.82,-0.01,1,682,卖盘
825,13:26:31,6.83,0.01,63,43029,买盘
826,13:27:13,6.83,0.0,11,7513,买盘
827,13:27:22,6.82,-0.01,29,19778,卖盘
828,13:27:28,6.83,0.01,383,261418,买盘
829,13:27:37,6.84,0.01,100,68400,买盘
830,13:27:55,6.84,0.0,30,20520,买盘
831,13:27:58,6.83,-0.01,29,19807,卖盘
832,13:28:06,6.83,0.0,21,14343,买盘
833,13:28:09,6.83,0.0,1,683,卖盘
834,13:28:12,6.84,0.01,17,11628,买盘
835,13:28:37,6.84,0.0,5,3420,买盘
836,13:28:40,6.84,0.0,28,19152,买盘
837,13:28:49,6.83,-0.01,48,32786,卖盘
838,13:28:54,6.83,0.0,4,2732,买盘
839,13:29:10,6.82,-0.01,1,682,卖盘
840,13:29:42,6.83,0.01,1,683,卖盘
841,13:30:10,6.83,0.0,3,2049,卖盘
842,13:30:13,6.83,0.0,2,1366,卖盘
843,13:30:16,6.83,0.0,2,1366,卖盘
844,13:30:19,6.83,0.0,2,1366,卖盘
845,13:30:22,6.83,0.0,14,9562,卖盘
846,13:30:25,6.82,-0.01,5,3410,卖盘
847,13:30:57,6.83,0.01,4,2732,买盘
848,13:31:04,6.83,0.0,1,683,卖盘
849,13:31:10,6.84,0.01,13,8891,买盘
850,13:31:16,6.83,-0.01,2,1366,卖盘
851,13:31:40,6.84,0.01,1,684,买盘
852,13:31:52,6.84,0.0,6,4099,买盘
853,13:31:58,6.84,0.0,25,17100,买盘
854,13:32:04,6.84,0.0,2,1368,买盘
855,13:32:13,6.83,-0.01,1,683,卖盘
856,13:32:31,6.84,0.01,6,4104,买盘
857,13:32:43,6.84,0.0,2,1368,买盘
858,13:32:57,6.84,0.0,9,6156,买盘
859,13:33:04,6.84,0.0,3,2052,买盘
860,13:33:10,6.83,-0.01,1,683,卖盘
861,13:33:16,6.83,0.0,11,7513,卖盘
862,13:33:21,6.82,-0.01,8,5463,卖盘
863,13:33:46,6.82,0.0,12,8184,卖盘
864,13:33:55,6.83,0.01,1,683,买盘
865,13:34:37,6.82,-0.01,62,42284,卖盘
866,13:35:13,6.81,-0.01,1,681,卖盘
867,13:35:51,6.82,0.01,1,682,买盘
868,13:36:12,6.81,-0.01,1,681,卖盘
869,13:36:25,6.82,0.01,1,682,买盘
870,13:36:28,6.81,-0.01,208,141652,卖盘
871,13:36:30,6.81,0.0,6,4086,买盘
872,13:37:04,6.8,-0.01,69,46920,卖盘
873,13:37:13,6.8,0.0,1,680,卖盘
874,13:37:16,6.81,0.01,94,64014,买盘
875,13:37:27,6.81,0.0,20,13620,卖盘
876,13:37:34,6.81,0.0,131,89211,卖盘
877,13:38:10,6.8,-0.01,1,680,卖盘
878,13:38:43,6.81,0.01,15,10215,买盘
879,13:39:09,6.81,0.0,6,4085,买盘
880,13:39:16,6.81,0.0,86,58566,买盘
881,13:39:58,6.8,-0.01,1,680,卖盘
882,13:40:04,6.8,0.0,13,8840,卖盘
883,13:40:10,6.81,0.01,26,17705,买盘
884,13:40:27,6.81,0.0,1,681,买盘
885,13:40:52,6.81,0.0,144,98064,买盘
886,13:40:58,6.81,0.0,7,4767,买盘
887,13:41:00,6.81,0.0,23,15663,买盘
888,13:41:10,6.81,0.0,1,681,卖盘
889,13:41:27,6.82,0.01,10,6820,买盘
890,13:43:10,6.81,-0.01,1,681,卖盘
891,13:43:40,6.82,0.01,1,682,买盘
892,13:44:00,6.82,0.0,29,19778,买盘
893,13:44:10,6.81,-0.01,1,681,卖盘
894,13:44:25,6.82,0.01,2,1363,买盘
895,13:45:04,6.81,-0.01,1,681,卖盘
896,13:45:09,6.81,0.0,1,681,卖盘
897,13:46:10,6.81,0.0,1,681,卖盘
898,13:46:21,6.81,0.0,42,28602,卖盘
899,13:46:31,6.8,-0.01,1,680,卖盘
900,13:46:34,6.81,0.01,18,12258,买盘
901,13:46:37,6.82,0.01,4,2728,买盘
902,13:47:10,6.81,-0.01,1,681,卖盘
903,13:47:57,6.81,0.0,8,5448,卖盘
904,13:48:04,6.81,0.0,57,38817,买盘
905,13:48:13,6.81,0.0,1,681,卖盘
906,13:48:18,6.82,0.01,1,682,买盘
907,13:49:00,6.81,-0.01,2,1362,卖盘
908,13:49:13,6.8,-0.01,1,680,卖盘
909,13:49:49,6.8,0.0,1,680,卖盘
910,13:50:16,6.8,0.0,1,680,卖盘
911,13:50:22,6.8,0.0,1,680,卖盘
912,13:50:28,6.8,0.0,2,1360,卖盘
913,13:51:00,6.8,0.0,310,210800,卖盘
914,13:51:10,6.8,0.0,1,680,卖盘
915,13:51:16,6.8,0.0,208,141440,卖盘
916,13:51:21,6.8,0.0,2,1360,买盘
917,13:51:27,6.81,0.01,6,4086,买盘
918,13:51:43,6.8,-0.01,182,123760,卖盘
919,13:51:54,6.8,0.0,18,12240,买盘
920,13:53:01,6.81,0.01,3,2043,买盘
921,13:53:04,6.8,-0.01,1,680,卖盘
922,13:53:06,6.81,0.01,7,4767,买盘
923,13:54:13,6.81,0.0,1,681,买盘
924,13:56:21,6.81,0.0,1,681,买盘
925,13:56:24,6.8,-0.01,1,680,卖盘
926,13:56:36,6.8,0.0,20,13600,卖盘
927,13:57:48,6.81,0.01,28,19068,买盘
928,13:57:57,6.83,0.02,449,306426,买盘
929,13:58:19,6.82,-0.01,19,12969,卖盘
930,13:59:16,6.82,0.0,12,8184,买盘
931,13:59:31,6.82,0.0,1,682,买盘
932,14:00:31,6.81,-0.01,1,681,卖盘
933,14:00:36,6.81,0.0,41,27921,卖盘
934,14:01:01,6.82,0.01,1,682,买盘
935,14:01:51,6.82,0.0,10,6820,买盘
936,14:04:25,6.82,0.0,3,2046,买盘
937,14:04:30,6.82,0.0,2,1364,买盘
938,14:05:07,6.82,0.0,1,682,买盘
939,14:05:10,6.81,-0.01,161,109641,卖盘
940,14:05:19,6.81,0.0,32,21792,买盘
941,14:05:22,6.81,0.0,7,4767,买盘
942,14:05:31,6.82,0.01,14,9548,买盘
943,14:05:34,6.82,0.0,31,21142,买盘
944,14:05:40,6.82,0.0,20,13640,卖盘
945,14:05:45,6.83,0.01,6,4098,买盘
946,14:07:19,6.82,-0.01,3,2046,买盘
947,14:07:25,6.82,0.0,1,682,买盘
948,14:07:43,6.82,0.0,3,2046,买盘
949,14:08:15,6.82,0.0,2,1364,买盘
950,14:08:28,6.82,0.0,6,4092,买盘
951,14:08:39,6.82,0.0,9,6138,买盘
952,14:08:49,6.82,0.0,24,16368,买盘
953,14:09:01,6.82,0.0,62,42284,买盘
954,14:09:07,6.82,0.0,6,4092,买盘
955,14:09:10,6.82,0.0,5,3410,买盘
956,14:09:13,6.82,0.0,13,8866,买盘
957,14:09:25,6.83,0.01,1,683,买盘
958,14:10:10,6.82,-0.01,2,1364,卖盘
959,14:10:13,6.82,0.0,3,2046,卖盘
960,14:10:16,6.82,0.0,3,2046,卖盘
961,14:10:18,6.82,0.0,3,2046,卖盘
962,14:10:22,6.82,0.0,3,2046,卖盘
963,14:10:25,6.82,0.0,3,2046,卖盘
964,14:10:28,6.82,0.0,3,2046,卖盘
965,14:10:31,6.82,0.0,3,2046,卖盘
966,14:11:18,6.81,-0.01,118,80378,卖盘
967,14:13:10,6.82,0.01,6,4092,卖盘
968,14:13:37,6.82,0.0,2,1364,卖盘
969,14:13:45,6.82,0.0,2,1364,买盘
970,14:13:48,6.82,0.0,1,682,买盘
971,14:13:55,6.82,0.0,3,2046,买盘
972,14:14:01,6.82,0.0,1,682,买盘
973,14:14:31,6.82,0.0,50,34100,买盘
974,14:15:43,6.82,0.0,10,6820,买盘
975,14:16:16,6.82,0.0,31,21142,买盘
976,14:16:40,6.83,0.01,1,683,买盘
977,14:17:16,6.82,-0.01,32,21824,卖盘
978,14:18:16,6.82,0.0,2,1364,买盘
979,14:18:19,6.82,0.0,4,2728,买盘
980,14:18:30,6.82,0.0,20,13640,买盘
981,14:19:01,6.82,0.0,12,8184,买盘
982,14:19:10,6.82,0.0,149,101618,买盘
983,14:19:16,6.83,0.01,12,8196,买盘
984,14:19:25,6.83,0.0,12,8196,买盘
985,14:19:28,6.83,0.0,6,4098,买盘
986,14:19:39,6.83,0.0,12,8196,买盘
987,14:19:51,6.83,0.0,12,8196,买盘
988,14:20:04,6.83,0.0,8,5458,买盘
989,14:20:06,6.83,0.0,12,8196,买盘
990,14:20:10,6.82,-0.01,6,4092,卖盘
991,14:20:13,6.83,0.01,29,19801,买盘
992,14:20:15,6.83,0.0,6,4098,卖盘
993,14:20:40,6.84,0.01,5,3420,买盘
994,14:20:49,6.84,0.0,24,16416,买盘
995,14:20:55,6.83,-0.01,142,96986,卖盘
996,14:21:01,6.83,0.0,1,683,买盘
997,14:21:10,6.83,0.0,1,683,买盘
998,14:21:13,6.83,0.0,64,43712,买盘
999,14:21:16,6.83,0.0,3,2049,买盘
1000,14:21:46,6.83,0.0,10,6830,卖盘
1001,14:22:10,6.84,0.01,12,8208,买盘
1002,14:22:16,6.83,-0.01,23,15709,卖盘
1003,14:22:28,6.83,0.0,86,58738,卖盘
1004,14:22:34,6.83,0.0,1,683,买盘
1005,14:22:58,6.83,0.0,16,10928,买盘
1006,14:23:07,6.83,0.0,34,23222,卖盘
1007,14:23:10,6.83,0.0,5,3415,买盘
1008,14:23:43,6.82,-0.01,30,20460,卖盘
1009,14:23:46,6.82,0.0,50,34100,卖盘
1010,14:23:52,6.83,0.01,1,683,买盘
1011,14:23:58,6.83,0.0,13,8879,买盘
1012,14:24:04,6.83,0.0,2,1366,买盘
1013,14:24:10,6.83,0.0,12,8196,买盘
1014,14:24:19,6.83,0.0,12,8196,买盘
1015,14:24:22,6.83,0.0,21,14343,买盘
1016,14:24:33,6.83,0.0,36,24588,卖盘
1017,14:24:43,6.83,0.0,12,8196,买盘
1018,14:24:49,6.83,0.0,7,4781,买盘
1019,14:25:04,6.83,0.0,40,27320,卖盘
1020,14:25:10,6.83,0.0,3,2049,卖盘
1021,14:25:46,6.82,-0.01,11,7503,卖盘
1022,14:26:07,6.82,0.0,5,3410,卖盘
1023,14:26:16,6.83,0.01,13,8879,买盘
1024,14:26:28,6.83,0.0,2,1366,买盘
1025,14:26:37,6.82,-0.01,300,204600,卖盘
1026,14:26:43,6.82,0.0,5,3410,卖盘
1027,14:27:04,6.83,0.01,13,8879,买盘
1028,14:27:12,6.83,0.0,12,8196,买盘
1029,14:27:22,6.83,0.0,12,8196,买盘
1030,14:27:25,6.83,0.0,1,683,买盘
1031,14:27:31,6.83,0.0,13,8879,买盘
1032,14:27:34,6.83,0.0,6,4098,买盘
1033,14:27:37,6.83,0.0,12,8196,买盘
1034,14:27:40,6.83,0.0,2,1366,买盘
1035,14:27:43,6.83,0.0,1,683,买盘
1036,14:27:49,6.83,0.0,34,23222,买盘
1037,14:28:01,6.82,-0.01,50,34132,卖盘
1038,14:28:04,6.84,0.02,12,8208,买盘
1039,14:28:10,6.84,0.0,10,6840,买盘
1040,14:28:13,6.84,0.0,1,684,买盘
1041,14:28:36,6.83,-0.01,5,3415,卖盘
1042,14:29:07,6.83,0.0,39,26637,卖盘
1043,14:29:16,6.83,0.0,1,683,买盘
1044,14:29:22,6.83,0.0,10,6830,买盘
1045,14:29:40,6.82,-0.01,3,2046,卖盘
1046,14:29:43,6.84,0.02,11,7524,买盘
1047,14:30:01,6.84,0.0,12,8208,买盘
1048,14:30:07,6.84,0.0,12,8208,买盘
1049,14:30:12,6.84,0.0,7,4788,买盘
1050,14:30:37,6.84,0.0,12,8208,买盘
1051,14:30:46,6.84,0.0,24,16416,买盘
1052,14:30:49,6.84,0.0,1,684,买盘
1053,14:30:52,6.84,0.0,13,8892,买盘
1054,14:31:07,6.84,0.0,39,26676,买盘
1055,14:31:10,6.84,0.0,10,6840,买盘
1056,14:32:46,6.84,0.0,23,15732,买盘
1057,14:32:49,6.84,0.0,15,10260,买盘
1058,14:32:52,6.83,-0.01,2,1366,卖盘
1059,14:32:55,6.84,0.01,14,9576,买盘
1060,14:33:10,6.85,0.01,15,10275,买盘
1061,14:33:28,6.85,0.0,1,685,买盘
1062,14:33:33,6.85,0.0,12,8220,买盘
1063,14:33:46,6.85,0.0,1,685,买盘
1064,14:33:55,6.85,0.0,1,685,买盘
1065,14:33:58,6.85,0.0,12,8220,买盘
1066,14:34:16,6.85,0.0,18,12330,买盘
1067,14:34:22,6.85,0.0,2,1370,买盘
1068,14:34:31,6.85,0.0,6,4110,买盘
1069,14:35:01,6.85,0.0,4,2740,买盘
1070,14:35:04,6.84,-0.01,10,6840,卖盘
1071,14:35:10,6.85,0.01,100,68500,买盘
1072,14:35:13,6.85,0.0,1,685,买盘
1073,14:35:21,6.85,0.0,9,6165,买盘
1074,14:35:25,6.85,0.0,3,2055,买盘
1075,14:35:43,6.85,0.0,9,6165,买盘
1076,14:35:49,6.85,0.0,6,4110,买盘
1077,14:35:52,6.85,0.0,57,39045,买盘
1078,14:35:55,6.85,0.0,1,685,买盘
1079,14:35:58,6.85,0.0,10,6850,买盘
1080,14:36:13,6.85,0.0,14,9590,买盘
1081,14:36:33,6.85,0.0,1,685,买盘
1082,14:36:40,6.85,0.0,8,5480,买盘
1083,14:36:42,6.84,-0.01,208,142272,卖盘
1084,14:36:45,6.84,0.0,36,24624,买盘
1085,14:36:48,6.84,0.0,3,2052,买盘
1086,14:37:01,6.84,0.0,20,13680,买盘
1087,14:37:04,6.84,0.0,18,12312,买盘
1088,14:37:10,6.84,0.0,3,2052,买盘
1089,14:37:27,6.85,0.01,9,6165,买盘
1090,14:38:01,6.84,-0.01,4,2736,买盘
1091,14:38:07,6.84,0.0,1,684,卖盘
1092,14:38:13,6.84,0.0,30,20520,卖盘
1093,14:39:01,6.83,-0.01,105,71720,卖盘
1094,14:39:07,6.84,0.01,2,1368,买盘
1095,14:39:10,6.84,0.0,30,20520,买盘
1096,14:39:31,6.83,-0.01,5,3415,卖盘
1097,14:39:34,6.84,0.01,5,3420,买盘
1098,14:40:04,6.83,-0.01,6,4098,卖盘
1099,14:40:06,6.84,0.01,1,684,买盘
1100,14:40:25,6.84,0.0,1,684,买盘
1101,14:40:37,6.84,0.0,1,684,买盘
1102,14:40:43,6.84,0.0,1,684,买盘
1103,14:40:55,6.84,0.0,75,51300,买盘
1104,14:41:07,6.83,-0.01,9,6147,卖盘
1105,14:41:12,6.84,0.01,1,684,买盘
1106,14:41:43,6.84,0.0,1,684,买盘
1107,14:42:01,6.83,-0.01,39,26637,卖盘
1108,14:42:04,6.83,0.0,14,9562,买盘
1109,14:42:13,6.83,0.0,35,23905,买盘
1110,14:42:18,6.84,0.01,2,1368,买盘
1111,14:42:37,6.84,0.0,88,60192,买盘
1112,14:43:01,6.83,-0.01,10,6830,卖盘
1113,14:43:16,6.84,0.01,28,19152,买盘
1114,14:43:19,6.84,0.0,3,2052,买盘
1115,14:43:52,6.84,0.0,2,1368,买盘
1116,14:44:10,6.83,-0.01,105,71720,卖盘
1117,14:44:16,6.84,0.01,2,1368,买盘
1118,14:44:31,6.84,0.0,88,60192,买盘
1119,14:44:58,6.84,0.0,3,2052,买盘
1120,14:45:01,6.84,0.0,88,60192,买盘
1121,14:45:34,6.84,0.0,100,68400,买盘
1122,14:45:40,6.84,0.0,3,2052,买盘
1123,14:45:58,6.84,0.0,88,60192,买盘
1124,14:46:21,6.84,0.0,88,60192,买盘
1125,14:46:24,6.83,-0.01,9,6147,卖盘
1126,14:46:34,6.84,0.01,52,35568,买盘
1127,14:46:43,6.84,0.0,161,110124,买盘
1128,14:46:49,6.84,0.0,4,2736,买盘
1129,14:46:52,6.84,0.0,17,11628,买盘
1130,14:47:01,6.84,0.0,27,18468,买盘
1131,14:47:25,6.84,0.0,69,46922,买盘
1132,14:47:49,6.84,0.0,169,115870,卖盘
1133,14:48:04,6.84,0.0,12,8208,买盘
1134,14:48:10,6.84,0.0,3,2052,买盘
1135,14:48:12,6.83,-0.01,10,6830,卖盘
1136,14:48:25,6.84,0.01,58,39672,买盘
1137,14:48:43,6.84,0.0,3,2052,买盘
1138,14:49:06,6.83,-0.01,1,683,卖盘
1139,14:49:13,6.84,0.01,116,79344,买盘
1140,14:49:19,6.84,0.0,20,13680,买盘
1141,14:49:28,6.84,0.0,1,684,买盘
1142,14:49:31,6.84,0.0,14,9576,买盘
1143,14:49:37,6.85,0.01,88,60253,买盘
1144,14:49:45,6.84,-0.01,5,3420,买盘
1145,14:50:04,6.83,-0.01,11,7513,卖盘
1146,14:50:07,6.84,0.01,10,6840,买盘
1147,14:50:10,6.84,0.0,8,5472,买盘
1148,14:50:13,6.85,0.01,18,12325,买盘
1149,14:50:55,6.85,0.0,50,34250,买盘
1150,14:51:13,6.85,0.0,22,15070,买盘
1151,14:51:36,6.85,0.0,5,3425,买盘
1152,14:51:40,6.85,0.0,30,20550,买盘
1153,14:52:04,6.85,0.0,88,60280,买盘
1154,14:52:07,6.85,0.0,14,9590,买盘
1155,14:52:16,6.85,0.0,1,685,买盘
1156,14:52:19,6.85,0.0,18,12330,买盘
1157,14:52:37,6.85,0.0,65,44525,买盘
1158,14:52:46,6.85,0.0,38,26024,买盘
1159,14:52:49,6.85,0.0,50,34250,买盘
1160,14:52:58,6.85,0.0,111,76035,买盘
1161,14:53:06,6.84,-0.01,130,89020,卖盘
1162,14:53:10,6.85,0.01,46,31510,买盘
1163,14:53:16,6.85,0.0,80,54800,买盘
1164,14:53:22,6.84,-0.01,65,44461,卖盘
1165,14:53:31,6.85,0.01,50,34250,买盘
1166,14:53:40,6.84,-0.01,100,68400,卖盘
1167,14:53:46,6.85,0.01,5,3425,买盘
1168,14:53:48,6.85,0.0,4,2740,买盘
1169,14:53:52,6.84,-0.01,52,35568,卖盘
1170,14:53:54,6.85,0.01,21,14385,买盘
1171,14:53:58,6.85,0.0,49,33565,买盘
1172,14:54:07,6.85,0.0,1,685,买盘
1173,14:54:10,6.85,0.0,101,69185,买盘
1174,14:54:16,6.85,0.0,3,2055,买盘
1175,14:54:19,6.85,0.0,2,1370,买盘
1176,14:54:37,6.85,0.0,24,16166,买盘
1177,14:54:43,6.85,0.0,15,10549,卖盘
1178,14:54:46,6.85,0.0,195,133301,买盘
1179,14:55:01,6.86,0.01,100,68600,买盘
1180,14:55:04,6.86,0.0,73,50078,买盘
1181,14:55:10,6.85,-0.01,9,6439,卖盘
1182,14:55:28,6.85,0.0,41,27811,买盘
1183,14:55:34,6.85,0.0,6,4110,卖盘
1184,14:56:10,6.86,0.01,12,8232,买盘
1185,14:56:31,6.86,0.0,194,133084,买盘
1186,14:56:40,6.85,-0.01,100,68500,卖盘
1187,14:56:43,6.86,0.01,10,6860,买盘
1188,14:56:49,6.86,0.0,116,79576,买盘
1189,14:56:57,6.86,0.0,10,6860,买盘
1190,15:00:05,6.86,0.0,1002,687372,卖盘
