,time,price,change,volume,amount,type
0,09:25:04,26.69,0.54,347,926143,买盘
1,09:30:04,26.69,0.0,35,93439,买盘
2,09:30:07,26.72,0.03,437,1167998,买盘
3,09:30:10,26.7,-0.02,99,264524,卖盘
4,09:30:13,26.78,0.08,112,299170,买盘
5,09:30:16,26.76,-0.02,45,120174,中性盘
6,09:30:19,26.7,-0.06,114,304530,卖盘
7,09:30:22,26.78,0.08,68,182059,买盘
8,09:30:25,26.78,0.0,7,18750,卖盘
9,09:30:28,26.73,-0.05,43,115088,卖盘
10,09:30:31,26.76,0.03,227,606786,买盘
11,09:30:34,26.87,0.11,33,88476,买盘
12,09:30:37,26.89,0.02,38,102171,买盘
13,09:30:40,26.86,-0.03,85,228601,卖盘
14,09:30:43,26.76,-0.1,20,53534,卖盘
15,09:30:46,26.87,0.11,6,16122,中性盘
16,09:30:52,26.88,0.01,51,136647,买盘
17,09:30:55,26.89,0.01,5,13443,买盘
18,09:31:01,26.8,-0.09,32,85663,买盘
19,09:31:04,26.8,0.0,46,123134,买盘
20,09:31:07,26.8,0.0,1,2680,买盘
21,09:31:10,26.7,-0.1,128,342154,卖盘
22,09:31:13,26.77,0.07,33,88426,中性盘
23,09:31:16,26.76,-0.01,13,34785,卖盘
24,09:31:19,26.8,0.04,48,128525,买盘
25,09:31:22,26.77,-0.03,29,77562,买盘
26,09:31:25,26.75,-0.02,2,5350,中性盘
27,09:31:28,26.73,-0.02,25,66760,买盘
28,09:31:31,26.7,-0.03,17,45390,卖盘
29,09:31:34,26.7,0.0,27,72132,卖盘
30,09:31:37,26.7,0.0,22,58740,卖盘
31,09:31:40,26.7,0.0,33,88105,买盘
32,09:31:43,26.7,0.0,5,13350,买盘
33,09:31:46,26.69,-0.01,133,355073,卖盘
34,09:31:49,26.69,0.0,48,128158,卖盘
35,09:31:52,26.68,-0.01,232,619106,卖盘
36,09:31:55,26.68,0.0,33,88044,买盘
37,09:31:58,26.68,0.0,10,26680,买盘
38,09:32:01,26.68,0.0,37,98716,买盘
39,09:32:04,26.65,-0.03,24,63966,卖盘
40,09:32:07,26.6,-0.05,34,90466,卖盘
41,09:32:10,26.6,0.0,15,39900,卖盘
42,09:32:16,26.58,-0.02,1,2658,卖盘
43,09:32:19,26.58,0.0,11,29258,卖盘
44,09:32:22,26.55,-0.03,35,92967,卖盘
45,09:32:25,26.58,0.03,5,13290,买盘
46,09:32:28,26.58,0.0,20,53160,买盘
47,09:32:31,26.55,-0.03,10,26550,卖盘
48,09:32:34,26.55,0.0,50,132750,买盘
49,09:32:37,26.55,0.0,1,2655,买盘
50,09:32:40,26.53,-0.02,4,10606,买盘
51,09:32:43,26.55,0.02,3,7965,买盘
52,09:32:46,26.48,-0.07,15,39745,卖盘
53,09:32:52,26.48,0.0,16,42368,买盘
54,09:32:55,26.51,0.03,11,29152,买盘
55,09:33:01,26.5,-0.01,14,37100,卖盘
56,09:33:04,26.54,0.04,32,84829,买盘
57,09:33:07,26.48,-0.06,4,10596,卖盘
58,09:33:10,26.51,0.03,124,328720,买盘
59,09:33:13,26.47,-0.04,224,594198,卖盘
60,09:33:16,26.45,-0.02,2,5290,卖盘
61,09:33:19,26.47,0.02,15,39691,买盘
62,09:33:22,26.47,0.0,4,10588,买盘
63,09:33:25,26.47,0.0,15,39705,买盘
64,09:33:28,26.48,0.01,34,90000,买盘
65,09:33:31,26.47,-0.01,9,23831,卖盘
66,09:33:34,26.48,0.01,5,13240,买盘
67,09:33:37,26.48,0.0,10,26480,卖盘
68,09:33:40,26.48,0.0,49,129770,卖盘
69,09:33:43,26.48,0.0,56,148270,卖盘
70,09:33:46,26.48,0.0,13,34424,买盘
71,09:33:49,26.47,-0.01,10,26471,卖盘
72,09:33:52,26.47,0.0,10,26471,卖盘
73,09:33:55,26.48,0.01,1,2648,卖盘
74,09:33:58,26.55,0.07,106,281156,买盘
75,09:34:01,26.48,-0.07,2,5297,卖盘
76,09:34:04,26.48,0.0,15,39720,买盘
77,09:34:07,26.47,-0.01,2,5294,卖盘
78,09:34:10,26.48,0.01,10,26480,买盘
79,09:34:13,26.5,0.02,45,119178,买盘
80,09:34:19,26.5,0.0,46,121900,卖盘
81,09:34:22,26.5,0.0,27,71550,卖盘
82,09:34:28,26.5,0.0,29,76850,卖盘
83,09:34:34,26.5,0.0,35,92750,卖盘
84,09:34:37,26.46,-0.04,55,145612,卖盘
85,09:34:43,26.5,0.04,100,264814,买盘
86,09:34:46,26.45,-0.05,20,52900,卖盘
87,09:34:49,26.45,0.0,13,34385,卖盘
88,09:34:55,26.45,0.0,12,31740,买盘
89,09:34:58,26.41,-0.04,123,325291,卖盘
90,09:35:01,26.45,0.04,2,5290,买盘
91,09:35:04,26.45,0.0,10,26450,买盘
92,09:35:07,26.45,0.0,64,170145,买盘
93,09:35:10,26.41,-0.04,136,359509,卖盘
94,09:35:13,26.45,0.04,70,185156,买盘
95,09:35:16,26.45,0.0,1,2645,卖盘
96,09:35:19,26.41,-0.04,25,66150,卖盘
97,09:35:22,26.5,0.09,99,262342,买盘
98,09:35:25,26.5,0.0,2,5300,卖盘
99,09:35:28,26.49,-0.01,24,63579,卖盘
100,09:35:31,26.54,0.05,2,5308,买盘
101,09:35:37,26.5,-0.04,3,7950,买盘
102,09:35:40,26.5,0.0,11,29150,买盘
103,09:35:43,26.5,0.0,12,31800,买盘
104,09:35:52,26.5,0.0,53,140450,买盘
105,09:35:55,26.5,0.0,1,2650,买盘
106,09:35:58,26.51,0.01,2,5302,中性盘
107,09:36:05,26.5,-0.01,20,53009,卖盘
108,09:36:07,26.54,0.04,3,7962,买盘
109,09:36:13,26.55,0.01,28,74319,买盘
110,09:36:16,26.54,-0.01,16,42478,中性盘
111,09:36:19,26.54,0.0,1,2654,买盘
112,09:36:25,26.55,0.01,7,18585,买盘
113,09:36:28,26.55,0.0,61,161950,买盘
114,09:36:31,26.55,0.0,11,29205,买盘
115,09:36:34,26.54,-0.01,91,241523,卖盘
116,09:36:37,26.54,0.0,9,23886,买盘
117,09:36:43,26.55,0.01,4,10620,卖盘
118,09:36:49,26.56,0.01,10,26555,买盘
119,09:36:55,26.58,0.02,18,47840,买盘
120,09:36:58,26.55,-0.03,2,5310,卖盘
121,09:37:01,26.56,0.01,20,53156,中性盘
122,09:37:04,26.58,0.02,2,5314,买盘
123,09:37:07,26.58,0.0,9,23922,买盘
124,09:37:13,26.59,0.01,1,2659,卖盘
125,09:37:19,26.6,0.01,61,162260,买盘
126,09:37:28,26.63,0.03,1,2663,买盘
127,09:37:31,26.63,0.0,15,39944,买盘
128,09:37:34,26.66,0.03,1,2666,中性盘
129,09:37:37,26.62,-0.04,10,26625,卖盘
130,09:37:49,26.63,0.01,1,2663,卖盘
131,09:37:52,26.69,0.06,2,5338,买盘
132,09:37:55,26.7,0.01,15,40050,买盘
133,09:37:58,26.63,-0.07,33,87923,卖盘
134,09:38:07,26.73,0.1,36,96201,买盘
135,09:38:10,26.7,-0.03,2,5340,中性盘
136,09:38:13,26.67,-0.03,18,47943,买盘
137,09:38:16,26.71,0.04,2,5342,买盘
138,09:38:19,26.71,0.0,1,2671,买盘
139,09:38:22,26.71,0.0,3,8013,买盘
140,09:38:25,26.69,-0.02,3,8007,卖盘
141,09:38:28,26.7,0.01,11,29369,买盘
142,09:38:31,26.7,0.0,7,18690,买盘
143,09:38:34,26.69,-0.01,1,2669,卖盘
144,09:38:37,26.7,0.01,8,21357,买盘
145,09:38:40,26.7,0.0,80,213521,买盘
146,09:38:43,26.7,0.0,11,29370,买盘
147,09:38:46,26.7,0.0,101,269647,买盘
148,09:38:49,26.7,0.0,20,53400,买盘
149,09:38:58,26.7,0.0,8,21360,买盘
150,09:39:01,26.7,0.0,29,77420,买盘
151,09:39:04,26.7,0.0,8,21360,买盘
152,09:39:07,26.69,-0.01,126,336421,卖盘
153,09:39:10,26.68,-0.01,7,18676,买盘
154,09:39:13,26.69,0.01,24,64036,买盘
155,09:39:16,26.69,0.0,105,280151,买盘
156,09:39:19,26.69,0.0,20,53380,买盘
157,09:39:22,26.69,0.0,2,5338,买盘
158,09:39:25,26.69,0.0,15,40030,买盘
159,09:39:28,26.68,-0.01,7,18676,中性盘
160,09:39:31,26.7,0.02,11,29362,买盘
161,09:39:34,26.7,0.0,5,13350,买盘
162,09:39:37,26.68,-0.02,15,40036,卖盘
163,09:39:40,26.68,0.0,4,10673,卖盘
164,09:39:43,26.7,0.02,1,2670,卖盘
165,09:39:46,26.75,0.05,44,117681,买盘
166,09:39:49,26.75,0.0,13,34775,卖盘
167,09:39:52,26.75,0.0,8,21400,卖盘
168,09:40:01,26.85,0.1,24,64364,买盘
169,09:40:04,26.8,-0.05,1,2680,卖盘
170,09:40:07,26.8,0.0,12,32160,卖盘
171,09:40:10,26.79,-0.01,76,203611,卖盘
172,09:40:13,26.79,0.0,10,26790,卖盘
173,09:40:16,26.8,0.01,27,72352,买盘
174,09:40:19,26.79,-0.01,7,18753,卖盘
175,09:40:22,26.79,0.0,19,50912,卖盘
176,09:40:25,26.8,0.01,31,83060,买盘
177,09:40:28,26.75,-0.05,12,32150,卖盘
178,09:40:31,26.79,0.04,8,21432,买盘
179,09:40:40,26.65,-0.14,102,272282,卖盘
180,09:40:46,26.79,0.14,1,2679,买盘
181,09:40:52,26.77,-0.02,6,16062,中性盘
182,09:40:58,26.78,0.01,90,240959,买盘
183,09:41:04,26.66,-0.12,2,5332,卖盘
184,09:41:07,26.75,0.09,10,26750,买盘
185,09:41:10,26.68,-0.07,4,10686,中性盘
186,09:41:13,26.75,0.07,2,5350,买盘
187,09:41:19,26.71,-0.04,3,8013,买盘
188,09:41:28,26.71,0.0,10,26710,买盘
189,09:41:31,26.71,0.0,2,5342,买盘
190,09:41:34,26.69,-0.02,3,8007,卖盘
191,09:41:37,26.69,0.0,7,18687,卖盘
192,09:41:40,26.67,-0.02,78,208181,卖盘
193,09:41:43,26.67,0.0,26,69342,买盘
194,09:41:49,26.66,-0.01,20,53320,卖盘
195,09:41:52,26.66,0.0,4,10664,买盘
196,09:41:55,26.66,0.0,2,5332,买盘
197,09:42:04,26.66,0.0,17,45320,买盘
198,09:42:07,26.66,0.0,6,15996,卖盘
199,09:42:10,26.66,0.0,43,114617,卖盘
200,09:42:16,26.66,0.0,26,69316,卖盘
201,09:42:19,26.66,0.0,10,26660,买盘
202,09:42:22,26.66,0.0,10,26660,买盘
203,09:42:28,26.66,0.0,23,61318,买盘
204,09:42:37,26.6,-0.06,40,106535,卖盘
205,09:42:40,26.6,0.0,12,31920,卖盘
206,09:42:55,26.6,0.0,15,39913,卖盘
207,09:43:01,26.62,0.02,3,7986,卖盘
208,09:43:10,26.61,-0.01,3,7983,买盘
209,09:43:13,26.61,0.0,1,2661,买盘
210,09:43:16,26.61,0.0,5,13305,买盘
211,09:43:22,26.61,0.0,25,66535,卖盘
212,09:43:25,26.61,0.0,4,10644,买盘
213,09:43:31,26.61,0.0,3,7983,买盘
214,09:43:34,26.61,0.0,2,5322,买盘
215,09:43:37,26.65,0.04,2,5330,买盘
216,09:43:40,26.65,0.0,5,13325,卖盘
217,09:43:43,26.65,0.0,4,10660,卖盘
218,09:43:55,26.66,0.01,4,10664,买盘
219,09:44:04,26.65,-0.01,10,26650,卖盘
220,09:44:07,26.65,0.0,35,93295,卖盘
221,09:44:10,26.66,0.01,2,5332,买盘
222,09:44:13,26.66,0.0,9,23994,买盘
223,09:44:31,26.66,0.0,1,2666,买盘
224,09:44:40,26.65,-0.01,4,10660,卖盘
225,09:44:43,26.66,0.01,6,15991,买盘
226,09:44:46,26.65,-0.01,4,10660,买盘
227,09:44:49,26.65,0.0,1,2665,买盘
228,09:44:52,26.62,-0.03,6,15972,卖盘
229,09:44:58,26.62,0.0,2,5324,卖盘
230,09:45:01,26.67,0.05,25,66652,买盘
231,09:45:04,26.62,-0.05,12,31944,卖盘
232,09:45:07,26.62,0.0,1,2662,买盘
233,09:45:22,26.62,0.0,15,39939,卖盘
234,09:45:25,26.67,0.05,10,26665,买盘
235,09:45:34,26.66,-0.01,3,7998,卖盘
236,09:45:37,26.67,0.01,1,2667,买盘
237,09:45:40,26.67,0.0,25,66675,买盘
238,09:45:46,26.67,0.0,5,13335,卖盘
239,09:45:49,26.67,0.0,17,45339,卖盘
240,09:45:55,26.68,0.01,22,58675,买盘
241,09:46:01,26.68,0.0,7,18676,买盘
242,09:46:07,26.7,0.02,2,5340,买盘
243,09:46:10,26.7,0.0,1,2670,卖盘
244,09:46:13,26.73,0.03,10,26730,买盘
245,09:46:25,26.74,0.01,6,16044,买盘
246,09:46:28,26.74,0.0,8,21392,买盘
247,09:46:43,26.77,0.03,2,5354,买盘
248,09:46:46,26.75,-0.02,5,13383,卖盘
249,09:46:49,26.77,0.02,104,278112,买盘
250,09:46:55,26.77,0.0,15,40155,卖盘
251,09:47:01,26.78,0.01,106,283868,买盘
252,09:47:04,26.78,0.0,12,32136,卖盘
253,09:47:07,26.79,0.01,9,24103,买盘
254,09:47:10,26.79,0.0,2,5358,买盘
255,09:47:19,26.79,0.0,10,26790,买盘
256,09:47:22,26.79,0.0,3,8037,买盘
257,09:47:25,26.79,0.0,3,8037,卖盘
258,09:47:31,26.8,0.01,1,2680,买盘
259,09:47:34,26.79,-0.01,10,26790,卖盘
260,09:47:37,26.79,0.0,6,16075,卖盘
261,09:47:40,26.8,0.01,16,42875,买盘
262,09:47:43,26.8,0.0,10,26800,买盘
263,09:47:46,26.8,0.0,68,182504,买盘
264,09:47:49,26.79,-0.01,117,313461,卖盘
265,09:47:52,26.79,0.0,35,93765,买盘
266,09:47:55,26.87,0.08,6,16120,买盘
267,09:48:04,26.87,0.0,9,24175,卖盘
268,09:48:16,26.87,0.0,14,37608,买盘
269,09:48:19,26.88,0.01,118,317030,买盘
270,09:48:28,26.86,-0.02,46,123562,卖盘
271,09:48:31,26.97,0.11,193,520220,买盘
272,09:48:37,26.97,0.0,10,26970,卖盘
273,09:48:40,26.97,0.0,19,51243,卖盘
274,09:48:43,26.97,0.0,61,164289,买盘
275,09:48:46,26.98,0.01,43,116010,买盘
276,09:48:49,26.97,-0.01,6,16182,买盘
277,09:48:52,26.97,0.0,19,51243,买盘
278,09:48:55,26.97,0.0,6,16176,买盘
279,09:48:58,26.97,0.0,126,339822,买盘
280,09:49:01,26.97,0.0,30,80865,买盘
281,09:49:04,26.97,0.0,55,147938,买盘
282,09:49:07,26.95,-0.02,4,10780,买盘
283,09:49:10,26.91,-0.04,45,121095,买盘
284,09:49:13,26.91,0.0,3,8073,买盘
285,09:49:16,26.95,0.04,16,43070,买盘
286,09:49:19,26.95,0.0,55,147963,买盘
287,09:49:22,26.88,-0.07,4,10754,卖盘
288,09:49:28,26.94,0.06,9,24246,买盘
289,09:49:34,26.91,-0.03,57,153596,卖盘
290,09:49:37,26.91,0.0,5,13455,买盘
291,09:49:40,26.89,-0.02,10,26892,卖盘
292,09:49:43,26.91,0.02,25,67235,买盘
293,09:49:52,26.88,-0.03,5,13440,卖盘
294,09:49:55,26.85,-0.03,5,13437,卖盘
295,09:49:58,26.88,0.03,2,5376,买盘
296,09:50:04,26.85,-0.03,1,2685,卖盘
297,09:50:07,26.85,0.0,5,13425,卖盘
298,09:50:13,26.88,0.03,4,10745,买盘
299,09:50:16,26.85,-0.03,7,18810,卖盘
300,09:50:19,26.85,0.0,42,112770,买盘
301,09:50:28,26.81,-0.04,44,117987,卖盘
302,09:50:31,26.85,0.04,11,29531,买盘
303,09:50:37,26.83,-0.02,1,2683,买盘
304,09:50:43,26.83,0.0,2,5367,卖盘
305,09:50:46,26.84,0.01,235,629974,中性盘
306,09:50:49,26.81,-0.03,2,5362,卖盘
307,09:50:52,26.83,0.02,5,13414,买盘
308,09:50:55,26.83,0.0,3,8049,买盘
309,09:50:58,26.83,0.0,2,5366,买盘
310,09:51:01,26.83,0.0,4,10728,买盘
311,09:51:04,26.83,0.0,3,8049,买盘
312,09:51:07,26.8,-0.03,71,190290,卖盘
313,09:51:10,26.8,0.0,2,5360,买盘
314,09:51:16,26.8,0.0,5,13400,买盘
315,09:51:22,26.79,-0.01,4,10718,卖盘
316,09:51:28,26.79,0.0,1,2679,卖盘
317,09:51:31,26.79,0.0,70,187530,卖盘
318,09:51:34,26.8,0.01,38,101840,买盘
319,09:51:37,26.8,0.0,23,61640,买盘
320,09:51:40,26.8,0.0,125,334844,买盘
321,09:51:43,26.8,0.0,71,190336,买盘
322,09:51:49,26.85,0.05,4,10740,买盘
323,09:51:55,26.85,0.0,1,2685,买盘
324,09:51:58,26.79,-0.06,48,128688,卖盘
325,09:52:01,26.81,0.02,11,29467,买盘
326,09:52:04,26.88,0.07,6,16128,买盘
327,09:52:07,26.87,-0.01,2,5374,卖盘
328,09:52:10,26.85,-0.02,3,8055,卖盘
329,09:52:16,26.85,0.0,1,2685,买盘
330,09:52:25,26.85,0.0,10,26850,买盘
331,09:52:31,26.85,0.0,5,13425,卖盘
332,09:52:37,26.85,0.0,28,75188,卖盘
333,09:52:40,26.88,0.03,5,13434,买盘
334,09:52:43,26.85,-0.03,11,29543,卖盘
335,09:52:46,26.85,0.0,10,26850,买盘
336,09:52:52,26.85,0.0,1,2685,买盘
337,09:52:55,26.85,0.0,13,34941,中性盘
338,09:53:01,26.85,0.0,3,8055,买盘
339,09:53:04,26.91,0.06,72,193692,买盘
340,09:53:16,26.93,0.02,35,94280,买盘
341,09:53:25,26.99,0.06,101,272433,买盘
342,09:53:31,27.0,0.01,50,134969,买盘
343,09:53:40,27.0,0.0,27,72900,买盘
344,09:53:43,27.0,0.0,23,62100,买盘
345,09:53:46,27.0,0.0,80,216000,买盘
346,09:53:49,27.0,0.0,33,89100,买盘
347,09:53:52,27.0,0.0,94,253802,卖盘
348,09:53:55,27.0,0.0,30,81000,买盘
349,09:53:58,27.07,0.07,13,35184,买盘
350,09:54:01,27.08,0.01,8,21664,买盘
351,09:54:07,27.01,-0.07,32,86798,卖盘
352,09:54:10,27.05,0.04,6,16230,买盘
353,09:54:13,27.05,0.0,14,37870,买盘
354,09:54:16,27.19,0.14,11,29887,买盘
355,09:54:22,27.12,-0.07,2,5424,买盘
356,09:54:25,27.13,0.01,2,5426,卖盘
357,09:54:28,27.13,0.0,1,2713,卖盘
358,09:54:31,27.15,0.02,25,67876,买盘
359,09:54:34,27.08,-0.07,5,13540,卖盘
360,09:54:37,27.1,0.02,20,54178,中性盘
361,09:54:40,27.1,0.0,13,35214,买盘
362,09:54:43,27.08,-0.02,5,13540,卖盘
363,09:54:46,27.1,0.02,55,148994,买盘
364,09:54:49,27.1,0.0,2,5420,买盘
365,09:54:52,27.01,-0.09,108,292372,卖盘
366,09:54:55,27.01,0.0,6,16206,买盘
367,09:55:04,27.01,0.0,5,13505,买盘
368,09:55:07,27.0,-0.01,56,151201,卖盘
369,09:55:10,27.0,0.0,2,5400,买盘
370,09:55:13,27.0,0.0,15,40500,买盘
371,09:55:19,27.0,0.0,31,83698,买盘
372,09:55:22,26.99,-0.01,9,24291,卖盘
373,09:55:28,26.98,-0.01,12,32376,买盘
374,09:55:31,26.98,0.0,2,5396,买盘
375,09:55:34,26.95,-0.03,5,13479,卖盘
376,09:55:37,26.95,0.0,8,21560,卖盘
377,09:55:40,26.98,0.03,9,24273,买盘
378,09:55:43,26.99,0.01,2,5398,买盘
379,09:55:49,26.98,-0.01,20,53960,卖盘
380,09:55:52,27.0,0.02,30,80982,买盘
381,09:55:55,26.98,-0.02,13,35074,卖盘
382,09:55:58,27.0,0.02,9,24300,买盘
383,09:56:04,26.98,-0.02,106,285988,卖盘
384,09:56:07,26.99,0.01,11,29690,中性盘
385,09:56:10,27.0,0.01,7,18900,买盘
386,09:56:22,27.01,0.01,25,67525,买盘
387,09:56:25,27.01,0.0,10,27010,卖盘
388,09:56:43,27.01,0.0,20,54020,卖盘
389,09:56:49,27.04,0.03,4,10816,买盘
390,09:56:52,27.01,-0.03,4,10804,卖盘
391,09:56:55,27.04,0.03,24,64848,买盘
392,09:56:58,27.04,0.0,7,18928,卖盘
393,09:57:04,27.05,0.01,11,29749,买盘
394,09:57:10,27.05,0.0,22,59455,买盘
395,09:57:13,27.05,0.0,11,29754,买盘
396,09:57:16,27.05,0.0,1,2705,买盘
397,09:57:19,27.05,0.0,33,89245,买盘
398,09:57:25,27.1,0.05,10,27091,买盘
399,09:57:28,27.1,0.0,6,16256,买盘
400,09:57:34,27.12,0.02,10,27108,买盘
401,09:57:43,27.12,0.0,15,40680,买盘
402,09:57:46,27.12,0.0,5,13560,买盘
403,09:57:52,27.14,0.02,27,73226,买盘
404,09:58:01,27.14,0.0,6,16288,卖盘
405,09:58:04,27.14,0.0,13,35284,卖盘
406,09:58:07,27.18,0.04,13,35305,买盘
407,09:58:10,27.14,-0.04,36,97705,卖盘
408,09:58:13,27.1,-0.04,25,67798,卖盘
409,09:58:16,27.14,0.04,1,2714,买盘
410,09:58:19,27.14,0.0,6,16284,买盘
411,09:58:28,27.14,0.0,5,13558,买盘
412,09:58:31,27.1,-0.04,5,13550,卖盘
413,09:58:34,27.1,0.0,69,186990,卖盘
414,09:58:37,27.1,0.0,3,8130,买盘
415,09:58:40,27.1,0.0,5,13550,买盘
416,09:58:46,27.1,0.0,19,51480,买盘
417,09:58:49,27.1,0.0,14,37900,买盘
418,09:58:55,27.04,-0.06,5,13524,卖盘
419,09:58:58,27.06,0.02,1,2706,买盘
420,09:59:04,27.0,-0.06,47,126928,卖盘
421,09:59:07,27.0,0.0,1,2700,买盘
422,09:59:16,27.0,0.0,3,8100,买盘
423,09:59:28,27.0,0.0,14,37800,买盘
424,09:59:34,26.98,-0.02,12,32376,卖盘
425,09:59:37,26.98,0.0,6,16188,买盘
426,09:59:40,26.98,0.0,3,8094,买盘
427,09:59:43,26.97,-0.01,10,26970,卖盘
428,10:00:01,26.96,-0.01,2,5392,中性盘
429,10:00:07,26.96,0.0,1,2696,卖盘
430,10:00:13,26.95,-0.01,20,53912,卖盘
431,10:00:19,26.98,0.03,8,21594,中性盘
432,10:00:25,26.98,0.0,1,2698,卖盘
433,10:00:34,27.0,0.02,29,78244,买盘
434,10:00:37,27.0,0.0,2,5398,买盘
435,10:00:40,27.0,0.0,14,37800,买盘
436,10:00:55,27.08,0.08,5,13540,买盘
437,10:01:04,27.08,0.0,8,21664,买盘
438,10:01:10,27.09,0.01,12,32498,买盘
439,10:01:16,27.04,-0.05,8,21660,卖盘
440,10:01:19,27.04,0.0,2,5408,卖盘
441,10:01:22,27.04,0.0,1,2704,买盘
442,10:01:25,27.08,0.04,1,2708,中性盘
443,10:01:37,27.01,-0.07,12,32448,卖盘
444,10:01:40,27.08,0.07,1,2708,买盘
445,10:01:43,27.06,-0.02,1,2706,卖盘
446,10:01:46,27.06,0.0,1,2706,卖盘
447,10:01:49,27.08,0.02,5,13537,买盘
448,10:02:04,27.02,-0.06,4,10808,卖盘
449,10:02:13,27.03,0.01,2,5406,卖盘
450,10:02:19,27.02,-0.01,18,48637,卖盘
451,10:02:40,27.01,-0.01,18,48618,卖盘
452,10:02:43,27.01,0.0,29,78337,卖盘
453,10:02:55,27.01,0.0,10,27010,卖盘
454,10:02:58,27.01,0.0,35,94535,卖盘
455,10:03:04,27.02,0.01,13,35123,买盘
456,10:03:07,27.0,-0.02,67,180964,卖盘
457,10:03:10,27.01,0.01,2,5402,买盘
458,10:03:13,27.0,-0.01,5,13500,卖盘
459,10:03:22,27.01,0.01,5,13501,买盘
460,10:03:34,27.0,-0.01,1,2700,卖盘
461,10:03:37,27.01,0.01,4,10803,买盘
462,10:03:40,27.0,-0.01,5,13500,卖盘
463,10:03:43,27.0,0.0,5,13500,买盘
464,10:03:46,26.99,-0.01,1,2699,中性盘
465,10:03:55,26.93,-0.06,100,269321,卖盘
466,10:04:01,26.99,0.06,4,10795,买盘
467,10:04:07,26.99,0.0,10,26990,卖盘
468,10:04:10,26.99,0.0,6,16196,卖盘
469,10:04:13,26.92,-0.07,60,161550,卖盘
470,10:04:22,26.98,0.06,5,13490,买盘
471,10:04:46,26.98,0.0,2,5396,卖盘
472,10:04:49,26.98,0.0,2,5396,卖盘
473,10:04:55,26.99,0.01,4,10796,买盘
474,10:04:58,26.98,-0.01,10,26990,卖盘
475,10:05:16,27.0,0.02,18,48600,买盘
476,10:05:28,26.99,-0.01,5,13495,卖盘
477,10:05:31,27.0,0.01,5,13500,买盘
478,10:05:40,27.0,0.0,1,2700,买盘
479,10:05:43,27.02,0.02,14,37798,买盘
480,10:05:46,27.0,-0.02,1,2700,卖盘
481,10:05:55,27.0,0.0,15,40500,卖盘
482,10:06:07,27.01,0.01,20,54030,卖盘
483,10:06:10,27.02,0.01,2,5404,买盘
484,10:06:13,27.0,-0.02,2,5400,卖盘
485,10:06:16,26.98,-0.02,15,40470,卖盘
486,10:06:22,27.0,0.02,5,13500,买盘
487,10:06:31,26.98,-0.02,2,5396,卖盘
488,10:06:37,27.0,0.02,2,5400,买盘
489,10:06:40,27.0,0.0,6,16200,卖盘
490,10:06:49,26.98,-0.02,1,2698,卖盘
491,10:06:58,26.99,0.01,4,10796,卖盘
492,10:07:04,26.99,0.0,4,10796,卖盘
493,10:07:07,26.98,-0.01,3,8094,卖盘
494,10:07:10,26.99,0.01,2,5398,买盘
495,10:07:16,26.99,0.0,10,26990,买盘
496,10:07:19,26.99,0.0,12,32387,买盘
497,10:07:25,26.98,-0.01,11,29678,卖盘
498,10:07:43,26.98,0.0,5,13490,买盘
499,10:07:52,27.0,0.02,28,75582,买盘
500,10:07:55,27.0,0.0,7,18900,卖盘
501,10:07:58,27.0,0.0,9,24300,卖盘
502,10:08:13,27.02,0.02,21,56742,买盘
503,10:08:16,27.02,0.0,1,2702,买盘
504,10:08:22,27.01,-0.01,4,10806,卖盘
505,10:08:34,27.06,0.05,62,167772,买盘
506,10:08:43,27.06,0.0,1,2706,卖盘
507,10:08:46,27.07,0.01,1,2707,买盘
508,10:08:49,27.07,0.0,5,13535,买盘
509,10:08:55,27.06,-0.01,131,354594,卖盘
510,10:08:58,27.06,0.0,10,27060,卖盘
511,10:09:04,27.07,0.01,6,16245,卖盘
512,10:09:10,27.08,0.01,5,13537,买盘
513,10:09:13,27.06,-0.02,9,24354,卖盘
514,10:09:16,27.08,0.02,7,18951,买盘
515,10:09:19,27.07,-0.01,5,13535,卖盘
516,10:09:22,27.07,0.0,2,5414,卖盘
517,10:09:34,27.06,-0.01,12,32478,卖盘
518,10:09:46,27.06,0.0,6,16236,卖盘
519,10:09:49,27.06,0.0,5,13530,买盘
520,10:10:01,27.06,0.0,7,18942,买盘
521,10:10:04,27.02,-0.04,2,5404,卖盘
522,10:10:10,27.02,0.0,2,5404,买盘
523,10:10:13,27.0,-0.02,91,245728,卖盘
524,10:10:19,27.02,0.02,3,8104,买盘
525,10:10:25,27.02,0.0,7,18914,卖盘
526,10:10:31,27.01,-0.01,5,13502,买盘
527,10:10:40,26.99,-0.02,4,10796,卖盘
528,10:10:46,26.99,0.0,20,53980,卖盘
529,10:10:49,27.01,0.02,1,2701,买盘
530,10:10:55,26.93,-0.08,4,10782,卖盘
531,10:10:58,26.99,0.06,8,21592,买盘
532,10:11:07,26.99,0.0,7,18893,卖盘
533,10:11:10,26.99,0.0,3,8099,卖盘
534,10:11:13,26.92,-0.07,3,8077,卖盘
535,10:11:22,26.92,0.0,30,80769,卖盘
536,10:11:31,26.96,0.04,5,13480,买盘
537,10:11:34,26.95,-0.01,3,8085,卖盘
538,10:11:37,26.9,-0.05,5,13457,卖盘
539,10:11:49,26.94,0.04,1,2694,买盘
540,10:11:55,26.95,0.01,5,13472,买盘
541,10:12:04,26.9,-0.05,24,64577,卖盘
542,10:12:19,26.91,0.01,2,5382,卖盘
543,10:12:25,26.91,0.0,9,24219,卖盘
544,10:12:34,26.91,0.0,1,2691,卖盘
545,10:12:52,26.92,0.01,17,45764,买盘
546,10:12:55,26.92,0.0,2,5384,卖盘
547,10:12:58,26.92,0.0,1,2692,卖盘
548,10:13:01,26.95,0.03,1,2695,买盘
549,10:13:04,26.93,-0.02,2,5386,中性盘
550,10:13:10,26.92,-0.01,31,83491,卖盘
551,10:13:13,26.95,0.03,7,18865,买盘
552,10:13:16,26.93,-0.02,2,5386,买盘
553,10:13:19,26.93,0.0,4,10772,买盘
554,10:13:22,26.92,-0.01,6,16157,卖盘
555,10:13:25,26.93,0.01,2,5386,买盘
556,10:13:31,26.93,0.0,10,26930,卖盘
557,10:13:37,26.95,0.02,1,2695,买盘
558,10:13:46,26.96,0.01,11,29650,卖盘
559,10:13:49,26.98,0.02,8,21584,买盘
560,10:14:01,26.99,0.01,20,53980,买盘
561,10:14:10,27.0,0.01,2,5400,买盘
562,10:14:19,27.0,0.0,7,18900,买盘
563,10:14:22,27.0,0.0,2,5400,卖盘
564,10:14:25,27.0,0.0,1,2700,买盘
565,10:14:34,27.0,0.0,8,21600,卖盘
566,10:14:37,27.01,0.01,1,2701,买盘
567,10:14:40,27.01,0.0,1,2701,卖盘
568,10:14:52,27.03,0.02,2,5406,买盘
569,10:14:55,27.01,-0.02,12,32418,卖盘
570,10:14:58,27.05,0.04,27,73015,买盘
571,10:15:01,27.05,0.0,93,251515,买盘
572,10:15:04,27.03,-0.02,5,13515,卖盘
573,10:15:07,27.1,0.07,30,81213,买盘
574,10:15:28,27.1,0.0,2,5420,买盘
575,10:15:31,27.1,0.0,4,10840,买盘
576,10:15:40,27.13,0.03,5,13565,买盘
577,10:15:43,27.1,-0.03,4,10840,卖盘
578,10:15:46,27.14,0.04,12,32549,买盘
579,10:15:58,27.13,-0.01,20,54258,买盘
580,10:16:01,27.15,0.02,45,122140,买盘
581,10:16:07,27.1,-0.05,42,113956,卖盘
582,10:16:10,27.1,0.0,2,5420,买盘
583,10:16:13,27.1,0.0,10,27100,买盘
584,10:16:19,27.1,0.0,58,157180,买盘
585,10:16:31,27.1,0.0,43,116530,买盘
586,10:16:34,27.08,-0.02,13,35204,卖盘
587,10:16:37,27.08,0.0,16,43328,买盘
588,10:16:40,27.07,-0.01,4,10828,卖盘
589,10:16:46,27.07,0.0,3,8121,卖盘
590,10:16:52,27.07,0.0,2,5414,卖盘
591,10:17:28,27.06,-0.01,26,70353,买盘
592,10:17:34,27.06,0.0,1,2706,卖盘
593,10:17:43,27.06,0.0,1,2706,卖盘
594,10:17:49,27.07,0.01,19,51433,买盘
595,10:17:58,27.07,0.0,4,10828,卖盘
596,10:18:01,27.08,0.01,19,51452,买盘
597,10:18:10,27.09,0.01,2,5418,买盘
598,10:18:13,27.09,0.0,20,54180,买盘
599,10:18:31,27.1,0.01,80,216792,买盘
600,10:18:37,27.16,0.06,65,176417,买盘
601,10:18:40,27.16,0.0,50,135800,卖盘
602,10:18:43,27.17,0.01,22,59754,买盘
603,10:18:49,27.16,-0.01,10,27160,卖盘
604,10:18:52,27.18,0.02,23,62504,买盘
605,10:18:55,27.19,0.01,26,70694,买盘
606,10:19:01,27.18,-0.01,3,8154,卖盘
607,10:19:04,27.18,0.0,3,8154,卖盘
608,10:19:07,27.19,0.01,4,10875,买盘
609,10:19:16,27.2,0.01,30,81595,买盘
610,10:19:19,27.2,0.0,8,21760,买盘
611,10:19:22,27.19,-0.01,4,10876,中性盘
612,10:19:25,27.17,-0.02,13,35327,卖盘
613,10:19:28,27.19,0.02,2,5438,买盘
614,10:19:31,27.19,0.0,2,5438,买盘
615,10:19:34,27.18,-0.01,18,48909,中性盘
616,10:19:37,27.17,-0.01,3,8151,卖盘
617,10:19:40,27.19,0.02,45,122246,买盘
618,10:19:43,27.16,-0.03,3,8148,卖盘
619,10:19:46,27.16,0.0,14,38024,卖盘
620,10:19:49,27.16,0.0,25,67900,卖盘
621,10:19:55,27.16,0.0,9,24444,卖盘
622,10:20:01,27.16,0.0,24,65192,卖盘
623,10:20:04,27.16,0.0,3,8148,卖盘
624,10:20:07,27.16,0.0,14,38024,卖盘
625,10:20:10,27.16,0.0,2,5432,买盘
626,10:20:13,27.17,0.01,9,24452,买盘
627,10:20:16,27.16,-0.01,2,5432,中性盘
628,10:20:37,27.15,-0.01,3,8145,买盘
629,10:20:40,27.11,-0.04,28,75924,卖盘
630,10:20:52,27.1,-0.01,2,5420,卖盘
631,10:20:58,27.1,0.0,30,81300,卖盘
632,10:21:05,27.1,0.0,81,219511,卖盘
633,10:21:10,27.06,-0.04,4,10824,卖盘
634,10:21:19,27.07,0.01,1,2707,卖盘
635,10:21:22,27.15,0.08,32,86744,买盘
636,10:21:25,27.15,0.0,3,8145,卖盘
637,10:21:28,27.15,0.0,5,13575,卖盘
638,10:21:34,27.15,0.0,13,35295,卖盘
639,10:21:49,27.15,0.0,10,27150,买盘
640,10:22:01,27.15,0.0,1,2715,买盘
641,10:22:04,27.15,0.0,15,40725,买盘
642,10:22:37,27.12,-0.03,10,27120,卖盘
643,10:22:43,27.12,0.0,2,5424,卖盘
644,10:22:46,27.12,0.0,5,13560,卖盘
645,10:22:49,27.15,0.03,5,13575,买盘
646,10:22:52,27.1,-0.05,4,10844,卖盘
647,10:23:01,27.11,0.01,3,8133,买盘
648,10:23:04,27.1,-0.01,19,51498,卖盘
649,10:23:10,27.1,0.0,1,2710,卖盘
650,10:23:13,27.11,0.01,2,5422,卖盘
651,10:23:19,27.1,-0.01,3,8130,卖盘
652,10:23:22,27.12,0.02,40,108413,买盘
653,10:23:25,27.1,-0.02,10,27106,卖盘
654,10:23:28,27.1,0.0,8,21680,买盘
655,10:23:46,27.09,-0.01,8,21672,卖盘
656,10:23:58,27.08,-0.01,2,5416,卖盘
657,10:24:10,27.08,0.0,3,8126,卖盘
658,10:24:28,27.01,-0.07,4,10804,卖盘
659,10:24:43,27.0,-0.01,50,135057,卖盘
660,10:24:49,27.08,0.08,1,2708,买盘
661,10:25:04,27.03,-0.05,5,13515,中性盘
662,10:25:07,27.03,0.0,1,2703,买盘
663,10:25:10,27.02,-0.01,2,5404,买盘
664,10:25:19,27.02,0.0,1,2702,买盘
665,10:25:25,27.02,0.0,3,8106,卖盘
666,10:25:28,27.02,0.0,2,5404,卖盘
667,10:25:31,27.02,0.0,13,35134,卖盘
668,10:25:34,27.02,0.0,2,5405,卖盘
669,10:25:37,27.03,0.01,18,48654,买盘
670,10:25:46,27.0,-0.03,93,251258,卖盘
671,10:25:49,27.04,0.04,3,8112,卖盘
672,10:26:01,27.0,-0.04,27,72902,卖盘
673,10:26:07,27.03,0.03,4,10812,买盘
674,10:26:22,27.01,-0.02,2,5402,卖盘
675,10:26:34,27.02,0.01,11,29730,卖盘
676,10:26:37,27.02,0.0,13,35126,卖盘
677,10:26:40,27.02,0.0,6,16212,卖盘
678,10:26:43,27.02,0.0,9,24318,买盘
679,10:26:52,27.01,-0.01,18,48629,卖盘
680,10:27:01,27.03,0.02,11,29733,买盘
681,10:27:07,27.04,0.01,1,2704,买盘
682,10:27:10,27.04,0.0,2,5408,买盘
683,10:27:25,27.06,0.02,7,18930,买盘
684,10:27:28,27.04,-0.02,1,2704,卖盘
685,10:27:40,27.09,0.05,15,40608,买盘
686,10:27:43,27.04,-0.05,7,18928,卖盘
687,10:27:55,27.09,0.05,2,5418,买盘
688,10:27:58,27.09,0.0,9,24381,卖盘
689,10:28:13,27.09,0.0,7,18963,买盘
690,10:28:22,27.08,-0.01,14,37919,卖盘
691,10:28:25,27.07,-0.01,7,18949,卖盘
692,10:28:28,27.08,0.01,17,46036,买盘
693,10:28:37,27.09,0.01,3,8127,卖盘
694,10:28:43,27.1,0.01,10,27086,买盘
695,10:28:55,27.1,0.0,7,18952,买盘
696,10:28:58,27.1,0.0,3,8130,卖盘
697,10:29:01,27.1,0.0,2,5420,卖盘
698,10:29:04,27.11,0.01,1,2711,买盘
699,10:29:07,27.1,-0.01,3,8131,卖盘
700,10:29:10,27.12,0.02,4,10846,买盘
701,10:29:13,27.1,-0.02,25,67768,卖盘
702,10:29:28,27.1,0.0,7,18980,卖盘
703,10:29:31,27.1,0.0,2,5420,买盘
704,10:29:52,27.1,0.0,3,8130,买盘
705,10:30:10,27.1,0.0,3,8130,买盘
706,10:30:16,27.1,0.0,15,40650,卖盘
707,10:30:19,27.1,0.0,15,40650,卖盘
708,10:30:34,27.1,0.0,5,13550,卖盘
709,10:30:37,27.1,0.0,5,13550,卖盘
710,10:30:40,27.1,0.0,4,10840,卖盘
711,10:30:55,27.12,0.02,3,8136,卖盘
712,10:31:01,27.13,0.01,2,5426,买盘
713,10:31:10,27.13,0.0,2,5426,买盘
714,10:31:16,27.13,0.0,3,8139,买盘
715,10:31:19,27.13,0.0,1,2713,买盘
716,10:31:22,27.13,0.0,3,8139,卖盘
717,10:31:25,27.13,0.0,1,2713,卖盘
718,10:31:31,27.16,0.03,25,67868,买盘
719,10:31:37,27.16,0.0,3,8148,卖盘
720,10:31:49,27.17,0.01,4,10867,买盘
721,10:31:55,27.17,0.0,2,5434,卖盘
722,10:32:04,27.18,0.01,10,27180,买盘
723,10:32:07,27.18,0.0,20,54360,买盘
724,10:32:10,27.18,0.0,4,10870,买盘
725,10:32:13,27.17,-0.01,7,19019,卖盘
726,10:32:25,27.18,0.01,18,48921,买盘
727,10:32:31,27.17,-0.01,10,27170,卖盘
728,10:32:34,27.18,0.01,6,16308,买盘
729,10:32:37,27.17,-0.01,6,16302,卖盘
730,10:32:52,27.17,0.0,1,2717,卖盘
731,10:33:01,27.17,0.0,1,2717,卖盘
732,10:33:04,27.17,0.0,2,5434,卖盘
733,10:33:07,27.17,0.0,1,2717,卖盘
734,10:33:10,27.18,0.01,2,5436,买盘
735,10:33:13,27.18,0.0,3,8154,买盘
736,10:33:19,27.17,-0.01,3,8151,卖盘
737,10:33:25,27.18,0.01,8,21744,买盘
738,10:33:28,27.17,-0.01,30,81510,买盘
739,10:33:31,27.15,-0.02,4,10860,卖盘
740,10:33:43,27.15,0.0,11,29865,买盘
741,10:34:01,27.14,-0.01,1,2714,卖盘
742,10:34:07,27.13,-0.01,1,2713,卖盘
743,10:34:10,27.14,0.01,2,5428,买盘
744,10:34:13,27.13,-0.01,17,46121,卖盘
745,10:34:25,27.12,-0.01,6,16272,卖盘
746,10:34:34,27.12,0.0,2,5424,卖盘
747,10:34:37,27.12,0.0,2,5424,卖盘
748,10:34:40,27.11,-0.01,4,10844,卖盘
749,10:34:46,27.11,0.0,6,16266,卖盘
750,10:34:55,27.07,-0.04,5,13535,卖盘
751,10:35:13,27.08,0.01,2,5416,卖盘
752,10:35:16,27.07,-0.01,1,2707,卖盘
753,10:36:07,27.09,0.02,1,2709,买盘
754,10:36:10,27.07,-0.02,3,8123,卖盘
755,10:36:40,27.08,0.01,1,2708,卖盘
756,10:36:49,27.09,0.01,2,5418,买盘
757,10:37:01,27.09,0.0,8,21672,买盘
758,10:37:07,27.1,0.01,29,78589,买盘
759,10:37:10,27.1,0.0,2,5420,买盘
760,10:37:16,27.1,0.0,2,5420,买盘
761,10:38:04,27.09,-0.01,12,32508,卖盘
762,10:38:10,27.09,0.0,2,5418,买盘
763,10:38:19,27.08,-0.01,5,13540,卖盘
764,10:38:43,27.07,-0.01,3,8121,卖盘
765,10:38:49,27.07,0.0,5,13535,卖盘
766,10:38:52,27.07,0.0,19,51433,卖盘
767,10:39:04,27.05,-0.02,3,8115,卖盘
768,10:39:13,27.05,0.0,11,29755,买盘
769,10:39:19,27.02,-0.03,3,8108,卖盘
770,10:39:22,27.02,0.0,19,51338,卖盘
771,10:39:28,27.02,0.0,6,16212,卖盘
772,10:39:40,27.02,0.0,11,29722,卖盘
773,10:39:52,27.01,-0.01,11,29711,卖盘
774,10:39:58,27.0,-0.01,171,461816,卖盘
775,10:40:10,27.0,0.0,2,5400,买盘
776,10:40:13,27.0,0.0,10,27000,买盘
777,10:40:16,26.9,-0.1,30,80756,卖盘
778,10:40:19,26.9,0.0,3,8070,卖盘
779,10:40:31,26.95,0.05,33,88935,卖盘
780,10:40:34,26.9,-0.05,54,145465,卖盘
781,10:40:37,26.98,0.08,6,16188,买盘
782,10:40:43,26.98,0.0,2,5396,买盘
783,10:41:10,26.96,-0.02,30,80882,卖盘
784,10:41:13,26.96,0.0,2,5392,卖盘
785,10:41:31,26.9,-0.06,13,34978,卖盘
786,10:41:46,26.96,0.06,18,48528,买盘
787,10:41:52,26.9,-0.06,7,18831,卖盘
788,10:41:55,26.92,0.02,2,5384,买盘
789,10:42:07,26.92,0.0,10,26920,买盘
790,10:42:10,26.92,0.0,2,5384,买盘
791,10:42:16,26.91,-0.01,1,2691,卖盘
792,10:42:19,26.92,0.01,10,26918,买盘
793,10:42:22,26.92,0.0,3,8076,卖盘
794,10:42:28,26.92,0.0,1,2692,卖盘
795,10:42:49,26.95,0.03,9,24255,买盘
796,10:42:58,26.95,0.0,6,16170,卖盘
797,10:43:01,26.95,0.0,2,5390,卖盘
798,10:43:07,26.96,0.01,4,10784,买盘
799,10:43:10,26.96,0.0,4,10782,买盘
800,10:43:16,26.95,-0.01,3,8085,卖盘
801,10:43:22,26.96,0.01,1,2696,买盘
802,10:43:25,26.95,-0.01,2,5390,卖盘
803,10:43:31,26.96,0.01,14,37744,买盘
804,10:43:37,26.96,0.0,12,32352,买盘
805,10:44:04,26.96,0.0,13,35048,卖盘
806,10:44:10,26.97,0.01,2,5394,买盘
807,10:44:13,26.97,0.0,8,21576,买盘
808,10:44:25,26.97,0.0,1,2697,买盘
809,10:44:37,26.98,0.01,1,2698,买盘
810,10:45:01,26.97,-0.01,5,13485,卖盘
811,10:45:10,26.97,0.0,2,5394,买盘
812,10:45:16,26.97,0.0,13,35061,买盘
813,10:45:34,26.97,0.0,7,18879,卖盘
814,10:45:40,26.97,0.0,6,16183,卖盘
815,10:45:46,26.97,0.0,5,13485,卖盘
816,10:46:10,26.98,0.01,5,13487,买盘
817,10:46:21,26.97,-0.01,6,16182,卖盘
818,10:46:24,26.97,0.0,39,105183,卖盘
819,10:46:31,26.97,0.0,2,5394,卖盘
820,10:46:40,26.96,-0.01,4,10784,卖盘
821,10:46:49,26.96,0.0,1,2696,买盘
822,10:46:55,26.9,-0.06,41,110367,卖盘
823,10:47:28,26.91,0.01,4,10764,卖盘
824,10:47:40,26.96,0.05,1,2696,买盘
825,10:47:42,26.91,-0.05,7,18837,卖盘
826,10:47:46,26.91,0.0,5,13455,卖盘
827,10:48:34,26.92,0.01,23,61917,卖盘
828,10:48:37,26.92,0.0,3,8076,买盘
829,10:48:46,26.95,0.03,11,29615,买盘
830,10:48:52,26.95,0.0,6,16170,买盘
831,10:48:55,26.92,-0.03,10,26920,中性盘
832,10:48:58,26.91,-0.01,2,5382,卖盘
833,10:49:28,26.94,0.03,22,59268,买盘
834,10:49:31,26.94,0.0,5,13470,买盘
835,10:49:34,26.94,0.0,10,26940,买盘
836,10:49:37,26.94,0.0,1,2694,买盘
837,10:49:40,26.93,-0.01,1,2693,买盘
838,10:49:46,26.92,-0.01,1,2692,卖盘
839,10:50:01,26.93,0.01,1,2693,买盘
840,10:50:04,26.94,0.01,7,18852,买盘
841,10:50:07,26.92,-0.02,8,21536,卖盘
842,10:50:10,26.92,0.0,20,53840,卖盘
843,10:50:16,26.93,0.01,1,2693,卖盘
844,10:50:22,26.92,-0.01,12,32326,卖盘
845,10:50:37,26.95,0.03,23,61985,买盘
846,10:50:49,26.97,0.02,56,151024,买盘
847,10:50:55,26.97,0.0,8,21576,买盘
848,10:51:01,26.99,0.02,50,134897,买盘
849,10:51:07,27.0,0.01,6,16195,买盘
850,10:51:10,27.0,0.0,2,5400,买盘
851,10:51:13,26.99,-0.01,1,2699,卖盘
852,10:51:18,27.0,0.01,18,48600,买盘
853,10:51:28,27.04,0.04,18,48672,买盘
854,10:51:37,27.05,0.01,22,59510,买盘
855,10:51:40,27.06,0.01,1,2706,买盘
856,10:51:49,27.0,-0.06,10,27003,卖盘
857,10:51:55,27.08,0.08,36,97246,买盘
858,10:52:13,27.01,-0.07,1,2701,卖盘
859,10:52:16,27.05,0.04,12,32460,买盘
860,10:52:21,27.08,0.03,3,8124,买盘
861,10:52:34,27.08,0.0,23,62284,买盘
862,10:52:43,27.1,0.02,15,40644,买盘
863,10:52:52,27.1,0.0,2,5420,买盘
864,10:52:58,27.1,0.0,2,5420,买盘
865,10:53:10,27.11,0.01,3,8133,买盘
866,10:53:16,27.1,-0.01,8,21691,卖盘
867,10:53:22,27.11,0.01,1,2711,买盘
868,10:53:25,27.14,0.03,5,13562,买盘
869,10:53:28,27.12,-0.02,1,2712,卖盘
870,10:53:30,27.12,0.0,1,2712,卖盘
871,10:53:33,27.12,0.0,12,32558,卖盘
872,10:53:37,27.1,-0.02,4,10846,卖盘
873,10:53:40,27.1,0.0,3,8130,卖盘
874,10:53:46,27.1,0.0,1,2710,卖盘
875,10:53:49,27.1,0.0,6,16270,卖盘
876,10:53:52,27.1,0.0,1,2710,卖盘
877,10:53:55,27.06,-0.04,11,29806,卖盘
878,10:54:01,27.1,0.04,5,13550,买盘
879,10:54:04,27.06,-0.04,1,2706,卖盘
880,10:54:13,27.06,0.0,3,8118,买盘
881,10:54:22,27.09,0.03,27,73143,买盘
882,10:54:30,27.01,-0.08,7,18943,卖盘
883,10:54:46,27.01,0.0,3,8103,买盘
884,10:54:51,27.01,0.0,3,8101,买盘
885,10:55:16,27.0,-0.01,2,5401,卖盘
886,10:55:28,27.07,0.07,18,48717,买盘
887,10:55:31,27.01,-0.06,3,8103,卖盘
888,10:55:43,27.01,0.0,5,13505,买盘
889,10:55:46,27.08,0.07,21,56777,买盘
890,10:55:49,27.08,0.0,10,27080,卖盘
891,10:55:52,27.08,0.0,10,27080,卖盘
892,10:55:55,27.08,0.0,20,54160,卖盘
893,10:56:04,27.08,0.0,3,8124,卖盘
894,10:56:18,27.02,-0.06,5,13510,卖盘
895,10:56:34,27.02,0.0,6,16212,卖盘
896,10:56:46,27.02,0.0,1,2702,卖盘
897,10:56:49,27.02,0.0,13,35126,卖盘
898,10:56:55,27.02,0.0,2,5404,买盘
899,10:57:01,27.1,0.08,100,270857,买盘
900,10:57:04,27.01,-0.09,20,54020,卖盘
901,10:57:07,27.01,0.0,10,27010,买盘
902,10:57:10,27.01,0.0,1,2701,买盘
903,10:57:13,27.01,0.0,76,205276,买盘
904,10:57:19,27.02,0.01,5,13510,买盘
905,10:57:37,27.02,0.0,5,13510,卖盘
906,10:57:43,27.02,0.0,6,16212,买盘
907,10:58:01,27.02,0.0,72,194544,买盘
908,10:58:07,27.02,0.0,8,21616,买盘
909,10:58:10,27.02,0.0,1,2702,买盘
910,10:58:58,27.01,-0.01,70,189070,卖盘
911,10:59:04,27.08,0.07,10,27074,买盘
912,11:00:01,27.08,0.0,1,2708,买盘
913,11:00:31,27.07,-0.01,1,2707,买盘
914,11:00:37,27.07,0.0,1,2707,卖盘
915,11:00:46,27.07,0.0,9,24363,卖盘
916,11:01:01,27.07,0.0,1,2707,买盘
917,11:01:27,27.06,-0.01,10,27060,买盘
918,11:01:34,27.03,-0.03,4,10812,卖盘
919,11:01:58,27.03,0.0,7,18921,卖盘
920,11:02:10,27.03,0.0,1,2703,买盘
921,11:02:16,27.07,0.04,38,102842,买盘
922,11:02:31,27.07,0.0,5,13535,卖盘
923,11:03:10,27.08,0.01,1,2708,买盘
924,11:03:22,27.08,0.0,6,16246,买盘
925,11:03:28,27.07,-0.01,5,13535,卖盘
926,11:03:37,27.07,0.0,11,29777,买盘
927,11:03:40,27.06,-0.01,2,5412,卖盘
928,11:03:46,27.06,0.0,1,2706,卖盘
929,11:04:01,27.03,-0.03,20,54060,买盘
930,11:04:10,27.03,0.0,1,2703,买盘
931,11:04:13,27.03,0.0,1,2703,买盘
932,11:04:22,27.03,0.0,20,54060,买盘
933,11:04:28,27.03,0.0,2,5406,买盘
934,11:04:49,27.03,0.0,17,45951,买盘
935,11:04:52,27.07,0.04,5,13535,买盘
936,11:05:28,27.03,-0.04,5,13515,卖盘
937,11:05:46,27.07,0.04,10,27070,卖盘
938,11:06:01,27.08,0.01,11,29788,买盘
939,11:06:10,27.09,0.01,1,2709,买盘
940,11:06:19,27.1,0.01,18,48773,买盘
941,11:06:34,27.1,0.0,47,127370,买盘
942,11:06:40,27.1,0.0,3,8130,买盘
943,11:06:43,27.1,0.0,7,18970,买盘
944,11:06:46,27.1,0.0,18,48780,买盘
945,11:06:49,27.1,0.0,5,13550,买盘
946,11:06:58,27.1,0.0,1,2710,买盘
947,11:07:04,27.1,0.0,18,48780,买盘
948,11:07:07,27.1,0.0,1,2710,买盘
949,11:07:55,27.1,0.0,5,13550,卖盘
950,11:07:58,27.1,0.0,14,37940,卖盘
951,11:08:01,27.1,0.0,1,2710,买盘
952,11:08:07,27.1,0.0,14,37940,买盘
953,11:08:19,27.1,0.0,9,24390,买盘
954,11:08:22,27.09,-0.01,1,2709,卖盘
955,11:08:31,27.05,-0.04,12,32472,卖盘
956,11:08:45,27.05,0.0,2,5410,卖盘
957,11:08:55,27.03,-0.02,25,67580,卖盘
958,11:09:01,27.03,0.0,1,2703,买盘
959,11:09:04,27.04,0.01,5,13516,买盘
960,11:09:10,27.02,-0.02,4,10809,卖盘
961,11:09:34,27.02,0.0,8,21616,卖盘
962,11:09:43,27.02,0.0,7,18914,买盘
963,11:09:58,27.0,-0.02,3,8100,卖盘
964,11:10:07,27.02,0.02,1,2702,买盘
965,11:10:10,27.02,0.0,2,5404,买盘
966,11:10:12,27.0,-0.02,5,13501,卖盘
967,11:10:15,27.0,0.0,42,113400,卖盘
968,11:10:18,27.0,0.0,1,2700,买盘
969,11:10:42,27.02,0.02,9,24304,买盘
970,11:11:28,26.99,-0.03,3,8097,卖盘
971,11:11:43,26.98,-0.01,22,59358,卖盘
972,11:11:52,26.98,0.0,11,29678,卖盘
973,11:12:16,26.98,0.0,25,67455,卖盘
974,11:12:31,26.98,0.0,4,10792,卖盘
975,11:12:43,26.97,-0.01,1,2697,卖盘
976,11:12:49,26.98,0.01,1,2698,买盘
977,11:13:34,26.95,-0.03,11,29659,卖盘
978,11:13:55,26.95,0.0,8,21560,卖盘
979,11:14:01,26.95,0.0,1,2695,卖盘
980,11:14:09,26.95,0.0,25,67376,卖盘
981,11:15:34,26.98,0.03,2,5396,买盘
982,11:15:51,26.99,0.01,4,10796,买盘
983,11:16:01,27.0,0.01,1,2700,买盘
984,11:16:07,27.0,0.0,3,8100,买盘
985,11:16:13,27.0,0.0,4,10800,买盘
986,11:17:01,27.0,0.0,1,2700,买盘
987,11:17:04,26.98,-0.02,2,5396,卖盘
988,11:17:16,26.99,0.01,2,5398,卖盘
989,11:17:19,27.0,0.01,1,2700,买盘
990,11:17:55,27.0,0.0,1,2700,卖盘
991,11:18:13,27.04,0.04,2,5408,买盘
992,11:18:28,27.04,0.0,2,5408,买盘
993,11:18:31,27.01,-0.03,1,2701,卖盘
994,11:18:57,27.0,-0.01,12,32400,卖盘
995,11:19:01,27.01,0.01,5,13505,买盘
996,11:19:22,27.04,0.03,2,5408,买盘
997,11:19:24,27.04,0.0,10,27040,卖盘
998,11:19:42,27.07,0.03,2,5414,买盘
999,11:19:58,27.07,0.0,1,2707,卖盘
1000,11:20:01,27.07,0.0,1,2707,买盘
1001,11:20:04,27.07,0.0,1,2707,买盘
1002,11:20:10,27.08,0.01,23,62282,买盘
1003,11:20:33,27.09,0.01,7,18963,买盘
1004,11:21:01,27.09,0.0,1,2709,买盘
1005,11:21:04,27.09,0.0,3,8127,买盘
1006,11:21:10,27.09,0.0,13,35217,买盘
1007,11:21:34,27.08,-0.01,3,8124,买盘
1008,11:21:46,27.14,0.06,200,542230,买盘
1009,11:22:01,27.08,-0.06,1,2708,买盘
1010,11:22:16,27.15,0.07,200,542784,买盘
1011,11:22:25,27.15,0.0,2,5430,买盘
1012,11:22:28,27.06,-0.09,38,102893,卖盘
1013,11:22:48,27.15,0.09,3,8145,买盘
1014,11:22:54,27.16,0.01,3,8148,买盘
1015,11:23:04,27.15,-0.01,17,46155,买盘
1016,11:23:16,27.11,-0.04,1,2711,卖盘
1017,11:23:22,27.13,0.02,5,13565,买盘
1018,11:23:31,27.14,0.01,6,16284,买盘
1019,11:23:34,27.11,-0.03,5,13555,卖盘
1020,11:23:37,27.11,0.0,2,5422,买盘
1021,11:23:46,27.11,0.0,2,5422,买盘
1022,11:23:51,27.14,0.03,24,65136,买盘
1023,11:24:34,27.13,-0.01,6,16278,买盘
1024,11:24:43,27.13,0.0,3,8139,卖盘
1025,11:24:51,27.13,0.0,2,5426,卖盘
1026,11:25:01,27.13,0.0,10,27131,卖盘
1027,11:25:10,27.13,0.0,10,27136,卖盘
1028,11:25:13,27.14,0.01,6,16284,买盘
1029,11:25:16,27.14,0.0,4,10856,买盘
1030,11:25:19,27.13,-0.01,7,18997,卖盘
1031,11:25:22,27.13,0.0,4,10852,买盘
1032,11:25:58,27.13,0.0,40,108520,买盘
1033,11:26:04,27.13,0.0,11,29843,买盘
1034,11:26:37,27.13,0.0,29,78652,买盘
1035,11:26:58,27.1,-0.03,3,8130,卖盘
1036,11:27:10,27.1,0.0,1,2710,买盘
1037,11:27:19,27.09,-0.01,19,51471,卖盘
1038,11:27:22,27.09,0.0,7,18963,买盘
1039,11:27:28,27.1,0.01,41,111093,买盘
1040,11:27:34,27.1,0.0,1,2710,卖盘
1041,11:27:46,27.12,0.02,5,13560,买盘
1042,11:28:04,27.12,0.0,5,13560,买盘
1043,11:28:13,27.1,-0.02,2,5421,卖盘
1044,11:28:16,27.11,0.01,1,2711,中性盘
1045,11:28:22,27.11,0.0,1,2711,中性盘
1046,11:28:40,27.1,-0.01,10,27100,卖盘
1047,11:28:49,27.1,0.0,1,2710,卖盘
1048,11:29:06,27.12,0.02,19,51524,买盘
1049,11:29:16,27.08,-0.04,20,54171,卖盘
1050,11:29:27,27.1,0.02,1,2710,买盘
1051,11:29:36,27.11,0.01,26,70486,买盘
1052,11:29:46,27.11,0.0,10,27110,买盘
1053,13:00:07,27.12,0.01,93,252069,买盘
1054,13:00:13,27.12,0.0,2,5424,买盘
1055,13:00:16,27.11,-0.01,4,10847,卖盘
1056,13:00:18,27.13,0.02,5,13565,买盘
1057,13:00:24,27.13,0.0,10,27130,买盘
1058,13:00:36,27.13,0.0,5,13565,卖盘
1059,13:01:13,27.13,0.0,3,8139,卖盘
1060,13:01:19,27.13,0.0,2,5426,卖盘
1061,13:01:46,27.11,-0.02,19,51509,卖盘
1062,13:02:04,27.09,-0.02,29,78561,卖盘
1063,13:02:19,27.09,0.0,5,13545,卖盘
1064,13:02:37,27.09,0.0,2,5418,卖盘
1065,13:03:01,27.09,0.0,10,27090,卖盘
1066,13:04:21,27.09,0.0,10,27090,卖盘
1067,13:04:49,27.09,0.0,9,24381,卖盘
1068,13:05:01,27.08,-0.01,12,32496,卖盘
1069,13:05:16,27.07,-0.01,2,5414,卖盘
1070,13:05:31,27.05,-0.02,9,24345,卖盘
1071,13:05:37,27.05,0.0,30,81150,卖盘
1072,13:05:49,27.05,0.0,63,170415,卖盘
1073,13:06:00,27.05,0.0,6,16230,卖盘
1074,13:06:07,27.05,0.0,3,8115,卖盘
1075,13:06:09,27.05,0.0,8,21640,买盘
1076,13:06:18,26.99,-0.06,10,26994,卖盘
1077,13:06:36,27.05,0.06,9,24330,买盘
1078,13:06:39,27.03,-0.02,8,21609,中性盘
1079,13:06:43,27.04,0.01,4,10816,买盘
1080,13:06:46,27.04,0.0,2,5408,买盘
1081,13:06:49,27.04,0.0,8,21632,买盘
1082,13:06:52,27.04,0.0,6,16224,买盘
1083,13:06:55,27.04,0.0,6,16224,买盘
1084,13:06:58,27.04,0.0,7,18928,买盘
1085,13:07:01,27.04,0.0,7,18928,买盘
1086,13:07:04,27.04,0.0,9,24336,买盘
1087,13:07:07,27.04,0.0,9,24336,买盘
1088,13:07:10,27.05,0.01,10,27048,买盘
1089,13:07:13,27.05,0.0,12,32460,买盘
1090,13:07:15,27.05,0.0,12,32460,买盘
1091,13:07:19,27.04,-0.01,13,35161,卖盘
1092,13:07:22,27.08,0.04,9,24040,卖盘
1093,13:07:25,27.08,0.0,6,16248,买盘
1094,13:07:28,27.08,0.0,5,13540,买盘
1095,13:07:31,27.05,-0.03,10,27065,卖盘
1096,13:07:34,27.08,0.03,3,8124,买盘
1097,13:07:37,27.08,0.0,2,5416,买盘
1098,13:07:40,27.08,0.0,3,8124,买盘
1099,13:07:43,27.05,-0.03,13,35183,卖盘
1100,13:07:49,27.07,0.02,1,2707,买盘
1101,13:07:55,27.07,0.0,1,2707,买盘
1102,13:08:01,27.07,0.0,1,2707,买盘
1103,13:08:04,27.07,0.0,1,2707,买盘
1104,13:08:06,27.08,0.01,1,2708,买盘
1105,13:08:10,27.08,0.0,1,2708,买盘
1106,13:08:13,27.08,0.0,1,2708,买盘
1107,13:08:16,27.08,0.0,1,2708,买盘
1108,13:08:19,27.08,0.0,1,2708,买盘
1109,13:08:22,27.08,0.0,1,2708,买盘
1110,13:08:25,27.08,0.0,1,2708,买盘
1111,13:08:28,27.09,0.01,1,2709,买盘
1112,13:08:31,27.09,0.0,1,2709,买盘
1113,13:08:33,27.09,0.0,1,2709,买盘
1114,13:08:36,27.09,0.0,1,2709,买盘
1115,13:08:40,27.09,0.0,1,2709,买盘
1116,13:08:42,27.09,0.0,2,5418,买盘
1117,13:08:46,27.09,0.0,4,10837,卖盘
1118,13:08:49,27.1,0.01,1,2710,中性盘
1119,13:08:52,27.08,-0.02,5,13543,卖盘
1120,13:08:58,27.08,0.0,8,21664,买盘
1121,13:09:04,27.08,0.0,1,2708,买盘
1122,13:09:10,27.08,0.0,1,2708,买盘
1123,13:09:16,27.08,0.0,10,27080,买盘
1124,13:09:21,27.08,0.0,3,8126,卖盘
1125,13:09:25,27.07,-0.01,10,27070,买盘
1126,13:09:31,27.07,0.0,3,8121,买盘
1127,13:10:01,27.07,0.0,4,10828,卖盘
1128,13:10:16,27.07,0.0,20,54140,买盘
1129,13:10:25,27.07,0.0,4,10828,买盘
1130,13:10:28,27.07,0.0,2,5414,买盘
1131,13:10:34,27.03,-0.04,14,37878,卖盘
1132,13:10:40,27.03,0.0,3,8109,买盘
1133,13:10:43,27.03,0.0,4,10812,买盘
1134,13:10:46,27.03,0.0,3,8109,买盘
1135,13:10:49,27.03,0.0,11,29733,买盘
1136,13:10:52,27.03,0.0,7,18921,买盘
1137,13:10:54,27.03,0.0,1,2703,买盘
1138,13:10:57,27.02,-0.01,12,32426,卖盘
1139,13:11:01,27.02,0.0,3,8106,买盘
1140,13:11:04,27.02,0.0,7,18914,买盘
1141,13:11:07,27.01,-0.01,13,35117,卖盘
1142,13:11:25,27.0,-0.01,22,59400,卖盘
1143,13:11:27,27.0,0.0,1,2700,买盘
1144,13:11:30,27.0,0.0,8,21600,买盘
1145,13:11:34,26.99,-0.01,9,24299,卖盘
1146,13:11:37,27.0,0.01,5,13500,买盘
1147,13:11:40,27.0,0.0,9,24300,买盘
1148,13:11:43,27.0,0.0,5,13500,买盘
1149,13:11:46,27.0,0.0,3,8100,买盘
1150,13:11:49,26.99,-0.01,7,18896,卖盘
1151,13:11:52,27.0,0.01,2,5400,买盘
1152,13:11:55,27.02,0.02,7,18902,买盘
1153,13:11:58,27.0,-0.02,10,27006,中性盘
1154,13:12:01,27.0,0.0,8,21600,买盘
1155,13:12:04,27.0,0.0,18,48600,买盘
1156,13:12:07,26.99,-0.01,1,2699,卖盘
1157,13:12:10,27.0,0.01,7,18900,买盘
1158,13:12:13,26.99,-0.01,25,67475,卖盘
1159,13:12:40,26.99,0.0,5,13495,卖盘
1160,13:12:43,27.0,0.01,5,13500,买盘
1161,13:12:58,26.99,-0.01,10,26990,卖盘
1162,13:13:16,26.96,-0.03,35,94390,卖盘
1163,13:13:31,26.96,0.0,10,26960,卖盘
1164,13:13:49,26.96,0.0,2,5392,卖盘
1165,13:13:58,26.96,0.0,22,59322,卖盘
1166,13:14:04,26.97,0.01,2,5394,卖盘
1167,13:14:07,26.97,0.0,21,56637,卖盘
1168,13:14:16,26.98,0.01,8,21584,买盘
1169,13:14:19,26.98,0.0,1,2698,买盘
1170,13:14:37,27.0,0.02,42,113400,买盘
1171,13:14:40,26.98,-0.02,2,5396,卖盘
1172,13:14:46,26.98,0.0,3,8094,买盘
1173,13:14:58,26.98,0.0,3,8094,买盘
1174,13:15:07,26.97,-0.01,24,64728,卖盘
1175,13:15:16,26.97,0.0,25,67425,买盘
1176,13:15:22,26.96,-0.01,16,43136,卖盘
1177,13:15:31,26.96,0.0,2,5392,卖盘
1178,13:15:49,26.96,0.0,5,13480,卖盘
1179,13:15:58,26.96,0.0,2,5392,中性盘
1180,13:16:16,26.96,0.0,1,2696,买盘
1181,13:16:28,26.95,-0.01,2,5390,卖盘
1182,13:16:40,26.96,0.01,8,21568,买盘
1183,13:16:48,26.96,0.0,1,2696,卖盘
1184,13:16:55,26.96,0.0,8,21568,卖盘
1185,13:17:04,26.96,0.0,14,37744,卖盘
1186,13:17:10,26.97,0.01,17,45843,买盘
1187,13:17:13,26.97,0.0,4,10788,卖盘
1188,13:17:16,26.97,0.0,5,13485,卖盘
1189,13:17:31,26.97,0.0,6,16183,卖盘
1190,13:17:49,27.0,0.03,14,37796,买盘
1191,13:17:58,27.0,0.0,18,48600,买盘
1192,13:18:19,26.97,-0.03,2,5394,卖盘
1193,13:18:52,26.98,0.01,3,8094,卖盘
1194,13:19:09,26.97,-0.01,15,40456,卖盘
1195,13:19:52,26.98,0.01,4,10792,买盘
1196,13:20:19,26.97,-0.01,13,35061,卖盘
1197,13:20:43,26.95,-0.02,30,80870,卖盘
1198,13:20:46,26.97,0.02,2,5394,买盘
1199,13:20:55,26.97,0.0,1,2697,买盘
1200,13:21:25,26.98,0.01,5,13490,买盘
1201,13:21:28,26.97,-0.01,10,26978,卖盘
1202,13:21:31,27.0,0.03,37,99872,买盘
1203,13:21:37,26.98,-0.02,1,2698,卖盘
1204,13:21:40,27.0,0.02,83,224094,买盘
1205,13:21:46,27.05,0.05,4,10810,买盘
1206,13:21:58,27.06,0.01,5,13528,买盘
1207,13:22:01,27.0,-0.06,10,27011,卖盘
1208,13:22:10,27.02,0.02,1,2378,卖盘
1209,13:22:16,27.03,0.01,7,18917,买盘
1210,13:22:33,27.06,0.03,2,5411,买盘
1211,13:22:37,27.06,0.0,1,2706,买盘
1212,13:22:46,27.06,0.0,6,16236,买盘
1213,13:22:55,27.07,0.01,12,32484,买盘
1214,13:23:34,27.02,-0.05,2,5728,卖盘
1215,13:24:16,27.0,-0.02,5,13500,卖盘
1216,13:25:13,27.0,0.0,8,21600,卖盘
1217,13:26:01,27.01,0.01,18,48618,卖盘
1218,13:26:25,27.02,0.01,3,8106,买盘
1219,13:26:34,27.01,-0.01,2,5402,卖盘
1220,13:28:01,27.01,0.0,16,42902,卖盘
1221,13:28:10,27.01,0.0,7,18907,卖盘
1222,13:28:13,27.04,0.03,4,10816,买盘
1223,13:28:25,27.1,0.06,134,362809,买盘
1224,13:28:27,27.1,0.0,20,54200,卖盘
1225,13:28:31,27.03,-0.07,44,119180,卖盘
1226,13:28:52,27.11,0.08,7,18937,买盘
1227,13:29:45,27.1,-0.01,1,2710,买盘
1228,13:29:48,27.06,-0.04,11,29774,卖盘
1229,13:30:22,27.07,0.01,5,13535,卖盘
1230,13:30:58,27.08,0.01,3,8124,卖盘
1231,13:31:07,27.1,0.02,17,46070,买盘
1232,13:31:13,27.1,0.0,4,10840,卖盘
1233,13:31:34,27.1,0.0,9,24390,卖盘
1234,13:31:58,27.1,0.0,4,10840,买盘
1235,13:32:01,27.1,0.0,21,56910,买盘
1236,13:32:13,27.11,0.01,9,24395,买盘
1237,13:32:31,27.1,-0.01,2,5420,买盘
1238,13:32:40,27.1,0.0,6,16260,买盘
1239,13:32:49,27.1,0.0,7,18970,卖盘
1240,13:33:01,27.1,0.0,3,8130,买盘
1241,13:33:51,27.08,-0.02,2,5416,卖盘
1242,13:34:19,27.08,0.0,3,8124,买盘
1243,13:34:42,27.08,0.0,7,18956,卖盘
1244,13:34:55,27.08,0.0,1,2708,买盘
1245,13:35:13,27.1,0.02,1,2710,买盘
1246,13:35:52,27.1,0.0,43,116530,买盘
1247,13:36:01,27.1,0.0,10,27095,买盘
1248,13:36:04,27.1,0.0,5,13550,买盘
1249,13:36:07,27.1,0.0,5,13550,买盘
1250,13:36:12,27.1,0.0,17,46070,买盘
1251,13:36:16,27.1,0.0,14,37955,卖盘
1252,13:36:21,27.12,0.02,2,5424,买盘
1253,13:36:25,27.11,-0.01,1,2711,卖盘
1254,13:36:31,27.11,0.0,13,35261,卖盘
1255,13:36:43,27.11,0.0,3,8133,卖盘
1256,13:36:55,27.13,0.02,18,48814,买盘
1257,13:37:13,27.5,0.37,500,1365284,买盘
1258,13:37:22,27.5,0.0,12,33000,买盘
1259,13:37:25,27.5,0.0,3,8250,买盘
1260,13:37:27,27.46,-0.04,4,10984,中性盘
1261,13:37:31,27.5,0.04,8,21984,买盘
1262,13:37:40,27.5,0.0,31,85245,买盘
1263,13:37:43,27.47,-0.03,32,87952,中性盘
1264,13:37:46,27.5,0.03,22,60465,买盘
1265,13:37:49,27.51,0.01,21,57754,买盘
1266,13:37:52,27.5,-0.01,1,2750,卖盘
1267,13:37:55,27.5,0.0,45,123750,卖盘
1268,13:37:58,27.5,0.0,28,77014,买盘
1269,13:38:00,27.51,0.01,24,66012,买盘
1270,13:38:04,27.49,-0.02,45,123735,卖盘
1271,13:38:07,27.49,0.0,55,151193,买盘
1272,13:38:10,27.49,0.0,21,57729,买盘
1273,13:38:13,27.24,-0.25,6,16444,中性盘
1274,13:38:15,27.49,0.25,6,16494,买盘
1275,13:38:18,27.24,-0.25,20,54682,卖盘
1276,13:38:28,27.46,0.22,24,65514,买盘
1277,13:38:34,27.46,0.0,1,2746,买盘
1278,13:38:46,27.31,-0.15,2,5462,卖盘
1279,13:38:58,27.4,0.09,3,8220,买盘
1280,13:39:01,27.32,-0.08,1,2732,卖盘
1281,13:39:04,27.32,0.0,2,5464,卖盘
1282,13:39:06,27.32,0.0,1,2732,卖盘
1283,13:39:10,27.4,0.08,13,35602,买盘
1284,13:39:12,27.32,-0.08,1,2732,卖盘
1285,13:39:16,27.4,0.08,9,24652,买盘
1286,13:39:27,27.33,-0.07,1,2733,卖盘
1287,13:39:31,27.4,0.07,21,57510,买盘
1288,13:39:34,27.34,-0.06,1,2734,卖盘
1289,13:39:37,27.34,0.0,1,2734,卖盘
1290,13:39:40,27.34,0.0,1,2734,中性盘
1291,13:39:46,27.33,-0.01,20,54671,卖盘
1292,13:39:52,27.34,0.01,24,65600,买盘
1293,13:39:55,27.33,-0.01,9,24601,卖盘
1294,13:39:58,27.35,0.02,6,16410,卖盘
1295,13:40:01,27.33,-0.02,17,46467,卖盘
1296,13:40:04,27.33,0.0,5,13665,卖盘
1297,13:40:07,27.33,0.0,6,16398,卖盘
1298,13:40:09,27.35,0.02,22,60154,买盘
1299,13:40:13,27.35,0.0,11,30085,卖盘
1300,13:40:16,27.35,0.0,4,10940,卖盘
1301,13:40:19,27.33,-0.02,4,10932,卖盘
1302,13:40:25,27.38,0.05,5,13690,买盘
1303,13:40:33,27.35,-0.03,3,8205,买盘
1304,13:40:55,27.35,0.0,12,32820,卖盘
1305,13:41:01,27.35,0.0,8,21880,买盘
1306,13:41:04,27.35,0.0,3,8205,买盘
1307,13:41:07,27.34,-0.01,8,21878,卖盘
1308,13:41:16,27.31,-0.03,78,213156,卖盘
1309,13:41:22,27.34,0.03,3,8202,卖盘
1310,13:41:25,27.35,0.01,20,54700,买盘
1311,13:41:28,27.34,-0.01,3,8202,中性盘
1312,13:41:31,27.31,-0.03,82,223869,中性盘
1313,13:41:49,27.3,-0.01,18,49154,卖盘
1314,13:41:52,27.34,0.04,7,19126,买盘
1315,13:41:55,27.3,-0.04,10,27300,卖盘
1316,13:42:43,27.27,-0.03,60,163698,卖盘
1317,13:42:49,27.27,0.0,3,8181,买盘
1318,13:42:55,27.27,0.0,5,13635,买盘
1319,13:43:01,27.27,0.0,1,2727,买盘
1320,13:43:13,27.26,-0.01,3,8178,卖盘
1321,13:43:31,27.25,-0.01,31,84489,卖盘
1322,13:43:34,27.25,0.0,5,13625,买盘
1323,13:43:52,27.24,-0.01,3,8172,买盘
1324,13:43:58,27.24,0.0,19,51756,买盘
1325,13:44:07,27.24,0.0,8,21792,买盘
1326,13:44:10,27.22,-0.02,4,10888,卖盘
1327,13:44:28,27.22,0.0,4,10891,卖盘
1328,13:44:37,27.22,0.0,7,19054,卖盘
1329,13:44:39,27.22,0.0,1,2722,卖盘
1330,13:44:43,27.24,0.02,7,19064,买盘
1331,13:44:46,27.2,-0.04,132,359187,卖盘
1332,13:45:10,27.19,-0.01,1,2719,卖盘
1333,13:45:13,27.19,0.0,5,13595,卖盘
1334,13:45:25,27.19,0.0,1,2719,卖盘
1335,13:45:28,27.2,0.01,8,21760,买盘
1336,13:45:43,27.19,-0.01,8,21752,卖盘
1337,13:45:46,27.19,0.0,1,2719,卖盘
1338,13:45:52,27.19,0.0,49,133233,卖盘
1339,13:46:04,27.19,0.0,26,70694,卖盘
1340,13:46:13,27.2,0.01,20,54400,买盘
1341,13:46:40,27.2,0.0,146,397120,买盘
1342,13:46:46,27.2,0.0,5,13602,卖盘
1343,13:46:49,27.2,0.0,1,2720,卖盘
1344,13:46:52,27.22,0.02,2,5444,买盘
1345,13:46:55,27.22,0.0,15,40830,买盘
1346,13:46:58,27.22,0.0,10,27220,买盘
1347,13:47:01,27.2,-0.02,75,204015,卖盘
1348,13:47:04,27.2,0.0,10,27200,买盘
1349,13:47:07,27.2,0.0,1,2720,买盘
1350,13:47:16,27.2,0.0,20,54400,买盘
1351,13:47:37,27.19,-0.01,1,2719,卖盘
1352,13:47:46,27.2,0.01,20,54400,买盘
1353,13:47:52,27.19,-0.01,8,21752,卖盘
1354,13:47:54,27.19,0.0,21,57099,卖盘
1355,13:48:04,27.19,0.0,6,16314,卖盘
1356,13:48:16,27.19,0.0,8,21752,卖盘
1357,13:48:58,27.19,0.0,2,5438,卖盘
1358,13:49:31,27.2,0.01,1,2720,买盘
1359,13:49:46,27.2,0.0,25,68000,买盘
1360,13:49:49,27.2,0.0,11,29920,买盘
1361,13:49:57,27.19,-0.01,4,10876,卖盘
1362,13:50:04,27.2,0.01,7,19040,买盘
1363,13:50:07,27.19,-0.01,1,2719,卖盘
1364,13:50:19,27.19,0.0,3,8157,卖盘
1365,13:50:22,27.19,0.0,5,13595,卖盘
1366,13:50:31,27.2,0.01,23,62560,买盘
1367,13:50:34,27.18,-0.02,195,530103,卖盘
1368,13:51:01,27.16,-0.02,10,27160,卖盘
1369,13:51:34,27.17,0.01,8,21736,卖盘
1370,13:51:40,27.17,0.0,4,10868,卖盘
1371,13:51:43,27.17,0.0,3,8151,买盘
1372,13:52:00,27.17,0.0,2,5434,买盘
1373,13:52:16,27.16,-0.01,7,19012,卖盘
1374,13:52:22,27.17,0.01,40,108667,买盘
1375,13:53:01,27.17,0.0,42,114114,买盘
1376,13:53:10,27.16,-0.01,3,8148,卖盘
1377,13:53:21,27.15,-0.01,4,10860,卖盘
1378,13:53:27,27.16,0.01,8,21728,买盘
1379,13:53:34,27.15,-0.01,16,43441,卖盘
1380,13:53:36,27.13,-0.02,1,2713,买盘
1381,13:53:39,27.13,0.0,1,2713,买盘
1382,13:53:51,27.13,0.0,20,54260,买盘
1383,13:53:58,27.13,0.0,14,37978,买盘
1384,13:54:04,27.11,-0.02,16,43391,卖盘
1385,13:54:13,27.11,0.0,4,10844,卖盘
1386,13:54:19,27.11,0.0,7,18977,卖盘
1387,13:54:21,27.11,0.0,1,2711,买盘
1388,13:54:31,27.11,0.0,9,24399,买盘
1389,13:54:34,27.09,-0.02,53,143604,卖盘
1390,13:54:43,27.09,0.0,20,54180,卖盘
1391,13:54:55,27.11,0.02,8,21688,卖盘
1392,13:55:07,27.11,0.0,7,18977,买盘
1393,13:55:19,27.11,0.0,3,8133,卖盘
1394,13:55:34,27.11,0.0,2,5422,买盘
1395,13:55:36,27.11,0.0,1,2711,买盘
1396,13:55:52,27.11,0.0,10,27110,卖盘
1397,13:56:22,27.11,0.0,2,5422,卖盘
1398,13:56:28,27.11,0.0,2,5422,买盘
1399,13:57:40,27.11,0.0,5,13556,卖盘
1400,13:57:43,27.14,0.03,1,2714,买盘
1401,13:57:55,27.16,0.02,5,13580,买盘
1402,13:58:07,27.17,0.01,15,40750,买盘
1403,13:58:10,27.14,-0.03,6,16284,卖盘
1404,13:58:13,27.17,0.03,1,2717,买盘
1405,13:58:16,27.15,-0.02,27,73305,卖盘
1406,13:58:21,27.16,0.01,3,8148,买盘
1407,13:58:34,27.16,0.0,36,97776,买盘
1408,13:58:43,27.16,0.0,18,48888,卖盘
1409,13:58:45,27.16,0.0,2,5432,卖盘
1410,13:58:49,27.17,0.01,3,8151,买盘
1411,13:58:52,27.17,0.0,4,10868,卖盘
1412,13:59:01,27.16,-0.01,11,29876,卖盘
1413,13:59:04,27.17,0.01,2,5434,买盘
1414,13:59:10,27.16,-0.01,13,35309,卖盘
1415,13:59:12,27.17,0.01,14,38038,买盘
1416,13:59:28,27.17,0.0,5,13585,买盘
1417,13:59:52,27.16,-0.01,1,2716,卖盘
1418,14:00:07,27.17,0.01,22,59774,买盘
1419,14:00:27,27.17,0.0,8,21736,卖盘
1420,14:02:28,27.17,0.0,1,2717,买盘
1421,14:03:01,27.13,-0.04,1,2713,卖盘
1422,14:03:46,27.14,0.01,20,54280,卖盘
1423,14:03:52,27.17,0.03,2,5434,买盘
1424,14:04:01,27.17,0.0,3,8151,买盘
1425,14:04:07,27.13,-0.04,12,32557,卖盘
1426,14:04:28,27.13,0.0,2,5426,卖盘
1427,14:04:40,27.12,-0.01,14,37971,卖盘
1428,14:05:01,27.12,0.0,4,10848,卖盘
1429,14:05:04,27.12,0.0,6,16272,卖盘
1430,14:05:49,27.12,0.0,7,18984,卖盘
1431,14:06:46,27.12,0.0,5,13560,卖盘
1432,14:06:49,27.12,0.0,1,2712,卖盘
1433,14:07:01,27.12,0.0,2,5424,买盘
1434,14:07:31,27.11,-0.01,1,2711,卖盘
1435,14:07:46,27.11,0.0,1,2711,卖盘
1436,14:07:52,27.11,0.0,2,5422,卖盘
1437,14:07:58,27.11,0.0,2,5422,卖盘
1438,14:08:09,27.11,0.0,1,2711,卖盘
1439,14:08:37,27.11,0.0,10,27110,卖盘
1440,14:08:45,27.11,0.0,6,16266,卖盘
1441,14:08:51,27.11,0.0,10,27110,卖盘
1442,14:08:58,27.12,0.01,1,2712,买盘
1443,14:09:07,27.11,-0.01,2,5422,卖盘
1444,14:09:13,27.12,0.01,14,37968,买盘
1445,14:09:18,27.12,0.0,15,40680,买盘
1446,14:10:04,27.17,0.05,6,16301,买盘
1447,14:10:28,27.17,0.0,1,2717,买盘
1448,14:10:34,27.17,0.0,1,2717,买盘
1449,14:10:40,27.17,0.0,4,10868,买盘
1450,14:10:55,27.18,0.01,17,46206,买盘
1451,14:10:58,27.17,-0.01,17,46189,卖盘
1452,14:11:27,27.19,0.02,4,10876,买盘
1453,14:11:55,27.18,-0.01,1,2718,卖盘
1454,14:12:01,27.19,0.01,3,10550,买盘
1455,14:12:10,27.2,0.01,4,10880,买盘
1456,14:12:16,27.2,0.0,13,35360,买盘
1457,14:12:22,27.2,0.0,12,32640,买盘
1458,14:12:28,27.2,0.0,4,10880,买盘
1459,14:12:34,27.2,0.0,1,2720,买盘
1460,14:12:43,27.21,0.01,1,2721,卖盘
1461,14:13:13,27.21,0.0,10,27210,卖盘
1462,14:13:28,27.21,0.0,5,13606,卖盘
1463,14:14:01,27.21,0.0,1,2721,卖盘
1464,14:14:18,27.24,0.03,18,49032,买盘
1465,14:14:24,27.21,-0.03,2,5442,卖盘
1466,14:14:31,27.24,0.03,1,2724,买盘
1467,14:14:34,27.24,0.0,1,2724,买盘
1468,14:15:04,27.2,-0.04,5,13600,卖盘
1469,14:15:31,27.21,0.01,2,5442,卖盘
1470,14:15:36,27.21,0.0,3,8163,卖盘
1471,14:15:52,27.17,-0.04,91,247311,卖盘
1472,14:16:25,27.17,0.0,4,10868,买盘
1473,14:16:36,27.15,-0.02,1,2715,卖盘
1474,14:16:46,27.17,0.02,8,21736,买盘
1475,14:16:52,27.12,-0.05,5,13568,卖盘
1476,14:17:13,27.2,0.03,1,2720,买盘
1477,14:17:19,27.2,0.0,7,19016,买盘
1478,14:18:13,27.17,-0.03,8,21736,买盘
1479,14:18:28,27.17,0.0,10,27170,买盘
1480,14:18:39,27.16,-0.01,25,67900,卖盘
1481,14:18:43,27.16,0.0,16,43456,卖盘
1482,14:19:04,27.15,-0.01,19,51594,卖盘
1483,14:19:10,27.15,0.0,2,5430,卖盘
1484,14:19:19,27.14,-0.01,16,43424,卖盘
1485,14:19:25,27.14,0.0,1,2687,买盘
1486,14:19:34,27.16,0.02,35,95026,买盘
1487,14:19:55,27.13,-0.03,8,21704,卖盘
1488,14:20:19,27.13,0.0,5,13565,卖盘
1489,14:20:22,27.14,0.01,2,5428,买盘
1490,14:20:31,27.14,0.0,7,18998,卖盘
1491,14:20:52,27.11,-0.03,33,89499,卖盘
1492,14:21:28,27.08,-0.03,166,449697,卖盘
1493,14:21:49,27.06,-0.02,5,13532,卖盘
1494,14:21:52,27.06,0.0,1,2706,买盘
1495,14:22:01,27.05,-0.01,5,13525,卖盘
1496,14:22:10,27.05,0.0,22,59470,买盘
1497,14:22:19,27.05,0.0,1,2705,买盘
1498,14:22:22,27.0,-0.05,30,81011,卖盘
1499,14:22:31,27.02,0.02,4,10808,卖盘
1500,14:22:49,27.02,0.0,2,5404,卖盘
1501,14:22:55,27.05,0.03,2,5410,买盘
1502,14:22:58,27.03,-0.02,10,27030,卖盘
1503,14:23:04,27.03,0.0,8,21634,卖盘
1504,14:23:07,27.02,-0.01,39,105412,卖盘
1505,14:23:10,27.03,0.01,14,37842,卖盘
1506,14:23:22,27.03,0.0,18,48654,卖盘
1507,14:23:31,27.04,0.01,4,10816,中性盘
1508,14:23:34,27.04,0.0,12,32448,买盘
1509,14:23:37,27.04,0.0,4,10816,买盘
1510,14:23:40,27.03,-0.01,18,48654,卖盘
1511,14:23:46,27.03,0.0,1,2703,买盘
1512,14:23:49,27.02,-0.01,5,13511,卖盘
1513,14:23:58,27.02,0.0,5,13510,卖盘
1514,14:24:18,27.02,0.0,12,32424,卖盘
1515,14:24:40,27.03,0.01,26,70215,买盘
1516,14:24:49,27.05,0.02,11,29751,买盘
1517,14:24:55,27.05,0.0,6,16230,买盘
1518,14:25:13,27.04,-0.01,5,13520,卖盘
1519,14:25:16,27.05,0.01,15,40570,买盘
1520,14:25:19,27.05,0.0,5,13525,买盘
1521,14:25:25,27.05,0.0,1,2705,买盘
1522,14:25:37,27.05,0.0,3,8115,买盘
1523,14:25:49,27.05,0.0,5,13525,买盘
1524,14:25:55,27.04,-0.01,2,5408,卖盘
1525,14:26:16,27.03,-0.01,2,5406,卖盘
1526,14:26:18,27.03,0.0,1,2703,卖盘
1527,14:26:28,27.04,0.01,21,56784,卖盘
1528,14:26:31,27.04,0.0,1,2704,卖盘
1529,14:26:49,27.05,0.01,1,2705,买盘
1530,14:26:52,27.04,-0.01,10,27040,卖盘
1531,14:26:55,27.04,0.0,11,29745,卖盘
1532,14:27:07,27.05,0.01,18,48690,买盘
1533,14:27:10,27.04,-0.01,13,35152,卖盘
1534,14:27:25,27.03,-0.01,23,62169,卖盘
1535,14:27:31,27.03,0.0,10,27030,卖盘
1536,14:27:43,27.01,-0.02,10,27010,卖盘
1537,14:27:58,27.03,0.02,10,27030,买盘
1538,14:28:00,27.03,0.0,6,16218,买盘
1539,14:28:04,27.0,-0.03,9,24312,卖盘
1540,14:28:07,27.05,0.05,2,5410,买盘
1541,14:28:25,27.0,-0.05,10,27002,卖盘
1542,14:29:04,27.0,0.0,9,24303,卖盘
1543,14:29:27,27.0,0.0,10,27000,卖盘
1544,14:29:40,27.0,0.0,3,8100,卖盘
1545,14:29:49,27.0,0.0,18,48600,卖盘
1546,14:29:58,26.99,-0.01,58,156542,卖盘
1547,14:30:04,26.99,0.0,5,13495,卖盘
1548,14:30:13,27.0,0.01,1,2700,买盘
1549,14:30:16,26.99,-0.01,10,26990,卖盘
1550,14:30:22,26.99,0.0,1,2699,卖盘
1551,14:30:34,27.0,0.01,31,83700,买盘
1552,14:30:37,26.99,-0.01,30,80989,卖盘
1553,14:30:40,26.99,0.0,21,56687,卖盘
1554,14:31:01,27.0,0.01,3,8100,卖盘
1555,14:31:07,27.0,0.0,3,8100,买盘
1556,14:31:22,26.99,-0.01,9,24299,卖盘
1557,14:31:25,26.99,0.0,5,13495,卖盘
1558,14:31:34,27.0,0.01,10,27000,买盘
1559,14:31:37,27.0,0.0,4,10800,买盘
1560,14:31:52,27.0,0.0,2,5400,买盘
1561,14:31:55,27.0,0.0,19,51290,买盘
1562,14:31:58,27.0,0.0,11,29700,买盘
1563,14:32:07,27.0,0.0,9,24300,买盘
1564,14:32:10,27.0,0.0,47,126900,买盘
1565,14:32:13,27.0,0.0,1,2700,买盘
1566,14:32:15,27.0,0.0,1,2700,买盘
1567,14:32:18,27.0,0.0,11,29700,买盘
1568,14:32:49,27.01,0.01,5,13505,买盘
1569,14:33:25,27.03,0.02,6,16218,买盘
1570,14:33:31,27.04,0.01,5,13520,买盘
1571,14:33:40,27.04,0.0,2,5408,买盘
1572,14:33:46,27.04,0.0,2,5408,买盘
1573,14:34:04,27.04,0.0,1,2704,买盘
1574,14:34:10,27.03,-0.01,2,5406,卖盘
1575,14:34:31,27.02,-0.01,2,5404,卖盘
1576,14:34:40,27.02,0.0,2,5404,卖盘
1577,14:34:49,27.01,-0.01,20,54021,卖盘
1578,14:35:01,27.03,0.02,2,5406,买盘
1579,14:35:13,27.01,-0.02,2,5402,卖盘
1580,14:35:25,27.03,0.02,2,5406,买盘
1581,14:35:31,27.01,-0.02,5,13505,卖盘
1582,14:35:49,27.0,-0.01,4,10800,卖盘
1583,14:36:01,27.01,0.01,10,27010,买盘
1584,14:36:04,27.0,-0.01,5,13500,卖盘
1585,14:36:07,27.0,0.0,20,54000,卖盘
1586,14:36:10,27.0,0.0,2,5400,卖盘
1587,14:36:13,27.0,0.0,22,59400,卖盘
1588,14:36:19,27.0,0.0,5,13500,卖盘
1589,14:36:22,27.01,0.01,4,10804,买盘
1590,14:36:37,27.0,-0.01,47,126900,卖盘
1591,14:36:40,27.0,0.0,5,13500,卖盘
1592,14:36:46,27.0,0.0,2,5400,卖盘
1593,14:36:55,27.0,0.0,18,48600,卖盘
1594,14:37:10,26.99,-0.01,5,13495,卖盘
1595,14:37:19,26.99,0.0,2,5398,卖盘
1596,14:37:28,26.99,0.0,1,2699,卖盘
1597,14:37:37,26.99,0.0,1,2699,卖盘
1598,14:37:43,26.99,0.0,50,134950,卖盘
1599,14:37:49,26.99,0.0,44,118761,卖盘
1600,14:38:04,26.98,-0.01,6,16188,卖盘
1601,14:38:13,26.98,0.0,30,80940,卖盘
1602,14:38:16,26.98,0.0,3,8094,卖盘
1603,14:38:28,26.98,0.0,8,21584,卖盘
1604,14:38:31,26.98,0.0,50,134900,卖盘
1605,14:38:34,26.98,0.0,2,5396,卖盘
1606,14:38:40,26.96,-0.02,17,45838,卖盘
1607,14:38:43,26.98,0.02,5,13490,买盘
1608,14:39:19,26.99,0.01,62,167314,买盘
1609,14:39:22,26.97,-0.02,2,5394,卖盘
1610,14:39:25,26.97,0.0,2,5394,卖盘
1611,14:39:28,27.0,0.03,1,2700,买盘
1612,14:39:40,26.96,-0.04,11,29675,卖盘
1613,14:39:58,26.97,0.01,4,10788,卖盘
1614,14:40:10,27.0,0.03,50,134992,买盘
1615,14:40:34,26.97,-0.03,15,40455,卖盘
1616,14:40:49,26.98,0.01,10,26980,卖盘
1617,14:40:55,26.97,-0.01,13,35072,卖盘
1618,14:41:07,26.98,0.01,1,2698,中性盘
1619,14:41:19,27.0,0.02,10,27000,买盘
1620,14:41:37,27.0,0.0,24,64790,买盘
1621,14:41:43,26.98,-0.02,1,2698,卖盘
1622,14:41:52,26.98,0.0,3,8096,卖盘
1623,14:42:01,27.0,0.02,2,5400,买盘
1624,14:42:07,26.98,-0.02,1,2698,卖盘
1625,14:42:13,26.98,0.0,3,8094,卖盘
1626,14:42:31,26.99,0.01,1,2699,卖盘
1627,14:42:43,26.99,0.0,19,51281,卖盘
1628,14:42:58,26.99,0.0,8,21592,买盘
1629,14:43:04,27.0,0.01,12,32391,买盘
1630,14:43:07,27.0,0.0,10,27000,买盘
1631,14:43:25,26.99,-0.01,4,10796,卖盘
1632,14:43:40,27.0,0.01,3,8100,买盘
1633,14:43:52,27.0,0.0,10,27000,买盘
1634,14:43:58,27.0,0.0,10,27000,买盘
1635,14:44:01,27.0,0.0,5,13500,买盘
1636,14:44:43,27.0,0.0,6,16200,买盘
1637,14:44:46,26.99,-0.01,8,21592,卖盘
1638,14:44:58,26.99,0.0,21,56679,卖盘
1639,14:45:10,26.98,-0.01,9,24282,卖盘
1640,14:45:16,26.98,0.0,13,35074,卖盘
1641,14:45:19,26.99,0.01,42,113338,买盘
1642,14:45:22,26.99,0.0,14,37780,买盘
1643,14:45:28,26.98,-0.01,4,10792,中性盘
1644,14:45:31,26.98,0.0,3,8094,卖盘
1645,14:45:34,26.97,-0.01,7,18880,卖盘
1646,14:45:43,26.97,0.0,2,5394,卖盘
1647,14:45:49,26.97,0.0,33,89001,卖盘
1648,14:45:52,26.97,0.0,2,5394,卖盘
1649,14:46:01,26.97,0.0,30,80910,卖盘
1650,14:46:07,26.96,-0.01,4,10787,卖盘
1651,14:46:13,26.96,0.0,4,10784,卖盘
1652,14:46:19,26.97,0.01,1,2697,买盘
1653,14:46:31,26.96,-0.01,10,26960,卖盘
1654,14:46:37,26.97,0.01,1,2697,买盘
1655,14:46:43,26.96,-0.01,3,8088,卖盘
1656,14:46:49,26.96,0.0,5,13480,卖盘
1657,14:46:52,26.96,0.0,49,132104,卖盘
1658,14:46:55,26.96,0.0,2,5392,卖盘
1659,14:46:58,26.96,0.0,38,102449,卖盘
1660,14:47:01,26.96,0.0,10,26960,卖盘
1661,14:47:04,26.96,0.0,68,183333,卖盘
1662,14:47:07,26.96,0.0,2,5392,卖盘
1663,14:47:10,26.96,0.0,20,53920,卖盘
1664,14:47:13,26.96,0.0,8,21568,卖盘
1665,14:47:16,26.96,0.0,16,43136,卖盘
1666,14:47:22,26.96,0.0,10,26960,买盘
1667,14:47:25,26.95,-0.01,9,24255,卖盘
1668,14:47:28,26.96,0.01,13,35048,买盘
1669,14:47:31,26.95,-0.01,17,45815,卖盘
1670,14:47:40,26.95,0.0,12,32340,卖盘
1671,14:47:52,26.94,-0.01,4,10776,卖盘
1672,14:47:55,26.95,0.01,11,29645,买盘
1673,14:47:58,26.93,-0.02,56,150825,卖盘
1674,14:48:01,26.95,0.02,19,51205,买盘
1675,14:48:04,26.95,0.0,1,2695,卖盘
1676,14:48:10,26.95,0.0,6,16170,卖盘
1677,14:48:16,26.93,-0.02,20,53888,卖盘
1678,14:48:31,26.93,0.0,1,2693,卖盘
1679,14:48:43,26.93,0.0,5,13465,卖盘
1680,14:48:49,26.93,0.0,3,8079,买盘
1681,14:48:52,26.91,-0.02,4,10764,卖盘
1682,14:48:55,26.9,-0.01,29,78037,卖盘
1683,14:49:01,26.91,0.01,27,72632,中性盘
1684,14:49:07,26.9,-0.01,25,67263,卖盘
1685,14:49:13,26.9,0.0,20,53830,卖盘
1686,14:49:22,26.89,-0.01,47,126383,卖盘
1687,14:49:25,26.89,0.0,10,26895,卖盘
1688,14:49:28,26.89,0.0,18,48402,卖盘
1689,14:49:31,26.89,0.0,7,18823,卖盘
1690,14:49:34,26.89,0.0,17,45713,卖盘
1691,14:49:40,26.89,0.0,3,8067,买盘
1692,14:49:43,26.89,0.0,3,8067,买盘
1693,14:49:46,26.88,-0.01,7,18821,卖盘
1694,14:49:52,26.89,0.01,5,13445,买盘
1695,14:49:55,26.89,0.0,2,5378,中性盘
1696,14:49:58,26.89,0.0,10,26890,卖盘
1697,14:50:01,26.89,0.0,7,18821,卖盘
1698,14:50:10,26.89,0.0,5,13445,卖盘
1699,14:50:13,26.89,0.0,2,5378,卖盘
1700,14:50:16,26.89,0.0,4,10756,卖盘
1701,14:50:22,26.9,0.01,74,199036,买盘
1702,14:50:28,26.88,-0.02,5,13440,卖盘
1703,14:50:31,26.9,0.02,23,61870,买盘
1704,14:50:34,26.9,0.0,26,69937,买盘
1705,14:50:46,26.9,0.0,11,29592,卖盘
1706,14:50:49,26.9,0.0,11,29590,买盘
1707,14:50:52,26.9,0.0,1,2690,买盘
1708,14:50:55,26.91,0.01,4,10764,买盘
1709,14:50:58,26.9,-0.01,10,26904,卖盘
1710,14:51:04,26.9,0.0,7,18830,卖盘
1711,14:51:10,26.9,0.0,10,26900,卖盘
1712,14:51:16,26.9,0.0,7,18830,卖盘
1713,14:51:22,26.9,0.0,20,53800,卖盘
1714,14:51:25,26.9,0.0,26,69940,卖盘
1715,14:51:28,26.93,0.03,27,72711,买盘
1716,14:51:31,26.93,0.0,1,2693,卖盘
1717,14:51:34,26.93,0.0,3,8079,卖盘
1718,14:51:43,26.93,0.0,5,13465,卖盘
1719,14:51:46,26.93,0.0,6,16158,卖盘
1720,14:51:49,26.93,0.0,6,16158,买盘
1721,14:51:52,26.9,-0.03,10,26900,卖盘
1722,14:52:01,26.95,0.05,50,134652,买盘
1723,14:52:04,26.93,-0.02,16,43088,买盘
1724,14:52:07,26.95,0.02,10,26950,买盘
1725,14:52:10,26.99,0.04,20,53943,买盘
1726,14:52:31,26.99,0.0,102,275298,买盘
1727,14:52:37,26.96,-0.03,11,29666,卖盘
1728,14:52:49,26.96,0.0,8,21568,买盘
1729,14:52:52,26.96,0.0,5,13480,买盘
1730,14:52:55,26.97,0.01,1,2697,买盘
1731,14:53:01,26.96,-0.01,4,10784,卖盘
1732,14:53:04,26.98,0.02,32,86284,买盘
1733,14:53:10,26.98,0.0,14,37772,买盘
1734,14:53:13,26.98,0.0,2,5396,卖盘
1735,14:53:19,26.99,0.01,10,26990,买盘
1736,14:53:22,26.98,-0.01,1,2698,卖盘
1737,14:53:25,26.98,0.0,8,21584,卖盘
1738,14:53:28,26.99,0.01,6,16194,买盘
1739,14:53:34,26.99,0.0,2,5398,卖盘
1740,14:53:40,27.0,0.01,35,94500,买盘
1741,14:53:46,27.0,0.0,16,43200,买盘
1742,14:53:49,27.0,0.0,2,5400,卖盘
1743,14:53:58,27.01,0.01,2,5402,买盘
1744,14:54:04,27.01,0.0,4,10804,卖盘
1745,14:54:10,27.05,0.04,7,18935,买盘
1746,14:54:16,27.05,0.0,8,21640,卖盘
1747,14:54:19,27.08,0.03,1,2708,买盘
1748,14:54:25,27.07,-0.01,3,8121,买盘
1749,14:54:31,27.05,-0.02,3,8115,卖盘
1750,14:54:37,27.07,0.02,28,75786,买盘
1751,14:54:40,27.08,0.01,4,10831,买盘
1752,14:54:43,27.08,0.0,3,8124,卖盘
1753,14:54:46,27.08,0.0,12,32496,卖盘
1754,14:54:49,27.09,0.01,2,5418,买盘
1755,14:54:55,27.1,0.01,16,43360,买盘
1756,14:55:01,27.1,0.0,10,27100,卖盘
1757,14:55:04,27.12,0.02,5,13558,买盘
1758,14:55:07,27.09,-0.03,23,62340,卖盘
1759,14:55:13,27.13,0.04,5,13560,买盘
1760,14:55:19,27.13,0.0,8,21685,买盘
1761,14:55:22,27.1,-0.03,2,5420,中性盘
1762,14:55:25,27.09,-0.01,7,18968,卖盘
1763,14:55:28,27.09,0.0,21,56914,卖盘
1764,14:55:31,27.08,-0.01,11,29787,卖盘
1765,14:55:34,27.1,0.02,26,70482,卖盘
1766,14:55:37,27.1,0.0,17,46070,卖盘
1767,14:55:40,27.1,0.0,11,29810,卖盘
1768,14:55:43,27.1,0.0,23,62330,卖盘
1769,14:55:46,27.13,0.03,71,192570,买盘
1770,14:55:58,27.14,0.01,5,13570,买盘
1771,14:56:01,27.14,0.0,20,54280,买盘
1772,14:56:04,27.15,0.01,34,92291,买盘
1773,14:56:07,27.13,-0.02,3,8141,卖盘
1774,14:56:10,27.14,0.01,19,51566,卖盘
1775,14:56:13,27.18,0.04,10,27180,买盘
1776,14:56:19,27.14,-0.04,28,75992,卖盘
1777,14:56:22,27.14,0.0,8,21712,卖盘
1778,14:56:25,27.18,0.04,35,95064,买盘
1779,14:56:31,27.14,-0.04,28,75967,买盘
1780,14:56:34,27.13,-0.01,10,27130,卖盘
1781,14:56:37,27.14,0.01,15,40724,买盘
1782,14:56:43,27.14,0.0,31,84129,卖盘
1783,14:56:46,27.14,0.0,11,29854,买盘
1784,14:56:49,27.15,0.01,12,32573,买盘
1785,14:56:55,27.15,0.0,15,40696,买盘
1786,14:57:00,27.16,0.01,15,40740,卖盘
1787,14:57:03,27.16,0.0,1,2716,卖盘
1788,15:00:04,27.14,-0.02,513,1392282,卖盘
