,time,price,change,volume,amount,type
0,09:25:04,5.52,0.12,174,96048,卖盘
1,09:30:04,5.53,0.01,257,142121,买盘
2,09:30:07,5.53,0.0,104,57502,买盘
3,09:30:10,5.53,0.0,36,19908,买盘
4,09:30:13,5.52,-0.01,187,103229,卖盘
5,09:30:16,5.52,0.0,149,82248,卖盘
6,09:30:18,5.52,0.0,3,1656,买盘
7,09:30:55,5.52,0.0,90,49680,买盘
8,09:30:57,5.52,0.0,2,1104,买盘
9,09:31:27,5.51,-0.01,18,9918,买盘
10,09:31:30,5.51,0.0,1,551,买盘
11,09:31:33,5.51,0.0,37,20387,买盘
12,09:31:36,5.5,-0.01,41,22550,卖盘
13,09:31:39,5.5,0.0,1,550,买盘
14,09:31:45,5.47,-0.03,89,48683,卖盘
15,09:31:48,5.5,0.03,3,1650,买盘
16,09:32:10,5.48,-0.02,20,10960,卖盘
17,09:32:12,5.5,0.02,1,550,买盘
18,09:32:21,5.48,-0.02,14,7672,卖盘
19,09:32:30,5.48,0.0,69,37812,买盘
20,09:32:33,5.5,0.02,2,1100,买盘
21,09:32:36,5.48,-0.02,36,19730,卖盘
22,09:32:40,5.48,0.0,71,38910,卖盘
23,09:32:43,5.48,0.0,7,3836,买盘
24,09:32:45,5.48,0.0,4,2192,买盘
25,09:32:49,5.48,0.0,19,10412,买盘
26,09:32:51,5.5,0.02,1,550,买盘
27,09:33:07,5.48,-0.02,27,14806,卖盘
28,09:33:09,5.5,0.02,1,550,买盘
29,09:33:18,5.5,0.0,3,1650,买盘
30,09:33:27,5.49,-0.01,33,18117,卖盘
31,09:33:30,5.48,-0.01,9,4933,卖盘
32,09:33:39,5.48,0.0,50,27400,卖盘
33,09:33:42,5.49,0.01,2,1098,买盘
34,09:33:57,5.48,-0.01,50,27400,卖盘
35,09:34:00,5.49,0.01,1,549,买盘
36,09:34:04,5.49,0.0,376,206372,买盘
37,09:34:07,5.49,0.0,17,9345,卖盘
38,09:34:15,5.49,0.0,5,2745,卖盘
39,09:34:33,5.48,-0.01,11,6028,卖盘
40,09:34:45,5.48,0.0,3,1644,买盘
41,09:34:49,5.48,0.0,1,548,买盘
42,09:35:06,5.47,-0.01,53,28991,卖盘
43,09:35:10,5.48,0.01,2,1096,买盘
44,09:35:27,5.47,-0.01,20,10940,卖盘
45,09:35:33,5.48,0.01,100,54800,买盘
46,09:35:36,5.48,0.0,4,2192,买盘
47,09:35:42,5.48,0.0,47,25756,买盘
48,09:35:45,5.48,0.0,55,30140,卖盘
49,09:35:49,5.49,0.01,3,1647,买盘
50,09:36:00,5.49,0.0,23,12627,买盘
51,09:36:34,5.49,0.0,46,25254,买盘
52,09:36:36,5.5,0.01,2,1099,买盘
53,09:36:45,5.5,0.0,80,44000,买盘
54,09:36:48,5.5,0.0,3,1650,买盘
55,09:36:57,5.5,0.0,23,12650,买盘
56,09:37:46,5.5,0.0,55,30250,买盘
57,09:37:48,5.49,-0.01,90,49412,卖盘
58,09:37:51,5.5,0.01,13,7150,买盘
59,09:38:09,5.5,0.0,96,52800,买盘
60,09:38:12,5.5,0.0,3,1650,买盘
61,09:38:15,5.49,-0.01,13,7137,卖盘
62,09:38:19,5.49,0.0,30,16470,买盘
63,09:38:21,5.49,0.0,1,549,买盘
64,09:38:24,5.49,0.0,2,1098,买盘
65,09:38:27,5.49,0.0,44,24192,卖盘
66,09:38:31,5.49,0.0,44,24174,买盘
67,09:38:39,5.49,0.0,18,9882,卖盘
68,09:38:52,5.5,0.01,233,128150,买盘
69,09:38:54,5.52,0.02,9,4968,买盘
70,09:39:18,5.5,-0.02,25,13750,卖盘
71,09:39:21,5.49,-0.01,180,99073,卖盘
72,09:39:36,5.51,0.02,22,12122,买盘
73,09:39:39,5.51,0.0,14,7714,买盘
74,09:39:48,5.54,0.03,33,18226,买盘
75,09:39:51,5.54,0.0,17,9418,卖盘
76,09:40:21,5.5,-0.04,50,27500,卖盘
77,09:40:24,5.5,0.0,30,16520,卖盘
78,09:40:42,5.52,0.02,10,5520,买盘
79,09:41:15,5.51,-0.01,20,11020,卖盘
80,09:41:18,5.51,0.0,1,551,卖盘
81,09:41:39,5.51,0.0,30,16530,卖盘
82,09:41:42,5.51,0.0,2,1102,买盘
83,09:41:54,5.5,-0.01,27,14850,卖盘
84,09:41:57,5.51,0.01,1,551,买盘
85,09:42:18,5.5,-0.01,155,85250,卖盘
86,09:42:21,5.51,0.01,6,3306,买盘
87,09:42:43,5.51,0.0,1,551,买盘
88,09:42:45,5.5,-0.01,21,11550,卖盘
89,09:42:51,5.5,0.0,2,1100,卖盘
90,09:43:27,5.51,0.01,129,71079,买盘
91,09:43:30,5.52,0.01,6,3312,买盘
92,09:43:33,5.51,-0.01,6,3306,卖盘
93,09:43:54,5.51,0.0,20,11020,卖盘
94,09:43:57,5.52,0.01,1,552,买盘
95,09:44:00,5.51,-0.01,20,11020,卖盘
96,09:44:04,5.52,0.01,1,552,买盘
97,09:44:09,5.51,-0.01,3,2160,卖盘
98,09:44:12,5.51,0.0,17,8860,卖盘
99,09:44:15,5.51,0.0,1,551,买盘
100,09:45:24,5.5,-0.01,5,2750,卖盘
101,09:45:42,5.5,0.0,53,29150,卖盘
102,09:45:45,5.51,0.01,3,1652,买盘
103,09:46:04,5.5,-0.01,10,5500,卖盘
104,09:46:06,5.51,0.01,1,551,买盘
105,09:46:09,5.5,-0.01,20,11000,卖盘
106,09:46:12,5.51,0.01,1,551,买盘
107,09:46:15,5.5,-0.01,75,41250,卖盘
108,09:46:18,5.5,0.0,3,1650,买盘
109,09:46:42,5.5,0.0,8,4400,买盘
110,09:47:28,5.49,-0.01,10,5490,卖盘
111,09:47:30,5.5,0.01,1,550,买盘
112,09:47:54,5.5,0.0,24,13200,买盘
113,09:47:57,5.5,0.0,1,550,买盘
114,09:48:27,5.5,0.0,30,16500,买盘
115,09:48:30,5.5,0.0,1,550,买盘
116,09:48:33,5.5,0.0,43,23650,买盘
117,09:48:36,5.5,0.0,2,1100,买盘
118,09:49:45,5.5,0.0,10,5500,买盘
119,09:49:57,5.5,0.0,36,19800,买盘
120,09:50:00,5.5,0.0,2,1100,买盘
121,09:50:24,5.49,-0.01,130,71370,卖盘
122,09:50:27,5.49,0.0,16,8784,买盘
123,09:50:33,5.49,0.0,20,10980,买盘
124,09:50:36,5.49,0.0,35,19195,买盘
125,09:50:54,5.49,0.0,28,15372,买盘
126,09:50:57,5.49,0.0,7,3843,买盘
127,09:51:24,5.49,0.0,16,8784,买盘
128,09:51:27,5.49,0.0,1,549,买盘
129,09:51:39,5.49,0.0,161,88389,买盘
130,09:51:43,5.49,0.0,17,9333,买盘
131,09:51:45,5.49,0.0,3,1647,买盘
132,09:51:48,5.5,0.01,42,23064,买盘
133,09:51:51,5.5,0.0,2,1100,买盘
134,09:52:12,5.5,0.0,30,16500,买盘
135,09:52:16,5.5,0.0,2,1100,买盘
136,09:52:19,5.5,0.0,163,89650,买盘
137,09:52:21,5.51,0.01,6,3306,买盘
138,09:52:24,5.5,-0.01,40,22000,卖盘
139,09:52:27,5.51,0.01,2,1102,买盘
140,09:52:30,5.51,0.0,37,20387,买盘
141,09:52:34,5.51,0.0,2,1102,买盘
142,09:52:40,5.51,0.0,12,6612,买盘
143,09:53:39,5.5,-0.01,8,4400,卖盘
144,09:53:51,5.5,0.0,10,5500,卖盘
145,09:54:42,5.5,0.0,46,25300,卖盘
146,09:54:45,5.51,0.01,3,1653,买盘
147,09:56:24,5.51,0.0,145,79895,买盘
148,09:56:27,5.51,0.0,6,3306,买盘
149,09:56:36,5.5,-0.01,20,11000,卖盘
150,09:57:04,5.5,0.0,5,2750,卖盘
151,09:57:42,5.5,0.0,40,22000,卖盘
152,09:57:45,5.51,0.01,1,551,买盘
153,09:57:57,5.5,-0.01,115,63250,卖盘
154,09:58:00,5.51,0.01,35,19253,买盘
155,09:58:03,5.51,0.0,11,6061,买盘
156,09:58:06,5.51,0.0,1,551,买盘
157,09:58:12,5.51,0.0,1,551,买盘
158,09:58:15,5.51,0.0,7,3857,买盘
159,09:58:18,5.51,0.0,12,6612,买盘
160,09:58:21,5.51,0.0,13,7163,买盘
161,09:58:24,5.51,0.0,14,7714,买盘
162,09:58:27,5.51,0.0,7,3857,买盘
163,09:58:30,5.51,0.0,3,1653,买盘
164,09:58:34,5.51,0.0,35,19285,买盘
165,09:58:37,5.52,0.01,4,2208,买盘
166,09:58:39,5.52,0.0,2,1104,买盘
167,09:58:42,5.52,0.0,6,3312,买盘
168,09:58:45,5.52,0.0,2,1104,买盘
169,09:59:06,5.51,-0.01,50,27550,卖盘
170,09:59:09,5.52,0.01,2,1104,买盘
171,09:59:21,5.52,0.0,80,44160,买盘
172,09:59:24,5.52,0.0,2,1104,买盘
173,09:59:33,5.52,0.0,7,3864,买盘
174,09:59:54,5.52,0.0,58,32016,买盘
175,09:59:57,5.52,0.0,2,1104,买盘
176,10:00:15,5.52,0.0,100,55200,买盘
177,10:00:18,5.52,0.0,53,29256,买盘
178,10:00:21,5.52,0.0,3,1656,买盘
179,10:00:24,5.52,0.0,1,552,买盘
180,10:01:09,5.52,0.0,24,13248,买盘
181,10:01:12,5.52,0.0,1,552,买盘
182,10:01:27,5.51,-0.01,82,45182,卖盘
183,10:01:30,5.52,0.01,2,1104,买盘
184,10:01:36,5.51,-0.01,4,2204,卖盘
185,10:01:45,5.52,0.01,10,5519,买盘
186,10:01:48,5.52,0.0,1,552,买盘
187,10:02:33,5.51,-0.01,21,11571,买盘
188,10:02:48,5.51,0.0,53,29203,买盘
189,10:02:51,5.52,0.01,2,1104,买盘
190,10:02:57,5.51,-0.01,35,19285,卖盘
191,10:03:00,5.52,0.01,1,552,买盘
192,10:03:12,5.52,0.0,28,15456,买盘
193,10:03:15,5.52,0.0,1,552,买盘
194,10:03:45,5.52,0.0,6,3312,买盘
195,10:04:30,5.52,0.0,163,89976,买盘
196,10:04:33,5.52,0.0,5,2760,买盘
197,10:04:42,5.52,0.0,50,27600,买盘
198,10:04:45,5.52,0.0,182,100300,买盘
199,10:04:48,5.52,0.0,5,2760,买盘
200,10:05:12,5.52,0.0,117,64584,买盘
201,10:05:15,5.52,0.0,4,2208,买盘
202,10:05:45,5.52,0.0,2,1104,买盘
203,10:06:39,5.52,0.0,39,21572,买盘
204,10:06:42,5.53,0.01,2,1106,买盘
205,10:07:09,5.52,-0.01,1,552,卖盘
206,10:08:18,5.52,0.0,2,1060,卖盘
207,10:08:48,5.52,0.0,10,5520,买盘
208,10:09:42,5.51,-0.01,167,92017,卖盘
209,10:09:45,5.51,0.0,5,2755,买盘
210,10:10:00,5.5,-0.01,145,79750,卖盘
211,10:10:04,5.51,0.01,5,2755,买盘
212,10:10:42,5.51,0.0,12,6612,买盘
213,10:10:45,5.5,-0.01,7,3850,卖盘
214,10:11:15,5.5,0.0,8,4400,卖盘
215,10:11:45,5.5,0.0,28,15400,卖盘
216,10:12:00,5.5,0.0,26,14344,卖盘
217,10:12:15,5.5,0.0,27,14850,卖盘
218,10:12:24,5.5,0.0,22,12056,卖盘
219,10:12:27,5.5,0.0,1,550,买盘
220,10:12:33,5.5,0.0,30,16544,买盘
221,10:12:42,5.5,0.0,10,5500,卖盘
222,10:12:45,5.5,0.0,7,3850,卖盘
223,10:13:06,5.5,0.0,3,1606,卖盘
224,10:13:09,5.5,0.0,1,550,买盘
225,10:13:12,5.5,0.0,1,550,买盘
226,10:13:15,5.49,-0.01,8,4393,卖盘
227,10:13:36,5.5,0.01,25,13794,买盘
228,10:13:42,5.5,0.0,20,11000,卖盘
229,10:13:45,5.5,0.0,6,3256,卖盘
230,10:13:48,5.5,0.0,1,594,买盘
231,10:13:51,5.5,0.0,5,2750,卖盘
232,10:14:00,5.51,0.01,2,1102,买盘
233,10:14:06,5.5,-0.01,31,17050,卖盘
234,10:14:15,5.5,0.0,6,3300,卖盘
235,10:14:24,5.51,0.01,4,2204,买盘
236,10:14:33,5.51,0.0,99,54549,买盘
237,10:14:36,5.52,0.01,37,20388,买盘
238,10:14:39,5.52,0.0,1,552,买盘
239,10:14:45,5.51,-0.01,8,4408,卖盘
240,10:14:57,5.51,0.0,221,121771,卖盘
241,10:15:00,5.52,0.01,2,1104,买盘
242,10:15:09,5.51,-0.01,20,11020,卖盘
243,10:15:16,5.51,0.0,3,1653,卖盘
244,10:16:06,5.52,0.01,3,1656,买盘
245,10:16:12,5.52,0.0,50,27600,买盘
246,10:16:15,5.52,0.0,1,552,买盘
247,10:16:36,5.52,0.0,49,27048,买盘
248,10:16:57,5.53,0.01,42,23226,买盘
249,10:17:00,5.53,0.0,68,37604,买盘
250,10:17:42,5.53,0.0,331,183043,买盘
251,10:17:45,5.54,0.01,4,2216,买盘
252,10:18:33,5.54,0.0,20,11080,买盘
253,10:19:12,5.53,-0.01,20,11060,卖盘
254,10:19:36,5.53,0.0,5,2765,卖盘
255,10:20:06,5.53,0.0,14,7742,卖盘
256,10:20:33,5.53,0.0,7,3871,卖盘
257,10:21:21,5.53,0.0,3,1659,买盘
258,10:21:30,5.52,-0.01,1,552,卖盘
259,10:23:06,5.53,0.01,50,27650,买盘
260,10:23:10,5.53,0.0,1,553,买盘
261,10:24:09,5.53,0.01,58,32074,买盘
262,10:24:12,5.53,0.0,1,553,买盘
263,10:25:21,5.53,0.0,110,60830,买盘
264,10:25:24,5.53,0.0,1,553,买盘
265,10:25:27,5.53,0.0,8,4424,买盘
266,10:27:21,5.53,0.0,10,5530,买盘
267,10:28:06,5.53,0.0,50,27650,买盘
268,10:28:24,5.53,0.0,81,44793,买盘
269,10:28:27,5.53,0.0,1,553,买盘
270,10:28:33,5.52,-0.01,1,552,卖盘
271,10:28:39,5.53,0.01,5,2765,买盘
272,10:28:51,5.53,0.0,90,49770,买盘
273,10:28:54,5.53,0.0,1,553,买盘
274,10:29:13,5.53,0.0,5,2765,买盘
275,10:29:16,5.52,-0.01,10,5520,卖盘
276,10:29:54,5.53,0.01,147,81291,买盘
277,10:29:57,5.53,0.0,2,1106,买盘
278,10:30:06,5.53,0.0,17,9401,买盘
279,10:30:18,5.53,0.0,26,14378,买盘
280,10:30:30,5.54,0.01,10,5540,买盘
281,10:30:51,5.54,0.0,44,24376,买盘
282,10:30:54,5.54,0.0,1,554,买盘
283,10:31:21,5.54,0.0,26,14404,买盘
284,10:31:30,5.54,0.0,8,4432,买盘
285,10:31:36,5.54,0.0,8,4432,买盘
286,10:33:03,5.53,-0.01,132,72996,卖盘
287,10:33:06,5.54,0.01,2,1108,买盘
288,10:34:51,5.54,0.0,73,40442,买盘
289,10:34:57,5.53,-0.01,7,3871,卖盘
290,10:35:00,5.54,0.01,1,554,买盘
291,10:36:54,5.53,-0.01,48,26544,卖盘
292,10:37:00,5.54,0.01,25,13848,买盘
293,10:37:03,5.54,0.0,2,1108,买盘
294,10:37:54,5.53,-0.01,6,3318,买盘
295,10:38:51,5.53,0.0,50,27650,买盘
296,10:38:55,5.53,0.0,1,553,买盘
297,10:40:15,5.52,-0.01,1,552,卖盘
298,10:40:39,5.52,0.0,182,100464,卖盘
299,10:40:42,5.53,0.01,2,1106,买盘
300,10:41:04,5.52,-0.01,33,18216,卖盘
301,10:41:18,5.52,0.0,174,96048,卖盘
302,10:41:21,5.52,0.0,12,6626,卖盘
303,10:42:45,5.52,0.0,47,25944,卖盘
304,10:42:48,5.52,0.0,5,2760,卖盘
305,10:42:51,5.53,0.01,1,553,买盘
306,10:43:21,5.52,-0.01,29,16008,卖盘
307,10:43:33,5.53,0.01,10,5530,买盘
308,10:44:48,5.52,-0.01,40,22080,卖盘
309,10:45:21,5.52,0.0,57,31464,卖盘
310,10:45:24,5.53,0.01,1,553,买盘
311,10:45:55,5.52,-0.01,15,8280,卖盘
312,10:46:42,5.53,0.01,208,115024,买盘
313,10:46:45,5.53,0.0,2,1106,买盘
314,10:47:00,5.53,0.0,50,27650,买盘
315,10:47:04,5.53,0.0,1,553,买盘
316,10:47:30,5.53,0.0,92,50876,买盘
317,10:47:33,5.53,0.0,8,4424,买盘
318,10:47:36,5.53,0.0,327,180831,买盘
319,10:47:39,5.54,0.01,3,1661,卖盘
320,10:48:09,5.54,0.0,20,11080,买盘
321,10:48:55,5.54,0.0,50,27700,买盘
322,10:48:57,5.54,0.0,1,554,买盘
323,10:49:21,5.54,0.0,10,5540,买盘
324,10:49:55,5.53,-0.01,3,1659,卖盘
325,10:50:09,5.53,0.0,10,5530,卖盘
326,10:51:24,5.54,0.01,34,18836,买盘
327,10:51:36,5.53,-0.01,6,3318,卖盘
328,10:51:42,5.54,0.01,122,67588,买盘
329,10:51:46,5.54,0.0,2,1108,买盘
330,10:52:06,5.54,0.0,2,1108,买盘
331,10:52:33,5.54,0.0,77,42658,买盘
332,10:52:45,5.54,0.0,61,33794,买盘
333,10:52:48,5.54,0.0,1,554,买盘
334,10:52:54,5.53,-0.01,50,27650,卖盘
335,10:53:45,5.53,0.0,178,98434,卖盘
336,10:53:48,5.53,0.0,2,1106,买盘
337,10:54:03,5.53,0.0,8,4424,买盘
338,10:54:51,5.54,0.01,45,24930,买盘
339,10:54:54,5.54,0.0,1,554,买盘
340,10:56:27,5.54,0.0,10,5540,买盘
341,10:57:42,5.54,0.0,47,26038,买盘
342,10:59:06,5.54,0.0,104,57948,买盘
343,10:59:09,5.55,0.01,2,1110,买盘
344,10:59:24,5.55,0.0,10,5550,买盘
345,11:00:45,5.54,-0.01,11,5762,卖盘
346,11:01:33,5.54,0.0,39,21938,买盘
347,11:02:06,5.54,0.0,4,2216,卖盘
348,11:03:27,5.55,0.01,10,5550,买盘
349,11:04:45,5.55,0.0,300,166500,买盘
350,11:04:48,5.55,0.0,3,1665,买盘
351,11:05:12,5.55,0.0,90,49950,买盘
352,11:05:15,5.55,0.0,1,555,买盘
353,11:05:27,5.54,-0.01,3,1662,卖盘
354,11:05:45,5.55,0.01,60,33300,买盘
355,11:05:48,5.55,0.0,240,133061,买盘
356,11:05:51,5.55,0.0,3,1665,买盘
357,11:06:37,5.55,0.0,10,5550,买盘
358,11:06:48,5.55,0.0,50,27750,买盘
359,11:07:24,5.55,0.0,100,55500,买盘
360,11:07:27,5.55,0.0,1,555,买盘
361,11:07:30,5.55,0.0,348,193140,买盘
362,11:07:33,5.56,0.01,4,2224,买盘
363,11:08:36,5.56,0.0,50,27800,买盘
364,11:08:52,5.56,0.0,129,71724,买盘
365,11:08:54,5.56,0.0,2,1112,买盘
366,11:08:57,5.55,-0.01,50,27750,卖盘
367,11:09:33,5.55,0.0,5,2775,卖盘
368,11:10:18,5.55,0.0,35,19425,卖盘
369,11:10:24,5.55,0.0,10,5550,卖盘
370,11:10:39,5.55,0.0,20,11100,卖盘
371,11:10:57,5.55,0.0,99,54945,卖盘
372,11:11:00,5.56,0.01,2,1111,买盘
373,11:11:25,5.55,-0.01,1,555,卖盘
374,11:11:57,5.55,0.0,49,27195,卖盘
375,11:12:24,5.55,0.0,39,21645,买盘
376,11:13:42,5.55,0.0,10,5550,买盘
377,11:14:24,5.55,0.0,5,2775,买盘
378,11:14:30,5.55,0.0,7,3885,买盘
379,11:15:19,5.54,-0.01,5,2770,卖盘
380,11:16:33,5.54,0.0,1,554,卖盘
381,11:17:18,5.54,0.0,30,16620,卖盘
382,11:17:21,5.55,0.01,1,555,买盘
383,11:17:24,5.55,0.0,20,11100,买盘
384,11:19:12,5.54,-0.01,30,16620,卖盘
385,11:19:27,5.54,0.0,20,11080,卖盘
386,11:21:27,5.54,0.0,146,80884,卖盘
387,11:21:30,5.55,0.01,3,1665,买盘
388,11:25:31,5.55,0.0,27,14985,买盘
389,11:25:51,5.55,0.0,50,27750,买盘
390,11:26:00,5.55,0.0,400,222000,买盘
391,11:26:03,5.56,0.01,4,2221,买盘
392,11:27:33,5.55,-0.01,1,555,卖盘
393,11:29:12,5.55,0.0,20,11100,卖盘
394,11:30:01,5.55,0.0,19,10545,卖盘
395,13:00:04,5.55,0.0,55,30574,买盘
396,13:01:36,5.55,0.0,40,22200,卖盘
397,13:01:39,5.56,0.01,2,1112,买盘
398,13:01:54,5.55,-0.01,14,7780,卖盘
399,13:03:33,5.55,0.0,18,9990,卖盘
400,13:03:36,5.55,0.0,27,14985,卖盘
401,13:04:06,5.55,0.0,15,8325,卖盘
402,13:04:51,5.55,0.0,20,11100,卖盘
403,13:05:54,5.57,0.02,487,270941,买盘
404,13:05:57,5.58,0.01,6,3348,买盘
405,13:06:24,5.58,0.0,50,27900,买盘
406,13:06:27,5.58,0.0,9,5022,买盘
407,13:06:36,5.58,0.0,78,43524,买盘
408,13:06:48,5.58,0.0,18,10044,买盘
409,13:07:15,5.57,-0.01,20,11140,卖盘
410,13:07:42,5.57,0.0,158,88006,卖盘
411,13:07:45,5.58,0.01,3,1674,买盘
412,13:07:48,5.57,-0.01,10,5570,卖盘
413,13:08:12,5.58,0.01,249,138942,买盘
414,13:08:15,5.59,0.01,3,1677,买盘
415,13:08:27,5.58,-0.01,1,558,卖盘
416,13:08:33,5.58,0.0,13,7254,卖盘
417,13:08:48,5.58,0.0,4,2232,卖盘
418,13:08:54,5.59,0.01,37,20683,买盘
419,13:09:09,5.59,0.0,8,4472,买盘
420,13:09:18,5.59,0.0,10,5590,买盘
421,13:09:21,5.59,0.0,10,5590,买盘
422,13:09:27,5.59,0.0,273,152607,买盘
423,13:09:30,5.59,0.0,13,7267,买盘
424,13:09:39,5.59,0.0,16,8944,买盘
425,13:09:48,5.58,-0.01,112,62496,卖盘
426,13:09:51,5.59,0.01,2,1118,买盘
427,13:09:58,5.59,0.0,11,6148,买盘
428,13:10:54,5.59,0.0,7,3913,买盘
429,13:10:57,5.59,0.0,14,7826,买盘
430,13:11:18,5.58,-0.01,15,8370,卖盘
431,13:11:57,5.59,0.01,423,236457,买盘
432,13:12:01,5.6,0.01,30,16775,买盘
433,13:12:15,5.59,-0.01,150,83850,卖盘
434,13:12:33,5.6,0.01,31,17360,买盘
435,13:12:39,5.59,-0.01,20,11180,卖盘
436,13:12:42,5.6,0.01,6,3356,买盘
437,13:12:51,5.59,-0.01,327,182793,卖盘
438,13:12:54,5.6,0.01,7,3916,买盘
439,13:12:57,5.59,-0.01,18,10062,卖盘
440,13:13:00,5.59,0.0,147,82173,卖盘
441,13:13:03,5.6,0.01,2,1120,买盘
442,13:13:21,5.59,-0.01,20,11180,卖盘
443,13:13:27,5.59,0.0,14,7826,卖盘
444,13:13:39,5.59,0.0,25,13975,买盘
445,13:13:45,5.59,0.0,5,2795,卖盘
446,13:13:49,5.59,0.0,50,27950,卖盘
447,13:13:51,5.59,0.0,10,5590,卖盘
448,13:14:09,5.59,0.0,17,9503,卖盘
449,13:14:15,5.59,0.0,11,6149,卖盘
450,13:15:57,5.59,0.0,16,8944,买盘
451,13:16:09,5.58,-0.01,45,25110,卖盘
452,13:16:12,5.59,0.01,2,1118,买盘
453,13:16:36,5.59,0.0,95,53105,买盘
454,13:17:00,5.6,0.01,100,56000,买盘
455,13:17:04,5.6,0.0,2,1120,买盘
456,13:17:06,5.59,-0.01,30,16770,卖盘
457,13:17:12,5.59,0.0,7,3913,卖盘
458,13:17:18,5.6,0.01,7,3920,买盘
459,13:17:21,5.59,-0.01,9,5031,卖盘
460,13:17:48,5.59,0.0,21,11739,买盘
461,13:19:16,5.59,0.0,63,35217,买盘
462,13:19:51,5.59,0.0,20,11180,买盘
463,13:19:57,5.58,-0.01,29,16182,卖盘
464,13:20:31,5.59,0.01,6,3354,买盘
465,13:20:33,5.59,0.0,2,1118,买盘
466,13:22:01,5.58,-0.01,4,2232,卖盘
467,13:22:48,5.58,0.0,10,5580,卖盘
468,13:22:54,5.58,0.0,102,56916,卖盘
469,13:23:04,5.57,-0.01,15,8355,卖盘
470,13:23:51,5.57,0.0,40,22280,卖盘
471,13:24:06,5.57,0.0,40,22280,卖盘
472,13:24:09,5.58,0.01,2,1116,买盘
473,13:24:43,5.57,-0.01,13,7241,卖盘
474,13:25:10,5.58,0.01,5,2790,买盘
475,13:26:30,5.58,0.0,62,34596,买盘
476,13:26:36,5.57,-0.01,10,5570,卖盘
477,13:26:54,5.57,0.0,55,30635,卖盘
478,13:27:12,5.57,0.0,10,5570,卖盘
479,13:27:27,5.57,0.0,153,85221,卖盘
480,13:27:30,5.58,0.01,3,1674,买盘
481,13:27:36,5.57,-0.01,21,11697,卖盘
482,13:29:06,5.57,0.0,50,27850,卖盘
483,13:29:30,5.57,0.0,62,34534,卖盘
484,13:30:24,5.57,0.0,37,20609,卖盘
485,13:32:04,5.57,0.0,6,3342,卖盘
486,13:33:06,5.56,-0.01,20,11120,卖盘
487,13:33:09,5.57,0.01,2,1114,买盘
488,13:33:48,5.57,0.0,100,55700,买盘
489,13:33:57,5.56,-0.01,10,5560,卖盘
490,13:34:15,5.56,0.0,10,5560,卖盘
491,13:34:51,5.57,0.01,10,5570,买盘
492,13:35:00,5.57,0.0,10,5570,卖盘
493,13:35:21,5.57,0.0,5,2785,卖盘
494,13:36:15,5.57,0.0,10,5570,卖盘
495,13:37:00,5.58,0.01,71,39618,买盘
496,13:37:04,5.58,0.0,3,1674,买盘
497,13:37:27,5.57,-0.01,10,5570,卖盘
498,13:39:36,5.57,0.0,10,5570,卖盘
499,13:40:33,5.57,0.0,2,1114,卖盘
500,13:40:54,5.58,0.01,14,7812,买盘
501,13:41:03,5.58,0.0,57,31806,买盘
502,13:42:22,5.57,-0.01,125,69625,卖盘
503,13:42:46,5.57,0.0,5,2785,卖盘
504,13:42:48,5.57,0.0,87,48459,卖盘
505,13:42:51,5.57,0.0,3,1671,买盘
506,13:43:18,5.56,-0.01,27,15012,卖盘
507,13:44:00,5.56,0.0,51,28356,卖盘
508,13:45:18,5.56,0.0,10,5560,卖盘
509,13:46:24,5.57,0.01,128,71296,买盘
510,13:46:36,5.57,0.0,10,5570,卖盘
511,13:46:51,5.57,0.0,3,1671,卖盘
512,13:48:13,5.57,0.0,1,557,卖盘
513,13:49:13,5.57,0.0,20,11140,卖盘
514,13:49:16,5.58,0.01,2,1116,买盘
515,13:49:48,5.57,-0.01,1,557,卖盘
516,13:51:04,5.57,0.0,5,2785,卖盘
517,13:51:09,5.57,0.0,1,557,卖盘
518,13:51:27,5.57,0.0,101,56257,卖盘
519,13:51:51,5.57,0.0,5,2785,卖盘
520,13:53:04,5.57,0.0,19,10583,卖盘
521,13:53:27,5.56,-0.01,12,6672,卖盘
522,13:55:27,5.56,0.0,298,165688,卖盘
523,13:55:31,5.56,0.0,10,5560,买盘
524,13:55:42,5.56,0.0,10,5560,买盘
525,13:55:54,5.55,-0.01,72,39960,卖盘
526,13:56:01,5.56,0.01,100,55600,买盘
527,13:56:12,5.56,0.0,26,14456,买盘
528,13:56:30,5.56,0.0,10,5560,买盘
529,13:57:04,5.56,0.0,31,17235,买盘
530,13:57:42,5.55,-0.01,1,555,卖盘
531,13:58:48,5.55,0.0,6,3330,卖盘
532,13:58:51,5.56,0.01,3,1668,买盘
533,13:59:09,5.55,-0.01,21,11655,卖盘
534,14:00:46,5.55,0.0,10,5550,卖盘
535,14:01:03,5.55,0.0,2,1110,卖盘
536,14:01:21,5.56,0.01,10,5560,买盘
537,14:03:03,5.55,-0.01,200,111000,卖盘
538,14:03:16,5.55,0.0,20,11100,卖盘
539,14:05:33,5.55,0.0,20,11100,卖盘
540,14:06:57,5.56,0.01,8,4448,买盘
541,14:07:24,5.56,0.0,5,2780,买盘
542,14:07:27,5.56,0.0,3,1668,买盘
543,14:10:24,5.56,0.0,87,48372,买盘
544,14:14:36,5.56,0.0,40,22240,买盘
545,14:15:04,5.56,0.0,107,59492,买盘
546,14:18:21,5.57,0.01,100,55700,买盘
547,14:18:24,5.57,0.0,3,1671,买盘
548,14:18:36,5.57,0.0,50,27850,买盘
549,14:19:15,5.57,0.0,9,5013,买盘
550,14:21:54,5.56,-0.01,40,22240,卖盘
551,14:22:18,5.56,0.0,163,90628,卖盘
552,14:22:21,5.56,0.0,20,11120,卖盘
553,14:22:24,5.57,0.01,3,1671,买盘
554,14:22:33,5.56,-0.01,140,77840,卖盘
555,14:23:16,5.56,0.0,58,32248,卖盘
556,14:23:21,5.56,0.0,20,11120,卖盘
557,14:23:36,5.56,0.0,46,25576,卖盘
558,14:24:18,5.56,0.0,52,28912,卖盘
559,14:24:21,5.56,0.0,3,1668,买盘
560,14:24:48,5.56,0.0,38,21128,买盘
561,14:25:15,5.56,0.0,5,2780,买盘
562,14:26:54,5.55,-0.01,17,9435,卖盘
563,14:27:09,5.55,0.0,33,18315,卖盘
564,14:27:15,5.56,0.01,30,16680,买盘
565,14:29:48,5.55,-0.01,10,5550,卖盘
566,14:30:22,5.55,0.0,7,3885,卖盘
567,14:30:57,5.55,0.0,20,11100,卖盘
568,14:31:24,5.55,0.0,30,16650,卖盘
569,14:31:33,5.55,0.0,2,1110,卖盘
570,14:31:52,5.55,0.0,10,5550,卖盘
571,14:33:00,5.55,0.0,170,94350,卖盘
572,14:33:04,5.55,0.0,4,2220,买盘
573,14:33:15,5.55,0.0,76,42180,买盘
574,14:33:18,5.55,0.0,8,4440,卖盘
575,14:33:48,5.55,0.0,27,14985,卖盘
576,14:34:00,5.55,0.0,104,57720,卖盘
577,14:34:30,5.55,0.0,90,49950,买盘
578,14:34:33,5.56,0.01,3,1668,买盘
579,14:34:51,5.55,-0.01,172,95460,卖盘
580,14:34:54,5.55,0.0,23,12765,卖盘
581,14:35:03,5.56,0.01,40,22240,买盘
582,14:35:30,5.56,0.0,10,5560,买盘
583,14:35:48,5.56,0.0,23,12788,买盘
584,14:35:54,5.56,0.0,612,340272,买盘
585,14:35:57,5.57,0.01,9,5013,买盘
586,14:36:01,5.56,-0.01,5,2780,卖盘
587,14:36:06,5.57,0.01,1,557,买盘
588,14:36:33,5.57,0.0,19,10583,买盘
589,14:36:51,5.57,0.0,4,2228,买盘
590,14:38:30,5.56,-0.01,9,5004,卖盘
591,14:40:33,5.56,0.0,8,4448,买盘
592,14:40:54,5.55,-0.01,90,49950,卖盘
593,14:43:39,5.55,0.0,36,19980,卖盘
594,14:44:15,5.56,0.01,20,11120,买盘
595,14:44:36,5.56,0.0,5,2780,买盘
596,14:44:42,5.56,0.0,30,16680,买盘
597,14:44:45,5.56,0.0,12,6672,买盘
598,14:44:57,5.56,0.0,20,11120,买盘
599,14:45:27,5.56,0.0,50,27800,买盘
600,14:45:51,5.56,0.0,16,8896,买盘
601,14:45:54,5.56,0.0,4,2224,买盘
602,14:46:03,5.56,0.0,18,10008,买盘
603,14:46:06,5.56,0.0,5,2780,卖盘
604,14:47:04,5.56,0.0,4,2224,卖盘
605,14:49:00,5.56,0.0,20,11120,卖盘
606,14:49:06,5.56,0.0,167,92852,卖盘
607,14:49:15,5.56,0.0,117,65052,卖盘
608,14:49:33,5.56,0.0,10,5560,卖盘
609,14:49:39,5.56,0.0,1,556,卖盘
610,14:50:00,5.56,0.0,12,6672,卖盘
611,14:52:21,5.56,0.0,20,11120,卖盘
612,14:52:57,5.56,0.0,100,55600,卖盘
613,14:53:00,5.57,0.01,4,2228,买盘
614,14:53:06,5.56,-0.01,4,2224,卖盘
615,14:53:15,5.56,0.0,50,27800,卖盘
616,14:54:00,5.56,0.0,69,38364,买盘
617,14:54:03,5.56,0.0,5,2780,买盘
618,14:54:33,5.56,0.0,20,11120,买盘
619,14:54:42,5.56,0.0,20,11120,买盘
620,14:54:48,5.56,0.0,19,10564,买盘
621,14:54:51,5.55,-0.01,50,27750,卖盘
622,14:54:57,5.55,0.0,5,2775,卖盘
623,14:55:09,5.56,0.01,10,5560,买盘
624,14:55:18,5.55,-0.01,36,19980,卖盘
625,14:56:12,5.56,0.01,100,55600,买盘
626,14:56:15,5.56,0.0,4,2224,买盘
627,14:56:18,5.55,-0.01,1,555,卖盘
628,14:56:39,5.56,0.01,20,11120,买盘
629,14:56:45,5.56,0.0,8,4448,买盘
630,14:57:00,5.55,-0.01,49,27224,卖盘
631,15:00:04,5.55,0.0,588,326340,卖盘
