,time,price,change,volume,amount,type
0,09:25:04,6.11,0.08,397,242567,卖盘
1,09:30:04,6.12,0.01,107,65424,买盘
2,09:30:07,6.12,0.0,603,369506,买盘
3,09:30:10,6.13,0.01,11,6742,买盘
4,09:30:13,6.12,-0.01,10,6120,卖盘
5,09:30:16,6.14,0.02,150,91982,买盘
6,09:30:19,6.12,-0.02,30,18360,卖盘
7,09:30:25,6.14,0.02,118,72452,买盘
8,09:30:28,6.14,0.0,18,11052,卖盘
9,09:30:31,6.14,0.0,11,6754,买盘
10,09:30:37,6.14,0.0,31,19014,买盘
11,09:30:40,6.13,-0.01,35,21455,卖盘
12,09:30:46,6.14,0.01,30,18420,买盘
13,09:30:49,6.13,-0.01,27,16559,卖盘
14,09:30:58,6.14,0.01,170,104380,买盘
15,09:31:04,6.14,0.0,49,30086,买盘
16,09:31:07,6.14,0.0,10,6140,买盘
17,09:31:13,6.13,-0.01,3,1839,卖盘
18,09:31:19,6.14,0.01,10,6140,买盘
19,09:31:22,6.13,-0.01,56,34348,卖盘
20,09:31:25,6.13,0.0,20,12260,卖盘
21,09:31:28,6.14,0.01,87,53332,买盘
22,09:31:31,6.13,-0.01,4,2452,卖盘
23,09:31:34,6.14,0.01,73,44755,买盘
24,09:31:37,6.13,-0.01,23,14099,卖盘
25,09:31:40,6.13,0.0,179,109737,卖盘
26,09:31:43,6.13,0.0,10,6130,买盘
27,09:31:46,6.13,0.0,73,44749,买盘
28,09:31:55,6.12,-0.01,93,56916,卖盘
29,09:32:04,6.11,-0.01,10,6110,卖盘
30,09:32:07,6.11,0.0,28,17108,卖盘
31,09:32:10,6.11,0.0,30,18330,卖盘
32,09:32:13,6.11,0.0,30,18330,卖盘
33,09:32:16,6.11,0.0,20,12220,卖盘
34,09:32:19,6.11,0.0,70,42770,卖盘
35,09:32:22,6.11,0.0,95,58045,卖盘
36,09:32:25,6.11,0.0,49,29939,卖盘
37,09:32:28,6.11,0.0,17,10387,买盘
38,09:32:31,6.11,0.0,29,17719,卖盘
39,09:32:34,6.11,0.0,2,1222,卖盘
40,09:32:46,6.11,0.0,3,1833,买盘
41,09:32:52,6.1,-0.01,1,610,卖盘
42,09:32:55,6.1,0.0,49,29890,卖盘
43,09:33:04,6.1,0.0,123,75030,卖盘
44,09:33:07,6.1,0.0,24,14640,卖盘
45,09:33:16,6.1,0.0,210,128100,买盘
46,09:33:25,6.09,-0.01,20,12190,卖盘
47,09:33:28,6.1,0.01,55,33550,买盘
48,09:33:37,6.1,0.0,50,30500,买盘
49,09:33:46,6.1,0.0,56,34160,买盘
50,09:33:49,6.1,0.0,19,11590,买盘
51,09:33:52,6.1,0.0,80,48740,买盘
52,09:33:58,6.09,-0.01,50,30482,卖盘
53,09:34:01,6.1,0.01,30,18300,中性盘
54,09:34:10,6.1,0.0,23,14030,买盘
55,09:34:13,6.1,0.0,62,37820,买盘
56,09:34:16,6.11,0.01,36,21996,买盘
57,09:34:19,6.1,-0.01,36,21960,卖盘
58,09:34:22,6.1,0.0,1,610,卖盘
59,09:34:25,6.1,0.0,20,12200,买盘
60,09:34:34,6.1,0.0,27,16470,买盘
61,09:34:37,6.1,0.0,10,6100,卖盘
62,09:34:49,6.1,0.0,2,1220,卖盘
63,09:34:55,6.11,0.01,30,18330,买盘
64,09:35:04,6.1,-0.01,60,36600,卖盘
65,09:35:10,6.11,0.01,50,30550,买盘
66,09:35:13,6.1,-0.01,20,12200,卖盘
67,09:35:16,6.1,0.0,4,2440,卖盘
68,09:35:19,6.1,0.0,30,18300,卖盘
69,09:35:22,6.09,-0.01,160,97569,卖盘
70,09:35:31,6.1,0.01,10,6100,卖盘
71,09:35:34,6.1,0.0,10,6100,买盘
72,09:35:40,6.1,0.0,11,6716,卖盘
73,09:35:43,6.1,0.0,25,15250,卖盘
74,09:35:46,6.1,0.0,10,6100,卖盘
75,09:36:01,6.11,0.01,22,13440,买盘
76,09:36:04,6.1,-0.01,28,17080,卖盘
77,09:36:07,6.1,0.0,40,24400,卖盘
78,09:36:16,6.1,0.0,20,12200,卖盘
79,09:36:19,6.1,0.0,10,6100,卖盘
80,09:36:22,6.1,0.0,10,6100,卖盘
81,09:36:25,6.1,0.0,10,6100,卖盘
82,09:36:28,6.1,0.0,20,12200,买盘
83,09:36:52,6.09,-0.01,25,15225,卖盘
84,09:36:58,6.1,0.01,50,30500,买盘
85,09:37:16,6.1,0.0,11,6710,买盘
86,09:37:22,6.09,-0.01,8,4872,卖盘
87,09:37:40,6.09,0.0,40,24360,卖盘
88,09:37:55,6.1,0.01,7,4270,买盘
89,09:38:13,6.09,-0.01,1,609,卖盘
90,09:38:19,6.09,0.0,95,57855,卖盘
91,09:38:22,6.1,0.01,20,12200,买盘
92,09:38:28,6.1,0.0,6,3660,买盘
93,09:38:37,6.09,-0.01,10,6090,卖盘
94,09:38:43,6.09,0.0,10,6090,卖盘
95,09:38:46,6.09,0.0,10,6090,卖盘
96,09:38:49,6.1,0.01,18,10970,买盘
97,09:38:52,6.09,-0.01,25,15225,卖盘
98,09:38:55,6.09,0.0,40,24360,卖盘
99,09:38:58,6.09,0.0,4,2436,卖盘
100,09:39:00,6.09,0.0,15,9135,买盘
101,09:39:19,6.09,0.0,4,2436,买盘
102,09:39:25,6.09,0.0,7,4263,卖盘
103,09:39:28,6.09,0.0,25,15225,卖盘
104,09:39:52,6.1,0.01,91,55429,买盘
105,09:40:22,6.09,-0.01,127,77343,卖盘
106,09:40:25,6.09,0.0,20,12180,买盘
107,09:40:36,6.09,0.0,8,4872,卖盘
108,09:40:40,6.1,0.01,114,69440,买盘
109,09:40:43,6.09,-0.01,9,5481,卖盘
110,09:40:55,6.09,0.0,3,1827,卖盘
111,09:41:22,6.09,0.0,10,6090,卖盘
112,09:41:40,6.1,0.01,19,11590,买盘
113,09:41:49,6.09,-0.01,119,72471,卖盘
114,09:41:58,6.1,0.01,2,1220,买盘
115,09:42:04,6.09,-0.01,21,12789,卖盘
116,09:42:37,6.09,0.0,10,6090,卖盘
117,09:42:49,6.09,0.0,9,5481,卖盘
118,09:42:52,6.09,0.0,4,2436,卖盘
119,09:42:58,6.09,0.0,3,1827,卖盘
120,09:43:04,6.09,0.0,1,609,卖盘
121,09:43:25,6.09,0.0,217,132153,卖盘
122,09:43:42,6.09,0.0,18,10962,卖盘
123,09:43:46,6.09,0.0,11,6709,卖盘
124,09:44:01,6.09,0.0,15,9135,卖盘
125,09:44:10,6.09,0.0,83,50547,卖盘
126,09:44:25,6.08,-0.01,106,64448,卖盘
127,09:44:34,6.09,0.01,3,1827,买盘
128,09:44:40,6.08,-0.01,24,14592,卖盘
129,09:44:46,6.08,0.0,5,3040,卖盘
130,09:44:55,6.08,0.0,300,182400,卖盘
131,09:44:57,6.08,0.0,10,6080,卖盘
132,09:45:04,6.08,0.0,4,2432,卖盘
133,09:45:10,6.08,0.0,12,7296,卖盘
134,09:45:12,6.08,0.0,30,18240,卖盘
135,09:45:25,6.08,0.0,4,2432,买盘
136,09:45:34,6.08,0.0,21,12768,买盘
137,09:45:37,6.08,0.0,5,3040,买盘
138,09:46:01,6.08,0.0,52,31604,买盘
139,09:46:04,6.08,0.0,50,30400,买盘
140,09:46:09,6.08,0.0,14,8512,买盘
141,09:46:25,6.08,0.0,50,30400,卖盘
142,09:46:28,6.08,0.0,5,3040,卖盘
143,09:46:31,6.08,0.0,50,30400,卖盘
144,09:46:43,6.08,0.0,16,9728,买盘
145,09:46:46,6.08,0.0,7,4256,买盘
146,09:46:49,6.08,0.0,53,32224,卖盘
147,09:47:10,6.07,-0.01,5,3035,卖盘
148,09:47:13,6.08,0.01,40,24320,买盘
149,09:47:16,6.08,0.0,1,608,买盘
150,09:47:31,6.08,0.0,5,3040,卖盘
151,09:47:42,6.08,0.0,20,12160,卖盘
152,09:47:55,6.08,0.0,51,31008,卖盘
153,09:48:16,6.09,0.01,11,6699,买盘
154,09:48:25,6.09,0.0,3,1827,买盘
155,09:48:36,6.09,0.0,101,61508,买盘
156,09:49:01,6.09,0.0,30,18270,买盘
157,09:49:04,6.08,-0.01,6,3648,卖盘
158,09:49:09,6.08,0.0,119,72352,卖盘
159,09:49:28,6.08,0.0,10,6080,买盘
160,09:49:31,6.08,0.0,13,7904,买盘
161,09:49:51,6.08,0.0,1,608,卖盘
162,09:49:54,6.09,0.01,30,18270,买盘
163,09:49:58,6.08,-0.01,5,3040,卖盘
164,09:50:16,6.09,0.01,10,6090,买盘
165,09:50:31,6.09,0.0,94,57246,买盘
166,09:50:43,6.09,0.0,61,37149,买盘
167,09:51:28,6.09,0.0,3,1827,买盘
168,09:51:31,6.09,0.0,102,62118,买盘
169,09:51:52,6.09,0.0,10,6090,买盘
170,09:52:16,6.08,-0.01,122,74176,卖盘
171,09:52:19,6.09,0.01,27,16443,买盘
172,09:52:31,6.08,-0.01,117,71136,卖盘
173,09:52:49,6.08,0.0,15,9120,买盘
174,09:52:52,6.07,-0.01,2,1214,卖盘
175,09:53:04,6.07,0.0,100,60700,卖盘
176,09:53:07,6.07,0.0,5,3035,卖盘
177,09:53:22,6.08,0.01,29,17632,买盘
178,09:53:28,6.07,-0.01,16,9712,卖盘
179,09:53:54,6.07,0.0,135,81945,卖盘
180,09:54:01,6.07,0.0,5,3035,买盘
181,09:54:13,6.07,0.0,10,6070,买盘
182,09:54:16,6.06,-0.01,30,18180,卖盘
183,09:54:30,6.07,0.01,7,4249,买盘
184,09:54:46,6.06,-0.01,10,6060,卖盘
185,09:54:49,6.07,0.01,76,46132,买盘
186,09:54:52,6.06,-0.01,300,181800,卖盘
187,09:55:10,6.06,0.0,7,4244,卖盘
188,09:55:16,6.06,0.0,41,24846,卖盘
189,09:55:19,6.06,0.0,20,12120,卖盘
190,09:55:24,6.06,0.0,142,86052,卖盘
191,09:55:28,6.06,0.0,17,10302,卖盘
192,09:55:31,6.06,0.0,3,1818,卖盘
193,09:55:40,6.06,0.0,30,18180,卖盘
194,09:55:49,6.06,0.0,76,46056,卖盘
195,09:56:25,6.06,0.0,47,28482,卖盘
196,09:56:43,6.07,0.01,8,4856,买盘
197,09:56:55,6.07,0.0,10,6070,买盘
198,09:57:10,6.07,0.0,6,3642,买盘
199,09:57:16,6.07,0.0,71,43097,买盘
200,09:57:19,6.07,0.0,17,10319,买盘
201,09:57:22,6.07,0.0,4,2428,买盘
202,09:57:25,6.07,0.0,8,4856,买盘
203,09:57:34,6.07,0.0,25,15175,卖盘
204,09:57:37,6.08,0.01,24,14592,买盘
205,09:57:46,6.08,0.0,17,10336,买盘
206,09:57:52,6.08,0.0,4,2432,买盘
207,09:57:57,6.08,0.0,10,6080,买盘
208,09:58:00,6.08,0.0,100,60800,买盘
209,09:58:16,6.08,0.0,16,9728,买盘
210,09:58:18,6.08,0.0,347,210976,买盘
211,09:58:37,6.08,0.0,117,71136,卖盘
212,09:58:42,6.08,0.0,72,43792,卖盘
213,09:58:58,6.08,0.0,6,3648,买盘
214,09:59:01,6.08,0.0,9,5472,卖盘
215,09:59:28,6.09,0.01,100,60900,买盘
216,09:59:49,6.09,0.0,8,4872,买盘
217,09:59:52,6.09,0.0,10,6090,买盘
218,10:00:13,6.08,-0.01,98,59584,卖盘
219,10:00:22,6.08,0.0,10,6080,卖盘
220,10:00:28,6.08,0.0,15,9120,卖盘
221,10:00:37,6.08,0.0,9,5472,卖盘
222,10:01:07,6.08,0.0,40,24320,卖盘
223,10:01:28,6.09,0.01,10,6090,买盘
224,10:02:10,6.09,0.0,100,60900,买盘
225,10:02:16,6.09,0.0,8,4872,买盘
226,10:02:28,6.08,-0.01,20,12160,卖盘
227,10:03:09,6.09,0.01,10,6090,买盘
228,10:03:27,6.08,-0.01,46,27968,卖盘
229,10:03:30,6.09,0.01,22,13398,买盘
230,10:03:43,6.08,-0.01,16,9728,卖盘
231,10:04:22,6.08,0.0,10,6080,买盘
232,10:04:30,6.08,0.0,10,6080,卖盘
233,10:04:55,6.08,0.0,3,1824,买盘
234,10:05:04,6.07,-0.01,25,15175,卖盘
235,10:05:07,6.07,0.0,48,29136,卖盘
236,10:05:16,6.08,0.01,10,6080,买盘
237,10:05:25,6.08,0.0,10,6080,买盘
238,10:05:51,6.08,0.0,12,7296,买盘
239,10:06:04,6.07,-0.01,116,70465,卖盘
240,10:06:09,6.07,0.0,20,12140,卖盘
241,10:06:16,6.07,0.0,124,75268,卖盘
242,10:06:25,6.07,0.0,126,76482,卖盘
243,10:06:28,6.07,0.0,5,3035,卖盘
244,10:06:34,6.07,0.0,28,16996,卖盘
245,10:07:34,6.07,0.0,12,7284,卖盘
246,10:07:37,6.07,0.0,30,18210,买盘
247,10:07:52,6.07,0.0,9,5463,买盘
248,10:08:01,6.07,0.0,9,5463,卖盘
249,10:08:10,6.07,0.0,12,7284,卖盘
250,10:08:19,6.07,0.0,3,1821,买盘
251,10:08:28,6.07,0.0,1,607,卖盘
252,10:08:31,6.07,0.0,7,4249,卖盘
253,10:09:15,6.07,0.0,17,10319,卖盘
254,10:09:19,6.07,0.0,37,22459,卖盘
255,10:09:28,6.07,0.0,98,59486,卖盘
256,10:09:46,6.07,0.0,200,121400,卖盘
257,10:10:25,6.08,0.01,24,14592,买盘
258,10:10:43,6.08,0.0,42,25536,买盘
259,10:11:00,6.08,0.0,97,58976,买盘
260,10:11:10,6.08,0.0,5,3040,买盘
261,10:11:31,6.08,0.0,57,34656,买盘
262,10:11:42,6.08,0.0,99,60192,买盘
263,10:12:25,6.08,0.0,71,43168,卖盘
264,10:12:28,6.08,0.0,74,45018,卖盘
265,10:12:34,6.08,0.0,9,5472,卖盘
266,10:12:52,6.07,-0.01,67,40679,卖盘
267,10:13:07,6.08,0.01,50,30400,卖盘
268,10:13:34,6.08,0.0,74,44992,卖盘
269,10:14:07,6.08,0.0,30,18240,买盘
270,10:14:49,6.07,-0.01,42,25494,卖盘
271,10:15:31,6.07,0.0,64,38848,卖盘
272,10:15:49,6.07,0.0,9,5463,卖盘
273,10:16:00,6.07,0.0,28,16996,卖盘
274,10:16:19,6.07,0.0,51,30957,卖盘
275,10:16:28,6.07,0.0,173,105011,卖盘
276,10:16:31,6.07,0.0,94,57058,卖盘
277,10:16:36,6.07,0.0,6,3642,买盘
278,10:17:12,6.07,0.0,50,30350,买盘
279,10:17:28,6.07,0.0,27,16389,卖盘
280,10:18:16,6.07,0.0,10,6070,卖盘
281,10:18:19,6.07,0.0,50,30350,卖盘
282,10:18:52,6.06,-0.01,1,606,卖盘
283,10:19:52,6.06,0.0,30,18180,卖盘
284,10:20:01,6.05,-0.01,308,186598,卖盘
285,10:20:46,6.06,0.01,16,9696,买盘
286,10:20:58,6.05,-0.01,3,1815,卖盘
287,10:21:01,6.05,0.0,26,15740,卖盘
288,10:21:19,6.05,0.0,50,30250,卖盘
289,10:21:25,6.06,0.01,10,6060,买盘
290,10:21:43,6.06,0.0,17,10302,买盘
291,10:21:46,6.05,-0.01,36,21780,卖盘
292,10:22:13,6.05,0.0,218,131890,卖盘
293,10:22:22,6.06,0.01,5,3030,买盘
294,10:22:27,6.05,-0.01,70,42350,卖盘
295,10:22:46,6.06,0.01,5,3030,买盘
296,10:22:49,6.05,-0.01,4,2420,卖盘
297,10:23:18,6.06,0.01,41,24846,买盘
298,10:23:28,6.06,0.0,4,2424,买盘
299,10:23:43,6.05,-0.01,65,39325,卖盘
300,10:23:46,6.06,0.01,12,7272,买盘
301,10:23:55,6.06,0.0,5,3030,买盘
302,10:24:28,6.05,-0.01,22,13310,卖盘
303,10:24:36,6.05,0.0,82,49610,卖盘
304,10:26:10,6.05,0.0,135,81675,卖盘
305,10:26:46,6.06,0.01,3,1818,买盘
306,10:27:01,6.03,-0.03,1389,838503,卖盘
307,10:27:07,6.05,0.02,8,4840,买盘
308,10:27:19,6.04,-0.01,40,24160,卖盘
309,10:27:27,6.05,0.01,30,18150,买盘
310,10:27:40,6.05,0.0,53,32045,买盘
311,10:27:58,6.05,0.0,23,13915,买盘
312,10:28:07,6.05,0.0,230,138924,买盘
313,10:28:34,6.05,0.0,19,11495,买盘
314,10:28:40,6.05,0.0,1,605,卖盘
315,10:28:43,6.05,0.0,12,7260,卖盘
316,10:29:09,6.04,-0.01,120,72480,卖盘
317,10:29:16,6.04,0.0,89,53756,卖盘
318,10:29:31,6.04,0.0,5,3020,买盘
319,10:29:36,6.04,0.0,21,12684,买盘
320,10:29:42,6.04,0.0,200,120800,买盘
321,10:29:46,6.04,0.0,10,6040,买盘
322,10:29:52,6.04,0.0,16,9664,买盘
323,10:30:06,6.04,0.0,20,12080,买盘
324,10:30:10,6.04,0.0,77,46508,买盘
325,10:30:13,6.04,0.0,64,38656,买盘
326,10:30:28,6.04,0.0,70,42280,卖盘
327,10:30:31,6.05,0.01,55,33275,买盘
328,10:31:04,6.05,0.0,107,64735,卖盘
329,10:31:09,6.06,0.01,15,9087,买盘
330,10:31:13,6.06,0.0,4,2424,买盘
331,10:31:19,6.06,0.0,2,1212,买盘
332,10:32:22,6.06,0.0,4,2424,买盘
333,10:32:46,6.06,0.0,5,3030,买盘
334,10:33:25,6.06,0.0,2,1212,买盘
335,10:33:42,6.05,-0.01,79,47795,卖盘
336,10:34:01,6.05,0.0,145,87725,卖盘
337,10:34:04,6.06,0.01,54,32698,买盘
338,10:34:07,6.05,-0.01,4,2420,中性盘
339,10:34:52,6.05,0.0,5,3025,买盘
340,10:36:22,6.04,-0.01,2,1208,卖盘
341,10:36:40,6.05,0.01,132,79860,买盘
342,10:36:55,6.05,0.0,20,12100,买盘
343,10:37:01,6.04,-0.01,2,1208,卖盘
344,10:37:09,6.04,0.0,10,6040,卖盘
345,10:37:25,6.04,0.0,5,3020,卖盘
346,10:37:28,6.04,0.0,50,30200,卖盘
347,10:37:31,6.05,0.01,23,13915,买盘
348,10:37:37,6.04,-0.01,227,137214,卖盘
349,10:37:40,6.04,0.0,30,18120,卖盘
350,10:38:06,6.05,0.01,5,3025,买盘
351,10:38:10,6.06,0.01,5,3030,买盘
352,10:38:34,6.06,0.0,7,4242,买盘
353,10:38:51,6.05,-0.01,176,106480,卖盘
354,10:39:07,6.05,0.0,24,14520,买盘
355,10:39:27,6.05,0.0,16,9680,卖盘
356,10:39:31,6.05,0.0,4,2420,买盘
357,10:39:52,6.05,0.0,80,48400,卖盘
358,10:40:25,6.06,0.01,166,100596,买盘
359,10:40:34,6.06,0.0,100,60600,买盘
360,10:40:39,6.06,0.0,10,6060,买盘
361,10:40:55,6.05,-0.01,1,605,卖盘
362,10:41:04,6.06,0.01,37,22422,买盘
363,10:41:12,6.06,0.0,10,6060,买盘
364,10:41:28,6.06,0.0,1,606,买盘
365,10:41:37,6.06,0.0,11,6666,买盘
366,10:42:18,6.05,-0.01,145,87725,卖盘
367,10:43:12,6.06,0.01,39,23634,买盘
368,10:43:42,6.06,0.0,70,42420,买盘
369,10:43:52,6.05,-0.01,20,12100,卖盘
370,10:44:04,6.06,0.01,12,7272,买盘
371,10:44:57,6.05,-0.01,69,41745,卖盘
372,10:45:37,6.05,0.0,22,13310,卖盘
373,10:45:49,6.05,0.0,10,6050,卖盘
374,10:45:51,6.05,0.0,76,45980,卖盘
375,10:45:55,6.05,0.0,23,13915,卖盘
376,10:46:04,6.05,0.0,20,12100,卖盘
377,10:46:27,6.05,0.0,27,16335,买盘
378,10:48:04,6.04,-0.01,32,19328,卖盘
379,10:48:12,6.04,0.0,4,2416,卖盘
380,10:48:49,6.04,0.0,10,6040,卖盘
381,10:48:51,6.04,0.0,1,604,卖盘
382,10:48:58,6.04,0.0,40,24160,卖盘
383,10:49:36,6.05,0.01,12,7260,买盘
384,10:49:43,6.05,0.0,21,12705,买盘
385,10:49:58,6.04,-0.01,54,32616,卖盘
386,10:50:54,6.05,0.01,54,32670,买盘
387,10:51:09,6.05,0.0,82,49610,买盘
388,10:51:37,6.05,0.0,7,4235,卖盘
389,10:51:40,6.06,0.01,8,4848,买盘
390,10:51:48,6.05,-0.01,44,26620,卖盘
391,10:52:46,6.04,-0.01,126,76104,卖盘
392,10:52:54,6.05,0.01,1,605,买盘
393,10:52:58,6.04,-0.01,17,10268,卖盘
394,10:53:34,6.05,0.01,3,1815,买盘
395,10:53:42,6.04,-0.01,50,30200,卖盘
396,10:53:46,6.05,0.01,5,3025,买盘
397,10:54:54,6.05,0.0,33,19965,买盘
398,10:57:04,6.05,0.0,20,12100,买盘
399,10:58:03,6.05,0.0,1,605,买盘
400,10:58:16,6.05,0.0,59,35695,买盘
401,10:58:34,6.05,0.0,37,22385,卖盘
402,10:58:48,6.04,-0.01,113,68252,卖盘
403,10:58:51,6.05,0.01,23,13915,买盘
404,10:59:16,6.05,0.0,25,15125,卖盘
405,10:59:22,6.05,0.0,8,4840,卖盘
406,10:59:25,6.05,0.0,5,3025,买盘
407,10:59:31,6.05,0.0,10,6050,卖盘
408,10:59:37,6.05,0.0,25,15125,卖盘
409,10:59:45,6.05,0.0,29,17545,卖盘
410,10:59:51,6.05,0.0,24,14520,买盘
411,11:00:30,6.04,-0.01,5,3020,卖盘
412,11:00:34,6.04,0.0,10,6040,卖盘
413,11:00:46,6.05,0.01,20,12100,买盘
414,11:01:01,6.05,0.0,2,1210,买盘
415,11:01:07,6.04,-0.01,3,1812,卖盘
416,11:01:31,6.04,0.0,5,3020,卖盘
417,11:01:43,6.04,0.0,27,16308,卖盘
418,11:02:10,6.05,0.01,26,15730,买盘
419,11:02:43,6.05,0.0,29,17545,卖盘
420,11:02:55,6.05,0.0,19,11495,卖盘
421,11:03:04,6.05,0.0,5,3025,卖盘
422,11:03:06,6.05,0.0,2,1210,卖盘
423,11:03:09,6.05,0.0,2,1210,卖盘
424,11:03:12,6.05,0.0,2,1210,卖盘
425,11:03:16,6.05,0.0,2,1210,卖盘
426,11:03:19,6.05,0.0,46,27830,卖盘
427,11:03:43,6.05,0.0,4,2420,买盘
428,11:03:49,6.05,0.0,25,15125,买盘
429,11:04:04,6.05,0.0,51,30855,卖盘
430,11:04:18,6.04,-0.01,13,7852,卖盘
431,11:04:28,6.05,0.01,32,19360,买盘
432,11:04:31,6.05,0.0,15,9075,卖盘
433,11:04:37,6.05,0.0,2,1210,卖盘
434,11:05:04,6.05,0.0,7,4235,卖盘
435,11:06:07,6.05,0.0,30,18150,买盘
436,11:06:16,6.04,-0.01,1,604,卖盘
437,11:06:25,6.04,0.0,38,22952,卖盘
438,11:06:58,6.05,0.01,22,13310,买盘
439,11:07:04,6.05,0.0,1,605,买盘
440,11:07:19,6.05,0.0,16,9680,卖盘
441,11:07:25,6.05,0.0,14,8470,买盘
442,11:07:34,6.05,0.0,9,5445,买盘
443,11:08:16,6.05,0.0,143,86515,卖盘
444,11:08:28,6.05,0.0,5,3025,买盘
445,11:08:33,6.05,0.0,50,30250,买盘
446,11:08:54,6.05,0.0,35,21175,卖盘
447,11:09:01,6.05,0.0,2,1210,买盘
448,11:09:10,6.05,0.0,12,7260,买盘
449,11:09:13,6.04,-0.01,1,604,卖盘
450,11:09:37,6.05,0.01,248,150116,买盘
451,11:09:43,6.05,0.0,165,99825,卖盘
452,11:09:46,6.05,0.0,178,107690,卖盘
453,11:09:51,6.05,0.0,2,1210,卖盘
454,11:09:54,6.05,0.0,16,9680,卖盘
455,11:10:18,6.04,-0.01,10,6040,卖盘
456,11:11:04,6.04,0.0,2,1208,卖盘
457,11:11:28,6.04,0.0,36,21744,卖盘
458,11:11:52,6.04,0.0,432,260928,卖盘
459,11:11:55,6.04,0.0,68,41072,卖盘
460,11:12:21,6.05,0.01,2,1210,买盘
461,11:12:40,6.04,-0.01,1,604,卖盘
462,11:12:43,6.05,0.01,20,12100,买盘
463,11:13:40,6.04,-0.01,30,18120,卖盘
464,11:13:46,6.04,0.0,44,26576,卖盘
465,11:13:48,6.04,0.0,7,4228,卖盘
466,11:13:58,6.04,0.0,85,51340,卖盘
467,11:14:54,6.04,0.0,33,19932,卖盘
468,11:15:13,6.04,0.0,3,1812,卖盘
469,11:15:40,6.04,0.0,20,12080,卖盘
470,11:16:09,6.04,0.0,57,34428,卖盘
471,11:16:24,6.05,0.01,33,19965,买盘
472,11:16:30,6.05,0.0,77,46585,买盘
473,11:16:43,6.04,-0.01,32,19328,卖盘
474,11:17:34,6.04,0.0,1,604,卖盘
475,11:18:36,6.05,0.01,94,56870,买盘
476,11:19:07,6.05,0.0,71,42955,买盘
477,11:19:15,6.05,0.0,21,12705,买盘
478,11:19:46,6.05,0.0,7,4235,卖盘
479,11:19:54,6.05,0.0,7,4235,卖盘
480,11:20:09,6.04,-0.01,20,12080,卖盘
481,11:21:10,6.04,0.0,20,12080,卖盘
482,11:21:19,6.04,0.0,20,12080,卖盘
483,11:22:48,6.05,0.01,16,9680,买盘
484,11:23:01,6.06,0.01,2,1212,买盘
485,11:23:19,6.05,-0.01,34,20570,卖盘
486,11:23:54,6.05,0.0,5,3025,买盘
487,11:24:04,6.05,0.0,221,133705,买盘
488,11:24:18,6.05,0.0,25,15125,买盘
489,11:24:40,6.05,0.0,30,18150,买盘
490,11:24:43,6.05,0.0,10,6050,买盘
491,11:25:00,6.05,0.0,1,605,买盘
492,11:25:45,6.04,-0.01,15,9060,卖盘
493,11:26:15,6.04,0.0,30,18120,卖盘
494,11:27:12,6.04,0.0,38,22952,卖盘
495,11:27:33,6.04,0.0,25,15100,卖盘
496,11:28:15,6.04,0.0,210,126840,卖盘
497,11:28:33,6.04,0.0,122,73688,卖盘
498,11:29:31,6.06,0.02,23,13938,买盘
499,13:00:07,6.06,0.0,48,29088,买盘
500,13:00:33,6.06,0.0,1,606,买盘
501,13:00:55,6.06,0.0,37,22422,卖盘
502,13:01:13,6.06,0.0,37,22422,买盘
503,13:01:31,6.06,0.0,12,7272,卖盘
504,13:01:37,6.06,0.0,2,1212,卖盘
505,13:01:39,6.06,0.0,2,1212,卖盘
506,13:01:43,6.06,0.0,7,4242,卖盘
507,13:01:46,6.06,0.0,2,1212,卖盘
508,13:01:49,6.06,0.0,22,13332,卖盘
509,13:01:52,6.06,0.0,14,8484,卖盘
510,13:01:55,6.06,0.0,2,1212,卖盘
511,13:01:57,6.06,0.0,1,606,卖盘
512,13:02:30,6.06,0.0,36,21816,买盘
513,13:04:07,6.05,-0.01,20,12100,卖盘
514,13:05:18,6.05,0.0,152,91960,卖盘
515,13:06:54,6.04,-0.01,27,16308,卖盘
516,13:07:33,6.04,0.0,10,6040,卖盘
517,13:07:36,6.04,0.0,5,3020,卖盘
518,13:07:55,6.05,0.01,50,30250,买盘
519,13:08:04,6.04,-0.01,9,5436,卖盘
520,13:08:36,6.04,0.0,10,6040,卖盘
521,13:08:51,6.05,0.01,23,13894,买盘
522,13:09:52,6.05,0.0,25,15125,买盘
523,13:10:07,6.05,0.0,39,23595,买盘
524,13:10:31,6.05,0.0,64,38720,买盘
525,13:11:12,6.05,0.0,10,6050,买盘
526,13:11:16,6.05,0.0,6,3630,买盘
527,13:11:24,6.04,-0.01,23,13892,卖盘
528,13:11:28,6.05,0.01,17,10285,买盘
529,13:12:24,6.04,-0.01,100,60400,卖盘
530,13:12:30,6.05,0.01,38,22990,买盘
531,13:12:39,6.04,-0.01,17,10268,卖盘
532,13:13:45,6.04,0.0,4,2416,卖盘
533,13:13:52,6.05,0.01,5,3025,买盘
534,13:14:12,6.05,0.0,20,12100,买盘
535,13:14:33,6.04,-0.01,9,5436,卖盘
536,13:14:46,6.04,0.0,5,3020,卖盘
537,13:15:10,6.04,0.0,23,13892,卖盘
538,13:15:46,6.04,0.0,50,30200,卖盘
539,13:16:30,6.04,0.0,10,6040,卖盘
540,13:17:48,6.04,0.0,1,604,卖盘
541,13:18:37,6.04,0.0,100,60400,卖盘
542,13:18:55,6.04,0.0,10,6040,卖盘
543,13:19:09,6.04,0.0,8,4832,卖盘
544,13:19:15,6.04,0.0,10,6040,卖盘
545,13:19:18,6.04,0.0,48,28992,卖盘
546,13:19:24,6.04,0.0,12,7248,卖盘
547,13:19:31,6.04,0.0,23,13892,卖盘
548,13:20:31,6.04,0.0,10,6040,买盘
549,13:20:42,6.04,0.0,2,1208,买盘
550,13:21:19,6.03,-0.01,12,7236,卖盘
551,13:21:21,6.03,0.0,18,10854,卖盘
552,13:21:31,6.03,0.0,8,4824,卖盘
553,13:21:40,6.03,0.0,225,135675,卖盘
554,13:22:07,6.03,0.0,5,3015,卖盘
555,13:22:31,6.03,0.0,10,6030,卖盘
556,13:23:04,6.03,0.0,140,84420,卖盘
557,13:23:15,6.04,0.01,51,30758,买盘
558,13:23:19,6.03,-0.01,48,28944,卖盘
559,13:23:21,6.03,0.0,60,36180,卖盘
560,13:23:27,6.03,0.0,1,603,卖盘
561,13:23:34,6.03,0.0,1,603,卖盘
562,13:23:40,6.03,0.0,1,603,卖盘
563,13:23:42,6.03,0.0,3,1809,卖盘
564,13:23:49,6.04,0.01,43,25972,买盘
565,13:23:55,6.04,0.0,4,2416,买盘
566,13:24:13,6.03,-0.01,3,1809,卖盘
567,13:24:22,6.03,0.0,70,42210,卖盘
568,13:24:25,6.03,0.0,3,1809,买盘
569,13:24:30,6.03,0.0,14,8442,卖盘
570,13:24:40,6.03,0.0,20,12060,买盘
571,13:24:58,6.02,-0.01,20,12040,卖盘
572,13:25:00,6.02,0.0,68,40936,卖盘
573,13:25:04,6.03,0.01,66,39798,买盘
574,13:25:15,6.02,-0.01,3,1806,卖盘
575,13:25:22,6.02,0.0,56,33712,卖盘
576,13:25:36,6.02,0.0,38,22876,卖盘
577,13:25:43,6.02,0.0,3,1806,买盘
578,13:26:37,6.02,0.0,10,6020,卖盘
579,13:26:42,6.03,0.01,5,3015,买盘
580,13:26:45,6.03,0.0,24,14457,买盘
581,13:26:58,6.02,-0.01,80,48160,卖盘
582,13:27:04,6.02,0.0,50,30100,卖盘
583,13:27:31,6.02,0.0,1,602,卖盘
584,13:27:40,6.02,0.0,19,11438,卖盘
585,13:27:55,6.02,0.0,61,36722,卖盘
586,13:28:04,6.02,0.0,33,19866,卖盘
587,13:28:19,6.02,0.0,10,6020,买盘
588,13:28:25,6.03,0.01,23,13852,买盘
589,13:28:30,6.01,-0.02,31,18644,卖盘
590,13:28:36,6.01,0.0,11,6611,卖盘
591,13:28:40,6.01,0.0,2,1202,卖盘
592,13:28:43,6.01,0.0,244,146644,卖盘
593,13:29:07,6.0,-0.01,139,83400,卖盘
594,13:29:10,6.0,0.0,88,52800,卖盘
595,13:29:13,6.0,0.0,140,84000,卖盘
596,13:29:15,6.01,0.01,13,7813,买盘
597,13:29:22,6.0,-0.01,30,18000,卖盘
598,13:29:28,6.01,0.01,10,6005,买盘
599,13:29:31,6.0,-0.01,30,18000,卖盘
600,13:29:36,6.0,0.0,16,9600,卖盘
601,13:29:43,6.0,0.0,4,2400,买盘
602,13:29:51,6.0,0.0,10,6000,卖盘
603,13:29:55,6.0,0.0,8,4800,卖盘
604,13:30:00,6.0,0.0,10,6000,卖盘
605,13:30:04,6.0,0.0,20,12000,卖盘
606,13:30:07,6.0,0.0,37,22200,买盘
607,13:30:18,6.0,0.0,1,600,买盘
608,13:30:22,6.0,0.0,4,2400,买盘
609,13:30:25,6.0,0.0,22,13200,买盘
610,13:30:28,5.99,-0.01,77,46123,卖盘
611,13:30:37,6.0,0.01,6,3600,买盘
612,13:30:40,6.0,0.0,78,46780,买盘
613,13:30:43,6.0,0.0,30,18000,卖盘
614,13:30:55,6.0,0.0,50,29956,买盘
615,13:31:13,6.0,0.0,1,600,卖盘
616,13:31:24,6.01,0.01,55,33055,买盘
617,13:31:36,6.01,0.0,25,15025,卖盘
618,13:31:40,6.02,0.01,72,43343,买盘
619,13:32:16,6.03,0.01,1,603,买盘
620,13:32:43,6.02,-0.01,27,16254,卖盘
621,13:33:01,6.02,0.0,17,10234,卖盘
622,13:33:34,6.02,0.0,37,22274,卖盘
623,13:34:04,6.02,0.0,165,99330,买盘
624,13:34:28,6.02,0.0,5,3010,买盘
625,13:34:52,6.02,0.0,14,8428,买盘
626,13:35:01,6.02,0.0,6,3612,卖盘
627,13:35:09,6.02,0.0,6,3612,买盘
628,13:35:19,6.02,0.0,10,6020,买盘
629,13:35:28,6.02,0.0,40,24080,买盘
630,13:35:43,6.01,-0.01,10,6010,卖盘
631,13:35:49,6.01,0.0,50,30050,卖盘
632,13:35:58,6.01,0.0,20,12020,卖盘
633,13:36:18,6.01,0.0,30,18030,卖盘
634,13:36:25,6.01,0.0,10,6010,买盘
635,13:36:49,6.0,-0.01,18,10810,卖盘
636,13:36:58,6.0,0.0,38,22800,卖盘
637,13:37:06,6.0,0.0,29,17400,卖盘
638,13:37:16,6.01,0.01,10,6010,买盘
639,13:37:22,6.0,-0.01,148,88800,卖盘
640,13:37:34,6.0,0.0,50,30000,买盘
641,13:37:48,6.0,0.0,8,4800,买盘
642,13:38:10,6.01,0.01,10,6010,买盘
643,13:38:25,6.0,-0.01,25,15016,卖盘
644,13:38:57,6.01,0.01,10,6010,买盘
645,13:39:10,6.01,0.0,5,3005,买盘
646,13:39:13,6.0,-0.01,5,3000,卖盘
647,13:39:16,6.01,0.01,20,12020,买盘
648,13:39:34,6.0,-0.01,1,600,卖盘
649,13:39:46,6.01,0.01,10,6010,买盘
650,13:39:55,6.0,-0.01,20,12000,卖盘
651,13:40:34,6.01,0.01,65,39065,买盘
652,13:40:40,6.01,0.0,60,36060,买盘
653,13:40:46,6.01,0.0,70,42070,买盘
654,13:40:52,6.01,0.0,11,6611,买盘
655,13:40:57,6.01,0.0,70,42070,买盘
656,13:41:07,6.01,0.0,100,60100,买盘
657,13:41:16,6.01,0.0,3,1803,买盘
658,13:41:24,6.01,0.0,24,14424,买盘
659,13:41:34,6.0,-0.01,27,16203,卖盘
660,13:41:37,6.01,0.01,32,19232,买盘
661,13:41:52,6.01,0.0,50,30050,买盘
662,13:41:55,6.01,0.0,160,96160,买盘
663,13:41:57,6.01,0.0,14,8410,买盘
664,13:42:01,6.01,0.0,20,12020,买盘
665,13:42:10,6.01,0.0,85,51085,买盘
666,13:42:37,6.02,0.01,40,24080,买盘
667,13:42:43,6.02,0.0,30,18060,卖盘
668,13:42:49,6.02,0.0,70,42140,买盘
669,13:43:10,6.02,0.0,1,602,卖盘
670,13:43:22,6.02,0.0,29,17458,卖盘
671,13:43:40,6.02,0.0,40,24080,卖盘
672,13:43:43,6.02,0.0,105,63210,卖盘
673,13:43:49,6.01,-0.01,35,21035,卖盘
674,13:44:22,6.02,0.01,10,6020,买盘
675,13:44:25,6.02,0.0,7,4214,买盘
676,13:44:31,6.01,-0.01,5,3005,卖盘
677,13:44:52,6.01,0.0,3,1803,卖盘
678,13:45:27,6.01,0.0,497,298697,卖盘
679,13:45:46,6.01,0.0,3,1803,买盘
680,13:45:54,6.01,0.0,1,601,卖盘
681,13:45:58,6.01,0.0,1,601,卖盘
682,13:46:04,6.01,0.0,25,15025,卖盘
683,13:46:15,6.01,0.0,20,12020,买盘
684,13:46:31,6.01,0.0,50,30050,买盘
685,13:46:34,6.01,0.0,9,5409,买盘
686,13:46:37,6.0,-0.01,15,9000,卖盘
687,13:46:58,6.0,0.0,98,58800,卖盘
688,13:47:01,6.0,0.0,49,29400,卖盘
689,13:47:19,6.0,0.0,60,36000,卖盘
690,13:47:28,6.0,0.0,313,187800,卖盘
691,13:47:52,5.99,-0.01,102,61098,卖盘
692,13:48:07,5.99,0.0,99,59301,卖盘
693,13:48:24,5.98,-0.01,400,239200,卖盘
694,13:48:30,5.98,0.0,79,47242,卖盘
695,13:48:34,5.98,0.0,20,11960,买盘
696,13:48:42,5.97,-0.01,100,59700,卖盘
697,13:48:55,5.97,0.0,118,70456,卖盘
698,13:49:04,5.96,-0.01,50,29800,卖盘
699,13:49:06,5.96,0.0,4,2387,卖盘
700,13:49:16,5.96,0.0,89,53044,卖盘
701,13:49:19,5.96,0.0,193,115028,卖盘
702,13:49:21,5.97,0.01,10,5970,买盘
703,13:49:24,5.96,-0.01,135,80490,卖盘
704,13:49:28,5.97,0.01,6,3578,买盘
705,13:49:42,5.96,-0.01,105,62580,卖盘
706,13:49:45,5.96,0.0,22,13114,卖盘
707,13:49:52,5.96,0.0,80,47680,卖盘
708,13:49:58,5.97,0.01,23,13731,买盘
709,13:50:01,5.97,0.0,3,1791,买盘
710,13:50:07,5.96,-0.01,1,596,卖盘
711,13:50:09,5.96,0.0,10,5960,卖盘
712,13:50:16,5.97,0.01,4,2388,买盘
713,13:50:22,5.96,-0.01,130,77480,卖盘
714,13:50:28,5.96,0.0,2,1192,卖盘
715,13:50:43,5.96,0.0,17,10132,卖盘
716,13:50:46,5.97,0.01,202,120464,买盘
717,13:50:58,5.96,-0.01,140,83455,卖盘
718,13:51:01,5.97,0.01,22,13134,买盘
719,13:51:07,5.96,-0.01,210,125298,卖盘
720,13:51:16,5.97,0.01,7,4179,卖盘
721,13:51:18,5.97,0.0,78,46566,卖盘
722,13:51:28,5.96,-0.01,35,20860,卖盘
723,13:51:31,5.97,0.01,74,44178,买盘
724,13:51:51,5.96,-0.01,55,32785,卖盘
725,13:51:58,5.97,0.01,1,597,买盘
726,13:52:01,5.97,0.0,5,2985,买盘
727,13:52:07,5.96,-0.01,41,24446,卖盘
728,13:52:09,5.97,0.01,7,4179,买盘
729,13:52:13,5.97,0.0,2,1194,买盘
730,13:52:16,5.97,0.0,16,9552,买盘
731,13:52:18,5.96,-0.01,150,89400,卖盘
732,13:52:21,5.97,0.01,2,1194,买盘
733,13:52:28,5.97,0.0,17,10149,卖盘
734,13:52:34,5.97,0.0,27,16119,卖盘
735,13:52:52,5.97,0.0,15,8955,卖盘
736,13:52:55,5.98,0.01,14,8372,买盘
737,13:53:07,5.97,-0.01,50,29850,卖盘
738,13:53:15,5.98,0.01,1,598,买盘
739,13:53:21,5.98,0.0,9,5382,买盘
740,13:53:51,5.97,-0.01,195,116419,卖盘
741,13:54:04,5.97,0.0,1,597,买盘
742,13:54:07,5.96,-0.01,62,36952,卖盘
743,13:54:10,5.97,0.01,23,13731,买盘
744,13:54:19,5.96,-0.01,352,209792,卖盘
745,13:54:28,5.96,0.0,1,596,买盘
746,13:54:34,5.96,0.0,9,5364,卖盘
747,13:54:40,5.96,0.0,18,10728,买盘
748,13:54:48,5.96,0.0,41,24436,买盘
749,13:54:58,5.96,0.0,20,11920,卖盘
750,13:55:01,5.96,0.0,19,11324,卖盘
751,13:55:06,5.95,-0.01,56,33332,卖盘
752,13:55:10,5.95,0.0,175,104125,卖盘
753,13:55:12,5.96,0.01,19,11324,买盘
754,13:55:22,5.95,-0.01,234,139230,卖盘
755,13:55:25,5.95,0.0,233,138635,卖盘
756,13:55:31,5.95,0.0,35,20825,买盘
757,13:55:34,5.94,-0.01,8,4752,卖盘
758,13:55:39,5.94,0.0,50,29700,卖盘
759,13:55:42,5.94,0.0,3,1782,卖盘
760,13:55:48,5.93,-0.01,67,39762,卖盘
761,13:55:58,5.93,0.0,19,11267,卖盘
762,13:56:01,5.93,0.0,6,3558,卖盘
763,13:56:10,5.94,0.01,66,39204,买盘
764,13:56:15,5.93,-0.01,57,33801,卖盘
765,13:56:19,5.93,0.0,50,29650,买盘
766,13:56:25,5.93,0.0,30,17790,买盘
767,13:56:28,5.93,0.0,5,2965,买盘
768,13:56:30,5.93,0.0,14,8302,买盘
769,13:56:33,5.93,0.0,50,29650,买盘
770,13:56:36,5.93,0.0,6,3558,买盘
771,13:56:39,5.93,0.0,128,75874,买盘
772,13:56:45,5.93,0.0,10,5930,卖盘
773,13:56:52,5.94,0.01,12,7128,买盘
774,13:56:58,5.94,0.0,181,107514,买盘
775,13:57:04,5.94,0.0,60,35640,卖盘
776,13:57:07,5.95,0.01,4,2380,买盘
777,13:57:10,5.95,0.0,20,11900,买盘
778,13:57:16,5.95,0.0,16,9520,买盘
779,13:57:19,5.94,-0.01,203,120604,卖盘
780,13:57:22,5.95,0.01,33,19635,中性盘
781,13:57:28,5.96,0.01,40,23840,买盘
782,13:57:46,5.96,0.0,10,5960,买盘
783,13:57:52,5.96,0.0,5,2980,买盘
784,13:57:55,5.96,0.0,23,13708,买盘
785,13:58:04,5.96,0.0,26,15496,卖盘
786,13:58:19,5.95,-0.01,10,5950,卖盘
787,13:58:24,5.96,0.01,41,24436,买盘
788,13:58:34,5.95,-0.01,349,207655,卖盘
789,13:58:37,5.95,0.0,5,2975,买盘
790,13:58:43,5.95,0.0,10,5950,买盘
791,13:59:01,5.94,-0.01,120,71280,卖盘
792,13:59:10,5.95,0.01,30,17850,买盘
793,13:59:16,5.94,-0.01,15,8910,卖盘
794,13:59:19,5.93,-0.01,61,36173,卖盘
795,13:59:22,5.94,0.01,5,2970,买盘
796,13:59:31,5.94,0.0,13,7722,买盘
797,13:59:34,5.94,0.0,3,1782,买盘
798,13:59:40,5.93,-0.01,150,89048,卖盘
799,13:59:46,5.94,0.01,9,5346,卖盘
800,13:59:49,5.93,-0.01,75,44545,卖盘
801,14:00:01,5.93,0.0,228,135204,卖盘
802,14:00:16,5.91,-0.02,310,183512,卖盘
803,14:00:25,5.92,0.01,10,5920,卖盘
804,14:00:28,5.92,0.0,10,5920,卖盘
805,14:00:31,5.91,-0.01,50,29568,卖盘
806,14:00:37,5.91,0.0,103,60873,卖盘
807,14:00:39,5.91,0.0,151,89241,卖盘
808,14:00:42,5.9,-0.01,784,462753,卖盘
809,14:00:49,5.91,0.01,6,3546,买盘
810,14:00:52,5.89,-0.02,50,29477,卖盘
811,14:01:04,5.9,0.01,1,590,买盘
812,14:01:07,5.9,0.0,4,2360,卖盘
813,14:01:10,5.9,0.0,2,1180,买盘
814,14:01:13,5.9,0.0,4,2360,买盘
815,14:01:16,5.9,0.0,257,151542,买盘
816,14:01:19,5.9,0.0,90,53100,买盘
817,14:01:22,5.9,0.0,76,44840,买盘
818,14:01:25,5.9,0.0,181,106790,买盘
819,14:01:28,5.9,0.0,59,34802,买盘
820,14:01:31,5.9,0.0,71,41890,买盘
821,14:01:34,5.9,0.0,88,51920,买盘
822,14:01:46,5.91,0.01,89,52599,买盘
823,14:01:49,5.9,-0.01,228,134530,卖盘
824,14:01:54,5.91,0.01,10,5910,卖盘
825,14:02:01,5.91,0.0,21,12411,卖盘
826,14:02:10,5.92,0.01,5,2960,买盘
827,14:02:16,5.91,-0.01,20,11820,卖盘
828,14:02:19,5.92,0.01,2,1184,买盘
829,14:02:28,5.92,0.0,17,10064,买盘
830,14:02:30,5.92,0.0,160,94720,买盘
831,14:02:34,5.91,-0.01,66,39046,卖盘
832,14:02:40,5.92,0.01,4,2368,中性盘
833,14:02:43,5.92,0.0,16,9472,买盘
834,14:02:46,5.92,0.0,132,78145,卖盘
835,14:02:52,5.92,0.0,6,3552,买盘
836,14:03:04,5.92,0.0,10,5920,卖盘
837,14:03:10,5.93,0.01,14,8302,买盘
838,14:03:13,5.93,0.0,112,66416,买盘
839,14:03:28,5.93,0.0,2,1186,卖盘
840,14:03:31,5.94,0.01,62,36828,买盘
841,14:03:34,5.94,0.0,13,7722,卖盘
842,14:03:40,5.94,0.0,1,594,卖盘
843,14:03:49,5.94,0.0,118,70092,卖盘
844,14:03:52,5.93,-0.01,24,14250,卖盘
845,14:03:55,5.94,0.01,10,5940,买盘
846,14:04:00,5.93,-0.01,16,9488,卖盘
847,14:04:13,5.94,0.01,42,24948,买盘
848,14:04:19,5.94,0.0,156,92664,买盘
849,14:04:28,5.93,-0.01,100,59366,卖盘
850,14:04:34,5.94,0.01,4,2376,买盘
851,14:04:40,5.94,0.0,21,12474,买盘
852,14:04:43,5.93,-0.01,10,5930,卖盘
853,14:04:49,5.93,0.0,42,24906,卖盘
854,14:04:58,5.93,0.0,1,593,买盘
855,14:05:04,5.92,-0.01,155,91760,卖盘
856,14:05:12,5.92,0.0,148,87616,买盘
857,14:05:19,5.92,0.0,5,2960,买盘
858,14:05:22,5.92,0.0,50,29600,买盘
859,14:05:28,5.92,0.0,28,16576,买盘
860,14:05:34,5.92,0.0,241,142672,卖盘
861,14:05:46,5.91,-0.01,112,66214,卖盘
862,14:05:49,5.91,0.0,52,30782,卖盘
863,14:05:58,5.92,0.01,5,2960,买盘
864,14:06:01,5.92,0.0,109,64528,买盘
865,14:06:07,5.91,-0.01,26,15366,卖盘
866,14:06:10,5.92,0.01,5,2960,买盘
867,14:06:13,5.92,0.0,10,5920,买盘
868,14:06:16,5.91,-0.01,32,18914,卖盘
869,14:06:19,5.91,0.0,143,84513,卖盘
870,14:06:22,5.91,0.0,6,3546,买盘
871,14:06:25,5.92,0.01,240,141917,买盘
872,14:06:27,5.91,-0.01,15,8865,中性盘
873,14:06:31,5.92,0.01,12,7104,买盘
874,14:06:40,5.92,0.0,10,5920,买盘
875,14:06:43,5.92,0.0,11,6512,买盘
876,14:06:46,5.92,0.0,15,8880,买盘
877,14:06:48,5.92,0.0,24,14208,卖盘
878,14:06:55,5.92,0.0,69,40848,卖盘
879,14:07:10,5.93,0.01,10,5930,买盘
880,14:07:19,5.93,0.0,39,23089,买盘
881,14:07:25,5.92,-0.01,3,1776,卖盘
882,14:07:28,5.93,0.01,20,11860,买盘
883,14:07:31,5.93,0.0,100,59300,买盘
884,14:07:43,5.93,0.0,3,1779,卖盘
885,14:07:52,5.94,0.01,50,29700,买盘
886,14:07:55,5.94,0.0,99,58806,买盘
887,14:07:57,5.93,-0.01,24,14232,卖盘
888,14:08:10,5.94,0.01,10,5940,买盘
889,14:08:16,5.93,-0.01,5,2965,卖盘
890,14:08:24,5.93,0.0,23,13639,卖盘
891,14:08:27,5.93,0.0,8,4744,卖盘
892,14:08:43,5.94,0.01,3,1782,买盘
893,14:08:46,5.94,0.0,108,64152,买盘
894,14:08:49,5.93,-0.01,10,5930,卖盘
895,14:09:04,5.93,0.0,232,137576,卖盘
896,14:09:06,5.94,0.01,28,16632,买盘
897,14:09:24,5.94,0.0,2,1188,卖盘
898,14:09:37,5.94,0.0,1,594,卖盘
899,14:09:40,5.95,0.01,18,10710,买盘
900,14:09:45,5.95,0.0,1,595,买盘
901,14:09:48,5.95,0.0,83,49385,买盘
902,14:10:01,5.94,-0.01,1,594,卖盘
903,14:10:34,5.94,0.0,2,1188,卖盘
904,14:10:37,5.94,0.0,16,9504,卖盘
905,14:10:48,5.94,0.0,245,145580,卖盘
906,14:11:04,5.93,-0.01,2,1188,卖盘
907,14:11:16,5.94,0.01,2,1188,卖盘
908,14:11:21,5.94,0.0,5,2970,卖盘
909,14:11:31,5.94,0.0,10,5940,卖盘
910,14:11:39,5.94,0.0,4,2376,卖盘
911,14:11:55,5.95,0.01,125,74375,买盘
912,14:12:43,5.94,-0.01,8,4752,卖盘
913,14:12:46,5.94,0.0,109,64746,卖盘
914,14:12:55,5.93,-0.01,249,147657,卖盘
915,14:12:58,5.93,0.0,14,8302,买盘
916,14:13:01,5.92,-0.01,100,59200,卖盘
917,14:13:04,5.92,0.0,18,10656,卖盘
918,14:13:07,5.91,-0.01,201,118792,卖盘
919,14:13:13,5.91,0.0,14,8277,卖盘
920,14:13:28,5.91,0.0,24,14184,卖盘
921,14:13:37,5.91,0.0,27,15957,买盘
922,14:13:55,5.91,0.0,69,40779,买盘
923,14:14:25,5.92,0.01,49,29008,买盘
924,14:15:19,5.93,0.01,73,43289,卖盘
925,14:15:31,5.92,-0.01,129,76368,卖盘
926,14:15:43,5.92,0.0,45,26640,买盘
927,14:15:52,5.91,-0.01,1,591,卖盘
928,14:16:10,5.91,0.0,50,29550,卖盘
929,14:16:13,5.91,0.0,160,94560,卖盘
930,14:16:16,5.91,0.0,1,591,买盘
931,14:16:25,5.91,0.0,2,1182,买盘
932,14:16:31,5.9,-0.01,10,5900,卖盘
933,14:16:33,5.91,0.01,9,5319,买盘
934,14:16:43,5.91,0.0,60,35460,买盘
935,14:16:46,5.91,0.0,9,5319,买盘
936,14:16:49,5.9,-0.01,174,102660,卖盘
937,14:16:58,5.91,0.01,10,5910,买盘
938,14:17:00,5.9,-0.01,110,64910,卖盘
939,14:17:04,5.91,0.01,4,2364,买盘
940,14:17:07,5.9,-0.01,50,29500,卖盘
941,14:17:10,5.9,0.0,29,17110,卖盘
942,14:17:16,5.9,0.0,222,130980,卖盘
943,14:17:31,5.9,0.0,6,3540,卖盘
944,14:17:33,5.9,0.0,126,74340,卖盘
945,14:17:40,5.9,0.0,22,12987,卖盘
946,14:17:46,5.91,0.01,23,13593,买盘
947,14:17:49,5.9,-0.01,128,75520,卖盘
948,14:17:52,5.9,0.0,107,63230,卖盘
949,14:17:55,5.91,0.01,20,11820,买盘
950,14:18:04,5.91,0.0,12,7092,买盘
951,14:18:06,5.91,0.0,151,89190,买盘
952,14:18:09,5.91,0.0,150,88650,买盘
953,14:18:19,5.91,0.0,1,591,卖盘
954,14:18:22,5.92,0.01,31,18352,买盘
955,14:18:25,5.92,0.0,7,4144,买盘
956,14:18:28,5.92,0.0,32,18944,买盘
957,14:18:34,5.92,0.0,49,28994,买盘
958,14:18:52,5.92,0.0,9,5328,卖盘
959,14:19:06,5.93,0.01,10,5930,买盘
960,14:19:10,5.93,0.0,20,11860,买盘
961,14:19:15,5.93,0.0,10,5930,买盘
962,14:19:31,5.95,0.02,51,30315,买盘
963,14:19:46,5.95,0.0,10,5950,买盘
964,14:19:52,5.93,-0.02,40,23720,卖盘
965,14:19:58,5.95,0.02,30,17850,买盘
966,14:20:31,5.94,-0.01,10,5940,卖盘
967,14:20:49,5.94,0.0,2,1188,买盘
968,14:20:55,5.94,0.0,30,17820,买盘
969,14:21:01,5.93,-0.01,1,593,卖盘
970,14:21:04,5.94,0.01,50,29700,买盘
971,14:21:22,5.93,-0.01,80,47440,卖盘
972,14:21:34,5.93,0.0,65,38545,卖盘
973,14:21:52,5.94,0.01,8,4752,买盘
974,14:22:01,5.93,-0.01,20,11860,卖盘
975,14:22:10,5.93,0.0,3,1779,买盘
976,14:22:16,5.93,0.0,17,10081,买盘
977,14:22:55,5.93,0.0,51,30243,卖盘
978,14:23:09,5.92,-0.01,103,60983,卖盘
979,14:24:19,5.92,0.0,99,58608,卖盘
980,14:24:25,5.92,0.0,45,26640,卖盘
981,14:24:34,5.92,0.0,101,59792,卖盘
982,14:24:43,5.92,0.0,7,4144,卖盘
983,14:24:46,5.92,0.0,15,8880,卖盘
984,14:25:25,5.92,0.0,39,23088,卖盘
985,14:25:49,5.93,0.01,1,593,买盘
986,14:26:07,5.92,-0.01,51,30192,卖盘
987,14:26:13,5.92,0.0,138,81696,卖盘
988,14:26:22,5.92,0.0,2,1184,买盘
989,14:26:25,5.92,0.0,3,1776,买盘
990,14:26:34,5.92,0.0,10,5920,买盘
991,14:27:04,5.92,0.0,15,8880,卖盘
992,14:27:07,5.92,0.0,95,56240,买盘
993,14:27:12,5.92,0.0,41,24272,卖盘
994,14:27:18,5.92,0.0,7,4144,卖盘
995,14:27:31,5.92,0.0,10,5920,卖盘
996,14:27:51,5.92,0.0,10,5920,卖盘
997,14:27:58,5.92,0.0,38,22496,卖盘
998,14:28:22,5.92,0.0,100,59200,卖盘
999,14:28:30,5.92,0.0,6,3552,卖盘
1000,14:28:40,5.92,0.0,24,14208,卖盘
1001,14:28:58,5.92,0.0,5,2960,卖盘
1002,14:29:10,5.92,0.0,90,53280,卖盘
1003,14:29:28,5.92,0.0,121,71514,卖盘
1004,14:29:37,5.92,0.0,10,5920,买盘
1005,14:29:40,5.92,0.0,50,29600,买盘
1006,14:29:43,5.92,0.0,14,8288,买盘
1007,14:29:48,5.92,0.0,1,592,买盘
1008,14:30:10,5.92,0.0,53,31376,买盘
1009,14:30:16,5.91,-0.01,29,17149,卖盘
1010,14:30:25,5.91,0.0,16,9456,卖盘
1011,14:30:34,5.91,0.0,60,35460,卖盘
1012,14:30:37,5.91,0.0,57,33689,卖盘
1013,14:30:43,5.92,0.01,20,11823,买盘
1014,14:30:49,5.91,-0.01,6,3547,卖盘
1015,14:30:52,5.91,0.0,64,37868,卖盘
1016,14:30:58,5.91,0.0,100,59100,卖盘
1017,14:31:01,5.91,0.0,239,141249,卖盘
1018,14:31:10,5.9,-0.01,5,2950,卖盘
1019,14:31:13,5.9,0.0,82,48380,卖盘
1020,14:31:16,5.9,0.0,50,29500,卖盘
1021,14:31:22,5.91,0.01,1,591,买盘
1022,14:31:25,5.9,-0.01,706,416540,卖盘
1023,14:31:31,5.9,0.0,17,10030,买盘
1024,14:31:34,5.89,-0.01,68,40052,卖盘
1025,14:31:43,5.89,0.0,144,84816,卖盘
1026,14:31:46,5.89,0.0,115,67735,卖盘
1027,14:31:55,5.89,0.0,67,39463,买盘
1028,14:32:01,5.88,-0.01,111,65268,卖盘
1029,14:32:06,5.88,0.0,149,87612,卖盘
1030,14:32:09,5.88,0.0,103,60532,卖盘
1031,14:32:13,5.87,-0.01,76,44612,卖盘
1032,14:32:16,5.88,0.01,6,3528,买盘
1033,14:32:19,5.87,-0.01,23,13501,卖盘
1034,14:32:22,5.87,0.0,6,3522,卖盘
1035,14:32:25,5.86,-0.01,49,28714,卖盘
1036,14:32:28,5.87,0.01,154,90398,买盘
1037,14:32:31,5.87,0.0,207,121509,卖盘
1038,14:32:34,5.86,-0.01,80,46945,卖盘
1039,14:32:36,5.86,0.0,24,14064,卖盘
1040,14:32:39,5.87,0.01,10,5870,买盘
1041,14:32:45,5.86,-0.01,363,212773,卖盘
1042,14:32:49,5.87,0.01,43,25199,买盘
1043,14:32:52,5.86,-0.01,471,276006,卖盘
1044,14:32:55,5.86,0.0,52,30467,买盘
1045,14:32:58,5.86,0.0,10,5860,买盘
1046,14:33:01,5.85,-0.01,9,5268,卖盘
1047,14:33:04,5.85,0.0,127,74300,卖盘
1048,14:33:07,5.85,0.0,30,17563,卖盘
1049,14:33:10,5.84,-0.01,42,24528,卖盘
1050,14:33:19,5.85,0.01,355,207675,买盘
1051,14:33:22,5.85,0.0,61,35685,卖盘
1052,14:33:25,5.85,0.0,20,11700,卖盘
1053,14:33:28,5.86,0.01,32,18742,买盘
1054,14:33:31,5.85,-0.01,11,6440,卖盘
1055,14:33:40,5.85,0.0,529,309465,卖盘
1056,14:33:43,5.85,0.0,45,26325,买盘
1057,14:33:46,5.85,0.0,120,70200,买盘
1058,14:33:49,5.85,0.0,62,36270,买盘
1059,14:33:52,5.85,0.0,40,23377,买盘
1060,14:33:55,5.85,0.0,96,56158,买盘
1061,14:33:58,5.85,0.0,20,11700,买盘
1062,14:34:01,5.83,-0.02,1212,707354,卖盘
1063,14:34:07,5.85,0.02,15,8775,卖盘
1064,14:34:13,5.85,0.0,106,62010,卖盘
1065,14:34:22,5.86,0.01,17,9955,买盘
1066,14:34:25,5.85,-0.01,42,24575,卖盘
1067,14:34:27,5.85,0.0,50,29250,卖盘
1068,14:34:31,5.85,0.0,14,8198,卖盘
1069,14:34:34,5.86,0.01,6,3516,买盘
1070,14:34:36,5.85,-0.01,3,1755,卖盘
1071,14:34:40,5.86,0.01,1,586,买盘
1072,14:34:43,5.86,0.0,48,28090,买盘
1073,14:34:49,5.85,-0.01,21,12285,卖盘
1074,14:34:52,5.86,0.01,13,7615,买盘
1075,14:34:55,5.86,0.0,105,61430,买盘
1076,14:35:07,5.85,-0.01,9,5265,卖盘
1077,14:35:13,5.85,0.0,29,16965,买盘
1078,14:35:16,5.85,0.0,20,11700,买盘
1079,14:35:19,5.86,0.01,75,43878,买盘
1080,14:35:28,5.85,-0.01,10,5850,卖盘
1081,14:35:34,5.85,0.0,25,14645,卖盘
1082,14:35:45,5.85,0.0,86,50310,卖盘
1083,14:35:48,5.86,0.01,9,5274,买盘
1084,14:35:52,5.85,-0.01,13,7605,卖盘
1085,14:35:55,5.85,0.0,25,14625,买盘
1086,14:35:58,5.85,0.0,53,31010,卖盘
1087,14:36:01,5.85,0.0,1,585,卖盘
1088,14:36:04,5.85,0.0,9,5265,卖盘
1089,14:36:10,5.86,0.01,10,5859,买盘
1090,14:36:19,5.85,-0.01,1,585,卖盘
1091,14:36:25,5.85,0.0,19,11115,卖盘
1092,14:36:31,5.86,0.01,72,42192,买盘
1093,14:36:34,5.86,0.0,5,2930,卖盘
1094,14:36:37,5.84,-0.02,83,48549,卖盘
1095,14:36:40,5.86,0.02,5,2930,买盘
1096,14:36:52,5.86,0.0,72,42192,买盘
1097,14:36:55,5.87,0.01,390,228214,买盘
1098,14:37:04,5.86,-0.01,57,33402,卖盘
1099,14:37:10,5.87,0.01,10,5870,买盘
1100,14:37:22,5.87,0.0,35,20545,买盘
1101,14:37:28,5.87,0.0,49,28726,买盘
1102,14:37:31,5.88,0.01,32,18776,买盘
1103,14:37:40,5.87,-0.01,8,4696,卖盘
1104,14:37:46,5.88,0.01,6,3528,买盘
1105,14:37:49,5.88,0.0,45,26460,买盘
1106,14:37:52,5.87,-0.01,32,18784,卖盘
1107,14:37:55,5.88,0.01,4,2352,买盘
1108,14:38:04,5.87,-0.01,10,5870,卖盘
1109,14:38:07,5.87,0.0,30,17610,卖盘
1110,14:38:10,5.87,0.0,10,5875,卖盘
1111,14:38:13,5.88,0.01,250,146802,买盘
1112,14:38:28,5.88,0.0,22,12936,买盘
1113,14:38:37,5.87,-0.01,19,11153,买盘
1114,14:38:43,5.86,-0.01,17,9967,卖盘
1115,14:38:55,5.87,0.01,15,8795,买盘
1116,14:39:13,5.87,0.0,78,45786,买盘
1117,14:39:19,5.87,0.0,12,7034,买盘
1118,14:39:33,5.87,0.0,68,39916,卖盘
1119,14:39:43,5.87,0.0,5,2935,买盘
1120,14:39:52,5.87,0.0,18,10566,买盘
1121,14:39:58,5.86,-0.01,3,1758,卖盘
1122,14:40:01,5.87,0.01,10,5870,买盘
1123,14:40:07,5.87,0.0,10,5870,买盘
1124,14:40:22,5.87,0.0,30,17610,买盘
1125,14:40:25,5.86,-0.01,166,97276,卖盘
1126,14:40:43,5.86,0.0,10,5860,买盘
1127,14:40:46,5.86,0.0,35,20510,买盘
1128,14:40:55,5.85,-0.01,40,23400,卖盘
1129,14:41:04,5.86,0.01,309,181074,买盘
1130,14:41:10,5.86,0.0,20,11720,卖盘
1131,14:41:16,5.86,0.0,9,5274,卖盘
1132,14:41:28,5.86,0.0,14,8204,卖盘
1133,14:41:31,5.86,0.0,20,11720,卖盘
1134,14:41:37,5.87,0.01,5,2935,买盘
1135,14:41:40,5.87,0.0,3,1761,买盘
1136,14:41:51,5.87,0.0,68,39916,买盘
1137,14:41:58,5.87,0.0,1,587,买盘
1138,14:42:01,5.87,0.0,20,11740,买盘
1139,14:42:10,5.87,0.0,5,2935,买盘
1140,14:42:13,5.87,0.0,121,71027,买盘
1141,14:42:16,5.87,0.0,8,4696,买盘
1142,14:42:19,5.86,-0.01,11,6446,卖盘
1143,14:42:24,5.86,0.0,87,50992,卖盘
1144,14:42:27,5.87,0.01,62,36394,买盘
1145,14:42:31,5.87,0.0,28,16436,买盘
1146,14:42:33,5.87,0.0,2,1174,买盘
1147,14:42:58,5.86,-0.01,21,12306,卖盘
1148,14:43:10,5.86,0.0,5,2930,卖盘
1149,14:43:19,5.86,0.0,19,11134,卖盘
1150,14:43:22,5.86,0.0,5,2930,卖盘
1151,14:43:25,5.86,0.0,90,52740,卖盘
1152,14:43:33,5.86,0.0,19,11134,卖盘
1153,14:43:36,5.86,0.0,88,51568,卖盘
1154,14:43:40,5.86,0.0,38,22270,卖盘
1155,14:43:46,5.86,0.0,10,5860,买盘
1156,14:43:51,5.85,-0.01,21,12285,卖盘
1157,14:43:58,5.86,0.01,111,65046,买盘
1158,14:44:06,5.86,0.0,101,59186,买盘
1159,14:44:10,5.86,0.0,5,2930,买盘
1160,14:44:12,5.85,-0.01,333,194805,卖盘
1161,14:44:15,5.86,0.01,17,9955,买盘
1162,14:44:19,5.85,-0.01,10,5850,卖盘
1163,14:44:22,5.85,0.0,30,17550,卖盘
1164,14:44:31,5.85,0.0,8,4680,卖盘
1165,14:44:34,5.86,0.01,8,4688,买盘
1166,14:44:37,5.85,-0.01,14,8190,卖盘
1167,14:44:40,5.85,0.0,51,29835,卖盘
1168,14:44:43,5.85,0.0,89,52065,买盘
1169,14:44:52,5.85,0.0,24,14040,卖盘
1170,14:44:58,5.85,0.0,94,54990,卖盘
1171,14:45:01,5.85,0.0,40,23400,买盘
1172,14:45:04,5.85,0.0,4,2340,买盘
1173,14:45:07,5.85,0.0,62,36270,买盘
1174,14:45:10,5.85,0.0,17,9945,卖盘
1175,14:45:13,5.84,-0.01,151,88206,卖盘
1176,14:45:15,5.85,0.01,19,11115,买盘
1177,14:45:19,5.85,0.0,10,5850,卖盘
1178,14:45:22,5.85,0.0,47,27495,卖盘
1179,14:45:25,5.85,0.0,35,20475,卖盘
1180,14:45:28,5.85,0.0,24,14040,卖盘
1181,14:45:37,5.86,0.01,3,1758,买盘
1182,14:45:40,5.85,-0.01,3,1755,卖盘
1183,14:45:43,5.85,0.0,2,1170,卖盘
1184,14:45:46,5.85,0.0,25,14625,卖盘
1185,14:45:49,5.85,0.0,74,43290,卖盘
1186,14:45:52,5.85,0.0,93,54405,卖盘
1187,14:45:58,5.85,0.0,174,101699,买盘
1188,14:46:01,5.85,0.0,24,14024,买盘
1189,14:46:04,5.84,-0.01,33,19272,卖盘
1190,14:46:10,5.84,0.0,4,2336,买盘
1191,14:46:19,5.83,-0.01,177,103191,卖盘
1192,14:46:22,5.82,-0.01,3,1746,卖盘
1193,14:46:25,5.83,0.01,20,11660,买盘
1194,14:46:28,5.82,-0.01,110,64030,卖盘
1195,14:46:31,5.83,0.01,5,2915,买盘
1196,14:46:34,5.83,0.0,5,2915,买盘
1197,14:46:37,5.82,-0.01,20,11640,卖盘
1198,14:46:40,5.82,0.0,106,61692,卖盘
1199,14:46:43,5.82,0.0,14,8148,买盘
1200,14:46:49,5.82,0.0,70,40740,买盘
1201,14:46:55,5.82,0.0,138,80191,买盘
1202,14:46:58,5.82,0.0,32,18622,买盘
1203,14:47:01,5.81,-0.01,14,8134,卖盘
1204,14:47:04,5.82,0.01,19,11058,买盘
1205,14:47:10,5.81,-0.01,62,36022,卖盘
1206,14:47:16,5.81,0.0,25,14525,卖盘
1207,14:47:19,5.81,0.0,126,73206,卖盘
1208,14:47:22,5.82,0.01,34,19769,买盘
1209,14:47:28,5.81,-0.01,68,39508,卖盘
1210,14:47:31,5.8,-0.01,525,304500,卖盘
1211,14:47:34,5.8,0.0,11,6380,买盘
1212,14:47:40,5.79,-0.01,163,94377,卖盘
1213,14:47:43,5.78,-0.01,67,38726,卖盘
1214,14:47:46,5.78,0.0,110,63580,买盘
1215,14:47:49,5.79,0.01,88,50929,买盘
1216,14:47:52,5.78,-0.01,25,14481,卖盘
1217,14:47:55,5.78,0.0,60,34756,卖盘
1218,14:47:58,5.78,0.0,223,128894,卖盘
1219,14:48:01,5.77,-0.01,108,62385,卖盘
1220,14:48:04,5.78,0.01,94,54332,买盘
1221,14:48:07,5.79,0.01,53,30645,买盘
1222,14:48:10,5.77,-0.02,60,34729,卖盘
1223,14:48:13,5.78,0.01,40,23120,卖盘
1224,14:48:19,5.79,0.01,52,30066,中性盘
1225,14:48:22,5.78,-0.01,273,157809,卖盘
1226,14:48:25,5.79,0.01,130,75185,买盘
1227,14:48:28,5.79,0.0,33,19134,卖盘
1228,14:48:37,5.79,0.0,1,579,卖盘
1229,14:48:40,5.79,0.0,117,67830,卖盘
1230,14:48:43,5.8,0.01,40,23200,买盘
1231,14:48:46,5.8,0.0,119,68909,买盘
1232,14:48:49,5.8,0.0,6,3480,买盘
1233,14:48:52,5.8,0.0,6,3480,买盘
1234,14:48:58,5.8,0.0,5,2900,卖盘
1235,14:49:01,5.8,0.0,80,46400,卖盘
1236,14:49:04,5.8,0.0,40,23220,卖盘
1237,14:49:07,5.81,0.01,21,12201,买盘
1238,14:49:10,5.81,0.0,44,25564,买盘
1239,14:49:13,5.8,-0.01,58,33650,卖盘
1240,14:49:16,5.81,0.01,95,55109,买盘
1241,14:49:19,5.81,0.0,2,1162,买盘
1242,14:49:25,5.8,-0.01,101,58580,卖盘
1243,14:49:28,5.81,0.01,2,1162,买盘
1244,14:49:31,5.81,0.0,120,69720,买盘
1245,14:49:34,5.81,0.0,47,27307,卖盘
1246,14:49:42,5.81,0.0,5,2905,卖盘
1247,14:49:46,5.81,0.0,33,19196,卖盘
1248,14:49:51,5.81,0.0,66,38346,卖盘
1249,14:49:58,5.81,0.0,2,1162,卖盘
1250,14:50:01,5.81,0.0,46,26726,卖盘
1251,14:50:04,5.81,0.0,45,26145,卖盘
1252,14:50:13,5.81,0.0,247,143654,卖盘
1253,14:50:19,5.81,0.0,7,4072,卖盘
1254,14:50:31,5.81,0.0,32,18592,卖盘
1255,14:50:37,5.81,0.0,44,25564,卖盘
1256,14:50:40,5.82,0.01,249,144918,买盘
1257,14:51:07,5.82,0.0,20,11640,卖盘
1258,14:51:13,5.82,0.0,16,9312,卖盘
1259,14:51:16,5.83,0.01,33,19239,买盘
1260,14:51:19,5.82,-0.01,29,16878,卖盘
1261,14:51:22,5.83,0.01,110,64130,买盘
1262,14:51:28,5.83,0.0,21,12243,买盘
1263,14:51:34,5.82,-0.01,239,139098,卖盘
1264,14:51:37,5.83,0.01,253,147499,买盘
1265,14:51:40,5.83,0.0,22,12826,卖盘
1266,14:51:43,5.83,0.0,30,17490,卖盘
1267,14:51:46,5.83,0.0,79,46057,卖盘
1268,14:51:49,5.83,0.0,8,4664,卖盘
1269,14:51:55,5.83,0.0,113,65879,卖盘
1270,14:51:58,5.84,0.01,107,62388,买盘
1271,14:52:01,5.83,-0.01,133,77539,卖盘
1272,14:52:04,5.83,0.0,55,32065,买盘
1273,14:52:10,5.83,0.0,12,6996,买盘
1274,14:52:16,5.82,-0.01,95,55318,卖盘
1275,14:52:19,5.82,0.0,5,2910,买盘
1276,14:52:22,5.82,0.0,89,51796,买盘
1277,14:52:25,5.83,0.01,5,2914,买盘
1278,14:52:31,5.83,0.0,8,4664,买盘
1279,14:52:34,5.82,-0.01,40,23280,卖盘
1280,14:52:37,5.81,-0.01,38,22111,卖盘
1281,14:52:43,5.81,0.0,10,5810,卖盘
1282,14:52:49,5.81,0.0,1,581,卖盘
1283,14:52:52,5.81,0.0,25,14525,卖盘
1284,14:52:55,5.81,0.0,26,15106,卖盘
1285,14:52:58,5.81,0.0,6,3486,卖盘
1286,14:53:07,5.8,-0.01,398,230973,卖盘
1287,14:53:10,5.8,0.0,10,5800,买盘
1288,14:53:13,5.8,0.0,17,9860,买盘
1289,14:53:25,5.8,0.0,5,2900,买盘
1290,14:53:28,5.8,0.0,1,580,买盘
1291,14:53:31,5.8,0.0,21,12180,买盘
1292,14:53:34,5.8,0.0,8,4640,卖盘
1293,14:53:37,5.8,0.0,17,9860,卖盘
1294,14:53:43,5.8,0.0,92,53360,卖盘
1295,14:53:46,5.8,0.0,80,46400,卖盘
1296,14:53:49,5.77,-0.03,446,258288,卖盘
1297,14:53:52,5.8,0.03,18,10440,卖盘
1298,14:54:04,5.77,-0.03,10,5778,卖盘
1299,14:54:07,5.78,0.01,6,3468,卖盘
1300,14:54:16,5.8,0.02,94,54346,买盘
1301,14:54:19,5.78,-0.02,10,5780,中性盘
1302,14:54:22,5.78,0.0,74,42772,买盘
1303,14:54:25,5.77,-0.01,5,2885,卖盘
1304,14:54:28,5.78,0.01,5,2890,买盘
1305,14:54:31,5.78,0.0,118,68204,买盘
1306,14:54:34,5.78,0.0,220,127160,卖盘
1307,14:54:43,5.79,0.01,37,21418,买盘
1308,14:54:46,5.79,0.0,421,243346,买盘
1309,14:54:52,5.79,0.0,5,2895,卖盘
1310,14:54:55,5.79,0.0,30,17370,卖盘
1311,14:54:58,5.79,0.0,88,50952,卖盘
1312,14:55:01,5.79,0.0,133,77009,卖盘
1313,14:55:04,5.79,0.0,2,1158,买盘
1314,14:55:07,5.79,0.0,5,2895,买盘
1315,14:55:10,5.79,0.0,15,8685,买盘
1316,14:55:13,5.79,0.0,2,1157,买盘
1317,14:55:19,5.78,-0.01,9,5202,卖盘
1318,14:55:22,5.78,0.0,119,68787,卖盘
1319,14:55:25,5.78,0.0,150,86700,买盘
1320,14:55:28,5.78,0.0,24,13872,买盘
1321,14:55:31,5.78,0.0,150,86700,买盘
1322,14:55:34,5.77,-0.01,465,268395,卖盘
1323,14:55:37,5.78,0.01,104,60112,买盘
1324,14:55:40,5.77,-0.01,56,32312,卖盘
1325,14:55:43,5.77,0.0,10,5770,买盘
1326,14:55:46,5.77,0.0,14,8082,买盘
1327,14:55:49,5.76,-0.01,4,2304,卖盘
1328,14:55:52,5.77,0.01,63,36351,买盘
1329,14:55:55,5.76,-0.01,208,119808,卖盘
1330,14:55:58,5.76,0.0,10,5760,买盘
1331,14:56:01,5.76,0.0,5,2880,买盘
1332,14:56:05,5.76,0.0,1,576,买盘
1333,14:56:07,5.75,-0.01,286,164450,卖盘
1334,14:56:10,5.74,-0.01,53,30422,卖盘
1335,14:56:16,5.74,0.0,44,25256,卖盘
1336,14:56:19,5.72,-0.02,2,1144,卖盘
1337,14:56:22,5.72,0.0,1,572,卖盘
1338,14:56:25,5.74,0.02,62,35588,买盘
1339,14:56:28,5.74,0.0,208,119392,买盘
1340,14:56:31,5.73,-0.01,45,25825,卖盘
1341,14:56:34,5.73,0.0,245,140525,卖盘
1342,14:56:37,5.73,0.0,51,29193,买盘
1343,14:56:40,5.74,0.01,22,12628,买盘
1344,14:56:43,5.72,-0.02,364,208114,卖盘
1345,14:56:46,5.72,0.0,59,33748,买盘
1346,14:56:49,5.71,-0.01,628,360034,卖盘
1347,14:56:52,5.71,0.0,11,6281,买盘
1348,14:56:55,5.72,0.01,403,230122,买盘
1349,14:56:58,5.71,-0.01,25,14275,中性盘
1350,14:57:01,5.72,0.01,19,10851,买盘
1351,14:57:03,5.7,-0.02,66,37692,卖盘
1352,15:00:04,5.7,0.0,2875,1638750,卖盘
