,time,price,change,volume,amount,type
0,09:25:04,15.06,-0.02,9,13554,卖盘
1,09:30:07,15.1,0.04,206,309107,买盘
2,09:30:25,15.01,-0.09,2,3017,卖盘
3,09:30:31,15.02,0.01,3,4521,卖盘
4,09:30:34,15.02,0.0,1,2313,卖盘
5,09:30:37,15.02,0.0,3,4701,卖盘
6,09:30:46,15.03,0.01,3,3848,卖盘
7,09:30:49,15.03,0.0,11,16849,卖盘
8,09:30:55,15.04,0.01,1,1504,买盘
9,09:30:58,15.04,0.0,2,2346,卖盘
10,09:31:13,15.04,0.0,4,5748,卖盘
11,09:31:16,15.06,0.02,10,15053,买盘
12,09:31:19,15.04,-0.02,1,632,卖盘
13,09:31:22,15.04,0.0,2,3204,卖盘
14,09:31:25,15.04,0.0,1,1564,卖盘
15,09:31:28,15.01,-0.03,302,453429,卖盘
16,09:31:37,15.01,0.0,4,5939,卖盘
17,09:31:43,15.01,0.0,62,92567,卖盘
18,09:31:46,15.0,-0.01,2,3030,卖盘
19,09:31:52,15.0,0.0,2,1950,卖盘
20,09:31:55,15.0,0.0,2,4246,卖盘
21,09:31:58,15.0,0.0,9,13504,卖盘
22,09:32:01,15.0,0.0,2,1890,卖盘
23,09:32:04,15.01,0.01,1,1501,买盘
24,09:32:07,15.0,-0.01,2,3945,卖盘
25,09:32:13,14.98,-0.02,1,510,买盘
26,09:32:25,15.01,0.01,102,153102,买盘
27,09:32:31,15.01,0.0,60,89084,买盘
28,09:32:34,15.01,0.0,2,2642,卖盘
29,09:32:43,15.02,0.01,1,1832,卖盘
30,09:32:46,15.02,0.0,1,2313,卖盘
31,09:32:49,15.02,0.0,1,1217,卖盘
32,09:32:52,15.02,0.0,1,646,卖盘
33,09:32:58,15.02,0.0,2,2989,卖盘
34,09:33:01,15.02,0.0,1,2674,卖盘
35,09:33:05,15.06,0.04,6,8187,买盘
36,09:33:10,15.03,-0.03,2,2796,卖盘
37,09:33:16,15.03,0.0,2,3246,卖盘
38,09:33:22,15.06,0.03,5,7196,买盘
39,09:33:25,15.03,-0.03,1,1443,卖盘
40,09:33:28,15.03,0.0,1,2525,卖盘
41,09:33:31,15.03,0.0,4,5375,卖盘
42,09:33:37,15.03,0.0,1,1142,卖盘
43,09:33:40,15.03,0.0,1,1503,卖盘
44,09:33:46,15.03,0.0,1,1834,卖盘
45,09:33:49,15.03,0.0,1,1999,卖盘
46,09:34:01,15.05,0.02,5,7525,买盘
47,09:34:04,15.03,-0.02,1,872,卖盘
48,09:34:10,15.03,0.0,1,1698,卖盘
49,09:34:16,15.03,0.0,1,1503,卖盘
50,09:34:19,15.03,0.0,3,3878,卖盘
51,09:34:31,15.05,0.01,3,3911,买盘
52,09:34:34,15.04,-0.01,8,12333,卖盘
53,09:34:40,15.04,0.01,2,3008,买盘
54,09:34:43,15.03,-0.01,1,1548,卖盘
55,09:34:46,15.04,0.01,6,8783,买盘
56,09:34:49,15.04,0.0,8,11369,买盘
57,09:34:52,15.04,0.0,1,2797,卖盘
58,09:34:55,15.05,0.01,10,14644,中性盘
59,09:34:58,15.05,0.0,1,647,卖盘
60,09:35:01,15.04,-0.01,1,1580,买盘
61,09:35:05,15.07,0.03,1,1507,买盘
62,09:35:13,15.05,0.01,2,3612,卖盘
63,09:35:19,15.05,0.0,2,2363,卖盘
64,09:35:22,15.04,-0.01,13,18982,卖盘
65,09:35:28,15.04,0.01,1,1504,买盘
66,09:35:34,15.04,0.0,4,6045,买盘
67,09:35:40,15.04,0.0,2,1970,卖盘
68,09:35:58,15.04,0.0,2,2888,卖盘
69,09:36:31,15.04,0.0,2,2436,卖盘
70,09:36:37,15.04,0.0,10,15040,卖盘
71,09:36:52,15.04,0.0,15,22560,卖盘
72,09:36:55,15.04,0.0,1,1293,卖盘
73,09:37:01,15.04,0.0,1,2106,卖盘
74,09:37:13,15.04,0.0,2,2076,卖盘
75,09:37:22,15.07,0.03,6,8976,买盘
76,09:37:28,15.04,-0.03,2,3008,卖盘
77,09:37:37,15.05,0.01,2,3160,卖盘
78,09:38:16,15.05,0.0,2,3477,卖盘
79,09:38:19,15.05,0.0,19,27978,卖盘
80,09:38:25,15.05,0.0,3,4515,买盘
81,09:38:31,15.04,-0.01,3,4828,卖盘
82,09:38:34,15.04,0.0,7,10528,卖盘
83,09:38:40,15.04,0.0,10,15040,卖盘
84,09:38:52,15.04,0.0,1,2346,卖盘
85,09:38:58,15.04,0.0,7,10287,中性盘
86,09:39:04,15.04,0.0,1,1504,买盘
87,09:39:19,15.04,0.0,8,12032,买盘
88,09:39:31,15.03,-0.01,4,4992,卖盘
89,09:39:40,15.04,0.01,1,1504,卖盘
90,09:39:55,15.03,-0.01,13,19674,卖盘
91,09:40:01,15.03,0.0,2,3412,卖盘
92,09:40:07,15.03,0.0,10,15030,卖盘
93,09:40:19,15.03,0.0,3,4629,卖盘
94,09:40:22,15.04,0.01,20,30080,买盘
95,09:40:31,15.04,0.0,3,4512,买盘
96,09:40:49,15.03,-0.01,3,3998,卖盘
97,09:41:07,15.04,0.01,1,1504,买盘
98,09:41:28,15.04,0.0,1,1504,买盘
99,09:41:37,15.04,0.0,2,3008,买盘
100,09:41:55,15.03,-0.01,2,3337,卖盘
101,09:42:01,15.04,0.01,2,3008,买盘
102,09:42:10,15.04,0.0,1,2121,卖盘
103,09:42:52,15.05,0.01,10,15050,中性盘
104,09:43:04,15.05,0.0,2,3010,买盘
105,09:44:07,15.05,0.0,25,36737,买盘
106,09:45:16,15.06,0.01,1,1506,买盘
107,09:45:28,15.04,0.0,2,2121,买盘
108,09:45:34,15.04,0.0,1,2391,卖盘
109,09:46:01,15.03,-0.01,5,7515,卖盘
110,09:46:16,15.04,0.01,1,617,卖盘
111,09:46:22,15.04,0.0,5,7520,卖盘
112,09:46:28,15.04,0.0,36,54144,卖盘
113,09:46:37,15.03,-0.01,21,31157,卖盘
114,09:46:43,15.02,-0.01,25,37550,卖盘
115,09:46:46,15.04,0.02,17,25552,买盘
116,09:47:01,15.02,-0.02,15,22536,卖盘
117,09:47:07,15.02,0.0,2,3004,卖盘
118,09:47:46,15.04,0.02,1,1023,卖盘
119,09:48:13,15.05,0.01,14,21070,买盘
120,09:48:31,15.04,-0.01,14,21061,卖盘
121,09:48:37,15.02,-0.02,5,7522,卖盘
122,09:48:46,15.05,0.03,1,1505,买盘
123,09:48:58,15.03,-0.02,6,9018,卖盘
124,09:49:01,15.06,0.03,18,27052,买盘
125,09:49:52,15.04,-0.02,3,4512,卖盘
126,09:51:07,15.04,0.0,38,57152,卖盘
127,09:51:10,15.04,0.0,5,7520,买盘
128,09:51:13,15.04,0.0,3,4512,买盘
129,09:51:22,15.04,0.0,42,63168,买盘
130,09:51:25,15.03,-0.01,21,31563,卖盘
131,09:51:28,15.03,0.0,36,54111,卖盘
132,09:51:31,15.04,0.01,6,9024,买盘
133,09:51:37,15.03,-0.01,3,4509,卖盘
134,09:51:52,15.03,0.0,2,3007,卖盘
135,09:53:01,15.04,0.01,2,3008,买盘
136,09:53:31,15.04,0.0,14,21056,卖盘
137,09:54:01,15.06,0.02,12,18072,买盘
138,09:54:19,15.07,0.01,7,10549,买盘
139,09:54:28,15.07,0.0,10,15070,买盘
140,09:54:37,15.07,0.0,16,24112,买盘
141,09:54:52,15.07,0.0,2,3014,卖盘
142,09:54:58,15.07,0.0,2,3014,卖盘
143,09:55:05,15.06,-0.01,8,12048,卖盘
144,09:55:22,15.04,-0.02,15,22560,卖盘
145,09:55:28,15.04,0.0,1,1504,卖盘
146,09:55:31,15.04,0.0,15,22568,卖盘
147,09:55:40,15.05,0.01,5,7525,卖盘
148,09:58:07,15.07,0.02,11,16577,买盘
149,09:58:13,15.06,-0.01,1,1506,卖盘
150,09:58:25,15.06,0.0,14,21084,买盘
151,09:58:34,15.05,-0.01,7,10535,卖盘
152,09:58:43,15.04,-0.01,20,30080,卖盘
153,09:58:46,15.04,0.0,13,19552,买盘
154,09:59:28,15.05,0.01,12,18060,买盘
155,09:59:37,15.05,0.0,67,100835,买盘
156,10:00:04,15.06,0.01,1,1506,买盘
157,10:00:07,15.06,0.0,12,18072,买盘
158,10:00:19,15.07,0.01,63,94880,买盘
159,10:00:49,15.07,0.0,18,27126,卖盘
160,10:00:58,15.09,0.02,3,4527,买盘
161,10:01:22,15.07,-0.02,1,1507,卖盘
162,10:01:34,15.08,0.01,13,19604,卖盘
163,10:01:46,15.06,-0.02,4,6024,卖盘
164,10:02:07,15.06,0.0,4,6024,买盘
165,10:02:13,15.06,0.0,10,15060,买盘
166,10:02:19,15.06,0.0,2,3012,买盘
167,10:03:19,15.08,0.02,4,6032,买盘
168,10:03:49,15.03,-0.05,14,21070,卖盘
169,10:03:55,15.04,0.01,5,7520,中性盘
170,10:04:10,15.04,0.0,8,12032,卖盘
171,10:06:31,15.07,0.03,1,1507,买盘
172,10:07:16,15.06,-0.01,2,3012,卖盘
173,10:07:25,15.05,-0.01,7,10535,卖盘
174,10:07:31,15.06,0.01,16,24092,买盘
175,10:07:40,15.03,-0.03,16,24053,卖盘
176,10:07:52,15.02,-0.01,98,147241,卖盘
177,10:08:04,15.02,0.0,10,15020,卖盘
178,10:08:22,15.02,0.0,7,10514,卖盘
179,10:08:25,15.03,0.01,18,27054,买盘
180,10:08:40,15.02,-0.01,15,22530,卖盘
181,10:08:52,15.02,0.0,17,25534,卖盘
182,10:09:01,15.01,-0.01,20,30020,卖盘
183,10:09:34,15.02,0.01,3,4506,买盘
184,10:09:40,15.03,0.01,5,7515,买盘
185,10:09:46,15.03,0.0,2,3006,买盘
186,10:10:19,15.02,-0.01,18,27048,卖盘
187,10:10:25,15.01,-0.01,13,19519,卖盘
188,10:10:37,15.02,0.01,2,3004,买盘
189,10:10:43,15.02,0.0,11,16522,买盘
190,10:10:46,15.02,0.0,6,9012,中性盘
191,10:11:25,15.02,0.0,14,21028,卖盘
192,10:11:31,15.02,0.0,5,7510,卖盘
193,10:12:46,15.03,0.01,7,10521,买盘
194,10:13:19,15.01,-0.02,10,15010,卖盘
195,10:14:07,15.01,0.0,6,9006,卖盘
196,10:14:16,15.01,0.0,66,99066,卖盘
197,10:14:25,15.03,0.02,1,1503,买盘
198,10:15:19,15.01,-0.02,5,7340,卖盘
199,10:15:34,15.0,-0.01,13,19500,卖盘
200,10:15:49,15.0,0.0,3,4500,卖盘
201,10:17:07,14.98,-0.02,9,13317,卖盘
202,10:17:25,14.98,0.0,4,5992,买盘
203,10:17:43,14.97,-0.01,23,34447,卖盘
204,10:17:49,14.98,0.01,8,11984,买盘
205,10:17:58,14.98,0.0,20,29960,买盘
206,10:18:01,14.98,0.0,1,1498,买盘
207,10:18:04,14.98,0.0,35,52595,买盘
208,10:18:13,15.0,0.02,1,1500,买盘
209,10:18:40,15.01,0.01,2,3002,买盘
210,10:18:52,15.01,0.0,4,6004,买盘
211,10:19:55,14.99,-0.02,10,14990,卖盘
212,10:19:57,15.01,0.02,9,13509,买盘
213,10:20:16,15.02,0.01,6,9012,买盘
214,10:22:16,15.0,-0.02,5,7500,卖盘
215,10:22:19,14.99,-0.01,12,17988,卖盘
216,10:22:25,14.99,0.0,1,1499,买盘
217,10:23:01,15.0,0.01,2,3000,买盘
218,10:24:31,15.0,0.0,8,12000,卖盘
219,10:24:43,15.0,0.0,5,7500,卖盘
220,10:25:07,15.0,0.0,1,1500,卖盘
221,10:25:49,15.0,0.0,1,1500,买盘
222,10:26:19,15.02,0.02,2,3004,买盘
223,10:26:25,15.02,0.0,1,1502,卖盘
224,10:26:31,14.98,-0.04,20,29966,卖盘
225,10:28:04,15.01,0.03,2,3002,买盘
226,10:28:10,14.99,-0.02,35,52474,卖盘
227,10:28:16,14.99,0.0,3,4498,卖盘
228,10:28:49,14.98,-0.01,1,1498,卖盘
229,10:28:55,14.99,0.01,2,2998,买盘
230,10:29:01,14.97,-0.02,20,29959,卖盘
231,10:29:52,14.99,0.02,5,7495,买盘
232,10:30:04,14.97,-0.02,20,29942,卖盘
233,10:30:16,14.97,0.0,5,7485,卖盘
234,10:30:40,14.97,0.0,12,17964,卖盘
235,10:30:46,14.99,0.02,12,17960,买盘
236,10:31:28,14.99,0.0,5,7495,买盘
237,10:31:49,14.99,0.0,18,26982,买盘
238,10:31:55,14.98,-0.01,3,4496,中性盘
239,10:32:16,15.02,0.04,1,1502,买盘
240,10:32:31,14.95,-0.07,109,163064,卖盘
241,10:32:58,15.0,0.05,6,9000,买盘
242,10:33:10,14.95,-0.05,18,26910,卖盘
243,10:34:49,14.96,0.01,50,74800,卖盘
244,10:35:34,14.96,0.0,44,65854,卖盘
245,10:35:52,14.96,0.0,16,23936,卖盘
246,10:35:58,14.96,0.0,4,5984,买盘
247,10:36:07,14.96,0.0,40,59840,买盘
248,10:36:13,14.96,0.0,18,26915,买盘
249,10:36:19,14.96,0.0,6,8976,买盘
250,10:36:22,14.96,0.0,10,14960,买盘
251,10:36:25,14.96,0.0,4,5984,买盘
252,10:36:31,14.97,0.01,3,4491,买盘
253,10:36:34,14.97,0.0,3,4491,买盘
254,10:36:46,14.96,-0.01,23,34408,卖盘
255,10:36:52,14.97,0.01,2,2994,买盘
256,10:37:10,14.97,0.0,7,10479,卖盘
257,10:37:16,14.97,0.0,4,5988,买盘
258,10:37:22,14.97,0.0,4,5988,卖盘
259,10:37:42,14.95,-0.02,1,1495,卖盘
260,10:38:22,14.95,0.0,15,22425,卖盘
261,10:38:31,14.95,0.0,13,19435,卖盘
262,10:38:40,14.95,0.0,11,16445,卖盘
263,10:38:43,14.95,0.0,13,19435,卖盘
264,10:39:22,14.98,0.03,5,7490,买盘
265,10:41:25,14.95,-0.03,18,26910,卖盘
266,10:41:37,14.95,0.0,19,28405,卖盘
267,10:42:04,14.95,0.0,7,10462,买盘
268,10:42:13,14.94,-0.01,9,13446,卖盘
269,10:42:21,14.93,-0.01,67,100071,卖盘
270,10:42:40,14.93,0.0,10,14930,买盘
271,10:43:07,14.93,0.0,50,74650,卖盘
272,10:43:22,14.95,0.02,2,2988,买盘
273,10:44:37,14.94,-0.01,1,1494,卖盘
274,10:44:43,14.94,0.0,1,1494,卖盘
275,10:44:46,14.93,-0.01,45,67185,卖盘
276,10:44:52,14.93,0.0,5,7465,卖盘
277,10:44:58,14.92,-0.01,40,59680,卖盘
278,10:45:01,14.92,0.0,3,4476,卖盘
279,10:45:04,14.91,-0.01,12,17902,卖盘
280,10:45:07,14.91,0.0,2,2982,卖盘
281,10:45:13,14.91,0.0,8,11928,卖盘
282,10:45:19,14.92,0.01,4,5968,买盘
283,10:45:31,14.9,-0.02,37,55150,卖盘
284,10:45:37,14.92,0.02,10,15218,买盘
285,10:45:43,14.9,-0.02,73,108554,卖盘
286,10:45:49,14.9,0.0,3,4470,买盘
287,10:45:55,14.88,-0.02,7,10419,卖盘
288,10:46:01,14.9,0.02,1,1490,卖盘
289,10:46:13,14.85,-0.05,55,81765,卖盘
290,10:46:40,14.85,0.0,30,44550,买盘
291,10:46:46,14.85,0.0,26,38610,买盘
292,10:46:52,14.82,-0.03,46,68207,卖盘
293,10:46:55,14.82,0.0,41,60762,买盘
294,10:46:58,14.82,0.0,12,17784,买盘
295,10:47:01,14.82,0.0,3,4446,买盘
296,10:47:04,14.82,0.0,3,4446,买盘
297,10:47:07,14.82,0.0,1,1482,买盘
298,10:47:13,14.82,0.0,20,29640,买盘
299,10:47:16,14.82,0.0,15,22230,买盘
300,10:47:22,14.82,0.0,8,11856,买盘
301,10:47:31,14.84,0.02,2,2968,买盘
302,10:47:52,14.86,0.02,3,4458,卖盘
303,10:48:10,14.86,0.0,64,95126,卖盘
304,10:48:25,14.85,-0.01,19,28215,卖盘
305,10:48:34,14.85,0.0,2,2970,卖盘
306,10:48:37,14.86,0.01,20,29720,买盘
307,10:48:40,14.86,0.0,4,5944,买盘
308,10:48:46,14.86,0.0,1,1486,买盘
309,10:48:52,14.86,0.0,13,19318,买盘
310,10:48:55,14.85,-0.01,119,176767,卖盘
311,10:49:10,14.86,0.01,7,10402,卖盘
312,10:49:16,14.86,0.0,3,4458,买盘
313,10:49:34,14.86,0.0,17,25276,卖盘
314,10:49:49,14.86,0.0,29,43094,买盘
315,10:50:07,14.88,0.02,4,5952,买盘
316,10:50:10,14.88,0.0,18,26784,买盘
317,10:50:22,14.92,0.04,4,5968,买盘
318,10:52:00,14.9,-0.02,1,1490,卖盘
319,10:52:16,14.86,-0.04,30,44584,卖盘
320,10:52:52,14.86,0.0,3,4458,卖盘
321,10:53:43,14.86,0.0,1,1486,卖盘
322,10:55:25,14.9,0.04,3,4470,买盘
323,10:55:46,14.86,-0.04,83,123381,卖盘
324,10:55:49,14.86,0.0,22,32692,卖盘
325,10:55:55,14.85,-0.01,1,1485,卖盘
326,10:56:19,14.86,0.01,10,14860,买盘
327,10:56:31,14.85,-0.01,11,16335,卖盘
328,10:56:49,14.86,0.01,10,14860,买盘
329,10:57:01,14.86,0.0,11,16346,买盘
330,10:57:07,14.85,-0.01,5,7425,卖盘
331,10:57:10,14.86,0.01,2,2972,买盘
332,10:57:22,14.86,0.0,12,17832,买盘
333,10:57:34,14.86,0.0,30,44580,买盘
334,10:57:37,14.86,0.0,30,44580,买盘
335,10:57:40,14.86,0.0,33,49038,买盘
336,10:57:43,14.86,0.0,97,144142,买盘
337,10:57:55,14.9,0.04,1,1490,买盘
338,10:58:10,14.89,-0.01,8,11912,卖盘
339,10:58:15,14.86,-0.03,6,8927,卖盘
340,10:58:46,14.9,0.04,16,23840,买盘
341,10:58:49,14.89,-0.01,12,17868,卖盘
342,10:58:55,14.89,0.0,1,1489,买盘
343,10:59:19,14.89,0.0,5,7445,中性盘
344,10:59:36,14.89,0.0,1,1489,卖盘
345,10:59:58,14.9,0.01,1,1490,买盘
346,11:00:01,14.9,0.0,7,10430,买盘
347,11:00:18,14.9,0.0,2,2980,卖盘
348,11:00:21,14.9,0.0,8,11920,买盘
349,11:00:43,14.91,0.01,7,10437,卖盘
350,11:01:04,14.9,-0.01,3,4470,卖盘
351,11:03:58,14.89,-0.01,1,1489,买盘
352,11:04:37,14.87,-0.02,2,2974,卖盘
353,11:06:01,14.89,0.02,6,8934,买盘
354,11:06:04,14.89,0.0,5,7445,买盘
355,11:06:34,14.91,0.02,13,19383,买盘
356,11:06:58,14.91,0.0,8,11928,卖盘
357,11:07:12,14.92,0.01,10,14918,买盘
358,11:08:43,14.9,-0.02,1,1490,买盘
359,11:09:43,14.88,-0.02,23,34224,卖盘
360,11:10:15,14.89,0.01,4,5956,卖盘
361,11:10:48,14.88,-0.01,7,10416,卖盘
362,11:11:55,14.9,0.02,12,17880,卖盘
363,11:12:06,14.9,0.0,2,2980,卖盘
364,11:12:34,14.91,0.01,10,14910,买盘
365,11:12:46,14.91,0.0,8,11928,卖盘
366,11:13:19,14.92,0.01,9,13428,买盘
367,11:13:22,14.92,0.0,12,17904,买盘
368,11:13:52,14.93,0.01,42,62639,买盘
369,11:14:10,14.92,-0.01,5,7460,卖盘
370,11:14:34,14.93,0.01,3,4479,买盘
371,11:15:01,14.94,0.01,3,4482,买盘
372,11:15:09,14.97,0.03,1,1497,买盘
373,11:15:12,14.96,-0.01,10,14960,卖盘
374,11:15:43,14.96,0.0,1,1496,买盘
375,11:15:48,14.96,0.0,7,10472,卖盘
376,11:16:25,14.97,0.01,11,16457,买盘
377,11:16:46,14.95,-0.02,1,1495,卖盘
378,11:17:04,14.94,-0.01,10,14940,卖盘
379,11:17:13,14.93,-0.01,3,4479,卖盘
380,11:19:31,14.93,0.0,1,1493,买盘
381,11:20:57,14.9,-0.03,23,34270,卖盘
382,11:21:48,14.89,-0.01,45,67020,卖盘
383,11:25:10,14.9,0.01,3,4470,卖盘
384,11:26:28,14.9,0.0,9,13410,卖盘
385,11:26:43,14.91,0.01,2,2982,买盘
386,11:27:07,14.92,0.01,13,19396,买盘
387,11:27:30,14.93,0.01,10,14930,买盘
388,11:27:49,14.92,-0.01,10,14924,卖盘
389,11:28:13,14.92,0.0,4,5968,买盘
390,11:28:19,14.92,0.0,1,1492,卖盘
391,11:28:33,14.92,0.0,4,5968,卖盘
392,11:30:01,14.92,0.0,10,14920,买盘
393,11:30:04,14.92,0.0,1,1492,买盘
394,13:00:07,14.89,-0.03,14,20856,卖盘
395,13:00:49,14.89,0.0,1,1489,卖盘
396,13:01:04,14.89,0.0,6,8934,卖盘
397,13:02:33,14.89,0.0,7,10423,卖盘
398,13:05:04,14.89,0.0,20,29780,卖盘
399,13:05:10,14.89,0.0,4,5956,卖盘
400,13:05:15,14.89,0.0,5,7445,卖盘
401,13:07:57,14.89,0.0,1,1489,买盘
402,13:08:28,14.89,0.0,1,1489,买盘
403,13:09:00,14.89,0.0,10,14890,买盘
404,13:09:22,14.88,-0.01,35,52378,卖盘
405,13:09:34,14.88,0.0,28,41664,卖盘
406,13:09:49,14.88,0.0,7,10118,卖盘
407,13:10:25,14.88,0.0,1,1488,买盘
408,13:10:55,14.87,-0.01,15,22305,卖盘
409,13:11:28,14.87,0.0,1,1487,卖盘
410,13:11:37,14.87,0.0,27,40149,卖盘
411,13:12:12,14.87,0.0,3,4461,卖盘
412,13:12:51,14.87,0.0,30,44610,卖盘
413,13:12:58,14.87,0.0,8,11899,卖盘
414,13:13:57,14.88,0.0,1,1488,卖盘
415,13:14:04,14.88,0.0,1,1190,买盘
416,13:14:18,14.87,-0.01,10,14870,卖盘
417,13:14:49,14.89,0.02,20,30077,买盘
418,13:14:52,14.89,0.0,10,14592,卖盘
419,13:15:10,14.88,-0.01,25,37498,买盘
420,13:15:24,14.88,0.0,2,2976,卖盘
421,13:16:06,14.88,0.0,3,4166,卖盘
422,13:16:22,14.88,0.0,26,38688,买盘
423,13:16:46,14.88,0.0,1,1488,买盘
424,13:17:10,14.89,0.01,44,65511,买盘
425,13:18:01,14.9,0.01,12,17880,买盘
426,13:18:10,14.92,0.02,1,1492,买盘
427,13:18:13,14.91,-0.01,10,14910,卖盘
428,13:18:25,14.92,0.01,127,189484,买盘
429,13:18:28,14.92,0.0,6,8952,买盘
430,13:18:40,14.93,0.01,5,7465,买盘
431,13:18:43,14.92,-0.01,10,14920,卖盘
432,13:19:28,14.92,0.0,1,1492,中性盘
433,13:19:31,14.92,0.0,3,4476,卖盘
434,13:19:37,14.91,-0.01,1,1491,卖盘
435,13:19:43,14.91,0.0,2,2982,卖盘
436,13:19:55,14.92,0.01,8,11935,买盘
437,13:20:01,14.92,0.0,2,2984,卖盘
438,13:20:07,14.92,0.0,4,5968,卖盘
439,13:21:00,14.93,0.01,114,170125,买盘
440,13:21:10,14.88,-0.05,10,14880,卖盘
441,13:22:55,14.91,0.03,25,37275,买盘
442,13:23:13,14.91,0.0,86,128226,买盘
443,13:23:34,14.91,0.0,14,20874,买盘
444,13:24:24,14.91,0.0,8,11934,卖盘
445,13:24:58,14.91,0.0,5,7455,卖盘
446,13:26:00,14.93,0.02,1,1493,买盘
447,13:26:46,14.93,0.0,2,2984,买盘
448,13:27:31,14.93,0.0,1,1493,买盘
449,13:27:43,14.93,0.0,9,13437,买盘
450,13:27:49,14.93,0.0,6,8958,买盘
451,13:28:07,14.93,0.0,12,17916,买盘
452,13:28:16,14.93,0.0,3,4479,卖盘
453,13:28:19,14.96,0.03,1,1496,中性盘
454,13:28:43,14.96,0.0,1,1496,买盘
455,13:29:10,14.93,-0.03,1,1493,卖盘
456,13:31:01,14.91,-0.02,16,23856,卖盘
457,13:31:40,14.91,0.0,4,5964,卖盘
458,13:33:28,14.91,0.0,4,5666,卖盘
459,13:34:28,14.91,0.0,6,8946,卖盘
460,13:35:05,14.91,0.0,20,29820,卖盘
461,13:35:07,14.92,0.01,1,1492,买盘
462,13:35:10,14.91,-0.01,3,4771,卖盘
463,13:35:19,14.91,0.0,1,1491,买盘
464,13:37:34,14.88,-0.03,15,22320,卖盘
465,13:38:25,14.88,0.0,12,17856,卖盘
466,13:38:34,14.88,0.0,2,2976,卖盘
467,13:38:36,14.88,0.0,2,2976,卖盘
468,13:38:40,14.88,0.0,21,31248,卖盘
469,13:38:43,14.88,0.0,1,1488,卖盘
470,13:38:46,14.88,0.0,1,1488,卖盘
471,13:38:49,14.87,-0.01,1,1487,卖盘
472,13:38:52,14.87,0.0,1,1487,卖盘
473,13:38:55,14.87,0.0,1,1487,卖盘
474,13:38:58,14.87,0.0,1,1487,卖盘
475,13:39:01,14.87,0.0,1,1487,卖盘
476,13:41:16,14.86,-0.01,25,37150,卖盘
477,13:41:31,14.91,0.05,10,14910,买盘
478,13:43:27,14.9,-0.01,1,1490,买盘
479,13:43:49,14.85,-0.05,70,103981,卖盘
480,13:44:58,14.89,0.04,1,1489,买盘
481,13:45:13,14.85,-0.04,25,37141,卖盘
482,13:45:19,14.85,0.0,84,124740,卖盘
483,13:45:25,14.84,-0.01,4,5936,卖盘
484,13:45:37,14.85,0.01,50,74250,买盘
485,13:46:01,14.85,0.0,1,1485,买盘
486,13:46:22,14.84,-0.01,13,19304,卖盘
487,13:46:46,14.84,0.0,287,425908,买盘
488,13:49:04,14.88,0.04,1,1488,买盘
489,13:49:55,14.88,0.0,14,20832,买盘
490,13:51:25,14.85,-0.03,12,17820,卖盘
491,13:51:49,14.84,-0.01,14,20776,卖盘
492,13:51:55,14.85,0.01,9,13360,买盘
493,13:52:16,14.85,0.0,5,7425,买盘
494,13:52:25,14.85,0.0,1,1485,买盘
495,13:53:25,14.85,0.0,2,2970,卖盘
496,13:54:25,14.85,0.0,9,13365,卖盘
497,13:55:16,14.83,-0.02,42,62322,卖盘
498,13:57:01,14.83,0.0,1,1483,卖盘
499,13:57:04,14.83,0.0,10,14830,卖盘
500,13:57:19,14.83,0.0,30,44490,卖盘
501,13:57:25,14.83,0.0,4,5932,卖盘
502,13:57:28,14.83,0.0,8,11864,卖盘
503,13:57:31,14.83,0.0,3,4449,卖盘
504,13:57:34,14.83,0.0,2,2966,卖盘
505,13:57:37,14.83,0.0,1,1483,卖盘
506,13:57:40,14.82,-0.01,22,32609,卖盘
507,13:57:43,14.83,0.01,24,35592,卖盘
508,13:57:46,14.82,-0.01,3,4446,卖盘
509,13:57:49,14.82,0.0,40,59280,卖盘
510,13:57:52,14.83,0.01,68,100811,买盘
511,13:57:55,14.82,-0.01,5,7410,卖盘
512,13:57:58,14.82,0.0,9,13338,卖盘
513,13:58:07,14.82,0.0,2,2964,买盘
514,13:58:16,14.81,-0.01,9,13329,卖盘
515,13:58:22,14.81,0.0,8,11848,卖盘
516,13:58:31,14.82,0.01,68,100710,买盘
517,13:58:40,14.82,0.0,3,4446,买盘
518,13:58:49,14.81,-0.01,5,7405,卖盘
519,13:58:55,14.81,0.0,5,7405,卖盘
520,13:59:01,14.83,0.02,54,80075,买盘
521,13:59:07,14.82,-0.01,1,1482,买盘
522,13:59:13,14.81,-0.01,10,14810,卖盘
523,13:59:19,14.81,0.0,30,44430,卖盘
524,13:59:25,14.81,0.0,6,8886,买盘
525,13:59:34,14.81,0.0,50,74050,买盘
526,13:59:46,14.81,0.0,1,1481,买盘
527,13:59:55,14.81,0.0,10,14810,买盘
528,14:00:01,14.81,0.0,4,5924,买盘
529,14:00:10,14.81,0.0,5,7405,买盘
530,14:00:13,14.81,0.0,5,7405,买盘
531,14:00:28,14.81,0.0,10,14810,买盘
532,14:00:31,14.81,0.0,3,4443,买盘
533,14:00:34,14.8,-0.01,4,5920,卖盘
534,14:00:37,14.81,0.01,2,2962,买盘
535,14:01:07,14.82,0.01,4,5928,买盘
536,14:01:22,14.83,0.01,10,14830,买盘
537,14:01:37,14.83,0.0,2,2966,买盘
538,14:01:46,14.83,0.0,11,16303,买盘
539,14:01:49,14.82,-0.01,10,14820,卖盘
540,14:01:52,14.83,0.01,28,41524,买盘
541,14:03:22,14.83,0.0,1,1483,卖盘
542,14:04:19,14.86,0.03,6,8916,买盘
543,14:04:34,14.86,0.0,1,1486,卖盘
544,14:04:46,14.89,0.03,60,89323,买盘
545,14:04:49,14.86,-0.03,10,14860,卖盘
546,14:05:19,14.86,0.0,4,5944,卖盘
547,14:05:52,14.86,0.0,5,7430,买盘
548,14:06:01,14.86,0.0,12,17832,买盘
549,14:06:04,14.83,-0.03,7,10381,卖盘
550,14:07:10,14.82,-0.01,20,29640,卖盘
551,14:07:19,14.8,-0.02,100,148016,卖盘
552,14:07:22,14.83,0.03,10,14830,买盘
553,14:07:37,14.8,-0.03,92,136165,卖盘
554,14:08:22,14.77,-0.03,52,76858,卖盘
555,14:08:31,14.79,0.02,12,17742,买盘
556,14:08:43,14.77,-0.02,10,14762,买盘
557,14:08:55,14.75,-0.02,8,11800,卖盘
558,14:09:10,14.72,-0.03,56,82532,卖盘
559,14:09:13,14.74,0.02,12,17680,买盘
560,14:09:28,14.74,0.0,5,7075,卖盘
561,14:09:31,14.74,0.0,8,11792,卖盘
562,14:09:34,14.79,0.05,39,57681,买盘
563,14:09:40,14.74,-0.05,52,76705,卖盘
564,14:10:05,14.76,0.02,3,4428,买盘
565,14:10:07,14.75,-0.01,12,17714,卖盘
566,14:10:10,14.75,0.0,15,22125,买盘
567,14:10:19,14.75,0.0,53,78175,买盘
568,14:11:01,14.76,0.01,36,53151,卖盘
569,14:11:25,14.81,0.05,30,44425,买盘
570,14:11:43,14.77,-0.04,10,14770,卖盘
571,14:11:46,14.77,0.0,1,1477,买盘
572,14:12:19,14.77,0.0,2,2954,买盘
573,14:12:43,14.81,0.04,5,7405,买盘
574,14:12:58,14.81,0.0,2,2962,卖盘
575,14:13:16,14.83,0.02,2,2966,买盘
576,14:14:01,14.81,-0.02,3,4443,卖盘
577,14:14:19,14.78,-0.03,10,14780,卖盘
578,14:15:25,14.78,0.0,38,56164,买盘
579,14:15:28,14.76,-0.02,33,48716,卖盘
580,14:15:34,14.76,0.0,4,5904,买盘
581,14:16:25,14.77,0.01,10,14770,卖盘
582,14:16:28,14.77,0.0,1,1477,中性盘
583,14:16:31,14.83,0.06,60,88972,买盘
584,14:17:07,14.83,0.0,50,74150,买盘
585,14:17:31,14.82,-0.01,3,4446,买盘
586,14:17:34,14.78,-0.04,3,4434,卖盘
587,14:17:43,14.83,0.05,33,48938,买盘
588,14:17:46,14.83,0.0,7,10381,卖盘
589,14:18:04,14.82,-0.01,46,68172,买盘
590,14:20:01,14.85,0.03,1,1485,买盘
591,14:20:07,14.82,-0.03,6,8895,卖盘
592,14:20:28,14.85,0.03,5,7425,买盘
593,14:21:07,14.79,-0.06,1,1479,卖盘
594,14:21:28,14.79,0.0,7,10353,卖盘
595,14:21:43,14.79,0.0,5,7395,买盘
596,14:21:49,14.79,0.0,3,4437,买盘
597,14:21:52,14.78,-0.01,3,4434,卖盘
598,14:21:55,14.79,0.01,1,1479,买盘
599,14:22:01,14.79,0.0,3,4437,买盘
600,14:22:13,14.79,0.0,10,14790,买盘
601,14:22:40,14.79,0.0,2,2958,买盘
602,14:23:13,14.85,0.06,79,117311,买盘
603,14:23:19,14.85,0.0,1,1485,卖盘
604,14:23:49,14.88,0.03,60,89122,买盘
605,14:24:04,14.85,-0.03,2,2970,卖盘
606,14:24:07,14.85,0.0,1,1485,卖盘
607,14:25:37,14.88,0.03,50,74312,买盘
608,14:25:52,14.88,0.0,40,59518,买盘
609,14:26:05,14.9,0.02,1,1490,买盘
610,14:26:46,14.88,-0.02,1,1488,买盘
611,14:26:58,14.88,0.0,3,4463,买盘
612,14:28:34,14.88,0.0,90,133900,买盘
613,14:30:04,14.8,-0.08,2,2960,卖盘
614,14:30:16,14.82,0.02,1,1482,卖盘
615,14:30:28,14.82,0.0,69,102258,卖盘
616,14:30:52,14.82,0.0,15,22230,卖盘
617,14:31:04,14.82,0.0,2,2964,卖盘
618,14:31:10,14.82,0.0,113,167466,卖盘
619,14:31:25,14.8,-0.02,9,13320,卖盘
620,14:31:28,14.82,0.02,10,14820,买盘
621,14:31:34,14.79,-0.03,50,73992,卖盘
622,14:32:43,14.79,0.0,14,20709,卖盘
623,14:32:49,14.79,0.0,5,7395,买盘
624,14:32:55,14.79,0.0,25,36975,买盘
625,14:34:10,14.8,0.01,6,8880,卖盘
626,14:34:16,14.8,0.0,1,1480,买盘
627,14:34:19,14.8,0.0,1,1480,买盘
628,14:34:58,14.8,0.0,1,1480,卖盘
629,14:35:28,14.8,0.0,22,32560,卖盘
630,14:35:34,14.8,0.0,1,1480,买盘
631,14:35:40,14.8,0.0,1,1480,买盘
632,14:35:46,14.8,0.0,1,1480,买盘
633,14:35:49,14.8,0.0,2,2960,买盘
634,14:35:52,14.8,0.0,1,1480,买盘
635,14:35:55,14.8,0.0,1,1480,买盘
636,14:35:58,14.8,0.0,33,48840,买盘
637,14:37:07,14.84,0.04,14,20776,买盘
638,14:37:13,14.84,0.0,6,8904,卖盘
639,14:38:43,14.83,-0.01,6,8898,买盘
640,14:38:49,14.84,0.01,54,80117,买盘
641,14:39:04,14.81,-0.03,1,1481,卖盘
642,14:39:28,14.81,0.0,2,2962,卖盘
643,14:39:31,14.8,-0.01,18,26640,卖盘
644,14:39:55,14.79,-0.01,1,1479,卖盘
645,14:40:07,14.79,0.0,34,50286,卖盘
646,14:40:16,14.81,0.02,36,53307,买盘
647,14:40:19,14.78,-0.03,63,93130,卖盘
648,14:40:25,14.78,0.0,8,11824,买盘
649,14:40:34,14.78,0.0,28,41384,买盘
650,14:40:49,14.78,0.0,2,2956,卖盘
651,14:41:01,14.75,-0.03,83,122494,卖盘
652,14:41:37,14.77,0.02,26,38402,买盘
653,14:41:46,14.77,0.0,4,5908,卖盘
654,14:42:01,14.77,0.0,30,44310,买盘
655,14:42:07,14.77,0.0,12,17724,买盘
656,14:42:49,14.77,0.0,10,14770,卖盘
657,14:42:58,14.76,-0.01,30,44309,卖盘
658,14:43:19,14.76,0.0,18,26568,卖盘
659,14:43:31,14.76,0.0,32,47232,买盘
660,14:44:52,14.76,0.0,6,8856,卖盘
661,14:44:55,14.76,0.0,30,44280,卖盘
662,14:45:34,14.76,0.0,1,1476,卖盘
663,14:46:01,14.78,0.02,9,13302,卖盘
664,14:46:25,14.78,0.0,1,1478,卖盘
665,14:46:37,14.78,0.0,28,41384,卖盘
666,14:47:01,14.72,-0.06,157,231477,卖盘
667,14:47:07,14.72,0.0,1,1472,买盘
668,14:47:13,14.71,-0.01,5,7355,卖盘
669,14:47:16,14.7,-0.01,9,13236,卖盘
670,14:47:25,14.72,0.02,10,14715,买盘
671,14:47:28,14.7,-0.02,2,2940,卖盘
672,14:47:40,14.72,0.02,100,147200,买盘
673,14:47:43,14.72,0.0,89,131008,买盘
674,14:48:46,14.73,0.01,7,10311,卖盘
675,14:48:49,14.73,0.0,1,1473,买盘
676,14:48:52,14.73,0.0,2,2946,买盘
677,14:48:58,14.73,0.0,1,1473,买盘
678,14:49:01,14.73,0.0,1,1473,买盘
679,14:49:13,14.73,0.0,45,66285,卖盘
680,14:49:19,14.73,0.0,3,4419,买盘
681,14:49:25,14.73,0.0,5,7365,买盘
682,14:49:52,14.78,0.05,21,31038,买盘
683,14:50:01,14.78,0.0,29,42862,卖盘
684,14:50:07,14.77,-0.01,19,28063,买盘
685,14:50:13,14.77,0.0,64,94528,买盘
686,14:50:16,14.77,0.0,2,2954,卖盘
687,14:50:25,14.77,0.0,10,14770,卖盘
688,14:50:28,14.77,0.0,4,5908,卖盘
689,14:50:43,14.78,0.01,1,1478,买盘
690,14:50:49,14.78,0.0,2,2956,卖盘
691,14:50:58,14.82,0.04,80,118531,买盘
692,14:51:01,14.78,-0.04,1,1182,卖盘
693,14:51:25,14.79,0.01,1,1479,卖盘
694,14:51:37,14.8,0.01,21,31078,买盘
695,14:52:16,14.79,-0.01,15,22185,卖盘
696,14:52:25,14.81,0.02,23,34063,买盘
697,14:52:28,14.81,0.0,41,60721,卖盘
698,14:52:37,14.81,0.0,5,7405,卖盘
699,14:52:40,14.81,0.0,8,11848,卖盘
700,14:52:58,14.81,0.0,6,8886,卖盘
701,14:53:19,14.82,0.01,10,14820,买盘
702,14:53:37,14.82,0.0,14,20748,买盘
703,14:53:40,14.82,0.0,2,2964,卖盘
704,14:53:55,14.84,0.02,5,7420,买盘
705,14:54:01,14.82,-0.02,10,14820,卖盘
706,14:54:10,14.84,0.02,1,1484,买盘
707,14:54:16,14.82,-0.02,5,7410,卖盘
708,14:54:19,14.84,0.02,12,17808,买盘
709,14:54:28,14.84,0.0,7,10388,卖盘
710,14:54:31,14.84,0.0,5,7420,卖盘
711,14:54:34,14.85,0.01,6,8910,买盘
712,14:54:40,14.84,-0.01,6,8904,卖盘
713,14:54:52,14.84,0.0,54,80136,买盘
714,14:55:07,14.84,0.0,2,2671,卖盘
715,14:55:10,14.84,0.0,10,14840,卖盘
716,14:55:28,14.84,0.0,3,4452,卖盘
717,14:55:40,14.84,0.0,20,29680,卖盘
718,14:55:49,14.84,0.0,11,16621,卖盘
719,14:55:55,14.84,0.0,1,1484,买盘
720,14:56:10,14.84,0.0,30,44520,买盘
721,14:56:16,14.83,-0.01,16,23728,卖盘
722,14:56:19,14.84,0.01,66,97647,买盘
723,14:56:25,14.84,0.0,20,29680,卖盘
724,14:56:28,14.84,0.0,5,7420,卖盘
725,14:56:46,14.85,0.01,7,10395,买盘
726,14:56:49,14.85,0.0,1,1485,买盘
727,14:56:52,14.85,0.0,1,1485,买盘
728,14:56:58,14.84,-0.01,6,8904,卖盘
729,14:57:03,14.85,0.01,18,26725,买盘
730,15:00:04,14.85,0.0,253,375705,卖盘
