,time,price,change,volume,amount,type
0,09:30:07,10.03,0.14,53,53138,买盘
1,09:30:16,10.02,-0.01,50,50100,卖盘
2,09:30:28,10.02,0.0,52,52104,卖盘
3,09:30:31,10.02,0.0,20,20045,卖盘
4,09:30:37,10.03,0.01,8,8024,中性盘
5,09:30:40,10.02,-0.01,5,5010,卖盘
6,09:30:43,10.02,0.0,54,54112,卖盘
7,09:30:49,10.03,0.01,1,1003,卖盘
8,09:30:52,10.03,0.0,2,2006,卖盘
9,09:30:55,10.03,0.0,8,8024,买盘
10,09:30:58,10.03,0.0,8,8030,卖盘
11,09:31:01,10.03,0.0,8,8024,卖盘
12,09:31:10,10.04,0.01,57,57228,买盘
13,09:31:13,10.04,0.0,1,1004,卖盘
14,09:31:16,10.04,0.0,10,10040,卖盘
15,09:31:19,10.03,-0.01,45,45172,卖盘
16,09:31:22,10.04,0.01,13,13052,卖盘
17,09:31:25,10.04,0.0,1,1004,买盘
18,09:31:28,10.04,0.0,10,10038,买盘
19,09:31:31,10.03,-0.01,21,21063,卖盘
20,09:31:34,10.03,0.0,55,55155,卖盘
21,09:31:37,10.02,-0.01,36,36075,卖盘
22,09:31:40,10.01,-0.01,14,14017,卖盘
23,09:31:43,10.02,0.01,6,6007,买盘
24,09:31:46,10.0,-0.02,27,27008,卖盘
25,09:31:55,10.0,0.0,1,1000,卖盘
26,09:31:58,10.0,0.0,4,3998,买盘
27,09:32:01,10.01,0.01,11,11001,买盘
28,09:32:10,10.0,-0.01,1,1000,买盘
29,09:32:31,9.99,-0.01,20,19980,卖盘
30,09:32:34,9.99,0.0,9,8991,卖盘
31,09:32:37,10.0,0.01,7,6999,买盘
32,09:32:40,9.98,-0.02,69,68908,卖盘
33,09:32:43,9.98,0.0,3,2994,买盘
34,09:32:46,9.98,0.0,11,10978,买盘
35,09:32:49,9.93,-0.05,1,993,卖盘
36,09:32:55,9.94,0.01,4,3976,卖盘
37,09:32:58,9.99,0.05,46,45954,买盘
38,09:33:04,9.99,0.0,2,1997,买盘
39,09:33:07,9.99,0.0,6,5994,买盘
40,09:33:10,9.96,-0.03,16,15942,卖盘
41,09:33:13,9.99,0.03,1,999,买盘
42,09:33:16,9.99,0.0,14,13976,买盘
43,09:33:31,9.99,0.0,2,1998,买盘
44,09:33:37,9.98,-0.01,20,19960,卖盘
45,09:33:43,9.99,0.01,1,999,买盘
46,09:33:55,9.98,-0.01,5,4990,卖盘
47,09:34:10,9.98,0.0,54,53929,卖盘
48,09:34:13,9.98,0.0,1,998,买盘
49,09:34:22,9.98,0.0,3,2994,卖盘
50,09:34:28,9.97,-0.01,1,997,卖盘
51,09:34:37,9.98,0.01,3,2994,买盘
52,09:34:46,9.98,0.0,6,5988,卖盘
53,09:34:49,9.97,-0.01,5,4985,卖盘
54,09:35:07,9.99,0.02,5,4995,买盘
55,09:35:13,9.99,0.0,35,34965,买盘
56,09:35:22,10.0,0.01,4,4000,买盘
57,09:35:25,10.0,0.0,124,124000,买盘
58,09:35:28,10.0,0.0,4,4000,买盘
59,09:35:31,10.0,0.0,37,36994,买盘
60,09:35:43,10.01,0.01,14,14004,买盘
61,09:35:46,10.01,0.0,5,5005,买盘
62,09:35:49,10.01,0.0,12,12012,买盘
63,09:35:55,10.01,0.0,5,5005,卖盘
64,09:36:07,10.02,0.01,1,1002,买盘
65,09:36:13,10.01,-0.01,22,22022,卖盘
66,09:36:25,10.0,-0.01,20,20000,卖盘
67,09:36:28,10.0,0.0,13,13000,买盘
68,09:36:46,9.99,-0.01,1,999,卖盘
69,09:36:52,9.99,0.0,10,9990,卖盘
70,09:36:55,10.0,0.01,20,20000,买盘
71,09:36:58,10.0,0.0,3,3000,买盘
72,09:37:01,9.99,-0.01,1,999,卖盘
73,09:37:04,10.0,0.01,10,10000,买盘
74,09:37:13,10.0,0.0,5,5000,买盘
75,09:37:37,9.99,-0.01,48,47952,卖盘
76,09:37:40,10.0,0.01,2,2000,买盘
77,09:37:43,10.0,0.0,3,3000,买盘
78,09:37:46,9.99,-0.01,1,999,卖盘
79,09:37:49,9.99,0.0,20,19980,卖盘
80,09:37:58,9.99,0.0,1,999,卖盘
81,09:38:13,10.0,0.01,4,4000,买盘
82,09:38:16,9.99,-0.01,1,999,卖盘
83,09:38:25,9.99,0.0,5,4995,卖盘
84,09:38:28,10.0,0.01,10,10000,买盘
85,09:38:31,9.99,-0.01,1,999,卖盘
86,09:38:36,9.99,0.0,4,3996,卖盘
87,09:38:43,10.0,0.01,3,3000,买盘
88,09:38:46,9.99,-0.01,1,999,卖盘
89,09:38:58,10.0,0.01,8,8000,买盘
90,09:39:04,9.99,-0.01,1,999,卖盘
91,09:39:10,10.0,0.01,11,11000,买盘
92,09:39:13,9.99,-0.01,7,6993,卖盘
93,09:39:16,10.0,0.01,16,16000,买盘
94,09:39:22,10.0,0.0,60,60000,买盘
95,09:39:27,10.0,0.0,79,79574,买盘
96,09:39:31,10.01,0.01,2,2002,买盘
97,09:39:37,10.01,0.0,131,130881,买盘
98,09:39:43,10.03,0.02,337,337976,买盘
99,09:39:46,10.03,0.0,19,19057,买盘
100,09:39:49,10.04,0.01,122,122396,买盘
101,09:39:52,10.03,-0.01,143,143477,卖盘
102,09:39:55,10.05,0.02,2,2010,买盘
103,09:39:58,10.06,0.01,33,33170,买盘
104,09:40:04,10.06,0.0,1,1006,卖盘
105,09:40:10,10.07,0.01,11,11087,中性盘
106,09:40:13,10.09,0.02,35,35300,买盘
107,09:40:16,10.09,0.0,5,5044,买盘
108,09:40:19,10.08,-0.01,4,4032,卖盘
109,09:40:22,10.08,0.0,1,1008,买盘
110,09:40:25,10.08,0.0,6,6048,卖盘
111,09:40:28,10.08,0.0,3,3024,买盘
112,09:40:31,10.07,-0.01,20,20148,卖盘
113,09:40:37,10.07,0.0,2,2014,买盘
114,09:40:40,10.06,-0.01,7,7042,卖盘
115,09:40:52,10.06,0.0,5,5030,卖盘
116,09:40:57,10.06,0.0,5,5030,卖盘
117,09:41:13,10.06,0.0,8,8048,卖盘
118,09:41:16,10.06,0.0,6,6037,卖盘
119,09:41:19,10.06,0.0,24,24144,卖盘
120,09:41:22,10.06,0.0,54,54324,卖盘
121,09:41:28,10.05,-0.01,8,8040,卖盘
122,09:41:31,10.05,0.0,4,4020,卖盘
123,09:41:40,10.04,-0.01,14,14056,卖盘
124,09:41:43,10.04,0.0,11,11044,买盘
125,09:41:46,10.03,-0.01,7,7021,卖盘
126,09:41:52,10.03,0.0,38,38139,卖盘
127,09:41:58,10.03,0.0,1,1003,卖盘
128,09:42:01,10.04,0.01,7,7027,买盘
129,09:42:04,10.03,-0.01,7,7021,卖盘
130,09:42:07,10.03,0.0,1,1003,买盘
131,09:42:28,10.01,-0.02,30,30054,卖盘
132,09:42:31,10.03,0.02,6,6018,买盘
133,09:42:48,10.03,0.0,22,22066,买盘
134,09:42:55,10.01,-0.02,16,16024,卖盘
135,09:42:58,10.03,0.02,26,26078,买盘
136,09:43:01,10.01,-0.02,45,45045,卖盘
137,09:43:22,10.0,-0.01,20,20000,卖盘
138,09:43:28,10.0,0.0,6,6000,卖盘
139,09:43:37,10.0,0.0,50,50000,卖盘
140,09:43:43,9.98,-0.02,69,68961,卖盘
141,09:43:46,10.01,0.03,21,21014,买盘
142,09:43:55,9.98,-0.03,14,13974,卖盘
143,09:44:13,9.98,0.0,62,61906,卖盘
144,09:44:25,9.97,-0.01,8,7976,卖盘
145,09:44:34,9.97,0.0,24,23928,卖盘
146,09:44:37,9.97,0.0,28,27916,买盘
147,09:44:58,9.97,0.0,15,14950,买盘
148,09:45:07,9.97,0.0,2,1994,买盘
149,09:45:10,9.96,-0.01,22,21912,卖盘
150,09:45:16,9.96,0.0,18,17928,卖盘
151,09:45:25,9.95,-0.01,7,6965,卖盘
152,09:45:28,9.97,0.02,21,20937,买盘
153,09:45:55,9.95,-0.02,13,12935,卖盘
154,09:46:01,9.95,0.0,34,33830,买盘
155,09:46:09,9.95,0.0,1,995,买盘
156,09:46:16,9.95,0.0,24,23880,买盘
157,09:46:25,9.95,0.0,2,1990,买盘
158,09:46:28,9.94,-0.01,133,132202,卖盘
159,09:46:36,9.94,0.0,5,4970,买盘
160,09:46:40,9.94,0.0,3,2982,买盘
161,09:46:43,9.9,-0.04,379,375501,卖盘
162,09:46:54,9.89,-0.01,12,11875,卖盘
163,09:46:58,9.89,0.0,22,21758,卖盘
164,09:47:01,9.89,0.0,108,106812,卖盘
165,09:47:04,9.89,0.0,9,8901,买盘
166,09:47:06,9.9,0.01,77,76173,买盘
167,09:47:10,9.88,-0.02,40,39520,卖盘
168,09:47:12,9.88,0.0,14,13832,买盘
169,09:47:16,9.88,0.0,5,4940,买盘
170,09:47:25,9.88,0.0,34,33592,买盘
171,09:47:28,9.88,0.0,132,130416,买盘
172,09:47:31,9.85,-0.03,332,327235,卖盘
173,09:47:34,9.85,0.0,88,86680,买盘
174,09:47:36,9.85,0.0,30,29550,买盘
175,09:47:40,9.85,0.0,13,12805,买盘
176,09:47:43,9.85,0.0,37,36445,买盘
177,09:47:46,9.85,0.0,50,49255,卖盘
178,09:47:52,9.87,0.02,1,987,买盘
179,09:47:55,9.85,-0.02,8,7880,卖盘
180,09:47:58,9.85,0.0,98,96652,卖盘
181,09:48:19,9.89,0.04,508,500606,买盘
182,09:48:25,9.89,0.0,10,9890,买盘
183,09:48:28,9.87,-0.02,12,11844,卖盘
184,09:48:31,9.84,-0.03,174,171529,卖盘
185,09:48:40,9.89,0.05,1,989,买盘
186,09:48:46,9.93,0.04,25,24821,买盘
187,09:49:04,9.93,0.0,129,128052,买盘
188,09:49:07,9.93,0.0,7,6951,卖盘
189,09:49:10,9.93,0.0,35,34758,卖盘
190,09:49:16,9.93,0.0,17,16881,卖盘
191,09:49:22,9.93,0.0,132,131079,卖盘
192,09:49:37,9.93,0.0,27,26804,买盘
193,09:49:55,9.9,-0.03,2,1981,卖盘
194,09:50:04,9.9,0.0,11,10890,卖盘
195,09:50:19,9.91,0.01,10,9910,买盘
196,09:50:25,9.91,0.0,6,5950,卖盘
197,09:50:28,9.92,0.01,32,31758,买盘
198,09:50:36,9.93,0.01,10,9930,买盘
199,09:50:46,9.92,-0.01,11,10913,卖盘
200,09:50:49,9.93,0.01,22,21846,买盘
201,09:50:55,9.92,-0.01,104,103263,卖盘
202,09:50:58,9.92,0.0,3,2976,卖盘
203,09:51:01,9.93,0.01,83,82419,买盘
204,09:51:07,9.94,0.01,97,96338,买盘
205,09:51:10,9.94,0.0,6,5964,买盘
206,09:51:16,9.95,0.01,2,1990,买盘
207,09:51:19,9.95,0.0,35,34825,买盘
208,09:51:22,9.96,0.01,175,173954,买盘
209,09:51:25,9.94,-0.02,181,179527,卖盘
210,09:51:55,9.94,0.0,2,1988,卖盘
211,09:52:01,9.94,0.0,5,4970,卖盘
212,09:52:07,9.96,0.02,19,18924,买盘
213,09:52:13,9.96,0.0,49,48804,买盘
214,09:52:25,9.94,-0.02,2,1988,卖盘
215,09:52:27,9.96,0.02,39,38844,买盘
216,09:52:31,9.94,-0.02,77,76674,卖盘
217,09:52:57,9.94,0.0,6,5964,卖盘
218,09:53:01,9.97,0.03,59,58823,买盘
219,09:53:04,9.94,-0.03,106,105364,卖盘
220,09:53:16,9.94,0.0,4,3976,买盘
221,09:53:22,9.93,-0.01,2,1986,卖盘
222,09:53:28,9.93,0.0,3,2979,卖盘
223,09:53:34,9.93,0.0,3,2979,买盘
224,09:53:52,9.94,0.01,67,66561,买盘
225,09:53:55,9.91,-0.03,4,3964,卖盘
226,09:53:58,9.91,0.0,2,1982,买盘
227,09:54:01,9.91,0.0,2,1982,买盘
228,09:54:10,9.91,0.0,4,3967,卖盘
229,09:54:28,9.93,0.02,19,18867,买盘
230,09:54:31,9.89,-0.04,63,62417,卖盘
231,09:54:43,9.93,0.04,51,50633,买盘
232,09:54:58,9.9,-0.03,13,12876,卖盘
233,09:55:25,9.91,0.01,1,991,卖盘
234,09:55:28,9.91,0.0,8,7931,买盘
235,09:55:31,9.92,0.01,20,19840,中性盘
236,09:55:37,9.92,0.0,10,9920,卖盘
237,09:55:49,9.92,0.0,50,49600,卖盘
238,09:55:51,9.93,0.01,14,13902,买盘
239,09:55:58,9.92,-0.01,8,7936,卖盘
240,09:56:04,9.93,0.01,10,9930,买盘
241,09:56:12,9.93,0.0,3,2977,买盘
242,09:56:22,9.94,0.01,46,45702,买盘
243,09:56:28,9.94,0.0,12,11928,卖盘
244,09:56:49,9.96,0.02,8,7959,买盘
245,09:56:58,9.93,-0.03,10,9930,卖盘
246,09:57:01,9.95,0.02,15,14925,买盘
247,09:57:04,9.95,0.0,15,14925,买盘
248,09:57:13,9.95,0.0,67,66665,买盘
249,09:57:28,9.93,-0.02,12,11916,卖盘
250,09:57:49,9.95,0.02,10,9950,买盘
251,09:57:58,9.93,-0.02,6,5958,卖盘
252,09:58:04,9.95,0.02,69,68655,买盘
253,09:58:30,9.93,-0.02,14,13902,卖盘
254,09:58:52,9.95,0.02,52,51740,买盘
255,09:58:58,9.93,-0.02,9,8937,卖盘
256,09:59:19,9.94,0.01,3,2982,卖盘
257,09:59:28,9.94,0.0,8,7952,卖盘
258,09:59:34,9.93,-0.01,68,67546,卖盘
259,09:59:43,9.97,0.04,59,58757,买盘
260,09:59:58,9.93,-0.04,12,11916,卖盘
261,10:00:25,9.93,0.0,6,5958,卖盘
262,10:00:31,9.97,0.04,45,44851,买盘
263,10:00:34,9.98,0.01,8,7984,买盘
264,10:00:37,9.97,-0.01,1,997,卖盘
265,10:00:46,9.97,0.0,7,6979,卖盘
266,10:00:55,9.97,0.0,7,6979,卖盘
267,10:01:19,9.97,0.0,8,7976,卖盘
268,10:01:22,9.99,0.02,55,54909,买盘
269,10:01:25,9.97,-0.02,13,12961,卖盘
270,10:01:30,9.97,0.0,4,3988,卖盘
271,10:01:46,9.97,0.0,2,1994,卖盘
272,10:01:48,9.97,0.0,3,2991,卖盘
273,10:01:58,9.97,0.0,6,5982,卖盘
274,10:02:04,9.98,0.01,5,4990,买盘
275,10:02:12,9.99,0.01,63,62917,买盘
276,10:02:22,9.97,-0.02,20,19940,卖盘
277,10:02:28,9.97,0.0,4,3988,卖盘
278,10:02:33,9.99,0.02,100,99811,买盘
279,10:02:52,9.96,-0.03,1,797,卖盘
280,10:02:58,9.99,0.03,82,81839,买盘
281,10:03:22,9.99,0.0,5,4995,卖盘
282,10:03:28,9.99,0.0,1,999,卖盘
283,10:03:46,10.0,0.01,100,100000,买盘
284,10:03:52,10.01,0.01,55,54640,买盘
285,10:03:58,10.01,0.0,14,14014,卖盘
286,10:04:04,10.01,0.0,2,2002,卖盘
287,10:04:16,10.01,0.0,1,1001,卖盘
288,10:04:19,10.04,0.03,302,303107,买盘
289,10:04:31,10.01,-0.03,10,10010,卖盘
290,10:04:34,10.01,0.0,9,9009,卖盘
291,10:04:43,10.03,0.02,48,48107,买盘
292,10:05:04,10.01,-0.02,16,16034,卖盘
293,10:05:10,10.01,0.0,7,7007,卖盘
294,10:05:12,10.01,0.0,20,20420,卖盘
295,10:05:31,10.0,-0.01,8,8000,卖盘
296,10:05:34,10.02,0.02,10,9618,买盘
297,10:05:40,10.02,0.0,12,12024,卖盘
298,10:05:52,10.02,0.0,95,95649,卖盘
299,10:06:04,10.0,-0.02,59,59006,卖盘
300,10:06:07,10.0,0.0,2,2000,买盘
301,10:06:12,9.95,-0.05,68,67857,卖盘
302,10:06:19,9.99,0.04,6,5994,买盘
303,10:06:22,10.0,0.01,58,58000,买盘
304,10:06:28,9.97,-0.03,8,7976,中性盘
305,10:06:34,9.99,0.02,37,36963,买盘
306,10:06:43,10.0,0.01,8,8000,买盘
307,10:06:46,10.0,0.0,10,10000,买盘
308,10:06:52,10.0,0.0,7,7000,买盘
309,10:06:55,10.0,0.0,52,52000,买盘
310,10:06:58,9.99,-0.01,12,11988,卖盘
311,10:07:01,10.0,0.01,18,18000,买盘
312,10:07:04,10.0,0.0,30,30000,卖盘
313,10:07:13,10.01,0.01,49,49049,买盘
314,10:07:22,10.01,0.0,51,51051,买盘
315,10:07:27,10.02,0.01,37,37074,买盘
316,10:07:31,10.01,-0.01,5,5005,卖盘
317,10:07:34,10.02,0.01,106,106212,买盘
318,10:07:37,10.02,0.0,5,5010,买盘
319,10:07:46,10.02,0.0,1,1002,买盘
320,10:07:49,10.02,0.0,2,1603,买盘
321,10:07:54,10.03,0.01,206,206618,买盘
322,10:07:58,10.03,0.0,21,21063,买盘
323,10:08:01,10.04,0.01,154,154534,买盘
324,10:08:04,10.04,0.0,24,24096,卖盘
325,10:08:10,10.05,0.01,37,37185,买盘
326,10:08:13,10.05,0.0,3,3015,卖盘
327,10:08:25,10.05,0.0,10,10050,卖盘
328,10:08:28,10.05,0.0,5,5025,卖盘
329,10:08:31,10.05,0.0,9,9045,卖盘
330,10:08:37,10.06,0.01,10,10060,买盘
331,10:08:43,10.05,-0.01,8,8040,卖盘
332,10:08:46,10.06,0.01,100,100600,买盘
333,10:08:52,10.06,0.0,65,65390,买盘
334,10:08:55,10.05,-0.01,5,5025,卖盘
335,10:08:58,10.05,0.0,15,15079,卖盘
336,10:09:04,10.06,0.01,43,43253,买盘
337,10:09:25,10.06,0.0,157,157972,卖盘
338,10:09:30,10.06,0.0,72,72432,卖盘
339,10:09:43,10.08,0.02,49,49392,买盘
340,10:09:49,10.08,0.0,20,20160,买盘
341,10:10:04,10.08,0.0,29,29212,买盘
342,10:10:07,10.08,0.0,156,157205,买盘
343,10:10:10,10.08,0.0,20,20160,买盘
344,10:10:13,10.08,0.0,74,74590,买盘
345,10:10:19,10.08,0.0,46,46368,买盘
346,10:10:21,10.08,0.0,31,31248,卖盘
347,10:10:28,10.08,0.0,20,20160,卖盘
348,10:10:33,10.09,0.01,64,64576,买盘
349,10:10:49,10.1,0.01,230,232121,买盘
350,10:10:58,10.09,-0.01,18,18154,买盘
351,10:11:04,10.09,0.0,228,230256,买盘
352,10:11:10,10.1,0.01,7,7070,买盘
353,10:11:13,10.09,-0.01,60,60550,卖盘
354,10:11:16,10.1,0.01,117,118070,买盘
355,10:11:19,10.1,0.0,3,3030,买盘
356,10:11:22,10.1,0.0,49,49490,买盘
357,10:11:28,10.09,-0.01,3,3027,买盘
358,10:11:34,10.1,0.01,3,3030,买盘
359,10:11:40,10.09,-0.01,1,1009,卖盘
360,10:11:48,10.1,0.01,1,1010,买盘
361,10:12:07,10.09,-0.01,43,43389,卖盘
362,10:12:13,10.09,0.0,57,57513,买盘
363,10:12:19,10.09,0.0,72,72578,买盘
364,10:12:28,10.09,0.0,20,20180,卖盘
365,10:12:34,10.09,0.0,45,45405,卖盘
366,10:12:37,10.09,0.0,5,5045,卖盘
367,10:12:40,10.09,0.0,9,9081,卖盘
368,10:12:43,10.09,0.0,7,7063,买盘
369,10:12:46,10.08,-0.01,72,72576,卖盘
370,10:12:49,10.08,0.0,29,29232,卖盘
371,10:13:01,10.08,0.0,67,67536,买盘
372,10:13:04,10.08,0.0,7,7056,买盘
373,10:13:16,10.08,0.0,19,19143,买盘
374,10:13:19,10.07,-0.01,4,4028,卖盘
375,10:13:22,10.07,0.0,3,3021,买盘
376,10:13:28,10.09,0.02,1100,1109596,买盘
377,10:13:33,10.09,0.0,111,111775,买盘
378,10:13:40,10.07,-0.02,17,17104,买盘
379,10:13:43,10.06,-0.01,6,6036,卖盘
380,10:13:46,10.1,0.04,414,418358,买盘
381,10:13:49,10.1,0.0,4,4040,卖盘
382,10:13:55,10.1,0.0,10,10100,卖盘
383,10:13:58,10.1,0.0,2,2020,卖盘
384,10:14:01,10.1,0.0,8,8080,卖盘
385,10:14:04,10.1,0.0,2,2020,卖盘
386,10:14:07,10.1,0.0,2,2020,卖盘
387,10:14:10,10.1,0.0,27,26866,卖盘
388,10:14:22,10.09,-0.01,6,6054,卖盘
389,10:14:37,10.09,0.0,10,10090,卖盘
390,10:14:40,10.09,0.0,2,2018,卖盘
391,10:14:43,10.1,0.01,61,61610,买盘
392,10:14:46,10.09,-0.01,15,15135,卖盘
393,10:14:49,10.09,0.0,10,10090,卖盘
394,10:15:01,10.09,0.0,5,5045,卖盘
395,10:15:04,10.09,0.0,3,3027,卖盘
396,10:15:06,10.1,0.01,20,20200,买盘
397,10:15:31,10.1,0.0,87,87850,买盘
398,10:15:34,10.09,-0.01,4,4036,卖盘
399,10:15:40,10.09,0.0,9,9081,卖盘
400,10:15:43,10.09,0.0,5,5045,卖盘
401,10:15:45,10.09,0.0,32,32288,卖盘
402,10:15:55,10.1,0.01,200,201967,买盘
403,10:16:01,10.05,-0.05,1,1005,卖盘
404,10:16:04,10.08,0.03,1,1008,买盘
405,10:16:10,10.08,0.0,1,1008,买盘
406,10:16:12,10.08,0.0,1,1008,买盘
407,10:16:21,10.09,0.01,22,22181,买盘
408,10:16:31,10.09,0.0,31,31279,卖盘
409,10:16:34,10.09,0.0,1,1009,买盘
410,10:16:55,10.09,0.0,3,3027,买盘
411,10:16:57,10.09,0.0,6,6054,买盘
412,10:17:01,10.08,-0.01,2,2016,卖盘
413,10:17:10,10.09,0.01,1,1009,买盘
414,10:17:13,10.1,0.01,71,71669,买盘
415,10:17:19,10.08,-0.02,10,10080,卖盘
416,10:17:34,10.08,0.0,3,3024,卖盘
417,10:17:37,10.08,0.0,2,2016,卖盘
418,10:17:49,10.08,0.0,40,40320,买盘
419,10:18:04,10.08,0.0,53,53424,买盘
420,10:18:06,10.08,0.0,1,1008,买盘
421,10:18:10,10.08,0.0,3,3024,买盘
422,10:18:13,10.08,0.0,3,3024,买盘
423,10:18:22,10.08,0.0,3,3024,买盘
424,10:18:31,10.08,0.0,1,1008,卖盘
425,10:18:39,10.08,0.0,14,14112,卖盘
426,10:18:52,10.09,0.01,69,69589,买盘
427,10:18:58,10.06,-0.03,71,71441,卖盘
428,10:19:28,10.08,0.02,35,35280,买盘
429,10:19:31,10.07,-0.01,1,1007,卖盘
430,10:19:34,10.07,0.0,3,3021,中性盘
431,10:19:40,10.07,0.0,2,2014,买盘
432,10:19:43,10.08,0.01,72,72575,买盘
433,10:19:46,10.06,-0.02,9,9059,卖盘
434,10:19:52,10.08,0.02,8,8071,卖盘
435,10:19:55,10.08,0.0,10,10080,买盘
436,10:20:01,10.06,-0.02,1,1006,卖盘
437,10:20:04,10.06,0.0,1,1006,卖盘
438,10:20:07,10.08,0.02,10,10080,买盘
439,10:20:10,10.06,-0.02,10,10060,卖盘
440,10:20:31,10.07,0.01,54,54431,卖盘
441,10:20:33,10.07,0.0,2,2014,卖盘
442,10:20:49,10.06,-0.01,42,42277,卖盘
443,10:21:01,10.06,0.0,6,6036,卖盘
444,10:21:10,10.06,0.0,27,27162,卖盘
445,10:21:22,10.08,0.02,65,65520,买盘
446,10:21:28,10.06,-0.02,34,34204,卖盘
447,10:21:33,10.06,0.0,3,3018,买盘
448,10:21:39,10.06,0.0,9,9054,买盘
449,10:21:43,10.06,0.0,1,1006,买盘
450,10:21:45,10.06,0.0,1,1006,买盘
451,10:21:49,10.06,0.0,1,1006,买盘
452,10:21:52,10.06,0.0,1,1006,买盘
453,10:21:55,10.06,0.0,1,1006,买盘
454,10:21:58,10.06,0.0,3,3018,买盘
455,10:22:01,10.06,0.0,3,3018,买盘
456,10:22:13,10.08,0.02,69,69541,买盘
457,10:22:16,10.06,-0.02,2,2012,卖盘
458,10:23:01,10.06,0.0,7,7042,卖盘
459,10:23:04,10.07,0.01,61,61427,买盘
460,10:23:16,10.06,-0.01,2,2012,卖盘
461,10:23:19,10.07,0.01,5,5035,买盘
462,10:23:33,10.06,-0.01,26,26156,卖盘
463,10:23:49,10.06,0.0,10,10060,卖盘
464,10:23:52,10.08,0.02,67,67470,买盘
465,10:23:58,10.06,-0.02,15,15090,卖盘
466,10:24:01,10.06,0.0,3,3018,买盘
467,10:24:31,10.05,-0.01,1,1005,卖盘
468,10:24:34,10.05,0.0,1,1005,卖盘
469,10:24:42,10.08,0.03,55,55378,买盘
470,10:24:54,10.05,-0.03,30,30163,卖盘
471,10:25:04,10.06,0.01,1,1006,卖盘
472,10:25:34,10.08,0.02,63,63502,买盘
473,10:25:39,10.08,0.0,2,2016,买盘
474,10:25:49,10.06,-0.02,8,8048,卖盘
475,10:26:04,10.06,0.0,1,1006,卖盘
476,10:26:16,10.09,0.03,255,257237,买盘
477,10:26:21,10.09,0.0,18,18162,买盘
478,10:26:34,10.09,0.0,4,4036,卖盘
479,10:26:43,10.1,0.01,5,5050,买盘
480,10:26:46,10.1,0.0,2,2020,买盘
481,10:26:48,10.1,0.0,481,486214,买盘
482,10:26:55,10.09,-0.01,84,84775,卖盘
483,10:26:58,10.11,0.02,50,50550,买盘
484,10:27:04,10.11,0.0,9,9095,买盘
485,10:27:07,10.08,-0.03,50,50461,卖盘
486,10:27:09,10.11,0.03,1,1011,买盘
487,10:27:13,10.11,0.0,56,56616,买盘
488,10:27:16,10.11,0.0,8,8086,买盘
489,10:27:28,10.1,-0.01,3,3030,卖盘
490,10:27:39,10.1,0.0,4,4040,卖盘
491,10:27:43,10.1,0.0,3,3030,卖盘
492,10:27:46,10.11,0.01,5,5055,买盘
493,10:28:01,10.11,0.0,63,63693,买盘
494,10:28:10,10.1,-0.01,19,19190,卖盘
495,10:28:13,10.11,0.01,35,35385,买盘
496,10:28:46,10.1,-0.01,1,1010,卖盘
497,10:28:49,10.1,0.0,10,10100,卖盘
498,10:28:52,10.11,0.01,81,81825,买盘
499,10:29:16,10.1,-0.01,6,6060,买盘
500,10:29:22,10.1,0.0,1,1010,买盘
501,10:29:31,10.1,0.0,33,33330,买盘
502,10:29:34,10.09,-0.01,6,6054,卖盘
503,10:29:42,10.11,0.02,65,65712,买盘
504,10:30:01,10.09,-0.02,17,17153,卖盘
505,10:30:04,10.09,0.0,1,1009,卖盘
506,10:30:13,10.11,0.02,126,127342,买盘
507,10:30:19,10.08,-0.03,99,100088,卖盘
508,10:30:33,10.12,0.04,48,48576,买盘
509,10:30:40,10.1,-0.02,2,2020,买盘
510,10:31:07,10.1,0.0,9,9090,卖盘
511,10:31:16,10.1,0.0,2,2020,卖盘
512,10:31:22,10.11,0.01,67,67727,买盘
513,10:31:34,10.1,-0.01,16,16160,卖盘
514,10:31:39,10.1,0.0,1,1010,卖盘
515,10:32:13,10.11,0.01,90,90925,买盘
516,10:32:19,10.1,-0.01,5,5050,买盘
517,10:32:34,10.09,-0.01,4,4036,卖盘
518,10:32:43,10.09,0.0,9,9081,卖盘
519,10:33:04,10.08,-0.01,55,55502,卖盘
520,10:33:16,10.08,0.0,12,12096,卖盘
521,10:33:34,10.08,0.0,2,2016,卖盘
522,10:33:37,10.09,0.01,10,10090,买盘
523,10:33:45,10.09,0.0,25,25205,买盘
524,10:33:51,10.09,0.0,54,54477,买盘
525,10:34:04,10.08,-0.01,5,5040,卖盘
526,10:34:19,10.09,0.01,56,56504,买盘
527,10:34:28,10.07,-0.02,10,10070,卖盘
528,10:34:33,10.09,0.02,27,27241,买盘
529,10:34:40,10.09,0.0,47,47423,卖盘
530,10:34:43,10.1,0.01,68,68574,买盘
531,10:34:46,10.06,-0.04,69,69440,卖盘
532,10:34:55,10.09,0.03,86,86774,买盘
533,10:35:04,10.08,-0.01,66,66524,中性盘
534,10:35:10,10.08,0.0,5,5040,买盘
535,10:35:16,10.08,0.0,5,5040,买盘
536,10:35:25,10.08,0.0,62,62496,买盘
537,10:35:31,10.09,0.01,57,57501,买盘
538,10:35:43,10.09,0.0,3,3026,买盘
539,10:35:58,10.08,-0.01,6,6048,买盘
540,10:36:04,10.09,0.01,7,7063,买盘
541,10:36:19,10.08,-0.01,35,35283,卖盘
542,10:36:22,10.09,0.01,69,69621,买盘
543,10:36:28,10.08,-0.01,40,40320,卖盘
544,10:36:34,10.08,0.0,3,3024,卖盘
545,10:36:43,10.08,0.0,2,2016,买盘
546,10:36:46,10.08,0.0,3,3024,卖盘
547,10:37:07,10.06,-0.02,2,2012,卖盘
548,10:37:13,10.08,0.02,52,52384,买盘
549,10:37:37,10.06,-0.02,8,8048,卖盘
550,10:37:40,10.08,0.02,30,30240,买盘
551,10:37:45,10.07,-0.01,10,10070,买盘
552,10:37:49,10.08,0.01,117,117936,买盘
553,10:37:52,10.1,0.02,157,158430,买盘
554,10:37:58,10.1,0.0,68,68680,买盘
555,10:38:01,10.11,0.01,10,10110,买盘
556,10:38:04,10.12,0.01,66,66727,买盘
557,10:38:07,10.12,0.0,124,125458,买盘
558,10:38:10,10.12,0.0,71,71852,买盘
559,10:38:13,10.12,0.0,26,26312,买盘
560,10:38:22,10.13,0.01,5,5065,买盘
561,10:38:25,10.15,0.02,366,371362,买盘
562,10:38:31,10.11,-0.04,86,87043,卖盘
563,10:38:33,10.15,0.04,6,6090,买盘
564,10:38:43,10.14,-0.01,365,370724,卖盘
565,10:38:49,10.14,0.0,1,1014,卖盘
566,10:38:51,10.17,0.03,68,69075,买盘
567,10:38:55,10.14,-0.03,361,367337,中性盘
568,10:39:01,10.17,0.03,61,61937,买盘
569,10:39:04,10.17,0.0,11,11187,卖盘
570,10:39:06,10.19,0.02,350,356515,买盘
571,10:39:10,10.19,0.0,3,3057,卖盘
572,10:39:13,10.19,0.0,18,18342,卖盘
573,10:39:21,10.2,0.01,322,328118,买盘
574,10:39:25,10.19,-0.01,360,367229,卖盘
575,10:39:28,10.19,0.0,87,88653,卖盘
576,10:39:31,10.2,0.01,5,5100,卖盘
577,10:39:34,10.2,0.0,2,2040,卖盘
578,10:39:37,10.23,0.03,202,206467,买盘
579,10:39:40,10.2,-0.03,1,1020,卖盘
580,10:39:43,10.23,0.03,60,61366,买盘
581,10:39:46,10.22,-0.01,32,32704,卖盘
582,10:39:49,10.22,0.0,10,10220,卖盘
583,10:39:52,10.21,-0.01,163,166521,卖盘
584,10:39:55,10.21,0.0,2,2042,买盘
585,10:39:58,10.2,-0.01,59,60190,卖盘
586,10:40:01,10.21,0.01,331,337506,买盘
587,10:40:07,10.21,0.0,161,164241,买盘
588,10:40:10,10.18,-0.03,24,24432,卖盘
589,10:40:13,10.18,0.0,79,80418,卖盘
590,10:40:16,10.2,0.02,30,30537,买盘
591,10:40:19,10.2,0.0,10,10200,买盘
592,10:40:31,10.16,-0.04,3,3048,卖盘
593,10:40:33,10.2,0.04,61,62210,买盘
594,10:40:49,10.18,-0.02,1,1018,买盘
595,10:40:52,10.18,0.0,1,1018,中性盘
596,10:40:58,10.18,0.0,4,4072,买盘
597,10:41:01,10.17,-0.01,4,4068,卖盘
598,10:41:07,10.17,0.0,2,2034,卖盘
599,10:41:16,10.18,0.01,5,5090,买盘
600,10:41:19,10.17,-0.01,25,25425,卖盘
601,10:41:22,10.19,0.02,69,70307,买盘
602,10:41:30,10.17,-0.02,4,4068,卖盘
603,10:41:37,10.18,0.01,44,44778,买盘
604,10:41:46,10.18,0.0,7,7126,买盘
605,10:41:52,10.17,-0.01,10,10170,卖盘
606,10:42:01,10.17,0.0,12,12210,卖盘
607,10:42:04,10.17,0.0,15,15255,卖盘
608,10:42:10,10.17,0.0,2,2034,买盘
609,10:42:13,10.18,0.01,63,64106,买盘
610,10:42:16,10.16,-0.02,15,15240,卖盘
611,10:42:46,10.17,0.01,5,5085,买盘
612,10:42:58,10.17,0.0,10,10170,买盘
613,10:43:04,10.17,0.0,71,72205,买盘
614,10:43:07,10.17,0.0,18,18306,买盘
615,10:43:13,10.17,0.0,38,38646,卖盘
616,10:43:28,10.17,0.0,10,10170,卖盘
617,10:43:33,10.17,0.0,42,42714,卖盘
618,10:43:52,10.17,0.0,55,55935,买盘
619,10:43:55,10.16,-0.01,2,2032,卖盘
620,10:44:04,10.16,0.0,1,1016,卖盘
621,10:44:13,10.16,0.0,13,13208,卖盘
622,10:44:16,10.16,0.0,50,50800,卖盘
623,10:44:19,10.17,0.01,6,6102,买盘
624,10:44:22,10.16,-0.01,23,23368,卖盘
625,10:44:30,10.16,0.0,10,10160,买盘
626,10:44:33,10.14,-0.02,2,2028,卖盘
627,10:44:43,10.17,0.03,64,65032,买盘
628,10:45:06,10.14,-0.03,4,4056,卖盘
629,10:45:33,10.14,0.0,72,73187,卖盘
630,10:45:46,10.17,0.03,5,5085,买盘
631,10:45:52,10.14,-0.03,18,18252,卖盘
632,10:45:54,10.14,0.0,10,10140,买盘
633,10:46:01,10.14,0.0,1,1014,买盘
634,10:46:07,10.14,0.0,1,1014,买盘
635,10:46:10,10.14,0.0,1,1014,买盘
636,10:46:19,10.14,0.0,1,1014,卖盘
637,10:46:22,10.17,0.03,56,56889,买盘
638,10:46:34,10.14,-0.03,1,1014,卖盘
639,10:46:40,10.17,0.03,250,254250,买盘
640,10:46:43,10.14,-0.03,4,4056,卖盘
641,10:47:10,10.16,0.02,9,9144,买盘
642,10:47:13,10.17,0.01,64,65073,买盘
643,10:47:19,10.16,-0.01,70,71120,卖盘
644,10:47:34,10.14,-0.02,7,7098,卖盘
645,10:48:04,10.15,0.01,61,62029,卖盘
646,10:48:33,10.15,0.0,36,36610,卖盘
647,10:48:36,10.18,0.03,160,162813,买盘
648,10:48:48,10.18,0.0,5,5090,买盘
649,10:48:51,10.18,0.0,64,65152,买盘
650,10:48:58,10.18,0.0,100,101786,买盘
651,10:49:01,10.18,0.0,22,22396,买盘
652,10:49:04,10.17,-0.01,1,1017,中性盘
653,10:49:10,10.18,0.01,7,7126,买盘
654,10:49:18,10.18,0.0,4,4072,卖盘
655,10:49:22,10.19,0.01,39,39741,买盘
656,10:49:24,10.18,-0.01,5,5090,卖盘
657,10:49:28,10.18,0.0,13,13242,卖盘
658,10:49:34,10.18,0.0,4,4072,卖盘
659,10:49:37,10.19,0.01,10,10190,买盘
660,10:49:43,10.19,0.0,52,52985,买盘
661,10:49:48,10.18,-0.01,60,61080,卖盘
662,10:50:13,10.18,0.0,1,1018,卖盘
663,10:50:18,10.19,0.01,5,5095,买盘
664,10:50:22,10.18,-0.01,67,68206,卖盘
665,10:50:27,10.18,0.0,130,132340,买盘
666,10:50:33,10.18,0.0,68,69276,买盘
667,10:50:36,10.18,0.0,1,1018,买盘
668,10:50:46,10.18,0.0,2,2036,卖盘
669,10:50:49,10.18,0.0,2,2036,卖盘
670,10:50:58,10.18,0.0,30,30540,买盘
671,10:51:22,10.19,0.01,67,68217,买盘
672,10:51:34,10.17,-0.02,2,2034,卖盘
673,10:51:46,10.18,0.01,45,45770,买盘
674,10:52:05,10.17,-0.01,1,1017,卖盘
675,10:52:13,10.17,0.0,325,330525,卖盘
676,10:52:19,10.17,0.0,81,82296,买盘
677,10:52:37,10.17,0.0,156,158572,买盘
678,10:52:55,10.14,-0.03,8,8117,卖盘
679,10:52:58,10.14,0.0,2,2028,买盘
680,10:53:00,10.17,0.03,112,113646,买盘
681,10:53:05,10.17,0.0,31,31527,卖盘
682,10:53:13,10.18,0.01,10,10180,买盘
683,10:53:37,10.17,-0.01,25,25425,卖盘
684,10:53:46,10.18,0.01,3,3054,买盘
685,10:53:49,10.17,-0.01,3,3051,卖盘
686,10:53:51,10.18,0.01,69,70241,买盘
687,10:54:19,10.17,-0.01,25,25425,卖盘
688,10:54:21,10.18,0.01,200,203484,买盘
689,10:54:43,10.18,0.0,105,106890,买盘
690,10:54:52,10.18,0.0,20,20360,买盘
691,10:55:01,10.18,0.0,96,97728,买盘
692,10:55:13,10.18,0.0,47,47846,买盘
693,10:55:34,10.19,0.01,68,69292,买盘
694,10:55:37,10.18,-0.01,2,2036,卖盘
695,10:55:45,10.18,0.0,25,25450,卖盘
696,10:55:54,10.18,0.0,18,18731,卖盘
697,10:56:04,10.18,0.0,4,3665,卖盘
698,10:56:18,10.18,0.0,16,16695,买盘
699,10:56:22,10.19,0.01,52,52988,买盘
700,10:56:37,10.18,-0.01,4,4072,卖盘
701,10:56:40,10.18,0.0,8,8144,卖盘
702,10:57:07,10.18,0.0,1,1018,卖盘
703,10:57:10,10.18,0.0,29,29115,卖盘
704,10:57:12,10.19,0.01,63,64186,买盘
705,10:57:33,10.16,-0.03,20,20320,卖盘
706,10:57:37,10.16,0.0,2,2032,卖盘
707,10:58:04,10.18,0.02,68,69224,买盘
708,10:58:07,10.16,-0.02,1,1016,卖盘
709,10:58:09,10.14,-0.02,69,70074,卖盘
710,10:58:12,10.15,0.01,3,3045,买盘
711,10:58:22,10.16,0.01,5,5080,卖盘
712,10:58:31,10.16,0.0,18,18288,卖盘
713,10:58:37,10.15,-0.01,1,1015,卖盘
714,10:58:42,10.17,0.02,118,119962,买盘
715,10:58:52,10.18,0.01,50,50900,买盘
716,10:59:06,10.17,-0.01,139,141472,卖盘
717,10:59:10,10.18,0.01,10,10180,中性盘
718,10:59:12,10.18,0.0,20,20360,卖盘
719,10:59:16,10.18,0.0,86,87548,卖盘
720,10:59:18,10.18,0.0,1,1018,卖盘
721,10:59:36,10.18,0.0,7,7126,卖盘
722,10:59:39,10.18,0.0,200,203790,卖盘
723,10:59:43,10.2,0.02,63,64234,买盘
724,10:59:45,10.18,-0.02,71,72278,卖盘
725,10:59:49,10.18,0.0,69,70242,买盘
726,11:00:00,10.18,0.0,20,20360,买盘
727,11:00:07,10.19,0.01,126,128483,买盘
728,11:00:27,10.2,0.01,207,211135,买盘
729,11:00:31,10.2,0.0,55,56100,买盘
730,11:00:34,10.2,0.0,145,147900,买盘
731,11:00:37,10.2,0.0,79,80580,卖盘
732,11:00:40,10.21,0.01,155,158181,买盘
733,11:00:43,10.21,0.0,45,45945,买盘
734,11:00:49,10.22,0.01,9,9198,买盘
735,11:00:51,10.22,0.0,10,10220,买盘
736,11:00:55,10.22,0.0,32,32694,买盘
737,11:00:58,10.22,0.0,43,43931,买盘
738,11:01:04,10.22,0.0,6,6132,买盘
739,11:01:07,10.22,0.0,50,51100,买盘
740,11:01:10,10.22,0.0,8,8170,买盘
741,11:01:19,10.21,-0.01,4,4087,卖盘
742,11:01:25,10.22,0.01,62,63364,买盘
743,11:01:34,10.22,0.0,8,8173,买盘
744,11:01:37,10.21,-0.01,5,5105,卖盘
745,11:01:46,10.21,0.0,7,7147,卖盘
746,11:01:48,10.21,0.0,5,5105,卖盘
747,11:01:54,10.21,0.0,21,21441,卖盘
748,11:01:58,10.22,0.01,50,51100,买盘
749,11:02:07,10.21,-0.01,14,14294,卖盘
750,11:02:10,10.21,0.0,16,16336,卖盘
751,11:02:12,10.22,0.01,68,69496,买盘
752,11:02:15,10.22,0.0,450,459900,买盘
753,11:02:19,10.21,-0.01,12,12252,卖盘
754,11:02:25,10.21,0.0,8,8168,买盘
755,11:02:28,10.21,0.0,17,17357,卖盘
756,11:02:34,10.21,0.0,4,4084,买盘
757,11:02:40,10.21,0.0,19,19398,买盘
758,11:02:43,10.2,-0.01,66,67394,卖盘
759,11:02:46,10.2,0.0,60,61200,卖盘
760,11:02:51,10.21,0.01,6,6126,中性盘
761,11:03:04,10.21,0.0,53,54164,卖盘
762,11:03:06,10.21,0.0,2,2042,卖盘
763,11:03:09,10.2,-0.01,69,70424,卖盘
764,11:03:12,10.21,0.01,6,6126,中性盘
765,11:03:31,10.21,0.0,25,25525,买盘
766,11:03:37,10.2,-0.01,1,1020,卖盘
767,11:03:40,10.2,0.0,1,1020,卖盘
768,11:03:43,10.22,0.02,100,102140,买盘
769,11:03:46,10.21,-0.01,100,102197,中性盘
770,11:03:52,10.22,0.01,30,30660,买盘
771,11:03:54,10.21,-0.01,5,5105,卖盘
772,11:03:57,10.22,0.01,1,1022,买盘
773,11:04:07,10.21,-0.01,65,66365,卖盘
774,11:04:12,10.21,0.0,19,19399,买盘
775,11:04:16,10.21,0.0,6,6126,买盘
776,11:04:22,10.21,0.0,4,4084,买盘
777,11:04:25,10.22,0.01,160,163390,买盘
778,11:04:27,10.21,-0.01,7,7147,中性盘
779,11:04:31,10.22,0.01,22,22484,买盘
780,11:04:34,10.22,0.0,1,1022,买盘
781,11:04:37,10.22,0.0,1,1022,买盘
782,11:04:40,10.22,0.0,1,1022,卖盘
783,11:04:43,10.22,0.0,9,9198,买盘
784,11:04:49,10.2,-0.02,731,745718,卖盘
785,11:04:55,10.17,-0.03,69,70205,卖盘
786,11:04:58,10.2,0.03,6,6120,买盘
787,11:05:09,10.19,-0.01,3,3057,卖盘
788,11:05:16,10.19,0.0,1,1019,买盘
789,11:05:28,10.19,0.0,1,1019,买盘
790,11:05:34,10.19,0.0,2,2038,买盘
791,11:05:40,10.18,-0.01,1,1018,卖盘
792,11:05:52,10.19,0.01,18,18342,买盘
793,11:05:58,10.18,-0.01,3,3054,卖盘
794,11:06:04,10.18,0.0,6,6108,买盘
795,11:06:07,10.18,0.0,4,4072,买盘
796,11:06:09,10.18,0.0,11,11198,卖盘
797,11:06:12,10.18,0.0,3,3054,买盘
798,11:06:15,10.18,0.0,1,1018,买盘
799,11:06:21,10.19,0.01,3,3057,买盘
800,11:06:40,10.19,0.0,1,1019,卖盘
801,11:07:04,10.19,0.0,10,10190,卖盘
802,11:07:07,10.19,0.0,1,1019,卖盘
803,11:07:12,10.19,0.0,2,2038,卖盘
804,11:07:21,10.19,0.0,10,10190,卖盘
805,11:07:31,10.2,0.01,72,73440,买盘
806,11:07:33,10.19,-0.01,36,36707,卖盘
807,11:07:36,10.19,0.0,60,61140,买盘
808,11:07:51,10.19,0.0,96,97824,买盘
809,11:08:09,10.18,-0.01,6,6108,卖盘
810,11:08:43,10.18,0.0,156,158808,卖盘
811,11:08:52,10.18,0.0,20,20360,买盘
812,11:08:58,10.18,0.0,20,20360,买盘
813,11:09:04,10.17,-0.01,3,3051,卖盘
814,11:09:07,10.18,0.01,18,18324,买盘
815,11:09:10,10.17,-0.01,19,19337,卖盘
816,11:09:13,10.18,0.01,8,8144,买盘
817,11:09:15,10.18,0.0,5,5090,买盘
818,11:09:18,10.17,-0.01,1,1017,卖盘
819,11:09:24,10.18,0.01,49,49882,买盘
820,11:09:28,10.17,-0.01,2,2035,卖盘
821,11:09:37,10.17,0.0,21,21358,卖盘
822,11:09:40,10.18,0.01,9,9165,中性盘
823,11:09:43,10.18,0.0,23,23414,买盘
824,11:09:49,10.19,0.01,31,31589,买盘
825,11:09:52,10.19,0.0,10,10190,卖盘
826,11:09:55,10.2,0.01,103,104988,买盘
827,11:09:58,10.21,0.01,54,55134,买盘
828,11:10:04,10.21,0.0,78,79638,买盘
829,11:10:07,10.21,0.0,28,28588,买盘
830,11:10:10,10.21,0.0,2,2042,卖盘
831,11:10:19,10.22,0.01,232,237104,买盘
832,11:10:25,10.22,0.0,120,122640,卖盘
833,11:10:30,10.22,0.0,72,73584,卖盘
834,11:10:40,10.23,0.01,46,47032,买盘
835,11:10:43,10.23,0.0,100,102300,买盘
836,11:10:46,10.22,-0.01,6,6132,卖盘
837,11:10:49,10.23,0.01,40,40920,买盘
838,11:10:55,10.23,0.0,5,5115,买盘
839,11:10:58,10.23,0.0,250,255750,买盘
840,11:11:04,10.24,0.01,200,204770,买盘
841,11:11:06,10.25,0.01,115,117767,买盘
842,11:11:10,10.24,-0.01,105,107623,卖盘
843,11:11:13,10.25,0.01,29,29725,买盘
844,11:11:16,10.25,0.0,35,35870,买盘
845,11:11:25,10.25,0.0,369,378225,买盘
846,11:11:28,10.25,0.0,9,8815,买盘
847,11:11:31,10.25,0.0,78,79909,卖盘
848,11:11:33,10.26,0.01,3,3078,买盘
849,11:11:40,10.25,-0.01,4,4101,卖盘
850,11:11:43,10.26,0.01,31,31806,买盘
851,11:11:46,10.26,0.0,6,6156,买盘
852,11:11:49,10.26,0.0,32,32832,买盘
853,11:11:52,10.26,0.0,10,10260,卖盘
854,11:11:55,10.26,0.0,5,5130,卖盘
855,11:12:01,10.27,0.01,30,30790,买盘
856,11:12:10,10.26,-0.01,6,6156,卖盘
857,11:12:13,10.27,0.01,48,49296,买盘
858,11:12:19,10.27,0.0,5,5135,买盘
859,11:12:22,10.26,-0.01,10,10260,卖盘
860,11:12:28,10.27,0.01,131,134742,买盘
861,11:12:34,10.26,-0.01,256,262815,卖盘
862,11:12:37,10.28,0.02,2,2056,买盘
863,11:12:40,10.26,-0.02,7,7187,卖盘
864,11:12:43,10.29,0.03,561,576728,买盘
865,11:12:49,10.27,-0.02,1,1027,中性盘
866,11:12:54,10.27,0.0,16,16432,买盘
867,11:12:58,10.29,0.02,125,128519,买盘
868,11:13:00,10.27,-0.02,6,6162,中性盘
869,11:13:04,10.26,-0.01,69,70794,卖盘
870,11:13:06,10.29,0.03,31,31878,买盘
871,11:13:10,10.29,0.0,134,137886,买盘
872,11:13:12,10.3,0.01,10,10300,买盘
873,11:13:16,10.29,-0.01,40,41160,买盘
874,11:13:24,10.29,0.0,124,127576,买盘
875,11:13:31,10.28,-0.01,20,20560,买盘
876,11:13:34,10.27,-0.01,10,10270,卖盘
877,11:13:40,10.27,0.0,59,60669,卖盘
878,11:13:43,10.27,0.0,20,20540,卖盘
879,11:13:46,10.29,0.02,20,20580,买盘
880,11:13:49,10.28,-0.01,48,49344,买盘
881,11:13:54,10.3,0.02,285,293350,买盘
882,11:14:00,10.27,-0.03,23,23647,卖盘
883,11:14:07,10.29,0.02,109,112161,买盘
884,11:14:09,10.28,-0.01,6,6168,卖盘
885,11:14:19,10.29,0.01,11,11319,买盘
886,11:14:22,10.28,-0.01,5,5140,卖盘
887,11:14:24,10.29,0.01,80,82320,买盘
888,11:14:30,10.29,0.0,1,1029,买盘
889,11:14:33,10.28,-0.01,14,14392,卖盘
890,11:14:36,10.29,0.01,1,1029,买盘
891,11:14:40,10.28,-0.01,13,13374,卖盘
892,11:14:46,10.29,0.01,143,147137,买盘
893,11:14:49,10.28,-0.01,50,51400,卖盘
894,11:14:52,10.28,0.0,31,31868,卖盘
895,11:14:55,10.28,0.0,4,4112,买盘
896,11:14:58,10.23,-0.05,68,69773,卖盘
897,11:15:06,10.27,0.04,46,47276,卖盘
898,11:15:12,10.25,-0.02,10,10250,买盘
899,11:15:24,10.25,0.0,4,4100,卖盘
900,11:15:27,10.25,0.0,7,7175,卖盘
901,11:15:30,10.28,0.03,20,20560,买盘
902,11:15:33,10.28,0.0,21,21588,中性盘
903,11:15:40,10.28,0.0,1,1028,中性盘
904,11:15:43,10.28,0.0,45,46260,卖盘
905,11:15:46,10.3,0.02,523,538355,买盘
906,11:15:52,10.28,-0.02,1,1028,卖盘
907,11:15:55,10.29,0.01,30,30860,中性盘
908,11:15:58,10.3,0.01,44,45320,买盘
909,11:16:04,10.3,0.0,345,355340,买盘
910,11:16:07,10.3,0.0,63,64890,买盘
911,11:16:13,10.3,0.0,20,20600,买盘
912,11:16:16,10.3,0.0,43,44290,买盘
913,11:16:19,10.3,0.0,47,48410,买盘
914,11:16:22,10.3,0.0,30,30900,卖盘
915,11:16:25,10.31,0.01,8,8248,买盘
916,11:16:28,10.31,0.0,131,134992,买盘
917,11:16:30,10.31,0.0,1,1031,买盘
918,11:16:36,10.31,0.0,44,45364,买盘
919,11:16:39,10.31,0.0,36,37116,买盘
920,11:16:43,10.3,-0.01,25,25764,卖盘
921,11:16:46,10.31,0.01,52,53582,买盘
922,11:16:49,10.31,0.0,5,5155,卖盘
923,11:16:52,10.31,0.0,3,3093,卖盘
924,11:17:01,10.31,0.0,80,82480,卖盘
925,11:17:03,10.31,0.0,5,5155,卖盘
926,11:17:09,10.31,0.0,1,1031,卖盘
927,11:17:13,10.31,0.0,5,5155,卖盘
928,11:17:16,10.32,0.01,74,76314,买盘
929,11:17:28,10.31,-0.01,3,3093,卖盘
930,11:17:31,10.31,0.0,3,3093,卖盘
931,11:17:33,10.31,0.0,44,45364,买盘
932,11:17:40,10.3,-0.01,4,4120,卖盘
933,11:17:45,10.31,0.01,4,4123,买盘
934,11:18:00,10.3,-0.01,5,5150,买盘
935,11:18:05,10.29,-0.01,20,20580,卖盘
936,11:18:12,10.28,-0.01,9,9252,卖盘
937,11:18:18,10.29,0.01,30,30870,买盘
938,11:18:24,10.28,-0.01,4,4112,卖盘
939,11:18:27,10.29,0.01,21,21601,买盘
940,11:18:34,10.29,0.0,21,21609,买盘
941,11:18:36,10.29,0.0,5,5145,中性盘
942,11:18:42,10.3,0.01,53,54581,买盘
943,11:18:46,10.3,0.0,81,83430,买盘
944,11:19:13,10.29,-0.01,8,8227,买盘
945,11:19:16,10.29,0.0,45,46251,买盘
946,11:19:28,10.29,0.0,6,6174,买盘
947,11:19:39,10.29,0.0,7,7203,卖盘
948,11:19:42,10.29,0.0,10,10290,卖盘
949,11:19:48,10.29,0.0,11,11319,卖盘
950,11:19:55,10.3,0.01,4,4118,买盘
951,11:20:06,10.29,-0.01,25,25725,买盘
952,11:20:10,10.29,0.0,3,3087,买盘
953,11:20:12,10.26,-0.03,20,20528,卖盘
954,11:20:28,10.29,0.03,106,109074,买盘
955,11:20:34,10.29,0.0,9,9261,买盘
956,11:20:37,10.31,0.02,514,529411,买盘
957,11:20:43,10.28,-0.03,122,125335,买盘
958,11:20:46,10.28,0.0,49,50372,买盘
959,11:20:52,10.28,0.0,5,5140,买盘
960,11:20:55,10.29,0.01,15,15430,买盘
961,11:20:57,10.28,-0.01,1,1028,卖盘
962,11:21:07,10.28,0.0,4,4112,卖盘
963,11:21:10,10.28,0.0,2,2056,卖盘
964,11:21:13,10.29,0.01,9,9261,买盘
965,11:21:19,10.29,0.0,2,2058,买盘
966,11:21:22,10.28,-0.01,13,13368,卖盘
967,11:21:25,10.28,0.0,1,1028,买盘
968,11:21:39,10.28,0.0,86,88408,买盘
969,11:21:43,10.28,0.0,101,103828,买盘
970,11:21:48,10.29,0.01,15,15435,中性盘
971,11:21:54,10.3,0.01,263,270890,买盘
972,11:22:04,10.3,0.0,10,10300,卖盘
973,11:22:10,10.3,0.0,1,1030,卖盘
974,11:22:13,10.3,0.0,111,114330,卖盘
975,11:22:16,10.3,0.0,60,61810,卖盘
976,11:22:19,10.3,0.0,6,6181,卖盘
977,11:22:22,10.3,0.0,3,3090,卖盘
978,11:22:25,10.3,0.0,29,29870,卖盘
979,11:22:31,10.3,0.0,20,20600,卖盘
980,11:22:33,10.33,0.03,1000,1031576,买盘
981,11:22:36,10.3,-0.03,5,5150,卖盘
982,11:22:39,10.33,0.03,148,152590,买盘
983,11:22:43,10.3,-0.03,10,10300,卖盘
984,11:22:46,10.3,0.0,71,73180,卖盘
985,11:22:49,10.32,0.02,39,40190,买盘
986,11:22:52,10.33,0.01,101,104333,买盘
987,11:22:58,10.32,-0.01,5,5160,卖盘
988,11:23:07,10.32,0.0,20,20640,卖盘
989,11:23:09,10.33,0.01,57,58881,买盘
990,11:23:21,10.32,-0.01,21,21692,卖盘
991,11:23:25,10.33,0.01,543,560919,买盘
992,11:23:31,10.33,0.0,10,10330,卖盘
993,11:23:36,10.33,0.0,319,329978,卖盘
994,11:23:39,10.33,0.0,14,14462,卖盘
995,11:23:46,10.35,0.02,40,41400,买盘
996,11:23:49,10.36,0.01,368,380910,买盘
997,11:23:52,10.33,-0.03,73,75440,卖盘
998,11:23:55,10.35,0.02,5,5175,中性盘
999,11:24:00,10.35,0.0,1,1035,卖盘
1000,11:24:04,10.36,0.01,76,78736,买盘
1001,11:24:07,10.36,0.0,1,1036,买盘
1002,11:24:09,10.36,0.0,2,2071,买盘
1003,11:24:12,10.35,-0.01,19,19674,卖盘
1004,11:24:16,10.36,0.01,22,22772,买盘
1005,11:24:19,10.36,0.0,48,49725,买盘
1006,11:24:22,10.35,-0.01,72,74542,卖盘
1007,11:24:25,10.36,0.01,14,14504,买盘
1008,11:24:31,10.36,0.0,50,51800,卖盘
1009,11:24:34,10.36,0.0,9,9323,卖盘
1010,11:24:40,10.35,-0.01,39,40384,卖盘
1011,11:24:43,10.36,0.01,11,11396,买盘
1012,11:24:52,10.36,0.0,55,56980,买盘
1013,11:25:01,10.35,-0.01,10,10350,卖盘
1014,11:25:07,10.35,0.0,45,46615,卖盘
1015,11:25:10,10.36,0.01,22,22792,买盘
1016,11:25:12,10.36,0.0,59,61075,买盘
1017,11:25:16,10.35,-0.01,4,4142,卖盘
1018,11:25:25,10.37,0.02,104,107796,买盘
1019,11:25:34,10.35,-0.02,78,80730,卖盘
1020,11:25:37,10.35,0.0,50,51750,卖盘
1021,11:25:40,10.35,0.0,10,10350,卖盘
1022,11:25:43,10.36,0.01,6,6216,买盘
1023,11:25:49,10.36,0.0,3,3108,卖盘
1024,11:25:52,10.36,0.0,2,2072,买盘
1025,11:25:58,10.36,0.0,25,25900,买盘
1026,11:26:01,10.36,0.0,13,13468,卖盘
1027,11:26:06,10.36,0.0,10,10360,卖盘
1028,11:26:10,10.36,0.0,10,10360,卖盘
1029,11:26:13,10.37,0.01,8,8294,买盘
1030,11:26:16,10.36,-0.01,84,87024,卖盘
1031,11:26:18,10.36,0.0,51,52836,卖盘
1032,11:26:21,10.36,0.0,167,172942,买盘
1033,11:26:24,10.35,-0.01,112,115920,卖盘
1034,11:26:27,10.35,0.0,59,61074,卖盘
1035,11:26:30,10.36,0.01,59,61124,买盘
1036,11:26:33,10.36,0.0,214,221704,卖盘
1037,11:26:36,10.35,-0.01,200,207000,卖盘
1038,11:26:42,10.36,0.01,163,168795,买盘
1039,11:26:45,10.36,0.0,218,225848,卖盘
1040,11:26:55,10.35,-0.01,10,10350,卖盘
1041,11:26:58,10.36,0.01,47,48687,买盘
1042,11:27:00,10.36,0.0,50,51800,买盘
1043,11:27:04,10.35,-0.01,55,56925,卖盘
1044,11:27:07,10.35,0.0,2,2070,卖盘
1045,11:27:09,10.35,0.0,90,93150,卖盘
1046,11:27:13,10.35,0.0,135,139409,卖盘
1047,11:27:19,10.36,0.01,10,10360,卖盘
1048,11:27:25,10.36,0.0,20,20720,卖盘
1049,11:27:34,10.36,0.0,90,93240,卖盘
1050,11:27:40,10.37,0.01,80,82930,买盘
1051,11:27:43,10.36,-0.01,15,15540,卖盘
1052,11:28:05,10.36,0.0,16,16576,买盘
1053,11:28:25,10.35,-0.01,6,6210,卖盘
1054,11:28:27,10.35,0.0,44,45540,卖盘
1055,11:28:30,10.35,0.0,8,8280,卖盘
1056,11:28:34,10.35,0.0,200,207000,卖盘
1057,11:28:36,10.36,0.01,10,10360,买盘
1058,11:28:42,10.35,-0.01,2,2070,卖盘
1059,11:28:49,10.35,0.0,86,89424,卖盘
1060,11:28:55,10.34,-0.01,4,4136,卖盘
1061,11:29:01,10.35,0.01,5,5175,买盘
1062,11:29:13,10.34,-0.01,6,6204,卖盘
1063,11:29:19,10.35,0.01,5,5175,买盘
1064,11:29:22,10.34,-0.01,10,10340,卖盘
1065,11:29:27,10.34,0.0,6,6209,卖盘
1066,11:29:37,10.33,-0.01,28,28924,卖盘
1067,11:29:43,10.34,0.01,39,40326,买盘
1068,11:29:46,10.33,-0.01,59,61005,卖盘
1069,11:29:48,10.34,0.01,10,10340,买盘
1070,11:29:51,10.33,-0.01,1,1033,卖盘
1071,11:29:55,10.33,0.0,12,12396,卖盘
1072,11:30:01,10.33,0.0,5,5165,卖盘
1073,11:30:04,10.33,0.0,1,1033,卖盘
1074,13:00:04,10.4,0.07,3053,3169308,买盘
1075,13:00:07,10.42,0.02,705,733489,买盘
1076,13:00:10,10.42,0.0,3,3126,卖盘
1077,13:00:13,10.43,0.01,117,122031,买盘
1078,13:00:15,10.43,0.0,2,2086,卖盘
1079,13:00:19,10.44,0.01,43,44884,买盘
1080,13:00:21,10.44,0.0,7,7308,买盘
1081,13:00:27,10.45,0.01,2,2090,买盘
1082,13:00:33,10.41,-0.04,269,280673,卖盘
1083,13:00:36,10.45,0.04,3,3135,买盘
1084,13:00:39,10.45,0.0,10,10450,买盘
1085,13:00:42,10.44,-0.01,5,5221,卖盘
1086,13:00:45,10.45,0.01,6,6269,买盘
1087,13:00:48,10.44,-0.01,5,5220,中性盘
1088,13:00:51,10.45,0.01,5,5225,买盘
1089,13:00:55,10.44,-0.01,10,10440,卖盘
1090,13:00:57,10.44,0.0,201,209844,买盘
1091,13:01:09,10.44,0.0,1,1044,买盘
1092,13:01:13,10.44,0.0,6,6264,买盘
1093,13:01:19,10.44,0.0,5,5220,买盘
1094,13:01:24,10.43,-0.01,1,1043,卖盘
1095,13:01:27,10.44,0.01,1,1044,买盘
1096,13:01:30,10.43,-0.01,10,10430,卖盘
1097,13:01:48,10.42,-0.01,20,20840,卖盘
1098,13:01:51,10.42,0.0,67,69852,卖盘
1099,13:01:54,10.43,0.01,84,87607,买盘
1100,13:01:58,10.44,0.01,139,144992,买盘
1101,13:02:01,10.43,-0.01,27,28161,卖盘
1102,13:02:10,10.44,0.01,7,7305,买盘
1103,13:02:13,10.42,-0.02,89,92788,卖盘
1104,13:02:19,10.42,0.0,18,18756,买盘
1105,13:02:21,10.42,0.0,1,1042,买盘
1106,13:02:24,10.42,0.0,19,19796,买盘
1107,13:02:27,10.42,0.0,54,56264,买盘
1108,13:02:30,10.42,0.0,2,2084,买盘
1109,13:02:33,10.41,-0.01,108,112686,卖盘
1110,13:02:36,10.42,0.01,11,11462,卖盘
1111,13:02:46,10.42,0.0,6,6252,卖盘
1112,13:02:52,10.43,0.01,8,8338,买盘
1113,13:02:54,10.43,0.0,5,5215,买盘
1114,13:02:58,10.43,0.0,11,11463,买盘
1115,13:03:01,10.42,-0.01,61,63562,卖盘
1116,13:03:04,10.42,0.0,14,14588,买盘
1117,13:03:07,10.43,0.01,50,52124,买盘
1118,13:03:12,10.44,0.01,74,77198,买盘
1119,13:03:22,10.44,0.0,1,1044,买盘
1120,13:03:25,10.43,-0.01,5,5215,卖盘
1121,13:03:28,10.44,0.01,10,10440,买盘
1122,13:03:39,10.43,-0.01,30,31310,卖盘
1123,13:03:45,10.44,0.01,60,62619,买盘
1124,13:03:51,10.43,-0.01,15,15645,卖盘
1125,13:03:55,10.43,0.0,5,5215,卖盘
1126,13:03:58,10.43,0.0,78,81354,卖盘
1127,13:04:01,10.44,0.01,17,17748,买盘
1128,13:04:07,10.43,-0.01,3,3129,卖盘
1129,13:04:09,10.43,0.0,100,104300,卖盘
1130,13:04:12,10.44,0.01,71,74124,买盘
1131,13:04:15,10.43,-0.01,27,28186,卖盘
1132,13:04:19,10.43,0.0,10,10430,卖盘
1133,13:04:24,10.44,0.01,29,30257,买盘
1134,13:04:28,10.43,-0.01,10,10430,卖盘
1135,13:04:33,10.44,0.01,11,11474,买盘
1136,13:04:37,10.43,-0.01,20,20860,卖盘
1137,13:04:39,10.43,0.0,3,3129,卖盘
1138,13:04:43,10.43,0.0,10,10430,卖盘
1139,13:04:45,10.43,0.0,10,10430,卖盘
1140,13:04:49,10.43,0.0,43,44852,卖盘
1141,13:04:55,10.44,0.01,80,83510,买盘
1142,13:04:57,10.44,0.0,41,42804,买盘
1143,13:05:03,10.44,0.0,164,171322,买盘
1144,13:05:07,10.44,0.0,10,10440,中性盘
1145,13:05:12,10.44,0.0,102,106490,卖盘
1146,13:05:21,10.44,0.0,44,45940,卖盘
1147,13:05:27,10.44,0.0,10,10440,卖盘
1148,13:05:31,10.45,0.01,5,5225,买盘
1149,13:05:42,10.45,0.0,22,22990,买盘
1150,13:05:45,10.45,0.0,116,121220,买盘
1151,13:05:48,10.45,0.0,53,55385,买盘
1152,13:05:52,10.45,0.0,151,157795,买盘
1153,13:05:55,10.44,-0.01,31,32391,卖盘
1154,13:05:58,10.45,0.01,109,113905,买盘
1155,13:06:01,10.46,0.01,36,37656,买盘
1156,13:06:05,10.44,-0.02,111,116019,卖盘
1157,13:06:06,10.46,0.02,9,9414,买盘
1158,13:06:10,10.46,0.0,14,14644,买盘
1159,13:06:13,10.46,0.0,1,1046,买盘
1160,13:06:16,10.46,0.0,2,2092,买盘
1161,13:06:24,10.46,0.0,71,74205,买盘
1162,13:06:31,10.46,0.0,5,5230,买盘
1163,13:06:33,10.45,-0.01,14,14639,卖盘
1164,13:06:36,10.47,0.02,94,98390,买盘
1165,13:06:39,10.46,-0.01,3,3137,中性盘
1166,13:06:42,10.46,0.0,12,12552,卖盘
1167,13:06:48,10.46,0.0,14,14644,买盘
1168,13:06:51,10.46,0.0,1,1046,买盘
1169,13:06:55,10.46,0.0,100,104600,买盘
1170,13:07:00,10.46,0.0,22,23012,买盘
1171,13:07:07,10.45,-0.01,6,6275,卖盘
1172,13:07:12,10.45,0.0,260,271700,卖盘
1173,13:07:22,10.45,0.0,25,26125,中性盘
1174,13:07:25,10.46,0.01,95,99339,买盘
1175,13:07:28,10.46,0.0,74,77404,买盘
1176,13:07:31,10.44,-0.02,4,4176,卖盘
1177,13:07:46,10.46,0.02,12,12542,买盘
1178,13:07:52,10.45,-0.01,5,5225,卖盘
1179,13:07:55,10.45,0.0,26,27181,卖盘
1180,13:07:58,10.45,0.0,39,40755,卖盘
1181,13:08:01,10.44,-0.01,70,73139,卖盘
1182,13:08:07,10.45,0.01,1,1045,中性盘
1183,13:08:13,10.45,0.0,3,3135,卖盘
1184,13:08:16,10.45,0.0,174,181938,卖盘
1185,13:08:21,10.45,0.0,39,40755,买盘
1186,13:08:24,10.45,0.0,2,2090,卖盘
1187,13:08:28,10.45,0.0,56,58520,卖盘
1188,13:08:33,10.44,-0.01,70,73130,卖盘
1189,13:08:42,10.46,0.02,48,50208,买盘
1190,13:08:46,10.45,-0.01,30,31350,卖盘
1191,13:08:48,10.45,0.0,20,20900,卖盘
1192,13:08:51,10.45,0.0,12,12540,卖盘
1193,13:08:55,10.45,0.0,5,5225,卖盘
1194,13:08:58,10.45,0.0,14,14634,卖盘
1195,13:09:01,10.45,0.0,24,25084,卖盘
1196,13:09:04,10.45,0.0,71,74195,卖盘
1197,13:09:06,10.46,0.01,81,84697,买盘
1198,13:09:19,10.44,-0.02,21,21924,卖盘
1199,13:09:25,10.44,0.0,2,2088,卖盘
1200,13:09:27,10.44,0.0,10,10440,卖盘
1201,13:09:30,10.44,0.0,2,2088,卖盘
1202,13:09:33,10.45,0.01,10,10442,买盘
1203,13:09:36,10.44,-0.01,1,1044,买盘
1204,13:09:40,10.45,0.01,34,35509,买盘
1205,13:09:54,10.45,0.0,139,145033,买盘
1206,13:09:57,10.46,0.01,29,30334,买盘
1207,13:10:07,10.45,-0.01,17,17765,买盘
1208,13:10:19,10.44,-0.01,13,13572,卖盘
1209,13:10:27,10.41,-0.03,5,5205,卖盘
1210,13:10:37,10.41,0.0,10,10410,卖盘
1211,13:10:45,10.44,0.03,85,88740,买盘
1212,13:10:49,10.41,-0.03,17,17697,卖盘
1213,13:10:54,10.41,0.0,4,4164,卖盘
1214,13:11:04,10.41,0.0,5,5205,卖盘
1215,13:11:09,10.41,0.0,2,2082,卖盘
1216,13:11:13,10.41,0.0,60,62460,卖盘
1217,13:11:21,10.41,0.0,5,5205,卖盘
1218,13:11:24,10.41,0.0,11,11451,卖盘
1219,13:11:27,10.42,0.01,3,3126,中性盘
1220,13:11:31,10.41,-0.01,206,214842,卖盘
1221,13:11:34,10.43,0.02,4,4172,买盘
1222,13:11:36,10.43,0.0,61,63623,买盘
1223,13:11:40,10.43,0.0,10,10430,卖盘
1224,13:11:42,10.43,0.0,46,47978,卖盘
1225,13:11:49,10.43,0.0,2,2086,卖盘
1226,13:11:58,10.41,-0.02,5,5205,卖盘
1227,13:12:07,10.41,0.0,33,34353,卖盘
1228,13:12:13,10.41,0.0,28,29148,买盘
1229,13:12:16,10.41,0.0,15,15605,买盘
1230,13:12:22,10.4,-0.01,18,18720,买盘
1231,13:12:28,10.41,0.01,106,110336,买盘
1232,13:12:34,10.35,-0.06,70,72482,卖盘
1233,13:12:48,10.35,0.0,39,40387,卖盘
1234,13:12:55,10.35,0.0,28,28980,买盘
1235,13:12:58,10.35,0.0,1,1035,卖盘
1236,13:13:07,10.35,0.0,45,46614,卖盘
1237,13:13:10,10.39,0.04,9,9351,买盘
1238,13:13:16,10.39,0.0,90,93510,买盘
1239,13:13:28,10.39,0.0,34,35312,买盘
1240,13:13:30,10.39,0.0,200,207800,买盘
1241,13:13:36,10.38,-0.01,10,10380,卖盘
1242,13:13:54,10.38,0.0,20,20760,卖盘
1243,13:13:58,10.38,0.0,10,10380,卖盘
1244,13:14:04,10.38,0.0,3,3114,卖盘
1245,13:14:07,10.39,0.01,100,103900,买盘
1246,13:14:10,10.38,-0.01,15,15570,卖盘
1247,13:14:19,10.39,0.01,14,14536,买盘
1248,13:14:25,10.38,-0.01,1,1038,卖盘
1249,13:14:28,10.38,0.0,27,28029,卖盘
1250,13:14:37,10.39,0.01,160,166237,买盘
1251,13:14:39,10.39,0.0,10,10390,卖盘
1252,13:14:42,10.39,0.0,31,32209,卖盘
1253,13:14:52,10.4,0.01,25,26000,买盘
1254,13:14:54,10.4,0.0,102,106078,买盘
1255,13:14:58,10.39,-0.01,4,4156,卖盘
1256,13:15:00,10.39,0.0,3,3117,买盘
1257,13:15:10,10.4,0.01,27,28052,买盘
1258,13:15:13,10.39,-0.01,28,29092,中性盘
1259,13:15:16,10.4,0.01,144,149760,买盘
1260,13:15:19,10.39,-0.01,158,164318,中性盘
1261,13:15:22,10.38,-0.01,260,270332,卖盘
1262,13:15:24,10.4,0.02,218,226169,买盘
1263,13:15:27,10.4,0.0,1,1040,卖盘
1264,13:15:42,10.41,0.01,16,16656,买盘
1265,13:15:46,10.41,0.0,81,84321,买盘
1266,13:15:49,10.4,-0.01,95,98800,卖盘
1267,13:15:58,10.39,-0.01,1,1039,卖盘
1268,13:16:12,10.4,0.01,62,64480,买盘
1269,13:16:16,10.4,0.0,5,5200,卖盘
1270,13:16:21,10.41,0.01,14,14574,买盘
1271,13:16:25,10.41,0.0,150,156020,买盘
1272,13:16:28,10.4,-0.01,45,46327,卖盘
1273,13:16:34,10.41,0.01,5,5205,买盘
1274,13:16:37,10.42,0.01,134,139603,买盘
1275,13:16:52,10.41,-0.01,5,5205,买盘
1276,13:16:55,10.4,-0.01,13,13998,卖盘
1277,13:16:57,10.4,0.0,33,34320,买盘
1278,13:17:01,10.4,0.0,17,17680,买盘
1279,13:17:04,10.39,-0.01,1,1039,卖盘
1280,13:17:09,10.38,-0.01,10,10380,卖盘
1281,13:17:12,10.38,0.0,1,1038,中性盘
1282,13:17:16,10.39,0.01,16,16615,买盘
1283,13:17:22,10.39,0.0,1,1039,买盘
1284,13:17:25,10.39,0.0,13,13507,买盘
1285,13:17:28,10.38,-0.01,137,142304,卖盘
1286,13:17:34,10.39,0.01,67,69574,买盘
1287,13:17:37,10.39,0.0,3,3117,卖盘
1288,13:17:39,10.36,-0.03,70,72592,卖盘
1289,13:17:48,10.39,0.03,5,5195,买盘
1290,13:17:58,10.38,-0.01,3,3115,中性盘
1291,13:18:04,10.39,0.01,63,65457,买盘
1292,13:18:13,10.4,0.01,1,1040,买盘
1293,13:18:15,10.4,0.0,104,108150,买盘
1294,13:18:18,10.39,-0.01,16,16624,卖盘
1295,13:18:21,10.39,0.0,29,30138,卖盘
1296,13:18:27,10.39,0.0,31,32238,卖盘
1297,13:18:34,10.39,0.0,4,4156,卖盘
1298,13:18:37,10.4,0.01,1,1040,买盘
1299,13:18:40,10.4,0.0,7,7280,买盘
1300,13:18:42,10.4,0.0,17,17680,买盘
1301,13:18:45,10.39,-0.01,5,5195,卖盘
1302,13:18:49,10.4,0.01,9,9360,买盘
1303,13:18:54,10.4,0.0,6,6240,买盘
1304,13:18:57,10.39,-0.01,1,1039,卖盘
1305,13:19:00,10.39,0.0,4,4156,卖盘
1306,13:19:07,10.41,0.02,112,116483,买盘
1307,13:19:10,10.39,-0.02,122,126758,卖盘
1308,13:19:12,10.4,0.01,79,82091,买盘
1309,13:19:27,10.4,0.0,38,39549,卖盘
1310,13:19:30,10.41,0.01,33,34353,买盘
1311,13:19:36,10.38,-0.03,37,38465,卖盘
1312,13:19:39,10.41,0.03,57,59337,买盘
1313,13:19:42,10.4,-0.01,5,5200,卖盘
1314,13:19:46,10.41,0.01,83,86400,买盘
1315,13:19:52,10.4,-0.01,4,4160,卖盘
1316,13:19:55,10.41,0.01,84,87384,买盘
1317,13:19:57,10.4,-0.01,22,22913,中性盘
1318,13:20:00,10.41,0.01,25,26006,买盘
1319,13:20:07,10.4,-0.01,6,6245,卖盘
1320,13:20:10,10.42,0.02,35,36469,买盘
1321,13:20:13,10.42,0.0,3,3126,买盘
1322,13:20:15,10.41,-0.01,14,14574,中性盘
1323,13:20:25,10.42,0.01,40,41680,买盘
1324,13:20:28,10.42,0.0,3,3126,买盘
1325,13:20:31,10.42,0.0,124,129207,买盘
1326,13:20:33,10.41,-0.01,30,31230,卖盘
1327,13:20:36,10.42,0.01,23,23966,买盘
1328,13:20:39,10.42,0.0,3,2647,买盘
1329,13:20:43,10.39,-0.03,72,74951,卖盘
1330,13:20:46,10.43,0.04,95,99085,买盘
1331,13:20:52,10.42,-0.01,30,31260,卖盘
1332,13:20:58,10.43,0.01,25,26075,买盘
1333,13:21:00,10.42,-0.01,6,6252,卖盘
1334,13:21:12,10.42,0.0,1,1042,买盘
1335,13:21:16,10.42,0.0,15,15630,买盘
1336,13:21:30,10.41,-0.01,5,5205,卖盘
1337,13:21:37,10.43,0.02,112,116730,买盘
1338,13:21:46,10.43,0.0,77,80293,买盘
1339,13:21:48,10.42,-0.01,37,38485,中性盘
1340,13:22:01,10.41,-0.01,2,2082,买盘
1341,13:22:04,10.42,0.01,6,6244,买盘
1342,13:22:07,10.42,0.0,38,39596,买盘
1343,13:22:15,10.42,0.0,23,23966,买盘
1344,13:22:27,10.43,0.01,109,113687,买盘
1345,13:22:31,10.42,-0.01,10,10420,卖盘
1346,13:22:37,10.42,0.0,34,35428,卖盘
1347,13:22:40,10.42,0.0,10,10420,买盘
1348,13:22:43,10.42,0.0,10,10420,买盘
1349,13:22:58,10.42,0.0,50,52100,买盘
1350,13:23:04,10.42,0.0,1,1042,卖盘
1351,13:23:07,10.43,0.01,3,3129,买盘
1352,13:23:16,10.43,0.0,151,157443,买盘
1353,13:23:21,10.43,0.0,13,13559,买盘
1354,13:23:31,10.43,0.0,4,4172,卖盘
1355,13:23:34,10.44,0.01,23,23997,买盘
1356,13:23:37,10.44,0.0,10,10440,买盘
1357,13:23:42,10.41,-0.03,65,67784,卖盘
1358,13:23:45,10.44,0.03,150,156600,买盘
1359,13:23:51,10.44,0.0,31,32364,买盘
1360,13:24:01,10.44,0.0,20,20880,买盘
1361,13:24:07,10.42,-0.02,87,90890,卖盘
1362,13:24:12,10.42,0.0,5,5210,卖盘
1363,13:24:18,10.45,0.03,1,1045,买盘
1364,13:24:25,10.43,-0.02,3,3131,卖盘
1365,13:24:27,10.43,0.0,4,4172,买盘
1366,13:24:31,10.42,-0.01,5,5210,卖盘
1367,13:24:39,10.44,0.02,35,36517,买盘
1368,13:24:46,10.41,-0.03,69,71842,卖盘
1369,13:24:54,10.44,0.03,3,3132,买盘
1370,13:24:58,10.45,0.01,96,100265,买盘
1371,13:25:06,10.44,-0.01,10,10440,买盘
1372,13:25:31,10.42,-0.02,7,7294,卖盘
1373,13:25:40,10.43,0.01,1,1043,买盘
1374,13:25:43,10.43,0.0,4,4172,买盘
1375,13:25:45,10.44,0.01,113,117972,买盘
1376,13:25:48,10.43,-0.01,125,130481,卖盘
1377,13:25:51,10.43,0.0,30,31290,卖盘
1378,13:25:58,10.43,0.0,4,4172,卖盘
1379,13:26:07,10.41,-0.02,194,202047,卖盘
1380,13:26:09,10.41,0.0,40,41640,买盘
1381,13:26:15,10.41,0.0,254,264414,买盘
1382,13:26:22,10.41,0.0,17,17697,买盘
1383,13:26:24,10.41,0.0,33,34353,卖盘
1384,13:26:28,10.42,0.01,9,9378,买盘
1385,13:26:31,10.42,0.0,6,6252,卖盘
1386,13:26:37,10.44,0.02,85,88740,买盘
1387,13:26:40,10.42,-0.02,4,4168,卖盘
1388,13:26:52,10.43,0.01,14,14602,卖盘
1389,13:26:55,10.44,0.01,109,113796,买盘
1390,13:27:00,10.44,0.0,10,10440,买盘
1391,13:27:04,10.44,0.0,13,13572,卖盘
1392,13:27:10,10.44,0.0,125,130573,卖盘
1393,13:27:16,10.4,-0.04,69,71761,卖盘
1394,13:27:24,10.43,0.03,8,8345,中性盘
1395,13:27:28,10.44,0.01,107,111786,买盘
1396,13:27:31,10.44,0.0,29,30245,买盘
1397,13:27:34,10.44,0.0,10,10440,买盘
1398,13:27:40,10.42,-0.02,1,1042,买盘
1399,13:27:42,10.41,-0.01,60,62497,卖盘
1400,13:27:48,10.42,0.01,1,1042,买盘
1401,13:27:52,10.42,0.0,15,15630,买盘
1402,13:27:55,10.41,-0.01,22,22909,卖盘
1403,13:27:58,10.41,0.0,2,2082,买盘
1404,13:28:04,10.41,0.0,15,15615,买盘
1405,13:28:06,10.41,0.0,1,1041,买盘
1406,13:28:09,10.41,0.0,18,18738,买盘
1407,13:28:13,10.41,0.0,28,29148,卖盘
1408,13:28:16,10.42,0.01,124,129092,买盘
1409,13:28:19,10.43,0.01,22,22927,买盘
1410,13:28:22,10.42,-0.01,3,3126,买盘
1411,13:28:25,10.42,0.0,12,12504,卖盘
1412,13:28:28,10.41,-0.01,4,4164,买盘
1413,13:28:30,10.41,0.0,22,22902,买盘
1414,13:28:33,10.41,0.0,15,15615,买盘
1415,13:28:43,10.41,0.0,17,17697,买盘
1416,13:28:46,10.38,-0.03,755,784359,卖盘
1417,13:28:49,10.38,0.0,15,15570,买盘
1418,13:28:52,10.38,0.0,88,91150,买盘
1419,13:29:04,10.38,0.0,31,32178,买盘
1420,13:29:06,10.4,0.02,197,204859,买盘
1421,13:29:09,10.39,-0.01,14,14546,中性盘
1422,13:29:16,10.4,0.01,14,14547,买盘
1423,13:29:19,10.39,-0.01,114,118460,卖盘
1424,13:29:28,10.37,-0.02,73,75803,卖盘
1425,13:29:33,10.37,0.0,317,328729,买盘
1426,13:29:36,10.37,0.0,110,114070,买盘
1427,13:29:43,10.38,0.01,9,9342,买盘
1428,13:29:51,10.39,0.01,1,1039,买盘
1429,13:29:57,10.39,0.0,105,109095,买盘
1430,13:30:00,10.38,-0.01,19,19722,卖盘
1431,13:30:04,10.39,0.01,11,11429,买盘
1432,13:30:07,10.39,0.0,1,1039,买盘
1433,13:30:16,10.39,0.0,7,7273,买盘
1434,13:30:19,10.39,0.0,3,3117,买盘
1435,13:30:22,10.38,-0.01,63,65198,卖盘
1436,13:30:25,10.39,0.01,18,18702,买盘
1437,13:30:43,10.39,0.0,29,30131,买盘
1438,13:30:45,10.4,0.01,81,84225,买盘
1439,13:30:51,10.4,0.0,25,25980,买盘
1440,13:31:04,10.4,0.0,15,15600,买盘
1441,13:31:10,10.39,-0.01,68,70652,卖盘
1442,13:31:12,10.4,0.01,11,11430,买盘
1443,13:31:22,10.4,0.0,5,5200,买盘
1444,13:31:28,10.39,-0.01,20,20780,卖盘
1445,13:31:37,10.4,0.01,102,106080,买盘
1446,13:31:40,10.4,0.0,1,1040,买盘
1447,13:31:46,10.4,0.0,17,17680,买盘
1448,13:31:57,10.39,-0.01,25,25975,卖盘
1449,13:32:13,10.39,0.0,41,42599,卖盘
1450,13:32:15,10.39,0.0,24,24936,卖盘
1451,13:32:25,10.4,0.01,78,81075,买盘
1452,13:32:28,10.4,0.0,27,28080,买盘
1453,13:32:45,10.4,0.0,49,50919,买盘
1454,13:32:58,10.38,-0.02,1,1038,卖盘
1455,13:33:16,10.4,0.02,85,88400,买盘
1456,13:33:19,10.4,0.0,1,1040,买盘
1457,13:33:22,10.39,-0.01,5,5195,卖盘
1458,13:33:25,10.4,0.01,65,67600,买盘
1459,13:33:27,10.39,-0.01,8,8312,卖盘
1460,13:33:34,10.4,0.01,10,10400,买盘
1461,13:33:46,10.4,0.0,20,20800,买盘
1462,13:33:54,10.4,0.0,5,5200,买盘
1463,13:34:04,10.39,-0.01,34,35326,卖盘
1464,13:34:07,10.4,0.01,112,116480,买盘
1465,13:34:18,10.4,0.0,4,4160,买盘
1466,13:34:22,10.4,0.0,3,3120,买盘
1467,13:34:37,10.39,-0.01,39,40521,卖盘
1468,13:34:52,10.4,0.01,50,52000,买盘
1469,13:34:55,10.39,-0.01,16,16624,卖盘
1470,13:34:58,10.39,0.0,107,111265,卖盘
1471,13:35:04,10.39,0.0,41,42599,卖盘
1472,13:35:07,10.39,0.0,5,5195,卖盘
1473,13:35:13,10.38,-0.01,27,28026,卖盘
1474,13:35:28,10.39,0.01,1,1039,买盘
1475,13:35:31,10.38,-0.01,9,9342,卖盘
1476,13:35:37,10.39,0.01,8,8312,买盘
1477,13:35:39,10.38,-0.01,2,2076,卖盘
1478,13:35:46,10.4,0.02,77,80012,买盘
1479,13:35:49,10.4,0.0,26,27040,买盘
1480,13:36:07,10.4,0.0,1,1040,买盘
1481,13:36:10,10.4,0.0,7,7280,买盘
1482,13:36:19,10.4,0.0,210,218390,买盘
1483,13:36:25,10.39,-0.01,73,75755,中性盘
1484,13:36:37,10.4,0.01,115,119561,买盘
1485,13:36:42,10.38,-0.02,5,5190,卖盘
1486,13:36:45,10.38,0.0,10,10380,卖盘
1487,13:36:52,10.38,0.0,8,8304,卖盘
1488,13:37:19,10.38,0.0,1,1038,买盘
1489,13:37:27,10.39,0.01,116,120419,买盘
1490,13:38:07,10.37,-0.02,2,2074,卖盘
1491,13:38:16,10.39,0.02,102,105930,买盘
1492,13:38:31,10.39,0.0,1,1039,买盘
1493,13:38:37,10.38,-0.01,10,10380,卖盘
1494,13:38:45,10.38,0.0,10,10380,卖盘
1495,13:39:06,10.39,0.01,115,119485,买盘
1496,13:39:16,10.38,-0.01,2,2285,卖盘
1497,13:39:30,10.39,0.01,84,86860,买盘
1498,13:39:34,10.39,0.0,10,10390,卖盘
1499,13:39:37,10.39,0.0,5,5195,卖盘
1500,13:39:40,10.39,0.0,9,9767,卖盘
1501,13:39:43,10.39,0.0,17,17663,买盘
1502,13:39:54,10.39,0.0,63,65457,买盘
1503,13:39:58,10.39,0.0,22,22858,买盘
1504,13:40:10,10.38,-0.01,20,20760,卖盘
1505,13:40:12,10.39,0.01,83,86237,买盘
1506,13:40:19,10.39,0.0,37,38409,买盘
1507,13:40:31,10.39,0.0,13,13507,买盘
1508,13:40:40,10.39,0.0,1,1039,买盘
1509,13:40:57,10.38,-0.01,6,6228,卖盘
1510,13:41:00,10.38,0.0,20,20760,卖盘
1511,13:41:10,10.38,0.0,1,1038,卖盘
1512,13:41:13,10.38,0.0,3,3114,卖盘
1513,13:41:16,10.39,0.01,8,8307,买盘
1514,13:41:19,10.39,0.0,21,21819,买盘
1515,13:41:28,10.38,-0.01,61,63339,卖盘
1516,13:41:31,10.38,0.0,2,2076,买盘
1517,13:41:40,10.38,0.0,18,18684,买盘
1518,13:41:51,10.38,0.0,7,7266,买盘
1519,13:41:57,10.38,0.0,2,2076,卖盘
1520,13:42:00,10.38,0.0,3,3114,卖盘
1521,13:42:10,10.38,0.0,20,20760,卖盘
1522,13:42:21,10.38,0.0,2,2076,卖盘
1523,13:42:25,10.38,0.0,5,5398,卖盘
1524,13:42:31,10.38,0.0,51,52938,卖盘
1525,13:42:37,10.39,0.01,1,1039,买盘
1526,13:42:40,10.38,-0.01,21,21798,卖盘
1527,13:42:46,10.38,0.0,10,10380,卖盘
1528,13:42:49,10.38,0.0,5,5190,卖盘
1529,13:42:57,10.38,0.0,51,52938,卖盘
1530,13:43:00,10.38,0.0,15,15362,卖盘
1531,13:43:13,10.38,0.0,17,17646,买盘
1532,13:43:22,10.38,0.0,18,18892,买盘
1533,13:43:27,10.38,0.0,13,13286,卖盘
1534,13:43:31,10.38,0.0,1,1038,买盘
1535,13:43:33,10.38,0.0,10,10380,买盘
1536,13:43:42,10.38,0.0,12,12456,买盘
1537,13:43:55,10.38,0.0,5,5190,买盘
1538,13:44:13,10.36,-0.02,78,80855,卖盘
1539,13:44:19,10.32,-0.04,93,96225,卖盘
1540,13:44:37,10.37,0.05,3,3111,买盘
1541,13:44:40,10.37,0.0,1,1037,买盘
1542,13:44:49,10.36,-0.01,1,1036,卖盘
1543,13:44:51,10.36,0.0,28,29008,卖盘
1544,13:44:58,10.37,0.01,123,127504,买盘
1545,13:45:04,10.37,0.0,1,1037,卖盘
1546,13:45:07,10.37,0.0,14,14518,卖盘
1547,13:45:18,10.37,0.0,30,31110,卖盘
1548,13:45:25,10.37,0.0,55,57035,卖盘
1549,13:45:49,10.36,-0.01,23,23820,买盘
1550,13:46:04,10.36,0.0,66,68376,卖盘
1551,13:46:07,10.36,0.0,18,18648,卖盘
1552,13:46:10,10.36,0.0,7,7252,卖盘
1553,13:46:13,10.36,0.0,22,22792,卖盘
1554,13:46:19,10.36,0.0,67,69412,卖盘
1555,13:46:22,10.36,0.0,1,1036,买盘
1556,13:46:25,10.37,0.01,19,19689,买盘
1557,13:46:39,10.36,-0.01,1,1036,买盘
1558,13:46:49,10.36,0.0,3,3108,买盘
1559,13:47:01,10.34,-0.02,24,24816,卖盘
1560,13:47:04,10.34,0.0,2,2068,买盘
1561,13:47:13,10.34,0.0,5,5170,买盘
1562,13:47:19,10.34,0.0,2,2068,买盘
1563,13:47:33,10.33,-0.01,12,12396,卖盘
1564,13:47:49,10.33,0.0,8,8264,卖盘
1565,13:47:55,10.33,0.0,26,26858,卖盘
1566,13:47:58,10.33,0.0,11,11363,买盘
1567,13:48:00,10.34,0.01,74,76453,买盘
1568,13:48:06,10.34,0.0,55,56870,买盘
1569,13:48:18,10.34,0.0,48,49632,买盘
1570,13:48:24,10.34,0.0,26,26884,买盘
1571,13:48:31,10.34,0.0,2,2068,买盘
1572,13:48:34,10.34,0.0,18,18602,买盘
1573,13:48:37,10.34,0.0,183,189222,买盘
1574,13:48:42,10.35,0.01,7,7245,买盘
1575,13:48:49,10.34,-0.01,38,39300,卖盘
1576,13:49:31,10.36,0.02,1,1036,买盘
1577,13:49:37,10.36,0.0,41,42476,买盘
1578,13:49:42,10.35,-0.01,20,20716,卖盘
1579,13:50:10,10.37,0.02,109,113033,买盘
1580,13:50:13,10.35,-0.02,26,26459,卖盘
1581,13:50:16,10.37,0.02,92,95404,买盘
1582,13:50:22,10.32,-0.05,71,73458,卖盘
1583,13:50:27,10.37,0.05,3,3111,中性盘
1584,13:50:40,10.38,0.01,19,19722,买盘
1585,13:50:58,10.37,-0.01,1,1037,卖盘
1586,13:51:07,10.38,0.01,25,25950,买盘
1587,13:51:10,10.38,0.0,7,7262,买盘
1588,13:51:19,10.38,0.0,8,8304,买盘
1589,13:51:22,10.37,-0.01,20,20740,卖盘
1590,13:51:25,10.37,0.0,3,3111,买盘
1591,13:51:31,10.37,0.0,1,1037,买盘
1592,13:51:37,10.37,0.0,7,7259,买盘
1593,13:51:40,10.38,0.01,43,44593,买盘
1594,13:51:49,10.38,0.0,66,68508,买盘
1595,13:51:55,10.38,0.0,205,212790,买盘
1596,13:51:57,10.37,-0.01,8,8296,卖盘
1597,13:52:00,10.36,-0.01,39,40450,卖盘
1598,13:52:04,10.37,0.01,1,1037,买盘
1599,13:52:07,10.38,0.01,6,6228,买盘
1600,13:52:22,10.37,-0.01,4,4148,卖盘
1601,13:52:46,10.38,0.01,133,138262,买盘
1602,13:52:51,10.38,0.0,27,28049,卖盘
1603,13:52:54,10.38,0.0,63,65394,卖盘
1604,13:52:58,10.38,0.0,10,10172,卖盘
1605,13:53:01,10.38,0.0,2,2075,买盘
1606,13:53:06,10.38,0.0,3,3114,买盘
1607,13:53:13,10.38,0.0,21,21798,买盘
1608,13:53:19,10.38,0.0,6,6228,卖盘
1609,13:53:31,10.38,0.0,57,58978,卖盘
1610,13:53:34,10.38,0.0,2,2076,买盘
1611,13:53:37,10.38,0.0,5,5190,买盘
1612,13:53:40,10.37,-0.01,10,10370,卖盘
1613,13:53:42,10.37,0.0,21,21777,买盘
1614,13:53:45,10.37,0.0,19,19703,买盘
1615,13:53:49,10.37,0.0,15,15555,卖盘
1616,13:54:01,10.38,0.01,10,10380,买盘
1617,13:54:19,10.38,0.0,1,1038,买盘
1618,13:54:31,10.38,0.0,3,3114,买盘
1619,13:54:33,10.38,0.0,13,13494,买盘
1620,13:54:37,10.38,0.0,12,12664,买盘
1621,13:54:43,10.38,0.0,35,36330,卖盘
1622,13:54:45,10.38,0.0,7,7058,卖盘
1623,13:54:49,10.38,0.0,2,2076,买盘
1624,13:54:51,10.37,-0.01,4,4148,卖盘
1625,13:54:55,10.38,0.01,1,1038,买盘
1626,13:55:01,10.37,-0.01,60,62220,卖盘
1627,13:55:27,10.37,0.0,10,10370,买盘
1628,13:55:36,10.35,-0.02,20,20700,卖盘
1629,13:55:46,10.35,0.0,10,10350,卖盘
1630,13:56:04,10.37,0.02,1,1037,买盘
1631,13:56:22,10.36,-0.01,6,6216,买盘
1632,13:56:30,10.36,0.0,1,1036,买盘
1633,13:56:37,10.36,0.0,14,14504,买盘
1634,13:56:42,10.37,0.01,23,23851,买盘
1635,13:57:01,10.37,0.0,16,16592,买盘
1636,13:57:22,10.38,0.01,1,1038,买盘
1637,13:57:30,10.37,-0.01,20,20740,卖盘
1638,13:57:40,10.37,0.0,235,243895,卖盘
1639,13:57:42,10.37,0.0,2,2074,买盘
1640,13:57:46,10.38,0.01,85,87976,买盘
1641,13:58:04,10.38,0.0,1,1038,买盘
1642,13:58:07,10.38,0.0,16,16608,买盘
1643,13:58:25,10.38,0.0,13,13494,买盘
1644,13:58:49,10.38,0.0,55,57298,买盘
1645,13:58:55,10.38,0.0,53,54806,卖盘
1646,13:58:57,10.38,0.0,32,33216,买盘
1647,13:59:10,10.35,-0.03,10,10350,卖盘
1648,13:59:13,10.35,0.0,1,1035,卖盘
1649,13:59:31,10.38,0.03,11,11418,买盘
1650,13:59:34,10.35,-0.03,4,4140,卖盘
1651,13:59:55,10.35,0.0,1,1035,卖盘
1652,14:00:33,10.38,0.03,5,5186,买盘
1653,14:00:40,10.38,0.0,9,9342,买盘
1654,14:00:52,10.38,0.0,6,6228,买盘
1655,14:00:57,10.37,-0.01,40,41480,卖盘
1656,14:01:01,10.38,0.01,150,155908,买盘
1657,14:01:07,10.38,0.0,110,113972,卖盘
1658,14:01:10,10.38,0.0,13,13494,买盘
1659,14:01:33,10.38,0.0,6,6228,买盘
1660,14:01:36,10.38,0.0,12,12456,买盘
1661,14:02:01,10.38,0.0,12,12456,买盘
1662,14:02:10,10.38,0.0,8,8304,买盘
1663,14:02:12,10.38,0.0,10,10380,买盘
1664,14:02:19,10.38,0.0,6,6228,买盘
1665,14:02:28,10.38,0.0,12,12456,买盘
1666,14:02:37,10.38,0.0,105,108990,买盘
1667,14:02:43,10.37,-0.01,30,31110,卖盘
1668,14:02:45,10.38,0.01,10,10380,买盘
1669,14:03:04,10.38,0.0,14,14532,买盘
1670,14:03:07,10.37,-0.01,10,10370,卖盘
1671,14:03:21,10.38,0.01,8,8304,买盘
1672,14:03:34,10.38,0.0,46,47723,买盘
1673,14:03:49,10.38,0.0,12,12456,买盘
1674,14:03:51,10.38,0.0,1,1038,买盘
1675,14:04:09,10.37,-0.01,100,103700,卖盘
1676,14:04:19,10.38,0.01,13,13494,买盘
1677,14:04:22,10.38,0.0,1,1038,买盘
1678,14:04:25,10.38,0.0,14,14532,买盘
1679,14:04:40,10.38,0.0,1,1038,买盘
1680,14:04:46,10.37,-0.01,10,10370,卖盘
1681,14:04:52,10.37,0.0,49,50813,卖盘
1682,14:04:57,10.37,0.0,1,1037,买盘
1683,14:05:10,10.37,0.0,2,2074,卖盘
1684,14:05:13,10.37,0.0,3,3111,卖盘
1685,14:05:16,10.37,0.0,25,25925,卖盘
1686,14:05:31,10.37,0.0,40,41480,卖盘
1687,14:05:34,10.37,0.0,1,1037,买盘
1688,14:05:37,10.36,-0.01,1,1036,卖盘
1689,14:06:07,10.37,0.01,2,2074,买盘
1690,14:06:13,10.37,0.0,16,16592,买盘
1691,14:06:15,10.36,-0.01,20,20720,卖盘
1692,14:06:22,10.36,0.0,40,41440,卖盘
1693,14:06:25,10.37,0.01,1,1037,买盘
1694,14:06:37,10.37,0.0,9,9333,买盘
1695,14:06:46,10.36,-0.01,42,43512,卖盘
1696,14:06:49,10.36,0.0,37,38332,卖盘
1697,14:06:55,10.32,-0.04,68,70245,卖盘
1698,14:07:10,10.32,0.0,10,10795,卖盘
1699,14:07:12,10.32,0.0,1,557,卖盘
1700,14:07:27,10.36,0.04,1,1036,买盘
1701,14:07:31,10.32,-0.04,10,10320,卖盘
1702,14:07:40,10.34,0.02,1,1034,中性盘
1703,14:07:42,10.34,0.0,1,1034,买盘
1704,14:07:46,10.35,0.01,2,2070,买盘
1705,14:07:49,10.34,-0.01,10,10340,卖盘
1706,14:08:07,10.34,0.0,30,31020,卖盘
1707,14:08:13,10.34,0.0,20,20680,卖盘
1708,14:08:16,10.34,0.0,6,6204,卖盘
1709,14:08:22,10.35,0.01,38,39300,买盘
1710,14:08:31,10.35,0.0,1,1035,买盘
1711,14:08:37,10.34,-0.01,5,5170,卖盘
1712,14:08:43,10.34,0.0,13,13442,买盘
1713,14:08:48,10.34,0.0,15,15510,买盘
1714,14:08:55,10.34,0.0,8,8272,买盘
1715,14:08:57,10.35,0.01,10,10348,买盘
1716,14:09:00,10.35,0.0,11,11385,买盘
1717,14:09:06,10.35,0.0,27,27925,买盘
1718,14:09:09,10.35,0.0,47,48645,买盘
1719,14:09:12,10.35,0.0,1,1035,买盘
1720,14:09:16,10.35,0.0,22,22770,买盘
1721,14:09:19,10.36,0.01,32,33147,买盘
1722,14:09:22,10.36,0.0,24,24862,买盘
1723,14:09:28,10.36,0.0,16,16576,买盘
1724,14:09:37,10.35,-0.01,4,4140,卖盘
1725,14:10:01,10.35,0.0,92,95220,卖盘
1726,14:10:04,10.35,0.0,10,10350,买盘
1727,14:10:07,10.35,0.0,7,7245,买盘
1728,14:10:16,10.35,0.0,32,33120,卖盘
1729,14:10:19,10.35,0.0,11,11385,卖盘
1730,14:10:25,10.35,0.0,9,9315,买盘
1731,14:10:34,10.35,0.0,10,10350,买盘
1732,14:10:40,10.35,0.0,5,5175,买盘
1733,14:10:43,10.35,0.0,39,40365,卖盘
1734,14:10:46,10.35,0.0,15,15525,买盘
1735,14:10:49,10.35,0.0,10,10350,买盘
1736,14:10:52,10.35,0.0,20,20700,买盘
1737,14:10:55,10.35,0.0,228,235980,买盘
1738,14:11:00,10.36,0.01,68,70390,买盘
1739,14:11:19,10.36,0.0,1,1036,买盘
1740,14:11:22,10.36,0.0,18,18648,买盘
1741,14:11:28,10.36,0.0,26,26936,买盘
1742,14:11:40,10.36,0.0,23,23828,买盘
1743,14:11:46,10.36,0.0,91,94276,买盘
1744,14:11:49,10.36,0.0,4,4144,买盘
1745,14:11:51,10.36,0.0,7,7252,卖盘
1746,14:12:01,10.37,0.01,26,26962,买盘
1747,14:12:13,10.37,0.0,8,8296,买盘
1748,14:12:19,10.37,0.0,54,55998,买盘
1749,14:12:22,10.37,0.0,79,81923,买盘
1750,14:12:25,10.37,0.0,28,29036,买盘
1751,14:12:31,10.38,0.01,68,70584,买盘
1752,14:12:34,10.38,0.0,200,207600,买盘
1753,14:12:37,10.38,0.0,115,119299,买盘
1754,14:12:40,10.39,0.01,367,381088,买盘
1755,14:12:49,10.39,0.0,59,61257,买盘
1756,14:12:52,10.39,0.0,127,131953,买盘
1757,14:12:55,10.39,0.0,26,27014,买盘
1758,14:12:58,10.39,0.0,30,31170,买盘
1759,14:13:01,10.39,0.0,100,103861,买盘
1760,14:13:04,10.39,0.0,6,6026,买盘
1761,14:13:10,10.39,0.0,43,44677,卖盘
1762,14:13:13,10.4,0.01,4,4160,买盘
1763,14:13:16,10.4,0.0,50,51976,买盘
1764,14:13:19,10.39,-0.01,49,50923,卖盘
1765,14:13:22,10.4,0.01,10,10400,买盘
1766,14:13:25,10.4,0.0,2,2080,买盘
1767,14:13:28,10.4,0.0,40,41600,买盘
1768,14:13:31,10.4,0.0,69,71713,买盘
1769,14:13:34,10.4,0.0,36,37440,买盘
1770,14:13:40,10.4,0.0,173,179880,买盘
1771,14:13:43,10.4,0.0,52,54080,买盘
1772,14:13:46,10.39,-0.01,100,103915,卖盘
1773,14:13:49,10.39,0.0,29,30132,卖盘
1774,14:13:55,10.4,0.01,40,41600,买盘
1775,14:13:58,10.4,0.0,16,16640,买盘
1776,14:14:01,10.4,0.0,50,51955,买盘
1777,14:14:04,10.4,0.0,25,26000,买盘
1778,14:14:10,10.39,-0.01,39,40524,卖盘
1779,14:14:13,10.4,0.01,13,13728,买盘
1780,14:14:19,10.4,0.0,18,18512,卖盘
1781,14:14:22,10.4,0.0,18,18928,买盘
1782,14:14:30,10.41,0.01,79,82209,买盘
1783,14:14:34,10.41,0.0,1,1041,买盘
1784,14:14:39,10.4,-0.01,3,2912,卖盘
1785,14:14:42,10.41,0.01,28,29330,买盘
1786,14:14:46,10.41,0.0,3,3123,买盘
1787,14:14:49,10.4,-0.01,31,32058,卖盘
1788,14:14:51,10.4,0.0,11,11430,买盘
1789,14:14:55,10.4,0.0,3,3120,买盘
1790,14:14:58,10.4,0.0,3,3120,买盘
1791,14:15:01,10.39,-0.01,35,36365,卖盘
1792,14:15:07,10.4,0.01,1,1040,买盘
1793,14:15:10,10.38,-0.02,62,64609,卖盘
1794,14:15:13,10.37,-0.01,4,4148,卖盘
1795,14:15:16,10.38,0.01,1,1038,买盘
1796,14:15:22,10.38,0.0,7,7058,买盘
1797,14:15:31,10.38,0.0,36,37396,卖盘
1798,14:15:40,10.39,0.01,4,4156,卖盘
1799,14:15:45,10.39,0.0,79,82040,买盘
1800,14:15:48,10.39,0.0,34,35326,卖盘
1801,14:15:54,10.4,0.01,1,1040,买盘
1802,14:16:01,10.39,-0.01,50,51950,卖盘
1803,14:16:04,10.4,0.01,28,29120,买盘
1804,14:16:09,10.38,-0.02,38,39457,卖盘
1805,14:16:18,10.38,0.0,21,22019,卖盘
1806,14:16:22,10.38,0.0,25,25950,买盘
1807,14:16:24,10.4,0.02,2,2078,卖盘
1808,14:16:31,10.39,-0.01,2,2078,卖盘
1809,14:16:34,10.39,0.0,5,5193,买盘
1810,14:16:40,10.38,-0.01,43,44635,卖盘
1811,14:16:46,10.39,0.01,1,1039,买盘
1812,14:16:49,10.38,-0.01,32,33217,卖盘
1813,14:16:52,10.38,0.0,14,14532,卖盘
1814,14:16:55,10.39,0.01,9,9351,买盘
1815,14:17:01,10.38,-0.01,13,13494,卖盘
1816,14:17:10,10.38,0.0,12,12456,买盘
1817,14:17:16,10.38,0.0,11,11418,卖盘
1818,14:17:19,10.38,0.0,22,22836,卖盘
1819,14:17:22,10.38,0.0,11,11418,买盘
1820,14:17:52,10.38,0.0,2,2076,买盘
1821,14:18:01,10.38,0.0,37,38406,卖盘
1822,14:18:04,10.38,0.0,9,9342,买盘
1823,14:18:06,10.38,0.0,9,9342,买盘
1824,14:18:28,10.38,0.0,51,52938,买盘
1825,14:18:30,10.37,-0.01,1,1037,卖盘
1826,14:18:39,10.38,0.01,29,30102,买盘
1827,14:18:52,10.38,0.0,24,24912,卖盘
1828,14:18:55,10.38,0.0,29,30102,卖盘
1829,14:18:58,10.38,0.0,13,13494,买盘
1830,14:19:01,10.38,0.0,77,79926,卖盘
1831,14:19:04,10.38,0.0,2,2076,买盘
1832,14:19:06,10.38,0.0,16,16608,买盘
1833,14:19:18,10.38,0.0,56,58128,买盘
1834,14:19:31,10.38,0.0,26,26988,卖盘
1835,14:19:39,10.38,0.0,46,47748,卖盘
1836,14:19:52,10.38,0.0,78,80964,卖盘
1837,14:19:58,10.38,0.0,7,7266,卖盘
1838,14:20:07,10.38,0.0,15,15570,买盘
1839,14:20:13,10.38,0.0,11,11418,买盘
1840,14:20:27,10.38,0.0,6,6228,买盘
1841,14:20:43,10.38,0.0,7,7266,买盘
1842,14:20:49,10.38,0.0,16,17231,买盘
1843,14:20:55,10.38,0.0,26,26365,卖盘
1844,14:20:58,10.38,0.0,8,8304,买盘
1845,14:21:01,10.38,0.0,1,1038,买盘
1846,14:21:04,10.37,-0.01,30,31110,卖盘
1847,14:21:13,10.38,0.01,2,2076,买盘
1848,14:21:16,10.38,0.0,18,18684,买盘
1849,14:21:24,10.37,-0.01,4,4150,卖盘
1850,14:21:31,10.38,0.01,17,17646,买盘
1851,14:21:46,10.37,-0.01,1,1037,卖盘
1852,14:21:49,10.38,0.01,1,1038,买盘
1853,14:21:51,10.38,0.0,2,2076,买盘
1854,14:21:57,10.38,0.0,2,2076,买盘
1855,14:22:04,10.38,0.0,5,5190,买盘
1856,14:22:27,10.38,0.0,3,3114,买盘
1857,14:22:36,10.37,-0.01,5,5185,卖盘
1858,14:22:40,10.37,0.0,4,4148,卖盘
1859,14:22:43,10.38,0.01,10,10372,买盘
1860,14:22:45,10.37,-0.01,10,10370,卖盘
1861,14:22:49,10.37,0.0,16,16592,卖盘
1862,14:22:52,10.37,0.0,22,22814,卖盘
1863,14:22:58,10.37,0.0,230,238510,卖盘
1864,14:23:04,10.36,-0.01,22,22792,卖盘
1865,14:23:10,10.38,0.02,1,1038,买盘
1866,14:23:13,10.38,0.0,37,38398,买盘
1867,14:23:42,10.38,0.0,14,14532,买盘
1868,14:23:48,10.38,0.0,1,1038,买盘
1869,14:24:07,10.35,-0.03,140,144900,卖盘
1870,14:24:10,10.35,0.0,3,3105,买盘
1871,14:24:13,10.35,0.0,7,7245,买盘
1872,14:24:15,10.38,0.03,10,10380,买盘
1873,14:24:24,10.38,0.0,1,1038,买盘
1874,14:24:28,10.38,0.0,7,7266,买盘
1875,14:25:04,10.38,0.0,2,2076,买盘
1876,14:25:37,10.37,-0.01,3,3111,卖盘
1877,14:25:55,10.38,0.01,1,1038,买盘
1878,14:26:13,10.38,0.01,8,8304,买盘
1879,14:26:16,10.38,0.0,1,1038,买盘
1880,14:26:18,10.38,0.0,12,12456,买盘
1881,14:26:22,10.37,-0.01,5,5188,卖盘
1882,14:26:25,10.38,0.01,1,1038,买盘
1883,14:26:27,10.38,0.0,3,3114,买盘
1884,14:26:43,10.38,0.0,42,43596,买盘
1885,14:26:49,10.38,0.0,37,38406,买盘
1886,14:26:55,10.38,0.0,40,41520,买盘
1887,14:26:58,10.38,0.0,6,6228,买盘
1888,14:27:01,10.38,0.0,21,21798,买盘
1889,14:27:04,10.38,0.0,15,15570,买盘
1890,14:27:10,10.38,0.0,1,208,卖盘
1891,14:27:13,10.39,0.01,5,5195,买盘
1892,14:27:16,10.38,-0.01,55,57920,卖盘
1893,14:27:19,10.38,0.0,28,29064,买盘
1894,14:27:22,10.38,0.0,15,15570,买盘
1895,14:27:25,10.38,0.0,3,3114,买盘
1896,14:27:28,10.38,0.0,10,10380,买盘
1897,14:27:30,10.38,0.0,54,56052,买盘
1898,14:27:34,10.37,-0.01,1,1037,卖盘
1899,14:27:37,10.38,0.01,72,74666,买盘
1900,14:27:43,10.38,0.0,13,13494,买盘
1901,14:27:52,10.38,0.0,28,29064,买盘
1902,14:27:55,10.38,0.0,1,1038,买盘
1903,14:27:58,10.38,0.0,25,25950,买盘
1904,14:28:00,10.38,0.0,72,73906,买盘
1905,14:28:07,10.38,0.0,3,3114,卖盘
1906,14:28:10,10.38,0.0,88,91344,卖盘
1907,14:28:19,10.39,0.01,9,9351,买盘
1908,14:28:31,10.38,-0.01,50,51900,卖盘
1909,14:28:37,10.38,0.0,49,51692,卖盘
1910,14:28:40,10.38,0.0,4,3322,买盘
1911,14:28:51,10.38,0.0,13,14324,卖盘
1912,14:28:54,10.38,0.0,26,26988,买盘
1913,14:29:00,10.38,0.0,25,25950,买盘
1914,14:29:07,10.38,0.0,3,3114,买盘
1915,14:29:10,10.37,-0.01,1,1037,卖盘
1916,14:29:22,10.37,0.0,30,31110,卖盘
1917,14:29:33,10.38,0.01,6,6228,买盘
1918,14:29:43,10.38,0.0,6,6228,买盘
1919,14:29:46,10.38,0.0,22,22836,买盘
1920,14:30:07,10.38,0.0,2,2076,买盘
1921,14:30:12,10.37,-0.01,5,5185,卖盘
1922,14:30:43,10.38,0.01,8,8304,买盘
1923,14:30:49,10.37,-0.01,3,3111,卖盘
1924,14:31:01,10.37,0.0,1,415,卖盘
1925,14:31:04,10.37,0.0,7,7263,卖盘
1926,14:31:13,10.37,0.0,111,115118,卖盘
1927,14:31:19,10.37,0.0,26,26962,卖盘
1928,14:31:22,10.37,0.0,3,3111,卖盘
1929,14:31:31,10.38,0.01,26,26988,买盘
1930,14:31:37,10.37,-0.01,2,2074,买盘
1931,14:31:40,10.37,0.0,3,3110,买盘
1932,14:31:43,10.38,0.01,28,29058,买盘
1933,14:31:46,10.38,0.0,4,4152,买盘
1934,14:31:52,10.38,0.0,3,3114,买盘
1935,14:32:04,10.37,-0.01,10,10370,卖盘
1936,14:32:09,10.37,0.0,33,34221,买盘
1937,14:32:15,10.37,0.0,6,6222,买盘
1938,14:32:19,10.38,0.01,22,22836,买盘
1939,14:32:52,10.37,-0.01,5,5185,买盘
1940,14:33:19,10.37,0.0,1,1037,买盘
1941,14:33:22,10.37,0.0,3,3111,买盘
1942,14:33:33,10.37,0.0,15,15543,买盘
1943,14:33:43,10.36,-0.01,100,103600,卖盘
1944,14:33:46,10.36,0.0,3,3109,卖盘
1945,14:33:49,10.37,0.01,20,20740,买盘
1946,14:34:07,10.36,-0.01,1,1036,卖盘
1947,14:34:16,10.36,0.0,50,51800,卖盘
1948,14:34:19,10.37,0.01,47,48739,买盘
1949,14:34:22,10.36,-0.01,42,43512,卖盘
1950,14:34:28,10.37,0.01,96,99486,买盘
1951,14:34:34,10.37,0.0,1,1037,买盘
1952,14:34:43,10.36,-0.01,17,17612,买盘
1953,14:35:25,10.35,-0.01,3,3105,卖盘
1954,14:35:31,10.36,0.01,1,1036,中性盘
1955,14:35:33,10.36,0.0,25,25900,卖盘
1956,14:35:36,10.36,0.0,4,4144,卖盘
1957,14:35:43,10.37,0.01,85,88025,买盘
1958,14:35:48,10.34,-0.03,69,71403,卖盘
1959,14:36:13,10.34,0.0,4,4136,卖盘
1960,14:36:24,10.34,0.0,6,6204,卖盘
1961,14:36:27,10.34,0.0,15,15510,卖盘
1962,14:36:43,10.34,0.0,52,53768,卖盘
1963,14:36:49,10.34,0.0,3,3102,卖盘
1964,14:36:58,10.36,0.02,1,1036,买盘
1965,14:37:04,10.34,-0.02,10,10340,卖盘
1966,14:37:13,10.35,0.01,5,5175,买盘
1967,14:37:18,10.36,0.01,3,3108,买盘
1968,14:37:31,10.36,0.0,39,40404,买盘
1969,14:37:40,10.36,0.0,13,13468,买盘
1970,14:37:46,10.35,-0.01,31,32086,卖盘
1971,14:37:49,10.37,0.02,3,3111,买盘
1972,14:37:55,10.35,-0.02,90,93150,卖盘
1973,14:37:58,10.37,0.02,31,32147,买盘
1974,14:38:04,10.37,0.0,16,16592,买盘
1975,14:38:10,10.36,-0.01,8,8292,卖盘
1976,14:38:13,10.38,0.02,92,95408,买盘
1977,14:38:31,10.38,0.0,23,23854,买盘
1978,14:38:34,10.37,-0.01,69,71553,卖盘
1979,14:38:37,10.37,0.0,10,10373,卖盘
1980,14:38:40,10.37,0.0,3,3111,买盘
1981,14:38:46,10.38,0.01,8,8304,买盘
1982,14:38:52,10.37,-0.01,18,18666,卖盘
1983,14:38:54,10.37,0.0,10,10370,卖盘
1984,14:38:57,10.37,0.0,20,20740,卖盘
1985,14:39:13,10.38,0.01,6,6226,买盘
1986,14:39:21,10.38,0.0,25,25950,买盘
1987,14:39:34,10.37,-0.01,4,4148,卖盘
1988,14:39:40,10.37,0.0,109,113091,卖盘
1989,14:39:43,10.37,0.0,38,39406,买盘
1990,14:39:49,10.38,0.01,67,69524,买盘
1991,14:39:58,10.35,-0.03,121,125314,卖盘
1992,14:40:01,10.35,0.0,28,28980,买盘
1993,14:40:04,10.35,0.0,22,22770,买盘
1994,14:40:06,10.35,0.0,6,6210,买盘
1995,14:40:10,10.35,0.0,23,23805,买盘
1996,14:40:13,10.38,0.03,29,30094,买盘
1997,14:40:19,10.36,-0.02,31,32116,买盘
1998,14:40:37,10.38,0.02,6,6228,买盘
1999,14:40:46,10.35,-0.03,33,34210,卖盘
2000,14:40:52,10.38,0.03,18,18672,买盘
2001,14:40:58,10.38,0.0,23,23874,买盘
2002,14:41:07,10.37,-0.01,112,116144,买盘
2003,14:41:13,10.36,-0.01,5,5183,卖盘
2004,14:41:19,10.38,0.02,62,64356,买盘
2005,14:41:22,10.38,0.0,5,5398,买盘
2006,14:41:25,10.39,0.01,92,95459,买盘
2007,14:41:28,10.36,-0.03,51,52669,卖盘
2008,14:41:31,10.36,0.0,17,17612,买盘
2009,14:41:34,10.36,0.0,24,25071,买盘
2010,14:41:37,10.38,0.02,24,24912,买盘
2011,14:41:40,10.38,0.0,28,29057,买盘
2012,14:41:49,10.37,-0.01,5,5185,卖盘
2013,14:42:01,10.38,0.01,2,2076,买盘
2014,14:42:07,10.38,0.0,24,24912,买盘
2015,14:42:13,10.38,0.0,4,4152,买盘
2016,14:42:19,10.37,-0.01,12,12444,卖盘
2017,14:42:25,10.38,0.01,22,22836,买盘
2018,14:42:28,10.38,0.0,20,20760,卖盘
2019,14:42:31,10.38,0.0,10,10380,卖盘
2020,14:42:46,10.38,0.0,22,22836,买盘
2021,14:42:49,10.38,0.0,16,16608,买盘
2022,14:42:52,10.37,-0.01,30,31110,卖盘
2023,14:43:31,10.38,0.01,40,41520,买盘
2024,14:43:37,10.38,0.0,302,313476,买盘
2025,14:43:42,10.38,0.0,9,9342,买盘
2026,14:43:46,10.38,0.0,51,52938,买盘
2027,14:43:49,10.38,0.0,281,291330,买盘
2028,14:43:52,10.38,0.0,36,37368,买盘
2029,14:44:07,10.38,0.0,5,5190,买盘
2030,14:44:10,10.38,0.0,24,24912,买盘
2031,14:44:13,10.38,0.0,3,3114,买盘
2032,14:44:19,10.38,0.0,13,13494,卖盘
2033,14:44:21,10.38,0.0,2,2076,买盘
2034,14:44:31,10.38,0.0,22,22836,买盘
2035,14:44:37,10.38,0.0,10,10380,买盘
2036,14:44:49,10.37,-0.01,1,1037,卖盘
2037,14:44:55,10.37,0.0,4,4148,卖盘
2038,14:45:13,10.38,0.01,22,22836,买盘
2039,14:45:16,10.37,-0.01,50,51850,卖盘
2040,14:45:18,10.38,0.01,1,1038,买盘
2041,14:45:24,10.38,0.0,1,1038,买盘
2042,14:45:30,10.38,0.0,15,15570,买盘
2043,14:45:34,10.38,0.0,86,89268,买盘
2044,14:45:37,10.38,0.0,5,5190,卖盘
2045,14:45:40,10.38,0.0,159,165042,卖盘
2046,14:45:43,10.38,0.0,15,15570,买盘
2047,14:45:46,10.37,-0.01,130,134910,卖盘
2048,14:45:49,10.38,0.01,4,4152,买盘
2049,14:45:52,10.38,0.0,19,19722,买盘
2050,14:45:58,10.38,0.0,10,10380,买盘
2051,14:46:04,10.37,-0.01,46,47702,卖盘
2052,14:46:10,10.38,0.01,5,5190,买盘
2053,14:46:13,10.37,-0.01,200,207599,卖盘
2054,14:46:16,10.38,0.01,5,5190,买盘
2055,14:46:19,10.38,0.0,14,14532,买盘
2056,14:46:31,10.38,0.0,6,6228,买盘
2057,14:46:37,10.38,0.0,30,31140,买盘
2058,14:46:43,10.38,0.0,21,21798,买盘
2059,14:46:49,10.38,0.0,5,5190,卖盘
2060,14:46:51,10.38,0.0,78,80964,卖盘
2061,14:46:58,10.38,0.0,59,61242,卖盘
2062,14:47:01,10.38,0.0,27,28026,买盘
2063,14:47:04,10.39,0.01,10,10381,买盘
2064,14:47:16,10.38,-0.01,3,3114,买盘
2065,14:47:28,10.38,0.0,84,87193,卖盘
2066,14:47:31,10.38,0.0,7,7266,买盘
2067,14:47:34,10.38,0.0,5,5190,买盘
2068,14:47:37,10.38,0.0,7,7266,买盘
2069,14:47:40,10.38,0.0,11,11418,买盘
2070,14:47:43,10.39,0.01,102,105974,买盘
2071,14:47:51,10.38,-0.01,29,30102,卖盘
2072,14:47:58,10.38,0.0,31,32179,卖盘
2073,14:48:01,10.38,0.0,16,16608,卖盘
2074,14:48:04,10.38,0.0,4,4152,买盘
2075,14:48:07,10.39,0.01,16,16612,买盘
2076,14:48:10,10.38,-0.01,1,1038,卖盘
2077,14:48:12,10.38,0.0,20,20760,卖盘
2078,14:48:15,10.38,0.0,2,2076,卖盘
2079,14:48:19,10.38,0.0,30,31140,卖盘
2080,14:48:21,10.38,0.0,6,6228,买盘
2081,14:48:24,10.38,0.0,5,5190,买盘
2082,14:48:28,10.38,0.0,25,25950,买盘
2083,14:48:34,10.38,0.0,14,14532,买盘
2084,14:48:43,10.38,0.0,35,36330,买盘
2085,14:48:46,10.38,0.0,6,6228,卖盘
2086,14:48:52,10.38,0.0,33,34254,卖盘
2087,14:48:58,10.38,0.0,6,6228,卖盘
2088,14:49:00,10.38,0.0,37,38406,卖盘
2089,14:49:07,10.37,-0.01,69,71605,卖盘
2090,14:49:09,10.38,0.01,23,23874,中性盘
2091,14:49:13,10.39,0.01,141,146482,买盘
2092,14:49:15,10.38,-0.01,5,5190,中性盘
2093,14:49:19,10.39,0.01,26,27014,买盘
2094,14:49:22,10.39,0.0,41,42589,买盘
2095,14:49:28,10.38,-0.01,79,82028,卖盘
2096,14:49:31,10.38,0.0,1,1038,卖盘
2097,14:49:34,10.38,0.0,24,24912,买盘
2098,14:49:40,10.38,0.0,20,20760,卖盘
2099,14:49:43,10.38,0.0,2,2076,买盘
2100,14:49:46,10.37,-0.01,4,4148,卖盘
2101,14:49:52,10.38,0.01,1,1038,买盘
2102,14:49:55,10.38,0.0,31,32178,买盘
2103,14:50:04,10.38,0.0,3,3114,买盘
2104,14:50:10,10.39,0.01,2,2077,买盘
2105,14:50:13,10.39,0.0,41,42568,买盘
2106,14:50:16,10.38,-0.01,14,14532,卖盘
2107,14:50:22,10.39,0.01,83,86171,买盘
2108,14:50:28,10.38,-0.01,35,36330,卖盘
2109,14:50:31,10.39,0.01,5,5195,买盘
2110,14:50:34,10.38,-0.01,36,37368,卖盘
2111,14:50:37,10.38,0.0,6,6228,卖盘
2112,14:50:40,10.38,0.0,27,28026,卖盘
2113,14:50:46,10.38,0.0,126,130788,卖盘
2114,14:51:09,10.38,0.0,59,61242,买盘
2115,14:51:13,10.37,-0.01,19,19703,卖盘
2116,14:51:18,10.38,0.01,44,45672,买盘
2117,14:51:25,10.37,-0.01,41,42517,卖盘
2118,14:51:40,10.38,0.01,24,24912,买盘
2119,14:51:46,10.37,-0.01,10,10370,卖盘
2120,14:51:55,10.38,0.01,10,10380,买盘
2121,14:52:01,10.37,-0.01,7,7259,卖盘
2122,14:52:07,10.37,0.0,20,20740,卖盘
2123,14:52:10,10.37,0.0,30,31110,卖盘
2124,14:52:13,10.37,0.0,20,20740,卖盘
2125,14:52:16,10.37,0.0,87,90240,卖盘
2126,14:52:22,10.37,0.0,4,4148,买盘
2127,14:52:25,10.38,0.01,5,5189,买盘
2128,14:52:28,10.37,-0.01,1,1037,卖盘
2129,14:52:31,10.37,0.0,1,1037,卖盘
2130,14:52:33,10.37,0.0,10,10370,买盘
2131,14:52:37,10.38,0.01,10,10380,买盘
2132,14:52:43,10.38,0.0,7,7266,买盘
2133,14:52:46,10.37,-0.01,5,5185,卖盘
2134,14:52:49,10.37,0.0,21,21777,卖盘
2135,14:52:58,10.38,0.01,1,1038,买盘
2136,14:53:01,10.37,-0.01,17,17629,卖盘
2137,14:53:07,10.37,0.0,16,16592,卖盘
2138,14:53:16,10.37,0.0,7,7261,卖盘
2139,14:53:19,10.37,0.0,6,6015,卖盘
2140,14:53:22,10.37,0.0,10,10370,卖盘
2141,14:53:25,10.37,0.0,15,15555,卖盘
2142,14:53:28,10.38,0.01,3,3114,买盘
2143,14:53:31,10.37,-0.01,83,86071,卖盘
2144,14:53:37,10.38,0.01,2,2076,买盘
2145,14:53:43,10.37,-0.01,6,6222,卖盘
2146,14:53:46,10.37,0.0,22,22816,卖盘
2147,14:53:48,10.38,0.01,2,2076,买盘
2148,14:53:52,10.37,-0.01,20,20740,卖盘
2149,14:53:58,10.37,0.0,8,8299,卖盘
2150,14:54:01,10.38,0.01,50,51900,买盘
2151,14:54:04,10.37,-0.01,6,6429,卖盘
2152,14:54:07,10.37,0.0,10,10366,买盘
2153,14:54:10,10.36,-0.01,182,188627,卖盘
2154,14:54:16,10.37,0.01,4,4148,买盘
2155,14:54:19,10.37,0.0,1,1037,买盘
2156,14:54:25,10.37,0.0,6,6222,买盘
2157,14:54:28,10.36,-0.01,18,18675,卖盘
2158,14:54:31,10.38,0.02,1,1038,买盘
2159,14:54:37,10.38,0.0,3,3114,买盘
2160,14:54:40,10.38,0.0,22,22796,买盘
2161,14:54:46,10.38,0.0,2,2076,买盘
2162,14:54:58,10.38,0.0,157,162746,买盘
2163,14:55:04,10.37,-0.01,12,12444,卖盘
2164,14:55:07,10.38,0.01,6,6228,买盘
2165,14:55:16,10.38,0.0,2,2076,买盘
2166,14:55:28,10.38,0.0,110,114180,买盘
2167,14:55:34,10.37,-0.01,44,45628,卖盘
2168,14:55:37,10.38,0.01,112,116243,买盘
2169,14:55:40,10.37,-0.01,33,34221,卖盘
2170,14:55:43,10.37,0.0,8,8296,卖盘
2171,14:55:46,10.38,0.01,39,40446,买盘
2172,14:55:49,10.38,0.0,888,921744,买盘
2173,14:55:52,10.38,0.0,438,453952,买盘
2174,14:55:55,10.38,0.0,103,106914,卖盘
2175,14:55:58,10.38,0.0,50,51902,卖盘
2176,14:56:01,10.38,0.0,34,35311,卖盘
2177,14:56:04,10.38,0.0,12,12456,卖盘
2178,14:56:07,10.39,0.01,25,25953,买盘
2179,14:56:10,10.38,-0.01,788,819115,卖盘
2180,14:56:13,10.39,0.01,53,55064,买盘
2181,14:56:16,10.39,0.0,52,53986,买盘
2182,14:56:19,10.39,0.0,38,39482,买盘
2183,14:56:22,10.38,-0.01,7,7272,卖盘
2184,14:56:25,10.38,0.0,33,34254,卖盘
2185,14:56:28,10.39,0.01,1,1039,卖盘
2186,14:56:31,10.39,0.0,52,54028,卖盘
2187,14:56:34,10.39,0.0,38,39492,卖盘
2188,14:56:37,10.38,-0.01,3,3114,卖盘
2189,14:56:40,10.39,0.01,3,3115,买盘
2190,14:56:43,10.39,0.0,18,18702,买盘
2191,14:56:46,10.4,0.01,81,84222,买盘
2192,14:56:49,10.39,-0.01,30,31194,卖盘
2193,14:56:52,10.39,0.0,48,49881,卖盘
2194,14:56:55,10.39,0.0,19,19741,卖盘
2195,14:56:58,10.39,0.0,34,35331,卖盘
2196,14:57:01,10.39,0.0,1,1039,卖盘
2197,14:57:04,10.39,0.0,53,55117,卖盘
2198,15:00:04,10.4,0.01,790,821600,卖盘
