,time,price,change,volume,amount,type
0,09:30:07,5.98,-0.01,8,4784,卖盘
1,09:30:16,5.99,0.01,3,1797,买盘
2,09:30:31,5.99,0.0,12,7188,卖盘
3,09:30:37,5.99,0.0,13,7787,卖盘
4,09:30:43,5.99,0.0,7,4193,卖盘
5,09:30:46,5.99,0.0,8,4792,卖盘
6,09:30:49,5.99,0.0,7,4193,卖盘
7,09:30:52,5.99,0.0,5,2995,卖盘
8,09:30:55,6.0,0.01,19,11399,买盘
9,09:30:57,5.99,-0.01,2,1198,卖盘
10,09:31:00,5.99,0.0,8,4792,卖盘
11,09:31:22,6.0,0.01,30,18000,买盘
12,09:31:43,5.99,-0.01,1,599,卖盘
13,09:31:46,6.0,0.01,10,6000,买盘
14,09:31:49,6.0,0.0,9,5400,买盘
15,09:31:54,5.99,-0.01,1,599,卖盘
16,09:32:13,5.99,0.0,1,599,卖盘
17,09:32:25,5.99,0.0,1,599,卖盘
18,09:33:04,5.99,0.0,10,5990,卖盘
19,09:33:16,6.0,0.01,4,2400,买盘
20,09:33:46,6.0,0.0,4,2400,买盘
21,09:34:22,5.99,-0.01,2,1198,卖盘
22,09:34:36,6.0,0.01,5,3000,买盘
23,09:35:10,6.0,0.0,12,7200,买盘
24,09:35:22,6.01,0.01,1,601,中性盘
25,09:35:46,6.01,0.0,1,601,卖盘
26,09:36:13,6.01,0.0,10,6010,卖盘
27,09:36:19,6.01,0.0,1,601,卖盘
28,09:36:21,6.02,0.01,5,3008,买盘
29,09:36:55,6.01,-0.01,1,601,买盘
30,09:37:19,6.01,0.0,1,601,买盘
31,09:38:09,6.02,0.01,100,60200,买盘
32,09:38:46,6.01,-0.01,20,12020,卖盘
33,09:39:10,6.02,0.01,2,1204,买盘
34,09:39:40,6.02,0.0,2,1204,买盘
35,09:39:42,6.02,0.0,7,4214,买盘
36,09:39:46,6.02,0.0,5,3010,买盘
37,09:39:49,6.02,0.0,7,4214,买盘
38,09:39:52,6.02,0.0,7,4214,买盘
39,09:39:55,6.01,-0.01,50,30099,卖盘
40,09:40:27,6.03,0.02,2,1206,买盘
41,09:40:34,6.03,0.0,1,603,买盘
42,09:40:58,6.03,0.0,50,30150,买盘
43,09:41:04,6.03,0.0,4,2412,买盘
44,09:41:06,6.03,0.0,35,21105,买盘
45,09:41:21,6.01,-0.02,8,4810,卖盘
46,09:41:28,6.03,0.02,66,39798,买盘
47,09:41:31,6.03,0.0,5,3015,买盘
48,09:41:34,6.03,0.0,8,4810,买盘
49,09:41:52,6.01,-0.02,1,601,卖盘
50,09:42:04,6.01,0.0,1,601,卖盘
51,09:42:13,6.02,0.01,1,602,买盘
52,09:42:19,6.02,0.0,12,7224,卖盘
53,09:42:34,6.01,-0.01,20,12020,卖盘
54,09:42:52,6.01,0.0,2,1202,卖盘
55,09:42:58,6.01,0.0,6,3606,卖盘
56,09:43:16,6.01,0.0,5,3005,卖盘
57,09:43:36,6.01,0.0,1,601,卖盘
58,09:43:40,6.01,0.0,18,10818,卖盘
59,09:43:46,6.01,0.0,2,1202,买盘
60,09:43:49,6.01,0.0,2,1202,卖盘
61,09:44:06,6.02,0.01,50,30100,买盘
62,09:45:31,6.01,-0.01,1,601,卖盘
63,09:46:22,6.01,0.0,4,2404,卖盘
64,09:46:27,6.01,0.0,8,4808,卖盘
65,09:47:09,5.99,-0.02,110,65999,卖盘
66,09:47:16,5.98,-0.01,16,9579,卖盘
67,09:47:37,5.98,0.0,107,63986,卖盘
68,09:47:46,5.96,-0.02,1,596,卖盘
69,09:47:52,5.96,0.0,4,2384,卖盘
70,09:47:57,5.97,0.01,3,1791,买盘
71,09:48:04,5.97,0.0,1,597,卖盘
72,09:48:07,5.97,0.0,3,1791,卖盘
73,09:48:10,5.96,-0.01,10,5962,卖盘
74,09:48:22,5.96,0.0,3,1788,卖盘
75,09:48:28,5.98,0.02,1,598,买盘
76,09:48:46,5.98,0.0,7,4186,卖盘
77,09:49:09,5.98,0.0,16,9568,买盘
78,09:49:16,5.98,0.0,5,2990,买盘
79,09:49:19,5.98,0.0,7,4186,买盘
80,09:49:22,5.98,0.0,4,2392,买盘
81,09:49:46,5.98,0.0,2,1196,卖盘
82,09:50:10,5.98,0.0,1,598,卖盘
83,09:50:43,5.99,0.01,1,599,买盘
84,09:50:49,5.99,0.0,10,5990,买盘
85,09:50:55,5.99,0.0,2,1198,买盘
86,09:51:52,5.98,-0.01,9,5384,卖盘
87,09:52:57,5.98,0.0,48,28704,卖盘
88,09:53:04,5.99,0.01,200,119800,买盘
89,09:53:10,5.99,0.0,1,599,买盘
90,09:53:28,5.99,0.0,16,9584,买盘
91,09:53:36,6.0,0.01,200,119998,买盘
92,09:53:45,5.99,-0.01,1,599,买盘
93,09:54:34,6.0,0.01,100,60000,买盘
94,09:55:00,6.0,0.0,2,1200,买盘
95,09:55:04,6.0,0.0,53,31800,买盘
96,09:55:07,6.0,0.0,2,1200,买盘
97,09:55:10,6.0,0.0,1,600,买盘
98,09:55:13,6.0,0.0,1,600,买盘
99,09:55:16,6.0,0.0,1,600,买盘
100,09:55:18,6.0,0.0,1,600,买盘
101,09:55:22,6.0,0.0,1,600,买盘
102,09:55:25,6.0,0.0,1,600,买盘
103,09:55:28,6.0,0.0,12,7200,买盘
104,09:55:40,6.0,0.0,11,6599,买盘
105,09:55:49,6.0,0.0,6,3600,买盘
106,09:55:52,6.0,0.0,11,6600,买盘
107,09:55:55,6.0,0.0,1,600,卖盘
108,09:56:13,6.01,0.01,2,1202,买盘
109,09:56:16,6.0,-0.01,1,600,卖盘
110,09:56:22,6.01,0.01,6,3606,买盘
111,09:56:31,6.01,0.0,7,4207,卖盘
112,09:56:37,6.0,-0.01,8,4802,卖盘
113,09:57:04,6.02,0.02,1,602,买盘
114,09:58:07,6.0,-0.02,6,3600,卖盘
115,09:58:25,6.0,0.0,1,600,卖盘
116,09:58:34,6.01,0.01,1,601,买盘
117,09:58:46,6.0,-0.01,20,12009,卖盘
118,09:58:58,6.02,0.02,1,602,买盘
119,09:59:13,6.01,-0.01,2,1202,买盘
120,09:59:19,6.01,0.0,1,601,买盘
121,09:59:22,6.01,0.0,9,5409,买盘
122,09:59:25,6.01,0.0,1,601,买盘
123,09:59:28,6.01,0.0,1,601,买盘
124,09:59:31,6.01,0.0,7,4207,买盘
125,09:59:49,6.01,0.0,2,1202,卖盘
126,10:00:01,6.02,0.01,8,4816,买盘
127,10:00:49,6.02,0.0,23,13840,买盘
128,10:00:58,6.02,0.0,4,2408,卖盘
129,10:01:10,6.01,-0.01,5,3005,卖盘
130,10:01:25,6.02,0.01,1,602,买盘
131,10:01:31,6.01,-0.01,1,601,卖盘
132,10:02:31,6.04,0.03,84,50689,买盘
133,10:03:22,6.04,0.0,1,604,买盘
134,10:04:04,6.03,-0.01,8,4824,买盘
135,10:05:16,6.03,0.0,1,603,买盘
136,10:05:25,6.03,0.0,8,4824,买盘
137,10:05:37,6.03,0.0,2,1206,买盘
138,10:05:43,6.04,0.01,3,1812,买盘
139,10:05:46,6.04,0.0,3,1812,买盘
140,10:05:49,6.04,0.0,1,604,买盘
141,10:05:54,6.04,0.0,3,1812,买盘
142,10:06:01,6.04,0.0,1,604,买盘
143,10:06:10,6.04,0.0,8,4832,卖盘
144,10:06:12,6.04,0.0,1,604,买盘
145,10:06:19,6.03,-0.01,5,3015,卖盘
146,10:07:00,6.03,0.0,2,1206,卖盘
147,10:07:07,6.03,0.0,1,603,买盘
148,10:07:10,6.02,-0.01,30,18073,卖盘
149,10:07:13,6.04,0.02,1,604,买盘
150,10:07:16,6.04,0.0,3,1812,买盘
151,10:07:42,6.04,0.0,3,1812,卖盘
152,10:08:01,6.02,-0.02,4,2408,卖盘
153,10:08:10,6.02,0.0,1,602,卖盘
154,10:08:18,6.02,0.0,2,1204,卖盘
155,10:08:33,6.02,0.0,1,602,卖盘
156,10:08:55,6.02,0.0,3,1806,卖盘
157,10:09:10,6.02,0.0,2,1204,卖盘
158,10:09:13,6.02,0.0,1,602,卖盘
159,10:09:33,6.02,0.0,20,12040,卖盘
160,10:09:40,6.03,0.01,1,603,买盘
161,10:10:16,6.03,0.0,6,3618,买盘
162,10:10:19,6.03,0.0,12,7236,买盘
163,10:10:25,6.03,0.0,1,603,买盘
164,10:10:28,6.03,0.0,3,1809,买盘
165,10:10:31,6.04,0.01,9,5430,买盘
166,10:10:46,6.04,0.0,15,9060,买盘
167,10:11:06,6.05,0.01,100,60500,买盘
168,10:11:10,6.04,-0.01,1,604,卖盘
169,10:11:22,6.05,0.01,50,30250,买盘
170,10:11:34,6.05,0.0,21,12705,买盘
171,10:12:01,6.05,0.0,5,3025,卖盘
172,10:12:04,6.06,0.01,30,18180,买盘
173,10:12:09,6.05,-0.01,2,1210,卖盘
174,10:12:31,6.05,0.0,2,1210,卖盘
175,10:12:34,6.06,0.01,3,1818,买盘
176,10:12:39,6.05,-0.01,49,29645,卖盘
177,10:12:43,6.05,0.0,8,4840,卖盘
178,10:12:46,6.05,0.0,12,7260,卖盘
179,10:13:07,6.05,0.0,7,4235,买盘
180,10:13:34,6.05,0.0,1,605,买盘
181,10:14:31,6.05,0.0,4,2420,买盘
182,10:15:13,6.05,0.0,5,3025,买盘
183,10:15:16,6.05,0.0,1,605,买盘
184,10:15:31,6.04,-0.01,1,604,买盘
185,10:15:55,6.05,0.01,1,605,买盘
186,10:16:01,6.05,0.0,23,13915,买盘
187,10:16:58,6.04,-0.01,48,28992,卖盘
188,10:17:04,6.04,0.0,6,3624,卖盘
189,10:17:10,6.04,0.0,1,604,卖盘
190,10:17:25,6.05,0.01,1,605,买盘
191,10:17:28,6.05,0.0,5,3025,买盘
192,10:17:30,6.06,0.01,50,30272,买盘
193,10:18:22,6.05,-0.01,50,30250,买盘
194,10:18:25,6.02,-0.03,13,7833,卖盘
195,10:18:52,6.06,0.04,2,1212,买盘
196,10:19:13,6.05,-0.01,37,22385,买盘
197,10:19:22,6.05,0.0,1,605,买盘
198,10:19:42,6.05,0.0,14,8470,买盘
199,10:20:12,6.04,-0.01,3,1812,卖盘
200,10:20:55,6.05,0.01,50,30250,买盘
201,10:21:19,6.05,0.0,1,605,买盘
202,10:21:27,6.04,-0.01,2,1208,卖盘
203,10:22:07,6.04,0.0,2,1208,卖盘
204,10:22:40,6.04,0.0,1,604,买盘
205,10:23:25,6.04,0.0,3,1812,买盘
206,10:23:30,6.04,0.0,1,604,卖盘
207,10:23:46,6.05,0.01,1,605,买盘
208,10:23:51,6.04,-0.01,96,57984,卖盘
209,10:24:04,6.04,0.0,3,1812,买盘
210,10:24:13,6.04,0.0,18,10872,买盘
211,10:24:43,6.04,0.0,21,12684,买盘
212,10:25:07,6.04,0.0,2,1208,卖盘
213,10:25:16,6.04,0.0,2,1208,卖盘
214,10:25:39,6.05,0.01,1,605,买盘
215,10:26:31,6.04,-0.01,3,1812,卖盘
216,10:26:37,6.04,0.0,1,604,卖盘
217,10:26:40,6.04,0.0,1,604,卖盘
218,10:26:43,6.05,0.01,3,1815,买盘
219,10:27:36,6.05,0.0,1,605,买盘
220,10:29:09,6.05,0.0,80,48400,买盘
221,10:29:22,6.05,0.0,16,9680,买盘
222,10:29:33,6.05,0.0,1,605,买盘
223,10:29:40,6.05,0.0,22,13310,买盘
224,10:29:43,6.04,-0.01,20,12080,卖盘
225,10:30:04,6.04,0.0,20,12080,卖盘
226,10:30:07,6.04,0.0,1,604,卖盘
227,10:30:36,6.04,0.0,32,19328,卖盘
228,10:31:01,6.05,0.01,100,60500,买盘
229,10:31:13,6.02,-0.03,20,12040,卖盘
230,10:32:01,6.04,0.02,1,604,买盘
231,10:32:43,6.03,-0.01,8,4824,卖盘
232,10:33:06,6.03,0.0,8,4824,卖盘
233,10:33:55,6.04,0.01,1,604,买盘
234,10:34:43,6.03,-0.01,1,603,卖盘
235,10:35:01,6.03,0.0,101,61003,卖盘
236,10:35:13,6.03,0.0,1,603,卖盘
237,10:35:55,6.04,0.01,1,604,买盘
238,10:36:13,6.03,-0.01,10,6030,卖盘
239,10:36:18,6.02,-0.01,103,62006,卖盘
240,10:36:28,6.04,0.02,9,5436,买盘
241,10:36:42,6.05,0.01,70,42349,买盘
242,10:37:49,6.04,-0.01,1,604,买盘
243,10:38:31,6.02,-0.02,15,9030,卖盘
244,10:38:33,6.01,-0.01,68,40926,卖盘
245,10:38:40,6.04,0.03,11,6634,买盘
246,10:38:58,6.03,-0.01,7,4221,卖盘
247,10:39:01,6.03,0.0,4,2412,卖盘
248,10:39:10,6.02,-0.01,5,3010,卖盘
249,10:39:13,6.02,0.0,5,3010,卖盘
250,10:39:19,6.02,0.0,14,8428,买盘
251,10:39:22,6.02,0.0,6,3612,买盘
252,10:39:45,6.03,0.01,1,603,买盘
253,10:39:49,6.02,-0.01,10,6020,卖盘
254,10:39:55,6.02,0.0,5,3010,买盘
255,10:41:43,6.03,0.01,1,603,买盘
256,10:44:10,6.03,0.0,1,603,买盘
257,10:44:31,6.02,-0.01,1,602,卖盘
258,10:45:07,6.02,0.0,1,602,卖盘
259,10:45:27,6.03,0.01,24,14472,买盘
260,10:45:36,6.02,-0.01,11,6622,卖盘
261,10:46:06,6.02,0.0,1,602,卖盘
262,10:46:27,6.02,0.0,2,1204,卖盘
263,10:46:58,6.03,0.01,1,603,买盘
264,10:47:03,6.03,0.0,1,603,卖盘
265,10:47:13,6.03,0.0,1,603,买盘
266,10:50:01,6.03,0.0,22,13266,买盘
267,10:50:18,6.02,-0.01,31,18692,卖盘
268,10:50:42,6.02,0.0,2,1204,卖盘
269,10:51:07,6.02,0.0,1,602,卖盘
270,10:52:07,6.02,0.0,1,602,卖盘
271,10:53:07,6.02,0.0,76,45752,卖盘
272,10:54:01,6.01,-0.01,11,6611,卖盘
273,10:54:37,6.02,0.01,15,9030,买盘
274,10:55:01,6.02,0.0,2,1204,买盘
275,10:56:49,6.01,-0.01,1,601,卖盘
276,10:57:13,6.01,0.0,20,12020,卖盘
277,10:57:33,6.01,0.0,142,85342,卖盘
278,10:57:37,6.02,0.01,6,3612,买盘
279,10:58:36,6.02,0.0,1,602,买盘
280,10:59:06,6.01,-0.01,2,1202,卖盘
281,11:00:01,6.01,0.0,3,1803,卖盘
282,11:01:52,6.01,0.0,82,49282,卖盘
283,11:02:06,6.0,-0.01,1,600,卖盘
284,11:02:16,6.01,0.01,18,10818,买盘
285,11:03:04,6.01,0.0,2,1202,买盘
286,11:03:24,6.01,0.0,2,1202,卖盘
287,11:03:58,6.01,0.0,1,601,卖盘
288,11:04:49,6.01,0.0,30,18030,卖盘
289,11:05:46,6.01,0.0,1,601,卖盘
290,11:05:52,6.02,0.01,3,1806,买盘
291,11:05:57,6.02,0.0,1,602,买盘
292,11:06:04,6.02,0.0,1,602,买盘
293,11:07:16,6.02,0.0,1,602,卖盘
294,11:07:19,6.03,0.01,1,603,买盘
295,11:07:40,6.03,0.0,2,1206,卖盘
296,11:08:33,6.03,0.0,1,603,卖盘
297,11:08:43,6.03,0.0,4,2412,卖盘
298,11:08:46,6.04,0.01,17,10254,买盘
299,11:09:12,6.04,0.0,100,60393,买盘
300,11:09:27,6.04,0.0,26,15704,买盘
301,11:12:18,6.03,-0.01,1,603,卖盘
302,11:12:21,6.04,0.01,7,4228,买盘
303,11:13:43,6.03,-0.01,12,7236,买盘
304,11:14:58,6.02,-0.01,1,602,卖盘
305,11:15:45,6.03,0.01,2,1206,买盘
306,11:16:07,6.03,0.0,3,1809,卖盘
307,11:17:51,6.03,0.0,3,1809,卖盘
308,11:17:57,6.03,0.0,2,1206,买盘
309,11:18:28,6.02,-0.01,1,602,卖盘
310,11:18:31,6.03,0.01,25,15075,买盘
311,11:18:54,6.04,0.01,13,7852,买盘
312,11:19:19,6.04,0.0,1,604,买盘
313,11:20:00,6.04,0.0,15,9060,买盘
314,11:21:30,6.02,-0.02,1,602,卖盘
315,11:23:12,6.02,0.0,1,602,卖盘
316,11:23:34,6.04,0.02,3,1812,买盘
317,11:23:37,6.04,0.0,1,604,买盘
318,11:23:55,6.05,0.01,70,42350,买盘
319,11:24:00,6.04,-0.01,1,604,买盘
320,11:24:36,6.04,0.0,2,1208,卖盘
321,11:26:15,6.04,0.0,1,604,卖盘
322,11:26:27,6.04,0.0,1,604,卖盘
323,11:27:12,6.04,0.0,6,3624,买盘
324,11:27:27,6.04,0.0,4,2416,买盘
325,11:27:33,6.04,0.0,1,604,买盘
326,11:27:40,6.03,-0.01,2,1207,卖盘
327,11:28:04,6.03,0.0,50,30150,卖盘
328,11:28:22,6.03,0.0,10,6030,卖盘
329,11:28:48,6.02,-0.01,1,602,卖盘
330,13:00:07,6.02,0.0,4,2410,卖盘
331,13:00:30,6.02,0.0,1,602,卖盘
332,13:01:36,6.02,0.0,8,4816,卖盘
333,13:02:15,6.02,0.0,1,602,卖盘
334,13:03:07,6.03,0.01,1,603,买盘
335,13:03:51,6.03,0.0,13,7839,买盘
336,13:04:25,6.03,0.0,2,1206,卖盘
337,13:05:21,6.05,0.02,3,1813,买盘
338,13:07:00,6.04,-0.01,2,1208,买盘
339,13:07:09,6.04,0.0,6,3624,卖盘
340,13:07:18,6.04,0.0,8,4832,卖盘
341,13:07:40,6.03,-0.01,8,4824,卖盘
342,13:08:13,6.04,0.01,17,10268,买盘
343,13:08:43,6.04,0.0,9,5436,卖盘
344,13:10:10,6.05,0.01,10,6050,买盘
345,13:10:13,6.05,0.0,2,1210,买盘
346,13:11:19,6.04,-0.01,10,6040,卖盘
347,13:11:21,6.04,0.0,1,604,卖盘
348,13:11:40,6.04,0.0,5,3020,买盘
349,13:11:42,6.04,0.0,14,8456,买盘
350,13:12:34,6.03,-0.01,8,4824,卖盘
351,13:12:37,6.04,0.01,2,1208,买盘
352,13:12:51,6.03,-0.01,1,603,卖盘
353,13:12:58,6.03,0.0,3,1809,卖盘
354,13:13:37,6.04,0.01,1,604,买盘
355,13:13:39,6.04,0.0,1,604,买盘
356,13:14:34,6.04,0.0,2,1208,买盘
357,13:14:42,6.03,-0.01,1,603,卖盘
358,13:16:31,6.03,0.0,1,603,卖盘
359,13:16:36,6.03,0.0,1,603,卖盘
360,13:17:15,6.03,0.0,6,3622,卖盘
361,13:18:13,6.03,0.0,2,1206,卖盘
362,13:19:09,6.03,0.0,11,6633,卖盘
363,13:19:16,6.03,0.0,2,1206,卖盘
364,13:19:24,6.03,0.0,3,1809,卖盘
365,13:19:39,6.03,0.0,1,603,卖盘
366,13:19:49,6.03,0.0,2,1206,卖盘
367,13:19:57,6.03,0.0,1,603,卖盘
368,13:21:34,6.03,0.0,2,1206,卖盘
369,13:21:52,6.03,0.0,1,603,卖盘
370,13:22:36,6.03,0.0,1,603,卖盘
371,13:23:01,6.04,0.01,50,30200,买盘
372,13:23:30,6.04,0.0,34,20536,买盘
373,13:25:00,6.04,0.0,2,1208,买盘
374,13:25:48,6.04,0.0,2,1208,卖盘
375,13:26:30,6.05,0.01,20,12100,买盘
376,13:27:16,6.05,0.0,60,36300,买盘
377,13:28:18,6.04,-0.01,1,604,卖盘
378,13:30:07,6.04,0.0,2,1208,卖盘
379,13:30:37,6.04,0.0,1,604,卖盘
380,13:31:07,6.05,0.01,17,10285,买盘
381,13:33:27,6.05,0.0,5,3025,买盘
382,13:33:33,6.05,0.0,5,3025,卖盘
383,13:33:37,6.05,0.0,2,1210,买盘
384,13:36:13,6.04,-0.01,41,24764,卖盘
385,13:36:45,6.04,0.0,62,37448,买盘
386,13:36:51,6.04,0.0,11,6644,卖盘
387,13:36:58,6.04,0.0,1,604,卖盘
388,13:37:46,6.04,0.0,39,23556,买盘
389,13:39:30,6.03,-0.01,1,603,卖盘
390,13:41:12,6.03,0.0,1,603,卖盘
391,13:42:04,6.03,0.0,20,12060,卖盘
392,13:42:58,6.03,0.0,2,1206,卖盘
393,13:43:06,6.03,0.0,26,15703,卖盘
394,13:44:54,6.03,0.0,4,2412,卖盘
395,13:45:07,6.03,0.0,1,603,卖盘
396,13:45:13,6.03,0.0,3,1809,卖盘
397,13:46:13,6.03,0.0,3,1809,卖盘
398,13:47:16,6.03,0.0,2,1206,卖盘
399,13:48:01,6.03,0.0,94,56682,卖盘
400,13:48:07,6.03,0.0,3,1809,买盘
401,13:48:39,6.03,0.0,95,57285,买盘
402,13:50:06,6.02,-0.01,1,602,卖盘
403,13:50:13,6.03,0.01,2,1206,买盘
404,13:50:16,6.03,0.0,2,1206,卖盘
405,13:51:34,6.03,0.0,2,1206,卖盘
406,13:52:39,6.03,0.0,11,6633,卖盘
407,13:53:06,6.04,0.01,10,6040,买盘
408,13:56:52,6.02,-0.02,6,3612,卖盘
409,13:57:16,6.02,0.0,1,602,卖盘
410,13:57:49,6.02,0.0,57,34314,卖盘
411,13:58:25,6.02,0.0,10,6020,卖盘
412,13:59:01,6.02,0.0,1,602,卖盘
413,14:00:07,6.02,0.0,2,1204,卖盘
414,14:00:49,6.02,0.0,1,602,卖盘
415,14:01:28,6.03,0.01,28,16884,买盘
416,14:01:34,6.03,0.0,2,1206,买盘
417,14:02:37,6.02,-0.01,1,602,卖盘
418,14:03:27,6.03,0.01,5,3015,买盘
419,14:06:09,6.02,-0.01,1,602,卖盘
420,14:07:48,6.03,0.01,30,18090,买盘
421,14:10:10,6.03,0.0,5,3015,买盘
422,14:11:28,6.02,-0.01,1,602,卖盘
423,14:11:34,6.03,0.01,33,19899,买盘
424,14:13:43,6.02,-0.01,5,3010,卖盘
425,14:15:01,6.03,0.01,10,6030,买盘
426,14:15:10,6.03,0.0,40,24120,卖盘
427,14:15:25,6.03,0.0,1,603,买盘
428,14:15:31,6.03,0.0,1,603,买盘
429,14:15:37,6.03,0.0,8,4824,买盘
430,14:15:46,6.03,0.0,11,6633,卖盘
431,14:15:51,6.03,0.0,4,2412,买盘
432,14:17:15,6.03,0.0,3,1809,卖盘
433,14:17:22,6.03,0.0,8,4824,买盘
434,14:17:28,6.03,0.0,3,1809,买盘
435,14:18:52,6.03,0.0,1,603,卖盘
436,14:19:12,6.04,0.01,50,30200,买盘
437,14:23:09,6.04,0.0,4,2416,买盘
438,14:23:55,6.03,-0.01,1,603,卖盘
439,14:24:28,6.03,0.0,1,603,卖盘
440,14:25:34,6.03,0.0,1,603,卖盘
441,14:25:48,6.03,0.0,2,1206,卖盘
442,14:25:51,6.04,0.01,23,13892,买盘
443,14:26:10,6.05,0.01,100,60500,买盘
444,14:26:28,6.05,0.0,100,60500,买盘
445,14:26:43,6.04,-0.01,1,604,买盘
446,14:26:46,6.05,0.01,50,30250,买盘
447,14:26:52,6.05,0.0,3,1815,买盘
448,14:28:58,6.05,0.0,1,605,买盘
449,14:29:04,6.04,-0.01,2,1208,卖盘
450,14:29:06,6.04,0.0,1,604,卖盘
451,14:29:13,6.04,0.0,3,1812,买盘
452,14:29:19,6.04,0.0,3,1812,买盘
453,14:29:49,6.03,-0.01,6,3618,卖盘
454,14:29:58,6.04,0.01,1,604,卖盘
455,14:30:22,6.04,0.0,1,604,买盘
456,14:31:01,6.04,0.0,1,604,买盘
457,14:31:13,6.03,-0.01,3,1809,卖盘
458,14:31:31,6.04,0.01,1,604,买盘
459,14:31:55,6.04,0.0,3,1812,买盘
460,14:36:10,6.04,0.0,4,2416,卖盘
461,14:36:16,6.04,0.0,9,5436,卖盘
462,14:36:22,6.04,0.0,2,1208,卖盘
463,14:36:27,6.04,0.0,2,1208,卖盘
464,14:36:51,6.04,0.0,2,1208,卖盘
465,14:38:04,6.04,0.0,38,22952,卖盘
466,14:40:07,6.04,0.0,1,604,卖盘
467,14:40:58,6.04,0.0,1,604,卖盘
468,14:41:28,6.04,0.0,37,22348,卖盘
469,14:41:33,6.04,0.0,55,33220,买盘
470,14:42:16,6.03,-0.01,50,30150,卖盘
471,14:42:37,6.03,0.0,40,24120,卖盘
472,14:43:07,6.03,0.0,1,603,卖盘
473,14:43:34,6.06,0.03,155,93740,买盘
474,14:44:46,6.06,0.0,8,4848,买盘
475,14:45:52,6.05,-0.01,1,605,买盘
476,14:45:54,6.06,0.01,3,1818,买盘
477,14:46:30,6.06,0.0,50,30300,买盘
478,14:47:19,6.06,0.0,2,1212,买盘
479,14:47:54,6.06,0.0,6,3636,买盘
480,14:48:01,6.06,0.0,3,1818,买盘
481,14:48:18,6.06,0.0,100,60600,买盘
482,14:48:42,6.06,0.0,100,60600,买盘
483,14:48:49,6.06,0.0,32,19392,买盘
484,14:49:16,6.05,-0.01,443,268015,卖盘
485,14:49:25,6.06,0.01,95,57495,买盘
486,14:50:19,6.05,-0.01,1,605,中性盘
487,14:51:16,6.06,0.01,89,53934,买盘
488,14:51:22,6.05,-0.01,18,10890,卖盘
489,14:51:25,6.05,0.0,10,6050,卖盘
490,14:51:28,6.05,0.0,1,605,卖盘
491,14:52:16,6.05,0.0,13,7865,买盘
492,14:52:34,6.06,0.01,30,18180,买盘
493,14:52:37,6.05,-0.01,10,6050,卖盘
494,14:53:46,6.06,0.01,100,60600,买盘
495,14:53:57,6.06,0.0,24,14544,买盘
496,14:54:10,6.06,0.0,24,14544,买盘
497,14:54:28,6.06,0.0,17,10302,买盘
498,14:54:34,6.06,0.0,34,20604,买盘
499,14:54:40,6.06,0.0,1,606,卖盘
500,14:54:48,6.06,0.0,17,10302,卖盘
501,14:54:52,6.06,0.0,50,30300,卖盘
502,14:54:58,6.06,0.0,4,2424,卖盘
503,14:56:10,6.05,-0.01,12,7260,卖盘
504,14:56:31,6.05,0.0,10,6050,买盘
505,14:56:37,6.04,-0.01,2,1208,卖盘
506,14:56:40,6.04,0.0,4,2416,卖盘
507,14:56:43,6.04,0.0,3,1812,卖盘
508,14:56:49,6.05,0.01,2,1210,买盘
509,14:57:03,6.05,0.0,20,12100,买盘
510,15:00:04,6.05,0.0,94,56870,卖盘
