,time,price,change,volume,amount,type
0,09:30:16,6.65,-0.09,5,3325,买盘
1,09:30:19,6.63,-0.02,10,6630,卖盘
2,09:30:24,6.6,-0.03,4,2639,中性盘
3,09:30:43,6.6,0.0,46,30360,卖盘
4,09:30:54,6.63,0.03,3,1989,买盘
5,09:30:58,6.6,-0.03,59,39033,卖盘
6,09:31:01,6.61,0.01,78,51588,中性盘
7,09:31:04,6.63,0.02,3,1989,买盘
8,09:31:06,6.64,0.01,14,9291,买盘
9,09:31:10,6.64,0.0,20,13280,卖盘
10,09:31:49,6.65,0.01,10,6650,买盘
11,09:32:04,6.64,-0.01,10,6640,买盘
12,09:32:10,6.65,0.01,11,7315,买盘
13,09:32:24,6.65,0.0,1,665,卖盘
14,09:32:27,6.71,0.06,16,10736,买盘
15,09:32:33,6.69,-0.02,8,5352,买盘
16,09:32:37,6.65,-0.04,4,2660,卖盘
17,09:32:43,6.65,0.0,2,1330,买盘
18,09:32:54,6.65,0.0,3,1995,卖盘
19,09:33:15,6.68,0.03,60,40080,买盘
20,09:33:37,6.69,0.01,5,3341,中性盘
21,09:33:55,6.68,-0.01,1,668,中性盘
22,09:34:04,6.68,0.0,2,1336,卖盘
23,09:34:07,6.68,0.0,72,48167,卖盘
24,09:34:10,6.68,0.0,1,668,卖盘
25,09:34:18,6.68,0.0,1,668,买盘
26,09:34:28,6.69,0.01,6,4014,买盘
27,09:34:58,6.69,0.0,11,7359,买盘
28,09:35:15,6.7,0.01,1,670,买盘
29,09:35:25,6.7,0.0,10,6700,买盘
30,09:35:28,6.7,0.0,1,670,买盘
31,09:36:01,6.7,0.0,5,3350,买盘
32,09:37:16,6.69,-0.01,1,669,卖盘
33,09:37:22,6.69,0.0,1,669,卖盘
34,09:37:25,6.69,0.0,1,669,卖盘
35,09:37:52,6.68,-0.01,10,6680,卖盘
36,09:37:57,6.68,0.0,3,2004,卖盘
37,09:38:04,6.67,-0.01,3,2001,卖盘
38,09:38:13,6.68,0.01,10,6680,买盘
39,09:38:31,6.69,0.01,6,4014,买盘
40,09:38:37,6.69,0.0,3,2007,买盘
41,09:39:01,6.69,0.0,8,5352,买盘
42,09:40:28,6.7,0.01,1,670,买盘
43,09:40:40,6.7,0.0,5,3350,买盘
44,09:42:12,6.71,0.01,10,6710,买盘
45,09:43:04,6.71,0.0,59,39628,卖盘
46,09:43:06,6.71,0.0,10,6710,买盘
47,09:43:13,6.71,0.0,6,4026,买盘
48,09:43:24,6.71,0.0,7,4697,买盘
49,09:43:34,6.71,0.0,30,20104,买盘
50,09:43:46,6.7,-0.01,15,10050,买盘
51,09:43:48,6.7,0.0,1,670,买盘
52,09:43:52,6.7,0.0,3,2010,买盘
53,09:43:55,6.7,0.0,9,6030,买盘
54,09:44:06,6.71,0.01,1,671,买盘
55,09:44:10,6.7,-0.01,8,5360,卖盘
56,09:44:19,6.71,0.01,2,1342,买盘
57,09:44:25,6.71,0.0,2,1342,买盘
58,09:44:31,6.75,0.04,10,6734,买盘
59,09:45:22,6.72,-0.03,7,4704,卖盘
60,09:46:24,6.73,0.01,3,2019,买盘
61,09:46:34,6.73,0.0,7,4711,卖盘
62,09:46:52,6.73,0.0,11,7403,卖盘
63,09:46:58,6.73,0.0,29,19517,卖盘
64,09:47:15,6.72,-0.01,54,36288,卖盘
65,09:47:36,6.72,0.0,28,18816,买盘
66,09:48:51,6.73,0.01,11,7403,买盘
67,09:49:49,6.72,-0.01,31,20832,卖盘
68,09:49:52,6.72,0.0,36,24192,卖盘
69,09:50:13,6.71,-0.01,9,6039,卖盘
70,09:50:30,6.71,0.0,3,2013,卖盘
71,09:50:42,6.71,0.0,1,671,卖盘
72,09:50:58,6.71,0.0,20,13420,卖盘
73,09:51:31,6.71,0.0,17,11407,卖盘
74,09:51:46,6.71,0.0,6,4026,买盘
75,09:52:12,6.71,0.0,33,22143,卖盘
76,09:52:54,6.71,0.0,2,1342,卖盘
77,09:53:10,6.71,0.0,1,671,卖盘
78,09:54:04,6.72,0.01,20,13440,买盘
79,09:54:10,6.72,0.0,95,63840,买盘
80,09:55:04,6.73,0.01,5,3365,买盘
81,09:55:49,6.73,0.0,5,3365,买盘
82,09:56:42,6.73,0.0,7,4711,买盘
83,09:56:46,6.73,0.0,9,6057,买盘
84,09:57:12,6.75,0.02,7,4721,买盘
85,09:58:16,6.75,0.0,1,675,买盘
86,09:58:40,6.74,-0.01,6,4044,卖盘
87,09:59:33,6.74,0.0,10,6740,买盘
88,09:59:46,6.76,0.02,61,41202,买盘
89,10:00:45,6.76,0.0,32,21632,买盘
90,10:01:09,6.76,0.0,2,1352,卖盘
91,10:01:12,6.76,0.0,117,79092,卖盘
92,10:01:58,6.75,-0.01,5,3375,买盘
93,10:02:09,6.73,-0.02,30,20190,卖盘
94,10:02:19,6.74,0.01,1,674,买盘
95,10:02:46,6.74,0.0,1,674,卖盘
96,10:02:49,6.74,0.0,1,674,卖盘
97,10:02:51,6.74,0.0,3,2022,卖盘
98,10:03:16,6.73,-0.01,70,47110,卖盘
99,10:03:34,6.73,0.0,8,5384,卖盘
100,10:03:40,6.73,0.0,15,10095,卖盘
101,10:03:55,6.73,0.0,15,10095,买盘
102,10:06:28,6.73,0.0,20,13460,买盘
103,10:08:15,6.72,-0.01,1,672,卖盘
104,10:08:21,6.72,0.0,44,29568,卖盘
105,10:08:28,6.72,0.0,9,6048,卖盘
106,10:08:31,6.72,0.0,4,2688,卖盘
107,10:08:34,6.72,0.0,3,2016,卖盘
108,10:08:37,6.72,0.0,16,10752,卖盘
109,10:08:49,6.72,0.0,3,2016,中性盘
110,10:09:37,6.72,0.0,1,672,买盘
111,10:10:01,6.71,-0.01,100,67100,卖盘
112,10:10:10,6.71,0.0,8,5368,买盘
113,10:10:34,6.71,0.0,1,671,买盘
114,10:10:40,6.7,-0.01,2,1341,卖盘
115,10:10:43,6.71,0.01,3,2013,买盘
116,10:10:46,6.71,0.0,2,1342,买盘
117,10:10:49,6.71,0.0,2,1342,买盘
118,10:10:52,6.71,0.0,2,1342,买盘
119,10:10:55,6.71,0.0,2,1342,买盘
120,10:10:58,6.71,0.0,2,1342,买盘
121,10:11:33,6.7,-0.01,100,67000,卖盘
122,10:12:13,6.71,0.01,28,18788,买盘
123,10:13:09,6.71,0.0,15,10065,卖盘
124,10:15:10,6.71,0.0,1,671,卖盘
125,10:18:09,6.71,0.0,2,1342,卖盘
126,10:19:09,6.71,0.0,2,1342,卖盘
127,10:19:28,6.72,0.01,6,4032,买盘
128,10:20:37,6.71,-0.01,1,671,卖盘
129,10:20:40,6.72,0.01,5,3360,买盘
130,10:21:15,6.71,-0.01,33,22143,卖盘
131,10:21:36,6.7,-0.01,6,4020,卖盘
132,10:22:09,6.7,0.0,1,670,卖盘
133,10:22:24,6.7,0.0,18,12060,卖盘
134,10:22:27,6.7,0.0,29,19430,卖盘
135,10:22:31,6.7,0.0,5,3350,卖盘
136,10:22:34,6.7,0.0,4,2680,卖盘
137,10:22:43,6.69,-0.01,35,23415,卖盘
138,10:22:49,6.69,0.0,10,6690,卖盘
139,10:22:54,6.69,0.0,1,669,买盘
140,10:22:58,6.69,0.0,6,4014,买盘
141,10:23:31,6.68,-0.01,5,3340,卖盘
142,10:24:10,6.68,0.0,2,1336,卖盘
143,10:24:37,6.69,0.01,4,2676,买盘
144,10:25:07,6.68,-0.01,5,3340,卖盘
145,10:25:15,6.68,0.0,20,13360,卖盘
146,10:25:49,6.69,0.01,35,23415,买盘
147,10:26:09,6.69,0.0,1,669,卖盘
148,10:27:10,6.69,0.0,2,1338,卖盘
149,10:27:12,6.69,0.0,12,8028,卖盘
150,10:27:28,6.7,0.01,10,6700,买盘
151,10:27:40,6.7,0.0,6,4020,买盘
152,10:28:10,6.7,0.0,10,6700,买盘
153,10:28:22,6.7,0.0,1,670,买盘
154,10:28:46,6.7,0.0,10,6700,买盘
155,10:29:09,6.7,0.0,10,6700,买盘
156,10:29:28,6.7,0.0,1,670,卖盘
157,10:29:31,6.71,0.01,10,6710,买盘
158,10:30:28,6.68,-0.03,18,12050,卖盘
159,10:30:37,6.71,0.03,5,3355,买盘
160,10:31:27,6.7,-0.01,5,3350,买盘
161,10:32:19,6.7,0.0,5,3350,买盘
162,10:32:40,6.69,-0.01,3,2007,卖盘
163,10:32:58,6.7,0.01,1,670,买盘
164,10:33:06,6.7,0.0,10,6700,买盘
165,10:33:10,6.7,0.0,21,14070,买盘
166,10:33:55,6.71,0.01,2,1342,买盘
167,10:34:49,6.71,0.0,3,2013,买盘
168,10:35:18,6.72,0.01,10,6718,买盘
169,10:35:40,6.72,0.0,1,672,买盘
170,10:35:43,6.72,0.0,10,6720,买盘
171,10:35:46,6.72,0.0,5,3360,买盘
172,10:36:18,6.7,-0.02,14,9380,卖盘
173,10:36:40,6.7,0.0,3,2010,买盘
174,10:37:27,6.7,0.0,5,3350,买盘
175,10:38:06,6.7,0.0,2,1340,卖盘
176,10:38:39,6.7,0.0,3,2010,卖盘
177,10:39:16,6.7,0.0,19,12730,买盘
178,10:39:37,6.7,0.0,30,20100,卖盘
179,10:40:07,6.7,0.0,2,1340,卖盘
180,10:40:58,6.71,0.01,1,671,买盘
181,10:41:07,6.71,0.0,1,671,卖盘
182,10:42:07,6.71,0.0,2,1342,卖盘
183,10:43:06,6.71,0.0,2,1342,卖盘
184,10:44:37,6.71,0.0,7,4697,买盘
185,10:45:36,6.7,-0.01,3,2010,卖盘
186,10:45:39,6.7,0.0,10,6700,卖盘
187,10:46:06,6.7,0.0,2,1340,卖盘
188,10:46:31,6.71,0.01,6,4026,买盘
189,10:47:37,6.7,-0.01,10,6700,卖盘
190,10:48:06,6.7,0.0,1,670,卖盘
191,10:49:06,6.7,0.0,2,1340,卖盘
192,10:49:51,6.7,0.0,10,6700,卖盘
193,10:50:06,6.7,0.0,29,19430,卖盘
194,10:50:40,6.7,0.0,16,10720,买盘
195,10:51:16,6.7,0.0,32,21440,买盘
196,10:51:42,6.7,0.0,24,16080,卖盘
197,10:52:06,6.7,0.0,1,670,卖盘
198,10:52:25,6.7,0.0,30,20100,卖盘
199,10:52:31,6.7,0.0,33,22110,卖盘
200,10:53:27,6.69,-0.01,30,20070,卖盘
201,10:54:07,6.69,0.0,2,1338,卖盘
202,10:54:31,6.69,0.0,2,1338,卖盘
203,10:55:06,6.69,0.0,2,1338,卖盘
204,10:55:33,6.7,0.01,78,52260,买盘
205,10:55:46,6.7,0.0,16,10720,卖盘
206,10:56:06,6.7,0.0,1,670,卖盘
207,10:56:31,6.7,0.0,5,3350,卖盘
208,10:56:48,6.7,0.0,1,670,买盘
209,10:57:09,6.69,-0.01,28,18732,卖盘
210,10:57:31,6.69,0.0,24,16056,卖盘
211,10:57:51,6.69,0.0,28,18732,卖盘
212,10:58:07,6.69,0.0,2,1338,卖盘
213,10:58:10,6.69,0.0,26,17394,卖盘
214,10:58:16,6.7,0.01,12,8040,买盘
215,10:58:37,6.7,0.0,23,15410,买盘
216,10:59:00,6.71,0.01,23,15429,买盘
217,10:59:07,6.69,-0.02,2,1338,卖盘
218,10:59:13,6.7,0.01,28,18760,买盘
219,10:59:43,6.69,-0.01,12,8028,卖盘
220,11:00:01,6.69,0.0,5,4007,卖盘
221,11:00:07,6.68,-0.01,50,32764,卖盘
222,11:00:21,6.67,-0.01,7,4669,卖盘
223,11:00:31,6.67,0.0,79,52693,卖盘
224,11:00:34,6.66,-0.01,48,31968,卖盘
225,11:00:40,6.67,0.01,28,18676,中性盘
226,11:00:58,6.66,-0.01,2,1332,卖盘
227,11:01:13,6.67,0.01,10,6670,买盘
228,11:01:22,6.67,0.0,31,20677,买盘
229,11:01:34,6.67,0.0,11,7337,买盘
230,11:01:58,6.67,0.0,129,86043,卖盘
231,11:02:04,6.68,0.01,9,6012,卖盘
232,11:02:19,6.68,0.0,9,6012,卖盘
233,11:02:37,6.67,-0.01,60,40020,卖盘
234,11:03:46,6.66,-0.01,172,114604,卖盘
235,11:04:42,6.66,0.0,10,6660,卖盘
236,11:05:36,6.65,-0.01,65,43246,卖盘
237,11:05:57,6.65,0.0,32,21280,卖盘
238,11:06:12,6.66,0.01,1,666,中性盘
239,11:06:28,6.66,0.0,6,3996,卖盘
240,11:06:51,6.66,0.0,3,1998,卖盘
241,11:07:04,6.66,0.0,55,36630,卖盘
242,11:07:48,6.66,0.0,1,666,卖盘
243,11:07:51,6.66,0.0,35,23310,卖盘
244,11:08:21,6.66,0.0,10,6660,卖盘
245,11:08:37,6.65,-0.01,10,6651,卖盘
246,11:08:57,6.65,0.0,30,19950,卖盘
247,11:09:10,6.66,0.01,20,13320,买盘
248,11:10:01,6.66,0.0,1,666,买盘
249,11:10:13,6.66,0.0,10,6660,买盘
250,11:11:25,6.65,-0.01,1,665,卖盘
251,11:11:28,6.66,0.01,1,666,买盘
252,11:11:57,6.66,0.0,4,2664,买盘
253,11:12:37,6.67,0.01,3,2001,买盘
254,11:12:57,6.68,0.01,1,668,买盘
255,11:13:07,6.66,-0.02,47,31302,卖盘
256,11:13:27,6.66,0.0,5,3330,卖盘
257,11:14:34,6.66,0.0,7,4662,买盘
258,11:14:46,6.66,0.0,1,666,买盘
259,11:15:34,6.66,0.0,10,6660,买盘
260,11:18:16,6.66,0.0,90,59940,卖盘
261,11:18:51,6.65,-0.01,41,27265,卖盘
262,11:18:57,6.66,0.01,1,666,买盘
263,11:19:04,6.65,-0.01,53,35285,卖盘
264,11:19:52,6.64,-0.01,14,9296,卖盘
265,11:20:37,6.63,-0.01,6,3978,卖盘
266,11:21:01,6.63,0.0,3,1989,卖盘
267,11:21:04,6.64,0.01,10,6640,买盘
268,11:21:13,6.63,-0.01,14,9282,卖盘
269,11:21:51,6.64,0.01,7,4648,买盘
270,11:22:43,6.64,0.0,2,1328,卖盘
271,11:23:25,6.63,-0.01,40,26520,卖盘
272,11:23:49,6.6,-0.03,460,304003,卖盘
273,11:26:01,6.63,0.03,7,4641,买盘
274,11:26:12,6.64,0.01,9,5976,买盘
275,11:26:49,6.64,0.0,40,26560,买盘
276,11:28:10,6.63,-0.01,1,663,卖盘
277,13:00:07,6.63,0.0,17,11274,卖盘
278,13:00:10,6.63,0.0,1,663,买盘
279,13:00:45,6.62,-0.01,10,6620,卖盘
280,13:00:52,6.62,0.0,1,662,买盘
281,13:01:30,6.61,-0.01,50,33050,卖盘
282,13:01:54,6.61,0.0,40,26440,买盘
283,13:02:40,6.62,0.01,1,662,买盘
284,13:03:46,6.62,0.0,2,1324,买盘
285,13:03:57,6.62,0.0,1,662,卖盘
286,13:04:00,6.62,0.0,3,1986,卖盘
287,13:04:24,6.61,-0.01,21,13881,卖盘
288,13:06:07,6.6,-0.01,13,8580,卖盘
289,13:07:16,6.6,0.0,5,3300,卖盘
290,13:07:54,6.61,0.01,5,3305,买盘
291,13:08:09,6.61,0.0,27,17847,买盘
292,13:08:49,6.62,0.01,10,6620,买盘
293,13:08:57,6.61,-0.01,7,4627,卖盘
294,13:10:18,6.62,0.01,20,13240,买盘
295,13:10:28,6.62,0.0,1,662,卖盘
296,13:11:15,6.62,0.0,12,7944,卖盘
297,13:11:28,6.62,0.0,13,8606,卖盘
298,13:11:51,6.63,0.01,38,25183,买盘
299,13:11:58,6.61,-0.02,1,661,卖盘
300,13:12:16,6.61,0.0,22,14542,卖盘
301,13:12:37,6.61,0.0,23,15203,卖盘
302,13:12:42,6.61,0.0,1,661,卖盘
303,13:12:58,6.61,0.0,8,5288,卖盘
304,13:13:19,6.6,-0.01,216,142560,卖盘
305,13:13:27,6.59,-0.01,1,659,卖盘
306,13:13:43,6.6,0.01,11,7260,买盘
307,13:13:58,6.59,-0.01,1,659,卖盘
308,13:14:13,6.59,0.0,1,659,卖盘
309,13:14:22,6.59,0.0,19,12521,卖盘
310,13:14:36,6.6,0.01,10,6600,买盘
311,13:15:18,6.6,0.0,10,6600,买盘
312,13:15:28,6.59,-0.01,8,5279,卖盘
313,13:15:37,6.61,0.02,4,2644,买盘
314,13:15:49,6.6,-0.01,60,39600,卖盘
315,13:16:49,6.6,0.0,5,3300,卖盘
316,13:16:58,6.59,-0.01,1,659,卖盘
317,13:17:04,6.59,0.0,95,62605,卖盘
318,13:17:28,6.58,-0.01,1,658,卖盘
319,13:17:30,6.59,0.01,7,4613,买盘
320,13:17:52,6.61,0.02,6,3966,买盘
321,13:17:57,6.6,-0.01,10,6600,卖盘
322,13:18:19,6.6,0.0,10,6600,买盘
323,13:18:40,6.6,0.0,1,660,卖盘
324,13:19:39,6.61,0.01,5,3305,买盘
325,13:19:42,6.61,0.0,1,661,卖盘
326,13:19:52,6.61,0.0,23,15206,卖盘
327,13:20:01,6.61,0.0,4,2644,卖盘
328,13:20:25,6.6,-0.01,60,39600,卖盘
329,13:20:31,6.6,0.0,1,660,卖盘
330,13:20:58,6.6,0.0,2,1320,买盘
331,13:21:04,6.6,0.0,1,660,买盘
332,13:21:37,6.61,0.01,2,1322,买盘
333,13:22:01,6.61,0.0,7,4627,买盘
334,13:22:09,6.61,0.0,5,3305,买盘
335,13:22:40,6.62,0.01,1,662,买盘
336,13:23:39,6.63,0.01,79,52373,买盘
337,13:23:42,6.62,-0.01,3,1986,买盘
338,13:24:01,6.62,0.0,39,25818,买盘
339,13:24:46,6.64,0.02,47,31181,买盘
340,13:25:34,6.63,-0.01,1,663,买盘
341,13:26:01,6.64,0.01,28,18592,买盘
342,13:26:22,6.64,0.0,43,28552,卖盘
343,13:26:52,6.63,-0.01,30,19890,中性盘
344,13:28:22,6.62,-0.01,17,11254,卖盘
345,13:28:52,6.62,0.0,10,6620,卖盘
346,13:28:58,6.6,-0.02,121,80045,卖盘
347,13:29:46,6.62,0.02,1,662,中性盘
348,13:29:52,6.63,0.01,9,5967,买盘
349,13:31:04,6.62,-0.01,26,17212,卖盘
350,13:31:16,6.63,0.01,14,9281,买盘
351,13:31:40,6.63,0.0,105,69615,卖盘
352,13:34:15,6.63,0.0,1,663,卖盘
353,13:34:48,6.63,0.0,300,198900,卖盘
354,13:35:27,6.63,0.0,1,663,卖盘
355,13:35:46,6.63,0.0,1,663,卖盘
356,13:36:28,6.63,0.0,1,663,卖盘
357,13:36:55,6.63,0.0,21,13923,卖盘
358,13:37:01,6.63,0.0,20,13260,卖盘
359,13:37:15,6.63,0.0,1,663,卖盘
360,13:37:28,6.61,-0.02,2,1322,卖盘
361,13:37:58,6.61,0.0,1,661,卖盘
362,13:38:01,6.61,0.0,1,661,卖盘
363,13:38:27,6.61,0.0,1,661,卖盘
364,13:38:54,6.61,0.0,1,661,卖盘
365,13:38:58,6.61,0.0,1,661,卖盘
366,13:39:15,6.61,0.0,1,661,卖盘
367,13:39:28,6.61,0.0,1,661,卖盘
368,13:39:46,6.61,0.0,1,661,卖盘
369,13:39:58,6.61,0.0,1,661,卖盘
370,13:40:12,6.61,0.0,1,661,卖盘
371,13:40:24,6.62,0.01,4,2648,买盘
372,13:40:27,6.62,0.0,2,1324,卖盘
373,13:42:13,6.62,0.0,1,662,卖盘
374,13:42:28,6.62,0.0,2,1324,卖盘
375,13:42:37,6.63,0.01,10,6630,买盘
376,13:43:55,6.62,-0.01,21,13902,卖盘
377,13:44:57,6.61,-0.01,1,661,卖盘
378,13:45:43,6.6,-0.01,90,59422,卖盘
379,13:45:51,6.6,0.0,5,3300,卖盘
380,13:45:58,6.59,-0.01,1,659,卖盘
381,13:46:13,6.59,0.0,1,659,卖盘
382,13:46:16,6.59,0.0,8,5272,卖盘
383,13:46:25,6.59,0.0,8,5272,卖盘
384,13:46:37,6.58,-0.01,1,658,卖盘
385,13:46:54,6.59,0.01,3,1977,买盘
386,13:46:57,6.58,-0.01,1,658,卖盘
387,13:47:19,6.59,0.01,3,1977,买盘
388,13:47:28,6.59,0.0,1,659,卖盘
389,13:47:58,6.59,0.0,1,659,卖盘
390,13:48:03,6.6,0.01,12,7920,买盘
391,13:48:13,6.62,0.02,8,5295,买盘
392,13:48:27,6.62,0.0,13,8606,中性盘
393,13:49:10,6.62,0.0,105,69510,买盘
394,13:50:13,6.61,-0.01,7,4627,买盘
395,13:50:24,6.6,-0.01,2,1320,卖盘
396,13:54:04,6.62,0.02,1,662,买盘
397,13:54:45,6.61,-0.01,1,661,卖盘
398,13:55:28,6.62,0.01,2,1324,买盘
399,13:55:43,6.61,-0.01,1,661,卖盘
400,13:56:58,6.61,0.0,1,661,卖盘
401,13:57:19,6.61,0.0,1,661,卖盘
402,13:57:28,6.61,0.0,1,661,卖盘
403,13:57:43,6.61,0.0,1,661,卖盘
404,13:57:57,6.61,0.0,1,661,卖盘
405,13:58:28,6.61,0.0,1,661,卖盘
406,13:58:52,6.62,0.01,3,1986,买盘
407,13:58:57,6.61,-0.01,1,661,卖盘
408,13:59:25,6.6,-0.01,1000,660060,卖盘
409,13:59:30,6.6,0.0,35,23100,卖盘
410,13:59:33,6.6,0.0,26,17160,卖盘
411,13:59:36,6.6,0.0,19,12540,卖盘
412,13:59:39,6.58,-0.02,19,12507,卖盘
413,13:59:57,6.59,0.01,3,1977,买盘
414,14:00:00,6.59,0.0,1,659,卖盘
415,14:00:28,6.59,0.0,12,7908,卖盘
416,14:00:33,6.59,0.0,14,9226,卖盘
417,14:00:43,6.58,-0.01,1,658,卖盘
418,14:00:58,6.58,0.0,1,658,卖盘
419,14:01:27,6.58,0.0,1,658,卖盘
420,14:01:49,6.59,0.01,2,1318,买盘
421,14:01:58,6.6,0.01,8,5280,买盘
422,14:02:01,6.59,-0.01,1,659,卖盘
423,14:02:31,6.61,0.02,10,6610,买盘
424,14:03:00,6.62,0.01,10,6620,买盘
425,14:03:04,6.62,0.0,88,58256,买盘
426,14:03:37,6.62,0.0,20,13240,卖盘
427,14:04:07,6.62,0.0,10,6620,买盘
428,14:04:33,6.63,0.01,20,13260,买盘
429,14:05:13,6.62,-0.01,1,662,买盘
430,14:07:37,6.61,-0.01,26,17186,卖盘
431,14:07:40,6.62,0.01,6,3972,买盘
432,14:08:04,6.62,0.0,5,3310,买盘
433,14:08:13,6.62,0.0,3,1986,卖盘
434,14:08:27,6.62,0.0,2,1324,卖盘
435,14:09:46,6.62,0.0,1,662,卖盘
436,14:11:16,6.62,0.0,1,662,卖盘
437,14:11:57,6.62,0.0,1,662,卖盘
438,14:12:27,6.62,0.0,3,1986,卖盘
439,14:12:43,6.62,0.0,1,662,卖盘
440,14:12:58,6.62,0.0,2,1324,卖盘
441,14:13:28,6.62,0.0,1,662,卖盘
442,14:13:43,6.63,0.01,3,1989,买盘
443,14:13:58,6.62,-0.01,2,1324,卖盘
444,14:14:13,6.62,0.0,1,662,卖盘
445,14:14:22,6.63,0.01,3,1989,买盘
446,14:14:28,6.62,-0.01,1,662,卖盘
447,14:14:58,6.62,0.0,3,1986,卖盘
448,14:15:28,6.62,0.0,3,1986,卖盘
449,14:15:46,6.62,0.0,1,662,卖盘
450,14:15:58,6.62,0.0,3,1986,卖盘
451,14:16:27,6.62,0.0,1,662,卖盘
452,14:16:58,6.62,0.0,2,1324,卖盘
453,14:17:25,6.63,0.01,31,20553,买盘
454,14:17:31,6.63,0.0,1,663,卖盘
455,14:18:01,6.63,0.0,1,663,卖盘
456,14:19:01,6.63,0.0,1,663,卖盘
457,14:19:46,6.64,0.01,15,9960,买盘
458,14:20:01,6.63,-0.01,1,663,卖盘
459,14:20:04,6.64,0.01,10,6640,买盘
460,14:20:16,6.63,-0.01,1,663,卖盘
461,14:20:43,6.64,0.01,25,16600,买盘
462,14:20:52,6.64,0.0,10,6640,买盘
463,14:21:01,6.64,0.0,2,1328,买盘
464,14:21:31,6.63,-0.01,1,663,卖盘
465,14:21:58,6.63,0.0,2,1326,卖盘
466,14:22:01,6.63,0.0,1,663,卖盘
467,14:22:31,6.63,0.0,1,663,卖盘
468,14:22:58,6.63,0.0,1,663,卖盘
469,14:23:24,6.64,0.01,11,7303,买盘
470,14:23:27,6.63,-0.01,1,663,卖盘
471,14:23:51,6.64,0.01,20,13280,买盘
472,14:23:58,6.63,-0.01,2,1326,卖盘
473,14:24:01,6.64,0.01,23,15271,买盘
474,14:24:34,6.64,0.0,16,11202,卖盘
475,14:24:37,6.65,0.01,129,85785,买盘
476,14:25:01,6.67,0.02,288,191969,买盘
477,14:26:10,6.68,0.01,6,4008,卖盘
478,14:26:18,6.69,0.01,30,20055,买盘
479,14:26:37,6.66,-0.03,3,1998,卖盘
480,14:26:42,6.68,0.02,1,668,买盘
481,14:26:58,6.68,0.0,17,11356,买盘
482,14:27:01,6.68,0.0,1,668,卖盘
483,14:27:04,6.68,0.0,77,51436,卖盘
484,14:28:57,6.66,-0.02,1,666,卖盘
485,14:29:00,6.66,0.0,2,1332,卖盘
486,14:29:15,6.66,0.0,1,666,卖盘
487,14:29:28,6.66,0.0,1,666,卖盘
488,14:29:34,6.66,0.0,3,1998,卖盘
489,14:29:43,6.67,0.01,3,2001,卖盘
490,14:30:01,6.67,0.0,9,6003,卖盘
491,14:30:16,6.66,-0.01,1,666,卖盘
492,14:30:31,6.66,0.0,1,666,卖盘
493,14:30:34,6.67,0.01,11,7337,买盘
494,14:30:39,6.67,0.0,9,6003,卖盘
495,14:31:00,6.66,-0.01,1,666,卖盘
496,14:31:03,6.66,0.0,19,12654,卖盘
497,14:31:22,6.67,0.01,11,7337,买盘
498,14:32:04,6.7,0.03,113,75579,买盘
499,14:33:40,6.69,-0.01,38,25422,买盘
500,14:34:09,6.69,0.0,30,20070,买盘
501,14:35:30,6.69,0.0,1,669,买盘
502,14:36:30,6.68,-0.01,1,668,卖盘
503,14:36:34,6.68,0.0,15,10020,卖盘
504,14:37:00,6.67,-0.01,1,667,卖盘
505,14:37:24,6.68,0.01,1,668,买盘
506,14:37:31,6.67,-0.01,2,1335,卖盘
507,14:38:00,6.67,0.0,2,1334,卖盘
508,14:38:16,6.68,0.01,41,27388,买盘
509,14:38:28,6.68,0.0,4,2672,买盘
510,14:38:37,6.68,0.0,1,668,买盘
511,14:38:40,6.69,0.01,86,57534,买盘
512,14:39:28,6.67,-0.02,46,30682,卖盘
513,14:40:25,6.67,0.0,50,33350,卖盘
514,14:40:37,6.67,0.0,20,13340,卖盘
515,14:40:55,6.67,0.0,12,8004,买盘
516,14:41:10,6.67,0.0,34,22678,卖盘
517,14:42:57,6.66,-0.01,4,2664,卖盘
518,14:43:01,6.66,0.0,2,1332,卖盘
519,14:43:30,6.66,0.0,2,1332,卖盘
520,14:43:46,6.66,0.0,10,6660,卖盘
521,14:43:49,6.66,0.0,2,1332,卖盘
522,14:44:01,6.66,0.0,1,666,卖盘
523,14:44:31,6.66,0.0,2,1332,卖盘
524,14:45:31,6.66,0.0,208,138529,卖盘
525,14:45:33,6.66,0.0,53,35298,买盘
526,14:45:58,6.67,0.01,20,13340,买盘
527,14:46:01,6.65,-0.02,3,1995,卖盘
528,14:46:31,6.66,0.01,1,666,卖盘
529,14:46:58,6.66,0.0,5,3330,卖盘
530,14:47:01,6.66,0.0,2,1332,卖盘
531,14:47:30,6.66,0.0,1,666,卖盘
532,14:47:43,6.66,0.0,63,41958,卖盘
533,14:48:00,6.66,0.0,2,1332,卖盘
534,14:48:30,6.66,0.0,3,1998,卖盘
535,14:48:43,6.66,0.0,5,3330,卖盘
536,14:49:00,6.66,0.0,30,19978,买盘
537,14:49:31,6.66,0.0,3,1998,买盘
538,14:50:16,6.65,-0.01,274,182210,卖盘
539,14:50:19,6.65,0.0,21,13965,卖盘
540,14:50:42,6.66,0.01,4,2664,买盘
541,14:50:52,6.66,0.0,9,5994,买盘
542,14:51:31,6.66,0.0,2,1332,卖盘
543,14:51:37,6.67,0.01,17,11339,买盘
544,14:52:34,6.66,-0.01,3,1998,卖盘
545,14:52:43,6.66,0.0,39,25974,卖盘
546,14:52:46,6.66,0.0,2,1332,卖盘
547,14:52:55,6.66,0.0,20,13320,卖盘
548,14:53:13,6.67,0.01,4,2668,买盘
549,14:54:18,6.67,0.0,10,6670,买盘
550,14:54:58,6.66,-0.01,10,6660,卖盘
551,14:55:03,6.66,0.0,40,26640,卖盘
552,14:55:55,6.66,0.0,10,6660,卖盘
553,14:56:34,6.66,0.0,10,6660,卖盘
554,15:00:04,6.66,0.0,74,49284,卖盘
