,time,price,change,volume,amount,type
0,09:25:04,10.18,-0.12,144,146592,买盘
1,09:30:04,10.2,0.02,769,784138,买盘
2,09:30:10,10.22,0.02,16,16352,中性盘
3,09:30:13,10.11,-0.11,450,458061,卖盘
4,09:30:15,10.11,0.0,24,24267,卖盘
5,09:30:19,10.11,0.0,1,1011,买盘
6,09:30:22,10.25,0.14,6,6150,买盘
7,09:30:25,10.2,-0.05,20,20400,卖盘
8,09:30:31,10.2,0.0,5,5112,卖盘
9,09:30:48,10.21,0.01,1,1021,买盘
10,09:30:51,10.2,-0.01,1,1020,卖盘
11,09:30:58,10.2,0.0,37,37740,卖盘
12,09:31:01,10.21,0.01,4,4084,买盘
13,09:31:06,10.21,0.0,19,19399,卖盘
14,09:31:13,10.21,0.0,1,1021,买盘
15,09:31:22,10.23,0.02,5,5115,买盘
16,09:31:25,10.22,-0.01,1,1022,中性盘
17,09:31:28,10.23,0.01,1,1023,买盘
18,09:31:31,10.23,0.0,1,1023,买盘
19,09:31:33,10.23,0.0,3,3069,买盘
20,09:31:36,10.24,0.01,10,10240,买盘
21,09:31:42,10.24,0.0,11,11264,卖盘
22,09:31:46,10.24,0.0,2,2048,卖盘
23,09:31:52,10.25,0.01,31,31775,买盘
24,09:31:55,10.21,-0.04,152,155793,卖盘
25,09:32:01,10.23,0.02,1,1023,卖盘
26,09:32:04,10.23,0.0,6,6138,买盘
27,09:32:34,10.3,0.07,174,179196,买盘
28,09:32:52,10.32,0.02,21,21672,买盘
29,09:32:55,10.32,0.0,2,2064,买盘
30,09:33:01,10.34,0.02,56,57804,买盘
31,09:33:04,10.31,-0.03,2,2062,卖盘
32,09:33:07,10.34,0.03,11,11374,买盘
33,09:33:10,10.34,0.0,50,51700,买盘
34,09:33:16,10.34,0.0,5,5170,买盘
35,09:33:22,10.33,-0.01,18,18606,买盘
36,09:33:25,10.32,-0.01,15,15480,卖盘
37,09:33:30,10.33,0.01,9,9297,卖盘
38,09:33:34,10.33,0.0,10,10330,买盘
39,09:33:37,10.33,0.0,9,9297,买盘
40,09:33:46,10.32,-0.01,18,18576,卖盘
41,09:33:49,10.33,0.01,37,38207,买盘
42,09:33:52,10.34,0.01,41,42358,买盘
43,09:33:55,10.33,-0.01,3,3099,卖盘
44,09:33:58,10.33,0.0,10,10330,卖盘
45,09:34:01,10.32,-0.01,111,114623,卖盘
46,09:34:04,10.33,0.01,20,20643,买盘
47,09:34:07,10.32,-0.01,10,10320,中性盘
48,09:34:12,10.32,0.0,6,6192,买盘
49,09:34:22,10.31,-0.01,75,77325,卖盘
50,09:34:27,10.32,0.01,30,30942,买盘
51,09:34:31,10.31,-0.01,1,1031,中性盘
52,09:34:34,10.32,0.01,20,20611,买盘
53,09:34:49,10.31,-0.01,14,14434,卖盘
54,09:34:55,10.31,0.0,10,10310,卖盘
55,09:35:01,10.31,0.0,46,47426,卖盘
56,09:35:04,10.31,0.0,13,13411,卖盘
57,09:35:07,10.31,0.0,4,4124,卖盘
58,09:35:10,10.31,0.0,36,37116,买盘
59,09:35:13,10.3,-0.01,186,191634,卖盘
60,09:35:22,10.26,-0.04,1,1026,卖盘
61,09:35:28,10.29,0.03,14,14406,买盘
62,09:35:43,10.3,0.01,37,38087,买盘
63,09:35:52,10.28,-0.02,30,30851,卖盘
64,09:35:58,10.28,0.0,11,11308,卖盘
65,09:36:04,10.29,0.01,3,3087,买盘
66,09:36:10,10.29,0.0,103,105920,卖盘
67,09:36:19,10.3,0.01,4,4120,买盘
68,09:36:25,10.3,0.0,13,13380,买盘
69,09:36:28,10.3,0.0,22,22660,买盘
70,09:36:31,10.32,0.02,102,105150,买盘
71,09:36:33,10.32,0.0,11,11352,买盘
72,09:36:43,10.31,-0.01,11,11343,卖盘
73,09:36:46,10.32,0.01,9,9286,买盘
74,09:36:55,10.33,0.01,25,25825,买盘
75,09:37:01,10.33,0.0,15,15495,买盘
76,09:37:04,10.33,0.0,20,20660,买盘
77,09:37:07,10.33,0.0,34,35122,买盘
78,09:37:10,10.33,0.0,4,4132,买盘
79,09:37:13,10.32,-0.01,12,12388,卖盘
80,09:37:16,10.33,0.01,5,5163,买盘
81,09:37:19,10.33,0.0,30,30990,买盘
82,09:37:25,10.33,0.0,5,5165,买盘
83,09:37:31,10.33,0.0,20,20660,中性盘
84,09:37:33,10.34,0.01,80,82718,买盘
85,09:37:37,10.34,0.0,39,40326,买盘
86,09:37:43,10.34,0.0,60,62040,买盘
87,09:37:49,10.34,0.0,20,20680,买盘
88,09:37:55,10.35,0.01,15,15525,买盘
89,09:37:58,10.37,0.02,7,7259,买盘
90,09:38:04,10.37,0.0,1,1037,买盘
91,09:38:13,10.38,0.01,10,10380,买盘
92,09:38:16,10.45,0.07,100,104339,买盘
93,09:38:25,10.43,-0.02,19,19805,买盘
94,09:38:34,10.4,-0.03,22,22880,卖盘
95,09:38:37,10.4,0.0,8,8320,买盘
96,09:38:40,10.4,0.0,20,20800,买盘
97,09:38:43,10.43,0.03,35,36429,买盘
98,09:38:49,10.43,0.0,56,58318,买盘
99,09:38:52,10.38,-0.05,50,51900,卖盘
100,09:38:58,10.42,0.04,9,9378,买盘
101,09:39:04,10.42,0.0,52,53987,买盘
102,09:39:06,10.4,-0.02,10,10400,中性盘
103,09:39:10,10.42,0.02,50,52088,买盘
104,09:39:22,10.41,-0.01,20,20804,买盘
105,09:39:34,10.35,-0.06,9,9315,卖盘
106,09:40:10,10.35,0.0,55,56925,卖盘
107,09:40:16,10.38,0.03,5,5190,买盘
108,09:40:19,10.35,-0.03,22,22770,卖盘
109,09:40:34,10.37,0.02,1,1037,买盘
110,09:40:37,10.37,0.0,10,10370,买盘
111,09:40:40,10.37,0.0,5,5185,买盘
112,09:40:52,10.37,0.0,20,20740,买盘
113,09:40:55,10.37,0.0,3,3111,卖盘
114,09:41:01,10.37,0.0,5,5185,卖盘
115,09:41:06,10.37,0.0,10,10370,卖盘
116,09:41:09,10.37,0.0,1,1037,卖盘
117,09:41:13,10.38,0.01,40,41520,买盘
118,09:41:16,10.38,0.0,42,43568,买盘
119,09:41:19,10.39,0.01,100,103868,买盘
120,09:41:25,10.39,0.0,4,4156,买盘
121,09:41:31,10.39,0.0,28,29092,买盘
122,09:41:37,10.4,0.01,106,110240,买盘
123,09:41:40,10.39,-0.01,114,118463,卖盘
124,09:41:43,10.39,0.0,3,3117,买盘
125,09:41:46,10.39,0.0,25,25975,买盘
126,09:41:52,10.41,0.02,10,10410,买盘
127,09:41:57,10.41,0.0,1,1041,卖盘
128,09:42:01,10.41,0.0,29,30206,卖盘
129,09:42:07,10.41,0.0,13,13533,买盘
130,09:42:10,10.41,0.0,5,5205,卖盘
131,09:42:13,10.41,0.0,2,2082,卖盘
132,09:42:22,10.41,0.0,7,7287,买盘
133,09:42:28,10.41,0.0,22,22880,买盘
134,09:42:34,10.4,-0.01,10,10400,买盘
135,09:42:36,10.42,0.02,24,24995,买盘
136,09:42:46,10.42,0.0,63,65636,买盘
137,09:42:49,10.41,-0.01,22,22907,卖盘
138,09:42:52,10.4,-0.01,1,1040,卖盘
139,09:42:55,10.42,0.02,52,54148,买盘
140,09:43:04,10.42,0.0,18,18756,买盘
141,09:43:06,10.4,-0.02,10,10400,卖盘
142,09:43:13,10.42,0.02,16,16672,买盘
143,09:43:19,10.42,0.0,52,54100,买盘
144,09:43:22,10.42,0.0,9,9378,买盘
145,09:43:25,10.4,-0.02,5,5200,卖盘
146,09:43:30,10.42,0.02,47,49599,买盘
147,09:43:37,10.45,0.03,296,309171,买盘
148,09:43:40,10.46,0.01,2,2092,买盘
149,09:43:43,10.45,-0.01,11,11495,卖盘
150,09:43:46,10.46,0.01,20,20919,买盘
151,09:43:49,10.46,0.0,10,10460,买盘
152,09:43:52,10.46,0.0,35,36627,买盘
153,09:43:55,10.45,-0.01,107,111822,卖盘
154,09:43:58,10.47,0.02,21,21982,买盘
155,09:44:04,10.46,-0.01,42,43934,卖盘
156,09:44:07,10.47,0.01,100,104672,买盘
157,09:44:09,10.45,-0.02,24,25080,卖盘
158,09:44:12,10.47,0.02,84,87806,买盘
159,09:44:16,10.46,-0.01,10,10461,中性盘
160,09:44:19,10.46,0.0,72,75315,卖盘
161,09:44:36,10.46,0.0,364,380415,买盘
162,09:44:43,10.45,-0.01,7,7315,卖盘
163,09:44:46,10.46,0.01,28,29282,买盘
164,09:44:51,10.45,-0.01,17,17765,买盘
165,09:44:58,10.45,0.0,41,42845,买盘
166,09:45:01,10.43,-0.02,60,62580,中性盘
167,09:45:04,10.43,0.0,20,20860,卖盘
168,09:45:06,10.42,-0.01,57,59425,卖盘
169,09:45:13,10.43,0.01,20,20860,买盘
170,09:45:16,10.43,0.0,5,5215,买盘
171,09:45:21,10.43,0.0,12,12516,买盘
172,09:45:28,10.44,0.01,5,5220,买盘
173,09:45:31,10.43,-0.01,2,2086,卖盘
174,09:45:37,10.43,0.0,3,3129,卖盘
175,09:45:39,10.43,0.0,5,5215,卖盘
176,09:45:45,10.43,0.0,24,25032,卖盘
177,09:45:49,10.42,-0.01,48,50016,卖盘
178,09:45:55,10.42,0.0,20,20840,卖盘
179,09:45:58,10.43,0.01,34,34816,买盘
180,09:46:04,10.43,0.0,10,10430,买盘
181,09:46:10,10.43,0.0,6,6258,买盘
182,09:46:12,10.43,0.0,6,6884,买盘
183,09:46:19,10.43,0.0,67,69928,卖盘
184,09:46:22,10.43,0.0,5,4589,卖盘
185,09:46:28,10.42,-0.01,16,16678,卖盘
186,09:46:34,10.43,0.01,12,12516,买盘
187,09:46:46,10.42,-0.01,16,16678,卖盘
188,09:46:49,10.42,0.0,15,15630,卖盘
189,09:46:52,10.43,0.01,28,29199,买盘
190,09:46:57,10.41,-0.02,9,9369,卖盘
191,09:47:00,10.43,0.02,16,16688,买盘
192,09:47:04,10.43,0.0,30,31279,买盘
193,09:47:07,10.41,-0.02,1,1041,卖盘
194,09:47:13,10.41,0.0,23,23948,卖盘
195,09:47:19,10.42,0.01,18,18753,买盘
196,09:47:31,10.42,0.0,10,10420,卖盘
197,09:47:43,10.42,0.0,19,19798,卖盘
198,09:47:48,10.43,0.01,10,10430,买盘
199,09:47:52,10.42,-0.01,85,88570,卖盘
200,09:47:55,10.42,0.0,170,177140,买盘
201,09:48:01,10.43,0.01,95,99012,买盘
202,09:48:28,10.43,0.0,68,70924,买盘
203,09:48:30,10.45,0.02,165,172206,买盘
204,09:48:40,10.43,-0.02,1,1043,卖盘
205,09:48:46,10.45,0.02,63,65835,买盘
206,09:48:52,10.45,0.0,4,4180,买盘
207,09:48:55,10.45,0.0,8,8357,买盘
208,09:49:07,10.45,0.0,15,15675,买盘
209,09:49:10,10.45,0.0,169,176605,买盘
210,09:49:13,10.45,0.0,13,13585,买盘
211,09:49:16,10.45,0.0,10,10868,买盘
212,09:49:37,10.48,0.03,213,222957,买盘
213,09:49:40,10.48,0.0,52,54496,买盘
214,09:49:43,10.45,-0.03,46,47652,卖盘
215,09:49:45,10.45,0.0,4,4180,买盘
216,09:49:49,10.45,0.0,1,1045,买盘
217,09:49:52,10.45,0.0,1,1045,买盘
218,09:49:55,10.45,0.0,1,1045,买盘
219,09:49:58,10.45,0.0,8,8778,买盘
220,09:50:04,10.46,0.01,1,1046,卖盘
221,09:50:16,10.48,0.02,2,2096,买盘
222,09:50:22,10.5,0.02,353,370231,买盘
223,09:50:28,10.47,-0.03,26,27228,卖盘
224,09:50:31,10.47,0.0,24,25128,买盘
225,09:50:37,10.5,0.03,9,9447,买盘
226,09:50:39,10.5,0.0,5,5248,买盘
227,09:50:43,10.5,0.0,14,14679,买盘
228,09:50:46,10.5,0.0,79,82950,买盘
229,09:50:49,10.5,0.0,18,18900,买盘
230,09:50:52,10.5,0.0,94,98633,买盘
231,09:50:57,10.49,-0.01,20,20965,中性盘
232,09:51:04,10.5,0.01,6,6295,买盘
233,09:51:07,10.49,-0.01,14,14686,卖盘
234,09:51:10,10.5,0.01,9,9450,买盘
235,09:51:13,10.49,-0.01,3,3147,卖盘
236,09:51:16,10.51,0.02,272,285619,买盘
237,09:51:19,10.5,-0.01,19,19959,中性盘
238,09:51:22,10.51,0.01,13,13663,买盘
239,09:51:25,10.49,-0.02,53,55501,卖盘
240,09:51:31,10.53,0.04,61,64223,买盘
241,09:51:37,10.53,0.0,10,10535,卖盘
242,09:51:40,10.54,0.01,35,36877,买盘
243,09:51:43,10.53,-0.01,36,37921,卖盘
244,09:51:46,10.53,0.0,413,435364,卖盘
245,09:51:49,10.54,0.01,1,1054,中性盘
246,09:51:52,10.54,0.0,10,10540,卖盘
247,09:51:55,10.55,0.01,20,21100,买盘
248,09:51:58,10.56,0.01,50,52800,买盘
249,09:52:01,10.56,0.0,20,21118,买盘
250,09:52:04,10.57,0.01,12,12679,买盘
251,09:52:07,10.58,0.01,48,50713,买盘
252,09:52:10,10.55,-0.03,57,59963,卖盘
253,09:52:13,10.59,0.04,94,99498,买盘
254,09:52:15,10.57,-0.02,123,130117,卖盘
255,09:52:19,10.59,0.02,80,84762,买盘
256,09:52:22,10.6,0.01,66,69943,买盘
257,09:52:25,10.59,-0.01,22,23298,买盘
258,09:52:28,10.57,-0.02,44,46543,卖盘
259,09:52:31,10.58,0.01,42,44412,买盘
260,09:52:34,10.59,0.01,25,26472,买盘
261,09:52:37,10.59,0.0,20,21180,买盘
262,09:52:40,10.56,-0.03,56,59155,卖盘
263,09:52:43,10.56,0.0,23,24288,买盘
264,09:52:49,10.55,-0.01,24,25330,卖盘
265,09:52:52,10.56,0.01,11,11616,买盘
266,09:52:54,10.56,0.0,8,8456,卖盘
267,09:52:58,10.56,0.0,3,3168,卖盘
268,09:53:00,10.56,0.0,3,3168,卖盘
269,09:53:04,10.58,0.02,38,40196,买盘
270,09:53:07,10.57,-0.01,13,13741,买盘
271,09:53:12,10.57,0.0,32,33852,卖盘
272,09:53:16,10.57,0.0,79,83503,买盘
273,09:53:19,10.58,0.01,41,43355,买盘
274,09:53:22,10.56,-0.02,57,60245,卖盘
275,09:53:25,10.57,0.01,31,32737,买盘
276,09:53:27,10.57,0.0,60,63367,买盘
277,09:53:31,10.57,0.0,118,124706,买盘
278,09:53:34,10.55,-0.02,38,40155,卖盘
279,09:53:37,10.55,0.0,24,25320,卖盘
280,09:53:43,10.55,0.0,36,38191,卖盘
281,09:53:46,10.56,0.01,167,176209,买盘
282,09:53:49,10.57,0.01,21,21980,买盘
283,09:53:52,10.56,-0.01,8,8659,卖盘
284,09:53:55,10.57,0.01,17,17943,买盘
285,09:54:01,10.55,-0.02,20,21100,中性盘
286,09:54:04,10.56,0.01,45,47476,买盘
287,09:54:10,10.54,-0.02,1,1054,卖盘
288,09:54:12,10.54,0.0,10,10540,卖盘
289,09:54:16,10.54,0.0,8,8432,卖盘
290,09:54:22,10.54,0.0,4,4216,买盘
291,09:54:25,10.54,0.0,40,42160,买盘
292,09:54:27,10.54,0.0,120,126460,买盘
293,09:54:31,10.53,-0.01,14,14742,卖盘
294,09:54:34,10.54,0.01,176,185742,买盘
295,09:54:37,10.53,-0.01,69,72271,卖盘
296,09:54:40,10.53,0.0,36,37873,买盘
297,09:54:42,10.53,0.0,10,10530,买盘
298,09:54:52,10.52,-0.01,20,21040,卖盘
299,09:54:55,10.52,0.0,18,18936,卖盘
300,09:55:01,10.52,0.0,98,103011,买盘
301,09:55:04,10.52,0.0,3,3156,买盘
302,09:55:16,10.52,0.0,8,8414,买盘
303,09:55:19,10.5,-0.02,98,102969,卖盘
304,09:55:28,10.51,0.01,30,31539,中性盘
305,09:55:30,10.5,-0.01,4,4200,卖盘
306,09:55:37,10.5,0.0,62,65100,卖盘
307,09:55:46,10.51,0.01,22,23122,买盘
308,09:55:49,10.5,-0.01,50,52500,卖盘
309,09:55:51,10.51,0.01,42,44137,买盘
310,09:55:55,10.51,0.0,21,22071,买盘
311,09:55:58,10.5,-0.01,47,49350,卖盘
312,09:56:01,10.5,0.0,70,73500,卖盘
313,09:56:04,10.51,0.01,23,24173,买盘
314,09:56:07,10.51,0.0,28,29440,卖盘
315,09:56:10,10.51,0.0,40,42040,卖盘
316,09:56:13,10.52,0.01,28,29456,买盘
317,09:56:15,10.52,0.0,32,33635,买盘
318,09:56:31,10.51,-0.01,85,89394,卖盘
319,09:56:34,10.51,0.0,72,76352,卖盘
320,09:56:36,10.53,0.02,23,24219,买盘
321,09:56:43,10.53,0.0,20,21060,买盘
322,09:56:46,10.54,0.01,94,99000,买盘
323,09:56:52,10.52,-0.02,91,95747,卖盘
324,09:56:55,10.52,0.0,24,25248,卖盘
325,09:56:58,10.52,0.0,1,1052,买盘
326,09:57:00,10.54,0.02,28,29494,买盘
327,09:57:16,10.54,0.0,1,1054,买盘
328,09:57:19,10.53,-0.01,20,21067,卖盘
329,09:57:25,10.53,0.0,23,24229,卖盘
330,09:57:31,10.53,0.0,16,16848,买盘
331,09:57:37,10.54,0.01,13,13690,买盘
332,09:57:40,10.52,-0.02,50,52617,卖盘
333,09:57:43,10.52,0.0,27,28404,卖盘
334,09:57:45,10.52,0.0,31,32612,卖盘
335,09:57:52,10.51,-0.01,40,42040,卖盘
336,09:57:55,10.54,0.03,16,16846,买盘
337,09:58:01,10.51,-0.03,1,1051,卖盘
338,09:58:04,10.51,0.0,2,2102,卖盘
339,09:58:07,10.52,0.01,30,31560,买盘
340,09:58:12,10.54,0.02,1,1054,买盘
341,09:58:22,10.54,0.0,94,98988,买盘
342,09:58:28,10.52,-0.02,20,21040,卖盘
343,09:58:33,10.53,0.01,2,2106,卖盘
344,09:58:39,10.54,0.01,1,1054,买盘
345,09:58:43,10.53,-0.01,18,18954,卖盘
346,09:58:49,10.52,-0.01,5,5260,卖盘
347,09:58:51,10.54,0.02,263,277053,买盘
348,09:58:54,10.52,-0.02,3,3160,卖盘
349,09:59:04,10.52,0.0,33,34729,卖盘
350,09:59:06,10.54,0.02,5,5270,买盘
351,09:59:15,10.54,0.0,41,43176,买盘
352,09:59:25,10.53,-0.01,10,10530,卖盘
353,09:59:31,10.54,0.01,91,95914,买盘
354,09:59:43,10.54,0.0,2,2108,卖盘
355,09:59:46,10.54,0.0,15,15810,卖盘
356,09:59:52,10.55,0.01,274,288859,买盘
357,09:59:54,10.55,0.0,5,5275,卖盘
358,09:59:58,10.57,0.02,119,125721,买盘
359,10:00:01,10.57,0.0,20,21140,卖盘
360,10:00:04,10.56,-0.01,8,8448,买盘
361,10:00:07,10.58,0.02,3,3174,买盘
362,10:00:10,10.56,-0.02,36,38016,卖盘
363,10:00:13,10.57,0.01,24,25368,卖盘
364,10:00:16,10.58,0.01,10,10573,买盘
365,10:00:19,10.58,0.0,25,26450,买盘
366,10:00:21,10.58,0.0,36,38061,买盘
367,10:00:24,10.57,-0.01,2,2114,卖盘
368,10:00:31,10.58,0.01,21,22217,买盘
369,10:00:33,10.56,-0.02,10,10569,卖盘
370,10:00:37,10.57,0.01,26,27481,中性盘
371,10:00:40,10.58,0.01,9,9518,买盘
372,10:00:43,10.58,0.0,5,5290,买盘
373,10:00:54,10.58,0.0,15,15870,买盘
374,10:00:57,10.58,0.0,47,49726,买盘
375,10:01:01,10.57,-0.01,30,31718,卖盘
376,10:01:04,10.59,0.02,68,71800,买盘
377,10:01:06,10.59,0.0,120,127180,卖盘
378,10:01:10,10.6,0.01,21,22259,买盘
379,10:01:13,10.6,0.0,57,60420,买盘
380,10:01:15,10.6,0.0,101,107028,买盘
381,10:01:19,10.6,0.0,9,9540,买盘
382,10:01:27,10.61,0.01,5,5305,买盘
383,10:01:31,10.61,0.0,55,58355,买盘
384,10:01:34,10.61,0.0,11,11671,买盘
385,10:01:37,10.61,0.0,56,59403,买盘
386,10:01:40,10.61,0.0,19,20150,买盘
387,10:01:43,10.61,0.0,8,8488,买盘
388,10:01:46,10.61,0.0,20,21220,卖盘
389,10:01:49,10.6,-0.01,78,82715,卖盘
390,10:01:55,10.61,0.01,2,2123,卖盘
391,10:01:58,10.61,0.0,10,10610,卖盘
392,10:02:00,10.62,0.01,46,48817,买盘
393,10:02:04,10.62,0.0,73,77576,卖盘
394,10:02:07,10.62,0.0,68,72221,卖盘
395,10:02:13,10.63,0.01,124,131703,买盘
396,10:02:16,10.62,-0.01,95,101116,卖盘
397,10:02:19,10.63,0.01,9,9565,买盘
398,10:02:25,10.64,0.01,57,60588,买盘
399,10:02:28,10.62,-0.02,1,1062,卖盘
400,10:02:31,10.63,0.01,65,69045,买盘
401,10:02:34,10.63,0.0,10,10630,卖盘
402,10:02:37,10.62,-0.01,1,1062,卖盘
403,10:02:40,10.63,0.01,4,4251,买盘
404,10:02:43,10.63,0.0,8,8505,卖盘
405,10:02:45,10.63,0.0,1,1063,卖盘
406,10:02:49,10.62,-0.01,29,30812,卖盘
407,10:02:52,10.61,-0.01,3,3183,卖盘
408,10:02:55,10.62,0.01,16,16992,买盘
409,10:02:58,10.65,0.03,200,212774,买盘
410,10:03:01,10.61,-0.04,44,46684,卖盘
411,10:03:04,10.66,0.05,235,249941,买盘
412,10:03:06,10.62,-0.04,20,21240,卖盘
413,10:03:19,10.62,0.0,2,2124,卖盘
414,10:03:25,10.62,0.0,9,9561,卖盘
415,10:03:28,10.64,0.02,12,12742,买盘
416,10:03:37,10.62,-0.02,1,1062,买盘
417,10:03:39,10.62,0.0,2,2124,买盘
418,10:03:42,10.62,0.0,44,46728,买盘
419,10:03:46,10.63,0.01,19,20197,买盘
420,10:03:52,10.63,0.0,6,6378,卖盘
421,10:03:55,10.63,0.0,5,5315,买盘
422,10:03:58,10.63,0.0,25,26575,买盘
423,10:04:04,10.63,0.0,29,30827,买盘
424,10:04:07,10.62,-0.01,23,24430,卖盘
425,10:04:10,10.64,0.02,46,48927,买盘
426,10:04:13,10.64,0.0,74,78680,买盘
427,10:04:16,10.63,-0.01,10,10630,卖盘
428,10:04:19,10.63,0.0,40,42520,卖盘
429,10:04:25,10.62,-0.01,49,52052,卖盘
430,10:04:28,10.64,0.02,53,56379,买盘
431,10:04:31,10.64,0.0,7,7448,买盘
432,10:04:37,10.64,0.0,18,19152,卖盘
433,10:04:46,10.65,0.01,58,61728,买盘
434,10:04:49,10.64,-0.01,20,21280,中性盘
435,10:04:54,10.66,0.02,50,53273,买盘
436,10:05:04,10.66,0.0,63,67158,买盘
437,10:05:06,10.67,0.01,81,86321,买盘
438,10:05:10,10.65,-0.02,15,15977,中性盘
439,10:05:13,10.65,0.0,3,3195,买盘
440,10:05:19,10.67,0.02,50,53350,买盘
441,10:05:22,10.66,-0.01,2,2132,卖盘
442,10:05:24,10.64,-0.02,46,48966,卖盘
443,10:05:31,10.64,0.0,44,46816,买盘
444,10:05:34,10.67,0.03,144,153221,买盘
445,10:05:37,10.67,0.0,19,20273,卖盘
446,10:05:40,10.67,0.0,5,5335,卖盘
447,10:05:43,10.7,0.03,653,698421,买盘
448,10:05:46,10.7,0.0,19,20116,卖盘
449,10:05:48,10.7,0.0,5,5350,买盘
450,10:05:52,10.71,0.01,28,29957,买盘
451,10:05:55,10.71,0.0,13,13923,买盘
452,10:05:58,10.71,0.0,52,55855,买盘
453,10:06:01,10.71,0.0,22,23572,卖盘
454,10:06:04,10.72,0.01,19,20366,买盘
455,10:06:07,10.73,0.01,16,17168,买盘
456,10:06:12,10.73,0.0,72,77256,买盘
457,10:06:16,10.73,0.0,4,4292,卖盘
458,10:06:18,10.73,0.0,42,45066,卖盘
459,10:06:22,10.73,0.0,57,61263,卖盘
460,10:06:25,10.74,0.01,5,5368,中性盘
461,10:06:28,10.75,0.01,32,34399,买盘
462,10:06:31,10.75,0.0,85,91310,买盘
463,10:06:33,10.75,0.0,89,95675,买盘
464,10:06:36,10.75,0.0,3,3225,卖盘
465,10:06:40,10.75,0.0,110,118378,卖盘
466,10:06:46,10.77,0.02,14,15078,买盘
467,10:06:49,10.76,-0.01,12,12921,卖盘
468,10:06:51,10.77,0.01,32,34462,买盘
469,10:06:55,10.76,-0.01,10,10760,卖盘
470,10:06:58,10.76,0.0,55,59201,卖盘
471,10:07:01,10.77,0.01,32,34456,买盘
472,10:07:04,10.77,0.0,92,99084,卖盘
473,10:07:07,10.76,-0.01,58,62456,卖盘
474,10:07:13,10.77,0.01,91,98007,买盘
475,10:07:16,10.77,0.0,85,91512,买盘
476,10:07:19,10.77,0.0,74,79652,买盘
477,10:07:22,10.76,-0.01,82,88290,卖盘
478,10:07:25,10.76,0.0,129,138804,买盘
479,10:07:27,10.77,0.01,129,138933,卖盘
480,10:07:31,10.77,0.0,76,81852,卖盘
481,10:07:34,10.77,0.0,101,108777,买盘
482,10:07:36,10.77,0.0,95,102315,买盘
483,10:07:40,10.77,0.0,28,30136,买盘
484,10:07:46,10.76,-0.01,24,25811,买盘
485,10:07:49,10.75,-0.01,30,32250,卖盘
486,10:07:52,10.75,0.0,21,22585,卖盘
487,10:07:55,10.76,0.01,84,90324,买盘
488,10:08:01,10.74,-0.02,27,29000,卖盘
489,10:08:04,10.74,0.0,36,38695,卖盘
490,10:08:07,10.73,-0.01,48,51547,卖盘
491,10:08:10,10.75,0.02,184,197579,买盘
492,10:08:16,10.74,-0.01,48,51508,买盘
493,10:08:19,10.73,-0.01,29,31117,卖盘
494,10:08:28,10.72,-0.01,67,71915,卖盘
495,10:08:31,10.72,0.0,20,21440,卖盘
496,10:08:33,10.72,0.0,31,33232,卖盘
497,10:08:37,10.72,0.0,16,17154,卖盘
498,10:08:39,10.72,0.0,26,27872,卖盘
499,10:08:43,10.72,0.0,9,9648,卖盘
500,10:08:49,10.72,0.0,20,21440,买盘
501,10:08:52,10.71,-0.01,3,3213,卖盘
502,10:08:55,10.71,0.0,17,18207,卖盘
503,10:08:58,10.7,-0.01,4,4280,卖盘
504,10:09:03,10.7,0.0,5,5350,卖盘
505,10:09:07,10.7,0.0,31,33171,卖盘
506,10:09:10,10.7,0.0,5,5350,买盘
507,10:09:15,10.7,0.0,23,24610,买盘
508,10:09:18,10.7,0.0,52,55819,买盘
509,10:09:22,10.71,0.01,21,22481,买盘
510,10:09:28,10.72,0.01,10,10720,买盘
511,10:09:31,10.71,-0.01,20,21420,卖盘
512,10:09:33,10.71,0.0,42,45013,卖盘
513,10:09:40,10.71,0.0,42,44982,卖盘
514,10:09:43,10.71,0.0,8,8571,卖盘
515,10:09:46,10.71,0.0,6,6244,卖盘
516,10:09:55,10.7,-0.01,27,28890,卖盘
517,10:10:10,10.69,-0.01,3,3207,卖盘
518,10:10:13,10.69,0.0,7,7483,卖盘
519,10:10:19,10.7,0.01,13,13907,买盘
520,10:10:22,10.69,-0.01,14,14966,卖盘
521,10:10:34,10.68,-0.01,34,36312,卖盘
522,10:10:36,10.69,0.01,180,192390,买盘
523,10:10:39,10.69,0.0,40,42730,买盘
524,10:10:46,10.68,-0.01,42,44856,卖盘
525,10:10:49,10.68,0.0,19,20292,卖盘
526,10:10:52,10.68,0.0,10,10680,卖盘
527,10:10:55,10.68,0.0,3,3204,卖盘
528,10:10:58,10.69,0.01,123,131468,买盘
529,10:11:09,10.68,-0.01,32,34176,买盘
530,10:11:12,10.68,0.0,28,29904,买盘
531,10:11:18,10.68,0.0,40,42700,买盘
532,10:11:30,10.68,0.0,22,23496,卖盘
533,10:11:37,10.68,0.0,40,42750,卖盘
534,10:11:40,10.68,0.0,47,50201,卖盘
535,10:11:43,10.68,0.0,12,12816,买盘
536,10:11:46,10.67,-0.01,6,6402,卖盘
537,10:11:49,10.67,0.0,11,11738,卖盘
538,10:11:52,10.68,0.01,27,28836,买盘
539,10:11:55,10.67,-0.01,10,10670,卖盘
540,10:11:58,10.67,0.0,3,3201,卖盘
541,10:12:04,10.67,0.0,12,12804,卖盘
542,10:12:07,10.67,0.0,19,20273,卖盘
543,10:12:10,10.67,0.0,18,19206,卖盘
544,10:12:13,10.67,0.0,2,2134,卖盘
545,10:12:16,10.67,0.0,2,2134,买盘
546,10:12:18,10.65,-0.02,209,222645,卖盘
547,10:12:21,10.65,0.0,18,19170,卖盘
548,10:12:27,10.67,0.02,3,3197,买盘
549,10:12:37,10.64,-0.03,164,174496,卖盘
550,10:12:39,10.64,0.0,5,5320,卖盘
551,10:12:43,10.64,0.0,30,31920,卖盘
552,10:12:46,10.64,0.0,10,10640,卖盘
553,10:12:49,10.66,0.02,9,9594,买盘
554,10:12:52,10.63,-0.03,202,214808,卖盘
555,10:12:58,10.66,0.03,63,67093,买盘
556,10:13:01,10.63,-0.03,164,174335,卖盘
557,10:13:04,10.63,0.0,96,102068,卖盘
558,10:13:13,10.64,0.01,63,67032,卖盘
559,10:13:16,10.64,0.0,37,39368,卖盘
560,10:13:19,10.64,0.0,10,10640,买盘
561,10:13:22,10.63,-0.01,11,11693,卖盘
562,10:13:24,10.64,0.01,46,49157,买盘
563,10:13:34,10.64,0.0,74,78583,卖盘
564,10:13:37,10.63,-0.01,20,21260,卖盘
565,10:13:43,10.64,0.01,51,54264,买盘
566,10:13:52,10.63,-0.01,8,8504,卖盘
567,10:14:01,10.64,0.01,48,51067,买盘
568,10:14:10,10.64,0.0,13,13832,买盘
569,10:14:22,10.64,0.0,41,43624,买盘
570,10:14:24,10.63,-0.01,100,106300,卖盘
571,10:14:28,10.65,0.02,24,25542,买盘
572,10:14:40,10.65,0.0,127,135111,买盘
573,10:14:43,10.63,-0.02,40,42526,卖盘
574,10:14:46,10.63,0.0,19,20197,买盘
575,10:14:49,10.63,0.0,1,1063,买盘
576,10:14:51,10.63,0.0,9,9780,买盘
577,10:14:54,10.63,0.0,4,4252,卖盘
578,10:14:58,10.62,-0.01,100,106258,卖盘
579,10:15:01,10.64,0.02,1,1064,买盘
580,10:15:10,10.64,0.0,1,1064,买盘
581,10:15:13,10.63,-0.01,39,41457,卖盘
582,10:15:15,10.63,0.0,3,3189,买盘
583,10:15:18,10.63,0.0,5,5315,买盘
584,10:15:22,10.64,0.01,84,89323,买盘
585,10:15:24,10.63,-0.01,10,10630,买盘
586,10:15:37,10.64,0.01,9,9576,买盘
587,10:15:40,10.64,0.0,13,13832,买盘
588,10:15:43,10.64,0.0,5,5320,卖盘
589,10:15:55,10.65,0.01,1,1065,买盘
590,10:15:57,10.65,0.0,65,69225,买盘
591,10:16:00,10.65,0.0,1,1065,买盘
592,10:16:04,10.65,0.0,1,1065,买盘
593,10:16:07,10.65,0.0,9,9585,买盘
594,10:16:10,10.65,0.0,115,122861,买盘
595,10:16:13,10.65,0.0,2,2130,卖盘
596,10:16:16,10.65,0.0,3,3195,卖盘
597,10:16:18,10.65,0.0,6,5964,卖盘
598,10:16:22,10.65,0.0,30,31950,买盘
599,10:16:25,10.65,0.0,11,11715,买盘
600,10:16:28,10.66,0.01,93,99476,买盘
601,10:16:31,10.65,-0.01,3,3195,卖盘
602,10:16:34,10.64,-0.01,50,53213,卖盘
603,10:16:37,10.65,0.01,91,96915,买盘
604,10:16:45,10.65,0.0,10,10650,中性盘
605,10:16:49,10.65,0.0,8,8520,买盘
606,10:16:52,10.65,0.0,54,57510,买盘
607,10:16:55,10.65,0.0,30,31925,买盘
608,10:16:58,10.65,0.0,10,10650,买盘
609,10:17:01,10.64,-0.01,18,18726,卖盘
610,10:17:07,10.64,0.0,13,13832,买盘
611,10:17:13,10.64,0.0,10,10640,买盘
612,10:17:18,10.63,-0.01,69,73366,卖盘
613,10:17:22,10.63,0.0,22,23396,卖盘
614,10:17:25,10.63,0.0,10,10630,卖盘
615,10:17:31,10.64,0.01,5,5320,买盘
616,10:17:33,10.63,-0.01,99,105237,卖盘
617,10:17:40,10.62,-0.01,10,10620,卖盘
618,10:17:46,10.62,0.0,36,38232,卖盘
619,10:17:49,10.63,0.01,32,33986,买盘
620,10:17:52,10.62,-0.01,4,4248,中性盘
621,10:17:55,10.62,0.0,17,18054,卖盘
622,10:17:58,10.63,0.01,13,13819,买盘
623,10:18:01,10.62,-0.01,19,20178,卖盘
624,10:18:07,10.62,0.0,21,22302,买盘
625,10:18:10,10.62,0.0,38,40391,卖盘
626,10:18:13,10.63,0.01,20,21260,买盘
627,10:18:28,10.63,0.0,30,31890,买盘
628,10:18:52,10.63,0.0,24,25492,买盘
629,10:18:55,10.63,0.0,15,15945,卖盘
630,10:18:58,10.62,-0.01,20,21240,卖盘
631,10:19:06,10.63,0.01,10,10630,买盘
632,10:19:15,10.64,0.01,30,31902,买盘
633,10:19:28,10.64,0.0,4,4256,买盘
634,10:19:37,10.64,0.0,46,49370,买盘
635,10:19:43,10.65,0.01,24,25560,买盘
636,10:19:46,10.65,0.0,1,1065,买盘
637,10:19:49,10.65,0.0,16,17040,买盘
638,10:19:52,10.65,0.0,12,12780,卖盘
639,10:19:55,10.66,0.01,16,17046,买盘
640,10:20:07,10.65,-0.01,1,1065,卖盘
641,10:20:10,10.65,0.0,5,5325,买盘
642,10:20:13,10.64,-0.01,4,4256,卖盘
643,10:20:22,10.65,0.01,66,70290,买盘
644,10:20:37,10.64,-0.01,10,10640,卖盘
645,10:20:49,10.64,0.0,30,31920,卖盘
646,10:20:52,10.64,0.0,25,26174,卖盘
647,10:21:01,10.64,0.0,20,21280,卖盘
648,10:21:07,10.64,0.0,11,12130,买盘
649,10:21:18,10.64,0.0,2,1702,卖盘
650,10:21:28,10.63,-0.01,104,110556,卖盘
651,10:21:34,10.63,0.0,60,63810,卖盘
652,10:21:43,10.63,0.0,141,149883,卖盘
653,10:21:55,10.63,0.0,3,3189,卖盘
654,10:22:01,10.64,0.01,18,19152,买盘
655,10:22:07,10.64,0.0,39,41911,买盘
656,10:22:15,10.64,0.0,50,53200,卖盘
657,10:22:19,10.64,0.0,3,3192,卖盘
658,10:22:25,10.64,0.0,15,15960,卖盘
659,10:22:28,10.65,0.01,10,10650,买盘
660,10:22:34,10.64,-0.01,10,10640,卖盘
661,10:22:40,10.65,0.01,40,42600,买盘
662,10:22:42,10.65,0.0,100,106500,买盘
663,10:22:46,10.65,0.0,16,17040,买盘
664,10:22:55,10.65,0.0,12,12780,卖盘
665,10:22:58,10.65,0.0,5,5325,买盘
666,10:23:01,10.66,0.01,79,84171,买盘
667,10:23:04,10.65,-0.01,59,62890,卖盘
668,10:23:13,10.67,0.02,69,73623,买盘
669,10:23:16,10.68,0.01,30,32019,买盘
670,10:23:19,10.68,0.0,20,21360,买盘
671,10:23:22,10.68,0.0,46,49128,买盘
672,10:23:24,10.68,0.0,7,7476,买盘
673,10:23:28,10.69,0.01,31,33130,买盘
674,10:23:31,10.69,0.0,54,57726,买盘
675,10:23:39,10.69,0.0,3,2501,买盘
676,10:23:43,10.69,0.0,2,2138,卖盘
677,10:23:46,10.7,0.01,24,25675,买盘
678,10:23:49,10.69,-0.01,20,21380,卖盘
679,10:23:52,10.7,0.01,26,27820,买盘
680,10:24:01,10.69,0.0,1,1069,买盘
681,10:24:04,10.69,0.0,2,2138,买盘
682,10:24:10,10.69,0.0,20,21380,买盘
683,10:24:13,10.68,-0.01,20,21360,卖盘
684,10:24:19,10.68,0.0,25,26700,卖盘
685,10:24:21,10.69,0.01,6,6414,买盘
686,10:24:25,10.69,0.0,24,25640,买盘
687,10:24:28,10.69,0.0,14,14966,买盘
688,10:24:31,10.68,-0.01,5,5340,卖盘
689,10:24:42,10.68,0.0,10,10680,卖盘
690,10:24:58,10.68,0.0,6,6408,卖盘
691,10:25:04,10.68,0.0,1,1068,卖盘
692,10:25:06,10.68,0.0,20,21360,卖盘
693,10:25:12,10.68,0.0,48,51264,卖盘
694,10:25:16,10.69,0.01,10,10690,买盘
695,10:25:22,10.68,-0.01,6,6408,卖盘
696,10:25:24,10.68,0.0,17,18156,卖盘
697,10:25:27,10.68,0.0,161,171396,卖盘
698,10:25:31,10.68,0.0,7,8117,卖盘
699,10:25:37,10.68,0.0,248,264864,买盘
700,10:25:42,10.65,-0.03,57,60732,卖盘
701,10:26:10,10.65,0.0,8,8520,卖盘
702,10:26:13,10.66,0.01,5,5330,买盘
703,10:26:16,10.67,0.01,10,10665,买盘
704,10:26:19,10.66,-0.01,25,26650,买盘
705,10:26:25,10.66,0.0,4,4264,卖盘
706,10:26:28,10.66,0.0,3,3198,卖盘
707,10:26:31,10.67,0.01,73,77891,买盘
708,10:26:42,10.67,0.0,53,56541,买盘
709,10:26:48,10.66,-0.01,27,28782,卖盘
710,10:27:01,10.65,-0.01,13,13845,卖盘
711,10:27:04,10.65,0.0,29,30672,卖盘
712,10:27:06,10.66,0.01,40,42640,买盘
713,10:27:13,10.66,0.0,55,58630,买盘
714,10:27:16,10.68,0.02,260,277489,买盘
715,10:27:25,10.67,-0.01,20,21330,买盘
716,10:27:36,10.68,0.01,96,102478,买盘
717,10:27:46,10.68,0.0,169,180770,买盘
718,10:27:49,10.69,0.01,13,13897,买盘
719,10:27:52,10.69,0.0,13,13897,买盘
720,10:27:55,10.69,0.0,46,49174,买盘
721,10:27:57,10.69,0.0,8,8552,买盘
722,10:28:04,10.69,0.0,40,42760,买盘
723,10:28:07,10.69,0.0,101,107869,买盘
724,10:28:10,10.69,0.0,22,23518,买盘
725,10:28:16,10.69,0.0,10,10690,买盘
726,10:28:19,10.68,-0.01,5,5343,卖盘
727,10:28:25,10.7,0.02,334,356990,买盘
728,10:28:42,10.71,0.01,7,7497,买盘
729,10:28:46,10.71,0.0,18,19278,买盘
730,10:28:51,10.72,0.01,5,5358,买盘
731,10:28:55,10.7,-0.02,10,10700,卖盘
732,10:29:01,10.72,0.02,44,47168,买盘
733,10:29:04,10.72,0.0,21,22512,买盘
734,10:29:10,10.72,0.0,10,10720,买盘
735,10:29:13,10.73,0.01,99,106211,买盘
736,10:29:19,10.74,0.01,3,3222,买盘
737,10:29:22,10.74,0.0,2,2148,买盘
738,10:29:25,10.74,0.0,26,27924,买盘
739,10:29:27,10.75,0.01,169,181616,买盘
740,10:29:30,10.74,-0.01,11,11814,卖盘
741,10:29:37,10.75,0.01,98,105350,买盘
742,10:29:43,10.76,0.01,2,2152,买盘
743,10:29:46,10.76,0.0,20,21520,买盘
744,10:29:52,10.76,0.0,33,35508,买盘
745,10:29:57,10.76,0.0,91,97979,买盘
746,10:30:07,10.77,0.01,22,23231,买盘
747,10:30:10,10.78,0.01,209,225299,买盘
748,10:30:16,10.79,0.01,17,18343,买盘
749,10:30:18,10.78,-0.01,22,23733,卖盘
750,10:30:22,10.8,0.02,72,78552,买盘
751,10:30:24,10.8,0.0,20,21600,买盘
752,10:30:28,10.81,0.01,618,666802,买盘
753,10:30:31,10.8,-0.01,82,88613,卖盘
754,10:30:37,10.85,0.05,30,32532,买盘
755,10:30:40,10.83,-0.02,12,12996,卖盘
756,10:30:43,10.88,0.05,31,33691,买盘
757,10:30:48,10.88,0.0,15,16318,买盘
758,10:30:52,10.88,0.0,70,76160,买盘
759,10:30:54,10.89,0.01,89,97319,买盘
760,10:30:58,10.89,0.0,94,102354,买盘
761,10:31:01,10.9,0.01,147,160175,买盘
762,10:31:04,10.92,0.02,20,21827,买盘
763,10:31:07,10.9,-0.02,31,33800,卖盘
764,10:31:10,10.98,0.08,106,115952,买盘
765,10:31:13,10.98,0.0,117,127931,买盘
766,10:31:15,10.98,0.0,20,21960,买盘
767,10:31:18,11.0,0.02,101,110990,买盘
768,10:31:21,11.0,0.0,346,380585,买盘
769,10:31:24,10.99,-0.01,41,45099,卖盘
770,10:31:28,11.09,0.1,117,128805,买盘
771,10:31:31,11.05,-0.04,13,14365,卖盘
772,10:31:34,11.05,0.0,3,3319,卖盘
773,10:31:37,11.09,0.04,21,23282,买盘
774,10:31:40,11.07,-0.02,2,2214,卖盘
775,10:31:43,11.1,0.03,5,5549,买盘
776,10:31:46,11.1,0.0,109,120980,买盘
777,10:31:48,11.11,0.01,71,78858,买盘
778,10:31:52,11.12,0.01,121,134686,买盘
779,10:31:54,11.15,0.03,19,21167,中性盘
780,10:31:58,11.15,0.0,10,11157,卖盘
781,10:32:01,11.17,0.02,39,43563,买盘
782,10:32:04,11.19,0.02,11,11860,买盘
783,10:32:07,11.19,0.0,42,46999,买盘
784,10:32:10,11.2,0.01,93,104120,买盘
785,10:32:13,11.2,0.0,282,315663,买盘
786,10:32:16,11.21,0.01,84,94235,中性盘
787,10:32:19,11.23,0.02,24,26932,买盘
788,10:32:22,11.23,0.0,18,20204,买盘
789,10:32:24,11.25,0.02,51,57339,买盘
790,10:32:28,11.25,0.0,10,11242,买盘
791,10:32:31,11.25,0.0,101,113731,买盘
792,10:32:34,11.27,0.02,43,48461,买盘
793,10:32:37,11.27,0.0,7,7884,买盘
794,10:32:40,11.25,-0.02,342,384174,卖盘
795,10:32:43,11.2,-0.05,288,323809,卖盘
796,10:32:46,11.26,0.06,37,41620,买盘
797,10:32:49,11.2,-0.06,29,32480,中性盘
798,10:32:51,11.2,0.0,81,90743,买盘
799,10:32:55,11.2,0.0,27,30232,买盘
800,10:32:58,11.2,0.0,9,10080,买盘
801,10:33:01,11.19,-0.01,106,118479,卖盘
802,10:33:04,11.19,0.0,37,41398,买盘
803,10:33:07,11.17,-0.02,45,50302,卖盘
804,10:33:13,11.17,0.0,311,347418,卖盘
805,10:33:16,11.18,0.01,154,172491,买盘
806,10:33:19,11.16,-0.02,5,5580,卖盘
807,10:33:22,11.17,0.01,197,220033,买盘
808,10:33:25,11.15,-0.02,14,15612,卖盘
809,10:33:28,11.15,0.0,51,56865,卖盘
810,10:33:30,11.12,-0.03,5,5560,卖盘
811,10:33:34,11.11,-0.01,39,43366,卖盘
812,10:33:43,11.1,-0.01,15,16650,卖盘
813,10:33:46,11.11,0.01,79,87755,买盘
814,10:33:49,11.11,0.0,26,28868,卖盘
815,10:33:52,10.98,-0.13,105,115750,卖盘
816,10:33:55,11.1,0.12,10,11100,买盘
817,10:33:58,11.1,0.0,396,429871,买盘
818,10:34:07,10.98,-0.12,89,98270,卖盘
819,10:34:10,10.99,0.01,10,10981,买盘
820,10:34:13,10.99,0.0,19,21101,买盘
821,10:34:16,11.02,0.03,13,13887,买盘
822,10:34:19,11.08,0.06,45,49847,买盘
823,10:34:25,11.02,-0.06,28,30921,卖盘
824,10:34:27,11.02,0.0,59,65288,卖盘
825,10:34:31,11.02,0.0,25,27660,卖盘
826,10:34:34,11.02,0.0,27,29751,买盘
827,10:34:37,11.0,-0.02,21,23124,卖盘
828,10:34:40,11.02,0.02,21,23142,买盘
829,10:34:42,11.02,0.0,22,24242,买盘
830,10:34:45,11.01,-0.01,88,96919,卖盘
831,10:34:49,11.01,0.0,26,28626,卖盘
832,10:34:52,11.01,0.0,42,46268,卖盘
833,10:34:54,11.01,0.0,13,14323,卖盘
834,10:34:58,11.08,0.07,298,329486,买盘
835,10:35:00,11.01,-0.07,14,15461,卖盘
836,10:35:04,11.01,0.0,90,99020,卖盘
837,10:35:07,11.01,0.0,3,3303,买盘
838,10:35:10,11.02,0.01,19,20938,买盘
839,10:35:13,11.02,0.0,106,117438,买盘
840,10:35:16,11.03,0.01,5,5515,中性盘
841,10:35:22,11.07,0.04,6,6640,买盘
842,10:35:25,11.07,0.0,2,2214,卖盘
843,10:35:31,11.03,-0.04,41,45356,卖盘
844,10:35:34,11.07,0.04,11,12177,中性盘
845,10:35:37,11.08,0.01,16,17702,买盘
846,10:35:43,11.1,0.02,211,234093,买盘
847,10:35:46,11.04,-0.06,2,2208,卖盘
848,10:35:49,11.1,0.06,18,19980,买盘
849,10:35:55,11.1,0.0,133,147500,买盘
850,10:36:00,11.1,0.0,24,26625,买盘
851,10:36:04,11.1,0.0,60,66296,买盘
852,10:36:07,11.1,0.0,5,5550,买盘
853,10:36:10,11.05,-0.05,15,16575,卖盘
854,10:36:13,11.05,0.0,40,44206,卖盘
855,10:36:16,11.1,0.05,100,110936,买盘
856,10:36:19,11.07,-0.03,21,23247,卖盘
857,10:36:22,11.07,0.0,3,3322,卖盘
858,10:36:25,11.07,0.0,84,93121,卖盘
859,10:36:27,11.07,0.0,1,1107,卖盘
860,10:36:31,11.08,0.01,17,18826,买盘
861,10:36:34,11.07,-0.01,20,22140,卖盘
862,10:36:37,11.07,0.0,27,29889,卖盘
863,10:36:40,11.07,0.0,33,36531,卖盘
864,10:36:43,11.08,0.01,14,15504,买盘
865,10:36:45,11.07,-0.01,2,2214,买盘
866,10:36:49,11.05,-0.02,157,173499,卖盘
867,10:36:52,11.05,0.0,8,8845,卖盘
868,10:36:55,11.05,0.0,10,11050,买盘
869,10:37:01,11.05,0.0,87,96104,买盘
870,10:37:04,11.04,-0.01,16,17664,卖盘
871,10:37:07,11.04,0.0,25,27600,卖盘
872,10:37:12,11.04,0.0,2,2208,买盘
873,10:37:22,11.03,-0.01,81,89564,卖盘
874,10:37:25,11.03,0.0,39,42796,卖盘
875,10:37:28,11.03,0.0,26,28649,买盘
876,10:37:31,11.03,0.0,3,3309,买盘
877,10:37:33,11.01,-0.02,4,4404,卖盘
878,10:37:36,11.01,0.0,21,23121,卖盘
879,10:37:40,11.0,-0.01,109,119996,卖盘
880,10:37:43,10.99,-0.01,17,18683,卖盘
881,10:37:49,10.96,-0.03,22,24145,卖盘
882,10:37:52,10.98,0.02,8,8784,买盘
883,10:37:54,11.0,0.02,3,3300,买盘
884,10:37:58,10.99,-0.01,5,5495,中性盘
885,10:38:01,10.96,-0.03,271,297323,卖盘
886,10:38:07,10.97,0.01,5,5485,中性盘
887,10:38:10,10.98,0.01,10,10980,买盘
888,10:38:13,10.96,-0.02,53,58095,卖盘
889,10:38:16,10.96,0.0,61,66884,卖盘
890,10:38:19,10.91,-0.05,133,145490,卖盘
891,10:38:22,10.99,0.08,246,269224,买盘
892,10:38:24,10.99,0.0,120,131480,买盘
893,10:38:27,10.92,-0.07,11,12012,卖盘
894,10:38:34,10.92,0.0,20,21841,卖盘
895,10:38:43,10.92,0.0,23,25124,卖盘
896,10:38:49,10.92,0.0,105,114700,卖盘
897,10:38:52,10.93,0.01,9,9837,卖盘
898,10:38:54,10.92,-0.01,26,28392,卖盘
899,10:39:01,10.92,0.0,104,113668,卖盘
900,10:39:04,10.93,0.01,8,8739,中性盘
901,10:39:07,10.93,0.0,11,12015,买盘
902,10:39:10,10.94,0.01,7,7658,卖盘
903,10:39:13,10.94,0.0,3,3282,卖盘
904,10:39:15,10.93,-0.01,30,32798,卖盘
905,10:39:22,10.93,0.0,41,44823,卖盘
906,10:39:31,10.95,0.02,20,21900,买盘
907,10:39:36,10.95,0.0,5,5475,卖盘
908,10:39:39,10.95,0.0,20,21930,卖盘
909,10:39:43,10.98,0.03,2,2196,买盘
910,10:39:46,10.98,0.0,58,63205,买盘
911,10:39:49,10.95,-0.03,40,43817,卖盘
912,10:39:58,10.99,0.04,10,10990,买盘
913,10:40:04,10.98,-0.01,5,5490,卖盘
914,10:40:10,10.98,0.0,2,2196,买盘
915,10:40:12,10.98,0.0,15,16470,买盘
916,10:40:16,10.99,0.01,5,5492,买盘
917,10:40:22,10.96,-0.03,5,5480,卖盘
918,10:40:24,10.99,0.03,8,8792,买盘
919,10:40:34,10.99,0.0,33,36267,买盘
920,10:40:40,10.99,0.0,1,1099,买盘
921,10:40:43,10.99,0.0,20,22170,买盘
922,10:40:49,10.96,-0.03,15,16472,卖盘
923,10:41:04,10.99,0.03,150,164850,买盘
924,10:41:07,10.97,-0.02,32,35162,卖盘
925,10:41:10,10.97,0.0,93,102121,卖盘
926,10:41:13,10.97,0.0,7,7679,买盘
927,10:41:21,10.99,0.02,3,3297,卖盘
928,10:41:25,11.0,0.01,10,11000,买盘
929,10:41:28,11.01,0.01,21,23107,买盘
930,10:41:31,11.0,-0.01,9,9900,中性盘
931,10:41:37,11.01,0.01,1,1101,买盘
932,10:41:39,11.01,0.0,8,8805,买盘
933,10:41:43,10.99,-0.02,15,16501,卖盘
934,10:41:49,11.01,0.02,3,3303,买盘
935,10:41:52,11.02,0.01,15,16527,买盘
936,10:41:58,11.0,-0.02,10,11000,卖盘
937,10:42:01,11.02,0.02,15,16510,买盘
938,10:42:07,11.02,0.0,35,38494,买盘
939,10:42:19,11.0,-0.02,5,5500,买盘
940,10:42:24,10.98,-0.02,38,41732,卖盘
941,10:42:34,10.98,0.0,50,54900,卖盘
942,10:42:40,10.98,0.0,12,13156,买盘
943,10:42:49,10.98,0.0,31,33986,买盘
944,10:42:52,10.95,-0.03,25,27613,卖盘
945,10:42:58,10.94,-0.01,10,10940,卖盘
946,10:43:04,10.94,0.0,30,32817,买盘
947,10:43:06,10.94,0.0,6,6564,买盘
948,10:43:13,10.93,-0.01,3,3279,卖盘
949,10:43:16,10.93,0.0,7,7651,卖盘
950,10:43:19,10.92,-0.01,44,48048,卖盘
951,10:43:22,10.92,0.0,3,3276,卖盘
952,10:43:25,10.93,0.01,26,28418,买盘
953,10:43:31,10.93,0.0,6,6558,卖盘
954,10:43:33,10.93,0.0,5,5465,卖盘
955,10:43:40,10.93,0.0,30,32790,卖盘
956,10:43:49,10.93,0.0,18,19674,卖盘
957,10:43:54,10.93,0.0,18,19674,卖盘
958,10:43:58,10.94,0.01,4,4376,买盘
959,10:44:04,10.93,-0.01,6,6558,卖盘
960,10:44:13,10.94,0.01,40,43740,买盘
961,10:44:19,10.94,0.0,15,16410,卖盘
962,10:44:28,10.94,0.0,12,13128,卖盘
963,10:44:34,10.94,0.0,2,2188,卖盘
964,10:44:37,10.94,0.0,56,61287,卖盘
965,10:44:40,10.94,0.0,10,10942,卖盘
966,10:44:46,10.94,0.0,40,43760,买盘
967,10:44:52,10.93,-0.01,20,21861,卖盘
968,10:44:55,10.93,0.0,13,14209,卖盘
969,10:44:58,10.93,0.0,2,2186,卖盘
970,10:45:04,10.93,0.0,8,8744,买盘
971,10:45:07,10.92,-0.01,19,20748,卖盘
972,10:45:16,10.92,0.0,20,21840,卖盘
973,10:45:22,10.92,0.0,10,10920,卖盘
974,10:45:31,10.92,0.0,15,16390,卖盘
975,10:45:33,10.93,0.01,3,3279,买盘
976,10:45:36,10.92,-0.01,28,30599,卖盘
977,10:45:43,10.92,0.0,30,32760,卖盘
978,10:45:58,10.92,0.0,6,6552,卖盘
979,10:46:07,10.92,0.0,23,25116,卖盘
980,10:46:16,10.92,0.0,1,1092,卖盘
981,10:46:22,10.91,-0.01,21,22921,卖盘
982,10:46:25,10.92,0.01,3,3276,买盘
983,10:46:46,10.92,0.0,45,49103,买盘
984,10:46:51,10.92,0.0,5,5460,买盘
985,10:46:54,10.92,0.0,9,9828,买盘
986,10:46:58,10.91,-0.01,10,10910,卖盘
987,10:47:04,10.92,0.01,95,103665,买盘
988,10:47:07,10.91,-0.01,1,873,卖盘
989,10:47:13,10.91,0.0,35,38185,卖盘
990,10:47:16,10.92,0.01,21,22932,买盘
991,10:47:19,10.91,-0.01,3,3273,卖盘
992,10:47:21,10.9,-0.01,6,6541,卖盘
993,10:47:25,10.92,0.02,2,2184,买盘
994,10:47:27,10.92,0.0,2,2184,买盘
995,10:47:37,10.92,0.0,10,10912,买盘
996,10:47:40,10.92,0.0,10,10910,买盘
997,10:47:42,10.9,-0.02,36,39266,卖盘
998,10:47:55,10.9,0.0,10,10900,卖盘
999,10:48:07,10.9,0.0,54,58910,卖盘
1000,10:48:13,10.9,0.0,10,10900,卖盘
1001,10:48:16,10.91,0.01,9,9819,中性盘
1002,10:48:19,10.9,-0.01,54,58658,卖盘
1003,10:48:34,10.91,0.01,10,10910,卖盘
1004,10:48:37,10.93,0.02,73,79776,买盘
1005,10:48:46,10.95,0.02,87,95864,买盘
1006,10:49:07,10.96,0.01,2,2192,买盘
1007,10:49:13,10.96,0.0,3,3288,买盘
1008,10:49:19,10.96,0.0,4,4384,卖盘
1009,10:49:21,10.96,0.0,5,5480,卖盘
1010,10:49:25,10.98,0.02,160,175643,买盘
1011,10:49:31,10.96,-0.02,5,5480,卖盘
1012,10:49:37,10.97,0.01,11,12066,中性盘
1013,10:49:40,11.0,0.03,346,380569,买盘
1014,10:49:49,11.02,0.02,20,22040,买盘
1015,10:49:52,11.02,0.0,28,30856,买盘
1016,10:49:55,11.02,0.0,32,35264,买盘
1017,10:49:58,11.02,0.0,10,11020,卖盘
1018,10:50:00,11.03,0.01,1,1103,买盘
1019,10:50:06,11.03,0.0,3,3309,买盘
1020,10:50:09,11.0,-0.03,50,55072,卖盘
1021,10:50:13,11.03,0.03,25,27575,买盘
1022,10:50:24,11.04,0.01,93,102600,买盘
1023,10:50:28,11.03,-0.01,13,14339,卖盘
1024,10:50:31,11.03,0.0,1,662,卖盘
1025,10:50:34,11.03,0.0,28,31325,卖盘
1026,10:50:40,11.02,-0.01,12,13226,卖盘
1027,10:50:42,11.01,-0.01,2,2203,卖盘
1028,10:50:46,11.01,0.0,1,1101,卖盘
1029,10:50:55,11.0,-0.01,12,13200,卖盘
1030,10:51:07,11.0,0.0,5,5500,买盘
1031,10:51:19,11.0,0.0,10,11000,买盘
1032,10:51:34,10.97,-0.03,46,50462,卖盘
1033,10:51:36,10.97,0.0,1,1097,卖盘
1034,10:51:39,10.96,-0.01,9,9864,卖盘
1035,10:51:42,10.97,0.01,3,3291,买盘
1036,10:51:46,10.95,-0.02,10,10959,卖盘
1037,10:51:52,10.96,0.01,1,1096,买盘
1038,10:52:01,10.95,-0.01,20,21900,卖盘
1039,10:52:04,10.96,0.01,18,19728,买盘
1040,10:52:09,10.95,-0.01,6,6570,卖盘
1041,10:52:12,10.96,0.01,1,1096,买盘
1042,10:52:16,10.95,-0.01,3,3287,卖盘
1043,10:53:01,10.97,0.02,10,10970,买盘
1044,10:53:04,10.96,-0.01,2,2192,卖盘
1045,10:53:13,10.97,0.01,36,39492,买盘
1046,10:53:16,10.97,0.0,7,7679,买盘
1047,10:53:58,10.98,0.01,10,10980,卖盘
1048,10:54:07,10.99,0.01,71,78012,买盘
1049,10:54:19,10.99,0.0,25,27465,买盘
1050,10:54:25,11.0,0.01,501,551054,买盘
1051,10:54:28,10.98,-0.02,7,7686,卖盘
1052,10:54:31,10.98,0.0,3,3294,买盘
1053,10:54:46,10.98,0.0,10,10980,买盘
1054,10:54:55,10.99,0.01,2,2198,买盘
1055,10:54:58,10.98,-0.01,10,10987,卖盘
1056,10:55:00,11.0,0.02,5,5500,买盘
1057,10:55:22,11.0,0.0,19,20900,买盘
1058,10:55:28,10.98,-0.02,52,56657,卖盘
1059,10:55:34,11.0,0.02,17,18700,买盘
1060,10:55:37,10.98,-0.02,1,1098,卖盘
1061,10:55:46,10.98,0.0,51,56013,卖盘
1062,10:55:49,11.0,0.02,7,7700,买盘
1063,10:56:10,11.0,0.0,51,56009,买盘
1064,10:56:18,10.99,-0.01,10,10990,卖盘
1065,10:56:24,10.99,0.0,5,5495,买盘
1066,10:56:40,10.98,-0.01,20,21960,卖盘
1067,10:56:45,10.98,0.0,16,17568,卖盘
1068,10:56:49,10.99,0.01,27,29673,买盘
1069,10:57:10,10.99,0.0,20,21980,买盘
1070,10:57:16,10.99,0.0,3,3297,买盘
1071,10:57:22,10.98,-0.01,23,25693,卖盘
1072,10:57:33,10.97,-0.01,25,27171,卖盘
1073,10:57:43,10.98,0.01,8,8784,卖盘
1074,10:57:58,10.98,0.0,5,5490,买盘
1075,10:58:00,10.97,-0.01,70,76806,卖盘
1076,10:58:03,10.98,0.01,1,1098,买盘
1077,10:58:13,10.97,-0.01,20,21940,卖盘
1078,10:58:16,10.97,0.0,10,10970,卖盘
1079,10:58:19,10.98,0.01,4,4392,买盘
1080,10:58:22,10.97,-0.01,58,63900,卖盘
1081,10:58:46,10.96,-0.01,13,14248,卖盘
1082,10:58:48,10.97,0.01,100,109700,买盘
1083,10:59:13,10.96,-0.01,2,2192,卖盘
1084,10:59:22,10.96,0.0,18,19728,卖盘
1085,10:59:28,10.96,0.0,5,5480,卖盘
1086,10:59:34,10.96,0.0,3,3288,卖盘
1087,10:59:52,10.95,-0.01,9,9855,卖盘
1088,10:59:58,10.95,0.0,1,1095,卖盘
1089,11:00:04,10.95,0.0,20,21900,卖盘
1090,11:00:10,10.96,0.01,10,10960,买盘
1091,11:00:16,10.95,-0.01,19,20821,卖盘
1092,11:00:37,10.95,0.0,11,12045,卖盘
1093,11:00:46,10.95,0.0,1,1095,卖盘
1094,11:00:51,10.95,0.0,54,59130,卖盘
1095,11:00:54,10.94,-0.01,9,9851,卖盘
1096,11:01:00,10.94,0.0,50,54700,卖盘
1097,11:01:07,10.93,-0.01,94,102760,卖盘
1098,11:01:18,10.93,0.0,23,25139,卖盘
1099,11:01:22,10.93,0.0,21,22953,卖盘
1100,11:01:34,10.93,0.0,14,15302,卖盘
1101,11:01:37,10.93,0.0,10,10930,卖盘
1102,11:01:46,10.94,0.01,39,42647,买盘
1103,11:01:48,10.93,-0.01,64,69952,卖盘
1104,11:01:55,10.93,0.0,15,16395,买盘
1105,11:02:03,10.93,0.0,24,26232,买盘
1106,11:02:13,10.92,-0.01,10,10920,买盘
1107,11:02:16,10.91,-0.01,5,5455,卖盘
1108,11:02:22,10.91,0.0,1,1091,卖盘
1109,11:02:36,10.92,0.01,10,10920,买盘
1110,11:02:52,10.91,-0.01,51,55641,卖盘
1111,11:03:01,10.91,0.0,13,14183,卖盘
1112,11:03:06,10.91,0.0,58,63278,卖盘
1113,11:03:18,10.92,0.01,26,28392,买盘
1114,11:03:25,10.93,0.01,4,4372,买盘
1115,11:03:40,10.93,0.0,14,15302,卖盘
1116,11:03:42,10.93,0.0,5,5465,卖盘
1117,11:03:49,10.93,0.0,16,17488,买盘
1118,11:03:52,10.93,0.0,9,9837,买盘
1119,11:03:55,10.93,0.0,11,12023,卖盘
1120,11:04:15,10.93,0.0,7,7651,买盘
1121,11:04:19,10.93,0.0,3,3279,卖盘
1122,11:04:34,10.92,-0.01,5,5460,卖盘
1123,11:04:42,10.93,0.01,2,2186,买盘
1124,11:04:49,10.93,0.0,2,2186,买盘
1125,11:04:58,10.93,0.0,3,3279,买盘
1126,11:05:07,10.93,0.0,33,36069,买盘
1127,11:05:16,10.93,0.0,15,16395,卖盘
1128,11:05:21,10.93,0.0,8,8744,卖盘
1129,11:05:34,10.92,-0.01,10,10920,卖盘
1130,11:05:40,10.93,0.01,5,5465,买盘
1131,11:05:48,10.92,-0.01,10,10920,卖盘
1132,11:05:54,10.92,0.0,9,9828,卖盘
1133,11:06:04,10.92,0.0,50,54600,卖盘
1134,11:06:06,10.92,0.0,2,2184,卖盘
1135,11:06:28,10.92,0.0,10,10920,卖盘
1136,11:06:34,10.93,0.01,15,16390,买盘
1137,11:06:40,10.93,0.0,14,15290,买盘
1138,11:06:46,10.92,-0.01,19,20759,卖盘
1139,11:07:07,10.93,0.01,1,1093,卖盘
1140,11:07:13,10.93,0.0,4,4372,卖盘
1141,11:07:21,10.92,-0.01,1,1092,卖盘
1142,11:07:51,10.91,-0.01,125,136384,卖盘
1143,11:08:06,10.91,0.0,3,3273,买盘
1144,11:08:10,10.91,0.0,10,10910,买盘
1145,11:08:13,10.91,0.0,10,10910,卖盘
1146,11:08:28,10.91,0.0,2,2182,卖盘
1147,11:08:31,10.92,0.01,1,1092,买盘
1148,11:08:37,10.91,-0.01,5,5455,卖盘
1149,11:08:43,10.91,0.0,10,10910,卖盘
1150,11:08:48,10.91,0.0,3,3273,卖盘
1151,11:08:51,10.91,0.0,48,52368,买盘
1152,11:08:54,10.91,0.0,1,1091,卖盘
1153,11:09:10,10.91,0.0,5,5455,卖盘
1154,11:09:22,10.92,0.01,5,5460,买盘
1155,11:09:28,10.91,-0.01,68,74188,卖盘
1156,11:09:34,10.91,0.0,5,5455,卖盘
1157,11:09:40,10.92,0.01,1,1092,买盘
1158,11:09:58,10.91,-0.01,10,10910,卖盘
1159,11:10:10,10.91,0.0,33,36003,卖盘
1160,11:10:19,10.9,-0.01,2,2180,卖盘
1161,11:10:22,10.91,0.01,1,1091,买盘
1162,11:10:25,10.9,-0.01,25,27250,卖盘
1163,11:10:30,10.9,0.0,4,4360,卖盘
1164,11:10:37,10.91,0.01,42,45782,买盘
1165,11:10:40,10.9,-0.01,5,5450,卖盘
1166,11:10:49,10.9,0.0,186,202230,卖盘
1167,11:10:58,10.9,0.0,83,90437,卖盘
1168,11:11:25,10.88,-0.02,1,1088,卖盘
1169,11:11:28,10.88,0.0,2,2176,卖盘
1170,11:11:34,10.88,0.0,5,5440,卖盘
1171,11:11:52,10.9,0.02,4,4356,买盘
1172,11:12:10,10.86,-0.04,21,22822,卖盘
1173,11:12:36,10.86,0.0,18,19548,卖盘
1174,11:12:52,10.86,0.0,14,15204,卖盘
1175,11:12:58,10.86,0.0,10,10860,卖盘
1176,11:13:16,10.86,0.0,22,23892,卖盘
1177,11:13:25,10.85,-0.01,1,1085,卖盘
1178,11:13:28,10.85,0.0,2,2170,卖盘
1179,11:13:43,10.85,0.0,142,154120,卖盘
1180,11:13:49,10.83,-0.02,5,5415,卖盘
1181,11:14:04,10.83,0.0,8,8664,卖盘
1182,11:14:07,10.83,0.0,8,8664,买盘
1183,11:14:21,10.84,0.01,12,13008,买盘
1184,11:14:39,10.84,0.0,4,4336,买盘
1185,11:14:42,10.84,0.0,7,7588,买盘
1186,11:14:49,10.84,0.0,10,10840,买盘
1187,11:14:51,10.84,0.0,9,9756,买盘
1188,11:14:55,10.84,0.0,10,10840,买盘
1189,11:14:58,10.84,0.0,11,11924,买盘
1190,11:15:13,10.85,0.01,2,2170,买盘
1191,11:15:16,10.84,-0.01,4,4555,卖盘
1192,11:15:19,10.84,0.0,2,2168,卖盘
1193,11:15:22,10.84,0.0,51,55088,卖盘
1194,11:15:33,10.84,0.0,20,21897,买盘
1195,11:15:48,10.85,0.01,7,7589,买盘
1196,11:15:58,10.85,0.0,10,10850,买盘
1197,11:16:03,10.85,0.0,12,13020,买盘
1198,11:16:24,10.85,0.0,4,4339,买盘
1199,11:16:27,10.85,0.0,56,60709,买盘
1200,11:16:34,10.85,0.0,30,32550,买盘
1201,11:16:43,10.85,0.0,39,42280,买盘
1202,11:16:46,10.85,0.0,61,66185,买盘
1203,11:16:58,10.86,0.01,50,54300,买盘
1204,11:17:01,10.85,-0.01,9,9765,卖盘
1205,11:17:12,10.85,0.0,13,14105,买盘
1206,11:17:19,10.84,-0.01,15,16265,卖盘
1207,11:17:22,10.85,0.01,70,75950,买盘
1208,11:17:25,10.85,0.0,2,2170,买盘
1209,11:17:28,10.85,0.0,1,1085,买盘
1210,11:17:31,10.85,0.0,2,2170,买盘
1211,11:17:34,10.85,0.0,20,21700,买盘
1212,11:17:49,10.84,-0.01,3,3252,卖盘
1213,11:17:52,10.85,0.01,7,7595,买盘
1214,11:18:01,10.85,0.0,8,8680,买盘
1215,11:18:06,10.85,0.0,1,1085,卖盘
1216,11:18:22,10.85,0.0,1,1085,卖盘
1217,11:18:31,10.85,0.0,35,37975,卖盘
1218,11:18:34,10.85,0.0,4,4340,买盘
1219,11:18:39,10.84,-0.01,76,82384,卖盘
1220,11:18:55,10.84,0.0,21,22784,卖盘
1221,11:19:06,10.85,0.01,42,45538,买盘
1222,11:19:28,10.84,-0.01,62,67208,卖盘
1223,11:19:30,10.85,0.01,1,1085,买盘
1224,11:19:37,10.85,0.0,2,2170,买盘
1225,11:19:43,10.84,-0.01,24,26016,卖盘
1226,11:19:52,10.85,0.01,15,16275,买盘
1227,11:20:06,10.84,-0.01,48,52032,卖盘
1228,11:20:21,10.84,0.0,26,27967,卖盘
1229,11:20:36,10.84,0.0,15,16260,买盘
1230,11:20:43,10.84,0.0,131,141677,买盘
1231,11:20:54,10.84,0.0,10,10840,买盘
1232,11:21:13,10.83,-0.01,23,25126,卖盘
1233,11:21:16,10.82,-0.01,1,1082,卖盘
1234,11:21:19,10.82,0.0,5,5410,买盘
1235,11:21:22,10.81,-0.01,1,1081,卖盘
1236,11:21:40,10.82,0.01,54,58399,买盘
1237,11:21:46,10.8,-0.02,79,85320,卖盘
1238,11:21:57,10.77,-0.03,5,5385,卖盘
1239,11:22:15,10.78,0.01,1,1078,卖盘
1240,11:22:18,10.78,0.0,30,32340,买盘
1241,11:22:27,10.78,0.0,7,7546,买盘
1242,11:22:31,10.77,-0.01,42,45264,卖盘
1243,11:22:48,10.79,0.02,3,3237,买盘
1244,11:22:52,10.79,0.0,5,5395,买盘
1245,11:22:57,10.77,-0.02,57,61401,卖盘
1246,11:23:01,10.77,0.0,1,1077,买盘
1247,11:23:06,10.76,-0.01,20,21521,卖盘
1248,11:23:12,10.77,0.01,1,1077,卖盘
1249,11:23:27,10.76,-0.01,1,1076,卖盘
1250,11:23:30,10.77,0.01,10,10770,买盘
1251,11:23:36,10.77,0.0,20,21540,卖盘
1252,11:23:42,10.77,0.0,19,20463,卖盘
1253,11:23:45,10.78,0.01,3,3234,卖盘
1254,11:23:58,10.79,0.01,5,5395,买盘
1255,11:24:01,10.78,-0.01,5,5390,卖盘
1256,11:24:04,10.77,-0.01,20,21542,卖盘
1257,11:24:19,10.78,0.01,3,3234,卖盘
1258,11:24:25,10.78,0.0,2,2155,买盘
1259,11:24:37,10.77,-0.01,17,18955,卖盘
1260,11:24:40,10.77,0.0,5,5385,卖盘
1261,11:24:42,10.78,0.01,48,51744,买盘
1262,11:24:46,10.79,0.01,9,9711,买盘
1263,11:25:01,10.79,0.0,15,16185,买盘
1264,11:25:07,10.79,0.0,48,51792,买盘
1265,11:25:19,10.8,0.01,132,142560,买盘
1266,11:25:21,10.8,0.0,10,10800,买盘
1267,11:25:25,10.8,0.0,18,19440,买盘
1268,11:25:31,10.8,0.0,6,6480,买盘
1269,11:25:34,10.8,0.0,5,5400,买盘
1270,11:25:37,10.8,0.0,9,9720,买盘
1271,11:25:43,10.82,0.02,64,69248,买盘
1272,11:25:45,10.82,0.0,5,5410,卖盘
1273,11:25:57,10.83,0.01,5,5415,买盘
1274,11:26:01,10.83,0.0,1,1083,中性盘
1275,11:26:04,10.83,0.0,53,57399,买盘
1276,11:26:13,10.84,0.01,43,46588,买盘
1277,11:26:19,10.84,0.0,47,50948,买盘
1278,11:26:22,10.83,-0.01,1,1083,卖盘
1279,11:26:28,10.84,0.01,1,1084,买盘
1280,11:26:31,10.84,0.0,27,29268,买盘
1281,11:26:37,10.84,0.0,5,5420,买盘
1282,11:26:40,10.83,-0.01,18,19494,卖盘
1283,11:26:46,10.85,0.02,83,90034,买盘
1284,11:26:58,10.85,0.0,44,47740,买盘
1285,11:27:04,10.85,0.0,23,24955,买盘
1286,11:27:07,10.85,0.0,19,20615,买盘
1287,11:27:49,10.85,0.0,31,33635,买盘
1288,11:27:54,10.85,0.0,7,7595,买盘
1289,11:27:58,10.85,0.0,144,156172,买盘
1290,11:28:16,10.85,0.0,50,54033,买盘
1291,11:28:22,10.86,0.01,32,34752,买盘
1292,11:28:36,10.86,0.0,43,46481,买盘
1293,11:28:52,10.87,0.01,2,2174,买盘
1294,11:28:58,10.87,0.0,11,11957,买盘
1295,11:29:10,10.86,-0.01,40,43440,卖盘
1296,11:29:18,10.87,0.01,43,46741,买盘
1297,11:29:24,10.87,0.0,1,1087,卖盘
1298,11:29:31,10.87,0.0,14,15218,卖盘
1299,11:29:36,10.87,0.0,5,5435,卖盘
1300,11:29:45,10.87,0.0,23,25001,卖盘
1301,11:29:54,10.88,0.01,27,29376,买盘
1302,13:00:05,10.9,0.02,200,217569,买盘
1303,13:00:07,10.9,0.0,51,55543,买盘
1304,13:00:13,10.9,0.0,5,5444,买盘
1305,13:00:27,10.9,0.0,56,61040,买盘
1306,13:00:33,10.9,0.0,2,2180,买盘
1307,13:00:57,10.9,0.0,20,21800,买盘
1308,13:01:04,10.9,0.0,1,1090,买盘
1309,13:01:07,10.89,-0.01,5,5445,卖盘
1310,13:01:13,10.89,0.0,5,5445,买盘
1311,13:01:18,10.89,0.0,1,1089,卖盘
1312,13:01:30,10.88,-0.01,10,10880,卖盘
1313,13:01:39,10.88,0.0,197,214336,卖盘
1314,13:01:42,10.88,0.0,4,4352,买盘
1315,13:01:45,10.88,0.0,24,26112,买盘
1316,13:02:07,10.88,0.0,2,2175,买盘
1317,13:02:16,10.87,-0.01,10,10870,卖盘
1318,13:02:19,10.87,0.0,28,30436,卖盘
1319,13:02:22,10.87,0.0,15,16522,买盘
1320,13:02:37,10.85,-0.02,54,58590,卖盘
1321,13:03:13,10.85,0.0,7,7595,买盘
1322,13:03:16,10.83,-0.02,1,1083,卖盘
1323,13:03:27,10.83,0.0,12,12996,卖盘
1324,13:03:42,10.82,-0.01,21,22722,卖盘
1325,13:03:51,10.81,-0.01,20,21620,卖盘
1326,13:04:04,10.81,0.0,20,21620,卖盘
1327,13:04:10,10.81,0.0,10,10810,卖盘
1328,13:04:24,10.8,-0.01,10,10800,卖盘
1329,13:04:40,10.8,0.0,10,10800,卖盘
1330,13:05:10,10.8,0.0,20,21600,卖盘
1331,13:05:16,10.8,0.0,10,10800,卖盘
1332,13:05:18,10.8,0.0,5,5400,卖盘
1333,13:05:27,10.81,0.01,15,16205,买盘
1334,13:05:37,10.8,-0.01,16,17280,卖盘
1335,13:05:40,10.8,0.0,1,1080,买盘
1336,13:05:43,10.8,0.0,1,1080,买盘
1337,13:05:46,10.8,0.0,19,20520,买盘
1338,13:05:52,10.8,0.0,7,7560,买盘
1339,13:05:55,10.8,0.0,42,45360,买盘
1340,13:06:04,10.79,-0.01,51,55029,卖盘
1341,13:06:10,10.8,0.01,2,2160,买盘
1342,13:06:18,10.8,0.0,3,3240,买盘
1343,13:06:24,10.79,-0.01,12,12948,卖盘
1344,13:06:33,10.79,0.0,23,24817,卖盘
1345,13:06:36,10.8,0.01,7,7344,买盘
1346,13:06:45,10.8,0.0,14,15336,卖盘
1347,13:06:55,10.81,0.01,11,11885,买盘
1348,13:06:58,10.8,-0.01,3,3240,中性盘
1349,13:07:00,10.8,0.0,5,5616,卖盘
1350,13:07:18,10.79,-0.01,24,25468,卖盘
1351,13:07:24,10.81,0.02,1,1081,买盘
1352,13:07:31,10.8,-0.01,10,10800,卖盘
1353,13:07:34,10.8,0.0,7,7565,卖盘
1354,13:07:51,10.81,0.01,67,72427,买盘
1355,13:07:57,10.81,0.0,6,6486,买盘
1356,13:08:04,10.81,0.0,20,21620,买盘
1357,13:08:07,10.81,0.0,31,33078,买盘
1358,13:08:33,10.82,0.01,30,32460,买盘
1359,13:08:39,10.83,0.01,7,7581,买盘
1360,13:08:42,10.82,-0.01,2,2164,卖盘
1361,13:08:46,10.83,0.01,21,22743,买盘
1362,13:09:04,10.85,0.02,20,21700,买盘
1363,13:09:16,10.85,0.0,1,1085,买盘
1364,13:09:21,10.85,0.0,6,6510,买盘
1365,13:09:27,10.86,0.01,35,38647,买盘
1366,13:09:31,10.87,0.01,3,3261,卖盘
1367,13:09:43,10.87,0.0,10,10870,卖盘
1368,13:10:01,10.88,0.01,10,10880,买盘
1369,13:10:04,10.88,0.0,14,15232,买盘
1370,13:10:07,10.87,-0.01,1,1087,卖盘
1371,13:10:13,10.87,0.0,4,3696,卖盘
1372,13:10:19,10.88,0.01,25,27190,买盘
1373,13:10:46,10.84,-0.04,10,10840,卖盘
1374,13:10:48,10.84,0.0,3,3252,买盘
1375,13:11:01,10.84,0.0,2,2168,买盘
1376,13:11:07,10.84,0.0,50,54200,买盘
1377,13:11:13,10.84,0.0,50,54200,买盘
1378,13:11:30,10.82,-0.02,20,21659,卖盘
1379,13:11:42,10.82,0.0,5,5410,卖盘
1380,13:11:49,10.83,0.01,8,8659,买盘
1381,13:11:52,10.82,-0.01,5,5410,中性盘
1382,13:12:04,10.83,0.01,5,5415,买盘
1383,13:12:10,10.82,-0.01,1,1082,卖盘
1384,13:12:36,10.83,0.01,8,8664,买盘
1385,13:12:52,10.82,-0.01,30,32480,卖盘
1386,13:12:54,10.82,0.0,28,30304,卖盘
1387,13:13:19,10.83,0.01,1,1083,买盘
1388,13:13:22,10.82,-0.01,1,1082,卖盘
1389,13:13:31,10.82,0.0,8,8656,卖盘
1390,13:14:04,10.82,0.0,1,1082,卖盘
1391,13:14:10,10.83,0.01,5,5415,买盘
1392,13:14:12,10.82,-0.01,10,10820,卖盘
1393,13:14:18,10.82,0.0,46,49782,卖盘
1394,13:14:33,10.82,0.0,20,21640,卖盘
1395,13:14:36,10.82,0.0,50,54100,卖盘
1396,13:14:40,10.82,0.0,2,2164,卖盘
1397,13:15:06,10.82,0.0,1,1082,卖盘
1398,13:15:21,10.82,0.0,20,21640,卖盘
1399,13:15:46,10.82,0.0,33,35706,卖盘
1400,13:15:58,10.82,0.0,3,3246,买盘
1401,13:16:16,10.8,-0.02,102,110167,卖盘
1402,13:16:27,10.78,-0.02,75,80957,卖盘
1403,13:16:58,10.8,0.02,20,21600,买盘
1404,13:17:00,10.8,0.0,60,64800,卖盘
1405,13:17:04,10.79,-0.01,2,2158,卖盘
1406,13:17:10,10.79,0.0,1,1079,卖盘
1407,13:17:16,10.81,0.02,15,16215,买盘
1408,13:17:30,10.81,0.0,22,23782,卖盘
1409,13:17:45,10.8,-0.01,20,21600,卖盘
1410,13:17:54,10.8,0.0,4,4320,卖盘
1411,13:17:57,10.81,0.01,6,6486,买盘
1412,13:18:00,10.8,-0.01,36,38880,卖盘
1413,13:18:25,10.79,-0.01,20,21580,卖盘
1414,13:18:30,10.79,0.0,97,104663,卖盘
1415,13:18:51,10.78,-0.01,23,24794,卖盘
1416,13:18:54,10.79,0.01,50,53950,买盘
1417,13:18:57,10.78,-0.01,13,14014,卖盘
1418,13:19:07,10.78,0.0,3,3234,卖盘
1419,13:19:18,10.78,0.0,1,1509,卖盘
1420,13:19:33,10.77,-0.01,15,16155,卖盘
1421,13:19:36,10.78,0.01,1,1078,买盘
1422,13:19:52,10.78,0.0,59,63550,买盘
1423,13:20:10,10.76,-0.02,1,1076,卖盘
1424,13:20:21,10.76,0.0,10,10760,卖盘
1425,13:20:39,10.76,0.0,84,90429,卖盘
1426,13:21:07,10.76,0.0,1,1076,卖盘
1427,13:21:28,10.77,0.01,10,10770,买盘
1428,13:21:40,10.77,0.0,5,5385,买盘
1429,13:21:49,10.77,0.0,16,16801,买盘
1430,13:21:52,10.77,0.0,3,3231,卖盘
1431,13:22:04,10.77,0.0,8,9047,卖盘
1432,13:22:13,10.77,0.0,2,2154,买盘
1433,13:22:16,10.77,0.0,17,18309,卖盘
1434,13:22:25,10.76,-0.01,30,32285,卖盘
1435,13:22:39,10.78,0.02,23,24794,买盘
1436,13:22:42,10.75,-0.03,70,75277,卖盘
1437,13:23:04,10.75,0.0,50,53770,卖盘
1438,13:23:06,10.75,0.0,1,1075,卖盘
1439,13:23:16,10.77,0.02,10,10770,买盘
1440,13:23:22,10.77,0.0,5,5385,买盘
1441,13:23:24,10.75,-0.02,2,2150,卖盘
1442,13:23:34,10.77,0.02,10,10770,买盘
1443,13:23:36,10.76,-0.01,2,2152,卖盘
1444,13:23:40,10.76,0.0,50,53800,卖盘
1445,13:23:45,10.77,0.01,10,10770,买盘
1446,13:24:04,10.76,-0.01,16,17216,卖盘
1447,13:24:24,10.76,0.0,10,10760,买盘
1448,13:24:37,10.76,0.0,20,21520,卖盘
1449,13:24:40,10.77,0.01,3,3229,买盘
1450,13:24:46,10.77,0.0,1,1077,买盘
1451,13:24:52,10.76,-0.01,5,5380,卖盘
1452,13:24:54,10.77,0.01,7,7539,买盘
1453,13:25:00,10.76,-0.01,3,3228,卖盘
1454,13:25:09,10.76,0.0,1,1076,卖盘
1455,13:25:22,10.76,0.0,8,8608,卖盘
1456,13:25:28,10.75,-0.01,20,21500,卖盘
1457,13:25:43,10.76,0.01,56,60256,买盘
1458,13:25:52,10.76,0.0,1,1076,买盘
1459,13:25:58,10.74,-0.02,50,53719,卖盘
1460,13:26:04,10.76,0.02,5,5380,买盘
1461,13:26:13,10.75,-0.01,35,37625,买盘
1462,13:26:42,10.75,0.0,4,4300,卖盘
1463,13:26:48,10.76,0.01,8,8607,买盘
1464,13:26:55,10.73,-0.03,66,70848,卖盘
1465,13:27:04,10.76,0.03,77,82852,买盘
1466,13:27:07,10.76,0.0,6,6456,卖盘
1467,13:27:15,10.79,0.03,66,71131,买盘
1468,13:27:18,10.77,-0.02,50,53850,中性盘
1469,13:27:34,10.77,0.0,1,1077,卖盘
1470,13:27:42,10.77,0.0,20,21540,卖盘
1471,13:27:46,10.77,0.0,10,10770,卖盘
1472,13:27:52,10.79,0.02,2,2158,买盘
1473,13:27:55,10.77,-0.02,17,18309,卖盘
1474,13:28:12,10.76,-0.01,10,10760,中性盘
1475,13:28:22,10.77,0.01,3,3231,买盘
1476,13:28:43,10.78,0.01,10,10780,买盘
1477,13:28:49,10.76,-0.02,27,29059,卖盘
1478,13:28:51,10.77,0.01,1,1077,买盘
1479,13:28:54,10.77,0.0,2,2154,买盘
1480,13:29:04,10.77,0.0,9,9693,买盘
1481,13:29:10,10.76,-0.01,1,1076,卖盘
1482,13:29:13,10.76,0.0,50,53800,卖盘
1483,13:29:33,10.77,0.01,10,10770,买盘
1484,13:29:48,10.77,0.0,5,5385,买盘
1485,13:29:51,10.77,0.0,7,7539,买盘
1486,13:30:10,10.77,0.0,1,1077,卖盘
1487,13:30:25,10.78,0.01,52,56048,买盘
1488,13:30:37,10.77,-0.01,9,9697,卖盘
1489,13:30:40,10.77,0.0,1,1077,买盘
1490,13:30:49,10.78,0.01,14,15081,买盘
1491,13:31:16,10.78,0.0,30,32340,卖盘
1492,13:31:19,10.78,0.0,30,32340,卖盘
1493,13:31:31,10.79,0.01,20,21580,买盘
1494,13:31:36,10.79,0.0,6,6474,买盘
1495,13:31:40,10.79,0.0,30,32370,买盘
1496,13:31:49,10.79,0.0,48,51792,买盘
1497,13:31:54,10.79,0.0,29,31291,买盘
1498,13:32:06,10.79,0.0,6,6473,买盘
1499,13:32:12,10.79,0.0,12,12948,买盘
1500,13:32:27,10.8,0.01,50,54000,买盘
1501,13:32:37,10.8,0.0,10,10800,买盘
1502,13:32:40,10.8,0.0,5,5400,买盘
1503,13:32:55,10.8,0.0,10,10800,买盘
1504,13:33:28,10.8,0.0,3,3240,卖盘
1505,13:33:40,10.8,0.0,20,21600,卖盘
1506,13:33:42,10.81,0.01,2,2162,买盘
1507,13:33:49,10.8,-0.01,9,9288,卖盘
1508,13:34:07,10.8,0.0,1,1080,卖盘
1509,13:34:19,10.81,0.01,20,21620,买盘
1510,13:34:40,10.82,0.01,52,56223,买盘
1511,13:34:49,10.8,-0.02,20,21600,卖盘
1512,13:35:01,10.81,0.01,27,29187,买盘
1513,13:35:10,10.8,-0.01,5,5400,卖盘
1514,13:35:13,10.81,0.01,1,1081,买盘
1515,13:35:16,10.81,0.0,20,21620,买盘
1516,13:35:18,10.81,0.0,2,2162,买盘
1517,13:35:27,10.81,0.0,2,2162,卖盘
1518,13:35:31,10.81,0.0,8,8648,卖盘
1519,13:35:54,10.8,-0.01,41,44280,卖盘
1520,13:36:04,10.8,0.0,5,5400,卖盘
1521,13:36:06,10.8,0.0,20,21600,卖盘
1522,13:36:09,10.8,0.0,1,1080,卖盘
1523,13:36:12,10.8,0.0,4,4320,卖盘
1524,13:36:19,10.81,0.01,7,7567,买盘
1525,13:36:25,10.8,-0.01,7,7560,卖盘
1526,13:36:30,10.8,0.0,10,10800,卖盘
1527,13:36:40,10.8,0.0,11,11890,卖盘
1528,13:36:49,10.78,-0.02,80,86295,卖盘
1529,13:37:25,10.78,0.0,120,129360,卖盘
1530,13:37:37,10.8,0.02,22,23760,买盘
1531,13:38:04,10.79,-0.01,2,2158,卖盘
1532,13:38:06,10.8,0.01,32,34560,买盘
1533,13:38:10,10.79,-0.01,1,1079,卖盘
1534,13:38:28,10.79,0.0,5,5395,卖盘
1535,13:38:36,10.8,0.01,1,1080,买盘
1536,13:38:40,10.79,-0.01,17,18343,卖盘
1537,13:38:49,10.78,-0.01,269,289982,卖盘
1538,13:39:01,10.78,0.0,4,4312,卖盘
1539,13:39:04,10.78,0.0,262,282867,卖盘
1540,13:39:13,10.76,-0.02,22,23672,卖盘
1541,13:39:27,10.75,-0.01,10,10750,卖盘
1542,13:39:39,10.73,-0.02,10,10730,卖盘
1543,13:39:49,10.73,0.0,28,30044,卖盘
1544,13:39:55,10.73,0.0,10,10730,卖盘
1545,13:39:58,10.71,-0.02,145,155377,卖盘
1546,13:40:07,10.72,0.01,1,1072,卖盘
1547,13:40:22,10.72,0.0,5,5360,卖盘
1548,13:40:40,10.72,0.0,2,2144,卖盘
1549,13:40:49,10.73,0.01,10,10730,买盘
1550,13:41:00,10.72,-0.01,22,23586,卖盘
1551,13:41:04,10.72,0.0,26,27872,卖盘
1552,13:41:07,10.72,0.0,3,3216,买盘
1553,13:41:10,10.72,0.0,59,62819,买盘
1554,13:41:22,10.73,0.01,10,10730,买盘
1555,13:41:25,10.73,0.0,10,10730,买盘
1556,13:41:27,10.73,0.0,10,10740,卖盘
1557,13:41:42,10.73,0.0,100,107300,卖盘
1558,13:41:55,10.73,0.0,10,10730,卖盘
1559,13:42:04,10.73,0.0,15,16095,卖盘
1560,13:42:07,10.73,0.0,4,4292,买盘
1561,13:42:22,10.72,-0.01,42,45024,卖盘
1562,13:42:31,10.72,0.0,15,16509,卖盘
1563,13:42:43,10.72,0.0,91,97552,买盘
1564,13:42:45,10.71,-0.01,10,10710,卖盘
1565,13:42:52,10.71,0.0,16,17136,卖盘
1566,13:42:58,10.72,0.01,2,2144,买盘
1567,13:43:00,10.71,-0.01,63,67473,卖盘
1568,13:43:04,10.72,0.01,91,97512,买盘
1569,13:43:24,10.71,-0.01,7,7497,卖盘
1570,13:43:34,10.7,-0.01,110,117710,卖盘
1571,13:43:49,10.69,-0.01,61,65245,卖盘
1572,13:44:06,10.68,-0.01,66,70817,卖盘
1573,13:44:12,10.69,0.01,2,2138,买盘
1574,13:44:15,10.68,-0.01,12,12816,卖盘
1575,13:44:19,10.68,0.0,1,1068,买盘
1576,13:44:40,10.68,0.0,28,29904,买盘
1577,13:44:49,10.68,0.0,3,3204,买盘
1578,13:44:52,10.68,0.0,16,17088,买盘
1579,13:44:55,10.67,-0.01,100,106700,卖盘
1580,13:44:58,10.68,0.01,30,32040,买盘
1581,13:45:01,10.67,-0.01,1,1067,卖盘
1582,13:45:04,10.68,0.01,35,37380,买盘
1583,13:45:06,10.67,-0.01,1,1067,卖盘
1584,13:45:12,10.67,0.0,5,5335,卖盘
1585,13:45:16,10.67,0.0,26,27752,卖盘
1586,13:45:49,10.66,-0.01,104,110915,卖盘
1587,13:45:57,10.66,0.0,47,50102,买盘
1588,13:46:07,10.67,0.01,10,10670,买盘
1589,13:46:10,10.65,-0.02,100,106507,卖盘
1590,13:46:31,10.67,0.02,30,32010,买盘
1591,13:46:34,10.66,-0.01,7,7462,卖盘
1592,13:46:40,10.65,-0.01,36,38340,卖盘
1593,13:46:43,10.65,0.0,19,20237,卖盘
1594,13:46:45,10.66,0.01,10,10660,买盘
1595,13:46:51,10.65,-0.01,3,3195,卖盘
1596,13:46:54,10.65,0.0,9,9585,买盘
1597,13:47:01,10.65,0.0,1,1065,买盘
1598,13:47:04,10.65,0.0,12,12780,买盘
1599,13:47:07,10.64,-0.01,69,73448,卖盘
1600,13:47:16,10.64,0.0,6,6384,买盘
1601,13:47:21,10.63,-0.01,20,21260,卖盘
1602,13:47:24,10.63,0.0,22,23386,卖盘
1603,13:47:27,10.64,0.01,1,1064,买盘
1604,13:47:31,10.64,0.0,10,10640,买盘
1605,13:47:34,10.64,0.0,4,4256,买盘
1606,13:47:40,10.64,0.0,2,2128,买盘
1607,13:47:46,10.64,0.0,24,25536,买盘
1608,13:47:49,10.63,-0.01,19,20197,卖盘
1609,13:47:51,10.63,0.0,2,2126,买盘
1610,13:48:04,10.63,0.0,3,3189,买盘
1611,13:48:07,10.62,-0.01,4,3398,卖盘
1612,13:48:10,10.63,0.01,5,5315,买盘
1613,13:48:13,10.63,0.0,15,15945,买盘
1614,13:48:15,10.63,0.0,47,49951,买盘
1615,13:48:21,10.64,0.01,5,5320,买盘
1616,13:48:24,10.63,-0.01,20,21260,卖盘
1617,13:48:31,10.63,0.0,11,11693,卖盘
1618,13:48:37,10.63,0.0,5,5315,买盘
1619,13:48:43,10.63,0.0,13,13819,买盘
1620,13:48:49,10.63,0.0,29,30827,买盘
1621,13:48:55,10.63,0.0,20,21260,买盘
1622,13:48:58,10.63,0.0,23,25087,买盘
1623,13:49:07,10.63,0.0,1,1063,卖盘
1624,13:49:19,10.62,-0.01,144,152984,卖盘
1625,13:49:36,10.65,0.03,9,9585,买盘
1626,13:49:46,10.67,0.02,5,5332,买盘
1627,13:49:49,10.67,0.0,2,2134,卖盘
1628,13:50:07,10.68,0.01,3,3204,买盘
1629,13:50:28,10.68,0.0,17,18156,买盘
1630,13:50:31,10.67,-0.01,5,5335,卖盘
1631,13:50:34,10.68,0.01,20,21360,买盘
1632,13:50:45,10.68,0.0,20,21146,买盘
1633,13:50:54,10.69,0.01,7,7483,买盘
1634,13:50:57,10.7,0.01,146,156180,买盘
1635,13:51:06,10.69,-0.01,1,1069,卖盘
1636,13:51:13,10.7,0.01,19,20315,买盘
1637,13:51:21,10.7,0.0,18,19260,买盘
1638,13:51:31,10.7,0.0,5,5350,买盘
1639,13:51:40,10.69,-0.01,28,29932,卖盘
1640,13:51:43,10.7,0.01,10,10700,买盘
1641,13:51:46,10.7,0.0,9,9630,买盘
1642,13:51:52,10.7,0.0,10,10700,买盘
1643,13:51:54,10.7,0.0,5,5350,买盘
1644,13:51:57,10.7,0.0,10,10700,买盘
1645,13:52:01,10.69,-0.01,13,13897,卖盘
1646,13:52:07,10.7,0.01,25,26750,买盘
1647,13:52:24,10.69,-0.01,6,6414,卖盘
1648,13:52:31,10.69,0.0,30,32070,卖盘
1649,13:52:46,10.7,0.01,93,99510,买盘
1650,13:52:49,10.69,-0.01,31,33139,卖盘
1651,13:53:04,10.69,0.0,10,10690,买盘
1652,13:53:06,10.68,-0.01,1,1068,卖盘
1653,13:53:10,10.68,0.0,11,11748,卖盘
1654,13:53:12,10.68,0.0,225,240300,卖盘
1655,13:53:25,10.69,0.01,19,20311,买盘
1656,13:53:28,10.68,-0.01,122,130296,卖盘
1657,13:53:34,10.68,0.0,144,153792,卖盘
1658,13:53:37,10.68,0.0,17,18156,卖盘
1659,13:53:40,10.68,0.0,20,21360,卖盘
1660,13:53:43,10.68,0.0,30,32040,卖盘
1661,13:53:46,10.68,0.0,24,25632,卖盘
1662,13:53:54,10.68,0.0,54,57886,卖盘
1663,13:54:31,10.67,-0.01,7,7469,卖盘
1664,13:55:07,10.67,0.0,1,1067,卖盘
1665,13:55:31,10.67,0.0,3,3201,卖盘
1666,13:55:58,10.67,0.0,15,16005,卖盘
1667,13:56:21,10.68,0.01,10,10680,买盘
1668,13:56:36,10.67,-0.01,25,26675,卖盘
1669,13:56:52,10.67,0.0,4,4481,卖盘
1670,13:57:06,10.67,0.0,1,1067,卖盘
1671,13:57:10,10.67,0.0,2,2134,卖盘
1672,13:57:21,10.67,0.0,34,36278,卖盘
1673,13:57:25,10.67,0.0,20,21340,卖盘
1674,13:57:34,10.67,0.0,3,3202,卖盘
1675,13:57:40,10.67,0.0,7,7469,卖盘
1676,13:57:52,10.67,0.0,35,37345,卖盘
1677,13:58:31,10.68,0.01,5,5340,买盘
1678,13:58:37,10.67,-0.01,3,3201,卖盘
1679,13:58:46,10.68,0.01,1,1068,买盘
1680,13:58:51,10.67,-0.01,8,8536,卖盘
1681,13:58:54,10.68,0.01,5,5340,买盘
1682,13:59:04,10.67,-0.01,15,16005,卖盘
1683,13:59:10,10.68,0.01,5,5340,买盘
1684,13:59:13,10.67,-0.01,6,6402,卖盘
1685,13:59:16,10.67,0.0,3,3201,卖盘
1686,13:59:27,10.68,0.01,41,43788,买盘
1687,13:59:33,10.68,0.0,10,10680,买盘
1688,13:59:43,10.68,0.0,10,10680,买盘
1689,13:59:52,10.68,0.0,6,6408,买盘
1690,13:59:57,10.68,0.0,8,8544,买盘
1691,14:00:16,10.68,0.0,2,2136,买盘
1692,14:00:43,10.68,0.0,41,43574,买盘
1693,14:00:46,10.69,0.01,102,108938,买盘
1694,14:01:04,10.68,-0.01,9,9612,卖盘
1695,14:01:16,10.68,0.0,15,16020,买盘
1696,14:01:28,10.68,0.0,38,40584,卖盘
1697,14:01:48,10.67,-0.01,6,6402,卖盘
1698,14:02:04,10.68,0.01,5,5340,买盘
1699,14:02:13,10.68,0.0,8,8544,买盘
1700,14:02:25,10.67,-0.01,20,21340,卖盘
1701,14:02:34,10.67,0.0,145,154502,卖盘
1702,14:02:43,10.67,0.0,15,16005,买盘
1703,14:02:58,10.67,0.0,10,10670,买盘
1704,14:03:10,10.66,-0.01,35,37310,卖盘
1705,14:03:13,10.66,0.0,25,26650,卖盘
1706,14:03:40,10.66,0.0,25,26650,卖盘
1707,14:03:52,10.66,0.0,10,10660,卖盘
1708,14:03:58,10.66,0.0,10,10660,买盘
1709,14:04:24,10.66,0.0,2,2132,卖盘
1710,14:04:30,10.66,0.0,3,3198,卖盘
1711,14:04:33,10.66,0.0,5,5330,卖盘
1712,14:04:52,10.67,0.01,8,8536,买盘
1713,14:05:04,10.66,-0.01,15,15990,卖盘
1714,14:05:19,10.66,0.0,2,2132,买盘
1715,14:05:31,10.66,0.0,92,98498,买盘
1716,14:05:34,10.65,-0.01,34,36221,卖盘
1717,14:05:43,10.64,-0.01,64,68122,卖盘
1718,14:06:01,10.64,0.0,33,35112,卖盘
1719,14:06:04,10.64,0.0,26,27238,卖盘
1720,14:06:16,10.63,-0.01,20,21270,卖盘
1721,14:06:19,10.64,0.01,1,1064,买盘
1722,14:06:25,10.64,0.0,1,1490,买盘
1723,14:06:43,10.65,0.01,5,5325,买盘
1724,14:06:46,10.65,0.0,4,4260,卖盘
1725,14:06:51,10.65,0.0,5,5325,买盘
1726,14:07:01,10.63,-0.02,82,86756,卖盘
1727,14:07:06,10.63,0.0,10,10630,买盘
1728,14:07:10,10.63,0.0,7,7441,买盘
1729,14:07:16,10.63,0.0,172,182836,买盘
1730,14:07:19,10.63,0.0,20,21260,买盘
1731,14:07:25,10.65,0.02,28,29797,买盘
1732,14:07:37,10.65,0.0,5,5751,买盘
1733,14:07:40,10.65,0.0,20,21300,卖盘
1734,14:07:46,10.67,0.02,10,10670,买盘
1735,14:07:58,10.67,0.0,4,4268,买盘
1736,14:08:04,10.65,-0.02,10,10650,卖盘
1737,14:08:22,10.68,0.03,10,10677,买盘
1738,14:08:34,10.68,0.0,2,2136,买盘
1739,14:08:39,10.66,-0.02,38,40082,卖盘
1740,14:09:01,10.68,0.02,3,3204,买盘
1741,14:09:10,10.68,0.0,11,11748,买盘
1742,14:09:13,10.68,0.0,20,21360,买盘
1743,14:09:25,10.68,0.0,7,7476,买盘
1744,14:09:43,10.68,0.0,6,6408,买盘
1745,14:09:46,10.67,-0.01,10,10670,卖盘
1746,14:09:52,10.67,0.0,4,4268,买盘
1747,14:09:58,10.67,0.0,7,7469,买盘
1748,14:10:04,10.67,0.0,17,18131,买盘
1749,14:10:07,10.67,0.0,11,11737,买盘
1750,14:10:16,10.67,0.0,2,2134,买盘
1751,14:10:22,10.67,0.0,95,101365,买盘
1752,14:10:37,10.67,0.0,9,9603,买盘
1753,14:10:40,10.67,0.0,5,5335,买盘
1754,14:10:46,10.67,0.0,20,21340,买盘
1755,14:10:51,10.67,0.0,3,3201,买盘
1756,14:10:55,10.67,0.0,26,27741,买盘
1757,14:11:18,10.67,0.0,25,26675,卖盘
1758,14:11:21,10.67,0.0,39,41613,买盘
1759,14:11:25,10.67,0.0,5,5335,买盘
1760,14:11:28,10.67,0.0,5,5335,买盘
1761,14:11:31,10.67,0.0,20,21340,买盘
1762,14:11:49,10.67,0.0,80,85360,买盘
1763,14:12:07,10.68,0.01,8,8544,买盘
1764,14:12:12,10.68,0.0,77,82236,买盘
1765,14:12:34,10.69,0.01,6,6414,买盘
1766,14:12:45,10.69,0.0,6,6414,买盘
1767,14:12:58,10.69,0.0,20,21380,买盘
1768,14:13:16,10.68,-0.01,50,53400,卖盘
1769,14:13:58,10.68,0.0,9,9612,卖盘
1770,14:14:10,10.69,0.01,9,9621,买盘
1771,14:14:13,10.69,0.0,3,3207,买盘
1772,14:14:16,10.69,0.0,1,1069,买盘
1773,14:14:30,10.69,0.0,4,4276,买盘
1774,14:14:33,10.69,0.0,5,5345,买盘
1775,14:14:43,10.69,0.0,2,2138,买盘
1776,14:14:49,10.69,0.0,1,1069,买盘
1777,14:14:52,10.69,0.0,19,20311,买盘
1778,14:14:58,10.69,0.0,1,1069,买盘
1779,14:15:04,10.68,-0.01,5,5340,卖盘
1780,14:15:25,10.68,0.0,50,53400,卖盘
1781,14:15:27,10.68,0.0,20,21360,卖盘
1782,14:15:34,10.69,0.01,18,19242,买盘
1783,14:15:40,10.69,0.0,5,5345,买盘
1784,14:15:51,10.69,0.0,14,14966,买盘
1785,14:15:57,10.69,0.0,8,8552,买盘
1786,14:16:04,10.68,-0.01,20,21368,卖盘
1787,14:16:21,10.69,0.01,1,1069,买盘
1788,14:16:31,10.69,0.0,8,8552,买盘
1789,14:16:34,10.69,0.0,30,32070,买盘
1790,14:16:46,10.69,0.0,11,11759,买盘
1791,14:16:52,10.69,0.0,3,3207,买盘
1792,14:17:01,10.69,0.0,2,2138,买盘
1793,14:17:09,10.69,0.0,33,35277,卖盘
1794,14:17:12,10.69,0.0,5,5345,买盘
1795,14:17:31,10.69,0.0,1,1069,买盘
1796,14:17:45,10.69,0.0,100,106900,买盘
1797,14:17:49,10.69,0.0,2,2138,买盘
1798,14:17:57,10.69,0.0,24,25656,买盘
1799,14:18:30,10.7,0.01,22,23540,买盘
1800,14:18:40,10.71,0.01,28,29988,买盘
1801,14:18:49,10.72,0.01,36,38592,买盘
1802,14:18:52,10.73,0.01,12,12866,买盘
1803,14:19:01,10.73,0.0,3,3219,买盘
1804,14:19:04,10.74,0.01,7,7513,买盘
1805,14:19:25,10.76,0.02,13,13985,买盘
1806,14:19:27,10.75,-0.01,1,1075,卖盘
1807,14:19:31,10.76,0.01,15,16140,买盘
1808,14:19:45,10.76,0.0,4,4304,买盘
1809,14:19:48,10.76,0.0,1,1076,买盘
1810,14:19:51,10.76,0.0,1,646,卖盘
1811,14:19:57,10.76,0.0,122,131391,卖盘
1812,14:20:22,10.77,0.01,13,14001,买盘
1813,14:20:25,10.77,0.0,59,63523,买盘
1814,14:20:57,10.79,0.02,23,24808,买盘
1815,14:21:19,10.79,0.0,46,49617,买盘
1816,14:21:34,10.78,-0.01,7,7546,卖盘
1817,14:21:37,10.77,-0.01,12,12924,卖盘
1818,14:21:43,10.78,0.01,16,17248,买盘
1819,14:21:46,10.77,-0.01,5,5385,卖盘
1820,14:21:49,10.78,0.01,20,21560,买盘
1821,14:21:52,10.77,-0.01,10,10770,卖盘
1822,14:21:55,10.78,0.01,1,1078,买盘
1823,14:22:10,10.78,0.0,4,4312,卖盘
1824,14:22:16,10.78,0.0,10,10780,中性盘
1825,14:22:22,10.78,0.0,33,35574,买盘
1826,14:22:25,10.77,-0.01,158,170166,卖盘
1827,14:22:28,10.77,0.0,3,3231,买盘
1828,14:22:34,10.77,0.0,22,24105,买盘
1829,14:22:43,10.77,0.0,37,39418,买盘
1830,14:22:48,10.75,-0.02,40,43015,卖盘
1831,14:22:52,10.75,0.0,36,39151,卖盘
1832,14:22:58,10.74,-0.01,40,42960,卖盘
1833,14:23:00,10.75,0.01,13,13545,买盘
1834,14:23:07,10.75,0.0,7,7955,卖盘
1835,14:23:10,10.74,-0.01,15,16110,卖盘
1836,14:23:19,10.74,0.0,6,6444,卖盘
1837,14:23:21,10.74,0.0,22,23628,卖盘
1838,14:23:31,10.74,0.0,15,16110,卖盘
1839,14:23:37,10.74,0.0,7,7518,卖盘
1840,14:23:46,10.74,0.0,6,6444,卖盘
1841,14:23:52,10.75,0.01,3,3225,买盘
1842,14:23:55,10.74,-0.01,6,6444,卖盘
1843,14:24:49,10.74,0.0,30,32220,卖盘
1844,14:24:52,10.74,0.0,32,34368,卖盘
1845,14:25:01,10.73,-0.01,18,19314,卖盘
1846,14:25:28,10.73,0.0,7,7511,卖盘
1847,14:25:34,10.73,0.0,5,5365,卖盘
1848,14:25:36,10.73,0.0,29,31117,卖盘
1849,14:25:43,10.73,0.0,1,1073,买盘
1850,14:25:55,10.72,-0.01,7,7504,卖盘
1851,14:26:06,10.72,0.0,30,32140,买盘
1852,14:26:22,10.71,-0.01,16,17136,卖盘
1853,14:26:30,10.7,-0.01,30,32100,卖盘
1854,14:26:43,10.7,0.0,30,32100,卖盘
1855,14:26:45,10.71,0.01,9,9639,买盘
1856,14:26:54,10.7,-0.01,102,109140,卖盘
1857,14:27:06,10.7,0.0,5,5350,买盘
1858,14:27:12,10.7,0.0,2,2140,买盘
1859,14:27:19,10.7,0.0,7,7490,买盘
1860,14:27:25,10.7,0.0,12,12840,买盘
1861,14:27:28,10.7,0.0,11,11770,买盘
1862,14:27:37,10.71,0.01,32,34263,买盘
1863,14:27:46,10.71,0.0,25,26775,买盘
1864,14:28:01,10.71,0.0,10,10710,买盘
1865,14:28:04,10.71,0.0,51,54985,买盘
1866,14:29:00,10.73,0.02,1,1073,买盘
1867,14:29:13,10.72,-0.01,29,31088,买盘
1868,14:29:16,10.72,0.0,1,1072,买盘
1869,14:29:25,10.75,0.03,251,269334,买盘
1870,14:29:46,10.76,0.01,3,3228,买盘
1871,14:29:49,10.75,-0.01,24,25800,卖盘
1872,14:29:52,10.75,0.0,5,5375,卖盘
1873,14:30:00,10.75,0.0,37,39990,卖盘
1874,14:30:15,10.75,0.0,40,43000,买盘
1875,14:30:21,10.75,0.0,5,5375,买盘
1876,14:30:28,10.75,0.0,43,46225,买盘
1877,14:30:31,10.75,0.0,74,79335,买盘
1878,14:30:37,10.75,0.0,2,2150,卖盘
1879,14:30:43,10.75,0.0,4,4515,卖盘
1880,14:30:46,10.75,0.0,3,3225,买盘
1881,14:30:49,10.75,0.0,22,23650,买盘
1882,14:30:58,10.75,0.0,41,44075,买盘
1883,14:31:01,10.75,0.0,1,1075,买盘
1884,14:31:04,10.75,0.0,10,10750,买盘
1885,14:31:37,10.75,0.0,24,25155,买盘
1886,14:32:07,10.75,0.0,88,95326,卖盘
1887,14:32:09,10.75,0.0,41,44045,买盘
1888,14:32:43,10.75,0.0,21,21930,买盘
1889,14:33:12,10.75,0.0,163,175334,卖盘
1890,14:33:19,10.76,0.01,5,5380,卖盘
1891,14:33:22,10.76,0.0,5,5380,卖盘
1892,14:33:28,10.76,0.0,3,3228,买盘
1893,14:33:52,10.76,0.0,23,24748,买盘
1894,14:34:04,10.76,0.0,1,1076,买盘
1895,14:34:09,10.75,-0.01,2,2150,卖盘
1896,14:34:16,10.76,0.01,30,32280,买盘
1897,14:34:18,10.75,-0.01,93,100620,卖盘
1898,14:34:21,10.75,0.0,38,40850,买盘
1899,14:34:31,10.75,0.0,53,56924,买盘
1900,14:34:33,10.74,-0.01,137,147188,卖盘
1901,14:34:43,10.74,0.0,13,13962,买盘
1902,14:34:46,10.75,0.01,1,1075,买盘
1903,14:35:10,10.75,0.0,1,1075,买盘
1904,14:35:18,10.75,0.0,4,4300,买盘
1905,14:35:25,10.74,-0.01,4,4296,卖盘
1906,14:35:34,10.74,0.0,11,11814,买盘
1907,14:35:40,10.74,0.0,5,5370,买盘
1908,14:35:46,10.74,0.0,5,5370,买盘
1909,14:35:49,10.74,0.0,2,2148,买盘
1910,14:35:52,10.73,-0.01,3,3219,卖盘
1911,14:36:16,10.73,0.0,9,9657,卖盘
1912,14:36:19,10.73,0.0,1,1073,买盘
1913,14:36:25,10.74,0.01,4,4296,买盘
1914,14:36:27,10.73,-0.01,10,10735,卖盘
1915,14:36:33,10.74,0.01,13,13962,买盘
1916,14:37:01,10.75,0.01,2,2150,买盘
1917,14:37:13,10.75,0.0,2,2150,买盘
1918,14:37:18,10.74,-0.01,10,10740,卖盘
1919,14:37:25,10.74,0.0,8,8592,买盘
1920,14:37:52,10.74,0.0,20,21480,买盘
1921,14:38:04,10.74,0.0,9,9666,买盘
1922,14:38:10,10.74,0.0,64,68736,卖盘
1923,14:38:43,10.73,-0.01,20,21460,卖盘
1924,14:39:01,10.73,0.0,1,1073,卖盘
1925,14:39:04,10.73,0.0,26,27898,卖盘
1926,14:39:21,10.72,-0.01,23,24656,卖盘
1927,14:39:34,10.72,0.0,5,5360,买盘
1928,14:39:37,10.71,-0.01,20,21420,卖盘
1929,14:39:40,10.72,0.01,1,1072,买盘
1930,14:39:55,10.71,-0.01,54,57844,卖盘
1931,14:40:06,10.71,0.0,10,10710,买盘
1932,14:40:16,10.7,-0.01,129,138030,卖盘
1933,14:40:22,10.69,-0.01,19,20311,卖盘
1934,14:40:28,10.69,0.0,30,32070,卖盘
1935,14:40:58,10.69,0.0,8,8552,卖盘
1936,14:41:01,10.7,0.01,18,19260,买盘
1937,14:41:10,10.69,-0.01,14,14966,卖盘
1938,14:41:19,10.68,-0.01,43,45954,卖盘
1939,14:41:22,10.68,0.0,7,7476,卖盘
1940,14:41:30,10.69,0.01,10,10690,买盘
1941,14:41:37,10.68,-0.01,5,5340,卖盘
1942,14:41:46,10.68,0.0,1,1068,卖盘
1943,14:41:49,10.68,0.0,22,23496,卖盘
1944,14:41:52,10.68,0.0,1,1068,卖盘
1945,14:42:10,10.69,0.01,5,5345,买盘
1946,14:42:13,10.68,-0.01,1,1068,卖盘
1947,14:42:16,10.68,0.0,20,21360,卖盘
1948,14:42:40,10.68,0.0,70,74760,卖盘
1949,14:42:52,10.68,0.0,8,8544,卖盘
1950,14:42:58,10.68,0.0,16,17088,卖盘
1951,14:43:04,10.68,0.0,14,14952,卖盘
1952,14:43:10,10.69,0.01,1,1069,买盘
1953,14:43:13,10.68,-0.01,1,1068,卖盘
1954,14:43:19,10.68,0.0,26,27768,卖盘
1955,14:43:21,10.68,0.0,20,21360,买盘
1956,14:43:25,10.68,0.0,10,10680,买盘
1957,14:43:34,10.67,-0.01,1,1067,卖盘
1958,14:43:55,10.68,0.01,84,89692,买盘
1959,14:43:58,10.68,0.0,17,18156,卖盘
1960,14:44:13,10.69,0.01,134,142998,买盘
1961,14:44:19,10.69,0.0,50,53450,卖盘
1962,14:44:22,10.69,0.0,49,52595,卖盘
1963,14:44:37,10.69,0.0,61,64995,买盘
1964,14:44:52,10.69,0.0,26,28008,卖盘
1965,14:45:16,10.69,0.0,7,7483,买盘
1966,14:45:25,10.69,0.0,10,10690,买盘
1967,14:45:28,10.69,0.0,12,12614,买盘
1968,14:45:37,10.7,0.01,9,9630,买盘
1969,14:45:46,10.7,0.0,24,25680,买盘
1970,14:45:49,10.69,-0.01,100,106900,卖盘
1971,14:45:55,10.7,0.01,9,9630,买盘
1972,14:45:58,10.69,-0.01,3,3207,卖盘
1973,14:46:04,10.7,0.01,9,9630,买盘
1974,14:46:06,10.69,-0.01,48,51526,卖盘
1975,14:46:18,10.69,0.0,12,12828,买盘
1976,14:46:21,10.69,0.0,47,50243,买盘
1977,14:46:37,10.69,0.0,9,9621,买盘
1978,14:46:40,10.69,0.0,3,3207,买盘
1979,14:46:43,10.69,0.0,15,16035,买盘
1980,14:46:45,10.69,0.0,12,12828,买盘
1981,14:46:52,10.69,0.0,6,6414,买盘
1982,14:46:58,10.69,0.0,4,4276,买盘
1983,14:47:00,10.68,-0.01,57,61146,卖盘
1984,14:47:04,10.69,0.01,22,23498,买盘
1985,14:47:07,10.69,0.0,2,2138,买盘
1986,14:47:22,10.69,0.0,21,22235,买盘
1987,14:47:37,10.7,0.01,8,8560,买盘
1988,14:47:43,10.69,-0.01,9,9621,卖盘
1989,14:47:46,10.69,0.0,11,11973,卖盘
1990,14:47:58,10.68,-0.01,5,5341,卖盘
1991,14:48:01,10.69,0.01,5,5345,买盘
1992,14:48:04,10.68,-0.01,34,36312,卖盘
1993,14:48:09,10.69,0.01,5,5345,买盘
1994,14:48:16,10.68,-0.01,5,5340,卖盘
1995,14:48:40,10.69,0.01,11,11759,买盘
1996,14:48:49,10.69,0.0,5,5345,买盘
1997,14:48:52,10.69,0.0,33,35277,买盘
1998,14:48:55,10.69,0.0,20,21380,买盘
1999,14:49:04,10.69,0.0,9,9621,买盘
2000,14:49:09,10.69,0.0,7,7483,买盘
2001,14:49:16,10.69,0.0,55,58795,买盘
2002,14:49:19,10.69,0.0,24,25656,买盘
2003,14:49:25,10.69,0.0,11,11759,买盘
2004,14:49:31,10.69,0.0,5,5131,买盘
2005,14:49:40,10.69,0.0,15,16249,卖盘
2006,14:49:45,10.69,0.0,13,13469,买盘
2007,14:49:52,10.7,0.01,30,32100,买盘
2008,14:49:54,10.69,-0.01,11,11769,卖盘
2009,14:50:01,10.7,0.01,23,24610,买盘
2010,14:50:16,10.7,0.0,17,18190,买盘
2011,14:50:25,10.69,-0.01,50,53450,卖盘
2012,14:50:34,10.7,0.01,36,38520,买盘
2013,14:50:40,10.69,-0.01,10,10690,卖盘
2014,14:50:42,10.7,0.01,156,166920,买盘
2015,14:50:45,10.71,0.01,14,14993,买盘
2016,14:50:58,10.71,0.0,9,9639,买盘
2017,14:51:01,10.71,0.0,10,10710,买盘
2018,14:51:04,10.71,0.0,69,73899,买盘
2019,14:51:07,10.71,0.0,7,7497,买盘
2020,14:51:10,10.71,0.0,12,12852,买盘
2021,14:51:19,10.72,0.01,30,32142,买盘
2022,14:51:22,10.72,0.0,2,2144,买盘
2023,14:51:28,10.72,0.0,15,16080,卖盘
2024,14:51:34,10.73,0.01,3,3218,买盘
2025,14:51:40,10.73,0.0,27,28961,买盘
2026,14:51:42,10.73,0.0,6,6438,买盘
2027,14:51:46,10.73,0.0,10,10730,买盘
2028,14:51:58,10.72,-0.01,10,10720,卖盘
2029,14:52:01,10.72,0.0,2,2144,卖盘
2030,14:52:10,10.73,0.01,20,21460,买盘
2031,14:52:18,10.72,-0.01,3,3216,卖盘
2032,14:52:28,10.73,0.01,9,9657,买盘
2033,14:52:33,10.73,0.0,8,8584,买盘
2034,14:52:39,10.72,-0.01,5,5360,卖盘
2035,14:52:43,10.73,0.01,100,107300,买盘
2036,14:52:46,10.73,0.0,10,10730,买盘
2037,14:53:00,10.72,-0.01,23,24656,卖盘
2038,14:53:04,10.72,0.0,1,1072,买盘
2039,14:53:10,10.72,0.0,2,2144,买盘
2040,14:53:15,10.72,0.0,43,46096,买盘
2041,14:53:28,10.72,0.0,31,33232,买盘
2042,14:53:37,10.72,0.0,20,21440,卖盘
2043,14:53:40,10.72,0.0,10,10720,卖盘
2044,14:53:43,10.73,0.01,86,92256,买盘
2045,14:53:46,10.73,0.0,87,93351,买盘
2046,14:53:48,10.73,0.0,30,32190,卖盘
2047,14:53:51,10.73,0.0,23,24679,卖盘
2048,14:53:54,10.74,0.01,39,41886,买盘
2049,14:53:58,10.73,-0.01,24,25554,卖盘
2050,14:54:04,10.74,0.01,10,10740,买盘
2051,14:54:13,10.74,0.0,17,18251,买盘
2052,14:54:19,10.73,-0.01,8,8584,卖盘
2053,14:54:22,10.73,0.0,5,5365,卖盘
2054,14:54:28,10.73,0.0,4,4292,卖盘
2055,14:54:31,10.73,0.0,20,21460,卖盘
2056,14:54:37,10.74,0.01,107,114918,买盘
2057,14:54:40,10.73,-0.01,54,57946,卖盘
2058,14:54:43,10.73,0.0,5,5365,卖盘
2059,14:54:51,10.73,0.0,9,9657,卖盘
2060,14:54:54,10.73,0.0,3,3219,卖盘
2061,14:54:57,10.73,0.0,53,56876,卖盘
2062,14:55:04,10.73,0.0,1,1073,卖盘
2063,14:55:07,10.73,0.0,92,98806,卖盘
2064,14:55:09,10.73,0.0,20,21460,卖盘
2065,14:55:18,10.73,0.0,83,89059,卖盘
2066,14:55:22,10.73,0.0,24,25967,卖盘
2067,14:55:25,10.73,0.0,20,21460,买盘
2068,14:55:28,10.72,-0.01,37,39664,卖盘
2069,14:55:31,10.72,0.0,10,10720,卖盘
2070,14:55:34,10.72,0.0,24,25728,卖盘
2071,14:55:36,10.72,0.0,63,67586,卖盘
2072,14:55:39,10.72,0.0,6,6432,卖盘
2073,14:55:42,10.72,0.0,16,17152,卖盘
2074,14:55:46,10.73,0.01,46,49137,买盘
2075,14:55:52,10.73,0.0,24,25757,卖盘
2076,14:55:57,10.73,0.0,13,13949,卖盘
2077,14:56:01,10.73,0.0,35,37560,卖盘
2078,14:56:04,10.73,0.0,6,6438,卖盘
2079,14:56:07,10.73,0.0,31,33274,卖盘
2080,14:56:09,10.74,0.01,49,52594,买盘
2081,14:56:13,10.73,-0.01,5,5580,卖盘
2082,14:56:16,10.73,0.0,25,26820,买盘
2083,14:56:22,10.72,-0.01,3,3216,卖盘
2084,14:56:24,10.72,0.0,17,18018,卖盘
2085,14:56:28,10.73,0.01,5,5365,中性盘
2086,14:56:40,10.72,-0.01,10,10720,卖盘
2087,14:56:43,10.73,0.01,11,11803,买盘
2088,14:56:46,10.73,0.0,24,25752,买盘
2089,14:56:52,10.73,0.0,6,6438,卖盘
2090,14:56:55,10.74,0.01,124,133156,买盘
2091,14:56:57,10.73,-0.01,4,4292,中性盘
2092,15:00:05,10.74,0.01,773,830202,卖盘
