,time,price,change,volume,amount,type
0,09:25:04,9.74,0.01,13,12662,买盘
1,09:30:07,9.8,0.06,11,10802,中性盘
2,09:30:16,9.78,-0.02,1,978,卖盘
3,09:30:19,9.81,0.03,5,4905,买盘
4,09:30:22,9.83,0.02,1,983,买盘
5,09:30:25,9.81,-0.02,10,9810,卖盘
6,09:30:37,9.81,0.0,27,26487,卖盘
7,09:30:43,9.81,0.0,2,1962,卖盘
8,09:30:49,9.81,0.0,3,2943,卖盘
9,09:30:52,9.81,0.0,47,46107,卖盘
10,09:31:01,9.81,0.0,1,981,买盘
11,09:31:10,9.81,0.0,1,981,买盘
12,09:31:22,9.81,0.0,1,981,买盘
13,09:31:25,9.78,-0.03,1,978,卖盘
14,09:31:43,9.81,0.03,2,1962,买盘
15,09:31:46,9.81,0.0,1,981,买盘
16,09:31:49,9.81,0.0,8,7846,买盘
17,09:31:52,9.8,-0.01,210,205291,中性盘
18,09:31:58,9.81,0.01,13,12753,卖盘
19,09:32:01,9.8,-0.01,46,45106,卖盘
20,09:32:05,9.81,0.01,11,10790,买盘
21,09:32:07,9.81,0.0,14,13734,买盘
22,09:32:13,9.81,0.0,3,2943,买盘
23,09:32:16,9.81,0.0,4,3924,买盘
24,09:32:22,9.8,-0.01,20,19619,卖盘
25,09:32:25,9.82,0.02,20,19640,买盘
26,09:32:34,9.82,0.0,3,2946,卖盘
27,09:32:40,9.82,0.0,1,982,卖盘
28,09:32:46,9.83,0.01,2,1966,买盘
29,09:33:10,9.83,0.0,20,19658,买盘
30,09:33:19,9.83,0.0,21,20641,买盘
31,09:33:22,9.81,-0.02,1,981,卖盘
32,09:33:28,9.81,0.0,16,15696,卖盘
33,09:33:34,9.83,0.02,5,4915,买盘
34,09:33:37,9.83,0.0,8,7864,买盘
35,09:33:46,9.84,0.01,2,1968,卖盘
36,09:33:49,9.86,0.02,25,24638,买盘
37,09:33:52,9.86,0.0,11,10846,卖盘
38,09:33:55,9.86,0.0,12,11832,卖盘
39,09:33:58,9.86,0.0,2,1972,卖盘
40,09:34:01,9.86,0.0,62,61135,卖盘
41,09:34:04,9.85,-0.01,14,13771,中性盘
42,09:34:10,9.82,-0.03,21,20622,卖盘
43,09:34:13,9.82,0.0,1,982,买盘
44,09:34:19,9.82,0.0,1,982,卖盘
45,09:34:22,9.82,0.0,1,982,中性盘
46,09:34:31,9.84,0.02,1,984,买盘
47,09:34:34,9.82,-0.02,5,4910,卖盘
48,09:34:40,9.84,0.02,26,25584,买盘
49,09:34:46,9.82,-0.02,3,2949,卖盘
50,09:34:49,9.83,0.01,2,1966,卖盘
51,09:34:52,9.84,0.01,10,9840,买盘
52,09:34:58,9.84,0.0,17,16728,买盘
53,09:35:01,9.84,0.0,4,3936,买盘
54,09:35:10,9.84,0.0,1,984,卖盘
55,09:35:19,9.82,-0.02,48,47224,卖盘
56,09:35:25,9.82,0.0,8,7856,买盘
57,09:35:28,9.82,0.0,3,2946,买盘
58,09:35:31,9.82,0.0,15,14730,买盘
59,09:35:34,9.82,0.0,6,5892,买盘
60,09:35:43,9.82,0.0,2,1966,卖盘
61,09:35:52,9.84,0.02,3,2952,买盘
62,09:36:01,9.84,0.0,5,4920,买盘
63,09:36:04,9.84,0.0,6,5904,买盘
64,09:36:10,9.82,-0.02,2,1964,卖盘
65,09:36:13,9.79,-0.03,76,74594,卖盘
66,09:36:22,9.78,-0.01,1,978,买盘
67,09:36:28,9.8,0.02,8,7840,买盘
68,09:36:31,9.79,-0.01,2,1958,买盘
69,09:36:34,9.79,0.0,21,20497,买盘
70,09:36:37,9.79,0.0,3,2937,买盘
71,09:36:49,9.79,0.0,2,1958,买盘
72,09:36:52,9.76,-0.03,2,1955,卖盘
73,09:37:04,9.79,0.03,1,979,买盘
74,09:37:10,9.76,-0.03,30,29280,卖盘
75,09:37:13,9.76,0.0,1,976,卖盘
76,09:37:16,9.77,0.01,1,977,中性盘
77,09:37:37,9.79,0.02,8,7832,买盘
78,09:37:40,9.79,0.0,19,18601,买盘
79,09:37:43,9.77,-0.02,11,10755,卖盘
80,09:37:46,9.77,0.0,1,977,卖盘
81,09:37:49,9.79,0.02,1,979,买盘
82,09:37:52,9.77,-0.02,16,15634,卖盘
83,09:37:55,9.79,0.02,30,29297,买盘
84,09:38:04,9.78,-0.01,24,23398,中性盘
85,09:38:10,9.77,-0.01,7,6839,买盘
86,09:38:13,9.79,0.02,3,2937,买盘
87,09:38:28,9.8,0.01,1,980,买盘
88,09:38:34,9.71,-0.09,21,20468,卖盘
89,09:38:37,9.8,0.09,10,9749,买盘
90,09:38:40,9.8,0.0,2,1960,买盘
91,09:38:46,9.79,-0.01,1,979,卖盘
92,09:39:10,9.8,0.01,14,13710,买盘
93,09:39:13,9.8,0.0,19,18620,买盘
94,09:39:19,9.79,-0.01,4,3916,买盘
95,09:39:22,9.79,0.0,3,2937,买盘
96,09:39:25,9.79,0.0,3,2936,买盘
97,09:39:28,9.76,-0.03,2,1954,卖盘
98,09:39:31,9.76,0.0,14,13659,买盘
99,09:39:34,9.76,0.0,20,19520,买盘
100,09:39:40,9.76,0.0,1,976,买盘
101,09:39:49,9.76,0.0,1,976,买盘
102,09:39:52,9.74,-0.02,3,2926,卖盘
103,09:39:55,9.74,0.0,26,25324,卖盘
104,09:40:01,9.74,0.0,1,974,买盘
105,09:40:07,9.74,0.0,2,1948,买盘
106,09:40:28,9.74,0.0,1,974,中性盘
107,09:40:34,9.74,0.0,10,9740,卖盘
108,09:40:40,9.76,0.02,19,18526,买盘
109,09:40:46,9.73,-0.03,21,20453,卖盘
110,09:40:52,9.74,0.01,23,22337,买盘
111,09:40:55,9.73,-0.01,1,973,中性盘
112,09:40:58,9.73,0.0,1,973,卖盘
113,09:41:01,9.73,0.0,1,973,卖盘
114,09:41:04,9.73,0.0,1,973,卖盘
115,09:41:22,9.73,0.0,1,973,卖盘
116,09:41:25,9.73,0.0,1,973,卖盘
117,09:41:31,9.73,0.0,2,1946,卖盘
118,09:41:34,9.68,-0.05,23,22298,卖盘
119,09:41:40,9.68,0.0,7,6776,卖盘
120,09:41:52,9.69,0.01,1,969,卖盘
121,09:41:58,9.7,0.01,1,970,卖盘
122,09:42:01,9.71,0.01,8,7768,中性盘
123,09:42:10,9.71,0.0,20,19420,买盘
124,09:42:13,9.71,0.0,5,4855,买盘
125,09:42:16,9.71,0.0,7,6797,买盘
126,09:42:19,9.71,0.0,7,6797,买盘
127,09:42:22,9.71,0.0,9,8739,买盘
128,09:42:28,9.71,0.0,21,20411,中性盘
129,09:42:31,9.7,-0.01,69,66939,卖盘
130,09:42:34,9.7,0.0,7,6790,买盘
131,09:42:37,9.7,0.0,2,1940,买盘
132,09:42:43,9.7,0.0,15,14550,买盘
133,09:42:49,9.7,0.0,6,5820,买盘
134,09:42:52,9.7,0.0,1,970,买盘
135,09:42:55,9.7,0.0,1,970,中性盘
136,09:43:04,9.73,0.03,25,24325,买盘
137,09:43:19,9.73,0.0,1,973,中性盘
138,09:43:22,9.73,0.0,1,973,卖盘
139,09:43:25,9.73,0.0,1,973,卖盘
140,09:43:34,9.76,0.03,3,2928,买盘
141,09:43:58,9.76,0.0,6,5856,买盘
142,09:44:04,9.76,0.0,2,1952,买盘
143,09:44:22,9.76,0.0,1,976,卖盘
144,09:44:25,9.78,0.02,1,978,买盘
145,09:44:28,9.76,-0.02,7,6832,卖盘
146,09:44:31,9.74,-0.02,1,974,卖盘
147,09:44:34,9.74,0.0,1,974,卖盘
148,09:44:43,9.74,0.0,1,974,卖盘
149,09:44:46,9.74,0.0,8,7792,卖盘
150,09:44:52,9.74,0.0,1,974,卖盘
151,09:44:55,9.74,0.0,15,14610,卖盘
152,09:45:07,9.74,0.0,2,1948,买盘
153,09:45:13,9.74,0.0,19,18506,买盘
154,09:45:19,9.73,-0.01,8,7784,卖盘
155,09:45:22,9.73,0.0,2,1946,买盘
156,09:45:30,9.72,-0.01,1,972,卖盘
157,09:45:37,9.73,0.01,2,1946,买盘
158,09:45:43,9.72,-0.01,3,2916,卖盘
159,09:45:58,9.72,0.0,2,1942,买盘
160,09:46:01,9.71,-0.01,1,971,中性盘
161,09:46:06,9.72,0.01,2,1944,买盘
162,09:46:10,9.72,0.0,2,1944,买盘
163,09:46:22,9.7,-0.02,61,59181,卖盘
164,09:46:25,9.7,0.0,4,3880,买盘
165,09:46:28,9.69,-0.01,28,27159,卖盘
166,09:46:40,9.72,0.03,19,18468,买盘
167,09:46:43,9.7,-0.02,79,76659,卖盘
168,09:46:46,9.69,-0.01,88,85275,卖盘
169,09:46:49,9.69,0.0,2,1938,买盘
170,09:46:52,9.68,-0.01,1,968,卖盘
171,09:46:55,9.68,0.0,193,186845,卖盘
172,09:47:01,9.65,-0.03,1,965,卖盘
173,09:47:05,9.68,0.03,5,4840,买盘
174,09:47:10,9.68,0.0,18,17424,买盘
175,09:47:13,9.7,0.02,3,2910,买盘
176,09:47:19,9.67,-0.03,1,967,卖盘
177,09:47:22,9.67,0.0,1,967,卖盘
178,09:47:25,9.7,0.03,3,2910,买盘
179,09:47:31,9.7,0.0,6,5820,买盘
180,09:47:52,9.7,0.0,13,12610,买盘
181,09:47:55,9.7,0.0,18,17460,卖盘
182,09:48:10,9.72,0.02,9,8748,买盘
183,09:48:25,9.72,0.0,6,5836,卖盘
184,09:48:34,9.73,0.01,68,66164,买盘
185,09:48:52,9.73,0.0,1,973,卖盘
186,09:48:55,9.73,0.0,1,973,卖盘
187,09:49:04,9.76,0.03,2,1952,买盘
188,09:49:16,9.76,0.0,2,1952,买盘
189,09:49:19,9.76,0.0,11,10736,买盘
190,09:49:22,9.76,0.0,4,3904,买盘
191,09:49:25,9.76,0.0,7,6832,买盘
192,09:49:28,9.75,-0.01,2,1951,卖盘
193,09:49:31,9.76,0.01,2,1951,买盘
194,09:49:39,9.76,0.0,19,18544,买盘
195,09:49:55,9.75,-0.01,3,2927,卖盘
196,09:49:58,9.76,0.01,4,3900,买盘
197,09:50:19,9.76,0.0,2,1952,买盘
198,09:50:21,9.75,-0.01,4,3900,卖盘
199,09:50:28,9.75,0.0,1,975,卖盘
200,09:50:31,9.75,0.0,1,975,卖盘
201,09:50:43,9.75,0.0,19,18525,卖盘
202,09:50:46,9.75,0.0,1,975,买盘
203,09:50:52,9.75,0.0,4,3900,买盘
204,09:50:55,9.74,-0.01,1,974,卖盘
205,09:50:58,9.74,0.0,1,974,卖盘
206,09:51:09,9.75,0.01,19,18525,买盘
207,09:51:25,9.74,-0.01,5,4870,卖盘
208,09:51:28,9.75,0.01,2,1950,买盘
209,09:51:37,9.75,0.0,2,1950,买盘
210,09:51:40,9.73,-0.02,30,29190,卖盘
211,09:51:52,9.73,0.0,2,1948,卖盘
212,09:51:58,9.73,0.0,1,973,卖盘
213,09:52:18,9.73,0.0,17,16550,卖盘
214,09:52:28,9.73,0.0,2,1946,卖盘
215,09:52:31,9.73,0.0,3,2920,卖盘
216,09:52:40,9.73,0.0,31,30201,卖盘
217,09:52:43,9.73,0.0,1,973,买盘
218,09:52:49,9.7,-0.03,30,29102,卖盘
219,09:52:52,9.7,0.0,1,970,卖盘
220,09:52:55,9.73,0.03,2,1943,买盘
221,09:53:19,9.73,0.0,3,2919,卖盘
222,09:53:28,9.73,0.0,3,2915,买盘
223,09:53:43,9.73,0.0,2,1946,买盘
224,09:53:46,9.73,0.0,2,1946,买盘
225,09:53:52,9.73,0.0,3,2919,买盘
226,09:53:55,9.7,-0.03,1,970,卖盘
227,09:53:58,9.7,0.0,3,2910,卖盘
228,09:54:01,9.73,0.03,2,1946,买盘
229,09:54:07,9.73,0.0,3,2919,买盘
230,09:54:13,9.73,0.0,1,973,买盘
231,09:54:16,9.73,0.0,4,3892,买盘
232,09:54:19,9.73,0.0,2,1946,买盘
233,09:54:22,9.73,0.0,4,3883,买盘
234,09:54:25,9.7,-0.03,1,970,卖盘
235,09:54:28,9.69,-0.01,1,969,卖盘
236,09:54:49,9.69,0.0,7,6783,卖盘
237,09:55:01,9.69,0.0,1,969,卖盘
238,09:55:34,9.69,0.0,6,5814,卖盘
239,09:55:52,9.7,0.01,1,970,卖盘
240,09:55:58,9.7,0.0,2,1940,卖盘
241,09:56:16,9.7,0.0,22,21352,卖盘
242,09:56:22,9.7,0.0,14,13619,卖盘
243,09:56:28,9.73,0.03,3,2919,买盘
244,09:56:31,9.73,0.0,3,2919,买盘
245,09:56:37,9.73,0.0,16,15559,买盘
246,09:56:40,9.73,0.0,4,3892,买盘
247,09:56:43,9.74,0.01,5,4870,买盘
248,09:56:46,9.74,0.0,6,5844,买盘
249,09:56:49,9.74,0.0,3,2922,买盘
250,09:56:52,9.76,0.02,8,7794,买盘
251,09:56:58,9.76,0.0,1,976,买盘
252,09:57:07,9.76,0.0,2,1952,买盘
253,09:57:10,9.76,0.0,23,22428,买盘
254,09:57:13,9.76,0.0,3,2928,买盘
255,09:57:28,9.74,-0.02,2,1949,卖盘
256,09:57:39,9.74,0.0,1,974,买盘
257,09:57:49,9.74,0.0,1,974,卖盘
258,09:57:55,9.74,0.0,4,3897,中性盘
259,09:58:01,9.74,0.0,3,2922,买盘
260,09:58:19,9.74,0.0,2,1948,卖盘
261,09:58:22,9.74,0.0,1,974,卖盘
262,09:58:25,9.74,0.0,3,2922,卖盘
263,09:58:28,9.73,-0.01,2,1947,卖盘
264,09:58:40,9.75,0.02,9,8775,买盘
265,09:58:49,9.75,0.0,1,975,卖盘
266,09:58:55,9.75,0.0,2,1950,卖盘
267,09:59:13,9.76,0.01,30,29280,买盘
268,09:59:22,9.75,-0.01,2,1951,卖盘
269,09:59:37,9.75,0.0,16,15600,卖盘
270,09:59:49,9.75,0.0,2,1950,卖盘
271,09:59:55,9.75,0.0,8,7800,买盘
272,09:59:58,9.75,0.0,4,3900,卖盘
273,10:00:10,9.76,0.01,7,6832,买盘
274,10:00:19,9.76,0.0,1,976,卖盘
275,10:00:22,9.78,0.02,3,2934,买盘
276,10:00:25,9.76,-0.02,11,10736,卖盘
277,10:00:28,9.78,0.02,18,17602,买盘
278,10:00:49,9.78,0.0,2,1956,买盘
279,10:00:52,9.78,0.0,2,1956,买盘
280,10:00:55,9.78,0.0,4,3912,买盘
281,10:00:58,9.78,0.0,1,978,买盘
282,10:01:10,9.79,0.01,3,2936,买盘
283,10:01:22,9.79,0.0,4,3916,买盘
284,10:01:25,9.79,0.0,1,979,卖盘
285,10:01:28,9.79,0.0,1,979,卖盘
286,10:01:31,9.79,0.0,1,979,卖盘
287,10:01:33,9.79,0.0,1,979,卖盘
288,10:01:37,9.79,0.0,1,979,卖盘
289,10:01:40,9.8,0.01,21,20579,买盘
290,10:01:43,9.79,-0.01,1,979,卖盘
291,10:01:46,9.79,0.0,1,979,卖盘
292,10:01:49,9.8,0.01,40,39200,买盘
293,10:02:04,9.81,0.01,1,981,卖盘
294,10:02:07,9.81,0.0,1,981,卖盘
295,10:02:10,9.81,0.0,1,981,卖盘
296,10:02:13,9.82,0.01,1,982,卖盘
297,10:02:16,9.82,0.0,1,982,卖盘
298,10:02:19,9.83,0.01,6,5893,买盘
299,10:02:22,9.82,-0.01,3,2946,卖盘
300,10:02:24,9.82,0.0,4,3929,卖盘
301,10:02:31,9.82,0.0,1,982,卖盘
302,10:02:37,9.82,0.0,1,982,卖盘
303,10:02:39,9.82,0.0,10,9820,卖盘
304,10:02:46,9.82,0.0,5,4909,买盘
305,10:02:52,9.81,-0.01,1,981,卖盘
306,10:03:10,9.82,0.01,11,10802,买盘
307,10:03:28,9.82,0.0,9,8838,卖盘
308,10:03:31,9.82,0.0,1,982,买盘
309,10:03:34,9.81,-0.01,9,8837,卖盘
310,10:03:37,9.81,0.0,1,981,卖盘
311,10:03:40,9.81,0.0,13,12755,卖盘
312,10:03:55,9.81,0.0,2,1962,买盘
313,10:04:10,9.8,-0.01,11,10780,卖盘
314,10:04:25,9.81,0.01,4,3924,卖盘
315,10:04:27,9.81,0.0,1,981,买盘
316,10:04:40,9.81,0.0,5,4905,买盘
317,10:05:58,9.81,0.0,24,23544,卖盘
318,10:06:04,9.82,0.01,4,3927,买盘
319,10:06:10,9.82,0.0,2,1964,买盘
320,10:06:13,9.82,0.0,2,1964,买盘
321,10:06:16,9.82,0.0,1,982,买盘
322,10:06:19,9.82,0.0,4,3928,买盘
323,10:06:25,9.82,0.0,3,2946,买盘
324,10:06:31,9.81,-0.01,35,34339,卖盘
325,10:06:33,9.81,0.0,2,1962,买盘
326,10:06:37,9.8,-0.01,1,980,卖盘
327,10:06:43,9.81,0.01,5,4905,买盘
328,10:06:49,9.81,0.0,1,981,买盘
329,10:07:01,9.81,0.0,1,981,买盘
330,10:07:28,9.81,0.0,4,3924,买盘
331,10:07:34,9.81,0.0,2,1962,买盘
332,10:07:37,9.81,0.0,3,2943,买盘
333,10:07:40,9.81,0.0,7,6867,买盘
334,10:07:49,9.8,-0.01,2,1960,卖盘
335,10:08:04,9.8,0.0,1,980,买盘
336,10:08:10,9.8,0.0,3,2940,买盘
337,10:08:13,9.8,0.0,11,10780,买盘
338,10:08:22,9.81,0.01,4,3924,买盘
339,10:08:25,9.81,0.0,3,2943,买盘
340,10:08:28,9.81,0.0,7,6867,买盘
341,10:08:31,9.81,0.0,2,1962,买盘
342,10:08:34,9.81,0.0,1,981,买盘
343,10:08:37,9.81,0.0,17,16677,买盘
344,10:08:49,9.81,0.0,16,15696,买盘
345,10:08:52,9.81,0.0,1,981,买盘
346,10:08:55,9.81,0.0,3,2943,买盘
347,10:09:10,9.82,0.01,2,1964,买盘
348,10:09:16,9.82,0.0,25,24550,买盘
349,10:09:22,9.83,0.01,2,1966,中性盘
350,10:09:28,9.83,0.0,3,2949,买盘
351,10:09:34,9.83,0.0,2,1966,卖盘
352,10:09:37,9.83,0.0,7,6881,卖盘
353,10:09:40,9.84,0.01,1,984,买盘
354,10:09:52,9.82,-0.02,4,3928,卖盘
355,10:10:07,9.82,0.0,3,2946,卖盘
356,10:10:10,9.82,0.0,7,6874,买盘
357,10:10:16,9.82,0.0,12,11784,买盘
358,10:10:25,9.82,0.0,2,1964,买盘
359,10:10:31,9.81,-0.01,11,10791,卖盘
360,10:10:34,9.81,0.0,12,11772,买盘
361,10:10:40,9.81,0.0,2,1962,买盘
362,10:11:10,9.81,0.0,6,5886,卖盘
363,10:11:22,9.81,0.0,2,1962,卖盘
364,10:11:31,9.82,0.01,3,2946,买盘
365,10:11:43,9.82,0.0,5,4910,买盘
366,10:11:52,9.81,-0.01,3,2943,卖盘
367,10:12:22,9.81,0.0,1,981,卖盘
368,10:12:49,9.81,0.0,1,981,卖盘
369,10:12:52,9.81,0.0,1,981,卖盘
370,10:13:10,9.81,0.0,9,8829,卖盘
371,10:13:22,9.8,-0.01,3,2940,卖盘
372,10:13:25,9.81,0.01,1,981,买盘
373,10:13:52,9.81,0.0,1,981,卖盘
374,10:13:55,9.81,0.0,1,981,卖盘
375,10:14:13,9.82,0.01,12,11784,买盘
376,10:14:15,9.82,0.0,2,1964,买盘
377,10:14:19,9.82,0.0,3,2946,买盘
378,10:14:22,9.81,-0.01,2,1963,卖盘
379,10:14:28,9.83,0.02,4,3932,买盘
380,10:14:43,9.83,0.0,1,983,买盘
381,10:14:46,9.83,0.0,2,1966,买盘
382,10:14:52,9.81,-0.02,2,1962,卖盘
383,10:15:04,9.82,0.01,3,2946,卖盘
384,10:15:07,9.83,0.01,15,14738,买盘
385,10:15:16,9.83,0.0,1,983,买盘
386,10:15:19,9.83,0.0,1,983,买盘
387,10:15:22,9.82,-0.01,3,2946,卖盘
388,10:15:25,9.83,0.01,2,1966,买盘
389,10:15:52,9.81,-0.02,2,1962,卖盘
390,10:16:04,9.83,0.02,10,9830,买盘
391,10:16:10,9.83,0.0,2,1966,买盘
392,10:16:13,9.83,0.0,1,983,买盘
393,10:16:22,9.83,0.0,23,22609,买盘
394,10:16:52,9.84,0.01,3,2952,买盘
395,10:16:55,9.85,0.01,14,13783,买盘
396,10:17:01,9.85,0.0,3,2955,买盘
397,10:17:04,9.85,0.0,21,20685,买盘
398,10:17:13,9.85,0.0,20,19700,买盘
399,10:17:16,9.85,0.0,2,1970,买盘
400,10:17:25,9.85,0.0,6,5910,买盘
401,10:18:04,9.85,0.0,22,21670,买盘
402,10:18:07,9.85,0.0,2,1970,买盘
403,10:18:10,9.85,0.0,8,7880,买盘
404,10:18:13,9.85,0.0,9,8865,买盘
405,10:18:22,9.83,-0.02,10,9831,卖盘
406,10:19:25,9.85,0.02,22,21670,买盘
407,10:19:28,9.84,-0.01,9,8856,卖盘
408,10:19:31,9.85,0.01,7,6893,买盘
409,10:19:40,9.85,0.0,9,8865,买盘
410,10:19:43,9.85,0.0,1,985,买盘
411,10:19:49,9.85,0.0,2,1970,买盘
412,10:19:52,9.85,0.0,2,1970,买盘
413,10:19:58,9.85,0.0,2,1970,买盘
414,10:20:01,9.86,0.01,12,11824,买盘
415,10:20:10,9.86,0.0,1,986,买盘
416,10:20:16,9.86,0.0,1,986,买盘
417,10:20:19,9.86,0.0,2,1972,买盘
418,10:20:22,9.86,0.0,8,7888,买盘
419,10:20:25,9.87,0.01,5,4935,买盘
420,10:20:28,9.85,-0.02,25,24643,卖盘
421,10:20:43,9.87,0.02,5,4935,买盘
422,10:20:55,9.86,-0.01,1,986,卖盘
423,10:21:10,9.86,0.0,10,9860,卖盘
424,10:21:16,9.86,0.0,10,9860,买盘
425,10:21:22,9.86,0.0,2,1972,买盘
426,10:21:54,9.86,0.0,2,1972,买盘
427,10:22:04,9.85,-0.01,8,7880,卖盘
428,10:22:10,9.85,0.0,1,985,买盘
429,10:22:13,9.85,0.0,3,2955,买盘
430,10:22:16,9.85,0.0,13,12805,买盘
431,10:22:34,9.86,0.01,1,986,买盘
432,10:22:49,9.86,0.0,2,1972,买盘
433,10:23:04,9.86,0.0,12,11832,买盘
434,10:23:25,9.86,0.0,2,1972,买盘
435,10:23:28,9.85,-0.01,3,2955,卖盘
436,10:23:33,9.86,0.01,1,986,买盘
437,10:23:43,9.86,0.0,1,986,买盘
438,10:23:46,9.85,-0.01,6,5910,卖盘
439,10:24:07,9.84,-0.01,3,2952,卖盘
440,10:24:09,9.87,0.03,221,217943,买盘
441,10:24:16,9.88,0.01,15,14820,买盘
442,10:24:19,9.88,0.0,86,85916,买盘
443,10:24:22,9.89,0.01,1,989,买盘
444,10:24:37,9.88,-0.01,1,988,卖盘
445,10:24:40,9.88,0.0,1,988,卖盘
446,10:24:43,9.88,0.0,1,988,卖盘
447,10:24:45,9.88,0.0,1,988,卖盘
448,10:24:48,9.88,0.0,9,7944,卖盘
449,10:24:55,9.87,-0.01,4,3948,卖盘
450,10:24:57,9.88,0.01,2,1976,买盘
451,10:25:01,9.87,-0.01,1,987,卖盘
452,10:25:04,9.87,0.0,1,987,卖盘
453,10:25:07,9.88,0.01,4,3951,买盘
454,10:25:10,9.87,-0.01,53,52333,卖盘
455,10:25:13,9.87,0.0,26,25662,卖盘
456,10:25:19,9.87,0.0,1,987,卖盘
457,10:25:33,9.87,0.0,2,1974,买盘
458,10:25:37,9.87,0.0,1,987,买盘
459,10:25:46,9.84,-0.03,4,3942,卖盘
460,10:25:58,9.87,0.03,10,9870,买盘
461,10:26:07,9.87,0.0,21,20727,买盘
462,10:26:10,9.87,0.0,1,987,买盘
463,10:26:13,9.88,0.01,20,19745,买盘
464,10:26:25,9.88,0.0,10,9880,买盘
465,10:26:28,9.88,0.0,2,1976,买盘
466,10:26:31,9.88,0.0,19,18772,买盘
467,10:26:49,9.88,0.0,13,13792,买盘
468,10:26:55,9.89,0.01,1,989,买盘
469,10:27:07,9.89,0.0,1,989,买盘
470,10:27:10,9.89,0.0,2,1978,买盘
471,10:27:16,9.89,0.0,31,30659,买盘
472,10:27:31,9.89,0.0,16,15824,买盘
473,10:27:37,9.88,-0.01,11,10078,卖盘
474,10:27:55,9.89,0.01,46,45494,买盘
475,10:28:01,9.9,0.01,3,2970,买盘
476,10:28:04,9.9,0.0,20,19800,买盘
477,10:28:10,9.9,0.0,1,990,买盘
478,10:28:13,9.9,0.0,3,2970,买盘
479,10:28:16,9.9,0.0,16,15840,买盘
480,10:28:25,9.9,0.0,22,21780,买盘
481,10:28:37,9.9,0.0,14,13860,买盘
482,10:28:40,9.9,0.0,5,4950,买盘
483,10:28:43,9.9,0.0,10,9900,买盘
484,10:28:46,9.9,0.0,23,22770,买盘
485,10:28:52,9.89,-0.01,12,11868,卖盘
486,10:29:07,9.89,0.0,11,10879,卖盘
487,10:29:10,9.89,0.0,22,21758,买盘
488,10:29:13,9.9,0.01,66,65315,买盘
489,10:29:28,9.9,0.0,2,1980,买盘
490,10:29:55,9.9,0.0,6,5940,买盘
491,10:30:10,9.9,0.0,2,1980,买盘
492,10:30:19,9.9,0.0,8,7920,买盘
493,10:30:22,9.9,0.0,21,20790,买盘
494,10:30:43,9.9,0.0,4,3960,买盘
495,10:30:52,9.9,0.0,1,990,买盘
496,10:30:55,9.9,0.0,12,11880,买盘
497,10:30:58,9.9,0.0,6,5940,买盘
498,10:31:07,9.9,0.0,4,3960,买盘
499,10:31:13,9.88,-0.02,50,49410,卖盘
500,10:32:55,9.88,0.0,5,4940,卖盘
501,10:33:10,9.89,0.01,7,6923,买盘
502,10:33:49,9.89,0.0,10,9890,买盘
503,10:34:07,9.89,0.0,9,8901,卖盘
504,10:34:13,9.9,0.01,367,363330,买盘
505,10:34:16,9.9,0.0,2,1980,买盘
506,10:34:19,9.9,0.0,14,13860,买盘
507,10:34:22,9.9,0.0,166,164340,买盘
508,10:34:28,9.91,0.01,8,7928,买盘
509,10:34:31,9.91,0.0,9,8919,卖盘
510,10:34:40,9.91,0.0,4,3964,卖盘
511,10:34:46,9.93,0.02,3,2979,买盘
512,10:34:55,9.92,-0.01,10,9920,卖盘
513,10:34:58,9.92,0.0,11,10912,买盘
514,10:35:01,9.92,0.0,1,992,买盘
515,10:35:07,9.92,0.0,6,5952,买盘
516,10:35:13,9.93,0.01,25,24809,买盘
517,10:35:19,9.92,-0.01,9,8928,买盘
518,10:35:25,9.92,0.0,1,992,买盘
519,10:35:55,9.93,0.01,16,15858,买盘
520,10:36:10,9.93,0.0,8,7944,卖盘
521,10:36:19,9.94,0.01,5,4970,买盘
522,10:36:25,9.94,0.0,8,7952,卖盘
523,10:36:28,9.94,0.0,1,994,卖盘
524,10:36:34,9.95,0.01,1,995,买盘
525,10:36:37,9.94,-0.01,1,994,卖盘
526,10:36:40,9.94,0.0,22,21899,卖盘
527,10:36:46,9.93,-0.01,35,34816,卖盘
528,10:36:49,9.92,-0.01,18,17856,卖盘
529,10:36:52,9.92,0.0,71,70388,买盘
530,10:36:55,9.92,0.0,12,11904,买盘
531,10:36:58,9.92,0.0,7,6944,买盘
532,10:37:01,9.93,0.01,20,19859,买盘
533,10:37:19,9.93,0.0,2,1986,买盘
534,10:37:25,9.9,-0.03,21,20810,卖盘
535,10:37:31,9.9,0.0,42,41580,买盘
536,10:37:34,9.9,0.0,29,28710,买盘
537,10:37:40,9.9,0.0,12,11880,买盘
538,10:37:43,9.9,0.0,2,1980,买盘
539,10:38:04,9.9,0.0,1,990,买盘
540,10:38:07,9.9,0.0,6,5936,买盘
541,10:38:22,9.89,-0.01,16,15825,卖盘
542,10:38:43,9.89,0.0,2,1978,买盘
543,10:39:01,9.89,0.0,5,4942,买盘
544,10:39:16,9.9,0.01,4,3959,买盘
545,10:39:52,9.9,0.0,2,1980,买盘
546,10:39:58,9.9,0.0,3,2970,买盘
547,10:40:01,9.9,0.0,5,4950,买盘
548,10:40:16,9.89,-0.01,2,1978,买盘
549,10:40:46,9.89,0.0,1,989,买盘
550,10:40:52,9.89,0.0,3,2967,卖盘
551,10:40:58,9.88,-0.01,1,988,卖盘
552,10:41:01,9.88,0.0,1,988,卖盘
553,10:41:04,9.88,0.0,1,988,中性盘
554,10:41:46,9.89,0.01,18,17802,买盘
555,10:41:49,9.89,0.0,9,8901,买盘
556,10:41:52,9.89,0.0,1,989,卖盘
557,10:41:55,9.89,0.0,1,989,卖盘
558,10:41:58,9.89,0.0,2,1979,卖盘
559,10:42:01,9.89,0.0,19,18791,卖盘
560,10:42:07,9.89,0.0,15,14835,买盘
561,10:42:10,9.89,0.0,1,989,卖盘
562,10:42:28,9.9,0.01,19,18810,买盘
563,10:42:33,9.9,0.0,31,30690,买盘
564,10:42:43,9.9,0.0,2,1980,买盘
565,10:42:49,9.9,0.0,17,16830,买盘
566,10:42:55,9.9,0.0,50,49500,买盘
567,10:43:01,9.9,0.0,2,1980,买盘
568,10:43:10,9.9,0.0,17,16830,买盘
569,10:43:19,9.9,0.0,30,29700,买盘
570,10:43:27,9.9,0.0,18,17820,买盘
571,10:43:34,9.9,0.0,1,990,买盘
572,10:43:40,9.9,0.0,28,27720,买盘
573,10:43:49,9.9,0.0,19,18810,买盘
574,10:43:58,9.9,0.0,3,2970,买盘
575,10:44:01,9.9,0.0,29,28710,买盘
576,10:44:09,9.9,0.0,15,14850,买盘
577,10:44:22,9.9,0.0,6,5940,买盘
578,10:44:28,9.9,0.0,5,4950,卖盘
579,10:44:40,9.91,0.01,2,1983,卖盘
580,10:44:43,9.93,0.02,12,11916,买盘
581,10:44:49,9.92,-0.01,10,9920,买盘
582,10:44:55,9.92,0.0,3,2976,卖盘
583,10:45:10,9.92,0.0,6,5952,卖盘
584,10:45:25,9.92,0.0,4,3968,卖盘
585,10:45:40,9.92,0.0,4,3968,卖盘
586,10:45:46,9.93,0.01,21,20853,买盘
587,10:45:55,9.92,-0.01,12,11904,卖盘
588,10:46:01,9.92,0.0,15,14880,卖盘
589,10:46:46,9.92,0.0,2,1984,买盘
590,10:46:49,9.9,-0.02,71,70290,卖盘
591,10:46:58,9.9,0.0,2,1979,买盘
592,10:47:04,9.89,-0.01,1,989,卖盘
593,10:47:10,9.9,0.01,2,1980,买盘
594,10:47:37,9.9,0.0,2,1980,买盘
595,10:47:43,9.9,0.0,2,1980,买盘
596,10:48:28,9.89,-0.01,8,7912,卖盘
597,10:48:43,9.89,0.0,2,1978,买盘
598,10:48:55,9.89,0.0,10,9890,买盘
599,10:49:10,9.89,0.0,2,1978,卖盘
600,10:49:28,9.89,0.0,1,989,卖盘
601,10:49:34,9.89,0.0,1,989,卖盘
602,10:50:04,9.89,0.0,7,6923,卖盘
603,10:50:10,9.89,0.0,1,989,卖盘
604,10:50:16,9.89,0.0,1,989,卖盘
605,10:50:18,9.89,0.0,1,989,卖盘
606,10:51:15,9.89,0.0,3,2967,卖盘
607,10:51:43,9.9,0.01,30,29700,买盘
608,10:51:55,9.9,0.0,22,21780,买盘
609,10:51:58,9.9,0.0,2,1980,买盘
610,10:52:34,9.9,0.0,3,2970,买盘
611,10:52:49,9.81,-0.09,30,29587,卖盘
612,10:53:34,9.88,0.07,1,988,卖盘
613,10:54:07,9.88,0.0,1,988,卖盘
614,10:54:28,9.88,0.0,1,988,卖盘
615,10:54:31,9.88,0.0,1,988,卖盘
616,10:54:58,9.89,0.01,2,1978,卖盘
617,10:55:18,9.89,0.0,1,989,卖盘
618,10:55:28,9.89,0.0,1,989,卖盘
619,10:55:31,9.89,0.0,1,989,卖盘
620,10:56:37,9.89,0.0,29,28681,卖盘
621,10:56:39,9.89,0.0,31,30659,买盘
622,10:56:43,9.88,-0.01,1,988,卖盘
623,10:56:46,9.88,0.0,1,988,卖盘
624,10:56:49,9.89,0.01,26,25714,买盘
625,10:57:01,9.89,0.0,15,14835,买盘
626,10:57:04,9.89,0.0,45,44505,买盘
627,10:57:07,9.89,0.0,8,7912,买盘
628,10:57:19,9.88,-0.01,17,16812,卖盘
629,10:57:22,9.89,0.01,3,2967,买盘
630,10:57:34,9.89,0.0,4,3956,买盘
631,10:57:46,9.89,0.0,5,4945,买盘
632,10:58:06,9.89,0.0,30,29670,卖盘
633,10:58:34,9.89,0.0,5,4945,卖盘
634,10:58:55,9.89,0.0,18,17802,卖盘
635,10:59:01,9.89,0.0,3,2967,买盘
636,10:59:07,9.89,0.0,2,1978,买盘
637,10:59:13,9.89,0.0,27,26703,买盘
638,10:59:49,9.89,0.0,1,989,卖盘
639,11:00:01,9.9,0.01,2,1980,买盘
640,11:00:10,9.89,-0.01,6,5934,卖盘
641,11:00:16,9.9,0.01,12,11880,买盘
642,11:00:28,9.9,0.0,10,9900,买盘
643,11:00:31,9.9,0.0,3,2970,买盘
644,11:00:34,9.9,0.0,3,2970,买盘
645,11:00:37,9.9,0.0,1,990,买盘
646,11:00:40,9.9,0.0,1,990,买盘
647,11:00:52,9.9,0.0,57,56430,买盘
648,11:00:55,9.9,0.0,12,11880,买盘
649,11:01:04,9.9,0.0,64,63360,买盘
650,11:01:10,9.9,0.0,1,990,买盘
651,11:01:28,9.9,0.0,3,2970,买盘
652,11:01:31,9.89,-0.01,1,989,卖盘
653,11:03:28,9.89,0.0,1,989,卖盘
654,11:03:37,9.89,0.0,30,29670,卖盘
655,11:04:06,9.89,0.0,5,4945,卖盘
656,11:04:19,9.9,0.01,1,990,买盘
657,11:04:37,9.9,0.0,8,7920,买盘
658,11:04:46,9.89,-0.01,29,28681,卖盘
659,11:04:58,9.89,0.0,14,13846,买盘
660,11:05:19,9.89,0.0,2,1978,买盘
661,11:05:37,9.89,0.0,55,54395,买盘
662,11:05:52,9.9,0.01,1,990,买盘
663,11:06:01,9.89,-0.01,1,989,卖盘
664,11:06:22,9.9,0.01,12,11880,买盘
665,11:06:55,9.9,0.0,12,11880,买盘
666,11:07:13,9.9,0.0,1,990,买盘
667,11:07:31,9.9,0.0,23,22770,买盘
668,11:08:01,9.9,0.0,59,58409,买盘
669,11:09:19,9.89,-0.01,40,39560,卖盘
670,11:10:01,9.88,-0.01,1,988,卖盘
671,11:10:22,9.89,0.01,1,989,买盘
672,11:10:36,9.89,0.0,9,8901,买盘
673,11:10:39,9.9,0.01,61,60390,买盘
674,11:10:46,9.9,0.0,5,4950,买盘
675,11:11:39,9.9,0.0,8,7920,买盘
676,11:11:43,9.9,0.0,33,32670,买盘
677,11:11:46,9.9,0.0,150,148500,买盘
678,11:11:55,9.9,0.0,2,1980,卖盘
679,11:12:04,9.92,0.02,2,1984,买盘
680,11:12:10,9.91,-0.01,1,991,卖盘
681,11:12:19,9.9,-0.01,119,117812,卖盘
682,11:12:22,9.9,0.0,31,30690,买盘
683,11:12:25,9.9,0.0,47,46530,买盘
684,11:12:28,9.9,0.0,37,36630,买盘
685,11:12:30,9.9,0.0,58,57419,买盘
686,11:12:34,9.9,0.0,6,5940,买盘
687,11:12:55,9.9,0.0,36,35652,卖盘
688,11:13:04,9.9,0.0,2,1980,卖盘
689,11:13:10,9.9,0.0,46,45540,卖盘
690,11:13:25,9.9,0.0,38,37620,卖盘
691,11:13:40,9.9,0.0,21,20790,卖盘
692,11:13:55,9.9,0.0,9,8910,卖盘
693,11:14:10,9.9,0.0,6,5940,卖盘
694,11:14:24,9.9,0.0,2,1980,卖盘
695,11:14:30,9.9,0.0,4,3960,卖盘
696,11:14:36,9.9,0.0,3,2970,买盘
697,11:14:40,9.9,0.0,3,2970,买盘
698,11:14:58,9.9,0.0,16,15840,买盘
699,11:15:10,9.9,0.0,33,32670,卖盘
700,11:15:28,9.83,-0.07,8,7892,卖盘
701,11:15:46,9.9,0.07,1,990,买盘
702,11:17:01,9.89,-0.01,1,989,卖盘
703,11:17:04,9.9,0.01,2,1980,买盘
704,11:17:21,9.89,-0.01,33,32637,卖盘
705,11:17:46,9.89,0.0,5,4945,卖盘
706,11:18:31,9.9,0.01,5,4950,买盘
707,11:18:55,9.9,0.0,12,11880,买盘
708,11:19:04,9.89,-0.01,1,989,卖盘
709,11:19:07,9.9,0.01,41,40590,买盘
710,11:19:13,9.9,0.0,29,28710,买盘
711,11:19:16,9.9,0.0,1,990,买盘
712,11:19:19,9.9,0.0,1,990,买盘
713,11:19:28,9.9,0.0,2,1980,买盘
714,11:19:31,9.9,0.0,4,3960,买盘
715,11:19:37,9.9,0.0,2,1980,买盘
716,11:19:39,9.89,-0.01,17,16813,卖盘
717,11:20:54,9.89,0.0,7,6923,买盘
718,11:20:58,9.89,0.0,10,9890,买盘
719,11:21:15,9.88,-0.01,11,10868,卖盘
720,11:21:22,9.88,0.0,4,3952,买盘
721,11:21:31,9.85,-0.03,1,985,卖盘
722,11:21:34,9.88,0.03,2,1976,买盘
723,11:22:07,9.88,0.0,2,1976,买盘
724,11:22:13,9.88,0.0,30,29640,买盘
725,11:22:19,9.88,0.0,1,988,买盘
726,11:22:25,9.88,0.0,2,1976,买盘
727,11:22:31,9.87,-0.01,5,4935,卖盘
728,11:22:34,9.87,0.0,37,36519,买盘
729,11:22:37,9.87,0.0,5,4935,买盘
730,11:22:40,9.87,0.0,3,2961,买盘
731,11:22:49,9.88,0.01,1,988,买盘
732,11:22:52,9.88,0.0,1,988,买盘
733,11:22:55,9.88,0.0,1,988,买盘
734,11:22:58,9.88,0.0,12,11856,买盘
735,11:23:16,9.89,0.01,4,3956,买盘
736,11:23:34,9.88,-0.01,1,988,卖盘
737,11:23:40,9.89,0.01,50,49450,买盘
738,11:23:46,9.89,0.0,12,11868,买盘
739,11:23:52,9.9,0.01,25,24750,买盘
740,11:23:54,9.9,0.0,1,990,买盘
741,11:23:57,9.9,0.0,22,21780,买盘
742,11:24:01,9.9,0.0,9,8910,买盘
743,11:24:04,9.9,0.0,17,16830,买盘
744,11:24:10,9.9,0.0,10,9900,卖盘
745,11:24:13,9.9,0.0,9,8910,卖盘
746,11:24:15,9.91,0.01,19,18829,买盘
747,11:24:18,9.91,0.0,1,991,买盘
748,11:24:28,9.9,-0.01,20,19800,卖盘
749,11:24:37,9.91,0.01,2,1982,买盘
750,11:24:40,9.9,-0.01,11,10890,卖盘
751,11:24:55,9.9,0.0,14,13867,卖盘
752,11:25:01,9.9,0.0,5,4950,卖盘
753,11:25:52,9.9,0.0,143,141570,买盘
754,11:26:04,9.89,-0.01,1,989,卖盘
755,11:26:16,9.9,0.01,4,3960,买盘
756,11:27:07,9.9,0.0,50,49500,买盘
757,11:28:03,9.89,-0.01,92,91000,卖盘
758,11:28:13,9.9,0.01,1,990,买盘
759,11:29:16,9.9,0.0,4,3960,买盘
760,11:29:22,9.9,0.0,10,9900,买盘
761,11:29:34,9.9,0.0,21,20790,买盘
762,11:29:46,9.9,0.0,20,19800,买盘
763,11:29:55,9.89,-0.01,13,12857,卖盘
764,13:00:07,9.9,0.01,4,3957,买盘
765,13:01:01,9.85,-0.05,39,38476,卖盘
766,13:03:31,9.9,0.05,10,9900,买盘
767,13:05:01,9.9,0.0,20,19800,买盘
768,13:05:34,9.9,0.0,4,3960,买盘
769,13:05:57,9.88,-0.02,2,1976,卖盘
770,13:06:04,9.88,0.0,2,1976,买盘
771,13:06:10,9.88,0.0,6,5928,买盘
772,13:06:55,9.9,0.02,12,11880,买盘
773,13:07:01,9.9,0.0,2,1980,买盘
774,13:07:06,9.9,0.0,2,1980,买盘
775,13:07:10,9.89,-0.01,50,49450,卖盘
776,13:08:10,9.89,0.0,2,1978,卖盘
777,13:08:16,9.88,-0.01,18,17785,卖盘
778,13:08:36,9.87,-0.01,12,11845,卖盘
779,13:10:28,9.87,0.0,5,4935,卖盘
780,13:11:10,9.87,0.0,1,987,卖盘
781,13:11:28,9.89,0.02,1,989,买盘
782,13:11:52,9.89,0.0,8,7912,买盘
783,13:13:25,9.89,0.0,70,69230,买盘
784,13:15:52,9.89,0.0,1,989,买盘
785,13:15:58,9.89,0.0,24,23736,买盘
786,13:16:04,9.89,0.0,4,3956,买盘
787,13:16:10,9.89,0.0,3,2967,买盘
788,13:16:16,9.89,0.0,3,2967,买盘
789,13:16:18,9.89,0.0,3,2967,买盘
790,13:16:22,9.88,-0.01,8,7911,卖盘
791,13:16:25,9.89,0.01,12,11868,买盘
792,13:16:42,9.9,0.01,2,1979,买盘
793,13:17:07,9.9,0.0,1,990,买盘
794,13:17:24,9.9,0.0,1,990,买盘
795,13:17:57,9.9,0.0,12,11880,买盘
796,13:18:25,9.89,-0.01,4,3956,卖盘
797,13:18:55,9.9,0.01,12,11880,买盘
798,13:20:49,9.89,-0.01,1,989,卖盘
799,13:21:01,9.9,0.01,1,990,买盘
800,13:21:30,9.9,0.0,2,1980,买盘
801,13:22:10,9.9,0.0,1,990,买盘
802,13:22:37,9.9,0.0,1,990,买盘
803,13:23:04,9.9,0.0,4,3960,买盘
804,13:23:16,9.9,0.0,1,990,买盘
805,13:23:52,9.9,0.0,1,990,买盘
806,13:24:54,9.9,0.0,12,11880,买盘
807,13:25:16,9.89,-0.01,10,9890,卖盘
808,13:25:22,9.9,0.01,4,3443,买盘
809,13:26:46,9.9,0.0,1,990,买盘
810,13:26:48,9.9,0.0,4,3960,买盘
811,13:27:04,9.9,0.0,1,990,买盘
812,13:27:40,9.9,0.0,8,7920,买盘
813,13:27:45,9.9,0.0,1,990,买盘
814,13:28:07,9.89,-0.01,2,1978,卖盘
815,13:28:40,9.9,0.01,1,990,买盘
816,13:29:31,9.89,-0.01,5,4945,卖盘
817,13:29:49,9.89,0.0,1,989,卖盘
818,13:29:52,9.9,0.01,1,990,买盘
819,13:29:54,9.9,0.0,1,990,买盘
820,13:30:13,9.89,-0.01,7,7437,卖盘
821,13:30:54,9.89,0.0,3,2453,买盘
822,13:32:04,9.89,0.0,5,4945,卖盘
823,13:34:09,9.89,0.0,10,9890,卖盘
824,13:34:46,9.89,0.0,4,3956,卖盘
825,13:35:46,9.89,0.0,4,3956,卖盘
826,13:36:19,9.89,0.0,1,989,卖盘
827,13:36:55,9.89,0.0,12,11868,买盘
828,13:38:04,9.89,0.0,12,11868,买盘
829,13:38:52,9.89,0.0,51,50439,买盘
830,13:38:54,9.89,0.0,25,24791,买盘
831,13:39:45,9.89,0.0,1,989,买盘
832,13:40:04,9.89,0.0,4,3956,买盘
833,13:40:10,9.89,0.0,2,1978,买盘
834,13:40:13,9.89,0.0,1,989,买盘
835,13:40:16,9.89,0.0,2,1978,买盘
836,13:40:19,9.89,0.0,2,1978,买盘
837,13:40:22,9.89,0.0,2,1978,买盘
838,13:40:25,9.89,0.0,2,1978,买盘
839,13:40:28,9.89,0.0,1,267,卖盘
840,13:40:36,9.89,0.0,5,4945,卖盘
841,13:40:40,9.89,0.0,2,1978,买盘
842,13:41:28,9.89,0.0,1,989,买盘
843,13:42:43,9.89,0.0,1,989,买盘
844,13:42:52,9.89,0.0,1,989,买盘
845,13:42:55,9.89,0.0,12,11868,买盘
846,13:42:57,9.89,0.0,1,989,买盘
847,13:43:04,9.89,0.0,6,5934,买盘
848,13:43:07,9.89,0.0,1,989,买盘
849,13:43:10,9.9,0.01,3,2970,买盘
850,13:43:15,9.9,0.0,2,1980,买盘
851,13:43:19,9.9,0.0,2,1980,买盘
852,13:43:22,9.9,0.0,3,2970,买盘
853,13:43:24,9.9,0.0,3,2970,买盘
854,13:43:27,9.9,0.0,3,2970,买盘
855,13:43:34,9.9,0.0,2,1980,买盘
856,13:43:52,9.89,-0.01,21,20769,卖盘
857,13:44:28,9.89,0.0,6,5934,买盘
858,13:44:31,9.89,0.0,5,4945,买盘
859,13:44:36,9.9,0.01,1,990,买盘
860,13:46:13,9.9,0.0,1,990,买盘
861,13:47:46,9.9,0.0,1,990,买盘
862,13:47:51,9.9,0.0,1,990,买盘
863,13:47:57,9.89,-0.01,4,3956,卖盘
864,13:48:01,9.89,0.0,4,3956,卖盘
865,13:48:04,9.89,0.0,10,9880,卖盘
866,13:48:10,9.88,-0.01,8,7904,买盘
867,13:48:55,9.9,0.02,12,11880,买盘
868,13:48:58,9.89,-0.01,1,989,卖盘
869,13:49:46,9.88,-0.01,39,38453,卖盘
870,13:49:49,9.88,0.0,1,988,买盘
871,13:49:54,9.88,0.0,9,8971,买盘
872,13:50:01,9.9,0.02,1,990,买盘
873,13:50:13,9.89,-0.01,14,13846,卖盘
874,13:51:48,9.89,0.0,2,1978,买盘
875,13:52:42,9.89,0.0,3,2967,买盘
876,13:52:49,9.89,0.0,3,2967,买盘
877,13:53:10,9.89,0.0,27,26703,买盘
878,13:53:13,9.89,0.0,2,1978,买盘
879,13:53:16,9.89,0.0,1,989,买盘
880,13:53:19,9.89,0.0,12,11868,买盘
881,13:53:25,9.89,0.0,10,9890,卖盘
882,13:53:49,9.89,0.0,16,15824,卖盘
883,13:54:55,9.9,0.01,6,5940,买盘
884,13:55:22,9.9,0.0,1,990,买盘
885,13:55:52,9.9,0.0,1,990,买盘
886,13:57:25,9.9,0.0,1,990,买盘
887,13:57:31,9.9,0.0,1,990,买盘
888,13:59:00,9.9,0.0,1,990,买盘
889,13:59:15,9.89,-0.01,22,21758,卖盘
890,13:59:43,9.9,0.01,12,11880,买盘
891,14:00:04,9.89,-0.01,30,29670,卖盘
892,14:00:07,9.89,0.0,59,58351,卖盘
893,14:01:13,9.89,0.0,15,14835,卖盘
894,14:02:34,9.9,0.01,14,13850,买盘
895,14:03:55,9.9,0.0,5,4950,买盘
896,14:04:04,9.9,0.0,14,13860,买盘
897,14:04:37,9.89,-0.01,37,36593,卖盘
898,14:05:07,9.89,0.0,2,1978,卖盘
899,14:05:33,9.89,0.0,14,13846,买盘
900,14:05:36,9.89,0.0,11,10879,买盘
901,14:06:10,9.9,0.01,6,5940,买盘
902,14:06:13,9.9,0.0,6,5940,买盘
903,14:06:16,9.9,0.0,34,33660,买盘
904,14:06:19,9.9,0.0,6,5940,买盘
905,14:06:22,9.9,0.0,6,5940,买盘
906,14:06:25,9.9,0.0,2,1980,买盘
907,14:06:45,9.9,0.0,4,3960,买盘
908,14:06:55,9.9,0.0,12,11880,买盘
909,14:07:01,9.9,0.0,17,16827,买盘
910,14:07:10,9.89,-0.01,5,4945,卖盘
911,14:07:37,9.9,0.01,4,3960,买盘
912,14:08:31,9.9,0.0,14,13860,买盘
913,14:08:39,9.9,0.0,1,990,买盘
914,14:09:46,9.9,0.0,59,58410,买盘
915,14:09:58,9.9,0.0,4,3960,买盘
916,14:10:01,9.9,0.0,14,13860,买盘
917,14:10:04,9.9,0.0,1,990,买盘
918,14:10:06,9.89,-0.01,32,31648,卖盘
919,14:10:30,9.9,0.01,7,6930,买盘
920,14:10:58,9.9,0.0,1,990,买盘
921,14:11:19,9.9,0.0,4,3960,买盘
922,14:11:28,9.9,0.0,14,13860,买盘
923,14:11:34,9.9,0.0,7,6930,买盘
924,14:12:09,9.9,0.0,9,8910,买盘
925,14:12:34,9.89,-0.01,7,6923,卖盘
926,14:12:55,9.89,0.0,3,2967,买盘
927,14:12:58,9.9,0.01,14,13860,买盘
928,14:13:07,9.89,-0.01,12,11868,卖盘
929,14:14:25,9.89,0.0,14,13846,买盘
930,14:14:55,9.88,-0.01,10,9840,卖盘
931,14:15:16,9.89,0.01,1,989,买盘
932,14:15:55,9.9,0.01,14,13857,买盘
933,14:17:25,9.9,0.0,4,3960,买盘
934,14:18:16,9.9,0.0,1,990,买盘
935,14:18:39,9.89,-0.01,4,3956,卖盘
936,14:18:43,9.89,0.0,1,989,买盘
937,14:18:55,9.89,0.0,12,11868,买盘
938,14:20:45,9.88,-0.01,16,15808,卖盘
939,14:21:25,9.89,0.01,9,8901,买盘
940,14:21:57,9.89,0.0,3,2967,买盘
941,14:22:16,9.89,0.0,25,24725,买盘
942,14:22:25,9.89,0.0,8,7912,买盘
943,14:24:07,9.88,-0.01,5,4940,卖盘
944,14:24:43,9.89,0.01,1,989,买盘
945,14:24:55,9.89,0.0,12,11868,买盘
946,14:25:34,9.88,-0.01,7,6956,卖盘
947,14:25:37,9.88,0.0,1,988,买盘
948,14:25:40,9.88,0.0,1,988,买盘
949,14:25:43,9.88,0.0,1,988,买盘
950,14:25:46,9.88,0.0,10,9840,买盘
951,14:26:04,9.88,0.0,25,24700,卖盘
952,14:26:07,9.89,0.01,10,9890,买盘
953,14:26:43,9.87,-0.02,42,41455,卖盘
954,14:27:01,9.87,0.0,23,22701,卖盘
955,14:27:16,9.87,0.0,18,17766,卖盘
956,14:28:01,9.87,0.0,9,8883,卖盘
957,14:28:15,9.87,0.0,1,987,买盘
958,14:28:22,9.87,0.0,2,1974,买盘
959,14:28:25,9.87,0.0,3,2961,买盘
960,14:28:28,9.87,0.0,3,2961,买盘
961,14:28:31,9.87,0.0,2,1974,买盘
962,14:28:34,9.87,0.0,4,3948,买盘
963,14:28:39,9.87,0.0,1,987,买盘
964,14:28:42,9.87,0.0,1,987,买盘
965,14:28:46,9.87,0.0,1,987,买盘
966,14:29:24,9.87,0.0,33,32571,卖盘
967,14:29:34,9.87,0.0,22,21714,卖盘
968,14:30:10,9.87,0.0,3,2961,卖盘
969,14:30:28,9.87,0.0,2,1974,买盘
970,14:30:43,9.87,0.0,2,1974,买盘
971,14:30:49,9.87,0.0,7,6909,买盘
972,14:30:52,9.87,0.0,8,7896,买盘
973,14:30:55,9.87,0.0,12,11844,买盘
974,14:30:58,9.87,0.0,1,987,买盘
975,14:31:07,9.87,0.0,8,7896,买盘
976,14:31:13,9.87,0.0,1,987,买盘
977,14:31:19,9.88,0.01,8,7903,买盘
978,14:31:24,9.88,0.0,13,12844,买盘
979,14:31:37,9.87,-0.01,16,15792,卖盘
980,14:31:40,9.87,0.0,1,987,买盘
981,14:31:43,9.87,0.0,3,2961,买盘
982,14:31:46,9.88,0.01,10,9872,买盘
983,14:32:01,9.88,0.0,19,18772,买盘
984,14:32:16,9.89,0.01,8,7912,买盘
985,14:32:42,9.89,0.0,3,2967,买盘
986,14:32:55,9.89,0.0,13,12857,买盘
987,14:33:07,9.88,-0.01,35,34580,卖盘
988,14:33:10,9.88,0.0,1,988,卖盘
989,14:33:40,9.88,0.0,3,2964,卖盘
990,14:33:52,9.87,-0.01,24,23688,卖盘
991,14:34:28,9.88,0.01,13,12844,买盘
992,14:34:45,9.88,0.0,25,24700,买盘
993,14:35:09,9.87,-0.01,11,10857,卖盘
994,14:35:55,9.87,0.0,13,12831,买盘
995,14:36:55,9.87,0.0,3,2961,买盘
996,14:37:10,9.87,0.0,4,3948,卖盘
997,14:37:16,9.88,0.01,1,988,买盘
998,14:37:27,9.88,0.0,13,12844,买盘
999,14:37:43,9.87,-0.01,9,8883,卖盘
1000,14:38:55,9.86,-0.01,5,4930,卖盘
1001,14:39:10,9.86,0.0,4,3944,买盘
1002,14:39:16,9.86,0.0,26,25636,卖盘
1003,14:39:22,9.86,0.0,2,1972,卖盘
1004,14:39:25,9.86,0.0,13,12818,买盘
1005,14:40:07,9.86,0.0,1,986,买盘
1006,14:40:30,9.85,-0.01,27,26595,卖盘
1007,14:40:40,9.86,0.01,4,3944,买盘
1008,14:40:49,9.86,0.0,13,12818,买盘
1009,14:40:55,9.85,-0.01,29,28565,卖盘
1010,14:41:22,9.86,0.01,6,5911,买盘
1011,14:41:27,9.83,-0.03,4,3934,卖盘
1012,14:41:33,9.85,0.02,2,1970,买盘
1013,14:41:37,9.86,0.01,13,12809,买盘
1014,14:41:48,9.86,0.0,1,986,买盘
1015,14:41:52,9.86,0.0,1,986,买盘
1016,14:42:01,9.86,0.0,1,986,中性盘
1017,14:42:04,9.87,0.01,4,3947,买盘
1018,14:42:10,9.86,-0.01,2,1972,卖盘
1019,14:42:13,9.87,0.01,3,2961,买盘
1020,14:42:19,9.87,0.0,20,19740,买盘
1021,14:42:25,9.87,0.0,6,5922,买盘
1022,14:42:28,9.87,0.0,2,1974,买盘
1023,14:42:31,9.87,0.0,3,2961,买盘
1024,14:42:34,9.87,0.0,4,3948,买盘
1025,14:42:37,9.87,0.0,2,1974,买盘
1026,14:42:40,9.87,0.0,1,987,买盘
1027,14:42:49,9.87,0.0,3,2961,买盘
1028,14:42:55,9.87,0.0,6,5922,买盘
1029,14:43:07,9.88,0.01,10,9880,买盘
1030,14:43:10,9.87,-0.01,7,6909,卖盘
1031,14:43:19,9.88,0.01,4,3952,买盘
1032,14:43:22,9.88,0.0,3,2964,买盘
1033,14:43:34,9.88,0.0,3,2964,买盘
1034,14:43:46,9.88,0.0,13,12844,买盘
1035,14:43:49,9.88,0.0,2,1976,买盘
1036,14:43:51,9.88,0.0,2,1976,买盘
1037,14:44:01,9.88,0.0,3,2964,买盘
1038,14:44:04,9.88,0.0,5,4940,买盘
1039,14:44:07,9.88,0.0,5,4940,买盘
1040,14:44:13,9.88,0.0,8,7904,买盘
1041,14:44:16,9.88,0.0,2,1976,买盘
1042,14:44:22,9.89,0.01,6,5934,买盘
1043,14:44:24,9.89,0.0,5,4945,买盘
1044,14:44:31,9.89,0.0,3,2967,买盘
1045,14:44:34,9.89,0.0,6,5934,买盘
1046,14:44:37,9.89,0.0,3,2967,买盘
1047,14:44:40,9.89,0.0,5,4945,买盘
1048,14:44:49,9.89,0.0,3,2967,买盘
1049,14:44:52,9.89,0.0,5,4945,买盘
1050,14:44:55,9.89,0.0,5,4945,买盘
1051,14:45:04,9.89,0.0,10,9890,买盘
1052,14:45:07,9.89,0.0,7,6923,买盘
1053,14:45:10,9.89,0.0,20,19780,买盘
1054,14:45:13,9.89,0.0,13,12857,买盘
1055,14:45:19,9.89,0.0,2,1978,买盘
1056,14:45:22,9.89,0.0,3,2967,买盘
1057,14:45:25,9.89,0.0,58,57362,买盘
1058,14:45:28,9.89,0.0,3,2967,买盘
1059,14:45:31,9.89,0.0,1,989,买盘
1060,14:45:34,9.89,0.0,3,2967,买盘
1061,14:45:37,9.89,0.0,5,4945,买盘
1062,14:45:40,9.89,0.0,18,17802,买盘
1063,14:45:49,9.89,0.0,3,2967,买盘
1064,14:45:55,9.87,-0.02,13,12842,卖盘
1065,14:46:04,9.87,0.0,3,2961,买盘
1066,14:46:07,9.87,0.0,5,4935,买盘
1067,14:46:13,9.87,0.0,8,7896,买盘
1068,14:46:19,9.87,0.0,8,7896,买盘
1069,14:46:22,9.87,0.0,3,2961,买盘
1070,14:46:25,9.87,0.0,6,5922,买盘
1071,14:46:31,9.87,0.0,3,2961,买盘
1072,14:46:34,9.87,0.0,3,2961,买盘
1073,14:46:37,9.87,0.0,8,7896,买盘
1074,14:46:40,9.87,0.0,9,8883,买盘
1075,14:46:43,9.87,0.0,9,8883,买盘
1076,14:46:52,9.87,0.0,4,3948,买盘
1077,14:47:04,9.87,0.0,4,3948,买盘
1078,14:47:07,9.87,0.0,12,11844,买盘
1079,14:47:13,9.87,0.0,2,1974,买盘
1080,14:47:19,9.87,0.0,3,2961,买盘
1081,14:47:22,9.87,0.0,2,1974,买盘
1082,14:47:40,9.87,0.0,1,987,买盘
1083,14:47:42,9.87,0.0,1,987,买盘
1084,14:47:46,9.87,0.0,12,11844,买盘
1085,14:47:49,9.87,0.0,2,1974,买盘
1086,14:47:52,9.87,0.0,3,2961,买盘
1087,14:48:04,9.87,0.0,6,5922,买盘
1088,14:48:07,9.87,0.0,9,8883,买盘
1089,14:48:13,9.87,0.0,11,10857,买盘
1090,14:48:19,9.88,0.01,13,12832,买盘
1091,14:48:31,9.88,0.0,3,2964,买盘
1092,14:48:37,9.88,0.0,3,2964,买盘
1093,14:48:40,9.88,0.0,5,4940,买盘
1094,14:48:43,9.88,0.0,4,3952,买盘
1095,14:48:49,9.88,0.0,3,2964,买盘
1096,14:48:52,9.88,0.0,3,2964,买盘
1097,14:48:55,9.88,0.0,17,16796,买盘
1098,14:48:57,9.88,0.0,1,988,买盘
1099,14:49:01,9.88,0.0,1,988,买盘
1100,14:49:04,9.88,0.0,3,2964,买盘
1101,14:49:07,9.88,0.0,3,2964,买盘
1102,14:49:10,9.88,0.0,1,988,买盘
1103,14:49:19,9.88,0.0,3,2964,买盘
1104,14:49:22,9.88,0.0,2,1976,买盘
1105,14:49:34,9.88,0.0,2,1976,买盘
1106,14:49:52,9.88,0.0,3,2964,买盘
1107,14:49:58,9.88,0.0,4,3952,买盘
1108,14:50:04,9.88,0.0,3,2964,买盘
1109,14:50:07,9.88,0.0,6,5928,买盘
1110,14:50:13,9.88,0.0,3,2964,买盘
1111,14:50:19,9.88,0.0,6,5928,买盘
1112,14:50:22,9.88,0.0,2,1976,买盘
1113,14:50:25,9.88,0.0,3,2964,买盘
1114,14:50:28,9.89,0.01,8,7906,买盘
1115,14:50:37,9.89,0.0,1,989,买盘
1116,14:50:40,9.89,0.0,3,2967,买盘
1117,14:50:49,9.89,0.0,2,1978,买盘
1118,14:51:07,9.89,0.0,3,2967,买盘
1119,14:51:13,9.89,0.0,1,989,买盘
1120,14:51:19,9.89,0.0,3,2967,买盘
1121,14:51:22,9.89,0.0,4,3956,买盘
1122,14:51:28,9.89,0.0,5,4945,买盘
1123,14:51:34,9.89,0.0,14,13836,买盘
1124,14:51:40,9.89,0.0,1,989,买盘
1125,14:51:49,9.88,-0.01,1,988,中性盘
1126,14:52:31,9.88,0.0,9,8892,卖盘
1127,14:52:43,9.86,-0.02,24,23702,卖盘
1128,14:52:46,9.85,-0.01,20,19700,卖盘
1129,14:53:07,9.86,0.01,4,3944,卖盘
1130,14:53:16,9.85,-0.01,7,6895,卖盘
1131,14:53:25,9.85,0.0,1,985,卖盘
1132,14:53:31,9.86,0.01,2,1972,中性盘
1133,14:53:34,9.86,0.0,7,6902,中性盘
1134,14:53:46,9.85,-0.01,3,2955,卖盘
1135,14:53:49,9.84,-0.01,7,6900,卖盘
1136,14:53:52,9.85,0.01,2,1970,卖盘
1137,14:53:55,9.84,-0.01,2,1968,卖盘
1138,14:53:58,9.85,0.01,19,18715,买盘
1139,14:54:01,9.85,0.0,1,985,卖盘
1140,14:54:04,9.85,0.0,5,4925,中性盘
1141,14:54:13,9.86,0.01,1,986,中性盘
1142,14:54:16,9.85,-0.01,14,13790,卖盘
1143,14:54:19,9.87,0.02,2,1974,买盘
1144,14:54:25,9.87,0.0,3,2961,买盘
1145,14:54:31,9.84,-0.03,52,51174,卖盘
1146,14:54:37,9.87,0.03,2,1974,买盘
1147,14:54:49,9.89,0.02,4,3954,买盘
1148,14:55:01,9.87,-0.02,2,1974,买盘
1149,14:55:28,9.86,-0.01,4,3944,卖盘
1150,14:55:34,9.83,-0.03,116,114131,卖盘
1151,14:56:10,9.87,0.04,1,987,买盘
1152,14:56:25,9.87,0.0,3,2961,买盘
1153,14:56:49,9.87,0.0,6,5918,买盘
1154,14:56:55,9.82,-0.05,39,38298,卖盘
1155,15:00:05,9.87,0.05,53,52311,卖盘
