,time,price,change,volume,amount,type
0,09:25:04,13.69,-0.07,287,392903,卖盘
1,09:30:04,13.68,-0.01,88,120414,卖盘
2,09:30:07,13.68,0.0,269,367889,卖盘
3,09:30:09,13.68,0.0,15,20520,买盘
4,09:30:13,13.68,0.0,42,57449,买盘
5,09:30:16,13.68,0.0,158,216140,买盘
6,09:30:18,13.68,0.0,7,9574,买盘
7,09:30:21,13.66,-0.02,1,1366,卖盘
8,09:30:28,13.66,0.0,15,20490,卖盘
9,09:30:31,13.66,0.0,10,13660,卖盘
10,09:30:34,13.65,-0.01,27,36881,卖盘
11,09:30:36,13.68,0.03,68,93014,买盘
12,09:30:40,13.65,-0.03,26,35490,卖盘
13,09:30:42,13.65,0.0,19,25935,卖盘
14,09:30:46,13.66,0.01,53,72357,买盘
15,09:30:48,13.65,-0.01,11,15015,卖盘
16,09:30:51,13.66,0.01,30,40976,买盘
17,09:30:55,13.66,0.0,51,69663,买盘
18,09:30:58,13.64,-0.02,20,27280,卖盘
19,09:31:00,13.66,0.02,12,16392,买盘
20,09:31:04,13.65,-0.01,13,17751,卖盘
21,09:31:07,13.68,0.03,54,73738,买盘
22,09:31:09,13.68,0.0,154,210666,买盘
23,09:31:12,13.66,-0.02,81,110884,中性盘
24,09:31:16,13.71,0.05,51,69875,买盘
25,09:31:22,13.71,0.0,36,49356,买盘
26,09:31:28,13.71,0.0,49,67179,买盘
27,09:31:30,13.66,-0.05,50,68303,卖盘
28,09:31:33,13.72,0.06,27,37029,买盘
29,09:31:37,13.66,-0.06,17,23238,卖盘
30,09:31:48,13.68,0.02,2,2736,卖盘
31,09:31:52,13.68,0.0,9,12312,卖盘
32,09:31:54,13.7,0.02,4,5480,买盘
33,09:31:58,13.7,0.0,1,1370,卖盘
34,09:32:01,13.66,-0.04,162,221336,卖盘
35,09:32:07,13.65,-0.01,1,1365,卖盘
36,09:32:12,13.66,0.01,2,2732,买盘
37,09:32:19,13.66,0.0,33,45138,卖盘
38,09:32:22,13.66,0.0,6,8196,卖盘
39,09:32:25,13.7,0.04,48,65614,买盘
40,09:32:27,13.7,0.0,1,1370,买盘
41,09:32:30,13.65,-0.05,36,49207,卖盘
42,09:32:33,13.7,0.05,4,5476,买盘
43,09:32:37,13.7,0.0,23,31455,买盘
44,09:32:39,13.7,0.0,24,32824,买盘
45,09:32:43,13.65,-0.05,33,45189,卖盘
46,09:32:46,13.66,0.01,5,6827,中性盘
47,09:32:48,13.66,0.0,26,35516,卖盘
48,09:32:51,13.66,0.0,65,88790,卖盘
49,09:32:54,13.66,0.0,37,50550,卖盘
50,09:32:58,13.66,0.0,43,58828,卖盘
51,09:33:01,13.66,0.0,14,19144,卖盘
52,09:33:04,13.66,0.0,34,46444,卖盘
53,09:33:07,13.69,0.03,62,84837,买盘
54,09:33:09,13.65,-0.04,18,24584,卖盘
55,09:33:12,13.68,0.03,33,45055,买盘
56,09:33:16,13.65,-0.03,42,57439,卖盘
57,09:33:19,13.65,0.0,10,13674,卖盘
58,09:33:22,13.67,0.02,44,60148,中性盘
59,09:33:25,13.67,0.0,6,8202,买盘
60,09:33:27,13.68,0.01,59,80717,买盘
61,09:33:31,13.65,-0.03,109,149122,卖盘
62,09:33:33,13.7,0.05,115,157482,买盘
63,09:33:37,13.65,-0.05,79,108099,卖盘
64,09:33:39,13.65,0.0,2,2730,买盘
65,09:33:42,13.68,0.03,81,110805,买盘
66,09:33:49,13.69,0.01,60,82130,买盘
67,09:33:51,13.65,-0.04,23,31467,卖盘
68,09:33:57,13.65,0.0,5,6825,卖盘
69,09:34:04,13.7,0.05,110,150608,买盘
70,09:34:07,13.68,-0.02,8,10944,中性盘
71,09:34:13,13.65,-0.03,3,4096,卖盘
72,09:34:19,13.65,0.0,33,45045,卖盘
73,09:34:22,13.65,0.0,107,146055,买盘
74,09:34:31,13.66,0.01,53,72398,卖盘
75,09:34:34,13.65,-0.01,39,53270,卖盘
76,09:34:37,13.65,0.0,5,6825,买盘
77,09:34:39,13.65,0.0,3,4095,买盘
78,09:34:42,13.65,0.0,5,6825,买盘
79,09:34:46,13.65,0.0,5,6825,买盘
80,09:34:52,13.65,0.0,113,154245,买盘
81,09:34:54,13.64,-0.01,169,230672,卖盘
82,09:35:01,13.65,0.01,10,13650,卖盘
83,09:35:09,13.65,0.0,113,154245,卖盘
84,09:35:12,13.64,-0.01,3,4092,卖盘
85,09:35:19,13.65,0.01,64,87307,买盘
86,09:35:30,13.65,0.0,124,169260,买盘
87,09:35:34,13.65,0.0,3,4095,卖盘
88,09:35:36,13.65,0.0,32,43680,卖盘
89,09:35:40,13.64,-0.01,111,151472,卖盘
90,09:35:43,13.65,0.01,20,27300,买盘
91,09:35:46,13.65,0.0,2,2730,买盘
92,09:35:49,13.65,0.0,7,9555,买盘
93,09:35:52,13.65,0.0,15,20475,买盘
94,09:36:00,13.64,-0.01,9,12276,卖盘
95,09:36:04,13.65,0.01,28,38216,买盘
96,09:36:09,13.64,-0.01,16,21828,卖盘
97,09:36:13,13.64,0.0,86,117304,卖盘
98,09:36:16,13.63,-0.01,46,62705,卖盘
99,09:36:19,13.63,0.0,91,124033,卖盘
100,09:36:21,13.63,0.0,203,276778,卖盘
101,09:36:25,13.62,-0.01,77,104894,卖盘
102,09:36:28,13.62,0.0,56,76272,卖盘
103,09:36:31,13.61,-0.01,106,144316,卖盘
104,09:36:34,13.61,0.0,38,51718,卖盘
105,09:36:37,13.6,-0.01,32,43534,卖盘
106,09:36:39,13.6,0.0,35,47600,卖盘
107,09:36:43,13.59,-0.01,99,134638,卖盘
108,09:36:45,13.6,0.01,6,8154,买盘
109,09:36:48,13.6,0.0,13,17680,卖盘
110,09:36:51,13.58,-0.02,20,27160,卖盘
111,09:36:54,13.58,0.0,30,40740,卖盘
112,09:36:57,13.59,0.01,4,5433,买盘
113,09:37:01,13.58,-0.01,62,84196,卖盘
114,09:37:04,13.58,0.0,18,24454,卖盘
115,09:37:10,13.58,0.0,15,20370,买盘
116,09:37:12,13.57,-0.01,10,13570,卖盘
117,09:37:16,13.58,0.01,2,2716,买盘
118,09:37:19,13.57,-0.01,17,23080,卖盘
119,09:37:22,13.57,0.0,19,25783,卖盘
120,09:37:27,13.57,0.0,11,14927,买盘
121,09:37:30,13.57,0.0,21,28498,卖盘
122,09:37:34,13.56,-0.01,42,56987,卖盘
123,09:37:37,13.56,0.0,28,37971,卖盘
124,09:37:40,13.56,0.0,9,12204,买盘
125,09:37:43,13.56,0.0,45,60995,买盘
126,09:37:45,13.55,-0.01,6,8130,卖盘
127,09:37:49,13.54,-0.01,32,43353,卖盘
128,09:37:52,13.54,0.0,13,17607,卖盘
129,09:37:55,13.54,0.0,27,36569,卖盘
130,09:37:57,13.54,0.0,9,12186,卖盘
131,09:38:01,13.54,0.0,13,17604,卖盘
132,09:38:04,13.52,-0.02,20,27060,卖盘
133,09:38:06,13.54,0.02,63,85342,中性盘
134,09:38:10,13.52,-0.02,26,35163,卖盘
135,09:38:12,13.54,0.02,68,91996,买盘
136,09:38:19,13.52,-0.02,6,8112,卖盘
137,09:38:21,13.52,0.0,29,39210,卖盘
138,09:38:25,13.54,0.02,25,33812,买盘
139,09:38:27,13.54,0.0,52,70358,买盘
140,09:38:30,13.54,0.0,81,109514,买盘
141,09:38:34,13.52,-0.02,13,17576,买盘
142,09:38:37,13.53,0.01,15,20297,买盘
143,09:38:40,13.52,-0.01,107,144728,卖盘
144,09:38:46,13.52,0.0,79,106742,买盘
145,09:38:52,13.51,-0.01,71,95930,卖盘
146,09:38:55,13.48,-0.03,153,206536,卖盘
147,09:38:57,13.47,-0.01,32,43104,卖盘
148,09:39:01,13.5,0.03,56,75381,买盘
149,09:39:04,13.47,-0.03,3,4041,卖盘
150,09:39:06,13.45,-0.02,28,37694,卖盘
151,09:39:13,13.47,0.02,1,1347,中性盘
152,09:39:16,13.44,-0.03,62,83441,卖盘
153,09:39:19,13.47,0.03,19,25565,买盘
154,09:39:21,13.41,-0.06,56,75146,卖盘
155,09:39:24,13.41,0.0,71,95369,卖盘
156,09:39:31,13.41,0.0,62,83194,卖盘
157,09:39:33,13.41,0.0,66,88558,卖盘
158,09:39:36,13.41,0.0,16,21486,卖盘
159,09:39:40,13.41,0.0,97,130077,卖盘
160,09:39:43,13.41,0.0,38,50958,买盘
161,09:39:46,13.41,0.0,85,113947,买盘
162,09:39:49,13.42,0.01,56,75102,买盘
163,09:39:52,13.41,-0.01,93,124754,卖盘
164,09:39:54,13.44,0.03,3,4032,买盘
165,09:39:57,13.42,-0.02,166,222740,卖盘
166,09:40:00,13.45,0.03,40,53742,买盘
167,09:40:04,13.42,-0.03,48,64416,卖盘
168,09:40:06,13.47,0.05,139,187062,买盘
169,09:40:10,13.49,0.02,108,145668,买盘
170,09:40:12,13.46,-0.03,73,98034,中性盘
171,09:40:16,13.42,-0.04,35,46980,卖盘
172,09:40:19,13.46,0.04,3,4038,买盘
173,09:40:22,13.44,-0.02,51,68544,卖盘
174,09:40:25,13.46,0.02,207,277933,买盘
175,09:40:31,13.46,0.0,80,107680,卖盘
176,09:40:33,13.44,-0.02,261,350532,卖盘
177,09:40:36,13.44,0.0,14,18816,买盘
178,09:40:39,13.44,0.0,160,214578,买盘
179,09:40:46,13.44,0.0,10,13440,买盘
180,09:40:49,13.44,0.0,5,6720,买盘
181,09:40:52,13.43,-0.01,93,124967,卖盘
182,09:40:57,13.41,-0.02,51,68438,卖盘
183,09:41:01,13.43,0.02,5,6715,买盘
184,09:41:04,13.43,0.0,32,42961,买盘
185,09:41:06,13.43,0.0,29,38947,买盘
186,09:41:10,13.43,0.0,41,55030,买盘
187,09:41:13,13.42,-0.01,15,20143,卖盘
188,09:41:15,13.42,0.0,13,17466,卖盘
189,09:41:19,13.42,0.0,31,41603,卖盘
190,09:41:25,13.43,0.01,60,80587,卖盘
191,09:41:27,13.44,0.01,89,119535,买盘
192,09:41:30,13.44,0.0,40,53684,买盘
193,09:41:34,13.43,-0.01,73,98043,卖盘
194,09:41:37,13.42,-0.01,85,114105,卖盘
195,09:41:40,13.43,0.01,149,200101,中性盘
196,09:41:43,13.42,-0.01,134,181179,卖盘
197,09:41:46,13.42,0.0,129,171937,卖盘
198,09:41:49,13.41,-0.01,112,150192,卖盘
199,09:41:52,13.41,0.0,144,193191,卖盘
200,09:41:55,13.42,0.01,146,195790,卖盘
201,09:41:58,13.4,-0.02,31,41540,卖盘
202,09:42:00,13.41,0.01,154,206483,卖盘
203,09:42:03,13.41,0.0,125,167793,卖盘
204,09:42:06,13.42,0.01,37,49582,买盘
205,09:42:10,13.42,0.0,17,22796,买盘
206,09:42:13,13.41,-0.01,71,95150,中性盘
207,09:42:16,13.41,0.0,111,148835,卖盘
208,09:42:18,13.42,0.01,6,8049,买盘
209,09:42:21,13.38,-0.04,347,464907,卖盘
210,09:42:24,13.38,0.0,629,841146,买盘
211,09:42:28,13.36,-0.02,18,24060,卖盘
212,09:42:31,13.35,-0.01,167,223191,卖盘
213,09:42:34,13.36,0.01,5,6680,买盘
214,09:42:37,13.35,-0.01,16,21370,卖盘
215,09:42:39,13.36,0.01,25,33395,买盘
216,09:42:43,13.36,0.0,70,93488,买盘
217,09:42:46,13.35,-0.01,14,18700,卖盘
218,09:42:49,13.35,0.0,8,10680,买盘
219,09:42:54,13.35,0.0,21,28035,买盘
220,09:42:57,13.35,0.0,75,100092,买盘
221,09:43:01,13.34,-0.01,39,52026,卖盘
222,09:43:04,13.35,0.01,66,88010,买盘
223,09:43:06,13.34,-0.01,102,136076,卖盘
224,09:43:09,13.33,-0.01,38,50671,卖盘
225,09:43:13,13.33,0.0,32,42678,买盘
226,09:43:16,13.33,0.0,22,29331,买盘
227,09:43:19,13.33,0.0,38,50661,买盘
228,09:43:22,13.34,0.01,1,1334,买盘
229,09:43:24,13.33,-0.01,59,78703,卖盘
230,09:43:28,13.33,0.0,18,23994,卖盘
231,09:43:31,13.33,0.0,199,265352,卖盘
232,09:43:34,13.33,0.0,368,490794,卖盘
233,09:43:36,13.32,-0.01,129,171992,卖盘
234,09:43:40,13.35,0.03,33,44009,买盘
235,09:43:43,13.33,-0.02,2,2667,卖盘
236,09:43:45,13.34,0.01,18,24012,卖盘
237,09:43:48,13.35,0.01,19,25365,买盘
238,09:43:51,13.34,-0.01,63,84042,卖盘
239,09:43:55,13.34,0.0,24,32016,卖盘
240,09:43:58,13.35,0.01,7,9341,买盘
241,09:44:01,13.34,-0.01,3,4002,中性盘
242,09:44:04,13.34,0.0,6,8004,卖盘
243,09:44:07,13.35,0.01,15,20025,买盘
244,09:44:10,13.35,0.0,118,157439,买盘
245,09:44:13,13.35,0.0,15,20035,卖盘
246,09:44:18,13.35,0.0,10,13350,卖盘
247,09:44:22,13.35,0.0,1,1335,卖盘
248,09:44:25,13.38,0.03,30,40136,买盘
249,09:44:33,13.38,0.0,37,49499,买盘
250,09:44:36,13.36,-0.02,149,199116,卖盘
251,09:44:40,13.36,0.0,6,8016,买盘
252,09:44:46,13.36,0.0,51,68109,买盘
253,09:44:49,13.36,0.0,52,69472,买盘
254,09:45:00,13.37,0.01,49,65466,买盘
255,09:45:04,13.37,0.0,11,14707,买盘
256,09:45:06,13.38,0.01,24,32112,买盘
257,09:45:09,13.36,-0.02,76,101587,卖盘
258,09:45:13,13.37,0.01,3,4011,卖盘
259,09:45:16,13.38,0.01,14,18732,买盘
260,09:45:19,13.38,0.0,1,1338,买盘
261,09:45:22,13.37,-0.01,231,308857,卖盘
262,09:45:25,13.37,0.0,31,41420,买盘
263,09:45:28,13.38,0.01,149,199282,买盘
264,09:45:30,13.36,-0.02,150,200605,卖盘
265,09:45:33,13.37,0.01,16,21388,买盘
266,09:45:36,13.36,-0.01,16,21377,卖盘
267,09:45:39,13.36,0.0,36,48096,卖盘
268,09:45:43,13.36,0.0,54,72146,卖盘
269,09:45:46,13.37,0.01,12,16043,买盘
270,09:45:49,13.37,0.0,12,16044,买盘
271,09:45:52,13.37,0.0,24,32088,卖盘
272,09:45:55,13.37,0.0,80,106960,卖盘
273,09:45:57,13.38,0.01,5,6690,买盘
274,09:46:01,13.36,-0.02,84,112277,卖盘
275,09:46:04,13.36,0.0,62,82821,卖盘
276,09:46:07,13.35,-0.01,80,106823,卖盘
277,09:46:10,13.37,0.02,12,16037,买盘
278,09:46:12,13.35,-0.02,108,144238,卖盘
279,09:46:16,13.35,0.0,20,26700,买盘
280,09:46:19,13.34,-0.01,3,4002,卖盘
281,09:46:22,13.34,0.0,15,20010,卖盘
282,09:46:25,13.33,-0.01,175,233416,卖盘
283,09:46:31,13.36,0.03,6,8016,买盘
284,09:46:33,13.35,-0.01,3,4005,卖盘
285,09:46:37,13.34,-0.01,111,148119,卖盘
286,09:46:40,13.33,-0.01,303,404140,卖盘
287,09:46:43,13.35,0.02,6,8010,买盘
288,09:46:45,13.34,-0.01,792,1054409,中性盘
289,09:46:48,13.33,-0.01,7,9333,中性盘
290,09:46:51,13.32,-0.01,15,19982,中性盘
291,09:46:55,13.31,-0.01,53,70593,卖盘
292,09:46:58,13.31,0.0,23,30613,卖盘
293,09:47:01,13.3,-0.01,116,154321,卖盘
294,09:47:04,13.29,-0.01,575,765262,卖盘
295,09:47:09,13.29,0.0,7,8771,卖盘
296,09:47:13,13.3,0.01,99,131669,买盘
297,09:47:16,13.3,0.0,53,70406,买盘
298,09:47:19,13.3,0.0,42,55830,买盘
299,09:47:22,13.28,-0.02,13,17269,卖盘
300,09:47:25,13.28,0.0,215,285308,买盘
301,09:47:27,13.27,-0.01,39,51715,中性盘
302,09:47:31,13.26,-0.01,33,43791,卖盘
303,09:47:34,13.26,0.0,41,54406,卖盘
304,09:47:37,13.25,-0.01,130,172302,卖盘
305,09:47:40,13.26,0.01,52,68964,中性盘
306,09:47:42,13.27,0.01,19,25200,买盘
307,09:47:46,13.26,-0.01,28,37138,卖盘
308,09:47:49,13.25,-0.01,220,291666,卖盘
309,09:47:52,13.25,0.0,88,116642,卖盘
310,09:47:55,13.27,0.02,57,75591,买盘
311,09:47:57,13.25,-0.02,491,650758,卖盘
312,09:48:04,13.25,0.0,15,19875,买盘
313,09:48:07,13.25,0.0,27,35775,买盘
314,09:48:09,13.25,0.0,26,34432,买盘
315,09:48:12,13.25,0.0,125,165566,买盘
316,09:48:16,13.23,-0.02,2,2646,买盘
317,09:48:18,13.23,0.0,71,93937,卖盘
318,09:48:21,13.23,0.0,28,37096,卖盘
319,09:48:25,13.23,0.0,23,30439,卖盘
320,09:48:28,13.24,0.01,48,63560,卖盘
321,09:48:34,13.25,0.01,7,9275,买盘
322,09:48:37,13.25,0.0,13,17225,卖盘
323,09:48:40,13.24,-0.01,21,27824,卖盘
324,09:48:43,13.25,0.01,95,125805,买盘
325,09:48:46,13.25,0.0,141,186825,买盘
326,09:48:49,13.25,0.0,116,153813,卖盘
327,09:48:52,13.27,0.02,2,2654,买盘
328,09:48:55,13.24,-0.03,115,152428,卖盘
329,09:49:00,13.25,0.01,21,27825,买盘
330,09:49:04,13.25,0.0,28,37100,买盘
331,09:49:06,13.25,0.0,95,125875,买盘
332,09:49:09,13.25,0.0,50,66251,卖盘
333,09:49:13,13.27,0.02,34,45089,买盘
334,09:49:16,13.25,-0.02,25,33125,卖盘
335,09:49:19,13.27,0.02,34,45118,买盘
336,09:49:21,13.25,-0.02,3,3975,卖盘
337,09:49:24,13.25,0.0,56,74200,卖盘
338,09:49:28,13.25,0.0,120,159000,卖盘
339,09:49:31,13.26,0.01,48,63621,买盘
340,09:49:33,13.25,-0.01,85,112658,卖盘
341,09:49:37,13.26,0.01,63,83524,买盘
342,09:49:40,13.26,0.0,56,74224,买盘
343,09:49:43,13.26,0.0,12,15912,买盘
344,09:49:46,13.25,-0.01,22,29156,卖盘
345,09:49:48,13.25,0.0,59,78195,卖盘
346,09:49:55,13.25,0.0,21,27825,卖盘
347,09:49:58,13.25,0.0,57,75515,买盘
348,09:50:01,13.25,0.0,32,42400,买盘
349,09:50:04,13.25,0.0,213,281969,买盘
350,09:50:10,13.25,0.0,7,9275,买盘
351,09:50:12,13.25,0.0,50,66250,买盘
352,09:50:16,13.24,-0.01,17,22516,卖盘
353,09:50:18,13.25,0.01,39,51620,买盘
354,09:50:21,13.23,-0.02,50,66150,卖盘
355,09:50:25,13.24,0.01,12,15888,买盘
356,09:50:28,13.24,0.0,8,10594,买盘
357,09:50:31,13.23,-0.01,40,52985,卖盘
358,09:50:33,13.25,0.02,18,23838,买盘
359,09:50:36,13.24,-0.01,2,2648,中性盘
360,09:50:40,13.24,0.0,73,96652,买盘
361,09:50:43,13.23,-0.01,290,383892,卖盘
362,09:50:46,13.26,0.03,5,6630,买盘
363,09:50:49,13.24,-0.02,56,74231,卖盘
364,09:50:51,13.25,0.01,17,22525,买盘
365,09:50:57,13.26,0.01,9,11934,买盘
366,09:51:01,13.25,-0.01,5,6625,卖盘
367,09:51:04,13.26,0.01,96,127268,买盘
368,09:51:07,13.25,-0.01,57,75525,卖盘
369,09:51:10,13.26,0.01,112,148341,买盘
370,09:51:12,13.26,0.0,21,27846,买盘
371,09:51:19,13.26,0.0,11,14586,买盘
372,09:51:22,13.26,0.0,55,72920,买盘
373,09:51:34,13.26,0.0,18,23868,卖盘
374,09:51:39,13.27,0.01,115,152539,买盘
375,09:51:42,13.26,-0.01,35,46427,卖盘
376,09:51:45,13.27,0.01,91,120737,买盘
377,09:51:49,13.27,0.0,35,46445,买盘
378,09:51:52,13.3,0.03,36,48393,买盘
379,09:52:16,13.3,0.0,16,21279,买盘
380,09:52:28,13.31,0.01,46,61202,买盘
381,09:52:31,13.28,-0.03,2,2656,中性盘
382,09:52:34,13.3,0.02,25,33250,买盘
383,09:52:36,13.3,0.0,5,6650,买盘
384,09:52:39,13.3,0.0,2,2660,买盘
385,09:52:42,13.3,0.0,19,25270,买盘
386,09:52:46,13.3,0.0,21,27923,买盘
387,09:52:52,13.3,0.0,25,32703,买盘
388,09:52:58,13.3,0.0,40,53180,买盘
389,09:53:04,13.3,0.0,70,93100,买盘
390,09:53:06,13.3,0.0,8,10640,买盘
391,09:53:09,13.3,0.0,9,11967,买盘
392,09:53:22,13.31,0.01,10,13310,买盘
393,09:53:24,13.31,0.0,13,17303,买盘
394,09:53:28,13.3,-0.01,36,49059,卖盘
395,09:53:34,13.34,0.04,24,32016,买盘
396,09:53:37,13.34,0.0,13,17342,卖盘
397,09:53:39,13.32,-0.02,10,13326,卖盘
398,09:53:49,13.33,0.01,20,26660,买盘
399,09:53:51,13.33,0.0,31,41317,买盘
400,09:53:54,13.33,0.0,5,6665,买盘
401,09:53:58,13.33,0.0,4,5332,买盘
402,09:54:01,13.31,-0.02,16,21309,卖盘
403,09:54:04,13.32,0.01,9,11988,买盘
404,09:54:09,13.32,0.0,10,13320,买盘
405,09:54:13,13.31,-0.01,40,53245,卖盘
406,09:54:16,13.32,0.01,4,5328,买盘
407,09:54:19,13.31,-0.01,8,10653,卖盘
408,09:54:21,13.31,0.0,31,41261,卖盘
409,09:54:24,13.3,-0.01,24,31920,卖盘
410,09:54:28,13.31,0.01,7,9321,中性盘
411,09:54:31,13.31,0.0,27,35938,卖盘
412,09:54:34,13.32,0.01,10,13320,买盘
413,09:54:37,13.31,-0.01,3,3993,卖盘
414,09:54:40,13.31,0.0,16,21296,卖盘
415,09:54:49,13.3,-0.01,38,49370,卖盘
416,09:54:52,13.31,0.01,34,45250,买盘
417,09:54:55,13.31,0.0,1,1331,买盘
418,09:54:58,13.29,-0.02,50,66451,卖盘
419,09:55:01,13.28,-0.01,117,155413,卖盘
420,09:55:04,13.3,0.02,4,5320,买盘
421,09:55:07,13.29,-0.01,6,7975,卖盘
422,09:55:09,13.29,0.0,16,21264,买盘
423,09:55:13,13.28,-0.01,30,39840,卖盘
424,09:55:19,13.28,0.0,18,24435,卖盘
425,09:55:21,13.28,0.0,11,14077,买盘
426,09:55:25,13.3,0.02,37,49177,买盘
427,09:55:28,13.28,-0.02,24,32403,卖盘
428,09:55:31,13.28,0.0,24,31872,买盘
429,09:55:34,13.27,-0.01,4,5308,卖盘
430,09:55:40,13.28,0.01,248,329250,买盘
431,09:55:43,13.28,0.0,12,15405,买盘
432,09:55:52,13.27,-0.01,25,33192,卖盘
433,09:55:55,13.28,0.01,2,2656,卖盘
434,09:55:57,13.3,0.02,12,15960,买盘
435,09:56:04,13.3,0.0,118,156875,买盘
436,09:56:07,13.3,0.0,12,15957,买盘
437,09:56:10,13.3,0.0,9,11960,买盘
438,09:56:12,13.28,-0.02,56,75649,卖盘
439,09:56:16,13.28,0.0,15,19920,卖盘
440,09:56:27,13.3,0.02,50,66500,买盘
441,09:56:31,13.28,-0.02,120,159368,卖盘
442,09:56:33,13.29,0.01,13,17287,中性盘
443,09:56:36,13.28,-0.01,178,235222,卖盘
444,09:56:40,13.28,0.0,17,23745,买盘
445,09:56:42,13.29,0.01,10,13290,中性盘
446,09:56:49,13.29,0.0,8,10632,买盘
447,09:56:52,13.29,0.0,5,6645,买盘
448,09:56:58,13.29,0.0,6,7970,买盘
449,09:57:04,13.28,-0.01,72,95616,卖盘
450,09:57:09,13.29,0.01,64,85054,买盘
451,09:57:13,13.29,0.0,1,1329,买盘
452,09:57:19,13.28,-0.01,1,1328,卖盘
453,09:57:22,13.29,0.01,5,6645,买盘
454,09:57:24,13.28,-0.01,3,3984,卖盘
455,09:57:30,13.29,0.01,21,27909,买盘
456,09:57:34,13.28,-0.01,2,2656,卖盘
457,09:57:37,13.29,0.01,1,1329,买盘
458,09:57:40,13.28,-0.01,48,63744,卖盘
459,09:57:42,13.29,0.01,61,81069,买盘
460,09:57:46,13.29,0.0,67,88999,买盘
461,09:57:52,13.28,-0.01,46,61109,卖盘
462,09:57:57,13.3,0.02,4,5320,买盘
463,09:58:01,13.28,-0.02,24,31872,卖盘
464,09:58:09,13.28,0.0,51,66561,卖盘
465,09:58:13,13.28,0.0,10,13280,买盘
466,09:58:18,13.28,0.0,8,10621,买盘
467,09:58:22,13.28,0.0,30,39840,买盘
468,09:58:28,13.28,0.0,5,6640,买盘
469,09:58:31,13.27,-0.01,59,78293,卖盘
470,09:58:33,13.28,0.01,16,21248,买盘
471,09:58:37,13.28,0.0,34,45147,买盘
472,09:58:40,13.27,-0.01,11,14597,卖盘
473,09:58:46,13.27,0.0,9,11946,卖盘
474,09:58:51,13.28,0.01,24,32762,买盘
475,09:58:55,13.28,0.0,42,55776,卖盘
476,09:59:06,13.3,0.02,2,2660,买盘
477,09:59:09,13.28,-0.02,34,45156,卖盘
478,09:59:13,13.3,0.02,2,2660,买盘
479,09:59:16,13.3,0.0,25,33238,买盘
480,09:59:24,13.3,0.0,2,2660,买盘
481,09:59:31,13.3,0.0,10,13300,买盘
482,09:59:34,13.29,-0.01,2,2659,卖盘
483,09:59:37,13.28,-0.01,80,106266,卖盘
484,09:59:39,13.3,0.02,24,31904,买盘
485,09:59:45,13.3,0.0,73,97090,买盘
486,09:59:49,13.3,0.0,3,3990,买盘
487,09:59:52,13.3,0.0,95,126299,买盘
488,09:59:55,13.31,0.01,13,17303,买盘
489,09:59:58,13.31,0.0,48,63888,买盘
490,10:00:01,13.31,0.0,60,79860,买盘
491,10:00:07,13.31,0.0,33,43913,买盘
492,10:00:09,13.31,0.0,23,30598,卖盘
493,10:00:12,13.31,0.0,1,1331,卖盘
494,10:00:16,13.32,0.01,104,138374,买盘
495,10:00:18,13.31,-0.01,3,3993,卖盘
496,10:00:22,13.29,-0.02,12,15959,卖盘
497,10:00:25,13.28,-0.01,115,152823,卖盘
498,10:00:27,13.3,0.02,24,31884,买盘
499,10:00:30,13.28,-0.02,183,243080,卖盘
500,10:00:33,13.28,0.0,4,5312,卖盘
501,10:00:37,13.28,0.0,46,61092,卖盘
502,10:00:40,13.28,0.0,25,33217,卖盘
503,10:00:43,13.28,0.0,85,111990,卖盘
504,10:00:46,13.29,0.01,10,14175,买盘
505,10:00:48,13.29,0.0,34,45154,买盘
506,10:00:51,13.27,-0.02,51,67712,卖盘
507,10:00:55,13.29,0.02,29,38527,买盘
508,10:00:58,13.27,-0.02,89,118117,卖盘
509,10:01:01,13.27,0.0,3,3981,卖盘
510,10:01:04,13.29,0.02,15,19922,买盘
511,10:01:07,13.27,-0.02,21,27867,卖盘
512,10:01:09,13.27,0.0,185,245495,卖盘
513,10:01:13,13.28,0.01,2,2656,买盘
514,10:01:16,13.27,-0.01,9,11948,卖盘
515,10:01:19,13.27,0.0,18,23000,卖盘
516,10:01:22,13.26,-0.01,79,104765,卖盘
517,10:01:25,13.28,0.02,3,3983,卖盘
518,10:01:27,13.27,-0.01,1,1327,中性盘
519,10:01:31,13.27,0.0,14,18580,卖盘
520,10:01:34,13.26,-0.01,101,133926,卖盘
521,10:01:37,13.26,0.0,2,2652,买盘
522,10:01:40,13.26,0.0,15,19877,买盘
523,10:01:45,13.26,0.0,20,26520,买盘
524,10:01:49,13.25,-0.01,4,5300,卖盘
525,10:01:52,13.26,0.01,3,3978,买盘
526,10:01:55,13.26,0.0,4,5304,买盘
527,10:02:01,13.25,-0.01,4,5302,卖盘
528,10:02:04,13.26,0.01,71,94108,买盘
529,10:02:06,13.26,0.0,28,37129,卖盘
530,10:02:09,13.26,0.0,2,2652,卖盘
531,10:02:19,13.27,0.01,5,6635,买盘
532,10:02:24,13.26,-0.01,20,26520,卖盘
533,10:02:28,13.27,0.01,18,23875,买盘
534,10:02:31,13.26,-0.01,35,46416,卖盘
535,10:02:33,13.26,0.0,16,21221,卖盘
536,10:02:36,13.26,0.0,1,1326,卖盘
537,10:02:39,13.26,0.0,70,92820,卖盘
538,10:02:42,13.27,0.01,11,14595,买盘
539,10:02:46,13.27,0.0,1,1327,买盘
540,10:02:49,13.26,-0.01,50,66300,卖盘
541,10:02:52,13.26,0.0,7,9282,卖盘
542,10:02:54,13.26,0.0,25,33151,卖盘
543,10:02:58,13.25,-0.01,313,415702,卖盘
544,10:03:03,13.25,0.0,18,23860,卖盘
545,10:03:10,13.25,0.0,13,17235,卖盘
546,10:03:13,13.26,0.01,162,214700,买盘
547,10:03:16,13.26,0.0,5,6627,买盘
548,10:03:19,13.25,-0.01,33,43725,卖盘
549,10:03:28,13.26,0.01,25,33140,买盘
550,10:03:31,13.25,-0.01,11,13780,卖盘
551,10:03:34,13.25,0.0,46,60954,卖盘
552,10:03:39,13.26,0.01,24,31814,买盘
553,10:03:43,13.25,-0.01,10,13250,卖盘
554,10:03:46,13.26,0.01,16,21210,买盘
555,10:03:48,13.26,0.0,29,38434,买盘
556,10:03:51,13.25,-0.01,113,149826,卖盘
557,10:03:58,13.26,0.01,10,13260,买盘
558,10:04:01,13.25,-0.01,34,44957,卖盘
559,10:04:07,13.25,0.0,10,13250,买盘
560,10:04:10,13.25,0.0,20,26591,买盘
561,10:04:16,13.25,0.0,6,7950,卖盘
562,10:04:19,13.25,0.0,1,1325,卖盘
563,10:04:24,13.25,0.0,38,50350,卖盘
564,10:04:31,13.25,0.0,21,27732,卖盘
565,10:04:34,13.25,0.0,2,2650,买盘
566,10:04:37,13.25,0.0,10,13250,买盘
567,10:04:40,13.24,-0.01,3,3972,卖盘
568,10:04:43,13.25,0.01,34,45143,买盘
569,10:04:49,13.25,0.0,9,11925,卖盘
570,10:04:58,13.26,0.01,2,2652,买盘
571,10:05:00,13.25,-0.01,20,26500,卖盘
572,10:05:06,13.26,0.01,30,39780,买盘
573,10:05:09,13.25,-0.01,8,10600,卖盘
574,10:05:22,13.26,0.01,1,1326,买盘
575,10:05:25,13.26,0.0,114,151164,买盘
576,10:05:28,13.25,-0.01,30,39760,卖盘
577,10:05:31,13.26,0.01,30,39780,买盘
578,10:05:34,13.25,-0.01,13,17235,卖盘
579,10:05:37,13.26,0.01,35,46409,买盘
580,10:05:39,13.25,-0.01,46,60980,卖盘
581,10:05:43,13.26,0.01,19,25194,买盘
582,10:05:46,13.26,0.0,5,6630,买盘
583,10:05:49,13.26,0.0,22,29172,买盘
584,10:05:52,13.25,-0.01,178,235865,卖盘
585,10:05:55,13.26,0.01,1,1326,买盘
586,10:05:57,13.25,-0.01,71,93992,卖盘
587,10:06:00,13.24,-0.01,24,31796,卖盘
588,10:06:04,13.25,0.01,3,3975,买盘
589,10:06:07,13.25,0.0,26,34543,买盘
590,10:06:10,13.26,0.01,18,23855,买盘
591,10:06:18,13.25,-0.01,42,55650,卖盘
592,10:06:28,13.26,0.01,27,35802,买盘
593,10:06:33,13.25,-0.01,6,7952,卖盘
594,10:06:40,13.26,0.01,6,7956,卖盘
595,10:06:43,13.25,-0.01,100,132509,卖盘
596,10:06:54,13.25,0.0,12,15900,卖盘
597,10:07:01,13.25,0.0,56,74200,卖盘
598,10:07:04,13.25,0.0,34,45050,买盘
599,10:07:06,13.25,0.0,10,13250,买盘
600,10:07:09,13.24,-0.01,22,29148,卖盘
601,10:07:22,13.24,0.0,51,67545,卖盘
602,10:07:25,13.25,0.01,10,13250,买盘
603,10:07:30,13.24,-0.01,60,79440,卖盘
604,10:07:34,13.24,0.0,3,3972,卖盘
605,10:07:40,13.24,0.0,72,95387,卖盘
606,10:07:42,13.25,0.01,7,9275,买盘
607,10:07:45,13.25,0.0,3,3975,买盘
608,10:07:48,13.25,0.0,38,50350,买盘
609,10:07:51,13.25,0.0,1,1325,卖盘
610,10:07:58,13.24,-0.01,80,105927,卖盘
611,10:08:01,13.25,0.01,5,6625,中性盘
612,10:08:06,13.25,0.0,9,11925,卖盘
613,10:08:09,13.25,0.0,5,6625,买盘
614,10:08:13,13.25,0.0,6,7950,买盘
615,10:08:16,13.25,0.0,3,3975,买盘
616,10:08:19,13.27,0.02,34,45110,买盘
617,10:08:37,13.25,-0.02,7,9278,卖盘
618,10:08:43,13.26,0.01,13,17238,买盘
619,10:08:52,13.27,0.01,41,54407,买盘
620,10:08:54,13.27,0.0,48,63696,买盘
621,10:08:57,13.27,0.0,5,6635,买盘
622,10:09:10,13.26,-0.01,7,9287,卖盘
623,10:09:16,13.3,0.04,54,71745,买盘
624,10:09:28,13.3,0.0,32,42560,买盘
625,10:09:34,13.31,0.01,39,51885,买盘
626,10:09:37,13.3,-0.01,24,31920,卖盘
627,10:09:40,13.3,0.0,13,17290,卖盘
628,10:09:49,13.3,0.0,7,9310,卖盘
629,10:10:01,13.3,0.0,21,27930,买盘
630,10:10:10,13.3,0.0,48,63840,卖盘
631,10:10:19,13.3,0.0,10,13300,卖盘
632,10:10:24,13.27,-0.03,99,131502,卖盘
633,10:10:27,13.31,0.04,2,2662,买盘
634,10:10:37,13.3,-0.01,20,26600,买盘
635,10:10:40,13.3,0.0,10,13300,买盘
636,10:10:48,13.3,0.0,13,17290,买盘
637,10:11:01,13.3,0.0,2,2660,买盘
638,10:11:07,13.3,0.0,16,21280,买盘
639,10:11:16,13.31,0.01,15,19955,买盘
640,10:11:25,13.3,-0.01,15,19960,卖盘
641,10:11:28,13.31,0.01,5,6655,买盘
642,10:11:31,13.31,0.0,35,46585,买盘
643,10:11:34,13.31,0.0,3,3993,买盘
644,10:11:37,13.3,-0.01,2,2661,卖盘
645,10:11:39,13.3,0.0,12,15960,卖盘
646,10:11:42,13.3,0.0,52,69160,卖盘
647,10:11:46,13.3,0.0,34,45220,买盘
648,10:11:48,13.3,0.0,5,6647,买盘
649,10:11:57,13.3,0.0,6,7980,买盘
650,10:12:01,13.3,0.0,3,3990,买盘
651,10:12:04,13.29,-0.01,103,136987,卖盘
652,10:12:10,13.3,0.01,24,31920,买盘
653,10:12:13,13.29,-0.01,18,23926,卖盘
654,10:12:16,13.29,0.0,3,3987,卖盘
655,10:12:19,13.3,0.01,50,66500,买盘
656,10:12:24,13.3,0.0,20,26600,买盘
657,10:12:31,13.3,0.0,11,14627,买盘
658,10:12:34,13.3,0.0,3,3989,买盘
659,10:12:37,13.29,-0.01,9,11961,卖盘
660,10:12:40,13.29,0.0,24,31896,卖盘
661,10:12:43,13.29,0.0,3,3987,卖盘
662,10:12:45,13.29,0.0,6,7974,卖盘
663,10:12:49,13.29,0.0,243,322990,卖盘
664,10:12:51,13.28,-0.01,9,11958,卖盘
665,10:12:54,13.29,0.01,6,7971,买盘
666,10:12:58,13.28,-0.01,5,6640,卖盘
667,10:13:01,13.28,0.0,17,22576,卖盘
668,10:13:04,13.28,0.0,48,63744,卖盘
669,10:13:06,13.28,0.0,16,21248,卖盘
670,10:13:10,13.27,-0.01,258,342425,卖盘
671,10:13:13,13.28,0.01,2,2656,中性盘
672,10:13:16,13.27,-0.01,6,7962,卖盘
673,10:13:21,13.27,0.0,3,3981,卖盘
674,10:13:24,13.28,0.01,103,136784,买盘
675,10:13:27,13.27,-0.01,208,276016,卖盘
676,10:13:30,13.27,0.0,17,22559,买盘
677,10:13:33,13.27,0.0,50,66350,买盘
678,10:13:39,13.26,-0.01,71,94146,卖盘
679,10:13:42,13.27,0.01,89,118088,买盘
680,10:13:49,13.27,0.0,2,2654,卖盘
681,10:13:52,13.27,0.0,3,3981,卖盘
682,10:13:58,13.27,0.0,200,265400,卖盘
683,10:14:01,13.28,0.01,14,18581,买盘
684,10:14:04,13.27,-0.01,85,112817,卖盘
685,10:14:06,13.27,0.0,8,10616,卖盘
686,10:14:09,13.27,0.0,49,65023,卖盘
687,10:14:28,13.27,0.0,1,1327,卖盘
688,10:14:31,13.27,0.0,16,21242,卖盘
689,10:14:34,13.27,0.0,23,30524,卖盘
690,10:14:37,13.27,0.0,8,10621,卖盘
691,10:14:40,13.27,0.0,218,289296,卖盘
692,10:14:45,13.27,0.0,2,2654,买盘
693,10:14:51,13.27,0.0,7,9289,买盘
694,10:14:55,13.27,0.0,1,1327,买盘
695,10:15:01,13.27,0.0,1,1327,卖盘
696,10:15:07,13.27,0.0,10,13270,买盘
697,10:15:13,13.27,0.0,10,13270,买盘
698,10:15:19,13.27,0.0,1,1327,买盘
699,10:15:22,13.27,0.0,4,5308,买盘
700,10:15:24,13.27,0.0,20,26540,买盘
701,10:15:27,13.27,0.0,15,19905,买盘
702,10:15:31,13.27,0.0,5,6635,买盘
703,10:15:33,13.27,0.0,11,14597,买盘
704,10:15:36,13.26,-0.01,25,33150,卖盘
705,10:15:40,13.26,0.0,12,15921,卖盘
706,10:15:42,13.27,0.01,53,70317,买盘
707,10:15:48,13.27,0.0,60,79620,买盘
708,10:15:52,13.26,-0.01,141,186966,卖盘
709,10:15:58,13.26,0.0,110,145969,卖盘
710,10:16:00,13.26,0.0,26,34476,卖盘
711,10:16:06,13.27,0.01,60,79589,买盘
712,10:16:09,13.26,-0.01,9,11931,买盘
713,10:16:15,13.27,0.01,32,42464,买盘
714,10:16:18,13.25,-0.02,67,88829,卖盘
715,10:16:25,13.28,0.03,12,15936,买盘
716,10:16:33,13.28,0.0,22,29216,买盘
717,10:16:36,13.28,0.0,138,183164,买盘
718,10:16:40,13.26,-0.02,21,27852,卖盘
719,10:16:42,13.26,0.0,64,84864,卖盘
720,10:16:48,13.26,0.0,63,83538,卖盘
721,10:16:51,13.28,0.02,8,10621,买盘
722,10:17:07,13.27,-0.01,9,11943,卖盘
723,10:17:10,13.27,0.0,6,7966,卖盘
724,10:17:15,13.28,0.01,50,66400,买盘
725,10:17:19,13.27,-0.01,5,6635,卖盘
726,10:17:22,13.28,0.01,126,167262,买盘
727,10:17:25,13.29,0.01,30,39854,买盘
728,10:17:28,13.27,-0.02,60,79620,卖盘
729,10:17:34,13.26,-0.01,27,35821,卖盘
730,10:17:36,13.27,0.01,2,2654,卖盘
731,10:17:42,13.27,0.0,19,25213,卖盘
732,10:17:52,13.29,0.02,2,2658,买盘
733,10:18:10,13.27,-0.02,2,2654,卖盘
734,10:18:19,13.28,0.01,17,22576,买盘
735,10:18:21,13.28,0.0,6,7968,卖盘
736,10:18:25,13.28,0.0,39,51792,卖盘
737,10:18:27,13.28,0.0,14,18592,卖盘
738,10:18:33,13.28,0.0,31,41168,卖盘
739,10:18:36,13.27,-0.01,104,138105,卖盘
740,10:18:40,13.27,0.0,46,61042,卖盘
741,10:18:43,13.28,0.01,7,9296,买盘
742,10:18:46,13.27,-0.01,107,141989,卖盘
743,10:18:52,13.28,0.01,14,18579,买盘
744,10:18:55,13.27,-0.01,82,108816,卖盘
745,10:18:58,13.27,0.0,31,41137,卖盘
746,10:19:01,13.28,0.01,21,27887,买盘
747,10:19:04,13.27,-0.01,75,99525,卖盘
748,10:19:07,13.27,0.0,110,145970,卖盘
749,10:19:12,13.26,-0.01,119,157794,卖盘
750,10:19:16,13.27,0.01,2,2654,买盘
751,10:19:19,13.27,0.0,22,29194,买盘
752,10:19:22,13.26,-0.01,2,2652,卖盘
753,10:19:25,13.26,0.0,3,3978,卖盘
754,10:19:28,13.26,0.0,39,51722,卖盘
755,10:19:31,13.26,0.0,54,71608,卖盘
756,10:19:33,13.26,0.0,30,39780,卖盘
757,10:19:36,13.26,0.0,60,79560,卖盘
758,10:19:40,13.26,0.0,4,5304,卖盘
759,10:19:43,13.27,0.01,44,58346,买盘
760,10:19:45,13.27,0.0,24,31848,买盘
761,10:19:49,13.27,0.0,24,31848,买盘
762,10:19:52,13.26,-0.01,88,116690,卖盘
763,10:19:54,13.26,0.0,5,6630,卖盘
764,10:19:57,13.27,0.01,71,94151,买盘
765,10:20:00,13.26,-0.01,27,35802,卖盘
766,10:20:06,13.26,0.0,43,56985,买盘
767,10:20:10,13.26,0.0,2,2652,买盘
768,10:20:12,13.26,0.0,53,70278,买盘
769,10:20:16,13.26,0.0,26,34476,买盘
770,10:20:19,13.26,0.0,462,612152,买盘
771,10:20:22,13.26,0.0,10,13260,买盘
772,10:20:25,13.24,-0.02,160,211884,卖盘
773,10:20:28,13.24,0.0,2,2648,卖盘
774,10:20:30,13.23,-0.01,240,317684,卖盘
775,10:20:33,13.25,0.02,4,5300,买盘
776,10:20:37,13.25,0.0,6,7950,卖盘
777,10:20:42,13.24,-0.01,4,5293,买盘
778,10:20:46,13.25,0.01,50,66245,买盘
779,10:20:49,13.23,-0.02,40,52938,卖盘
780,10:20:52,13.25,0.02,79,104553,买盘
781,10:20:55,13.23,-0.02,200,264617,卖盘
782,10:20:58,13.23,0.0,67,88588,买盘
783,10:21:01,13.23,0.0,5,6615,买盘
784,10:21:04,13.23,0.0,255,337191,买盘
785,10:21:07,13.23,0.0,3,3969,卖盘
786,10:21:10,13.22,-0.01,20,26443,卖盘
787,10:21:13,13.24,0.02,106,140144,买盘
788,10:21:16,13.21,-0.03,592,782032,卖盘
789,10:21:18,13.21,0.0,8,10568,买盘
790,10:21:21,13.24,0.03,40,52938,买盘
791,10:21:24,13.24,0.0,92,121804,买盘
792,10:21:27,13.26,0.02,90,119220,买盘
793,10:21:31,13.26,0.0,52,68952,买盘
794,10:21:37,13.26,0.0,30,39780,买盘
795,10:21:40,13.21,-0.05,100,132114,卖盘
796,10:21:43,13.21,0.0,10,13224,卖盘
797,10:21:45,13.22,0.01,21,27762,中性盘
798,10:21:48,13.21,-0.01,50,66050,卖盘
799,10:21:51,13.22,0.01,22,29084,买盘
800,10:21:54,13.25,0.03,65,85924,买盘
801,10:21:57,13.2,-0.05,700,924213,卖盘
802,10:22:00,13.21,0.01,7,9253,卖盘
803,10:22:04,13.21,0.0,5,6605,买盘
804,10:22:06,13.22,0.01,34,44922,买盘
805,10:22:10,13.2,-0.02,499,658680,卖盘
806,10:22:13,13.2,0.0,10,13200,买盘
807,10:22:16,13.19,-0.01,26,34294,卖盘
808,10:22:19,13.2,0.01,66,87120,买盘
809,10:22:22,13.2,0.0,92,121428,买盘
810,10:22:25,13.19,-0.01,42,55439,卖盘
811,10:22:28,13.19,0.0,7,9234,卖盘
812,10:22:31,13.2,0.01,105,138600,买盘
813,10:22:37,13.19,-0.01,3,3957,卖盘
814,10:22:39,13.2,0.01,77,101605,买盘
815,10:22:42,13.2,0.0,78,102888,买盘
816,10:22:45,13.19,-0.01,39,51443,卖盘
817,10:22:48,13.19,0.0,8,10552,卖盘
818,10:22:51,13.2,0.01,49,64670,买盘
819,10:22:55,13.2,0.0,10,13187,买盘
820,10:22:58,13.18,-0.02,94,123928,卖盘
821,10:23:01,13.18,0.0,400,527230,卖盘
822,10:23:07,13.24,0.06,34,45016,买盘
823,10:23:13,13.24,0.0,2,2648,买盘
824,10:23:19,13.19,-0.05,85,112142,卖盘
825,10:23:31,13.19,0.0,7,9233,买盘
826,10:23:36,13.19,0.0,38,50122,买盘
827,10:23:39,13.19,0.0,7,9233,买盘
828,10:23:43,13.18,-0.01,20,26379,卖盘
829,10:23:55,13.19,0.01,71,93649,卖盘
830,10:23:58,13.19,0.0,1,1319,买盘
831,10:24:01,13.18,-0.01,396,521968,卖盘
832,10:24:04,13.18,0.0,7,9226,买盘
833,10:24:10,13.18,0.0,55,72490,买盘
834,10:24:12,13.18,0.0,20,26360,买盘
835,10:24:15,13.19,0.01,28,36909,买盘
836,10:24:28,13.2,0.01,22,29040,买盘
837,10:24:34,13.21,0.01,46,60725,买盘
838,10:24:37,13.18,-0.03,206,271752,卖盘
839,10:24:39,13.21,0.03,74,97752,买盘
840,10:24:43,13.17,-0.04,390,513637,卖盘
841,10:24:46,13.17,0.0,54,71118,买盘
842,10:24:49,13.17,0.0,87,114579,买盘
843,10:24:52,13.22,0.05,148,195287,买盘
844,10:24:55,13.18,-0.04,9,11862,中性盘
845,10:24:57,13.21,0.03,14,18494,买盘
846,10:25:01,13.16,-0.05,49,64519,卖盘
847,10:25:12,13.18,0.02,55,72490,卖盘
848,10:25:15,13.17,-0.01,207,272646,卖盘
849,10:25:19,13.17,0.0,88,115896,买盘
850,10:25:24,13.17,0.0,104,136968,买盘
851,10:25:28,13.17,0.0,2,2634,买盘
852,10:25:31,13.17,0.0,6,7902,买盘
853,10:25:34,13.17,0.0,6,7902,买盘
854,10:25:37,13.17,0.0,119,156694,买盘
855,10:25:40,13.17,0.0,242,318513,买盘
856,10:25:43,13.16,-0.01,55,72400,卖盘
857,10:25:46,13.17,0.01,20,26340,买盘
858,10:25:48,13.17,0.0,13,17118,买盘
859,10:25:52,13.16,-0.01,314,413389,卖盘
860,10:25:54,13.16,0.0,9,11850,卖盘
861,10:25:58,13.16,0.0,19,25011,卖盘
862,10:26:01,13.16,0.0,293,385588,卖盘
863,10:26:04,13.17,0.01,42,55274,买盘
864,10:26:07,13.17,0.0,25,32901,买盘
865,10:26:09,13.16,-0.01,20,26320,卖盘
866,10:26:13,13.16,0.0,79,103965,卖盘
867,10:26:16,13.16,0.0,71,93436,卖盘
868,10:26:18,13.16,0.0,2,2632,买盘
869,10:26:21,13.16,0.0,21,27636,买盘
870,10:26:24,13.15,-0.01,10,13150,卖盘
871,10:26:28,13.16,0.01,7,9212,买盘
872,10:26:31,13.16,0.0,9,11844,买盘
873,10:26:34,13.16,0.0,258,339351,买盘
874,10:26:37,13.15,-0.01,169,222235,卖盘
875,10:26:40,13.15,0.0,31,40765,买盘
876,10:26:43,13.15,0.0,49,64431,买盘
877,10:26:46,13.15,0.0,11,14465,买盘
878,10:26:49,13.14,-0.01,17,22345,卖盘
879,10:26:51,13.15,0.01,83,109142,买盘
880,10:26:54,13.15,0.0,63,82809,买盘
881,10:26:57,13.15,0.0,32,42080,买盘
882,10:27:01,13.14,-0.01,45,59130,卖盘
883,10:27:07,13.15,0.01,8,10520,买盘
884,10:27:10,13.15,0.0,94,123549,买盘
885,10:27:13,13.14,-0.01,29,38106,卖盘
886,10:27:15,13.14,0.0,78,102512,卖盘
887,10:27:18,13.15,0.01,5,6575,买盘
888,10:27:22,13.15,0.0,12,15778,买盘
889,10:27:25,13.14,-0.01,190,249660,卖盘
890,10:27:28,13.14,0.0,23,30224,卖盘
891,10:27:31,13.14,0.0,141,185389,卖盘
892,10:27:34,13.15,0.01,17,22340,买盘
893,10:27:37,13.15,0.0,47,62647,买盘
894,10:27:40,13.15,0.0,3,3945,卖盘
895,10:27:43,13.15,0.0,14,18410,卖盘
896,10:27:45,13.15,0.0,73,95153,卖盘
897,10:27:48,13.14,-0.01,16,21029,卖盘
898,10:27:52,13.15,0.01,30,39450,买盘
899,10:27:57,13.14,-0.01,88,115632,卖盘
900,10:28:01,13.13,-0.01,212,278470,卖盘
901,10:28:04,13.14,0.01,71,93294,买盘
902,10:28:07,13.14,0.0,483,634482,买盘
903,10:28:10,13.14,0.0,34,44676,买盘
904,10:28:12,13.14,0.0,50,65675,买盘
905,10:28:16,13.13,-0.01,5,6565,卖盘
906,10:28:18,13.14,0.01,1,1314,买盘
907,10:28:21,13.13,-0.01,55,72215,卖盘
908,10:28:24,13.15,0.02,172,226058,买盘
909,10:28:28,13.14,-0.01,4,5256,卖盘
910,10:28:34,13.14,0.0,24,31536,买盘
911,10:28:37,13.14,0.0,31,40734,买盘
912,10:28:39,13.15,0.01,333,437699,买盘
913,10:28:43,13.13,-0.02,1,1313,中性盘
914,10:28:52,13.15,0.02,64,84972,买盘
915,10:28:55,13.15,0.0,20,26300,卖盘
916,10:28:57,13.15,0.0,18,23670,卖盘
917,10:29:00,13.15,0.0,2,2630,卖盘
918,10:29:07,13.16,0.01,32,42112,买盘
919,10:29:16,13.16,0.0,67,88151,买盘
920,10:29:19,13.16,0.0,3,3948,买盘
921,10:29:24,13.15,-0.01,64,84180,卖盘
922,10:29:27,13.15,0.0,47,60963,卖盘
923,10:29:31,13.15,0.0,1,1315,买盘
924,10:29:33,13.16,0.01,69,90787,买盘
925,10:29:42,13.16,0.0,17,22363,买盘
926,10:29:45,13.16,0.0,39,51321,买盘
927,10:29:48,13.16,0.0,3,3948,买盘
928,10:29:52,13.15,-0.01,1,1315,卖盘
929,10:29:58,13.15,0.0,10,13150,卖盘
930,10:30:00,13.16,0.01,5,6580,买盘
931,10:30:06,13.16,0.0,11,14476,买盘
932,10:30:09,13.15,-0.01,111,145965,卖盘
933,10:30:19,13.15,0.0,11,14465,买盘
934,10:30:22,13.14,-0.01,141,185392,卖盘
935,10:30:25,13.15,0.01,37,48655,买盘
936,10:30:28,13.15,0.0,4,5260,买盘
937,10:30:31,13.15,0.0,15,19720,买盘
938,10:30:34,13.15,0.0,32,42080,买盘
939,10:30:39,13.15,0.0,43,56545,买盘
940,10:30:42,13.15,0.0,25,32872,买盘
941,10:30:48,13.15,0.0,19,24975,买盘
942,10:30:52,13.15,0.0,85,111775,买盘
943,10:30:54,13.15,0.0,192,252480,买盘
944,10:30:57,13.15,0.0,22,28930,买盘
945,10:31:01,13.15,0.0,68,89420,买盘
946,10:31:04,13.16,0.01,15,19734,买盘
947,10:31:06,13.15,-0.01,3,3945,卖盘
948,10:31:19,13.16,0.01,35,46037,买盘
949,10:31:22,13.15,-0.01,71,93365,卖盘
950,10:31:24,13.16,0.01,61,80265,买盘
951,10:31:28,13.14,-0.02,214,281319,卖盘
952,10:31:31,13.15,0.01,3,3945,买盘
953,10:31:40,13.14,-0.01,24,31546,卖盘
954,10:31:42,13.15,0.01,15,19724,中性盘
955,10:31:45,13.15,0.0,4,5260,买盘
956,10:31:54,13.15,0.0,10,13150,卖盘
957,10:32:07,13.16,0.01,1,1316,买盘
958,10:32:10,13.16,0.0,10,13160,买盘
959,10:32:18,13.15,-0.01,11,14465,卖盘
960,10:32:25,13.16,0.01,8,10528,买盘
961,10:32:33,13.16,0.0,15,19740,买盘
962,10:32:40,13.15,-0.01,142,186737,卖盘
963,10:32:42,13.16,0.01,24,31584,买盘
964,10:32:46,13.15,-0.01,3,3945,卖盘
965,10:32:49,13.16,0.01,68,89488,买盘
966,10:32:52,13.16,0.0,6,7896,买盘
967,10:32:54,13.16,0.0,38,49978,买盘
968,10:33:01,13.16,0.0,10,13153,买盘
969,10:33:04,13.16,0.0,56,73696,买盘
970,10:33:07,13.16,0.0,11,14476,买盘
971,10:33:09,13.16,0.0,4,5382,买盘
972,10:33:13,13.15,-0.01,61,80099,卖盘
973,10:33:16,13.16,0.01,1,1434,买盘
974,10:33:19,13.16,0.0,4,5264,卖盘
975,10:33:21,13.17,0.01,3,3951,买盘
976,10:33:24,13.16,-0.01,60,78852,卖盘
977,10:33:28,13.19,0.03,58,76372,买盘
978,10:33:31,13.15,-0.04,3,3945,卖盘
979,10:33:34,13.16,0.01,4,5264,中性盘
980,10:33:37,13.16,0.0,10,13160,买盘
981,10:33:40,13.16,0.0,5,6577,买盘
982,10:33:43,13.16,0.0,21,27621,买盘
983,10:33:46,13.16,0.0,32,42112,买盘
984,10:33:52,13.15,-0.01,2,2630,卖盘
985,10:33:54,13.16,0.01,10,13160,买盘
986,10:33:57,13.16,0.0,6,7896,买盘
987,10:34:01,13.19,0.03,1,1319,买盘
988,10:34:04,13.16,-0.03,4,5264,卖盘
989,10:34:13,13.19,0.03,5,6595,买盘
990,10:34:15,13.19,0.0,45,59355,买盘
991,10:34:21,13.19,0.0,2,2638,买盘
992,10:34:31,13.17,-0.02,46,60608,卖盘
993,10:34:33,13.17,0.0,21,27657,买盘
994,10:34:42,13.16,-0.01,1,1316,卖盘
995,10:34:45,13.16,0.0,3,3948,卖盘
996,10:34:55,13.2,0.04,101,133231,买盘
997,10:34:58,13.17,-0.03,3,3951,卖盘
998,10:35:01,13.17,0.0,14,18438,卖盘
999,10:35:06,13.22,0.05,1,1321,卖盘
1000,10:35:13,13.16,-0.06,201,264575,卖盘
1001,10:35:16,13.16,0.0,12,15792,买盘
1002,10:35:19,13.17,0.01,107,140832,买盘
1003,10:35:25,13.24,0.07,115,152974,买盘
1004,10:35:28,13.19,-0.05,42,54644,卖盘
1005,10:35:31,13.24,0.05,16,21184,买盘
1006,10:35:34,13.21,-0.03,1,1321,买盘
1007,10:35:37,13.2,-0.01,8,10567,卖盘
1008,10:35:43,13.2,0.0,11,14520,卖盘
1009,10:35:45,13.24,0.04,44,58189,买盘
1010,10:36:04,13.23,-0.01,2,2646,买盘
1011,10:36:13,13.23,0.0,11,14548,买盘
1012,10:36:19,13.2,-0.03,20,26417,卖盘
1013,10:36:33,13.2,0.0,10,13200,卖盘
1014,10:36:39,13.22,0.02,45,59482,买盘
1015,10:36:43,13.2,-0.02,3,3960,卖盘
1016,10:36:48,13.2,0.0,6,7920,卖盘
1017,10:36:51,13.17,-0.03,10,13170,卖盘
1018,10:36:55,13.2,0.03,15,19800,买盘
1019,10:37:01,13.2,0.0,7,9240,买盘
1020,10:37:07,13.17,-0.03,2,2634,卖盘
1021,10:37:09,13.19,0.02,8,10552,买盘
1022,10:37:12,13.19,0.0,68,89692,买盘
1023,10:37:15,13.22,0.03,69,91084,买盘
1024,10:37:18,13.19,-0.03,46,60845,卖盘
1025,10:37:25,13.18,-0.01,5,6590,买盘
1026,10:37:28,13.18,0.0,3,3954,买盘
1027,10:37:31,13.18,0.0,6,7908,买盘
1028,10:37:37,13.17,-0.01,13,17131,卖盘
1029,10:37:39,13.17,0.0,10,13170,卖盘
1030,10:37:42,13.17,0.0,29,38208,卖盘
1031,10:37:45,13.18,0.01,36,47448,买盘
1032,10:37:49,13.18,0.0,2,2636,买盘
1033,10:37:52,13.18,0.0,3,3954,卖盘
1034,10:37:55,13.18,0.0,5,6590,卖盘
1035,10:38:19,13.19,0.01,20,26380,卖盘
1036,10:38:22,13.19,0.0,7,9233,买盘
1037,10:38:28,13.22,0.03,7,9245,买盘
1038,10:38:39,13.19,-0.03,3,3957,卖盘
1039,10:38:48,13.19,0.0,16,21105,卖盘
1040,10:38:57,13.2,0.01,1,1320,买盘
1041,10:39:04,13.2,0.0,10,13200,买盘
1042,10:39:07,13.2,0.0,16,21120,买盘
1043,10:39:12,13.2,0.0,7,9240,卖盘
1044,10:39:19,13.21,0.01,1,1321,买盘
1045,10:39:28,13.21,0.0,48,63403,买盘
1046,10:39:34,13.21,0.0,16,21136,买盘
1047,10:39:43,13.21,0.0,6,7926,买盘
1048,10:39:46,13.2,-0.01,16,21120,卖盘
1049,10:39:52,13.21,0.01,8,10568,买盘
1050,10:39:55,13.21,0.0,6,7926,买盘
1051,10:39:58,13.21,0.0,3,3963,买盘
1052,10:40:01,13.21,0.0,28,36970,买盘
1053,10:40:04,13.2,-0.01,2,2640,卖盘
1054,10:40:06,13.21,0.01,59,77934,买盘
1055,10:40:10,13.21,0.0,3,3963,买盘
1056,10:40:19,13.21,0.0,3,3963,买盘
1057,10:40:22,13.22,0.01,18,23794,买盘
1058,10:40:34,13.22,0.0,35,46265,买盘
1059,10:40:40,13.21,-0.01,3,3963,卖盘
1060,10:40:43,13.21,0.0,8,10568,卖盘
1061,10:40:46,13.22,0.01,3,3966,买盘
1062,10:40:49,13.21,-0.01,5,6606,卖盘
1063,10:40:51,13.22,0.01,1,1322,买盘
1064,10:40:58,13.21,-0.01,20,26420,卖盘
1065,10:41:00,13.22,0.01,16,21152,买盘
1066,10:41:07,13.22,0.0,7,9254,买盘
1067,10:41:25,13.22,0.0,34,44948,买盘
1068,10:41:31,13.22,0.0,25,33050,买盘
1069,10:41:33,13.23,0.01,64,84624,买盘
1070,10:41:36,13.21,-0.02,3,3964,卖盘
1071,10:41:45,13.23,0.02,121,159875,买盘
1072,10:41:49,13.23,0.0,34,44982,买盘
1073,10:41:55,13.23,0.0,47,62181,买盘
1074,10:41:58,13.24,0.01,3,3972,买盘
1075,10:42:01,13.24,0.0,6,7944,买盘
1076,10:42:10,13.24,0.0,22,29127,买盘
1077,10:42:13,13.21,-0.03,25,33049,卖盘
1078,10:42:19,13.23,0.02,6,7939,卖盘
1079,10:42:34,13.23,0.0,50,66150,买盘
1080,10:42:37,13.23,0.0,15,19845,买盘
1081,10:42:39,13.23,0.0,4,5289,买盘
1082,10:42:43,13.22,-0.01,1,1322,卖盘
1083,10:42:48,13.23,0.01,3,3969,买盘
1084,10:42:51,13.23,0.0,6,7938,买盘
1085,10:42:58,13.24,0.01,7,9268,买盘
1086,10:43:21,13.23,-0.01,50,66150,卖盘
1087,10:43:31,13.24,0.01,2,2648,买盘
1088,10:43:37,13.23,-0.01,3,3969,卖盘
1089,10:43:42,13.23,0.0,15,19845,买盘
1090,10:43:45,13.23,0.0,29,38352,买盘
1091,10:43:54,13.23,0.0,13,17187,买盘
1092,10:44:00,13.23,0.0,9,11907,买盘
1093,10:44:07,13.22,-0.01,218,288214,卖盘
1094,10:44:10,13.22,0.0,77,101794,卖盘
1095,10:44:13,13.22,0.0,73,96506,卖盘
1096,10:44:16,13.22,0.0,11,14542,买盘
1097,10:44:19,13.22,0.0,104,137488,买盘
1098,10:44:24,13.22,0.0,10,13220,买盘
1099,10:44:28,13.23,0.01,30,39683,买盘
1100,10:44:33,13.22,-0.01,7,9252,买盘
1101,10:44:36,13.22,0.0,5,6610,买盘
1102,10:44:43,13.21,-0.01,11,14539,卖盘
1103,10:44:46,13.22,0.01,54,71388,买盘
1104,10:44:49,13.22,0.0,9,11898,卖盘
1105,10:44:52,13.22,0.0,15,19830,买盘
1106,10:44:58,13.22,0.0,11,14542,买盘
1107,10:45:04,13.22,0.0,12,15864,买盘
1108,10:45:07,13.22,0.0,11,14542,买盘
1109,10:45:10,13.22,0.0,3,3966,卖盘
1110,10:45:18,13.23,0.01,4,5292,买盘
1111,10:45:22,13.23,0.0,9,11907,买盘
1112,10:45:37,13.23,0.0,1,1323,买盘
1113,10:45:39,13.22,-0.01,3,3966,卖盘
1114,10:45:43,13.22,0.0,3,3966,卖盘
1115,10:45:45,13.23,0.01,14,18509,买盘
1116,10:45:48,13.22,-0.01,17,22481,卖盘
1117,10:45:54,13.23,0.01,10,13230,买盘
1118,10:45:58,13.23,0.0,33,43641,买盘
1119,10:46:06,13.23,0.0,1,1323,买盘
1120,10:46:12,13.22,-0.01,17,22474,卖盘
1121,10:46:19,13.22,0.0,9,11895,买盘
1122,10:46:21,13.22,0.0,23,30406,买盘
1123,10:46:40,13.21,-0.01,13,17173,卖盘
1124,10:46:42,13.21,0.0,10,13210,卖盘
1125,10:46:45,13.21,0.0,1,1321,卖盘
1126,10:46:48,13.22,0.01,15,19818,买盘
1127,10:46:55,13.22,0.0,15,19830,买盘
1128,10:47:01,13.22,0.0,36,47592,卖盘
1129,10:47:07,13.22,0.0,20,26440,卖盘
1130,10:47:16,13.23,0.01,7,9261,买盘
1131,10:47:18,13.22,-0.01,3,3966,卖盘
1132,10:47:22,13.23,0.01,20,26460,买盘
1133,10:47:33,13.23,0.0,25,33075,买盘
1134,10:47:42,13.23,0.0,3,3969,卖盘
1135,10:47:46,13.23,0.0,12,15876,卖盘
1136,10:48:01,13.23,0.0,4,5292,买盘
1137,10:48:18,13.24,0.01,11,14554,买盘
1138,10:48:25,13.24,0.0,56,74112,买盘
1139,10:48:37,13.24,0.0,1,1324,买盘
1140,10:48:40,13.22,-0.02,3,3966,卖盘
1141,10:48:46,13.24,0.02,66,87382,买盘
1142,10:48:51,13.24,0.0,10,13240,卖盘
1143,10:49:04,13.2,-0.04,900,1188677,卖盘
1144,10:49:09,13.25,0.05,8,10600,买盘
1145,10:49:27,13.2,-0.05,8,10560,卖盘
1146,10:49:40,13.2,0.0,77,101640,卖盘
1147,10:49:43,13.2,0.0,7,9240,买盘
1148,10:49:46,13.19,-0.01,20,26385,卖盘
1149,10:49:48,13.2,0.01,11,14520,买盘
1150,10:49:51,13.2,0.0,8,10560,卖盘
1151,10:50:06,13.19,-0.01,10,13190,卖盘
1152,10:50:16,13.24,0.05,7,9268,买盘
1153,10:50:19,13.2,-0.04,12,15840,卖盘
1154,10:50:21,13.24,0.04,20,26408,买盘
1155,10:50:27,13.2,-0.04,21,27720,卖盘
1156,10:50:30,13.2,0.0,30,39600,卖盘
1157,10:50:37,13.2,0.0,6,7920,卖盘
1158,10:50:40,13.2,0.0,36,47520,卖盘
1159,10:50:43,13.21,0.01,60,79260,中性盘
1160,10:50:46,13.21,0.0,3,3963,卖盘
1161,10:50:49,13.24,0.03,3,3972,买盘
1162,10:50:58,13.21,-0.03,48,63408,卖盘
1163,10:51:12,13.2,-0.01,99,130726,卖盘
1164,10:51:22,13.22,0.02,1,1322,卖盘
1165,10:51:25,13.22,0.0,9,11898,卖盘
1166,10:51:31,13.22,0.0,7,9254,买盘
1167,10:51:37,13.24,0.02,52,68804,买盘
1168,10:51:43,13.22,-0.02,16,21152,卖盘
1169,10:51:46,13.21,-0.01,15,19827,卖盘
1170,10:52:01,13.22,0.01,20,26440,卖盘
1171,10:52:16,13.23,0.01,1,1323,买盘
1172,10:52:27,13.22,-0.01,10,13220,卖盘
1173,10:52:36,13.22,0.0,28,37016,买盘
1174,10:52:40,13.22,0.0,4,5288,买盘
1175,10:52:45,13.21,-0.01,3,3963,卖盘
1176,10:52:49,13.21,0.0,3,3963,卖盘
1177,10:52:58,13.21,0.0,7,9247,买盘
1178,10:53:07,13.21,0.0,8,10568,买盘
1179,10:53:13,13.21,0.0,34,44914,买盘
1180,10:53:16,13.2,-0.01,394,520080,卖盘
1181,10:53:21,13.21,0.01,79,104353,买盘
1182,10:53:28,13.21,0.0,3,3963,卖盘
1183,10:53:31,13.2,-0.01,50,66045,卖盘
1184,10:53:43,13.21,0.01,13,17173,卖盘
1185,10:53:46,13.21,0.0,8,10568,卖盘
1186,10:53:48,13.21,0.0,5,6605,卖盘
1187,10:54:01,13.2,-0.01,9,11880,卖盘
1188,10:54:07,13.2,0.0,6,7920,卖盘
1189,10:54:15,13.2,0.0,1,1320,买盘
1190,10:54:18,13.19,-0.01,1,1319,卖盘
1191,10:54:24,13.2,0.01,7,9240,买盘
1192,10:54:27,13.2,0.0,4,5280,买盘
1193,10:54:30,13.2,0.0,52,68640,买盘
1194,10:54:33,13.19,-0.01,60,79188,卖盘
1195,10:54:40,13.19,0.0,30,39586,卖盘
1196,10:54:46,13.19,0.0,4,5276,卖盘
1197,10:54:54,13.19,0.0,45,59355,卖盘
1198,10:55:04,13.19,0.0,10,13190,卖盘
1199,10:55:06,13.18,-0.01,240,316358,卖盘
1200,10:55:16,13.2,0.02,2,2640,买盘
1201,10:55:19,13.2,0.0,59,77880,买盘
1202,10:55:22,13.19,-0.01,22,29022,卖盘
1203,10:55:34,13.2,0.01,7,9240,买盘
1204,10:55:37,13.2,0.0,1,1320,买盘
1205,10:55:43,13.19,-0.01,3,3957,卖盘
1206,10:55:45,13.2,0.01,24,31670,买盘
1207,10:55:51,13.2,0.0,7,9240,买盘
1208,10:55:54,13.2,0.0,44,58045,买盘
1209,10:56:06,13.19,-0.01,11,14509,卖盘
1210,10:56:21,13.19,0.0,50,65950,卖盘
1211,10:56:27,13.19,0.0,38,50122,卖盘
1212,10:56:33,13.2,0.01,30,39588,买盘
1213,10:56:42,13.2,0.0,10,13200,买盘
1214,10:56:46,13.2,0.0,19,25080,买盘
1215,10:56:48,13.19,-0.01,3,3957,卖盘
1216,10:57:07,13.19,0.0,20,26380,卖盘
1217,10:57:10,13.2,0.01,8,10560,买盘
1218,10:57:16,13.19,-0.01,96,126641,卖盘
1219,10:57:19,13.19,0.0,7,9233,买盘
1220,10:57:43,13.18,-0.01,4,5272,卖盘
1221,10:57:46,13.18,0.0,16,21088,卖盘
1222,10:57:54,13.18,0.0,6,7908,卖盘
1223,10:57:57,13.18,0.0,8,10544,卖盘
1224,10:58:00,13.19,0.01,87,114690,买盘
1225,10:58:04,13.18,-0.01,34,44812,卖盘
1226,10:58:13,13.19,0.01,3,3957,买盘
1227,10:58:16,13.19,0.0,10,13190,买盘
1228,10:58:18,13.19,0.0,5,6595,买盘
1229,10:58:25,13.19,0.0,10,13190,买盘
1230,10:58:28,13.19,0.0,10,13190,买盘
1231,10:58:40,13.19,0.0,19,25061,买盘
1232,10:58:43,13.19,0.0,103,135857,买盘
1233,10:58:46,13.19,0.0,19,25058,买盘
1234,10:58:48,13.19,0.0,46,60674,买盘
1235,10:58:51,13.19,0.0,7,9233,买盘
1236,10:58:55,13.19,0.0,44,58036,买盘
1237,10:59:10,13.19,0.0,9,11871,买盘
1238,10:59:13,13.19,0.0,3,3957,买盘
1239,10:59:16,13.18,-0.01,41,54046,卖盘
1240,10:59:21,13.2,0.02,3,3960,买盘
1241,10:59:33,13.2,0.0,43,56760,买盘
1242,10:59:43,13.21,0.01,4,5281,买盘
1243,10:59:46,13.2,-0.01,12,15841,卖盘
1244,11:00:10,13.23,0.03,18,23805,买盘
1245,11:00:16,13.22,-0.01,33,43567,买盘
1246,11:00:19,13.24,0.02,8,10591,买盘
1247,11:00:22,13.2,-0.04,16,21134,卖盘
1248,11:00:25,13.2,0.0,10,13200,买盘
1249,11:00:33,13.2,0.0,3,3960,买盘
1250,11:00:43,13.22,0.02,3,3966,卖盘
1251,11:00:46,13.22,0.0,35,46270,卖盘
1252,11:00:49,13.22,0.0,1,1322,卖盘
1253,11:00:52,13.23,0.01,12,15876,买盘
1254,11:01:01,13.23,0.0,4,5292,买盘
1255,11:01:15,13.23,0.0,5,6615,买盘
1256,11:01:18,13.22,-0.01,19,25118,卖盘
1257,11:01:21,13.23,0.01,20,26460,买盘
1258,11:01:34,13.22,-0.01,42,55551,卖盘
1259,11:01:40,13.23,0.01,27,35701,中性盘
1260,11:01:43,13.22,-0.01,43,56855,卖盘
1261,11:01:45,13.22,0.0,9,11898,卖盘
1262,11:02:01,13.23,0.01,4,5292,买盘
1263,11:02:03,13.22,-0.01,137,181193,卖盘
1264,11:02:13,13.22,0.0,12,15864,买盘
1265,11:02:19,13.22,0.0,35,46270,买盘
1266,11:02:25,13.22,0.0,19,25118,卖盘
1267,11:02:30,13.22,0.0,4,5288,买盘
1268,11:02:43,13.2,-0.02,3,3960,卖盘
1269,11:03:27,13.2,0.0,40,52883,卖盘
1270,11:03:37,13.24,0.04,8,10592,买盘
1271,11:03:40,13.22,-0.02,3,3966,卖盘
1272,11:03:48,13.2,-0.02,16,21120,卖盘
1273,11:04:09,13.22,0.02,8,10576,买盘
1274,11:04:13,13.21,-0.01,8,10568,卖盘
1275,11:04:18,13.22,0.01,3,3966,买盘
1276,11:04:22,13.21,-0.01,8,10573,卖盘
1277,11:04:37,13.22,0.01,5,6610,买盘
1278,11:04:43,13.21,-0.01,3,3963,卖盘
1279,11:04:51,13.21,0.0,12,15871,卖盘
1280,11:05:07,13.21,0.0,33,43593,卖盘
1281,11:05:12,13.21,0.0,40,52840,卖盘
1282,11:05:25,13.21,0.0,3,3963,买盘
1283,11:05:28,13.21,0.0,7,9247,买盘
1284,11:05:31,13.21,0.0,3,3963,卖盘
1285,11:05:36,13.2,-0.01,39,51483,卖盘
1286,11:05:43,13.21,0.01,7,9247,卖盘
1287,11:05:46,13.2,-0.01,40,52812,卖盘
1288,11:05:49,13.21,0.01,20,26403,买盘
1289,11:05:52,13.2,-0.01,47,62040,卖盘
1290,11:05:54,13.2,0.0,30,39600,卖盘
1291,11:05:58,13.2,0.0,66,87120,卖盘
1292,11:06:10,13.2,0.0,20,26400,卖盘
1293,11:06:12,13.2,0.0,3,3960,买盘
1294,11:06:18,13.2,0.0,7,9240,买盘
1295,11:06:21,13.2,0.0,11,14520,买盘
1296,11:06:27,13.2,0.0,2,2640,买盘
1297,11:06:30,13.23,0.03,34,44951,买盘
1298,11:06:34,13.19,-0.04,60,79143,卖盘
1299,11:06:39,13.2,0.01,3,3960,卖盘
1300,11:06:48,13.2,0.0,1,1320,卖盘
1301,11:06:51,13.2,0.0,12,15840,卖盘
1302,11:06:55,13.2,0.0,1,1320,卖盘
1303,11:06:57,13.25,0.05,34,45032,买盘
1304,11:07:01,13.2,-0.05,42,55440,卖盘
1305,11:07:04,13.2,0.0,5,6600,买盘
1306,11:07:10,13.2,0.0,52,68589,买盘
1307,11:07:21,13.2,0.0,19,25080,买盘
1308,11:07:34,13.2,0.0,5,6600,买盘
1309,11:07:42,13.2,0.0,7,9240,买盘
1310,11:07:45,13.19,-0.01,14,18466,卖盘
1311,11:07:48,13.19,0.0,50,65950,卖盘
1312,11:07:57,13.19,0.0,12,15828,买盘
1313,11:08:09,13.19,0.0,26,34294,买盘
1314,11:08:13,13.19,0.0,2,2638,买盘
1315,11:08:16,13.19,0.0,3,3957,卖盘
1316,11:08:22,13.2,0.01,40,52800,买盘
1317,11:08:27,13.2,0.0,24,31680,买盘
1318,11:08:30,13.2,0.0,6,7920,买盘
1319,11:08:37,13.19,-0.01,3,3957,卖盘
1320,11:08:40,13.2,0.01,10,13200,买盘
1321,11:08:45,13.19,-0.01,16,21105,卖盘
1322,11:08:52,13.2,0.01,15,19787,买盘
1323,11:08:54,13.2,0.0,18,23760,买盘
1324,11:08:57,13.19,-0.01,4,5276,卖盘
1325,11:09:04,13.2,0.01,7,9240,买盘
1326,11:09:06,13.24,0.04,52,68656,买盘
1327,11:09:09,13.25,0.01,96,127125,买盘
1328,11:09:12,13.25,0.0,7,9260,买盘
1329,11:09:22,13.2,-0.05,27,35760,卖盘
1330,11:09:24,13.24,0.04,6,7944,中性盘
1331,11:09:40,13.24,0.0,30,39720,买盘
1332,11:09:43,13.24,0.0,27,35748,买盘
1333,11:09:46,13.2,-0.04,117,154633,卖盘
1334,11:09:48,13.19,-0.01,14,18466,卖盘
1335,11:09:55,13.2,0.01,3,3960,买盘
1336,11:10:10,13.2,0.0,70,92400,买盘
1337,11:10:13,13.2,0.0,46,60720,买盘
1338,11:10:16,13.2,0.0,3,3960,卖盘
1339,11:10:19,13.2,0.0,17,22440,卖盘
1340,11:10:25,13.24,0.04,18,23832,买盘
1341,11:10:34,13.24,0.0,7,9268,买盘
1342,11:10:37,13.2,-0.04,9,11880,卖盘
1343,11:10:40,13.24,0.04,45,59416,买盘
1344,11:10:43,13.25,0.01,30,39737,买盘
1345,11:10:46,13.24,-0.01,36,47664,买盘
1346,11:10:49,13.2,-0.04,67,88440,卖盘
1347,11:10:52,13.2,0.0,38,50160,买盘
1348,11:10:54,13.2,0.0,6,7920,买盘
1349,11:10:57,13.2,0.0,13,17160,买盘
1350,11:11:04,13.19,-0.01,6,7914,卖盘
1351,11:11:10,13.19,0.0,3,3957,卖盘
1352,11:11:13,13.2,0.01,13,17160,买盘
1353,11:11:16,13.19,-0.01,9,11871,卖盘
1354,11:11:19,13.2,0.01,21,27720,买盘
1355,11:11:27,13.2,0.0,3,3960,买盘
1356,11:11:33,13.2,0.0,12,15840,买盘
1357,11:11:48,13.2,0.0,16,21120,卖盘
1358,11:11:58,13.2,0.0,17,22447,卖盘
1359,11:12:04,13.2,0.0,28,36960,卖盘
1360,11:12:16,13.2,0.0,2,2640,买盘
1361,11:12:19,13.2,0.0,45,59400,买盘
1362,11:12:34,13.2,0.0,19,25080,卖盘
1363,11:12:36,13.2,0.0,4,5280,买盘
1364,11:12:49,13.2,0.0,14,18480,买盘
1365,11:13:00,13.21,0.01,4,5284,买盘
1366,11:13:13,13.21,0.0,3,3963,买盘
1367,11:13:16,13.21,0.0,13,17173,买盘
1368,11:13:21,13.23,0.02,7,9261,买盘
1369,11:13:27,13.21,-0.02,5,6605,卖盘
1370,11:13:31,13.21,0.0,50,66050,卖盘
1371,11:13:42,13.23,0.02,5,6609,买盘
1372,11:13:45,13.21,-0.02,50,66051,卖盘
1373,11:13:48,13.21,0.0,12,15852,卖盘
1374,11:14:00,13.23,0.02,127,167775,买盘
1375,11:14:04,13.23,0.0,3,3969,买盘
1376,11:14:18,13.23,0.0,5,6615,买盘
1377,11:14:43,13.23,0.0,5,6615,买盘
1378,11:14:52,13.23,0.0,19,25144,卖盘
1379,11:15:04,13.24,0.01,2,2648,买盘
1380,11:15:09,13.24,0.0,1,1324,买盘
1381,11:15:40,13.23,-0.01,2,2646,卖盘
1382,11:15:46,13.23,0.0,3,3969,卖盘
1383,11:15:49,13.23,0.0,12,15876,卖盘
1384,11:15:52,13.22,-0.01,80,105839,卖盘
1385,11:16:07,13.24,0.02,5,6617,买盘
1386,11:16:10,13.22,-0.02,3,3966,卖盘
1387,11:16:15,13.24,0.02,7,9268,买盘
1388,11:16:22,13.22,-0.02,100,132203,卖盘
1389,11:16:33,13.24,0.02,8,10592,买盘
1390,11:16:45,13.22,-0.02,3,3966,卖盘
1391,11:16:51,13.23,0.01,3,3969,买盘
1392,11:16:57,13.22,-0.01,1,1322,卖盘
1393,11:17:09,13.22,0.0,3,3966,卖盘
1394,11:17:19,13.24,0.02,12,15882,买盘
1395,11:17:22,13.23,-0.01,3,3969,买盘
1396,11:17:27,13.23,0.0,6,7938,卖盘
1397,11:17:31,13.24,0.01,10,13240,买盘
1398,11:17:40,13.24,0.0,7,9268,买盘
1399,11:17:43,13.23,-0.01,1,1323,卖盘
1400,11:17:49,13.22,-0.01,15,19830,卖盘
1401,11:17:51,13.22,0.0,1,1322,卖盘
1402,11:18:07,13.21,-0.01,143,188913,卖盘
1403,11:18:10,13.21,0.0,4,5284,买盘
1404,11:18:13,13.21,0.0,6,7926,买盘
1405,11:18:16,13.21,0.0,6,7926,买盘
1406,11:18:21,13.21,0.0,30,39630,买盘
1407,11:18:25,13.2,-0.01,33,43563,卖盘
1408,11:18:28,13.2,0.0,32,42242,卖盘
1409,11:18:31,13.2,0.0,27,35640,卖盘
1410,11:18:34,13.21,0.01,24,31704,买盘
1411,11:18:37,13.21,0.0,483,637008,买盘
1412,11:18:43,13.2,-0.01,12,15840,卖盘
1413,11:18:46,13.2,0.0,89,117480,买盘
1414,11:18:49,13.2,0.0,3,3960,买盘
1415,11:18:52,13.2,0.0,3,3960,买盘
1416,11:18:55,13.21,0.01,111,146622,买盘
1417,11:18:58,13.21,0.0,220,290590,买盘
1418,11:19:00,13.21,0.0,3,3963,买盘
1419,11:19:03,13.21,0.0,7,9247,买盘
1420,11:19:07,13.21,0.0,34,44914,买盘
1421,11:19:16,13.2,-0.01,4,5280,卖盘
1422,11:19:22,13.2,0.0,1,1320,买盘
1423,11:19:24,13.21,0.01,8,10563,买盘
1424,11:19:27,13.21,0.0,7,9247,买盘
1425,11:19:39,13.19,-0.02,2,2638,买盘
1426,11:19:43,13.19,0.0,13,17147,买盘
1427,11:19:46,13.2,0.01,7,9240,卖盘
1428,11:19:49,13.2,0.0,12,15840,卖盘
1429,11:20:21,13.21,0.01,23,30363,买盘
1430,11:20:31,13.21,0.0,7,9247,买盘
1431,11:20:34,13.2,-0.01,58,76560,卖盘
1432,11:20:39,13.2,0.0,12,15840,买盘
1433,11:20:46,13.2,0.0,34,44880,卖盘
1434,11:20:52,13.19,-0.01,1,1319,卖盘
1435,11:20:54,13.21,0.02,70,92444,买盘
1436,11:21:12,13.2,-0.01,6,7920,买盘
1437,11:21:15,13.21,0.01,50,66016,买盘
1438,11:21:24,13.19,-0.02,70,92355,卖盘
1439,11:21:28,13.19,0.0,1,1319,买盘
1440,11:21:31,13.19,0.0,14,18466,买盘
1441,11:21:40,13.19,0.0,8,10552,买盘
1442,11:21:42,13.18,-0.01,10,13180,卖盘
1443,11:21:49,13.18,0.0,15,19772,卖盘
1444,11:21:58,13.19,0.01,7,9233,买盘
1445,11:22:04,13.19,0.0,1,1319,买盘
1446,11:22:06,13.18,-0.01,5,6590,卖盘
1447,11:22:13,13.18,0.0,4,5273,卖盘
1448,11:22:19,13.18,0.0,82,108076,卖盘
1449,11:22:30,13.18,0.0,36,47448,买盘
1450,11:22:36,13.18,0.0,1,1318,买盘
1451,11:22:39,13.17,-0.01,15,19755,卖盘
1452,11:22:43,13.18,0.01,10,13180,买盘
1453,11:22:46,13.18,0.0,34,44812,买盘
1454,11:22:49,13.17,-0.01,20,26340,卖盘
1455,11:23:00,13.17,0.0,12,15804,卖盘
1456,11:23:04,13.17,0.0,27,35562,卖盘
1457,11:23:06,13.18,0.01,34,44812,买盘
1458,11:23:09,13.17,-0.01,4,5268,卖盘
1459,11:23:13,13.18,0.01,36,47448,买盘
1460,11:23:16,13.18,0.0,1,1318,买盘
1461,11:23:22,13.18,0.0,7,9226,买盘
1462,11:23:25,13.18,0.0,30,39540,买盘
1463,11:23:28,13.18,0.0,2,2636,买盘
1464,11:23:31,13.18,0.0,2,2636,买盘
1465,11:23:37,13.18,0.0,1,1318,买盘
1466,11:23:45,13.18,0.0,11,14498,买盘
1467,11:23:48,13.17,-0.01,9,11853,卖盘
1468,11:23:51,13.17,0.0,1,1317,卖盘
1469,11:23:57,13.17,0.0,44,57982,卖盘
1470,11:24:01,13.18,0.01,38,50084,买盘
1471,11:24:07,13.18,0.0,352,463689,买盘
1472,11:24:10,13.18,0.0,8,10544,买盘
1473,11:24:18,13.18,0.0,3,3954,买盘
1474,11:24:21,13.18,0.0,7,9226,买盘
1475,11:24:25,13.18,0.0,5,6590,买盘
1476,11:24:30,13.18,0.0,17,22406,买盘
1477,11:24:37,13.18,0.0,12,15816,买盘
1478,11:24:40,13.18,0.0,17,22406,买盘
1479,11:24:42,13.19,0.01,10,13190,买盘
1480,11:24:49,13.17,-0.02,37,48748,卖盘
1481,11:24:51,13.19,0.02,2,2638,买盘
1482,11:25:00,13.17,-0.02,195,256815,卖盘
1483,11:25:04,13.19,0.02,1,1319,买盘
1484,11:25:13,13.19,0.0,10,13190,买盘
1485,11:25:31,13.18,-0.01,1,1318,卖盘
1486,11:25:49,13.18,0.0,12,15816,卖盘
1487,11:26:13,13.19,0.01,10,13190,买盘
1488,11:26:16,13.19,0.0,1,1319,买盘
1489,11:26:22,13.19,0.0,7,9233,买盘
1490,11:26:30,13.18,-0.01,52,68538,卖盘
1491,11:26:45,13.19,0.01,10,13190,买盘
1492,11:26:55,13.18,-0.01,2,2636,卖盘
1493,11:27:16,13.18,0.0,20,26360,卖盘
1494,11:27:30,13.18,0.0,20,26360,卖盘
1495,11:27:33,13.19,0.01,2,2638,买盘
1496,11:27:39,13.19,0.0,7,9233,买盘
1497,11:27:48,13.18,-0.01,11,14498,卖盘
1498,11:27:51,13.19,0.01,30,39554,买盘
1499,11:28:18,13.18,-0.01,13,17134,卖盘
1500,11:28:21,13.18,0.0,2,2636,卖盘
1501,11:28:28,13.2,0.02,6,7920,买盘
1502,11:28:46,13.2,0.0,125,165000,买盘
1503,11:29:04,13.21,0.01,8,10568,买盘
1504,11:29:09,13.23,0.02,13,17175,买盘
1505,11:29:27,13.24,0.01,7,9268,卖盘
1506,11:29:30,13.24,0.0,2,2648,买盘
1507,11:29:34,13.23,-0.01,24,31791,卖盘
1508,11:29:48,13.2,-0.03,10,13200,卖盘
1509,11:29:54,13.2,0.0,1,1320,卖盘
1510,13:00:04,13.24,0.04,12,15845,买盘
1511,13:00:07,13.25,0.01,105,140191,买盘
1512,13:00:10,13.25,0.0,6,7950,卖盘
1513,13:00:36,13.25,0.0,9,11925,卖盘
1514,13:00:42,13.25,0.0,3,3975,卖盘
1515,13:00:51,13.25,0.0,10,13250,卖盘
1516,13:01:09,13.25,0.0,3,3975,卖盘
1517,13:01:21,13.26,0.01,1,1326,买盘
1518,13:01:36,13.26,0.0,9,11934,买盘
1519,13:01:39,13.26,0.0,2,2652,买盘
1520,13:01:45,13.26,0.0,8,10608,买盘
1521,13:01:51,13.25,-0.01,12,15907,卖盘
1522,13:02:18,13.25,0.0,2,2650,卖盘
1523,13:02:28,13.26,0.01,7,9282,买盘
1524,13:02:30,13.25,-0.01,10,13250,卖盘
1525,13:02:36,13.26,0.01,10,13260,买盘
1526,13:02:54,13.25,-0.01,1,1325,卖盘
1527,13:03:04,13.25,0.0,7,9275,卖盘
1528,13:03:15,13.26,0.01,30,39753,买盘
1529,13:03:21,13.24,-0.02,3,3972,卖盘
1530,13:03:27,13.26,0.02,9,11934,买盘
1531,13:03:51,13.24,-0.02,10,13240,卖盘
1532,13:04:00,13.27,0.03,11,14588,买盘
1533,13:04:13,13.27,0.0,4,5305,买盘
1534,13:04:18,13.24,-0.03,2,2648,卖盘
1535,13:04:30,13.24,0.0,4,5302,卖盘
1536,13:04:39,13.24,0.0,7,9268,卖盘
1537,13:05:18,13.24,0.0,1,1324,卖盘
1538,13:05:25,13.27,0.03,1,1327,买盘
1539,13:05:28,13.27,0.0,8,10616,买盘
1540,13:05:30,13.24,-0.03,3,2913,卖盘
1541,13:05:39,13.27,0.03,34,45118,买盘
1542,13:05:42,13.24,-0.03,6,7944,卖盘
1543,13:05:51,13.24,0.0,13,17212,卖盘
1544,13:05:54,13.24,0.0,3,3978,卖盘
1545,13:06:04,13.24,0.0,7,9268,卖盘
1546,13:06:25,13.24,0.0,1,1324,卖盘
1547,13:06:30,13.27,0.03,10,13260,买盘
1548,13:06:36,13.24,-0.03,6,7945,卖盘
1549,13:06:45,13.27,0.03,9,11943,买盘
1550,13:06:54,13.27,0.0,7,9289,买盘
1551,13:07:01,13.27,0.0,34,45118,买盘
1552,13:07:21,13.27,0.0,10,13270,买盘
1553,13:07:28,13.27,0.0,2,2654,买盘
1554,13:07:31,13.27,0.0,3,3981,买盘
1555,13:07:33,13.27,0.0,8,10616,买盘
1556,13:07:36,13.27,0.0,5,6635,买盘
1557,13:07:42,13.25,-0.02,6,7950,卖盘
1558,13:07:51,13.26,0.01,50,66300,买盘
1559,13:07:54,13.26,0.0,4,5304,卖盘
1560,13:08:01,13.25,-0.01,250,331280,卖盘
1561,13:08:04,13.26,0.01,2,2652,中性盘
1562,13:08:06,13.26,0.0,8,10608,卖盘
1563,13:08:09,13.26,0.0,2,2652,买盘
1564,13:08:12,13.26,0.0,6,7956,卖盘
1565,13:08:15,13.27,0.01,7,9289,买盘
1566,13:08:33,13.27,0.0,10,13270,买盘
1567,13:08:49,13.26,-0.01,16,21216,卖盘
1568,13:08:58,13.26,0.0,1,1326,卖盘
1569,13:09:07,13.26,0.0,14,18564,卖盘
1570,13:09:10,13.27,0.01,10,13270,买盘
1571,13:09:12,13.27,0.0,2,2654,买盘
1572,13:09:27,13.27,0.0,10,13270,买盘
1573,13:09:30,13.26,-0.01,11,14586,卖盘
1574,13:09:33,13.27,0.01,1,1327,买盘
1575,13:09:36,13.27,0.0,120,159505,买盘
1576,13:09:42,13.28,0.01,7,9296,买盘
1577,13:09:46,13.27,-0.01,6,7962,卖盘
1578,13:09:51,13.26,-0.01,16,21222,卖盘
1579,13:09:54,13.26,0.0,18,23868,卖盘
1580,13:09:58,13.28,0.02,10,13280,买盘
1581,13:10:06,13.28,0.0,3,3984,买盘
1582,13:10:10,13.26,-0.02,19,25194,卖盘
1583,13:10:16,13.28,0.02,34,45152,买盘
1584,13:10:19,13.28,0.0,6,7968,买盘
1585,13:10:22,13.28,0.0,9,11952,买盘
1586,13:10:24,13.28,0.0,6,7968,买盘
1587,13:10:27,13.28,0.0,19,25232,买盘
1588,13:10:30,13.28,0.0,69,91590,买盘
1589,13:10:33,13.28,0.0,37,49136,买盘
1590,13:10:36,13.29,0.01,36,47822,买盘
1591,13:10:40,13.29,0.0,34,45186,买盘
1592,13:10:43,13.29,0.0,12,15948,买盘
1593,13:10:46,13.28,-0.01,6,7968,卖盘
1594,13:10:49,13.28,0.0,32,42516,卖盘
1595,13:10:52,13.28,0.0,8,10624,买盘
1596,13:10:55,13.29,0.01,11,14609,买盘
1597,13:10:58,13.29,0.0,4,5315,买盘
1598,13:11:00,13.28,-0.01,2,2656,卖盘
1599,13:11:06,13.29,0.01,7,9303,买盘
1600,13:11:13,13.29,0.0,12,15948,买盘
1601,13:11:16,13.29,0.0,1,1329,买盘
1602,13:11:19,13.29,0.0,20,26580,买盘
1603,13:11:22,13.29,0.0,10,13290,买盘
1604,13:11:28,13.29,0.0,3,3987,买盘
1605,13:11:39,13.29,0.0,10,13290,买盘
1606,13:11:43,13.28,-0.01,6,7968,卖盘
1607,13:11:52,13.28,0.0,12,15936,卖盘
1608,13:11:55,13.29,0.01,2,2658,买盘
1609,13:12:07,13.29,0.0,1,1329,买盘
1610,13:12:18,13.29,0.0,2,2658,买盘
1611,13:12:21,13.28,-0.01,30,39840,卖盘
1612,13:12:36,13.29,0.01,10,13290,买盘
1613,13:12:40,13.28,-0.01,47,62416,卖盘
1614,13:12:46,13.29,0.01,8,10628,买盘
1615,13:12:49,13.29,0.0,5,6645,买盘
1616,13:12:52,13.26,-0.03,6,7956,卖盘
1617,13:13:07,13.29,0.03,40,53139,买盘
1618,13:13:18,13.29,0.0,3,3987,买盘
1619,13:13:25,13.29,0.0,12,15948,买盘
1620,13:13:33,13.28,-0.01,10,13280,买盘
1621,13:13:37,13.28,0.0,10,13280,买盘
1622,13:13:49,13.27,-0.01,3,3981,卖盘
1623,13:13:52,13.27,0.0,17,22559,卖盘
1624,13:13:55,13.28,0.01,8,10624,买盘
1625,13:13:58,13.28,0.0,1,1328,卖盘
1626,13:14:01,13.27,-0.01,10,13271,卖盘
1627,13:14:10,13.28,0.01,7,9296,中性盘
1628,13:14:13,13.27,-0.01,3,3981,卖盘
1629,13:14:22,13.27,0.0,2,2654,卖盘
1630,13:14:28,13.28,0.01,10,13280,买盘
1631,13:14:37,13.27,-0.01,13,17251,卖盘
1632,13:14:40,13.27,0.0,19,25226,卖盘
1633,13:14:51,13.28,0.01,48,63700,买盘
1634,13:14:54,13.28,0.0,10,13280,买盘
1635,13:15:06,13.28,0.0,10,13280,买盘
1636,13:15:25,13.29,0.01,77,102321,买盘
1637,13:15:27,13.29,0.0,40,53160,买盘
1638,13:15:30,13.29,0.0,3,3987,买盘
1639,13:15:33,13.29,0.0,6,7974,买盘
1640,13:15:36,13.3,0.01,22,29255,买盘
1641,13:15:39,13.3,0.0,63,83790,买盘
1642,13:15:43,13.28,-0.02,2,2656,卖盘
1643,13:15:45,13.3,0.02,6,7972,买盘
1644,13:15:52,13.29,-0.01,15,19935,卖盘
1645,13:15:58,13.3,0.01,15,19947,买盘
1646,13:16:13,13.3,0.0,6,7980,买盘
1647,13:16:16,13.3,0.0,20,26600,买盘
1648,13:16:19,13.29,-0.01,2,2658,卖盘
1649,13:16:24,13.3,0.01,31,41230,买盘
1650,13:16:30,13.3,0.0,2,2660,买盘
1651,13:16:34,13.29,-0.01,3,3987,卖盘
1652,13:16:40,13.3,0.01,5,6650,买盘
1653,13:16:45,13.3,0.0,20,26600,买盘
1654,13:16:48,13.29,-0.01,6,7974,卖盘
1655,13:16:55,13.29,0.0,60,79740,卖盘
1656,13:16:58,13.29,0.0,1,1329,卖盘
1657,13:17:01,13.29,0.0,1,1329,卖盘
1658,13:17:04,13.3,0.01,7,9310,买盘
1659,13:17:07,13.29,-0.01,1,1329,卖盘
1660,13:17:21,13.29,0.0,2,2658,买盘
1661,13:17:28,13.29,0.0,3,3987,买盘
1662,13:17:36,13.29,0.0,2,2658,买盘
1663,13:17:43,13.28,-0.01,6,7968,卖盘
1664,13:17:49,13.29,0.01,1,1329,买盘
1665,13:17:52,13.28,-0.01,13,17264,卖盘
1666,13:17:58,13.29,0.01,5,6645,买盘
1667,13:18:13,13.29,0.0,30,39870,买盘
1668,13:18:43,13.28,-0.01,7,9296,卖盘
1669,13:18:46,13.28,0.0,3,3984,卖盘
1670,13:18:48,13.28,0.0,13,17264,卖盘
1671,13:18:51,13.29,0.01,9,11961,买盘
1672,13:18:55,13.29,0.0,10,13290,买盘
1673,13:19:01,13.29,0.0,3,3987,买盘
1674,13:19:09,13.28,-0.01,7,9296,卖盘
1675,13:19:16,13.29,0.01,10,13290,买盘
1676,13:19:21,13.28,-0.01,5,6640,卖盘
1677,13:19:28,13.28,0.0,9,11952,卖盘
1678,13:19:30,13.29,0.01,10,13287,买盘
1679,13:19:33,13.29,0.0,2,2658,买盘
1680,13:19:45,13.28,-0.01,6,7968,卖盘
1681,13:19:52,13.27,-0.01,7,9293,卖盘
1682,13:19:54,13.29,0.02,42,55818,买盘
1683,13:20:01,13.27,-0.02,1,1327,卖盘
1684,13:20:04,13.28,0.01,15,19928,卖盘
1685,13:20:09,13.28,0.0,10,13280,买盘
1686,13:20:12,13.28,0.0,6,7968,买盘
1687,13:20:18,13.28,0.0,7,9296,买盘
1688,13:20:24,13.29,0.01,30,39854,买盘
1689,13:20:43,13.28,-0.01,6,7968,卖盘
1690,13:20:55,13.28,0.0,7,9296,卖盘
1691,13:20:58,13.29,0.01,47,62440,买盘
1692,13:21:00,13.29,0.0,30,39870,买盘
1693,13:21:06,13.29,0.0,1,1329,买盘
1694,13:21:27,13.28,-0.01,10,13280,卖盘
1695,13:21:30,13.29,0.01,30,39870,买盘
1696,13:21:40,13.29,0.0,3,3987,买盘
1697,13:21:45,13.28,-0.01,6,7968,卖盘
1698,13:21:48,13.29,0.01,7,9303,买盘
1699,13:21:54,13.29,0.0,15,19926,买盘
1700,13:22:04,13.29,0.0,7,9298,买盘
1701,13:22:13,13.29,0.0,1,1329,买盘
1702,13:22:24,13.28,-0.01,115,152720,卖盘
1703,13:22:40,13.27,-0.01,24,31848,卖盘
1704,13:22:46,13.27,0.0,30,39810,卖盘
1705,13:22:54,13.28,0.01,2,2656,买盘
1706,13:23:00,13.27,-0.01,8,10616,卖盘
1707,13:23:04,13.27,0.0,4,5308,卖盘
1708,13:23:09,13.27,0.0,7,9289,买盘
1709,13:23:12,13.27,0.0,4,5308,买盘
1710,13:23:31,13.27,0.0,6,7962,卖盘
1711,13:23:52,13.27,0.0,15,19895,买盘
1712,13:23:55,13.26,-0.01,9,11934,卖盘
1713,13:23:57,13.26,0.0,141,186701,卖盘
1714,13:24:00,13.26,0.0,10,13260,买盘
1715,13:24:04,13.26,0.0,11,14586,买盘
1716,13:24:09,13.25,-0.01,17,22525,卖盘
1717,13:24:16,13.25,0.0,78,103350,卖盘
1718,13:24:37,13.25,0.0,2,2650,买盘
1719,13:24:43,13.25,0.0,7,9275,买盘
1720,13:24:45,13.25,0.0,9,11925,买盘
1721,13:24:48,13.24,-0.01,31,41044,卖盘
1722,13:24:51,13.24,0.0,5,6620,卖盘
1723,13:24:57,13.25,0.01,87,115275,买盘
1724,13:25:04,13.24,-0.01,1,1324,卖盘
1725,13:25:06,13.25,0.01,20,26500,买盘
1726,13:25:18,13.25,0.0,10,13250,卖盘
1727,13:25:40,13.25,0.0,10,13250,卖盘
1728,13:25:55,13.28,0.03,80,106103,买盘
1729,13:26:04,13.25,-0.03,31,41165,卖盘
1730,13:26:12,13.28,0.03,7,9296,买盘
1731,13:26:15,13.25,-0.03,40,53001,卖盘
1732,13:26:18,13.28,0.03,12,15936,买盘
1733,13:26:21,13.28,0.0,34,45152,买盘
1734,13:26:24,13.24,-0.04,131,173629,卖盘
1735,13:26:31,13.3,0.06,24,31919,买盘
1736,13:26:34,13.28,-0.02,2,2656,买盘
1737,13:26:57,13.29,0.01,10,13285,买盘
1738,13:27:06,13.29,0.0,10,13290,买盘
1739,13:27:21,13.29,0.0,20,26568,买盘
1740,13:27:30,13.24,-0.05,107,141858,卖盘
1741,13:27:40,13.26,0.02,7,9282,买盘
1742,13:27:49,13.26,0.0,14,18564,买盘
1743,13:27:55,13.26,0.0,12,15892,买盘
1744,13:27:58,13.26,0.0,3,3978,买盘
1745,13:28:04,13.26,0.0,5,6630,买盘
1746,13:28:10,13.26,0.0,14,18564,买盘
1747,13:28:42,13.25,-0.01,35,46375,卖盘
1748,13:28:57,13.25,0.0,30,39750,卖盘
1749,13:29:00,13.25,0.0,1,1325,卖盘
1750,13:29:03,13.24,-0.01,1,1324,卖盘
1751,13:29:06,13.26,0.02,7,9278,买盘
1752,13:29:18,13.26,0.0,7,9282,买盘
1753,13:29:40,13.27,0.01,42,55734,买盘
1754,13:29:43,13.26,-0.01,11,14586,卖盘
1755,13:29:49,13.27,0.01,20,26540,买盘
1756,13:29:55,13.26,-0.01,13,17238,卖盘
1757,13:30:06,13.26,0.0,4,5304,卖盘
1758,13:30:12,13.27,0.01,4,5308,买盘
1759,13:30:42,13.27,0.0,34,45118,买盘
1760,13:30:49,13.27,0.0,5,6635,买盘
1761,13:30:52,13.26,-0.01,14,18577,卖盘
1762,13:31:36,13.27,0.01,1,1327,卖盘
1763,13:31:42,13.26,-0.01,40,53042,卖盘
1764,13:31:54,13.26,0.0,15,19877,买盘
1765,13:31:58,13.26,0.0,10,13260,买盘
1766,13:32:04,13.25,-0.01,1,1325,卖盘
1767,13:32:07,13.26,0.01,11,14586,买盘
1768,13:32:22,13.26,0.0,21,27866,卖盘
1769,13:32:24,13.26,0.0,11,14586,卖盘
1770,13:32:31,13.26,0.0,68,90110,买盘
1771,13:32:37,13.26,0.0,5,6630,买盘
1772,13:32:43,13.25,-0.01,28,37100,卖盘
1773,13:32:46,13.26,0.01,20,26520,买盘
1774,13:32:52,13.25,-0.01,57,75525,卖盘
1775,13:32:57,13.26,0.01,37,48993,买盘
1776,13:33:10,13.25,-0.01,1,1325,卖盘
1777,13:33:13,13.26,0.01,20,26520,买盘
1778,13:33:16,13.28,0.02,168,223048,买盘
1779,13:33:18,13.25,-0.03,46,61046,卖盘
1780,13:33:21,13.25,0.0,92,121900,卖盘
1781,13:33:27,13.24,-0.01,121,160252,卖盘
1782,13:33:33,13.24,0.0,92,121819,卖盘
1783,13:33:36,13.29,0.05,307,407988,买盘
1784,13:33:43,13.22,-0.07,196,259248,卖盘
1785,13:33:49,13.24,0.02,264,348794,买盘
1786,13:33:52,13.24,0.0,20,26480,买盘
1787,13:33:54,13.21,-0.03,174,229854,卖盘
1788,13:34:00,13.21,0.0,102,134792,卖盘
1789,13:34:06,13.22,0.01,38,50236,卖盘
1790,13:34:13,13.22,0.0,40,52880,卖盘
1791,13:34:27,13.24,0.02,30,39720,买盘
1792,13:34:34,13.24,0.0,30,39720,卖盘
1793,13:34:55,13.24,0.0,19,25156,卖盘
1794,13:34:58,13.27,0.03,136,180372,买盘
1795,13:35:04,13.27,0.0,115,152612,卖盘
1796,13:35:07,13.29,0.02,96,127547,买盘
1797,13:35:10,13.27,-0.02,15,19917,卖盘
1798,13:35:13,13.29,0.02,39,51792,买盘
1799,13:35:18,13.29,0.0,34,45183,买盘
1800,13:35:24,13.24,-0.05,52,68953,卖盘
1801,13:35:30,13.22,-0.02,29,38350,卖盘
1802,13:35:36,13.31,0.09,311,412870,买盘
1803,13:35:54,13.24,-0.07,9,11916,卖盘
1804,13:36:01,13.24,0.0,5,6620,卖盘
1805,13:36:04,13.24,0.0,3,3972,卖盘
1806,13:36:27,13.28,0.04,2,2656,卖盘
1807,13:36:33,13.28,0.0,3,3984,卖盘
1808,13:36:36,13.29,0.01,8,10632,买盘
1809,13:36:55,13.28,-0.01,5,6640,买盘
1810,13:37:18,13.28,0.0,1,1328,卖盘
1811,13:37:21,13.29,0.01,4,5316,买盘
1812,13:37:43,13.29,0.0,83,110277,卖盘
1813,13:37:46,13.29,0.0,20,26580,买盘
1814,13:37:49,13.3,0.01,24,31918,买盘
1815,13:37:55,13.27,-0.03,8,10616,卖盘
1816,13:37:58,13.28,0.01,20,26560,中性盘
1817,13:38:04,13.3,0.02,7,9310,买盘
1818,13:38:06,13.28,-0.02,1,1328,卖盘
1819,13:38:12,13.29,0.01,15,19935,买盘
1820,13:38:18,13.29,0.0,20,26580,买盘
1821,13:38:27,13.3,0.01,30,39880,买盘
1822,13:38:31,13.28,-0.02,2,2656,卖盘
1823,13:38:37,13.28,0.0,1,1328,卖盘
1824,13:38:43,13.29,0.01,1,1329,卖盘
1825,13:38:52,13.29,0.0,5,6645,买盘
1826,13:38:55,13.3,0.01,24,31911,买盘
1827,13:38:58,13.3,0.0,34,45220,买盘
1828,13:39:01,13.3,0.0,76,101080,买盘
1829,13:39:12,13.3,0.0,5,6650,买盘
1830,13:39:19,13.3,0.0,20,26600,买盘
1831,13:39:28,13.29,-0.01,8,10639,卖盘
1832,13:39:31,13.3,0.01,14,18620,买盘
1833,13:39:34,13.3,0.0,6,7980,卖盘
1834,13:39:43,13.3,0.0,78,103743,卖盘
1835,13:39:46,13.3,0.0,25,33250,卖盘
1836,13:39:49,13.3,0.0,50,66500,卖盘
1837,13:39:54,13.3,0.0,14,18620,卖盘
1838,13:40:07,13.3,0.0,1,1330,卖盘
1839,13:40:37,13.31,0.01,99,131769,买盘
1840,13:40:55,13.31,0.0,9,11979,买盘
1841,13:40:58,13.31,0.0,1,1331,买盘
1842,13:41:01,13.31,0.0,31,41527,买盘
1843,13:41:04,13.32,0.01,7,9324,买盘
1844,13:41:13,13.32,0.0,85,113220,买盘
1845,13:41:16,13.32,0.0,10,13320,买盘
1846,13:41:21,13.31,-0.01,20,26620,卖盘
1847,13:41:24,13.32,0.01,26,34632,买盘
1848,13:41:37,13.32,0.0,27,35964,买盘
1849,13:41:40,13.32,0.0,5,6660,卖盘
1850,13:41:43,13.33,0.01,20,26660,买盘
1851,13:41:49,13.33,0.0,60,79930,买盘
1852,13:41:51,13.33,0.0,8,10664,买盘
1853,13:41:54,13.31,-0.02,13,17303,卖盘
1854,13:41:57,13.32,0.01,10,13320,卖盘
1855,13:42:01,13.32,0.0,21,27972,买盘
1856,13:42:07,13.33,0.01,100,133231,买盘
1857,13:42:10,13.32,-0.01,10,13320,买盘
1858,13:42:16,13.32,0.0,28,37296,买盘
1859,13:42:19,13.32,0.0,7,9324,买盘
1860,13:42:24,13.32,0.0,5,6660,买盘
1861,13:42:28,13.32,0.0,44,58608,卖盘
1862,13:42:31,13.32,0.0,9,11988,卖盘
1863,13:42:34,13.31,-0.01,28,37268,卖盘
1864,13:42:45,13.31,0.0,24,31949,卖盘
1865,13:42:58,13.32,0.01,10,13320,买盘
1866,13:43:04,13.32,0.0,5,6660,买盘
1867,13:43:07,13.31,-0.01,1,1331,卖盘
1868,13:43:16,13.32,0.01,2,2664,买盘
1869,13:43:18,13.31,-0.01,31,41261,卖盘
1870,13:43:21,13.31,0.0,49,64953,卖盘
1871,13:43:34,13.31,0.0,10,13310,买盘
1872,13:43:42,13.3,-0.01,24,31920,卖盘
1873,13:43:46,13.29,-0.01,33,43892,卖盘
1874,13:43:52,13.31,0.02,7,9317,买盘
1875,13:43:55,13.28,-0.03,9,11960,卖盘
1876,13:44:07,13.31,0.03,10,13310,买盘
1877,13:44:18,13.31,0.0,19,25555,买盘
1878,13:44:24,13.31,0.0,1,1331,卖盘
1879,13:44:34,13.31,0.0,41,54305,卖盘
1880,13:44:46,13.29,-0.02,7,9303,卖盘
1881,13:45:04,13.31,0.02,11,14641,买盘
1882,13:45:07,13.3,-0.01,2,2661,卖盘
1883,13:45:12,13.31,0.01,7,9317,买盘
1884,13:45:15,13.3,-0.01,2,2660,卖盘
1885,13:45:24,13.31,0.01,2,2662,买盘
1886,13:45:54,13.3,-0.01,10,13301,卖盘
1887,13:45:57,13.31,0.01,32,42858,买盘
1888,13:46:04,13.31,0.0,6,7986,卖盘
1889,13:46:09,13.31,0.0,4,5324,卖盘
1890,13:46:12,13.31,0.0,60,79860,卖盘
1891,13:46:21,13.32,0.01,20,26640,买盘
1892,13:46:28,13.31,-0.01,10,13310,卖盘
1893,13:46:36,13.32,0.01,7,9324,买盘
1894,13:46:39,13.31,-0.01,10,13310,卖盘
1895,13:46:46,13.31,0.0,6,7986,卖盘
1896,13:46:48,13.31,0.0,13,17303,卖盘
1897,13:46:51,13.31,0.0,7,9317,卖盘
1898,13:46:57,13.3,-0.01,34,45233,卖盘
1899,13:47:33,13.31,0.01,8,10648,买盘
1900,13:47:54,13.3,-0.01,10,13300,卖盘
1901,13:48:04,13.31,0.01,17,22627,买盘
1902,13:48:06,13.31,0.0,5,6655,买盘
1903,13:48:24,13.31,0.0,23,30613,买盘
1904,13:48:33,13.31,0.0,3,3993,卖盘
1905,13:48:36,13.31,0.0,25,33275,卖盘
1906,13:48:46,13.31,0.0,1,1331,买盘
1907,13:48:48,13.31,0.0,1,1331,买盘
1908,13:48:51,13.31,0.0,2,2662,买盘
1909,13:48:54,13.31,0.0,10,13310,买盘
1910,13:49:10,13.3,-0.01,1,1330,卖盘
1911,13:49:19,13.31,0.01,3,3993,买盘
1912,13:49:21,13.31,0.0,1,1331,买盘
1913,13:49:27,13.32,0.01,37,49281,买盘
1914,13:49:34,13.32,0.0,6,7992,买盘
1915,13:49:36,13.32,0.0,6,7992,买盘
1916,13:49:55,13.3,-0.02,11,14630,卖盘
1917,13:49:58,13.31,0.01,20,26620,买盘
1918,13:50:04,13.32,0.01,5,6660,买盘
1919,13:50:21,13.31,-0.01,13,17303,卖盘
1920,13:50:36,13.31,0.0,30,39930,买盘
1921,13:50:49,13.32,0.01,13,17310,买盘
1922,13:50:52,13.32,0.0,30,39960,买盘
1923,13:50:55,13.32,0.0,34,45267,买盘
1924,13:50:58,13.32,0.0,32,42599,买盘
1925,13:51:01,13.32,0.0,56,74592,买盘
1926,13:51:04,13.33,0.01,30,39973,买盘
1927,13:51:06,13.33,0.0,34,45322,买盘
1928,13:51:10,13.33,0.0,2,2666,买盘
1929,13:51:12,13.33,0.0,25,33322,买盘
1930,13:51:16,13.32,-0.01,2,2664,中性盘
1931,13:51:18,13.33,0.01,1,1333,买盘
1932,13:51:25,13.33,0.0,3,3999,买盘
1933,13:51:28,13.33,0.0,2,2666,买盘
1934,13:51:31,13.33,0.0,24,31992,买盘
1935,13:51:42,13.34,0.01,2,2668,买盘
1936,13:51:45,13.34,0.0,24,32016,买盘
1937,13:51:52,13.34,0.0,5,6670,买盘
1938,13:51:57,13.33,-0.01,13,17329,卖盘
1939,13:52:01,13.34,0.01,26,34684,买盘
1940,13:52:06,13.34,0.0,24,32016,买盘
1941,13:52:09,13.33,-0.01,1,1333,卖盘
1942,13:52:12,13.34,0.01,16,21344,买盘
1943,13:52:16,13.34,0.0,26,34684,买盘
1944,13:52:19,13.35,0.01,9,12012,买盘
1945,13:52:22,13.34,-0.01,10,13340,卖盘
1946,13:52:36,13.35,0.01,5,6675,买盘
1947,13:52:39,13.35,0.0,2,2670,买盘
1948,13:52:55,13.35,0.0,3,4005,买盘
1949,13:53:01,13.34,-0.01,10,13340,卖盘
1950,13:53:04,13.34,0.0,12,16008,买盘
1951,13:53:10,13.34,0.0,1,1334,买盘
1952,13:53:13,13.34,0.0,38,50672,买盘
1953,13:53:19,13.34,0.0,10,13340,买盘
1954,13:53:22,13.33,-0.01,9,11997,卖盘
1955,13:53:43,13.33,0.0,5,6665,买盘
1956,13:53:51,13.32,-0.01,17,22644,卖盘
1957,13:53:55,13.31,-0.01,12,15972,卖盘
1958,13:53:58,13.32,0.01,3,3996,买盘
1959,13:54:01,13.32,0.0,30,39960,买盘
1960,13:54:07,13.32,0.0,3,3996,卖盘
1961,13:54:34,13.32,0.0,36,47967,卖盘
1962,13:54:37,13.35,0.03,30,40038,买盘
1963,13:54:43,13.32,-0.03,20,26640,卖盘
1964,13:54:45,13.32,0.0,10,13320,买盘
1965,13:54:48,13.32,0.0,10,13320,买盘
1966,13:54:52,13.32,0.0,41,54612,买盘
1967,13:55:06,13.34,0.02,4,5336,买盘
1968,13:55:10,13.34,0.0,26,34684,买盘
1969,13:55:13,13.34,0.0,1,1334,卖盘
1970,13:55:16,13.35,0.01,7,9345,买盘
1971,13:55:18,13.36,0.01,139,185630,买盘
1972,13:55:28,13.34,-0.02,34,45356,卖盘
1973,13:55:31,13.37,0.03,30,40104,买盘
1974,13:55:34,13.34,-0.03,109,145724,卖盘
1975,13:55:37,13.34,0.0,14,18676,卖盘
1976,13:55:39,13.34,0.0,6,8004,买盘
1977,13:55:43,13.34,0.0,10,13340,买盘
1978,13:55:46,13.37,0.03,59,78883,买盘
1979,13:55:51,13.37,0.0,7,9359,卖盘
1980,13:55:57,13.35,-0.02,15,20025,卖盘
1981,13:56:10,13.37,0.02,23,30751,买盘
1982,13:56:16,13.37,0.0,10,13370,卖盘
1983,13:56:19,13.37,0.0,24,32088,卖盘
1984,13:56:21,13.37,0.0,10,13370,卖盘
1985,13:56:25,13.38,0.01,19,25422,买盘
1986,13:56:27,13.38,0.0,11,14718,买盘
1987,13:56:36,13.38,0.0,7,9366,买盘
1988,13:56:39,13.38,0.0,245,327810,买盘
1989,13:56:52,13.38,0.0,53,70943,卖盘
1990,13:56:55,13.39,0.01,20,26780,买盘
1991,13:57:01,13.38,-0.01,3,4014,卖盘
1992,13:57:04,13.39,0.01,27,36153,买盘
1993,13:57:06,13.39,0.0,22,29458,买盘
1994,13:57:09,13.39,0.0,6,8034,买盘
1995,13:57:16,13.39,0.0,106,141934,买盘
1996,13:57:19,13.39,0.0,4,5356,卖盘
1997,13:57:22,13.39,0.0,105,140595,卖盘
1998,13:57:28,13.39,0.0,7,9373,卖盘
1999,13:57:33,13.4,0.01,95,127367,买盘
2000,13:57:40,13.4,0.0,6,8040,卖盘
2001,13:57:43,13.4,0.0,3,4020,卖盘
2002,13:57:57,13.4,0.0,158,211723,卖盘
2003,13:58:01,13.41,0.01,69,92529,买盘
2004,13:58:04,13.41,0.0,24,32184,卖盘
2005,13:58:07,13.41,0.0,94,126061,卖盘
2006,13:58:12,13.41,0.0,40,53640,卖盘
2007,13:58:15,13.41,0.0,13,17433,卖盘
2008,13:58:19,13.41,0.0,1,1341,卖盘
2009,13:58:22,13.4,-0.01,60,80450,卖盘
2010,13:58:34,13.41,0.01,1,1341,买盘
2011,13:58:37,13.42,0.01,116,155635,买盘
2012,13:58:40,13.43,0.01,34,45662,买盘
2013,13:58:43,13.4,-0.03,5,6703,卖盘
2014,13:58:45,13.43,0.03,34,45662,买盘
2015,13:58:48,13.44,0.01,60,80628,买盘
2016,13:59:06,13.43,-0.01,10,13430,买盘
2017,13:59:10,13.43,0.0,87,116841,买盘
2018,13:59:13,13.43,0.0,17,22831,卖盘
2019,13:59:19,13.43,0.0,50,67150,卖盘
2020,13:59:25,13.43,0.0,35,47005,卖盘
2021,13:59:28,13.43,0.0,9,12094,卖盘
2022,13:59:30,13.43,0.0,103,138329,买盘
2023,13:59:34,13.43,0.0,78,104759,卖盘
2024,13:59:37,13.43,0.0,1,1343,卖盘
2025,13:59:40,13.44,0.01,135,181435,买盘
2026,13:59:42,13.44,0.0,20,26880,卖盘
2027,13:59:46,13.44,0.0,20,26880,卖盘
2028,13:59:49,13.45,0.01,18,24210,买盘
2029,13:59:52,13.44,-0.01,44,59136,卖盘
2030,13:59:55,13.45,0.01,15,20175,买盘
2031,13:59:57,13.44,-0.01,36,48384,卖盘
2032,14:00:09,13.44,0.0,39,52416,买盘
2033,14:00:12,13.45,0.01,34,45725,买盘
2034,14:00:16,13.45,0.0,34,45720,买盘
2035,14:00:22,13.43,-0.02,10,13430,卖盘
2036,14:00:25,13.43,0.0,19,25517,卖盘
2037,14:00:27,13.44,0.01,5,6720,买盘
2038,14:00:30,13.44,0.0,37,49634,买盘
2039,14:00:33,13.43,-0.01,1,1343,中性盘
2040,14:00:40,13.44,0.01,91,122208,买盘
2041,14:00:43,13.43,-0.01,1,1343,中性盘
2042,14:00:46,13.41,-0.02,68,91188,卖盘
2043,14:00:49,13.39,-0.02,82,109925,卖盘
2044,14:00:55,13.4,0.01,7,9380,买盘
2045,14:00:58,13.39,-0.01,3,4017,卖盘
2046,14:01:04,13.43,0.04,41,55030,买盘
2047,14:01:09,13.39,-0.04,70,93986,卖盘
2048,14:01:12,13.45,0.06,117,157243,买盘
2049,14:01:16,13.45,0.0,52,69911,买盘
2050,14:01:21,13.46,0.01,130,174823,买盘
2051,14:01:24,13.46,0.0,18,24223,买盘
2052,14:01:31,13.42,-0.04,2,2685,卖盘
2053,14:01:34,13.41,-0.01,3,4023,买盘
2054,14:01:37,13.41,0.0,1,1341,买盘
2055,14:01:40,13.41,0.0,2,2682,买盘
2056,14:01:52,13.44,0.03,8,10752,卖盘
2057,14:01:54,13.43,-0.01,48,64549,卖盘
2058,14:01:57,13.46,0.03,11,14806,买盘
2059,14:02:01,13.46,0.0,23,30958,买盘
2060,14:02:07,13.46,0.0,5,6730,买盘
2061,14:02:13,13.45,-0.01,23,30938,卖盘
2062,14:02:16,13.46,0.01,31,41726,买盘
2063,14:02:21,13.46,0.0,7,9422,买盘
2064,14:02:31,13.47,0.01,55,74048,买盘
2065,14:02:33,13.47,0.0,2,2694,买盘
2066,14:02:36,13.47,0.0,34,45788,买盘
2067,14:02:43,13.47,0.0,74,99677,买盘
2068,14:02:45,13.47,0.0,26,35696,买盘
2069,14:02:49,13.48,0.01,33,44484,买盘
2070,14:02:55,13.49,0.01,74,99786,买盘
2071,14:02:58,13.49,0.0,40,53960,买盘
2072,14:03:00,13.49,0.0,4,5395,买盘
2073,14:03:04,13.49,0.0,3,4047,买盘
2074,14:03:07,13.5,0.01,14,18889,买盘
2075,14:03:10,13.49,-0.01,23,31027,卖盘
2076,14:03:13,13.5,0.01,45,60742,买盘
2077,14:03:15,13.49,-0.01,34,45890,卖盘
2078,14:03:18,13.5,0.01,60,81000,买盘
2079,14:03:21,13.5,0.0,10,13492,买盘
2080,14:03:24,13.49,-0.01,8,10795,卖盘
2081,14:03:28,13.49,0.0,49,66149,卖盘
2082,14:03:31,13.49,0.0,153,206554,卖盘
2083,14:03:37,13.49,0.0,17,22940,卖盘
2084,14:03:40,13.5,0.01,80,107953,买盘
2085,14:03:43,13.49,-0.01,10,13490,卖盘
2086,14:03:46,13.49,0.0,146,197160,卖盘
2087,14:03:48,13.49,0.0,30,40477,卖盘
2088,14:03:52,13.49,0.0,7,9443,买盘
2089,14:03:57,13.49,0.0,21,28329,卖盘
2090,14:04:00,13.49,0.0,7,9443,买盘
2091,14:04:04,13.49,0.0,10,13490,买盘
2092,14:04:07,13.48,-0.01,20,26960,卖盘
2093,14:04:13,13.48,0.0,23,31011,卖盘
2094,14:04:16,13.47,-0.01,60,80924,卖盘
2095,14:04:18,13.48,0.01,5,6740,买盘
2096,14:04:21,13.48,0.0,2,2696,买盘
2097,14:04:28,13.48,0.0,18,24264,买盘
2098,14:04:31,13.48,0.0,41,55268,买盘
2099,14:04:34,13.48,0.0,2,2696,卖盘
2100,14:04:37,13.48,0.0,26,35072,卖盘
2101,14:04:46,13.48,0.0,12,16176,卖盘
2102,14:04:52,13.48,0.0,23,31024,卖盘
2103,14:04:57,13.48,0.0,6,8088,卖盘
2104,14:05:00,13.48,0.0,7,9436,卖盘
2105,14:05:03,13.48,0.0,2,2696,卖盘
2106,14:05:10,13.49,0.01,7,9443,买盘
2107,14:05:19,13.48,-0.01,5,6740,卖盘
2108,14:05:22,13.49,0.01,19,25631,买盘
2109,14:05:25,13.48,-0.01,3,4044,卖盘
2110,14:05:28,13.48,0.0,151,203688,卖盘
2111,14:05:40,13.49,0.01,264,356136,卖盘
2112,14:05:43,13.5,0.01,7,9450,买盘
2113,14:05:52,13.5,0.0,45,60750,买盘
2114,14:05:54,13.5,0.0,1,1350,买盘
2115,14:05:57,13.51,0.01,763,1030574,买盘
2116,14:06:07,13.51,0.0,8,10808,卖盘
2117,14:06:12,13.51,0.0,35,47285,卖盘
2118,14:06:16,13.51,0.0,6,8106,买盘
2119,14:06:22,13.5,-0.01,12,16200,卖盘
2120,14:06:25,13.49,-0.01,148,199674,卖盘
2121,14:06:31,13.49,0.0,9,12147,卖盘
2122,14:06:37,13.49,0.0,7,9443,卖盘
2123,14:06:40,13.5,0.01,7,9450,买盘
2124,14:06:42,13.51,0.01,67,90484,买盘
2125,14:06:46,13.51,0.0,10,13510,卖盘
2126,14:06:49,13.5,-0.01,16,21614,卖盘
2127,14:06:55,13.5,0.0,4,5400,卖盘
2128,14:07:13,13.5,0.0,20,27000,买盘
2129,14:07:16,13.49,-0.01,15,20244,卖盘
2130,14:07:18,13.49,0.0,14,18886,卖盘
2131,14:07:25,13.48,-0.01,350,471950,卖盘
2132,14:07:33,13.48,0.0,405,545940,卖盘
2133,14:07:46,13.46,-0.02,15,20191,卖盘
2134,14:07:55,13.45,-0.01,28,37712,卖盘
2135,14:07:58,13.45,0.0,8,10760,卖盘
2136,14:08:00,13.48,0.03,30,40418,买盘
2137,14:08:04,13.48,0.0,7,9436,买盘
2138,14:08:13,13.48,0.0,10,13477,买盘
2139,14:08:25,13.44,-0.04,11,14788,卖盘
2140,14:08:48,13.45,0.01,4,5380,买盘
2141,14:08:54,13.42,-0.03,42,56402,卖盘
2142,14:08:57,13.45,0.03,11,14795,买盘
2143,14:09:06,13.45,0.0,1,1345,卖盘
2144,14:09:16,13.45,0.0,1,1345,卖盘
2145,14:09:21,13.46,0.01,10,13460,买盘
2146,14:09:24,13.45,-0.01,107,143915,卖盘
2147,14:09:27,13.46,0.01,6,8076,买盘
2148,14:09:31,13.46,0.0,7,9422,买盘
2149,14:09:34,13.45,-0.01,7,9415,卖盘
2150,14:09:39,13.45,0.0,1,1345,卖盘
2151,14:09:49,13.46,0.01,1,1346,买盘
2152,14:09:54,13.47,0.01,69,92803,买盘
2153,14:09:58,13.43,-0.04,73,98285,卖盘
2154,14:10:10,13.48,0.05,51,68712,买盘
2155,14:10:13,13.48,0.0,178,239709,买盘
2156,14:10:16,13.5,0.02,70,94445,买盘
2157,14:10:18,13.45,-0.05,31,40835,卖盘
2158,14:10:22,13.5,0.05,40,53964,买盘
2159,14:10:25,13.5,0.0,77,103635,买盘
2160,14:10:28,13.5,0.0,34,45900,买盘
2161,14:10:30,13.49,-0.01,6,8094,中性盘
2162,14:10:34,13.51,0.02,60,81043,买盘
2163,14:10:40,13.47,-0.04,5,6735,中性盘
2164,14:10:55,13.45,-0.02,7,9425,卖盘
2165,14:10:58,13.47,0.02,7,9429,买盘
2166,14:11:01,13.49,0.02,6,8094,买盘
2167,14:11:04,13.49,0.0,7,9443,买盘
2168,14:11:06,13.48,-0.01,12,16176,卖盘
2169,14:11:12,13.48,0.0,26,35056,卖盘
2170,14:11:25,13.47,-0.01,9,12123,卖盘
2171,14:11:28,13.49,0.02,43,57896,买盘
2172,14:11:36,13.49,0.0,5,6745,卖盘
2173,14:11:40,13.5,0.01,290,391500,买盘
2174,14:11:43,13.49,-0.01,12,16188,卖盘
2175,14:11:46,13.49,0.0,56,75697,卖盘
2176,14:11:54,13.48,-0.01,7,9436,卖盘
2177,14:11:57,13.47,-0.01,7,9432,卖盘
2178,14:12:04,13.48,0.01,8,10777,买盘
2179,14:12:15,13.48,0.0,1,1348,卖盘
2180,14:12:18,13.49,0.01,5,6745,买盘
2181,14:12:22,13.49,0.0,86,116014,买盘
2182,14:12:25,13.49,0.0,76,102485,买盘
2183,14:12:31,13.49,0.0,3,4047,买盘
2184,14:12:34,13.48,-0.01,32,43136,卖盘
2185,14:12:37,13.49,0.01,60,80933,买盘
2186,14:12:39,13.45,-0.04,34,45730,卖盘
2187,14:12:43,13.49,0.04,10,13489,买盘
2188,14:12:51,13.48,-0.01,5,6740,中性盘
2189,14:12:54,13.44,-0.04,198,266250,卖盘
2190,14:12:57,13.48,0.04,72,96916,买盘
2191,14:13:01,13.48,0.0,10,13480,买盘
2192,14:13:07,13.48,0.0,29,39044,买盘
2193,14:13:21,13.48,0.0,3,4044,买盘
2194,14:13:24,13.46,-0.02,103,138638,卖盘
2195,14:13:28,13.48,0.02,2,2696,买盘
2196,14:13:33,13.48,0.0,15,20220,买盘
2197,14:13:37,13.48,0.0,5,6740,买盘
2198,14:13:40,13.46,-0.02,20,26920,卖盘
2199,14:13:45,13.48,0.02,7,9436,买盘
2200,14:13:48,13.47,-0.01,17,22913,中性盘
2201,14:13:54,13.46,-0.01,109,146761,卖盘
2202,14:13:57,13.46,0.0,18,24238,卖盘
2203,14:14:06,13.47,0.01,2,2694,买盘
2204,14:14:10,13.48,0.01,3,4043,买盘
2205,14:14:13,13.47,-0.01,16,21552,卖盘
2206,14:14:16,13.47,0.0,5,6735,卖盘
2207,14:14:24,13.47,0.0,147,197868,买盘
2208,14:14:30,13.46,-0.01,1,1346,卖盘
2209,14:14:37,13.47,0.01,46,61962,买盘
2210,14:14:39,13.46,-0.01,9,12114,卖盘
2211,14:14:46,13.47,0.01,33,44423,买盘
2212,14:14:49,13.46,-0.01,3,4038,卖盘
2213,14:14:55,13.46,0.0,162,218052,卖盘
2214,14:15:00,13.46,0.0,3,4038,卖盘
2215,14:15:07,13.46,0.0,3,4038,卖盘
2216,14:15:09,13.48,0.02,7,9435,买盘
2217,14:15:12,13.48,0.0,68,91664,买盘
2218,14:15:15,13.48,0.0,37,49876,买盘
2219,14:15:19,13.48,0.0,69,93010,买盘
2220,14:15:22,13.49,0.01,80,107841,买盘
2221,14:15:24,13.52,0.03,356,480243,买盘
2222,14:15:27,13.52,0.0,158,213616,买盘
2223,14:15:31,13.52,0.0,47,63544,买盘
2224,14:15:34,13.52,0.0,6,8112,买盘
2225,14:15:39,13.52,0.0,57,77064,买盘
2226,14:15:42,13.52,0.0,3,4056,买盘
2227,14:15:45,13.51,-0.01,20,27020,买盘
2228,14:15:49,13.52,0.01,20,27030,买盘
2229,14:15:55,13.48,-0.04,57,76901,卖盘
2230,14:15:58,13.49,0.01,22,29678,中性盘
2231,14:16:04,13.52,0.03,46,62117,买盘
2232,14:16:06,13.52,0.0,73,98588,买盘
2233,14:16:13,13.52,0.0,6,8112,卖盘
2234,14:16:19,13.54,0.02,16,21651,买盘
2235,14:16:25,13.5,-0.04,37,49986,卖盘
2236,14:16:27,13.52,0.02,3,4056,中性盘
2237,14:16:30,13.54,0.02,64,86656,买盘
2238,14:16:33,13.54,0.0,11,14894,卖盘
2239,14:16:36,13.55,0.01,7,9485,买盘
2240,14:16:39,13.55,0.0,25,33875,买盘
2241,14:16:43,13.54,-0.01,7,9479,卖盘
2242,14:16:45,13.55,0.01,11,14904,买盘
2243,14:16:48,13.54,-0.01,6,8124,卖盘
2244,14:16:52,13.55,0.01,3,4065,买盘
2245,14:16:55,13.54,-0.01,48,64992,卖盘
2246,14:16:58,13.55,0.01,14,18970,买盘
2247,14:17:01,13.55,0.0,15,20325,买盘
2248,14:17:18,13.55,0.0,10,13550,买盘
2249,14:17:21,13.55,0.0,72,97560,买盘
2250,14:17:24,13.55,0.0,29,39295,卖盘
2251,14:17:27,13.54,-0.01,14,18961,卖盘
2252,14:17:31,13.55,0.01,35,47459,中性盘
2253,14:17:34,13.55,0.0,29,39295,卖盘
2254,14:17:37,13.56,0.01,7,9491,买盘
2255,14:17:40,13.57,0.01,34,46120,买盘
2256,14:17:43,13.57,0.0,38,51546,买盘
2257,14:17:46,13.54,-0.03,12,16253,卖盘
2258,14:17:49,13.57,0.03,40,54280,买盘
2259,14:17:52,13.57,0.0,19,25783,卖盘
2260,14:17:54,13.56,-0.01,10,13562,卖盘
2261,14:18:01,13.58,0.02,91,123424,买盘
2262,14:18:19,13.56,-0.02,1,1356,卖盘
2263,14:18:24,13.56,0.0,110,149160,卖盘
2264,14:18:27,13.57,0.01,7,9499,买盘
2265,14:18:31,13.56,-0.01,60,81396,卖盘
2266,14:18:34,13.56,0.0,80,108480,卖盘
2267,14:18:37,13.56,0.0,20,27130,买盘
2268,14:18:39,13.54,-0.02,12,16253,卖盘
2269,14:18:42,13.49,-0.05,230,310681,卖盘
2270,14:18:46,13.49,0.0,36,48564,卖盘
2271,14:18:49,13.48,-0.01,12,16184,卖盘
2272,14:18:52,13.46,-0.02,119,160329,卖盘
2273,14:18:55,13.47,0.01,39,52581,中性盘
2274,14:18:58,13.46,-0.01,191,257116,卖盘
2275,14:19:00,13.45,-0.01,13,17509,卖盘
2276,14:19:04,13.45,0.0,201,270504,卖盘
2277,14:19:06,13.46,0.01,17,22960,中性盘
2278,14:19:09,13.46,0.0,79,106480,卖盘
2279,14:19:25,13.46,0.0,60,80788,卖盘
2280,14:19:30,13.47,0.01,51,68697,卖盘
2281,14:19:33,13.53,0.06,7,9456,买盘
2282,14:19:37,13.53,0.0,39,52624,买盘
2283,14:19:40,13.53,0.0,2,2706,卖盘
2284,14:19:43,13.53,0.0,6,8118,买盘
2285,14:19:49,13.48,-0.05,29,39092,卖盘
2286,14:19:55,13.47,-0.01,45,60635,卖盘
2287,14:20:00,13.46,-0.01,61,82155,卖盘
2288,14:20:09,13.53,0.07,8,10794,买盘
2289,14:20:19,13.48,-0.05,23,31004,卖盘
2290,14:20:25,13.48,0.0,221,297908,卖盘
2291,14:20:31,13.47,-0.01,126,169813,卖盘
2292,14:20:34,13.53,0.06,43,58033,买盘
2293,14:20:37,13.49,-0.04,95,127956,中性盘
2294,14:20:40,13.53,0.04,10,13518,买盘
2295,14:20:43,13.47,-0.06,51,68697,卖盘
2296,14:20:49,13.54,0.07,33,44658,买盘
2297,14:20:52,13.53,-0.01,31,41950,卖盘
2298,14:20:54,13.46,-0.07,316,425460,卖盘
2299,14:21:00,13.45,-0.01,285,383606,卖盘
2300,14:21:04,13.47,0.02,14,18858,买盘
2301,14:21:07,13.5,0.03,61,82062,买盘
2302,14:21:18,13.47,-0.03,1,1347,中性盘
2303,14:21:24,13.54,0.07,201,270564,买盘
2304,14:21:31,13.5,-0.04,184,247510,买盘
2305,14:21:33,13.5,0.0,2,2700,卖盘
2306,14:21:49,13.52,0.02,48,64896,买盘
2307,14:21:55,13.46,-0.06,41,55234,卖盘
2308,14:22:01,13.46,0.0,119,159970,买盘
2309,14:22:04,13.5,0.04,14,18868,买盘
2310,14:22:10,13.45,-0.05,31,41705,卖盘
2311,14:22:19,13.5,0.05,7,9447,买盘
2312,14:22:24,13.45,-0.05,79,106256,卖盘
2313,14:22:30,13.5,0.05,87,117128,买盘
2314,14:22:34,13.45,-0.05,24,32280,卖盘
2315,14:22:36,13.45,0.0,34,45730,卖盘
2316,14:22:39,13.45,0.0,24,32280,卖盘
2317,14:22:42,13.44,-0.01,37,49730,卖盘
2318,14:22:46,13.44,0.0,59,79301,卖盘
2319,14:22:49,13.44,0.0,34,45701,卖盘
2320,14:22:54,13.43,-0.01,278,373591,卖盘
2321,14:22:57,13.48,0.05,8,10784,买盘
2322,14:23:01,13.5,0.02,47,63418,买盘
2323,14:23:04,13.45,-0.05,12,16140,卖盘
2324,14:23:13,13.45,0.0,4,5388,卖盘
2325,14:23:18,13.45,0.0,10,13450,卖盘
2326,14:23:24,13.45,0.0,94,126430,卖盘
2327,14:23:34,13.48,0.03,6,8088,买盘
2328,14:23:40,13.48,0.0,7,9436,卖盘
2329,14:23:43,13.48,0.0,3,4044,买盘
2330,14:23:49,13.48,0.0,9,12139,卖盘
2331,14:23:55,13.48,0.0,3,4044,卖盘
2332,14:24:00,13.45,-0.03,14,18851,卖盘
2333,14:24:21,13.45,0.0,1,1345,卖盘
2334,14:24:28,13.45,0.0,199,267655,卖盘
2335,14:24:30,13.48,0.03,12,16176,买盘
2336,14:24:33,13.45,-0.03,2,2690,卖盘
2337,14:24:37,13.49,0.04,30,40470,买盘
2338,14:24:40,13.45,-0.04,10,13450,卖盘
2339,14:24:46,13.45,0.0,4,5380,卖盘
2340,14:24:54,13.44,-0.01,80,107571,卖盘
2341,14:25:19,13.47,0.03,5,6735,买盘
2342,14:25:25,13.44,-0.03,167,224511,卖盘
2343,14:25:28,13.45,0.01,8,10760,买盘
2344,14:25:33,13.46,0.01,16,21534,买盘
2345,14:25:39,13.45,-0.01,10,13453,卖盘
2346,14:25:54,13.45,0.0,63,84735,卖盘
2347,14:26:01,13.45,0.0,15,20175,卖盘
2348,14:26:18,13.45,0.0,1,1345,卖盘
2349,14:26:21,13.46,0.01,10,13460,买盘
2350,14:26:24,13.46,0.0,216,290736,买盘
2351,14:26:39,13.46,0.0,20,26920,卖盘
2352,14:26:48,13.47,0.01,7,9429,买盘
2353,14:26:54,13.45,-0.02,130,174924,卖盘
2354,14:27:07,13.45,0.0,12,16140,卖盘
2355,14:27:09,13.45,0.0,129,173505,卖盘
2356,14:27:13,13.46,0.01,45,60570,买盘
2357,14:27:18,13.46,0.0,13,17498,买盘
2358,14:27:21,13.45,-0.01,1,1345,卖盘
2359,14:27:24,13.44,-0.01,85,114288,卖盘
2360,14:27:45,13.46,0.02,20,26920,卖盘
2361,14:27:51,13.46,0.0,6,8076,卖盘
2362,14:27:54,13.46,0.0,44,59224,卖盘
2363,14:28:01,13.46,0.0,10,13460,卖盘
2364,14:28:24,13.46,0.0,61,82106,卖盘
2365,14:28:27,13.46,0.0,3,4038,卖盘
2366,14:28:33,13.47,0.01,8,10776,买盘
2367,14:28:42,13.47,0.0,12,16164,买盘
2368,14:28:46,13.45,-0.02,34,45749,卖盘
2369,14:28:52,13.47,0.02,63,84841,买盘
2370,14:28:54,13.47,0.0,56,75432,卖盘
2371,14:29:07,13.48,0.01,3,4044,买盘
2372,14:29:15,13.48,0.0,21,28308,买盘
2373,14:29:24,13.47,-0.01,71,95651,卖盘
2374,14:29:27,13.49,0.02,5,6745,买盘
2375,14:29:36,13.47,-0.02,20,26940,卖盘
2376,14:29:55,13.45,-0.02,78,105047,卖盘
2377,14:30:01,13.45,0.0,8,10766,卖盘
2378,14:30:04,13.49,0.04,8,10792,买盘
2379,14:30:22,13.48,-0.01,3,4044,买盘
2380,14:30:25,13.45,-0.03,43,57885,卖盘
2381,14:30:27,13.48,0.03,12,16176,中性盘
2382,14:30:46,13.47,-0.01,3,4041,卖盘
2383,14:30:52,13.47,0.0,1,1347,买盘
2384,14:30:55,13.45,-0.02,28,37664,卖盘
2385,14:31:00,13.48,0.03,8,10778,买盘
2386,14:31:19,13.48,0.0,1,1348,买盘
2387,14:31:22,13.47,-0.01,2,2694,卖盘
2388,14:31:25,13.45,-0.02,35,47081,卖盘
2389,14:31:31,13.47,0.02,7,9429,买盘
2390,14:31:34,13.48,0.01,10,13474,买盘
2391,14:31:37,13.48,0.0,12,16176,买盘
2392,14:31:43,13.47,-0.01,6,8082,买盘
2393,14:31:46,13.49,0.02,18,24257,买盘
2394,14:31:49,13.49,0.0,37,49913,买盘
2395,14:31:52,13.5,0.01,126,170056,买盘
2396,14:31:55,13.5,0.0,16,21558,买盘
2397,14:31:57,13.5,0.0,6,8100,买盘
2398,14:32:00,13.49,-0.01,12,16188,卖盘
2399,14:32:04,13.52,0.03,18,24318,买盘
2400,14:32:09,13.5,-0.02,1,1350,卖盘
2401,14:32:12,13.5,0.0,8,10800,买盘
2402,14:32:18,13.5,0.0,10,13500,买盘
2403,14:32:21,13.5,0.0,26,35100,买盘
2404,14:32:24,13.45,-0.05,48,64582,卖盘
2405,14:32:43,13.5,0.05,150,202500,买盘
2406,14:32:49,13.47,-0.03,9,12123,卖盘
2407,14:32:52,13.47,0.0,2,2694,买盘
2408,14:32:55,13.46,-0.01,25,33651,卖盘
2409,14:32:58,13.47,0.01,7,9429,买盘
2410,14:33:22,13.46,-0.01,2,2695,卖盘
2411,14:33:25,13.45,-0.01,40,53807,卖盘
2412,14:33:28,13.49,0.04,1,1349,买盘
2413,14:33:39,13.49,0.0,8,10792,买盘
2414,14:33:55,13.45,-0.04,59,79371,卖盘
2415,14:33:58,13.45,0.0,12,16144,卖盘
2416,14:34:00,13.49,0.04,17,22881,买盘
2417,14:34:07,13.46,-0.03,2,2694,卖盘
2418,14:34:25,13.45,-0.01,63,84759,卖盘
2419,14:34:34,13.46,0.01,8,10768,买盘
2420,14:34:36,13.46,0.0,1,1346,买盘
2421,14:34:48,13.45,-0.01,1,1345,卖盘
2422,14:34:54,13.46,0.01,117,157376,买盘
2423,14:35:04,13.48,0.02,10,13480,买盘
2424,14:35:07,13.49,0.01,6,8094,买盘
2425,14:35:10,13.49,0.0,1,1349,买盘
2426,14:35:13,13.49,0.0,3,4047,买盘
2427,14:35:22,13.49,0.0,28,37764,买盘
2428,14:35:25,13.46,-0.03,137,184570,卖盘
2429,14:35:37,13.46,0.0,103,138839,卖盘
2430,14:35:43,13.48,0.02,1,1348,买盘
2431,14:35:45,13.45,-0.03,90,121075,卖盘
2432,14:35:48,13.45,0.0,18,24210,卖盘
2433,14:35:51,13.49,0.04,5,6744,买盘
2434,14:35:55,13.44,-0.05,130,174883,卖盘
2435,14:35:57,13.49,0.05,7,9443,买盘
2436,14:36:00,13.44,-0.05,9,12103,卖盘
2437,14:36:06,13.45,0.01,24,32281,卖盘
2438,14:36:10,13.44,-0.01,9,12103,卖盘
2439,14:36:21,13.45,0.01,12,16172,卖盘
2440,14:36:25,13.49,0.04,8,10786,买盘
2441,14:36:28,13.44,-0.05,108,145231,卖盘
2442,14:36:34,13.45,0.01,34,45730,中性盘
2443,14:36:37,13.44,-0.01,46,61824,卖盘
2444,14:36:40,13.44,0.0,34,45696,卖盘
2445,14:36:43,13.43,-0.01,327,439455,卖盘
2446,14:36:46,13.43,0.0,59,79257,卖盘
2447,14:36:49,13.43,0.0,111,149178,卖盘
2448,14:36:52,13.43,0.0,88,118184,卖盘
2449,14:36:54,13.42,-0.01,207,277841,卖盘
2450,14:36:57,13.42,0.0,22,29524,买盘
2451,14:37:01,13.41,-0.01,40,53640,卖盘
2452,14:37:04,13.41,0.0,20,26820,卖盘
2453,14:37:07,13.4,-0.01,113,151480,卖盘
2454,14:37:09,13.4,0.0,42,56280,卖盘
2455,14:37:16,13.41,0.01,7,9397,卖盘
2456,14:37:22,13.42,0.01,1,1342,买盘
2457,14:37:24,13.41,-0.01,109,146175,卖盘
2458,14:37:27,13.42,0.01,7,9394,买盘
2459,14:37:34,13.42,0.0,25,33527,买盘
2460,14:37:48,13.44,0.02,31,41664,买盘
2461,14:37:54,13.42,-0.02,45,60402,卖盘
2462,14:37:57,13.44,0.02,1,1344,买盘
2463,14:38:01,13.42,-0.02,14,18801,卖盘
2464,14:38:24,13.41,-0.01,43,57693,卖盘
2465,14:38:30,13.43,0.02,1,1343,买盘
2466,14:38:52,13.43,0.0,7,9401,买盘
2467,14:38:58,13.41,-0.02,53,71093,卖盘
2468,14:39:01,13.43,0.02,17,22821,买盘
2469,14:39:04,13.44,0.01,1,1344,买盘
2470,14:39:10,13.43,-0.01,4,5372,卖盘
2471,14:39:13,13.43,0.0,1,1343,卖盘
2472,14:39:24,13.41,-0.02,4,5366,卖盘
2473,14:39:31,13.44,0.03,25,33566,买盘
2474,14:39:37,13.44,0.0,1,1344,买盘
2475,14:39:40,13.43,-0.01,1,1343,买盘
2476,14:39:55,13.4,-0.03,83,111230,卖盘
2477,14:39:58,13.44,0.04,18,24192,买盘
2478,14:40:01,13.4,-0.04,9,12062,卖盘
2479,14:40:04,13.44,0.04,1,1344,买盘
2480,14:40:07,13.41,-0.03,1,1341,卖盘
2481,14:40:16,13.43,0.02,7,9401,中性盘
2482,14:40:21,13.43,0.0,3,4029,买盘
2483,14:40:24,13.41,-0.02,3,4024,卖盘
2484,14:40:31,13.44,0.03,57,76394,买盘
2485,14:40:49,13.43,-0.01,1,1343,买盘
2486,14:40:55,13.43,0.0,42,56342,买盘
2487,14:40:58,13.44,0.01,30,40311,买盘
2488,14:41:01,13.44,0.0,34,45696,买盘
2489,14:41:10,13.41,-0.03,69,92882,卖盘
2490,14:41:19,13.46,0.05,35,47379,买盘
2491,14:41:24,13.41,-0.05,97,130195,卖盘
2492,14:41:30,13.47,0.06,30,40410,买盘
2493,14:41:34,13.46,-0.01,5,6730,卖盘
2494,14:41:36,13.47,0.01,28,37716,买盘
2495,14:41:40,13.41,-0.06,73,97960,卖盘
2496,14:41:46,13.46,0.05,3,4038,买盘
2497,14:41:52,13.46,0.0,1,1346,买盘
2498,14:41:55,13.41,-0.05,22,29505,卖盘
2499,14:42:04,13.41,0.0,13,17433,卖盘
2500,14:42:15,13.46,0.05,1,1346,买盘
2501,14:42:28,13.46,0.0,35,46974,买盘
2502,14:42:54,13.46,0.0,24,32204,买盘
2503,14:42:57,13.46,0.0,30,40380,买盘
2504,14:43:00,13.46,0.0,1,1346,买盘
2505,14:43:07,13.46,0.0,20,26920,买盘
2506,14:43:13,13.47,0.01,30,40388,买盘
2507,14:43:25,13.41,-0.06,28,37578,卖盘
2508,14:43:45,13.44,0.03,1,1344,卖盘
2509,14:43:55,13.41,-0.03,88,118028,卖盘
2510,14:44:04,13.42,0.01,10,13420,卖盘
2511,14:44:10,13.44,0.02,1,1344,买盘
2512,14:44:25,13.42,-0.02,34,45628,卖盘
2513,14:44:28,13.41,-0.01,116,155655,卖盘
2514,14:44:34,13.42,0.01,2,2684,卖盘
2515,14:44:40,13.42,0.0,7,9394,买盘
2516,14:44:52,13.42,0.0,20,26840,卖盘
2517,14:44:55,13.41,-0.01,140,187741,卖盘
2518,14:44:58,13.44,0.03,36,48384,买盘
2519,14:45:03,13.44,0.0,20,26880,买盘
2520,14:45:12,13.44,0.0,1,1344,买盘
2521,14:45:27,13.43,-0.01,168,225290,买盘
2522,14:45:46,13.43,0.0,88,118065,买盘
2523,14:45:48,13.43,0.0,20,26860,卖盘
2524,14:45:51,13.43,0.0,2,2418,买盘
2525,14:45:54,13.4,-0.03,86,115288,卖盘
2526,14:46:04,13.43,0.03,41,55030,买盘
2527,14:46:10,13.4,-0.03,5,6700,卖盘
2528,14:46:18,13.41,0.01,2,2682,卖盘
2529,14:46:25,13.4,-0.01,37,49594,卖盘
2530,14:46:31,13.41,0.01,1,1341,中性盘
2531,14:46:40,13.43,0.02,34,45631,买盘
2532,14:46:49,13.43,0.0,32,42936,买盘
2533,14:46:52,13.4,-0.03,4,5360,卖盘
2534,14:46:55,13.4,0.0,236,316243,卖盘
2535,14:47:12,13.43,0.03,40,53700,买盘
2536,14:47:15,13.4,-0.03,4,5360,卖盘
2537,14:47:18,13.43,0.03,34,45662,买盘
2538,14:47:22,13.43,0.0,34,45662,买盘
2539,14:47:25,13.4,-0.03,94,125984,卖盘
2540,14:47:28,13.4,0.0,3,4023,卖盘
2541,14:47:31,13.43,0.03,3,4027,买盘
2542,14:47:36,13.4,-0.03,13,17427,卖盘
2543,14:47:55,13.39,-0.01,180,241180,卖盘
2544,14:47:57,13.43,0.04,34,45654,买盘
2545,14:48:01,13.43,0.0,35,46992,买盘
2546,14:48:04,13.43,0.0,47,63065,买盘
2547,14:48:06,13.44,0.01,68,91325,买盘
2548,14:48:12,13.44,0.0,34,45683,买盘
2549,14:48:25,13.41,-0.03,14,18774,卖盘
2550,14:48:39,13.42,0.01,2,2684,买盘
2551,14:48:42,13.42,0.0,28,37556,买盘
2552,14:48:51,13.42,0.0,5,6710,买盘
2553,14:48:58,13.42,0.0,111,148712,买盘
2554,14:49:07,13.43,0.01,8,10742,买盘
2555,14:49:25,13.39,-0.04,81,108504,卖盘
2556,14:49:57,13.38,-0.01,240,321230,卖盘
2557,14:50:04,13.38,0.0,21,28098,买盘
2558,14:50:06,13.39,0.01,50,66913,买盘
2559,14:50:13,13.37,-0.02,13,17384,卖盘
2560,14:50:16,13.37,0.0,31,41491,卖盘
2561,14:50:19,13.39,0.02,15,20085,买盘
2562,14:50:22,13.39,0.0,50,66950,卖盘
2563,14:50:25,13.37,-0.02,36,48168,卖盘
2564,14:50:28,13.38,0.01,79,105702,买盘
2565,14:50:30,13.38,0.0,1,1338,买盘
2566,14:50:33,13.37,-0.01,5,6685,卖盘
2567,14:50:36,13.38,0.01,24,32112,买盘
2568,14:50:39,13.38,0.0,36,48168,买盘
2569,14:50:52,13.38,0.0,2,2676,卖盘
2570,14:50:58,13.41,0.03,287,384016,买盘
2571,14:51:06,13.43,0.02,101,135542,买盘
2572,14:51:28,13.41,-0.02,183,245031,中性盘
2573,14:51:34,13.39,-0.02,6,8034,中性盘
2574,14:51:43,13.39,0.0,14,18746,买盘
2575,14:51:46,13.39,0.0,6,8034,卖盘
2576,14:51:49,13.39,0.0,13,17407,卖盘
2577,14:51:55,13.38,-0.01,79,105718,卖盘
2578,14:51:57,13.42,0.04,30,40249,买盘
2579,14:52:00,13.42,0.0,6,8052,买盘
2580,14:52:09,13.42,0.0,4,5368,买盘
2581,14:52:19,13.42,0.0,3,4026,买盘
2582,14:52:25,13.37,-0.05,208,278168,卖盘
2583,14:52:31,13.42,0.05,24,32208,买盘
2584,14:52:34,13.4,-0.02,6,8040,卖盘
2585,14:52:37,13.38,-0.02,34,45531,卖盘
2586,14:52:40,13.38,0.0,10,13380,买盘
2587,14:52:43,13.41,0.03,107,143319,买盘
2588,14:52:46,13.41,0.0,6,8046,买盘
2589,14:52:52,13.38,-0.03,4,5352,卖盘
2590,14:52:54,13.37,-0.01,90,120345,卖盘
2591,14:53:01,13.38,0.01,3,4014,卖盘
2592,14:53:07,13.38,0.0,12,16056,卖盘
2593,14:53:13,13.42,0.04,57,76409,买盘
2594,14:53:16,13.38,-0.04,27,36126,卖盘
2595,14:53:19,13.37,-0.01,89,118993,卖盘
2596,14:53:24,13.35,-0.02,370,494175,卖盘
2597,14:53:28,13.37,0.02,15,20055,买盘
2598,14:53:31,13.37,0.0,5,6685,卖盘
2599,14:53:36,13.37,0.0,32,42784,卖盘
2600,14:53:42,13.38,0.01,46,61548,买盘
2601,14:53:46,13.37,-0.01,2,2674,卖盘
2602,14:53:52,13.37,0.0,32,42784,卖盘
2603,14:53:55,13.36,-0.01,103,137659,卖盘
2604,14:53:58,13.38,0.02,5,6687,买盘
2605,14:54:01,13.38,0.0,7,9366,买盘
2606,14:54:04,13.37,-0.01,7,9361,卖盘
2607,14:54:06,13.4,0.03,62,83023,买盘
2608,14:54:13,13.38,-0.02,42,56196,买盘
2609,14:54:16,13.38,0.0,16,21403,买盘
2610,14:54:19,13.37,-0.01,29,38779,卖盘
2611,14:54:22,13.37,0.0,32,42769,买盘
2612,14:54:25,13.35,-0.02,350,467345,卖盘
2613,14:54:28,13.37,0.02,4,5348,买盘
2614,14:54:40,13.4,0.03,47,62980,买盘
2615,14:54:45,13.37,-0.03,48,64178,卖盘
2616,14:54:55,13.37,0.0,88,117656,卖盘
2617,14:54:58,13.38,0.01,5,6690,中性盘
2618,14:55:01,13.4,0.02,20,26800,买盘
2619,14:55:04,13.4,0.0,24,32160,买盘
2620,14:55:07,13.4,0.0,4,5360,卖盘
2621,14:55:09,13.41,0.01,2,2682,买盘
2622,14:55:13,13.4,-0.01,5,6700,卖盘
2623,14:55:15,13.41,0.01,49,65707,买盘
2624,14:55:18,13.41,0.0,31,41571,卖盘
2625,14:55:21,13.41,0.0,12,16092,卖盘
2626,14:55:25,13.38,-0.03,8,10704,卖盘
2627,14:55:28,13.38,0.0,1,1338,买盘
2628,14:55:31,13.38,0.0,1,1338,卖盘
2629,14:55:46,13.41,0.03,3,4023,买盘
2630,14:55:49,13.4,-0.01,10,13400,卖盘
2631,14:55:51,13.38,-0.02,32,42874,卖盘
2632,14:55:55,13.37,-0.01,77,102996,卖盘
2633,14:56:04,13.4,0.03,9,12060,买盘
2634,14:56:12,13.38,-0.02,5,6690,卖盘
2635,14:56:25,13.4,0.02,2,2680,买盘
2636,14:56:28,13.38,-0.02,26,34788,卖盘
2637,14:56:31,13.4,0.02,52,69680,买盘
2638,14:56:33,13.4,0.0,7,9380,卖盘
2639,14:56:42,13.4,0.0,23,30820,卖盘
2640,14:56:46,13.4,0.0,141,188676,买盘
2641,14:56:51,13.4,0.0,1,1340,买盘
2642,14:57:00,13.38,-0.02,16,21414,卖盘
2643,15:00:04,13.36,-0.02,703,939208,卖盘
