,time,price,change,volume,amount,type
0,09:30:07,16.47,-0.01,1,1647,中性盘
1,09:30:10,16.47,0.0,5,8235,买盘
2,09:30:25,16.47,0.0,1,1647,买盘
3,09:31:49,16.35,-0.12,10,16350,卖盘
4,09:32:07,16.35,0.0,1,1635,卖盘
5,09:32:22,16.45,0.1,3,4935,买盘
6,09:34:46,16.36,-0.09,9,14724,卖盘
7,09:35:01,16.35,-0.01,23,37615,卖盘
8,09:35:10,16.32,-0.03,10,16347,卖盘
9,09:35:19,16.32,0.0,8,13056,卖盘
10,09:35:25,16.32,0.0,2,3264,买盘
11,09:36:07,16.42,0.1,6,9852,买盘
12,09:36:13,16.42,0.0,6,9852,买盘
13,09:36:25,16.42,0.0,11,18062,卖盘
14,09:36:31,16.42,0.0,2,3284,卖盘
15,09:37:16,16.46,0.04,10,16460,买盘
16,09:37:40,16.47,0.01,20,32931,买盘
17,09:38:13,16.47,0.0,1,1647,买盘
18,09:38:16,16.47,0.0,22,36234,买盘
19,09:38:55,16.47,0.0,17,27999,卖盘
20,09:39:01,16.47,0.0,1,1647,卖盘
21,09:39:13,16.47,0.0,2,3294,卖盘
22,09:39:40,16.46,-0.01,16,26336,卖盘
23,09:40:01,16.46,0.0,23,37858,买盘
24,09:40:34,16.45,-0.01,5,8225,买盘
25,09:41:31,16.44,-0.01,1,1644,买盘
26,09:41:34,16.42,-0.02,10,16420,卖盘
27,09:41:40,16.42,0.0,1,1642,卖盘
28,09:41:52,16.41,-0.01,5,8205,卖盘
29,09:42:16,16.42,0.01,5,8210,买盘
30,09:42:46,16.44,0.02,5,8220,卖盘
31,09:42:52,16.44,0.0,22,36165,买盘
32,09:44:10,16.42,-0.02,2,3284,卖盘
33,09:44:31,16.43,0.01,3,4929,买盘
34,09:44:43,16.43,0.0,1,1643,买盘
35,09:45:04,16.41,-0.02,9,14769,卖盘
36,09:46:22,16.41,0.0,20,32820,卖盘
37,09:46:31,16.41,0.0,10,16410,卖盘
38,09:47:22,16.43,0.02,1,1643,买盘
39,09:47:25,16.43,0.0,3,4929,买盘
40,09:47:28,16.43,0.0,2,3286,买盘
41,09:47:31,16.44,0.01,6,9859,买盘
42,09:47:34,16.44,0.0,7,11508,买盘
43,09:47:37,16.44,0.0,7,11508,买盘
44,09:47:43,16.44,0.0,3,4932,买盘
45,09:47:46,16.44,0.0,5,8220,买盘
46,09:47:49,16.44,0.0,2,3288,买盘
47,09:47:52,16.43,-0.01,6,9862,卖盘
48,09:47:58,16.44,0.01,1,1644,买盘
49,09:48:10,16.44,0.0,3,4932,卖盘
50,09:49:01,16.45,0.01,30,49350,买盘
51,09:49:55,16.46,0.01,12,19752,买盘
52,09:52:07,16.45,-0.01,10,16450,卖盘
53,09:52:40,16.47,0.02,9,14821,买盘
54,09:52:46,16.45,-0.02,7,11517,卖盘
55,09:53:49,16.45,0.0,5,8225,卖盘
56,09:54:04,16.44,-0.01,13,21373,卖盘
57,09:55:10,16.43,-0.01,5,8215,卖盘
58,09:55:16,16.44,0.01,4,6576,买盘
59,09:55:46,16.44,0.0,46,75624,卖盘
60,09:57:42,16.44,0.0,38,62472,卖盘
61,09:57:49,16.44,0.0,5,8220,卖盘
62,09:58:37,16.43,-0.01,9,14787,卖盘
63,09:58:46,16.42,-0.01,5,8210,卖盘
64,09:58:52,16.42,0.0,5,8210,卖盘
65,09:58:58,16.42,0.0,8,13136,卖盘
66,10:00:19,16.42,0.0,30,49250,买盘
67,10:01:27,16.42,0.0,1,1642,买盘
68,10:01:49,16.42,0.0,2,3284,卖盘
69,10:02:07,16.41,-0.01,6,9846,卖盘
70,10:02:13,16.4,-0.01,3,4920,卖盘
71,10:02:40,16.41,0.01,6,9846,买盘
72,10:03:25,16.41,0.0,10,16410,卖盘
73,10:03:31,16.42,0.01,1,1642,买盘
74,10:03:49,16.41,-0.01,10,16410,卖盘
75,10:04:10,16.4,-0.01,18,29534,卖盘
76,10:04:25,16.4,0.0,10,16400,卖盘
77,10:04:34,16.4,0.0,5,8200,卖盘
78,10:04:46,16.4,0.0,2,3280,卖盘
79,10:04:49,16.39,-0.01,10,16390,买盘
80,10:05:01,16.39,0.0,1,1639,买盘
81,10:05:28,16.38,-0.01,2,3276,卖盘
82,10:06:22,16.38,0.0,13,21294,卖盘
83,10:06:28,16.38,0.0,1,1638,买盘
84,10:06:34,16.39,0.01,16,26218,买盘
85,10:06:40,16.39,0.0,12,19668,买盘
86,10:06:43,16.39,0.0,1,1639,买盘
87,10:06:46,16.39,0.0,2,3278,买盘
88,10:06:49,16.4,0.01,1,1640,买盘
89,10:06:52,16.4,0.0,1,1640,买盘
90,10:06:55,16.4,0.0,2,3280,买盘
91,10:06:58,16.4,0.0,5,8200,买盘
92,10:07:01,16.42,0.02,2,3284,买盘
93,10:07:04,16.42,0.0,1,1642,买盘
94,10:07:07,16.42,0.0,1,1642,买盘
95,10:07:13,16.42,0.0,2,3284,买盘
96,10:07:28,16.42,0.0,10,16420,卖盘
97,10:07:55,16.44,0.02,2,3288,买盘
98,10:08:04,16.45,0.01,22,36187,买盘
99,10:08:49,16.46,0.01,1,1646,买盘
100,10:09:25,16.46,0.0,1,1646,买盘
101,10:09:40,16.46,0.0,10,16460,卖盘
102,10:09:51,16.46,0.0,35,57610,买盘
103,10:10:04,16.46,0.0,2,3292,买盘
104,10:10:34,16.48,0.02,18,29664,买盘
105,10:11:13,16.5,0.02,15,24750,买盘
106,10:11:43,16.5,0.0,5,8251,卖盘
107,10:12:13,16.5,0.0,32,52800,卖盘
108,10:12:46,16.54,0.04,13,21502,买盘
109,10:13:28,16.53,-0.01,6,9918,买盘
110,10:13:40,16.53,0.0,4,6612,买盘
111,10:13:49,16.53,0.0,7,11571,卖盘
112,10:13:52,16.53,0.0,20,33060,卖盘
113,10:13:54,16.53,0.0,40,66120,卖盘
114,10:14:00,16.53,0.0,9,14877,卖盘
115,10:14:04,16.53,0.0,18,29754,卖盘
116,10:15:16,16.51,-0.02,3,4953,买盘
117,10:18:39,16.51,0.0,22,36322,买盘
118,10:18:54,16.51,0.0,2,3302,卖盘
119,10:19:10,16.51,0.0,32,52832,买盘
120,10:19:22,16.51,0.0,10,16510,卖盘
121,10:20:15,16.53,0.02,54,89262,买盘
122,10:20:34,16.53,0.0,1,1653,买盘
123,10:20:40,16.53,0.0,18,29754,买盘
124,10:20:46,16.53,0.0,18,29754,卖盘
125,10:21:01,16.53,0.0,13,21489,买盘
126,10:21:48,16.53,0.0,10,16530,卖盘
127,10:22:01,16.53,0.0,14,23142,卖盘
128,10:22:07,16.53,0.0,10,16530,中性盘
129,10:23:52,16.5,-0.03,3,4950,卖盘
130,10:27:52,16.5,0.0,2,3300,卖盘
131,10:28:48,16.52,0.02,7,11564,买盘
132,10:30:57,16.51,-0.01,10,16516,卖盘
133,10:33:09,16.52,0.01,2,3304,买盘
134,10:33:12,16.51,-0.01,5,8255,卖盘
135,10:33:18,16.51,0.0,2,3302,卖盘
136,10:34:13,16.51,0.0,5,8255,卖盘
137,10:34:18,16.52,0.01,5,8260,买盘
138,10:34:43,16.51,-0.01,8,13208,卖盘
139,10:35:58,16.51,0.0,3,4953,买盘
140,10:37:04,16.52,0.01,15,24780,买盘
141,10:37:40,16.53,0.01,2,3306,买盘
142,10:37:46,16.5,-0.03,30,49514,卖盘
143,10:40:42,16.5,0.0,10,16500,卖盘
144,10:41:18,16.5,0.0,1,1650,卖盘
145,10:42:33,16.5,0.0,1,1650,买盘
146,10:43:28,16.5,0.0,2,3300,买盘
147,10:45:13,16.5,0.0,1,1650,买盘
148,10:45:43,16.48,-0.02,16,26368,卖盘
149,10:45:57,16.48,0.0,20,32960,卖盘
150,10:46:01,16.5,0.02,12,19800,买盘
151,10:46:22,16.5,0.0,10,16500,买盘
152,10:46:30,16.5,0.0,8,13200,买盘
153,10:46:36,16.5,0.0,2,3300,买盘
154,10:46:51,16.5,0.0,9,14850,买盘
155,10:47:04,16.47,-0.03,16,26352,卖盘
156,10:47:10,16.47,0.0,56,92251,卖盘
157,10:47:13,16.5,0.03,12,19800,买盘
158,10:47:30,16.5,0.0,8,13200,买盘
159,10:48:37,16.5,0.0,1,1650,买盘
160,10:49:13,16.5,0.0,9,14850,卖盘
161,10:49:24,16.5,0.0,4,6600,买盘
162,10:49:54,16.5,0.0,12,19800,买盘
163,10:50:01,16.47,-0.03,1,1647,卖盘
164,10:50:18,16.53,0.06,8,13203,买盘
165,10:50:39,16.53,0.0,1,1653,买盘
166,10:50:55,16.53,0.0,4,6612,买盘
167,10:52:25,16.5,-0.03,4,6600,买盘
168,10:53:19,16.5,0.0,1,1650,买盘
169,10:55:10,16.5,0.0,4,6600,买盘
170,10:55:15,16.5,0.0,12,19800,买盘
171,10:57:07,16.5,0.0,1,1650,买盘
172,10:57:54,16.5,0.0,25,41250,买盘
173,10:58:25,16.5,0.0,10,16500,买盘
174,11:00:24,16.5,0.0,5,8250,卖盘
175,11:04:04,16.52,0.02,10,16520,买盘
176,11:07:33,16.5,-0.02,7,11550,卖盘
177,11:07:55,16.48,-0.02,5,8240,卖盘
178,11:08:13,16.5,0.02,7,11550,买盘
179,11:08:24,16.49,-0.01,60,98940,卖盘
180,11:09:27,16.5,0.01,10,16500,买盘
181,11:10:07,16.49,-0.01,1,1649,卖盘
182,11:10:13,16.49,0.0,1,1649,卖盘
183,11:10:19,16.49,0.0,1,1649,卖盘
184,11:10:25,16.49,0.0,1,1649,卖盘
185,11:10:31,16.49,0.0,1,1649,卖盘
186,11:10:37,16.49,0.0,3,4947,卖盘
187,11:10:43,16.49,0.0,1,1649,卖盘
188,11:10:46,16.48,-0.01,2,3297,卖盘
189,11:10:49,16.48,0.0,2,3296,卖盘
190,11:10:52,16.47,-0.01,4,6590,卖盘
191,11:10:58,16.47,0.0,2,3294,卖盘
192,11:11:25,16.5,0.03,8,13198,买盘
193,11:11:31,16.5,0.0,2,3300,卖盘
194,11:11:37,16.5,0.0,1,1650,卖盘
195,11:11:43,16.5,0.0,1,1650,卖盘
196,11:11:46,16.5,0.0,5,8250,卖盘
197,11:11:49,16.5,0.0,1,1650,卖盘
198,11:11:52,16.5,0.0,1,1650,卖盘
199,11:11:58,16.47,-0.03,1,1647,卖盘
200,11:12:01,16.47,0.0,1,1647,卖盘
201,11:12:04,16.47,0.0,1,1647,卖盘
202,11:12:55,16.47,0.0,1,1647,卖盘
203,11:13:00,16.47,0.0,1,1647,卖盘
204,11:13:07,16.47,0.0,1,1647,卖盘
205,11:13:16,16.47,0.0,7,11529,卖盘
206,11:13:19,16.46,-0.01,7,11522,卖盘
207,11:14:55,16.46,0.0,1,1646,卖盘
208,11:14:58,16.46,0.0,1,1646,卖盘
209,11:15:00,16.46,0.0,1,1646,卖盘
210,11:15:04,16.46,0.0,1,1646,卖盘
211,11:15:07,16.46,0.0,4,6584,卖盘
212,11:15:10,16.46,0.0,2,3292,卖盘
213,11:15:13,16.45,-0.01,3,4937,卖盘
214,11:15:15,16.45,0.0,2,3290,卖盘
215,11:15:22,16.45,0.0,1,1645,卖盘
216,11:15:25,16.45,0.0,1,1645,卖盘
217,11:15:28,16.45,0.0,1,1645,卖盘
218,11:15:30,16.45,0.0,1,1645,卖盘
219,11:15:34,16.45,0.0,1,1645,卖盘
220,11:15:36,16.44,-0.01,1,1644,卖盘
221,11:15:40,16.44,0.0,1,1644,卖盘
222,11:15:43,16.44,0.0,5,8220,卖盘
223,11:16:15,16.44,0.0,4,6576,卖盘
224,11:18:04,16.45,0.01,1,1645,买盘
225,11:18:13,16.44,-0.01,7,11508,卖盘
226,11:18:30,16.44,0.0,1,1644,买盘
227,11:19:09,16.44,0.0,13,21372,买盘
228,11:20:07,16.44,0.0,21,34524,卖盘
229,11:20:13,16.44,0.0,1,1644,卖盘
230,11:22:31,16.46,0.02,5,8230,买盘
231,11:22:37,16.47,0.01,2,3294,买盘
232,11:22:43,16.47,0.0,4,6588,买盘
233,11:22:49,16.47,0.0,1,1647,买盘
234,11:22:52,16.46,-0.01,5,8230,卖盘
235,11:24:51,16.47,0.01,19,31293,买盘
236,11:25:58,16.47,0.0,37,60939,卖盘
237,11:26:43,16.47,0.0,2,3294,买盘
238,13:00:10,16.47,0.0,10,16470,买盘
239,13:01:01,16.45,-0.02,1,1645,卖盘
240,13:01:34,16.45,0.0,14,23030,买盘
241,13:01:45,16.45,0.0,2,3290,买盘
242,13:02:06,16.45,0.0,2,3290,买盘
243,13:02:45,16.44,-0.01,2,3288,卖盘
244,13:04:42,16.44,0.0,18,29592,卖盘
245,13:05:04,16.43,-0.01,10,16430,卖盘
246,13:05:06,16.44,0.01,4,6576,买盘
247,13:09:03,16.44,0.0,2,3288,卖盘
248,13:13:46,16.42,-0.02,17,27914,卖盘
249,13:15:06,16.43,0.01,3,4929,卖盘
250,13:15:34,16.44,0.01,5,8220,买盘
251,13:15:45,16.44,0.0,5,8220,卖盘
252,13:18:01,16.44,0.0,7,11508,卖盘
253,13:18:57,16.43,-0.01,4,6572,卖盘
254,13:21:28,16.43,0.0,3,4929,卖盘
255,13:22:37,16.44,0.01,2,3288,买盘
256,13:22:43,16.44,0.0,10,16440,卖盘
257,13:25:13,16.45,0.01,3,4935,买盘
258,13:25:37,16.45,0.0,3,4935,买盘
259,13:26:37,16.46,0.01,4,6584,卖盘
260,13:26:51,16.44,-0.02,113,185781,卖盘
261,13:26:55,16.44,0.0,1,1644,买盘
262,13:27:01,16.44,0.0,1,1644,买盘
263,13:29:01,16.44,0.0,2,3288,买盘
264,13:31:10,16.42,-0.02,10,16420,卖盘
265,13:31:37,16.42,0.0,4,6568,卖盘
266,13:31:55,16.42,0.0,31,50902,卖盘
267,13:32:10,16.41,-0.01,5,8205,卖盘
268,13:32:34,16.37,-0.04,15,24561,卖盘
269,13:32:54,16.36,-0.01,27,44176,卖盘
270,13:33:10,16.38,0.02,10,16380,卖盘
271,13:33:24,16.37,-0.01,6,9822,买盘
272,13:34:04,16.4,0.03,10,16400,买盘
273,13:34:16,16.38,-0.02,26,42588,卖盘
274,13:35:22,16.39,0.01,10,16390,卖盘
275,13:35:28,16.34,-0.05,28,45806,卖盘
276,13:35:49,16.34,0.0,12,19608,卖盘
277,13:36:37,16.39,0.05,7,11473,买盘
278,13:39:01,16.39,0.0,3,4917,卖盘
279,13:39:46,16.39,0.0,1,1639,卖盘
280,13:41:31,16.39,0.0,1,1639,买盘
281,13:42:58,16.39,0.0,3,4917,买盘
282,13:43:30,16.4,0.01,31,50840,买盘
283,13:44:21,16.4,0.0,1,1640,卖盘
284,13:44:25,16.4,0.0,1,1640,买盘
285,13:44:27,16.4,0.0,1,1640,卖盘
286,13:44:36,16.39,-0.01,3,4917,卖盘
287,13:44:57,16.39,0.0,5,8195,卖盘
288,13:45:16,16.4,0.01,1,1640,买盘
289,13:45:55,16.39,-0.01,11,18031,卖盘
290,13:46:28,16.39,0.0,39,63921,买盘
291,13:47:25,16.44,0.05,2,3288,买盘
292,13:47:28,16.44,0.0,4,6576,卖盘
293,13:48:28,16.39,-0.05,1,1639,卖盘
294,13:48:36,16.39,0.0,1,1639,卖盘
295,13:48:39,16.39,0.0,20,32780,卖盘
296,13:48:46,16.39,0.0,1,1639,卖盘
297,13:48:52,16.39,0.0,1,1639,卖盘
298,13:48:58,16.39,0.0,1,1639,卖盘
299,13:49:04,16.39,0.0,4,6556,卖盘
300,13:49:49,16.35,-0.04,2,3270,卖盘
301,13:50:10,16.34,-0.01,2,3268,卖盘
302,13:51:04,16.34,0.0,3,4902,卖盘
303,13:51:45,16.35,0.01,3,4905,卖盘
304,13:54:19,16.39,0.04,11,18029,买盘
305,13:54:42,16.43,0.04,26,42718,买盘
306,13:55:42,16.43,0.0,1,1643,卖盘
307,13:56:07,16.42,-0.01,1,1642,卖盘
308,13:57:31,16.43,0.01,11,18073,买盘
309,13:59:31,16.42,-0.01,3,4926,卖盘
310,13:59:45,16.42,0.0,5,8210,卖盘
311,14:02:01,16.42,0.0,1,1642,卖盘
312,14:03:33,16.36,-0.06,5,8182,卖盘
313,14:03:58,16.35,-0.01,22,35971,卖盘
314,14:04:06,16.35,0.0,1,1635,买盘
315,14:04:34,16.35,0.0,8,13080,买盘
316,14:07:12,16.37,0.02,2,3274,买盘
317,14:13:24,16.37,0.0,7,11459,卖盘
318,14:14:31,16.35,-0.02,18,29430,卖盘
319,14:15:18,16.34,-0.01,2,3268,卖盘
320,14:15:36,16.34,0.0,29,47386,卖盘
321,14:15:43,16.33,-0.01,1,1633,卖盘
322,14:15:49,16.33,0.0,1,1633,卖盘
323,14:16:10,16.35,0.02,35,57224,买盘
324,14:16:25,16.33,-0.02,6,9798,卖盘
325,14:17:24,16.33,0.0,2,3266,买盘
326,14:17:27,16.33,0.0,1,1633,卖盘
327,14:17:31,16.33,0.0,2,3266,中性盘
328,14:17:37,16.33,0.0,1,1633,卖盘
329,14:17:42,16.33,0.0,1,1633,卖盘
330,14:17:46,16.33,0.0,1,1633,卖盘
331,14:18:04,16.32,-0.01,6,9792,卖盘
332,14:18:25,16.31,-0.01,29,47299,卖盘
333,14:18:28,16.32,0.01,10,16320,买盘
334,14:18:46,16.31,-0.01,9,14679,卖盘
335,14:18:51,16.3,-0.01,24,39120,卖盘
336,14:19:16,16.3,0.0,3,4890,卖盘
337,14:19:37,16.29,-0.01,10,16290,卖盘
338,14:20:07,16.26,-0.03,1,1626,卖盘
339,14:20:10,16.25,-0.01,19,30889,卖盘
340,14:20:22,16.25,0.0,1,1625,买盘
341,14:20:28,16.2,-0.05,19,30810,卖盘
342,14:20:46,16.2,0.0,1,1620,卖盘
343,14:21:07,16.25,0.05,8,13000,买盘
344,14:21:10,16.25,0.0,5,8125,买盘
345,14:21:25,16.22,-0.03,2,3244,卖盘
346,14:22:10,16.29,0.07,1,1629,买盘
347,14:22:19,16.29,0.0,6,9774,买盘
348,14:23:04,16.29,0.0,1,1629,买盘
349,14:24:42,16.29,0.0,1,1629,买盘
350,14:25:16,16.29,0.0,20,32580,买盘
351,14:26:52,16.29,0.0,2,3258,买盘
352,14:27:09,16.29,0.0,5,8145,买盘
353,14:27:34,16.29,0.0,9,14661,卖盘
354,14:27:54,16.27,-0.02,4,6508,卖盘
355,14:28:19,16.29,0.02,50,81450,买盘
356,14:29:57,16.26,-0.03,2,3252,卖盘
357,14:30:40,16.27,0.01,3,4881,卖盘
358,14:31:13,16.29,0.02,1,1629,买盘
359,14:31:15,16.29,0.0,10,16290,买盘
360,14:31:21,16.29,0.0,38,61830,买盘
361,14:31:52,16.29,0.0,2,3258,卖盘
362,14:33:25,16.35,0.06,5,8175,买盘
363,14:37:54,16.3,-0.05,30,48905,卖盘
364,14:39:31,16.3,0.0,8,13040,卖盘
365,14:39:36,16.29,-0.01,5,8145,卖盘
366,14:39:48,16.29,0.0,7,11403,卖盘
367,14:39:52,16.29,0.0,3,4887,买盘
368,14:40:45,16.29,0.0,3,4887,卖盘
369,14:42:04,16.29,0.0,1,1629,买盘
370,14:42:10,16.26,-0.03,4,6504,卖盘
371,14:42:48,16.26,0.0,10,16260,买盘
372,14:42:58,16.26,0.0,9,14634,买盘
373,14:43:01,16.26,0.0,6,9756,买盘
374,14:44:06,16.26,0.0,36,58536,卖盘
375,14:44:16,16.28,0.02,2,3256,买盘
376,14:44:25,16.28,0.0,19,30932,买盘
377,14:45:43,16.26,-0.02,3,4878,卖盘
378,14:46:28,16.26,0.0,2,3256,卖盘
379,14:47:10,16.3,0.04,41,66830,买盘
380,14:47:31,16.33,0.03,5,8165,买盘
381,14:47:43,16.34,0.01,6,9799,买盘
382,14:47:46,16.33,-0.01,2,3266,买盘
383,14:48:04,16.33,0.0,9,14697,买盘
384,14:48:10,16.33,0.0,6,9798,买盘
385,14:48:16,16.28,-0.05,1,1628,卖盘
386,14:48:40,16.35,0.07,20,32698,买盘
387,14:49:16,16.35,0.0,20,32700,买盘
388,14:49:28,16.34,-0.01,4,6536,中性盘
389,14:50:43,16.34,0.0,1,1634,买盘
390,14:51:37,16.32,-0.02,1,1632,买盘
391,14:51:40,16.32,0.0,5,8160,买盘
392,14:51:49,16.32,0.0,1,1632,卖盘
393,14:51:58,16.31,-0.01,2,3262,卖盘
394,14:53:16,16.32,0.01,3,4896,卖盘
395,14:53:31,16.32,0.0,5,8160,卖盘
396,14:53:40,16.33,0.01,1,1633,买盘
397,14:54:28,16.34,0.01,6,9804,买盘
398,14:54:40,16.34,0.0,1,1634,买盘
399,14:54:46,16.33,-0.01,3,4899,卖盘
400,14:55:22,16.34,0.01,5,8170,买盘
401,14:56:01,16.34,0.0,2,3268,买盘
402,14:56:05,16.34,0.0,20,32680,买盘
403,14:56:07,16.33,-0.01,1,1633,卖盘
404,14:56:10,16.34,0.01,2,3268,买盘
405,14:56:19,16.34,0.0,1,1634,买盘
406,14:56:31,16.34,0.0,13,21242,买盘
407,14:56:40,16.35,0.01,18,29430,买盘
408,14:56:43,16.35,0.0,6,9810,买盘
409,15:00:04,16.35,0.0,118,192930,卖盘
