,time,price,change,volume,amount,type
0,09:25:04,8.8,-0.01,551,484880,卖盘
1,09:30:01,8.83,0.03,13,11476,买盘
2,09:30:04,8.88,0.05,149,131916,买盘
3,09:30:06,8.86,-0.02,16,14202,卖盘
4,09:30:10,8.86,0.0,5,4430,买盘
5,09:30:13,8.86,0.0,210,186040,买盘
6,09:30:22,8.85,-0.01,4,3540,买盘
7,09:30:25,8.85,0.0,21,18585,卖盘
8,09:30:31,8.86,0.01,14,13139,买盘
9,09:30:34,8.86,0.0,43,38108,卖盘
10,09:30:46,8.86,0.0,14,12408,卖盘
11,09:30:49,8.88,0.02,10,8880,买盘
12,09:30:54,8.89,0.01,100,88820,买盘
13,09:30:57,8.89,0.0,1,889,买盘
14,09:31:01,8.89,0.0,80,71120,中性盘
15,09:31:04,8.89,0.0,30,26670,买盘
16,09:31:06,8.89,0.0,26,22702,买盘
17,09:31:10,8.89,0.0,51,45339,卖盘
18,09:31:13,8.89,0.0,23,20447,卖盘
19,09:31:15,8.89,0.0,9,8001,卖盘
20,09:31:18,8.89,0.0,2,1778,卖盘
21,09:31:22,8.89,0.0,10,8890,卖盘
22,09:31:25,8.89,0.0,26,23124,卖盘
23,09:31:28,8.89,0.0,3,2668,卖盘
24,09:31:31,8.9,0.01,203,180667,买盘
25,09:31:34,8.89,-0.01,101,90189,卖盘
26,09:31:36,8.89,0.0,8,7112,买盘
27,09:31:43,8.85,-0.04,219,194212,卖盘
28,09:31:46,8.85,0.0,38,33630,卖盘
29,09:31:57,8.83,-0.02,50,44157,卖盘
30,09:32:04,8.85,0.02,224,198240,买盘
31,09:32:06,8.85,0.0,125,110576,买盘
32,09:32:10,8.85,0.0,6,5310,买盘
33,09:32:13,8.85,0.0,92,81420,买盘
34,09:32:16,8.85,0.0,36,31860,买盘
35,09:32:25,8.85,0.0,33,29208,卖盘
36,09:32:28,8.85,0.0,64,56640,买盘
37,09:32:31,8.85,0.0,3,2655,买盘
38,09:32:37,8.85,0.0,7,6203,卖盘
39,09:32:48,8.85,0.0,131,115935,卖盘
40,09:33:04,8.85,0.0,105,92925,买盘
41,09:33:09,8.85,0.0,7,6195,买盘
42,09:33:12,8.85,0.0,21,18585,买盘
43,09:33:16,8.85,0.0,26,23010,买盘
44,09:33:19,8.85,0.0,9,7965,买盘
45,09:33:25,8.85,0.0,38,33630,买盘
46,09:33:34,8.85,0.0,4,3540,卖盘
47,09:33:40,8.86,0.01,5,4430,买盘
48,09:33:46,8.85,-0.01,5,4425,卖盘
49,09:33:55,8.85,0.0,18,15930,卖盘
50,09:34:04,8.86,0.01,122,108083,买盘
51,09:34:06,8.86,0.0,12,10632,买盘
52,09:34:09,8.85,-0.01,349,309120,卖盘
53,09:34:30,8.84,-0.01,3,2652,卖盘
54,09:34:40,8.82,-0.02,200,176411,卖盘
55,09:34:42,8.85,0.03,7,6180,买盘
56,09:34:46,8.83,-0.02,3,2649,卖盘
57,09:34:49,8.85,0.02,2,1770,买盘
58,09:35:04,8.84,-0.01,74,65416,买盘
59,09:35:09,8.85,0.01,7,6195,买盘
60,09:35:22,8.85,0.0,75,66375,买盘
61,09:35:25,8.85,0.0,7,6195,买盘
62,09:35:28,8.84,-0.01,3,2652,卖盘
63,09:35:36,8.85,0.01,26,23010,买盘
64,09:35:54,8.87,0.02,2,1773,买盘
65,09:36:04,8.87,0.0,108,95796,买盘
66,09:36:16,8.85,-0.02,10,8850,卖盘
67,09:36:18,8.87,0.02,2,1774,买盘
68,09:36:21,8.87,0.0,12,10644,买盘
69,09:36:31,8.88,0.01,174,154492,买盘
70,09:36:36,8.86,-0.02,100,88600,卖盘
71,09:36:43,8.88,0.02,2,1776,买盘
72,09:36:49,8.88,0.0,133,118104,买盘
73,09:37:01,8.88,0.0,10,8880,买盘
74,09:37:04,8.88,0.0,80,71040,买盘
75,09:37:06,8.88,0.0,33,29304,卖盘
76,09:37:16,8.88,0.0,2,1776,买盘
77,09:37:25,8.88,0.0,15,13320,买盘
78,09:37:28,8.88,0.0,37,32854,买盘
79,09:37:30,8.88,0.0,44,39072,卖盘
80,09:37:34,8.89,0.01,583,518209,买盘
81,09:37:49,8.88,-0.01,20,17760,卖盘
82,09:37:51,8.89,0.01,60,52940,买盘
83,09:37:58,8.89,0.0,164,145796,卖盘
84,09:38:01,8.88,-0.01,13,11946,买盘
85,09:38:04,8.9,0.02,186,165357,买盘
86,09:38:07,8.89,-0.01,74,65786,中性盘
87,09:38:13,8.89,0.0,58,51562,卖盘
88,09:38:16,8.88,-0.01,39,34659,卖盘
89,09:38:19,8.88,0.0,19,16872,卖盘
90,09:38:24,8.88,0.0,148,131434,卖盘
91,09:38:28,8.88,0.0,6,5328,买盘
92,09:38:34,8.88,0.0,284,252192,买盘
93,09:38:37,8.88,0.0,40,35520,卖盘
94,09:38:40,8.88,0.0,4,3552,卖盘
95,09:38:43,8.88,0.0,6,5328,卖盘
96,09:38:49,8.89,0.01,517,459346,买盘
97,09:38:52,8.88,-0.01,117,103896,卖盘
98,09:38:55,8.87,-0.01,2,1774,卖盘
99,09:38:57,8.88,0.01,53,47061,买盘
100,09:39:04,8.88,0.0,120,106547,买盘
101,09:39:10,8.87,-0.01,2,1774,卖盘
102,09:39:16,8.87,0.0,31,27497,卖盘
103,09:39:25,8.87,0.0,52,46124,卖盘
104,09:39:31,8.87,0.0,1,887,买盘
105,09:39:34,8.86,-0.01,2,1772,卖盘
106,09:39:37,8.86,0.0,1,886,卖盘
107,09:39:40,8.86,0.0,2,1772,卖盘
108,09:39:43,8.86,0.0,2,1772,卖盘
109,09:39:46,8.84,-0.02,1,884,卖盘
110,09:40:01,8.85,0.01,38,33630,卖盘
111,09:40:04,8.86,0.01,104,92144,买盘
112,09:40:06,8.85,-0.01,32,28320,卖盘
113,09:40:21,8.85,0.0,64,56640,卖盘
114,09:40:24,8.86,0.01,188,166484,买盘
115,09:40:28,8.86,0.0,67,59297,买盘
116,09:40:34,8.87,0.01,6,5316,买盘
117,09:40:40,8.87,0.0,3,2661,买盘
118,09:40:58,8.85,-0.02,2,1770,卖盘
119,09:41:04,8.86,0.01,12,10632,买盘
120,09:41:19,8.86,0.0,2,1772,卖盘
121,09:41:22,8.85,-0.01,146,129323,卖盘
122,09:41:25,8.85,0.0,78,69030,买盘
123,09:41:31,8.83,-0.02,65,57440,卖盘
124,09:41:46,8.87,0.04,96,85152,买盘
125,09:41:49,8.87,0.0,9,7983,卖盘
126,09:41:51,8.87,0.0,7,6209,卖盘
127,09:41:55,8.87,0.0,19,16853,卖盘
128,09:41:58,8.87,0.0,1,887,买盘
129,09:42:04,8.87,0.0,111,98457,买盘
130,09:42:06,8.86,-0.01,1,886,卖盘
131,09:42:10,8.86,0.0,1,886,卖盘
132,09:42:12,8.87,0.01,2,1774,买盘
133,09:42:18,8.87,0.0,2,1774,买盘
134,09:42:24,8.86,-0.01,1,886,卖盘
135,09:42:27,8.86,0.0,6,5320,中性盘
136,09:43:04,8.86,0.0,28,24808,买盘
137,09:43:16,8.87,0.01,72,63864,买盘
138,09:43:39,8.86,-0.01,5,4430,卖盘
139,09:44:04,8.87,0.01,19,16853,买盘
140,09:44:07,8.87,0.0,83,73621,买盘
141,09:44:10,8.87,0.0,69,61203,买盘
142,09:44:13,8.88,0.01,3,2664,买盘
143,09:44:16,8.87,-0.01,1,887,卖盘
144,09:44:19,8.88,0.01,100,88800,买盘
145,09:44:25,8.87,-0.01,1,887,卖盘
146,09:44:40,8.87,0.0,10,8870,买盘
147,09:44:43,8.86,-0.01,1,886,卖盘
148,09:45:04,8.86,0.0,83,73538,买盘
149,09:45:10,8.87,0.01,7,6209,买盘
150,09:45:22,8.87,0.0,2,1774,买盘
151,09:45:25,8.87,0.0,1,887,买盘
152,09:45:43,8.87,0.0,3,2661,买盘
153,09:46:01,8.87,0.0,72,63864,买盘
154,09:46:03,8.87,0.0,105,93135,买盘
155,09:46:07,8.87,0.0,46,40802,买盘
156,09:46:10,8.87,0.0,9,7983,买盘
157,09:46:13,8.87,0.0,6,5322,买盘
158,09:46:43,8.87,0.0,213,188931,买盘
159,09:46:46,8.86,-0.01,46,40756,卖盘
160,09:46:49,8.86,0.0,105,93030,买盘
161,09:47:04,8.87,0.01,103,91361,买盘
162,09:47:10,8.87,0.0,3,2661,买盘
163,09:47:24,8.87,0.0,91,80717,买盘
164,09:47:34,8.87,0.0,1,887,买盘
165,09:47:42,8.87,0.0,3,2661,买盘
166,09:47:46,8.87,0.0,5,4435,买盘
167,09:47:49,8.87,0.0,69,61203,买盘
168,09:48:04,8.87,0.0,105,93135,买盘
169,09:48:06,8.87,0.0,47,41689,买盘
170,09:48:10,8.87,0.0,5,4435,买盘
171,09:48:13,8.87,0.0,245,217315,买盘
172,09:48:25,8.88,0.01,75,66585,买盘
173,09:48:27,8.87,-0.01,14,12422,卖盘
174,09:48:42,8.88,0.01,2,1776,买盘
175,09:48:46,8.88,0.0,82,72809,买盘
176,09:49:00,8.87,-0.01,1,887,卖盘
177,09:49:04,8.87,0.0,82,72669,买盘
178,09:49:13,8.88,0.01,2,1776,买盘
179,09:49:16,8.88,0.0,7,6216,买盘
180,09:49:19,8.87,-0.01,15,13306,卖盘
181,09:49:28,8.88,0.01,8,7104,买盘
182,09:49:34,8.87,-0.01,6,5322,卖盘
183,09:49:40,8.88,0.01,68,60384,买盘
184,09:49:43,8.87,-0.01,14,12427,卖盘
185,09:49:46,8.88,0.01,261,231765,买盘
186,09:49:52,8.87,-0.01,11,9757,卖盘
187,09:50:01,8.87,0.0,6,5322,卖盘
188,09:50:04,8.88,0.01,123,109199,买盘
189,09:50:10,8.87,-0.01,3,2661,卖盘
190,09:50:13,8.87,0.0,45,39881,中性盘
191,09:50:16,8.86,-0.01,1,886,卖盘
192,09:50:25,8.86,0.0,18,15948,卖盘
193,09:50:30,8.85,-0.01,5,4425,卖盘
194,09:50:34,8.86,0.01,11,9746,买盘
195,09:50:37,8.86,0.0,2,1772,卖盘
196,09:50:40,8.87,0.01,5,4435,买盘
197,09:50:46,8.87,0.0,1,887,买盘
198,09:50:49,8.86,-0.01,56,49616,卖盘
199,09:50:55,8.87,0.01,162,143650,买盘
200,09:51:04,8.88,0.01,103,91464,买盘
201,09:51:07,8.87,-0.01,30,26610,卖盘
202,09:51:09,8.88,0.01,12,10655,买盘
203,09:51:12,8.88,0.0,4,3552,买盘
204,09:51:31,8.88,0.0,72,63936,买盘
205,09:51:40,8.88,0.0,4,3552,买盘
206,09:51:43,8.88,0.0,2,1776,买盘
207,09:51:46,8.88,0.0,1,888,买盘
208,09:51:58,8.87,-0.01,50,44350,卖盘
209,09:52:04,8.88,0.01,106,94128,买盘
210,09:52:10,8.88,0.0,3,2664,买盘
211,09:52:16,8.88,0.0,5,4440,买盘
212,09:52:22,8.88,0.0,9,7992,买盘
213,09:52:24,8.88,0.0,70,62160,买盘
214,09:52:33,8.88,0.0,1,888,买盘
215,09:52:43,8.88,0.0,2,1776,买盘
216,09:52:46,8.88,0.0,9,7992,买盘
217,09:52:51,8.88,0.0,2,1776,买盘
218,09:53:04,8.88,0.0,113,100344,买盘
219,09:53:07,8.88,0.0,1,888,买盘
220,09:53:10,8.88,0.0,150,133200,买盘
221,09:53:13,8.87,-0.01,1,887,卖盘
222,09:53:16,8.87,0.0,17,15091,卖盘
223,09:53:18,8.88,0.01,68,60384,买盘
224,09:53:21,8.88,0.0,2,1776,买盘
225,09:53:46,8.88,0.0,14,12432,买盘
226,09:53:48,8.87,-0.01,65,57655,卖盘
227,09:53:54,8.87,0.0,1,887,卖盘
228,09:54:04,8.88,0.01,156,138483,买盘
229,09:54:10,8.87,-0.01,9,7984,卖盘
230,09:54:13,8.87,0.0,2,1774,卖盘
231,09:54:16,8.88,0.01,70,62160,买盘
232,09:54:18,8.87,-0.01,12,10646,卖盘
233,09:54:21,8.87,0.0,1,887,卖盘
234,09:54:25,8.87,0.0,1,887,卖盘
235,09:54:37,8.87,0.0,1,887,卖盘
236,09:54:40,8.88,0.01,6,5327,买盘
237,09:54:46,8.88,0.0,3,2664,买盘
238,09:54:51,8.87,-0.01,10,8870,卖盘
239,09:54:54,8.87,0.0,1,887,卖盘
240,09:55:01,8.88,0.01,101,89588,买盘
241,09:55:04,8.88,0.0,113,100344,买盘
242,09:55:07,8.87,-0.01,1,887,卖盘
243,09:55:10,8.88,0.01,77,68375,买盘
244,09:55:13,8.87,-0.01,17,15080,卖盘
245,09:55:16,8.87,0.0,7,6209,卖盘
246,09:55:31,8.87,0.0,7,6209,卖盘
247,09:55:34,8.88,0.01,68,60319,买盘
248,09:55:43,8.88,0.0,11,9768,买盘
249,09:55:46,8.87,-0.01,51,45237,卖盘
250,09:56:04,8.88,0.01,58,51504,买盘
251,09:56:07,8.88,0.0,110,97680,买盘
252,09:56:10,8.88,0.0,8,7104,买盘
253,09:56:12,8.88,0.0,10,8871,买盘
254,09:56:18,8.87,-0.01,10,8870,卖盘
255,09:56:25,8.88,0.01,6,5326,买盘
256,09:56:40,8.88,0.0,3,2664,买盘
257,09:56:45,8.87,-0.01,1,887,卖盘
258,09:56:54,8.88,0.01,67,59496,买盘
259,09:57:01,8.88,0.0,139,123366,买盘
260,09:57:04,8.88,0.0,20,17760,买盘
261,09:57:07,8.87,-0.01,245,217400,卖盘
262,09:57:13,8.88,0.01,207,183616,买盘
263,09:57:19,8.87,-0.01,202,179176,卖盘
264,09:57:28,8.87,0.0,23,20401,卖盘
265,09:57:40,8.87,0.0,5,4435,买盘
266,09:57:54,8.87,0.0,100,88670,买盘
267,09:58:00,8.88,0.01,454,402936,买盘
268,09:58:04,8.88,0.0,20,17760,买盘
269,09:58:06,8.88,0.0,84,74592,买盘
270,09:58:09,8.88,0.0,2,1776,买盘
271,09:58:12,8.87,-0.01,65,57655,卖盘
272,09:58:16,8.87,0.0,9,7983,卖盘
273,09:58:19,8.87,0.0,1,887,买盘
274,09:58:22,8.87,0.0,1,887,卖盘
275,09:58:37,8.88,0.01,10,8880,买盘
276,09:58:40,8.88,0.0,16,14194,买盘
277,09:58:48,8.88,0.0,64,56832,买盘
278,09:58:52,8.88,0.0,4,3552,买盘
279,09:59:04,8.88,0.0,110,97680,买盘
280,09:59:09,8.88,0.0,1,888,买盘
281,09:59:13,8.88,0.0,9,7992,买盘
282,09:59:19,8.88,0.0,1,888,买盘
283,09:59:39,8.87,-0.01,60,53230,卖盘
284,09:59:46,8.88,0.01,71,63048,买盘
285,09:59:57,8.85,-0.03,65,57560,卖盘
286,10:00:00,8.87,0.02,10,8865,中性盘
287,10:00:04,8.87,0.0,6,5322,买盘
288,10:00:07,8.87,0.0,1,887,卖盘
289,10:00:10,8.87,0.0,36,31962,卖盘
290,10:00:12,8.88,0.01,2,1776,买盘
291,10:00:15,8.88,0.0,10,8876,买盘
292,10:00:19,8.87,-0.01,57,50559,卖盘
293,10:00:22,8.88,0.01,1,888,买盘
294,10:00:40,8.88,0.0,78,69264,买盘
295,10:00:43,8.88,0.0,32,28416,买盘
296,10:01:04,8.88,0.0,114,101232,买盘
297,10:01:10,8.88,0.0,15,13319,买盘
298,10:01:16,8.87,-0.01,2,1774,买盘
299,10:01:25,8.87,0.0,1,887,卖盘
300,10:01:28,8.87,0.0,4,3548,卖盘
301,10:01:34,8.88,0.01,71,63046,买盘
302,10:01:40,8.88,0.0,2,1776,买盘
303,10:01:43,8.87,-0.01,1,887,卖盘
304,10:01:55,8.85,-0.02,65,57570,卖盘
305,10:01:57,8.86,0.01,1,886,中性盘
306,10:02:01,8.86,0.0,9,7974,买盘
307,10:02:04,8.86,0.0,11,9746,买盘
308,10:02:16,8.87,0.01,12,10644,买盘
309,10:02:30,8.87,0.0,72,63864,买盘
310,10:02:45,8.87,0.0,9,7983,买盘
311,10:02:52,8.87,0.0,1,887,买盘
312,10:03:04,8.87,0.0,90,79830,买盘
313,10:03:07,8.87,0.0,31,27497,卖盘
314,10:03:09,8.87,0.0,12,10644,买盘
315,10:03:13,8.87,0.0,6,5322,买盘
316,10:03:25,8.87,0.0,1,887,买盘
317,10:03:28,8.87,0.0,70,62090,买盘
318,10:03:46,8.87,0.0,20,17750,卖盘
319,10:03:49,8.86,-0.01,65,57607,卖盘
320,10:03:58,8.86,0.0,4,3545,卖盘
321,10:04:06,8.87,0.01,21,18627,买盘
322,10:04:15,8.88,0.01,9,7992,买盘
323,10:04:18,8.88,0.0,120,106506,买盘
324,10:04:21,8.88,0.0,6,5328,买盘
325,10:04:37,8.87,-0.01,34,30158,卖盘
326,10:04:42,8.86,-0.01,14,12404,卖盘
327,10:04:45,8.87,0.01,1,887,买盘
328,10:04:52,8.88,0.01,54,47936,买盘
329,10:05:04,8.87,-0.01,31,27497,卖盘
330,10:05:06,8.88,0.01,113,100344,买盘
331,10:05:10,8.88,0.0,7,6214,买盘
332,10:05:15,8.87,-0.01,99,87882,卖盘
333,10:05:21,8.87,0.0,1,887,卖盘
334,10:05:24,8.87,0.0,1,887,卖盘
335,10:05:33,8.87,0.0,50,44350,卖盘
336,10:05:42,8.87,0.0,2,1774,买盘
337,10:06:04,8.87,0.0,22,19514,买盘
338,10:06:06,8.87,0.0,59,52333,买盘
339,10:06:10,8.88,0.01,27,23976,买盘
340,10:06:24,8.87,-0.01,32,28385,卖盘
341,10:06:34,8.87,0.0,1,887,卖盘
342,10:06:37,8.87,0.0,1,887,卖盘
343,10:06:39,8.88,0.01,2,1776,买盘
344,10:06:46,8.87,-0.01,5,4435,卖盘
345,10:06:52,8.88,0.01,4,3552,买盘
346,10:06:57,8.87,-0.01,8,7096,卖盘
347,10:07:04,8.88,0.01,91,80808,买盘
348,10:07:07,8.88,0.0,97,86136,买盘
349,10:07:10,8.88,0.0,6,5328,买盘
350,10:07:24,8.88,0.0,12,10656,买盘
351,10:07:39,8.88,0.0,5,4440,买盘
352,10:08:00,8.88,0.0,70,62160,买盘
353,10:08:04,8.88,0.0,120,106560,买盘
354,10:08:07,8.88,0.0,8,7104,买盘
355,10:08:09,8.88,0.0,29,25752,买盘
356,10:08:15,8.87,-0.01,91,80799,卖盘
357,10:08:18,8.88,0.01,1,888,买盘
358,10:08:39,8.88,0.0,2,1776,买盘
359,10:08:54,8.88,0.0,76,67488,买盘
360,10:09:04,8.88,0.0,102,90576,买盘
361,10:09:10,8.88,0.0,7,6216,买盘
362,10:09:12,8.87,-0.01,71,62977,卖盘
363,10:09:18,8.87,0.0,8,7096,买盘
364,10:09:28,8.87,0.0,5,4435,买盘
365,10:09:30,8.86,-0.01,1,886,卖盘
366,10:09:37,8.87,0.01,5,4435,买盘
367,10:09:40,8.87,0.0,1,887,买盘
368,10:09:48,8.86,-0.01,10,8860,卖盘
369,10:09:52,8.87,0.01,70,62090,买盘
370,10:09:58,8.86,-0.01,67,59362,卖盘
371,10:10:04,8.87,0.01,75,66525,买盘
372,10:10:07,8.88,0.01,8,7104,买盘
373,10:10:36,8.87,-0.01,29,25723,卖盘
374,10:10:39,8.87,0.0,10,8876,卖盘
375,10:10:42,8.87,0.0,67,59364,买盘
376,10:10:45,8.87,0.0,67,59429,买盘
377,10:10:58,8.86,-0.01,38,33668,卖盘
378,10:11:04,8.87,0.01,80,70960,买盘
379,10:11:06,8.87,0.0,29,25723,卖盘
380,10:11:09,8.88,0.01,5,4439,买盘
381,10:11:24,8.87,-0.01,1,887,卖盘
382,10:11:37,8.87,0.0,1,887,卖盘
383,10:11:40,8.88,0.01,81,71927,买盘
384,10:11:49,8.88,0.0,20,17760,买盘
385,10:11:52,8.87,-0.01,1,887,卖盘
386,10:11:54,8.87,0.0,1,887,卖盘
387,10:12:03,8.88,0.01,23,20424,买盘
388,10:12:06,8.88,0.0,99,87912,买盘
389,10:12:10,8.88,0.0,4,3551,买盘
390,10:12:34,8.88,0.0,65,57720,买盘
391,10:12:37,8.87,-0.01,6,5327,卖盘
392,10:12:39,8.86,-0.01,65,57590,卖盘
393,10:13:04,8.87,0.01,18,15966,买盘
394,10:13:07,8.88,0.01,26,23064,买盘
395,10:13:10,8.87,-0.01,1,887,卖盘
396,10:13:22,8.87,0.0,1,887,卖盘
397,10:13:24,8.87,0.0,1,887,卖盘
398,10:13:31,8.88,0.01,71,63048,买盘
399,10:13:37,8.87,-0.01,2,1774,卖盘
400,10:13:39,8.87,0.0,1,887,卖盘
401,10:13:52,8.87,0.0,10,8870,卖盘
402,10:13:55,8.87,0.0,1,887,卖盘
403,10:14:04,8.88,0.01,102,90576,买盘
404,10:14:09,8.87,-0.01,20,17740,卖盘
405,10:14:13,8.87,0.0,1,887,卖盘
406,10:14:24,8.88,0.01,68,60384,买盘
407,10:14:27,8.87,-0.01,1,887,卖盘
408,10:14:37,8.87,0.0,1,887,卖盘
409,10:14:39,8.86,-0.01,66,58499,卖盘
410,10:14:48,8.87,0.01,1,887,买盘
411,10:14:54,8.87,0.0,2,1774,买盘
412,10:15:01,8.87,0.0,15,13305,买盘
413,10:15:04,8.88,0.01,107,95016,买盘
414,10:15:06,8.87,-0.01,58,51446,卖盘
415,10:15:09,8.87,0.0,1,887,卖盘
416,10:15:22,8.88,0.01,74,65712,买盘
417,10:15:36,8.87,-0.01,12,10644,卖盘
418,10:15:42,8.88,0.01,16,14208,买盘
419,10:16:04,8.88,0.0,108,95904,买盘
420,10:16:15,8.88,0.0,69,61272,买盘
421,10:16:24,8.88,0.0,10,8880,买盘
422,10:16:39,8.87,-0.01,116,102892,卖盘
423,10:16:42,8.87,0.0,36,31932,买盘
424,10:16:49,8.86,-0.01,65,57600,卖盘
425,10:17:06,8.87,0.01,121,107447,卖盘
426,10:17:10,8.88,0.01,68,60384,买盘
427,10:17:12,8.87,-0.01,1,887,卖盘
428,10:17:21,8.88,0.01,7,6216,买盘
429,10:17:25,8.86,-0.02,11,9754,卖盘
430,10:17:30,8.88,0.02,15,13320,买盘
431,10:17:54,8.88,0.0,5,4440,买盘
432,10:18:04,8.88,0.0,57,50616,买盘
433,10:18:06,8.88,0.0,136,120768,买盘
434,10:18:09,8.87,-0.01,10,8870,卖盘
435,10:18:13,8.88,0.01,304,269952,买盘
436,10:18:15,8.88,0.0,66,58608,买盘
437,10:18:18,8.88,0.0,1,710,卖盘
438,10:18:22,8.89,0.01,8,7112,买盘
439,10:18:30,8.88,-0.01,4,3552,卖盘
440,10:18:36,8.89,0.01,12,10668,买盘
441,10:18:45,8.89,0.0,2,1778,买盘
442,10:18:51,8.89,0.0,4,3556,买盘
443,10:19:01,8.89,0.0,72,64008,买盘
444,10:19:04,8.89,0.0,22,19558,买盘
445,10:19:07,8.89,0.0,100,88900,买盘
446,10:19:18,8.89,0.0,5,4445,买盘
447,10:19:33,8.88,-0.01,8,7104,卖盘
448,10:19:45,8.89,0.01,7,6223,买盘
449,10:19:54,8.89,0.0,68,60452,买盘
450,10:20:04,8.89,0.0,39,34651,买盘
451,10:20:07,8.88,-0.01,92,81956,卖盘
452,10:20:09,8.88,0.0,15,13142,买盘
453,10:20:15,8.89,0.01,3,2667,买盘
454,10:20:27,8.88,-0.01,1,888,卖盘
455,10:20:34,8.87,-0.01,65,57666,卖盘
456,10:20:54,8.88,0.01,9,7992,卖盘
457,10:21:04,8.89,0.01,19,16891,买盘
458,10:21:06,8.88,-0.01,148,131510,卖盘
459,10:21:09,8.88,0.0,40,35520,买盘
460,10:21:15,8.88,0.0,4,3552,买盘
461,10:21:18,8.88,0.0,1,888,买盘
462,10:21:37,8.87,-0.01,6,5322,卖盘
463,10:21:40,8.87,0.0,10,8870,卖盘
464,10:21:42,8.87,0.0,131,116374,卖盘
465,10:21:45,8.87,0.0,72,63864,买盘
466,10:21:48,8.87,0.0,1,887,买盘
467,10:21:51,8.87,0.0,6,5322,买盘
468,10:21:57,8.86,-0.01,1,886,卖盘
469,10:22:01,8.86,0.0,1,886,卖盘
470,10:22:04,8.87,0.01,111,98453,买盘
471,10:22:06,8.86,-0.01,7,6202,卖盘
472,10:22:16,8.86,0.0,152,134672,卖盘
473,10:22:19,8.86,0.0,1,886,卖盘
474,10:22:31,8.86,0.0,14,12404,卖盘
475,10:22:39,8.87,0.01,119,105502,买盘
476,10:22:48,8.87,0.0,6,5322,买盘
477,10:22:57,8.86,-0.01,203,179858,卖盘
478,10:23:04,8.84,-0.02,200,176824,卖盘
479,10:23:07,8.83,-0.01,778,687354,卖盘
480,10:23:09,8.83,0.0,38,33554,买盘
481,10:23:16,8.85,0.02,3,2654,买盘
482,10:23:18,8.84,-0.01,14,12379,卖盘
483,10:23:21,8.82,-0.02,65,57330,卖盘
484,10:23:24,8.82,0.0,38,33520,卖盘
485,10:23:27,8.84,0.02,10,8840,中性盘
486,10:23:33,8.83,-0.01,30,26490,卖盘
487,10:23:48,8.85,0.02,4,3540,买盘
488,10:23:51,8.84,-0.01,27,23868,卖盘
489,10:24:00,8.84,0.0,28,24752,卖盘
490,10:24:06,8.84,0.0,66,58344,买盘
491,10:24:10,8.84,0.0,12,10608,卖盘
492,10:24:12,8.83,-0.01,38,33576,卖盘
493,10:24:19,8.84,0.01,5,4420,买盘
494,10:24:30,8.84,0.0,20,17680,买盘
495,10:24:49,8.85,0.01,1,885,买盘
496,10:24:52,8.84,-0.01,2,1768,卖盘
497,10:25:00,8.84,0.0,47,41548,卖盘
498,10:25:04,8.85,0.01,19,16815,买盘
499,10:25:06,8.83,-0.02,389,344536,卖盘
500,10:25:18,8.86,0.03,9,7974,买盘
501,10:25:21,8.83,-0.03,36,31523,卖盘
502,10:25:40,8.84,0.01,28,24752,卖盘
503,10:25:49,8.86,0.02,2,1772,买盘
504,10:26:04,8.86,0.0,19,16834,买盘
505,10:26:06,8.86,0.0,86,76196,买盘
506,10:26:19,8.86,0.0,3,2658,买盘
507,10:26:21,8.85,-0.01,1,885,卖盘
508,10:26:24,8.85,0.0,3,2655,卖盘
509,10:26:42,8.85,0.0,3,2655,卖盘
510,10:26:49,8.86,0.01,3,2658,买盘
511,10:26:57,8.85,-0.01,75,66375,卖盘
512,10:27:06,8.85,0.0,108,95580,买盘
513,10:27:15,8.85,0.0,69,61065,买盘
514,10:27:18,8.85,0.0,1,885,买盘
515,10:27:43,8.84,-0.01,44,38896,卖盘
516,10:27:58,8.83,-0.01,142,125651,卖盘
517,10:28:00,8.82,-0.01,700,617400,卖盘
518,10:28:03,8.82,0.0,123,108486,卖盘
519,10:28:09,8.82,0.0,76,67032,买盘
520,10:28:30,8.8,-0.02,143,125952,卖盘
521,10:28:48,8.81,0.01,3,2643,买盘
522,10:28:54,8.8,-0.01,46,40480,卖盘
523,10:29:06,8.81,0.01,79,69599,买盘
524,10:29:09,8.81,0.0,65,57265,卖盘
525,10:29:19,8.82,0.01,1,882,买盘
526,10:29:36,8.81,-0.01,8,7055,卖盘
527,10:29:43,8.82,0.01,50,44100,买盘
528,10:29:46,8.82,0.0,6,5292,买盘
529,10:29:58,8.8,-0.02,280,246521,卖盘
530,10:30:00,8.8,0.0,69,60720,买盘
531,10:30:06,8.8,0.0,5,4400,买盘
532,10:30:15,8.8,0.0,106,93285,卖盘
533,10:30:24,8.8,0.0,5,4400,买盘
534,10:30:36,8.8,0.0,5,4400,买盘
535,10:30:49,8.79,-0.01,4,3516,买盘
536,10:30:54,8.79,0.0,13,11427,买盘
537,10:31:04,8.79,0.0,5,4395,卖盘
538,10:31:06,8.79,0.0,111,97679,卖盘
539,10:31:09,8.79,0.0,2,1758,卖盘
540,10:31:12,8.8,0.01,3,2640,买盘
541,10:31:18,8.8,0.0,4,3520,买盘
542,10:31:21,8.79,-0.01,1,879,卖盘
543,10:31:24,8.79,0.0,1,879,卖盘
544,10:31:40,8.79,0.0,20,17580,卖盘
545,10:31:48,8.8,0.01,92,80935,买盘
546,10:31:51,8.8,0.0,2,1760,买盘
547,10:31:54,8.79,-0.01,1,879,卖盘
548,10:32:00,8.78,-0.01,51,44819,卖盘
549,10:32:04,8.78,0.0,82,71996,买盘
550,10:32:21,8.8,0.02,2,1760,买盘
551,10:32:42,8.78,-0.02,2,1756,卖盘
552,10:32:49,8.8,0.02,2,1760,买盘
553,10:33:04,8.8,0.0,22,19360,买盘
554,10:33:06,8.79,-0.01,91,80079,卖盘
555,10:33:18,8.8,0.01,1,880,买盘
556,10:33:25,8.79,-0.01,13,11437,卖盘
557,10:33:30,8.79,0.0,3,2637,卖盘
558,10:33:39,8.8,0.01,68,59840,买盘
559,10:33:42,8.8,0.0,2,1760,买盘
560,10:34:04,8.8,0.0,21,18480,买盘
561,10:34:06,8.8,0.0,103,90640,买盘
562,10:34:09,8.8,0.0,1,880,买盘
563,10:34:15,8.8,0.0,15,13200,卖盘
564,10:34:21,8.8,0.0,1,880,买盘
565,10:34:30,8.8,0.0,355,312400,买盘
566,10:34:45,8.8,0.0,2,1760,卖盘
567,10:34:48,8.82,0.02,1,882,买盘
568,10:35:06,8.82,0.0,42,37044,买盘
569,10:35:21,8.83,0.01,2,1766,买盘
570,10:35:24,8.82,-0.01,10,8820,卖盘
571,10:35:27,8.82,0.0,8,7056,卖盘
572,10:35:31,8.83,0.01,73,64454,买盘
573,10:35:34,8.82,-0.01,1,882,卖盘
574,10:35:39,8.82,0.0,2,1764,卖盘
575,10:35:46,8.82,0.0,8,7056,卖盘
576,10:35:49,8.82,0.0,8,7056,卖盘
577,10:35:51,8.82,0.0,6,5295,卖盘
578,10:35:54,8.82,0.0,15,13230,卖盘
579,10:35:57,8.82,0.0,10,8820,卖盘
580,10:36:00,8.82,0.0,9,7938,卖盘
581,10:36:06,8.82,0.0,16,14112,买盘
582,10:36:15,8.82,0.0,1,882,卖盘
583,10:36:22,8.83,0.01,2,1766,买盘
584,10:36:25,8.83,0.0,126,111168,买盘
585,10:36:27,8.83,0.0,33,29139,买盘
586,10:36:42,8.8,-0.03,229,201525,卖盘
587,10:36:45,8.8,0.0,2,1760,买盘
588,10:36:51,8.8,0.0,4,3520,买盘
589,10:37:06,8.8,0.0,65,57200,买盘
590,10:37:10,8.83,0.03,207,182781,买盘
591,10:37:12,8.83,0.0,18,15894,卖盘
592,10:37:15,8.83,0.0,5,4415,卖盘
593,10:37:18,8.83,0.0,70,61810,卖盘
594,10:37:21,8.84,0.01,74,65400,买盘
595,10:37:42,8.84,0.0,1000,883978,买盘
596,10:37:51,8.84,0.0,1,884,买盘
597,10:38:06,8.83,-0.01,178,156476,买盘
598,10:38:12,8.83,0.0,5,4415,卖盘
599,10:38:16,8.84,0.01,69,60996,买盘
600,10:38:18,8.84,0.0,434,383656,买盘
601,10:38:21,8.85,0.01,19,16803,买盘
602,10:38:24,8.83,-0.02,73,65212,卖盘
603,10:38:39,8.83,0.0,100,88300,买盘
604,10:38:51,8.83,0.0,1,883,买盘
605,10:39:07,8.83,0.0,90,79394,买盘
606,10:39:12,8.83,0.0,11,9713,买盘
607,10:39:21,8.83,0.0,1,883,买盘
608,10:39:42,8.82,-0.01,11,9702,卖盘
609,10:39:51,8.83,0.01,3,2649,买盘
610,10:40:04,8.83,0.0,26,22260,买盘
611,10:40:18,8.83,0.0,2,1766,卖盘
612,10:40:21,8.84,0.01,1,884,买盘
613,10:40:24,8.84,0.0,1,884,买盘
614,10:40:36,8.83,-0.01,4,3532,卖盘
615,10:40:54,8.84,0.01,3,2652,买盘
616,10:41:00,8.83,-0.01,28,24934,卖盘
617,10:41:04,8.84,0.01,45,39780,卖盘
618,10:41:13,8.85,0.01,6,5309,买盘
619,10:41:22,8.84,-0.01,7,6188,中性盘
620,10:41:52,8.84,0.0,4,3536,买盘
621,10:41:54,8.84,0.0,68,60112,买盘
622,10:42:39,8.83,-0.01,14,12362,卖盘
623,10:42:42,8.83,0.0,10,8830,卖盘
624,10:42:46,8.81,-0.02,34,30496,卖盘
625,10:42:51,8.81,0.0,20,17109,买盘
626,10:43:24,8.83,0.02,4,3532,买盘
627,10:43:55,8.83,0.0,4,3532,买盘
628,10:44:01,8.82,-0.01,26,22932,卖盘
629,10:44:24,8.83,0.01,1,883,买盘
630,10:44:39,8.83,0.0,68,60043,买盘
631,10:44:55,8.83,0.0,6,5298,买盘
632,10:45:24,8.83,0.0,4,3532,买盘
633,10:45:28,8.82,-0.01,1,882,卖盘
634,10:45:33,8.83,0.01,31,27373,买盘
635,10:45:36,8.83,0.0,9,7947,买盘
636,10:45:39,8.83,0.0,5,4415,卖盘
637,10:45:58,8.83,0.0,24,21192,卖盘
638,10:46:06,8.82,-0.01,16,14112,卖盘
639,10:46:24,8.83,0.01,1,883,买盘
640,10:46:30,8.83,0.0,75,66225,买盘
641,10:46:54,8.83,0.0,3,2649,买盘
642,10:47:04,8.82,-0.01,1,882,卖盘
643,10:47:18,8.79,-0.03,65,57201,卖盘
644,10:47:24,8.83,0.04,3,2649,买盘
645,10:48:22,8.82,-0.01,15,13230,买盘
646,10:48:33,8.83,0.01,10,8830,买盘
647,10:48:42,8.83,0.0,3,2649,买盘
648,10:49:09,8.83,0.0,99,87417,买盘
649,10:49:16,8.84,0.01,75,66300,买盘
650,10:50:10,8.84,0.0,70,61880,买盘
651,10:50:12,8.84,0.0,1,884,买盘
652,10:50:15,8.84,0.0,3,2652,买盘
653,10:50:24,8.84,0.0,5,4420,买盘
654,10:50:51,8.83,-0.01,3,2649,卖盘
655,10:50:54,8.84,0.01,9,7950,买盘
656,10:51:06,8.84,0.0,104,91936,买盘
657,10:51:46,8.84,0.0,4,3536,买盘
658,10:52:00,8.84,0.0,21,18552,买盘
659,10:52:13,8.83,-0.01,1,883,买盘
660,10:52:16,8.82,-0.01,19,16758,卖盘
661,10:52:18,8.82,0.0,5,4410,卖盘
662,10:52:39,8.83,0.01,8,7064,买盘
663,10:52:54,8.84,0.01,26,22983,买盘
664,10:52:57,8.84,0.0,9,7956,买盘
665,10:53:00,8.84,0.0,6,5304,卖盘
666,10:53:15,8.85,0.01,5,4425,买盘
667,10:53:27,8.85,0.0,4,3540,买盘
668,10:53:30,8.85,0.0,60,53100,买盘
669,10:53:42,8.85,0.0,1,885,买盘
670,10:53:51,8.85,0.0,70,61950,买盘
671,10:53:57,8.85,0.0,2,1770,买盘
672,10:54:34,8.85,0.0,106,93804,买盘
673,10:54:45,8.85,0.0,49,43365,买盘
674,10:55:06,8.85,0.0,1,885,卖盘
675,10:55:09,8.85,0.0,1,885,卖盘
676,10:55:39,8.86,0.01,41,36326,买盘
677,10:55:42,8.85,-0.01,34,30119,卖盘
678,10:55:45,8.86,0.01,4,3542,买盘
679,10:56:06,8.86,0.0,158,139988,买盘
680,10:56:12,8.87,0.01,3,2661,买盘
681,10:56:31,8.86,-0.01,2,1772,卖盘
682,10:56:37,8.87,0.01,18,15966,买盘
683,10:56:45,8.88,0.01,2,1776,买盘
684,10:56:54,8.88,0.0,26,23088,买盘
685,10:57:15,8.88,0.0,6,5328,买盘
686,10:57:21,8.87,-0.01,50,44350,卖盘
687,10:57:24,8.87,0.0,2,1774,卖盘
688,10:57:30,8.88,0.01,338,300054,买盘
689,10:57:33,8.87,-0.01,5,4435,卖盘
690,10:57:45,8.88,0.01,8,7104,买盘
691,10:57:57,8.87,-0.01,1,887,卖盘
692,10:58:03,8.88,0.01,200,177600,买盘
693,10:58:09,8.88,0.0,10,8880,买盘
694,10:58:15,8.88,0.0,1,888,买盘
695,10:58:24,8.88,0.0,10,8880,买盘
696,10:58:33,8.89,0.01,15,13325,买盘
697,10:58:40,8.89,0.0,73,64897,买盘
698,10:58:42,8.89,0.0,11,9779,卖盘
699,10:58:45,8.9,0.01,1,890,买盘
700,10:58:54,8.9,0.0,75,66750,买盘
701,10:59:06,8.89,-0.01,8,7112,卖盘
702,10:59:12,8.89,0.0,8,7112,卖盘
703,10:59:15,8.89,0.0,6,5334,买盘
704,10:59:18,8.89,0.0,1,889,买盘
705,10:59:21,8.89,0.0,45,40005,买盘
706,10:59:24,8.89,0.0,69,61341,卖盘
707,10:59:27,8.89,0.0,2,1778,卖盘
708,10:59:33,8.9,0.01,142,126371,买盘
709,11:00:16,8.89,-0.01,52,46228,买盘
710,11:00:18,8.89,0.0,1,889,卖盘
711,11:00:30,8.89,0.0,17,15113,卖盘
712,11:00:36,8.88,-0.01,8,7104,卖盘
713,11:00:54,8.88,0.0,2,1776,卖盘
714,11:01:04,8.88,0.0,1,888,卖盘
715,11:01:06,8.88,0.0,4,3552,卖盘
716,11:01:09,8.88,0.0,87,77298,卖盘
717,11:01:12,8.88,0.0,26,23088,买盘
718,11:01:51,8.86,-0.02,1,886,卖盘
719,11:01:55,8.86,0.0,19,16834,卖盘
720,11:02:04,8.86,0.0,30,26580,卖盘
721,11:02:07,8.87,0.01,69,61203,买盘
722,11:02:15,8.87,0.0,1,887,买盘
723,11:02:18,8.86,-0.01,26,23036,卖盘
724,11:02:30,8.87,0.01,4,3548,买盘
725,11:02:45,8.87,0.0,1,887,买盘
726,11:02:48,8.87,0.0,1,887,买盘
727,11:02:51,8.87,0.0,25,22175,买盘
728,11:03:00,8.88,0.01,71,63048,买盘
729,11:03:03,8.88,0.0,1,888,买盘
730,11:03:10,8.87,-0.01,1,887,卖盘
731,11:03:18,8.88,0.01,1,888,买盘
732,11:03:45,8.88,0.0,18,15984,买盘
733,11:03:54,8.89,0.01,30,26670,买盘
734,11:03:57,8.89,0.0,1,889,卖盘
735,11:04:12,8.89,0.0,9,8001,卖盘
736,11:04:15,8.9,0.01,2,1779,买盘
737,11:04:18,8.9,0.0,10,8900,买盘
738,11:04:24,8.89,-0.01,31,27559,卖盘
739,11:04:39,8.89,0.0,12,10668,买盘
740,11:04:46,8.89,0.0,1,889,买盘
741,11:04:51,8.89,0.0,60,53340,买盘
742,11:04:54,8.89,0.0,2,1778,卖盘
743,11:05:15,8.88,-0.01,65,57725,卖盘
744,11:05:45,8.89,0.01,72,64008,买盘
745,11:06:15,8.88,-0.01,32,28417,卖盘
746,11:06:21,8.88,0.0,1,888,卖盘
747,11:06:42,8.89,0.01,42,37338,买盘
748,11:06:54,8.89,0.0,9,8001,卖盘
749,11:06:58,8.89,0.0,4,3556,卖盘
750,11:07:00,8.89,0.0,14,12446,卖盘
751,11:07:15,8.89,0.0,1,889,买盘
752,11:07:18,8.89,0.0,1,889,买盘
753,11:07:36,8.89,0.0,82,72886,买盘
754,11:07:39,8.88,-0.01,6,5328,卖盘
755,11:07:42,8.88,0.0,3,2664,卖盘
756,11:07:45,8.89,0.01,4,3553,买盘
757,11:07:48,8.89,0.0,1,889,买盘
758,11:07:54,8.89,0.0,6,5329,买盘
759,11:07:57,8.88,-0.01,3,2664,卖盘
760,11:08:00,8.88,0.0,22,19536,卖盘
761,11:08:30,8.88,0.0,70,62160,买盘
762,11:09:12,8.87,-0.01,8,7096,卖盘
763,11:09:22,8.87,0.0,3,2661,买盘
764,11:09:25,8.87,0.0,63,55881,买盘
765,11:09:51,8.88,0.01,3,2664,买盘
766,11:10:12,8.86,-0.02,161,142670,卖盘
767,11:10:15,8.86,0.0,40,35440,买盘
768,11:10:21,8.86,0.0,74,65564,买盘
769,11:10:24,8.86,0.0,530,469580,买盘
770,11:10:42,8.87,0.01,7,6209,中性盘
771,11:10:57,8.87,0.0,1,887,卖盘
772,11:11:15,8.88,0.01,72,63936,买盘
773,11:11:51,8.88,0.0,1,888,买盘
774,11:11:54,8.87,-0.01,38,33706,卖盘
775,11:12:00,8.87,0.0,1,887,卖盘
776,11:12:12,8.88,0.01,67,59496,买盘
777,11:12:21,8.88,0.0,1,888,买盘
778,11:12:33,8.87,-0.01,5,4435,卖盘
779,11:12:52,8.87,0.0,3,2661,买盘
780,11:13:06,8.87,0.0,65,57655,买盘
781,11:13:12,8.86,-0.01,65,57598,卖盘
782,11:14:00,8.87,0.01,50,44350,买盘
783,11:14:19,8.87,0.0,23,20401,卖盘
784,11:14:22,8.86,-0.01,147,130242,卖盘
785,11:14:25,8.85,-0.01,63,55815,卖盘
786,11:14:30,8.85,0.0,20,17700,买盘
787,11:14:54,8.87,0.02,164,145365,买盘
788,11:14:57,8.86,-0.01,73,64681,卖盘
789,11:15:07,8.86,0.0,32,28352,买盘
790,11:15:10,8.86,0.0,2,1772,卖盘
791,11:15:21,8.87,0.01,2,1774,买盘
792,11:15:51,8.87,0.0,1,887,买盘
793,11:15:57,8.87,0.0,1,887,卖盘
794,11:16:00,8.87,0.0,57,50559,卖盘
795,11:16:04,8.87,0.0,6,5322,卖盘
796,11:16:09,8.87,0.0,4,3548,卖盘
797,11:16:24,8.88,0.01,2,1776,买盘
798,11:16:45,8.88,0.0,69,61272,买盘
799,11:17:09,8.86,-0.02,65,57591,卖盘
800,11:17:24,8.87,0.01,7,6209,买盘
801,11:17:39,8.87,0.0,1,887,买盘
802,11:17:54,8.88,0.01,1,888,买盘
803,11:18:04,8.87,-0.01,3,2661,卖盘
804,11:18:15,8.87,0.0,3,2661,卖盘
805,11:18:36,8.88,0.01,73,64824,买盘
806,11:18:54,8.88,0.0,2,1776,买盘
807,11:19:04,8.87,-0.01,50,44350,卖盘
808,11:19:18,8.87,0.0,9,7983,卖盘
809,11:19:21,8.87,0.0,1,887,卖盘
810,11:19:24,8.88,0.01,1,888,买盘
811,11:19:45,8.87,-0.01,5,4435,卖盘
812,11:20:24,8.88,0.01,158,140068,买盘
813,11:20:27,8.87,-0.01,68,60381,中性盘
814,11:20:45,8.86,-0.01,1,886,卖盘
815,11:20:55,8.87,0.01,5,4435,买盘
816,11:21:04,8.86,-0.01,129,114294,卖盘
817,11:21:09,8.86,0.0,9,7974,卖盘
818,11:21:21,8.87,0.01,71,62977,买盘
819,11:21:40,8.87,0.0,14,12418,买盘
820,11:21:54,8.87,0.0,30,26610,卖盘
821,11:21:57,8.88,0.01,4,3552,买盘
822,11:22:01,8.87,-0.01,25,22175,卖盘
823,11:22:09,8.87,0.0,20,17740,卖盘
824,11:22:15,8.88,0.01,74,65712,买盘
825,11:22:21,8.87,-0.01,10,8870,卖盘
826,11:22:24,8.88,0.01,1,888,买盘
827,11:22:27,8.88,0.0,1,888,买盘
828,11:22:36,8.86,-0.02,33,29260,卖盘
829,11:22:57,8.88,0.02,2,1776,买盘
830,11:23:09,8.87,-0.01,1,887,买盘
831,11:23:12,8.87,0.0,2,1774,卖盘
832,11:23:15,8.87,0.0,3,2661,卖盘
833,11:23:24,8.88,0.01,6,5328,买盘
834,11:23:27,8.87,-0.01,4,3548,卖盘
835,11:23:30,8.87,0.0,6,5322,卖盘
836,11:23:36,8.87,0.0,1,887,卖盘
837,11:23:39,8.87,0.0,2,1774,卖盘
838,11:23:42,8.88,0.01,3,2664,买盘
839,11:23:52,8.87,-0.01,1,887,卖盘
840,11:23:58,8.88,0.01,4,3552,买盘
841,11:24:06,8.88,0.0,71,63045,买盘
842,11:24:09,8.87,-0.01,22,19514,卖盘
843,11:24:36,8.87,0.0,1,887,卖盘
844,11:25:00,8.88,0.01,71,63048,买盘
845,11:25:04,8.86,-0.02,28,24835,卖盘
846,11:25:15,8.89,0.03,1974,1754506,买盘
847,11:25:18,8.86,-0.03,89,78931,卖盘
848,11:25:21,8.87,0.01,140,124180,中性盘
849,11:25:27,8.9,0.03,1,890,买盘
850,11:25:57,8.9,0.0,17,15115,买盘
851,11:26:00,8.89,-0.01,53,47117,卖盘
852,11:26:27,8.89,0.0,9,8001,买盘
853,11:26:30,8.88,-0.01,40,35520,卖盘
854,11:26:36,8.89,0.01,2,1778,买盘
855,11:26:39,8.89,0.0,8,7112,卖盘
856,11:26:51,8.89,0.0,11,9779,买盘
857,11:26:57,8.9,0.01,4,3560,买盘
858,11:27:00,8.89,-0.01,41,36449,卖盘
859,11:27:15,8.89,0.0,11,9779,卖盘
860,11:27:24,8.89,0.0,1,889,卖盘
861,11:27:27,8.9,0.01,10,8899,买盘
862,11:27:30,8.88,-0.02,31,27532,卖盘
863,11:27:45,8.89,0.01,1,889,买盘
864,11:27:51,8.89,0.0,8,7112,卖盘
865,11:27:57,8.9,0.01,5,4450,买盘
866,11:28:00,8.89,-0.01,43,38227,卖盘
867,11:28:15,8.89,0.0,17,15113,卖盘
868,11:28:27,8.9,0.01,4,3560,买盘
869,11:28:30,8.86,-0.04,29,25717,卖盘
870,11:28:33,8.86,0.0,20,17720,买盘
871,11:28:36,8.88,0.02,7,6217,中性盘
872,11:28:57,8.88,0.0,5,4440,买盘
873,11:29:00,8.87,-0.01,42,37255,卖盘
874,11:29:27,8.89,0.02,6,5334,买盘
875,11:29:30,8.86,-0.03,41,36357,卖盘
876,11:29:39,8.89,0.03,1,889,买盘
877,11:29:42,8.87,-0.02,15,13305,卖盘
878,11:29:57,8.89,0.02,6,5334,买盘
879,11:30:01,8.88,-0.01,25,22200,卖盘
880,13:00:04,8.88,0.0,11,9768,卖盘
881,13:00:07,8.88,0.0,202,179658,买盘
882,13:00:21,8.88,0.0,4,3552,买盘
883,13:00:24,8.85,-0.03,16,14161,卖盘
884,13:00:27,8.88,0.03,3,2664,买盘
885,13:00:36,8.86,-0.02,13,11518,卖盘
886,13:00:39,8.87,0.01,22,19503,买盘
887,13:00:42,8.86,-0.01,42,37248,卖盘
888,13:00:46,8.87,0.01,1,887,买盘
889,13:00:49,8.87,0.0,1,887,买盘
890,13:00:51,8.87,0.0,17,15079,买盘
891,13:00:57,8.87,0.0,1,887,买盘
892,13:01:18,8.86,-0.01,10,8860,卖盘
893,13:01:21,8.86,0.0,53,46958,卖盘
894,13:01:27,8.87,0.01,17,15079,买盘
895,13:01:42,8.87,0.0,52,46124,卖盘
896,13:01:51,8.86,-0.01,1,886,卖盘
897,13:01:54,8.86,0.0,45,39870,卖盘
898,13:01:57,8.86,0.0,66,58476,卖盘
899,13:02:00,8.87,0.01,3,2661,中性盘
900,13:02:12,8.85,-0.02,19,16815,卖盘
901,13:02:21,8.85,0.0,132,116683,买盘
902,13:02:24,8.81,-0.04,43,37901,卖盘
903,13:02:36,8.83,0.02,1,883,买盘
904,13:02:42,8.83,0.0,3,2650,中性盘
905,13:02:57,8.84,0.01,46,40664,买盘
906,13:03:00,8.82,-0.02,50,44102,卖盘
907,13:03:09,8.83,0.01,8,7064,卖盘
908,13:03:18,8.84,0.01,14,12199,买盘
909,13:03:24,8.85,0.01,198,175230,买盘
910,13:03:27,8.89,0.04,12,10636,买盘
911,13:03:30,8.85,-0.04,20,17702,卖盘
912,13:03:33,8.85,0.0,11,9735,买盘
913,13:04:24,8.86,0.01,73,64678,卖盘
914,13:04:27,8.84,-0.02,55,48620,卖盘
915,13:04:30,8.86,0.02,2,1772,买盘
916,13:04:48,8.81,-0.05,64,56405,卖盘
917,13:04:51,8.8,-0.01,41,36106,卖盘
918,13:05:00,8.84,0.04,1,884,买盘
919,13:05:09,8.82,-0.02,18,15897,卖盘
920,13:05:24,8.85,0.03,2,1770,中性盘
921,13:05:27,8.85,0.0,48,42480,卖盘
922,13:05:31,8.85,0.0,10,8854,卖盘
923,13:05:45,8.85,0.0,1,885,卖盘
924,13:05:48,8.85,0.0,3,2655,卖盘
925,13:05:54,8.85,0.0,119,105315,卖盘
926,13:05:57,8.85,0.0,69,61065,卖盘
927,13:06:00,8.85,0.0,46,40718,中性盘
928,13:06:04,8.85,0.0,1,885,卖盘
929,13:06:09,8.85,0.0,8,7080,卖盘
930,13:06:21,8.85,0.0,100,88500,卖盘
931,13:06:24,8.85,0.0,45,39825,卖盘
932,13:06:34,8.85,0.0,100,88500,卖盘
933,13:06:39,8.85,0.0,128,113280,卖盘
934,13:06:42,8.85,0.0,133,117705,买盘
935,13:06:48,8.85,0.0,175,154864,买盘
936,13:06:51,8.84,-0.01,37,32741,卖盘
937,13:06:57,8.86,0.02,2,1772,买盘
938,13:07:09,8.85,-0.01,171,151335,卖盘
939,13:07:12,8.85,0.0,438,387630,买盘
940,13:07:27,8.85,0.0,300,265500,卖盘
941,13:07:30,8.85,0.0,49,43366,卖盘
942,13:07:33,8.85,0.0,1,885,卖盘
943,13:07:48,8.85,0.0,113,100005,卖盘
944,13:07:51,8.85,0.0,100,88470,买盘
945,13:07:54,8.84,-0.01,10,8840,卖盘
946,13:07:57,8.84,0.0,1,884,卖盘
947,13:08:00,8.84,0.0,4,3536,卖盘
948,13:08:10,8.84,0.0,7,6188,卖盘
949,13:08:21,8.84,0.0,3,2652,买盘
950,13:08:24,8.82,-0.02,32,28226,卖盘
951,13:08:30,8.84,0.02,61,53924,买盘
952,13:08:33,8.84,0.0,23,20332,卖盘
953,13:08:36,8.84,0.0,2,1768,卖盘
954,13:08:45,8.85,0.01,2,1770,买盘
955,13:08:48,8.85,0.0,23,20355,买盘
956,13:09:00,8.86,0.01,1,886,买盘
957,13:09:04,8.85,-0.01,1,885,卖盘
958,13:09:09,8.85,0.0,8,7080,卖盘
959,13:09:16,8.86,0.01,821,727405,买盘
960,13:09:27,8.86,0.0,115,101890,买盘
961,13:09:30,8.85,-0.01,100,88557,卖盘
962,13:09:39,8.86,0.01,3,2658,中性盘
963,13:09:42,8.86,0.0,4,3544,买盘
964,13:09:55,8.86,0.0,70,62020,卖盘
965,13:10:00,8.86,0.0,4,3544,买盘
966,13:10:30,8.85,-0.01,8,7080,买盘
967,13:10:33,8.84,-0.01,100,88400,卖盘
968,13:10:36,8.85,0.01,73,64605,买盘
969,13:10:54,8.85,0.0,1,885,买盘
970,13:10:57,8.84,-0.01,80,70720,卖盘
971,13:11:00,8.84,0.0,5,4420,买盘
972,13:11:09,8.83,-0.01,8,7064,卖盘
973,13:11:15,8.82,-0.01,500,441013,卖盘
974,13:11:24,8.84,0.02,5,4420,买盘
975,13:11:30,8.84,0.0,1,884,买盘
976,13:11:51,8.83,-0.01,26,22958,卖盘
977,13:12:00,8.84,0.01,1,884,买盘
978,13:12:09,8.83,-0.01,8,7064,卖盘
979,13:12:12,8.83,0.0,36,31788,卖盘
980,13:12:27,8.83,0.0,69,60927,买盘
981,13:13:07,8.83,0.0,1,883,买盘
982,13:13:10,8.82,-0.01,8,7056,卖盘
983,13:13:21,8.83,0.01,69,60927,买盘
984,13:13:27,8.81,-0.02,356,313959,卖盘
985,13:13:30,8.83,0.02,5,4415,买盘
986,13:13:36,8.83,0.0,20,17660,买盘
987,13:13:39,8.83,0.0,25,22075,买盘
988,13:13:45,8.83,0.0,333,293831,买盘
989,13:13:51,8.82,-0.01,66,58228,卖盘
990,13:14:03,8.83,0.01,1,883,买盘
991,13:14:15,8.84,0.01,1,884,买盘
992,13:14:18,8.84,0.0,6,5304,卖盘
993,13:14:21,8.84,0.0,4,3536,卖盘
994,13:14:30,8.85,0.01,4,3540,买盘
995,13:14:57,8.84,-0.01,1,884,卖盘
996,13:15:00,8.84,0.0,4,3538,卖盘
997,13:15:09,8.84,0.0,30,26520,卖盘
998,13:15:12,8.85,0.01,74,65489,买盘
999,13:15:30,8.85,0.0,5,4425,买盘
1000,13:16:06,8.85,0.0,62,54870,买盘
1001,13:16:09,8.84,-0.01,20,17692,卖盘
1002,13:16:12,8.82,-0.02,64,56489,卖盘
1003,13:16:33,8.85,0.03,6,5310,买盘
1004,13:16:54,8.83,-0.02,9,7947,卖盘
1005,13:17:04,8.85,0.02,3,2655,买盘
1006,13:17:09,8.84,-0.01,8,7072,卖盘
1007,13:17:33,8.85,0.01,1,885,买盘
1008,13:17:36,8.82,-0.03,72,63638,卖盘
1009,13:17:57,8.83,0.01,17,15011,中性盘
1010,13:18:04,8.84,0.01,1,884,买盘
1011,13:18:09,8.83,-0.01,8,7064,卖盘
1012,13:18:21,8.83,0.0,3,2649,卖盘
1013,13:18:33,8.84,0.01,2,1768,买盘
1014,13:18:51,8.84,0.0,69,60996,买盘
1015,13:19:03,8.84,0.0,4,3536,买盘
1016,13:19:48,8.84,0.0,70,61880,买盘
1017,13:20:09,8.82,-0.02,508,448108,卖盘
1018,13:20:39,8.82,0.0,70,61740,卖盘
1019,13:20:42,8.83,0.01,69,60927,买盘
1020,13:21:09,8.82,-0.01,9,7938,卖盘
1021,13:21:13,8.81,-0.01,65,57269,卖盘
1022,13:21:36,8.82,0.01,50,44100,买盘
1023,13:21:39,8.82,0.0,10,8820,买盘
1024,13:21:42,8.83,0.01,131,115673,买盘
1025,13:21:45,8.83,0.0,1,883,买盘
1026,13:22:12,8.84,0.01,1,884,买盘
1027,13:22:33,8.84,0.0,69,60996,买盘
1028,13:22:51,8.83,-0.01,2,1766,卖盘
1029,13:23:09,8.83,0.0,8,7064,卖盘
1030,13:23:24,8.84,0.01,81,71597,买盘
1031,13:23:27,8.85,0.01,74,65489,买盘
1032,13:23:45,8.85,0.0,4,3540,买盘
1033,13:23:48,8.84,-0.01,239,211276,卖盘
1034,13:24:04,8.84,0.0,3,2652,买盘
1035,13:24:06,8.84,0.0,62,54808,买盘
1036,13:24:21,8.85,0.01,142,125670,买盘
1037,13:24:42,8.84,-0.01,20,17680,卖盘
1038,13:25:10,8.84,0.0,8,7072,卖盘
1039,13:25:18,8.85,0.01,68,60180,买盘
1040,13:25:39,8.85,0.0,3,2655,买盘
1041,13:25:52,8.84,-0.01,38,33592,卖盘
1042,13:25:55,8.84,0.0,9,7956,卖盘
1043,13:26:01,8.84,0.0,183,161772,卖盘
1044,13:26:09,8.82,-0.02,8,7056,卖盘
1045,13:27:06,8.84,0.02,74,65416,买盘
1046,13:27:09,8.83,-0.01,8,7064,卖盘
1047,13:27:12,8.84,0.01,4,3536,买盘
1048,13:27:51,8.83,-0.01,70,61810,卖盘
1049,13:28:03,8.84,0.01,28,24752,买盘
1050,13:28:19,8.82,-0.02,150,132388,卖盘
1051,13:28:42,8.84,0.02,1,884,买盘
1052,13:28:57,8.85,0.01,74,65490,买盘
1053,13:29:06,8.85,0.0,5,4425,买盘
1054,13:29:10,8.84,-0.01,8,7072,卖盘
1055,13:29:13,8.85,0.01,17,15045,买盘
1056,13:29:51,8.85,0.0,18,15930,买盘
1057,13:29:54,8.85,0.0,52,46020,买盘
1058,13:30:06,8.85,0.0,2,1770,买盘
1059,13:30:10,8.84,-0.01,8,7072,卖盘
1060,13:30:21,8.85,0.01,2,1770,买盘
1061,13:30:24,8.84,-0.01,1,884,卖盘
1062,13:30:36,8.85,0.01,1,885,买盘
1063,13:30:49,8.85,0.0,107,94656,买盘
1064,13:30:57,8.84,-0.01,16,14144,卖盘
1065,13:31:00,8.85,0.01,30,26546,买盘
1066,13:31:10,8.85,0.0,13,11505,买盘
1067,13:31:25,8.85,0.0,4,3540,买盘
1068,13:31:27,8.83,-0.02,8,7071,卖盘
1069,13:31:33,8.85,0.02,1,885,买盘
1070,13:31:39,8.85,0.0,2,1770,买盘
1071,13:31:42,8.84,-0.01,1,884,中性盘
1072,13:31:48,8.85,0.01,1,885,买盘
1073,13:31:51,8.84,-0.01,1,884,卖盘
1074,13:31:54,8.84,0.0,1,884,卖盘
1075,13:31:57,8.85,0.01,1,885,买盘
1076,13:32:00,8.84,-0.01,21,18564,卖盘
1077,13:32:09,8.84,0.0,8,7072,卖盘
1078,13:32:12,8.85,0.01,18,15930,买盘
1079,13:32:21,8.85,0.0,8,7080,买盘
1080,13:32:36,8.85,0.0,70,61950,买盘
1081,13:32:39,8.85,0.0,84,74339,买盘
1082,13:32:42,8.85,0.0,23,20355,买盘
1083,13:32:45,8.85,0.0,19,16815,买盘
1084,13:32:51,8.85,0.0,36,31860,买盘
1085,13:33:00,8.85,0.0,10,8850,买盘
1086,13:33:09,8.85,0.0,3,2655,买盘
1087,13:33:12,8.85,0.0,14,12390,买盘
1088,13:33:18,8.84,-0.01,15,13260,卖盘
1089,13:33:24,8.85,0.01,9,7965,买盘
1090,13:33:33,8.84,-0.01,94,83168,卖盘
1091,13:33:36,8.83,-0.01,35,30930,卖盘
1092,13:33:39,8.86,0.03,29,25683,买盘
1093,13:33:42,8.86,0.0,10,8851,买盘
1094,13:33:48,8.86,0.0,18,15943,买盘
1095,13:33:57,8.85,-0.01,8,7080,买盘
1096,13:34:12,8.85,0.0,6,5310,买盘
1097,13:34:15,8.85,0.0,6,5312,卖盘
1098,13:34:21,8.86,0.01,2,1772,买盘
1099,13:34:27,8.86,0.0,72,63792,买盘
1100,13:34:36,8.86,0.0,26,23036,买盘
1101,13:34:42,8.86,0.0,14,12404,买盘
1102,13:34:45,8.86,0.0,8,7088,买盘
1103,13:34:51,8.86,0.0,4,3544,买盘
1104,13:35:00,8.86,0.0,3,2658,买盘
1105,13:35:04,8.83,-0.03,64,56571,卖盘
1106,13:35:09,8.83,0.0,8,7066,中性盘
1107,13:35:12,8.85,0.02,20,17700,买盘
1108,13:35:16,8.85,0.0,21,18585,买盘
1109,13:35:24,8.85,0.0,12,10620,买盘
1110,13:35:33,8.86,0.01,14,12393,买盘
1111,13:35:42,8.84,-0.02,90,79582,卖盘
1112,13:35:51,8.84,0.0,1,884,买盘
1113,13:35:54,8.86,0.02,25,22124,买盘
1114,13:35:58,8.86,0.0,593,525398,买盘
1115,13:36:04,8.86,0.0,124,109864,买盘
1116,13:36:12,8.86,0.0,35,31010,买盘
1117,13:36:18,8.86,0.0,68,60248,买盘
1118,13:36:21,8.86,0.0,10,8860,买盘
1119,13:36:30,8.86,0.0,21,18606,买盘
1120,13:36:34,8.86,0.0,17,15062,买盘
1121,13:36:36,8.86,0.0,1,886,卖盘
1122,13:36:45,8.87,0.01,11,9757,买盘
1123,13:36:58,8.86,-0.01,1,886,卖盘
1124,13:37:01,8.87,0.01,3,2661,买盘
1125,13:37:04,8.87,0.0,17,15079,买盘
1126,13:37:09,8.87,0.0,1,887,买盘
1127,13:37:12,8.87,0.0,69,61203,买盘
1128,13:37:18,8.87,0.0,6,5322,买盘
1129,13:37:24,8.87,0.0,21,18627,买盘
1130,13:37:33,8.87,0.0,41,36367,买盘
1131,13:37:39,8.87,0.0,12,10644,买盘
1132,13:37:48,8.87,0.0,3,2661,买盘
1133,13:37:57,8.86,-0.01,13,11519,卖盘
1134,13:38:04,8.86,0.0,38,33668,买盘
1135,13:38:06,8.87,0.01,38,33706,买盘
1136,13:38:12,8.88,0.01,21,18648,买盘
1137,13:38:22,8.88,0.0,6,5328,买盘
1138,13:38:30,8.88,0.0,2,1776,买盘
1139,13:38:34,8.88,0.0,27,23976,买盘
1140,13:38:45,8.88,0.0,8,7104,买盘
1141,13:38:48,8.87,-0.01,1,887,卖盘
1142,13:38:54,8.88,0.01,2,1776,买盘
1143,13:39:04,8.88,0.0,106,94128,买盘
1144,13:39:09,8.88,0.0,30,26640,买盘
1145,13:39:12,8.86,-0.02,100,88666,卖盘
1146,13:39:19,8.88,0.02,9,7992,买盘
1147,13:39:24,8.88,0.0,30,26640,买盘
1148,13:39:33,8.88,0.0,39,34632,买盘
1149,13:39:39,8.88,0.0,32,28416,买盘
1150,13:39:45,8.86,-0.02,34,30124,卖盘
1151,13:39:49,8.88,0.02,25,22168,买盘
1152,13:39:57,8.88,0.0,16,14206,买盘
1153,13:40:04,8.88,0.0,9,7992,买盘
1154,13:40:06,8.89,0.01,5,4445,买盘
1155,13:40:12,8.89,0.0,2,1778,买盘
1156,13:40:21,8.89,0.0,2,1778,买盘
1157,13:40:24,8.88,-0.01,1,888,卖盘
1158,13:40:27,8.88,0.0,1,888,卖盘
1159,13:40:30,8.89,0.01,1,889,买盘
1160,13:40:33,8.89,0.0,35,31112,买盘
1161,13:40:36,8.89,0.0,1,889,买盘
1162,13:40:45,8.88,-0.01,10,8880,买盘
1163,13:40:48,8.88,0.0,1,888,买盘
1164,13:40:51,8.88,0.0,2,1776,买盘
1165,13:40:54,8.88,0.0,69,61272,买盘
1166,13:40:57,8.88,0.0,82,72816,买盘
1167,13:41:01,8.89,0.01,21,18669,买盘
1168,13:41:04,8.89,0.0,13,11557,买盘
1169,13:41:09,8.89,0.0,36,31996,买盘
1170,13:41:18,8.89,0.0,14,12446,买盘
1171,13:41:30,8.88,-0.01,54,47952,卖盘
1172,13:41:33,8.88,0.0,42,37296,买盘
1173,13:41:36,8.88,0.0,16,14208,买盘
1174,13:41:42,8.89,0.01,27,24003,买盘
1175,13:41:45,8.88,-0.01,50,44400,卖盘
1176,13:41:48,8.89,0.01,72,64008,买盘
1177,13:41:51,8.89,0.0,12,10668,买盘
1178,13:41:57,8.89,0.0,34,30226,买盘
1179,13:42:00,8.88,-0.01,15,13320,卖盘
1180,13:42:04,8.89,0.01,33,29337,买盘
1181,13:42:07,8.89,0.0,13,11557,买盘
1182,13:42:10,8.88,-0.01,82,72816,卖盘
1183,13:42:12,8.89,0.01,13,11557,买盘
1184,13:42:21,8.89,0.0,31,27559,买盘
1185,13:42:31,8.89,0.0,8,7112,买盘
1186,13:42:33,8.89,0.0,12,10668,买盘
1187,13:42:39,8.88,-0.01,20,17763,卖盘
1188,13:42:42,8.88,0.0,75,66592,买盘
1189,13:42:45,8.88,0.0,143,126984,买盘
1190,13:42:54,8.89,0.01,67,59563,买盘
1191,13:43:00,8.89,0.0,18,16002,买盘
1192,13:43:06,8.89,0.0,22,19558,买盘
1193,13:43:09,8.89,0.0,44,39116,买盘
1194,13:43:19,8.89,0.0,19,16891,买盘
1195,13:43:22,8.88,-0.01,10,8880,卖盘
1196,13:43:28,8.89,0.01,16,14213,买盘
1197,13:43:30,8.88,-0.01,10,8880,卖盘
1198,13:43:33,8.89,0.01,11,9779,买盘
1199,13:43:36,8.89,0.0,36,32004,买盘
1200,13:43:39,8.89,0.0,116,103074,买盘
1201,13:43:43,8.89,0.0,17,15103,买盘
1202,13:43:51,8.89,0.0,38,33782,买盘
1203,13:43:57,8.89,0.0,10,8890,买盘
1204,13:44:03,8.88,-0.01,5,4440,卖盘
1205,13:44:06,8.89,0.01,13,11557,买盘
1206,13:44:09,8.88,-0.01,8,7104,卖盘
1207,13:44:12,8.89,0.01,127,112903,买盘
1208,13:44:22,8.9,0.01,66,58650,买盘
1209,13:44:30,8.9,0.0,19,16909,买盘
1210,13:44:33,8.9,0.0,70,62300,买盘
1211,13:44:37,8.9,0.0,20,17800,买盘
1212,13:44:39,8.89,-0.01,16,14230,卖盘
1213,13:44:45,8.9,0.01,29,25810,买盘
1214,13:44:51,8.89,-0.01,3,2667,卖盘
1215,13:44:54,8.9,0.01,9,8010,买盘
1216,13:44:57,8.88,-0.02,64,56834,卖盘
1217,13:45:04,8.9,0.02,21,18690,买盘
1218,13:45:06,8.89,-0.01,30,26670,买盘
1219,13:45:18,8.89,0.0,14,12446,买盘
1220,13:45:27,8.89,0.0,73,64897,买盘
1221,13:45:36,8.89,0.0,29,25781,买盘
1222,13:45:48,8.89,0.0,14,12441,买盘
1223,13:45:57,8.89,0.0,4,3556,买盘
1224,13:46:06,8.89,0.0,28,24892,买盘
1225,13:46:09,8.88,-0.01,17,15096,卖盘
1226,13:46:12,8.89,0.01,7,6223,买盘
1227,13:46:22,8.89,0.0,71,63119,买盘
1228,13:46:25,8.89,0.0,7,6223,买盘
1229,13:46:30,8.89,0.0,21,18668,买盘
1230,13:46:36,8.89,0.0,27,24003,买盘
1231,13:46:40,8.89,0.0,8,7112,买盘
1232,13:46:42,8.89,0.0,13,11557,买盘
1233,13:46:45,8.89,0.0,27,23983,买盘
1234,13:46:54,8.89,0.0,14,12446,买盘
1235,13:46:57,8.89,0.0,168,149352,买盘
1236,13:47:07,8.89,0.0,21,18669,买盘
1237,13:47:09,8.9,0.01,59,52485,买盘
1238,13:47:12,8.89,-0.01,11,9779,中性盘
1239,13:47:18,8.89,0.0,46,40916,买盘
1240,13:47:21,8.89,0.0,1,889,卖盘
1241,13:47:27,8.9,0.01,16,14240,买盘
1242,13:47:33,8.9,0.0,5,4450,买盘
1243,13:47:36,8.9,0.0,130,115700,买盘
1244,13:47:42,8.9,0.0,38,33820,买盘
1245,13:47:48,8.9,0.0,208,185070,买盘
1246,13:47:57,8.9,0.0,71,63190,买盘
1247,13:48:04,8.88,-0.02,64,56884,卖盘
1248,13:48:06,8.9,0.02,42,37380,买盘
1249,13:48:13,8.89,-0.01,5,4445,中性盘
1250,13:48:16,8.9,0.01,29,25810,买盘
1251,13:48:21,8.9,0.0,2,1780,买盘
1252,13:48:30,8.9,0.0,8,7120,买盘
1253,13:48:36,8.9,0.0,19,16910,买盘
1254,13:48:45,8.9,0.0,148,131720,买盘
1255,13:48:48,8.89,-0.01,50,44450,卖盘
1256,13:48:51,8.89,0.0,1,889,卖盘
1257,13:49:04,8.9,0.01,56,49840,买盘
1258,13:49:06,8.9,0.0,11,9790,买盘
1259,13:49:09,8.89,-0.01,83,73858,卖盘
1260,13:49:18,8.9,0.01,42,37378,买盘
1261,13:49:27,8.89,-0.01,11,9779,买盘
1262,13:49:33,8.89,0.0,3,2667,买盘
1263,13:49:36,8.89,0.0,11,9779,买盘
1264,13:49:39,8.89,0.0,4,3556,卖盘
1265,13:49:42,8.89,0.0,41,36449,卖盘
1266,13:49:51,8.89,0.0,16,14224,买盘
1267,13:49:57,8.89,0.0,4,3556,买盘
1268,13:50:03,8.89,0.0,71,63119,买盘
1269,13:50:06,8.89,0.0,33,29337,买盘
1270,13:50:12,8.89,0.0,20,17780,买盘
1271,13:50:15,8.89,0.0,29,25781,买盘
1272,13:50:21,8.89,0.0,5,4445,买盘
1273,13:50:30,8.89,0.0,10,8890,买盘
1274,13:50:36,8.89,0.0,22,19558,买盘
1275,13:50:39,8.89,0.0,3,2667,买盘
1276,13:50:45,8.89,0.0,7,6223,买盘
1277,13:50:48,8.88,-0.01,327,290376,卖盘
1278,13:50:54,8.89,0.01,2,1778,买盘
1279,13:50:57,8.89,0.0,220,195430,买盘
1280,13:51:03,8.89,0.0,100,88900,买盘
1281,13:51:06,8.89,0.0,34,30226,买盘
1282,13:51:09,8.88,-0.01,8,7104,卖盘
1283,13:51:12,8.89,0.01,28,24892,买盘
1284,13:51:15,8.85,-0.04,64,56686,卖盘
1285,13:51:21,8.88,0.03,20,17760,中性盘
1286,13:51:24,8.89,0.01,5,4441,买盘
1287,13:51:27,8.89,0.0,19,16890,买盘
1288,13:51:36,8.89,0.0,42,37338,买盘
1289,13:51:51,8.89,0.0,30,26670,买盘
1290,13:51:54,8.89,0.0,52,46228,买盘
1291,13:52:00,8.89,0.0,8,7112,买盘
1292,13:52:04,8.88,-0.01,36,31968,卖盘
1293,13:52:06,8.89,0.01,28,24878,买盘
1294,13:52:09,8.87,-0.02,3,2661,卖盘
1295,13:52:12,8.87,0.0,6,5322,买盘
1296,13:52:15,8.89,0.02,18,16002,买盘
1297,13:52:25,8.89,0.0,7,6223,买盘
1298,13:52:36,8.89,0.0,19,16891,买盘
1299,13:52:39,8.89,0.0,2,1778,买盘
1300,13:52:45,8.89,0.0,6,5334,买盘
1301,13:52:48,8.89,0.0,68,60452,买盘
1302,13:52:54,8.89,0.0,21,18669,买盘
1303,13:52:57,8.89,0.0,22,19558,买盘
1304,13:53:03,8.89,0.0,6,5334,买盘
1305,13:53:06,8.89,0.0,176,156464,买盘
1306,13:53:09,8.88,-0.01,8,7104,卖盘
1307,13:53:12,8.88,0.0,8,7104,买盘
1308,13:53:18,8.89,0.01,53,47102,买盘
1309,13:53:27,8.89,0.0,15,13335,买盘
1310,13:53:31,8.89,0.0,23,20447,买盘
1311,13:53:36,8.89,0.0,36,32004,买盘
1312,13:53:42,8.89,0.0,82,72898,买盘
1313,13:53:48,8.89,0.0,14,12446,买盘
1314,13:53:51,8.88,-0.01,143,127007,卖盘
1315,13:54:00,8.89,0.01,44,39116,买盘
1316,13:54:04,8.89,0.0,50,44450,买盘
1317,13:54:06,8.89,0.0,61,54229,买盘
1318,13:54:12,8.88,-0.01,19,16872,卖盘
1319,13:54:15,8.89,0.01,104,92456,买盘
1320,13:54:24,8.89,0.0,51,45339,买盘
1321,13:54:33,8.89,0.0,1,889,买盘
1322,13:54:36,8.89,0.0,123,109347,买盘
1323,13:54:39,8.89,0.0,84,74676,买盘
1324,13:54:42,8.89,0.0,13,11557,买盘
1325,13:54:45,8.89,0.0,95,84418,买盘
1326,13:54:48,8.89,0.0,23,20447,买盘
1327,13:54:51,8.89,0.0,71,63119,买盘
1328,13:54:54,8.89,0.0,37,32893,买盘
1329,13:54:57,8.88,-0.01,210,186480,卖盘
1330,13:55:00,8.89,0.01,14,12446,买盘
1331,13:55:03,8.89,0.0,30,26670,买盘
1332,13:55:06,8.89,0.0,23,20447,买盘
1333,13:55:09,8.88,-0.01,8,7104,卖盘
1334,13:55:12,8.89,0.01,71,63119,买盘
1335,13:55:18,8.89,0.0,14,12446,买盘
1336,13:55:21,8.89,0.0,9,8001,买盘
1337,13:55:24,8.89,0.0,56,49784,买盘
1338,13:55:27,8.89,0.0,26,23114,买盘
1339,13:55:33,8.89,0.0,71,63119,买盘
1340,13:55:36,8.89,0.0,53,47117,买盘
1341,13:55:39,8.88,-0.01,2,1776,卖盘
1342,13:55:42,8.89,0.01,70,62230,买盘
1343,13:55:46,8.89,0.0,2,1778,中性盘
1344,13:55:48,8.89,0.0,8,7112,买盘
1345,13:55:51,8.89,0.0,34,30246,卖盘
1346,13:55:54,8.9,0.01,14,12460,买盘
1347,13:56:00,8.9,0.0,16,14240,买盘
1348,13:56:03,8.9,0.0,58,51580,买盘
1349,13:56:09,8.9,0.0,10,8900,买盘
1350,13:56:12,8.9,0.0,13,11570,买盘
1351,13:56:15,8.9,0.0,24,21360,买盘
1352,13:56:18,8.89,-0.01,2,1778,卖盘
1353,13:56:24,8.9,0.01,10,8900,买盘
1354,13:56:27,8.9,0.0,71,63190,买盘
1355,13:56:30,8.9,0.0,18,16020,买盘
1356,13:56:33,8.89,-0.01,2,1778,卖盘
1357,13:56:39,8.9,0.01,43,38270,买盘
1358,13:56:45,8.9,0.0,6,5340,买盘
1359,13:56:49,8.9,0.0,27,24030,买盘
1360,13:56:58,8.9,0.0,9,8010,买盘
1361,13:57:03,8.9,0.0,3,2670,买盘
1362,13:57:06,8.9,0.0,14,12460,买盘
1363,13:57:09,8.89,-0.01,37,32922,卖盘
1364,13:57:22,8.9,0.01,19,16910,买盘
1365,13:57:25,8.9,0.0,79,70310,买盘
1366,13:57:30,8.9,0.0,164,145960,买盘
1367,13:57:36,8.9,0.0,125,111250,买盘
1368,13:57:39,8.9,0.0,23,20470,买盘
1369,13:57:42,8.89,-0.01,7,6224,卖盘
1370,13:57:45,8.9,0.01,48,42720,买盘
1371,13:57:49,8.9,0.0,75,66676,买盘
1372,13:57:51,8.9,0.0,22,19580,买盘
1373,13:58:00,8.9,0.0,27,24030,买盘
1374,13:58:03,8.89,-0.01,168,149352,卖盘
1375,13:58:06,8.89,0.0,23,20447,买盘
1376,13:58:09,8.89,0.0,40,35552,买盘
1377,13:58:15,8.89,0.0,59,52451,买盘
1378,13:58:18,8.89,0.0,29,25781,买盘
1379,13:58:24,8.89,0.0,97,86291,卖盘
1380,13:58:27,8.89,0.0,1,889,买盘
1381,13:58:39,8.9,0.01,43,38255,买盘
1382,13:58:42,8.9,0.0,22,19580,买盘
1383,13:58:48,8.9,0.0,12,10680,买盘
1384,13:58:51,8.89,-0.01,1,889,卖盘
1385,13:58:57,8.89,0.0,20,17789,卖盘
1386,13:59:00,8.9,0.01,22,19580,买盘
1387,13:59:04,8.9,0.0,12,10680,买盘
1388,13:59:09,8.9,0.0,33,29370,买盘
1389,13:59:12,8.9,0.0,4,3560,买盘
1390,13:59:18,8.9,0.0,23,20470,买盘
1391,13:59:22,8.9,0.0,10,8900,买盘
1392,13:59:25,8.89,-0.01,20,17780,卖盘
1393,13:59:27,8.9,0.01,9,8010,买盘
1394,13:59:33,8.9,0.0,15,13337,买盘
1395,13:59:36,8.9,0.0,22,19580,买盘
1396,13:59:39,8.9,0.0,60,53380,买盘
1397,13:59:42,8.9,0.0,11,9790,买盘
1398,13:59:45,8.89,-0.01,28,24892,卖盘
1399,13:59:51,8.89,0.0,32,28448,买盘
1400,13:59:54,8.89,0.0,22,19558,买盘
1401,14:00:00,8.89,0.0,9,8001,买盘
1402,14:00:09,8.88,-0.01,111,98671,卖盘
1403,14:00:12,8.89,0.01,28,24891,买盘
1404,14:00:16,8.89,0.0,31,27559,买盘
1405,14:00:24,8.89,0.0,17,15113,买盘
1406,14:00:30,8.89,0.0,23,20447,买盘
1407,14:00:33,8.9,0.01,4,3557,买盘
1408,14:00:39,8.89,-0.01,21,18669,中性盘
1409,14:00:42,8.89,0.0,8,7112,买盘
1410,14:00:48,8.89,0.0,22,19558,买盘
1411,14:00:51,8.89,0.0,6,5334,买盘
1412,14:00:55,8.89,0.0,10,8890,买盘
1413,14:00:57,8.89,0.0,4,3556,买盘
1414,14:01:01,8.88,-0.01,6,5328,卖盘
1415,14:01:04,8.89,0.01,76,67561,买盘
1416,14:01:06,8.89,0.0,10,8890,买盘
1417,14:01:09,8.89,0.0,41,36449,买盘
1418,14:01:16,8.89,0.0,23,20447,买盘
1419,14:01:22,8.89,0.0,20,17780,买盘
1420,14:01:25,8.89,0.0,23,20447,买盘
1421,14:01:30,8.89,0.0,6,5334,买盘
1422,14:01:34,8.88,-0.01,8,7104,卖盘
1423,14:01:36,8.89,0.01,7,6223,买盘
1424,14:01:40,8.89,0.0,20,17780,买盘
1425,14:01:43,8.89,0.0,22,19558,买盘
1426,14:01:46,8.89,0.0,11,9779,买盘
1427,14:01:54,8.89,0.0,9,8001,买盘
1428,14:01:58,8.89,0.0,70,62230,买盘
1429,14:02:01,8.89,0.0,23,20447,买盘
1430,14:02:10,8.89,0.0,45,39997,买盘
1431,14:02:15,8.89,0.0,6,5334,买盘
1432,14:02:18,8.89,0.0,22,19558,买盘
1433,14:02:25,8.89,0.0,13,11557,买盘
1434,14:02:28,8.88,-0.01,10,8880,卖盘
1435,14:02:37,8.89,0.01,22,19558,买盘
1436,14:02:40,8.89,0.0,38,33782,买盘
1437,14:02:43,8.88,-0.01,50,44400,卖盘
1438,14:02:51,8.89,0.01,2,1778,买盘
1439,14:02:54,8.89,0.0,94,83566,买盘
1440,14:02:57,8.88,-0.01,10,8880,卖盘
1441,14:03:09,8.89,0.01,27,23995,买盘
1442,14:03:13,8.88,-0.01,32,28439,卖盘
1443,14:03:18,8.89,0.01,3,2667,买盘
1444,14:03:22,8.89,0.0,614,545346,买盘
1445,14:03:27,8.88,-0.01,8,7104,卖盘
1446,14:03:30,8.89,0.01,222,197158,买盘
1447,14:03:36,8.89,0.0,140,124460,买盘
1448,14:03:39,8.89,0.0,149,132461,买盘
1449,14:03:42,8.88,-0.01,103,91492,卖盘
1450,14:03:49,8.9,0.02,67,59606,买盘
1451,14:03:51,8.89,-0.01,10,8890,卖盘
1452,14:04:07,8.89,0.0,1,889,卖盘
1453,14:04:09,8.9,0.01,44,39160,买盘
1454,14:04:12,8.89,-0.01,33,29337,卖盘
1455,14:04:19,8.89,0.0,3,2667,买盘
1456,14:04:24,8.89,0.0,23,20447,买盘
1457,14:04:30,8.89,0.0,30,26670,买盘
1458,14:04:39,8.89,0.0,33,29337,买盘
1459,14:04:42,8.89,0.0,93,82677,买盘
1460,14:05:04,8.89,0.0,22,19558,买盘
1461,14:05:10,8.89,0.0,35,31107,买盘
1462,14:05:12,8.89,0.0,5,4445,买盘
1463,14:05:18,8.89,0.0,22,19558,买盘
1464,14:05:21,8.89,0.0,6,5334,买盘
1465,14:05:28,8.89,0.0,55,48895,买盘
1466,14:05:31,8.89,0.0,32,28448,买盘
1467,14:05:34,8.89,0.0,28,24892,买盘
1468,14:05:36,8.89,0.0,115,102235,买盘
1469,14:05:39,8.9,0.01,36,32040,买盘
1470,14:05:43,8.9,0.0,346,307871,买盘
1471,14:05:46,8.9,0.0,411,365790,买盘
1472,14:05:49,8.89,-0.01,693,616736,卖盘
1473,14:05:52,8.89,0.0,106,94234,买盘
1474,14:05:55,8.89,0.0,23,20447,买盘
1475,14:06:01,8.89,0.0,31,27559,买盘
1476,14:06:04,8.89,0.0,5,4445,买盘
1477,14:06:09,8.89,0.0,31,27559,买盘
1478,14:06:13,8.89,0.0,131,116459,买盘
1479,14:06:22,8.89,0.0,30,26670,买盘
1480,14:06:25,8.89,0.0,6,5334,买盘
1481,14:06:28,8.9,0.01,203,180559,买盘
1482,14:06:31,8.9,0.0,23,20470,买盘
1483,14:06:39,8.9,0.0,17,15130,买盘
1484,14:06:42,8.9,0.0,9,8010,买盘
1485,14:06:46,8.9,0.0,30,26700,买盘
1486,14:06:48,8.9,0.0,21,18690,买盘
1487,14:06:51,8.9,0.0,3,2670,买盘
1488,14:06:55,8.9,0.0,49,43610,买盘
1489,14:07:06,8.9,0.0,23,20470,买盘
1490,14:07:10,8.89,-0.01,7,6223,卖盘
1491,14:07:25,8.9,0.01,44,39160,买盘
1492,14:07:28,8.9,0.0,69,61410,买盘
1493,14:07:36,8.89,-0.01,3,2667,卖盘
1494,14:07:42,8.9,0.01,23,20469,买盘
1495,14:07:45,8.9,0.0,33,29370,买盘
1496,14:07:54,8.9,0.0,18,16020,买盘
1497,14:08:00,8.9,0.0,3,2670,买盘
1498,14:08:04,8.9,0.0,22,19580,买盘
1499,14:08:07,8.89,-0.01,14,12446,卖盘
1500,14:08:09,8.89,0.0,32,28472,卖盘
1501,14:08:19,8.89,0.0,54,48006,卖盘
1502,14:08:21,8.88,-0.01,24,21334,卖盘
1503,14:08:24,8.89,0.01,96,85344,买盘
1504,14:08:30,8.89,0.0,22,19558,买盘
1505,14:08:37,8.89,0.0,13,11557,买盘
1506,14:08:39,8.89,0.0,10,8890,买盘
1507,14:08:42,8.89,0.0,160,142240,买盘
1508,14:08:51,8.89,0.0,46,40894,买盘
1509,14:08:54,8.89,0.0,24,21336,买盘
1510,14:08:58,8.89,0.0,23,20447,买盘
1511,14:09:00,8.89,0.0,168,149352,买盘
1512,14:09:06,8.88,-0.01,40,35520,卖盘
1513,14:09:10,8.88,0.0,11,9771,卖盘
1514,14:09:13,8.89,0.01,22,19558,买盘
1515,14:09:16,8.89,0.0,22,19558,买盘
1516,14:09:18,8.89,0.0,69,61341,买盘
1517,14:09:24,8.89,0.0,15,13335,买盘
1518,14:09:28,8.88,-0.01,20,17760,卖盘
1519,14:09:33,8.88,0.0,23,20446,卖盘
1520,14:09:36,8.89,0.01,22,19558,买盘
1521,14:09:52,8.89,0.0,23,20447,买盘
1522,14:09:55,8.89,0.0,9,8001,买盘
1523,14:09:57,8.89,0.0,24,21336,买盘
1524,14:10:09,8.88,-0.01,30,26662,卖盘
1525,14:10:12,8.89,0.01,69,61341,买盘
1526,14:10:16,8.89,0.0,8,7112,买盘
1527,14:10:22,8.89,0.0,22,19558,买盘
1528,14:10:24,8.89,0.0,21,18669,买盘
1529,14:10:27,8.89,0.0,23,20447,买盘
1530,14:10:42,8.89,0.0,23,20447,买盘
1531,14:10:45,8.89,0.0,22,19558,买盘
1532,14:10:55,8.89,0.0,15,13335,买盘
1533,14:10:57,8.88,-0.01,1,888,卖盘
1534,14:11:03,8.89,0.01,45,40005,买盘
1535,14:11:06,8.89,0.0,63,56007,买盘
1536,14:11:10,8.89,0.0,9,8001,买盘
1537,14:11:21,8.89,0.0,23,20447,买盘
1538,14:11:24,8.89,0.0,9,8001,买盘
1539,14:11:27,8.89,0.0,24,21336,买盘
1540,14:11:33,8.88,-0.01,11,9768,卖盘
1541,14:11:39,8.89,0.01,22,19558,买盘
1542,14:11:42,8.89,0.0,16,14224,买盘
1543,14:11:49,8.88,-0.01,23,20446,卖盘
1544,14:11:55,8.89,0.01,29,25781,买盘
1545,14:12:04,8.9,0.01,68,60520,买盘
1546,14:12:06,8.89,-0.01,1,889,卖盘
1547,14:12:09,8.9,0.01,148,131720,买盘
1548,14:12:16,8.9,0.0,22,19580,买盘
1549,14:12:25,8.9,0.0,27,24030,买盘
1550,14:12:33,8.9,0.0,44,39160,买盘
1551,14:12:43,8.9,0.0,3,2670,买盘
1552,14:12:45,8.89,-0.01,1,889,卖盘
1553,14:12:51,8.9,0.01,22,19580,买盘
1554,14:12:54,8.9,0.0,63,56069,买盘
1555,14:12:57,8.9,0.0,59,52510,买盘
1556,14:13:01,8.9,0.0,13,11570,买盘
1557,14:13:10,8.89,-0.01,27,24003,买盘
1558,14:13:15,8.9,0.01,23,20470,买盘
1559,14:13:24,8.89,-0.01,9,8001,买盘
1560,14:13:40,8.9,0.01,21,18690,买盘
1561,14:13:45,8.9,0.0,88,78243,买盘
1562,14:13:54,8.89,-0.01,14,12446,买盘
1563,14:14:00,8.9,0.01,21,18690,买盘
1564,14:14:04,8.9,0.0,23,20470,买盘
1565,14:14:06,8.89,-0.01,11,9779,卖盘
1566,14:14:09,8.89,0.0,8,7112,卖盘
1567,14:14:21,8.9,0.01,45,40050,买盘
1568,14:14:24,8.9,0.0,20,17800,买盘
1569,14:14:36,8.89,-0.01,28,24892,卖盘
1570,14:14:39,8.9,0.01,23,20470,买盘
1571,14:14:45,8.9,0.0,21,18690,买盘
1572,14:14:48,8.9,0.0,201,178890,买盘
1573,14:14:54,8.9,0.0,35,31150,买盘
1574,14:14:57,8.9,0.0,25,22250,买盘
1575,14:15:06,8.9,0.0,189,168210,买盘
1576,14:15:09,8.89,-0.01,8,7112,卖盘
1577,14:15:15,8.89,0.0,6,5334,买盘
1578,14:15:27,8.9,0.01,27,24030,买盘
1579,14:15:30,8.9,0.0,24,21360,买盘
1580,14:15:33,8.9,0.0,10,8900,买盘
1581,14:15:36,8.9,0.0,12,10680,买盘
1582,14:15:42,8.9,0.0,23,20470,买盘
1583,14:15:45,8.9,0.0,47,41830,买盘
1584,14:15:51,8.9,0.0,43,38270,买盘
1585,14:15:58,8.9,0.0,36,32040,买盘
1586,14:16:00,8.89,-0.01,10,8890,卖盘
1587,14:16:06,8.9,0.01,63,55975,买盘
1588,14:16:09,8.88,-0.02,171,152167,卖盘
1589,14:16:12,8.9,0.02,23,20470,买盘
1590,14:16:27,8.9,0.0,38,33820,买盘
1591,14:16:37,8.9,0.0,22,19580,买盘
1592,14:16:45,8.9,0.0,22,19580,买盘
1593,14:16:58,8.9,0.0,36,32040,买盘
1594,14:17:04,8.9,0.0,33,29359,买盘
1595,14:17:09,8.89,-0.01,8,7112,卖盘
1596,14:17:18,8.9,0.01,39,34748,买盘
1597,14:17:21,8.9,0.0,25,22250,买盘
1598,14:17:24,8.9,0.0,50,44500,买盘
1599,14:17:28,8.89,-0.01,41,36487,卖盘
1600,14:17:33,8.9,0.01,69,61410,买盘
1601,14:17:40,8.9,0.0,43,38250,买盘
1602,14:17:42,8.9,0.0,22,19580,买盘
1603,14:17:58,8.9,0.0,47,41829,买盘
1604,14:18:01,8.9,0.0,5,4450,买盘
1605,14:18:03,8.9,0.0,24,21360,买盘
1606,14:18:09,8.89,-0.01,8,7112,卖盘
1607,14:18:12,8.9,0.01,21,18623,买盘
1608,14:18:15,8.9,0.0,23,20470,买盘
1609,14:18:24,8.9,0.0,21,18690,买盘
1610,14:18:27,8.9,0.0,10,8900,买盘
1611,14:18:30,8.89,-0.01,63,56010,卖盘
1612,14:18:34,8.9,0.01,22,19580,买盘
1613,14:18:40,8.9,0.0,18,16020,买盘
1614,14:18:42,8.89,-0.01,10,8890,卖盘
1615,14:18:48,8.9,0.01,22,19580,买盘
1616,14:18:51,8.9,0.0,65,57850,买盘
1617,14:18:57,8.9,0.0,20,17800,买盘
1618,14:19:06,8.89,-0.01,6,5334,卖盘
1619,14:19:09,8.89,0.0,53,47162,卖盘
1620,14:19:12,8.89,0.0,9,8001,卖盘
1621,14:19:21,8.89,0.0,1,889,卖盘
1622,14:19:24,8.9,0.01,68,60520,买盘
1623,14:19:27,8.9,0.0,50,44500,买盘
1624,14:19:30,8.9,0.0,24,21360,买盘
1625,14:19:45,8.9,0.0,23,20470,买盘
1626,14:19:54,8.9,0.0,23,20470,买盘
1627,14:19:57,8.9,0.0,36,32040,买盘
1628,14:20:03,8.9,0.0,21,18690,买盘
1629,14:20:09,8.89,-0.01,8,7112,卖盘
1630,14:20:15,8.9,0.01,136,121040,买盘
1631,14:20:18,8.9,0.0,72,64080,买盘
1632,14:20:21,8.9,0.0,23,20470,买盘
1633,14:20:24,8.9,0.0,40,35600,买盘
1634,14:20:27,8.89,-0.01,27,24029,卖盘
1635,14:20:36,8.9,0.01,23,20470,买盘
1636,14:20:39,8.89,-0.01,25,22247,卖盘
1637,14:20:42,8.9,0.01,3,2670,买盘
1638,14:20:45,8.9,0.0,22,19580,买盘
1639,14:20:57,8.9,0.0,33,29370,买盘
1640,14:21:00,8.9,0.0,21,18690,买盘
1641,14:21:09,8.9,0.0,82,72972,买盘
1642,14:21:12,8.9,0.0,61,54290,买盘
1643,14:21:15,8.9,0.0,93,82770,买盘
1644,14:21:21,8.9,0.0,24,21360,买盘
1645,14:21:28,8.89,-0.01,28,24910,卖盘
1646,14:21:33,8.9,0.01,23,20470,买盘
1647,14:21:43,8.9,0.0,21,18690,买盘
1648,14:21:51,8.9,0.0,26,23140,买盘
1649,14:21:55,8.89,-0.01,1,889,卖盘
1650,14:21:58,8.9,0.01,12,10680,买盘
1651,14:22:00,8.89,-0.01,6,5334,卖盘
1652,14:22:06,8.9,0.01,23,20470,买盘
1653,14:22:09,8.89,-0.01,133,118362,卖盘
1654,14:22:27,8.9,0.01,65,57850,买盘
1655,14:22:40,8.89,-0.01,1,889,卖盘
1656,14:22:46,8.9,0.01,162,144180,买盘
1657,14:22:49,8.9,0.0,6,5340,买盘
1658,14:22:57,8.9,0.0,15,13350,买盘
1659,14:23:01,8.89,-0.01,1,889,卖盘
1660,14:23:04,8.9,0.01,157,139666,买盘
1661,14:23:09,8.89,-0.01,8,7112,卖盘
1662,14:23:13,8.89,0.0,1,889,卖盘
1663,14:23:21,8.89,0.0,53,47405,卖盘
1664,14:23:28,8.9,0.01,24,21360,买盘
1665,14:23:33,8.89,-0.01,9,8001,卖盘
1666,14:23:39,8.9,0.01,24,21359,买盘
1667,14:23:58,8.9,0.0,111,98790,买盘
1668,14:24:00,8.89,-0.01,2,1778,卖盘
1669,14:24:09,8.89,0.0,21,18672,卖盘
1670,14:24:15,8.9,0.01,22,19580,买盘
1671,14:24:18,8.9,0.0,50,44500,买盘
1672,14:24:24,8.9,0.0,44,39160,买盘
1673,14:24:28,8.9,0.0,28,24919,买盘
1674,14:24:31,8.9,0.0,20,17800,买盘
1675,14:24:33,8.9,0.0,24,21360,买盘
1676,14:24:36,8.9,0.0,37,32928,买盘
1677,14:24:39,8.89,-0.01,1,889,卖盘
1678,14:24:48,8.89,0.0,141,125349,卖盘
1679,14:24:51,8.9,0.01,97,86329,买盘
1680,14:24:54,8.9,0.0,87,77332,买盘
1681,14:24:58,8.9,0.0,24,21360,买盘
1682,14:25:09,8.88,-0.02,8,7104,卖盘
1683,14:25:22,8.89,0.01,3,2667,买盘
1684,14:25:27,8.89,0.0,30,26670,买盘
1685,14:25:45,8.88,-0.01,1,888,卖盘
1686,14:25:48,8.89,0.01,66,58674,买盘
1687,14:25:58,8.89,0.0,3,2667,买盘
1688,14:26:22,8.9,0.01,49,43610,买盘
1689,14:26:28,8.9,0.0,38,33815,买盘
1690,14:26:31,8.9,0.0,3,2670,买盘
1691,14:26:37,8.9,0.0,15,13350,买盘
1692,14:26:43,8.9,0.0,48,42720,买盘
1693,14:26:46,8.88,-0.02,87,77327,卖盘
1694,14:26:58,8.9,0.02,27,24030,买盘
1695,14:27:04,8.89,-0.01,1,889,卖盘
1696,14:27:10,8.89,0.0,8,7112,卖盘
1697,14:27:31,8.9,0.01,18,16020,买盘
1698,14:27:37,8.9,0.0,3,2670,买盘
1699,14:27:40,8.9,0.0,67,59630,买盘
1700,14:27:54,8.9,0.0,10,8900,买盘
1701,14:28:01,8.9,0.0,28,24920,买盘
1702,14:28:10,8.89,-0.01,8,7112,卖盘
1703,14:28:19,8.89,0.0,19,16891,卖盘
1704,14:28:31,8.89,0.0,5,4445,买盘
1705,14:28:34,8.9,0.01,22,19580,买盘
1706,14:28:37,8.89,-0.01,2,1778,卖盘
1707,14:28:45,8.9,0.01,3,2670,买盘
1708,14:29:00,8.9,0.0,18,16020,买盘
1709,14:29:03,8.89,-0.01,59,52451,卖盘
1710,14:29:07,8.89,0.0,1,889,卖盘
1711,14:29:10,8.89,0.0,8,7112,卖盘
1712,14:29:25,8.9,0.01,1,890,买盘
1713,14:29:28,8.9,0.0,69,61410,买盘
1714,14:29:31,8.9,0.0,9,8010,买盘
1715,14:29:34,8.89,-0.01,1,889,卖盘
1716,14:29:51,8.9,0.01,3,2670,买盘
1717,14:30:00,8.9,0.0,34,30260,买盘
1718,14:30:09,8.89,-0.01,8,7112,卖盘
1719,14:30:24,8.9,0.01,69,61410,买盘
1720,14:30:31,8.9,0.0,19,16910,买盘
1721,14:30:34,8.89,-0.01,10,8890,卖盘
1722,14:30:48,8.9,0.01,3,2670,买盘
1723,14:31:00,8.9,0.0,24,21360,买盘
1724,14:31:04,8.9,0.0,3,2670,买盘
1725,14:31:10,8.89,-0.01,4,3556,卖盘
1726,14:31:13,8.89,0.0,4,3556,买盘
1727,14:31:19,8.89,0.0,82,72889,买盘
1728,14:31:22,8.89,0.0,3,2667,买盘
1729,14:31:31,8.89,0.0,33,29337,买盘
1730,14:32:01,8.89,0.0,12,10668,买盘
1731,14:32:09,8.88,-0.01,483,428638,卖盘
1732,14:32:15,8.88,0.0,69,61272,买盘
1733,14:32:30,8.88,0.0,36,31968,买盘
1734,14:32:45,8.88,0.0,7,6216,买盘
1735,14:32:49,8.88,0.0,2,1776,买盘
1736,14:32:51,8.88,0.0,1,888,买盘
1737,14:33:01,8.88,0.0,30,26640,买盘
1738,14:33:06,8.88,0.0,69,61116,买盘
1739,14:33:09,8.85,-0.03,85,75432,卖盘
1740,14:33:19,8.86,0.01,1,975,卖盘
1741,14:33:31,8.87,0.01,30,26610,买盘
1742,14:33:36,8.88,0.01,7,6216,买盘
1743,14:33:49,8.88,0.0,23,20424,买盘
1744,14:33:54,8.87,-0.01,10,8870,卖盘
1745,14:33:57,8.89,0.02,50,44450,买盘
1746,14:34:00,8.89,0.0,13,11557,买盘
1747,14:34:03,8.9,0.01,40,35595,买盘
1748,14:34:07,8.89,-0.01,6,5334,卖盘
1749,14:34:09,8.89,0.0,7,6223,卖盘
1750,14:34:12,8.89,0.0,6,5334,卖盘
1751,14:34:15,8.89,0.0,4,3556,卖盘
1752,14:34:18,8.89,0.0,31,27695,卖盘
1753,14:34:21,8.89,0.0,1,756,买盘
1754,14:34:30,8.9,0.01,33,29365,买盘
1755,14:34:33,8.9,0.0,8,7119,买盘
1756,14:34:36,8.89,-0.01,1,889,卖盘
1757,14:34:39,8.89,0.0,2,1778,卖盘
1758,14:34:42,8.89,0.0,1,889,卖盘
1759,14:34:45,8.89,0.0,1,889,卖盘
1760,14:34:48,8.89,0.0,5,4445,卖盘
1761,14:34:51,8.89,0.0,2,1778,卖盘
1762,14:34:54,8.89,0.0,14,12446,卖盘
1763,14:34:57,8.89,0.0,65,57676,买盘
1764,14:35:00,8.9,0.01,41,36473,买盘
1765,14:35:03,8.9,0.0,8,7116,买盘
1766,14:35:06,8.89,-0.01,3,2667,卖盘
1767,14:35:09,8.9,0.01,63,56057,买盘
1768,14:35:12,8.89,-0.01,2,1778,卖盘
1769,14:35:15,8.89,0.0,17,15113,卖盘
1770,14:35:18,8.89,0.0,12,10668,卖盘
1771,14:35:24,8.89,0.0,40,35560,买盘
1772,14:35:30,8.89,0.0,22,19558,买盘
1773,14:35:40,8.9,0.01,137,121588,买盘
1774,14:35:43,8.87,-0.03,1,887,卖盘
1775,14:35:46,8.88,0.01,7,6215,中性盘
1776,14:35:49,8.87,-0.01,1,887,卖盘
1777,14:35:55,8.88,0.01,1,888,买盘
1778,14:35:58,8.88,0.0,9,7992,卖盘
1779,14:36:01,8.88,0.0,49,43512,卖盘
1780,14:36:04,8.88,0.0,38,33774,卖盘
1781,14:36:07,8.88,0.0,1,888,卖盘
1782,14:36:10,8.87,-0.01,4,3548,卖盘
1783,14:36:12,8.87,0.0,2,1774,买盘
1784,14:36:24,8.88,0.01,7,6216,买盘
1785,14:36:33,8.88,0.0,4,3552,买盘
1786,14:36:36,8.89,0.01,6,5331,买盘
1787,14:36:39,8.88,-0.01,3,2664,卖盘
1788,14:36:43,8.88,0.0,6,5332,卖盘
1789,14:36:46,8.88,0.0,24,21352,卖盘
1790,14:36:48,8.88,0.0,3,2664,卖盘
1791,14:36:52,8.89,0.01,63,56007,卖盘
1792,14:36:55,8.9,0.01,19,16910,买盘
1793,14:37:00,8.88,-0.02,2,1776,卖盘
1794,14:37:04,8.89,0.01,9,8000,买盘
1795,14:37:09,8.89,0.0,17,15113,买盘
1796,14:37:12,8.89,0.0,3,2667,卖盘
1797,14:37:15,8.89,0.0,3,2667,卖盘
1798,14:37:18,8.89,0.0,4,3556,卖盘
1799,14:37:24,8.89,0.0,13,11557,买盘
1800,14:37:28,8.9,0.01,5,4446,买盘
1801,14:37:30,8.89,-0.01,1,889,卖盘
1802,14:37:34,8.9,0.01,7,6228,买盘
1803,14:37:36,8.87,-0.03,1,887,卖盘
1804,14:37:39,8.9,0.03,7,6230,买盘
1805,14:37:43,8.88,-0.02,3,2664,卖盘
1806,14:37:45,8.89,0.01,37,32893,卖盘
1807,14:37:49,8.89,0.0,10,8893,卖盘
1808,14:37:52,8.89,0.0,12,10668,卖盘
1809,14:37:55,8.9,0.01,17,15130,买盘
1810,14:37:58,8.89,-0.01,3,2667,卖盘
1811,14:38:00,8.89,0.0,3,2667,卖盘
1812,14:38:04,8.89,0.0,13,11567,卖盘
1813,14:38:06,8.89,0.0,2,1778,卖盘
1814,14:38:09,8.87,-0.02,25,22229,卖盘
1815,14:38:12,8.87,0.0,3,2661,买盘
1816,14:38:15,8.87,0.0,6,5322,买盘
1817,14:38:19,8.87,0.0,45,39915,买盘
1818,14:38:25,8.87,0.0,2,1774,买盘
1819,14:38:33,8.88,0.01,3,2664,中性盘
1820,14:38:39,8.88,0.0,67,59496,买盘
1821,14:38:55,8.88,0.0,29,25752,买盘
1822,14:39:04,8.88,0.0,31,27528,买盘
1823,14:39:06,8.87,-0.01,15,13305,卖盘
1824,14:39:09,8.88,0.01,21,18648,买盘
1825,14:39:12,8.87,-0.01,3,2661,卖盘
1826,14:39:25,8.88,0.01,13,11544,买盘
1827,14:39:27,8.87,-0.01,10,8870,卖盘
1828,14:39:33,8.88,0.01,49,43512,买盘
1829,14:39:39,8.88,0.0,25,22200,买盘
1830,14:39:46,8.86,-0.02,71,62848,卖盘
1831,14:40:03,8.86,0.0,3,2658,买盘
1832,14:40:07,8.86,0.0,603,534258,买盘
1833,14:40:10,8.85,-0.01,19,16826,卖盘
1834,14:40:15,8.86,0.01,15,13290,买盘
1835,14:40:21,8.85,-0.01,70,61950,卖盘
1836,14:40:28,8.86,0.01,39,34554,买盘
1837,14:40:39,8.86,0.0,2,1772,卖盘
1838,14:41:12,8.86,0.0,3,2658,买盘
1839,14:41:18,8.85,-0.01,1,885,卖盘
1840,14:41:24,8.86,0.01,24,21264,买盘
1841,14:41:36,8.85,-0.01,10,8850,卖盘
1842,14:42:10,8.86,0.01,12,10623,买盘
1843,14:42:18,8.86,0.0,73,64606,买盘
1844,14:42:27,8.86,0.0,31,27466,买盘
1845,14:42:30,8.86,0.0,6,5316,买盘
1846,14:42:40,8.85,-0.01,1,885,卖盘
1847,14:42:43,8.86,0.01,9,7974,买盘
1848,14:42:51,8.85,-0.01,81,71676,卖盘
1849,14:42:54,8.85,0.0,1,885,卖盘
1850,14:42:58,8.86,0.01,30,26580,买盘
1851,14:43:01,8.86,0.0,7,6202,买盘
1852,14:43:10,8.86,0.0,61,54038,买盘
1853,14:43:12,8.86,0.0,41,36326,买盘
1854,14:43:24,8.86,0.0,3,2658,买盘
1855,14:43:27,8.86,0.0,21,18605,买盘
1856,14:43:43,8.86,0.0,9,7974,买盘
1857,14:43:45,8.85,-0.01,1,885,卖盘
1858,14:43:48,8.84,-0.01,68,60134,卖盘
1859,14:43:57,8.86,0.02,31,27466,买盘
1860,14:44:10,8.84,-0.02,10,8845,卖盘
1861,14:44:13,8.84,0.0,23,20358,卖盘
1862,14:44:16,8.84,0.0,5,4420,卖盘
1863,14:44:24,8.85,0.01,2,1770,买盘
1864,14:44:27,8.85,0.0,9,7965,买盘
1865,14:44:34,8.85,0.0,8,7168,买盘
1866,14:44:42,8.86,0.01,4,3544,买盘
1867,14:44:46,8.86,0.0,64,56704,买盘
1868,14:44:51,8.85,-0.01,1,885,卖盘
1869,14:44:58,8.86,0.01,24,21264,买盘
1870,14:45:01,8.85,-0.01,1,885,卖盘
1871,14:45:10,8.85,0.0,9,7965,卖盘
1872,14:45:16,8.85,0.0,33,29116,卖盘
1873,14:45:28,8.85,0.0,55,48675,买盘
1874,14:45:31,8.84,-0.01,6,5304,卖盘
1875,14:45:34,8.85,0.01,33,29205,买盘
1876,14:45:46,8.85,0.0,13,11505,买盘
1877,14:45:57,8.84,-0.01,60,53040,卖盘
1878,14:46:01,8.85,0.01,50,44250,买盘
1879,14:46:18,8.85,0.0,44,38940,买盘
1880,14:46:22,8.85,0.0,22,19470,买盘
1881,14:46:24,8.85,0.0,31,27435,买盘
1882,14:46:28,8.85,0.0,4,3540,买盘
1883,14:46:31,8.85,0.0,4,3540,买盘
1884,14:46:34,8.85,0.0,6,5398,买盘
1885,14:46:42,8.85,0.0,4,3540,卖盘
1886,14:46:46,8.85,0.0,1,885,卖盘
1887,14:46:49,8.86,0.01,9,7974,买盘
1888,14:47:00,8.85,-0.01,1,885,卖盘
1889,14:47:03,8.86,0.01,5,4430,买盘
1890,14:47:07,8.86,0.0,4,3544,买盘
1891,14:47:10,8.85,-0.01,4,3540,卖盘
1892,14:47:18,8.85,0.0,6,5310,买盘
1893,14:47:34,8.85,0.0,5,4425,买盘
1894,14:47:40,8.84,-0.01,10,8840,卖盘
1895,14:47:49,8.85,0.01,4,3540,买盘
1896,14:47:57,8.84,-0.01,24,21216,卖盘
1897,14:48:04,8.85,0.01,2,1770,买盘
1898,14:48:10,8.86,0.01,349,308893,买盘
1899,14:48:19,8.86,0.0,19,16816,买盘
1900,14:48:52,8.85,-0.01,20,17700,卖盘
1901,14:48:55,8.86,0.01,1,886,买盘
1902,14:48:57,8.86,0.0,3,2658,买盘
1903,14:49:10,8.85,-0.01,33,29205,卖盘
1904,14:49:19,8.86,0.01,1,886,买盘
1905,14:49:21,8.86,0.0,1,886,买盘
1906,14:49:25,8.85,-0.01,100,88500,卖盘
1907,14:49:39,8.85,0.0,20,17700,卖盘
1908,14:49:42,8.85,0.0,2,1770,卖盘
1909,14:49:49,8.84,-0.01,51,45095,卖盘
1910,14:49:52,8.85,0.01,5,4425,中性盘
1911,14:50:04,8.85,0.0,10,8850,买盘
1912,14:50:10,8.84,-0.01,8,7072,卖盘
1913,14:50:22,8.85,0.01,3,2655,买盘
1914,14:50:31,8.85,0.0,5,4425,买盘
1915,14:50:34,8.84,-0.01,19,16796,卖盘
1916,14:50:40,8.85,0.01,10,8850,买盘
1917,14:50:46,8.85,0.0,25,22125,买盘
1918,14:51:04,8.84,-0.01,1,884,卖盘
1919,14:51:10,8.84,0.0,8,7072,卖盘
1920,14:51:13,8.85,0.01,45,39796,买盘
1921,14:51:16,8.85,0.0,12,10614,买盘
1922,14:51:28,8.84,-0.01,20,17680,卖盘
1923,14:52:04,8.84,0.0,50,44200,卖盘
1924,14:52:10,8.84,0.0,7,6188,卖盘
1925,14:52:16,8.85,0.01,2,1770,买盘
1926,14:52:31,8.85,0.0,26,23010,买盘
1927,14:52:37,8.85,0.0,9,7969,卖盘
1928,14:52:40,8.85,0.0,7,6195,卖盘
1929,14:52:45,8.85,0.0,5,4425,卖盘
1930,14:52:58,8.85,0.0,33,29205,卖盘
1931,14:53:01,8.84,-0.01,34,30056,卖盘
1932,14:53:04,8.82,-0.02,456,402331,卖盘
1933,14:53:07,8.85,0.03,1,885,中性盘
1934,14:53:09,8.85,0.0,2,1770,卖盘
1935,14:53:12,8.85,0.0,1,885,卖盘
1936,14:53:16,8.85,0.0,1,885,卖盘
1937,14:53:22,8.85,0.0,1,885,卖盘
1938,14:53:25,8.85,0.0,1,885,卖盘
1939,14:53:36,8.8,-0.05,323,285169,卖盘
1940,14:53:40,8.86,0.06,4,3541,买盘
1941,14:54:01,8.83,-0.03,20,17660,卖盘
1942,14:54:07,8.84,0.01,12,10608,买盘
1943,14:54:10,8.84,0.0,7,6188,卖盘
1944,14:54:16,8.84,0.0,5,4420,卖盘
1945,14:54:25,8.84,0.0,1,884,卖盘
1946,14:54:31,8.84,0.0,5,4420,卖盘
1947,14:54:40,8.83,-0.01,2,1766,卖盘
1948,14:54:46,8.82,-0.01,117,103202,卖盘
1949,14:54:54,8.83,0.01,1,883,卖盘
1950,14:55:10,8.84,0.01,60,52965,买盘
1951,14:55:16,8.84,0.0,11,9459,卖盘
1952,14:55:22,8.84,0.0,49,43555,卖盘
1953,14:55:25,8.84,0.0,13,11492,卖盘
1954,14:55:27,8.84,0.0,5,4420,卖盘
1955,14:55:30,8.84,0.0,1,884,卖盘
1956,14:55:40,8.84,0.0,57,50388,卖盘
1957,14:56:04,8.84,0.0,3,2652,卖盘
1958,14:56:10,8.84,0.0,7,6188,卖盘
1959,14:56:13,8.84,0.0,1,884,卖盘
1960,14:56:37,8.84,0.0,386,341197,卖盘
1961,14:56:40,8.84,0.0,3,2652,卖盘
1962,14:56:43,8.84,0.0,26,22984,卖盘
1963,14:56:45,8.84,0.0,2,1768,卖盘
1964,15:00:04,8.84,0.0,150,132600,卖盘
