,time,price,change,volume,amount,type
0,09:25:04,8.62,-0.06,846,729252,买盘
1,09:30:01,8.64,0.02,55,47520,买盘
2,09:30:04,8.64,0.0,307,265525,卖盘
3,09:30:07,8.67,0.03,97,84042,买盘
4,09:30:10,8.68,0.01,7,6076,买盘
5,09:30:13,8.67,-0.01,13,11271,卖盘
6,09:30:16,8.68,0.01,13,11273,买盘
7,09:30:19,8.68,0.0,26,22543,买盘
8,09:30:22,8.68,0.0,8,6940,买盘
9,09:30:25,8.67,-0.01,5,4335,买盘
10,09:30:28,8.64,-0.03,250,216008,卖盘
11,09:30:30,8.65,0.01,50,43308,中性盘
12,09:30:34,8.65,0.0,17,14703,买盘
13,09:30:37,8.64,-0.01,20,17280,卖盘
14,09:30:43,8.65,0.01,44,38021,买盘
15,09:30:46,8.65,0.0,56,48440,买盘
16,09:30:49,8.66,0.01,5,4327,中性盘
17,09:30:52,8.67,0.01,8,6932,买盘
18,09:30:55,8.68,0.01,32,27741,买盘
19,09:30:58,8.67,-0.01,20,17340,卖盘
20,09:31:01,8.67,0.0,21,18213,卖盘
21,09:31:04,8.68,0.01,16,13880,买盘
22,09:31:06,8.65,-0.03,28,24247,卖盘
23,09:31:13,8.66,0.01,1,866,买盘
24,09:31:16,8.65,-0.01,76,65740,卖盘
25,09:31:19,8.66,0.01,30,25980,买盘
26,09:31:22,8.66,0.0,26,22516,卖盘
27,09:31:24,8.67,0.01,99,85765,买盘
28,09:31:28,8.67,0.0,119,103142,买盘
29,09:31:31,8.67,0.0,33,28611,卖盘
30,09:31:34,8.66,-0.01,38,32933,卖盘
31,09:31:37,8.66,0.0,30,25980,卖盘
32,09:31:39,8.66,0.0,71,61524,卖盘
33,09:31:43,8.66,0.0,152,131650,卖盘
34,09:31:45,8.66,0.0,56,48535,卖盘
35,09:31:49,8.67,0.01,92,79752,买盘
36,09:31:52,8.67,0.0,43,37263,买盘
37,09:31:55,8.66,-0.01,65,56300,卖盘
38,09:31:58,8.66,0.0,58,50270,卖盘
39,09:32:01,8.68,0.02,108,93678,买盘
40,09:32:04,8.68,0.0,36,31248,买盘
41,09:32:06,8.67,-0.01,259,224553,卖盘
42,09:32:10,8.67,0.0,1,867,卖盘
43,09:32:13,8.67,0.0,28,24276,卖盘
44,09:32:16,8.68,0.01,140,121390,买盘
45,09:32:19,8.66,-0.02,110,95806,卖盘
46,09:32:21,8.7,0.04,280,243370,买盘
47,09:32:25,8.68,-0.02,3,2604,中性盘
48,09:32:28,8.7,0.02,66,57420,买盘
49,09:32:31,8.68,-0.02,1,868,卖盘
50,09:32:33,8.69,0.01,36,31274,买盘
51,09:32:37,8.69,0.0,27,23463,买盘
52,09:32:39,8.69,0.0,14,12166,买盘
53,09:32:42,8.68,-0.01,53,46067,卖盘
54,09:32:46,8.7,0.02,1,870,买盘
55,09:32:49,8.7,0.0,123,107010,买盘
56,09:32:52,8.7,0.0,35,30480,卖盘
57,09:32:55,8.7,0.0,140,121650,卖盘
58,09:32:57,8.72,0.02,311,270894,买盘
59,09:33:00,8.7,-0.02,139,120995,卖盘
60,09:33:04,8.7,0.0,31,26970,买盘
61,09:33:06,8.7,0.0,37,32190,买盘
62,09:33:09,8.71,0.01,55,47851,买盘
63,09:33:12,8.7,-0.01,42,36540,中性盘
64,09:33:16,8.71,0.01,119,103537,买盘
65,09:33:19,8.7,-0.01,540,470490,中性盘
66,09:33:21,8.7,0.0,15,13050,买盘
67,09:33:25,8.7,0.0,63,54850,买盘
68,09:33:28,8.7,0.0,12,10444,中性盘
69,09:33:30,8.72,0.02,80,69680,买盘
70,09:33:34,8.7,-0.02,30,26118,卖盘
71,09:33:37,8.7,0.0,25,21750,买盘
72,09:33:40,8.7,0.0,21,18269,卖盘
73,09:33:42,8.7,0.0,82,71320,买盘
74,09:33:46,8.7,0.0,60,52200,买盘
75,09:33:49,8.69,-0.01,115,99936,卖盘
76,09:33:52,8.68,-0.01,60,52090,卖盘
77,09:34:01,8.69,0.01,36,31284,买盘
78,09:34:04,8.69,0.0,104,90376,买盘
79,09:34:07,8.7,0.01,56,48665,买盘
80,09:34:10,8.7,0.0,70,60900,买盘
81,09:34:13,8.7,0.0,49,42620,买盘
82,09:34:16,8.69,-0.01,10,8690,卖盘
83,09:34:19,8.7,0.01,3,2610,买盘
84,09:34:22,8.71,0.01,271,235987,买盘
85,09:34:25,8.72,0.01,29,25283,买盘
86,09:34:31,8.72,0.0,12,10464,买盘
87,09:34:34,8.72,0.0,43,37496,买盘
88,09:34:37,8.73,0.01,49,42731,买盘
89,09:34:40,8.73,0.0,229,199894,买盘
90,09:34:43,8.73,0.0,1,873,卖盘
91,09:34:46,8.75,0.02,230,200934,买盘
92,09:34:49,8.75,0.0,19,16625,买盘
93,09:34:52,8.75,0.0,72,63020,卖盘
94,09:34:55,8.75,0.0,94,82220,买盘
95,09:34:57,8.75,0.0,383,335163,买盘
96,09:35:01,8.75,0.0,194,169750,卖盘
97,09:35:05,8.75,0.0,88,77000,卖盘
98,09:35:07,8.76,0.01,99,86716,买盘
99,09:35:10,8.75,-0.01,96,84057,卖盘
100,09:35:12,8.76,0.01,132,115549,买盘
101,09:35:16,8.76,0.0,239,209212,买盘
102,09:35:19,8.76,0.0,205,179386,买盘
103,09:35:22,8.76,0.0,198,173308,买盘
104,09:35:25,8.75,-0.01,121,105876,买盘
105,09:35:28,8.75,0.0,482,421715,买盘
106,09:35:31,8.75,0.0,62,54243,买盘
107,09:35:34,8.75,0.0,87,76143,买盘
108,09:35:37,8.75,0.0,287,251240,买盘
109,09:35:40,8.75,0.0,50,43756,卖盘
110,09:35:42,8.75,0.0,448,392226,卖盘
111,09:35:45,8.77,0.02,22,19289,买盘
112,09:35:48,8.77,0.0,32,28064,卖盘
113,09:35:52,8.77,0.0,16,14022,买盘
114,09:35:55,8.78,0.01,110,96480,买盘
115,09:35:58,8.77,-0.01,91,79833,卖盘
116,09:36:01,8.77,0.0,251,220254,卖盘
117,09:36:04,8.78,0.01,93,81583,买盘
118,09:36:07,8.78,0.0,5,4390,卖盘
119,09:36:09,8.78,0.0,98,86049,卖盘
120,09:36:13,8.79,0.01,130,114190,买盘
121,09:36:16,8.78,-0.01,237,208098,卖盘
122,09:36:19,8.78,0.0,90,78994,买盘
123,09:36:22,8.78,0.0,120,105293,买盘
124,09:36:25,8.76,-0.02,159,139307,卖盘
125,09:36:27,8.77,0.01,164,143653,买盘
126,09:36:30,8.77,0.0,21,18397,买盘
127,09:36:34,8.75,-0.02,75,65680,卖盘
128,09:36:37,8.75,0.0,192,168002,卖盘
129,09:36:40,8.75,0.0,113,98867,买盘
130,09:36:43,8.75,0.0,75,65608,买盘
131,09:36:45,8.73,-0.02,31,27068,卖盘
132,09:36:48,8.75,0.02,110,96148,买盘
133,09:36:52,8.75,0.0,113,98815,买盘
134,09:36:55,8.75,0.0,62,54210,买盘
135,09:36:58,8.74,-0.01,3,2622,中性盘
136,09:37:01,8.75,0.01,117,102324,买盘
137,09:37:04,8.75,0.0,46,40220,买盘
138,09:37:06,8.75,0.0,85,74323,买盘
139,09:37:10,8.75,0.0,2,1750,买盘
140,09:37:13,8.75,0.0,379,331303,买盘
141,09:37:16,8.76,0.01,162,141507,买盘
142,09:37:19,8.74,-0.02,31,27110,卖盘
143,09:37:22,8.74,0.0,141,123234,买盘
144,09:37:28,8.75,0.01,150,131239,卖盘
145,09:37:30,8.74,-0.01,4,3497,卖盘
146,09:37:34,8.75,0.01,344,300795,买盘
147,09:37:37,8.74,-0.01,45,39345,卖盘
148,09:37:40,8.75,0.01,129,112800,买盘
149,09:37:43,8.75,0.0,337,294875,买盘
150,09:37:46,8.74,-0.01,46,40204,卖盘
151,09:37:49,8.74,0.0,92,80548,买盘
152,09:37:51,8.75,0.01,59,51625,卖盘
153,09:37:55,8.75,0.0,63,55125,买盘
154,09:37:58,8.75,0.0,30,26250,买盘
155,09:38:01,8.74,-0.01,308,269481,卖盘
156,09:38:04,8.75,0.01,2,1750,买盘
157,09:38:06,8.75,0.0,61,53374,买盘
158,09:38:10,8.74,-0.01,120,104988,卖盘
159,09:38:13,8.75,0.01,44,38500,卖盘
160,09:38:16,8.75,0.0,16,13991,买盘
161,09:38:21,8.75,0.0,64,55940,买盘
162,09:38:25,8.75,0.0,7,6125,买盘
163,09:38:28,8.75,0.0,18,15749,买盘
164,09:38:30,8.74,-0.01,121,105770,卖盘
165,09:38:34,8.75,0.01,65,56875,买盘
166,09:38:37,8.74,-0.01,132,115368,卖盘
167,09:38:39,8.76,0.02,177,154847,买盘
168,09:38:43,8.75,-0.01,67,58537,买盘
169,09:38:46,8.75,0.0,5,4375,买盘
170,09:38:49,8.75,0.0,30,26250,买盘
171,09:38:51,8.76,0.01,110,96350,买盘
172,09:38:55,8.76,0.0,36,31536,卖盘
173,09:38:58,8.77,0.01,25,21910,买盘
174,09:39:01,8.77,0.0,24,21042,买盘
175,09:39:04,8.76,-0.01,41,35956,卖盘
176,09:39:06,8.77,0.01,17,14899,买盘
177,09:39:10,8.77,0.0,24,21048,买盘
178,09:39:13,8.77,0.0,25,21925,买盘
179,09:39:15,8.77,0.0,200,175319,卖盘
180,09:39:19,8.76,-0.01,9,7884,中性盘
181,09:39:22,8.77,0.01,61,53471,买盘
182,09:39:25,8.77,0.0,138,120990,买盘
183,09:39:28,8.76,-0.01,186,162826,卖盘
184,09:39:31,8.76,0.0,372,325902,买盘
185,09:39:34,8.75,-0.01,153,133917,卖盘
186,09:39:37,8.77,0.02,142,124401,买盘
187,09:39:40,8.75,-0.02,26,22750,买盘
188,09:39:43,8.74,-0.01,20,17506,卖盘
189,09:39:46,8.75,0.01,10,8750,买盘
190,09:39:48,8.75,0.0,6,5250,买盘
191,09:39:51,8.75,0.0,34,29732,买盘
192,09:39:55,8.74,-0.01,147,128525,卖盘
193,09:39:58,8.75,0.01,11,9625,买盘
194,09:40:00,8.75,0.0,22,19250,买盘
195,09:40:04,8.74,-0.01,82,71696,卖盘
196,09:40:06,8.74,0.0,81,70799,卖盘
197,09:40:10,8.75,0.01,2,1749,买盘
198,09:40:13,8.75,0.0,30,26249,买盘
199,09:40:19,8.74,-0.01,3,2622,卖盘
200,09:40:22,8.74,0.0,124,108406,卖盘
201,09:40:25,8.75,0.01,110,96250,买盘
202,09:40:27,8.74,-0.01,86,75190,卖盘
203,09:40:31,8.74,0.0,36,31491,卖盘
204,09:40:34,8.75,0.01,27,23625,买盘
205,09:40:37,8.75,0.0,119,104125,卖盘
206,09:40:40,8.75,0.0,99,86635,卖盘
207,09:40:43,8.75,0.0,5,4375,买盘
208,09:40:46,8.75,0.0,39,34123,买盘
209,09:40:49,8.74,-0.01,66,57719,卖盘
210,09:40:52,8.75,0.01,82,71750,买盘
211,09:40:58,8.74,-0.01,51,44574,卖盘
212,09:41:01,8.74,0.0,531,464143,卖盘
213,09:41:04,8.74,0.0,1,874,买盘
214,09:41:06,8.74,0.0,1007,878682,买盘
215,09:41:10,8.73,-0.01,22,19206,买盘
216,09:41:12,8.73,0.0,4,3492,买盘
217,09:41:16,8.72,-0.01,14,12214,卖盘
218,09:41:19,8.72,0.0,10,8720,买盘
219,09:41:25,8.72,0.0,47,40984,买盘
220,09:41:27,8.71,-0.01,109,94912,卖盘
221,09:41:31,8.71,0.0,35,30485,买盘
222,09:41:34,8.71,0.0,34,29607,买盘
223,09:41:37,8.71,0.0,5,4355,买盘
224,09:41:39,8.7,-0.01,105,91362,卖盘
225,09:41:43,8.68,-0.02,103,89576,卖盘
226,09:41:49,8.68,0.0,38,33008,卖盘
227,09:41:51,8.68,0.0,50,43400,卖盘
228,09:41:55,8.68,0.0,119,103292,卖盘
229,09:41:58,8.68,0.0,19,16492,买盘
230,09:42:01,8.67,-0.01,36,31217,卖盘
231,09:42:04,8.67,0.0,16,13869,买盘
232,09:42:10,8.66,-0.01,170,147232,卖盘
233,09:42:13,8.66,0.0,107,92743,卖盘
234,09:42:18,8.65,-0.01,1417,1225786,卖盘
235,09:42:22,8.65,0.0,40,34600,买盘
236,09:42:25,8.65,0.0,141,121836,买盘
237,09:42:28,8.64,-0.01,21,18144,中性盘
238,09:42:31,8.64,0.0,40,34532,买盘
239,09:42:33,8.63,-0.01,186,160521,卖盘
240,09:42:36,8.64,0.01,51,44053,买盘
241,09:42:43,8.64,0.0,5,4320,卖盘
242,09:42:46,8.64,0.0,1,864,卖盘
243,09:42:49,8.65,0.01,6,5190,买盘
244,09:42:52,8.65,0.0,171,147885,买盘
245,09:42:55,8.64,-0.01,156,135490,卖盘
246,09:42:57,8.66,0.02,13,11258,买盘
247,09:43:01,8.66,0.0,19,16454,卖盘
248,09:43:04,8.67,0.01,105,90976,买盘
249,09:43:07,8.66,-0.01,2,1732,卖盘
250,09:43:10,8.67,0.01,31,26867,买盘
251,09:43:13,8.67,0.0,40,34680,买盘
252,09:43:16,8.65,-0.02,177,153198,卖盘
253,09:43:19,8.64,-0.01,95,82172,卖盘
254,09:43:21,8.65,0.01,2,1730,买盘
255,09:43:25,8.65,0.0,224,193686,买盘
256,09:43:28,8.65,0.0,15,12975,卖盘
257,09:43:31,8.66,0.01,1,866,买盘
258,09:43:34,8.67,0.01,182,157088,买盘
259,09:43:37,8.66,-0.01,14,12124,中性盘
260,09:43:40,8.66,0.0,11,9526,卖盘
261,09:43:43,8.66,0.0,7,6062,卖盘
262,09:43:46,8.67,0.01,1,867,买盘
263,09:43:48,8.68,0.01,100,86792,买盘
264,09:43:51,8.68,0.0,21,18228,买盘
265,09:43:55,8.67,-0.01,62,53794,卖盘
266,09:43:58,8.68,0.01,310,269080,买盘
267,09:44:00,8.68,0.0,23,20004,卖盘
268,09:44:04,8.68,0.0,5,4340,卖盘
269,09:44:07,8.68,0.0,25,21700,卖盘
270,09:44:10,8.68,0.0,23,19964,买盘
271,09:44:13,8.7,0.02,47,40798,买盘
272,09:44:16,8.68,-0.02,12,10416,卖盘
273,09:44:22,8.7,0.02,217,188324,买盘
274,09:44:24,8.7,0.0,1,870,买盘
275,09:44:31,8.69,-0.01,40,34760,卖盘
276,09:44:34,8.69,0.0,14,12166,卖盘
277,09:44:36,8.69,0.0,5,4345,买盘
278,09:44:43,8.69,0.0,45,39105,买盘
279,09:44:46,8.68,-0.01,245,212844,卖盘
280,09:44:49,8.69,0.01,5,4345,买盘
281,09:44:52,8.68,-0.01,70,60760,卖盘
282,09:44:55,8.68,0.0,10,8680,买盘
283,09:44:57,8.68,0.0,61,52938,买盘
284,09:45:01,8.68,0.0,114,98852,买盘
285,09:45:04,8.68,0.0,38,32984,买盘
286,09:45:10,8.68,0.0,108,93744,买盘
287,09:45:19,8.68,0.0,55,47790,卖盘
288,09:45:22,8.66,-0.02,604,523685,卖盘
289,09:45:27,8.69,0.03,33,28646,买盘
290,09:45:37,8.67,-0.02,3,2601,买盘
291,09:45:40,8.68,0.01,4,3472,卖盘
292,09:45:43,8.69,0.01,10,8688,买盘
293,09:45:49,8.66,-0.03,3,2599,卖盘
294,09:45:52,8.68,0.02,10,8680,买盘
295,09:45:55,8.67,-0.01,37,32109,卖盘
296,09:45:58,8.67,0.0,58,50245,买盘
297,09:46:01,8.66,-0.01,10,8660,卖盘
298,09:46:03,8.67,0.01,62,53744,买盘
299,09:46:06,8.67,0.0,60,52004,买盘
300,09:46:10,8.66,-0.01,10,8662,卖盘
301,09:46:13,8.66,0.0,25,21650,卖盘
302,09:46:15,8.66,0.0,32,27722,卖盘
303,09:46:19,8.67,0.01,70,60690,买盘
304,09:46:22,8.67,0.0,1,867,卖盘
305,09:46:28,8.67,0.0,65,56355,卖盘
306,09:46:31,8.67,0.0,139,120501,买盘
307,09:46:34,8.66,-0.01,326,282523,卖盘
308,09:46:36,8.67,0.01,36,31212,卖盘
309,09:46:42,8.67,0.0,8,6936,卖盘
310,09:46:46,8.67,0.0,20,17340,买盘
311,09:46:48,8.67,0.0,39,33779,买盘
312,09:46:52,8.67,0.0,77,66720,买盘
313,09:46:54,8.66,-0.01,50,43300,卖盘
314,09:46:58,8.67,0.01,159,137853,买盘
315,09:47:01,8.67,0.0,13,11271,卖盘
316,09:47:04,8.68,0.01,15,13006,买盘
317,09:47:07,8.66,-0.02,500,433030,卖盘
318,09:47:10,8.66,0.0,22,19052,卖盘
319,09:47:13,8.66,0.0,2,1732,卖盘
320,09:47:16,8.66,0.0,1,866,买盘
321,09:47:19,8.65,-0.01,240,207600,卖盘
322,09:47:21,8.66,0.01,5,4330,买盘
323,09:47:25,8.65,-0.01,34,29436,卖盘
324,09:47:30,8.66,0.01,50,43285,买盘
325,09:47:33,8.66,0.0,16,13856,买盘
326,09:47:37,8.65,-0.01,165,143149,卖盘
327,09:47:40,8.65,0.0,5,4325,买盘
328,09:47:43,8.65,0.0,31,26815,买盘
329,09:47:46,8.64,-0.01,74,63951,卖盘
330,09:47:48,8.64,0.0,24,20736,卖盘
331,09:47:51,8.64,0.0,65,56160,卖盘
332,09:47:55,8.64,0.0,5,4320,卖盘
333,09:47:58,8.64,0.0,110,95030,卖盘
334,09:48:01,8.64,0.0,20,17280,买盘
335,09:48:04,8.63,-0.01,31,26783,卖盘
336,09:48:07,8.64,0.01,133,114900,买盘
337,09:48:10,8.63,-0.01,447,385771,卖盘
338,09:48:12,8.64,0.01,25,21587,买盘
339,09:48:16,8.62,-0.02,1321,1138323,卖盘
340,09:48:19,8.62,0.0,6,5172,买盘
341,09:48:21,8.62,0.0,53,45685,买盘
342,09:48:28,8.61,-0.01,145,124845,卖盘
343,09:48:31,8.6,-0.01,36,30991,卖盘
344,09:48:34,8.6,0.0,9,7740,卖盘
345,09:48:37,8.6,0.0,20,17200,卖盘
346,09:48:40,8.61,0.01,244,209903,买盘
347,09:48:43,8.6,-0.01,56,48160,卖盘
348,09:48:46,8.61,0.01,316,271860,买盘
349,09:48:49,8.6,-0.01,303,260823,卖盘
350,09:48:52,8.6,0.0,3,2580,买盘
351,09:48:55,8.6,0.0,76,65332,买盘
352,09:48:58,8.59,-0.01,168,144382,卖盘
353,09:49:01,8.59,0.0,73,62707,卖盘
354,09:49:04,8.59,0.0,22,18897,买盘
355,09:49:07,8.58,-0.01,119,102110,卖盘
356,09:49:10,8.58,0.0,56,48048,买盘
357,09:49:12,8.58,0.0,56,48016,买盘
358,09:49:16,8.57,-0.01,511,437990,卖盘
359,09:49:19,8.57,0.0,119,101974,卖盘
360,09:49:22,8.57,0.0,1,857,买盘
361,09:49:25,8.56,-0.01,88,74841,卖盘
362,09:49:28,8.58,0.02,702,602337,买盘
363,09:49:31,8.58,0.0,32,27456,卖盘
364,09:49:34,8.58,0.0,31,26621,卖盘
365,09:49:37,8.58,0.0,32,27492,卖盘
366,09:49:40,8.6,0.02,181,155616,买盘
367,09:49:42,8.6,0.0,281,241596,买盘
368,09:49:45,8.62,0.02,51,43962,买盘
369,09:49:49,8.62,0.0,30,25860,买盘
370,09:49:52,8.62,0.0,71,61202,买盘
371,09:49:54,8.62,0.0,74,63748,买盘
372,09:49:58,8.62,0.0,18,15516,买盘
373,09:50:01,8.62,0.0,121,104302,买盘
374,09:50:04,8.61,-0.01,13,11201,卖盘
375,09:50:07,8.62,0.01,64,55717,买盘
376,09:50:09,8.63,0.01,21,18104,中性盘
377,09:50:12,8.62,-0.01,27,23282,卖盘
378,09:50:16,8.64,0.02,76,65521,买盘
379,09:50:21,8.64,0.0,78,67238,买盘
380,09:50:28,8.63,-0.01,50,43150,买盘
381,09:50:30,8.62,-0.01,118,101873,卖盘
382,09:50:34,8.62,0.0,3,2586,卖盘
383,09:50:37,8.63,0.01,2,1726,卖盘
384,09:50:40,8.63,0.0,6,5178,卖盘
385,09:50:43,8.64,0.01,63,54374,买盘
386,09:50:46,8.64,0.0,5,4318,买盘
387,09:50:54,8.64,0.0,40,34560,买盘
388,09:50:57,8.64,0.0,10,8640,买盘
389,09:51:01,8.64,0.0,72,62208,买盘
390,09:51:04,8.64,0.0,3,2592,卖盘
391,09:51:07,8.64,0.0,16,13824,卖盘
392,09:51:10,8.63,-0.01,20,17260,卖盘
393,09:51:12,8.64,0.01,46,39725,买盘
394,09:51:15,8.65,0.01,29,25078,买盘
395,09:51:18,8.64,-0.01,20,17280,卖盘
396,09:51:25,8.65,0.01,6,5190,买盘
397,09:51:28,8.64,-0.01,34,29376,卖盘
398,09:51:31,8.64,0.0,10,8640,卖盘
399,09:51:37,8.65,0.01,12,10380,买盘
400,09:51:40,8.64,-0.01,5,4320,卖盘
401,09:51:46,8.65,0.01,158,136670,买盘
402,09:51:48,8.64,-0.01,104,89856,卖盘
403,09:51:51,8.64,0.0,3,2592,卖盘
404,09:51:55,8.64,0.0,17,14688,卖盘
405,09:52:01,8.64,0.0,19,16416,卖盘
406,09:52:04,8.64,0.0,6,5185,卖盘
407,09:52:07,8.65,0.01,25,21615,买盘
408,09:52:09,8.64,-0.01,65,56160,卖盘
409,09:52:15,8.64,0.0,29,25065,卖盘
410,09:52:19,8.65,0.01,4,3460,买盘
411,09:52:22,8.65,0.0,54,46706,买盘
412,09:52:25,8.65,0.0,49,42371,买盘
413,09:52:30,8.65,0.0,28,24220,买盘
414,09:52:34,8.65,0.0,5,4325,买盘
415,09:52:37,8.64,-0.01,45,38910,卖盘
416,09:52:40,8.65,0.01,18,15570,买盘
417,09:52:43,8.65,0.0,20,17300,买盘
418,09:52:48,8.64,-0.01,26,22479,卖盘
419,09:52:51,8.69,0.05,588,510299,买盘
420,09:52:55,8.65,-0.04,100,86868,卖盘
421,09:53:01,8.65,0.0,65,56213,买盘
422,09:53:04,8.65,0.0,8,6920,买盘
423,09:53:06,8.65,0.0,10,8650,买盘
424,09:53:10,8.65,0.0,44,38060,买盘
425,09:53:16,8.65,0.0,12,10380,卖盘
426,09:53:21,8.69,0.04,16,13904,买盘
427,09:53:25,8.69,0.0,98,85162,卖盘
428,09:53:28,8.69,0.0,48,41742,卖盘
429,09:53:31,8.69,0.0,1,869,卖盘
430,09:53:34,8.69,0.0,58,50402,卖盘
431,09:53:36,8.69,0.0,15,13035,卖盘
432,09:53:39,8.69,0.0,17,14773,卖盘
433,09:53:43,8.69,0.0,17,14773,卖盘
434,09:53:52,8.69,0.0,1,869,买盘
435,09:53:55,8.66,-0.03,221,192013,卖盘
436,09:54:06,8.67,0.01,8,6936,卖盘
437,09:54:10,8.69,0.02,71,61591,买盘
438,09:54:13,8.66,-0.03,3,2598,卖盘
439,09:54:19,8.69,0.03,25,21724,买盘
440,09:54:22,8.69,0.0,18,15642,卖盘
441,09:54:25,8.67,-0.02,56,48626,卖盘
442,09:54:28,8.67,0.0,100,86779,卖盘
443,09:54:30,8.68,0.01,8,6949,卖盘
444,09:54:34,8.68,0.0,2,1736,卖盘
445,09:54:40,8.68,0.0,14,12152,买盘
446,09:54:43,8.69,0.01,151,131199,买盘
447,09:54:49,8.68,-0.01,14,12153,卖盘
448,09:54:51,8.69,0.01,7,6083,买盘
449,09:54:55,8.68,-0.01,22,19096,卖盘
450,09:55:01,8.67,-0.01,6,5202,卖盘
451,09:55:04,8.67,0.0,22,19074,卖盘
452,09:55:07,8.67,0.0,43,37281,卖盘
453,09:55:12,8.66,-0.01,14,12124,卖盘
454,09:55:16,8.67,0.01,34,29466,买盘
455,09:55:19,8.66,-0.01,55,47635,卖盘
456,09:55:25,8.67,0.01,158,136980,买盘
457,09:55:28,8.67,0.0,6,5202,卖盘
458,09:55:30,8.66,-0.01,4,3464,卖盘
459,09:55:34,8.67,0.01,6,5202,买盘
460,09:55:37,8.67,0.0,60,52020,卖盘
461,09:55:39,8.66,-0.01,39,33675,卖盘
462,09:55:42,8.66,0.0,12,10392,卖盘
463,09:55:46,8.66,0.0,59,51198,卖盘
464,09:55:49,8.66,0.0,19,16436,买盘
465,09:55:55,8.66,0.0,10,8660,买盘
466,09:55:58,8.66,0.0,106,91680,买盘
467,09:56:00,8.67,0.01,6,5202,买盘
468,09:56:10,8.66,-0.01,27,23382,卖盘
469,09:56:12,8.66,0.0,12,10392,卖盘
470,09:56:15,8.67,0.01,5,4231,买盘
471,09:56:18,8.66,-0.01,3,2598,买盘
472,09:56:22,8.66,0.0,6,5196,卖盘
473,09:56:25,8.66,0.0,12,10392,卖盘
474,09:56:27,8.66,0.0,5,4330,卖盘
475,09:56:34,8.66,0.0,1,866,卖盘
476,09:56:37,8.66,0.0,168,145706,卖盘
477,09:56:40,8.67,0.01,43,37059,买盘
478,09:56:49,8.67,0.0,57,49419,卖盘
479,09:56:52,8.67,0.0,27,23416,卖盘
480,09:56:55,8.67,0.0,24,20808,卖盘
481,09:56:58,8.68,0.01,53,46004,买盘
482,09:57:04,8.67,-0.01,54,46839,卖盘
483,09:57:06,8.68,0.01,5,4340,卖盘
484,09:57:10,8.67,-0.01,12,10404,卖盘
485,09:57:13,8.68,0.01,28,24304,买盘
486,09:57:18,8.67,-0.01,12,10404,卖盘
487,09:57:21,8.67,0.0,126,109243,卖盘
488,09:57:24,8.67,0.0,184,159736,卖盘
489,09:57:31,8.67,0.0,17,14531,买盘
490,09:57:34,8.67,0.0,2,1942,卖盘
491,09:57:37,8.66,-0.01,12,10392,卖盘
492,09:57:39,8.65,-0.01,16,13849,卖盘
493,09:57:43,8.66,0.01,21,18186,买盘
494,09:57:46,8.66,0.0,12,10392,卖盘
495,09:57:49,8.66,0.0,5,4330,卖盘
496,09:57:52,8.66,0.0,12,10392,卖盘
497,09:57:55,8.66,0.0,1,866,卖盘
498,09:57:58,8.66,0.0,7,6062,卖盘
499,09:58:00,8.66,0.0,12,10392,卖盘
500,09:58:07,8.66,0.0,77,66682,卖盘
501,09:58:09,8.66,0.0,18,15588,卖盘
502,09:58:15,8.65,-0.01,22,19040,卖盘
503,09:58:19,8.65,0.0,46,39790,卖盘
504,09:58:22,8.66,0.01,22,19040,买盘
505,09:58:25,8.65,-0.01,277,239605,卖盘
506,09:58:28,8.64,-0.01,18,15558,卖盘
507,09:58:34,8.64,0.0,12,10368,卖盘
508,09:58:40,8.64,0.0,47,40608,卖盘
509,09:58:42,8.65,0.01,50,43250,买盘
510,09:58:46,8.65,0.0,26,22469,买盘
511,09:58:49,8.64,-0.01,30,25920,卖盘
512,09:58:52,8.65,0.01,55,47575,买盘
513,09:58:54,8.64,-0.01,14,12096,卖盘
514,09:59:04,8.64,0.0,30,25932,卖盘
515,09:59:07,8.63,-0.01,328,283140,卖盘
516,09:59:10,8.63,0.0,45,38835,买盘
517,09:59:13,8.63,0.0,2,1725,买盘
518,09:59:16,8.62,-0.01,41,35371,卖盘
519,09:59:18,8.63,0.01,25,21575,买盘
520,09:59:21,8.63,0.0,87,75069,买盘
521,09:59:25,8.62,-0.01,158,136256,卖盘
522,09:59:31,8.62,0.0,6,5172,卖盘
523,09:59:34,8.62,0.0,42,36204,买盘
524,09:59:37,8.62,0.0,314,270396,卖盘
525,09:59:40,8.64,0.02,121,104444,买盘
526,09:59:43,8.62,-0.02,14,12076,卖盘
527,09:59:48,8.62,0.0,16,13792,卖盘
528,09:59:51,8.62,0.0,15,12930,买盘
529,09:59:55,8.61,-0.01,8,6889,卖盘
530,09:59:58,8.61,0.0,12,10332,卖盘
531,10:00:01,8.61,0.0,12,10332,卖盘
532,10:00:04,8.61,0.0,98,84423,卖盘
533,10:00:07,8.61,0.0,30,25830,卖盘
534,10:00:12,8.6,-0.01,66,56820,卖盘
535,10:00:15,8.6,0.0,12,10320,卖盘
536,10:00:19,8.61,0.01,95,81702,买盘
537,10:00:21,8.6,-0.01,197,168895,卖盘
538,10:00:25,8.59,-0.01,22,18913,卖盘
539,10:00:28,8.6,0.01,2,1720,卖盘
540,10:00:33,8.6,0.0,18,15480,买盘
541,10:00:36,8.6,0.0,97,83420,买盘
542,10:00:40,8.6,0.0,85,73103,卖盘
543,10:00:43,8.6,0.0,116,100410,卖盘
544,10:00:45,8.6,0.0,35,30100,卖盘
545,10:00:48,8.61,0.01,29,24969,中性盘
546,10:00:52,8.61,0.0,12,10332,卖盘
547,10:00:55,8.62,0.01,10,8620,中性盘
548,10:00:58,8.62,0.0,21,18102,卖盘
549,10:01:06,8.62,0.0,12,10344,卖盘
550,10:01:10,8.61,-0.01,73,62884,卖盘
551,10:01:18,8.62,0.01,1,862,卖盘
552,10:01:21,8.62,0.0,39,33618,卖盘
553,10:01:24,8.62,0.0,3,2586,买盘
554,10:01:28,8.61,-0.01,2,1722,卖盘
555,10:01:34,8.61,0.0,81,69741,卖盘
556,10:01:37,8.61,0.0,14,12054,卖盘
557,10:01:42,8.61,0.0,3,2583,卖盘
558,10:01:46,8.62,0.01,37,31657,买盘
559,10:01:49,8.61,-0.01,145,125052,卖盘
560,10:01:52,8.61,0.0,22,18942,买盘
561,10:01:54,8.61,0.0,1,861,买盘
562,10:01:58,8.6,-0.01,20,17200,卖盘
563,10:02:01,8.6,0.0,300,258000,卖盘
564,10:02:04,8.6,0.0,104,89440,卖盘
565,10:02:07,8.59,-0.01,909,780801,卖盘
566,10:02:10,8.6,0.01,80,68800,买盘
567,10:02:12,8.59,-0.01,83,71321,卖盘
568,10:02:16,8.59,0.0,109,93631,卖盘
569,10:02:19,8.59,0.0,445,382908,卖盘
570,10:02:22,8.6,0.01,1,860,买盘
571,10:02:25,8.59,-0.01,12,10308,卖盘
572,10:02:31,8.59,0.0,205,176195,卖盘
573,10:02:34,8.59,0.0,67,57556,卖盘
574,10:02:37,8.59,0.0,337,289483,卖盘
575,10:02:40,8.59,0.0,30,25770,卖盘
576,10:02:42,8.59,0.0,111,95349,卖盘
577,10:02:46,8.59,0.0,8,6219,卖盘
578,10:02:49,8.59,0.0,37,31783,买盘
579,10:02:52,8.59,0.0,133,114900,买盘
580,10:03:01,8.59,0.0,221,189839,卖盘
581,10:03:04,8.59,0.0,134,115106,卖盘
582,10:03:07,8.59,0.0,14,12026,卖盘
583,10:03:10,8.6,0.01,4,3440,买盘
584,10:03:13,8.59,-0.01,54,46386,卖盘
585,10:03:16,8.6,0.01,10,8600,买盘
586,10:03:19,8.59,-0.01,51,43809,卖盘
587,10:03:22,8.6,0.01,36,30928,买盘
588,10:03:27,8.6,0.0,5,4300,买盘
589,10:03:31,8.59,-0.01,88,75657,卖盘
590,10:03:34,8.6,0.01,1,860,买盘
591,10:03:37,8.59,-0.01,62,53258,卖盘
592,10:03:40,8.59,0.0,30,25770,卖盘
593,10:03:43,8.6,0.01,101,86860,买盘
594,10:03:46,8.6,0.0,10,8600,买盘
595,10:03:51,8.59,-0.01,12,10308,卖盘
596,10:03:55,8.6,0.01,98,84280,买盘
597,10:03:57,8.6,0.0,295,253686,买盘
598,10:04:00,8.6,0.0,161,138452,买盘
599,10:04:04,8.6,0.0,168,144480,买盘
600,10:04:07,8.6,0.0,312,268308,买盘
601,10:04:10,8.6,0.0,85,73100,买盘
602,10:04:13,8.6,0.0,167,143310,买盘
603,10:04:15,8.61,0.01,2,1722,买盘
604,10:04:19,8.6,-0.01,13,11181,卖盘
605,10:04:22,8.61,0.01,21,18081,买盘
606,10:04:25,8.61,0.0,6,5163,买盘
607,10:04:27,8.6,-0.01,21,18097,卖盘
608,10:04:30,8.61,0.01,5,4306,卖盘
609,10:04:34,8.61,0.0,12,10332,卖盘
610,10:04:40,8.61,0.0,30,25830,卖盘
611,10:04:43,8.63,0.02,5,4315,买盘
612,10:04:46,8.61,-0.02,55,47365,卖盘
613,10:04:49,8.63,0.02,59,50893,买盘
614,10:04:57,8.63,0.0,10,8630,卖盘
615,10:05:01,8.63,0.0,42,36246,卖盘
616,10:05:04,8.64,0.01,31,26784,买盘
617,10:05:06,8.63,-0.01,100,86371,卖盘
618,10:05:12,8.63,0.0,1,863,卖盘
619,10:05:16,8.64,0.01,12,10368,中性盘
620,10:05:19,8.63,-0.01,59,50950,卖盘
621,10:05:28,8.63,0.0,108,93204,卖盘
622,10:05:37,8.62,-0.01,11,9482,卖盘
623,10:05:40,8.62,0.0,1,862,卖盘
624,10:05:43,8.63,0.01,14,12069,买盘
625,10:05:45,8.62,-0.01,18,15516,卖盘
626,10:05:51,8.62,0.0,112,96545,卖盘
627,10:05:54,8.61,-0.01,28,24129,卖盘
628,10:06:00,8.61,0.0,12,10332,卖盘
629,10:06:04,8.61,0.0,54,46544,卖盘
630,10:06:07,8.61,0.0,38,32718,卖盘
631,10:06:10,8.61,0.0,9,7749,卖盘
632,10:06:12,8.61,0.0,12,10332,卖盘
633,10:06:16,8.61,0.0,25,21525,卖盘
634,10:06:19,8.61,0.0,32,27559,卖盘
635,10:06:22,8.61,0.0,130,111930,卖盘
636,10:06:27,8.61,0.0,12,10332,中性盘
637,10:06:30,8.6,-0.01,609,524072,卖盘
638,10:06:34,8.6,0.0,131,112660,买盘
639,10:06:36,8.6,0.0,10,8600,买盘
640,10:06:43,8.6,0.0,218,187158,买盘
641,10:06:51,8.6,0.0,20,17200,卖盘
642,10:06:55,8.61,0.01,1,861,买盘
643,10:06:58,8.6,-0.01,62,53320,卖盘
644,10:07:00,8.6,0.0,108,92880,卖盘
645,10:07:04,8.6,0.0,2,1720,卖盘
646,10:07:10,8.6,0.0,56,48160,卖盘
647,10:07:13,8.61,0.01,20,17220,买盘
648,10:07:16,8.6,-0.01,20,17200,卖盘
649,10:07:19,8.61,0.01,47,40461,买盘
650,10:07:25,8.61,0.0,84,72302,卖盘
651,10:07:33,8.61,0.0,17,14622,买盘
652,10:07:37,8.6,-0.01,13,11180,卖盘
653,10:07:40,8.6,0.0,12,10320,卖盘
654,10:07:49,8.61,0.01,6,5166,卖盘
655,10:07:52,8.61,0.0,47,40467,卖盘
656,10:07:55,8.6,-0.01,124,106663,卖盘
657,10:07:58,8.61,0.01,5,4305,卖盘
658,10:08:01,8.6,-0.01,40,34400,卖盘
659,10:08:10,8.6,0.0,20,17200,卖盘
660,10:08:12,8.6,0.0,70,60200,卖盘
661,10:08:16,8.6,0.0,92,79170,卖盘
662,10:08:19,8.6,0.0,194,167112,卖盘
663,10:08:22,8.58,-0.02,2634,2261819,卖盘
664,10:08:25,8.57,-0.01,31,26577,卖盘
665,10:08:28,8.57,0.0,73,62566,卖盘
666,10:08:34,8.57,0.0,35,29995,卖盘
667,10:08:37,8.56,-0.01,336,287767,卖盘
668,10:08:40,8.56,0.0,7,5992,卖盘
669,10:08:46,8.56,0.0,51,43656,卖盘
670,10:08:49,8.56,0.0,86,73619,卖盘
671,10:08:52,8.55,-0.01,112,95777,卖盘
672,10:08:55,8.55,0.0,38,32490,卖盘
673,10:08:58,8.54,-0.01,1093,933567,卖盘
674,10:09:04,8.53,-0.01,127,108455,卖盘
675,10:09:06,8.54,0.01,29,24740,买盘
676,10:09:09,8.54,0.0,33,28153,买盘
677,10:09:13,8.54,0.0,129,110097,卖盘
678,10:09:15,8.54,0.0,63,53768,买盘
679,10:09:19,8.54,0.0,94,80276,买盘
680,10:09:22,8.54,0.0,9,7687,卖盘
681,10:09:25,8.54,0.0,56,47828,卖盘
682,10:09:28,8.54,0.0,45,38445,卖盘
683,10:09:34,8.56,0.02,2,1712,买盘
684,10:09:37,8.56,0.0,180,154080,买盘
685,10:09:40,8.56,0.0,3,2568,卖盘
686,10:09:46,8.57,0.01,71,60833,买盘
687,10:09:49,8.57,0.0,17,14567,买盘
688,10:09:52,8.57,0.0,71,60847,卖盘
689,10:09:54,8.57,0.0,36,30852,买盘
690,10:09:58,8.58,0.01,253,216924,买盘
691,10:10:04,8.57,-0.01,24,20578,卖盘
692,10:10:07,8.58,0.01,170,145790,买盘
693,10:10:09,8.57,-0.01,4,3428,卖盘
694,10:10:12,8.58,0.01,25,21450,买盘
695,10:10:16,8.57,-0.01,38,32577,卖盘
696,10:10:18,8.58,0.01,30,25720,买盘
697,10:10:21,8.58,0.0,201,172457,买盘
698,10:10:25,8.58,0.0,7,6001,买盘
699,10:10:28,8.57,-0.01,151,129427,卖盘
700,10:10:31,8.58,0.01,111,95187,买盘
701,10:10:34,8.58,0.0,23,19733,买盘
702,10:10:36,8.57,-0.01,12,10284,卖盘
703,10:10:40,8.58,0.01,131,112333,买盘
704,10:10:42,8.58,0.0,153,131617,买盘
705,10:10:45,8.58,0.0,65,55427,卖盘
706,10:10:48,8.57,-0.01,393,336801,卖盘
707,10:10:52,8.57,0.0,94,80558,买盘
708,10:10:55,8.57,0.0,53,45420,买盘
709,10:10:57,8.56,-0.01,31,26537,卖盘
710,10:11:01,8.56,0.0,38,32546,卖盘
711,10:11:04,8.57,0.01,10,8570,买盘
712,10:11:07,8.57,0.0,73,62541,买盘
713,10:11:10,8.57,0.0,11,9427,卖盘
714,10:11:13,8.58,0.01,50,42890,买盘
715,10:11:16,8.58,0.0,14,12012,买盘
716,10:11:18,8.58,0.0,2,1716,买盘
717,10:11:22,8.58,0.0,44,38090,买盘
718,10:11:25,8.57,-0.01,10,8573,卖盘
719,10:11:28,8.58,0.01,55,47143,卖盘
720,10:11:36,8.58,0.0,27,23166,卖盘
721,10:11:42,8.6,0.02,239,205540,买盘
722,10:11:45,8.6,0.0,10,8600,卖盘
723,10:11:49,8.6,0.0,3,2580,卖盘
724,10:11:52,8.6,0.0,34,29250,卖盘
725,10:11:55,8.59,-0.01,1,859,卖盘
726,10:12:07,8.59,0.0,20,17180,卖盘
727,10:12:10,8.6,0.01,25,21485,买盘
728,10:12:13,8.6,0.0,13,11180,买盘
729,10:12:16,8.6,0.0,8,6880,买盘
730,10:12:19,8.6,0.0,4,3440,卖盘
731,10:12:22,8.61,0.01,9,7749,买盘
732,10:12:24,8.6,-0.01,29,24941,卖盘
733,10:12:28,8.6,0.0,45,38700,卖盘
734,10:12:30,8.59,-0.01,10,8590,卖盘
735,10:12:37,8.59,0.0,17,14603,买盘
736,10:12:39,8.6,0.01,5,4300,买盘
737,10:12:52,8.59,-0.01,40,34360,卖盘
738,10:12:55,8.59,0.0,5,4295,买盘
739,10:12:58,8.59,0.0,10,8590,买盘
740,10:13:01,8.59,0.0,2,1718,买盘
741,10:13:04,8.59,0.0,12,10308,买盘
742,10:13:10,8.6,0.01,22,18920,买盘
743,10:13:13,8.57,-0.03,185,158751,卖盘
744,10:13:18,8.6,0.03,40,34389,买盘
745,10:13:25,8.6,0.0,3,2580,买盘
746,10:13:28,8.6,0.0,20,17200,买盘
747,10:13:31,8.57,-0.03,54,46280,卖盘
748,10:13:34,8.6,0.03,44,37840,买盘
749,10:13:49,8.58,-0.02,11,9438,买盘
750,10:13:55,8.57,-0.01,10,8570,卖盘
751,10:14:00,8.57,0.0,4,3428,卖盘
752,10:14:04,8.57,0.0,15,12858,卖盘
753,10:14:06,8.57,0.0,50,42856,卖盘
754,10:14:10,8.57,0.0,69,59143,卖盘
755,10:14:13,8.58,0.01,10,8580,买盘
756,10:14:18,8.57,-0.01,10,8570,卖盘
757,10:14:22,8.58,0.01,87,74646,买盘
758,10:14:25,8.58,0.0,25,21450,买盘
759,10:14:28,8.58,0.0,54,46332,卖盘
760,10:14:40,8.58,0.0,46,39468,卖盘
761,10:14:54,8.59,0.01,16,13738,买盘
762,10:14:58,8.59,0.0,173,148517,买盘
763,10:15:01,8.58,-0.01,81,69498,卖盘
764,10:15:04,8.58,0.0,25,21450,卖盘
765,10:15:12,8.59,0.01,3,2577,买盘
766,10:15:19,8.59,0.0,7,6013,买盘
767,10:15:30,8.58,-0.01,80,68640,卖盘
768,10:15:34,8.58,0.0,35,30030,买盘
769,10:15:37,8.58,0.0,44,37752,卖盘
770,10:15:40,8.58,0.0,21,18018,卖盘
771,10:15:48,8.59,0.01,16,13744,买盘
772,10:15:54,8.58,-0.01,35,30049,卖盘
773,10:16:04,8.57,-0.01,25,21425,卖盘
774,10:16:10,8.57,0.0,259,221963,卖盘
775,10:16:15,8.56,-0.01,14,11984,卖盘
776,10:16:19,8.56,0.0,7,5992,卖盘
777,10:16:22,8.57,0.01,21,17978,买盘
778,10:16:25,8.56,-0.01,3,2568,卖盘
779,10:16:27,8.57,0.01,138,118148,买盘
780,10:16:34,8.56,-0.01,54,46224,卖盘
781,10:16:37,8.57,0.01,1,857,买盘
782,10:16:40,8.56,-0.01,1,856,卖盘
783,10:16:46,8.56,0.0,101,86486,卖盘
784,10:16:49,8.56,0.0,10,8560,卖盘
785,10:16:52,8.56,0.0,12,10272,卖盘
786,10:16:58,8.56,0.0,55,47080,卖盘
787,10:17:00,8.56,0.0,50,42800,卖盘
788,10:17:04,8.56,0.0,2,1712,买盘
789,10:17:06,8.55,-0.01,1000,855000,卖盘
790,10:17:10,8.56,0.01,11,9410,买盘
791,10:17:16,8.55,-0.01,2,1710,卖盘
792,10:17:19,8.56,0.01,246,210184,买盘
793,10:17:22,8.55,-0.01,20,17100,中性盘
794,10:17:25,8.54,-0.01,30,25620,卖盘
795,10:17:28,8.55,0.01,6,5130,买盘
796,10:17:31,8.55,0.0,81,69246,买盘
797,10:17:34,8.54,-0.01,94,80353,卖盘
798,10:17:36,8.54,0.0,27,23058,卖盘
799,10:17:39,8.54,0.0,20,17080,卖盘
800,10:17:43,8.54,0.0,13,11102,卖盘
801,10:17:46,8.53,-0.01,50,42686,卖盘
802,10:17:48,8.55,0.02,50,42750,买盘
803,10:17:52,8.54,-0.01,394,336599,买盘
804,10:17:58,8.56,0.02,216,184428,买盘
805,10:18:01,8.56,0.0,142,121481,买盘
806,10:18:04,8.56,0.0,101,86456,卖盘
807,10:18:07,8.56,0.0,2,1712,卖盘
808,10:18:10,8.57,0.01,17,14557,买盘
809,10:18:13,8.57,0.0,11,9427,买盘
810,10:18:16,8.56,-0.01,192,164335,卖盘
811,10:18:18,8.56,0.0,3,2568,买盘
812,10:18:22,8.55,-0.01,3,2565,卖盘
813,10:18:25,8.55,0.0,5,4275,买盘
814,10:18:28,8.55,0.0,7,5985,买盘
815,10:18:31,8.54,-0.01,75,64073,卖盘
816,10:18:33,8.54,0.0,54,46121,卖盘
817,10:18:39,8.55,0.01,6,5130,卖盘
818,10:18:46,8.56,0.01,2,1712,买盘
819,10:18:48,8.55,-0.01,90,77000,卖盘
820,10:18:55,8.55,0.0,1,855,买盘
821,10:18:58,8.55,0.0,9,7695,买盘
822,10:19:00,8.54,-0.01,50,42703,卖盘
823,10:19:06,8.55,0.01,2,1710,卖盘
824,10:19:09,8.55,0.0,23,19665,买盘
825,10:19:16,8.55,0.0,93,79515,卖盘
826,10:19:19,8.55,0.0,10,8550,买盘
827,10:19:22,8.55,0.0,38,32490,买盘
828,10:19:24,8.55,0.0,5,4275,买盘
829,10:19:30,8.55,0.0,5,4275,买盘
830,10:19:33,8.55,0.0,527,450479,买盘
831,10:19:37,8.55,0.0,16,13680,买盘
832,10:19:40,8.55,0.0,80,68397,买盘
833,10:19:43,8.55,0.0,1,855,买盘
834,10:19:51,8.56,0.01,6,5136,买盘
835,10:19:54,8.56,0.0,13,11121,买盘
836,10:19:57,8.56,0.0,4,3424,买盘
837,10:20:01,8.56,0.0,1,856,卖盘
838,10:20:04,8.55,-0.01,7,5991,卖盘
839,10:20:07,8.56,0.01,6,5136,买盘
840,10:20:10,8.57,0.01,78,66773,买盘
841,10:20:16,8.57,0.0,20,17140,买盘
842,10:20:19,8.56,-0.01,10,8607,卖盘
843,10:20:24,8.57,0.01,12,10284,买盘
844,10:20:27,8.56,-0.01,255,218237,卖盘
845,10:20:34,8.55,-0.01,45,38475,卖盘
846,10:20:37,8.56,0.01,30,25680,买盘
847,10:20:39,8.55,-0.01,54,46170,卖盘
848,10:20:42,8.56,0.01,83,70980,买盘
849,10:20:46,8.55,-0.01,44,37626,卖盘
850,10:20:52,8.55,0.0,84,71835,卖盘
851,10:20:55,8.56,0.01,4,3424,买盘
852,10:20:57,8.55,-0.01,83,70965,卖盘
853,10:21:01,8.55,0.0,6,5130,卖盘
854,10:21:04,8.55,0.0,83,70970,卖盘
855,10:21:06,8.55,0.0,20,17106,卖盘
856,10:21:10,8.55,0.0,294,251390,卖盘
857,10:21:15,8.55,0.0,100,85500,买盘
858,10:21:18,8.54,-0.01,11,9399,卖盘
859,10:21:22,8.55,0.01,37,31635,买盘
860,10:21:25,8.55,0.0,5,4275,卖盘
861,10:21:27,8.54,-0.01,57,48703,卖盘
862,10:21:31,8.55,0.01,28,23913,中性盘
863,10:21:33,8.55,0.0,5,4274,买盘
864,10:21:36,8.55,0.0,168,143570,买盘
865,10:21:40,8.55,0.0,54,46170,买盘
866,10:21:43,8.55,0.0,142,121381,买盘
867,10:21:49,8.55,0.0,4,3420,买盘
868,10:21:52,8.54,-0.01,70,59781,卖盘
869,10:21:55,8.54,0.0,15,12815,卖盘
870,10:21:58,8.55,0.01,3,2565,买盘
871,10:22:01,8.55,0.0,56,47880,买盘
872,10:22:04,8.55,0.0,20,17100,卖盘
873,10:22:13,8.55,0.0,212,181202,卖盘
874,10:22:15,8.54,-0.01,30,25620,卖盘
875,10:22:18,8.55,0.01,4,3418,买盘
876,10:22:22,8.55,0.0,1,855,买盘
877,10:22:25,8.55,0.0,14,11961,买盘
878,10:22:31,8.55,0.0,47,40185,买盘
879,10:22:40,8.55,0.0,82,70135,卖盘
880,10:22:42,8.56,0.01,42,35930,买盘
881,10:22:45,8.55,-0.01,50,42750,卖盘
882,10:22:52,8.55,0.0,3,2565,卖盘
883,10:22:58,8.56,0.01,4,3424,买盘
884,10:23:04,8.56,0.0,31,26536,买盘
885,10:23:06,8.56,0.0,232,198592,买盘
886,10:23:09,8.56,0.0,32,27435,买盘
887,10:23:15,8.56,0.0,8,6848,卖盘
888,10:23:18,8.57,0.01,34,29138,买盘
889,10:23:22,8.57,0.0,44,37708,买盘
890,10:23:30,8.58,0.01,3,2574,买盘
891,10:23:34,8.58,0.0,128,109824,买盘
892,10:23:39,8.58,0.0,46,39468,买盘
893,10:23:42,8.57,-0.01,104,89182,卖盘
894,10:23:45,8.59,0.02,2,1718,买盘
895,10:23:52,8.59,0.0,10,8590,买盘
896,10:23:58,8.59,0.0,3,2577,买盘
897,10:24:01,8.59,0.0,20,17180,买盘
898,10:24:04,8.59,0.0,30,25770,买盘
899,10:24:31,8.59,0.0,224,192569,卖盘
900,10:24:33,8.59,0.0,5,4295,卖盘
901,10:24:42,8.59,0.0,54,46396,卖盘
902,10:24:45,8.61,0.02,7,6026,买盘
903,10:24:55,8.61,0.0,17,14637,买盘
904,10:25:00,8.61,0.0,3,2583,买盘
905,10:25:09,8.6,-0.01,10,8600,卖盘
906,10:25:13,8.61,0.01,55,47305,买盘
907,10:25:16,8.61,0.0,5,4302,买盘
908,10:25:19,8.61,0.0,76,65436,买盘
909,10:25:22,8.6,-0.01,164,141190,卖盘
910,10:25:30,8.6,0.0,3,2580,买盘
911,10:25:34,8.59,-0.01,9,7739,卖盘
912,10:25:40,8.59,0.0,40,34360,卖盘
913,10:25:43,8.59,0.0,68,58412,卖盘
914,10:25:49,8.59,0.0,112,96208,卖盘
915,10:25:51,8.59,0.0,6,5154,买盘
916,10:25:54,8.58,-0.01,28,24024,卖盘
917,10:25:58,8.58,0.0,120,102980,卖盘
918,10:26:07,8.58,0.0,1,858,卖盘
919,10:26:10,8.58,0.0,4,3432,卖盘
920,10:26:13,8.59,0.01,18,15454,买盘
921,10:26:15,8.58,-0.01,8,6864,卖盘
922,10:26:19,8.59,0.01,15,12885,买盘
923,10:26:22,8.58,-0.01,5,4290,卖盘
924,10:26:27,8.58,0.0,7,6009,卖盘
925,10:26:34,8.59,0.01,5,4295,买盘
926,10:26:36,8.59,0.0,30,25770,买盘
927,10:26:45,8.58,-0.01,54,46332,卖盘
928,10:26:48,8.58,0.0,17,14595,卖盘
929,10:26:58,8.58,0.0,9,7722,卖盘
930,10:27:04,8.59,0.01,13,11156,买盘
931,10:27:07,8.58,-0.01,48,41184,卖盘
932,10:27:19,8.58,0.0,27,23166,卖盘
933,10:27:43,8.58,0.0,6,5148,卖盘
934,10:27:46,8.58,0.0,74,63492,卖盘
935,10:27:52,8.58,0.0,5,4290,卖盘
936,10:28:01,8.58,0.0,1,858,卖盘
937,10:28:10,8.59,0.01,14,12026,买盘
938,10:28:13,8.58,-0.01,3,2574,卖盘
939,10:28:16,8.58,0.0,8,6864,卖盘
940,10:28:19,8.58,0.0,30,25740,卖盘
941,10:28:21,8.58,0.0,173,148434,卖盘
942,10:28:28,8.58,0.0,12,10296,卖盘
943,10:28:33,8.58,0.0,301,258258,卖盘
944,10:28:42,8.53,-0.05,704,601754,卖盘
945,10:28:48,8.53,0.0,54,46062,卖盘
946,10:28:54,8.53,0.0,2,1706,卖盘
947,10:29:04,8.54,0.01,15,12810,卖盘
948,10:29:07,8.54,0.0,9,7686,卖盘
949,10:29:12,8.54,0.0,15,12810,卖盘
950,10:29:19,8.54,0.0,5,4270,卖盘
951,10:29:24,8.54,0.0,11,9398,卖盘
952,10:29:34,8.54,0.0,2,1709,卖盘
953,10:29:36,8.55,0.01,1,855,买盘
954,10:29:40,8.54,-0.01,239,204107,卖盘
955,10:29:43,8.54,0.0,3,2562,买盘
956,10:29:45,8.54,0.0,46,39284,买盘
957,10:29:49,8.53,-0.01,99,84522,卖盘
958,10:29:51,8.54,0.01,16,13664,卖盘
959,10:29:54,8.54,0.0,3,2563,卖盘
960,10:30:01,8.55,0.01,110,93990,买盘
961,10:30:04,8.55,0.0,23,19665,买盘
962,10:30:07,8.55,0.0,33,28215,卖盘
963,10:30:10,8.54,-0.01,54,46146,卖盘
964,10:30:18,8.54,0.0,59,50388,卖盘
965,10:30:22,8.55,0.01,20,17100,买盘
966,10:30:25,8.54,-0.01,18,15376,卖盘
967,10:30:28,8.55,0.01,102,87126,买盘
968,10:30:31,8.54,-0.01,15,12810,卖盘
969,10:30:34,8.54,0.0,12,10248,卖盘
970,10:30:37,8.54,0.0,31,26474,卖盘
971,10:30:43,8.55,0.01,1,855,买盘
972,10:30:45,8.54,-0.01,12,10248,卖盘
973,10:30:48,8.55,0.01,10,8545,买盘
974,10:30:52,8.55,0.0,236,201780,买盘
975,10:30:58,8.54,-0.01,90,76941,卖盘
976,10:31:00,8.55,0.01,1,855,买盘
977,10:31:06,8.54,-0.01,4,3416,卖盘
978,10:31:10,8.54,0.0,81,69234,卖盘
979,10:31:13,8.54,0.0,60,51288,卖盘
980,10:31:16,8.55,0.01,5,4275,买盘
981,10:31:21,8.55,0.0,3,2565,买盘
982,10:31:25,8.54,-0.01,39,33323,卖盘
983,10:31:27,8.54,0.0,12,10248,卖盘
984,10:31:31,8.56,0.02,153,130668,买盘
985,10:31:34,8.54,-0.02,4,3418,卖盘
986,10:31:37,8.55,0.01,3,2565,卖盘
987,10:31:40,8.55,0.0,42,35910,卖盘
988,10:31:43,8.56,0.01,2,1712,买盘
989,10:31:46,8.55,-0.01,222,189810,卖盘
990,10:31:49,8.54,-0.01,39,33340,卖盘
991,10:31:52,8.54,0.0,57,48681,卖盘
992,10:31:55,8.54,0.0,51,43554,卖盘
993,10:31:58,8.54,0.0,2,1708,卖盘
994,10:32:01,8.54,0.0,30,25620,卖盘
995,10:32:04,8.55,0.01,145,123975,买盘
996,10:32:06,8.54,-0.01,16,13668,卖盘
997,10:32:10,8.54,0.0,3,2562,买盘
998,10:32:13,8.54,0.0,7,5983,卖盘
999,10:32:16,8.54,0.0,15,12810,卖盘
1000,10:32:19,8.55,0.01,6,5130,买盘
1001,10:32:22,8.55,0.0,13,11115,卖盘
1002,10:32:27,8.55,0.0,49,41895,卖盘
1003,10:32:31,8.56,0.01,4,3424,买盘
1004,10:32:34,8.55,-0.01,12,10260,卖盘
1005,10:32:37,8.55,0.0,18,15390,卖盘
1006,10:32:39,8.56,0.01,8,6848,买盘
1007,10:32:43,8.55,-0.01,39,33345,卖盘
1008,10:32:45,8.55,0.0,1,855,买盘
1009,10:32:48,8.55,0.0,38,32483,买盘
1010,10:32:52,8.55,0.0,28,23920,买盘
1011,10:32:55,8.55,0.0,128,109440,买盘
1012,10:32:58,8.55,0.0,4,3420,卖盘
1013,10:33:01,8.55,0.0,122,104310,卖盘
1014,10:33:09,8.55,0.0,5,4275,卖盘
1015,10:33:12,8.55,0.0,59,50445,卖盘
1016,10:33:16,8.55,0.0,1,855,买盘
1017,10:33:18,8.55,0.0,79,67545,买盘
1018,10:33:22,8.56,0.01,3,2568,买盘
1019,10:33:27,8.55,-0.01,22,18820,卖盘
1020,10:33:34,8.55,0.0,71,60735,卖盘
1021,10:33:39,8.55,0.0,12,10260,卖盘
1022,10:33:43,8.56,0.01,170,145458,买盘
1023,10:33:55,8.56,0.0,26,22244,买盘
1024,10:33:58,8.56,0.0,132,112992,买盘
1025,10:34:10,8.56,0.0,59,50504,卖盘
1026,10:34:12,8.56,0.0,15,12840,卖盘
1027,10:34:19,8.56,0.0,10,8560,买盘
1028,10:34:22,8.55,-0.01,42,35910,卖盘
1029,10:34:25,8.55,0.0,25,21390,卖盘
1030,10:34:28,8.56,0.01,5,4280,买盘
1031,10:34:31,8.56,0.0,30,25680,卖盘
1032,10:34:34,8.55,-0.01,92,78718,卖盘
1033,10:34:39,8.55,0.0,3,2565,卖盘
1034,10:34:43,8.55,0.0,30,25650,卖盘
1035,10:34:48,8.55,0.0,68,58140,卖盘
1036,10:34:54,8.57,0.02,65,55591,买盘
1037,10:34:58,8.56,-0.01,15,12840,卖盘
1038,10:35:04,8.57,0.01,17,14557,买盘
1039,10:35:07,8.57,0.0,20,17140,买盘
1040,10:35:12,8.57,0.0,78,66846,买盘
1041,10:35:16,8.56,-0.01,12,10272,卖盘
1042,10:35:22,8.56,0.0,31,26536,卖盘
1043,10:35:31,8.56,0.0,14,11984,卖盘
1044,10:35:40,8.57,0.01,5,4285,买盘
1045,10:35:43,8.56,-0.01,12,10272,卖盘
1046,10:35:46,8.56,0.0,15,12840,卖盘
1047,10:35:54,8.56,0.0,15,12840,买盘
1048,10:35:58,8.55,-0.01,66,56473,卖盘
1049,10:36:04,8.55,0.0,54,46170,卖盘
1050,10:36:09,8.56,0.01,10,8560,卖盘
1051,10:36:13,8.56,0.0,12,10272,卖盘
1052,10:36:16,8.56,0.0,5,4280,卖盘
1053,10:36:25,8.56,0.0,63,53929,卖盘
1054,10:36:37,8.57,0.01,13,11129,买盘
1055,10:36:43,8.57,0.0,57,48849,买盘
1056,10:36:45,8.56,-0.01,15,12840,卖盘
1057,10:36:49,8.56,0.0,32,27412,卖盘
1058,10:36:51,8.57,0.01,3,2571,买盘
1059,10:36:55,8.57,0.0,50,42850,卖盘
1060,10:37:01,8.57,0.0,54,46278,卖盘
1061,10:37:04,8.57,0.0,2,1714,卖盘
1062,10:37:06,8.58,0.01,196,168081,买盘
1063,10:37:13,8.6,0.02,90,77400,买盘
1064,10:37:16,8.58,-0.02,30,25740,卖盘
1065,10:37:19,8.58,0.0,12,10296,卖盘
1066,10:37:34,8.58,0.0,31,26598,卖盘
1067,10:37:42,8.59,0.01,65,55834,买盘
1068,10:37:45,8.59,0.0,12,10308,卖盘
1069,10:37:49,8.59,0.0,30,25770,卖盘
1070,10:37:52,8.59,0.0,3,2577,卖盘
1071,10:38:00,8.58,-0.01,117,100449,卖盘
1072,10:38:04,8.59,0.01,5,4295,买盘
1073,10:38:06,8.58,-0.01,30,25740,卖盘
1074,10:38:09,8.59,0.01,6,5154,买盘
1075,10:38:12,8.58,-0.01,36,30888,卖盘
1076,10:38:16,8.59,0.01,180,154520,买盘
1077,10:38:19,8.58,-0.01,30,25740,卖盘
1078,10:38:22,8.58,0.0,8,6864,卖盘
1079,10:38:27,8.58,0.0,39,33462,卖盘
1080,10:38:36,8.58,0.0,10,8580,买盘
1081,10:38:43,8.57,-0.01,12,10284,卖盘
1082,10:38:51,8.57,0.0,6,5142,卖盘
1083,10:38:55,8.57,0.0,12,10284,卖盘
1084,10:39:00,8.57,0.0,48,41136,卖盘
1085,10:39:04,8.57,0.0,1,857,卖盘
1086,10:39:09,8.57,0.0,26,22287,卖盘
1087,10:39:16,8.57,0.0,35,29965,买盘
1088,10:39:19,8.56,-0.01,15,12840,卖盘
1089,10:39:21,8.56,0.0,17,14557,卖盘
1090,10:39:27,8.56,0.0,11,9416,卖盘
1091,10:39:33,8.56,0.0,177,151512,卖盘
1092,10:39:36,8.57,0.01,27,23127,买盘
1093,10:39:43,8.57,0.0,15,12855,卖盘
1094,10:39:48,8.57,0.0,14,11998,买盘
1095,10:39:51,8.56,-0.01,35,29960,卖盘
1096,10:39:54,8.55,-0.01,26,22264,卖盘
1097,10:40:09,8.56,0.01,18,15408,卖盘
1098,10:40:18,8.56,0.0,12,10272,卖盘
1099,10:40:22,8.56,0.0,120,102640,卖盘
1100,10:40:24,8.56,0.0,2,1712,买盘
1101,10:40:34,8.55,-0.01,63,53865,卖盘
1102,10:40:37,8.55,0.0,30,25650,卖盘
1103,10:40:42,8.55,0.0,12,10260,卖盘
1104,10:40:45,8.56,0.01,41,35096,买盘
1105,10:40:48,8.56,0.0,9,7704,卖盘
1106,10:40:52,8.56,0.0,3,2568,买盘
1107,10:41:04,8.56,0.0,4,3424,卖盘
1108,10:41:07,8.55,-0.01,20,17100,卖盘
1109,10:41:13,8.56,0.01,26,22256,买盘
1110,10:41:25,8.56,0.0,74,63344,卖盘
1111,10:41:30,8.56,0.0,377,322712,买盘
1112,10:41:33,8.56,0.0,3,2568,买盘
1113,10:41:37,8.56,0.0,216,184896,买盘
1114,10:41:43,8.57,0.01,35,29965,买盘
1115,10:41:45,8.56,-0.01,1,856,卖盘
1116,10:41:52,8.56,0.0,13,11128,卖盘
1117,10:42:04,8.58,0.02,47,40319,买盘
1118,10:42:06,8.56,-0.02,21,17976,卖盘
1119,10:42:09,8.56,0.0,46,39376,卖盘
1120,10:42:21,8.57,0.01,13,11141,卖盘
1121,10:42:33,8.57,0.0,30,25710,卖盘
1122,10:42:39,8.57,0.0,9,7713,卖盘
1123,10:42:57,8.57,0.0,30,25710,卖盘
1124,10:43:04,8.58,0.01,10,8580,买盘
1125,10:43:07,8.58,0.0,5,4290,买盘
1126,10:43:10,8.58,0.0,6,5148,买盘
1127,10:43:15,8.58,0.0,61,52338,买盘
1128,10:43:24,8.58,0.0,17,14586,卖盘
1129,10:43:30,8.57,-0.01,5,4285,卖盘
1130,10:43:40,8.57,0.0,125,107141,卖盘
1131,10:43:49,8.57,0.0,30,25710,卖盘
1132,10:43:52,8.58,0.01,43,36894,买盘
1133,10:43:54,8.59,0.01,34,29201,买盘
1134,10:43:57,8.59,0.0,29,24911,买盘
1135,10:44:01,8.59,0.0,41,35219,买盘
1136,10:44:07,8.57,-0.02,46,39461,卖盘
1137,10:44:10,8.58,0.01,11,9438,买盘
1138,10:44:13,8.58,0.0,9,7722,买盘
1139,10:44:16,8.58,0.0,9,7722,买盘
1140,10:44:19,8.59,0.01,5,4294,买盘
1141,10:44:30,8.58,-0.01,30,25740,卖盘
1142,10:44:34,8.59,0.01,1,859,买盘
1143,10:44:40,8.58,-0.01,9,7722,卖盘
1144,10:44:51,8.58,0.0,46,39486,卖盘
1145,10:44:54,8.58,0.0,30,25740,卖盘
1146,10:45:01,8.57,-0.01,14,12005,卖盘
1147,10:45:04,8.57,0.0,18,15426,卖盘
1148,10:45:06,8.57,0.0,37,31709,卖盘
1149,10:45:10,8.59,0.02,17,14588,买盘
1150,10:45:13,8.59,0.0,61,52399,卖盘
1151,10:45:16,8.59,0.0,2,1718,卖盘
1152,10:45:22,8.6,0.01,38,32645,买盘
1153,10:45:28,8.59,-0.01,10,8590,卖盘
1154,10:45:33,8.6,0.01,27,23201,买盘
1155,10:45:43,8.6,0.0,2,1720,买盘
1156,10:45:49,8.59,-0.01,42,36090,卖盘
1157,10:46:04,8.59,0.0,60,51540,卖盘
1158,10:46:07,8.59,0.0,1,859,卖盘
1159,10:46:10,8.59,0.0,2,1718,卖盘
1160,10:46:12,8.59,0.0,21,18039,卖盘
1161,10:46:19,8.59,0.0,51,43719,买盘
1162,10:46:22,8.59,0.0,5,4295,买盘
1163,10:46:42,8.58,-0.01,2,1716,卖盘
1164,10:46:46,8.58,0.0,24,20595,卖盘
1165,10:46:49,8.58,0.0,28,24024,卖盘
1166,10:46:55,8.58,0.0,27,23166,卖盘
1167,10:47:01,8.58,0.0,30,25740,卖盘
1168,10:47:04,8.58,0.0,10,8580,卖盘
1169,10:47:06,8.58,0.0,8,6871,卖盘
1170,10:47:09,8.59,0.01,23,19754,买盘
1171,10:47:13,8.58,-0.01,5,4290,卖盘
1172,10:47:19,8.58,0.0,14,12012,卖盘
1173,10:47:28,8.58,0.0,52,44616,买盘
1174,10:47:31,8.58,0.0,4,3432,卖盘
1175,10:47:34,8.58,0.0,1,858,卖盘
1176,10:47:37,8.58,0.0,1,858,卖盘
1177,10:47:40,8.58,0.0,20,17160,卖盘
1178,10:47:51,8.58,0.0,3,2574,卖盘
1179,10:47:55,8.58,0.0,1,858,卖盘
1180,10:47:58,8.58,0.0,8,6864,卖盘
1181,10:48:10,8.59,0.01,139,119401,买盘
1182,10:48:19,8.59,0.0,4,3436,卖盘
1183,10:48:24,8.6,0.01,7,6020,买盘
1184,10:48:31,8.6,0.0,8,6880,买盘
1185,10:48:34,8.6,0.0,5,4300,买盘
1186,10:48:36,8.61,0.01,141,121265,买盘
1187,10:48:46,8.6,-0.01,21,18060,卖盘
1188,10:48:49,8.61,0.01,47,40467,买盘
1189,10:48:51,8.61,0.0,22,18942,买盘
1190,10:48:55,8.61,0.0,31,26691,买盘
1191,10:48:57,8.61,0.0,14,12054,买盘
1192,10:49:00,8.62,0.01,22,18964,买盘
1193,10:49:09,8.63,0.01,7,6035,买盘
1194,10:49:13,8.63,0.0,37,31931,买盘
1195,10:49:22,8.63,0.0,9,7762,买盘
1196,10:49:28,8.62,-0.01,10,8620,卖盘
1197,10:49:39,8.63,0.01,17,14669,买盘
1198,10:49:43,8.62,-0.01,1,862,卖盘
1199,10:49:52,8.62,0.0,20,17240,卖盘
1200,10:49:55,8.62,0.0,35,30170,卖盘
1201,10:49:58,8.62,0.0,2,1724,卖盘
1202,10:50:00,8.63,0.01,10,8630,买盘
1203,10:50:07,8.63,0.0,83,71629,买盘
1204,10:50:12,8.62,-0.01,73,62989,卖盘
1205,10:50:16,8.64,0.02,2,1728,买盘
1206,10:50:22,8.64,0.0,11,9504,买盘
1207,10:50:25,8.64,0.0,1,864,买盘
1208,10:50:28,8.66,0.02,200,172933,买盘
1209,10:50:33,8.64,-0.02,7,6048,买盘
1210,10:50:37,8.64,0.0,45,38880,买盘
1211,10:50:40,8.66,0.02,107,92622,买盘
1212,10:50:43,8.66,0.0,16,13856,买盘
1213,10:50:45,8.66,0.0,4,3464,卖盘
1214,10:50:51,8.66,0.0,67,58036,买盘
1215,10:50:55,8.66,0.0,2,1732,卖盘
1216,10:50:58,8.66,0.0,12,10392,卖盘
1217,10:51:01,8.66,0.0,64,55446,卖盘
1218,10:51:04,8.66,0.0,72,62352,买盘
1219,10:51:07,8.66,0.0,46,39836,买盘
1220,10:51:10,8.66,0.0,66,57215,卖盘
1221,10:51:12,8.66,0.0,9,7794,买盘
1222,10:51:18,8.66,0.0,8,6928,买盘
1223,10:51:24,8.65,-0.01,80,69266,卖盘
1224,10:51:27,8.66,0.01,113,97858,买盘
1225,10:51:30,8.65,-0.01,12,10380,卖盘
1226,10:51:34,8.64,-0.01,16,13838,卖盘
1227,10:51:40,8.63,-0.01,1,863,卖盘
1228,10:51:43,8.63,0.0,22,18986,卖盘
1229,10:51:48,8.64,0.01,14,12096,买盘
1230,10:51:52,8.64,0.0,1,864,卖盘
1231,10:51:54,8.64,0.0,81,69984,卖盘
1232,10:51:58,8.63,-0.01,42,36270,卖盘
1233,10:52:00,8.65,0.02,200,172974,买盘
1234,10:52:09,8.65,0.0,2,1730,买盘
1235,10:52:12,8.65,0.0,53,45845,买盘
1236,10:52:25,8.65,0.0,312,269786,买盘
1237,10:52:33,8.65,0.0,11,9515,买盘
1238,10:52:36,8.65,0.0,5,4325,买盘
1239,10:52:45,8.64,-0.01,18,15570,卖盘
1240,10:52:51,8.65,0.01,18,15580,卖盘
1241,10:52:54,8.67,0.02,99,85764,买盘
1242,10:52:57,8.65,-0.02,34,29421,卖盘
1243,10:53:04,8.66,0.01,20,17339,卖盘
1244,10:53:07,8.68,0.02,336,291599,买盘
1245,10:53:18,8.68,0.0,52,45136,买盘
1246,10:53:27,8.69,0.01,91,78909,买盘
1247,10:53:30,8.69,0.0,10,8690,买盘
1248,10:53:36,8.68,-0.01,17,14770,卖盘
1249,10:53:40,8.69,0.01,30,26069,买盘
1250,10:53:43,8.68,-0.01,68,59046,卖盘
1251,10:53:46,8.69,0.01,91,79079,中性盘
1252,10:53:49,8.69,0.0,3,2607,买盘
1253,10:53:51,8.68,-0.01,64,55562,卖盘
1254,10:53:55,8.69,0.01,60,52139,买盘
1255,10:53:58,8.69,0.0,149,129451,买盘
1256,10:54:01,8.7,0.01,19,16512,买盘
1257,10:54:04,8.69,-0.01,88,76545,卖盘
1258,10:54:07,8.7,0.01,71,61760,买盘
1259,10:54:09,8.69,-0.01,39,33913,卖盘
1260,10:54:13,8.71,0.02,124,107932,买盘
1261,10:54:15,8.7,-0.01,1,870,买盘
1262,10:54:19,8.71,0.01,130,113230,买盘
1263,10:54:21,8.71,0.0,10,8710,买盘
1264,10:54:24,8.68,-0.03,275,239208,卖盘
1265,10:54:27,8.69,0.01,25,21725,买盘
1266,10:54:30,8.69,0.0,19,16511,买盘
1267,10:54:36,8.7,0.01,20,17400,买盘
1268,10:54:40,8.71,0.01,41,35702,买盘
1269,10:54:43,8.71,0.0,6,5226,卖盘
1270,10:54:45,8.71,0.0,3,2613,买盘
1271,10:54:49,8.71,0.0,73,63580,买盘
1272,10:54:52,8.71,0.0,13,11320,买盘
1273,10:54:55,8.71,0.0,11,9581,卖盘
1274,10:54:57,8.72,0.01,33,28774,买盘
1275,10:55:00,8.71,-0.01,148,128936,卖盘
1276,10:55:04,8.71,0.0,48,41775,买盘
1277,10:55:06,8.69,-0.02,59,51318,卖盘
1278,10:55:10,8.71,0.02,4,3484,买盘
1279,10:55:13,8.7,-0.01,24,20869,买盘
1280,10:55:16,8.69,-0.01,1,869,卖盘
1281,10:55:18,8.68,-0.01,31,26923,卖盘
1282,10:55:21,8.7,0.02,142,123557,买盘
1283,10:55:24,8.7,0.0,23,20010,卖盘
1284,10:55:27,8.71,0.01,266,231461,买盘
1285,10:55:31,8.7,-0.01,44,38295,卖盘
1286,10:55:34,8.7,0.0,5,4352,卖盘
1287,10:55:36,8.7,0.0,18,15662,卖盘
1288,10:55:39,8.7,0.0,29,25230,卖盘
1289,10:55:42,8.7,0.0,68,59197,卖盘
1290,10:55:45,8.7,0.0,11,9571,卖盘
1291,10:55:48,8.7,0.0,81,70470,卖盘
1292,10:55:51,8.7,0.0,16,13920,卖盘
1293,10:55:54,8.7,0.0,27,23121,买盘
1294,10:55:57,8.7,0.0,41,35691,卖盘
1295,10:56:00,8.7,0.0,47,41264,卖盘
1296,10:56:06,8.71,0.01,216,187980,买盘
1297,10:56:09,8.7,-0.01,64,55680,买盘
1298,10:56:12,8.69,-0.01,39,33925,卖盘
1299,10:56:15,8.7,0.01,2,1740,买盘
1300,10:56:18,8.71,0.01,29,25245,买盘
1301,10:56:21,8.7,-0.01,5,4350,中性盘
1302,10:56:24,8.7,0.0,27,23490,卖盘
1303,10:56:31,8.7,0.0,2,1740,卖盘
1304,10:56:37,8.7,0.0,2,1740,卖盘
1305,10:56:39,8.71,0.01,43,37453,买盘
1306,10:56:43,8.7,-0.01,48,41760,卖盘
1307,10:56:45,8.71,0.01,29,25248,买盘
1308,10:56:54,8.72,0.01,231,200871,买盘
1309,10:56:58,8.69,-0.03,260,226224,卖盘
1310,10:57:04,8.71,0.02,73,63583,卖盘
1311,10:57:06,8.72,0.01,39,34007,买盘
1312,10:57:10,8.72,0.0,42,36624,买盘
1313,10:57:12,8.71,-0.01,87,75719,卖盘
1314,10:57:21,8.71,0.0,38,33098,买盘
1315,10:57:24,8.71,0.0,130,113200,买盘
1316,10:57:27,8.71,0.0,16,13936,买盘
1317,10:57:30,8.7,-0.01,1,870,卖盘
1318,10:57:34,8.71,0.01,2,1742,买盘
1319,10:57:37,8.71,0.0,49,42679,买盘
1320,10:57:39,8.71,0.0,102,88842,买盘
1321,10:57:45,8.71,0.0,50,43550,卖盘
1322,10:57:48,8.72,0.01,1,872,买盘
1323,10:57:52,8.72,0.0,60,52320,买盘
1324,10:57:54,8.73,0.01,309,269548,买盘
1325,10:57:57,8.72,-0.01,20,17440,卖盘
1326,10:58:01,8.72,0.0,45,39272,卖盘
1327,10:58:04,8.73,0.01,307,268011,买盘
1328,10:58:06,8.72,-0.01,14,12211,卖盘
1329,10:58:09,8.73,0.01,13,11349,买盘
1330,10:58:12,8.74,0.01,80,69846,买盘
1331,10:58:15,8.74,0.0,299,261261,买盘
1332,10:58:18,8.74,0.0,131,114484,买盘
1333,10:58:22,8.74,0.0,45,39330,买盘
1334,10:58:24,8.75,0.01,209,182872,买盘
1335,10:58:27,8.74,-0.01,383,335104,卖盘
1336,10:58:31,8.75,0.01,112,97938,买盘
1337,10:58:34,8.76,0.01,48,42048,买盘
1338,10:58:36,8.76,0.0,32,28032,卖盘
1339,10:58:39,8.77,0.01,64,56064,买盘
1340,10:58:42,8.77,0.0,156,136801,买盘
1341,10:58:45,8.76,-0.01,12,10513,卖盘
1342,10:58:49,8.77,0.01,56,49107,买盘
1343,10:58:52,8.77,0.0,545,478059,买盘
1344,10:58:54,8.77,0.0,52,45608,卖盘
1345,10:58:58,8.8,0.03,1123,986963,买盘
1346,10:59:00,8.78,-0.02,170,149100,中性盘
1347,10:59:04,8.78,0.0,16,14078,卖盘
1348,10:59:06,8.8,0.02,283,249040,买盘
1349,10:59:10,8.8,0.0,12,10560,买盘
1350,10:59:12,8.8,0.0,20,17591,买盘
1351,10:59:15,8.8,0.0,90,79098,买盘
1352,10:59:18,8.79,-0.01,86,75660,中性盘
1353,10:59:21,8.78,-0.01,263,231233,卖盘
1354,10:59:25,8.78,0.0,38,33376,卖盘
1355,10:59:28,8.8,0.02,20,17600,买盘
1356,10:59:30,8.79,-0.01,114,100172,中性盘
1357,10:59:34,8.78,-0.01,295,259083,卖盘
1358,10:59:36,8.79,0.01,148,129900,买盘
1359,10:59:39,8.75,-0.04,664,582159,卖盘
1360,10:59:42,8.75,0.0,107,93625,卖盘
1361,10:59:45,8.73,-0.02,200,174899,卖盘
1362,10:59:49,8.73,0.0,38,33164,买盘
1363,10:59:51,8.72,-0.01,30,26165,卖盘
1364,10:59:54,8.73,0.01,20,17458,买盘
1365,10:59:58,8.77,0.04,87,76037,买盘
1366,11:00:00,8.77,0.0,8,7016,卖盘
1367,11:00:09,8.73,-0.04,160,139684,卖盘
1368,11:00:15,8.77,0.04,13,11387,买盘
1369,11:00:18,8.77,0.0,46,40298,买盘
1370,11:00:21,8.75,-0.02,62,54356,卖盘
1371,11:00:24,8.74,-0.01,11,9616,卖盘
1372,11:00:27,8.75,0.01,96,83954,买盘
1373,11:00:30,8.75,0.0,88,77000,卖盘
1374,11:00:34,8.75,0.0,250,218710,买盘
1375,11:00:37,8.74,-0.01,46,40215,卖盘
1376,11:00:39,8.76,0.02,159,138995,买盘
1377,11:00:42,8.76,0.0,77,67306,买盘
1378,11:00:45,8.75,-0.01,28,24510,卖盘
1379,11:00:49,8.75,0.0,271,236969,卖盘
1380,11:00:52,8.74,-0.01,86,75187,卖盘
1381,11:00:54,8.75,0.01,334,292753,买盘
1382,11:00:57,8.74,-0.01,6,5244,卖盘
1383,11:01:01,8.75,0.01,10,8750,买盘
1384,11:01:04,8.73,-0.02,87,75472,卖盘
1385,11:01:06,8.74,0.01,44,38456,买盘
1386,11:01:16,8.73,-0.01,1,873,卖盘
1387,11:01:21,8.74,0.01,19,17122,买盘
1388,11:01:24,8.74,0.0,50,43700,卖盘
1389,11:01:27,8.75,0.01,41,35869,买盘
1390,11:01:36,8.74,-0.01,1,874,卖盘
1391,11:01:39,8.75,0.01,20,17500,买盘
1392,11:01:42,8.75,0.0,269,235279,买盘
1393,11:01:45,8.75,0.0,7,6125,卖盘
1394,11:01:51,8.75,0.0,49,42875,卖盘
1395,11:01:54,8.76,0.01,305,267050,买盘
1396,11:01:57,8.76,0.0,65,56890,买盘
1397,11:02:01,8.76,0.0,73,63933,买盘
1398,11:02:03,8.76,0.0,7,6132,卖盘
1399,11:02:06,8.76,0.0,69,60485,卖盘
1400,11:02:10,8.77,0.01,30,26281,买盘
1401,11:02:12,8.77,0.0,16,14018,买盘
1402,11:02:18,8.75,-0.02,110,96364,卖盘
1403,11:02:21,8.77,0.02,20,17540,买盘
1404,11:02:25,8.77,0.0,10,8770,买盘
1405,11:02:27,8.76,-0.01,6,5256,卖盘
1406,11:02:31,8.76,0.0,3,2628,买盘
1407,11:02:33,8.75,-0.01,47,41125,卖盘
1408,11:02:37,8.75,0.0,9,7875,买盘
1409,11:02:40,8.75,0.0,16,14000,买盘
1410,11:02:42,8.74,-0.01,78,68172,卖盘
1411,11:02:51,8.74,0.0,75,65553,卖盘
1412,11:02:57,8.74,0.0,82,71668,买盘
1413,11:03:03,8.74,0.0,3,2622,买盘
1414,11:03:06,8.74,0.0,62,54169,买盘
1415,11:03:10,8.73,-0.01,48,41904,卖盘
1416,11:03:12,8.73,0.0,122,106619,卖盘
1417,11:03:16,8.73,0.0,139,121347,卖盘
1418,11:03:18,8.74,0.01,36,31429,买盘
1419,11:03:22,8.73,-0.01,2,1746,卖盘
1420,11:03:24,8.73,0.0,53,46269,卖盘
1421,11:03:30,8.73,0.0,162,141429,买盘
1422,11:03:39,8.73,0.0,84,73332,卖盘
1423,11:03:42,8.72,-0.01,111,96860,卖盘
1424,11:03:45,8.73,0.01,20,17460,中性盘
1425,11:03:52,8.74,0.01,35,30560,买盘
1426,11:03:54,8.74,0.0,2,1748,买盘
1427,11:03:57,8.73,-0.01,5,4365,卖盘
1428,11:04:01,8.73,0.0,100,87300,卖盘
1429,11:04:09,8.73,0.0,1,873,卖盘
1430,11:04:12,8.73,0.0,120,104775,卖盘
1431,11:04:21,8.74,0.01,65,56772,买盘
1432,11:04:27,8.73,-0.01,11,9603,卖盘
1433,11:04:31,8.73,0.0,46,40158,卖盘
1434,11:04:36,8.73,0.0,12,10476,卖盘
1435,11:04:39,8.73,0.0,5,4365,卖盘
1436,11:04:42,8.73,0.0,76,66348,卖盘
1437,11:04:45,8.73,0.0,3,2619,卖盘
1438,11:04:48,8.72,-0.01,4,3488,卖盘
1439,11:04:57,8.72,0.0,57,49571,卖盘
1440,11:05:00,8.72,0.0,20,17440,卖盘
1441,11:05:09,8.73,0.01,15,13095,买盘
1442,11:05:13,8.73,0.0,56,48888,卖盘
1443,11:05:21,8.73,0.0,13,11349,买盘
1444,11:05:24,8.73,0.0,310,270630,买盘
1445,11:05:27,8.72,-0.01,20,17440,卖盘
1446,11:05:30,8.72,0.0,4,3490,卖盘
1447,11:05:33,8.73,0.01,50,43650,买盘
1448,11:05:40,8.73,0.0,21,18333,买盘
1449,11:05:42,8.73,0.0,6,5238,买盘
1450,11:05:48,8.72,-0.01,76,66272,卖盘
1451,11:05:51,8.73,0.01,111,96934,买盘
1452,11:06:00,8.73,0.0,30,26190,买盘
1453,11:06:04,8.73,0.0,87,75951,买盘
1454,11:06:06,8.73,0.0,1,873,卖盘
1455,11:06:09,8.73,0.0,50,43650,卖盘
1456,11:06:12,8.74,0.01,6,5239,买盘
1457,11:06:19,8.73,-0.01,17,14841,卖盘
1458,11:06:22,8.74,0.01,11,9614,买盘
1459,11:06:31,8.74,0.0,114,99523,买盘
1460,11:06:34,8.74,0.0,61,53284,买盘
1461,11:06:39,8.73,-0.01,172,150228,卖盘
1462,11:06:42,8.74,0.01,101,88274,买盘
1463,11:06:45,8.74,0.0,79,69046,买盘
1464,11:06:51,8.74,0.0,79,69046,卖盘
1465,11:06:55,8.75,0.01,6,5243,买盘
1466,11:06:58,8.75,0.0,1,875,买盘
1467,11:07:04,8.77,0.02,400,350215,买盘
1468,11:07:12,8.77,0.0,147,128919,买盘
1469,11:07:19,8.77,0.0,16,14032,买盘
1470,11:07:21,8.74,-0.03,13,11368,卖盘
1471,11:07:33,8.74,0.0,76,66428,卖盘
1472,11:07:36,8.75,0.01,12,10489,买盘
1473,11:07:39,8.73,-0.02,70,61120,卖盘
1474,11:07:42,8.73,0.0,118,103015,卖盘
1475,11:07:45,8.73,0.0,22,19206,买盘
1476,11:07:48,8.74,0.01,263,229351,买盘
1477,11:07:51,8.71,-0.03,76,66234,卖盘
1478,11:07:57,8.71,0.0,50,43550,卖盘
1479,11:08:01,8.7,-0.01,63,54860,卖盘
1480,11:08:04,8.71,0.01,1,871,中性盘
1481,11:08:09,8.7,-0.01,200,174000,卖盘
1482,11:08:16,8.72,0.02,7,5866,买盘
1483,11:08:21,8.72,0.0,20,17440,买盘
1484,11:08:24,8.72,0.0,40,34860,买盘
1485,11:08:27,8.71,-0.01,19,16784,卖盘
1486,11:08:30,8.7,-0.01,86,74830,卖盘
1487,11:08:33,8.71,0.01,2,1742,买盘
1488,11:08:36,8.71,0.0,60,52349,买盘
1489,11:08:40,8.71,0.0,8,6968,买盘
1490,11:08:42,8.71,0.0,20,17420,买盘
1491,11:08:45,8.71,0.0,45,38817,买盘
1492,11:08:52,8.72,0.01,70,60976,买盘
1493,11:08:55,8.7,-0.02,12,10455,卖盘
1494,11:08:57,8.71,0.01,7,6097,中性盘
1495,11:09:04,8.71,0.0,70,60970,卖盘
1496,11:09:09,8.71,0.0,223,194233,卖盘
1497,11:09:30,8.7,-0.01,7,6090,卖盘
1498,11:09:42,8.7,0.0,9,7835,卖盘
1499,11:09:48,8.7,0.0,45,39524,卖盘
1500,11:09:52,8.69,-0.01,55,47795,卖盘
1501,11:09:55,8.68,-0.01,26,22221,卖盘
1502,11:09:58,8.69,0.01,5,4345,中性盘
1503,11:10:00,8.7,0.01,1,870,卖盘
1504,11:10:04,8.7,0.0,9,7830,卖盘
1505,11:10:10,8.7,0.0,4,3480,卖盘
1506,11:10:21,8.7,0.0,10,8700,买盘
1507,11:10:28,8.7,0.0,84,73080,买盘
1508,11:10:30,8.7,0.0,10,8700,买盘
1509,11:10:36,8.7,0.0,1,870,买盘
1510,11:10:40,8.7,0.0,106,92220,买盘
1511,11:10:42,8.71,0.01,117,101907,买盘
1512,11:10:45,8.7,-0.01,50,43500,卖盘
1513,11:10:48,8.7,0.0,72,62662,卖盘
1514,11:10:51,8.71,0.01,89,77443,买盘
1515,11:10:57,8.71,0.0,68,59228,卖盘
1516,11:11:00,8.71,0.0,35,30519,卖盘
1517,11:11:04,8.72,0.01,6,5232,买盘
1518,11:11:06,8.72,0.0,90,78420,买盘
1519,11:11:13,8.72,0.0,7,6104,卖盘
1520,11:11:19,8.72,0.0,43,37496,买盘
1521,11:11:25,8.72,0.0,14,12208,卖盘
1522,11:11:30,8.72,0.0,9,7848,买盘
1523,11:11:33,8.72,0.0,2,1744,买盘
1524,11:11:36,8.72,0.0,25,21800,买盘
1525,11:11:39,8.72,0.0,3,2616,卖盘
1526,11:11:42,8.72,0.0,1,872,卖盘
1527,11:11:45,8.71,-0.01,33,28748,卖盘
1528,11:11:48,8.71,0.0,46,40066,卖盘
1529,11:11:54,8.71,0.0,42,36540,买盘
1530,11:11:57,8.72,0.01,6,5229,买盘
1531,11:12:00,8.71,-0.01,74,64452,卖盘
1532,11:12:06,8.71,0.0,1,871,买盘
1533,11:12:12,8.69,-0.02,20,17380,卖盘
1534,11:12:34,8.7,0.01,34,29579,买盘
1535,11:12:48,8.7,0.0,3,2610,买盘
1536,11:12:54,8.68,-0.02,77,66911,卖盘
1537,11:13:12,8.7,0.02,10,8700,买盘
1538,11:13:36,8.7,0.0,92,80040,买盘
1539,11:13:46,8.7,0.0,325,283060,卖盘
1540,11:13:51,8.7,0.0,50,43510,卖盘
1541,11:13:58,8.72,0.02,30,26160,买盘
1542,11:14:01,8.7,-0.02,76,66147,卖盘
1543,11:14:09,8.71,0.01,5,4355,中性盘
1544,11:14:12,8.7,-0.01,27,23509,卖盘
1545,11:14:22,8.73,0.03,187,163167,买盘
1546,11:14:28,8.73,0.0,11,9611,卖盘
1547,11:14:36,8.73,0.0,2,1746,买盘
1548,11:14:48,8.73,0.0,5,4365,买盘
1549,11:14:51,8.73,0.0,62,54076,买盘
1550,11:14:57,8.72,-0.01,8,6976,卖盘
1551,11:15:00,8.71,-0.01,76,66232,卖盘
1552,11:15:18,8.72,0.01,10,8720,买盘
1553,11:15:22,8.71,-0.01,6,5226,卖盘
1554,11:15:24,8.72,0.01,11,9592,买盘
1555,11:15:27,8.72,0.0,1,872,买盘
1556,11:15:30,8.71,-0.01,20,17424,卖盘
1557,11:15:43,8.72,0.01,12,10464,卖盘
1558,11:15:46,8.72,0.0,9,7848,卖盘
1559,11:15:55,8.71,-0.01,62,54014,卖盘
1560,11:16:00,8.71,0.0,52,45292,卖盘
1561,11:16:04,8.7,-0.01,70,60944,卖盘
1562,11:16:06,8.7,0.0,10,8700,买盘
1563,11:16:12,8.7,0.0,40,34800,买盘
1564,11:16:25,8.71,0.01,1,871,买盘
1565,11:16:33,8.71,0.0,6,5226,买盘
1566,11:16:49,8.7,-0.01,3,2610,卖盘
1567,11:16:51,8.71,0.01,73,63583,买盘
1568,11:17:01,8.71,0.0,76,66196,卖盘
1569,11:17:04,8.71,0.0,50,43550,卖盘
1570,11:17:06,8.71,0.0,82,71422,卖盘
1571,11:17:18,8.71,0.0,60,52260,买盘
1572,11:17:21,8.7,-0.01,2,1741,卖盘
1573,11:17:30,8.71,0.01,17,14807,买盘
1574,11:17:33,8.71,0.0,1,871,买盘
1575,11:17:36,8.71,0.0,13,11323,买盘
1576,11:17:51,8.71,0.0,6,5227,卖盘
1577,11:17:57,8.71,0.0,5,4355,卖盘
1578,11:18:00,8.72,0.01,23,20056,买盘
1579,11:18:04,8.72,0.0,96,83610,买盘
1580,11:18:36,8.72,0.0,49,42728,买盘
1581,11:18:39,8.72,0.0,1,872,买盘
1582,11:18:48,8.7,-0.02,100,87000,卖盘
1583,11:18:51,8.72,0.02,19,16568,买盘
1584,11:19:04,8.7,-0.02,76,66120,卖盘
1585,11:19:12,8.7,0.0,70,60900,卖盘
1586,11:19:28,8.7,0.0,3,2610,卖盘
1587,11:19:36,8.72,0.02,1,872,买盘
1588,11:19:48,8.72,0.0,1,872,买盘
1589,11:19:57,8.7,-0.02,6,5220,卖盘
1590,11:20:04,8.69,-0.01,76,66066,卖盘
1591,11:20:21,8.69,0.0,165,143415,卖盘
1592,11:20:30,8.69,0.0,37,32153,买盘
1593,11:20:33,8.69,0.0,150,130350,买盘
1594,11:20:40,8.69,0.0,117,101673,买盘
1595,11:20:42,8.69,0.0,1,869,买盘
1596,11:20:45,8.69,0.0,2,1738,买盘
1597,11:20:48,8.68,-0.01,32,27796,卖盘
1598,11:20:52,8.69,0.01,7,6083,买盘
1599,11:20:54,8.68,-0.01,127,110263,卖盘
1600,11:20:57,8.69,0.01,14,12166,买盘
1601,11:21:01,8.69,0.0,1,869,卖盘
1602,11:21:07,8.68,-0.01,76,65976,卖盘
1603,11:21:10,8.7,0.02,1,870,买盘
1604,11:21:15,8.68,-0.02,7,6076,卖盘
1605,11:21:18,8.68,0.0,6,5208,卖盘
1606,11:21:27,8.7,0.02,10,8700,买盘
1607,11:21:36,8.69,-0.01,8,6952,卖盘
1608,11:21:39,8.69,0.0,6,5214,卖盘
1609,11:21:48,8.69,0.0,1,869,卖盘
1610,11:22:06,8.68,-0.01,76,65996,卖盘
1611,11:22:09,8.69,0.01,3,2607,卖盘
1612,11:22:16,8.68,-0.01,28,24304,卖盘
1613,11:22:21,8.67,-0.01,300,260336,卖盘
1614,11:22:27,8.68,0.01,10,8680,卖盘
1615,11:22:30,8.68,0.0,30,26040,买盘
1616,11:22:39,8.67,-0.01,2,1734,卖盘
1617,11:22:42,8.67,0.0,100,86700,卖盘
1618,11:22:48,8.68,0.01,5,4340,买盘
1619,11:22:57,8.67,-0.01,143,123981,卖盘
1620,11:23:06,8.67,0.0,81,70227,卖盘
1621,11:23:09,8.68,0.01,1,868,买盘
1622,11:23:12,8.67,-0.01,37,32079,卖盘
1623,11:23:24,8.66,-0.01,99,85799,卖盘
1624,11:23:36,8.66,0.0,77,66682,卖盘
1625,11:23:48,8.67,0.01,5,4335,买盘
1626,11:23:54,8.66,-0.01,7,6062,卖盘
1627,11:23:57,8.68,0.02,3,2602,买盘
1628,11:24:12,8.65,-0.03,76,65760,卖盘
1629,11:24:30,8.66,0.01,1,866,卖盘
1630,11:24:33,8.66,0.0,25,21650,卖盘
1631,11:24:45,8.66,0.0,4,3464,卖盘
1632,11:25:01,8.67,0.01,18,15591,买盘
1633,11:25:04,8.66,-0.01,4,3464,卖盘
1634,11:25:09,8.66,0.0,6,5196,买盘
1635,11:25:12,8.65,-0.01,68,58825,卖盘
1636,11:25:15,8.65,0.0,13,11245,卖盘
1637,11:25:21,8.65,0.0,38,33251,卖盘
1638,11:25:25,8.65,0.0,3,2595,买盘
1639,11:25:30,8.65,0.0,4,3460,买盘
1640,11:25:36,8.65,0.0,1,493,卖盘
1641,11:25:39,8.65,0.0,27,23355,卖盘
1642,11:25:42,8.65,0.0,10,8651,卖盘
1643,11:25:45,8.68,0.03,200,173383,买盘
1644,11:26:04,8.68,0.0,4,3472,买盘
1645,11:26:12,8.66,-0.02,76,65816,卖盘
1646,11:26:54,8.66,0.0,24,20794,卖盘
1647,11:26:57,8.7,0.04,113,98215,买盘
1648,11:27:00,8.7,0.0,539,468931,卖盘
1649,11:27:04,8.7,0.0,7,6090,卖盘
1650,11:27:06,8.7,0.0,12,10440,卖盘
1651,11:27:09,8.7,0.0,4,3480,卖盘
1652,11:27:12,8.7,0.0,22,19140,卖盘
1653,11:27:15,8.67,-0.03,7,6085,卖盘
1654,11:27:21,8.66,-0.01,57,49362,卖盘
1655,11:27:33,8.67,0.01,6,5202,买盘
1656,11:28:18,8.66,-0.01,35,30310,卖盘
1657,11:28:21,8.67,0.01,20,17340,卖盘
1658,11:28:27,8.66,-0.01,7,6066,卖盘
1659,11:29:12,8.66,0.0,14,12128,卖盘
1660,11:29:18,8.67,0.01,37,32079,买盘
1661,11:29:30,8.67,0.0,10,8670,卖盘
1662,13:00:04,8.69,0.02,131,113841,买盘
1663,13:00:07,8.69,0.0,5,4345,卖盘
1664,13:00:09,8.69,0.0,20,17380,卖盘
1665,13:00:12,8.69,0.0,51,44319,卖盘
1666,13:00:15,8.69,0.0,31,26939,卖盘
1667,13:00:18,8.69,0.0,19,16511,卖盘
1668,13:00:21,8.68,-0.01,26,22590,卖盘
1669,13:00:24,8.67,-0.01,27,23425,卖盘
1670,13:00:27,8.67,0.0,9,7803,卖盘
1671,13:00:30,8.67,0.0,7,6069,卖盘
1672,13:00:33,8.67,0.0,18,15606,卖盘
1673,13:00:36,8.69,0.02,28,24296,买盘
1674,13:00:39,8.67,-0.02,8,6936,卖盘
1675,13:00:42,8.67,0.0,9,7803,卖盘
1676,13:00:45,8.67,0.0,4,3468,卖盘
1677,13:00:48,8.67,0.0,3,2601,卖盘
1678,13:00:52,8.67,0.0,4,3468,卖盘
1679,13:00:54,8.67,0.0,2,1734,卖盘
1680,13:00:57,8.68,0.01,2,1736,买盘
1681,13:01:00,8.68,0.0,4,3472,卖盘
1682,13:01:06,8.68,0.0,8,6944,买盘
1683,13:01:09,8.68,0.0,1,868,卖盘
1684,13:01:18,8.67,-0.01,130,112710,卖盘
1685,13:01:21,8.68,0.01,10,8680,买盘
1686,13:01:24,8.67,-0.01,2,1734,卖盘
1687,13:01:42,8.66,-0.01,47,40702,卖盘
1688,13:01:48,8.65,-0.01,6,5190,卖盘
1689,13:02:15,8.65,0.0,39,33745,卖盘
1690,13:02:27,8.65,0.0,18,15570,买盘
1691,13:02:45,8.65,0.0,3,2595,买盘
1692,13:02:57,8.68,0.03,4,3471,买盘
1693,13:03:36,8.65,-0.03,2,1730,卖盘
1694,13:03:51,8.67,0.02,20,17340,买盘
1695,13:03:54,8.65,-0.02,71,61415,卖盘
1696,13:03:57,8.67,0.02,4,3468,买盘
1697,13:04:03,8.65,-0.02,84,72736,卖盘
1698,13:04:15,8.65,0.0,28,24220,买盘
1699,13:04:24,8.65,0.0,2,1730,买盘
1700,13:04:45,8.64,-0.01,1,864,卖盘
1701,13:04:48,8.64,0.0,4,3456,卖盘
1702,13:04:51,8.64,0.0,6,5184,卖盘
1703,13:04:54,8.64,0.0,5,4320,卖盘
1704,13:04:58,8.64,0.0,4,3456,卖盘
1705,13:05:01,8.64,0.0,4,3456,卖盘
1706,13:05:04,8.64,0.0,4,3456,卖盘
1707,13:05:07,8.64,0.0,4,3456,卖盘
1708,13:05:09,8.64,0.0,2,1728,卖盘
1709,13:05:12,8.64,0.0,5,4320,卖盘
1710,13:05:15,8.63,-0.01,9,7774,卖盘
1711,13:05:18,8.63,0.0,4,3452,卖盘
1712,13:05:21,8.63,0.0,4,3458,卖盘
1713,13:05:27,8.63,0.0,60,51780,卖盘
1714,13:05:33,8.63,0.0,92,79420,卖盘
1715,13:05:42,8.63,0.0,2,1726,卖盘
1716,13:05:57,8.63,0.0,2,1726,买盘
1717,13:06:04,8.62,-0.01,71,61232,卖盘
1718,13:06:18,8.62,0.0,10,8620,卖盘
1719,13:06:21,8.62,0.0,10,8620,卖盘
1720,13:06:33,8.62,0.0,60,51720,卖盘
1721,13:06:42,8.62,0.0,15,12930,卖盘
1722,13:06:45,8.62,0.0,51,43962,卖盘
1723,13:06:51,8.61,-0.01,54,46527,卖盘
1724,13:06:57,8.64,0.03,3,2592,买盘
1725,13:07:15,8.65,0.01,10,8647,买盘
1726,13:07:31,8.65,0.0,10,8650,买盘
1727,13:07:36,8.65,0.0,2,1730,买盘
1728,13:07:46,8.61,-0.04,54,46507,卖盘
1729,13:08:06,8.62,0.01,1,862,卖盘
1730,13:08:09,8.65,0.03,9,7773,买盘
1731,13:08:24,8.65,0.0,2,1727,买盘
1732,13:08:39,8.63,-0.02,1,863,卖盘
1733,13:08:42,8.63,0.0,19,16397,卖盘
1734,13:08:48,8.62,-0.01,89,76718,卖盘
1735,13:08:54,8.61,-0.01,54,46494,卖盘
1736,13:09:03,8.62,0.01,1,862,买盘
1737,13:09:06,8.62,0.0,902,775827,卖盘
1738,13:09:09,8.62,0.0,2,1724,卖盘
1739,13:09:12,8.62,0.0,3,2586,卖盘
1740,13:09:15,8.62,0.0,13,11216,卖盘
1741,13:09:19,8.63,0.01,15,12932,买盘
1742,13:09:21,8.63,0.0,3,2589,卖盘
1743,13:09:27,8.62,-0.01,17,14654,买盘
1744,13:09:30,8.65,0.03,4,3454,买盘
1745,13:09:34,8.63,-0.02,16,13808,卖盘
1746,13:09:36,8.63,0.0,20,17260,卖盘
1747,13:09:39,8.63,0.0,2,1726,卖盘
1748,13:09:42,8.63,0.0,2,1726,卖盘
1749,13:09:46,8.63,0.0,2,1726,卖盘
1750,13:09:49,8.63,0.0,1,863,卖盘
1751,13:09:51,8.62,-0.01,14,12068,卖盘
1752,13:09:54,8.63,0.01,5,4315,买盘
1753,13:09:57,8.6,-0.03,19,16375,卖盘
1754,13:10:00,8.6,0.0,10,8605,卖盘
1755,13:10:09,8.6,0.0,11,9460,卖盘
1756,13:10:19,8.6,0.0,15,12900,卖盘
1757,13:10:22,8.61,0.01,8,6888,买盘
1758,13:10:48,8.63,0.02,73,62885,买盘
1759,13:11:33,8.63,0.0,2,1726,买盘
1760,13:11:49,8.63,0.0,10,8630,买盘
1761,13:11:51,8.61,-0.02,55,47315,卖盘
1762,13:11:57,8.61,0.0,71,61131,买盘
1763,13:12:04,8.61,0.0,8,6888,卖盘
1764,13:12:12,8.61,0.0,2,1722,买盘
1765,13:12:27,8.61,0.0,15,12915,买盘
1766,13:12:30,8.6,-0.01,100,86000,卖盘
1767,13:12:48,8.6,0.0,5,4300,卖盘
1768,13:12:51,8.59,-0.01,59,50712,卖盘
1769,13:12:54,8.6,0.01,11,9460,买盘
1770,13:13:04,8.6,0.0,5,4300,买盘
1771,13:13:12,8.61,0.01,14,12054,买盘
1772,13:13:19,8.61,0.0,19,16359,卖盘
1773,13:13:33,8.61,0.0,70,60270,卖盘
1774,13:13:36,8.61,0.0,5,4050,买盘
1775,13:13:39,8.61,0.0,5,4563,买盘
1776,13:13:45,8.62,0.01,1,862,卖盘
1777,13:13:54,8.61,-0.01,63,54243,卖盘
1778,13:13:57,8.62,0.01,10,8620,买盘
1779,13:14:04,8.61,-0.01,56,47958,卖盘
1780,13:14:06,8.61,0.0,35,30135,买盘
1781,13:14:09,8.6,-0.01,101,86861,卖盘
1782,13:14:27,8.6,0.0,32,27520,卖盘
1783,13:14:30,8.6,0.0,2,1720,卖盘
1784,13:14:39,8.61,0.01,11,9471,买盘
1785,13:14:42,8.6,-0.01,16,13760,卖盘
1786,13:14:54,8.61,0.01,13,11193,买盘
1787,13:15:03,8.59,-0.02,194,166841,卖盘
1788,13:15:06,8.61,0.02,20,17205,买盘
1789,13:15:12,8.61,0.0,4,3444,买盘
1790,13:15:21,8.61,0.0,21,18081,买盘
1791,13:15:33,8.61,0.0,23,19803,买盘
1792,13:15:40,8.6,-0.01,2,1720,卖盘
1793,13:15:42,8.61,0.01,1,861,买盘
1794,13:15:45,8.6,-0.01,30,25800,卖盘
1795,13:15:48,8.61,0.01,41,35559,买盘
1796,13:15:51,8.61,0.0,1,861,卖盘
1797,13:15:54,8.61,0.0,1,861,卖盘
1798,13:15:57,8.61,0.0,1,861,卖盘
1799,13:16:00,8.63,0.02,3,2589,买盘
1800,13:16:04,8.6,-0.03,29,24944,卖盘
1801,13:16:06,8.62,0.02,4,3448,卖盘
1802,13:16:09,8.6,-0.02,28,24134,卖盘
1803,13:16:15,8.6,0.0,90,77400,卖盘
1804,13:16:39,8.6,0.0,21,18060,卖盘
1805,13:16:42,8.6,0.0,20,16944,卖盘
1806,13:16:57,8.59,-0.01,82,70508,卖盘
1807,13:17:07,8.59,0.0,55,47246,卖盘
1808,13:17:13,8.6,0.01,1,860,买盘
1809,13:17:24,8.59,-0.01,56,48104,卖盘
1810,13:17:31,8.6,0.01,7,6020,买盘
1811,13:17:33,8.6,0.0,58,49880,买盘
1812,13:17:36,8.6,0.0,47,40420,买盘
1813,13:17:43,8.62,0.02,1,862,买盘
1814,13:17:55,8.6,-0.02,65,55900,卖盘
1815,13:17:57,8.62,0.02,18,15516,买盘
1816,13:18:01,8.62,0.0,4,3448,买盘
1817,13:18:04,8.6,-0.02,54,46440,卖盘
1818,13:18:09,8.62,0.01,5,4310,买盘
1819,13:18:16,8.63,0.01,100,86300,买盘
1820,13:18:19,8.62,-0.01,6,5172,卖盘
1821,13:18:25,8.63,0.01,4,3452,买盘
1822,13:18:28,8.62,-0.01,161,138880,卖盘
1823,13:18:31,8.62,0.0,9,7758,卖盘
1824,13:18:34,8.62,0.0,10,8623,卖盘
1825,13:18:37,8.62,0.0,40,34491,卖盘
1826,13:18:40,8.65,0.03,10,8650,买盘
1827,13:18:42,8.65,0.0,5,4313,买盘
1828,13:18:45,8.62,-0.03,42,36309,卖盘
1829,13:18:49,8.62,0.0,76,65552,卖盘
1830,13:18:51,8.61,-0.01,3,2583,卖盘
1831,13:18:55,8.62,0.01,16,13792,买盘
1832,13:18:57,8.62,0.0,4,3448,卖盘
1833,13:19:01,8.63,0.01,4,3451,中性盘
1834,13:19:04,8.62,-0.01,48,41404,卖盘
1835,13:19:07,8.62,0.0,65,56030,卖盘
1836,13:19:10,8.62,0.0,17,14671,卖盘
1837,13:19:13,8.62,0.0,23,19836,卖盘
1838,13:19:16,8.61,-0.01,38,32747,卖盘
1839,13:19:18,8.61,0.0,38,32748,卖盘
1840,13:19:22,8.61,0.0,69,59438,卖盘
1841,13:19:25,8.63,0.02,117,100883,买盘
1842,13:19:28,8.63,0.0,36,31068,卖盘
1843,13:19:31,8.61,-0.02,137,118123,卖盘
1844,13:19:34,8.6,-0.01,33,28381,卖盘
1845,13:19:37,8.6,0.0,12,10320,卖盘
1846,13:19:40,8.6,0.0,40,34400,卖盘
1847,13:19:43,8.6,0.0,44,37848,卖盘
1848,13:19:46,8.6,0.0,99,85150,卖盘
1849,13:19:49,8.6,0.0,63,54180,卖盘
1850,13:19:52,8.6,0.0,52,44720,卖盘
1851,13:19:55,8.6,0.0,31,26666,卖盘
1852,13:19:57,8.6,0.0,11,9473,卖盘
1853,13:20:01,8.64,0.04,16,13764,买盘
1854,13:20:04,8.6,-0.04,63,54180,卖盘
1855,13:20:06,8.61,0.01,27,23247,卖盘
1856,13:20:09,8.61,0.0,29,24969,卖盘
1857,13:20:13,8.61,0.0,20,17220,卖盘
1858,13:20:16,8.6,-0.01,102,87824,卖盘
1859,13:20:18,8.6,0.0,18,15480,卖盘
1860,13:20:21,8.61,0.01,40,34427,买盘
1861,13:20:25,8.61,0.0,2,1722,卖盘
1862,13:20:27,8.61,0.0,3,2583,卖盘
1863,13:20:30,8.64,0.03,14,12096,买盘
1864,13:20:34,8.61,-0.03,13,11193,卖盘
1865,13:20:37,8.61,0.0,6,5166,卖盘
1866,13:20:40,8.61,0.0,15,12915,卖盘
1867,13:20:42,8.61,0.0,15,12918,卖盘
1868,13:20:46,8.61,0.0,55,47355,卖盘
1869,13:20:48,8.61,0.0,45,38747,卖盘
1870,13:20:52,8.61,0.0,55,47359,卖盘
1871,13:20:54,8.61,0.0,42,36192,卖盘
1872,13:20:57,8.63,0.02,55,47387,买盘
1873,13:21:00,8.6,-0.03,93,80088,卖盘
1874,13:21:04,8.6,0.0,122,104970,卖盘
1875,13:21:06,8.6,0.0,107,92020,卖盘
1876,13:21:09,8.6,0.0,41,35260,卖盘
1877,13:21:13,8.6,0.0,31,26660,卖盘
1878,13:21:16,8.63,0.03,83,71419,买盘
1879,13:21:18,8.6,-0.03,21,18060,卖盘
1880,13:21:21,8.6,0.0,17,14620,卖盘
1881,13:21:24,8.61,0.01,5,4305,卖盘
1882,13:21:27,8.61,0.0,2,1722,卖盘
1883,13:21:30,8.61,0.0,16,13776,卖盘
1884,13:21:33,8.61,0.0,7,6027,卖盘
1885,13:21:36,8.61,0.0,5,4305,卖盘
1886,13:21:40,8.62,0.01,8,6896,中性盘
1887,13:21:42,8.63,0.01,14,12069,买盘
1888,13:21:45,8.62,-0.01,8,6896,卖盘
1889,13:21:48,8.62,0.0,9,7758,卖盘
1890,13:21:51,8.61,-0.01,6,5168,卖盘
1891,13:21:54,8.61,0.0,7,6027,卖盘
1892,13:21:57,8.6,-0.01,186,160032,卖盘
1893,13:22:00,8.6,0.0,3,2580,卖盘
1894,13:22:04,8.6,0.0,2,1720,卖盘
1895,13:22:06,8.6,0.0,56,48160,卖盘
1896,13:22:09,8.6,0.0,22,18920,卖盘
1897,13:22:15,8.6,0.0,8,6880,买盘
1898,13:22:21,8.6,0.0,212,182131,卖盘
1899,13:22:24,8.6,0.0,1,860,卖盘
1900,13:22:27,8.6,0.0,20,17200,卖盘
1901,13:22:30,8.6,0.0,11,9460,买盘
1902,13:22:34,8.6,0.0,1,860,卖盘
1903,13:22:36,8.6,0.0,9,7756,卖盘
1904,13:22:39,8.6,0.0,6,5160,卖盘
1905,13:22:42,8.61,0.01,26,22361,买盘
1906,13:22:45,8.6,-0.01,8,6883,卖盘
1907,13:22:48,8.6,0.0,5,4300,卖盘
1908,13:22:51,8.61,0.01,6,5166,卖盘
1909,13:22:54,8.6,-0.01,140,120400,卖盘
1910,13:23:09,8.6,0.0,5,4300,买盘
1911,13:23:18,8.59,-0.01,60,51543,卖盘
1912,13:23:21,8.59,0.0,1,859,卖盘
1913,13:23:30,8.6,0.01,15,12900,买盘
1914,13:23:36,8.6,0.0,5,4300,买盘
1915,13:23:40,8.59,-0.01,20,17180,卖盘
1916,13:23:42,8.59,0.0,3,2577,卖盘
1917,13:23:46,8.6,0.01,27,23220,买盘
1918,13:23:54,8.6,0.0,13,11180,买盘
1919,13:23:57,8.6,0.0,15,12900,买盘
1920,13:24:00,8.59,-0.01,52,44718,卖盘
1921,13:24:04,8.6,0.01,6,5160,买盘
1922,13:24:07,8.59,-0.01,4,3436,卖盘
1923,13:24:09,8.59,0.0,144,123696,卖盘
1924,13:24:15,8.59,0.0,40,34360,卖盘
1925,13:24:21,8.6,0.01,137,117820,买盘
1926,13:24:30,8.6,0.0,5,4300,卖盘
1927,13:24:33,8.6,0.0,100,86000,卖盘
1928,13:24:36,8.6,0.0,1,860,卖盘
1929,13:24:39,8.6,0.0,1,860,卖盘
1930,13:24:43,8.6,0.0,1,860,卖盘
1931,13:24:46,8.62,0.02,2,1722,买盘
1932,13:24:51,8.6,-0.02,13,11180,卖盘
1933,13:24:54,8.6,0.0,1,860,卖盘
1934,13:24:58,8.6,0.0,1,860,卖盘
1935,13:25:06,8.6,0.0,180,154800,卖盘
1936,13:25:09,8.6,0.0,1,860,卖盘
1937,13:25:12,8.59,-0.01,55,47254,卖盘
1938,13:25:15,8.6,0.01,1,860,卖盘
1939,13:25:18,8.6,0.0,1,860,卖盘
1940,13:25:22,8.6,0.0,1,860,卖盘
1941,13:25:24,8.6,0.0,1,860,卖盘
1942,13:25:27,8.59,-0.01,24,20632,卖盘
1943,13:25:42,8.62,0.03,5,4302,买盘
1944,13:25:45,8.6,-0.02,37,31820,卖盘
1945,13:25:48,8.59,-0.01,26,22338,卖盘
1946,13:25:54,8.59,0.0,1,859,卖盘
1947,13:25:57,8.59,0.0,1,859,卖盘
1948,13:26:06,8.6,0.01,7,6020,买盘
1949,13:26:12,8.59,-0.01,54,46386,卖盘
1950,13:26:15,8.59,0.0,8,6872,卖盘
1951,13:26:18,8.59,0.0,11,9449,卖盘
1952,13:26:21,8.6,0.01,68,58467,买盘
1953,13:26:27,8.6,0.0,15,12900,卖盘
1954,13:26:36,8.6,0.0,9,7740,买盘
1955,13:26:39,8.6,0.0,30,25800,卖盘
1956,13:26:43,8.61,0.01,23,19782,买盘
1957,13:26:45,8.6,-0.01,1,860,卖盘
1958,13:26:49,8.6,0.0,23,19780,卖盘
1959,13:26:52,8.6,0.0,44,37840,卖盘
1960,13:26:57,8.6,0.0,20,17200,买盘
1961,13:27:04,8.6,0.0,2,1720,买盘
1962,13:27:06,8.6,0.0,68,58480,买盘
1963,13:27:09,8.6,0.0,4,3440,卖盘
1964,13:27:12,8.6,0.0,3,2580,卖盘
1965,13:27:15,8.59,-0.01,174,149591,卖盘
1966,13:27:18,8.6,0.01,9,7740,买盘
1967,13:27:21,8.6,0.0,7,6019,买盘
1968,13:27:25,8.6,0.0,70,60132,买盘
1969,13:27:28,8.59,-0.01,10,8590,卖盘
1970,13:27:30,8.59,0.0,12,10308,卖盘
1971,13:27:33,8.59,0.0,5,4295,卖盘
1972,13:27:40,8.59,0.0,76,65284,卖盘
1973,13:27:42,8.59,0.0,2,1718,买盘
1974,13:27:46,8.59,0.0,3,2577,买盘
1975,13:27:48,8.59,0.0,1,859,买盘
1976,13:27:51,8.6,0.01,108,92859,买盘
1977,13:27:54,8.6,0.0,1,860,卖盘
1978,13:27:57,8.6,0.0,1,860,卖盘
1979,13:28:00,8.6,0.0,139,119540,卖盘
1980,13:28:13,8.59,-0.01,5,4295,卖盘
1981,13:28:16,8.59,0.0,19,16321,卖盘
1982,13:28:18,8.59,0.0,54,46386,卖盘
1983,13:28:24,8.59,0.0,5,4295,卖盘
1984,13:28:45,8.59,0.0,17,14604,卖盘
1985,13:28:54,8.59,0.0,30,25770,卖盘
1986,13:29:16,8.58,-0.01,59,50685,卖盘
1987,13:29:18,8.58,0.0,5,4290,卖盘
1988,13:29:27,8.58,0.0,50,42900,卖盘
1989,13:29:45,8.59,0.01,11,9449,买盘
1990,13:29:48,8.58,-0.01,30,25740,卖盘
1991,13:29:54,8.58,0.0,18,15444,卖盘
1992,13:29:57,8.56,-0.02,517,443178,卖盘
1993,13:30:07,8.59,0.03,30,25689,买盘
1994,13:30:13,8.56,-0.03,3,2568,卖盘
1995,13:30:15,8.56,0.0,54,46224,卖盘
1996,13:30:30,8.57,0.01,11,9445,卖盘
1997,13:30:33,8.57,0.0,6,5143,卖盘
1998,13:30:43,8.57,0.0,6,5142,卖盘
1999,13:30:45,8.59,0.02,2,1718,买盘
2000,13:30:48,8.59,0.0,5,4295,买盘
2001,13:30:54,8.57,-0.02,70,59990,卖盘
2002,13:30:57,8.57,0.0,14,11998,卖盘
2003,13:31:04,8.55,-0.02,459,392756,卖盘
2004,13:31:06,8.59,0.04,42,36072,买盘
2005,13:31:09,8.55,-0.04,100,85500,卖盘
2006,13:31:15,8.55,0.0,54,46170,卖盘
2007,13:31:18,8.55,0.0,281,240255,卖盘
2008,13:31:21,8.54,-0.01,116,99073,卖盘
2009,13:31:24,8.54,0.0,11,8849,卖盘
2010,13:31:27,8.54,0.0,267,228023,卖盘
2011,13:31:33,8.54,0.0,22,18788,卖盘
2012,13:31:36,8.55,0.01,243,207546,买盘
2013,13:31:40,8.54,-0.01,7,5978,卖盘
2014,13:31:42,8.55,0.01,70,59850,买盘
2015,13:31:45,8.55,0.0,3,2565,买盘
2016,13:31:54,8.55,0.0,4,3420,卖盘
2017,13:32:03,8.55,0.0,11,9405,卖盘
2018,13:32:12,8.55,0.0,7,5985,卖盘
2019,13:32:16,8.55,0.0,14,11973,卖盘
2020,13:32:18,8.55,0.0,55,47036,卖盘
2021,13:32:31,8.58,0.03,11,9438,买盘
2022,13:32:39,8.56,-0.02,32,27392,卖盘
2023,13:32:42,8.58,0.02,57,48906,买盘
2024,13:32:46,8.58,0.0,1,858,买盘
2025,13:32:57,8.58,0.0,10,8580,买盘
2026,13:33:00,8.56,-0.02,1,856,卖盘
2027,13:33:09,8.58,0.02,2,1714,买盘
2028,13:33:18,8.56,-0.02,54,46224,卖盘
2029,13:33:21,8.56,0.0,6,5136,卖盘
2030,13:33:33,8.57,0.01,1,857,卖盘
2031,13:33:37,8.57,0.0,1,857,卖盘
2032,13:33:39,8.57,0.0,3,2571,卖盘
2033,13:33:42,8.57,0.0,1,857,卖盘
2034,13:33:46,8.57,0.0,3,2571,卖盘
2035,13:33:58,8.56,-0.01,5,4280,卖盘
2036,13:34:00,8.56,0.0,150,128400,卖盘
2037,13:34:15,8.56,0.0,24,20544,卖盘
2038,13:34:19,8.56,0.0,54,46224,卖盘
2039,13:34:27,8.56,0.0,25,21400,卖盘
2040,13:34:30,8.56,0.0,76,65056,卖盘
2041,13:34:40,8.56,0.0,135,115560,卖盘
2042,13:34:46,8.56,0.0,5,4279,买盘
2043,13:34:51,8.55,-0.01,79,67545,卖盘
2044,13:34:55,8.56,0.01,4,3424,买盘
2045,13:35:01,8.56,0.0,9,7702,买盘
2046,13:35:04,8.55,-0.01,378,323193,卖盘
2047,13:35:10,8.56,0.01,5,4280,中性盘
2048,13:35:13,8.55,-0.01,56,47880,卖盘
2049,13:35:16,8.56,0.01,5,4280,买盘
2050,13:35:19,8.55,-0.01,1,855,卖盘
2051,13:35:22,8.55,0.0,54,46170,卖盘
2052,13:35:25,8.55,0.0,12,10260,卖盘
2053,13:35:31,8.55,0.0,33,28215,卖盘
2054,13:35:34,8.55,0.0,120,102605,卖盘
2055,13:35:45,8.56,0.01,1,856,买盘
2056,13:35:55,8.55,-0.01,286,244530,卖盘
2057,13:36:04,8.55,0.0,5,4275,卖盘
2058,13:36:07,8.55,0.0,8,6840,卖盘
2059,13:36:09,8.55,0.0,12,10260,卖盘
2060,13:36:19,8.55,0.0,27,23085,卖盘
2061,13:36:22,8.55,0.0,54,46170,卖盘
2062,13:36:25,8.55,0.0,55,47025,中性盘
2063,13:36:28,8.55,0.0,34,29057,买盘
2064,13:36:34,8.55,0.0,1,855,买盘
2065,13:36:46,8.55,0.0,4,3420,卖盘
2066,13:36:51,8.56,0.01,10,8560,买盘
2067,13:36:55,8.55,-0.01,1,855,卖盘
2068,13:36:57,8.56,0.01,30,25680,买盘
2069,13:37:00,8.55,-0.01,1,855,卖盘
2070,13:37:04,8.56,0.01,76,64983,买盘
2071,13:37:12,8.55,-0.01,3,2565,卖盘
2072,13:37:19,8.55,0.0,5,4275,卖盘
2073,13:37:22,8.55,0.0,77,65835,卖盘
2074,13:37:24,8.56,0.01,66,56378,买盘
2075,13:37:28,8.55,-0.01,10,8550,卖盘
2076,13:37:42,8.55,0.0,3,2566,卖盘
2077,13:37:46,8.55,0.0,57,48735,卖盘
2078,13:37:51,8.54,-0.01,177,151234,卖盘
2079,13:37:55,8.55,0.01,14,11970,卖盘
2080,13:37:57,8.55,0.0,2,1710,卖盘
2081,13:38:04,8.54,-0.01,34,29062,卖盘
2082,13:38:10,8.54,0.0,500,427000,卖盘
2083,13:38:13,8.55,0.01,10,8550,买盘
2084,13:38:22,8.54,-0.01,800,683200,卖盘
2085,13:38:30,8.55,0.01,62,52956,买盘
2086,13:38:34,8.55,0.0,121,103395,卖盘
2087,13:38:36,8.55,0.0,8,6840,卖盘
2088,13:38:43,8.55,0.0,36,30760,买盘
2089,13:38:45,8.55,0.0,10,8550,买盘
2090,13:38:48,8.54,-0.01,2,1708,卖盘
2091,13:38:51,8.54,0.0,100,85400,卖盘
2092,13:38:54,8.54,0.0,10,8540,卖盘
2093,13:39:01,8.55,0.01,48,41040,买盘
2094,13:39:04,8.54,-0.01,120,102500,卖盘
2095,13:39:07,8.54,0.0,5,4270,卖盘
2096,13:39:10,8.54,0.0,457,390285,卖盘
2097,13:39:13,8.54,0.0,75,64050,卖盘
2098,13:39:16,8.54,0.0,76,64954,卖盘
2099,13:39:19,8.55,0.01,4,3420,买盘
2100,13:39:21,8.54,-0.01,1,854,卖盘
2101,13:39:24,8.54,0.0,40,34160,卖盘
2102,13:39:28,8.54,0.0,1,854,卖盘
2103,13:39:30,8.54,0.0,54,46116,卖盘
2104,13:39:34,8.55,0.01,10,8550,买盘
2105,13:39:39,8.54,-0.01,9,7686,卖盘
2106,13:39:42,8.55,0.01,6,5130,买盘
2107,13:39:46,8.54,-0.01,142,121823,卖盘
2108,13:39:55,8.55,0.01,38,31902,买盘
2109,13:40:04,8.54,-0.01,20,17080,卖盘
2110,13:40:13,8.55,0.01,152,129932,买盘
2111,13:40:16,8.55,0.0,10,8550,买盘
2112,13:40:19,8.54,-0.01,159,136341,卖盘
2113,13:40:22,8.54,0.0,15,12810,买盘
2114,13:40:25,8.54,0.0,30,25620,买盘
2115,13:40:27,8.54,0.0,71,60634,买盘
2116,13:40:30,8.53,-0.01,116,98990,卖盘
2117,13:40:33,8.54,0.01,5,4270,买盘
2118,13:40:37,8.54,0.0,25,21350,买盘
2119,13:40:39,8.54,0.0,53,44707,买盘
2120,13:40:43,8.54,0.0,1,854,卖盘
2121,13:40:52,8.54,0.0,22,18788,卖盘
2122,13:40:55,8.54,0.0,200,170800,卖盘
2123,13:41:04,8.55,0.01,25,21375,买盘
2124,13:41:10,8.54,-0.01,65,55568,卖盘
2125,13:41:12,8.54,0.0,386,329644,卖盘
2126,13:41:16,8.56,0.02,25,21400,买盘
2127,13:41:21,8.56,0.0,20,17120,买盘
2128,13:41:31,8.54,-0.02,50,42731,卖盘
2129,13:41:34,8.54,0.0,4,3417,卖盘
2130,13:41:40,8.56,0.02,5,4280,买盘
2131,13:41:46,8.56,0.0,27,23112,卖盘
2132,13:41:58,8.57,0.01,9,7713,买盘
2133,13:42:07,8.58,0.01,118,101244,买盘
2134,13:42:16,8.58,0.0,7,6006,卖盘
2135,13:42:22,8.59,0.01,34,29179,买盘
2136,13:42:24,8.58,-0.01,5,4290,卖盘
2137,13:42:28,8.58,0.0,16,13728,卖盘
2138,13:42:31,8.58,0.0,13,11154,卖盘
2139,13:42:34,8.58,0.0,56,48020,卖盘
2140,13:42:36,8.57,-0.01,15,12855,卖盘
2141,13:42:45,8.57,0.0,3,2571,买盘
2142,13:42:52,8.57,0.0,23,19710,买盘
2143,13:43:04,8.58,0.01,10,8580,买盘
2144,13:43:09,8.58,0.0,1,858,买盘
2145,13:43:13,8.57,-0.01,47,40279,卖盘
2146,13:43:21,8.57,0.0,1,857,买盘
2147,13:43:24,8.57,0.0,5,4285,买盘
2148,13:43:34,8.57,0.0,52,44564,买盘
2149,13:43:37,8.56,-0.01,54,46224,卖盘
2150,13:43:45,8.57,0.01,10,8570,买盘
2151,13:43:48,8.57,0.0,10,8570,卖盘
2152,13:43:54,8.57,0.0,3,2571,卖盘
2153,13:43:58,8.57,0.0,10,8570,卖盘
2154,13:44:04,8.57,0.0,418,358344,卖盘
2155,13:44:09,8.57,0.0,28,23996,卖盘
2156,13:44:13,8.57,0.0,82,70274,卖盘
2157,13:44:16,8.57,0.0,58,49706,卖盘
2158,13:44:19,8.57,0.0,10,8570,买盘
2159,13:44:34,8.56,-0.01,5,4280,卖盘
2160,13:44:37,8.56,0.0,55,47080,卖盘
2161,13:44:42,8.56,0.0,37,31672,卖盘
2162,13:44:45,8.56,0.0,100,85600,买盘
2163,13:44:58,8.55,-0.01,45,38475,卖盘
2164,13:45:04,8.56,0.01,45,38485,买盘
2165,13:45:12,8.55,-0.01,12,10262,卖盘
2166,13:45:15,8.56,0.01,2,1712,买盘
2167,13:45:18,8.55,-0.01,1,855,卖盘
2168,13:45:22,8.55,0.0,11,9405,买盘
2169,13:45:30,8.55,0.0,3,2565,买盘
2170,13:45:34,8.55,0.0,10,8550,买盘
2171,13:45:36,8.55,0.0,54,46170,卖盘
2172,13:45:39,8.56,0.01,50,42800,买盘
2173,13:45:43,8.55,-0.01,6,5130,卖盘
2174,13:45:49,8.56,0.01,39,33357,买盘
2175,13:45:54,8.56,0.0,50,42800,买盘
2176,13:46:04,8.56,0.0,11,9416,买盘
2177,13:46:06,8.55,-0.01,35,29928,卖盘
2178,13:46:10,8.55,0.0,108,92340,卖盘
2179,13:46:15,8.55,0.0,30,25650,卖盘
2180,13:46:22,8.56,0.01,21,17976,买盘
2181,13:46:25,8.56,0.0,1,856,卖盘
2182,13:46:37,8.56,0.0,68,58208,卖盘
2183,13:46:43,8.55,-0.01,54,46170,卖盘
2184,13:46:49,8.54,-0.01,906,774387,卖盘
2185,13:46:51,8.53,-0.01,14,11942,卖盘
2186,13:46:58,8.53,0.0,160,136520,卖盘
2187,13:47:01,8.53,0.0,3,2559,卖盘
2188,13:47:04,8.53,0.0,101,86153,卖盘
2189,13:47:07,8.53,0.0,43,36679,卖盘
2190,13:47:09,8.53,0.0,46,39238,卖盘
2191,13:47:16,8.53,0.0,3,2559,卖盘
2192,13:47:18,8.53,0.0,113,96439,卖盘
2193,13:47:22,8.53,0.0,65,55445,卖盘
2194,13:47:25,8.53,0.0,32,27308,卖盘
2195,13:47:33,8.53,0.0,43,36679,卖盘
2196,13:47:37,8.54,0.01,50,42700,买盘
2197,13:47:39,8.54,0.0,1899,1617997,买盘
2198,13:47:42,8.55,0.01,129,110116,买盘
2199,13:47:45,8.52,-0.03,96,81932,卖盘
2200,13:47:52,8.58,0.06,110,94130,买盘
2201,13:48:01,8.55,-0.03,10,8550,买盘
2202,13:48:04,8.53,-0.02,269,229557,卖盘
2203,13:48:13,8.53,0.0,42,35826,卖盘
2204,13:48:19,8.54,0.01,16,13664,卖盘
2205,13:48:25,8.54,0.0,5,4270,卖盘
2206,13:48:34,8.54,0.0,9,7691,卖盘
2207,13:48:40,8.54,0.0,18,15382,卖盘
2208,13:48:43,8.54,0.0,20,17080,卖盘
2209,13:48:46,8.54,0.0,3,2564,卖盘
2210,13:48:52,8.54,0.0,10,8540,卖盘
2211,13:49:04,8.55,0.01,35,29925,买盘
2212,13:49:10,8.55,0.0,21,17955,买盘
2213,13:49:13,8.55,0.0,26,22230,买盘
2214,13:49:15,8.54,-0.01,31,26504,卖盘
2215,13:49:18,8.57,0.03,7,5999,买盘
2216,13:49:22,8.54,-0.03,10,8540,卖盘
2217,13:49:25,8.55,0.01,5,4275,卖盘
2218,13:49:27,8.55,0.0,1,855,卖盘
2219,13:49:31,8.57,0.02,3,2571,买盘
2220,13:49:40,8.55,-0.02,7,5985,卖盘
2221,13:49:43,8.55,0.0,1,855,卖盘
2222,13:50:10,8.55,0.0,4,3420,卖盘
2223,13:50:13,8.55,0.0,13,11115,卖盘
2224,13:50:21,8.55,0.0,7,5988,卖盘
2225,13:50:28,8.55,0.0,41,35077,卖盘
2226,13:50:34,8.55,0.0,16,13680,卖盘
2227,13:50:36,8.57,0.02,20,17140,买盘
2228,13:50:46,8.57,0.0,20,17140,买盘
2229,13:50:52,8.57,0.0,12,10284,买盘
2230,13:50:58,8.59,0.02,130,111489,买盘
2231,13:51:07,8.57,-0.02,8,6856,卖盘
2232,13:51:09,8.59,0.02,10,8590,买盘
2233,13:51:12,8.59,0.0,2,1718,卖盘
2234,13:51:19,8.58,-0.01,10,8580,买盘
2235,13:51:22,8.58,0.0,2,1716,买盘
2236,13:51:25,8.59,0.01,4,3436,卖盘
2237,13:51:28,8.59,0.0,1,859,卖盘
2238,13:51:31,8.59,0.0,4,3436,卖盘
2239,13:51:33,8.59,0.0,39,33501,卖盘
2240,13:51:43,8.58,-0.01,10,8580,中性盘
2241,13:52:07,8.58,0.0,3,2574,中性盘
2242,13:52:16,8.58,0.0,4,3432,卖盘
2243,13:52:22,8.58,0.0,13,11154,卖盘
2244,13:52:33,8.58,0.0,27,23166,买盘
2245,13:52:42,8.59,0.01,10,8590,买盘
2246,13:52:49,8.59,0.0,32,27488,买盘
2247,13:52:52,8.59,0.0,8,6872,买盘
2248,13:52:55,8.6,0.01,31,26642,买盘
2249,13:53:04,8.6,0.0,5,4300,买盘
2250,13:53:13,8.6,0.0,52,44720,买盘
2251,13:53:16,8.6,0.0,1,860,卖盘
2252,13:53:19,8.59,-0.01,68,58445,卖盘
2253,13:53:24,8.59,0.0,1,859,卖盘
2254,13:53:27,8.59,0.0,1,859,卖盘
2255,13:53:31,8.59,0.0,6,5154,卖盘
2256,13:53:34,8.59,0.0,8,6872,卖盘
2257,13:53:37,8.58,-0.01,1,858,卖盘
2258,13:53:42,8.58,0.0,70,60060,卖盘
2259,13:53:46,8.57,-0.01,4,3428,卖盘
2260,13:53:48,8.57,0.0,16,13712,卖盘
2261,13:53:52,8.57,0.0,1,857,卖盘
2262,13:53:55,8.57,0.0,1,857,卖盘
2263,13:53:58,8.57,0.0,31,26567,卖盘
2264,13:54:07,8.57,0.0,1,857,买盘
2265,13:54:10,8.56,-0.01,1,856,卖盘
2266,13:54:12,8.57,0.01,34,29123,买盘
2267,13:54:30,8.56,-0.01,16,13696,卖盘
2268,13:54:34,8.55,-0.01,249,212895,卖盘
2269,13:54:36,8.55,0.0,10,8550,买盘
2270,13:54:51,8.55,0.0,9,7695,买盘
2271,13:54:58,8.55,0.0,12,10260,买盘
2272,13:55:01,8.55,0.0,2,1710,买盘
2273,13:55:07,8.54,-0.01,175,149450,卖盘
2274,13:55:13,8.54,0.0,21,17934,买盘
2275,13:55:18,8.55,0.01,1,855,买盘
2276,13:55:24,8.54,-0.01,95,81212,卖盘
2277,13:55:27,8.54,0.0,5,4270,卖盘
2278,13:55:31,8.54,0.0,69,59067,卖盘
2279,13:55:36,8.54,0.0,51,43626,卖盘
2280,13:55:43,8.55,0.01,5,4275,卖盘
2281,13:55:45,8.55,0.0,5,4275,买盘
2282,13:55:48,8.56,0.01,15,12840,买盘
2283,13:55:52,8.58,0.02,11,9436,买盘
2284,13:56:00,8.56,-0.02,2,1712,卖盘
2285,13:56:10,8.55,-0.01,3,2565,卖盘
2286,13:56:16,8.56,0.01,2,1712,买盘
2287,13:56:24,8.54,-0.02,249,212769,卖盘
2288,13:56:27,8.54,0.0,22,18788,买盘
2289,13:56:39,8.56,0.02,2,1712,卖盘
2290,13:56:54,8.55,-0.01,1,855,买盘
2291,13:56:57,8.55,0.0,18,15390,买盘
2292,13:57:07,8.55,0.0,2,1710,买盘
2293,13:57:10,8.54,-0.01,35,29890,卖盘
2294,13:57:13,8.54,0.0,3,2562,卖盘
2295,13:57:22,8.55,0.01,75,64125,买盘
2296,13:57:25,8.54,-0.01,94,80276,卖盘
2297,13:57:34,8.55,0.01,6,5130,买盘
2298,13:57:37,8.54,-0.01,2,1708,卖盘
2299,13:57:46,8.55,0.01,7,5985,买盘
2300,13:57:48,8.54,-0.01,108,92235,卖盘
2301,13:58:01,8.54,0.0,5,4270,卖盘
2302,13:58:04,8.54,0.0,7,5978,卖盘
2303,13:58:07,8.54,0.0,1,854,卖盘
2304,13:58:24,8.54,0.0,103,87962,卖盘
2305,13:58:28,8.54,0.0,6,5124,买盘
2306,13:58:43,8.54,0.0,61,52094,买盘
2307,13:59:12,8.54,0.0,35,29890,卖盘
2308,13:59:16,8.53,-0.01,270,230427,卖盘
2309,13:59:18,8.55,0.02,5,4275,买盘
2310,13:59:21,8.54,-0.01,12,10248,卖盘
2311,13:59:25,8.55,0.01,3,2565,买盘
2312,13:59:31,8.54,-0.01,4,3416,卖盘
2313,13:59:34,8.54,0.0,16,13664,买盘
2314,13:59:37,8.54,0.0,5,4270,卖盘
2315,13:59:42,8.53,-0.01,23,19625,卖盘
2316,13:59:52,8.53,0.0,153,130515,卖盘
2317,14:00:04,8.53,0.0,36,30708,卖盘
2318,14:00:13,8.53,0.0,30,25590,卖盘
2319,14:00:16,8.53,0.0,231,197043,卖盘
2320,14:00:28,8.53,0.0,6,5118,卖盘
2321,14:00:31,8.53,0.0,49,41815,卖盘
2322,14:00:33,8.52,-0.01,174,148382,卖盘
2323,14:00:36,8.53,0.01,15,12795,买盘
2324,14:00:39,8.53,0.0,20,17060,买盘
2325,14:00:42,8.53,0.0,16,13648,买盘
2326,14:00:46,8.53,0.0,52,44356,买盘
2327,14:00:49,8.52,-0.01,37,31528,卖盘
2328,14:00:52,8.52,0.0,15,12785,卖盘
2329,14:00:55,8.53,0.01,1,853,买盘
2330,14:00:58,8.52,-0.01,241,205332,卖盘
2331,14:01:01,8.53,0.01,34,29002,买盘
2332,14:01:13,8.53,0.0,37,31561,卖盘
2333,14:01:15,8.53,0.0,20,17060,买盘
2334,14:01:19,8.53,0.0,298,253973,买盘
2335,14:01:22,8.53,0.0,16,13648,卖盘
2336,14:01:34,8.54,0.01,7,5978,买盘
2337,14:01:37,8.55,0.01,10,8549,买盘
2338,14:01:40,8.53,-0.02,53,45211,卖盘
2339,14:01:46,8.53,0.0,252,215026,卖盘
2340,14:01:49,8.55,0.02,15,12805,买盘
2341,14:01:52,8.55,0.0,10,8550,买盘
2342,14:01:58,8.53,-0.02,5,4265,卖盘
2343,14:02:01,8.53,0.0,60,51180,卖盘
2344,14:02:04,8.52,-0.01,71,60528,卖盘
2345,14:02:09,8.55,0.03,39,33345,买盘
2346,14:02:13,8.55,0.0,1,855,卖盘
2347,14:02:16,8.55,0.0,1,855,卖盘
2348,14:02:34,8.54,-0.01,9,7692,卖盘
2349,14:02:37,8.54,0.0,12,10248,买盘
2350,14:02:42,8.52,-0.02,58,49477,卖盘
2351,14:02:46,8.54,0.02,80,68320,买盘
2352,14:02:52,8.54,0.0,7,5978,卖盘
2353,14:03:01,8.55,0.01,1,855,买盘
2354,14:03:07,8.55,0.0,11,9404,买盘
2355,14:03:10,8.55,0.0,1,855,买盘
2356,14:03:16,8.55,0.0,22,18810,买盘
2357,14:03:19,8.55,0.0,11,9405,卖盘
2358,14:03:22,8.56,0.01,12,10272,买盘
2359,14:03:28,8.55,-0.01,122,104310,卖盘
2360,14:03:30,8.56,0.01,100,85600,买盘
2361,14:03:37,8.55,-0.01,10,8550,卖盘
2362,14:03:42,8.55,0.0,72,61579,卖盘
2363,14:03:49,8.55,0.0,23,19665,卖盘
2364,14:03:52,8.56,0.01,1,856,买盘
2365,14:03:54,8.56,0.0,10,8560,买盘
2366,14:04:00,8.56,0.0,6,5136,买盘
2367,14:04:04,8.56,0.0,5,4280,买盘
2368,14:04:07,8.57,0.01,7,5996,买盘
2369,14:04:10,8.56,-0.01,1,856,卖盘
2370,14:04:13,8.56,0.0,1,856,卖盘
2371,14:04:15,8.56,0.0,3,2568,卖盘
2372,14:04:21,8.56,0.0,14,11984,卖盘
2373,14:04:25,8.56,0.0,14,11984,卖盘
2374,14:04:28,8.56,0.0,18,15408,卖盘
2375,14:04:31,8.56,0.0,21,17976,卖盘
2376,14:04:34,8.56,0.0,13,11128,卖盘
2377,14:04:37,8.56,0.0,153,131011,卖盘
2378,14:04:39,8.56,0.0,2,1712,卖盘
2379,14:04:42,8.56,0.0,1,856,卖盘
2380,14:04:46,8.57,0.01,78,66740,买盘
2381,14:04:48,8.57,0.0,23,19711,买盘
2382,14:04:52,8.57,0.0,17,14569,卖盘
2383,14:04:55,8.57,0.0,2,1714,卖盘
2384,14:04:58,8.57,0.0,3,2571,卖盘
2385,14:05:01,8.57,0.0,16,13712,卖盘
2386,14:05:04,8.57,0.0,17,14569,卖盘
2387,14:05:06,8.56,-0.01,103,88352,卖盘
2388,14:05:25,8.56,0.0,100,85600,卖盘
2389,14:05:37,8.56,0.0,4,3424,卖盘
2390,14:05:39,8.56,0.0,3,2568,卖盘
2391,14:05:43,8.56,0.0,55,47080,卖盘
2392,14:05:46,8.56,0.0,4,3424,卖盘
2393,14:05:49,8.56,0.0,45,38520,卖盘
2394,14:05:55,8.56,0.0,1,856,卖盘
2395,14:05:57,8.56,0.0,1,856,卖盘
2396,14:06:01,8.56,0.0,5,4280,卖盘
2397,14:06:04,8.55,-0.01,4,3420,卖盘
2398,14:06:07,8.55,0.0,5,4275,卖盘
2399,14:06:10,8.55,0.0,4,3420,卖盘
2400,14:06:12,8.55,0.0,74,63316,卖盘
2401,14:06:19,8.56,0.01,16,13693,买盘
2402,14:06:21,8.56,0.0,17,14554,卖盘
2403,14:06:25,8.56,0.0,11,9416,卖盘
2404,14:06:28,8.56,0.0,7,5992,卖盘
2405,14:06:31,8.56,0.0,13,11128,卖盘
2406,14:06:34,8.56,0.0,17,14552,卖盘
2407,14:06:37,8.56,0.0,45,38520,卖盘
2408,14:06:40,8.56,0.0,30,25680,卖盘
2409,14:06:43,8.55,-0.01,16,13688,卖盘
2410,14:06:46,8.55,0.0,29,24795,卖盘
2411,14:06:48,8.55,0.0,97,82935,卖盘
2412,14:06:51,8.54,-0.01,85,72671,卖盘
2413,14:06:54,8.54,0.0,56,47824,卖盘
2414,14:06:58,8.54,0.0,31,26474,卖盘
2415,14:07:01,8.54,0.0,34,29036,卖盘
2416,14:07:04,8.54,0.0,30,25620,卖盘
2417,14:07:07,8.54,0.0,116,99064,卖盘
2418,14:07:10,8.54,0.0,260,222182,卖盘
2419,14:07:22,8.53,-0.01,138,117714,卖盘
2420,14:07:28,8.53,0.0,5,4265,卖盘
2421,14:07:31,8.53,0.0,30,25590,卖盘
2422,14:07:34,8.53,0.0,70,59710,卖盘
2423,14:07:37,8.53,0.0,28,23884,卖盘
2424,14:07:40,8.54,0.01,233,198980,买盘
2425,14:07:42,8.54,0.0,8,6832,卖盘
2426,14:07:46,8.54,0.0,3,2562,卖盘
2427,14:07:49,8.54,0.0,53,45262,卖盘
2428,14:07:52,8.54,0.0,1,854,卖盘
2429,14:07:55,8.54,0.0,3,2562,卖盘
2430,14:07:58,8.54,0.0,2,1708,卖盘
2431,14:08:01,8.54,0.0,2,1708,卖盘
2432,14:08:04,8.54,0.0,7,5978,卖盘
2433,14:08:07,8.54,0.0,5,4270,卖盘
2434,14:08:10,8.54,0.0,3,2562,卖盘
2435,14:08:12,8.54,0.0,42,35868,卖盘
2436,14:08:15,8.54,0.0,10,8540,卖盘
2437,14:08:19,8.54,0.0,11,9394,卖盘
2438,14:08:22,8.54,0.0,20,17080,卖盘
2439,14:08:24,8.54,0.0,1,854,卖盘
2440,14:08:28,8.54,0.0,7,5978,卖盘
2441,14:08:31,8.54,0.0,2,1708,买盘
2442,14:08:37,8.54,0.0,3,2562,买盘
2443,14:08:40,8.53,-0.01,261,222634,卖盘
2444,14:08:45,8.53,0.0,15,12795,卖盘
2445,14:08:49,8.53,0.0,53,45209,卖盘
2446,14:08:52,8.53,0.0,29,24737,卖盘
2447,14:09:01,8.53,0.0,114,97242,买盘
2448,14:09:04,8.52,-0.01,25,21300,卖盘
2449,14:09:13,8.53,0.01,1,853,买盘
2450,14:09:16,8.52,-0.01,5,4260,卖盘
2451,14:09:19,8.53,0.01,149,127719,买盘
2452,14:09:22,8.52,-0.01,151,128677,卖盘
2453,14:09:25,8.53,0.01,2,1706,中性盘
2454,14:09:28,8.52,-0.01,25,21338,卖盘
2455,14:09:31,8.53,0.01,12,10236,卖盘
2456,14:09:37,8.52,-0.01,3,2556,卖盘
2457,14:09:40,8.53,0.01,1,853,买盘
2458,14:09:43,8.53,0.0,7,5971,买盘
2459,14:09:45,8.53,0.0,5,4265,买盘
2460,14:09:48,8.53,0.0,53,45209,卖盘
2461,14:09:52,8.53,0.0,21,17913,卖盘
2462,14:09:55,8.54,0.01,3,2562,买盘
2463,14:10:04,8.54,0.0,9,7686,买盘
2464,14:10:07,8.53,-0.01,50,42650,卖盘
2465,14:10:10,8.53,0.0,5,4265,卖盘
2466,14:10:18,8.53,0.0,5,4265,卖盘
2467,14:10:24,8.53,0.0,30,25603,卖盘
2468,14:10:27,8.53,0.0,65,55475,卖盘
2469,14:10:34,8.53,0.0,44,37537,卖盘
2470,14:10:36,8.53,0.0,14,11942,卖盘
2471,14:10:40,8.53,0.0,1,853,卖盘
2472,14:10:46,8.54,0.01,9,7686,买盘
2473,14:10:49,8.53,-0.01,53,45209,卖盘
2474,14:10:52,8.53,0.0,2,1706,卖盘
2475,14:10:55,8.53,0.0,1,853,卖盘
2476,14:10:58,8.53,0.0,8,6824,卖盘
2477,14:11:01,8.52,-0.01,114,97246,卖盘
2478,14:11:10,8.54,0.02,5,4270,买盘
2479,14:11:21,8.52,-0.02,210,178920,卖盘
2480,14:11:28,8.52,0.0,18,15336,卖盘
2481,14:11:31,8.54,0.02,1,854,买盘
2482,14:11:34,8.53,-0.01,1,853,卖盘
2483,14:11:37,8.53,0.0,1,853,卖盘
2484,14:11:40,8.53,0.0,1,853,卖盘
2485,14:11:43,8.53,0.0,16,13648,卖盘
2486,14:11:46,8.54,0.01,10,8535,买盘
2487,14:11:49,8.53,-0.01,55,46915,卖盘
2488,14:11:52,8.54,0.01,64,54656,买盘
2489,14:11:54,8.53,-0.01,4,3412,卖盘
2490,14:11:58,8.53,0.0,5,4265,卖盘
2491,14:12:16,8.54,0.01,2,1708,买盘
2492,14:12:19,8.53,-0.01,15,12795,卖盘
2493,14:12:28,8.53,0.0,11,9383,卖盘
2494,14:12:31,8.53,0.0,3,2559,卖盘
2495,14:12:34,8.53,0.0,2,1706,卖盘
2496,14:12:37,8.54,0.01,147,125535,买盘
2497,14:12:40,8.53,-0.01,22,18766,卖盘
2498,14:12:43,8.54,0.01,16,13658,买盘
2499,14:12:46,8.53,-0.01,4,3412,卖盘
2500,14:12:49,8.53,0.0,3,2559,卖盘
2501,14:12:52,8.53,0.0,56,47768,卖盘
2502,14:13:01,8.53,0.0,1,853,卖盘
2503,14:13:04,8.53,0.0,1,853,卖盘
2504,14:13:06,8.53,0.0,7,5973,卖盘
2505,14:13:10,8.54,0.01,21,17933,买盘
2506,14:13:13,8.53,-0.01,48,40944,卖盘
2507,14:13:18,8.52,-0.01,5,4260,卖盘
2508,14:13:21,8.53,0.01,10,8530,买盘
2509,14:13:25,8.52,-0.01,516,439637,卖盘
2510,14:13:27,8.52,0.0,5,4260,卖盘
2511,14:13:34,8.52,0.0,4,3408,卖盘
2512,14:13:37,8.52,0.0,8,6821,卖盘
2513,14:13:39,8.51,-0.01,23,19457,卖盘
2514,14:13:43,8.52,0.01,81,68939,买盘
2515,14:13:46,8.51,-0.01,73,62134,卖盘
2516,14:13:48,8.51,0.0,56,47656,卖盘
2517,14:13:51,8.51,0.0,409,348062,卖盘
2518,14:13:54,8.51,0.0,463,393910,卖盘
2519,14:13:58,8.5,-0.01,1003,852550,卖盘
2520,14:14:01,8.5,0.0,691,587350,卖盘
2521,14:14:04,8.5,0.0,433,368050,卖盘
2522,14:14:07,8.5,0.0,339,288160,卖盘
2523,14:14:10,8.49,-0.01,1150,977488,卖盘
2524,14:14:16,8.49,0.0,103,87457,卖盘
2525,14:14:19,8.48,-0.01,10,8487,卖盘
2526,14:14:21,8.48,0.0,48,40704,卖盘
2527,14:14:25,8.48,0.0,254,215397,卖盘
2528,14:14:28,8.48,0.0,202,171296,卖盘
2529,14:14:31,8.49,0.01,36,30544,买盘
2530,14:14:34,8.45,-0.04,565,477888,卖盘
2531,14:14:36,8.48,0.03,126,106548,买盘
2532,14:14:39,8.44,-0.04,332,280757,卖盘
2533,14:14:42,8.44,0.0,101,85246,卖盘
2534,14:14:46,8.42,-0.02,460,387793,卖盘
2535,14:14:48,8.42,0.0,166,140177,卖盘
2536,14:14:52,8.47,0.05,309,260837,买盘
2537,14:14:55,8.4,-0.07,523,440000,卖盘
2538,14:14:58,8.44,0.04,143,120716,买盘
2539,14:15:00,8.43,-0.01,87,73381,卖盘
2540,14:15:04,8.44,0.01,12,10128,中性盘
2541,14:15:07,8.44,0.0,244,205519,卖盘
2542,14:15:10,8.44,0.0,10,8440,卖盘
2543,14:15:13,8.45,0.01,6,5070,卖盘
2544,14:15:18,8.45,0.0,29,24505,卖盘
2545,14:15:21,8.46,0.01,12,10152,中性盘
2546,14:15:25,8.47,0.01,11,9297,买盘
2547,14:15:28,8.47,0.0,268,226996,买盘
2548,14:15:31,8.49,0.02,243,205935,买盘
2549,14:15:34,8.49,0.0,71,60279,买盘
2550,14:15:37,8.51,0.02,86,73058,买盘
2551,14:15:40,8.52,0.01,25,21300,买盘
2552,14:15:42,8.52,0.0,10,8520,买盘
2553,14:15:46,8.5,-0.02,142,120810,卖盘
2554,14:15:48,8.5,0.0,63,53550,买盘
2555,14:15:51,8.5,0.0,20,17000,买盘
2556,14:15:58,8.5,0.0,72,61041,买盘
2557,14:16:01,8.48,-0.02,14,11872,买盘
2558,14:16:04,8.48,0.0,5,4240,买盘
2559,14:16:07,8.48,0.0,15,12725,买盘
2560,14:16:10,8.47,-0.01,115,97439,卖盘
2561,14:16:13,8.47,0.0,128,108416,买盘
2562,14:16:15,8.45,-0.02,244,206363,卖盘
2563,14:16:18,8.47,0.02,10,8470,买盘
2564,14:16:22,8.47,0.0,22,18634,买盘
2565,14:16:25,8.47,0.0,6,5082,买盘
2566,14:16:28,8.46,-0.01,13,11005,卖盘
2567,14:16:31,8.46,0.0,75,63521,卖盘
2568,14:16:33,8.46,0.0,17,14382,买盘
2569,14:16:37,8.47,0.01,120,101577,买盘
2570,14:16:40,8.48,0.01,47,39818,买盘
2571,14:16:43,8.46,-0.02,41,34762,卖盘
2572,14:16:46,8.47,0.01,45,38144,中性盘
2573,14:16:49,8.47,0.0,16,13570,卖盘
2574,14:16:52,8.49,0.02,10,8484,买盘
2575,14:16:55,8.47,-0.02,40,33928,卖盘
2576,14:16:57,8.45,-0.02,78,65988,卖盘
2577,14:17:01,8.46,0.01,144,121771,买盘
2578,14:17:04,8.45,-0.01,31,26229,卖盘
2579,14:17:06,8.46,0.01,18,15235,卖盘
2580,14:17:10,8.46,0.0,133,112760,卖盘
2581,14:17:13,8.49,0.03,17,14403,买盘
2582,14:17:16,8.49,0.0,24,20376,买盘
2583,14:17:19,8.49,0.0,207,175581,买盘
2584,14:17:22,8.5,0.01,212,180135,买盘
2585,14:17:25,8.47,-0.03,104,88315,卖盘
2586,14:17:28,8.49,0.02,22,18678,买盘
2587,14:17:30,8.5,0.01,24,20391,买盘
2588,14:17:34,8.5,0.0,122,103388,买盘
2589,14:17:36,8.49,-0.01,5,4245,买盘
2590,14:17:40,8.49,0.0,101,85749,买盘
2591,14:17:43,8.49,0.0,14,11881,买盘
2592,14:17:46,8.49,0.0,10,8490,买盘
2593,14:17:49,8.49,0.0,43,36507,买盘
2594,14:17:52,8.5,0.01,43,36550,买盘
2595,14:17:54,8.5,0.0,74,62870,买盘
2596,14:17:58,8.49,-0.01,55,46726,卖盘
2597,14:18:00,8.5,0.01,61,51797,买盘
2598,14:18:04,8.49,-0.01,43,36511,卖盘
2599,14:18:09,8.49,0.0,1,849,买盘
2600,14:18:12,8.49,0.0,79,67071,买盘
2601,14:18:16,8.5,0.01,21,17836,买盘
2602,14:18:19,8.5,0.0,2,1700,买盘
2603,14:18:22,8.49,-0.01,7,5943,卖盘
2604,14:18:25,8.49,0.0,71,60281,卖盘
2605,14:18:31,8.49,0.0,31,26319,买盘
2606,14:18:34,8.49,0.0,20,16990,卖盘
2607,14:18:37,8.49,0.0,50,42450,买盘
2608,14:18:43,8.49,0.0,50,42444,买盘
2609,14:18:45,8.49,0.0,10,8490,买盘
2610,14:18:48,8.48,-0.01,13,11034,卖盘
2611,14:18:58,8.49,0.01,14,11886,买盘
2612,14:19:01,8.47,-0.02,53,44907,卖盘
2613,14:19:04,8.48,0.01,1,848,买盘
2614,14:19:06,8.48,0.0,1,848,买盘
2615,14:19:09,8.48,0.0,1,848,买盘
2616,14:19:13,8.48,0.0,2,1696,买盘
2617,14:19:15,8.48,0.0,28,23738,买盘
2618,14:19:18,8.46,-0.02,305,258150,卖盘
2619,14:19:21,8.48,0.02,3,2544,卖盘
2620,14:19:28,8.49,0.01,23,19507,买盘
2621,14:19:31,8.49,0.0,1,849,买盘
2622,14:19:34,8.48,-0.01,125,106000,卖盘
2623,14:19:37,8.48,0.0,7,5936,买盘
2624,14:19:43,8.47,-0.01,10,8470,卖盘
2625,14:19:46,8.47,0.0,24,20344,卖盘
2626,14:19:51,8.47,0.0,1,847,买盘
2627,14:19:55,8.46,-0.01,9,7615,卖盘
2628,14:19:58,8.46,0.0,4,3384,买盘
2629,14:20:01,8.47,0.01,6,5082,买盘
2630,14:20:04,8.47,0.0,88,74482,买盘
2631,14:20:07,8.46,-0.01,4,3385,卖盘
2632,14:20:10,8.47,0.01,10,8470,中性盘
2633,14:20:13,8.47,0.0,1,847,买盘
2634,14:20:15,8.46,-0.01,11,9307,卖盘
2635,14:20:18,8.46,0.0,9,7614,买盘
2636,14:20:25,8.45,-0.01,8,6761,卖盘
2637,14:20:28,8.46,0.01,161,136054,买盘
2638,14:20:34,8.46,0.0,8,6768,买盘
2639,14:20:37,8.45,-0.01,50,42283,卖盘
2640,14:20:40,8.48,0.03,39,33041,买盘
2641,14:20:43,8.46,-0.02,5,4230,卖盘
2642,14:20:46,8.46,0.0,31,26226,卖盘
2643,14:20:52,8.45,-0.01,288,243399,卖盘
2644,14:20:55,8.45,0.0,9,7605,卖盘
2645,14:20:58,8.46,0.01,47,39724,买盘
2646,14:21:04,8.46,0.0,66,55779,买盘
2647,14:21:06,8.45,-0.01,122,103042,卖盘
2648,14:21:09,8.45,0.0,50,42250,买盘
2649,14:21:12,8.44,-0.01,8,6752,卖盘
2650,14:21:16,8.44,0.0,71,59924,卖盘
2651,14:21:18,8.46,0.02,57,48181,买盘
2652,14:21:22,8.44,-0.02,41,34614,卖盘
2653,14:21:25,8.45,0.01,210,177589,中性盘
2654,14:21:28,8.46,0.01,26,21996,买盘
2655,14:21:31,8.45,-0.01,97,81982,卖盘
2656,14:21:33,8.46,0.01,7,5922,买盘
2657,14:21:36,8.45,-0.01,146,123375,卖盘
2658,14:21:39,8.45,0.0,2,1690,买盘
2659,14:21:42,8.45,0.0,60,50700,买盘
2660,14:21:46,8.45,0.0,144,121718,卖盘
2661,14:21:49,8.45,0.0,79,66764,卖盘
2662,14:21:52,8.46,0.01,125,105750,买盘
2663,14:21:54,8.46,0.0,17,14382,买盘
2664,14:21:57,8.46,0.0,186,157357,卖盘
2665,14:22:00,8.45,-0.01,45,38027,卖盘
2666,14:22:07,8.45,0.0,171,144505,卖盘
2667,14:22:10,8.45,0.0,41,34645,卖盘
2668,14:22:13,8.46,0.01,39,32984,买盘
2669,14:22:15,8.45,-0.01,116,98020,卖盘
2670,14:22:19,8.46,0.01,10,8460,买盘
2671,14:22:22,8.44,-0.02,76,64164,卖盘
2672,14:22:25,8.44,0.0,49,41356,卖盘
2673,14:22:28,8.45,0.01,387,326664,买盘
2674,14:22:33,8.45,0.0,12,10140,卖盘
2675,14:22:37,8.45,0.0,182,153790,卖盘
2676,14:22:43,8.45,0.0,44,37203,卖盘
2677,14:22:46,8.46,0.01,91,76903,买盘
2678,14:22:54,8.44,-0.02,28,23632,卖盘
2679,14:22:57,8.45,0.01,40,33800,买盘
2680,14:23:01,8.44,-0.01,15,12660,卖盘
2681,14:23:04,8.45,0.01,2,1690,买盘
2682,14:23:06,8.44,-0.01,20,16883,卖盘
2683,14:23:10,8.44,0.0,10,8440,买盘
2684,14:23:13,8.43,-0.01,41,34563,卖盘
2685,14:23:16,8.43,0.0,98,82614,卖盘
2686,14:23:21,8.43,0.0,79,66597,卖盘
2687,14:23:24,8.44,0.01,83,69986,买盘
2688,14:23:27,8.45,0.01,249,210083,买盘
2689,14:23:33,8.46,0.01,213,180162,买盘
2690,14:23:37,8.45,-0.01,93,78489,卖盘
2691,14:23:40,8.45,0.0,30,25350,买盘
2692,14:23:43,8.45,0.0,137,115765,买盘
2693,14:23:46,8.43,-0.02,101,85143,卖盘
2694,14:23:49,8.48,0.05,126,106775,买盘
2695,14:23:52,8.45,-0.03,10,8450,卖盘
2696,14:23:57,8.45,0.0,32,27040,卖盘
2697,14:24:01,8.45,0.0,11,9295,买盘
2698,14:24:04,8.48,0.03,84,71010,买盘
2699,14:24:07,8.45,-0.03,10,8450,卖盘
2700,14:24:09,8.45,0.0,10,8450,卖盘
2701,14:24:12,8.45,0.0,53,44785,卖盘
2702,14:24:16,8.45,0.0,83,70238,卖盘
2703,14:24:21,8.49,0.04,100,84825,买盘
2704,14:24:24,8.49,0.0,34,28866,卖盘
2705,14:24:31,8.48,-0.01,3,2544,买盘
2706,14:24:34,8.46,-0.02,135,114595,卖盘
2707,14:24:37,8.46,0.0,10,8460,卖盘
2708,14:24:40,8.48,0.02,4,3392,买盘
2709,14:24:46,8.46,-0.02,45,38070,卖盘
2710,14:24:49,8.48,0.02,7,5936,买盘
2711,14:24:52,8.46,-0.02,10,8464,卖盘
2712,14:24:58,8.46,0.0,18,15229,卖盘
2713,14:25:01,8.48,0.02,5,4240,买盘
2714,14:25:06,8.46,-0.02,7,5922,卖盘
2715,14:25:13,8.48,0.02,109,92321,买盘
2716,14:25:16,8.47,-0.01,21,17790,中性盘
2717,14:25:19,8.47,0.0,10,8470,买盘
2718,14:25:22,8.47,0.0,10,8470,买盘
2719,14:25:25,8.46,-0.01,9,7614,卖盘
2720,14:25:28,8.47,0.01,11,9317,买盘
2721,14:25:31,8.47,0.0,10,8470,卖盘
2722,14:25:33,8.47,0.0,30,25410,卖盘
2723,14:25:37,8.46,-0.01,48,40636,卖盘
2724,14:25:39,8.46,0.0,1,846,买盘
2725,14:25:42,8.46,0.0,10,8460,买盘
2726,14:25:45,8.45,-0.01,31,26202,卖盘
2727,14:25:49,8.46,0.01,58,49068,买盘
2728,14:25:51,8.46,0.0,33,27918,买盘
2729,14:25:54,8.45,-0.01,60,50703,卖盘
2730,14:25:57,8.46,0.01,10,8460,买盘
2731,14:26:01,8.46,0.0,9,7614,买盘
2732,14:26:05,8.47,0.01,1,847,买盘
2733,14:26:07,8.47,0.0,44,37235,买盘
2734,14:26:10,8.47,0.0,57,48279,买盘
2735,14:26:13,8.47,0.0,15,12705,买盘
2736,14:26:16,8.46,-0.01,92,77835,卖盘
2737,14:26:18,8.46,0.0,1,846,卖盘
2738,14:26:21,8.47,0.01,55,46585,买盘
2739,14:26:25,8.47,0.0,1,847,买盘
2740,14:26:28,8.46,-0.01,44,37224,卖盘
2741,14:26:34,8.45,-0.01,500,422592,卖盘
2742,14:26:36,8.45,0.0,168,142019,卖盘
2743,14:26:39,8.47,0.02,26,21980,中性盘
2744,14:26:43,8.47,0.0,1,847,买盘
2745,14:26:46,8.45,-0.02,59,49882,卖盘
2746,14:26:51,8.47,0.02,2,1694,买盘
2747,14:26:58,8.45,-0.02,18,15210,卖盘
2748,14:27:07,8.45,0.0,6,5070,卖盘
2749,14:27:12,8.47,0.02,75,63437,买盘
2750,14:27:16,8.45,-0.02,54,45630,卖盘
2751,14:27:28,8.46,0.01,6,5076,卖盘
2752,14:27:31,8.46,0.0,6,5076,买盘
2753,14:27:34,8.46,0.0,5,4230,买盘
2754,14:27:37,8.46,0.0,49,41434,买盘
2755,14:27:43,8.46,0.0,71,60066,卖盘
2756,14:27:48,8.46,0.0,16,13536,卖盘
2757,14:27:58,8.47,0.01,36,30466,买盘
2758,14:28:04,8.46,-0.01,1,846,卖盘
2759,14:28:07,8.46,0.0,11,9306,卖盘
2760,14:28:13,8.46,0.0,43,36408,卖盘
2761,14:28:16,8.46,0.0,3,2538,卖盘
2762,14:28:19,8.45,-0.01,57,48211,卖盘
2763,14:28:22,8.46,0.01,1,846,中性盘
2764,14:28:27,8.46,0.0,9,7614,卖盘
2765,14:28:34,8.45,-0.01,40,33800,卖盘
2766,14:28:37,8.45,0.0,16,13526,卖盘
2767,14:28:40,8.46,0.01,31,26215,买盘
2768,14:28:46,8.45,-0.01,6,5070,卖盘
2769,14:28:49,8.45,0.0,26,21970,卖盘
2770,14:28:52,8.45,0.0,70,59150,卖盘
2771,14:28:54,8.45,0.0,30,25350,卖盘
2772,14:28:58,8.45,0.0,39,32955,卖盘
2773,14:29:04,8.45,0.0,3,2535,买盘
2774,14:29:06,8.44,-0.01,22,18569,卖盘
2775,14:29:16,8.44,0.0,50,42200,卖盘
2776,14:29:19,8.44,0.0,60,50640,卖盘
2777,14:29:22,8.44,0.0,54,45576,卖盘
2778,14:29:25,8.45,0.01,60,50649,买盘
2779,14:29:28,8.44,-0.01,49,41356,卖盘
2780,14:29:31,8.44,0.0,33,27852,卖盘
2781,14:29:37,8.43,-0.01,43,36249,卖盘
2782,14:29:40,8.44,0.01,6,5064,买盘
2783,14:29:43,8.44,0.0,55,46420,买盘
2784,14:29:45,8.44,0.0,45,37980,买盘
2785,14:29:49,8.43,-0.01,15,12645,卖盘
2786,14:29:52,8.44,0.01,1,844,买盘
2787,14:29:57,8.43,-0.01,35,29505,卖盘
2788,14:30:00,8.44,0.01,25,21100,买盘
2789,14:30:04,8.43,-0.01,21,17703,卖盘
2790,14:30:06,8.43,0.0,53,44688,卖盘
2791,14:30:09,8.43,0.0,74,62413,卖盘
2792,14:30:12,8.44,0.01,122,102968,买盘
2793,14:30:15,8.43,-0.01,47,39643,卖盘
2794,14:30:19,8.43,0.0,68,57324,卖盘
2795,14:30:22,8.43,0.0,15,12645,卖盘
2796,14:30:28,8.43,0.0,76,64068,卖盘
2797,14:30:33,8.43,0.0,215,181250,卖盘
2798,14:30:36,8.42,-0.01,95,80063,卖盘
2799,14:30:46,8.42,0.0,202,170232,卖盘
2800,14:30:49,8.42,0.0,174,146564,卖盘
2801,14:30:52,8.42,0.0,65,54730,卖盘
2802,14:30:55,8.42,0.0,338,284596,卖盘
2803,14:30:57,8.42,0.0,282,237327,卖盘
2804,14:31:01,8.42,0.0,16,13472,买盘
2805,14:31:04,8.42,0.0,128,107670,买盘
2806,14:31:07,8.41,-0.01,235,197667,卖盘
2807,14:31:13,8.41,0.0,168,141289,卖盘
2808,14:31:16,8.4,-0.01,664,558492,卖盘
2809,14:31:19,8.41,0.01,31,26071,买盘
2810,14:31:22,8.4,-0.01,59,49604,卖盘
2811,14:31:24,8.41,0.01,657,551910,买盘
2812,14:31:28,8.39,-0.02,428,359425,卖盘
2813,14:31:31,8.4,0.01,211,177119,买盘
2814,14:31:34,8.4,0.0,120,100763,买盘
2815,14:31:36,8.39,-0.01,228,191410,卖盘
2816,14:31:40,8.4,0.01,56,47038,买盘
2817,14:31:42,8.4,0.0,234,196413,买盘
2818,14:31:46,8.39,-0.01,133,111587,卖盘
2819,14:31:48,8.38,-0.01,156,130878,卖盘
2820,14:31:51,8.38,0.0,415,347772,卖盘
2821,14:31:55,8.39,0.01,220,184361,买盘
2822,14:31:58,8.38,-0.01,217,181715,中性盘
2823,14:32:00,8.39,0.01,55,46059,买盘
2824,14:32:04,8.37,-0.02,29,24273,中性盘
2825,14:32:06,8.36,-0.01,345,288634,卖盘
2826,14:32:10,8.39,0.03,154,128894,买盘
2827,14:32:13,8.36,-0.03,50,41810,卖盘
2828,14:32:16,8.36,0.0,133,111534,卖盘
2829,14:32:18,8.39,0.03,717,600924,买盘
2830,14:32:22,8.36,-0.03,97,81185,卖盘
2831,14:32:24,8.4,0.04,48,40309,买盘
2832,14:32:27,8.37,-0.03,256,214605,卖盘
2833,14:32:31,8.37,0.0,173,144691,买盘
2834,14:32:34,8.37,0.0,77,64429,买盘
2835,14:32:37,8.37,0.0,129,107893,买盘
2836,14:32:40,8.37,0.0,384,321007,卖盘
2837,14:32:43,8.37,0.0,33,27621,卖盘
2838,14:32:46,8.39,0.02,11,9229,买盘
2839,14:32:48,8.36,-0.03,141,117984,卖盘
2840,14:32:51,8.39,0.03,96,80380,买盘
2841,14:32:54,8.37,-0.02,22,18407,中性盘
2842,14:32:58,8.37,0.0,35,29343,卖盘
2843,14:33:01,8.36,-0.01,26,21758,卖盘
2844,14:33:04,8.36,0.0,137,114554,卖盘
2845,14:33:07,8.37,0.01,55,46029,买盘
2846,14:33:10,8.37,0.0,91,76108,卖盘
2847,14:33:13,8.36,-0.01,58,48502,卖盘
2848,14:33:15,8.37,0.01,23,19251,买盘
2849,14:33:19,8.37,0.0,109,91164,买盘
2850,14:33:22,8.37,0.0,82,68572,买盘
2851,14:33:25,8.37,0.0,41,34309,买盘
2852,14:33:28,8.35,-0.02,86,71828,卖盘
2853,14:33:31,8.36,0.01,35,29271,中性盘
2854,14:33:33,8.36,0.0,32,26752,买盘
2855,14:33:36,8.37,0.01,42,35129,买盘
2856,14:33:39,8.35,-0.02,744,621263,卖盘
2857,14:33:42,8.35,0.0,34,28390,买盘
2858,14:33:45,8.35,0.0,161,134295,买盘
2859,14:33:48,8.34,-0.01,201,167635,卖盘
2860,14:33:51,8.35,0.01,126,105162,买盘
2861,14:33:54,8.34,-0.01,49,40900,卖盘
2862,14:33:58,8.34,0.0,214,178495,卖盘
2863,14:34:01,8.33,-0.01,134,111691,卖盘
2864,14:34:04,8.33,0.0,90,75130,卖盘
2865,14:34:07,8.35,0.02,28,23370,买盘
