,time,price,change,volume,amount,type
0,09:25:04,5.84,0.11,135,78840,卖盘
1,09:30:00,5.84,0.0,2,1168,卖盘
2,09:30:04,5.84,0.0,240,140251,卖盘
3,09:30:07,5.84,0.0,25,14600,买盘
4,09:30:09,5.85,0.01,51,29801,买盘
5,09:30:19,5.84,-0.01,1,584,买盘
6,09:30:22,5.84,0.0,1,584,买盘
7,09:30:25,5.85,0.01,15,8767,买盘
8,09:30:30,5.85,0.0,52,30420,买盘
9,09:30:33,5.85,0.0,1,585,买盘
10,09:30:37,5.84,-0.01,173,101110,卖盘
11,09:30:40,5.84,0.0,18,10512,买盘
12,09:30:43,5.84,0.0,85,49640,买盘
13,09:30:46,5.84,0.0,10,5840,买盘
14,09:30:49,5.83,-0.01,85,49590,卖盘
15,09:30:51,5.83,0.0,18,10494,买盘
16,09:31:01,5.83,0.0,38,22154,买盘
17,09:31:04,5.82,-0.01,98,57104,卖盘
18,09:31:06,5.82,0.0,41,23863,卖盘
19,09:31:09,5.83,0.01,8,4657,买盘
20,09:31:12,5.82,-0.01,89,51786,中性盘
21,09:31:16,5.83,0.01,14,8153,买盘
22,09:31:19,5.83,0.0,4,2330,买盘
23,09:31:22,5.82,-0.01,58,33777,卖盘
24,09:31:25,5.82,0.0,11,6976,中性盘
25,09:31:27,5.83,0.01,10,5259,卖盘
26,09:31:30,5.84,0.01,11,6415,买盘
27,09:31:37,5.83,-0.01,9,5248,卖盘
28,09:31:40,5.84,0.01,9,5256,买盘
29,09:31:52,5.84,0.0,13,7576,买盘
30,09:31:55,5.84,0.0,1,584,买盘
31,09:31:58,5.82,-0.02,1,582,卖盘
32,09:32:01,5.83,0.01,45,26233,买盘
33,09:32:04,5.82,-0.01,5,2910,中性盘
34,09:32:07,5.81,-0.01,136,79017,卖盘
35,09:32:10,5.81,0.0,121,70300,买盘
36,09:32:13,5.81,0.0,1,581,买盘
37,09:32:16,5.81,0.0,13,7553,买盘
38,09:32:19,5.81,0.0,5,2905,买盘
39,09:32:21,5.81,0.0,19,11039,买盘
40,09:32:25,5.81,0.0,18,10458,买盘
41,09:32:28,5.81,0.0,11,6391,卖盘
42,09:32:30,5.8,-0.01,18,10446,卖盘
43,09:32:34,5.81,0.01,15,8715,买盘
44,09:32:37,5.81,0.0,1,581,买盘
45,09:32:43,5.8,-0.01,41,23780,卖盘
46,09:32:49,5.81,0.01,32,18580,买盘
47,09:32:52,5.81,0.0,1,581,买盘
48,09:32:57,5.8,-0.01,153,88740,卖盘
49,09:33:06,5.81,0.01,1,581,买盘
50,09:33:09,5.81,0.0,36,20916,买盘
51,09:33:18,5.81,0.0,8,4648,卖盘
52,09:33:22,5.82,0.01,1,582,买盘
53,09:33:25,5.81,-0.01,7,4067,卖盘
54,09:33:34,5.81,0.0,10,5810,买盘
55,09:33:37,5.81,0.0,14,8134,买盘
56,09:34:07,5.81,0.0,2,1162,卖盘
57,09:34:13,5.81,0.0,10,5810,卖盘
58,09:34:16,5.82,0.01,77,44738,买盘
59,09:34:19,5.82,0.0,2,1164,买盘
60,09:34:34,5.81,-0.01,4,2324,卖盘
61,09:34:48,5.81,0.0,1,581,卖盘
62,09:34:52,5.81,0.0,9,5229,卖盘
63,09:35:01,5.82,0.01,46,26769,买盘
64,09:35:06,5.82,0.0,86,50052,买盘
65,09:35:09,5.8,-0.02,3,1740,卖盘
66,09:35:22,5.81,0.01,30,17430,卖盘
67,09:35:28,5.8,-0.01,180,104400,卖盘
68,09:35:46,5.8,0.0,118,68440,买盘
69,09:36:07,5.79,-0.01,1,579,买盘
70,09:36:13,5.79,0.0,9,5211,中性盘
71,09:36:16,5.8,0.01,24,13920,买盘
72,09:36:28,5.79,-0.01,12,6948,卖盘
73,09:36:37,5.8,0.01,50,29000,买盘
74,09:36:39,5.8,0.0,6,3479,买盘
75,09:36:57,5.79,-0.01,1,579,卖盘
76,09:37:04,5.79,0.0,113,65427,卖盘
77,09:37:09,5.78,-0.01,306,176868,卖盘
78,09:37:13,5.77,-0.01,1,577,卖盘
79,09:37:28,5.77,0.0,46,26577,卖盘
80,09:37:31,5.77,0.0,11,6347,卖盘
81,09:37:46,5.78,0.01,20,11560,买盘
82,09:37:49,5.78,0.0,5,2889,买盘
83,09:37:52,5.78,0.0,29,16735,买盘
84,09:37:58,5.77,-0.01,113,65284,卖盘
85,09:38:01,5.78,0.01,20,11560,买盘
86,09:38:04,5.78,0.0,7,4045,买盘
87,09:38:09,5.78,0.0,43,24854,买盘
88,09:38:37,5.78,0.0,160,92480,卖盘
89,09:38:49,5.77,-0.01,7,4041,卖盘
90,09:38:51,5.78,0.01,5,2890,买盘
91,09:38:58,5.78,0.0,27,15606,买盘
92,09:39:00,5.78,0.0,17,9826,买盘
93,09:39:04,5.78,0.0,10,5780,买盘
94,09:39:07,5.77,-0.01,1,577,卖盘
95,09:39:13,5.77,0.0,8,4616,卖盘
96,09:39:16,5.77,0.0,102,58854,卖盘
97,09:39:21,5.77,0.0,231,133318,卖盘
98,09:39:34,5.77,0.0,20,11540,卖盘
99,09:39:37,5.77,0.0,1,577,卖盘
100,09:39:40,5.77,0.0,10,5770,卖盘
101,09:39:43,5.77,0.0,8,4616,卖盘
102,09:39:49,5.76,-0.01,260,149770,卖盘
103,09:39:58,5.75,-0.01,1,575,卖盘
104,09:40:04,5.76,0.01,6,3456,买盘
105,09:40:07,5.76,0.0,100,57600,买盘
106,09:40:12,5.75,-0.01,319,183425,卖盘
107,09:40:16,5.76,0.01,167,96024,买盘
108,09:40:19,5.74,-0.02,1,574,卖盘
109,09:40:27,5.74,0.0,1,574,卖盘
110,09:40:31,5.75,0.01,1,575,买盘
111,09:40:36,5.75,0.0,2,1150,买盘
112,09:40:40,5.75,0.0,14,8050,买盘
113,09:40:43,5.75,0.0,1,575,买盘
114,09:40:51,5.76,0.01,2,1152,买盘
115,09:40:58,5.76,0.0,9,5184,买盘
116,09:41:01,5.76,0.0,85,48960,买盘
117,09:41:04,5.76,0.0,29,16704,买盘
118,09:41:13,5.77,0.01,30,17310,买盘
119,09:41:16,5.77,0.0,57,32889,买盘
120,09:41:25,5.77,0.0,10,5770,买盘
121,09:41:27,5.77,0.0,56,32312,买盘
122,09:41:31,5.77,0.0,50,28850,买盘
123,09:41:34,5.77,0.0,30,17310,买盘
124,09:41:37,5.77,0.0,7,4039,买盘
125,09:41:42,5.77,0.0,20,11540,买盘
126,09:41:46,5.77,0.0,58,33466,买盘
127,09:41:49,5.77,0.0,3,1731,买盘
128,09:41:52,5.77,0.0,1,577,买盘
129,09:41:55,5.77,0.0,23,13271,买盘
130,09:42:01,5.77,0.0,24,13848,卖盘
131,09:42:24,5.77,0.0,1,577,卖盘
132,09:42:40,5.77,0.0,6,3462,卖盘
133,09:42:43,5.77,0.0,6,3462,卖盘
134,09:42:46,5.77,0.0,7,4039,卖盘
135,09:42:49,5.77,0.0,7,4039,卖盘
136,09:42:55,5.76,-0.01,1,576,卖盘
137,09:43:10,5.76,0.0,46,26496,卖盘
138,09:43:13,5.76,0.0,1,576,卖盘
139,09:43:22,5.76,0.0,50,28840,卖盘
140,09:43:28,5.76,0.0,7,4032,卖盘
141,09:43:40,5.76,0.0,100,57600,卖盘
142,09:43:42,5.76,0.0,1,576,卖盘
143,09:43:46,5.76,0.0,2,1152,卖盘
144,09:43:55,5.76,0.0,2,1152,卖盘
145,09:43:57,5.76,0.0,1,576,卖盘
146,09:44:07,5.76,0.0,2,1152,卖盘
147,09:44:16,5.76,0.0,1,576,卖盘
148,09:44:18,5.76,0.0,2,1152,卖盘
149,09:44:27,5.76,0.0,2,1152,卖盘
150,09:44:34,5.76,0.0,1,576,卖盘
151,09:44:40,5.76,0.0,2,1152,卖盘
152,09:44:49,5.76,0.0,3,1728,卖盘
153,09:45:01,5.76,0.0,2,1152,卖盘
154,09:45:04,5.76,0.0,17,9792,卖盘
155,09:45:12,5.76,0.0,2,1152,卖盘
156,09:45:16,5.76,0.0,9,5184,卖盘
157,09:45:19,5.76,0.0,31,17856,卖盘
158,09:45:22,5.76,0.0,2,1152,卖盘
159,09:45:37,5.76,0.0,2,1152,卖盘
160,09:45:45,5.76,0.0,3,1728,卖盘
161,09:45:54,5.76,0.0,2,1152,卖盘
162,09:45:58,5.76,0.0,10,5760,卖盘
163,09:46:07,5.76,0.0,2,1152,卖盘
164,09:46:19,5.76,0.0,2,1152,卖盘
165,09:46:28,5.76,0.0,2,1152,卖盘
166,09:46:40,5.76,0.0,2,1152,卖盘
167,09:46:46,5.77,0.01,52,30004,买盘
168,09:46:52,5.76,-0.01,2,1152,卖盘
169,09:47:01,5.76,0.0,2,1152,卖盘
170,09:47:13,5.76,0.0,3,1729,卖盘
171,09:47:16,5.77,0.01,156,90012,买盘
172,09:47:28,5.77,0.0,10,5770,卖盘
173,09:47:37,5.77,0.0,684,394668,卖盘
174,09:47:58,5.76,-0.01,68,39168,卖盘
175,09:48:00,5.77,0.01,30,17310,买盘
176,09:48:10,5.76,-0.01,2,1152,卖盘
177,09:48:19,5.76,0.0,2,1152,卖盘
178,09:48:24,5.76,0.0,3,1728,卖盘
179,09:48:31,5.76,0.0,2,1152,卖盘
180,09:48:34,5.77,0.01,4,2308,买盘
181,09:48:39,5.76,-0.01,2,1152,卖盘
182,09:48:52,5.76,0.0,2,1152,卖盘
183,09:49:04,5.76,0.0,22,12692,卖盘
184,09:49:12,5.76,0.0,2,1152,卖盘
185,09:49:25,5.76,0.0,2,1152,卖盘
186,09:49:31,5.77,0.01,7,4039,买盘
187,09:49:33,5.76,-0.01,20,11520,卖盘
188,09:49:37,5.76,0.0,2,1152,卖盘
189,09:49:46,5.76,0.0,2,1152,卖盘
190,09:49:58,5.76,0.0,2,1152,卖盘
191,09:50:10,5.76,0.0,2,1152,卖盘
192,09:50:13,5.77,0.01,14,8068,买盘
193,09:50:19,5.76,-0.01,2,1152,卖盘
194,09:50:22,5.77,0.01,51,29427,买盘
195,09:50:31,5.76,-0.01,32,18462,卖盘
196,09:50:43,5.76,0.0,2,1152,卖盘
197,09:50:52,5.76,0.0,2,1152,卖盘
198,09:51:04,5.76,0.0,2,1152,卖盘
199,09:51:16,5.76,0.0,3,1728,卖盘
200,09:51:25,5.76,0.0,2,1152,卖盘
201,09:51:34,5.76,0.0,2,1152,卖盘
202,09:51:37,5.77,0.01,10,5770,买盘
203,09:52:31,5.77,0.0,1,577,买盘
204,09:52:45,5.77,0.0,204,117708,买盘
205,09:52:49,5.77,0.0,140,80780,卖盘
206,09:53:16,5.77,0.0,8,4616,卖盘
207,09:53:28,5.77,0.0,30,17310,卖盘
208,09:53:43,5.76,-0.01,162,93464,卖盘
209,09:54:22,5.76,0.0,100,57600,卖盘
210,09:54:40,5.76,0.0,10,5760,卖盘
211,09:55:07,5.77,0.01,10,5770,买盘
212,09:55:13,5.76,-0.01,3,1728,卖盘
213,09:55:28,5.76,0.0,200,115200,卖盘
214,09:56:19,5.76,0.0,50,28800,卖盘
215,09:56:25,5.77,0.01,6,3462,买盘
216,09:56:28,5.76,-0.01,20,11520,卖盘
217,09:56:34,5.77,0.01,5,2885,买盘
218,09:57:01,5.77,0.0,6,3462,买盘
219,09:57:06,5.77,0.0,11,6347,买盘
220,09:57:12,5.77,0.0,103,59431,买盘
221,09:57:16,5.77,0.0,2,1154,买盘
222,09:57:27,5.77,0.0,236,136172,买盘
223,09:57:54,5.78,0.01,60,34680,买盘
224,09:58:04,5.78,0.0,1,578,买盘
225,09:58:55,5.77,-0.01,2,1154,卖盘
226,09:59:01,5.78,0.01,84,48552,买盘
227,09:59:33,5.78,0.0,1,578,买盘
228,10:00:49,5.77,-0.01,100,57700,卖盘
229,10:00:52,5.78,0.01,40,23090,买盘
230,10:01:37,5.78,0.0,8,4624,买盘
231,10:01:58,5.77,-0.01,13,7501,卖盘
232,10:03:16,5.77,0.0,144,83096,卖盘
233,10:03:22,5.77,0.0,53,30581,卖盘
234,10:03:34,5.77,0.0,17,9809,卖盘
235,10:03:43,5.77,0.0,16,9232,卖盘
236,10:03:55,5.78,0.01,5,2890,买盘
237,10:04:04,5.77,-0.01,26,15002,卖盘
238,10:04:22,5.77,0.0,20,11540,买盘
239,10:04:30,5.77,0.0,15,8655,买盘
240,10:05:01,5.76,-0.01,10,5760,卖盘
241,10:05:10,5.77,0.01,15,8655,买盘
242,10:05:34,5.76,-0.01,10,5760,卖盘
243,10:05:58,5.77,0.01,76,43852,买盘
244,10:06:07,5.76,-0.01,40,23040,卖盘
245,10:06:46,5.77,0.01,24,13848,买盘
246,10:07:21,5.77,0.0,100,57700,买盘
247,10:08:10,5.76,-0.01,104,59904,卖盘
248,10:08:39,5.77,0.01,1,577,买盘
249,10:09:15,5.76,-0.01,10,5760,卖盘
250,10:09:40,5.77,0.01,60,34620,买盘
251,10:10:07,5.77,0.0,6,3462,买盘
252,10:10:13,5.77,0.0,2,1154,买盘
253,10:10:31,5.77,0.0,40,23080,买盘
254,10:10:33,5.77,0.0,17,9809,买盘
255,10:10:48,5.76,-0.01,23,13251,卖盘
256,10:10:51,5.77,0.01,9,5193,买盘
257,10:11:00,5.77,0.0,100,57700,买盘
258,10:11:10,5.77,0.0,6,3462,买盘
259,10:11:46,5.77,0.0,37,21349,买盘
260,10:11:55,5.77,0.0,9,5193,买盘
261,10:12:25,5.76,-0.01,20,11520,卖盘
262,10:14:58,5.77,0.01,3,1731,买盘
263,10:15:01,5.77,0.0,100,57700,买盘
264,10:15:30,5.76,-0.01,861,495936,卖盘
265,10:15:33,5.76,0.0,24,13824,卖盘
266,10:15:40,5.76,0.0,9,5184,卖盘
267,10:16:36,5.76,0.0,20,11520,卖盘
268,10:17:04,5.76,0.0,51,29376,卖盘
269,10:17:16,5.76,0.0,12,6912,买盘
270,10:17:31,5.76,0.0,25,14400,买盘
271,10:18:01,5.76,0.0,3,1728,买盘
272,10:19:13,5.75,-0.01,6,3450,卖盘
273,10:19:31,5.75,0.0,300,172500,卖盘
274,10:19:34,5.75,0.0,16,9200,卖盘
275,10:19:46,5.75,0.0,287,165220,卖盘
276,10:20:06,5.76,0.01,2,1152,买盘
277,10:20:09,5.75,-0.01,414,238050,卖盘
278,10:20:12,5.75,0.0,1,575,卖盘
279,10:20:16,5.75,0.0,3,1725,卖盘
280,10:20:22,5.75,0.0,10,5750,卖盘
281,10:20:36,5.75,0.0,6,3254,卖盘
282,10:20:55,5.74,-0.01,15,8610,卖盘
283,10:21:22,5.74,0.0,15,8610,卖盘
284,10:21:24,5.74,0.0,12,6888,卖盘
285,10:21:27,5.74,0.0,8,4592,卖盘
286,10:21:49,5.74,0.0,10,5740,卖盘
287,10:23:04,5.74,0.0,16,9184,卖盘
288,10:23:28,5.74,0.0,70,40180,卖盘
289,10:23:30,5.74,0.0,10,5935,卖盘
290,10:23:34,5.74,0.0,40,22765,卖盘
291,10:23:39,5.73,-0.01,153,87669,卖盘
292,10:23:55,5.73,0.0,101,57873,买盘
293,10:24:28,5.72,-0.01,86,49192,卖盘
294,10:24:43,5.71,-0.01,20,11420,卖盘
295,10:25:04,5.71,0.0,10,5710,卖盘
296,10:25:07,5.72,0.01,50,28600,买盘
297,10:25:51,5.73,0.01,70,40110,买盘
298,10:26:00,5.73,0.0,86,49278,买盘
299,10:26:04,5.73,0.0,2,1146,买盘
300,10:26:09,5.73,0.0,57,32661,买盘
301,10:27:22,5.74,0.01,10,5740,卖盘
302,10:28:27,5.74,0.0,20,11495,卖盘
303,10:29:33,5.74,0.0,37,21238,卖盘
304,10:30:10,5.74,0.0,20,11480,买盘
305,10:31:04,5.74,0.0,3,1722,买盘
306,10:31:16,5.74,0.0,105,60170,买盘
307,10:31:36,5.74,0.0,53,30422,卖盘
308,10:32:06,5.73,-0.01,49,28077,卖盘
309,10:32:25,5.73,0.0,3,1719,买盘
310,10:32:37,5.73,0.0,37,21201,买盘
311,10:33:16,5.73,0.0,29,17179,买盘
312,10:33:33,5.73,0.0,8,4022,卖盘
313,10:33:42,5.73,0.0,6,3438,买盘
314,10:33:46,5.73,0.0,53,30369,买盘
315,10:33:52,5.72,-0.01,48,27456,卖盘
316,10:33:54,5.73,0.01,5,2865,买盘
317,10:34:06,5.73,0.0,100,57300,买盘
318,10:34:09,5.73,0.0,1,573,买盘
319,10:34:13,5.73,0.0,16,9730,卖盘
320,10:34:34,5.73,0.0,5,2865,卖盘
321,10:35:06,5.74,0.01,3,1722,买盘
322,10:35:40,5.74,0.0,93,53382,买盘
323,10:36:40,5.73,-0.01,85,48705,卖盘
324,10:37:28,5.74,0.01,127,72898,买盘
325,10:37:31,5.74,0.0,33,18942,卖盘
326,10:37:37,5.74,0.0,1,574,卖盘
327,10:37:55,5.74,0.0,84,48216,卖盘
328,10:37:58,5.74,0.0,17,9758,买盘
329,10:38:12,5.73,-0.01,151,85961,卖盘
330,10:38:19,5.73,0.0,83,47559,买盘
331,10:38:22,5.73,0.0,274,157002,买盘
332,10:39:01,5.73,0.0,15,8595,卖盘
333,10:39:04,5.73,0.0,2,1146,卖盘
334,10:39:12,5.73,0.0,8,4584,卖盘
335,10:40:01,5.73,0.0,66,37818,卖盘
336,10:41:51,5.73,0.0,62,35526,卖盘
337,10:41:57,5.73,0.0,9,5157,卖盘
338,10:42:28,5.74,0.01,4,2296,买盘
339,10:43:15,5.74,0.0,1,574,买盘
340,10:43:58,5.73,-0.01,12,6876,卖盘
341,10:44:46,5.73,0.0,5,2865,卖盘
342,10:44:52,5.73,0.0,83,47559,卖盘
343,10:44:54,5.73,0.0,39,22347,卖盘
344,10:45:00,5.73,0.0,8,4584,卖盘
345,10:45:04,5.73,0.0,1,573,卖盘
346,10:45:07,5.73,0.0,7,4011,卖盘
347,10:45:43,5.73,0.0,32,18336,买盘
348,10:45:46,5.73,0.0,10,5730,卖盘
349,10:45:54,5.74,0.01,18,10332,买盘
350,10:46:54,5.73,-0.01,3,1719,卖盘
351,10:47:42,5.73,0.0,23,13179,买盘
352,10:47:49,5.73,0.0,21,12033,卖盘
353,10:47:51,5.73,0.0,3,1719,卖盘
354,10:48:24,5.73,0.0,3,1719,卖盘
355,10:48:27,5.72,-0.01,158,90376,卖盘
356,10:48:51,5.72,0.0,5,2860,卖盘
357,10:49:28,5.72,0.0,20,11440,卖盘
358,10:49:46,5.72,0.0,10,5720,卖盘
359,10:51:16,5.72,0.0,9,5148,卖盘
360,10:51:31,5.72,0.0,10,5720,卖盘
361,10:52:24,5.72,0.0,7,4004,卖盘
362,10:52:48,5.72,0.0,2,1144,买盘
363,10:53:19,5.72,0.0,100,57200,买盘
364,10:53:21,5.72,0.0,10,5720,买盘
365,10:53:24,5.72,0.0,43,24596,买盘
366,10:53:27,5.72,0.0,11,6292,买盘
367,10:53:30,5.72,0.0,2,1144,买盘
368,10:53:34,5.72,0.0,1,572,买盘
369,10:53:36,5.72,0.0,1,572,买盘
370,10:53:39,5.72,0.0,1,572,买盘
371,10:53:42,5.72,0.0,1,572,买盘
372,10:54:01,5.72,0.0,3,1716,买盘
373,10:54:06,5.72,0.0,1,572,买盘
374,10:54:09,5.71,-0.01,6,3426,卖盘
375,10:54:31,5.72,0.01,4,2288,买盘
376,10:54:34,5.71,-0.01,6,3426,卖盘
377,10:55:04,5.72,0.01,14,8008,买盘
378,10:55:09,5.72,0.0,23,13156,买盘
379,10:55:18,5.72,0.0,54,30888,买盘
380,10:56:24,5.72,0.0,11,6292,卖盘
381,10:56:39,5.74,0.02,1,574,买盘
382,10:56:51,5.74,0.0,5,2870,买盘
383,10:57:33,5.73,-0.01,6,3438,卖盘
384,10:57:46,5.74,0.01,2,1148,买盘
385,10:57:49,5.73,-0.01,7,4011,卖盘
386,10:58:19,5.72,-0.01,2,1144,卖盘
387,10:58:45,5.72,0.0,6,3432,卖盘
388,10:58:58,5.72,0.0,207,118404,卖盘
389,10:59:09,5.73,0.01,1,573,买盘
390,10:59:19,5.71,-0.02,1,571,卖盘
391,10:59:22,5.73,0.02,40,22920,买盘
392,10:59:25,5.72,-0.01,2,1144,卖盘
393,10:59:36,5.72,0.0,31,17732,卖盘
394,10:59:48,5.73,0.01,22,12606,买盘
395,11:00:06,5.72,-0.01,1,572,卖盘
396,11:00:12,5.72,0.0,1,572,买盘
397,11:00:15,5.72,0.0,1,572,买盘
398,11:00:27,5.72,0.0,42,24024,买盘
399,11:00:51,5.72,0.0,20,11440,卖盘
400,11:01:09,5.71,-0.01,6,3426,卖盘
401,11:01:42,5.72,0.01,2,1144,买盘
402,11:01:51,5.72,0.0,18,10296,买盘
403,11:03:00,5.73,0.01,1,573,买盘
404,11:03:30,5.72,-0.01,57,32604,卖盘
405,11:03:39,5.72,0.0,10,5720,卖盘
406,11:03:57,5.72,0.0,13,7436,卖盘
407,11:04:12,5.72,0.0,1,572,买盘
408,11:04:21,5.72,0.0,5,2860,买盘
409,11:04:51,5.72,0.0,1,572,买盘
410,11:05:01,5.72,0.0,100,57200,买盘
411,11:05:04,5.72,0.0,96,54912,买盘
412,11:05:13,5.72,0.0,3,1716,卖盘
413,11:05:31,5.71,-0.01,46,26288,卖盘
414,11:06:16,5.71,0.0,48,27408,卖盘
415,11:06:34,5.72,0.01,3,1716,买盘
416,11:06:37,5.72,0.0,2,1144,买盘
417,11:06:42,5.72,0.0,78,44616,买盘
418,11:07:30,5.72,0.0,1,572,买盘
419,11:07:57,5.71,-0.01,1,571,卖盘
420,11:08:54,5.72,0.01,1,572,买盘
421,11:09:30,5.72,0.0,1,572,买盘
422,11:09:37,5.72,0.0,10,5720,买盘
423,11:09:39,5.72,0.0,31,17731,买盘
424,11:09:42,5.71,-0.01,129,73663,卖盘
425,11:09:57,5.72,0.01,2,1144,买盘
426,11:10:06,5.72,0.0,4,2288,买盘
427,11:10:09,5.72,0.0,2,1144,卖盘
428,11:10:37,5.73,0.01,16,9168,买盘
429,11:10:46,5.73,0.0,65,37245,卖盘
430,11:10:48,5.73,0.0,17,9741,卖盘
431,11:11:06,5.73,0.0,8,4584,买盘
432,11:11:24,5.73,0.0,1,573,买盘
433,11:11:30,5.73,0.0,5,2865,买盘
434,11:12:27,5.73,0.0,4,2292,买盘
435,11:12:37,5.74,0.01,1,574,买盘
436,11:12:39,5.73,-0.01,18,10314,卖盘
437,11:13:24,5.72,-0.01,3,1716,卖盘
438,11:13:27,5.73,0.01,2,1146,买盘
439,11:13:30,5.73,0.0,3,1719,卖盘
440,11:13:45,5.73,0.0,2,1146,买盘
441,11:13:48,5.73,0.0,18,10314,买盘
442,11:14:48,5.73,0.0,1,573,卖盘
443,11:15:00,5.74,0.01,1,574,买盘
444,11:15:27,5.73,-0.01,20,11460,卖盘
445,11:15:57,5.74,0.01,1,574,买盘
446,11:16:12,5.73,-0.01,54,30942,卖盘
447,11:16:24,5.73,0.0,20,11460,卖盘
448,11:16:33,5.73,0.0,4,2292,卖盘
449,11:16:43,5.74,0.01,30,17220,买盘
450,11:17:01,5.74,0.0,3,1722,买盘
451,11:17:04,5.74,0.0,1,574,买盘
452,11:17:27,5.73,-0.01,6,3438,卖盘
453,11:18:07,5.73,0.0,16,9168,卖盘
454,11:18:10,5.74,0.01,2,1148,买盘
455,11:18:43,5.74,0.0,1,574,买盘
456,11:19:42,5.74,0.0,1,574,买盘
457,11:20:09,5.73,-0.01,3,1719,卖盘
458,11:20:42,5.74,0.01,1,574,买盘
459,11:20:45,5.73,-0.01,6,3438,卖盘
460,11:21:40,5.74,0.01,2,1148,买盘
461,11:22:06,5.74,0.0,10,5740,买盘
462,11:22:48,5.73,-0.01,1,573,卖盘
463,11:23:09,5.74,0.01,14,8036,买盘
464,11:23:12,5.73,-0.01,6,3438,卖盘
465,11:23:15,5.73,0.0,13,7450,卖盘
466,11:23:42,5.73,0.0,22,12606,卖盘
467,11:24:30,5.74,0.01,1,574,买盘
468,11:24:51,5.74,0.0,100,57400,买盘
469,11:25:12,5.74,0.0,2,1148,买盘
470,11:25:33,5.74,0.0,2,1148,买盘
471,11:26:06,5.74,0.0,5,2870,买盘
472,11:26:21,5.74,0.0,2,1148,买盘
473,11:26:33,5.74,0.0,1,574,买盘
474,11:27:30,5.74,0.0,15,8610,买盘
475,11:28:12,5.74,0.0,1,574,买盘
476,11:28:24,5.74,0.0,26,14924,买盘
477,11:28:27,5.73,-0.01,3,1719,卖盘
478,11:28:45,5.73,0.0,3,1719,卖盘
479,11:29:15,5.74,0.01,1,574,买盘
480,11:29:36,5.74,0.0,69,39606,买盘
481,13:00:04,5.74,0.0,76,43624,买盘
482,13:00:10,5.73,-0.01,2,1146,卖盘
483,13:00:12,5.74,0.01,2,1148,买盘
484,13:00:42,5.73,-0.01,601,344373,卖盘
485,13:01:12,5.74,0.01,3,1722,买盘
486,13:01:15,5.73,-0.01,22,12606,卖盘
487,13:01:18,5.74,0.01,1,574,买盘
488,13:01:21,5.73,-0.01,1,573,卖盘
489,13:01:36,5.73,0.0,25,14325,卖盘
490,13:02:03,5.73,0.0,10,5730,买盘
491,13:02:33,5.73,0.0,1,573,买盘
492,13:03:15,5.72,-0.01,14,8008,卖盘
493,13:04:06,5.73,0.01,2,1146,买盘
494,13:05:00,5.73,0.0,1,573,买盘
495,13:05:21,5.72,-0.01,6,3432,卖盘
496,13:05:27,5.73,0.01,20,11460,买盘
497,13:05:43,5.72,-0.01,1,572,卖盘
498,13:06:36,5.73,0.01,1,573,买盘
499,13:07:24,5.73,0.0,2,1146,买盘
500,13:07:42,5.72,-0.01,60,34320,卖盘
501,13:08:21,5.73,0.01,29,16617,买盘
502,13:08:27,5.72,-0.01,3,1716,卖盘
503,13:08:54,5.73,0.01,1,573,买盘
504,13:09:00,5.72,-0.01,100,57200,卖盘
505,13:09:04,5.72,0.0,1,572,卖盘
506,13:09:07,5.72,0.0,1,572,卖盘
507,13:09:09,5.72,0.0,47,26884,卖盘
508,13:09:28,5.72,0.0,1,572,卖盘
509,13:09:30,5.72,0.0,12,6864,卖盘
510,13:09:43,5.72,0.0,1,572,买盘
511,13:10:04,5.72,0.0,20,11440,买盘
512,13:10:21,5.71,-0.01,16,9136,卖盘
513,13:10:39,5.71,0.0,17,9707,卖盘
514,13:10:46,5.71,0.0,2,1142,卖盘
515,13:11:07,5.72,0.01,48,27456,买盘
516,13:11:12,5.73,0.01,1,573,买盘
517,13:11:28,5.72,-0.01,2,1144,买盘
518,13:11:51,5.72,0.0,36,20592,卖盘
519,13:11:54,5.72,0.0,15,8580,卖盘
520,13:12:04,5.72,0.0,3,1716,买盘
521,13:12:09,5.71,-0.01,7,3999,卖盘
522,13:12:45,5.72,0.01,9,5148,买盘
523,13:13:42,5.72,0.0,1,572,买盘
524,13:13:51,5.72,0.0,36,20592,买盘
525,13:13:58,5.71,-0.01,5,2855,卖盘
526,13:14:21,5.72,0.01,103,58916,买盘
527,13:14:36,5.73,0.01,1,573,买盘
528,13:14:39,5.72,-0.01,6,3432,卖盘
529,13:14:54,5.72,0.0,30,17160,卖盘
530,13:14:57,5.72,0.0,52,29744,卖盘
531,13:15:00,5.72,0.0,2,1144,卖盘
532,13:15:21,5.71,-0.01,57,32547,卖盘
533,13:15:54,5.72,0.01,2,1144,买盘
534,13:16:12,5.72,0.0,18,10296,买盘
535,13:16:24,5.72,0.0,4,2288,买盘
536,13:16:27,5.72,0.0,8,4576,卖盘
537,13:17:13,5.72,0.0,5,2860,买盘
538,13:17:24,5.72,0.0,1,572,买盘
539,13:17:45,5.72,0.0,3,1716,买盘
540,13:18:39,5.72,0.0,1,572,买盘
541,13:19:27,5.72,0.0,22,12584,买盘
542,13:19:42,5.72,0.0,5,2860,买盘
543,13:20:00,5.71,-0.01,6,3426,卖盘
544,13:20:07,5.71,0.0,50,28550,卖盘
545,13:20:09,5.71,0.0,52,29692,卖盘
546,13:20:22,5.71,0.0,48,27408,卖盘
547,13:20:28,5.71,0.0,15,8565,卖盘
548,13:20:30,5.7,-0.01,11,6275,卖盘
549,13:20:42,5.69,-0.01,400,227865,卖盘
550,13:20:55,5.7,0.01,1,570,买盘
551,13:21:01,5.69,-0.01,52,29588,卖盘
552,13:21:09,5.69,0.0,8,4552,卖盘
553,13:21:28,5.68,-0.01,3,1704,卖盘
554,13:21:48,5.68,0.0,26,14788,卖盘
555,13:22:13,5.68,0.0,20,11360,卖盘
556,13:22:16,5.69,0.01,23,13087,买盘
557,13:22:27,5.69,0.0,13,7397,买盘
558,13:23:00,5.69,0.0,8,4552,卖盘
559,13:23:09,5.7,0.01,1,570,买盘
560,13:23:18,5.7,0.0,9,5130,买盘
561,13:23:57,5.7,0.0,20,11400,买盘
562,13:24:16,5.7,0.0,44,25080,买盘
563,13:24:22,5.71,0.01,2,1142,买盘
564,13:24:24,5.69,-0.02,73,41537,卖盘
565,13:24:27,5.69,0.0,23,13087,买盘
566,13:24:30,5.69,0.0,1,569,买盘
567,13:24:33,5.69,0.0,53,30157,买盘
568,13:24:46,5.69,0.0,1,569,卖盘
569,13:25:19,5.7,0.01,6,3420,买盘
570,13:25:36,5.7,0.0,17,9690,卖盘
571,13:25:42,5.7,0.0,1,570,买盘
572,13:25:51,5.7,0.0,10,5700,买盘
573,13:25:54,5.69,-0.01,15,8535,卖盘
574,13:26:01,5.68,-0.01,6,3408,卖盘
575,13:26:39,5.7,0.02,1,570,买盘
576,13:27:01,5.7,0.0,1,570,买盘
577,13:27:43,5.7,0.0,2,1140,买盘
578,13:28:15,5.69,-0.01,49,27893,卖盘
579,13:28:30,5.69,0.0,24,13656,卖盘
580,13:28:43,5.69,0.0,20,11380,卖盘
581,13:28:49,5.69,0.0,58,33002,卖盘
582,13:28:51,5.69,0.0,19,10811,卖盘
583,13:28:58,5.7,0.01,1,570,买盘
584,13:29:04,5.69,-0.01,7,3983,卖盘
585,13:29:36,5.68,-0.01,10,5680,卖盘
586,13:30:40,5.69,0.01,17,9673,买盘
587,13:30:49,5.69,0.0,3,1707,卖盘
588,13:31:04,5.69,0.0,18,10242,卖盘
589,13:31:24,5.68,-0.01,200,113600,卖盘
590,13:31:33,5.68,0.0,47,26723,卖盘
591,13:31:40,5.68,0.0,7,3976,卖盘
592,13:31:52,5.69,0.01,2,1138,买盘
593,13:31:55,5.69,0.0,4,2276,买盘
594,13:31:58,5.69,0.0,35,19915,买盘
595,13:32:01,5.69,0.0,1,569,买盘
596,13:32:09,5.69,0.0,25,14225,卖盘
597,13:32:28,5.69,0.0,3,1707,卖盘
598,13:32:49,5.69,0.0,4,2276,卖盘
599,13:32:52,5.69,0.0,1,569,买盘
600,13:33:42,5.68,-0.01,6,3408,卖盘
601,13:33:58,5.69,0.01,11,6250,买盘
602,13:34:09,5.69,0.0,1,569,买盘
603,13:34:19,5.69,0.0,1,569,买盘
604,13:34:39,5.68,-0.01,5,2840,卖盘
605,13:34:55,5.69,0.01,1,569,买盘
606,13:34:58,5.69,0.0,20,11380,买盘
607,13:35:37,5.69,0.0,19,10811,卖盘
608,13:35:39,5.69,0.0,9,5121,卖盘
609,13:35:58,5.68,-0.01,71,40328,卖盘
610,13:36:01,5.68,0.0,1,568,卖盘
611,13:36:04,5.68,0.0,9,5112,卖盘
612,13:36:07,5.68,0.0,8,4544,卖盘
613,13:36:10,5.68,0.0,3,1704,卖盘
614,13:36:13,5.68,0.0,2,1136,卖盘
615,13:36:37,5.68,0.0,2,1136,买盘
616,13:36:58,5.68,0.0,16,9088,买盘
617,13:37:16,5.68,0.0,14,7952,卖盘
618,13:37:31,5.68,0.0,24,13622,买盘
619,13:37:34,5.69,0.01,12,6826,买盘
620,13:37:48,5.69,0.0,8,4552,买盘
621,13:37:52,5.69,0.0,1,569,买盘
622,13:38:04,5.68,-0.01,1,568,卖盘
623,13:38:12,5.68,0.0,35,19880,卖盘
624,13:38:48,5.68,0.0,1,568,买盘
625,13:39:16,5.68,0.0,30,17040,买盘
626,13:39:27,5.68,0.0,195,110760,买盘
627,13:40:13,5.69,0.01,27,15363,买盘
628,13:40:16,5.68,-0.01,7,3976,卖盘
629,13:40:18,5.69,0.01,2,1138,买盘
630,13:40:22,5.69,0.0,66,37554,买盘
631,13:40:37,5.69,0.0,7,3983,卖盘
632,13:41:01,5.7,0.01,1,570,买盘
633,13:41:40,5.69,-0.01,13,7397,卖盘
634,13:42:07,5.7,0.01,1,570,买盘
635,13:42:25,5.7,0.0,68,38760,买盘
636,13:42:43,5.7,0.0,23,13110,卖盘
637,13:43:01,5.7,0.0,30,17100,买盘
638,13:43:07,5.7,0.0,10,5700,买盘
639,13:43:46,5.7,0.0,20,11400,买盘
640,13:43:48,5.7,0.0,2,1140,买盘
641,13:44:09,5.7,0.0,4,2280,卖盘
642,13:44:19,5.7,0.0,5,2850,买盘
643,13:44:22,5.7,0.0,22,12540,买盘
644,13:44:46,5.7,0.0,1,570,买盘
645,13:44:55,5.7,0.0,10,5700,买盘
646,13:44:58,5.7,0.0,10,5700,买盘
647,13:45:07,5.7,0.0,6,3420,买盘
648,13:45:10,5.7,0.0,142,80940,买盘
649,13:45:34,5.7,0.0,3,1710,卖盘
650,13:45:43,5.7,0.0,10,5700,卖盘
651,13:46:18,5.7,0.0,1,570,买盘
652,13:47:16,5.7,0.0,2,1140,买盘
653,13:47:22,5.7,0.0,1,570,买盘
654,13:47:33,5.69,-0.01,101,57469,卖盘
655,13:48:24,5.7,0.01,2,1140,买盘
656,13:49:24,5.7,0.0,1,570,买盘
657,13:49:28,5.69,-0.01,20,11380,卖盘
658,13:49:31,5.69,0.0,2,1138,卖盘
659,13:49:37,5.69,0.0,2,1138,卖盘
660,13:49:40,5.69,0.0,1,569,卖盘
661,13:50:42,5.68,-0.01,5,2840,卖盘
662,13:51:01,5.68,0.0,70,39760,卖盘
663,13:51:04,5.7,0.02,1,570,买盘
664,13:52:00,5.7,0.0,2,1140,买盘
665,13:52:28,5.68,-0.02,2,1136,卖盘
666,13:52:30,5.68,0.0,6,3408,买盘
667,13:52:57,5.7,0.02,60,34200,买盘
668,13:53:24,5.7,0.0,1,570,买盘
669,13:53:54,5.7,0.0,200,114000,买盘
670,13:54:33,5.7,0.0,40,22800,买盘
671,13:54:43,5.68,-0.02,8,4544,卖盘
672,13:54:48,5.7,0.02,1,570,买盘
673,13:55:31,5.68,-0.02,6,3408,卖盘
674,13:55:48,5.69,0.01,2,1138,买盘
675,13:56:01,5.68,-0.01,27,15336,卖盘
676,13:56:10,5.68,0.0,20,11360,卖盘
677,13:56:36,5.68,0.0,30,17040,卖盘
678,13:56:39,5.69,0.01,7,3977,买盘
679,13:56:45,5.68,-0.01,1,568,卖盘
680,13:56:49,5.68,0.0,2,1136,卖盘
681,13:56:58,5.67,-0.01,50,28369,卖盘
682,13:57:34,5.68,0.01,1,568,卖盘
683,13:57:37,5.68,0.0,1,568,卖盘
684,13:57:39,5.68,0.0,5,2840,卖盘
685,13:57:45,5.69,0.01,85,48365,买盘
686,13:57:49,5.69,0.0,15,8535,卖盘
687,13:57:58,5.69,0.0,3,1707,卖盘
688,13:58:04,5.69,0.0,97,55193,卖盘
689,13:58:07,5.68,-0.01,3,1704,卖盘
690,13:58:13,5.67,-0.01,6,3402,卖盘
691,13:58:16,5.69,0.02,1,569,买盘
692,13:58:27,5.67,-0.02,200,113400,卖盘
693,13:59:19,5.69,0.02,1,569,买盘
694,13:59:22,5.67,-0.02,30,17010,卖盘
695,13:59:43,5.67,0.0,15,8505,卖盘
696,13:59:46,5.69,0.02,30,17070,买盘
697,14:00:13,5.68,-0.01,3,1704,卖盘
698,14:00:34,5.69,0.01,2,1138,买盘
699,14:01:04,5.69,0.0,17,9673,买盘
700,14:01:25,5.69,0.0,1,569,买盘
701,14:01:54,5.68,-0.01,10,5680,买盘
702,14:02:07,5.68,0.0,12,6816,买盘
703,14:02:13,5.68,0.0,32,18176,卖盘
704,14:02:16,5.68,0.0,71,40328,卖盘
705,14:02:36,5.68,0.0,1,568,买盘
706,14:03:49,5.67,-0.01,17,9639,卖盘
707,14:03:52,5.67,0.0,102,57834,卖盘
708,14:04:00,5.67,0.0,1,567,买盘
709,14:04:04,5.66,-0.01,127,71883,卖盘
710,14:04:55,5.66,0.0,2,1132,卖盘
711,14:04:58,5.67,0.01,1,567,买盘
712,14:05:04,5.66,-0.01,33,18678,卖盘
713,14:05:06,5.67,0.01,10,5670,买盘
714,14:05:19,5.66,-0.01,20,11320,卖盘
715,14:05:40,5.66,0.0,10,5660,卖盘
716,14:05:52,5.67,0.01,10,5670,买盘
717,14:05:58,5.67,0.0,5,2835,买盘
718,14:06:43,5.67,0.0,50,28350,买盘
719,14:06:46,5.67,0.0,1,567,买盘
720,14:07:33,5.67,0.0,2,1134,买盘
721,14:07:55,5.66,-0.01,11,6236,卖盘
722,14:08:03,5.66,0.0,50,28300,卖盘
723,14:08:27,5.66,0.0,30,16980,卖盘
724,14:08:37,5.66,0.0,58,32828,卖盘
725,14:08:49,5.66,0.0,6,3396,卖盘
726,14:09:04,5.67,0.01,10,5670,买盘
727,14:09:06,5.67,0.0,1,567,买盘
728,14:09:16,5.67,0.0,10,5670,买盘
729,14:09:37,5.66,-0.01,2,1132,卖盘
730,14:09:42,5.67,0.01,1,567,买盘
731,14:09:54,5.66,-0.01,38,21508,卖盘
732,14:09:58,5.66,0.0,115,65090,卖盘
733,14:10:51,5.66,0.0,8,4528,卖盘
734,14:10:58,5.67,0.01,2,1134,买盘
735,14:11:24,5.66,-0.01,22,12452,卖盘
736,14:11:27,5.67,0.01,1,567,买盘
737,14:11:39,5.66,-0.01,6,3396,卖盘
738,14:12:04,5.66,0.0,67,37922,卖盘
739,14:12:12,5.66,0.0,1,566,卖盘
740,14:12:16,5.67,0.01,18,10189,买盘
741,14:12:19,5.65,-0.02,60,33900,卖盘
742,14:12:31,5.67,0.02,2,1134,买盘
743,14:13:22,5.67,0.0,4,2268,买盘
744,14:13:31,5.67,0.0,1,567,买盘
745,14:13:42,5.66,-0.01,361,204326,卖盘
746,14:13:46,5.66,0.0,57,32267,卖盘
747,14:13:49,5.66,0.0,16,9056,卖盘
748,14:13:52,5.66,0.0,3,1698,卖盘
749,14:13:55,5.66,0.0,6,3396,卖盘
750,14:13:58,5.66,0.0,43,24338,卖盘
751,14:14:30,5.65,-0.01,19,10735,卖盘
752,14:14:49,5.66,0.01,1,566,买盘
753,14:14:52,5.65,-0.01,3,1695,卖盘
754,14:14:55,5.65,0.0,2,1130,卖盘
755,14:15:01,5.65,0.0,20,11300,卖盘
756,14:15:04,5.65,0.0,40,22600,卖盘
757,14:15:07,5.65,0.0,12,6780,卖盘
758,14:15:09,5.65,0.0,10,5650,卖盘
759,14:15:12,5.65,0.0,24,13560,卖盘
760,14:15:16,5.65,0.0,14,7910,卖盘
761,14:15:19,5.65,0.0,21,11865,卖盘
762,14:15:22,5.65,0.0,11,6215,卖盘
763,14:15:25,5.65,0.0,60,33900,卖盘
764,14:15:31,5.64,-0.01,1,564,卖盘
765,14:15:37,5.65,0.01,10,5650,买盘
766,14:15:40,5.64,-0.01,32,18048,卖盘
767,14:15:43,5.65,0.01,50,28250,买盘
768,14:15:45,5.64,-0.01,20,11280,卖盘
769,14:16:00,5.65,0.01,30,16950,买盘
770,14:16:19,5.65,0.0,50,28250,买盘
771,14:16:25,5.65,0.0,2,1130,买盘
772,14:16:40,5.65,0.0,89,50285,买盘
773,14:17:00,5.64,-0.01,99,55836,卖盘
774,14:17:04,5.64,0.0,33,18612,卖盘
775,14:17:19,5.64,0.0,16,9009,买盘
776,14:17:31,5.64,0.0,32,18048,买盘
777,14:17:43,5.64,0.0,28,15792,卖盘
778,14:17:55,5.64,0.0,8,4512,买盘
779,14:18:25,5.64,0.0,6,3384,卖盘
780,14:18:31,5.65,0.01,40,22600,买盘
781,14:18:34,5.65,0.0,54,30510,买盘
782,14:18:42,5.65,0.0,7,3955,买盘
783,14:18:46,5.65,0.0,30,16950,买盘
784,14:18:52,5.65,0.0,5,2825,买盘
785,14:18:55,5.65,0.0,12,6780,卖盘
786,14:19:15,5.66,0.01,50,28300,买盘
787,14:19:22,5.66,0.0,2,1132,买盘
788,14:19:28,5.66,0.0,20,11320,买盘
789,14:19:55,5.65,-0.01,19,10735,卖盘
790,14:20:37,5.65,0.0,46,25990,卖盘
791,14:20:58,5.65,0.0,13,7345,卖盘
792,14:21:01,5.66,0.01,1,566,买盘
793,14:21:04,5.64,-0.02,76,42896,卖盘
794,14:21:16,5.65,0.01,3,1695,卖盘
795,14:21:22,5.66,0.01,3,1698,买盘
796,14:21:49,5.66,0.0,1,566,买盘
797,14:21:51,5.66,0.0,5,2830,买盘
798,14:22:04,5.66,0.0,26,14716,买盘
799,14:22:12,5.65,-0.01,60,33900,卖盘
800,14:22:22,5.65,0.0,8,4520,卖盘
801,14:22:24,5.64,-0.01,7,3948,卖盘
802,14:22:31,5.64,0.0,7,3948,卖盘
803,14:22:55,5.65,0.01,25,14125,买盘
804,14:23:28,5.66,0.01,1,566,买盘
805,14:23:36,5.64,-0.02,4,2256,卖盘
806,14:23:55,5.65,0.01,1,565,卖盘
807,14:24:28,5.65,0.0,2,1130,卖盘
808,14:24:30,5.66,0.01,2,1132,买盘
809,14:25:28,5.66,0.0,23,13018,买盘
810,14:25:58,5.65,-0.01,1,565,卖盘
811,14:26:01,5.66,0.01,1,566,买盘
812,14:26:04,5.65,-0.01,69,38985,卖盘
813,14:26:36,5.65,0.0,35,19775,买盘
814,14:26:39,5.65,0.0,22,12430,买盘
815,14:27:22,5.66,0.01,10,5660,买盘
816,14:27:45,5.66,0.0,141,79806,买盘
817,14:27:54,5.65,-0.01,51,28815,卖盘
818,14:28:07,5.65,0.0,8,4520,卖盘
819,14:28:15,5.65,0.0,18,10170,买盘
820,14:28:40,5.65,0.0,1,565,买盘
821,14:28:55,5.64,-0.01,211,119004,卖盘
822,14:28:58,5.64,0.0,20,11280,买盘
823,14:29:06,5.63,-0.01,94,52922,卖盘
824,14:29:48,5.63,0.0,156,87828,卖盘
825,14:29:55,5.63,0.0,94,52922,买盘
826,14:30:01,5.63,0.0,28,15764,买盘
827,14:30:06,5.63,0.0,8,4504,卖盘
828,14:30:34,5.64,0.01,5,2820,买盘
829,14:30:46,5.64,0.0,10,5640,买盘
830,14:31:04,5.63,-0.01,5,2815,卖盘
831,14:31:13,5.63,0.0,48,27024,卖盘
832,14:31:22,5.63,0.0,121,68123,卖盘
833,14:31:39,5.62,-0.01,73,41026,卖盘
834,14:32:16,5.61,-0.01,18,10098,卖盘
835,14:32:19,5.61,0.0,111,62271,卖盘
836,14:32:45,5.61,0.0,175,98175,卖盘
837,14:32:55,5.61,0.0,1,561,买盘
838,14:33:04,5.6,-0.01,11,6160,卖盘
839,14:33:07,5.6,0.0,32,17920,卖盘
840,14:33:10,5.6,0.0,11,6160,卖盘
841,14:33:12,5.6,0.0,49,27440,卖盘
842,14:33:16,5.6,0.0,51,28560,卖盘
843,14:33:19,5.6,0.0,169,94640,卖盘
844,14:33:22,5.6,0.0,79,44240,卖盘
845,14:33:25,5.6,0.0,5,2800,卖盘
846,14:33:28,5.6,0.0,1,560,卖盘
847,14:33:31,5.6,0.0,5,2800,卖盘
848,14:33:34,5.6,0.0,37,20720,卖盘
849,14:33:40,5.6,0.0,49,27440,卖盘
850,14:33:43,5.6,0.0,23,12883,卖盘
851,14:33:55,5.6,0.0,80,44800,卖盘
852,14:34:01,5.6,0.0,112,62720,卖盘
853,14:34:04,5.6,0.0,46,25760,卖盘
854,14:34:09,5.59,-0.01,25,13975,卖盘
855,14:34:12,5.6,0.01,1,560,买盘
856,14:34:18,5.59,-0.01,56,31304,卖盘
857,14:34:31,5.59,0.0,7,3913,买盘
858,14:34:36,5.59,0.0,3,1677,买盘
859,14:34:40,5.59,0.0,145,81055,买盘
860,14:34:42,5.59,0.0,5,2795,买盘
861,14:34:52,5.59,0.0,5,2795,买盘
862,14:34:55,5.59,0.0,44,24596,卖盘
863,14:35:04,5.59,0.0,33,18474,卖盘
864,14:35:16,5.6,0.01,20,11200,买盘
865,14:35:19,5.6,0.0,6,3360,买盘
866,14:35:25,5.59,-0.01,2,1118,卖盘
867,14:35:37,5.59,0.0,14,7826,卖盘
868,14:35:48,5.6,0.01,27,15120,买盘
869,14:35:55,5.6,0.0,10,5600,买盘
870,14:36:01,5.59,-0.01,92,51428,卖盘
871,14:36:10,5.58,-0.01,363,202419,卖盘
872,14:36:16,5.57,-0.01,80,44594,买盘
873,14:36:27,5.56,-0.01,60,33360,卖盘
874,14:36:31,5.57,0.01,4,2228,买盘
875,14:36:34,5.56,-0.01,28,15576,卖盘
876,14:36:40,5.58,0.02,5,2790,买盘
877,14:36:55,5.58,0.0,78,43524,买盘
878,14:37:01,5.58,0.0,10,5580,卖盘
879,14:37:04,5.59,0.01,95,53105,买盘
880,14:37:07,5.59,0.0,418,233725,买盘
881,14:37:09,5.62,0.03,76,42606,买盘
882,14:37:12,5.62,0.0,16,8992,买盘
883,14:37:15,5.62,0.0,13,7306,买盘
884,14:37:18,5.62,0.0,78,43836,买盘
885,14:37:22,5.6,-0.02,36,20170,卖盘
886,14:37:25,5.61,0.01,7,3927,卖盘
887,14:37:28,5.62,0.01,5,2810,中性盘
888,14:37:34,5.62,0.0,66,37092,买盘
889,14:37:46,5.62,0.0,53,29786,卖盘
890,14:37:52,5.62,0.0,18,10116,买盘
891,14:38:04,5.62,0.0,3,1686,买盘
892,14:38:10,5.6,-0.02,44,24640,卖盘
893,14:38:31,5.61,0.01,12,6732,买盘
894,14:38:36,5.62,0.01,31,17422,买盘
895,14:39:01,5.62,0.0,4,2248,买盘
896,14:39:16,5.62,0.0,51,28662,卖盘
897,14:39:39,5.61,-0.01,6,3366,卖盘
898,14:39:42,5.61,0.0,104,58344,卖盘
899,14:39:58,5.6,-0.01,22,12328,卖盘
900,14:40:22,5.61,0.01,40,22440,中性盘
901,14:40:43,5.61,0.0,13,7293,卖盘
902,14:41:04,5.6,-0.01,43,24080,卖盘
903,14:41:25,5.6,0.0,2,1120,卖盘
904,14:41:28,5.6,0.0,31,17360,卖盘
905,14:41:31,5.61,0.01,13,7293,买盘
906,14:41:43,5.6,-0.01,10,5600,卖盘
907,14:41:46,5.61,0.01,5,2805,买盘
908,14:41:49,5.62,0.01,104,58395,买盘
909,14:41:51,5.62,0.0,57,32034,卖盘
910,14:41:55,5.62,0.0,6,3372,卖盘
911,14:42:04,5.62,0.0,21,11802,卖盘
912,14:42:07,5.62,0.0,2,1124,买盘
913,14:42:46,5.61,-0.01,3,1683,卖盘
914,14:43:18,5.62,0.01,56,31472,买盘
915,14:43:21,5.63,0.01,92,51706,买盘
916,14:43:36,5.63,0.0,28,15764,买盘
917,14:43:43,5.63,0.0,82,46166,买盘
918,14:43:46,5.63,0.0,12,6756,卖盘
919,14:44:01,5.64,0.01,10,5640,买盘
920,14:44:15,5.63,-0.01,6,3378,卖盘
921,14:44:34,5.62,-0.01,100,56207,卖盘
922,14:44:43,5.62,0.0,143,80366,卖盘
923,14:44:52,5.62,0.0,3,1686,中性盘
924,14:45:04,5.61,-0.01,20,11220,卖盘
925,14:45:21,5.61,0.0,63,35343,卖盘
926,14:46:01,5.6,-0.01,50,28000,卖盘
927,14:46:13,5.6,0.0,60,33600,卖盘
928,14:46:16,5.6,0.0,50,28000,卖盘
929,14:46:18,5.6,0.0,8,4480,卖盘
930,14:46:24,5.6,0.0,5,2800,买盘
931,14:47:01,5.6,0.0,87,48660,买盘
932,14:47:04,5.6,0.0,10,5600,买盘
933,14:47:19,5.59,-0.01,1,559,卖盘
934,14:47:22,5.59,0.0,100,55900,卖盘
935,14:47:52,5.59,0.0,101,56459,卖盘
936,14:47:58,5.59,0.0,25,13975,卖盘
937,14:48:01,5.59,0.0,2,1118,买盘
938,14:48:13,5.59,0.0,98,54753,买盘
939,14:48:18,5.59,0.0,5,2795,买盘
940,14:48:27,5.59,0.0,10,5590,买盘
941,14:48:34,5.59,0.0,19,10621,买盘
942,14:48:37,5.59,0.0,21,11739,买盘
943,14:48:40,5.59,0.0,6,3354,买盘
944,14:49:04,5.59,0.0,27,15093,卖盘
945,14:49:18,5.58,-0.01,40,22320,卖盘
946,14:49:21,5.58,0.0,200,111600,卖盘
947,14:49:40,5.58,0.0,11,6138,卖盘
948,14:49:49,5.58,0.0,3,1674,卖盘
949,14:50:01,5.59,0.01,2,1118,买盘
950,14:50:04,5.58,-0.01,83,46314,卖盘
951,14:50:12,5.59,0.01,37,20683,买盘
952,14:50:24,5.59,0.0,5,2795,卖盘
953,14:50:30,5.59,0.0,9,5031,卖盘
954,14:50:37,5.59,0.0,6,3354,买盘
955,14:50:43,5.59,0.0,3,1677,买盘
956,14:50:46,5.58,-0.01,5,2790,卖盘
957,14:50:48,5.58,0.0,10,5580,卖盘
958,14:50:55,5.59,0.01,26,14534,买盘
959,14:51:10,5.59,0.0,22,12298,买盘
960,14:51:13,5.59,0.0,35,19565,买盘
961,14:51:25,5.59,0.0,6,3354,买盘
962,14:51:28,5.59,0.0,40,22360,买盘
963,14:51:31,5.59,0.0,65,36335,买盘
964,14:51:43,5.59,0.0,69,38571,卖盘
965,14:51:49,5.6,0.01,213,119280,买盘
966,14:51:52,5.6,0.0,102,57049,买盘
967,14:51:55,5.58,-0.02,101,56453,卖盘
968,14:52:03,5.59,0.01,20,11180,卖盘
969,14:52:10,5.59,0.0,26,14534,卖盘
970,14:52:16,5.59,0.0,4,2236,卖盘
971,14:52:28,5.59,0.0,96,53664,买盘
972,14:52:30,5.58,-0.01,30,16743,卖盘
973,14:52:33,5.59,0.01,10,5590,中性盘
974,14:52:37,5.59,0.0,5,2795,卖盘
975,14:52:43,5.59,0.0,96,53664,卖盘
976,14:52:46,5.59,0.0,9,5031,买盘
977,14:52:54,5.59,0.0,153,85527,买盘
978,14:53:13,5.58,-0.01,85,47480,卖盘
979,14:53:16,5.58,0.0,20,11160,卖盘
980,14:53:40,5.58,0.0,303,169074,卖盘
981,14:53:43,5.59,0.01,95,53105,买盘
982,14:53:46,5.58,-0.01,233,130206,卖盘
983,14:53:51,5.58,0.0,6,3348,买盘
984,14:53:55,5.58,0.0,2,1116,买盘
985,14:53:58,5.58,0.0,5,2790,买盘
986,14:54:00,5.58,0.0,3,1674,买盘
987,14:54:10,5.57,-0.01,15,8355,卖盘
988,14:54:15,5.55,-0.02,616,342542,卖盘
989,14:54:19,5.55,0.0,78,43290,买盘
990,14:54:25,5.55,0.0,3,1665,买盘
991,14:54:28,5.53,-0.02,94,52145,卖盘
992,14:54:37,5.53,0.0,16,8848,卖盘
993,14:54:43,5.52,-0.01,62,34274,卖盘
994,14:54:46,5.52,0.0,38,20976,买盘
995,14:54:49,5.53,0.01,3,1659,卖盘
996,14:54:52,5.53,0.0,27,14931,卖盘
997,14:54:55,5.52,-0.01,6,3312,卖盘
998,14:54:58,5.53,0.01,18,9954,买盘
999,14:55:01,5.53,0.0,6,3318,买盘
1000,14:55:04,5.54,0.01,30,16620,买盘
1001,14:55:10,5.52,-0.02,118,65230,卖盘
1002,14:55:12,5.57,0.05,25,13925,买盘
1003,14:55:19,5.54,-0.03,62,34348,卖盘
1004,14:55:24,5.57,0.03,103,57366,买盘
1005,14:55:40,5.56,-0.01,23,12788,卖盘
1006,14:55:43,5.57,0.01,25,13911,买盘
1007,14:55:52,5.57,0.0,56,31192,卖盘
1008,14:55:55,5.56,-0.01,72,40069,卖盘
1009,14:56:00,5.56,0.0,28,15568,买盘
1010,14:56:22,5.55,-0.01,20,11100,卖盘
1011,14:56:33,5.55,0.0,30,16650,买盘
1012,14:56:37,5.55,0.0,29,16095,买盘
1013,14:56:46,5.55,0.0,87,48285,卖盘
1014,14:56:49,5.55,0.0,21,11655,买盘
1015,14:56:55,5.55,0.0,18,9990,买盘
1016,14:56:58,5.55,0.0,81,44955,买盘
1017,15:00:04,5.5,-0.05,1172,644600,卖盘
