,time,price,change,volume,amount,type
0,09:25:04,9.77,0.08,383,374191,买盘
1,09:30:04,9.79,0.02,36,35238,买盘
2,09:30:07,9.77,-0.02,357,348944,卖盘
3,09:30:10,9.75,-0.02,109,106659,卖盘
4,09:30:13,9.77,0.02,52,50737,买盘
5,09:30:16,9.79,0.02,12,11744,买盘
6,09:30:22,9.78,-0.01,4,3912,买盘
7,09:30:25,9.77,-0.01,29,28333,卖盘
8,09:30:31,9.79,0.02,23,22493,买盘
9,09:30:34,9.76,-0.03,21,20497,卖盘
10,09:30:37,9.75,-0.01,6,5853,卖盘
11,09:30:40,9.78,0.03,91,88881,买盘
12,09:30:46,9.76,-0.02,10,9760,卖盘
13,09:30:49,9.77,0.01,1,977,买盘
14,09:30:52,9.77,0.0,9,8793,买盘
15,09:30:55,9.76,-0.01,19,18544,卖盘
16,09:30:58,9.77,0.01,16,15641,卖盘
17,09:31:01,9.76,-0.01,12,11712,买盘
18,09:31:07,9.77,0.01,2,1954,卖盘
19,09:31:10,9.78,0.01,103,100674,买盘
20,09:31:13,9.77,-0.01,16,15635,卖盘
21,09:31:16,9.77,0.0,21,20527,卖盘
22,09:31:19,9.79,0.02,88,86066,买盘
23,09:31:22,9.75,-0.04,32,31242,卖盘
24,09:31:25,9.77,0.02,1,977,买盘
25,09:31:28,9.77,0.0,20,19540,买盘
26,09:31:31,9.78,0.01,115,112375,买盘
27,09:31:34,9.85,0.07,290,285328,买盘
28,09:31:37,9.77,-0.08,70,68391,卖盘
29,09:31:40,9.88,0.11,214,210974,买盘
30,09:31:46,9.78,-0.1,60,59175,中性盘
31,09:31:52,9.88,0.1,8,7904,中性盘
32,09:31:58,9.89,0.01,100,98854,买盘
33,09:32:01,9.85,-0.04,20,19700,买盘
34,09:32:07,9.85,0.0,134,131948,买盘
35,09:32:10,9.84,-0.01,61,60161,卖盘
36,09:32:13,9.85,0.01,126,124367,中性盘
37,09:32:16,9.85,0.0,78,76830,卖盘
38,09:32:19,9.85,0.0,40,39400,买盘
39,09:32:22,9.85,0.0,1,985,买盘
40,09:32:25,9.84,-0.01,8,7876,卖盘
41,09:32:28,9.85,0.01,77,75840,买盘
42,09:32:31,9.85,0.0,98,96490,买盘
43,09:32:34,9.85,0.0,6,5910,买盘
44,09:32:37,9.84,-0.01,4,3936,买盘
45,09:32:40,9.85,0.01,44,43299,买盘
46,09:32:43,9.84,-0.01,25,24604,卖盘
47,09:32:46,9.84,0.0,32,31488,买盘
48,09:32:49,9.85,0.01,14,13802,卖盘
49,09:32:52,9.87,0.02,2,1974,买盘
50,09:32:55,9.87,0.0,15,14805,买盘
51,09:32:58,9.87,0.0,20,19721,卖盘
52,09:33:01,9.86,-0.01,10,9860,卖盘
53,09:33:05,9.86,0.0,34,33564,卖盘
54,09:33:07,9.86,0.0,17,16762,卖盘
55,09:33:10,9.85,-0.01,93,91605,卖盘
56,09:33:13,9.85,0.0,366,360510,买盘
57,09:33:16,9.85,0.0,163,160521,买盘
58,09:33:19,9.85,0.0,22,21666,买盘
59,09:33:22,9.85,0.0,11,10835,买盘
60,09:33:25,9.85,0.0,26,25610,买盘
61,09:33:31,9.85,0.0,14,13790,卖盘
62,09:33:37,9.86,0.01,1,986,买盘
63,09:33:40,9.86,0.0,3,2958,买盘
64,09:33:43,9.86,0.0,28,27608,买盘
65,09:33:46,9.88,0.02,55,54296,买盘
66,09:33:49,9.87,-0.01,20,19740,卖盘
67,09:33:52,9.88,0.01,34,33592,买盘
68,09:33:55,9.88,0.0,1,988,买盘
69,09:33:58,9.89,0.01,70,69173,买盘
70,09:34:01,9.87,-0.02,337,332639,卖盘
71,09:34:04,9.89,0.02,122,120634,买盘
72,09:34:07,9.89,0.0,20,19780,买盘
73,09:34:10,9.89,0.0,8,7911,买盘
74,09:34:13,9.89,0.0,63,62297,买盘
75,09:34:16,9.89,0.0,5,4942,买盘
76,09:34:19,9.89,0.0,68,67238,买盘
77,09:34:22,9.88,-0.01,69,68237,卖盘
78,09:34:25,9.89,0.01,153,151344,买盘
79,09:34:28,9.9,0.01,78,77145,买盘
80,09:34:31,9.89,-0.01,2,1979,卖盘
81,09:34:34,9.92,0.03,25,24760,买盘
82,09:34:40,9.9,-0.02,11,10890,卖盘
83,09:34:43,9.9,0.0,38,37620,卖盘
84,09:34:46,9.9,0.0,303,301502,买盘
85,09:34:49,9.94,0.04,5,4968,买盘
86,09:34:55,9.94,0.0,27,26828,买盘
87,09:34:58,9.94,0.0,30,29841,买盘
88,09:35:01,9.93,-0.01,72,71549,卖盘
89,09:35:04,9.93,0.0,8,7944,买盘
90,09:35:07,9.97,0.04,60,59766,买盘
91,09:35:10,9.95,-0.02,40,39780,中性盘
92,09:35:13,9.94,-0.01,78,77601,卖盘
93,09:35:16,9.96,0.02,86,85606,买盘
94,09:35:19,9.96,0.0,75,74700,买盘
95,09:35:22,9.97,0.01,51,50779,买盘
96,09:35:25,9.96,-0.01,17,16916,中性盘
97,09:35:28,9.96,0.0,211,209880,买盘
98,09:35:31,9.94,-0.02,14,13936,卖盘
99,09:35:34,9.95,0.01,37,36808,中性盘
100,09:35:37,9.94,-0.01,125,124417,卖盘
101,09:35:40,9.94,0.0,27,26838,买盘
102,09:35:43,9.95,0.01,44,43750,买盘
103,09:35:46,9.94,-0.01,149,148330,中性盘
104,09:35:49,9.94,0.0,10,9940,买盘
105,09:35:52,9.96,0.02,42,41802,买盘
106,09:35:55,9.95,-0.01,1,995,卖盘
107,09:35:58,9.95,0.0,35,34825,卖盘
108,09:36:01,9.95,0.0,35,34825,买盘
109,09:36:04,9.93,-0.02,85,84537,卖盘
110,09:36:10,9.95,0.02,8,7960,买盘
111,09:36:13,9.95,0.0,6,5970,买盘
112,09:36:16,9.93,-0.02,5,4965,卖盘
113,09:36:19,9.94,0.01,24,23851,买盘
114,09:36:25,9.94,0.0,80,79520,买盘
115,09:36:28,9.94,0.0,21,20874,卖盘
116,09:36:31,9.95,0.01,1,995,买盘
117,09:36:34,9.94,-0.01,2,1988,卖盘
118,09:36:37,9.94,0.0,45,44730,卖盘
119,09:36:40,9.93,-0.01,121,120270,卖盘
120,09:36:46,9.94,0.01,1,994,买盘
121,09:36:52,9.93,-0.01,146,144994,卖盘
122,09:36:55,9.94,0.01,22,21848,买盘
123,09:36:58,9.93,-0.01,203,201685,卖盘
124,09:37:01,9.93,0.0,17,16881,买盘
125,09:37:04,9.93,0.0,2,1986,买盘
126,09:37:10,9.93,0.0,10,9930,买盘
127,09:37:13,9.92,-0.01,68,67520,卖盘
128,09:37:19,9.91,-0.01,59,58532,卖盘
129,09:37:22,9.93,0.02,50,49605,买盘
130,09:37:25,9.93,0.0,2,1986,买盘
131,09:37:31,9.91,-0.02,11,10901,卖盘
132,09:37:34,9.91,0.0,69,68379,买盘
133,09:37:37,9.92,0.01,11,10911,买盘
134,09:37:40,9.92,0.0,78,77376,买盘
135,09:37:43,9.91,-0.01,80,79293,卖盘
136,09:37:46,9.91,0.0,4,3964,卖盘
137,09:37:52,9.91,0.0,4,3964,卖盘
138,09:37:55,9.91,0.0,59,58469,买盘
139,09:37:58,9.91,0.0,20,19820,买盘
140,09:38:04,9.9,-0.01,5,4950,卖盘
141,09:38:07,9.9,0.0,53,52471,卖盘
142,09:38:10,9.91,0.01,19,18829,买盘
143,09:38:13,9.9,-0.01,88,87143,卖盘
144,09:38:19,9.9,0.0,5,4950,买盘
145,09:38:22,9.85,-0.05,71,70116,卖盘
146,09:38:31,9.89,0.04,20,19799,卖盘
147,09:38:34,9.89,0.0,10,9890,买盘
148,09:38:46,9.89,0.0,14,13822,买盘
149,09:38:52,9.89,0.0,23,22747,买盘
150,09:39:04,9.88,-0.01,5,4940,买盘
151,09:39:10,9.88,0.0,42,41479,买盘
152,09:39:13,9.89,0.01,35,34595,买盘
153,09:39:16,9.88,-0.01,13,12844,卖盘
154,09:39:22,9.88,0.0,10,9880,卖盘
155,09:39:28,9.89,0.01,57,56369,买盘
156,09:39:31,9.89,0.0,1,989,卖盘
157,09:39:34,9.88,-0.01,38,37563,卖盘
158,09:39:37,9.86,-0.02,2,1972,卖盘
159,09:39:40,9.88,0.02,1,988,买盘
160,09:39:43,9.88,0.0,10,9880,买盘
161,09:39:46,9.88,0.0,17,16808,中性盘
162,09:39:52,9.86,-0.02,47,46362,卖盘
163,09:40:10,9.88,0.02,38,37535,买盘
164,09:40:13,9.86,-0.02,18,17758,卖盘
165,09:40:22,9.87,0.01,1,987,买盘
166,09:40:25,9.87,0.0,3,2961,买盘
167,09:40:28,9.87,0.0,14,13818,买盘
168,09:40:31,9.87,0.0,7,6909,买盘
169,09:40:34,9.86,-0.01,5,4930,卖盘
170,09:40:37,9.86,0.0,6,5916,卖盘
171,09:40:40,9.86,0.0,66,65076,卖盘
172,09:40:43,9.87,0.01,30,29610,买盘
173,09:40:46,9.86,-0.01,3,2958,中性盘
174,09:40:49,9.86,0.0,17,16762,买盘
175,09:40:55,9.85,-0.01,21,20685,卖盘
176,09:40:58,9.87,0.02,11,10856,买盘
177,09:41:04,9.86,-0.01,5,4930,卖盘
178,09:41:07,9.86,0.0,43,42398,卖盘
179,09:41:13,9.86,0.0,7,6902,卖盘
180,09:41:25,9.86,0.0,5,4930,买盘
181,09:41:28,9.85,-0.01,10,9851,卖盘
182,09:41:34,9.85,0.0,10,9851,卖盘
183,09:41:37,9.87,0.02,1,987,买盘
184,09:41:40,9.87,0.0,6,5922,买盘
185,09:41:43,9.85,-0.02,9,8865,卖盘
186,09:41:52,9.86,0.01,4,3941,买盘
187,09:41:55,9.86,0.0,7,6902,买盘
188,09:41:58,9.85,-0.01,15,14788,卖盘
189,09:42:01,9.87,0.02,7,6899,买盘
190,09:42:04,9.85,-0.02,44,43340,卖盘
191,09:42:13,9.85,0.0,29,28565,买盘
192,09:42:16,9.84,-0.01,75,73800,卖盘
193,09:42:22,9.85,0.01,19,18706,买盘
194,09:42:31,9.84,-0.01,3,2952,卖盘
195,09:42:40,9.85,0.01,10,9850,买盘
196,09:42:43,9.85,0.0,9,8865,买盘
197,09:42:52,9.81,-0.04,42,41246,卖盘
198,09:42:55,9.81,0.0,5,4905,买盘
199,09:43:05,9.81,0.0,1,981,买盘
200,09:43:07,9.8,-0.01,25,24500,卖盘
201,09:43:13,9.8,0.0,5,4900,卖盘
202,09:43:16,9.81,0.01,10,9810,买盘
203,09:43:28,9.81,0.0,2,1962,买盘
204,09:43:31,9.81,0.0,1,981,买盘
205,09:43:34,9.81,0.0,16,15696,买盘
206,09:43:46,9.81,0.0,5,4905,买盘
207,09:43:55,9.8,-0.01,91,89235,卖盘
208,09:43:58,9.82,0.02,5,4910,卖盘
209,09:44:01,9.82,0.0,1,982,卖盘
210,09:44:10,9.83,0.01,36,35382,买盘
211,09:44:13,9.8,-0.03,42,41197,卖盘
212,09:44:25,9.81,0.01,8,7848,卖盘
213,09:44:28,9.8,-0.01,4,3920,卖盘
214,09:44:46,9.81,0.01,3,2943,买盘
215,09:44:58,9.8,-0.01,20,19600,卖盘
216,09:45:07,9.81,0.01,5,4905,卖盘
217,09:45:16,9.81,0.0,42,41202,卖盘
218,09:45:28,9.83,0.02,49,48167,买盘
219,09:45:31,9.81,-0.02,6,5886,卖盘
220,09:45:37,9.83,0.02,1,983,买盘
221,09:45:43,9.83,0.0,10,9830,买盘
222,09:45:52,9.83,0.0,21,20643,买盘
223,09:45:55,9.83,0.0,43,42269,卖盘
224,09:46:10,9.8,-0.03,169,165794,卖盘
225,09:46:16,9.8,0.0,1,980,买盘
226,09:46:25,9.8,0.0,62,60710,买盘
227,09:46:28,9.79,-0.01,8,7832,卖盘
228,09:46:31,9.8,0.01,18,17640,买盘
229,09:46:37,9.81,0.01,17,16670,中性盘
230,09:46:43,9.81,0.0,3,2943,卖盘
231,09:46:49,9.81,0.0,4,3924,卖盘
232,09:46:52,9.81,0.0,56,54936,卖盘
233,09:46:55,9.82,0.01,9,8838,买盘
234,09:47:01,9.8,-0.02,128,125546,卖盘
235,09:47:10,9.81,0.01,2,1962,买盘
236,09:47:13,9.81,0.0,21,20581,买盘
237,09:47:19,9.81,0.0,6,5886,买盘
238,09:47:22,9.8,-0.01,6,5881,卖盘
239,09:47:28,9.8,0.0,41,40180,卖盘
240,09:47:37,9.79,-0.01,2,1958,卖盘
241,09:47:43,9.8,0.01,43,42140,买盘
242,09:47:55,9.8,0.0,8,7840,买盘
243,09:47:58,9.79,-0.01,44,43076,卖盘
244,09:48:01,9.79,0.0,2,1958,买盘
245,09:48:10,9.79,0.0,2,1958,买盘
246,09:48:13,9.75,-0.04,280,273400,卖盘
247,09:48:19,9.78,0.03,63,61676,卖盘
248,09:48:31,9.78,0.0,2,1956,买盘
249,09:48:34,9.78,0.0,1,978,买盘
250,09:48:43,9.77,-0.01,6,5862,卖盘
251,09:48:49,9.77,0.0,43,42011,买盘
252,09:48:52,9.77,0.0,7,6839,买盘
253,09:48:55,9.77,0.0,8,7816,买盘
254,09:48:58,9.77,0.0,7,6839,买盘
255,09:49:01,9.77,0.0,3,2931,卖盘
256,09:49:07,9.78,0.01,1,978,买盘
257,09:49:13,9.78,0.0,94,91907,买盘
258,09:49:22,9.78,0.0,35,34230,买盘
259,09:49:25,9.78,0.0,2,1956,买盘
260,09:49:28,9.78,0.0,9,8802,卖盘
261,09:49:37,9.78,0.0,1,978,卖盘
262,09:49:40,9.77,-0.01,127,124184,卖盘
263,09:49:46,9.79,0.02,55,53743,买盘
264,09:49:52,9.79,0.0,2,1958,卖盘
265,09:49:55,9.77,-0.02,86,84124,卖盘
266,09:49:58,9.77,0.0,5,4885,买盘
267,09:50:01,9.8,0.03,50,48970,买盘
268,09:50:13,9.78,-0.02,19,18591,卖盘
269,09:50:19,9.78,0.0,20,19560,买盘
270,09:50:43,9.76,-0.02,65,63444,卖盘
271,09:50:55,9.79,0.03,1,979,买盘
272,09:51:10,9.78,-0.01,30,29340,买盘
273,09:51:13,9.77,-0.01,29,28333,卖盘
274,09:51:25,9.77,0.0,7,6839,买盘
275,09:51:43,9.77,0.0,53,51781,买盘
276,09:51:46,9.77,0.0,67,65360,买盘
277,09:51:49,9.77,0.0,1,977,买盘
278,09:51:55,9.77,0.0,3,2931,买盘
279,09:51:58,9.77,0.0,7,6839,买盘
280,09:52:22,9.75,-0.02,84,82006,卖盘
281,09:52:31,9.77,0.02,4,3908,卖盘
282,09:52:34,9.75,-0.02,8,7808,卖盘
283,09:52:43,9.75,0.0,7,6825,卖盘
284,09:52:52,9.75,0.0,9,8775,买盘
285,09:52:55,9.75,0.0,40,38980,买盘
286,09:53:01,9.75,0.0,1,975,买盘
287,09:53:04,9.75,0.0,16,15600,买盘
288,09:53:07,9.75,0.0,6,5850,买盘
289,09:53:13,9.75,0.0,5,4875,卖盘
290,09:53:16,9.75,0.0,17,16575,买盘
291,09:53:37,9.75,0.0,13,12675,卖盘
292,09:53:43,9.75,0.0,15,14625,卖盘
293,09:53:49,9.75,0.0,9,8775,卖盘
294,09:53:52,9.75,0.0,20,19500,卖盘
295,09:54:04,9.75,0.0,2,1950,买盘
296,09:54:07,9.74,-0.01,23,22402,卖盘
297,09:54:13,9.74,0.0,22,21428,卖盘
298,09:54:16,9.74,0.0,50,48700,卖盘
299,09:54:19,9.75,0.01,3,2925,买盘
300,09:54:28,9.74,-0.01,42,40944,卖盘
301,09:54:37,9.74,0.0,22,21431,卖盘
302,09:54:40,9.77,0.03,1,977,买盘
303,09:54:52,9.77,0.0,1,977,买盘
304,09:55:04,9.77,0.0,5,4885,买盘
305,09:55:10,9.77,0.0,1,977,买盘
306,09:55:13,9.77,0.0,22,21494,买盘
307,09:55:19,9.76,-0.01,18,17577,卖盘
308,09:55:25,9.78,0.02,3,2933,买盘
309,09:55:55,9.77,-0.01,2,1954,卖盘
310,09:56:01,9.77,0.0,7,6839,卖盘
311,09:56:04,9.77,0.0,35,34220,卖盘
312,09:56:16,9.76,-0.01,30,29282,卖盘
313,09:56:25,9.78,0.02,6,5868,买盘
314,09:56:55,9.77,-0.01,5,4885,卖盘
315,09:57:04,9.76,-0.01,7,6832,卖盘
316,09:57:07,9.78,0.02,20,19814,买盘
317,09:57:10,9.79,0.01,2,1958,买盘
318,09:57:13,9.76,-0.03,109,106539,卖盘
319,09:57:25,9.79,0.03,2,1958,买盘
320,09:57:34,9.76,-0.03,40,39068,卖盘
321,09:57:46,9.79,0.03,2,1958,买盘
322,09:58:01,9.79,0.0,6,5874,买盘
323,09:58:22,9.79,0.0,1,979,买盘
324,09:58:40,9.79,0.0,8,7830,买盘
325,09:58:55,9.79,0.0,1,979,买盘
326,09:58:58,9.78,-0.01,13,12714,卖盘
327,09:59:04,9.78,0.0,38,37165,卖盘
328,09:59:06,9.78,0.0,10,9780,买盘
329,09:59:10,9.78,0.0,32,31296,买盘
330,09:59:19,9.78,0.0,1,978,买盘
331,09:59:31,9.77,-0.01,34,33218,卖盘
332,09:59:55,9.76,-0.01,104,101504,卖盘
333,09:59:58,9.76,0.0,20,19520,买盘
334,10:00:01,9.76,0.0,46,44852,买盘
335,10:00:07,9.76,0.0,2,1952,买盘
336,10:00:16,9.76,0.0,2,1952,买盘
337,10:00:19,9.76,0.0,5,4880,买盘
338,10:00:22,9.76,0.0,47,45872,买盘
339,10:00:25,9.75,-0.01,10,9750,卖盘
340,10:00:31,9.75,0.0,19,18525,卖盘
341,10:00:34,9.75,0.0,161,156975,卖盘
342,10:00:46,9.74,-0.01,2,1948,卖盘
343,10:00:49,9.75,0.01,35,34125,买盘
344,10:00:55,9.75,0.0,9,8775,买盘
345,10:01:10,9.76,0.01,88,85888,买盘
346,10:01:13,9.76,0.0,1,976,卖盘
347,10:01:22,9.76,0.0,60,58560,卖盘
348,10:01:25,9.77,0.01,20,19540,买盘
349,10:01:28,9.76,-0.01,7,6832,卖盘
350,10:01:58,9.77,0.01,6,5862,买盘
351,10:02:05,9.77,0.0,34,33218,卖盘
352,10:02:07,9.76,-0.01,32,31232,卖盘
353,10:02:10,9.76,0.0,8,7808,买盘
354,10:02:19,9.77,0.01,1,977,卖盘
355,10:02:40,9.77,0.0,6,5862,卖盘
356,10:03:25,9.77,0.0,99,96723,卖盘
357,10:04:07,9.77,0.0,2,1954,买盘
358,10:04:19,9.77,0.0,12,11724,买盘
359,10:04:49,9.78,0.01,30,29340,买盘
360,10:05:07,9.78,0.0,3,2934,买盘
361,10:05:10,9.78,0.0,30,29340,买盘
362,10:05:13,9.77,-0.01,50,48850,卖盘
363,10:05:16,9.78,0.01,7,6846,买盘
364,10:05:28,9.77,-0.01,21,20518,卖盘
365,10:05:37,9.78,0.01,4,3912,买盘
366,10:05:40,9.78,0.0,1,978,买盘
367,10:05:46,9.78,0.0,2,1956,买盘
368,10:05:52,9.78,0.0,22,21516,买盘
369,10:06:04,9.79,0.01,2,1958,买盘
370,10:06:16,9.8,0.01,122,119549,买盘
371,10:06:22,9.8,0.0,33,32340,卖盘
372,10:06:25,9.81,0.01,28,27434,买盘
373,10:06:31,9.81,0.0,3,2943,卖盘
374,10:06:46,9.83,0.02,7,6881,买盘
375,10:06:49,9.82,-0.01,2,1965,卖盘
376,10:06:55,9.81,-0.01,2,1962,卖盘
377,10:06:58,9.81,0.0,9,8829,卖盘
378,10:07:01,9.81,0.0,8,7848,卖盘
379,10:07:04,9.83,0.02,1,983,买盘
380,10:07:07,9.81,-0.02,2,1962,卖盘
381,10:07:10,9.81,0.0,3,2943,卖盘
382,10:07:22,9.81,0.0,5,4905,卖盘
383,10:07:25,9.81,0.0,1,981,卖盘
384,10:07:40,9.8,-0.01,16,15686,卖盘
385,10:07:43,9.8,0.0,9,8820,买盘
386,10:07:49,9.81,0.01,40,39231,买盘
387,10:07:55,9.81,0.0,2,1962,卖盘
388,10:08:04,9.81,0.0,11,10791,卖盘
389,10:08:07,9.82,0.01,20,19640,买盘
390,10:08:10,9.81,-0.01,5,4905,卖盘
391,10:08:13,9.81,0.0,37,36297,卖盘
392,10:08:19,9.82,0.01,3,2946,买盘
393,10:08:22,9.81,-0.01,46,45126,卖盘
394,10:08:31,9.81,0.0,10,9810,卖盘
395,10:08:34,9.82,0.01,11,10792,买盘
396,10:08:37,9.81,-0.01,43,42183,卖盘
397,10:08:43,9.79,-0.02,1,979,卖盘
398,10:08:58,9.8,0.01,5,4900,中性盘
399,10:09:04,9.8,0.0,3,2940,卖盘
400,10:09:10,9.79,-0.01,30,29397,卖盘
401,10:09:13,9.79,0.0,2,1958,卖盘
402,10:09:19,9.8,0.01,21,20580,买盘
403,10:09:43,9.79,-0.01,1,979,卖盘
404,10:10:01,9.78,-0.01,31,30318,卖盘
405,10:10:10,9.78,0.0,10,9780,卖盘
406,10:10:34,9.8,0.02,6,5870,买盘
407,10:10:46,9.78,-0.02,44,43032,卖盘
408,10:10:58,9.78,0.0,10,9780,买盘
409,10:11:04,9.78,0.0,121,118338,买盘
410,10:11:07,9.78,0.0,30,29340,卖盘
411,10:11:31,9.79,0.01,1,979,买盘
412,10:11:52,9.79,0.0,57,55803,买盘
413,10:12:01,9.8,0.01,34,33320,买盘
414,10:12:25,9.81,0.01,12,11762,买盘
415,10:12:34,9.84,0.03,165,162057,买盘
416,10:12:40,9.81,-0.03,30,29430,卖盘
417,10:12:43,9.79,-0.02,94,92198,卖盘
418,10:12:49,9.79,0.0,19,18601,买盘
419,10:12:55,9.79,0.0,2,1958,买盘
420,10:12:58,9.79,0.0,10,9790,买盘
421,10:13:01,9.83,0.04,10,9830,买盘
422,10:13:07,9.83,0.0,3,2949,买盘
423,10:13:22,9.83,0.0,10,9815,买盘
424,10:13:28,9.83,0.0,48,47184,买盘
425,10:13:37,9.84,0.01,1,984,买盘
426,10:13:43,9.84,0.0,25,24600,买盘
427,10:13:58,9.84,0.0,76,74781,买盘
428,10:14:01,9.83,-0.01,10,9830,卖盘
429,10:14:04,9.83,0.0,8,7864,买盘
430,10:14:07,9.83,0.0,5,4915,买盘
431,10:14:13,9.83,0.0,17,16711,买盘
432,10:14:22,9.81,-0.02,28,27472,卖盘
433,10:14:25,9.83,0.02,6,5898,买盘
434,10:14:31,9.83,0.0,1,983,买盘
435,10:14:34,9.83,0.0,1,983,买盘
436,10:14:37,9.8,-0.03,89,87280,卖盘
437,10:14:43,9.8,0.0,2,1960,买盘
438,10:14:58,9.8,0.0,2,1960,买盘
439,10:15:04,9.8,0.0,2,1960,买盘
440,10:15:07,9.8,0.0,30,29400,买盘
441,10:15:10,9.8,0.0,25,24500,卖盘
442,10:16:34,9.8,0.0,5,4900,卖盘
443,10:16:40,9.8,0.0,67,65660,卖盘
444,10:16:46,9.81,0.01,22,21582,买盘
445,10:16:49,9.78,-0.03,175,171275,卖盘
446,10:16:55,9.77,-0.01,11,10757,卖盘
447,10:17:01,9.78,0.01,11,10758,买盘
448,10:17:07,9.78,0.0,3,2934,买盘
449,10:17:10,9.78,0.0,50,48900,买盘
450,10:17:28,9.78,0.0,3,2934,买盘
451,10:17:31,9.8,0.02,49,47908,买盘
452,10:17:43,9.78,-0.02,253,247434,卖盘
453,10:17:55,9.79,0.01,21,20559,买盘
454,10:17:58,9.78,-0.01,29,28390,卖盘
455,10:18:07,9.8,0.02,10,9800,买盘
456,10:18:22,9.8,0.0,9,8820,买盘
457,10:19:07,9.79,-0.01,3,2937,买盘
458,10:19:19,9.79,0.0,10,9790,买盘
459,10:19:31,9.78,-0.01,29,28362,卖盘
460,10:19:49,9.78,0.0,4,3912,卖盘
461,10:19:52,9.78,0.0,2,1956,卖盘
462,10:20:01,9.78,0.0,62,60681,卖盘
463,10:20:04,9.78,0.0,37,36186,卖盘
464,10:20:07,9.78,0.0,2,1956,买盘
465,10:20:55,9.78,0.0,25,24450,买盘
466,10:21:07,9.78,0.0,3,2934,买盘
467,10:21:25,9.78,0.0,10,9780,买盘
468,10:21:46,9.78,0.0,6,5868,买盘
469,10:22:07,9.78,0.0,1,978,买盘
470,10:22:49,9.78,0.0,4,3912,卖盘
471,10:22:55,9.78,0.0,5,4890,卖盘
472,10:23:01,9.78,0.0,1,978,卖盘
473,10:23:07,9.78,0.0,23,22494,买盘
474,10:24:07,9.78,0.0,2,1956,买盘
475,10:24:21,9.78,0.0,35,34200,买盘
476,10:24:25,9.78,0.0,4,3912,买盘
477,10:24:43,9.77,-0.01,6,5862,卖盘
478,10:24:46,9.77,0.0,14,13678,卖盘
479,10:25:07,9.77,0.0,3,2931,买盘
480,10:25:12,9.76,-0.01,22,21472,卖盘
481,10:25:34,9.76,0.0,30,29280,卖盘
482,10:25:40,9.77,0.01,9,8793,买盘
483,10:25:52,9.76,-0.01,30,29294,卖盘
484,10:26:01,9.76,0.0,20,19520,卖盘
485,10:26:22,9.76,0.0,3,2928,卖盘
486,10:26:31,9.76,0.0,1,976,买盘
487,10:26:37,9.77,0.01,10,9766,买盘
488,10:26:49,9.76,-0.01,5,4880,卖盘
489,10:27:07,9.76,0.0,5,4880,卖盘
490,10:27:22,9.76,0.0,20,19520,买盘
491,10:27:34,9.76,0.0,24,23424,买盘
492,10:27:58,9.77,0.01,21,20517,买盘
493,10:28:01,9.77,0.0,3,2931,买盘
494,10:28:16,9.78,0.01,2,1956,买盘
495,10:28:40,9.77,-0.01,1,977,卖盘
496,10:28:58,9.77,0.0,5,4885,卖盘
497,10:29:16,9.78,0.01,42,41076,买盘
498,10:30:04,9.79,0.01,30,29370,买盘
499,10:30:07,9.79,0.0,9,8811,买盘
500,10:30:25,9.79,0.0,10,9790,买盘
501,10:30:28,9.78,-0.01,7,6846,卖盘
502,10:31:01,9.78,0.0,12,11736,卖盘
503,10:31:18,9.78,0.0,30,29340,卖盘
504,10:31:37,9.79,0.01,1,979,买盘
505,10:31:55,9.79,0.0,2,1958,买盘
506,10:32:01,9.79,0.0,8,7832,买盘
507,10:32:10,9.79,0.0,1,979,买盘
508,10:32:16,9.79,0.0,10,9790,买盘
509,10:33:16,9.79,0.0,1,979,买盘
510,10:33:19,9.79,0.0,1,979,买盘
511,10:34:04,9.78,-0.01,10,9780,卖盘
512,10:34:13,9.78,0.0,14,13692,卖盘
513,10:34:19,9.79,0.01,35,34245,买盘
514,10:34:25,9.79,0.0,58,56782,买盘
515,10:34:40,9.8,0.01,1,980,买盘
516,10:34:43,9.8,0.0,20,19600,买盘
517,10:34:46,9.8,0.0,1,980,买盘
518,10:34:49,9.8,0.0,22,21560,买盘
519,10:35:07,9.8,0.0,20,19600,买盘
520,10:35:31,9.8,0.0,10,9800,买盘
521,10:35:34,9.8,0.0,20,19600,买盘
522,10:36:27,9.8,0.0,8,7840,买盘
523,10:36:31,9.79,-0.01,3,2937,卖盘
524,10:36:43,9.79,0.0,4,3916,卖盘
525,10:37:25,9.8,0.01,5,4900,买盘
526,10:37:55,9.8,0.0,1,980,买盘
527,10:38:01,9.8,0.0,2,1960,买盘
528,10:38:07,9.8,0.0,1,980,买盘
529,10:38:16,9.8,0.0,1,980,买盘
530,10:38:31,9.8,0.0,183,179340,买盘
531,10:38:46,9.8,0.0,3,2939,买盘
532,10:38:49,9.8,0.0,1,980,买盘
533,10:39:01,9.8,0.0,1,980,买盘
534,10:39:07,9.8,0.0,2,1960,买盘
535,10:39:16,9.8,0.0,19,18620,买盘
536,10:39:36,9.8,0.0,50,49000,买盘
537,10:39:40,9.8,0.0,8,7840,买盘
538,10:40:13,9.79,-0.01,2,1958,卖盘
539,10:40:28,9.8,0.01,3,2940,买盘
540,10:40:34,9.8,0.0,13,12740,买盘
541,10:41:07,9.79,-0.01,10,9790,卖盘
542,10:41:10,9.8,0.01,160,156800,买盘
543,10:41:13,9.8,0.0,10,9800,买盘
544,10:41:16,9.8,0.0,9,8820,买盘
545,10:41:19,9.81,0.01,687,673280,买盘
546,10:41:22,9.82,0.01,2,1964,买盘
547,10:41:25,9.82,0.0,1,982,买盘
548,10:41:28,9.82,0.0,6,5892,买盘
549,10:41:34,9.81,-0.01,3,2943,卖盘
550,10:42:16,9.82,0.01,1,982,买盘
551,10:42:19,9.82,0.0,6,5892,买盘
552,10:42:25,9.82,0.0,4,3928,买盘
553,10:43:19,9.83,0.01,10,9830,买盘
554,10:43:22,9.84,0.01,10,9837,买盘
555,10:43:34,9.84,0.0,1,984,买盘
556,10:43:37,9.84,0.0,5,4920,买盘
557,10:43:46,9.84,0.0,11,10824,买盘
558,10:43:52,9.84,0.0,23,22632,买盘
559,10:43:55,9.84,0.0,2,1968,卖盘
560,10:43:58,9.85,0.01,6,5909,买盘
561,10:44:01,9.85,0.0,18,17730,买盘
562,10:44:05,9.85,0.0,9,8865,买盘
563,10:44:07,9.85,0.0,3,2955,买盘
564,10:44:28,9.85,0.0,38,37430,买盘
565,10:44:55,9.85,0.0,1,985,买盘
566,10:45:01,9.85,0.0,131,129035,买盘
567,10:45:04,9.86,0.01,14,13804,买盘
568,10:45:07,9.86,0.0,3,2958,卖盘
569,10:45:22,9.86,0.0,79,77944,卖盘
570,10:45:40,9.86,0.0,47,46342,卖盘
571,10:45:52,9.87,0.01,120,118390,买盘
572,10:46:01,9.85,-0.02,17,16751,卖盘
573,10:46:07,9.85,0.0,3,2955,买盘
574,10:46:22,9.86,0.01,1,986,买盘
575,10:46:28,9.86,0.0,1,986,买盘
576,10:46:31,9.87,0.01,49,48363,买盘
577,10:46:39,9.87,0.0,11,10857,卖盘
578,10:47:07,9.86,-0.01,2,1972,买盘
579,10:47:13,9.87,0.01,100,98677,买盘
580,10:47:19,9.85,-0.02,1,985,卖盘
581,10:47:31,9.85,0.0,49,48265,卖盘
582,10:48:01,9.84,-0.01,28,27552,卖盘
583,10:48:07,9.84,0.0,10,9840,卖盘
584,10:48:28,9.83,-0.01,18,17694,卖盘
585,10:48:40,9.84,0.01,4,3936,买盘
586,10:48:49,9.83,-0.01,10,9831,卖盘
587,10:49:07,9.83,0.0,2,1966,买盘
588,10:49:10,9.83,0.0,10,9830,买盘
589,10:49:16,9.83,0.0,83,81589,买盘
590,10:49:43,9.82,-0.01,17,16694,卖盘
591,10:49:49,9.83,0.01,1,983,买盘
592,10:49:52,9.83,0.0,15,14745,买盘
593,10:49:58,9.82,-0.01,19,18658,卖盘
594,10:50:04,9.82,0.0,13,12766,卖盘
595,10:50:07,9.82,0.0,3,2946,买盘
596,10:50:31,9.82,0.0,13,12766,买盘
597,10:50:40,9.81,-0.01,10,9810,卖盘
598,10:51:10,9.81,0.0,4,3924,卖盘
599,10:51:25,9.8,-0.01,19,18620,卖盘
600,10:51:34,9.8,0.0,5,4900,卖盘
601,10:51:37,9.81,0.01,20,19620,买盘
602,10:52:07,9.81,0.0,3,2943,买盘
603,10:52:19,9.81,0.0,15,14715,买盘
604,10:52:39,9.8,-0.01,74,72520,卖盘
605,10:52:55,9.8,0.0,5,4900,买盘
606,10:52:58,9.79,-0.01,2,1958,卖盘
607,10:53:01,9.77,-0.02,173,169111,卖盘
608,10:53:07,9.77,0.0,27,26379,买盘
609,10:53:31,9.77,0.0,19,18571,卖盘
610,10:53:46,9.78,0.01,3,2934,买盘
611,10:54:07,9.78,0.0,3,2934,买盘
612,10:54:12,9.77,-0.01,92,89884,卖盘
613,10:54:25,9.78,0.01,30,29340,买盘
614,10:54:31,9.78,0.0,10,9780,买盘
615,10:54:43,9.78,0.0,60,58680,买盘
616,10:55:07,9.8,0.02,5,4900,买盘
617,10:55:43,9.77,-0.03,276,269778,卖盘
618,10:56:21,9.78,0.01,5,4890,卖盘
619,10:56:24,9.8,0.02,42,41160,买盘
620,10:56:55,9.8,0.0,2,1960,买盘
621,10:57:07,9.8,0.0,2,1960,买盘
622,10:57:10,9.8,0.0,2,1960,买盘
623,10:57:19,9.8,0.0,42,41160,买盘
624,10:57:33,9.8,0.0,15,14700,卖盘
625,10:57:49,9.8,0.0,20,19600,卖盘
626,10:58:01,9.8,0.0,3,2940,卖盘
627,10:58:07,9.8,0.0,9,8820,买盘
628,10:58:52,9.8,0.0,10,9800,买盘
629,10:59:04,9.79,-0.01,6,5874,卖盘
630,10:59:28,9.78,-0.01,7,6846,卖盘
631,11:00:40,9.79,0.01,10,9790,买盘
632,11:01:18,9.79,0.0,10,9790,买盘
633,11:03:04,9.78,-0.01,8,7824,卖盘
634,11:04:22,9.79,0.01,31,30349,买盘
635,11:06:04,9.8,0.01,31,30380,买盘
636,11:06:15,9.8,0.0,1,980,卖盘
637,11:06:43,9.8,0.0,2,1960,买盘
638,11:08:10,9.81,0.01,1,981,买盘
639,11:08:58,9.79,-0.02,9,8811,卖盘
640,11:09:10,9.79,0.0,4,3916,卖盘
641,11:10:28,9.8,0.01,1,980,买盘
642,11:10:52,9.81,0.01,3,2943,买盘
643,11:11:34,9.81,0.0,10,9810,买盘
644,11:11:40,9.8,-0.01,4,3920,卖盘
645,11:11:55,9.8,0.0,9,8820,卖盘
646,11:12:19,9.78,-0.02,191,186970,卖盘
647,11:12:52,9.77,-0.01,4,3908,卖盘
648,11:14:42,9.74,-0.03,171,166899,卖盘
649,11:15:13,9.73,-0.01,86,83678,卖盘
650,11:15:45,9.71,-0.02,5,4855,卖盘
651,11:16:10,9.72,0.01,20,19440,买盘
652,11:16:13,9.71,-0.01,86,83534,卖盘
653,11:16:34,9.72,0.01,12,11664,卖盘
654,11:16:43,9.8,0.08,50,49000,买盘
655,11:17:07,9.74,-0.06,10,9740,卖盘
656,11:17:12,9.74,0.0,1,974,买盘
657,11:20:01,9.75,0.01,5,4875,买盘
658,11:20:09,9.75,0.0,6,5850,买盘
659,11:21:16,9.77,0.02,10,9770,买盘
660,11:21:33,9.77,0.0,23,22471,买盘
661,11:21:57,9.77,0.0,1,977,买盘
662,11:22:13,9.77,0.0,2,1954,买盘
663,11:22:46,9.77,0.0,1,977,买盘
664,11:23:34,9.77,0.0,1,977,买盘
665,11:23:46,9.75,-0.02,179,174525,卖盘
666,11:24:15,9.75,0.0,138,134550,卖盘
667,11:24:34,9.74,-0.01,11,10714,卖盘
668,11:24:37,9.75,0.01,92,89700,买盘
669,11:25:13,9.77,0.02,1,977,买盘
670,11:25:46,9.77,0.0,4,3908,买盘
671,11:26:01,9.77,0.0,10,9770,买盘
672,11:27:10,9.77,0.0,1,977,买盘
673,11:27:54,9.74,-0.03,95,92621,卖盘
674,13:00:07,9.76,0.02,23,22448,买盘
675,13:00:10,9.75,-0.01,29,28302,卖盘
676,13:00:22,9.77,0.02,16,15632,买盘
677,13:00:49,9.77,0.0,8,7816,买盘
678,13:01:36,9.77,0.0,20,19540,买盘
679,13:01:54,9.77,0.0,7,6839,买盘
680,13:02:00,9.77,0.0,2,1954,卖盘
681,13:02:16,9.76,-0.01,24,23428,卖盘
682,13:02:19,9.76,0.0,30,29280,买盘
683,13:02:22,9.76,0.0,6,5856,买盘
684,13:02:28,9.75,-0.01,93,90675,卖盘
685,13:02:43,9.76,0.01,30,29273,买盘
686,13:02:55,9.74,-0.02,22,21428,卖盘
687,13:03:28,9.74,0.0,13,12662,买盘
688,13:03:42,9.74,0.0,7,6818,卖盘
689,13:04:16,9.73,-0.01,22,21408,卖盘
690,13:04:22,9.73,0.0,1,973,买盘
691,13:04:25,9.72,-0.01,68,66096,卖盘
692,13:04:28,9.73,0.01,6,5838,买盘
693,13:04:31,9.73,0.0,6,5838,买盘
694,13:05:01,9.75,0.02,26,25350,买盘
695,13:05:04,9.74,-0.01,4,3896,卖盘
696,13:05:34,9.74,0.0,2,1948,买盘
697,13:05:52,9.74,0.0,8,7792,买盘
698,13:06:01,9.74,0.0,3,2922,买盘
699,13:06:04,9.74,0.0,2,1948,买盘
700,13:06:22,9.72,-0.02,4,3888,卖盘
701,13:07:28,9.72,0.0,4,3888,卖盘
702,13:07:45,9.72,0.0,11,10692,卖盘
703,13:07:54,9.72,0.0,63,61236,买盘
704,13:07:57,9.72,0.0,30,29160,卖盘
705,13:08:46,9.73,0.01,1,973,卖盘
706,13:08:58,9.74,0.01,7,6814,买盘
707,13:09:01,9.72,-0.02,120,116642,卖盘
708,13:09:04,9.75,0.03,2,1950,买盘
709,13:09:27,9.74,-0.01,2,1948,买盘
710,13:09:46,9.73,-0.01,3,2919,卖盘
711,13:10:01,9.73,0.0,2,1946,卖盘
712,13:10:07,9.73,0.0,9,8757,卖盘
713,13:10:16,9.74,0.01,8,7792,买盘
714,13:12:10,9.74,0.0,9,8766,卖盘
715,13:12:31,9.73,-0.01,6,5838,卖盘
716,13:12:54,9.72,-0.01,10,9720,卖盘
717,13:13:07,9.72,0.0,100,97200,买盘
718,13:13:22,9.72,0.0,8,7776,卖盘
719,13:13:34,9.72,0.0,15,14580,卖盘
720,13:13:37,9.73,0.01,14,13622,买盘
721,13:13:40,9.73,0.0,6,5838,卖盘
722,13:13:49,9.73,0.0,4,3892,卖盘
723,13:13:52,9.73,0.0,25,24325,卖盘
724,13:14:13,9.74,0.01,38,37012,买盘
725,13:14:28,9.75,0.01,2,1950,买盘
726,13:14:31,9.75,0.0,20,19500,买盘
727,13:14:52,9.74,-0.01,25,24372,卖盘
728,13:15:13,9.76,0.02,2,1952,买盘
729,13:16:07,9.76,0.0,30,29280,买盘
730,13:16:19,9.76,0.0,10,9760,买盘
731,13:16:49,9.75,-0.01,21,20475,卖盘
732,13:16:58,9.75,0.0,2,1950,买盘
733,13:17:10,9.72,-0.03,53,51542,卖盘
734,13:17:28,9.72,0.0,6,5832,买盘
735,13:17:52,9.76,0.04,4,3904,买盘
736,13:18:00,9.72,-0.04,9,8748,卖盘
737,13:18:57,9.72,0.0,40,38880,卖盘
738,13:19:25,9.76,0.04,11,10736,买盘
739,13:20:31,9.73,-0.03,5,4865,卖盘
740,13:21:25,9.72,-0.01,16,15552,卖盘
741,13:21:42,9.72,0.0,6,5832,卖盘
742,13:21:55,9.72,0.0,4,3888,卖盘
743,13:22:04,9.71,-0.01,160,155429,卖盘
744,13:22:16,9.71,0.0,8,7768,买盘
745,13:22:19,9.7,-0.01,10,9700,卖盘
746,13:22:25,9.7,0.0,50,48500,卖盘
747,13:22:33,9.7,0.0,100,97000,卖盘
748,13:22:36,9.7,0.0,15,14550,卖盘
749,13:22:49,9.7,0.0,1,970,买盘
750,13:22:52,9.7,0.0,44,42680,买盘
751,13:23:10,9.7,0.0,8,7760,卖盘
752,13:23:37,9.7,0.0,10,9700,卖盘
753,13:23:43,9.7,0.0,2,1940,卖盘
754,13:23:46,9.7,0.0,1,970,卖盘
755,13:23:55,9.7,0.0,19,18430,买盘
756,13:24:21,9.7,0.0,10,9700,卖盘
757,13:24:43,9.7,0.0,10,9700,卖盘
758,13:25:00,9.7,0.0,6,5820,卖盘
759,13:25:07,9.69,-0.01,100,96900,卖盘
760,13:25:18,9.7,0.01,30,29100,买盘
761,13:25:28,9.7,0.0,12,11637,买盘
762,13:25:31,9.7,0.0,51,49420,买盘
763,13:25:37,9.7,0.0,6,5820,买盘
764,13:25:40,9.7,0.0,3,2910,买盘
765,13:25:43,9.69,-0.01,1,969,卖盘
766,13:25:46,9.7,0.01,1,970,买盘
767,13:26:01,9.68,-0.02,44,42624,卖盘
768,13:26:07,9.69,0.01,11,10659,买盘
769,13:26:10,9.68,-0.01,6,5808,卖盘
770,13:26:21,9.68,0.0,14,13552,卖盘
771,13:26:31,9.69,0.01,1,969,买盘
772,13:26:34,9.68,-0.01,7,6776,卖盘
773,13:26:43,9.68,0.0,14,13552,买盘
774,13:26:52,9.68,0.0,20,19360,买盘
775,13:27:01,9.67,-0.01,4,3868,卖盘
776,13:27:13,9.67,0.0,3,2901,买盘
777,13:27:22,9.67,0.0,3,2901,买盘
778,13:27:31,9.68,0.01,7,6776,买盘
779,13:27:46,9.68,0.0,2,1936,买盘
780,13:27:55,9.68,0.0,3,2904,卖盘
781,13:28:01,9.69,0.01,1,969,买盘
782,13:28:07,9.69,0.0,16,15504,买盘
783,13:28:28,9.69,0.0,16,15504,买盘
784,13:28:31,9.69,0.0,1,969,买盘
785,13:28:34,9.69,0.0,2,1938,买盘
786,13:28:40,9.69,0.0,8,7752,买盘
787,13:28:49,9.69,0.0,12,11628,买盘
788,13:29:01,9.7,0.01,1,970,买盘
789,13:29:31,9.7,0.0,17,16490,买盘
790,13:29:46,9.7,0.0,128,124160,买盘
791,13:29:51,9.7,0.0,20,19400,买盘
792,13:30:01,9.72,0.02,1,972,买盘
793,13:30:34,9.7,-0.02,3,2912,卖盘
794,13:31:31,9.72,0.02,1,972,买盘
795,13:31:46,9.72,0.0,1,972,买盘
796,13:32:31,9.72,0.0,3,2916,买盘
797,13:32:46,9.71,-0.01,4,3884,卖盘
798,13:33:01,9.71,0.0,11,10681,买盘
799,13:33:21,9.71,0.0,22,21362,买盘
800,13:33:28,9.71,0.0,23,22333,买盘
801,13:33:31,9.7,-0.01,4,3880,卖盘
802,13:33:37,9.71,0.01,35,33985,买盘
803,13:33:46,9.71,0.0,17,16507,买盘
804,13:34:04,9.72,0.01,1,972,买盘
805,13:34:13,9.72,0.0,80,77760,买盘
806,13:34:31,9.73,0.01,1,973,买盘
807,13:34:34,9.72,-0.01,10,9720,卖盘
808,13:34:58,9.72,0.0,13,12636,卖盘
809,13:35:01,9.72,0.0,1,972,买盘
810,13:35:16,9.71,-0.01,20,19420,卖盘
811,13:35:22,9.71,0.0,2,1942,卖盘
812,13:35:46,9.7,-0.01,19,18430,卖盘
813,13:35:58,9.7,0.0,20,19400,卖盘
814,13:36:01,9.7,0.0,12,11640,卖盘
815,13:36:12,9.7,0.0,9,8730,卖盘
816,13:36:25,9.69,-0.01,7,6783,卖盘
817,13:36:49,9.69,0.0,10,9690,卖盘
818,13:37:22,9.69,0.0,16,15504,卖盘
819,13:37:37,9.68,-0.01,6,5808,卖盘
820,13:37:51,9.67,-0.01,29,28043,卖盘
821,13:38:00,9.67,0.0,8,7736,买盘
822,13:38:13,9.67,0.0,32,30944,买盘
823,13:38:19,9.66,-0.01,3,2898,卖盘
824,13:38:36,9.66,0.0,13,12558,卖盘
825,13:38:40,9.67,0.01,18,17406,买盘
826,13:38:46,9.66,-0.01,6,5801,卖盘
827,13:39:13,9.68,0.02,1,968,买盘
828,13:39:19,9.67,-0.01,3,2901,卖盘
829,13:39:25,9.67,0.0,10,9670,买盘
830,13:39:55,9.67,0.0,20,19340,卖盘
831,13:40:16,9.68,0.01,51,49368,买盘
832,13:40:30,9.68,0.0,50,48400,买盘
833,13:40:40,9.67,-0.01,10,9670,卖盘
834,13:40:49,9.67,0.0,2,1934,卖盘
835,13:40:52,9.68,0.01,58,56144,买盘
836,13:41:13,9.69,0.01,50,48450,买盘
837,13:41:22,9.68,-0.01,25,24200,卖盘
838,13:41:25,9.68,0.0,16,15488,买盘
839,13:41:39,9.68,0.0,10,9680,买盘
840,13:41:46,9.68,0.0,18,17424,买盘
841,13:41:58,9.68,0.0,5,4840,买盘
842,13:42:04,9.67,-0.01,1,967,卖盘
843,13:42:22,9.68,0.01,40,38720,买盘
844,13:42:46,9.69,0.01,16,15504,买盘
845,13:43:01,9.7,0.01,30,29100,买盘
846,13:43:34,9.71,0.01,2,1942,买盘
847,13:43:37,9.71,0.0,4,3884,买盘
848,13:43:46,9.72,0.01,1,972,买盘
849,13:43:49,9.72,0.0,15,14580,买盘
850,13:44:00,9.72,0.0,1,972,卖盘
851,13:44:10,9.72,0.0,1,972,买盘
852,13:44:22,9.73,0.01,1,973,买盘
853,13:44:25,9.72,-0.01,1,972,卖盘
854,13:45:01,9.74,0.02,1,974,买盘
855,13:45:19,9.74,0.0,19,18505,买盘
856,13:45:46,9.73,-0.01,18,17514,卖盘
857,13:45:52,9.74,0.01,10,9740,买盘
858,13:45:57,9.73,-0.01,10,9730,买盘
859,13:46:01,9.73,0.0,19,18487,买盘
860,13:46:25,9.72,-0.01,7,6804,卖盘
861,13:46:31,9.73,0.01,5,4865,买盘
862,13:46:40,9.73,0.0,1,973,买盘
863,13:46:52,9.72,-0.01,5,4860,卖盘
864,13:47:01,9.73,0.01,1,973,买盘
865,13:47:16,9.73,0.0,1,973,买盘
866,13:48:10,9.72,-0.01,40,38880,卖盘
867,13:48:31,9.72,0.0,1,972,买盘
868,13:48:40,9.71,-0.01,11,10681,卖盘
869,13:50:00,9.71,0.0,6,5826,买盘
870,13:50:10,9.7,-0.01,1,970,卖盘
871,13:50:43,9.7,0.0,43,41710,卖盘
872,13:50:54,9.7,0.0,10,9700,中性盘
873,13:51:13,9.7,0.0,5,4850,卖盘
874,13:51:27,9.71,0.01,1,971,买盘
875,13:51:43,9.7,-0.01,38,36860,卖盘
876,13:51:49,9.71,0.01,8,7767,买盘
877,13:53:04,9.71,0.0,1,971,买盘
878,13:54:04,9.71,0.0,78,75738,买盘
879,13:54:52,9.72,0.01,1,972,买盘
880,13:54:55,9.72,0.0,20,19440,买盘
881,13:55:15,9.72,0.0,52,50544,买盘
882,13:56:01,9.73,0.01,1,973,买盘
883,13:56:07,9.73,0.0,6,5838,买盘
884,13:56:16,9.73,0.0,1,973,买盘
885,13:56:19,9.73,0.0,2,1946,买盘
886,13:56:49,9.74,0.01,10,9740,买盘
887,13:57:00,9.75,0.01,1,975,买盘
888,13:57:04,9.75,0.0,3,2925,买盘
889,13:57:16,9.75,0.0,1,975,买盘
890,13:57:19,9.75,0.0,14,13650,买盘
891,13:57:31,9.75,0.0,16,15600,买盘
892,13:58:01,9.76,0.01,1,976,买盘
893,13:58:04,9.75,-0.01,28,27300,卖盘
894,13:58:07,9.75,0.0,14,13650,卖盘
895,13:58:10,9.75,0.0,14,13650,卖盘
896,13:58:19,9.75,0.0,25,24375,卖盘
897,13:58:31,9.76,0.01,1,976,买盘
898,13:58:46,9.76,0.0,26,25376,买盘
899,13:58:51,9.76,0.0,13,12688,买盘
900,13:58:54,9.76,0.0,3,2928,卖盘
901,13:59:01,9.76,0.0,1,976,买盘
902,13:59:10,9.75,-0.01,7,6825,卖盘
903,13:59:13,9.75,0.0,14,13650,卖盘
904,13:59:25,9.75,0.0,25,24375,卖盘
905,13:59:31,9.75,0.0,29,28275,卖盘
906,13:59:55,9.75,0.0,19,18525,卖盘
907,14:00:09,9.76,0.01,10,9760,买盘
908,14:00:16,9.76,0.0,38,37088,买盘
909,14:00:39,9.76,0.0,18,17568,卖盘
910,14:00:52,9.75,-0.01,89,86775,卖盘
911,14:00:55,9.75,0.0,56,54600,卖盘
912,14:01:01,9.75,0.0,57,55575,卖盘
913,14:01:04,9.76,0.01,1,976,买盘
914,14:01:06,9.75,-0.01,1,975,卖盘
915,14:01:13,9.75,0.0,12,11700,买盘
916,14:01:34,9.75,0.0,5,4875,卖盘
917,14:01:37,9.75,0.0,19,18525,买盘
918,14:01:54,9.75,0.0,16,15600,买盘
919,14:01:58,9.74,-0.01,20,19480,卖盘
920,14:02:01,9.74,0.0,1,974,买盘
921,14:02:10,9.74,0.0,3,2922,买盘
922,14:02:25,9.74,0.0,1,974,买盘
923,14:02:43,9.73,-0.01,68,66164,卖盘
924,14:02:55,9.73,0.0,16,15568,买盘
925,14:03:04,9.72,-0.01,20,19447,卖盘
926,14:03:46,9.72,0.0,1,972,卖盘
927,14:03:55,9.72,0.0,8,7776,卖盘
928,14:03:58,9.72,0.0,9,8748,卖盘
929,14:05:19,9.74,0.02,10,9740,买盘
930,14:05:31,9.75,0.01,7,6825,买盘
931,14:05:34,9.75,0.0,5,4875,卖盘
932,14:05:45,9.76,0.01,5,4880,买盘
933,14:06:07,9.75,-0.01,5,4875,卖盘
934,14:06:55,9.75,0.0,8,7800,买盘
935,14:08:10,9.75,0.0,16,15600,买盘
936,14:09:01,9.77,0.02,1,977,买盘
937,14:09:43,9.77,0.0,2,1954,买盘
938,14:10:04,9.77,0.0,1,977,买盘
939,14:10:16,9.77,0.0,1,977,买盘
940,14:10:22,9.76,-0.01,12,11717,卖盘
941,14:10:46,9.76,0.0,17,16592,卖盘
942,14:11:10,9.74,-0.02,33,32170,卖盘
943,14:11:49,9.75,0.01,35,34125,卖盘
944,14:12:13,9.74,-0.01,36,35080,卖盘
945,14:12:34,9.75,0.01,67,65325,买盘
946,14:12:40,9.75,0.0,9,8775,买盘
947,14:12:58,9.75,0.0,16,15600,买盘
948,14:13:07,9.75,0.0,3,2925,买盘
949,14:13:13,9.75,0.0,1,975,买盘
950,14:13:19,9.75,0.0,17,16575,买盘
951,14:13:43,9.75,0.0,17,16575,买盘
952,14:13:58,9.75,0.0,50,48750,买盘
953,14:14:04,9.75,0.0,18,17550,买盘
954,14:14:27,9.75,0.0,14,13650,卖盘
955,14:14:52,9.75,0.0,28,27300,卖盘
956,14:14:55,9.76,0.01,1,976,买盘
957,14:14:58,9.75,-0.01,28,27300,买盘
958,14:15:01,9.77,0.02,21,20512,买盘
959,14:15:16,9.77,0.0,19,18563,买盘
960,14:15:22,9.77,0.0,59,57633,买盘
961,14:15:27,9.77,0.0,280,273560,卖盘
962,14:15:31,9.77,0.0,79,77193,卖盘
963,14:15:52,9.77,0.0,14,13678,买盘
964,14:16:07,9.76,-0.01,1,976,卖盘
965,14:16:10,9.77,0.01,28,27356,买盘
966,14:16:13,9.77,0.0,16,15632,买盘
967,14:16:16,9.76,-0.01,10,9760,卖盘
968,14:16:37,9.77,0.01,1,977,买盘
969,14:16:55,9.77,0.0,5,4885,买盘
970,14:17:01,9.77,0.0,50,48850,买盘
971,14:17:06,9.77,0.0,4,3908,买盘
972,14:17:19,9.77,0.0,50,48850,买盘
973,14:17:25,9.77,0.0,50,48850,卖盘
974,14:17:28,9.77,0.0,2,1954,中性盘
975,14:17:43,9.77,0.0,51,49827,卖盘
976,14:17:57,9.77,0.0,11,10747,卖盘
977,14:18:01,9.78,0.01,324,317283,买盘
978,14:18:16,9.8,0.02,10,9800,买盘
979,14:18:28,9.79,-0.01,10,9790,买盘
980,14:18:31,9.79,0.0,1,979,买盘
981,14:18:37,9.79,0.0,9,8811,买盘
982,14:18:52,9.8,0.01,51,49980,买盘
983,14:18:58,9.79,-0.01,1,979,卖盘
984,14:19:01,9.8,0.01,1,980,买盘
985,14:19:04,9.8,0.0,6,5880,买盘
986,14:19:07,9.8,0.0,4,3920,买盘
987,14:19:13,9.8,0.0,37,36260,卖盘
988,14:19:16,9.81,0.01,6,5886,买盘
989,14:19:22,9.81,0.0,1,981,买盘
990,14:19:25,9.81,0.0,57,55917,买盘
991,14:19:28,9.81,0.0,10,9810,卖盘
992,14:19:31,9.82,0.01,1,982,买盘
993,14:19:34,9.81,-0.01,14,13734,卖盘
994,14:19:37,9.81,0.0,74,72594,卖盘
995,14:19:40,9.81,0.0,1,981,买盘
996,14:19:43,9.81,0.0,21,20601,买盘
997,14:19:52,9.81,0.0,2,1962,卖盘
998,14:20:10,9.8,-0.01,5,4900,卖盘
999,14:20:16,9.81,0.01,11,10781,买盘
1000,14:20:34,9.81,0.0,1,981,买盘
1001,14:20:37,9.8,-0.01,3,2940,卖盘
1002,14:20:52,9.81,0.01,1,981,买盘
1003,14:21:01,9.81,0.0,11,10781,买盘
1004,14:21:31,9.81,0.0,1,981,买盘
1005,14:21:37,9.8,-0.01,3,2940,卖盘
1006,14:21:40,9.81,0.01,5,4905,买盘
1007,14:21:46,9.81,0.0,1,981,买盘
1008,14:21:49,9.8,-0.01,20,19600,卖盘
1009,14:21:55,9.8,0.0,25,24500,卖盘
1010,14:21:58,9.8,0.0,13,12740,卖盘
1011,14:22:01,9.8,0.0,3,2940,买盘
1012,14:22:16,9.79,-0.01,2,1958,卖盘
1013,14:22:25,9.79,0.0,18,17622,卖盘
1014,14:22:34,9.78,-0.01,50,48928,卖盘
1015,14:22:46,9.79,0.01,50,48950,卖盘
1016,14:22:55,9.79,0.0,6,5874,买盘
1017,14:23:07,9.79,0.0,10,9790,买盘
1018,14:23:13,9.79,0.0,31,30349,买盘
1019,14:23:19,9.78,-0.01,24,23476,卖盘
1020,14:23:37,9.8,0.02,5,4900,买盘
1021,14:23:48,9.79,-0.01,1,979,卖盘
1022,14:24:25,9.79,0.0,2,1958,买盘
1023,14:25:10,9.79,0.0,20,19580,买盘
1024,14:25:16,9.8,0.01,27,26460,买盘
1025,14:25:28,9.79,-0.01,3,2937,卖盘
1026,14:25:34,9.79,0.0,30,29370,卖盘
1027,14:26:00,9.8,0.01,1,980,买盘
1028,14:26:30,9.8,0.0,42,41160,买盘
1029,14:26:33,9.8,0.0,50,49000,买盘
1030,14:26:46,9.79,-0.01,31,30349,卖盘
1031,14:26:52,9.79,0.0,34,33286,卖盘
1032,14:26:57,9.8,0.01,26,25480,买盘
1033,14:27:04,9.8,0.0,7,6860,卖盘
1034,14:27:07,9.8,0.0,3,2940,买盘
1035,14:27:28,9.79,-0.01,15,14685,卖盘
1036,14:27:34,9.79,0.0,21,20559,卖盘
1037,14:27:37,9.79,0.0,1,979,买盘
1038,14:27:46,9.79,0.0,22,21538,买盘
1039,14:27:49,9.79,0.0,17,16643,买盘
1040,14:27:55,9.79,0.0,33,32307,卖盘
1041,14:27:58,9.79,0.0,16,15664,卖盘
1042,14:28:16,9.79,0.0,49,47971,卖盘
1043,14:28:28,9.8,0.01,22,21560,买盘
1044,14:28:40,9.79,-0.01,11,10769,卖盘
1045,14:28:43,9.8,0.01,12,11760,买盘
1046,14:28:52,9.8,0.0,37,36260,买盘
1047,14:29:04,9.79,-0.01,15,14685,卖盘
1048,14:29:07,9.8,0.01,8,7840,买盘
1049,14:29:10,9.8,0.0,11,10780,买盘
1050,14:29:13,9.8,0.0,23,22540,卖盘
1051,14:29:19,9.8,0.0,12,11760,买盘
1052,14:29:25,9.8,0.0,2,1960,卖盘
1053,14:29:31,9.81,0.01,11,10791,买盘
1054,14:29:49,9.81,0.0,22,21582,买盘
1055,14:29:52,9.82,0.01,23,22568,买盘
1056,14:30:07,9.82,0.0,1,982,买盘
1057,14:30:28,9.82,0.0,15,14730,买盘
1058,14:30:49,9.83,0.01,29,28507,买盘
1059,14:30:52,9.83,0.0,21,20643,卖盘
1060,14:31:04,9.83,0.0,1,983,卖盘
1061,14:32:04,9.83,0.0,20,19660,买盘
1062,14:32:07,9.83,0.0,140,137570,买盘
1063,14:32:13,9.82,-0.01,4,3928,卖盘
1064,14:32:16,9.83,0.01,90,88470,买盘
1065,14:32:37,9.83,0.0,10,9830,卖盘
1066,14:32:40,9.84,0.01,34,33456,买盘
1067,14:33:04,9.85,0.01,10,9850,买盘
1068,14:33:22,9.85,0.0,3,2955,买盘
1069,14:33:31,9.85,0.0,10,9850,买盘
1070,14:33:46,9.85,0.0,65,64025,买盘
1071,14:33:55,9.85,0.0,20,19700,卖盘
1072,14:34:01,9.85,0.0,20,19700,卖盘
1073,14:34:07,9.85,0.0,9,8865,卖盘
1074,14:34:10,9.85,0.0,1,985,买盘
1075,14:34:37,9.85,0.0,15,14772,买盘
1076,14:34:58,9.84,-0.01,8,7872,卖盘
1077,14:35:01,9.84,0.0,138,135792,卖盘
1078,14:35:04,9.85,0.01,30,29550,买盘
1079,14:35:07,9.85,0.0,3,2955,买盘
1080,14:35:13,9.84,-0.01,7,6888,卖盘
1081,14:35:34,9.84,0.0,10,9840,买盘
1082,14:35:37,9.85,0.01,30,29547,买盘
1083,14:36:04,9.84,-0.01,13,12792,买盘
1084,14:36:13,9.84,0.0,12,11803,买盘
1085,14:36:22,9.85,0.01,6,5905,买盘
1086,14:36:31,9.85,0.0,5,4925,买盘
1087,14:36:37,9.84,-0.01,8,7872,卖盘
1088,14:36:40,9.84,0.0,1,984,买盘
1089,14:36:43,9.85,0.01,3,2954,买盘
1090,14:36:52,9.85,0.0,95,93565,买盘
1091,14:37:58,9.85,0.0,47,46268,买盘
1092,14:38:13,9.85,0.0,5,4925,买盘
1093,14:38:16,9.84,-0.01,1,984,卖盘
1094,14:38:22,9.84,0.0,30,29520,买盘
1095,14:38:43,9.84,0.0,5,4920,买盘
1096,14:38:49,9.83,-0.01,5,4915,卖盘
1097,14:38:55,9.83,0.0,5,4915,卖盘
1098,14:38:58,9.83,0.0,3,2949,卖盘
1099,14:39:01,9.84,0.01,35,34440,买盘
1100,14:39:10,9.83,-0.01,8,7864,卖盘
1101,14:39:31,9.81,-0.02,40,39254,卖盘
1102,14:39:34,9.83,0.02,10,9830,买盘
1103,14:39:49,9.81,-0.02,12,11772,卖盘
1104,14:39:52,9.83,0.02,80,78640,买盘
1105,14:39:58,9.83,0.0,8,7864,卖盘
1106,14:40:07,9.81,-0.02,20,19644,卖盘
1107,14:40:22,9.8,-0.01,452,443014,卖盘
1108,14:40:49,9.84,0.04,65,63930,买盘
1109,14:41:25,9.82,-0.02,55,54010,买盘
1110,14:41:34,9.82,0.0,10,9820,卖盘
1111,14:41:49,9.82,0.0,2,1964,卖盘
1112,14:42:04,9.82,0.0,10,9820,卖盘
1113,14:42:07,9.83,0.01,10,9830,买盘
1114,14:42:16,9.82,-0.01,14,13748,卖盘
1115,14:42:43,9.82,0.0,46,45172,买盘
1116,14:42:52,9.82,0.0,5,4910,卖盘
1117,14:43:07,9.82,0.0,5,4910,卖盘
1118,14:43:13,9.82,0.0,21,20622,买盘
1119,14:43:22,9.82,0.0,10,9820,买盘
1120,14:43:37,9.82,0.0,3,2946,买盘
1121,14:43:43,9.82,0.0,8,7856,买盘
1122,14:43:46,9.82,0.0,1,982,买盘
1123,14:43:58,9.81,-0.01,18,17658,卖盘
1124,14:44:25,9.81,0.0,47,46107,卖盘
1125,14:44:46,9.81,0.0,194,190314,买盘
1126,14:44:55,9.81,0.0,29,28449,卖盘
1127,14:45:13,9.82,0.01,1,982,买盘
1128,14:45:49,9.82,0.0,15,14730,买盘
1129,14:45:55,9.81,-0.01,43,42221,卖盘
1130,14:46:01,9.82,0.01,10,9820,卖盘
1131,14:46:37,9.83,0.01,23,22609,买盘
1132,14:46:43,9.82,-0.01,74,72668,卖盘
1133,14:46:58,9.86,0.04,292,287576,买盘
1134,14:47:04,9.81,-0.05,3,2943,卖盘
1135,14:47:31,9.81,0.0,7,6867,卖盘
1136,14:47:34,9.85,0.04,20,19700,买盘
1137,14:47:49,9.85,0.0,20,19700,卖盘
1138,14:48:01,9.86,0.01,89,87675,买盘
1139,14:48:07,9.85,-0.01,12,11820,买盘
1140,14:48:10,9.86,0.01,96,94656,买盘
1141,14:48:13,9.85,-0.01,6,5910,卖盘
1142,14:48:16,9.85,0.0,10,9850,买盘
1143,14:48:22,9.85,0.0,21,20685,买盘
1144,14:48:25,9.86,0.01,36,35478,买盘
1145,14:48:28,9.86,0.0,10,9860,买盘
1146,14:48:31,9.86,0.0,8,7888,买盘
1147,14:48:40,9.85,-0.01,2,1970,买盘
1148,14:48:43,9.85,0.0,2,1970,买盘
1149,14:49:19,9.85,0.0,10,9850,买盘
1150,14:49:22,9.85,0.0,1,985,买盘
1151,14:49:28,9.85,0.0,5,4925,买盘
1152,14:49:31,9.85,0.0,15,14765,买盘
1153,14:49:43,9.83,-0.02,3,2949,卖盘
1154,14:49:55,9.85,0.02,20,19696,买盘
1155,14:49:58,9.83,-0.02,5,4915,卖盘
1156,14:50:07,9.83,0.0,24,23592,卖盘
1157,14:50:13,9.83,0.0,41,40303,卖盘
1158,14:50:16,9.82,-0.01,3,2946,卖盘
1159,14:50:31,9.83,0.01,11,10813,买盘
1160,14:50:43,9.86,0.03,300,295474,买盘
1161,14:50:52,9.86,0.0,1,986,买盘
1162,14:50:58,9.85,-0.01,7,6895,卖盘
1163,14:51:13,9.87,0.02,66,65097,买盘
1164,14:51:19,9.86,-0.01,4,3944,卖盘
1165,14:51:22,9.86,0.0,10,9860,卖盘
1166,14:51:25,9.85,-0.01,51,50285,卖盘
1167,14:51:28,9.85,0.0,20,19700,买盘
1168,14:51:34,9.85,0.0,25,24625,买盘
1169,14:51:37,9.85,0.0,5,4925,买盘
1170,14:51:43,9.81,-0.04,232,227958,卖盘
1171,14:52:01,9.85,0.04,20,19700,买盘
1172,14:52:07,9.84,-0.01,20,19690,卖盘
1173,14:52:22,9.84,0.0,4,3936,卖盘
1174,14:52:25,9.85,0.01,19,18715,买盘
1175,14:52:46,9.85,0.0,21,20685,买盘
1176,14:52:49,9.85,0.0,41,40355,买盘
1177,14:52:55,9.84,-0.01,47,46216,中性盘
1178,14:52:58,9.83,-0.01,32,31456,中性盘
1179,14:53:07,9.85,0.02,30,29550,买盘
1180,14:53:16,9.85,0.0,64,63028,买盘
1181,14:53:19,9.85,0.0,10,9850,卖盘
1182,14:53:22,9.85,0.0,1,985,卖盘
1183,14:53:25,9.85,0.0,5,4926,卖盘
1184,14:53:31,9.85,0.0,27,26595,卖盘
1185,14:53:34,9.85,0.0,1,985,中性盘
1186,14:53:46,9.85,0.0,43,42355,买盘
1187,14:53:49,9.85,0.0,1,985,卖盘
1188,14:53:52,9.85,0.0,15,14775,卖盘
1189,14:53:58,9.85,0.0,26,25610,卖盘
1190,14:54:07,9.85,0.0,114,112344,卖盘
1191,14:54:13,9.86,0.01,5,4930,买盘
1192,14:54:19,9.86,0.0,19,18734,买盘
1193,14:54:25,9.85,-0.01,6,5910,卖盘
1194,14:54:34,9.83,-0.02,211,207542,卖盘
1195,14:54:40,9.85,0.02,21,20685,卖盘
1196,14:54:43,9.86,0.01,30,29551,买盘
1197,14:54:46,9.85,-0.01,10,9850,买盘
1198,14:54:58,9.85,0.0,21,20685,买盘
1199,14:55:13,9.85,0.0,60,59099,买盘
1200,14:55:31,9.85,0.0,50,49250,买盘
1201,14:55:37,9.85,0.0,8,7880,买盘
1202,14:55:43,9.85,0.0,21,20685,买盘
1203,14:55:46,9.85,0.0,21,20685,买盘
1204,14:55:49,9.84,-0.01,10,9840,卖盘
1205,14:55:58,9.85,0.01,30,29550,买盘
1206,14:56:07,9.85,0.0,16,15760,买盘
1207,14:56:19,9.84,-0.01,62,61008,卖盘
1208,14:56:34,9.83,-0.01,2,1966,卖盘
1209,14:56:40,9.84,0.01,20,19680,买盘
1210,14:56:43,9.84,0.0,150,147500,买盘
1211,14:56:46,9.82,-0.02,23,22605,卖盘
1212,14:56:52,9.83,0.01,2,1966,买盘
1213,15:00:05,9.83,0.0,692,680236,卖盘
