,time,price,change,volume,amount,type
0,09:25:05,9.93,0.0,10,9930,卖盘
1,09:30:07,9.93,0.0,20,19860,买盘
2,09:30:10,9.91,-0.02,12,11892,卖盘
3,09:30:13,9.9,-0.01,5,4952,卖盘
4,09:30:49,9.9,0.0,12,11890,卖盘
5,09:30:55,9.9,0.0,3,2970,买盘
6,09:30:58,9.9,0.0,5,4950,买盘
7,09:31:07,9.9,0.0,4,3962,卖盘
8,09:31:10,9.91,0.01,15,14861,中性盘
9,09:31:34,9.93,0.02,5,4965,买盘
10,09:31:37,9.93,0.0,10,9930,买盘
11,09:31:40,9.92,-0.01,3,2976,卖盘
12,09:31:43,9.93,0.01,7,6951,买盘
13,09:32:01,9.92,-0.01,5,4960,卖盘
14,09:33:10,9.94,0.02,5,4970,卖盘
15,09:33:58,9.94,0.0,14,13946,卖盘
16,09:34:22,9.97,0.03,10,9970,卖盘
17,09:34:25,9.97,0.0,11,10977,卖盘
18,09:34:52,9.94,-0.03,24,23856,卖盘
19,09:34:55,9.94,0.0,4,3976,卖盘
20,09:34:58,9.95,0.01,1,995,买盘
21,09:35:13,9.94,-0.01,8,7952,卖盘
22,09:35:28,9.94,0.0,3,2982,卖盘
23,09:35:31,9.94,0.0,1,994,卖盘
24,09:36:04,9.94,0.0,4,3978,卖盘
25,09:36:10,9.94,0.0,7,6958,卖盘
26,09:36:40,9.95,0.01,5,4975,卖盘
27,09:36:46,9.95,0.0,1,995,卖盘
28,09:37:16,9.95,0.0,1,995,卖盘
29,09:37:25,9.95,0.0,47,46765,卖盘
30,09:37:31,9.94,-0.01,4,3976,卖盘
31,09:37:40,9.94,0.0,6,5964,卖盘
32,09:37:43,9.94,0.0,11,10934,卖盘
33,09:37:46,9.94,0.0,6,5961,买盘
34,09:37:49,9.94,0.0,1,994,卖盘
35,09:37:52,9.94,0.0,5,4970,卖盘
36,09:37:55,9.94,0.0,1,994,卖盘
37,09:37:58,9.94,0.0,1,994,卖盘
38,09:38:10,9.94,0.0,3,2982,卖盘
39,09:38:19,9.94,0.0,1,994,卖盘
40,09:38:34,9.94,0.0,2,1988,卖盘
41,09:39:07,9.95,0.01,7,6960,买盘
42,09:39:13,9.95,0.0,1,995,买盘
43,09:39:16,9.94,-0.01,6,5964,卖盘
44,09:39:22,9.94,0.0,10,9940,买盘
45,09:39:34,9.93,-0.01,17,16881,卖盘
46,09:39:43,9.93,0.0,3,2979,卖盘
47,09:39:46,9.93,0.0,3,2979,卖盘
48,09:39:52,9.93,0.0,6,5958,卖盘
49,09:40:04,9.93,0.0,5,4965,卖盘
50,09:40:07,9.93,0.0,34,33762,卖盘
51,09:40:13,9.93,0.0,33,32769,卖盘
52,09:40:22,9.93,0.0,5,4965,卖盘
53,09:40:28,9.93,0.0,29,28797,卖盘
54,09:40:34,9.93,0.0,11,10923,买盘
55,09:40:40,9.92,-0.01,3,2976,卖盘
56,09:40:46,9.93,0.01,10,9930,买盘
57,09:41:16,9.93,0.0,41,40713,卖盘
58,09:41:25,9.93,0.0,2,1986,卖盘
59,09:41:46,9.93,0.0,23,22839,卖盘
60,09:41:49,9.93,0.0,4,3972,卖盘
61,09:42:34,9.94,0.01,1,994,买盘
62,09:42:37,9.93,-0.01,10,9930,卖盘
63,09:43:07,9.93,0.0,5,4965,卖盘
64,09:43:34,9.93,0.0,98,97314,卖盘
65,09:44:10,9.93,0.0,54,53622,买盘
66,09:44:16,9.93,0.0,11,10923,买盘
67,09:44:22,9.93,0.0,1,993,买盘
68,09:44:40,9.92,-0.01,24,23808,卖盘
69,09:44:46,9.93,0.01,5,4965,买盘
70,09:44:55,9.92,-0.01,19,18848,卖盘
71,09:45:07,9.93,0.01,3,2979,买盘
72,09:46:25,9.92,-0.01,6,5952,卖盘
73,09:46:28,9.92,0.0,2,1984,卖盘
74,09:46:31,9.92,0.0,6,5952,卖盘
75,09:46:34,9.92,0.0,7,6944,卖盘
76,09:46:43,9.92,0.0,4,3968,卖盘
77,09:46:46,9.92,0.0,2,1984,卖盘
78,09:46:52,9.92,0.0,14,13888,卖盘
79,09:46:55,9.92,0.0,1,992,卖盘
80,09:47:25,9.93,0.01,2,1986,买盘
81,09:48:49,9.93,0.0,1,993,卖盘
82,09:49:07,9.94,0.01,21,20874,买盘
83,09:49:31,9.94,0.0,1,994,卖盘
84,09:49:37,9.94,0.0,1,994,卖盘
85,09:50:01,9.94,0.0,17,16898,买盘
86,09:50:19,9.93,-0.01,12,11916,卖盘
87,09:51:07,9.92,-0.01,10,9920,卖盘
88,09:52:55,9.93,0.01,42,41706,买盘
89,09:53:07,9.92,-0.01,10,9920,卖盘
90,09:53:10,9.93,0.01,16,15888,买盘
91,09:53:22,9.92,-0.01,7,6948,卖盘
92,09:53:34,9.94,0.02,3,2982,买盘
93,09:53:40,9.94,0.0,11,10934,卖盘
94,09:55:13,9.94,0.0,12,11928,卖盘
95,09:56:07,9.95,0.01,3,2985,买盘
96,09:56:28,9.95,0.0,10,9950,买盘
97,09:57:04,9.94,-0.01,50,49700,卖盘
98,09:57:40,9.94,0.0,2,1988,卖盘
99,09:58:31,9.94,0.0,51,50744,卖盘
100,09:59:28,9.94,0.0,13,12872,卖盘
101,10:00:10,9.93,-0.01,11,10923,卖盘
102,10:00:25,9.92,-0.01,20,19840,卖盘
103,10:00:31,9.91,-0.01,1,991,卖盘
104,10:00:58,9.91,0.0,17,16897,卖盘
105,10:01:34,9.93,0.02,5,4965,买盘
106,10:01:40,9.93,0.0,21,20853,买盘
107,10:01:43,9.92,-0.01,30,29789,卖盘
108,10:02:13,9.93,0.01,5,4965,卖盘
109,10:02:49,9.94,0.01,20,19880,买盘
110,10:02:58,9.94,0.0,70,69580,买盘
111,10:03:22,9.93,-0.01,72,71542,卖盘
112,10:03:31,9.94,0.01,9,8946,中性盘
113,10:03:49,9.94,0.0,5,4970,卖盘
114,10:05:13,9.94,0.0,10,9940,卖盘
115,10:05:22,9.95,0.01,3,2985,买盘
116,10:05:34,9.95,0.0,2,1990,买盘
117,10:05:37,9.95,0.0,20,19900,买盘
118,10:05:43,9.95,0.0,1,995,买盘
119,10:05:46,9.95,0.0,9,8955,买盘
120,10:05:52,9.95,0.0,2,1990,买盘
121,10:05:55,9.95,0.0,6,5965,买盘
122,10:05:58,9.95,0.0,2,1990,卖盘
123,10:06:04,9.96,0.01,3,2988,买盘
124,10:06:07,9.96,0.0,2,1992,买盘
125,10:06:10,9.96,0.0,6,5976,买盘
126,10:06:13,9.96,0.0,19,18924,买盘
127,10:06:19,9.97,0.01,3,2991,买盘
128,10:06:25,9.97,0.0,1,997,买盘
129,10:06:28,9.97,0.0,4,3988,买盘
130,10:06:31,9.97,0.0,1,997,买盘
131,10:06:40,9.97,0.0,11,10967,买盘
132,10:06:46,9.98,0.01,4,3992,买盘
133,10:06:49,10.0,0.02,173,172930,买盘
134,10:07:10,10.02,0.02,10,10020,买盘
135,10:07:13,10.0,-0.02,39,39548,卖盘
136,10:07:34,10.0,0.0,9,9000,卖盘
137,10:07:43,10.02,0.02,22,22044,买盘
138,10:07:55,10.02,0.0,80,80160,卖盘
139,10:08:10,10.03,0.01,2,2006,买盘
140,10:08:16,10.02,-0.01,5,5010,卖盘
141,10:08:19,10.02,0.0,1,1002,卖盘
142,10:08:28,10.02,0.0,29,29058,卖盘
143,10:09:13,10.01,-0.01,5,5005,买盘
144,10:09:16,10.01,0.0,5,5005,买盘
145,10:09:19,10.0,-0.01,20,20005,卖盘
146,10:11:19,10.0,0.0,1,1000,买盘
147,10:11:25,10.0,0.0,1,1000,买盘
148,10:11:49,10.0,0.0,20,20000,买盘
149,10:11:55,10.0,0.0,1,1000,买盘
150,10:12:01,10.0,0.0,27,27000,买盘
151,10:12:58,10.02,0.02,32,32064,买盘
152,10:13:07,10.0,-0.02,8,8000,卖盘
153,10:15:04,10.04,0.04,200,200590,买盘
154,10:15:40,10.05,0.01,45,45218,买盘
155,10:19:25,10.01,-0.04,5,5005,卖盘
156,10:20:27,10.03,0.02,5,5015,买盘
157,10:23:28,10.01,-0.02,1,1001,卖盘
158,10:23:45,10.01,0.0,5,5005,卖盘
159,10:24:12,10.01,0.0,5,5005,卖盘
160,10:24:54,10.0,-0.01,100,100000,卖盘
161,10:25:04,9.99,-0.01,1,999,卖盘
162,10:26:42,10.0,0.01,5,5000,买盘
163,10:27:40,10.0,0.0,4,4000,买盘
164,10:28:31,9.99,-0.01,1,999,卖盘
165,10:29:58,10.0,0.01,6,6000,买盘
166,10:30:42,10.0,0.0,10,10000,卖盘
167,10:33:46,10.0,0.0,4,4000,卖盘
168,10:34:58,9.99,-0.01,20,19980,卖盘
169,10:36:01,9.99,0.0,5,4995,卖盘
170,10:36:46,9.99,0.0,2,1998,卖盘
171,10:36:51,10.02,0.03,63,63032,买盘
172,10:38:25,9.98,-0.04,3,2994,卖盘
173,10:40:40,9.98,0.0,3,2994,卖盘
174,10:41:52,10.0,0.02,5,5000,买盘
175,10:41:55,10.03,0.03,51,51113,买盘
176,10:42:58,10.03,0.0,10,10030,买盘
177,10:44:04,10.03,0.0,1,1003,买盘
178,10:44:12,10.03,0.0,5,5015,买盘
179,10:44:25,10.03,0.0,2,2006,买盘
180,10:44:40,10.03,0.0,15,15045,买盘
181,10:46:07,10.02,-0.01,4,4008,卖盘
182,10:47:19,10.04,0.02,62,62189,买盘
183,10:48:13,10.05,0.01,300,301421,买盘
184,10:49:07,10.05,0.0,10,10050,买盘
185,10:49:25,10.05,0.0,6,6025,买盘
186,10:49:31,10.05,0.0,13,13065,卖盘
187,10:49:34,10.05,0.0,1,1005,卖盘
188,10:49:39,10.06,0.01,5,5029,买盘
189,10:50:22,10.06,0.0,3,3018,买盘
190,10:51:48,10.02,-0.04,8,8016,卖盘
191,10:52:18,10.01,-0.01,15,15020,卖盘
192,10:58:04,10.01,0.0,10,10010,卖盘
193,10:59:28,10.02,0.01,7,7014,买盘
194,11:02:21,10.02,0.0,12,12024,卖盘
195,11:03:16,10.01,-0.01,6,6006,卖盘
196,11:03:28,10.02,0.01,7,7014,买盘
197,11:04:07,10.02,0.0,5,5010,买盘
198,11:04:25,10.02,0.0,16,16032,买盘
199,11:06:49,10.01,-0.01,20,20020,卖盘
200,11:07:21,10.03,0.02,1,1003,卖盘
201,11:08:31,10.01,-0.02,4,4004,卖盘
202,11:11:43,10.02,0.01,10,10020,卖盘
203,11:11:49,10.02,0.0,2,2004,卖盘
204,11:12:46,10.01,-0.01,6,6006,卖盘
205,11:15:15,10.01,0.0,23,23023,卖盘
206,11:15:58,10.01,0.0,4,4004,买盘
207,11:18:04,10.0,-0.01,29,29000,卖盘
208,11:18:12,10.0,0.0,2,2000,卖盘
209,11:18:16,10.0,0.0,59,59000,卖盘
210,11:18:48,9.99,-0.01,6,5994,卖盘
211,11:19:36,9.99,0.0,28,27972,卖盘
212,11:19:55,10.0,0.01,1,1000,买盘
213,11:20:01,10.0,0.0,20,20000,买盘
214,11:20:55,9.99,-0.01,45,44955,卖盘
215,11:21:06,9.99,0.0,20,19980,买盘
216,11:21:10,9.99,0.0,45,44955,买盘
217,11:21:16,9.98,-0.01,7,6987,卖盘
218,11:21:19,9.99,0.01,39,38961,买盘
219,11:21:45,10.0,0.01,20,20000,买盘
220,11:22:55,10.0,0.0,2,2000,卖盘
221,11:23:04,10.0,0.0,5,5000,卖盘
222,11:25:31,10.0,0.0,1,1000,卖盘
223,11:27:10,9.98,-0.02,47,46916,卖盘
224,13:00:13,9.98,0.0,1,998,卖盘
225,13:03:37,9.98,0.0,2,1996,卖盘
226,13:04:30,9.98,0.0,20,19960,卖盘
227,13:04:33,9.98,0.0,12,11976,卖盘
228,13:04:42,9.98,0.0,10,9980,买盘
229,13:04:45,9.97,-0.01,200,199400,卖盘
230,13:05:07,9.98,0.01,2,1996,买盘
231,13:05:25,9.98,0.0,14,13972,卖盘
232,13:11:09,9.99,0.01,7,6993,卖盘
233,13:11:16,9.99,0.0,1,999,卖盘
234,13:11:22,9.99,0.0,1,999,卖盘
235,13:13:55,9.99,0.0,1,999,卖盘
236,13:16:49,9.98,-0.01,15,14970,卖盘
237,13:18:19,9.98,0.0,6,5988,卖盘
238,13:19:34,9.99,0.01,1,999,买盘
239,13:19:43,9.98,-0.01,4,3992,卖盘
240,13:20:46,9.98,0.0,37,36926,卖盘
241,13:22:49,9.98,0.0,6,5988,卖盘
242,13:26:19,9.98,0.0,6,5988,卖盘
243,13:26:40,9.99,0.01,3,2997,买盘
244,13:27:10,9.98,-0.01,8,7984,卖盘
245,13:28:07,9.98,0.0,3,2994,卖盘
246,13:29:16,9.98,0.0,1,998,卖盘
247,13:29:43,9.98,0.0,9,8982,卖盘
248,13:30:07,9.98,0.0,15,14970,卖盘
249,13:30:19,9.98,0.0,10,9980,卖盘
250,13:30:22,9.98,0.0,2,1996,卖盘
251,13:30:31,9.98,0.0,5,4990,卖盘
252,13:30:55,9.98,0.0,5,4990,卖盘
253,13:31:00,9.97,-0.01,30,29913,卖盘
254,13:31:31,9.97,0.0,10,9970,卖盘
255,13:32:13,9.97,0.0,154,153538,卖盘
256,13:32:22,9.97,0.0,7,6979,卖盘
257,13:33:49,9.98,0.01,5,4990,买盘
258,13:34:00,9.98,0.0,28,27944,买盘
259,13:34:37,9.98,0.0,16,15968,卖盘
260,13:34:58,9.98,0.0,9,8982,卖盘
261,13:35:10,9.98,0.0,5,4990,卖盘
262,13:35:19,9.99,0.01,27,26973,买盘
263,13:37:04,9.98,-0.01,49,48902,卖盘
264,13:37:18,9.98,0.0,1,998,买盘
265,13:37:22,9.97,-0.01,8,7978,卖盘
266,13:37:25,9.98,0.01,12,11976,中性盘
267,13:37:30,9.98,0.0,9,8982,买盘
268,13:37:43,9.98,0.0,6,5988,买盘
269,13:37:51,9.97,-0.01,2,1994,卖盘
270,13:38:18,9.98,0.01,5,4990,买盘
271,13:38:25,9.97,-0.01,174,173478,卖盘
272,13:39:43,9.98,0.01,4,3992,买盘
273,13:40:37,9.97,-0.01,157,156529,卖盘
274,13:41:05,9.97,0.0,38,37886,买盘
275,13:41:36,9.97,0.0,1,997,卖盘
276,13:42:04,9.97,0.0,11,10967,卖盘
277,13:42:10,9.97,0.0,9,8973,买盘
278,13:43:27,9.96,-0.01,70,69771,卖盘
279,13:46:06,9.98,0.02,63,62874,买盘
280,13:46:43,9.98,0.0,7,6986,卖盘
281,13:47:01,9.98,0.0,6,5988,卖盘
282,13:49:15,9.99,0.01,43,42957,买盘
283,13:49:34,9.98,-0.01,5,4990,卖盘
284,13:49:49,9.98,0.0,10,9980,卖盘
285,13:49:55,9.99,0.01,3,2997,买盘
286,13:50:49,9.99,0.0,22,21978,买盘
287,13:50:55,9.99,0.0,4,3996,买盘
288,13:50:58,9.99,0.0,1,999,买盘
289,13:51:01,9.99,0.0,3,2997,买盘
290,13:51:04,9.98,-0.01,5,4992,卖盘
291,13:51:19,10.0,0.02,4,4000,买盘
292,13:52:31,10.0,0.0,30,30000,买盘
293,13:53:07,10.0,0.0,123,123000,买盘
294,13:53:37,10.01,0.01,7,7007,买盘
295,13:53:49,10.01,0.0,3,3003,卖盘
296,13:54:07,10.0,-0.01,4,4000,卖盘
297,13:54:40,10.02,0.02,10,10018,买盘
298,13:55:10,10.02,0.0,3,3006,买盘
299,13:55:46,10.02,0.0,2,2004,买盘
300,13:55:58,10.0,-0.02,12,12004,卖盘
301,13:56:13,10.02,0.02,10,10020,买盘
302,13:56:25,10.02,0.0,8,8016,买盘
303,13:56:40,10.02,0.0,11,11022,卖盘
304,13:58:58,10.02,0.0,10,10020,卖盘
305,13:59:07,10.02,0.0,30,30060,卖盘
306,14:00:33,10.02,0.0,5,5010,卖盘
307,14:00:37,10.03,0.01,6,6018,买盘
308,14:01:13,10.03,0.0,4,4012,买盘
309,14:01:28,10.04,0.01,13,13052,买盘
310,14:01:46,10.04,0.0,1,1004,卖盘
311,14:02:13,10.04,0.0,50,50200,卖盘
312,14:02:28,10.04,0.0,11,11044,卖盘
313,14:02:46,10.03,-0.01,1,1003,卖盘
314,14:02:52,10.03,0.0,8,8024,卖盘
315,14:03:22,10.03,0.0,40,40120,卖盘
316,14:03:55,10.03,0.0,5,5015,卖盘
317,14:04:27,10.03,0.0,1,1003,卖盘
318,14:05:19,10.04,0.01,15,15060,买盘
319,14:05:28,10.03,-0.01,25,25080,卖盘
320,14:06:46,10.03,0.0,31,31093,卖盘
321,14:11:34,10.03,0.0,4,4012,买盘
322,14:11:40,10.02,-0.01,5,5010,卖盘
323,14:13:58,10.02,0.0,100,100200,卖盘
324,14:14:42,10.02,0.0,10,10020,卖盘
325,14:14:58,10.02,0.0,100,100200,卖盘
326,14:15:09,10.02,0.0,65,65130,卖盘
327,14:15:39,10.0,-0.02,12,12000,卖盘
328,14:15:51,10.0,0.0,1,1000,卖盘
329,14:18:16,10.0,0.0,14,14000,买盘
330,14:18:42,10.0,0.0,2,2000,买盘
331,14:18:55,10.0,0.0,3,3000,买盘
332,14:20:04,10.0,0.0,2,2000,卖盘
333,14:24:13,10.0,0.0,5,5000,卖盘
334,14:24:46,10.01,0.01,20,20020,买盘
335,14:26:58,10.01,0.0,4,4004,卖盘
336,14:27:18,10.01,0.0,6,6006,卖盘
337,14:28:52,10.01,0.0,16,16016,买盘
338,14:28:58,10.01,0.0,3,3003,买盘
339,14:29:16,10.01,0.0,5,5005,买盘
340,14:29:25,10.01,0.0,1,1001,买盘
341,14:29:58,10.02,0.01,10,10020,买盘
342,14:30:37,10.02,0.0,4,4008,买盘
343,14:33:39,10.01,-0.01,10,10010,卖盘
344,14:34:25,10.01,0.0,3,3003,卖盘
345,14:36:25,10.01,0.0,12,12012,卖盘
346,14:37:04,10.01,0.0,10,10010,卖盘
347,14:37:24,10.01,0.0,7,7007,卖盘
348,14:38:22,10.01,0.0,2,2002,买盘
349,14:38:58,10.0,-0.01,13,13000,卖盘
350,14:39:04,10.0,0.0,4,4000,买盘
351,14:39:28,10.0,0.0,18,18000,买盘
352,14:39:34,10.0,0.0,49,49000,买盘
353,14:44:04,10.01,0.01,26,26026,买盘
354,14:44:33,10.01,0.0,1,1001,买盘
355,14:45:07,10.02,0.01,28,28056,买盘
356,14:46:16,10.01,-0.01,46,46046,卖盘
357,14:46:22,10.0,-0.01,1,1000,卖盘
358,14:46:46,10.0,0.0,4,4000,卖盘
359,14:46:55,10.01,0.01,24,24024,买盘
360,14:46:57,10.01,0.0,20,20020,卖盘
361,14:47:46,10.01,0.0,35,35035,卖盘
362,14:48:01,10.02,0.01,37,37074,买盘
363,14:48:46,10.01,-0.01,4,4004,卖盘
364,14:49:21,10.01,0.0,17,17017,卖盘
365,14:49:43,10.01,0.0,10,10010,买盘
366,14:50:00,10.01,0.0,312,312312,买盘
367,14:50:07,10.01,0.0,16,16001,买盘
368,14:50:19,10.01,0.0,10,10010,买盘
369,14:50:31,10.01,0.0,10,10010,买盘
370,14:50:55,10.01,0.0,2,2002,买盘
371,14:51:07,10.01,0.0,1,1001,卖盘
372,14:51:46,10.01,0.0,5,5005,买盘
373,14:51:49,10.01,0.0,1,1001,买盘
374,14:52:04,10.01,0.0,3,3003,买盘
375,14:52:07,10.01,0.0,9,9009,卖盘
376,14:52:13,10.0,-0.01,22,22008,卖盘
377,14:53:46,9.99,-0.01,5,4995,卖盘
378,14:54:46,10.02,0.03,1,1002,买盘
379,14:55:01,10.02,0.0,38,38076,买盘
380,14:55:10,10.02,0.0,1,1002,买盘
381,14:55:16,10.02,0.0,3,3006,买盘
382,14:55:52,10.02,0.0,10,10020,买盘
383,14:56:22,10.02,0.0,9,9010,买盘
384,14:56:34,10.0,-0.02,17,17000,卖盘
385,14:56:37,10.0,0.0,13,13000,卖盘
386,15:00:04,10.01,0.01,61,61061,卖盘
