,time,price,change,volume,amount,type
0,09:25:04,2.71,-0.04,290,78590,卖盘
1,09:30:04,2.71,0.0,250,67760,卖盘
2,09:30:09,2.71,0.0,153,41583,卖盘
3,09:30:15,2.71,0.0,182,49322,卖盘
4,09:30:21,2.71,0.0,2,542,买盘
5,09:30:24,2.71,0.0,39,10569,买盘
6,09:30:48,2.72,0.01,81,22005,买盘
7,09:30:54,2.72,0.0,10,2720,买盘
8,09:31:04,2.71,-0.01,145,39295,卖盘
9,09:31:12,2.71,0.0,10,2710,买盘
10,09:31:15,2.71,0.0,2,542,买盘
11,09:31:18,2.71,0.0,23,6233,买盘
12,09:31:42,2.71,0.0,74,20054,卖盘
13,09:32:18,2.71,0.0,47,12737,卖盘
14,09:32:21,2.71,0.0,91,24661,买盘
15,09:32:42,2.72,0.01,170,46240,买盘
16,09:33:15,2.71,-0.01,204,55409,卖盘
17,09:33:18,2.72,0.01,210,57120,买盘
18,09:33:42,2.72,0.0,50,13600,买盘
19,09:34:06,2.72,0.0,14,3808,买盘
20,09:34:21,2.71,-0.01,3,813,卖盘
21,09:34:39,2.72,0.01,20,5440,买盘
22,09:35:18,2.72,0.0,100,27200,买盘
23,09:35:48,2.71,-0.01,20,5420,卖盘
24,09:36:18,2.72,0.01,2,544,买盘
25,09:36:42,2.72,0.0,8,2176,买盘
26,09:36:54,2.72,0.0,19,5168,买盘
27,09:38:18,2.72,0.0,62,16864,买盘
28,09:38:45,2.72,0.0,23,6256,买盘
29,09:38:54,2.72,0.0,25,6800,买盘
30,09:39:00,2.72,0.0,2,544,买盘
31,09:39:04,2.72,0.0,74,20128,买盘
32,09:39:06,2.72,0.0,453,122826,买盘
33,09:39:24,2.72,0.0,302,82008,买盘
34,09:39:33,2.72,0.0,10,2720,买盘
35,09:39:36,2.72,0.0,8,2176,买盘
36,09:39:39,2.72,0.0,33,8976,买盘
37,09:39:42,2.72,0.0,43,11696,买盘
38,09:39:45,2.72,0.0,24,6528,买盘
39,09:39:49,2.72,0.0,297,80784,买盘
40,09:39:51,2.72,0.0,81,22032,买盘
41,09:39:54,2.72,0.0,70,19040,买盘
42,09:39:57,2.72,0.0,174,47328,买盘
43,09:40:00,2.72,0.0,97,26384,买盘
44,09:40:04,2.72,0.0,289,78608,买盘
45,09:40:06,2.72,0.0,161,43792,买盘
46,09:40:10,2.73,0.01,40,10920,买盘
47,09:40:12,2.73,0.0,43,11739,买盘
48,09:40:15,2.73,0.0,38,10374,买盘
49,09:40:18,2.73,0.0,30,8190,买盘
50,09:40:21,2.73,0.0,31,8463,买盘
51,09:40:24,2.73,0.0,14,3822,买盘
52,09:40:27,2.73,0.0,16,4368,买盘
53,09:40:31,2.73,0.0,25,6825,买盘
54,09:40:33,2.73,0.0,20,5460,买盘
55,09:40:36,2.73,0.0,17,4641,买盘
56,09:40:39,2.73,0.0,120,32650,买盘
57,09:40:42,2.73,0.0,100,27300,买盘
58,09:40:45,2.73,0.0,1,273,买盘
59,09:41:03,2.72,-0.01,4,1088,卖盘
60,09:41:21,2.72,0.0,80,21760,卖盘
61,09:41:27,2.73,0.01,10,2730,买盘
62,09:41:48,2.74,0.01,1050,287198,买盘
63,09:42:09,2.74,0.0,4,1096,买盘
64,09:42:33,2.74,0.0,3,821,买盘
65,09:42:54,2.74,0.0,169,46306,买盘
66,09:42:57,2.74,0.0,123,33702,买盘
67,09:43:18,2.74,0.0,191,52334,买盘
68,09:43:51,2.74,0.0,5,1370,买盘
69,09:44:06,2.74,0.0,1,274,买盘
70,09:44:12,2.74,0.0,11,3014,买盘
71,09:44:46,2.73,-0.01,56,15288,卖盘
72,09:44:54,2.73,0.0,11,3004,卖盘
73,09:44:57,2.74,0.01,48,13152,买盘
74,09:45:03,2.74,0.0,10,2740,买盘
75,09:46:18,2.74,0.0,100,27400,买盘
76,09:46:21,2.74,0.0,230,63020,买盘
77,09:46:33,2.75,0.01,1195,328497,买盘
78,09:46:36,2.75,0.0,1,275,卖盘
79,09:46:39,2.75,0.0,1,275,卖盘
80,09:46:42,2.75,0.0,1,275,卖盘
81,09:46:45,2.75,0.0,1,275,卖盘
82,09:46:48,2.75,0.0,1,275,卖盘
83,09:46:51,2.75,0.0,3,825,卖盘
84,09:46:54,2.75,0.0,7,1925,卖盘
85,09:47:00,2.76,0.01,248,68256,买盘
86,09:47:09,2.75,-0.01,100,27500,买盘
87,09:47:12,2.75,0.0,13,3575,买盘
88,09:47:18,2.75,0.0,110,30250,买盘
89,09:47:21,2.75,0.0,50,13750,卖盘
90,09:47:27,2.74,-0.01,200,54821,卖盘
91,09:48:15,2.75,0.01,342,94050,买盘
92,09:49:27,2.74,-0.01,50,13700,卖盘
93,09:49:48,2.74,0.0,54,14796,卖盘
94,09:49:51,2.75,0.01,2,550,买盘
95,09:50:00,2.74,-0.01,2,548,卖盘
96,09:50:06,2.74,0.0,1,274,卖盘
97,09:50:42,2.74,0.0,50,13700,卖盘
98,09:50:48,2.74,0.0,35,9590,卖盘
99,09:50:52,2.74,0.0,49,13426,卖盘
100,09:50:54,2.74,0.0,78,21372,卖盘
101,09:51:06,2.74,0.0,50,13700,卖盘
102,09:51:13,2.74,0.0,25,6850,卖盘
103,09:51:27,2.74,0.0,2,548,卖盘
104,09:51:30,2.74,0.0,30,8220,卖盘
105,09:51:33,2.74,0.0,139,38086,卖盘
106,09:51:57,2.74,0.0,57,15618,卖盘
107,09:52:00,2.74,0.0,10,2740,买盘
108,09:52:28,2.73,-0.01,847,231231,卖盘
109,09:52:33,2.73,0.0,70,19110,买盘
110,09:54:06,2.73,0.0,65,17745,买盘
111,09:55:33,2.73,0.0,55,15015,买盘
112,09:55:51,2.73,0.0,320,87360,买盘
113,09:55:54,2.73,0.0,33,9009,买盘
114,09:56:04,2.72,-0.01,30,8160,卖盘
115,09:56:12,2.72,0.0,5,1360,卖盘
116,09:56:15,2.72,0.0,49,13328,卖盘
117,09:56:39,2.72,0.0,38,10336,卖盘
118,09:56:42,2.72,0.0,3,816,卖盘
119,09:56:54,2.73,0.01,17,4641,买盘
120,09:57:09,2.73,0.0,105,28665,买盘
121,09:57:12,2.72,-0.01,320,87040,卖盘
122,09:57:33,2.72,0.0,10,2720,卖盘
123,09:57:51,2.72,0.0,2,544,卖盘
124,09:58:15,2.72,0.0,21,5712,卖盘
125,09:59:21,2.73,0.01,100,27300,买盘
126,09:59:24,2.73,0.0,10,2730,买盘
127,09:59:33,2.72,-0.01,78,21216,卖盘
128,09:59:39,2.72,0.0,39,10608,卖盘
129,09:59:42,2.72,0.0,73,19856,卖盘
130,09:59:45,2.72,0.0,109,29648,卖盘
131,09:59:48,2.72,0.0,223,60656,卖盘
132,10:00:09,2.72,0.0,131,35632,卖盘
133,10:00:12,2.72,0.0,65,17680,卖盘
134,10:00:57,2.74,0.02,900,245825,买盘
135,10:01:15,2.72,-0.02,5,1360,卖盘
136,10:01:21,2.72,0.0,62,16864,卖盘
137,10:01:24,2.72,0.0,81,22052,卖盘
138,10:01:27,2.72,0.0,58,15776,卖盘
139,10:01:45,2.72,0.0,45,12240,卖盘
140,10:01:57,2.72,0.0,198,53856,卖盘
141,10:02:00,2.72,0.0,94,25568,卖盘
142,10:02:27,2.72,0.0,1,272,卖盘
143,10:02:36,2.72,0.0,100,27200,卖盘
144,10:02:42,2.72,0.0,34,9248,卖盘
145,10:02:45,2.72,0.0,67,18224,卖盘
146,10:02:49,2.72,0.0,32,8704,卖盘
147,10:03:24,2.72,0.0,77,20944,卖盘
148,10:03:27,2.71,-0.01,150,40746,卖盘
149,10:03:30,2.71,0.0,66,17886,卖盘
150,10:03:33,2.71,0.0,66,17886,卖盘
151,10:03:48,2.71,0.0,100,27100,卖盘
152,10:04:18,2.72,0.01,1,272,买盘
153,10:04:21,2.72,0.0,3,816,买盘
154,10:04:24,2.72,0.0,1,272,买盘
155,10:04:30,2.72,0.0,1,272,买盘
156,10:04:39,2.71,-0.01,59,15989,卖盘
157,10:04:48,2.71,0.0,82,22222,卖盘
158,10:04:57,2.71,0.0,2,542,卖盘
159,10:06:09,2.72,0.01,80,21760,买盘
160,10:06:27,2.72,0.0,502,136044,买盘
161,10:07:03,2.72,0.0,53,14416,买盘
162,10:07:24,2.71,-0.01,1,271,卖盘
163,10:07:33,2.72,0.01,6,1632,买盘
164,10:08:00,2.71,-0.01,500,135500,卖盘
165,10:09:12,2.71,0.0,119,32249,卖盘
166,10:09:18,2.71,0.0,192,52032,卖盘
167,10:09:39,2.71,0.0,68,18428,卖盘
168,10:11:36,2.71,0.0,23,6233,卖盘
169,10:11:39,2.71,0.0,64,17344,卖盘
170,10:11:45,2.71,0.0,56,15176,卖盘
171,10:11:48,2.71,0.0,53,14363,卖盘
172,10:11:51,2.71,0.0,86,23306,卖盘
173,10:12:39,2.71,0.0,43,11653,卖盘
174,10:12:42,2.71,0.0,57,15447,卖盘
175,10:13:24,2.72,0.01,2,544,买盘
176,10:15:04,2.72,0.0,20,5440,买盘
177,10:15:15,2.72,0.0,62,16864,买盘
178,10:15:21,2.72,0.0,200,54400,买盘
179,10:15:27,2.72,0.0,143,38896,买盘
180,10:15:48,2.72,0.0,80,21760,买盘
181,10:15:51,2.72,0.0,3,816,买盘
182,10:15:58,2.72,0.0,111,30192,买盘
183,10:16:18,2.72,0.0,5,1360,买盘
184,10:17:00,2.72,0.0,151,41072,买盘
185,10:17:36,2.73,0.01,1,273,买盘
186,10:20:24,2.72,-0.01,45,12240,卖盘
187,10:20:27,2.72,0.0,45,12240,卖盘
188,10:20:30,2.72,0.0,40,10880,卖盘
189,10:20:33,2.72,0.0,40,10880,卖盘
190,10:20:39,2.72,0.0,36,9792,卖盘
191,10:20:48,2.72,0.0,52,14144,卖盘
192,10:20:57,2.72,0.0,100,27200,买盘
193,10:21:09,2.72,0.0,100,27200,买盘
194,10:21:18,2.71,-0.01,160,43419,卖盘
195,10:22:39,2.71,0.0,100,27100,卖盘
196,10:23:12,2.71,0.0,30,8130,卖盘
197,10:23:45,2.72,0.01,1,272,买盘
198,10:24:48,2.72,0.0,20,5440,买盘
199,10:25:30,2.72,0.0,67,18224,卖盘
200,10:25:33,2.72,0.0,27,7344,卖盘
201,10:25:45,2.71,-0.01,94,25474,卖盘
202,10:25:51,2.72,0.01,27,7344,买盘
203,10:25:57,2.72,0.0,2,544,买盘
204,10:26:04,2.72,0.0,10,2720,买盘
205,10:26:06,2.72,0.0,10,2720,买盘
206,10:26:51,2.72,0.0,50,13600,买盘
207,10:27:00,2.71,-0.01,5,1355,卖盘
208,10:27:24,2.71,0.0,25,6775,卖盘
209,10:27:39,2.72,0.01,19,5168,买盘
210,10:28:39,2.72,0.0,2,544,买盘
211,10:28:54,2.72,0.0,2,544,买盘
212,10:31:04,2.71,-0.01,136,36856,卖盘
213,10:31:18,2.72,0.01,1,272,买盘
214,10:32:06,2.72,0.0,7,1904,买盘
215,10:33:04,2.72,0.0,30,8160,买盘
216,10:34:03,2.72,0.0,37,10064,买盘
217,10:34:36,2.72,0.0,30,8160,买盘
218,10:34:45,2.71,-0.01,20,5420,卖盘
219,10:34:51,2.71,0.0,25,6775,卖盘
220,10:35:13,2.71,0.0,17,4607,卖盘
221,10:35:42,2.71,0.0,10,2710,卖盘
222,10:36:00,2.72,0.01,5,1360,买盘
223,10:36:51,2.72,0.0,1,272,买盘
224,10:37:21,2.72,0.0,2,544,买盘
225,10:37:27,2.72,0.0,37,10064,买盘
226,10:37:45,2.72,0.0,222,60339,买盘
227,10:39:15,2.71,-0.01,74,20054,卖盘
228,10:39:21,2.71,0.0,168,45528,卖盘
229,10:39:24,2.71,0.0,76,20596,卖盘
230,10:39:27,2.71,0.0,59,15989,卖盘
231,10:39:54,2.71,0.0,18,4878,卖盘
232,10:39:57,2.71,0.0,134,36314,卖盘
233,10:40:04,2.71,0.0,114,30894,卖盘
234,10:40:06,2.71,0.0,52,14092,卖盘
235,10:40:13,2.71,0.0,30,8130,卖盘
236,10:41:18,2.71,0.0,46,12466,卖盘
237,10:41:22,2.71,0.0,53,14363,卖盘
238,10:41:27,2.71,0.0,168,45528,卖盘
239,10:41:30,2.71,0.0,3,813,卖盘
240,10:41:51,2.71,0.0,68,18428,卖盘
241,10:41:54,2.71,0.0,31,8401,卖盘
242,10:41:57,2.71,0.0,31,8401,卖盘
243,10:42:00,2.71,0.0,56,15176,卖盘
244,10:42:04,2.71,0.0,26,7046,卖盘
245,10:42:06,2.71,0.0,46,12466,卖盘
246,10:42:09,2.71,0.0,44,11924,卖盘
247,10:42:18,2.71,0.0,60,16260,卖盘
248,10:42:33,2.71,0.0,16,4336,卖盘
249,10:42:36,2.71,0.0,15,4065,卖盘
250,10:42:39,2.71,0.0,29,7859,卖盘
251,10:42:42,2.71,0.0,62,16802,卖盘
252,10:42:45,2.71,0.0,33,8943,卖盘
253,10:42:48,2.71,0.0,22,5962,卖盘
254,10:42:54,2.71,0.0,12,3252,卖盘
255,10:43:12,2.71,0.0,70,18970,卖盘
256,10:43:45,2.71,0.0,100,27100,卖盘
257,10:43:48,2.72,0.01,3,816,买盘
258,10:44:00,2.71,-0.01,61,16531,卖盘
259,10:44:06,2.71,0.0,27,7317,卖盘
260,10:44:09,2.71,0.0,95,25745,卖盘
261,10:50:24,2.71,0.0,162,43902,卖盘
262,10:50:36,2.72,0.01,5,1360,买盘
263,10:51:00,2.72,0.0,10,2720,买盘
264,10:51:57,2.71,-0.01,100,27100,卖盘
265,10:52:09,2.71,0.0,95,25745,卖盘
266,10:52:39,2.72,0.01,15,4080,买盘
267,10:53:12,2.71,-0.01,93,25223,卖盘
268,10:53:15,2.71,0.0,69,18699,卖盘
269,10:53:27,2.71,0.0,1,271,卖盘
270,10:53:42,2.72,0.01,200,54400,买盘
271,10:53:51,2.72,0.0,17,4624,买盘
272,10:53:58,2.71,-0.01,132,35772,卖盘
273,10:54:04,2.71,0.0,35,9485,卖盘
274,10:54:06,2.71,0.0,31,8401,卖盘
275,10:54:27,2.71,0.0,6,1626,卖盘
276,10:54:30,2.72,0.01,30,8160,买盘
277,10:54:49,2.71,-0.01,89,24119,卖盘
278,10:54:52,2.71,0.0,120,32520,卖盘
279,10:55:24,2.71,0.0,16,4336,卖盘
280,10:56:09,2.72,0.01,500,136000,买盘
281,10:56:12,2.72,0.0,2,544,买盘
282,10:56:28,2.71,-0.01,146,39566,卖盘
283,10:56:30,2.71,0.0,43,11653,卖盘
284,10:56:36,2.71,0.0,92,24932,卖盘
285,10:56:43,2.71,0.0,45,12195,卖盘
286,10:56:51,2.71,0.0,38,10298,卖盘
287,10:56:57,2.71,0.0,26,7046,卖盘
288,10:57:00,2.71,0.0,49,13279,卖盘
289,10:57:06,2.71,0.0,65,17615,卖盘
290,10:57:15,2.71,0.0,14,3794,卖盘
291,10:57:21,2.71,0.0,41,11111,卖盘
292,10:57:30,2.71,0.0,207,56097,卖盘
293,10:57:36,2.71,0.0,7,1897,卖盘
294,10:57:39,2.73,0.02,1100,300164,买盘
295,10:58:06,2.72,-0.01,20,5440,买盘
296,10:58:12,2.72,0.0,50,13600,买盘
297,10:58:22,2.74,0.02,1600,437314,买盘
298,10:59:06,2.73,-0.01,90,24570,卖盘
299,10:59:12,2.75,0.02,1450,397543,买盘
300,10:59:27,2.75,0.0,29,7975,买盘
301,10:59:48,2.74,-0.01,2,548,买盘
302,11:00:06,2.76,0.02,2600,714868,买盘
303,11:00:30,2.74,-0.02,78,21372,卖盘
304,11:00:33,2.74,0.0,4,1096,卖盘
305,11:00:42,2.74,0.0,20,5480,买盘
306,11:00:48,2.74,0.0,31,8494,买盘
307,11:00:54,2.74,0.0,5,1370,买盘
308,11:01:00,2.74,0.0,11,3014,买盘
309,11:01:04,2.74,0.0,44,12056,买盘
310,11:01:09,2.75,0.01,280,77000,买盘
311,11:01:18,2.75,0.0,286,78650,买盘
312,11:01:24,2.75,0.0,90,24830,卖盘
313,11:01:30,2.76,0.01,30,8280,买盘
314,11:01:33,2.76,0.0,2,552,买盘
315,11:01:42,2.76,0.0,38,10488,买盘
316,11:01:57,2.76,0.0,62,17112,买盘
317,11:02:04,2.75,-0.01,70,19250,卖盘
318,11:02:06,2.76,0.01,5,1380,买盘
319,11:02:09,2.75,-0.01,9,2475,卖盘
320,11:02:12,2.75,0.0,97,26675,卖盘
321,11:02:15,2.75,0.0,54,14850,卖盘
322,11:02:18,2.75,0.0,36,9900,卖盘
323,11:02:21,2.75,0.0,8,2200,卖盘
324,11:02:27,2.75,0.0,50,13750,卖盘
325,11:02:33,2.75,0.0,10,2750,卖盘
326,11:02:39,2.75,0.0,9,2475,卖盘
327,11:02:42,2.75,0.0,903,248325,卖盘
328,11:02:51,2.75,0.0,5,1375,买盘
329,11:02:57,2.75,0.0,1,275,买盘
330,11:03:36,2.75,0.0,1,275,买盘
331,11:03:39,2.75,0.0,1,275,买盘
332,11:04:09,2.75,0.0,20,5500,买盘
333,11:04:18,2.75,0.0,153,42075,买盘
334,11:04:21,2.75,0.0,20,5500,买盘
335,11:04:30,2.76,0.01,1000,275146,买盘
336,11:05:04,2.75,-0.01,50,13750,买盘
337,11:05:12,2.75,0.0,11,3025,买盘
338,11:05:15,2.74,-0.01,517,141738,卖盘
339,11:05:24,2.75,0.01,165,45375,买盘
340,11:05:28,2.74,-0.01,8,2192,卖盘
341,11:05:30,2.73,-0.01,543,149125,卖盘
342,11:05:33,2.74,0.01,3,822,买盘
343,11:05:36,2.74,0.0,2,548,买盘
344,11:05:39,2.74,0.0,42,11508,买盘
345,11:05:45,2.74,0.0,24,6576,买盘
346,11:05:48,2.74,0.0,5,1370,买盘
347,11:06:24,2.73,-0.01,5,1365,卖盘
348,11:07:04,2.73,0.0,14,3822,卖盘
349,11:07:06,2.75,0.02,1770,486219,买盘
350,11:07:18,2.74,-0.01,57,15618,卖盘
351,11:07:27,2.74,0.0,15,4110,卖盘
352,11:07:51,2.74,0.0,306,83844,卖盘
353,11:08:01,2.74,0.0,160,43840,卖盘
354,11:08:04,2.74,0.0,2,548,买盘
355,11:08:12,2.74,0.0,3,822,买盘
356,11:08:28,2.74,0.0,1,274,买盘
357,11:08:39,2.74,0.0,16,4384,买盘
358,11:10:04,2.74,0.0,57,15618,买盘
359,11:10:24,2.74,0.0,117,32058,卖盘
360,11:10:27,2.74,0.0,175,47950,卖盘
361,11:10:39,2.74,0.0,281,76994,卖盘
362,11:12:16,2.74,0.0,54,14796,卖盘
363,11:12:24,2.74,0.0,265,72610,卖盘
364,11:12:39,2.74,0.0,251,68774,卖盘
365,11:12:45,2.74,0.0,96,26304,卖盘
366,11:12:51,2.74,0.0,189,51786,卖盘
367,11:13:21,2.73,-0.01,88,24024,卖盘
368,11:13:24,2.73,0.0,86,23478,卖盘
369,11:13:27,2.73,0.0,129,35217,卖盘
370,11:13:33,2.73,0.0,82,22386,卖盘
371,11:14:15,2.74,0.01,94,25756,买盘
372,11:14:21,2.74,0.0,100,27400,卖盘
373,11:14:39,2.74,0.0,80,21920,卖盘
374,11:14:42,2.74,0.0,79,21646,卖盘
375,11:15:00,2.75,0.01,6,1650,买盘
376,11:15:04,2.74,-0.01,116,31784,卖盘
377,11:15:42,2.74,0.0,186,50964,卖盘
378,11:15:51,2.73,-0.01,73,19990,卖盘
379,11:16:06,2.74,0.01,2,548,中性盘
380,11:16:09,2.73,-0.01,68,18564,卖盘
381,11:16:18,2.73,0.0,63,17199,卖盘
382,11:16:21,2.73,0.0,129,35221,卖盘
383,11:16:24,2.73,0.0,61,16653,卖盘
384,11:16:27,2.73,0.0,116,31668,卖盘
385,11:16:42,2.74,0.01,5,1370,买盘
386,11:16:51,2.75,0.01,1500,412067,买盘
387,11:17:06,2.73,-0.02,6,1638,卖盘
388,11:17:30,2.75,0.02,800,220000,买盘
389,11:18:15,2.74,-0.01,110,30140,卖盘
390,11:18:48,2.76,0.02,380,104643,买盘
391,11:20:33,2.75,-0.01,114,31350,卖盘
392,11:20:48,2.76,0.01,1300,358797,买盘
393,11:20:57,2.74,-0.02,80,21920,卖盘
394,11:21:21,2.75,0.01,866,238150,买盘
395,11:21:27,2.74,-0.01,140,38360,卖盘
396,11:22:00,2.74,0.0,200,54800,卖盘
397,11:22:09,2.74,0.0,380,104120,卖盘
398,11:22:15,2.74,0.0,173,47402,卖盘
399,11:22:18,2.74,0.0,164,44936,卖盘
400,11:22:24,2.74,0.0,94,25756,卖盘
401,11:22:27,2.74,0.0,61,16714,卖盘
402,11:22:30,2.74,0.0,121,33154,卖盘
403,11:22:36,2.74,0.0,29,7946,卖盘
404,11:22:39,2.73,-0.01,55,15015,卖盘
405,11:22:48,2.73,0.0,54,14742,卖盘
406,11:22:51,2.74,0.01,200,54800,买盘
407,11:22:54,2.73,-0.01,50,13650,卖盘
408,11:23:09,2.73,0.0,46,12558,卖盘
409,11:23:21,2.73,0.0,122,33306,卖盘
410,11:23:45,2.73,0.0,116,31668,卖盘
411,11:23:54,2.73,0.0,84,22932,卖盘
412,11:23:57,2.75,0.02,426,116849,买盘
413,11:24:00,2.73,-0.02,108,29612,卖盘
414,11:24:39,2.74,0.01,73,20002,卖盘
415,11:24:42,2.74,0.0,37,10138,卖盘
416,11:25:00,2.73,-0.01,43,11739,卖盘
417,11:25:42,2.74,0.01,36,9864,买盘
418,11:26:09,2.76,0.02,2100,578557,买盘
419,11:26:30,2.76,0.0,536,148011,买盘
420,11:26:33,2.76,0.0,64,17589,卖盘
421,11:26:36,2.76,0.0,3,828,买盘
422,11:26:42,2.76,0.0,67,18492,买盘
423,11:27:00,2.76,0.0,480,132265,买盘
424,11:27:12,2.76,0.0,260,71760,买盘
425,11:27:24,2.76,0.0,170,46920,买盘
426,11:27:39,2.75,-0.01,6,1650,卖盘
427,11:27:48,2.76,0.01,144,39819,买盘
428,11:27:51,2.76,0.0,146,40296,卖盘
429,11:27:54,2.76,0.0,1,276,卖盘
430,11:27:57,2.76,0.0,4,1104,卖盘
431,11:28:00,2.76,0.0,9,2484,卖盘
432,11:28:03,2.76,0.0,11,3036,卖盘
433,11:28:06,2.76,0.0,13,3588,卖盘
434,11:28:09,2.76,0.0,20,5520,卖盘
435,11:28:12,2.76,0.0,18,4968,卖盘
436,11:28:15,2.76,0.0,25,6900,卖盘
437,11:28:18,2.76,0.0,119,32844,卖盘
438,11:28:21,2.76,0.0,17,4692,卖盘
439,11:28:24,2.76,0.0,12,3312,卖盘
440,11:28:27,2.76,0.0,130,35990,卖盘
441,11:28:30,2.76,0.0,2,552,卖盘
442,11:28:36,2.76,0.0,108,29808,卖盘
443,11:28:39,2.76,0.0,1,276,卖盘
444,11:28:45,2.76,0.0,150,41325,卖盘
445,11:29:12,2.76,0.0,27,7452,买盘
446,11:29:22,2.76,0.0,130,35880,买盘
447,11:29:39,2.76,0.0,43,11868,买盘
448,13:00:04,2.75,-0.01,586,161618,卖盘
449,13:01:21,2.75,0.0,500,137500,买盘
450,13:01:27,2.75,0.0,18,4950,买盘
451,13:02:06,2.75,0.0,1,275,卖盘
452,13:02:18,2.75,0.0,3,825,卖盘
453,13:02:36,2.76,0.01,3,828,买盘
454,13:02:57,2.76,0.0,25,6900,买盘
455,13:05:12,2.75,-0.01,100,27500,卖盘
456,13:05:24,2.75,0.0,15,4125,卖盘
457,13:06:15,2.75,0.0,63,17325,卖盘
458,13:06:36,2.75,0.0,25,6875,买盘
459,13:06:39,2.76,0.01,2100,579320,买盘
460,13:06:51,2.74,-0.02,10,2740,卖盘
461,13:07:12,2.75,0.01,10,2750,卖盘
462,13:07:37,2.75,0.0,90,24750,卖盘
463,13:08:00,2.75,0.0,20,5500,买盘
464,13:08:24,2.75,0.0,2,550,买盘
465,13:09:36,2.75,0.0,15,4125,买盘
466,13:10:09,2.75,0.0,14,3850,买盘
467,13:11:34,2.75,0.0,300,82500,买盘
468,13:12:06,2.74,-0.01,24,6576,卖盘
469,13:12:12,2.74,0.0,6,1644,卖盘
470,13:12:19,2.74,0.0,50,13700,卖盘
471,13:12:30,2.75,0.01,99,27225,买盘
472,13:12:36,2.74,-0.01,112,30688,卖盘
473,13:12:46,2.74,0.0,111,30414,卖盘
474,13:12:48,2.74,0.0,74,20276,卖盘
475,13:12:51,2.74,0.0,153,41922,卖盘
476,13:12:54,2.74,0.0,37,10138,卖盘
477,13:13:04,2.74,0.0,88,24112,卖盘
478,13:13:06,2.74,0.0,9,2466,卖盘
479,13:13:15,2.74,0.0,205,56170,卖盘
480,13:13:39,2.74,0.0,389,106586,卖盘
481,13:13:54,2.74,0.0,12,3288,买盘
482,13:14:09,2.74,0.0,63,17262,卖盘
483,13:14:30,2.74,0.0,500,137000,买盘
484,13:14:42,2.74,0.0,20,5480,买盘
485,13:16:21,2.74,0.0,16,4384,买盘
486,13:16:45,2.74,0.0,71,19454,买盘
487,13:17:27,2.74,0.0,118,32332,买盘
488,13:18:00,2.74,0.0,37,10138,卖盘
489,13:18:27,2.73,-0.01,90,24570,卖盘
490,13:18:30,2.73,0.0,75,20475,卖盘
491,13:18:51,2.73,0.0,50,13650,卖盘
492,13:18:54,2.74,0.01,8,2192,买盘
493,13:18:57,2.73,-0.01,103,28119,卖盘
494,13:19:03,2.73,0.0,39,10647,卖盘
495,13:19:06,2.73,0.0,77,21021,卖盘
496,13:19:15,2.73,0.0,76,20748,卖盘
497,13:19:18,2.73,0.0,74,20202,卖盘
498,13:19:27,2.73,0.0,73,19929,卖盘
499,13:19:30,2.73,0.0,71,19383,卖盘
500,13:19:36,2.73,0.0,70,19110,卖盘
501,13:19:39,2.73,0.0,68,18564,卖盘
502,13:19:42,2.73,0.0,101,27573,卖盘
503,13:20:24,2.73,0.0,163,44499,卖盘
504,13:20:27,2.73,0.0,93,25389,卖盘
505,13:20:30,2.73,0.0,90,24570,卖盘
506,13:20:33,2.73,0.0,87,23751,卖盘
507,13:21:03,2.73,0.0,85,23205,卖盘
508,13:21:06,2.73,0.0,140,38220,卖盘
509,13:21:48,2.73,0.0,3,819,买盘
510,13:22:12,2.73,0.0,1,273,买盘
511,13:22:16,2.72,-0.01,66,17952,卖盘
512,13:22:18,2.72,0.0,43,11696,卖盘
513,13:22:31,2.72,0.0,108,29442,卖盘
514,13:22:33,2.72,0.0,62,16864,卖盘
515,13:22:36,2.72,0.0,60,16320,卖盘
516,13:22:39,2.72,0.0,39,10608,卖盘
517,13:22:42,2.72,0.0,5,1360,卖盘
518,13:22:57,2.72,0.0,38,10336,卖盘
519,13:23:00,2.73,0.01,68,18508,买盘
520,13:23:09,2.72,-0.01,54,14688,卖盘
521,13:23:21,2.72,0.0,35,9520,卖盘
522,13:23:24,2.72,0.0,134,36548,卖盘
523,13:23:33,2.72,0.0,50,13600,卖盘
524,13:23:36,2.72,0.0,16,4352,卖盘
525,13:23:39,2.72,0.0,32,8704,卖盘
526,13:23:46,2.73,0.01,7,1911,买盘
527,13:24:27,2.72,-0.01,45,12240,卖盘
528,13:24:33,2.72,0.0,29,7888,卖盘
529,13:24:36,2.72,0.0,70,19040,卖盘
530,13:24:39,2.72,0.0,41,11152,卖盘
531,13:24:48,2.72,0.0,26,7072,卖盘
532,13:24:54,2.72,0.0,38,10336,卖盘
533,13:25:18,2.72,0.0,4,1088,卖盘
534,13:25:27,2.72,0.0,61,16592,卖盘
535,13:25:36,2.72,0.0,24,6528,卖盘
536,13:26:21,2.73,0.01,237,64701,买盘
537,13:26:27,2.72,-0.01,12,3264,卖盘
538,13:29:24,2.73,0.01,30,8190,买盘
539,13:29:33,2.73,0.0,121,33033,买盘
540,13:30:09,2.74,0.01,10,2740,买盘
541,13:30:57,2.73,-0.01,1,273,卖盘
542,13:31:27,2.73,0.0,400,109200,卖盘
543,13:32:18,2.73,0.0,193,52689,卖盘
544,13:32:45,2.73,0.0,1,273,买盘
545,13:33:45,2.73,0.0,37,10101,买盘
546,13:33:54,2.73,0.0,30,8190,买盘
547,13:34:39,2.73,0.0,64,17472,买盘
548,13:35:22,2.73,0.0,30,8190,卖盘
549,13:35:27,2.74,0.01,9,2466,买盘
550,13:37:06,2.73,-0.01,5,1365,卖盘
551,13:37:15,2.73,0.0,10,2730,卖盘
552,13:37:48,2.73,0.0,52,14196,卖盘
553,13:37:51,2.73,0.0,24,6552,卖盘
554,13:37:54,2.73,0.0,113,30849,卖盘
555,13:38:00,2.73,0.0,49,13377,卖盘
556,13:38:04,2.73,0.0,28,7644,卖盘
557,13:38:42,2.73,0.0,20,5460,买盘
558,13:38:51,2.72,-0.01,1,272,卖盘
559,13:39:58,2.72,0.0,10,2720,卖盘
560,13:41:12,2.73,0.01,227,61971,买盘
561,13:41:48,2.73,0.0,60,16380,卖盘
562,13:41:51,2.73,0.0,59,16107,卖盘
563,13:41:54,2.73,0.0,59,16107,卖盘
564,13:41:57,2.73,0.0,86,23478,卖盘
565,13:42:09,2.73,0.0,28,7644,卖盘
566,13:42:15,2.73,0.0,60,16380,卖盘
567,13:42:22,2.73,0.0,89,24297,卖盘
568,13:42:27,2.73,0.0,500,136500,卖盘
569,13:42:30,2.73,0.0,16,4368,卖盘
570,13:42:33,2.73,0.0,15,4095,卖盘
571,13:42:36,2.73,0.0,303,82864,卖盘
572,13:42:39,2.73,0.0,25,6825,卖盘
573,13:42:42,2.73,0.0,14,3822,卖盘
574,13:42:45,2.73,0.0,111,30303,卖盘
575,13:42:49,2.73,0.0,74,20202,卖盘
576,13:42:51,2.73,0.0,240,65375,卖盘
577,13:43:12,2.72,-0.01,60,16320,卖盘
578,13:43:21,2.72,0.0,63,17136,卖盘
579,13:43:24,2.72,0.0,61,16592,卖盘
580,13:43:30,2.72,0.0,60,16320,卖盘
581,13:43:36,2.72,0.0,59,16048,卖盘
582,13:43:39,2.72,0.0,58,15776,卖盘
583,13:43:48,2.72,0.0,29,7888,卖盘
584,13:43:51,2.72,0.0,29,7888,卖盘
585,13:44:04,2.72,0.0,55,14960,卖盘
586,13:44:18,2.72,0.0,51,13872,卖盘
587,13:44:24,2.72,0.0,71,19312,卖盘
588,13:44:27,2.72,0.0,47,12784,卖盘
589,13:44:54,2.72,0.0,1,272,卖盘
590,13:45:09,2.72,0.0,112,30464,卖盘
591,13:45:12,2.72,0.0,43,11696,卖盘
592,13:45:18,2.72,0.0,153,41616,卖盘
593,13:45:22,2.72,0.0,95,25840,卖盘
594,13:46:18,2.72,0.0,88,23936,卖盘
595,13:47:24,2.72,0.0,84,22848,卖盘
596,13:47:51,2.72,0.0,128,34817,卖盘
597,13:47:54,2.72,0.0,30,8160,卖盘
598,13:48:27,2.72,0.0,72,19584,卖盘
599,13:49:18,2.72,0.0,67,18224,卖盘
600,13:49:21,2.72,0.0,67,18224,卖盘
601,13:49:48,2.73,0.01,4,1092,买盘
602,13:50:04,2.72,-0.01,37,10064,卖盘
603,13:50:06,2.72,0.0,97,26384,卖盘
604,13:50:09,2.72,0.0,56,15232,卖盘
605,13:50:12,2.72,0.0,31,8432,卖盘
606,13:50:15,2.72,0.0,21,5712,卖盘
607,13:51:00,2.72,0.0,49,13328,卖盘
608,13:51:03,2.72,0.0,22,5984,卖盘
609,13:51:15,2.73,0.01,78,21294,买盘
610,13:51:30,2.72,-0.01,27,7344,卖盘
611,13:52:04,2.73,0.01,41,11193,买盘
612,13:52:12,2.73,0.0,1,273,买盘
613,13:52:15,2.73,0.0,287,78306,买盘
614,13:52:18,2.72,-0.01,17,4624,卖盘
615,13:52:21,2.72,0.0,25,6800,卖盘
616,13:53:15,2.72,0.0,24,6528,卖盘
617,13:53:18,2.72,0.0,16,4352,卖盘
618,13:53:21,2.72,0.0,15,4080,卖盘
619,13:54:21,2.73,0.01,107,29211,买盘
620,13:56:00,2.72,-0.01,10,2720,卖盘
621,13:57:04,2.72,0.0,90,24480,卖盘
622,13:57:15,2.72,0.0,37,10064,卖盘
623,13:57:18,2.72,0.0,72,19584,卖盘
624,13:59:15,2.73,0.01,20,5460,买盘
625,13:59:24,2.72,-0.01,79,21488,卖盘
626,13:59:33,2.72,0.0,68,18496,卖盘
627,13:59:36,2.73,0.01,52,14196,买盘
628,14:00:48,2.73,0.0,5,1365,买盘
629,14:01:33,2.72,-0.01,19,5168,卖盘
630,14:01:36,2.72,0.0,74,20128,卖盘
631,14:05:15,2.72,0.0,53,14416,卖盘
632,14:05:36,2.72,0.0,15,4080,卖盘
633,14:06:48,2.72,0.0,54,14688,卖盘
634,14:06:52,2.72,0.0,54,14688,卖盘
635,14:06:55,2.73,0.01,50,13650,买盘
636,14:07:00,2.73,0.0,15,4095,买盘
637,14:07:06,2.73,0.0,125,34125,买盘
638,14:07:42,2.73,0.0,10,2730,买盘
639,14:07:54,2.73,0.0,442,120666,买盘
640,14:08:00,2.73,0.0,37,10101,买盘
641,14:08:04,2.73,0.0,48,13104,买盘
642,14:08:30,2.73,0.0,38,10374,买盘
643,14:08:33,2.73,0.0,14,3822,买盘
644,14:08:39,2.73,0.0,150,40950,买盘
645,14:09:06,2.74,0.01,10,2740,买盘
646,14:09:21,2.74,0.0,1,274,买盘
647,14:09:42,2.73,-0.01,35,9555,卖盘
648,14:09:51,2.73,0.0,241,65793,卖盘
649,14:10:57,2.72,-0.01,5,1360,卖盘
650,14:11:16,2.73,0.01,20,5460,买盘
651,14:11:46,2.73,0.0,50,13650,买盘
652,14:12:24,2.73,0.0,8,2184,买盘
653,14:12:39,2.73,0.0,40,10920,买盘
654,14:12:42,2.73,0.0,6,1638,买盘
655,14:12:51,2.73,0.0,10,2730,买盘
656,14:17:54,2.73,0.0,20,5460,买盘
657,14:18:57,2.72,-0.01,97,26384,卖盘
658,14:19:00,2.73,0.01,10,2730,买盘
659,14:19:04,2.73,0.0,10,2730,买盘
660,14:21:12,2.72,-0.01,1,272,卖盘
661,14:21:18,2.72,0.0,190,51680,卖盘
662,14:22:48,2.72,0.0,60,16320,卖盘
663,14:22:54,2.72,0.0,287,78064,卖盘
664,14:23:19,2.72,0.0,126,34272,卖盘
665,14:23:21,2.72,0.0,126,34272,卖盘
666,14:23:24,2.73,0.01,129,35104,买盘
667,14:24:06,2.72,-0.01,173,47056,卖盘
668,14:24:27,2.72,0.0,5,1360,卖盘
669,14:24:30,2.72,0.0,296,80512,卖盘
670,14:24:57,2.72,0.0,76,20672,卖盘
671,14:25:00,2.72,0.0,84,22848,卖盘
672,14:25:03,2.72,0.0,96,26112,卖盘
673,14:25:06,2.72,0.0,1,272,卖盘
674,14:25:30,2.71,-0.01,71,19241,卖盘
675,14:26:12,2.71,0.0,58,15718,卖盘
676,14:26:15,2.71,0.0,58,15718,卖盘
677,14:26:18,2.71,0.0,52,14092,卖盘
678,14:26:21,2.71,0.0,487,131977,卖盘
679,14:26:24,2.72,0.01,1049,285279,买盘
680,14:26:30,2.72,0.0,42,11424,买盘
681,14:26:33,2.71,-0.01,45,12195,卖盘
682,14:27:24,2.71,0.0,72,19512,卖盘
683,14:27:30,2.71,0.0,21,5691,卖盘
684,14:27:33,2.71,0.0,39,10569,卖盘
685,14:27:39,2.71,0.0,300,81300,卖盘
686,14:28:15,2.72,0.01,16,4352,买盘
687,14:28:36,2.72,0.0,200,54400,买盘
688,14:28:49,2.71,-0.01,18,4878,卖盘
689,14:28:52,2.71,0.0,34,9214,卖盘
690,14:28:57,2.71,0.0,82,22222,卖盘
691,14:29:00,2.71,0.0,45,12195,卖盘
692,14:29:03,2.71,0.0,56,15176,卖盘
693,14:29:06,2.71,0.0,37,10027,卖盘
694,14:29:09,2.71,0.0,74,20054,卖盘
695,14:29:21,2.71,0.0,272,73712,卖盘
696,14:29:55,2.71,0.0,135,36585,卖盘
697,14:30:21,2.71,0.0,250,67750,卖盘
698,14:31:06,2.72,0.01,18,4896,买盘
699,14:32:06,2.71,-0.01,90,24390,卖盘
700,14:32:10,2.72,0.01,1,272,买盘
701,14:33:33,2.72,0.0,20,5440,买盘
702,14:33:45,2.72,0.0,55,14960,买盘
703,14:34:27,2.72,0.0,231,62832,买盘
704,14:34:36,2.72,0.0,498,135456,卖盘
705,14:35:03,2.73,0.01,6,1638,买盘
706,14:36:00,2.73,0.0,7,1911,买盘
707,14:36:15,2.72,-0.01,4,1088,卖盘
708,14:36:21,2.72,0.0,16,4352,卖盘
709,14:36:42,2.73,0.01,1,273,买盘
710,14:37:06,2.73,0.0,16,4368,买盘
711,14:37:12,2.73,0.0,10,2730,买盘
712,14:37:24,2.73,0.0,10,2730,买盘
713,14:38:15,2.73,0.0,7,1911,买盘
714,14:38:39,2.72,-0.01,45,12240,卖盘
715,14:39:18,2.73,0.01,6,1638,买盘
716,14:40:27,2.73,0.0,7,1911,买盘
717,14:40:33,2.72,-0.01,300,81600,卖盘
718,14:40:39,2.72,0.0,1,272,卖盘
719,14:41:13,2.73,0.01,59,16104,买盘
720,14:41:19,2.72,-0.01,281,76432,卖盘
721,14:41:22,2.73,0.01,56,15288,买盘
722,14:41:25,2.72,-0.01,231,62832,卖盘
723,14:41:31,2.72,0.0,317,86224,买盘
724,14:41:40,2.72,0.0,127,34544,买盘
725,14:41:42,2.71,-0.01,446,120972,卖盘
726,14:41:46,2.72,0.01,60,16320,买盘
727,14:41:51,2.72,0.0,40,10880,买盘
728,14:42:00,2.72,0.0,295,80240,买盘
729,14:42:12,2.72,0.0,392,106624,卖盘
730,14:42:36,2.73,0.01,7,1911,买盘
731,14:42:48,2.72,-0.01,33,8976,卖盘
732,14:43:12,2.72,0.0,14,3808,买盘
733,14:43:28,2.72,0.0,2,544,买盘
734,14:43:33,2.72,0.0,8,2176,买盘
735,14:43:36,2.72,0.0,10,2720,买盘
736,14:43:46,2.72,0.0,183,49776,买盘
737,14:44:12,2.71,-0.01,1,271,卖盘
738,14:44:15,2.72,0.01,138,37536,买盘
739,14:44:24,2.72,0.0,40,10880,买盘
740,14:44:27,2.72,0.0,103,28016,买盘
741,14:44:30,2.72,0.0,18,4896,买盘
742,14:44:33,2.72,0.0,77,20944,买盘
743,14:44:39,2.72,0.0,58,15776,买盘
744,14:44:43,2.72,0.0,7,1904,买盘
745,14:44:51,2.72,0.0,176,47872,买盘
746,14:45:09,2.72,0.0,20,5440,买盘
747,14:45:36,2.71,-0.01,26,7046,卖盘
748,14:45:45,2.72,0.01,8,2176,买盘
749,14:46:18,2.71,-0.01,2,542,卖盘
750,14:46:34,2.72,0.01,15,4080,买盘
751,14:46:37,2.72,0.0,227,61744,买盘
752,14:46:54,2.73,0.01,7,1911,买盘
753,14:47:57,2.72,-0.01,22,5984,卖盘
754,14:48:00,2.73,0.01,8,2184,买盘
755,14:48:42,2.73,0.0,8,2184,买盘
756,14:48:45,2.73,0.0,2,546,买盘
757,14:49:27,2.72,-0.01,244,66368,卖盘
758,14:49:34,2.72,0.0,10,2720,卖盘
759,14:49:37,2.72,0.0,40,10880,卖盘
760,14:49:39,2.72,0.0,220,59840,卖盘
761,14:49:42,2.73,0.01,224,60978,买盘
762,14:49:45,2.72,-0.01,88,23943,卖盘
763,14:50:13,2.71,-0.01,82,22222,卖盘
764,14:50:15,2.71,0.0,111,30081,卖盘
765,14:50:18,2.71,0.0,168,45528,卖盘
766,14:50:21,2.71,0.0,56,15176,卖盘
767,14:50:24,2.71,0.0,61,16531,卖盘
768,14:50:33,2.72,0.01,5,1360,买盘
769,14:50:36,2.71,-0.01,102,27642,卖盘
770,14:50:42,2.71,0.0,36,9756,卖盘
771,14:50:48,2.72,0.01,3,816,买盘
772,14:50:51,2.71,-0.01,33,8943,卖盘
773,14:50:57,2.71,0.0,61,16531,卖盘
774,14:51:06,2.72,0.01,12,3264,买盘
775,14:51:15,2.71,-0.01,41,11111,卖盘
776,14:51:27,2.72,0.01,65,17680,买盘
777,14:51:39,2.72,0.0,767,208624,买盘
778,14:52:01,2.71,-0.01,5,1355,卖盘
779,14:52:22,2.71,0.0,58,15768,卖盘
780,14:52:25,2.72,0.01,94,25568,买盘
781,14:52:57,2.72,0.0,3,816,卖盘
782,14:53:19,2.73,0.01,29,7917,买盘
783,14:53:39,2.72,-0.01,97,26384,卖盘
784,14:53:54,2.73,0.01,25,6825,买盘
785,14:54:33,2.73,0.0,7,1911,买盘
786,14:55:06,2.73,0.0,37,10101,买盘
787,14:55:15,2.72,-0.01,50,13600,卖盘
788,14:55:33,2.72,0.0,100,27200,卖盘
789,14:56:15,2.72,0.0,120,32640,卖盘
790,14:56:21,2.72,0.0,39,10608,卖盘
791,14:56:24,2.73,0.01,35,9555,买盘
792,14:56:27,2.72,-0.01,100,27200,卖盘
793,14:56:30,2.72,0.0,38,10336,卖盘
794,15:00:04,2.72,0.0,1075,292400,卖盘
