,time,price,change,volume,amount,type
0,09:25:04,18.03,-0.12,105,189315,卖盘
1,09:30:05,18.04,0.01,20,36080,买盘
2,09:30:07,18.04,0.0,72,129965,卖盘
3,09:30:10,18.06,0.02,4,7224,卖盘
4,09:30:13,18.09,0.03,3,5427,买盘
5,09:30:16,18.09,0.0,11,19899,买盘
6,09:30:25,18.09,0.0,8,14468,买盘
7,09:30:34,18.13,0.04,13,23549,买盘
8,09:30:40,18.09,-0.04,16,29000,卖盘
9,09:30:49,18.09,0.0,5,9053,卖盘
10,09:30:55,18.09,0.0,5,9061,卖盘
11,09:30:58,18.13,0.04,3,5439,买盘
12,09:31:16,18.12,-0.01,4,7251,中性盘
13,09:31:19,18.12,0.0,4,7246,买盘
14,09:31:25,18.1,-0.02,2,3620,卖盘
15,09:31:28,18.12,0.02,31,56172,买盘
16,09:31:40,18.11,-0.01,25,45293,卖盘
17,09:31:43,18.13,0.02,6,10878,买盘
18,09:31:46,18.12,-0.01,1,1812,卖盘
19,09:31:49,18.13,0.01,11,19933,买盘
20,09:31:52,18.13,0.0,4,7252,买盘
21,09:31:55,18.13,0.0,6,10878,卖盘
22,09:32:01,18.13,0.0,2,3626,卖盘
23,09:32:10,18.13,0.0,5,9065,卖盘
24,09:32:16,18.14,0.01,1,1814,买盘
25,09:32:25,18.14,0.0,1,1814,卖盘
26,09:32:37,18.14,0.0,12,21768,卖盘
27,09:32:43,18.15,0.01,1,1815,买盘
28,09:32:46,18.14,-0.01,3,5443,卖盘
29,09:32:49,18.15,0.01,15,27221,买盘
30,09:32:55,18.14,-0.01,26,47184,卖盘
31,09:32:58,18.14,0.0,22,39908,卖盘
32,09:33:13,18.15,0.01,16,29037,买盘
33,09:33:19,18.15,0.0,2,3630,买盘
34,09:33:25,18.14,-0.01,2,3628,卖盘
35,09:33:34,18.13,-0.01,10,18130,卖盘
36,09:33:43,18.15,0.02,1,1815,买盘
37,09:33:46,18.15,0.0,8,14518,买盘
38,09:33:58,18.15,0.0,40,72600,卖盘
39,09:34:04,18.14,-0.01,1,1814,中性盘
40,09:34:07,18.13,-0.01,23,41699,卖盘
41,09:34:10,18.13,0.0,4,7252,买盘
42,09:34:13,18.13,0.0,14,25376,买盘
43,09:34:16,18.13,0.0,2,3626,买盘
44,09:34:22,18.11,-0.02,12,21734,卖盘
45,09:34:31,18.1,-0.01,10,18104,卖盘
46,09:34:43,18.09,-0.01,19,34385,卖盘
47,09:34:46,18.06,-0.03,73,131889,卖盘
48,09:34:52,18.06,0.0,1,1806,买盘
49,09:34:58,18.06,0.0,1,1806,买盘
50,09:35:13,18.06,0.0,10,18060,卖盘
51,09:35:37,18.11,0.05,12,21732,卖盘
52,09:35:49,18.13,0.02,3,5438,买盘
53,09:36:01,18.11,-0.02,2,3622,买盘
54,09:36:10,18.12,0.01,6,10871,买盘
55,09:36:16,18.12,0.0,7,12684,卖盘
56,09:36:19,18.13,0.01,18,32634,买盘
57,09:36:22,18.09,-0.04,71,128633,卖盘
58,09:36:25,18.12,0.03,2,3622,买盘
59,09:36:31,18.1,-0.02,1,1810,买盘
60,09:36:34,18.15,0.05,50,90679,买盘
61,09:36:46,18.15,0.0,1,1815,买盘
62,09:36:55,18.12,-0.03,10,18120,卖盘
63,09:36:58,18.12,0.0,11,19962,中性盘
64,09:37:04,18.15,0.03,1,1815,买盘
65,09:37:13,18.14,-0.01,5,9066,买盘
66,09:37:16,18.14,0.0,2,3628,买盘
67,09:37:19,18.13,-0.01,2,3626,卖盘
68,09:37:22,18.12,-0.01,63,114170,卖盘
69,09:37:25,18.14,0.02,5,9070,买盘
70,09:37:28,18.1,-0.04,2,3622,卖盘
71,09:37:31,18.13,0.03,5,9063,买盘
72,09:37:40,18.12,-0.01,1,1812,买盘
73,09:37:43,18.12,0.0,1,1812,买盘
74,09:37:46,18.12,0.0,3,5436,中性盘
75,09:37:49,18.1,-0.02,38,68780,卖盘
76,09:37:52,18.1,0.0,12,21720,卖盘
77,09:37:55,18.11,0.01,2,3622,卖盘
78,09:38:01,18.11,0.0,2,3622,买盘
79,09:38:04,18.11,0.0,2,3622,买盘
80,09:38:07,18.1,-0.01,7,12671,卖盘
81,09:38:10,18.11,0.01,6,10865,买盘
82,09:38:16,18.1,-0.01,3,5431,卖盘
83,09:38:19,18.1,0.0,21,38010,卖盘
84,09:38:22,18.09,-0.01,34,61506,卖盘
85,09:38:31,18.1,0.01,2,3619,买盘
86,09:38:34,18.1,0.0,1,1810,买盘
87,09:38:37,18.1,0.0,3,5430,买盘
88,09:38:43,18.09,-0.01,8,14472,卖盘
89,09:38:46,18.09,0.0,1,1809,买盘
90,09:38:52,18.09,0.0,1,1809,买盘
91,09:38:58,18.09,0.0,2,3618,买盘
92,09:39:01,18.08,-0.01,9,16272,卖盘
93,09:39:07,18.08,0.0,10,18080,卖盘
94,09:39:13,18.09,0.01,3,5427,买盘
95,09:39:16,18.09,0.0,2,3618,买盘
96,09:39:22,18.08,-0.01,30,54248,卖盘
97,09:39:37,18.08,0.0,1,1808,买盘
98,09:39:40,18.08,0.0,2,3616,买盘
99,09:39:43,18.08,0.0,1,1808,买盘
100,09:39:46,18.08,0.0,80,144585,买盘
101,09:39:58,18.06,-0.02,35,63216,卖盘
102,09:40:10,18.08,0.02,2,3616,买盘
103,09:40:13,18.08,0.0,18,32544,买盘
104,09:40:16,18.08,0.0,7,12656,买盘
105,09:40:19,18.08,0.0,3,5424,卖盘
106,09:40:31,18.1,0.02,1,1810,买盘
107,09:40:34,18.1,0.0,2,3620,买盘
108,09:40:37,18.08,-0.02,1,1808,卖盘
109,09:40:40,18.1,0.02,3,5430,买盘
110,09:41:01,18.09,-0.01,1,1809,买盘
111,09:41:07,18.1,0.01,17,30770,买盘
112,09:41:19,18.12,0.02,40,72473,买盘
113,09:41:25,18.1,-0.02,4,7241,卖盘
114,09:41:28,18.1,0.0,2,3620,买盘
115,09:41:34,18.1,0.0,5,9050,买盘
116,09:41:37,18.1,0.0,1,1810,买盘
117,09:41:49,18.1,0.0,1,1810,买盘
118,09:42:07,18.1,0.0,18,32597,卖盘
119,09:42:16,18.11,0.01,4,7244,买盘
120,09:42:19,18.11,0.0,4,7244,买盘
121,09:42:25,18.11,0.0,6,10866,卖盘
122,09:42:28,18.11,0.0,1,1811,买盘
123,09:42:37,18.11,0.0,2,3622,买盘
124,09:42:40,18.11,0.0,1,1811,买盘
125,09:42:55,18.11,0.0,2,3622,卖盘
126,09:43:04,18.11,0.0,1,1811,买盘
127,09:43:07,18.1,-0.01,19,34417,卖盘
128,09:43:10,18.11,0.01,1,1811,中性盘
129,09:43:13,18.11,0.0,5,9055,买盘
130,09:43:16,18.11,0.0,3,5433,买盘
131,09:43:25,18.1,-0.01,7,12670,卖盘
132,09:43:37,18.11,0.01,1,1811,买盘
133,09:43:40,18.11,0.0,1,1811,买盘
134,09:43:43,18.11,0.0,12,21732,买盘
135,09:43:49,18.11,0.0,1,1811,卖盘
136,09:44:04,18.12,0.01,19,34428,买盘
137,09:44:07,18.14,0.02,17,30837,买盘
138,09:44:16,18.13,-0.01,1,1813,买盘
139,09:44:28,18.13,0.0,2,3626,买盘
140,09:44:43,18.13,0.0,1,1813,买盘
141,09:44:46,18.13,0.0,8,14504,买盘
142,09:44:55,18.13,0.0,6,10874,买盘
143,09:45:01,18.13,0.0,3,5439,买盘
144,09:45:04,18.13,0.0,4,7252,卖盘
145,09:45:07,18.13,0.0,20,36260,卖盘
146,09:45:13,18.13,0.0,16,29009,卖盘
147,09:45:16,18.13,0.0,15,27195,卖盘
148,09:45:22,18.11,-0.02,15,27165,卖盘
149,09:45:25,18.11,0.0,1,1811,卖盘
150,09:45:28,18.15,0.04,87,157829,买盘
151,09:45:34,18.15,0.0,13,23595,卖盘
152,09:45:37,18.13,-0.02,1,1813,卖盘
153,09:45:40,18.13,0.0,2,3626,买盘
154,09:45:46,18.13,0.0,1,1813,买盘
155,09:46:04,18.13,0.0,16,29008,买盘
156,09:46:07,18.11,-0.02,20,36297,卖盘
157,09:46:13,18.12,0.01,1,1812,买盘
158,09:46:22,18.12,0.0,24,43465,买盘
159,09:46:25,18.15,0.03,3,5445,卖盘
160,09:46:28,18.15,0.0,15,27225,卖盘
161,09:46:31,18.16,0.01,1,1816,买盘
162,09:46:34,18.15,-0.01,2,3630,卖盘
163,09:46:40,18.16,0.01,15,27240,买盘
164,09:46:43,18.16,0.0,3,5448,卖盘
165,09:46:58,18.17,0.01,2,3635,中性盘
166,09:47:07,18.18,0.01,33,59967,买盘
167,09:47:13,18.18,0.0,2,3636,卖盘
168,09:47:22,18.19,0.01,14,25466,买盘
169,09:47:28,18.2,0.01,10,18192,买盘
170,09:47:31,18.19,-0.01,2,3638,中性盘
171,09:47:40,18.19,0.0,1,1819,买盘
172,09:47:43,18.19,0.0,1,1819,买盘
173,09:47:49,18.19,0.0,11,20009,买盘
174,09:47:52,18.19,0.0,1,1819,卖盘
175,09:47:58,18.19,0.0,26,47294,卖盘
176,09:48:07,18.19,0.0,30,54588,卖盘
177,09:48:10,18.19,0.0,2,3638,买盘
178,09:48:13,18.17,-0.02,12,21809,卖盘
179,09:48:16,18.19,0.02,1,1819,买盘
180,09:48:25,18.18,-0.01,10,18180,买盘
181,09:48:28,18.18,0.0,27,49061,买盘
182,09:48:31,18.2,0.02,170,309261,买盘
183,09:48:37,18.17,-0.03,16,29077,卖盘
184,09:48:40,18.17,0.0,9,16353,买盘
185,09:48:43,18.17,0.0,1,1817,买盘
186,09:48:46,18.17,0.0,2,3634,买盘
187,09:48:55,18.17,0.0,1,1817,买盘
188,09:48:58,18.17,0.0,2,3634,买盘
189,09:49:01,18.17,0.0,2,3634,买盘
190,09:49:07,18.2,0.03,16,29107,买盘
191,09:49:13,18.17,-0.03,2,3634,买盘
192,09:49:19,18.2,0.03,120,218364,买盘
193,09:49:25,18.2,0.0,2,3640,买盘
194,09:49:31,18.17,-0.03,8,14536,卖盘
195,09:49:37,18.17,0.0,4,7268,买盘
196,09:49:40,18.17,0.0,21,38157,买盘
197,09:49:58,18.19,0.02,2,3638,买盘
198,09:50:07,18.2,0.01,1,1820,买盘
199,09:50:10,18.2,0.0,5,9096,买盘
200,09:50:13,18.2,0.0,1,1820,买盘
201,09:50:19,18.2,0.0,2,3640,买盘
202,09:50:22,18.2,0.0,13,23660,买盘
203,09:50:40,18.19,-0.01,1,1819,买盘
204,09:50:43,18.19,0.0,1,1819,买盘
205,09:50:46,18.19,0.0,2,3638,买盘
206,09:50:52,18.19,0.0,2,3638,买盘
207,09:51:01,18.2,0.01,11,20010,买盘
208,09:51:04,18.2,0.0,4,7280,买盘
209,09:51:07,18.2,0.0,28,50960,买盘
210,09:51:10,18.2,0.0,1,1820,买盘
211,09:51:13,18.2,0.0,9,17836,买盘
212,09:51:28,18.21,0.01,3,5463,买盘
213,09:51:43,18.22,0.01,3,5464,买盘
214,09:51:49,18.22,0.0,19,34618,买盘
215,09:51:58,18.22,0.0,17,30974,卖盘
216,09:52:01,18.24,0.02,12,21881,买盘
217,09:52:04,18.24,0.0,1,1824,卖盘
218,09:52:07,18.25,0.01,2,3649,买盘
219,09:52:13,18.23,-0.02,4,7292,卖盘
220,09:52:16,18.26,0.03,45,82133,买盘
221,09:52:19,18.24,-0.02,14,25562,中性盘
222,09:52:25,18.24,0.0,3,5472,买盘
223,09:52:28,18.24,0.0,2,3648,买盘
224,09:52:31,18.24,0.0,5,9120,买盘
225,09:52:34,18.24,0.0,2,3648,买盘
226,09:52:37,18.23,-0.01,7,12763,卖盘
227,09:52:40,18.23,0.0,9,16414,卖盘
228,09:52:43,18.23,0.0,2,3646,买盘
229,09:52:46,18.22,-0.01,2,3644,卖盘
230,09:52:49,18.23,0.01,15,27332,买盘
231,09:52:58,18.22,-0.01,1,1822,买盘
232,09:53:04,18.21,-0.01,2,3642,中性盘
233,09:53:07,18.22,0.01,9,16397,买盘
234,09:53:13,18.22,0.0,2,3644,卖盘
235,09:53:25,18.25,0.03,88,160500,买盘
236,09:53:28,18.25,0.0,12,21900,卖盘
237,09:53:34,18.22,-0.03,1,1822,买盘
238,09:53:37,18.22,0.0,3,5466,买盘
239,09:53:55,18.25,0.03,5,9125,买盘
240,09:53:58,18.25,0.0,1,1825,卖盘
241,09:54:01,18.25,0.0,1,1825,买盘
242,09:54:07,18.23,-0.02,5,9117,卖盘
243,09:54:10,18.25,0.02,1,1825,买盘
244,09:54:13,18.25,0.0,1,1825,买盘
245,09:54:19,18.23,-0.02,8,14584,卖盘
246,09:54:28,18.23,0.0,2,3646,买盘
247,09:54:34,18.25,0.02,30,54723,买盘
248,09:54:40,18.23,-0.02,4,7293,卖盘
249,09:54:46,18.23,0.0,5,9115,卖盘
250,09:54:55,18.22,-0.01,49,89295,卖盘
251,09:54:58,18.24,0.02,76,138565,买盘
252,09:55:01,18.21,-0.03,13,23673,卖盘
253,09:55:07,18.22,0.01,2,3644,中性盘
254,09:55:10,18.21,-0.01,9,16389,卖盘
255,09:55:13,18.23,0.02,37,67385,买盘
256,09:55:19,18.19,-0.04,7,12737,卖盘
257,09:55:28,18.18,-0.01,11,20005,卖盘
258,09:55:31,18.19,0.01,2,3638,中性盘
259,09:55:37,18.2,0.01,2,3640,买盘
260,09:55:40,18.2,0.0,6,10920,买盘
261,09:55:43,18.18,-0.02,100,181850,卖盘
262,09:55:46,18.2,0.02,2,3640,买盘
263,09:55:49,18.2,0.0,12,21840,卖盘
264,09:56:10,18.2,0.0,5,9100,卖盘
265,09:56:13,18.22,0.02,3,5466,买盘
266,09:56:16,18.22,0.0,1,1822,买盘
267,09:56:19,18.18,-0.04,47,85492,卖盘
268,09:56:31,18.22,0.04,2,3644,买盘
269,09:56:34,18.22,0.0,1,1822,买盘
270,09:56:37,18.22,0.0,1,1822,买盘
271,09:56:58,18.22,0.0,3,5466,买盘
272,09:57:04,18.22,0.0,1,1822,买盘
273,09:57:07,18.22,0.0,1,1822,买盘
274,09:57:10,18.22,0.0,12,21864,买盘
275,09:57:28,18.22,0.0,4,7288,买盘
276,09:57:37,18.21,-0.01,1,1821,买盘
277,09:57:40,18.21,0.0,5,9105,买盘
278,09:57:55,18.2,-0.01,5,9100,卖盘
279,09:57:58,18.21,0.01,14,25494,买盘
280,09:58:04,18.21,0.0,4,7284,卖盘
281,09:58:25,18.22,0.01,3,5466,买盘
282,09:58:28,18.21,-0.01,11,20031,卖盘
283,09:58:37,18.22,0.01,19,34618,买盘
284,09:58:55,18.23,0.01,5,9115,买盘
285,09:59:07,18.23,0.0,6,10938,卖盘
286,09:59:10,18.23,0.0,2,3646,买盘
287,09:59:16,18.24,0.01,30,54709,买盘
288,09:59:19,18.22,-0.02,5,9110,卖盘
289,09:59:25,18.24,0.02,1,1824,买盘
290,09:59:31,18.24,0.0,10,18240,买盘
291,09:59:34,18.24,0.0,5,9120,卖盘
292,09:59:43,18.23,-0.01,2,3646,买盘
293,09:59:49,18.23,0.0,3,5469,买盘
294,09:59:55,18.23,0.0,1,1823,买盘
295,10:00:01,18.23,0.0,2,3646,卖盘
296,10:00:16,18.23,0.0,4,7292,卖盘
297,10:00:19,18.23,0.0,6,10938,卖盘
298,10:00:22,18.23,0.0,1,1823,卖盘
299,10:00:25,18.23,0.0,3,5469,卖盘
300,10:00:28,18.23,0.0,3,5469,卖盘
301,10:00:52,18.22,-0.01,69,125719,卖盘
302,10:00:58,18.21,-0.01,1,1821,卖盘
303,10:01:04,18.21,0.0,10,18210,卖盘
304,10:01:07,18.19,-0.02,59,107408,卖盘
305,10:01:10,18.17,-0.02,37,65818,卖盘
306,10:01:13,18.2,0.03,30,54599,买盘
307,10:01:16,18.19,-0.01,3,5455,买盘
308,10:01:19,18.18,-0.01,2,3636,中性盘
309,10:01:22,18.17,-0.01,2,3634,卖盘
310,10:01:37,18.17,0.0,18,34170,卖盘
311,10:01:40,18.17,0.0,1,1817,买盘
312,10:01:46,18.15,-0.02,50,90789,卖盘
313,10:01:52,18.15,0.0,1,1815,卖盘
314,10:01:55,18.17,0.02,2,3634,买盘
315,10:02:19,18.15,-0.02,9,16335,卖盘
316,10:02:22,18.15,0.0,2,3630,买盘
317,10:02:25,18.15,0.0,5,9075,买盘
318,10:02:34,18.15,0.0,1,1815,买盘
319,10:02:40,18.15,0.0,3,5445,卖盘
320,10:02:49,18.15,0.0,10,18150,卖盘
321,10:02:55,18.16,0.01,6,10891,中性盘
322,10:03:07,18.17,0.01,10,18165,买盘
323,10:03:28,18.17,0.0,12,21804,买盘
324,10:03:31,18.16,-0.01,2,3632,卖盘
325,10:03:34,18.17,0.01,3,5451,买盘
326,10:03:37,18.17,0.0,15,27255,买盘
327,10:03:52,18.16,-0.01,50,90800,卖盘
328,10:04:04,18.16,0.0,1,1816,卖盘
329,10:04:13,18.17,0.01,1,1817,买盘
330,10:04:40,18.16,-0.01,9,16344,卖盘
331,10:04:43,18.17,0.01,29,51239,买盘
332,10:05:04,18.17,0.0,1,1817,卖盘
333,10:05:07,18.17,0.0,6,12356,卖盘
334,10:06:10,18.16,-0.01,20,36330,卖盘
335,10:06:19,18.16,0.0,1,1816,卖盘
336,10:06:43,18.16,0.0,1,1816,卖盘
337,10:06:49,18.16,0.0,5,9080,卖盘
338,10:06:55,18.16,0.0,6,10896,卖盘
339,10:07:07,18.16,0.0,27,49032,卖盘
340,10:07:13,18.15,-0.01,20,36300,卖盘
341,10:07:25,18.14,-0.01,2,3628,卖盘
342,10:07:28,18.13,-0.01,5,9065,卖盘
343,10:07:37,18.13,0.0,5,9065,卖盘
344,10:07:40,18.13,0.0,1,1813,卖盘
345,10:07:43,18.13,0.0,10,18130,卖盘
346,10:07:55,18.11,-0.02,20,36224,卖盘
347,10:08:16,18.11,0.0,2,3622,卖盘
348,10:08:22,18.11,0.0,6,10866,卖盘
349,10:08:31,18.1,-0.01,37,66970,卖盘
350,10:08:40,18.1,0.0,9,16290,买盘
351,10:08:43,18.09,-0.01,15,27135,卖盘
352,10:08:46,18.09,0.0,8,14472,卖盘
353,10:08:49,18.09,0.0,5,9045,买盘
354,10:08:52,18.1,0.01,9,16282,买盘
355,10:08:55,18.1,0.0,5,9050,买盘
356,10:09:07,18.09,-0.01,3,5427,卖盘
357,10:09:13,18.1,0.01,2,3619,买盘
358,10:09:22,18.08,-0.02,34,61481,卖盘
359,10:09:28,18.08,0.0,28,50636,卖盘
360,10:09:31,18.08,0.0,36,65088,卖盘
361,10:09:37,18.07,-0.01,2,3614,卖盘
362,10:09:40,18.07,0.0,3,5421,卖盘
363,10:09:43,18.07,0.0,3,5421,买盘
364,10:09:49,18.06,-0.01,2,3612,卖盘
365,10:09:52,18.06,0.0,8,14448,卖盘
366,10:09:55,18.06,0.0,30,54180,卖盘
367,10:10:04,18.07,0.01,2,3614,买盘
368,10:10:07,18.07,0.0,20,36140,卖盘
369,10:10:10,18.07,0.0,4,7228,卖盘
370,10:10:22,18.08,0.01,72,129326,买盘
371,10:10:40,18.09,0.01,1,1809,买盘
372,10:10:43,18.09,0.0,1,1809,卖盘
373,10:10:55,18.1,0.01,2,3620,买盘
374,10:10:58,18.08,-0.02,16,28928,卖盘
375,10:11:01,18.08,0.0,14,26162,卖盘
376,10:11:16,18.08,0.0,14,24462,买盘
377,10:11:25,18.08,0.0,12,21696,卖盘
378,10:11:28,18.08,0.0,6,10848,卖盘
379,10:11:31,18.1,0.02,14,25332,买盘
380,10:11:34,18.1,0.0,3,5430,买盘
381,10:11:43,18.1,0.0,4,7240,买盘
382,10:11:46,18.11,0.01,50,90550,买盘
383,10:12:19,18.1,-0.01,1,1810,买盘
384,10:12:37,18.1,0.0,1,1810,卖盘
385,10:12:46,18.11,0.01,30,54330,买盘
386,10:12:49,18.11,0.0,10,18110,买盘
387,10:12:52,18.11,0.0,1,1811,买盘
388,10:12:58,18.11,0.0,1,1811,买盘
389,10:13:22,18.11,0.0,2,3622,买盘
390,10:13:25,18.11,0.0,1,1811,买盘
391,10:13:28,18.11,0.0,1,1811,买盘
392,10:13:46,18.11,0.0,2,3622,买盘
393,10:13:49,18.11,0.0,20,36220,买盘
394,10:13:52,18.11,0.0,1,1811,买盘
395,10:13:55,18.11,0.0,2,3621,买盘
396,10:14:07,18.08,-0.03,20,36191,卖盘
397,10:14:28,18.11,0.03,2,3622,买盘
398,10:14:52,18.1,-0.01,2,3620,买盘
399,10:15:01,18.11,0.01,1,1811,买盘
400,10:15:22,18.11,0.0,1,1811,买盘
401,10:15:25,18.11,0.0,1,1811,买盘
402,10:15:28,18.11,0.0,16,28974,买盘
403,10:15:31,18.09,-0.02,1,1809,卖盘
404,10:15:46,18.1,0.01,1,1810,买盘
405,10:16:01,18.1,0.0,3,5430,卖盘
406,10:16:28,18.11,0.01,1,1811,买盘
407,10:16:49,18.11,0.0,28,50708,买盘
408,10:17:01,18.11,0.0,20,36220,买盘
409,10:17:07,18.09,-0.02,1,1809,卖盘
410,10:17:13,18.11,0.02,1,1811,买盘
411,10:17:25,18.11,0.0,2,3621,买盘
412,10:17:28,18.11,0.0,1,1811,买盘
413,10:17:49,18.11,0.0,4,7244,买盘
414,10:17:58,18.13,0.02,1,1813,买盘
415,10:18:22,18.13,0.0,1,1813,买盘
416,10:18:31,18.13,0.0,12,21756,买盘
417,10:18:58,18.14,0.01,1,1814,买盘
418,10:19:10,18.11,-0.03,6,10866,卖盘
419,10:19:19,18.11,0.0,1,1811,买盘
420,10:19:28,18.11,0.0,1,1811,买盘
421,10:19:37,18.1,-0.01,24,43078,卖盘
422,10:19:49,18.09,-0.01,22,39813,卖盘
423,10:19:55,18.11,0.02,1,1811,买盘
424,10:19:58,18.11,0.0,2,3622,买盘
425,10:20:13,18.11,0.0,6,10866,卖盘
426,10:20:28,18.1,-0.01,1,1810,买盘
427,10:20:34,18.09,-0.01,5,9045,卖盘
428,10:20:40,18.1,0.01,3,5430,买盘
429,10:20:52,18.09,-0.01,7,13026,卖盘
430,10:20:55,18.08,-0.01,16,28943,卖盘
431,10:21:25,18.09,0.01,1,1809,买盘
432,10:21:33,18.09,0.0,10,17728,买盘
433,10:21:49,18.09,0.0,11,19899,卖盘
434,10:21:52,18.09,0.0,3,5427,卖盘
435,10:21:58,18.12,0.03,1,1812,买盘
436,10:22:07,18.09,-0.03,10,18090,卖盘
437,10:22:16,18.09,0.0,5,9407,卖盘
438,10:22:25,18.09,0.0,8,14110,买盘
439,10:22:34,18.09,0.0,5,9045,卖盘
440,10:22:58,18.11,0.02,1,1811,买盘
441,10:23:27,18.11,0.0,1,1811,买盘
442,10:23:31,18.09,-0.02,9,16283,卖盘
443,10:23:43,18.11,0.02,10,18110,卖盘
444,10:23:52,18.1,-0.01,13,23530,卖盘
445,10:23:55,18.12,0.02,10,18113,买盘
446,10:23:58,18.11,-0.01,1,1811,买盘
447,10:24:18,18.11,0.0,1,1811,买盘
448,10:24:25,18.11,0.0,4,7244,买盘
449,10:24:37,18.12,0.01,1,1812,买盘
450,10:24:52,18.12,0.0,1,1812,买盘
451,10:25:01,18.12,0.0,1,1812,买盘
452,10:25:43,18.11,-0.01,12,21743,卖盘
453,10:25:49,18.11,0.0,4,7244,卖盘
454,10:25:55,18.15,0.04,2,3629,买盘
455,10:25:58,18.14,-0.01,1,1814,买盘
456,10:26:07,18.15,0.01,7,12702,买盘
457,10:26:25,18.15,0.0,1,1815,买盘
458,10:26:37,18.15,0.0,9,16335,买盘
459,10:26:46,18.14,-0.01,10,18140,买盘
460,10:26:55,18.15,0.01,10,18145,买盘
461,10:27:01,18.14,-0.01,1,1814,卖盘
462,10:27:16,18.1,-0.04,33,59742,卖盘
463,10:27:31,18.14,0.04,1,1814,买盘
464,10:27:43,18.11,-0.03,6,10866,卖盘
465,10:27:49,18.11,0.0,4,7244,买盘
466,10:27:55,18.1,-0.01,11,19912,卖盘
467,10:27:58,18.13,0.03,1,1813,买盘
468,10:28:07,18.13,0.0,1,1813,买盘
469,10:28:25,18.13,0.0,1,1813,买盘
470,10:28:37,18.1,-0.03,24,43440,卖盘
471,10:28:49,18.1,0.0,10,18100,买盘
472,10:28:55,18.1,0.0,22,39796,买盘
473,10:29:01,18.1,0.0,5,9050,买盘
474,10:29:10,18.08,-0.02,47,84976,卖盘
475,10:29:19,18.08,0.0,1,1808,卖盘
476,10:29:25,18.1,0.02,13,23508,买盘
477,10:29:43,18.1,0.0,2,3620,卖盘
478,10:29:55,18.1,0.0,1,1810,买盘
479,10:30:28,18.07,-0.03,82,149399,卖盘
480,10:30:31,18.07,0.0,1,1807,买盘
481,10:30:34,18.07,0.0,2,3614,买盘
482,10:30:43,18.06,-0.01,2,3612,卖盘
483,10:30:46,18.06,0.0,98,176988,卖盘
484,10:30:49,18.07,0.01,8,14456,买盘
485,10:30:55,18.06,-0.01,251,453306,卖盘
486,10:30:58,18.06,0.0,1,1806,买盘
487,10:31:01,18.06,0.0,10,18060,买盘
488,10:31:04,18.04,-0.02,20,36087,卖盘
489,10:31:13,18.04,0.0,3,5412,卖盘
490,10:31:22,18.04,0.0,9,16236,卖盘
491,10:31:25,18.04,0.0,31,55924,卖盘
492,10:31:28,18.03,-0.01,47,84743,卖盘
493,10:31:40,18.04,0.01,2,3608,买盘
494,10:31:43,18.03,-0.01,1,1803,卖盘
495,10:31:46,18.01,-0.02,77,138752,卖盘
496,10:32:01,18.03,0.02,1,1803,买盘
497,10:32:04,18.01,-0.02,14,25214,卖盘
498,10:32:13,18.0,-0.01,15,27000,卖盘
499,10:32:16,18.0,0.0,11,19800,卖盘
500,10:32:19,18.01,0.01,8,14408,买盘
501,10:32:25,18.0,-0.01,60,108000,卖盘
502,10:32:28,18.0,0.0,1,1800,买盘
503,10:32:31,18.0,0.0,4,7196,买盘
504,10:32:34,18.01,0.01,8,14401,买盘
505,10:32:37,18.01,0.0,2,3602,卖盘
506,10:32:40,17.98,-0.03,1,1798,卖盘
507,10:32:52,17.99,0.01,25,44956,买盘
508,10:32:58,17.98,-0.01,6,10788,买盘
509,10:33:01,17.97,-0.01,2,3594,卖盘
510,10:33:04,17.97,0.0,10,17975,卖盘
511,10:33:07,17.98,0.01,1,1798,中性盘
512,10:33:16,17.98,0.0,9,16182,卖盘
513,10:33:19,17.96,-0.02,36,64673,卖盘
514,10:33:22,17.98,0.02,6,10790,买盘
515,10:33:25,17.98,0.0,1,1798,买盘
516,10:33:31,17.98,0.0,13,23366,买盘
517,10:33:34,17.98,0.0,13,23374,买盘
518,10:33:43,17.98,0.0,5,8990,卖盘
519,10:33:49,17.99,0.01,3,5397,买盘
520,10:33:52,17.99,0.0,10,17990,买盘
521,10:33:58,17.98,-0.01,20,35969,卖盘
522,10:34:01,17.99,0.01,19,34181,买盘
523,10:34:07,18.0,0.01,1,1800,买盘
524,10:34:10,18.0,0.0,1,1800,买盘
525,10:34:16,18.0,0.0,26,46777,买盘
526,10:34:19,17.99,-0.01,13,23387,卖盘
527,10:34:22,17.98,-0.01,4,7192,卖盘
528,10:34:25,17.99,0.01,11,19789,买盘
529,10:34:31,17.99,0.0,1,1799,买盘
530,10:34:37,17.99,0.0,2,3598,买盘
531,10:34:43,17.99,0.0,1,1799,买盘
532,10:34:46,17.98,-0.01,6,10791,卖盘
533,10:34:49,17.99,0.01,1,1799,买盘
534,10:34:52,17.99,0.0,9,16191,买盘
535,10:34:58,18.0,0.01,4,7200,买盘
536,10:35:01,17.99,-0.01,1,1799,中性盘
537,10:35:04,17.98,-0.01,13,23377,卖盘
538,10:35:22,17.99,0.01,12,21588,卖盘
539,10:35:28,18.06,0.07,1,1806,买盘
540,10:35:58,18.0,-0.06,20,36000,卖盘
541,10:36:04,18.05,0.05,7,12633,买盘
542,10:36:28,18.05,0.0,1,1805,买盘
543,10:36:31,18.01,-0.04,7,12622,卖盘
544,10:36:52,18.01,0.0,6,10804,买盘
545,10:37:07,18.01,0.0,7,12607,买盘
546,10:37:13,18.01,0.0,4,7204,卖盘
547,10:37:19,18.0,-0.01,9,16207,卖盘
548,10:37:22,18.02,0.02,10,18012,中性盘
549,10:37:25,18.0,-0.02,8,14402,卖盘
550,10:37:28,18.0,0.0,1,1800,买盘
551,10:37:34,17.99,-0.01,2,3599,卖盘
552,10:37:37,18.0,0.01,2,3600,买盘
553,10:38:01,18.0,0.0,5,9000,买盘
554,10:38:12,18.0,0.0,5,9000,卖盘
555,10:38:16,18.0,0.0,12,21600,卖盘
556,10:38:19,18.0,0.0,3,5400,卖盘
557,10:38:25,18.0,0.0,21,37785,买盘
558,10:38:28,17.99,-0.01,14,25187,卖盘
559,10:38:31,17.99,0.0,2,3598,卖盘
560,10:38:34,17.99,0.0,1,1799,卖盘
561,10:38:49,17.98,-0.01,5,8992,卖盘
562,10:38:55,17.98,0.0,25,44950,卖盘
563,10:38:58,17.99,0.01,2,3598,买盘
564,10:39:01,17.98,-0.01,64,115077,卖盘
565,10:39:07,17.97,-0.01,2,3594,卖盘
566,10:39:13,17.96,-0.01,10,17963,卖盘
567,10:39:16,17.98,0.02,10,17980,买盘
568,10:39:19,17.97,-0.01,6,10776,买盘
569,10:39:28,17.96,-0.01,9,16164,卖盘
570,10:39:31,17.95,-0.01,11,19748,卖盘
571,10:39:37,17.96,0.01,2,3592,买盘
572,10:39:40,17.95,-0.01,15,26925,卖盘
573,10:39:43,17.95,0.0,5,8975,卖盘
574,10:39:52,17.93,-0.02,20,35864,卖盘
575,10:39:58,17.94,0.01,1,1794,卖盘
576,10:40:01,17.95,0.01,3,5385,买盘
577,10:40:07,17.96,0.01,10,17960,买盘
578,10:40:13,17.95,-0.01,4,7180,卖盘
579,10:40:19,17.95,0.0,5,8975,卖盘
580,10:40:24,17.96,0.01,10,17960,买盘
581,10:40:28,17.95,-0.01,38,68220,卖盘
582,10:40:31,17.95,0.0,3,5385,买盘
583,10:40:37,17.95,0.0,2,3590,买盘
584,10:40:43,17.95,0.0,12,21540,卖盘
585,10:40:46,17.95,0.0,11,19745,卖盘
586,10:40:49,17.95,0.0,1,1795,卖盘
587,10:40:52,17.95,0.0,2,3590,买盘
588,10:40:58,17.95,0.0,1,1795,买盘
589,10:41:10,17.95,0.0,2,3590,买盘
590,10:41:13,17.94,-0.01,14,25117,卖盘
591,10:41:16,17.95,0.01,12,21530,买盘
592,10:41:22,17.95,0.0,1,1795,卖盘
593,10:41:28,17.94,-0.01,30,53792,买盘
594,10:41:52,17.94,0.0,4,5741,卖盘
595,10:42:16,17.94,0.0,5,8970,卖盘
596,10:42:24,17.94,0.0,8,15787,卖盘
597,10:42:28,17.94,0.0,2,3588,买盘
598,10:42:31,17.94,0.0,6,10764,买盘
599,10:42:36,17.93,-0.01,1,1793,卖盘
600,10:42:48,17.93,0.0,14,25102,卖盘
601,10:42:55,17.94,0.01,5,8970,买盘
602,10:42:57,17.93,-0.01,14,25102,中性盘
603,10:43:07,17.93,0.0,8,14344,卖盘
604,10:43:10,17.93,0.0,1,1793,卖盘
605,10:43:13,17.94,0.01,10,17940,买盘
606,10:43:16,17.94,0.0,5,8970,买盘
607,10:43:19,17.93,-0.01,5,8965,卖盘
608,10:43:25,17.94,0.01,6,10764,买盘
609,10:43:28,17.98,0.04,70,124250,买盘
610,10:43:52,17.97,-0.01,4,7188,买盘
611,10:43:57,17.95,-0.02,3,5385,卖盘
612,10:44:01,17.95,0.0,10,17950,卖盘
613,10:44:16,17.97,0.02,2,3594,买盘
614,10:44:22,17.97,0.0,2,3594,买盘
615,10:44:31,17.95,-0.02,1,1795,卖盘
616,10:44:43,17.96,0.01,5,8980,买盘
617,10:44:46,17.94,-0.02,126,226089,卖盘
618,10:44:52,17.94,0.0,18,33727,卖盘
619,10:44:55,17.95,0.01,11,19745,卖盘
620,10:44:58,17.93,-0.02,4,7176,卖盘
621,10:45:04,17.92,-0.01,5,8960,卖盘
622,10:45:07,17.92,0.0,19,34048,卖盘
623,10:45:19,17.92,0.0,28,50176,卖盘
624,10:45:40,17.92,0.0,15,26880,卖盘
625,10:45:43,17.93,0.01,2,3586,买盘
626,10:45:49,17.93,0.0,1,1793,卖盘
627,10:45:52,17.93,0.0,13,23309,卖盘
628,10:45:58,17.93,0.0,51,91443,卖盘
629,10:46:04,17.93,0.0,6,10758,卖盘
630,10:46:16,17.94,0.01,2,3588,买盘
631,10:46:19,17.94,0.0,3,5382,买盘
632,10:46:40,17.95,0.01,5,7539,买盘
633,10:46:52,17.94,-0.01,13,23328,卖盘
634,10:46:55,17.94,0.0,20,35880,卖盘
635,10:46:58,17.95,0.01,14,25130,买盘
636,10:47:01,17.95,0.0,7,12565,卖盘
637,10:47:04,17.94,-0.01,18,33736,卖盘
638,10:47:10,17.94,0.0,15,26910,买盘
639,10:47:16,17.94,0.0,19,34086,买盘
640,10:47:19,17.93,-0.01,5,8965,卖盘
641,10:47:37,17.93,0.0,15,26895,卖盘
642,10:47:40,17.94,0.01,1,359,卖盘
643,10:47:43,17.94,0.0,11,19734,卖盘
644,10:48:04,17.95,0.01,13,23335,买盘
645,10:48:13,17.96,0.01,1,1796,买盘
646,10:48:16,17.96,0.0,4,7183,买盘
647,10:48:31,17.96,0.0,2,3592,买盘
648,10:48:37,17.96,0.0,5,8980,买盘
649,10:48:40,17.96,0.0,8,14368,买盘
650,10:48:43,17.96,0.0,1,1796,买盘
651,10:48:49,17.96,0.0,7,12566,买盘
652,10:48:52,17.95,-0.01,9,16155,卖盘
653,10:48:55,17.96,0.01,3,5388,买盘
654,10:48:58,17.96,0.0,2,3592,卖盘
655,10:49:04,17.95,-0.01,27,48465,卖盘
656,10:49:07,17.96,0.01,48,86168,买盘
657,10:49:25,17.98,0.02,10,17980,买盘
658,10:49:40,17.98,0.0,34,61132,买盘
659,10:50:10,17.98,0.0,10,17980,卖盘
660,10:50:25,18.0,0.02,1,1800,买盘
661,10:50:28,17.98,-0.02,1,1798,卖盘
662,10:50:37,18.0,0.02,1,1800,买盘
663,10:50:46,17.98,-0.02,2,3596,卖盘
664,10:51:10,18.01,0.03,1,1801,买盘
665,10:51:13,18.0,-0.01,2,3600,卖盘
666,10:51:19,18.0,0.0,3,5400,卖盘
667,10:51:52,17.99,-0.01,11,19799,卖盘
668,10:52:04,17.98,-0.01,9,16182,卖盘
669,10:52:34,17.99,0.01,8,14392,买盘
670,10:52:49,17.98,-0.01,8,14386,卖盘
671,10:53:07,17.98,0.0,3,5394,卖盘
672,10:53:19,17.99,0.01,30,53970,买盘
673,10:53:37,17.99,0.0,1,1799,买盘
674,10:53:46,17.98,-0.01,6,10791,卖盘
675,10:54:10,18.0,0.02,1,1800,买盘
676,10:54:37,18.0,0.0,1,1800,买盘
677,10:54:40,18.0,0.0,8,14400,买盘
678,10:55:04,18.01,0.01,18,32418,买盘
679,10:55:13,18.01,0.0,11,19812,卖盘
680,10:55:34,18.01,0.0,6,10801,买盘
681,10:55:48,18.02,0.01,2,3604,买盘
682,10:56:07,18.02,0.0,2,3604,买盘
683,10:56:25,18.04,0.02,13,23450,买盘
684,10:57:07,18.04,0.0,1,1804,买盘
685,10:57:45,18.02,-0.02,10,18020,卖盘
686,10:57:55,18.02,0.0,2,3604,买盘
687,10:58:04,18.01,-0.01,1,1801,卖盘
688,10:58:07,18.02,0.01,1,1802,买盘
689,10:58:28,18.01,-0.01,7,12607,卖盘
690,10:58:37,18.02,0.01,10,18015,买盘
691,10:58:40,18.02,0.0,1,1802,卖盘
692,10:59:19,18.03,0.01,1,1803,买盘
693,10:59:40,18.04,0.01,1,1804,买盘
694,11:00:07,18.04,0.0,1,1804,买盘
695,11:00:16,18.04,0.0,1,1804,买盘
696,11:00:40,18.04,0.0,1,1804,卖盘
697,11:00:52,18.03,-0.01,3,5409,卖盘
698,11:01:07,18.03,0.0,4,7213,卖盘
699,11:01:10,18.03,0.0,3,5409,卖盘
700,11:01:22,18.02,-0.01,87,156774,卖盘
701,11:01:28,18.0,-0.02,10,18006,卖盘
702,11:01:52,17.99,-0.01,8,14392,卖盘
703,11:02:06,17.99,0.0,1,1799,买盘
704,11:02:12,17.96,-0.03,21,37739,卖盘
705,11:02:40,17.98,0.02,1,1798,买盘
706,11:03:24,17.98,0.0,2,3596,买盘
707,11:03:40,18.0,0.02,1,1800,买盘
708,11:04:09,18.0,0.0,1,1800,买盘
709,11:04:27,17.99,-0.01,3,5397,买盘
710,11:04:31,17.97,-0.02,12,21568,卖盘
711,11:04:40,18.0,0.03,1,1800,买盘
712,11:04:43,17.97,-0.03,1,1797,卖盘
713,11:04:45,17.97,0.0,1,1797,买盘
714,11:04:49,17.97,0.0,1,1797,中性盘
715,11:05:01,18.0,0.03,1,1800,买盘
716,11:05:07,18.0,0.0,1,1800,买盘
717,11:05:34,18.0,0.0,3,5400,买盘
718,11:05:51,18.01,0.01,6,10802,买盘
719,11:06:10,18.02,0.01,1,1802,买盘
720,11:06:16,18.0,-0.02,19,34211,卖盘
721,11:06:42,18.02,0.02,20,36040,买盘
722,11:06:48,18.02,0.0,8,14416,买盘
723,11:07:10,18.04,0.02,1,1804,买盘
724,11:07:19,18.04,0.0,1,1804,买盘
725,11:07:40,18.04,0.0,2,3608,买盘
726,11:07:55,18.04,0.0,2,3608,卖盘
727,11:08:19,18.05,0.01,1,1805,买盘
728,11:08:22,18.04,-0.01,5,9020,卖盘
729,11:08:25,18.05,0.01,5,9025,买盘
730,11:08:43,18.06,0.01,1,1806,买盘
731,11:08:45,18.05,-0.01,12,21660,卖盘
732,11:08:55,18.05,0.0,3,5415,卖盘
733,11:09:01,18.05,0.0,12,21660,卖盘
734,11:09:04,18.05,0.0,183,330180,卖盘
735,11:09:09,18.04,-0.01,8,14433,卖盘
736,11:09:13,18.04,0.0,10,18041,卖盘
737,11:09:16,18.03,-0.01,51,91999,卖盘
738,11:09:25,18.02,-0.01,7,12614,卖盘
739,11:09:28,18.02,0.0,1,1802,卖盘
740,11:09:31,18.02,0.0,1,1802,卖盘
741,11:09:34,18.0,-0.02,8,14403,卖盘
742,11:10:01,17.97,-0.03,2,3594,卖盘
743,11:10:13,17.99,0.02,1,1799,买盘
744,11:10:49,17.97,-0.02,12,21564,卖盘
745,11:11:10,17.99,0.02,1,1799,买盘
746,11:11:40,17.99,0.0,1,1799,买盘
747,11:11:43,17.98,-0.01,3,5394,卖盘
748,11:11:49,17.99,0.01,8,14392,买盘
749,11:11:58,17.99,0.0,13,23363,买盘
750,11:12:00,17.99,0.0,4,7196,卖盘
751,11:12:06,17.99,0.0,6,10794,卖盘
752,11:12:16,18.0,0.01,10,18000,买盘
753,11:12:40,18.0,0.0,12,21601,卖盘
754,11:13:04,17.99,-0.01,11,19789,卖盘
755,11:13:25,17.99,0.0,9,16191,卖盘
756,11:13:28,18.0,0.01,1,1800,买盘
757,11:13:34,18.0,0.0,7,12600,买盘
758,11:13:43,18.04,0.04,1,1804,买盘
759,11:13:52,18.01,-0.03,6,10806,买盘
760,11:13:58,18.01,0.0,3,5403,买盘
761,11:14:01,18.01,0.0,2,3602,买盘
762,11:14:13,18.02,0.01,1,1802,买盘
763,11:14:46,18.01,-0.01,11,19820,卖盘
764,11:15:01,18.02,0.01,1,1802,买盘
765,11:15:06,18.02,0.0,2,3604,卖盘
766,11:15:13,18.03,0.01,1,1803,买盘
767,11:16:12,18.03,0.0,1,1803,买盘
768,11:16:19,18.03,0.0,3,5409,买盘
769,11:16:34,18.03,0.0,2,3606,买盘
770,11:16:37,18.03,0.0,11,19833,买盘
771,11:16:40,18.03,0.0,1,1803,买盘
772,11:16:52,18.02,-0.01,80,144160,卖盘
773,11:17:01,18.03,0.01,3,5409,买盘
774,11:17:39,18.03,0.0,1,1803,买盘
775,11:18:10,18.03,0.0,1,1803,买盘
776,11:18:45,18.02,-0.01,14,25228,卖盘
777,11:18:52,18.03,0.01,1,1803,买盘
778,11:19:04,18.02,-0.01,32,57664,卖盘
779,11:19:10,18.02,0.0,6,10813,卖盘
780,11:20:13,18.03,0.01,1,1803,买盘
781,11:20:40,18.02,-0.01,5,9010,卖盘
782,11:20:43,18.03,0.01,1,1803,买盘
783,11:20:55,18.02,-0.01,57,102714,卖盘
784,11:20:57,18.03,0.01,4,7212,买盘
785,11:21:01,18.03,0.0,19,34245,买盘
786,11:21:07,18.02,-0.01,6,10812,卖盘
787,11:21:13,18.02,0.0,2,3604,卖盘
788,11:21:19,18.02,0.0,1,1802,卖盘
789,11:21:25,18.02,0.0,11,19822,卖盘
790,11:21:40,18.01,-0.01,3,5403,卖盘
791,11:22:37,18.0,-0.01,5,9000,卖盘
792,11:22:43,18.02,0.02,1,1802,买盘
793,11:23:12,18.02,0.0,1,1802,买盘
794,11:24:12,18.02,0.0,1,1802,买盘
795,11:24:40,18.02,0.0,4,7208,买盘
796,11:24:46,18.02,0.0,3,5406,买盘
797,11:24:51,18.02,0.0,4,7208,买盘
798,11:25:04,18.03,0.01,20,36060,买盘
799,11:25:13,18.03,0.0,1,1803,买盘
800,11:25:45,18.03,0.0,1,1803,买盘
801,11:25:54,18.05,0.02,11,19841,买盘
802,11:26:16,18.05,0.0,12,21660,买盘
803,11:26:31,18.06,0.01,42,75812,买盘
804,11:26:45,18.05,-0.01,1,1805,买盘
805,11:26:57,18.05,0.0,10,18050,买盘
806,11:27:43,18.05,0.0,1,1805,买盘
807,11:27:58,18.0,-0.05,44,79225,卖盘
808,11:28:13,18.05,0.05,1,1805,买盘
809,11:29:13,18.05,0.0,1,1805,买盘
810,11:29:45,18.05,0.0,1,1805,买盘
811,13:00:22,18.05,0.0,1,1805,买盘
812,13:00:37,18.0,-0.05,1,1800,卖盘
813,13:00:43,18.05,0.05,1,1805,买盘
814,13:01:43,18.05,0.0,1,1805,买盘
815,13:02:07,18.0,-0.05,20,36000,卖盘
816,13:02:16,18.04,0.04,1,1804,买盘
817,13:02:46,18.0,-0.04,10,18000,卖盘
818,13:03:01,18.0,0.0,10,18000,卖盘
819,13:03:16,18.04,0.04,1,1804,买盘
820,13:04:15,18.04,0.0,1,1804,买盘
821,13:04:43,18.04,0.0,1,1804,买盘
822,13:05:45,18.04,0.0,1,1804,买盘
823,13:06:39,18.01,-0.03,1,1801,卖盘
824,13:06:46,18.04,0.03,1,1804,买盘
825,13:07:16,18.04,0.0,1,1804,买盘
826,13:07:39,18.0,-0.04,21,37804,卖盘
827,13:08:09,18.0,0.0,28,50400,买盘
828,13:08:24,18.0,0.0,3,5400,卖盘
829,13:08:46,18.04,0.04,1,1804,买盘
830,13:08:58,17.99,-0.05,60,107941,卖盘
831,13:09:12,18.0,0.01,102,183500,买盘
832,13:09:19,18.0,0.0,4,7200,卖盘
833,13:09:22,18.0,0.0,14,25200,卖盘
834,13:09:24,17.99,-0.01,13,23387,卖盘
835,13:09:27,17.98,-0.01,2,3596,卖盘
836,13:09:30,17.97,-0.01,7,12582,卖盘
837,13:09:34,17.97,0.0,3,5391,卖盘
838,13:09:39,17.97,0.0,3,5391,卖盘
839,13:09:46,17.98,0.01,1,1798,买盘
840,13:09:54,17.96,-0.02,10,17960,卖盘
841,13:10:07,17.97,0.01,3,5391,买盘
842,13:10:19,17.97,0.0,16,28752,卖盘
843,13:10:28,17.96,-0.01,1,1796,卖盘
844,13:10:33,17.96,0.0,1,1796,卖盘
845,13:10:36,17.96,0.0,3,5388,卖盘
846,13:10:43,17.95,-0.01,1,1795,卖盘
847,13:10:46,17.95,0.0,13,23335,卖盘
848,13:10:51,17.95,0.0,20,35900,买盘
849,13:11:00,17.94,-0.01,4,7176,卖盘
850,13:11:04,17.93,-0.01,29,51998,卖盘
851,13:11:13,17.94,0.01,1,1794,买盘
852,13:11:19,17.93,-0.01,13,23309,卖盘
853,13:11:33,17.92,-0.01,35,62720,卖盘
854,13:11:42,17.92,0.0,10,17920,买盘
855,13:11:51,17.92,0.0,1,1792,买盘
856,13:12:04,17.92,0.0,1,1792,卖盘
857,13:12:12,17.94,0.02,1,1794,买盘
858,13:12:46,17.95,0.01,5,8975,买盘
859,13:12:52,17.95,0.0,1,1795,卖盘
860,13:12:57,17.95,0.0,1,1795,卖盘
861,13:13:00,17.95,0.0,3,5385,卖盘
862,13:13:04,17.95,0.0,1,1795,卖盘
863,13:13:07,17.95,0.0,1,1795,卖盘
864,13:13:09,17.95,0.0,1,1795,卖盘
865,13:13:12,17.95,0.0,1,1795,卖盘
866,13:13:16,17.95,0.0,1,1795,卖盘
867,13:13:19,17.95,0.0,1,1795,卖盘
868,13:13:22,17.94,-0.01,1,1794,卖盘
869,13:13:25,17.94,0.0,1,1794,卖盘
870,13:13:28,17.94,0.0,1,1794,卖盘
871,13:13:31,17.94,0.0,1,1794,卖盘
872,13:13:34,17.94,0.0,1,1794,卖盘
873,13:14:21,17.95,0.01,1,1795,卖盘
874,13:14:24,17.95,0.0,2,3590,卖盘
875,13:14:28,17.95,0.0,1,1795,卖盘
876,13:14:31,17.95,0.0,1,1795,卖盘
877,13:14:39,17.93,-0.02,1,1793,卖盘
878,13:14:43,17.93,0.0,1,1793,卖盘
879,13:14:46,17.93,0.0,1,1793,卖盘
880,13:14:49,17.93,0.0,1,1793,卖盘
881,13:14:52,17.93,0.0,1,1793,卖盘
882,13:14:55,17.93,0.0,1,1793,卖盘
883,13:15:01,17.93,0.0,1,1793,卖盘
884,13:15:30,17.95,0.02,24,43062,买盘
885,13:15:37,17.95,0.0,1,1795,买盘
886,13:16:16,17.93,-0.02,1,1793,卖盘
887,13:16:43,17.92,-0.01,14,25089,卖盘
888,13:16:58,17.94,0.02,1,1794,卖盘
889,13:17:04,17.94,0.0,1,1794,卖盘
890,13:17:43,17.94,0.0,1,1794,卖盘
891,13:17:46,17.95,0.01,14,25130,买盘
892,13:17:49,17.96,0.01,9,16162,买盘
893,13:17:52,17.96,0.0,1,1796,买盘
894,13:18:07,17.99,0.03,5,8989,买盘
895,13:18:16,17.99,0.0,22,39578,买盘
896,13:18:19,17.99,0.0,5,8995,买盘
897,13:18:37,17.99,0.0,5,8995,买盘
898,13:18:49,17.98,-0.01,1,1798,中性盘
899,13:18:55,17.98,0.0,13,23374,买盘
900,13:18:58,17.98,0.0,7,12585,买盘
901,13:19:01,17.97,-0.01,1,1797,卖盘
902,13:19:13,17.98,0.01,17,30566,买盘
903,13:19:19,17.98,0.0,1,1798,卖盘
904,13:19:22,17.98,0.0,10,17980,买盘
905,13:19:31,17.99,0.01,8,14391,买盘
906,13:19:46,17.98,-0.01,15,26970,卖盘
907,13:19:57,17.96,-0.02,2,3592,卖盘
908,13:20:04,17.95,-0.01,1,1795,卖盘
909,13:20:07,17.95,0.0,1,1795,卖盘
910,13:20:37,17.95,0.0,6,10770,卖盘
911,13:20:43,17.95,0.0,9,16155,卖盘
912,13:20:49,17.95,0.0,9,16155,卖盘
913,13:20:55,17.95,0.0,10,17950,卖盘
914,13:21:01,17.95,0.0,8,14360,卖盘
915,13:21:06,17.95,0.0,7,12565,卖盘
916,13:21:09,17.95,0.0,5,8975,卖盘
917,13:21:34,17.95,0.0,4,7180,卖盘
918,13:22:21,17.96,0.01,1,1796,买盘
919,13:22:27,17.96,0.0,2,3592,买盘
920,13:22:37,17.96,0.0,3,5388,买盘
921,13:22:46,17.95,-0.01,28,50260,卖盘
922,13:22:49,17.95,0.0,5,8975,卖盘
923,13:23:31,17.95,0.0,17,30515,卖盘
924,13:24:07,17.95,0.0,10,17950,卖盘
925,13:24:27,17.95,0.0,6,10770,卖盘
926,13:25:06,17.96,0.01,1,1796,买盘
927,13:25:33,17.95,-0.01,1,1795,卖盘
928,13:25:40,17.94,-0.01,6,10767,卖盘
929,13:25:58,17.97,0.03,7,12579,买盘
930,13:26:10,17.98,0.01,12,21576,买盘
931,13:26:15,17.98,0.0,2,3596,中性盘
932,13:26:36,17.96,-0.02,12,21542,买盘
933,13:26:43,17.98,0.02,6,10788,卖盘
934,13:27:01,17.95,-0.03,5,8975,买盘
935,13:27:22,17.94,-0.01,7,12558,卖盘
936,13:27:25,17.95,0.01,27,48463,买盘
937,13:27:31,17.94,-0.01,10,17940,卖盘
938,13:27:58,17.94,0.0,12,21528,卖盘
939,13:28:01,17.95,0.01,18,32293,买盘
940,13:28:09,17.95,0.0,17,30513,买盘
941,13:28:22,17.95,0.0,2,3590,买盘
942,13:28:27,17.93,-0.02,2,3586,卖盘
943,13:28:52,17.95,0.02,10,17950,卖盘
944,13:29:27,17.95,0.0,10,17950,买盘
945,13:30:01,17.93,-0.02,5,8965,卖盘
946,13:30:19,17.93,0.0,4,7172,卖盘
947,13:30:28,17.93,0.0,1,1793,卖盘
948,13:30:46,17.93,0.0,1,1793,卖盘
949,13:30:58,17.93,0.0,12,21516,卖盘
950,13:31:09,17.93,0.0,5,8966,卖盘
951,13:31:12,17.95,0.02,2,3590,买盘
952,13:31:40,17.93,-0.02,2,3586,卖盘
953,13:32:10,17.96,0.03,26,46696,买盘
954,13:32:57,17.96,0.0,4,7184,买盘
955,13:33:31,17.95,-0.01,20,35900,卖盘
956,13:33:58,17.95,0.0,9,16155,卖盘
957,13:34:07,17.94,-0.01,26,46660,卖盘
958,13:34:21,17.94,0.0,6,10764,买盘
959,13:34:34,17.95,0.01,12,21540,买盘
960,13:34:49,17.93,-0.02,1,1793,卖盘
961,13:35:04,17.93,0.0,1,1793,卖盘
962,13:35:07,17.93,0.0,32,57376,卖盘
963,13:35:16,17.92,-0.01,1,1792,卖盘
964,13:35:19,17.93,0.01,10,17930,买盘
965,13:35:25,17.93,0.0,8,14344,卖盘
966,13:35:28,17.93,0.0,4,7172,卖盘
967,13:35:37,17.93,0.0,11,19723,卖盘
968,13:35:43,17.92,-0.01,8,14336,卖盘
969,13:35:46,17.92,0.0,32,57344,卖盘
970,13:35:52,17.92,0.0,13,23293,买盘
971,13:35:58,17.91,-0.01,7,12537,卖盘
972,13:36:01,17.91,0.0,9,16119,卖盘
973,13:36:04,17.91,0.0,10,17910,卖盘
974,13:36:07,17.92,0.01,30,53747,买盘
975,13:36:09,17.9,-0.02,1,1790,卖盘
976,13:36:13,17.9,0.0,109,195110,卖盘
977,13:36:19,17.89,-0.01,1,1789,卖盘
978,13:36:31,17.88,-0.01,14,25034,卖盘
979,13:36:34,17.88,0.0,12,21456,卖盘
980,13:36:40,17.88,0.0,2,3576,卖盘
981,13:36:46,17.88,0.0,5,8940,卖盘
982,13:36:49,17.88,0.0,1,1788,卖盘
983,13:36:55,17.89,0.01,4,7153,买盘
984,13:36:58,17.88,-0.01,50,89418,卖盘
985,13:37:01,17.88,0.0,11,19668,卖盘
986,13:37:16,17.89,0.01,2,3578,卖盘
987,13:37:22,17.88,-0.01,47,84036,卖盘
988,13:37:43,17.88,0.0,10,17879,买盘
989,13:38:10,17.89,0.01,10,17890,卖盘
990,13:38:31,17.88,-0.01,6,10730,卖盘
991,13:38:40,17.9,0.02,7,12530,买盘
992,13:38:49,17.89,-0.01,1,1789,买盘
993,13:38:51,17.88,-0.01,14,25036,卖盘
994,13:38:55,17.88,0.0,3,5364,卖盘
995,13:39:01,17.88,0.0,2,3576,卖盘
996,13:39:04,17.88,0.0,2,3576,卖盘
997,13:39:10,17.88,0.0,1,1788,卖盘
998,13:39:13,17.89,0.01,1,1789,买盘
999,13:39:28,17.89,0.0,2,3578,买盘
1000,13:39:31,17.88,-0.01,12,21457,卖盘
1001,13:39:40,17.88,0.0,2,3577,卖盘
1002,13:39:43,17.88,0.0,2,3576,卖盘
1003,13:39:49,17.89,0.01,1,1789,买盘
1004,13:40:01,17.89,0.0,2,3577,买盘
1005,13:40:13,17.88,-0.01,1,1788,卖盘
1006,13:40:19,17.88,0.0,20,35760,卖盘
1007,13:41:10,17.9,0.02,2,3580,买盘
1008,13:41:16,17.9,0.0,5,8950,卖盘
1009,13:41:46,17.9,0.0,1,1790,卖盘
1010,13:41:49,17.9,0.0,37,66230,卖盘
1011,13:42:07,17.89,-0.01,10,17890,卖盘
1012,13:42:37,17.89,0.0,21,37569,卖盘
1013,13:42:48,17.89,0.0,11,19679,买盘
1014,13:42:52,17.88,-0.01,1,1788,卖盘
1015,13:43:10,17.89,0.01,18,32202,买盘
1016,13:43:16,17.89,0.0,12,21468,卖盘
1017,13:43:22,17.89,0.0,3,5367,卖盘
1018,13:43:25,17.9,0.01,1,1790,买盘
1019,13:43:40,17.9,0.0,5,8950,买盘
1020,13:43:45,17.89,-0.01,27,48303,卖盘
1021,13:43:48,17.9,0.01,30,53700,买盘
1022,13:43:58,17.9,0.0,10,17900,买盘
1023,13:44:01,17.89,-0.01,5,8949,卖盘
1024,13:44:10,17.9,0.01,8,14320,买盘
1025,13:44:13,17.89,-0.01,24,42938,卖盘
1026,13:44:37,17.89,0.0,6,10735,卖盘
1027,13:44:40,17.91,0.02,6,10746,买盘
1028,13:44:55,17.9,-0.01,30,53729,卖盘
1029,13:45:04,17.92,0.02,1,1792,买盘
1030,13:45:10,17.9,-0.02,7,12530,卖盘
1031,13:45:28,17.9,0.0,1,1790,卖盘
1032,13:45:37,17.9,0.0,1,1790,卖盘
1033,13:45:55,17.89,-0.01,30,53670,卖盘
1034,13:45:58,17.89,0.0,12,21468,卖盘
1035,13:46:01,17.89,0.0,5,8945,卖盘
1036,13:46:04,17.89,0.0,2,3578,卖盘
1037,13:46:07,17.89,0.0,3,5367,卖盘
1038,13:46:10,17.89,0.0,3,5367,卖盘
1039,13:46:13,17.89,0.0,30,53670,卖盘
1040,13:46:16,17.89,0.0,28,50092,卖盘
1041,13:46:19,17.89,0.0,29,51881,卖盘
1042,13:46:22,17.88,-0.01,4,7153,卖盘
1043,13:46:31,17.88,0.0,5,8940,卖盘
1044,13:46:34,17.88,0.0,31,55428,卖盘
1045,13:46:40,17.87,-0.01,20,35759,卖盘
1046,13:46:46,17.87,0.0,3,5361,卖盘
1047,13:46:49,17.89,0.02,95,169898,买盘
1048,13:46:52,17.89,0.0,38,67982,卖盘
1049,13:47:04,17.89,0.0,36,64404,卖盘
1050,13:47:07,17.89,0.0,5,8945,卖盘
1051,13:47:10,17.89,0.0,50,89450,卖盘
1052,13:47:13,17.89,0.0,29,51881,卖盘
1053,13:47:22,17.89,0.0,4,7156,卖盘
1054,13:47:25,17.89,0.0,2,4651,卖盘
1055,13:47:31,17.89,0.0,41,72276,卖盘
1056,13:47:46,17.9,0.01,10,18964,买盘
1057,13:47:58,17.9,0.0,1,1790,卖盘
1058,13:48:25,17.9,0.0,38,68040,卖盘
1059,13:49:04,17.9,0.0,5,8950,卖盘
1060,13:49:07,17.9,0.0,14,25060,卖盘
1061,13:49:16,17.9,0.0,3,5372,卖盘
1062,13:49:25,17.93,0.03,5,8963,买盘
1063,13:50:07,17.93,0.0,2,3586,卖盘
1064,13:50:16,17.93,0.0,1,1793,卖盘
1065,13:50:31,17.93,0.0,5,8965,买盘
1066,13:50:43,17.93,0.0,5,8965,买盘
1067,13:50:49,17.91,-0.02,8,14338,卖盘
1068,13:51:10,17.91,0.0,21,37613,卖盘
1069,13:51:34,17.9,-0.01,16,28640,卖盘
1070,13:51:49,17.9,0.0,12,21480,卖盘
1071,13:51:55,17.9,0.0,7,12530,卖盘
1072,13:52:01,17.9,0.0,6,9666,卖盘
1073,13:52:16,17.88,-0.02,2,3576,卖盘
1074,13:52:25,17.88,0.0,12,21456,卖盘
1075,13:52:31,17.87,-0.01,2,3574,卖盘
1076,13:52:37,17.87,0.0,1,1787,卖盘
1077,13:52:43,17.87,0.0,1,1787,卖盘
1078,13:52:49,17.89,0.02,20,35780,买盘
1079,13:53:04,17.89,0.0,5,8945,买盘
1080,13:53:16,17.89,0.0,4,7156,买盘
1081,13:53:25,17.9,0.01,9,16110,买盘
1082,13:53:28,17.89,-0.01,12,21468,卖盘
1083,13:53:46,17.89,-0.01,36,64431,卖盘
1084,13:53:55,17.89,0.0,8,14314,卖盘
1085,13:54:04,17.9,0.01,6,10740,买盘
1086,13:54:13,17.9,0.0,3,5370,买盘
1087,13:54:22,17.89,-0.01,18,32202,卖盘
1088,13:54:40,17.89,0.0,1,1789,卖盘
1089,13:55:01,17.89,0.0,1,1789,卖盘
1090,13:55:13,17.9,0.01,1,1790,卖盘
1091,13:55:16,17.88,-0.02,70,125261,卖盘
1092,13:55:28,17.88,0.0,3,5364,卖盘
1093,13:55:31,17.88,0.0,1,1788,卖盘
1094,13:55:37,17.89,0.01,9,16101,卖盘
1095,13:55:43,17.89,0.0,1,1789,卖盘
1096,13:55:49,17.88,-0.01,4,7152,卖盘
1097,13:55:52,17.88,0.0,12,20383,卖盘
1098,13:55:58,17.88,0.0,1,1788,买盘
1099,13:56:04,17.87,-0.01,1,1787,卖盘
1100,13:56:13,17.87,0.0,10,17870,卖盘
1101,13:56:19,17.87,0.0,8,14296,卖盘
1102,13:56:22,17.87,0.0,2,3574,卖盘
1103,13:56:31,17.86,-0.01,20,35720,卖盘
1104,13:56:37,17.86,0.0,4,7144,卖盘
1105,13:56:43,17.85,-0.01,1,1785,卖盘
1106,13:56:52,17.85,0.0,5,8925,卖盘
1107,13:56:55,17.85,0.0,23,41055,卖盘
1108,13:57:01,17.84,-0.01,2,3568,卖盘
1109,13:57:04,17.85,0.01,6,10695,买盘
1110,13:57:16,17.85,0.0,5,8925,买盘
1111,13:57:25,17.83,-0.02,22,39228,卖盘
1112,13:57:43,17.83,0.0,13,23179,卖盘
1113,13:57:49,17.83,0.0,8,14264,卖盘
1114,13:57:55,17.83,0.0,6,10698,卖盘
1115,13:58:04,17.82,-0.01,3,5346,卖盘
1116,13:58:07,17.82,0.0,34,60620,卖盘
1117,13:58:10,17.82,0.0,6,10692,卖盘
1118,13:58:13,17.82,0.0,7,12474,卖盘
1119,13:58:19,17.82,0.0,12,21385,卖盘
1120,13:58:52,17.83,0.01,5,8915,卖盘
1121,13:59:01,17.83,0.0,1,1783,卖盘
1122,13:59:07,17.83,0.0,1,1783,卖盘
1123,13:59:10,17.83,0.0,2,3566,卖盘
1124,13:59:34,17.85,0.02,2,3570,买盘
1125,13:59:46,17.83,-0.02,20,35665,卖盘
1126,13:59:52,17.84,0.01,3,5352,中性盘
1127,14:00:13,17.85,0.01,1,1785,买盘
1128,14:00:19,17.85,0.0,13,23215,中性盘
1129,14:00:22,17.87,0.02,1,1787,买盘
1130,14:00:28,17.86,-0.01,1,1786,卖盘
1131,14:00:34,17.86,0.0,5,8930,卖盘
1132,14:00:37,17.86,0.0,1,1786,卖盘
1133,14:00:40,17.86,0.0,2,3572,卖盘
1134,14:00:46,17.86,0.0,1,1786,卖盘
1135,14:00:55,17.86,0.0,10,17860,卖盘
1136,14:00:58,17.86,0.0,4,7144,卖盘
1137,14:01:19,17.84,-0.02,1,1784,卖盘
1138,14:01:25,17.84,0.0,1,1784,卖盘
1139,14:01:34,17.84,0.0,10,17840,买盘
1140,14:01:37,17.84,0.0,3,5352,买盘
1141,14:01:46,17.83,-0.01,20,35678,卖盘
1142,14:01:52,17.86,0.03,8,14288,买盘
1143,14:01:55,17.84,-0.02,2,3568,卖盘
1144,14:02:07,17.87,0.03,1,1787,买盘
1145,14:02:25,17.87,0.0,4,7148,卖盘
1146,14:02:28,17.87,0.0,2,3574,买盘
1147,14:02:31,17.87,0.0,3,5361,买盘
1148,14:02:37,17.86,-0.01,22,39292,买盘
1149,14:02:43,17.86,0.0,7,12502,买盘
1150,14:02:46,17.85,-0.01,1,1785,卖盘
1151,14:02:52,17.86,0.01,5,8930,卖盘
1152,14:03:13,17.86,0.0,1,1786,卖盘
1153,14:03:37,17.86,0.0,11,19646,买盘
1154,14:03:58,17.86,0.0,6,10716,卖盘
1155,14:04:07,17.85,-0.01,4,7140,卖盘
1156,14:04:18,17.85,0.0,13,23210,卖盘
1157,14:04:22,17.85,0.0,1,1785,买盘
1158,14:04:25,17.85,0.0,7,12495,买盘
1159,14:04:37,17.84,-0.01,10,17840,卖盘
1160,14:05:04,17.85,0.01,2,3570,买盘
1161,14:05:07,17.84,-0.01,1,1784,卖盘
1162,14:05:19,17.84,0.0,1,1784,卖盘
1163,14:05:22,17.84,0.0,3,5352,卖盘
1164,14:05:31,17.84,0.0,20,35680,卖盘
1165,14:05:49,17.83,-0.01,40,71320,卖盘
1166,14:05:58,17.83,0.0,24,42792,卖盘
1167,14:06:10,17.83,0.0,5,8915,买盘
1168,14:06:13,17.83,0.0,2,3566,买盘
1169,14:06:16,17.82,-0.01,11,19602,卖盘
1170,14:06:19,17.82,0.0,11,19602,卖盘
1171,14:06:22,17.83,0.01,9,16047,买盘
1172,14:06:25,17.83,0.0,2,3566,卖盘
1173,14:06:34,17.82,-0.01,70,124740,卖盘
1174,14:06:46,17.82,0.0,9,16038,卖盘
1175,14:06:49,17.82,0.0,7,12474,卖盘
1176,14:06:55,17.81,-0.01,62,110429,卖盘
1177,14:06:58,17.81,0.0,40,71240,卖盘
1178,14:07:07,17.8,-0.01,35,62300,卖盘
1179,14:07:10,17.8,0.0,47,83660,卖盘
1180,14:07:13,17.8,0.0,17,30260,卖盘
1181,14:07:16,17.8,0.0,37,65860,卖盘
1182,14:07:19,17.8,0.0,5,8900,卖盘
1183,14:07:25,17.8,0.0,3,5340,卖盘
1184,14:07:34,17.79,-0.01,3,5337,卖盘
1185,14:07:37,17.8,0.01,49,87186,买盘
1186,14:07:40,17.79,-0.01,8,14232,卖盘
1187,14:07:46,17.79,0.0,13,23127,买盘
1188,14:07:52,17.75,-0.04,73,129719,卖盘
1189,14:07:55,17.75,0.0,1,1775,买盘
1190,14:08:01,17.73,-0.02,4,7092,卖盘
1191,14:08:10,17.73,0.0,1,1773,卖盘
1192,14:08:16,17.73,0.0,9,15957,卖盘
1193,14:08:19,17.75,0.02,7,12421,买盘
1194,14:08:22,17.73,-0.02,10,17730,卖盘
1195,14:08:25,17.73,0.0,10,17740,卖盘
1196,14:08:37,17.75,0.02,1,1775,买盘
1197,14:08:46,17.75,0.0,1,1775,买盘
1198,14:08:49,17.74,-0.01,10,17740,卖盘
1199,14:08:52,17.73,-0.01,95,168485,卖盘
1200,14:09:01,17.73,0.0,38,67374,买盘
1201,14:09:07,17.72,-0.01,35,62030,卖盘
1202,14:09:10,17.73,0.01,21,37233,买盘
1203,14:09:13,17.73,0.0,40,70920,买盘
1204,14:09:16,17.72,-0.01,10,17720,卖盘
1205,14:09:22,17.73,0.01,7,12411,卖盘
1206,14:09:37,17.75,0.02,21,37245,买盘
1207,14:09:49,17.78,0.03,2,3556,买盘
1208,14:09:55,17.78,0.0,144,256032,买盘
1209,14:10:01,17.78,0.0,3,5334,卖盘
1210,14:10:16,17.79,0.01,1,1779,买盘
1211,14:10:22,17.78,-0.01,3,5336,卖盘
1212,14:10:25,17.78,0.0,5,8890,卖盘
1213,14:10:28,17.78,0.0,1,1778,卖盘
1214,14:10:31,17.78,0.0,46,81788,卖盘
1215,14:10:37,17.78,0.0,10,17780,买盘
1216,14:10:43,17.79,0.01,20,35566,买盘
1217,14:11:07,17.75,-0.04,5,8875,卖盘
1218,14:11:13,17.75,0.0,7,12425,卖盘
1219,14:11:22,17.79,0.04,20,35580,买盘
1220,14:11:25,17.78,-0.01,2,3556,卖盘
1221,14:11:28,17.78,0.0,35,62230,卖盘
1222,14:11:34,17.79,0.01,11,19569,买盘
1223,14:11:46,17.79,0.0,1,1779,买盘
1224,14:11:52,17.79,0.0,1,1779,买盘
1225,14:11:58,17.76,-0.03,10,17776,卖盘
1226,14:12:04,17.79,0.03,3,5337,买盘
1227,14:12:10,17.78,-0.01,3,5334,买盘
1228,14:12:16,17.8,0.02,1,1780,买盘
1229,14:12:19,17.79,-0.01,10,17790,卖盘
1230,14:12:40,17.89,0.1,10,17876,买盘
1231,14:12:58,17.88,-0.01,2,3576,买盘
1232,14:13:07,17.84,-0.04,2,3568,卖盘
1233,14:13:13,17.83,-0.01,2,3566,卖盘
1234,14:13:16,17.83,0.0,3,5347,中性盘
1235,14:13:19,17.81,-0.02,1,1781,卖盘
1236,14:13:37,17.8,-0.01,3,5340,中性盘
1237,14:13:40,17.87,0.07,6,10704,买盘
1238,14:14:01,17.79,-0.08,1,1779,卖盘
1239,14:14:13,17.79,0.0,11,19573,卖盘
1240,14:14:28,17.79,0.0,4,7116,买盘
1241,14:14:58,17.77,-0.02,1,1777,买盘
1242,14:15:13,17.76,-0.01,5,8880,卖盘
1243,14:15:28,17.76,0.0,17,30192,卖盘
1244,14:15:34,17.76,0.0,2,3552,买盘
1245,14:15:49,17.76,0.0,5,8880,买盘
1246,14:15:58,17.76,0.0,9,15984,卖盘
1247,14:16:13,17.77,0.01,3,5331,买盘
1248,14:16:31,17.77,0.0,3,5331,买盘
1249,14:16:34,17.76,-0.01,17,30192,卖盘
1250,14:16:37,17.76,0.0,2,3552,买盘
1251,14:16:46,17.76,0.0,2,3552,买盘
1252,14:16:58,17.76,0.0,39,69255,买盘
1253,14:17:04,17.75,-0.01,48,85200,卖盘
1254,14:17:10,17.75,0.0,3,5325,买盘
1255,14:17:31,17.75,0.0,2,3550,买盘
1256,14:17:34,17.75,0.0,1,1775,卖盘
1257,14:17:43,17.73,-0.02,12,21290,卖盘
1258,14:17:46,17.76,0.03,12,21312,买盘
1259,14:17:49,17.76,0.0,1,1776,卖盘
1260,14:17:58,17.76,0.0,10,17760,卖盘
1261,14:18:22,17.77,0.01,7,12439,买盘
1262,14:18:43,17.74,-0.03,51,90586,卖盘
1263,14:18:52,17.79,0.05,3,5337,卖盘
1264,14:18:55,17.81,0.02,8,14246,买盘
1265,14:19:31,17.8,-0.01,20,35600,卖盘
1266,14:19:34,17.82,0.02,2,3564,买盘
1267,14:19:52,17.8,-0.02,30,53405,卖盘
1268,14:20:07,17.8,0.0,1,1780,卖盘
1269,14:20:19,17.8,0.0,1,1780,卖盘
1270,14:20:34,17.83,0.03,11,19613,买盘
1271,14:20:37,17.79,-0.04,10,17796,卖盘
1272,14:21:46,17.74,-0.05,43,76332,卖盘
1273,14:21:52,17.74,0.0,24,42576,买盘
1274,14:22:13,17.8,0.06,5,8900,买盘
1275,14:22:46,17.79,-0.01,5,8895,买盘
1276,14:23:31,17.77,-0.02,4,7110,卖盘
1277,14:24:10,17.8,0.03,2,3560,买盘
1278,14:24:16,17.78,-0.02,12,21352,卖盘
1279,14:24:37,17.78,0.0,2,3557,卖盘
1280,14:24:40,17.78,0.0,1,1778,买盘
1281,14:24:43,17.78,0.0,1,1778,买盘
1282,14:24:46,17.78,0.0,1,1778,买盘
1283,14:24:58,17.75,-0.03,3,5327,卖盘
1284,14:25:07,17.78,0.03,9,16002,买盘
1285,14:25:25,17.78,0.0,1,1778,卖盘
1286,14:25:31,17.78,0.0,3,5334,买盘
1287,14:25:40,17.78,0.0,62,110236,买盘
1288,14:25:46,17.73,-0.05,216,383068,卖盘
1289,14:25:49,17.73,0.0,41,72693,买盘
1290,14:26:05,17.78,0.05,2,3554,买盘
1291,14:26:16,17.78,0.0,1,1778,卖盘
1292,14:26:22,17.78,0.0,1,1778,买盘
1293,14:26:25,17.78,0.0,1,1778,卖盘
1294,14:26:46,17.78,0.0,2,3556,卖盘
1295,14:26:52,17.78,0.0,4,7112,卖盘
1296,14:26:58,17.76,-0.02,1,1776,卖盘
1297,14:27:01,17.76,0.0,4,7104,卖盘
1298,14:27:31,17.75,-0.01,1,1775,买盘
1299,14:27:55,17.73,-0.02,50,88666,卖盘
1300,14:27:58,17.75,0.02,30,53250,买盘
1301,14:28:01,17.75,0.0,8,14200,买盘
1302,14:28:04,17.75,0.0,2,3550,卖盘
1303,14:28:19,17.75,0.0,10,17750,卖盘
1304,14:28:42,17.75,0.0,1,1775,卖盘
1305,14:28:46,17.76,0.01,2,3552,买盘
1306,14:28:52,17.75,-0.01,4,7100,卖盘
1307,14:29:01,17.73,-0.02,1,1773,卖盘
1308,14:29:19,17.73,0.0,41,72693,卖盘
1309,14:29:22,17.73,0.0,4,7092,卖盘
1310,14:29:55,17.73,0.0,6,10638,卖盘
1311,14:30:28,17.72,-0.01,47,83342,卖盘
1312,14:30:31,17.73,0.01,2,3546,中性盘
1313,14:30:49,17.76,0.03,30,53222,买盘
1314,14:30:58,17.76,0.0,69,122544,卖盘
1315,14:31:19,17.76,0.0,1,1776,中性盘
1316,14:31:55,17.74,-0.02,5,8870,卖盘
1317,14:32:01,17.74,0.0,1,1774,买盘
1318,14:32:13,17.74,0.0,97,171944,买盘
1319,14:32:16,17.74,0.0,8,14192,买盘
1320,14:32:34,17.74,0.0,24,42566,买盘
1321,14:32:40,17.72,-0.02,51,90406,卖盘
1322,14:32:55,17.74,0.02,7,12418,卖盘
1323,14:32:58,17.74,0.0,1,1774,买盘
1324,14:33:07,17.74,0.0,20,35480,买盘
1325,14:33:13,17.74,0.01,1,1774,买盘
1326,14:33:16,17.74,0.0,3,5322,买盘
1327,14:33:22,17.73,-0.01,10,16312,卖盘
1328,14:33:25,17.72,-0.01,14,24808,卖盘
1329,14:33:28,17.73,0.01,1,1773,买盘
1330,14:33:34,17.73,0.0,8,14184,卖盘
1331,14:34:07,17.73,0.0,7,12411,卖盘
1332,14:34:19,17.74,0.01,2,3548,买盘
1333,14:34:25,17.73,-0.01,20,35460,卖盘
1334,14:34:28,17.73,0.0,1,1773,买盘
1335,14:34:31,17.73,0.0,3,5319,买盘
1336,14:34:34,17.73,0.0,11,19503,买盘
1337,14:34:37,17.73,0.0,3,5319,买盘
1338,14:34:52,17.73,0.0,1,1773,买盘
1339,14:35:10,17.74,0.01,1,1774,买盘
1340,14:35:16,17.73,-0.01,5,8865,卖盘
1341,14:35:25,17.74,0.01,11,19504,买盘
1342,14:35:49,17.74,0.0,4,7096,卖盘
1343,14:35:55,17.78,0.04,2,3556,买盘
1344,14:36:00,17.75,-0.03,2,3550,卖盘
1345,14:36:10,17.74,-0.01,30,53220,卖盘
1346,14:36:16,17.73,-0.01,1,1773,卖盘
1347,14:36:22,17.74,0.01,1,1774,买盘
1348,14:36:28,17.74,0.0,4,7099,卖盘
1349,14:36:31,17.73,-0.01,23,40779,卖盘
1350,14:36:40,17.75,0.02,2,3550,买盘
1351,14:37:07,17.75,0.0,1,1775,买盘
1352,14:37:19,17.75,0.0,2,3550,买盘
1353,14:37:31,17.74,-0.01,7,12418,卖盘
1354,14:37:37,17.74,0.0,10,17746,卖盘
1355,14:37:46,17.74,0.0,3,5322,卖盘
1356,14:37:52,17.74,0.0,15,26610,卖盘
1357,14:37:58,17.74,0.0,2,3548,买盘
1358,14:38:04,17.73,-0.01,23,40779,卖盘
1359,14:38:10,17.73,0.0,40,70920,卖盘
1360,14:38:16,17.73,0.0,20,35460,卖盘
1361,14:38:19,17.72,-0.01,23,40756,卖盘
1362,14:38:22,17.74,0.02,14,24827,买盘
1363,14:38:25,17.74,0.0,6,10644,卖盘
1364,14:38:31,17.71,-0.03,97,171817,卖盘
1365,14:38:37,17.7,-0.01,4,7080,卖盘
1366,14:38:43,17.7,0.0,2,3540,卖盘
1367,14:38:46,17.7,0.0,97,171690,卖盘
1368,14:38:49,17.7,0.0,3,5310,买盘
1369,14:38:52,17.69,-0.01,7,12383,卖盘
1370,14:38:55,17.69,0.0,4,7076,卖盘
1371,14:39:01,17.68,-0.01,37,65420,卖盘
1372,14:39:07,17.68,0.0,3,5304,买盘
1373,14:39:13,17.67,-0.01,24,42428,卖盘
1374,14:39:16,17.67,0.0,50,88350,卖盘
1375,14:39:19,17.67,0.0,1,1767,卖盘
1376,14:39:22,17.67,0.0,11,19437,卖盘
1377,14:39:25,17.67,0.0,2,3534,卖盘
1378,14:39:28,17.67,0.0,20,35340,卖盘
1379,14:39:34,17.67,0.0,12,21204,卖盘
1380,14:39:40,17.67,0.0,5,8835,卖盘
1381,14:39:43,17.67,0.0,2,3534,卖盘
1382,14:39:58,17.67,0.0,2,3534,卖盘
1383,14:40:01,17.68,0.01,2,3536,买盘
1384,14:40:04,17.68,0.0,1,1768,卖盘
1385,14:40:25,17.69,0.01,5,8845,买盘
1386,14:40:28,17.68,-0.01,7,12376,卖盘
1387,14:40:40,17.68,0.0,17,30056,卖盘
1388,14:40:46,17.69,0.01,34,60146,买盘
1389,14:40:49,17.69,0.0,6,10614,卖盘
1390,14:40:58,17.69,0.0,24,42476,卖盘
1391,14:41:10,17.69,0.0,19,33611,卖盘
1392,14:41:13,17.69,0.0,33,58377,卖盘
1393,14:41:22,17.68,-0.01,70,123760,卖盘
1394,14:41:28,17.67,-0.01,2,3534,卖盘
1395,14:41:34,17.66,-0.01,6,10596,卖盘
1396,14:41:37,17.68,0.02,39,68918,买盘
1397,14:41:40,17.66,-0.02,13,22958,卖盘
1398,14:41:46,17.65,-0.01,11,19415,卖盘
1399,14:41:58,17.63,-0.02,5,8815,卖盘
1400,14:42:04,17.61,-0.02,58,102183,卖盘
1401,14:42:13,17.62,0.01,10,17620,中性盘
1402,14:42:16,17.61,-0.01,2,3522,卖盘
1403,14:42:19,17.61,0.0,16,28176,卖盘
1404,14:42:22,17.6,-0.01,100,176000,卖盘
1405,14:42:25,17.61,0.01,14,24654,买盘
1406,14:42:28,17.6,-0.01,2,3521,卖盘
1407,14:42:37,17.6,0.0,5,8800,买盘
1408,14:42:40,17.59,-0.01,2,3518,卖盘
1409,14:42:43,17.59,0.0,12,21110,卖盘
1410,14:42:46,17.59,0.0,5,8795,买盘
1411,14:42:55,17.51,-0.08,50,87637,卖盘
1412,14:43:01,17.58,0.07,20,35160,买盘
1413,14:43:10,17.53,-0.05,10,17532,卖盘
1414,14:43:16,17.57,0.04,1,1757,买盘
1415,14:43:19,17.57,0.0,16,28075,买盘
1416,14:43:22,17.57,0.0,41,72037,买盘
1417,14:43:34,17.57,0.0,2,3514,买盘
1418,14:43:46,17.59,0.02,21,36915,买盘
1419,14:43:52,17.6,0.01,5,8800,买盘
1420,14:43:55,17.57,-0.03,52,91399,卖盘
1421,14:43:58,17.61,0.04,2,3522,买盘
1422,14:44:04,17.58,-0.03,10,17580,卖盘
1423,14:44:10,17.58,0.0,1,1758,买盘
1424,14:44:13,17.58,0.0,36,63280,买盘
1425,14:44:19,17.58,0.0,22,38674,买盘
1426,14:44:25,17.58,0.0,2,3517,卖盘
1427,14:44:34,17.58,0.0,1,1758,卖盘
1428,14:44:40,17.58,0.0,12,21096,卖盘
1429,14:44:43,17.58,0.0,1,1758,买盘
1430,14:44:49,17.58,0.0,10,17580,买盘
1431,14:44:52,17.58,0.0,6,10548,买盘
1432,14:44:55,17.6,0.02,1,1760,买盘
1433,14:45:10,17.6,0.0,1,1760,买盘
1434,14:45:16,17.6,0.0,5,8800,买盘
1435,14:45:19,17.6,0.0,2,3521,中性盘
1436,14:45:22,17.64,0.04,11,19383,买盘
1437,14:45:34,17.66,0.02,1,1766,中性盘
1438,14:45:40,17.65,-0.01,1,1765,卖盘
1439,14:45:43,17.65,0.0,28,49420,卖盘
1440,14:45:49,17.65,0.0,5,8825,卖盘
1441,14:45:52,17.68,0.03,16,28288,买盘
1442,14:45:55,17.65,-0.03,5,8825,买盘
1443,14:46:07,17.65,0.0,15,26475,买盘
1444,14:46:31,17.6,-0.05,4,7040,卖盘
1445,14:46:55,17.61,0.01,20,35220,卖盘
1446,14:47:10,17.6,-0.01,10,17600,卖盘
1447,14:47:13,17.6,0.0,34,59840,卖盘
1448,14:47:25,17.59,-0.01,1,1759,买盘
1449,14:47:28,17.58,-0.01,25,43950,卖盘
1450,14:47:34,17.58,0.0,5,8790,买盘
1451,14:47:40,17.58,0.0,5,8790,买盘
1452,14:47:43,17.55,-0.03,43,75496,卖盘
1453,14:47:49,17.58,0.03,25,43948,买盘
1454,14:47:55,17.55,-0.03,5,8775,卖盘
1455,14:47:58,17.55,0.0,5,8775,买盘
1456,14:48:07,17.54,-0.01,5,8770,卖盘
1457,14:48:10,17.55,0.01,1,1755,买盘
1458,14:48:16,17.57,0.02,14,24590,买盘
1459,14:48:19,17.58,0.01,1,1758,卖盘
1460,14:48:25,17.58,0.0,50,87900,卖盘
1461,14:48:28,17.58,0.0,15,26370,卖盘
1462,14:48:31,17.58,0.0,22,38676,卖盘
1463,14:48:37,17.58,0.0,10,17580,卖盘
1464,14:48:43,17.6,0.02,5,8799,买盘
1465,14:48:46,17.58,-0.02,3,5274,卖盘
1466,14:48:49,17.57,-0.01,2,3514,卖盘
1467,14:49:01,17.57,0.0,5,8785,卖盘
1468,14:49:04,17.57,0.0,5,8785,卖盘
1469,14:49:10,17.57,0.0,3,5271,买盘
1470,14:49:13,17.56,-0.01,15,26340,卖盘
1471,14:49:19,17.56,0.0,26,45656,买盘
1472,14:49:31,17.57,0.01,4,7028,卖盘
1473,14:49:52,17.57,0.0,16,28112,买盘
1474,14:49:55,17.55,-0.02,81,142172,卖盘
1475,14:50:01,17.55,0.0,11,19305,买盘
1476,14:50:04,17.54,-0.01,1,1754,卖盘
1477,14:50:10,17.55,0.01,33,57914,买盘
1478,14:50:13,17.56,0.01,23,40382,买盘
1479,14:50:16,17.57,0.01,2,3514,买盘
1480,14:50:19,17.56,-0.01,1,3161,卖盘
1481,14:50:22,17.56,0.0,10,17560,卖盘
1482,14:50:25,17.56,0.0,5,8780,卖盘
1483,14:50:31,17.56,0.0,14,24584,卖盘
1484,14:50:37,17.56,0.0,6,10536,卖盘
1485,14:50:40,17.57,0.01,48,82886,买盘
1486,14:50:43,17.57,0.0,33,59386,买盘
1487,14:50:46,17.57,0.0,1,1757,卖盘
1488,14:50:55,17.58,0.01,1,1758,买盘
1489,14:50:58,17.58,0.0,2,3516,买盘
1490,14:51:01,17.57,-0.01,2,3514,卖盘
1491,14:51:07,17.58,0.01,40,70290,买盘
1492,14:51:13,17.57,-0.01,1,1757,卖盘
1493,14:51:22,17.58,0.01,3,5274,买盘
1494,14:51:25,17.58,0.0,6,10548,买盘
1495,14:51:28,17.57,-0.01,64,112448,卖盘
1496,14:51:34,17.57,0.0,13,21435,卖盘
1497,14:51:46,17.57,0.0,9,15812,买盘
1498,14:51:49,17.56,-0.01,6,10540,卖盘
1499,14:51:52,17.56,0.0,30,52680,买盘
1500,14:51:58,17.56,0.0,8,14048,买盘
1501,14:52:04,17.56,0.0,10,17560,买盘
1502,14:52:22,17.56,0.0,1,1756,卖盘
1503,14:52:28,17.55,-0.01,13,22822,卖盘
1504,14:52:34,17.56,0.01,20,35130,中性盘
1505,14:52:40,17.56,0.0,4,7023,买盘
1506,14:52:43,17.57,0.01,2,3514,买盘
1507,14:52:49,17.56,-0.01,1,1756,卖盘
1508,14:52:55,17.57,0.01,16,28814,买盘
1509,14:52:58,17.56,-0.01,10,17560,卖盘
1510,14:53:01,17.57,0.01,22,38654,买盘
1511,14:53:04,17.57,0.0,15,26355,买盘
1512,14:53:13,17.57,0.0,5,8785,买盘
1513,14:53:16,17.57,0.0,22,38654,买盘
1514,14:53:28,17.57,0.0,9,15813,买盘
1515,14:53:31,17.57,0.0,1,1406,卖盘
1516,14:53:37,17.58,0.01,30,52740,买盘
1517,14:53:43,17.6,0.02,30,52800,买盘
1518,14:53:55,17.61,0.01,10,17610,买盘
1519,14:54:01,17.65,0.04,124,218685,买盘
1520,14:54:10,17.65,0.0,36,63450,买盘
1521,14:54:13,17.65,0.0,3,5295,买盘
1522,14:54:16,17.65,0.0,1,1765,卖盘
1523,14:54:31,17.62,-0.03,20,35270,卖盘
1524,14:54:34,17.69,0.07,87,154814,买盘
1525,14:55:01,17.73,0.04,4,7092,中性盘
1526,14:55:07,17.73,0.0,6,10618,买盘
1527,14:55:10,17.73,0.0,20,35455,买盘
1528,14:55:25,17.73,0.0,10,17730,买盘
1529,14:55:37,17.69,-0.04,6,10614,卖盘
1530,14:55:49,17.72,0.03,11,19492,买盘
1531,14:55:52,17.7,-0.02,10,17700,卖盘
1532,14:55:58,17.7,0.0,14,24780,买盘
1533,14:56:04,17.7,0.0,6,10620,卖盘
1534,14:56:07,17.7,0.0,10,17700,卖盘
1535,14:56:16,17.7,0.0,104,184385,卖盘
1536,14:56:25,17.7,0.0,40,70800,卖盘
1537,14:56:28,17.69,-0.01,9,15925,卖盘
1538,14:56:34,17.7,0.01,10,17700,买盘
1539,14:56:40,17.69,-0.01,4,7077,卖盘
1540,14:56:43,17.7,0.01,8,14160,买盘
1541,14:56:52,17.67,-0.03,1,1767,卖盘
1542,14:56:58,17.67,0.0,6,10602,买盘
1543,15:00:04,17.66,-0.01,361,637526,卖盘
