,time,price,change,volume,amount,type
0,09:30:04,4.06,0.01,49,19893,买盘
1,09:30:12,4.06,0.0,21,8530,卖盘
2,09:30:25,4.05,-0.01,50,20250,卖盘
3,09:30:27,4.06,0.01,12,4872,买盘
4,09:30:33,4.06,0.0,31,12586,买盘
5,09:30:37,4.05,-0.01,50,20256,卖盘
6,09:30:40,4.06,0.01,51,20706,中性盘
7,09:30:46,4.06,0.0,5,2030,买盘
8,09:30:49,4.06,0.0,26,10580,卖盘
9,09:30:52,4.05,-0.01,62,25113,卖盘
10,09:30:54,4.05,0.0,50,20250,卖盘
11,09:31:01,4.05,0.0,2,1134,卖盘
12,09:31:43,4.06,0.01,1,406,买盘
13,09:31:45,4.06,0.0,10,4060,买盘
14,09:31:52,4.06,0.0,10,4060,买盘
15,09:31:55,4.06,0.0,37,15022,买盘
16,09:32:04,4.05,-0.01,50,20250,卖盘
17,09:32:07,4.05,0.0,50,20250,卖盘
18,09:32:19,4.05,0.0,50,20250,卖盘
19,09:32:43,4.06,0.01,8,3248,买盘
20,09:32:51,4.05,-0.01,61,24706,卖盘
21,09:33:07,4.05,0.0,50,20250,卖盘
22,09:33:24,4.05,0.0,32,12960,卖盘
23,09:33:34,4.06,0.01,3,1218,买盘
24,09:33:42,4.05,-0.01,20,8100,卖盘
25,09:33:51,4.06,0.01,10,4060,买盘
26,09:33:55,4.05,-0.01,100,40500,卖盘
27,09:33:58,4.05,0.0,50,20250,卖盘
28,09:34:01,4.06,0.01,293,118674,买盘
29,09:34:09,4.05,-0.01,87,35235,卖盘
30,09:34:13,4.06,0.01,67,27078,买盘
31,09:34:22,4.04,-0.02,50,20200,卖盘
32,09:34:25,4.03,-0.01,55,22202,卖盘
33,09:34:37,4.03,0.0,50,20150,卖盘
34,09:34:40,4.05,0.02,10,4050,买盘
35,09:34:46,4.04,-0.01,50,20200,卖盘
36,09:34:52,4.04,0.0,26,10498,买盘
37,09:34:57,4.04,0.0,29,11716,买盘
38,09:35:04,4.04,0.0,6,2424,买盘
39,09:35:10,4.04,0.0,126,50803,买盘
40,09:35:19,4.04,0.0,1,404,买盘
41,09:35:22,4.02,-0.02,62,24929,卖盘
42,09:35:36,4.02,0.0,50,20100,卖盘
43,09:35:43,4.03,0.01,2,806,买盘
44,09:35:49,4.03,0.0,4,1612,买盘
45,09:35:51,4.02,-0.01,313,125884,卖盘
46,09:36:07,4.03,0.01,2,806,买盘
47,09:36:10,4.03,0.0,48,19344,买盘
48,09:36:13,4.03,0.0,8,3224,买盘
49,09:36:16,4.02,-0.01,14,5632,卖盘
50,09:36:19,4.03,0.01,49,19747,买盘
51,09:36:37,4.03,0.0,18,7254,卖盘
52,09:36:40,4.03,0.0,42,16926,买盘
53,09:36:42,4.04,0.01,1,404,买盘
54,09:36:55,4.03,-0.01,30,12090,卖盘
55,09:36:58,4.04,0.01,10,4040,买盘
56,09:37:01,4.04,0.0,2,808,买盘
57,09:37:28,4.04,0.0,54,21816,买盘
58,09:37:51,4.04,0.0,50,20200,买盘
59,09:38:03,4.04,0.0,37,14948,买盘
60,09:38:07,4.03,-0.01,60,24180,卖盘
61,09:38:16,4.03,0.0,36,14514,卖盘
62,09:38:31,4.04,0.01,5,2020,买盘
63,09:38:52,4.03,-0.01,246,99138,卖盘
64,09:39:04,4.03,0.0,100,40300,买盘
65,09:39:06,4.03,0.0,20,8060,买盘
66,09:39:09,4.04,0.01,12,4848,买盘
67,09:39:22,4.02,-0.02,35,14073,卖盘
68,09:39:34,4.03,0.01,18,7254,卖盘
69,09:39:49,4.03,0.0,3,1209,买盘
70,09:39:57,4.03,0.0,200,80600,买盘
71,09:40:04,4.02,-0.01,8,3216,卖盘
72,09:40:10,4.03,0.01,200,80600,买盘
73,09:40:24,4.03,0.0,3,1209,买盘
74,09:40:28,4.03,0.0,5,2015,买盘
75,09:41:01,4.03,0.0,33,13299,买盘
76,09:41:06,4.03,0.0,100,40300,买盘
77,09:41:16,4.03,0.0,30,12090,买盘
78,09:41:19,4.03,0.0,100,40300,买盘
79,09:41:40,4.03,0.0,18,7254,买盘
80,09:41:42,4.03,0.0,5,2015,买盘
81,09:41:49,4.03,0.0,4,1612,买盘
82,09:41:52,4.03,0.0,18,7254,卖盘
83,09:41:55,4.04,0.01,4,1616,买盘
84,09:41:58,4.03,-0.01,100,40300,卖盘
85,09:42:09,4.04,0.01,2,808,买盘
86,09:42:12,4.03,-0.01,30,12090,卖盘
87,09:42:36,4.04,0.01,20,8080,买盘
88,09:42:43,4.03,-0.01,60,24180,卖盘
89,09:43:22,4.04,0.01,126,50904,买盘
90,09:43:37,4.04,0.0,42,16968,买盘
91,09:43:42,4.03,-0.01,253,101959,卖盘
92,09:43:46,4.03,0.0,4,1612,买盘
93,09:43:58,4.03,0.0,10,4030,买盘
94,09:44:04,4.03,0.0,100,40300,买盘
95,09:44:07,4.03,0.0,39,15717,买盘
96,09:44:09,4.03,0.0,15,6045,买盘
97,09:44:16,4.03,0.0,60,24180,卖盘
98,09:44:24,4.03,0.0,65,26195,卖盘
99,09:44:31,4.03,0.0,1,403,卖盘
100,09:44:36,4.04,0.01,4,1616,买盘
101,09:45:01,4.03,-0.01,132,53196,卖盘
102,09:45:10,4.03,0.0,16,6448,买盘
103,09:45:15,4.03,0.0,4,1612,买盘
104,09:45:19,4.03,0.0,71,28613,买盘
105,09:45:34,4.04,0.01,49,19796,买盘
106,09:45:46,4.04,0.0,6,2424,买盘
107,09:46:00,4.04,0.0,100,40400,买盘
108,09:46:10,4.04,0.0,45,18180,买盘
109,09:46:15,4.04,0.0,47,18988,买盘
110,09:46:19,4.04,0.0,16,6464,买盘
111,09:46:22,4.04,0.0,1,404,买盘
112,09:46:25,4.04,0.0,64,25856,买盘
113,09:46:46,4.05,0.01,48,19440,买盘
114,09:46:51,4.05,0.0,11,4455,买盘
115,09:47:04,4.04,-0.01,28,11312,卖盘
116,09:47:07,4.04,0.0,60,24240,买盘
117,09:47:09,4.04,0.0,20,8080,买盘
118,09:47:37,4.04,0.0,20,8080,卖盘
119,09:47:49,4.04,0.0,26,10504,卖盘
120,09:48:04,4.04,0.0,60,24240,卖盘
121,09:48:19,4.05,0.01,10,4050,买盘
122,09:48:22,4.05,0.0,34,13770,买盘
123,09:48:28,4.05,0.0,27,10935,买盘
124,09:48:37,4.05,0.0,6,2430,买盘
125,09:49:22,4.05,0.0,49,19845,买盘
126,09:49:40,4.04,-0.01,6,2426,卖盘
127,09:49:43,4.04,0.0,4,1616,卖盘
128,09:49:55,4.04,0.0,2,566,卖盘
129,09:49:58,4.04,0.0,137,55348,卖盘
130,09:50:00,4.04,0.0,123,49692,卖盘
131,09:50:04,4.04,0.0,6,2424,卖盘
132,09:50:07,4.04,0.0,50,20200,卖盘
133,09:50:10,4.04,0.0,61,24644,卖盘
134,09:50:12,4.04,0.0,1,404,卖盘
135,09:50:16,4.04,0.0,103,41612,卖盘
136,09:50:19,4.05,0.01,14,5670,买盘
137,09:50:30,4.04,-0.01,10,4040,买盘
138,09:50:34,4.04,0.0,2,808,买盘
139,09:50:37,4.04,0.0,1,646,卖盘
140,09:50:46,4.04,0.0,15,6060,买盘
141,09:50:58,4.03,-0.01,50,20150,卖盘
142,09:51:19,4.04,0.01,28,11312,买盘
143,09:51:39,4.04,0.0,31,12524,买盘
144,09:51:52,4.04,0.0,20,8080,买盘
145,09:51:55,4.04,0.0,10,4040,买盘
146,09:52:33,4.03,-0.01,70,28210,卖盘
147,09:53:04,4.04,0.01,37,14948,买盘
148,09:53:15,4.04,0.0,5,2020,买盘
149,09:53:22,4.03,-0.01,4,1612,卖盘
150,09:53:24,4.04,0.01,10,4040,买盘
151,09:53:34,4.03,-0.01,4,1612,卖盘
152,09:53:37,4.03,0.0,189,76167,卖盘
153,09:53:40,4.03,0.0,4,1612,卖盘
154,09:53:43,4.03,0.0,3,1209,卖盘
155,09:54:19,4.03,0.0,6,2418,卖盘
156,09:54:28,4.03,0.0,60,24180,卖盘
157,09:54:34,4.03,0.0,4,1612,卖盘
158,09:54:51,4.04,0.01,7,2828,买盘
159,09:55:16,4.03,-0.01,50,20150,卖盘
160,09:55:25,4.03,0.0,60,24180,卖盘
161,09:55:33,4.03,0.0,8,3224,卖盘
162,09:55:55,4.03,0.0,49,19747,卖盘
163,09:56:10,4.03,0.0,14,5642,卖盘
164,09:56:27,4.03,0.0,50,20150,卖盘
165,09:56:33,4.03,0.0,1,403,卖盘
166,09:56:37,4.03,0.0,80,32240,卖盘
167,09:57:01,4.03,0.0,120,48420,卖盘
168,09:57:09,4.04,0.01,2,808,买盘
169,09:57:52,4.04,0.0,10,4040,买盘
170,09:58:19,4.04,0.0,17,6868,买盘
171,09:58:40,4.04,0.0,9,3636,买盘
172,09:58:55,4.03,-0.01,60,24180,卖盘
173,09:58:58,4.04,0.01,20,8080,买盘
174,09:59:40,4.03,-0.01,14,5642,卖盘
175,09:59:49,4.03,0.0,60,24180,卖盘
176,09:59:52,4.03,0.0,20,8060,卖盘
177,10:00:25,4.03,0.0,1155,465465,卖盘
178,10:00:31,4.03,0.0,1,403,买盘
179,10:00:34,4.03,0.0,20,8060,买盘
180,10:00:57,4.02,-0.01,628,252347,卖盘
181,10:01:22,4.02,0.0,60,24120,卖盘
182,10:01:28,4.03,0.01,27,10881,买盘
183,10:01:34,4.03,0.0,10,4030,买盘
184,10:01:45,4.03,0.0,53,21359,买盘
185,10:01:48,4.02,-0.01,4,1608,卖盘
186,10:02:07,4.02,0.0,60,24120,卖盘
187,10:02:24,4.03,0.01,32,12896,买盘
188,10:02:33,4.03,0.0,21,8463,买盘
189,10:02:46,4.03,0.0,71,28613,买盘
190,10:03:04,4.02,-0.01,135,54270,卖盘
191,10:03:10,4.03,0.01,34,13702,买盘
192,10:03:46,4.03,0.0,5,2015,买盘
193,10:04:07,4.02,-0.01,152,61104,卖盘
194,10:04:34,4.02,0.0,60,24120,卖盘
195,10:04:39,4.03,0.01,1,403,买盘
196,10:05:10,4.02,-0.01,2,804,卖盘
197,10:05:13,4.02,0.0,60,24120,卖盘
198,10:05:37,4.03,0.01,20,8060,买盘
199,10:06:10,4.03,0.0,1,403,买盘
200,10:06:28,4.03,0.0,48,19344,买盘
201,10:06:31,4.03,0.0,3,1209,买盘
202,10:06:40,4.02,-0.01,30,12060,卖盘
203,10:06:52,4.02,0.0,24,9648,卖盘
204,10:07:04,4.02,0.0,60,24120,卖盘
205,10:07:18,4.02,0.0,58,23316,卖盘
206,10:07:36,4.02,0.0,10,4020,卖盘
207,10:07:43,4.03,0.01,17,6851,买盘
208,10:07:49,4.02,-0.01,24,9648,卖盘
209,10:07:58,4.02,0.0,2,804,卖盘
210,10:08:01,4.02,0.0,60,24120,卖盘
211,10:08:19,4.02,0.0,55,22110,卖盘
212,10:08:31,4.02,0.0,50,20100,卖盘
213,10:08:34,4.02,0.0,58,23316,卖盘
214,10:08:36,4.02,0.0,7,2814,卖盘
215,10:08:46,4.02,0.0,50,20100,卖盘
216,10:08:57,4.02,0.0,60,24120,卖盘
217,10:09:00,4.03,0.01,1,403,买盘
218,10:09:16,4.02,-0.01,104,41965,卖盘
219,10:09:42,4.02,0.0,60,24120,卖盘
220,10:09:45,4.02,0.0,37,14874,卖盘
221,10:09:58,4.03,0.01,5,2015,买盘
222,10:10:34,4.03,0.0,31,12493,买盘
223,10:10:58,4.02,-0.01,60,24120,卖盘
224,10:11:37,4.03,0.01,30,12090,买盘
225,10:11:57,4.02,-0.01,6,2412,卖盘
226,10:12:04,4.02,0.0,60,24120,卖盘
227,10:12:16,4.02,0.0,6,2412,卖盘
228,10:12:37,4.02,0.0,14,5628,卖盘
229,10:12:40,4.02,0.0,1,402,卖盘
230,10:12:43,4.03,0.01,2,806,买盘
231,10:12:57,4.02,-0.01,13,5226,卖盘
232,10:13:00,4.02,0.0,3,1206,卖盘
233,10:13:10,4.02,0.0,63,25326,卖盘
234,10:13:19,4.02,0.0,157,63114,卖盘
235,10:13:24,4.02,0.0,72,28944,卖盘
236,10:13:31,4.02,0.0,1,402,卖盘
237,10:13:43,4.02,0.0,20,8040,卖盘
238,10:13:45,4.02,0.0,16,6432,卖盘
239,10:14:07,4.02,0.0,24,9648,卖盘
240,10:14:37,4.02,0.0,60,24120,卖盘
241,10:15:33,4.02,0.0,10,4020,卖盘
242,10:15:40,4.02,0.0,60,24120,卖盘
243,10:15:46,4.02,0.0,36,14472,卖盘
244,10:15:55,4.03,0.01,4,1612,买盘
245,10:15:57,4.02,-0.01,36,14472,卖盘
246,10:17:10,4.02,0.0,60,24120,卖盘
247,10:17:22,4.03,0.01,8,3224,买盘
248,10:17:28,4.02,-0.01,3,1206,卖盘
249,10:17:52,4.02,0.0,26,10452,卖盘
250,10:18:30,4.02,0.0,60,24120,卖盘
251,10:18:33,4.03,0.01,144,58032,买盘
252,10:18:37,4.02,-0.01,5,2010,卖盘
253,10:18:40,4.03,0.01,10,4030,买盘
254,10:19:07,4.02,-0.01,1,402,卖盘
255,10:19:10,4.03,0.01,5,2014,买盘
256,10:20:28,4.02,-0.01,60,24120,卖盘
257,10:20:39,4.02,0.0,1,402,卖盘
258,10:20:42,4.03,0.01,5,2015,买盘
259,10:20:51,4.02,-0.01,27,10854,卖盘
260,10:20:55,4.03,0.01,4,1612,买盘
261,10:21:01,4.02,-0.01,19,7638,卖盘
262,10:21:51,4.02,0.0,109,43818,卖盘
263,10:22:04,4.02,0.0,104,41808,卖盘
264,10:22:16,4.02,0.0,200,80400,卖盘
265,10:22:19,4.03,0.01,42,16926,买盘
266,10:22:27,4.02,-0.01,1,402,卖盘
267,10:22:51,4.03,0.01,20,8060,买盘
268,10:23:07,4.03,0.0,144,58032,买盘
269,10:23:24,4.02,-0.01,400,160800,卖盘
270,10:23:40,4.03,0.01,70,28210,买盘
271,10:23:49,4.02,-0.01,20,8040,卖盘
272,10:24:25,4.02,0.0,110,44220,卖盘
273,10:24:31,4.02,0.0,60,24120,卖盘
274,10:24:39,4.02,0.0,36,14472,卖盘
275,10:25:25,4.02,0.0,60,24120,卖盘
276,10:25:28,4.02,0.0,1,402,卖盘
277,10:25:43,4.02,0.0,5,2010,卖盘
278,10:26:39,4.02,0.0,46,18492,卖盘
279,10:26:42,4.02,0.0,60,24120,卖盘
280,10:26:45,4.02,0.0,1,402,卖盘
281,10:27:30,4.02,0.0,50,20100,卖盘
282,10:27:46,4.02,0.0,20,8040,卖盘
283,10:27:55,4.02,0.0,60,24120,卖盘
284,10:28:07,4.02,0.0,18,7236,卖盘
285,10:28:52,4.02,0.0,60,24120,卖盘
286,10:29:04,4.03,0.01,12,4836,买盘
287,10:29:13,4.03,0.0,6,2418,买盘
288,10:29:28,4.03,0.0,15,6045,买盘
289,10:29:55,4.03,0.0,4,1612,买盘
290,10:30:06,4.02,-0.01,60,24120,卖盘
291,10:30:31,4.03,0.01,169,68107,买盘
292,10:31:07,4.03,0.0,5,2015,买盘
293,10:31:40,4.03,0.0,6,2418,买盘
294,10:31:48,4.03,0.0,20,8060,买盘
295,10:31:58,4.03,0.0,5,2015,买盘
296,10:32:31,4.03,0.0,2,806,买盘
297,10:32:37,4.02,-0.01,107,43014,卖盘
298,10:32:45,4.03,0.01,1,403,买盘
299,10:32:58,4.03,0.0,5,2015,买盘
300,10:33:18,4.03,0.0,86,34658,买盘
301,10:33:52,4.03,0.0,5,2015,买盘
302,10:34:00,4.03,0.0,4,1612,买盘
303,10:34:21,4.02,-0.01,4,1608,卖盘
304,10:35:16,4.02,0.0,2,563,卖盘
305,10:35:46,4.02,0.0,5,2010,卖盘
306,10:36:07,4.02,0.0,11,4422,卖盘
307,10:36:16,4.02,0.0,119,47843,卖盘
308,10:36:25,4.03,0.01,8,3224,买盘
309,10:36:40,4.03,0.0,188,75764,买盘
310,10:36:43,4.03,0.0,162,65286,买盘
311,10:36:45,4.03,0.0,4,1612,买盘
312,10:36:51,4.03,0.0,10,4030,买盘
313,10:37:01,4.03,0.0,5,2015,买盘
314,10:37:10,4.02,-0.01,86,34572,卖盘
315,10:38:00,4.03,0.01,6,2418,买盘
316,10:38:39,4.02,-0.01,45,18090,卖盘
317,10:38:49,4.02,0.0,60,24120,卖盘
318,10:39:07,4.02,0.0,147,59094,卖盘
319,10:39:18,4.02,0.0,1,402,卖盘
320,10:39:31,4.02,0.0,60,24120,卖盘
321,10:39:43,4.02,0.0,50,20100,卖盘
322,10:41:06,4.03,0.01,2,806,买盘
323,10:41:09,4.03,0.0,4,1612,买盘
324,10:41:13,4.03,0.0,59,23727,买盘
325,10:41:24,4.03,0.0,6,2418,买盘
326,10:41:37,4.03,0.0,8,3224,买盘
327,10:41:40,4.03,0.0,4,1612,买盘
328,10:41:43,4.02,-0.01,120,48240,卖盘
329,10:41:58,4.03,0.01,54,21664,买盘
330,10:42:13,4.01,-0.02,50,20072,卖盘
331,10:42:25,4.03,0.02,49,19747,买盘
332,10:43:07,4.02,-0.01,4,1608,卖盘
333,10:43:10,4.02,0.0,69,27738,卖盘
334,10:43:22,4.01,-0.01,285,114285,卖盘
335,10:43:37,4.01,0.0,20,8020,卖盘
336,10:44:15,4.01,0.0,13,5213,卖盘
337,10:44:19,4.01,0.0,60,24060,卖盘
338,10:44:21,4.01,0.0,50,20050,卖盘
339,10:44:39,4.01,0.0,8,3208,卖盘
340,10:45:01,4.02,0.01,20,8040,买盘
341,10:45:13,4.01,-0.01,1394,558994,卖盘
342,10:45:28,4.02,0.01,4,1608,买盘
343,10:45:34,4.01,-0.01,10,4010,卖盘
344,10:45:48,4.01,0.0,54,21654,卖盘
345,10:45:58,4.01,0.0,20,8030,卖盘
346,10:46:01,4.01,0.0,60,24060,卖盘
347,10:46:30,4.02,0.01,10,4020,买盘
348,10:46:36,4.01,-0.01,60,24060,卖盘
349,10:46:49,4.01,0.0,50,20050,卖盘
350,10:47:15,4.01,0.0,60,24060,卖盘
351,10:47:28,4.02,0.01,17,6834,买盘
352,10:47:46,4.01,-0.01,4,1604,卖盘
353,10:47:55,4.01,0.0,60,24060,卖盘
354,10:48:12,4.02,0.01,10,4020,买盘
355,10:48:22,4.02,0.0,26,10452,买盘
356,10:48:25,4.02,0.0,10,4020,买盘
357,10:48:30,4.02,0.0,3,1206,买盘
358,10:48:43,4.01,-0.01,60,24060,卖盘
359,10:48:52,4.02,0.01,761,305922,买盘
360,10:49:04,4.02,0.0,30,12060,买盘
361,10:49:45,4.02,0.0,125,50250,买盘
362,10:49:49,4.02,0.0,20,8040,买盘
363,10:50:07,4.01,-0.01,60,24060,卖盘
364,10:50:09,4.02,0.01,13,5226,买盘
365,10:50:13,4.02,0.0,20,8040,买盘
366,10:50:25,4.02,0.0,124,49848,买盘
367,10:50:28,4.02,0.0,4,1608,买盘
368,10:50:33,4.02,0.0,32,12864,买盘
369,10:50:37,4.02,0.0,340,136564,买盘
370,10:51:16,4.02,0.0,162,65124,卖盘
371,10:51:21,4.02,0.0,2,804,卖盘
372,10:51:24,4.02,0.0,53,21306,卖盘
373,10:51:28,4.02,0.0,7,2814,买盘
374,10:51:33,4.03,0.01,36,14508,买盘
375,10:51:36,4.02,-0.01,4,1608,卖盘
376,10:51:39,4.02,0.0,27,10854,买盘
377,10:51:43,4.02,0.0,16,6432,买盘
378,10:51:46,4.02,0.0,9,3618,买盘
379,10:51:49,4.02,0.0,13,5226,买盘
380,10:51:52,4.02,0.0,20,8040,买盘
381,10:51:55,4.02,0.0,18,7236,买盘
382,10:51:58,4.02,0.0,13,5226,买盘
383,10:52:01,4.02,0.0,20,8040,买盘
384,10:52:04,4.02,0.0,11,4422,买盘
385,10:52:06,4.02,0.0,119,47838,买盘
386,10:52:22,4.03,0.01,73,29419,买盘
387,10:53:16,4.02,-0.01,10,4020,卖盘
388,10:53:18,4.02,0.0,50,20100,卖盘
389,10:53:21,4.03,0.01,28,11284,买盘
390,10:53:39,4.03,0.0,9,3627,买盘
391,10:55:19,4.03,0.0,2,806,买盘
392,10:55:27,4.02,-0.01,60,24120,卖盘
393,10:56:27,4.02,0.0,60,24120,卖盘
394,10:56:46,4.02,0.0,12,4824,卖盘
395,10:56:57,4.02,0.0,17,6834,卖盘
396,10:57:27,4.02,0.0,143,57486,卖盘
397,10:57:42,4.02,0.0,172,69144,卖盘
398,10:57:46,4.02,0.0,33,13266,卖盘
399,10:57:48,4.02,0.0,80,32160,卖盘
400,10:57:51,4.02,0.0,13,5226,卖盘
401,10:58:04,4.02,0.0,5,2010,卖盘
402,10:59:00,4.02,0.0,70,28140,卖盘
403,10:59:22,4.03,0.01,2,806,买盘
404,10:59:39,4.02,-0.01,15,6030,卖盘
405,11:00:04,4.01,-0.01,70,28070,卖盘
406,11:00:16,4.01,0.0,1,401,卖盘
407,11:01:22,4.02,0.01,22,8844,买盘
408,11:01:31,4.01,-0.01,70,28070,卖盘
409,11:01:33,4.02,0.01,135,54270,买盘
410,11:02:39,4.01,-0.01,70,28070,卖盘
411,11:02:45,4.01,0.0,2,802,卖盘
412,11:03:24,4.02,0.01,74,29748,买盘
413,11:03:40,4.02,0.0,5,2010,买盘
414,11:04:00,4.02,0.0,440,176880,买盘
415,11:04:43,4.02,0.0,10,4020,卖盘
416,11:04:52,4.02,0.0,19,7638,卖盘
417,11:04:57,4.02,0.0,1,402,买盘
418,11:05:06,4.02,0.0,20,8040,卖盘
419,11:05:45,4.02,0.0,100,40200,卖盘
420,11:06:18,4.02,0.0,30,12060,买盘
421,11:06:30,4.01,-0.01,70,28070,卖盘
422,11:06:39,4.01,0.0,25,10025,卖盘
423,11:07:40,4.02,0.01,7,2814,买盘
424,11:07:46,4.01,-0.01,4,1604,卖盘
425,11:08:04,4.02,0.01,36,14472,买盘
426,11:08:19,4.01,-0.01,70,28070,卖盘
427,11:09:09,4.02,0.01,2,804,买盘
428,11:09:13,4.01,-0.01,70,28070,卖盘
429,11:09:18,4.02,0.01,31,12462,买盘
430,11:09:25,4.02,0.0,3,1205,买盘
431,11:09:31,4.02,0.0,65,26130,买盘
432,11:09:49,4.01,-0.01,7,2803,卖盘
433,11:10:22,4.01,0.0,50,20050,卖盘
434,11:10:42,4.02,0.01,333,133866,买盘
435,11:10:52,4.02,0.0,17,6834,卖盘
436,11:11:00,4.02,0.0,14,5628,卖盘
437,11:13:45,4.02,0.0,159,63918,卖盘
438,11:14:12,4.02,0.0,6,2408,买盘
439,11:14:19,4.01,-0.01,4,1604,卖盘
440,11:15:04,4.01,0.0,4,1604,卖盘
441,11:15:13,4.01,0.0,4,1604,卖盘
442,11:15:16,4.02,0.01,15,6026,买盘
443,11:15:22,4.01,-0.01,30,12030,卖盘
444,11:15:33,4.01,0.0,4,1604,卖盘
445,11:16:06,4.01,0.0,30,12030,卖盘
446,11:16:57,4.02,0.01,11,4422,买盘
447,11:17:39,4.02,0.0,13,5226,买盘
448,11:18:27,4.01,-0.01,30,12030,卖盘
449,11:19:06,4.02,0.01,2,804,买盘
450,11:19:12,4.01,-0.01,70,28070,卖盘
451,11:19:48,4.01,0.0,249,99849,卖盘
452,11:19:52,4.01,0.0,100,40100,卖盘
453,11:20:21,4.01,0.0,21,8421,卖盘
454,11:20:30,4.01,0.0,70,28070,卖盘
455,11:20:36,4.02,0.01,10,4020,买盘
456,11:20:57,4.01,-0.01,140,56140,卖盘
457,11:21:01,4.01,0.0,59,23659,卖盘
458,11:21:36,4.01,0.0,70,28070,卖盘
459,11:22:04,4.02,0.01,50,20100,买盘
460,11:22:24,4.01,-0.01,10,4010,卖盘
461,11:22:27,4.02,0.01,3,1206,买盘
462,11:23:30,4.02,0.0,99,39798,买盘
463,11:23:39,4.01,-0.01,70,28070,卖盘
464,11:23:55,4.01,0.0,2,802,卖盘
465,11:24:30,4.01,0.0,5,2005,卖盘
466,11:24:54,4.01,0.0,62,25223,卖盘
467,11:25:06,4.01,0.0,70,28070,卖盘
468,11:25:15,4.01,0.0,2,802,卖盘
469,11:25:19,4.01,0.0,4,1604,卖盘
470,11:25:30,4.02,0.01,2,804,买盘
471,11:25:36,4.01,-0.01,27,10827,卖盘
472,11:25:48,4.01,0.0,4,1604,卖盘
473,11:26:04,4.01,0.0,70,28070,卖盘
474,11:26:36,4.02,0.01,10,4020,买盘
475,11:26:48,4.02,0.0,250,100500,买盘
476,11:27:06,4.02,0.0,14,5628,买盘
477,11:27:15,4.01,-0.01,36,14436,卖盘
478,11:27:21,4.02,0.01,30,12060,买盘
479,11:27:51,4.02,0.0,3,1206,买盘
480,11:28:15,4.01,-0.01,70,28070,卖盘
481,11:29:04,4.01,0.0,70,28070,卖盘
482,11:29:24,4.02,0.01,4,1608,买盘
483,11:29:48,4.01,-0.01,70,28070,卖盘
484,11:29:57,4.01,0.0,7,2807,卖盘
485,13:00:04,4.01,0.0,31,12446,卖盘
486,13:00:07,4.02,0.01,5,2006,买盘
487,13:01:06,4.01,-0.01,70,28070,卖盘
488,13:02:07,4.01,0.0,32,12832,卖盘
489,13:02:09,4.01,0.0,65,26065,卖盘
490,13:02:57,4.01,0.0,20,8020,卖盘
491,13:03:30,4.02,0.01,4,1608,买盘
492,13:03:33,4.02,0.0,3,1206,买盘
493,13:04:12,4.01,-0.01,15,6015,卖盘
494,13:04:15,4.01,0.0,65,26065,卖盘
495,13:05:00,4.01,0.0,10,4010,卖盘
496,13:05:04,4.01,0.0,65,26065,卖盘
497,13:05:12,4.01,0.0,28,11228,卖盘
498,13:05:54,4.01,0.0,65,26065,卖盘
499,13:06:06,4.02,0.01,75,30150,买盘
500,13:06:12,4.02,0.0,5,2010,买盘
501,13:06:51,4.02,0.0,31,12462,买盘
502,13:06:57,4.01,-0.01,65,26065,卖盘
503,13:07:09,4.01,0.0,25,10025,卖盘
504,13:07:15,4.01,0.0,7,2807,卖盘
505,13:07:39,4.02,0.01,30,12060,买盘
506,13:07:48,4.02,0.0,5,2010,买盘
507,13:07:57,4.02,0.0,67,26869,买盘
508,13:08:24,4.02,0.0,46,18492,买盘
509,13:08:30,4.02,0.0,31,12462,买盘
510,13:08:45,4.01,-0.01,65,26065,卖盘
511,13:08:48,4.02,0.01,5,2010,买盘
512,13:08:51,4.02,0.0,2,804,买盘
513,13:08:54,4.01,-0.01,4,1604,卖盘
514,13:09:06,4.02,0.01,42,16627,买盘
515,13:09:18,4.01,-0.01,8,3364,卖盘
516,13:09:27,4.01,0.0,65,26065,卖盘
517,13:10:04,4.01,0.0,65,26065,卖盘
518,13:11:09,4.02,0.01,10,4020,买盘
519,13:11:21,4.01,-0.01,65,26065,卖盘
520,13:11:42,4.02,0.01,7,2814,买盘
521,13:11:57,4.01,-0.01,65,26065,卖盘
522,13:12:18,4.01,0.0,147,58947,卖盘
523,13:12:27,4.01,0.0,100,40100,卖盘
524,13:12:54,4.01,0.0,67,26869,卖盘
525,13:13:48,4.02,0.01,58,23316,买盘
526,13:13:57,4.02,0.0,186,74772,买盘
527,13:14:00,4.02,0.0,2,804,买盘
528,13:14:04,4.02,0.0,3,1206,买盘
529,13:14:07,4.02,0.0,152,61104,买盘
530,13:14:10,4.02,0.0,9,3618,买盘
531,13:14:12,4.02,0.0,117,46785,买盘
532,13:14:15,4.02,0.0,1,402,卖盘
533,13:15:18,4.02,0.0,267,107583,卖盘
534,13:15:27,4.02,0.0,7,2814,买盘
535,13:15:45,4.02,0.0,1,402,买盘
536,13:16:06,4.02,0.0,20,8040,买盘
537,13:16:33,4.01,-0.01,32,12863,卖盘
538,13:16:42,4.02,0.01,4,1608,买盘
539,13:17:00,4.01,-0.01,20,8020,卖盘
540,13:17:58,4.01,0.0,3,1203,卖盘
541,13:18:27,4.01,0.0,15,6015,卖盘
542,13:19:43,4.01,0.0,114,45714,卖盘
543,13:19:57,4.01,0.0,30,12030,卖盘
544,13:20:21,4.01,0.0,1,401,卖盘
545,13:20:48,4.01,0.0,35,14035,卖盘
546,13:21:09,4.01,0.0,3,1203,卖盘
547,13:21:15,4.02,0.01,153,61506,买盘
548,13:21:24,4.01,-0.01,1,401,卖盘
549,13:21:33,4.02,0.01,10,4020,买盘
550,13:22:33,4.02,0.0,120,48240,买盘
551,13:22:43,4.02,0.0,10,4020,买盘
552,13:22:51,4.01,-0.01,1,401,卖盘
553,13:23:04,4.02,0.01,54,21708,买盘
554,13:23:06,4.01,-0.01,20,8030,卖盘
555,13:23:15,4.02,0.01,410,164820,买盘
556,13:23:18,4.02,0.0,1,153,卖盘
557,13:24:40,4.03,0.01,8,3224,买盘
558,13:25:16,4.03,0.0,13,5239,买盘
559,13:25:30,4.03,0.0,19,7657,买盘
560,13:25:49,4.02,-0.01,2,804,卖盘
561,13:25:52,4.03,0.01,5,2015,买盘
562,13:26:12,4.02,-0.01,1,402,卖盘
563,13:26:15,4.02,0.0,400,160800,卖盘
564,13:26:21,4.03,0.01,31,12493,买盘
565,13:26:45,4.02,-0.01,1,402,卖盘
566,13:27:19,4.02,0.0,5,2010,卖盘
567,13:27:27,4.03,0.01,26,10478,买盘
568,13:27:37,4.02,-0.01,11,4422,卖盘
569,13:27:40,4.02,0.0,7,2814,卖盘
570,13:27:51,4.02,0.0,65,26130,卖盘
571,13:27:54,4.03,0.01,50,20150,买盘
572,13:28:25,4.02,-0.01,5,2010,卖盘
573,13:28:43,4.02,0.0,75,30150,卖盘
574,13:28:46,4.02,0.0,4,1608,卖盘
575,13:28:55,4.03,0.01,2,806,买盘
576,13:29:00,4.03,0.0,3,1209,买盘
577,13:29:04,4.03,0.0,613,247289,买盘
578,13:29:07,4.04,0.01,8,3232,买盘
579,13:29:10,4.04,0.0,4,1616,买盘
580,13:29:13,4.03,-0.01,1,403,卖盘
581,13:29:24,4.03,0.0,140,56420,卖盘
582,13:29:33,4.04,0.01,243,98172,买盘
583,13:29:45,4.03,-0.01,5,2015,卖盘
584,13:30:13,4.04,0.01,268,108272,买盘
585,13:30:22,4.04,0.0,102,41016,买盘
586,13:30:46,4.04,0.0,33,13332,买盘
587,13:30:49,4.04,0.0,15,6055,买盘
588,13:31:04,4.04,0.0,1,404,买盘
589,13:31:10,4.03,-0.01,142,57361,卖盘
590,13:31:27,4.04,0.01,117,47268,买盘
591,13:31:55,4.03,-0.01,20,8060,卖盘
592,13:32:10,4.03,0.0,39,15717,卖盘
593,13:32:13,4.03,0.0,1,403,买盘
594,13:32:16,4.03,0.0,1,403,买盘
595,13:32:18,4.03,0.0,1,403,买盘
596,13:32:42,4.03,0.0,2,806,卖盘
597,13:33:10,4.03,0.0,7,2821,卖盘
598,13:33:43,4.03,0.0,1,403,卖盘
599,13:34:09,4.03,0.0,1,403,卖盘
600,13:34:12,4.03,0.0,30,12090,卖盘
601,13:34:15,4.03,0.0,36,14508,卖盘
602,13:34:39,4.02,-0.01,4,1608,卖盘
603,13:35:12,4.02,0.0,1,402,卖盘
604,13:35:19,4.03,0.01,4,1612,买盘
605,13:35:42,4.02,-0.01,1,402,卖盘
606,13:36:04,4.03,0.01,2,806,买盘
607,13:36:09,4.02,-0.01,6,2412,卖盘
608,13:37:48,4.03,0.01,3,1209,买盘
609,13:39:06,4.03,0.0,18,7254,买盘
610,13:40:00,4.02,-0.01,29,11658,卖盘
611,13:40:18,4.02,0.0,475,190950,卖盘
612,13:40:39,4.03,0.01,4,1612,买盘
613,13:40:57,4.02,-0.01,10,4020,卖盘
614,13:41:21,4.02,0.0,9,3618,卖盘
615,13:41:45,4.03,0.01,1,403,买盘
616,13:41:49,4.03,0.0,97,39091,买盘
617,13:44:06,4.02,-0.01,20,8040,卖盘
618,13:44:34,4.02,0.0,11,4422,卖盘
619,13:45:00,4.02,0.0,6,2364,卖盘
620,13:45:33,4.03,0.01,30,12090,买盘
621,13:45:57,4.03,0.0,10,4030,买盘
622,13:46:51,4.03,0.0,10,4030,买盘
623,13:48:24,4.02,-0.01,30,12060,卖盘
624,13:49:24,4.02,0.0,1,402,卖盘
625,13:50:00,4.02,0.0,11,4422,卖盘
626,13:50:36,4.03,0.01,2,806,买盘
627,13:50:45,4.02,-0.01,193,77586,卖盘
628,13:50:52,4.02,0.0,1500,603000,卖盘
629,13:51:04,4.02,0.0,17,6834,卖盘
630,13:51:06,4.02,0.0,37,14769,卖盘
631,13:51:24,4.02,0.0,14,5628,买盘
632,13:51:51,4.02,0.0,2,804,买盘
633,13:52:07,4.02,0.0,20,8040,买盘
634,13:52:21,4.02,0.0,3,1206,买盘
635,13:53:04,4.02,0.0,10,4020,买盘
636,13:53:34,4.02,0.0,46,18492,买盘
637,13:53:51,4.02,0.0,10,4020,买盘
638,13:54:01,4.02,0.0,20,8040,买盘
639,13:55:06,4.01,-0.01,30,12030,卖盘
640,13:55:28,4.02,0.01,5,2010,买盘
641,13:55:30,4.01,-0.01,1,561,卖盘
642,13:55:45,4.01,0.0,56,22456,卖盘
643,13:56:00,4.01,0.0,30,12030,卖盘
644,13:56:09,4.01,0.0,3,1203,卖盘
645,13:56:55,4.01,0.0,30,12030,卖盘
646,13:57:30,4.01,0.0,10,4010,卖盘
647,13:58:13,4.02,0.01,4,1608,买盘
648,13:58:21,4.01,-0.01,35,14035,卖盘
649,13:58:24,4.02,0.01,500,201000,买盘
650,13:58:55,4.02,0.0,219,87741,买盘
651,13:59:19,4.02,0.0,20,8040,卖盘
652,13:59:21,4.03,0.01,100,40300,买盘
653,13:59:55,4.02,-0.01,200,80400,卖盘
654,14:00:10,4.03,0.01,500,201500,买盘
655,14:00:40,4.03,0.0,100,40300,买盘
656,14:01:01,4.03,0.0,500,201500,买盘
657,14:01:22,4.02,-0.01,4,1608,卖盘
658,14:01:28,4.03,0.01,499,201323,买盘
659,14:01:30,4.03,0.0,1,177,买盘
660,14:02:01,4.02,-0.01,4,1608,卖盘
661,14:02:04,4.03,0.01,100,40300,买盘
662,14:02:31,4.03,0.0,800,322400,买盘
663,14:03:01,4.04,0.01,100,40400,买盘
664,14:03:16,4.02,-0.02,298,119796,卖盘
665,14:03:27,4.02,0.0,100,40200,卖盘
666,14:03:31,4.04,0.02,500,201650,买盘
667,14:03:52,4.04,0.0,300,121200,买盘
668,14:04:19,4.04,0.0,500,202000,买盘
669,14:04:22,4.04,0.0,87,35148,买盘
670,14:04:40,4.05,0.01,300,121478,买盘
671,14:04:48,4.05,0.0,10,4050,买盘
672,14:04:57,4.05,0.0,239,96795,买盘
673,14:05:01,4.05,0.0,188,76140,卖盘
674,14:05:04,4.06,0.01,23,9338,买盘
675,14:05:06,4.06,0.0,106,43036,买盘
676,14:05:18,4.06,0.0,11,4466,买盘
677,14:05:21,4.06,0.0,75,30416,买盘
678,14:05:31,4.06,0.0,10,4060,买盘
679,14:05:37,4.05,-0.01,190,77134,卖盘
680,14:05:43,4.06,0.01,100,40600,买盘
681,14:05:46,4.06,0.0,82,33292,买盘
682,14:05:55,4.07,0.01,152,61864,买盘
683,14:06:04,4.07,0.0,104,42328,买盘
684,14:06:06,4.07,0.0,18,7326,买盘
685,14:06:10,4.07,0.0,109,44363,买盘
686,14:06:13,4.07,0.0,3,1221,买盘
687,14:06:16,4.07,0.0,12,4884,买盘
688,14:06:22,4.06,-0.01,34,13804,卖盘
689,14:06:25,4.07,0.01,5,2035,买盘
690,14:06:31,4.07,0.0,269,109483,买盘
691,14:06:34,4.07,0.0,187,76109,买盘
692,14:06:36,4.07,0.0,17,6919,买盘
693,14:06:40,4.07,0.0,169,68783,买盘
694,14:06:43,4.07,0.0,23,9361,买盘
695,14:06:49,4.07,0.0,5,2035,买盘
696,14:06:58,4.07,0.0,105,42735,买盘
697,14:07:16,4.07,0.0,11,4477,买盘
698,14:07:22,4.07,0.0,64,26048,买盘
699,14:07:25,4.07,0.0,100,40700,买盘
700,14:07:28,4.07,0.0,4,1628,买盘
701,14:07:43,4.06,-0.01,135,54910,卖盘
702,14:07:51,4.06,0.0,100,40600,卖盘
703,14:08:10,4.07,0.01,300,122100,买盘
704,14:08:19,4.06,-0.01,20,8120,卖盘
705,14:08:21,4.07,0.01,3,1221,买盘
706,14:08:25,4.06,-0.01,1055,428330,卖盘
707,14:08:43,4.05,-0.01,43,17415,卖盘
708,14:08:46,4.06,0.01,178,72268,买盘
709,14:08:49,4.06,0.0,10,4060,卖盘
710,14:08:52,4.07,0.01,4,1628,买盘
711,14:08:58,4.06,-0.01,220,89320,卖盘
712,14:09:01,4.07,0.01,616,250120,买盘
713,14:09:13,4.06,-0.01,50,20300,买盘
714,14:09:16,4.06,0.0,26,10556,买盘
715,14:09:22,4.06,0.0,29,11774,卖盘
716,14:09:25,4.06,0.0,945,383670,卖盘
717,14:09:34,4.07,0.01,4,1628,买盘
718,14:09:37,4.07,0.0,4,1628,买盘
719,14:09:52,4.07,0.0,4,1628,买盘
720,14:09:55,4.07,0.0,12,4884,买盘
721,14:09:58,4.07,0.0,4,1628,买盘
722,14:10:04,4.07,0.0,39,15873,买盘
723,14:10:06,4.07,0.0,104,42328,买盘
724,14:10:28,4.07,0.0,24,9768,买盘
725,14:10:34,4.07,0.0,479,194953,买盘
726,14:10:39,4.07,0.0,100,40700,买盘
727,14:11:04,4.07,0.0,500,203500,买盘
728,14:11:13,4.07,0.0,10,4070,买盘
729,14:11:21,4.07,0.0,73,29639,买盘
730,14:11:25,4.06,-0.01,28,11368,卖盘
731,14:11:30,4.06,0.0,10,4060,卖盘
732,14:11:33,4.06,0.0,18,7318,卖盘
733,14:11:40,4.07,0.01,500,203500,买盘
734,14:12:04,4.06,-0.01,30,12180,卖盘
735,14:12:09,4.07,0.01,14,5698,买盘
736,14:12:19,4.06,-0.01,45,18270,卖盘
737,14:12:27,4.06,0.0,425,172550,卖盘
738,14:12:34,4.06,0.0,80,32480,卖盘
739,14:12:37,4.06,0.0,24,9745,卖盘
740,14:12:40,4.07,0.01,1,407,买盘
741,14:12:46,4.07,0.0,41,16687,买盘
742,14:12:54,4.07,0.0,1,407,买盘
743,14:13:15,4.07,0.0,268,109076,买盘
744,14:13:24,4.06,-0.01,50,20320,卖盘
745,14:13:48,4.07,0.01,10,4070,买盘
746,14:13:54,4.06,-0.01,1,406,卖盘
747,14:14:04,4.07,0.01,500,203500,买盘
748,14:14:13,4.07,0.0,30,12210,买盘
749,14:14:27,4.07,0.0,300,122100,买盘
750,14:14:30,4.07,0.0,80,32947,买盘
751,14:14:34,4.07,0.0,39,15873,卖盘
752,14:14:37,4.07,0.0,32,12641,卖盘
753,14:14:45,4.07,0.0,150,61437,买盘
754,14:14:48,4.07,0.0,25,10175,卖盘
755,14:14:55,4.07,0.0,884,359788,卖盘
756,14:14:58,4.07,0.0,21,8160,买盘
757,14:15:06,4.08,0.01,500,203997,买盘
758,14:15:30,4.07,-0.01,42,17094,买盘
759,14:15:45,4.07,0.0,10,4070,卖盘
760,14:15:51,4.08,0.01,53,21624,买盘
761,14:15:55,4.08,0.0,152,61964,买盘
762,14:15:57,4.08,0.0,530,216210,买盘
763,14:16:04,4.08,0.0,274,111792,买盘
764,14:16:10,4.08,0.0,500,204000,买盘
765,14:16:13,4.07,-0.01,4,1628,卖盘
766,14:16:15,4.08,0.01,10,4080,买盘
767,14:16:21,4.08,0.0,245,99960,买盘
768,14:16:34,4.08,0.0,20,8160,买盘
769,14:16:43,4.08,0.0,12,4896,买盘
770,14:16:45,4.08,0.0,159,64872,买盘
771,14:16:54,4.08,0.0,100,40800,买盘
772,14:17:01,4.07,-0.01,1,407,卖盘
773,14:17:16,4.08,0.01,34,13872,买盘
774,14:17:25,4.08,0.0,4,1632,买盘
775,14:17:31,4.08,0.0,100,40800,买盘
776,14:17:34,4.07,-0.01,69,28083,卖盘
777,14:17:39,4.08,0.01,4,1632,买盘
778,14:17:42,4.08,0.0,100,40800,买盘
779,14:17:49,4.07,-0.01,70,28490,卖盘
780,14:18:07,4.07,0.0,54,21978,卖盘
781,14:18:10,4.08,0.01,237,96559,买盘
782,14:18:19,4.08,0.0,27,11016,买盘
783,14:18:21,4.07,-0.01,51,20757,卖盘
784,14:18:28,4.07,0.0,280,113960,卖盘
785,14:18:34,4.07,0.0,30,12210,卖盘
786,14:18:37,4.07,0.0,200,81400,卖盘
787,14:18:40,4.07,0.0,13,5291,卖盘
788,14:18:43,4.07,0.0,293,119251,卖盘
789,14:18:46,4.08,0.01,40,16290,买盘
790,14:18:51,4.07,-0.01,34,13838,卖盘
791,14:19:04,4.07,0.0,210,85470,卖盘
792,14:19:15,4.07,0.0,930,378510,卖盘
793,14:19:24,4.07,0.0,14,5698,买盘
794,14:19:40,4.07,0.0,5,2035,买盘
795,14:19:49,4.07,0.0,274,111518,买盘
796,14:20:06,4.07,0.0,210,85470,卖盘
797,14:20:10,4.08,0.01,24,9792,买盘
798,14:20:12,4.07,-0.01,5,2035,卖盘
799,14:20:27,4.07,0.0,210,85470,卖盘
800,14:20:33,4.07,0.0,3,1221,卖盘
801,14:20:49,4.07,0.0,300,122100,卖盘
802,14:20:54,4.07,0.0,377,153616,卖盘
803,14:21:01,4.07,0.0,23,9361,卖盘
804,14:21:04,4.07,0.0,30,12210,卖盘
805,14:21:06,4.07,0.0,272,110704,卖盘
806,14:21:10,4.07,0.0,4,1628,卖盘
807,14:21:21,4.08,0.01,100,40800,买盘
808,14:21:28,4.07,-0.01,10,4070,卖盘
809,14:21:42,4.08,0.01,4,1632,买盘
810,14:21:52,4.07,-0.01,3,1221,卖盘
811,14:21:55,4.08,0.01,10,4080,买盘
812,14:21:58,4.07,-0.01,187,76109,卖盘
813,14:22:12,4.08,0.01,5,2040,买盘
814,14:22:16,4.07,-0.01,210,85470,卖盘
815,14:22:28,4.07,0.0,12,4884,卖盘
816,14:22:40,4.07,0.0,278,113146,卖盘
817,14:22:42,4.07,0.0,4,1628,买盘
818,14:22:49,4.07,0.0,4,1628,买盘
819,14:22:58,4.06,-0.01,210,85260,卖盘
820,14:23:01,4.07,0.01,10,4070,买盘
821,14:23:10,4.07,0.0,62,25173,买盘
822,14:23:22,4.06,-0.01,210,85260,卖盘
823,14:23:31,4.07,0.01,522,212454,买盘
824,14:23:34,4.07,0.0,500,203500,买盘
825,14:23:42,4.07,0.0,13,5291,买盘
826,14:23:52,4.07,0.0,3,1221,买盘
827,14:23:58,4.06,-0.01,210,85260,卖盘
828,14:24:04,4.07,0.01,10,4070,买盘
829,14:24:06,4.07,0.0,12,4884,买盘
830,14:24:12,4.06,-0.01,210,85260,卖盘
831,14:24:22,4.07,0.01,8,3256,买盘
832,14:24:34,4.06,-0.01,210,85260,卖盘
833,14:25:04,4.06,0.0,210,85260,卖盘
834,14:25:07,4.07,0.01,123,50061,买盘
835,14:25:22,4.07,0.0,500,203500,买盘
836,14:25:39,4.07,0.0,10,4070,买盘
837,14:25:46,4.06,-0.01,17,6902,卖盘
838,14:25:52,4.07,0.01,500,203500,买盘
839,14:26:04,4.06,-0.01,1,406,卖盘
840,14:26:10,4.06,0.0,210,85260,卖盘
841,14:26:18,4.07,0.01,500,203500,买盘
842,14:26:25,4.07,0.0,8,3256,买盘
843,14:26:28,4.07,0.0,8,3256,买盘
844,14:26:31,4.07,0.0,10,4070,买盘
845,14:26:34,4.07,0.0,4,1628,买盘
846,14:26:36,4.07,0.0,4,1628,买盘
847,14:26:40,4.07,0.0,4,1628,买盘
848,14:26:46,4.07,0.0,38,15466,买盘
849,14:26:49,4.07,0.0,81,32967,买盘
850,14:26:52,4.07,0.0,8,3256,买盘
851,14:26:55,4.08,0.01,713,290199,买盘
852,14:26:58,4.08,0.0,8,3264,买盘
853,14:27:01,4.07,-0.01,11,4477,卖盘
854,14:27:04,4.08,0.01,203,82625,买盘
855,14:27:07,4.08,0.0,15,6120,买盘
856,14:27:10,4.08,0.0,33,13439,买盘
857,14:27:13,4.08,0.0,8,3264,买盘
858,14:27:16,4.07,-0.01,78,31776,卖盘
859,14:27:19,4.07,0.0,586,238508,卖盘
860,14:27:28,4.08,0.01,4,1632,买盘
861,14:27:31,4.08,0.0,15,6120,买盘
862,14:27:43,4.08,0.0,4,1632,买盘
863,14:27:52,4.07,-0.01,4,1628,卖盘
864,14:27:55,4.08,0.01,287,116856,买盘
865,14:28:07,4.07,-0.01,5,2035,卖盘
866,14:28:16,4.08,0.01,18,7344,买盘
867,14:28:22,4.07,-0.01,210,85470,卖盘
868,14:28:36,4.08,0.01,8,3264,买盘
869,14:28:39,4.07,-0.01,37,15059,卖盘
870,14:29:00,4.07,0.0,30,12210,卖盘
871,14:29:13,4.07,0.0,582,236874,卖盘
872,14:29:19,4.06,-0.01,5,2030,卖盘
873,14:29:37,4.07,0.01,190,77330,买盘
874,14:29:46,4.07,0.0,15,6105,买盘
875,14:30:00,4.06,-0.01,1,568,卖盘
876,14:30:19,4.06,0.0,210,85260,卖盘
877,14:30:22,4.07,0.01,6,2442,买盘
878,14:30:31,4.07,0.0,10,4070,买盘
879,14:30:34,4.06,-0.01,210,85260,卖盘
880,14:30:58,4.06,0.0,10,4060,卖盘
881,14:31:01,4.07,0.01,10,4070,买盘
882,14:31:06,4.06,-0.01,160,64960,卖盘
883,14:31:12,4.07,0.01,5,2035,买盘
884,14:31:22,4.07,0.0,3,1221,买盘
885,14:31:31,4.06,-0.01,170,69020,卖盘
886,14:31:40,4.06,0.0,200,81200,卖盘
887,14:31:46,4.06,0.0,89,35972,卖盘
888,14:32:19,4.06,0.0,97,39382,买盘
889,14:32:33,4.06,0.0,10,4060,买盘
890,14:32:57,4.05,-0.01,167,67635,卖盘
891,14:33:09,4.05,0.0,72,29160,卖盘
892,14:33:19,4.06,0.01,16,6496,买盘
893,14:34:07,4.05,-0.01,170,68850,卖盘
894,14:34:31,4.05,0.0,10,4050,卖盘
895,14:34:40,4.05,0.0,37,15285,卖盘
896,14:34:48,4.05,0.0,170,68850,卖盘
897,14:35:07,4.05,0.0,10,4050,卖盘
898,14:35:16,4.05,0.0,350,141750,卖盘
899,14:35:24,4.05,0.0,46,18630,卖盘
900,14:35:40,4.05,0.0,369,149145,卖盘
901,14:36:16,4.04,-0.01,167,67468,卖盘
902,14:36:22,4.04,0.0,40,16160,买盘
903,14:36:25,4.04,0.0,3,1212,买盘
904,14:36:51,4.04,0.0,280,113120,卖盘
905,14:37:25,4.04,0.0,10,4040,卖盘
906,14:37:28,4.04,0.0,22,8888,卖盘
907,14:37:45,4.04,0.0,4,1616,卖盘
908,14:39:09,4.04,0.0,5,2020,卖盘
909,14:39:28,4.04,0.0,4,1616,卖盘
910,14:39:36,4.04,0.0,4,1616,卖盘
911,14:39:52,4.05,0.01,30,12142,买盘
912,14:40:10,4.04,-0.01,100,40400,卖盘
913,14:40:18,4.04,0.0,10,4040,卖盘
914,14:40:31,4.04,0.0,100,40400,卖盘
915,14:40:36,4.04,0.0,2,808,卖盘
916,14:40:52,4.04,0.0,6,2424,卖盘
917,14:40:55,4.04,0.0,340,137360,卖盘
918,14:41:01,4.04,0.0,372,150288,买盘
919,14:41:18,4.04,0.0,57,23038,卖盘
920,14:41:28,4.03,-0.01,10,4030,卖盘
921,14:41:40,4.04,0.01,213,86052,买盘
922,14:42:07,4.05,0.01,4,1620,买盘
923,14:42:30,4.04,-0.01,35,14140,中性盘
924,14:42:33,4.05,0.01,4,1620,买盘
925,14:43:04,4.04,-0.01,10,4040,中性盘
926,14:43:25,4.04,0.0,8,3232,卖盘
927,14:44:16,4.05,0.01,105,42525,买盘
928,14:44:37,4.05,0.0,71,28755,买盘
929,14:44:46,4.05,0.0,30,12150,买盘
930,14:44:51,4.05,0.0,14,5670,买盘
931,14:45:01,4.04,-0.01,6,2424,卖盘
932,14:45:15,4.05,0.01,10,4050,买盘
933,14:45:25,4.04,-0.01,13,5252,卖盘
934,14:46:01,4.04,0.0,10,4040,卖盘
935,14:46:04,4.05,0.01,4,1620,买盘
936,14:46:10,4.05,0.0,7,2835,买盘
937,14:46:22,4.04,-0.01,61,24655,卖盘
938,14:46:25,4.04,0.0,71,28684,卖盘
939,14:46:39,4.04,0.0,7,2824,卖盘
940,14:46:46,4.04,0.0,50,20200,卖盘
941,14:47:04,4.05,0.01,6,2427,买盘
942,14:47:18,4.05,0.0,12,4860,买盘
943,14:47:27,4.04,-0.01,74,29896,卖盘
944,14:47:31,4.04,0.0,5,2020,卖盘
945,14:47:49,4.04,0.0,45,18180,卖盘
946,14:47:52,4.04,0.0,200,80800,卖盘
947,14:48:01,4.05,0.01,50,20250,买盘
948,14:48:04,4.05,0.0,5,2025,买盘
949,14:48:19,4.05,0.0,16,6480,买盘
950,14:48:46,4.05,0.0,6,2430,买盘
951,14:49:03,4.05,0.0,2,810,买盘
952,14:49:19,4.05,0.0,11,4455,买盘
953,14:49:22,4.04,-0.01,4,1618,卖盘
954,14:49:25,4.05,0.01,161,65205,买盘
955,14:49:28,4.05,0.0,10,4050,买盘
956,14:49:37,4.05,0.0,93,37665,买盘
957,14:49:43,4.04,-0.01,10,4040,卖盘
958,14:49:52,4.05,0.01,16,6480,买盘
959,14:49:55,4.05,0.0,354,143168,买盘
960,14:49:57,4.05,0.0,74,29970,买盘
961,14:50:01,4.05,0.0,110,44550,买盘
962,14:50:04,4.05,0.0,62,25110,买盘
963,14:50:06,4.04,-0.01,39,15756,卖盘
964,14:50:18,4.05,0.01,13,5265,买盘
965,14:50:22,4.05,0.0,3,1215,买盘
966,14:50:45,4.05,0.0,5,2025,买盘
967,14:51:04,4.04,-0.01,3,1212,卖盘
968,14:51:10,4.04,0.0,100,40400,卖盘
969,14:51:18,4.05,0.01,21,8495,买盘
970,14:51:21,4.05,0.0,2,810,买盘
971,14:51:24,4.04,-0.01,9,3636,卖盘
972,14:51:36,4.05,0.01,10,4050,买盘
973,14:51:40,4.04,-0.01,68,27472,卖盘
974,14:51:49,4.04,0.0,100,40400,卖盘
975,14:52:01,4.04,0.0,197,79588,卖盘
976,14:52:13,4.05,0.01,7,2835,买盘
977,14:52:15,4.05,0.0,11,4455,买盘
978,14:52:21,4.05,0.0,2,810,买盘
979,14:52:28,4.04,-0.01,127,51312,卖盘
980,14:52:31,4.05,0.01,160,64642,买盘
981,14:52:46,4.04,-0.01,1,404,卖盘
982,14:53:01,4.04,0.0,260,105040,卖盘
983,14:53:22,4.04,0.0,2,808,卖盘
984,14:53:25,4.04,0.0,29,11716,卖盘
985,14:53:40,4.05,0.01,1026,415450,买盘
986,14:53:42,4.04,-0.01,7,2828,卖盘
987,14:53:52,4.04,0.0,4,1616,卖盘
988,14:54:06,4.04,0.0,13,5252,卖盘
989,14:54:13,4.04,0.0,2,808,卖盘
990,14:54:19,4.04,0.0,2,808,卖盘
991,14:54:22,4.04,0.0,4,1616,卖盘
992,14:54:25,4.04,0.0,18,7272,卖盘
993,14:54:31,4.05,0.01,4,1620,买盘
994,14:54:37,4.05,0.0,1,405,买盘
995,14:54:40,4.04,-0.01,20,8080,卖盘
996,14:54:48,4.05,0.01,20,8100,买盘
997,14:54:54,4.04,-0.01,171,69114,卖盘
998,14:55:00,4.04,0.0,105,42420,买盘
999,14:55:07,4.03,-0.01,24,9682,卖盘
1000,14:55:13,4.03,0.0,1,403,卖盘
1001,14:55:19,4.03,0.0,1,403,卖盘
1002,14:55:22,4.03,0.0,3,1209,卖盘
1003,14:55:33,4.03,0.0,9,3627,卖盘
1004,14:55:36,4.04,0.01,15,6060,买盘
1005,14:55:43,4.04,0.0,15,6060,买盘
1006,14:55:55,4.04,0.0,30,12120,买盘
1007,14:56:04,4.03,-0.01,8,3224,卖盘
1008,14:56:13,4.03,0.0,19,7674,卖盘
1009,14:56:22,4.04,0.01,22,8888,买盘
1010,14:56:28,4.04,0.0,3,1212,卖盘
1011,14:56:31,4.03,-0.01,1128,454609,卖盘
1012,14:56:34,4.02,-0.01,45,18105,卖盘
1013,14:57:00,4.03,0.01,244,98332,卖盘
1014,15:00:04,4.04,0.01,744,300576,卖盘
