,time,price,change,volume,amount,type
0,09:25:05,10.0,-0.26,789,789000,卖盘
1,09:30:00,10.14,0.14,3,3042,买盘
2,09:30:04,9.99,-0.15,2649,2650566,卖盘
3,09:30:06,10.01,0.02,170,169930,买盘
4,09:30:12,10.07,0.06,13,13100,卖盘
5,09:30:15,10.1,0.03,42,42339,买盘
6,09:30:18,10.12,0.02,61,61732,买盘
7,09:30:24,10.14,0.02,1,1014,买盘
8,09:30:28,10.12,-0.02,1,1012,中性盘
9,09:30:31,10.12,0.0,8,8096,买盘
10,09:30:33,10.12,0.0,20,20240,卖盘
11,09:30:36,10.12,0.0,3,3036,买盘
12,09:30:43,10.11,-0.01,1,1011,卖盘
13,09:30:46,10.11,0.0,2,2022,卖盘
14,09:30:48,10.12,0.01,42,42462,买盘
15,09:30:51,10.1,-0.02,46,46480,卖盘
16,09:30:54,10.1,0.0,12,12120,卖盘
17,09:30:57,10.08,-0.02,33,33264,卖盘
18,09:31:00,10.08,0.0,41,41308,卖盘
19,09:31:04,10.08,0.0,82,82656,买盘
20,09:31:06,10.07,-0.01,81,81615,卖盘
21,09:31:10,10.07,0.0,142,142996,卖盘
22,09:31:12,10.07,0.0,5,5035,卖盘
23,09:31:15,10.08,0.01,111,111539,买盘
24,09:31:18,10.06,-0.02,3,3012,中性盘
25,09:31:22,9.99,-0.07,112,112163,卖盘
26,09:31:25,10.03,0.04,18,18054,买盘
27,09:31:27,10.01,-0.02,77,76943,中性盘
28,09:31:30,10.03,0.02,49,49135,买盘
29,09:31:33,10.01,-0.02,14,14018,卖盘
30,09:31:36,9.99,-0.02,37,36987,卖盘
31,09:31:39,10.03,0.04,57,57070,买盘
32,09:31:42,10.02,-0.01,12,12024,卖盘
33,09:31:46,10.03,0.01,25,25054,买盘
34,09:31:49,10.01,-0.02,34,34050,卖盘
35,09:31:51,10.03,0.02,9,9023,买盘
36,09:31:54,10.0,-0.03,36,36048,卖盘
37,09:31:57,10.01,0.01,119,119292,中性盘
38,09:32:01,10.03,0.02,21,21027,中性盘
39,09:32:04,10.05,0.02,19,19093,买盘
40,09:32:06,10.05,0.0,24,24120,买盘
41,09:32:09,10.06,0.01,10,10057,买盘
42,09:32:12,10.06,0.0,16,16096,买盘
43,09:32:21,10.06,0.0,30,30173,买盘
44,09:32:24,10.06,0.0,18,18108,卖盘
45,09:32:27,10.07,0.01,60,60394,买盘
46,09:32:30,10.07,0.0,152,152996,买盘
47,09:32:36,10.08,0.01,23,23173,买盘
48,09:32:39,10.07,-0.01,23,23168,卖盘
49,09:32:42,10.05,-0.02,3,3015,买盘
50,09:32:45,10.06,0.01,30,30180,买盘
51,09:32:48,10.06,0.0,3,3017,买盘
52,09:32:52,10.05,-0.01,13,13065,卖盘
53,09:32:54,10.07,0.02,24,24633,买盘
54,09:32:57,10.05,-0.02,25,24685,卖盘
55,09:33:01,10.05,0.0,32,32232,卖盘
56,09:33:06,10.05,0.0,7,7035,卖盘
57,09:33:10,10.05,0.0,20,20100,卖盘
58,09:33:12,10.05,0.0,45,45225,卖盘
59,09:33:15,10.04,-0.01,15,15060,卖盘
60,09:33:19,10.05,0.01,102,102510,买盘
61,09:33:21,10.04,-0.01,1,1004,卖盘
62,09:33:24,10.04,0.0,9,9037,卖盘
63,09:33:30,10.04,0.0,34,34136,卖盘
64,09:33:33,10.04,0.0,2,2008,卖盘
65,09:33:36,10.05,0.01,14,14050,买盘
66,09:33:42,10.04,-0.01,15,15056,买盘
67,09:33:48,10.04,0.0,2,2008,买盘
68,09:33:51,10.03,-0.01,40,40130,卖盘
69,09:33:54,10.03,0.0,16,16048,卖盘
70,09:33:57,10.04,0.01,101,101393,买盘
71,09:34:00,10.03,-0.01,3,3009,卖盘
72,09:34:04,10.03,0.0,1,1003,卖盘
73,09:34:09,10.03,0.0,29,29089,卖盘
74,09:34:12,10.03,0.0,14,14042,卖盘
75,09:34:15,10.03,0.0,40,40120,卖盘
76,09:34:18,10.03,0.0,5,5012,买盘
77,09:34:24,10.02,-0.01,8,8016,卖盘
78,09:34:27,10.03,0.01,72,72216,买盘
79,09:34:30,10.03,0.0,12,12036,卖盘
80,09:34:33,10.03,0.0,36,36108,卖盘
81,09:34:39,10.03,0.0,7,7020,买盘
82,09:34:42,10.03,0.0,20,20060,买盘
83,09:34:51,10.02,-0.01,22,22044,卖盘
84,09:34:57,10.03,0.01,116,116348,买盘
85,09:35:00,10.02,-0.01,5,5010,卖盘
86,09:35:04,10.02,0.0,2,2004,卖盘
87,09:35:06,10.03,0.01,95,95285,买盘
88,09:35:09,10.04,0.01,25,25081,买盘
89,09:35:12,10.03,-0.01,29,29087,卖盘
90,09:35:15,10.03,0.0,77,77231,卖盘
91,09:35:18,10.03,0.0,11,11033,买盘
92,09:35:22,10.02,-0.01,18,18048,卖盘
93,09:35:24,10.03,0.01,6,6018,买盘
94,09:35:27,10.04,0.01,100,100400,中性盘
95,09:35:30,10.02,-0.02,182,182970,卖盘
96,09:35:33,10.02,0.0,5,5010,卖盘
97,09:35:42,10.03,0.01,6,6018,卖盘
98,09:35:45,10.03,0.0,2,2006,卖盘
99,09:35:52,10.03,0.0,4,4012,卖盘
100,09:35:55,10.03,0.0,3,3009,卖盘
101,09:36:00,10.03,0.0,7,7021,卖盘
102,09:36:06,10.05,0.02,69,69345,买盘
103,09:36:12,10.05,0.0,11,11055,卖盘
104,09:36:30,10.07,0.02,200,201273,买盘
105,09:36:39,10.08,0.01,100,100712,买盘
106,09:36:46,10.05,-0.03,35,35175,卖盘
107,09:36:51,10.08,0.03,405,408189,买盘
108,09:36:54,10.08,0.0,5,5040,卖盘
109,09:37:03,10.08,0.0,5,5040,卖盘
110,09:37:09,10.09,0.01,7,7062,买盘
111,09:37:12,10.09,0.0,29,29260,买盘
112,09:37:15,10.1,0.01,14,14140,买盘
113,09:37:18,10.09,-0.01,1,1009,中性盘
114,09:37:21,10.08,-0.01,22,22184,卖盘
115,09:37:24,10.09,0.01,30,30270,买盘
116,09:37:33,10.08,-0.01,10,10080,买盘
117,09:37:42,10.07,-0.01,5,5035,卖盘
118,09:37:51,10.07,0.0,13,13091,卖盘
119,09:37:57,10.07,0.0,15,15105,卖盘
120,09:38:01,10.07,0.0,10,10070,卖盘
121,09:38:18,10.08,0.01,2,2016,买盘
122,09:38:28,10.08,0.0,50,50400,买盘
123,09:38:33,10.07,-0.01,10,10073,卖盘
124,09:38:36,10.07,0.0,2,2014,卖盘
125,09:38:45,10.07,0.0,10,10070,卖盘
126,09:38:48,10.07,0.0,10,10070,卖盘
127,09:38:51,10.07,0.0,1,1007,买盘
128,09:38:54,10.07,0.0,11,11077,买盘
129,09:39:06,10.08,0.01,11,11088,买盘
130,09:39:21,10.08,0.0,5,5040,买盘
131,09:39:33,10.08,0.0,5,5040,卖盘
132,09:39:36,10.09,0.01,100,100893,买盘
133,09:39:51,10.1,0.01,35,35334,买盘
134,09:39:57,10.1,0.0,10,10100,买盘
135,09:40:03,10.1,0.0,102,103018,买盘
136,09:40:06,10.1,0.0,20,20200,买盘
137,09:40:12,10.09,-0.01,7,7063,卖盘
138,09:40:15,10.09,0.0,7,7063,买盘
139,09:40:18,10.09,0.0,51,51459,买盘
140,09:40:22,10.09,0.0,1,1009,卖盘
141,09:40:24,10.1,0.01,6,6060,买盘
142,09:40:27,10.09,-0.01,2,2018,卖盘
143,09:40:33,10.1,0.01,63,63630,买盘
144,09:40:45,10.11,0.01,190,192060,买盘
145,09:40:54,10.12,0.01,100,101200,买盘
146,09:40:57,10.12,0.0,1,1012,买盘
147,09:41:00,10.15,0.03,1,1015,买盘
148,09:41:06,10.18,0.03,104,105737,买盘
149,09:41:15,10.19,0.01,7,7133,买盘
150,09:41:22,10.19,0.0,15,15285,买盘
151,09:41:24,10.2,0.01,109,111165,买盘
152,09:41:30,10.16,-0.04,20,20364,卖盘
153,09:41:33,10.23,0.07,57,58293,买盘
154,09:41:39,10.24,0.01,99,101376,买盘
155,09:41:45,10.25,0.01,5,5125,买盘
156,09:41:48,10.23,-0.02,5,5116,卖盘
157,09:41:51,10.25,0.02,4,4100,买盘
158,09:41:58,10.29,0.04,42,43176,买盘
159,09:42:00,10.23,-0.06,121,123783,卖盘
160,09:42:04,10.23,0.0,8,8184,卖盘
161,09:42:06,10.23,0.0,1,1023,买盘
162,09:42:21,10.22,-0.01,1,1022,买盘
163,09:42:24,10.23,0.01,32,32722,买盘
164,09:42:27,10.15,-0.08,108,109834,卖盘
165,09:42:30,10.16,0.01,15,15231,买盘
166,09:42:42,10.23,0.07,20,20460,买盘
167,09:42:48,10.16,-0.07,1,1016,卖盘
168,09:43:06,10.18,0.02,20,20360,卖盘
169,09:43:09,10.23,0.05,4,4087,买盘
170,09:43:16,10.23,0.0,2,2813,买盘
171,09:43:18,10.3,0.07,301,309275,买盘
172,09:43:27,10.3,0.0,28,28840,买盘
173,09:43:30,10.23,-0.07,23,23648,卖盘
174,09:43:33,10.23,0.0,2,2046,买盘
175,09:43:36,10.19,-0.04,103,104969,卖盘
176,09:43:39,10.18,-0.01,51,52207,卖盘
177,09:43:43,10.18,0.0,9,9162,卖盘
178,09:43:45,10.23,0.05,3,3069,中性盘
179,09:43:51,10.19,-0.04,201,204981,卖盘
180,09:43:54,10.28,0.09,40,41100,买盘
181,09:43:58,10.18,-0.1,107,108994,卖盘
182,09:44:04,10.18,0.0,124,126308,卖盘
183,09:44:09,10.23,0.05,20,20460,买盘
184,09:44:12,10.23,0.0,1,1023,卖盘
185,09:44:21,10.19,-0.04,100,101928,卖盘
186,09:44:27,10.23,0.04,2,2046,卖盘
187,09:44:30,10.24,0.01,1,1024,卖盘
188,09:44:33,10.26,0.02,16,16392,买盘
189,09:44:36,10.19,-0.07,121,123343,卖盘
190,09:44:39,10.26,0.07,7,7182,买盘
191,09:44:45,10.19,-0.07,100,101900,卖盘
192,09:44:48,10.19,0.0,9,9171,卖盘
193,09:45:12,10.21,0.02,5,5105,卖盘
194,09:45:18,10.25,0.04,109,111325,买盘
195,09:45:21,10.21,-0.04,213,217525,卖盘
196,09:45:24,10.26,0.05,10,10260,买盘
197,09:45:27,10.21,-0.05,200,204200,卖盘
198,09:45:39,10.25,0.04,312,318688,买盘
199,09:45:45,10.21,-0.04,209,213389,卖盘
200,09:45:51,10.25,0.04,26,26650,买盘
201,09:45:54,10.21,-0.04,7,7147,卖盘
202,09:45:57,10.21,0.0,312,318552,卖盘
203,09:46:04,10.21,0.0,106,108226,卖盘
204,09:46:09,10.25,0.04,100,102490,买盘
205,09:46:12,10.21,-0.04,22,22482,卖盘
206,09:46:18,10.21,0.0,100,102100,卖盘
207,09:46:21,10.21,0.0,102,104142,卖盘
208,09:46:24,10.21,0.0,201,205223,卖盘
209,09:46:27,10.21,0.0,105,107230,卖盘
210,09:46:33,10.21,0.0,201,205221,卖盘
211,09:46:39,10.21,0.0,232,237007,卖盘
212,09:46:42,10.21,0.0,190,193990,卖盘
213,09:46:45,10.21,0.0,112,114352,买盘
214,09:46:51,10.21,0.0,212,216488,卖盘
215,09:47:00,10.21,0.0,201,205221,卖盘
216,09:47:06,10.21,0.0,96,98016,卖盘
217,09:47:09,10.21,0.0,200,204200,卖盘
218,09:47:22,10.21,0.0,300,306300,卖盘
219,09:47:30,10.25,0.04,402,410842,买盘
220,09:47:36,10.21,-0.04,287,293559,卖盘
221,09:47:39,10.21,0.0,3,3063,卖盘
222,09:47:45,10.28,0.07,50,51400,买盘
223,09:47:57,10.23,-0.05,4,4092,卖盘
224,09:48:21,10.26,0.03,5,5130,买盘
225,09:48:30,10.26,0.0,1,1026,买盘
226,09:48:42,10.26,0.0,203,207878,买盘
227,09:48:45,10.24,-0.02,317,324668,卖盘
228,09:48:51,10.24,0.0,300,307200,卖盘
229,09:48:54,10.3,0.06,873,897893,买盘
230,09:49:00,10.3,0.0,3,3090,卖盘
231,09:49:06,10.3,0.0,146,150597,卖盘
232,09:49:15,10.3,0.0,3,3090,卖盘
233,09:49:18,10.24,-0.06,201,206302,卖盘
234,09:49:24,10.25,0.01,100,102505,卖盘
235,09:49:30,10.24,-0.01,9,9216,卖盘
236,09:49:42,10.25,0.01,1,1025,买盘
237,09:49:54,10.25,0.0,13,13328,卖盘
238,09:49:57,10.3,0.05,60,61790,买盘
239,09:50:06,10.26,-0.04,7,7182,卖盘
240,09:50:09,10.26,0.0,7,7182,卖盘
241,09:50:18,10.29,0.03,19,19551,买盘
242,09:50:51,10.3,0.01,434,446410,买盘
243,09:50:54,10.3,0.0,1,1030,卖盘
244,09:51:00,10.3,0.0,3,3090,卖盘
245,09:51:04,10.3,0.0,9,9270,卖盘
246,09:51:06,10.31,0.01,13,13398,买盘
247,09:51:09,10.3,-0.01,10,10300,卖盘
248,09:51:12,10.31,0.01,106,109186,买盘
249,09:51:18,10.3,-0.01,22,22660,卖盘
250,09:51:21,10.31,0.01,10,10310,买盘
251,09:51:24,10.31,0.0,2,2062,买盘
252,09:51:27,10.3,-0.01,17,17511,卖盘
253,09:51:31,10.32,0.02,57,58746,买盘
254,09:51:36,10.33,0.01,81,83659,买盘
255,09:51:39,10.4,0.07,599,622291,买盘
256,09:51:42,10.33,-0.07,35,36193,卖盘
257,09:51:48,10.42,0.09,20,20823,买盘
258,09:51:57,10.41,-0.01,10,10410,买盘
259,09:52:04,10.41,0.0,64,66662,买盘
260,09:52:06,10.41,0.0,18,18738,中性盘
261,09:52:09,10.4,-0.01,10,10400,买盘
262,09:52:12,10.4,0.0,4,4160,买盘
263,09:52:16,10.41,0.01,11,11448,买盘
264,09:52:18,10.4,-0.01,44,45799,卖盘
265,09:52:21,10.41,0.01,162,168753,买盘
266,09:52:24,10.4,-0.01,50,52001,卖盘
267,09:52:27,10.4,0.0,4,4160,买盘
268,09:52:30,10.41,0.01,50,52025,买盘
269,09:52:36,10.41,0.0,39,40545,买盘
270,09:52:42,10.4,-0.01,41,42640,卖盘
271,09:52:45,10.4,0.0,46,47871,卖盘
272,09:52:48,10.4,0.0,12,12484,卖盘
273,09:52:54,10.4,0.0,8,8320,买盘
274,09:52:57,10.38,-0.02,19,19756,中性盘
275,09:53:00,10.36,-0.02,6,6216,卖盘
276,09:53:09,10.38,0.02,4,4152,买盘
277,09:53:16,10.38,0.0,16,16608,买盘
278,09:53:18,10.38,0.0,3,3114,买盘
279,09:53:30,10.38,0.0,22,22832,买盘
280,09:53:36,10.38,0.0,20,20760,买盘
281,09:53:40,10.36,-0.02,20,20720,卖盘
282,09:53:42,10.38,0.02,12,12456,买盘
283,09:53:45,10.41,0.03,100,103994,买盘
284,09:53:51,10.37,-0.04,3,3111,卖盘
285,09:53:57,10.39,0.02,23,23897,买盘
286,09:54:00,10.39,0.0,11,11429,卖盘
287,09:54:04,10.39,0.0,4,4156,卖盘
288,09:54:09,10.41,0.02,67,69707,买盘
289,09:54:12,10.41,0.0,30,31220,买盘
290,09:54:15,10.43,0.02,250,260606,买盘
291,09:54:19,10.43,0.0,5,5215,卖盘
292,09:54:21,10.44,0.01,53,55332,买盘
293,09:54:24,10.44,0.0,39,40716,卖盘
294,09:54:27,10.45,0.01,10,10450,买盘
295,09:54:30,10.45,0.0,4,4180,买盘
296,09:54:34,10.45,0.0,56,58520,买盘
297,09:54:37,10.45,0.0,21,21941,买盘
298,09:54:39,10.45,0.0,4,4180,买盘
299,09:54:42,10.45,0.0,170,177178,买盘
300,09:54:45,10.44,-0.01,115,120094,卖盘
301,09:54:48,10.49,0.05,50,52362,买盘
302,09:54:51,10.5,0.01,226,237276,买盘
303,09:54:57,10.49,-0.01,11,11539,买盘
304,09:55:00,10.52,0.03,58,61407,买盘
305,09:55:04,10.52,0.0,18,18936,卖盘
306,09:55:06,10.53,0.01,35,36835,买盘
307,09:55:09,10.55,0.02,61,64247,买盘
308,09:55:12,10.55,0.0,52,54815,买盘
309,09:55:15,10.52,-0.03,8,8416,卖盘
310,09:55:18,10.52,0.0,42,44269,卖盘
311,09:55:21,10.52,0.0,12,12608,买盘
312,09:55:24,10.56,0.04,419,441773,买盘
313,09:55:27,10.56,0.0,29,30624,卖盘
314,09:55:30,10.59,0.03,259,273939,买盘
315,09:55:33,10.6,0.01,139,147251,买盘
316,09:55:36,10.65,0.05,10,10638,买盘
317,09:55:39,10.65,0.0,194,206799,卖盘
318,09:55:43,10.67,0.02,22,23457,买盘
319,09:55:45,10.7,0.03,63,67353,买盘
320,09:55:48,10.7,0.0,58,62060,买盘
321,09:55:51,10.7,0.0,319,341171,买盘
322,09:55:54,10.69,-0.01,95,101552,中性盘
323,09:55:57,10.69,0.0,409,437572,买盘
324,09:56:00,10.69,0.0,31,33109,买盘
325,09:56:04,10.69,0.0,70,74841,买盘
326,09:56:06,10.7,0.01,215,230340,买盘
327,09:56:09,10.69,-0.01,48,51250,卖盘
328,09:56:12,10.7,0.01,38,40592,买盘
329,09:56:15,10.66,-0.04,20,21319,中性盘
330,09:56:19,10.69,0.03,20,21333,买盘
331,09:56:22,10.65,-0.04,29,30885,卖盘
332,09:56:25,10.65,0.0,3,3195,买盘
333,09:56:27,10.65,0.0,48,51078,买盘
334,09:56:30,10.63,-0.02,38,40446,卖盘
335,09:56:33,10.65,0.02,38,40416,买盘
336,09:56:36,10.63,-0.02,64,68119,卖盘
337,09:56:39,10.61,-0.02,42,44630,中性盘
338,09:56:42,10.6,-0.01,1,1060,买盘
339,09:56:48,10.6,0.0,29,30620,买盘
340,09:56:51,10.6,0.0,11,11560,买盘
341,09:56:54,10.5,-0.1,121,128109,卖盘
342,09:57:00,10.51,0.01,8,8408,卖盘
343,09:57:04,10.62,0.11,30,31823,买盘
344,09:57:06,10.52,-0.1,11,11572,卖盘
345,09:57:12,10.6,0.08,24,25430,买盘
346,09:57:15,10.6,0.0,322,342642,买盘
347,09:57:19,10.6,0.0,103,109180,中性盘
348,09:57:22,10.6,0.0,32,33920,买盘
349,09:57:24,10.61,0.01,40,42410,买盘
350,09:57:27,10.6,-0.01,3,3181,卖盘
351,09:57:33,10.63,0.03,44,46710,买盘
352,09:57:37,10.63,0.0,74,78415,买盘
353,09:57:42,10.64,0.01,10,10632,买盘
354,09:57:45,10.6,-0.04,103,109244,卖盘
355,09:57:48,10.63,0.03,20,21265,卖盘
356,09:57:51,10.63,0.0,2,2126,买盘
357,09:57:54,10.63,0.0,19,20197,买盘
358,09:57:57,10.63,0.0,13,13819,卖盘
359,09:58:00,10.63,0.0,7,7441,卖盘
360,09:58:04,10.63,0.0,26,27651,卖盘
361,09:58:06,10.6,-0.03,40,42303,卖盘
362,09:58:09,10.6,0.0,11,11660,买盘
363,09:58:12,10.6,0.0,5,5300,买盘
364,09:58:16,10.61,0.01,8,8488,卖盘
365,09:58:18,10.61,0.0,10,10610,卖盘
366,09:58:21,10.6,-0.01,37,39221,卖盘
367,09:58:36,10.6,0.0,38,40165,买盘
368,09:58:40,10.6,0.0,2,2120,买盘
369,09:58:45,10.56,-0.04,3,3168,卖盘
370,09:58:48,10.59,0.03,10,10590,买盘
371,09:58:51,10.59,0.0,16,16905,买盘
372,09:59:00,10.56,-0.03,18,19008,卖盘
373,09:59:04,10.56,0.0,23,23760,卖盘
374,09:59:06,10.56,0.0,2,2640,卖盘
375,09:59:12,10.55,-0.01,39,41145,卖盘
376,09:59:18,10.54,-0.01,3,3162,卖盘
377,09:59:24,10.53,-0.01,22,23171,卖盘
378,09:59:27,10.54,0.01,29,30566,买盘
379,09:59:30,10.54,0.0,5,5270,买盘
380,09:59:33,10.54,0.0,30,31620,买盘
381,09:59:36,10.53,-0.01,11,11583,卖盘
382,09:59:42,10.53,0.0,2,2106,卖盘
383,09:59:54,10.52,-0.01,8,8416,卖盘
384,09:59:57,10.51,-0.01,32,33648,卖盘
385,10:00:03,10.51,0.0,21,22071,卖盘
386,10:00:06,10.51,0.0,2,2102,卖盘
387,10:00:09,10.51,0.0,9,9459,卖盘
388,10:00:15,10.51,0.0,16,16811,买盘
389,10:00:18,10.5,-0.01,1,1050,卖盘
390,10:00:21,10.5,0.0,32,33600,卖盘
391,10:00:24,10.5,0.0,1,1050,卖盘
392,10:00:31,10.5,0.0,48,50400,卖盘
393,10:00:36,10.49,-0.01,1,1049,卖盘
394,10:00:42,10.48,-0.01,6,6293,卖盘
395,10:00:54,10.49,0.01,3,3147,买盘
396,10:00:57,10.48,-0.01,17,17816,卖盘
397,10:01:03,10.48,0.0,2,2096,买盘
398,10:01:06,10.47,-0.01,6,6283,卖盘
399,10:01:12,10.47,0.0,5,5235,卖盘
400,10:01:15,10.47,0.0,1,1047,卖盘
401,10:01:18,10.47,0.0,53,55491,卖盘
402,10:01:24,10.47,0.0,2,2094,卖盘
403,10:01:27,10.47,0.0,15,15705,卖盘
404,10:01:33,10.47,0.0,2,2094,买盘
405,10:01:36,10.47,0.0,10,10470,卖盘
406,10:01:42,10.47,0.0,4,4188,卖盘
407,10:01:48,10.47,0.0,25,26175,卖盘
408,10:01:54,10.48,0.01,8,8384,买盘
409,10:01:57,10.46,-0.02,40,41868,卖盘
410,10:02:03,10.53,0.07,91,95638,买盘
411,10:02:06,10.46,-0.07,3,3138,卖盘
412,10:02:09,10.5,0.04,2,2100,卖盘
413,10:02:15,10.48,-0.02,5,5237,买盘
414,10:02:21,10.5,0.02,1,1050,买盘
415,10:02:30,10.53,0.03,13,13900,买盘
416,10:02:39,10.54,0.01,13,13694,买盘
417,10:02:42,10.5,-0.04,94,98504,卖盘
418,10:02:45,10.5,0.0,5,5250,买盘
419,10:02:48,10.5,0.0,5,5250,买盘
420,10:02:51,10.5,0.0,84,88200,买盘
421,10:02:54,10.5,0.0,3,3150,买盘
422,10:03:00,10.5,0.0,41,43260,买盘
423,10:03:06,10.5,0.0,12,12600,卖盘
424,10:03:09,10.48,-0.02,65,68016,卖盘
425,10:03:12,10.5,0.02,6,6292,买盘
426,10:03:21,10.47,-0.03,1,1047,卖盘
427,10:03:27,10.5,0.03,9,9450,买盘
428,10:03:39,10.5,0.0,13,13650,买盘
429,10:03:51,10.47,-0.03,7,7331,卖盘
430,10:04:04,10.47,0.0,32,33504,卖盘
431,10:04:06,10.47,0.0,29,30363,卖盘
432,10:04:09,10.46,-0.01,22,23014,卖盘
433,10:04:13,10.48,0.02,36,37718,买盘
434,10:04:21,10.48,0.0,29,30392,卖盘
435,10:04:24,10.48,0.0,11,11528,卖盘
436,10:04:27,10.48,0.0,3,3144,卖盘
437,10:04:33,10.48,0.0,4,4192,卖盘
438,10:04:39,10.49,0.01,10,10490,买盘
439,10:04:51,10.48,-0.01,2,2096,卖盘
440,10:04:54,10.48,0.0,14,14672,卖盘
441,10:05:06,10.46,-0.02,9,9414,卖盘
442,10:05:15,10.46,0.0,8,8368,卖盘
443,10:05:18,10.46,0.0,8,8368,买盘
444,10:05:22,10.45,-0.01,10,10450,卖盘
445,10:05:24,10.45,0.0,1,1045,卖盘
446,10:05:27,10.45,0.0,14,14630,卖盘
447,10:05:30,10.46,0.01,5,5230,买盘
448,10:05:33,10.45,-0.01,91,95095,卖盘
449,10:05:36,10.45,0.0,10,10450,卖盘
450,10:05:45,10.44,-0.01,54,55866,卖盘
451,10:05:48,10.43,-0.01,60,62627,卖盘
452,10:05:54,10.43,0.0,50,52150,卖盘
453,10:06:00,10.43,0.0,10,10430,卖盘
454,10:06:04,10.43,0.0,12,12516,卖盘
455,10:06:06,10.43,0.0,4,4172,卖盘
456,10:06:10,10.43,0.0,18,18983,卖盘
457,10:06:15,10.43,0.0,18,18565,卖盘
458,10:06:24,10.41,-0.02,26,27066,卖盘
459,10:06:27,10.43,0.02,4,4171,买盘
460,10:06:30,10.41,-0.02,1,1041,卖盘
461,10:06:36,10.4,-0.01,26,27062,卖盘
462,10:06:42,10.4,0.0,38,39520,卖盘
463,10:06:51,10.4,0.0,63,66010,买盘
464,10:06:54,10.4,0.0,7,7280,卖盘
465,10:06:57,10.45,0.05,19,19831,买盘
466,10:07:00,10.4,-0.05,10,10400,卖盘
467,10:07:03,10.4,0.0,12,11960,卖盘
468,10:07:06,10.4,0.0,49,50960,买盘
469,10:07:09,10.45,0.05,7,7276,卖盘
470,10:07:18,10.4,-0.05,3,3120,卖盘
471,10:07:21,10.4,0.0,8,8320,卖盘
472,10:07:30,10.44,0.04,6,6264,买盘
473,10:07:51,10.41,-0.03,7,7287,卖盘
474,10:08:06,10.41,0.0,3,3123,卖盘
475,10:08:12,10.41,0.0,3,3123,卖盘
476,10:08:15,10.41,0.0,19,19779,卖盘
477,10:08:21,10.41,0.0,31,32271,买盘
478,10:08:27,10.41,0.0,20,20820,卖盘
479,10:08:45,10.42,0.01,10,10420,买盘
480,10:09:04,10.42,0.0,2,2084,卖盘
481,10:09:18,10.41,-0.01,1,1041,卖盘
482,10:09:30,10.41,0.0,9,9369,卖盘
483,10:09:33,10.42,0.01,67,69749,买盘
484,10:09:48,10.42,0.0,62,64604,买盘
485,10:09:51,10.42,0.0,2,2084,卖盘
486,10:10:06,10.42,0.0,45,46890,卖盘
487,10:10:09,10.43,0.01,10,10430,买盘
488,10:10:18,10.43,0.0,20,20842,买盘
489,10:10:24,10.43,0.0,5,5215,卖盘
490,10:10:31,10.43,0.0,5,5215,卖盘
491,10:10:52,10.45,0.02,28,29245,买盘
492,10:10:57,10.44,-0.01,6,6264,卖盘
493,10:11:00,10.44,0.0,12,12528,买盘
494,10:11:03,10.44,0.0,27,28212,卖盘
495,10:11:12,10.44,0.0,2,2088,卖盘
496,10:11:15,10.45,0.01,10,10450,买盘
497,10:11:18,10.45,0.0,75,78375,买盘
498,10:11:21,10.45,0.0,2,2090,卖盘
499,10:11:33,10.46,0.01,2,2092,买盘
500,10:11:39,10.46,0.0,91,95186,买盘
501,10:11:48,10.46,0.0,5,5230,买盘
502,10:11:57,10.48,0.02,63,66024,买盘
503,10:12:00,10.48,0.0,2,2096,买盘
504,10:12:04,10.48,0.0,3,3144,卖盘
505,10:12:09,10.49,0.01,100,104900,买盘
506,10:12:12,10.49,0.0,15,15735,买盘
507,10:12:18,10.5,0.01,37,38850,买盘
508,10:12:21,10.5,0.0,9,9450,卖盘
509,10:12:27,10.5,0.0,7,7353,卖盘
510,10:12:33,10.5,0.0,31,32550,买盘
511,10:12:45,10.49,-0.01,4,4196,卖盘
512,10:12:48,10.49,0.0,4,4196,买盘
513,10:13:00,10.49,0.0,3,3147,买盘
514,10:13:06,10.48,-0.01,10,10480,卖盘
515,10:13:21,10.46,-0.02,80,83680,卖盘
516,10:13:24,10.46,0.0,21,21966,卖盘
517,10:13:30,10.45,-0.01,26,27170,卖盘
518,10:13:33,10.46,0.01,37,38676,买盘
519,10:13:39,10.46,0.0,5,5230,买盘
520,10:13:51,10.42,-0.04,2,2084,卖盘
521,10:14:00,10.45,0.03,13,13585,买盘
522,10:14:12,10.44,-0.01,1,1044,买盘
523,10:14:24,10.44,0.0,12,12528,卖盘
524,10:14:30,10.45,0.01,11,11489,买盘
525,10:14:36,10.44,-0.01,1,1044,卖盘
526,10:14:42,10.44,0.0,1,1044,卖盘
527,10:14:48,10.45,0.01,5,5225,买盘
528,10:14:51,10.44,-0.01,3,3132,卖盘
529,10:14:57,10.45,0.01,1,1045,买盘
530,10:15:00,10.44,-0.01,24,25056,卖盘
531,10:15:04,10.45,0.01,10,10450,买盘
532,10:15:06,10.44,-0.01,11,11484,卖盘
533,10:15:24,10.44,0.0,139,145116,卖盘
534,10:15:30,10.44,0.0,17,17748,卖盘
535,10:15:48,10.44,0.0,1,1044,卖盘
536,10:15:51,10.44,0.0,53,55332,卖盘
537,10:16:06,10.44,0.0,3,3132,买盘
538,10:16:21,10.43,-0.01,2,2086,卖盘
539,10:16:24,10.44,0.01,15,15660,买盘
540,10:16:33,10.43,-0.01,100,104300,卖盘
541,10:16:39,10.43,0.0,9,9387,卖盘
542,10:16:51,10.43,0.0,38,39634,卖盘
543,10:17:03,10.43,0.0,22,22946,卖盘
544,10:17:06,10.43,0.0,8,8344,卖盘
545,10:17:15,10.43,0.0,7,7301,卖盘
546,10:17:24,10.43,0.0,4,4172,卖盘
547,10:17:51,10.43,0.0,24,25052,卖盘
548,10:17:58,10.44,0.01,21,21923,买盘
549,10:18:06,10.43,-0.01,10,10430,卖盘
550,10:18:12,10.44,0.01,15,15660,买盘
551,10:18:18,10.43,-0.01,2,2086,卖盘
552,10:18:21,10.44,0.01,5,5217,买盘
553,10:18:30,10.44,0.0,16,16704,卖盘
554,10:18:33,10.44,0.0,11,11484,卖盘
555,10:18:42,10.44,0.0,3,3132,买盘
556,10:19:03,10.44,0.0,3,3132,卖盘
557,10:19:12,10.45,0.01,20,20900,买盘
558,10:19:24,10.45,0.0,48,50160,买盘
559,10:19:43,10.45,0.0,1,1045,买盘
560,10:19:51,10.42,-0.03,258,268379,卖盘
561,10:20:06,10.41,-0.01,3,3125,卖盘
562,10:20:12,10.4,-0.01,1,1040,卖盘
563,10:20:24,10.4,0.0,4,4160,卖盘
564,10:21:12,10.4,0.0,29,30160,买盘
565,10:21:15,10.4,0.0,2,2080,卖盘
566,10:21:21,10.4,0.0,7,7280,卖盘
567,10:21:27,10.4,0.0,2,2080,卖盘
568,10:21:36,10.4,0.0,17,17680,卖盘
569,10:21:42,10.4,0.0,17,17680,买盘
570,10:22:12,10.4,0.0,6,6240,卖盘
571,10:22:51,10.39,-0.01,19,19756,卖盘
572,10:23:00,10.39,0.0,24,24936,卖盘
573,10:23:03,10.39,0.0,5,5195,卖盘
574,10:23:12,10.39,0.0,25,25975,卖盘
575,10:23:15,10.39,0.0,19,19741,卖盘
576,10:23:42,10.39,0.0,9,9351,卖盘
577,10:23:48,10.39,0.0,2,2078,卖盘
578,10:23:58,10.4,0.01,9,9360,买盘
579,10:24:06,10.42,0.02,3,3126,买盘
580,10:24:15,10.42,0.0,8,8336,买盘
581,10:24:36,10.42,0.0,4,4168,买盘
582,10:24:57,10.42,0.0,4,4168,卖盘
583,10:25:03,10.42,0.0,6,6252,卖盘
584,10:25:36,10.42,0.0,2,2084,卖盘
585,10:26:49,10.42,0.0,10,10420,买盘
586,10:26:54,10.41,-0.01,10,10410,卖盘
587,10:27:03,10.41,0.0,51,53092,卖盘
588,10:27:27,10.41,0.0,3,3123,卖盘
589,10:28:04,10.42,0.01,2,2084,买盘
590,10:28:06,10.41,-0.01,1,1041,卖盘
591,10:28:15,10.42,0.01,14,14588,买盘
592,10:29:13,10.42,0.0,6,6252,买盘
593,10:29:30,10.43,0.01,3,3129,买盘
594,10:29:33,10.42,-0.01,1,1042,卖盘
595,10:30:09,10.42,0.0,2,2084,买盘
596,10:30:36,10.41,-0.01,2,2082,卖盘
597,10:30:45,10.41,0.0,40,41640,卖盘
598,10:30:48,10.4,-0.01,11,11444,卖盘
599,10:30:51,10.4,0.0,4,4160,卖盘
600,10:31:12,10.39,-0.01,9,9356,卖盘
601,10:31:15,10.39,0.0,9,9351,卖盘
602,10:31:30,10.39,0.0,1,1039,卖盘
603,10:31:33,10.39,0.0,1,1039,卖盘
604,10:31:37,10.39,0.0,19,19741,卖盘
605,10:31:40,10.39,0.0,19,19741,卖盘
606,10:31:42,10.4,0.01,1,1040,买盘
607,10:31:45,10.39,-0.01,2,2078,卖盘
608,10:31:48,10.39,0.0,6,6234,卖盘
609,10:31:51,10.39,0.0,27,28053,卖盘
610,10:32:00,10.39,0.0,15,15585,卖盘
611,10:32:04,10.4,0.01,3,3120,买盘
612,10:32:06,10.39,-0.01,58,60262,卖盘
613,10:32:09,10.39,0.0,16,16624,卖盘
614,10:32:45,10.39,0.0,5,5195,卖盘
615,10:32:52,10.39,0.0,24,24936,买盘
616,10:33:09,10.39,0.0,2,2078,卖盘
617,10:33:33,10.39,0.0,42,43638,卖盘
618,10:33:48,10.39,0.0,42,43638,买盘
619,10:34:06,10.39,0.0,29,30131,卖盘
620,10:34:45,10.4,0.01,60,62400,买盘
621,10:34:54,10.38,-0.02,519,539478,卖盘
622,10:35:03,10.38,0.0,3,3114,卖盘
623,10:35:06,10.4,0.02,48,49910,买盘
624,10:35:09,10.4,0.0,7,7280,买盘
625,10:35:15,10.38,-0.02,1,1038,卖盘
626,10:35:22,10.38,0.0,21,21798,卖盘
627,10:35:24,10.38,0.0,9,9342,卖盘
628,10:35:37,10.38,0.0,1,1038,卖盘
629,10:35:48,10.39,0.01,9,9351,卖盘
630,10:35:51,10.39,0.0,5,5195,卖盘
631,10:36:04,10.39,0.0,3,3117,卖盘
632,10:36:06,10.39,0.0,30,31170,卖盘
633,10:36:09,10.39,0.0,2,2078,卖盘
634,10:36:30,10.4,0.01,40,41600,买盘
635,10:36:48,10.4,0.0,4,4160,买盘
636,10:37:15,10.39,-0.01,5,5195,卖盘
637,10:37:36,10.39,0.0,3,3117,卖盘
638,10:37:48,10.39,0.0,5,5195,卖盘
639,10:38:03,10.39,0.0,3,3117,卖盘
640,10:38:06,10.39,0.0,29,30131,卖盘
641,10:38:24,10.41,0.02,50,52038,买盘
642,10:38:33,10.39,-0.02,9,9351,卖盘
643,10:38:39,10.39,0.0,1,1039,卖盘
644,10:38:58,10.4,0.01,11,11439,中性盘
645,10:39:04,10.4,0.0,54,56160,卖盘
646,10:39:12,10.4,0.0,2,2080,卖盘
647,10:40:00,10.41,0.01,8,7808,买盘
648,10:40:04,10.41,0.0,2,2082,卖盘
649,10:40:24,10.41,0.0,9,9890,卖盘
650,10:40:48,10.4,-0.01,10,10400,卖盘
651,10:41:04,10.4,0.0,3,3120,卖盘
652,10:41:24,10.4,0.0,2,2080,卖盘
653,10:41:27,10.4,0.0,5,5200,卖盘
654,10:41:36,10.4,0.0,2,2080,卖盘
655,10:42:04,10.4,0.0,3,3120,卖盘
656,10:42:06,10.4,0.0,58,60320,卖盘
657,10:42:09,10.4,0.0,88,91536,卖盘
658,10:42:21,10.39,-0.01,8,8312,卖盘
659,10:43:04,10.39,0.0,5,5197,卖盘
660,10:43:30,10.39,0.0,5,5195,卖盘
661,10:43:57,10.4,0.01,7,7280,买盘
662,10:44:04,10.4,0.0,3,3120,买盘
663,10:44:06,10.39,-0.01,29,30131,卖盘
664,10:44:22,10.39,0.0,15,15597,卖盘
665,10:44:25,10.39,0.0,11,11429,卖盘
666,10:44:28,10.39,0.0,1,1039,卖盘
667,10:44:33,10.39,0.0,10,10390,卖盘
668,10:44:42,10.4,0.01,4,4160,买盘
669,10:45:03,10.39,-0.01,19,19741,卖盘
670,10:45:21,10.4,0.01,266,276609,买盘
671,10:45:36,10.38,-0.02,1,1038,卖盘
672,10:46:04,10.38,0.0,3,3114,卖盘
673,10:46:21,10.39,0.01,3,3117,卖盘
674,10:46:36,10.39,0.0,100,103900,卖盘
675,10:47:00,10.39,0.0,52,54028,卖盘
676,10:47:03,10.39,0.0,3,3117,卖盘
677,10:47:48,10.39,0.0,1,1039,卖盘
678,10:47:54,10.39,0.0,8,8312,卖盘
679,10:48:03,10.39,0.0,3,3117,卖盘
680,10:48:21,10.39,0.0,1,1039,卖盘
681,10:48:51,10.39,0.0,2,2078,卖盘
682,10:49:03,10.39,0.0,3,3117,卖盘
683,10:49:33,10.39,0.0,93,96627,卖盘
684,10:49:48,10.38,-0.01,3,3114,卖盘
685,10:50:03,10.38,0.0,1,1038,卖盘
686,10:50:06,10.38,0.0,88,91344,卖盘
687,10:50:36,10.38,0.0,5,5190,卖盘
688,10:50:45,10.38,0.0,10,9653,卖盘
689,10:50:57,10.37,-0.01,1,1037,卖盘
690,10:51:18,10.37,0.0,38,39406,卖盘
691,10:51:42,10.37,0.0,50,51850,卖盘
692,10:51:45,10.37,0.0,40,41480,卖盘
693,10:51:52,10.36,-0.01,7,8143,卖盘
694,10:52:03,10.37,0.01,3,3111,买盘
695,10:52:06,10.36,-0.01,29,30044,卖盘
696,10:52:09,10.36,0.0,10,10360,卖盘
697,10:52:12,10.36,0.0,78,79917,卖盘
698,10:52:21,10.35,-0.01,3,3105,卖盘
699,10:52:30,10.35,0.0,10,10350,卖盘
700,10:52:42,10.36,0.01,5,6071,买盘
701,10:52:54,10.36,0.0,87,90304,卖盘
702,10:53:04,10.36,0.0,7,7252,卖盘
703,10:53:09,10.37,0.01,1,1037,卖盘
704,10:53:21,10.37,0.0,5,4666,卖盘
705,10:53:27,10.4,0.03,8,8320,买盘
706,10:54:15,10.37,-0.03,10,10906,卖盘
707,10:54:36,10.37,0.0,2,1556,买盘
708,10:54:51,10.37,0.0,3,3117,卖盘
709,10:55:04,10.37,0.0,3,3111,卖盘
710,10:56:03,10.37,0.0,3,3111,中性盘
711,10:56:30,10.36,-0.01,5,5180,卖盘
712,10:56:57,10.36,0.0,1,1036,卖盘
713,10:57:00,10.36,0.0,38,39368,卖盘
714,10:57:03,10.36,0.0,33,34188,卖盘
715,10:57:33,10.36,0.0,24,24864,卖盘
716,10:57:45,10.36,0.0,7,7252,卖盘
717,10:58:04,10.36,0.0,3,3108,卖盘
718,10:58:07,10.36,0.0,59,61269,卖盘
719,10:58:12,10.36,0.0,14,14504,买盘
720,10:58:27,10.35,-0.01,1,1035,卖盘
721,10:58:45,10.35,0.0,20,20700,卖盘
722,10:58:57,10.35,0.0,29,30015,卖盘
723,10:59:04,10.34,-0.01,3,3102,卖盘
724,10:59:12,10.35,0.01,3,3105,买盘
725,10:59:48,10.34,-0.01,5,5170,卖盘
726,10:59:58,10.34,0.0,22,22748,卖盘
727,11:00:06,10.34,0.0,52,53768,卖盘
728,11:00:21,10.34,0.0,1,1034,买盘
729,11:00:30,10.33,-0.01,10,10330,卖盘
730,11:00:33,10.33,0.0,9,9297,卖盘
731,11:00:51,10.34,0.01,40,41360,买盘
732,11:01:06,10.33,-0.01,1,1033,卖盘
733,11:01:21,10.33,0.0,50,51650,卖盘
734,11:01:24,10.33,0.0,6,6198,卖盘
735,11:01:33,10.33,0.0,5,5165,卖盘
736,11:02:06,10.32,-0.01,50,51600,卖盘
737,11:02:09,10.32,0.0,6,6192,卖盘
738,11:02:12,10.32,0.0,5,5160,卖盘
739,11:02:15,10.32,0.0,2,2064,卖盘
740,11:02:18,10.32,0.0,17,17544,卖盘
741,11:02:27,10.32,0.0,15,15026,卖盘
742,11:02:36,10.32,0.0,23,23736,卖盘
743,11:02:42,10.33,0.01,8,8264,买盘
744,11:03:00,10.33,0.0,23,23759,卖盘
745,11:03:06,10.33,0.0,6,6198,买盘
746,11:03:30,10.34,0.01,3,3102,买盘
747,11:03:45,10.34,0.0,30,31020,买盘
748,11:04:06,10.35,0.01,50,51741,买盘
749,11:04:33,10.35,0.0,21,21717,买盘
750,11:05:09,10.31,-0.04,400,412850,卖盘
751,11:05:55,10.36,0.05,6,6216,买盘
752,11:06:09,10.32,-0.04,5,5160,卖盘
753,11:06:12,10.32,0.0,3,3096,卖盘
754,11:06:42,10.33,0.01,1,1033,卖盘
755,11:06:48,10.33,0.0,7,7231,卖盘
756,11:07:21,10.35,0.02,52,53810,买盘
757,11:08:00,10.35,0.0,10,10350,卖盘
758,11:08:06,10.35,0.0,18,18630,卖盘
759,11:10:09,10.34,-0.01,21,21714,卖盘
760,11:10:21,10.33,-0.01,50,51650,卖盘
761,11:10:33,10.34,0.01,10,10340,买盘
762,11:11:33,10.35,0.01,5,5175,买盘
763,11:12:04,10.35,0.0,2,2070,买盘
764,11:12:30,10.34,-0.01,30,31020,卖盘
765,11:14:06,10.33,-0.01,78,80574,卖盘
766,11:14:27,10.32,-0.01,20,20640,卖盘
767,11:14:42,10.31,-0.01,300,309532,卖盘
768,11:15:27,10.31,0.0,2,2062,卖盘
769,11:15:33,10.32,0.01,6,6192,买盘
770,11:15:57,10.32,0.0,6,6192,买盘
771,11:16:06,10.31,-0.01,79,81449,卖盘
772,11:16:25,10.31,0.0,1,1485,卖盘
773,11:16:36,10.3,-0.01,20,20600,卖盘
774,11:16:39,10.3,0.0,100,103000,卖盘
775,11:16:51,10.3,0.0,41,42230,卖盘
776,11:17:15,10.29,-0.01,40,41160,卖盘
777,11:17:18,10.29,0.0,20,20580,卖盘
778,11:17:24,10.3,0.01,1,1030,买盘
779,11:17:30,10.31,0.01,55,56251,买盘
780,11:17:42,10.31,0.0,20,20620,卖盘
781,11:18:21,10.31,0.0,10,10310,卖盘
782,11:18:33,10.3,-0.01,15,15915,卖盘
783,11:18:39,10.3,0.0,7,6757,买盘
784,11:19:04,10.31,0.01,2,2516,卖盘
785,11:19:39,10.3,-0.01,2,2060,卖盘
786,11:20:21,10.29,-0.01,6,6174,卖盘
787,11:20:24,10.29,0.0,60,61740,卖盘
788,11:20:55,10.29,0.0,20,20580,卖盘
789,11:21:27,10.28,-0.01,116,118782,卖盘
790,11:21:39,10.3,0.02,38,39140,买盘
791,11:21:57,10.3,0.0,7,7210,卖盘
792,11:22:18,10.3,0.0,2,2060,卖盘
793,11:22:21,10.3,0.0,1,1030,卖盘
794,11:22:33,10.3,0.0,5,5150,卖盘
795,11:22:37,10.3,0.0,1,1030,卖盘
796,11:23:00,10.3,0.0,1,1030,卖盘
797,11:23:42,10.31,0.01,27,27837,买盘
798,11:24:00,10.32,0.01,47,49077,买盘
799,11:24:04,10.34,0.02,7,7234,买盘
800,11:24:12,10.33,-0.01,4,4132,买盘
801,11:25:12,10.33,0.0,5,5165,卖盘
802,11:25:15,10.33,0.0,2,2066,买盘
803,11:25:42,10.33,0.0,5,5165,卖盘
804,11:25:57,10.34,0.01,102,105458,买盘
805,11:26:06,10.34,0.0,9,9306,卖盘
806,11:26:12,10.33,-0.01,10,10330,买盘
807,11:26:28,10.33,0.0,3,3099,买盘
808,11:26:39,10.33,0.0,1,1033,卖盘
809,11:27:18,10.33,0.0,10,10330,卖盘
810,11:27:27,10.35,0.02,7,7245,买盘
811,11:27:42,10.34,-0.01,1,1034,买盘
812,11:28:06,10.34,0.0,14,14476,卖盘
813,11:28:40,10.33,-0.01,30,30990,卖盘
814,11:28:42,10.34,0.01,5,5170,买盘
815,11:28:54,10.34,0.0,87,89958,买盘
816,11:29:39,10.34,0.0,17,17578,卖盘
817,11:29:54,10.34,0.0,4,4136,卖盘
818,13:00:04,10.34,0.0,232,239806,卖盘
819,13:00:13,10.33,-0.01,4,4132,卖盘
820,13:00:30,10.32,-0.01,16,16512,卖盘
821,13:00:43,10.32,0.0,21,21672,卖盘
822,13:01:21,10.32,0.0,1,1032,卖盘
823,13:01:24,10.32,0.0,5,5160,卖盘
824,13:01:34,10.32,0.0,20,20640,卖盘
825,13:01:36,10.33,0.01,9,9297,买盘
826,13:01:40,10.33,0.0,2,2066,卖盘
827,13:02:09,10.32,-0.01,7,7224,卖盘
828,13:02:18,10.32,0.0,1,454,买盘
829,13:02:36,10.31,-0.01,30,30930,卖盘
830,13:02:57,10.32,0.01,7,7802,买盘
831,13:03:09,10.32,0.0,5,5160,买盘
832,13:03:48,10.33,0.01,5,5165,买盘
833,13:03:57,10.33,0.0,2,2066,买盘
834,13:04:00,10.33,0.0,3,3099,卖盘
835,13:04:06,10.33,0.0,5,5165,买盘
836,13:04:18,10.31,-0.02,4,4124,卖盘
837,13:04:31,10.31,0.0,8,8248,买盘
838,13:05:04,10.32,0.01,9,9288,买盘
839,13:05:12,10.31,-0.01,32,32992,卖盘
840,13:05:15,10.31,0.0,8,8248,买盘
841,13:05:18,10.31,0.0,20,20613,买盘
842,13:05:39,10.3,-0.01,1,1030,卖盘
843,13:05:48,10.3,0.0,9,9270,卖盘
844,13:05:51,10.31,0.01,48,49469,买盘
845,13:05:54,10.3,-0.01,9,9270,卖盘
846,13:06:04,10.3,0.0,21,21630,卖盘
847,13:06:27,10.3,0.0,48,49440,卖盘
848,13:06:30,10.3,0.0,3,3090,卖盘
849,13:06:39,10.3,0.0,5,5150,卖盘
850,13:06:54,10.3,0.0,3,3090,卖盘
851,13:06:57,10.3,0.0,14,14420,卖盘
852,13:07:06,10.3,0.0,9,9270,卖盘
853,13:07:15,10.3,0.0,30,30900,买盘
854,13:07:24,10.3,0.0,1,1030,买盘
855,13:07:30,10.28,-0.02,1,1028,卖盘
856,13:08:06,10.28,0.0,2,2056,卖盘
857,13:08:21,10.28,0.0,1,1028,卖盘
858,13:08:45,10.28,0.0,10,10280,卖盘
859,13:09:21,10.31,0.03,1,1031,买盘
860,13:09:24,10.3,-0.01,1,1030,中性盘
861,13:09:45,10.33,0.03,13,13429,买盘
862,13:10:06,10.34,0.01,10,10340,买盘
863,13:11:06,10.34,0.0,14,14476,买盘
864,13:11:09,10.28,-0.06,21,21684,卖盘
865,13:11:12,10.34,0.06,20,20680,买盘
866,13:11:21,10.28,-0.06,1,1028,卖盘
867,13:11:42,10.33,0.05,101,104333,买盘
868,13:11:45,10.33,0.0,28,28924,卖盘
869,13:12:36,10.32,-0.01,30,30960,买盘
870,13:12:55,10.32,0.0,10,10320,买盘
871,13:13:06,10.32,0.0,1,1032,买盘
872,13:13:18,10.32,0.0,3,3096,买盘
873,13:13:21,10.32,0.0,3,3096,卖盘
874,13:13:24,10.32,0.0,2,2064,卖盘
875,13:13:30,10.29,-0.03,7,7203,卖盘
876,13:13:48,10.29,0.0,10,10290,卖盘
877,13:14:00,10.31,0.02,6,6186,买盘
878,13:14:12,10.29,-0.02,5,5145,卖盘
879,13:14:27,10.3,0.01,5,5150,卖盘
880,13:14:30,10.32,0.02,9,9288,买盘
881,13:14:58,10.33,0.01,5,5165,买盘
882,13:15:06,10.33,0.0,7,7231,买盘
883,13:15:09,10.33,0.0,2,2066,卖盘
884,13:15:15,10.32,-0.01,5,5160,卖盘
885,13:15:39,10.33,0.01,7,7231,买盘
886,13:16:09,10.32,-0.01,14,14448,卖盘
887,13:16:21,10.3,-0.02,1,1030,卖盘
888,13:16:49,10.32,0.02,56,57780,买盘
889,13:16:54,10.32,0.0,5,5160,买盘
890,13:16:57,10.3,-0.02,10,10300,卖盘
891,13:17:48,10.3,0.0,10,10300,卖盘
892,13:17:51,10.31,0.01,10,10310,买盘
893,13:18:19,10.31,0.0,1,1031,买盘
894,13:18:24,10.32,0.01,1,1032,买盘
895,13:18:33,10.33,0.01,1,1033,买盘
896,13:19:33,10.32,-0.01,3,3096,买盘
897,13:19:36,10.32,0.0,7,7224,卖盘
898,13:19:58,10.32,0.0,10,10320,买盘
899,13:20:21,10.32,0.0,10,10310,买盘
900,13:20:31,10.32,0.0,3,3096,买盘
901,13:21:12,10.32,0.0,20,20640,买盘
902,13:21:22,10.32,0.0,20,20640,买盘
903,13:21:39,10.32,0.0,13,13416,买盘
904,13:21:45,10.32,0.0,6,6192,买盘
905,13:22:09,10.32,0.0,54,55728,买盘
906,13:22:45,10.26,-0.06,500,513882,卖盘
907,13:22:57,10.31,0.05,9,9279,买盘
908,13:23:03,10.31,0.0,13,13403,买盘
909,13:23:46,10.31,0.0,7,7217,买盘
910,13:24:51,10.31,0.0,5,5155,买盘
911,13:24:54,10.27,-0.04,1,1027,卖盘
912,13:25:15,10.31,0.04,8,8248,买盘
913,13:25:21,10.27,-0.04,7,6676,卖盘
914,13:25:36,10.33,0.06,12,12366,买盘
915,13:25:51,10.33,0.0,4,4132,买盘
916,13:27:00,10.33,0.0,6,6198,买盘
917,13:27:18,10.32,-0.01,2,2064,买盘
918,13:27:24,10.28,-0.04,3,3084,卖盘
919,13:27:54,10.28,0.0,8,8224,卖盘
920,13:28:04,10.32,0.04,10,10320,买盘
921,13:28:22,10.31,-0.01,5,5155,买盘
922,13:28:30,10.3,-0.01,4,4120,买盘
923,13:28:36,10.3,0.0,5,5150,买盘
924,13:29:19,10.3,0.0,21,21630,买盘
925,13:29:24,10.28,-0.02,7,7196,卖盘
926,13:29:27,10.29,0.01,1,1029,买盘
927,13:29:51,10.3,0.01,5,5148,买盘
928,13:30:18,10.29,-0.01,11,11319,卖盘
929,13:30:39,10.3,0.01,7,7210,买盘
930,13:30:51,10.3,0.0,2,2060,买盘
931,13:30:57,10.29,-0.01,25,25725,卖盘
932,13:31:15,10.29,0.0,20,20580,卖盘
933,13:31:18,10.29,0.0,8,8232,买盘
934,13:31:40,10.28,-0.01,21,21588,卖盘
935,13:31:57,10.3,0.02,11,11330,买盘
936,13:32:06,10.3,0.0,11,11330,买盘
937,13:32:15,10.3,0.0,3,3090,买盘
938,13:32:42,10.3,0.0,52,53560,买盘
939,13:32:52,10.3,0.0,3,3090,买盘
940,13:33:04,10.3,0.0,2,2060,卖盘
941,13:33:09,10.3,0.0,1,1030,买盘
942,13:33:33,10.32,0.02,2,2064,中性盘
943,13:33:42,10.32,0.0,2,2064,买盘
944,13:34:00,10.32,0.0,2,2064,买盘
945,13:34:21,10.3,-0.02,2,2060,卖盘
946,13:35:16,10.32,0.02,2,2064,买盘
947,13:35:39,10.32,0.0,25,25800,买盘
948,13:36:04,10.32,0.0,1,1032,卖盘
949,13:36:28,10.31,-0.01,1,1031,买盘
950,13:37:03,10.32,0.01,13,13416,买盘
951,13:37:33,10.33,0.01,8,8264,买盘
952,13:38:04,10.32,-0.01,16,16526,卖盘
953,13:38:09,10.32,0.0,11,11352,买盘
954,13:38:15,10.31,-0.01,10,10310,卖盘
955,13:38:24,10.31,0.0,1,1031,买盘
956,13:38:48,10.31,0.0,21,21651,买盘
957,13:38:54,10.31,0.0,5,5155,卖盘
958,13:39:12,10.33,0.02,10,10322,买盘
959,13:39:36,10.33,0.0,2,2066,买盘
960,13:39:48,10.34,0.01,10,10334,买盘
961,13:39:57,10.31,-0.03,1,1031,卖盘
962,13:40:19,10.32,0.01,16,16512,卖盘
963,13:40:21,10.32,0.0,3,3096,卖盘
964,13:40:55,10.32,0.0,10,10320,买盘
965,13:41:00,10.32,0.0,5,5160,买盘
966,13:41:12,10.32,0.0,5,5160,买盘
967,13:42:06,10.31,-0.01,79,81449,卖盘
968,13:42:27,10.31,0.0,2,2062,买盘
969,13:42:30,10.3,-0.01,73,75190,卖盘
970,13:42:33,10.27,-0.03,100,102748,卖盘
971,13:43:40,10.28,0.01,30,30840,卖盘
972,13:43:48,10.28,0.0,2,2056,买盘
973,13:44:06,10.28,0.0,10,10280,卖盘
974,13:44:09,10.28,0.0,18,18504,卖盘
975,13:44:19,10.28,0.0,2,2056,买盘
976,13:44:39,10.28,0.0,30,30840,买盘
977,13:45:06,10.28,0.0,41,42148,买盘
978,13:45:09,10.28,0.0,1,1028,买盘
979,13:45:18,10.28,0.0,18,18504,卖盘
980,13:45:27,10.28,0.0,6,6168,卖盘
981,13:46:48,10.28,0.0,9,9252,卖盘
982,13:46:54,10.28,0.0,6,6168,卖盘
983,13:47:12,10.28,0.0,1,1028,卖盘
984,13:48:03,10.28,0.0,8,8224,卖盘
985,13:48:42,10.28,0.0,6,6168,卖盘
986,13:49:00,10.28,0.0,4,4112,卖盘
987,13:49:28,10.28,0.0,10,10280,卖盘
988,13:49:33,10.28,0.0,30,30840,卖盘
989,13:49:36,10.28,0.0,1,1028,卖盘
990,13:49:49,10.26,-0.02,200,205365,卖盘
991,13:51:24,10.27,0.01,21,21567,卖盘
992,13:52:04,10.27,0.0,11,11297,卖盘
993,13:52:15,10.29,0.02,3,3087,买盘
994,13:53:09,10.29,0.0,14,14406,买盘
995,13:54:24,10.29,0.0,39,40129,买盘
996,13:55:21,10.29,0.0,15,15435,买盘
997,13:57:48,10.27,-0.02,10,10270,卖盘
998,13:58:06,10.27,0.0,75,77025,卖盘
999,13:58:22,10.27,0.0,30,30810,买盘
1000,13:58:51,10.27,0.0,3,3081,买盘
1001,13:59:18,10.27,0.0,5,5135,买盘
1002,13:59:30,10.21,-0.06,520,532653,卖盘
1003,14:00:18,10.21,0.0,200,204250,卖盘
1004,14:00:21,10.21,0.0,35,35735,卖盘
1005,14:00:30,10.21,0.0,5,5105,卖盘
1006,14:00:42,10.22,0.01,8,8176,中性盘
1007,14:00:45,10.26,0.04,52,53345,买盘
1008,14:01:33,10.25,-0.01,26,26648,买盘
1009,14:01:45,10.27,0.02,1,1027,买盘
1010,14:02:18,10.28,0.01,40,41093,买盘
1011,14:02:36,10.28,0.0,10,10280,卖盘
1012,14:03:21,10.28,0.0,4,4112,卖盘
1013,14:03:45,10.29,0.01,1,1029,买盘
1014,14:04:12,10.3,0.01,27,27810,买盘
1015,14:04:24,10.3,0.0,3,3090,卖盘
1016,14:04:36,10.3,0.0,64,65920,卖盘
1017,14:05:04,10.3,0.0,35,36050,买盘
1018,14:05:06,10.3,0.0,15,15450,卖盘
1019,14:05:33,10.31,0.01,8,8248,买盘
1020,14:05:36,10.31,0.0,3,3093,卖盘
1021,14:05:54,10.32,0.01,1,1032,买盘
1022,14:06:15,10.29,-0.03,99,101871,卖盘
1023,14:06:39,10.31,0.02,5,5153,买盘
1024,14:06:51,10.26,-0.05,4,4104,卖盘
1025,14:08:36,10.27,0.01,1,1027,卖盘
1026,14:08:51,10.29,0.02,2,2058,买盘
1027,14:11:33,10.29,0.0,6,6174,买盘
1028,14:11:42,10.28,-0.01,1,1028,卖盘
1029,14:12:24,10.27,-0.01,70,71930,卖盘
1030,14:12:33,10.29,0.02,2,2058,买盘
1031,14:13:33,10.28,-0.01,48,49344,卖盘
1032,14:13:45,10.28,0.0,1,1028,卖盘
1033,14:14:12,10.29,0.01,6,6174,买盘
1034,14:14:54,10.29,0.0,15,15435,买盘
1035,14:15:00,10.29,0.0,2,2058,卖盘
1036,14:15:04,10.29,0.0,4,4116,卖盘
1037,14:15:12,10.28,-0.01,1,1028,卖盘
1038,14:15:18,10.28,0.0,21,21588,卖盘
1039,14:15:45,10.29,0.01,42,43218,买盘
1040,14:16:12,10.3,0.01,100,103000,买盘
1041,14:16:34,10.3,0.0,5,5150,买盘
1042,14:16:40,10.3,0.0,44,45320,买盘
1043,14:18:39,10.31,0.01,6,6186,买盘
1044,14:18:42,10.31,0.0,5,5155,买盘
1045,14:19:21,10.31,0.0,6,6186,买盘
1046,14:19:36,10.31,0.0,27,27837,买盘
1047,14:19:39,10.3,-0.01,2,2060,卖盘
1048,14:19:42,10.31,0.01,62,63922,买盘
1049,14:20:04,10.31,0.0,42,43302,买盘
1050,14:20:12,10.31,0.0,1,1031,卖盘
1051,14:21:27,10.31,0.0,1,1031,卖盘
1052,14:21:45,10.31,0.0,7,7217,卖盘
1053,14:23:03,10.32,0.01,100,103197,买盘
1054,14:24:18,10.32,0.0,34,35088,买盘
1055,14:24:45,10.33,0.01,23,23759,买盘
1056,14:25:27,10.33,0.0,5,5165,买盘
1057,14:25:31,10.33,0.0,4,4132,买盘
1058,14:25:45,10.33,0.0,1,1033,卖盘
1059,14:26:06,10.33,0.0,7,7231,卖盘
1060,14:27:03,10.32,-0.01,15,15480,卖盘
1061,14:27:09,10.33,0.01,13,13429,买盘
1062,14:27:27,10.33,0.0,20,20660,卖盘
1063,14:28:18,10.33,0.0,68,70244,卖盘
1064,14:28:54,10.33,0.0,1,1033,买盘
1065,14:29:24,10.33,0.0,42,43386,买盘
1066,14:29:27,10.32,-0.01,50,51610,卖盘
1067,14:29:30,10.33,0.01,6,6198,中性盘
1068,14:29:33,10.32,-0.01,4,4129,卖盘
1069,14:29:48,10.33,0.01,5,5165,买盘
1070,14:29:57,10.33,0.0,10,10330,卖盘
1071,14:31:27,10.33,0.0,5,5165,买盘
1072,14:33:36,10.32,-0.01,28,28896,卖盘
1073,14:33:45,10.32,0.0,15,15996,卖盘
1074,14:34:04,10.32,0.0,5,5160,卖盘
1075,14:35:12,10.32,0.0,1,1032,卖盘
1076,14:35:24,10.32,0.0,9,9288,卖盘
1077,14:35:48,10.33,0.01,35,36155,买盘
1078,14:35:51,10.33,0.0,10,10330,卖盘
1079,14:36:24,10.33,0.0,11,11363,买盘
1080,14:36:27,10.33,0.0,9,9297,卖盘
1081,14:36:33,10.33,0.0,5,5165,买盘
1082,14:36:48,10.33,0.0,2,2066,买盘
1083,14:37:09,10.32,-0.01,3,3096,卖盘
1084,14:38:09,10.32,0.0,10,10320,卖盘
1085,14:38:24,10.33,0.01,22,22726,买盘
1086,14:38:30,10.33,0.0,65,67145,买盘
1087,14:38:33,10.33,0.0,35,36155,卖盘
1088,14:38:57,10.33,0.0,22,22726,买盘
1089,14:39:00,10.33,0.0,18,18594,买盘
1090,14:39:06,10.33,0.0,2,2066,卖盘
1091,14:39:57,10.33,0.0,10,10330,卖盘
1092,14:40:15,10.33,0.0,2,2066,买盘
1093,14:40:30,10.33,0.0,2,2066,买盘
1094,14:40:36,10.33,0.0,5,5165,买盘
1095,14:41:12,10.33,0.0,10,10330,买盘
1096,14:41:30,10.33,0.0,108,111564,买盘
1097,14:42:21,10.32,-0.01,302,311772,卖盘
1098,14:42:45,10.32,0.0,10,10320,卖盘
1099,14:42:51,10.32,0.0,2,2064,卖盘
1100,14:43:09,10.32,0.0,1,1032,卖盘
1101,14:43:12,10.32,0.0,18,18060,卖盘
1102,14:43:24,10.32,0.0,8,8256,买盘
1103,14:43:36,10.31,-0.01,50,51550,卖盘
1104,14:43:39,10.31,0.0,2,2062,卖盘
1105,14:43:57,10.32,0.01,12,12384,买盘
1106,14:44:04,10.31,-0.01,12,12372,卖盘
1107,14:44:51,10.33,0.02,50,51604,买盘
1108,14:45:42,10.32,-0.01,9,9288,买盘
1109,14:46:00,10.31,-0.01,8,8248,卖盘
1110,14:46:33,10.31,0.0,10,10310,卖盘
1111,14:46:55,10.32,0.01,28,28896,买盘
1112,14:47:21,10.31,-0.01,24,24744,卖盘
1113,14:47:33,10.31,0.0,63,64953,卖盘
1114,14:47:36,10.31,0.0,1,1031,卖盘
1115,14:47:51,10.31,0.0,5,5155,卖盘
1116,14:47:57,10.32,0.01,23,23736,买盘
1117,14:48:00,10.31,-0.01,3,3093,卖盘
1118,14:48:18,10.31,0.0,5,5155,卖盘
1119,14:48:48,10.31,0.0,114,117534,卖盘
1120,14:49:12,10.3,-0.01,5,5150,卖盘
1121,14:49:18,10.3,0.0,10,10300,卖盘
1122,14:49:21,10.31,0.01,14,14434,买盘
1123,14:49:28,10.3,-0.01,15,15450,卖盘
1124,14:49:39,10.31,0.01,21,21651,买盘
1125,14:49:48,10.3,-0.01,30,30919,卖盘
1126,14:49:57,10.3,0.0,13,14296,卖盘
1127,14:50:18,10.31,0.01,13,13403,买盘
1128,14:50:39,10.31,0.0,2,2062,买盘
1129,14:50:42,10.31,0.0,1,1031,买盘
1130,14:50:45,10.31,0.0,17,17525,买盘
1131,14:50:51,10.31,0.0,19,19589,买盘
1132,14:51:09,10.3,-0.01,1,1030,卖盘
1133,14:51:24,10.31,0.01,35,36085,买盘
1134,14:51:33,10.31,0.0,5,5155,卖盘
1135,14:51:36,10.31,0.0,46,47426,卖盘
1136,14:51:39,10.3,-0.01,8,8247,卖盘
1137,14:51:51,10.3,0.0,1,1030,卖盘
1138,14:51:54,10.3,0.0,2,2060,卖盘
1139,14:52:04,10.3,0.0,1,1030,卖盘
1140,14:52:06,10.3,0.0,20,20600,卖盘
1141,14:52:18,10.31,0.01,1,1031,买盘
1142,14:52:25,10.3,-0.01,5,5150,卖盘
1143,14:52:34,10.31,0.01,130,134030,买盘
1144,14:52:39,10.31,0.0,17,17527,买盘
1145,14:52:42,10.31,0.0,5,5155,卖盘
1146,14:52:48,10.31,0.0,8,8248,卖盘
1147,14:52:57,10.32,0.01,38,39216,买盘
1148,14:53:06,10.32,0.0,1,1032,买盘
1149,14:53:15,10.31,-0.01,10,10310,卖盘
1150,14:53:33,10.31,0.0,28,28868,卖盘
1151,14:53:39,10.31,0.0,9,9279,卖盘
1152,14:53:51,10.32,0.01,8,8251,买盘
1153,14:53:54,10.32,0.0,78,80496,买盘
1154,14:54:06,10.32,0.0,34,35088,买盘
1155,14:54:13,10.31,-0.01,32,33019,卖盘
1156,14:54:18,10.31,0.0,5,5155,卖盘
1157,14:54:24,10.31,0.0,31,31961,卖盘
1158,14:54:36,10.31,0.0,5,5155,买盘
1159,14:54:42,10.31,0.0,20,20620,买盘
1160,14:54:45,10.31,0.0,9,9279,买盘
1161,14:55:00,10.31,0.0,30,30930,买盘
1162,14:55:15,10.31,0.0,6,5263,卖盘
1163,14:55:19,10.31,0.0,15,15465,卖盘
1164,14:55:21,10.3,-0.01,50,51518,卖盘
1165,14:55:24,10.33,0.03,164,169880,买盘
1166,14:55:40,10.33,0.0,5,4648,卖盘
1167,14:55:57,10.33,0.0,5,5682,买盘
1168,14:56:06,10.32,-0.01,102,104828,卖盘
1169,14:56:09,10.32,0.0,5,5160,买盘
1170,14:56:18,10.31,-0.01,7,7217,卖盘
1171,14:56:30,10.3,-0.01,80,82443,卖盘
1172,14:56:34,10.3,0.0,4,4862,卖盘
1173,14:56:36,10.3,0.0,1,1030,卖盘
1174,14:56:39,10.3,0.0,1,1030,卖盘
1175,14:56:45,10.32,0.02,25,25777,买盘
1176,14:56:51,10.3,-0.02,18,17716,卖盘
1177,15:00:04,10.3,0.0,566,583083,卖盘
