,time,price,change,volume,amount,type
0,09:25:04,10.3,0.13,60,61800,卖盘
1,09:30:00,10.26,-0.04,17,17442,中性盘
2,09:30:04,10.25,-0.01,18,18463,卖盘
3,09:30:07,10.25,0.0,5,5125,买盘
4,09:30:33,10.23,-0.02,1,1023,卖盘
5,09:30:36,10.26,0.03,56,57415,买盘
6,09:30:39,10.28,0.02,17,17476,卖盘
7,09:30:51,10.28,0.0,200,205600,卖盘
8,09:30:54,10.28,0.0,34,34952,卖盘
9,09:30:57,10.28,0.0,34,34952,卖盘
10,09:31:01,10.28,0.0,70,71960,卖盘
11,09:31:04,10.28,0.0,191,197212,卖盘
12,09:31:13,10.28,0.0,16,15584,卖盘
13,09:32:30,10.26,-0.02,50,51300,买盘
14,09:32:34,10.23,-0.03,2,2046,卖盘
15,09:32:37,10.27,0.04,88,90328,买盘
16,09:32:39,10.22,-0.05,17,17376,卖盘
17,09:32:45,10.27,0.05,32,32864,买盘
18,09:32:48,10.27,0.0,18,18486,卖盘
19,09:33:00,10.22,-0.05,5,5110,卖盘
20,09:33:03,10.2,-0.02,2,2040,买盘
21,09:33:06,10.2,0.0,2,2040,买盘
22,09:33:09,10.2,0.0,13,13260,买盘
23,09:33:12,10.2,0.0,11,11220,买盘
24,09:33:16,10.2,0.0,2,2040,买盘
25,09:33:19,10.2,0.0,2,2040,买盘
26,09:33:21,10.2,0.0,7,7140,买盘
27,09:33:24,10.2,0.0,4,4080,买盘
28,09:33:27,10.2,0.0,2,2040,买盘
29,09:33:31,10.2,0.0,2,2040,买盘
30,09:33:34,10.2,0.0,2,2040,买盘
31,09:33:37,10.2,0.0,1,1020,买盘
32,09:33:49,10.2,0.0,1,1020,买盘
33,09:33:52,10.2,0.0,2,2040,买盘
34,09:33:54,10.2,0.0,2,2040,买盘
35,09:33:57,10.2,0.0,2,2040,买盘
36,09:34:00,10.2,0.0,1,1020,买盘
37,09:34:03,10.18,-0.02,17,17310,卖盘
38,09:34:06,10.18,0.0,1,1018,买盘
39,09:34:09,10.15,-0.03,18,18288,卖盘
40,09:34:12,10.15,0.0,15,15225,买盘
41,09:34:15,10.18,0.03,6,6108,买盘
42,09:34:18,10.18,0.0,2,2036,买盘
43,09:34:21,10.2,0.02,68,69308,买盘
44,09:35:42,10.21,0.01,15,15315,买盘
45,09:35:45,10.21,0.0,5,5105,卖盘
46,09:35:54,10.22,0.01,11,11242,买盘
47,09:36:04,10.24,0.02,42,43004,买盘
48,09:36:30,10.24,0.0,24,24576,卖盘
49,09:36:33,10.26,0.02,3,3078,买盘
50,09:36:54,10.22,-0.04,1,1022,卖盘
51,09:36:57,10.22,0.0,32,32704,卖盘
52,09:37:00,10.2,-0.02,124,126985,卖盘
53,09:37:21,10.2,0.0,10,10200,卖盘
54,09:37:54,10.17,-0.03,6,6102,卖盘
55,09:37:57,10.17,0.0,6,6102,买盘
56,09:38:00,10.17,0.0,3,3051,买盘
57,09:38:04,10.17,0.0,2,2034,买盘
58,09:38:07,10.17,0.0,7,7119,买盘
59,09:38:09,10.17,0.0,5,5085,买盘
60,09:38:12,10.17,0.0,5,5085,买盘
61,09:38:15,10.17,0.0,36,36612,买盘
62,09:38:42,10.23,0.06,50,51116,买盘
63,09:38:54,10.18,-0.05,10,10180,卖盘
64,09:39:13,10.21,0.03,2,2042,卖盘
65,09:40:18,10.21,0.0,2,2042,卖盘
66,09:40:45,10.23,0.02,2,2046,买盘
67,09:41:13,10.23,0.0,2,2046,买盘
68,09:41:39,10.22,-0.01,23,23506,卖盘
69,09:41:54,10.22,0.0,10,10220,卖盘
70,09:42:06,10.22,0.0,9,9198,卖盘
71,09:42:15,10.22,0.0,1,1022,卖盘
72,09:42:24,10.22,0.0,2,2044,卖盘
73,09:42:39,10.22,0.0,1,1022,卖盘
74,09:42:51,10.21,-0.01,11,11231,卖盘
75,09:43:15,10.22,0.01,66,67429,买盘
76,09:43:18,10.22,0.0,7,7154,卖盘
77,09:43:30,10.21,-0.01,3,3063,卖盘
78,09:43:39,10.21,0.0,7,7147,卖盘
79,09:43:42,10.22,0.01,50,51100,买盘
80,09:44:06,10.22,0.0,43,43946,买盘
81,09:44:24,10.24,0.02,15,15360,买盘
82,09:44:33,10.25,0.01,70,71750,买盘
83,09:44:36,10.26,0.01,3,3078,买盘
84,09:44:40,10.27,0.01,92,94442,买盘
85,09:44:52,10.28,0.01,15,15420,买盘
86,09:45:00,10.28,0.0,28,28784,卖盘
87,09:45:15,10.27,-0.01,14,14378,卖盘
88,09:45:21,10.25,-0.02,8,8200,卖盘
89,09:45:24,10.25,0.0,3,3075,买盘
90,09:45:33,10.24,-0.01,30,30732,卖盘
91,09:45:42,10.27,0.03,20,20540,买盘
92,09:47:21,10.27,0.0,44,45159,买盘
93,09:48:18,10.25,-0.02,29,29725,卖盘
94,09:48:39,10.24,-0.01,10,10240,卖盘
95,09:48:45,10.24,0.0,11,11264,卖盘
96,09:49:24,10.23,-0.01,1,1023,买盘
97,09:49:33,10.22,-0.01,15,15330,卖盘
98,09:49:45,10.22,0.0,50,51100,卖盘
99,09:49:54,10.22,0.0,14,14308,卖盘
100,09:49:57,10.22,0.0,2,2044,卖盘
101,09:50:01,10.22,0.0,26,26572,卖盘
102,09:50:30,10.23,0.01,20,20460,买盘
103,09:51:00,10.24,0.01,24,24570,买盘
104,09:51:09,10.24,0.0,10,10240,买盘
105,09:51:27,10.22,-0.02,3,3066,卖盘
106,09:51:30,10.24,0.02,12,12288,买盘
107,09:51:33,10.21,-0.03,6,6128,卖盘
108,09:51:37,10.2,-0.01,105,107158,卖盘
109,09:52:09,10.24,0.04,2,2048,买盘
110,09:52:45,10.23,-0.01,5,5115,买盘
111,09:52:54,10.22,-0.01,10,10220,卖盘
112,09:53:51,10.23,0.01,3,3068,买盘
113,09:54:04,10.23,0.0,8,8184,买盘
114,09:54:12,10.19,-0.04,100,102011,卖盘
115,09:54:48,10.23,0.04,5,5115,买盘
116,09:56:03,10.23,0.0,14,14320,买盘
117,09:56:06,10.2,-0.03,9,9180,卖盘
118,09:56:48,10.23,0.03,33,33759,买盘
119,10:00:28,10.22,-0.01,10,10220,卖盘
120,10:01:00,10.23,0.01,1,1023,买盘
121,10:01:24,10.22,-0.01,8,8176,卖盘
122,10:01:28,10.22,0.0,1,1022,买盘
123,10:01:36,10.22,0.0,2,2044,买盘
124,10:02:39,10.21,-0.01,10,10210,卖盘
125,10:02:57,10.2,-0.01,8,8160,卖盘
126,10:04:58,10.22,0.02,4,4088,卖盘
127,10:05:39,10.23,0.01,1,1023,买盘
128,10:05:51,10.23,0.0,9,9207,买盘
129,10:05:57,10.23,0.0,2,2046,卖盘
130,10:06:04,10.23,0.0,2,2046,卖盘
131,10:06:09,10.23,0.0,2,2046,卖盘
132,10:06:18,10.22,-0.01,1,1022,卖盘
133,10:06:24,10.22,0.0,4,4088,卖盘
134,10:08:06,10.23,0.01,2,2046,买盘
135,10:08:27,10.2,-0.03,46,46936,卖盘
136,10:09:12,10.19,-0.01,1,1019,卖盘
137,10:10:12,10.19,0.0,27,27513,卖盘
138,10:11:54,10.18,-0.01,15,15270,卖盘
139,10:12:03,10.18,0.0,11,11198,卖盘
140,10:12:10,10.18,0.0,11,11198,卖盘
141,10:12:42,10.17,-0.01,122,124074,卖盘
142,10:14:04,10.15,-0.02,133,135055,卖盘
143,10:14:33,10.16,0.01,1,1016,买盘
144,10:14:36,10.17,0.01,61,62037,买盘
145,10:14:39,10.17,0.0,6,6610,卖盘
146,10:14:51,10.18,0.01,60,61080,买盘
147,10:14:54,10.18,0.0,9,9162,卖盘
148,10:15:03,10.19,0.01,23,23437,买盘
149,10:15:13,10.19,0.0,45,45855,买盘
150,10:15:24,10.18,-0.01,119,121242,卖盘
151,10:15:42,10.17,-0.01,8,8136,卖盘
152,10:15:54,10.19,0.02,74,75398,买盘
153,10:16:18,10.19,0.0,50,50950,卖盘
154,10:16:45,10.19,0.0,11,11209,卖盘
155,10:17:24,10.2,0.01,3,3060,买盘
156,10:18:33,10.2,0.0,5,5100,买盘
157,10:18:57,10.2,0.0,50,51000,买盘
158,10:20:04,10.19,-0.01,3,3057,卖盘
159,10:21:42,10.19,0.0,20,20380,买盘
160,10:23:06,10.19,0.0,27,27513,卖盘
161,10:24:00,10.2,0.01,39,39780,买盘
162,10:24:07,10.19,-0.01,12,12238,卖盘
163,10:26:00,10.2,0.01,158,161060,买盘
164,10:26:27,10.2,0.0,16,16320,卖盘
165,10:26:30,10.23,0.03,22,22506,买盘
166,10:26:33,10.23,0.0,2,2046,卖盘
167,10:26:36,10.23,0.0,10,10230,卖盘
168,10:27:45,10.17,-0.06,20,20340,卖盘
169,10:27:51,10.17,0.0,1,1017,卖盘
170,10:28:16,10.22,0.05,10,10220,买盘
171,10:29:24,10.17,-0.05,20,20340,卖盘
172,10:30:12,10.17,0.0,20,20340,卖盘
173,10:30:31,10.22,0.05,1,1022,买盘
174,10:32:12,10.22,0.0,5,5110,买盘
175,10:34:21,10.18,-0.04,8,8144,卖盘
176,10:34:54,10.18,0.0,2,2036,卖盘
177,10:35:04,10.18,0.0,1,1018,卖盘
178,10:35:27,10.16,-0.02,23,23396,卖盘
179,10:35:43,10.23,0.07,5,5112,买盘
180,10:39:57,10.21,-0.02,9,9189,买盘
181,10:40:36,10.21,0.0,22,22462,买盘
182,10:41:27,10.17,-0.04,4,4068,卖盘
183,10:42:15,10.17,0.0,1,1017,卖盘
184,10:42:24,10.17,0.0,20,20340,卖盘
185,10:42:48,10.17,0.0,20,20340,卖盘
186,10:43:12,10.18,0.01,20,20360,卖盘
187,10:43:30,10.2,0.02,3,3060,买盘
188,10:48:21,10.19,-0.01,1,1019,买盘
189,10:48:24,10.19,0.0,2,2038,卖盘
190,10:50:09,10.17,-0.02,10,10170,卖盘
191,10:50:45,10.16,-0.01,13,13208,卖盘
192,10:52:24,10.19,0.03,10,10169,买盘
193,10:54:51,10.16,-0.03,50,50800,卖盘
194,10:55:09,10.16,0.0,20,20320,卖盘
195,10:55:15,10.16,0.0,5,5080,卖盘
196,10:56:27,10.18,0.02,3,3054,买盘
197,10:56:43,10.19,0.01,3,3055,买盘
198,10:58:39,10.19,0.0,2,2038,买盘
199,10:59:48,10.16,-0.03,55,55372,卖盘
200,11:00:21,10.15,-0.01,1,1015,卖盘
201,11:00:34,10.16,0.01,10,10160,买盘
202,11:00:42,10.16,0.0,14,14224,买盘
203,11:00:55,10.19,0.03,3,3056,卖盘
204,11:01:19,10.15,-0.04,6,6090,卖盘
205,11:02:15,10.19,0.04,10,10190,买盘
206,11:05:06,10.16,-0.03,1,1016,卖盘
207,11:05:51,10.16,0.0,2,2032,卖盘
208,11:05:54,10.16,0.0,30,30480,卖盘
209,11:06:12,10.15,-0.01,20,20300,卖盘
210,11:06:27,10.15,0.0,83,84245,卖盘
211,11:06:57,10.15,0.0,17,17255,卖盘
212,11:07:00,10.15,0.0,2,2030,卖盘
213,11:07:04,10.15,0.0,2,2030,卖盘
214,11:07:06,10.15,0.0,3,3045,卖盘
215,11:07:27,10.15,0.0,1,1015,卖盘
216,11:07:45,10.13,-0.02,166,168321,卖盘
217,11:07:57,10.13,0.0,12,12156,卖盘
218,11:09:09,10.13,0.0,80,81040,卖盘
219,11:09:33,10.14,0.01,6,6084,卖盘
220,11:09:51,10.14,0.0,4,4056,卖盘
221,11:09:54,10.13,-0.01,1,1013,卖盘
222,11:10:06,10.13,0.0,25,25325,卖盘
223,11:10:09,10.13,0.0,11,11143,卖盘
224,11:10:24,10.13,0.0,5,5065,买盘
225,11:10:39,10.12,-0.01,67,67804,卖盘
226,11:11:48,10.12,0.0,18,18216,卖盘
227,11:12:24,10.11,-0.01,35,35393,卖盘
228,11:12:42,10.17,0.06,3,3051,买盘
229,11:18:39,10.16,-0.01,3,3048,买盘
230,11:25:54,10.12,-0.04,2,2024,卖盘
231,11:26:09,10.12,0.0,10,10120,卖盘
232,11:26:36,10.12,0.0,74,74888,卖盘
233,11:26:39,10.11,-0.01,1,1011,卖盘
234,11:26:46,10.12,0.01,10,10120,买盘
235,11:26:54,10.12,0.0,2,2024,买盘
236,11:27:12,10.15,0.03,16,16240,买盘
237,11:27:15,10.15,0.0,1,1015,卖盘
238,11:27:18,10.15,0.0,1,1015,卖盘
239,11:27:24,10.15,0.0,1,1015,卖盘
240,11:27:27,10.16,0.01,23,23363,买盘
241,11:27:33,10.16,0.0,39,39624,买盘
242,11:27:48,10.16,0.0,29,29464,买盘
243,11:28:04,10.17,0.01,18,18306,买盘
244,11:28:30,10.16,-0.01,11,11176,卖盘
245,13:00:04,10.15,-0.01,3,3045,卖盘
246,13:00:24,10.15,0.0,1,1015,卖盘
247,13:06:15,10.15,0.0,12,12180,买盘
248,13:06:18,10.12,-0.03,10,10120,卖盘
249,13:06:21,10.12,0.0,2,2024,卖盘
250,13:06:27,10.12,0.0,5,5060,卖盘
251,13:06:30,10.12,0.0,2,2024,卖盘
252,13:08:04,10.15,0.03,6,6090,买盘
253,13:08:06,10.12,-0.03,3,3036,卖盘
254,13:09:27,10.12,0.0,36,36432,卖盘
255,13:09:30,10.11,-0.01,17,17191,卖盘
256,13:10:54,10.11,0.0,3,3033,卖盘
257,13:11:58,10.11,0.0,63,63693,卖盘
258,13:12:00,10.11,0.0,3,3033,卖盘
259,13:12:03,10.15,0.04,3,3045,买盘
260,13:12:55,10.15,0.0,10,10150,买盘
261,13:12:57,10.12,-0.03,3,3036,卖盘
262,13:14:21,10.12,0.0,3,3036,卖盘
263,13:15:24,10.12,0.0,3,3036,卖盘
264,13:16:16,10.12,0.0,6,6072,卖盘
265,13:16:19,10.11,-0.01,2,2022,卖盘
266,13:16:54,10.11,0.0,83,83913,卖盘
267,13:17:04,10.1,-0.01,4,4040,卖盘
268,13:17:06,10.1,0.0,3,3030,卖盘
269,13:18:06,10.1,0.0,7,7070,卖盘
270,13:18:54,10.11,0.01,10,10110,买盘
271,13:19:45,10.11,0.0,2,2022,买盘
272,13:19:48,10.11,0.0,1,1011,卖盘
273,13:20:00,10.15,0.04,2,2030,买盘
274,13:20:36,10.1,-0.05,163,164652,卖盘
275,13:20:39,10.08,-0.02,2,2016,卖盘
276,13:21:12,10.08,0.0,37,37296,卖盘
277,13:21:25,10.08,0.0,2,2016,卖盘
278,13:22:10,10.08,0.0,3,3024,卖盘
279,13:23:24,10.08,0.0,4,4032,卖盘
280,13:24:42,10.09,0.01,3,3027,卖盘
281,13:24:48,10.15,0.06,3,3045,买盘
282,13:25:54,10.08,-0.07,3,3026,卖盘
283,13:26:39,10.08,0.0,2,2016,卖盘
284,13:27:24,10.08,0.0,1,1008,卖盘
285,13:27:57,10.09,0.01,3,3027,卖盘
286,13:28:54,10.09,0.0,1,1009,卖盘
287,13:28:57,10.09,0.0,1,1009,卖盘
288,13:29:04,10.09,0.0,1,1009,卖盘
289,13:30:19,10.14,0.05,15,15210,买盘
290,13:30:31,10.14,0.0,4,4056,卖盘
291,13:30:48,10.14,0.0,78,79092,卖盘
292,13:32:52,10.09,-0.05,11,11947,卖盘
293,13:34:24,10.13,0.04,16,16208,买盘
294,13:34:27,10.13,0.0,4,4052,卖盘
295,13:35:21,10.09,-0.04,10,10090,卖盘
296,13:35:39,10.09,0.0,1,1009,卖盘
297,13:36:24,10.11,0.02,6,6066,卖盘
298,13:36:31,10.11,0.0,1,1011,卖盘
299,13:36:37,10.11,0.0,4,4044,卖盘
300,13:37:48,10.11,0.0,3,3033,卖盘
301,13:39:01,10.14,0.03,2,2028,买盘
302,13:41:04,10.11,-0.03,79,79869,卖盘
303,13:42:12,10.11,0.0,6,6066,买盘
304,13:45:03,10.11,0.0,5,5055,买盘
305,13:45:33,10.1,-0.01,1,1010,卖盘
306,13:48:51,10.09,-0.01,100,100929,卖盘
307,13:49:21,10.1,0.01,5,5050,卖盘
308,13:49:36,10.09,-0.01,12,12108,卖盘
309,13:49:43,10.09,0.0,19,19171,卖盘
310,13:52:00,10.1,0.01,5,5050,买盘
311,13:52:04,10.09,-0.01,4,3188,卖盘
312,13:53:33,10.08,-0.01,3,3024,卖盘
313,13:54:39,10.08,0.0,51,51408,卖盘
314,13:55:15,10.08,0.0,100,100800,卖盘
315,13:55:48,10.08,0.0,13,13104,卖盘
316,13:56:30,10.08,0.0,3,3024,买盘
317,13:58:04,10.07,-0.01,5,5035,卖盘
318,13:58:18,10.05,-0.02,300,301822,卖盘
319,13:59:12,10.09,0.04,10,10086,买盘
320,13:59:15,10.05,-0.04,104,104520,卖盘
321,13:59:28,10.05,0.0,2,2512,买盘
322,14:00:30,10.05,0.0,50,50270,卖盘
323,14:00:36,10.09,0.04,2,2018,买盘
324,14:00:54,10.09,0.0,10,10090,买盘
325,14:03:04,10.05,-0.04,80,80400,卖盘
326,14:04:01,10.08,0.03,3,3024,买盘
327,14:04:15,10.05,-0.03,10,9548,卖盘
328,14:04:18,10.05,0.0,7,7035,买盘
329,14:04:51,10.05,0.0,80,80400,卖盘
330,14:05:12,10.07,0.02,10,10070,中性盘
331,14:05:57,10.05,-0.02,11,11055,卖盘
332,14:06:12,10.08,0.03,3,3024,买盘
333,14:06:33,10.05,-0.03,9,9045,卖盘
334,14:06:54,10.02,-0.03,200,200554,卖盘
335,14:07:21,10.02,0.0,15,15030,卖盘
336,14:07:45,10.02,0.0,19,19038,卖盘
337,14:08:51,10.03,0.01,2,2006,卖盘
338,14:09:27,10.04,0.01,50,50200,卖盘
339,14:09:52,10.03,-0.01,30,30090,卖盘
340,14:09:54,10.03,0.0,80,80240,卖盘
341,14:10:33,10.03,0.0,1,1003,卖盘
342,14:10:57,10.01,-0.02,309,309430,卖盘
343,14:11:00,10.03,0.02,3,3009,卖盘
344,14:11:12,10.05,0.02,20,20100,买盘
345,14:11:46,10.05,0.0,60,60300,卖盘
346,14:11:51,10.05,0.0,8,8040,卖盘
347,14:12:03,10.05,0.0,11,11055,买盘
348,14:13:00,10.05,0.0,1,1005,买盘
349,14:13:09,10.05,0.0,9,9045,买盘
350,14:13:21,10.03,-0.02,33,33139,卖盘
351,14:13:33,10.03,0.0,8,8024,卖盘
352,14:13:42,10.07,0.04,2,2014,买盘
353,14:14:24,10.03,-0.04,30,30113,卖盘
354,14:15:33,10.03,0.0,30,30090,卖盘
355,14:15:52,10.05,0.02,20,20100,卖盘
356,14:16:21,10.06,0.01,4,4024,买盘
357,14:20:39,10.05,-0.01,3,3015,买盘
358,14:22:15,10.03,-0.02,12,12036,卖盘
359,14:22:24,10.03,0.0,10,10030,买盘
360,14:22:28,10.02,-0.01,27,27054,卖盘
361,14:22:36,10.01,-0.01,48,48048,卖盘
362,14:23:00,10.02,0.01,11,11022,买盘
363,14:23:30,10.03,0.01,4,4012,买盘
364,14:23:51,10.03,0.0,11,11033,买盘
365,14:24:21,10.03,0.0,3,3009,卖盘
366,14:24:36,10.03,0.0,11,11033,卖盘
367,14:25:15,10.06,0.03,37,37222,买盘
368,14:25:18,10.02,-0.04,110,110291,卖盘
369,14:25:52,10.03,0.01,5,5015,买盘
370,14:26:00,10.02,-0.01,12,12024,卖盘
371,14:26:16,10.02,0.0,25,25050,卖盘
372,14:26:19,10.02,0.0,6,6012,买盘
373,14:26:33,10.02,0.0,5,5010,买盘
374,14:26:48,10.02,0.0,17,17034,卖盘
375,14:26:51,10.03,0.01,34,34082,买盘
376,14:27:21,10.03,0.0,3,3009,卖盘
377,14:28:12,10.07,0.04,3,3021,买盘
378,14:28:54,10.07,0.0,100,100600,买盘
379,14:29:06,10.03,-0.04,75,75225,卖盘
380,14:29:18,10.05,0.02,15,15075,卖盘
381,14:29:21,10.07,0.02,25,25175,买盘
382,14:30:00,10.07,0.0,5,5035,卖盘
383,14:31:06,10.05,-0.02,28,28140,卖盘
384,14:35:03,10.07,0.02,20,20140,买盘
385,14:35:51,10.05,-0.02,100,100500,卖盘
386,14:36:15,10.03,-0.02,60,60180,卖盘
387,14:36:36,10.02,-0.01,5,5010,卖盘
388,14:36:39,10.03,0.01,1,1003,买盘
389,14:36:42,10.03,0.0,1,1003,买盘
390,14:36:45,10.03,0.0,1,1003,买盘
391,14:36:48,10.03,0.0,1,1003,买盘
392,14:36:51,10.03,0.0,1,1003,买盘
393,14:37:00,10.03,0.0,2,2006,买盘
394,14:37:03,10.03,0.0,33,33099,买盘
395,14:38:51,10.03,0.0,1,1003,卖盘
396,14:39:27,10.03,0.0,23,23069,卖盘
397,14:39:36,10.03,0.0,52,52156,买盘
398,14:39:54,10.03,0.0,10,10030,卖盘
399,14:39:57,10.04,0.01,1,1004,卖盘
400,14:40:00,10.04,0.0,1,1004,卖盘
401,14:40:13,10.03,-0.01,13,13039,卖盘
402,14:40:22,10.06,0.03,20,20120,买盘
403,14:40:33,10.05,-0.01,11,11055,买盘
404,14:40:57,10.03,-0.02,47,47141,卖盘
405,14:41:06,10.03,0.0,5,5015,买盘
406,14:41:42,10.0,-0.03,479,479228,卖盘
407,14:41:58,10.0,0.0,10,10005,卖盘
408,14:42:36,10.0,0.0,64,64000,卖盘
409,14:43:12,10.0,0.0,49,49000,卖盘
410,14:44:30,10.0,0.0,50,50022,卖盘
411,14:45:09,10.0,0.0,1,1000,卖盘
412,14:46:27,10.0,0.0,28,28000,卖盘
413,14:46:57,10.0,0.0,67,66500,卖盘
414,14:47:00,9.99,-0.01,2,1998,卖盘
415,14:47:15,9.99,0.0,4,4496,卖盘
416,14:47:27,10.0,0.01,12,12000,买盘
417,14:47:42,10.0,0.0,16,16000,买盘
418,14:47:48,10.0,0.0,10,10000,买盘
419,14:47:54,9.97,-0.03,251,249938,卖盘
420,14:47:57,9.97,0.0,14,13958,买盘
421,14:48:06,9.96,-0.01,36,35856,卖盘
422,14:48:09,9.96,0.0,54,53784,买盘
423,14:48:18,9.95,-0.01,114,113430,卖盘
424,14:48:21,9.94,-0.01,1,994,卖盘
425,14:48:27,9.95,0.01,30,29850,买盘
426,14:48:30,9.95,0.0,251,249641,买盘
427,14:48:36,9.96,0.01,2,1992,买盘
428,14:48:40,9.96,0.0,1,996,买盘
429,14:48:42,9.95,-0.01,80,79600,卖盘
430,14:48:45,9.92,-0.03,50,49670,卖盘
431,14:48:54,9.96,0.04,30,29848,买盘
432,14:49:06,9.96,0.0,14,14034,买盘
433,14:49:15,9.96,0.0,1,906,买盘
434,14:49:21,9.96,0.0,11,10867,卖盘
435,14:49:24,9.96,0.0,10,9960,买盘
436,14:49:30,9.96,0.0,100,99600,买盘
437,14:49:46,9.96,0.0,38,37866,卖盘
438,14:49:48,9.97,0.01,27,26919,买盘
439,14:49:51,9.97,0.0,10,9970,买盘
440,14:49:54,9.97,0.0,29,29412,买盘
441,14:50:10,9.97,0.0,12,11466,卖盘
442,14:50:12,9.97,0.0,2,1994,买盘
443,14:50:27,9.97,0.0,29,28913,买盘
444,14:50:30,9.97,0.0,120,119640,买盘
445,14:50:33,9.97,0.0,8,8474,买盘
446,14:50:36,9.97,0.0,12,11964,卖盘
447,14:50:39,9.96,-0.01,23,22920,卖盘
448,14:50:57,9.96,0.0,3,2988,卖盘
449,14:51:27,9.96,0.0,4,3984,卖盘
450,14:51:30,10.02,0.06,2,2004,买盘
451,14:51:52,10.02,0.0,10,10020,买盘
452,14:52:31,9.97,-0.05,22,21934,卖盘
453,14:52:39,9.97,0.0,5,4985,卖盘
454,14:53:27,9.97,0.0,1,997,卖盘
455,14:53:37,9.97,0.0,44,43868,卖盘
456,14:53:39,9.97,0.0,4,3988,卖盘
457,14:53:45,9.97,0.0,1,997,买盘
458,14:53:57,9.98,0.01,19,18962,卖盘
459,14:54:09,9.98,0.0,150,149700,买盘
460,14:54:12,9.97,-0.01,4,3988,卖盘
461,14:54:24,9.98,0.01,3,2994,买盘
462,14:54:36,9.99,0.01,17,16983,卖盘
463,14:54:45,9.99,0.0,2,1998,买盘
464,14:54:54,9.99,0.0,57,56975,卖盘
465,14:54:57,9.99,0.0,37,36963,卖盘
466,14:55:18,9.99,0.0,30,29970,买盘
467,14:55:34,9.98,-0.01,10,9980,卖盘
468,14:55:39,9.99,0.01,10,9990,买盘
469,14:55:45,9.98,-0.01,60,59880,卖盘
470,14:55:55,9.98,0.0,32,31936,买盘
471,14:56:01,9.97,-0.01,22,21934,卖盘
472,14:56:16,9.97,0.0,55,54835,卖盘
473,14:56:27,9.97,0.0,67,66799,买盘
474,14:56:31,9.97,0.0,51,50847,买盘
475,14:56:33,9.96,-0.01,29,28909,卖盘
476,14:56:36,9.98,0.02,49,48856,买盘
477,14:56:39,9.98,0.0,25,24950,买盘
478,14:56:42,9.98,0.0,13,12974,买盘
479,14:56:45,9.98,0.0,11,10978,买盘
480,14:56:48,9.98,0.0,56,55888,买盘
481,14:56:51,9.99,0.01,3,2997,买盘
482,14:56:54,9.99,0.0,2,1998,买盘
483,14:56:57,9.98,-0.01,13,12976,卖盘
484,14:57:00,9.98,0.0,59,58882,买盘
485,15:00:04,9.99,0.01,173,172827,卖盘
