,time,price,change,volume,amount,type
0,09:25:04,73.22,-0.92,21,153762,卖盘
1,09:30:05,73.2,-0.02,16,117144,卖盘
2,09:30:07,73.29,0.09,24,176148,中性盘
3,09:30:10,73.6,0.31,3,22018,买盘
4,09:30:19,73.6,0.0,2,14720,买盘
5,09:30:22,73.79,0.19,2,14754,买盘
6,09:30:28,73.79,0.0,2,14758,卖盘
7,09:30:31,73.87,0.08,6,44307,买盘
8,09:30:37,73.88,0.01,2,14775,买盘
9,09:30:40,73.87,-0.01,2,14774,卖盘
10,09:30:43,73.89,0.02,12,88662,买盘
11,09:30:46,73.89,0.0,7,51719,买盘
12,09:30:49,73.89,0.0,2,14778,买盘
13,09:30:55,74.1,0.21,3,22211,买盘
14,09:30:58,73.89,-0.21,18,133029,卖盘
15,09:31:01,73.93,0.04,6,44443,中性盘
16,09:31:07,74.14,0.21,15,111204,买盘
17,09:31:10,74.14,0.0,1,7414,卖盘
18,09:31:13,74.14,0.0,1,7414,卖盘
19,09:31:16,74.14,0.0,6,44484,卖盘
20,09:31:22,74.14,0.0,5,37070,卖盘
21,09:31:28,74.32,0.18,2,14846,买盘
22,09:31:31,74.14,-0.18,8,59327,卖盘
23,09:31:34,74.14,0.0,4,29656,卖盘
24,09:31:37,74.14,0.0,13,96436,卖盘
25,09:31:40,74.14,0.0,1,7414,买盘
26,09:31:43,73.89,-0.25,5,36956,卖盘
27,09:31:46,73.8,-0.09,5,37009,卖盘
28,09:31:55,73.75,-0.05,1,7375,卖盘
29,09:32:01,74.1,0.35,3,22216,买盘
30,09:32:07,73.8,-0.3,60,444752,卖盘
31,09:32:10,73.57,-0.23,55,405058,卖盘
32,09:32:13,73.57,0.0,2,14714,买盘
33,09:32:16,74.1,0.53,9,66289,买盘
34,09:32:22,74.1,0.0,5,36960,买盘
35,09:32:25,74.3,0.2,2,14860,买盘
36,09:32:31,74.27,-0.03,1,7427,买盘
37,09:32:37,74.1,-0.17,2,14820,卖盘
38,09:32:46,74.27,0.17,10,74270,卖盘
39,09:32:55,74.25,-0.02,16,118536,买盘
40,09:32:58,74.25,0.0,3,22261,买盘
41,09:33:01,74.22,-0.03,3,22266,买盘
42,09:33:05,74.11,-0.11,1,7411,卖盘
43,09:33:13,74.01,-0.1,1,7401,中性盘
44,09:33:19,74.11,0.1,3,22233,买盘
45,09:33:22,74.11,0.0,1,7411,买盘
46,09:33:25,73.98,-0.13,2,14798,卖盘
47,09:33:28,74.0,0.02,25,184600,中性盘
48,09:33:46,74.0,0.0,2,14800,卖盘
49,09:33:52,73.82,-0.18,5,36982,卖盘
50,09:33:58,74.0,0.18,35,258328,买盘
51,09:34:01,73.86,-0.14,2,14772,中性盘
52,09:34:04,74.08,0.22,8,59178,买盘
53,09:34:07,74.04,-0.04,22,162888,卖盘
54,09:34:10,74.04,0.0,1,7404,卖盘
55,09:34:13,74.04,0.0,2,14808,卖盘
56,09:34:19,74.08,0.04,1,7408,买盘
57,09:34:25,74.04,-0.04,1,7404,卖盘
58,09:34:31,74.08,0.04,1,7408,买盘
59,09:34:34,74.04,-0.04,3,22212,卖盘
60,09:34:37,74.05,0.01,1,7405,卖盘
61,09:34:46,74.08,0.03,1,7408,买盘
62,09:34:58,74.08,0.0,7,51836,买盘
63,09:35:01,74.08,0.0,2,14812,买盘
64,09:35:04,74.04,-0.04,14,103656,卖盘
65,09:35:10,74.04,0.0,1,7404,卖盘
66,09:35:13,74.07,0.03,1,7407,买盘
67,09:35:19,74.04,-0.03,1,7404,卖盘
68,09:35:22,74.04,0.0,1,7404,买盘
69,09:35:25,74.25,0.21,51,378005,买盘
70,09:35:40,74.06,-0.19,8,59246,中性盘
71,09:35:46,74.26,0.2,5,37130,买盘
72,09:35:49,74.07,-0.19,2,14814,卖盘
73,09:35:55,74.26,0.19,1,7426,买盘
74,09:36:13,74.26,0.0,8,59401,买盘
75,09:36:28,74.22,-0.04,3,22239,买盘
76,09:36:34,74.1,-0.12,2,14817,中性盘
77,09:36:40,74.21,0.11,2,14842,买盘
78,09:36:43,74.21,0.0,2,14842,买盘
79,09:36:49,74.12,-0.09,2,14832,卖盘
80,09:36:52,74.21,0.09,8,59367,买盘
81,09:36:55,74.22,0.01,3,22266,卖盘
82,09:36:58,74.22,0.0,1,7422,中性盘
83,09:37:01,74.22,0.0,1,7422,买盘
84,09:37:10,74.21,-0.01,1,7421,买盘
85,09:37:16,74.22,0.01,12,89061,买盘
86,09:37:19,74.22,0.0,2,14844,中性盘
87,09:37:31,74.22,0.0,8,59360,买盘
88,09:37:34,74.25,0.03,7,51929,买盘
89,09:37:37,74.13,-0.12,6,44529,卖盘
90,09:37:40,74.13,0.0,4,29652,买盘
91,09:37:43,74.13,0.0,11,81543,买盘
92,09:37:46,74.13,0.0,8,59304,买盘
93,09:37:49,74.12,-0.01,18,133431,卖盘
94,09:37:52,74.13,0.01,12,88956,买盘
95,09:37:55,74.12,-0.01,2,14825,中性盘
96,09:37:58,74.26,0.14,2,14852,买盘
97,09:38:01,74.28,0.02,4,29680,买盘
98,09:38:04,74.28,0.0,3,22284,卖盘
99,09:38:25,74.3,0.02,1,7430,买盘
100,09:38:31,74.3,0.0,2,14858,买盘
101,09:38:34,74.3,0.0,3,22290,卖盘
102,09:38:43,74.3,0.0,1,7430,卖盘
103,09:38:49,74.3,0.0,4,29722,卖盘
104,09:38:52,74.32,0.02,2,14864,买盘
105,09:38:55,74.32,0.0,8,59452,买盘
106,09:39:01,74.3,-0.02,7,52021,卖盘
107,09:39:07,74.4,0.1,12,89247,买盘
108,09:39:10,74.4,0.0,3,22320,买盘
109,09:39:13,74.38,-0.02,3,22314,卖盘
110,09:39:16,74.3,-0.08,8,59464,卖盘
111,09:39:19,74.3,0.0,6,44580,买盘
112,09:39:25,74.3,0.0,2,14860,买盘
113,09:39:28,74.3,0.0,4,29720,买盘
114,09:39:34,74.3,0.0,1,7430,买盘
115,09:39:37,74.29,-0.01,1,7429,卖盘
116,09:39:40,74.29,0.0,10,74292,卖盘
117,09:39:46,74.37,0.08,5,37164,中性盘
118,09:39:49,74.38,0.01,3,22306,买盘
119,09:39:52,74.3,-0.08,1,7430,卖盘
120,09:40:01,74.35,0.05,5,37175,买盘
121,09:40:04,74.3,-0.05,3,22290,卖盘
122,09:40:07,74.3,0.0,2,14860,卖盘
123,09:40:10,74.37,0.07,5,37183,买盘
124,09:40:13,74.36,-0.01,4,29744,中性盘
125,09:40:16,74.35,-0.01,3,22305,买盘
126,09:40:19,74.36,0.01,7,52026,买盘
127,09:40:22,74.3,-0.06,3,22300,卖盘
128,09:40:25,74.37,0.07,4,29746,买盘
129,09:40:37,74.37,0.0,10,74368,买盘
130,09:40:43,74.35,-0.02,2,14870,卖盘
131,09:40:46,74.37,0.02,2,14874,买盘
132,09:40:49,74.37,0.0,3,22311,买盘
133,09:40:52,74.37,0.0,2,14874,买盘
134,09:40:58,74.38,0.01,1,7438,买盘
135,09:41:01,74.37,-0.01,17,126429,卖盘
136,09:41:04,74.38,0.01,8,59504,买盘
137,09:41:07,74.38,0.0,18,133884,买盘
138,09:41:10,74.38,0.0,9,66942,买盘
139,09:41:13,74.38,0.0,2,14876,卖盘
140,09:41:19,74.4,0.02,3,22320,买盘
141,09:41:25,74.4,0.0,2,14880,卖盘
142,09:41:31,74.45,0.05,12,89340,买盘
143,09:41:40,74.45,0.0,5,37225,买盘
144,09:41:52,74.5,0.05,6,44700,买盘
145,09:41:55,74.51,0.01,2,14902,卖盘
146,09:41:58,74.5,-0.01,10,74502,卖盘
147,09:42:04,74.7,0.2,1,7470,买盘
148,09:42:07,74.46,-0.24,13,96854,卖盘
149,09:42:10,74.45,-0.01,4,29780,买盘
150,09:42:16,74.7,0.25,18,134183,买盘
151,09:42:19,74.77,0.07,3,22367,买盘
152,09:42:22,74.46,-0.31,1,7446,买盘
153,09:42:31,74.46,0.0,2,14892,买盘
154,09:42:34,74.46,0.0,31,230826,买盘
155,09:42:37,74.46,0.0,6,44680,卖盘
156,09:42:40,74.45,-0.01,4,29780,卖盘
157,09:42:43,74.46,0.01,7,52122,买盘
158,09:42:46,74.46,0.0,1,7446,买盘
159,09:42:49,74.46,0.0,2,14892,卖盘
160,09:42:52,74.45,-0.01,8,59562,卖盘
161,09:42:55,74.45,0.0,2,14890,买盘
162,09:42:58,74.47,0.02,5,37235,中性盘
163,09:43:01,74.47,0.0,2,14894,卖盘
164,09:43:04,74.46,-0.01,5,37231,卖盘
165,09:43:10,74.4,-0.06,9,66990,卖盘
166,09:43:19,74.38,-0.02,7,52076,卖盘
167,09:43:25,74.3,-0.08,5,37184,卖盘
168,09:43:34,74.3,0.0,2,14860,卖盘
169,09:43:37,74.3,0.0,4,29720,卖盘
170,09:43:40,74.3,0.0,1,7430,卖盘
171,09:44:01,74.1,-0.2,7,51896,卖盘
172,09:44:04,74.1,0.0,1,7410,买盘
173,09:44:07,74.1,0.0,10,74100,买盘
174,09:44:13,74.1,0.0,2,14820,卖盘
175,09:44:16,74.1,0.0,2,14820,卖盘
176,09:44:19,74.07,-0.03,8,59256,卖盘
177,09:44:28,74.07,0.0,1,7407,卖盘
178,09:44:37,73.98,-0.09,16,118401,卖盘
179,09:44:49,73.8,-0.18,8,59043,卖盘
180,09:44:55,73.8,0.0,2,14760,买盘
181,09:44:58,73.68,-0.12,21,154866,卖盘
182,09:45:01,73.66,-0.02,9,66294,中性盘
183,09:45:04,73.59,-0.07,5,36813,卖盘
184,09:45:07,73.57,-0.02,15,110355,卖盘
185,09:45:13,73.41,-0.16,13,95570,卖盘
186,09:45:19,73.31,-0.1,5,36655,卖盘
187,09:45:22,73.38,0.07,6,44006,买盘
188,09:45:31,73.31,-0.07,3,21993,中性盘
189,09:45:34,73.31,0.0,1,7331,卖盘
190,09:45:37,73.38,0.07,3,22014,买盘
191,09:45:40,73.38,0.0,38,278428,中性盘
192,09:45:43,73.25,-0.13,1,7325,卖盘
193,09:45:46,73.38,0.13,4,29352,买盘
194,09:45:49,73.38,0.0,6,44014,买盘
195,09:45:52,73.31,-0.07,2,14662,卖盘
196,09:45:55,73.38,0.07,5,36656,买盘
197,09:45:58,73.35,-0.03,28,205064,中性盘
198,09:46:01,73.25,-0.1,10,73282,卖盘
199,09:46:05,73.25,0.0,23,168486,卖盘
200,09:46:07,73.26,0.01,16,117212,买盘
201,09:46:10,73.4,0.14,15,109980,买盘
202,09:46:13,73.5,0.1,6,44090,买盘
203,09:46:16,73.42,-0.08,4,29384,中性盘
204,09:46:19,73.32,-0.1,8,58711,卖盘
205,09:46:25,73.32,0.0,10,73323,卖盘
206,09:46:31,73.48,0.16,1,7348,买盘
207,09:46:34,73.3,-0.18,16,117294,卖盘
208,09:46:37,73.5,0.2,30,220150,买盘
209,09:46:52,73.34,-0.16,1,7334,卖盘
210,09:47:01,73.5,0.16,3,22050,买盘
211,09:47:07,73.33,-0.17,13,95434,卖盘
212,09:47:10,73.48,0.15,10,73570,中性盘
213,09:47:16,73.34,-0.14,1,7334,中性盘
214,09:47:19,73.45,0.11,8,58703,买盘
215,09:47:25,73.3,-0.15,4,29322,卖盘
216,09:47:28,73.45,0.15,10,73450,买盘
217,09:47:31,73.48,0.03,1,7348,买盘
218,09:47:34,73.31,-0.17,11,80742,卖盘
219,09:47:37,73.31,0.0,13,95303,卖盘
220,09:47:40,73.68,0.37,10,73650,买盘
221,09:47:43,73.68,0.0,5,36840,卖盘
222,09:47:49,73.58,-0.1,16,117628,买盘
223,09:47:58,73.7,0.12,4,29468,买盘
224,09:48:07,73.33,-0.37,5,36671,卖盘
225,09:48:10,73.33,0.0,9,65997,买盘
226,09:48:13,73.33,0.0,9,65997,中性盘
227,09:48:16,73.7,0.37,4,29480,买盘
228,09:48:28,73.4,-0.3,6,44125,卖盘
229,09:48:37,73.33,-0.07,13,95343,卖盘
230,09:48:43,73.65,0.32,1,7365,买盘
231,09:48:52,73.43,-0.22,2,14701,卖盘
232,09:49:01,73.5,0.07,1,7350,买盘
233,09:49:07,73.33,-0.17,14,102746,卖盘
234,09:49:10,73.52,0.19,9,66154,买盘
235,09:49:19,73.4,-0.12,2,14680,卖盘
236,09:49:22,73.33,-0.07,6,44007,卖盘
237,09:49:34,73.4,0.07,2,14680,买盘
238,09:49:37,73.32,-0.08,39,285984,卖盘
239,09:49:46,73.33,0.01,2,14666,买盘
240,09:49:52,73.32,-0.01,5,36660,卖盘
241,09:49:55,73.33,0.01,1,7333,买盘
242,09:49:58,73.3,-0.03,25,183265,卖盘
243,09:50:01,73.3,0.0,54,395828,卖盘
244,09:50:04,73.27,-0.03,19,139260,卖盘
245,09:50:07,73.26,-0.01,11,80587,卖盘
246,09:50:10,73.12,-0.14,34,248981,卖盘
247,09:50:13,73.1,-0.02,57,416672,卖盘
248,09:50:16,73.1,0.0,47,343570,卖盘
249,09:50:19,73.02,-0.08,29,211884,卖盘
250,09:50:22,73.0,-0.02,56,409848,卖盘
251,09:50:25,72.9,-0.1,10,71933,卖盘
252,09:50:28,72.75,-0.15,56,407539,卖盘
253,09:50:34,72.75,0.0,13,94575,卖盘
254,09:50:37,72.65,-0.1,17,123571,卖盘
255,09:50:40,72.55,-0.1,4,29035,卖盘
256,09:50:43,72.53,-0.02,6,43518,卖盘
257,09:50:49,72.5,-0.03,1,7250,卖盘
258,09:50:52,72.53,0.03,5,36259,中性盘
259,09:50:55,72.5,-0.03,4,29006,卖盘
260,09:50:58,72.44,-0.06,8,57978,中性盘
261,09:51:01,72.5,0.06,19,137587,买盘
262,09:51:04,72.6,0.1,12,86906,买盘
263,09:51:07,72.6,0.0,12,87057,买盘
264,09:51:10,72.55,-0.05,1,7255,中性盘
265,09:51:13,72.5,-0.05,7,50660,卖盘
266,09:51:16,72.48,-0.02,13,94242,中性盘
267,09:51:19,72.6,0.12,11,79851,买盘
268,09:51:25,72.6,0.0,1,7260,卖盘
269,09:51:28,72.5,-0.1,13,94283,卖盘
270,09:51:37,72.51,0.01,19,137680,中性盘
271,09:51:40,72.46,-0.05,3,21738,买盘
272,09:51:43,72.66,0.2,17,123193,买盘
273,09:51:46,72.46,-0.2,2,14492,卖盘
274,09:51:52,72.46,0.0,18,130362,卖盘
275,09:51:55,72.41,-0.05,1,7241,卖盘
276,09:51:58,72.35,-0.06,4,28940,卖盘
277,09:52:01,72.36,0.01,1,7236,买盘
278,09:52:04,72.46,0.1,12,86840,买盘
279,09:52:07,72.48,0.02,11,79728,买盘
280,09:52:10,72.38,-0.1,16,115888,卖盘
281,09:52:13,72.63,0.25,4,29052,中性盘
282,09:52:16,72.46,-0.17,4,28974,买盘
283,09:52:19,72.46,0.0,2,14492,买盘
284,09:52:22,72.74,0.28,10,72572,买盘
285,09:52:25,72.74,0.0,5,36357,买盘
286,09:52:28,72.61,-0.13,2,14522,卖盘
287,09:52:34,72.51,-0.1,6,43536,卖盘
288,09:52:37,72.51,0.0,8,58078,卖盘
289,09:52:40,72.51,0.0,17,123248,卖盘
290,09:52:49,72.51,0.0,2,14502,买盘
291,09:52:52,72.51,0.0,1,7251,买盘
292,09:52:58,72.5,-0.01,6,43511,卖盘
293,09:53:01,72.51,0.01,2,14502,卖盘
294,09:53:04,72.51,0.0,9,65259,卖盘
295,09:53:07,72.67,0.16,2,14534,中性盘
296,09:53:10,72.52,-0.15,18,130526,中性盘
297,09:53:13,72.5,-0.02,8,58004,卖盘
298,09:53:16,72.51,0.01,3,21753,买盘
299,09:53:19,72.51,0.0,2,14501,买盘
300,09:53:22,72.51,0.0,6,43506,买盘
301,09:53:25,72.67,0.16,4,29029,买盘
302,09:53:28,72.51,-0.16,5,36257,卖盘
303,09:53:31,72.52,0.01,2,14504,买盘
304,09:53:34,72.51,-0.01,12,87012,卖盘
305,09:53:37,72.51,0.0,35,253794,卖盘
306,09:53:40,72.52,0.01,15,108766,买盘
307,09:53:46,72.52,0.0,18,130510,中性盘
308,09:53:55,72.52,0.0,6,43500,买盘
309,09:53:58,72.49,-0.03,4,28996,卖盘
310,09:54:01,72.49,0.0,8,57992,卖盘
311,09:54:07,72.48,-0.01,5,36240,卖盘
312,09:54:10,72.51,0.03,44,318939,买盘
313,09:54:13,72.45,-0.06,23,166767,卖盘
314,09:54:16,72.48,0.03,1,7248,买盘
315,09:54:19,72.49,0.01,1,7249,买盘
316,09:54:22,72.45,-0.04,13,94193,卖盘
317,09:54:25,72.48,0.03,2,14496,卖盘
318,09:54:28,72.48,0.0,6,43488,卖盘
319,09:54:31,72.48,0.0,11,79728,卖盘
320,09:54:34,72.48,0.0,17,123217,卖盘
321,09:54:37,72.48,0.0,1,7248,卖盘
322,09:54:40,72.44,-0.04,11,79689,卖盘
323,09:54:43,72.4,-0.04,3,21725,卖盘
324,09:54:46,72.35,-0.05,37,267760,卖盘
325,09:54:49,72.34,-0.01,6,43405,卖盘
326,09:54:52,72.35,0.01,1,7235,买盘
327,09:54:55,72.3,-0.05,26,187997,卖盘
328,09:54:58,72.23,-0.07,14,101169,卖盘
329,09:55:01,72.23,0.0,9,65006,买盘
330,09:55:04,72.23,0.0,3,21669,买盘
331,09:55:07,72.23,0.0,11,79444,买盘
332,09:55:10,72.11,-0.12,33,237973,卖盘
333,09:55:13,72.17,0.06,4,28868,买盘
334,09:55:16,72.1,-0.07,10,72138,卖盘
335,09:55:19,72.17,0.07,1,7217,买盘
336,09:55:22,72.05,-0.12,18,129807,卖盘
337,09:55:25,72.01,-0.04,48,345680,卖盘
338,09:55:28,72.17,0.16,27,194777,买盘
339,09:55:31,72.05,-0.12,2,14410,卖盘
340,09:55:34,72.0,-0.05,52,374476,卖盘
341,09:55:37,71.93,-0.07,18,129565,卖盘
342,09:55:40,71.93,0.0,5,35965,买盘
343,09:55:43,71.96,0.03,10,71960,买盘
344,09:55:46,72.0,0.04,2,14396,买盘
345,09:55:49,72.01,0.01,2,14402,买盘
346,09:55:52,71.96,-0.05,5,36124,卖盘
347,09:55:55,72.0,0.04,15,107980,买盘
348,09:55:58,71.9,-0.1,14,100543,卖盘
349,09:56:01,72.0,0.1,13,93538,买盘
350,09:56:07,71.96,-0.04,2,14396,卖盘
351,09:56:10,71.94,-0.02,11,79137,卖盘
352,09:56:13,71.94,0.0,100,719986,卖盘
353,09:56:16,71.96,0.02,1,7196,买盘
354,09:56:19,71.9,-0.06,34,244589,卖盘
355,09:56:22,72.0,0.1,41,295274,买盘
356,09:56:25,72.0,0.0,1,7200,卖盘
357,09:56:28,72.0,0.0,24,172904,卖盘
358,09:56:31,72.15,0.15,4,28865,中性盘
359,09:56:34,72.0,-0.15,74,532741,卖盘
360,09:56:37,72.0,0.0,37,266400,买盘
361,09:56:40,72.0,0.0,13,93600,买盘
362,09:56:43,72.06,0.06,16,115206,买盘
363,09:56:49,72.12,0.06,4,28851,卖盘
364,09:56:52,72.13,0.01,5,36056,买盘
365,09:56:55,72.06,-0.07,1,7206,买盘
366,09:56:58,72.0,-0.06,4,28832,卖盘
367,09:57:01,72.13,0.13,24,172895,买盘
368,09:57:04,72.12,-0.01,2,14424,中性盘
369,09:57:07,72.0,-0.12,25,180134,卖盘
370,09:57:10,71.96,-0.04,10,71964,卖盘
371,09:57:13,71.96,0.0,3,21588,买盘
372,09:57:16,71.96,0.0,1,7196,买盘
373,09:57:22,71.95,-0.01,17,122315,卖盘
374,09:57:25,72.0,0.05,15,107980,买盘
375,09:57:28,71.96,-0.04,9,64786,卖盘
376,09:57:31,72.0,0.04,1,7200,中性盘
377,09:57:34,72.03,0.03,2,14403,买盘
378,09:57:37,72.03,0.0,3,21609,买盘
379,09:57:40,71.96,-0.07,15,107947,卖盘
380,09:57:43,71.96,0.0,5,35994,卖盘
381,09:57:46,72.03,0.07,2,14406,买盘
382,09:57:49,71.96,-0.07,4,28788,卖盘
383,09:57:52,72.0,0.04,1,7200,买盘
384,09:57:55,71.98,-0.02,3,21596,卖盘
385,09:57:58,72.03,0.05,3,21604,买盘
386,09:58:01,72.03,0.0,3,21609,卖盘
387,09:58:07,72.0,-0.03,4,28803,卖盘
388,09:58:10,71.97,-0.03,18,129612,卖盘
389,09:58:13,71.97,0.0,3,21591,买盘
390,09:58:16,72.0,0.03,5,35994,买盘
391,09:58:22,72.12,0.12,4,28848,买盘
392,09:58:25,72.0,-0.12,4,28802,卖盘
393,09:58:28,72.0,0.0,1,7200,卖盘
394,09:58:31,72.12,0.12,2,14413,买盘
395,09:58:34,72.12,0.0,5,36020,买盘
396,09:58:37,72.12,0.0,2,14424,买盘
397,09:58:40,72.0,-0.12,28,201616,卖盘
398,09:58:43,72.13,0.13,3,21639,买盘
399,09:58:46,72.13,0.0,2,14426,买盘
400,09:58:49,72.02,-0.11,10,72106,卖盘
401,09:58:52,72.13,0.11,7,50452,买盘
402,09:58:55,72.13,0.0,1,7213,买盘
403,09:58:58,72.12,-0.01,5,36056,买盘
404,09:59:01,72.0,-0.12,22,158391,卖盘
405,09:59:04,72.0,0.0,5,36000,买盘
406,09:59:07,72.0,0.0,2,14400,买盘
407,09:59:10,71.96,-0.04,14,100754,卖盘
408,09:59:13,72.0,0.04,19,136744,买盘
409,09:59:16,71.95,-0.05,17,122334,卖盘
410,09:59:19,72.0,0.05,2,14400,买盘
411,09:59:22,72.0,0.0,2,14400,买盘
412,09:59:25,72.0,0.0,112,806391,买盘
413,09:59:28,71.97,-0.03,2,14394,卖盘
414,09:59:31,72.0,0.03,13,93600,买盘
415,09:59:34,72.0,0.0,33,237596,买盘
416,09:59:37,72.0,0.0,1,7200,买盘
417,09:59:40,72.0,0.0,17,122347,买盘
418,09:59:43,72.0,0.0,16,115200,买盘
419,09:59:46,71.95,-0.05,6,43175,卖盘
420,09:59:49,72.0,0.05,35,251994,买盘
421,09:59:52,71.95,-0.05,4,28780,卖盘
422,09:59:55,71.95,0.0,8,57580,卖盘
423,09:59:58,71.96,0.01,4,28782,买盘
424,10:00:01,71.96,0.0,1,7196,买盘
425,10:00:04,71.96,0.0,1,7196,买盘
426,10:00:07,71.95,-0.01,4,28783,卖盘
427,10:00:10,71.94,-0.01,9,64750,卖盘
428,10:00:16,71.93,-0.01,4,28775,卖盘
429,10:00:19,71.93,0.0,4,28774,卖盘
430,10:00:25,71.94,0.01,6,43159,买盘
431,10:00:31,71.92,-0.02,6,43158,卖盘
432,10:00:34,71.93,0.01,5,35964,买盘
433,10:00:40,71.9,-0.03,17,122247,卖盘
434,10:00:43,71.9,0.0,16,115040,卖盘
435,10:00:46,71.96,0.06,1,7196,买盘
436,10:00:49,71.99,0.03,21,151027,买盘
437,10:00:52,71.91,-0.08,2,14383,卖盘
438,10:00:55,71.93,0.02,3,21579,中性盘
439,10:01:01,71.99,0.06,8,57585,买盘
440,10:01:04,71.99,0.0,12,86388,卖盘
441,10:01:10,71.92,-0.07,10,71957,卖盘
442,10:01:13,71.92,0.0,4,28768,买盘
443,10:01:16,71.92,0.0,5,35960,买盘
444,10:01:19,71.93,0.01,2,14386,中性盘
445,10:01:22,71.93,0.0,4,28772,买盘
446,10:01:25,71.98,0.05,8,57557,买盘
447,10:01:28,71.98,0.0,2,14396,买盘
448,10:01:34,71.99,0.01,1,7199,买盘
449,10:01:37,72.0,0.01,6,43193,买盘
450,10:01:40,71.93,-0.07,12,86351,卖盘
451,10:01:43,71.93,0.0,1,7193,买盘
452,10:01:46,71.93,0.0,2,14386,中性盘
453,10:01:49,72.0,0.07,34,244796,买盘
454,10:01:55,71.98,-0.02,6,43190,卖盘
455,10:01:58,71.98,0.0,2,14391,买盘
456,10:02:01,71.98,0.0,7,50386,买盘
457,10:02:07,71.99,0.01,1,7199,买盘
458,10:02:10,71.93,-0.06,37,266143,卖盘
459,10:02:16,71.99,0.06,8,57577,买盘
460,10:02:19,72.0,0.01,8,57598,买盘
461,10:02:22,71.93,-0.07,4,28779,卖盘
462,10:02:25,72.0,0.07,1,7200,买盘
463,10:02:28,71.93,-0.07,4,28775,卖盘
464,10:02:31,71.93,0.0,2,14386,卖盘
465,10:02:37,72.0,0.07,7,50400,买盘
466,10:02:40,72.0,0.0,85,611976,买盘
467,10:02:43,72.0,0.0,3,21600,卖盘
468,10:02:46,72.0,0.0,21,151290,卖盘
469,10:02:52,72.0,0.0,4,28830,卖盘
470,10:02:55,72.1,0.1,5,36050,买盘
471,10:02:58,72.1,0.0,1,7210,买盘
472,10:03:04,72.01,-0.09,2,14402,卖盘
473,10:03:07,72.1,0.09,1,7210,买盘
474,10:03:10,72.0,-0.1,14,100801,卖盘
475,10:03:13,72.1,0.1,1,7210,买盘
476,10:03:16,72.0,-0.1,14,100810,卖盘
477,10:03:19,72.0,0.0,1,7200,卖盘
478,10:03:22,72.1,0.1,10,72010,买盘
479,10:03:25,72.0,-0.1,2,14410,卖盘
480,10:03:28,72.1,0.1,2,14420,买盘
481,10:03:31,72.0,-0.1,1,7200,卖盘
482,10:03:37,72.01,0.01,1,7201,卖盘
483,10:03:40,72.0,-0.01,13,93608,卖盘
484,10:03:46,72.09,0.09,2,14419,中性盘
485,10:03:49,72.0,-0.09,4,28800,卖盘
486,10:03:52,72.09,0.09,51,367209,买盘
487,10:03:55,72.0,-0.09,1,7200,卖盘
488,10:03:58,72.01,0.01,7,50455,中性盘
489,10:04:04,72.0,-0.01,16,115210,卖盘
490,10:04:10,71.96,-0.04,13,93566,卖盘
491,10:04:16,71.96,0.0,5,35977,买盘
492,10:04:22,71.96,0.0,21,151094,买盘
493,10:04:25,71.96,0.0,7,50372,买盘
494,10:04:28,71.96,0.0,2,14392,买盘
495,10:04:31,71.9,-0.06,148,1064352,卖盘
496,10:04:37,71.89,-0.01,30,215821,卖盘
497,10:04:40,71.89,0.0,13,93479,卖盘
498,10:04:43,71.89,0.0,5,35978,卖盘
499,10:04:46,72.0,0.11,1,7200,买盘
500,10:04:49,72.0,0.0,1,7200,买盘
501,10:04:52,72.0,0.0,1,7200,买盘
502,10:04:55,71.89,-0.11,2,14378,卖盘
503,10:05:07,71.9,0.01,3,21570,卖盘
504,10:05:10,72.0,0.1,4,28800,买盘
505,10:05:13,72.0,0.0,21,151058,买盘
506,10:05:16,72.0,0.0,2,14400,卖盘
507,10:05:19,72.0,0.0,4,28820,卖盘
508,10:05:22,72.1,0.1,2,14420,买盘
509,10:05:25,72.1,0.0,1,7210,买盘
510,10:05:28,72.0,-0.1,2,14400,卖盘
511,10:05:31,72.0,0.0,6,43230,卖盘
512,10:05:34,71.89,-0.11,54,388226,卖盘
513,10:05:37,72.0,0.11,7,50400,买盘
514,10:05:40,72.0,0.0,6,43170,买盘
515,10:05:43,72.0,0.0,14,100657,买盘
516,10:05:46,72.0,0.0,1,7200,买盘
517,10:05:49,71.96,-0.04,3,21592,卖盘
518,10:05:52,72.0,0.04,2,14400,买盘
519,10:05:55,71.96,-0.04,1,7196,卖盘
520,10:05:58,71.96,0.0,21,151116,买盘
521,10:06:01,71.91,-0.05,1,7191,卖盘
522,10:06:04,71.96,0.05,2,14392,买盘
523,10:06:07,71.96,0.0,2,14392,买盘
524,10:06:10,71.92,-0.04,2,14388,卖盘
525,10:06:13,71.91,-0.01,8,57529,卖盘
526,10:06:16,71.96,0.05,11,79106,买盘
527,10:06:19,71.91,-0.05,4,28765,卖盘
528,10:06:22,71.89,-0.02,3,21569,卖盘
529,10:06:25,71.91,0.02,1,7191,买盘
530,10:06:31,71.91,0.0,5,35955,买盘
531,10:06:34,71.9,-0.01,1,7190,卖盘
532,10:06:37,71.91,0.01,2,14382,买盘
533,10:06:43,71.91,0.0,30,215691,买盘
534,10:06:46,71.88,-0.03,3,21565,卖盘
535,10:06:49,71.88,0.0,3,21564,买盘
536,10:06:52,71.88,0.0,2,14376,买盘
537,10:06:55,71.86,-0.02,4,28756,卖盘
538,10:06:58,71.88,0.02,1,7188,中性盘
539,10:07:01,71.91,0.03,2,14379,买盘
540,10:07:07,71.91,0.0,2,14386,卖盘
541,10:07:13,71.86,-0.05,7,50322,卖盘
542,10:07:16,71.86,0.0,1,7186,买盘
543,10:07:19,71.86,0.0,6,43116,买盘
544,10:07:22,71.86,0.0,1,7186,买盘
545,10:07:28,71.84,-0.02,1,7184,卖盘
546,10:07:31,71.86,0.02,10,71860,买盘
547,10:07:34,71.86,0.0,1,7186,买盘
548,10:07:37,71.86,0.0,2,14372,买盘
549,10:07:40,71.86,0.0,3,21558,买盘
550,10:07:43,71.86,0.0,14,100604,卖盘
551,10:07:49,71.95,0.09,1,7195,买盘
552,10:07:52,71.86,-0.09,2,14372,卖盘
553,10:07:58,71.95,0.09,1,7195,买盘
554,10:08:01,71.86,-0.09,29,208391,卖盘
555,10:08:04,71.86,0.0,1,7186,买盘
556,10:08:07,71.86,0.0,3,21558,买盘
557,10:08:10,71.85,-0.01,7,50297,卖盘
558,10:08:13,71.83,-0.02,7,50281,卖盘
559,10:08:16,71.83,0.0,3,21549,买盘
560,10:08:19,71.83,0.0,1,7183,买盘
561,10:08:22,71.83,0.0,1,7183,买盘
562,10:08:25,71.83,0.0,7,50275,买盘
563,10:08:28,71.8,-0.03,91,653410,卖盘
564,10:08:31,71.8,0.0,21,150780,卖盘
565,10:08:34,71.79,-0.01,16,114858,买盘
566,10:08:37,71.73,-0.06,6,43050,卖盘
567,10:08:40,71.7,-0.03,7,50216,卖盘
568,10:08:43,71.66,-0.04,10,71691,卖盘
569,10:08:46,71.64,-0.02,6,42984,买盘
570,10:08:52,71.6,-0.04,5,35807,卖盘
571,10:08:55,71.6,0.0,10,71600,卖盘
572,10:08:58,71.63,0.03,1,7163,买盘
573,10:09:01,71.6,-0.03,6,42966,卖盘
574,10:09:04,71.6,0.0,5,35812,卖盘
575,10:09:07,71.6,0.0,13,93083,卖盘
576,10:09:10,71.6,0.0,7,50120,卖盘
577,10:09:13,71.63,0.03,15,107385,买盘
578,10:09:16,71.63,0.0,1,7163,买盘
579,10:09:19,71.58,-0.05,3,21484,卖盘
580,10:09:22,71.63,0.05,7,50141,买盘
581,10:09:25,71.63,0.0,4,28650,中性盘
582,10:09:28,71.58,-0.05,8,57284,卖盘
583,10:09:31,71.61,0.03,4,28638,买盘
584,10:09:34,71.61,0.0,1,7161,买盘
585,10:09:37,71.61,0.0,3,21483,买盘
586,10:09:40,71.6,-0.01,3,21480,卖盘
587,10:09:43,71.6,0.0,15,107401,卖盘
588,10:09:49,71.61,0.01,3,21483,买盘
589,10:09:52,71.6,-0.01,19,136040,卖盘
590,10:09:55,71.61,0.01,1,7161,买盘
591,10:09:58,71.61,0.0,13,93093,买盘
592,10:10:04,71.6,-0.01,6,42961,卖盘
593,10:10:07,71.58,-0.02,13,93074,卖盘
594,10:10:10,71.6,0.02,14,100243,买盘
595,10:10:13,71.58,-0.02,14,100220,卖盘
596,10:10:16,71.61,0.03,2,14322,买盘
597,10:10:19,71.61,0.0,4,28644,买盘
598,10:10:22,71.55,-0.06,23,164597,卖盘
599,10:10:25,71.58,0.03,3,21474,中性盘
600,10:10:28,71.61,0.03,8,57288,买盘
601,10:10:31,71.6,-0.01,3,21476,中性盘
602,10:10:34,71.61,0.01,40,286435,买盘
603,10:10:37,71.55,-0.06,3,21468,卖盘
604,10:10:40,71.6,0.05,10,71612,中性盘
605,10:10:43,71.63,0.03,18,128847,买盘
606,10:10:46,71.63,0.0,1,7163,买盘
607,10:10:49,71.63,0.0,4,28648,买盘
608,10:10:52,71.63,0.0,2,14326,买盘
609,10:10:55,71.63,0.0,2,14324,买盘
610,10:10:58,71.63,0.0,3,21487,买盘
611,10:11:01,71.63,0.0,3,21489,买盘
612,10:11:07,71.63,0.0,5,35815,买盘
613,10:11:10,71.53,-0.1,13,93047,卖盘
614,10:11:13,71.53,0.0,4,28612,卖盘
615,10:11:16,71.63,0.1,11,78774,买盘
616,10:11:22,71.5,-0.13,70,500590,卖盘
617,10:11:28,71.63,0.13,13,93119,买盘
618,10:11:31,72.0,0.37,11,79059,买盘
619,10:11:34,71.5,-0.5,52,371883,卖盘
620,10:11:37,71.71,0.21,14,104941,买盘
621,10:11:43,71.5,-0.21,21,150423,卖盘
622,10:11:46,71.63,0.13,1,7163,买盘
623,10:11:49,71.63,0.0,2,14326,买盘
624,10:11:52,71.97,0.34,2,14394,买盘
625,10:11:55,71.64,-0.33,1,7164,卖盘
626,10:11:58,71.97,0.33,1,7197,买盘
627,10:12:04,71.97,0.0,2,14394,买盘
628,10:12:13,71.64,-0.33,14,100305,卖盘
629,10:12:16,71.97,0.33,5,35853,买盘
630,10:12:19,71.97,0.0,1,7197,中性盘
631,10:12:22,71.94,-0.03,2,14388,买盘
632,10:12:28,71.65,-0.29,1,7165,卖盘
633,10:12:37,71.66,0.01,2,14332,中性盘
634,10:12:43,71.65,-0.01,9,64520,卖盘
635,10:12:46,71.65,0.0,4,28660,买盘
636,10:12:49,71.7,0.05,3,21507,中性盘
637,10:12:52,71.97,0.27,2,14394,买盘
638,10:13:01,71.7,-0.27,2,14340,卖盘
639,10:13:07,71.96,0.26,1,7196,买盘
640,10:13:10,71.7,-0.26,2,14341,卖盘
641,10:13:13,71.66,-0.04,12,86016,卖盘
642,10:13:16,71.98,0.32,15,107901,买盘
643,10:13:19,71.64,-0.34,7,50286,卖盘
644,10:13:22,71.96,0.32,6,43026,买盘
645,10:13:28,71.99,0.03,6,43184,买盘
646,10:13:34,71.7,-0.29,2,14340,中性盘
647,10:13:37,71.99,0.29,3,21597,买盘
648,10:13:40,71.99,0.0,1,7199,买盘
649,10:13:43,71.67,-0.32,14,100379,卖盘
650,10:13:46,71.99,0.32,5,35937,买盘
651,10:13:52,71.99,0.0,1,7199,买盘
652,10:13:55,71.75,-0.24,3,21525,卖盘
653,10:14:01,71.99,0.24,2,14389,买盘
654,10:14:04,71.99,0.0,1,7199,买盘
655,10:14:07,71.99,0.0,4,28748,买盘
656,10:14:13,71.71,-0.28,15,107602,卖盘
657,10:14:16,71.71,0.0,1,7171,买盘
658,10:14:19,71.71,0.0,12,86044,买盘
659,10:14:22,71.71,0.0,1,7171,买盘
660,10:14:25,71.71,0.0,8,57368,卖盘
661,10:14:28,71.71,0.0,16,114728,买盘
662,10:14:31,71.6,-0.11,66,472893,卖盘
663,10:14:34,71.6,0.0,14,99452,买盘
664,10:14:37,71.8,0.2,13,93319,买盘
665,10:14:40,71.98,0.18,3,21558,中性盘
666,10:14:43,71.99,0.01,9,64788,买盘
667,10:14:49,71.8,-0.19,5,35922,卖盘
668,10:15:01,71.8,0.0,2,14360,卖盘
669,10:15:07,71.99,0.19,11,79037,买盘
670,10:15:10,71.8,-0.19,1,7180,卖盘
671,10:15:13,71.99,0.19,3,21559,买盘
672,10:15:22,71.8,-0.19,2,14360,卖盘
673,10:15:34,71.8,0.0,5,35938,卖盘
674,10:15:40,71.99,0.19,1,7199,买盘
675,10:15:43,71.99,0.0,1,7199,买盘
676,10:15:46,71.8,-0.19,1,7180,卖盘
677,10:15:49,71.99,0.19,3,21597,买盘
678,10:15:55,71.8,-0.19,2,14360,卖盘
679,10:16:01,71.99,0.19,1,7199,买盘
680,10:16:07,71.8,-0.19,2,14360,卖盘
681,10:16:10,71.99,0.19,2,14398,买盘
682,10:16:19,71.99,0.0,6,43140,买盘
683,10:16:25,71.81,-0.18,3,21579,卖盘
684,10:16:28,71.99,0.18,16,115184,买盘
685,10:16:31,71.99,0.0,1,7199,卖盘
686,10:16:34,72.0,0.01,4,28800,买盘
687,10:16:37,71.99,-0.01,48,345595,卖盘
688,10:16:40,72.0,0.01,7,50398,买盘
689,10:16:46,72.1,0.1,3,21630,买盘
690,10:16:49,71.81,-0.29,23,165528,卖盘
691,10:16:52,72.1,0.29,42,302820,买盘
692,10:16:55,71.99,-0.11,2,14398,买盘
693,10:16:58,71.99,0.0,11,79266,中性盘
694,10:17:01,71.82,-0.17,3,21563,卖盘
695,10:17:05,71.99,0.17,1,7199,买盘
696,10:17:13,71.82,-0.17,4,28729,卖盘
697,10:17:19,71.99,0.17,3,21597,买盘
698,10:17:25,71.99,0.0,1,7199,卖盘
699,10:17:28,72.13,0.14,123,886847,买盘
700,10:17:31,72.34,0.21,13,93931,买盘
701,10:17:34,72.6,0.26,7,50737,买盘
702,10:17:40,72.58,-0.02,2,14516,卖盘
703,10:17:46,72.12,-0.46,2,14429,卖盘
704,10:17:58,72.2,0.08,3,21660,卖盘
705,10:18:01,72.55,0.35,2,14510,买盘
706,10:18:04,72.55,0.0,1,7255,买盘
707,10:18:07,72.55,0.0,5,36274,买盘
708,10:18:10,72.2,-0.35,1,7220,卖盘
709,10:18:13,72.55,0.35,1,7255,买盘
710,10:18:19,72.21,-0.34,3,21665,卖盘
711,10:18:25,72.55,0.34,5,36275,买盘
712,10:18:31,72.22,-0.33,1,7222,卖盘
713,10:18:40,72.55,0.33,2,14510,买盘
714,10:18:43,72.55,0.0,3,21740,买盘
715,10:18:52,72.3,-0.25,4,28920,卖盘
716,10:19:04,72.3,0.0,2,14460,卖盘
717,10:19:13,72.3,0.0,2,14460,卖盘
718,10:19:16,72.48,0.18,2,14478,买盘
719,10:19:22,72.49,0.01,1,7249,买盘
720,10:19:25,72.26,-0.23,7,50674,卖盘
721,10:19:28,72.49,0.23,2,14497,买盘
722,10:19:34,72.49,0.0,4,28996,买盘
723,10:19:37,72.27,-0.22,2,14454,中性盘
724,10:19:43,72.5,0.23,1,7250,卖盘
725,10:19:49,72.27,-0.23,2,14454,卖盘
726,10:19:58,72.26,-0.01,9,65036,卖盘
727,10:20:04,72.34,0.08,8,57854,买盘
728,10:20:10,72.21,-0.13,2,14455,卖盘
729,10:20:22,72.25,0.04,2,14450,卖盘
730,10:20:25,72.34,0.09,2,14468,买盘
731,10:20:28,72.34,0.0,1,7234,买盘
732,10:20:31,72.24,-0.1,5,36140,卖盘
733,10:20:37,72.34,0.1,2,14468,买盘
734,10:20:40,72.34,0.0,4,28936,买盘
735,10:20:43,72.49,0.15,15,108575,买盘
736,10:20:46,72.34,-0.15,4,28967,卖盘
737,10:20:49,72.5,0.16,4,29000,买盘
738,10:20:52,72.5,0.0,1,7250,买盘
739,10:20:55,72.23,-0.27,13,93926,卖盘
740,10:20:58,72.53,0.3,2,14503,买盘
741,10:21:01,72.48,-0.05,2,14496,买盘
742,10:21:04,72.24,-0.24,2,14448,卖盘
743,10:21:07,72.48,0.24,1,7248,买盘
744,10:21:16,72.24,-0.24,3,21672,卖盘
745,10:21:19,72.48,0.24,8,57909,买盘
746,10:21:22,72.48,0.0,1,7248,买盘
747,10:21:28,72.23,-0.25,2,14471,卖盘
748,10:21:37,72.4,0.17,4,28976,卖盘
749,10:21:46,72.47,0.07,1,7247,买盘
750,10:21:49,72.4,-0.07,20,144800,卖盘
751,10:21:55,72.47,0.07,3,21734,买盘
752,10:21:58,72.48,0.01,2,14495,买盘
753,10:22:01,72.47,-0.01,1,7247,中性盘
754,10:22:10,72.4,-0.07,4,28960,卖盘
755,10:22:22,72.44,0.04,4,28982,中性盘
756,10:22:28,72.44,0.0,2,14491,卖盘
757,10:22:34,72.4,-0.04,1,7240,卖盘
758,10:22:40,72.4,0.0,4,28961,卖盘
759,10:22:43,72.4,0.0,3,21720,卖盘
760,10:22:49,72.43,0.03,1,7243,中性盘
761,10:22:55,72.4,-0.03,56,405763,卖盘
762,10:23:01,72.43,0.03,5,36215,中性盘
763,10:23:05,72.4,-0.03,2,14480,卖盘
764,10:23:07,72.4,0.0,2,14484,卖盘
765,10:23:10,72.4,0.0,4,28968,卖盘
766,10:23:13,72.4,0.0,4,28960,卖盘
767,10:23:16,72.4,0.0,4,28967,卖盘
768,10:23:28,72.34,-0.06,1,7234,卖盘
769,10:23:34,72.46,0.12,1,7246,买盘
770,10:23:40,72.25,-0.21,1,7225,卖盘
771,10:23:52,72.24,-0.01,4,28896,卖盘
772,10:23:58,72.21,-0.03,12,86660,卖盘
773,10:24:01,72.21,0.0,1,7221,卖盘
774,10:24:04,72.46,0.25,1,7246,买盘
775,10:24:10,72.45,-0.01,1,7245,买盘
776,10:24:13,72.21,-0.24,3,21663,卖盘
777,10:24:24,72.21,0.0,2,14442,卖盘
778,10:24:34,72.21,0.0,20,144420,卖盘
779,10:24:40,72.44,0.23,3,21709,买盘
780,10:24:42,72.21,-0.23,4,28884,卖盘
781,10:24:46,72.21,0.0,3,21663,卖盘
782,10:24:49,72.44,0.23,3,21732,买盘
783,10:24:58,72.22,-0.22,2,14444,卖盘
784,10:25:04,72.43,0.21,1,7243,买盘
785,10:25:07,72.21,-0.22,2,14442,卖盘
786,10:25:10,72.22,0.01,1,7222,买盘
787,10:25:19,72.22,0.0,1,7222,卖盘
788,10:25:31,72.22,0.0,3,21666,卖盘
789,10:25:39,72.21,-0.01,2,14443,卖盘
790,10:25:46,72.44,0.23,3,21732,买盘
791,10:25:49,72.44,0.0,3,21732,买盘
792,10:25:52,72.24,-0.2,3,21712,卖盘
793,10:25:57,72.44,0.2,3,21732,买盘
794,10:26:01,72.24,-0.2,3,21672,卖盘
795,10:26:04,72.22,-0.02,2,14444,卖盘
796,10:26:07,72.23,0.01,5,36115,买盘
797,10:26:10,72.45,0.22,36,260424,买盘
798,10:26:13,72.22,-0.23,4,28889,卖盘
799,10:26:16,72.23,0.01,3,21669,买盘
800,10:26:19,72.23,0.0,1,7223,买盘
801,10:26:22,72.45,0.22,46,333182,买盘
802,10:26:25,72.22,-0.23,2,14444,卖盘
803,10:26:27,72.45,0.23,5,36181,买盘
804,10:26:31,72.23,-0.22,1,7223,卖盘
805,10:26:34,72.45,0.22,1,7245,买盘
806,10:26:37,72.22,-0.23,3,21666,卖盘
807,10:26:43,72.45,0.23,1,7245,买盘
808,10:26:46,72.26,-0.19,1,7226,中性盘
809,10:26:58,72.24,-0.02,1,7224,卖盘
810,10:27:01,72.24,0.0,2,14448,卖盘
811,10:27:07,72.34,0.1,1,7234,买盘
812,10:27:09,72.24,-0.1,3,21672,卖盘
813,10:27:16,72.34,0.1,4,28936,买盘
814,10:27:19,72.34,0.0,2,14468,卖盘
815,10:27:25,72.45,0.11,1,7245,买盘
816,10:27:31,72.34,-0.11,1,7234,卖盘
817,10:27:43,72.34,0.0,2,14468,卖盘
818,10:27:52,72.34,0.0,3,21702,卖盘
819,10:28:04,72.34,0.0,20,144682,卖盘
820,10:28:07,72.34,0.0,5,36170,卖盘
821,10:28:10,72.4,0.06,1,7240,买盘
822,10:28:16,72.4,0.0,2,14480,卖盘
823,10:28:25,72.4,0.0,2,14480,卖盘
824,10:28:31,72.4,0.0,5,36200,卖盘
825,10:28:34,72.45,0.05,5,36223,买盘
826,10:28:37,72.4,-0.05,2,14484,卖盘
827,10:28:39,72.45,0.05,3,21730,买盘
828,10:28:46,72.45,0.0,3,21735,买盘
829,10:28:49,72.45,0.0,3,21730,买盘
830,10:28:52,72.45,0.0,6,43470,买盘
831,10:28:55,72.45,0.0,3,21735,买盘
832,10:28:58,72.4,-0.05,7,50703,卖盘
833,10:29:05,72.45,0.05,1,7245,买盘
834,10:29:10,72.4,-0.05,1,7240,卖盘
835,10:29:13,72.45,0.05,5,36225,买盘
836,10:29:19,72.45,0.0,1,7245,买盘
837,10:29:22,72.4,-0.05,1,7240,卖盘
838,10:29:25,72.35,-0.05,16,115780,卖盘
839,10:29:31,72.35,0.0,3,21715,卖盘
840,10:29:34,72.45,0.1,2,14490,买盘
841,10:29:37,72.45,0.0,1,7245,买盘
842,10:29:43,72.35,-0.1,4,28940,卖盘
843,10:29:55,72.34,-0.01,2,14469,卖盘
844,10:30:01,72.45,0.11,7,50649,买盘
845,10:30:07,72.34,-0.11,3,21702,卖盘
846,10:30:13,72.45,0.11,1,7245,买盘
847,10:30:16,72.34,-0.11,8,57872,卖盘
848,10:30:22,72.44,0.1,1,7244,买盘
849,10:30:28,72.34,-0.1,1,7234,卖盘
850,10:30:40,72.24,-0.1,14,101262,卖盘
851,10:30:46,72.34,0.1,1,7234,买盘
852,10:30:49,72.23,-0.11,3,21670,卖盘
853,10:30:55,72.24,0.01,1,7224,买盘
854,10:31:01,72.24,0.0,3,21670,买盘
855,10:31:07,72.24,0.0,1,7224,买盘
856,10:31:10,72.21,-0.03,16,115541,卖盘
857,10:31:12,72.21,0.0,2,14442,卖盘
858,10:31:16,72.24,0.03,2,14448,买盘
859,10:31:22,72.21,-0.03,6,43328,卖盘
860,10:31:24,72.21,0.0,10,72210,卖盘
861,10:31:28,72.21,0.0,2,14445,卖盘
862,10:31:31,72.24,0.03,1,7224,买盘
863,10:31:34,72.21,-0.03,2,14442,卖盘
864,10:31:43,72.21,0.0,3,21663,卖盘
865,10:31:46,72.2,-0.01,2,14440,卖盘
866,10:31:52,72.13,-0.07,2,14433,卖盘
867,10:31:55,72.1,-0.03,1,7210,卖盘
868,10:32:07,72.1,0.0,2,14420,卖盘
869,10:32:16,72.1,0.0,6,43263,卖盘
870,10:32:19,72.1,0.0,4,28840,卖盘
871,10:32:22,72.13,0.03,1,7213,买盘
872,10:32:25,72.03,-0.1,4,28833,卖盘
873,10:32:31,72.03,0.0,1,7203,买盘
874,10:32:34,72.03,0.0,10,72110,买盘
875,10:32:37,72.03,0.0,17,122451,买盘
876,10:32:40,72.03,0.0,3,21609,买盘
877,10:32:52,72.06,0.03,4,28868,卖盘
878,10:32:58,72.4,0.34,1,7240,买盘
879,10:33:01,72.03,-0.37,2,14408,卖盘
880,10:33:10,72.39,0.36,2,14478,中性盘
881,10:33:13,72.13,-0.26,2,14426,卖盘
882,10:33:16,72.39,0.26,1,7239,买盘
883,10:33:25,72.01,-0.38,9,64837,卖盘
884,10:33:31,72.39,0.38,1,7239,买盘
885,10:33:34,72.01,-0.38,1,7201,卖盘
886,10:33:46,72.07,0.06,2,14414,卖盘
887,10:33:49,72.01,-0.06,3,21609,卖盘
888,10:33:55,72.38,0.37,1,7238,买盘
889,10:33:58,72.0,-0.38,5,36076,卖盘
890,10:34:07,72.01,0.01,2,14402,卖盘
891,10:34:10,72.39,0.38,17,123054,买盘
892,10:34:16,72.38,-0.01,2,14475,买盘
893,10:34:18,72.04,-0.34,3,21612,中性盘
894,10:34:25,72.38,0.34,1,7238,买盘
895,10:34:31,72.04,-0.34,2,14408,卖盘
896,10:34:40,72.04,0.0,3,21674,卖盘
897,10:34:46,72.38,0.34,2,14476,买盘
898,10:34:49,72.36,-0.02,5,36188,中性盘
899,10:34:52,72.38,0.02,5,36086,买盘
900,10:34:55,72.08,-0.3,2,14444,中性盘
901,10:35:01,72.38,0.3,1,7238,买盘
902,10:35:04,72.08,-0.3,2,14416,卖盘
903,10:35:07,72.05,-0.03,5,36035,卖盘
904,10:35:13,72.06,0.01,3,21618,卖盘
905,10:35:16,72.38,0.32,2,14476,买盘
906,10:35:19,72.38,0.0,1,7238,中性盘
907,10:35:25,72.07,-0.31,1,7207,卖盘
908,10:35:37,72.07,0.0,2,14414,卖盘
909,10:35:46,72.08,0.01,5,36098,卖盘
910,10:35:52,72.37,0.29,1,7237,买盘
911,10:35:58,72.1,-0.27,1,7210,卖盘
912,10:36:10,72.1,0.0,1,7210,卖盘
913,10:36:19,72.1,0.0,27,194688,卖盘
914,10:36:25,72.37,0.27,3,21711,买盘
915,10:36:31,72.13,-0.24,2,14426,卖盘
916,10:36:43,72.13,0.0,1,7213,卖盘
917,10:36:49,72.37,0.24,1,7237,买盘
918,10:36:52,72.13,-0.24,4,28852,卖盘
919,10:36:55,72.37,0.24,5,36086,买盘
920,10:37:04,72.13,-0.24,2,14426,卖盘
921,10:37:10,72.37,0.24,1,7237,买盘
922,10:37:16,72.15,-0.22,1,7215,卖盘
923,10:37:19,72.37,0.22,13,94081,买盘
924,10:37:25,72.37,0.0,6,43423,卖盘
925,10:37:28,72.16,-0.21,4,28864,卖盘
926,10:37:31,72.36,0.2,3,21708,买盘
927,10:37:37,72.36,0.0,1,7236,买盘
928,10:37:40,72.21,-0.15,1,7221,卖盘
929,10:37:46,72.36,0.15,2,14472,买盘
930,10:37:49,72.21,-0.15,1,7221,卖盘
931,10:37:52,72.36,0.15,10,72360,买盘
932,10:37:58,72.36,0.0,1,7236,买盘
933,10:38:01,72.17,-0.19,2,14438,卖盘
934,10:38:07,72.17,0.0,1,7217,买盘
935,10:38:10,72.17,0.0,2,14434,中性盘
936,10:38:22,72.2,0.03,2,14440,中性盘
937,10:38:28,72.36,0.16,1,7236,买盘
938,10:38:31,72.36,0.0,1,7236,买盘
939,10:38:34,72.2,-0.16,2,14440,卖盘
940,10:38:40,72.36,0.16,1,7236,买盘
941,10:38:43,72.2,-0.16,2,14440,卖盘
942,10:38:49,72.36,0.16,1,7236,买盘
943,10:38:55,72.21,-0.15,2,14442,卖盘
944,10:38:58,72.2,-0.01,6,43320,卖盘
945,10:39:01,72.36,0.16,1,7236,买盘
946,10:39:07,72.25,-0.11,5,36125,卖盘
947,10:39:13,72.36,0.11,1,7236,买盘
948,10:39:16,72.33,-0.03,2,14466,卖盘
949,10:39:19,72.33,0.0,4,28932,卖盘
950,10:39:25,72.35,0.02,12,86688,买盘
951,10:39:28,72.22,-0.13,1,7222,卖盘
952,10:39:31,72.36,0.14,1,7236,买盘
953,10:39:40,72.22,-0.14,3,21667,卖盘
954,10:39:49,72.22,0.0,2,14444,卖盘
955,10:39:52,72.23,0.01,2,14446,买盘
956,10:39:58,72.36,0.13,1,7236,买盘
957,10:40:01,72.22,-0.14,4,28917,卖盘
958,10:40:04,72.36,0.14,1,7236,买盘
959,10:40:10,72.54,0.18,101,732345,买盘
960,10:40:13,72.23,-0.31,2,14446,卖盘
961,10:40:16,72.36,0.13,16,115776,买盘
962,10:40:19,72.36,0.0,1,7236,中性盘
963,10:40:22,72.35,-0.01,3,21725,卖盘
964,10:40:27,72.54,0.19,1,7254,买盘
965,10:40:31,72.35,-0.19,10,72355,卖盘
966,10:40:34,72.35,0.0,1,7235,卖盘
967,10:40:37,72.53,0.18,1,7253,买盘
968,10:40:46,72.35,-0.18,4,28943,卖盘
969,10:40:51,72.54,0.19,1,7254,买盘
970,10:40:55,72.35,-0.19,2,14470,卖盘
971,10:41:01,72.54,0.19,2,14508,买盘
972,10:41:07,72.35,-0.19,1,7235,卖盘
973,10:41:19,72.35,0.0,2,14470,卖盘
974,10:41:28,72.35,0.0,2,14470,卖盘
975,10:41:40,72.35,0.0,2,14470,卖盘
976,10:41:46,72.53,0.18,1,7253,买盘
977,10:41:52,72.53,0.0,4,29012,买盘
978,10:42:01,72.53,0.0,1,7253,卖盘
979,10:42:13,72.53,0.0,18,130554,卖盘
980,10:42:19,72.53,0.0,2,14506,买盘
981,10:42:25,72.36,-0.17,3,21708,卖盘
982,10:42:31,72.53,0.17,2,14506,买盘
983,10:42:37,72.54,0.01,4,29000,买盘
984,10:42:46,72.48,-0.06,2,14498,卖盘
985,10:42:54,72.5,0.02,1,7250,买盘
986,10:42:58,72.48,-0.02,2,14496,卖盘
987,10:43:10,72.48,0.0,2,14496,卖盘
988,10:43:16,72.54,0.06,11,79794,买盘
989,10:43:19,72.48,-0.06,2,14496,卖盘
990,10:43:22,72.54,0.06,1,7254,买盘
991,10:43:31,72.49,-0.05,2,14499,卖盘
992,10:43:43,72.48,-0.01,2,14497,卖盘
993,10:43:45,72.53,0.05,1,7253,买盘
994,10:43:52,72.48,-0.05,2,14501,卖盘
995,10:43:55,72.53,0.05,1,7253,买盘
996,10:44:01,72.53,0.0,1,7253,买盘
997,10:44:04,72.38,-0.15,2,14486,卖盘
998,10:44:10,72.38,0.0,1,7238,买盘
999,10:44:12,72.5,0.12,10,72488,买盘
1000,10:44:15,72.5,0.0,1,7250,卖盘
1001,10:44:19,72.53,0.03,1,7253,买盘
1002,10:44:22,72.53,0.0,2,14506,买盘
1003,10:44:25,72.53,0.0,4,29009,卖盘
1004,10:44:28,72.54,0.01,1,7254,买盘
1005,10:44:37,72.5,-0.04,4,29011,卖盘
1006,10:44:40,72.54,0.04,1,7254,买盘
1007,10:44:42,72.54,0.0,1,7254,买盘
1008,10:44:48,72.54,0.0,3,21757,买盘
1009,10:44:55,72.54,0.0,1,7254,买盘
1010,10:44:58,72.5,-0.04,2,14500,卖盘
1011,10:45:06,72.54,0.04,1,7254,买盘
1012,10:45:10,72.5,-0.04,3,21750,卖盘
1013,10:45:16,72.54,0.04,2,14508,买盘
1014,10:45:21,72.54,0.0,4,29008,买盘
1015,10:45:28,72.54,0.0,4,29016,买盘
1016,10:45:30,72.5,-0.04,2,14500,卖盘
1017,10:45:34,72.54,0.04,2,14504,买盘
1018,10:45:37,72.54,0.0,2,14508,买盘
1019,10:45:43,72.5,-0.04,2,14500,卖盘
1020,10:45:49,72.54,0.04,1,7254,买盘
1021,10:45:52,72.52,-0.02,8,58028,卖盘
1022,10:45:55,72.5,-0.02,53,384252,卖盘
1023,10:46:01,72.5,0.0,7,50750,买盘
1024,10:46:04,72.49,-0.01,1,7249,买盘
1025,10:46:07,72.49,0.0,3,21743,买盘
1026,10:46:10,72.45,-0.04,3,21739,卖盘
1027,10:46:16,72.5,0.05,7,50738,买盘
1028,10:46:22,72.5,0.0,2,14504,卖盘
1029,10:46:25,72.5,0.0,2,14500,卖盘
1030,10:46:28,72.5,0.0,7,50758,卖盘
1031,10:46:34,72.54,0.04,1,7254,买盘
1032,10:46:36,72.45,-0.09,2,14490,卖盘
1033,10:46:40,72.46,0.01,2,14492,中性盘
1034,10:46:46,72.54,0.08,3,21762,买盘
1035,10:46:49,72.46,-0.08,1,7246,卖盘
1036,10:46:52,72.54,0.08,1,7254,买盘
1037,10:46:58,72.53,-0.01,1,7253,买盘
1038,10:47:00,72.53,0.0,4,28991,买盘
1039,10:47:10,72.53,0.0,11,79706,买盘
1040,10:47:13,72.45,-0.08,1,7245,卖盘
1041,10:47:16,72.46,0.01,5,36244,卖盘
1042,10:47:18,72.53,0.07,4,29012,卖盘
1043,10:47:21,72.46,-0.07,1,7246,卖盘
1044,10:47:24,72.53,0.07,1,7253,买盘
1045,10:47:28,72.53,0.0,1,7253,买盘
1046,10:47:33,72.45,-0.08,4,28980,卖盘
1047,10:47:37,72.53,0.08,1,7253,买盘
1048,10:47:46,72.52,-0.01,9,65212,买盘
1049,10:47:51,72.52,0.0,1,7252,买盘
1050,10:47:54,72.46,-0.06,9,65214,卖盘
1051,10:47:58,72.52,0.06,3,21756,买盘
1052,10:48:04,72.53,0.01,1,7253,买盘
1053,10:48:06,72.46,-0.07,17,123293,卖盘
1054,10:48:13,72.53,0.07,1,7253,买盘
1055,10:48:16,72.53,0.0,3,21759,买盘
1056,10:48:19,72.46,-0.07,19,137695,卖盘
1057,10:48:24,72.54,0.08,2,14508,买盘
1058,10:48:28,72.46,-0.08,3,21753,卖盘
1059,10:48:37,72.54,0.08,3,21762,买盘
1060,10:48:40,72.46,-0.08,2,14500,卖盘
1061,10:48:45,72.52,0.06,2,14507,中性盘
1062,10:48:49,72.52,0.0,1,7252,买盘
1063,10:48:52,72.46,-0.06,1,7246,卖盘
1064,10:48:55,72.55,0.09,8,58037,买盘
1065,10:48:58,72.55,0.0,3,21765,买盘
1066,10:49:01,72.46,-0.09,3,21747,卖盘
1067,10:49:06,72.55,0.09,2,14510,买盘
1068,10:49:13,72.46,-0.09,4,28993,卖盘
1069,10:49:19,72.55,0.09,2,14510,买盘
1070,10:49:22,72.46,-0.09,4,29002,卖盘
1071,10:49:25,72.46,0.0,2,14492,卖盘
1072,10:49:27,72.55,0.09,1,7255,买盘
1073,10:49:34,72.46,-0.09,1,7246,卖盘
1074,10:49:37,72.55,0.09,2,14510,买盘
1075,10:49:46,72.55,0.0,4,28993,买盘
1076,10:49:52,72.55,0.0,1,7255,买盘
1077,10:49:58,72.55,0.0,3,21747,买盘
1078,10:50:07,72.55,0.0,1,7255,买盘
1079,10:50:10,72.45,-0.1,2,14491,卖盘
1080,10:50:18,72.46,0.01,3,21747,中性盘
1081,10:50:25,72.55,0.09,1,7255,买盘
1082,10:50:30,72.55,0.0,5,36257,买盘
1083,10:50:37,72.55,0.0,2,14501,买盘
1084,10:50:40,72.55,0.0,7,50785,买盘
1085,10:50:42,72.46,-0.09,1,7246,卖盘
1086,10:50:46,72.55,0.09,1,7255,买盘
1087,10:50:48,72.55,0.0,2,14510,买盘
1088,10:50:52,72.46,-0.09,4,28984,卖盘
1089,10:50:55,72.55,0.09,1,7255,买盘
1090,10:50:58,72.55,0.0,11,79805,买盘
1091,10:51:04,72.55,0.0,2,14515,卖盘
1092,10:51:07,72.6,0.05,1,7260,卖盘
1093,10:51:13,72.6,0.0,1,7260,卖盘
1094,10:51:15,72.6,0.0,2,14520,卖盘
1095,10:51:19,72.6,0.0,2,14528,卖盘
1096,10:51:25,72.6,0.0,2,14520,卖盘
1097,10:51:28,72.68,0.08,2,14536,买盘
1098,10:51:31,72.68,0.0,2,14536,买盘
1099,10:51:37,72.6,-0.08,4,29048,卖盘
1100,10:51:46,72.55,-0.05,21,152405,卖盘
1101,10:51:49,72.5,-0.05,2,14500,买盘
1102,10:51:51,72.5,0.0,2,14500,买盘
1103,10:51:57,72.46,-0.04,6,43492,卖盘
1104,10:52:04,72.5,0.04,1,7250,买盘
1105,10:52:10,72.47,-0.03,2,14494,卖盘
1106,10:52:12,72.5,0.03,1,7250,买盘
1107,10:52:19,72.5,0.0,2,14500,买盘
1108,10:52:22,72.47,-0.03,2,14494,卖盘
1109,10:52:25,72.5,0.03,1,7250,买盘
1110,10:52:28,72.5,0.0,21,152250,买盘
1111,10:52:30,72.53,0.03,14,101509,买盘
1112,10:52:33,72.5,-0.03,3,21755,卖盘
1113,10:52:37,72.5,0.0,4,29000,买盘
1114,10:52:40,72.5,0.0,10,72500,买盘
1115,10:52:43,72.59,0.09,3,21778,卖盘
1116,10:52:46,72.8,0.21,3,21830,买盘
1117,10:52:49,72.71,-0.09,2,14545,中性盘
1118,10:52:51,72.8,0.09,2,14560,买盘
1119,10:52:55,72.6,-0.2,1,7260,卖盘
1120,10:52:58,72.8,0.2,1,7280,买盘
1121,10:53:04,72.5,-0.3,37,268507,卖盘
1122,10:53:10,72.5,0.0,6,43500,买盘
1123,10:53:13,72.5,0.0,1,7250,买盘
1124,10:53:15,72.47,-0.03,5,36244,卖盘
1125,10:53:18,72.5,0.03,16,116000,买盘
1126,10:53:22,72.5,0.0,2,14500,买盘
1127,10:53:25,72.5,0.0,5,36250,买盘
1128,10:53:28,72.5,0.0,4,29001,中性盘
1129,10:53:31,72.8,0.3,1,7280,买盘
1130,10:53:34,72.5,-0.3,2,14500,卖盘
1131,10:53:36,72.78,0.28,4,29028,买盘
1132,10:53:39,72.79,0.01,1,7279,买盘
1133,10:53:43,72.78,-0.01,1,7278,买盘
1134,10:53:49,72.5,-0.28,5,36306,卖盘
1135,10:53:57,72.78,0.28,1,7278,买盘
1136,10:54:00,72.5,-0.28,1,7250,卖盘
1137,10:54:06,72.77,0.27,1,7277,买盘
1138,10:54:09,72.5,-0.27,3,21750,卖盘
1139,10:54:18,72.76,0.26,2,14552,买盘
1140,10:54:22,72.5,-0.26,2,14500,卖盘
1141,10:54:28,72.77,0.27,3,21831,买盘
1142,10:54:31,72.77,0.0,11,80055,买盘
1143,10:54:34,72.79,0.02,10,72758,买盘
1144,10:54:37,72.8,0.01,26,188665,买盘
1145,10:54:40,72.77,-0.03,12,87324,卖盘
1146,10:54:43,72.8,0.03,5,36391,买盘
1147,10:54:46,72.5,-0.3,3,21750,买盘
1148,10:54:55,72.88,0.38,2,14565,买盘
1149,10:54:58,72.98,0.1,7,51050,买盘
1150,10:55:07,72.99,0.01,8,58385,买盘
1151,10:55:10,72.99,0.0,6,43792,买盘
1152,10:55:13,73.0,0.01,2,14600,买盘
1153,10:55:16,73.0,0.0,6,43800,卖盘
1154,10:55:19,73.0,0.0,3,21900,卖盘
1155,10:55:25,73.03,0.03,1,7303,买盘
1156,10:55:28,73.03,0.0,6,43812,卖盘
1157,10:55:37,73.03,0.0,3,21909,买盘
1158,10:55:40,73.0,-0.03,4,29203,卖盘
1159,10:55:43,73.03,0.03,2,14606,买盘
1160,10:55:49,73.01,-0.02,2,14602,买盘
1161,10:55:52,73.01,0.0,7,51104,买盘
1162,10:55:58,73.0,-0.01,2,14600,卖盘
1163,10:56:01,73.0,0.0,3,21900,卖盘
1164,10:56:04,73.01,0.01,1,7301,买盘
1165,10:56:07,73.0,-0.01,1,7300,卖盘
1166,10:56:10,73.01,0.01,2,14602,买盘
1167,10:56:13,73.01,0.0,4,29201,买盘
1168,10:56:19,73.0,-0.01,3,21902,卖盘
1169,10:56:22,73.0,0.0,1,7300,卖盘
1170,10:56:25,73.0,0.0,9,65694,中性盘
1171,10:56:28,73.01,0.01,2,14601,买盘
1172,10:56:34,72.98,-0.03,2,14598,卖盘
1173,10:56:37,72.98,0.0,1,7298,中性盘
1174,10:56:40,73.01,0.03,1,7301,买盘
1175,10:56:46,72.82,-0.19,1,7282,卖盘
1176,10:56:55,72.77,-0.05,3,21839,卖盘
1177,10:57:01,72.8,0.03,1,7280,买盘
1178,10:57:04,72.8,0.0,1,7280,买盘
1179,10:57:07,72.67,-0.13,2,14534,卖盘
1180,10:57:09,72.8,0.13,2,14560,买盘
1181,10:57:19,72.52,-0.28,1,7252,卖盘
1182,10:57:31,72.52,0.0,11,79885,卖盘
1183,10:57:36,72.8,0.28,2,14560,买盘
1184,10:57:39,72.52,-0.28,2,14504,卖盘
1185,10:57:49,72.6,0.08,5,36360,卖盘
1186,10:57:51,72.6,0.0,1,7260,卖盘
1187,10:57:55,72.8,0.2,2,14550,买盘
1188,10:57:58,72.7,-0.1,2,14540,买盘
1189,10:58:04,72.6,-0.1,2,14520,卖盘
1190,10:58:10,72.7,0.1,4,29080,买盘
1191,10:58:12,72.63,-0.07,2,14526,中性盘
1192,10:58:16,72.7,0.07,1,7270,买盘
1193,10:58:25,72.6,-0.1,3,21783,卖盘
1194,10:58:27,72.7,0.1,4,29066,买盘
1195,10:58:34,72.7,0.0,1,7270,买盘
1196,10:58:36,72.63,-0.07,3,21789,卖盘
1197,10:58:40,72.7,0.07,1,7270,买盘
1198,10:58:42,72.7,0.0,1,7270,买盘
1199,10:58:46,72.63,-0.07,3,21790,卖盘
1200,10:58:49,72.7,0.07,1,7270,买盘
1201,10:58:52,72.7,0.0,1,7270,买盘
1202,10:58:54,72.7,0.0,1,7270,买盘
1203,10:58:57,72.63,-0.07,2,14526,卖盘
1204,10:59:01,72.7,0.07,1,7270,买盘
1205,10:59:10,72.7,0.0,11,79956,买盘
1206,10:59:13,72.7,0.0,2,14540,买盘
1207,10:59:16,72.7,0.0,7,50890,买盘
1208,10:59:19,72.7,0.0,3,21810,卖盘
1209,10:59:22,72.99,0.29,3,21895,买盘
1210,10:59:28,73.0,0.01,1,7300,买盘
1211,10:59:31,73.0,0.0,2,14600,买盘
1212,10:59:43,73.0,0.0,2,14600,卖盘
1213,10:59:49,73.07,0.07,1,7307,买盘
1214,10:59:52,72.7,-0.37,2,14540,卖盘
1215,10:59:55,72.7,0.0,1,7270,买盘
1216,10:59:58,72.8,0.1,1,7280,中性盘
1217,11:00:01,73.05,0.25,1,7305,中性盘
1218,11:00:04,72.8,-0.25,2,14580,卖盘
1219,11:00:16,72.7,-0.1,2,14550,卖盘
1220,11:00:19,73.0,0.3,1,7300,买盘
1221,11:00:22,73.0,0.0,2,14600,买盘
1222,11:00:25,73.0,0.0,9,65735,卖盘
1223,11:00:28,73.0,0.0,1,7300,卖盘
1224,11:00:30,73.0,0.0,1,7300,买盘
1225,11:00:37,72.8,-0.2,3,21840,卖盘
1226,11:00:40,73.0,0.2,3,21900,买盘
1227,11:00:43,72.8,-0.2,16,116780,卖盘
1228,11:00:48,72.8,0.0,7,50908,买盘
1229,11:00:58,72.8,0.0,3,21840,卖盘
1230,11:01:04,72.98,0.18,1,7298,买盘
1231,11:01:10,72.8,-0.18,1,7280,卖盘
1232,11:01:22,72.8,0.0,1,7280,卖盘
1233,11:01:31,72.8,0.0,3,21840,卖盘
1234,11:01:42,72.81,0.01,2,14562,卖盘
1235,11:01:55,72.81,0.0,1,7281,卖盘
1236,11:02:01,72.85,0.04,3,21855,卖盘
1237,11:02:04,72.85,0.0,3,21855,卖盘
1238,11:02:07,72.97,0.12,1,7297,买盘
1239,11:02:15,72.85,-0.12,1,7285,卖盘
1240,11:02:28,72.81,-0.04,4,29132,卖盘
1241,11:02:34,72.98,0.17,2,14595,买盘
1242,11:02:36,72.97,-0.01,1,7297,卖盘
1243,11:02:40,72.81,-0.16,2,14562,卖盘
1244,11:02:49,72.82,0.01,1,7282,中性盘
1245,11:03:01,72.82,0.0,2,14564,卖盘
1246,11:03:13,72.98,0.16,4,29159,买盘
1247,11:03:16,72.98,0.0,1,7298,买盘
1248,11:03:19,72.98,0.0,1,7298,买盘
1249,11:03:22,72.81,-0.17,5,36441,卖盘
1250,11:03:28,73.0,0.19,1,7300,买盘
1251,11:03:34,72.82,-0.18,1,7282,卖盘
1252,11:03:46,72.8,-0.02,2,14562,卖盘
1253,11:03:55,72.85,0.05,2,14570,卖盘
1254,11:04:01,72.98,0.13,1,7298,买盘
1255,11:04:06,72.85,-0.13,1,7285,卖盘
1256,11:04:18,72.8,-0.05,4,29123,卖盘
1257,11:04:25,72.98,0.18,1,7298,买盘
1258,11:04:28,72.7,-0.28,2,14540,卖盘
1259,11:04:33,72.7,0.0,1,7270,卖盘
1260,11:04:39,72.7,0.0,1,7270,卖盘
1261,11:04:51,72.68,-0.02,3,21808,卖盘
1262,11:04:58,72.98,0.3,1,7298,买盘
1263,11:05:01,72.7,-0.28,2,14540,卖盘
1264,11:05:13,72.71,0.01,2,14569,卖盘
1265,11:05:16,73.0,0.29,4,29200,买盘
1266,11:05:22,73.0,0.0,1,7300,卖盘
1267,11:05:25,73.05,0.05,4,29152,买盘
1268,11:05:28,73.0,-0.05,1,7300,中性盘
1269,11:05:34,72.77,-0.23,2,14582,卖盘
1270,11:05:40,73.05,0.28,2,14610,买盘
1271,11:05:45,73.04,-0.01,2,14608,卖盘
1272,11:05:49,73.05,0.01,1,7305,买盘
1273,11:05:52,73.07,0.02,1,7307,买盘
1274,11:05:58,73.04,-0.03,3,21913,卖盘
1275,11:06:07,73.04,0.0,2,14608,卖盘
1276,11:06:10,73.04,0.0,6,43839,中性盘
1277,11:06:19,72.77,-0.27,2,14554,卖盘
1278,11:06:27,73.04,0.27,1,7304,买盘
1279,11:06:31,73.07,0.03,11,80295,买盘
1280,11:06:34,72.98,-0.09,1,7298,中性盘
1281,11:06:37,73.09,0.11,18,131544,买盘
1282,11:06:40,72.78,-0.31,3,21838,卖盘
1283,11:06:52,72.8,0.02,3,21838,中性盘
1284,11:06:58,73.09,0.29,1,7309,买盘
1285,11:07:01,73.0,-0.09,1,7300,卖盘
1286,11:07:04,72.81,-0.19,3,21843,卖盘
1287,11:07:12,73.04,0.23,1,7304,卖盘
1288,11:07:25,72.81,-0.23,1,7281,卖盘
1289,11:07:37,72.81,0.0,4,29124,卖盘
1290,11:07:45,73.0,0.19,1,7300,卖盘
1291,11:07:52,73.03,0.03,1,7303,买盘
1292,11:07:58,72.8,-0.23,2,14560,卖盘
1293,11:08:10,72.8,0.0,3,21840,卖盘
1294,11:08:13,72.95,0.15,1,7295,买盘
1295,11:08:18,73.01,0.06,2,14602,中性盘
1296,11:08:22,72.8,-0.21,2,14560,卖盘
1297,11:08:31,72.8,0.0,2,14580,卖盘
1298,11:08:40,73.0,0.2,1,7300,买盘
1299,11:08:43,72.8,-0.2,2,14560,卖盘
1300,11:08:46,72.8,0.0,2,14560,卖盘
1301,11:08:52,72.78,-0.02,18,131020,卖盘
1302,11:08:55,72.79,0.01,1,7279,中性盘
1303,11:08:58,72.78,-0.01,4,29150,卖盘
1304,11:09:04,72.78,0.0,3,21853,卖盘
1305,11:09:16,72.77,-0.01,13,94822,卖盘
1306,11:09:22,73.0,0.23,1,7300,买盘
1307,11:09:27,72.78,-0.22,1,7278,卖盘
1308,11:09:37,72.78,0.0,2,14556,卖盘
1309,11:09:43,72.98,0.2,1,7298,中性盘
1310,11:09:49,72.78,-0.2,2,14556,卖盘
1311,11:09:52,72.98,0.2,1,7298,买盘
1312,11:10:00,72.79,-0.19,2,14558,卖盘
1313,11:10:10,72.98,0.19,5,36434,买盘
1314,11:10:16,72.77,-0.21,16,116460,卖盘
1315,11:10:18,72.98,0.21,2,14596,买盘
1316,11:10:22,72.78,-0.2,8,58374,中性盘
1317,11:10:28,73.05,0.27,1,7305,买盘
1318,11:10:34,72.98,-0.07,3,21896,卖盘
1319,11:10:37,73.07,0.09,1,7307,买盘
1320,11:10:43,73.05,-0.02,1,7305,卖盘
1321,11:10:54,73.05,0.0,2,14610,卖盘
1322,11:11:00,73.07,0.02,3,21921,买盘
1323,11:11:07,73.05,-0.02,3,21915,卖盘
1324,11:11:16,73.05,0.0,1,7305,卖盘
1325,11:11:25,73.05,0.0,2,14610,卖盘
1326,11:11:28,73.0,-0.05,1,7300,卖盘
1327,11:11:31,73.05,0.05,6,43830,买盘
1328,11:11:39,72.98,-0.07,4,29192,卖盘
1329,11:11:49,72.98,0.0,2,14596,卖盘
1330,11:11:52,72.79,-0.19,5,36416,卖盘
1331,11:11:57,73.04,0.25,1,7304,买盘
1332,11:12:01,72.79,-0.25,2,14579,卖盘
1333,11:12:13,72.79,0.0,2,14558,卖盘
1334,11:12:22,72.77,-0.02,1,7277,卖盘
1335,11:12:33,72.77,0.0,3,21831,卖盘
1336,11:12:43,73.0,0.23,1,7300,卖盘
1337,11:12:45,73.0,0.0,4,29131,买盘
1338,11:12:54,72.78,-0.22,1,7278,卖盘
1339,11:13:07,72.78,0.0,2,14556,卖盘
1340,11:13:18,72.78,0.0,2,14557,卖盘
1341,11:13:25,73.0,0.22,1,7300,买盘
1342,11:13:28,72.77,-0.23,4,29111,卖盘
1343,11:13:40,72.78,0.01,1,7278,卖盘
1344,11:13:45,72.77,-0.01,10,72770,卖盘
1345,11:13:52,73.0,0.23,4,29131,买盘
1346,11:13:57,73.0,0.0,1,7300,中性盘
1347,11:14:00,72.78,-0.22,2,14580,中性盘
1348,11:14:13,72.77,-0.01,2,14555,卖盘
1349,11:14:24,72.77,0.0,3,21831,卖盘
1350,11:14:37,72.77,0.0,1,7277,卖盘
1351,11:14:42,72.99,0.22,2,14598,买盘
1352,11:14:46,72.77,-0.22,2,14554,卖盘
1353,11:14:48,72.99,0.22,1,7299,买盘
1354,11:14:54,72.99,0.0,1,7299,买盘
1355,11:14:58,72.78,-0.21,2,14556,卖盘
1356,11:15:10,72.77,-0.01,3,21832,卖盘
1357,11:15:15,72.99,0.22,1,7299,买盘
1358,11:15:18,72.78,-0.21,2,14556,卖盘
1359,11:15:31,72.78,0.0,2,14556,卖盘
1360,11:15:43,72.78,0.0,1,7278,卖盘
1361,11:15:51,72.78,0.0,1,7278,卖盘
1362,11:15:57,72.78,0.0,1,7278,卖盘
1363,11:16:04,72.72,-0.06,4,29100,卖盘
1364,11:16:07,72.78,0.06,2,14556,中性盘
1365,11:16:10,72.99,0.21,4,29133,买盘
1366,11:16:16,72.78,-0.21,1,7278,卖盘
1367,11:16:19,72.99,0.21,1,7299,买盘
1368,11:16:25,72.81,-0.18,3,21856,卖盘
1369,11:16:34,72.81,0.0,1,7281,卖盘
1370,11:16:37,72.81,0.0,2,14562,卖盘
1371,11:16:49,72.81,0.0,3,21843,卖盘
1372,11:16:54,72.81,0.0,3,21850,卖盘
1373,11:16:58,72.79,-0.02,2,14558,卖盘
1374,11:17:00,72.81,0.02,1,7281,买盘
1375,11:17:10,72.79,-0.02,2,14558,卖盘
1376,11:17:22,72.79,0.0,2,14558,卖盘
1377,11:17:31,72.8,0.01,1,7280,卖盘
1378,11:17:36,72.88,0.08,1,7288,买盘
1379,11:17:42,72.79,-0.09,2,14559,卖盘
1380,11:17:52,72.79,0.0,1,7279,买盘
1381,11:17:55,72.78,-0.01,1,7278,卖盘
1382,11:18:04,72.78,0.0,1,7278,卖盘
1383,11:18:16,72.78,0.0,3,21834,卖盘
1384,11:18:19,72.79,0.01,1,7279,买盘
1385,11:18:24,72.79,0.0,1,7279,买盘
1386,11:18:28,72.71,-0.08,2,14549,卖盘
1387,11:18:36,72.7,-0.01,1,7270,卖盘
1388,11:18:49,72.7,0.0,4,29080,卖盘
1389,11:18:52,72.7,0.0,1,7270,卖盘
1390,11:19:00,72.68,-0.02,1,7268,卖盘
1391,11:19:06,72.66,-0.02,4,29067,卖盘
1392,11:19:09,72.65,-0.01,2,14531,卖盘
1393,11:19:16,72.69,0.04,1,7269,买盘
1394,11:19:22,72.65,-0.04,3,21795,卖盘
1395,11:19:28,72.69,0.04,1,7269,买盘
1396,11:19:33,72.65,-0.04,1,7265,卖盘
1397,11:19:37,72.65,0.0,2,14530,卖盘
1398,11:19:42,72.66,0.01,2,14532,卖盘
1399,11:19:54,72.66,0.0,2,14532,卖盘
1400,11:20:07,72.65,-0.01,3,21795,卖盘
1401,11:20:13,72.84,0.19,1,7284,买盘
1402,11:20:16,72.65,-0.19,2,14530,卖盘
1403,11:20:28,72.65,0.0,3,21814,卖盘
1404,11:20:34,72.65,0.0,9,65385,卖盘
1405,11:20:40,72.85,0.2,4,29080,买盘
1406,11:20:43,72.85,0.0,1,7285,买盘
1407,11:20:46,72.85,0.0,1,7285,买盘
1408,11:20:49,72.65,-0.2,1,7265,卖盘
1409,11:21:01,72.65,0.0,3,21799,卖盘
1410,11:21:13,72.63,-0.02,2,14526,卖盘
1411,11:21:16,72.76,0.13,1,7276,买盘
1412,11:21:22,72.53,-0.23,1,7253,卖盘
1413,11:21:27,72.76,0.23,2,14552,买盘
1414,11:21:33,72.52,-0.24,3,21756,卖盘
1415,11:21:46,72.53,0.01,2,14506,卖盘
1416,11:21:58,72.53,0.0,1,7253,卖盘
1417,11:22:06,72.53,0.0,2,14506,卖盘
1418,11:22:13,72.76,0.23,1,7276,买盘
1419,11:22:19,72.52,-0.24,2,14504,卖盘
1420,11:22:31,72.52,0.0,2,14504,卖盘
1421,11:22:40,72.5,-0.02,3,21754,卖盘
1422,11:22:46,72.5,0.0,20,145000,卖盘
1423,11:22:49,72.76,0.26,1,7276,买盘
1424,11:22:51,72.5,-0.26,3,21801,卖盘
1425,11:22:57,72.86,0.36,1,7286,买盘
1426,11:23:04,72.47,-0.39,2,14494,卖盘
1427,11:23:12,72.47,0.0,2,14494,卖盘
1428,11:23:24,72.47,0.0,1,7247,卖盘
1429,11:23:31,72.86,0.39,9,65574,买盘
1430,11:23:37,72.47,-0.39,4,29029,卖盘
1431,11:23:43,72.85,0.38,1,7285,买盘
1432,11:23:45,72.86,0.01,3,21821,买盘
1433,11:23:48,72.86,0.0,1,7286,买盘
1434,11:23:52,72.87,0.01,2,14573,买盘
1435,11:23:57,72.5,-0.37,2,14500,卖盘
1436,11:24:04,72.89,0.39,1,7289,买盘
1437,11:24:10,72.53,-0.36,2,14506,卖盘
1438,11:24:18,72.5,-0.03,3,21752,卖盘
1439,11:24:28,72.85,0.35,2,14570,买盘
1440,11:24:31,72.4,-0.45,3,21740,卖盘
1441,11:24:37,72.85,0.45,1,7285,买盘
1442,11:24:39,72.85,0.0,1,7285,买盘
1443,11:24:42,72.86,0.01,2,14571,中性盘
1444,11:24:48,72.85,-0.01,1,7285,卖盘
1445,11:24:52,72.58,-0.27,11,80116,卖盘
1446,11:24:58,72.87,0.29,1,7287,买盘
1447,11:25:04,72.78,-0.09,2,14556,中性盘
1448,11:25:09,72.59,-0.19,3,21806,卖盘
1449,11:25:12,72.88,0.29,8,58304,买盘
1450,11:25:16,72.59,-0.29,3,21777,卖盘
1451,11:25:19,72.88,0.29,1,7288,买盘
1452,11:25:25,72.6,-0.28,1,7260,卖盘
1453,11:25:27,72.6,0.0,1,7260,卖盘
1454,11:25:37,72.59,-0.01,3,21778,卖盘
1455,11:25:43,72.88,0.29,1,7288,买盘
1456,11:25:48,72.59,-0.29,1,7259,卖盘
1457,11:25:58,72.59,0.0,2,14518,卖盘
1458,11:26:09,72.58,-0.01,4,29034,卖盘
1459,11:26:22,72.58,0.0,1,7258,卖盘
1460,11:26:24,72.88,0.3,1,7288,买盘
1461,11:26:30,72.59,-0.29,3,21807,卖盘
1462,11:26:43,72.59,0.0,2,14518,卖盘
1463,11:26:54,72.59,0.0,2,14518,卖盘
1464,11:27:00,72.89,0.3,8,58308,买盘
1465,11:27:04,72.59,-0.3,2,14518,卖盘
1466,11:27:07,72.89,0.3,7,51023,买盘
1467,11:27:12,72.94,0.05,1,7294,买盘
1468,11:27:15,72.59,-0.35,2,14548,卖盘
1469,11:27:28,72.89,0.3,2,14578,卖盘
1470,11:27:40,72.89,0.0,2,14578,卖盘
1471,11:27:43,72.94,0.05,2,14588,买盘
1472,11:27:48,72.89,-0.05,2,14583,卖盘
1473,11:27:52,72.95,0.06,2,14584,买盘
1474,11:28:01,72.61,-0.34,3,21783,卖盘
1475,11:28:06,72.94,0.33,1,7294,买盘
1476,11:28:13,72.61,-0.33,1,7261,卖盘
1477,11:28:22,72.62,0.01,1,7262,中性盘
1478,11:28:25,72.62,0.0,2,14524,卖盘
1479,11:28:34,72.62,0.0,2,14524,卖盘
1480,11:28:46,72.6,-0.02,2,14520,卖盘
1481,11:28:49,72.92,0.32,1,7292,买盘
1482,11:28:54,72.62,-0.3,3,21816,卖盘
1483,11:29:06,72.68,0.06,2,14561,卖盘
1484,11:29:18,72.62,-0.06,3,21791,卖盘
1485,11:29:28,72.62,0.0,2,14525,卖盘
1486,11:29:34,72.93,0.31,1,7293,买盘
1487,11:29:39,72.62,-0.31,1,7262,卖盘
1488,11:29:42,72.62,0.0,18,130716,卖盘
1489,11:29:49,72.93,0.31,2,14586,买盘
1490,11:29:52,72.62,-0.31,3,21786,卖盘
1491,11:29:54,72.94,0.32,1,7294,买盘
1492,11:30:01,72.62,-0.32,2,14524,卖盘
1493,13:00:12,72.65,0.03,3,21795,卖盘
1494,13:00:19,72.89,0.24,1,7289,买盘
1495,13:00:24,72.64,-0.25,1,7264,卖盘
1496,13:00:33,72.64,0.0,2,14528,卖盘
1497,13:00:45,72.63,-0.01,2,14528,卖盘
1498,13:00:57,72.86,0.23,3,21812,买盘
1499,13:01:04,72.93,0.07,1,7293,买盘
1500,13:01:06,72.62,-0.31,2,14525,卖盘
1501,13:01:16,72.93,0.31,2,14586,买盘
1502,13:01:19,72.93,0.0,3,21879,卖盘
1503,13:01:21,72.93,0.0,1,7293,卖盘
1504,13:01:31,72.62,-0.31,2,14524,卖盘
1505,13:01:36,72.88,0.26,1,7288,买盘
1506,13:01:39,72.62,-0.26,2,14524,卖盘
1507,13:01:48,72.62,0.0,1,7262,卖盘
1508,13:01:51,72.62,0.0,3,21786,卖盘
1509,13:02:04,72.62,0.0,1,7262,卖盘
1510,13:02:07,72.88,0.26,2,14576,买盘
1511,13:02:12,72.62,-0.26,3,21812,卖盘
1512,13:02:15,72.62,0.0,1,7262,卖盘
1513,13:02:24,72.62,0.0,2,14524,卖盘
1514,13:02:37,72.62,0.0,1,7262,卖盘
1515,13:02:42,72.62,0.0,2,14524,卖盘
1516,13:02:46,72.62,0.0,4,29051,卖盘
1517,13:02:49,72.88,0.26,1,7288,买盘
1518,13:02:58,72.62,-0.26,1,7262,卖盘
1519,13:03:10,72.62,0.0,2,14548,卖盘
1520,13:03:21,72.6,-0.02,4,29046,卖盘
1521,13:03:28,72.89,0.29,1,7289,买盘
1522,13:03:31,72.6,-0.29,2,14520,卖盘
1523,13:03:43,72.89,0.29,4,29156,买盘
1524,13:03:49,72.89,0.0,3,21867,卖盘
1525,13:03:55,72.89,0.0,4,29157,卖盘
1526,13:04:04,72.6,-0.29,1,7260,卖盘
1527,13:04:07,72.9,0.3,1,7290,买盘
1528,13:04:15,72.61,-0.29,2,14523,卖盘
1529,13:04:22,72.86,0.25,1,7286,中性盘
1530,13:04:28,72.6,-0.26,2,14520,卖盘
1531,13:04:36,72.6,0.0,2,14520,卖盘
1532,13:04:48,72.6,0.0,2,14520,卖盘
1533,13:04:54,72.6,0.0,17,123420,卖盘
1534,13:05:00,72.6,0.0,4,29092,卖盘
1535,13:05:09,72.6,0.0,2,14522,卖盘
1536,13:05:16,72.89,0.29,1,7289,买盘
1537,13:05:18,72.89,0.0,2,14578,买盘
1538,13:05:21,72.6,-0.29,3,21780,卖盘
1539,13:05:33,72.6,0.0,1,7260,卖盘
1540,13:05:43,72.6,0.0,2,14520,卖盘
1541,13:05:54,72.6,0.0,2,14520,卖盘
1542,13:06:00,72.9,0.3,1,7290,买盘
1543,13:06:07,72.9,0.0,3,21810,买盘
1544,13:06:15,72.6,-0.3,3,21780,卖盘
1545,13:06:28,72.6,0.0,1,7260,卖盘
1546,13:06:39,72.6,0.0,2,14520,卖盘
1547,13:06:46,72.89,0.29,20,145287,买盘
1548,13:06:48,72.6,-0.29,1,7260,卖盘
1549,13:06:51,72.9,0.3,3,21839,买盘
1550,13:07:00,72.58,-0.32,3,21774,卖盘
1551,13:07:10,72.9,0.32,22,160360,买盘
1552,13:07:13,72.94,0.04,5,36394,买盘
1553,13:07:15,72.94,0.0,1,7294,卖盘
1554,13:07:18,72.94,0.0,2,14588,卖盘
1555,13:07:21,72.94,0.0,4,29176,卖盘
1556,13:07:28,72.94,0.0,2,14589,卖盘
1557,13:07:34,72.95,0.01,3,21885,买盘
1558,13:07:40,72.98,0.03,11,80270,买盘
1559,13:07:45,72.96,-0.02,3,21852,中性盘
1560,13:07:51,72.96,0.0,1,7296,买盘
1561,13:07:54,72.61,-0.35,14,102043,卖盘
1562,13:08:01,72.97,0.36,1,7297,买盘
1563,13:08:04,72.61,-0.36,17,123447,卖盘
1564,13:08:07,72.6,-0.01,2,14520,卖盘
1565,13:08:09,72.61,0.01,4,30641,买盘
1566,13:08:12,72.61,0.0,2,14522,卖盘
1567,13:08:16,72.61,0.0,2,14558,卖盘
1568,13:08:18,72.61,0.0,1,7261,卖盘
1569,13:08:28,72.62,0.01,3,21786,卖盘
1570,13:08:39,72.61,-0.01,2,14522,卖盘
1571,13:08:45,72.95,0.34,1,7295,买盘
1572,13:08:51,72.61,-0.34,2,14522,卖盘
1573,13:09:00,72.6,-0.01,3,21783,卖盘
1574,13:09:09,72.94,0.34,6,43764,买盘
1575,13:09:12,72.6,-0.34,1,7260,卖盘
1576,13:09:16,72.6,0.0,2,14554,卖盘
1577,13:09:25,72.6,0.0,2,14520,卖盘
1578,13:09:34,72.6,0.0,3,21781,卖盘
1579,13:09:39,72.92,0.32,1,7292,买盘
1580,13:09:45,72.6,-0.32,1,7260,卖盘
1581,13:09:58,72.6,0.0,2,14520,卖盘
1582,13:10:10,72.6,0.0,2,14520,卖盘
1583,13:10:16,72.6,0.0,1,7260,卖盘
1584,13:10:19,72.6,0.0,3,21780,卖盘
1585,13:10:22,72.6,0.0,6,43560,卖盘
1586,13:10:25,72.92,0.32,1,7292,买盘
1587,13:10:31,72.6,-0.32,1,7260,卖盘
1588,13:10:40,72.92,0.32,2,14584,买盘
1589,13:10:43,72.6,-0.32,3,21781,卖盘
1590,13:10:45,72.94,0.34,1,7294,买盘
1591,13:10:51,72.6,-0.34,2,14520,卖盘
1592,13:11:04,72.62,0.02,1,7262,卖盘
1593,13:11:10,72.6,-0.02,1,7260,卖盘
1594,13:11:16,72.6,0.0,4,29040,卖盘
1595,13:11:22,72.93,0.33,1,7293,买盘
1596,13:11:24,72.6,-0.33,2,14520,卖盘
1597,13:11:36,72.6,0.0,1,7260,卖盘
1598,13:11:49,72.6,0.0,3,21780,卖盘
1599,13:11:57,72.93,0.33,5,36465,买盘
1600,13:12:01,72.61,-0.32,1,7261,卖盘
1601,13:12:04,72.92,0.31,2,14586,中性盘
1602,13:12:07,72.94,0.02,6,43756,买盘
1603,13:12:10,72.94,0.0,3,21882,卖盘
1604,13:12:13,72.95,0.01,1,7295,买盘
1605,13:12:16,72.94,-0.01,1,7294,卖盘
1606,13:12:21,72.94,0.0,2,14588,卖盘
1607,13:12:27,72.94,0.0,10,72940,卖盘
1608,13:12:30,72.62,-0.32,2,14524,中性盘
1609,13:12:33,72.94,0.32,1,7294,买盘
1610,13:12:37,72.94,0.0,8,58352,买盘
1611,13:12:42,72.61,-0.33,3,21818,卖盘
1612,13:12:48,72.94,0.33,1,7294,买盘
1613,13:12:55,72.62,-0.32,2,14524,卖盘
1614,13:13:04,72.62,0.0,3,21786,卖盘
1615,13:13:09,72.94,0.32,1,7294,买盘
1616,13:13:15,72.63,-0.31,1,7263,卖盘
1617,13:13:28,72.62,-0.01,1,7262,卖盘
1618,13:13:30,72.95,0.33,6,43767,买盘
1619,13:13:33,72.95,0.0,6,43770,买盘
1620,13:13:36,72.62,-0.33,4,29048,卖盘
1621,13:13:39,72.94,0.32,1,7294,买盘
1622,13:13:46,72.62,-0.32,2,14556,卖盘
1623,13:13:49,72.62,0.0,1,7262,卖盘
1624,13:14:00,72.93,0.31,2,14556,买盘
1625,13:14:10,72.62,-0.31,3,21789,卖盘
1626,13:14:16,72.64,0.02,2,14528,卖盘
1627,13:14:21,72.64,0.0,3,21820,卖盘
1628,13:14:33,72.62,-0.02,2,14526,卖盘
1629,13:14:40,72.62,0.0,10,72620,卖盘
1630,13:14:42,72.61,-0.01,29,210575,卖盘
1631,13:14:46,72.92,0.31,1,7292,买盘
1632,13:14:51,72.92,0.0,2,14584,卖盘
1633,13:14:54,72.61,-0.31,2,14553,卖盘
1634,13:15:00,72.92,0.31,7,51044,买盘
1635,13:15:07,72.61,-0.31,3,21815,卖盘
1636,13:15:16,72.61,0.0,2,14522,卖盘
1637,13:15:19,72.92,0.31,4,29168,买盘
1638,13:15:21,72.92,0.0,1,7292,中性盘
1639,13:15:28,72.62,-0.3,2,14524,卖盘
1640,13:15:40,72.93,0.31,8,58282,买盘
1641,13:15:46,72.93,0.0,1,7293,买盘
1642,13:15:48,72.63,-0.3,2,14526,卖盘
1643,13:16:01,72.63,0.0,1,7263,卖盘
1644,13:16:07,72.94,0.31,1,7294,买盘
1645,13:16:13,72.63,-0.31,4,29052,卖盘
1646,13:16:16,72.63,0.0,1,7263,卖盘
1647,13:16:24,72.64,0.01,2,14528,卖盘
1648,13:16:34,72.64,0.0,2,14528,卖盘
1649,13:16:40,72.91,0.27,1,7291,买盘
1650,13:16:46,72.64,-0.27,7,51024,卖盘
1651,13:16:57,72.64,0.0,2,14528,卖盘
1652,13:17:04,72.93,0.29,1,7293,买盘
1653,13:17:06,72.64,-0.29,3,21792,卖盘
1654,13:17:19,72.63,-0.01,3,21791,卖盘
1655,13:17:25,72.64,0.01,2,14528,买盘
1656,13:17:30,72.63,-0.01,4,29083,卖盘
1657,13:17:37,72.91,0.28,1,7291,买盘
1658,13:17:40,72.63,-0.28,1,7263,卖盘
1659,13:17:52,72.63,0.0,2,14527,卖盘
1660,13:18:04,72.61,-0.02,4,29046,卖盘
1661,13:18:09,72.63,0.02,3,21789,买盘
1662,13:18:13,72.64,0.01,1,7264,中性盘
1663,13:18:15,72.63,-0.01,1,7263,卖盘
1664,13:18:25,72.61,-0.02,2,14523,卖盘
1665,13:18:36,72.63,0.02,2,14526,卖盘
1666,13:18:42,72.89,0.26,1,7289,买盘
1667,13:18:46,72.63,-0.26,2,14526,卖盘
1668,13:18:58,72.63,0.0,2,14526,卖盘
1669,13:19:01,72.88,0.25,1,7288,买盘
1670,13:19:10,72.63,-0.25,2,14527,卖盘
1671,13:19:18,72.63,0.0,2,14526,卖盘
1672,13:19:25,72.89,0.26,1,7289,买盘
1673,13:19:31,72.7,-0.19,2,14540,卖盘
1674,13:19:34,72.7,0.0,1,7270,卖盘
1675,13:19:36,72.89,0.19,2,14578,买盘
1676,13:19:43,72.7,-0.19,2,14540,卖盘
1677,13:19:51,72.7,0.0,3,21814,卖盘
1678,13:20:04,72.7,0.0,1,7270,卖盘
1679,13:20:16,72.7,0.0,3,21810,卖盘
1680,13:20:28,72.7,0.0,2,14540,卖盘
1681,13:20:37,72.71,0.01,2,14542,卖盘
1682,13:20:49,72.71,0.0,2,14542,卖盘
1683,13:20:58,72.71,0.0,2,14542,卖盘
1684,13:21:10,72.71,0.0,2,14542,卖盘
1685,13:21:16,72.71,0.0,1,7271,卖盘
1686,13:21:22,72.72,0.01,2,14544,卖盘
1687,13:21:31,72.71,-0.01,4,29104,卖盘
1688,13:21:42,72.72,0.01,1,7272,中性盘
1689,13:21:55,72.72,0.0,2,14544,卖盘
1690,13:22:04,72.72,0.0,1,7272,卖盘
1691,13:22:06,72.72,0.0,2,14544,卖盘
1692,13:22:16,72.72,0.0,2,14544,卖盘
1693,13:22:27,72.71,-0.01,3,21814,卖盘
1694,13:22:40,72.71,0.0,1,7271,卖盘
1695,13:22:49,72.71,0.0,1,7271,卖盘
1696,13:22:52,72.71,0.0,1,7271,卖盘
1697,13:22:55,72.72,0.01,2,14544,中性盘
1698,13:23:01,72.71,-0.01,3,21813,卖盘
1699,13:23:07,72.88,0.17,1,7288,买盘
1700,13:23:13,72.71,-0.17,1,7271,卖盘
1701,13:23:16,72.7,-0.01,1,7270,卖盘
1702,13:23:21,72.71,0.01,3,21813,中性盘
1703,13:23:34,72.71,0.0,2,14542,卖盘
1704,13:23:45,72.71,0.0,2,14542,卖盘
1705,13:23:55,72.71,0.0,3,21828,卖盘
1706,13:24:01,72.86,0.15,1,7286,买盘
1707,13:24:07,72.74,-0.12,2,14560,中性盘
1708,13:24:15,72.71,-0.03,28,203600,卖盘
1709,13:24:18,72.71,0.0,3,21813,卖盘
1710,13:24:25,72.73,0.02,4,29092,买盘
1711,13:24:28,72.73,0.0,1,7273,卖盘
1712,13:24:34,72.74,0.01,1,7274,买盘
1713,13:24:37,72.75,0.01,1,7275,买盘
1714,13:24:40,72.74,-0.01,6,43646,卖盘
1715,13:24:52,72.74,0.0,1,7274,卖盘
1716,13:25:01,72.74,0.0,1,7274,卖盘
1717,13:25:04,72.86,0.12,1,7286,买盘
1718,13:25:13,72.74,-0.12,2,14548,卖盘
1719,13:25:16,72.73,-0.01,1,7273,卖盘
1720,13:25:25,72.71,-0.02,4,29084,卖盘
1721,13:25:31,72.82,0.11,12,87373,买盘
1722,13:25:34,72.71,-0.11,12,87378,卖盘
1723,13:25:37,72.9,0.19,3,21866,买盘
1724,13:25:40,72.71,-0.19,52,378519,卖盘
1725,13:25:58,72.72,0.01,2,14544,卖盘
1726,13:26:01,72.9,0.18,16,116616,买盘
1727,13:26:07,72.72,-0.18,4,29124,卖盘
1728,13:26:16,72.72,0.0,9,65592,卖盘
1729,13:26:19,72.71,-0.01,5,36357,卖盘
1730,13:26:24,72.71,0.0,18,130878,卖盘
1731,13:26:30,72.7,-0.01,2,14540,卖盘
1732,13:26:34,72.71,0.01,30,218130,买盘
1733,13:26:39,72.72,0.01,7,50897,买盘
1734,13:26:51,72.72,0.0,1,7272,卖盘
1735,13:26:54,72.73,0.01,1,7273,买盘
1736,13:27:04,72.72,-0.01,3,21834,卖盘
1737,13:27:13,72.72,0.0,2,14544,卖盘
1738,13:27:15,72.72,0.0,10,72846,卖盘
1739,13:27:25,72.72,0.0,1,7272,卖盘
1740,13:27:36,72.72,0.0,3,21816,卖盘
1741,13:27:42,72.72,0.0,2,14544,卖盘
1742,13:27:45,72.72,0.0,1,7272,卖盘
1743,13:27:52,72.83,0.11,1,7283,买盘
1744,13:27:58,72.72,-0.11,2,14544,卖盘
1745,13:28:10,72.72,0.0,3,21816,卖盘
1746,13:28:15,72.72,0.0,8,58253,卖盘
1747,13:28:22,72.72,0.0,1,7272,卖盘
1748,13:28:33,72.72,0.0,2,14544,卖盘
1749,13:28:37,72.7,-0.02,40,290815,卖盘
1750,13:28:55,72.63,-0.07,3,21789,卖盘
1751,13:29:04,72.63,0.0,1,7263,卖盘
1752,13:29:06,72.63,0.0,1,7263,卖盘
1753,13:29:16,72.63,0.0,3,21789,卖盘
1754,13:29:27,72.63,0.0,2,14526,卖盘
1755,13:29:31,72.7,0.07,1,7270,买盘
1756,13:29:40,72.63,-0.07,2,14526,卖盘
1757,13:29:49,72.6,-0.03,3,21782,卖盘
1758,13:29:58,72.63,0.03,1,7263,卖盘
1759,13:30:01,72.6,-0.03,1,7260,卖盘
1760,13:30:09,72.58,-0.02,2,14518,卖盘
1761,13:30:12,72.7,0.12,9,65430,买盘
1762,13:30:19,72.7,0.0,2,14540,卖盘
1763,13:30:22,72.7,0.0,2,14540,卖盘
1764,13:30:34,72.7,0.0,2,14540,卖盘
1765,13:30:46,72.7,0.0,3,21810,卖盘
1766,13:30:54,72.72,0.02,2,14544,卖盘
1767,13:31:07,72.72,0.0,1,7272,卖盘
1768,13:31:16,72.72,0.0,11,80069,卖盘
1769,13:31:21,72.72,0.0,1,7272,卖盘
1770,13:31:27,72.9,0.18,40,291505,买盘
1771,13:31:33,72.92,0.02,4,29168,买盘
1772,13:31:40,72.7,-0.22,1,7270,卖盘
1773,13:31:49,72.7,0.0,2,14540,卖盘
1774,13:31:58,72.7,0.0,1,7270,卖盘
1775,13:32:00,72.7,0.0,2,14540,卖盘
1776,13:32:13,72.71,0.01,4,29101,卖盘
1777,13:32:22,72.71,0.0,3,21814,卖盘
1778,13:32:34,72.71,0.0,3,21813,卖盘
1779,13:32:46,72.71,0.0,2,14542,卖盘
1780,13:32:58,72.7,-0.01,1,7270,卖盘
1781,13:33:07,72.7,0.0,3,21810,卖盘
1782,13:33:10,72.7,0.0,59,428930,卖盘
1783,13:33:16,72.66,-0.04,1,7266,卖盘
1784,13:33:19,72.66,0.0,2,14532,卖盘
1785,13:33:27,72.7,0.04,1,7270,买盘
1786,13:33:31,72.66,-0.04,1,7266,卖盘
1787,13:33:40,72.61,-0.05,3,21788,卖盘
1788,13:33:52,72.61,0.0,2,14522,卖盘
1789,13:34:04,72.61,0.0,2,14522,卖盘
1790,13:34:13,72.61,0.0,2,14523,卖盘
1791,13:34:16,72.61,0.0,1,7261,卖盘
1792,13:34:24,72.62,0.01,2,14524,卖盘
1793,13:34:27,72.7,0.08,1,7270,买盘
1794,13:34:37,72.61,-0.09,2,14522,卖盘
1795,13:34:46,72.61,0.0,3,21783,卖盘
1796,13:34:52,72.7,0.09,1,7270,买盘
1797,13:34:55,72.7,0.0,4,29075,卖盘
1798,13:34:58,72.7,0.0,3,21810,卖盘
1799,13:35:04,72.7,0.0,2,14540,卖盘
1800,13:35:09,72.7,0.0,2,14540,卖盘
1801,13:35:16,72.7,0.0,2,14540,卖盘
1802,13:35:19,72.7,0.0,2,14540,卖盘
1803,13:35:30,72.7,0.0,3,21810,卖盘
1804,13:35:43,72.7,0.0,1,7270,卖盘
1805,13:35:46,72.72,0.02,1,7272,买盘
1806,13:35:52,72.61,-0.11,2,14522,卖盘
1807,13:36:04,72.6,-0.01,2,14520,卖盘
1808,13:36:15,72.6,0.0,3,21780,卖盘
1809,13:36:19,72.6,0.0,2,14520,卖盘
1810,13:36:21,72.72,0.12,4,29064,买盘
1811,13:36:25,72.6,-0.12,3,21780,卖盘
1812,13:36:28,72.72,0.12,1,7272,买盘
1813,13:36:37,72.6,-0.12,1,7260,卖盘
1814,13:36:39,72.72,0.12,18,130896,买盘
1815,13:36:48,72.72,0.0,1,7272,卖盘
1816,13:36:58,72.73,0.01,1,7273,卖盘
1817,13:37:01,72.72,-0.01,2,14544,卖盘
1818,13:37:10,72.72,0.0,2,14544,卖盘
1819,13:37:18,72.82,0.1,2,14554,买盘
1820,13:37:21,72.72,-0.1,1,7272,卖盘
1821,13:37:30,72.65,-0.07,2,14537,卖盘
1822,13:37:36,72.65,0.0,1,7265,买盘
1823,13:37:43,72.72,0.07,1,7272,卖盘
1824,13:37:55,72.85,0.13,9,65539,买盘
1825,13:38:04,72.72,-0.13,2,14544,卖盘
1826,13:38:07,72.83,0.11,3,21827,买盘
1827,13:38:15,72.66,-0.17,1,7266,卖盘
1828,13:38:19,72.66,0.0,1,7266,卖盘
1829,13:38:25,72.85,0.19,10,72850,买盘
1830,13:38:28,72.85,0.0,5,36356,买盘
1831,13:38:30,72.85,0.0,2,14570,买盘
1832,13:38:36,72.65,-0.2,1,7265,中性盘
1833,13:38:40,72.85,0.2,1,7285,买盘
1834,13:38:49,72.64,-0.21,1,7264,卖盘
1835,13:38:52,72.88,0.24,4,29151,买盘
1836,13:39:00,72.63,-0.25,3,21837,卖盘
1837,13:39:07,72.67,0.04,3,21843,卖盘
1838,13:39:13,72.67,0.0,2,14534,卖盘
1839,13:39:16,72.67,0.0,3,21843,卖盘
1840,13:39:19,72.88,0.21,2,14576,买盘
1841,13:39:22,72.67,-0.21,3,21822,卖盘
1842,13:39:34,72.63,-0.04,2,14526,卖盘
1843,13:39:37,72.88,0.25,7,51016,买盘
1844,13:39:42,72.63,-0.25,1,7263,卖盘
1845,13:39:46,72.63,0.0,1,7263,卖盘
1846,13:39:55,72.63,0.0,3,21797,卖盘
1847,13:40:07,72.63,0.0,2,14530,卖盘
1848,13:40:16,72.63,0.0,1,7263,卖盘
1849,13:40:19,72.63,0.0,1,7263,卖盘
1850,13:40:27,72.63,0.0,3,21814,卖盘
1851,13:40:40,72.62,-0.01,3,21787,卖盘
1852,13:40:52,72.88,0.26,22,160273,买盘
1853,13:41:00,72.62,-0.26,1,7262,卖盘
1854,13:41:04,72.86,0.24,3,21858,买盘
1855,13:41:12,72.88,0.02,3,21863,买盘
1856,13:41:16,72.88,0.0,3,21864,买盘
1857,13:41:22,72.64,-0.24,3,21838,中性盘
1858,13:41:25,72.63,-0.01,2,14527,卖盘
1859,13:41:34,72.88,0.25,1,7288,买盘
1860,13:41:37,72.88,0.0,1,7288,卖盘
1861,13:41:43,72.9,0.02,2,14580,买盘
1862,13:41:46,72.92,0.02,13,94746,买盘
1863,13:41:52,72.92,0.0,2,14584,买盘
1864,13:41:58,72.7,-0.22,1,7270,卖盘
1865,13:42:04,72.92,0.22,3,21876,买盘
1866,13:42:10,72.7,-0.22,1,7270,卖盘
1867,13:42:13,72.92,0.22,1,7292,买盘
1868,13:42:19,72.7,-0.22,4,29083,卖盘
1869,13:42:22,72.92,0.22,3,21876,买盘
1870,13:42:30,72.7,-0.22,2,14540,卖盘
1871,13:42:33,72.92,0.22,1,7292,买盘
1872,13:42:39,72.7,-0.22,1,7270,卖盘
1873,13:42:43,72.92,0.22,4,29168,买盘
1874,13:42:52,72.7,-0.22,3,21810,卖盘
1875,13:42:55,72.92,0.22,1,7292,买盘
1876,13:43:04,72.92,0.0,4,29124,买盘
1877,13:43:10,72.92,0.0,7,51044,买盘
1878,13:43:13,72.92,0.0,2,14584,买盘
1879,13:43:16,72.7,-0.22,2,14540,卖盘
1880,13:43:18,72.7,0.0,2,14541,卖盘
1881,13:43:25,72.7,0.0,4,29125,卖盘
1882,13:43:34,72.92,0.22,2,14584,买盘
1883,13:43:37,72.7,-0.22,3,21810,卖盘
1884,13:43:43,72.92,0.22,2,14584,买盘
1885,13:43:46,72.72,-0.2,1,7272,卖盘
1886,13:43:55,72.92,0.2,2,14584,买盘
1887,13:43:58,72.7,-0.22,4,29080,卖盘
1888,13:44:04,72.92,0.22,3,21876,买盘
1889,13:44:07,72.7,-0.22,1,7270,卖盘
1890,13:44:10,72.7,0.0,1,7270,卖盘
1891,13:44:13,72.93,0.23,1,7293,买盘
1892,13:44:16,72.7,-0.23,8,58301,卖盘
1893,13:44:22,72.7,0.0,1,7270,卖盘
1894,13:44:24,72.94,0.24,3,21882,买盘
1895,13:44:30,72.7,-0.24,3,21810,卖盘
1896,13:44:34,72.94,0.24,1,7294,买盘
1897,13:44:42,72.94,0.0,5,36422,买盘
1898,13:44:54,72.94,0.0,2,14564,买盘
1899,13:44:57,72.94,0.0,1,7294,买盘
1900,13:45:04,72.94,0.0,5,36398,买盘
1901,13:45:13,72.94,0.0,2,14588,买盘
1902,13:45:16,72.97,0.03,8,58316,买盘
1903,13:45:19,72.63,-0.34,13,94489,卖盘
1904,13:45:25,72.97,0.34,2,14594,买盘
1905,13:45:28,72.63,-0.34,2,14526,卖盘
1906,13:45:33,72.97,0.34,2,14594,买盘
1907,13:45:36,72.63,-0.34,3,21789,卖盘
1908,13:45:43,72.96,0.33,2,14592,买盘
1909,13:45:48,72.63,-0.33,2,14526,卖盘
1910,13:45:54,72.95,0.32,2,14590,买盘
1911,13:45:57,72.64,-0.31,1,7264,中性盘
1912,13:46:04,72.95,0.31,3,21885,买盘
1913,13:46:09,72.64,-0.31,2,14528,卖盘
1914,13:46:13,72.95,0.31,1,7295,买盘
1915,13:46:16,72.95,0.0,1,7295,买盘
1916,13:46:19,72.64,-0.31,1,7264,卖盘
1917,13:46:22,72.64,0.0,3,21792,卖盘
1918,13:46:24,72.95,0.31,3,21883,买盘
1919,13:46:31,72.64,-0.31,1,7264,卖盘
1920,13:46:34,72.95,0.31,2,14590,买盘
1921,13:46:40,72.95,0.0,2,14590,买盘
1922,13:46:43,72.95,0.0,5,36382,买盘
1923,13:46:46,72.95,0.0,1,7295,买盘
1924,13:46:54,72.65,-0.3,3,21855,卖盘
1925,13:47:04,72.94,0.29,1,7294,买盘
1926,13:47:06,72.64,-0.3,2,14529,卖盘
1927,13:47:12,72.94,0.3,3,21882,买盘
1928,13:47:16,72.63,-0.31,6,43583,卖盘
1929,13:47:22,72.69,0.06,3,21802,买盘
1930,13:47:28,72.69,0.0,1,7269,卖盘
1931,13:47:34,72.94,0.25,3,21882,买盘
1932,13:47:39,72.64,-0.3,1,7264,卖盘
1933,13:47:43,72.93,0.29,1,7293,买盘
1934,13:47:51,72.64,-0.29,3,21792,卖盘
1935,13:47:55,72.93,0.29,2,14586,买盘
1936,13:48:00,72.65,-0.28,1,7265,卖盘
1937,13:48:04,72.93,0.28,2,14586,买盘
1938,13:48:13,72.92,-0.01,4,29087,买盘
1939,13:48:16,72.92,0.0,1,7292,卖盘
1940,13:48:19,72.92,0.0,1,7292,卖盘
1941,13:48:25,72.93,0.01,4,29113,买盘
1942,13:48:33,72.67,-0.26,3,21851,卖盘
1943,13:48:37,72.67,0.0,1,7267,卖盘
1944,13:48:43,72.93,0.26,2,14586,买盘
1945,13:48:46,72.67,-0.26,1,7267,卖盘
1946,13:48:49,72.94,0.27,1,7294,买盘
1947,13:48:54,72.94,0.0,1,7294,买盘
1948,13:48:57,72.7,-0.24,5,36368,卖盘
1949,13:49:04,72.94,0.24,2,14588,卖盘
1950,13:49:09,72.7,-0.24,1,7270,卖盘
1951,13:49:16,72.7,0.0,6,43695,卖盘
1952,13:49:19,72.7,0.0,1,7270,卖盘
1953,13:49:25,72.95,0.25,1,7295,买盘
1954,13:49:31,72.95,0.0,10,72925,买盘
1955,13:49:33,72.95,0.0,2,14590,买盘
1956,13:49:37,72.95,0.0,1,7295,买盘
1957,13:49:46,72.95,0.0,1,7295,买盘
1958,13:49:54,72.95,0.0,2,14590,买盘
1959,13:50:04,72.95,0.0,1,7295,买盘
1960,13:50:06,72.95,0.0,1,7295,卖盘
1961,13:50:15,72.96,0.01,2,14592,买盘
1962,13:50:19,72.95,-0.01,1,7295,卖盘
1963,13:50:21,72.96,0.01,1,7296,买盘
1964,13:50:24,72.96,0.0,3,21888,买盘
1965,13:50:31,72.95,-0.01,6,43770,卖盘
1966,13:50:34,72.95,0.0,1,7295,买盘
1967,13:50:37,72.95,0.0,1,7295,买盘
1968,13:50:55,72.96,0.01,2,14592,买盘
1969,13:51:04,72.96,0.0,1,7296,买盘
1970,13:51:07,72.96,0.0,1,7296,买盘
1971,13:51:15,72.95,-0.01,5,36478,卖盘
1972,13:51:19,72.95,0.0,1,7295,卖盘
1973,13:51:25,72.96,0.01,1,7296,买盘
1974,13:51:28,72.98,0.02,80,583743,买盘
1975,13:51:34,72.98,0.0,3,21894,买盘
1976,13:51:40,72.98,0.0,13,94865,买盘
1977,13:51:46,72.98,0.0,2,14596,中性盘
1978,13:51:55,73.0,0.02,61,445287,买盘
1979,13:52:00,73.02,0.02,15,109530,买盘
1980,13:52:04,73.02,0.0,4,29208,买盘
1981,13:52:07,73.02,0.0,1,7302,买盘
1982,13:52:10,73.0,-0.02,32,233602,卖盘
1983,13:52:13,73.02,0.02,1,7302,买盘
1984,13:52:16,73.02,0.0,1,7302,买盘
1985,13:52:19,73.0,-0.02,1,7300,卖盘
1986,13:52:25,73.03,0.03,3,21909,买盘
1987,13:52:30,73.04,0.01,10,73040,买盘
1988,13:52:33,73.04,0.0,2,14607,买盘
1989,13:52:46,73.03,-0.01,3,21909,买盘
1990,13:52:49,73.0,-0.03,27,197100,卖盘
1991,13:52:51,73.03,0.03,1,7303,买盘
1992,13:52:58,73.0,-0.03,1,7300,卖盘
1993,13:53:04,73.0,0.0,3,21900,买盘
1994,13:53:12,73.0,0.0,1,7300,买盘
1995,13:53:15,73.0,0.0,2,14600,买盘
1996,13:53:18,72.95,-0.05,2,14590,卖盘
1997,13:53:25,73.0,0.05,2,14600,买盘
1998,13:53:33,73.0,0.0,2,14600,买盘
1999,13:53:43,73.0,0.0,3,21900,买盘
2000,13:53:51,73.0,0.0,2,14600,卖盘
2001,13:53:54,73.0,0.0,1,7300,买盘
2002,13:54:04,73.0,0.0,3,21900,买盘
2003,13:54:07,73.0,0.0,1,7300,买盘
2004,13:54:12,72.8,-0.2,5,36400,卖盘
2005,13:54:15,72.8,0.0,3,21882,卖盘
2006,13:54:25,73.01,0.21,3,21903,买盘
2007,13:54:31,73.03,0.02,6,43808,买盘
2008,13:54:36,73.0,-0.03,4,29202,卖盘
2009,13:54:42,73.0,0.0,1,7300,买盘
2010,13:54:46,73.0,0.0,3,21900,买盘
2011,13:54:55,73.0,0.0,1,7300,买盘
2012,13:55:04,73.0,0.0,1,7300,买盘
2013,13:55:16,73.01,0.01,2,14602,买盘
2014,13:55:18,73.03,0.02,6,43806,买盘
2015,13:55:25,73.03,0.0,2,14606,买盘
2016,13:55:27,73.0,-0.03,1,7300,卖盘
2017,13:55:34,73.0,0.0,5,36500,卖盘
2018,13:55:36,73.0,0.0,5,36500,买盘
2019,13:55:40,73.0,0.0,1,7300,卖盘
2020,13:55:46,73.02,0.02,2,14602,买盘
2021,13:55:52,73.02,0.0,3,21906,买盘
2022,13:55:58,73.02,0.0,1,7302,卖盘
2023,13:56:06,73.0,-0.02,3,21900,买盘
2024,13:56:10,73.0,0.0,1,7300,买盘
2025,13:56:15,73.0,0.0,1,7300,买盘
2026,13:56:18,72.81,-0.19,1,7281,卖盘
2027,13:56:24,73.0,0.19,3,21900,买盘
2028,13:56:36,72.99,-0.01,2,14599,中性盘
2029,13:56:46,72.99,0.0,1,7299,买盘
2030,13:56:54,73.0,0.01,2,14600,买盘
2031,13:57:00,72.99,-0.01,1,7299,卖盘
2032,13:57:07,72.99,0.0,7,51095,卖盘
2033,13:57:10,72.99,0.0,1,7299,卖盘
2034,13:57:16,73.0,0.01,3,21899,买盘
2035,13:57:21,73.0,0.0,2,14600,买盘
2036,13:57:25,73.0,0.0,1,7300,买盘
2037,13:57:28,72.84,-0.16,8,58380,卖盘
2038,13:57:31,73.03,0.19,6,43818,买盘
2039,13:57:34,73.05,0.02,2,14608,买盘
2040,13:57:37,73.03,-0.02,5,36519,中性盘
2041,13:57:45,73.0,-0.03,1,7300,买盘
2042,13:57:49,72.82,-0.18,2,13253,卖盘
2043,13:57:55,72.99,0.17,1,7299,买盘
2044,13:57:58,73.0,0.01,1,7300,买盘
2045,13:58:06,73.0,0.0,3,21900,买盘
2046,13:58:15,73.0,0.0,2,14600,买盘
2047,13:58:25,73.0,0.0,2,14600,买盘
2048,13:58:31,73.05,0.05,5,36523,买盘
2049,13:58:37,73.03,-0.02,2,14606,买盘
2050,13:58:45,73.0,-0.03,3,21900,买盘
2051,13:58:55,73.0,0.0,3,21864,买盘
2052,13:58:57,73.0,0.0,9,65700,买盘
2053,13:59:07,73.05,0.05,1,7305,买盘
2054,13:59:16,73.0,-0.05,5,36506,卖盘
2055,13:59:24,73.0,0.0,1,7300,买盘
2056,13:59:37,73.0,0.0,3,21900,买盘
2057,13:59:40,73.02,0.02,3,21902,买盘
2058,13:59:54,73.05,0.03,1,7305,买盘
2059,13:59:57,73.05,0.0,1,7305,买盘
2060,14:00:00,73.05,0.0,9,65745,买盘
2061,14:00:07,73.05,0.0,2,14610,买盘
2062,14:00:15,73.05,0.0,2,14610,买盘
2063,14:00:19,73.0,-0.05,1,7300,卖盘
2064,14:00:28,72.99,-0.01,1,7299,买盘
2065,14:00:36,73.0,0.01,2,14600,买盘
2066,14:00:46,73.0,0.0,1,7300,买盘
2067,14:00:49,72.99,-0.01,7,51114,卖盘
2068,14:00:57,73.07,0.08,1,7307,买盘
2069,14:01:00,73.07,0.0,1,7307,卖盘
2070,14:01:06,73.09,0.02,1,7309,买盘
2071,14:01:10,73.09,0.0,9,65773,买盘
2072,14:01:15,73.07,-0.02,3,21921,中性盘
2073,14:01:21,73.07,0.0,2,14614,买盘
2074,14:01:25,73.07,0.0,1,7307,买盘
2075,14:01:31,73.07,0.0,2,14614,买盘
2076,14:01:36,73.07,0.0,3,21921,买盘
2077,14:01:40,73.07,0.0,1,7307,买盘
2078,14:01:43,73.0,-0.07,2,14600,卖盘
2079,14:01:46,73.0,0.0,2,14600,买盘
2080,14:01:48,73.0,0.0,1,7300,买盘
2081,14:01:57,73.0,0.0,2,14600,买盘
2082,14:02:04,73.0,0.0,1,7300,买盘
2083,14:02:07,73.0,0.0,3,21900,买盘
2084,14:02:15,72.99,-0.01,7,51093,买盘
2085,14:02:19,72.85,-0.14,2,14584,卖盘
2086,14:02:28,72.99,0.14,2,14598,买盘
2087,14:02:36,72.99,0.0,2,14598,买盘
2088,14:02:49,72.99,0.0,2,14598,买盘
2089,14:02:58,72.99,0.0,3,21897,买盘
2090,14:03:07,72.99,0.0,2,14598,买盘
2091,14:03:19,72.99,0.0,2,14598,买盘
2092,14:03:25,73.05,0.06,7,51135,买盘
2093,14:03:28,73.05,0.0,2,14610,买盘
2094,14:03:37,73.05,0.0,2,14610,买盘
2095,14:03:49,73.05,0.0,2,14610,买盘
2096,14:03:57,73.05,0.0,1,7305,买盘
2097,14:04:07,73.05,0.0,4,29220,买盘
2098,14:04:16,73.05,0.0,1,7305,买盘
2099,14:04:18,72.85,-0.2,8,58280,卖盘
2100,14:04:25,73.05,0.2,6,43830,买盘
2101,14:04:27,73.05,0.0,3,21915,买盘
2102,14:04:37,73.05,0.0,4,29218,买盘
2103,14:04:49,73.05,0.0,4,29224,卖盘
2104,14:04:58,73.08,0.03,2,14616,买盘
2105,14:05:01,73.05,-0.03,8,58440,卖盘
2106,14:05:07,73.05,0.0,2,14610,买盘
2107,14:05:12,73.05,0.0,1,7305,卖盘
2108,14:05:16,73.08,0.03,2,14616,买盘
2109,14:05:28,73.08,0.0,1,7308,买盘
2110,14:05:37,73.09,0.01,2,14618,买盘
2111,14:05:48,73.09,0.0,2,14618,买盘
2112,14:05:52,73.08,-0.01,1,7308,卖盘
2113,14:05:58,73.08,0.0,1,7308,买盘
2114,14:06:07,73.08,0.0,1,7308,买盘
2115,14:06:15,73.08,0.0,3,21924,卖盘
2116,14:06:25,73.08,0.0,7,51156,买盘
2117,14:06:28,73.08,0.0,3,21924,买盘
2118,14:06:37,73.08,0.0,2,14616,买盘
2119,14:06:49,73.09,0.01,2,14618,买盘
2120,14:06:55,73.08,-0.01,1,7308,卖盘
2121,14:06:58,73.08,0.0,2,14616,买盘
2122,14:07:04,73.04,-0.04,1,7304,卖盘
2123,14:07:07,73.08,0.04,3,21924,买盘
2124,14:07:10,73.04,-0.04,4,29216,卖盘
2125,14:07:16,73.03,-0.01,2,14606,买盘
2126,14:07:19,72.74,-0.29,1,7274,卖盘
2127,14:07:27,73.03,0.29,2,14606,买盘
2128,14:07:37,73.03,0.0,1,7303,买盘
2129,14:07:40,72.8,-0.23,1,7280,卖盘
2130,14:07:46,72.77,-0.03,1,7277,买盘
2131,14:07:48,72.77,0.0,3,21831,买盘
2132,14:07:58,72.77,0.0,2,14554,买盘
2133,14:08:01,73.03,0.26,2,14605,买盘
2134,14:08:07,73.03,0.0,1,7303,买盘
2135,14:08:12,73.03,0.0,2,14606,卖盘
2136,14:08:16,73.03,0.0,5,36515,买盘
2137,14:08:18,73.02,-0.01,1,7302,中性盘
2138,14:08:28,73.03,0.01,3,21909,买盘
2139,14:08:39,73.03,0.0,7,51121,买盘
2140,14:08:49,72.78,-0.25,5,36390,卖盘
2141,14:08:57,73.02,0.24,1,7302,买盘
2142,14:09:12,73.03,0.01,8,58423,买盘
2143,14:09:16,73.03,0.0,7,51121,买盘
2144,14:10:07,73.03,0.0,1,7303,中性盘
2145,14:10:19,72.8,-0.23,1,7280,卖盘
2146,14:10:24,73.02,0.22,7,51114,中性盘
2147,14:10:28,72.81,-0.21,1,7281,卖盘
2148,14:10:46,72.8,-0.01,5,36402,卖盘
2149,14:11:10,72.99,0.19,1,7299,买盘
2150,14:11:15,72.99,0.0,5,36495,卖盘
2151,14:11:18,72.99,0.0,4,29198,卖盘
2152,14:11:28,72.99,0.0,3,21897,买盘
2153,14:11:40,72.99,0.0,2,14598,买盘
2154,14:11:49,72.98,-0.01,2,14596,买盘
2155,14:11:58,72.98,0.0,2,14596,买盘
2156,14:12:04,72.8,-0.18,5,36401,卖盘
2157,14:12:07,72.97,0.17,1,7297,买盘
2158,14:12:10,72.98,0.01,2,14595,买盘
2159,14:12:19,72.98,0.0,1,7298,买盘
2160,14:12:28,72.98,0.0,3,21894,买盘
2161,14:12:31,72.98,0.0,2,14596,买盘
2162,14:12:37,72.8,-0.18,13,94641,卖盘
2163,14:12:39,72.8,0.0,17,123760,买盘
2164,14:12:49,72.8,0.0,4,29119,买盘
2165,14:12:55,72.8,0.0,1,7280,买盘
2166,14:12:58,72.8,0.0,3,21840,买盘
2167,14:13:01,72.8,0.0,2,14560,买盘
2168,14:13:04,72.8,0.0,4,29120,买盘
2169,14:13:18,72.98,0.18,3,21876,买盘
2170,14:13:22,72.8,-0.18,1,7280,卖盘
2171,14:13:27,72.98,0.18,2,14596,买盘
2172,14:13:39,72.98,0.0,1,7298,买盘
2173,14:13:43,72.98,0.0,2,14596,卖盘
2174,14:13:49,72.98,0.0,2,14596,买盘
2175,14:13:58,72.98,0.0,2,14596,买盘
2176,14:14:01,72.98,0.0,1,7298,买盘
2177,14:14:10,72.98,0.0,2,14596,买盘
2178,14:14:19,72.99,0.01,2,14580,买盘
2179,14:14:31,72.99,0.0,1,7299,买盘
2180,14:14:40,73.0,0.01,2,14600,买盘
2181,14:14:46,73.01,0.01,9,65706,买盘
2182,14:14:58,72.99,-0.02,5,36498,卖盘
2183,14:15:01,73.01,0.02,1,7301,买盘
2184,14:15:07,73.01,0.0,7,51107,买盘
2185,14:15:10,73.01,0.0,2,14602,买盘
2186,14:15:19,73.01,0.0,2,14599,买盘
2187,14:15:31,73.02,0.01,2,14604,买盘
2188,14:15:39,73.02,0.0,1,7302,买盘
2189,14:15:49,73.03,0.01,2,14606,买盘
2190,14:15:52,73.03,0.0,6,43818,买盘
2191,14:15:55,73.03,0.0,1,7303,买盘
2192,14:16:01,73.03,0.0,1,7303,买盘
2193,14:16:04,73.03,0.0,1,7303,买盘
2194,14:16:07,73.03,0.0,1,7303,买盘
2195,14:16:10,73.03,0.0,3,21909,买盘
2196,14:16:19,73.03,0.0,2,14605,买盘
2197,14:16:31,73.04,0.01,2,14608,买盘
2198,14:16:34,73.02,-0.02,8,58417,卖盘
2199,14:16:36,72.98,-0.04,5,36490,买盘
2200,14:16:39,72.98,0.0,2,14596,买盘
2201,14:16:46,72.98,0.0,1,7298,买盘
2202,14:16:49,72.98,0.0,2,14596,买盘
2203,14:17:00,73.04,0.06,2,14608,买盘
2204,14:17:10,73.04,0.0,1,7304,买盘
2205,14:17:19,73.03,-0.01,2,14586,买盘
2206,14:17:31,73.03,0.0,3,21910,卖盘
2207,14:17:39,73.03,0.0,3,21909,买盘
2208,14:17:49,73.03,0.0,2,14606,买盘
2209,14:18:00,73.04,0.01,2,14608,买盘
2210,14:18:07,73.03,-0.01,1,7303,买盘
2211,14:18:19,73.04,0.01,2,14608,买盘
2212,14:18:28,73.03,-0.01,2,14606,卖盘
2213,14:18:31,73.02,-0.01,8,58416,买盘
2214,14:18:34,73.03,0.01,2,14606,买盘
2215,14:18:49,73.04,0.01,1,7304,买盘
2216,14:18:52,73.03,-0.01,2,14606,卖盘
2217,14:18:58,73.03,0.0,1,7303,买盘
2218,14:19:01,73.03,0.0,3,21909,买盘
2219,14:19:10,73.03,0.0,1,7303,买盘
2220,14:19:19,73.03,0.0,3,21909,买盘
2221,14:19:31,73.03,0.0,1,7303,买盘
2222,14:19:40,73.02,-0.01,3,21906,买盘
2223,14:19:49,73.03,0.01,2,14606,买盘
2224,14:20:01,73.03,0.0,2,14606,买盘
2225,14:20:10,73.04,0.01,2,14608,买盘
2226,14:20:18,73.04,0.0,2,14606,买盘
2227,14:20:24,73.04,0.0,12,87662,卖盘
2228,14:20:31,73.02,-0.02,2,14604,买盘
2229,14:20:40,73.03,0.01,1,7303,买盘
2230,14:20:48,73.06,0.03,1,7306,买盘
2231,14:21:01,73.06,0.0,4,29224,买盘
2232,14:21:10,73.05,-0.01,2,14610,买盘
2233,14:21:19,73.06,0.01,3,21915,买盘
2234,14:21:30,73.06,0.0,8,58448,买盘
2235,14:21:40,73.06,0.0,1,7306,买盘
2236,14:21:42,73.03,-0.03,6,43818,卖盘
2237,14:21:51,73.02,-0.01,3,21906,买盘
2238,14:22:00,73.02,0.0,1,7302,中性盘
2239,14:22:06,73.03,0.01,1,7303,买盘
2240,14:22:09,73.03,0.0,3,21909,买盘
2241,14:22:19,73.02,-0.01,1,7302,卖盘
2242,14:22:21,73.03,0.01,1,7303,买盘
2243,14:22:31,73.06,0.03,3,21918,买盘
2244,14:22:36,73.06,0.0,33,241098,买盘
2245,14:22:40,73.06,0.0,3,21910,买盘
2246,14:22:45,73.02,-0.04,12,87624,卖盘
2247,14:22:51,73.02,0.0,2,14604,买盘
2248,14:23:01,73.06,0.04,1,7306,买盘
2249,14:23:09,73.08,0.02,2,14615,买盘
2250,14:23:13,73.06,-0.02,1,7306,卖盘
2251,14:23:21,73.08,0.02,2,14616,买盘
2252,14:23:31,73.07,-0.01,2,14614,买盘
2253,14:23:37,73.06,-0.01,1,7306,卖盘
2254,14:23:39,73.08,0.02,1,7308,买盘
2255,14:23:42,73.06,-0.02,5,36530,卖盘
2256,14:23:52,73.06,0.0,1,7306,买盘
2257,14:24:01,73.08,0.02,1,7308,买盘
2258,14:24:09,73.08,0.0,4,29232,买盘
2259,14:24:16,73.06,-0.02,3,21918,卖盘
2260,14:24:19,73.06,0.0,1,7306,卖盘
2261,14:24:21,73.08,0.02,1,7308,买盘
2262,14:24:25,73.06,-0.02,1,7306,卖盘
2263,14:24:31,73.08,0.02,4,29232,买盘
2264,14:24:34,73.08,0.0,4,29232,买盘
2265,14:24:40,73.08,0.0,2,14615,买盘
2266,14:24:52,73.08,0.0,2,14616,买盘
2267,14:25:00,73.08,0.0,2,14616,买盘
2268,14:25:10,73.08,0.0,2,14616,买盘
2269,14:25:19,73.06,-0.02,1,7306,卖盘
2270,14:25:21,73.08,0.02,2,14616,买盘
2271,14:25:31,73.08,0.0,2,14616,买盘
2272,14:25:37,73.08,0.0,1,7308,买盘
2273,14:25:40,73.08,0.0,2,14616,买盘
2274,14:25:51,73.08,0.0,2,14616,买盘
2275,14:25:55,73.08,0.0,10,73080,买盘
2276,14:26:01,73.08,0.0,2,14616,买盘
2277,14:26:07,73.08,0.0,2,14616,买盘
2278,14:26:10,73.07,-0.01,7,51151,卖盘
2279,14:26:13,73.08,0.01,1,7308,买盘
2280,14:26:16,73.08,0.0,4,29232,买盘
2281,14:26:18,73.07,-0.01,6,43850,卖盘
2282,14:26:22,73.09,0.02,5,36543,买盘
2283,14:26:28,73.09,0.0,2,14618,买盘
2284,14:26:31,73.09,0.0,1,7309,买盘
2285,14:26:40,73.09,0.0,3,21927,买盘
2286,14:26:51,73.09,0.0,1,7309,买盘
2287,14:26:54,73.09,0.0,3,21927,买盘
2288,14:27:01,73.09,0.0,6,43854,买盘
2289,14:27:04,73.09,0.0,1,7309,卖盘
2290,14:27:10,73.09,0.0,1,7309,买盘
2291,14:27:15,73.09,0.0,1,7309,买盘
2292,14:27:19,73.08,-0.01,2,14616,卖盘
2293,14:27:22,73.07,-0.01,2,14614,买盘
2294,14:27:31,73.08,0.01,2,14616,买盘
2295,14:27:36,73.08,0.0,10,73080,买盘
2296,14:27:42,73.08,0.0,1,7308,买盘
2297,14:27:52,73.09,0.01,3,21926,买盘
2298,14:28:01,73.09,0.0,2,14618,买盘
2299,14:28:04,73.09,0.0,1,7309,买盘
2300,14:28:13,73.09,0.0,2,14618,买盘
2301,14:28:19,73.09,0.0,1,7309,买盘
2302,14:28:22,73.08,-0.01,13,95007,卖盘
2303,14:28:30,73.09,0.01,1,7309,买盘
2304,14:28:43,73.09,0.0,3,21927,买盘
2305,14:28:52,73.1,0.01,1,7310,买盘
2306,14:29:00,73.1,0.0,3,21930,买盘
2307,14:29:13,73.1,0.0,1,7310,买盘
2308,14:29:15,73.17,0.07,8,58483,买盘
2309,14:29:22,73.07,-0.1,1,7307,买盘
2310,14:29:31,73.17,0.1,2,14634,买盘
2311,14:29:42,73.17,0.0,2,14634,买盘
2312,14:29:52,73.17,0.0,2,14634,买盘
2313,14:30:01,73.18,0.01,3,21954,买盘
2314,14:30:13,73.18,0.0,1,7318,买盘
2315,14:30:15,73.1,-0.08,4,29240,卖盘
2316,14:30:21,73.1,0.0,14,102339,买盘
2317,14:30:31,73.1,0.0,2,14620,买盘
2318,14:30:43,73.1,0.0,2,14620,买盘
2319,14:30:52,73.1,0.0,2,14620,买盘
2320,14:31:00,73.1,0.0,1,7310,买盘
2321,14:31:10,72.94,-0.16,5,36470,卖盘
2322,14:31:13,73.1,0.16,3,21926,买盘
2323,14:31:22,73.1,0.0,2,14620,买盘
2324,14:31:30,73.1,0.0,3,21930,买盘
2325,14:31:43,73.1,0.0,1,7310,买盘
2326,14:31:46,72.94,-0.16,3,21882,卖盘
2327,14:31:52,72.94,0.0,4,29176,买盘
2328,14:31:57,72.94,0.0,1,7294,买盘
2329,14:32:01,72.94,0.0,2,14588,买盘
2330,14:32:04,72.94,0.0,1,7294,买盘
2331,14:32:07,72.94,0.0,1,7294,买盘
2332,14:32:09,72.94,0.0,1,7294,买盘
2333,14:32:13,72.94,0.0,3,21882,买盘
2334,14:32:16,72.94,0.0,1,7294,买盘
2335,14:32:18,72.94,0.0,3,21874,买盘
2336,14:32:22,72.94,0.0,1,7294,买盘
2337,14:32:28,72.85,-0.09,17,123873,卖盘
2338,14:32:31,72.85,0.0,6,43710,买盘
2339,14:32:34,72.85,0.0,3,21855,买盘
2340,14:32:36,72.85,0.0,2,14570,买盘
2341,14:32:39,72.85,0.0,1,7285,买盘
2342,14:32:42,72.96,0.11,2,14581,买盘
2343,14:32:52,73.1,0.14,2,14620,买盘
2344,14:33:01,72.98,-0.12,1,7298,中性盘
2345,14:33:04,72.85,-0.13,5,36425,卖盘
2346,14:33:13,72.98,0.13,3,21894,买盘
2347,14:33:21,72.98,0.0,1,7298,买盘
2348,14:33:27,72.84,-0.14,7,50990,卖盘
2349,14:33:31,72.98,0.14,2,14596,买盘
2350,14:33:34,72.98,0.0,1,7298,买盘
2351,14:33:43,72.98,0.0,1,7298,买盘
2352,14:33:51,72.98,0.0,2,14596,买盘
2353,14:33:54,72.98,0.0,1,7298,买盘
2354,14:34:04,72.98,0.0,1,7298,买盘
2355,14:34:10,72.98,0.0,7,51086,买盘
2356,14:34:13,72.8,-0.18,44,320352,卖盘
2357,14:34:15,72.8,0.0,6,43680,买盘
2358,14:34:19,72.8,0.0,1,7280,买盘
2359,14:34:21,72.8,0.0,3,21840,买盘
2360,14:34:24,72.8,0.0,1,7280,买盘
2361,14:34:28,72.8,0.0,4,29120,买盘
2362,14:34:31,72.8,0.0,2,14560,买盘
2363,14:34:33,72.77,-0.03,10,72773,卖盘
2364,14:34:43,72.82,0.05,3,21846,买盘
2365,14:34:51,72.82,0.0,1,7282,买盘
2366,14:34:55,72.82,0.0,1,7282,买盘
2367,14:35:04,72.82,0.0,2,14564,买盘
2368,14:35:12,72.82,0.0,2,14564,买盘
2369,14:35:18,72.8,-0.02,2,14562,卖盘
2370,14:35:22,72.83,0.03,1,7283,买盘
2371,14:35:34,72.97,0.14,2,14594,买盘
2372,14:35:43,72.95,-0.02,2,14590,中性盘
2373,14:35:45,72.83,-0.12,1,7283,卖盘
2374,14:35:51,72.95,0.12,6,43746,买盘
2375,14:36:04,72.95,0.0,2,14590,买盘
2376,14:36:13,72.96,0.01,1,7296,买盘
2377,14:36:19,72.95,-0.01,1,7295,卖盘
2378,14:36:22,72.96,0.01,3,21885,买盘
2379,14:36:30,72.98,0.02,10,72972,买盘
2380,14:36:43,72.98,0.0,3,21894,买盘
2381,14:36:49,72.97,-0.01,1,7297,卖盘
2382,14:36:52,72.98,0.01,2,14596,买盘
2383,14:37:04,72.98,0.0,2,14596,买盘
2384,14:37:10,72.98,0.0,1,7298,买盘
2385,14:37:13,72.98,0.0,3,21894,买盘
2386,14:37:18,72.8,-0.18,1,7280,卖盘
2387,14:37:21,72.8,0.0,2,14578,卖盘
2388,14:37:34,72.98,0.18,2,14596,买盘
2389,14:37:40,72.89,-0.09,1,7289,买盘
2390,14:37:51,72.98,0.09,1,7298,买盘
2391,14:37:55,72.98,0.0,11,80260,买盘
2392,14:37:58,72.98,0.0,1,7298,买盘
2393,14:38:04,72.98,0.0,2,14596,买盘
2394,14:38:34,72.94,-0.04,1,7294,买盘
2395,14:38:36,72.94,0.0,1,7294,买盘
2396,14:38:40,72.94,0.0,1,7294,买盘
2397,14:39:07,72.94,0.0,1,7294,卖盘
2398,14:39:13,72.94,0.0,4,29176,卖盘
2399,14:39:28,72.9,0.0,1,4884,卖盘
2400,14:39:40,72.9,0.0,1,7290,卖盘
2401,14:39:43,72.92,0.02,1,7292,买盘
2402,14:40:00,72.9,0.0,14,102060,卖盘
2403,14:40:10,72.9,0.0,6,43740,买盘
2404,14:40:19,72.89,-0.01,2,14578,卖盘
2405,14:40:25,72.9,0.01,1,7290,买盘
2406,14:41:01,72.89,-0.01,1,7289,卖盘
2407,14:41:07,72.9,0.01,3,21870,买盘
2408,14:41:16,72.9,0.0,1,7290,买盘
2409,14:41:19,72.89,-0.01,1,7289,卖盘
2410,14:41:25,72.9,0.01,1,7290,买盘
2411,14:41:49,72.9,0.0,6,43740,卖盘
2412,14:42:46,72.91,0.01,3,21873,买盘
2413,14:42:58,72.91,0.0,2,14582,买盘
2414,14:43:01,72.66,-0.25,60,436199,卖盘
2415,14:43:19,72.58,-0.08,61,443065,卖盘
2416,14:43:22,72.79,0.21,2,14558,买盘
2417,14:43:37,72.69,-0.1,1,7269,买盘
2418,14:43:43,72.5,-0.19,59,428254,卖盘
2419,14:43:49,72.5,0.0,1,7250,买盘
2420,14:43:57,72.45,-0.05,2,14490,卖盘
2421,14:44:10,72.45,0.0,1,7245,卖盘
2422,14:44:19,72.45,0.0,1,7245,卖盘
2423,14:44:25,72.56,0.11,3,21779,买盘
2424,14:44:31,72.56,0.0,3,21768,买盘
2425,14:44:49,72.56,0.0,10,72570,卖盘
2426,14:44:58,72.62,0.06,2,14524,买盘
2427,14:45:10,72.56,-0.06,4,29024,卖盘
2428,14:45:13,72.53,-0.03,1,7253,买盘
2429,14:45:19,72.53,0.0,1,7253,卖盘
2430,14:45:31,72.56,0.03,1,7256,买盘
2431,14:45:40,72.45,-0.11,11,79698,卖盘
2432,14:45:43,72.45,0.0,3,21735,买盘
2433,14:45:46,72.45,0.0,3,21735,买盘
2434,14:45:49,72.45,0.0,3,21735,买盘
2435,14:45:52,72.45,0.0,7,50854,卖盘
2436,14:45:55,72.45,0.0,1,7245,中性盘
2437,14:45:58,72.9,0.45,1,7290,买盘
2438,14:46:01,72.94,0.04,38,277030,买盘
2439,14:46:04,72.46,-0.48,1,7246,卖盘
2440,14:46:43,72.53,0.07,5,36265,中性盘
2441,14:47:07,72.72,0.17,2,14544,买盘
2442,14:47:16,72.88,0.16,6,43727,买盘
2443,14:47:19,72.6,-0.28,1,7260,卖盘
2444,14:47:28,72.6,0.0,1,2323,卖盘
2445,14:47:55,72.62,0.01,1,7262,卖盘
2446,14:48:16,72.85,0.23,5,36425,买盘
2447,14:48:19,72.62,-0.23,2,14525,卖盘
2448,14:48:58,72.7,0.08,2,14540,买盘
2449,14:49:04,72.7,0.0,2,14540,买盘
2450,14:49:07,72.7,0.0,2,14540,买盘
2451,14:49:10,72.67,-0.03,1,7267,卖盘
2452,14:49:16,72.7,0.03,2,14540,买盘
2453,14:49:19,72.77,0.07,16,116410,买盘
2454,14:49:22,72.85,0.08,4,29140,买盘
2455,14:49:25,72.85,0.0,1,7285,卖盘
2456,14:49:28,72.77,-0.08,1,7277,卖盘
2457,14:49:40,72.88,0.11,40,291488,买盘
2458,14:49:46,72.82,-0.06,1,7282,买盘
2459,14:49:58,72.88,0.06,18,131184,买盘
2460,14:50:10,72.88,0.0,2,14576,买盘
2461,14:50:19,72.8,-0.08,1,7280,卖盘
2462,14:50:22,72.88,0.08,1,7288,买盘
2463,14:50:49,72.88,0.0,5,36440,买盘
2464,14:50:58,72.88,0.0,2,14577,卖盘
2465,14:51:01,72.88,0.0,1,7288,卖盘
2466,14:51:19,72.8,-0.08,2,14561,卖盘
2467,14:51:28,72.85,0.05,2,14570,买盘
2468,14:51:43,72.8,-0.05,2,14565,卖盘
2469,14:51:49,72.8,0.0,8,58240,买盘
2470,14:51:55,72.8,0.0,2,14560,买盘
2471,14:51:58,72.94,0.14,2,14587,买盘
2472,14:52:19,72.81,-0.13,1,7281,卖盘
2473,14:53:19,72.83,0.02,1,7283,卖盘
2474,14:53:34,72.82,-0.01,3,21846,卖盘
2475,14:53:40,72.82,0.0,2,14564,卖盘
2476,14:53:49,72.81,-0.01,11,80096,卖盘
2477,14:53:55,72.78,-0.03,1,7278,卖盘
2478,14:54:04,72.81,0.03,7,50967,买盘
2479,14:54:07,72.81,0.0,1,7281,卖盘
2480,14:54:16,72.81,0.0,2,14562,卖盘
2481,14:54:25,72.81,0.0,3,21843,买盘
2482,14:54:31,72.79,-0.02,1,7279,卖盘
2483,14:54:34,72.81,0.02,3,21843,买盘
2484,14:54:46,72.83,0.02,3,21845,买盘
2485,14:55:01,72.83,0.0,2,14566,买盘
2486,14:55:04,72.83,0.0,1,7283,买盘
2487,14:55:52,72.83,0.0,1,7283,卖盘
2488,14:55:58,72.83,0.0,21,152943,卖盘
2489,14:56:07,72.83,0.0,1,7283,买盘
2490,14:56:10,72.89,0.06,12,87402,买盘
2491,14:56:13,72.83,-0.06,3,21849,卖盘
2492,14:56:19,72.9,0.07,2,14580,买盘
2493,14:56:22,72.83,-0.07,5,36415,卖盘
2494,14:56:31,72.9,0.07,2,14580,买盘
2495,14:56:40,72.9,0.0,1,7290,卖盘
2496,14:56:46,72.83,-0.07,15,109214,卖盘
2497,14:56:52,72.83,0.0,3,21839,中性盘
2498,14:57:01,72.9,0.07,3,21870,买盘
2499,15:00:05,72.9,0.0,59,430110,卖盘
