,time,price,change,volume,amount,type
0,09:25:04,4.82,-0.06,81,39042,卖盘
1,09:30:04,4.81,-0.01,133,63973,卖盘
2,09:30:07,4.81,0.0,123,59163,买盘
3,09:30:16,4.8,-0.01,40,19200,卖盘
4,09:30:22,4.8,0.0,3,1440,买盘
5,09:30:31,4.8,0.0,37,17760,卖盘
6,09:30:34,4.8,0.0,2,960,卖盘
7,09:30:37,4.8,0.0,175,84000,卖盘
8,09:30:46,4.8,0.0,100,48000,买盘
9,09:30:49,4.8,0.0,90,43200,买盘
10,09:31:04,4.8,0.0,31,14880,买盘
11,09:31:31,4.8,0.0,40,19200,买盘
12,09:31:37,4.8,0.0,9,4320,买盘
13,09:31:46,4.8,0.0,5,2400,卖盘
14,09:31:49,4.8,0.0,30,14400,卖盘
15,09:31:55,4.8,0.0,10,4800,卖盘
16,09:32:10,4.8,0.0,79,37920,卖盘
17,09:32:16,4.81,0.01,42,20181,买盘
18,09:32:52,4.8,-0.01,17,8160,卖盘
19,09:32:55,4.8,0.0,300,144000,卖盘
20,09:32:58,4.81,0.01,57,27417,买盘
21,09:33:04,4.8,-0.01,20,9600,卖盘
22,09:33:16,4.81,0.01,7,3367,买盘
23,09:33:19,4.81,0.0,44,21164,买盘
24,09:33:25,4.8,-0.01,68,32640,卖盘
25,09:33:28,4.8,0.0,10,4800,卖盘
26,09:33:49,4.79,-0.01,138,66117,卖盘
27,09:33:55,4.79,0.0,9,4311,买盘
28,09:34:01,4.79,0.0,4,1916,买盘
29,09:34:04,4.79,0.0,2,958,买盘
30,09:34:07,4.78,-0.01,11,5268,卖盘
31,09:34:10,4.79,0.01,6,2874,买盘
32,09:34:13,4.78,-0.01,139,66443,卖盘
33,09:34:16,4.79,0.01,4,1916,买盘
34,09:34:19,4.78,-0.01,41,19598,卖盘
35,09:34:52,4.79,0.01,101,48379,卖盘
36,09:35:01,4.79,0.0,50,23950,卖盘
37,09:36:04,4.79,0.0,21,10059,卖盘
38,09:36:16,4.79,0.0,5,2395,卖盘
39,09:37:12,4.79,0.0,62,29698,卖盘
40,09:37:30,4.79,0.0,20,9580,卖盘
41,09:37:43,4.79,0.0,110,52690,卖盘
42,09:37:55,4.79,0.0,21,10059,卖盘
43,09:37:58,4.79,0.0,24,11496,卖盘
44,09:38:10,4.79,0.0,18,8622,卖盘
45,09:38:16,4.79,0.0,40,19160,卖盘
46,09:38:19,4.78,-0.01,125,59813,卖盘
47,09:38:22,4.79,0.01,1,479,买盘
48,09:38:34,4.78,-0.01,19,9082,卖盘
49,09:38:52,4.78,0.0,97,46366,卖盘
50,09:39:13,4.78,0.0,9,4302,卖盘
51,09:39:16,4.78,0.0,19,9082,卖盘
52,09:40:07,4.78,0.0,103,49234,卖盘
53,09:40:10,4.78,0.0,62,29636,卖盘
54,09:40:16,4.78,0.0,1,478,卖盘
55,09:40:19,4.78,0.0,1,478,卖盘
56,09:40:22,4.78,0.0,1,478,卖盘
57,09:40:25,4.78,0.0,1,478,卖盘
58,09:40:34,4.78,0.0,30,14340,卖盘
59,09:40:49,4.79,0.01,20,9580,买盘
60,09:40:52,4.78,-0.01,22,10516,卖盘
61,09:40:58,4.79,0.01,75,35925,买盘
62,09:41:01,4.79,0.0,20,9580,买盘
63,09:41:19,4.79,0.0,48,22992,买盘
64,09:41:22,4.79,0.0,29,13891,买盘
65,09:41:40,4.79,0.0,20,9580,卖盘
66,09:41:43,4.79,0.0,73,34967,卖盘
67,09:41:49,4.79,0.0,10,4790,买盘
68,09:41:58,4.79,0.0,99,47474,买盘
69,09:42:10,4.79,0.0,50,23950,卖盘
70,09:42:16,4.79,0.0,1,426,买盘
71,09:42:37,4.78,-0.01,2,956,卖盘
72,09:42:46,4.78,0.0,3,1434,卖盘
73,09:43:19,4.78,0.0,80,38240,卖盘
74,09:43:36,4.78,0.0,124,59272,卖盘
75,09:43:48,4.78,0.0,14,6692,卖盘
76,09:44:01,4.79,0.01,100,47900,买盘
77,09:44:04,4.78,-0.01,124,59272,卖盘
78,09:44:19,4.78,0.0,2,956,卖盘
79,09:44:36,4.78,0.0,36,17228,卖盘
80,09:44:46,4.78,0.0,95,45410,卖盘
81,09:44:52,4.78,0.0,31,14818,买盘
82,09:44:55,4.79,0.01,50,23950,买盘
83,09:45:06,4.78,-0.01,7,3346,卖盘
84,09:45:33,4.78,0.0,124,59272,卖盘
85,09:45:46,4.78,0.0,31,14818,卖盘
86,09:45:58,4.78,0.0,124,59272,卖盘
87,09:46:07,4.78,0.0,29,13862,卖盘
88,09:46:34,4.77,-0.01,33,15741,卖盘
89,09:46:37,4.77,0.0,19,9063,卖盘
90,09:47:01,4.77,0.0,386,184122,卖盘
91,09:47:37,4.76,-0.01,120,57120,卖盘
92,09:48:37,4.76,0.0,100,47600,卖盘
93,09:48:52,4.76,0.0,57,27132,卖盘
94,09:48:55,4.75,-0.01,124,58991,卖盘
95,09:49:16,4.75,0.0,200,95000,卖盘
96,09:49:49,4.75,0.0,590,280250,卖盘
97,09:49:58,4.75,0.0,309,146775,卖盘
98,09:50:01,4.74,-0.01,131,62114,卖盘
99,09:50:16,4.75,0.01,50,23750,买盘
100,09:50:31,4.74,-0.01,20,9480,卖盘
101,09:50:34,4.74,0.0,30,14220,卖盘
102,09:50:37,4.74,0.0,20,9480,卖盘
103,09:50:46,4.74,0.0,92,43608,卖盘
104,09:50:49,4.74,0.0,11,5214,卖盘
105,09:50:52,4.75,0.01,37,17568,买盘
106,09:51:07,4.75,0.0,200,95000,买盘
107,09:51:16,4.74,-0.01,8,3792,卖盘
108,09:51:19,4.74,0.0,896,424704,卖盘
109,09:51:25,4.75,0.01,20,9500,买盘
110,09:51:37,4.75,0.0,6,2850,买盘
111,09:52:07,4.76,0.01,39,18564,卖盘
112,09:52:25,4.76,0.0,21,9996,卖盘
113,09:52:43,4.76,0.0,5,2380,买盘
114,09:52:52,4.76,0.0,49,23324,买盘
115,09:52:58,4.76,0.0,1,476,卖盘
116,09:53:05,4.76,0.0,6,2856,买盘
117,09:53:09,4.76,0.0,7,3332,买盘
118,09:53:22,4.76,0.0,21,9996,买盘
119,09:53:28,4.76,0.0,18,8568,买盘
120,09:53:34,4.76,0.0,10,4760,卖盘
121,09:54:31,4.77,0.01,80,38160,买盘
122,09:54:42,4.77,0.0,1,477,卖盘
123,09:54:46,4.77,0.0,4,1908,卖盘
124,09:54:58,4.76,-0.01,10,4760,卖盘
125,09:55:19,4.77,0.01,2,954,买盘
126,09:55:43,4.77,0.0,2,954,买盘
127,09:56:01,4.77,0.0,27,12879,买盘
128,09:56:21,4.77,0.0,1,477,买盘
129,09:56:46,4.77,0.0,132,62964,买盘
130,09:57:19,4.77,0.0,50,23850,买盘
131,09:57:24,4.77,0.0,1,477,卖盘
132,09:57:40,4.77,0.0,20,9540,卖盘
133,09:57:46,4.78,0.01,108,51603,买盘
134,09:57:54,4.76,-0.02,100,47608,卖盘
135,09:59:09,4.76,0.0,2,952,卖盘
136,09:59:27,4.77,0.01,30,14310,卖盘
137,10:00:07,4.77,0.0,10,4770,卖盘
138,10:00:16,4.76,-0.01,119,56691,卖盘
139,10:00:25,4.77,0.01,195,93015,卖盘
140,10:00:40,4.77,0.0,50,23850,买盘
141,10:00:46,4.77,0.0,100,47700,买盘
142,10:00:55,4.76,-0.01,125,59500,卖盘
143,10:00:58,4.77,0.01,224,106724,买盘
144,10:01:09,4.77,0.0,126,59977,买盘
145,10:01:42,4.77,0.0,50,23850,买盘
146,10:01:55,4.77,0.0,84,40068,买盘
147,10:02:16,4.76,-0.01,10,4760,卖盘
148,10:02:46,4.77,0.01,50,23850,买盘
149,10:03:19,4.76,-0.01,5,2380,卖盘
150,10:04:01,4.77,0.01,5,2385,买盘
151,10:04:10,4.76,-0.01,136,64736,卖盘
152,10:05:15,4.76,0.0,29,13813,卖盘
153,10:05:55,4.77,0.01,27,12879,买盘
154,10:07:13,4.77,0.0,30,14310,买盘
155,10:07:48,4.76,-0.01,11,5236,卖盘
156,10:07:55,4.77,0.01,26,12402,买盘
157,10:08:09,4.76,-0.01,246,117096,卖盘
158,10:08:21,4.76,0.0,50,23800,卖盘
159,10:08:57,4.76,0.0,205,97528,卖盘
160,10:09:03,4.76,0.0,7,3332,买盘
161,10:09:16,4.76,0.0,404,192356,买盘
162,10:09:37,4.76,0.0,2,952,卖盘
163,10:10:51,4.77,0.01,66,31482,买盘
164,10:11:13,4.77,0.0,30,14310,买盘
165,10:11:31,4.77,0.0,71,33867,买盘
166,10:11:34,4.77,0.0,6,2862,卖盘
167,10:11:39,4.76,-0.01,138,65663,卖盘
168,10:11:42,4.78,0.02,111,52868,买盘
169,10:13:13,4.78,0.0,150,71700,买盘
170,10:14:43,4.77,-0.01,188,89676,买盘
171,10:15:07,4.77,0.0,312,148824,卖盘
172,10:15:13,4.77,0.0,28,13356,买盘
173,10:15:22,4.77,0.0,100,47700,卖盘
174,10:15:40,4.77,0.0,200,95400,卖盘
175,10:16:22,4.77,0.0,9,4293,卖盘
176,10:17:52,4.77,0.0,300,143100,卖盘
177,10:18:19,4.77,0.0,45,21465,卖盘
178,10:18:55,4.77,0.0,318,151686,卖盘
179,10:19:16,4.76,-0.01,289,137564,卖盘
180,10:19:36,4.76,0.0,69,32844,卖盘
181,10:20:22,4.75,-0.01,10,4750,卖盘
182,10:20:33,4.75,0.0,303,143925,卖盘
183,10:20:49,4.75,0.0,53,25175,卖盘
184,10:21:04,4.76,0.01,193,91868,买盘
185,10:21:13,4.75,-0.01,62,29450,卖盘
186,10:22:01,4.76,0.01,7,3332,买盘
187,10:22:40,4.76,0.0,2,952,买盘
188,10:22:42,4.74,-0.02,500,237105,卖盘
189,10:22:51,4.77,0.03,240,114412,买盘
190,10:23:07,4.77,0.0,31,14787,卖盘
191,10:23:10,4.77,0.0,229,109233,卖盘
192,10:23:36,4.75,-0.02,1,475,卖盘
193,10:24:39,4.75,0.0,21,9975,卖盘
194,10:25:06,4.75,0.0,20,9500,买盘
195,10:25:19,4.74,-0.01,121,57354,卖盘
196,10:25:28,4.74,0.0,13,6162,卖盘
197,10:25:54,4.75,0.01,20,9500,买盘
198,10:26:09,4.74,-0.01,114,54036,卖盘
199,10:26:21,4.74,0.0,10,4740,买盘
200,10:26:54,4.73,-0.01,297,140481,卖盘
201,10:27:10,4.73,0.0,403,190619,卖盘
202,10:27:28,4.72,-0.01,287,135464,卖盘
203,10:27:40,4.72,0.0,8,3776,卖盘
204,10:27:43,4.72,0.0,8,3776,卖盘
205,10:27:45,4.72,0.0,24,11328,卖盘
206,10:28:21,4.71,-0.01,53,24963,卖盘
207,10:28:31,4.72,0.01,10,4720,买盘
208,10:28:43,4.72,0.0,47,22154,买盘
209,10:28:55,4.72,0.0,300,141600,卖盘
210,10:28:57,4.73,0.01,10,4730,买盘
211,10:29:00,4.72,-0.01,9,4248,卖盘
212,10:29:04,4.72,0.0,2,944,卖盘
213,10:29:07,4.72,0.0,153,72216,卖盘
214,10:29:09,4.72,0.0,95,44840,买盘
215,10:29:13,4.71,-0.01,209,98640,卖盘
216,10:29:22,4.72,0.01,2,944,卖盘
217,10:29:43,4.73,0.01,10,4730,买盘
218,10:29:48,4.72,-0.01,24,11328,卖盘
219,10:29:58,4.72,0.0,5,2360,买盘
220,10:30:00,4.72,0.0,4,1888,买盘
221,10:30:46,4.72,0.0,2,944,买盘
222,10:31:09,4.72,0.0,9,4248,买盘
223,10:31:13,4.72,0.0,5,2360,买盘
224,10:31:24,4.72,0.0,5,2360,买盘
225,10:31:34,4.72,0.0,20,9440,买盘
226,10:31:37,4.71,-0.01,50,23550,卖盘
227,10:31:43,4.72,0.01,50,23600,买盘
228,10:31:51,4.72,0.0,13,6136,买盘
229,10:31:57,4.71,-0.01,208,98002,卖盘
230,10:32:10,4.72,0.01,10,4720,卖盘
231,10:32:15,4.71,-0.01,3,1413,卖盘
232,10:32:46,4.72,0.01,49,23128,卖盘
233,10:33:07,4.72,0.0,20,9440,卖盘
234,10:33:09,4.72,0.0,81,38232,卖盘
235,10:33:19,4.71,-0.01,7,3297,卖盘
236,10:33:24,4.73,0.02,21,9933,买盘
237,10:33:40,4.71,-0.02,307,144598,卖盘
238,10:34:52,4.71,0.0,135,63585,卖盘
239,10:34:58,4.71,0.0,3,1413,卖盘
240,10:35:04,4.7,-0.01,174,81782,卖盘
241,10:35:31,4.69,-0.01,54,25326,卖盘
242,10:35:48,4.7,0.01,100,47000,买盘
243,10:36:04,4.69,-0.01,38,17822,卖盘
244,10:36:13,4.69,0.0,248,116312,卖盘
245,10:36:19,4.69,0.0,37,17353,买盘
246,10:36:43,4.68,-0.01,413,193471,卖盘
247,10:36:46,4.68,0.0,78,36504,卖盘
248,10:36:48,4.63,-0.05,380,176660,卖盘
249,10:36:58,4.63,0.0,26,12038,买盘
250,10:37:01,4.63,0.0,8,3704,买盘
251,10:37:18,4.61,-0.02,396,183264,卖盘
252,10:37:37,4.67,0.06,28,13076,买盘
253,10:37:39,4.63,-0.04,52,24102,卖盘
254,10:37:58,4.67,0.04,1,467,买盘
255,10:38:04,4.67,0.0,9,4203,买盘
256,10:38:28,4.68,0.01,1,468,买盘
257,10:38:39,4.67,-0.01,2,934,卖盘
258,10:38:42,4.68,0.01,100,46800,买盘
259,10:38:46,4.67,-0.01,113,52797,卖盘
260,10:39:12,4.68,0.01,41,19188,买盘
261,10:39:34,4.69,0.01,10,4690,买盘
262,10:39:52,4.69,0.0,14,6566,买盘
263,10:39:55,4.69,0.0,10,4690,卖盘
264,10:40:01,4.69,0.0,49,22981,卖盘
265,10:40:10,4.69,0.0,27,12663,卖盘
266,10:40:19,4.7,0.01,17,7984,买盘
267,10:40:25,4.68,-0.02,30,14040,卖盘
268,10:40:46,4.68,0.0,20,9360,卖盘
269,10:41:07,4.68,0.0,69,32292,卖盘
270,10:41:28,4.68,0.0,47,22216,买盘
271,10:41:33,4.68,0.0,4,1853,卖盘
272,10:41:52,4.68,0.0,53,24603,卖盘
273,10:42:04,4.68,0.0,10,4680,买盘
274,10:42:07,4.68,0.0,104,48873,买盘
275,10:43:09,4.68,0.0,10,4680,卖盘
276,10:43:12,4.68,0.0,185,86379,卖盘
277,10:43:31,4.68,0.0,18,8424,买盘
278,10:43:39,4.68,0.0,10,4680,买盘
279,10:43:42,4.67,-0.01,2,934,卖盘
280,10:43:49,4.68,0.01,20,9360,买盘
281,10:44:07,4.68,0.0,106,49608,买盘
282,10:44:33,4.69,0.01,398,185760,买盘
283,10:44:46,4.66,-0.03,16,7456,卖盘
284,10:45:30,4.69,0.03,17,7963,买盘
285,10:45:48,4.69,0.0,15,7035,买盘
286,10:46:04,4.69,0.0,42,19698,买盘
287,10:46:43,4.69,0.0,5,2345,买盘
288,10:47:18,4.68,-0.01,18,8424,卖盘
289,10:47:37,4.68,0.0,35,16380,买盘
290,10:48:13,4.68,0.0,1,468,中性盘
291,10:48:55,4.68,0.0,4,1872,卖盘
292,10:49:16,4.68,0.0,16,7488,买盘
293,10:49:40,4.69,0.01,25,11725,买盘
294,10:50:54,4.68,-0.01,100,46800,卖盘
295,10:51:01,4.68,0.0,4,1872,卖盘
296,10:51:12,4.68,0.0,186,87048,卖盘
297,10:51:31,4.68,0.0,67,31356,卖盘
298,10:52:01,4.67,-0.01,55,25685,卖盘
299,10:52:13,4.67,0.0,43,20081,卖盘
300,10:52:34,4.67,0.0,5,2335,买盘
301,10:54:15,4.67,0.0,10,4670,卖盘
302,10:54:51,4.67,0.0,5,2335,买盘
303,10:55:13,4.66,-0.01,494,230004,卖盘
304,10:55:34,4.66,0.0,6,2996,买盘
305,10:55:39,4.65,-0.01,266,123505,卖盘
306,10:55:51,4.65,0.0,113,52539,买盘
307,10:55:54,4.64,-0.01,200,92800,卖盘
308,10:56:09,4.65,0.01,215,99975,买盘
309,10:56:13,4.65,0.0,245,114125,买盘
310,10:56:24,4.67,0.02,10,4670,买盘
311,10:56:33,4.65,-0.02,9,4185,卖盘
312,10:57:31,4.66,0.01,22,10252,卖盘
313,10:57:37,4.66,0.0,48,22368,买盘
314,10:58:00,4.67,0.01,30,14010,买盘
315,10:59:01,4.67,0.0,116,54172,买盘
316,10:59:16,4.66,-0.01,80,37280,卖盘
317,10:59:21,4.66,0.0,41,19106,买盘
318,10:59:30,4.66,0.0,295,137470,买盘
319,10:59:55,4.66,0.0,1,466,买盘
320,11:00:07,4.66,0.0,2,932,买盘
321,11:01:21,4.67,0.01,26,12142,卖盘
322,11:01:37,4.67,0.0,10,4670,买盘
323,11:02:51,4.67,0.0,1,467,买盘
324,11:03:30,4.66,-0.01,13,6058,卖盘
325,11:03:48,4.67,0.01,5,2335,买盘
326,11:04:25,4.67,0.0,58,27086,买盘
327,11:05:04,4.67,0.0,6,2779,卖盘
328,11:05:36,4.68,0.01,10,4680,买盘
329,11:05:54,4.68,0.0,89,41652,卖盘
330,11:05:58,4.68,0.0,92,43056,卖盘
331,11:06:24,4.68,0.0,3,1405,卖盘
332,11:06:43,4.67,-0.01,50,23350,卖盘
333,11:06:58,4.68,0.01,100,46800,买盘
334,11:07:40,4.68,0.0,37,17316,买盘
335,11:07:54,4.67,-0.01,29,13566,卖盘
336,11:08:37,4.66,-0.01,106,49396,卖盘
337,11:08:52,4.66,0.0,10,4660,卖盘
338,11:08:57,4.66,0.0,62,28892,卖盘
339,11:09:01,4.66,0.0,222,103452,买盘
340,11:09:22,4.66,0.0,2,932,买盘
341,11:09:30,4.66,0.0,82,38212,买盘
342,11:09:43,4.66,0.0,18,8388,卖盘
343,11:10:16,4.66,0.0,20,9320,买盘
344,11:10:22,4.66,0.0,38,17708,买盘
345,11:10:25,4.66,0.0,3,1398,买盘
346,11:10:46,4.65,-0.01,50,23250,卖盘
347,11:10:52,4.66,0.01,10,4660,买盘
348,11:11:33,4.65,-0.01,40,18600,卖盘
349,11:11:55,4.66,0.01,18,8388,买盘
350,11:12:06,4.65,-0.01,140,65100,卖盘
351,11:12:36,4.65,0.0,50,23250,卖盘
352,11:12:54,4.66,0.01,5,2330,买盘
353,11:13:31,4.65,-0.01,20,9300,卖盘
354,11:13:39,4.65,0.0,22,10230,卖盘
355,11:13:51,4.65,0.0,19,8835,卖盘
356,11:14:18,4.65,0.0,1,465,卖盘
357,11:14:37,4.65,0.0,86,39990,卖盘
358,11:14:45,4.65,0.0,3,1395,卖盘
359,11:15:09,4.66,0.01,102,47532,买盘
360,11:15:30,4.65,-0.01,5,2325,卖盘
361,11:15:33,4.66,0.01,11,5126,买盘
362,11:16:01,4.65,-0.01,100,46500,卖盘
363,11:16:22,4.66,0.01,10,4660,买盘
364,11:17:57,4.66,0.0,15,6990,买盘
365,11:18:04,4.66,0.0,10,4660,买盘
366,11:18:13,4.65,-0.01,52,24180,卖盘
367,11:18:31,4.65,0.0,1,465,买盘
368,11:19:31,4.64,-0.01,368,170752,卖盘
369,11:19:55,4.65,0.01,10,4650,买盘
370,11:20:10,4.65,0.0,22,10230,买盘
371,11:20:21,4.64,-0.01,100,46400,卖盘
372,11:20:55,4.65,0.01,15,6975,买盘
373,11:21:04,4.64,-0.01,20,9280,卖盘
374,11:21:19,4.65,0.01,2,930,买盘
375,11:21:49,4.65,0.0,43,19995,买盘
376,11:21:58,4.65,0.0,44,20460,买盘
377,11:23:00,4.65,0.0,10,4650,买盘
378,11:23:22,4.65,0.0,1,465,买盘
379,11:23:28,4.65,0.0,3,1395,买盘
380,11:23:45,4.64,-0.01,40,18560,卖盘
381,11:24:15,4.65,0.01,3,1395,买盘
382,11:25:46,4.65,0.0,75,34875,买盘
383,11:25:49,4.65,0.0,12,5580,买盘
384,11:25:52,4.65,0.0,205,95325,买盘
385,11:26:40,4.65,0.0,295,137175,卖盘
386,11:26:51,4.65,0.0,59,27435,买盘
387,11:27:22,4.66,0.01,5,2330,买盘
388,11:27:48,4.66,0.0,250,116500,买盘
389,11:27:54,4.66,0.0,13,6058,买盘
390,11:28:00,4.66,0.0,1,466,买盘
391,11:28:12,4.66,0.0,10,4660,买盘
392,11:28:16,4.65,-0.01,5,2325,卖盘
393,11:28:40,4.66,0.01,15,6990,买盘
394,13:00:04,4.65,-0.01,500,232500,卖盘
395,13:00:07,4.68,0.03,641,299023,买盘
396,13:00:10,4.66,-0.02,13,6058,卖盘
397,13:01:16,4.67,0.01,30,14010,买盘
398,13:03:42,4.68,0.01,300,140330,买盘
399,13:05:12,4.68,0.0,10,4727,买盘
400,13:08:01,4.68,0.0,12,5616,卖盘
401,13:09:07,4.68,0.0,50,23400,卖盘
402,13:10:06,4.68,0.0,1,468,卖盘
403,13:10:33,4.69,0.01,59,27671,买盘
404,13:11:28,4.7,0.01,194,91180,买盘
405,13:13:12,4.7,0.0,100,47000,买盘
406,13:13:43,4.7,0.0,8,3760,买盘
407,13:14:10,4.7,0.0,22,10340,买盘
408,13:15:06,4.7,0.0,478,224660,卖盘
409,13:15:46,4.7,0.0,500,235000,买盘
410,13:15:49,4.7,0.0,22,10340,买盘
411,13:16:01,4.71,0.01,164,77244,买盘
412,13:17:31,4.72,0.01,1000,472000,买盘
413,13:17:34,4.71,-0.01,6,2826,卖盘
414,13:17:36,4.71,0.0,5,2355,中性盘
415,13:18:34,4.72,0.01,20,9440,买盘
416,13:19:12,4.72,0.0,57,26904,买盘
417,13:20:09,4.71,-0.01,2,942,卖盘
418,13:20:18,4.71,0.0,30,14130,卖盘
419,13:20:43,4.71,0.0,20,9420,买盘
420,13:21:30,4.71,0.0,2,942,卖盘
421,13:21:34,4.71,0.0,11,5181,卖盘
422,13:21:36,4.71,0.0,5,2355,卖盘
423,13:21:43,4.71,0.0,2,942,卖盘
424,13:23:31,4.72,0.01,389,183608,买盘
425,13:24:07,4.73,0.01,300,141900,买盘
426,13:24:21,4.73,0.0,93,43989,买盘
427,13:24:37,4.73,0.0,20,9460,卖盘
428,13:24:43,4.74,0.01,100,47400,买盘
429,13:25:10,4.74,0.0,10,4740,买盘
430,13:26:18,4.74,0.0,223,105702,买盘
431,13:26:40,4.73,-0.01,110,52030,卖盘
432,13:26:43,4.73,0.0,88,41624,买盘
433,13:26:48,4.72,-0.01,11,5192,卖盘
434,13:26:57,4.74,0.02,20,9480,买盘
435,13:27:00,4.74,0.0,10,4740,买盘
436,13:27:18,4.74,0.0,15,7110,买盘
437,13:27:21,4.74,0.0,25,11850,卖盘
438,13:27:30,4.74,0.0,30,14220,卖盘
439,13:27:33,4.75,0.01,500,237480,买盘
440,13:28:22,4.74,-0.01,8,3792,买盘
441,13:29:34,4.73,-0.01,10,4738,卖盘
442,13:30:09,4.73,0.0,3,1419,卖盘
443,13:30:25,4.74,0.01,50,23700,买盘
444,13:30:55,4.75,0.01,154,73150,买盘
445,13:31:07,4.76,0.01,500,238000,买盘
446,13:31:51,4.77,0.01,159,75843,买盘
447,13:32:07,4.8,0.03,1800,862657,买盘
448,13:32:15,4.8,0.0,300,144016,买盘
449,13:32:19,4.8,0.0,152,72960,卖盘
450,13:32:40,4.81,0.01,20,9612,买盘
451,13:32:52,4.81,0.0,207,99546,买盘
452,13:33:04,4.81,0.0,20,9620,卖盘
453,13:33:13,4.81,0.0,226,108706,卖盘
454,13:33:21,4.81,0.0,1,481,买盘
455,13:33:31,4.78,-0.03,2,956,卖盘
456,13:33:37,4.78,0.0,8,3824,买盘
457,13:33:43,4.78,0.0,70,33460,买盘
458,13:34:19,4.8,0.02,55,26400,买盘
459,13:34:31,4.8,0.0,55,26400,卖盘
460,13:34:52,4.82,0.02,242,116482,买盘
461,13:35:04,4.82,0.0,34,16388,卖盘
462,13:35:10,4.8,-0.02,650,312984,卖盘
463,13:35:33,4.8,0.0,395,189600,卖盘
464,13:35:39,4.8,0.0,20,9600,买盘
465,13:35:42,4.8,0.0,309,148320,买盘
466,13:36:09,4.8,0.0,20,9600,买盘
467,13:36:16,4.79,-0.01,87,41673,买盘
468,13:36:52,4.81,0.02,1200,576541,买盘
469,13:36:55,4.78,-0.03,50,23900,卖盘
470,13:37:40,4.81,0.03,193,92820,买盘
471,13:38:04,4.8,-0.01,10,4800,买盘
472,13:38:37,4.81,0.01,51,24531,买盘
473,13:38:43,4.81,0.0,2,962,卖盘
474,13:38:49,4.81,0.0,215,103415,卖盘
475,13:39:01,4.81,0.0,10,4810,卖盘
476,13:39:12,4.82,0.01,314,151348,买盘
477,13:39:19,4.84,0.02,837,404751,买盘
478,13:39:31,4.85,0.01,22,10670,买盘
479,13:39:37,4.87,0.02,281,136510,买盘
480,13:39:39,4.87,0.0,80,38960,卖盘
481,13:39:49,4.87,0.0,30,14610,卖盘
482,13:39:51,4.88,0.01,392,191204,买盘
483,13:39:57,4.88,0.0,82,39996,买盘
484,13:40:00,4.88,0.0,16,7808,卖盘
485,13:40:13,4.88,0.0,187,91256,买盘
486,13:40:27,4.88,0.0,20,9760,买盘
487,13:40:31,4.87,-0.01,2629,1280332,卖盘
488,13:41:04,4.84,-0.03,110,53240,卖盘
489,13:41:31,4.85,0.01,12,5820,买盘
490,13:41:49,4.84,-0.01,75,36300,卖盘
491,13:42:07,4.83,-0.01,84,40572,卖盘
492,13:42:10,4.83,0.0,4,1932,卖盘
493,13:42:16,4.83,0.0,14,6762,买盘
494,13:42:22,4.83,0.0,19,9177,买盘
495,13:42:28,4.83,0.0,5,2415,卖盘
496,13:43:18,4.83,0.0,34,16422,买盘
497,13:43:27,4.83,0.0,3,1449,卖盘
498,13:43:30,4.82,-0.01,200,96473,卖盘
499,13:43:46,4.82,0.0,24,11568,卖盘
500,13:43:55,4.82,0.0,2,964,买盘
501,13:44:19,4.82,0.0,32,15424,卖盘
502,13:44:31,4.82,0.0,26,12532,买盘
503,13:44:37,4.82,0.0,35,16870,买盘
504,13:44:52,4.81,-0.01,10,4810,卖盘
505,13:46:18,4.81,0.0,13,6253,卖盘
506,13:46:21,4.81,0.0,26,12506,卖盘
507,13:46:33,4.81,0.0,24,11544,卖盘
508,13:46:46,4.81,0.0,34,16354,卖盘
509,13:46:57,4.81,0.0,28,13468,卖盘
510,13:47:10,4.8,-0.01,40,19200,卖盘
511,13:47:22,4.8,0.0,20,9600,卖盘
512,13:47:33,4.8,0.0,29,13920,卖盘
513,13:47:45,4.8,0.0,38,18240,卖盘
514,13:47:48,4.8,0.0,28,13440,卖盘
515,13:47:58,4.8,0.0,26,12480,卖盘
516,13:48:09,4.8,0.0,35,16800,卖盘
517,13:48:21,4.8,0.0,10,4800,卖盘
518,13:48:33,4.79,-0.01,34,16286,卖盘
519,13:48:40,4.8,0.01,4,1920,买盘
520,13:48:46,4.79,-0.01,22,10538,卖盘
521,13:48:48,4.8,0.01,12,5760,买盘
522,13:48:57,4.79,-0.01,31,14849,卖盘
523,13:49:06,4.81,0.02,95,45695,买盘
524,13:49:10,4.79,-0.02,39,18681,卖盘
525,13:49:13,4.79,0.0,18,8622,卖盘
526,13:49:21,4.79,0.0,31,14849,卖盘
527,13:49:27,4.82,0.03,2,964,买盘
528,13:49:34,4.8,-0.02,38,18240,卖盘
529,13:49:45,4.8,0.0,22,10560,卖盘
530,13:49:49,4.8,0.0,5,2400,买盘
531,13:49:58,4.8,0.0,4,1920,卖盘
532,13:50:01,4.8,0.0,32,15360,买盘
533,13:50:09,4.79,-0.01,24,11496,卖盘
534,13:50:15,4.8,0.01,100,48000,买盘
535,13:50:21,4.79,-0.01,25,11975,卖盘
536,13:50:34,4.79,0.0,25,11999,卖盘
537,13:50:39,4.79,0.0,8,3832,买盘
538,13:50:45,4.78,-0.01,22,10516,卖盘
539,13:50:58,4.79,0.01,31,14849,卖盘
540,13:51:10,4.79,0.0,37,17723,卖盘
541,13:51:12,4.79,0.0,2,958,买盘
542,13:51:21,4.79,0.0,40,19160,卖盘
543,13:51:34,4.79,0.0,27,12933,卖盘
544,13:51:45,4.8,0.01,37,17760,卖盘
545,13:51:49,4.82,0.02,125,60250,买盘
546,13:51:57,4.8,-0.02,25,12000,卖盘
547,13:52:09,4.8,0.0,33,15840,卖盘
548,13:52:22,4.8,0.0,25,12000,卖盘
549,13:52:28,4.84,0.04,87,42108,买盘
550,13:52:33,4.8,-0.04,32,15360,卖盘
551,13:52:46,4.8,0.0,32,15360,卖盘
552,13:55:04,4.83,0.03,25,12075,中性盘
553,13:58:31,4.82,-0.01,92,44344,卖盘
554,13:58:40,4.82,0.0,30,14460,卖盘
555,13:59:52,4.82,0.0,2,964,卖盘
556,14:00:00,4.82,0.0,10,4820,卖盘
557,14:00:12,4.82,0.0,30,14460,卖盘
558,14:01:16,4.82,0.0,7,3374,卖盘
559,14:01:24,4.83,0.01,183,88389,买盘
560,14:01:31,4.82,-0.01,286,137601,卖盘
561,14:01:48,4.83,0.01,40,19320,买盘
562,14:01:52,4.83,0.0,10,4830,买盘
563,14:01:55,4.83,0.0,4,1932,买盘
564,14:01:57,4.83,0.0,3,1449,买盘
565,14:02:04,4.84,0.01,41,19844,买盘
566,14:02:10,4.84,0.0,1,484,买盘
567,14:02:36,4.84,0.0,33,15972,买盘
568,14:02:52,4.85,0.01,111,53835,买盘
569,14:03:07,4.85,0.0,50,24250,买盘
570,14:03:10,4.85,0.0,19,9215,买盘
571,14:03:24,4.85,0.0,10,4850,卖盘
572,14:03:28,4.85,0.0,45,21825,卖盘
573,14:03:34,4.85,0.0,23,11456,卖盘
574,14:03:37,4.85,0.0,3,1154,卖盘
575,14:03:46,4.85,0.0,20,9700,买盘
576,14:04:04,4.84,-0.01,50,24200,卖盘
577,14:05:28,4.85,0.01,21,10185,买盘
578,14:05:46,4.84,-0.01,258,124926,卖盘
579,14:06:01,4.85,0.01,72,34920,买盘
580,14:06:07,4.84,-0.01,100,48400,卖盘
581,14:06:31,4.84,0.0,50,24200,卖盘
582,14:06:34,4.84,0.0,12,5808,卖盘
583,14:06:37,4.84,0.0,14,6776,卖盘
584,14:06:58,4.83,-0.01,200,96600,卖盘
585,14:07:18,4.83,0.0,50,24150,卖盘
586,14:07:43,4.83,0.0,3,1449,卖盘
587,14:08:42,4.82,-0.01,35,16870,卖盘
588,14:08:54,4.82,0.0,21,10132,卖盘
589,14:08:57,4.82,0.0,53,25546,卖盘
590,14:10:28,4.82,0.0,1,482,卖盘
591,14:10:34,4.82,0.0,2,964,买盘
592,14:10:52,4.82,0.0,42,20244,买盘
593,14:10:58,4.82,0.0,4,1928,买盘
594,14:11:01,4.82,0.0,14,6748,买盘
595,14:11:07,4.82,0.0,2,964,买盘
596,14:11:16,4.83,0.01,53,25564,买盘
597,14:11:19,4.82,-0.01,6,2892,卖盘
598,14:11:25,4.82,0.0,3,1446,卖盘
599,14:11:43,4.83,0.01,200,96600,买盘
600,14:12:13,4.83,0.0,29,14007,买盘
601,14:12:31,4.83,0.0,2,966,卖盘
602,14:12:51,4.84,0.01,11,5324,买盘
603,14:13:04,4.83,-0.01,30,14490,卖盘
604,14:13:07,4.84,0.01,40,19360,买盘
605,14:13:28,4.85,0.01,500,242336,买盘
606,14:14:01,4.84,-0.01,10,4840,买盘
607,14:14:13,4.84,0.0,3,1452,买盘
608,14:14:19,4.84,0.0,3,1452,卖盘
609,14:14:28,4.84,0.0,14,6776,卖盘
610,14:14:46,4.84,0.0,36,17424,买盘
611,14:16:01,4.84,0.0,10,4840,买盘
612,14:16:33,4.84,0.0,44,21296,买盘
613,14:17:01,4.85,0.01,44,21340,买盘
614,14:17:13,4.85,0.0,20,9700,买盘
615,14:17:18,4.85,0.0,34,16490,买盘
616,14:17:31,4.85,0.0,114,55290,买盘
617,14:17:37,4.85,0.0,3,1455,买盘
618,14:17:43,4.85,0.0,2,970,卖盘
619,14:18:01,4.85,0.0,4,1940,买盘
620,14:18:09,4.85,0.0,2,970,卖盘
621,14:18:24,4.85,0.0,3,1455,买盘
622,14:18:34,4.85,0.0,6,2910,卖盘
623,14:18:52,4.85,0.0,57,27645,卖盘
624,14:19:04,4.85,0.0,10,4850,买盘
625,14:19:13,4.85,0.0,10,4850,买盘
626,14:19:16,4.85,0.0,57,27645,买盘
627,14:19:25,4.85,0.0,31,15035,卖盘
628,14:19:43,4.85,0.0,4,1940,卖盘
629,14:19:57,4.85,0.0,50,24250,卖盘
630,14:20:12,4.85,0.0,2,970,卖盘
631,14:20:25,4.85,0.0,10,4850,卖盘
632,14:20:34,4.85,0.0,10,4850,卖盘
633,14:20:45,4.85,0.0,7,3395,卖盘
634,14:21:04,4.85,0.0,1,485,卖盘
635,14:21:10,4.85,0.0,1,485,卖盘
636,14:21:27,4.85,0.0,18,8730,卖盘
637,14:21:49,4.85,0.0,34,16490,卖盘
638,14:22:04,4.84,-0.01,20,9680,卖盘
639,14:22:21,4.84,0.0,40,19360,卖盘
640,14:22:39,4.84,0.0,163,78892,卖盘
641,14:22:46,4.84,0.0,253,122452,卖盘
642,14:23:01,4.83,-0.01,20,9660,卖盘
643,14:23:10,4.83,0.0,8,3864,卖盘
644,14:23:13,4.84,0.01,216,104544,买盘
645,14:23:16,4.83,-0.01,58,28014,卖盘
646,14:23:18,4.82,-0.01,550,265100,卖盘
647,14:23:55,4.82,0.0,6,2892,卖盘
648,14:24:25,4.82,0.0,9,4338,卖盘
649,14:24:46,4.83,0.01,42,20286,买盘
650,14:24:51,4.83,0.0,8,3864,卖盘
651,14:25:00,4.83,0.0,12,5796,买盘
652,14:26:51,4.84,0.01,10,4840,买盘
653,14:27:27,4.84,0.0,71,34364,买盘
654,14:27:37,4.84,0.0,25,12100,卖盘
655,14:27:54,4.84,0.0,14,6776,卖盘
656,14:29:30,4.84,0.0,3,1452,买盘
657,14:29:52,4.84,0.0,10,4840,买盘
658,14:31:28,4.83,-0.01,11,5313,卖盘
659,14:32:04,4.83,0.0,15,7245,买盘
660,14:32:07,4.84,0.01,74,35766,买盘
661,14:32:49,4.83,-0.01,130,62790,卖盘
662,14:33:12,4.83,0.0,117,56511,买盘
663,14:33:25,4.86,0.03,419,203117,买盘
664,14:33:42,4.86,0.0,33,16038,买盘
665,14:34:31,4.86,0.0,35,16960,买盘
666,14:35:22,4.85,-0.01,94,45590,买盘
667,14:35:31,4.86,0.01,90,43740,买盘
668,14:35:40,4.86,0.0,6,2916,买盘
669,14:35:57,4.85,-0.01,1,485,卖盘
670,14:36:06,4.85,0.0,100,48500,卖盘
671,14:36:28,4.85,0.0,10,4850,卖盘
672,14:36:54,4.85,0.0,50,24250,卖盘
673,14:37:01,4.86,0.01,19,9234,买盘
674,14:37:13,4.85,-0.01,1,485,卖盘
675,14:37:25,4.85,0.0,25,12125,卖盘
676,14:37:43,4.84,-0.01,1,484,卖盘
677,14:38:19,4.84,0.0,6,2904,卖盘
678,14:38:24,4.84,0.0,1,484,买盘
679,14:38:30,4.84,0.0,1,484,买盘
680,14:38:37,4.84,0.0,1,484,买盘
681,14:38:43,4.84,0.0,1,484,买盘
682,14:38:45,4.84,0.0,1,484,买盘
683,14:38:48,4.84,0.0,1,484,买盘
684,14:38:52,4.84,0.0,1,484,买盘
685,14:38:55,4.84,0.0,1,484,买盘
686,14:38:58,4.84,0.0,1,484,买盘
687,14:39:28,4.83,-0.01,5,2415,卖盘
688,14:39:58,4.84,0.01,58,28072,买盘
689,14:40:07,4.84,0.0,1,484,卖盘
690,14:40:18,4.84,0.0,430,208754,卖盘
691,14:41:40,4.84,0.0,256,123904,买盘
692,14:41:48,4.84,0.0,230,111320,卖盘
693,14:41:55,4.84,0.0,5,2420,卖盘
694,14:41:58,4.84,0.0,9,4356,卖盘
695,14:42:07,4.84,0.0,321,155364,买盘
696,14:42:09,4.84,0.0,179,86636,卖盘
697,14:42:15,4.84,0.0,120,58080,买盘
698,14:42:28,4.84,0.0,271,131164,买盘
699,14:42:30,4.84,0.0,229,110836,卖盘
700,14:43:55,4.83,-0.01,33,15939,卖盘
701,14:43:58,4.83,0.0,13,6279,卖盘
702,14:44:01,4.83,0.0,1,483,卖盘
703,14:44:58,4.82,-0.01,307,148146,卖盘
704,14:45:37,4.82,0.0,81,39042,买盘
705,14:46:33,4.81,-0.01,30,14430,卖盘
706,14:46:36,4.82,0.01,20,9640,买盘
707,14:46:46,4.84,0.02,61,29478,买盘
708,14:48:28,4.82,-0.02,28,13496,卖盘
709,14:49:21,4.83,0.01,99,47817,买盘
710,14:50:01,4.83,0.0,3,1449,买盘
711,14:50:33,4.82,-0.01,200,96400,卖盘
712,14:51:04,4.81,-0.01,400,192400,卖盘
713,14:51:12,4.81,0.0,30,14430,卖盘
714,14:51:25,4.81,0.0,200,96200,卖盘
715,14:51:31,4.82,0.01,2,964,买盘
716,14:51:40,4.83,0.01,27,13041,买盘
717,14:52:00,4.82,-0.01,2,964,买盘
718,14:52:09,4.83,0.01,4,1932,买盘
719,14:52:52,4.81,-0.02,10,4810,卖盘
720,14:53:22,4.81,0.0,40,19260,卖盘
721,14:54:19,4.82,0.01,8,3856,买盘
722,14:54:46,4.82,0.0,10,4820,买盘
723,14:54:58,4.82,0.0,22,10604,买盘
724,14:55:28,4.82,0.0,20,9640,卖盘
725,14:56:06,4.82,0.0,48,23136,卖盘
726,14:56:18,4.83,0.01,40,19320,买盘
727,14:56:51,4.82,-0.01,7,3374,卖盘
728,14:57:04,4.82,0.0,97,46754,卖盘
729,15:00:04,4.85,0.03,2014,976790,卖盘
