,time,price,change,volume,amount,type
0,09:25:04,9.65,0.1,133,128345,卖盘
1,09:30:04,9.6,-0.05,20,19200,卖盘
2,09:30:07,9.64,0.04,10,9640,买盘
3,09:30:10,9.59,-0.05,8,7679,中性盘
4,09:30:19,9.6,0.01,3,2880,买盘
5,09:30:28,9.6,0.0,1,960,买盘
6,09:30:31,9.6,0.0,31,29760,买盘
7,09:30:43,9.6,0.0,22,21128,卖盘
8,09:30:46,9.61,0.01,1,961,买盘
9,09:30:49,9.62,0.01,3,2885,买盘
10,09:30:55,9.62,0.0,1,962,买盘
11,09:31:01,9.62,0.0,2,1924,卖盘
12,09:31:04,9.63,0.01,28,26939,买盘
13,09:31:06,9.61,-0.02,1,961,卖盘
14,09:31:13,9.62,0.01,2,1924,卖盘
15,09:31:16,9.6,-0.02,43,41285,卖盘
16,09:31:19,9.6,0.0,12,11520,买盘
17,09:31:31,9.59,-0.01,4,3838,卖盘
18,09:31:34,9.59,0.0,22,21098,买盘
19,09:31:37,9.6,0.01,3,2880,买盘
20,09:31:43,9.6,0.0,1,960,卖盘
21,09:31:46,9.6,0.0,2,1920,中性盘
22,09:31:49,9.6,0.0,1,960,买盘
23,09:31:52,9.59,-0.01,3,2877,卖盘
24,09:31:58,9.59,0.0,1,959,卖盘
25,09:32:01,9.6,0.01,8,7680,买盘
26,09:32:07,9.59,-0.01,2,1918,卖盘
27,09:32:10,9.6,0.01,1,960,买盘
28,09:32:19,9.62,0.02,1,962,买盘
29,09:32:22,9.6,-0.02,3,2880,卖盘
30,09:32:31,9.63,0.03,25,24053,买盘
31,09:32:40,9.62,-0.01,1,962,卖盘
32,09:32:43,9.63,0.01,9,8667,买盘
33,09:32:46,9.63,0.0,2,1926,买盘
34,09:32:49,9.63,0.0,2,1926,买盘
35,09:32:58,9.62,-0.01,20,19240,卖盘
36,09:33:01,9.63,0.01,2,1926,买盘
37,09:33:04,9.62,-0.01,10,9620,卖盘
38,09:33:07,9.63,0.01,3,2888,买盘
39,09:33:10,9.63,0.0,21,20223,买盘
40,09:33:13,9.63,0.0,6,5778,买盘
41,09:33:19,9.64,0.01,1,964,买盘
42,09:33:25,9.64,0.0,14,13496,买盘
43,09:33:28,9.64,0.0,5,4820,买盘
44,09:33:31,9.65,0.01,3,2895,买盘
45,09:33:34,9.65,0.0,10,9650,买盘
46,09:33:40,9.65,0.0,23,22195,买盘
47,09:33:46,9.65,0.0,4,3860,买盘
48,09:33:49,9.65,0.0,44,42441,买盘
49,09:33:52,9.63,-0.02,21,20241,卖盘
50,09:33:58,9.64,0.01,1,964,卖盘
51,09:34:01,9.64,0.0,1,964,买盘
52,09:34:04,9.64,0.0,6,5784,买盘
53,09:34:07,9.64,0.0,6,5784,买盘
54,09:34:10,9.64,0.0,1,964,买盘
55,09:34:16,9.65,0.01,4,3859,买盘
56,09:34:19,9.64,-0.01,4,3856,卖盘
57,09:34:28,9.64,0.0,1,964,买盘
58,09:34:31,9.64,0.0,8,7712,买盘
59,09:34:34,9.6,-0.04,25,24056,卖盘
60,09:34:37,9.63,0.03,7,6741,买盘
61,09:34:40,9.62,-0.01,2,1924,中性盘
62,09:34:43,9.62,0.0,3,2886,买盘
63,09:34:46,9.62,0.0,2,1924,买盘
64,09:34:52,9.63,0.01,4,3849,买盘
65,09:35:01,9.63,0.0,1,963,买盘
66,09:35:04,9.62,-0.01,4,3848,卖盘
67,09:35:07,9.63,0.01,33,31768,买盘
68,09:35:10,9.64,0.01,1,964,买盘
69,09:35:16,9.64,0.0,5,4820,买盘
70,09:35:19,9.64,0.0,1,964,买盘
71,09:35:31,9.64,0.0,1,964,买盘
72,09:35:40,9.64,0.0,3,2892,买盘
73,09:35:46,9.63,-0.01,10,9630,卖盘
74,09:35:49,9.63,0.0,1,963,买盘
75,09:36:07,9.63,0.0,1,963,买盘
76,09:36:10,9.62,-0.01,60,57720,卖盘
77,09:36:13,9.62,0.0,4,3848,买盘
78,09:36:22,9.61,-0.01,2,1922,卖盘
79,09:36:28,9.6,-0.01,1,960,卖盘
80,09:36:34,9.59,-0.01,16,15351,卖盘
81,09:36:37,9.59,0.0,2,1918,买盘
82,09:36:40,9.6,0.01,18,17280,卖盘
83,09:36:43,9.6,0.0,6,5760,卖盘
84,09:36:46,9.61,0.01,1,961,买盘
85,09:36:52,9.61,0.0,2,1922,卖盘
86,09:36:58,9.61,0.0,1,961,卖盘
87,09:37:01,9.62,0.01,7,6733,买盘
88,09:37:10,9.61,-0.01,20,19220,卖盘
89,09:37:13,9.63,0.02,2,1926,买盘
90,09:37:16,9.63,0.0,1,963,买盘
91,09:37:19,9.63,0.0,14,13482,买盘
92,09:37:34,9.63,0.0,8,7704,买盘
93,09:37:40,9.63,0.0,10,9630,卖盘
94,09:37:49,9.64,0.01,13,12532,买盘
95,09:37:58,9.64,0.0,3,2892,买盘
96,09:38:04,9.64,0.0,29,27951,买盘
97,09:38:07,9.64,0.0,8,7712,买盘
98,09:38:16,9.64,0.0,16,15424,卖盘
99,09:38:19,9.65,0.01,4,3857,买盘
100,09:38:25,9.64,-0.01,2,1929,中性盘
101,09:38:31,9.63,-0.01,3,2889,卖盘
102,09:38:34,9.64,0.01,7,6742,买盘
103,09:38:37,9.65,0.01,61,58785,买盘
104,09:38:43,9.62,-0.03,1,962,卖盘
105,09:38:46,9.62,0.0,2,1925,卖盘
106,09:38:49,9.63,0.01,1,963,中性盘
107,09:38:52,9.62,-0.01,5,4812,卖盘
108,09:38:55,9.63,0.01,1,963,中性盘
109,09:38:58,9.61,-0.02,4,3844,卖盘
110,09:39:05,9.61,0.0,24,23064,买盘
111,09:39:07,9.61,0.0,5,4804,买盘
112,09:39:10,9.6,-0.01,2,1920,卖盘
113,09:39:13,9.6,0.0,1,960,卖盘
114,09:39:16,9.61,0.01,2,1924,卖盘
115,09:39:19,9.62,0.01,3,2886,买盘
116,09:39:22,9.6,-0.02,2,1920,卖盘
117,09:39:25,9.6,0.0,1,960,中性盘
118,09:39:31,9.61,0.01,5,4805,买盘
119,09:39:34,9.6,-0.01,1,960,中性盘
120,09:39:37,9.61,0.01,25,24005,买盘
121,09:39:40,9.59,-0.02,4,3836,卖盘
122,09:39:43,9.61,0.02,1,961,买盘
123,09:39:46,9.61,0.0,1,961,买盘
124,09:39:49,9.51,-0.1,43,41079,卖盘
125,09:39:55,9.61,0.1,1,961,买盘
126,09:39:58,9.6,-0.01,2,1920,卖盘
127,09:40:04,9.61,0.01,57,54765,买盘
128,09:40:10,9.6,-0.01,1,960,买盘
129,09:40:13,9.6,0.0,1,960,买盘
130,09:40:16,9.61,0.01,1,961,买盘
131,09:40:19,9.6,-0.01,8,7680,卖盘
132,09:40:25,9.61,0.01,1,961,买盘
133,09:40:34,9.6,-0.01,7,6720,卖盘
134,09:40:37,9.6,0.0,3,2880,买盘
135,09:40:40,9.6,0.0,2,1920,买盘
136,09:40:43,9.6,0.0,2,1920,买盘
137,09:40:46,9.6,0.0,1,960,买盘
138,09:40:55,9.6,0.0,2,1920,买盘
139,09:41:04,9.61,0.01,2,1921,买盘
140,09:41:16,9.61,0.0,1,961,买盘
141,09:41:25,9.61,0.0,2,1921,买盘
142,09:41:28,9.61,0.0,113,108593,买盘
143,09:41:31,9.61,0.0,1,961,买盘
144,09:41:37,9.61,0.0,50,48050,买盘
145,09:41:43,9.61,0.0,4,3844,买盘
146,09:41:46,9.61,0.0,3,2883,买盘
147,09:41:55,9.61,0.0,1,961,买盘
148,09:41:58,9.61,0.0,2,1921,买盘
149,09:42:04,9.61,0.0,1,961,买盘
150,09:42:07,9.61,0.0,1,961,买盘
151,09:42:13,9.61,0.0,1,961,买盘
152,09:42:16,9.61,0.0,35,33622,买盘
153,09:42:19,9.61,0.0,1,961,买盘
154,09:42:22,9.61,0.0,3,2883,买盘
155,09:42:25,9.61,0.0,1,961,买盘
156,09:42:28,9.6,-0.01,1,960,卖盘
157,09:42:31,9.61,0.01,1,961,买盘
158,09:42:34,9.61,0.0,1,961,买盘
159,09:42:46,9.61,0.0,1,961,买盘
160,09:42:49,9.61,0.0,3,2883,买盘
161,09:42:55,9.61,0.0,1,961,买盘
162,09:43:04,9.61,0.0,1,961,买盘
163,09:43:10,9.61,0.0,20,19220,买盘
164,09:43:16,9.61,0.0,24,23065,卖盘
165,09:43:19,9.6,-0.01,22,21129,卖盘
166,09:43:22,9.62,0.02,10,9620,买盘
167,09:43:25,9.62,0.0,1,962,买盘
168,09:43:34,9.62,0.0,1,962,买盘
169,09:43:40,9.61,-0.01,13,12493,卖盘
170,09:43:46,9.61,0.0,1,961,买盘
171,09:43:49,9.61,0.0,3,2883,买盘
172,09:43:55,9.61,0.0,1,961,买盘
173,09:44:01,9.61,0.0,5,4805,买盘
174,09:44:04,9.61,0.0,1,961,买盘
175,09:44:13,9.6,-0.01,3,2880,卖盘
176,09:44:16,9.61,0.01,3,2883,买盘
177,09:44:25,9.61,0.0,1,961,买盘
178,09:44:34,9.61,0.0,1,961,买盘
179,09:44:46,9.61,0.0,1,961,买盘
180,09:44:49,9.61,0.0,3,2883,买盘
181,09:44:55,9.61,0.0,1,961,买盘
182,09:45:04,9.61,0.0,1,961,买盘
183,09:45:07,9.61,0.0,3,2883,买盘
184,09:45:13,9.61,0.0,2,1922,买盘
185,09:45:16,9.61,0.0,4,3844,买盘
186,09:45:25,9.61,0.0,2,1922,买盘
187,09:45:28,9.61,0.0,11,10571,买盘
188,09:45:34,9.61,0.0,1,961,买盘
189,09:45:37,9.61,0.0,19,18259,买盘
190,09:45:46,9.6,-0.01,34,32641,卖盘
191,09:45:49,9.61,0.01,3,2883,买盘
192,09:45:52,9.61,0.0,27,25947,买盘
193,09:45:55,9.61,0.0,1,961,买盘
194,09:45:58,9.61,0.0,1,961,买盘
195,09:46:01,9.6,-0.01,88,84559,卖盘
196,09:46:04,9.6,0.0,1,960,买盘
197,09:46:07,9.61,0.01,62,59559,买盘
198,09:46:13,9.57,-0.04,45,43176,卖盘
199,09:46:16,9.61,0.04,4,3844,买盘
200,09:46:19,9.61,0.0,53,50888,买盘
201,09:46:25,9.61,0.0,1,961,买盘
202,09:46:34,9.61,0.0,1,961,买盘
203,09:46:40,9.61,0.0,4,3844,买盘
204,09:46:43,9.6,-0.01,8,7680,中性盘
205,09:46:46,9.6,0.0,1,960,买盘
206,09:46:55,9.6,0.0,1,960,买盘
207,09:47:04,9.61,0.01,1,961,买盘
208,09:47:16,9.61,0.0,1,961,买盘
209,09:47:25,9.61,0.0,1,961,买盘
210,09:47:34,9.61,0.0,2,1922,买盘
211,09:47:46,9.61,0.0,1,961,买盘
212,09:47:49,9.61,0.0,3,2883,买盘
213,09:47:52,9.6,-0.01,6,5764,卖盘
214,09:47:55,9.6,0.0,1,960,买盘
215,09:48:04,9.61,0.01,1,961,买盘
216,09:48:07,9.61,0.0,3,2883,买盘
217,09:48:13,9.61,0.0,2,1922,买盘
218,09:48:16,9.61,0.0,1,961,买盘
219,09:48:19,9.61,0.0,3,2883,买盘
220,09:48:25,9.61,0.0,1,961,买盘
221,09:48:34,9.61,0.0,1,961,买盘
222,09:48:46,9.61,0.0,1,961,买盘
223,09:48:49,9.61,0.0,3,2883,买盘
224,09:48:55,9.61,0.0,6,5766,买盘
225,09:49:04,9.61,0.0,1,961,买盘
226,09:49:16,9.61,0.0,1,961,买盘
227,09:49:19,9.61,0.0,1,961,买盘
228,09:49:22,9.61,0.0,10,9610,买盘
229,09:49:24,9.61,0.0,1,961,买盘
230,09:49:31,9.6,-0.01,27,25920,卖盘
231,09:49:34,9.6,0.0,1,960,买盘
232,09:49:43,9.6,0.0,1,960,买盘
233,09:49:46,9.6,0.0,2,1920,买盘
234,09:49:52,9.6,0.0,17,16320,买盘
235,09:49:55,9.6,0.0,3,2878,买盘
236,09:50:04,9.6,0.0,1,960,买盘
237,09:50:07,9.6,0.0,1,960,买盘
238,09:50:16,9.6,0.0,1,960,买盘
239,09:50:19,9.6,0.0,3,2880,买盘
240,09:50:25,9.6,0.0,1,960,买盘
241,09:50:34,9.6,0.0,31,29701,买盘
242,09:50:46,9.6,0.0,51,48860,买盘
243,09:50:55,9.6,0.0,4,3840,买盘
244,09:51:04,9.58,-0.02,4,3832,卖盘
245,09:51:07,9.6,0.02,2,1918,买盘
246,09:51:16,9.6,0.0,1,960,买盘
247,09:51:19,9.6,0.0,3,2880,买盘
248,09:51:25,9.6,0.0,1,960,买盘
249,09:51:34,9.6,0.0,1,960,买盘
250,09:51:49,9.6,0.0,3,2880,买盘
251,09:51:55,9.6,0.0,1,960,买盘
252,09:52:04,9.6,0.0,1,960,买盘
253,09:52:16,9.6,0.0,1,960,买盘
254,09:52:22,9.6,0.0,9,8640,买盘
255,09:52:25,9.61,0.01,1,961,买盘
256,09:52:34,9.61,0.0,1,961,买盘
257,09:52:46,9.61,0.0,3,2883,买盘
258,09:52:49,9.61,0.0,3,2883,买盘
259,09:52:52,9.61,0.0,44,42284,买盘
260,09:52:58,9.61,0.0,28,26883,买盘
261,09:53:04,9.61,0.0,1,961,买盘
262,09:53:07,9.61,0.0,19,18259,买盘
263,09:53:16,9.61,0.0,1,961,买盘
264,09:53:19,9.61,0.0,5,4803,买盘
265,09:53:25,9.61,0.0,1,961,买盘
266,09:53:34,9.61,0.0,1,961,买盘
267,09:53:43,9.6,-0.01,37,35520,卖盘
268,09:53:45,9.61,0.01,1,961,买盘
269,09:53:55,9.61,0.0,1,961,买盘
270,09:54:01,9.6,-0.01,10,9600,卖盘
271,09:54:04,9.61,0.01,1,961,买盘
272,09:54:07,9.61,0.0,2,1922,买盘
273,09:54:10,9.6,-0.01,1,960,卖盘
274,09:54:16,9.61,0.01,1,961,买盘
275,09:54:18,9.61,0.0,3,2883,买盘
276,09:54:25,9.61,0.0,1,961,买盘
277,09:54:34,9.61,0.0,1,961,买盘
278,09:54:46,9.61,0.0,1,961,买盘
279,09:54:49,9.61,0.0,3,2883,买盘
280,09:54:54,9.61,0.0,1,961,买盘
281,09:55:01,9.61,0.0,2,1922,买盘
282,09:55:04,9.61,0.0,2,1922,买盘
283,09:55:07,9.61,0.0,30,28772,买盘
284,09:55:16,9.59,-0.02,1,959,买盘
285,09:55:19,9.58,-0.01,7,6706,卖盘
286,09:55:25,9.59,0.01,6,5752,买盘
287,09:55:37,9.59,0.0,4,3836,买盘
288,09:55:46,9.59,0.0,1,959,买盘
289,09:55:49,9.6,0.01,1,960,买盘
290,09:55:52,9.57,-0.03,2,1916,卖盘
291,09:55:55,9.6,0.03,1,960,买盘
292,09:56:04,9.6,0.0,1,960,买盘
293,09:56:16,9.58,-0.02,8,7666,卖盘
294,09:56:25,9.57,-0.01,16,15313,卖盘
295,09:56:37,9.58,0.01,60,57425,买盘
296,09:56:43,9.58,0.0,1,958,买盘
297,09:56:48,9.58,0.0,3,2874,买盘
298,09:57:13,9.58,0.0,1,958,买盘
299,09:57:16,9.58,0.0,1,958,买盘
300,09:57:22,9.58,0.0,2,1916,买盘
301,09:57:33,9.58,0.0,6,5748,买盘
302,09:57:55,9.58,0.0,6,5748,买盘
303,09:58:06,9.55,-0.03,48,45884,卖盘
304,09:58:12,9.57,0.02,1,957,买盘
305,09:58:31,9.57,0.0,1,957,买盘
306,09:58:37,9.57,0.0,9,8613,买盘
307,09:58:55,9.57,0.0,16,15312,买盘
308,09:59:04,9.57,0.0,4,3828,卖盘
309,09:59:16,9.57,0.0,2,1914,买盘
310,09:59:19,9.55,-0.02,50,47792,卖盘
311,09:59:25,9.57,0.02,7,6699,买盘
312,10:00:10,9.57,0.0,1,957,买盘
313,10:00:33,9.57,0.0,23,22011,买盘
314,10:01:10,9.57,0.0,1,957,买盘
315,10:01:55,9.57,0.0,12,11484,买盘
316,10:02:22,9.56,-0.01,56,53576,卖盘
317,10:02:25,9.57,0.01,7,6699,卖盘
318,10:02:28,9.57,0.0,5,4785,买盘
319,10:02:37,9.56,-0.01,23,21988,卖盘
320,10:02:40,9.58,0.02,44,42141,买盘
321,10:02:45,9.56,-0.02,20,19120,卖盘
322,10:03:10,9.57,0.01,12,11484,卖盘
323,10:03:13,9.57,0.0,1,957,买盘
324,10:03:25,9.56,-0.01,15,14340,卖盘
325,10:03:40,9.56,0.0,11,10516,卖盘
326,10:03:46,9.56,0.0,1,956,卖盘
327,10:04:06,9.57,0.01,5,4785,买盘
328,10:04:36,9.57,0.0,5,4785,买盘
329,10:04:45,9.57,0.0,1,957,买盘
330,10:05:10,9.57,0.0,1,957,买盘
331,10:05:28,9.58,0.01,10,9574,买盘
332,10:06:10,9.58,0.0,2,1916,买盘
333,10:06:22,9.57,-0.01,1,957,卖盘
334,10:06:34,9.57,0.0,3,2871,买盘
335,10:07:07,9.58,0.01,8,7664,买盘
336,10:07:10,9.6,0.02,1,960,买盘
337,10:07:40,9.6,0.0,2,1920,买盘
338,10:07:42,9.6,0.0,5,4800,买盘
339,10:07:46,9.6,0.0,1,960,买盘
340,10:07:52,9.6,0.0,1,960,买盘
341,10:08:10,9.6,0.0,23,22080,买盘
342,10:08:25,9.6,0.0,2,2209,卖盘
343,10:08:28,9.6,0.0,1,960,卖盘
344,10:08:31,9.6,0.0,1,960,卖盘
345,10:08:52,9.6,0.0,10,9600,卖盘
346,10:08:58,9.61,0.01,2,1922,买盘
347,10:09:30,9.62,0.01,2,1924,买盘
348,10:10:07,9.62,0.0,4,3848,买盘
349,10:10:10,9.61,-0.01,9,8649,卖盘
350,10:10:18,9.61,0.0,1,961,卖盘
351,10:10:39,9.6,-0.01,20,19200,卖盘
352,10:10:55,9.59,-0.01,15,14385,卖盘
353,10:11:00,9.59,0.0,8,7666,买盘
354,10:11:16,9.58,-0.01,3,2874,买盘
355,10:11:19,9.57,-0.01,5,4785,卖盘
356,10:11:46,9.57,0.0,2,1914,买盘
357,10:12:21,9.57,0.0,20,19140,买盘
358,10:13:19,9.57,0.0,8,7656,买盘
359,10:13:34,9.57,0.0,9,8613,买盘
360,10:13:40,9.57,0.0,51,48807,买盘
361,10:13:45,9.57,0.0,10,9570,买盘
362,10:13:49,9.57,0.0,112,107184,买盘
363,10:13:55,9.56,-0.01,201,192252,卖盘
364,10:14:01,9.56,0.0,48,45888,买盘
365,10:14:06,9.56,0.0,7,6692,买盘
366,10:14:09,9.56,0.0,1,956,买盘
367,10:14:54,9.56,0.0,15,14340,买盘
368,10:15:06,9.56,0.0,2,1912,买盘
369,10:15:19,9.56,0.0,58,55448,买盘
370,10:15:22,9.56,0.0,32,30592,买盘
371,10:15:30,9.55,-0.01,5,4775,卖盘
372,10:15:45,9.56,0.01,12,11472,买盘
373,10:17:45,9.56,0.0,13,12441,卖盘
374,10:18:07,9.56,0.0,1,956,买盘
375,10:18:16,9.56,0.0,5,4780,买盘
376,10:18:25,9.56,0.0,30,28680,买盘
377,10:18:46,9.56,0.0,17,16252,买盘
378,10:18:48,9.56,0.0,8,7648,买盘
379,10:18:51,9.56,0.0,2,1912,买盘
380,10:18:58,9.56,0.0,30,28680,买盘
381,10:19:04,9.56,0.0,55,52580,买盘
382,10:19:07,9.56,0.0,3,2868,买盘
383,10:19:10,9.56,0.0,48,45888,买盘
384,10:19:40,9.6,0.04,8,7680,买盘
385,10:19:46,9.6,0.0,16,15360,卖盘
386,10:20:01,9.6,0.0,1,960,买盘
387,10:20:07,9.6,0.0,1,960,买盘
388,10:20:10,9.6,0.0,1,960,买盘
389,10:20:25,9.6,0.0,5,4800,买盘
390,10:20:54,9.59,-0.01,6,5754,卖盘
391,10:20:58,9.59,0.0,7,6713,买盘
392,10:21:01,9.59,0.0,5,4795,买盘
393,10:21:06,9.59,0.0,1,959,买盘
394,10:21:58,9.58,-0.01,5,4790,卖盘
395,10:22:12,9.58,0.0,12,11496,卖盘
396,10:22:16,9.58,0.0,10,9580,卖盘
397,10:23:07,9.56,-0.02,6,5738,卖盘
398,10:23:30,9.56,0.0,22,21032,买盘
399,10:23:33,9.56,0.0,12,11472,买盘
400,10:23:37,9.56,0.0,12,11472,买盘
401,10:24:31,9.57,0.01,8,7656,买盘
402,10:24:42,9.57,0.0,1,957,买盘
403,10:26:00,9.59,0.02,9,8631,买盘
404,10:26:06,9.59,0.0,2,1918,买盘
405,10:26:25,9.59,0.0,1,959,买盘
406,10:27:07,9.59,0.0,1,959,买盘
407,10:28:04,9.59,0.0,18,17262,买盘
408,10:28:06,9.59,0.0,1,959,买盘
409,10:28:45,9.55,-0.04,63,60205,卖盘
410,10:29:06,9.57,0.02,9,8627,卖盘
411,10:29:09,9.57,0.0,1,957,买盘
412,10:30:06,9.57,0.0,1,957,买盘
413,10:30:16,9.57,0.0,13,12441,买盘
414,10:30:28,9.57,0.0,2,1914,买盘
415,10:30:39,9.57,0.0,1,957,买盘
416,10:31:04,9.59,0.02,1,959,买盘
417,10:32:07,9.59,0.0,1,959,买盘
418,10:33:07,9.59,0.0,2,1918,买盘
419,10:34:04,9.59,0.0,1,959,买盘
420,10:34:06,9.58,-0.01,3,2874,卖盘
421,10:34:10,9.58,0.0,1,958,买盘
422,10:34:13,9.57,-0.01,1,957,卖盘
423,10:34:19,9.56,-0.01,12,11472,卖盘
424,10:35:00,9.57,0.01,6,5742,买盘
425,10:35:10,9.58,0.01,12,11496,买盘
426,10:35:55,9.57,-0.01,1,957,卖盘
427,10:36:07,9.57,0.0,2,1914,买盘
428,10:36:37,9.57,0.0,10,9570,买盘
429,10:36:48,9.57,0.0,2,1914,买盘
430,10:37:01,9.58,0.01,4,3832,买盘
431,10:38:00,9.59,0.01,1,959,买盘
432,10:38:06,9.59,0.0,3,2877,买盘
433,10:38:46,9.58,-0.01,3,2874,卖盘
434,10:39:07,9.57,-0.01,5,5074,卖盘
435,10:39:51,9.55,-0.02,51,48729,卖盘
436,10:40:04,9.55,0.0,13,12128,卖盘
437,10:40:07,9.55,0.0,1,955,买盘
438,10:40:10,9.55,0.0,1,955,买盘
439,10:40:16,9.55,0.0,6,6016,买盘
440,10:41:13,9.56,0.01,7,6692,卖盘
441,10:41:19,9.56,0.0,3,2868,买盘
442,10:41:25,9.56,0.0,1,956,卖盘
443,10:43:04,9.56,0.0,20,19120,卖盘
444,10:43:39,9.57,0.01,1,957,卖盘
445,10:44:34,9.57,0.0,6,5742,卖盘
446,10:45:06,9.57,0.0,1,957,买盘
447,10:45:16,9.53,-0.04,58,55332,卖盘
448,10:46:09,9.53,0.0,3,2478,卖盘
449,10:46:25,9.54,0.01,2,1908,卖盘
450,10:47:10,9.56,0.02,1,956,买盘
451,10:47:55,9.56,0.0,1,956,买盘
452,10:49:12,9.56,0.0,6,5736,卖盘
453,10:49:19,9.56,0.0,1,956,买盘
454,10:49:43,9.55,-0.01,16,15280,卖盘
455,10:50:07,9.55,0.0,1,955,买盘
456,10:50:13,9.55,0.0,32,30560,买盘
457,10:50:19,9.55,0.0,1,955,买盘
458,10:51:12,9.55,0.0,2,2483,卖盘
459,10:51:33,9.57,0.02,1,957,买盘
460,10:51:55,9.57,0.0,2,1914,买盘
461,10:52:06,9.57,0.0,1,957,买盘
462,10:52:16,9.56,-0.01,3,2868,卖盘
463,10:52:25,9.56,0.0,1,956,买盘
464,10:53:06,9.56,0.0,2,1912,买盘
465,10:53:24,9.56,0.0,1,956,买盘
466,10:54:04,9.56,0.0,2,1912,买盘
467,10:54:07,9.56,0.0,11,10516,卖盘
468,10:55:16,9.57,0.01,1,957,买盘
469,10:56:06,9.57,0.0,2,1914,买盘
470,10:56:40,9.57,0.0,15,14355,买盘
471,10:57:07,9.57,0.0,1,957,买盘
472,10:57:33,9.56,-0.01,36,34416,卖盘
473,10:58:07,9.56,0.0,1,956,买盘
474,10:58:40,9.56,0.0,3,2868,买盘
475,10:58:52,9.56,0.0,1,956,卖盘
476,10:58:58,9.57,0.01,2,1914,买盘
477,10:59:07,9.57,0.0,2,1914,买盘
478,10:59:33,9.56,-0.01,48,45888,卖盘
479,10:59:58,9.56,0.0,1,956,买盘
480,11:00:01,9.57,0.01,2,1913,买盘
481,11:03:40,9.57,0.0,9,8613,买盘
482,11:03:49,9.56,-0.01,2,1912,卖盘
483,11:04:04,9.56,0.0,1,956,买盘
484,11:04:28,9.56,0.0,7,6692,买盘
485,11:04:43,9.57,0.01,1,957,买盘
486,11:04:55,9.56,-0.01,3,2868,卖盘
487,11:05:00,9.57,0.01,1,957,买盘
488,11:06:18,9.56,-0.01,25,23900,卖盘
489,11:06:31,9.56,0.0,2,1912,买盘
490,11:07:24,9.56,0.0,3,2868,买盘
491,11:08:36,9.57,0.01,1,957,买盘
492,11:09:01,9.57,0.0,4,3828,买盘
493,11:09:10,9.56,-0.01,10,9560,卖盘
494,11:09:36,9.57,0.01,1,957,买盘
495,11:10:55,9.57,0.0,21,20097,买盘
496,11:11:40,9.56,-0.01,7,6692,卖盘
497,11:12:34,9.56,0.0,1,956,买盘
498,11:13:04,9.55,-0.01,7,6685,卖盘
499,11:14:13,9.55,0.0,3,2292,卖盘
500,11:14:51,9.54,-0.01,20,19080,卖盘
501,11:14:57,9.54,0.0,3,2862,卖盘
502,11:15:22,9.54,0.0,3,2862,卖盘
503,11:15:27,9.54,0.0,1,954,卖盘
504,11:15:30,9.53,-0.01,5,4769,卖盘
505,11:15:37,9.53,0.0,4,3812,卖盘
506,11:16:09,9.56,0.03,1,956,买盘
507,11:16:12,9.53,-0.03,59,56645,卖盘
508,11:16:19,9.53,0.0,23,21538,买盘
509,11:16:48,9.56,0.03,1,956,买盘
510,11:16:58,9.56,0.0,2,1912,买盘
511,11:17:45,9.57,0.01,3,2869,买盘
512,11:18:30,9.57,0.0,2,1913,买盘
513,11:18:52,9.59,0.02,25,23942,买盘
514,11:18:55,9.59,0.0,14,13426,卖盘
515,11:18:58,9.53,-0.06,14,13354,卖盘
516,11:19:12,9.57,0.04,1,957,买盘
517,11:22:18,9.54,-0.03,20,19081,卖盘
518,11:22:42,9.56,0.02,1,956,买盘
519,11:24:55,9.57,0.01,6,5737,买盘
520,11:27:24,9.56,-0.01,1,956,卖盘
521,11:27:27,9.56,0.0,1,956,卖盘
522,11:27:52,9.56,0.0,2,1912,卖盘
523,11:28:49,9.55,-0.01,3,2865,卖盘
524,11:28:54,9.55,0.0,3,2865,买盘
525,11:29:30,9.53,-0.02,29,27656,卖盘
526,11:29:40,9.57,0.04,1,957,买盘
527,11:29:46,9.54,-0.03,12,11448,卖盘
528,11:30:01,9.57,0.03,1,957,买盘
529,13:00:07,9.49,-0.08,555,527434,卖盘
530,13:00:09,9.49,0.0,225,213525,买盘
531,13:00:15,9.56,0.07,1,956,中性盘
532,13:00:22,9.56,0.0,1,956,买盘
533,13:00:33,9.56,0.0,1,956,买盘
534,13:00:36,9.52,-0.04,46,43832,卖盘
535,13:00:39,9.56,0.04,1,956,买盘
536,13:00:52,9.56,0.0,1,956,买盘
537,13:02:00,9.5,-0.06,36,34226,卖盘
538,13:02:10,9.55,0.05,1,955,买盘
539,13:02:43,9.53,-0.02,1,953,卖盘
540,13:03:25,9.53,0.0,1,953,买盘
541,13:03:52,9.53,0.0,1,953,买盘
542,13:04:06,9.53,0.0,5,4765,卖盘
543,13:04:09,9.54,0.01,1,954,买盘
544,13:04:24,9.52,-0.02,9,8568,卖盘
545,13:04:52,9.54,0.02,2,1908,买盘
546,13:06:37,9.54,0.0,40,38160,买盘
547,13:06:54,9.54,0.0,3,2862,卖盘
548,13:06:57,9.54,0.0,2,1908,买盘
549,13:07:42,9.54,0.0,1,954,买盘
550,13:08:40,9.5,-0.04,36,34276,卖盘
551,13:09:06,9.53,0.03,1,953,买盘
552,13:09:49,9.51,-0.02,16,15216,卖盘
553,13:09:55,9.51,0.0,3,2853,买盘
554,13:10:01,9.54,0.03,1,954,买盘
555,13:11:18,9.51,-0.03,20,19020,卖盘
556,13:12:07,9.51,0.0,11,10461,卖盘
557,13:12:12,9.51,0.0,2,1902,买盘
558,13:12:18,9.51,0.0,1,951,买盘
559,13:12:24,9.51,0.0,3,2853,买盘
560,13:12:30,9.51,0.0,3,2853,买盘
561,13:12:37,9.54,0.03,1,954,买盘
562,13:13:13,9.54,0.0,1,954,买盘
563,13:13:19,9.54,0.0,7,6678,买盘
564,13:13:37,9.54,0.0,1,954,买盘
565,13:14:10,9.54,0.0,1,954,买盘
566,13:15:22,9.54,0.0,7,6678,买盘
567,13:15:37,9.55,0.01,1,955,买盘
568,13:16:48,9.55,0.0,1,955,买盘
569,13:16:51,9.54,-0.01,14,13356,卖盘
570,13:18:27,9.54,0.0,5,4770,买盘
571,13:20:45,9.54,0.0,50,47700,买盘
572,13:21:10,9.55,0.01,9,8595,买盘
573,13:21:16,9.55,0.0,2,1910,买盘
574,13:21:21,9.55,0.0,1,955,买盘
575,13:21:28,9.55,0.0,1,955,买盘
576,13:21:33,9.55,0.0,1,955,买盘
577,13:21:40,9.55,0.0,1,955,买盘
578,13:21:45,9.55,0.0,1,955,买盘
579,13:21:51,9.55,0.0,2,1910,买盘
580,13:21:57,9.55,0.0,1,955,买盘
581,13:22:04,9.55,0.0,3,2865,买盘
582,13:22:09,9.56,0.01,1,956,买盘
583,13:22:13,9.56,0.0,1,956,买盘
584,13:22:31,9.56,0.0,2,1912,买盘
585,13:22:33,9.56,0.0,31,29636,买盘
586,13:22:39,9.56,0.0,3,2868,买盘
587,13:22:43,9.56,0.0,6,5736,买盘
588,13:22:46,9.56,0.0,24,22944,买盘
589,13:22:55,9.57,0.01,1,957,买盘
590,13:22:58,9.57,0.0,1,957,买盘
591,13:23:01,9.57,0.0,1,957,买盘
592,13:23:04,9.57,0.0,1,957,买盘
593,13:23:06,9.57,0.0,1,957,买盘
594,13:23:09,9.57,0.0,1,957,买盘
595,13:23:12,9.57,0.0,1,957,买盘
596,13:23:16,9.57,0.0,1,957,买盘
597,13:23:18,9.56,-0.01,18,17209,卖盘
598,13:23:22,9.56,0.0,1,956,买盘
599,13:23:24,9.56,0.0,2,1912,买盘
600,13:23:34,9.57,0.01,1,957,买盘
601,13:23:37,9.57,0.0,1,957,买盘
602,13:23:40,9.57,0.0,1,957,买盘
603,13:23:42,9.57,0.0,1,957,买盘
604,13:23:46,9.57,0.0,1,957,买盘
605,13:23:48,9.57,0.0,1,957,买盘
606,13:23:52,9.57,0.0,1,957,买盘
607,13:23:55,9.57,0.0,1,957,买盘
608,13:23:58,9.57,0.0,1,957,买盘
609,13:24:01,9.57,0.0,1,957,买盘
610,13:24:04,9.57,0.0,1,957,买盘
611,13:24:07,9.57,0.0,3,2871,买盘
612,13:24:10,9.57,0.0,6,6316,买盘
613,13:24:25,9.56,-0.01,11,10521,卖盘
614,13:24:46,9.55,-0.01,5,4778,卖盘
615,13:25:10,9.58,0.03,1,958,买盘
616,13:25:39,9.58,0.0,7,6706,买盘
617,13:26:01,9.58,0.0,1,958,买盘
618,13:26:07,9.58,0.0,1,958,买盘
619,13:26:13,9.58,0.0,11,10538,买盘
620,13:27:24,9.58,0.0,23,22034,卖盘
621,13:27:30,9.57,-0.01,1,957,卖盘
622,13:27:37,9.57,0.0,1,957,卖盘
623,13:28:52,9.57,0.0,1,957,卖盘
624,13:28:57,9.58,0.01,1,958,买盘
625,13:29:04,9.58,0.0,3,2874,买盘
626,13:29:06,9.58,0.0,5,4790,买盘
627,13:29:27,9.57,-0.01,5,4785,卖盘
628,13:29:33,9.56,-0.01,1,956,卖盘
629,13:29:37,9.56,0.0,3,2868,买盘
630,13:29:40,9.57,0.01,17,16267,买盘
631,13:29:46,9.58,0.01,6,5748,买盘
632,13:29:48,9.58,0.0,2,1916,买盘
633,13:29:51,9.58,0.0,10,9580,买盘
634,13:29:54,9.58,0.0,4,3832,买盘
635,13:29:57,9.58,0.0,3,2874,买盘
636,13:30:01,9.58,0.0,2,1916,买盘
637,13:30:04,9.58,0.0,3,2874,买盘
638,13:30:10,9.58,0.0,2,1916,买盘
639,13:30:13,9.58,0.0,2,1916,买盘
640,13:30:18,9.58,0.0,1,958,买盘
641,13:30:25,9.58,0.0,1,958,买盘
642,13:30:30,9.57,-0.01,31,29668,卖盘
643,13:30:34,9.58,0.01,1,958,买盘
644,13:30:42,9.58,0.0,1,958,买盘
645,13:30:49,9.58,0.0,1,958,买盘
646,13:30:52,9.57,-0.01,2,1915,卖盘
647,13:31:07,9.58,0.01,1,958,买盘
648,13:31:19,9.59,0.01,1,959,买盘
649,13:31:31,9.58,-0.01,1,958,卖盘
650,13:31:37,9.58,0.0,6,5748,卖盘
651,13:31:49,9.57,-0.01,1,957,卖盘
652,13:31:52,9.58,0.01,32,30634,买盘
653,13:31:58,9.58,0.0,9,8622,买盘
654,13:32:01,9.58,0.0,8,7664,买盘
655,13:32:13,9.58,0.0,3,2874,卖盘
656,13:32:15,9.57,-0.01,1,957,卖盘
657,13:32:19,9.58,0.01,1,958,买盘
658,13:32:24,9.57,-0.01,21,20098,卖盘
659,13:32:40,9.58,0.01,26,24908,卖盘
660,13:33:04,9.58,0.0,8,7661,买盘
661,13:33:15,9.58,0.0,1,958,买盘
662,13:33:43,9.57,-0.01,25,23542,卖盘
663,13:33:49,9.57,0.0,16,15312,卖盘
664,13:33:57,9.57,0.0,21,20097,卖盘
665,13:34:28,9.57,0.0,67,64502,卖盘
666,13:34:33,9.57,0.0,43,41082,买盘
667,13:34:37,9.57,0.0,3,2871,买盘
668,13:34:39,9.56,-0.01,19,18164,中性盘
669,13:34:42,9.56,0.0,7,5927,买盘
670,13:34:48,9.57,0.01,36,34452,卖盘
671,13:34:52,9.51,-0.06,35,33417,卖盘
672,13:34:57,9.57,0.06,1,957,买盘
673,13:35:07,9.54,-0.03,1,954,卖盘
674,13:35:22,9.55,0.01,2,1912,卖盘
675,13:35:30,9.55,0.0,17,16235,卖盘
676,13:36:01,9.54,-0.01,1,954,卖盘
677,13:36:06,9.55,0.01,1,955,买盘
678,13:36:13,9.55,0.0,1,955,买盘
679,13:36:19,9.55,0.0,1,955,买盘
680,13:36:24,9.55,0.0,10,9550,买盘
681,13:36:54,9.56,0.01,9,8604,卖盘
682,13:37:09,9.56,0.0,3,2868,卖盘
683,13:37:12,9.58,0.02,1,958,买盘
684,13:38:42,9.57,-0.01,2,1914,卖盘
685,13:39:22,9.56,-0.01,27,25786,中性盘
686,13:39:30,9.56,0.0,20,19120,卖盘
687,13:39:37,9.56,0.0,1,956,卖盘
688,13:39:39,9.56,0.0,1,956,卖盘
689,13:39:57,9.58,0.02,1,958,买盘
690,13:40:13,9.56,-0.02,28,26768,卖盘
691,13:41:19,9.54,-0.02,30,28631,卖盘
692,13:41:40,9.54,0.0,5,4772,卖盘
693,13:42:52,9.55,0.01,10,9550,卖盘
694,13:42:54,9.55,0.0,15,14325,卖盘
695,13:43:09,9.56,0.01,1,956,买盘
696,13:43:22,9.56,0.0,5,4780,卖盘
697,13:43:25,9.55,-0.01,4,3820,卖盘
698,13:43:28,9.55,0.0,22,21010,卖盘
699,13:43:33,9.52,-0.03,1,952,卖盘
700,13:44:40,9.55,0.03,1,955,买盘
701,13:45:52,9.53,-0.02,1,953,卖盘
702,13:46:09,9.53,0.0,57,54321,卖盘
703,13:46:31,9.53,0.0,1,953,卖盘
704,13:47:25,9.53,0.0,10,9531,卖盘
705,13:47:54,9.52,-0.01,20,19043,卖盘
706,13:48:04,9.52,0.0,3,2856,卖盘
707,13:49:04,9.54,0.02,6,5724,卖盘
708,13:50:06,9.57,0.03,66,63142,买盘
709,13:50:24,9.55,-0.02,1,955,卖盘
710,13:50:34,9.56,0.01,1,956,卖盘
711,13:50:48,9.56,0.0,17,16252,卖盘
712,13:51:16,9.56,0.0,2,1912,卖盘
713,13:52:04,9.56,0.0,1,956,卖盘
714,13:52:09,9.55,-0.01,1,955,中性盘
715,13:52:34,9.56,0.01,1,956,买盘
716,13:52:52,9.56,0.0,1,956,卖盘
717,13:54:21,9.55,-0.01,1,955,卖盘
718,13:54:39,9.55,0.0,19,18163,卖盘
719,13:55:06,9.56,0.01,10,9560,中性盘
720,13:55:18,9.56,0.0,3,2868,卖盘
721,13:55:37,9.55,-0.01,9,8595,卖盘
722,13:55:42,9.56,0.01,2,1912,卖盘
723,13:55:46,9.55,-0.01,2,1910,卖盘
724,13:55:58,9.55,0.0,4,3820,卖盘
725,13:56:04,9.54,-0.01,18,17172,卖盘
726,13:56:15,9.54,0.0,4,3816,买盘
727,13:56:22,9.55,0.01,15,14325,卖盘
728,13:56:55,9.54,-0.01,1,954,卖盘
729,13:56:58,9.54,0.0,2,1908,买盘
730,13:57:01,9.54,0.0,2,1908,买盘
731,13:57:33,9.54,0.0,35,33390,买盘
732,13:58:06,9.56,0.02,10,9560,买盘
733,13:58:16,9.57,0.01,1,957,买盘
734,13:58:19,9.56,-0.01,2,1912,卖盘
735,13:58:25,9.56,0.0,9,8604,卖盘
736,13:58:27,9.57,0.01,28,26781,买盘
737,13:59:16,9.57,0.0,10,9570,买盘
738,13:59:25,9.55,-0.02,10,9550,卖盘
739,13:59:36,9.55,0.0,10,9550,卖盘
740,14:00:04,9.55,0.0,6,5730,卖盘
741,14:01:04,9.54,-0.01,6,5724,卖盘
742,14:02:22,9.52,-0.02,25,23800,卖盘
743,14:02:28,9.51,-0.01,41,38991,卖盘
744,14:02:31,9.52,0.01,11,10472,买盘
745,14:02:34,9.51,-0.01,43,41654,卖盘
746,14:02:37,9.5,-0.01,43,40850,卖盘
747,14:02:43,9.5,0.0,2,1900,卖盘
748,14:02:54,9.5,0.0,53,49594,卖盘
749,14:02:57,9.5,0.0,19,18810,卖盘
750,14:03:04,9.5,0.0,1,190,卖盘
751,14:03:30,9.5,0.0,9,8550,卖盘
752,14:03:46,9.5,0.0,6,5700,卖盘
753,14:04:09,9.5,0.0,6,6460,卖盘
754,14:04:13,9.48,-0.02,5,4741,卖盘
755,14:04:16,9.5,0.02,13,12350,买盘
756,14:04:46,9.5,0.0,30,28500,买盘
757,14:04:52,9.5,0.0,1,950,买盘
758,14:04:55,9.5,0.0,7,5890,买盘
759,14:05:07,9.5,0.0,1,950,卖盘
760,14:05:28,9.52,0.02,1,952,买盘
761,14:05:31,9.51,-0.01,1,951,卖盘
762,14:05:34,9.52,0.01,1,952,买盘
763,14:05:36,9.52,0.0,3,2856,买盘
764,14:05:49,9.54,0.02,5,4770,买盘
765,14:05:55,9.53,-0.01,2,1906,卖盘
766,14:06:01,9.53,0.0,1,953,买盘
767,14:06:10,9.57,0.04,36,34382,买盘
768,14:06:37,9.57,0.0,29,27736,买盘
769,14:06:39,9.56,-0.01,2,1912,中性盘
770,14:06:57,9.55,-0.01,1,955,卖盘
771,14:07:10,9.56,0.01,1,956,买盘
772,14:08:52,9.55,-0.01,2,1910,卖盘
773,14:08:58,9.55,0.0,9,8595,卖盘
774,14:09:52,9.55,0.0,2,1910,买盘
775,14:10:04,9.55,0.0,4,3820,买盘
776,14:10:06,9.55,0.0,1,955,买盘
777,14:10:09,9.55,0.0,3,2865,买盘
778,14:10:12,9.55,0.0,1,955,买盘
779,14:12:57,9.55,0.0,1,955,买盘
780,14:13:28,9.55,0.0,17,16235,买盘
781,14:13:33,9.55,0.0,1,955,卖盘
782,14:13:40,9.55,0.0,1,955,买盘
783,14:14:01,9.54,-0.01,2,1908,卖盘
784,14:14:18,9.54,0.0,1,954,卖盘
785,14:14:51,9.54,0.0,4,3816,买盘
786,14:14:58,9.54,0.0,1,954,买盘
787,14:15:01,9.54,0.0,3,2862,买盘
788,14:15:09,9.55,0.01,2,1910,买盘
789,14:15:12,9.55,0.0,2,1910,卖盘
790,14:15:15,9.55,0.0,1,955,买盘
791,14:17:16,9.55,0.0,1,955,买盘
792,14:17:28,9.52,-0.03,11,10472,卖盘
793,14:18:04,9.53,0.01,2,1906,卖盘
794,14:18:10,9.56,0.03,1,956,买盘
795,14:19:10,9.56,0.0,2,1912,买盘
796,14:20:06,9.54,-0.02,1,954,卖盘
797,14:20:13,9.54,0.0,3,2862,卖盘
798,14:20:33,9.53,-0.01,1,953,卖盘
799,14:20:39,9.53,0.0,3,2859,卖盘
800,14:20:45,9.52,-0.01,1,952,卖盘
801,14:20:52,9.51,-0.01,5,4756,卖盘
802,14:20:57,9.52,0.01,8,7616,买盘
803,14:21:04,9.52,0.0,3,2857,卖盘
804,14:21:25,9.52,0.0,2,1904,卖盘
805,14:21:28,9.53,0.01,1,953,买盘
806,14:21:48,9.53,0.0,1,953,卖盘
807,14:22:16,9.55,0.02,5,4775,买盘
808,14:22:25,9.55,0.0,3,2865,买盘
809,14:22:46,9.54,-0.01,5,4770,卖盘
810,14:24:54,9.54,0.0,2,1908,卖盘
811,14:25:04,9.55,0.01,24,22920,买盘
812,14:25:07,9.55,0.0,1,955,买盘
813,14:25:09,9.55,0.0,1,955,买盘
814,14:25:19,9.54,-0.01,24,22896,卖盘
815,14:25:24,9.54,0.0,41,39114,卖盘
816,14:25:31,9.54,0.0,2,1908,卖盘
817,14:25:36,9.54,0.0,11,10494,买盘
818,14:25:42,9.54,0.0,8,7632,买盘
819,14:26:10,9.53,-0.01,57,54321,卖盘
820,14:26:16,9.54,0.01,5,4770,买盘
821,14:26:58,9.54,0.0,1,954,买盘
822,14:28:19,9.55,0.01,2,1910,买盘
823,14:28:25,9.53,-0.02,112,106812,卖盘
824,14:28:48,9.55,0.02,1,955,买盘
825,14:28:54,9.55,0.0,2,1910,买盘
826,14:29:01,9.55,0.0,10,9550,买盘
827,14:29:28,9.55,0.0,2,1910,买盘
828,14:29:31,9.55,0.0,19,18145,中性盘
829,14:29:40,9.57,0.02,1,957,买盘
830,14:29:55,9.57,0.0,60,57420,买盘
831,14:30:04,9.55,-0.02,20,19100,卖盘
832,14:30:16,9.56,0.01,1,956,卖盘
833,14:30:19,9.56,0.0,36,34416,卖盘
834,14:30:22,9.57,0.01,46,43977,买盘
835,14:30:27,9.56,-0.01,21,20076,买盘
836,14:30:37,9.56,0.0,3,2868,买盘
837,14:30:40,9.56,0.0,15,14340,买盘
838,14:30:43,9.56,0.0,5,4780,买盘
839,14:30:46,9.56,0.0,32,30592,买盘
840,14:31:06,9.57,0.01,7,6699,买盘
841,14:31:13,9.57,0.0,43,41151,卖盘
842,14:31:16,9.57,0.0,2,1914,买盘
843,14:31:19,9.57,0.0,10,9570,买盘
844,14:31:31,9.57,0.0,1,957,买盘
845,14:31:34,9.57,0.0,14,13398,买盘
846,14:31:43,9.57,0.0,10,9570,买盘
847,14:32:09,9.57,0.0,5,4785,买盘
848,14:32:13,9.58,0.01,1,958,买盘
849,14:33:04,9.57,-0.01,10,9570,买盘
850,14:33:19,9.57,0.0,1,957,买盘
851,14:33:22,9.56,-0.01,10,9560,卖盘
852,14:33:30,9.56,0.0,61,58316,卖盘
853,14:33:40,9.56,0.0,26,24841,买盘
854,14:33:46,9.56,0.0,27,25812,卖盘
855,14:34:19,9.56,0.0,1,956,买盘
856,14:34:28,9.57,0.01,1,957,买盘
857,14:34:48,9.57,0.0,10,9570,买盘
858,14:34:51,9.55,-0.02,17,16235,卖盘
859,14:35:21,9.54,-0.01,1,954,卖盘
860,14:35:30,9.56,0.02,1,956,买盘
861,14:35:37,9.54,-0.02,5,4770,卖盘
862,14:36:19,9.52,-0.02,1,952,卖盘
863,14:36:22,9.53,0.01,8,7623,买盘
864,14:36:24,9.53,0.0,1,953,卖盘
865,14:36:28,9.53,0.0,9,8577,卖盘
866,14:36:36,9.52,-0.01,7,6664,卖盘
867,14:36:46,9.53,0.01,1,953,买盘
868,14:37:37,9.57,0.04,100,95577,买盘
869,14:37:55,9.57,0.0,1,957,买盘
870,14:39:04,9.56,-0.01,1,956,买盘
871,14:39:19,9.56,0.0,29,27724,买盘
872,14:39:39,9.56,0.0,30,28680,卖盘
873,14:39:52,9.57,0.01,50,48312,买盘
874,14:40:01,9.57,0.0,15,14355,卖盘
875,14:40:07,9.57,0.0,48,45936,卖盘
876,14:40:13,9.57,0.0,1,478,买盘
877,14:40:16,9.57,0.0,1,957,买盘
878,14:41:18,9.57,0.0,1,957,买盘
879,14:41:46,9.57,0.0,90,86130,买盘
880,14:41:49,9.57,0.0,1,957,卖盘
881,14:41:52,9.58,0.01,1,958,买盘
882,14:41:54,9.57,-0.01,16,15312,卖盘
883,14:42:16,9.57,0.0,84,80388,买盘
884,14:42:18,9.57,0.0,9,8613,卖盘
885,14:43:01,9.52,-0.05,4,3811,卖盘
886,14:43:22,9.58,0.06,113,108180,买盘
887,14:43:37,9.57,-0.01,1,957,买盘
888,14:44:10,9.57,0.0,18,17226,卖盘
889,14:44:24,9.57,0.0,50,47850,买盘
890,14:44:27,9.58,0.01,11,10534,买盘
891,14:45:01,9.53,-0.05,36,34319,卖盘
892,14:45:40,9.55,0.02,1,955,买盘
893,14:45:55,9.54,-0.01,1,954,卖盘
894,14:46:40,9.55,0.01,20,19100,买盘
895,14:47:40,9.56,0.01,5,4885,买盘
896,14:48:57,9.55,-0.01,168,160340,卖盘
897,14:49:04,9.55,0.0,1,955,买盘
898,14:50:10,9.54,-0.01,6,5724,卖盘
899,14:50:13,9.55,0.01,1,955,买盘
900,14:50:22,9.54,-0.01,53,50562,卖盘
901,14:51:13,9.53,-0.01,65,61945,卖盘
902,14:51:19,9.53,0.0,21,20013,买盘
903,14:51:27,9.53,0.0,7,6671,中性盘
904,14:51:34,9.52,-0.01,125,119000,卖盘
905,14:51:40,9.51,-0.01,45,42795,卖盘
906,14:51:58,9.5,-0.01,2,1900,卖盘
907,14:52:01,9.5,0.0,20,19000,卖盘
908,14:52:04,9.51,0.01,50,47550,买盘
909,14:52:07,9.5,-0.01,23,21850,卖盘
910,14:52:16,9.5,0.0,81,76950,卖盘
911,14:53:16,9.5,0.0,19,18050,卖盘
912,14:53:22,9.5,0.0,14,13300,买盘
913,14:53:37,9.49,-0.01,20,18990,卖盘
914,14:53:46,9.49,0.0,49,46501,卖盘
915,14:53:55,9.49,0.0,7,6643,卖盘
916,14:54:01,9.51,0.02,3,2853,买盘
917,14:54:25,9.49,-0.02,4,3797,卖盘
918,14:54:31,9.51,0.02,15,14265,买盘
919,14:54:34,9.51,0.0,16,15216,买盘
920,14:55:22,9.51,0.0,35,33285,买盘
921,14:55:25,9.49,-0.02,2,1898,卖盘
922,14:55:28,9.52,0.03,44,41888,买盘
923,14:55:31,9.52,0.0,7,6664,买盘
924,14:55:33,9.52,0.0,1,952,买盘
925,14:55:37,9.52,0.0,93,88275,买盘
926,14:55:40,9.52,0.0,2,1904,买盘
927,14:55:43,9.52,0.0,1,952,买盘
928,14:56:31,9.52,0.0,40,38080,买盘
929,14:56:37,9.51,-0.01,35,33285,卖盘
930,14:56:43,9.51,0.0,2,1902,买盘
931,14:56:46,9.5,-0.01,3,2850,卖盘
932,14:56:55,9.5,0.0,12,11400,卖盘
933,15:00:05,9.48,-0.02,151,143148,卖盘
