,time,price,change,volume,amount,type
0,09:25:04,3.65,0.27,9111,3325515,卖盘
1,09:30:00,3.45,-0.2,2695,946960,卖盘
2,09:30:04,3.6,0.15,6645,2336556,买盘
3,09:30:07,3.57,-0.03,3770,1355600,中性盘
4,09:30:10,3.6,0.03,1081,387849,买盘
5,09:30:13,3.61,0.01,1888,680420,买盘
6,09:30:16,3.55,-0.06,772,277186,卖盘
7,09:30:19,3.61,0.06,301,108005,买盘
8,09:30:21,3.61,0.0,1044,376290,买盘
9,09:30:25,3.57,-0.04,39,13998,卖盘
10,09:30:28,3.61,0.04,627,226015,买盘
11,09:30:30,3.55,-0.06,419,149951,卖盘
12,09:30:33,3.57,0.02,14,5018,买盘
13,09:30:36,3.59,0.02,31,11121,买盘
14,09:30:39,3.57,-0.02,142,50618,卖盘
15,09:30:42,3.59,0.02,200,71712,买盘
16,09:30:46,3.59,0.0,248,88438,买盘
17,09:30:49,3.57,-0.02,65,23185,中性盘
18,09:30:51,3.6,0.03,610,218406,买盘
19,09:30:55,3.59,-0.01,164,58883,卖盘
20,09:30:58,3.59,0.0,56,20104,卖盘
21,09:31:01,3.59,0.0,1138,408570,卖盘
22,09:31:04,3.59,0.0,863,309817,卖盘
23,09:31:07,3.59,0.0,173,62107,卖盘
24,09:31:10,3.59,0.0,95,34105,买盘
25,09:31:13,3.58,-0.01,45,16112,卖盘
26,09:31:15,3.58,0.0,34,12172,买盘
27,09:31:18,3.58,0.0,102,36436,买盘
28,09:31:22,3.58,0.0,31,11097,买盘
29,09:31:25,3.57,-0.01,183,65339,卖盘
30,09:31:28,3.58,0.01,367,130950,买盘
31,09:31:33,3.57,-0.01,60,21420,买盘
32,09:31:36,3.58,0.01,1074,383693,买盘
33,09:31:39,3.56,-0.02,207,73555,买盘
34,09:31:43,3.57,0.01,30,10710,买盘
35,09:31:46,3.55,-0.02,1429,507176,卖盘
36,09:31:49,3.55,0.0,276,97964,买盘
37,09:31:52,3.55,0.0,10,3550,买盘
38,09:31:55,3.55,0.0,113,40114,买盘
39,09:31:58,3.57,0.02,498,177423,买盘
40,09:32:00,3.55,-0.02,147,52185,卖盘
41,09:32:03,3.55,0.0,283,100743,卖盘
42,09:32:06,3.55,0.0,51,18105,卖盘
43,09:32:10,3.55,0.0,323,114900,卖盘
44,09:32:13,3.54,-0.01,528,187064,卖盘
45,09:32:16,3.55,0.01,116,41066,买盘
46,09:32:18,3.55,0.0,307,108985,买盘
47,09:32:21,3.55,0.0,55,19525,卖盘
48,09:32:25,3.55,0.0,68,24140,卖盘
49,09:32:27,3.55,0.0,338,119817,卖盘
50,09:32:30,3.56,0.01,59,20995,买盘
51,09:32:33,3.55,-0.01,63,22365,卖盘
52,09:32:36,3.56,0.01,77,27350,买盘
53,09:32:40,3.53,-0.03,2999,1059843,卖盘
54,09:32:43,3.52,-0.01,69,24335,卖盘
55,09:32:46,3.52,0.0,49,17276,卖盘
56,09:32:49,3.53,0.01,46,16202,买盘
57,09:32:52,3.52,-0.01,69,24315,卖盘
58,09:32:55,3.52,0.0,37,13024,卖盘
59,09:32:57,3.53,0.01,93,32791,买盘
60,09:33:01,3.53,0.0,12,4230,买盘
61,09:33:04,3.53,0.0,20,7060,买盘
62,09:33:07,3.52,-0.01,13,4576,卖盘
63,09:33:09,3.53,0.01,205,72176,买盘
64,09:33:12,3.52,-0.01,119,41937,卖盘
65,09:33:15,3.52,0.0,79,27834,卖盘
66,09:33:19,3.53,0.01,135,47553,买盘
67,09:33:21,3.53,0.0,468,165192,买盘
68,09:33:25,3.52,-0.01,240,84561,卖盘
69,09:33:27,3.54,0.02,70,24668,买盘
70,09:33:30,3.54,0.0,143,50776,买盘
71,09:33:34,3.54,0.0,137,48304,卖盘
72,09:33:37,3.54,0.0,413,146112,卖盘
73,09:33:40,3.54,0.0,181,63877,买盘
74,09:33:42,3.54,0.0,58,20693,卖盘
75,09:33:45,3.52,-0.02,40,14120,卖盘
76,09:33:48,3.53,0.01,247,87303,中性盘
77,09:33:52,3.53,0.0,118,41684,卖盘
78,09:33:55,3.52,-0.01,19,6688,卖盘
79,09:33:58,3.52,0.0,129,45438,卖盘
80,09:34:00,3.54,0.02,20,7080,买盘
81,09:34:07,3.52,-0.02,225,79200,卖盘
82,09:34:10,3.53,0.01,24,8452,买盘
83,09:34:13,3.53,0.0,125,44009,买盘
84,09:34:16,3.53,0.0,462,162773,买盘
85,09:34:18,3.53,0.0,111,39183,卖盘
86,09:34:22,3.52,-0.01,30,10580,卖盘
87,09:34:25,3.52,0.0,118,41541,卖盘
88,09:34:28,3.52,0.0,1,352,卖盘
89,09:34:31,3.53,0.01,20,7060,买盘
90,09:34:34,3.52,-0.01,116,40832,卖盘
91,09:34:37,3.52,0.0,292,102991,卖盘
92,09:34:40,3.52,0.0,326,114972,卖盘
93,09:34:42,3.52,0.0,95,33440,卖盘
94,09:34:46,3.52,0.0,75,26400,卖盘
95,09:34:49,3.52,0.0,211,74272,买盘
96,09:34:51,3.52,0.0,131,46115,卖盘
97,09:34:54,3.52,0.0,215,75805,卖盘
98,09:34:58,3.52,0.0,61,21472,卖盘
99,09:35:01,3.52,0.0,331,116512,买盘
100,09:35:04,3.52,0.0,608,214472,卖盘
101,09:35:10,3.51,-0.01,450,158007,卖盘
102,09:35:12,3.52,0.01,124,43608,买盘
103,09:35:16,3.52,0.0,61,21464,买盘
104,09:35:18,3.52,0.0,21,7392,买盘
105,09:35:21,3.51,-0.01,116,40722,卖盘
106,09:35:25,3.52,0.01,80,28158,买盘
107,09:35:28,3.51,-0.01,295,103740,卖盘
108,09:35:31,3.51,0.0,17,5974,卖盘
109,09:35:34,3.52,0.01,19,6688,买盘
110,09:35:37,3.52,0.0,274,96448,买盘
111,09:35:40,3.53,0.01,6,2118,买盘
112,09:35:43,3.53,0.0,14,4942,买盘
113,09:35:45,3.53,0.0,12,4236,买盘
114,09:35:49,3.52,-0.01,842,296387,卖盘
115,09:35:51,3.53,0.01,477,168391,买盘
116,09:35:55,3.53,0.0,14,4940,买盘
117,09:35:58,3.52,-0.01,125,44000,卖盘
118,09:36:00,3.52,0.0,257,90464,卖盘
119,09:36:04,3.52,0.0,108,38037,卖盘
120,09:36:06,3.52,0.0,31,10912,买盘
121,09:36:09,3.52,0.0,85,29931,买盘
122,09:36:13,3.52,0.0,88,30999,卖盘
123,09:36:16,3.52,0.0,129,45408,卖盘
124,09:36:19,3.52,0.0,69,24112,卖盘
125,09:36:25,3.52,0.0,10,3520,卖盘
126,09:36:27,3.53,0.01,221,78346,买盘
127,09:36:31,3.53,0.0,85,30005,买盘
128,09:36:34,3.53,0.0,864,304964,买盘
129,09:36:37,3.53,0.0,100,35300,买盘
130,09:36:40,3.53,0.0,70,24710,买盘
131,09:36:43,3.53,0.0,50,17650,买盘
132,09:36:45,3.53,0.0,961,339032,买盘
133,09:36:49,3.53,0.0,71,25063,买盘
134,09:36:52,3.53,0.0,261,92125,买盘
135,09:36:55,3.53,0.0,52,18356,买盘
136,09:36:57,3.53,0.0,33,11649,买盘
137,09:37:00,3.53,0.0,36,12708,买盘
138,09:37:04,3.52,-0.01,147,51824,卖盘
139,09:37:07,3.53,0.01,36,12708,买盘
140,09:37:09,3.53,0.0,127,44811,买盘
141,09:37:13,3.53,0.0,239,84367,买盘
142,09:37:15,3.52,-0.01,47,16581,卖盘
143,09:37:18,3.53,0.01,262,92466,买盘
144,09:37:22,3.53,0.0,346,122138,买盘
145,09:37:30,3.54,0.01,54,19116,买盘
146,09:37:33,3.54,0.0,4,1416,买盘
147,09:37:37,3.54,0.0,260,92040,买盘
148,09:37:40,3.53,-0.01,6,2123,卖盘
149,09:37:43,3.55,0.02,117,41411,买盘
150,09:37:46,3.53,-0.02,662,233686,卖盘
151,09:37:49,3.53,0.0,82,28946,买盘
152,09:37:52,3.53,0.0,25,8825,买盘
153,09:37:55,3.53,0.0,272,95997,买盘
154,09:37:58,3.53,0.0,12,4236,买盘
155,09:38:00,3.53,0.0,120,42360,买盘
156,09:38:04,3.53,0.0,3,1059,买盘
157,09:38:06,3.53,0.0,34,12002,买盘
158,09:38:10,3.53,0.0,14,4942,买盘
159,09:38:12,3.53,0.0,60,21180,买盘
160,09:38:15,3.53,0.0,195,68835,买盘
161,09:38:22,3.54,0.01,9,3186,买盘
162,09:38:24,3.54,0.0,62,21945,买盘
163,09:38:27,3.54,0.0,59,20886,买盘
164,09:38:31,3.54,0.0,279,98766,买盘
165,09:38:34,3.53,-0.01,164,57896,卖盘
166,09:38:37,3.54,0.01,90,31860,买盘
167,09:38:40,3.54,0.0,33,11682,买盘
168,09:38:45,3.53,-0.01,85,30074,卖盘
169,09:38:48,3.54,0.01,38,13452,买盘
170,09:38:52,3.53,-0.01,155,54814,卖盘
171,09:38:55,3.53,0.0,573,202542,卖盘
172,09:38:58,3.55,0.02,6,2130,买盘
173,09:39:01,3.54,-0.01,8,2832,中性盘
174,09:39:04,3.54,0.0,4,1416,卖盘
175,09:39:06,3.55,0.01,21,7455,买盘
176,09:39:09,3.54,-0.01,141,49914,卖盘
177,09:39:13,3.54,0.0,46,16284,买盘
178,09:39:16,3.54,0.0,27,9558,买盘
179,09:39:22,3.54,0.0,4,1416,买盘
180,09:39:25,3.54,0.0,6,2124,买盘
181,09:39:28,3.54,0.0,282,99715,买盘
182,09:39:31,3.53,-0.01,10,3530,卖盘
183,09:39:34,3.54,0.01,113,40002,买盘
184,09:39:37,3.53,-0.01,98,34682,卖盘
185,09:39:39,3.53,0.0,96,33888,卖盘
186,09:39:42,3.54,0.01,112,39636,买盘
187,09:39:46,3.54,0.0,6,2124,买盘
188,09:39:49,3.54,0.0,73,25842,买盘
189,09:39:52,3.54,0.0,1080,382280,买盘
190,09:40:01,3.54,0.0,80,28320,卖盘
191,09:40:04,3.54,0.0,1,354,卖盘
192,09:40:07,3.55,0.01,55,19525,买盘
193,09:40:10,3.54,-0.01,47,16645,卖盘
194,09:40:16,3.55,0.01,55,19525,买盘
195,09:40:19,3.54,-0.01,30,10620,卖盘
196,09:40:22,3.55,0.01,60,21300,买盘
197,09:40:28,3.55,0.0,100,35500,买盘
198,09:40:31,3.55,0.0,31,11005,买盘
199,09:40:34,3.55,0.0,427,151585,买盘
200,09:40:37,3.55,0.0,4,1420,买盘
201,09:40:43,3.55,0.0,14,4970,买盘
202,09:40:46,3.55,0.0,14,4970,买盘
203,09:40:49,3.55,0.0,20,7100,买盘
204,09:40:52,3.55,0.0,26,9230,买盘
205,09:40:55,3.54,-0.01,86,30504,卖盘
206,09:40:58,3.54,0.0,758,268413,卖盘
207,09:41:00,3.54,0.0,25,8850,买盘
208,09:41:04,3.54,0.0,22,7788,买盘
209,09:41:10,3.54,0.0,19,6726,买盘
210,09:41:13,3.54,0.0,76,26904,买盘
211,09:41:16,3.54,0.0,30,10620,卖盘
212,09:41:19,3.54,0.0,29,10266,卖盘
213,09:41:22,3.55,0.01,708,251251,买盘
214,09:41:25,3.55,0.0,17,6035,卖盘
215,09:41:31,3.55,0.0,91,32305,卖盘
216,09:41:34,3.55,0.0,177,62907,卖盘
217,09:41:37,3.55,0.0,10,3550,卖盘
218,09:41:40,3.55,0.0,15,5197,卖盘
219,09:41:43,3.55,0.0,135,48169,卖盘
220,09:41:45,3.55,0.0,10,3550,买盘
221,09:41:49,3.55,0.0,5,1775,买盘
222,09:41:52,3.55,0.0,55,19525,买盘
223,09:41:55,3.55,0.0,186,65902,买盘
224,09:41:58,3.55,0.0,104,36920,卖盘
225,09:42:00,3.55,0.0,5,1775,卖盘
226,09:42:04,3.56,0.01,1,356,买盘
227,09:42:12,3.56,0.0,3,1068,买盘
228,09:42:16,3.55,-0.01,111,39416,卖盘
229,09:42:19,3.56,0.01,25,8895,买盘
230,09:42:22,3.56,0.0,405,144076,买盘
231,09:42:25,3.56,0.0,24,8534,买盘
232,09:42:28,3.56,0.0,74,26344,买盘
233,09:42:33,3.55,-0.01,6,2130,卖盘
234,09:42:39,3.56,0.01,71,25276,买盘
235,09:42:43,3.56,0.0,21,7476,买盘
236,09:42:46,3.56,0.0,271,96476,买盘
237,09:42:49,3.55,-0.01,50,17750,卖盘
238,09:42:52,3.56,0.01,20,7110,买盘
239,09:42:54,3.56,0.0,28,9968,买盘
240,09:43:01,3.56,0.0,13,4628,买盘
241,09:43:04,3.55,-0.01,10,3550,卖盘
242,09:43:07,3.56,0.01,6,2136,买盘
243,09:43:09,3.55,-0.01,40,14200,卖盘
244,09:43:16,3.55,0.0,25,8892,卖盘
245,09:43:19,3.55,0.0,1124,399152,卖盘
246,09:43:22,3.55,0.0,101,35855,买盘
247,09:43:25,3.55,0.0,160,56800,买盘
248,09:43:28,3.55,0.0,5,1775,买盘
249,09:43:31,3.55,0.0,28,9920,买盘
250,09:43:36,3.54,-0.01,90,31860,卖盘
251,09:43:40,3.54,0.0,420,148700,卖盘
252,09:43:43,3.54,0.0,89,31506,卖盘
253,09:43:45,3.54,0.0,53,18762,买盘
254,09:43:51,3.54,0.0,53,18762,买盘
255,09:43:55,3.53,-0.01,50,17650,卖盘
256,09:44:01,3.53,0.0,7,2471,卖盘
257,09:44:04,3.53,0.0,184,65119,卖盘
258,09:44:10,3.53,0.0,483,170548,卖盘
259,09:44:13,3.54,0.01,11,3894,买盘
260,09:44:16,3.53,-0.01,25,8846,卖盘
261,09:44:22,3.53,0.0,49,17297,卖盘
262,09:44:25,3.54,0.01,7,2478,买盘
263,09:44:28,3.54,0.0,17,6018,买盘
264,09:44:31,3.54,0.0,45,15930,买盘
265,09:44:34,3.53,-0.01,123,43432,卖盘
266,09:44:36,3.53,0.0,1,353,卖盘
267,09:44:40,3.54,0.01,347,122838,买盘
268,09:44:43,3.53,-0.01,300,105900,卖盘
269,09:44:46,3.54,0.01,40,14140,买盘
270,09:44:48,3.54,0.0,154,54476,买盘
271,09:44:55,3.54,0.0,44,15576,买盘
272,09:44:58,3.54,0.0,50,17655,买盘
273,09:45:04,3.54,0.0,503,178062,买盘
274,09:45:07,3.54,0.0,66,23364,卖盘
275,09:45:10,3.54,0.0,10,3540,卖盘
276,09:45:13,3.54,0.0,5,1770,卖盘
277,09:45:16,3.54,0.0,10,3540,卖盘
278,09:45:25,3.54,0.0,40,14160,卖盘
279,09:45:28,3.55,0.01,15,5325,买盘
280,09:45:30,3.54,-0.01,54,19116,卖盘
281,09:45:34,3.54,0.0,11,3894,卖盘
282,09:45:37,3.54,0.0,40,14160,卖盘
283,09:45:39,3.55,0.01,99,35085,买盘
284,09:45:43,3.55,0.0,41,14555,买盘
285,09:45:54,3.55,0.0,45,15950,买盘
286,09:45:57,3.54,-0.01,11,3895,卖盘
287,09:46:00,3.54,0.0,94,33276,卖盘
288,09:46:06,3.55,0.01,210,74550,买盘
289,09:46:10,3.55,0.0,1268,449640,买盘
290,09:46:16,3.54,-0.01,50,17700,中性盘
291,09:46:19,3.55,0.01,74,26270,买盘
292,09:46:24,3.54,-0.01,30,10620,卖盘
293,09:46:27,3.54,0.0,28,9912,买盘
294,09:46:31,3.54,0.0,58,20532,买盘
295,09:46:34,3.55,0.01,238,84415,买盘
296,09:46:39,3.55,0.0,134,47506,买盘
297,09:46:42,3.54,-0.01,29,10266,卖盘
298,09:46:45,3.54,0.0,2,708,卖盘
299,09:46:51,3.55,0.01,30,10650,买盘
300,09:46:55,3.54,-0.01,129,45785,卖盘
301,09:46:57,3.54,0.0,56,19824,卖盘
302,09:47:06,3.54,0.0,25,8850,买盘
303,09:47:09,3.54,0.0,159,56286,买盘
304,09:47:13,3.53,-0.01,585,206510,卖盘
305,09:47:19,3.54,0.01,41,14499,买盘
306,09:47:21,3.54,0.0,224,79296,买盘
307,09:47:24,3.54,0.0,166,58772,卖盘
308,09:47:34,3.55,0.01,12,4254,买盘
309,09:47:36,3.55,0.0,376,133375,买盘
310,09:47:42,3.55,0.0,10,3550,买盘
311,09:47:46,3.55,0.0,71,25205,买盘
312,09:47:51,3.55,0.0,8,2840,买盘
313,09:47:54,3.55,0.0,11,3905,买盘
314,09:47:57,3.54,-0.01,50,17700,卖盘
315,09:48:04,3.55,0.01,229,81266,买盘
316,09:48:06,3.55,0.0,2,710,买盘
317,09:48:16,3.55,0.0,9,3195,买盘
318,09:48:22,3.55,0.0,20,7100,买盘
319,09:48:25,3.54,-0.01,47,16638,卖盘
320,09:48:28,3.54,0.0,28,9912,卖盘
321,09:48:31,3.55,0.01,58,20540,买盘
322,09:48:34,3.55,0.0,4,1420,买盘
323,09:48:37,3.55,0.0,66,23430,买盘
324,09:48:49,3.54,-0.01,12,4248,卖盘
325,09:48:51,3.55,0.01,10,3550,买盘
326,09:48:58,3.54,-0.01,65,23045,卖盘
327,09:49:01,3.54,0.0,12,4248,卖盘
328,09:49:06,3.54,0.0,71,25134,卖盘
329,09:49:10,3.55,0.01,70,24850,买盘
330,09:49:12,3.54,-0.01,99,35046,卖盘
331,09:49:15,3.55,0.01,159,56445,买盘
332,09:49:24,3.55,0.0,45,15975,买盘
333,09:49:27,3.55,0.0,461,163645,买盘
334,09:49:30,3.55,0.0,3,1065,买盘
335,09:49:40,3.54,-0.01,123,43542,卖盘
336,09:49:42,3.55,0.01,7,2485,买盘
337,09:49:45,3.54,-0.01,153,54162,卖盘
338,09:49:48,3.55,0.01,212,75260,买盘
339,09:49:55,3.54,-0.01,60,21250,卖盘
340,09:50:04,3.55,0.01,7,2485,买盘
341,09:50:07,3.55,0.0,1,355,买盘
342,09:50:09,3.55,0.0,4,1420,买盘
343,09:50:12,3.54,-0.01,500,177000,卖盘
344,09:50:22,3.54,0.0,1,354,卖盘
345,09:50:24,3.54,0.0,130,46020,卖盘
346,09:50:27,3.55,0.01,2,710,买盘
347,09:50:30,3.55,0.0,226,80010,买盘
348,09:50:33,3.54,-0.01,156,55273,卖盘
349,09:50:36,3.54,0.0,6,2124,卖盘
350,09:50:39,3.54,0.0,159,56286,买盘
351,09:50:46,3.54,0.0,1,354,买盘
352,09:50:48,3.54,0.0,21,7434,买盘
353,09:50:52,3.54,0.0,41,14514,买盘
354,09:50:55,3.54,0.0,116,41064,买盘
355,09:50:57,3.54,0.0,10,3540,买盘
356,09:51:01,3.54,0.0,30,10620,买盘
357,09:51:04,3.54,0.0,164,58056,买盘
358,09:51:12,3.54,0.0,33,11682,买盘
359,09:51:15,3.54,0.0,25,8850,买盘
360,09:51:19,3.54,0.0,388,137352,买盘
361,09:51:22,3.53,-0.01,25,8830,卖盘
362,09:51:25,3.53,0.0,24,8486,卖盘
363,09:51:28,3.54,0.01,14,4956,买盘
364,09:51:31,3.54,0.0,69,24426,买盘
365,09:51:34,3.54,0.0,37,13098,买盘
366,09:51:37,3.54,0.0,10,3540,卖盘
367,09:51:39,3.55,0.01,35,12425,买盘
368,09:51:43,3.55,0.0,12,4260,买盘
369,09:51:46,3.55,0.0,20,7100,买盘
370,09:51:49,3.55,0.0,35,12425,买盘
371,09:51:51,3.54,-0.01,301,106613,卖盘
372,09:51:55,3.54,0.0,3,1062,卖盘
373,09:51:57,3.55,0.01,56,19880,买盘
374,09:52:01,3.55,0.0,51,18104,买盘
375,09:52:04,3.55,0.0,10,3550,买盘
376,09:52:07,3.55,0.0,40,14200,买盘
377,09:52:10,3.55,0.0,36,12779,买盘
378,09:52:13,3.55,0.0,3,1065,买盘
379,09:52:16,3.54,-0.01,33,11682,卖盘
380,09:52:19,3.54,0.0,33,11707,卖盘
381,09:52:22,3.54,0.0,1,354,卖盘
382,09:52:25,3.55,0.01,2,710,买盘
383,09:52:34,3.55,0.0,80,28400,买盘
384,09:52:37,3.54,-0.01,58,20589,卖盘
385,09:52:46,3.55,0.01,126,44730,买盘
386,09:52:48,3.54,-0.01,3,1063,卖盘
387,09:52:52,3.55,0.01,404,143420,买盘
388,09:52:55,3.54,-0.01,4,1416,卖盘
389,09:52:57,3.55,0.01,27,9585,买盘
390,09:53:00,3.55,0.0,41,14515,买盘
391,09:53:04,3.55,0.0,400,142000,买盘
392,09:53:07,3.54,-0.01,145,51470,卖盘
393,09:53:09,3.55,0.01,720,255650,买盘
394,09:53:13,3.55,0.0,34,12070,卖盘
395,09:53:16,3.55,0.0,6,2130,卖盘
396,09:53:19,3.55,0.0,189,67095,卖盘
397,09:53:22,3.55,0.0,2,710,卖盘
398,09:53:25,3.56,0.01,405,144180,买盘
399,09:53:28,3.55,-0.01,4,1420,卖盘
400,09:53:43,3.56,0.01,37,13172,买盘
401,09:53:55,3.56,0.0,10,3560,买盘
402,09:53:58,3.55,-0.01,50,17750,卖盘
403,09:54:01,3.55,0.0,1,355,卖盘
404,09:54:04,3.56,0.01,62,22072,买盘
405,09:54:07,3.55,-0.01,5,1775,卖盘
406,09:54:10,3.55,0.0,16,5695,卖盘
407,09:54:12,3.55,0.0,50,17750,卖盘
408,09:54:18,3.55,0.0,35,12430,卖盘
409,09:54:22,3.55,0.0,1,355,卖盘
410,09:54:25,3.56,0.01,3,1068,买盘
411,09:54:36,3.56,0.0,303,107868,买盘
412,09:54:39,3.55,-0.01,3,1065,卖盘
413,09:54:46,3.56,0.01,19,6764,买盘
414,09:54:49,3.56,0.0,159,56604,买盘
415,09:54:51,3.55,-0.01,39,13882,卖盘
416,09:55:07,3.56,0.01,47,16732,买盘
417,09:55:10,3.56,0.0,10,3560,买盘
418,09:55:16,3.56,0.0,1,356,买盘
419,09:55:21,3.56,0.0,28,9968,买盘
420,09:55:24,3.55,-0.01,99,35243,卖盘
421,09:55:28,3.56,0.01,220,78309,买盘
422,09:55:31,3.55,-0.01,18,6406,卖盘
423,09:55:34,3.56,0.01,12,4272,买盘
424,09:55:36,3.56,0.0,20,7120,买盘
425,09:55:40,3.56,0.0,42,14952,买盘
426,09:55:42,3.55,-0.01,67,23792,卖盘
427,09:55:45,3.55,0.0,23,8186,卖盘
428,09:55:48,3.56,0.01,4,1424,买盘
429,09:55:54,3.56,0.0,48,17088,买盘
430,09:55:58,3.56,0.0,9,3203,买盘
431,09:56:07,3.56,0.0,56,19936,买盘
432,09:56:09,3.55,-0.01,2,710,卖盘
433,09:56:13,3.56,0.01,10,3560,买盘
434,09:56:16,3.56,0.0,26,9256,买盘
435,09:56:28,3.55,-0.01,31,11006,卖盘
436,09:56:31,3.56,0.01,149,53043,买盘
437,09:56:34,3.55,-0.01,103,36565,卖盘
438,09:56:37,3.55,0.0,2,710,卖盘
439,09:56:39,3.55,0.0,163,57865,卖盘
440,09:56:42,3.55,0.0,63,22365,卖盘
441,09:56:46,3.55,0.0,1,355,卖盘
442,09:56:49,3.56,0.01,20,7120,买盘
443,09:56:57,3.56,0.0,100,35600,买盘
444,09:57:01,3.55,-0.01,54,19170,卖盘
445,09:57:04,3.55,0.0,2,710,卖盘
446,09:57:10,3.56,0.01,100,35600,买盘
447,09:57:13,3.55,-0.01,2,710,卖盘
448,09:57:16,3.55,0.0,80,28400,卖盘
449,09:57:19,3.55,0.0,30,10655,卖盘
450,09:57:21,3.55,0.0,60,21300,卖盘
451,09:57:24,3.55,0.0,1,355,卖盘
452,09:57:28,3.55,0.0,30,10650,卖盘
453,09:57:31,3.55,0.0,1,355,卖盘
454,09:57:34,3.55,0.0,5,1775,卖盘
455,09:57:36,3.55,0.0,160,56900,卖盘
456,09:57:40,3.55,0.0,3,1065,卖盘
457,09:57:42,3.56,0.01,112,39820,买盘
458,09:57:45,3.56,0.0,38,13525,买盘
459,09:57:49,3.56,0.0,418,148808,买盘
460,09:57:52,3.56,0.0,893,317889,买盘
461,09:57:55,3.56,0.0,18,6408,卖盘
462,09:57:58,3.57,0.01,9,3213,买盘
463,09:58:01,3.57,0.0,18,6426,买盘
464,09:58:04,3.57,0.0,5,1785,买盘
465,09:58:06,3.57,0.0,60,21420,买盘
466,09:58:10,3.55,-0.02,98,34885,卖盘
467,09:58:13,3.57,0.02,45,16060,买盘
468,09:58:16,3.56,-0.01,110,39157,卖盘
469,09:58:22,3.57,0.01,120,42840,买盘
470,09:58:25,3.56,-0.01,4,1424,卖盘
471,09:58:30,3.57,0.01,103,36671,买盘
472,09:58:34,3.56,-0.01,13,4628,买盘
473,09:58:40,3.57,0.01,50,17850,买盘
474,09:58:43,3.56,-0.01,5,1780,卖盘
475,09:58:46,3.56,0.0,51,18156,卖盘
476,09:58:48,3.57,0.01,5,1785,买盘
477,09:58:57,3.57,0.0,3,1071,买盘
478,09:59:00,3.57,0.0,43,15351,买盘
479,09:59:04,3.56,-0.01,3,1068,卖盘
480,09:59:06,3.57,0.01,65,23150,买盘
481,09:59:10,3.56,-0.01,11,3916,卖盘
482,09:59:24,3.56,0.0,38,13528,卖盘
483,09:59:34,3.56,0.0,50,17800,卖盘
484,09:59:36,3.56,0.0,223,79406,卖盘
485,09:59:40,3.56,0.0,4,1424,卖盘
486,09:59:51,3.57,0.01,50,17850,买盘
487,09:59:55,3.56,-0.01,10,3560,卖盘
488,10:00:01,3.57,0.01,7,2499,买盘
489,10:00:04,3.56,-0.01,20,7120,卖盘
490,10:00:09,3.57,0.01,103,36771,买盘
491,10:00:12,3.57,0.0,13,4637,买盘
492,10:00:19,3.57,0.0,23,8211,买盘
493,10:00:21,3.57,0.0,5,1785,买盘
494,10:00:24,3.57,0.0,263,93891,买盘
495,10:00:28,3.56,-0.01,36,12816,卖盘
496,10:00:30,3.57,0.01,5,1785,买盘
497,10:00:34,3.57,0.0,10,3570,买盘
498,10:00:37,3.56,-0.01,89,31703,卖盘
499,10:00:39,3.57,0.01,774,276318,买盘
500,10:00:42,3.56,-0.01,19,6764,卖盘
501,10:00:54,3.57,0.01,2,714,买盘
502,10:00:57,3.57,0.0,93,33201,买盘
503,10:01:03,3.57,0.0,3,1071,买盘
504,10:01:07,3.56,-0.01,618,220008,卖盘
505,10:01:09,3.56,0.0,19,6767,卖盘
506,10:01:21,3.57,0.01,10,3570,买盘
507,10:01:27,3.57,0.0,14,4998,买盘
508,10:01:30,3.57,0.0,20,7140,买盘
509,10:01:33,3.57,0.0,5,1785,买盘
510,10:01:49,3.57,0.0,1,357,买盘
511,10:01:52,3.57,0.0,30,10710,买盘
512,10:01:57,3.57,0.0,20,7140,买盘
513,10:02:01,3.57,0.0,6,2142,买盘
514,10:02:04,3.57,0.0,23,8211,买盘
515,10:02:10,3.57,0.0,5,1785,买盘
516,10:02:12,3.57,0.0,28,9996,买盘
517,10:02:15,3.57,0.0,47,16779,买盘
518,10:02:22,3.57,0.0,50,17850,买盘
519,10:02:24,3.56,-0.01,5,1780,卖盘
520,10:02:27,3.57,0.01,56,19971,买盘
521,10:02:30,3.57,0.0,4,1428,买盘
522,10:03:01,3.57,0.0,67,23871,买盘
523,10:03:04,3.57,0.0,67,23919,买盘
524,10:03:09,3.57,0.0,54,19278,买盘
525,10:03:12,3.57,0.0,88,31410,买盘
526,10:03:15,3.57,0.0,13,4641,买盘
527,10:03:18,3.57,0.0,23,8211,买盘
528,10:03:25,3.57,0.0,35,12495,买盘
529,10:03:28,3.56,-0.01,207,73896,卖盘
530,10:03:30,3.57,0.01,39,13916,买盘
531,10:03:34,3.57,0.0,14,4998,买盘
532,10:03:37,3.57,0.0,25,8925,买盘
533,10:03:40,3.57,0.0,7,2499,买盘
534,10:03:51,3.57,0.0,24,8568,买盘
535,10:04:01,3.57,0.0,5,1785,买盘
536,10:04:07,3.57,0.0,16,5712,买盘
537,10:04:12,3.57,0.0,8,2854,买盘
538,10:04:16,3.57,0.0,20,7140,买盘
539,10:04:22,3.57,0.0,4,1428,买盘
540,10:04:25,3.57,0.0,37,13209,买盘
541,10:04:31,3.57,0.0,2,714,买盘
542,10:04:39,3.57,0.0,11,3927,买盘
543,10:04:43,3.57,0.0,13,4636,买盘
544,10:04:46,3.57,0.0,3,1071,买盘
545,10:04:49,3.57,0.0,1,357,买盘
546,10:04:52,3.57,0.0,15,5355,买盘
547,10:04:58,3.56,-0.01,377,134212,卖盘
548,10:05:00,3.56,0.0,8,2848,卖盘
549,10:05:04,3.57,0.01,5,1785,买盘
550,10:05:16,3.57,0.0,5,1785,买盘
551,10:05:19,3.56,-0.01,1010,359560,卖盘
552,10:05:22,3.56,0.0,21,7476,卖盘
553,10:05:27,3.56,0.0,1,356,卖盘
554,10:05:34,3.57,0.01,1,357,买盘
555,10:05:36,3.57,0.0,50,17850,买盘
556,10:05:49,3.56,-0.01,18,6408,卖盘
557,10:05:52,3.57,0.01,101,36006,买盘
558,10:05:55,3.56,-0.01,1,356,卖盘
559,10:05:58,3.57,0.01,66,23562,买盘
560,10:06:01,3.57,0.0,22,7839,买盘
561,10:06:04,3.56,-0.01,19,6773,卖盘
562,10:06:07,3.56,0.0,62,22086,卖盘
563,10:06:16,3.56,0.0,50,17810,卖盘
564,10:06:19,3.57,0.01,43,15351,买盘
565,10:06:24,3.57,0.0,24,8568,买盘
566,10:06:28,3.57,0.0,40,14275,买盘
567,10:06:31,3.57,0.0,37,13199,买盘
568,10:06:34,3.57,0.0,10,3570,买盘
569,10:06:40,3.57,0.0,99,35343,买盘
570,10:06:46,3.57,0.0,32,11424,买盘
571,10:06:49,3.57,0.0,5,1785,买盘
572,10:06:52,3.57,0.0,55,19630,买盘
573,10:06:54,3.57,0.0,24,8552,买盘
574,10:06:57,3.57,0.0,11,3927,买盘
575,10:07:01,3.57,0.0,55,19635,买盘
576,10:07:04,3.57,0.0,11,3927,买盘
577,10:07:06,3.57,0.0,42,14994,买盘
578,10:07:10,3.57,0.0,26,9282,买盘
579,10:07:13,3.57,0.0,13,4641,买盘
580,10:07:15,3.57,0.0,77,27489,买盘
581,10:07:18,3.57,0.0,27,9633,买盘
582,10:07:21,3.57,0.0,6,2142,买盘
583,10:07:24,3.56,-0.01,179,63893,卖盘
584,10:07:28,3.57,0.01,27,9639,买盘
585,10:07:31,3.56,-0.01,162,57829,卖盘
586,10:07:37,3.57,0.01,31,11067,买盘
587,10:07:40,3.57,0.0,32,11424,买盘
588,10:07:43,3.57,0.0,45,16060,买盘
589,10:07:46,3.57,0.0,28,9996,买盘
590,10:07:49,3.57,0.0,44,15708,买盘
591,10:07:55,3.57,0.0,17,6058,买盘
592,10:07:58,3.57,0.0,13,4641,买盘
593,10:08:04,3.57,0.0,41,14637,买盘
594,10:08:09,3.57,0.0,9,3213,买盘
595,10:08:13,3.57,0.0,5,1785,买盘
596,10:08:18,3.57,0.0,42,14994,买盘
597,10:08:22,3.57,0.0,28,9991,买盘
598,10:08:30,3.57,0.0,3,1071,买盘
599,10:08:33,3.57,0.0,1175,419475,买盘
600,10:08:37,3.57,0.0,24,8568,卖盘
601,10:08:43,3.57,0.0,85,30345,卖盘
602,10:08:46,3.57,0.0,25,8925,卖盘
603,10:08:49,3.58,0.01,50,17900,买盘
604,10:08:52,3.57,-0.01,33,11781,卖盘
605,10:08:54,3.57,0.0,66,23536,买盘
606,10:08:57,3.56,-0.01,63,22470,卖盘
607,10:09:01,3.57,0.01,30,10710,买盘
608,10:09:07,3.58,0.01,147,52576,买盘
609,10:09:10,3.56,-0.02,6,2136,卖盘
610,10:09:19,3.56,0.0,65,23204,卖盘
611,10:09:21,3.57,0.01,20,7140,买盘
612,10:09:25,3.56,-0.01,31,11036,卖盘
613,10:09:28,3.57,0.01,46,16422,买盘
614,10:09:37,3.57,0.0,8,2856,买盘
615,10:09:45,3.57,0.0,14,4998,买盘
616,10:09:49,3.56,-0.01,27,9613,卖盘
617,10:09:51,3.56,0.0,8,2848,卖盘
618,10:09:55,3.57,0.01,100,35700,买盘
619,10:10:01,3.56,-0.01,20,7130,卖盘
620,10:10:07,3.57,0.01,104,37128,买盘
621,10:10:09,3.56,-0.01,5,1780,卖盘
622,10:10:16,3.57,0.01,38,13566,买盘
623,10:10:19,3.56,-0.01,9,3204,卖盘
624,10:10:30,3.56,0.0,30,10680,卖盘
625,10:10:34,3.56,0.0,2,712,卖盘
626,10:10:37,3.57,0.01,11,3927,买盘
627,10:10:39,3.56,-0.01,67,23857,卖盘
628,10:10:43,3.57,0.01,14,4998,买盘
629,10:10:46,3.56,-0.01,5,1782,卖盘
630,10:10:49,3.57,0.01,250,89022,买盘
631,10:10:51,3.56,-0.01,125,44614,卖盘
632,10:10:55,3.57,0.01,15,5355,买盘
633,10:10:58,3.56,-0.01,23,8209,卖盘
634,10:11:01,3.56,0.0,16,5696,卖盘
635,10:11:04,3.56,0.0,3,1068,卖盘
636,10:11:09,3.56,0.0,37,13198,卖盘
637,10:11:16,3.57,0.01,134,47736,买盘
638,10:11:18,3.56,-0.01,7,2492,卖盘
639,10:11:21,3.56,0.0,6,2136,卖盘
640,10:11:27,3.56,0.0,3,1069,卖盘
641,10:11:33,3.56,0.0,6,2140,卖盘
642,10:11:37,3.57,0.01,19,6783,买盘
643,10:11:40,3.56,-0.01,285,101740,卖盘
644,10:11:42,3.56,0.0,30,10704,卖盘
645,10:11:46,3.56,0.0,2,712,卖盘
646,10:11:51,3.56,0.0,2,712,卖盘
647,10:11:57,3.56,0.0,3,1068,卖盘
648,10:12:04,3.56,0.0,12,4272,卖盘
649,10:12:10,3.56,0.0,115,40980,卖盘
650,10:12:16,3.56,0.0,3,1068,卖盘
651,10:12:19,3.56,0.0,53,18889,卖盘
652,10:12:22,3.56,0.0,43,15308,卖盘
653,10:12:24,3.57,0.01,127,45292,买盘
654,10:12:27,3.56,-0.01,171,60876,卖盘
655,10:12:31,3.55,-0.01,1640,583833,卖盘
656,10:12:34,3.55,0.0,35,12425,卖盘
657,10:12:37,3.56,0.01,6,2136,买盘
658,10:12:40,3.55,-0.01,2,710,卖盘
659,10:12:43,3.56,0.01,24,8544,买盘
660,10:12:46,3.55,-0.01,3,1065,卖盘
661,10:12:48,3.56,0.01,4,1424,买盘
662,10:12:51,3.56,0.0,26,9254,买盘
663,10:12:55,3.56,0.0,94,33464,买盘
664,10:12:58,3.55,-0.01,7,2490,卖盘
665,10:13:01,3.56,0.01,26,9251,买盘
666,10:13:04,3.56,0.0,5,1777,买盘
667,10:13:07,3.56,0.0,74,26344,买盘
668,10:13:09,3.55,-0.01,7,2490,卖盘
669,10:13:12,3.56,0.01,13,4628,买盘
670,10:13:16,3.56,0.0,8,2846,买盘
671,10:13:19,3.56,0.0,170,60459,买盘
672,10:13:22,3.55,-0.01,14,4975,卖盘
673,10:13:25,3.55,0.0,32,11360,卖盘
674,10:13:28,3.56,0.01,6,2136,买盘
675,10:13:31,3.55,-0.01,2,710,卖盘
676,10:13:36,3.55,0.0,46,16373,卖盘
677,10:13:42,3.55,0.0,104,37022,卖盘
678,10:13:46,3.56,0.01,10,3560,买盘
679,10:13:48,3.55,-0.01,6,2134,卖盘
680,10:13:51,3.56,0.01,11,3915,买盘
681,10:13:55,3.55,-0.01,16,5693,卖盘
682,10:13:57,3.55,0.0,32,11385,卖盘
683,10:14:01,3.56,0.01,65,23138,买盘
684,10:14:04,3.56,0.0,45,16020,买盘
685,10:14:07,3.55,-0.01,2,710,卖盘
686,10:14:09,3.56,0.01,15,5340,买盘
687,10:14:12,3.55,-0.01,35,12457,卖盘
688,10:14:15,3.56,0.01,36,12816,买盘
689,10:14:18,3.55,-0.01,2,710,卖盘
690,10:14:21,3.55,0.0,31,11031,卖盘
691,10:14:25,3.55,0.0,40,14237,卖盘
692,10:14:28,3.55,0.0,22,7650,卖盘
693,10:14:31,3.56,0.01,31,11034,买盘
694,10:14:37,3.56,0.0,24,8542,买盘
695,10:14:40,3.56,0.0,6,2136,买盘
696,10:14:43,3.56,0.0,36,12813,买盘
697,10:14:45,3.55,-0.01,4,1420,卖盘
698,10:14:49,3.55,0.0,8,2846,卖盘
699,10:14:52,3.56,0.01,18,6404,买盘
700,10:14:55,3.56,0.0,16,5690,买盘
701,10:14:58,3.56,0.0,65,23106,买盘
702,10:15:01,3.55,-0.01,15,5331,卖盘
703,10:15:04,3.56,0.01,6,2136,买盘
704,10:15:06,3.56,0.0,93,33106,买盘
705,10:15:10,3.56,0.0,21,7476,买盘
706,10:15:13,3.55,-0.01,2,710,卖盘
707,10:15:16,3.56,0.01,56,19936,买盘
708,10:15:19,3.55,-0.01,34,12101,卖盘
709,10:15:25,3.56,0.01,20,7118,买盘
710,10:15:28,3.56,0.0,42,14937,买盘
711,10:15:31,3.56,0.0,52,18510,买盘
712,10:15:34,3.56,0.0,11,3916,买盘
713,10:15:37,3.56,0.0,3,1068,卖盘
714,10:15:43,3.56,0.0,2,712,卖盘
715,10:15:46,3.57,0.01,6,2142,买盘
716,10:15:49,3.57,0.0,5,1783,买盘
717,10:15:55,3.56,-0.01,18,6408,卖盘
718,10:15:58,3.57,0.01,5,1785,买盘
719,10:16:01,3.57,0.0,52,18562,买盘
720,10:16:07,3.57,0.0,16,5710,买盘
721,10:16:10,3.56,-0.01,3,1068,卖盘
722,10:16:16,3.56,0.0,8,2854,卖盘
723,10:16:22,3.56,0.0,4,1426,卖盘
724,10:16:28,3.56,0.0,3,1068,卖盘
725,10:16:31,3.56,0.0,5,1780,卖盘
726,10:16:33,3.56,0.0,27,9612,卖盘
727,10:16:39,3.56,0.0,3,1068,卖盘
728,10:16:42,3.57,0.01,1,357,买盘
729,10:16:46,3.56,-0.01,23,8188,卖盘
730,10:16:52,3.56,0.0,2,712,卖盘
731,10:16:58,3.56,0.0,3,1068,卖盘
732,10:17:03,3.56,0.0,23,8209,卖盘
733,10:17:10,3.56,0.0,168,59934,卖盘
734,10:17:12,3.56,0.0,5,1780,卖盘
735,10:17:16,3.57,0.01,9,3210,买盘
736,10:17:19,3.56,-0.01,30,10680,卖盘
737,10:17:21,3.56,0.0,2,712,卖盘
738,10:17:25,3.57,0.01,21,7497,买盘
739,10:17:27,3.56,-0.01,2,712,卖盘
740,10:17:30,3.57,0.01,21,7497,买盘
741,10:17:34,3.56,-0.01,3,1068,卖盘
742,10:17:39,3.56,0.0,2,712,卖盘
743,10:17:42,3.57,0.01,20,7140,买盘
744,10:17:45,3.56,-0.01,2,712,卖盘
745,10:17:49,3.57,0.01,12,4284,买盘
746,10:17:51,3.56,-0.01,65,23202,卖盘
747,10:17:54,3.56,0.0,24,8560,卖盘
748,10:17:57,3.56,0.0,2,712,卖盘
749,10:18:01,3.57,0.01,1,357,买盘
750,10:18:04,3.57,0.0,23,8209,买盘
751,10:18:06,3.56,-0.01,45,16020,卖盘
752,10:18:10,3.56,0.0,3,1068,卖盘
753,10:18:15,3.56,0.0,2,712,卖盘
754,10:18:18,3.57,0.01,59,21063,买盘
755,10:18:21,3.56,-0.01,3,1068,卖盘
756,10:18:28,3.56,0.0,3,1068,卖盘
757,10:18:31,3.56,0.0,81,28836,卖盘
758,10:18:33,3.56,0.0,64,22826,卖盘
759,10:18:36,3.56,0.0,23,8188,卖盘
760,10:18:39,3.56,0.0,21,7476,卖盘
761,10:18:46,3.56,0.0,2,712,卖盘
762,10:18:48,3.56,0.0,7,2492,卖盘
763,10:18:54,3.56,0.0,3,1068,卖盘
764,10:19:00,3.56,0.0,2,712,卖盘
765,10:19:06,3.56,0.0,2,712,卖盘
766,10:19:09,3.56,0.0,81,28836,卖盘
767,10:19:13,3.56,0.0,1089,387684,卖盘
768,10:19:16,3.55,-0.01,25,8875,卖盘
769,10:19:19,3.55,0.0,2,710,卖盘
770,10:19:24,3.55,0.0,2,710,卖盘
771,10:19:30,3.55,0.0,3,1065,卖盘
772,10:19:33,3.55,0.0,6,2130,卖盘
773,10:19:37,3.55,0.0,2,710,卖盘
774,10:19:42,3.55,0.0,2,710,卖盘
775,10:19:46,3.55,0.0,57,20235,卖盘
776,10:19:48,3.56,0.01,5,1777,买盘
777,10:19:51,3.55,-0.01,119,42245,卖盘
778,10:19:55,3.55,0.0,7,2485,卖盘
779,10:19:58,3.55,0.0,5,1775,卖盘
780,10:20:00,3.55,0.0,22,7810,卖盘
781,10:20:04,3.56,0.01,5,1780,买盘
782,10:20:06,3.55,-0.01,25,8897,卖盘
783,10:20:10,3.56,0.01,4,1424,买盘
784,10:20:12,3.55,-0.01,2,710,卖盘
785,10:20:15,3.55,0.0,16,5680,卖盘
786,10:20:18,3.55,0.0,10,3550,卖盘
787,10:20:21,3.56,0.01,61,21666,买盘
788,10:20:25,3.55,-0.01,5,1775,卖盘
789,10:20:30,3.55,0.0,2,710,卖盘
790,10:20:33,3.56,0.01,119,42264,买盘
791,10:20:36,3.55,-0.01,47,16685,卖盘
792,10:20:42,3.55,0.0,14,4978,卖盘
793,10:20:46,3.56,0.01,5,1780,买盘
794,10:20:48,3.55,-0.01,2,710,卖盘
795,10:20:51,3.55,0.0,5,1775,卖盘
796,10:20:55,3.55,0.0,36,12780,卖盘
797,10:21:00,3.56,0.01,13,4626,买盘
798,10:21:06,3.56,0.0,33,11746,买盘
799,10:21:13,3.55,-0.01,3,1065,卖盘
800,10:21:16,3.56,0.01,30,10680,买盘
801,10:21:18,3.56,0.0,25,8878,买盘
802,10:21:21,3.56,0.0,16,5696,买盘
803,10:21:24,3.56,0.0,13,4620,买盘
804,10:21:27,3.55,-0.01,5,1775,卖盘
805,10:21:30,3.55,0.0,8,2840,卖盘
806,10:21:36,3.56,0.01,7,2490,买盘
807,10:21:42,3.55,-0.01,2,710,卖盘
808,10:21:45,3.55,0.0,53,18815,卖盘
809,10:21:49,3.55,0.0,109,38695,卖盘
810,10:21:52,3.55,0.0,2,710,卖盘
811,10:21:57,3.55,0.0,2,710,卖盘
812,10:22:00,3.56,0.01,79,28104,买盘
813,10:22:03,3.55,-0.01,18,6390,卖盘
814,10:22:06,3.55,0.0,10,3550,卖盘
815,10:22:10,3.55,0.0,27,9585,卖盘
816,10:22:16,3.55,0.0,17,6045,卖盘
817,10:22:21,3.55,0.0,2,710,卖盘
818,10:22:27,3.55,0.0,2,710,卖盘
819,10:22:33,3.55,0.0,3,1065,卖盘
820,10:22:39,3.55,0.0,2,710,卖盘
821,10:22:45,3.55,0.0,2,710,卖盘
822,10:22:51,3.55,0.0,3,1065,卖盘
823,10:22:57,3.55,0.0,2,710,卖盘
824,10:23:04,3.55,0.0,7,2485,卖盘
825,10:23:10,3.55,0.0,45,15975,卖盘
826,10:23:15,3.55,0.0,2,710,卖盘
827,10:23:21,3.55,0.0,2,710,卖盘
828,10:23:24,3.56,0.01,20,7120,买盘
829,10:23:27,3.55,-0.01,3,1065,卖盘
830,10:23:30,3.56,0.01,71,25237,买盘
831,10:23:33,3.55,-0.01,107,37985,卖盘
832,10:23:39,3.56,0.01,32,11390,买盘
833,10:23:42,3.55,-0.01,25,8875,卖盘
834,10:23:45,3.55,0.0,3,1065,卖盘
835,10:23:48,3.55,0.0,9,3199,卖盘
836,10:23:51,3.56,0.01,4,1422,买盘
837,10:23:54,3.55,-0.01,33,11721,卖盘
838,10:23:57,3.56,0.01,4,1422,买盘
839,10:24:04,3.55,-0.01,3,1065,卖盘
840,10:24:06,3.56,0.01,9,3204,买盘
841,10:24:09,3.55,-0.01,7,2485,卖盘
842,10:24:12,3.56,0.01,6,2136,买盘
843,10:24:15,3.55,-0.01,17,6039,卖盘
844,10:24:18,3.56,0.01,31,11036,买盘
845,10:24:21,3.55,-0.01,2,710,卖盘
846,10:24:24,3.56,0.01,1,356,买盘
847,10:24:28,3.55,-0.01,2,710,卖盘
848,10:24:30,3.55,0.0,3,1065,卖盘
849,10:24:33,3.55,0.0,4,1420,卖盘
850,10:24:36,3.55,0.0,2,710,卖盘
851,10:24:39,3.56,0.01,15,5340,买盘
852,10:24:42,3.56,0.0,36,12814,买盘
853,10:24:45,3.56,0.0,6,2136,买盘
854,10:24:48,3.55,-0.01,317,112549,卖盘
855,10:24:51,3.55,0.0,9,3195,卖盘
856,10:24:54,3.55,0.0,2,710,卖盘
857,10:25:00,3.55,0.0,2,710,卖盘
858,10:25:06,3.55,0.0,3,1065,卖盘
859,10:25:13,3.55,0.0,2,710,卖盘
860,10:25:18,3.55,0.0,7,2485,卖盘
861,10:25:24,3.55,0.0,3,1065,卖盘
862,10:25:27,3.56,0.01,12,4272,买盘
863,10:25:30,3.55,-0.01,282,100110,卖盘
864,10:25:34,3.55,0.0,37,13135,卖盘
865,10:25:36,3.55,0.0,2,710,卖盘
866,10:25:39,3.55,0.0,10,3550,卖盘
867,10:25:42,3.55,0.0,3,1065,卖盘
868,10:25:45,3.55,0.0,45,15975,卖盘
869,10:25:48,3.55,0.0,13,4617,卖盘
870,10:25:54,3.55,0.0,2,710,卖盘
871,10:26:01,3.55,0.0,13,4615,卖盘
872,10:26:06,3.55,0.0,8,2840,卖盘
873,10:26:09,3.55,0.0,150,53250,卖盘
874,10:26:12,3.55,0.0,8,2840,卖盘
875,10:26:15,3.55,0.0,52,18460,卖盘
876,10:26:18,3.56,0.01,66,23494,买盘
877,10:26:24,3.56,0.0,23,8186,买盘
878,10:26:30,3.55,-0.01,13,4615,卖盘
879,10:26:36,3.56,0.01,15,5338,买盘
880,10:26:39,3.56,0.0,21,7476,买盘
881,10:26:42,3.55,-0.01,52,18460,卖盘
882,10:26:45,3.55,0.0,46,16352,卖盘
883,10:26:48,3.56,0.01,64,22732,买盘
884,10:26:51,3.56,0.0,224,79643,买盘
885,10:26:54,3.56,0.0,15,5331,买盘
886,10:26:57,3.55,-0.01,3,1065,卖盘
887,10:27:00,3.56,0.01,66,23448,买盘
888,10:27:04,3.55,-0.01,3,1065,卖盘
889,10:27:06,3.55,0.0,56,19880,卖盘
890,10:27:09,3.55,0.0,32,11360,卖盘
891,10:27:12,3.55,0.0,3,1065,卖盘
892,10:27:15,3.55,0.0,8,2846,卖盘
893,10:27:21,3.55,0.0,3,1065,卖盘
894,10:27:25,3.55,0.0,20,7100,卖盘
895,10:27:27,3.55,0.0,88,31240,卖盘
896,10:27:30,3.55,0.0,6,2130,卖盘
897,10:27:33,3.55,0.0,2,710,卖盘
898,10:27:36,3.55,0.0,5,1775,卖盘
899,10:27:39,3.55,0.0,3,1065,卖盘
900,10:27:45,3.55,0.0,9,3195,卖盘
901,10:27:49,3.55,0.0,54,19170,卖盘
902,10:27:52,3.55,0.0,25,8898,卖盘
903,10:27:54,3.55,0.0,10,3550,卖盘
904,10:27:57,3.55,0.0,3,1065,卖盘
905,10:28:00,3.55,0.0,60,21300,卖盘
906,10:28:03,3.55,0.0,2,710,卖盘
907,10:28:09,3.56,0.01,149,52987,买盘
908,10:28:13,3.55,-0.01,7,2485,卖盘
909,10:28:16,3.55,0.0,2,710,卖盘
910,10:28:21,3.55,0.0,2,710,卖盘
911,10:28:24,3.55,0.0,37,13168,卖盘
912,10:28:27,3.55,0.0,59,20945,卖盘
913,10:28:30,3.55,0.0,820,291100,卖盘
914,10:28:33,3.55,0.0,49,17395,卖盘
915,10:28:36,3.55,0.0,130,46150,卖盘
916,10:28:39,3.54,-0.01,13,4613,卖盘
917,10:28:46,3.54,0.0,3,1062,卖盘
918,10:28:48,3.54,0.0,27,9558,卖盘
919,10:28:51,3.54,0.0,12,4248,卖盘
920,10:28:54,3.54,0.0,5,1770,卖盘
921,10:28:57,3.54,0.0,2,708,卖盘
922,10:29:03,3.54,0.0,6,2124,卖盘
923,10:29:10,3.54,0.0,7,2478,卖盘
924,10:29:13,3.55,0.01,10,3550,买盘
925,10:29:16,3.54,-0.01,2,708,卖盘
926,10:29:19,3.54,0.0,20,7080,卖盘
927,10:29:21,3.55,0.01,923,327662,买盘
928,10:29:25,3.54,-0.01,20,7080,卖盘
929,10:29:27,3.55,0.01,102,36208,买盘
930,10:29:33,3.54,-0.01,2,708,卖盘
931,10:29:36,3.55,0.01,1,355,买盘
932,10:29:39,3.54,-0.01,49,17382,卖盘
933,10:29:42,3.54,0.0,389,138091,卖盘
934,10:29:45,3.54,0.0,134,47557,卖盘
935,10:29:48,3.54,0.0,12,4258,卖盘
936,10:29:54,3.54,0.0,3,1062,卖盘
937,10:29:57,3.55,0.01,3,1065,买盘
938,10:30:01,3.54,-0.01,32,11358,卖盘
939,10:30:06,3.54,0.0,2,708,卖盘
940,10:30:09,3.55,0.01,4,1420,买盘
941,10:30:12,3.55,0.0,24,8517,买盘
942,10:30:15,3.55,0.0,141,50055,买盘
943,10:30:18,3.54,-0.01,87,30831,卖盘
944,10:30:21,3.55,0.01,48,17040,买盘
945,10:30:24,3.54,-0.01,189,66992,卖盘
946,10:30:28,3.55,0.01,19,6738,买盘
947,10:30:30,3.54,-0.01,28,9912,卖盘
948,10:30:33,3.55,0.01,6,2130,买盘
949,10:30:36,3.54,-0.01,2,708,卖盘
950,10:30:43,3.55,0.01,80,28397,买盘
951,10:30:48,3.55,0.0,8,2838,买盘
952,10:30:52,3.55,0.0,1,355,买盘
953,10:30:54,3.54,-0.01,8,2838,卖盘
954,10:31:00,3.54,0.0,3,1062,卖盘
955,10:31:07,3.54,0.0,2,708,卖盘
956,10:31:13,3.54,0.0,2,708,卖盘
957,10:31:16,3.55,0.01,19,6736,买盘
958,10:31:19,3.54,-0.01,3,1062,卖盘
959,10:31:24,3.54,0.0,2,708,卖盘
960,10:31:31,3.55,0.01,11,3903,买盘
961,10:31:36,3.54,-0.01,3,1062,卖盘
962,10:31:39,3.55,0.01,200,70900,买盘
963,10:31:42,3.54,-0.01,10,3540,卖盘
964,10:31:48,3.54,0.0,502,177708,卖盘
965,10:31:52,3.54,0.0,11,3894,卖盘
966,10:31:54,3.54,0.0,3,1062,卖盘
967,10:32:00,3.54,0.0,2,708,卖盘
968,10:32:06,3.55,0.01,4,1418,买盘
969,10:32:12,3.54,-0.01,3,1062,卖盘
970,10:32:18,3.55,0.01,1203,427063,买盘
971,10:32:21,3.54,-0.01,24,8496,卖盘
972,10:32:24,3.55,0.01,33,11712,买盘
973,10:32:30,3.54,-0.01,2,708,卖盘
974,10:32:33,3.54,0.0,2,708,卖盘
975,10:32:39,3.55,0.01,16,5677,买盘
976,10:32:45,3.54,-0.01,2,708,卖盘
977,10:32:52,3.54,0.0,2,708,卖盘
978,10:32:57,3.54,0.0,3,1062,卖盘
979,10:33:04,3.54,0.0,23,8142,卖盘
980,10:33:09,3.54,0.0,2,708,卖盘
981,10:33:16,3.54,0.0,3,1062,卖盘
982,10:33:21,3.54,0.0,2,708,卖盘
983,10:33:24,3.55,0.01,50,17750,买盘
984,10:33:28,3.54,-0.01,2,708,卖盘
985,10:33:33,3.54,0.0,3,1062,卖盘
986,10:33:40,3.54,0.0,2,708,卖盘
987,10:33:42,3.54,0.0,30,10620,卖盘
988,10:33:46,3.54,0.0,728,257712,卖盘
989,10:33:48,3.54,0.0,15,5310,卖盘
990,10:33:51,3.54,0.0,3,1062,卖盘
991,10:33:54,3.55,0.01,12,4260,买盘
992,10:33:58,3.54,-0.01,2,708,卖盘
993,10:34:01,3.55,0.01,77,27335,买盘
994,10:34:04,3.54,-0.01,3,1062,卖盘
995,10:34:09,3.54,0.0,2,708,卖盘
996,10:34:15,3.54,0.0,106,37524,卖盘
997,10:34:18,3.54,0.0,1,354,卖盘
998,10:34:21,3.54,0.0,3,1062,卖盘
999,10:34:24,3.54,0.0,100,35400,卖盘
1000,10:34:27,3.54,0.0,8,2832,卖盘
1001,10:34:33,3.54,0.0,3,1062,卖盘
1002,10:34:39,3.54,0.0,382,135228,卖盘
1003,10:34:43,3.54,0.0,8,2832,卖盘
1004,10:34:45,3.55,0.01,12,4258,买盘
1005,10:34:51,3.54,-0.01,2,708,卖盘
1006,10:34:54,3.54,0.0,77,27258,卖盘
1007,10:34:57,3.54,0.0,108,38337,卖盘
1008,10:35:04,3.54,0.0,2,708,卖盘
1009,10:35:06,3.54,0.0,2,708,卖盘
1010,10:35:15,3.54,0.0,3,1062,卖盘
1011,10:35:19,3.54,0.0,25,8850,卖盘
1012,10:35:21,3.54,0.0,7,2478,卖盘
1013,10:35:24,3.54,0.0,2,708,卖盘
1014,10:35:27,3.54,0.0,277,98235,卖盘
1015,10:35:30,3.54,0.0,9,3186,卖盘
1016,10:35:36,3.54,0.0,2,708,卖盘
1017,10:35:42,3.54,0.0,58,20532,卖盘
1018,10:35:45,3.54,0.0,18,6386,卖盘
1019,10:35:48,3.54,0.0,3,1062,卖盘
1020,10:35:51,3.54,0.0,11,3894,卖盘
1021,10:35:54,3.54,0.0,2,708,卖盘
1022,10:36:01,3.54,0.0,17,6018,卖盘
1023,10:36:04,3.55,0.01,47,16685,买盘
1024,10:36:06,3.54,-0.01,33,11682,卖盘
1025,10:36:12,3.54,0.0,8,2838,卖盘
1026,10:36:15,3.55,0.01,59,20945,买盘
1027,10:36:18,3.54,-0.01,108,38232,卖盘
1028,10:36:24,3.54,0.0,64,22656,卖盘
1029,10:36:28,3.54,0.0,25,8850,卖盘
1030,10:36:31,3.54,0.0,13,4602,卖盘
1031,10:36:34,3.54,0.0,4,1416,卖盘
1032,10:36:37,3.54,0.0,3,1062,卖盘
1033,10:36:39,3.54,0.0,5,1770,卖盘
1034,10:36:42,3.54,0.0,2,708,卖盘
1035,10:36:45,3.54,0.0,115,40710,卖盘
1036,10:36:48,3.54,0.0,2,708,卖盘
1037,10:36:51,3.54,0.0,13,4602,卖盘
1038,10:36:54,3.54,0.0,3,1062,卖盘
1039,10:37:00,3.54,0.0,2,708,卖盘
1040,10:37:06,3.54,0.0,102,36108,卖盘
1041,10:37:09,3.54,0.0,5,1770,卖盘
1042,10:37:12,3.54,0.0,3,1062,卖盘
1043,10:37:15,3.54,0.0,30,10620,卖盘
1044,10:37:18,3.54,0.0,2,708,卖盘
1045,10:37:21,3.54,0.0,218,77172,卖盘
1046,10:37:25,3.54,0.0,7,2478,卖盘
1047,10:37:27,3.55,0.01,28,9940,买盘
1048,10:37:30,3.54,-0.01,3,1062,卖盘
1049,10:37:36,3.54,0.0,103,36462,卖盘
1050,10:37:43,3.54,0.0,2,708,卖盘
1051,10:37:48,3.55,0.01,135,47840,买盘
1052,10:37:51,3.54,-0.01,15,5310,卖盘
1053,10:37:57,3.54,0.0,16,5664,卖盘
1054,10:38:00,3.54,0.0,2,708,卖盘
1055,10:38:03,3.54,0.0,3,1062,卖盘
1056,10:38:06,3.55,0.01,305,107975,买盘
1057,10:38:10,3.54,-0.01,10,3540,卖盘
1058,10:38:16,3.54,0.0,3,1062,卖盘
1059,10:38:21,3.54,0.0,42,14868,卖盘
1060,10:38:25,3.54,0.0,17,6018,卖盘
1061,10:38:28,3.54,0.0,2,708,卖盘
1062,10:38:33,3.54,0.0,73,25872,卖盘
1063,10:38:39,3.54,0.0,2,531,卖盘
1064,10:38:42,3.54,0.0,3,1062,买盘
1065,10:38:45,3.54,0.0,4,1591,买盘
1066,10:38:48,3.55,0.01,25,8870,买盘
1067,10:38:51,3.54,-0.01,3,1062,卖盘
1068,10:38:58,3.54,0.0,2,708,卖盘
1069,10:39:04,3.54,0.0,2,708,卖盘
1070,10:39:10,3.54,0.0,3,1062,卖盘
1071,10:39:15,3.54,0.0,65,23010,卖盘
1072,10:39:18,3.53,-0.01,5,1768,卖盘
1073,10:39:21,3.53,0.0,2,706,卖盘
1074,10:39:27,3.53,0.0,3,1059,卖盘
1075,10:39:33,3.53,0.0,13,4589,卖盘
1076,10:39:39,3.54,0.01,125,44073,买盘
1077,10:39:42,3.54,0.0,2,708,卖盘
1078,10:39:45,3.54,0.0,4,1416,卖盘
1079,10:39:48,3.54,0.0,6,2124,卖盘
1080,10:39:51,3.54,0.0,2,708,卖盘
1081,10:39:54,3.54,0.0,30,10620,卖盘
1082,10:39:57,3.54,0.0,3,1062,卖盘
1083,10:40:00,3.54,0.0,14,4957,卖盘
1084,10:40:15,3.55,0.01,1,355,买盘
1085,10:40:21,3.54,-0.01,54,19293,卖盘
1086,10:40:24,3.53,-0.01,5,1765,卖盘
1087,10:40:30,3.54,0.01,1,354,买盘
1088,10:40:36,3.54,0.0,1,354,买盘
1089,10:41:00,3.54,0.0,2,708,买盘
1090,10:41:06,3.54,0.0,2,708,买盘
1091,10:41:15,3.54,0.0,1,354,买盘
1092,10:41:21,3.54,0.0,38,13275,买盘
1093,10:41:33,3.54,0.0,118,41831,卖盘
1094,10:41:42,3.54,0.0,5,1770,卖盘
1095,10:41:57,3.55,0.01,10,3550,买盘
1096,10:42:00,3.54,-0.01,59,21063,卖盘
1097,10:42:04,3.54,0.0,78,27607,买盘
1098,10:42:06,3.54,0.0,37,12921,买盘
1099,10:42:12,3.54,0.0,15,5310,卖盘
1100,10:42:15,3.54,0.0,2,708,卖盘
1101,10:42:21,3.54,0.0,58,20532,卖盘
1102,10:42:24,3.55,0.01,5,1775,买盘
1103,10:42:36,3.55,0.0,2,710,买盘
1104,10:42:39,3.54,-0.01,126,44781,卖盘
1105,10:42:42,3.53,-0.01,7,2471,卖盘
1106,10:42:48,3.54,0.01,4,1416,买盘
1107,10:42:51,3.54,0.0,467,164692,买盘
1108,10:42:54,3.53,-0.01,9,3179,卖盘
1109,10:43:06,3.54,0.01,18,6372,买盘
1110,10:43:12,3.53,-0.01,50,17650,卖盘
1111,10:43:24,3.54,0.01,1,354,买盘
1112,10:43:33,3.54,0.0,1,530,买盘
1113,10:44:12,3.54,0.0,82,28948,买盘
1114,10:44:15,3.54,0.0,11,3894,买盘
1115,10:44:27,3.54,0.0,187,66198,买盘
1116,10:44:31,3.53,-0.01,8,2824,卖盘
1117,10:44:39,3.54,0.01,48,16992,买盘
1118,10:44:45,3.54,0.0,22,7788,买盘
1119,10:44:54,3.54,0.0,20,7080,买盘
1120,10:44:58,3.54,0.0,117,41418,买盘
1121,10:45:00,3.53,-0.01,60,21180,卖盘
1122,10:45:04,3.53,0.0,5,1765,卖盘
1123,10:45:15,3.53,0.0,50,17650,卖盘
1124,10:45:21,3.54,0.01,1,354,买盘
1125,10:45:24,3.54,0.0,31,10974,买盘
1126,10:45:39,3.54,0.0,100,35400,买盘
1127,10:45:58,3.53,-0.01,57,20121,卖盘
1128,10:46:01,3.53,0.0,5,1765,卖盘
1129,10:46:15,3.53,0.0,200,70600,卖盘
1130,10:46:24,3.54,0.01,17,6018,买盘
1131,10:46:27,3.53,-0.01,5,1765,卖盘
1132,10:46:31,3.54,0.01,12,4248,买盘
1133,10:46:37,3.54,0.0,100,35400,买盘
1134,10:46:40,3.54,0.0,130,46020,买盘
1135,10:46:42,3.53,-0.01,5,1765,卖盘
1136,10:46:57,3.54,0.01,11,3894,买盘
1137,10:47:21,3.54,0.0,10,3540,买盘
1138,10:47:24,3.54,0.0,60,21240,买盘
1139,10:47:27,3.54,0.0,1,354,买盘
1140,10:47:36,3.54,0.0,50,17700,买盘
1141,10:47:42,3.53,-0.01,25,8830,卖盘
1142,10:47:48,3.54,0.01,85,30090,买盘
1143,10:47:51,3.53,-0.01,5,1765,卖盘
1144,10:47:54,3.54,0.01,10,3540,买盘
1145,10:47:57,3.53,-0.01,3212,1133660,卖盘
1146,10:48:00,3.52,-0.01,69,24292,卖盘
1147,10:48:06,3.53,0.01,1,353,买盘
1148,10:48:12,3.53,0.0,6,2118,买盘
1149,10:48:27,3.53,0.0,60,21180,买盘
1150,10:48:36,3.52,-0.01,12,4229,卖盘
1151,10:48:43,3.52,0.0,3,1056,卖盘
1152,10:48:46,3.53,0.01,8,2824,买盘
1153,10:48:54,3.53,0.0,39,13767,买盘
1154,10:49:06,3.53,0.0,100,35300,卖盘
1155,10:49:09,3.53,0.0,6,2118,卖盘
1156,10:49:19,3.53,0.0,30,10590,卖盘
1157,10:49:21,3.53,0.0,21,7414,卖盘
1158,10:49:27,3.53,0.0,7,2471,卖盘
1159,10:49:33,3.54,0.01,5,1770,买盘
1160,10:49:42,3.53,-0.01,60,21180,卖盘
1161,10:49:45,3.53,0.0,15,5295,卖盘
1162,10:49:52,3.53,0.0,19,6707,卖盘
1163,10:50:09,3.54,0.01,74,26196,买盘
1164,10:50:12,3.54,0.0,7,2473,买盘
1165,10:50:15,3.53,-0.01,50,17650,卖盘
1166,10:50:18,3.53,0.0,11,3883,卖盘
1167,10:50:21,3.53,0.0,150,52950,卖盘
1168,10:50:24,3.53,0.0,5,1765,卖盘
1169,10:50:30,3.54,0.01,6,2124,买盘
1170,10:50:33,3.54,0.0,113,40002,买盘
1171,10:50:36,3.54,0.0,32,11308,买盘
1172,10:50:42,3.54,0.0,53,18721,买盘
1173,10:50:45,3.54,0.0,6,2124,买盘
1174,10:50:48,3.54,0.0,6,2124,买盘
1175,10:50:51,3.54,0.0,3,1062,买盘
1176,10:50:54,3.54,0.0,54,19116,买盘
1177,10:50:58,3.53,-0.01,60,21180,卖盘
1178,10:51:00,3.54,0.01,2,708,买盘
1179,10:51:06,3.54,0.0,60,21240,买盘
1180,10:51:12,3.54,0.0,11,3894,买盘
1181,10:51:22,3.54,0.0,72,25488,买盘
1182,10:51:24,3.54,0.0,108,38232,买盘
1183,10:51:27,3.53,-0.01,135,47663,卖盘
1184,10:51:39,3.53,0.0,12,4236,卖盘
1185,10:51:42,3.53,0.0,30,10590,卖盘
1186,10:51:57,3.54,0.01,37,13098,买盘
1187,10:52:00,3.54,0.0,1,354,买盘
1188,10:52:04,3.54,0.0,1,354,买盘
1189,10:52:18,3.53,-0.01,59,20827,卖盘
1190,10:52:21,3.53,0.0,5,1765,卖盘
1191,10:52:34,3.54,0.01,59,20886,买盘
1192,10:52:36,3.53,-0.01,30,10590,卖盘
1193,10:52:39,3.54,0.01,20,7080,买盘
1194,10:52:42,3.54,0.0,2,708,买盘
1195,10:53:04,3.53,-0.01,9,3177,卖盘
1196,10:53:13,3.54,0.01,40,14160,买盘
1197,10:53:30,3.54,0.0,5,1770,买盘
1198,10:53:40,3.54,0.0,13,4602,买盘
1199,10:53:55,3.54,0.0,5,1770,买盘
1200,10:53:58,3.54,0.0,1,354,买盘
1201,10:54:19,3.53,-0.01,1,353,卖盘
1202,10:54:27,3.54,0.01,10,3540,买盘
1203,10:54:51,3.54,0.0,1,354,买盘
1204,10:55:21,3.53,-0.01,60,21180,卖盘
1205,10:55:24,3.53,0.0,9,3177,卖盘
1206,10:55:27,3.54,0.01,19,6726,买盘
1207,10:55:39,3.54,0.0,6,2124,买盘
1208,10:55:54,3.54,0.0,1,354,买盘
1209,10:56:00,3.54,0.0,4,1416,买盘
1210,10:56:15,3.54,0.0,6,2124,买盘
1211,10:56:48,3.54,0.0,8,2832,买盘
1212,10:57:00,3.53,-0.01,30,10590,卖盘
1213,10:57:03,3.54,0.01,6,2124,买盘
1214,10:57:07,3.54,0.0,36,12744,买盘
1215,10:57:09,3.54,0.0,6,2124,买盘
1216,10:57:15,3.54,0.0,2,708,买盘
1217,10:57:21,3.54,0.0,9,3186,买盘
1218,10:57:24,3.54,0.0,6,2124,买盘
1219,10:57:33,3.54,0.0,84,29736,买盘
1220,10:57:42,3.53,-0.01,39,13773,卖盘
1221,10:57:45,3.54,0.01,125,44245,买盘
1222,10:58:06,3.54,0.0,10,3540,买盘
1223,10:58:12,3.54,0.0,2,708,买盘
1224,10:58:19,3.54,0.0,104,36816,买盘
1225,10:58:22,3.53,-0.01,5,1765,卖盘
1226,10:58:28,3.54,0.01,6,2124,买盘
1227,10:58:48,3.54,0.0,31,10974,买盘
1228,10:58:51,3.54,0.0,85,30090,买盘
1229,10:58:57,3.54,0.0,24,8496,买盘
1230,10:59:00,3.54,0.0,346,122484,买盘
1231,10:59:04,3.53,-0.01,85,30260,卖盘
1232,10:59:06,3.55,0.02,35,12417,买盘
1233,10:59:10,3.55,0.0,6,2130,买盘
1234,10:59:18,3.55,0.0,59,20945,买盘
1235,10:59:24,3.54,-0.01,1003,354102,卖盘
1236,10:59:27,3.52,-0.02,165,58360,卖盘
1237,10:59:39,3.54,0.02,4,1416,卖盘
1238,10:59:48,3.54,0.0,249,88146,卖盘
1239,10:59:51,3.54,0.0,8,2832,卖盘
1240,10:59:54,3.54,0.0,2,708,卖盘
1241,11:00:10,3.54,0.0,65,23010,卖盘
1242,11:00:13,3.54,0.0,1,354,卖盘
1243,11:00:33,3.54,0.0,5,1770,卖盘
1244,11:00:54,3.54,0.0,30,10620,卖盘
1245,11:01:00,3.54,0.0,15,5310,卖盘
1246,11:01:24,3.55,0.01,1,355,买盘
1247,11:01:37,3.54,-0.01,22,7788,卖盘
1248,11:01:48,3.54,0.0,1,354,卖盘
1249,11:02:33,3.54,0.0,13,4602,卖盘
1250,11:03:30,3.55,0.01,6,2130,买盘
1251,11:03:42,3.55,0.0,1,355,买盘
1252,11:03:54,3.55,0.0,2,710,买盘
1253,11:04:15,3.55,0.0,5,1775,买盘
1254,11:04:18,3.55,0.0,12,4260,买盘
1255,11:04:30,3.55,0.0,386,136653,买盘
1256,11:04:33,3.55,0.0,27,9573,买盘
1257,11:04:36,3.55,0.0,20,7100,买盘
1258,11:04:39,3.55,0.0,14,4970,买盘
1259,11:04:43,3.54,-0.01,60,21246,卖盘
1260,11:04:48,3.55,0.01,416,147300,买盘
1261,11:04:52,3.54,-0.01,11,3894,卖盘
1262,11:04:54,3.55,0.01,6,2130,买盘
1263,11:04:57,3.55,0.0,12,4260,买盘
1264,11:05:03,3.55,0.0,18,6390,买盘
1265,11:05:06,3.55,0.0,6,2130,买盘
1266,11:05:12,3.55,0.0,70,24850,买盘
1267,11:05:19,3.55,0.0,67,23785,买盘
1268,11:05:36,3.55,0.0,50,17750,买盘
1269,11:05:45,3.55,0.0,6,2130,买盘
1270,11:05:51,3.55,0.0,5,1775,买盘
1271,11:05:54,3.54,-0.01,5,1770,卖盘
1272,11:06:18,3.55,0.01,59,20945,买盘
1273,11:06:24,3.54,-0.01,24,8512,卖盘
1274,11:06:37,3.54,0.0,794,281076,卖盘
1275,11:06:40,3.53,-0.01,18,6354,卖盘
1276,11:06:48,3.53,0.0,20,7060,卖盘
1277,11:06:54,3.53,0.0,23,8119,卖盘
1278,11:07:00,3.54,0.01,5,1770,买盘
1279,11:07:06,3.54,0.0,4,1416,买盘
1280,11:07:13,3.54,0.0,86,30444,买盘
1281,11:07:22,3.53,-0.01,5,1765,卖盘
1282,11:07:30,3.54,0.01,3,1062,买盘
1283,11:07:48,3.54,0.0,76,26904,买盘
1284,11:07:55,3.54,0.0,5,1770,买盘
1285,11:07:57,3.53,-0.01,5,1765,卖盘
1286,11:08:00,3.54,0.01,15,5310,买盘
1287,11:08:12,3.54,0.0,5,1770,买盘
1288,11:08:18,3.53,-0.01,1,353,卖盘
1289,11:08:22,3.53,0.0,28,9884,卖盘
1290,11:08:24,3.54,0.01,731,257980,买盘
1291,11:08:27,3.52,-0.02,16,5632,卖盘
1292,11:08:39,3.52,0.0,18,6336,卖盘
1293,11:08:45,3.53,0.01,18,6354,卖盘
1294,11:08:49,3.53,0.0,13,4589,卖盘
1295,11:08:52,3.53,0.0,3,1059,卖盘
1296,11:08:55,3.53,0.0,15,5295,卖盘
1297,11:08:57,3.53,0.0,8,2824,卖盘
1298,11:09:30,3.53,0.0,52,18356,卖盘
1299,11:09:45,3.53,0.0,10,3530,卖盘
1300,11:09:57,3.53,0.0,100,35300,卖盘
1301,11:10:00,3.53,0.0,5,1765,卖盘
1302,11:10:21,3.54,0.01,5,1770,买盘
1303,11:11:51,3.54,0.0,1,354,买盘
1304,11:11:54,3.54,0.0,36,12744,买盘
1305,11:12:24,3.53,-0.01,2,706,卖盘
1306,11:12:33,3.53,0.0,1,353,卖盘
1307,11:12:49,3.53,0.0,265,93545,卖盘
1308,11:12:52,3.53,0.0,223,78936,卖盘
1309,11:12:54,3.53,0.0,5,1765,卖盘
1310,11:12:57,3.53,0.0,70,24710,卖盘
1311,11:13:00,3.53,0.0,1,353,卖盘
1312,11:13:03,3.54,0.01,11,3894,买盘
1313,11:13:06,3.53,-0.01,258,91074,卖盘
1314,11:13:09,3.52,-0.01,7,2464,卖盘
1315,11:13:16,3.53,0.01,77,27181,卖盘
1316,11:13:25,3.53,0.0,78,27541,卖盘
1317,11:13:33,3.52,-0.01,121,42592,卖盘
1318,11:13:36,3.52,0.0,47,16585,卖盘
1319,11:13:39,3.52,0.0,21,7392,卖盘
1320,11:13:48,3.52,0.0,73,25716,卖盘
1321,11:13:51,3.53,0.01,86,30358,买盘
1322,11:13:57,3.53,0.0,30,10590,卖盘
1323,11:14:00,3.53,0.0,57,20121,卖盘
1324,11:14:04,3.53,0.0,1,353,买盘
1325,11:14:06,3.53,0.0,6,2118,卖盘
1326,11:14:12,3.53,0.0,18,6354,卖盘
1327,11:14:21,3.53,0.0,51,18003,卖盘
1328,11:14:27,3.53,0.0,16,5648,买盘
1329,11:14:33,3.52,-0.01,19,6688,卖盘
1330,11:14:42,3.52,0.0,3,1057,卖盘
1331,11:14:45,3.52,0.0,15,5290,卖盘
1332,11:14:55,3.53,0.01,2,706,买盘
1333,11:14:57,3.53,0.0,5,1765,卖盘
1334,11:15:04,3.53,0.0,10,3530,卖盘
1335,11:15:06,3.53,0.0,5,1765,卖盘
1336,11:15:09,3.54,0.01,35,12356,买盘
1337,11:15:12,3.53,-0.01,5,1765,卖盘
1338,11:15:19,3.53,0.0,13,4589,卖盘
1339,11:15:28,3.53,0.0,1,353,卖盘
1340,11:15:31,3.53,0.0,3,1059,卖盘
1341,11:15:39,3.53,0.0,11,3883,卖盘
1342,11:15:51,3.53,0.0,4,1412,卖盘
1343,11:15:58,3.54,0.01,220,77880,买盘
1344,11:16:00,3.53,-0.01,5,1765,卖盘
1345,11:16:04,3.53,0.0,1,353,卖盘
1346,11:16:15,3.53,0.0,44,15532,卖盘
1347,11:16:24,3.52,-0.01,16,5636,卖盘
1348,11:16:36,3.52,0.0,5,1760,卖盘
1349,11:16:39,3.53,0.01,10,3530,买盘
1350,11:16:42,3.52,-0.01,50,17600,卖盘
1351,11:16:46,3.52,0.0,18,6336,卖盘
1352,11:16:48,3.53,0.01,9,3177,买盘
1353,11:16:51,3.53,0.0,30,10590,买盘
1354,11:16:58,3.52,-0.01,16,5632,卖盘
1355,11:17:09,3.52,0.0,4,1408,卖盘
1356,11:17:18,3.53,0.01,137,48272,买盘
1357,11:17:21,3.53,0.0,19,6700,卖盘
1358,11:17:27,3.53,0.0,5,1765,卖盘
1359,11:17:30,3.53,0.0,43,15179,卖盘
1360,11:17:33,3.54,0.01,1,354,买盘
1361,11:17:42,3.53,-0.01,14,4942,卖盘
1362,11:17:52,3.53,0.0,10,3530,卖盘
1363,11:17:55,3.53,0.0,4,1412,卖盘
1364,11:18:04,3.53,0.0,4,1412,卖盘
1365,11:18:07,3.54,0.01,1,354,买盘
1366,11:18:12,3.54,0.0,6,2124,买盘
1367,11:18:16,3.53,-0.01,1,353,卖盘
1368,11:18:21,3.54,0.01,3,1062,买盘
1369,11:18:24,3.53,-0.01,10,3530,卖盘
1370,11:18:28,3.53,0.0,2,706,卖盘
1371,11:18:36,3.53,0.0,4,1412,卖盘
1372,11:18:45,3.54,0.01,4,1416,买盘
1373,11:18:48,3.53,-0.01,1,353,卖盘
1374,11:18:57,3.53,0.0,2,706,卖盘
1375,11:19:06,3.54,0.01,2,708,买盘
1376,11:19:09,3.53,-0.01,1,353,卖盘
1377,11:19:21,3.53,0.0,1,353,卖盘
1378,11:19:30,3.54,0.01,3,1062,买盘
1379,11:19:39,3.54,0.0,6,2124,买盘
1380,11:19:42,3.53,-0.01,1,353,卖盘
1381,11:19:54,3.54,0.01,7,2477,买盘
1382,11:19:57,3.53,-0.01,4,1412,卖盘
1383,11:20:06,3.53,0.0,3,1059,卖盘
1384,11:20:12,3.54,0.01,50,17700,买盘
1385,11:20:15,3.53,-0.01,43,15221,卖盘
1386,11:20:18,3.54,0.01,47,16633,买盘
1387,11:20:21,3.54,0.0,3,1062,买盘
1388,11:20:27,3.53,-0.01,39,13767,卖盘
1389,11:20:36,3.53,0.0,392,138376,卖盘
1390,11:20:39,3.54,0.01,70,24770,买盘
1391,11:20:48,3.53,-0.01,140,49430,卖盘
1392,11:21:00,3.53,0.0,39,13767,卖盘
1393,11:21:04,3.53,0.0,5,1765,卖盘
1394,11:21:12,3.53,0.0,12,4236,卖盘
1395,11:21:21,3.54,0.01,154,54512,买盘
1396,11:21:30,3.54,0.0,15,5310,买盘
1397,11:21:33,3.53,-0.01,44,15532,卖盘
1398,11:21:36,3.54,0.01,16,5664,买盘
1399,11:21:39,3.53,-0.01,15,5305,卖盘
1400,11:21:46,3.53,0.0,25,8825,卖盘
1401,11:21:52,3.55,0.02,2848,1009729,买盘
1402,11:21:55,3.53,-0.02,784,276752,卖盘
1403,11:21:57,3.53,0.0,14,4942,买盘
1404,11:22:06,3.52,-0.01,224,78848,卖盘
1405,11:22:18,3.52,0.0,54,19075,卖盘
1406,11:22:27,3.53,0.01,5,1765,买盘
1407,11:22:30,3.53,0.0,15,5295,卖盘
1408,11:22:39,3.53,0.0,20,7060,卖盘
1409,11:22:51,3.53,0.0,6,2118,卖盘
1410,11:22:57,3.54,0.01,50,17700,买盘
1411,11:23:03,3.53,-0.01,612,216108,卖盘
1412,11:23:12,3.53,0.0,177,62309,买盘
1413,11:23:16,3.53,0.0,1,353,买盘
1414,11:23:18,3.53,0.0,50,17650,买盘
1415,11:23:24,3.53,0.0,94,33132,买盘
1416,11:23:27,3.53,0.0,4,1412,买盘
1417,11:23:31,3.53,0.0,37,13061,买盘
1418,11:23:34,3.53,0.0,3,1059,买盘
1419,11:23:37,3.53,0.0,45,15844,买盘
1420,11:23:40,3.53,0.0,12,4236,买盘
1421,11:23:45,3.53,0.0,62,21859,买盘
1422,11:23:48,3.52,-0.01,10,3520,卖盘
1423,11:23:57,3.53,0.01,99,34927,买盘
1424,11:24:06,3.53,0.0,56,19768,买盘
1425,11:24:09,3.52,-0.01,28,9856,卖盘
1426,11:24:12,3.53,0.01,94,33182,买盘
1427,11:24:15,3.53,0.0,11,3883,买盘
1428,11:24:18,3.52,-0.01,51,17953,卖盘
1429,11:24:30,3.52,0.0,17,5984,卖盘
1430,11:24:36,3.53,0.01,20,7060,买盘
1431,11:24:39,3.53,0.0,11,3883,卖盘
1432,11:24:48,3.54,0.01,7,2478,买盘
1433,11:24:51,3.54,0.0,52,18408,买盘
1434,11:24:54,3.55,0.01,8,2840,买盘
1435,11:24:57,3.55,0.0,38,13490,买盘
1436,11:25:04,3.54,-0.01,9,3186,卖盘
1437,11:25:12,3.54,0.0,2,708,买盘
1438,11:25:15,3.55,0.01,16,5677,买盘
1439,11:25:21,3.55,0.0,41,14555,买盘
1440,11:25:24,3.54,-0.01,5,1770,卖盘
1441,11:25:27,3.55,0.01,7,2485,买盘
1442,11:25:31,3.55,0.0,12,4260,买盘
1443,11:25:36,3.54,-0.01,14,4956,卖盘
1444,11:25:45,3.54,0.0,8,2832,卖盘
1445,11:25:57,3.54,0.0,2,708,卖盘
1446,11:26:09,3.55,0.01,6,2129,买盘
1447,11:26:24,3.54,-0.01,1,354,卖盘
1448,11:26:30,3.54,0.0,1,354,卖盘
1449,11:26:42,3.55,0.01,1,355,买盘
1450,11:26:45,3.54,-0.01,14,4956,卖盘
1451,11:26:55,3.55,0.01,134,47566,买盘
1452,11:26:58,3.54,-0.01,5,1770,卖盘
1453,11:27:04,3.54,0.0,69,24426,卖盘
1454,11:27:16,3.54,0.0,19,6726,卖盘
1455,11:27:18,3.55,0.01,1,355,买盘
1456,11:27:27,3.54,-0.01,6,2124,卖盘
1457,11:27:36,3.54,0.0,2,708,卖盘
1458,11:27:43,3.55,0.01,1,355,买盘
1459,11:27:46,3.55,0.0,1,355,买盘
1460,11:27:48,3.54,-0.01,1,354,卖盘
1461,11:27:54,3.55,0.01,10,3550,买盘
1462,11:28:01,3.54,-0.01,3,1062,卖盘
1463,11:28:10,3.54,0.0,1,354,卖盘
1464,11:28:15,3.54,0.0,2,708,卖盘
1465,11:28:21,3.54,0.0,1,354,卖盘
1466,11:28:40,3.55,0.01,28,9940,买盘
1467,11:28:54,3.54,-0.01,8,2832,卖盘
1468,11:29:06,3.54,0.0,2,708,卖盘
1469,11:29:19,3.54,0.0,1,354,卖盘
1470,11:29:27,3.54,0.0,1,354,卖盘
1471,11:29:33,3.55,0.01,294,104370,买盘
1472,11:29:39,3.54,-0.01,94,33276,卖盘
1473,11:29:48,3.54,0.0,27,9558,卖盘
1474,11:29:51,3.54,0.0,8,2832,卖盘
1475,11:30:00,3.54,0.0,9,3186,卖盘
1476,13:00:04,3.54,0.0,1768,627032,卖盘
1477,13:00:07,3.55,0.01,17,6019,买盘
1478,13:00:10,3.54,-0.01,30,10620,卖盘
1479,13:00:12,3.54,0.0,22,7788,卖盘
1480,13:00:15,3.54,0.0,138,48852,卖盘
1481,13:00:18,3.54,0.0,1,354,买盘
1482,13:00:24,3.53,-0.01,553,195209,卖盘
1483,13:00:27,3.53,0.0,32,11296,卖盘
1484,13:00:33,3.53,0.0,164,57892,卖盘
1485,13:00:39,3.54,0.01,34,12036,买盘
1486,13:00:45,3.53,-0.01,55,19415,卖盘
1487,13:00:48,3.53,0.0,30,10590,卖盘
1488,13:00:54,3.54,0.01,17,6011,买盘
1489,13:00:57,3.54,0.0,30,10596,买盘
1490,13:01:06,3.53,-0.01,15,5297,卖盘
1491,13:01:18,3.53,0.0,5,1765,卖盘
1492,13:01:27,3.53,0.0,1,353,卖盘
1493,13:01:30,3.53,0.0,1,353,卖盘
1494,13:01:37,3.54,0.01,10,3540,买盘
1495,13:01:39,3.53,-0.01,65,22945,卖盘
1496,13:01:45,3.53,0.0,166,58743,卖盘
1497,13:01:51,3.53,0.0,20,7060,卖盘
1498,13:01:57,3.53,0.0,1,353,卖盘
1499,13:02:04,3.53,0.0,53,18709,卖盘
1500,13:02:09,3.54,0.01,1,354,买盘
1501,13:02:12,3.54,0.0,3,1062,买盘
1502,13:02:15,3.53,-0.01,15,5295,卖盘
1503,13:02:24,3.53,0.0,5,1765,卖盘
1504,13:02:33,3.53,0.0,1,353,卖盘
1505,13:02:36,3.53,0.0,1,353,卖盘
1506,13:02:45,3.54,0.01,25,8831,买盘
1507,13:02:48,3.53,-0.01,1,353,卖盘
1508,13:02:57,3.53,0.0,7,2471,卖盘
1509,13:03:09,3.53,0.0,3,1059,卖盘
1510,13:03:18,3.53,0.0,98,34580,卖盘
1511,13:03:42,3.53,0.0,1,353,卖盘
1512,13:03:48,3.54,0.01,449,158946,买盘
1513,13:04:01,3.54,0.0,36,12744,买盘
1514,13:04:06,3.53,-0.01,19,6707,卖盘
1515,13:04:18,3.54,0.01,20,7080,买盘
1516,13:04:21,3.53,-0.01,1,353,卖盘
1517,13:04:51,3.53,0.0,1,353,卖盘
1518,13:05:00,3.53,0.0,381,134493,卖盘
1519,13:05:03,3.54,0.01,3,1062,买盘
1520,13:05:09,3.54,0.0,5,1769,买盘
1521,13:05:18,3.53,-0.01,86,30358,卖盘
1522,13:05:21,3.54,0.01,20,7080,买盘
1523,13:05:27,3.53,-0.01,1,353,卖盘
1524,13:05:30,3.53,0.0,19,6707,卖盘
1525,13:05:45,3.53,0.0,40,14120,卖盘
1526,13:05:51,3.54,0.01,1,354,买盘
1527,13:05:54,3.53,-0.01,1,353,卖盘
1528,13:06:00,3.54,0.01,8,2832,买盘
1529,13:06:12,3.54,0.0,103,36362,买盘
1530,13:06:45,3.53,-0.01,14,4942,卖盘
1531,13:06:54,3.53,0.0,19,6707,卖盘
1532,13:07:33,3.53,0.0,32,11120,卖盘
1533,13:07:48,3.53,0.0,26,9178,卖盘
1534,13:08:06,3.53,0.0,30,10590,卖盘
1535,13:08:15,3.53,0.0,19,6707,卖盘
1536,13:08:33,3.54,0.01,141,49914,买盘
1537,13:08:36,3.53,-0.01,216,76248,卖盘
1538,13:08:42,3.54,0.01,81,28674,买盘
1539,13:08:45,3.54,0.0,8,2832,买盘
1540,13:08:54,3.54,0.0,449,158946,买盘
1541,13:09:04,3.54,0.0,166,58607,买盘
1542,13:09:24,3.54,0.0,35,12389,买盘
1543,13:09:43,3.53,-0.01,20,7060,卖盘
1544,13:09:58,3.54,0.01,1,354,买盘
1545,13:10:00,3.53,-0.01,1,353,卖盘
1546,13:10:06,3.54,0.01,33,11682,买盘
1547,13:10:15,3.54,0.0,4,1416,买盘
1548,13:10:24,3.53,-0.01,1,353,卖盘
1549,13:10:30,3.53,0.0,1,353,卖盘
1550,13:11:09,3.53,0.0,1,353,卖盘
1551,13:11:12,3.53,0.0,21,7413,卖盘
1552,13:11:16,3.54,0.01,138,48852,买盘
1553,13:11:30,3.53,-0.01,1007,355471,卖盘
1554,13:11:39,3.53,0.0,45,15885,卖盘
1555,13:11:45,3.53,0.0,1,353,卖盘
1556,13:11:48,3.54,0.01,118,41772,买盘
1557,13:11:57,3.54,0.0,1,354,买盘
1558,13:12:06,3.53,-0.01,145,51185,卖盘
1559,13:12:18,3.53,0.0,3,1059,卖盘
1560,13:12:24,3.53,0.0,49,17297,卖盘
1561,13:12:30,3.53,0.0,1,353,卖盘
1562,13:12:33,3.53,0.0,58,20474,卖盘
1563,13:12:36,3.53,0.0,19,6707,卖盘
1564,13:12:39,3.53,0.0,162,57186,卖盘
1565,13:12:45,3.53,0.0,44,15532,卖盘
1566,13:12:48,3.53,0.0,21,7413,卖盘
1567,13:12:51,3.53,0.0,61,21533,卖盘
1568,13:12:54,3.53,0.0,40,14120,卖盘
1569,13:13:03,3.53,0.0,49,17297,卖盘
1570,13:13:09,3.53,0.0,1,353,卖盘
1571,13:13:13,3.53,0.0,323,114019,卖盘
1572,13:13:16,3.53,0.0,7,2471,卖盘
1573,13:13:24,3.53,0.0,7,2662,卖盘
1574,13:13:27,3.53,0.0,23,8106,买盘
1575,13:13:30,3.53,0.0,46,16238,买盘
1576,13:13:39,3.53,0.0,193,67938,买盘
1577,13:13:45,3.53,0.0,61,21724,卖盘
1578,13:13:51,3.52,-0.01,19,6688,卖盘
1579,13:14:04,3.52,0.0,27,9504,卖盘
1580,13:14:21,3.53,0.01,127,44640,买盘
1581,13:14:24,3.54,0.01,488,172712,买盘
1582,13:14:27,3.53,-0.01,15,5295,卖盘
1583,13:14:30,3.53,0.0,1,353,卖盘
1584,13:14:33,3.53,0.0,111,39374,卖盘
1585,13:15:04,3.53,0.0,2,705,买盘
1586,13:15:09,3.52,-0.01,100,35200,卖盘
1587,13:15:15,3.52,0.0,20,7040,卖盘
1588,13:15:18,3.53,0.01,2,706,买盘
1589,13:15:21,3.53,0.0,4,1412,买盘
1590,13:15:25,3.53,0.0,9,3177,买盘
1591,13:15:28,3.53,0.0,369,130045,买盘
1592,13:15:39,3.53,0.0,41,14473,卖盘
1593,13:16:00,3.53,0.0,150,53162,卖盘
1594,13:16:21,3.53,0.0,5,1765,买盘
1595,13:16:51,3.53,0.0,20,7060,买盘
1596,13:17:15,3.53,0.0,30,10590,买盘
1597,13:17:21,3.53,0.0,45,15885,买盘
1598,13:17:48,3.53,0.0,100,35300,买盘
1599,13:17:51,3.53,0.0,3,1059,买盘
1600,13:18:06,3.53,0.0,1,353,买盘
1601,13:18:09,3.53,0.0,1,353,买盘
1602,13:18:18,3.53,0.0,15,5295,买盘
1603,13:18:21,3.53,0.0,1,353,买盘
1604,13:18:33,3.53,0.0,13,4589,买盘
1605,13:19:03,3.52,-0.01,52,18304,卖盘
1606,13:19:33,3.52,0.0,24,8448,卖盘
1607,13:19:36,3.53,0.01,40,14120,买盘
1608,13:19:39,3.53,0.0,29,10237,买盘
1609,13:19:42,3.53,0.0,23,7907,买盘
1610,13:19:45,3.53,0.0,94,33182,卖盘
1611,13:19:48,3.54,0.01,13,4601,买盘
1612,13:20:04,3.53,-0.01,30,10590,卖盘
1613,13:20:12,3.54,0.01,1,354,买盘
1614,13:20:28,3.53,-0.01,10,3530,卖盘
1615,13:20:31,3.54,0.01,4,1416,买盘
1616,13:20:48,3.53,-0.01,143,50479,卖盘
1617,13:20:57,3.52,-0.01,2,917,卖盘
1618,13:21:09,3.52,0.0,237,83424,卖盘
1619,13:21:12,3.54,0.02,448,158520,买盘
1620,13:21:33,3.53,-0.01,16,5648,买盘
1621,13:21:36,3.53,0.0,17,6001,买盘
1622,13:21:39,3.53,0.0,10,3530,买盘
1623,13:21:42,3.53,0.0,3,1059,买盘
1624,13:21:45,3.53,0.0,1,353,卖盘
1625,13:21:54,3.53,0.0,56,19768,卖盘
1626,13:22:18,3.53,0.0,4,1412,卖盘
1627,13:22:24,3.53,0.0,1,353,卖盘
1628,13:23:12,3.53,0.0,50,17650,卖盘
1629,13:23:24,3.54,0.01,98,34692,买盘
1630,13:23:27,3.53,-0.01,1,353,卖盘
1631,13:23:34,3.54,0.01,40,14160,买盘
1632,13:23:36,3.53,-0.01,18,6354,卖盘
1633,13:23:39,3.53,0.0,6,2118,卖盘
1634,13:23:51,3.53,0.0,64,22592,卖盘
1635,13:24:07,3.53,0.0,64,22592,卖盘
1636,13:24:15,3.53,0.0,3,1059,卖盘
1637,13:24:18,3.53,0.0,72,25416,卖盘
1638,13:24:30,3.53,0.0,62,21886,买盘
1639,13:24:36,3.53,0.0,5,1765,买盘
1640,13:24:39,3.53,0.0,5,1765,买盘
1641,13:24:42,3.52,-0.01,25,8800,卖盘
1642,13:25:04,3.52,0.0,20,7040,卖盘
1643,13:25:18,3.53,0.01,1,353,买盘
1644,13:25:37,3.53,0.0,4,1412,买盘
1645,13:25:39,3.53,0.0,5,1765,买盘
1646,13:26:06,3.52,-0.01,10,3520,卖盘
1647,13:26:39,3.52,0.0,22,7744,卖盘
1648,13:26:51,3.52,0.0,1,352,卖盘
1649,13:26:57,3.52,0.0,1,352,卖盘
1650,13:27:00,3.53,0.01,2,706,买盘
1651,13:27:04,3.53,0.0,100,35300,买盘
1652,13:27:12,3.52,-0.01,20,7040,卖盘
1653,13:27:36,3.52,0.0,39,13728,卖盘
1654,13:27:39,3.52,0.0,56,19712,卖盘
1655,13:28:21,3.53,0.01,1,353,买盘
1656,13:28:33,3.52,-0.01,8,2816,卖盘
1657,13:28:51,3.52,0.0,10,3520,卖盘
1658,13:28:54,3.53,0.01,242,85426,买盘
1659,13:29:10,3.53,0.0,71,25063,买盘
1660,13:29:37,3.52,-0.01,24,8448,卖盘
1661,13:29:51,3.52,0.0,10,3520,卖盘
1662,13:30:33,3.52,0.0,47,16368,卖盘
1663,13:30:42,3.52,0.0,24,8452,卖盘
1664,13:30:54,3.52,0.0,1,352,卖盘
1665,13:30:57,3.53,0.01,70,24710,买盘
1666,13:31:00,3.52,-0.01,5,1760,卖盘
1667,13:31:13,3.52,0.0,20,7040,卖盘
1668,13:31:21,3.52,0.0,24,8448,卖盘
1669,13:31:24,3.53,0.01,1,353,买盘
1670,13:31:36,3.52,-0.01,1,352,卖盘
1671,13:31:54,3.52,0.0,20,7040,卖盘
1672,13:31:57,3.53,0.01,450,158850,买盘
1673,13:32:09,3.53,0.0,20,7060,买盘
1674,13:32:18,3.52,-0.01,50,17600,卖盘
1675,13:32:21,3.52,0.0,1,352,卖盘
1676,13:32:55,3.53,0.01,30,10590,买盘
1677,13:33:04,3.52,-0.01,1,352,卖盘
1678,13:33:12,3.52,0.0,1,352,卖盘
1679,13:33:15,3.53,0.01,3,1059,买盘
1680,13:33:33,3.52,-0.01,1,352,卖盘
1681,13:33:36,3.53,0.01,66,23298,买盘
1682,13:33:54,3.52,-0.01,1,352,卖盘
1683,13:34:00,3.52,0.0,25,8800,卖盘
1684,13:34:06,3.52,0.0,2,704,卖盘
1685,13:34:22,3.52,0.0,32,11264,卖盘
1686,13:34:27,3.53,0.01,1,353,买盘
1687,13:34:45,3.52,-0.01,40,14119,卖盘
1688,13:34:51,3.52,0.0,49,17284,卖盘
1689,13:35:25,3.52,0.0,214,75328,卖盘
1690,13:35:28,3.53,0.01,4,1412,买盘
1691,13:35:30,3.52,-0.01,10,3520,卖盘
1692,13:35:39,3.52,0.0,1,352,卖盘
1693,13:35:48,3.53,0.01,24,8472,买盘
1694,13:36:00,3.52,-0.01,33,11616,卖盘
1695,13:36:09,3.52,0.0,33,11616,卖盘
1696,13:36:18,3.52,0.0,1,352,卖盘
1697,13:37:00,3.52,0.0,9,3168,卖盘
1698,13:37:09,3.53,0.01,1,353,买盘
1699,13:37:16,3.52,-0.01,1,352,卖盘
1700,13:37:27,3.53,0.01,54,19062,买盘
1701,13:37:31,3.52,-0.01,409,143968,卖盘
1702,13:37:33,3.52,0.0,80,28160,卖盘
1703,13:37:39,3.53,0.01,5,1765,买盘
1704,13:38:15,3.52,-0.01,21,7392,卖盘
1705,13:38:25,3.52,0.0,359,126368,卖盘
1706,13:38:30,3.52,0.0,11,3872,卖盘
1707,13:38:34,3.53,0.01,4,1409,买盘
1708,13:38:39,3.53,0.0,5,1765,买盘
1709,13:39:04,3.52,-0.01,21,7392,卖盘
1710,13:39:09,3.53,0.01,14,4942,买盘
1711,13:39:31,3.53,0.0,118,41604,买盘
1712,13:39:40,3.52,-0.01,10,3520,卖盘
1713,13:39:48,3.52,0.0,2,704,卖盘
1714,13:39:54,3.52,0.0,10,3520,卖盘
1715,13:40:30,3.53,0.01,25,8805,买盘
1716,13:40:33,3.52,-0.01,71,24992,卖盘
1717,13:40:42,3.52,0.0,1,352,卖盘
1718,13:40:45,3.52,0.0,6,2112,卖盘
1719,13:40:54,3.52,0.0,1,352,卖盘
1720,13:40:57,3.53,0.01,4,1412,买盘
1721,13:41:07,3.52,-0.01,63,22176,卖盘
1722,13:41:15,3.53,0.01,1,353,买盘
1723,13:41:27,3.52,-0.01,2,704,卖盘
1724,13:41:30,3.53,0.01,3,1059,买盘
1725,13:41:39,3.53,0.0,1,353,买盘
1726,13:41:51,3.52,-0.01,12,4224,卖盘
1727,13:41:57,3.52,0.0,20,7040,卖盘
1728,13:42:00,3.52,0.0,100,35200,卖盘
1729,13:42:04,3.52,0.0,7,2464,卖盘
1730,13:42:43,3.52,0.0,9,3168,卖盘
1731,13:42:46,3.52,0.0,200,70400,卖盘
1732,13:42:51,3.52,0.0,300,105600,卖盘
1733,13:42:54,3.53,0.01,1,353,买盘
1734,13:42:57,3.52,-0.01,466,164032,卖盘
1735,13:43:06,3.51,-0.01,300,105300,卖盘
1736,13:43:09,3.51,0.0,10,3510,卖盘
1737,13:43:18,3.51,0.0,200,70200,卖盘
1738,13:43:21,3.52,0.01,37,13024,买盘
1739,13:43:27,3.51,-0.01,200,70200,卖盘
1740,13:43:33,3.51,0.0,30,10530,卖盘
1741,13:43:36,3.51,0.0,23,8073,卖盘
1742,13:43:42,3.51,0.0,151,53001,卖盘
1743,13:43:54,3.52,0.01,8,2816,买盘
1744,13:44:06,3.51,-0.01,9,3159,卖盘
1745,13:44:15,3.51,0.0,20,7020,卖盘
1746,13:44:33,3.52,0.01,92,32384,买盘
1747,13:44:36,3.52,0.0,10,3520,买盘
1748,13:44:54,3.51,-0.01,100,35100,卖盘
1749,13:45:03,3.52,0.01,205,71960,买盘
1750,13:45:18,3.51,-0.01,23,8073,卖盘
1751,13:45:21,3.51,0.0,75,26325,卖盘
1752,13:45:30,3.51,0.0,120,42120,卖盘
1753,13:45:51,3.51,0.0,100,35100,卖盘
1754,13:46:03,3.52,0.01,4,1408,买盘
1755,13:46:09,3.51,-0.01,31,10881,卖盘
1756,13:46:57,3.51,0.0,23,8073,卖盘
1757,13:47:00,3.51,0.0,100,35100,卖盘
1758,13:47:27,3.51,0.0,3,1053,卖盘
1759,13:47:30,3.51,0.0,100,35100,卖盘
1760,13:48:18,3.52,0.01,3,1056,买盘
1761,13:48:27,3.51,-0.01,1,351,卖盘
1762,13:48:30,3.51,0.0,35,12285,卖盘
1763,13:48:36,3.51,0.0,11,3861,卖盘
1764,13:48:39,3.52,0.01,25,8777,买盘
1765,13:48:45,3.51,-0.01,11,3861,卖盘
1766,13:48:48,3.52,0.01,2,704,买盘
1767,13:48:54,3.51,-0.01,103,36253,卖盘
1768,13:49:00,3.52,0.01,50,17600,买盘
1769,13:49:06,3.51,-0.01,31,10881,卖盘
1770,13:49:09,3.51,0.0,1,351,卖盘
1771,13:49:13,3.52,0.01,2,704,买盘
1772,13:49:16,3.51,-0.01,26,9126,卖盘
1773,13:49:21,3.52,0.01,2,704,买盘
1774,13:49:28,3.51,-0.01,21,7371,卖盘
1775,13:49:30,3.51,0.0,10,3510,卖盘
1776,13:49:33,3.52,0.01,3,1056,买盘
1777,13:49:36,3.51,-0.01,10,3510,卖盘
1778,13:49:45,3.51,0.0,6,2108,卖盘
1779,13:49:57,3.51,0.0,2,702,卖盘
1780,13:50:06,3.51,0.0,1,351,卖盘
1781,13:50:15,3.52,0.01,41,14432,买盘
1782,13:50:18,3.52,0.0,94,33088,买盘
1783,13:50:27,3.52,0.0,41,14392,买盘
1784,13:50:37,3.51,-0.01,13,4563,卖盘
1785,13:50:48,3.51,0.0,4,1404,卖盘
1786,13:50:51,3.51,0.0,56,19711,卖盘
1787,13:50:57,3.51,0.0,18,6318,卖盘
1788,13:51:00,3.51,0.0,11,3861,卖盘
1789,13:51:06,3.51,0.0,5,1755,卖盘
1790,13:51:09,3.52,0.01,4,1408,买盘
1791,13:51:15,3.51,-0.01,6,2106,卖盘
1792,13:51:27,3.51,0.0,2,702,卖盘
1793,13:51:30,3.51,0.0,21,7371,卖盘
1794,13:51:36,3.51,0.0,7,2457,卖盘
1795,13:51:45,3.51,0.0,2,702,卖盘
1796,13:51:57,3.52,0.01,18,6335,买盘
1797,13:52:06,3.51,-0.01,5,1755,卖盘
1798,13:52:15,3.52,0.01,1,352,买盘
1799,13:52:19,3.51,-0.01,428,150655,卖盘
1800,13:52:27,3.51,0.0,129,45279,卖盘
1801,13:52:39,3.51,0.0,39,13689,卖盘
1802,13:52:48,3.51,0.0,11,3861,卖盘
1803,13:52:54,3.51,0.0,10,3510,卖盘
1804,13:52:58,3.51,0.0,4,1404,卖盘
1805,13:53:01,3.51,0.0,22,7722,卖盘
1806,13:53:06,3.51,0.0,11,3861,卖盘
1807,13:53:18,3.51,0.0,4,1404,卖盘
1808,13:53:27,3.51,0.0,1,351,卖盘
1809,13:53:30,3.52,0.01,7,2464,买盘
1810,13:53:36,3.51,-0.01,50,17550,卖盘
1811,13:53:39,3.51,0.0,2,702,卖盘
1812,13:53:48,3.51,0.0,16,5616,卖盘
1813,13:53:54,3.51,0.0,21,7371,卖盘
1814,13:54:00,3.51,0.0,5,1755,卖盘
1815,13:54:10,3.51,0.0,8,2808,卖盘
1816,13:54:18,3.52,0.01,16,5630,买盘
1817,13:54:31,3.51,-0.01,5,1755,卖盘
1818,13:54:39,3.51,0.0,1,351,卖盘
1819,13:54:42,3.51,0.0,23,8073,卖盘
1820,13:54:48,3.51,0.0,7,2457,卖盘
1821,13:54:54,3.52,0.01,20,7040,买盘
1822,13:55:00,3.51,-0.01,9,3159,卖盘
1823,13:55:09,3.51,0.0,2,702,卖盘
1824,13:55:12,3.51,0.0,44,15444,卖盘
1825,13:55:18,3.51,0.0,22,7722,卖盘
1826,13:55:31,3.51,0.0,7,2457,卖盘
1827,13:55:39,3.51,0.0,2,702,卖盘
1828,13:55:51,3.52,0.01,17,5983,买盘
1829,13:56:01,3.51,-0.01,4,1404,卖盘
1830,13:56:09,3.51,0.0,2,702,卖盘
1831,13:56:12,3.51,0.0,45,15795,卖盘
1832,13:56:15,3.52,0.01,25,8779,买盘
1833,13:56:18,3.51,-0.01,24,8424,卖盘
1834,13:56:24,3.52,0.01,100,35200,买盘
1835,13:56:30,3.52,0.0,16,5618,买盘
1836,13:56:39,3.52,0.0,119,41853,买盘
1837,13:56:49,3.51,-0.01,36,12636,卖盘
1838,13:57:00,3.52,0.01,13,4576,买盘
1839,13:57:07,3.52,0.0,194,68288,买盘
1840,13:57:09,3.51,-0.01,33,11601,卖盘
1841,13:57:15,3.52,0.01,19,6688,买盘
1842,13:57:18,3.51,-0.01,68,23868,卖盘
1843,13:57:30,3.52,0.01,27,9478,买盘
1844,13:57:37,3.51,-0.01,1,351,卖盘
1845,13:57:39,3.51,0.0,9,3159,卖盘
1846,13:57:48,3.51,0.0,3,1053,卖盘
1847,13:58:00,3.52,0.01,41,14431,买盘
1848,13:58:09,3.51,-0.01,33,11604,卖盘
1849,13:58:15,3.52,0.01,15,5280,买盘
1850,13:58:18,3.51,-0.01,60,21060,卖盘
1851,13:58:21,3.52,0.01,12,4214,买盘
1852,13:58:30,3.51,-0.01,26,9126,卖盘
1853,13:58:39,3.51,0.0,8,2808,卖盘
1854,13:58:48,3.51,0.0,2,702,卖盘
1855,13:58:51,3.51,0.0,80,28080,卖盘
1856,13:59:00,3.51,0.0,1,351,卖盘
1857,13:59:09,3.51,0.0,24,8424,卖盘
1858,13:59:12,3.51,0.0,45,15795,卖盘
1859,13:59:22,3.51,0.0,21,7371,卖盘
1860,13:59:24,3.51,0.0,9,3159,卖盘
1861,13:59:30,3.51,0.0,6,2106,卖盘
1862,13:59:39,3.51,0.0,6,2107,卖盘
1863,13:59:51,3.51,0.0,2,702,卖盘
1864,14:00:01,3.51,0.0,1,351,卖盘
1865,14:00:37,3.51,0.0,40,14040,卖盘
1866,14:00:39,3.51,0.0,20,7020,卖盘
1867,14:00:51,3.51,0.0,17,5967,卖盘
1868,14:00:54,3.51,0.0,85,29895,卖盘
1869,14:01:01,3.51,0.0,6,2106,卖盘
1870,14:01:09,3.51,0.0,27,9477,卖盘
1871,14:01:21,3.52,0.01,12,4216,买盘
1872,14:01:30,3.51,-0.01,44,15444,卖盘
1873,14:01:39,3.51,0.0,13,4563,卖盘
1874,14:01:51,3.51,0.0,4,1404,卖盘
1875,14:02:01,3.51,0.0,3,1055,卖盘
1876,14:02:09,3.51,0.0,5,1759,卖盘
1877,14:02:18,3.52,0.01,13,4576,买盘
1878,14:02:21,3.51,-0.01,1,351,卖盘
1879,14:02:30,3.51,0.0,4,1404,卖盘
1880,14:02:33,3.51,0.0,23,8073,卖盘
1881,14:02:42,3.51,0.0,9,3159,卖盘
1882,14:02:51,3.52,0.01,32,11262,买盘
1883,14:03:00,3.51,-0.01,10,3510,卖盘
1884,14:03:09,3.51,0.0,3,1053,卖盘
1885,14:03:12,3.51,0.0,1,351,卖盘
1886,14:03:22,3.51,0.0,1,351,卖盘
1887,14:03:30,3.51,0.0,1,351,卖盘
1888,14:03:46,3.51,0.0,1,351,卖盘
1889,14:03:51,3.51,0.0,45,15795,卖盘
1890,14:03:54,3.51,0.0,10,3510,卖盘
1891,14:04:00,3.51,0.0,61,21453,卖盘
1892,14:04:09,3.51,0.0,22,7722,卖盘
1893,14:04:13,3.51,0.0,23,8073,卖盘
1894,14:04:16,3.52,0.01,50,17600,买盘
1895,14:04:21,3.51,-0.01,6,2106,卖盘
1896,14:04:24,3.52,0.01,76,26752,买盘
1897,14:04:28,3.51,-0.01,40,14044,卖盘
1898,14:04:30,3.51,0.0,47,16497,卖盘
1899,14:04:33,3.52,0.01,3,1056,买盘
1900,14:04:42,3.51,-0.01,28,9830,卖盘
1901,14:04:46,3.52,0.01,33,11616,买盘
1902,14:04:51,3.51,-0.01,19,6669,卖盘
1903,14:04:57,3.51,0.0,147,51597,卖盘
1904,14:05:00,3.51,0.0,10,3514,卖盘
1905,14:05:12,3.52,0.01,107,37617,买盘
1906,14:05:21,3.49,-0.03,8163,2859010,卖盘
1907,14:05:24,3.51,0.02,21,7371,买盘
1908,14:05:30,3.49,-0.02,25,8725,卖盘
1909,14:05:36,3.49,0.0,7,2443,卖盘
1910,14:05:51,3.49,0.0,22,7678,卖盘
1911,14:05:57,3.49,0.0,50,17450,卖盘
1912,14:06:06,3.5,0.01,19,6643,买盘
1913,14:06:30,3.49,-0.01,161,56193,卖盘
1914,14:06:39,3.49,0.0,7,2443,卖盘
1915,14:06:49,3.5,0.01,5,1750,买盘
1916,14:06:54,3.49,-0.01,256,89344,卖盘
1917,14:07:12,3.5,0.01,6,2100,买盘
1918,14:07:27,3.49,-0.01,23,8027,卖盘
1919,14:07:42,3.49,0.0,8,2792,卖盘
1920,14:07:49,3.5,0.01,271,94850,买盘
1921,14:07:52,3.49,-0.01,27,9423,卖盘
1922,14:07:57,3.5,0.01,100,35000,买盘
1923,14:08:03,3.5,0.0,120,41980,买盘
1924,14:08:09,3.49,-0.01,21,7329,卖盘
1925,14:08:18,3.5,0.01,5,1925,买盘
1926,14:08:21,3.49,-0.01,427,149108,卖盘
1927,14:08:24,3.5,0.01,3,1050,卖盘
1928,14:08:27,3.5,0.0,24,8389,卖盘
1929,14:08:30,3.5,0.0,14,4901,卖盘
1930,14:08:33,3.5,0.0,10,3500,卖盘
1931,14:08:36,3.5,0.0,21,7350,卖盘
1932,14:08:39,3.5,0.0,2,700,卖盘
1933,14:08:42,3.49,-0.01,26,9079,卖盘
1934,14:08:45,3.5,0.01,15,5250,买盘
1935,14:08:48,3.5,0.0,10,3500,卖盘
1936,14:08:51,3.5,0.0,6,2100,卖盘
1937,14:08:54,3.5,0.0,2,700,卖盘
1938,14:08:58,3.5,0.0,3,1050,卖盘
1939,14:09:01,3.49,-0.01,21,7344,卖盘
1940,14:09:18,3.5,0.01,22,7700,卖盘
1941,14:09:21,3.5,0.0,11,3850,卖盘
1942,14:09:36,3.5,0.0,51,17829,买盘
1943,14:09:39,3.5,0.0,5,1750,买盘
1944,14:09:54,3.49,-0.01,21,7329,卖盘
1945,14:09:57,3.5,0.01,94,32900,买盘
1946,14:10:00,3.49,-0.01,41,14309,卖盘
1947,14:10:04,3.5,0.01,14,4900,买盘
1948,14:10:12,3.49,-0.01,21,7335,卖盘
1949,14:10:15,3.5,0.01,2,700,中性盘
1950,14:10:30,3.49,-0.01,21,7337,卖盘
1951,14:10:40,3.49,0.0,11,3847,卖盘
1952,14:10:43,3.51,0.02,22,7712,买盘
1953,14:10:45,3.5,-0.01,21,7350,卖盘
1954,14:11:00,3.5,0.0,9,3150,卖盘
1955,14:11:03,3.5,0.0,21,7350,卖盘
1956,14:11:18,3.5,0.0,44,15400,卖盘
1957,14:11:21,3.5,0.0,22,7700,卖盘
1958,14:11:36,3.5,0.0,10,3504,卖盘
1959,14:11:39,3.5,0.0,63,22050,卖盘
1960,14:11:42,3.51,0.01,8,2808,买盘
1961,14:11:54,3.51,0.0,15,5265,买盘
1962,14:11:57,3.5,-0.01,21,7350,卖盘
1963,14:12:00,3.51,0.01,94,32950,买盘
1964,14:12:16,3.51,0.0,39,13668,买盘
1965,14:12:19,3.5,-0.01,42,14700,卖盘
1966,14:12:28,3.5,0.0,20,7000,卖盘
1967,14:12:31,3.5,0.0,25,8750,卖盘
1968,14:12:37,3.51,0.01,3,1053,买盘
1969,14:12:48,3.5,-0.01,43,15050,卖盘
1970,14:12:51,3.51,0.01,48,16828,买盘
1971,14:13:00,3.5,-0.01,26,9100,卖盘
1972,14:13:06,3.5,0.0,31,10850,卖盘
1973,14:13:24,3.5,0.0,26,9100,卖盘
1974,14:13:27,3.51,0.01,4,1404,买盘
1975,14:13:33,3.51,0.0,78,27378,买盘
1976,14:13:42,3.5,-0.01,221,77350,卖盘
1977,14:13:48,3.5,0.0,30,10500,卖盘
1978,14:13:51,3.51,0.01,6,2106,买盘
1979,14:13:57,3.5,-0.01,2,700,卖盘
1980,14:14:01,3.5,0.0,21,7350,卖盘
1981,14:14:04,3.51,0.01,32,11232,买盘
1982,14:14:15,3.5,-0.01,21,7350,卖盘
1983,14:14:18,3.51,0.01,8,2808,买盘
1984,14:14:21,3.51,0.0,118,41418,买盘
1985,14:14:24,3.5,-0.01,22,7700,卖盘
1986,14:14:34,3.5,0.0,21,7350,卖盘
1987,14:14:52,3.5,0.0,21,7350,卖盘
1988,14:15:09,3.5,0.0,22,7700,卖盘
1989,14:15:12,3.51,0.01,6,2106,买盘
1990,14:15:18,3.5,-0.01,20,7000,卖盘
1991,14:15:21,3.5,0.0,60,21000,卖盘
1992,14:15:27,3.5,0.0,21,7350,卖盘
1993,14:15:30,3.5,0.0,100,35000,卖盘
1994,14:15:33,3.51,0.01,3,1053,买盘
1995,14:15:46,3.5,-0.01,21,7350,卖盘
1996,14:15:51,3.5,0.0,104,36428,卖盘
1997,14:16:00,3.5,0.0,44,15400,卖盘
1998,14:16:16,3.51,0.01,4,1404,买盘
1999,14:16:18,3.5,-0.01,621,217350,卖盘
2000,14:16:27,3.5,0.0,9,3155,卖盘
2001,14:16:33,3.5,0.0,50,17500,卖盘
2002,14:16:36,3.51,0.01,24,8403,买盘
2003,14:16:42,3.51,0.0,4,1404,买盘
2004,14:16:48,3.5,-0.01,50,17500,卖盘
2005,14:16:54,3.5,0.0,122,42700,卖盘
2006,14:17:12,3.5,0.0,21,7350,卖盘
2007,14:17:30,3.5,0.0,21,7350,卖盘
2008,14:17:42,3.5,0.0,23,8050,卖盘
2009,14:17:46,3.5,0.0,21,7350,卖盘
2010,14:18:03,3.5,0.0,72,25201,卖盘
2011,14:18:13,3.5,0.0,5,1750,卖盘
2012,14:18:21,3.5,0.0,21,7350,卖盘
2013,14:18:27,3.5,0.0,174,60903,卖盘
2014,14:18:33,3.5,0.0,52,17938,卖盘
2015,14:18:39,3.5,0.0,21,7350,卖盘
2016,14:18:57,3.5,0.0,22,7700,卖盘
2017,14:19:06,3.51,0.01,4,1404,买盘
2018,14:19:15,3.5,-0.01,21,7350,卖盘
2019,14:19:21,3.5,0.0,30,10500,卖盘
2020,14:19:33,3.5,0.0,21,7350,卖盘
2021,14:19:45,3.5,0.0,15,5250,卖盘
2022,14:19:48,3.5,0.0,21,7350,卖盘
2023,14:19:51,3.5,0.0,59,20650,卖盘
2024,14:19:57,3.5,0.0,32,11203,卖盘
2025,14:20:00,3.51,0.01,30,10505,买盘
2026,14:20:06,3.5,-0.01,21,7350,卖盘
2027,14:20:10,3.51,0.01,20,7020,买盘
2028,14:20:12,3.5,-0.01,40,14000,卖盘
2029,14:20:24,3.5,0.0,21,7350,卖盘
2030,14:20:36,3.5,0.0,62,21700,卖盘
2031,14:20:43,3.5,0.0,22,7700,卖盘
2032,14:20:46,3.5,0.0,20,7000,卖盘
2033,14:20:54,3.51,0.01,3,1053,买盘
2034,14:21:00,3.5,-0.01,21,7350,卖盘
2035,14:21:03,3.5,0.0,23,8050,卖盘
2036,14:21:09,3.5,0.0,3,1051,卖盘
2037,14:21:18,3.5,0.0,21,7350,卖盘
2038,14:21:24,3.5,0.0,100,35000,卖盘
2039,14:21:33,3.5,0.0,171,59850,卖盘
2040,14:21:49,3.51,0.01,21,7354,买盘
2041,14:21:51,3.5,-0.01,21,7350,卖盘
2042,14:21:55,3.5,0.0,15,5254,卖盘
2043,14:21:57,3.51,0.01,200,70200,买盘
2044,14:22:00,3.51,0.0,3,1053,买盘
2045,14:22:04,3.5,-0.01,40,14000,卖盘
2046,14:22:09,3.5,0.0,21,7350,卖盘
2047,14:22:24,3.51,0.01,1,351,买盘
2048,14:22:27,3.49,-0.02,40,13980,卖盘
2049,14:22:42,3.5,0.01,10,3500,卖盘
2050,14:22:45,3.5,0.0,22,7700,卖盘
2051,14:22:48,3.49,-0.01,350,122150,卖盘
2052,14:23:04,3.49,0.0,21,7329,卖盘
2053,14:23:06,3.49,0.0,65,22685,卖盘
2054,14:23:09,3.5,0.01,3,1050,买盘
2055,14:23:18,3.49,-0.01,21,7329,卖盘
2056,14:23:30,3.5,0.01,22,7700,买盘
2057,14:23:36,3.49,-0.01,21,7329,卖盘
2058,14:23:39,3.5,0.01,56,19600,买盘
2059,14:23:55,3.49,-0.01,21,7329,卖盘
2060,14:24:12,3.5,0.01,274,95879,买盘
2061,14:24:31,3.5,0.0,22,7700,卖盘
2062,14:24:42,3.51,0.01,4,1404,买盘
2063,14:24:48,3.5,-0.01,21,7350,卖盘
2064,14:24:51,3.5,0.0,16,5600,卖盘
2065,14:25:03,3.5,0.0,23,8050,卖盘
2066,14:25:06,3.5,0.0,20,7000,卖盘
2067,14:25:21,3.5,0.0,21,7350,卖盘
2068,14:25:39,3.5,0.0,21,7350,卖盘
2069,14:25:57,3.5,0.0,321,112350,卖盘
2070,14:26:03,3.51,0.01,1,351,买盘
2071,14:26:06,3.5,-0.01,45,15750,卖盘
2072,14:26:12,3.5,0.0,39,13653,卖盘
2073,14:26:15,3.5,0.0,25,8753,卖盘
2074,14:26:18,3.5,0.0,21,7351,卖盘
2075,14:26:30,3.51,0.01,1,351,买盘
2076,14:26:33,3.49,-0.02,47,16428,卖盘
2077,14:26:48,3.49,0.0,21,7329,卖盘
2078,14:26:51,3.5,0.01,12,4200,买盘
2079,14:26:54,3.5,0.0,1,350,卖盘
2080,14:27:04,3.51,0.01,4,1404,买盘
2081,14:27:06,3.5,-0.01,21,7350,卖盘
2082,14:27:09,3.51,0.01,1,351,买盘
2083,14:27:21,3.5,-0.01,22,7700,卖盘
2084,14:27:25,3.5,0.0,21,7350,卖盘
2085,14:27:33,3.51,0.01,4,1404,买盘
2086,14:27:42,3.5,-0.01,21,7350,卖盘
2087,14:28:00,3.5,0.0,21,7350,卖盘
2088,14:28:04,3.5,0.0,3,1050,卖盘
2089,14:28:09,3.5,0.0,88,30800,卖盘
2090,14:28:13,3.51,0.01,10,3510,买盘
2091,14:28:15,3.51,0.0,1,351,买盘
2092,14:28:18,3.5,-0.01,21,7350,卖盘
2093,14:28:21,3.51,0.01,37,12987,买盘
2094,14:28:33,3.5,-0.01,22,7700,卖盘
2095,14:28:39,3.5,0.0,5,1750,卖盘
2096,14:28:51,3.5,0.0,31,10850,卖盘
2097,14:28:54,3.5,0.0,23,8050,卖盘
2098,14:29:00,3.5,0.0,12,4200,卖盘
2099,14:29:06,3.5,0.0,36,12600,卖盘
2100,14:29:09,3.5,0.0,23,8052,卖盘
2101,14:29:15,3.5,0.0,4,1400,卖盘
2102,14:29:27,3.5,0.0,21,7350,卖盘
2103,14:29:39,3.5,0.0,15,5250,卖盘
2104,14:29:45,3.5,0.0,31,10850,卖盘
2105,14:30:04,3.5,0.0,22,7700,卖盘
2106,14:30:07,3.51,0.01,4,1404,买盘
2107,14:30:09,3.51,0.0,102,35802,买盘
2108,14:30:15,3.5,-0.01,20,7000,卖盘
2109,14:30:18,3.5,0.0,28,9807,卖盘
2110,14:30:22,3.51,0.01,4,1404,买盘
2111,14:30:24,3.5,-0.01,1,350,卖盘
2112,14:30:33,3.51,0.01,38,13338,买盘
2113,14:30:36,3.5,-0.01,50,17500,卖盘
2114,14:30:54,3.5,0.0,21,7350,卖盘
2115,14:30:57,3.5,0.0,10,3500,卖盘
2116,14:31:00,3.5,0.0,559,196180,卖盘
2117,14:31:10,3.51,0.01,10,3510,买盘
2118,14:31:13,3.5,-0.01,21,7350,卖盘
2119,14:31:21,3.5,0.0,10,3500,卖盘
2120,14:31:30,3.5,0.0,31,10850,卖盘
2121,14:31:48,3.5,0.0,21,7350,卖盘
2122,14:32:06,3.5,0.0,22,7700,卖盘
2123,14:32:12,3.51,0.01,283,99333,买盘
2124,14:32:15,3.5,-0.01,22,7700,卖盘
2125,14:32:21,3.5,0.0,21,7350,卖盘
2126,14:32:27,3.5,0.0,8,2800,卖盘
2127,14:32:30,3.5,0.0,15,5250,卖盘
2128,14:32:39,3.5,0.0,21,7350,卖盘
2129,14:32:42,3.51,0.01,4,1404,买盘
2130,14:32:58,3.51,0.0,31,10860,买盘
2131,14:33:12,3.51,0.0,4,1404,买盘
2132,14:33:15,3.5,-0.01,21,7350,卖盘
2133,14:33:34,3.5,0.0,21,7350,卖盘
2134,14:33:37,3.51,0.01,94,32994,买盘
2135,14:33:43,3.5,-0.01,31,10850,卖盘
2136,14:33:51,3.5,0.0,21,7350,卖盘
2137,14:33:54,3.5,0.0,23,8050,卖盘
2138,14:34:06,3.5,0.0,22,7700,卖盘
2139,14:34:25,3.5,0.0,21,7350,卖盘
2140,14:34:42,3.5,0.0,25,8750,卖盘
2141,14:34:45,3.51,0.01,4,1404,买盘
2142,14:34:57,3.51,0.0,31,10881,买盘
2143,14:35:01,3.5,-0.01,21,7350,卖盘
2144,14:35:15,3.51,0.01,1,351,买盘
2145,14:35:18,3.5,-0.01,21,7350,卖盘
2146,14:35:21,3.5,0.0,6,2100,卖盘
2147,14:35:27,3.5,0.0,382,133700,卖盘
2148,14:35:30,3.5,0.0,22,7700,卖盘
2149,14:35:36,3.5,0.0,21,7350,卖盘
2150,14:35:42,3.5,0.0,4,1400,卖盘
2151,14:35:45,3.5,0.0,48,16800,卖盘
2152,14:35:51,3.5,0.0,22,7700,卖盘
2153,14:35:57,3.5,0.0,1,350,卖盘
2154,14:36:01,3.51,0.01,4,1404,买盘
2155,14:36:10,3.5,-0.01,126,44205,卖盘
2156,14:36:19,3.51,0.01,3245,1139129,买盘
2157,14:36:25,3.51,0.0,2,702,卖盘
2158,14:36:27,3.51,0.0,26,9126,卖盘
2159,14:36:31,3.51,0.0,12,4212,卖盘
2160,14:36:37,3.51,0.0,11,4036,卖盘
2161,14:36:45,3.51,0.0,228,79817,卖盘
2162,14:37:06,3.51,0.0,1,351,卖盘
2163,14:37:22,3.51,0.0,10,3510,卖盘
2164,14:37:25,3.51,0.0,5,1755,卖盘
2165,14:37:51,3.51,0.0,8,2808,卖盘
2166,14:38:03,3.52,0.01,19,6688,买盘
2167,14:38:07,3.51,-0.01,18,6318,卖盘
2168,14:38:22,3.51,0.0,39,13689,卖盘
2169,14:38:33,3.51,0.0,10,3510,卖盘
2170,14:38:42,3.51,0.0,23,8073,卖盘
2171,14:38:46,3.51,0.0,50,17550,卖盘
2172,14:38:48,3.52,0.01,4,1408,买盘
2173,14:38:52,3.52,0.0,380,133730,买盘
2174,14:39:03,3.51,-0.01,15,5265,卖盘
2175,14:39:06,3.51,0.0,50,17550,卖盘
2176,14:39:09,3.51,0.0,200,70200,卖盘
2177,14:39:25,3.51,0.0,5,1755,卖盘
2178,14:39:33,3.52,0.01,171,60192,买盘
2179,14:39:39,3.52,0.0,32,11264,买盘
2180,14:40:00,3.52,0.0,5,1760,买盘
2181,14:40:09,3.52,0.0,2,704,买盘
2182,14:40:15,3.51,-0.01,200,70200,卖盘
2183,14:40:18,3.51,0.0,15,5265,卖盘
2184,14:40:34,3.52,0.01,2,704,买盘
2185,14:40:51,3.52,0.0,81,28512,买盘
2186,14:40:54,3.51,-0.01,18,6318,卖盘
2187,14:40:57,3.52,0.01,2,704,买盘
2188,14:41:06,3.51,-0.01,10,3510,卖盘
2189,14:41:40,3.52,0.01,4,1408,买盘
2190,14:41:58,3.52,0.0,13,4576,买盘
2191,14:42:06,3.51,-0.01,10,3510,卖盘
2192,14:42:09,3.51,0.0,18,6318,卖盘
2193,14:42:21,3.51,0.0,124,43620,卖盘
2194,14:42:24,3.51,0.0,7,2632,卖盘
2195,14:42:42,3.52,0.01,6,2112,买盘
2196,14:43:06,3.51,-0.01,255,89510,卖盘
2197,14:43:12,3.51,0.0,10,3510,卖盘
2198,14:43:15,3.52,0.01,31,10912,买盘
2199,14:43:21,3.51,-0.01,17,5967,卖盘
2200,14:43:36,3.52,0.01,22,7744,买盘
2201,14:43:39,3.52,0.0,4,1408,买盘
2202,14:43:51,3.52,0.0,48,16896,买盘
2203,14:43:54,3.51,-0.01,70,24570,卖盘
2204,14:44:03,3.51,0.0,10,3510,卖盘
2205,14:44:09,3.52,0.01,171,60192,买盘
2206,14:44:28,3.52,0.0,18,6336,买盘
2207,14:44:30,3.51,-0.01,17,5967,卖盘
2208,14:44:33,3.52,0.01,36,12672,买盘
2209,14:44:42,3.52,0.0,300,105600,买盘
2210,14:44:51,3.51,-0.01,15,5265,卖盘
2211,14:45:15,3.52,0.01,112,39424,买盘
2212,14:45:18,3.51,-0.01,100,35100,卖盘
2213,14:45:30,3.51,0.0,33,11583,卖盘
2214,14:45:39,3.51,0.0,16,5616,卖盘
2215,14:45:45,3.51,0.0,5,1755,卖盘
2216,14:45:58,3.51,0.0,7,2459,卖盘
2217,14:46:06,3.51,0.0,20,7020,卖盘
2218,14:46:09,3.51,0.0,5,1755,卖盘
2219,14:46:15,3.51,0.0,5,1755,卖盘
2220,14:46:19,3.51,0.0,10,3510,卖盘
2221,14:46:22,3.51,0.0,42,14742,卖盘
2222,14:46:25,3.52,0.01,10,3520,买盘
2223,14:46:27,3.51,-0.01,30,10530,卖盘
2224,14:46:30,3.52,0.01,20,7040,买盘
2225,14:46:42,3.52,0.0,6,2112,买盘
2226,14:46:51,3.52,0.0,6,2112,买盘
2227,14:46:54,3.51,-0.01,19,6669,卖盘
2228,14:46:57,3.52,0.01,60,21080,买盘
2229,14:47:04,3.52,0.0,300,105600,买盘
2230,14:47:19,3.52,0.0,4,1408,买盘
2231,14:47:42,3.52,0.0,30,10560,买盘
2232,14:48:06,3.51,-0.01,17,5967,卖盘
2233,14:48:30,3.52,0.01,171,60192,买盘
2234,14:48:33,3.52,0.0,403,141856,买盘
2235,14:48:48,3.52,0.0,350,123200,买盘
2236,14:48:51,3.52,0.0,24,8448,买盘
2237,14:49:07,3.52,0.0,130,45760,买盘
2238,14:49:10,3.52,0.0,50,17600,买盘
2239,14:49:18,3.52,0.0,27,9487,买盘
2240,14:49:37,3.52,0.0,14,4928,买盘
2241,14:49:40,3.51,-0.01,1,351,卖盘
2242,14:49:46,3.52,0.01,177,62228,买盘
2243,14:49:54,3.52,0.0,10,3520,买盘
2244,14:50:01,3.52,0.0,150,52800,买盘
2245,14:50:06,3.52,0.0,6,2112,买盘
2246,14:50:27,3.52,0.0,8,2816,买盘
2247,14:50:30,3.52,0.0,3,1056,买盘
2248,14:50:43,3.52,0.0,75,26375,买盘
2249,14:50:49,3.51,-0.01,90,31590,卖盘
2250,14:50:57,3.52,0.01,5,1760,买盘
2251,14:51:18,3.51,-0.01,7,2457,卖盘
2252,14:51:21,3.51,0.0,16,5616,卖盘
2253,14:51:24,3.52,0.01,239,84128,买盘
2254,14:51:42,3.52,0.0,3,1056,买盘
2255,14:51:52,3.52,0.0,15,5280,买盘
2256,14:52:04,3.51,-0.01,70,24570,卖盘
2257,14:52:06,3.51,0.0,14,4914,卖盘
2258,14:52:10,3.52,0.01,80,28160,买盘
2259,14:52:22,3.52,0.0,2,704,买盘
2260,14:52:25,3.51,-0.01,30,10530,卖盘
2261,14:52:27,3.52,0.01,17,5984,买盘
2262,14:52:54,3.52,0.0,157,55114,买盘
2263,14:52:58,3.52,0.0,10,3520,买盘
2264,14:53:07,3.52,0.0,1,352,买盘
2265,14:53:18,3.52,0.0,25,8800,买盘
2266,14:53:21,3.51,-0.01,69,24279,卖盘
2267,14:53:24,3.52,0.01,2,704,买盘
2268,14:53:28,3.52,0.0,1,352,买盘
2269,14:53:36,3.52,0.0,86,30272,买盘
2270,14:53:43,3.52,0.0,17,5984,买盘
2271,14:53:55,3.52,0.0,3,1056,买盘
2272,14:53:57,3.51,-0.01,15,5265,卖盘
2273,14:54:09,3.51,0.0,60,20842,卖盘
2274,14:54:13,3.52,0.01,3,1056,买盘
2275,14:54:16,3.51,-0.01,90,31590,卖盘
2276,14:54:19,3.52,0.01,2,704,买盘
2277,14:54:25,3.52,0.0,4,1408,买盘
2278,14:54:28,3.51,-0.01,41,14391,卖盘
2279,14:54:34,3.51,0.0,21,7372,卖盘
2280,14:54:36,3.51,0.0,350,122850,卖盘
2281,14:54:39,3.52,0.01,30,10560,买盘
2282,14:54:43,3.52,0.0,50,17600,买盘
2283,14:54:58,3.52,0.0,18,6321,买盘
2284,14:55:01,3.52,0.0,84,29568,买盘
2285,14:55:07,3.51,-0.01,15,5265,卖盘
2286,14:55:10,3.52,0.01,1,352,买盘
2287,14:55:13,3.52,0.0,347,122116,买盘
2288,14:55:19,3.51,-0.01,36,12636,卖盘
2289,14:55:22,3.51,0.0,4,1404,卖盘
2290,14:55:25,3.52,0.01,103,36163,买盘
2291,14:55:31,3.51,-0.01,752,263954,卖盘
2292,14:55:48,3.51,0.0,38,13338,卖盘
2293,14:55:58,3.51,0.0,94,32994,卖盘
2294,14:56:01,3.52,0.01,3,1056,买盘
2295,14:56:04,3.52,0.0,1032,363264,买盘
2296,14:56:22,3.52,0.0,25,8800,买盘
2297,14:56:25,3.52,0.0,43,15116,买盘
2298,14:56:31,3.52,0.0,16,5632,买盘
2299,14:56:34,3.52,0.0,21,7392,买盘
2300,14:56:37,3.51,-0.01,10,3510,卖盘
2301,14:56:39,3.52,0.01,61,21472,买盘
2302,14:56:46,3.52,0.0,1000,352000,买盘
2303,14:56:51,3.52,0.0,51,17921,买盘
2304,14:56:54,3.51,-0.01,10,3517,卖盘
2305,14:57:00,3.52,0.01,30,10560,买盘
2306,15:00:04,3.51,-0.01,1450,508950,卖盘
