,time,price,change,volume,amount,type
0,09:25:05,27.5,-0.3,25,68750,卖盘
1,09:30:04,27.49,-0.01,1,2749,卖盘
2,09:30:07,27.5,0.01,31,85110,买盘
3,09:30:10,27.37,-0.13,11,30231,卖盘
4,09:30:19,27.38,0.01,18,49284,卖盘
5,09:30:25,27.48,0.1,2,5496,买盘
6,09:30:28,27.38,-0.1,1,2738,卖盘
7,09:30:40,27.38,0.0,1,2738,卖盘
8,09:30:46,27.38,0.0,8,21904,卖盘
9,09:31:01,27.38,0.0,2,5476,卖盘
10,09:31:10,27.48,0.1,4,10984,买盘
11,09:31:31,27.65,0.17,10,27599,买盘
12,09:31:43,27.45,-0.2,20,55320,卖盘
13,09:31:58,27.69,0.24,1,2769,买盘
14,09:32:01,27.65,-0.04,1,2765,卖盘
15,09:32:46,27.52,-0.13,1,2752,卖盘
16,09:33:01,27.53,0.01,2,5506,中性盘
17,09:33:04,27.53,0.0,3,8259,卖盘
18,09:33:07,27.65,0.12,6,16564,买盘
19,09:33:10,27.49,-0.16,2,5498,卖盘
20,09:33:19,27.57,0.08,2,5514,中性盘
21,09:33:34,27.57,0.0,2,5514,卖盘
22,09:33:40,27.5,-0.07,3,8250,中性盘
23,09:33:43,27.49,-0.01,1,2749,卖盘
24,09:33:49,27.5,0.01,6,16500,买盘
25,09:33:58,27.5,0.0,15,41250,买盘
26,09:34:01,27.5,0.0,5,13748,买盘
27,09:34:04,27.5,0.0,12,33000,买盘
28,09:34:10,27.51,0.01,2,5502,卖盘
29,09:34:16,27.57,0.06,1,2757,买盘
30,09:34:25,27.57,0.0,11,30327,买盘
31,09:34:34,27.57,0.0,9,24813,买盘
32,09:34:52,27.56,-0.01,5,13784,卖盘
33,09:35:01,27.49,-0.07,1,2749,卖盘
34,09:35:28,27.48,-0.01,2,5496,卖盘
35,09:35:34,27.56,0.08,5,13780,买盘
36,09:35:58,27.48,-0.08,1,2748,卖盘
37,09:36:01,27.48,0.0,2,5496,卖盘
38,09:36:07,27.55,0.07,3,8265,买盘
39,09:36:16,27.48,-0.07,20,54960,卖盘
40,09:36:25,27.48,0.0,1,2748,卖盘
41,09:36:43,27.55,0.07,6,16530,买盘
42,09:36:55,27.55,0.0,2,5510,买盘
43,09:37:13,27.56,0.01,5,13780,买盘
44,09:37:28,27.57,0.01,2,5514,买盘
45,09:37:52,27.57,0.0,5,13785,卖盘
46,09:37:55,27.5,-0.07,2,5506,卖盘
47,09:38:01,27.5,0.0,3,8264,卖盘
48,09:38:43,27.5,0.0,14,38505,卖盘
49,09:38:58,27.5,0.0,3,8250,卖盘
50,09:39:01,27.5,0.0,2,5500,卖盘
51,09:39:10,27.5,0.0,20,55001,卖盘
52,09:39:22,27.5,0.0,2,5500,卖盘
53,09:39:34,27.5,0.0,16,44000,卖盘
54,09:39:43,27.5,0.0,2,5500,卖盘
55,09:39:49,27.5,0.0,1,2750,卖盘
56,09:39:55,27.48,-0.02,1,2748,卖盘
57,09:40:01,27.48,0.0,8,21984,卖盘
58,09:40:10,27.48,0.0,1,2748,卖盘
59,09:40:13,27.45,-0.03,1,2745,卖盘
60,09:40:34,27.45,0.0,7,19215,卖盘
61,09:40:58,27.41,-0.04,4,10964,中性盘
62,09:41:01,27.41,0.0,2,5482,中性盘
63,09:41:04,27.39,-0.02,1,2739,卖盘
64,09:41:10,27.45,0.06,8,21960,买盘
65,09:41:28,27.47,0.02,15,41205,买盘
66,09:41:34,27.45,-0.02,1,2745,卖盘
67,09:41:37,27.44,-0.01,5,13720,中性盘
68,09:41:46,27.44,0.0,3,8232,中性盘
69,09:42:01,27.4,-0.04,1,2740,卖盘
70,09:42:07,27.4,0.0,11,30140,卖盘
71,09:42:43,27.48,0.08,7,19236,买盘
72,09:42:46,27.49,0.01,10,27490,买盘
73,09:43:01,27.5,0.01,1,2750,买盘
74,09:43:10,27.4,-0.1,15,41124,卖盘
75,09:43:13,27.4,0.0,4,10960,买盘
76,09:43:16,27.4,0.0,5,13700,买盘
77,09:43:19,27.56,0.16,6,16520,买盘
78,09:43:28,27.41,-0.15,5,13705,卖盘
79,09:43:37,27.41,0.0,1,2741,卖盘
80,09:44:01,27.49,0.08,2,5498,卖盘
81,09:44:07,27.44,-0.05,2,5493,卖盘
82,09:44:31,27.48,0.04,1,2748,卖盘
83,09:44:55,27.48,0.0,1,2748,卖盘
84,09:45:01,27.48,0.0,2,5496,卖盘
85,09:45:13,27.49,0.01,1,2749,卖盘
86,09:45:31,27.49,0.0,1,2749,卖盘
87,09:46:01,27.49,0.0,2,5498,卖盘
88,09:46:04,27.49,0.0,1,2749,卖盘
89,09:46:16,27.56,0.07,5,13780,买盘
90,09:46:31,27.51,-0.05,1,2751,卖盘
91,09:46:34,27.5,-0.01,1,2750,卖盘
92,09:46:40,27.56,0.06,1,2756,买盘
93,09:46:43,27.5,-0.06,2,5500,卖盘
94,09:46:46,27.51,0.01,1,2751,卖盘
95,09:47:01,27.51,0.0,2,5502,卖盘
96,09:47:16,27.51,0.0,10,27510,卖盘
97,09:47:28,27.51,0.0,1,2751,卖盘
98,09:47:58,27.57,0.06,1,2757,买盘
99,09:48:01,27.57,0.0,6,16530,买盘
100,09:48:22,27.51,-0.06,14,38550,卖盘
101,09:48:28,27.51,0.0,1,2751,卖盘
102,09:48:31,27.51,0.0,1,2751,卖盘
103,09:48:34,27.51,0.0,1,2751,卖盘
104,09:48:43,27.6,0.09,5,13800,买盘
105,09:49:01,27.6,0.0,3,8280,买盘
106,09:49:13,27.6,0.0,5,13800,买盘
107,09:49:34,27.54,-0.06,2,5508,卖盘
108,09:50:13,27.6,0.06,8,22080,买盘
109,09:50:28,27.53,-0.07,1,2753,卖盘
110,09:50:58,27.54,0.01,1,2754,卖盘
111,09:51:01,27.54,0.0,2,5508,卖盘
112,09:51:31,27.55,0.01,3,8265,卖盘
113,09:51:34,27.55,0.0,1,2755,卖盘
114,09:52:01,27.55,0.0,2,5510,卖盘
115,09:52:07,27.53,-0.02,1,2753,卖盘
116,09:52:16,27.55,0.02,4,11016,买盘
117,09:52:22,27.55,0.0,9,24787,买盘
118,09:52:28,27.53,-0.02,1,2753,卖盘
119,09:52:58,27.53,0.0,1,2753,卖盘
120,09:53:10,27.55,0.02,4,11015,买盘
121,09:53:28,27.55,0.0,1,2755,卖盘
122,09:54:28,27.52,-0.03,1,2752,卖盘
123,09:54:34,27.52,0.0,1,2752,卖盘
124,09:55:01,27.6,0.08,9,24824,买盘
125,09:55:31,27.6,0.0,5,13794,买盘
126,09:55:34,27.54,-0.06,1,2754,卖盘
127,09:56:01,27.54,0.0,1,2754,卖盘
128,09:56:19,27.54,0.0,1,2754,买盘
129,09:56:25,27.54,0.0,1,2754,买盘
130,09:56:28,27.54,0.0,1,2754,买盘
131,09:56:31,27.52,-0.02,1,2752,卖盘
132,09:56:55,27.54,0.02,2,5508,卖盘
133,09:57:01,27.54,0.0,2,5508,买盘
134,09:57:04,27.52,-0.02,1,2752,卖盘
135,09:57:07,27.54,0.02,1,2754,买盘
136,09:57:31,27.52,-0.02,1,2752,卖盘
137,09:57:37,27.51,-0.01,1,2751,卖盘
138,09:58:01,27.51,0.0,2,5502,卖盘
139,09:58:34,27.51,0.0,31,85283,卖盘
140,09:59:01,27.51,0.0,1,2751,卖盘
141,09:59:13,27.5,-0.01,2,5500,卖盘
142,09:59:25,27.51,0.01,2,5502,买盘
143,10:00:07,27.51,0.0,1,2751,卖盘
144,10:00:34,27.51,0.0,20,55020,卖盘
145,10:00:40,27.51,0.0,2,5502,卖盘
146,10:01:01,27.51,0.0,2,5502,卖盘
147,10:01:10,27.51,0.0,1,2751,卖盘
148,10:01:25,27.51,0.0,3,8257,卖盘
149,10:02:01,27.51,0.0,2,5502,卖盘
150,10:02:58,27.59,0.08,5,13795,买盘
151,10:03:10,27.52,-0.07,2,5504,卖盘
152,10:04:01,27.52,0.0,2,5504,卖盘
153,10:04:16,27.51,-0.01,1,2751,卖盘
154,10:04:34,27.51,0.0,2,5502,卖盘
155,10:04:52,27.52,0.01,2,5504,买盘
156,10:05:01,27.52,0.0,2,5504,卖盘
157,10:06:01,27.52,0.0,4,11008,卖盘
158,10:06:28,27.52,0.0,1,2752,卖盘
159,10:07:01,27.52,0.0,2,5504,卖盘
160,10:07:07,27.52,0.0,1,2752,卖盘
161,10:08:01,27.52,0.0,2,5504,卖盘
162,10:08:07,27.52,0.0,1,2752,卖盘
163,10:09:01,27.52,0.0,2,5504,卖盘
164,10:09:07,27.52,0.0,1,2752,卖盘
165,10:10:01,27.52,0.0,1,2752,卖盘
166,10:10:10,27.51,-0.01,6,16506,卖盘
167,10:10:16,27.51,0.0,5,13757,卖盘
168,10:10:25,27.5,-0.01,3,8250,卖盘
169,10:10:31,27.5,0.0,1,2750,卖盘
170,10:10:37,27.5,0.0,10,27500,卖盘
171,10:10:43,27.5,0.0,4,11000,卖盘
172,10:10:46,27.5,0.0,6,16500,卖盘
173,10:10:49,27.49,-0.01,1,2749,卖盘
174,10:11:01,27.49,0.0,1,2749,卖盘
175,10:11:04,27.48,-0.01,1,2748,卖盘
176,10:11:16,27.45,-0.03,7,19215,卖盘
177,10:11:19,27.44,-0.01,1,2744,卖盘
178,10:11:46,27.44,0.0,1,2744,卖盘
179,10:11:49,27.44,0.0,3,8232,卖盘
180,10:11:58,27.41,-0.03,13,35638,卖盘
181,10:12:01,27.41,0.0,7,19187,卖盘
182,10:12:07,27.41,0.0,1,2741,卖盘
183,10:12:19,27.41,0.0,1,2741,卖盘
184,10:12:22,27.41,0.0,31,84971,卖盘
185,10:12:25,27.41,0.0,5,13705,卖盘
186,10:12:40,27.41,0.0,5,13705,买盘
187,10:12:46,27.41,0.0,2,5482,卖盘
188,10:12:55,27.41,0.0,61,167219,卖盘
189,10:12:58,27.4,-0.01,10,27400,卖盘
190,10:13:16,27.39,-0.01,1,2739,卖盘
191,10:13:22,27.4,0.01,5,13700,买盘
192,10:13:43,27.39,-0.01,4,10956,卖盘
193,10:13:46,27.39,0.0,1,2739,卖盘
194,10:14:01,27.39,0.0,10,27390,卖盘
195,10:14:04,27.39,0.0,50,136950,卖盘
196,10:14:19,27.38,-0.01,1,2738,卖盘
197,10:14:34,27.39,0.01,4,10956,买盘
198,10:14:43,27.38,-0.01,4,10952,卖盘
199,10:14:49,27.38,0.0,8,21904,卖盘
200,10:14:52,27.39,0.01,5,13695,买盘
201,10:15:01,27.38,-0.01,2,5476,卖盘
202,10:15:07,27.38,0.0,1,2738,卖盘
203,10:15:16,27.38,0.0,1,2738,卖盘
204,10:15:22,27.37,-0.01,34,93086,卖盘
205,10:15:49,27.37,0.0,1,2737,卖盘
206,10:15:52,27.39,0.02,5,13695,买盘
207,10:16:01,27.38,-0.01,2,5476,卖盘
208,10:16:43,27.39,0.01,9,24651,卖盘
209,10:16:46,27.39,0.0,3,8217,买盘
210,10:17:01,27.38,-0.01,7,19166,卖盘
211,10:17:07,27.38,0.0,1,2738,卖盘
212,10:17:10,27.38,0.0,2,5476,卖盘
213,10:17:13,27.39,0.01,5,13695,买盘
214,10:17:19,27.38,-0.01,9,24642,卖盘
215,10:17:37,27.37,-0.01,2,5474,卖盘
216,10:18:01,27.37,0.0,2,5474,卖盘
217,10:18:07,27.37,0.0,1,2737,卖盘
218,10:18:16,27.36,-0.01,6,16416,卖盘
219,10:18:22,27.35,-0.01,45,123075,卖盘
220,10:18:25,27.33,-0.02,1,2733,卖盘
221,10:18:28,27.35,0.02,5,13675,买盘
222,10:18:31,27.3,-0.05,9,24578,卖盘
223,10:18:34,27.3,0.0,5,13650,卖盘
224,10:18:40,27.3,0.0,15,40950,卖盘
225,10:18:46,27.31,0.01,11,30041,卖盘
226,10:18:49,27.31,0.0,3,8193,卖盘
227,10:18:55,27.31,0.0,1,2731,卖盘
228,10:19:01,27.31,0.0,8,21848,卖盘
229,10:19:04,27.31,0.0,5,13655,卖盘
230,10:19:07,27.32,0.01,3,8196,中性盘
231,10:19:31,27.32,0.0,13,35516,卖盘
232,10:19:46,27.32,0.0,15,40981,卖盘
233,10:20:01,27.31,-0.01,2,5462,卖盘
234,10:20:13,27.32,0.01,2,5464,买盘
235,10:20:16,27.31,-0.01,5,13655,卖盘
236,10:20:25,27.31,0.0,15,40965,卖盘
237,10:20:31,27.31,0.0,9,24579,卖盘
238,10:20:34,27.31,0.0,14,38234,卖盘
239,10:20:46,27.3,-0.01,9,24570,卖盘
240,10:21:01,27.3,0.0,7,19115,卖盘
241,10:21:10,27.3,0.0,7,19110,卖盘
242,10:21:13,27.31,0.01,5,13655,买盘
243,10:21:25,27.3,-0.01,3,8190,卖盘
244,10:21:28,27.31,0.01,6,16386,买盘
245,10:21:34,27.31,0.0,9,24579,卖盘
246,10:22:01,27.32,0.01,5,13660,卖盘
247,10:22:19,27.32,0.0,6,16393,卖盘
248,10:22:58,27.34,0.02,2,5468,卖盘
249,10:23:07,27.34,0.0,1,2734,中性盘
250,10:23:19,27.35,0.01,2,5470,中性盘
251,10:23:22,27.36,0.01,6,16416,买盘
252,10:23:28,27.36,0.0,2,5472,买盘
253,10:23:55,27.35,-0.01,5,13678,卖盘
254,10:24:16,27.36,0.01,1,2736,买盘
255,10:24:28,27.36,0.0,1,2736,买盘
256,10:24:37,27.36,0.0,1,2736,买盘
257,10:24:52,27.35,-0.01,9,24615,卖盘
258,10:24:55,27.35,0.0,5,13675,卖盘
259,10:25:07,27.35,0.0,1,2735,卖盘
260,10:25:19,27.34,-0.01,2,5468,卖盘
261,10:25:55,27.34,0.0,2,5468,卖盘
262,10:26:01,27.34,0.0,2,5468,卖盘
263,10:26:07,27.34,0.0,1,2734,卖盘
264,10:26:13,27.34,0.0,13,35545,卖盘
265,10:26:28,27.32,-0.02,5,13660,卖盘
266,10:26:31,27.32,0.0,13,35516,卖盘
267,10:26:52,27.31,-0.01,3,8193,卖盘
268,10:27:01,27.31,0.0,47,128357,卖盘
269,10:27:07,27.31,0.0,1,2731,卖盘
270,10:27:22,27.3,-0.01,1,2730,卖盘
271,10:27:31,27.3,0.0,17,46410,卖盘
272,10:27:43,27.3,0.0,40,109200,卖盘
273,10:27:46,27.31,0.01,4,10924,买盘
274,10:28:01,27.31,0.0,2,5462,卖盘
275,10:28:07,27.31,0.0,1,2731,卖盘
276,10:28:34,27.33,0.02,1,2733,买盘
277,10:28:43,27.31,-0.02,14,38244,卖盘
278,10:29:01,27.3,-0.01,2,5460,卖盘
279,10:29:04,27.31,0.01,6,16386,买盘
280,10:29:07,27.31,0.0,1,2731,卖盘
281,10:29:10,27.31,0.0,2,5462,卖盘
282,10:30:07,27.32,0.01,6,16392,卖盘
283,10:30:46,27.32,0.0,20,54640,卖盘
284,10:30:52,27.33,0.01,20,54652,买盘
285,10:31:01,27.31,-0.02,2,5462,卖盘
286,10:31:07,27.31,0.0,1,2731,卖盘
287,10:31:13,27.31,0.0,2,5462,卖盘
288,10:31:16,27.3,-0.01,23,62798,卖盘
289,10:31:34,27.3,0.0,8,21840,卖盘
290,10:31:39,27.28,-0.02,11,30008,卖盘
291,10:31:43,27.28,0.0,5,13640,买盘
292,10:31:55,27.26,-0.02,10,27260,卖盘
293,10:32:07,27.26,0.0,7,19082,买盘
294,10:33:01,27.22,-0.04,2,5444,卖盘
295,10:33:07,27.22,0.0,1,2722,卖盘
296,10:33:19,27.22,0.0,6,16332,卖盘
297,10:34:01,27.22,0.0,4,10888,卖盘
298,10:34:19,27.21,-0.01,10,27210,卖盘
299,10:34:25,27.21,0.0,4,10881,买盘
300,10:34:34,27.2,-0.01,21,57120,卖盘
301,10:34:49,27.2,0.0,1,2720,卖盘
302,10:35:01,27.2,0.0,2,5440,卖盘
303,10:35:04,27.2,0.0,2,5440,卖盘
304,10:35:07,27.2,0.0,1,2720,卖盘
305,10:35:10,27.2,0.0,19,51680,卖盘
306,10:35:19,27.21,0.01,9,24486,买盘
307,10:35:28,27.21,0.0,3,8163,卖盘
308,10:35:37,27.2,-0.01,1,2720,中性盘
309,10:35:39,27.2,0.0,3,8160,卖盘
310,10:35:43,27.2,0.0,2,5440,卖盘
311,10:35:48,27.2,0.0,7,19040,卖盘
312,10:35:55,27.2,0.0,20,54400,卖盘
313,10:36:01,27.21,0.01,1,2721,买盘
314,10:36:13,27.2,-0.01,10,27204,卖盘
315,10:36:19,27.2,0.0,7,19040,卖盘
316,10:36:22,27.2,0.0,10,27200,卖盘
317,10:36:24,27.2,0.0,7,19040,卖盘
318,10:36:37,27.19,-0.01,5,13595,卖盘
319,10:36:52,27.18,-0.01,5,13590,卖盘
320,10:37:01,27.17,-0.01,17,46189,卖盘
321,10:37:04,27.17,0.0,23,62491,卖盘
322,10:37:07,27.17,0.0,1,2717,卖盘
323,10:37:13,27.18,0.01,14,38050,买盘
324,10:37:31,27.18,0.0,8,21744,卖盘
325,10:37:55,27.18,0.0,1,2718,买盘
326,10:38:10,27.18,0.0,10,27180,买盘
327,10:38:13,27.18,0.0,1,2718,买盘
328,10:38:22,27.17,-0.01,4,10868,卖盘
329,10:38:37,27.13,-0.04,15,40707,卖盘
330,10:38:46,27.13,0.0,10,27130,买盘
331,10:38:55,27.12,-0.01,5,13563,卖盘
332,10:39:04,27.13,0.01,2,5426,买盘
333,10:39:07,27.12,-0.01,12,32544,卖盘
334,10:39:10,27.13,0.01,3,8139,买盘
335,10:39:40,27.13,0.0,1,2713,卖盘
336,10:39:49,27.18,0.05,5,13589,买盘
337,10:39:58,27.19,0.01,30,81557,买盘
338,10:40:04,27.17,-0.02,1,2717,卖盘
339,10:40:33,27.14,-0.03,2,5428,卖盘
340,10:40:37,27.19,0.05,4,10876,买盘
341,10:40:51,27.13,-0.06,2,5426,卖盘
342,10:41:01,27.13,0.0,1,2713,卖盘
343,10:41:07,27.13,0.0,1,2713,卖盘
344,10:41:10,27.18,0.05,3,8154,买盘
345,10:41:34,27.18,0.0,2,5436,卖盘
346,10:41:40,27.18,0.0,1,2718,卖盘
347,10:41:57,27.19,0.01,3,8157,买盘
348,10:42:07,27.18,-0.01,2,5436,卖盘
349,10:42:16,27.18,0.0,1,2718,卖盘
350,10:42:40,27.18,0.0,1,2718,卖盘
351,10:43:00,27.18,0.0,2,5436,卖盘
352,10:43:06,27.19,0.01,3,8156,买盘
353,10:43:10,27.18,-0.01,2,5436,卖盘
354,10:43:37,27.18,0.0,1,2718,卖盘
355,10:44:01,27.18,0.0,2,5436,卖盘
356,10:44:10,27.18,0.0,1,2718,卖盘
357,10:44:13,27.12,-0.06,50,135646,卖盘
358,10:44:37,27.12,0.0,2,5424,卖盘
359,10:44:43,27.12,0.0,10,27120,卖盘
360,10:44:57,27.12,0.0,19,51539,卖盘
361,10:45:07,27.1,-0.02,1,2710,卖盘
362,10:45:16,27.12,0.02,5,13560,买盘
363,10:45:25,27.08,-0.04,49,132723,卖盘
364,10:45:31,27.12,0.04,4,10844,买盘
365,10:45:34,27.08,-0.04,1,2708,买盘
366,10:45:40,27.1,0.02,5,13546,买盘
367,10:45:43,27.1,0.0,1,2710,卖盘
368,10:45:55,27.1,0.0,10,27100,卖盘
369,10:45:57,27.08,-0.02,12,32506,卖盘
370,10:46:09,27.08,0.0,5,13540,买盘
371,10:46:13,27.08,0.0,5,13540,买盘
372,10:46:15,27.08,0.0,3,8124,买盘
373,10:46:25,27.05,-0.03,1,2705,买盘
374,10:46:31,27.05,0.0,1,2705,买盘
375,10:46:34,27.05,0.0,1,2705,买盘
376,10:46:37,27.05,0.0,1,2705,买盘
377,10:46:40,27.05,0.0,1,2705,买盘
378,10:46:43,27.05,0.0,1,2705,买盘
379,10:46:46,27.05,0.0,1,2705,买盘
380,10:46:49,27.0,-0.05,53,143190,卖盘
381,10:47:00,27.03,0.03,2,5406,卖盘
382,10:47:31,27.02,-0.01,1,2702,买盘
383,10:47:39,27.01,-0.01,3,8106,卖盘
384,10:47:43,27.02,0.01,1,2702,卖盘
385,10:47:46,27.03,0.01,2,5406,买盘
386,10:47:52,27.03,0.0,1,2703,买盘
387,10:47:58,27.03,0.0,1,2703,买盘
388,10:48:01,27.02,-0.01,5,13510,卖盘
389,10:48:04,27.02,0.0,1,2702,买盘
390,10:48:09,27.02,0.0,1,2702,买盘
391,10:48:31,27.02,0.0,1,2702,买盘
392,10:48:34,27.01,-0.01,7,18907,卖盘
393,10:48:37,27.02,0.01,5,13510,买盘
394,10:48:58,27.02,0.0,3,8106,买盘
395,10:49:00,27.01,-0.01,2,5402,卖盘
396,10:49:06,27.01,0.0,2,5402,卖盘
397,10:49:10,27.01,0.0,1,2701,卖盘
398,10:49:16,27.01,0.0,30,81030,卖盘
399,10:49:19,27.02,0.01,4,10808,买盘
400,10:49:40,27.02,0.0,2,5404,买盘
401,10:49:43,27.02,0.0,11,29722,买盘
402,10:49:46,27.02,0.0,17,45934,买盘
403,10:49:52,27.01,-0.01,18,48638,卖盘
404,10:49:55,27.04,0.03,5,13514,买盘
405,10:49:58,27.04,0.0,3,8112,买盘
406,10:50:01,27.04,0.0,2,5408,买盘
407,10:50:04,27.0,-0.04,36,97271,卖盘
408,10:50:07,27.04,0.04,7,18928,买盘
409,10:50:13,27.04,0.0,1,2704,买盘
410,10:50:16,27.0,-0.04,12,32404,卖盘
411,10:50:25,27.04,0.04,2,5408,买盘
412,10:50:31,27.03,-0.01,1,2703,买盘
413,10:50:34,27.04,0.01,4,10816,买盘
414,10:50:49,27.05,0.01,45,121725,买盘
415,10:51:07,27.01,-0.04,2,5404,卖盘
416,10:51:13,27.05,0.04,1,2705,买盘
417,10:51:57,27.08,0.03,2,5416,卖盘
418,10:52:13,27.12,0.04,5,13560,买盘
419,10:52:25,27.12,0.0,5,13559,买盘
420,10:52:49,27.12,0.0,2,5424,买盘
421,10:53:07,27.12,0.0,1,2712,卖盘
422,10:53:13,27.17,0.05,1,2717,中性盘
423,10:53:19,27.17,0.0,1,2717,买盘
424,10:53:43,27.13,-0.04,6,16278,卖盘
425,10:53:55,27.13,0.0,2,5426,买盘
426,10:54:01,27.13,0.0,2,5426,卖盘
427,10:54:07,27.13,0.0,1,2713,卖盘
428,10:54:10,27.17,0.04,5,13585,买盘
429,10:54:22,27.13,-0.04,2,5426,卖盘
430,10:54:34,27.13,0.0,2,5426,买盘
431,10:54:49,27.06,-0.07,43,116531,卖盘
432,10:55:01,27.05,-0.01,2,5410,卖盘
433,10:55:04,27.06,0.01,12,32472,买盘
434,10:55:07,27.06,0.0,1,2706,卖盘
435,10:55:10,27.06,0.0,2,5412,卖盘
436,10:55:43,27.16,0.1,3,8148,买盘
437,10:56:00,27.16,0.0,4,10864,买盘
438,10:56:25,27.18,0.02,2,5436,买盘
439,10:56:28,27.18,0.0,1,2718,买盘
440,10:57:01,27.16,-0.02,2,5432,卖盘
441,10:57:04,27.16,0.0,2,5432,卖盘
442,10:58:01,27.09,-0.07,2,5418,卖盘
443,10:59:01,27.09,0.0,2,5418,卖盘
444,10:59:07,27.09,0.0,1,2709,卖盘
445,10:59:45,27.09,0.0,1,2709,卖盘
446,11:00:00,27.09,0.0,4,10836,卖盘
447,11:01:00,27.09,0.0,2,5418,卖盘
448,11:01:10,27.15,0.06,30,81450,买盘
449,11:01:31,27.18,0.03,11,29885,买盘
450,11:01:43,27.19,0.01,15,40775,买盘
451,11:02:04,27.18,-0.01,9,24462,卖盘
452,11:02:10,27.18,0.0,4,10872,买盘
453,11:02:15,27.19,0.01,15,40773,买盘
454,11:02:37,27.19,0.0,14,38066,买盘
455,11:03:49,27.13,-0.06,2,5426,卖盘
456,11:04:00,27.12,-0.01,4,10844,中性盘
457,11:04:10,27.13,0.01,4,10852,买盘
458,11:05:01,27.28,0.15,22,59972,买盘
459,11:06:01,27.16,-0.12,2,5432,卖盘
460,11:07:00,27.21,0.05,2,5442,卖盘
461,11:08:01,27.2,-0.01,2,5440,卖盘
462,11:08:46,27.2,0.0,36,97920,卖盘
463,11:08:49,27.2,0.0,1,2720,买盘
464,11:09:01,27.16,-0.04,3,8148,卖盘
465,11:09:31,27.16,0.0,7,19012,卖盘
466,11:10:00,27.1,-0.06,1,2710,卖盘
467,11:10:27,27.09,-0.01,11,29799,卖盘
468,11:10:54,27.1,0.01,2,5420,买盘
469,11:11:04,27.09,-0.01,10,27090,卖盘
470,11:11:57,27.1,0.01,3,8130,买盘
471,11:13:01,27.13,0.03,1,2713,卖盘
472,11:13:31,27.12,-0.01,2,5424,卖盘
473,11:13:43,27.12,0.0,1,2712,卖盘
474,11:13:46,27.12,0.0,4,10848,卖盘
475,11:14:01,27.12,0.0,2,5424,卖盘
476,11:14:19,27.12,0.0,2,5424,卖盘
477,11:14:34,27.11,-0.01,5,13555,卖盘
478,11:14:40,27.11,0.0,1,2711,卖盘
479,11:14:55,27.11,0.0,12,32532,卖盘
480,11:15:01,27.11,0.0,2,5422,卖盘
481,11:15:40,27.12,0.01,5,13560,卖盘
482,11:15:46,27.11,-0.01,20,54220,卖盘
483,11:16:01,27.11,0.0,2,5422,卖盘
484,11:16:10,27.11,0.0,26,70486,卖盘
485,11:17:01,27.11,0.0,2,5422,卖盘
486,11:17:10,27.12,0.01,1,2712,买盘
487,11:18:01,27.11,-0.01,2,5422,卖盘
488,11:18:27,27.12,0.01,3,8136,买盘
489,11:18:52,27.12,0.0,1,2712,买盘
490,11:19:34,27.11,-0.01,6,16266,卖盘
491,11:19:36,27.11,0.0,8,21688,卖盘
492,11:20:00,27.11,0.0,1,2711,卖盘
493,11:20:54,27.16,0.05,1,2716,买盘
494,11:21:01,27.12,-0.04,1,2712,卖盘
495,11:21:31,27.16,0.04,1,2716,卖盘
496,11:22:01,27.12,-0.04,1,2712,卖盘
497,11:23:00,27.12,0.0,1,2712,卖盘
498,11:23:31,27.12,0.0,5,13560,卖盘
499,11:23:36,27.12,0.0,5,13560,买盘
500,11:24:01,27.12,0.0,1,2712,卖盘
501,11:24:09,27.13,0.01,1,2713,卖盘
502,11:25:00,27.13,0.0,1,2713,卖盘
503,11:26:01,27.12,-0.01,1,2712,卖盘
504,11:27:00,27.13,0.01,1,2713,卖盘
505,11:27:49,27.13,0.0,4,10852,卖盘
506,11:28:00,27.13,0.0,1,2713,卖盘
507,11:29:01,27.13,0.0,1,2713,卖盘
508,11:29:04,27.13,0.0,12,32556,卖盘
509,11:29:21,27.12,-0.01,1,2712,卖盘
510,13:00:04,27.26,0.14,11,29888,中性盘
511,13:00:07,27.12,-0.14,3,8136,卖盘
512,13:00:39,27.14,0.02,1,2714,卖盘
513,13:00:42,27.14,0.0,6,16284,卖盘
514,13:01:30,27.11,-0.03,17,46102,卖盘
515,13:01:48,27.1,-0.01,6,16260,卖盘
516,13:02:07,27.11,0.01,6,16266,买盘
517,13:03:07,27.1,-0.01,3,8130,卖盘
518,13:03:22,27.11,0.01,2,5422,买盘
519,13:03:33,27.1,-0.01,1,2710,卖盘
520,13:03:42,27.11,0.01,8,21688,买盘
521,13:04:19,27.11,0.0,5,13555,卖盘
522,13:04:27,27.11,0.0,50,135550,卖盘
523,13:05:36,27.15,0.04,66,179176,买盘
524,13:06:12,27.28,0.13,5,13634,买盘
525,13:09:10,27.27,-0.01,1,2727,买盘
526,13:09:19,27.27,0.0,1,2727,卖盘
527,13:09:30,27.2,-0.07,10,27200,卖盘
528,13:10:57,27.17,-0.03,3,8151,卖盘
529,13:11:31,27.17,0.0,1,2717,卖盘
530,13:14:45,27.16,-0.01,20,54320,卖盘
531,13:15:01,27.16,0.0,1,2716,卖盘
532,13:15:12,27.15,-0.01,3,8145,卖盘
533,13:15:52,27.15,0.0,3,8145,卖盘
534,13:16:25,27.15,0.0,1,2715,卖盘
535,13:19:49,27.16,0.01,1,2716,卖盘
536,13:21:13,27.15,-0.01,120,325858,卖盘
537,13:23:48,27.15,0.0,1,2715,卖盘
538,13:24:33,27.15,0.0,1,2715,卖盘
539,13:28:33,27.15,0.0,2,5430,卖盘
540,13:29:21,27.15,0.0,1,2715,卖盘
541,13:32:04,27.15,0.0,2,5430,卖盘
542,13:32:07,27.15,0.0,2,5430,卖盘
543,13:32:28,27.15,0.0,1,2715,卖盘
544,13:32:34,27.15,0.0,4,10860,卖盘
545,13:32:37,27.15,0.0,1,2715,卖盘
546,13:32:46,27.15,0.0,45,122175,卖盘
547,13:33:01,27.15,0.0,10,27150,卖盘
548,13:33:16,27.15,0.0,1,2715,买盘
549,13:34:01,27.1,-0.05,1,2710,卖盘
550,13:34:10,27.1,0.0,5,13550,卖盘
551,13:35:19,27.11,0.01,2,5422,卖盘
552,13:35:25,27.09,-0.02,2,5418,卖盘
553,13:36:19,27.08,-0.01,12,32496,卖盘
554,13:36:55,27.1,0.02,2,5420,买盘
555,13:38:16,27.11,0.01,5,13555,买盘
556,13:38:19,27.1,-0.01,1,2710,卖盘
557,13:38:28,27.1,0.0,1,2710,卖盘
558,13:38:52,27.19,0.09,5,13595,买盘
559,13:40:13,27.16,-0.03,3,8147,买盘
560,13:41:04,27.16,0.0,2,5432,卖盘
561,13:41:58,27.11,-0.05,1,2711,卖盘
562,13:42:43,27.16,0.05,1,2716,买盘
563,13:42:58,27.16,0.0,10,27160,买盘
564,13:43:10,27.11,-0.05,17,46129,卖盘
565,13:43:16,27.11,0.0,3,8133,买盘
566,13:44:16,27.19,0.08,3,8157,买盘
567,13:44:25,27.16,-0.03,3,8148,卖盘
568,13:46:43,27.18,0.02,2,5436,买盘
569,13:47:06,27.18,0.0,2,5436,卖盘
570,13:47:13,27.19,0.01,3,8157,买盘
571,13:48:12,27.19,0.0,9,24471,买盘
572,13:48:49,27.2,0.01,9,24480,买盘
573,13:49:07,27.23,0.03,2,5446,买盘
574,13:49:25,27.23,0.0,7,19061,买盘
575,13:50:07,27.23,0.0,1,2723,卖盘
576,13:50:22,27.25,0.02,2,5450,买盘
577,13:50:49,27.25,0.0,15,40875,卖盘
578,13:50:58,27.25,0.0,5,13625,买盘
579,13:51:13,27.25,0.0,5,13625,买盘
580,13:51:52,27.16,-0.09,1,2716,卖盘
581,13:52:36,27.23,0.07,1,2723,买盘
582,13:53:40,27.16,-0.07,1,2716,卖盘
583,13:53:46,27.16,0.0,4,10864,买盘
584,13:56:19,27.16,0.0,1,2716,卖盘
585,13:58:34,27.19,0.03,1,2719,买盘
586,14:00:12,27.2,0.01,21,57120,买盘
587,14:00:16,27.2,0.0,4,10880,买盘
588,14:01:16,27.25,0.05,2,5450,买盘
589,14:01:28,27.25,0.0,1,2725,买盘
590,14:02:07,27.21,-0.04,2,5442,卖盘
591,14:03:36,27.22,0.01,3,8166,卖盘
592,14:03:52,27.25,0.03,10,27250,买盘
593,14:05:13,27.25,0.0,1,2725,买盘
594,14:06:40,27.22,-0.03,4,10888,卖盘
595,14:06:55,27.22,0.0,3,8166,买盘
596,14:07:00,27.22,0.0,2,5444,买盘
597,14:07:07,27.22,0.0,4,10888,买盘
598,14:07:55,27.22,0.0,13,35386,买盘
599,14:08:13,27.24,0.02,1,2724,买盘
600,14:08:19,27.25,0.01,1,2725,买盘
601,14:08:22,27.26,0.01,18,49060,买盘
602,14:08:28,27.28,0.02,4,10912,买盘
603,14:08:31,27.26,-0.02,1,2726,卖盘
604,14:08:40,27.28,0.02,10,27280,买盘
605,14:08:55,27.3,0.02,13,35490,买盘
606,14:09:16,27.31,0.01,5,13655,卖盘
607,14:11:12,27.31,0.0,6,16386,卖盘
608,14:11:34,27.37,0.06,10,27355,买盘
609,14:11:55,27.36,-0.01,4,10938,买盘
610,14:12:22,27.34,-0.02,5,13668,买盘
611,14:12:36,27.34,0.0,1,2734,卖盘
612,14:12:49,27.33,-0.01,11,30063,卖盘
613,14:13:01,27.31,-0.02,1,2731,卖盘
614,14:13:13,27.3,-0.01,1,2730,卖盘
615,14:13:25,27.3,0.0,5,13650,卖盘
616,14:15:09,27.29,-0.01,1,2729,买盘
617,14:15:22,27.28,-0.01,19,51832,卖盘
618,14:15:28,27.28,0.0,4,10912,买盘
619,14:17:06,27.26,-0.02,2,5452,卖盘
620,14:19:46,27.26,0.0,2,5452,卖盘
621,14:21:10,27.26,0.0,1,2726,卖盘
622,14:21:49,27.23,-0.03,1,2723,卖盘
623,14:21:55,27.36,0.13,22,60172,买盘
624,14:23:46,27.28,-0.08,1,2728,买盘
625,14:24:16,27.29,0.01,3,8187,买盘
626,14:24:40,27.37,0.08,22,60211,买盘
627,14:26:22,27.36,-0.01,1,2736,买盘
628,14:26:37,27.31,-0.05,14,38234,卖盘
629,14:29:43,27.31,0.0,1,2731,卖盘
630,14:31:22,27.35,0.04,3,8205,买盘
631,14:33:31,27.3,-0.05,10,27308,卖盘
632,14:33:52,27.29,-0.01,2,5458,卖盘
633,14:34:22,27.23,-0.06,4,10892,卖盘
634,14:34:28,27.23,0.0,2,5446,买盘
635,14:35:01,27.23,0.0,1,2723,买盘
636,14:35:04,27.22,-0.01,1,2722,卖盘
637,14:35:16,27.22,0.0,1,2722,卖盘
638,14:35:49,27.23,0.01,3,8169,买盘
639,14:36:01,27.23,0.0,10,27230,卖盘
640,14:36:19,27.23,0.0,1,2723,买盘
641,14:38:28,27.23,0.0,1,2723,买盘
642,14:39:39,27.23,0.0,2,5446,买盘
643,14:40:16,27.23,0.0,1,2723,买盘
644,14:40:22,27.22,-0.01,2,5444,卖盘
645,14:40:52,27.22,0.0,1,2722,卖盘
646,14:44:01,27.23,0.01,1,2723,买盘
647,14:45:16,27.23,0.0,6,16338,卖盘
648,14:45:22,27.28,0.05,15,40850,买盘
649,14:45:55,27.35,0.07,22,60140,买盘
650,14:46:01,27.28,-0.07,5,13640,卖盘
651,14:47:37,27.28,0.0,8,21830,卖盘
652,14:47:46,27.28,0.0,5,13640,卖盘
653,14:47:52,27.28,0.0,1,2728,卖盘
654,14:48:13,27.3,0.02,2,5460,卖盘
655,14:49:22,27.3,0.0,1,2730,卖盘
656,14:49:37,27.3,0.0,1,2730,卖盘
657,14:49:49,27.3,0.0,2,5460,卖盘
658,14:49:55,27.3,0.0,2,5460,卖盘
659,14:50:43,27.2,-0.1,73,198664,卖盘
660,14:50:49,27.2,0.0,19,51680,买盘
661,14:51:46,27.19,-0.01,1,2719,卖盘
662,14:51:55,27.2,0.01,2,5440,买盘
663,14:52:07,27.19,-0.01,4,10876,卖盘
664,14:52:16,27.2,0.01,6,16320,买盘
665,14:52:25,27.2,0.0,37,100640,买盘
666,14:52:28,27.19,-0.01,25,67975,卖盘
667,14:52:37,27.2,0.01,2,5440,买盘
668,14:52:43,27.18,-0.02,9,24468,卖盘
669,14:52:52,27.18,0.0,10,27180,卖盘
670,14:53:04,27.18,0.0,20,54360,卖盘
671,14:53:28,27.19,0.01,9,24470,买盘
672,14:53:49,27.16,-0.03,20,54320,卖盘
673,14:54:01,27.16,0.0,10,27160,卖盘
674,14:54:28,27.16,0.0,9,24444,卖盘
675,14:54:34,27.16,0.0,2,5432,买盘
676,14:54:52,27.15,-0.01,3,8145,卖盘
677,14:54:58,27.16,0.01,20,54319,买盘
678,14:55:46,27.14,-0.02,3,8142,卖盘
679,14:56:13,27.14,0.0,1,2714,买盘
680,14:56:22,27.13,-0.01,35,94965,卖盘
681,14:56:40,27.13,0.0,1,2713,卖盘
682,14:56:46,27.16,0.03,2,5432,卖盘
683,15:00:05,27.14,-0.02,79,214406,卖盘
