,time,price,change,volume,amount,type
0,09:25:03,20.19,0.1,20,40380,卖盘
1,09:30:04,20.19,0.0,188,379693,买盘
2,09:30:07,20.19,0.0,188,379626,卖盘
3,09:30:09,20.26,0.07,4,8104,买盘
4,09:30:12,20.26,0.0,84,170220,卖盘
5,09:30:15,20.26,0.0,11,22286,卖盘
6,09:30:18,20.26,0.0,17,34444,卖盘
7,09:30:21,20.2,-0.06,10,20200,卖盘
8,09:30:27,20.24,0.04,24,48468,中性盘
9,09:30:30,20.19,-0.05,90,181778,卖盘
10,09:30:33,20.15,-0.04,32,64541,卖盘
11,09:30:39,20.19,0.04,41,82779,买盘
12,09:30:42,20.19,0.0,22,44418,卖盘
13,09:30:46,20.15,-0.04,9,18155,卖盘
14,09:30:48,20.19,0.04,4,8068,买盘
15,09:31:00,20.09,-0.1,120,241190,卖盘
16,09:31:04,20.09,0.0,45,90405,买盘
17,09:31:06,20.09,0.0,7,14063,买盘
18,09:31:09,20.03,-0.06,15,30077,卖盘
19,09:31:13,20.09,0.06,15,30105,买盘
20,09:31:18,20.05,-0.04,1,2005,买盘
21,09:31:24,20.03,-0.02,1,2003,卖盘
22,09:31:28,20.05,0.02,3,6013,买盘
23,09:31:30,20.05,0.0,9,18047,卖盘
24,09:31:36,20.05,0.0,4,8020,卖盘
25,09:31:39,20.05,0.0,10,20050,中性盘
26,09:31:42,20.06,0.01,23,46138,买盘
27,09:31:45,20.07,0.01,7,14042,买盘
28,09:31:48,20.07,0.0,44,88228,买盘
29,09:31:55,20.08,0.01,128,257014,买盘
30,09:31:57,20.07,-0.01,27,54203,卖盘
31,09:32:00,20.07,0.0,15,30105,买盘
32,09:32:04,20.07,0.0,46,92322,买盘
33,09:32:06,20.08,0.01,30,60214,买盘
34,09:32:09,20.08,0.0,7,14058,卖盘
35,09:32:12,20.08,0.0,80,160745,卖盘
36,09:32:27,20.1,0.02,30,60300,卖盘
37,09:32:33,20.16,0.06,2,4032,买盘
38,09:32:36,20.15,-0.01,1,2015,买盘
39,09:32:39,20.1,-0.05,34,68391,卖盘
40,09:32:42,20.15,0.05,5,10075,买盘
41,09:32:45,20.1,-0.05,16,32190,卖盘
42,09:32:48,20.15,0.05,38,76536,买盘
43,09:32:51,20.15,0.0,12,24180,卖盘
44,09:32:54,20.15,0.0,20,40319,卖盘
45,09:32:57,20.15,0.0,29,58435,卖盘
46,09:33:01,20.1,-0.05,90,180999,卖盘
47,09:33:04,20.15,0.05,1,2015,买盘
48,09:33:09,20.09,-0.06,65,130659,卖盘
49,09:33:12,20.07,-0.02,21,42175,卖盘
50,09:33:15,20.07,0.0,19,38133,卖盘
51,09:33:18,20.07,0.0,20,40147,卖盘
52,09:33:24,20.07,0.0,67,134489,卖盘
53,09:33:27,20.1,0.03,86,172860,买盘
54,09:33:33,20.1,0.0,23,46230,卖盘
55,09:33:40,20.14,0.04,1,2014,买盘
56,09:33:45,20.14,0.0,29,58376,买盘
57,09:33:48,20.14,0.0,40,80560,卖盘
58,09:33:51,20.14,0.0,55,110772,卖盘
59,09:33:54,20.14,0.0,44,88551,买盘
60,09:33:58,20.1,-0.04,3,6030,卖盘
61,09:34:04,20.1,0.0,30,60300,卖盘
62,09:34:06,20.1,0.0,2,4020,卖盘
63,09:34:09,20.14,0.04,76,153051,买盘
64,09:34:12,20.14,0.0,26,52364,卖盘
65,09:34:21,20.13,-0.01,5,10065,中性盘
66,09:34:25,20.14,0.01,6,12079,买盘
67,09:34:27,20.14,0.0,13,26182,卖盘
68,09:34:30,20.14,0.0,8,16112,买盘
69,09:34:33,20.14,0.0,43,86602,买盘
70,09:34:36,20.14,0.0,52,104728,卖盘
71,09:34:39,20.11,-0.03,50,100676,卖盘
72,09:34:42,20.14,0.03,10,20140,卖盘
73,09:34:52,20.11,-0.03,10,20137,卖盘
74,09:34:57,20.1,-0.01,17,34176,卖盘
75,09:35:01,20.11,0.01,2,4022,买盘
76,09:35:04,20.1,-0.01,20,40200,卖盘
77,09:35:06,20.11,0.01,28,56297,买盘
78,09:35:09,20.12,0.01,10,20120,卖盘
79,09:35:15,20.14,0.02,25,50348,买盘
80,09:35:18,20.15,0.01,5,10075,买盘
81,09:35:21,20.14,-0.01,8,16112,卖盘
82,09:35:33,20.14,0.0,5,10068,买盘
83,09:35:42,20.12,-0.02,8,16096,卖盘
84,09:35:45,20.11,-0.01,32,64315,买盘
85,09:35:48,20.08,-0.03,11,22092,卖盘
86,09:35:52,20.09,0.01,35,70281,买盘
87,09:35:54,20.08,-0.01,26,52160,买盘
88,09:35:57,20.05,-0.03,46,92271,卖盘
89,09:36:00,20.06,0.01,12,24070,中性盘
90,09:36:06,20.08,0.02,2,4016,买盘
91,09:36:09,20.09,0.01,17,34153,卖盘
92,09:36:15,20.01,-0.08,241,482745,卖盘
93,09:36:30,20.01,0.0,12,24024,卖盘
94,09:36:39,20.02,0.01,1,2002,卖盘
95,09:36:42,20.02,0.0,10,20020,卖盘
96,09:36:48,20.05,0.03,1,2005,买盘
97,09:36:54,20.03,-0.02,6,12018,卖盘
98,09:36:57,20.05,0.02,15,30075,买盘
99,09:37:00,20.05,0.0,35,70175,买盘
100,09:37:06,20.05,0.0,3,6015,卖盘
101,09:37:12,20.09,0.04,12,24108,买盘
102,09:37:15,20.09,0.0,34,68306,买盘
103,09:37:21,20.1,0.01,26,52260,买盘
104,09:37:24,20.11,0.01,38,76322,卖盘
105,09:37:27,20.11,0.0,7,14077,买盘
106,09:37:33,20.12,0.01,116,233392,买盘
107,09:37:39,20.11,-0.01,10,20110,卖盘
108,09:37:45,20.16,0.05,105,211517,买盘
109,09:37:48,20.2,0.04,5,10100,买盘
110,09:37:54,20.2,0.0,2,4040,买盘
111,09:37:57,20.2,0.0,5,10100,买盘
112,09:38:00,20.2,0.0,14,28280,买盘
113,09:38:04,20.2,0.0,29,58580,买盘
114,09:38:06,20.2,0.0,13,26260,卖盘
115,09:38:09,20.23,0.03,7,14146,买盘
116,09:38:19,20.27,0.04,78,158074,买盘
117,09:38:21,20.27,0.0,34,68918,卖盘
118,09:38:24,20.27,0.0,25,50678,卖盘
119,09:38:27,20.28,0.01,15,30411,买盘
120,09:38:30,20.28,0.0,21,42587,买盘
121,09:38:33,20.27,-0.01,48,97322,卖盘
122,09:38:39,20.27,0.0,13,26351,卖盘
123,09:38:42,20.2,-0.07,3,6060,卖盘
124,09:38:45,20.28,0.08,18,36474,买盘
125,09:38:48,20.28,0.0,40,81146,卖盘
126,09:38:51,20.28,0.0,28,56784,卖盘
127,09:38:54,20.28,0.0,39,79129,卖盘
128,09:38:57,20.28,0.0,25,50700,卖盘
129,09:39:00,20.31,0.03,40,81129,中性盘
130,09:39:03,20.32,0.01,79,160301,买盘
131,09:39:06,20.28,-0.04,45,91260,卖盘
132,09:39:09,20.31,0.03,23,46671,中性盘
133,09:39:12,20.31,0.0,6,12186,卖盘
134,09:39:15,20.31,0.0,72,146169,卖盘
135,09:39:18,20.31,0.0,8,16221,买盘
136,09:39:21,20.22,-0.09,4,8088,卖盘
137,09:39:24,20.22,0.0,4,8088,卖盘
138,09:39:31,20.22,0.0,1,2022,卖盘
139,09:39:33,20.28,0.06,5,10136,买盘
140,09:39:36,20.28,0.0,2,4052,买盘
141,09:39:39,20.28,0.0,4,8109,卖盘
142,09:39:42,20.25,-0.03,1,2025,卖盘
143,09:39:57,20.23,-0.02,59,119362,卖盘
144,09:40:01,20.22,-0.01,1,2022,卖盘
145,09:40:04,20.25,0.03,110,222555,买盘
146,09:40:06,20.26,0.01,27,54702,买盘
147,09:40:09,20.28,0.02,26,52718,买盘
148,09:40:15,20.26,-0.02,1,2026,卖盘
149,09:40:19,20.28,0.02,21,42548,买盘
150,09:40:21,20.28,0.0,70,141780,买盘
151,09:40:27,20.5,0.22,372,759245,买盘
152,09:40:30,20.5,0.0,24,49200,卖盘
153,09:40:33,20.5,0.0,561,1150185,卖盘
154,09:40:37,20.5,0.0,16,32800,卖盘
155,09:40:40,20.5,0.0,349,715450,卖盘
156,09:40:45,20.5,0.0,26,53279,买盘
157,09:40:51,20.48,-0.02,9,18432,中性盘
158,09:40:54,20.5,0.02,98,200772,买盘
159,09:41:04,20.46,-0.04,29,59048,买盘
160,09:41:09,20.33,-0.13,4,8132,卖盘
161,09:41:13,20.33,0.0,11,22369,卖盘
162,09:41:15,20.38,0.05,15,30505,买盘
163,09:41:18,20.34,-0.04,5,10170,卖盘
164,09:41:21,20.45,0.11,2,4090,买盘
165,09:41:24,20.4,-0.05,39,79560,卖盘
166,09:41:27,20.5,0.1,610,1250047,买盘
167,09:41:30,20.5,0.0,13,26650,卖盘
168,09:41:42,20.5,0.0,341,699003,买盘
169,09:41:45,20.5,0.0,35,71750,卖盘
170,09:41:49,20.5,0.0,69,141673,卖盘
171,09:41:51,20.5,0.0,21,43055,卖盘
172,09:41:57,20.55,0.05,51,104805,买盘
173,09:42:01,20.52,-0.03,13,26679,中性盘
174,09:42:04,20.55,0.03,192,393760,买盘
175,09:42:06,20.5,-0.05,42,86100,卖盘
176,09:42:09,20.53,0.03,18,36930,买盘
177,09:42:12,20.53,0.0,12,24636,买盘
178,09:42:15,20.53,0.0,39,80067,买盘
179,09:42:18,20.54,0.01,52,106769,买盘
180,09:42:21,20.5,-0.04,141,289137,卖盘
181,09:42:30,20.49,-0.01,2,4098,买盘
182,09:42:36,20.45,-0.04,21,42957,卖盘
183,09:42:39,20.49,0.04,18,36874,买盘
184,09:42:45,20.48,-0.01,38,77856,卖盘
185,09:42:48,20.49,0.01,7,14341,买盘
186,09:42:51,20.41,-0.08,15,30629,卖盘
187,09:43:18,20.47,0.06,1,2047,买盘
188,09:43:21,20.47,0.0,13,26561,买盘
189,09:43:27,20.47,0.0,2,4094,买盘
190,09:43:33,20.47,0.0,12,24541,买盘
191,09:43:42,20.47,0.0,122,249981,卖盘
192,09:43:48,20.48,0.01,11,22528,卖盘
193,09:43:51,20.48,0.0,6,12288,卖盘
194,09:43:54,20.5,0.02,2,4100,买盘
195,09:43:58,20.5,0.0,19,38950,买盘
196,09:44:00,20.52,0.02,4,8207,买盘
197,09:44:04,20.52,0.0,7,14364,买盘
198,09:44:06,20.52,0.0,218,447879,卖盘
199,09:44:12,20.55,0.03,41,84255,买盘
200,09:44:24,20.53,-0.02,11,22583,中性盘
201,09:44:27,20.53,0.0,12,24636,买盘
202,09:44:30,20.5,-0.03,27,55354,卖盘
203,09:44:36,20.59,0.09,140,287575,买盘
204,09:44:39,20.51,-0.08,14,28701,中性盘
205,09:44:42,20.5,-0.01,18,36900,卖盘
206,09:44:45,20.52,0.02,2,4103,买盘
207,09:44:51,20.52,0.0,2,4104,买盘
208,09:44:55,20.5,-0.02,49,100481,卖盘
209,09:44:57,20.5,0.0,15,30750,买盘
210,09:45:03,20.49,-0.01,5,10241,买盘
211,09:45:06,20.49,0.0,5,10245,买盘
212,09:45:09,20.49,0.0,5,10245,买盘
213,09:45:18,20.48,-0.01,73,149345,卖盘
214,09:45:21,20.45,-0.03,50,102250,卖盘
215,09:45:24,20.45,0.0,21,42945,卖盘
216,09:45:30,20.45,0.0,45,92025,卖盘
217,09:45:36,20.43,-0.02,8,16344,卖盘
218,09:45:39,20.45,0.02,2,4090,买盘
219,09:45:42,20.45,0.0,5,10225,买盘
220,09:45:45,20.43,-0.02,20,40860,卖盘
221,09:45:54,20.43,0.0,10,20430,卖盘
222,09:45:57,20.43,0.0,15,30645,卖盘
223,09:46:04,20.43,0.0,12,24505,买盘
224,09:46:06,20.43,0.0,178,363654,买盘
225,09:46:09,20.43,0.0,2,4086,卖盘
226,09:46:12,20.43,0.0,9,18387,卖盘
227,09:46:15,20.43,0.0,49,100107,卖盘
228,09:46:18,20.44,0.01,9,18389,买盘
229,09:46:21,20.5,0.06,290,594089,买盘
230,09:46:25,20.5,0.0,10,20500,卖盘
231,09:46:27,20.52,0.02,5,10260,买盘
232,09:46:30,20.52,0.0,2,4104,买盘
233,09:46:33,20.5,-0.02,7,14354,卖盘
234,09:46:36,20.52,0.02,4,8208,买盘
235,09:46:39,20.52,0.0,45,92441,卖盘
236,09:46:42,20.5,-0.02,14,28720,卖盘
237,09:46:45,20.54,0.04,1,2054,卖盘
238,09:46:48,20.6,0.06,102,210013,买盘
239,09:46:51,20.54,-0.06,26,53509,卖盘
240,09:46:54,20.59,0.05,25,51475,买盘
241,09:47:04,20.58,-0.01,5,10285,买盘
242,09:47:06,20.6,0.02,42,86466,买盘
243,09:47:09,20.6,0.0,4,8234,买盘
244,09:47:12,20.6,0.0,29,59740,买盘
245,09:47:15,20.58,-0.02,8,16463,中性盘
246,09:47:22,20.59,0.01,17,35007,买盘
247,09:47:24,20.58,-0.01,15,30880,卖盘
248,09:47:30,20.57,-0.01,163,334858,卖盘
249,09:47:33,20.57,0.0,12,24684,买盘
250,09:47:40,20.57,0.0,30,61688,买盘
251,09:47:49,20.51,-0.06,29,59479,卖盘
252,09:47:51,20.51,0.0,12,24612,买盘
253,09:47:57,20.5,-0.01,23,47151,卖盘
254,09:48:00,20.5,0.0,17,34853,卖盘
255,09:48:04,20.5,0.0,13,26650,卖盘
256,09:48:06,20.5,0.0,10,20500,卖盘
257,09:48:09,20.5,0.0,10,20500,卖盘
258,09:48:12,20.5,0.0,80,164000,卖盘
259,09:48:15,20.51,0.01,5,10255,买盘
260,09:48:21,20.5,-0.01,9,18450,卖盘
261,09:48:27,20.5,0.0,5,10250,卖盘
262,09:48:33,20.51,0.01,3,6153,买盘
263,09:48:36,20.5,-0.01,5,10250,卖盘
264,09:48:40,20.51,0.01,7,14357,买盘
265,09:48:45,20.54,0.03,4,8216,买盘
266,09:48:48,20.51,-0.03,9,18460,卖盘
267,09:48:51,20.54,0.03,2,4108,买盘
268,09:49:00,20.51,-0.03,2,4102,卖盘
269,09:49:07,20.8,0.29,1298,2682619,买盘
270,09:49:09,20.54,-0.26,51,104788,买盘
271,09:49:12,20.55,0.01,238,489080,买盘
272,09:49:15,20.54,-0.01,29,59591,卖盘
273,09:49:18,20.79,0.25,25,51425,买盘
274,09:49:24,20.78,-0.01,5,10390,买盘
275,09:49:27,20.75,-0.03,7,14526,中性盘
276,09:49:30,20.6,-0.15,6,12360,卖盘
277,09:49:33,20.74,0.14,12,24888,买盘
278,09:49:36,20.74,0.0,7,14515,买盘
279,09:49:39,20.73,-0.01,5,10365,中性盘
280,09:49:42,20.72,-0.01,17,35247,中性盘
281,09:49:45,20.72,0.0,9,18648,买盘
282,09:49:48,20.97,0.25,1271,2644516,买盘
283,09:49:52,20.63,-0.34,12,24815,卖盘
284,09:49:54,20.75,0.12,20,41452,买盘
285,09:49:57,20.88,0.13,168,348725,买盘
286,09:50:00,20.7,-0.18,21,43470,中性盘
287,09:50:04,20.72,0.02,27,55978,卖盘
288,09:50:09,20.72,0.0,47,97338,卖盘
289,09:50:12,20.86,0.14,34,70901,买盘
290,09:50:16,20.85,-0.01,63,130979,中性盘
291,09:50:19,20.82,-0.03,10,20820,中性盘
292,09:50:21,20.8,-0.02,25,52000,买盘
293,09:50:24,20.78,-0.02,50,103964,卖盘
294,09:50:27,20.72,-0.06,39,80920,卖盘
295,09:50:30,20.79,0.07,6,12467,买盘
296,09:50:36,20.78,-0.01,11,22858,买盘
297,09:50:39,20.79,0.01,86,178401,买盘
298,09:50:42,20.79,0.0,14,29094,买盘
299,09:50:45,20.78,-0.01,2,4156,卖盘
300,09:50:48,20.79,0.01,72,149315,买盘
301,09:50:51,20.72,-0.07,7,14525,卖盘
302,09:50:54,20.77,0.05,50,103803,买盘
303,09:50:58,20.7,-0.07,12,24840,卖盘
304,09:51:00,20.75,0.05,2,4150,买盘
305,09:51:04,20.73,-0.02,6,12439,买盘
306,09:51:06,20.73,0.0,2,4146,卖盘
307,09:51:09,20.75,0.02,10,20750,买盘
308,09:51:16,20.75,0.0,22,45618,买盘
309,09:51:18,20.75,0.0,20,41500,买盘
310,09:51:22,20.78,0.03,157,325970,买盘
311,09:51:24,20.75,-0.03,16,33200,卖盘
312,09:51:27,20.75,0.0,431,896034,卖盘
313,09:51:30,20.75,0.0,41,85079,卖盘
314,09:51:33,20.77,0.02,4,8308,买盘
315,09:51:36,20.8,0.03,54,112319,买盘
316,09:51:39,20.8,0.0,21,43689,卖盘
317,09:51:42,20.81,0.01,5,10405,买盘
318,09:51:45,20.82,0.01,119,247954,买盘
319,09:51:48,20.82,0.0,6,12492,卖盘
320,09:51:54,20.87,0.05,30,62540,买盘
321,09:52:06,20.82,-0.05,10,20820,买盘
322,09:52:09,20.81,-0.01,5,10410,卖盘
323,09:52:13,20.82,0.01,3,6246,中性盘
324,09:52:15,20.82,0.0,27,56214,卖盘
325,09:52:18,20.8,-0.02,19,39520,卖盘
326,09:52:21,20.79,-0.01,20,41580,卖盘
327,09:52:24,20.78,-0.01,29,60262,卖盘
328,09:52:27,20.75,-0.03,2,4150,卖盘
329,09:52:31,20.78,0.03,8,16612,买盘
330,09:52:33,20.72,-0.06,3,6216,卖盘
331,09:52:36,20.79,0.07,70,145502,买盘
332,09:52:45,20.73,-0.06,8,16584,买盘
333,09:52:48,20.7,-0.03,215,446630,卖盘
334,09:53:04,20.7,0.0,19,39354,卖盘
335,09:53:06,20.7,0.0,63,130693,卖盘
336,09:53:12,20.71,0.01,2,4142,中性盘
337,09:53:24,20.78,0.07,6,12443,买盘
338,09:53:33,20.72,-0.06,4,8289,卖盘
339,09:53:42,20.72,0.0,40,82880,卖盘
340,09:53:45,20.71,-0.01,30,62140,卖盘
341,09:53:48,20.72,0.01,5,10360,中性盘
342,09:53:51,20.72,0.0,5,10360,卖盘
343,09:53:54,20.75,0.03,22,45650,买盘
344,09:53:57,20.75,0.0,4,8294,买盘
345,09:54:01,20.77,0.02,98,203424,买盘
346,09:54:06,20.77,0.0,45,93417,买盘
347,09:54:12,20.72,-0.05,10,20725,卖盘
348,09:54:27,20.77,0.05,15,31143,买盘
349,09:54:30,20.72,-0.05,50,103678,卖盘
350,09:54:33,20.77,0.05,3,6231,买盘
351,09:54:39,20.75,-0.02,43,89225,中性盘
352,09:54:42,20.75,0.0,1,2075,买盘
353,09:54:45,20.75,0.0,10,20750,买盘
354,09:54:48,20.75,0.0,126,261390,买盘
355,09:54:51,20.73,-0.02,38,78842,卖盘
356,09:54:57,20.73,0.0,3,6219,买盘
357,09:55:04,20.72,-0.01,23,47661,卖盘
358,09:55:06,20.72,0.0,89,184408,卖盘
359,09:55:09,20.69,-0.03,173,358365,卖盘
360,09:55:18,20.7,0.01,80,165578,买盘
361,09:55:22,20.7,0.0,50,103500,卖盘
362,09:55:25,20.7,0.0,62,128340,卖盘
363,09:55:28,20.69,-0.01,68,140750,卖盘
364,09:55:30,20.7,0.01,51,105547,买盘
365,09:55:36,20.7,0.0,150,310500,买盘
366,09:55:39,20.7,0.0,6,12420,买盘
367,09:55:42,20.71,0.01,24,49704,买盘
368,09:55:46,20.7,-0.01,101,209070,卖盘
369,09:55:48,20.7,0.0,10,20700,卖盘
370,09:55:51,20.7,0.0,12,24840,买盘
371,09:56:03,20.68,-0.02,4,8272,卖盘
372,09:56:06,20.69,0.01,10,20684,买盘
373,09:56:09,20.69,0.0,2,4138,买盘
374,09:56:12,20.7,0.01,52,107604,买盘
375,09:56:15,20.7,0.0,26,53820,卖盘
376,09:56:19,20.7,0.0,10,20700,卖盘
377,09:56:21,20.69,-0.01,58,120058,卖盘
378,09:56:30,20.69,0.0,30,62066,买盘
379,09:56:33,20.69,0.0,5,10345,卖盘
380,09:56:36,20.67,-0.02,5,10343,卖盘
381,09:56:42,20.67,0.0,1,2067,卖盘
382,09:56:51,20.66,-0.01,3,6198,卖盘
383,09:56:58,20.63,-0.03,51,105322,卖盘
384,09:57:18,20.63,0.0,1,2063,卖盘
385,09:57:30,20.66,0.03,2,4132,买盘
386,09:57:36,20.63,-0.03,35,72223,卖盘
387,09:57:39,20.65,0.02,28,57796,买盘
388,09:57:43,20.64,-0.01,2,4128,中性盘
389,09:57:45,20.64,0.0,2,4128,买盘
390,09:57:48,20.64,0.0,3,6192,卖盘
391,09:57:51,20.65,0.01,5,10325,买盘
392,09:57:54,20.64,-0.01,10,20640,卖盘
393,09:57:57,20.64,0.0,21,43344,卖盘
394,09:58:00,20.64,0.0,42,86688,卖盘
395,09:58:03,20.64,0.0,30,61920,买盘
396,09:58:21,20.63,-0.01,12,24758,卖盘
397,09:58:30,20.64,0.01,10,20640,买盘
398,09:58:36,20.64,0.0,7,14448,买盘
399,09:58:39,20.64,0.0,10,20640,买盘
400,09:58:45,20.63,-0.01,48,99024,卖盘
401,09:58:55,20.61,-0.02,1,2061,卖盘
402,09:59:04,20.61,0.0,1,2061,卖盘
403,09:59:15,20.6,-0.01,51,105060,卖盘
404,09:59:27,20.58,-0.02,5,10290,卖盘
405,09:59:30,20.58,0.0,5,10290,卖盘
406,09:59:33,20.56,-0.02,1,2056,买盘
407,09:59:39,20.54,-0.02,8,16432,卖盘
408,09:59:45,20.5,-0.04,52,106692,卖盘
409,09:59:55,20.51,0.01,20,41020,中性盘
410,09:59:57,20.52,0.01,2,4104,买盘
411,10:00:00,20.51,-0.01,2,4102,卖盘
412,10:00:04,20.51,0.0,5,10255,卖盘
413,10:00:06,20.5,-0.01,34,69708,卖盘
414,10:00:09,20.5,0.0,20,41000,买盘
415,10:00:12,20.5,0.0,9,18450,买盘
416,10:00:15,20.5,0.0,35,71750,买盘
417,10:00:18,20.51,0.01,14,28701,买盘
418,10:00:21,20.5,-0.01,31,63567,卖盘
419,10:00:25,20.49,-0.01,5,10245,卖盘
420,10:00:27,20.5,0.01,10,20495,买盘
421,10:00:30,20.5,0.0,2,4100,买盘
422,10:00:33,20.49,-0.01,11,22549,中性盘
423,10:00:39,20.47,-0.02,10,20470,卖盘
424,10:00:42,20.47,0.0,10,20470,买盘
425,10:00:46,20.49,0.02,24,49156,买盘
426,10:00:49,20.49,0.0,1,2049,买盘
427,10:00:51,20.49,0.0,81,165645,买盘
428,10:01:13,20.43,-0.06,6,12258,卖盘
429,10:01:16,20.43,0.0,11,22473,买盘
430,10:01:18,20.43,0.0,5,10215,买盘
431,10:01:27,20.43,0.0,3,6129,买盘
432,10:01:30,20.43,0.0,6,12258,卖盘
433,10:01:34,20.42,-0.01,30,61275,卖盘
434,10:01:40,20.43,0.01,20,40860,卖盘
435,10:01:45,20.43,0.0,7,14301,买盘
436,10:01:48,20.42,-0.01,5,10210,卖盘
437,10:01:51,20.43,0.01,2,4086,买盘
438,10:01:54,20.43,0.0,6,12257,买盘
439,10:02:00,20.43,0.0,4,8172,买盘
440,10:02:06,20.43,0.0,1,2043,卖盘
441,10:02:12,20.45,0.02,6,12270,买盘
442,10:02:16,20.42,-0.03,35,71482,卖盘
443,10:02:18,20.42,0.0,12,24504,买盘
444,10:02:22,20.42,0.0,73,149066,买盘
445,10:02:27,20.5,0.08,52,106361,买盘
446,10:02:36,20.58,0.08,30,61722,买盘
447,10:02:57,20.46,-0.12,3,6138,卖盘
448,10:03:00,20.46,0.0,6,12276,买盘
449,10:03:27,20.5,0.04,4,8200,买盘
450,10:03:33,20.49,-0.01,1,2049,卖盘
451,10:03:40,20.5,0.01,1,2050,买盘
452,10:03:43,20.5,0.0,1,2050,买盘
453,10:03:45,20.5,0.0,1,2050,买盘
454,10:03:54,20.49,-0.01,1,2049,卖盘
455,10:04:06,20.49,0.0,2,4098,买盘
456,10:04:12,20.49,0.0,2,4098,买盘
457,10:04:18,20.49,0.0,15,30735,买盘
458,10:04:30,20.48,-0.01,5,10240,卖盘
459,10:04:45,20.49,0.01,15,30735,买盘
460,10:04:57,20.5,0.01,10,20500,买盘
461,10:05:00,20.5,0.0,3,6150,买盘
462,10:05:06,20.56,0.06,6,12336,买盘
463,10:05:12,20.5,-0.06,3,6150,卖盘
464,10:05:30,20.51,0.01,7,14357,卖盘
465,10:05:33,20.56,0.05,5,10280,买盘
466,10:05:39,20.57,0.01,2,4114,买盘
467,10:05:45,20.56,-0.01,13,26728,卖盘
468,10:05:48,20.58,0.02,61,125514,买盘
469,10:05:51,20.58,0.0,5,10290,买盘
470,10:05:54,20.58,0.0,8,16464,卖盘
471,10:05:57,20.57,-0.01,1,2057,卖盘
472,10:06:04,20.59,0.02,7,14410,买盘
473,10:06:06,20.59,0.0,6,12354,买盘
474,10:06:21,20.65,0.06,29,59750,买盘
475,10:06:33,20.65,0.0,4,8246,买盘
476,10:06:45,20.56,-0.09,2,4112,中性盘
477,10:07:04,20.64,0.08,11,22703,买盘
478,10:07:06,20.64,0.0,10,20640,卖盘
479,10:07:12,20.63,-0.01,5,10315,买盘
480,10:07:31,20.65,0.02,22,45412,买盘
481,10:07:33,20.65,0.0,1,2065,卖盘
482,10:07:39,20.65,0.0,10,20645,买盘
483,10:07:48,20.65,0.0,5,10325,买盘
484,10:07:58,20.57,-0.08,20,41170,卖盘
485,10:08:01,20.57,0.0,3,6171,买盘
486,10:08:16,20.6,0.03,2,4120,卖盘
487,10:08:37,20.6,0.0,4,8237,买盘
488,10:08:45,20.6,0.0,3,6180,卖盘
489,10:08:48,20.6,0.0,1,2060,卖盘
490,10:08:54,20.58,-0.02,2,4116,卖盘
491,10:09:00,20.66,0.08,50,103270,买盘
492,10:09:18,20.65,-0.01,1,2065,买盘
493,10:09:24,20.65,0.0,9,18585,买盘
494,10:09:27,20.65,0.0,8,16520,卖盘
495,10:09:39,20.58,-0.07,5,10290,卖盘
496,10:09:45,20.66,0.08,19,39254,买盘
497,10:09:48,20.66,0.0,15,30990,卖盘
498,10:09:51,20.6,-0.06,1,2060,卖盘
499,10:09:54,20.69,0.09,150,310239,买盘
500,10:10:04,20.71,0.02,275,569045,买盘
501,10:10:06,20.71,0.0,35,72485,卖盘
502,10:10:15,20.72,0.01,34,70431,买盘
503,10:10:33,20.61,-0.11,1,2061,卖盘
504,10:11:21,20.62,0.01,1,2062,卖盘
505,10:11:24,20.62,0.0,4,8248,买盘
506,10:11:27,20.61,-0.01,25,51525,卖盘
507,10:11:33,20.62,0.01,10,20620,买盘
508,10:11:48,20.62,0.0,29,59803,卖盘
509,10:11:54,20.62,0.0,3,6186,买盘
510,10:12:21,20.62,0.0,13,26806,买盘
511,10:12:33,20.66,0.04,5,10330,买盘
512,10:12:36,20.62,-0.04,3,6186,卖盘
513,10:13:04,20.61,-0.01,37,76301,卖盘
514,10:13:12,20.66,0.05,30,61880,买盘
515,10:13:15,20.58,-0.08,50,103012,卖盘
516,10:14:06,20.6,0.02,15,30900,卖盘
517,10:14:24,20.6,0.0,2,4120,卖盘
518,10:14:27,20.6,0.0,7,14420,卖盘
519,10:14:30,20.65,0.05,3,6195,买盘
520,10:14:36,20.6,-0.05,26,53560,卖盘
521,10:15:00,20.58,-0.02,16,32928,卖盘
522,10:15:15,20.58,0.0,7,14406,卖盘
523,10:15:18,20.58,0.0,7,14406,卖盘
524,10:15:21,20.57,-0.01,2,4114,卖盘
525,10:15:25,20.56,-0.01,43,88408,卖盘
526,10:15:48,20.54,-0.02,8,16432,卖盘
527,10:16:06,20.54,0.0,2,4108,买盘
528,10:16:15,20.54,0.0,3,6162,卖盘
529,10:16:33,20.55,0.01,1,2055,卖盘
530,10:16:42,20.55,0.0,2,4110,买盘
531,10:17:16,20.54,-0.01,1,2054,卖盘
532,10:17:24,20.55,0.01,1,2055,买盘
533,10:17:27,20.53,-0.02,40,82153,卖盘
534,10:17:30,20.54,0.01,1,2054,买盘
535,10:18:00,20.53,-0.01,11,22583,卖盘
536,10:18:22,20.53,0.0,10,20530,买盘
537,10:18:24,20.54,0.01,1,2054,买盘
538,10:18:42,20.53,-0.01,5,10265,卖盘
539,10:19:06,20.54,0.01,3,6162,买盘
540,10:19:12,20.54,0.0,2,4108,卖盘
541,10:19:28,20.58,0.04,29,59624,买盘
542,10:19:36,20.58,0.0,12,24696,买盘
543,10:19:39,20.58,0.0,7,14406,买盘
544,10:19:54,20.55,-0.03,2,4110,卖盘
545,10:19:57,20.66,0.11,29,59830,买盘
546,10:21:04,20.65,-0.01,19,39235,买盘
547,10:21:06,20.65,0.0,5,10325,卖盘
548,10:21:21,20.56,-0.09,5,10280,买盘
549,10:23:00,20.64,0.08,10,20640,买盘
550,10:23:04,20.64,0.0,2,4128,买盘
551,10:23:07,20.62,-0.02,1,2062,中性盘
552,10:23:21,20.61,-0.01,16,32982,卖盘
553,10:23:27,20.61,0.0,23,47394,买盘
554,10:23:42,20.61,0.0,1,2061,卖盘
555,10:24:06,20.62,0.01,5,10310,卖盘
556,10:24:15,20.62,0.0,2,4124,卖盘
557,10:24:30,20.64,0.02,9,18576,买盘
558,10:24:33,20.61,-0.03,17,35039,卖盘
559,10:24:42,20.63,0.02,1,2063,卖盘
560,10:24:57,20.62,-0.01,9,18558,买盘
561,10:25:04,20.63,0.01,17,35071,买盘
562,10:25:27,20.64,0.01,1,2064,卖盘
563,10:25:30,20.63,-0.01,7,14443,卖盘
564,10:25:33,20.64,0.01,1,2064,买盘
565,10:25:39,20.64,0.0,1,2064,卖盘
566,10:25:42,20.64,0.0,3,6192,买盘
567,10:26:00,20.68,0.04,330,682232,买盘
568,10:26:04,20.68,0.0,7,14476,卖盘
569,10:26:15,20.68,0.0,5,10340,买盘
570,10:26:33,20.69,0.01,6,12411,买盘
571,10:26:45,20.68,-0.01,4,8272,卖盘
572,10:26:54,20.68,0.0,56,115847,卖盘
573,10:27:01,20.69,0.01,30,62070,买盘
574,10:27:09,20.67,-0.02,1,2067,卖盘
575,10:27:19,20.67,0.0,1,2067,卖盘
576,10:27:21,20.68,0.01,25,51700,买盘
577,10:27:30,20.67,-0.01,15,31005,卖盘
578,10:27:33,20.67,0.0,5,10338,卖盘
579,10:27:42,20.67,0.0,56,115752,卖盘
580,10:27:45,20.66,-0.01,101,208755,卖盘
581,10:27:48,20.66,0.0,35,72310,卖盘
582,10:27:51,20.63,-0.03,4,8252,卖盘
583,10:28:01,20.63,0.0,8,16504,卖盘
584,10:28:06,20.63,0.0,110,226930,卖盘
585,10:28:24,20.63,0.0,5,10315,卖盘
586,10:28:27,20.64,0.01,10,20640,中性盘
587,10:28:40,20.69,0.05,435,899904,买盘
588,10:28:49,20.69,0.0,40,82760,买盘
589,10:29:00,20.69,0.0,9,18621,买盘
590,10:29:27,20.67,-0.02,3,6201,买盘
591,10:29:33,20.71,0.04,80,165577,买盘
592,10:29:36,20.67,-0.04,10,20674,卖盘
593,10:29:39,20.69,0.02,5,10337,买盘
594,10:29:48,20.69,0.0,6,12414,买盘
595,10:29:58,20.69,0.0,15,31035,买盘
596,10:30:06,20.69,0.0,2,4138,卖盘
597,10:30:09,20.72,0.03,126,260989,买盘
598,10:30:16,20.72,0.0,7,14504,买盘
599,10:30:21,20.72,0.0,136,281792,买盘
600,10:30:24,20.71,-0.01,4,8284,卖盘
601,10:30:27,20.69,-0.02,120,248304,卖盘
602,10:30:30,20.69,0.0,6,12414,买盘
603,10:30:37,20.69,0.0,8,16552,买盘
604,10:30:39,20.69,0.0,3,6207,买盘
605,10:31:18,20.67,-0.02,14,28938,买盘
606,10:31:27,20.63,-0.04,2,4126,卖盘
607,10:31:45,20.63,0.0,28,57764,卖盘
608,10:31:54,20.61,-0.02,105,216408,卖盘
609,10:32:04,20.61,0.0,5,10305,卖盘
610,10:32:07,20.61,0.0,58,119538,卖盘
611,10:32:12,20.58,-0.03,27,55566,卖盘
612,10:32:15,20.58,0.0,20,41160,卖盘
613,10:32:18,20.58,0.0,50,102900,卖盘
614,10:32:21,20.58,0.0,41,84378,卖盘
615,10:32:24,20.58,0.0,17,34986,卖盘
616,10:32:27,20.6,0.02,2,4120,卖盘
617,10:32:30,20.58,-0.02,32,65900,卖盘
618,10:32:42,20.56,-0.02,4,8224,卖盘
619,10:32:45,20.55,-0.01,3,6169,卖盘
620,10:32:48,20.55,0.0,2,4110,卖盘
621,10:32:57,20.5,-0.05,40,82021,卖盘
622,10:33:09,20.5,0.0,21,43052,卖盘
623,10:33:18,20.5,0.0,29,59435,买盘
624,10:33:25,20.5,0.0,1,2050,卖盘
625,10:33:28,20.5,0.0,21,43050,卖盘
626,10:33:39,20.5,0.0,58,118900,卖盘
627,10:33:42,20.5,0.0,14,28700,买盘
628,10:33:48,20.49,-0.01,1,2049,卖盘
629,10:33:51,20.5,0.01,10,20500,买盘
630,10:34:04,20.46,-0.04,60,122857,卖盘
631,10:34:06,20.5,0.04,29,59441,买盘
632,10:34:12,20.5,0.0,1,2050,买盘
633,10:34:15,20.46,-0.04,12,24592,卖盘
634,10:34:21,20.46,0.0,13,26604,卖盘
635,10:34:30,20.46,0.0,4,8184,买盘
636,10:34:36,20.45,-0.01,44,89980,卖盘
637,10:34:40,20.44,-0.01,58,118608,卖盘
638,10:34:45,20.43,-0.01,26,53121,卖盘
639,10:34:55,20.43,0.0,15,30650,卖盘
640,10:35:01,20.44,0.01,18,36792,买盘
641,10:35:04,20.45,0.01,1,2045,卖盘
642,10:35:06,20.43,-0.02,10,20430,卖盘
643,10:35:18,20.46,0.03,50,102297,买盘
644,10:35:30,20.46,0.0,20,40920,买盘
645,10:35:33,20.46,0.0,29,59334,买盘
646,10:35:36,20.46,0.0,36,73656,买盘
647,10:35:58,20.54,0.08,5,10270,中性盘
648,10:36:19,20.5,-0.04,10,20503,卖盘
649,10:36:22,20.55,0.05,1,2055,买盘
650,10:36:36,20.55,0.0,1,2055,买盘
651,10:36:39,20.55,0.0,1,2055,卖盘
652,10:36:42,20.51,-0.04,10,20510,卖盘
653,10:36:45,20.5,-0.01,3,6150,卖盘
654,10:36:48,20.48,-0.02,5,10240,卖盘
655,10:36:51,20.47,-0.01,10,20470,卖盘
656,10:37:01,20.54,0.07,1,2054,中性盘
657,10:37:12,20.53,-0.01,1,2053,买盘
658,10:37:21,20.47,-0.06,2,4094,卖盘
659,10:37:42,20.48,0.01,20,40970,卖盘
660,10:37:51,20.47,-0.01,19,38893,卖盘
661,10:38:12,20.52,0.05,1,2052,买盘
662,10:38:36,20.48,-0.04,1,2048,卖盘
663,10:38:54,20.48,0.0,1,2048,卖盘
664,10:39:12,20.55,0.07,1,2055,买盘
665,10:39:21,20.55,0.0,8,16440,买盘
666,10:39:42,20.55,0.0,4,8220,卖盘
667,10:39:45,20.55,0.0,12,24660,卖盘
668,10:39:48,20.55,0.0,4,8220,买盘
669,10:40:04,20.49,-0.06,46,94254,卖盘
670,10:40:13,20.49,0.0,1,2049,买盘
671,10:40:51,20.49,0.0,3,6147,买盘
672,10:41:06,20.49,0.0,40,81960,卖盘
673,10:41:33,20.48,-0.01,35,71704,卖盘
674,10:41:36,20.48,0.0,1,2048,买盘
675,10:41:42,20.46,-0.02,50,102334,卖盘
676,10:42:04,20.48,0.02,2,4096,买盘
677,10:42:09,20.47,-0.01,6,12282,中性盘
678,10:42:15,20.48,0.01,3,6144,买盘
679,10:42:33,20.48,0.0,9,18432,买盘
680,10:43:24,20.5,0.02,2,4100,买盘
681,10:43:33,20.5,0.0,3,6150,买盘
682,10:44:15,20.5,0.0,2,4100,买盘
683,10:44:27,20.48,-0.02,1,2048,卖盘
684,10:45:03,20.48,0.0,13,26624,买盘
685,10:45:06,20.46,-0.02,13,26622,卖盘
686,10:45:31,20.48,0.02,1,2048,卖盘
687,10:45:36,20.46,-0.02,5,10230,卖盘
688,10:45:51,20.47,0.01,9,18423,买盘
689,10:46:00,20.45,-0.02,25,51134,卖盘
690,10:46:18,20.45,0.0,50,102250,卖盘
691,10:46:24,20.45,0.0,19,38855,卖盘
692,10:46:42,20.46,0.01,10,20460,卖盘
693,10:46:48,20.45,-0.01,50,102250,卖盘
694,10:46:51,20.45,0.0,73,149285,卖盘
695,10:47:04,20.44,-0.01,24,49056,卖盘
696,10:47:07,20.4,-0.04,39,79599,卖盘
697,10:47:24,20.4,0.0,10,20400,买盘
698,10:48:01,20.4,0.0,40,81600,买盘
699,10:48:19,20.38,-0.02,2,4076,卖盘
700,10:49:01,20.41,0.03,19,38784,卖盘
701,10:49:06,20.41,0.0,7,14287,卖盘
702,10:49:09,20.42,0.01,32,65344,买盘
703,10:50:51,20.5,0.08,1,2050,买盘
704,10:51:09,20.5,0.0,4,8200,买盘
705,10:51:21,20.54,0.04,11,22594,买盘
706,10:51:24,20.5,-0.04,30,61548,卖盘
707,10:51:27,20.55,0.05,16,32880,买盘
708,10:51:48,20.55,0.0,1,2055,买盘
709,10:52:33,20.55,0.0,2,4110,买盘
710,10:53:00,20.51,-0.04,28,57452,卖盘
711,10:53:09,20.51,0.0,5,10255,卖盘
712,10:53:15,20.51,0.0,6,12306,卖盘
713,10:53:18,20.5,-0.01,1,2050,卖盘
714,10:53:27,20.49,-0.01,26,53275,卖盘
715,10:53:51,20.49,0.0,5,10245,卖盘
716,10:53:54,20.48,-0.01,13,26629,卖盘
717,10:54:15,20.51,0.03,168,344558,买盘
718,10:54:27,20.51,0.0,26,53326,买盘
719,10:54:36,20.51,0.0,1,2051,买盘
720,10:54:49,20.51,0.0,5,10255,买盘
721,10:55:00,20.51,0.0,26,53326,买盘
722,10:55:18,20.5,-0.01,3,6150,卖盘
723,10:56:04,20.49,-0.01,1,2049,卖盘
724,10:56:28,20.48,-0.01,4,8192,卖盘
725,10:56:36,20.48,0.0,18,36864,卖盘
726,10:56:48,20.48,0.0,12,24576,卖盘
727,10:56:52,20.48,0.0,8,16384,卖盘
728,10:57:06,20.45,-0.03,10,20450,卖盘
729,10:57:12,20.45,0.0,10,20450,卖盘
730,10:57:27,20.4,-0.05,29,59209,卖盘
731,10:57:51,20.39,-0.01,2,4078,卖盘
732,10:57:54,20.4,0.01,26,53040,买盘
733,10:58:04,20.4,0.0,20,40800,买盘
734,10:58:15,20.4,0.0,1,2040,买盘
735,10:58:19,20.4,0.0,10,20400,买盘
736,10:58:21,20.4,0.0,12,24480,买盘
737,10:58:30,20.4,0.0,20,40800,卖盘
738,11:00:18,20.48,0.08,22,45056,买盘
739,11:03:00,20.46,-0.02,3,6138,卖盘
740,11:03:06,20.46,0.0,1,2046,卖盘
741,11:03:21,20.46,0.0,1,2046,卖盘
742,11:03:25,20.46,0.0,7,14322,卖盘
743,11:03:28,20.45,-0.01,2,4090,卖盘
744,11:03:51,20.42,-0.03,1,2042,卖盘
745,11:04:12,20.42,0.0,30,61260,卖盘
746,11:04:45,20.45,0.03,13,26585,买盘
747,11:04:51,20.45,0.0,1,2045,买盘
748,11:05:09,20.45,0.0,1,2045,买盘
749,11:05:12,20.45,0.0,1,2045,买盘
750,11:05:21,20.45,0.0,5,10225,买盘
751,11:05:42,20.47,0.02,5,10235,买盘
752,11:06:00,20.47,0.0,5,10235,买盘
753,11:06:06,20.48,0.01,23,47104,买盘
754,11:06:51,20.45,-0.03,17,34774,卖盘
755,11:07:12,20.49,0.04,6,12294,买盘
756,11:07:33,20.49,0.0,5,10245,买盘
757,11:08:18,20.5,0.01,15,30750,买盘
758,11:09:15,20.51,0.01,10,20510,买盘
759,11:09:18,20.51,0.0,1,2051,买盘
760,11:09:48,20.51,0.0,5,10255,买盘
761,11:10:00,20.51,0.0,5,10255,买盘
762,11:10:36,20.48,-0.03,55,112673,卖盘
763,11:10:48,20.48,0.0,100,204800,买盘
764,11:11:00,20.49,0.01,31,63513,买盘
765,11:11:13,20.48,-0.01,22,45057,卖盘
766,11:11:16,20.48,0.0,25,51200,买盘
767,11:11:27,20.47,-0.01,62,126969,卖盘
768,11:11:30,20.48,0.01,20,40960,买盘
769,11:11:36,20.49,0.01,28,57349,买盘
770,11:11:39,20.47,-0.02,5,10239,卖盘
771,11:13:06,20.48,0.01,8,16384,卖盘
772,11:13:33,20.48,0.0,24,49166,卖盘
773,11:13:48,20.48,0.0,12,24576,买盘
774,11:14:00,20.45,-0.03,32,65440,卖盘
775,11:14:40,20.45,0.0,10,20450,买盘
776,11:14:45,20.45,0.0,8,16360,买盘
777,11:14:51,20.48,0.03,20,40960,买盘
778,11:15:43,20.46,-0.02,2,4092,买盘
779,11:15:48,20.48,0.02,27,55296,买盘
780,11:16:00,20.48,0.0,56,114688,买盘
781,11:16:24,20.53,0.05,1,2053,买盘
782,11:16:33,20.48,-0.05,25,51200,卖盘
783,11:17:21,20.5,0.02,18,36909,卖盘
784,11:17:25,20.53,0.03,1,2053,买盘
785,11:18:24,20.53,0.0,1,2053,买盘
786,11:18:36,20.54,0.01,10,20533,买盘
787,11:19:16,20.53,-0.01,14,28742,买盘
788,11:19:24,20.54,0.01,1,2054,买盘
789,11:20:06,20.54,0.0,2,4108,买盘
790,11:20:27,20.55,0.01,11,22605,买盘
791,11:20:39,20.54,-0.01,19,39040,卖盘
792,11:20:42,20.56,0.02,2,4110,买盘
793,11:23:42,20.55,-0.01,1,2055,买盘
794,11:23:45,20.52,-0.03,1,2052,卖盘
795,11:24:15,20.53,0.01,73,149869,卖盘
796,11:25:00,20.53,0.0,1,2053,卖盘
797,11:25:34,20.53,0.0,8,16424,卖盘
798,11:25:49,20.52,-0.01,22,45148,卖盘
799,11:25:51,20.52,0.0,4,8208,卖盘
800,11:26:09,20.52,0.0,48,98496,卖盘
801,11:26:30,20.52,0.0,2,4104,买盘
802,11:26:39,20.51,-0.01,8,16409,卖盘
803,11:27:31,20.51,0.0,3,6153,买盘
804,11:27:43,20.55,0.04,6,12330,买盘
805,11:27:52,20.56,0.01,23,47267,买盘
806,11:28:57,20.56,0.0,5,10280,买盘
807,11:29:39,20.55,-0.01,16,32880,买盘
808,11:29:51,20.51,-0.04,15,30765,卖盘
809,13:00:05,20.5,-0.01,40,82107,卖盘
810,13:00:15,20.5,0.0,29,59450,买盘
811,13:00:36,20.5,0.0,11,22550,买盘
812,13:01:16,20.56,0.06,10,20560,买盘
813,13:01:18,20.58,0.02,30,61720,买盘
814,13:01:48,20.56,-0.02,1,2056,中性盘
815,13:02:18,20.56,0.0,8,16448,买盘
816,13:02:30,20.56,0.0,5,10280,卖盘
817,13:02:33,20.56,0.0,8,16448,卖盘
818,13:03:12,20.56,0.0,7,14392,中性盘
819,13:06:15,20.55,-0.01,7,14385,买盘
820,13:06:24,20.52,-0.03,5,10260,卖盘
821,13:07:57,20.51,-0.01,1,2051,卖盘
822,13:08:42,20.55,0.04,2,4110,买盘
823,13:09:06,20.55,0.0,1,2055,买盘
824,13:09:12,20.55,0.0,4,8220,买盘
825,13:09:27,20.55,0.0,1,2055,卖盘
826,13:10:12,20.58,0.03,29,59648,买盘
827,13:11:30,20.58,0.0,30,61740,买盘
828,13:11:33,20.58,0.0,1,2058,买盘
829,13:11:45,20.58,0.0,9,18522,买盘
830,13:12:12,20.58,0.0,8,16464,卖盘
831,13:12:21,20.58,0.0,13,26754,卖盘
832,13:12:30,20.58,0.0,7,14406,卖盘
833,13:12:33,20.58,0.0,3,6174,卖盘
834,13:12:40,20.56,-0.02,13,26728,卖盘
835,13:13:00,20.56,0.0,9,18504,买盘
836,13:13:15,20.56,0.0,8,16448,卖盘
837,13:13:18,20.56,0.0,11,22616,卖盘
838,13:13:24,20.56,0.0,14,28784,买盘
839,13:14:54,20.53,-0.03,6,12323,卖盘
840,13:14:57,20.53,0.0,15,30795,卖盘
841,13:15:00,20.52,-0.01,5,10260,卖盘
842,13:15:04,20.51,-0.01,10,20510,卖盘
843,13:15:06,20.5,-0.01,30,61500,卖盘
844,13:15:13,20.54,0.04,1,2054,买盘
845,13:16:12,20.53,-0.01,1,2053,买盘
846,13:16:27,20.53,0.0,2,4106,买盘
847,13:17:06,20.5,-0.03,1,2050,卖盘
848,13:17:12,20.52,0.02,1,2052,买盘
849,13:17:33,20.5,-0.02,30,61500,卖盘
850,13:17:36,20.5,0.0,1,2050,卖盘
851,13:18:03,20.49,-0.01,4,8196,卖盘
852,13:18:12,20.5,0.01,1,2050,买盘
853,13:18:31,20.5,0.0,2,4099,买盘
854,13:18:45,20.49,-0.01,15,30735,卖盘
855,13:19:00,20.49,0.0,1,2049,买盘
856,13:19:15,20.49,0.0,1,2049,买盘
857,13:19:36,20.48,-0.01,31,63488,卖盘
858,13:20:30,20.48,0.0,3,6142,买盘
859,13:20:33,20.48,0.0,25,51200,买盘
860,13:20:39,20.48,0.0,5,10240,买盘
861,13:20:42,20.48,0.0,53,108494,买盘
862,13:20:45,20.47,-0.01,13,26611,中性盘
863,13:20:51,20.47,0.0,5,10235,买盘
864,13:21:22,20.46,-0.01,4,8184,卖盘
865,13:21:33,20.46,0.0,1,2046,卖盘
866,13:22:18,20.48,0.02,5,10240,买盘
867,13:22:24,20.48,0.0,5,10240,买盘
868,13:22:31,20.48,0.0,2,4096,买盘
869,13:22:45,20.5,0.02,1,2050,买盘
870,13:22:51,20.5,0.0,5,10250,买盘
871,13:23:00,20.5,0.0,1,2050,买盘
872,13:23:09,20.5,0.0,1,2050,买盘
873,13:23:15,20.52,0.02,1,2052,买盘
874,13:23:31,20.52,0.0,1,2052,买盘
875,13:24:00,20.52,0.0,1,2052,买盘
876,13:24:15,20.52,0.0,1,2052,买盘
877,13:24:18,20.52,0.0,1,2052,买盘
878,13:24:43,20.52,0.0,1,2052,买盘
879,13:25:04,20.54,0.02,32,65706,买盘
880,13:25:13,20.54,0.0,46,94484,卖盘
881,13:25:19,20.56,0.02,30,61660,买盘
882,13:25:30,20.58,0.02,1,2058,买盘
883,13:25:42,20.58,0.0,2,4116,买盘
884,13:26:00,20.58,0.0,1,2058,买盘
885,13:26:19,20.58,0.0,18,37044,买盘
886,13:26:24,20.58,0.0,6,12348,卖盘
887,13:26:27,20.58,0.0,3,6174,卖盘
888,13:26:30,20.59,0.01,1,2059,买盘
889,13:26:39,20.59,0.0,14,28826,买盘
890,13:26:45,20.59,0.0,2,4118,买盘
891,13:26:48,20.58,-0.01,10,20580,卖盘
892,13:26:54,20.59,0.01,10,20590,买盘
893,13:27:00,20.59,0.0,2,4117,买盘
894,13:27:09,20.59,0.0,1,2059,买盘
895,13:27:15,20.58,-0.01,33,67914,卖盘
896,13:27:24,20.58,0.0,1,2058,卖盘
897,13:27:28,20.58,0.0,10,20580,卖盘
898,13:27:33,20.58,0.0,1,2058,卖盘
899,13:27:36,20.58,0.0,2,4116,卖盘
900,13:27:42,20.58,0.0,15,30870,卖盘
901,13:27:45,20.58,0.0,4,8232,卖盘
902,13:27:54,20.58,0.0,6,12348,卖盘
903,13:27:57,20.58,0.0,13,26754,卖盘
904,13:28:04,20.58,0.0,10,20580,买盘
905,13:28:06,20.58,0.0,22,45274,买盘
906,13:28:09,20.58,0.0,11,22638,买盘
907,13:28:46,20.58,0.0,93,191394,卖盘
908,13:28:49,20.56,-0.02,20,41120,卖盘
909,13:28:54,20.55,-0.01,59,121413,卖盘
910,13:29:00,20.56,0.01,1,2056,卖盘
911,13:29:06,20.57,0.01,3,6171,卖盘
912,13:29:22,20.57,0.0,26,53482,卖盘
913,13:29:33,20.57,0.0,7,14399,卖盘
914,13:29:48,20.57,0.0,11,22627,卖盘
915,13:29:51,20.57,0.0,1,2057,卖盘
916,13:30:18,20.57,0.0,5,10285,卖盘
917,13:30:21,20.56,-0.01,200,411319,卖盘
918,13:30:25,20.56,0.0,16,32896,卖盘
919,13:30:27,20.56,0.0,47,96632,买盘
920,13:30:31,20.56,0.0,69,141864,买盘
921,13:30:36,20.56,0.0,62,127472,买盘
922,13:30:39,20.56,0.0,72,148032,买盘
923,13:30:48,20.56,0.0,61,125440,卖盘
924,13:30:51,20.56,0.0,1,2056,卖盘
925,13:30:54,20.56,0.0,70,143920,卖盘
926,13:31:10,20.56,0.0,1,2056,卖盘
927,13:31:15,20.56,0.0,14,28784,卖盘
928,13:31:21,20.56,0.0,251,516056,卖盘
929,13:31:40,20.56,0.0,177,363521,卖盘
930,13:31:42,20.56,0.0,5,10280,卖盘
931,13:31:51,20.55,-0.01,226,464591,卖盘
932,13:32:15,20.58,0.03,149,306642,买盘
933,13:32:18,20.58,0.0,6,12348,买盘
934,13:32:21,20.58,0.0,20,41160,买盘
935,13:32:30,20.58,0.0,42,86436,买盘
936,13:32:33,20.58,0.0,1,2058,买盘
937,13:32:36,20.58,0.0,25,51450,买盘
938,13:32:42,20.58,0.0,50,102900,买盘
939,13:32:48,20.58,0.0,15,30870,买盘
940,13:32:51,20.6,0.02,69,142026,买盘
941,13:33:09,20.6,0.0,1,2060,买盘
942,13:33:21,20.6,0.0,10,20600,买盘
943,13:33:30,20.6,0.0,23,47380,买盘
944,13:33:43,20.6,0.0,18,37080,买盘
945,13:34:06,20.6,0.0,13,26780,买盘
946,13:34:18,20.6,0.0,5,10300,卖盘
947,13:34:27,20.61,0.01,7,14427,买盘
948,13:34:30,20.61,0.0,1,2061,买盘
949,13:34:42,20.6,-0.01,26,53560,卖盘
950,13:34:49,20.6,0.0,42,86520,卖盘
951,13:35:09,20.59,-0.01,20,41180,卖盘
952,13:35:16,20.59,0.0,8,16472,卖盘
953,13:35:18,20.6,0.01,18,37079,买盘
954,13:35:27,20.59,-0.01,10,20590,卖盘
955,13:35:33,20.6,0.01,5,10300,买盘
956,13:35:42,20.6,0.0,5,10300,买盘
957,13:35:51,20.59,-0.01,84,173021,卖盘
958,13:35:57,20.59,0.0,1,2059,买盘
959,13:36:03,20.59,0.0,40,82360,卖盘
960,13:36:12,20.59,0.0,46,94714,卖盘
961,13:36:18,20.59,0.0,15,30884,买盘
962,13:36:24,20.59,0.0,40,82360,卖盘
963,13:36:33,20.59,0.0,10,20590,卖盘
964,13:36:48,20.6,0.01,1,2060,买盘
965,13:36:54,20.6,0.0,10,20600,买盘
966,13:37:00,20.59,-0.01,4,8236,卖盘
967,13:37:12,20.59,0.0,1,2059,卖盘
968,13:37:15,20.59,0.0,2,4118,卖盘
969,13:37:27,20.59,0.0,138,284142,卖盘
970,13:37:31,20.59,0.0,1,2059,买盘
971,13:37:33,20.58,-0.01,44,90552,卖盘
972,13:37:36,20.59,0.01,37,76180,买盘
973,13:37:39,20.59,0.0,11,22649,买盘
974,13:37:54,20.58,-0.01,2,4116,买盘
975,13:38:00,20.58,0.0,11,22638,买盘
976,13:38:15,20.59,0.01,10,20590,买盘
977,13:38:18,20.58,-0.01,11,22638,卖盘
978,13:38:21,20.58,0.0,14,28812,卖盘
979,13:38:24,20.58,0.0,20,41160,卖盘
980,13:38:31,20.59,0.01,19,39121,买盘
981,13:38:45,20.59,0.0,51,105009,买盘
982,13:39:00,20.58,-0.01,2,4116,卖盘
983,13:39:06,20.6,0.02,21,43252,买盘
984,13:39:12,20.58,-0.02,2,4116,卖盘
985,13:39:30,20.58,0.0,10,20580,卖盘
986,13:39:51,20.58,0.0,5,10290,卖盘
987,13:40:04,20.6,0.02,1,2060,买盘
988,13:40:06,20.58,-0.02,41,84378,卖盘
989,13:40:12,20.57,-0.01,10,20570,卖盘
990,13:40:15,20.58,0.01,4,8232,买盘
991,13:40:24,20.57,-0.01,55,113135,卖盘
992,13:40:45,20.5,-0.07,20,41057,卖盘
993,13:40:51,20.55,0.05,3,6165,买盘
994,13:41:31,20.5,-0.05,41,84050,卖盘
995,13:41:36,20.5,0.0,6,12300,买盘
996,13:41:45,20.5,0.0,7,14350,买盘
997,13:42:09,20.48,-0.02,1,2048,卖盘
998,13:42:21,20.46,-0.02,11,22505,卖盘
999,13:42:42,20.47,0.01,3,6141,卖盘
1000,13:43:06,20.45,-0.02,15,30675,卖盘
1001,13:43:09,20.45,0.0,16,32720,买盘
1002,13:43:39,20.44,-0.01,23,47012,卖盘
1003,13:43:42,20.43,-0.01,43,87876,卖盘
1004,13:43:45,20.43,0.0,20,40860,买盘
1005,13:43:49,20.43,0.0,10,20430,买盘
1006,13:43:55,20.45,0.02,76,155316,买盘
1007,13:44:06,20.45,0.0,2,4090,卖盘
1008,13:44:09,20.45,0.0,8,16360,卖盘
1009,13:44:21,20.45,0.0,2,4090,卖盘
1010,13:44:30,20.45,0.0,4,8180,卖盘
1011,13:44:36,20.48,0.03,1,2048,买盘
1012,13:44:39,20.45,-0.03,9,18405,卖盘
1013,13:45:06,20.45,0.0,3,6135,买盘
1014,13:45:12,20.42,-0.03,30,61270,卖盘
1015,13:45:22,20.45,0.03,12,24528,买盘
1016,13:45:24,20.43,-0.02,10,20436,卖盘
1017,13:46:27,20.45,0.02,1,2045,卖盘
1018,13:46:42,20.45,0.0,4,8180,卖盘
1019,13:47:03,20.45,0.0,4,8180,卖盘
1020,13:48:21,20.44,-0.01,1,2044,卖盘
1021,13:48:31,20.45,0.01,28,57236,买盘
1022,13:49:00,20.45,0.0,12,24540,卖盘
1023,13:49:09,20.44,-0.01,15,30660,卖盘
1024,13:49:24,20.44,0.0,5,10220,卖盘
1025,13:50:00,20.44,0.0,2,4088,买盘
1026,13:50:13,20.45,0.01,25,51125,买盘
1027,13:50:33,20.45,0.0,8,16360,卖盘
1028,13:51:12,20.45,0.0,8,16360,卖盘
1029,13:51:15,20.45,0.0,1,2045,买盘
1030,13:51:18,20.45,0.0,8,16360,买盘
1031,13:51:57,20.45,0.0,3,6135,买盘
1032,13:52:16,20.45,0.0,21,42945,卖盘
1033,13:53:34,20.47,0.02,14,28658,卖盘
1034,13:53:42,20.47,0.0,9,18423,买盘
1035,13:53:52,20.5,0.03,51,104512,买盘
1036,13:54:54,20.5,0.0,1,2050,买盘
1037,13:55:54,20.5,0.0,20,41000,买盘
1038,13:56:04,20.5,0.0,45,92250,卖盘
1039,13:56:09,20.5,0.0,14,28700,卖盘
1040,13:56:27,20.46,-0.04,4,8184,卖盘
1041,13:56:51,20.46,0.0,34,69564,卖盘
1042,13:57:18,20.46,0.0,6,12276,卖盘
1043,13:57:48,20.45,-0.01,5,10225,卖盘
1044,13:58:12,20.48,0.03,5,10240,买盘
1045,13:58:42,20.45,-0.03,5,10226,卖盘
1046,13:59:51,20.46,0.01,8,16368,卖盘
1047,14:00:45,20.49,0.03,9,18441,买盘
1048,14:02:48,20.46,-0.03,50,102317,卖盘
1049,14:03:45,20.46,0.0,30,61380,卖盘
1050,14:03:57,20.46,0.0,5,10230,卖盘
1051,14:04:00,20.45,-0.01,86,175870,卖盘
1052,14:04:03,20.43,-0.02,35,71505,卖盘
1053,14:04:12,20.41,-0.02,89,181674,卖盘
1054,14:04:27,20.41,0.0,42,85682,买盘
1055,14:04:33,20.4,-0.01,27,55080,卖盘
1056,14:04:40,20.38,-0.02,10,20383,卖盘
1057,14:04:46,20.38,0.0,14,28552,卖盘
1058,14:04:55,20.38,0.0,20,40760,买盘
1059,14:05:00,20.37,-0.01,22,44815,卖盘
1060,14:05:04,20.37,0.0,207,422113,中性盘
1061,14:05:12,20.36,-0.01,39,79404,卖盘
1062,14:05:21,20.37,0.01,19,38692,买盘
1063,14:05:24,20.34,-0.03,99,201462,卖盘
1064,14:05:27,20.34,0.0,19,38646,买盘
1065,14:05:30,20.34,0.0,2,4068,买盘
1066,14:05:33,20.34,0.0,9,18306,买盘
1067,14:05:36,20.35,0.01,72,146508,买盘
1068,14:05:39,20.41,0.06,2,4082,买盘
1069,14:05:58,20.41,0.0,10,20410,买盘
1070,14:06:04,20.41,0.0,7,14287,买盘
1071,14:06:19,20.41,0.0,5,10205,买盘
1072,14:07:03,20.38,-0.03,20,40760,卖盘
1073,14:07:06,20.41,0.03,1,2041,买盘
1074,14:07:33,20.37,-0.04,70,142650,卖盘
1075,14:07:42,20.37,0.0,20,40740,卖盘
1076,14:07:45,20.4,0.03,10,20400,买盘
1077,14:07:48,20.37,-0.03,17,34653,卖盘
1078,14:07:54,20.4,0.03,5,10200,买盘
1079,14:07:57,20.4,0.0,5,10200,卖盘
1080,14:08:15,20.37,-0.03,18,36666,卖盘
1081,14:08:18,20.36,-0.01,77,156772,卖盘
1082,14:08:31,20.36,0.0,7,14247,中性盘
1083,14:08:39,20.35,-0.01,126,256410,卖盘
1084,14:08:42,20.35,0.0,20,40700,卖盘
1085,14:08:45,20.35,0.0,4,8140,卖盘
1086,14:08:51,20.35,0.0,7,14245,买盘
1087,14:08:54,20.35,0.0,3,6105,买盘
1088,14:08:57,20.34,-0.01,21,42714,卖盘
1089,14:09:09,20.33,-0.01,9,18297,卖盘
1090,14:09:12,20.33,0.0,19,38637,卖盘
1091,14:09:16,20.33,0.0,6,12198,买盘
1092,14:09:19,20.33,0.0,10,20330,卖盘
1093,14:09:22,20.32,-0.01,55,111790,卖盘
1094,14:09:25,20.33,0.01,3,6099,买盘
1095,14:09:27,20.33,0.0,15,30495,买盘
1096,14:09:30,20.33,0.0,20,40660,买盘
1097,14:09:33,20.33,0.0,11,22363,买盘
1098,14:09:36,20.33,0.0,6,12198,买盘
1099,14:09:39,20.34,0.01,4,8136,买盘
1100,14:09:42,20.32,-0.02,32,65038,卖盘
1101,14:09:55,20.34,0.02,19,38646,买盘
1102,14:09:58,20.34,0.0,40,81360,买盘
1103,14:10:00,20.35,0.01,2,4070,买盘
1104,14:10:04,20.35,0.0,3,6105,买盘
1105,14:10:07,20.35,0.0,1,2035,买盘
1106,14:10:10,20.35,0.0,11,22385,买盘
1107,14:10:12,20.35,0.0,5,10175,买盘
1108,14:10:18,20.35,0.0,2,4070,卖盘
1109,14:10:42,20.4,0.05,60,122400,买盘
1110,14:11:09,20.4,0.0,11,22440,卖盘
1111,14:11:21,20.4,0.0,1,2040,买盘
1112,14:11:51,20.4,0.0,1,2040,买盘
1113,14:12:30,20.4,0.0,20,40800,买盘
1114,14:12:36,20.4,0.0,31,63240,买盘
1115,14:12:39,20.4,0.0,2,4080,买盘
1116,14:12:42,20.4,0.0,3,6120,买盘
1117,14:12:46,20.4,0.0,3,6120,买盘
1118,14:12:49,20.4,0.0,1,2040,买盘
1119,14:12:51,20.38,-0.02,30,61162,卖盘
1120,14:13:12,20.44,0.06,3,6124,买盘
1121,14:13:24,20.45,0.01,1,2045,买盘
1122,14:13:45,20.44,-0.01,8,16352,卖盘
1123,14:13:55,20.44,0.0,9,18396,卖盘
1124,14:13:58,20.44,0.0,6,12264,卖盘
1125,14:14:00,20.45,0.01,100,204500,买盘
1126,14:14:21,20.45,0.0,4,8180,买盘
1127,14:14:27,20.4,-0.05,2,4080,卖盘
1128,14:14:33,20.38,-0.02,1,2038,卖盘
1129,14:15:00,20.45,0.07,2,4090,买盘
1130,14:15:18,20.44,-0.01,4,8176,卖盘
1131,14:15:21,20.45,0.01,1,2045,买盘
1132,14:15:27,20.44,-0.01,20,40880,卖盘
1133,14:15:33,20.45,0.01,172,352681,买盘
1134,14:16:33,20.45,0.0,19,37914,卖盘
1135,14:16:39,20.45,0.0,17,34765,买盘
1136,14:17:48,20.45,0.0,1,2045,卖盘
1137,14:18:04,20.48,0.03,10,20480,买盘
1138,14:18:21,20.48,0.0,5,10240,买盘
1139,14:18:54,20.5,0.02,10,20491,买盘
1140,14:18:57,20.48,-0.02,8,16384,卖盘
1141,14:19:00,20.48,0.0,2,4096,买盘
1142,14:19:18,20.45,-0.03,5,10225,卖盘
1143,14:19:54,20.45,0.0,30,61358,卖盘
1144,14:20:12,20.45,0.0,1,2045,卖盘
1145,14:21:04,20.45,0.0,20,40900,卖盘
1146,14:21:12,20.48,0.03,12,24572,买盘
1147,14:21:19,20.45,-0.03,2,4090,卖盘
1148,14:21:22,20.48,0.03,6,12288,买盘
1149,14:21:33,20.48,0.0,1,2048,买盘
1150,14:21:54,20.48,0.0,5,10240,买盘
1151,14:22:24,20.46,-0.02,13,26598,买盘
1152,14:22:30,20.45,-0.01,2,4091,卖盘
1153,14:22:39,20.44,-0.01,46,93119,卖盘
1154,14:23:04,20.44,0.0,20,40880,卖盘
1155,14:23:06,20.44,0.0,11,22484,卖盘
1156,14:23:15,20.42,-0.02,8,16336,卖盘
1157,14:23:36,20.42,0.0,30,61260,卖盘
1158,14:23:51,20.42,0.0,12,24504,卖盘
1159,14:23:57,20.4,-0.02,4,8160,卖盘
1160,14:24:04,20.42,0.02,1,2042,买盘
1161,14:24:06,20.38,-0.04,50,101925,卖盘
1162,14:24:09,20.38,0.0,9,18342,买盘
1163,14:24:12,20.42,0.04,1,2042,买盘
1164,14:24:45,20.41,-0.01,28,57148,卖盘
1165,14:25:21,20.4,-0.01,7,14280,买盘
1166,14:25:33,20.41,0.01,1,2041,买盘
1167,14:25:42,20.38,-0.03,32,65248,卖盘
1168,14:25:51,20.41,0.03,28,57148,买盘
1169,14:25:57,20.41,0.0,1,2041,买盘
1170,14:26:45,20.41,0.0,5,10205,买盘
1171,14:27:12,20.41,0.0,1,2041,买盘
1172,14:27:18,20.39,-0.02,4,8156,卖盘
1173,14:27:21,20.39,0.0,1,2039,买盘
1174,14:27:30,20.38,-0.01,30,61140,卖盘
1175,14:27:54,20.37,-0.01,1,2037,卖盘
1176,14:28:12,20.38,0.01,19,38722,买盘
1177,14:28:15,20.38,0.0,1,2038,买盘
1178,14:28:22,20.41,0.03,7,14287,买盘
1179,14:28:25,20.41,0.0,1,2041,买盘
1180,14:28:28,20.38,-0.03,4,8152,卖盘
1181,14:28:39,20.38,0.0,5,10191,卖盘
1182,14:28:48,20.38,0.0,33,67259,卖盘
1183,14:29:09,20.38,0.0,2,4076,卖盘
1184,14:29:21,20.41,0.03,5,10205,买盘
1185,14:29:37,20.41,0.0,1,2041,买盘
1186,14:29:45,20.41,0.0,1,2041,买盘
1187,14:30:04,20.42,0.01,9,18378,买盘
1188,14:30:42,20.4,-0.02,2,4080,卖盘
1189,14:31:31,20.39,-0.01,25,50975,卖盘
1190,14:31:33,20.39,0.0,5,10195,买盘
1191,14:31:57,20.36,-0.03,87,177240,卖盘
1192,14:32:18,20.35,-0.01,20,40717,卖盘
1193,14:32:27,20.35,0.0,23,46805,卖盘
1194,14:32:42,20.35,0.0,10,20350,买盘
1195,14:33:06,20.35,0.0,25,50875,买盘
1196,14:33:15,20.34,-0.01,8,16272,卖盘
1197,14:33:19,20.37,0.03,100,203571,买盘
1198,14:33:27,20.35,-0.02,10,20350,卖盘
1199,14:33:42,20.35,0.0,11,22385,卖盘
1200,14:33:51,20.38,0.03,100,203729,买盘
1201,14:34:00,20.38,0.0,26,52988,买盘
1202,14:34:04,20.37,-0.01,2,4074,中性盘
1203,14:34:36,20.35,-0.02,7,14245,卖盘
1204,14:34:39,20.35,0.0,3,6105,卖盘
1205,14:35:00,20.34,-0.01,6,12204,卖盘
1206,14:35:21,20.34,0.0,5,10170,买盘
1207,14:35:45,20.34,0.0,1,2034,买盘
1208,14:36:12,20.33,-0.01,22,44726,卖盘
1209,14:36:36,20.32,-0.01,8,16263,卖盘
1210,14:36:39,20.34,0.02,8,16272,买盘
1211,14:36:54,20.34,0.0,2,4068,卖盘
1212,14:37:15,20.34,0.0,5,10170,买盘
1213,14:37:31,20.34,0.0,30,61013,买盘
1214,14:37:34,20.34,0.0,10,20340,卖盘
1215,14:37:42,20.35,0.01,10,20350,买盘
1216,14:37:51,20.35,0.0,10,20350,卖盘
1217,14:37:55,20.35,0.0,10,20350,卖盘
1218,14:38:06,20.37,0.02,1,2037,买盘
1219,14:38:09,20.37,0.0,6,12222,买盘
1220,14:38:12,20.37,0.0,6,12222,买盘
1221,14:38:18,20.38,0.01,23,46874,买盘
1222,14:38:21,20.38,0.0,3,6114,买盘
1223,14:38:25,20.38,0.0,3,7051,买盘
1224,14:38:39,20.39,0.01,12,24468,买盘
1225,14:39:09,20.39,0.0,5,10195,卖盘
1226,14:40:15,20.41,0.02,26,53046,买盘
1227,14:40:30,20.41,0.0,4,8164,买盘
1228,14:40:33,20.42,0.01,1,2042,买盘
1229,14:40:49,20.42,0.0,1,2042,买盘
1230,14:40:51,20.42,0.0,1,2042,买盘
1231,14:40:54,20.41,-0.01,4,8164,卖盘
1232,14:40:57,20.42,0.01,17,34714,买盘
1233,14:41:03,20.41,-0.01,4,8164,卖盘
1234,14:41:09,20.42,0.01,13,26540,买盘
1235,14:41:21,20.41,-0.01,2,4082,买盘
1236,14:42:09,20.41,0.0,1,2041,卖盘
1237,14:42:12,20.42,0.01,5,10210,买盘
1238,14:42:21,20.42,0.0,6,12252,买盘
1239,14:42:27,20.42,0.0,50,102100,买盘
1240,14:42:33,20.42,0.0,10,20420,卖盘
1241,14:42:36,20.42,0.0,7,14294,卖盘
1242,14:43:06,20.41,-0.01,10,20410,卖盘
1243,14:43:09,20.41,0.0,5,10205,卖盘
1244,14:43:24,20.41,0.0,5,10205,买盘
1245,14:44:04,20.4,-0.01,1,2040,卖盘
1246,14:44:15,20.41,0.01,16,32656,买盘
1247,14:44:31,20.41,0.0,20,40820,卖盘
1248,14:44:39,20.41,0.0,19,38779,卖盘
1249,14:44:45,20.42,0.01,26,53092,买盘
1250,14:44:48,20.41,-0.01,2,4082,卖盘
1251,14:45:12,20.41,0.0,49,100009,卖盘
1252,14:45:36,20.4,-0.01,10,20400,卖盘
1253,14:45:45,20.39,-0.01,11,22433,卖盘
1254,14:46:19,20.41,0.02,9,18369,买盘
1255,14:46:27,20.39,-0.02,2,4078,卖盘
1256,14:47:36,20.39,0.0,4,8156,卖盘
1257,14:47:58,20.39,0.0,29,59154,卖盘
1258,14:48:01,20.39,0.0,10,20390,卖盘
1259,14:48:15,20.39,0.0,4,8156,卖盘
1260,14:48:27,20.38,-0.01,4,8152,卖盘
1261,14:48:51,20.39,0.01,3,6117,买盘
1262,14:49:09,20.39,0.0,1,2039,买盘
1263,14:49:42,20.38,-0.01,6,12233,卖盘
1264,14:49:49,20.38,0.0,2,4076,买盘
1265,14:49:52,20.39,0.01,1,2039,买盘
1266,14:49:58,20.39,0.0,17,34663,买盘
1267,14:50:06,20.37,-0.02,50,101853,卖盘
1268,14:50:18,20.37,0.0,7,14259,卖盘
1269,14:50:36,20.37,0.0,3,6107,买盘
1270,14:50:42,20.37,0.0,1,2037,买盘
1271,14:50:57,20.38,0.01,5,10190,买盘
1272,14:51:04,20.37,-0.01,4,8148,买盘
1273,14:51:12,20.37,0.0,5,10185,买盘
1274,14:51:27,20.37,0.0,8,16296,买盘
1275,14:51:34,20.37,0.0,13,26481,卖盘
1276,14:51:45,20.36,-0.01,8,16288,卖盘
1277,14:51:48,20.36,0.0,2,4073,卖盘
1278,14:51:54,20.36,0.0,10,20360,卖盘
1279,14:51:57,20.35,-0.01,8,16284,卖盘
1280,14:52:12,20.35,0.0,7,14245,买盘
1281,14:52:15,20.35,0.0,13,26455,卖盘
1282,14:52:30,20.34,-0.01,26,52884,卖盘
1283,14:52:43,20.33,-0.01,25,50825,卖盘
1284,14:52:46,20.33,0.0,1,2033,买盘
1285,14:52:48,20.32,-0.01,10,20320,卖盘
1286,14:52:54,20.32,0.0,11,22361,卖盘
1287,14:52:57,20.33,0.01,18,36594,买盘
1288,14:53:00,20.32,-0.01,16,32512,卖盘
1289,14:53:06,20.32,0.0,5,10160,卖盘
1290,14:53:19,20.32,0.0,7,14224,买盘
1291,14:53:24,20.31,-0.01,3,6093,卖盘
1292,14:53:27,20.32,0.01,15,30475,买盘
1293,14:53:33,20.3,-0.02,6,12185,卖盘
1294,14:53:36,20.3,0.0,12,24362,卖盘
1295,14:53:39,20.3,0.0,59,119795,卖盘
1296,14:53:42,20.34,0.04,22,44748,买盘
1297,14:53:51,20.31,-0.03,2,4062,卖盘
1298,14:53:57,20.33,0.02,7,14238,中性盘
1299,14:54:00,20.33,0.0,2,4066,卖盘
1300,14:54:04,20.32,-0.01,1,2032,卖盘
1301,14:54:09,20.32,0.0,23,46736,卖盘
1302,14:54:12,20.33,0.01,14,28462,买盘
1303,14:54:24,20.32,-0.01,5,10160,卖盘
1304,14:54:33,20.32,0.0,8,16262,卖盘
1305,14:54:36,20.33,0.01,9,18289,买盘
1306,14:54:39,20.33,0.0,13,26429,买盘
1307,14:54:42,20.35,0.02,18,36630,买盘
1308,14:54:45,20.32,-0.03,17,34553,卖盘
1309,14:54:58,20.35,0.03,5,10175,买盘
1310,14:55:00,20.35,0.0,7,14245,买盘
1311,14:55:12,20.37,0.02,15,30555,买盘
1312,14:55:15,20.35,-0.02,9,18316,卖盘
1313,14:55:18,20.35,0.0,11,22385,买盘
1314,14:55:21,20.34,-0.01,41,83423,卖盘
1315,14:55:33,20.35,0.01,2,4070,买盘
1316,14:55:45,20.35,0.0,3,6105,买盘
1317,14:55:51,20.35,0.0,16,32560,卖盘
1318,14:55:54,20.36,0.01,11,22386,买盘
1319,14:55:57,20.35,-0.01,17,34602,卖盘
1320,14:56:06,20.36,0.01,21,42746,买盘
1321,14:56:09,20.37,0.01,16,32592,买盘
1322,14:56:21,20.39,0.02,50,101927,买盘
1323,14:56:24,20.38,-0.01,2,4076,买盘
1324,14:56:27,20.38,0.0,30,61140,买盘
1325,14:56:33,20.38,0.0,25,50950,卖盘
1326,14:56:36,20.39,0.01,25,50970,买盘
1327,14:56:39,20.38,-0.01,2,4076,卖盘
1328,14:56:42,20.39,0.01,13,26497,买盘
1329,14:56:45,20.38,-0.01,8,16304,卖盘
1330,14:56:48,20.39,0.01,40,81543,买盘
1331,14:56:55,20.38,-0.01,20,40750,买盘
1332,14:57:00,20.39,0.01,49,99911,买盘
1333,15:00:04,20.39,0.0,390,795210,卖盘
