,time,price,change,volume,amount,type
0,09:25:04,11.6,-0.05,138,160080,卖盘
1,09:30:04,11.65,0.05,48,55760,中性盘
2,09:30:07,11.69,0.04,144,168288,中性盘
3,09:30:10,11.6,-0.09,122,141737,卖盘
4,09:30:19,11.62,0.02,6,6984,卖盘
5,09:30:25,11.62,0.0,10,11620,中性盘
6,09:30:30,11.69,0.07,30,35053,买盘
7,09:30:34,11.69,0.0,6,7014,买盘
8,09:30:40,11.69,0.0,6,7014,买盘
9,09:30:43,11.69,0.0,1,1169,买盘
10,09:30:46,11.63,-0.06,8,9304,卖盘
11,09:30:52,11.62,-0.01,10,11629,卖盘
12,09:30:54,11.65,0.03,13,15156,中性盘
13,09:30:58,11.66,0.01,4,4664,买盘
14,09:31:00,11.65,-0.01,5,5826,卖盘
15,09:31:04,11.66,0.01,13,15148,买盘
16,09:31:07,11.65,-0.01,3,3495,卖盘
17,09:31:13,11.66,0.01,29,33814,买盘
18,09:31:21,11.68,0.02,5,5840,买盘
19,09:31:25,11.68,0.0,8,9344,买盘
20,09:31:28,11.67,-0.01,6,7002,卖盘
21,09:31:31,11.68,0.01,21,24513,买盘
22,09:31:36,11.68,0.0,3,3504,买盘
23,09:31:43,11.67,-0.01,5,5835,卖盘
24,09:31:45,11.68,0.01,109,127312,买盘
25,09:31:49,11.68,0.0,13,15184,卖盘
26,09:31:55,11.73,0.05,11,12903,买盘
27,09:31:57,11.68,-0.05,44,51392,卖盘
28,09:32:01,11.73,0.05,6,7038,买盘
29,09:32:03,11.73,0.0,4,4692,买盘
30,09:32:10,11.73,0.0,3,3519,买盘
31,09:32:16,11.72,-0.01,4,4688,买盘
32,09:32:19,11.69,-0.03,12,14035,卖盘
33,09:32:25,11.72,0.03,26,30472,买盘
34,09:32:28,11.72,0.0,4,4688,卖盘
35,09:32:31,11.72,0.0,93,109079,卖盘
36,09:32:33,11.72,0.0,8,9376,买盘
37,09:32:36,11.73,0.01,68,79723,买盘
38,09:32:39,11.72,-0.01,42,49258,卖盘
39,09:32:46,11.72,0.0,2,2344,卖盘
40,09:32:49,11.71,-0.01,17,19907,中性盘
41,09:32:51,11.7,-0.01,4,4680,卖盘
42,09:32:55,11.7,0.0,6,7020,买盘
43,09:32:57,11.72,0.02,4,4685,买盘
44,09:33:00,11.72,0.0,4,4688,买盘
45,09:33:04,11.7,-0.02,24,28124,卖盘
46,09:33:09,11.7,0.0,34,39790,卖盘
47,09:33:13,11.7,0.0,14,16384,卖盘
48,09:33:19,11.7,0.0,9,10530,卖盘
49,09:33:24,11.7,0.0,9,10530,卖盘
50,09:33:30,11.7,0.0,15,17541,买盘
51,09:33:36,11.69,-0.01,23,26887,卖盘
52,09:33:40,11.69,0.0,10,11690,买盘
53,09:33:55,11.69,0.0,15,17535,买盘
54,09:33:57,11.7,0.01,49,57330,买盘
55,09:34:04,11.69,-0.01,4,4676,卖盘
56,09:34:06,11.69,0.0,20,23380,卖盘
57,09:34:24,11.69,0.0,14,16366,卖盘
58,09:34:28,11.69,0.0,4,4676,买盘
59,09:34:30,11.68,-0.01,8,9344,卖盘
60,09:34:45,11.69,0.01,11,12859,买盘
61,09:34:49,11.68,-0.01,16,18688,卖盘
62,09:34:51,11.68,0.0,15,17520,卖盘
63,09:34:55,11.69,0.01,49,57281,买盘
64,09:34:57,11.68,-0.01,72,84105,卖盘
65,09:35:01,11.68,0.0,13,15184,买盘
66,09:35:05,11.67,-0.01,7,8169,卖盘
67,09:35:06,11.68,0.01,8,9345,买盘
68,09:35:16,11.67,-0.01,20,23340,卖盘
69,09:35:18,11.67,0.0,4,4668,买盘
70,09:35:22,11.67,0.0,73,85191,买盘
71,09:35:25,11.67,0.0,1,1167,卖盘
72,09:35:28,11.68,0.01,7,8176,买盘
73,09:35:31,11.68,0.0,1,1168,卖盘
74,09:35:36,11.68,0.0,3,3504,卖盘
75,09:35:39,11.68,0.0,2,2336,卖盘
76,09:35:45,11.68,0.0,19,22192,卖盘
77,09:35:49,11.69,0.01,2,2338,买盘
78,09:35:51,11.69,0.0,1,1169,买盘
79,09:35:57,11.69,0.0,10,11690,买盘
80,09:36:04,11.69,0.0,4,4676,买盘
81,09:36:12,11.68,-0.01,90,105120,卖盘
82,09:36:18,11.68,0.0,1,1168,卖盘
83,09:36:25,11.69,0.01,2,2338,买盘
84,09:36:27,11.69,0.0,6,7014,买盘
85,09:36:30,11.69,0.0,3,3507,买盘
86,09:36:36,11.69,0.0,13,15197,买盘
87,09:36:39,11.69,0.0,10,11690,买盘
88,09:36:42,11.69,0.0,21,24549,买盘
89,09:36:45,11.68,-0.01,10,11680,卖盘
90,09:36:48,11.68,0.0,4,4672,卖盘
91,09:36:52,11.68,0.0,33,38544,卖盘
92,09:36:57,11.68,0.0,28,32704,卖盘
93,09:37:00,11.67,-0.01,51,59517,卖盘
94,09:37:06,11.67,0.0,18,21006,卖盘
95,09:37:10,11.68,0.01,26,30368,买盘
96,09:37:12,11.68,0.0,21,24528,卖盘
97,09:37:15,11.68,0.0,2,2336,卖盘
98,09:37:24,11.67,-0.01,51,59542,卖盘
99,09:37:39,11.67,0.0,11,12837,卖盘
100,09:37:42,11.66,-0.01,22,25656,卖盘
101,09:37:55,11.65,-0.01,10,11656,卖盘
102,09:38:00,11.65,0.0,1,1165,卖盘
103,09:38:04,11.66,0.01,10,11660,买盘
104,09:38:06,11.65,-0.01,10,11650,卖盘
105,09:38:10,11.65,0.0,14,16310,卖盘
106,09:38:16,11.65,0.0,17,19805,买盘
107,09:38:19,11.65,0.0,2,2330,买盘
108,09:38:25,11.63,-0.02,10,11630,卖盘
109,09:38:30,11.63,0.0,12,13956,买盘
110,09:38:33,11.63,0.0,10,11630,买盘
111,09:38:36,11.63,0.0,13,15119,卖盘
112,09:38:39,11.63,0.0,39,45357,卖盘
113,09:38:43,11.63,0.0,8,9304,卖盘
114,09:38:45,11.63,0.0,12,13956,卖盘
115,09:38:48,11.63,0.0,15,17445,卖盘
116,09:38:51,11.63,0.0,9,10467,买盘
117,09:38:58,11.63,0.0,38,44194,买盘
118,09:39:01,11.63,0.0,6,6978,卖盘
119,09:39:04,11.64,0.01,1,1164,买盘
120,09:39:06,11.63,-0.01,1,1163,卖盘
121,09:39:12,11.64,0.01,10,11640,买盘
122,09:39:18,11.64,0.0,8,9312,买盘
123,09:39:21,11.63,-0.01,8,9307,卖盘
124,09:39:30,11.66,0.03,86,100213,买盘
125,09:39:45,11.65,-0.01,39,45440,卖盘
126,09:39:54,11.65,0.0,10,11650,买盘
127,09:40:00,11.65,0.0,18,20956,买盘
128,09:40:06,11.64,-0.01,32,37278,中性盘
129,09:40:10,11.63,-0.01,32,37277,卖盘
130,09:40:15,11.65,0.02,6,6984,买盘
131,09:40:21,11.65,0.0,2,2330,买盘
132,09:40:34,11.64,-0.01,4,4656,买盘
133,09:40:36,11.63,-0.01,35,40705,卖盘
134,09:40:39,11.63,0.0,33,38381,卖盘
135,09:40:49,11.63,0.0,2,2326,买盘
136,09:40:51,11.63,0.0,5,5815,买盘
137,09:40:57,11.62,-0.01,20,23240,卖盘
138,09:41:01,11.62,0.0,7,8134,卖盘
139,09:41:04,11.62,0.0,10,11620,买盘
140,09:41:06,11.62,0.0,1,1162,卖盘
141,09:41:09,11.62,0.0,11,12782,买盘
142,09:41:12,11.63,0.01,50,58150,买盘
143,09:41:15,11.63,0.0,113,131304,买盘
144,09:41:19,11.63,0.0,4,4652,卖盘
145,09:41:24,11.63,0.0,6,6978,买盘
146,09:41:27,11.62,-0.01,24,27888,卖盘
147,09:41:30,11.63,0.01,6,6978,买盘
148,09:41:36,11.63,0.0,9,10467,卖盘
149,09:41:42,11.62,-0.01,5,5810,卖盘
150,09:41:45,11.61,-0.01,51,59233,卖盘
151,09:41:48,11.63,0.02,1,1163,买盘
152,09:41:54,11.63,0.0,10,11629,买盘
153,09:42:00,11.63,0.0,5,5815,买盘
154,09:42:06,11.62,-0.01,5,5810,卖盘
155,09:42:15,11.62,0.0,1,1162,买盘
156,09:42:18,11.61,-0.01,53,61547,卖盘
157,09:42:25,11.6,-0.01,10,11600,卖盘
158,09:42:27,11.6,0.0,2,2320,卖盘
159,09:42:33,11.6,0.0,103,119491,卖盘
160,09:42:39,11.6,0.0,20,23200,买盘
161,09:42:42,11.56,-0.04,102,118099,卖盘
162,09:42:45,11.6,0.04,8,9280,中性盘
163,09:42:49,11.58,-0.02,2,2316,买盘
164,09:42:57,11.58,0.0,1,1158,买盘
165,09:43:01,11.57,-0.01,10,11575,卖盘
166,09:43:04,11.57,0.0,3,3471,买盘
167,09:43:06,11.57,0.0,8,9256,买盘
168,09:43:09,11.57,0.0,95,109849,卖盘
169,09:43:12,11.57,0.0,20,23140,买盘
170,09:43:15,11.6,0.03,48,55560,买盘
171,09:43:21,11.55,-0.05,27,31205,卖盘
172,09:43:25,11.55,0.0,13,15015,买盘
173,09:43:27,11.55,0.0,5,5775,买盘
174,09:43:30,11.55,0.0,7,8085,买盘
175,09:43:33,11.57,0.02,1,1157,买盘
176,09:43:37,11.52,-0.05,160,184558,卖盘
177,09:43:40,11.53,0.01,2,2306,买盘
178,09:43:42,11.53,0.0,30,34590,买盘
179,09:43:45,11.52,-0.01,30,34592,卖盘
180,09:43:48,11.55,0.03,10,11550,买盘
181,09:43:51,11.51,-0.04,117,134781,卖盘
182,09:43:54,11.51,0.0,13,14963,卖盘
183,09:43:57,11.55,0.04,50,57750,买盘
184,09:44:09,11.52,-0.03,28,32289,卖盘
185,09:44:12,11.55,0.03,7,8085,买盘
186,09:44:15,11.55,0.0,8,9233,买盘
187,09:44:18,11.55,0.0,2,2310,卖盘
188,09:44:21,11.56,0.01,5,5780,买盘
189,09:44:28,11.55,-0.01,53,61135,卖盘
190,09:44:30,11.55,0.0,3,3465,买盘
191,09:44:33,11.55,0.0,20,23100,买盘
192,09:44:36,11.55,0.0,10,11550,买盘
193,09:44:39,11.54,-0.01,1,1154,买盘
194,09:44:42,11.53,-0.01,1,1153,卖盘
195,09:44:45,11.54,0.01,1,1154,买盘
196,09:44:48,11.53,-0.01,10,11530,卖盘
197,09:44:51,11.53,0.0,5,5765,卖盘
198,09:44:54,11.54,0.01,18,20764,买盘
199,09:44:57,11.53,-0.01,3,3459,买盘
200,09:45:01,11.52,-0.01,19,21905,卖盘
201,09:45:04,11.53,0.01,1,1153,中性盘
202,09:45:06,11.54,0.01,12,13848,买盘
203,09:45:10,11.52,-0.02,108,124434,卖盘
204,09:45:12,11.52,0.0,22,25392,卖盘
205,09:45:18,11.52,0.0,51,58774,卖盘
206,09:45:22,11.52,0.0,46,52992,卖盘
207,09:45:25,11.53,0.01,29,33385,买盘
208,09:45:27,11.53,0.0,150,172950,买盘
209,09:45:34,11.54,0.01,154,177720,卖盘
210,09:45:39,11.53,-0.01,9,10382,中性盘
211,09:45:48,11.52,-0.01,7,8070,卖盘
212,09:45:52,11.54,0.02,15,17310,买盘
213,09:45:54,11.53,-0.01,28,32254,买盘
214,09:45:57,11.53,0.0,3,3459,买盘
215,09:46:00,11.53,0.0,15,17287,买盘
216,09:46:03,11.53,0.0,11,12683,买盘
217,09:46:09,11.53,0.0,11,12683,买盘
218,09:46:18,11.53,0.0,3,3459,买盘
219,09:46:21,11.52,-0.01,104,119817,卖盘
220,09:46:24,11.52,0.0,18,20729,买盘
221,09:46:28,11.52,0.0,5,5760,买盘
222,09:46:31,11.52,0.0,69,79421,买盘
223,09:46:33,11.51,-0.01,66,75987,卖盘
224,09:46:36,11.51,0.0,60,69060,卖盘
225,09:46:39,11.51,0.0,12,13812,卖盘
226,09:46:42,11.5,-0.01,87,100116,卖盘
227,09:46:45,11.51,0.01,22,25302,买盘
228,09:46:48,11.5,-0.01,102,117300,卖盘
229,09:46:51,11.5,0.0,51,58650,卖盘
230,09:46:54,11.5,0.0,33,37950,卖盘
231,09:46:57,11.5,0.0,4,4600,买盘
232,09:47:00,11.49,-0.01,21,24139,卖盘
233,09:47:03,11.49,0.0,5,5745,卖盘
234,09:47:06,11.5,0.01,12,13789,买盘
235,09:47:09,11.48,-0.02,16,18374,卖盘
236,09:47:12,11.49,0.01,16,18384,买盘
237,09:47:18,11.47,-0.02,86,98711,卖盘
238,09:47:21,11.47,0.0,41,47027,买盘
239,09:47:24,11.47,0.0,4,4588,买盘
240,09:47:27,11.47,0.0,43,49281,买盘
241,09:47:30,11.46,-0.01,27,30954,卖盘
242,09:47:33,11.46,0.0,53,60761,卖盘
243,09:47:36,11.46,0.0,12,13752,买盘
244,09:47:40,11.46,0.0,10,11460,买盘
245,09:47:43,11.46,0.0,343,392780,买盘
246,09:47:45,11.46,0.0,15,17180,买盘
247,09:47:48,11.46,0.0,37,42402,买盘
248,09:47:51,11.43,-0.03,183,209479,卖盘
249,09:47:54,11.46,0.03,33,37782,买盘
250,09:47:58,11.46,0.0,28,32090,卖盘
251,09:48:00,11.44,-0.02,21,24037,卖盘
252,09:48:04,11.46,0.02,7,8012,买盘
253,09:48:06,11.46,0.0,61,69856,买盘
254,09:48:09,11.46,0.0,37,42402,买盘
255,09:48:12,11.45,-0.01,32,36667,卖盘
256,09:48:16,11.48,0.03,2,2296,买盘
257,09:48:18,11.48,0.0,13,14924,买盘
258,09:48:21,11.48,0.0,1,1148,买盘
259,09:48:24,11.48,0.0,2,2296,买盘
260,09:48:28,11.48,0.0,4,4592,买盘
261,09:48:30,11.5,0.02,1,1150,买盘
262,09:48:34,11.5,0.0,10,11490,买盘
263,09:48:39,11.5,0.0,11,12650,买盘
264,09:48:42,11.5,0.0,11,12650,买盘
265,09:48:45,11.5,0.0,10,11500,买盘
266,09:48:49,11.48,-0.02,43,49420,卖盘
267,09:48:51,11.5,0.02,41,47150,买盘
268,09:48:54,11.49,-0.01,7,8044,卖盘
269,09:48:57,11.5,0.01,2,2300,买盘
270,09:49:04,11.5,0.0,18,20700,卖盘
271,09:49:06,11.52,0.02,4,4608,买盘
272,09:49:12,11.53,0.01,5,5765,买盘
273,09:49:15,11.52,-0.01,3,3456,卖盘
274,09:49:21,11.53,0.01,68,78283,买盘
275,09:49:25,11.53,0.0,4,4612,卖盘
276,09:49:28,11.53,0.0,1,1153,卖盘
277,09:49:31,11.53,0.0,19,21907,卖盘
278,09:49:36,11.53,0.0,15,17295,买盘
279,09:49:39,11.5,-0.03,37,42550,卖盘
280,09:49:42,11.5,0.0,12,13800,买盘
281,09:49:45,11.5,0.0,3,3450,买盘
282,09:49:48,11.5,0.0,12,13800,买盘
283,09:49:51,11.49,-0.01,58,66642,卖盘
284,09:49:54,11.49,0.0,42,48265,卖盘
285,09:50:00,11.49,0.0,1,1149,卖盘
286,09:50:04,11.49,0.0,80,91920,买盘
287,09:50:09,11.48,-0.01,29,33293,卖盘
288,09:50:16,11.48,0.0,9,10332,卖盘
289,09:50:24,11.49,0.01,21,24129,买盘
290,09:50:27,11.47,-0.02,72,82697,卖盘
291,09:50:30,11.49,0.02,17,19530,卖盘
292,09:50:34,11.48,-0.01,4,4592,买盘
293,09:50:36,11.47,-0.01,25,28676,卖盘
294,09:50:39,11.46,-0.01,67,76860,卖盘
295,09:50:48,11.47,0.01,7,8029,卖盘
296,09:50:57,11.48,0.01,5,5740,买盘
297,09:51:00,11.48,0.0,49,56209,买盘
298,09:51:04,11.47,-0.01,7,8031,卖盘
299,09:51:06,11.48,0.01,1,1148,买盘
300,09:51:09,11.48,0.0,16,18368,买盘
301,09:51:12,11.5,0.02,19,21834,买盘
302,09:51:15,11.48,-0.02,10,11480,卖盘
303,09:51:21,11.48,0.0,9,10332,卖盘
304,09:51:24,11.48,0.0,34,39037,卖盘
305,09:51:27,11.48,0.0,1,1148,买盘
306,09:51:30,11.48,0.0,15,17220,买盘
307,09:51:34,11.48,0.0,22,25256,买盘
308,09:51:36,11.48,0.0,19,21812,买盘
309,09:51:40,11.48,0.0,4,4592,买盘
310,09:51:42,11.48,0.0,12,13782,卖盘
311,09:51:45,11.48,0.0,16,18369,卖盘
312,09:51:48,11.48,0.0,5,5740,卖盘
313,09:51:51,11.48,0.0,1,1148,卖盘
314,09:51:54,11.48,0.0,21,24112,卖盘
315,09:51:58,11.49,0.01,5,5745,买盘
316,09:52:01,11.49,0.0,1,1149,卖盘
317,09:52:04,11.49,0.0,15,17235,卖盘
318,09:52:15,11.49,0.0,28,32172,卖盘
319,09:52:19,11.49,0.0,3,3447,卖盘
320,09:52:24,11.49,0.0,1,1149,买盘
321,09:52:27,11.49,0.0,3,3447,买盘
322,09:52:34,11.49,0.0,8,9192,买盘
323,09:52:42,11.49,0.0,30,34482,卖盘
324,09:52:45,11.49,0.0,9,10342,卖盘
325,09:52:48,11.5,0.01,10,11500,买盘
326,09:52:51,11.5,0.0,1,1150,买盘
327,09:52:55,11.5,0.0,21,24140,买盘
328,09:52:57,11.5,0.0,5,5750,买盘
329,09:53:00,11.5,0.0,15,17250,买盘
330,09:53:04,11.5,0.0,51,58650,买盘
331,09:53:06,11.5,0.0,4,4600,买盘
332,09:53:13,11.5,0.0,10,11500,卖盘
333,09:53:18,11.5,0.0,6,6900,卖盘
334,09:53:21,11.5,0.0,24,27600,卖盘
335,09:53:25,11.52,0.02,4,4608,买盘
336,09:53:28,11.5,-0.02,75,86250,卖盘
337,09:53:30,11.51,0.01,6,6906,买盘
338,09:53:36,11.51,0.0,5,5755,卖盘
339,09:53:45,11.52,0.01,2,2304,买盘
340,09:53:51,11.51,-0.01,20,23020,卖盘
341,09:53:54,11.52,0.01,5,5760,买盘
342,09:54:01,11.52,0.0,6,6912,买盘
343,09:54:03,11.52,0.0,19,21885,买盘
344,09:54:27,11.5,-0.02,97,111622,卖盘
345,09:54:36,11.5,0.0,3,3450,卖盘
346,09:54:48,11.52,0.02,10,11520,买盘
347,09:54:51,11.5,-0.02,81,93153,卖盘
348,09:54:54,11.5,0.0,1,1150,买盘
349,09:54:57,11.49,-0.01,52,59748,卖盘
350,09:55:00,11.5,0.01,3,3450,买盘
351,09:55:04,11.5,0.0,2,2300,买盘
352,09:55:06,11.49,-0.01,4,4597,卖盘
353,09:55:12,11.5,0.01,7,8050,买盘
354,09:55:15,11.5,0.0,5,5750,买盘
355,09:55:18,11.5,0.0,1,1150,买盘
356,09:55:24,11.5,0.0,24,27600,卖盘
357,09:55:27,11.5,0.0,7,8050,卖盘
358,09:55:30,11.5,0.0,27,31050,卖盘
359,09:55:33,11.51,0.01,16,18416,买盘
360,09:55:36,11.51,0.0,1,1151,卖盘
361,09:55:45,11.51,0.0,1,1151,买盘
362,09:56:04,11.51,0.0,2,2302,卖盘
363,09:56:15,11.52,0.01,27,31104,买盘
364,09:56:24,11.51,-0.01,31,35681,卖盘
365,09:56:27,11.52,0.01,7,8060,买盘
366,09:56:45,11.51,-0.01,32,36832,卖盘
367,09:56:48,11.52,0.01,125,143900,买盘
368,09:56:52,11.52,0.0,49,56448,买盘
369,09:56:54,11.52,0.0,69,79458,买盘
370,09:57:00,11.51,-0.01,22,25337,卖盘
371,09:57:04,11.52,0.01,94,108288,买盘
372,09:57:06,11.52,0.0,4,4608,买盘
373,09:57:15,11.53,0.01,3,3459,买盘
374,09:57:18,11.53,0.0,7,8071,卖盘
375,09:57:45,11.53,0.0,4,4612,卖盘
376,09:58:09,11.54,0.01,10,11540,买盘
377,09:58:12,11.54,0.0,23,26542,买盘
378,09:58:15,11.54,0.0,4,4616,买盘
379,09:58:19,11.53,-0.01,2,2306,卖盘
380,09:58:27,11.54,0.01,8,9232,买盘
381,09:58:33,11.54,0.0,22,25388,买盘
382,09:58:37,11.54,0.0,1,1154,买盘
383,09:58:42,11.54,0.0,1,1154,买盘
384,09:58:46,11.54,0.0,14,16147,买盘
385,09:58:57,11.54,0.0,100,115400,买盘
386,09:59:00,11.54,0.0,8,9225,买盘
387,09:59:03,11.54,0.0,2,2308,买盘
388,09:59:09,11.54,0.0,33,38082,买盘
389,09:59:21,11.54,0.0,3,3462,买盘
390,09:59:24,11.53,-0.01,8,9224,卖盘
391,09:59:27,11.54,0.01,53,61162,买盘
392,09:59:31,11.54,0.0,7,8078,买盘
393,09:59:33,11.54,0.0,10,11540,买盘
394,09:59:39,11.54,0.0,5,5770,买盘
395,10:00:00,11.54,0.0,21,24234,买盘
396,10:00:09,11.54,0.0,3,3462,买盘
397,10:00:18,11.53,-0.01,15,17295,卖盘
398,10:00:21,11.53,0.0,16,18448,卖盘
399,10:00:39,11.53,0.0,1,1153,卖盘
400,10:00:45,11.53,0.0,53,61109,卖盘
401,10:00:48,11.54,0.01,33,38082,买盘
402,10:00:57,11.54,0.0,10,11540,卖盘
403,10:01:03,11.53,-0.01,8,9225,卖盘
404,10:01:12,11.51,-0.02,184,212127,卖盘
405,10:01:15,11.54,0.03,44,50775,买盘
406,10:01:18,11.53,-0.01,3,3459,卖盘
407,10:01:24,11.54,0.01,1,1154,买盘
408,10:01:39,11.54,0.0,5,5770,卖盘
409,10:01:54,11.54,0.0,6,6924,卖盘
410,10:02:12,11.54,0.0,10,11540,卖盘
411,10:02:19,11.54,0.0,11,12694,卖盘
412,10:02:21,11.54,0.0,5,5770,卖盘
413,10:02:24,11.55,0.01,23,26545,买盘
414,10:02:36,11.55,0.0,42,48510,买盘
415,10:02:39,11.55,0.0,17,19635,卖盘
416,10:02:54,11.55,0.0,10,11550,卖盘
417,10:02:57,11.56,0.01,12,13865,买盘
418,10:03:06,11.56,0.0,2,2312,买盘
419,10:03:18,11.56,0.0,5,5780,买盘
420,10:03:39,11.56,0.0,19,21964,买盘
421,10:03:42,11.56,0.0,1,1156,卖盘
422,10:03:48,11.58,0.02,2,2314,买盘
423,10:04:04,11.58,0.0,2,2316,买盘
424,10:04:06,11.58,0.0,11,12738,买盘
425,10:04:12,11.58,0.0,27,31266,卖盘
426,10:04:15,11.58,0.0,12,13896,买盘
427,10:04:18,11.58,0.0,28,32414,买盘
428,10:04:21,11.57,-0.01,3,3471,卖盘
429,10:04:30,11.57,0.0,29,33553,买盘
430,10:04:40,11.57,0.0,3,3471,买盘
431,10:04:48,11.56,-0.01,6,6936,卖盘
432,10:04:54,11.56,0.0,5,5780,卖盘
433,10:05:00,11.56,0.0,46,53176,卖盘
434,10:05:06,11.56,0.0,10,11560,买盘
435,10:05:12,11.56,0.0,4,4624,买盘
436,10:05:16,11.56,0.0,23,26588,买盘
437,10:05:24,11.56,0.0,46,53176,买盘
438,10:05:27,11.56,0.0,25,28900,买盘
439,10:05:30,11.56,0.0,5,5780,买盘
440,10:05:42,11.57,0.01,9,10413,买盘
441,10:05:48,11.57,0.0,13,15041,买盘
442,10:05:51,11.57,0.0,13,15041,买盘
443,10:05:54,11.57,0.0,10,11570,买盘
444,10:05:57,11.57,0.0,1,1157,买盘
445,10:06:00,11.57,0.0,12,13884,买盘
446,10:06:04,11.57,0.0,5,5785,买盘
447,10:06:06,11.56,-0.01,17,19652,卖盘
448,10:06:12,11.57,0.01,3,3471,买盘
449,10:06:21,11.57,0.0,35,40495,买盘
450,10:06:24,11.57,0.0,45,52065,买盘
451,10:06:27,11.57,0.0,4,4628,买盘
452,10:06:45,11.56,-0.01,56,64752,卖盘
453,10:06:51,11.57,0.01,10,11570,买盘
454,10:07:00,11.57,0.0,5,5785,卖盘
455,10:07:09,11.57,0.0,2,2314,卖盘
456,10:07:15,11.57,0.0,13,15041,卖盘
457,10:07:18,11.56,-0.01,6,6941,卖盘
458,10:07:21,11.58,0.02,19,21968,买盘
459,10:07:25,11.56,-0.02,4,4624,卖盘
460,10:07:27,11.56,0.0,10,11560,卖盘
461,10:07:30,11.56,0.0,15,17340,卖盘
462,10:07:33,11.56,0.0,5,5780,卖盘
463,10:07:36,11.56,0.0,59,68204,卖盘
464,10:07:39,11.56,0.0,6,6931,买盘
465,10:07:43,11.55,-0.01,12,13870,卖盘
466,10:07:54,11.55,0.0,96,110889,卖盘
467,10:07:57,11.54,-0.01,2,2308,卖盘
468,10:08:00,11.55,0.01,31,35797,买盘
469,10:08:04,11.54,-0.01,19,21926,卖盘
470,10:08:06,11.54,0.0,15,17310,卖盘
471,10:08:09,11.54,0.0,20,23080,卖盘
472,10:08:12,11.54,0.0,59,68086,卖盘
473,10:08:18,11.53,-0.01,10,11530,卖盘
474,10:08:22,11.53,0.0,1,1153,卖盘
475,10:08:30,11.51,-0.02,34,39134,卖盘
476,10:08:33,11.51,0.0,15,17265,卖盘
477,10:08:36,11.51,0.0,5,5755,卖盘
478,10:08:39,11.51,0.0,8,9208,卖盘
479,10:08:42,11.51,0.0,71,81721,卖盘
480,10:08:45,11.51,0.0,10,11510,买盘
481,10:08:48,11.51,0.0,8,9208,卖盘
482,10:08:51,11.51,0.0,11,12661,卖盘
483,10:08:55,11.51,0.0,12,13812,卖盘
484,10:09:09,11.51,0.0,2,2302,卖盘
485,10:09:12,11.53,0.02,5,5765,买盘
486,10:09:18,11.53,0.0,8,9224,买盘
487,10:09:21,11.51,-0.02,7,8057,卖盘
488,10:09:24,11.53,0.02,4,4612,买盘
489,10:09:27,11.53,0.0,1,1153,买盘
490,10:09:30,11.52,-0.01,3,3456,卖盘
491,10:09:33,11.53,0.01,3,3459,买盘
492,10:09:45,11.53,0.0,3,3459,买盘
493,10:09:48,11.52,-0.01,13,14976,卖盘
494,10:09:54,11.52,0.0,5,5760,买盘
495,10:10:04,11.51,-0.01,71,81721,卖盘
496,10:10:09,11.51,0.0,44,50644,卖盘
497,10:10:12,11.52,0.01,1,1152,买盘
498,10:10:15,11.51,-0.01,4,4604,卖盘
499,10:10:21,11.52,0.01,50,57600,买盘
500,10:10:24,11.51,-0.01,68,78268,卖盘
501,10:10:30,11.51,0.0,7,8057,买盘
502,10:10:33,11.51,0.0,11,12661,买盘
503,10:10:45,11.51,0.0,2,2302,买盘
504,10:10:48,11.5,-0.01,27,31060,卖盘
505,10:10:57,11.5,0.0,1,1150,卖盘
506,10:11:10,11.5,0.0,8,9200,卖盘
507,10:11:13,11.5,0.0,5,5750,卖盘
508,10:11:21,11.5,0.0,50,57500,卖盘
509,10:11:30,11.5,0.0,6,6900,卖盘
510,10:11:40,11.51,0.01,4,4604,买盘
511,10:11:48,11.5,-0.01,38,43707,卖盘
512,10:12:12,11.51,0.01,5,5755,买盘
513,10:12:34,11.51,0.0,4,4604,买盘
514,10:12:36,11.51,0.0,18,20718,买盘
515,10:12:42,11.51,0.0,10,11510,买盘
516,10:12:45,11.51,0.0,17,19567,买盘
517,10:12:51,11.51,0.0,33,37983,买盘
518,10:12:55,11.51,0.0,1,1151,买盘
519,10:12:57,11.51,0.0,7,8057,买盘
520,10:13:21,11.51,0.0,24,27624,卖盘
521,10:13:25,11.53,0.02,6,6918,买盘
522,10:13:30,11.51,-0.02,21,24171,卖盘
523,10:13:42,11.53,0.02,8,9224,买盘
524,10:13:46,11.51,-0.02,7,8067,卖盘
525,10:13:54,11.51,0.0,19,21869,卖盘
526,10:14:00,11.51,0.0,1,1151,买盘
527,10:14:09,11.5,-0.01,137,157566,卖盘
528,10:14:12,11.5,0.0,10,11500,买盘
529,10:14:15,11.5,0.0,2,2300,买盘
530,10:14:18,11.49,-0.01,4,4597,卖盘
531,10:14:25,11.49,0.0,3,3447,卖盘
532,10:14:27,11.5,0.01,40,46000,买盘
533,10:14:30,11.5,0.0,8,9200,买盘
534,10:14:33,11.5,0.0,14,16100,买盘
535,10:14:40,11.5,0.0,1,1150,卖盘
536,10:14:48,11.51,0.01,20,23020,买盘
537,10:14:51,11.5,-0.01,2,2300,卖盘
538,10:14:54,11.5,0.0,6,6900,卖盘
539,10:15:01,11.5,0.0,8,9200,买盘
540,10:15:06,11.49,-0.01,75,86175,卖盘
541,10:15:09,11.49,0.0,3,3447,卖盘
542,10:15:12,11.49,0.0,31,35619,卖盘
543,10:15:16,11.49,0.0,19,21831,买盘
544,10:15:36,11.48,-0.01,20,22960,卖盘
545,10:15:42,11.48,0.0,47,53956,卖盘
546,10:16:01,11.48,0.0,5,5740,买盘
547,10:16:09,11.47,-0.01,58,66581,卖盘
548,10:16:18,11.47,0.0,42,48174,卖盘
549,10:16:24,11.47,0.0,1,1147,买盘
550,10:16:27,11.47,0.0,2,2294,买盘
551,10:16:34,11.46,-0.01,42,48143,卖盘
552,10:16:42,11.46,0.0,73,83658,卖盘
553,10:16:45,11.47,0.01,15,17195,买盘
554,10:17:06,11.47,0.0,2,2294,买盘
555,10:17:18,11.47,0.0,3,3441,买盘
556,10:17:21,11.47,0.0,30,34410,买盘
557,10:17:36,11.46,-0.01,38,43558,卖盘
558,10:17:43,11.46,0.0,4,4584,卖盘
559,10:17:54,11.46,0.0,37,42402,卖盘
560,10:17:57,11.46,0.0,9,10314,卖盘
561,10:18:00,11.46,0.0,3,3438,卖盘
562,10:18:12,11.46,0.0,3,3438,卖盘
563,10:18:18,11.46,0.0,52,59643,卖盘
564,10:18:21,11.46,0.0,64,73406,卖盘
565,10:18:24,11.47,0.01,12,13764,买盘
566,10:18:28,11.48,0.01,66,75768,买盘
567,10:18:48,11.49,0.01,3,3447,卖盘
568,10:18:51,11.49,0.0,2,2298,买盘
569,10:18:54,11.49,0.0,1,1149,卖盘
570,10:19:24,11.5,0.01,6,6900,买盘
571,10:19:30,11.5,0.0,3,3450,买盘
572,10:19:33,11.5,0.0,1,1150,买盘
573,10:19:48,11.5,0.0,1,1150,买盘
574,10:19:54,11.5,0.0,45,51750,买盘
575,10:20:00,11.49,-0.01,2,2298,卖盘
576,10:20:10,11.5,0.01,8,9200,买盘
577,10:20:12,11.49,-0.01,46,52854,卖盘
578,10:20:24,11.5,0.01,10,11500,买盘
579,10:21:06,11.5,0.0,29,33350,买盘
580,10:21:15,11.49,-0.01,70,80430,卖盘
581,10:21:18,11.5,0.01,7,8050,买盘
582,10:21:22,11.49,-0.01,10,11490,卖盘
583,10:21:27,11.48,-0.01,40,45923,卖盘
584,10:21:57,11.49,0.01,17,19533,卖盘
585,10:22:06,11.48,-0.01,61,70028,卖盘
586,10:22:24,11.48,0.0,6,6888,卖盘
587,10:22:39,11.48,0.0,52,59696,卖盘
588,10:22:45,11.48,0.0,5,5740,卖盘
589,10:23:00,11.48,0.0,1,1148,卖盘
590,10:23:12,11.48,0.0,12,13776,卖盘
591,10:23:30,11.48,0.0,36,41328,卖盘
592,10:23:42,11.49,0.01,33,37907,买盘
593,10:24:01,11.49,0.0,13,14937,卖盘
594,10:24:04,11.49,0.0,28,32172,卖盘
595,10:24:18,11.5,0.01,5,5750,买盘
596,10:24:27,11.52,0.02,6,6912,买盘
597,10:24:33,11.5,-0.02,10,11500,卖盘
598,10:24:36,11.5,0.0,4,4600,买盘
599,10:24:45,11.5,0.0,5,5750,买盘
600,10:24:49,11.5,0.0,1,1150,买盘
601,10:24:57,11.52,0.02,3,3456,买盘
602,10:25:00,11.51,-0.01,11,12671,卖盘
603,10:25:09,11.5,-0.01,14,16100,卖盘
604,10:25:24,11.51,0.01,53,60905,买盘
605,10:25:45,11.51,0.0,1,1151,卖盘
606,10:26:12,11.53,0.02,7,8071,买盘
607,10:26:15,11.52,-0.01,1,1152,卖盘
608,10:26:54,11.51,-0.01,6,6906,卖盘
609,10:27:00,11.51,0.0,9,10359,卖盘
610,10:27:12,11.51,0.0,2,2302,买盘
611,10:27:18,11.51,0.0,1,1151,买盘
612,10:27:27,11.5,-0.01,2,2300,卖盘
613,10:27:33,11.5,0.0,5,5750,卖盘
614,10:27:39,11.5,0.0,12,13800,卖盘
615,10:27:42,11.5,0.0,6,6900,卖盘
616,10:27:46,11.5,0.0,45,51750,卖盘
617,10:27:49,11.5,0.0,15,17250,买盘
618,10:27:54,11.5,0.0,11,12650,买盘
619,10:28:00,11.49,-0.01,27,31023,卖盘
620,10:28:06,11.49,0.0,1,1149,卖盘
621,10:28:21,11.49,0.0,17,19533,卖盘
622,10:28:27,11.49,0.0,10,11490,卖盘
623,10:28:30,11.49,0.0,20,22980,卖盘
624,10:28:39,11.48,-0.01,1,1148,卖盘
625,10:28:42,11.48,0.0,9,10332,卖盘
626,10:28:45,11.48,0.0,11,12628,卖盘
627,10:28:48,11.48,0.0,12,13776,买盘
628,10:28:57,11.48,0.0,4,4592,买盘
629,10:29:00,11.48,0.0,5,5740,卖盘
630,10:29:04,11.47,-0.01,50,57381,卖盘
631,10:29:06,11.48,0.01,8,9184,卖盘
632,10:29:09,11.49,0.01,4,4596,买盘
633,10:29:30,11.48,-0.01,6,6888,卖盘
634,10:29:39,11.47,-0.01,130,149169,卖盘
635,10:29:42,11.47,0.0,1,1147,卖盘
636,10:29:57,11.47,0.0,10,11470,卖盘
637,10:30:04,11.47,0.0,10,11470,买盘
638,10:30:13,11.47,0.0,1,1147,买盘
639,10:30:15,11.46,-0.01,5,5730,卖盘
640,10:30:18,11.47,0.01,34,38998,买盘
641,10:30:21,11.47,0.0,5,5735,买盘
642,10:30:25,11.46,-0.01,90,103140,卖盘
643,10:30:27,11.46,0.0,2,2292,卖盘
644,10:30:30,11.46,0.0,8,9168,卖盘
645,10:30:36,11.48,0.02,1,1148,买盘
646,10:30:42,11.48,0.0,5,5740,卖盘
647,10:30:52,11.48,0.0,2,2296,买盘
648,10:30:57,11.48,0.0,14,16068,买盘
649,10:31:09,11.47,-0.01,18,20646,卖盘
650,10:31:21,11.47,0.0,4,4588,买盘
651,10:31:24,11.47,0.0,44,50458,买盘
652,10:31:27,11.46,-0.01,30,34380,卖盘
653,10:31:31,11.46,0.0,3,3438,卖盘
654,10:31:33,11.46,0.0,5,5730,买盘
655,10:31:36,11.45,-0.01,8,9160,卖盘
656,10:31:39,11.45,0.0,4,4580,卖盘
657,10:31:48,11.45,0.0,23,26335,卖盘
658,10:31:54,11.45,0.0,107,122515,卖盘
659,10:31:57,11.45,0.0,1,1145,卖盘
660,10:32:00,11.44,-0.01,35,40073,卖盘
661,10:32:03,11.44,0.0,36,41184,卖盘
662,10:32:13,11.42,-0.02,207,236533,卖盘
663,10:32:16,11.42,0.0,16,18272,卖盘
664,10:32:18,11.42,0.0,17,19406,买盘
665,10:32:21,11.42,0.0,7,7992,买盘
666,10:32:24,11.41,-0.01,20,22830,卖盘
667,10:32:27,11.42,0.01,133,151744,买盘
668,10:32:31,11.4,-0.02,24,27400,卖盘
669,10:32:36,11.41,0.01,19,21685,卖盘
670,10:32:39,11.42,0.01,4,4566,买盘
671,10:32:42,11.4,-0.02,94,107204,卖盘
672,10:32:45,11.42,0.02,8,9136,买盘
673,10:32:48,11.41,-0.01,24,27384,卖盘
674,10:32:51,11.41,0.0,122,139219,卖盘
675,10:32:55,11.42,0.01,2,2284,中性盘
676,10:32:57,11.43,0.01,21,23985,买盘
677,10:33:00,11.43,0.0,9,10287,卖盘
678,10:33:03,11.43,0.0,18,20574,卖盘
679,10:33:09,11.43,0.0,7,8001,买盘
680,10:33:15,11.44,0.01,12,13726,买盘
681,10:33:18,11.44,0.0,13,14872,买盘
682,10:33:21,11.43,-0.01,10,11430,卖盘
683,10:33:27,11.43,0.0,5,5715,买盘
684,10:33:36,11.43,0.0,1,1143,卖盘
685,10:33:45,11.44,0.01,37,42296,买盘
686,10:33:54,11.44,0.0,12,13728,买盘
687,10:33:57,11.43,-0.01,28,32014,卖盘
688,10:34:03,11.42,-0.01,8,9138,卖盘
689,10:34:06,11.43,0.01,5,5715,买盘
690,10:34:09,11.43,0.0,21,24003,买盘
691,10:34:12,11.43,0.0,14,16002,买盘
692,10:34:18,11.43,0.0,2,2286,买盘
693,10:34:25,11.43,0.0,39,44577,买盘
694,10:34:36,11.44,0.01,2,2288,买盘
695,10:34:42,11.44,0.0,5,5720,买盘
696,10:34:45,11.44,0.0,7,8008,买盘
697,10:34:54,11.44,0.0,28,32057,卖盘
698,10:34:58,11.45,0.01,5,5725,买盘
699,10:35:04,11.44,-0.01,6,6864,卖盘
700,10:35:06,11.45,0.01,8,9160,买盘
701,10:35:18,11.47,0.02,7,8029,买盘
702,10:35:21,11.48,0.01,1,1148,买盘
703,10:35:24,11.47,-0.01,4,4590,卖盘
704,10:35:27,11.47,0.0,2,2294,买盘
705,10:35:45,11.47,0.0,30,34389,买盘
706,10:36:06,11.49,0.02,34,39066,买盘
707,10:36:15,11.49,0.0,2,2298,买盘
708,10:36:21,11.5,0.01,10,11498,买盘
709,10:36:39,11.5,0.0,1,1150,买盘
710,10:36:45,11.5,0.0,5,5750,买盘
711,10:36:55,11.48,-0.02,10,11480,卖盘
712,10:37:04,11.5,0.02,9,10350,买盘
713,10:37:09,11.5,0.0,6,6900,买盘
714,10:37:21,11.5,0.0,5,5749,买盘
715,10:37:42,11.5,0.0,3,3450,买盘
716,10:37:45,11.49,-0.01,8,9192,卖盘
717,10:38:09,11.48,-0.01,4,4592,卖盘
718,10:38:16,11.48,0.0,33,37884,卖盘
719,10:38:21,11.48,0.0,22,25256,卖盘
720,10:38:45,11.47,-0.01,17,19499,卖盘
721,10:38:57,11.47,0.0,2,2294,买盘
722,10:39:04,11.47,0.0,1,1147,买盘
723,10:39:09,11.47,0.0,5,5735,买盘
724,10:39:45,11.47,0.0,5,5735,卖盘
725,10:39:51,11.47,0.0,10,11470,卖盘
726,10:40:06,11.46,-0.01,2,2292,卖盘
727,10:40:09,11.47,0.01,1,1147,买盘
728,10:40:18,11.47,0.0,11,12617,买盘
729,10:40:24,11.47,0.0,5,5735,卖盘
730,10:40:42,11.47,0.0,10,11470,卖盘
731,10:41:33,11.47,0.0,5,5735,卖盘
732,10:41:39,11.47,0.0,13,14901,买盘
733,10:41:48,11.46,-0.01,9,10314,卖盘
734,10:41:51,11.46,0.0,2,2292,买盘
735,10:41:57,11.45,-0.01,11,12595,卖盘
736,10:42:04,11.45,0.0,14,16030,卖盘
737,10:42:12,11.45,0.0,3,3435,买盘
738,10:42:18,11.44,-0.01,8,9152,卖盘
739,10:42:24,11.44,0.0,8,9152,买盘
740,10:42:27,11.44,0.0,8,9152,卖盘
741,10:42:42,11.45,0.01,40,45800,买盘
742,10:43:04,11.44,-0.01,3,3432,卖盘
743,10:43:12,11.45,0.01,43,49235,买盘
744,10:43:43,11.44,-0.01,1,1144,卖盘
745,10:43:45,11.44,0.0,4,4576,卖盘
746,10:43:54,11.45,0.01,10,11450,买盘
747,10:44:09,11.43,-0.02,52,59463,卖盘
748,10:44:24,11.44,0.01,13,14872,卖盘
749,10:44:30,11.44,0.0,10,11440,卖盘
750,10:44:40,11.44,0.0,13,14872,卖盘
751,10:45:04,11.43,-0.01,3,3429,卖盘
752,10:45:18,11.43,0.0,26,29718,卖盘
753,10:45:27,11.43,0.0,167,190887,卖盘
754,10:45:30,11.43,0.0,40,45720,买盘
755,10:45:33,11.44,0.01,11,12580,买盘
756,10:45:37,11.42,-0.02,12,13704,卖盘
757,10:45:40,11.42,0.0,25,28550,卖盘
758,10:45:42,11.42,0.0,1,1142,卖盘
759,10:45:51,11.42,0.0,24,27408,卖盘
760,10:45:54,11.42,0.0,7,7994,卖盘
761,10:46:00,11.43,0.01,3,3429,买盘
762,10:46:04,11.42,-0.01,39,44538,卖盘
763,10:46:06,11.42,0.0,5,5710,买盘
764,10:46:15,11.41,-0.01,50,57050,卖盘
765,10:46:24,11.41,0.0,30,34230,卖盘
766,10:46:30,11.41,0.0,26,29666,卖盘
767,10:46:33,11.41,0.0,9,10269,卖盘
768,10:46:42,11.42,0.01,17,19414,买盘
769,10:46:46,11.42,0.0,7,7994,买盘
770,10:46:49,11.42,0.0,4,4568,买盘
771,10:46:51,11.42,0.0,7,7994,买盘
772,10:46:57,11.42,0.0,2,2284,买盘
773,10:47:00,11.42,0.0,5,5710,卖盘
774,10:47:03,11.41,-0.01,14,15979,卖盘
775,10:47:06,11.42,0.01,1,1142,卖盘
776,10:47:18,11.42,0.0,12,13704,卖盘
777,10:47:39,11.43,0.01,3,3429,买盘
778,10:47:48,11.43,0.0,11,12573,买盘
779,10:47:58,11.43,0.0,18,20574,买盘
780,10:48:01,11.43,0.0,23,26289,卖盘
781,10:48:04,11.44,0.01,71,81224,买盘
782,10:48:06,11.44,0.0,7,8008,卖盘
783,10:48:12,11.44,0.0,3,3432,买盘
784,10:48:27,11.44,0.0,19,21736,买盘
785,10:48:30,11.43,-0.01,17,19431,卖盘
786,10:48:39,11.43,0.0,11,12574,卖盘
787,10:48:42,11.43,0.0,10,11430,买盘
788,10:48:48,11.43,0.0,2,2286,买盘
789,10:48:51,11.42,-0.01,53,60572,卖盘
790,10:49:04,11.43,0.01,13,14859,买盘
791,10:49:06,11.44,0.01,4,4576,买盘
792,10:49:09,11.44,0.0,2,2288,买盘
793,10:49:15,11.44,0.0,2,2288,买盘
794,10:49:25,11.44,0.0,2,2288,卖盘
795,10:49:42,11.45,0.01,3,3435,买盘
796,10:49:45,11.45,0.0,2,2290,买盘
797,10:49:51,11.44,-0.01,10,11440,卖盘
798,10:49:57,11.45,0.01,1,1145,买盘
799,10:50:06,11.45,0.0,5,5725,买盘
800,10:50:15,11.46,0.01,2,2292,买盘
801,10:50:18,11.45,-0.01,14,16030,卖盘
802,10:50:42,11.45,0.0,30,34350,买盘
803,10:50:45,11.45,0.0,8,9160,买盘
804,10:50:48,11.45,0.0,4,4580,卖盘
805,10:50:55,11.46,0.01,1,1146,买盘
806,10:50:58,11.45,-0.01,10,11450,卖盘
807,10:51:00,11.46,0.01,1,1146,买盘
808,10:51:04,11.46,0.0,10,11460,买盘
809,10:51:06,11.46,0.0,7,8022,买盘
810,10:51:43,11.46,0.0,1,1146,买盘
811,10:51:54,11.46,0.0,4,4584,买盘
812,10:52:09,11.45,-0.01,55,62975,卖盘
813,10:52:27,11.45,0.0,42,48090,买盘
814,10:52:33,11.45,0.0,50,57250,买盘
815,10:52:45,11.44,-0.01,24,27456,卖盘
816,10:52:48,11.45,0.01,14,16030,买盘
817,10:52:54,11.46,0.01,6,6876,买盘
818,10:52:57,11.45,-0.01,59,67587,卖盘
819,10:53:12,11.47,0.02,4,4588,买盘
820,10:53:24,11.47,0.0,6,6882,买盘
821,10:53:30,11.48,0.01,29,33286,买盘
822,10:53:42,11.48,0.0,19,21812,买盘
823,10:53:48,11.48,0.0,4,4592,买盘
824,10:53:55,11.48,0.0,2,2296,买盘
825,10:53:57,11.48,0.0,2,2296,买盘
826,10:54:06,11.47,-0.01,8,9176,卖盘
827,10:54:30,11.47,0.0,8,9176,买盘
828,10:54:33,11.47,0.0,1,1147,卖盘
829,10:54:57,11.47,0.0,2,2294,卖盘
830,10:55:18,11.48,0.01,20,22960,买盘
831,10:55:21,11.47,-0.01,4,4588,卖盘
832,10:55:24,11.48,0.01,30,34440,买盘
833,10:55:39,11.48,0.0,1,1148,买盘
834,10:55:45,11.48,0.0,3,3444,买盘
835,10:55:54,11.48,0.0,5,5740,买盘
836,10:55:57,11.47,-0.01,34,38998,卖盘
837,10:56:04,11.47,0.0,10,11470,买盘
838,10:56:09,11.47,0.0,1,1147,买盘
839,10:56:21,11.5,0.03,21,24128,买盘
840,10:57:00,11.5,0.0,20,23000,买盘
841,10:57:04,11.5,0.0,4,4600,买盘
842,10:57:15,11.5,0.0,9,10350,买盘
843,10:57:18,11.5,0.0,8,9200,买盘
844,10:57:36,11.5,0.0,91,104650,买盘
845,10:57:52,11.49,-0.01,2,2298,中性盘
846,10:57:57,11.48,-0.01,6,6888,卖盘
847,10:58:36,11.49,0.01,1,1149,买盘
848,10:58:39,11.48,-0.01,34,39032,卖盘
849,10:58:57,11.48,0.0,10,11480,卖盘
850,10:59:04,11.48,0.0,9,10332,卖盘
851,10:59:18,11.48,0.0,25,28694,买盘
852,10:59:36,11.47,-0.01,3,3441,卖盘
853,10:59:45,11.47,0.0,4,4588,买盘
854,10:59:48,11.47,0.0,3,3441,买盘
855,11:00:00,11.48,0.01,10,11480,买盘
856,11:00:04,11.46,-0.02,5,5734,卖盘
857,11:00:33,11.46,0.0,4,4584,卖盘
858,11:01:00,11.47,0.01,3,3441,买盘
859,11:01:30,11.45,-0.02,55,63002,卖盘
860,11:01:39,11.45,0.0,10,11450,买盘
861,11:01:51,11.44,-0.01,7,8008,卖盘
862,11:01:54,11.44,0.0,12,13728,卖盘
863,11:01:57,11.44,0.0,6,6864,买盘
864,11:02:10,11.44,0.0,2,2288,买盘
865,11:02:12,11.44,0.0,2,2288,买盘
866,11:02:24,11.44,0.0,5,5720,买盘
867,11:02:27,11.44,0.0,71,81159,买盘
868,11:02:36,11.44,0.0,3,3432,买盘
869,11:02:39,11.44,0.0,8,9152,买盘
870,11:02:51,11.45,0.01,3,3435,买盘
871,11:03:04,11.45,0.0,9,10305,买盘
872,11:03:10,11.45,0.0,5,5725,买盘
873,11:03:15,11.45,0.0,54,61830,买盘
874,11:03:24,11.45,0.0,8,9160,买盘
875,11:03:42,11.45,0.0,13,14885,买盘
876,11:03:45,11.45,0.0,2,2290,买盘
877,11:03:52,11.45,0.0,59,67555,买盘
878,11:04:15,11.46,0.01,9,10314,卖盘
879,11:04:21,11.44,-0.02,120,137290,卖盘
880,11:04:33,11.47,0.03,6,6881,买盘
881,11:04:45,11.47,0.0,10,11470,买盘
882,11:04:54,11.46,-0.01,1,1146,卖盘
883,11:05:03,11.47,0.01,3,3441,买盘
884,11:05:09,11.47,0.0,1,1147,买盘
885,11:05:27,11.46,-0.01,21,24080,卖盘
886,11:05:39,11.46,0.0,25,28650,卖盘
887,11:05:54,11.45,-0.01,94,107713,卖盘
888,11:05:58,11.45,0.0,12,13740,买盘
889,11:06:00,11.45,0.0,1,1145,买盘
890,11:06:04,11.45,0.0,1,1145,买盘
891,11:06:06,11.45,0.0,6,6870,买盘
892,11:06:28,11.45,0.0,96,109954,卖盘
893,11:06:31,11.48,0.03,10,11475,买盘
894,11:06:36,11.45,-0.03,76,87020,卖盘
895,11:06:42,11.48,0.03,5,5740,买盘
896,11:06:57,11.48,0.0,12,13756,买盘
897,11:07:07,11.49,0.01,5,5745,买盘
898,11:07:09,11.48,-0.01,10,11480,卖盘
899,11:07:39,11.48,0.0,1,1148,卖盘
900,11:07:45,11.48,0.0,18,20664,卖盘
901,11:08:12,11.45,-0.03,22,25190,卖盘
902,11:08:21,11.45,0.0,39,44655,买盘
903,11:08:49,11.48,0.03,4,4592,买盘
904,11:09:21,11.48,0.0,15,17220,买盘
905,11:09:39,11.48,0.0,4,4592,买盘
906,11:09:42,11.49,0.01,14,16086,买盘
907,11:09:52,11.48,-0.01,7,8036,卖盘
908,11:10:09,11.45,-0.03,14,16030,卖盘
909,11:10:39,11.46,0.01,1,1146,卖盘
910,11:11:04,11.45,-0.01,39,44655,卖盘
911,11:11:10,11.46,0.01,1,1146,买盘
912,11:11:22,11.46,0.0,3,3438,买盘
913,11:11:25,11.45,-0.01,5,5725,卖盘
914,11:11:36,11.42,-0.03,99,113205,卖盘
915,11:11:48,11.46,0.04,1,1146,买盘
916,11:12:00,11.44,-0.02,1,1144,卖盘
917,11:12:13,11.44,0.0,5,5720,卖盘
918,11:12:33,11.45,0.01,48,54960,卖盘
919,11:13:00,11.45,0.0,3,3435,买盘
920,11:13:06,11.45,0.0,13,14885,买盘
921,11:13:09,11.45,0.0,1,1145,买盘
922,11:13:12,11.45,0.0,1,1145,买盘
923,11:13:15,11.45,0.0,1,1145,买盘
924,11:13:18,11.45,0.0,3,3435,买盘
925,11:13:30,11.48,0.03,1,1148,买盘
926,11:13:34,11.48,0.0,10,11480,买盘
927,11:13:43,11.48,0.0,6,6888,买盘
928,11:13:46,11.48,0.0,3,3444,买盘
929,11:13:49,11.48,0.0,43,49364,买盘
930,11:13:55,11.49,0.01,35,40215,买盘
931,11:14:06,11.5,0.01,5,5750,买盘
932,11:14:12,11.5,0.0,2,2300,买盘
933,11:14:15,11.5,0.0,34,39100,买盘
934,11:14:21,11.49,-0.01,6,6899,卖盘
935,11:14:51,11.49,0.0,16,18384,卖盘
936,11:15:09,11.47,-0.02,4,4588,卖盘
937,11:15:33,11.49,0.02,13,14937,买盘
938,11:15:36,11.48,-0.01,9,10332,卖盘
939,11:15:42,11.49,0.01,30,34470,买盘
940,11:15:45,11.49,0.0,20,22980,买盘
941,11:15:57,11.48,-0.01,7,8036,卖盘
942,11:16:06,11.48,0.0,20,22960,买盘
943,11:16:19,11.47,-0.01,13,14911,卖盘
944,11:16:21,11.47,0.0,10,11470,卖盘
945,11:16:30,11.48,0.01,11,12628,买盘
946,11:16:45,11.48,0.0,3,3444,买盘
947,11:16:58,11.47,-0.01,10,11470,卖盘
948,11:17:06,11.47,0.0,1,1147,卖盘
949,11:17:57,11.47,0.0,14,16058,卖盘
950,11:18:06,11.47,0.0,23,26381,买盘
951,11:18:34,11.47,0.0,86,98642,买盘
952,11:18:51,11.48,0.01,1,1148,买盘
953,11:18:57,11.48,0.0,20,22960,买盘
954,11:19:21,11.48,0.0,25,28700,买盘
955,11:19:27,11.48,0.0,2,2296,买盘
956,11:19:33,11.48,0.0,25,28693,买盘
957,11:19:36,11.48,0.0,43,49364,买盘
958,11:19:51,11.49,0.01,1,1149,买盘
959,11:20:09,11.49,0.0,3,3447,买盘
960,11:20:15,11.49,0.0,4,4596,买盘
961,11:20:24,11.49,0.0,33,37917,卖盘
962,11:20:46,11.48,-0.01,2,2296,卖盘
963,11:21:00,11.48,0.0,12,13776,卖盘
964,11:21:07,11.48,0.0,6,6888,卖盘
965,11:21:18,11.48,0.0,55,63140,卖盘
966,11:21:51,11.48,0.0,19,21812,买盘
967,11:21:57,11.47,-0.01,15,17205,卖盘
968,11:22:09,11.47,0.0,2,2294,买盘
969,11:22:15,11.47,0.0,4,4588,买盘
970,11:22:36,11.47,0.0,3,3441,买盘
971,11:22:39,11.46,-0.01,1,1146,卖盘
972,11:22:48,11.47,0.01,3,3441,买盘
973,11:22:57,11.47,0.0,15,17205,买盘
974,11:23:09,11.46,-0.01,54,61884,卖盘
975,11:24:21,11.47,0.01,8,9176,买盘
976,11:24:36,11.49,0.02,16,18371,买盘
977,11:24:42,11.5,0.01,10,11500,买盘
978,11:25:07,11.5,0.0,3,3450,买盘
979,11:25:09,11.5,0.0,15,17250,买盘
980,11:25:36,11.51,0.01,1,1151,买盘
981,11:25:45,11.51,0.0,33,37983,买盘
982,11:25:51,11.5,-0.01,6,6900,卖盘
983,11:26:00,11.49,-0.01,19,21831,卖盘
984,11:26:24,11.49,0.0,4,4596,买盘
985,11:26:39,11.47,-0.02,4,4588,卖盘
986,11:26:42,11.47,0.0,3,3441,买盘
987,11:26:45,11.47,0.0,1,1147,买盘
988,11:26:48,11.47,0.0,5,5735,买盘
989,11:26:54,11.46,-0.01,13,14898,卖盘
990,11:26:57,11.46,0.0,1,1146,买盘
991,11:27:01,11.46,0.0,1,1146,买盘
992,11:27:04,11.46,0.0,1,1146,买盘
993,11:27:07,11.46,0.0,1,1146,买盘
994,11:27:09,11.45,-0.01,39,44656,卖盘
995,11:27:12,11.45,0.0,1,1145,买盘
996,11:27:15,11.45,0.0,1,1145,买盘
997,11:27:18,11.45,0.0,1,1145,买盘
998,11:27:27,11.45,0.0,5,5725,卖盘
999,11:27:30,11.45,0.0,9,10305,卖盘
1000,11:27:33,11.46,0.01,8,9168,买盘
1001,11:27:36,11.46,0.0,3,3438,买盘
1002,11:27:43,11.46,0.0,1,1146,买盘
1003,11:27:48,11.47,0.01,2,2294,买盘
1004,11:28:30,11.46,-0.01,2,2292,卖盘
1005,11:28:33,11.47,0.01,2,2294,买盘
1006,11:28:48,11.47,0.0,5,5735,买盘
1007,13:00:04,11.5,0.03,28,32168,买盘
1008,13:00:09,11.5,0.0,2,2300,卖盘
1009,13:00:57,11.5,0.0,7,8050,买盘
1010,13:01:04,11.49,-0.01,10,11490,卖盘
1011,13:01:21,11.49,0.0,1,1149,卖盘
1012,13:01:57,11.5,0.01,7,8050,买盘
1013,13:02:24,11.49,-0.01,2,2298,卖盘
1014,13:02:33,11.5,0.01,9,10350,买盘
1015,13:02:42,11.5,0.0,39,44821,买盘
1016,13:02:57,11.5,0.0,7,8050,买盘
1017,13:03:06,11.48,-0.02,36,41353,卖盘
1018,13:03:15,11.48,0.0,2,2296,买盘
1019,13:03:30,11.48,0.0,9,10332,买盘
1020,13:04:21,11.47,-0.01,7,8029,卖盘
1021,13:04:33,11.47,0.0,7,8029,卖盘
1022,13:04:36,11.47,0.0,1,1147,卖盘
1023,13:04:54,11.47,0.0,30,34410,卖盘
1024,13:04:57,11.47,0.0,5,5735,买盘
1025,13:05:21,11.47,0.0,13,14899,买盘
1026,13:05:36,11.44,-0.03,104,119001,卖盘
1027,13:05:48,11.44,0.0,1,1144,买盘
1028,13:06:06,11.44,0.0,20,22880,卖盘
1029,13:06:12,11.44,0.0,13,14872,卖盘
1030,13:06:18,11.44,0.0,8,9152,卖盘
1031,13:06:54,11.48,0.04,30,34440,买盘
1032,13:07:06,11.44,-0.04,5,5720,卖盘
1033,13:07:27,11.47,0.03,20,22940,买盘
1034,13:07:57,11.47,0.0,7,8029,买盘
1035,13:08:00,11.47,0.0,3,3441,买盘
1036,13:08:36,11.45,-0.02,14,16030,卖盘
1037,13:08:39,11.45,0.0,1,1145,卖盘
1038,13:08:42,11.45,0.0,5,5725,卖盘
1039,13:09:06,11.45,0.0,17,19465,卖盘
1040,13:09:09,11.45,0.0,5,5725,卖盘
1041,13:09:15,11.44,-0.01,41,46904,卖盘
1042,13:09:19,11.44,0.0,4,4576,买盘
1043,13:09:27,11.44,0.0,3,3432,卖盘
1044,13:09:57,11.44,0.0,15,17160,卖盘
1045,13:10:16,11.44,0.0,2,2288,买盘
1046,13:10:24,11.43,-0.01,19,21717,卖盘
1047,13:10:30,11.44,0.01,2,2288,买盘
1048,13:10:36,11.44,0.0,1,1144,买盘
1049,13:10:40,11.44,0.0,22,25168,买盘
1050,13:10:43,11.44,0.0,1,1144,买盘
1051,13:10:51,11.44,0.0,1,1144,卖盘
1052,13:10:54,11.44,0.0,7,8008,买盘
1053,13:11:06,11.44,0.0,2,2288,买盘
1054,13:11:42,11.44,0.0,4,4576,卖盘
1055,13:11:57,11.45,0.01,7,8015,买盘
1056,13:12:09,11.44,-0.01,5,5720,卖盘
1057,13:12:45,11.44,0.0,32,36608,卖盘
1058,13:12:51,11.44,0.0,1,1144,卖盘
1059,13:13:04,11.44,0.0,1,1144,卖盘
1060,13:13:06,11.45,0.01,5,5725,买盘
1061,13:13:12,11.44,-0.01,13,14872,卖盘
1062,13:13:24,11.44,0.0,2,2288,卖盘
1063,13:13:54,11.45,0.01,4,4580,买盘
1064,13:13:57,11.45,0.0,3,3435,买盘
1065,13:14:15,11.44,-0.01,4,4576,卖盘
1066,13:14:57,11.45,0.01,4,4580,买盘
1067,13:15:06,11.45,0.0,17,19465,卖盘
1068,13:15:09,11.45,0.0,11,12595,买盘
1069,13:15:15,11.47,0.02,2,2294,买盘
1070,13:15:24,11.45,-0.02,12,13740,卖盘
1071,13:15:33,11.47,0.02,1,1147,买盘
1072,13:15:45,11.45,-0.02,1,1145,卖盘
1073,13:16:24,11.45,0.0,11,12595,卖盘
1074,13:16:54,11.45,0.0,11,12595,卖盘
1075,13:16:57,11.45,0.0,9,10319,卖盘
1076,13:17:03,11.47,0.02,14,16052,买盘
1077,13:17:36,11.47,0.0,10,11470,买盘
1078,13:17:39,11.47,0.0,10,11470,买盘
1079,13:17:42,11.47,0.0,37,42439,买盘
1080,13:17:45,11.47,0.0,22,25234,买盘
1081,13:17:51,11.47,0.0,12,13773,卖盘
1082,13:17:54,11.47,0.0,11,12617,卖盘
1083,13:17:58,11.48,0.01,130,149240,买盘
1084,13:18:00,11.48,0.0,16,18368,买盘
1085,13:18:04,11.48,0.0,37,42476,买盘
1086,13:18:06,11.48,0.0,4,4592,买盘
1087,13:18:15,11.48,0.0,36,41328,买盘
1088,13:18:21,11.48,0.0,18,20664,买盘
1089,13:18:24,11.48,0.0,19,21812,买盘
1090,13:18:33,11.48,0.0,1,1148,卖盘
1091,13:18:57,11.5,0.02,6,6900,买盘
1092,13:19:15,11.49,-0.01,1,1149,卖盘
1093,13:19:27,11.49,0.0,6,6894,卖盘
1094,13:20:18,11.48,-0.01,24,27552,卖盘
1095,13:20:34,11.48,0.0,5,5740,买盘
1096,13:21:03,11.46,-0.02,30,34380,卖盘
1097,13:21:13,11.46,0.0,4,4584,买盘
1098,13:21:15,11.45,-0.01,3,3435,卖盘
1099,13:21:37,11.45,0.0,11,12595,卖盘
1100,13:21:48,11.46,0.01,20,22920,买盘
1101,13:21:57,11.48,0.02,3,3444,买盘
1102,13:22:12,11.46,-0.02,30,34380,卖盘
1103,13:22:31,11.46,0.0,10,11460,卖盘
1104,13:22:51,11.46,0.0,1,1146,卖盘
1105,13:22:54,11.45,-0.01,47,53838,卖盘
1106,13:23:06,11.45,0.0,1,1145,卖盘
1107,13:23:15,11.45,0.0,4,4580,卖盘
1108,13:23:27,11.46,0.01,1,1146,卖盘
1109,13:23:42,11.45,-0.01,2,2290,卖盘
1110,13:23:51,11.46,0.01,19,21774,买盘
1111,13:23:57,11.46,0.0,2,2292,买盘
1112,13:24:00,11.45,-0.01,14,16035,卖盘
1113,13:24:12,11.45,0.0,10,11450,卖盘
1114,13:24:18,11.45,0.0,4,4580,卖盘
1115,13:24:21,11.45,0.0,1,1145,卖盘
1116,13:24:48,11.45,0.0,3,3435,卖盘
1117,13:24:51,11.45,0.0,10,11450,卖盘
1118,13:24:57,11.46,0.01,1,1146,买盘
1119,13:25:43,11.45,-0.01,6,6870,卖盘
1120,13:25:49,11.45,0.0,41,46945,卖盘
1121,13:26:06,11.44,-0.01,5,5720,卖盘
1122,13:26:21,11.45,0.01,1,1145,买盘
1123,13:26:30,11.45,0.0,3,3435,买盘
1124,13:26:48,11.41,-0.04,404,461425,卖盘
1125,13:27:12,11.42,0.01,8,9136,卖盘
1126,13:27:18,11.41,-0.01,38,43358,卖盘
1127,13:27:25,11.41,0.0,4,4564,卖盘
1128,13:27:33,11.42,0.01,1,1142,买盘
1129,13:27:37,11.43,0.01,3,3429,买盘
1130,13:28:04,11.42,-0.01,2,2284,卖盘
1131,13:28:06,11.42,0.0,3,3426,卖盘
1132,13:28:09,11.42,0.0,5,5710,卖盘
1133,13:28:12,11.42,0.0,23,26266,卖盘
1134,13:28:18,11.42,0.0,27,30834,买盘
1135,13:28:24,11.42,0.0,35,39966,卖盘
1136,13:28:30,11.42,0.0,7,7994,买盘
1137,13:28:33,11.44,0.02,23,26293,买盘
1138,13:28:37,11.42,-0.02,4,4568,卖盘
1139,13:28:42,11.44,0.02,7,8008,买盘
1140,13:28:45,11.42,-0.02,1,1142,卖盘
1141,13:29:09,11.42,0.0,4,4568,卖盘
1142,13:29:15,11.42,0.0,42,47966,卖盘
1143,13:29:33,11.42,0.0,31,35402,卖盘
1144,13:29:36,11.42,0.0,3,3426,买盘
1145,13:29:45,11.41,-0.01,50,57050,卖盘
1146,13:29:48,11.42,0.01,5,5710,买盘
1147,13:29:54,11.42,0.0,2,2284,买盘
1148,13:30:01,11.41,-0.01,210,239610,卖盘
1149,13:30:06,11.41,0.0,30,34230,卖盘
1150,13:30:12,11.41,0.0,36,41076,卖盘
1151,13:30:18,11.41,0.0,56,63897,卖盘
1152,13:30:21,11.41,0.0,66,75306,卖盘
1153,13:30:24,11.41,0.0,29,33089,卖盘
1154,13:30:33,11.41,0.0,4,4561,买盘
1155,13:30:36,11.4,-0.01,1,1140,卖盘
1156,13:30:43,11.4,0.0,120,136800,卖盘
1157,13:30:45,11.4,0.0,64,72960,卖盘
1158,13:30:48,11.4,0.0,7,7984,卖盘
1159,13:30:54,11.4,0.0,26,29640,卖盘
1160,13:30:57,11.4,0.0,15,17107,卖盘
1161,13:31:00,11.4,0.0,102,116280,卖盘
1162,13:31:12,11.4,0.0,3,3420,卖盘
1163,13:31:16,11.41,0.01,20,22820,中性盘
1164,13:31:21,11.41,0.0,16,18256,卖盘
1165,13:31:36,11.42,0.01,7,7994,买盘
1166,13:31:42,11.42,0.0,2,2284,买盘
1167,13:31:48,11.42,0.0,2,2284,买盘
1168,13:31:57,11.42,0.0,6,6852,买盘
1169,13:32:03,11.42,0.0,16,18272,买盘
1170,13:32:18,11.44,0.02,6,6864,买盘
1171,13:32:33,11.44,0.0,1,1144,买盘
1172,13:32:57,11.44,0.0,6,6864,买盘
1173,13:33:09,11.42,-0.02,1,1142,卖盘
1174,13:33:15,11.42,0.0,2,2284,卖盘
1175,13:33:21,11.42,0.0,30,34260,卖盘
1176,13:33:24,11.42,0.0,3,3426,卖盘
1177,13:33:27,11.42,0.0,1,1142,卖盘
1178,13:33:30,11.41,-0.01,19,21679,卖盘
1179,13:33:33,11.41,0.0,78,88998,卖盘
1180,13:33:37,11.41,0.0,17,19397,卖盘
1181,13:33:39,11.41,0.0,14,15974,卖盘
1182,13:33:42,11.41,0.0,12,13692,卖盘
1183,13:33:46,11.41,0.0,10,11410,卖盘
1184,13:33:49,11.41,0.0,49,55909,卖盘
1185,13:33:51,11.41,0.0,41,46780,卖盘
1186,13:33:54,11.4,-0.01,35,39905,卖盘
1187,13:33:57,11.4,0.0,28,31925,卖盘
1188,13:34:00,11.4,0.0,37,42180,卖盘
1189,13:34:03,11.4,0.0,99,112860,卖盘
1190,13:34:06,11.42,0.02,46,52532,买盘
1191,13:34:09,11.42,0.0,5,5710,卖盘
1192,13:34:12,11.42,0.0,9,10278,卖盘
1193,13:34:15,11.44,0.02,43,49138,买盘
1194,13:34:18,11.42,-0.02,4,4568,卖盘
1195,13:34:21,11.42,0.0,5,5710,卖盘
1196,13:34:24,11.42,0.0,1,1142,卖盘
1197,13:34:27,11.42,0.0,1,1142,卖盘
1198,13:34:30,11.42,0.0,1,1142,卖盘
1199,13:34:33,11.42,0.0,1,1142,卖盘
1200,13:34:37,11.42,0.0,1,1142,卖盘
1201,13:34:40,11.42,0.0,1,1142,卖盘
1202,13:34:42,11.42,0.0,1,1142,卖盘
1203,13:34:45,11.42,0.0,1,1142,卖盘
1204,13:34:48,11.42,0.0,1,1142,卖盘
1205,13:34:51,11.42,0.0,10,11420,卖盘
1206,13:34:57,11.42,0.0,2,2284,买盘
1207,13:35:01,11.42,0.0,1,1142,卖盘
1208,13:35:04,11.42,0.0,3,3426,中性盘
1209,13:35:09,11.42,0.0,5,5710,买盘
1210,13:35:12,11.4,-0.02,11,12546,卖盘
1211,13:35:21,11.4,0.0,7,7980,卖盘
1212,13:35:24,11.42,0.02,47,53660,买盘
1213,13:35:30,11.42,0.0,10,11420,卖盘
1214,13:35:33,11.42,0.0,20,22832,买盘
1215,13:35:39,11.4,-0.02,6,6844,卖盘
1216,13:35:45,11.4,0.0,14,15960,卖盘
1217,13:35:48,11.4,0.0,45,51300,卖盘
1218,13:35:51,11.4,0.0,105,119700,卖盘
1219,13:35:54,11.4,0.0,12,13680,卖盘
1220,13:35:57,11.4,0.0,10,11400,卖盘
1221,13:36:00,11.39,-0.01,57,64973,卖盘
1222,13:36:03,11.39,0.0,5,5695,卖盘
1223,13:36:06,11.39,0.0,77,87708,卖盘
1224,13:36:09,11.38,-0.01,19,21622,卖盘
1225,13:36:13,11.38,0.0,138,157044,卖盘
1226,13:36:16,11.38,0.0,25,28450,卖盘
1227,13:36:19,11.38,0.0,77,87626,卖盘
1228,13:36:22,11.38,0.0,65,73970,卖盘
1229,13:36:25,11.36,-0.02,10,11367,卖盘
1230,13:36:28,11.36,0.0,11,12496,卖盘
1231,13:36:31,11.36,0.0,10,11360,卖盘
1232,13:36:34,11.36,0.0,207,235083,卖盘
1233,13:36:36,11.36,0.0,84,95391,买盘
1234,13:36:40,11.36,0.0,9,10216,买盘
1235,13:36:42,11.36,0.0,7,7950,买盘
1236,13:36:48,11.36,0.0,21,23846,卖盘
1237,13:36:54,11.35,-0.01,1,1135,卖盘
1238,13:36:57,11.36,0.01,3,3408,买盘
1239,13:37:01,11.35,-0.01,98,111235,卖盘
1240,13:37:06,11.34,-0.01,60,68042,卖盘
1241,13:37:10,11.34,0.0,10,11345,卖盘
1242,13:37:21,11.34,0.0,1,1134,买盘
1243,13:37:24,11.33,-0.01,69,78182,卖盘
1244,13:37:27,11.33,0.0,13,14729,卖盘
1245,13:37:30,11.33,0.0,120,135958,买盘
1246,13:37:33,11.32,-0.01,33,37356,卖盘
1247,13:37:36,11.32,0.0,50,56608,卖盘
1248,13:37:39,11.32,0.0,17,19244,买盘
1249,13:37:45,11.31,-0.01,42,47510,卖盘
1250,13:37:51,11.31,0.0,83,93882,卖盘
1251,13:37:54,11.31,0.0,16,18096,买盘
1252,13:38:00,11.31,0.0,64,72363,卖盘
1253,13:38:04,11.31,0.0,18,20358,买盘
1254,13:38:06,11.31,0.0,16,18096,买盘
1255,13:38:09,11.31,0.0,10,11310,卖盘
1256,13:38:12,11.31,0.0,31,35037,买盘
1257,13:38:16,11.3,-0.01,21,23750,卖盘
1258,13:38:19,11.31,0.01,23,26013,买盘
1259,13:38:21,11.32,0.01,4,4528,买盘
1260,13:38:24,11.31,-0.01,5,5655,卖盘
1261,13:38:27,11.32,0.01,76,85960,买盘
1262,13:38:30,11.32,0.0,11,12452,买盘
1263,13:38:33,11.32,0.0,2,2264,买盘
1264,13:38:39,11.32,0.0,11,12444,买盘
1265,13:38:42,11.31,-0.01,16,18107,卖盘
1266,13:38:48,11.31,0.0,47,53157,卖盘
1267,13:38:57,11.3,-0.01,27,30538,卖盘
1268,13:39:00,11.31,0.01,1,1131,卖盘
1269,13:39:06,11.31,0.0,14,15834,卖盘
1270,13:39:12,11.31,0.0,3,3393,卖盘
1271,13:39:15,11.32,0.01,90,101880,买盘
1272,13:39:24,11.32,0.0,3,3396,买盘
1273,13:39:36,11.32,0.0,3,3396,买盘
1274,13:39:39,11.32,0.0,50,56600,买盘
1275,13:39:42,11.32,0.0,4,4528,买盘
1276,13:39:45,11.32,0.0,7,7924,买盘
1277,13:39:49,11.31,-0.01,32,36194,卖盘
1278,13:39:54,11.31,0.0,128,144778,卖盘
1279,13:39:57,11.31,0.0,25,28291,卖盘
1280,13:40:00,11.31,0.0,24,27154,卖盘
1281,13:40:04,11.32,0.01,7,7924,买盘
1282,13:40:06,11.31,-0.01,6,6786,卖盘
1283,13:40:18,11.31,0.0,1,1131,卖盘
1284,13:40:21,11.32,0.01,27,30548,买盘
1285,13:40:24,11.31,-0.01,52,58847,卖盘
1286,13:40:30,11.31,0.0,18,20375,卖盘
1287,13:40:39,11.31,0.0,8,9048,卖盘
1288,13:40:45,11.31,0.0,1,1131,卖盘
1289,13:40:48,11.32,0.01,6,6792,买盘
1290,13:40:54,11.32,0.0,10,11320,买盘
1291,13:40:57,11.32,0.0,6,6792,买盘
1292,13:41:00,11.32,0.0,15,16980,买盘
1293,13:41:04,11.32,0.0,30,33960,买盘
1294,13:41:06,11.34,0.02,56,63395,买盘
1295,13:41:21,11.35,0.01,15,17025,买盘
1296,13:41:25,11.35,0.0,1,1135,卖盘
1297,13:41:27,11.35,0.0,7,7945,卖盘
1298,13:41:33,11.34,-0.01,31,35175,卖盘
1299,13:41:36,11.34,0.0,12,13615,买盘
1300,13:41:39,11.35,0.01,33,37455,卖盘
1301,13:41:45,11.36,0.01,42,47712,买盘
1302,13:41:51,11.36,0.0,14,15904,买盘
1303,13:41:57,11.36,0.0,13,14768,买盘
1304,13:42:01,11.36,0.0,3,3408,卖盘
1305,13:42:12,11.36,0.0,5,5680,买盘
1306,13:42:15,11.35,-0.01,4,4540,卖盘
1307,13:42:27,11.35,0.0,15,17035,卖盘
1308,13:42:34,11.36,0.01,1,1136,买盘
1309,13:42:36,11.36,0.0,11,12496,买盘
1310,13:42:39,11.36,0.0,6,6816,买盘
1311,13:42:48,11.35,-0.01,16,18160,卖盘
1312,13:42:57,11.36,0.01,6,6816,买盘
1313,13:43:06,11.35,-0.01,7,7945,卖盘
1314,13:43:15,11.35,0.0,3,3405,卖盘
1315,13:43:39,11.35,0.0,69,78315,卖盘
1316,13:43:48,11.35,0.0,5,5675,买盘
1317,13:43:51,11.35,0.0,5,5675,卖盘
1318,13:43:57,11.33,-0.02,8,9064,卖盘
1319,13:44:06,11.32,-0.01,15,16980,卖盘
1320,13:44:27,11.33,0.01,3,3399,买盘
1321,13:44:30,11.32,-0.01,25,28312,卖盘
1322,13:44:54,11.33,0.01,4,4532,卖盘
1323,13:44:57,11.33,0.0,11,12469,卖盘
1324,13:45:04,11.33,0.0,22,24926,卖盘
1325,13:45:12,11.32,-0.01,70,79220,卖盘
1326,13:45:15,11.31,-0.01,3,3393,卖盘
1327,13:45:18,11.31,0.0,2,2262,卖盘
1328,13:45:24,11.32,0.01,42,47505,买盘
1329,13:45:27,11.31,-0.01,18,20366,卖盘
1330,13:45:30,11.31,0.0,15,16965,买盘
1331,13:45:33,11.32,0.01,1,1132,卖盘
1332,13:45:36,11.32,0.0,14,15848,卖盘
1333,13:45:39,11.31,-0.01,1,1131,卖盘
1334,13:45:42,11.31,0.0,9,10184,卖盘
1335,13:45:48,11.31,0.0,60,67805,买盘
1336,13:45:57,11.32,0.01,2,2263,买盘
1337,13:46:00,11.3,-0.02,10,11309,卖盘
1338,13:46:04,11.3,0.0,22,24860,卖盘
1339,13:46:06,11.31,0.01,52,58761,买盘
1340,13:46:09,11.31,0.0,40,45201,买盘
1341,13:46:12,11.3,-0.01,30,33900,卖盘
1342,13:46:15,11.3,0.0,12,13560,卖盘
1343,13:46:19,11.3,0.0,59,66677,卖盘
1344,13:46:27,11.3,0.0,190,214702,卖盘
1345,13:46:30,11.31,0.01,86,97181,买盘
1346,13:46:33,11.31,0.0,5,5651,买盘
1347,13:46:36,11.3,-0.01,26,29380,卖盘
1348,13:46:39,11.3,0.0,77,87010,卖盘
1349,13:46:48,11.3,0.0,32,36143,买盘
1350,13:46:54,11.28,-0.02,13,14664,卖盘
1351,13:46:57,11.28,0.0,128,144384,卖盘
1352,13:47:04,11.27,-0.01,22,24794,卖盘
1353,13:47:09,11.27,0.0,29,32683,卖盘
1354,13:47:12,11.27,0.0,5,5635,卖盘
1355,13:47:15,11.27,0.0,36,40572,卖盘
1356,13:47:21,11.26,-0.01,23,25898,卖盘
1357,13:47:24,11.26,0.0,3,3378,卖盘
1358,13:47:27,11.26,0.0,57,64182,卖盘
1359,13:47:33,11.25,-0.01,41,46125,卖盘
1360,13:47:36,11.24,-0.01,32,35986,卖盘
1361,13:47:39,11.24,0.0,31,34844,卖盘
1362,13:47:42,11.23,-0.01,6,6741,卖盘
1363,13:47:45,11.24,0.01,15,16846,买盘
1364,13:47:48,11.22,-0.02,21,23579,卖盘
1365,13:47:51,11.22,0.0,21,23562,卖盘
1366,13:47:54,11.22,0.0,20,22444,卖盘
1367,13:47:57,11.23,0.01,20,22443,买盘
1368,13:48:00,11.21,-0.02,4,4484,卖盘
1369,13:48:04,11.22,0.01,106,118839,买盘
1370,13:48:06,11.2,-0.02,48,53806,卖盘
1371,13:48:13,11.23,0.03,13,14596,买盘
1372,13:48:15,11.23,0.0,38,42644,买盘
1373,13:48:22,11.22,-0.01,39,43758,卖盘
1374,13:48:25,11.22,0.0,10,11220,买盘
1375,13:48:27,11.23,0.01,51,57264,买盘
1376,13:48:30,11.23,0.0,8,8984,卖盘
1377,13:48:33,11.22,-0.01,15,16833,卖盘
1378,13:48:36,11.24,0.02,100,112390,买盘
1379,13:48:39,11.23,-0.01,78,87594,中性盘
1380,13:48:43,11.24,0.01,22,24708,买盘
1381,13:48:48,11.23,-0.01,133,149486,卖盘
1382,13:48:51,11.23,0.0,65,72998,卖盘
1383,13:48:54,11.24,0.01,34,38216,买盘
1384,13:48:57,11.24,0.0,1,1124,买盘
1385,13:49:00,11.24,0.0,14,15736,买盘
1386,13:49:03,11.24,0.0,9,10116,买盘
1387,13:49:06,11.24,0.0,38,42687,买盘
1388,13:49:10,11.24,0.0,12,13488,买盘
1389,13:49:15,11.24,0.0,8,8992,卖盘
1390,13:49:18,11.24,0.0,5,5620,卖盘
1391,13:49:21,11.24,0.0,20,22480,买盘
1392,13:49:24,11.24,0.0,23,25840,买盘
1393,13:49:27,11.24,0.0,36,40433,买盘
1394,13:49:30,11.23,-0.01,6,6738,卖盘
1395,13:49:33,11.25,0.02,2,2250,买盘
1396,13:49:39,11.25,0.0,10,11250,买盘
1397,13:49:42,11.25,0.0,5,5625,买盘
1398,13:49:51,11.25,0.0,10,11250,卖盘
1399,13:49:54,11.25,0.0,10,11250,卖盘
1400,13:49:57,11.25,0.0,5,5626,卖盘
1401,13:50:00,11.27,0.02,10,11270,买盘
1402,13:50:04,11.27,0.0,14,15778,卖盘
1403,13:50:06,11.28,0.01,1,1128,买盘
1404,13:50:12,11.27,-0.01,25,28190,卖盘
1405,13:50:21,11.28,0.01,15,16920,卖盘
1406,13:50:24,11.28,0.0,1,1128,卖盘
1407,13:50:28,11.29,0.01,6,6774,买盘
1408,13:50:33,11.28,-0.01,2,2256,卖盘
1409,13:50:43,11.28,0.0,16,18048,卖盘
1410,13:50:45,11.29,0.01,10,11290,买盘
1411,13:50:51,11.28,-0.01,20,22560,卖盘
1412,13:50:55,11.28,0.0,3,3386,卖盘
1413,13:50:57,11.29,0.01,5,5645,买盘
1414,13:51:09,11.29,0.0,7,7903,买盘
1415,13:51:15,11.29,0.0,32,36128,买盘
1416,13:51:19,11.29,0.0,2,2258,买盘
1417,13:51:24,11.28,-0.01,40,45120,卖盘
1418,13:51:33,11.28,0.0,20,22560,卖盘
1419,13:51:36,11.28,0.0,4,4512,卖盘
1420,13:51:42,11.28,0.0,6,6768,卖盘
1421,13:51:48,11.28,0.0,5,5640,买盘
1422,13:52:21,11.28,0.0,10,11280,买盘
1423,13:52:24,11.28,0.0,1,1128,买盘
1424,13:52:27,11.28,0.0,10,11280,买盘
1425,13:52:33,11.28,0.0,1,1128,买盘
1426,13:52:36,11.27,-0.01,3,3381,卖盘
1427,13:52:42,11.27,0.0,9,10143,卖盘
1428,13:52:51,11.28,0.01,5,5640,买盘
1429,13:52:54,11.28,0.0,5,5640,买盘
1430,13:52:57,11.28,0.0,6,6768,买盘
1431,13:53:00,11.28,0.0,3,3384,买盘
1432,13:53:03,11.28,0.0,23,25944,买盘
1433,13:53:13,11.28,0.0,1,1128,买盘
1434,13:53:15,11.28,0.0,1,1466,买盘
1435,13:53:18,11.27,-0.01,14,15780,卖盘
1436,13:53:24,11.29,0.02,13,14677,买盘
1437,13:53:33,11.27,-0.02,12,13524,卖盘
1438,13:53:48,11.28,0.01,3,3384,买盘
1439,13:53:51,11.29,0.01,18,20322,买盘
1440,13:53:58,11.3,0.01,6,6780,买盘
1441,13:54:04,11.3,0.0,5,5650,买盘
1442,13:54:06,11.3,0.0,3,3390,买盘
1443,13:54:09,11.3,0.0,3,3390,买盘
1444,13:54:18,11.3,0.0,1,1130,买盘
1445,13:54:22,11.3,0.0,8,9040,买盘
1446,13:54:25,11.3,0.0,16,18075,买盘
1447,13:54:39,11.3,0.0,1,1130,卖盘
1448,13:54:42,11.32,0.02,16,18112,买盘
1449,13:54:57,11.32,0.0,15,16986,卖盘
1450,13:55:04,11.33,0.01,1,1133,买盘
1451,13:55:06,11.33,0.0,13,14729,买盘
1452,13:55:09,11.33,0.0,6,6798,卖盘
1453,13:55:33,11.34,0.01,15,17010,买盘
1454,13:55:36,11.33,-0.01,25,28345,卖盘
1455,13:55:39,11.34,0.01,4,4535,买盘
1456,13:55:48,11.32,-0.02,82,92824,卖盘
1457,13:55:51,11.32,0.0,30,33960,卖盘
1458,13:55:54,11.33,0.01,6,6798,买盘
1459,13:56:00,11.32,-0.01,19,21520,卖盘
1460,13:56:09,11.32,0.0,11,12452,卖盘
1461,13:56:18,11.32,0.0,40,45280,卖盘
1462,13:56:27,11.29,-0.03,11,12426,卖盘
1463,13:56:36,11.28,-0.01,11,12408,卖盘
1464,13:56:39,11.28,0.0,17,19176,卖盘
1465,13:56:45,11.27,-0.01,5,5635,卖盘
1466,13:56:48,11.29,0.02,30,33847,买盘
1467,13:56:51,11.27,-0.02,4,4508,卖盘
1468,13:56:54,11.27,0.0,10,11270,卖盘
1469,13:57:01,11.27,0.0,25,28183,卖盘
1470,13:57:10,11.29,0.02,1,1129,买盘
1471,13:57:18,11.28,-0.01,15,16920,卖盘
1472,13:57:27,11.28,0.0,73,82344,卖盘
1473,13:57:36,11.28,0.0,55,61990,买盘
1474,13:57:40,11.27,-0.01,12,13524,卖盘
1475,13:57:42,11.27,0.0,33,36853,卖盘
1476,13:57:58,11.26,-0.01,7,7883,卖盘
1477,13:58:00,11.26,0.0,8,9010,卖盘
1478,13:58:12,11.26,0.0,16,18016,卖盘
1479,13:58:15,11.27,0.01,17,19497,买盘
1480,13:58:18,11.27,0.0,14,15778,卖盘
1481,13:58:30,11.28,0.01,1,1128,买盘
1482,13:58:33,11.27,-0.01,9,9805,卖盘
1483,13:58:36,11.26,-0.01,15,16890,卖盘
1484,13:58:46,11.27,0.01,2,2254,买盘
1485,13:58:48,11.26,-0.01,11,12386,卖盘
1486,13:58:54,11.26,0.0,2,2252,买盘
1487,13:58:57,11.27,0.01,28,31894,买盘
1488,13:59:04,11.27,0.0,64,71790,卖盘
1489,13:59:09,11.26,-0.01,2,2252,卖盘
1490,13:59:18,11.26,0.0,29,32654,卖盘
1491,13:59:21,11.26,0.0,10,11260,卖盘
1492,13:59:25,11.26,0.0,16,18016,卖盘
1493,13:59:28,11.26,0.0,7,7882,卖盘
1494,13:59:33,11.25,-0.01,21,23626,卖盘
1495,13:59:36,11.25,0.0,3,3375,卖盘
1496,13:59:42,11.26,0.01,1,1126,买盘
1497,13:59:51,11.26,0.0,11,12386,买盘
1498,13:59:54,11.25,-0.01,3,3375,卖盘
1499,13:59:57,11.25,0.0,15,16875,卖盘
1500,14:00:06,11.25,0.0,58,65250,卖盘
1501,14:00:13,11.25,0.0,23,25875,买盘
1502,14:00:24,11.24,-0.01,43,48342,卖盘
1503,14:00:27,11.24,0.0,2,2248,卖盘
1504,14:00:30,11.24,0.0,23,25852,卖盘
1505,14:00:33,11.24,0.0,2,2248,卖盘
1506,14:00:42,11.23,-0.01,17,19100,卖盘
1507,14:00:45,11.25,0.02,10,11242,买盘
1508,14:00:48,11.23,-0.02,16,17975,卖盘
1509,14:00:54,11.23,0.0,48,53913,卖盘
1510,14:00:57,11.23,0.0,5,5615,买盘
1511,14:01:00,11.23,0.0,35,39305,买盘
1512,14:01:12,11.23,0.0,51,57273,买盘
1513,14:01:15,11.22,-0.01,7,7854,卖盘
1514,14:01:21,11.22,0.0,50,56100,卖盘
1515,14:01:28,11.22,0.0,2,2244,卖盘
1516,14:01:30,11.22,0.0,46,51622,卖盘
1517,14:01:33,11.22,0.0,17,19074,卖盘
1518,14:01:36,11.23,0.01,10,11230,买盘
1519,14:01:39,11.23,0.0,9,10107,买盘
1520,14:01:46,11.23,0.0,6,6738,买盘
1521,14:01:48,11.23,0.0,161,180748,买盘
1522,14:01:52,11.23,0.0,38,43011,买盘
1523,14:01:54,11.23,0.0,1,1123,卖盘
1524,14:02:00,11.24,0.01,41,46084,卖盘
1525,14:02:04,11.25,0.01,12,13500,买盘
1526,14:02:15,11.26,0.01,5,5630,买盘
1527,14:02:21,11.25,-0.01,5,5625,卖盘
1528,14:02:24,11.26,0.01,3,3378,买盘
1529,14:02:27,11.25,-0.01,22,24750,卖盘
1530,14:02:30,11.25,0.0,5,5625,买盘
1531,14:02:33,11.25,0.0,11,12375,买盘
1532,14:02:36,11.25,0.0,2,2250,买盘
1533,14:02:51,11.25,0.0,1,1125,卖盘
1534,14:02:58,11.26,0.01,6,6756,买盘
1535,14:03:24,11.27,0.01,27,30429,买盘
1536,14:03:33,11.27,0.0,2,2254,买盘
1537,14:03:36,11.26,-0.01,1,1126,卖盘
1538,14:03:39,11.27,0.01,5,5635,买盘
1539,14:03:54,11.27,0.0,76,85652,买盘
1540,14:03:57,11.27,0.0,11,12397,买盘
1541,14:04:04,11.27,0.0,7,7889,买盘
1542,14:04:06,11.27,0.0,39,43953,买盘
1543,14:04:09,11.27,0.0,3,3381,买盘
1544,14:04:28,11.3,0.03,40,45190,买盘
1545,14:04:33,11.28,-0.02,2,2256,卖盘
1546,14:04:39,11.28,0.0,5,5640,买盘
1547,14:04:54,11.28,0.0,5,5640,买盘
1548,14:04:57,11.28,0.0,6,6768,买盘
1549,14:05:04,11.28,0.0,16,18034,买盘
1550,14:05:12,11.28,0.0,11,12408,卖盘
1551,14:05:18,11.3,0.02,5,5650,买盘
1552,14:05:21,11.3,0.0,5,5650,买盘
1553,14:05:42,11.3,0.0,45,50850,买盘
1554,14:05:48,11.32,0.02,4,4528,买盘
1555,14:05:54,11.32,0.0,2,2264,买盘
1556,14:06:04,11.32,0.0,5,5660,卖盘
1557,14:06:09,11.32,0.0,3,3396,买盘
1558,14:06:12,11.32,0.0,4,4524,买盘
1559,14:06:16,11.3,-0.02,2,2260,卖盘
1560,14:06:21,11.3,0.0,3,3390,卖盘
1561,14:06:28,11.3,0.0,5,5650,卖盘
1562,14:06:31,11.3,0.0,10,11300,卖盘
1563,14:06:34,11.3,0.0,4,4520,卖盘
1564,14:06:39,11.3,0.0,2,2260,卖盘
1565,14:06:42,11.3,0.0,2,2260,卖盘
1566,14:06:48,11.29,-0.01,1,1129,卖盘
1567,14:06:51,11.28,-0.01,3,3384,卖盘
1568,14:06:58,11.28,0.0,40,45128,卖盘
1569,14:07:12,11.27,-0.01,11,12398,卖盘
1570,14:07:18,11.27,0.0,6,6762,买盘
1571,14:07:21,11.26,-0.01,9,10135,卖盘
1572,14:07:24,11.26,0.0,15,16898,卖盘
1573,14:07:27,11.26,0.0,18,20268,卖盘
1574,14:07:33,11.25,-0.01,2,2250,卖盘
1575,14:07:39,11.25,0.0,38,42750,卖盘
1576,14:07:42,11.25,0.0,25,28125,卖盘
1577,14:07:45,11.25,0.0,9,10125,买盘
1578,14:07:49,11.25,0.0,3,3375,买盘
1579,14:08:00,11.24,-0.01,3,3372,卖盘
1580,14:08:04,11.25,0.01,10,11250,买盘
1581,14:08:06,11.24,-0.01,5,5620,卖盘
1582,14:08:16,11.24,0.0,16,17984,卖盘
1583,14:08:19,11.24,0.0,5,5620,买盘
1584,14:08:24,11.23,-0.01,5,5616,卖盘
1585,14:08:30,11.24,0.01,59,66266,买盘
1586,14:08:33,11.23,-0.01,11,12354,卖盘
1587,14:08:39,11.24,0.01,4,4496,买盘
1588,14:08:42,11.24,0.0,9,10116,买盘
1589,14:08:45,11.24,0.0,1,1124,买盘
1590,14:08:52,11.24,0.0,5,5620,买盘
1591,14:08:55,11.24,0.0,1,1124,买盘
1592,14:08:58,11.24,0.0,27,30348,买盘
1593,14:09:09,11.24,0.0,14,15736,卖盘
1594,14:09:13,11.24,0.0,5,5620,卖盘
1595,14:09:18,11.24,0.0,8,8992,卖盘
1596,14:09:21,11.24,0.0,4,4496,买盘
1597,14:09:24,11.24,0.0,4,4496,买盘
1598,14:09:27,11.25,0.01,1,1125,买盘
1599,14:09:33,11.24,-0.01,45,50580,卖盘
1600,14:09:45,11.24,0.0,11,12364,卖盘
1601,14:09:51,11.24,0.0,17,19108,卖盘
1602,14:09:54,11.25,0.01,5,5625,买盘
1603,14:09:57,11.25,0.0,3,3375,卖盘
1604,14:10:00,11.25,0.0,9,10123,买盘
1605,14:10:09,11.25,0.0,7,7869,买盘
1606,14:10:21,11.26,0.01,10,11260,买盘
1607,14:10:27,11.25,-0.01,1,1125,卖盘
1608,14:10:42,11.26,0.01,1,1126,买盘
1609,14:11:21,11.26,0.0,5,5630,买盘
1610,14:11:30,11.26,0.0,2,2252,买盘
1611,14:11:33,11.25,-0.01,8,9000,卖盘
1612,14:11:37,11.25,0.0,2,2250,买盘
1613,14:11:43,11.25,0.0,5,5625,买盘
1614,14:11:51,11.26,0.01,53,59678,买盘
1615,14:12:00,11.26,0.0,6,6756,卖盘
1616,14:12:04,11.25,-0.01,22,24759,卖盘
1617,14:12:09,11.25,0.0,2,2250,买盘
1618,14:12:13,11.25,0.0,2,2250,买盘
1619,14:12:19,11.23,-0.02,300,337017,卖盘
1620,14:12:30,11.25,0.02,5,5627,卖盘
1621,14:12:33,11.25,0.0,7,7875,卖盘
1622,14:12:39,11.25,0.0,5,5625,卖盘
1623,14:12:52,11.23,-0.02,20,22473,卖盘
1624,14:12:58,11.23,0.0,29,32567,买盘
1625,14:13:01,11.23,0.0,10,11230,卖盘
1626,14:13:18,11.23,0.0,4,4492,中性盘
1627,14:13:21,11.23,0.0,3,3369,买盘
1628,14:13:24,11.23,0.0,6,6738,买盘
1629,14:13:30,11.23,0.0,34,38182,买盘
1630,14:13:42,11.23,0.0,4,4492,卖盘
1631,14:13:45,11.23,0.0,10,11230,卖盘
1632,14:13:51,11.22,-0.01,232,260460,卖盘
1633,14:13:54,11.22,0.0,2,2244,卖盘
1634,14:13:58,11.23,0.01,12,13465,买盘
1635,14:14:04,11.23,0.0,10,11230,买盘
1636,14:14:09,11.23,0.0,18,20214,买盘
1637,14:14:12,11.23,0.0,32,35912,卖盘
1638,14:14:16,11.22,-0.01,50,56105,卖盘
1639,14:14:21,11.23,0.01,59,66257,买盘
1640,14:14:24,11.23,0.0,9,10107,卖盘
1641,14:14:33,11.23,0.0,2,2246,卖盘
1642,14:14:45,11.23,0.0,1,1123,卖盘
1643,14:15:00,11.23,0.0,2,2246,卖盘
1644,14:15:04,11.25,0.02,1,1125,买盘
1645,14:15:15,11.25,0.0,18,20240,买盘
1646,14:15:21,11.25,0.0,1,1125,买盘
1647,14:15:25,11.23,-0.02,9,10107,卖盘
1648,14:15:28,11.24,0.01,4,4496,买盘
1649,14:15:48,11.24,0.0,3,3372,买盘
1650,14:15:51,11.23,-0.01,2,2246,卖盘
1651,14:15:54,11.23,0.0,3,3369,卖盘
1652,14:16:00,11.24,0.01,5,5620,买盘
1653,14:16:03,11.25,0.01,6,6746,买盘
1654,14:16:06,11.24,-0.01,2,2248,卖盘
1655,14:16:12,11.24,0.0,1,1124,买盘
1656,14:16:22,11.23,-0.01,2,2246,卖盘
1657,14:16:30,11.24,0.01,12,13488,买盘
1658,14:16:39,11.24,0.0,2,2248,买盘
1659,14:16:48,11.25,0.01,13,14624,买盘
1660,14:16:57,11.24,-0.01,2,2248,卖盘
1661,14:17:03,11.25,0.01,7,7875,买盘
1662,14:17:16,11.24,-0.01,10,11240,卖盘
1663,14:17:19,11.24,0.0,30,33720,卖盘
1664,14:17:24,11.24,0.0,1,1124,买盘
1665,14:17:27,11.23,-0.01,16,17978,卖盘
1666,14:17:30,11.24,0.01,1,1124,买盘
1667,14:17:36,11.24,0.0,6,6744,买盘
1668,14:17:42,11.24,0.0,5,5620,卖盘
1669,14:17:45,11.24,0.0,17,19108,卖盘
1670,14:17:48,11.24,0.0,14,15737,卖盘
1671,14:17:51,11.24,0.0,5,5620,买盘
1672,14:18:04,11.24,0.0,111,124664,买盘
1673,14:18:09,11.23,-0.01,5,5615,卖盘
1674,14:18:16,11.24,0.01,6,6744,买盘
1675,14:18:19,11.24,0.0,10,11240,买盘
1676,14:18:25,11.24,0.0,3,3372,买盘
1677,14:18:27,11.23,-0.01,12,13476,卖盘
1678,14:18:30,11.24,0.01,3,3372,买盘
1679,14:18:42,11.24,0.0,5,5620,买盘
1680,14:18:45,11.24,0.0,5,5620,买盘
1681,14:18:54,11.25,0.01,5,5625,买盘
1682,14:18:57,11.25,0.0,1,1125,买盘
1683,14:19:00,11.25,0.0,1,1125,买盘
1684,14:19:04,11.25,0.0,7,7875,买盘
1685,14:19:12,11.24,-0.01,7,7868,卖盘
1686,14:19:15,11.25,0.01,2,2250,买盘
1687,14:19:27,11.25,0.0,12,13500,买盘
1688,14:19:36,11.24,-0.01,7,7868,卖盘
1689,14:19:39,11.24,0.0,10,11240,卖盘
1690,14:19:45,11.25,0.01,6,6750,买盘
1691,14:19:48,11.25,0.0,10,11250,买盘
1692,14:20:00,11.24,-0.01,19,21356,卖盘
1693,14:20:04,11.24,0.0,14,15736,卖盘
1694,14:20:15,11.24,0.0,19,21356,卖盘
1695,14:20:36,11.23,-0.01,30,33691,卖盘
1696,14:20:40,11.23,0.0,41,46043,卖盘
1697,14:20:45,11.24,0.01,50,56200,买盘
1698,14:20:57,11.23,-0.01,75,84225,卖盘
1699,14:21:06,11.23,0.0,4,4492,买盘
1700,14:21:09,11.23,0.0,2,2246,买盘
1701,14:21:12,11.23,0.0,2,2246,买盘
1702,14:21:18,11.22,-0.01,48,53897,卖盘
1703,14:21:21,11.23,0.01,52,58396,买盘
1704,14:21:27,11.23,0.0,8,8984,买盘
1705,14:21:36,11.23,0.0,13,14599,卖盘
1706,14:21:39,11.23,0.0,10,11230,买盘
1707,14:21:42,11.23,0.0,1,1123,买盘
1708,14:21:54,11.23,0.0,1,1123,买盘
1709,14:21:57,11.23,0.0,43,48289,买盘
1710,14:22:04,11.23,0.0,7,7861,买盘
1711,14:22:06,11.23,0.0,15,16845,买盘
1712,14:22:09,11.23,0.0,10,11230,买盘
1713,14:22:12,11.23,0.0,20,22460,买盘
1714,14:22:15,11.23,0.0,21,23583,买盘
1715,14:22:18,11.22,-0.01,64,71869,卖盘
1716,14:22:24,11.23,0.01,1,1123,买盘
1717,14:22:27,11.23,0.0,1,1123,买盘
1718,14:22:30,11.22,-0.01,6,6732,卖盘
1719,14:22:33,11.23,0.01,2,2246,买盘
1720,14:22:36,11.22,-0.01,3,3366,卖盘
1721,14:22:42,11.23,0.01,24,26952,买盘
1722,14:22:45,11.23,0.0,13,14599,买盘
1723,14:22:54,11.23,0.0,16,17953,买盘
1724,14:23:00,11.23,0.0,6,6738,买盘
1725,14:23:04,11.23,0.0,1,1123,买盘
1726,14:23:06,11.24,0.01,9,10111,买盘
1727,14:23:09,11.22,-0.02,173,194117,卖盘
1728,14:23:15,11.22,0.0,4,4488,卖盘
1729,14:23:21,11.23,0.01,3,3369,卖盘
1730,14:23:30,11.23,0.0,7,7861,卖盘
1731,14:23:39,11.23,0.0,10,11230,买盘
1732,14:23:42,11.23,0.0,5,5615,买盘
1733,14:23:48,11.23,0.0,21,23573,卖盘
1734,14:23:51,11.23,0.0,11,12359,卖盘
1735,14:23:54,11.23,0.0,1,1123,买盘
1736,14:24:03,11.23,0.0,15,16845,买盘
1737,14:24:06,11.22,-0.01,30,33684,卖盘
1738,14:24:15,11.22,0.0,85,95370,卖盘
1739,14:24:24,11.24,0.02,10,11240,买盘
1740,14:24:31,11.24,0.0,2,2248,卖盘
1741,14:24:40,11.24,0.0,10,11240,买盘
1742,14:24:43,11.24,0.0,4,4496,买盘
1743,14:24:48,11.24,0.0,1,1124,卖盘
1744,14:24:57,11.24,0.0,10,11241,卖盘
1745,14:25:00,11.25,0.01,31,34864,买盘
1746,14:25:04,11.25,0.0,7,7875,买盘
1747,14:25:09,11.24,-0.01,6,6744,卖盘
1748,14:25:24,11.25,0.01,2,2250,买盘
1749,14:25:27,11.24,-0.01,1,1124,卖盘
1750,14:25:30,11.25,0.01,1,1125,买盘
1751,14:25:39,11.25,0.0,109,122625,买盘
1752,14:25:48,11.26,0.01,2,2252,买盘
1753,14:25:51,11.26,0.0,3,3378,买盘
1754,14:26:00,11.27,0.01,2,2254,卖盘
1755,14:26:04,11.27,0.0,7,7889,买盘
1756,14:26:07,11.27,0.0,5,5635,买盘
1757,14:26:15,11.27,0.0,3,3381,买盘
1758,14:26:21,11.26,-0.01,7,7885,卖盘
1759,14:26:24,11.27,0.01,1,1127,买盘
1760,14:26:27,11.27,0.0,10,11270,买盘
1761,14:26:30,11.25,-0.02,161,181230,卖盘
1762,14:26:33,11.25,0.0,76,85500,买盘
1763,14:26:42,11.28,0.03,2,2256,买盘
1764,14:26:51,11.28,0.0,10,11280,买盘
1765,14:26:54,11.28,0.0,5,5640,买盘
1766,14:27:00,11.27,-0.01,10,11270,卖盘
1767,14:27:04,11.28,0.01,1,1128,买盘
1768,14:27:06,11.27,-0.01,10,11270,卖盘
1769,14:27:15,11.28,0.01,6,6763,买盘
1770,14:27:18,11.3,0.02,41,46312,买盘
1771,14:27:24,11.3,0.0,3,3390,买盘
1772,14:27:36,11.28,-0.02,3,3384,卖盘
1773,14:27:39,11.3,0.02,44,49720,买盘
1774,14:28:01,11.3,0.0,13,14692,卖盘
1775,14:28:03,11.3,0.0,7,7910,买盘
1776,14:28:06,11.3,0.0,1,1130,买盘
1777,14:28:15,11.28,-0.02,4,4512,卖盘
1778,14:28:18,11.3,0.02,50,56483,买盘
1779,14:28:27,11.3,0.0,1,1130,买盘
1780,14:28:30,11.3,0.0,3,3390,买盘
1781,14:28:33,11.29,-0.01,12,13548,卖盘
1782,14:28:45,11.3,0.01,1,1130,买盘
1783,14:28:52,11.3,0.0,5,5650,买盘
1784,14:28:57,11.28,-0.02,10,11280,卖盘
1785,14:29:04,11.3,0.02,7,7910,买盘
1786,14:29:09,11.3,0.0,12,13560,买盘
1787,14:29:12,11.28,-0.02,5,5640,卖盘
1788,14:29:33,11.3,0.02,33,37285,买盘
1789,14:29:57,11.3,0.0,5,5650,买盘
1790,14:30:00,11.29,-0.01,8,9032,卖盘
1791,14:30:03,11.29,0.0,23,25967,买盘
1792,14:30:12,11.28,-0.01,21,23688,卖盘
1793,14:30:21,11.28,0.0,20,22560,买盘
1794,14:30:27,11.28,0.0,2,2256,买盘
1795,14:30:36,11.27,-0.01,9,10143,卖盘
1796,14:30:40,11.27,0.0,1,1127,买盘
1797,14:30:51,11.27,0.0,15,16905,买盘
1798,14:30:54,11.26,-0.01,55,61930,卖盘
1799,14:31:18,11.25,-0.01,42,47250,卖盘
1800,14:31:21,11.25,0.0,4,4500,卖盘
1801,14:31:28,11.25,0.0,2,2250,买盘
1802,14:31:46,11.24,-0.01,86,96664,卖盘
1803,14:31:48,11.25,0.01,30,33736,买盘
1804,14:31:54,11.23,-0.02,8,8984,卖盘
1805,14:31:57,11.23,0.0,11,12353,卖盘
1806,14:32:00,11.23,0.0,20,22460,卖盘
1807,14:32:09,11.23,0.0,15,16845,卖盘
1808,14:32:15,11.23,0.0,28,31444,卖盘
1809,14:32:21,11.24,0.01,10,11240,买盘
1810,14:32:30,11.24,0.0,7,7868,买盘
1811,14:32:33,11.24,0.0,2,2248,买盘
1812,14:32:36,11.23,-0.01,28,31444,卖盘
1813,14:32:48,11.23,0.0,3,3370,卖盘
1814,14:32:54,11.24,0.01,13,14612,买盘
1815,14:33:00,11.23,-0.01,3,3369,卖盘
1816,14:33:04,11.24,0.01,7,7868,买盘
1817,14:33:10,11.24,0.0,11,12364,买盘
1818,14:33:12,11.24,0.0,59,66295,买盘
1819,14:33:15,11.23,-0.01,7,7864,卖盘
1820,14:33:21,11.24,0.01,2,2248,买盘
1821,14:33:36,11.24,0.0,22,24728,买盘
1822,14:33:39,11.24,0.0,14,15736,买盘
1823,14:33:42,11.23,-0.01,7,7863,卖盘
1824,14:33:48,11.25,0.02,3,3375,买盘
1825,14:33:51,11.24,-0.01,5,5620,卖盘
1826,14:33:57,11.24,0.0,31,34844,卖盘
1827,14:34:00,11.24,0.0,1,1124,买盘
1828,14:34:04,11.24,0.0,7,7868,买盘
1829,14:34:15,11.23,-0.01,23,25835,卖盘
1830,14:34:18,11.24,0.01,12,13488,买盘
1831,14:34:21,11.24,0.0,4,4496,买盘
1832,14:34:24,11.23,-0.01,3,3369,卖盘
1833,14:34:27,11.24,0.01,1,1124,买盘
1834,14:34:45,11.24,0.0,3,3372,买盘
1835,14:34:48,11.23,-0.01,2,2246,卖盘
1836,14:35:04,11.24,0.01,2,2248,买盘
1837,14:35:06,11.23,-0.01,20,22465,卖盘
1838,14:35:25,11.24,0.01,6,6744,卖盘
1839,14:35:27,11.25,0.01,5,5625,买盘
1840,14:35:33,11.24,-0.01,5,5620,卖盘
1841,14:35:37,11.25,0.01,21,23625,买盘
1842,14:35:45,11.25,0.0,9,10125,卖盘
1843,14:35:49,11.25,0.0,5,5625,买盘
1844,14:35:51,11.25,0.0,9,10125,买盘
1845,14:35:57,11.25,0.0,6,6750,买盘
1846,14:36:04,11.26,0.01,7,7882,买盘
1847,14:36:13,11.25,-0.01,1,1125,卖盘
1848,14:36:34,11.26,0.01,9,10134,买盘
1849,14:37:04,11.26,0.0,13,14635,买盘
1850,14:37:06,11.26,0.0,3,3378,买盘
1851,14:37:09,11.25,-0.01,5,5625,卖盘
1852,14:37:15,11.26,0.01,7,7882,买盘
1853,14:37:30,11.25,-0.01,36,40500,卖盘
1854,14:37:36,11.26,0.01,108,121596,买盘
1855,14:37:39,11.26,0.0,36,40536,卖盘
1856,14:37:42,11.27,0.01,1,1127,买盘
1857,14:37:54,11.21,-0.06,880,987943,卖盘
1858,14:38:06,11.22,0.01,4,4488,卖盘
1859,14:38:09,11.22,0.0,10,11220,卖盘
1860,14:38:12,11.22,0.0,13,14586,卖盘
1861,14:38:16,11.22,0.0,6,6732,卖盘
1862,14:38:24,11.22,0.0,26,29172,卖盘
1863,14:38:30,11.22,0.0,20,22440,卖盘
1864,14:38:36,11.22,0.0,34,38148,卖盘
1865,14:38:42,11.25,0.03,9,10107,买盘
1866,14:38:45,11.22,-0.03,28,31416,卖盘
1867,14:38:49,11.22,0.0,27,30294,卖盘
1868,14:38:51,11.22,0.0,33,37026,买盘
1869,14:38:54,11.22,0.0,10,11229,卖盘
1870,14:38:57,11.24,0.02,10,11240,买盘
1871,14:39:00,11.22,-0.02,46,51632,卖盘
1872,14:39:06,11.22,0.0,20,22448,卖盘
1873,14:39:15,11.21,-0.01,18,20180,卖盘
1874,14:39:22,11.21,0.0,5,5609,卖盘
1875,14:39:28,11.21,0.0,113,126673,卖盘
1876,14:39:30,11.21,0.0,55,61655,卖盘
1877,14:39:33,11.2,-0.01,537,601972,卖盘
1878,14:39:46,11.2,0.0,200,224000,卖盘
1879,14:39:49,11.2,0.0,294,329340,卖盘
1880,14:39:54,11.2,0.0,57,63840,卖盘
1881,14:39:58,11.21,0.01,35,39205,买盘
1882,14:40:00,11.2,-0.01,10,11200,卖盘
1883,14:40:04,11.2,0.0,25,28000,卖盘
1884,14:40:06,11.21,0.01,43,48203,买盘
1885,14:40:09,11.2,-0.01,126,141125,卖盘
1886,14:40:13,11.2,0.0,77,86240,卖盘
1887,14:40:16,11.2,0.0,11,12320,卖盘
1888,14:40:19,11.2,0.0,86,96346,卖盘
1889,14:40:21,11.2,0.0,9,10080,卖盘
1890,14:40:25,11.2,0.0,13,14560,卖盘
1891,14:40:27,11.21,0.01,31,34721,买盘
1892,14:40:30,11.2,-0.01,173,193760,卖盘
1893,14:40:40,11.18,-0.02,22,24596,卖盘
1894,14:40:42,11.18,0.0,41,45860,卖盘
1895,14:40:45,11.19,0.01,11,12309,中性盘
1896,14:40:49,11.18,-0.01,81,90558,卖盘
1897,14:40:51,11.18,0.0,65,72670,卖盘
1898,14:40:54,11.18,0.0,12,13416,卖盘
1899,14:41:01,11.18,0.0,2,2236,买盘
1900,14:41:04,11.17,-0.01,26,29042,卖盘
1901,14:41:07,11.17,0.0,29,32393,买盘
1902,14:41:10,11.17,0.0,164,183123,卖盘
1903,14:41:13,11.17,0.0,5,5585,买盘
1904,14:41:16,11.16,-0.01,4,4464,卖盘
1905,14:41:18,11.16,0.0,44,49104,卖盘
1906,14:41:21,11.17,0.01,20,22340,买盘
1907,14:41:25,11.17,0.0,23,25691,买盘
1908,14:41:27,11.17,0.0,13,14521,卖盘
1909,14:41:34,11.18,0.01,115,128476,买盘
1910,14:41:36,11.17,-0.01,103,115101,卖盘
1911,14:41:40,11.17,0.0,23,25691,卖盘
1912,14:41:43,11.18,0.01,1,1118,中性盘
1913,14:41:45,11.19,0.01,174,194657,买盘
1914,14:41:48,11.18,-0.01,20,22360,卖盘
1915,14:41:57,11.18,0.0,81,90558,卖盘
1916,14:42:04,11.18,0.0,44,49192,卖盘
1917,14:42:06,11.18,0.0,30,33540,买盘
1918,14:42:09,11.17,-0.01,27,30159,卖盘
1919,14:42:12,11.18,0.01,37,41366,买盘
1920,14:42:21,11.18,0.0,17,19006,卖盘
1921,14:42:24,11.18,0.0,1,1118,买盘
1922,14:42:27,11.18,0.0,6,6708,卖盘
1923,14:42:31,11.18,0.0,5,5587,买盘
1924,14:42:33,11.18,0.0,2,2236,买盘
1925,14:42:40,11.17,-0.01,5,5585,卖盘
1926,14:42:43,11.18,0.01,15,16760,买盘
1927,14:42:46,11.17,-0.01,10,11170,卖盘
1928,14:42:49,11.18,0.01,12,13416,买盘
1929,14:42:55,11.17,-0.01,50,55850,卖盘
1930,14:42:58,11.18,0.01,1,1118,买盘
1931,14:43:04,11.18,0.0,7,7826,买盘
1932,14:43:07,11.18,0.0,7,7826,买盘
1933,14:43:15,11.17,-0.01,46,51383,卖盘
1934,14:43:22,11.17,0.0,6,6702,卖盘
1935,14:43:25,11.17,0.0,22,24574,卖盘
1936,14:43:34,11.18,0.01,28,31292,买盘
1937,14:43:37,11.17,-0.01,8,8936,卖盘
1938,14:43:39,11.18,0.01,5,5590,买盘
1939,14:43:42,11.16,-0.02,30,33507,卖盘
1940,14:43:46,11.17,0.01,40,44680,买盘
1941,14:43:49,11.17,0.0,12,13404,买盘
1942,14:43:55,11.17,0.0,5,5585,买盘
1943,14:43:58,11.17,0.0,118,131707,买盘
1944,14:44:01,11.16,-0.01,1,1116,中性盘
1945,14:44:04,11.17,0.01,165,184286,买盘
1946,14:44:12,11.17,0.0,25,27925,卖盘
1947,14:44:16,11.17,0.0,4,4468,卖盘
1948,14:44:18,11.17,0.0,2,2234,卖盘
1949,14:44:21,11.17,0.0,18,20106,卖盘
1950,14:44:24,11.18,0.01,4,4471,买盘
1951,14:44:30,11.18,0.0,21,23477,买盘
1952,14:44:33,11.18,0.0,1,1118,买盘
1953,14:44:36,11.17,-0.01,10,11170,卖盘
1954,14:44:40,11.17,0.0,6,6702,卖盘
1955,14:44:42,11.17,0.0,49,54733,卖盘
1956,14:44:45,11.17,0.0,4,4468,买盘
1957,14:44:48,11.16,-0.01,18,20088,卖盘
1958,14:44:51,11.16,0.0,13,14508,卖盘
1959,14:45:04,11.16,0.0,1,1116,卖盘
1960,14:45:06,11.17,0.01,8,8936,买盘
1961,14:45:09,11.16,-0.01,70,78120,卖盘
1962,14:45:13,11.17,0.01,47,52486,买盘
1963,14:45:15,11.17,0.0,14,15638,买盘
1964,14:45:21,11.17,0.0,145,161965,买盘
1965,14:45:24,11.17,0.0,58,64786,卖盘
1966,14:45:27,11.17,0.0,15,16755,卖盘
1967,14:45:31,11.18,0.01,14,15652,买盘
1968,14:45:34,11.18,0.0,50,55900,买盘
1969,14:45:37,11.18,0.0,20,22360,买盘
1970,14:45:40,11.18,0.0,20,22360,买盘
1971,14:45:43,11.19,0.01,2,2238,买盘
1972,14:45:46,11.19,0.0,1,1119,买盘
1973,14:45:49,11.19,0.0,11,12309,买盘
1974,14:46:00,11.19,0.0,18,20142,买盘
1975,14:46:04,11.2,0.01,7,7840,买盘
1976,14:46:10,11.19,-0.01,35,39165,卖盘
1977,14:46:15,11.19,0.0,8,8952,买盘
1978,14:46:18,11.19,0.0,2,2238,买盘
1979,14:46:21,11.19,0.0,16,17899,中性盘
1980,14:46:37,11.19,0.0,5,5595,卖盘
1981,14:46:39,11.19,0.0,2,2238,买盘
1982,14:46:51,11.18,-0.01,16,17903,卖盘
1983,14:46:54,11.19,0.01,15,16785,买盘
1984,14:46:58,11.19,0.0,5,5595,买盘
1985,14:47:04,11.19,0.0,6,6714,买盘
1986,14:47:13,11.19,0.0,7,7833,买盘
1987,14:47:16,11.19,0.0,30,33570,买盘
1988,14:47:19,11.19,0.0,19,21246,买盘
1989,14:47:37,11.18,-0.01,43,48074,卖盘
1990,14:47:40,11.18,0.0,80,89366,买盘
1991,14:47:52,11.18,0.0,1,1118,买盘
1992,14:47:54,11.18,0.0,10,11180,买盘
1993,14:47:58,11.18,0.0,3,3354,买盘
1994,14:48:00,11.18,0.0,41,45838,买盘
1995,14:48:07,11.17,-0.01,29,32393,卖盘
1996,14:48:10,11.17,0.0,4,4468,卖盘
1997,14:48:13,11.17,0.0,219,244623,卖盘
1998,14:48:16,11.17,0.0,37,41329,卖盘
1999,14:48:25,11.17,0.0,1,1117,买盘
2000,14:48:28,11.16,-0.01,131,146267,卖盘
2001,14:48:34,11.16,0.0,16,17869,卖盘
2002,14:48:36,11.16,0.0,10,11160,买盘
2003,14:48:39,11.16,0.0,15,16740,买盘
2004,14:48:42,11.15,-0.01,18,20072,卖盘
2005,14:48:46,11.16,0.01,14,15611,中性盘
2006,14:48:52,11.17,0.01,10,11170,买盘
2007,14:49:00,11.16,-0.01,3,3348,卖盘
2008,14:49:10,11.16,0.0,13,14510,卖盘
2009,14:49:22,11.16,0.0,20,22320,买盘
2010,14:49:24,11.16,0.0,11,12276,买盘
2011,14:49:27,11.16,0.0,54,60262,买盘
2012,14:49:34,11.16,0.0,10,11160,卖盘
2013,14:49:36,11.16,0.0,19,21204,卖盘
2014,14:49:43,11.16,0.0,1,1116,卖盘
2015,14:49:45,11.17,0.01,221,246857,买盘
2016,14:49:51,11.17,0.0,10,11170,卖盘
2017,14:49:58,11.17,0.0,15,16755,卖盘
2018,14:50:04,11.18,0.01,16,17888,买盘
2019,14:50:06,11.18,0.0,5,5590,买盘
2020,14:50:09,11.17,-0.01,166,185422,卖盘
2021,14:50:13,11.17,0.0,6,6702,卖盘
2022,14:50:15,11.18,0.01,10,11180,买盘
2023,14:50:19,11.17,-0.01,70,78190,卖盘
2024,14:50:21,11.17,0.0,6,6702,卖盘
2025,14:50:28,11.17,0.0,4,4468,买盘
2026,14:50:31,11.17,0.0,4,4468,卖盘
2027,14:50:34,11.17,0.0,2,2234,卖盘
2028,14:50:36,11.17,0.0,15,16755,卖盘
2029,14:50:40,11.17,0.0,49,54733,卖盘
2030,14:50:43,11.17,0.0,10,11170,买盘
2031,14:50:49,11.17,0.0,30,33505,买盘
2032,14:50:52,11.16,-0.01,65,72546,卖盘
2033,14:50:54,11.17,0.01,25,27925,卖盘
2034,14:50:57,11.17,0.0,34,37978,卖盘
2035,14:51:00,11.17,0.0,348,389221,卖盘
2036,14:51:10,11.17,0.0,8,8946,卖盘
2037,14:51:16,11.17,0.0,48,53616,卖盘
2038,14:51:18,11.19,0.02,10,11180,买盘
2039,14:51:22,11.18,-0.01,1,1118,中性盘
2040,14:51:25,11.18,0.0,15,16764,买盘
2041,14:51:31,11.17,-0.01,130,145345,卖盘
2042,14:51:34,11.18,0.01,2,2236,中性盘
2043,14:51:36,11.18,0.0,11,12298,买盘
2044,14:51:39,11.18,0.0,5,5590,买盘
2045,14:51:42,11.18,0.0,4,4472,买盘
2046,14:51:45,11.18,0.0,11,12298,买盘
2047,14:51:52,11.18,0.0,17,19008,卖盘
2048,14:51:57,11.18,0.0,15,16770,买盘
2049,14:52:00,11.18,0.0,10,11180,买盘
2050,14:52:04,11.18,0.0,6,6708,买盘
2051,14:52:16,11.18,0.0,30,33540,买盘
2052,14:52:22,11.17,-0.01,45,50307,卖盘
2053,14:52:25,11.18,0.01,8,8944,买盘
2054,14:52:31,11.18,0.0,10,11180,买盘
2055,14:52:34,11.17,-0.01,16,17877,卖盘
2056,14:52:36,11.18,0.01,26,29068,买盘
2057,14:52:40,11.17,-0.01,103,115112,卖盘
2058,14:52:42,11.17,0.0,7,7819,卖盘
2059,14:52:49,11.18,0.01,78,87186,买盘
2060,14:52:52,11.17,-0.01,20,22340,卖盘
2061,14:52:55,11.17,0.0,50,55850,卖盘
2062,14:52:58,11.18,0.01,34,38004,买盘
2063,14:53:09,11.17,-0.01,7,7819,卖盘
2064,14:53:13,11.18,0.01,1,1118,买盘
2065,14:53:16,11.17,-0.01,8,8936,卖盘
2066,14:53:18,11.18,0.01,1,1118,买盘
2067,14:53:22,11.17,-0.01,20,22345,卖盘
2068,14:53:27,11.18,0.01,7,7826,买盘
2069,14:53:34,11.17,-0.01,33,36879,卖盘
2070,14:53:37,11.18,0.01,4,4469,买盘
2071,14:53:40,11.18,0.0,43,48074,买盘
2072,14:53:42,11.18,0.0,43,48034,买盘
2073,14:53:49,11.17,-0.01,46,51382,卖盘
2074,14:53:52,11.17,0.0,219,244623,卖盘
2075,14:53:55,11.17,0.0,38,42450,卖盘
2076,14:53:58,11.17,0.0,32,35748,卖盘
2077,14:54:01,11.18,0.01,12,13406,买盘
2078,14:54:04,11.17,-0.01,10,11170,卖盘
2079,14:54:07,11.17,0.0,7,7819,卖盘
2080,14:54:10,11.16,-0.01,273,304668,卖盘
2081,14:54:13,11.17,0.01,30,33484,买盘
2082,14:54:16,11.17,0.0,42,46881,买盘
2083,14:54:22,11.15,-0.02,113,125995,卖盘
2084,14:54:28,11.15,0.0,136,151647,卖盘
2085,14:54:30,11.15,0.0,58,64702,卖盘
2086,14:54:33,11.16,0.01,11,12276,卖盘
2087,14:54:37,11.16,0.0,66,73655,买盘
2088,14:54:43,11.15,-0.01,34,37942,卖盘
2089,14:54:46,11.16,0.01,6,6696,买盘
2090,14:54:49,11.16,0.0,61,68076,买盘
2091,14:54:52,11.16,0.0,97,108162,买盘
2092,14:54:58,11.16,0.0,2,2232,买盘
2093,14:55:01,11.15,-0.01,7,7810,卖盘
2094,14:55:07,11.16,0.01,62,69135,买盘
2095,14:55:10,11.15,-0.01,216,240840,卖盘
2096,14:55:12,11.15,0.0,24,26760,卖盘
2097,14:55:16,11.15,0.0,50,55770,卖盘
2098,14:55:19,11.16,0.01,33,36800,买盘
2099,14:55:22,11.15,-0.01,4,4460,卖盘
2100,14:55:25,11.13,-0.02,25,27851,卖盘
2101,14:55:28,11.15,0.02,4,4460,卖盘
2102,14:55:30,11.16,0.01,31,34566,买盘
2103,14:55:34,11.15,-0.01,34,37910,买盘
2104,14:55:37,11.15,0.0,1,1115,买盘
2105,14:55:40,11.15,0.0,29,32335,买盘
2106,14:55:46,11.15,0.0,1,1115,中性盘
2107,14:55:49,11.11,-0.04,81,90101,卖盘
2108,14:56:04,11.13,0.02,5,5565,卖盘
2109,14:56:13,11.13,0.0,8,8896,买盘
2110,14:56:15,11.13,0.0,68,75645,买盘
2111,14:56:18,11.13,0.0,3,3339,买盘
2112,14:56:21,11.11,-0.02,7,7777,卖盘
2113,14:56:25,11.13,0.02,238,264466,买盘
2114,14:56:28,11.1,-0.03,120,133269,卖盘
2115,14:56:30,11.11,0.01,6,6666,买盘
2116,14:56:34,11.11,0.0,4,4444,买盘
2117,14:56:37,11.1,-0.01,10,11100,卖盘
2118,14:56:40,11.11,0.01,19,21097,买盘
2119,14:56:42,11.11,0.0,42,46632,买盘
2120,14:56:45,11.11,0.0,1,1111,买盘
2121,14:56:49,11.1,-0.01,66,73286,卖盘
2122,14:56:54,11.11,0.01,56,62185,买盘
2123,14:56:58,11.11,0.0,48,53285,买盘
2124,14:57:00,11.1,-0.01,55,61090,中性盘
2125,15:00:04,11.1,0.0,1014,1125540,卖盘
