,time,price,change,volume,amount,type
0,09:25:04,7.03,-0.02,72,50616,卖盘
1,09:30:04,7.0,-0.03,126,88310,卖盘
2,09:30:07,7.03,0.03,44,30830,买盘
3,09:30:30,7.03,0.0,24,16872,买盘
4,09:30:48,7.03,0.0,4,2812,买盘
5,09:31:09,7.03,0.0,20,14060,卖盘
6,09:31:13,7.03,0.0,5,3515,卖盘
7,09:31:15,7.03,0.0,4,2812,卖盘
8,09:31:19,7.03,0.0,4,2812,卖盘
9,09:31:21,7.03,0.0,15,10545,卖盘
10,09:31:25,7.03,0.0,4,2812,卖盘
11,09:31:28,7.03,0.0,16,11251,卖盘
12,09:31:42,7.03,0.0,9,6327,买盘
13,09:31:55,7.01,-0.02,50,35050,卖盘
14,09:32:42,7.02,0.01,5,3510,卖盘
15,09:32:45,7.03,0.01,2,1406,买盘
16,09:33:12,7.03,0.0,42,29526,买盘
17,09:33:27,7.03,0.0,26,18278,买盘
18,09:33:31,7.02,-0.01,15,10530,卖盘
19,09:33:42,7.02,0.0,85,59670,买盘
20,09:33:45,7.02,0.0,1,702,买盘
21,09:33:49,7.02,0.0,18,12636,买盘
22,09:34:13,7.03,0.01,10,7030,买盘
23,09:34:16,7.02,-0.01,5,3510,卖盘
24,09:34:19,7.03,0.01,18,12654,买盘
25,09:34:21,7.03,0.0,1,703,买盘
26,09:34:39,7.03,0.0,30,21090,卖盘
27,09:34:45,7.03,0.0,20,14060,买盘
28,09:34:55,7.03,0.0,5,3515,买盘
29,09:34:57,7.03,0.0,6,4218,买盘
30,09:35:04,7.03,0.0,5,3515,买盘
31,09:35:10,7.03,0.0,6,4218,买盘
32,09:35:12,7.03,0.0,11,7733,买盘
33,09:35:19,7.04,0.01,50,35200,买盘
34,09:35:24,7.03,-0.01,10,7030,卖盘
35,09:35:48,7.04,0.01,5,3520,买盘
36,09:35:51,7.04,0.0,60,42240,买盘
37,09:36:04,7.04,0.0,9,6336,买盘
38,09:36:06,7.04,0.0,1,704,买盘
39,09:36:24,7.05,0.01,20,14100,买盘
40,09:36:36,7.05,0.0,4,2820,买盘
41,09:36:49,7.05,0.0,15,10574,买盘
42,09:36:54,7.06,0.01,85,59941,买盘
43,09:37:09,7.06,0.0,20,14120,买盘
44,09:37:12,7.06,0.0,15,10590,买盘
45,09:37:21,7.06,0.0,10,7060,买盘
46,09:37:30,7.05,-0.01,34,23970,卖盘
47,09:37:48,7.05,0.0,4,2819,买盘
48,09:38:06,7.05,0.0,11,7755,买盘
49,09:38:09,7.04,-0.01,1,704,卖盘
50,09:38:12,7.04,0.0,178,125312,卖盘
51,09:38:15,7.03,-0.01,39,27417,卖盘
52,09:38:18,7.03,0.0,52,36556,卖盘
53,09:38:21,7.02,-0.01,11,7722,卖盘
54,09:38:24,7.03,0.01,14,9838,买盘
55,09:38:33,7.02,-0.01,38,26676,卖盘
56,09:38:36,7.03,0.01,33,23198,买盘
57,09:38:39,7.03,0.0,1,703,卖盘
58,09:38:51,7.02,-0.01,162,113953,卖盘
59,09:39:12,7.01,-0.01,1,701,卖盘
60,09:39:15,7.01,0.0,3,2103,卖盘
61,09:39:30,7.01,0.0,9,6309,卖盘
62,09:39:33,7.01,0.0,12,8412,卖盘
63,09:39:37,7.01,0.0,1,701,卖盘
64,09:39:48,7.01,0.0,15,10515,卖盘
65,09:39:51,7.02,0.01,30,21060,买盘
66,09:39:57,7.01,-0.01,1,701,卖盘
67,09:40:04,7.02,0.01,2,1404,买盘
68,09:40:18,7.02,0.0,10,7020,卖盘
69,09:40:36,7.02,0.0,1,702,卖盘
70,09:40:45,7.01,-0.01,60,42065,卖盘
71,09:40:57,7.01,0.0,30,21030,卖盘
72,09:41:00,7.01,0.0,1,701,卖盘
73,09:41:21,7.01,0.0,1,701,卖盘
74,09:41:39,7.02,0.01,4,2808,买盘
75,09:41:42,7.01,-0.01,1,701,卖盘
76,09:41:54,7.01,0.0,100,70100,卖盘
77,09:42:04,7.01,0.0,1,701,卖盘
78,09:42:21,7.01,0.0,1,701,卖盘
79,09:42:27,7.01,0.0,103,72203,卖盘
80,09:42:48,7.0,-0.01,1,700,卖盘
81,09:43:06,7.0,0.0,1,700,卖盘
82,09:43:18,7.0,0.0,10,7000,卖盘
83,09:43:27,7.0,0.0,11,7700,卖盘
84,09:43:36,7.0,0.0,158,110600,卖盘
85,09:43:39,7.0,0.0,11,7700,卖盘
86,09:43:42,6.99,-0.01,6,4194,卖盘
87,09:43:45,6.99,0.0,1,699,卖盘
88,09:43:48,6.99,0.0,2,1398,卖盘
89,09:44:06,6.99,0.0,1,699,卖盘
90,09:44:09,6.99,0.0,2,1398,卖盘
91,09:44:24,6.99,0.0,22,15378,卖盘
92,09:44:33,6.99,0.0,2,1398,卖盘
93,09:44:45,6.99,0.0,1,699,卖盘
94,09:44:52,6.99,0.0,14,9799,卖盘
95,09:44:54,7.0,0.01,11,7699,买盘
96,09:45:04,7.0,0.0,11,7700,买盘
97,09:45:18,7.0,0.0,28,19600,卖盘
98,09:45:21,7.0,0.0,7,4900,卖盘
99,09:45:27,7.0,0.0,50,35000,买盘
100,09:45:30,7.0,0.0,5,3500,买盘
101,09:45:33,6.99,-0.01,1,699,卖盘
102,09:45:45,6.99,0.0,1,699,卖盘
103,09:45:51,6.99,0.0,42,29358,卖盘
104,09:45:54,6.99,0.0,1,699,卖盘
105,09:45:57,7.0,0.01,2,1400,买盘
106,09:46:03,6.99,-0.01,1,699,卖盘
107,09:46:15,6.99,0.0,1,699,卖盘
108,09:46:24,6.99,0.0,8,5592,卖盘
109,09:46:33,6.99,0.0,45,31455,卖盘
110,09:46:45,6.99,0.0,1,699,卖盘
111,09:46:54,6.99,0.0,1,699,卖盘
112,09:47:04,6.99,0.0,3,2097,卖盘
113,09:47:06,6.99,0.0,2,1398,卖盘
114,09:47:09,6.99,0.0,15,10485,卖盘
115,09:47:12,6.99,0.0,1,699,卖盘
116,09:47:15,6.99,0.0,8,5592,卖盘
117,09:47:18,6.99,0.0,22,15378,卖盘
118,09:47:22,7.01,0.02,67,46900,买盘
119,09:47:33,6.99,-0.02,1,699,卖盘
120,09:47:45,7.0,0.01,2,1399,买盘
121,09:47:48,7.0,0.0,5,3500,卖盘
122,09:47:51,7.0,0.0,5,3500,卖盘
123,09:47:54,7.0,0.0,4,2800,卖盘
124,09:47:57,7.0,0.0,11,7700,卖盘
125,09:48:00,7.0,0.0,11,7700,卖盘
126,09:48:03,7.0,0.0,10,7000,卖盘
127,09:48:06,7.0,0.0,11,7700,卖盘
128,09:48:09,7.0,0.0,48,33600,卖盘
129,09:48:12,7.0,0.0,6,4200,卖盘
130,09:48:15,6.99,-0.01,1,699,卖盘
131,09:48:18,6.99,0.0,2,1398,卖盘
132,09:48:24,6.99,0.0,10,6990,卖盘
133,09:48:30,7.01,0.02,20,14016,买盘
134,09:48:33,6.99,-0.02,1,699,卖盘
135,09:48:36,6.99,0.0,50,34950,卖盘
136,09:48:39,6.99,0.0,2,1398,卖盘
137,09:48:42,6.99,0.0,1,699,卖盘
138,09:48:46,6.99,0.0,1,699,卖盘
139,09:48:54,6.99,0.0,1,699,卖盘
140,09:48:57,6.99,0.0,2,1398,卖盘
141,09:49:00,6.99,0.0,51,35649,卖盘
142,09:49:03,7.0,0.01,16,11195,买盘
143,09:49:09,6.99,-0.01,2,1398,卖盘
144,09:49:12,7.0,0.01,8,5593,买盘
145,09:49:15,6.98,-0.02,1,698,卖盘
146,09:49:24,6.99,0.01,2,1398,卖盘
147,09:49:33,6.99,0.0,2,1397,买盘
148,09:49:54,6.98,-0.01,1,698,卖盘
149,09:50:04,6.98,0.0,1,698,卖盘
150,09:50:15,6.98,0.0,1,698,卖盘
151,09:50:21,6.98,0.0,113,78874,卖盘
152,09:50:24,6.98,0.0,52,36296,卖盘
153,09:50:27,6.98,0.0,72,50256,卖盘
154,09:50:30,6.98,0.0,26,18148,买盘
155,09:50:33,6.98,0.0,1,698,卖盘
156,09:50:36,6.98,0.0,14,9772,卖盘
157,09:50:39,6.98,0.0,20,13960,卖盘
158,09:50:42,6.98,0.0,12,8376,卖盘
159,09:50:45,6.98,0.0,33,23064,卖盘
160,09:50:57,6.98,0.0,17,11866,卖盘
161,09:51:09,6.99,0.01,6,4194,买盘
162,09:51:15,6.99,0.0,16,11183,买盘
163,09:51:18,6.99,0.0,48,33552,买盘
164,09:51:24,6.99,0.0,28,19552,买盘
165,09:51:30,6.99,0.0,15,10485,买盘
166,09:51:33,6.98,-0.01,1,698,卖盘
167,09:51:39,6.99,0.01,13,9087,买盘
168,09:51:57,7.0,0.01,14,9800,买盘
169,09:52:33,7.0,0.0,5,3499,买盘
170,09:52:57,7.0,0.0,90,63000,卖盘
171,09:53:00,7.0,0.0,1,700,卖盘
172,09:53:03,7.01,0.01,73,51173,买盘
173,09:53:09,7.0,-0.01,20,14000,卖盘
174,09:53:15,7.0,0.0,1,700,卖盘
175,09:53:18,7.01,0.01,21,14721,买盘
176,09:53:27,7.0,-0.01,2,1400,卖盘
177,09:53:36,7.0,0.0,1,700,卖盘
178,09:54:04,7.0,0.0,238,166600,卖盘
179,09:54:06,6.99,-0.01,1,699,卖盘
180,09:54:09,6.99,0.0,4,2796,卖盘
181,09:54:24,6.99,0.0,5,3495,买盘
182,09:54:27,6.99,0.0,5,3495,卖盘
183,09:54:39,6.98,-0.01,5,3490,卖盘
184,09:54:54,6.99,0.01,10,6990,买盘
185,09:55:00,6.99,0.0,19,13281,买盘
186,09:55:48,6.99,0.0,10,6990,买盘
187,09:55:51,6.99,0.0,2,1398,买盘
188,09:55:57,6.99,0.0,24,16776,卖盘
189,09:56:15,6.99,0.0,5,3495,买盘
190,09:56:21,6.99,0.0,25,17475,买盘
191,09:56:27,6.99,0.0,50,34950,买盘
192,09:56:37,6.99,0.0,15,10485,买盘
193,09:56:54,6.99,0.0,50,34950,买盘
194,09:57:04,6.99,0.0,20,13980,买盘
195,09:57:06,6.98,-0.01,12,8376,卖盘
196,09:57:30,6.99,0.01,15,10485,买盘
197,09:57:33,6.99,0.0,1,699,买盘
198,09:58:03,6.99,0.0,26,18174,买盘
199,09:58:18,6.99,0.0,35,24465,买盘
200,09:58:21,6.99,0.0,22,15378,买盘
201,09:58:28,6.99,0.0,16,11184,买盘
202,09:58:36,6.99,0.0,10,6990,买盘
203,09:58:42,6.99,0.0,14,9786,买盘
204,09:58:54,6.99,0.0,5,3495,买盘
205,09:58:57,6.99,0.0,27,18873,买盘
206,09:59:04,6.98,-0.01,10,6980,卖盘
207,09:59:15,6.99,0.01,3,2097,买盘
208,09:59:18,6.99,0.0,1,699,买盘
209,09:59:27,6.99,0.0,5,3495,买盘
210,09:59:39,6.99,0.0,50,34950,买盘
211,09:59:57,7.0,0.01,5,3500,买盘
212,10:00:01,7.0,0.0,3,2100,买盘
213,10:00:12,6.99,-0.01,27,18873,卖盘
214,10:01:30,7.0,0.01,12,8400,买盘
215,10:01:45,7.0,0.0,7,4900,买盘
216,10:01:54,6.99,-0.01,100,69900,卖盘
217,10:02:00,7.0,0.01,6,4200,买盘
218,10:02:24,6.99,-0.01,42,29358,卖盘
219,10:02:33,6.99,0.0,10,6990,买盘
220,10:02:51,6.99,0.0,7,4893,买盘
221,10:03:04,6.99,0.0,30,20970,买盘
222,10:03:12,6.98,-0.01,13,9074,卖盘
223,10:03:33,6.99,0.01,24,16776,买盘
224,10:03:42,6.98,-0.01,176,122848,卖盘
225,10:04:03,6.99,0.01,3,2097,买盘
226,10:04:12,6.99,0.0,3,2097,买盘
227,10:04:42,7.0,0.01,50,35000,买盘
228,10:04:54,7.0,0.0,10,7000,买盘
229,10:05:04,7.0,0.0,6,4200,买盘
230,10:05:06,7.0,0.0,274,191800,买盘
231,10:05:09,6.99,-0.01,106,74101,卖盘
232,10:05:12,6.99,0.0,1,699,买盘
233,10:05:15,7.0,0.01,3,2100,买盘
234,10:05:21,7.0,0.0,33,23100,卖盘
235,10:05:24,7.0,0.0,17,11900,买盘
236,10:05:33,7.0,0.0,4,2800,买盘
237,10:05:36,7.0,0.0,3,2100,买盘
238,10:06:00,7.0,0.0,12,8400,买盘
239,10:06:27,7.0,0.0,5,3500,买盘
240,10:06:30,7.0,0.0,20,14000,买盘
241,10:06:33,7.0,0.0,10,7000,买盘
242,10:07:03,7.0,0.0,80,56000,买盘
243,10:07:12,7.0,0.0,17,11900,买盘
244,10:07:18,6.99,-0.01,20,13980,卖盘
245,10:07:49,7.0,0.01,6,4200,买盘
246,10:08:03,7.0,0.0,5,3500,买盘
247,10:08:12,7.0,0.0,5,3500,买盘
248,10:08:39,7.0,0.0,1,700,买盘
249,10:08:42,7.0,0.0,2,1400,买盘
250,10:08:48,6.99,-0.01,103,72000,卖盘
251,10:08:57,7.0,0.01,5,3500,买盘
252,10:09:12,6.99,-0.01,6,4194,卖盘
253,10:09:15,6.99,0.0,18,12582,卖盘
254,10:09:18,6.99,0.0,1,699,卖盘
255,10:09:36,6.98,-0.01,192,134058,卖盘
256,10:09:39,6.98,0.0,1,698,卖盘
257,10:09:42,6.98,0.0,1,698,卖盘
258,10:10:04,6.99,0.01,40,27960,买盘
259,10:10:21,6.98,-0.01,25,17450,卖盘
260,10:10:58,6.97,-0.01,7,4879,卖盘
261,10:11:06,6.98,0.01,14,9772,买盘
262,10:11:21,6.98,0.0,28,19544,卖盘
263,10:12:57,6.98,0.0,63,43974,卖盘
264,10:13:04,6.99,0.01,6,4194,买盘
265,10:13:22,6.99,0.0,4,2796,买盘
266,10:13:33,6.99,0.0,10,6990,买盘
267,10:13:54,6.99,0.0,59,41241,买盘
268,10:13:57,6.99,0.0,1,699,卖盘
269,10:14:12,6.99,0.0,27,18873,卖盘
270,10:14:21,7.0,0.01,5,3500,买盘
271,10:14:54,6.99,-0.01,20,13980,卖盘
272,10:15:30,6.99,0.0,3,2097,卖盘
273,10:15:36,6.99,0.0,19,13281,卖盘
274,10:15:54,7.0,0.01,1,700,买盘
275,10:16:12,6.99,-0.01,20,13980,卖盘
276,10:16:15,6.99,0.0,1,699,卖盘
277,10:16:18,6.99,0.0,6,4194,卖盘
278,10:16:21,6.99,0.0,5,3495,卖盘
279,10:16:27,6.99,0.0,4,2796,买盘
280,10:16:31,6.99,0.0,1,699,卖盘
281,10:16:45,6.98,-0.01,19,13262,卖盘
282,10:17:27,7.0,0.02,6,4200,买盘
283,10:17:36,7.0,0.0,3,2100,买盘
284,10:17:48,7.0,0.0,10,7000,买盘
285,10:18:00,6.98,-0.02,10,6980,卖盘
286,10:18:03,7.0,0.02,10,7000,买盘
287,10:18:45,7.0,0.0,3,2100,买盘
288,10:19:06,6.99,-0.01,10,6990,卖盘
289,10:20:43,6.99,0.0,6,4194,卖盘
290,10:21:01,6.99,0.0,17,11883,卖盘
291,10:21:06,6.99,0.0,58,40542,卖盘
292,10:21:09,7.0,0.01,200,140000,买盘
293,10:21:18,7.0,0.0,23,16100,买盘
294,10:21:36,7.0,0.0,2,1400,卖盘
295,10:21:39,7.01,0.01,1,701,买盘
296,10:21:42,7.0,-0.01,3,2100,卖盘
297,10:21:45,7.0,0.0,4,2800,买盘
298,10:22:00,7.0,0.0,43,30100,卖盘
299,10:22:12,7.01,0.01,161,112861,买盘
300,10:22:48,7.01,0.0,7,4919,卖盘
301,10:22:51,7.03,0.02,100,70300,买盘
302,10:23:27,7.01,-0.02,1,701,卖盘
303,10:24:06,7.02,0.01,38,26703,中性盘
304,10:24:09,7.02,0.0,2,1404,买盘
305,10:24:12,7.02,0.0,1,702,买盘
306,10:24:15,7.02,0.0,3,2106,买盘
307,10:24:27,7.03,0.01,33,23199,买盘
308,10:24:30,7.03,0.0,10,7030,买盘
309,10:24:45,7.04,0.01,20,14070,买盘
310,10:24:48,7.04,0.0,18,12672,买盘
311,10:25:04,7.04,0.0,94,66176,买盘
312,10:25:21,7.05,0.01,128,90239,买盘
313,10:25:48,7.05,0.0,2,1410,买盘
314,10:25:51,7.05,0.0,2,1410,卖盘
315,10:25:54,7.05,0.0,4,2820,卖盘
316,10:25:57,7.05,0.0,17,11985,卖盘
317,10:26:27,7.04,-0.01,1,704,卖盘
318,10:26:30,7.05,0.01,15,10575,买盘
319,10:26:51,7.04,-0.01,61,42944,卖盘
320,10:27:45,7.04,0.0,14,9856,买盘
321,10:27:48,7.03,-0.01,31,21794,卖盘
322,10:28:06,7.04,0.01,20,14080,买盘
323,10:28:09,7.04,0.0,98,68992,买盘
324,10:28:15,7.04,0.0,15,10560,买盘
325,10:28:18,7.04,0.0,11,7744,买盘
326,10:28:36,7.05,0.01,11,7755,买盘
327,10:28:49,7.05,0.0,118,83190,买盘
328,10:29:00,7.06,0.01,2,1412,买盘
329,10:29:06,7.06,0.0,4,2824,买盘
330,10:29:09,7.06,0.0,30,21180,买盘
331,10:29:18,7.06,0.0,10,7060,买盘
332,10:29:24,7.06,0.0,20,14120,买盘
333,10:29:27,7.06,0.0,10,7060,买盘
334,10:29:36,7.06,0.0,10,7060,买盘
335,10:29:42,7.06,0.0,20,14120,买盘
336,10:30:00,7.06,0.0,122,86132,买盘
337,10:30:06,7.06,0.0,70,49420,买盘
338,10:30:09,7.06,0.0,44,31064,买盘
339,10:30:12,7.06,0.0,3,2118,买盘
340,10:30:15,7.06,0.0,5,3530,买盘
341,10:30:18,7.06,0.0,11,7766,买盘
342,10:30:21,7.06,0.0,7,4942,买盘
343,10:30:25,7.06,0.0,6,4236,买盘
344,10:30:28,7.06,0.0,5,3530,买盘
345,10:30:33,7.05,-0.01,154,108572,卖盘
346,10:30:45,7.06,0.01,55,38830,买盘
347,10:30:54,7.06,0.0,36,25416,买盘
348,10:30:58,7.06,0.0,1,706,买盘
349,10:31:00,7.06,0.0,15,10590,买盘
350,10:31:04,7.06,0.0,30,21180,买盘
351,10:31:06,7.06,0.0,3,2118,买盘
352,10:31:09,7.06,0.0,7,4942,买盘
353,10:31:15,7.06,0.0,5,3530,卖盘
354,10:31:24,7.06,0.0,15,10590,买盘
355,10:31:28,7.06,0.0,23,16238,买盘
356,10:31:36,7.05,-0.01,13,9165,卖盘
357,10:31:42,7.07,0.02,10,7070,买盘
358,10:31:45,7.05,-0.02,282,198810,卖盘
359,10:31:48,7.07,0.02,170,120118,买盘
360,10:31:51,7.07,0.0,12,8484,卖盘
361,10:31:57,7.06,-0.01,23,16232,买盘
362,10:32:06,7.05,-0.01,8,5640,买盘
363,10:32:09,7.05,0.0,1,705,卖盘
364,10:32:21,7.06,0.01,8,5648,买盘
365,10:32:39,7.05,-0.01,26,18330,卖盘
366,10:32:45,7.05,0.0,52,36660,卖盘
367,10:32:49,7.05,0.0,2,1410,买盘
368,10:33:12,7.05,0.0,42,29610,买盘
369,10:33:18,7.05,0.0,1,705,买盘
370,10:33:39,7.05,0.0,12,8460,买盘
371,10:34:33,7.05,0.0,93,65565,卖盘
372,10:34:42,7.05,0.0,5,3525,买盘
373,10:36:01,7.05,0.0,3,2115,买盘
374,10:36:51,7.05,0.0,85,59925,买盘
375,10:37:39,7.04,-0.01,20,14080,卖盘
376,10:37:45,7.04,0.0,2,1408,卖盘
377,10:37:48,7.05,0.01,40,28200,买盘
378,10:38:16,7.04,-0.01,5,3520,卖盘
379,10:38:24,7.04,0.0,25,17600,卖盘
380,10:39:00,7.04,0.0,6,4224,卖盘
381,10:39:30,7.05,0.01,52,36660,买盘
382,10:39:33,7.05,0.0,11,7755,卖盘
383,10:39:51,7.06,0.01,3,2118,买盘
384,10:40:03,7.05,-0.01,5,3525,卖盘
385,10:40:18,7.05,0.0,3,2115,卖盘
386,10:40:21,7.05,0.0,7,4935,卖盘
387,10:40:24,7.05,0.0,6,4230,卖盘
388,10:40:27,7.05,0.0,17,11985,卖盘
389,10:40:31,7.05,0.0,35,24675,卖盘
390,10:40:34,7.05,0.0,16,11280,卖盘
391,10:40:36,7.05,0.0,62,43710,卖盘
392,10:40:39,7.05,0.0,24,16920,卖盘
393,10:40:42,7.04,-0.01,32,22553,卖盘
394,10:40:57,7.05,0.01,3,2115,买盘
395,10:41:15,7.05,0.0,16,11280,买盘
396,10:41:30,7.05,0.0,1,705,卖盘
397,10:41:39,7.05,0.0,50,35250,卖盘
398,10:41:54,7.05,0.0,20,14100,卖盘
399,10:42:00,7.05,0.0,14,9870,卖盘
400,10:42:04,7.05,0.0,8,5640,卖盘
401,10:44:37,7.04,-0.01,35,24640,卖盘
402,10:44:54,7.04,0.0,7,4928,卖盘
403,10:45:00,7.03,-0.01,142,99936,卖盘
404,10:45:33,7.04,0.01,14,9856,买盘
405,10:46:34,7.03,-0.01,14,9842,卖盘
406,10:46:51,7.03,0.0,4,2812,卖盘
407,10:47:18,7.03,0.0,100,70300,卖盘
408,10:47:27,7.03,0.0,10,7030,卖盘
409,10:48:30,7.03,0.0,7,4921,卖盘
410,10:49:39,7.03,0.0,53,37259,卖盘
411,10:49:51,7.03,0.0,5,3515,卖盘
412,10:50:12,7.03,0.0,30,21090,卖盘
413,10:50:18,7.03,0.0,3,2109,卖盘
414,10:50:21,7.04,0.01,14,9856,买盘
415,10:54:04,7.04,0.0,1,704,买盘
416,10:54:06,7.04,0.0,42,29568,买盘
417,10:54:36,7.04,0.0,3,2112,买盘
418,10:56:01,7.03,-0.01,5,3515,卖盘
419,10:56:21,7.03,0.0,61,42883,卖盘
420,10:56:24,7.03,0.0,12,8436,卖盘
421,10:57:24,7.03,0.0,27,18981,卖盘
422,10:58:03,7.03,0.0,50,35150,卖盘
423,10:58:33,7.02,-0.01,21,14742,卖盘
424,10:58:42,7.03,0.01,20,14060,买盘
425,10:59:19,7.02,-0.01,14,9828,卖盘
426,10:59:48,7.03,0.01,1,703,买盘
427,11:00:09,7.03,0.0,4,2812,买盘
428,11:00:12,7.02,-0.01,311,218322,卖盘
429,11:00:39,7.03,0.01,5,3515,买盘
430,11:01:25,7.04,0.01,23,16182,买盘
431,11:01:48,7.04,0.0,3,2112,买盘
432,11:03:04,7.03,-0.01,104,73112,卖盘
433,11:03:10,7.02,-0.01,4,2808,卖盘
434,11:03:30,7.03,0.01,21,14763,买盘
435,11:03:33,7.02,-0.01,284,199368,卖盘
436,11:03:36,7.02,0.0,18,12636,买盘
437,11:03:46,7.02,0.0,1,702,买盘
438,11:04:10,7.03,0.01,10,7030,买盘
439,11:04:39,7.02,-0.01,26,18252,卖盘
440,11:05:10,7.01,-0.01,150,105150,卖盘
441,11:05:42,7.01,0.0,10,7010,卖盘
442,11:05:48,7.01,0.0,39,27339,卖盘
443,11:05:54,7.02,0.01,22,15444,买盘
444,11:05:57,7.02,0.0,5,3510,卖盘
445,11:06:15,7.01,-0.01,70,49070,卖盘
446,11:06:40,7.02,0.01,21,14742,买盘
447,11:07:15,7.01,-0.01,30,21030,卖盘
448,11:07:18,7.01,0.0,20,14020,卖盘
449,11:07:48,7.01,0.0,10,7010,卖盘
450,11:07:51,7.01,0.0,17,11917,卖盘
451,11:08:01,7.01,0.0,85,59585,卖盘
452,11:08:04,7.01,0.0,4,2804,卖盘
453,11:08:12,7.01,0.0,10,7010,买盘
454,11:08:24,7.01,0.0,1,701,买盘
455,11:08:27,7.01,0.0,6,4206,买盘
456,11:08:33,7.01,0.0,4,2804,卖盘
457,11:09:36,7.01,0.0,3,2103,买盘
458,11:09:45,7.01,0.0,1,701,买盘
459,11:11:48,7.01,0.0,70,49070,卖盘
460,11:11:54,7.01,0.0,10,7010,买盘
461,11:14:30,7.01,0.0,5,3505,买盘
462,11:15:09,7.0,-0.01,10,7000,卖盘
463,11:15:15,7.01,0.01,14,9814,买盘
464,11:15:45,7.0,-0.01,28,19600,卖盘
465,11:15:48,7.01,0.01,10,7010,买盘
466,11:16:04,7.0,-0.01,21,14700,卖盘
467,11:17:24,7.0,0.0,27,18900,卖盘
468,11:17:36,7.0,0.0,14,9800,卖盘
469,11:19:48,7.01,0.01,1,701,买盘
470,11:19:54,7.0,-0.01,100,70000,卖盘
471,11:19:57,7.0,0.0,13,9100,卖盘
472,11:20:00,7.0,0.0,60,42000,卖盘
473,11:20:04,7.0,0.0,6,4200,卖盘
474,11:20:06,7.0,0.0,2,1400,卖盘
475,11:20:22,7.0,0.0,20,14000,卖盘
476,11:20:27,7.01,0.01,10,7010,买盘
477,11:20:39,7.0,-0.01,4,2800,卖盘
478,11:21:09,6.99,-0.01,4,2796,卖盘
479,11:21:39,7.0,0.01,20,14000,买盘
480,11:22:06,6.99,-0.01,2,1398,卖盘
481,11:22:21,7.0,0.01,24,16800,买盘
482,11:23:21,7.0,0.0,6,4200,卖盘
483,11:23:24,7.0,0.0,2,1400,买盘
484,11:23:57,7.0,0.0,16,11200,买盘
485,11:24:27,7.0,0.0,2,1400,卖盘
486,11:26:30,7.0,0.0,74,51800,卖盘
487,11:27:15,6.99,-0.01,1,699,卖盘
488,11:27:30,6.99,0.0,102,71298,卖盘
489,11:29:07,6.99,0.0,1,699,卖盘
490,13:00:04,6.99,0.0,223,155877,卖盘
491,13:00:07,6.99,0.0,15,10485,买盘
492,13:00:27,6.98,-0.01,2,1396,卖盘
493,13:01:43,6.99,0.01,3,2097,买盘
494,13:02:09,6.99,0.0,22,15378,买盘
495,13:02:24,6.99,0.0,1,699,买盘
496,13:02:39,6.98,-0.01,1,698,卖盘
497,13:02:45,6.99,0.01,122,85278,买盘
498,13:02:48,6.99,0.0,1,699,买盘
499,13:03:04,6.99,0.0,1,699,买盘
500,13:03:09,6.99,0.0,25,17475,买盘
501,13:03:33,6.98,-0.01,1,698,卖盘
502,13:03:54,6.98,0.0,142,99116,卖盘
503,13:04:15,6.99,0.01,4,2796,买盘
504,13:04:42,6.99,0.0,10,6990,买盘
505,13:04:48,6.99,0.0,10,6990,买盘
506,13:05:00,6.99,0.0,10,6990,买盘
507,13:05:09,6.99,0.0,1,699,买盘
508,13:05:51,6.99,0.0,11,7689,卖盘
509,13:06:12,6.99,0.0,1,699,卖盘
510,13:06:15,6.99,0.0,1,699,卖盘
511,13:06:24,7.0,0.01,9,6300,买盘
512,13:07:12,6.99,-0.01,1,699,卖盘
513,13:07:54,6.99,0.0,116,81084,卖盘
514,13:08:09,6.98,-0.01,1,698,卖盘
515,13:09:06,6.98,0.0,1,698,卖盘
516,13:09:12,6.99,0.01,2,1398,买盘
517,13:09:57,6.99,0.0,50,34950,买盘
518,13:10:00,6.98,-0.01,1,698,卖盘
519,13:10:03,6.99,0.01,5,3495,买盘
520,13:10:09,6.99,0.0,20,13980,买盘
521,13:10:15,6.99,0.0,3,2097,买盘
522,13:11:42,6.99,0.0,1,699,卖盘
523,13:12:06,7.0,0.01,1,700,买盘
524,13:12:33,7.0,0.0,50,35000,买盘
525,13:12:36,6.99,-0.01,51,35649,卖盘
526,13:12:39,7.0,0.01,50,35000,买盘
527,13:13:06,7.0,0.0,56,39200,买盘
528,13:13:15,7.0,0.0,15,10500,买盘
529,13:13:40,7.01,0.01,15,10515,买盘
530,13:14:09,7.01,0.0,15,10515,买盘
531,13:14:45,7.02,0.01,2,1404,买盘
532,13:14:57,7.01,-0.01,50,35050,卖盘
533,13:15:03,7.01,0.0,15,10515,卖盘
534,13:15:09,7.01,0.0,1,701,卖盘
535,13:16:06,7.01,0.0,1,701,卖盘
536,13:16:24,7.01,0.0,42,29442,卖盘
537,13:17:01,7.01,0.0,2,1402,卖盘
538,13:17:04,7.01,0.0,2,1402,卖盘
539,13:17:06,7.01,0.0,1,701,卖盘
540,13:17:45,7.01,0.0,2,1402,买盘
541,13:17:49,7.01,0.0,1,701,卖盘
542,13:17:51,7.01,0.0,2,1402,卖盘
543,13:17:57,7.01,0.0,15,10515,买盘
544,13:18:03,6.99,-0.02,453,316883,卖盘
545,13:18:27,7.01,0.02,1,701,卖盘
546,13:18:30,7.01,0.0,1,701,卖盘
547,13:18:33,7.01,0.0,2,1402,卖盘
548,13:18:36,7.01,0.0,2,1402,卖盘
549,13:18:39,7.01,0.0,1,701,卖盘
550,13:19:18,7.01,0.0,8,5608,买盘
551,13:19:58,7.01,0.0,1,701,卖盘
552,13:20:00,7.01,0.0,11,7711,卖盘
553,13:20:46,7.01,0.0,5,3505,买盘
554,13:21:52,7.0,-0.01,1,700,卖盘
555,13:22:03,7.0,0.0,16,11200,卖盘
556,13:22:39,7.0,0.0,7,4906,卖盘
557,13:23:39,7.0,0.0,1,700,卖盘
558,13:23:57,7.0,0.0,1,700,卖盘
559,13:24:27,7.0,0.0,1,700,卖盘
560,13:25:39,7.0,0.0,1,700,卖盘
561,13:25:48,7.0,0.0,10,7000,卖盘
562,13:26:12,7.0,0.0,1,700,卖盘
563,13:26:21,7.0,0.0,9,6300,卖盘
564,13:26:27,7.01,0.01,20,14020,买盘
565,13:27:00,7.01,0.0,6,4206,买盘
566,13:27:06,7.0,-0.01,1,700,卖盘
567,13:27:42,7.0,0.0,10,7000,卖盘
568,13:28:06,7.0,0.0,12,8400,卖盘
569,13:28:51,7.01,0.01,1,701,买盘
570,13:29:12,7.01,0.0,10,7010,买盘
571,13:29:42,7.0,-0.01,150,105000,卖盘
572,13:29:45,7.0,0.0,5,3500,卖盘
573,13:31:04,7.0,0.0,5,3500,卖盘
574,13:33:15,7.0,0.0,1,700,卖盘
575,13:33:30,7.0,0.0,1,700,卖盘
576,13:33:42,7.01,0.01,58,40603,买盘
577,13:35:18,7.01,0.0,20,14020,买盘
578,13:35:42,7.01,0.0,37,25937,买盘
579,13:35:57,7.01,0.0,50,35050,买盘
580,13:36:04,7.01,0.0,20,14020,买盘
581,13:36:06,7.01,0.0,16,11216,买盘
582,13:36:33,7.02,0.01,50,35100,买盘
583,13:36:45,7.02,0.0,10,7020,买盘
584,13:36:54,7.02,0.0,20,14040,买盘
585,13:37:00,7.02,0.0,9,6318,买盘
586,13:37:03,7.02,0.0,7,4914,买盘
587,13:37:24,7.02,0.0,6,4212,买盘
588,13:37:30,7.02,0.0,50,35100,买盘
589,13:37:54,7.01,-0.01,165,115665,卖盘
590,13:38:12,7.01,0.0,7,4907,买盘
591,13:38:54,7.02,0.01,10,7020,买盘
592,13:39:39,7.01,-0.01,1,701,卖盘
593,13:42:15,7.01,0.0,30,21030,卖盘
594,13:43:51,7.01,0.0,10,7010,卖盘
595,13:44:01,7.02,0.01,5,3510,买盘
596,13:44:04,7.01,-0.01,36,25236,卖盘
597,13:44:36,7.01,0.0,36,25236,卖盘
598,13:44:57,7.01,0.0,1,701,买盘
599,13:45:18,7.01,0.0,63,44163,买盘
600,13:45:33,7.01,0.0,3,2103,卖盘
601,13:45:48,7.01,0.0,8,5608,买盘
602,13:46:04,7.02,0.01,275,193050,买盘
603,13:46:06,7.01,-0.01,41,28741,卖盘
604,13:46:24,7.02,0.01,1,702,买盘
605,13:46:39,7.02,0.0,3,2106,卖盘
606,13:46:48,7.02,0.0,7,4914,买盘
607,13:47:06,7.02,0.0,28,19656,卖盘
608,13:47:24,7.03,0.01,3,2109,买盘
609,13:47:45,7.03,0.0,55,38665,买盘
610,13:48:33,7.03,0.0,4,2812,卖盘
611,13:48:36,7.03,0.0,25,17575,卖盘
612,13:48:39,7.03,0.0,18,12654,卖盘
613,13:48:43,7.03,0.0,20,14060,卖盘
614,13:48:54,7.03,0.0,20,14060,卖盘
615,13:48:57,7.03,0.0,6,4218,卖盘
616,13:49:21,7.02,-0.01,35,24570,卖盘
617,13:49:30,7.02,0.0,4,2808,买盘
618,13:49:34,7.02,0.0,19,13338,买盘
619,13:49:51,7.02,0.0,26,18252,卖盘
620,13:50:18,7.03,0.01,5,3515,买盘
621,13:50:21,7.02,-0.01,14,9828,卖盘
622,13:50:51,7.02,0.0,6,4212,卖盘
623,13:51:21,7.02,0.0,4,2808,卖盘
624,13:51:51,7.02,0.0,1,702,卖盘
625,13:52:13,7.02,0.0,11,7722,卖盘
626,13:52:21,7.02,0.0,2,1404,卖盘
627,13:53:09,7.03,0.01,58,40774,买盘
628,13:53:12,7.03,0.0,16,11248,卖盘
629,13:53:48,7.03,0.0,10,7030,卖盘
630,13:55:03,7.04,0.01,7,4928,买盘
631,13:55:42,7.04,0.0,53,37312,买盘
632,13:55:57,7.03,-0.01,69,48507,卖盘
633,13:56:39,7.03,0.0,21,14763,买盘
634,13:57:03,7.03,0.0,19,13357,卖盘
635,13:57:21,7.03,0.0,50,35150,买盘
636,13:57:30,7.02,-0.01,11,7722,卖盘
637,13:57:54,7.03,0.01,102,71704,买盘
638,13:58:24,7.02,-0.01,18,12636,卖盘
639,13:59:04,7.03,0.01,2,1406,买盘
640,13:59:30,7.02,-0.01,3,2106,卖盘
641,14:00:07,7.03,0.01,1,703,买盘
642,14:00:31,7.03,0.0,7,4921,买盘
643,14:00:45,7.03,0.0,37,26011,买盘
644,14:01:33,7.03,0.0,21,14763,买盘
645,14:02:54,7.02,-0.01,20,14040,卖盘
646,14:04:54,7.02,0.0,14,9828,卖盘
647,14:05:21,7.02,0.0,10,7020,卖盘
648,14:05:30,7.02,0.0,18,12636,卖盘
649,14:05:42,7.03,0.01,36,25281,买盘
650,14:06:15,7.03,0.0,198,139194,买盘
651,14:06:21,7.03,0.0,178,125134,买盘
652,14:06:30,7.04,0.01,124,87296,买盘
653,14:06:45,7.02,-0.02,21,14742,卖盘
654,14:06:57,7.02,0.0,18,12636,卖盘
655,14:07:06,7.02,0.0,20,14040,卖盘
656,14:07:36,7.03,0.01,5,3515,买盘
657,14:08:12,7.02,-0.01,50,35100,卖盘
658,14:08:39,7.02,0.0,1,702,卖盘
659,14:09:06,7.02,0.0,100,70200,卖盘
660,14:09:27,7.02,0.0,44,30888,卖盘
661,14:09:30,7.02,0.0,3,2106,卖盘
662,14:09:49,7.02,0.0,4,2808,卖盘
663,14:10:36,7.01,-0.01,4,2804,卖盘
664,14:10:39,7.02,0.01,5,3510,买盘
665,14:11:31,7.01,-0.01,5,3505,卖盘
666,14:11:33,7.02,0.01,22,15434,买盘
667,14:11:39,7.01,-0.01,28,19628,卖盘
668,14:11:42,7.01,0.0,2,1402,卖盘
669,14:12:30,7.01,0.0,24,16824,卖盘
670,14:12:33,7.01,0.0,22,15422,卖盘
671,14:13:45,7.01,0.0,1,701,卖盘
672,14:14:25,7.0,-0.01,267,186938,卖盘
673,14:14:31,7.0,0.0,3,2100,卖盘
674,14:15:24,7.0,0.0,20,14000,卖盘
675,14:16:42,7.01,0.01,5,3505,买盘
676,14:17:01,7.0,-0.01,30,21000,卖盘
677,14:17:12,7.0,0.0,70,49000,卖盘
678,14:17:27,6.99,-0.01,99,69277,卖盘
679,14:17:51,6.99,0.0,60,41940,卖盘
680,14:18:00,6.99,0.0,30,20970,卖盘
681,14:19:31,6.99,0.0,74,51726,卖盘
682,14:19:54,7.0,0.01,30,21000,卖盘
683,14:21:39,7.0,0.0,97,67972,卖盘
684,14:21:51,7.0,0.0,35,24500,买盘
685,14:22:45,7.0,0.0,65,45500,卖盘
686,14:23:06,7.01,0.01,70,49042,买盘
687,14:25:45,7.01,0.0,100,70100,买盘
688,14:26:30,7.01,0.0,5,3505,买盘
689,14:26:39,7.01,0.0,12,8412,买盘
690,14:26:42,7.02,0.01,43,30186,买盘
691,14:27:06,7.01,-0.01,88,61688,卖盘
692,14:27:24,7.03,0.02,121,84904,买盘
693,14:27:30,7.0,-0.03,1,700,卖盘
694,14:28:27,7.01,0.01,18,12618,卖盘
695,14:28:36,7.01,0.0,3,2103,卖盘
696,14:28:39,7.01,0.0,50,35050,买盘
697,14:28:54,7.01,0.0,71,49771,买盘
698,14:30:33,7.01,0.0,36,25236,卖盘
699,14:30:42,7.01,0.0,2,1402,卖盘
700,14:30:57,7.01,0.0,18,12618,卖盘
701,14:31:00,7.01,0.0,15,10515,卖盘
702,14:31:09,7.01,0.0,60,42060,卖盘
703,14:31:12,7.01,0.0,3,2103,卖盘
704,14:31:30,7.01,0.0,57,39957,卖盘
705,14:31:33,7.01,0.0,2,1402,卖盘
706,14:31:49,7.01,0.0,112,78512,买盘
707,14:32:04,7.01,0.0,65,45565,卖盘
708,14:32:27,7.01,0.0,20,14020,卖盘
709,14:32:33,7.01,0.0,14,9814,卖盘
710,14:33:45,7.01,0.0,4,2804,卖盘
711,14:35:00,7.01,0.0,118,82718,卖盘
712,14:35:10,7.01,0.0,67,46967,卖盘
713,14:35:21,7.01,0.0,1,701,买盘
714,14:35:30,7.01,0.0,15,10515,买盘
715,14:35:33,7.01,0.0,206,144406,买盘
716,14:36:33,7.02,0.01,13,9126,买盘
717,14:36:45,7.01,-0.01,16,11216,卖盘
718,14:36:48,7.02,0.01,80,56160,买盘
719,14:37:15,7.02,0.0,14,9828,买盘
720,14:37:39,7.02,0.0,4,2808,买盘
721,14:37:45,7.02,0.0,32,22464,买盘
722,14:37:48,7.02,0.0,34,23868,买盘
723,14:37:57,7.02,0.0,60,42120,买盘
724,14:38:16,7.02,0.0,28,19656,买盘
725,14:38:30,7.02,0.0,149,104598,买盘
726,14:38:42,7.03,0.01,20,14060,买盘
727,14:38:48,7.03,0.0,11,7733,买盘
728,14:39:04,7.02,-0.01,3,2106,卖盘
729,14:39:09,7.03,0.01,102,71706,买盘
730,14:39:18,7.03,0.0,16,11248,卖盘
731,14:39:39,7.03,0.0,46,32338,卖盘
732,14:40:00,7.03,0.0,2,1406,卖盘
733,14:40:06,7.03,0.0,8,5624,卖盘
734,14:40:13,7.03,0.0,62,43586,卖盘
735,14:40:18,7.03,0.0,4,2812,卖盘
736,14:40:21,7.03,0.0,6,4218,卖盘
737,14:40:24,7.03,0.0,20,14060,卖盘
738,14:40:36,7.03,0.0,12,8436,卖盘
739,14:40:46,7.02,-0.01,180,126360,卖盘
740,14:40:48,7.03,0.01,10,7030,买盘
741,14:41:00,7.03,0.0,5,3515,买盘
742,14:41:04,7.03,0.0,100,70300,买盘
743,14:41:09,7.03,0.0,5,3515,买盘
744,14:41:45,7.02,-0.01,28,19656,卖盘
745,14:42:06,7.02,0.0,22,15444,卖盘
746,14:42:18,7.02,0.0,5,3510,卖盘
747,14:42:27,7.02,0.0,25,17550,卖盘
748,14:42:33,7.02,0.0,15,10530,卖盘
749,14:42:45,7.02,0.0,26,18252,卖盘
750,14:42:48,7.02,0.0,6,4212,卖盘
751,14:42:57,7.02,0.0,20,14040,卖盘
752,14:43:06,7.02,0.0,28,19656,卖盘
753,14:43:30,7.02,0.0,28,19656,卖盘
754,14:43:33,7.02,0.0,2,1404,卖盘
755,14:43:39,7.02,0.0,14,9829,卖盘
756,14:43:45,7.02,0.0,8,5616,卖盘
757,14:43:48,7.02,0.0,20,14040,卖盘
758,14:43:51,7.02,0.0,6,4212,卖盘
759,14:43:54,7.02,0.0,6,4212,卖盘
760,14:44:15,7.02,0.0,12,8424,卖盘
761,14:44:18,7.02,0.0,1,702,卖盘
762,14:44:27,7.02,0.0,9,6318,卖盘
763,14:44:36,7.02,0.0,30,21060,卖盘
764,14:44:39,7.02,0.0,109,76518,卖盘
765,14:44:42,7.02,0.0,85,59670,卖盘
766,14:44:45,7.02,0.0,28,19656,卖盘
767,14:44:48,7.02,0.0,22,15444,卖盘
768,14:44:57,7.02,0.0,6,4212,卖盘
769,14:45:15,7.01,-0.01,2,1402,卖盘
770,14:45:24,7.02,0.01,5,3510,买盘
771,14:45:33,7.01,-0.01,1,701,卖盘
772,14:45:48,7.01,0.0,2,1402,卖盘
773,14:46:09,7.01,0.0,16,11231,卖盘
774,14:46:12,7.01,0.0,32,22432,卖盘
775,14:46:21,7.01,0.0,15,10515,买盘
776,14:46:27,7.01,0.0,3,2103,买盘
777,14:46:48,7.01,0.0,10,7010,卖盘
778,14:47:09,7.01,0.0,45,31545,卖盘
779,14:47:33,7.01,0.0,144,100944,卖盘
780,14:47:48,7.01,0.0,3,2103,买盘
781,14:47:51,7.01,0.0,17,11902,买盘
782,14:47:54,7.0,-0.01,15,10500,卖盘
783,14:48:06,7.0,0.0,13,9100,卖盘
784,14:48:18,7.0,0.0,20,14000,卖盘
785,14:48:27,7.0,0.0,20,14000,卖盘
786,14:48:54,7.0,0.0,1,700,卖盘
787,14:49:12,7.0,0.0,1,700,卖盘
788,14:49:24,7.0,0.0,1,700,卖盘
789,14:49:36,7.01,0.01,115,80515,买盘
790,14:50:06,7.0,-0.01,150,105000,卖盘
791,14:50:09,7.01,0.01,20,14020,买盘
792,14:50:30,7.01,0.0,419,293719,买盘
793,14:50:42,7.01,0.0,20,14020,卖盘
794,14:50:51,7.01,0.0,6,4206,卖盘
795,14:50:54,7.01,0.0,10,7010,卖盘
796,14:51:00,7.01,0.0,30,21030,卖盘
797,14:51:12,7.01,0.0,17,11917,卖盘
798,14:51:15,7.01,0.0,10,7010,买盘
799,14:51:24,7.01,0.0,17,11917,买盘
800,14:51:33,7.01,0.0,26,18226,卖盘
801,14:51:51,7.01,0.0,38,26638,买盘
802,14:51:58,7.01,0.0,1,701,卖盘
803,14:52:48,7.02,0.01,45,31590,买盘
804,14:53:00,7.02,0.0,78,54734,买盘
805,14:53:04,7.02,0.0,20,14040,买盘
806,14:53:15,7.02,0.0,160,112320,买盘
807,14:53:24,7.02,0.0,27,18954,买盘
808,14:53:36,7.02,0.0,17,11934,买盘
809,14:53:39,7.02,0.0,12,8424,卖盘
810,14:53:42,7.01,-0.01,60,42081,卖盘
811,14:53:45,7.01,0.0,1,701,卖盘
812,14:54:15,7.02,0.01,10,7020,买盘
813,14:54:42,7.02,0.0,26,18252,卖盘
814,14:54:48,7.02,0.0,98,68796,卖盘
815,14:54:57,7.02,0.0,1,702,卖盘
816,14:55:00,7.02,0.0,100,70200,卖盘
817,14:55:09,7.03,0.01,24,16872,买盘
818,14:55:12,7.02,-0.01,8,5616,卖盘
819,14:55:21,7.03,0.01,6,4218,买盘
820,14:55:28,7.03,0.0,56,39328,买盘
821,14:55:30,7.02,-0.01,300,210600,卖盘
822,14:55:33,7.02,0.0,8,5616,卖盘
823,14:55:36,7.02,0.0,50,35110,卖盘
824,14:55:39,7.02,0.0,6,4212,卖盘
825,14:55:45,7.02,0.0,56,39312,卖盘
826,14:55:48,7.02,0.0,23,16149,卖盘
827,14:55:58,7.02,0.0,133,93366,卖盘
828,14:56:00,7.02,0.0,1,702,卖盘
829,14:56:03,7.03,0.01,10,7030,买盘
830,14:56:06,7.02,-0.01,50,35100,卖盘
831,14:56:09,7.02,0.0,114,80028,卖盘
832,14:56:12,7.01,-0.01,100,70165,卖盘
833,14:56:15,7.03,0.02,34,23877,买盘
834,14:56:24,7.03,0.0,2,1406,买盘
835,14:56:30,7.02,-0.01,150,105300,卖盘
836,14:56:36,7.02,0.0,10,7020,卖盘
837,14:56:39,7.02,0.0,14,9828,卖盘
838,14:56:42,7.02,0.0,55,38610,卖盘
839,14:56:45,7.02,0.0,1,702,买盘
840,14:56:54,7.01,-0.01,48,33648,卖盘
841,14:56:57,7.02,0.01,25,17550,买盘
842,14:57:00,7.02,0.0,43,30164,买盘
843,15:00:04,6.99,-0.03,415,290085,卖盘
