,time,price,change,volume,amount,type
0,09:25:04,11.94,-0.05,8,9552,买盘
1,09:30:05,11.94,0.0,231,275808,卖盘
2,09:30:07,11.92,-0.02,9,10728,卖盘
3,09:30:13,11.87,-0.05,6,7122,卖盘
4,09:30:25,11.87,0.0,5,5935,卖盘
5,09:30:37,11.87,0.0,7,8309,卖盘
6,09:30:40,11.87,0.0,3,3561,卖盘
7,09:30:43,11.87,0.0,4,4748,卖盘
8,09:30:46,11.87,0.0,1,1187,卖盘
9,09:30:49,11.87,0.0,7,8309,卖盘
10,09:30:55,11.87,0.0,18,21366,卖盘
11,09:31:01,11.88,0.01,6,7127,买盘
12,09:31:10,11.87,-0.01,1,1187,买盘
13,09:31:28,11.84,-0.03,53,62802,卖盘
14,09:31:40,11.83,-0.01,1,1183,卖盘
15,09:32:04,11.84,0.01,5,5920,买盘
16,09:32:13,11.84,0.0,3,3552,卖盘
17,09:32:31,11.84,0.0,18,21312,卖盘
18,09:32:37,11.85,0.01,6,7110,买盘
19,09:32:40,11.85,0.0,2,2370,买盘
20,09:32:52,11.85,0.0,9,10665,卖盘
21,09:33:04,11.86,0.01,2,2372,买盘
22,09:33:13,11.86,0.0,15,17790,买盘
23,09:33:19,11.86,0.0,43,50975,买盘
24,09:33:22,11.85,-0.01,17,20145,卖盘
25,09:33:37,11.85,0.0,4,4740,卖盘
26,09:33:52,11.85,0.0,6,7110,卖盘
27,09:34:07,11.84,-0.01,5,5923,卖盘
28,09:34:25,11.84,0.0,1,1184,卖盘
29,09:34:28,11.84,0.0,50,59200,卖盘
30,09:34:31,11.86,0.02,10,11859,买盘
31,09:34:34,11.83,-0.03,1,1563,卖盘
32,09:35:01,11.84,0.01,22,26048,买盘
33,09:35:10,11.84,0.0,2,2368,卖盘
34,09:35:25,11.84,0.0,35,41440,卖盘
35,09:35:28,11.83,-0.01,17,20111,卖盘
36,09:35:34,11.82,-0.01,17,20106,卖盘
37,09:35:37,11.84,0.02,2,2368,买盘
38,09:35:46,11.82,-0.02,8,9456,卖盘
39,09:36:10,11.82,0.0,12,13806,卖盘
40,09:36:13,11.82,0.0,4,5106,买盘
41,09:36:22,11.82,0.0,1,1182,卖盘
42,09:36:25,11.82,0.0,4,4728,卖盘
43,09:36:58,11.82,0.0,19,22464,卖盘
44,09:37:16,11.83,0.01,24,28372,买盘
45,09:37:19,11.83,0.0,1,1183,买盘
46,09:37:31,11.82,-0.01,7,8274,卖盘
47,09:37:37,11.82,0.0,4,4728,卖盘
48,09:37:40,11.82,0.0,17,20094,卖盘
49,09:37:43,11.83,0.01,62,73290,买盘
50,09:37:46,11.81,-0.02,82,96516,卖盘
51,09:37:52,11.8,-0.01,24,28320,卖盘
52,09:37:55,11.8,0.0,19,22420,卖盘
53,09:37:58,11.8,0.0,19,22420,卖盘
54,09:38:01,11.8,0.0,15,17700,卖盘
55,09:38:04,11.8,0.0,23,27140,卖盘
56,09:38:07,11.8,0.0,10,11800,卖盘
57,09:38:10,11.77,-0.03,10,11780,卖盘
58,09:38:13,11.77,0.0,4,4717,卖盘
59,09:38:28,11.76,-0.01,17,20007,卖盘
60,09:38:31,11.76,0.0,23,27048,卖盘
61,09:38:34,11.75,-0.01,8,9400,卖盘
62,09:38:37,11.75,0.0,1,1175,卖盘
63,09:38:43,11.76,0.01,8,9408,买盘
64,09:38:52,11.75,-0.01,13,15287,卖盘
65,09:38:58,11.77,0.02,25,29425,买盘
66,09:39:04,11.77,0.0,1,1177,卖盘
67,09:39:13,11.75,-0.02,50,58832,卖盘
68,09:39:25,11.78,0.03,12,14132,买盘
69,09:39:28,11.79,0.01,25,29475,买盘
70,09:39:37,11.77,-0.02,1,1177,卖盘
71,09:40:01,11.76,-0.01,5,5880,卖盘
72,09:41:04,11.76,0.0,58,68208,卖盘
73,09:41:13,11.76,0.0,2,2352,卖盘
74,09:41:28,11.76,0.0,62,72912,卖盘
75,09:41:34,11.76,0.0,64,75264,卖盘
76,09:41:37,11.75,-0.01,30,35277,卖盘
77,09:41:40,11.78,0.03,2,2355,买盘
78,09:41:43,11.75,-0.03,7,8225,卖盘
79,09:41:46,11.75,0.0,8,9400,卖盘
80,09:41:49,11.75,0.0,28,32975,卖盘
81,09:41:55,11.74,-0.01,32,37598,卖盘
82,09:41:58,11.74,0.0,26,30524,卖盘
83,09:42:01,11.73,-0.01,2,2347,卖盘
84,09:42:10,11.74,0.01,2,2348,买盘
85,09:42:19,11.74,0.0,1,1174,买盘
86,09:42:25,11.73,-0.01,1,1173,卖盘
87,09:42:28,11.73,0.0,20,23460,卖盘
88,09:43:13,11.73,0.0,5,5865,买盘
89,09:43:16,11.73,0.0,5,5865,买盘
90,09:43:19,11.73,0.0,15,17595,买盘
91,09:43:22,11.71,-0.02,82,96128,卖盘
92,09:43:25,11.73,0.02,1,1173,中性盘
93,09:43:34,11.72,-0.01,39,45739,卖盘
94,09:43:37,11.68,-0.04,66,77245,卖盘
95,09:43:40,11.7,0.02,2,2340,买盘
96,09:43:43,11.7,0.0,85,99450,买盘
97,09:43:46,11.68,-0.02,44,51472,卖盘
98,09:43:52,11.68,0.0,4,4674,卖盘
99,09:43:55,11.66,-0.02,37,43156,卖盘
100,09:44:01,11.51,-0.15,28,32398,卖盘
101,09:44:10,11.66,0.15,87,101378,买盘
102,09:44:13,11.66,0.0,25,29155,卖盘
103,09:44:16,11.61,-0.05,2,2322,买盘
104,09:44:25,11.61,0.0,8,9288,买盘
105,09:44:28,11.61,0.0,3,3483,买盘
106,09:44:31,11.61,0.0,3,3483,买盘
107,09:44:34,11.61,0.0,4,4650,中性盘
108,09:44:40,11.6,-0.01,4,4640,买盘
109,09:45:10,11.69,0.09,1,1169,买盘
110,09:45:22,11.69,0.0,33,38577,买盘
111,09:45:25,11.62,-0.07,10,11627,卖盘
112,09:45:34,11.62,0.0,50,58138,卖盘
113,09:45:55,11.64,0.02,6,6984,卖盘
114,09:45:58,11.69,0.05,4,4676,买盘
115,09:46:04,11.61,-0.08,51,59349,卖盘
116,09:46:13,11.62,0.01,30,34860,中性盘
117,09:46:31,11.63,0.01,1,1163,卖盘
118,09:46:37,11.64,0.01,3,3492,买盘
119,09:46:58,11.67,0.03,13,15171,中性盘
120,09:47:22,11.67,0.0,11,12837,卖盘
121,09:47:43,11.67,0.0,5,5835,卖盘
122,09:48:01,11.66,-0.01,2,2332,卖盘
123,09:48:16,11.66,0.0,5,5830,卖盘
124,09:48:25,11.65,-0.01,50,58275,卖盘
125,09:48:40,11.64,-0.01,1,1164,卖盘
126,09:48:43,11.65,0.01,7,8155,中性盘
127,09:48:49,11.65,0.0,1,1165,卖盘
128,09:48:55,11.62,-0.03,51,59304,卖盘
129,09:49:01,11.65,0.03,18,20970,中性盘
130,09:49:13,11.64,-0.01,2,2328,卖盘
131,09:49:16,11.64,0.0,16,18637,卖盘
132,09:49:19,11.63,-0.01,5,5815,卖盘
133,09:49:25,11.63,0.0,21,24462,卖盘
134,09:49:34,11.64,0.01,1,1164,卖盘
135,09:49:43,11.66,0.02,42,48941,买盘
136,09:49:49,11.63,-0.03,28,32588,卖盘
137,09:50:04,11.62,-0.01,45,52352,卖盘
138,09:50:07,11.62,0.0,2,2324,卖盘
139,09:50:10,11.65,0.03,7,8155,中性盘
140,09:50:16,11.65,0.0,1,1165,卖盘
141,09:50:22,11.65,0.0,10,11650,卖盘
142,09:50:37,11.65,0.0,1,1165,卖盘
143,09:50:58,11.66,0.01,2,2332,买盘
144,09:51:04,11.66,0.0,48,55968,买盘
145,09:51:07,11.66,0.0,18,20988,买盘
146,09:51:10,11.66,0.0,19,22177,买盘
147,09:51:13,11.63,-0.03,103,119817,卖盘
148,09:51:19,11.66,0.03,1,1166,卖盘
149,09:51:22,11.62,-0.04,4,4656,卖盘
150,09:51:37,11.67,0.05,35,40769,买盘
151,09:51:43,11.62,-0.05,14,16268,卖盘
152,09:51:46,11.67,0.05,14,16345,卖盘
153,09:51:52,11.62,-0.05,2,2324,卖盘
154,09:52:01,11.62,0.0,27,31460,卖盘
155,09:54:10,11.65,0.03,1,1165,卖盘
156,09:54:28,11.65,0.0,40,46600,卖盘
157,09:54:43,11.65,0.0,13,15145,买盘
158,09:54:46,11.65,0.0,1,1165,卖盘
159,09:54:49,11.64,-0.01,15,17465,卖盘
160,09:55:19,11.64,0.0,6,6984,卖盘
161,09:55:28,11.65,0.01,3,3495,买盘
162,09:55:49,11.65,0.0,9,10484,买盘
163,09:55:52,11.65,0.0,5,5825,买盘
164,09:55:55,11.65,0.0,19,22135,买盘
165,09:55:58,11.64,-0.01,16,18624,卖盘
166,09:56:22,11.65,0.01,9,10485,买盘
167,09:56:28,11.63,-0.02,153,178079,卖盘
168,09:56:34,11.64,0.01,3,3492,卖盘
169,09:56:37,11.68,0.04,12,14016,买盘
170,09:56:43,11.68,0.0,1,1168,卖盘
171,09:56:52,11.68,0.0,10,11680,卖盘
172,09:57:01,11.68,0.0,17,19856,卖盘
173,09:57:04,11.7,0.02,18,21053,买盘
174,09:57:10,11.7,0.0,1,1170,卖盘
175,09:57:13,11.64,-0.06,1,1164,卖盘
176,09:57:19,11.62,-0.02,98,113947,卖盘
177,09:57:25,11.62,0.0,1,1162,买盘
178,09:57:40,11.62,0.0,36,41832,买盘
179,09:57:43,11.62,0.0,30,34860,买盘
180,09:57:46,11.62,0.0,3,3486,买盘
181,09:57:49,11.62,0.0,28,32536,买盘
182,09:57:52,11.62,0.0,20,23240,买盘
183,09:58:04,11.63,0.01,5,5815,卖盘
184,09:58:25,11.63,0.0,10,11630,卖盘
185,09:58:31,11.63,0.0,10,11630,卖盘
186,09:58:40,11.63,0.0,2,2326,买盘
187,09:58:46,11.63,0.0,1,1163,买盘
188,09:58:49,11.63,0.0,17,19771,买盘
189,09:58:55,11.63,0.0,64,74378,买盘
190,09:59:19,11.63,0.0,2,2326,卖盘
191,09:59:25,11.63,0.0,16,18618,卖盘
192,09:59:55,11.64,0.01,1,1164,卖盘
193,10:00:01,11.65,0.01,2,2330,买盘
194,10:00:05,11.65,0.0,12,13980,买盘
195,10:00:16,11.64,-0.01,27,31432,卖盘
196,10:00:22,11.64,0.0,21,24445,卖盘
197,10:00:31,11.63,-0.01,3,3489,卖盘
198,10:00:34,11.63,0.0,56,65128,卖盘
199,10:00:40,11.63,0.0,6,6978,卖盘
200,10:00:46,11.62,-0.01,71,82502,卖盘
201,10:00:49,11.62,0.0,1,1162,买盘
202,10:00:52,11.62,0.0,4,4648,卖盘
203,10:00:55,11.61,-0.01,56,65021,卖盘
204,10:01:13,11.6,-0.01,93,107894,卖盘
205,10:01:19,11.6,0.0,30,34800,买盘
206,10:01:40,11.58,-0.02,1,1158,买盘
207,10:01:55,11.6,0.02,1,1160,买盘
208,10:01:58,11.57,-0.03,58,67147,卖盘
209,10:02:01,11.57,0.0,118,136526,买盘
210,10:02:04,11.57,0.0,10,11570,买盘
211,10:02:07,11.57,0.0,18,20826,买盘
212,10:02:10,11.57,0.0,10,11570,买盘
213,10:02:16,11.57,0.0,1,1157,买盘
214,10:02:19,11.57,0.0,1,1157,买盘
215,10:02:22,11.57,0.0,9,10413,买盘
216,10:02:34,11.57,0.0,1,1157,卖盘
217,10:03:19,11.6,0.03,7,8120,卖盘
218,10:03:43,11.6,0.0,6,6960,卖盘
219,10:04:01,11.6,0.0,2,2320,卖盘
220,10:04:16,11.6,0.0,1,1160,卖盘
221,10:04:31,11.6,0.0,5,5800,卖盘
222,10:04:46,11.67,0.07,18,21003,买盘
223,10:04:52,11.67,0.0,8,9336,卖盘
224,10:04:58,11.6,-0.07,8,9281,卖盘
225,10:05:04,11.67,0.07,13,15171,买盘
226,10:05:07,11.6,-0.07,67,77982,卖盘
227,10:05:13,11.6,0.0,1,1160,买盘
228,10:05:19,11.6,0.0,1,1160,买盘
229,10:05:22,11.6,0.0,3,3480,买盘
230,10:05:25,11.6,0.0,3,3480,买盘
231,10:05:28,11.6,0.0,3,3480,买盘
232,10:05:31,11.6,0.0,19,22040,买盘
233,10:05:34,11.6,0.0,114,132240,买盘
234,10:07:16,11.64,0.04,9,10476,卖盘
235,10:07:49,11.68,0.04,9,10510,买盘
236,10:07:55,11.68,0.0,6,7008,卖盘
237,10:08:25,11.63,-0.05,10,11631,卖盘
238,10:08:40,11.64,0.01,1,1164,卖盘
239,10:09:31,11.64,0.0,5,5820,买盘
240,10:09:42,11.64,0.0,10,11640,卖盘
241,10:11:34,11.66,0.02,2,2332,卖盘
242,10:11:43,11.67,0.01,4,4668,买盘
243,10:11:52,11.67,0.0,4,4668,买盘
244,10:12:10,11.68,0.01,3,3504,买盘
245,10:12:34,11.69,0.01,1,1169,卖盘
246,10:12:37,11.69,0.0,1,1169,卖盘
247,10:12:40,11.7,0.01,9,10529,买盘
248,10:13:07,11.68,-0.02,4,4672,卖盘
249,10:13:25,11.67,-0.01,10,11670,卖盘
250,10:13:37,11.67,0.0,1,1167,卖盘
251,10:13:55,11.67,0.0,4,4668,卖盘
252,10:14:01,11.65,-0.02,18,20999,卖盘
253,10:14:13,11.68,0.03,13,15177,买盘
254,10:14:46,11.65,-0.03,43,51225,卖盘
255,10:14:55,11.66,0.01,5,5830,卖盘
256,10:14:58,11.66,0.0,30,34980,卖盘
257,10:15:04,11.66,0.0,1,1166,卖盘
258,10:15:28,11.66,0.0,5,5830,卖盘
259,10:16:37,11.67,0.01,1,1167,卖盘
260,10:17:42,11.67,0.0,9,10503,买盘
261,10:18:01,11.67,0.0,1,1167,买盘
262,10:18:04,11.66,-0.01,4,4664,卖盘
263,10:18:22,11.65,-0.01,7,7025,卖盘
264,10:18:36,11.64,-0.01,51,59364,卖盘
265,10:18:40,11.64,0.0,25,29100,卖盘
266,10:19:10,11.64,0.0,24,27936,卖盘
267,10:19:49,11.64,0.0,19,22116,卖盘
268,10:20:25,11.63,-0.01,7,8141,卖盘
269,10:20:49,11.63,0.0,12,13956,卖盘
270,10:21:04,11.63,0.0,7,8141,卖盘
271,10:21:07,11.63,0.0,8,9304,卖盘
272,10:21:16,11.63,0.0,7,8141,卖盘
273,10:23:43,11.63,0.0,1,1163,卖盘
274,10:24:04,11.64,0.01,10,11640,买盘
275,10:24:34,11.63,-0.01,1,1163,卖盘
276,10:24:55,11.64,0.01,1,1164,买盘
277,10:24:58,11.64,0.0,3,3492,买盘
278,10:25:28,11.65,0.01,1,1165,中性盘
279,10:26:13,11.65,0.0,1,1165,卖盘
280,10:27:19,11.65,0.0,50,58250,卖盘
281,10:27:25,11.65,0.0,3,3495,卖盘
282,10:27:31,11.65,0.0,4,4660,卖盘
283,10:27:55,11.64,-0.01,6,6984,卖盘
284,10:27:58,11.63,-0.01,50,58155,卖盘
285,10:28:07,11.63,0.0,50,58150,卖盘
286,10:28:10,11.62,-0.01,39,45327,卖盘
287,10:28:43,11.61,-0.01,5,5805,卖盘
288,10:28:46,11.6,-0.01,42,48738,卖盘
289,10:28:55,11.6,0.0,10,11600,卖盘
290,10:29:04,11.6,0.0,5,5800,卖盘
291,10:29:10,11.6,0.0,3,3480,卖盘
292,10:29:13,11.6,0.0,18,20880,卖盘
293,10:29:16,11.57,-0.03,50,57908,卖盘
294,10:29:28,11.57,0.0,6,6942,卖盘
295,10:30:01,11.56,-0.01,75,86746,卖盘
296,10:30:13,11.56,0.0,14,16184,卖盘
297,10:30:46,11.56,0.0,4,4624,卖盘
298,10:31:10,11.58,0.02,92,106536,买盘
299,10:31:13,11.58,0.0,19,22002,买盘
300,10:31:16,11.58,0.0,7,8106,买盘
301,10:31:22,11.58,0.0,19,22002,卖盘
302,10:31:28,11.58,0.0,30,34758,卖盘
303,10:31:31,11.59,0.01,42,48651,买盘
304,10:31:34,11.58,-0.01,31,35901,卖盘
305,10:31:37,11.58,0.0,3,3474,买盘
306,10:31:40,11.58,0.0,28,32424,买盘
307,10:31:46,11.57,-0.01,20,23140,买盘
308,10:31:49,11.55,-0.02,40,46225,卖盘
309,10:31:58,11.57,0.02,1,1157,买盘
310,10:32:46,11.58,0.01,9,10422,买盘
311,10:33:07,11.58,0.0,6,6948,买盘
312,10:33:22,11.58,0.0,2,2316,买盘
313,10:33:34,11.58,0.0,26,30108,买盘
314,10:34:04,11.58,0.0,1,1158,买盘
315,10:34:10,11.58,0.0,6,6948,买盘
316,10:34:34,11.58,0.0,1,1158,卖盘
317,10:34:49,11.58,0.0,7,8106,卖盘
318,10:35:31,11.58,0.0,20,23160,卖盘
319,10:36:16,11.58,0.0,36,41698,卖盘
320,10:36:19,11.58,0.0,6,6948,卖盘
321,10:36:22,11.58,0.0,1,1158,卖盘
322,10:36:43,11.59,0.01,1,1159,买盘
323,10:37:43,11.58,-0.01,33,38214,卖盘
324,10:38:46,11.58,0.0,28,32424,卖盘
325,10:39:19,11.58,0.0,4,4632,卖盘
326,10:39:43,11.59,0.01,21,24339,买盘
327,10:41:25,11.58,-0.01,50,57900,卖盘
328,10:41:40,11.58,0.0,16,18528,卖盘
329,10:41:52,11.58,0.0,9,10422,买盘
330,10:42:16,11.58,0.0,20,23160,买盘
331,10:42:34,11.57,-0.01,1,1157,卖盘
332,10:42:58,11.58,0.01,22,25476,买盘
333,10:43:10,11.58,0.0,20,23160,买盘
334,10:43:16,11.58,0.0,1,1158,买盘
335,10:43:25,11.58,0.0,2,2316,买盘
336,10:43:28,11.58,0.0,10,11580,买盘
337,10:43:40,11.59,0.01,1,1159,买盘
338,10:43:46,11.59,0.0,1,1159,买盘
339,10:43:55,11.58,-0.01,5,5792,卖盘
340,10:44:01,11.59,0.01,1,1159,买盘
341,10:44:22,11.59,0.0,4,4636,买盘
342,10:45:49,11.6,0.01,2,2320,买盘
343,10:46:16,11.59,-0.01,1,1159,卖盘
344,10:46:22,11.6,0.01,4,4639,买盘
345,10:46:28,11.59,-0.01,12,13908,卖盘
346,10:46:34,11.59,0.0,14,16236,卖盘
347,10:46:36,11.59,0.0,1,1159,卖盘
348,10:47:09,11.59,0.0,1,1159,卖盘
349,10:47:45,11.6,0.01,1,1160,买盘
350,10:49:21,11.6,0.0,14,16240,买盘
351,10:49:43,11.6,0.0,50,58000,买盘
352,10:50:40,11.59,-0.01,1,1159,卖盘
353,10:51:01,11.59,0.0,1,1159,卖盘
354,10:51:10,11.58,-0.01,29,33601,卖盘
355,10:51:37,11.58,0.0,8,9264,卖盘
356,10:51:43,11.58,0.0,1,1158,卖盘
357,10:52:19,11.58,0.0,5,5790,卖盘
358,10:52:43,11.58,0.0,105,121590,卖盘
359,10:52:58,11.57,-0.01,3,3471,卖盘
360,10:53:25,11.57,0.0,10,11570,卖盘
361,10:54:06,11.57,0.0,9,10414,卖盘
362,10:54:19,11.57,0.0,17,19669,卖盘
363,10:54:25,11.57,0.0,22,25454,卖盘
364,10:55:58,11.57,0.0,15,17355,卖盘
365,10:56:24,11.57,0.0,15,17355,卖盘
366,10:56:28,11.57,0.0,16,18512,卖盘
367,10:56:30,11.58,0.01,10,11580,买盘
368,10:58:01,11.58,0.0,8,9264,买盘
369,10:58:25,11.58,0.0,19,22002,买盘
370,10:59:10,11.57,-0.01,7,8106,卖盘
371,11:00:52,11.61,0.04,4,4644,买盘
372,11:00:55,11.61,0.0,8,9288,买盘
373,11:01:37,11.6,-0.01,1,1160,卖盘
374,11:01:40,11.61,0.01,7,8127,买盘
375,11:02:28,11.63,0.02,6,6978,买盘
376,11:02:52,11.64,0.01,1,1164,买盘
377,11:03:04,11.63,-0.01,3,3489,卖盘
378,11:03:58,11.63,0.0,8,9304,买盘
379,11:04:16,11.61,-0.02,5,5805,卖盘
380,11:05:12,11.61,0.0,11,12771,卖盘
381,11:05:31,11.63,0.02,2,2326,买盘
382,11:05:37,11.63,0.0,2,2326,卖盘
383,11:05:43,11.63,0.0,2,2326,卖盘
384,11:05:49,11.63,0.0,2,2326,卖盘
385,11:05:55,11.61,-0.02,9,10449,卖盘
386,11:05:58,11.58,-0.03,12,13926,卖盘
387,11:06:54,11.6,0.02,7,8120,买盘
388,11:08:04,11.6,0.0,2,2320,卖盘
389,11:08:28,11.6,0.0,8,9280,买盘
390,11:08:37,11.58,-0.02,9,10422,卖盘
391,11:09:19,11.6,0.02,91,105560,买盘
392,11:09:52,11.61,0.01,2,2322,买盘
393,11:10:01,11.6,-0.01,12,13931,卖盘
394,11:10:28,11.6,0.0,3,3480,卖盘
395,11:11:22,11.6,0.0,8,9280,买盘
396,11:12:13,11.58,-0.02,14,16212,卖盘
397,11:12:30,11.59,0.01,4,4636,买盘
398,11:12:34,11.59,0.0,1,1159,卖盘
399,11:13:00,11.59,0.0,8,9272,买盘
400,11:13:04,11.58,-0.01,13,15054,卖盘
401,11:13:09,11.58,0.0,13,15054,卖盘
402,11:13:15,11.58,0.0,13,15054,卖盘
403,11:13:37,11.58,0.0,9,10422,卖盘
404,11:14:18,11.57,-0.01,26,30082,卖盘
405,11:14:27,11.6,0.03,9,10440,买盘
406,11:15:28,11.57,-0.03,13,15041,卖盘
407,11:15:30,11.57,0.0,12,13884,卖盘
408,11:15:40,11.6,0.03,38,44064,买盘
409,11:15:43,11.6,0.0,7,8120,卖盘
410,11:15:51,11.63,0.03,5,5813,买盘
411,11:15:55,11.63,0.0,3,3489,卖盘
412,11:16:19,11.63,0.0,7,8141,买盘
413,11:16:49,11.6,-0.03,21,24360,卖盘
414,11:17:09,11.57,-0.03,18,20826,卖盘
415,11:17:22,11.56,-0.01,20,23120,卖盘
416,11:17:25,11.57,0.01,6,6942,买盘
417,11:17:28,11.57,0.0,3,3471,卖盘
418,11:18:04,11.56,-0.01,28,32368,卖盘
419,11:18:25,11.55,-0.01,50,57750,卖盘
420,11:18:40,11.56,0.01,8,9245,买盘
421,11:18:58,11.56,0.0,1,1156,买盘
422,11:19:19,11.56,0.0,3,3468,买盘
423,11:20:00,11.55,-0.01,15,17340,卖盘
424,11:20:13,11.55,0.0,10,11550,卖盘
425,11:20:25,11.55,0.0,2,2310,买盘
426,11:20:34,11.55,0.0,6,6930,卖盘
427,11:21:06,11.53,-0.02,139,160374,卖盘
428,11:21:28,11.53,0.0,6,6918,买盘
429,11:21:34,11.53,0.0,5,5765,买盘
430,11:22:07,11.53,0.0,18,20756,卖盘
431,11:22:16,11.53,0.0,1,1153,买盘
432,11:22:28,11.53,0.0,1,1153,买盘
433,11:22:46,11.53,0.0,1,1153,买盘
434,11:23:46,11.55,0.02,3,3465,买盘
435,11:23:55,11.57,0.02,1,1157,买盘
436,11:24:07,11.57,0.0,1,1157,买盘
437,11:24:16,11.57,0.0,1,1157,买盘
438,11:24:22,11.52,-0.05,72,82971,卖盘
439,11:24:25,11.52,0.0,4,4608,买盘
440,11:24:28,11.52,0.0,8,9216,买盘
441,11:24:34,11.52,0.0,85,97920,买盘
442,11:25:07,11.57,0.05,4,4628,买盘
443,11:25:16,11.57,0.0,2,2314,买盘
444,11:25:27,11.57,0.0,1,1157,买盘
445,11:25:37,11.57,0.0,1,1157,买盘
446,11:25:49,11.59,0.02,22,25498,买盘
447,11:29:01,11.51,-0.08,126,145062,卖盘
448,11:29:18,11.51,0.0,5,5755,买盘
449,11:30:04,11.58,0.07,3,3474,买盘
450,13:00:07,11.58,0.0,17,19686,中性盘
451,13:00:12,11.56,-0.02,1,1156,卖盘
452,13:00:30,11.54,-0.02,1,1154,卖盘
453,13:02:52,11.58,0.04,3,3474,买盘
454,13:03:27,11.54,-0.04,3,3463,卖盘
455,13:08:36,11.57,0.03,4,4628,买盘
456,13:08:46,11.57,0.0,4,4628,买盘
457,13:09:21,11.57,0.0,14,16198,卖盘
458,13:12:16,11.58,0.01,1,1158,卖盘
459,13:13:04,11.57,-0.01,1,1157,卖盘
460,13:13:09,11.59,0.02,15,17385,买盘
461,13:13:30,11.6,0.01,1,1160,买盘
462,13:14:13,11.59,-0.01,1,1159,卖盘
463,13:14:54,11.6,0.01,14,16240,买盘
464,13:15:22,11.6,0.0,1,1160,卖盘
465,13:15:25,11.6,0.0,20,23200,卖盘
466,13:15:31,11.6,0.0,57,66115,买盘
467,13:15:34,11.6,0.0,4,4640,买盘
468,13:15:43,11.6,0.0,5,5800,买盘
469,13:15:49,11.6,0.0,10,11600,买盘
470,13:15:52,11.6,0.0,2,2320,买盘
471,13:15:55,11.6,0.0,8,9280,买盘
472,13:16:55,11.6,0.0,2,2320,卖盘
473,13:17:28,11.6,0.0,4,4640,卖盘
474,13:19:30,11.61,0.01,5,5805,卖盘
475,13:20:10,11.61,0.0,4,4644,卖盘
476,13:20:16,11.61,0.0,1,1161,卖盘
477,13:20:22,11.61,0.0,15,17415,卖盘
478,13:20:28,11.6,-0.01,5,5800,卖盘
479,13:20:31,11.6,0.0,1,1160,卖盘
480,13:21:15,11.6,0.0,3,3480,买盘
481,13:21:43,11.55,-0.05,99,114489,卖盘
482,13:22:10,11.55,0.0,2,2310,买盘
483,13:22:54,11.56,0.01,2,2312,卖盘
484,13:23:00,11.56,0.0,2,2312,卖盘
485,13:23:07,11.55,-0.01,1,1155,卖盘
486,13:23:12,11.55,0.0,7,8085,卖盘
487,13:23:58,11.56,0.01,1,1156,买盘
488,13:24:00,11.56,0.0,2,2312,卖盘
489,13:25:10,11.57,0.01,1,1157,卖盘
490,13:28:10,11.58,0.01,1,1158,卖盘
491,13:29:31,11.6,0.02,7,8120,买盘
492,13:31:07,11.58,-0.02,2,2316,卖盘
493,13:31:28,11.58,0.0,1,1158,卖盘
494,13:32:34,11.58,0.0,1,1158,卖盘
495,13:34:58,11.58,0.0,1,1158,卖盘
496,13:35:49,11.58,0.0,1,1158,卖盘
497,13:37:58,11.6,0.02,8,9280,买盘
498,13:38:13,11.61,0.01,8,9288,买盘
499,13:38:37,11.61,0.0,10,11610,卖盘
500,13:38:40,11.62,0.01,14,16268,买盘
501,13:40:22,11.63,0.01,6,6978,买盘
502,13:41:31,11.64,0.01,1,1164,买盘
503,13:42:04,11.64,0.0,8,9312,买盘
504,13:42:10,11.64,0.0,12,13968,卖盘
505,13:44:13,11.62,-0.02,1,1162,卖盘
506,13:44:18,11.62,0.0,11,12782,卖盘
507,13:44:24,11.62,0.0,4,4648,卖盘
508,13:44:31,11.61,-0.01,1,1161,卖盘
509,13:44:37,11.61,0.0,4,4644,卖盘
510,13:44:49,11.61,0.0,7,8127,买盘
511,13:45:04,11.62,0.01,2,2324,买盘
512,13:45:31,11.61,-0.01,4,4644,卖盘
513,13:45:37,11.61,0.0,1,1161,卖盘
514,13:45:58,11.61,0.0,2,2322,买盘
515,13:46:19,11.62,0.01,5,5810,买盘
516,13:46:31,11.6,-0.02,1,1160,卖盘
517,13:46:34,11.62,0.02,2,2324,卖盘
518,13:46:39,11.62,0.0,3,3486,卖盘
519,13:46:55,11.6,-0.02,8,9280,卖盘
520,13:47:42,11.62,0.02,5,5810,买盘
521,13:48:01,11.62,0.0,1,1162,买盘
522,13:49:25,11.62,0.0,5,5810,买盘
523,13:50:46,11.61,-0.01,1,1161,卖盘
524,13:51:06,11.62,0.01,3,3486,买盘
525,13:51:10,11.6,-0.02,5,5800,卖盘
526,13:51:12,11.62,0.02,5,5810,买盘
527,13:51:16,11.62,0.0,5,5810,卖盘
528,13:51:22,11.62,0.0,1,1162,买盘
529,13:51:40,11.64,0.02,11,12804,买盘
530,13:51:43,11.64,0.0,2,2328,买盘
531,13:51:46,11.65,0.01,3,3494,买盘
532,13:52:16,11.67,0.02,41,47798,买盘
533,13:52:34,11.67,0.0,26,30342,买盘
534,13:52:37,11.67,0.0,10,11670,买盘
535,13:52:40,11.67,0.0,6,7002,买盘
536,13:52:43,11.67,0.0,11,12837,买盘
537,13:53:01,11.69,0.02,15,17535,买盘
538,13:53:07,11.69,0.0,15,17535,买盘
539,13:53:10,11.69,0.0,3,3507,买盘
540,13:53:13,11.69,0.0,2,2338,买盘
541,13:53:16,11.69,0.0,3,3507,买盘
542,13:53:19,11.69,0.0,2,2338,买盘
543,13:53:25,11.69,0.0,6,7014,卖盘
544,13:53:37,11.7,0.01,32,37420,买盘
545,13:53:49,11.7,0.0,31,36270,买盘
546,13:53:52,11.7,0.0,43,50310,买盘
547,13:53:58,11.71,0.01,2,2342,买盘
548,13:54:01,11.7,-0.01,20,23400,卖盘
549,13:54:07,11.71,0.01,50,58550,买盘
550,13:54:13,11.71,0.0,20,23420,买盘
551,13:54:19,11.71,0.0,3,3513,买盘
552,13:54:55,11.72,0.01,1,1172,买盘
553,13:54:58,11.72,0.0,4,4688,买盘
554,13:55:04,11.72,0.0,6,7033,卖盘
555,13:55:07,11.73,0.01,1,1173,买盘
556,13:55:10,11.74,0.01,37,43426,买盘
557,13:55:13,11.73,-0.01,2,2346,卖盘
558,13:55:31,11.73,0.0,7,8211,卖盘
559,13:55:43,11.73,0.0,10,11730,卖盘
560,13:55:52,11.72,-0.01,20,23440,卖盘
561,13:55:58,11.73,0.01,6,7038,买盘
562,13:56:01,11.73,0.0,7,8211,买盘
563,13:56:10,11.73,0.0,13,15249,卖盘
564,13:56:16,11.73,0.0,5,5865,卖盘
565,13:56:19,11.72,-0.01,2,2344,卖盘
566,13:56:25,11.73,0.01,8,9384,买盘
567,13:56:30,11.73,0.0,4,4692,买盘
568,13:56:58,11.71,-0.02,10,11710,卖盘
569,13:57:06,11.71,0.0,7,8197,买盘
570,13:57:13,11.73,0.02,8,9370,买盘
571,13:57:16,11.63,-0.1,1,1163,卖盘
572,13:57:19,11.74,0.11,17,19945,买盘
573,13:57:28,11.73,-0.01,17,19941,买盘
574,13:57:33,11.73,0.0,1,1173,买盘
575,13:57:40,11.65,-0.08,4,4660,卖盘
576,13:57:46,11.65,0.0,4,4660,卖盘
577,14:00:33,11.71,0.06,7,8197,买盘
578,14:00:40,11.71,0.0,14,16394,卖盘
579,14:00:55,11.72,0.01,22,25784,买盘
580,14:00:58,11.72,0.0,3,3516,买盘
581,14:01:04,11.72,0.0,9,10548,买盘
582,14:01:07,11.71,-0.01,40,46847,卖盘
583,14:01:10,11.72,0.01,4,4688,买盘
584,14:01:31,11.71,-0.01,3,3513,卖盘
585,14:01:34,11.71,0.0,25,29275,买盘
586,14:01:58,11.71,0.0,25,29275,买盘
587,14:02:04,11.71,0.0,10,11710,买盘
588,14:02:46,11.75,0.04,76,89293,买盘
589,14:02:58,11.75,0.0,11,13301,买盘
590,14:03:19,11.76,0.01,15,17640,卖盘
591,14:03:43,11.77,0.01,1,1177,买盘
592,14:03:49,11.79,0.02,41,48339,买盘
593,14:04:07,11.82,0.03,37,43670,买盘
594,14:04:40,11.8,-0.02,15,17700,卖盘
595,14:04:43,11.81,0.01,47,55507,买盘
596,14:04:46,11.81,0.0,10,11810,卖盘
597,14:04:49,11.8,-0.01,15,17700,卖盘
598,14:05:07,11.79,-0.01,27,31833,卖盘
599,14:06:34,11.81,0.02,41,48390,买盘
600,14:06:40,11.81,0.0,8,9448,卖盘
601,14:06:46,11.81,0.0,1,1181,卖盘
602,14:07:01,11.74,-0.07,1,1174,卖盘
603,14:07:55,11.75,0.01,1,1175,卖盘
604,14:08:12,11.75,0.0,14,16450,卖盘
605,14:08:19,11.75,0.0,3,3525,买盘
606,14:08:48,11.78,0.03,1,1178,卖盘
607,14:09:10,11.78,0.0,3,3534,卖盘
608,14:09:18,11.79,0.01,8,9432,买盘
609,14:09:24,11.78,-0.01,8,9424,卖盘
610,14:09:34,11.79,0.01,9,10611,买盘
611,14:10:13,11.79,0.0,10,11790,买盘
612,14:10:34,11.79,0.0,2,2358,卖盘
613,14:11:13,11.8,0.01,10,11800,买盘
614,14:11:19,11.8,0.0,10,11800,买盘
615,14:11:49,11.8,0.0,21,24780,买盘
616,14:12:16,11.8,0.0,5,5900,买盘
617,14:13:40,11.8,0.0,11,12980,卖盘
618,14:13:43,11.8,0.0,8,9440,卖盘
619,14:13:52,11.8,0.0,30,35400,买盘
620,14:14:01,11.81,0.01,120,141720,买盘
621,14:14:16,11.81,0.0,5,5905,卖盘
622,14:14:19,11.81,0.0,2,2362,卖盘
623,14:14:25,11.81,0.0,2,2362,卖盘
624,14:15:49,11.81,0.0,8,9448,卖盘
625,14:15:55,11.82,0.01,8,9456,买盘
626,14:15:58,11.82,0.0,9,10638,买盘
627,14:16:04,11.82,0.0,19,22458,买盘
628,14:16:10,11.83,0.01,36,42588,买盘
629,14:16:34,11.84,0.01,15,17760,买盘
630,14:16:58,11.85,0.01,38,45030,买盘
631,14:17:34,11.85,0.0,10,11850,卖盘
632,14:18:22,11.86,0.01,4,5124,买盘
633,14:18:34,11.86,0.0,1,1186,卖盘
634,14:19:04,11.87,0.01,4,4748,买盘
635,14:19:07,11.87,0.0,2,2374,卖盘
636,14:19:19,11.87,0.0,2,2374,卖盘
637,14:19:22,11.88,0.01,75,89100,买盘
638,14:19:25,11.87,-0.01,10,11874,卖盘
639,14:19:40,11.87,0.0,3,3561,卖盘
640,14:19:58,11.86,-0.01,6,7116,卖盘
641,14:20:19,11.86,0.0,37,43882,卖盘
642,14:20:28,11.86,0.0,5,5930,卖盘
643,14:20:40,11.86,0.0,15,17790,卖盘
644,14:21:00,11.86,0.0,5,5930,卖盘
645,14:21:16,11.86,0.0,15,17790,卖盘
646,14:21:37,11.86,0.0,25,29650,卖盘
647,14:21:46,11.86,0.0,1,1186,卖盘
648,14:21:49,11.86,0.0,39,46254,卖盘
649,14:21:58,11.85,-0.01,85,100725,卖盘
650,14:22:10,11.85,0.0,15,17775,买盘
651,14:22:16,11.85,0.0,13,15405,买盘
652,14:22:25,11.85,0.0,17,20135,买盘
653,14:23:43,11.84,-0.01,5,5920,买盘
654,14:23:49,11.83,-0.01,1,1183,卖盘
655,14:26:01,11.8,-0.03,66,77893,卖盘
656,14:28:01,11.81,0.01,5,5905,卖盘
657,14:28:06,11.81,0.0,1,1181,卖盘
658,14:28:34,11.82,0.01,16,18912,买盘
659,14:28:55,11.82,0.0,4,4728,买盘
660,14:29:04,11.82,0.0,5,5910,卖盘
661,14:29:10,11.82,0.0,8,9456,卖盘
662,14:29:27,11.81,-0.01,1,1181,卖盘
663,14:29:37,11.82,0.01,28,33096,买盘
664,14:29:49,11.83,0.01,13,15379,买盘
665,14:30:07,11.83,0.0,20,23660,买盘
666,14:30:33,11.84,0.01,1,1184,买盘
667,14:30:43,11.84,0.0,5,5920,卖盘
668,14:30:55,11.84,0.0,16,18944,卖盘
669,14:31:22,11.84,0.0,16,18944,买盘
670,14:32:10,11.84,0.0,6,7104,买盘
671,14:32:43,11.85,0.01,5,5925,买盘
672,14:32:55,11.85,0.0,17,20145,买盘
673,14:33:40,11.85,0.0,7,8295,买盘
674,14:34:25,11.86,0.01,13,15418,买盘
675,14:35:16,11.85,-0.01,1,1185,买盘
676,14:35:37,11.84,-0.01,5,5920,买盘
677,14:36:43,11.84,0.0,1,1184,买盘
678,14:37:16,11.84,0.0,30,35520,卖盘
679,14:37:37,11.85,0.01,1,1185,买盘
680,14:37:40,11.84,-0.01,20,23680,卖盘
681,14:37:49,11.84,0.0,1,1184,卖盘
682,14:38:10,11.83,-0.01,15,17745,卖盘
683,14:38:40,11.83,0.0,5,5915,卖盘
684,14:39:16,11.83,0.0,5,5915,卖盘
685,14:39:51,11.84,0.01,12,14208,买盘
686,14:40:04,11.84,0.0,12,14208,卖盘
687,14:40:36,11.84,0.0,19,22496,买盘
688,14:40:43,11.84,0.0,2,2368,卖盘
689,14:41:22,11.83,-0.01,8,9464,买盘
690,14:41:46,11.84,0.01,12,14208,卖盘
691,14:41:49,11.84,0.0,5,5920,买盘
692,14:42:10,11.84,0.0,8,9467,买盘
693,14:42:13,11.84,0.0,10,11840,卖盘
694,14:42:55,11.84,0.0,20,23680,卖盘
695,14:43:13,11.84,0.0,10,11840,卖盘
696,14:43:16,11.84,0.0,20,23680,卖盘
697,14:43:48,11.85,0.01,10,11850,买盘
698,14:44:34,11.86,0.01,5,5930,买盘
699,14:44:40,11.86,0.0,3,3558,买盘
700,14:45:22,11.85,-0.01,10,11850,卖盘
701,14:46:43,11.84,-0.01,10,11835,买盘
702,14:48:45,11.81,-0.03,31,36611,买盘
703,14:48:51,11.8,-0.01,2,2361,卖盘
704,14:49:25,11.81,0.01,3,3543,买盘
705,14:49:49,11.81,0.0,58,68498,卖盘
706,14:50:04,11.81,0.0,9,10629,卖盘
707,14:51:10,11.82,0.01,2,2364,卖盘
708,14:53:40,11.82,0.0,13,15366,卖盘
709,14:53:55,11.82,0.0,20,23640,买盘
710,14:54:04,11.82,0.0,1,1182,买盘
711,14:54:10,11.82,0.0,15,17730,买盘
712,14:54:25,11.82,0.0,25,29550,买盘
713,14:54:34,11.82,0.0,8,9456,买盘
714,14:54:37,11.82,0.0,9,10638,买盘
715,14:56:31,11.84,0.02,3,3550,买盘
716,14:56:40,11.82,-0.02,4,4728,卖盘
717,14:56:43,11.82,0.0,1,1182,卖盘
718,14:56:46,11.82,0.0,1,1182,卖盘
719,15:00:05,11.83,0.01,11,13013,卖盘
