,time,price,change,volume,amount,type
0,09:25:04,11.86,-0.08,10,11860,卖盘
1,09:30:04,11.86,0.0,2,2372,卖盘
2,09:30:07,11.86,0.0,13,15418,买盘
3,09:30:10,11.86,0.0,5,5930,买盘
4,09:30:19,11.86,0.0,13,15418,买盘
5,09:30:25,11.86,0.0,12,14232,买盘
6,09:30:28,11.86,0.0,1,1186,买盘
7,09:30:31,11.86,0.0,5,5930,卖盘
8,09:30:40,11.86,0.0,31,36766,卖盘
9,09:30:43,11.86,0.0,1,1186,卖盘
10,09:30:46,11.8,-0.06,129,152614,卖盘
11,09:30:52,11.8,0.0,4,4720,买盘
12,09:30:55,11.8,0.0,15,17696,买盘
13,09:31:01,11.8,0.0,3,3540,买盘
14,09:31:05,11.8,0.0,78,92040,买盘
15,09:31:13,11.79,-0.01,6,7074,中性盘
16,09:31:19,11.79,0.0,4,4716,买盘
17,09:31:22,11.8,0.01,10,11799,买盘
18,09:31:28,11.8,0.0,13,15340,买盘
19,09:31:34,11.79,-0.01,13,15334,卖盘
20,09:31:43,11.8,0.01,1,1180,卖盘
21,09:32:37,11.88,0.08,10,11880,买盘
22,09:32:43,11.88,0.0,1,1188,卖盘
23,09:32:58,11.88,0.0,1,1188,卖盘
24,09:33:04,11.88,0.0,7,8317,卖盘
25,09:33:13,11.88,0.0,10,11880,卖盘
26,09:33:28,11.89,0.01,21,24969,买盘
27,09:33:40,11.88,-0.01,2,2376,卖盘
28,09:33:43,11.88,0.0,1,1188,卖盘
29,09:33:52,11.89,0.01,4,4756,买盘
30,09:33:55,11.89,0.0,2,2378,卖盘
31,09:33:58,11.89,0.0,1,1189,卖盘
32,09:34:34,11.9,0.01,6,7140,买盘
33,09:34:46,11.9,0.0,6,7140,卖盘
34,09:35:10,11.89,-0.01,8,9512,卖盘
35,09:35:16,11.89,0.0,6,7130,买盘
36,09:35:19,11.88,-0.01,10,11880,卖盘
37,09:35:22,11.89,0.01,14,16646,买盘
38,09:35:28,11.88,-0.01,16,19008,卖盘
39,09:35:31,11.89,0.01,1,1189,买盘
40,09:35:37,11.9,0.01,1,1190,买盘
41,09:35:40,11.9,0.0,1,1190,买盘
42,09:35:43,11.9,0.0,3,3570,买盘
43,09:36:31,11.9,0.0,7,8330,买盘
44,09:36:34,11.91,0.01,13,15483,买盘
45,09:36:40,11.9,-0.01,3,3570,卖盘
46,09:36:49,11.9,0.0,15,17850,买盘
47,09:37:28,11.9,0.0,4,4760,买盘
48,09:37:52,11.88,-0.02,2,2376,卖盘
49,09:38:13,11.88,0.0,3,3564,卖盘
50,09:38:22,11.9,0.02,14,16660,买盘
51,09:38:28,11.88,-0.02,2,2376,卖盘
52,09:38:52,11.9,0.02,10,11900,买盘
53,09:39:07,11.91,0.01,7,8337,买盘
54,09:39:13,11.91,0.0,8,9528,买盘
55,09:39:28,11.9,-0.01,17,20242,卖盘
56,09:39:52,11.91,0.01,15,17865,买盘
57,09:40:19,11.91,0.0,24,28584,买盘
58,09:40:52,11.91,0.0,3,3573,卖盘
59,09:40:58,11.92,0.01,10,11920,买盘
60,09:41:07,11.92,0.0,8,9536,卖盘
61,09:41:16,11.91,-0.01,5,5956,卖盘
62,09:41:22,11.93,0.02,14,16702,买盘
63,09:41:25,11.93,0.0,33,39369,买盘
64,09:41:34,11.93,0.0,17,20281,卖盘
65,09:41:49,11.92,-0.01,5,5960,买盘
66,09:41:52,11.92,0.0,4,4768,买盘
67,09:41:58,11.93,0.01,7,8350,买盘
68,09:42:07,11.93,0.0,49,58457,卖盘
69,09:42:31,11.92,-0.01,3,3576,卖盘
70,09:42:43,11.91,-0.01,4,4764,卖盘
71,09:42:52,11.92,0.01,8,9536,买盘
72,09:42:55,11.92,0.0,1,1192,卖盘
73,09:43:10,11.92,0.0,4,4768,卖盘
74,09:43:13,11.92,0.0,3,3576,卖盘
75,09:43:22,11.91,-0.01,20,23820,卖盘
76,09:43:25,11.92,0.01,4,4768,买盘
77,09:43:28,11.91,-0.01,19,22629,卖盘
78,09:43:34,11.92,0.01,32,38142,买盘
79,09:43:40,11.92,0.0,6,7152,买盘
80,09:44:01,11.92,0.0,1,1192,买盘
81,09:44:25,11.93,0.01,14,16702,买盘
82,09:44:28,11.92,-0.01,2,2384,卖盘
83,09:44:34,11.93,0.01,12,14316,买盘
84,09:44:37,11.92,-0.01,5,5962,卖盘
85,09:45:01,11.94,0.02,4,4776,买盘
86,09:45:34,11.92,-0.02,1,1192,卖盘
87,09:45:52,11.92,0.0,15,17880,买盘
88,09:46:22,11.92,0.0,4,4768,买盘
89,09:46:25,11.9,-0.02,1,1190,卖盘
90,09:46:40,11.9,0.0,4,4760,卖盘
91,09:46:52,11.94,0.04,8,9538,买盘
92,09:47:04,11.9,-0.04,64,76160,卖盘
93,09:47:19,11.88,-0.02,2,2376,卖盘
94,09:47:22,11.89,0.01,5,5945,买盘
95,09:47:31,11.9,0.01,1,1190,买盘
96,09:47:34,11.89,-0.01,2,2378,卖盘
97,09:47:37,11.9,0.01,180,214200,买盘
98,09:47:40,11.9,0.0,30,35700,卖盘
99,09:47:43,11.92,0.02,14,16664,买盘
100,09:47:58,11.92,0.0,4,4768,买盘
101,09:48:07,11.92,0.0,2,2384,买盘
102,09:48:49,11.92,0.0,26,30992,买盘
103,09:49:10,11.94,0.02,1,1194,买盘
104,09:49:25,11.93,-0.01,4,4772,买盘
105,09:49:31,11.93,0.0,46,54878,买盘
106,09:49:37,11.93,0.0,4,4772,卖盘
107,09:49:40,11.94,0.01,9,10746,买盘
108,09:50:10,11.92,-0.02,30,35760,卖盘
109,09:50:55,11.94,0.02,3,3582,买盘
110,09:50:58,11.94,0.0,2,2388,卖盘
111,09:51:01,11.91,-0.03,2,2382,卖盘
112,09:51:07,11.92,0.01,1,1192,卖盘
113,09:51:16,11.91,-0.01,2,2382,买盘
114,09:51:19,11.89,-0.02,35,41615,卖盘
115,09:52:10,11.89,0.0,3,3567,卖盘
116,09:52:25,11.92,0.03,4,4768,买盘
117,09:52:43,11.89,-0.03,2,2378,卖盘
118,09:53:25,11.92,0.03,4,4768,买盘
119,09:53:28,11.92,0.0,1,1192,卖盘
120,09:53:31,11.92,0.0,8,9536,卖盘
121,09:53:36,11.92,0.0,1,1192,卖盘
122,09:54:01,11.92,0.0,4,4768,买盘
123,09:54:22,11.89,-0.03,4,4756,卖盘
124,09:54:25,11.92,0.03,1,1192,买盘
125,09:54:49,11.92,0.0,3,3576,买盘
126,09:54:52,11.92,0.0,12,14304,卖盘
127,09:55:13,11.92,0.0,1,1192,卖盘
128,09:56:04,11.92,0.0,4,4768,买盘
129,09:56:25,11.93,0.01,14,16702,买盘
130,09:57:01,11.92,-0.01,83,98936,卖盘
131,09:57:34,11.92,0.0,50,59589,买盘
132,09:57:55,11.92,0.0,15,17880,买盘
133,09:58:25,11.92,0.0,4,4768,买盘
134,09:58:43,11.89,-0.03,41,48749,卖盘
135,09:59:22,11.91,0.02,14,16674,买盘
136,09:59:40,11.9,-0.01,1,1190,买盘
137,09:59:55,11.9,0.0,4,4760,买盘
138,10:00:28,11.89,-0.01,1,1189,卖盘
139,10:00:55,11.9,0.01,2,2380,买盘
140,10:01:07,11.9,0.0,1,1190,卖盘
141,10:01:13,11.9,0.0,12,14280,卖盘
142,10:01:25,11.91,0.01,4,4764,买盘
143,10:01:43,11.89,-0.02,8,9512,卖盘
144,10:01:49,11.88,-0.01,8,9505,卖盘
145,10:01:55,11.85,-0.03,17,20169,卖盘
146,10:02:01,11.83,-0.02,16,18952,卖盘
147,10:02:07,11.83,0.0,1,1183,卖盘
148,10:02:37,11.83,0.0,8,9464,卖盘
149,10:02:40,11.83,0.0,17,20111,卖盘
150,10:03:04,11.84,0.01,8,9472,卖盘
151,10:03:13,11.83,-0.01,16,18936,卖盘
152,10:03:16,11.83,0.0,2,2366,卖盘
153,10:03:28,11.83,0.0,4,4732,卖盘
154,10:03:37,11.83,0.0,23,27209,卖盘
155,10:03:43,11.83,0.0,6,7098,卖盘
156,10:03:49,11.83,0.0,7,8281,卖盘
157,10:03:52,11.83,0.0,10,11834,卖盘
158,10:04:13,11.82,-0.01,18,21276,卖盘
159,10:04:19,11.82,0.0,6,7092,卖盘
160,10:04:25,11.82,0.0,7,8274,卖盘
161,10:04:31,11.83,0.01,4,4732,买盘
162,10:05:06,11.83,0.0,8,9464,买盘
163,10:05:22,11.83,0.0,8,9464,买盘
164,10:05:25,11.83,0.0,4,4732,卖盘
165,10:05:34,11.83,0.0,18,21294,卖盘
166,10:05:40,11.83,0.0,6,7098,卖盘
167,10:05:52,11.83,0.0,18,21294,卖盘
168,10:05:58,11.82,-0.01,6,7096,卖盘
169,10:06:40,11.87,0.05,6,7122,买盘
170,10:06:43,11.87,0.0,2,2374,卖盘
171,10:06:52,11.88,0.01,21,24948,买盘
172,10:06:58,11.89,0.01,11,13078,买盘
173,10:07:25,11.89,0.0,11,13079,买盘
174,10:07:34,11.89,0.0,10,11890,卖盘
175,10:07:43,11.89,0.0,6,7134,卖盘
176,10:07:55,11.89,0.0,6,7134,卖盘
177,10:08:01,11.89,0.0,4,4756,卖盘
178,10:08:07,11.89,0.0,1,1189,卖盘
179,10:08:19,11.9,0.01,6,7140,买盘
180,10:08:55,11.9,0.0,4,4760,买盘
181,10:09:09,11.9,0.0,1,1190,买盘
182,10:09:13,11.89,-0.01,8,9512,卖盘
183,10:10:04,11.89,0.0,1,1189,买盘
184,10:10:13,11.89,0.0,1,1189,买盘
185,10:10:22,11.9,0.01,5,5950,买盘
186,10:10:30,11.9,0.0,2,2380,买盘
187,10:10:40,11.9,0.0,2,2380,买盘
188,10:11:00,11.9,0.0,1,1190,买盘
189,10:12:13,11.9,0.0,2,2380,买盘
190,10:12:15,11.9,0.0,1,1190,买盘
191,10:12:33,11.88,-0.02,2,2376,卖盘
192,10:13:49,11.88,0.0,7,8316,卖盘
193,10:13:58,11.9,0.02,3,3570,买盘
194,10:14:12,11.9,0.0,11,13090,买盘
195,10:15:31,11.88,-0.02,1,1188,卖盘
196,10:15:42,11.88,0.0,5,5940,卖盘
197,10:15:55,11.88,0.0,3,3564,卖盘
198,10:17:13,11.85,-0.03,1,1185,卖盘
199,10:17:28,11.85,0.0,1,1185,卖盘
200,10:17:30,11.86,0.01,3,3558,买盘
201,10:17:45,11.85,-0.01,13,15405,卖盘
202,10:17:55,11.85,0.0,12,14220,买盘
203,10:18:07,11.85,0.0,1,1185,卖盘
204,10:18:12,11.85,0.0,1,1185,卖盘
205,10:18:25,11.86,0.01,6,7116,买盘
206,10:18:34,11.85,-0.01,29,34365,卖盘
207,10:18:37,11.86,0.01,8,9488,买盘
208,10:18:43,11.86,0.0,4,4744,卖盘
209,10:18:57,11.87,0.01,6,7122,买盘
210,10:19:07,11.87,0.0,1,1187,卖盘
211,10:20:51,11.88,0.01,20,23760,买盘
212,10:21:04,11.88,0.0,5,5940,买盘
213,10:21:34,11.87,-0.01,4,4748,卖盘
214,10:22:07,11.88,0.01,2,2375,买盘
215,10:22:28,11.88,0.0,9,10692,买盘
216,10:22:43,11.89,0.01,5,5945,买盘
217,10:23:18,11.88,-0.01,1,1188,卖盘
218,10:23:43,11.88,0.0,1,1188,卖盘
219,10:23:52,11.88,0.0,1,1188,买盘
220,10:23:55,11.88,0.0,2,2376,买盘
221,10:24:06,11.89,0.01,2,2377,买盘
222,10:24:19,11.88,-0.01,10,11880,卖盘
223,10:24:28,11.89,0.01,5,5945,买盘
224,10:25:01,11.89,0.0,9,10701,买盘
225,10:25:07,11.89,0.0,6,7134,买盘
226,10:25:19,11.9,0.01,4,4760,买盘
227,10:26:13,11.9,0.0,4,4760,买盘
228,10:26:34,11.9,0.0,5,5950,买盘
229,10:27:04,11.91,0.01,1,1191,买盘
230,10:27:27,11.91,0.0,4,4763,买盘
231,10:27:43,11.89,-0.02,5,5945,买盘
232,10:28:06,11.89,0.0,1,1189,卖盘
233,10:28:48,11.9,0.01,9,10710,买盘
234,10:29:07,11.9,0.0,1,1190,卖盘
235,10:30:16,11.9,0.0,1,1190,卖盘
236,10:30:22,11.9,0.0,6,7140,卖盘
237,10:30:51,11.91,0.01,1,1191,买盘
238,10:31:45,11.9,-0.01,1,1190,卖盘
239,10:31:58,11.9,0.0,5,5950,卖盘
240,10:32:06,11.9,0.0,1,1190,卖盘
241,10:32:28,11.9,0.0,40,47600,卖盘
242,10:32:34,11.9,0.0,9,10710,卖盘
243,10:32:36,11.84,-0.06,3,3552,卖盘
244,10:32:57,11.9,0.06,1,1190,买盘
245,10:34:43,11.84,-0.06,1,1184,卖盘
246,10:35:07,11.84,0.0,1,1184,卖盘
247,10:36:10,11.89,0.05,7,8323,买盘
248,10:36:16,11.89,0.0,7,8323,买盘
249,10:36:19,11.89,0.0,1,1189,卖盘
250,10:36:30,11.9,0.01,17,20230,买盘
251,10:36:40,11.91,0.01,35,41685,买盘
252,10:37:07,11.91,0.0,1,1191,卖盘
253,10:38:07,11.91,0.0,1,1191,卖盘
254,10:38:13,11.92,0.01,2,2384,买盘
255,10:38:30,11.91,-0.01,5,5959,卖盘
256,10:38:55,11.91,0.0,4,4764,卖盘
257,10:39:04,11.91,0.0,5,5955,卖盘
258,10:39:07,11.91,0.0,1,1191,卖盘
259,10:40:42,11.93,0.02,22,26240,买盘
260,10:41:07,11.93,0.0,1,1193,卖盘
261,10:41:12,11.93,0.0,15,17895,卖盘
262,10:42:07,11.94,0.01,101,120593,买盘
263,10:42:13,11.93,-0.01,1,1193,卖盘
264,10:42:36,11.97,0.04,24,28725,买盘
265,10:42:43,11.97,0.0,1,1197,卖盘
266,10:42:46,11.97,0.0,14,16758,卖盘
267,10:42:49,11.97,0.0,11,13167,卖盘
268,10:43:06,11.96,-0.01,4,4781,买盘
269,10:44:31,11.94,-0.02,1,1194,卖盘
270,10:44:57,11.94,0.0,7,8358,买盘
271,10:45:07,11.94,0.0,1,1194,卖盘
272,10:45:10,11.94,0.0,2,2388,卖盘
273,10:45:24,11.93,-0.01,4,4772,卖盘
274,10:46:33,11.93,0.0,10,11930,卖盘
275,10:46:45,11.93,0.0,10,11930,卖盘
276,10:47:06,11.93,0.0,1,1193,卖盘
277,10:47:22,11.93,0.0,1,1193,卖盘
278,10:47:33,11.93,0.0,27,32211,卖盘
279,10:47:48,11.92,-0.01,9,10728,卖盘
280,10:47:51,11.92,0.0,1,1192,卖盘
281,10:48:57,11.91,-0.01,37,44067,卖盘
282,10:49:30,11.9,-0.01,25,29750,卖盘
283,10:50:39,11.91,0.01,27,32157,买盘
284,10:50:55,11.89,-0.02,19,22591,卖盘
285,10:51:40,11.86,-0.03,1,1186,卖盘
286,10:52:07,11.86,0.0,1,1186,卖盘
287,10:53:33,11.89,0.03,20,23780,买盘
288,10:53:52,11.91,0.02,17,20247,买盘
289,10:54:07,11.91,0.0,1,1191,卖盘
290,10:54:19,11.91,0.0,23,27393,卖盘
291,10:54:21,11.92,0.01,15,17880,买盘
292,10:54:31,11.92,0.0,7,8344,卖盘
293,10:54:58,11.92,0.0,4,4768,买盘
294,10:55:00,11.91,-0.01,9,10719,卖盘
295,10:57:04,11.9,-0.01,7,8330,中性盘
296,10:57:21,11.9,0.0,1,1190,买盘
297,10:57:51,11.89,-0.01,20,23780,卖盘
298,10:58:01,11.96,0.07,80,95505,买盘
299,10:58:07,11.89,-0.07,1,1189,卖盘
300,10:59:06,11.92,0.03,1,1192,卖盘
301,11:01:07,11.92,0.0,3,3576,卖盘
302,11:02:58,11.96,0.04,106,126756,买盘
303,11:03:33,11.96,0.0,53,63388,卖盘
304,11:04:55,11.95,-0.01,10,11950,买盘
305,11:05:39,11.97,0.02,92,110063,买盘
306,11:05:42,11.97,0.0,1,1197,卖盘
307,11:05:48,11.97,0.0,10,11970,卖盘
308,11:06:07,11.97,0.0,15,17955,卖盘
309,11:07:04,11.97,0.0,29,34713,卖盘
310,11:07:10,11.97,0.0,3,3591,卖盘
311,11:08:16,11.92,-0.05,2,2384,卖盘
312,11:10:55,11.92,0.0,51,60792,卖盘
313,11:11:19,11.93,0.01,1,1193,卖盘
314,11:11:37,11.93,0.0,1,1193,卖盘
315,11:11:43,11.92,-0.01,2,2384,卖盘
316,11:11:52,11.92,0.0,11,13112,卖盘
317,11:12:18,11.91,-0.01,23,27393,卖盘
318,11:12:21,11.92,0.01,10,11920,买盘
319,11:12:40,11.91,-0.01,19,22629,卖盘
320,11:13:10,11.9,-0.01,15,17850,卖盘
321,11:13:16,11.89,-0.01,2,2378,卖盘
322,11:13:19,11.89,0.0,6,7134,卖盘
323,11:13:28,11.89,0.0,24,28536,卖盘
324,11:13:36,11.89,0.0,31,36859,卖盘
325,11:13:42,11.89,0.0,1,1189,卖盘
326,11:14:12,11.89,0.0,1,1189,卖盘
327,11:14:28,11.89,0.0,1,1189,卖盘
328,11:15:13,11.89,0.0,1,1189,卖盘
329,11:15:25,11.89,0.0,15,17835,卖盘
330,11:15:28,11.89,0.0,2,2378,卖盘
331,11:15:36,11.89,0.0,1,1189,卖盘
332,11:16:04,11.9,0.01,11,13090,买盘
333,11:17:31,11.92,0.02,2,2384,买盘
334,11:18:55,11.91,-0.01,8,9528,卖盘
335,11:19:04,11.91,0.0,8,9528,卖盘
336,11:19:09,11.9,-0.01,17,20234,卖盘
337,11:19:12,11.9,0.0,16,19040,卖盘
338,11:19:37,11.9,0.0,8,9520,卖盘
339,11:19:43,11.9,0.0,16,19040,卖盘
340,11:19:49,11.9,0.0,8,9520,卖盘
341,11:19:55,11.89,-0.01,16,19032,卖盘
342,11:20:01,11.89,0.0,27,32133,卖盘
343,11:20:52,11.89,0.0,3,3567,卖盘
344,11:22:34,11.95,0.06,26,31070,买盘
345,11:22:40,11.89,-0.06,16,19072,卖盘
346,11:25:43,11.89,0.0,2,2378,卖盘
347,11:25:45,11.89,0.0,1,1189,卖盘
348,11:26:13,11.89,0.0,1,1189,卖盘
349,11:26:43,11.89,0.0,1,1189,卖盘
350,11:26:54,11.89,0.0,4,4756,卖盘
351,11:27:12,11.89,0.0,2,2378,卖盘
352,11:28:13,11.89,0.0,1,1189,卖盘
353,11:29:15,11.89,0.0,4,4756,卖盘
354,11:29:28,11.89,0.0,3,3567,卖盘
355,13:01:09,11.91,0.02,2,2382,卖盘
356,13:01:55,11.9,-0.01,6,7142,卖盘
357,13:02:06,11.9,0.0,4,4760,卖盘
358,13:02:09,11.89,-0.01,5,5947,卖盘
359,13:02:37,11.89,0.0,8,9512,卖盘
360,13:03:24,11.89,0.0,1,1189,卖盘
361,13:04:18,11.89,0.0,1,1189,卖盘
362,13:04:24,11.89,0.0,1,1189,卖盘
363,13:05:21,11.88,-0.01,2,2377,卖盘
364,13:05:54,11.88,0.0,1,1188,卖盘
365,13:07:54,11.88,0.0,4,4752,卖盘
366,13:08:09,11.88,0.0,1,1188,卖盘
367,13:12:57,11.88,0.0,1,1188,卖盘
368,13:16:45,11.87,-0.01,5,5937,卖盘
369,13:16:54,11.87,0.0,1,1187,卖盘
370,13:17:10,11.87,0.0,1,1187,卖盘
371,13:17:28,11.87,0.0,1,1187,卖盘
372,13:17:55,11.87,0.0,1,1187,卖盘
373,13:18:04,11.87,0.0,4,4748,卖盘
374,13:18:06,11.87,0.0,2,2374,卖盘
375,13:18:16,11.88,0.01,1,1188,买盘
376,13:18:25,11.87,-0.01,2,2374,卖盘
377,13:18:34,11.88,0.01,1,1188,买盘
378,13:20:12,11.87,-0.01,1,1187,卖盘
379,13:20:25,11.88,0.01,3,3564,买盘
380,13:20:37,11.89,0.01,7,8323,买盘
381,13:20:45,11.89,0.0,1,1189,卖盘
382,13:21:09,11.89,0.0,38,45182,卖盘
383,13:21:25,11.88,-0.01,2,2376,卖盘
384,13:21:55,11.88,0.0,1,1188,卖盘
385,13:22:01,11.88,0.0,1,1188,卖盘
386,13:22:22,11.88,0.0,12,14256,卖盘
387,13:22:40,11.87,-0.01,1,1187,卖盘
388,13:23:25,11.87,0.0,1,1187,卖盘
389,13:23:39,11.87,0.0,1,1187,卖盘
390,13:23:42,11.87,0.0,46,54602,卖盘
391,13:24:12,11.87,0.0,25,29675,买盘
392,13:24:34,11.85,-0.02,23,27255,卖盘
393,13:24:54,11.85,0.0,1,1185,卖盘
394,13:25:09,11.85,0.0,1,1185,卖盘
395,13:25:24,11.86,0.01,8,9488,买盘
396,13:26:27,11.87,0.01,1,1187,买盘
397,13:26:33,11.87,0.0,1,1187,买盘
398,13:26:49,11.87,0.0,5,5935,买盘
399,13:28:10,11.88,0.01,65,77220,买盘
400,13:28:12,11.88,0.0,2,2376,卖盘
401,13:28:15,11.89,0.01,5,5945,买盘
402,13:28:18,11.89,0.0,1,1189,买盘
403,13:28:21,11.89,0.0,10,11890,买盘
404,13:28:28,11.88,-0.01,5,5940,卖盘
405,13:28:42,11.88,0.0,2,2376,卖盘
406,13:29:19,11.88,0.0,8,9504,卖盘
407,13:29:58,11.89,0.01,4,4756,买盘
408,13:30:13,11.88,-0.01,1,1188,卖盘
409,13:30:43,11.87,-0.01,11,13061,卖盘
410,13:31:18,11.86,-0.01,2,2372,卖盘
411,13:32:10,11.86,0.0,1,1186,卖盘
412,13:32:13,11.86,0.0,1,1186,卖盘
413,13:32:46,11.86,0.0,10,11860,卖盘
414,13:32:54,11.87,0.01,2,2374,买盘
415,13:34:57,11.86,-0.01,34,40324,卖盘
416,13:35:04,11.87,0.01,9,10683,买盘
417,13:35:16,11.86,-0.01,44,52184,卖盘
418,13:35:24,11.89,0.03,4,4750,买盘
419,13:35:31,11.87,-0.02,1,1187,买盘
420,13:36:10,11.88,0.01,1,1188,卖盘
421,13:36:24,11.9,0.02,4,4760,买盘
422,13:36:49,11.88,-0.02,4,4752,卖盘
423,13:37:22,11.87,-0.01,10,11870,卖盘
424,13:37:48,11.87,0.0,18,21366,卖盘
425,13:37:54,11.87,0.0,6,7122,卖盘
426,13:38:00,11.87,0.0,3,3561,卖盘
427,13:38:04,11.87,0.0,1,1187,卖盘
428,13:38:06,11.87,0.0,3,3561,卖盘
429,13:38:18,11.87,0.0,4,4748,买盘
430,13:38:42,11.86,-0.01,1,1186,卖盘
431,13:38:55,11.86,0.0,2,2372,卖盘
432,13:39:18,11.87,0.01,4,4748,买盘
433,13:40:25,11.87,0.0,4,4748,买盘
434,13:40:46,11.86,-0.01,4,4744,卖盘
435,13:41:19,11.86,0.0,1,1186,卖盘
436,13:41:25,11.88,0.02,5,5937,买盘
437,13:41:58,11.86,-0.02,1,1186,卖盘
438,13:42:25,11.88,0.02,3,3564,买盘
439,13:43:16,11.88,0.0,4,4752,买盘
440,13:44:09,11.88,0.0,3,3563,买盘
441,13:44:25,11.86,-0.02,1,1186,卖盘
442,13:45:51,11.85,-0.01,2,2370,卖盘
443,13:46:22,11.85,0.0,3,3555,卖盘
444,13:47:16,11.84,-0.01,2,2368,卖盘
445,13:47:25,11.84,0.0,4,4736,卖盘
446,13:47:52,11.83,-0.01,20,23660,卖盘
447,13:48:13,11.83,0.0,4,4732,卖盘
448,13:48:25,11.85,0.02,5,5925,买盘
449,13:48:55,11.82,-0.03,1,1182,卖盘
450,13:49:18,11.82,0.0,1,1182,卖盘
451,13:49:25,11.82,0.0,1,1182,卖盘
452,13:49:28,11.82,0.0,7,8274,卖盘
453,13:49:51,11.82,0.0,6,7092,卖盘
454,13:49:54,11.82,0.0,1,1182,卖盘
455,13:50:28,11.82,0.0,50,59102,卖盘
456,13:51:55,11.82,0.0,1,1182,卖盘
457,13:52:12,11.84,0.02,35,41380,买盘
458,13:52:18,11.84,0.0,4,4736,买盘
459,13:53:13,11.86,0.02,61,72342,买盘
460,13:54:25,11.87,0.01,2,2374,买盘
461,13:55:31,11.87,0.0,1,1187,买盘
462,13:56:09,11.86,-0.01,1,1186,卖盘
463,13:56:24,11.92,0.06,5,5960,买盘
464,13:56:52,11.92,0.0,9,10728,买盘
465,13:57:10,11.92,0.0,1,1192,卖盘
466,13:58:24,11.92,0.0,17,20250,买盘
467,14:02:00,11.86,-0.06,2,2372,卖盘
468,14:04:00,11.86,0.0,1,1186,卖盘
469,14:04:24,11.83,-0.03,1,1183,卖盘
470,14:04:39,11.83,0.0,1,1183,卖盘
471,14:05:10,11.83,0.0,1,1183,卖盘
472,14:05:55,11.83,0.0,1,1183,卖盘
473,14:06:06,11.86,0.03,1,1186,买盘
474,14:06:55,11.83,-0.03,1,1183,卖盘
475,14:07:10,11.83,0.0,1,1183,卖盘
476,14:08:22,11.83,0.0,1,1183,卖盘
477,14:08:55,11.83,0.0,1,1183,卖盘
478,14:09:24,11.83,0.0,1,1183,卖盘
479,14:09:40,11.83,0.0,1,1183,卖盘
480,14:09:55,11.85,0.02,5,5923,买盘
481,14:10:00,11.85,0.0,6,7110,卖盘
482,14:10:18,11.85,0.0,4,4740,卖盘
483,14:12:58,11.85,0.0,10,11850,买盘
484,14:14:22,11.83,-0.02,14,16562,卖盘
485,14:14:34,11.82,-0.01,3,3546,卖盘
486,14:14:39,11.82,0.0,1,1182,卖盘
487,14:16:25,11.82,0.0,1,1182,卖盘
488,14:16:40,11.82,0.0,1,1182,卖盘
489,14:16:55,11.82,0.0,1,1182,卖盘
490,14:17:03,11.82,0.0,11,13002,卖盘
491,14:17:31,11.83,0.01,4,4732,买盘
492,14:17:42,11.82,-0.01,56,66193,卖盘
493,14:17:51,11.8,-0.02,19,22420,卖盘
494,14:17:55,11.8,0.0,3,3540,卖盘
495,14:17:58,11.8,0.0,40,47200,卖盘
496,14:18:01,11.8,0.0,10,11800,卖盘
497,14:18:04,11.78,-0.02,26,30671,卖盘
498,14:18:36,11.82,0.04,6,7089,买盘
499,14:18:49,11.77,-0.05,64,75381,卖盘
500,14:18:55,11.77,0.0,1,1177,买盘
501,14:18:58,11.76,-0.01,1,1176,卖盘
502,14:19:04,11.76,0.0,1,1176,卖盘
503,14:19:10,11.76,0.0,13,15288,卖盘
504,14:19:27,11.77,0.01,5,5885,买盘
505,14:19:33,11.77,0.0,4,4708,买盘
506,14:19:40,11.76,-0.01,9,10588,卖盘
507,14:19:43,11.77,0.01,2,2354,买盘
508,14:19:46,11.77,0.0,2,2354,买盘
509,14:19:49,11.77,0.0,1,1177,买盘
510,14:19:52,11.77,0.0,1,1177,买盘
511,14:19:55,11.77,0.0,13,15301,买盘
512,14:20:01,11.77,0.0,138,162426,买盘
513,14:20:10,11.76,-0.01,1,1176,卖盘
514,14:20:15,11.77,0.01,6,7062,买盘
515,14:21:52,11.8,0.03,8,9440,卖盘
516,14:22:01,11.8,0.0,5,5900,买盘
517,14:22:15,11.77,-0.03,80,94177,卖盘
518,14:22:36,11.77,0.0,2,2354,买盘
519,14:22:46,11.77,0.0,3,3531,买盘
520,14:22:49,11.77,0.0,5,5885,买盘
521,14:22:55,11.77,0.0,17,20009,买盘
522,14:22:58,11.77,0.0,2,2354,买盘
523,14:23:04,11.77,0.0,7,8239,买盘
524,14:23:09,11.77,0.0,5,5885,买盘
525,14:23:13,11.77,0.0,88,103576,买盘
526,14:23:25,11.77,0.0,1,1177,卖盘
527,14:24:25,11.78,0.01,1,1178,卖盘
528,14:24:55,11.78,0.0,1,1178,卖盘
529,14:25:18,11.8,0.02,5,5900,买盘
530,14:25:34,11.8,0.0,2,2360,买盘
531,14:25:36,11.8,0.0,20,23600,买盘
532,14:25:55,11.78,-0.02,1,1178,卖盘
533,14:26:22,11.8,0.02,2,2360,买盘
534,14:26:25,11.8,0.0,1,1180,卖盘
535,14:26:55,11.83,0.03,17,20103,买盘
536,14:31:58,11.82,-0.01,5,5910,买盘
537,14:32:52,11.82,0.0,4,4728,买盘
538,14:34:07,11.82,0.0,14,16548,买盘
539,14:34:13,11.82,0.0,5,5910,买盘
540,14:34:19,11.82,0.0,14,16548,买盘
541,14:34:25,11.82,0.0,2,2364,卖盘
542,14:35:01,11.83,0.01,2,2366,买盘
543,14:35:46,11.83,0.0,2,2366,卖盘
544,14:37:57,11.82,-0.01,3,3546,卖盘
545,14:38:07,11.81,-0.01,9,10629,卖盘
546,14:38:46,11.81,0.0,1,1181,卖盘
547,14:39:33,11.81,0.0,5,5905,卖盘
548,14:39:39,11.81,0.0,10,11810,卖盘
549,14:39:46,11.8,-0.01,2,2360,卖盘
550,14:40:45,11.8,0.0,8,9440,卖盘
551,14:40:54,11.79,-0.01,1,1179,卖盘
552,14:41:31,11.8,0.01,9,10620,买盘
553,14:41:46,11.8,0.0,8,9440,卖盘
554,14:41:55,11.78,-0.02,3,3534,卖盘
555,14:42:24,11.78,0.0,1,1178,卖盘
556,14:42:55,11.78,0.0,1,1178,卖盘
557,14:43:22,11.8,0.02,10,11800,买盘
558,14:43:42,11.78,-0.02,23,27094,卖盘
559,14:43:48,11.78,0.0,11,12958,卖盘
560,14:43:55,11.77,-0.01,1,1177,卖盘
561,14:44:00,11.77,0.0,23,27071,卖盘
562,14:44:10,11.77,0.0,1,1177,卖盘
563,14:44:13,11.78,0.01,2,2355,买盘
564,14:44:25,11.78,0.0,14,16492,卖盘
565,14:45:21,11.79,0.01,10,11790,买盘
566,14:45:25,11.78,-0.01,1,1178,卖盘
567,14:45:28,11.77,-0.01,47,55323,卖盘
568,14:46:25,11.77,0.0,1,1177,卖盘
569,14:46:45,11.77,0.0,1,1177,卖盘
570,14:47:13,11.79,0.02,1,1179,买盘
571,14:47:52,11.78,-0.01,21,24738,卖盘
572,14:48:01,11.77,-0.01,1,1177,卖盘
573,14:48:04,11.78,0.01,10,11780,买盘
574,14:48:10,11.78,0.0,1,1178,卖盘
575,14:48:19,11.79,0.01,13,15327,买盘
576,14:48:46,11.81,0.02,20,23616,买盘
577,14:49:25,11.81,0.0,19,22439,买盘
578,14:49:40,11.86,0.05,1,1186,买盘
579,14:50:25,11.81,-0.05,32,37822,卖盘
580,14:51:04,11.85,0.04,8,9480,买盘
581,14:51:55,11.84,-0.01,3,3552,卖盘
582,14:52:07,11.84,0.0,2,2368,买盘
583,14:52:13,11.83,-0.01,5,5915,卖盘
584,14:52:16,11.84,0.01,2,2368,买盘
585,14:52:40,11.83,-0.01,2,2366,卖盘
586,14:52:58,11.83,0.0,2,2366,买盘
587,14:53:07,11.83,0.0,1,1183,买盘
588,14:53:19,11.83,0.0,23,27209,买盘
589,14:53:22,11.81,-0.02,200,236233,卖盘
590,14:54:13,11.81,0.0,25,29525,卖盘
591,14:54:31,11.82,0.01,2,2364,卖盘
592,14:54:40,11.82,0.0,46,54372,卖盘
593,14:54:46,11.8,-0.02,92,108581,卖盘
594,14:54:58,11.8,0.0,3,3540,买盘
595,14:55:10,11.8,0.0,14,16520,买盘
596,14:55:13,11.8,0.0,8,9440,买盘
597,14:55:19,11.8,0.0,50,59000,买盘
598,14:55:28,11.8,0.0,55,64900,买盘
599,14:55:52,11.81,0.01,1,1181,买盘
600,14:56:22,11.82,0.01,1,1182,买盘
601,14:56:37,11.81,-0.01,4,4724,卖盘
602,14:56:40,11.81,0.0,1,1181,买盘
603,14:56:43,11.81,0.0,2,2362,卖盘
604,14:56:58,11.82,0.01,3,3546,买盘
605,15:00:04,11.82,0.0,117,138294,卖盘
