,time,price,change,volume,amount,type
0,09:25:05,14.17,-0.12,157,222469,卖盘
1,09:30:00,14.16,-0.01,5,7080,中性盘
2,09:30:04,14.14,-0.02,111,156411,卖盘
3,09:30:06,14.1,-0.04,10,14090,中性盘
4,09:30:12,14.1,0.0,43,60630,卖盘
5,09:30:21,14.1,0.0,55,77550,卖盘
6,09:30:24,14.1,0.0,4,5640,卖盘
7,09:30:28,14.14,0.04,14,19756,买盘
8,09:30:48,14.1,-0.04,5,7050,卖盘
9,09:30:54,14.14,0.04,7,9898,买盘
10,09:30:57,14.14,0.0,19,26866,买盘
11,09:31:00,14.1,-0.04,38,53580,卖盘
12,09:31:03,14.1,0.0,6,8460,买盘
13,09:31:10,14.1,0.0,10,14100,买盘
14,09:31:15,14.1,0.0,10,14100,买盘
15,09:31:18,14.1,0.0,68,95840,买盘
16,09:31:22,14.1,0.0,90,126840,买盘
17,09:31:25,14.1,0.0,10,14100,买盘
18,09:31:27,14.1,0.0,5,7044,买盘
19,09:31:30,14.1,0.0,6,8460,中性盘
20,09:31:36,14.1,0.0,3,4230,买盘
21,09:31:48,14.1,0.0,5,7050,卖盘
22,09:31:51,14.1,0.0,3,4230,卖盘
23,09:31:54,14.13,0.03,4,5652,卖盘
24,09:32:06,14.14,0.01,39,55116,买盘
25,09:32:09,14.14,0.0,11,15535,买盘
26,09:32:12,14.14,0.0,5,7070,买盘
27,09:32:15,14.14,0.0,6,8484,买盘
28,09:32:21,14.14,0.0,27,38168,买盘
29,09:32:24,14.14,0.0,8,11312,买盘
30,09:32:27,14.14,0.0,28,39592,买盘
31,09:32:30,14.14,0.0,5,7070,买盘
32,09:32:33,14.14,0.0,1,1414,买盘
33,09:32:42,14.14,0.0,26,36764,买盘
34,09:32:45,14.14,0.0,58,82012,买盘
35,09:32:48,14.14,0.0,5,7070,买盘
36,09:32:54,14.14,0.0,7,9898,卖盘
37,09:33:01,14.14,0.0,33,46662,买盘
38,09:33:04,14.13,-0.01,6,8478,卖盘
39,09:33:10,14.14,0.01,10,14140,卖盘
40,09:33:15,14.14,0.0,5,7070,卖盘
41,09:33:21,14.14,0.0,116,164024,卖盘
42,09:33:24,14.14,0.0,60,84840,卖盘
43,09:33:27,14.14,0.0,30,42420,卖盘
44,09:33:30,14.15,0.01,15,21225,买盘
45,09:33:36,14.15,0.0,3,4245,买盘
46,09:33:39,14.15,0.0,14,19810,买盘
47,09:33:42,14.15,0.0,30,42450,买盘
48,09:33:45,14.15,0.0,2,2830,买盘
49,09:33:48,14.15,0.0,10,14150,买盘
50,09:33:54,14.15,0.0,48,67910,买盘
51,09:33:57,14.15,0.0,10,14150,卖盘
52,09:34:06,14.16,0.01,1,1416,买盘
53,09:34:09,14.16,0.0,31,43896,买盘
54,09:34:12,14.17,0.01,4,5668,买盘
55,09:34:15,14.17,0.0,31,43927,买盘
56,09:34:18,14.16,-0.01,41,58092,卖盘
57,09:34:22,14.17,0.01,25,35410,买盘
58,09:34:24,14.17,0.0,3,4251,买盘
59,09:34:27,14.17,0.0,21,29757,买盘
60,09:34:30,14.2,0.03,2,2840,买盘
61,09:34:33,14.22,0.02,50,71044,买盘
62,09:34:39,14.17,-0.05,1,1842,卖盘
63,09:34:42,14.22,0.05,20,28440,买盘
64,09:34:46,14.22,0.0,10,14220,买盘
65,09:34:54,14.22,0.0,1,1422,买盘
66,09:34:57,14.22,0.0,22,31284,买盘
67,09:35:04,14.2,-0.02,2,2840,卖盘
68,09:35:06,14.23,0.03,47,66857,买盘
69,09:35:15,14.21,-0.02,5,7105,买盘
70,09:35:18,14.23,0.02,58,82444,买盘
71,09:35:33,14.17,-0.06,118,167498,卖盘
72,09:35:36,14.2,0.03,35,49607,买盘
73,09:35:42,14.16,-0.04,33,46728,卖盘
74,09:35:52,14.18,0.02,9,12762,卖盘
75,09:35:55,14.19,0.01,1,1419,买盘
76,09:36:06,14.18,-0.01,7,9926,卖盘
77,09:36:09,14.19,0.01,10,14190,买盘
78,09:36:15,14.18,-0.01,10,14188,卖盘
79,09:36:18,14.18,0.0,7,9926,买盘
80,09:36:21,14.18,0.0,1,1418,买盘
81,09:36:24,14.18,0.0,1,1418,买盘
82,09:36:28,14.18,0.0,9,12762,买盘
83,09:36:30,14.19,0.01,21,29799,买盘
84,09:36:46,14.19,0.0,21,29759,买盘
85,09:36:48,14.19,0.0,6,8514,买盘
86,09:36:51,14.18,-0.01,8,11349,卖盘
87,09:36:54,14.18,0.0,14,19852,买盘
88,09:37:06,14.19,0.01,20,28380,买盘
89,09:37:09,14.18,-0.01,5,7090,卖盘
90,09:37:12,14.19,0.01,8,11352,买盘
91,09:37:15,14.19,0.0,2,2838,买盘
92,09:37:21,14.19,0.0,11,15599,买盘
93,09:37:30,14.19,0.0,8,11352,买盘
94,09:37:33,14.19,0.0,10,14190,卖盘
95,09:37:39,14.19,0.0,10,14190,卖盘
96,09:37:48,14.19,0.0,17,24123,卖盘
97,09:37:51,14.19,0.0,7,9933,买盘
98,09:38:01,14.19,0.0,30,42570,买盘
99,09:38:06,14.19,0.0,20,28380,买盘
100,09:38:12,14.19,0.0,60,85120,买盘
101,09:38:15,14.19,0.0,5,7095,买盘
102,09:38:18,14.19,0.0,15,21280,买盘
103,09:38:21,14.19,0.0,14,19866,买盘
104,09:38:24,14.19,0.0,27,38313,买盘
105,09:38:28,14.2,0.01,1,1420,买盘
106,09:38:30,14.2,0.0,2,2839,买盘
107,09:38:33,14.2,0.0,28,39736,买盘
108,09:38:39,14.2,0.0,2,2840,买盘
109,09:38:42,14.2,0.0,2,2840,买盘
110,09:38:45,14.2,0.0,13,18460,买盘
111,09:38:48,14.2,0.0,8,11360,卖盘
112,09:38:54,14.2,0.0,119,168988,卖盘
113,09:38:57,14.2,0.0,3,4260,买盘
114,09:39:00,14.2,0.0,1,1420,买盘
115,09:39:06,14.2,0.0,2,2840,买盘
116,09:39:12,14.2,0.0,1,1420,卖盘
117,09:39:15,14.2,0.0,3,4261,卖盘
118,09:39:18,14.2,0.0,7,9940,卖盘
119,09:39:21,14.21,0.01,1,1421,买盘
120,09:39:25,14.21,0.0,5,7105,买盘
121,09:39:27,14.21,0.0,5,7105,买盘
122,09:39:45,14.22,0.01,3,4266,买盘
123,09:39:49,14.21,-0.01,8,11368,卖盘
124,09:39:51,14.22,0.01,15,21330,买盘
125,09:39:57,14.21,-0.01,6,8526,卖盘
126,09:40:03,14.22,0.01,20,28440,买盘
127,09:40:06,14.22,0.0,1,1422,买盘
128,09:40:09,14.21,-0.01,8,11368,卖盘
129,09:40:12,14.22,0.01,1,1422,买盘
130,09:40:18,14.22,0.0,14,19908,买盘
131,09:40:30,14.24,0.02,8,11392,买盘
132,09:40:42,14.23,-0.01,53,75369,买盘
133,09:40:54,14.23,0.0,5,7115,买盘
134,09:41:00,14.24,0.01,6,8544,买盘
135,09:41:04,14.24,0.0,6,8544,买盘
136,09:41:09,14.24,0.0,49,69776,买盘
137,09:41:12,14.24,0.0,1,1424,买盘
138,09:41:15,14.24,0.0,10,14235,买盘
139,09:41:18,14.24,0.0,81,115294,买盘
140,09:41:24,14.24,0.0,1,1424,卖盘
141,09:41:30,14.24,0.0,12,17088,卖盘
142,09:41:33,14.24,0.0,3,4272,买盘
143,09:41:39,14.24,0.0,5,7120,买盘
144,09:41:43,14.22,-0.02,58,82504,卖盘
145,09:41:51,14.22,0.0,7,9954,卖盘
146,09:41:58,14.22,0.0,59,83898,卖盘
147,09:42:00,14.23,0.01,19,27022,买盘
148,09:42:12,14.23,0.0,5,7115,买盘
149,09:42:16,14.24,0.01,100,142400,买盘
150,09:42:18,14.24,0.0,8,11389,买盘
151,09:42:21,14.24,0.0,10,14240,卖盘
152,09:42:24,14.25,0.01,65,92625,买盘
153,09:42:33,14.26,0.01,12,17112,买盘
154,09:42:36,14.26,0.0,39,55614,买盘
155,09:42:42,14.28,0.02,149,212762,买盘
156,09:42:48,14.29,0.01,26,37154,买盘
157,09:42:57,14.29,0.0,32,45728,买盘
158,09:43:00,14.32,0.03,62,88663,买盘
159,09:43:09,14.32,0.0,3,4296,买盘
160,09:43:12,14.32,0.0,3,4296,买盘
161,09:43:15,14.3,-0.02,6,8580,卖盘
162,09:43:18,14.3,0.0,17,24310,卖盘
163,09:43:21,14.29,-0.01,6,8574,卖盘
164,09:43:27,14.29,0.0,10,14290,买盘
165,09:43:30,14.29,0.0,20,28580,买盘
166,09:43:33,14.29,0.0,20,28580,卖盘
167,09:43:36,14.3,0.01,35,50033,买盘
168,09:43:43,14.3,0.0,2,2860,买盘
169,09:43:45,14.29,-0.01,88,125833,卖盘
170,09:43:48,14.29,0.0,20,28590,卖盘
171,09:43:51,14.3,0.01,15,21450,中性盘
172,09:43:54,14.3,0.0,60,85800,买盘
173,09:43:58,14.3,0.0,2,2860,卖盘
174,09:44:00,14.29,-0.01,10,14293,卖盘
175,09:44:04,14.3,0.01,6,8580,买盘
176,09:44:09,14.29,-0.01,112,160150,卖盘
177,09:44:12,14.3,0.01,11,15730,买盘
178,09:44:15,14.3,0.0,1,1430,买盘
179,09:44:21,14.29,-0.01,14,20006,卖盘
180,09:44:24,14.29,0.0,111,158700,买盘
181,09:44:36,14.29,0.0,15,21435,买盘
182,09:44:39,14.29,0.0,7,10003,买盘
183,09:44:48,14.28,-0.01,35,49985,卖盘
184,09:44:51,14.29,0.01,5,7141,买盘
185,09:44:54,14.28,-0.01,23,32844,卖盘
186,09:44:57,14.28,0.0,4,5712,卖盘
187,09:45:00,14.28,0.0,5,7140,买盘
188,09:45:21,14.27,-0.01,10,14270,卖盘
189,09:45:24,14.28,0.01,22,31396,买盘
190,09:45:39,14.27,-0.01,5,7132,买盘
191,09:45:54,14.26,-0.01,3,4278,卖盘
192,09:46:00,14.27,0.01,9,12843,买盘
193,09:46:06,14.27,0.0,2,2854,买盘
194,09:46:15,14.27,0.0,11,15697,买盘
195,09:46:24,14.27,0.0,115,164105,买盘
196,09:46:33,14.27,0.0,2,2854,买盘
197,09:46:36,14.26,-0.01,70,99820,卖盘
198,09:46:51,14.26,0.0,28,39928,买盘
199,09:46:54,14.26,0.0,36,51336,买盘
200,09:47:04,14.26,0.0,19,27094,买盘
201,09:47:24,14.26,0.0,28,39928,卖盘
202,09:47:30,14.25,-0.01,10,14256,卖盘
203,09:47:36,14.26,0.01,4,5704,卖盘
204,09:47:39,14.26,0.0,3,4278,买盘
205,09:47:42,14.26,0.0,1,1426,卖盘
206,09:47:45,14.26,0.0,35,49910,卖盘
207,09:47:54,14.27,0.01,34,48518,买盘
208,09:48:03,14.26,-0.01,11,15686,卖盘
209,09:48:06,14.26,0.0,3,4278,买盘
210,09:48:09,14.26,0.0,5,7130,买盘
211,09:48:15,14.26,0.0,8,11408,买盘
212,09:48:21,14.26,0.0,25,35650,卖盘
213,09:48:36,14.25,-0.01,39,55575,卖盘
214,09:49:04,14.25,0.0,3,4275,卖盘
215,09:49:12,14.26,0.01,76,108376,买盘
216,09:49:21,14.28,0.02,132,188456,买盘
217,09:49:24,14.26,-0.02,24,34224,卖盘
218,09:49:27,14.26,0.0,24,34224,买盘
219,09:49:30,14.26,0.0,2,2852,买盘
220,09:49:33,14.26,0.0,18,25668,卖盘
221,09:49:36,14.26,0.0,3,3850,买盘
222,09:49:42,14.26,0.0,1,1426,买盘
223,09:49:45,14.26,0.0,4,5704,卖盘
224,09:49:48,14.26,0.0,1,1426,卖盘
225,09:49:54,14.28,0.02,10,14280,买盘
226,09:50:03,14.27,-0.01,4,5708,买盘
227,09:50:15,14.26,-0.01,17,24242,卖盘
228,09:50:18,14.27,0.01,35,49945,买盘
229,09:50:27,14.26,-0.01,10,14260,卖盘
230,09:50:42,14.26,0.0,3,4278,卖盘
231,09:50:45,14.26,0.0,2,2852,卖盘
232,09:50:48,14.26,0.0,68,97396,卖盘
233,09:50:54,14.26,0.0,4,5704,买盘
234,09:51:00,14.26,0.0,69,98394,买盘
235,09:51:09,14.25,-0.01,82,116850,卖盘
236,09:51:12,14.26,0.01,2,2852,买盘
237,09:51:21,14.26,0.0,35,49910,买盘
238,09:51:24,14.26,0.0,2,2852,买盘
239,09:51:36,14.25,-0.01,8,11400,卖盘
240,09:51:48,14.26,0.01,3,4278,买盘
241,09:51:57,14.25,-0.01,5,7125,卖盘
242,09:52:06,14.26,0.01,4,5703,买盘
243,09:52:09,14.25,-0.01,12,17100,卖盘
244,09:52:27,14.25,0.0,28,39905,卖盘
245,09:52:30,14.26,0.01,19,27078,买盘
246,09:52:39,14.27,0.01,220,313406,买盘
247,09:52:42,14.28,0.01,36,51408,买盘
248,09:52:45,14.28,0.0,281,401268,买盘
249,09:52:54,14.29,0.01,7,10003,买盘
250,09:52:57,14.29,0.0,64,91456,买盘
251,09:53:00,14.29,0.0,11,15718,买盘
252,09:53:04,14.3,0.01,20,28588,买盘
253,09:53:06,14.3,0.0,124,177320,买盘
254,09:53:09,14.31,0.01,4,5724,买盘
255,09:53:12,14.31,0.0,7,10017,买盘
256,09:53:16,14.31,0.0,50,71550,买盘
257,09:53:18,14.3,-0.01,99,141595,卖盘
258,09:53:21,14.3,0.0,4,5720,买盘
259,09:53:24,14.31,0.01,31,44339,买盘
260,09:53:34,14.32,0.01,173,247725,买盘
261,09:53:40,14.32,0.0,100,143200,卖盘
262,09:53:45,14.33,0.01,10,14330,买盘
263,09:53:57,14.33,0.0,30,42980,买盘
264,09:54:00,14.32,-0.01,81,115992,卖盘
265,09:54:04,14.32,0.0,10,14320,买盘
266,09:54:06,14.32,0.0,22,31494,买盘
267,09:54:12,14.33,0.01,311,445646,买盘
268,09:54:15,14.32,-0.01,1,1432,卖盘
269,09:54:19,14.32,0.0,60,85920,卖盘
270,09:54:21,14.32,0.0,22,31514,卖盘
271,09:54:27,14.32,0.0,22,31504,买盘
272,09:54:37,14.32,0.0,80,114560,卖盘
273,09:54:39,14.33,0.01,32,45841,买盘
274,09:54:57,14.34,0.01,12,17208,买盘
275,09:55:04,14.34,0.0,5,7170,买盘
276,09:55:09,14.33,-0.01,38,54491,卖盘
277,09:55:12,14.34,0.01,11,15774,买盘
278,09:55:15,14.34,0.0,105,150470,买盘
279,09:55:18,14.34,0.0,46,65964,卖盘
280,09:55:21,14.35,0.01,8,11473,买盘
281,09:55:24,14.35,0.0,47,67441,买盘
282,09:55:27,14.35,0.0,120,172100,买盘
283,09:55:39,14.35,0.0,76,109060,卖盘
284,09:55:43,14.34,-0.01,6,8604,卖盘
285,09:55:45,14.35,0.01,4,5737,买盘
286,09:55:51,14.35,0.0,20,28700,买盘
287,09:55:57,14.34,-0.01,12,17210,卖盘
288,09:56:00,14.35,0.01,81,116204,买盘
289,09:56:04,14.34,-0.01,43,61685,卖盘
290,09:56:09,14.36,0.02,20,28704,买盘
291,09:56:15,14.36,0.0,90,129240,买盘
292,09:56:19,14.36,0.0,17,24411,买盘
293,09:56:22,14.37,0.01,115,165250,买盘
294,09:56:25,14.38,0.01,168,241538,买盘
295,09:56:27,14.43,0.05,235,338329,买盘
296,09:56:30,14.45,0.02,100,144465,买盘
297,09:56:33,14.38,-0.07,4,5773,卖盘
298,09:56:36,14.45,0.07,34,49130,买盘
299,09:56:39,14.45,0.0,8,11560,买盘
300,09:56:42,14.45,0.0,1,1445,买盘
301,09:56:46,14.44,-0.01,34,49124,卖盘
302,09:56:51,14.44,0.0,21,30304,买盘
303,09:56:57,14.4,-0.04,44,63456,卖盘
304,09:57:00,14.41,0.01,3,4323,中性盘
305,09:57:04,14.41,0.0,17,24487,买盘
306,09:57:06,14.41,0.0,30,43230,卖盘
307,09:57:09,14.41,0.0,10,14415,卖盘
308,09:57:12,14.41,0.0,200,288202,卖盘
309,09:57:15,14.42,0.01,202,291084,买盘
310,09:57:19,14.41,-0.01,58,83583,卖盘
311,09:57:22,14.4,-0.01,58,83647,卖盘
312,09:57:24,14.42,0.02,139,200573,卖盘
313,09:57:27,14.42,0.0,16,23067,卖盘
314,09:57:30,14.41,-0.01,15,21615,卖盘
315,09:57:33,14.41,0.0,15,21615,买盘
316,09:57:37,14.41,0.0,36,51876,买盘
317,09:57:39,14.41,0.0,15,21615,买盘
318,09:57:42,14.41,0.0,73,105146,卖盘
319,09:57:45,14.41,0.0,16,23056,买盘
320,09:57:48,14.4,-0.01,9,12966,中性盘
321,09:57:54,14.4,0.0,23,33124,卖盘
322,09:57:57,14.41,0.01,26,37453,买盘
323,09:58:00,14.4,-0.01,5,7200,中性盘
324,09:58:06,14.4,0.0,124,178560,买盘
325,09:58:09,14.4,0.0,10,14400,卖盘
326,09:58:12,14.4,0.0,57,82080,卖盘
327,09:58:16,14.4,0.0,9,12960,买盘
328,09:58:18,14.4,0.0,20,28800,买盘
329,09:58:21,14.4,0.0,28,40323,买盘
330,09:58:24,14.39,-0.01,55,79186,卖盘
331,09:58:30,14.41,0.02,69,99378,买盘
332,09:58:33,14.4,-0.01,10,14400,卖盘
333,09:58:36,14.4,0.0,20,28800,卖盘
334,09:58:42,14.4,0.0,50,72020,卖盘
335,09:58:45,14.4,0.0,20,28800,卖盘
336,09:58:48,14.4,0.0,3,4320,买盘
337,09:58:51,14.4,0.0,9,12960,卖盘
338,09:58:54,14.4,0.0,17,24470,买盘
339,09:58:57,14.4,0.0,20,28800,买盘
340,09:59:04,14.37,-0.03,6,8622,卖盘
341,09:59:12,14.39,0.02,17,24433,买盘
342,09:59:18,14.36,-0.03,91,130695,卖盘
343,09:59:21,14.36,0.0,10,14360,买盘
344,09:59:24,14.36,0.0,18,25848,买盘
345,09:59:27,14.37,0.01,16,22981,买盘
346,09:59:33,14.37,0.0,33,47421,买盘
347,09:59:36,14.37,0.0,62,89094,买盘
348,09:59:39,14.36,-0.01,20,28725,卖盘
349,09:59:42,14.36,0.0,3,4310,卖盘
350,09:59:54,14.38,0.02,1,1438,卖盘
351,10:00:00,14.39,0.01,11,15829,买盘
352,10:00:03,14.41,0.02,196,282349,买盘
353,10:00:09,14.41,0.0,15,21625,卖盘
354,10:00:15,14.41,0.0,430,619671,卖盘
355,10:00:18,14.41,0.0,100,144155,卖盘
356,10:00:24,14.43,0.02,21,30285,买盘
357,10:00:27,14.42,-0.01,8,11540,卖盘
358,10:00:31,14.43,0.01,114,164501,买盘
359,10:00:33,14.43,0.0,10,14430,卖盘
360,10:00:36,14.43,0.0,58,83694,卖盘
361,10:00:39,14.43,0.0,102,147275,买盘
362,10:00:42,14.43,0.0,20,28860,卖盘
363,10:00:45,14.44,0.01,18,25992,买盘
364,10:00:48,14.44,0.0,43,62061,买盘
365,10:00:51,14.45,0.01,22,31790,买盘
366,10:00:54,14.45,0.0,175,252875,买盘
367,10:01:00,14.46,0.01,47,67962,买盘
368,10:01:03,14.46,0.0,56,80921,买盘
369,10:01:06,14.46,0.0,20,28920,卖盘
370,10:01:09,14.46,0.0,71,102666,买盘
371,10:01:12,14.46,0.0,49,70854,买盘
372,10:01:15,14.46,0.0,9,13014,买盘
373,10:01:18,14.46,0.0,139,200994,买盘
374,10:01:21,14.46,0.0,46,66501,买盘
375,10:01:24,14.45,-0.01,4,5780,卖盘
376,10:01:27,14.45,0.0,59,85274,卖盘
377,10:01:31,14.46,0.01,79,114234,买盘
378,10:01:33,14.46,0.0,46,66480,买盘
379,10:01:36,14.45,-0.01,21,30345,卖盘
380,10:01:39,14.45,0.0,58,83814,卖盘
381,10:01:42,14.45,0.0,109,157574,卖盘
382,10:01:45,14.45,0.0,15,21685,卖盘
383,10:01:48,14.45,0.0,95,137285,卖盘
384,10:01:51,14.46,0.01,15,21676,买盘
385,10:01:54,14.45,-0.01,31,44795,卖盘
386,10:01:57,14.45,0.0,346,499970,卖盘
387,10:02:00,14.45,0.0,117,169065,卖盘
388,10:02:06,14.44,-0.01,36,51973,卖盘
389,10:02:15,14.43,-0.01,8,11544,卖盘
390,10:02:18,14.43,0.0,56,80808,卖盘
391,10:02:21,14.43,0.0,63,90909,卖盘
392,10:02:24,14.43,0.0,88,126984,卖盘
393,10:02:27,14.43,0.0,29,41847,卖盘
394,10:02:30,14.43,0.0,39,56277,卖盘
395,10:02:33,14.43,0.0,59,85137,买盘
396,10:02:36,14.43,0.0,1,1443,买盘
397,10:02:39,14.43,0.0,13,18758,买盘
398,10:02:42,14.43,0.0,17,24531,买盘
399,10:02:45,14.42,-0.01,6,8652,卖盘
400,10:02:48,14.4,-0.02,179,258015,卖盘
401,10:02:54,14.4,0.0,36,51840,买盘
402,10:03:00,14.42,0.02,10,14420,中性盘
403,10:03:03,14.41,-0.01,12,17292,中性盘
404,10:03:06,14.41,0.0,1,1441,卖盘
405,10:03:09,14.41,0.0,26,37466,卖盘
406,10:03:12,14.42,0.01,34,49025,买盘
407,10:03:15,14.42,0.0,1,1442,买盘
408,10:03:18,14.41,-0.01,39,56201,卖盘
409,10:03:21,14.42,0.01,15,21630,卖盘
410,10:03:24,14.43,0.01,15,21642,买盘
411,10:03:27,14.43,0.0,1,1443,买盘
412,10:03:30,14.42,-0.01,63,90846,卖盘
413,10:03:33,14.42,0.0,26,37503,卖盘
414,10:03:36,14.43,0.01,38,54803,买盘
415,10:03:39,14.43,0.0,18,25958,买盘
416,10:03:42,14.42,-0.01,25,36050,卖盘
417,10:03:45,14.42,0.0,90,129810,卖盘
418,10:03:48,14.43,0.01,15,21645,买盘
419,10:03:54,14.42,-0.01,9,12978,买盘
420,10:03:57,14.42,0.0,1,1442,买盘
421,10:04:00,14.42,0.0,1,1442,卖盘
422,10:04:06,14.42,0.0,10,14420,卖盘
423,10:04:09,14.42,0.0,20,28840,卖盘
424,10:04:13,14.43,0.01,121,174602,买盘
425,10:04:15,14.42,-0.01,5,7210,卖盘
426,10:04:18,14.43,0.01,11,15872,买盘
427,10:04:21,14.42,-0.01,20,28840,卖盘
428,10:04:24,14.42,0.0,6,8652,卖盘
429,10:04:30,14.43,0.01,25,36055,买盘
430,10:04:39,14.41,-0.02,6,8646,卖盘
431,10:04:42,14.42,0.01,79,113918,买盘
432,10:04:45,14.41,-0.01,8,11529,卖盘
433,10:04:49,14.41,0.0,19,27385,卖盘
434,10:04:51,14.41,0.0,28,40355,卖盘
435,10:04:54,14.42,0.01,28,40376,买盘
436,10:04:57,14.42,0.0,10,14420,卖盘
437,10:05:00,14.43,0.01,91,131253,买盘
438,10:05:06,14.42,-0.01,10,14420,卖盘
439,10:05:09,14.42,0.0,19,27398,卖盘
440,10:05:15,14.42,0.0,2,2884,买盘
441,10:05:18,14.43,0.01,23,33173,买盘
442,10:05:24,14.42,-0.01,16,23072,买盘
443,10:05:27,14.42,0.0,19,27398,买盘
444,10:05:30,14.42,0.0,9,12978,买盘
445,10:05:33,14.42,0.0,4,5768,买盘
446,10:05:36,14.42,0.0,14,20179,买盘
447,10:05:39,14.41,-0.01,103,148423,卖盘
448,10:05:42,14.41,0.0,61,87901,卖盘
449,10:05:45,14.41,0.0,10,14410,卖盘
450,10:05:48,14.41,0.0,8,11528,卖盘
451,10:05:54,14.4,-0.01,40,57610,卖盘
452,10:05:57,14.41,0.01,5,7205,买盘
453,10:06:00,14.4,-0.01,89,128160,卖盘
454,10:06:04,14.41,0.01,124,178636,买盘
455,10:06:06,14.41,0.0,10,14410,卖盘
456,10:06:10,14.41,0.0,17,24497,卖盘
457,10:06:12,14.41,0.0,57,82137,卖盘
458,10:06:15,14.41,0.0,1,1441,买盘
459,10:06:21,14.4,-0.01,63,90724,卖盘
460,10:06:24,14.39,-0.01,6,8634,卖盘
461,10:06:30,14.4,0.01,46,66240,买盘
462,10:06:33,14.39,-0.01,437,629469,卖盘
463,10:06:36,14.4,0.01,12,16848,卖盘
464,10:06:39,14.33,-0.07,207,297074,卖盘
465,10:06:42,14.41,0.08,21,30260,卖盘
466,10:06:51,14.34,-0.07,62,88918,卖盘
467,10:07:03,14.32,-0.02,330,472827,卖盘
468,10:07:09,14.35,0.03,7,10051,中性盘
469,10:07:12,14.35,0.0,2,2870,卖盘
470,10:07:15,14.32,-0.03,100,143289,卖盘
471,10:07:18,14.38,0.06,51,73338,买盘
472,10:07:21,14.32,-0.06,100,143378,卖盘
473,10:07:33,14.33,0.01,4,5736,卖盘
474,10:07:36,14.33,0.0,8,11464,买盘
475,10:07:39,14.35,0.02,1,1435,买盘
476,10:07:42,14.35,0.0,6,8610,买盘
477,10:07:45,14.32,-0.03,130,186264,卖盘
478,10:07:57,14.36,0.04,15,21518,买盘
479,10:08:15,14.35,-0.01,13,18653,买盘
480,10:08:18,14.33,-0.02,100,143310,卖盘
481,10:08:21,14.36,0.03,9,12924,买盘
482,10:08:24,14.37,0.01,12,17244,买盘
483,10:08:30,14.37,0.0,18,25866,买盘
484,10:08:39,14.37,0.0,2,2874,卖盘
485,10:08:42,14.37,0.0,9,12933,卖盘
486,10:08:48,14.36,-0.01,15,21540,卖盘
487,10:08:51,14.36,0.0,2,2872,买盘
488,10:08:57,14.36,0.0,3,4308,买盘
489,10:09:04,14.37,0.01,62,89094,买盘
490,10:09:15,14.37,0.0,8,11496,卖盘
491,10:09:18,14.38,0.01,52,74771,买盘
492,10:09:21,14.37,-0.01,2,2874,中性盘
493,10:09:33,14.37,0.0,2,2874,卖盘
494,10:09:37,14.37,0.0,48,68976,卖盘
495,10:09:39,14.37,0.0,1,1437,买盘
496,10:09:48,14.37,0.0,3,4311,买盘
497,10:09:57,14.36,-0.01,28,40208,卖盘
498,10:10:01,14.37,0.01,19,27289,买盘
499,10:10:04,14.37,0.0,2,2874,卖盘
500,10:10:12,14.37,0.0,24,34497,卖盘
501,10:10:15,14.38,0.01,1,1438,买盘
502,10:10:21,14.38,0.0,4,5752,买盘
503,10:10:36,14.38,0.0,6,8628,买盘
504,10:10:39,14.38,0.0,29,41702,买盘
505,10:10:45,14.39,0.01,19,27341,买盘
506,10:10:49,14.38,-0.01,205,294795,卖盘
507,10:10:57,14.4,0.02,5,7200,买盘
508,10:11:00,14.36,-0.04,300,430947,卖盘
509,10:11:03,14.39,0.03,13,18707,卖盘
510,10:11:06,14.39,0.0,20,28780,卖盘
511,10:11:12,14.39,0.0,7,10073,卖盘
512,10:11:18,14.39,0.0,1,1439,买盘
513,10:11:24,14.36,-0.03,36,51752,卖盘
514,10:11:27,14.38,0.02,7,10066,中性盘
515,10:11:30,14.39,0.01,5,7194,买盘
516,10:11:39,14.38,-0.01,1,1438,中性盘
517,10:11:45,14.36,-0.02,7,10052,卖盘
518,10:11:48,14.36,0.0,50,71800,卖盘
519,10:11:51,14.38,0.02,20,28750,买盘
520,10:11:54,14.36,-0.02,14,20104,卖盘
521,10:11:57,14.39,0.03,30,43143,买盘
522,10:12:06,14.36,-0.03,16,22976,卖盘
523,10:12:09,14.36,0.0,2,2872,买盘
524,10:12:12,14.38,0.02,45,64614,买盘
525,10:12:30,14.36,-0.02,95,136420,卖盘
526,10:12:42,14.36,0.0,1,1436,卖盘
527,10:12:48,14.36,0.0,6,8616,买盘
528,10:12:51,14.34,-0.02,100,143416,卖盘
529,10:13:00,14.34,0.0,2,2868,卖盘
530,10:13:09,14.33,-0.01,100,143333,卖盘
531,10:13:18,14.34,0.01,5,7170,中性盘
532,10:13:21,14.34,0.0,15,21510,卖盘
533,10:13:27,14.34,0.0,21,30114,卖盘
534,10:13:30,14.33,-0.01,77,110341,卖盘
535,10:13:33,14.34,0.01,36,51598,买盘
536,10:13:42,14.34,0.0,13,18654,买盘
537,10:13:54,14.34,0.0,15,21510,卖盘
538,10:13:57,14.36,0.02,3,4308,买盘
539,10:14:09,14.36,0.0,19,27284,买盘
540,10:14:12,14.35,-0.01,26,37310,卖盘
541,10:14:15,14.36,0.01,41,59300,买盘
542,10:14:24,14.36,0.0,26,37336,卖盘
543,10:14:30,14.36,0.0,11,15796,卖盘
544,10:14:36,14.36,0.0,2,2872,卖盘
545,10:14:39,14.37,0.01,30,43110,买盘
546,10:14:45,14.37,0.0,39,56043,买盘
547,10:14:48,14.37,0.0,21,30177,买盘
548,10:14:57,14.38,0.01,11,15818,买盘
549,10:15:06,14.38,0.0,37,53206,买盘
550,10:15:12,14.38,0.0,54,77652,买盘
551,10:15:18,14.38,0.0,5,7190,卖盘
552,10:15:24,14.39,0.01,60,86340,买盘
553,10:15:33,14.4,0.01,1,1440,买盘
554,10:15:39,14.39,-0.01,1,1439,卖盘
555,10:15:42,14.4,0.01,30,43200,买盘
556,10:15:46,14.4,0.0,50,72000,买盘
557,10:15:48,14.4,0.0,35,50400,买盘
558,10:15:54,14.4,0.0,1,1440,买盘
559,10:15:57,14.4,0.0,15,21600,买盘
560,10:16:00,14.38,-0.02,70,100712,卖盘
561,10:16:04,14.4,0.02,7,10080,买盘
562,10:16:06,14.4,0.0,20,28800,买盘
563,10:16:09,14.39,-0.01,48,69072,卖盘
564,10:16:15,14.39,0.0,20,28780,买盘
565,10:16:21,14.39,0.0,14,20136,买盘
566,10:16:24,14.39,0.0,1,1439,卖盘
567,10:16:28,14.4,0.01,15,21600,买盘
568,10:16:30,14.39,-0.01,93,133827,卖盘
569,10:16:33,14.39,0.0,26,37414,买盘
570,10:16:39,14.4,0.01,15,21600,买盘
571,10:16:48,14.4,0.0,40,57600,买盘
572,10:16:51,14.4,0.0,164,236160,买盘
573,10:16:54,14.4,0.0,9,12967,卖盘
574,10:16:57,14.41,0.01,18,25931,买盘
575,10:17:00,14.4,-0.01,106,152745,卖盘
576,10:17:06,14.41,0.01,267,384994,卖盘
577,10:17:22,14.43,0.02,24,34615,买盘
578,10:17:24,14.42,-0.01,60,86561,卖盘
579,10:17:27,14.43,0.01,142,204617,买盘
580,10:17:30,14.44,0.01,35,50539,买盘
581,10:17:33,14.44,0.0,89,128516,买盘
582,10:17:42,14.44,0.0,5,7220,卖盘
583,10:17:48,14.44,0.0,470,679291,卖盘
584,10:17:54,14.45,0.01,20,28900,卖盘
585,10:17:58,14.46,0.01,48,69402,买盘
586,10:18:04,14.47,0.01,22,31824,买盘
587,10:18:06,14.47,0.0,112,162054,买盘
588,10:18:09,14.47,0.0,8,11576,买盘
589,10:18:12,14.47,0.0,2,2894,买盘
590,10:18:15,14.47,0.0,105,151835,买盘
591,10:18:18,14.46,-0.01,135,195333,卖盘
592,10:18:21,14.47,0.01,31,44849,买盘
593,10:18:24,14.47,0.0,9,13015,买盘
594,10:18:27,14.47,0.0,19,27493,买盘
595,10:18:30,14.48,0.01,346,500809,买盘
596,10:18:33,14.47,-0.01,45,65155,中性盘
597,10:18:36,14.48,0.01,4,5792,买盘
598,10:18:39,14.48,0.0,22,31856,买盘
599,10:18:42,14.49,0.01,345,499730,买盘
600,10:18:45,14.49,0.0,472,684176,买盘
601,10:18:48,14.5,0.01,715,1036690,买盘
602,10:18:51,14.52,0.02,103,149487,买盘
603,10:18:54,14.52,0.0,11,15951,买盘
604,10:18:57,14.52,0.0,36,52998,买盘
605,10:19:00,14.53,0.01,4,5809,买盘
606,10:19:03,14.54,0.01,17,24712,买盘
607,10:19:09,14.55,0.01,47,68362,买盘
608,10:19:12,14.55,0.0,15,21825,买盘
609,10:19:15,14.58,0.03,142,206764,买盘
610,10:19:18,14.56,-0.02,66,95564,卖盘
611,10:19:21,14.56,0.0,111,162242,卖盘
612,10:19:24,14.56,0.0,39,56781,买盘
613,10:19:27,14.54,-0.02,108,157142,卖盘
614,10:19:30,14.53,-0.01,193,280897,卖盘
615,10:19:33,14.56,0.03,135,195911,买盘
616,10:19:36,14.54,-0.02,228,332540,卖盘
617,10:19:40,14.55,0.01,41,59643,买盘
618,10:19:43,14.53,-0.02,29,42160,卖盘
619,10:19:45,14.55,0.02,20,29095,买盘
620,10:19:48,14.56,0.01,75,109107,买盘
621,10:19:51,14.55,-0.01,31,45074,卖盘
622,10:19:54,14.55,0.0,44,64450,买盘
623,10:19:57,14.55,0.0,28,40320,卖盘
624,10:20:00,14.54,-0.01,15,21820,中性盘
625,10:20:04,14.55,0.01,21,30555,买盘
626,10:20:06,14.53,-0.02,187,272074,卖盘
627,10:20:09,14.53,0.0,10,14530,卖盘
628,10:20:12,14.53,0.0,16,23258,卖盘
629,10:20:15,14.53,0.0,20,29069,卖盘
630,10:20:18,14.53,0.0,64,92996,卖盘
631,10:20:21,14.53,0.0,47,68334,卖盘
632,10:20:24,14.5,-0.03,54,78338,卖盘
633,10:20:27,14.53,0.03,2,2906,买盘
634,10:20:33,14.5,-0.03,48,69610,卖盘
635,10:20:37,14.51,0.01,7,10151,买盘
636,10:20:39,14.5,-0.01,30,43545,卖盘
637,10:20:42,14.5,0.0,31,44950,卖盘
638,10:20:45,14.5,0.0,3,4350,卖盘
639,10:20:51,14.5,0.0,40,58000,买盘
640,10:20:57,14.5,0.0,11,15950,买盘
641,10:21:00,14.51,0.01,22,31906,买盘
642,10:21:04,14.5,-0.01,16,23205,买盘
643,10:21:12,14.51,0.01,41,59457,买盘
644,10:21:15,14.5,-0.01,15,21750,卖盘
645,10:21:18,14.51,0.01,78,113172,买盘
646,10:21:21,14.52,0.01,13,18865,买盘
647,10:21:24,14.51,-0.01,42,60945,卖盘
648,10:21:30,14.51,0.0,10,14510,买盘
649,10:21:33,14.5,-0.01,5,7250,卖盘
650,10:21:36,14.52,0.02,121,175659,买盘
651,10:21:39,14.51,-0.01,86,124774,中性盘
652,10:21:42,14.51,0.0,11,15961,买盘
653,10:21:46,14.51,0.0,24,35259,买盘
654,10:21:48,14.51,0.0,10,14510,卖盘
655,10:21:51,14.52,0.01,1,1452,买盘
656,10:21:54,14.51,-0.01,11,15961,卖盘
657,10:21:57,14.51,0.0,20,29020,卖盘
658,10:22:00,14.51,0.0,7,10159,卖盘
659,10:22:03,14.51,0.0,77,111292,卖盘
660,10:22:06,14.52,0.01,89,129224,买盘
661,10:22:09,14.51,-0.01,1,1451,买盘
662,10:22:12,14.51,0.0,23,33373,买盘
663,10:22:15,14.5,-0.01,16,23207,卖盘
664,10:22:21,14.5,0.0,10,14500,卖盘
665,10:22:24,14.5,0.0,88,127600,卖盘
666,10:22:27,14.5,0.0,46,66709,卖盘
667,10:22:30,14.48,-0.02,50,72400,卖盘
668,10:22:36,14.48,0.0,10,14480,卖盘
669,10:22:39,14.5,0.02,198,286721,买盘
670,10:22:42,14.48,-0.02,11,15931,中性盘
671,10:22:48,14.46,-0.02,8,11570,卖盘
672,10:22:51,14.46,0.0,56,80977,卖盘
673,10:22:54,14.47,0.01,10,14470,买盘
674,10:22:57,14.46,-0.01,42,60732,卖盘
675,10:23:00,14.46,0.0,50,72300,卖盘
676,10:23:03,14.46,0.0,5,7230,卖盘
677,10:23:06,14.44,-0.02,222,320945,卖盘
678,10:23:12,14.46,0.02,10,14460,卖盘
679,10:23:21,14.46,0.0,148,213830,买盘
680,10:23:30,14.45,-0.01,10,14450,买盘
681,10:23:33,14.43,-0.02,82,118424,卖盘
682,10:23:39,14.45,0.02,50,72250,卖盘
683,10:23:42,14.45,0.0,16,23121,卖盘
684,10:23:45,14.45,0.0,3,4335,卖盘
685,10:23:52,14.46,0.01,38,54942,买盘
686,10:24:00,14.45,-0.01,36,52037,卖盘
687,10:24:04,14.46,0.01,100,144590,买盘
688,10:24:06,14.46,0.0,12,17354,卖盘
689,10:24:09,14.46,0.0,20,28920,卖盘
690,10:24:12,14.47,0.01,14,20248,买盘
691,10:24:15,14.47,0.0,20,28940,卖盘
692,10:24:19,14.47,0.0,2,2894,卖盘
693,10:24:21,14.48,0.01,21,30408,买盘
694,10:24:24,14.47,-0.01,32,46343,卖盘
695,10:24:28,14.48,0.01,50,72400,买盘
696,10:24:33,14.49,0.01,13,18832,买盘
697,10:24:36,14.5,0.01,106,153653,买盘
698,10:24:39,14.49,-0.01,8,11598,中性盘
699,10:24:42,14.5,0.01,16,23200,买盘
700,10:24:45,14.49,-0.01,45,65530,卖盘
701,10:24:48,14.5,0.01,37,53650,买盘
702,10:24:54,14.5,0.0,24,34793,买盘
703,10:24:57,14.49,-0.01,30,43183,卖盘
704,10:25:00,14.5,0.01,19,27538,买盘
705,10:25:07,14.5,0.0,100,145000,买盘
706,10:25:09,14.5,0.0,16,23192,买盘
707,10:25:12,14.5,0.0,20,29000,买盘
708,10:25:15,14.5,0.0,28,40600,买盘
709,10:25:18,14.5,0.0,47,68125,买盘
710,10:25:22,14.49,-0.01,41,59409,中性盘
711,10:25:25,14.5,0.01,10,14500,买盘
712,10:25:28,14.5,0.0,20,29000,买盘
713,10:25:31,14.5,0.0,8,11600,买盘
714,10:25:33,14.5,0.0,363,526240,买盘
715,10:25:36,14.52,0.02,450,652872,买盘
716,10:25:39,14.5,-0.02,20,29020,中性盘
717,10:25:42,14.52,0.02,21,30472,买盘
718,10:25:46,14.54,0.02,200,290576,买盘
719,10:25:51,14.54,0.0,363,527095,买盘
720,10:25:55,14.56,0.02,356,518082,买盘
721,10:25:57,14.56,0.0,102,148565,买盘
722,10:26:00,14.57,0.01,69,100533,买盘
723,10:26:04,14.57,0.0,427,622498,卖盘
724,10:26:06,14.58,0.01,100,145775,买盘
725,10:26:09,14.59,0.01,70,102044,买盘
726,10:26:12,14.59,0.0,286,416973,买盘
727,10:26:15,14.59,0.0,272,397000,买盘
728,10:26:18,14.6,0.01,106,154759,买盘
729,10:26:21,14.59,-0.01,92,134317,卖盘
730,10:26:24,14.6,0.01,195,284698,买盘
731,10:26:27,14.6,0.0,257,375110,买盘
732,10:26:30,14.6,0.0,170,248160,买盘
733,10:26:34,14.59,-0.01,522,762016,卖盘
734,10:26:36,14.6,0.01,169,246528,买盘
735,10:26:39,14.6,0.0,10,14600,卖盘
736,10:26:42,14.6,0.0,160,233746,卖盘
737,10:26:45,14.6,0.0,82,119750,买盘
738,10:26:49,14.6,0.0,151,220399,买盘
739,10:26:51,14.59,-0.01,2,2918,中性盘
740,10:26:54,14.58,-0.01,47,68526,卖盘
741,10:26:57,14.58,0.0,180,262430,买盘
742,10:27:03,14.54,-0.04,97,141326,卖盘
743,10:27:06,14.58,0.04,14,20368,买盘
744,10:27:09,14.57,-0.01,20,29140,中性盘
745,10:27:12,14.55,-0.02,5,7275,卖盘
746,10:27:15,14.57,0.02,34,49528,买盘
747,10:27:18,14.55,-0.02,6,8730,卖盘
748,10:27:21,14.55,0.0,10,14550,买盘
749,10:27:24,14.55,0.0,1,1455,买盘
750,10:27:27,14.55,0.0,51,74195,买盘
751,10:27:30,14.55,0.0,28,40737,买盘
752,10:27:33,14.57,0.02,9,13113,买盘
753,10:27:36,14.57,0.0,65,94695,买盘
754,10:27:39,14.59,0.02,153,222989,买盘
755,10:27:42,14.59,0.0,15,21885,买盘
756,10:27:48,14.58,-0.01,32,46692,卖盘
757,10:27:51,14.6,0.02,38,55432,买盘
758,10:27:54,14.6,0.0,75,109500,买盘
759,10:27:58,14.6,0.0,4,5840,买盘
760,10:28:00,14.6,0.0,43,62780,卖盘
761,10:28:04,14.61,0.01,111,162161,买盘
762,10:28:06,14.6,-0.01,79,115407,卖盘
763,10:28:09,14.61,0.01,80,116952,中性盘
764,10:28:12,14.64,0.03,82,119960,买盘
765,10:28:15,14.61,-0.03,8,11688,卖盘
766,10:28:18,14.62,0.01,90,131673,中性盘
767,10:28:22,14.62,0.0,70,102394,卖盘
768,10:28:24,14.62,0.0,91,133044,卖盘
769,10:28:27,14.63,0.01,105,153594,买盘
770,10:28:30,14.64,0.01,118,172676,买盘
771,10:28:33,14.63,-0.01,77,112601,买盘
772,10:28:36,14.61,-0.02,26,38024,卖盘
773,10:28:39,14.63,0.02,26,38038,买盘
774,10:28:42,14.61,-0.02,52,75972,卖盘
775,10:28:45,14.6,-0.01,55,80300,卖盘
776,10:28:48,14.6,0.0,142,207374,卖盘
777,10:28:51,14.6,0.0,44,64279,卖盘
778,10:28:54,14.61,0.01,39,56979,买盘
779,10:28:57,14.6,-0.01,10,14600,卖盘
780,10:29:00,14.6,0.0,7,10220,卖盘
781,10:29:03,14.59,-0.01,36,52540,卖盘
782,10:29:06,14.6,0.01,42,61320,买盘
783,10:29:09,14.6,0.0,20,29188,买盘
784,10:29:13,14.58,-0.02,1,1458,卖盘
785,10:29:15,14.58,0.0,12,17496,卖盘
786,10:29:18,14.6,0.02,61,89020,买盘
787,10:29:21,14.58,-0.02,22,32076,卖盘
788,10:29:27,14.59,0.01,43,62727,买盘
789,10:29:30,14.58,-0.01,78,113731,卖盘
790,10:29:33,14.58,0.0,32,46666,卖盘
791,10:29:36,14.58,0.0,85,123956,卖盘
792,10:29:39,14.58,0.0,192,279726,买盘
793,10:29:42,14.58,0.0,28,40824,买盘
794,10:29:45,14.58,0.0,10,14580,卖盘
795,10:29:48,14.58,0.0,13,18954,卖盘
796,10:29:51,14.58,0.0,16,23324,买盘
797,10:29:54,14.58,0.0,10,14580,买盘
798,10:29:57,14.58,0.0,2,2916,买盘
799,10:30:04,14.56,-0.02,100,145600,卖盘
800,10:30:12,14.56,0.0,19,27664,卖盘
801,10:30:16,14.56,0.0,12,17472,买盘
802,10:30:19,14.56,0.0,27,39312,买盘
803,10:30:21,14.58,0.02,40,58288,买盘
804,10:30:25,14.55,-0.03,19,27650,卖盘
805,10:30:27,14.54,-0.01,31,45074,卖盘
806,10:30:30,14.55,0.01,1,1455,买盘
807,10:30:33,14.54,-0.01,61,88694,卖盘
808,10:30:39,14.54,0.0,39,56706,买盘
809,10:30:45,14.54,0.0,36,52344,卖盘
810,10:30:48,14.58,0.04,200,291325,买盘
811,10:30:51,14.54,-0.04,25,36350,卖盘
812,10:30:54,14.54,0.0,5,7270,买盘
813,10:30:57,14.54,0.0,23,33439,买盘
814,10:31:00,14.54,0.0,17,24718,买盘
815,10:31:04,14.55,0.01,7,10190,卖盘
816,10:31:06,14.57,0.02,1,1457,中性盘
817,10:31:09,14.57,0.0,46,66911,买盘
818,10:31:12,14.54,-0.03,19,27635,卖盘
819,10:31:15,14.54,0.0,8,11632,买盘
820,10:31:18,14.54,0.0,74,107546,买盘
821,10:31:21,14.54,0.0,145,210830,卖盘
822,10:31:24,14.54,0.0,55,79970,买盘
823,10:31:30,14.54,0.0,4,5816,卖盘
824,10:31:33,14.55,0.01,92,133850,买盘
825,10:31:37,14.55,0.0,19,27635,买盘
826,10:31:42,14.56,0.01,5,7280,买盘
827,10:31:48,14.57,0.01,10,14570,买盘
828,10:31:51,14.56,-0.01,206,299936,卖盘
829,10:31:58,14.56,0.0,35,50935,买盘
830,10:32:00,14.55,-0.01,78,113534,卖盘
831,10:32:04,14.54,-0.01,265,385345,卖盘
832,10:32:06,14.56,0.02,80,116405,买盘
833,10:32:09,14.55,-0.01,14,20370,卖盘
834,10:32:12,14.55,0.0,10,14550,卖盘
835,10:32:15,14.55,0.0,11,16005,卖盘
836,10:32:18,14.55,0.0,94,136770,卖盘
837,10:32:21,14.55,0.0,24,34920,买盘
838,10:32:24,14.55,0.0,3,4365,买盘
839,10:32:27,14.53,-0.02,50,72690,卖盘
840,10:32:33,14.53,0.0,11,15985,卖盘
841,10:32:36,14.53,0.0,6,8718,卖盘
842,10:32:39,14.55,0.02,20,29091,买盘
843,10:32:42,14.53,-0.02,31,45043,卖盘
844,10:32:45,14.53,0.0,2,2906,买盘
845,10:32:48,14.53,0.0,1,1453,买盘
846,10:32:54,14.52,-0.01,55,79860,卖盘
847,10:32:57,14.51,-0.01,40,58063,卖盘
848,10:33:09,14.52,0.01,46,66756,买盘
849,10:33:13,14.52,0.0,13,18876,买盘
850,10:33:15,14.53,0.01,62,90007,买盘
851,10:33:18,14.53,0.0,127,184531,买盘
852,10:33:21,14.51,-0.02,40,58040,卖盘
853,10:33:27,14.52,0.01,6,8712,卖盘
854,10:33:33,14.52,0.0,20,29040,买盘
855,10:33:39,14.51,-0.01,30,43530,卖盘
856,10:33:42,14.51,0.0,14,20314,卖盘
857,10:33:45,14.52,0.01,4,5808,买盘
858,10:33:48,14.51,-0.01,92,133492,卖盘
859,10:33:54,14.51,0.0,15,21765,买盘
860,10:33:57,14.51,0.0,121,175938,卖盘
861,10:34:00,14.5,-0.01,142,205645,卖盘
862,10:34:03,14.5,0.0,8,11600,买盘
863,10:34:06,14.51,0.01,28,40614,买盘
864,10:34:10,14.5,-0.01,1,1450,中性盘
865,10:34:15,14.51,0.01,232,337067,买盘
866,10:34:18,14.5,-0.01,25,35820,卖盘
867,10:34:24,14.5,0.0,185,268250,卖盘
868,10:34:36,14.5,0.0,19,27532,买盘
869,10:34:39,14.5,0.0,5,7250,买盘
870,10:34:42,14.5,0.0,17,24640,买盘
871,10:34:45,14.5,0.0,5,7250,卖盘
872,10:34:48,14.51,0.01,14,20314,卖盘
873,10:34:51,14.5,-0.01,14,20300,卖盘
874,10:34:54,14.51,0.01,1,1886,买盘
875,10:34:57,14.52,0.01,5,7260,买盘
876,10:35:03,14.52,0.0,16,23232,买盘
877,10:35:06,14.5,-0.02,104,150894,卖盘
878,10:35:18,14.51,0.01,3,4353,卖盘
879,10:35:22,14.51,0.0,50,72550,卖盘
880,10:35:24,14.52,0.01,14,20324,买盘
881,10:35:27,14.51,-0.01,4,5804,卖盘
882,10:35:34,14.51,0.0,66,95826,卖盘
883,10:35:37,14.51,0.0,2,2902,卖盘
884,10:35:42,14.52,0.01,20,29030,买盘
885,10:35:48,14.52,0.0,10,14520,卖盘
886,10:35:51,14.52,0.0,14,20328,卖盘
887,10:36:12,14.52,0.0,15,21790,卖盘
888,10:36:15,14.52,0.0,46,66802,卖盘
889,10:36:18,14.53,0.01,85,123505,买盘
890,10:36:21,14.53,0.0,3,4359,卖盘
891,10:36:28,14.53,0.0,5,7265,卖盘
892,10:36:36,14.54,0.01,20,29080,买盘
893,10:36:39,14.54,0.0,8,11632,买盘
894,10:36:48,14.54,0.0,1,1454,买盘
895,10:36:51,14.54,0.0,18,26172,买盘
896,10:36:54,14.54,0.0,1,1454,买盘
897,10:36:57,14.54,0.0,11,15994,买盘
898,10:37:00,14.54,0.0,5,7270,买盘
899,10:37:06,14.54,0.0,57,82878,买盘
900,10:37:10,14.54,0.0,39,56706,卖盘
901,10:37:12,14.54,0.0,18,26172,买盘
902,10:37:15,14.53,-0.01,37,53761,卖盘
903,10:37:21,14.54,0.01,57,82878,买盘
904,10:37:24,14.52,-0.02,14,20328,卖盘
905,10:37:27,14.53,0.01,2,2906,中性盘
906,10:37:36,14.52,-0.01,10,14520,卖盘
907,10:37:42,14.53,0.01,8,11624,买盘
908,10:37:45,14.52,-0.01,60,87120,卖盘
909,10:37:51,14.52,0.0,21,30492,卖盘
910,10:37:54,14.52,0.0,29,42133,卖盘
911,10:37:57,14.52,0.0,28,40656,卖盘
912,10:38:00,14.52,0.0,20,29040,卖盘
913,10:38:03,14.52,0.0,50,72600,卖盘
914,10:38:10,14.52,0.0,5,7260,卖盘
915,10:38:15,14.52,0.0,21,30492,卖盘
916,10:38:18,14.52,0.0,5,7260,卖盘
917,10:38:21,14.52,0.0,113,164285,卖盘
918,10:38:24,14.52,0.0,12,17424,卖盘
919,10:38:30,14.52,0.0,4,5808,卖盘
920,10:38:36,14.5,-0.02,100,145042,卖盘
921,10:38:54,14.5,0.0,21,30450,卖盘
922,10:38:58,14.5,0.0,20,29000,卖盘
923,10:39:00,14.5,0.0,133,192850,卖盘
924,10:39:04,14.5,0.0,10,14500,买盘
925,10:39:06,14.5,0.0,52,75398,买盘
926,10:39:12,14.5,0.0,1,1450,买盘
927,10:39:15,14.49,-0.01,16,23185,卖盘
928,10:39:21,14.49,0.0,20,28980,卖盘
929,10:39:24,14.49,0.0,15,21735,卖盘
930,10:39:30,14.49,0.0,5,7245,卖盘
931,10:39:36,14.49,0.0,5,7245,卖盘
932,10:39:39,14.49,0.0,39,56511,卖盘
933,10:39:43,14.49,0.0,4,5796,卖盘
934,10:39:45,14.49,0.0,30,43470,卖盘
935,10:39:51,14.49,0.0,14,20286,卖盘
936,10:40:06,14.48,-0.01,96,139008,卖盘
937,10:40:15,14.47,-0.01,100,144700,卖盘
938,10:40:18,14.46,-0.01,60,86760,卖盘
939,10:40:21,14.45,-0.01,151,218241,卖盘
940,10:40:30,14.45,0.0,10,14450,卖盘
941,10:40:42,14.45,0.0,18,26010,卖盘
942,10:40:45,14.45,0.0,100,144500,卖盘
943,10:40:48,14.45,0.0,16,23120,卖盘
944,10:40:51,14.45,0.0,1,1445,买盘
945,10:40:54,14.45,0.0,1,1445,买盘
946,10:40:57,14.45,0.0,1,1445,买盘
947,10:41:00,14.45,0.0,1,1445,买盘
948,10:41:04,14.45,0.0,5,7225,中性盘
949,10:41:06,14.45,0.0,10,14450,卖盘
950,10:41:09,14.45,0.0,2,2890,买盘
951,10:41:12,14.45,0.0,5,7225,卖盘
952,10:41:21,14.45,0.0,42,60754,卖盘
953,10:41:24,14.46,0.01,9,13014,中性盘
954,10:41:27,14.46,0.0,11,15906,买盘
955,10:41:30,14.47,0.01,8,11573,买盘
956,10:41:33,14.46,-0.01,14,20249,卖盘
957,10:41:42,14.47,0.01,6,8682,卖盘
958,10:41:51,14.47,0.0,28,40516,卖盘
959,10:41:57,14.47,0.0,18,26058,卖盘
960,10:42:04,14.46,-0.01,121,175003,卖盘
961,10:42:09,14.48,0.02,20,28960,买盘
962,10:42:18,14.47,-0.01,30,43410,卖盘
963,10:42:21,14.46,-0.01,50,72300,卖盘
964,10:42:24,14.47,0.01,64,92546,买盘
965,10:42:27,14.47,0.0,1,1447,卖盘
966,10:42:34,14.46,-0.01,4,5784,卖盘
967,10:42:36,14.47,0.01,8,11576,买盘
968,10:42:42,14.46,-0.01,2,2892,卖盘
969,10:42:51,14.46,0.0,11,15906,卖盘
970,10:43:00,14.46,0.0,10,14460,卖盘
971,10:43:15,14.46,0.0,104,150384,卖盘
972,10:43:18,14.46,0.0,16,23136,买盘
973,10:43:24,14.47,0.01,58,83920,买盘
974,10:43:27,14.47,0.0,5,7235,买盘
975,10:43:45,14.47,0.0,10,14470,买盘
976,10:43:48,14.47,0.0,62,89714,买盘
977,10:43:54,14.48,0.01,243,351699,买盘
978,10:44:06,14.49,0.01,60,86940,买盘
979,10:44:16,14.48,-0.01,49,71691,卖盘
980,10:44:19,14.49,0.01,69,99981,买盘
981,10:44:22,14.49,0.0,20,28980,买盘
982,10:44:25,14.49,0.0,7,10143,买盘
983,10:44:28,14.49,0.0,5,7245,买盘
984,10:44:31,14.49,0.0,8,11592,买盘
985,10:44:36,14.48,-0.01,117,169416,卖盘
986,10:44:45,14.49,0.01,5,7245,买盘
987,10:44:57,14.48,-0.01,4,5198,卖盘
988,10:45:03,14.48,0.0,10,14480,买盘
989,10:45:06,14.48,0.0,9,13032,买盘
990,10:45:09,14.48,0.0,5,7240,买盘
991,10:45:13,14.48,0.0,2,2896,买盘
992,10:45:15,14.48,0.0,5,7834,买盘
993,10:45:27,14.49,0.01,113,163732,买盘
994,10:45:30,14.49,0.0,149,215901,买盘
995,10:45:36,14.49,0.0,43,62297,买盘
996,10:45:39,14.49,0.0,2,2898,卖盘
997,10:45:42,14.49,0.0,8,11592,卖盘
998,10:45:54,14.5,0.01,3,4350,买盘
999,10:45:57,14.5,0.0,5,7250,买盘
1000,10:46:00,14.5,0.0,90,130500,买盘
1001,10:46:12,14.5,0.0,54,78300,买盘
1002,10:46:18,14.49,-0.01,5,7245,卖盘
1003,10:46:21,14.5,0.01,62,89860,买盘
1004,10:46:30,14.5,0.0,4,5800,买盘
1005,10:46:36,14.5,0.0,95,137750,买盘
1006,10:46:40,14.5,0.0,11,15950,买盘
1007,10:46:48,14.5,0.0,5,7250,买盘
1008,10:46:57,14.49,-0.01,1,1449,卖盘
1009,10:47:18,14.49,0.0,7,10143,卖盘
1010,10:47:24,14.49,0.0,6,8694,卖盘
1011,10:47:51,14.49,0.0,64,92736,买盘
1012,10:47:54,14.48,-0.01,64,92672,卖盘
1013,10:48:00,14.48,0.0,10,14480,卖盘
1014,10:48:09,14.48,0.0,1,1448,卖盘
1015,10:48:12,14.48,0.0,34,48638,卖盘
1016,10:48:15,14.48,0.0,16,23168,买盘
1017,10:48:18,14.48,0.0,10,14480,买盘
1018,10:48:27,14.48,0.0,7,10136,买盘
1019,10:48:30,14.47,-0.01,106,153458,卖盘
1020,10:48:54,14.47,0.0,7,10129,卖盘
1021,10:49:00,14.47,0.0,5,7235,卖盘
1022,10:49:21,14.47,0.0,58,83944,卖盘
1023,10:49:30,14.47,0.0,15,21705,卖盘
1024,10:49:36,14.48,0.01,2,2896,买盘
1025,10:49:39,14.47,-0.01,85,122995,卖盘
1026,10:49:48,14.47,0.0,100,144700,买盘
1027,10:49:51,14.47,0.0,29,41963,买盘
1028,10:49:54,14.47,0.0,12,17364,买盘
1029,10:50:12,14.46,-0.01,59,85314,卖盘
1030,10:50:15,14.47,0.01,15,21705,买盘
1031,10:50:24,14.47,0.0,7,10129,买盘
1032,10:50:28,14.46,-0.01,10,14460,卖盘
1033,10:50:30,14.47,0.01,8,11576,买盘
1034,10:50:33,14.46,-0.01,6,8681,卖盘
1035,10:50:39,14.46,0.0,32,46272,卖盘
1036,10:50:45,14.46,0.0,150,216900,卖盘
1037,10:50:54,14.46,0.0,45,65070,卖盘
1038,10:51:04,14.45,-0.01,57,82250,卖盘
1039,10:51:18,14.45,0.0,87,125440,卖盘
1040,10:51:27,14.45,0.0,6,8670,卖盘
1041,10:51:39,14.45,0.0,28,40460,卖盘
1042,10:51:42,14.45,0.0,137,197965,卖盘
1043,10:51:52,14.45,0.0,25,36544,卖盘
1044,10:51:54,14.43,-0.02,250,360905,卖盘
1045,10:52:09,14.43,0.0,60,86630,卖盘
1046,10:52:12,14.42,-0.01,65,93730,卖盘
1047,10:52:15,14.42,0.0,10,14420,卖盘
1048,10:52:18,14.42,0.0,20,28840,卖盘
1049,10:52:21,14.43,0.01,8,11544,买盘
1050,10:52:27,14.42,-0.01,4,5768,卖盘
1051,10:52:30,14.42,0.0,1,1442,卖盘
1052,10:52:34,14.43,0.01,199,287157,买盘
1053,10:52:36,14.43,0.0,8,11544,卖盘
1054,10:52:39,14.43,0.0,10,14430,卖盘
1055,10:52:42,14.43,0.0,39,56277,卖盘
1056,10:52:45,14.43,0.0,10,14430,买盘
1057,10:52:48,14.45,0.02,5,7221,买盘
1058,10:52:54,14.43,-0.02,4,5772,卖盘
1059,10:52:57,14.43,0.0,100,144300,卖盘
1060,10:53:00,14.42,-0.01,5,7211,卖盘
1061,10:53:04,14.45,0.03,49,70675,买盘
1062,10:53:06,14.42,-0.03,160,230882,卖盘
1063,10:53:12,14.42,0.0,20,28840,卖盘
1064,10:53:18,14.41,-0.01,150,216226,卖盘
1065,10:53:21,14.42,0.01,2,2884,买盘
1066,10:53:24,14.42,0.0,20,28840,买盘
1067,10:53:31,14.42,0.0,5,7210,买盘
1068,10:53:33,14.4,-0.02,500,720107,卖盘
1069,10:53:36,14.4,0.0,20,28800,卖盘
1070,10:53:39,14.4,0.0,10,14400,卖盘
1071,10:53:42,14.4,0.0,10,14400,卖盘
1072,10:53:45,14.4,0.0,26,37440,卖盘
1073,10:53:49,14.4,0.0,16,23040,卖盘
1074,10:53:52,14.4,0.0,28,40450,卖盘
1075,10:53:55,14.39,-0.01,20,28780,卖盘
1076,10:54:03,14.39,0.0,10,14390,卖盘
1077,10:54:09,14.4,0.01,20,28800,买盘
1078,10:54:12,14.4,0.0,53,76180,买盘
1079,10:54:24,14.4,0.0,2,2880,卖盘
1080,10:54:28,14.42,0.02,15,21620,买盘
1081,10:54:33,14.42,0.0,9,12978,买盘
1082,10:54:36,14.41,-0.01,6,8646,卖盘
1083,10:54:39,14.41,0.0,20,28820,卖盘
1084,10:54:42,14.41,0.0,561,807273,买盘
1085,10:54:57,14.42,0.01,30,43260,买盘
1086,10:55:15,14.43,0.01,6,8658,卖盘
1087,10:55:21,14.42,-0.01,5,7210,卖盘
1088,10:55:33,14.43,0.01,8,11544,卖盘
1089,10:55:37,14.42,-0.01,46,66344,卖盘
1090,10:55:39,14.43,0.01,1,1443,卖盘
1091,10:55:42,14.43,0.0,3,4329,卖盘
1092,10:55:48,14.43,0.0,5,7215,买盘
1093,10:55:54,14.43,0.0,8,11544,买盘
1094,10:55:57,14.41,-0.02,33,47553,卖盘
1095,10:56:00,14.41,0.0,18,25938,买盘
1096,10:56:13,14.41,0.0,18,25938,买盘
1097,10:56:16,14.4,-0.01,1,1440,卖盘
1098,10:56:19,14.4,0.0,5,7200,卖盘
1099,10:56:22,14.4,0.0,11,15840,卖盘
1100,10:56:24,14.41,0.01,78,112328,买盘
1101,10:56:36,14.41,0.0,100,144090,买盘
1102,10:56:45,14.39,-0.02,5,7199,卖盘
1103,10:56:48,14.41,0.02,50,72050,买盘
1104,10:56:54,14.4,-0.01,9,12960,买盘
1105,10:56:57,14.4,0.0,4,5760,买盘
1106,10:57:00,14.4,0.0,29,41760,买盘
1107,10:57:06,14.4,0.0,5,7200,卖盘
1108,10:57:15,14.4,0.0,36,51881,卖盘
1109,10:57:22,14.39,-0.01,7,10073,卖盘
1110,10:57:28,14.4,0.01,5,7200,买盘
1111,10:57:30,14.4,0.0,31,44640,买盘
1112,10:57:39,14.4,0.0,59,84960,卖盘
1113,10:57:48,14.4,0.0,5,7200,卖盘
1114,10:58:00,14.4,0.0,3,4320,卖盘
1115,10:58:07,14.4,0.0,78,112336,卖盘
1116,10:58:18,14.4,0.0,8,11524,卖盘
1117,10:58:30,14.4,0.0,83,119520,卖盘
1118,10:58:33,14.4,0.0,17,24480,买盘
1119,10:58:42,14.4,0.0,18,25920,卖盘
1120,10:58:45,14.4,0.0,3,4320,买盘
1121,10:58:48,14.4,0.0,10,14395,买盘
1122,10:58:51,14.4,0.0,9,12960,买盘
1123,10:59:04,14.4,0.0,31,44640,买盘
1124,10:59:09,14.39,-0.01,60,86340,卖盘
1125,10:59:12,14.4,0.01,22,31678,买盘
1126,10:59:21,14.39,-0.01,5,7195,卖盘
1127,10:59:39,14.39,0.0,156,224484,卖盘
1128,10:59:42,14.39,0.0,4,5756,卖盘
1129,10:59:48,14.39,0.0,10,14390,卖盘
1130,10:59:51,14.39,0.0,2,2878,卖盘
1131,10:59:55,14.39,0.0,4,5756,卖盘
1132,10:59:58,14.39,0.0,16,23024,卖盘
1133,11:00:01,14.39,0.0,5,7195,卖盘
1134,11:00:04,14.39,0.0,8,11512,卖盘
1135,11:00:06,14.38,-0.01,27,38826,卖盘
1136,11:00:09,14.38,0.0,38,54644,卖盘
1137,11:00:12,14.38,0.0,5,7190,卖盘
1138,11:00:15,14.39,0.01,31,44609,买盘
1139,11:00:18,14.39,0.0,1,1439,买盘
1140,11:00:25,14.38,-0.01,80,115067,卖盘
1141,11:00:28,14.38,0.0,61,87718,卖盘
1142,11:00:30,14.38,0.0,6,8628,卖盘
1143,11:00:33,14.38,0.0,5,7190,卖盘
1144,11:00:39,14.38,0.0,35,50330,卖盘
1145,11:00:45,14.38,0.0,10,14380,卖盘
1146,11:00:48,14.38,0.0,4,5752,卖盘
1147,11:00:51,14.38,0.0,11,15818,卖盘
1148,11:00:54,14.38,0.0,20,28760,卖盘
1149,11:00:57,14.38,0.0,25,35950,卖盘
1150,11:01:04,14.38,0.0,18,25884,卖盘
1151,11:01:06,14.38,0.0,13,18694,卖盘
1152,11:01:09,14.38,0.0,10,14380,卖盘
1153,11:01:12,14.38,0.0,8,11504,卖盘
1154,11:01:15,14.38,0.0,2,2876,卖盘
1155,11:01:18,14.38,0.0,79,113602,卖盘
1156,11:01:21,14.38,0.0,13,18694,卖盘
1157,11:01:24,14.38,0.0,21,30198,卖盘
1158,11:01:30,14.38,0.0,63,90723,卖盘
1159,11:01:39,14.38,0.0,142,204064,买盘
1160,11:01:45,14.38,0.0,1,1438,买盘
1161,11:01:48,14.36,-0.02,10,14360,卖盘
1162,11:01:51,14.36,0.0,13,18668,卖盘
1163,11:01:57,14.36,0.0,14,20104,卖盘
1164,11:02:00,14.36,0.0,22,31592,卖盘
1165,11:02:09,14.36,0.0,80,114880,卖盘
1166,11:02:12,14.37,0.01,35,50270,买盘
1167,11:02:15,14.37,0.0,20,28738,买盘
1168,11:02:18,14.37,0.0,82,117834,卖盘
1169,11:02:21,14.36,-0.01,2,2441,卖盘
1170,11:02:24,14.36,0.0,18,26279,买盘
1171,11:02:39,14.36,0.0,15,21540,卖盘
1172,11:02:48,14.36,0.0,11,15796,卖盘
1173,11:02:57,14.37,0.01,12,17244,买盘
1174,11:03:00,14.37,0.0,12,17234,买盘
1175,11:03:03,14.36,-0.01,252,361895,卖盘
1176,11:03:12,14.37,0.01,91,130744,买盘
1177,11:03:27,14.38,0.01,2,2876,买盘
1178,11:03:30,14.37,-0.01,7,10059,卖盘
1179,11:03:51,14.38,0.01,10,14380,买盘
1180,11:03:57,14.37,-0.01,100,143700,卖盘
1181,11:04:12,14.37,0.0,10,14370,卖盘
1182,11:04:18,14.38,0.01,12,17256,买盘
1183,11:04:24,14.39,0.01,8,11512,买盘
1184,11:04:33,14.37,-0.02,33,47461,卖盘
1185,11:04:42,14.38,0.01,373,535928,买盘
1186,11:04:45,14.38,0.0,7,10066,买盘
1187,11:04:48,14.37,-0.01,1,1437,卖盘
1188,11:04:54,14.38,0.01,10,14380,买盘
1189,11:04:57,14.37,-0.01,13,18681,卖盘
1190,11:05:00,14.36,-0.01,15,21547,卖盘
1191,11:05:04,14.38,0.02,7,10066,买盘
1192,11:05:12,14.37,-0.01,16,23002,卖盘
1193,11:05:15,14.38,0.01,13,18694,买盘
1194,11:05:21,14.37,-0.01,6,8622,卖盘
1195,11:05:24,14.37,0.0,53,76169,卖盘
1196,11:05:27,14.37,0.0,54,77564,卖盘
1197,11:05:34,14.36,-0.01,44,63184,卖盘
1198,11:05:36,14.36,0.0,26,37352,卖盘
1199,11:05:39,14.36,0.0,45,64644,卖盘
1200,11:05:42,14.36,0.0,24,34464,卖盘
1201,11:05:48,14.36,0.0,3,4308,卖盘
1202,11:06:04,14.36,0.0,28,40208,卖盘
1203,11:06:06,14.36,0.0,13,18668,卖盘
1204,11:06:09,14.36,0.0,113,161837,卖盘
1205,11:06:12,14.35,-0.01,165,236775,卖盘
1206,11:06:15,14.35,0.0,11,15785,卖盘
1207,11:06:18,14.35,0.0,65,93277,卖盘
1208,11:06:24,14.35,0.0,1,1435,卖盘
1209,11:06:27,14.35,0.0,1,1435,卖盘
1210,11:06:33,14.34,-0.01,87,124758,卖盘
1211,11:06:36,14.36,0.02,26,37316,买盘
1212,11:06:42,14.35,-0.01,28,40180,卖盘
1213,11:06:45,14.35,0.0,8,11480,卖盘
1214,11:06:51,14.35,0.0,20,28700,买盘
1215,11:06:55,14.35,0.0,3,4305,买盘
1216,11:06:58,14.34,-0.01,13,18642,卖盘
1217,11:07:00,14.33,-0.01,6,8602,卖盘
1218,11:07:12,14.35,0.02,5,7173,买盘
1219,11:07:15,14.33,-0.02,35,50155,卖盘
1220,11:07:27,14.35,0.02,3,4305,买盘
1221,11:07:33,14.34,-0.01,4,5736,卖盘
1222,11:07:36,14.34,0.0,10,14340,卖盘
1223,11:07:39,14.35,0.01,9,12915,买盘
1224,11:07:45,14.35,0.0,10,14350,买盘
1225,11:07:48,14.35,0.0,5,7175,卖盘
1226,11:08:03,14.35,0.0,40,57400,卖盘
1227,11:08:09,14.35,0.0,8,11480,卖盘
1228,11:08:21,14.36,0.01,13,18668,卖盘
1229,11:08:24,14.36,0.0,2,2872,买盘
1230,11:08:33,14.37,0.01,23,33051,买盘
1231,11:08:36,14.37,0.0,7,10059,卖盘
1232,11:08:39,14.37,0.0,10,14370,买盘
1233,11:08:45,14.37,0.0,8,11496,买盘
1234,11:08:54,14.38,0.01,20,28760,买盘
1235,11:09:00,14.38,0.0,3,4314,买盘
1236,11:09:04,14.37,-0.01,13,18681,卖盘
1237,11:09:06,14.38,0.01,19,27322,买盘
1238,11:09:09,14.38,0.0,6,8628,买盘
1239,11:09:12,14.38,0.0,1,1438,买盘
1240,11:09:18,14.38,0.0,37,53206,买盘
1241,11:09:21,14.38,0.0,5,7190,买盘
1242,11:09:30,14.38,0.0,20,28760,买盘
1243,11:09:36,14.37,-0.01,25,35925,卖盘
1244,11:09:45,14.38,0.01,15,22000,买盘
1245,11:09:54,14.37,-0.01,114,163392,卖盘
1246,11:10:06,14.36,-0.01,41,58876,卖盘
1247,11:10:12,14.35,-0.01,28,40180,卖盘
1248,11:10:21,14.36,0.01,20,28720,买盘
1249,11:10:27,14.36,0.0,170,244030,买盘
1250,11:10:30,14.35,-0.01,51,73185,卖盘
1251,11:10:36,14.35,0.0,5,7175,买盘
1252,11:10:48,14.35,0.0,10,14350,买盘
1253,11:10:51,14.35,0.0,26,37310,买盘
1254,11:10:54,14.35,0.0,21,30135,买盘
1255,11:11:06,14.37,0.02,4,5748,买盘
1256,11:11:18,14.37,0.0,5,7185,买盘
1257,11:11:27,14.37,0.0,72,103895,买盘
1258,11:11:33,14.37,0.0,57,81909,卖盘
1259,11:11:42,14.37,0.0,12,16819,卖盘
1260,11:11:48,14.36,-0.01,34,49270,卖盘
1261,11:11:54,14.36,0.0,16,22555,卖盘
1262,11:12:00,14.36,0.0,1,1436,买盘
1263,11:12:04,14.36,0.0,5,7180,买盘
1264,11:12:06,14.35,-0.01,101,145035,卖盘
1265,11:12:09,14.35,0.0,11,15786,卖盘
1266,11:12:15,14.35,0.0,70,100500,卖盘
1267,11:12:18,14.36,0.01,4,5744,买盘
1268,11:12:21,14.35,-0.01,35,50225,卖盘
1269,11:12:30,14.36,0.01,6,8616,买盘
1270,11:12:33,14.35,-0.01,7,10045,卖盘
1271,11:12:36,14.36,0.01,5,7180,买盘
1272,11:12:45,14.36,0.0,19,27284,买盘
1273,11:12:48,14.36,0.0,5,7611,买盘
1274,11:12:57,14.36,0.0,4,5744,卖盘
1275,11:13:03,14.36,0.0,5,7180,卖盘
1276,11:13:18,14.37,0.01,41,58917,买盘
1277,11:13:30,14.37,0.0,57,81909,买盘
1278,11:13:42,14.37,0.0,4,5604,卖盘
1279,11:13:45,14.37,0.0,10,14370,卖盘
1280,11:13:51,14.37,0.0,2,2874,卖盘
1281,11:14:04,14.37,0.0,1,1437,卖盘
1282,11:14:09,14.38,0.01,15,21570,买盘
1283,11:14:27,14.38,0.0,12,17256,买盘
1284,11:14:33,14.38,0.0,14,20132,买盘
1285,11:14:36,14.37,-0.01,47,67683,卖盘
1286,11:14:39,14.37,0.0,2,2874,买盘
1287,11:14:57,14.37,0.0,8,11496,买盘
1288,11:15:03,14.37,0.0,12,17244,买盘
1289,11:15:07,14.37,0.0,10,14370,买盘
1290,11:15:09,14.37,0.0,2,2730,买盘
1291,11:15:15,14.36,-0.01,25,35902,卖盘
1292,11:15:21,14.37,0.01,10,14370,卖盘
1293,11:15:24,14.37,0.0,30,43110,卖盘
1294,11:15:27,14.36,-0.01,42,60312,卖盘
1295,11:15:30,14.36,0.0,32,46239,卖盘
1296,11:15:33,14.36,0.0,1,862,买盘
1297,11:15:36,14.35,-0.01,93,133455,卖盘
1298,11:15:39,14.36,0.01,2,2872,中性盘
1299,11:15:42,14.36,0.0,18,25848,卖盘
1300,11:16:04,14.36,0.0,10,14360,买盘
1301,11:16:06,14.36,0.0,5,7180,买盘
1302,11:16:09,14.36,0.0,5,7180,买盘
1303,11:16:25,14.36,0.0,15,21540,卖盘
1304,11:17:06,14.35,-0.01,50,71750,卖盘
1305,11:17:12,14.36,0.01,2,2872,买盘
1306,11:17:21,14.35,-0.01,5,7175,卖盘
1307,11:17:30,14.35,0.0,1,1435,卖盘
1308,11:17:33,14.35,0.0,10,14350,卖盘
1309,11:17:42,14.35,0.0,5,7175,卖盘
1310,11:17:48,14.36,0.01,20,28720,买盘
1311,11:17:54,14.35,-0.01,42,60270,卖盘
1312,11:17:57,14.35,0.0,6,8610,卖盘
1313,11:18:00,14.36,0.01,15,21535,买盘
1314,11:18:12,14.36,0.0,5,7180,买盘
1315,11:18:30,14.36,0.0,21,30156,买盘
1316,11:18:33,14.36,0.0,9,12924,买盘
1317,11:18:51,14.35,-0.01,32,45920,卖盘
1318,11:19:00,14.36,0.01,21,30156,买盘
1319,11:19:12,14.35,-0.01,3,4305,卖盘
1320,11:19:18,14.35,0.0,17,24395,卖盘
1321,11:19:24,14.35,0.0,8,11480,卖盘
1322,11:19:27,14.35,0.0,73,104755,卖盘
1323,11:19:33,14.34,-0.01,5,7170,卖盘
1324,11:19:36,14.36,0.02,3,4308,买盘
1325,11:19:51,14.35,-0.01,15,21520,买盘
1326,11:19:54,14.35,0.0,3,4305,买盘
1327,11:20:00,14.35,0.0,2,2870,卖盘
1328,11:20:04,14.35,0.0,1,1435,卖盘
1329,11:20:06,14.35,0.0,8,11480,卖盘
1330,11:20:09,14.35,0.0,2,2870,卖盘
1331,11:20:12,14.35,0.0,19,27265,卖盘
1332,11:20:15,14.35,0.0,11,15785,卖盘
1333,11:20:18,14.35,0.0,48,68880,卖盘
1334,11:20:21,14.35,0.0,60,86050,买盘
1335,11:20:24,14.35,0.0,10,14350,卖盘
1336,11:20:27,14.34,-0.01,30,43020,卖盘
1337,11:20:30,14.35,0.01,31,44455,买盘
1338,11:20:33,14.34,-0.01,10,14340,卖盘
1339,11:20:36,14.34,0.0,13,18642,卖盘
1340,11:20:39,14.34,0.0,15,21510,卖盘
1341,11:20:42,14.34,0.0,23,33002,卖盘
1342,11:20:45,14.34,0.0,45,64531,卖盘
1343,11:20:48,14.34,0.0,10,14340,卖盘
1344,11:20:51,14.34,0.0,59,84606,卖盘
1345,11:21:04,14.33,-0.01,2,2866,卖盘
1346,11:21:07,14.33,0.0,107,153331,卖盘
1347,11:21:12,14.33,0.0,100,143300,卖盘
1348,11:21:15,14.33,0.0,67,96011,卖盘
1349,11:21:33,14.33,0.0,24,34392,买盘
1350,11:21:39,14.33,0.0,20,28660,卖盘
1351,11:21:42,14.33,0.0,11,15763,卖盘
1352,11:21:48,14.32,-0.01,200,286400,卖盘
1353,11:21:51,14.33,0.01,13,18629,买盘
1354,11:22:00,14.33,0.0,15,21495,买盘
1355,11:22:06,14.33,0.0,18,25794,买盘
1356,11:22:09,14.33,0.0,20,28660,卖盘
1357,11:22:12,14.34,0.01,14,20076,买盘
1358,11:22:15,14.33,-0.01,13,18629,卖盘
1359,11:22:18,14.33,0.0,6,8598,买盘
1360,11:22:24,14.34,0.01,100,143369,买盘
1361,11:22:27,14.33,-0.01,12,17196,卖盘
1362,11:22:30,14.33,0.0,30,42990,卖盘
1363,11:22:33,14.33,0.0,7,10031,卖盘
1364,11:22:51,14.33,0.0,2,2866,卖盘
1365,11:23:04,14.34,0.01,26,37284,买盘
1366,11:23:18,14.34,0.0,5,7170,买盘
1367,11:23:21,14.34,0.0,10,14340,买盘
1368,11:23:25,14.34,0.0,2,2868,买盘
1369,11:23:27,14.34,0.0,11,15774,买盘
1370,11:23:30,14.33,-0.01,23,32960,卖盘
1371,11:23:33,14.34,0.01,5,7170,买盘
1372,11:23:42,14.33,-0.01,83,118939,卖盘
1373,11:23:57,14.34,0.01,6,8604,买盘
1374,11:24:00,14.34,0.0,4,5736,买盘
1375,11:24:06,14.34,0.0,7,10038,买盘
1376,11:24:36,14.35,0.01,22,31570,买盘
1377,11:24:39,14.34,-0.01,2,2868,卖盘
1378,11:24:46,14.35,0.01,7,10045,买盘
1379,11:24:49,14.35,0.0,1,1435,买盘
1380,11:24:51,14.35,0.0,7,10045,买盘
1381,11:25:03,14.36,0.01,106,152210,买盘
1382,11:25:15,14.36,0.0,17,24412,买盘
1383,11:25:42,14.37,0.01,9,12933,买盘
1384,11:25:51,14.37,0.0,5,7185,买盘
1385,11:25:57,14.37,0.0,10,14370,买盘
1386,11:26:04,14.37,0.0,20,28740,买盘
1387,11:26:06,14.37,0.0,1,1437,买盘
1388,11:26:21,14.38,0.01,20,28760,买盘
1389,11:26:31,14.38,0.0,5,7190,买盘
1390,11:26:39,14.38,0.0,18,25884,买盘
1391,11:26:45,14.38,0.0,1,1438,买盘
1392,11:26:51,14.37,-0.01,23,33051,卖盘
1393,11:26:54,14.38,0.01,66,94908,买盘
1394,11:26:57,14.38,0.0,7,10066,买盘
1395,11:27:03,14.38,0.0,34,48892,买盘
1396,11:27:06,14.38,0.0,4,5752,买盘
1397,11:27:10,14.38,0.0,6,8628,卖盘
1398,11:27:12,14.38,0.0,1,1438,买盘
1399,11:27:25,14.38,0.0,21,30198,买盘
1400,11:27:39,14.39,0.01,69,99291,买盘
1401,11:27:45,14.38,-0.01,5,7190,卖盘
1402,11:27:49,14.39,0.01,2,2878,买盘
1403,11:27:54,14.39,0.0,26,37414,买盘
1404,11:28:09,14.4,0.01,60,86400,买盘
1405,11:28:15,14.39,-0.01,28,40292,卖盘
1406,11:28:27,14.39,0.0,2,2878,卖盘
1407,11:28:33,14.39,0.0,32,46048,卖盘
1408,11:28:36,14.39,0.0,5,7195,买盘
1409,11:28:42,14.39,0.0,21,30219,买盘
1410,11:28:46,14.39,0.0,3,4317,买盘
1411,11:28:54,14.39,0.0,6,8634,买盘
1412,11:29:00,14.39,0.0,46,66194,买盘
1413,11:29:04,14.39,0.0,6,8634,买盘
1414,11:29:12,14.39,0.0,3,4317,买盘
1415,11:29:18,14.38,-0.01,10,14380,卖盘
1416,11:29:24,14.39,0.01,17,24463,买盘
1417,11:29:27,14.39,0.0,3,4317,卖盘
1418,11:29:39,14.39,0.0,5,7195,买盘
1419,13:00:01,14.39,0.0,101,145239,买盘
1420,13:00:04,14.29,-0.1,2076,2977036,卖盘
1421,13:00:06,14.3,0.01,17,24310,买盘
1422,13:00:27,14.29,-0.01,10,14290,卖盘
1423,13:00:40,14.28,-0.01,53,75724,卖盘
1424,13:00:48,14.27,-0.01,5,7135,卖盘
1425,13:00:51,14.28,0.01,97,138516,买盘
1426,13:00:54,14.28,0.0,6,8568,卖盘
1427,13:01:06,14.28,0.0,18,25704,卖盘
1428,13:01:09,14.27,-0.01,6,8562,卖盘
1429,13:01:12,14.27,0.0,47,67069,卖盘
1430,13:01:15,14.28,0.01,1,1428,卖盘
1431,13:01:18,14.27,-0.01,5,7135,卖盘
1432,13:01:21,14.27,0.0,29,41383,卖盘
1433,13:01:24,14.27,0.0,21,29967,卖盘
1434,13:01:27,14.26,-0.01,63,89838,卖盘
1435,13:01:30,14.27,0.01,10,14270,买盘
1436,13:01:34,14.25,-0.02,55,78375,卖盘
1437,13:01:54,14.25,0.0,2,2850,买盘
1438,13:01:57,14.23,-0.02,90,128075,卖盘
1439,13:02:00,14.23,0.0,65,92505,卖盘
1440,13:02:06,14.2,-0.03,206,292720,卖盘
1441,13:02:09,14.22,0.02,4,5686,买盘
1442,13:02:12,14.22,0.0,1,1422,买盘
1443,13:02:18,14.2,-0.02,10,14200,卖盘
1444,13:02:21,14.2,0.0,90,127900,卖盘
1445,13:02:24,14.22,0.02,40,56800,买盘
1446,13:02:36,14.23,0.01,40,56920,买盘
1447,13:02:42,14.23,0.0,64,91029,买盘
1448,13:02:45,14.23,0.0,18,25614,卖盘
1449,13:02:54,14.22,-0.01,4,5688,买盘
1450,13:02:57,14.22,0.0,10,14220,买盘
1451,13:03:00,14.22,0.0,69,98118,买盘
1452,13:03:04,14.22,0.0,20,28440,买盘
1453,13:03:06,14.22,0.0,24,34128,买盘
1454,13:03:19,14.23,0.01,1,1423,卖盘
1455,13:03:25,14.25,0.02,7,9975,买盘
1456,13:03:30,14.25,0.0,14,19950,买盘
1457,13:03:36,14.25,0.0,66,93970,买盘
1458,13:03:39,14.25,0.0,11,15675,买盘
1459,13:03:42,14.27,0.02,38,54156,买盘
1460,13:03:45,14.24,-0.03,50,71203,卖盘
1461,13:03:51,14.25,0.01,21,29925,卖盘
1462,13:03:57,14.27,0.02,28,39934,买盘
1463,13:04:09,14.26,-0.01,5,7130,卖盘
1464,13:04:12,14.26,0.0,9,12834,卖盘
1465,13:04:15,14.26,0.0,1,1426,卖盘
1466,13:04:18,14.26,0.0,6,8556,卖盘
1467,13:04:21,14.26,0.0,5,7130,卖盘
1468,13:04:24,14.25,-0.01,39,55575,卖盘
1469,13:04:31,14.24,-0.01,2,2848,卖盘
1470,13:04:36,14.23,-0.01,39,55520,卖盘
1471,13:04:39,14.23,0.0,8,11384,卖盘
1472,13:04:42,14.23,0.0,4,5692,卖盘
1473,13:04:48,14.21,-0.02,73,103821,卖盘
1474,13:04:54,14.2,-0.01,20,28400,卖盘
1475,13:04:57,14.2,0.0,12,17040,买盘
1476,13:05:06,14.18,-0.02,61,86498,卖盘
1477,13:05:12,14.17,-0.01,37,52429,卖盘
1478,13:05:18,14.16,-0.01,10,14160,卖盘
1479,13:05:21,14.15,-0.01,255,361293,卖盘
1480,13:05:27,14.15,0.0,7,9905,买盘
1481,13:05:30,14.14,-0.01,8,11312,卖盘
1482,13:05:36,14.15,0.01,71,100970,买盘
1483,13:05:39,14.14,-0.01,11,15556,卖盘
1484,13:05:45,14.14,0.0,42,59392,卖盘
1485,13:05:51,14.15,0.01,60,84900,卖盘
1486,13:05:54,14.15,0.0,23,32554,卖盘
1487,13:05:57,14.18,0.03,1,1418,买盘
1488,13:06:06,14.18,0.0,25,35450,卖盘
1489,13:06:09,14.18,0.0,9,12762,卖盘
1490,13:06:12,14.18,0.0,2,2836,买盘
1491,13:06:19,14.18,0.0,65,92078,买盘
1492,13:06:30,14.18,0.0,5,7090,买盘
1493,13:06:33,14.18,0.0,5,7090,买盘
1494,13:06:36,14.18,0.0,1,1418,卖盘
1495,13:06:39,14.18,0.0,3,4254,卖盘
1496,13:06:42,14.16,-0.02,44,62331,卖盘
1497,13:06:45,14.15,-0.01,35,49525,卖盘
1498,13:06:48,14.15,0.0,1,1415,卖盘
1499,13:06:51,14.16,0.01,5,7079,买盘
1500,13:06:57,14.15,-0.01,11,15565,卖盘
1501,13:07:00,14.16,0.01,39,55224,买盘
1502,13:07:09,14.15,-0.01,6,8490,卖盘
1503,13:07:12,14.15,0.0,12,16980,买盘
1504,13:07:15,14.16,0.01,40,56640,买盘
1505,13:07:18,14.15,-0.01,12,16980,卖盘
1506,13:07:21,14.15,0.0,1,1415,卖盘
1507,13:07:24,14.15,0.0,33,46676,买盘
1508,13:07:27,14.15,0.0,21,29720,卖盘
1509,13:07:30,14.15,0.0,7,9905,买盘
1510,13:07:39,14.12,-0.03,82,115928,卖盘
1511,13:07:43,14.15,0.03,40,56600,买盘
1512,13:07:48,14.14,-0.01,10,14140,买盘
1513,13:07:51,14.13,-0.01,3,4240,卖盘
1514,13:07:54,14.13,0.0,19,26847,卖盘
1515,13:07:57,14.12,-0.01,54,76248,卖盘
1516,13:08:04,14.1,-0.02,204,287803,卖盘
1517,13:08:09,14.1,0.0,70,98717,卖盘
1518,13:08:12,14.12,0.02,22,31050,中性盘
1519,13:08:15,14.12,0.0,76,107200,买盘
1520,13:08:18,14.12,0.0,4,5648,买盘
1521,13:08:21,14.11,-0.01,36,50796,卖盘
1522,13:08:25,14.11,0.0,17,23987,买盘
1523,13:08:30,14.1,-0.01,4,5640,卖盘
1524,13:08:34,14.1,0.0,25,35250,卖盘
1525,13:08:36,14.11,0.01,15,21155,买盘
1526,13:08:39,14.11,0.0,54,76155,买盘
1527,13:08:45,14.1,-0.01,46,64296,卖盘
1528,13:08:48,14.09,-0.01,23,32427,卖盘
1529,13:08:51,14.11,0.02,21,29630,买盘
1530,13:09:03,14.11,0.0,14,19754,买盘
1531,13:09:06,14.11,0.0,4,6208,买盘
1532,13:09:12,14.11,0.0,100,140539,卖盘
1533,13:09:15,14.11,0.0,5,7055,买盘
1534,13:09:18,14.11,0.0,7,9877,买盘
1535,13:09:21,14.11,0.0,10,14110,买盘
1536,13:09:24,14.11,0.0,5,7055,买盘
1537,13:09:30,14.11,0.0,99,139689,买盘
1538,13:09:33,14.11,0.0,149,210781,买盘
1539,13:09:39,14.12,0.01,3,4236,买盘
1540,13:09:45,14.12,0.0,10,14120,卖盘
1541,13:09:48,14.13,0.01,4,5652,买盘
1542,13:09:51,14.13,0.0,5,7065,买盘
1543,13:09:54,14.13,0.0,37,52281,买盘
1544,13:09:57,14.13,0.0,31,43803,买盘
1545,13:10:00,14.13,0.0,9,12717,卖盘
1546,13:10:06,14.12,-0.01,50,70615,卖盘
1547,13:10:09,14.15,0.03,14,19810,买盘
1548,13:10:12,14.14,-0.01,1,1414,卖盘
1549,13:10:15,14.14,0.0,2,2828,卖盘
1550,13:10:18,14.15,0.01,18,25754,买盘
1551,13:10:21,14.15,0.0,3,4245,卖盘
1552,13:10:24,14.14,-0.01,23,32242,卖盘
1553,13:10:27,14.15,0.01,20,28550,买盘
1554,13:10:30,14.17,0.02,37,52102,买盘
1555,13:10:33,14.14,-0.03,2,2828,卖盘
1556,13:10:36,14.14,0.0,2,2828,卖盘
1557,13:10:39,14.14,0.0,1,1414,卖盘
1558,13:10:42,14.13,-0.01,4,5654,卖盘
1559,13:10:45,14.14,0.01,10,14140,中性盘
1560,13:10:48,14.13,-0.01,60,84804,卖盘
1561,13:10:51,14.14,0.01,12,16960,买盘
1562,13:10:54,14.13,-0.01,2,2826,卖盘
1563,13:10:57,14.13,0.0,10,14135,卖盘
1564,13:11:00,14.13,0.0,18,25434,卖盘
1565,13:11:04,14.13,0.0,54,76302,卖盘
1566,13:11:06,14.14,0.01,8,11312,买盘
1567,13:11:09,14.14,0.0,7,9898,买盘
1568,13:11:12,14.13,-0.01,2,2826,卖盘
1569,13:11:15,14.14,0.01,1,1414,买盘
1570,13:11:18,14.14,0.0,9,12726,买盘
1571,13:11:24,14.14,0.0,50,70680,买盘
1572,13:11:28,14.14,0.0,29,41006,买盘
1573,13:11:30,14.14,0.0,173,244622,买盘
1574,13:11:54,14.16,0.02,10,14160,卖盘
1575,13:11:57,14.16,0.0,20,28320,卖盘
1576,13:12:06,14.15,-0.01,7,9905,卖盘
1577,13:12:09,14.16,0.01,8,11328,买盘
1578,13:12:12,14.16,0.0,10,14160,买盘
1579,13:12:15,14.15,-0.01,8,11320,卖盘
1580,13:12:30,14.16,0.01,25,35400,买盘
1581,13:12:51,14.17,0.01,5,7085,买盘
1582,13:12:58,14.17,0.0,5,7085,买盘
1583,13:13:04,14.17,0.0,5,7368,买盘
1584,13:13:21,14.18,0.01,54,76572,买盘
1585,13:13:54,14.2,0.02,2,2840,卖盘
1586,13:14:06,14.2,0.0,29,41180,卖盘
1587,13:14:12,14.18,-0.02,25,35463,卖盘
1588,13:14:16,14.2,0.02,10,14200,买盘
1589,13:14:18,14.22,0.02,95,134917,买盘
1590,13:14:25,14.22,0.0,27,38394,卖盘
1591,13:14:39,14.22,0.0,3,4266,卖盘
1592,13:14:45,14.2,-0.02,26,36920,卖盘
1593,13:14:49,14.18,-0.02,1,1418,卖盘
1594,13:15:06,14.16,-0.02,12,17008,卖盘
1595,13:15:12,14.15,-0.01,241,341917,卖盘
1596,13:15:21,14.15,0.0,4,5660,卖盘
1597,13:15:33,14.18,0.03,3,4254,买盘
1598,13:15:45,14.18,0.0,16,22678,买盘
1599,13:16:00,14.15,-0.03,207,293011,卖盘
1600,13:16:06,14.15,0.0,11,15565,买盘
1601,13:16:09,14.16,0.01,10,14160,卖盘
1602,13:16:12,14.15,-0.01,28,39633,卖盘
1603,13:16:21,14.17,0.02,7,9919,卖盘
1604,13:16:33,14.17,0.0,2,2834,卖盘
1605,13:16:36,14.19,0.02,14,19866,买盘
1606,13:17:34,14.19,0.0,5,7095,买盘
1607,13:17:45,14.19,0.0,9,12771,买盘
1608,13:17:51,14.19,0.0,22,31218,买盘
1609,13:18:00,14.2,0.01,30,42600,买盘
1610,13:18:04,14.19,-0.01,30,42590,卖盘
1611,13:18:22,14.2,0.01,10,14200,买盘
1612,13:18:33,14.2,0.0,10,14200,卖盘
1613,13:18:42,14.2,0.0,22,31240,买盘
1614,13:18:51,14.2,0.0,13,18460,卖盘
1615,13:18:54,14.2,0.0,30,42600,买盘
1616,13:18:57,14.2,0.0,15,21300,买盘
1617,13:19:06,14.2,0.0,15,21300,买盘
1618,13:19:09,14.2,0.0,2,2840,买盘
1619,13:19:19,14.19,-0.01,1,1419,卖盘
1620,13:19:21,14.2,0.01,88,124960,买盘
1621,13:19:24,14.2,0.0,1,1420,卖盘
1622,13:19:27,14.2,0.0,1,1420,卖盘
1623,13:19:30,14.2,0.0,1,1420,卖盘
1624,13:19:33,14.2,0.0,1,1420,卖盘
1625,13:19:36,14.19,-0.01,44,62450,卖盘
1626,13:19:39,14.2,0.01,11,15611,买盘
1627,13:19:42,14.19,-0.01,26,36894,卖盘
1628,13:19:45,14.2,0.01,58,82235,买盘
1629,13:19:55,14.19,-0.01,1,1419,卖盘
1630,13:20:04,14.17,-0.02,3,4251,卖盘
1631,13:20:09,14.17,0.0,2,1842,卖盘
1632,13:20:21,14.18,0.01,10,14180,卖盘
1633,13:20:24,14.18,0.0,12,17016,买盘
1634,13:20:27,14.18,0.0,1,1418,卖盘
1635,13:20:31,14.18,0.0,1,1418,卖盘
1636,13:20:33,14.2,0.02,5,7100,买盘
1637,13:20:42,14.2,0.0,2,2840,买盘
1638,13:20:45,14.2,0.0,1,1420,卖盘
1639,13:20:48,14.2,0.0,1,1420,卖盘
1640,13:20:51,14.2,0.0,1,1420,卖盘
1641,13:20:54,14.21,0.01,19,26998,买盘
1642,13:20:57,14.21,0.0,1,1421,卖盘
1643,13:21:00,14.18,-0.03,5,7097,卖盘
1644,13:21:33,14.19,0.01,30,42570,卖盘
1645,13:21:42,14.19,0.0,3,4257,卖盘
1646,13:21:51,14.18,-0.01,68,96424,卖盘
1647,13:21:54,14.18,0.0,22,31480,买盘
1648,13:21:57,14.19,0.01,1,1419,买盘
1649,13:22:04,14.19,0.0,10,14190,买盘
1650,13:22:09,14.19,0.0,15,21285,买盘
1651,13:22:21,14.19,0.0,1,1419,买盘
1652,13:22:24,14.18,-0.01,12,17021,卖盘
1653,13:22:33,14.2,0.02,10,14200,买盘
1654,13:22:39,14.18,-0.02,54,76584,卖盘
1655,13:22:45,14.2,0.02,11,15615,买盘
1656,13:22:54,14.2,0.0,10,14200,买盘
1657,13:23:03,14.21,0.01,10,14210,买盘
1658,13:23:09,14.19,-0.02,25,35495,卖盘
1659,13:23:12,14.21,0.02,11,15611,买盘
1660,13:23:30,14.21,0.0,3,4263,买盘
1661,13:23:51,14.21,0.0,5,7105,买盘
1662,13:23:54,14.21,0.0,2,2842,买盘
1663,13:24:03,14.21,0.0,10,14210,买盘
1664,13:24:09,14.21,0.0,26,36946,买盘
1665,13:24:18,14.2,-0.01,13,18470,卖盘
1666,13:24:27,14.21,0.01,26,36946,买盘
1667,13:24:33,14.21,0.0,4,5682,买盘
1668,13:24:42,14.21,0.0,103,146360,买盘
1669,13:24:48,14.21,0.0,5,7105,买盘
1670,13:25:21,14.22,0.01,12,17064,买盘
1671,13:25:25,14.21,-0.01,23,32683,卖盘
1672,13:25:28,14.21,0.0,12,17052,卖盘
1673,13:25:31,14.21,0.0,61,86681,卖盘
1674,13:25:33,14.21,0.0,7,9947,卖盘
1675,13:25:36,14.21,0.0,6,8526,卖盘
1676,13:25:39,14.21,0.0,3,4263,卖盘
1677,13:25:42,14.21,0.0,5,7105,卖盘
1678,13:25:45,14.22,0.01,114,162101,买盘
1679,13:25:51,14.22,0.0,10,14214,买盘
1680,13:25:54,14.22,0.0,22,31284,卖盘
1681,13:25:57,14.23,0.01,32,45511,买盘
1682,13:26:01,14.22,-0.01,17,24174,卖盘
1683,13:26:04,14.22,0.0,25,35550,卖盘
1684,13:26:06,14.22,0.0,112,159359,卖盘
1685,13:26:09,14.22,0.0,15,21330,卖盘
1686,13:26:12,14.22,0.0,16,22752,卖盘
1687,13:26:15,14.24,0.02,11,15652,买盘
1688,13:26:21,14.24,0.0,22,31328,买盘
1689,13:26:24,14.23,-0.01,7,9961,中性盘
1690,13:26:27,14.23,0.0,3,4269,卖盘
1691,13:26:45,14.23,0.0,5,7115,买盘
1692,13:26:57,14.23,0.0,1,1423,买盘
1693,13:27:04,14.23,0.0,24,34152,买盘
1694,13:27:12,14.23,0.0,23,32729,卖盘
1695,13:27:15,14.23,0.0,20,28460,卖盘
1696,13:27:24,14.24,0.01,1,1424,买盘
1697,13:27:40,14.23,-0.01,10,14230,卖盘
1698,13:27:43,14.24,0.01,10,14240,买盘
1699,13:27:54,14.24,0.0,100,142400,买盘
1700,13:28:04,14.24,0.0,6,8544,买盘
1701,13:28:27,14.24,0.0,30,42720,买盘
1702,13:28:33,14.24,0.0,3,4272,买盘
1703,13:28:42,14.24,0.0,76,108224,买盘
1704,13:28:54,14.24,0.0,20,28480,卖盘
1705,13:29:06,14.25,0.01,10,14250,买盘
1706,13:29:10,14.24,-0.01,2,2848,卖盘
1707,13:29:13,14.24,0.0,4,5696,卖盘
1708,13:29:36,14.25,0.01,10,14250,买盘
1709,13:29:45,14.24,-0.01,20,28480,卖盘
1710,13:29:48,14.24,0.0,78,111136,卖盘
1711,13:29:51,14.24,0.0,5,7120,买盘
1712,13:29:54,14.25,0.01,88,125389,买盘
1713,13:30:06,14.26,0.01,100,142600,买盘
1714,13:30:12,14.27,0.01,50,71336,买盘
1715,13:30:15,14.25,-0.02,4,5700,卖盘
1716,13:30:36,14.27,0.02,7,9989,买盘
1717,13:30:45,14.27,0.0,3,4281,买盘
1718,13:31:03,14.26,-0.01,18,25668,卖盘
1719,13:31:06,14.26,0.0,20,28520,卖盘
1720,13:31:12,14.26,0.0,21,29947,卖盘
1721,13:31:15,14.26,0.0,25,35650,卖盘
1722,13:31:33,14.26,0.0,14,19964,买盘
1723,13:31:36,14.25,-0.01,47,66975,卖盘
1724,13:31:48,14.25,0.0,3,4275,买盘
1725,13:31:51,14.25,0.0,5,7125,买盘
1726,13:32:12,14.25,0.0,2,2850,买盘
1727,13:32:15,14.24,-0.01,5,7120,卖盘
1728,13:32:18,14.25,0.01,3,4275,买盘
1729,13:32:36,14.25,0.0,40,57000,买盘
1730,13:32:48,14.26,0.01,11,15679,买盘
1731,13:33:04,14.26,0.0,1,1426,买盘
1732,13:33:09,14.25,-0.01,50,71250,卖盘
1733,13:33:18,14.25,0.0,4,5700,卖盘
1734,13:33:27,14.27,0.02,26,37093,买盘
1735,13:33:45,14.27,0.0,1,1427,买盘
1736,13:34:04,14.27,0.0,5,7135,买盘
1737,13:34:09,14.27,0.0,1,1427,买盘
1738,13:34:15,14.27,0.0,2,2854,买盘
1739,13:34:18,14.27,0.0,3,4281,买盘
1740,13:34:24,14.27,0.0,8,11416,买盘
1741,13:34:30,14.27,0.0,15,21405,买盘
1742,13:35:00,14.27,0.0,1,1427,买盘
1743,13:35:04,14.27,0.0,10,14270,买盘
1744,13:35:09,14.27,0.0,2,2854,买盘
1745,13:35:27,14.27,0.0,16,22832,买盘
1746,13:35:57,14.28,0.01,10,14280,买盘
1747,13:36:04,14.28,0.0,23,32844,买盘
1748,13:36:18,14.28,0.0,1,1428,买盘
1749,13:36:28,14.28,0.0,6,8568,买盘
1750,13:36:42,14.28,0.0,30,42845,卖盘
1751,13:36:51,14.27,-0.01,8,11416,卖盘
1752,13:36:54,14.27,0.0,10,14270,卖盘
1753,13:36:57,14.27,0.0,74,105598,卖盘
1754,13:37:12,14.27,0.0,5,7135,卖盘
1755,13:37:21,14.27,0.0,12,17124,卖盘
1756,13:37:27,14.27,0.0,2,2854,买盘
1757,13:37:30,14.27,0.0,5,7135,买盘
1758,13:37:36,14.28,0.01,100,142752,买盘
1759,13:37:42,14.27,-0.01,1,1427,买盘
1760,13:37:45,14.27,0.0,99,141273,买盘
1761,13:37:55,14.27,0.0,1,1427,卖盘
1762,13:37:58,14.27,0.0,2,2854,买盘
1763,13:38:12,14.26,-0.01,37,52762,卖盘
1764,13:38:33,14.25,-0.01,20,28500,卖盘
1765,13:38:45,14.23,-0.02,63,89717,卖盘
1766,13:39:19,14.25,0.02,5,7125,买盘
1767,13:39:45,14.22,-0.03,88,125196,卖盘
1768,13:39:48,14.22,0.0,11,15642,买盘
1769,13:39:57,14.22,0.0,3,4266,买盘
1770,13:40:06,14.21,-0.01,57,80997,卖盘
1771,13:40:30,14.19,-0.02,97,137693,卖盘
1772,13:41:06,14.2,0.01,5,7100,卖盘
1773,13:41:25,14.21,0.01,7,9947,买盘
1774,13:42:12,14.22,0.01,2,2844,买盘
1775,13:42:27,14.21,-0.01,30,42630,卖盘
1776,13:42:36,14.22,0.01,196,278712,买盘
1777,13:42:54,14.23,0.01,12,17076,卖盘
1778,13:42:57,14.23,0.0,4,5692,买盘
1779,13:43:12,14.23,0.0,14,19922,买盘
1780,13:43:27,14.23,0.0,5,7115,卖盘
1781,13:43:33,14.25,0.02,17,24195,买盘
1782,13:43:51,14.25,0.0,50,71250,卖盘
1783,13:44:00,14.25,0.0,2,2850,买盘
1784,13:44:09,14.23,-0.02,6,8538,卖盘
1785,13:44:27,14.25,0.02,1,1425,买盘
1786,13:44:39,14.23,-0.02,14,19927,卖盘
1787,13:44:48,14.23,0.0,5,7115,买盘
1788,13:44:54,14.22,-0.01,4,5688,卖盘
1789,13:45:22,14.23,0.01,6,8534,买盘
1790,13:45:27,14.22,-0.01,58,82476,卖盘
1791,13:45:33,14.23,0.01,2,2846,买盘
1792,13:45:42,14.23,0.0,2,2846,卖盘
1793,13:45:51,14.23,0.0,9,12807,卖盘
1794,13:46:00,14.24,0.01,3,4272,买盘
1795,13:46:51,14.23,-0.01,2,2846,卖盘
1796,13:47:04,14.23,0.0,10,14230,卖盘
1797,13:47:12,14.23,0.0,21,29883,买盘
1798,13:47:21,14.23,0.0,79,112417,卖盘
1799,13:47:24,14.22,-0.01,5,7110,卖盘
1800,13:47:33,14.22,0.0,5,7110,卖盘
1801,13:47:36,14.22,0.0,10,14220,买盘
1802,13:47:39,14.21,-0.01,10,14210,卖盘
1803,13:47:46,14.2,-0.01,100,142032,卖盘
1804,13:47:54,14.22,0.02,1,1422,买盘
1805,13:48:06,14.2,-0.02,1,1420,卖盘
1806,13:48:09,14.2,0.0,12,17040,卖盘
1807,13:48:18,14.2,0.0,32,45440,卖盘
1808,13:48:24,14.2,0.0,10,14200,买盘
1809,13:48:27,14.19,-0.01,35,49673,卖盘
1810,13:48:37,14.21,0.02,3,4263,买盘
1811,13:48:39,14.21,0.0,10,14210,卖盘
1812,13:48:51,14.22,0.01,2,2844,买盘
1813,13:49:00,14.21,-0.01,6,8526,卖盘
1814,13:49:06,14.21,0.0,10,14210,买盘
1815,13:49:09,14.21,0.0,3,4263,买盘
1816,13:49:12,14.2,-0.01,100,142000,卖盘
1817,13:49:18,14.2,0.0,5,7100,买盘
1818,13:49:28,14.2,0.0,30,42600,买盘
1819,13:49:33,14.19,-0.01,4,5676,卖盘
1820,13:49:42,14.19,0.0,29,41151,卖盘
1821,13:49:51,14.2,0.01,23,32658,买盘
1822,13:50:12,14.2,0.0,23,32660,买盘
1823,13:50:15,14.2,0.0,2,2840,买盘
1824,13:50:18,14.2,0.0,30,42600,买盘
1825,13:50:21,14.2,0.0,5,7100,买盘
1826,13:50:30,14.2,0.0,192,272640,买盘
1827,13:50:33,14.2,0.0,49,69580,卖盘
1828,13:50:37,14.21,0.01,1,1421,买盘
1829,13:50:42,14.21,0.0,43,61103,买盘
1830,13:50:51,14.22,0.01,2,2844,买盘
1831,13:51:04,14.23,0.01,3,4269,买盘
1832,13:51:06,14.23,0.0,15,21345,买盘
1833,13:51:15,14.23,0.0,3,4269,买盘
1834,13:51:22,14.24,0.01,6,8541,买盘
1835,13:51:34,14.26,0.02,1,1426,买盘
1836,13:51:45,14.27,0.01,10,14270,买盘
1837,13:51:48,14.27,0.0,15,21405,买盘
1838,13:52:21,14.27,0.0,8,11416,卖盘
1839,13:52:24,14.27,0.0,20,28540,卖盘
1840,13:52:30,14.27,0.0,2,2855,卖盘
1841,13:52:36,14.27,0.0,5,7135,买盘
1842,13:52:51,14.26,-0.01,11,15686,卖盘
1843,13:53:09,14.27,0.01,2,2854,买盘
1844,13:53:33,14.26,-0.01,40,57040,卖盘
1845,13:53:42,14.27,0.01,1,1427,买盘
1846,13:53:52,14.26,-0.01,10,14260,卖盘
1847,13:54:00,14.27,0.01,3,4281,买盘
1848,13:54:16,14.26,-0.01,10,14260,卖盘
1849,13:54:21,14.27,0.01,5,7135,买盘
1850,13:54:24,14.26,-0.01,19,27094,卖盘
1851,13:54:45,14.24,-0.02,7,9968,卖盘
1852,13:54:51,14.26,0.02,35,49910,买盘
1853,13:54:54,14.26,0.0,10,14260,卖盘
1854,13:55:00,14.27,0.01,23,32801,买盘
1855,13:55:06,14.26,-0.01,30,42780,卖盘
1856,13:55:10,14.27,0.01,34,48518,买盘
1857,13:55:15,14.26,-0.01,10,14260,卖盘
1858,13:55:18,14.27,0.01,15,21405,买盘
1859,13:55:30,14.26,-0.01,44,62778,卖盘
1860,13:55:33,14.26,0.0,11,15687,卖盘
1861,13:55:42,14.26,0.0,5,7130,卖盘
1862,13:55:51,14.27,0.01,34,48518,买盘
1863,13:56:09,14.27,0.0,32,45664,买盘
1864,13:56:21,14.27,0.0,103,146981,买盘
1865,13:56:33,14.27,0.0,7,9989,买盘
1866,13:56:39,14.26,-0.01,11,15686,卖盘
1867,13:56:51,14.26,0.0,10,14260,买盘
1868,13:58:03,14.26,0.0,2,2852,卖盘
1869,13:58:09,14.27,0.01,8,11416,买盘
1870,13:58:24,14.27,0.0,29,41383,买盘
1871,13:58:33,14.26,-0.01,39,55652,卖盘
1872,13:58:39,14.28,0.02,153,218481,买盘
1873,13:58:42,14.29,0.01,7,10003,买盘
1874,13:58:45,14.29,0.0,10,14290,买盘
1875,13:58:51,14.28,-0.01,20,28560,卖盘
1876,13:58:57,14.29,0.01,14,19996,买盘
1877,13:59:00,14.29,0.0,11,15719,买盘
1878,13:59:06,14.29,0.0,68,97172,买盘
1879,13:59:15,14.29,0.0,9,12861,买盘
1880,13:59:24,14.28,-0.01,2,2856,卖盘
1881,13:59:36,14.29,0.01,8,11432,买盘
1882,14:00:03,14.29,0.0,13,18577,买盘
1883,14:00:09,14.28,-0.01,5,7140,卖盘
1884,14:00:18,14.29,0.01,10,14290,买盘
1885,14:00:21,14.26,-0.03,300,427967,卖盘
1886,14:00:30,14.28,0.02,1,1428,买盘
1887,14:01:12,14.26,-0.02,55,78430,卖盘
1888,14:01:15,14.26,0.0,100,142600,卖盘
1889,14:01:21,14.27,0.01,2,2854,买盘
1890,14:01:27,14.26,-0.01,10,14260,卖盘
1891,14:01:31,14.27,0.01,7,9989,买盘
1892,14:01:33,14.27,0.0,5,7135,买盘
1893,14:01:36,14.27,0.0,19,27113,买盘
1894,14:01:39,14.27,0.0,10,14270,买盘
1895,14:01:42,14.28,0.01,18,25696,买盘
1896,14:01:45,14.28,0.0,7,9996,买盘
1897,14:01:48,14.29,0.01,25,35702,买盘
1898,14:01:51,14.29,0.0,25,35725,买盘
1899,14:01:57,14.29,0.0,8,11432,买盘
1900,14:02:00,14.29,0.0,2,2858,买盘
1901,14:02:04,14.29,0.0,13,18577,买盘
1902,14:02:06,14.29,0.0,6,8574,买盘
1903,14:02:10,14.29,0.0,40,57160,买盘
1904,14:02:12,14.3,0.01,46,65780,买盘
1905,14:02:18,14.32,0.02,11,15746,买盘
1906,14:02:21,14.32,0.0,45,64440,买盘
1907,14:02:33,14.33,0.01,4,5732,买盘
1908,14:02:36,14.32,-0.01,99,141859,卖盘
1909,14:02:42,14.34,0.02,100,143265,买盘
1910,14:02:45,14.34,0.0,3,4302,买盘
1911,14:02:51,14.34,0.0,20,28680,买盘
1912,14:02:54,14.34,0.0,22,31548,买盘
1913,14:02:57,14.34,0.0,15,21510,买盘
1914,14:03:00,14.34,0.0,14,20076,买盘
1915,14:03:04,14.34,0.0,60,86040,买盘
1916,14:03:09,14.34,0.0,6,8604,卖盘
1917,14:03:12,14.34,0.0,63,90342,买盘
1918,14:03:18,14.34,0.0,2,2868,买盘
1919,14:03:24,14.34,0.0,11,15774,买盘
1920,14:03:30,14.34,0.0,36,51604,买盘
1921,14:03:33,14.34,0.0,56,80304,买盘
1922,14:03:36,14.34,0.0,3,4302,买盘
1923,14:03:45,14.33,-0.01,15,21495,卖盘
1924,14:03:57,14.33,0.0,10,14330,卖盘
1925,14:04:00,14.33,0.0,10,14330,卖盘
1926,14:04:06,14.34,0.01,2,2868,买盘
1927,14:04:15,14.33,-0.01,3,4299,卖盘
1928,14:04:21,14.33,0.0,9,12897,卖盘
1929,14:04:30,14.33,0.0,15,21502,卖盘
1930,14:04:33,14.33,0.0,5,7165,买盘
1931,14:04:36,14.34,0.01,22,31528,买盘
1932,14:04:39,14.33,-0.01,5,7165,中性盘
1933,14:04:48,14.33,0.0,15,21495,买盘
1934,14:05:00,14.33,0.0,4,5732,买盘
1935,14:05:12,14.33,0.0,10,14330,买盘
1936,14:05:15,14.33,0.0,5,7165,买盘
1937,14:05:24,14.33,0.0,1,1433,买盘
1938,14:05:42,14.33,0.0,6,8598,买盘
1939,14:06:15,14.33,0.0,1,1433,买盘
1940,14:06:54,14.31,-0.02,15,21465,卖盘
1941,14:06:57,14.31,0.0,1,1288,卖盘
1942,14:07:00,14.33,0.02,8,11464,买盘
1943,14:07:36,14.32,-0.01,5,7160,买盘
1944,14:07:51,14.32,0.0,5,7160,卖盘
1945,14:08:22,14.32,0.0,2,2864,买盘
1946,14:08:36,14.32,0.0,5,7160,卖盘
1947,14:08:51,14.32,0.0,21,30072,卖盘
1948,14:09:06,14.32,0.0,11,15752,卖盘
1949,14:09:24,14.32,0.0,6,8592,卖盘
1950,14:09:45,14.32,0.0,25,35800,卖盘
1951,14:09:54,14.32,0.0,5,7160,卖盘
1952,14:10:01,14.32,0.0,1,1432,买盘
1953,14:10:06,14.31,-0.01,1,1860,卖盘
1954,14:10:21,14.31,0.0,6,8157,卖盘
1955,14:10:30,14.3,-0.01,5,7150,卖盘
1956,14:10:34,14.3,0.0,18,25740,卖盘
1957,14:11:21,14.31,0.01,65,93007,买盘
1958,14:11:33,14.32,0.01,1,1432,买盘
1959,14:11:36,14.31,-0.01,45,64395,卖盘
1960,14:11:51,14.31,0.0,3,4293,卖盘
1961,14:11:57,14.31,0.0,10,14310,卖盘
1962,14:12:00,14.32,0.01,3,4296,买盘
1963,14:12:18,14.32,0.0,10,14320,买盘
1964,14:12:21,14.32,0.0,36,51536,买盘
1965,14:12:42,14.32,0.0,25,35800,买盘
1966,14:12:45,14.32,0.0,5,7160,买盘
1967,14:12:48,14.32,0.0,4,5728,买盘
1968,14:12:51,14.31,-0.01,1,1431,卖盘
1969,14:12:57,14.32,0.01,13,18616,买盘
1970,14:13:00,14.32,0.0,3,4296,买盘
1971,14:13:15,14.32,0.0,103,147496,买盘
1972,14:13:45,14.32,0.0,151,216232,卖盘
1973,14:14:09,14.32,0.0,5,7160,卖盘
1974,14:14:12,14.33,0.01,3,4299,买盘
1975,14:14:33,14.33,0.0,1,1433,买盘
1976,14:14:39,14.32,-0.01,9,12888,卖盘
1977,14:14:48,14.32,0.0,2,2864,买盘
1978,14:14:54,14.31,-0.01,100,143103,卖盘
1979,14:15:04,14.32,0.01,5,7160,买盘
1980,14:15:30,14.32,0.0,21,30072,买盘
1981,14:15:54,14.32,0.0,1,1432,卖盘
1982,14:16:09,14.32,0.0,44,63008,卖盘
1983,14:16:27,14.33,0.01,2,2866,买盘
1984,14:16:34,14.33,0.0,124,177692,买盘
1985,14:16:40,14.34,0.01,3,4302,买盘
1986,14:16:45,14.34,0.0,43,61662,买盘
1987,14:16:49,14.34,0.0,12,17208,买盘
1988,14:16:51,14.34,0.0,12,17208,卖盘
1989,14:17:04,14.35,0.01,40,57400,买盘
1990,14:17:19,14.35,0.0,126,180810,买盘
1991,14:17:30,14.37,0.02,20,28740,买盘
1992,14:17:36,14.37,0.0,20,28740,买盘
1993,14:17:39,14.37,0.0,5,7185,买盘
1994,14:17:42,14.37,0.0,65,93405,买盘
1995,14:17:49,14.37,0.0,10,14370,买盘
1996,14:17:51,14.37,0.0,10,14370,买盘
1997,14:17:54,14.37,0.0,24,34488,买盘
1998,14:17:57,14.37,0.0,5,7472,卖盘
1999,14:18:04,14.38,0.01,19,27322,买盘
2000,14:18:06,14.37,-0.01,14,20118,卖盘
2001,14:18:09,14.38,0.01,50,71900,买盘
2002,14:18:15,14.39,0.01,140,201403,买盘
2003,14:18:21,14.39,0.0,3,4317,买盘
2004,14:18:27,14.39,0.0,95,136417,买盘
2005,14:18:31,14.39,0.0,5,7195,卖盘
2006,14:18:33,14.38,-0.01,30,43165,卖盘
2007,14:18:39,14.4,0.02,10,14400,买盘
2008,14:18:45,14.39,-0.01,35,50390,卖盘
2009,14:18:48,14.4,0.01,74,106515,买盘
2010,14:18:57,14.41,0.01,71,102251,买盘
2011,14:19:00,14.42,0.01,20,28823,买盘
2012,14:19:06,14.42,0.0,33,47586,买盘
2013,14:19:12,14.41,-0.01,43,61963,卖盘
2014,14:19:15,14.41,0.0,12,17292,买盘
2015,14:19:21,14.41,0.0,10,14410,买盘
2016,14:19:27,14.41,0.0,50,72050,买盘
2017,14:19:30,14.41,0.0,15,21608,买盘
2018,14:19:33,14.4,-0.01,13,18722,卖盘
2019,14:19:36,14.41,0.01,12,17292,卖盘
2020,14:19:54,14.4,-0.01,36,51840,卖盘
2021,14:20:01,14.4,0.0,10,14400,买盘
2022,14:20:04,14.42,0.02,97,139805,买盘
2023,14:20:09,14.4,-0.02,5,7200,买盘
2024,14:20:12,14.39,-0.01,10,14390,卖盘
2025,14:20:18,14.39,0.0,96,138144,卖盘
2026,14:20:21,14.39,0.0,3,4317,买盘
2027,14:20:24,14.39,0.0,22,31658,买盘
2028,14:20:27,14.38,-0.01,10,14389,卖盘
2029,14:20:43,14.38,0.0,4,5752,卖盘
2030,14:20:54,14.39,0.01,5,7195,买盘
2031,14:21:00,14.38,-0.01,21,30198,卖盘
2032,14:21:09,14.38,0.0,5,7190,卖盘
2033,14:21:18,14.4,0.02,20,28781,买盘
2034,14:21:36,14.39,-0.01,4,5756,卖盘
2035,14:21:42,14.39,0.0,8,11519,卖盘
2036,14:21:54,14.4,0.01,92,132480,买盘
2037,14:22:09,14.4,0.0,4,5760,卖盘
2038,14:22:12,14.4,0.0,4,5760,卖盘
2039,14:22:18,14.4,0.0,2,2880,卖盘
2040,14:22:42,14.39,-0.01,9,12956,卖盘
2041,14:22:49,14.4,0.01,6,8640,买盘
2042,14:22:51,14.39,-0.01,25,35975,卖盘
2043,14:22:54,14.39,0.0,5,7195,卖盘
2044,14:22:57,14.39,0.0,8,11512,卖盘
2045,14:23:00,14.39,0.0,8,11512,卖盘
2046,14:23:03,14.39,0.0,73,105047,卖盘
2047,14:23:18,14.38,-0.01,3,4314,卖盘
2048,14:23:31,14.38,0.0,24,34512,卖盘
2049,14:23:34,14.39,0.01,12,17268,买盘
2050,14:23:36,14.38,-0.01,5,7190,卖盘
2051,14:23:39,14.38,0.0,8,11504,卖盘
2052,14:23:45,14.38,0.0,31,44578,卖盘
2053,14:24:06,14.38,0.0,6,8628,卖盘
2054,14:24:24,14.38,0.0,23,33074,买盘
2055,14:24:28,14.38,0.0,10,14380,买盘
2056,14:24:31,14.38,0.0,3,4314,买盘
2057,14:24:39,14.38,0.0,2,2876,买盘
2058,14:24:51,14.38,0.0,139,199799,买盘
2059,14:24:57,14.38,0.0,5,7190,买盘
2060,14:25:00,14.38,0.0,18,25884,买盘
2061,14:25:04,14.4,0.02,83,119434,买盘
2062,14:25:31,14.38,-0.02,42,60474,卖盘
2063,14:25:33,14.4,0.02,7,10080,买盘
2064,14:25:36,14.4,0.0,1,1440,买盘
2065,14:25:54,14.4,0.0,59,84960,买盘
2066,14:26:00,14.4,0.0,50,72000,买盘
2067,14:26:09,14.4,0.0,27,38870,买盘
2068,14:26:15,14.39,-0.01,1,1439,卖盘
2069,14:26:21,14.39,0.0,5,7195,卖盘
2070,14:26:27,14.4,0.01,10,14398,买盘
2071,14:26:30,14.4,0.0,103,148320,买盘
2072,14:26:36,14.4,0.0,1,1440,卖盘
2073,14:26:39,14.4,0.0,4,5760,卖盘
2074,14:26:42,14.4,0.0,13,18720,卖盘
2075,14:26:46,14.4,0.0,1,1440,卖盘
2076,14:26:54,14.4,0.0,1,1440,卖盘
2077,14:27:00,14.4,0.0,7,10080,卖盘
2078,14:27:03,14.41,0.01,3,4323,买盘
2079,14:27:06,14.41,0.0,16,23056,买盘
2080,14:27:18,14.42,0.01,10,14420,买盘
2081,14:27:27,14.41,-0.01,1,1441,卖盘
2082,14:27:33,14.41,0.0,17,24497,卖盘
2083,14:27:42,14.41,0.0,14,20184,卖盘
2084,14:27:45,14.41,0.0,81,116781,卖盘
2085,14:27:51,14.41,0.0,8,11528,卖盘
2086,14:28:04,14.4,-0.01,100,144046,卖盘
2087,14:28:06,14.42,0.02,1,1442,买盘
2088,14:28:09,14.4,-0.02,7,10080,卖盘
2089,14:28:12,14.4,0.0,50,72000,卖盘
2090,14:28:18,14.4,0.0,7,10080,买盘
2091,14:28:27,14.4,0.0,12,17278,买盘
2092,14:28:30,14.4,0.0,10,14400,买盘
2093,14:28:33,14.39,-0.01,2,2878,卖盘
2094,14:28:43,14.4,0.01,3,4320,买盘
2095,14:28:45,14.39,-0.01,10,14390,卖盘
2096,14:28:52,14.38,-0.01,200,287760,卖盘
2097,14:29:04,14.38,0.0,15,21580,卖盘
2098,14:29:15,14.38,0.0,10,14380,卖盘
2099,14:29:27,14.37,-0.01,53,76161,卖盘
2100,14:29:30,14.37,0.0,3,4311,卖盘
2101,14:29:36,14.38,0.01,14,20132,买盘
2102,14:29:39,14.38,0.0,32,46014,买盘
2103,14:29:42,14.37,-0.01,3,4311,卖盘
2104,14:29:51,14.37,0.0,6,8622,卖盘
2105,14:30:00,14.36,-0.01,20,28720,卖盘
2106,14:30:12,14.36,0.0,15,21540,卖盘
2107,14:30:27,14.36,0.0,3,4308,买盘
2108,14:30:31,14.36,0.0,48,68928,买盘
2109,14:30:37,14.36,0.0,2,2872,卖盘
2110,14:30:54,14.35,-0.01,10,14350,卖盘
2111,14:31:00,14.35,0.0,36,51660,卖盘
2112,14:31:06,14.36,0.01,5,7180,买盘
2113,14:31:12,14.36,0.0,7,10052,买盘
2114,14:31:16,14.36,0.0,5,7180,买盘
2115,14:31:24,14.36,0.0,7,10052,买盘
2116,14:31:30,14.35,-0.01,30,43050,卖盘
2117,14:31:36,14.36,0.01,10,14360,买盘
2118,14:31:49,14.35,-0.01,133,190855,卖盘
2119,14:31:58,14.35,0.0,6,8610,买盘
2120,14:32:04,14.35,0.0,1,1435,买盘
2121,14:32:12,14.35,0.0,59,84665,买盘
2122,14:32:28,14.36,0.01,65,93305,买盘
2123,14:32:30,14.36,0.0,13,18668,买盘
2124,14:32:36,14.36,0.0,30,43080,买盘
2125,14:32:39,14.36,0.0,11,15796,买盘
2126,14:32:45,14.36,0.0,20,28720,卖盘
2127,14:32:48,14.36,0.0,9,12924,卖盘
2128,14:33:42,14.37,0.01,1,1437,买盘
2129,14:33:51,14.37,0.0,3,4311,买盘
2130,14:34:00,14.36,-0.01,56,80448,卖盘
2131,14:34:09,14.37,0.01,5,7185,买盘
2132,14:34:18,14.37,0.0,7,10059,买盘
2133,14:34:24,14.37,0.0,5,7185,买盘
2134,14:34:33,14.36,-0.01,10,14360,卖盘
2135,14:34:39,14.36,0.0,3,4308,卖盘
2136,14:34:54,14.37,0.01,75,107775,买盘
2137,14:35:09,14.37,0.0,10,14370,买盘
2138,14:35:12,14.37,0.0,5,7185,买盘
2139,14:35:21,14.37,0.0,59,84783,买盘
2140,14:35:24,14.36,-0.01,27,38772,卖盘
2141,14:35:39,14.37,0.01,32,45984,卖盘
2142,14:35:45,14.37,0.0,36,51732,买盘
2143,14:35:57,14.37,0.0,10,14370,买盘
2144,14:36:21,14.37,0.0,18,25866,买盘
2145,14:36:30,14.37,0.0,22,31614,买盘
2146,14:36:33,14.37,0.0,10,14370,买盘
2147,14:36:42,14.37,0.0,5,7185,买盘
2148,14:36:45,14.36,-0.01,60,86160,卖盘
2149,14:36:57,14.36,0.0,26,37336,卖盘
2150,14:37:03,14.36,0.0,93,133548,卖盘
2151,14:37:18,14.36,0.0,1,1436,买盘
2152,14:37:39,14.36,0.0,6,8616,买盘
2153,14:37:54,14.35,-0.01,4,5743,卖盘
2154,14:38:00,14.35,0.0,162,232470,卖盘
2155,14:38:21,14.34,-0.01,1,1434,卖盘
2156,14:38:27,14.35,0.01,20,28700,买盘
2157,14:38:36,14.35,0.0,21,30135,买盘
2158,14:38:40,14.35,0.0,4,5740,卖盘
2159,14:38:42,14.35,0.0,25,35875,卖盘
2160,14:38:45,14.35,0.0,2,2870,买盘
2161,14:38:48,14.35,0.0,17,24385,买盘
2162,14:38:57,14.35,0.0,50,71750,买盘
2163,14:39:00,14.35,0.0,106,152110,买盘
2164,14:39:13,14.35,0.0,2,2870,卖盘
2165,14:39:19,14.35,0.0,8,11480,卖盘
2166,14:39:24,14.36,0.01,7,10052,买盘
2167,14:39:30,14.35,-0.01,50,71750,卖盘
2168,14:39:48,14.35,0.0,1,1435,卖盘
2169,14:39:54,14.35,0.0,7,10045,卖盘
2170,14:39:57,14.36,0.01,109,156424,买盘
2171,14:40:06,14.35,-0.01,67,96205,卖盘
2172,14:40:12,14.35,0.0,1,1435,买盘
2173,14:40:15,14.35,0.0,4,5740,买盘
2174,14:40:18,14.35,0.0,10,14350,卖盘
2175,14:40:33,14.35,0.0,25,35875,买盘
2176,14:40:48,14.34,-0.01,10,14340,卖盘
2177,14:40:51,14.35,0.01,6,8610,买盘
2178,14:40:57,14.35,0.0,61,87535,买盘
2179,14:41:01,14.35,0.0,10,14350,卖盘
2180,14:41:15,14.35,0.0,24,34440,卖盘
2181,14:41:24,14.35,0.0,25,35895,卖盘
2182,14:41:30,14.35,0.0,15,21525,买盘
2183,14:41:36,14.35,0.0,3,4305,卖盘
2184,14:42:01,14.35,0.0,7,10045,卖盘
2185,14:42:04,14.35,0.0,10,14350,卖盘
2186,14:42:15,14.35,0.0,10,14350,卖盘
2187,14:42:18,14.35,0.0,20,28700,卖盘
2188,14:42:21,14.35,0.0,28,40180,卖盘
2189,14:42:27,14.35,0.0,10,14350,买盘
2190,14:42:36,14.34,-0.01,21,30114,卖盘
2191,14:42:51,14.34,0.0,6,8604,卖盘
2192,14:42:57,14.35,0.01,30,43050,买盘
2193,14:43:00,14.34,-0.01,170,243780,卖盘
2194,14:43:15,14.33,-0.01,50,71650,卖盘
2195,14:43:18,14.33,0.0,208,298064,卖盘
2196,14:43:30,14.34,0.01,10,14340,买盘
2197,14:43:33,14.33,-0.01,36,51588,卖盘
2198,14:43:39,14.33,0.0,6,8598,卖盘
2199,14:43:45,14.33,0.0,115,164795,卖盘
2200,14:43:57,14.34,0.01,15,21510,买盘
2201,14:44:00,14.33,-0.01,16,22936,卖盘
2202,14:44:15,14.34,0.01,17,24375,买盘
2203,14:44:27,14.33,-0.01,206,295284,卖盘
2204,14:44:36,14.34,0.01,10,14340,卖盘
2205,14:44:54,14.34,0.0,3,4302,卖盘
2206,14:45:04,14.35,0.01,55,78925,买盘
2207,14:45:06,14.35,0.0,40,57400,卖盘
2208,14:45:16,14.36,0.01,40,57424,买盘
2209,14:45:21,14.36,0.0,10,14360,买盘
2210,14:45:24,14.36,0.0,1,1436,买盘
2211,14:45:27,14.36,0.0,25,35880,买盘
2212,14:45:33,14.36,0.0,7,10052,买盘
2213,14:45:42,14.36,0.0,3,4308,买盘
2214,14:45:48,14.35,-0.01,174,249690,卖盘
2215,14:46:00,14.35,0.0,42,60270,卖盘
2216,14:46:06,14.35,0.0,2,2870,买盘
2217,14:46:12,14.35,0.0,3,4305,买盘
2218,14:46:15,14.36,0.01,254,364499,买盘
2219,14:46:18,14.36,0.0,5,7180,买盘
2220,14:46:30,14.36,0.0,5,7180,买盘
2221,14:46:36,14.36,0.0,50,71800,买盘
2222,14:46:42,14.35,-0.01,233,334502,卖盘
2223,14:47:00,14.37,0.02,180,258482,买盘
2224,14:47:15,14.37,0.0,3,4311,买盘
2225,14:47:21,14.36,-0.01,56,80451,卖盘
2226,14:47:42,14.36,0.0,4,5744,卖盘
2227,14:47:48,14.36,0.0,2,2872,卖盘
2228,14:47:51,14.36,0.0,134,192427,卖盘
2229,14:48:00,14.36,0.0,3,4308,买盘
2230,14:48:04,14.36,0.0,92,132116,买盘
2231,14:48:06,14.36,0.0,34,48824,卖盘
2232,14:48:15,14.37,0.01,200,287400,买盘
2233,14:48:18,14.36,-0.01,30,43080,卖盘
2234,14:48:24,14.37,0.01,40,57480,买盘
2235,14:48:27,14.37,0.0,90,129330,买盘
2236,14:48:36,14.38,0.01,16,22994,买盘
2237,14:48:43,14.38,0.0,16,23008,买盘
2238,14:48:46,14.37,-0.01,1,1437,卖盘
2239,14:48:51,14.38,0.01,18,25884,买盘
2240,14:48:54,14.38,0.0,30,43125,买盘
2241,14:48:57,14.38,0.0,79,113602,买盘
2242,14:49:00,14.38,0.0,59,84824,买盘
2243,14:49:06,14.38,0.0,2,2876,买盘
2244,14:49:12,14.38,0.0,30,43118,买盘
2245,14:49:15,14.38,0.0,1,1438,买盘
2246,14:49:18,14.38,0.0,19,27322,买盘
2247,14:49:21,14.38,0.0,7,10066,买盘
2248,14:49:24,14.37,-0.01,55,79035,卖盘
2249,14:49:33,14.37,0.0,40,57480,卖盘
2250,14:49:39,14.37,0.0,40,57480,卖盘
2251,14:49:42,14.38,0.01,5,7190,买盘
2252,14:49:45,14.37,-0.01,12,17244,卖盘
2253,14:49:48,14.37,0.0,5,7185,卖盘
2254,14:49:51,14.37,0.0,39,56043,卖盘
2255,14:49:54,14.37,0.0,38,54624,卖盘
2256,14:50:03,14.36,-0.01,115,165159,卖盘
2257,14:50:10,14.37,0.01,1,1437,中性盘
2258,14:50:12,14.37,0.0,17,24440,卖盘
2259,14:50:18,14.38,0.01,21,30193,买盘
2260,14:50:21,14.37,-0.01,40,57482,卖盘
2261,14:50:27,14.36,-0.01,34,48824,卖盘
2262,14:50:36,14.36,0.0,62,89032,卖盘
2263,14:50:39,14.37,0.01,5,7185,买盘
2264,14:50:45,14.37,0.0,8,11496,买盘
2265,14:50:54,14.37,0.0,101,145137,买盘
2266,14:51:04,14.38,0.01,14,20122,买盘
2267,14:51:06,14.38,0.0,4,5752,买盘
2268,14:51:12,14.38,0.0,1,1438,买盘
2269,14:51:15,14.37,-0.01,100,143700,卖盘
2270,14:51:18,14.37,0.0,34,48858,卖盘
2271,14:51:21,14.37,0.0,37,53169,卖盘
2272,14:51:27,14.37,0.0,5,7185,卖盘
2273,14:51:31,14.37,0.0,17,24429,卖盘
2274,14:51:33,14.36,-0.01,12,17232,卖盘
2275,14:51:36,14.36,0.0,20,28720,卖盘
2276,14:51:42,14.38,0.02,50,71861,买盘
2277,14:51:54,14.38,0.0,41,58936,买盘
2278,14:52:01,14.38,0.0,100,143800,买盘
2279,14:52:04,14.38,0.0,4,5752,买盘
2280,14:52:15,14.38,0.0,99,142362,买盘
2281,14:52:21,14.38,0.0,10,14380,买盘
2282,14:52:25,14.37,-0.01,5,7185,卖盘
2283,14:52:28,14.38,0.01,23,33054,买盘
2284,14:52:45,14.37,-0.01,2,2874,卖盘
2285,14:52:51,14.37,0.0,62,89094,卖盘
2286,14:52:54,14.37,0.0,6,8622,卖盘
2287,14:52:57,14.38,0.01,100,143798,买盘
2288,14:53:00,14.37,-0.01,35,50295,卖盘
2289,14:53:04,14.37,0.0,55,79085,卖盘
2290,14:53:06,14.37,0.0,5,7185,卖盘
2291,14:53:12,14.37,0.0,50,71883,卖盘
2292,14:53:15,14.36,-0.01,179,257262,卖盘
2293,14:53:22,14.36,0.0,27,38772,买盘
2294,14:53:25,14.37,0.01,35,50261,买盘
2295,14:53:36,14.37,0.0,7,10059,买盘
2296,14:53:39,14.37,0.0,10,14370,买盘
2297,14:53:48,14.38,0.01,100,143663,买盘
2298,14:53:54,14.37,-0.01,9,12933,中性盘
2299,14:54:06,14.38,0.01,44,63238,买盘
2300,14:54:10,14.37,-0.01,42,60354,卖盘
2301,14:54:16,14.37,0.0,20,28740,买盘
2302,14:54:18,14.37,0.0,23,33039,买盘
2303,14:54:21,14.37,0.0,3,4311,买盘
2304,14:54:30,14.37,0.0,5,7185,买盘
2305,14:54:33,14.37,0.0,47,68401,买盘
2306,14:54:39,14.37,0.0,33,46559,卖盘
2307,14:54:42,14.37,0.0,5,7185,买盘
2308,14:54:48,14.37,0.0,18,25866,买盘
2309,14:54:51,14.37,0.0,14,20118,买盘
2310,14:54:54,14.36,-0.01,74,106342,卖盘
2311,14:55:00,14.37,0.01,53,76161,买盘
2312,14:55:03,14.36,-0.01,11,15796,卖盘
2313,14:55:06,14.37,0.01,6,8622,买盘
2314,14:55:10,14.37,0.0,14,20118,买盘
2315,14:55:13,14.36,-0.01,56,80445,卖盘
2316,14:55:19,14.36,0.0,118,169459,卖盘
2317,14:55:21,14.36,0.0,21,30167,卖盘
2318,14:55:24,14.36,0.0,30,43080,卖盘
2319,14:55:30,14.37,0.01,76,109212,买盘
2320,14:55:33,14.37,0.0,3,4311,卖盘
2321,14:55:36,14.37,0.0,5,7185,卖盘
2322,14:55:40,14.38,0.01,2,2876,买盘
2323,14:55:42,14.37,-0.01,10,14370,卖盘
2324,14:55:46,14.38,0.01,10,14380,买盘
2325,14:55:54,14.38,0.0,45,64680,买盘
2326,14:55:57,14.38,0.0,18,25881,买盘
2327,14:56:01,14.38,0.0,5,7190,买盘
2328,14:56:03,14.37,-0.01,37,53179,卖盘
2329,14:56:06,14.38,0.01,2,2876,买盘
2330,14:56:09,14.37,-0.01,80,114992,卖盘
2331,14:56:12,14.38,0.01,139,199881,买盘
2332,14:56:15,14.37,-0.01,22,31614,买盘
2333,14:56:18,14.37,0.0,12,17244,买盘
2334,14:56:21,14.37,0.0,7,10057,卖盘
2335,14:56:25,14.37,0.0,108,155296,买盘
2336,14:56:27,14.37,0.0,9,12931,买盘
2337,14:56:30,14.37,0.0,2,2874,卖盘
2338,14:56:36,14.38,0.01,33,47454,买盘
2339,14:56:39,14.38,0.0,20,28747,买盘
2340,14:56:42,14.37,-0.01,11,15810,卖盘
2341,14:56:48,14.38,0.01,25,35950,买盘
2342,14:56:51,14.38,0.0,18,25869,买盘
2343,14:56:54,14.37,-0.01,201,288988,卖盘
2344,14:56:57,14.38,0.01,5,7334,买盘
2345,14:57:00,14.38,0.0,51,73338,卖盘
2346,15:00:04,14.38,0.0,918,1319940,卖盘
