,time,price,change,volume,amount,type
0,09:30:05,11.75,-0.13,14,16525,卖盘
1,09:30:07,11.76,0.01,7,8232,卖盘
2,09:30:09,11.87,0.11,5,5935,买盘
3,09:30:16,11.76,-0.11,1,1176,卖盘
4,09:30:22,11.88,0.12,28,33239,买盘
5,09:30:31,11.76,-0.12,30,35280,卖盘
6,09:30:34,11.76,0.0,7,8232,买盘
7,09:30:37,11.75,-0.01,1,1175,卖盘
8,09:30:42,11.75,0.0,1,1175,卖盘
9,09:30:46,11.75,0.0,1,1175,卖盘
10,09:30:49,11.72,-0.03,1,1172,卖盘
11,09:30:58,11.76,0.04,3,3528,买盘
12,09:31:01,11.72,-0.04,20,23440,卖盘
13,09:31:04,11.76,0.04,1,1176,买盘
14,09:31:06,11.76,0.0,1,1176,买盘
15,09:31:09,11.76,0.0,3,3528,买盘
16,09:31:12,11.76,0.0,1,1176,买盘
17,09:31:19,11.73,-0.03,6,7038,卖盘
18,09:31:34,11.73,0.0,8,9389,卖盘
19,09:31:37,11.75,0.02,1,1175,买盘
20,09:31:40,11.73,-0.02,2,2348,卖盘
21,09:31:43,11.66,-0.07,123,143832,卖盘
22,09:31:48,11.7,0.04,1,1170,卖盘
23,09:31:55,11.7,0.0,9,10530,卖盘
24,09:32:04,11.69,-0.01,17,19873,买盘
25,09:32:07,11.69,0.0,13,15188,买盘
26,09:32:10,11.69,0.0,5,5845,买盘
27,09:32:13,11.69,0.0,11,12859,买盘
28,09:32:15,11.69,0.0,20,23380,买盘
29,09:32:22,11.7,0.01,1,1170,买盘
30,09:32:25,11.7,0.0,2,2340,买盘
31,09:32:27,11.72,0.02,1,1172,买盘
32,09:32:30,11.72,0.0,1,1172,买盘
33,09:32:34,11.72,0.0,1,1172,买盘
34,09:32:37,11.72,0.0,1,1172,买盘
35,09:32:39,11.72,0.0,1,1172,买盘
36,09:32:43,11.72,0.0,3,3516,买盘
37,09:32:46,11.72,0.0,2,2345,卖盘
38,09:32:49,11.73,0.01,1,1173,买盘
39,09:33:01,11.72,-0.01,4,4688,卖盘
40,09:33:06,11.71,-0.01,1,1171,卖盘
41,09:33:16,11.71,0.0,9,10542,卖盘
42,09:33:21,11.72,0.01,2,2344,买盘
43,09:33:37,11.7,-0.02,2,2340,买盘
44,09:33:43,11.7,0.0,1,1170,卖盘
45,09:33:45,11.7,0.0,3,3510,卖盘
46,09:34:16,11.69,-0.01,18,21042,卖盘
47,09:34:28,11.69,0.0,41,47929,买盘
48,09:34:36,11.7,0.01,10,11699,买盘
49,09:34:46,11.69,-0.01,9,10521,卖盘
50,09:34:55,11.68,-0.01,15,17520,卖盘
51,09:35:00,11.68,0.0,4,4672,买盘
52,09:35:06,11.68,0.0,4,4672,买盘
53,09:35:09,11.67,-0.01,2,2334,卖盘
54,09:35:16,11.67,0.0,1,1167,卖盘
55,09:35:21,11.67,0.0,40,46707,卖盘
56,09:35:28,11.67,0.0,11,12837,卖盘
57,09:35:30,11.67,0.0,6,7000,买盘
58,09:35:43,11.68,0.01,1,1168,卖盘
59,09:36:07,11.69,0.01,7,8178,买盘
60,09:36:10,11.69,0.0,9,10521,卖盘
61,09:36:13,11.69,0.0,1,1169,卖盘
62,09:36:19,11.69,0.0,4,4676,卖盘
63,09:36:22,11.7,0.01,30,35096,买盘
64,09:36:33,11.7,0.0,9,10530,中性盘
65,09:36:40,11.69,-0.01,1,1169,卖盘
66,09:36:43,11.71,0.02,2,2340,买盘
67,09:36:49,11.69,-0.02,14,16376,卖盘
68,09:36:54,11.66,-0.03,121,141224,卖盘
69,09:37:04,11.65,-0.01,5,5825,卖盘
70,09:37:13,11.63,-0.02,1,1163,卖盘
71,09:37:19,11.63,0.0,5,5815,卖盘
72,09:37:21,11.62,-0.01,77,89501,卖盘
73,09:37:25,11.6,-0.02,79,91660,卖盘
74,09:37:34,11.6,0.0,6,6960,卖盘
75,09:37:37,11.58,-0.02,108,125276,卖盘
76,09:37:39,11.56,-0.02,4,4624,卖盘
77,09:37:43,11.52,-0.04,1,1152,卖盘
78,09:37:49,11.59,0.07,12,13873,买盘
79,09:37:51,11.52,-0.07,15,17280,卖盘
80,09:37:55,11.51,-0.01,19,21878,卖盘
81,09:37:58,11.51,0.0,6,6906,中性盘
82,09:38:00,11.5,-0.01,15,17254,卖盘
83,09:38:04,11.52,0.02,39,44928,买盘
84,09:38:07,11.52,0.0,11,12672,卖盘
85,09:38:10,11.52,0.0,37,42624,卖盘
86,09:38:13,11.52,0.0,27,31104,买盘
87,09:38:19,11.61,0.09,29,33650,买盘
88,09:38:22,11.52,-0.09,84,96768,卖盘
89,09:38:34,11.5,-0.02,40,46035,卖盘
90,09:38:37,11.6,0.1,1,1160,买盘
91,09:38:40,11.53,-0.07,6,6946,卖盘
92,09:39:01,11.54,0.01,3,3462,卖盘
93,09:39:07,11.6,0.06,7,8114,买盘
94,09:39:10,11.54,-0.06,8,9232,卖盘
95,09:39:13,11.6,0.06,10,11600,买盘
96,09:39:22,11.6,0.0,10,11597,买盘
97,09:39:27,11.6,0.0,12,13910,买盘
98,09:39:31,11.6,0.0,5,5800,买盘
99,09:39:51,11.58,-0.02,8,9264,卖盘
100,09:40:00,11.58,0.0,20,23160,买盘
101,09:40:07,11.58,0.0,40,46320,卖盘
102,09:40:13,11.58,0.0,1,1158,卖盘
103,09:40:15,11.6,0.02,4,4640,买盘
104,09:40:37,11.59,-0.01,4,4635,买盘
105,09:40:46,11.6,0.01,26,30160,买盘
106,09:40:51,11.6,0.0,50,57965,买盘
107,09:40:54,11.6,0.0,6,6960,买盘
108,09:41:06,11.6,0.0,1,1160,卖盘
109,09:41:12,11.6,0.0,38,44080,卖盘
110,09:41:22,11.59,-0.01,1,1159,卖盘
111,09:41:25,11.59,0.0,7,8113,卖盘
112,09:41:37,11.59,0.0,2,2318,卖盘
113,09:41:43,11.59,0.0,1,1159,卖盘
114,09:42:10,11.6,0.01,3,3480,买盘
115,09:42:22,11.6,0.0,5,5800,买盘
116,09:42:34,11.61,0.01,14,16254,买盘
117,09:42:42,11.6,-0.01,3,3482,卖盘
118,09:42:52,11.61,0.01,2,2322,买盘
119,09:42:55,11.6,-0.01,6,6960,卖盘
120,09:43:10,11.6,0.0,1,1160,卖盘
121,09:43:12,11.6,0.0,2,2320,卖盘
122,09:43:25,11.61,0.01,57,66177,买盘
123,09:43:34,11.61,0.0,8,9288,卖盘
124,09:43:43,11.63,0.02,6,6978,卖盘
125,09:43:52,11.63,0.0,7,8141,卖盘
126,09:44:07,11.64,0.01,13,15125,中性盘
127,09:44:12,11.61,-0.03,1,1161,卖盘
128,09:44:28,11.61,0.0,7,8127,卖盘
129,09:44:31,11.64,0.03,3,3492,买盘
130,09:44:36,11.64,0.0,1,1164,卖盘
131,09:44:39,11.64,0.0,1,1164,卖盘
132,09:44:42,11.64,0.0,5,5820,卖盘
133,09:44:46,11.64,0.0,3,3486,买盘
134,09:44:54,11.62,-0.02,8,9296,卖盘
135,09:45:01,11.63,0.01,2,2326,买盘
136,09:45:07,11.63,0.0,1,1163,卖盘
137,09:45:13,11.61,-0.02,37,42969,卖盘
138,09:45:37,11.61,0.0,1,1161,卖盘
139,09:45:42,11.59,-0.02,124,143800,卖盘
140,09:45:58,11.59,0.0,8,9272,卖盘
141,09:46:06,11.58,-0.01,1,1158,卖盘
142,09:46:10,11.58,0.0,176,203808,卖盘
143,09:46:13,11.56,-0.02,28,32388,卖盘
144,09:46:22,11.56,0.0,7,8092,买盘
145,09:46:25,11.56,0.0,8,9248,买盘
146,09:46:30,11.56,0.0,35,40460,卖盘
147,09:46:39,11.56,0.0,1,1156,卖盘
148,09:46:43,11.56,0.0,12,13872,卖盘
149,09:46:49,11.57,0.01,4,4628,买盘
150,09:46:52,11.56,-0.01,2,2312,卖盘
151,09:47:04,11.55,-0.01,20,23100,卖盘
152,09:47:06,11.56,0.01,14,16184,买盘
153,09:47:10,11.55,-0.01,30,34651,卖盘
154,09:47:15,11.56,0.01,1,1156,卖盘
155,09:47:19,11.56,0.0,30,34680,卖盘
156,09:47:27,11.57,0.01,4,4628,买盘
157,09:47:43,11.56,-0.01,2,2312,卖盘
158,09:47:55,11.56,0.0,4,4624,卖盘
159,09:48:01,11.57,0.01,13,15041,买盘
160,09:48:07,11.57,0.0,5,5785,买盘
161,09:48:19,11.57,0.0,6,6942,卖盘
162,09:48:28,11.58,0.01,3,3474,买盘
163,09:48:36,11.58,0.0,5,5790,买盘
164,09:48:39,11.57,-0.01,2,2315,卖盘
165,09:48:43,11.58,0.01,31,35888,买盘
166,09:48:52,11.57,-0.01,13,15041,卖盘
167,09:48:58,11.58,0.01,17,19686,买盘
168,09:49:10,11.57,-0.01,1,1157,卖盘
169,09:49:13,11.57,0.0,1,1157,卖盘
170,09:49:16,11.57,0.0,1,1157,卖盘
171,09:49:25,11.57,0.0,2,2314,卖盘
172,09:49:27,11.58,0.01,43,49794,买盘
173,09:49:40,11.58,0.0,11,12737,买盘
174,09:49:42,11.58,0.0,10,11580,买盘
175,09:49:54,11.58,0.0,14,16212,买盘
176,09:49:58,11.58,0.0,20,23160,买盘
177,09:50:01,11.58,0.0,10,11580,买盘
178,09:50:04,11.57,-0.01,49,56712,卖盘
179,09:50:07,11.57,0.0,5,5785,卖盘
180,09:50:13,11.58,0.01,46,53265,买盘
181,09:50:22,11.57,-0.01,1,1157,卖盘
182,09:50:25,11.57,0.0,3,3471,卖盘
183,09:50:31,11.58,0.01,2,3011,卖盘
184,09:50:34,11.57,-0.01,13,15041,买盘
185,09:50:37,11.58,0.01,1,1158,卖盘
186,09:50:43,11.58,0.0,1,1158,卖盘
187,09:50:46,11.58,0.0,1,1158,卖盘
188,09:50:54,11.57,-0.01,7,8101,卖盘
189,09:51:01,11.57,0.0,2,2314,卖盘
190,09:51:13,11.57,0.0,1,1157,卖盘
191,09:51:25,11.57,0.0,3,3471,卖盘
192,09:51:42,11.57,0.0,1,1157,卖盘
193,09:52:10,11.58,0.01,1,1158,卖盘
194,09:52:13,11.58,0.0,2,2316,卖盘
195,09:52:16,11.58,0.0,1,1158,卖盘
196,09:52:19,11.58,0.0,9,10422,卖盘
197,09:52:24,11.58,0.0,1,1158,卖盘
198,09:52:27,11.61,0.03,11,12771,买盘
199,09:52:37,11.61,0.0,3,3486,卖盘
200,09:52:40,11.61,0.0,34,39474,卖盘
201,09:52:57,11.61,0.0,8,9288,卖盘
202,09:53:00,11.63,0.02,10,11630,买盘
203,09:53:19,11.63,0.0,10,11630,买盘
204,09:53:28,11.61,-0.02,1,1161,卖盘
205,09:53:34,11.61,0.0,5,5805,卖盘
206,09:53:40,11.61,0.0,1,1161,卖盘
207,09:53:43,11.61,0.0,7,8127,卖盘
208,09:53:52,11.62,0.01,25,29050,卖盘
209,09:54:04,11.64,0.02,3,3492,买盘
210,09:54:10,11.62,-0.02,17,19781,卖盘
211,09:54:16,11.62,0.0,15,17430,卖盘
212,09:54:40,11.61,-0.01,1,1161,卖盘
213,09:54:51,11.61,0.0,9,10449,卖盘
214,09:54:58,11.61,0.0,1,1161,卖盘
215,09:55:01,11.61,0.0,20,23220,卖盘
216,09:55:04,11.62,0.01,35,40653,买盘
217,09:55:07,11.59,-0.03,30,34790,卖盘
218,09:55:13,11.59,0.0,1,1159,卖盘
219,09:55:19,11.59,0.0,8,9272,卖盘
220,09:55:22,11.59,0.0,6,6954,卖盘
221,09:55:40,11.58,-0.01,1,1158,卖盘
222,09:55:43,11.58,0.0,1,1158,卖盘
223,09:55:58,11.58,0.0,24,27792,卖盘
224,09:56:06,11.58,0.0,1,1158,卖盘
225,09:56:12,11.58,0.0,1,1158,卖盘
226,09:56:40,11.58,0.0,1,1158,卖盘
227,09:56:57,11.58,0.0,49,56742,卖盘
228,09:57:01,11.58,0.0,1,1158,卖盘
229,09:57:10,11.57,-0.01,1,1157,卖盘
230,09:57:13,11.57,0.0,2,2314,卖盘
231,09:57:15,11.57,0.0,11,12727,卖盘
232,09:57:25,11.59,0.02,8,9272,买盘
233,09:57:31,11.59,0.0,49,56791,卖盘
234,09:57:34,11.59,0.0,7,8113,卖盘
235,09:57:37,11.59,0.0,32,37088,卖盘
236,09:57:40,11.57,-0.02,5,5793,卖盘
237,09:57:49,11.57,0.0,8,9256,卖盘
238,09:58:01,11.57,0.0,10,11576,卖盘
239,09:58:24,11.58,0.01,50,57900,卖盘
240,09:58:40,11.57,-0.01,2,2314,卖盘
241,09:58:43,11.57,0.0,1,1157,卖盘
242,09:58:52,11.58,0.01,50,57900,买盘
243,09:59:13,11.57,-0.01,1,1157,卖盘
244,09:59:16,11.58,0.01,2,2316,买盘
245,09:59:19,11.58,0.0,48,55584,卖盘
246,09:59:28,11.57,-0.01,51,58323,卖盘
247,09:59:34,11.58,0.01,9,11112,买盘
248,09:59:52,11.58,0.0,1,463,买盘
249,10:00:00,11.57,-0.01,1,1157,卖盘
250,10:00:04,11.57,0.0,1,1157,卖盘
251,10:00:22,11.58,0.01,100,115800,买盘
252,10:01:12,11.57,-0.01,10,11570,卖盘
253,10:01:31,11.57,0.0,3,3471,卖盘
254,10:01:34,11.57,0.0,4,4628,卖盘
255,10:02:04,11.57,0.0,4,4628,买盘
256,10:02:19,11.57,0.0,10,11570,买盘
257,10:02:28,11.56,-0.01,50,57800,卖盘
258,10:02:33,11.56,0.0,29,33524,卖盘
259,10:02:37,11.57,0.01,20,23138,买盘
260,10:02:58,11.55,-0.02,26,30030,卖盘
261,10:03:04,11.55,0.0,2,2310,卖盘
262,10:03:12,11.55,0.0,5,5775,卖盘
263,10:03:16,11.57,0.02,2,2314,买盘
264,10:03:21,11.55,-0.02,2,2310,卖盘
265,10:03:25,11.57,0.02,1,1157,买盘
266,10:03:46,11.55,-0.02,2,2310,卖盘
267,10:03:58,11.55,0.0,39,45045,卖盘
268,10:04:01,11.55,0.0,9,10395,买盘
269,10:04:04,11.55,0.0,6,6930,买盘
270,10:04:10,11.55,0.0,12,13860,卖盘
271,10:04:15,11.53,-0.02,88,101551,卖盘
272,10:04:28,11.52,-0.01,3,3456,卖盘
273,10:04:36,11.53,0.01,74,85313,买盘
274,10:04:40,11.53,0.0,1,1153,买盘
275,10:04:43,11.52,-0.01,6,6914,卖盘
276,10:04:46,11.53,0.01,2,2306,卖盘
277,10:04:48,11.53,0.0,2,2306,卖盘
278,10:04:51,11.53,0.0,4,4612,卖盘
279,10:04:54,11.53,0.0,5,5765,卖盘
280,10:04:58,11.52,-0.01,23,26513,卖盘
281,10:05:04,11.52,0.0,6,6912,卖盘
282,10:05:10,11.53,0.01,10,11530,买盘
283,10:05:12,11.52,-0.01,4,4608,卖盘
284,10:05:16,11.52,0.0,2,2304,卖盘
285,10:05:22,11.54,0.02,13,14995,买盘
286,10:05:24,11.52,-0.02,32,36916,卖盘
287,10:05:46,11.53,0.01,2,2306,卖盘
288,10:06:00,11.54,0.01,4,4615,买盘
289,10:06:04,11.54,0.0,3,3462,卖盘
290,10:06:07,11.54,0.0,1,1154,卖盘
291,10:06:10,11.53,-0.01,44,50746,卖盘
292,10:06:15,11.55,0.02,6,6926,买盘
293,10:06:25,11.56,0.01,2,2312,买盘
294,10:06:28,11.58,0.02,34,39357,买盘
295,10:06:37,11.58,0.0,5,5790,买盘
296,10:06:40,11.58,0.0,5,5790,买盘
297,10:06:42,11.57,-0.01,2,2314,卖盘
298,10:06:52,11.56,-0.01,9,10404,卖盘
299,10:06:55,11.56,0.0,6,6936,卖盘
300,10:07:06,11.55,-0.01,8,9240,卖盘
301,10:07:22,11.55,0.0,2,2310,卖盘
302,10:07:36,11.55,0.0,29,33499,卖盘
303,10:07:51,11.55,0.0,7,8085,卖盘
304,10:08:01,11.56,0.01,5,5780,买盘
305,10:08:04,11.56,0.0,2,2312,卖盘
306,10:08:21,11.55,-0.01,4,4621,卖盘
307,10:08:24,11.55,0.0,5,5775,卖盘
308,10:08:31,11.55,0.0,12,13860,卖盘
309,10:08:43,11.54,-0.01,7,8078,卖盘
310,10:08:49,11.54,0.0,4,4618,卖盘
311,10:09:04,11.54,0.0,2,2308,卖盘
312,10:09:06,11.52,-0.02,68,78386,卖盘
313,10:09:21,11.51,-0.01,4,4606,卖盘
314,10:09:27,11.52,0.01,7,8064,买盘
315,10:09:45,11.51,-0.01,16,18416,卖盘
316,10:09:51,11.51,0.0,6,6906,卖盘
317,10:10:01,11.51,0.0,36,41436,卖盘
318,10:10:07,11.5,-0.01,15,17250,卖盘
319,10:10:13,11.5,0.0,2,2300,卖盘
320,10:10:15,11.51,0.01,2,2302,买盘
321,10:10:18,11.51,0.0,4,4604,买盘
322,10:10:25,11.5,-0.01,114,131100,卖盘
323,10:10:31,11.5,0.0,5,5750,买盘
324,10:10:40,11.48,-0.02,2,2296,卖盘
325,10:10:43,11.48,0.0,13,14924,卖盘
326,10:10:49,11.45,-0.03,136,155749,卖盘
327,10:11:01,11.42,-0.03,6,6852,卖盘
328,10:11:07,11.46,0.04,222,253392,买盘
329,10:11:10,11.45,-0.01,4,5496,卖盘
330,10:11:12,11.45,0.0,20,22900,卖盘
331,10:11:19,11.45,0.0,10,11450,卖盘
332,10:11:22,11.45,0.0,19,21755,卖盘
333,10:11:25,11.45,0.0,8,9160,卖盘
334,10:11:33,11.45,0.0,5,5729,卖盘
335,10:11:36,11.46,0.01,7,8022,买盘
336,10:11:40,11.48,0.02,20,22960,买盘
337,10:11:49,11.48,0.0,3,3444,买盘
338,10:12:01,11.48,0.0,4,4592,卖盘
339,10:12:09,11.52,0.04,82,94346,买盘
340,10:12:46,11.52,0.0,3,3456,卖盘
341,10:13:04,11.52,0.0,1,1152,卖盘
342,10:13:13,11.52,0.0,20,23040,卖盘
343,10:13:16,11.52,0.0,24,27648,卖盘
344,10:13:45,11.54,0.02,1,1154,买盘
345,10:13:48,11.54,0.0,1,1154,买盘
346,10:13:52,11.54,0.0,11,12694,中性盘
347,10:13:55,11.55,0.01,1,1155,买盘
348,10:13:58,11.55,0.0,1,1155,买盘
349,10:14:01,11.55,0.0,1,1155,买盘
350,10:14:04,11.55,0.0,1,1155,买盘
351,10:14:45,11.55,0.0,2,2310,买盘
352,10:15:16,11.55,0.0,10,11550,买盘
353,10:15:18,11.55,0.0,50,57705,买盘
354,10:15:28,11.55,0.0,29,33495,买盘
355,10:15:31,11.56,0.01,1,1156,买盘
356,10:15:34,11.56,0.0,1,1156,买盘
357,10:15:36,11.56,0.0,1,1156,买盘
358,10:15:39,11.56,0.0,1,1156,买盘
359,10:15:43,11.56,0.0,1,1156,买盘
360,10:15:46,11.56,0.0,1,1156,买盘
361,10:15:49,11.56,0.0,11,12716,买盘
362,10:15:52,11.56,0.0,1,1156,买盘
363,10:15:54,11.56,0.0,1,1156,买盘
364,10:15:57,11.56,0.0,1,1156,买盘
365,10:16:01,11.56,0.0,1,1156,买盘
366,10:16:04,11.56,0.0,1,1156,买盘
367,10:16:06,11.56,0.0,1,1156,买盘
368,10:16:09,11.56,0.0,1,1156,买盘
369,10:16:12,11.56,0.0,1,1156,买盘
370,10:16:16,11.56,0.0,1,1156,买盘
371,10:16:18,11.56,0.0,1,1156,买盘
372,10:16:22,11.56,0.0,1,1156,买盘
373,10:16:24,11.56,0.0,2,2312,买盘
374,10:16:28,11.58,0.02,6,6948,买盘
375,10:16:30,11.59,0.01,5,5791,买盘
376,10:16:34,11.59,0.0,10,11590,买盘
377,10:16:37,11.59,0.0,6,6954,买盘
378,10:16:40,11.59,0.0,5,5795,买盘
379,10:16:42,11.59,0.0,6,6954,买盘
380,10:16:46,11.59,0.0,8,9272,买盘
381,10:16:49,11.59,0.0,4,4636,买盘
382,10:16:52,11.59,0.0,3,3477,买盘
383,10:16:58,11.59,0.0,13,15067,买盘
384,10:17:04,11.59,0.0,2,2318,卖盘
385,10:17:39,11.59,0.0,4,4636,卖盘
386,10:17:55,11.6,0.01,2,2320,买盘
387,10:18:04,11.6,0.0,2,2320,卖盘
388,10:19:01,11.66,0.06,27,31376,买盘
389,10:19:04,11.66,0.0,2,2332,卖盘
390,10:19:34,11.59,-0.07,20,23180,卖盘
391,10:20:04,11.59,0.0,1,1159,卖盘
392,10:21:04,11.59,0.0,2,2318,卖盘
393,10:21:40,11.64,0.05,2,2328,买盘
394,10:22:22,11.62,-0.02,4,4646,买盘
395,10:22:34,11.61,-0.01,1,1161,卖盘
396,10:22:37,11.62,0.01,20,23240,买盘
397,10:22:49,11.62,0.0,7,8134,买盘
398,10:22:55,11.62,0.0,71,82502,买盘
399,10:22:58,11.61,-0.01,5,5805,卖盘
400,10:23:27,11.6,-0.01,1,1160,买盘
401,10:23:49,11.61,0.01,2,2322,买盘
402,10:23:57,11.62,0.01,13,15099,买盘
403,10:24:04,11.61,-0.01,10,11610,卖盘
404,10:24:07,11.62,0.01,9,10456,买盘
405,10:24:24,11.62,0.0,2,2324,卖盘
406,10:24:28,11.62,0.0,5,5810,买盘
407,10:24:49,11.62,0.0,13,15106,买盘
408,10:24:57,11.62,0.0,5,5810,卖盘
409,10:25:04,11.62,0.0,2,2324,卖盘
410,10:25:07,11.62,0.0,1,1162,卖盘
411,10:25:13,11.63,0.01,30,34890,买盘
412,10:25:15,11.63,0.0,3,3489,买盘
413,10:25:46,11.63,0.0,1,1163,买盘
414,10:25:48,11.63,0.0,26,30238,买盘
415,10:26:07,11.63,0.0,10,11630,买盘
416,10:26:16,11.63,0.0,4,4652,买盘
417,10:27:00,11.62,-0.01,1,1162,卖盘
418,10:27:04,11.62,0.0,2,2324,卖盘
419,10:27:24,11.63,0.01,6,6978,买盘
420,10:27:30,11.63,0.0,5,5815,买盘
421,10:27:45,11.63,0.0,20,23260,买盘
422,10:29:04,11.62,-0.01,1,1162,卖盘
423,10:29:24,11.62,0.0,18,20916,卖盘
424,10:29:31,11.6,-0.02,40,46400,卖盘
425,10:29:33,11.6,0.0,5,5800,卖盘
426,10:29:43,11.59,-0.01,3,3477,卖盘
427,10:29:52,11.59,0.0,7,8113,卖盘
428,10:30:00,11.58,-0.01,12,13896,卖盘
429,10:30:06,11.56,-0.02,12,13872,卖盘
430,10:30:09,11.56,0.0,5,5780,卖盘
431,10:30:13,11.56,0.0,31,35836,买盘
432,10:30:21,11.56,0.0,7,8092,买盘
433,10:30:28,11.55,-0.01,4,4620,卖盘
434,10:30:37,11.55,0.0,3,3465,卖盘
435,10:30:51,11.55,0.0,32,36960,卖盘
436,10:30:54,11.57,0.02,1,1157,买盘
437,10:31:40,11.55,-0.02,1,1155,卖盘
438,10:31:46,11.55,0.0,40,46200,卖盘
439,10:31:51,11.55,0.0,8,9240,卖盘
440,10:31:57,11.54,-0.01,8,9232,卖盘
441,10:32:04,11.54,0.0,14,16156,卖盘
442,10:32:16,11.54,0.0,2,2308,卖盘
443,10:32:24,11.53,-0.01,7,8071,卖盘
444,10:32:45,11.53,0.0,16,18448,卖盘
445,10:32:52,11.53,0.0,9,10377,买盘
446,10:33:04,11.56,0.03,3,3465,买盘
447,10:33:16,11.56,0.0,38,43928,中性盘
448,10:34:28,11.57,0.01,3,3471,买盘
449,10:34:39,11.57,0.0,8,9256,买盘
450,10:34:55,11.57,0.0,1,1157,卖盘
451,10:35:01,11.58,0.01,16,18528,买盘
452,10:35:04,11.59,0.01,1,1159,买盘
453,10:35:07,11.59,0.0,3,3475,买盘
454,10:35:10,11.59,0.0,1,1159,买盘
455,10:35:13,11.59,0.0,1,1159,买盘
456,10:35:15,11.59,0.0,2,2318,买盘
457,10:35:22,11.6,0.01,1,1160,中性盘
458,10:35:43,11.61,0.01,1,1161,买盘
459,10:35:46,11.61,0.0,1,1161,买盘
460,10:35:49,11.61,0.0,2,2322,买盘
461,10:35:51,11.61,0.0,1,1161,买盘
462,10:35:54,11.61,0.0,5,5805,买盘
463,10:35:57,11.62,0.01,8,9294,买盘
464,10:36:00,11.62,0.0,1,1162,买盘
465,10:36:25,11.66,0.04,30,34912,买盘
466,10:36:33,11.62,-0.04,8,9296,买盘
467,10:37:04,11.62,0.0,2,2324,卖盘
468,10:38:04,11.62,0.0,2,2324,卖盘
469,10:38:40,11.66,0.04,10,11659,买盘
470,10:38:48,11.65,-0.01,1,1165,买盘
471,10:39:04,11.65,0.0,2,2330,卖盘
472,10:39:12,11.66,0.01,2,2332,买盘
473,10:39:42,11.65,-0.01,31,36138,卖盘
474,10:40:01,11.65,0.0,6,6990,买盘
475,10:40:04,11.63,-0.02,7,8141,卖盘
476,10:40:06,11.65,0.02,3,3495,买盘
477,10:40:13,11.65,0.0,14,16310,卖盘
478,10:40:25,11.63,-0.02,3,3489,卖盘
479,10:40:28,11.65,0.02,3,3495,买盘
480,10:40:54,11.63,-0.02,2,2326,卖盘
481,10:41:04,11.63,0.0,26,30238,卖盘
482,10:41:24,11.63,0.0,3,3489,卖盘
483,10:41:28,11.63,0.0,9,10467,卖盘
484,10:41:55,11.62,-0.01,2,2324,卖盘
485,10:42:04,11.63,0.01,38,44192,买盘
486,10:42:37,11.63,0.0,24,27912,卖盘
487,10:42:43,11.63,0.0,3,3489,卖盘
488,10:42:58,11.63,0.0,16,18611,卖盘
489,10:43:04,11.63,0.0,11,12793,卖盘
490,10:43:12,11.62,-0.01,2,2324,卖盘
491,10:43:19,11.62,0.0,50,58100,卖盘
492,10:43:28,11.62,0.0,8,9296,卖盘
493,10:43:30,11.61,-0.01,2,2322,卖盘
494,10:43:39,11.61,0.0,18,20898,卖盘
495,10:43:46,11.58,-0.03,3,3474,卖盘
496,10:44:04,11.58,0.0,2,2316,卖盘
497,10:44:12,11.58,0.0,2,2316,卖盘
498,10:44:15,11.61,0.03,10,11610,买盘
499,10:44:37,11.58,-0.03,1,1158,卖盘
500,10:44:43,11.58,0.0,3,3474,卖盘
501,10:44:58,11.58,0.0,14,16212,卖盘
502,10:45:04,11.58,0.0,2,2316,卖盘
503,10:45:13,11.57,-0.01,3,3472,卖盘
504,10:45:42,11.57,0.0,2,2314,卖盘
505,10:46:00,11.57,0.0,1,1157,卖盘
506,10:46:04,11.57,0.0,3,3471,卖盘
507,10:46:13,11.56,-0.01,2,2313,卖盘
508,10:46:16,11.56,0.0,3,3468,卖盘
509,10:46:46,11.56,0.0,3,3468,卖盘
510,10:46:49,11.56,0.0,1,1156,卖盘
511,10:47:04,11.56,0.0,2,2312,卖盘
512,10:47:13,11.56,0.0,5,5780,卖盘
513,10:47:24,11.58,0.02,4,4630,买盘
514,10:47:30,11.57,-0.01,5,5785,中性盘
515,10:47:37,11.58,0.01,11,12737,买盘
516,10:47:43,11.56,-0.02,2,2312,卖盘
517,10:47:57,11.62,0.06,115,133594,买盘
518,10:48:49,11.62,0.0,10,11620,买盘
519,10:52:10,11.61,-0.01,1,1161,买盘
520,10:52:54,11.62,0.01,10,11619,买盘
521,10:53:01,11.6,-0.02,6,6961,卖盘
522,10:53:04,11.6,0.0,1,1160,卖盘
523,10:53:19,11.62,0.02,1,1162,买盘
524,10:53:58,11.6,-0.02,7,8120,卖盘
525,10:54:04,11.6,0.0,2,2320,卖盘
526,10:54:51,11.61,0.01,1,1161,中性盘
527,10:55:00,11.62,0.01,18,20916,买盘
528,10:55:04,11.62,0.0,2,2324,中性盘
529,10:55:12,11.63,0.01,12,13956,买盘
530,10:55:55,11.64,0.01,5,5820,买盘
531,10:56:07,11.65,0.01,30,34940,买盘
532,10:56:28,11.66,0.01,13,15158,买盘
533,10:56:34,11.66,0.0,10,11660,买盘
534,10:56:51,11.66,0.0,25,29150,买盘
535,10:57:04,11.66,0.0,2,2332,卖盘
536,10:57:15,11.67,0.01,2,2334,买盘
537,10:57:31,11.66,-0.01,6,6996,卖盘
538,10:57:37,11.66,0.0,7,8162,买盘
539,10:57:43,11.66,0.0,2,2332,买盘
540,10:57:54,11.65,-0.01,22,25630,卖盘
541,10:58:13,11.65,0.0,30,34950,买盘
542,10:58:18,11.66,0.01,30,34980,买盘
543,10:58:37,11.67,0.01,4,4668,买盘
544,10:59:01,11.67,0.0,4,4668,买盘
545,10:59:04,11.66,-0.01,2,2332,卖盘
546,10:59:06,11.66,0.0,10,11660,卖盘
547,10:59:16,11.66,0.0,8,9328,卖盘
548,10:59:31,11.66,0.0,30,34980,买盘
549,10:59:34,11.66,0.0,9,10494,卖盘
550,10:59:49,11.67,0.01,16,18672,买盘
551,11:00:01,11.66,-0.01,2,2332,买盘
552,11:00:07,11.66,0.0,14,16324,买盘
553,11:00:43,11.68,0.02,3,3504,买盘
554,11:00:52,11.68,0.0,4,4672,卖盘
555,11:01:01,11.68,0.0,2,2336,卖盘
556,11:01:13,11.68,0.0,1,1168,卖盘
557,11:01:46,11.68,0.0,4,4672,买盘
558,11:02:01,11.67,-0.01,2,2334,卖盘
559,11:02:04,11.67,0.0,2,2334,买盘
560,11:02:07,11.66,-0.01,20,23320,卖盘
561,11:02:30,11.66,0.0,6,6996,买盘
562,11:02:34,11.66,0.0,4,4664,卖盘
563,11:03:00,11.66,0.0,6,6996,卖盘
564,11:03:39,11.65,-0.01,10,11650,卖盘
565,11:03:52,11.64,-0.01,7,8148,卖盘
566,11:03:55,11.64,0.0,2,2328,卖盘
567,11:04:03,11.64,0.0,5,5820,卖盘
568,11:05:16,11.65,0.01,10,11650,买盘
569,11:05:28,11.65,0.0,25,29125,买盘
570,11:05:43,11.65,0.0,1,1165,买盘
571,11:06:16,11.66,0.01,8,9328,买盘
572,11:06:21,11.68,0.02,33,38528,买盘
573,11:08:04,11.68,0.0,19,22191,买盘
574,11:08:22,11.66,-0.02,2,2332,卖盘
575,11:08:43,11.65,-0.01,47,54755,卖盘
576,11:08:54,11.64,-0.01,1,1164,卖盘
577,11:08:57,11.64,0.0,2,2328,卖盘
578,11:09:01,11.64,0.0,11,12804,卖盘
579,11:09:16,11.64,0.0,11,12804,买盘
580,11:09:22,11.64,0.0,8,9312,卖盘
581,11:09:34,11.64,0.0,10,11640,卖盘
582,11:09:49,11.64,0.0,1,1164,卖盘
583,11:11:54,11.64,0.0,1,1164,卖盘
584,11:13:13,11.65,0.01,35,40774,买盘
585,11:13:15,11.7,0.05,172,201030,买盘
586,11:13:51,11.82,0.12,21,24744,买盘
587,11:13:54,11.82,0.0,13,15366,卖盘
588,11:13:58,11.82,0.0,20,23640,卖盘
589,11:14:00,11.82,0.0,87,102834,卖盘
590,11:14:03,11.85,0.03,10,11843,买盘
591,11:14:39,11.81,-0.04,13,15353,买盘
592,11:15:18,11.82,0.01,51,60189,买盘
593,11:15:28,11.82,0.0,3,3546,买盘
594,11:15:40,11.81,-0.01,5,5905,买盘
595,11:15:51,11.8,-0.01,8,9440,买盘
596,11:16:49,11.79,-0.01,1,1179,买盘
597,11:16:51,11.71,-0.08,2,2342,卖盘
598,11:17:07,11.67,-0.04,11,12837,买盘
599,11:17:12,11.7,0.03,1,1170,买盘
600,11:17:36,11.79,0.09,9,10547,买盘
601,11:17:55,11.7,-0.09,2,2340,卖盘
602,11:18:04,11.71,0.01,15,17565,买盘
603,11:18:10,11.78,0.07,1,1178,买盘
604,11:19:36,11.71,-0.07,12,14052,卖盘
605,11:21:49,11.7,-0.01,1,1170,买盘
606,11:22:06,11.7,0.0,5,5850,卖盘
607,11:22:40,11.71,0.01,1,1171,买盘
608,11:24:22,11.71,0.0,8,9365,买盘
609,11:24:28,11.71,0.0,6,7026,买盘
610,11:24:42,11.71,0.0,10,11710,买盘
611,11:24:51,11.7,-0.01,17,19890,卖盘
612,11:25:24,11.7,0.0,6,7020,卖盘
613,11:25:28,11.7,0.0,12,14040,买盘
614,11:25:39,11.71,0.01,3,3513,买盘
615,11:25:55,11.68,-0.03,15,17520,卖盘
616,11:26:48,11.68,0.0,1,1168,卖盘
617,11:27:00,11.77,0.09,11,12947,买盘
618,11:28:39,11.75,-0.02,3,3525,买盘
619,11:29:54,11.74,-0.01,1,1174,买盘
620,11:30:01,11.75,0.01,21,24675,买盘
621,13:00:04,11.76,0.01,15,17640,买盘
622,13:00:06,11.75,-0.01,2,2350,卖盘
623,13:00:10,11.75,0.0,1,1175,卖盘
624,13:00:12,11.75,0.0,58,68150,卖盘
625,13:00:15,11.75,0.0,5,5875,卖盘
626,13:00:19,11.75,0.0,5,5875,卖盘
627,13:00:24,11.75,0.0,4,4700,卖盘
628,13:00:45,11.75,0.0,2,2350,卖盘
629,13:00:48,11.75,0.0,1,1175,卖盘
630,13:00:51,11.75,0.0,1,1175,卖盘
631,13:00:54,11.75,0.0,13,15275,卖盘
632,13:00:57,11.75,0.0,1,1175,卖盘
633,13:01:00,11.75,0.0,1,1175,卖盘
634,13:01:03,11.75,0.0,1,1175,卖盘
635,13:01:07,11.75,0.0,1,1175,卖盘
636,13:01:09,11.75,0.0,1,1175,卖盘
637,13:01:13,11.75,0.0,1,1175,卖盘
638,13:01:16,11.75,0.0,1,1175,卖盘
639,13:01:18,11.75,0.0,1,1175,卖盘
640,13:01:54,11.75,0.0,6,7050,卖盘
641,13:03:31,11.75,0.0,8,9400,卖盘
642,13:04:00,11.69,-0.06,2,2338,卖盘
643,13:04:18,11.69,0.0,4,4676,卖盘
644,13:05:19,11.7,0.01,1,1170,卖盘
645,13:06:36,11.7,0.0,9,10530,卖盘
646,13:06:43,11.69,-0.01,1,1169,卖盘
647,13:07:45,11.69,0.0,1,1169,卖盘
648,13:08:27,11.68,-0.01,5,5840,卖盘
649,13:08:33,11.7,0.02,9,10530,买盘
650,13:08:48,11.68,-0.02,5,5840,卖盘
651,13:10:10,11.68,0.0,7,8176,卖盘
652,13:10:13,11.68,0.0,1,1168,卖盘
653,13:10:48,11.66,-0.02,19,22154,卖盘
654,13:10:54,11.66,0.0,1,1166,卖盘
655,13:11:07,11.65,-0.01,16,18640,卖盘
656,13:11:36,11.65,0.0,10,11650,买盘
657,13:11:54,11.65,0.0,34,39610,买盘
658,13:12:01,11.64,-0.01,2,2328,卖盘
659,13:12:10,11.65,0.01,6,6990,卖盘
660,13:12:12,11.64,-0.01,68,79166,卖盘
661,13:12:22,11.64,0.0,15,17460,买盘
662,13:12:27,11.64,0.0,37,43068,买盘
663,13:12:33,11.63,-0.01,5,5815,卖盘
664,13:13:42,11.63,0.0,3,3489,卖盘
665,13:14:00,11.63,0.0,2,2326,卖盘
666,13:14:15,11.63,0.0,3,3489,卖盘
667,13:14:18,11.63,0.0,4,4652,卖盘
668,13:14:21,11.63,0.0,3,3489,买盘
669,13:14:42,11.63,0.0,8,9304,买盘
670,13:15:10,11.64,0.01,6,6984,买盘
671,13:15:55,11.66,0.02,13,15158,买盘
672,13:16:22,11.63,-0.03,5,5815,卖盘
673,13:16:37,11.68,0.05,14,16351,买盘
674,13:16:58,11.68,0.0,13,15184,买盘
675,13:17:07,11.69,0.01,7,8183,买盘
676,13:17:57,11.7,0.01,25,29250,买盘
677,13:19:04,11.7,0.0,10,11700,卖盘
678,13:19:10,11.7,0.0,38,44460,卖盘
679,13:19:13,11.68,-0.02,27,31536,卖盘
680,13:19:33,11.67,-0.01,1,1167,买盘
681,13:19:51,11.67,0.0,1,1167,卖盘
682,13:20:07,11.66,-0.01,7,8162,卖盘
683,13:20:37,11.66,0.0,2,2332,卖盘
684,13:21:01,11.65,-0.01,2,2331,卖盘
685,13:21:06,11.65,0.0,1,1165,卖盘
686,13:21:37,11.65,0.0,2,2330,卖盘
687,13:21:51,11.65,0.0,2,2330,卖盘
688,13:21:58,11.64,-0.01,5,5821,卖盘
689,13:22:04,11.68,0.04,8,9344,买盘
690,13:22:25,11.68,0.0,2,2336,买盘
691,13:23:21,11.68,0.0,2,2336,买盘
692,13:23:52,11.68,0.0,3,3504,买盘
693,13:24:06,11.7,0.02,10,11700,买盘
694,13:24:42,11.7,0.0,3,3510,买盘
695,13:24:51,11.7,0.0,4,4680,买盘
696,13:25:07,11.7,0.0,7,8190,买盘
697,13:26:06,11.69,-0.01,7,8177,买盘
698,13:26:16,11.69,0.0,2,2338,卖盘
699,13:27:04,11.69,0.0,2,2338,买盘
700,13:27:13,11.69,0.0,3,3507,卖盘
701,13:27:36,11.69,0.0,1,1169,卖盘
702,13:27:49,11.69,0.0,9,10521,买盘
703,13:27:52,11.68,-0.01,6,7009,卖盘
704,13:28:15,11.7,0.02,1,1170,买盘
705,13:29:48,11.68,-0.02,1,1168,卖盘
706,13:30:10,11.7,0.02,6,7019,买盘
707,13:30:27,11.7,0.0,16,18720,买盘
708,13:33:48,11.69,-0.01,10,11690,卖盘
709,13:34:01,11.69,0.0,10,11690,卖盘
710,13:34:04,11.69,0.0,25,29225,卖盘
711,13:34:27,11.68,-0.01,5,5840,卖盘
712,13:34:49,11.68,0.0,1,1168,卖盘
713,13:34:52,11.68,0.0,14,16352,卖盘
714,13:35:04,11.66,-0.02,3,3498,卖盘
715,13:35:43,11.67,0.01,1,1167,买盘
716,13:35:55,11.67,0.0,2,2334,卖盘
717,13:37:01,11.68,0.01,5,5840,买盘
718,13:37:09,11.67,-0.01,10,11670,卖盘
719,13:37:30,11.67,0.0,3,3501,卖盘
720,13:37:33,11.68,0.01,4,4670,买盘
721,13:37:39,11.68,0.0,1,1168,卖盘
722,13:38:52,11.67,-0.01,1,1167,卖盘
723,13:39:15,11.68,0.01,10,11680,买盘
724,13:39:25,11.69,0.01,27,31563,买盘
725,13:39:27,11.69,0.0,1,1169,卖盘
726,13:39:36,11.7,0.01,30,35100,买盘
727,13:39:39,11.69,-0.01,20,23380,卖盘
728,13:39:42,11.7,0.01,30,35100,买盘
729,13:39:55,11.7,0.0,30,35100,买盘
730,13:40:27,11.7,0.0,9,10530,买盘
731,13:40:31,11.7,0.0,10,11700,买盘
732,13:41:25,11.7,0.0,7,8190,买盘
733,13:43:31,11.69,-0.01,7,8183,卖盘
734,13:43:37,11.7,0.01,1,1170,买盘
735,13:43:48,11.7,0.0,4,4680,买盘
736,13:43:57,11.69,-0.01,10,11690,卖盘
737,13:44:19,11.68,-0.01,4,4672,卖盘
738,13:44:24,11.68,0.0,8,9344,卖盘
739,13:44:34,11.66,-0.02,1,1166,卖盘
740,13:46:42,11.69,0.03,13,15195,买盘
741,13:47:04,11.69,0.0,4,4676,买盘
742,13:49:12,11.66,-0.03,8,9328,卖盘
743,13:49:18,11.67,0.01,1,1167,买盘
744,13:50:55,11.67,0.0,1,1167,中性盘
745,13:51:21,11.67,0.0,1,1167,卖盘
746,13:51:31,11.67,0.0,5,5835,卖盘
747,13:52:21,11.67,0.0,3,3501,卖盘
748,13:53:12,11.67,0.0,8,9336,买盘
749,13:53:45,11.68,0.01,13,15178,买盘
750,13:53:58,11.66,-0.02,1,1166,卖盘
751,13:55:18,11.68,0.02,34,39712,买盘
752,13:55:22,11.66,-0.02,30,34991,卖盘
753,13:57:09,11.67,0.01,2,2334,买盘
754,13:57:18,11.66,-0.01,12,13992,卖盘
755,13:58:16,11.66,0.0,5,5830,买盘
756,13:58:18,11.66,0.0,28,32648,买盘
757,13:58:25,11.66,0.0,3,3498,买盘
758,13:58:28,11.66,0.0,4,4664,买盘
759,13:59:24,11.67,0.01,2,2334,买盘
760,13:59:37,11.66,-0.01,9,10494,卖盘
761,14:00:52,11.66,0.0,2,2332,卖盘
762,14:00:58,11.66,0.0,1,1166,买盘
763,14:01:24,11.67,0.01,4,4668,买盘
764,14:02:00,11.66,-0.01,5,5830,买盘
765,14:02:43,11.66,0.0,45,52470,卖盘
766,14:02:55,11.63,-0.03,191,222354,卖盘
767,14:03:04,11.63,0.0,2,2326,卖盘
768,14:03:06,11.63,0.0,1,1163,卖盘
769,14:03:13,11.63,0.0,2,2326,中性盘
770,14:03:22,11.64,0.01,2,2328,买盘
771,14:04:13,11.64,0.0,13,15132,卖盘
772,14:04:21,11.64,0.0,1,1164,卖盘
773,14:04:30,11.63,-0.01,9,10467,卖盘
774,14:04:51,11.62,-0.01,34,39531,卖盘
775,14:04:57,11.62,0.0,6,6972,卖盘
776,14:05:00,11.63,0.01,16,18605,买盘
777,14:05:07,11.62,-0.01,2,2324,卖盘
778,14:05:12,11.62,0.0,8,9296,卖盘
779,14:06:18,11.62,0.0,3,3486,卖盘
780,14:06:31,11.62,0.0,6,6972,买盘
781,14:06:36,11.62,0.0,17,19754,卖盘
782,14:07:40,11.61,-0.01,10,11610,卖盘
783,14:07:43,11.62,0.01,10,11620,买盘
784,14:08:01,11.62,0.0,12,13944,买盘
785,14:08:21,11.62,0.0,3,3486,买盘
786,14:08:36,11.62,0.0,6,6972,买盘
787,14:08:46,11.62,0.0,20,23240,买盘
788,14:08:52,11.61,-0.01,15,17415,卖盘
789,14:09:09,11.6,-0.01,1,1160,卖盘
790,14:09:12,11.61,0.01,2,2322,买盘
791,14:09:52,11.61,0.0,7,8127,买盘
792,14:10:10,11.61,0.0,3,3483,买盘
793,14:10:13,11.6,-0.01,15,17400,卖盘
794,14:10:31,11.6,0.0,10,11600,卖盘
795,14:11:31,11.6,0.0,1,1160,卖盘
796,14:12:04,11.6,0.0,5,5800,卖盘
797,14:12:06,11.6,0.0,39,45240,卖盘
798,14:12:16,11.6,0.0,4,4640,卖盘
799,14:12:19,11.59,-0.01,10,11590,卖盘
800,14:12:39,11.58,-0.01,6,6948,卖盘
801,14:12:52,11.58,0.0,4,4632,卖盘
802,14:12:58,11.58,0.0,10,11580,卖盘
803,14:13:09,11.59,0.01,8,9272,买盘
804,14:13:42,11.57,-0.02,4,4628,卖盘
805,14:14:19,11.58,0.01,7,8106,买盘
806,14:14:37,11.59,0.01,5,5795,买盘
807,14:14:49,11.59,0.0,10,11590,买盘
808,14:15:01,11.58,-0.01,2,2316,卖盘
809,14:15:04,11.59,0.01,6,6954,买盘
810,14:15:09,11.58,-0.01,20,23161,卖盘
811,14:15:19,11.59,0.01,52,60268,卖盘
812,14:15:22,11.58,-0.01,20,23160,买盘
813,14:15:52,11.57,-0.01,9,10413,卖盘
814,14:15:57,11.58,0.01,20,23160,买盘
815,14:16:04,11.58,0.0,45,52110,买盘
816,14:16:36,11.58,0.0,11,12738,卖盘
817,14:17:57,11.58,0.0,19,22002,卖盘
818,14:18:51,11.58,0.0,1,1158,卖盘
819,14:19:12,11.6,0.02,20,23199,买盘
820,14:19:19,11.58,-0.02,2,2316,卖盘
821,14:19:52,11.59,0.01,1,1159,卖盘
822,14:20:24,11.59,0.0,5,5795,卖盘
823,14:20:30,11.6,0.01,15,17400,买盘
824,14:20:57,11.59,-0.01,18,20872,卖盘
825,14:21:01,11.59,0.0,6,6954,卖盘
826,14:21:27,11.59,0.0,11,12749,买盘
827,14:21:30,11.59,0.0,5,5795,买盘
828,14:21:40,11.6,0.01,20,23200,买盘
829,14:23:13,11.6,0.0,22,25520,买盘
830,14:23:25,11.6,0.0,1,1160,卖盘
831,14:24:52,11.6,0.0,18,20880,卖盘
832,14:25:10,11.6,0.0,4,4640,卖盘
833,14:25:19,11.6,0.0,7,8120,卖盘
834,14:25:37,11.59,-0.01,4,4636,卖盘
835,14:25:42,11.59,0.0,10,11590,卖盘
836,14:27:19,11.6,0.01,1,696,卖盘
837,14:27:28,11.6,0.0,1,1160,卖盘
838,14:28:00,11.6,0.0,5,6264,卖盘
839,14:29:06,11.59,-0.01,19,21557,卖盘
840,14:29:40,11.59,0.0,1,1159,卖盘
841,14:29:58,11.61,0.02,13,15082,买盘
842,14:30:54,11.59,-0.02,11,12749,卖盘
843,14:31:43,11.59,0.0,4,5100,卖盘
844,14:31:55,11.59,0.0,10,11590,买盘
845,14:32:04,11.59,0.0,1,695,卖盘
846,14:32:25,11.6,0.01,2,2320,买盘
847,14:32:37,11.59,-0.01,15,17385,卖盘
848,14:32:42,11.59,0.0,12,13908,卖盘
849,14:33:57,11.59,0.0,10,11590,卖盘
850,14:35:13,11.59,0.0,20,23644,卖盘
851,14:35:31,11.59,0.0,11,12749,买盘
852,14:35:51,11.58,-0.01,48,55584,卖盘
853,14:36:16,11.58,0.0,42,48636,卖盘
854,14:36:30,11.59,0.01,1,1159,买盘
855,14:36:43,11.6,0.01,6,6960,买盘
856,14:37:16,11.58,-0.02,58,67207,卖盘
857,14:37:30,11.58,0.0,10,11580,卖盘
858,14:37:58,11.58,0.0,1,1158,卖盘
859,14:38:04,11.6,0.02,8,9280,买盘
860,14:38:46,11.6,0.0,1,1160,卖盘
861,14:39:19,11.61,0.01,8,9288,买盘
862,14:39:40,11.62,0.01,7,8131,买盘
863,14:39:57,11.6,-0.02,11,12760,卖盘
864,14:40:06,11.63,0.03,11,12787,买盘
865,14:41:09,11.62,-0.01,1,1162,买盘
866,14:41:22,11.62,0.0,5,5810,卖盘
867,14:41:40,11.62,0.0,1,1162,卖盘
868,14:42:04,11.63,0.01,5,5815,买盘
869,14:42:07,11.63,0.0,2,2326,买盘
870,14:42:13,11.62,-0.01,13,15106,卖盘
871,14:42:33,11.62,0.0,5,5810,买盘
872,14:43:16,11.6,-0.02,13,15080,卖盘
873,14:43:18,11.59,-0.01,1,1159,卖盘
874,14:44:07,11.59,0.0,14,16226,卖盘
875,14:44:19,11.58,-0.01,7,8106,卖盘
876,14:44:27,11.59,0.01,3,3477,买盘
877,14:44:34,11.59,0.0,9,10431,买盘
878,14:44:36,11.59,0.0,2,2318,卖盘
879,14:44:58,11.6,0.01,1,1160,中性盘
880,14:45:04,11.61,0.01,10,11610,买盘
881,14:45:16,11.62,0.01,6,6972,买盘
882,14:45:48,11.61,-0.01,6,6966,卖盘
883,14:46:04,11.67,0.06,12,13986,买盘
884,14:46:46,11.67,0.0,3,3501,买盘
885,14:46:57,11.62,-0.05,5,5810,卖盘
886,14:48:00,11.66,0.04,1,1166,买盘
887,14:48:03,11.66,0.0,19,22154,买盘
888,14:48:19,11.66,0.0,1,1166,卖盘
889,14:49:19,11.65,-0.01,3,3495,卖盘
890,14:49:28,11.63,-0.02,58,67454,卖盘
891,14:49:31,11.63,0.0,13,15116,卖盘
892,14:49:49,11.65,0.02,10,11650,买盘
893,14:50:15,11.65,0.0,10,11650,买盘
894,14:50:19,11.65,0.0,5,5825,卖盘
895,14:50:25,11.66,0.01,44,51304,买盘
896,14:50:31,11.67,0.01,1,1167,买盘
897,14:50:45,11.66,-0.01,31,36173,卖盘
898,14:50:54,11.66,0.0,13,15161,卖盘
899,14:50:58,11.65,-0.01,2,2330,卖盘
900,14:51:13,11.65,0.0,20,23300,卖盘
901,14:51:18,11.65,0.0,1,1165,卖盘
902,14:51:28,11.64,-0.01,1,1164,卖盘
903,14:51:40,11.63,-0.01,15,17454,卖盘
904,14:52:07,11.63,0.0,40,46520,卖盘
905,14:52:13,11.63,0.0,14,16282,卖盘
906,14:52:21,11.63,0.0,10,11630,买盘
907,14:52:27,11.62,-0.01,2,2324,卖盘
908,14:52:31,11.63,0.01,1,1163,买盘
909,14:52:51,11.63,0.0,83,96529,卖盘
910,14:53:07,11.64,0.01,1,1164,卖盘
911,14:53:19,11.64,0.0,21,24444,买盘
912,14:53:24,11.64,0.0,26,30264,买盘
913,14:53:33,11.64,0.0,10,11640,买盘
914,14:53:36,11.64,0.0,30,34920,买盘
915,14:54:10,11.64,0.0,4,4656,卖盘
916,14:54:13,11.65,0.01,30,34950,买盘
917,14:54:57,11.65,0.0,3,3495,买盘
918,14:55:15,11.66,0.01,36,41960,买盘
919,14:55:18,11.66,0.0,10,11659,买盘
920,14:55:31,11.65,-0.01,34,39610,卖盘
921,14:55:48,11.67,0.02,22,25674,买盘
922,14:55:58,11.65,-0.02,5,5825,卖盘
923,14:56:07,11.65,0.0,1,1165,买盘
924,14:56:16,11.64,-0.01,53,61469,卖盘
925,14:56:21,11.64,0.0,30,34920,卖盘
926,14:56:37,11.65,0.01,118,137470,买盘
927,14:56:40,11.65,0.0,2,2330,卖盘
928,15:00:04,11.65,0.0,464,540560,卖盘
