,time,price,change,volume,amount,type
0,09:25:04,7.5,0.14,399,299250,卖盘
1,09:30:01,7.5,0.0,4,3000,买盘
2,09:30:04,7.53,0.03,306,230839,买盘
3,09:30:06,7.56,0.03,36,27191,买盘
4,09:30:10,7.57,0.01,45,33987,买盘
5,09:30:12,7.51,-0.06,50,37550,卖盘
6,09:30:16,7.51,0.0,139,104897,卖盘
7,09:30:19,7.51,0.0,4,3004,买盘
8,09:30:22,7.53,0.02,5,3771,卖盘
9,09:30:25,7.53,0.0,31,23363,卖盘
10,09:30:27,7.53,0.0,6,4518,卖盘
11,09:30:30,7.55,0.02,32,24160,买盘
12,09:30:37,7.58,0.03,295,223539,买盘
13,09:30:40,7.57,-0.01,40,30280,卖盘
14,09:30:43,7.59,0.02,53,40184,买盘
15,09:30:46,7.59,0.0,31,23529,买盘
16,09:30:49,7.59,0.0,54,40986,买盘
17,09:30:52,7.58,-0.01,69,52302,卖盘
18,09:30:54,7.59,0.01,171,129779,买盘
19,09:30:58,7.59,0.0,100,75851,买盘
20,09:31:01,7.59,0.0,5,3795,卖盘
21,09:31:04,7.6,0.01,7,5320,买盘
22,09:31:06,7.58,-0.02,99,75090,卖盘
23,09:31:10,7.6,0.02,19,14438,买盘
24,09:31:13,7.59,-0.01,3,2277,卖盘
25,09:31:15,7.58,-0.01,481,365019,卖盘
26,09:31:18,7.57,-0.01,10,7570,卖盘
27,09:31:22,7.58,0.01,107,81020,买盘
28,09:31:25,7.56,-0.02,42,31716,中性盘
29,09:31:28,7.56,0.0,195,147420,买盘
30,09:31:31,7.53,-0.03,31,23343,卖盘
31,09:31:33,7.54,0.01,29,21900,卖盘
32,09:31:37,7.56,0.02,22,16608,买盘
33,09:31:40,7.53,-0.03,14,10553,卖盘
34,09:31:43,7.55,0.02,6,4520,买盘
35,09:31:45,7.54,-0.01,19,14326,买盘
36,09:31:49,7.53,-0.01,4,3012,卖盘
37,09:31:52,7.54,0.01,4,3016,买盘
38,09:31:55,7.53,-0.01,35,26360,卖盘
39,09:31:58,7.53,0.0,309,232764,卖盘
40,09:32:04,7.54,0.01,19,14326,买盘
41,09:32:07,7.53,-0.01,10,7530,卖盘
42,09:32:09,7.54,0.01,20,15080,买盘
43,09:32:12,7.54,0.0,4,3016,买盘
44,09:32:16,7.54,0.0,127,95698,买盘
45,09:32:19,7.54,0.0,12,9048,买盘
46,09:32:22,7.54,0.0,20,15065,买盘
47,09:32:25,7.54,0.0,36,27144,买盘
48,09:32:27,7.55,0.01,107,80732,买盘
49,09:32:30,7.55,0.0,92,69410,买盘
50,09:32:33,7.55,0.0,31,23405,中性盘
51,09:32:37,7.56,0.01,38,28714,买盘
52,09:32:40,7.55,-0.01,79,59645,卖盘
53,09:32:43,7.55,0.0,30,22650,买盘
54,09:32:46,7.55,0.0,14,10578,卖盘
55,09:32:49,7.55,0.0,14,10576,卖盘
56,09:32:55,7.56,0.01,53,40068,卖盘
57,09:32:58,7.53,-0.03,120,90538,卖盘
58,09:33:01,7.57,0.04,12,9084,买盘
59,09:33:07,7.56,-0.01,81,61312,卖盘
60,09:33:13,7.55,-0.01,9,6795,买盘
61,09:33:16,7.55,0.0,15,11325,卖盘
62,09:33:19,7.55,0.0,3,2265,卖盘
63,09:33:21,7.55,0.0,5,3775,卖盘
64,09:33:24,7.55,0.0,66,49835,卖盘
65,09:33:28,7.55,0.0,27,20385,卖盘
66,09:33:31,7.56,0.01,37,27972,买盘
67,09:33:34,7.56,0.0,28,21168,买盘
68,09:33:37,7.56,0.0,53,40038,买盘
69,09:33:40,7.55,-0.01,87,65690,卖盘
70,09:33:42,7.55,0.0,14,10562,买盘
71,09:33:45,7.55,0.0,20,15100,买盘
72,09:33:49,7.53,-0.02,59,44445,卖盘
73,09:33:51,7.53,0.0,2,1506,卖盘
74,09:33:55,7.53,0.0,5,3765,卖盘
75,09:34:04,7.53,0.0,9,6777,卖盘
76,09:34:09,7.53,0.0,42,31670,卖盘
77,09:34:18,7.53,0.0,26,19578,卖盘
78,09:34:22,7.53,0.0,6,4518,买盘
79,09:34:25,7.53,0.0,35,26355,买盘
80,09:34:37,7.54,0.01,10,7540,卖盘
81,09:34:40,7.54,0.0,6,4524,卖盘
82,09:34:54,7.54,0.0,25,18850,买盘
83,09:34:57,7.53,-0.01,14,10542,卖盘
84,09:35:01,7.54,0.01,26,19604,买盘
85,09:35:04,7.54,0.0,15,11307,买盘
86,09:35:13,7.54,0.0,20,15080,买盘
87,09:35:22,7.54,0.0,46,34684,买盘
88,09:35:25,7.54,0.0,11,8294,卖盘
89,09:35:33,7.54,0.0,83,62582,买盘
90,09:35:43,7.54,0.0,17,12818,卖盘
91,09:35:58,7.54,0.0,72,54238,买盘
92,09:36:19,7.52,-0.02,9,6772,卖盘
93,09:36:22,7.53,0.01,34,25602,买盘
94,09:36:28,7.52,-0.01,30,22560,卖盘
95,09:36:34,7.51,-0.01,56,42056,卖盘
96,09:36:37,7.51,0.0,12,9012,买盘
97,09:36:40,7.5,-0.01,130,97500,卖盘
98,09:36:45,7.5,0.0,5,3750,买盘
99,09:36:51,7.47,-0.03,1,747,卖盘
100,09:36:55,7.47,0.0,28,20916,卖盘
101,09:36:58,7.47,0.0,31,23157,卖盘
102,09:37:04,7.48,0.01,6,4488,中性盘
103,09:37:06,7.47,-0.01,27,20193,卖盘
104,09:37:13,7.47,0.0,9,6723,卖盘
105,09:37:16,7.48,0.01,13,9724,中性盘
106,09:37:19,7.47,-0.01,135,100850,卖盘
107,09:37:22,7.47,0.0,7,5229,卖盘
108,09:37:28,7.48,0.01,93,69564,卖盘
109,09:37:31,7.47,-0.01,314,234867,卖盘
110,09:37:40,7.5,0.03,19,14250,卖盘
111,09:37:49,7.51,0.01,7,5257,买盘
112,09:37:51,7.5,-0.01,16,12000,卖盘
113,09:38:03,7.5,0.0,10,7500,卖盘
114,09:38:07,7.51,0.01,33,24783,买盘
115,09:38:13,7.5,-0.01,32,24000,卖盘
116,09:38:16,7.48,-0.02,3,2244,卖盘
117,09:38:21,7.48,0.0,57,42658,卖盘
118,09:38:27,7.5,0.02,31,23250,卖盘
119,09:38:34,7.5,0.0,3,2250,卖盘
120,09:38:37,7.5,0.0,1,750,卖盘
121,09:38:43,7.5,0.0,12,9000,买盘
122,09:38:52,7.5,0.0,1,750,卖盘
123,09:38:55,7.51,0.01,11,8261,买盘
124,09:39:04,7.5,-0.01,30,22500,卖盘
125,09:39:06,7.5,0.0,11,8251,卖盘
126,09:39:09,7.51,0.01,16,12013,买盘
127,09:39:12,7.51,0.0,33,24783,卖盘
128,09:39:15,7.51,0.0,2,1502,卖盘
129,09:39:22,7.51,0.0,5,3755,卖盘
130,09:39:24,7.51,0.0,41,30791,卖盘
131,09:39:27,7.51,0.0,10,7510,卖盘
132,09:39:30,7.51,0.0,11,8261,卖盘
133,09:39:36,7.51,0.0,1,751,买盘
134,09:39:54,7.51,0.0,15,11260,买盘
135,09:40:01,7.5,-0.01,30,22500,卖盘
136,09:40:16,7.49,-0.01,15,11235,卖盘
137,09:40:28,7.49,0.0,5,3745,卖盘
138,09:40:34,7.5,0.01,12,9000,买盘
139,09:40:37,7.5,0.0,20,15000,买盘
140,09:40:43,7.5,0.0,2,1500,买盘
141,09:40:46,7.5,0.0,1,750,买盘
142,09:40:58,7.5,0.0,18,13500,买盘
143,09:41:01,7.49,-0.01,43,32207,卖盘
144,09:41:04,7.5,0.01,8,5988,买盘
145,09:41:10,7.49,-0.01,38,28462,卖盘
146,09:41:22,7.5,0.01,1,750,买盘
147,09:41:28,7.5,0.0,8,6000,买盘
148,09:41:37,7.49,-0.01,11,8239,卖盘
149,09:41:40,7.48,-0.01,55,41149,卖盘
150,09:41:49,7.48,0.0,70,52360,卖盘
151,09:42:12,7.49,0.01,1,749,买盘
152,09:42:16,7.49,0.0,149,111591,买盘
153,09:42:19,7.49,0.0,45,33745,卖盘
154,09:42:22,7.5,0.01,132,99000,买盘
155,09:42:33,7.5,0.0,1,750,买盘
156,09:42:36,7.5,0.0,70,52500,买盘
157,09:42:43,7.5,0.0,99,74250,买盘
158,09:42:46,7.5,0.0,8,6000,买盘
159,09:42:51,7.5,0.0,30,22498,买盘
160,09:42:58,7.49,-0.01,11,8239,卖盘
161,09:43:01,7.5,0.01,22,16488,买盘
162,09:43:06,7.48,-0.02,67,50116,卖盘
163,09:43:10,7.5,0.02,47,35231,买盘
164,09:43:16,7.5,0.0,52,39000,卖盘
165,09:43:19,7.5,0.0,15,11250,卖盘
166,09:43:22,7.48,-0.02,42,31482,卖盘
167,09:43:34,7.5,0.02,28,21000,买盘
168,09:43:42,7.5,0.0,7,5250,卖盘
169,09:43:49,7.51,0.01,69,51819,买盘
170,09:43:52,7.5,-0.01,14,10500,卖盘
171,09:43:58,7.5,0.0,15,11250,卖盘
172,09:44:09,7.49,-0.01,15,11235,卖盘
173,09:44:34,7.49,0.0,51,38199,卖盘
174,09:44:36,7.48,-0.01,15,11220,卖盘
175,09:44:58,7.48,0.0,10,7480,卖盘
176,09:45:28,7.48,0.0,1,748,卖盘
177,09:45:34,7.48,0.0,1,748,卖盘
178,09:45:43,7.48,0.0,14,10472,卖盘
179,09:45:55,7.48,0.0,2,1496,卖盘
180,09:46:00,7.48,0.0,86,64328,卖盘
181,09:46:22,7.48,0.0,20,14960,买盘
182,09:46:34,7.47,-0.01,22,16434,卖盘
183,09:47:04,7.48,0.01,11,8228,买盘
184,09:47:07,7.47,-0.01,105,78502,卖盘
185,09:47:09,7.47,0.0,5,3735,卖盘
186,09:47:16,7.47,0.0,24,17928,卖盘
187,09:47:34,7.47,0.0,37,27639,买盘
188,09:47:37,7.46,-0.01,41,30586,卖盘
189,09:47:43,7.47,0.01,20,14940,买盘
190,09:47:49,7.46,-0.01,6,4476,卖盘
191,09:47:55,7.46,0.0,3,2238,卖盘
192,09:48:13,7.46,0.0,3,2238,卖盘
193,09:48:52,7.46,0.0,18,13428,卖盘
194,09:49:13,7.46,0.0,30,22380,卖盘
195,09:49:16,7.46,0.0,4,2984,卖盘
196,09:49:25,7.46,0.0,2,1492,买盘
197,09:49:28,7.46,0.0,124,92388,买盘
198,09:49:31,7.46,0.0,11,8206,卖盘
199,09:49:34,7.44,-0.02,2,1488,卖盘
200,09:49:36,7.45,0.01,53,39437,中性盘
201,09:49:55,7.44,-0.01,7,5208,卖盘
202,09:50:00,7.44,0.0,58,43152,卖盘
203,09:50:07,7.43,-0.01,3,2229,卖盘
204,09:50:10,7.43,0.0,18,13374,卖盘
205,09:50:22,7.4,-0.03,59,43696,卖盘
206,09:50:30,7.4,0.0,16,11840,卖盘
207,09:50:34,7.4,0.0,7,5180,卖盘
208,09:50:46,7.4,0.0,1,740,买盘
209,09:50:49,7.4,0.0,1,740,买盘
210,09:50:52,7.4,0.0,34,25160,买盘
211,09:50:55,7.41,0.01,46,34086,买盘
212,09:50:58,7.43,0.02,13,9659,买盘
213,09:51:04,7.41,-0.02,2,1482,卖盘
214,09:51:28,7.43,0.02,1,743,买盘
215,09:51:42,7.43,0.0,50,37150,卖盘
216,09:52:10,7.43,0.0,9,6687,卖盘
217,09:52:55,7.43,0.0,5,3715,买盘
218,09:53:06,7.43,0.0,2,1486,买盘
219,09:53:15,7.42,-0.01,35,26012,卖盘
220,09:53:19,7.44,0.02,85,63236,买盘
221,09:53:27,7.44,0.0,14,10416,买盘
222,09:53:43,7.45,0.01,2,1490,买盘
223,09:54:00,7.47,0.02,6,4481,买盘
224,09:54:19,7.48,0.01,35,26180,买盘
225,09:54:21,7.48,0.0,31,23188,买盘
226,09:54:25,7.47,-0.01,4,2988,卖盘
227,09:55:04,7.47,0.0,56,41832,买盘
228,09:56:04,7.47,0.0,10,7470,买盘
229,09:56:10,7.47,0.0,11,8217,买盘
230,09:56:22,7.46,-0.01,8,5968,卖盘
231,09:56:40,7.46,0.0,17,12682,卖盘
232,09:56:46,7.46,0.0,11,8206,买盘
233,09:57:12,7.45,-0.01,37,27565,卖盘
234,09:57:15,7.45,0.0,5,3725,卖盘
235,09:57:25,7.44,-0.01,15,11167,卖盘
236,09:57:46,7.44,0.0,3,2232,卖盘
237,09:58:06,7.44,0.0,19,14136,卖盘
238,09:58:19,7.44,0.0,1,744,卖盘
239,09:58:51,7.46,0.02,10,7460,买盘
240,09:59:22,7.45,-0.01,32,23840,卖盘
241,09:59:25,7.45,0.0,28,20860,卖盘
242,09:59:31,7.43,-0.02,50,37179,卖盘
243,09:59:34,7.45,0.02,1,745,买盘
244,09:59:37,7.45,0.0,21,15645,买盘
245,09:59:46,7.45,0.0,2,1490,卖盘
246,09:59:52,7.46,0.01,21,15666,买盘
247,10:00:01,7.45,-0.01,27,20115,卖盘
248,10:00:25,7.44,-0.01,3,2232,卖盘
249,10:00:27,7.44,0.0,102,75888,卖盘
250,10:00:34,7.44,0.0,10,7440,买盘
251,10:00:40,7.43,-0.01,29,21547,卖盘
252,10:00:46,7.43,0.0,11,8173,买盘
253,10:01:22,7.44,0.01,12,8928,买盘
254,10:01:25,7.44,0.0,136,101184,买盘
255,10:01:45,7.44,0.0,10,7440,买盘
256,10:01:58,7.44,0.0,2,1488,买盘
257,10:02:07,7.46,0.02,3,2238,买盘
258,10:02:24,7.46,0.0,9,6714,买盘
259,10:02:48,7.46,0.0,3,2238,卖盘
260,10:02:57,7.47,0.01,8,5976,买盘
261,10:03:04,7.47,0.0,3,2241,买盘
262,10:03:25,7.46,-0.01,19,14174,卖盘
263,10:03:46,7.46,0.0,5,3730,买盘
264,10:03:48,7.44,-0.02,78,58032,卖盘
265,10:03:54,7.44,0.0,39,29016,买盘
266,10:04:00,7.43,-0.01,3,2229,卖盘
267,10:04:04,7.44,0.01,72,53568,买盘
268,10:04:07,7.44,0.0,1,744,买盘
269,10:04:10,7.44,0.0,1,744,买盘
270,10:04:22,7.44,0.0,17,12636,买盘
271,10:04:31,7.44,0.0,87,64728,买盘
272,10:04:39,7.43,-0.01,1,743,卖盘
273,10:04:48,7.44,0.01,34,25272,买盘
274,10:05:06,7.43,-0.01,22,16346,卖盘
275,10:05:33,7.44,0.01,10,7440,买盘
276,10:05:37,7.44,0.0,2,1488,买盘
277,10:05:40,7.43,-0.01,5,3715,卖盘
278,10:06:52,7.43,0.0,45,33435,卖盘
279,10:07:07,7.44,0.01,7,5208,买盘
280,10:07:24,7.44,0.0,17,12658,卖盘
281,10:07:43,7.44,0.0,1,744,买盘
282,10:08:16,7.43,-0.01,1,743,卖盘
283,10:08:49,7.43,0.0,7,5201,卖盘
284,10:09:00,7.44,0.01,10,7440,买盘
285,10:09:22,7.44,0.0,10,7440,买盘
286,10:09:45,7.42,-0.02,26,19315,卖盘
287,10:10:25,7.42,0.0,11,8162,卖盘
288,10:10:55,7.43,0.01,20,14860,卖盘
289,10:11:04,7.42,-0.01,48,35616,卖盘
290,10:11:13,7.42,0.0,3,2226,卖盘
291,10:11:16,7.41,-0.01,67,49668,卖盘
292,10:11:43,7.38,-0.03,414,306150,卖盘
293,10:11:52,7.38,0.0,1,738,买盘
294,10:11:55,7.38,0.0,4,2952,买盘
295,10:11:57,7.38,0.0,3,2214,买盘
296,10:12:00,7.38,0.0,4,2952,买盘
297,10:12:04,7.37,-0.01,30,22110,卖盘
298,10:12:10,7.36,-0.01,100,73662,卖盘
299,10:12:25,7.38,0.02,29,21394,买盘
300,10:12:40,7.38,0.0,94,69372,买盘
301,10:13:22,7.42,0.04,7,5194,买盘
302,10:14:04,7.43,0.01,10,7430,买盘
303,10:14:07,7.43,0.0,30,22290,买盘
304,10:14:43,7.43,0.0,5,3715,买盘
305,10:15:25,7.43,0.0,10,7430,买盘
306,10:15:46,7.41,-0.02,22,16302,卖盘
307,10:16:28,7.41,0.0,15,11115,卖盘
308,10:17:37,7.41,0.0,1,741,卖盘
309,10:18:43,7.41,0.0,8,5928,买盘
310,10:19:04,7.41,0.0,41,30381,买盘
311,10:19:25,7.4,-0.01,10,7400,卖盘
312,10:19:40,7.42,0.02,1,742,买盘
313,10:19:55,7.42,0.0,10,7420,买盘
314,10:21:22,7.42,0.0,7,5194,买盘
315,10:22:22,7.42,0.0,34,25228,买盘
316,10:22:27,7.41,-0.01,16,11856,卖盘
317,10:24:09,7.41,0.0,9,6669,卖盘
318,10:24:12,7.41,0.0,1,741,卖盘
319,10:24:22,7.41,0.0,5,3705,卖盘
320,10:24:34,7.41,0.0,10,7410,卖盘
321,10:24:45,7.41,0.0,10,7410,卖盘
322,10:24:58,7.41,0.0,23,17043,卖盘
323,10:25:34,7.41,0.0,22,16300,买盘
324,10:26:13,7.42,0.01,468,347224,买盘
325,10:26:28,7.43,0.01,1,743,买盘
326,10:26:58,7.43,0.0,8,5944,买盘
327,10:27:39,7.44,0.01,10,7440,买盘
328,10:28:07,7.44,0.0,16,11904,买盘
329,10:28:19,7.45,0.01,2,1490,买盘
330,10:28:39,7.45,0.0,1,745,买盘
331,10:28:57,7.45,0.0,1,745,买盘
332,10:29:36,7.47,0.02,321,239444,买盘
333,10:29:39,7.47,0.0,8,5976,卖盘
334,10:29:43,7.47,0.0,1,747,卖盘
335,10:29:55,7.48,0.01,10,7480,买盘
336,10:30:10,7.48,0.0,19,14212,买盘
337,10:30:16,7.47,-0.01,10,7470,卖盘
338,10:30:33,7.44,-0.03,7,5208,卖盘
339,10:31:27,7.44,0.0,9,6696,卖盘
340,10:31:54,7.46,0.02,10,7460,买盘
341,10:32:31,7.44,-0.02,39,29016,卖盘
342,10:32:34,7.44,0.0,1,744,买盘
343,10:32:40,7.44,0.0,4,2976,买盘
344,10:33:04,7.46,0.02,31,23126,买盘
345,10:33:07,7.46,0.0,23,17158,买盘
346,10:33:40,7.44,-0.02,47,34968,买盘
347,10:33:52,7.46,0.02,1,746,买盘
348,10:33:57,7.44,-0.02,23,17112,卖盘
349,10:34:19,7.44,0.0,19,14136,卖盘
350,10:34:27,7.44,0.0,10,7440,卖盘
351,10:34:58,7.44,0.0,30,22320,卖盘
352,10:35:00,7.44,0.0,8,5952,卖盘
353,10:35:30,7.44,0.0,24,17856,买盘
354,10:35:39,7.43,-0.01,17,12631,卖盘
355,10:35:49,7.44,0.01,23,17112,买盘
356,10:35:55,7.44,0.0,2,1488,买盘
357,10:36:16,7.44,0.0,29,21576,买盘
358,10:37:07,7.45,0.01,16,11920,买盘
359,10:37:21,7.45,0.0,4,2980,买盘
360,10:38:28,7.45,0.0,11,8195,卖盘
361,10:39:43,7.45,0.0,8,5960,卖盘
362,10:40:01,7.45,0.0,12,8940,卖盘
363,10:40:10,7.45,0.0,3,2235,买盘
364,10:40:25,7.45,0.0,6,4470,卖盘
365,10:40:37,7.45,0.0,10,7450,买盘
366,10:40:52,7.45,0.0,10,7450,买盘
367,10:41:06,7.44,-0.01,5,3720,卖盘
368,10:41:13,7.45,0.01,19,14155,买盘
369,10:41:19,7.45,0.0,1,745,卖盘
370,10:41:49,7.44,-0.01,50,37209,卖盘
371,10:43:13,7.44,0.0,33,24552,卖盘
372,10:43:40,7.43,-0.01,128,95109,卖盘
373,10:45:22,7.43,0.0,5,3715,买盘
374,10:46:07,7.42,-0.01,10,7420,卖盘
375,10:47:04,7.42,0.0,4,2968,买盘
376,10:47:28,7.42,0.0,2,1484,卖盘
377,10:47:52,7.41,-0.01,27,20007,卖盘
378,10:49:04,7.42,0.01,1,742,买盘
379,10:49:10,7.42,0.0,9,6678,买盘
380,10:49:34,7.43,0.01,25,18575,买盘
381,10:50:16,7.43,0.0,32,23776,买盘
382,10:51:12,7.45,0.02,8,5960,买盘
383,10:52:22,7.45,0.0,22,16390,卖盘
384,10:53:33,7.45,0.0,9,6705,卖盘
385,10:54:31,7.45,0.0,8,5960,卖盘
386,10:55:06,7.42,-0.03,21,15582,卖盘
387,10:55:24,7.42,0.0,1,742,买盘
388,10:56:18,7.42,0.0,5,3711,卖盘
389,10:59:10,7.42,0.0,1,742,卖盘
390,11:00:40,7.42,0.0,1,742,买盘
391,11:01:36,7.42,0.0,4,2968,买盘
392,11:01:49,7.43,0.01,5,3715,买盘
393,11:02:19,7.44,0.01,3,2232,买盘
394,11:03:09,7.45,0.01,4,2980,买盘
395,11:03:13,7.43,-0.02,35,26007,卖盘
396,11:07:09,7.44,0.01,2,1488,卖盘
397,11:08:00,7.44,0.0,6,4464,卖盘
398,11:09:13,7.44,0.0,3,2232,买盘
399,11:10:49,7.44,0.0,6,4464,买盘
400,11:11:39,7.45,0.01,35,26075,买盘
401,11:12:10,7.45,0.0,3,2235,买盘
402,11:12:18,7.45,0.0,40,29800,买盘
403,11:12:39,7.46,0.01,2,1492,买盘
404,11:13:22,7.46,0.0,2,1492,买盘
405,11:13:42,7.46,0.0,8,5968,买盘
406,11:13:55,7.45,-0.01,5,3725,卖盘
407,11:14:19,7.44,-0.01,92,68448,卖盘
408,11:14:57,7.43,-0.01,8,5944,卖盘
409,11:15:13,7.44,0.01,37,27514,买盘
410,11:15:55,7.45,0.01,10,7450,买盘
411,11:16:30,7.45,0.0,19,14155,卖盘
412,11:16:57,7.46,0.01,1,746,买盘
413,11:17:06,7.45,-0.01,5,3725,卖盘
414,11:18:01,7.45,0.0,10,7450,卖盘
415,11:18:21,7.45,0.0,1,745,卖盘
416,11:18:27,7.45,0.0,4,2980,卖盘
417,11:18:30,7.45,0.0,10,7450,卖盘
418,11:18:49,7.45,0.0,28,20860,卖盘
419,11:20:04,7.45,0.0,4,2980,买盘
420,11:23:22,7.44,-0.01,5,3720,卖盘
421,11:24:48,7.44,0.0,5,3720,卖盘
422,11:25:00,7.44,0.0,27,20088,卖盘
423,11:25:48,7.44,0.0,1,744,买盘
424,11:25:51,7.43,-0.01,5,3716,卖盘
425,11:26:24,7.43,0.0,14,10402,卖盘
426,11:27:51,7.41,-0.02,2,1484,卖盘
427,11:28:15,7.42,0.01,1,742,卖盘
428,11:29:06,7.42,0.0,3,2226,卖盘
429,11:29:15,7.43,0.01,30,22290,买盘
430,11:29:30,7.45,0.02,7,5215,买盘
431,13:00:04,7.44,-0.01,1,744,买盘
432,13:01:09,7.44,0.0,11,8184,卖盘
433,13:03:15,7.46,0.02,67,49956,买盘
434,13:04:57,7.46,0.0,2,1492,买盘
435,13:07:18,7.44,-0.02,20,14880,卖盘
436,13:07:27,7.44,0.0,71,52824,卖盘
437,13:07:48,7.46,0.02,40,29820,买盘
438,13:08:54,7.46,0.0,7,5222,买盘
439,13:09:52,7.46,0.0,42,31332,买盘
440,13:10:04,7.46,0.0,7,5222,卖盘
441,13:10:15,7.47,0.01,117,87399,买盘
442,13:10:33,7.47,0.0,10,7470,买盘
443,13:10:57,7.47,0.0,42,31374,买盘
444,13:11:09,7.47,0.0,1,747,买盘
445,13:16:25,7.44,-0.03,1,744,卖盘
446,13:18:00,7.46,0.02,2,1492,买盘
447,13:20:31,7.44,-0.02,4,2976,卖盘
448,13:21:33,7.44,0.0,11,8184,卖盘
449,13:23:04,7.45,0.01,2,1490,买盘
450,13:23:24,7.44,-0.01,5,3722,卖盘
451,13:24:24,7.44,0.0,42,31248,卖盘
452,13:25:06,7.46,0.02,16,11906,买盘
453,13:28:58,7.45,-0.01,2,1490,买盘
454,13:29:13,7.45,0.0,44,32780,卖盘
455,13:29:22,7.46,0.01,16,11936,买盘
456,13:30:01,7.45,-0.01,4,2980,卖盘
457,13:30:19,7.45,0.0,4,2980,买盘
458,13:32:24,7.46,0.01,25,18650,买盘
459,13:32:27,7.45,-0.01,6,4470,卖盘
460,13:35:04,7.44,-0.01,100,74400,卖盘
461,13:35:39,7.43,-0.01,3,2229,卖盘
462,13:37:04,7.43,0.0,6,4458,卖盘
463,13:37:18,7.43,0.0,2,1486,卖盘
464,13:38:06,7.43,0.0,2,1486,卖盘
465,13:38:39,7.43,0.0,2,1486,卖盘
466,13:38:48,7.43,0.0,296,220300,卖盘
467,13:39:09,7.43,0.0,4,2972,卖盘
468,13:39:16,7.43,0.0,8,5944,卖盘
469,13:39:45,7.43,0.0,6,4458,卖盘
470,13:39:54,7.43,0.0,8,5944,卖盘
471,13:40:04,7.43,0.0,2,1114,卖盘
472,13:40:16,7.42,-0.01,8,5936,卖盘
473,13:42:36,7.43,0.01,6,4458,买盘
474,13:43:00,7.42,-0.01,45,33390,卖盘
475,13:43:09,7.42,0.0,2,1484,卖盘
476,13:43:42,7.42,0.0,1,742,卖盘
477,13:43:49,7.43,0.01,15,11145,买盘
478,13:44:12,7.41,-0.02,4,2967,卖盘
479,13:44:40,7.41,0.0,6,4446,卖盘
480,13:45:12,7.42,0.01,7,5194,买盘
481,13:45:16,7.42,0.0,8,5936,卖盘
482,13:45:30,7.43,0.01,5,3715,买盘
483,13:46:25,7.42,-0.01,17,12614,卖盘
484,13:47:22,7.41,-0.01,7,5187,卖盘
485,13:48:06,7.41,0.0,14,10374,卖盘
486,13:48:10,7.41,0.0,2,1482,卖盘
487,13:48:33,7.41,0.0,1,741,卖盘
488,13:48:42,7.41,0.0,1,741,卖盘
489,13:49:12,7.41,0.0,4,2964,卖盘
490,13:49:18,7.41,0.0,22,16302,卖盘
491,13:49:33,7.41,0.0,50,37050,卖盘
492,13:49:42,7.41,0.0,6,4446,卖盘
493,13:49:48,7.41,0.0,6,4446,卖盘
494,13:50:12,7.41,0.0,8,5928,卖盘
495,13:50:21,7.41,0.0,15,11115,卖盘
496,13:50:30,7.41,0.0,5,3705,买盘
497,13:50:52,7.41,0.0,62,45942,卖盘
498,13:52:40,7.42,0.01,21,15572,买盘
499,13:53:12,7.41,-0.01,2,1482,卖盘
500,13:53:40,7.41,0.0,6,4446,卖盘
501,13:53:42,7.41,0.0,1,741,卖盘
502,13:54:10,7.41,0.0,3,2223,卖盘
503,13:54:12,7.41,0.0,12,8892,卖盘
504,13:54:37,7.41,0.0,6,4446,卖盘
505,13:55:10,7.41,0.0,12,8892,卖盘
506,13:55:12,7.41,0.0,8,5928,卖盘
507,13:55:51,7.41,0.0,35,25935,卖盘
508,13:56:27,7.41,0.0,5,3705,卖盘
509,13:56:30,7.41,0.0,76,56316,卖盘
510,13:57:36,7.41,0.0,25,18525,买盘
511,13:58:13,7.4,-0.01,2,1480,卖盘
512,13:58:43,7.4,0.0,1,740,卖盘
513,13:59:12,7.4,0.0,3,2220,卖盘
514,13:59:27,7.4,0.0,180,133200,卖盘
515,13:59:42,7.4,0.0,6,4440,卖盘
516,13:59:58,7.4,0.0,7,5180,卖盘
517,14:00:12,7.4,0.0,7,5180,卖盘
518,14:00:55,7.4,0.0,50,37000,卖盘
519,14:01:22,7.4,0.0,3,2220,卖盘
520,14:02:01,7.4,0.0,200,148000,卖盘
521,14:02:10,7.4,0.0,24,17760,卖盘
522,14:02:31,7.39,-0.01,50,36950,卖盘
523,14:02:46,7.39,0.0,18,13302,卖盘
524,14:02:49,7.38,-0.01,50,36900,卖盘
525,14:03:16,7.38,0.0,11,8487,卖盘
526,14:03:34,7.38,0.0,54,39483,卖盘
527,14:04:00,7.37,-0.01,7,5159,卖盘
528,14:04:16,7.37,0.0,34,25058,卖盘
529,14:04:19,7.37,0.0,80,58990,卖盘
530,14:04:28,7.37,0.0,49,36113,卖盘
531,14:05:12,7.37,0.0,32,23559,买盘
532,14:05:25,7.37,0.0,10,7370,买盘
533,14:05:28,7.37,0.0,9,6633,买盘
534,14:05:52,7.38,0.01,6,4428,买盘
535,14:05:55,7.38,0.0,10,7380,买盘
536,14:05:57,7.38,0.0,20,14760,买盘
537,14:06:00,7.38,0.0,2,1476,买盘
538,14:06:04,7.38,0.0,3,2214,买盘
539,14:06:22,7.38,0.0,5,4059,买盘
540,14:07:00,7.39,0.01,10,7390,买盘
541,14:07:03,7.39,0.0,16,11824,买盘
542,14:07:06,7.39,0.0,6,4434,买盘
543,14:07:16,7.41,0.02,100,74070,买盘
544,14:08:13,7.41,0.0,18,13338,买盘
545,14:09:43,7.41,0.0,10,7410,卖盘
546,14:10:13,7.42,0.01,25,18550,买盘
547,14:10:51,7.42,0.0,10,7420,买盘
548,14:11:15,7.41,-0.01,6,4446,卖盘
549,14:11:49,7.41,0.0,1,741,卖盘
550,14:12:22,7.42,0.01,26,19292,买盘
551,14:12:34,7.42,0.0,14,10388,买盘
552,14:13:10,7.42,0.0,7,5194,买盘
553,14:14:30,7.42,0.0,1,742,买盘
554,14:14:42,7.42,0.0,6,4452,买盘
555,14:16:19,7.42,0.0,10,7420,买盘
556,14:16:31,7.41,-0.01,29,21489,卖盘
557,14:17:58,7.41,0.0,12,8892,卖盘
558,14:18:21,7.41,0.0,42,31122,卖盘
559,14:18:31,7.42,0.01,4,2968,买盘
560,14:18:46,7.41,-0.01,43,31863,卖盘
561,14:18:54,7.42,0.01,10,7420,买盘
562,14:19:37,7.42,0.0,10,7420,买盘
563,14:19:51,7.42,0.0,10,7411,买盘
564,14:20:13,7.42,0.0,17,12614,买盘
565,14:21:01,7.4,-0.02,40,29636,卖盘
566,14:22:19,7.42,0.02,9,6678,买盘
567,14:22:46,7.42,0.0,10,7420,买盘
568,14:23:22,7.42,0.0,39,28938,买盘
569,14:23:58,7.42,0.0,10,7420,买盘
570,14:24:06,7.42,0.0,74,54908,买盘
571,14:24:12,7.42,0.0,53,39326,买盘
572,14:24:43,7.42,0.0,45,33390,买盘
573,14:24:46,7.41,-0.01,28,20748,卖盘
574,14:25:04,7.41,0.0,25,18525,卖盘
575,14:26:15,7.42,0.01,2,1484,买盘
576,14:26:31,7.42,0.0,20,14840,买盘
577,14:26:36,7.42,0.0,53,39326,买盘
578,14:26:40,7.41,-0.01,107,79287,卖盘
579,14:27:01,7.41,0.0,1,741,卖盘
580,14:27:04,7.41,0.0,5,3705,卖盘
581,14:27:21,7.42,0.01,20,14840,买盘
582,14:27:25,7.42,0.0,42,31164,买盘
583,14:27:37,7.42,0.0,4,2968,买盘
584,14:27:40,7.42,0.0,11,8162,买盘
585,14:28:10,7.42,0.0,9,6678,买盘
586,14:28:36,7.43,0.01,3,2229,买盘
587,14:29:22,7.43,0.0,38,28234,买盘
588,14:29:34,7.43,0.0,1,743,买盘
589,14:29:46,7.43,0.0,1,743,买盘
590,14:30:04,7.42,-0.01,31,23002,卖盘
591,14:30:06,7.42,0.0,24,17808,卖盘
592,14:30:09,7.43,0.01,26,19298,买盘
593,14:30:13,7.42,-0.01,16,11872,卖盘
594,14:30:16,7.42,0.0,12,8904,卖盘
595,14:30:19,7.42,0.0,9,6678,卖盘
596,14:30:37,7.42,0.0,16,11872,卖盘
597,14:30:43,7.42,0.0,33,24486,卖盘
598,14:32:19,7.41,-0.01,1,741,卖盘
599,14:32:24,7.41,0.0,10,7410,卖盘
600,14:32:27,7.42,0.01,5,3710,买盘
601,14:32:31,7.42,0.0,89,66007,买盘
602,14:32:40,7.42,0.0,58,43036,买盘
603,14:34:52,7.41,-0.01,1,741,卖盘
604,14:35:52,7.41,0.0,20,14820,卖盘
605,14:35:54,7.41,0.0,1,741,卖盘
606,14:35:58,7.41,0.0,10,7410,卖盘
607,14:36:00,7.41,0.0,1,741,卖盘
608,14:36:04,7.41,0.0,15,11115,卖盘
609,14:36:13,7.4,-0.01,3,2220,卖盘
610,14:36:19,7.41,0.01,20,14820,买盘
611,14:36:22,7.4,-0.01,45,33300,卖盘
612,14:36:36,7.4,0.0,75,55500,卖盘
613,14:37:31,7.4,0.0,1,740,买盘
614,14:38:09,7.39,-0.01,68,50252,卖盘
615,14:38:31,7.38,-0.01,8,5904,卖盘
616,14:39:04,7.38,0.0,9,6642,卖盘
617,14:39:09,7.39,0.01,9,6651,买盘
618,14:39:16,7.39,0.0,6,4434,买盘
619,14:41:40,7.4,0.01,32,23680,买盘
620,14:41:52,7.39,-0.01,4,2956,卖盘
621,14:42:09,7.4,0.01,3,2220,买盘
622,14:42:19,7.4,0.0,3,2220,买盘
623,14:42:22,7.39,-0.01,7,5173,卖盘
624,14:43:19,7.39,0.0,32,23648,卖盘
625,14:43:46,7.4,0.01,10,7400,买盘
626,14:44:13,7.4,0.0,1,740,买盘
627,14:44:21,7.4,0.0,45,33300,买盘
628,14:45:15,7.4,0.0,2,1480,卖盘
629,14:45:25,7.41,0.01,10,7410,买盘
630,14:46:16,7.4,-0.01,1,740,卖盘
631,14:46:39,7.4,0.0,17,12580,买盘
632,14:47:09,7.39,-0.01,1,739,卖盘
633,14:48:49,7.4,0.01,10,7400,买盘
634,14:49:13,7.4,0.0,4,2960,买盘
635,14:49:28,7.39,-0.01,5,3695,卖盘
636,14:49:33,7.38,-0.01,300,221594,卖盘
637,14:50:43,7.38,0.0,15,11070,卖盘
638,14:50:51,7.39,0.01,8,5912,买盘
639,14:51:06,7.39,0.0,7,5173,卖盘
640,14:51:27,7.39,0.0,2,1478,卖盘
641,14:51:31,7.39,0.0,4,2956,买盘
642,14:51:33,7.4,0.01,1,740,买盘
643,14:51:52,7.4,0.0,15,11100,买盘
644,14:51:55,7.4,0.0,165,122100,买盘
645,14:52:01,7.4,0.0,4,2960,卖盘
646,14:52:13,7.4,0.0,207,153180,卖盘
647,14:52:31,7.4,0.0,10,7400,买盘
648,14:52:37,7.4,0.0,3,2220,买盘
649,14:52:48,7.39,-0.01,5,3695,卖盘
650,14:53:01,7.39,0.0,64,47296,卖盘
651,14:53:15,7.39,0.0,50,36950,买盘
652,14:53:33,7.39,0.0,40,29526,买盘
653,14:53:45,7.39,0.0,41,30299,买盘
654,14:53:48,7.37,-0.02,109,80038,卖盘
655,14:54:04,7.36,-0.01,150,110430,卖盘
656,14:54:13,7.37,0.01,16,11792,买盘
657,14:54:22,7.37,0.0,7,5159,买盘
658,14:54:34,7.36,-0.01,17,12512,卖盘
659,14:54:40,7.36,0.0,1,736,卖盘
660,14:54:43,7.36,0.0,9,6624,卖盘
661,14:54:46,7.37,0.01,33,24321,买盘
662,14:54:48,7.36,-0.01,40,29440,卖盘
663,14:55:04,7.36,0.0,20,14720,卖盘
664,14:55:07,7.37,0.01,265,195305,买盘
665,14:55:22,7.38,0.01,185,136899,买盘
666,14:55:31,7.39,0.01,12,8868,买盘
667,14:55:40,7.41,0.02,500,370489,买盘
668,14:56:04,7.4,-0.01,5,3700,买盘
669,14:56:07,7.41,0.01,163,120726,买盘
670,14:56:25,7.4,-0.01,114,84582,卖盘
671,14:56:28,7.4,0.0,15,11100,卖盘
672,14:56:55,7.43,0.03,34,25252,买盘
673,14:57:00,7.44,0.01,303,225362,买盘
674,15:00:04,7.43,-0.01,553,410879,卖盘
