,time,price,change,volume,amount,type
0,09:25:04,12.59,0.07,137,172483,买盘
1,09:30:04,12.6,0.01,36,45988,买盘
2,09:30:07,12.59,-0.01,86,107726,卖盘
3,09:30:10,12.59,0.0,21,26439,买盘
4,09:30:13,12.62,0.03,53,67386,买盘
5,09:30:16,12.6,-0.02,22,27732,卖盘
6,09:30:28,12.63,0.03,5,6315,买盘
7,09:30:31,12.63,0.0,2,2526,买盘
8,09:30:34,12.63,0.0,3,3789,买盘
9,09:30:37,12.63,0.0,8,10104,买盘
10,09:30:43,12.65,0.02,11,13906,买盘
11,09:30:46,12.64,-0.01,54,68226,卖盘
12,09:30:49,12.64,0.0,10,12646,卖盘
13,09:30:52,12.64,0.0,52,65733,卖盘
14,09:30:55,12.64,0.0,52,65730,卖盘
15,09:30:58,12.64,0.0,13,16440,卖盘
16,09:31:01,12.65,0.01,3,3795,买盘
17,09:31:05,12.63,-0.02,50,63208,卖盘
18,09:31:07,12.64,0.01,16,20220,买盘
19,09:31:10,12.62,-0.02,1,1262,卖盘
20,09:31:22,12.61,-0.01,2,2521,买盘
21,09:31:28,12.6,-0.01,21,26460,卖盘
22,09:31:34,12.6,0.0,6,7560,卖盘
23,09:31:37,12.5,-0.1,20,25105,卖盘
24,09:31:52,12.6,0.1,38,47880,买盘
25,09:31:55,12.59,-0.01,14,17638,卖盘
26,09:32:07,12.59,0.0,23,28966,卖盘
27,09:32:16,12.64,0.05,32,40412,买盘
28,09:32:34,12.64,0.0,10,12632,买盘
29,09:32:40,12.63,-0.01,10,12626,买盘
30,09:32:46,12.63,0.0,14,17672,买盘
31,09:32:52,12.55,-0.08,1,1255,卖盘
32,09:32:58,12.63,0.08,7,8841,买盘
33,09:33:05,12.62,-0.01,3,3786,卖盘
34,09:33:10,12.62,0.0,7,8835,卖盘
35,09:33:16,12.63,0.01,10,12630,买盘
36,09:33:22,12.62,-0.01,15,18941,卖盘
37,09:33:28,12.62,0.0,7,8836,卖盘
38,09:33:31,12.63,0.01,6,7578,买盘
39,09:33:49,12.64,0.01,1,1264,买盘
40,09:33:52,12.64,0.0,65,82160,买盘
41,09:34:10,12.66,0.02,6,7599,卖盘
42,09:34:16,12.68,0.02,17,21528,买盘
43,09:34:22,12.68,0.0,5,6340,卖盘
44,09:34:25,12.68,0.0,3,3804,卖盘
45,09:34:28,12.68,0.0,3,3804,卖盘
46,09:34:40,12.68,0.0,5,6340,卖盘
47,09:34:43,12.69,0.01,2,2538,买盘
48,09:34:46,12.68,-0.01,14,17752,卖盘
49,09:34:49,12.68,0.0,2,2536,买盘
50,09:34:52,12.67,-0.01,1,1267,中性盘
51,09:34:55,12.68,0.01,5,6340,买盘
52,09:35:07,12.67,-0.01,10,12670,买盘
53,09:35:13,12.65,-0.02,3,3795,卖盘
54,09:35:22,12.68,0.03,102,129265,买盘
55,09:35:28,12.63,-0.05,13,16421,卖盘
56,09:35:34,12.66,0.03,28,35389,买盘
57,09:35:49,12.68,0.02,1,1268,买盘
58,09:35:52,12.66,-0.02,25,31650,卖盘
59,09:35:55,12.68,0.02,69,87492,买盘
60,09:35:58,12.69,0.01,17,21562,买盘
61,09:36:01,12.69,0.0,6,7614,卖盘
62,09:36:04,12.69,0.0,5,6347,卖盘
63,09:36:10,12.76,0.07,49,62314,买盘
64,09:36:13,12.76,0.0,1,1276,卖盘
65,09:36:16,12.76,0.0,41,52316,卖盘
66,09:36:19,12.77,0.01,5,6385,买盘
67,09:36:22,12.78,0.01,61,77874,买盘
68,09:36:25,12.78,0.0,20,25560,卖盘
69,09:36:28,12.78,0.0,2,2556,卖盘
70,09:36:34,12.76,-0.02,3,3828,买盘
71,09:36:40,12.76,0.0,8,10208,买盘
72,09:36:43,12.76,0.0,42,53572,买盘
73,09:36:58,12.78,0.02,110,140471,买盘
74,09:37:07,12.77,-0.01,63,80411,买盘
75,09:37:22,12.74,-0.03,3,3822,买盘
76,09:37:25,12.74,0.0,3,3822,卖盘
77,09:37:28,12.74,0.0,3,3822,卖盘
78,09:37:34,12.7,-0.04,1,1270,卖盘
79,09:37:37,12.74,0.04,4,5092,买盘
80,09:37:40,12.7,-0.04,3,3810,卖盘
81,09:37:43,12.7,0.0,3,3810,卖盘
82,09:37:46,12.7,0.0,1,1270,卖盘
83,09:37:49,12.7,0.0,73,92930,卖盘
84,09:37:52,12.7,0.0,4,5080,卖盘
85,09:38:07,12.72,0.02,2,2544,中性盘
86,09:38:13,12.7,-0.02,11,13973,卖盘
87,09:38:16,12.71,0.01,1,1271,中性盘
88,09:38:19,12.7,-0.01,1,1270,卖盘
89,09:38:22,12.7,0.0,4,5080,卖盘
90,09:38:25,12.68,-0.02,27,34254,卖盘
91,09:38:28,12.69,0.01,4,5073,买盘
92,09:38:31,12.69,0.0,1,1269,卖盘
93,09:38:34,12.68,-0.01,3,3804,卖盘
94,09:38:37,12.7,0.02,13,16504,买盘
95,09:38:40,12.68,-0.02,2,2536,卖盘
96,09:38:43,12.68,0.0,1,1268,卖盘
97,09:38:49,12.67,-0.01,1,1267,卖盘
98,09:38:52,12.67,0.0,1,1267,卖盘
99,09:38:55,12.67,0.0,9,11403,卖盘
100,09:38:58,12.66,-0.01,3,3798,卖盘
101,09:39:04,12.67,0.01,15,19005,买盘
102,09:39:07,12.67,0.0,15,19005,卖盘
103,09:39:10,12.67,0.0,7,8869,卖盘
104,09:39:16,12.66,-0.01,25,31673,卖盘
105,09:39:19,12.67,0.01,7,8869,中性盘
106,09:39:25,12.67,0.0,1,1267,卖盘
107,09:39:31,12.67,0.0,108,136836,卖盘
108,09:39:37,12.67,0.0,11,13937,卖盘
109,09:39:40,12.67,0.0,12,15207,卖盘
110,09:39:43,12.67,0.0,3,3801,买盘
111,09:39:49,12.62,-0.05,1,1262,卖盘
112,09:39:52,12.67,0.05,2,2533,买盘
113,09:40:16,12.62,-0.05,10,12620,卖盘
114,09:40:31,12.62,0.0,24,30288,买盘
115,09:40:34,12.62,0.0,2,2524,买盘
116,09:40:40,12.62,0.0,5,6310,买盘
117,09:40:43,12.62,0.0,9,11358,买盘
118,09:41:16,12.66,0.04,3,3797,买盘
119,09:41:19,12.62,-0.04,10,12620,卖盘
120,09:41:25,12.65,0.03,1,1265,卖盘
121,09:41:31,12.62,-0.03,1,1262,卖盘
122,09:41:34,12.66,0.04,1,1266,买盘
123,09:41:43,12.67,0.01,20,25333,买盘
124,09:41:52,12.64,-0.03,14,17696,买盘
125,09:41:55,12.64,0.0,2,2528,买盘
126,09:41:58,12.66,0.02,8,10128,卖盘
127,09:42:07,12.62,-0.04,10,12620,卖盘
128,09:42:49,12.62,0.0,31,39123,卖盘
129,09:42:58,12.65,0.03,1,1265,买盘
130,09:43:22,12.65,0.0,4,5060,买盘
131,09:43:28,12.65,0.0,2,2530,卖盘
132,09:43:31,12.65,0.0,5,6325,卖盘
133,09:43:49,12.66,0.01,11,13926,卖盘
134,09:43:52,12.66,0.0,2,2532,买盘
135,09:44:16,12.66,0.0,1,1266,买盘
136,09:44:31,12.67,0.01,1,1267,买盘
137,09:44:34,12.66,-0.01,9,11394,卖盘
138,09:44:40,12.65,-0.01,1,1265,卖盘
139,09:44:46,12.65,0.0,8,10120,卖盘
140,09:44:58,12.66,0.01,9,11394,卖盘
141,09:45:04,12.56,-0.1,87,109522,卖盘
142,09:45:07,12.56,0.0,33,41448,买盘
143,09:45:10,12.56,0.0,9,11304,买盘
144,09:45:13,12.66,0.1,47,59109,买盘
145,09:46:10,12.62,-0.04,7,8838,卖盘
146,09:46:34,12.61,-0.01,1,1261,卖盘
147,09:47:13,12.62,0.01,10,12620,卖盘
148,09:47:19,12.62,0.0,3,3786,卖盘
149,09:47:25,12.61,-0.01,6,7571,卖盘
150,09:47:49,12.62,0.01,10,12620,买盘
151,09:48:25,12.62,0.0,6,7572,买盘
152,09:48:31,12.62,0.0,15,18921,买盘
153,09:49:13,12.61,-0.01,16,20176,买盘
154,09:49:37,12.6,-0.01,2,2520,卖盘
155,09:50:16,12.61,0.01,1,1261,买盘
156,09:51:07,12.61,0.0,15,18915,卖盘
157,09:51:16,12.62,0.01,23,29006,买盘
158,09:51:22,12.59,-0.03,126,158713,卖盘
159,09:51:40,12.59,0.0,5,6295,买盘
160,09:51:58,12.59,0.0,24,30216,买盘
161,09:52:01,12.58,-0.01,14,17612,卖盘
162,09:52:31,12.58,0.0,1,1258,卖盘
163,09:52:40,12.58,0.0,4,5032,买盘
164,09:52:46,12.58,0.0,1,1258,卖盘
165,09:52:49,12.59,0.01,4,5036,买盘
166,09:52:52,12.58,-0.01,13,16356,卖盘
167,09:52:55,12.59,0.01,40,50360,买盘
168,09:53:04,12.59,0.0,3,3777,卖盘
169,09:53:13,12.63,0.04,3,3789,买盘
170,09:53:46,12.6,-0.03,2,2520,卖盘
171,09:54:52,12.59,-0.01,21,26458,卖盘
172,09:54:58,12.59,0.0,1,1259,买盘
173,09:55:04,12.59,0.0,2,2518,买盘
174,09:55:10,12.59,0.0,5,6295,买盘
175,09:55:16,12.59,0.0,67,84353,买盘
176,09:55:19,12.59,0.0,1,1259,卖盘
177,09:55:28,12.59,0.0,2,2518,卖盘
178,09:55:52,12.63,0.04,1,1263,买盘
179,09:56:22,12.6,-0.03,1,1260,卖盘
180,09:56:25,12.6,0.0,3,3780,买盘
181,09:56:28,12.6,0.0,2,2520,买盘
182,09:56:31,12.6,0.0,1,1260,买盘
183,09:56:34,12.6,0.0,1,1260,买盘
184,09:56:37,12.6,0.0,1,1260,买盘
185,09:56:40,12.6,0.0,1,1260,买盘
186,09:56:43,12.6,0.0,1,1260,买盘
187,09:56:46,12.6,0.0,1,1260,买盘
188,09:56:49,12.59,-0.01,3,3778,卖盘
189,09:56:52,12.6,0.01,7,8820,买盘
190,09:57:01,12.6,0.0,1,1260,卖盘
191,09:57:13,12.6,0.0,8,10080,卖盘
192,09:57:19,12.58,-0.02,37,46578,卖盘
193,09:57:31,12.58,0.0,6,7547,买盘
194,09:57:40,12.58,0.0,1,1258,买盘
195,09:57:43,12.58,0.0,1,1258,买盘
196,09:57:49,12.58,0.0,7,8806,卖盘
197,09:58:22,12.58,0.0,6,7548,卖盘
198,09:58:52,12.58,0.0,6,7548,买盘
199,09:58:55,12.56,-0.02,40,50271,卖盘
200,09:59:04,12.56,0.0,7,8792,卖盘
201,09:59:19,12.6,0.04,2,2520,买盘
202,09:59:54,12.6,0.0,11,13860,买盘
203,10:00:10,12.57,-0.03,2,2514,卖盘
204,10:01:16,12.6,0.03,1,1260,买盘
205,10:01:34,12.6,0.0,17,21420,买盘
206,10:01:40,12.6,0.0,4,5040,买盘
207,10:01:55,12.6,0.0,5,6300,卖盘
208,10:02:07,12.62,0.02,1,1262,买盘
209,10:02:19,12.62,0.0,3,3786,买盘
210,10:02:34,12.62,0.0,2,2524,买盘
211,10:03:28,12.62,0.0,3,3786,买盘
212,10:03:37,12.61,-0.01,2,2522,卖盘
213,10:04:37,12.62,0.01,15,18930,买盘
214,10:05:07,12.62,0.0,32,40384,卖盘
215,10:05:10,12.66,0.04,11,13925,买盘
216,10:05:13,12.66,0.0,6,7596,卖盘
217,10:05:22,12.66,0.0,30,37980,卖盘
218,10:05:28,12.66,0.0,3,3798,卖盘
219,10:06:13,12.7,0.04,3,3806,买盘
220,10:06:25,12.63,-0.07,26,32839,卖盘
221,10:06:28,12.63,0.0,1,1263,买盘
222,10:06:31,12.63,0.0,1,1263,买盘
223,10:06:37,12.63,0.0,5,6315,买盘
224,10:06:40,12.63,0.0,17,21471,买盘
225,10:07:25,12.72,0.09,100,127081,买盘
226,10:07:40,12.72,0.0,62,78734,买盘
227,10:07:43,12.72,0.0,25,31800,卖盘
228,10:07:46,12.72,0.0,4,5088,卖盘
229,10:07:49,12.72,0.0,8,10176,卖盘
230,10:07:52,12.72,0.0,3,3816,卖盘
231,10:07:55,12.72,0.0,5,6360,卖盘
232,10:07:58,12.72,0.0,2,2544,卖盘
233,10:08:01,12.72,0.0,21,26717,卖盘
234,10:08:19,12.7,-0.02,2,2540,中性盘
235,10:08:25,12.7,0.0,1,1270,卖盘
236,10:08:37,12.72,0.02,50,63600,买盘
237,10:09:07,12.72,0.0,9,11448,买盘
238,10:09:13,12.72,0.0,3,3816,买盘
239,10:09:31,12.73,0.01,21,26733,买盘
240,10:09:34,12.73,0.0,29,36917,卖盘
241,10:09:43,12.73,0.0,1,1273,卖盘
242,10:09:49,12.73,0.0,1,1273,卖盘
243,10:09:52,12.73,0.0,10,12730,卖盘
244,10:09:55,12.74,0.01,20,25480,买盘
245,10:09:58,12.73,-0.01,1,1273,卖盘
246,10:10:13,12.73,0.0,1,1273,卖盘
247,10:10:22,12.73,0.0,32,40736,卖盘
248,10:10:28,12.73,0.0,11,14003,卖盘
249,10:10:40,12.73,0.0,18,22911,买盘
250,10:10:43,12.7,-0.03,3,3810,卖盘
251,10:11:13,12.7,0.0,19,24130,卖盘
252,10:11:22,12.7,0.0,100,127000,买盘
253,10:11:31,12.7,0.0,111,140970,买盘
254,10:11:34,12.7,0.0,2,2540,买盘
255,10:11:37,12.7,0.0,4,5080,买盘
256,10:11:40,12.7,0.0,4,5080,买盘
257,10:11:43,12.7,0.0,12,15236,买盘
258,10:11:46,12.7,0.0,5,6350,买盘
259,10:11:49,12.7,0.0,4,5080,买盘
260,10:11:52,12.7,0.0,2,2540,买盘
261,10:11:55,12.7,0.0,1,1270,买盘
262,10:11:58,12.68,-0.02,10,12687,卖盘
263,10:12:16,12.7,0.02,1,1270,买盘
264,10:12:28,12.69,-0.01,1,1269,卖盘
265,10:12:55,12.68,-0.01,2,2537,卖盘
266,10:13:04,12.68,0.0,1,1268,卖盘
267,10:13:07,12.69,0.01,3,3807,买盘
268,10:13:22,12.69,0.0,9,11421,卖盘
269,10:13:34,12.7,0.01,3,3810,买盘
270,10:13:43,12.69,-0.01,18,22842,卖盘
271,10:14:16,12.7,0.01,3,3810,买盘
272,10:14:31,12.7,0.0,8,10160,买盘
273,10:14:46,12.7,0.0,1,1270,卖盘
274,10:14:58,12.7,0.0,1,1270,卖盘
275,10:15:01,12.74,0.04,100,127310,买盘
276,10:15:07,12.7,-0.04,25,31750,卖盘
277,10:15:13,12.7,0.0,4,5080,买盘
278,10:15:28,12.69,-0.01,22,27918,卖盘
279,10:15:36,12.69,0.0,28,35555,卖盘
280,10:16:01,12.68,-0.01,12,15216,卖盘
281,10:16:19,12.67,-0.01,18,22806,卖盘
282,10:16:25,12.67,0.0,12,15204,卖盘
283,10:16:58,12.68,0.01,1,1268,买盘
284,10:17:01,12.66,-0.02,1,1266,卖盘
285,10:17:04,12.66,0.0,1,1266,买盘
286,10:17:06,12.66,0.0,1,1266,买盘
287,10:17:12,12.66,0.0,7,8862,买盘
288,10:17:25,12.65,-0.01,24,30360,卖盘
289,10:17:30,12.65,0.0,7,8855,买盘
290,10:17:34,12.65,0.0,1,1265,买盘
291,10:17:43,12.65,0.0,6,7590,买盘
292,10:18:43,12.69,0.04,1,1269,买盘
293,10:18:58,12.69,0.0,1,1269,卖盘
294,10:20:01,12.66,-0.03,15,18990,卖盘
295,10:20:07,12.65,-0.01,7,8856,卖盘
296,10:20:25,12.66,0.01,1,1266,买盘
297,10:20:28,12.65,-0.01,25,31625,卖盘
298,10:22:04,12.66,0.01,8,10122,买盘
299,10:22:46,12.66,0.0,7,8860,买盘
300,10:23:07,12.66,0.0,15,18990,卖盘
301,10:23:25,12.66,0.0,1,1266,买盘
302,10:23:52,12.66,0.0,4,5064,买盘
303,10:24:07,12.66,0.0,5,6330,买盘
304,10:24:13,12.66,0.0,3,3798,买盘
305,10:24:16,12.66,0.0,7,8862,买盘
306,10:25:28,12.66,0.0,7,8862,卖盘
307,10:26:07,12.65,-0.01,3,3795,卖盘
308,10:27:13,12.65,0.0,26,32397,卖盘
309,10:28:04,12.68,0.03,4,5072,买盘
310,10:30:09,12.68,0.0,10,12680,卖盘
311,10:31:01,12.66,-0.02,20,25320,卖盘
312,10:31:07,12.68,0.02,6,7608,买盘
313,10:31:22,12.68,0.0,4,5072,卖盘
314,10:31:52,12.66,-0.02,13,16458,卖盘
315,10:32:13,12.66,0.0,5,6330,卖盘
316,10:32:58,12.65,-0.01,1,1265,卖盘
317,10:33:04,12.65,0.0,30,37950,卖盘
318,10:33:07,12.65,0.0,2,2530,卖盘
319,10:35:46,12.66,0.01,5,6330,买盘
320,10:36:07,12.65,-0.01,6,8084,卖盘
321,10:36:24,12.64,-0.01,2,2528,卖盘
322,10:37:24,12.64,0.0,1,1264,卖盘
323,10:37:40,12.64,0.0,12,15168,卖盘
324,10:37:52,12.64,0.0,1,1264,卖盘
325,10:37:58,12.64,0.0,1,1264,卖盘
326,10:38:04,12.64,0.0,1,1264,卖盘
327,10:38:19,12.64,0.0,2,2528,卖盘
328,10:38:37,12.64,0.0,3,3792,卖盘
329,10:38:43,12.64,0.0,13,16432,卖盘
330,10:39:46,12.65,0.01,3,3795,买盘
331,10:40:01,12.63,-0.02,10,12630,卖盘
332,10:40:58,12.63,0.0,16,20208,买盘
333,10:41:06,12.62,-0.01,50,63129,卖盘
334,10:41:22,12.61,-0.01,48,60541,卖盘
335,10:41:55,12.64,0.03,24,30331,买盘
336,10:42:40,12.65,0.01,10,12650,买盘
337,10:42:55,12.64,-0.01,15,18966,卖盘
338,10:43:07,12.62,-0.02,10,12620,卖盘
339,10:43:16,12.62,0.0,2,2524,买盘
340,10:43:19,12.62,0.0,8,10096,买盘
341,10:43:43,12.67,0.05,1,1267,买盘
342,10:45:19,12.67,0.0,5,6335,卖盘
343,10:45:25,12.67,0.0,2,2534,卖盘
344,10:45:28,12.65,-0.02,1,1265,卖盘
345,10:45:34,12.64,-0.01,26,32864,卖盘
346,10:47:10,12.68,0.04,21,26628,买盘
347,10:47:19,12.65,-0.03,53,67190,卖盘
348,10:47:30,12.69,0.04,3,3807,买盘
349,10:47:39,12.7,0.01,19,24130,买盘
350,10:47:52,12.7,0.0,2,2540,卖盘
351,10:47:57,12.69,-0.01,1,1269,卖盘
352,10:48:00,12.69,0.0,1,1269,卖盘
353,10:48:04,12.69,0.0,1,1269,卖盘
354,10:48:07,12.69,0.0,1,1269,卖盘
355,10:48:10,12.69,0.0,1,1269,卖盘
356,10:48:13,12.69,0.0,1,1269,卖盘
357,10:48:16,12.69,0.0,1,1269,卖盘
358,10:48:18,12.69,0.0,1,1269,卖盘
359,10:48:21,12.69,0.0,1,1269,卖盘
360,10:48:24,12.69,0.0,3,3807,卖盘
361,10:48:28,12.68,-0.01,3,3804,卖盘
362,10:48:31,12.68,0.0,3,3804,卖盘
363,10:48:34,12.68,0.0,3,3804,卖盘
364,10:48:36,12.68,0.0,3,3804,卖盘
365,10:48:39,12.68,0.0,1,1268,卖盘
366,10:48:42,12.68,0.0,1,1268,卖盘
367,10:48:45,12.68,0.0,1,1268,卖盘
368,10:48:49,12.68,0.0,1,1268,卖盘
369,10:48:52,12.68,0.0,1,1268,卖盘
370,10:48:55,12.68,0.0,1,1268,卖盘
371,10:48:58,12.68,0.0,3,3804,卖盘
372,10:49:04,12.68,0.0,1,1268,卖盘
373,10:49:10,12.68,0.0,3,3804,卖盘
374,10:49:34,12.68,0.0,1,1268,卖盘
375,10:49:37,12.69,0.01,12,15228,买盘
376,10:49:39,12.68,-0.01,1,1268,卖盘
377,10:50:04,12.69,0.01,1,1269,买盘
378,10:51:19,12.69,0.0,2,2538,买盘
379,10:51:34,12.68,-0.01,1,1268,卖盘
380,10:51:52,12.69,0.01,30,38070,买盘
381,10:52:24,12.69,0.0,5,6345,买盘
382,10:52:31,12.69,0.0,2,2538,卖盘
383,10:52:37,12.69,0.0,5,6345,卖盘
384,10:53:01,12.69,0.0,4,5076,卖盘
385,10:53:27,12.69,0.0,15,19035,卖盘
386,10:53:40,12.7,0.01,14,17780,买盘
387,10:54:07,12.7,0.0,8,10160,买盘
388,10:54:34,12.7,0.0,1,1270,卖盘
389,10:54:36,12.7,0.0,11,13970,卖盘
390,10:54:40,12.69,-0.01,1,1269,卖盘
391,10:54:43,12.68,-0.01,1,1268,卖盘
392,10:54:46,12.68,0.0,1,1268,卖盘
393,10:54:49,12.68,0.0,1,1268,卖盘
394,10:54:51,12.68,0.0,1,1268,卖盘
395,10:54:55,12.68,0.0,1,1268,卖盘
396,10:54:58,12.68,0.0,1,1268,卖盘
397,10:55:01,12.68,0.0,1,1268,卖盘
398,10:55:04,12.68,0.0,1,1268,卖盘
399,10:55:07,12.68,0.0,1,1268,卖盘
400,10:55:10,12.68,0.0,1,1268,卖盘
401,10:55:13,12.68,0.0,1,1268,卖盘
402,10:55:16,12.68,0.0,2,2536,卖盘
403,10:55:18,12.68,0.0,1,1268,卖盘
404,10:55:22,12.68,0.0,3,3804,卖盘
405,10:55:42,12.69,0.01,6,7614,买盘
406,10:55:46,12.69,0.0,2,2538,卖盘
407,10:57:06,12.68,-0.01,8,10144,卖盘
408,10:57:55,12.65,-0.03,24,30360,卖盘
409,10:58:16,12.68,0.03,14,17752,买盘
410,10:58:39,12.68,0.0,13,16484,买盘
411,10:59:09,12.68,0.0,1,1268,卖盘
412,10:59:28,12.68,0.0,4,5072,买盘
413,10:59:45,12.68,0.0,1,1268,买盘
414,11:01:31,12.65,-0.03,5,6325,卖盘
415,11:03:22,12.67,0.02,10,12670,买盘
416,11:04:01,12.68,0.01,5,6340,买盘
417,11:04:04,12.67,-0.01,1,1267,卖盘
418,11:04:34,12.68,0.01,50,63400,买盘
419,11:05:37,12.68,0.0,1,1268,卖盘
420,11:05:42,12.68,0.0,1,1268,卖盘
421,11:05:48,12.68,0.0,1,1268,卖盘
422,11:05:54,12.68,0.0,1,1268,卖盘
423,11:06:00,12.68,0.0,1,1268,卖盘
424,11:06:07,12.68,0.0,1,1268,卖盘
425,11:06:13,12.68,0.0,2,2536,卖盘
426,11:06:19,12.67,-0.01,1,1267,卖盘
427,11:08:10,12.66,-0.01,3,3798,卖盘
428,11:08:54,12.65,-0.01,10,12650,卖盘
429,11:09:00,12.65,0.0,1,1265,卖盘
430,11:09:07,12.65,0.0,1,1265,卖盘
431,11:09:13,12.65,0.0,1,1265,卖盘
432,11:09:16,12.65,0.0,1,1265,卖盘
433,11:09:18,12.65,0.0,1,1265,卖盘
434,11:09:22,12.65,0.0,1,1265,卖盘
435,11:09:25,12.65,0.0,1,1265,卖盘
436,11:09:46,12.66,0.01,7,8862,买盘
437,11:11:04,12.66,0.0,1,1266,卖盘
438,11:11:09,12.66,0.0,1,1266,卖盘
439,11:12:30,12.65,-0.01,6,7590,卖盘
440,11:12:34,12.65,0.0,1,1265,买盘
441,11:12:40,12.66,0.01,23,29103,买盘
442,11:14:13,12.66,0.0,4,4444,卖盘
443,11:14:22,12.67,0.01,8,10136,买盘
444,11:14:33,12.67,0.0,1,1267,卖盘
445,11:14:40,12.67,0.0,1,1267,卖盘
446,11:14:46,12.67,0.0,1,1267,卖盘
447,11:14:51,12.68,0.01,22,27896,买盘
448,11:14:54,12.68,0.0,11,13948,卖盘
449,11:15:01,12.68,0.0,12,15216,卖盘
450,11:15:07,12.68,0.0,17,21556,卖盘
451,11:15:13,12.68,0.0,7,8876,卖盘
452,11:15:18,12.68,0.0,4,5072,卖盘
453,11:15:24,12.68,0.0,3,3804,卖盘
454,11:15:30,12.68,0.0,2,2536,卖盘
455,11:15:36,12.68,0.0,3,3804,卖盘
456,11:15:43,12.68,0.0,2,2536,卖盘
457,11:15:46,12.68,0.0,4,5072,卖盘
458,11:15:49,12.68,0.0,4,5072,卖盘
459,11:15:52,12.68,0.0,5,6340,卖盘
460,11:15:55,12.68,0.0,4,5072,卖盘
461,11:15:58,12.68,0.0,5,6340,卖盘
462,11:16:01,12.68,0.0,3,3804,卖盘
463,11:16:03,12.68,0.0,4,5072,卖盘
464,11:16:06,12.68,0.0,4,5072,卖盘
465,11:16:09,12.68,0.0,11,13948,卖盘
466,11:16:13,12.67,-0.01,4,5068,卖盘
467,11:16:16,12.67,0.0,4,5068,卖盘
468,11:16:19,12.67,0.0,4,5068,卖盘
469,11:16:21,12.67,0.0,2,2534,卖盘
470,11:16:24,12.67,0.0,3,3801,卖盘
471,11:16:30,12.67,0.0,1,1267,卖盘
472,11:16:34,12.67,0.0,2,2534,卖盘
473,11:16:39,12.67,0.0,1,1267,卖盘
474,11:16:45,12.67,0.0,1,1267,卖盘
475,11:16:52,12.67,0.0,2,2534,卖盘
476,11:16:57,12.67,0.0,1,1267,卖盘
477,11:17:04,12.67,0.0,1,1267,卖盘
478,11:17:10,12.67,0.0,1,1267,卖盘
479,11:17:12,12.67,0.0,1,1267,卖盘
480,11:17:15,12.67,0.0,1,1267,卖盘
481,11:17:45,12.67,0.0,1,1267,卖盘
482,11:18:24,12.66,-0.01,11,14559,卖盘
483,11:18:58,12.66,0.0,2,2532,卖盘
484,11:19:09,12.66,0.0,10,12660,卖盘
485,11:19:28,12.66,0.0,15,18977,卖盘
486,11:19:43,12.64,-0.02,11,13904,卖盘
487,11:21:22,12.66,0.02,8,10128,买盘
488,11:22:04,12.67,0.01,7,8869,买盘
489,11:22:09,12.67,0.0,27,34209,买盘
490,11:22:34,12.66,-0.01,5,6330,卖盘
491,11:22:48,12.66,0.0,15,18977,卖盘
492,11:23:28,12.66,0.0,3,3798,买盘
493,11:24:06,12.64,-0.02,21,26544,卖盘
494,11:24:28,12.63,-0.01,16,20208,卖盘
495,11:25:15,12.63,0.0,42,52414,买盘
496,11:25:19,12.63,0.0,10,12630,卖盘
497,11:25:36,12.63,0.0,6,7578,卖盘
498,11:25:49,12.63,0.0,1,1263,卖盘
499,11:26:00,12.63,0.0,47,59992,卖盘
500,11:26:25,12.62,-0.01,10,12620,卖盘
501,11:27:22,12.62,0.0,7,8834,买盘
502,11:28:51,12.62,0.0,14,17668,买盘
503,11:29:33,12.62,0.0,1,1262,买盘
504,11:29:46,12.62,0.0,4,5048,买盘
505,13:00:07,12.62,0.0,12,15145,卖盘
506,13:00:19,12.61,-0.01,11,13877,卖盘
507,13:00:22,12.61,0.0,24,30264,卖盘
508,13:00:34,12.6,-0.01,52,65562,卖盘
509,13:00:37,12.6,0.0,9,11340,卖盘
510,13:00:40,12.58,-0.02,31,39026,卖盘
511,13:00:49,12.56,-0.02,1,1256,卖盘
512,13:00:52,12.56,0.0,15,18840,卖盘
513,13:00:57,12.55,-0.01,1,1255,卖盘
514,13:01:00,12.55,0.0,1,1255,卖盘
515,13:01:13,12.56,0.01,10,12560,买盘
516,13:01:16,12.56,0.0,18,22608,买盘
517,13:01:21,12.55,-0.01,21,26361,卖盘
518,13:01:48,12.58,0.03,14,17612,买盘
519,13:01:58,12.58,0.0,6,7548,买盘
520,13:02:01,12.58,0.0,12,15096,买盘
521,13:03:19,12.58,0.0,10,12580,买盘
522,13:03:54,12.57,-0.01,1,1257,卖盘
523,13:04:07,12.57,0.0,6,7542,卖盘
524,13:04:22,12.53,-0.04,25,31365,卖盘
525,13:04:30,12.53,0.0,1,1253,买盘
526,13:04:34,12.53,0.0,1,1253,买盘
527,13:04:37,12.53,0.0,1,1253,买盘
528,13:04:39,12.53,0.0,1,1253,买盘
529,13:05:13,12.53,0.0,10,12530,卖盘
530,13:05:19,12.53,0.0,4,5012,买盘
531,13:05:22,12.55,0.02,1,1255,买盘
532,13:05:30,12.55,0.0,2,2510,买盘
533,13:05:36,12.52,-0.03,22,27565,卖盘
534,13:05:42,12.55,0.03,7,8785,买盘
535,13:05:57,12.55,0.0,10,12550,卖盘
536,13:07:24,12.55,0.0,10,12550,卖盘
537,13:07:48,12.55,0.0,10,12550,卖盘
538,13:08:13,12.55,0.0,10,12550,卖盘
539,13:09:19,12.58,0.03,5,6290,买盘
540,13:10:00,12.58,0.0,41,51578,卖盘
541,13:10:31,12.56,-0.02,1,1256,卖盘
542,13:10:39,12.56,0.0,1,1256,卖盘
543,13:10:58,12.56,0.0,1,1256,卖盘
544,13:11:04,12.56,0.0,11,13818,卖盘
545,13:11:10,12.54,-0.02,41,51414,卖盘
546,13:11:34,12.53,-0.01,10,12530,卖盘
547,13:11:36,12.53,0.0,3,3759,买盘
548,13:11:40,12.53,0.0,12,15036,买盘
549,13:11:43,12.53,0.0,4,5012,买盘
550,13:11:46,12.53,0.0,2,2506,买盘
551,13:12:00,12.53,0.0,9,11277,中性盘
552,13:12:04,12.53,0.0,7,8771,买盘
553,13:12:06,12.53,0.0,3,3759,买盘
554,13:12:10,12.53,0.0,1,1253,买盘
555,13:12:18,12.52,-0.01,1,1252,卖盘
556,13:12:52,12.56,0.04,14,17584,买盘
557,13:12:55,12.56,0.0,1,1256,买盘
558,13:12:58,12.56,0.0,1,1256,买盘
559,13:13:01,12.56,0.0,1,1256,买盘
560,13:13:04,12.56,0.0,1,1256,买盘
561,13:13:07,12.56,0.0,7,8792,买盘
562,13:13:49,12.63,0.07,14,17682,买盘
563,13:13:52,12.58,-0.05,3,3779,卖盘
564,13:14:22,12.62,0.04,2,2524,买盘
565,13:14:45,12.62,0.0,2,2524,买盘
566,13:15:19,12.62,0.0,8,10096,买盘
567,13:16:10,12.58,-0.04,2,2516,卖盘
568,13:16:46,12.58,0.0,2,2516,卖盘
569,13:17:13,12.57,-0.01,1,1257,卖盘
570,13:18:04,12.57,0.0,3,3771,卖盘
571,13:18:27,12.57,0.0,1,1257,买盘
572,13:18:30,12.54,-0.03,6,7526,卖盘
573,13:18:40,12.54,0.0,4,5016,买盘
574,13:18:51,12.54,0.0,4,5016,买盘
575,13:18:57,12.53,-0.01,24,30072,卖盘
576,13:19:07,12.53,0.0,4,5012,买盘
577,13:19:19,12.53,0.0,1,1253,买盘
578,13:19:25,12.53,0.0,1,1253,买盘
579,13:19:30,12.53,0.0,36,45108,买盘
580,13:19:34,12.53,0.0,2,2030,卖盘
581,13:20:10,12.56,0.03,10,12560,买盘
582,13:20:13,12.53,-0.03,3,3759,卖盘
583,13:21:22,12.57,0.04,1,1257,买盘
584,13:22:06,12.57,0.0,30,37710,买盘
585,13:22:40,12.54,-0.03,2,2508,卖盘
586,13:25:34,12.57,0.03,24,30168,买盘
587,13:26:40,12.55,-0.02,5,6275,卖盘
588,13:27:04,12.55,0.0,2,2510,买盘
589,13:27:46,12.54,-0.01,5,6270,卖盘
590,13:27:49,12.54,0.0,13,16302,卖盘
591,13:28:04,12.53,-0.01,3,3759,卖盘
592,13:28:28,12.53,0.0,25,31801,卖盘
593,13:28:46,12.53,0.0,12,15036,买盘
594,13:29:34,12.52,-0.01,27,33804,卖盘
595,13:30:07,12.52,0.0,54,67608,卖盘
596,13:30:27,12.52,0.0,10,12520,买盘
597,13:30:31,12.51,-0.01,12,15012,卖盘
598,13:30:34,12.51,0.0,24,30024,卖盘
599,13:30:37,12.51,0.0,20,25020,卖盘
600,13:30:43,12.52,0.01,5,6260,卖盘
601,13:31:10,12.52,0.0,23,28796,卖盘
602,13:31:22,12.52,0.0,3,3756,买盘
603,13:31:28,12.51,-0.01,1,1251,卖盘
604,13:31:31,12.52,0.01,1,1252,买盘
605,13:31:49,12.51,-0.01,30,37530,卖盘
606,13:32:04,12.51,0.0,2,2502,卖盘
607,13:32:13,12.51,0.0,1,1251,卖盘
608,13:32:22,12.51,0.0,18,22518,卖盘
609,13:32:28,12.51,0.0,4,5004,卖盘
610,13:32:36,12.51,0.0,2,2502,卖盘
611,13:32:39,12.51,0.0,17,21267,卖盘
612,13:32:46,12.5,-0.01,4,5000,卖盘
613,13:33:34,12.51,0.01,5,6255,买盘
614,13:33:58,12.51,0.0,5,6255,买盘
615,13:34:46,12.52,0.01,1,1252,买盘
616,13:35:07,12.51,-0.01,15,18777,卖盘
617,13:35:13,12.52,0.01,3,3756,买盘
618,13:35:31,12.52,0.0,1,1252,买盘
619,13:35:40,12.52,0.0,54,67608,买盘
620,13:35:46,12.52,0.0,1,639,卖盘
621,13:36:22,12.53,0.01,14,18319,买盘
622,13:36:57,12.53,0.0,2,2506,卖盘
623,13:37:36,12.53,0.0,2,2506,卖盘
624,13:37:57,12.53,0.0,7,7994,卖盘
625,13:38:22,12.55,0.02,26,32616,买盘
626,13:38:34,12.52,-0.03,4,5008,卖盘
627,13:39:16,12.53,0.01,3,3759,买盘
628,13:39:58,12.55,0.02,1,2033,买盘
629,13:40:10,12.56,0.01,29,35645,卖盘
630,13:40:49,12.56,0.0,12,15851,买盘
631,13:40:58,12.57,0.01,1,1257,买盘
632,13:41:04,12.57,0.0,1,1257,卖盘
633,13:41:13,12.57,0.0,1,1257,卖盘
634,13:41:19,12.56,-0.01,1,1256,卖盘
635,13:41:25,12.57,0.01,4,5028,买盘
636,13:41:52,12.57,0.0,1,1257,买盘
637,13:42:07,12.56,-0.01,6,7536,卖盘
638,13:42:10,12.56,0.0,1,917,卖盘
639,13:42:13,12.57,0.01,18,22626,买盘
640,13:42:16,12.57,0.0,9,11313,买盘
641,13:43:22,12.57,0.0,6,7542,买盘
642,13:43:36,12.57,0.0,3,3771,买盘
643,13:43:58,12.57,0.0,14,17598,卖盘
644,13:44:19,12.57,0.0,3,3771,卖盘
645,13:44:22,12.56,-0.01,6,7536,卖盘
646,13:45:13,12.53,-0.03,2,2506,卖盘
647,13:46:16,12.53,0.0,100,125300,卖盘
648,13:46:31,12.56,0.03,23,28888,卖盘
649,13:47:07,12.53,-0.03,2,2506,卖盘
650,13:47:13,12.53,0.0,1,1253,卖盘
651,13:47:19,12.57,0.04,9,11307,买盘
652,13:47:22,12.54,-0.03,8,10032,卖盘
653,13:47:28,12.53,-0.01,3,3759,卖盘
654,13:47:43,12.54,0.01,2,2508,买盘
655,13:47:46,12.54,0.0,8,10032,买盘
656,13:48:09,12.54,0.0,2,2508,卖盘
657,13:48:22,12.54,0.0,10,12540,卖盘
658,13:49:01,12.54,0.0,2,2508,卖盘
659,13:49:24,12.58,0.04,20,25154,买盘
660,13:49:40,12.56,-0.02,17,21352,卖盘
661,13:50:18,12.58,0.02,20,25160,买盘
662,13:50:31,12.56,-0.02,4,5024,卖盘
663,13:51:10,12.58,0.02,3,3774,买盘
664,13:51:13,12.58,0.0,1,1258,买盘
665,13:51:16,12.58,0.0,3,3774,买盘
666,13:51:28,12.6,0.02,40,50379,买盘
667,13:51:43,12.6,0.0,17,21420,买盘
668,13:51:46,12.61,0.01,10,12610,买盘
669,13:51:52,12.61,0.0,14,17654,买盘
670,13:52:37,12.62,0.01,36,45423,买盘
671,13:52:43,12.62,0.0,3,3786,买盘
672,13:52:46,12.62,0.0,2,2524,买盘
673,13:53:22,12.62,0.0,1,1262,买盘
674,13:53:34,12.61,-0.01,7,8827,卖盘
675,13:53:40,12.62,0.01,7,8834,买盘
676,13:53:43,12.61,-0.01,9,11352,卖盘
677,13:53:52,12.62,0.01,6,7572,买盘
678,13:53:58,12.62,0.0,8,10096,卖盘
679,13:54:16,12.62,0.0,9,11358,买盘
680,13:55:31,12.63,0.01,15,18945,买盘
681,13:55:43,12.63,0.0,2,2526,买盘
682,13:55:49,12.63,0.0,6,7578,买盘
683,13:56:04,12.63,0.0,1,1263,卖盘
684,13:56:13,12.63,0.0,2,2526,卖盘
685,13:56:22,12.63,0.0,1,1263,卖盘
686,13:56:31,12.63,0.0,3,3789,卖盘
687,13:56:36,12.64,0.01,19,24015,买盘
688,13:56:46,12.64,0.0,5,6320,买盘
689,13:56:55,12.64,0.0,1,1264,买盘
690,13:58:19,12.64,0.0,17,21223,买盘
691,13:58:21,12.64,0.0,7,8848,卖盘
692,13:58:25,12.64,0.0,2,2528,卖盘
693,13:58:31,12.64,0.0,1,1264,卖盘
694,13:58:34,12.64,0.0,3,4057,卖盘
695,13:58:46,12.63,-0.01,10,12630,买盘
696,13:58:52,12.63,0.0,5,6315,卖盘
697,13:59:04,12.63,0.0,63,79569,卖盘
698,13:59:19,12.63,0.0,1,1263,卖盘
699,13:59:43,12.64,0.01,55,69520,买盘
700,13:59:52,12.63,-0.01,10,12630,卖盘
701,14:00:13,12.63,0.0,2,2526,卖盘
702,14:00:21,12.63,0.0,26,32838,卖盘
703,14:00:27,12.63,0.0,9,11367,卖盘
704,14:01:07,12.63,0.0,1,1263,买盘
705,14:01:10,12.63,0.0,1,1263,买盘
706,14:01:13,12.63,0.0,1,1263,买盘
707,14:01:16,12.63,0.0,1,1263,买盘
708,14:01:43,12.63,0.0,5,6315,买盘
709,14:02:04,12.63,0.0,21,26523,卖盘
710,14:02:07,12.65,0.02,95,120134,买盘
711,14:02:13,12.63,-0.02,1,1263,中性盘
712,14:02:22,12.62,-0.01,18,22716,卖盘
713,14:02:28,12.62,0.0,3,3786,卖盘
714,14:02:46,12.62,0.0,122,153964,卖盘
715,14:03:34,12.61,-0.01,5,6306,卖盘
716,14:04:06,12.61,0.0,20,25220,卖盘
717,14:04:25,12.61,0.0,2,2522,卖盘
718,14:04:52,12.61,0.0,7,8827,卖盘
719,14:05:57,12.61,0.0,9,11349,卖盘
720,14:06:04,12.61,0.0,2,2522,买盘
721,14:06:10,12.61,0.0,1,1261,卖盘
722,14:06:16,12.61,0.0,3,3783,买盘
723,14:06:37,12.6,-0.01,2,2520,卖盘
724,14:07:07,12.6,0.0,15,18900,卖盘
725,14:07:13,12.61,0.01,1,1261,买盘
726,14:07:19,12.62,0.01,1,1262,买盘
727,14:07:31,12.65,0.03,113,143318,买盘
728,14:07:34,12.65,0.0,10,12650,卖盘
729,14:07:37,12.65,0.0,2,2530,卖盘
730,14:07:46,12.67,0.02,5,6335,买盘
731,14:08:19,12.67,0.0,8,10136,卖盘
732,14:08:28,12.67,0.0,2,2534,买盘
733,14:08:37,12.67,0.0,15,19005,卖盘
734,14:08:49,12.67,0.0,3,3801,卖盘
735,14:08:55,12.67,0.0,1,1267,卖盘
736,14:08:58,12.7,0.03,100,126968,买盘
737,14:09:04,12.68,-0.02,4,5072,卖盘
738,14:09:06,12.68,0.0,23,29164,买盘
739,14:09:10,12.71,0.03,57,72402,买盘
740,14:09:54,12.68,-0.03,3,3804,卖盘
741,14:10:13,12.65,-0.03,10,12674,卖盘
742,14:10:45,12.68,0.03,15,19015,买盘
743,14:10:49,12.68,0.0,40,50720,卖盘
744,14:11:04,12.68,0.0,1,1268,卖盘
745,14:11:13,12.68,0.0,6,7608,卖盘
746,14:11:19,12.69,0.01,1,1269,中性盘
747,14:11:22,12.68,-0.01,1,1268,卖盘
748,14:11:33,12.67,-0.01,1,1267,卖盘
749,14:12:04,12.7,0.03,130,165021,买盘
750,14:12:10,12.7,0.0,2,2540,卖盘
751,14:12:28,12.7,0.0,13,16510,卖盘
752,14:12:33,12.71,0.01,13,16522,买盘
753,14:12:55,12.7,-0.01,20,25400,卖盘
754,14:12:57,12.7,0.0,34,43180,卖盘
755,14:13:00,12.7,0.0,17,21590,买盘
756,14:13:25,12.7,0.0,9,11430,买盘
757,14:13:31,12.64,-0.06,1,1264,中性盘
758,14:14:04,12.7,0.06,106,134595,买盘
759,14:14:15,12.7,0.0,3,3810,卖盘
760,14:14:37,12.7,0.0,1,1270,卖盘
761,14:14:52,12.7,0.0,1,1270,卖盘
762,14:14:55,12.7,0.0,1,1270,卖盘
763,14:14:58,12.7,0.0,15,19050,卖盘
764,14:15:01,12.7,0.0,1,1270,卖盘
765,14:15:04,12.7,0.0,1,1270,卖盘
766,14:15:07,12.7,0.0,14,17780,卖盘
767,14:15:10,12.7,0.0,1,1270,卖盘
768,14:15:13,12.7,0.0,1,1270,卖盘
769,14:15:16,12.71,0.01,58,73709,买盘
770,14:15:18,12.7,-0.01,2,2541,卖盘
771,14:15:42,12.7,0.0,20,25400,卖盘
772,14:15:46,12.7,0.0,1,1270,卖盘
773,14:15:57,12.7,0.0,4,5080,卖盘
774,14:16:06,12.7,0.0,20,25400,卖盘
775,14:16:22,12.7,0.0,8,10160,买盘
776,14:16:31,12.7,0.0,24,30480,买盘
777,14:16:42,12.7,0.0,12,15240,卖盘
778,14:17:04,12.66,-0.04,2,2532,卖盘
779,14:17:16,12.66,0.0,1,1266,卖盘
780,14:17:22,12.66,0.0,10,12660,卖盘
781,14:17:27,12.67,0.01,9,11395,买盘
782,14:17:31,12.66,-0.01,1,1266,买盘
783,14:17:48,12.66,0.0,3,3798,卖盘
784,14:17:52,12.67,0.01,1,1267,买盘
785,14:17:55,12.67,0.0,1,1267,买盘
786,14:17:58,12.67,0.0,1,1267,买盘
787,14:18:01,12.67,0.0,1,1267,买盘
788,14:18:04,12.67,0.0,1,1267,买盘
789,14:18:06,12.67,0.0,1,1267,买盘
790,14:18:09,12.67,0.0,1,1267,买盘
791,14:18:13,12.67,0.0,4,5068,买盘
792,14:18:18,12.66,-0.01,8,10130,卖盘
793,14:18:24,12.66,0.0,1,1266,买盘
794,14:18:28,12.66,0.0,1,1266,买盘
795,14:18:30,12.66,0.0,1,1266,买盘
796,14:18:34,12.66,0.0,4,5064,买盘
797,14:18:36,12.66,0.0,5,6330,买盘
798,14:19:58,12.69,0.03,17,21573,买盘
799,14:20:39,12.68,-0.01,20,25360,买盘
800,14:22:04,12.66,-0.02,4,5064,卖盘
801,14:22:22,12.65,-0.01,1,1265,卖盘
802,14:22:37,12.65,0.0,2,2530,卖盘
803,14:23:22,12.66,0.01,8,10128,买盘
804,14:23:54,12.66,0.0,9,10774,买盘
805,14:24:58,12.66,0.0,1,1266,卖盘
806,14:26:07,12.67,0.01,18,22806,买盘
807,14:26:13,12.66,-0.01,2,2532,卖盘
808,14:26:22,12.66,0.0,1,1266,卖盘
809,14:26:36,12.68,0.02,8,10144,买盘
810,14:27:04,12.69,0.01,10,12690,买盘
811,14:28:10,12.69,0.0,24,30456,买盘
812,14:28:25,12.69,0.0,6,7614,卖盘
813,14:28:52,12.68,-0.01,7,8876,卖盘
814,14:29:31,12.69,0.01,2,2538,买盘
815,14:29:49,12.69,0.0,2,2538,买盘
816,14:30:31,12.7,0.01,5,6350,买盘
817,14:31:10,12.7,0.0,10,12700,买盘
818,14:31:54,12.69,-0.01,11,13959,卖盘
819,14:32:12,12.68,-0.01,1,1268,卖盘
820,14:32:16,12.68,0.0,1,1268,卖盘
821,14:32:22,12.68,0.0,1,1268,卖盘
822,14:33:06,12.68,0.0,8,10144,卖盘
823,14:33:31,12.68,0.0,1,1268,买盘
824,14:33:55,12.69,0.01,2,2538,买盘
825,14:34:07,12.69,0.0,20,25380,买盘
826,14:34:19,12.68,-0.01,1,1268,卖盘
827,14:36:18,12.68,0.0,15,19020,买盘
828,14:36:58,12.68,0.0,20,25360,卖盘
829,14:37:42,12.69,0.01,8,10152,买盘
830,14:38:09,12.69,0.0,10,12690,买盘
831,14:38:22,12.69,0.0,7,8883,卖盘
832,14:39:49,12.69,0.0,14,17766,买盘
833,14:40:00,12.68,-0.01,63,79888,卖盘
834,14:40:28,12.67,-0.01,1,1267,卖盘
835,14:40:36,12.68,0.01,1,1268,买盘
836,14:40:40,12.67,-0.01,20,25340,卖盘
837,14:41:13,12.68,0.01,50,63400,买盘
838,14:41:49,12.68,0.0,3,3804,买盘
839,14:42:07,12.67,-0.01,1,1267,卖盘
840,14:42:25,12.68,0.01,63,79884,买盘
841,14:42:46,12.68,0.0,6,7608,卖盘
842,14:43:13,12.69,0.01,7,8883,买盘
843,14:43:16,12.68,-0.01,1,1268,卖盘
844,14:43:49,12.68,0.0,10,12680,卖盘
845,14:43:55,12.68,0.0,32,40576,卖盘
846,14:44:19,12.68,0.0,5,6340,买盘
847,14:44:43,12.68,0.0,38,48184,买盘
848,14:44:48,12.68,0.0,38,48184,买盘
849,14:45:01,12.68,0.0,11,13948,买盘
850,14:45:37,12.68,0.0,4,5072,卖盘
851,14:45:46,12.68,0.0,3,3804,卖盘
852,14:45:55,12.68,0.0,30,38040,卖盘
853,14:46:06,12.67,-0.01,39,49413,卖盘
854,14:46:09,12.68,0.01,5,6340,买盘
855,14:46:37,12.68,0.0,10,12680,买盘
856,14:46:55,12.67,-0.01,8,10136,卖盘
857,14:47:04,12.67,0.0,3,3801,买盘
858,14:47:13,12.67,0.0,5,6335,买盘
859,14:47:19,12.67,0.0,19,24073,买盘
860,14:47:37,12.66,-0.01,6,7596,卖盘
861,14:47:55,12.66,0.0,5,6330,卖盘
862,14:48:13,12.66,0.0,17,21529,卖盘
863,14:48:46,12.67,0.01,9,11403,买盘
864,14:48:49,12.66,-0.01,11,13926,卖盘
865,14:48:52,12.67,0.01,1,1267,买盘
866,14:49:10,12.67,0.0,8,10136,买盘
867,14:49:18,12.67,0.0,5,6335,买盘
868,14:49:40,12.66,-0.01,18,22788,卖盘
869,14:49:46,12.66,0.0,26,32916,卖盘
870,14:50:01,12.66,0.0,20,25320,卖盘
871,14:50:07,12.66,0.0,18,23408,卖盘
872,14:50:10,12.66,0.0,8,9508,买盘
873,14:50:22,12.66,0.0,39,50007,卖盘
874,14:50:25,12.66,0.0,10,12647,卖盘
875,14:50:51,12.66,0.0,36,45550,买盘
876,14:50:55,12.66,0.0,42,53185,买盘
877,14:51:01,12.66,0.0,4,5051,卖盘
878,14:51:25,12.65,-0.01,23,29095,卖盘
879,14:51:31,12.65,0.0,35,44275,卖盘
880,14:51:34,12.65,0.0,17,21505,卖盘
881,14:51:37,12.65,0.0,24,30360,卖盘
882,14:51:40,12.65,0.0,2,2530,买盘
883,14:51:52,12.64,-0.01,4,5056,卖盘
884,14:52:04,12.64,0.0,32,40448,卖盘
885,14:52:07,12.64,0.0,1,1264,卖盘
886,14:52:10,12.64,0.0,3,3792,卖盘
887,14:52:25,12.64,0.0,2,2528,买盘
888,14:52:37,12.63,-0.01,23,29049,卖盘
889,14:52:49,12.63,0.0,11,13893,买盘
890,14:52:55,12.62,-0.01,2,2524,卖盘
891,14:52:58,12.62,0.0,11,13882,卖盘
892,14:53:07,12.62,0.0,17,21454,卖盘
893,14:53:10,12.62,0.0,39,49221,卖盘
894,14:53:13,12.63,0.01,6,7576,买盘
895,14:53:22,12.62,-0.01,46,58052,买盘
896,14:53:31,12.62,0.0,14,17668,卖盘
897,14:53:34,12.62,0.0,26,32812,卖盘
898,14:53:40,12.62,0.0,20,25240,卖盘
899,14:53:43,12.62,0.0,20,25240,卖盘
900,14:53:52,12.62,0.0,21,26502,卖盘
901,14:53:55,12.62,0.0,46,58052,卖盘
902,14:53:58,12.64,0.02,19,24000,买盘
903,14:54:01,12.65,0.01,2,2530,卖盘
904,14:54:07,12.63,-0.02,1,1263,买盘
905,14:54:25,12.62,-0.01,23,29026,卖盘
906,14:54:31,12.62,0.0,19,23978,卖盘
907,14:54:34,12.62,0.0,16,20192,卖盘
908,14:55:01,12.61,-0.01,52,65572,卖盘
909,14:55:04,12.61,0.0,22,27742,卖盘
910,14:55:07,12.61,0.0,5,6305,买盘
911,14:55:19,12.61,0.0,30,37830,买盘
912,14:55:22,12.61,0.0,84,105937,买盘
913,14:55:28,12.61,0.0,1,1261,买盘
914,14:55:31,12.61,0.0,4,5044,买盘
915,14:55:34,12.61,0.0,4,5044,买盘
916,14:55:40,12.61,0.0,70,88270,买盘
917,14:55:43,12.61,0.0,25,31525,卖盘
918,14:55:46,12.61,0.0,29,36570,卖盘
919,14:55:49,12.62,0.01,1,1262,买盘
920,14:55:55,12.62,0.0,13,16406,买盘
921,14:55:58,12.62,0.0,42,53004,买盘
922,14:56:01,12.62,0.0,3,3786,卖盘
923,14:56:10,12.63,0.01,4,5052,买盘
924,14:56:16,12.62,-0.01,17,21454,卖盘
925,14:56:19,12.63,0.01,12,15156,买盘
926,14:56:25,12.62,-0.01,118,148931,卖盘
927,14:56:28,12.63,0.01,12,15156,买盘
928,14:56:31,12.63,0.0,2,2526,买盘
929,14:56:34,12.62,-0.01,2,2524,卖盘
930,14:56:37,12.62,0.0,3,3786,卖盘
931,14:56:40,12.62,0.0,39,49218,卖盘
932,14:56:43,12.62,0.0,4,5048,卖盘
933,14:56:46,12.62,0.0,2,2524,卖盘
934,14:56:49,12.61,-0.01,76,95875,卖盘
935,14:56:52,12.62,0.01,11,13882,中性盘
936,14:57:04,12.62,0.0,8,10096,买盘
937,15:00:04,12.61,-0.01,239,301379,卖盘
