,time,price,change,volume,amount,type
0,09:25:04,5.17,0.02,4,2068,买盘
1,09:30:04,5.19,0.02,51,26431,买盘
2,09:30:06,5.2,0.01,70,36376,买盘
3,09:30:12,5.17,-0.03,11,5689,卖盘
4,09:30:45,5.19,0.02,2,1038,卖盘
5,09:30:48,5.19,0.0,18,9342,买盘
6,09:30:51,5.17,-0.02,29,14993,卖盘
7,09:31:00,5.17,0.0,25,12925,买盘
8,09:31:04,5.16,-0.01,76,39287,卖盘
9,09:31:06,5.17,0.01,86,44462,买盘
10,09:31:13,5.16,-0.01,61,31507,卖盘
11,09:31:18,5.16,0.0,10,5160,买盘
12,09:31:21,5.16,0.0,4,2064,买盘
13,09:31:24,5.15,-0.01,50,25750,卖盘
14,09:31:42,5.15,0.0,21,10815,卖盘
15,09:31:45,5.15,0.0,26,13390,买盘
16,09:31:54,5.15,0.0,63,32489,卖盘
17,09:32:24,5.15,0.0,6,3090,卖盘
18,09:32:27,5.16,0.01,2,1032,买盘
19,09:32:36,5.16,0.0,33,17028,卖盘
20,09:32:51,5.17,0.01,2,1034,买盘
21,09:33:00,5.17,0.0,18,9306,买盘
22,09:33:04,5.17,0.0,1,517,卖盘
23,09:33:06,5.17,0.0,1,517,卖盘
24,09:33:21,5.17,0.0,4,2068,卖盘
25,09:33:27,5.17,0.0,32,16544,卖盘
26,09:33:31,5.17,0.0,100,51792,卖盘
27,09:33:33,5.17,0.0,28,14476,卖盘
28,09:33:36,5.16,-0.01,22,11361,卖盘
29,09:33:39,5.17,0.01,2,1034,买盘
30,09:33:42,5.17,0.0,20,10338,买盘
31,09:33:45,5.17,0.0,1,517,卖盘
32,09:33:48,5.17,0.0,6,3102,卖盘
33,09:33:51,5.17,0.0,20,10340,买盘
34,09:34:04,5.17,0.0,50,25850,卖盘
35,09:34:18,5.18,0.01,23,11895,买盘
36,09:34:21,5.18,0.0,7,3626,买盘
37,09:34:39,5.18,0.0,20,10360,买盘
38,09:34:45,5.18,0.0,80,41440,买盘
39,09:34:54,5.17,-0.01,9,4653,卖盘
40,09:35:06,5.17,0.0,17,8789,买盘
41,09:35:21,5.17,0.0,5,2585,买盘
42,09:35:24,5.16,-0.01,1,516,卖盘
43,09:35:27,5.16,0.0,11,5676,卖盘
44,09:35:31,5.16,0.0,188,97008,卖盘
45,09:35:39,5.15,-0.01,59,30385,卖盘
46,09:35:42,5.16,0.01,21,10836,买盘
47,09:35:46,5.15,-0.01,10,5150,卖盘
48,09:35:48,5.15,0.0,133,68495,卖盘
49,09:35:51,5.15,0.0,3,1545,卖盘
50,09:35:57,5.15,0.0,28,14420,卖盘
51,09:36:06,5.15,0.0,9,4635,卖盘
52,09:36:09,5.15,0.0,11,5665,卖盘
53,09:36:18,5.15,0.0,50,25750,买盘
54,09:36:24,5.15,0.0,10,5150,卖盘
55,09:36:27,5.15,0.0,9,4635,卖盘
56,09:36:45,5.16,0.01,15,7740,买盘
57,09:36:54,5.15,-0.01,14,7210,卖盘
58,09:36:57,5.16,0.01,23,11868,买盘
59,09:37:06,5.16,0.0,108,55728,买盘
60,09:37:16,5.15,-0.01,10,5150,卖盘
61,09:37:19,5.16,0.01,10,5160,买盘
62,09:37:21,5.16,0.0,5,2580,买盘
63,09:37:36,5.16,0.0,10,5160,买盘
64,09:37:49,5.16,0.0,24,12380,买盘
65,09:37:54,5.15,-0.01,475,244625,卖盘
66,09:37:57,5.16,0.01,189,97413,买盘
67,09:38:00,5.14,-0.02,1,514,卖盘
68,09:38:19,5.14,0.0,30,15420,卖盘
69,09:38:27,5.14,0.0,1,514,卖盘
70,09:38:31,5.13,-0.01,251,128867,卖盘
71,09:38:33,5.13,0.0,54,27693,买盘
72,09:38:36,5.13,0.0,304,155952,买盘
73,09:38:42,5.12,-0.01,100,51211,卖盘
74,09:39:06,5.13,0.01,49,25137,卖盘
75,09:39:12,5.13,0.0,12,6156,卖盘
76,09:39:21,5.15,0.02,5,2575,买盘
77,09:39:36,5.15,0.0,36,18540,买盘
78,09:39:42,5.14,-0.01,39,20046,卖盘
79,09:39:48,5.15,0.01,24,12360,买盘
80,09:39:54,5.15,0.0,4,2060,卖盘
81,09:40:24,5.15,0.0,7,3605,卖盘
82,09:40:36,5.15,0.0,1,515,卖盘
83,09:40:48,5.15,0.0,3,1545,卖盘
84,09:41:12,5.16,0.01,20,10320,买盘
85,09:41:18,5.15,-0.01,20,10300,卖盘
86,09:41:27,5.15,0.0,63,32445,卖盘
87,09:41:48,5.16,0.01,7,3612,买盘
88,09:42:04,5.16,0.0,10,5160,买盘
89,09:42:09,5.16,0.0,18,9288,买盘
90,09:42:21,5.16,0.0,5,2580,买盘
91,09:42:24,5.16,0.0,6,3096,买盘
92,09:42:30,5.16,0.0,20,10320,买盘
93,09:42:45,5.15,-0.01,4,2060,卖盘
94,09:42:51,5.15,0.0,3,1545,卖盘
95,09:43:06,5.15,0.0,2,1030,卖盘
96,09:43:36,5.16,0.01,58,29928,买盘
97,09:43:42,5.15,-0.01,1,515,卖盘
98,09:43:54,5.16,0.01,103,53148,买盘
99,09:44:19,5.16,0.0,80,41300,卖盘
100,09:44:27,5.17,0.01,46,23782,买盘
101,09:44:39,5.18,0.01,371,192065,买盘
102,09:44:48,5.18,0.0,27,13986,买盘
103,09:45:04,5.19,0.01,10,5190,买盘
104,09:45:06,5.18,-0.01,25,12950,卖盘
105,09:45:21,5.18,0.0,10,5180,卖盘
106,09:45:30,5.18,0.0,50,25900,卖盘
107,09:45:33,5.18,0.0,29,15022,卖盘
108,09:45:36,5.19,0.01,30,15560,买盘
109,09:46:03,5.19,0.0,1,519,买盘
110,09:46:21,5.18,-0.01,37,19184,卖盘
111,09:46:27,5.18,0.0,15,7770,卖盘
112,09:46:31,5.18,0.0,59,30562,卖盘
113,09:46:36,5.17,-0.01,50,25850,卖盘
114,09:47:06,5.17,0.0,4,2068,卖盘
115,09:47:09,5.17,0.0,50,25850,卖盘
116,09:47:18,5.18,0.01,14,7252,买盘
117,09:47:21,5.18,0.0,30,15540,买盘
118,09:47:25,5.18,0.0,20,10360,买盘
119,09:47:30,5.18,0.0,20,10360,买盘
120,09:47:43,5.17,-0.01,5,2585,卖盘
121,09:47:57,5.17,0.0,30,15510,卖盘
122,09:48:15,5.18,0.01,44,22792,买盘
123,09:48:18,5.17,-0.01,40,20680,卖盘
124,09:48:21,5.17,0.0,7,3619,卖盘
125,09:48:30,5.17,0.0,7,3619,卖盘
126,09:48:45,5.17,0.0,20,10340,卖盘
127,09:48:51,5.17,0.0,124,64108,卖盘
128,09:49:04,5.17,0.0,14,7238,买盘
129,09:49:18,5.16,-0.01,20,10320,卖盘
130,09:49:27,5.16,0.0,100,51600,卖盘
131,09:49:33,5.16,0.0,35,18060,卖盘
132,09:49:48,5.16,0.0,10,5160,买盘
133,09:49:57,5.16,0.0,8,4128,买盘
134,09:50:00,5.16,0.0,6,3096,买盘
135,09:50:12,5.16,0.0,14,7224,买盘
136,09:50:15,5.16,0.0,1,516,卖盘
137,09:50:31,5.16,0.0,35,18060,卖盘
138,09:50:33,5.15,-0.01,50,25750,卖盘
139,09:50:42,5.16,0.01,8,4128,买盘
140,09:50:48,5.16,0.0,9,4644,买盘
141,09:51:06,5.16,0.0,14,7224,买盘
142,09:51:43,5.15,-0.01,73,37595,卖盘
143,09:51:45,5.15,0.0,2,1030,卖盘
144,09:51:48,5.16,0.01,1,516,买盘
145,09:52:04,5.16,0.0,130,67080,买盘
146,09:52:30,5.16,0.0,10,5160,卖盘
147,09:52:36,5.16,0.0,10,5160,卖盘
148,09:52:42,5.16,0.0,44,22704,卖盘
149,09:52:45,5.16,0.0,7,3612,卖盘
150,09:53:09,5.16,0.0,29,14964,卖盘
151,09:53:27,5.15,-0.01,38,19570,卖盘
152,09:53:30,5.15,0.0,2,1030,卖盘
153,09:53:39,5.14,-0.01,10,5140,卖盘
154,09:53:42,5.14,0.0,19,9766,卖盘
155,09:54:03,5.16,0.02,1,516,买盘
156,09:54:09,5.14,-0.02,11,5654,卖盘
157,09:54:12,5.14,0.0,10,5140,卖盘
158,09:54:42,5.14,0.0,10,5140,卖盘
159,09:54:45,5.14,0.0,5,2570,卖盘
160,09:54:48,5.14,0.0,30,15420,卖盘
161,09:54:57,5.16,0.02,33,17028,买盘
162,09:55:12,5.15,-0.01,1,515,卖盘
163,09:55:18,5.15,0.0,3,1545,买盘
164,09:55:31,5.14,-0.01,1,514,卖盘
165,09:55:54,5.14,0.0,10,5140,卖盘
166,09:55:57,5.14,0.0,1,514,卖盘
167,09:56:19,5.14,0.0,10,5140,卖盘
168,09:56:30,5.14,0.0,11,5655,卖盘
169,09:56:45,5.15,0.01,38,19561,买盘
170,09:57:00,5.15,0.0,18,9270,卖盘
171,09:57:19,5.15,0.0,10,5150,卖盘
172,09:57:27,5.16,0.01,47,24252,买盘
173,09:57:30,5.16,0.0,10,5160,卖盘
174,09:57:36,5.16,0.0,9,4644,卖盘
175,09:57:42,5.16,0.0,10,5160,卖盘
176,09:57:54,5.17,0.01,45,23247,买盘
177,09:58:00,5.16,-0.01,26,13416,卖盘
178,09:58:18,5.17,0.01,15,7745,买盘
179,09:58:21,5.16,-0.01,15,7740,卖盘
180,09:58:27,5.17,0.01,30,15510,买盘
181,09:58:30,5.17,0.0,42,21714,卖盘
182,09:58:42,5.17,0.0,10,5170,卖盘
183,09:58:48,5.17,0.0,11,5687,卖盘
184,09:59:00,5.16,-0.01,23,11868,卖盘
185,09:59:06,5.16,0.0,30,15480,卖盘
186,09:59:09,5.16,0.0,4,2064,买盘
187,09:59:12,5.16,0.0,3,1548,买盘
188,09:59:15,5.15,-0.01,9,4635,卖盘
189,09:59:21,5.15,0.0,5,2575,卖盘
190,09:59:27,5.16,0.01,31,15991,买盘
191,09:59:30,5.14,-0.02,25,12850,卖盘
192,09:59:54,5.14,0.0,7,3598,卖盘
193,10:00:09,5.16,0.02,120,61920,买盘
194,10:00:36,5.15,-0.01,36,18540,卖盘
195,10:00:51,5.15,0.0,7,3605,卖盘
196,10:01:06,5.15,0.0,11,5665,卖盘
197,10:01:15,5.15,0.0,6,3090,卖盘
198,10:01:18,5.15,0.0,22,11330,卖盘
199,10:01:36,5.15,0.0,7,3605,卖盘
200,10:01:48,5.15,0.0,7,3605,卖盘
201,10:01:57,5.16,0.01,17,8772,买盘
202,10:02:03,5.15,-0.01,39,20085,卖盘
203,10:02:06,5.15,0.0,10,5150,卖盘
204,10:02:15,5.15,0.0,6,3090,卖盘
205,10:02:36,5.15,0.0,14,7210,卖盘
206,10:02:45,5.15,0.0,7,3605,卖盘
207,10:02:48,5.15,0.0,1,515,卖盘
208,10:02:57,5.15,0.0,28,14420,卖盘
209,10:03:06,5.15,0.0,191,98365,卖盘
210,10:03:12,5.15,0.0,28,14420,买盘
211,10:03:15,5.15,0.0,72,37080,卖盘
212,10:03:30,5.15,0.0,2,1030,买盘
213,10:03:36,5.15,0.0,105,53990,买盘
214,10:03:42,5.15,0.0,3,1545,卖盘
215,10:03:54,5.14,-0.01,5,2570,卖盘
216,10:04:06,5.14,0.0,34,17476,卖盘
217,10:04:36,5.14,0.0,42,21588,卖盘
218,10:05:06,5.15,0.01,403,207146,买盘
219,10:05:09,5.15,0.0,1,515,卖盘
220,10:05:12,5.15,0.0,11,5665,卖盘
221,10:05:36,5.15,0.0,56,28840,卖盘
222,10:05:54,5.14,-0.01,299,153691,卖盘
223,10:06:06,5.13,-0.01,105,53865,卖盘
224,10:06:09,5.14,0.01,2,1028,买盘
225,10:06:21,5.14,0.0,24,12376,卖盘
226,10:06:30,5.14,0.0,27,13878,卖盘
227,10:06:36,5.14,0.0,52,26728,卖盘
228,10:07:04,5.13,-0.01,621,318720,卖盘
229,10:07:07,5.12,-0.01,199,101888,卖盘
230,10:07:22,5.13,0.01,1,513,买盘
231,10:07:25,5.13,0.0,1,513,买盘
232,10:07:27,5.13,0.0,4,2052,买盘
233,10:07:30,5.13,0.0,4,2052,买盘
234,10:07:33,5.13,0.0,79,40527,买盘
235,10:07:37,5.13,0.0,81,41553,卖盘
236,10:07:39,5.13,0.0,4,2052,买盘
237,10:07:42,5.15,0.02,52,26776,买盘
238,10:07:48,5.13,-0.02,1,513,卖盘
239,10:07:51,5.13,0.0,10,5130,买盘
240,10:07:54,5.13,0.0,12,6156,买盘
241,10:07:57,5.13,0.0,6,3078,卖盘
242,10:08:06,5.13,0.0,48,24624,卖盘
243,10:08:33,5.13,0.0,5,2565,卖盘
244,10:08:42,5.13,0.0,7,3591,卖盘
245,10:09:09,5.14,0.01,50,25700,买盘
246,10:09:12,5.13,-0.01,26,13338,卖盘
247,10:09:22,5.14,0.01,25,12850,买盘
248,10:09:28,5.15,0.01,15,7725,买盘
249,10:09:51,5.14,-0.01,13,6682,卖盘
250,10:10:09,5.14,0.0,15,7710,卖盘
251,10:10:12,5.14,0.0,2,1028,卖盘
252,10:10:15,5.14,0.0,50,25700,买盘
253,10:10:21,5.13,-0.01,27,13851,卖盘
254,10:10:52,5.13,0.0,9,4617,卖盘
255,10:11:00,5.13,0.0,633,324729,卖盘
256,10:11:21,5.12,-0.01,197,100864,卖盘
257,10:11:33,5.13,0.01,37,18981,买盘
258,10:11:54,5.12,-0.01,72,36864,卖盘
259,10:12:12,5.12,0.0,419,214528,卖盘
260,10:12:18,5.12,0.0,30,15360,买盘
261,10:12:24,5.11,-0.01,188,96099,卖盘
262,10:12:27,5.12,0.01,80,40960,买盘
263,10:12:30,5.12,0.0,393,201216,买盘
264,10:12:34,5.12,0.0,49,25088,买盘
265,10:12:37,5.12,0.0,22,11264,买盘
266,10:12:42,5.12,0.0,70,35840,卖盘
267,10:12:49,5.12,0.0,26,13312,买盘
268,10:12:54,5.12,0.0,187,95744,卖盘
269,10:12:57,5.12,0.0,11,5632,买盘
270,10:13:13,5.12,0.0,25,12800,买盘
271,10:13:15,5.12,0.0,10,5120,中性盘
272,10:13:24,5.12,0.0,74,37888,卖盘
273,10:13:40,5.13,0.01,59,30220,买盘
274,10:13:48,5.13,0.0,2,1026,买盘
275,10:13:51,5.12,-0.01,2,1024,卖盘
276,10:13:54,5.12,0.0,45,23040,卖盘
277,10:13:58,5.12,0.0,4,2048,卖盘
278,10:14:04,5.12,0.0,483,247297,卖盘
279,10:14:09,5.12,0.0,8,4096,买盘
280,10:14:12,5.12,0.0,31,15872,买盘
281,10:14:18,5.12,0.0,100,51200,卖盘
282,10:14:24,5.12,0.0,81,41472,卖盘
283,10:14:30,5.12,0.0,5,2560,买盘
284,10:14:45,5.12,0.0,30,15360,买盘
285,10:14:54,5.11,-0.01,60,30671,卖盘
286,10:15:12,5.11,0.0,18,9198,卖盘
287,10:15:22,5.11,0.0,1,511,卖盘
288,10:15:24,5.11,0.0,18,9198,卖盘
289,10:15:39,5.11,0.0,20,10220,卖盘
290,10:15:42,5.12,0.01,20,10240,买盘
291,10:15:48,5.12,0.0,10,5120,买盘
292,10:15:54,5.12,0.0,64,32744,买盘
293,10:15:57,5.11,-0.01,19,9709,卖盘
294,10:16:06,5.12,0.01,68,34816,买盘
295,10:16:24,5.11,-0.01,46,23506,卖盘
296,10:16:39,5.12,0.01,25,12793,买盘
297,10:16:42,5.12,0.0,4,2048,买盘
298,10:16:48,5.12,0.0,5,2560,买盘
299,10:16:54,5.11,-0.01,31,15841,卖盘
300,10:16:57,5.11,0.0,811,414432,卖盘
301,10:17:04,5.12,0.01,3,1536,买盘
302,10:17:06,5.11,-0.01,754,385294,卖盘
303,10:17:12,5.11,0.0,24,12264,买盘
304,10:17:16,5.1,-0.01,29,14790,卖盘
305,10:17:21,5.11,0.01,200,102200,买盘
306,10:17:24,5.1,-0.01,500,255000,卖盘
307,10:17:30,5.11,0.01,22,11242,买盘
308,10:17:33,5.11,0.0,2,1022,卖盘
309,10:17:45,5.11,0.0,41,20951,卖盘
310,10:17:54,5.11,0.0,29,14819,买盘
311,10:17:57,5.1,-0.01,174,88741,卖盘
312,10:18:06,5.11,0.01,20,10220,卖盘
313,10:18:09,5.11,0.0,6,3066,卖盘
314,10:18:15,5.11,0.0,19,9709,卖盘
315,10:18:25,5.11,0.0,10,5110,卖盘
316,10:18:27,5.11,0.0,50,25550,卖盘
317,10:18:33,5.11,0.0,8,4088,买盘
318,10:18:36,5.11,0.0,3,1533,买盘
319,10:18:39,5.1,-0.01,162,82620,卖盘
320,10:18:51,5.1,0.0,100,51007,卖盘
321,10:18:54,5.12,0.02,1,512,买盘
322,10:18:57,5.1,-0.02,100,51000,卖盘
323,10:19:06,5.11,0.01,5,2555,买盘
324,10:19:09,5.1,-0.01,100,51000,卖盘
325,10:19:24,5.1,0.0,100,51000,卖盘
326,10:19:27,5.1,0.0,61,31110,卖盘
327,10:19:39,5.1,0.0,100,51000,卖盘
328,10:19:42,5.1,0.0,57,29070,卖盘
329,10:19:45,5.1,0.0,10,5100,卖盘
330,10:19:48,5.1,0.0,2,1020,卖盘
331,10:19:51,5.1,0.0,10,5100,卖盘
332,10:19:54,5.11,0.01,16,8176,买盘
333,10:19:57,5.1,-0.01,99,50490,卖盘
334,10:20:04,5.11,0.01,104,53044,买盘
335,10:20:06,5.1,-0.01,29,14790,卖盘
336,10:20:12,5.11,0.01,5,2555,买盘
337,10:20:15,5.11,0.0,17,8687,卖盘
338,10:20:21,5.1,-0.01,5,2550,卖盘
339,10:20:24,5.11,0.01,48,24528,买盘
340,10:20:27,5.1,-0.01,83,42330,卖盘
341,10:20:39,5.1,0.0,2,1020,卖盘
342,10:20:51,5.11,0.01,1,511,买盘
343,10:20:57,5.1,-0.01,43,21930,卖盘
344,10:21:06,5.11,0.01,10,5110,买盘
345,10:21:13,5.1,-0.01,71,36210,卖盘
346,10:21:24,5.1,0.0,25,12750,卖盘
347,10:21:27,5.11,0.01,48,24495,买盘
348,10:21:31,5.11,0.0,3,1533,买盘
349,10:21:49,5.11,0.0,30,15311,买盘
350,10:21:52,5.1,-0.01,2,1020,卖盘
351,10:21:57,5.1,0.0,36,18360,卖盘
352,10:22:12,5.1,0.0,100,51000,卖盘
353,10:22:15,5.11,0.01,2,1022,买盘
354,10:22:18,5.1,-0.01,150,76500,卖盘
355,10:22:27,5.1,0.0,89,45390,卖盘
356,10:22:49,5.11,0.01,29,14799,买盘
357,10:22:58,5.1,-0.01,10,5100,卖盘
358,10:23:04,5.11,0.01,20,10220,买盘
359,10:23:09,5.11,0.0,10,5110,买盘
360,10:23:28,5.1,-0.01,5,2550,卖盘
361,10:23:45,5.1,0.0,3,1530,卖盘
362,10:24:15,5.1,0.0,204,104040,卖盘
363,10:24:21,5.1,0.0,19,9690,卖盘
364,10:24:24,5.11,0.01,20,10220,买盘
365,10:24:28,5.1,-0.01,175,89250,卖盘
366,10:24:36,5.1,0.0,66,33660,卖盘
367,10:24:42,5.11,0.01,1,511,买盘
368,10:24:45,5.1,-0.01,248,126480,卖盘
369,10:24:48,5.1,0.0,57,29070,卖盘
370,10:24:51,5.1,0.0,53,27030,卖盘
371,10:24:54,5.1,0.0,233,118830,卖盘
372,10:24:57,5.1,0.0,36,18360,卖盘
373,10:25:00,5.1,0.0,15,7650,卖盘
374,10:25:04,5.11,0.01,20,10205,买盘
375,10:25:15,5.09,-0.02,196,99764,卖盘
376,10:25:24,5.09,0.0,18,9162,卖盘
377,10:25:36,5.09,0.0,25,12725,卖盘
378,10:25:39,5.09,0.0,105,53445,卖盘
379,10:25:42,5.09,0.0,20,10180,卖盘
380,10:25:45,5.09,0.0,10,5090,卖盘
381,10:25:51,5.09,0.0,3,1527,买盘
382,10:25:57,5.09,0.0,1,509,买盘
383,10:26:16,5.09,0.0,10,5090,卖盘
384,10:26:18,5.09,0.0,30,15270,卖盘
385,10:26:24,5.09,0.0,3,1527,买盘
386,10:26:42,5.09,0.0,28,14252,买盘
387,10:26:45,5.08,-0.01,63,32054,卖盘
388,10:26:57,5.09,0.01,14,7115,买盘
389,10:27:04,5.09,0.0,10,5090,买盘
390,10:27:15,5.08,-0.01,30,15240,卖盘
391,10:27:18,5.09,0.01,4,2036,买盘
392,10:27:21,5.09,0.0,12,6106,买盘
393,10:27:31,5.09,0.0,24,12201,买盘
394,10:27:42,5.08,-0.01,18,9144,卖盘
395,10:27:45,5.08,0.0,106,53848,卖盘
396,10:27:48,5.08,0.0,56,28448,卖盘
397,10:27:54,5.08,0.0,300,152400,卖盘
398,10:28:00,5.08,0.0,132,67056,卖盘
399,10:28:04,5.08,0.0,85,43180,卖盘
400,10:28:06,5.08,0.0,5,2540,买盘
401,10:28:09,5.08,0.0,8,4064,买盘
402,10:28:12,5.08,0.0,13,6604,买盘
403,10:28:15,5.07,-0.01,135,68452,卖盘
404,10:28:21,5.07,0.0,79,40003,买盘
405,10:28:27,5.07,0.0,67,33962,买盘
406,10:28:30,5.06,-0.01,42,21286,卖盘
407,10:28:33,5.07,0.01,35,17745,买盘
408,10:28:39,5.06,-0.01,57,28859,卖盘
409,10:28:42,5.06,0.0,13,6582,卖盘
410,10:28:45,5.07,0.01,165,83655,买盘
411,10:28:48,5.06,-0.01,40,20276,卖盘
412,10:28:54,5.07,0.01,10,5070,卖盘
413,10:29:00,5.07,0.0,6,3042,卖盘
414,10:29:03,5.07,0.0,153,77571,卖盘
415,10:29:15,5.07,0.0,113,57291,卖盘
416,10:29:18,5.08,0.01,82,41656,买盘
417,10:29:24,5.08,0.0,2,1016,卖盘
418,10:29:27,5.08,0.0,4,2032,卖盘
419,10:29:30,5.09,0.01,2,1018,买盘
420,10:29:33,5.08,-0.01,1,508,卖盘
421,10:29:45,5.08,0.0,74,37605,卖盘
422,10:29:48,5.08,0.0,78,39664,卖盘
423,10:29:54,5.08,0.0,18,9144,中性盘
424,10:30:10,5.08,0.0,37,18796,卖盘
425,10:30:15,5.07,-0.01,70,35500,卖盘
426,10:30:18,5.07,0.0,7,3549,卖盘
427,10:30:27,5.08,0.01,46,23368,买盘
428,10:30:33,5.08,0.0,10,5080,卖盘
429,10:30:45,5.08,0.0,36,18288,卖盘
430,10:30:51,5.08,0.0,4,2032,卖盘
431,10:30:54,5.09,0.01,2,1018,买盘
432,10:30:57,5.08,-0.01,2,1016,卖盘
433,10:31:04,5.09,0.01,55,27955,买盘
434,10:31:06,5.08,-0.01,20,10160,卖盘
435,10:31:15,5.09,0.01,243,123687,买盘
436,10:31:18,5.09,0.0,77,39193,卖盘
437,10:31:36,5.1,0.01,10,5100,买盘
438,10:31:39,5.09,-0.01,5,2545,卖盘
439,10:31:42,5.1,0.01,5,2550,买盘
440,10:31:45,5.1,0.0,15,7650,买盘
441,10:31:48,5.09,-0.01,104,52936,卖盘
442,10:32:00,5.1,0.01,50,25500,买盘
443,10:32:04,5.1,0.0,5,2550,买盘
444,10:32:19,5.1,0.0,98,49928,买盘
445,10:32:21,5.09,-0.01,2,1018,卖盘
446,10:32:24,5.09,0.0,75,38198,卖盘
447,10:32:30,5.09,0.0,27,13743,买盘
448,10:32:37,5.09,0.0,45,22905,买盘
449,10:32:42,5.09,0.0,20,10180,买盘
450,10:32:48,5.08,-0.01,83,42164,卖盘
451,10:32:54,5.08,0.0,10,5080,卖盘
452,10:33:00,5.09,0.01,197,100273,买盘
453,10:33:18,5.09,0.0,4,2036,卖盘
454,10:33:24,5.08,-0.01,100,50800,卖盘
455,10:33:48,5.08,0.0,29,14732,卖盘
456,10:33:57,5.08,0.0,8,4064,卖盘
457,10:34:09,5.1,0.02,10,5100,买盘
458,10:34:18,5.08,-0.02,27,13716,卖盘
459,10:34:36,5.08,0.0,50,25400,卖盘
460,10:34:48,5.08,0.0,20,10160,卖盘
461,10:34:58,5.1,0.02,1,510,买盘
462,10:35:06,5.1,0.0,9,4590,买盘
463,10:35:18,5.08,-0.02,9,4572,卖盘
464,10:35:45,5.09,0.01,6,3054,中性盘
465,10:35:48,5.09,0.0,35,17815,卖盘
466,10:36:06,5.09,0.0,40,20360,卖盘
467,10:36:40,5.09,0.0,62,31558,中性盘
468,10:36:48,5.09,0.0,250,127450,卖盘
469,10:37:06,5.09,0.0,166,84494,卖盘
470,10:37:12,5.08,-0.01,147,74676,卖盘
471,10:37:36,5.08,0.0,20,10160,卖盘
472,10:37:39,5.09,0.01,20,10180,买盘
473,10:37:42,5.08,-0.01,51,25908,卖盘
474,10:37:51,5.09,0.01,3,1527,买盘
475,10:38:12,5.09,0.0,31,15757,买盘
476,10:38:15,5.09,0.0,9,4581,买盘
477,10:38:18,5.09,0.0,15,7635,买盘
478,10:38:24,5.08,-0.01,10,5080,卖盘
479,10:38:27,5.09,0.01,20,10180,买盘
480,10:38:43,5.08,-0.01,28,14224,卖盘
481,10:38:46,5.09,0.01,6,3054,买盘
482,10:39:12,5.09,0.0,10,5090,卖盘
483,10:39:18,5.09,0.0,23,11707,卖盘
484,10:39:42,5.08,-0.01,12,6096,卖盘
485,10:39:48,5.09,0.01,10,5090,买盘
486,10:40:09,5.08,-0.01,57,28956,卖盘
487,10:40:12,5.08,0.0,3,1524,卖盘
488,10:40:15,5.09,0.01,63,32017,买盘
489,10:40:21,5.09,0.0,23,11707,买盘
490,10:40:39,5.09,0.0,27,13743,卖盘
491,10:40:42,5.08,-0.01,43,21844,卖盘
492,10:41:12,5.08,0.0,22,11176,卖盘
493,10:41:15,5.09,0.01,20,10180,买盘
494,10:41:21,5.09,0.0,12,6108,买盘
495,10:41:33,5.1,0.01,2,1020,买盘
496,10:41:42,5.09,-0.01,17,8653,卖盘
497,10:41:46,5.09,0.0,26,13234,卖盘
498,10:42:00,5.09,0.0,96,48864,买盘
499,10:42:12,5.08,-0.01,43,21853,卖盘
500,10:42:42,5.09,0.01,13,6617,卖盘
501,10:42:55,5.09,0.0,41,20869,卖盘
502,10:42:57,5.1,0.01,10,5100,买盘
503,10:43:12,5.09,-0.01,23,11707,卖盘
504,10:43:43,5.09,0.0,9,4581,卖盘
505,10:43:57,5.09,0.0,5,2545,卖盘
506,10:44:12,5.09,0.0,6,3056,卖盘
507,10:44:39,5.1,0.01,21,10710,买盘
508,10:44:42,5.09,-0.01,11,5605,卖盘
509,10:45:03,5.1,0.01,5,2550,买盘
510,10:45:12,5.09,-0.01,7,3563,卖盘
511,10:45:24,5.1,0.01,224,114240,买盘
512,10:45:39,5.1,0.0,37,18870,买盘
513,10:45:42,5.09,-0.01,204,104036,卖盘
514,10:45:51,5.09,0.0,1,509,卖盘
515,10:46:04,5.09,0.0,60,30540,卖盘
516,10:46:12,5.09,0.0,103,52448,卖盘
517,10:46:15,5.1,0.01,29,14790,买盘
518,10:46:36,5.11,0.01,20,10220,买盘
519,10:46:39,5.11,0.0,239,121929,买盘
520,10:46:45,5.1,-0.01,113,57630,卖盘
521,10:46:48,5.11,0.01,400,204400,买盘
522,10:46:51,5.1,-0.01,20,10200,卖盘
523,10:46:58,5.11,0.01,50,25550,买盘
524,10:47:04,5.1,-0.01,23,11730,卖盘
525,10:47:15,5.1,0.0,181,92310,卖盘
526,10:47:40,5.11,0.01,1,511,买盘
527,10:47:45,5.1,-0.01,47,23970,卖盘
528,10:48:15,5.09,-0.01,13,6617,卖盘
529,10:48:37,5.09,0.0,5,2545,卖盘
530,10:48:43,5.09,0.0,4,2036,卖盘
531,10:48:45,5.09,0.0,2,1018,卖盘
532,10:49:00,5.09,0.0,10,5090,卖盘
533,10:49:15,5.09,0.0,9,4581,卖盘
534,10:49:45,5.09,0.0,4,2036,卖盘
535,10:49:48,5.11,0.02,3,1533,买盘
536,10:50:03,5.09,-0.02,50,25450,卖盘
537,10:50:15,5.09,0.0,17,8653,卖盘
538,10:50:39,5.1,0.01,35,17850,卖盘
539,10:50:45,5.1,0.0,13,6630,卖盘
540,10:50:48,5.1,0.0,15,7650,卖盘
541,10:50:51,5.11,0.01,50,25531,买盘
542,10:51:12,5.1,-0.01,36,18360,买盘
543,10:51:15,5.1,0.0,33,16830,卖盘
544,10:51:21,5.11,0.01,2,1022,买盘
545,10:51:25,5.11,0.0,5,2555,买盘
546,10:51:28,5.1,-0.01,14,7140,卖盘
547,10:51:31,5.1,0.0,5,2550,卖盘
548,10:51:45,5.1,0.0,4,2040,卖盘
549,10:52:15,5.09,-0.01,11,5605,卖盘
550,10:52:22,5.1,0.01,1,510,买盘
551,10:52:39,5.09,-0.01,20,10180,卖盘
552,10:52:42,5.1,0.01,2,1020,买盘
553,10:52:45,5.09,-0.01,6,3054,卖盘
554,10:53:15,5.09,0.0,6,3054,卖盘
555,10:53:36,5.1,0.01,6,3060,买盘
556,10:53:45,5.09,-0.01,101,51509,卖盘
557,10:53:51,5.1,0.01,62,31620,买盘
558,10:54:15,5.1,0.0,49,24990,卖盘
559,10:54:21,5.1,0.0,6,3060,卖盘
560,10:54:24,5.1,0.0,65,33150,卖盘
561,10:54:45,5.1,0.0,41,20910,卖盘
562,10:55:09,5.1,0.0,10,5100,卖盘
563,10:55:15,5.1,0.0,10,5100,卖盘
564,10:55:18,5.1,0.0,17,8670,卖盘
565,10:55:22,5.1,0.0,30,15300,卖盘
566,10:55:48,5.1,0.0,21,10710,卖盘
567,10:55:51,5.1,0.0,37,18870,卖盘
568,10:56:09,5.1,0.0,5,2550,卖盘
569,10:56:18,5.1,0.0,22,11220,卖盘
570,10:56:42,5.1,0.0,5,2550,卖盘
571,10:56:48,5.1,0.0,8,4080,卖盘
572,10:56:51,5.1,0.0,20,10200,卖盘
573,10:57:09,5.1,0.0,58,29590,卖盘
574,10:57:16,5.11,0.01,14,7154,买盘
575,10:57:19,5.1,-0.01,27,13770,卖盘
576,10:57:22,5.1,0.0,18,9180,卖盘
577,10:57:25,5.1,0.0,37,18870,买盘
578,10:57:48,5.09,-0.01,20,10180,卖盘
579,10:58:00,5.1,0.01,16,8160,买盘
580,10:58:15,5.1,0.0,32,16320,卖盘
581,10:58:48,5.09,-0.01,7,3563,卖盘
582,10:59:18,5.09,0.0,2,1018,卖盘
583,10:59:25,5.09,0.0,10,5090,卖盘
584,10:59:27,5.1,0.01,48,24480,买盘
585,10:59:49,5.09,-0.01,21,10689,卖盘
586,11:00:00,5.09,0.0,13,6617,卖盘
587,11:00:18,5.09,0.0,5,2545,卖盘
588,11:00:21,5.1,0.01,4,2040,买盘
589,11:00:24,5.1,0.0,16,8160,买盘
590,11:00:27,5.1,0.0,31,15810,买盘
591,11:00:30,5.1,0.0,8,4079,买盘
592,11:00:33,5.1,0.0,38,19380,买盘
593,11:00:36,5.1,0.0,2,1020,卖盘
594,11:00:48,5.1,0.0,31,15810,卖盘
595,11:00:51,5.11,0.01,4,2044,买盘
596,11:00:54,5.1,-0.01,30,15300,卖盘
597,11:01:00,5.1,0.0,20,10200,卖盘
598,11:01:18,5.1,0.0,27,13770,卖盘
599,11:01:24,5.1,0.0,11,5610,卖盘
600,11:01:48,5.1,0.0,12,6120,卖盘
601,11:02:18,5.1,0.0,2,1020,卖盘
602,11:02:24,5.11,0.01,12,6132,买盘
603,11:02:36,5.11,0.0,150,76650,买盘
604,11:02:39,5.11,0.0,14,7154,买盘
605,11:02:42,5.11,0.0,6,3066,买盘
606,11:02:45,5.11,0.0,26,13286,买盘
607,11:02:48,5.1,-0.01,63,32136,卖盘
608,11:02:54,5.11,0.01,1,511,买盘
609,11:02:57,5.11,0.0,1,511,买盘
610,11:03:00,5.1,-0.01,21,10711,卖盘
611,11:03:06,5.11,0.01,21,10731,买盘
612,11:03:09,5.11,0.0,1,511,买盘
613,11:03:12,5.11,0.0,19,9699,买盘
614,11:03:21,5.1,-0.01,46,23460,卖盘
615,11:03:45,5.11,0.01,30,15330,买盘
616,11:03:48,5.11,0.0,1,511,买盘
617,11:03:51,5.11,0.0,21,10711,买盘
618,11:03:57,5.11,0.0,15,7656,买盘
619,11:04:03,5.1,-0.01,3,1530,卖盘
620,11:04:21,5.1,0.0,13,6630,卖盘
621,11:04:33,5.11,0.01,27,13797,买盘
622,11:04:42,5.11,0.0,8,4088,买盘
623,11:05:04,5.11,0.0,12,6132,卖盘
624,11:05:12,5.11,0.0,6,3066,买盘
625,11:05:24,5.1,-0.01,5,2550,卖盘
626,11:05:54,5.1,0.0,3,1530,卖盘
627,11:06:12,5.13,0.03,268,137189,买盘
628,11:06:48,5.13,0.0,3,1539,买盘
629,11:06:54,5.11,-0.02,32,16352,卖盘
630,11:06:57,5.11,0.0,13,6643,买盘
631,11:07:01,5.11,0.0,5,2555,买盘
632,11:07:04,5.11,0.0,28,14308,买盘
633,11:07:24,5.11,0.0,83,42413,卖盘
634,11:07:51,5.12,0.01,419,214528,卖盘
635,11:07:54,5.11,-0.01,146,74606,卖盘
636,11:07:57,5.11,0.0,500,255500,卖盘
637,11:08:00,5.12,0.01,30,15360,买盘
638,11:08:06,5.12,0.0,5,2560,买盘
639,11:08:09,5.11,-0.01,4,2044,卖盘
640,11:08:12,5.11,0.0,197,100667,卖盘
641,11:08:15,5.11,0.0,1,511,买盘
642,11:08:18,5.1,-0.01,221,112710,卖盘
643,11:08:24,5.09,-0.01,44,22396,卖盘
644,11:08:27,5.09,0.0,285,145065,买盘
645,11:08:31,5.1,0.01,279,142290,买盘
646,11:08:51,5.11,0.01,10,5110,买盘
647,11:08:55,5.1,-0.01,52,26520,卖盘
648,11:08:57,5.1,0.0,98,49980,买盘
649,11:09:00,5.1,0.0,32,16320,买盘
650,11:09:06,5.11,0.01,1,511,买盘
651,11:09:09,5.11,0.0,1,511,买盘
652,11:09:12,5.11,0.0,3,1533,买盘
653,11:09:15,5.11,0.0,5,2555,买盘
654,11:09:18,5.11,0.0,22,11242,买盘
655,11:09:21,5.11,0.0,5,2555,买盘
656,11:09:24,5.11,0.0,4,2044,买盘
657,11:09:27,5.11,0.0,72,36727,买盘
658,11:09:30,5.11,0.0,44,22484,买盘
659,11:09:54,5.12,0.01,20,10240,买盘
660,11:09:57,5.11,-0.01,1,511,卖盘
661,11:10:06,5.11,0.0,1,511,买盘
662,11:10:09,5.11,0.0,1,511,买盘
663,11:10:24,5.11,0.0,8,4088,买盘
664,11:10:27,5.1,-0.01,15,7663,卖盘
665,11:10:30,5.11,0.01,27,13797,买盘
666,11:10:34,5.1,-0.01,16,8162,卖盘
667,11:10:37,5.11,0.01,2,1022,买盘
668,11:10:39,5.11,0.0,3,1533,买盘
669,11:10:42,5.11,0.0,3,1533,买盘
670,11:10:45,5.1,-0.01,10,5103,卖盘
671,11:10:48,5.11,0.01,1,511,买盘
672,11:10:51,5.11,0.0,9,4599,买盘
673,11:10:54,5.11,0.0,3,1533,买盘
674,11:10:57,5.11,0.0,37,18876,买盘
675,11:11:27,5.11,0.0,8,4088,卖盘
676,11:11:57,5.11,0.0,6,3066,卖盘
677,11:12:27,5.11,0.0,1,511,卖盘
678,11:12:37,5.11,0.0,31,15841,卖盘
679,11:12:57,5.11,0.0,9,4599,卖盘
680,11:13:28,5.11,0.0,1,511,卖盘
681,11:13:36,5.11,0.0,91,46501,卖盘
682,11:13:57,5.11,0.0,27,13797,卖盘
683,11:14:27,5.11,0.0,12,6132,卖盘
684,11:14:54,5.11,0.0,4,2044,卖盘
685,11:14:57,5.11,0.0,3,1533,卖盘
686,11:15:00,5.11,0.0,3,1533,买盘
687,11:15:06,5.11,0.0,3,1533,买盘
688,11:15:10,5.11,0.0,3,1533,买盘
689,11:15:12,5.11,0.0,27,13797,买盘
690,11:15:27,5.11,0.0,14,7154,卖盘
691,11:15:30,5.11,0.0,2,1022,买盘
692,11:15:39,5.11,0.0,1,511,买盘
693,11:15:42,5.11,0.0,1,511,买盘
694,11:15:45,5.11,0.0,3,1533,买盘
695,11:15:48,5.11,0.0,3,1533,买盘
696,11:15:57,5.1,-0.01,4,2040,卖盘
697,11:16:27,5.11,0.01,1,511,卖盘
698,11:16:45,5.11,0.0,9,4599,卖盘
699,11:16:48,5.11,0.0,1,511,买盘
700,11:16:51,5.11,0.0,3,1533,买盘
701,11:16:54,5.11,0.0,2,1022,买盘
702,11:17:00,5.11,0.0,3,1533,买盘
703,11:17:31,5.11,0.0,5,2555,卖盘
704,11:17:45,5.11,0.0,19,9709,卖盘
705,11:17:51,5.12,0.01,30,15360,买盘
706,11:17:55,5.12,0.0,11,5632,买盘
707,11:18:00,5.11,-0.01,18,9198,卖盘
708,11:18:30,5.11,0.0,1,511,卖盘
709,11:19:00,5.11,0.0,3,1533,卖盘
710,11:19:10,5.12,0.01,85,43520,买盘
711,11:19:30,5.12,0.0,15,7680,卖盘
712,11:19:57,5.13,0.01,3,1539,买盘
713,11:20:00,5.12,-0.01,8,4096,卖盘
714,11:20:18,5.12,0.0,50,25600,卖盘
715,11:20:21,5.12,0.0,21,10758,卖盘
716,11:20:30,5.11,-0.01,25,12775,卖盘
717,11:20:34,5.12,0.01,30,15360,买盘
718,11:20:36,5.12,0.0,1,512,买盘
719,11:20:40,5.12,0.0,41,20992,买盘
720,11:20:54,5.13,0.01,45,23085,买盘
721,11:21:00,5.12,-0.01,24,12288,卖盘
722,11:21:03,5.12,0.0,1,512,买盘
723,11:21:06,5.12,0.0,1,512,买盘
724,11:21:10,5.12,0.0,1,512,买盘
725,11:21:30,5.11,-0.01,9,4599,卖盘
726,11:21:33,5.12,0.01,1,512,买盘
727,11:21:36,5.12,0.0,4,2048,买盘
728,11:22:00,5.12,0.0,2,1024,卖盘
729,11:22:30,5.12,0.0,51,26162,卖盘
730,11:22:42,5.13,0.01,185,94903,买盘
731,11:22:51,5.13,0.0,11,5643,买盘
732,11:22:54,5.13,0.0,50,25650,买盘
733,11:23:00,5.12,-0.01,87,44544,卖盘
734,11:23:30,5.12,0.0,28,14336,卖盘
735,11:24:00,5.12,0.0,9,4608,卖盘
736,11:24:30,5.12,0.0,5,2560,卖盘
737,11:24:51,5.13,0.01,5,2565,买盘
738,11:25:01,5.12,-0.01,3,1536,卖盘
739,11:25:21,5.13,0.01,16,8208,买盘
740,11:25:34,5.12,-0.01,4,2048,卖盘
741,11:25:37,5.13,0.01,31,15903,买盘
742,11:26:03,5.12,-0.01,6,3072,卖盘
743,11:26:10,5.12,0.0,1,512,卖盘
744,11:26:12,5.13,0.01,14,7182,买盘
745,11:26:30,5.12,-0.01,23,11776,卖盘
746,11:26:33,5.12,0.0,5,2560,卖盘
747,11:26:42,5.13,0.01,15,7695,买盘
748,11:26:57,5.13,0.0,50,25650,买盘
749,11:27:03,5.12,-0.01,30,15360,卖盘
750,11:27:10,5.12,0.0,348,178176,卖盘
751,11:27:33,5.11,-0.01,113,57743,卖盘
752,11:27:48,5.11,0.0,19,9709,卖盘
753,11:27:57,5.11,0.0,81,41391,买盘
754,11:28:03,5.1,-0.01,62,31620,卖盘
755,11:28:33,5.1,0.0,19,9690,卖盘
756,11:28:36,5.1,0.0,39,19890,卖盘
757,11:28:48,5.1,0.0,5,2550,卖盘
758,11:29:03,5.1,0.0,23,11730,卖盘
759,11:29:33,5.1,0.0,3,1530,卖盘
760,11:29:54,5.12,0.02,2,1024,买盘
761,13:00:04,5.1,-0.02,95,48472,卖盘
762,13:00:06,5.11,0.01,10,5101,买盘
763,13:00:09,5.11,0.0,4,2044,买盘
764,13:00:12,5.11,0.0,11,5621,买盘
765,13:00:15,5.11,0.0,14,7154,买盘
766,13:00:18,5.11,0.0,3,1533,买盘
767,13:00:21,5.11,0.0,90,45990,买盘
768,13:00:33,5.11,0.0,30,15330,卖盘
769,13:00:36,5.11,0.0,2,1022,买盘
770,13:00:39,5.11,0.0,2,1022,买盘
771,13:00:42,5.11,0.0,2,1022,买盘
772,13:00:45,5.11,0.0,2,1022,买盘
773,13:01:04,5.1,-0.01,10,5100,卖盘
774,13:01:33,5.1,0.0,5,2550,卖盘
775,13:01:48,5.1,0.0,10,5100,卖盘
776,13:02:04,5.1,0.0,1,510,卖盘
777,13:02:12,5.1,0.0,20,10200,卖盘
778,13:02:33,5.1,0.0,4,2040,卖盘
779,13:03:04,5.1,0.0,2,1020,卖盘
780,13:03:33,5.1,0.0,1,510,卖盘
781,13:03:54,5.1,0.0,3,1530,卖盘
782,13:04:04,5.1,0.0,2,1020,卖盘
783,13:04:21,5.1,0.0,12,6120,卖盘
784,13:04:36,5.1,0.0,3,1530,卖盘
785,13:04:51,5.1,0.0,30,15300,卖盘
786,13:05:00,5.1,0.0,1,510,卖盘
787,13:05:06,5.1,0.0,7,3570,卖盘
788,13:05:21,5.1,0.0,8,4080,卖盘
789,13:05:36,5.1,0.0,4,2040,卖盘
790,13:05:48,5.1,0.0,80,40800,卖盘
791,13:06:07,5.1,0.0,28,14280,卖盘
792,13:06:21,5.1,0.0,20,10200,卖盘
793,13:06:33,5.11,0.01,51,26061,买盘
794,13:06:36,5.1,-0.01,25,12750,卖盘
795,13:06:42,5.1,0.0,150,76500,卖盘
796,13:07:06,5.1,0.0,51,26010,卖盘
797,13:07:21,5.1,0.0,17,8670,卖盘
798,13:07:36,5.1,0.0,17,8670,卖盘
799,13:08:04,5.11,0.01,83,42413,买盘
800,13:08:06,5.1,-0.01,4,2040,卖盘
801,13:08:36,5.1,0.0,28,14280,卖盘
802,13:09:06,5.1,0.0,8,4080,卖盘
803,13:09:15,5.1,0.0,1,510,卖盘
804,13:09:36,5.1,0.0,1,510,卖盘
805,13:10:09,5.11,0.01,11,5621,买盘
806,13:10:36,5.1,-0.01,3,1530,卖盘
807,13:10:39,5.11,0.01,10,5110,买盘
808,13:10:54,5.1,-0.01,16,8160,卖盘
809,13:11:06,5.1,0.0,6,3060,卖盘
810,13:11:39,5.1,0.0,5,2550,卖盘
811,13:12:09,5.1,0.0,7,3570,卖盘
812,13:12:18,5.11,0.01,5,2555,买盘
813,13:12:39,5.1,-0.01,6,3060,卖盘
814,13:12:48,5.1,0.0,20,10200,卖盘
815,13:13:09,5.1,0.0,12,6120,卖盘
816,13:13:18,5.1,0.0,1,510,卖盘
817,13:13:39,5.1,0.0,2,1020,卖盘
818,13:14:30,5.11,0.01,50,25550,买盘
819,13:14:39,5.1,-0.01,69,35190,卖盘
820,13:15:04,5.1,0.0,17,8670,卖盘
821,13:15:09,5.1,0.0,23,11730,卖盘
822,13:15:21,5.1,0.0,20,10200,卖盘
823,13:15:33,5.1,0.0,15,7650,卖盘
824,13:15:39,5.1,0.0,5,2550,卖盘
825,13:15:51,5.09,-0.01,30,15270,卖盘
826,13:16:09,5.09,0.0,14,7126,卖盘
827,13:16:24,5.09,0.0,13,6617,卖盘
828,13:16:33,5.12,0.03,100,51130,买盘
829,13:17:42,5.09,-0.03,160,81540,卖盘
830,13:17:48,5.1,0.01,38,19380,买盘
831,13:17:54,5.1,0.0,21,10710,买盘
832,13:18:04,5.08,-0.02,319,162220,卖盘
833,13:18:09,5.08,0.0,201,102108,卖盘
834,13:18:33,5.09,0.01,2,1018,卖盘
835,13:18:36,5.09,0.0,1,509,买盘
836,13:18:39,5.08,-0.01,62,31497,卖盘
837,13:18:45,5.09,0.01,1,509,买盘
838,13:18:48,5.09,0.0,1,509,买盘
839,13:18:51,5.09,0.0,2,1018,买盘
840,13:18:54,5.09,0.0,9,4581,买盘
841,13:18:57,5.08,-0.01,70,35568,卖盘
842,13:19:03,5.09,0.01,2,1018,买盘
843,13:19:09,5.08,-0.01,53,26928,卖盘
844,13:19:39,5.08,0.0,17,8636,卖盘
845,13:19:48,5.08,0.0,20,10160,卖盘
846,13:20:09,5.08,0.0,30,15261,卖盘
847,13:20:27,5.09,0.01,9,4581,买盘
848,13:20:36,5.09,0.0,12,6108,买盘
849,13:20:39,5.08,-0.01,16,8128,卖盘
850,13:21:09,5.08,0.0,9,4572,卖盘
851,13:21:15,5.09,0.01,50,25450,买盘
852,13:21:27,5.08,-0.01,10,5080,卖盘
853,13:21:36,5.09,0.01,3,1527,买盘
854,13:21:39,5.09,0.0,24,12216,卖盘
855,13:22:06,5.09,0.0,3,1527,卖盘
856,13:22:09,5.08,-0.01,8,4064,卖盘
857,13:22:36,5.08,0.0,200,101600,卖盘
858,13:22:39,5.08,0.0,30,15240,卖盘
859,13:22:45,5.08,0.0,20,10160,买盘
860,13:23:04,5.08,0.0,22,11176,买盘
861,13:23:09,5.08,0.0,18,9144,卖盘
862,13:23:24,5.08,0.0,1,508,卖盘
863,13:23:39,5.08,0.0,4,2032,卖盘
864,13:24:00,5.09,0.01,1,509,买盘
865,13:24:12,5.08,-0.01,1,508,卖盘
866,13:24:33,5.09,0.01,10,5090,买盘
867,13:25:03,5.08,-0.01,6,3048,卖盘
868,13:25:18,5.08,0.0,50,25400,卖盘
869,13:25:27,5.08,0.0,8,4064,卖盘
870,13:25:33,5.08,0.0,19,9652,卖盘
871,13:25:45,5.08,0.0,301,152908,卖盘
872,13:26:04,5.08,0.0,78,39624,卖盘
873,13:26:33,5.07,-0.01,24,12168,卖盘
874,13:26:39,5.07,0.0,241,122187,卖盘
875,13:26:46,5.07,0.0,5,2535,卖盘
876,13:27:06,5.07,0.0,83,42081,卖盘
877,13:27:33,5.07,0.0,27,13689,卖盘
878,13:27:36,5.08,0.01,10,5080,买盘
879,13:27:42,5.07,-0.01,260,131820,卖盘
880,13:27:45,5.07,0.0,27,13689,买盘
881,13:27:48,5.07,0.0,60,30420,买盘
882,13:28:00,5.07,0.0,20,10140,买盘
883,13:28:04,5.07,0.0,46,23322,买盘
884,13:28:06,5.07,0.0,144,72884,买盘
885,13:28:15,5.07,0.0,15,7605,买盘
886,13:28:21,5.07,0.0,6,3042,买盘
887,13:28:27,5.07,0.0,20,10140,买盘
888,13:28:36,5.07,0.0,73,36945,买盘
889,13:29:06,5.06,-0.01,96,48576,卖盘
890,13:29:36,5.06,0.0,30,15180,卖盘
891,13:29:45,5.06,0.0,1109,561154,卖盘
892,13:29:51,5.06,0.0,40,20240,买盘
893,13:29:54,5.06,0.0,4,2024,买盘
894,13:29:57,5.06,0.0,2,1012,买盘
895,13:30:04,5.05,-0.01,1000,505000,卖盘
896,13:30:06,5.05,0.0,1076,543380,卖盘
897,13:30:12,5.04,-0.01,90,45410,卖盘
898,13:30:18,5.05,0.01,2,1010,买盘
899,13:30:21,5.05,0.0,46,23230,买盘
900,13:30:24,5.05,0.0,5,2525,买盘
901,13:30:27,5.05,0.0,11,5555,买盘
902,13:30:30,5.04,-0.01,5,2520,卖盘
903,13:30:33,5.05,0.01,10,5050,买盘
904,13:30:36,5.04,-0.01,501,252505,卖盘
905,13:30:39,5.04,0.0,2,1008,卖盘
906,13:30:42,5.05,0.01,97,48985,买盘
907,13:30:48,5.04,-0.01,22,11088,卖盘
908,13:30:51,5.04,0.0,15,7560,买盘
909,13:30:57,5.04,0.0,13,6552,买盘
910,13:31:00,5.04,0.0,20,10080,卖盘
911,13:31:03,5.04,0.0,17,8573,卖盘
912,13:31:06,5.04,0.0,125,63000,卖盘
913,13:31:10,5.04,0.0,38,19152,买盘
914,13:31:12,5.03,-0.01,65,32750,卖盘
915,13:31:15,5.04,0.01,14,7056,买盘
916,13:31:21,5.04,0.0,40,20160,卖盘
917,13:31:27,5.04,0.0,68,34305,卖盘
918,13:31:30,5.04,0.0,8,4032,买盘
919,13:31:33,5.05,0.01,4,2020,买盘
920,13:31:36,5.04,-0.01,113,56952,卖盘
921,13:31:39,5.04,0.0,30,15125,卖盘
922,13:31:45,5.03,-0.01,505,254108,卖盘
923,13:31:51,5.03,0.0,5,2515,卖盘
924,13:31:58,5.04,0.01,9,4536,买盘
925,13:32:00,5.04,0.0,30,15120,买盘
926,13:32:03,5.04,0.0,3,1512,买盘
927,13:32:06,5.03,-0.01,209,105230,卖盘
928,13:32:09,5.05,0.02,1,505,买盘
929,13:32:12,5.04,-0.01,1,504,卖盘
930,13:32:18,5.04,0.0,30,15120,卖盘
931,13:32:21,5.03,-0.01,84,42335,卖盘
932,13:32:24,5.04,0.01,5,2520,买盘
933,13:32:27,5.04,0.0,116,58464,买盘
934,13:32:33,5.04,0.0,17,8568,卖盘
935,13:32:36,5.04,0.0,107,53928,卖盘
936,13:32:39,5.04,0.0,27,13608,买盘
937,13:32:45,5.04,0.0,48,24192,卖盘
938,13:32:54,5.04,0.0,43,21672,卖盘
939,13:32:57,5.04,0.0,4,2016,买盘
940,13:33:00,5.04,0.0,2,1008,买盘
941,13:33:06,5.03,-0.01,88,44267,卖盘
942,13:33:09,5.03,0.0,6,3018,卖盘
943,13:33:22,5.04,0.01,44,22176,卖盘
944,13:33:30,5.04,0.0,1,504,买盘
945,13:33:36,5.03,-0.01,37,18611,卖盘
946,13:33:39,5.04,0.01,20,10080,买盘
947,13:33:42,5.04,0.0,1,504,买盘
948,13:33:45,5.03,-0.01,3,1509,卖盘
949,13:33:48,5.04,0.01,28,14112,买盘
950,13:33:54,5.04,0.0,5,2520,买盘
951,13:33:57,5.04,0.0,15,7560,买盘
952,13:34:03,5.04,0.0,21,10584,买盘
953,13:34:06,5.03,-0.01,42,21126,卖盘
954,13:34:09,5.03,0.0,154,77541,卖盘
955,13:34:12,5.04,0.01,107,53911,买盘
956,13:34:15,5.04,0.0,5,2520,买盘
957,13:34:21,5.04,0.0,30,15120,买盘
958,13:34:24,5.04,0.0,75,37800,买盘
959,13:34:36,5.04,0.0,120,60480,卖盘
960,13:34:42,5.05,0.01,49,24711,买盘
961,13:34:51,5.05,0.0,4,2020,买盘
962,13:34:57,5.05,0.0,24,12120,买盘
963,13:35:03,5.05,0.0,10,5050,买盘
964,13:35:06,5.04,-0.01,104,52460,卖盘
965,13:35:09,5.05,0.01,20,10100,买盘
966,13:35:15,5.05,0.0,25,12625,买盘
967,13:35:33,5.04,-0.01,419,211176,卖盘
968,13:35:36,5.03,-0.01,166,83498,卖盘
969,13:35:40,5.04,0.01,7,3528,买盘
970,13:35:43,5.04,0.0,3,1512,买盘
971,13:35:45,5.04,0.0,4,2016,买盘
972,13:35:49,5.04,0.0,37,18648,买盘
973,13:35:57,5.03,-0.01,1,503,卖盘
974,13:36:09,5.03,0.0,63,31689,卖盘
975,13:36:24,5.04,0.01,40,20160,买盘
976,13:36:33,5.03,-0.01,10,5030,卖盘
977,13:36:39,5.04,0.01,42,21136,买盘
978,13:36:45,5.03,-0.01,425,213775,卖盘
979,13:36:48,5.03,0.0,4,2012,买盘
980,13:36:51,5.02,-0.01,57,28659,卖盘
981,13:36:54,5.03,0.01,1,503,买盘
982,13:37:00,5.02,-0.01,192,96384,卖盘
983,13:37:03,5.03,0.01,20,10060,买盘
984,13:37:06,5.02,-0.01,253,127036,卖盘
985,13:37:09,5.02,0.0,231,115967,卖盘
986,13:37:12,5.03,0.01,1,503,卖盘
987,13:37:15,5.03,0.0,20,10060,卖盘
988,13:37:27,5.03,0.0,4,2012,卖盘
989,13:37:40,5.03,0.0,96,48288,卖盘
990,13:37:43,5.04,0.01,99,49840,买盘
991,13:37:46,5.04,0.0,5,2520,买盘
992,13:37:54,5.04,0.0,2,1008,买盘
993,13:38:04,5.04,0.0,43,21672,买盘
994,13:38:09,5.03,-0.01,77,38731,卖盘
995,13:38:12,5.04,0.01,10,5039,买盘
996,13:38:25,5.03,-0.01,71,35713,买盘
997,13:38:36,5.03,0.0,10,5030,卖盘
998,13:38:39,5.04,0.01,55,27670,买盘
999,13:38:45,5.03,-0.01,399,200697,卖盘
1000,13:38:51,5.03,0.0,167,84001,卖盘
1001,13:38:57,5.03,0.0,25,12575,买盘
1002,13:39:00,5.03,0.0,30,15090,买盘
1003,13:39:03,5.03,0.0,8,4024,买盘
1004,13:39:09,5.02,-0.01,201,100902,卖盘
1005,13:39:12,5.02,0.0,234,117468,卖盘
1006,13:39:16,5.03,0.01,207,103918,买盘
1007,13:39:27,5.01,-0.02,111,55611,卖盘
1008,13:39:30,5.02,0.01,4,2008,买盘
1009,13:39:33,5.02,0.0,10,5020,卖盘
1010,13:39:39,5.02,0.0,231,115962,卖盘
1011,13:39:42,5.02,0.0,20,10040,卖盘
1012,13:39:48,5.03,0.01,28,14079,买盘
1013,13:39:51,5.02,-0.01,68,34136,卖盘
1014,13:39:54,5.02,0.0,40,20080,卖盘
1015,13:39:57,5.02,0.0,360,180720,卖盘
1016,13:40:00,5.02,0.0,39,19578,卖盘
1017,13:40:06,5.02,0.0,104,52208,卖盘
1018,13:40:09,5.01,-0.01,283,141798,卖盘
1019,13:40:12,5.02,0.01,14,7028,买盘
1020,13:40:15,5.02,0.0,15,7530,买盘
1021,13:40:18,5.02,0.0,2,1004,买盘
1022,13:40:21,5.01,-0.01,123,61623,卖盘
1023,13:40:27,5.02,0.01,10,5020,买盘
1024,13:40:36,5.02,0.0,20,10040,买盘
1025,13:40:39,5.01,-0.01,144,72144,卖盘
1026,13:40:42,5.02,0.01,4,2008,买盘
1027,13:40:46,5.01,-0.01,165,82665,卖盘
1028,13:40:48,5.01,0.0,320,160325,卖盘
1029,13:40:51,5.02,0.01,58,29061,买盘
1030,13:40:57,5.02,0.0,1,502,买盘
1031,13:41:03,5.02,0.0,44,22088,买盘
1032,13:41:06,5.02,0.0,4,2008,卖盘
1033,13:41:09,5.02,0.0,16,8032,卖盘
1034,13:41:15,5.02,0.0,46,23092,买盘
1035,13:41:24,5.02,0.0,26,13052,买盘
1036,13:41:27,5.02,0.0,5,2510,买盘
1037,13:41:36,5.02,0.0,5,2510,买盘
1038,13:41:39,5.01,-0.01,42,21042,卖盘
1039,13:41:42,5.02,0.01,85,42670,买盘
1040,13:41:55,5.01,-0.01,31,15532,卖盘
1041,13:41:57,5.02,0.01,113,56726,买盘
1042,13:42:03,5.02,0.0,109,54718,卖盘
1043,13:42:06,5.02,0.0,45,22590,卖盘
1044,13:42:09,5.01,-0.01,186,93244,卖盘
1045,13:42:12,5.02,0.01,10,5020,买盘
1046,13:42:16,5.02,0.0,86,43172,买盘
1047,13:42:21,5.02,0.0,8,4016,买盘
1048,13:42:25,5.01,-0.01,60,30060,卖盘
1049,13:42:27,5.02,0.01,6,3012,买盘
1050,13:42:39,5.01,-0.01,108,54108,卖盘
1051,13:42:42,5.02,0.01,46,23092,买盘
1052,13:42:51,5.01,-0.01,20,10020,卖盘
1053,13:42:57,5.01,0.0,540,270656,卖盘
1054,13:43:00,5.01,0.0,234,117234,卖盘
1055,13:43:09,5.01,0.0,343,171530,买盘
1056,13:43:12,5.01,0.0,15,7515,买盘
1057,13:43:27,5.0,-0.01,160,80000,卖盘
1058,13:43:30,5.0,0.0,267,133539,卖盘
1059,13:43:33,5.0,0.0,4,2000,卖盘
1060,13:43:36,5.0,0.0,180,90000,卖盘
1061,13:43:39,5.0,0.0,306,153017,卖盘
1062,13:43:42,5.01,0.01,10,5005,买盘
1063,13:43:45,5.0,-0.01,58,29000,卖盘
1064,13:43:48,5.0,0.0,34,17000,卖盘
1065,13:43:51,5.0,0.0,452,226000,卖盘
1066,13:43:54,5.01,0.01,60,30050,买盘
1067,13:43:57,5.0,-0.01,20,10000,卖盘
1068,13:44:00,5.0,0.0,5,2500,卖盘
1069,13:44:04,5.0,0.0,41,20500,卖盘
1070,13:44:06,5.0,0.0,1200,600000,卖盘
1071,13:44:09,4.99,-0.01,1,499,卖盘
1072,13:44:12,4.99,0.0,308,153692,卖盘
1073,13:44:18,4.99,0.0,10,4990,买盘
1074,13:44:21,4.99,0.0,5,2495,买盘
1075,13:44:27,4.99,0.0,41,20459,买盘
1076,13:44:30,5.0,0.01,230,114777,买盘
1077,13:44:36,4.99,-0.01,770,383763,卖盘
1078,13:44:42,4.99,0.0,42,20958,卖盘
1079,13:44:45,4.99,0.0,23,11477,买盘
1080,13:44:48,4.99,0.0,2,998,买盘
1081,13:44:51,4.99,0.0,9,4491,买盘
1082,13:44:54,4.99,0.0,44,21926,买盘
1083,13:45:01,4.98,-0.01,65,32370,卖盘
1084,13:45:06,4.98,0.0,6,2993,卖盘
1085,13:45:09,4.99,0.01,61,30388,买盘
1086,13:45:12,4.98,-0.01,57,28386,卖盘
1087,13:45:15,4.98,0.0,8,3984,卖盘
1088,13:45:18,4.99,0.01,35,17465,买盘
1089,13:45:21,4.99,0.0,22,10978,买盘
1090,13:45:24,4.99,0.0,31,15458,买盘
1091,13:45:27,4.99,0.0,15,7485,买盘
1092,13:45:36,4.98,-0.01,150,74700,卖盘
1093,13:45:39,4.99,0.01,127,63373,买盘
1094,13:45:42,4.99,0.0,132,65739,买盘
1095,13:45:45,4.99,0.0,42,20958,买盘
1096,13:45:48,4.99,0.0,40,19960,买盘
1097,13:45:51,4.99,0.0,14,6986,买盘
1098,13:45:54,4.99,0.0,103,51397,买盘
1099,13:45:58,4.99,0.0,106,52894,买盘
1100,13:46:00,4.99,0.0,5,2495,卖盘
1101,13:46:04,5.0,0.01,10,5000,买盘
1102,13:46:12,5.0,0.0,241,120324,买盘
1103,13:46:21,5.0,0.0,25,12500,买盘
1104,13:46:24,5.0,0.0,2,1000,买盘
1105,13:46:27,5.0,0.0,30,15000,买盘
1106,13:46:34,5.0,0.0,51,25500,买盘
1107,13:46:36,4.99,-0.01,84,41926,卖盘
1108,13:46:39,5.0,0.01,47,23500,买盘
1109,13:46:42,5.0,0.0,227,113374,买盘
1110,13:46:45,5.0,0.0,47,23500,买盘
1111,13:46:58,5.01,0.01,2,1002,买盘
1112,13:47:00,5.0,-0.01,40,20000,卖盘
1113,13:47:04,5.01,0.01,55,27555,买盘
1114,13:47:06,5.01,0.0,1,501,买盘
1115,13:47:12,5.01,0.0,74,37074,卖盘
1116,13:47:15,5.0,-0.01,8,4005,卖盘
1117,13:47:27,5.02,0.02,100,50183,买盘
1118,13:47:33,5.01,-0.01,15,7515,卖盘
1119,13:47:39,5.02,0.01,10,5020,买盘
1120,13:47:42,5.01,-0.01,56,28056,卖盘
1121,13:47:48,5.01,0.0,50,25050,卖盘
1122,13:47:55,5.02,0.01,200,100400,买盘
1123,13:47:57,5.02,0.0,38,19046,买盘
1124,13:48:00,5.02,0.0,10,5020,买盘
1125,13:48:12,5.01,-0.01,113,56618,卖盘
1126,13:48:15,5.03,0.02,30,15080,买盘
1127,13:48:24,5.02,-0.01,3,1506,买盘
1128,13:48:27,5.03,0.01,37,18609,买盘
1129,13:48:33,5.02,-0.01,3,1506,卖盘
1130,13:48:36,5.02,0.0,4,2008,买盘
1131,13:48:39,5.03,0.01,10,5030,买盘
1132,13:48:42,5.02,-0.01,45,22590,卖盘
1133,13:48:45,5.03,0.01,136,68394,买盘
1134,13:48:51,5.03,0.0,20,10060,卖盘
1135,13:49:04,5.02,-0.01,7,3514,卖盘
1136,13:49:12,5.02,0.0,32,16064,卖盘
1137,13:49:15,5.02,0.0,5,2510,买盘
1138,13:49:18,5.02,0.0,51,25602,买盘
1139,13:49:21,5.02,0.0,159,79818,卖盘
1140,13:49:24,5.02,0.0,21,10542,买盘
1141,13:49:27,5.02,0.0,29,14558,卖盘
1142,13:49:33,5.01,-0.01,35,17535,卖盘
1143,13:49:36,5.02,0.01,30,15060,买盘
1144,13:49:39,5.01,-0.01,64,32064,卖盘
1145,13:49:42,5.02,0.01,126,63146,买盘
1146,13:49:54,5.02,0.0,3,1506,买盘
1147,13:49:57,5.0,-0.02,64,32061,卖盘
1148,13:50:06,5.0,0.0,276,138000,卖盘
1149,13:50:12,5.0,0.0,106,53000,卖盘
1150,13:50:18,5.0,0.0,49,24500,买盘
1151,13:50:21,5.0,0.0,3,1500,卖盘
1152,13:50:36,5.0,0.0,6,3000,卖盘
1153,13:50:39,5.0,0.0,5,2500,卖盘
1154,13:50:42,5.0,0.0,48,24000,卖盘
1155,13:50:45,5.0,0.0,245,122500,卖盘
1156,13:50:48,5.01,0.01,100,50100,买盘
1157,13:51:00,5.0,-0.01,30,15000,卖盘
1158,13:51:12,5.0,0.0,127,63500,卖盘
1159,13:51:18,5.0,0.0,23,11500,卖盘
1160,13:51:21,5.0,0.0,10,5000,卖盘
1161,13:51:42,5.0,0.0,163,81501,卖盘
1162,13:51:52,5.0,0.0,37,18500,买盘
1163,13:51:54,5.0,0.0,38,19000,卖盘
1164,13:51:57,5.0,0.0,5,2500,卖盘
1165,13:52:09,5.0,0.0,96,48000,卖盘
1166,13:52:12,5.0,0.0,102,51000,中性盘
1167,13:52:18,5.0,0.0,6,3000,卖盘
1168,13:52:30,5.01,0.01,5,2505,买盘
1169,13:52:33,5.0,-0.01,10,5000,卖盘
1170,13:52:40,5.01,0.01,7,3507,买盘
1171,13:52:43,5.0,-0.01,38,19001,卖盘
1172,13:52:46,5.01,0.01,220,110200,买盘
1173,13:52:57,5.0,-0.01,24,12019,卖盘
1174,13:53:09,5.0,0.0,43,21500,卖盘
1175,13:53:15,5.0,0.0,136,68000,卖盘
1176,13:53:18,5.01,0.01,22,11022,买盘
1177,13:53:27,5.01,0.0,20,10020,买盘
1178,13:53:39,5.01,0.0,10,5010,买盘
1179,13:53:45,5.0,-0.01,82,41000,卖盘
1180,13:53:51,5.0,0.0,1,500,卖盘
1181,13:54:03,5.01,0.01,38,19038,买盘
1182,13:54:15,5.0,-0.01,38,19000,卖盘
1183,13:54:30,5.01,0.01,10,5010,买盘
1184,13:54:33,5.0,-0.01,11,5500,卖盘
1185,13:54:36,5.0,0.0,23,11508,卖盘
1186,13:54:45,5.0,0.0,29,14500,卖盘
1187,13:54:54,5.01,0.01,1,501,买盘
1188,13:55:04,5.01,0.0,3,1503,买盘
1189,13:55:15,5.0,-0.01,8,4000,卖盘
1190,13:55:18,5.01,0.01,35,17535,买盘
1191,13:55:21,5.02,0.01,549,275054,买盘
1192,13:55:34,5.01,-0.01,78,39078,卖盘
1193,13:55:37,5.01,0.0,16,8016,买盘
1194,13:55:39,5.02,0.01,5,2510,买盘
1195,13:55:45,5.01,-0.01,203,101703,卖盘
1196,13:56:06,5.02,0.01,5,2510,买盘
1197,13:56:16,5.01,-0.01,66,33066,卖盘
1198,13:56:18,5.01,0.0,54,27054,卖盘
1199,13:56:30,5.02,0.01,1,502,买盘
1200,13:56:45,5.01,-0.01,33,16533,卖盘
1201,13:56:57,5.02,0.01,5,2510,买盘
1202,13:57:06,5.02,0.0,1,502,买盘
1203,13:57:15,5.01,-0.01,10,5010,卖盘
1204,13:57:18,5.02,0.01,42,21084,买盘
1205,13:57:21,5.01,-0.01,36,18036,卖盘
1206,13:57:24,5.02,0.01,50,25100,买盘
1207,13:57:30,5.02,0.0,50,25100,买盘
1208,13:57:33,5.02,0.0,103,51706,买盘
1209,13:57:36,5.02,0.0,20,10040,买盘
1210,13:57:39,5.02,0.0,5,2510,买盘
1211,13:57:42,5.02,0.0,18,9036,卖盘
1212,13:57:45,5.02,0.0,24,12048,卖盘
1213,13:57:52,5.02,0.0,23,11546,买盘
1214,13:57:55,5.02,0.0,10,5020,买盘
1215,13:58:01,5.02,0.0,90,45130,买盘
1216,13:58:09,5.02,0.0,10,5020,卖盘
1217,13:58:15,5.02,0.0,28,14056,卖盘
1218,13:58:18,5.02,0.0,55,27560,买盘
1219,13:58:21,5.02,0.0,9,4518,买盘
1220,13:58:33,5.02,0.0,2,1004,买盘
1221,13:58:42,5.02,0.0,2,1004,买盘
1222,13:58:45,5.01,-0.01,26,13026,卖盘
1223,13:58:48,5.01,0.0,30,15030,卖盘
1224,13:58:51,5.01,0.0,5,2505,卖盘
1225,13:59:00,5.02,0.01,1,502,买盘
1226,13:59:15,5.01,-0.01,23,11523,卖盘
1227,13:59:30,5.02,0.01,24,12048,买盘
1228,13:59:33,5.03,0.01,55,27655,买盘
1229,13:59:45,5.02,-0.01,2,1004,卖盘
1230,13:59:51,5.02,0.0,29,14558,买盘
1231,13:59:54,5.02,0.0,3,1506,买盘
1232,14:00:04,5.03,0.01,10,5030,买盘
1233,14:00:15,5.02,-0.01,9,4518,卖盘
1234,14:00:18,5.03,0.01,7,3521,买盘
1235,14:00:42,5.03,0.0,92,46276,买盘
1236,14:00:46,5.02,-0.01,37,18574,卖盘
1237,14:00:51,5.03,0.01,18,9054,买盘
1238,14:01:06,5.02,-0.01,147,73794,卖盘
1239,14:01:15,5.02,0.0,58,29116,卖盘
1240,14:01:27,5.03,0.01,39,19617,买盘
1241,14:01:45,5.02,-0.01,29,14558,卖盘
1242,14:01:51,5.02,0.0,27,13554,卖盘
1243,14:02:16,5.02,0.0,31,15562,买盘
1244,14:02:31,5.02,0.0,33,16566,卖盘
1245,14:02:36,5.03,0.01,50,25150,买盘
1246,14:02:42,5.02,-0.01,5,2510,卖盘
1247,14:02:48,5.02,0.0,35,17570,卖盘
1248,14:02:57,5.02,0.0,30,15060,卖盘
1249,14:03:00,5.02,0.0,46,23092,卖盘
1250,14:03:15,5.02,0.0,113,56726,卖盘
1251,14:03:24,5.02,0.0,25,12550,买盘
1252,14:03:31,5.02,0.0,1,502,中性盘
1253,14:03:45,5.02,0.0,49,24598,卖盘
1254,14:03:57,5.01,-0.01,30,15030,卖盘
1255,14:04:01,5.01,0.0,2,1002,卖盘
1256,14:04:04,5.02,0.01,5,2510,买盘
1257,14:04:10,5.02,0.0,3,1506,买盘
1258,14:04:12,5.02,0.0,43,21586,买盘
1259,14:04:18,5.02,0.0,15,7530,卖盘
1260,14:04:24,5.02,0.0,15,7530,买盘
1261,14:04:27,5.02,0.0,58,29116,买盘
1262,14:04:48,5.02,0.0,32,16035,买盘
1263,14:04:57,5.01,-0.01,4,2004,卖盘
1264,14:05:04,5.02,0.01,20,10040,买盘
1265,14:05:09,5.02,0.0,19,9538,买盘
1266,14:05:15,5.02,0.0,14,7028,买盘
1267,14:05:18,5.01,-0.01,27,13527,卖盘
1268,14:05:33,5.0,-0.01,1000,500583,卖盘
1269,14:05:48,5.0,0.0,315,157500,卖盘
1270,14:05:57,5.01,0.01,35,17525,买盘
1271,14:06:00,5.0,-0.01,99,49532,卖盘
1272,14:06:04,5.0,0.0,6,3000,卖盘
1273,14:06:06,5.0,0.0,185,92500,卖盘
1274,14:06:09,5.01,0.01,13,6513,买盘
1275,14:06:12,5.01,0.0,7,3507,买盘
1276,14:06:15,5.01,0.0,15,7515,买盘
1277,14:06:18,5.0,-0.01,204,102006,卖盘
1278,14:06:21,5.0,0.0,25,12500,卖盘
1279,14:06:24,5.0,0.0,20,10000,卖盘
1280,14:06:27,5.0,0.0,400,200006,卖盘
1281,14:06:33,5.0,0.0,8,4000,卖盘
1282,14:06:45,5.0,0.0,39,19500,卖盘
1283,14:06:48,5.0,0.0,46,23000,卖盘
1284,14:07:00,4.99,-0.01,94,46920,卖盘
1285,14:07:04,5.0,0.01,8,4000,买盘
1286,14:07:09,5.0,0.0,3,1500,卖盘
1287,14:07:12,5.0,0.0,1,500,买盘
1288,14:07:15,5.0,0.0,73,36740,买盘
1289,14:07:18,4.99,-0.01,59,29468,卖盘
1290,14:07:25,5.0,0.01,10,5000,中性盘
1291,14:07:28,4.99,-0.01,44,21956,卖盘
1292,14:07:30,4.99,0.0,1,499,卖盘
1293,14:07:33,5.0,0.01,180,90000,买盘
1294,14:07:36,4.99,-0.01,8,3992,卖盘
1295,14:07:48,4.99,0.0,129,64383,卖盘
1296,14:07:51,4.99,0.0,10,4990,卖盘
1297,14:07:54,4.99,0.0,36,17974,卖盘
1298,14:08:04,4.99,0.0,30,14970,卖盘
1299,14:08:12,5.0,0.01,48,24000,买盘
1300,14:08:15,5.0,0.0,2,1000,买盘
1301,14:08:18,4.99,-0.01,81,40421,卖盘
1302,14:08:24,5.0,0.01,53,26472,买盘
1303,14:08:27,5.0,0.0,6,3000,买盘
1304,14:08:36,5.0,0.0,20,10000,卖盘
1305,14:08:39,5.0,0.0,7,3500,卖盘
1306,14:08:48,5.0,0.0,50,25000,卖盘
1307,14:08:51,5.01,0.01,13,6513,买盘
1308,14:08:57,5.01,0.0,10,5010,买盘
1309,14:09:18,5.0,-0.01,20,10000,卖盘
1310,14:09:48,5.0,0.0,17,8500,卖盘
1311,14:09:54,5.01,0.01,10,5010,买盘
1312,14:10:00,5.01,0.0,2,1002,买盘
1313,14:10:15,5.02,0.01,30,15060,买盘
1314,14:10:18,5.01,-0.01,17,8517,卖盘
1315,14:10:30,5.01,0.0,5,2505,卖盘
1316,14:10:42,5.02,0.01,304,152608,买盘
1317,14:10:48,5.01,-0.01,74,37074,卖盘
1318,14:11:19,5.01,0.0,65,32565,中性盘
1319,14:11:21,5.01,0.0,30,15030,卖盘
1320,14:11:45,5.01,0.0,20,10020,卖盘
1321,14:11:48,5.01,0.0,28,14028,卖盘
1322,14:11:51,5.02,0.01,49,24566,买盘
1323,14:12:09,5.01,-0.01,5,2505,卖盘
1324,14:12:18,5.01,0.0,2,1002,买盘
1325,14:12:21,5.0,-0.01,21,10503,卖盘
1326,14:12:39,5.0,0.0,10,5000,卖盘
1327,14:12:51,5.01,0.01,32,16024,买盘
1328,14:13:04,5.01,0.0,20,10020,卖盘
1329,14:13:07,5.01,0.0,58,29100,卖盘
1330,14:13:18,5.01,0.0,20,10020,卖盘
1331,14:13:21,5.01,0.0,7,3507,卖盘
1332,14:13:39,5.01,0.0,33,16533,卖盘
1333,14:13:48,5.02,0.01,40,20080,买盘
1334,14:14:04,5.02,0.0,3,1506,买盘
1335,14:14:09,5.01,-0.01,25,12525,卖盘
1336,14:14:39,5.01,0.0,9,4509,卖盘
1337,14:14:42,5.01,0.0,265,132917,卖盘
1338,14:14:48,5.01,0.0,14,7014,卖盘
1339,14:14:57,5.01,0.0,10,5010,卖盘
1340,14:15:09,5.01,0.0,94,47094,卖盘
1341,14:15:15,5.01,0.0,98,49098,卖盘
1342,14:15:18,5.01,0.0,6,3006,买盘
1343,14:15:24,5.01,0.0,20,10020,买盘
1344,14:15:33,5.01,0.0,4,2004,买盘
1345,14:15:39,5.0,-0.01,70,35000,卖盘
1346,14:15:51,5.01,0.01,10,5010,买盘
1347,14:15:54,5.01,0.0,10,5010,买盘
1348,14:16:09,5.01,0.0,29,14529,卖盘
1349,14:16:18,5.02,0.01,22,11044,买盘
1350,14:16:30,5.02,0.0,8,4016,卖盘
1351,14:16:33,5.03,0.01,6,3015,买盘
1352,14:16:40,5.02,-0.01,10,5020,卖盘
1353,14:16:48,5.02,0.0,50,25100,买盘
1354,14:16:54,5.02,0.0,2,1004,中性盘
1355,14:17:09,5.02,0.0,20,10040,卖盘
1356,14:17:15,5.03,0.01,10,5030,买盘
1357,14:17:24,5.03,0.0,22,11064,买盘
1358,14:17:30,5.03,0.0,530,266590,买盘
1359,14:17:39,5.02,-0.01,155,77810,卖盘
1360,14:17:42,5.02,0.0,33,16566,买盘
1361,14:17:51,5.03,0.01,15,7545,买盘
1362,14:18:00,5.03,0.0,10,5030,卖盘
1363,14:18:04,5.04,0.01,10,5040,买盘
1364,14:18:06,5.04,0.0,10,5040,买盘
1365,14:18:10,5.03,-0.01,72,36216,卖盘
1366,14:18:13,5.04,0.01,1,504,买盘
1367,14:18:18,5.04,0.0,87,43848,买盘
1368,14:18:25,5.05,0.01,2,1010,买盘
1369,14:18:30,5.05,0.0,2,1010,买盘
1370,14:18:36,5.04,-0.01,20,10080,卖盘
1371,14:18:39,5.05,0.01,51,25755,买盘
1372,14:18:42,5.05,0.0,188,94836,买盘
1373,14:18:45,5.05,0.0,18,9090,买盘
1374,14:18:57,5.04,-0.01,17,8568,卖盘
1375,14:19:04,5.05,0.01,2,1010,买盘
1376,14:19:12,5.05,0.0,230,116066,买盘
1377,14:19:21,5.05,0.0,53,26765,买盘
1378,14:19:24,5.05,0.0,8,4040,买盘
1379,14:19:27,5.05,0.0,6,3030,买盘
1380,14:19:30,5.04,-0.01,148,74592,卖盘
1381,14:19:33,5.04,0.0,97,48888,卖盘
1382,14:19:42,5.03,-0.01,57,28671,卖盘
1383,14:19:45,5.03,0.0,26,13078,买盘
1384,14:20:27,5.03,0.0,1,503,卖盘
1385,14:20:30,5.03,0.0,33,16599,卖盘
1386,14:20:54,5.03,0.0,30,15090,卖盘
1387,14:21:04,5.04,0.01,100,50400,买盘
1388,14:21:12,5.04,0.0,40,20160,买盘
1389,14:21:34,5.03,-0.01,36,18108,卖盘
1390,14:21:39,5.04,0.01,10,5040,买盘
1391,14:21:51,5.03,-0.01,7,3521,卖盘
1392,14:21:57,5.03,0.0,2,1006,卖盘
1393,14:22:00,5.04,0.01,50,25179,买盘
1394,14:22:09,5.03,-0.01,121,60863,卖盘
1395,14:22:22,5.04,0.01,19,9576,买盘
1396,14:22:28,5.03,-0.01,50,25150,卖盘
1397,14:22:30,5.03,0.0,30,15090,卖盘
1398,14:22:33,5.03,0.0,18,9054,卖盘
1399,14:22:39,5.03,0.0,14,7042,卖盘
1400,14:22:49,5.02,-0.01,50,25100,卖盘
1401,14:22:54,5.04,0.02,93,46846,买盘
1402,14:23:00,5.03,-0.01,7,3521,卖盘
1403,14:23:45,5.03,0.0,39,19617,买盘
1404,14:24:00,5.02,-0.01,147,73794,卖盘
1405,14:24:04,5.02,0.0,100,50200,买盘
1406,14:24:06,5.01,-0.01,228,114228,卖盘
1407,14:24:18,5.0,-0.01,180,90000,卖盘
1408,14:24:24,5.01,0.01,3,1503,卖盘
1409,14:24:27,5.01,0.0,3,1503,卖盘
1410,14:24:36,5.01,0.0,4,2004,卖盘
1411,14:24:43,5.01,0.0,2,1002,买盘
1412,14:24:51,5.0,-0.01,94,47010,卖盘
1413,14:25:00,5.01,0.01,20,10020,卖盘
1414,14:25:04,5.01,0.0,20,10020,卖盘
1415,14:25:06,5.01,0.0,20,10020,卖盘
1416,14:25:16,5.02,0.01,2,1004,买盘
1417,14:25:24,5.02,0.0,43,21586,买盘
1418,14:25:36,5.02,0.0,30,15060,卖盘
1419,14:25:39,5.03,0.01,49,24647,买盘
1420,14:26:00,5.02,-0.01,63,31626,卖盘
1421,14:26:33,5.02,0.0,20,10040,买盘
1422,14:26:39,5.02,0.0,95,47690,买盘
1423,14:26:52,5.02,0.0,2,1004,买盘
1424,14:26:55,5.02,0.0,1,502,中性盘
1425,14:27:03,5.02,0.0,10,5020,卖盘
1426,14:27:12,5.01,-0.01,319,159829,卖盘
1427,14:27:18,5.02,0.01,21,10542,卖盘
1428,14:27:30,5.01,-0.01,16,8016,卖盘
1429,14:27:46,5.01,0.0,10,5010,卖盘
1430,14:27:51,5.01,0.0,120,60120,卖盘
1431,14:28:04,5.01,0.0,70,35070,卖盘
1432,14:28:06,5.01,0.0,73,36573,卖盘
1433,14:28:09,5.01,0.0,15,7515,买盘
1434,14:28:15,5.0,-0.01,10,5000,卖盘
1435,14:28:21,5.01,0.01,1,501,买盘
1436,14:28:31,5.01,0.0,13,6513,买盘
1437,14:28:39,5.01,0.0,12,6012,卖盘
1438,14:28:45,5.01,0.0,39,19539,卖盘
1439,14:28:48,5.01,0.0,79,39579,卖盘
1440,14:28:57,5.01,0.0,68,34068,买盘
1441,14:29:00,5.02,0.01,3,1506,买盘
1442,14:29:03,5.0,-0.02,494,247028,卖盘
1443,14:29:27,5.0,0.0,160,80000,卖盘
1444,14:29:33,5.0,0.0,55,27500,卖盘
1445,14:29:36,5.0,0.0,72,36000,卖盘
1446,14:29:39,5.0,0.0,17,8500,买盘
1447,14:29:42,5.01,0.01,21,10521,卖盘
1448,14:29:48,5.01,0.0,13,6513,卖盘
1449,14:29:54,5.02,0.01,10,5020,买盘
1450,14:29:57,5.02,0.0,3,1506,买盘
1451,14:30:15,5.01,-0.01,50,25050,卖盘
1452,14:30:18,5.01,0.0,38,19038,买盘
1453,14:30:21,5.01,0.0,2,1002,买盘
1454,14:30:24,5.0,-0.01,52,26002,卖盘
1455,14:30:33,5.0,0.0,10,5000,卖盘
1456,14:30:42,5.0,0.0,6,3000,卖盘
1457,14:30:45,5.01,0.01,28,14028,买盘
1458,14:30:49,5.01,0.0,6,3006,卖盘
1459,14:30:57,5.0,-0.01,30,15022,卖盘
1460,14:31:25,5.0,0.0,4,2000,卖盘
1461,14:31:27,5.02,0.02,2,1004,买盘
1462,14:31:42,5.02,0.0,12,6024,买盘
1463,14:32:00,5.01,-0.01,10,5100,卖盘
1464,14:32:04,5.01,0.0,10,5010,卖盘
1465,14:32:06,5.02,0.01,15,7525,买盘
1466,14:32:21,5.02,0.0,20,10040,买盘
1467,14:32:48,5.01,-0.01,18,9018,卖盘
1468,14:33:00,5.02,0.01,19,9538,买盘
1469,14:33:27,5.01,-0.01,92,46092,卖盘
1470,14:33:34,5.01,0.0,13,6518,卖盘
1471,14:33:37,5.01,0.0,27,13527,卖盘
1472,14:33:42,5.01,0.0,128,64128,卖盘
1473,14:33:48,5.01,0.0,10,5010,卖盘
1474,14:33:51,5.01,0.0,29,14529,卖盘
1475,14:34:21,5.01,0.0,6,3006,卖盘
1476,14:34:30,5.01,0.0,83,41503,卖盘
1477,14:34:39,5.01,0.0,15,7515,买盘
1478,14:34:42,5.01,0.0,26,13106,买盘
1479,14:34:45,5.02,0.01,100,50200,买盘
1480,14:34:48,5.0,-0.02,37,18524,卖盘
1481,14:34:54,5.01,0.01,2,1002,卖盘
1482,14:35:00,5.01,0.0,105,52605,卖盘
1483,14:35:09,5.01,0.0,10,5010,卖盘
1484,14:35:12,5.01,0.0,85,42585,卖盘
1485,14:35:15,5.01,0.0,91,45591,卖盘
1486,14:35:18,5.01,0.0,131,65631,卖盘
1487,14:35:30,5.01,0.0,50,25050,卖盘
1488,14:35:48,5.01,0.0,5,2505,卖盘
1489,14:35:54,5.01,0.0,6,3006,卖盘
1490,14:36:00,5.02,0.01,19,9520,买盘
1491,14:36:12,5.01,-0.01,1,501,卖盘
1492,14:36:15,5.01,0.0,5,2505,卖盘
1493,14:36:36,5.02,0.01,10,5020,买盘
1494,14:36:48,5.02,0.0,1,502,买盘
1495,14:36:57,5.02,0.0,5,2510,买盘
1496,14:37:21,5.02,0.0,4,2093,买盘
1497,14:37:24,5.02,0.0,3,1506,买盘
1498,14:37:43,5.01,-0.01,11,5511,卖盘
1499,14:37:57,5.01,0.0,7,3507,卖盘
1500,14:38:09,5.02,0.01,8,4016,买盘
1501,14:38:12,5.01,-0.01,50,25050,卖盘
1502,14:38:36,5.01,0.0,26,13026,卖盘
1503,14:38:45,5.02,0.01,13,6526,买盘
1504,14:39:00,5.01,-0.01,31,15531,卖盘
1505,14:39:04,5.02,0.01,158,79166,买盘
1506,14:39:06,5.02,0.0,5,2510,买盘
1507,14:39:12,5.02,0.0,6,3012,买盘
1508,14:39:15,5.01,-0.01,2,1002,卖盘
1509,14:39:39,5.02,0.01,18,9036,买盘
1510,14:39:42,5.01,-0.01,3,1503,卖盘
1511,14:39:51,5.01,0.0,2,1002,卖盘
1512,14:40:06,5.01,0.0,12,6012,卖盘
1513,14:40:09,5.01,0.0,6,3006,卖盘
1514,14:40:12,5.01,0.0,8,4008,卖盘
1515,14:40:15,5.01,0.0,89,44589,卖盘
1516,14:40:18,5.01,0.0,21,10521,卖盘
1517,14:40:21,5.01,0.0,7,3507,卖盘
1518,14:40:24,5.01,0.0,8,4008,卖盘
1519,14:40:27,5.01,0.0,31,15531,卖盘
1520,14:40:30,5.01,0.0,30,15030,卖盘
1521,14:40:33,5.01,0.0,11,5511,卖盘
1522,14:40:42,5.01,0.0,5,2505,卖盘
1523,14:40:45,5.01,0.0,39,19539,卖盘
1524,14:40:48,5.02,0.01,2,1004,买盘
1525,14:40:51,5.01,-0.01,27,13527,卖盘
1526,14:40:54,5.01,0.0,94,47009,卖盘
1527,14:41:04,5.01,0.0,26,13010,买盘
1528,14:41:12,5.0,-0.01,3,1500,卖盘
1529,14:41:25,5.0,0.0,5,2500,卖盘
1530,14:41:27,5.01,0.01,2,1002,买盘
1531,14:41:33,5.0,-0.01,10,5000,卖盘
1532,14:41:39,5.0,0.0,61,30500,卖盘
1533,14:41:45,5.01,0.01,10,5010,买盘
1534,14:41:55,5.01,0.0,10,5010,买盘
1535,14:42:15,5.0,-0.01,49,24529,卖盘
1536,14:42:18,5.01,0.01,27,13527,买盘
1537,14:42:21,5.0,-0.01,5,2500,卖盘
1538,14:42:24,5.0,0.0,10,5000,卖盘
1539,14:42:27,5.0,0.0,1,500,卖盘
1540,14:42:30,5.0,0.0,28,14000,卖盘
1541,14:42:48,5.0,0.0,111,55500,卖盘
1542,14:42:58,5.0,0.0,16,8000,卖盘
1543,14:43:09,5.0,0.0,1,500,卖盘
1544,14:43:12,5.01,0.01,10,5010,买盘
1545,14:43:18,5.0,-0.01,2,1000,卖盘
1546,14:43:25,5.01,0.01,1,501,买盘
1547,14:43:31,5.0,-0.01,9,4500,卖盘
1548,14:43:34,5.0,0.0,100,50000,卖盘
1549,14:43:39,5.0,0.0,84,42000,卖盘
1550,14:43:48,5.0,0.0,137,68621,卖盘
1551,14:43:57,5.0,0.0,21,10500,卖盘
1552,14:44:00,5.01,0.01,63,31558,买盘
1553,14:44:04,5.01,0.0,20,10105,买盘
1554,14:44:06,5.01,0.0,10,5010,卖盘
1555,14:44:12,5.01,0.0,29,14529,卖盘
1556,14:44:15,5.02,0.01,3,1506,买盘
1557,14:44:27,5.01,-0.01,13,6428,卖盘
1558,14:44:39,5.01,0.0,30,15030,买盘
1559,14:44:42,5.01,0.0,10,5010,买盘
1560,14:44:54,5.01,0.0,30,15115,买盘
1561,14:44:57,5.01,0.0,20,10020,卖盘
1562,14:45:06,5.01,0.0,10,5010,卖盘
1563,14:45:12,5.01,0.0,20,10020,卖盘
1564,14:45:15,5.02,0.01,24,11943,买盘
1565,14:45:27,5.01,-0.01,40,20040,卖盘
1566,14:45:30,5.02,0.01,6,3012,买盘
1567,14:45:33,5.01,-0.01,25,12525,卖盘
1568,14:45:45,5.02,0.01,10,5020,买盘
1569,14:45:48,5.01,-0.01,30,15030,卖盘
1570,14:45:54,5.02,0.01,10,5020,买盘
1571,14:46:00,5.02,0.0,117,58734,买盘
1572,14:46:24,5.01,-0.01,101,50701,卖盘
1573,14:46:27,5.01,0.0,122,61122,卖盘
1574,14:46:31,5.02,0.01,5,2510,买盘
1575,14:46:39,5.02,0.0,8,4015,买盘
1576,14:46:48,5.02,0.0,4,2008,买盘
1577,14:46:54,5.01,-0.01,20,10020,卖盘
1578,14:47:00,5.02,0.01,4,2008,买盘
1579,14:47:12,5.02,0.0,10,5020,买盘
1580,14:47:42,5.02,0.0,9,4518,买盘
1581,14:48:03,5.02,0.0,60,30120,买盘
1582,14:48:07,5.01,-0.01,3,1505,卖盘
1583,14:48:10,5.02,0.01,10,5020,买盘
1584,14:48:18,5.01,-0.01,13,6513,卖盘
1585,14:48:24,5.02,0.01,20,10040,买盘
1586,14:48:37,5.02,0.0,115,57730,买盘
1587,14:48:54,5.01,-0.01,80,40080,卖盘
1588,14:48:57,5.01,0.0,20,10020,卖盘
1589,14:49:36,5.02,0.01,35,17570,买盘
1590,14:49:39,5.01,-0.01,4,2004,卖盘
1591,14:49:42,5.02,0.01,10,5020,买盘
1592,14:49:45,5.01,-0.01,41,20541,卖盘
1593,14:49:48,5.02,0.01,60,30120,买盘
1594,14:49:51,5.02,0.0,48,24049,买盘
1595,14:50:03,5.02,0.0,200,100400,买盘
1596,14:50:09,5.02,0.0,29,14558,买盘
1597,14:50:12,5.02,0.0,17,8534,买盘
1598,14:50:15,5.01,-0.01,229,114903,卖盘
1599,14:50:18,5.02,0.01,135,67855,买盘
1600,14:50:36,5.02,0.0,3,1506,卖盘
1601,14:50:42,5.03,0.01,100,50300,买盘
1602,14:50:45,5.02,-0.01,35,17485,卖盘
1603,14:50:51,5.02,0.0,9,4518,买盘
1604,14:50:54,5.02,0.0,5,2510,买盘
1605,14:51:06,5.02,0.0,108,54301,买盘
1606,14:51:10,5.02,0.0,9,4518,卖盘
1607,14:51:12,5.02,0.0,80,40160,卖盘
1608,14:51:21,5.03,0.01,69,34698,买盘
1609,14:51:33,5.02,-0.01,250,125500,卖盘
1610,14:51:39,5.03,0.01,4,2012,买盘
1611,14:52:00,5.03,0.0,4,2012,买盘
1612,14:52:03,5.03,0.0,3,1509,买盘
1613,14:52:18,5.03,0.0,20,10060,买盘
1614,14:52:22,5.03,0.0,5,2515,买盘
1615,14:52:30,5.02,-0.01,5,2510,卖盘
1616,14:52:33,5.03,0.01,21,10563,买盘
1617,14:52:39,5.02,-0.01,6,3012,卖盘
1618,14:52:42,5.03,0.01,20,10060,买盘
1619,14:52:48,5.03,0.0,12,6036,买盘
1620,14:53:04,5.03,0.0,10,5030,买盘
1621,14:53:06,5.02,-0.01,30,15060,卖盘
1622,14:53:18,5.03,0.01,5,2515,买盘
1623,14:53:21,5.03,0.0,3,1509,买盘
1624,14:53:24,5.02,-0.01,85,42670,卖盘
1625,14:53:33,5.02,0.0,20,10040,卖盘
1626,14:53:39,5.02,0.0,3,1506,卖盘
1627,14:53:45,5.02,0.0,20,10040,卖盘
1628,14:53:51,5.02,0.0,5,2510,卖盘
1629,14:53:54,5.02,0.0,275,137965,卖盘
1630,14:54:00,5.02,0.0,10,5020,买盘
1631,14:54:03,5.02,0.0,536,268547,买盘
1632,14:54:09,5.01,-0.01,22,11022,卖盘
1633,14:54:12,5.02,0.01,43,21586,买盘
1634,14:54:18,5.02,0.0,14,7028,买盘
1635,14:54:21,5.01,-0.01,65,32565,卖盘
1636,14:54:25,5.01,0.0,272,136272,买盘
1637,14:54:31,5.02,0.01,10,5020,买盘
1638,14:54:39,5.02,0.0,30,15060,买盘
1639,14:54:42,5.01,-0.01,210,105210,卖盘
1640,14:54:51,5.01,0.0,20,10020,卖盘
1641,14:55:01,5.01,0.0,25,12525,卖盘
1642,14:55:04,5.02,0.01,45,22555,买盘
1643,14:55:06,5.01,-0.01,110,55110,卖盘
1644,14:55:09,5.01,0.0,5,2505,买盘
1645,14:55:15,5.01,0.0,170,85170,买盘
1646,14:55:18,5.01,0.0,70,35070,卖盘
1647,14:55:24,5.01,0.0,31,15531,卖盘
1648,14:55:39,5.01,0.0,36,18036,卖盘
1649,14:55:42,5.02,0.01,11,5512,买盘
1650,14:55:45,5.01,-0.01,89,44594,卖盘
1651,14:55:52,5.01,0.0,98,49125,卖盘
1652,14:55:54,5.01,0.0,31,15531,卖盘
1653,14:55:57,5.01,0.0,40,20040,卖盘
1654,14:56:00,5.01,0.0,32,16032,卖盘
1655,14:56:06,5.02,0.01,10,5020,买盘
1656,14:56:09,5.01,-0.01,14,7014,卖盘
1657,14:56:12,5.02,0.01,10,5020,买盘
1658,14:56:15,5.01,-0.01,27,13534,卖盘
1659,14:56:18,5.02,0.01,187,93721,买盘
1660,14:56:25,5.02,0.0,105,52630,买盘
1661,14:56:27,5.01,-0.01,7,3507,中性盘
1662,14:56:30,5.01,0.0,1,501,买盘
1663,14:56:45,5.01,0.0,73,36536,买盘
1664,14:56:48,5.01,0.0,11,5511,买盘
1665,14:56:51,5.01,0.0,47,23547,买盘
1666,14:56:54,5.0,-0.01,19,9500,卖盘
1667,15:00:04,5.0,0.0,4009,2004500,卖盘
