,time,price,change,volume,amount,type
0,09:25:04,19.22,0.05,14,26908,卖盘
1,09:30:07,19.39,0.17,4,7739,买盘
2,09:30:19,19.26,-0.13,1,1926,买盘
3,09:30:46,19.33,0.07,28,54119,买盘
4,09:31:01,19.3,-0.03,4,7720,买盘
5,09:31:04,19.26,-0.04,20,38540,卖盘
6,09:31:10,19.26,0.0,32,61613,买盘
7,09:31:13,19.23,-0.03,1,1923,卖盘
8,09:31:16,19.23,0.0,4,7692,卖盘
9,09:31:22,19.24,0.01,30,57671,买盘
10,09:31:25,19.22,-0.02,7,13454,卖盘
11,09:31:40,19.21,-0.01,3,5763,买盘
12,09:31:43,19.18,-0.03,13,24934,卖盘
13,09:31:49,19.21,0.03,24,46100,买盘
14,09:32:01,19.16,-0.05,6,11500,卖盘
15,09:32:13,19.15,-0.01,14,26810,卖盘
16,09:32:16,19.16,0.01,12,22984,买盘
17,09:32:19,19.14,-0.02,12,22979,卖盘
18,09:32:31,19.15,0.01,5,9575,卖盘
19,09:32:43,19.15,0.0,1,1915,卖盘
20,09:32:49,19.15,0.0,2,3830,卖盘
21,09:32:58,19.2,0.05,5,9600,买盘
22,09:33:34,19.17,-0.03,1,1917,中性盘
23,09:33:52,19.17,0.0,18,34506,卖盘
24,09:33:58,19.16,-0.01,2,3832,卖盘
25,09:34:04,19.16,0.0,3,5748,卖盘
26,09:34:07,19.15,-0.01,3,5745,卖盘
27,09:34:10,19.15,0.0,9,17235,卖盘
28,09:34:16,19.12,-0.03,12,22958,卖盘
29,09:34:22,19.12,0.0,1,1912,卖盘
30,09:34:34,19.12,0.0,14,26768,卖盘
31,09:34:37,19.12,0.0,4,7648,卖盘
32,09:34:40,19.11,-0.01,12,22936,卖盘
33,09:34:43,19.15,0.04,3,5745,买盘
34,09:34:49,19.14,-0.01,1,1914,卖盘
35,09:35:01,19.15,0.01,1,1915,买盘
36,09:35:34,19.1,-0.05,46,88018,卖盘
37,09:35:46,19.14,0.04,1,1914,卖盘
38,09:35:49,19.11,-0.03,1,1911,卖盘
39,09:35:52,19.11,0.0,6,11466,卖盘
40,09:36:07,19.14,0.03,1,1914,买盘
41,09:36:13,19.14,0.0,23,44022,卖盘
42,09:36:16,19.11,-0.03,7,13377,卖盘
43,09:36:19,19.1,-0.01,21,40110,卖盘
44,09:36:22,19.1,0.0,28,53472,卖盘
45,09:36:25,19.07,-0.03,3,5721,卖盘
46,09:36:28,19.06,-0.01,13,24782,卖盘
47,09:36:31,19.06,0.0,3,5718,卖盘
48,09:36:34,19.06,0.0,3,5718,卖盘
49,09:36:37,19.05,-0.01,4,7622,卖盘
50,09:36:40,19.01,-0.04,70,133320,卖盘
51,09:36:46,19.01,0.0,4,7604,卖盘
52,09:36:49,19.01,0.0,4,7604,卖盘
53,09:36:52,19.01,0.0,2,3802,卖盘
54,09:36:58,19.01,0.0,5,9505,买盘
55,09:37:07,19.0,-0.01,20,38000,卖盘
56,09:37:10,19.01,0.01,10,19002,买盘
57,09:37:13,19.01,0.0,23,43703,买盘
58,09:37:16,19.01,0.0,12,22812,卖盘
59,09:37:19,19.0,-0.01,11,20890,买盘
60,09:37:25,19.0,0.0,1,1900,买盘
61,09:37:28,18.98,-0.02,9,17087,卖盘
62,09:37:31,19.0,0.02,5,9500,买盘
63,09:37:34,19.0,0.0,27,51273,买盘
64,09:37:43,19.0,0.0,61,115900,买盘
65,09:37:58,19.0,0.0,20,38000,买盘
66,09:38:01,18.98,-0.02,62,117796,卖盘
67,09:38:10,18.98,0.0,2,3796,买盘
68,09:38:25,18.98,0.0,19,36062,买盘
69,09:38:31,18.98,0.0,29,55042,卖盘
70,09:38:34,18.97,-0.01,1,1897,买盘
71,09:38:40,18.97,0.0,4,7588,买盘
72,09:38:43,18.97,0.0,4,7588,买盘
73,09:39:16,18.98,0.01,4,7592,卖盘
74,09:39:34,18.99,0.01,3,5697,卖盘
75,09:39:40,19.04,0.05,4,7616,买盘
76,09:39:49,19.04,0.0,1,1904,买盘
77,09:39:52,19.04,0.0,2,3808,中性盘
78,09:40:10,19.04,0.0,24,45696,买盘
79,09:40:13,19.04,0.0,12,22848,卖盘
80,09:40:16,19.04,0.0,1,1904,卖盘
81,09:40:19,19.04,0.0,16,30464,卖盘
82,09:40:28,19.01,-0.03,71,135140,卖盘
83,09:40:52,19.0,-0.01,1,1900,买盘
84,09:41:16,19.09,0.09,104,198976,买盘
85,09:41:22,19.09,0.0,36,67540,卖盘
86,09:41:25,18.99,-0.1,28,53172,卖盘
87,09:41:49,19.0,0.01,8,15200,卖盘
88,09:42:04,19.0,0.0,8,15200,卖盘
89,09:42:19,19.0,0.0,2,3800,买盘
90,09:42:22,19.06,0.06,2,3812,买盘
91,09:42:25,19.02,-0.04,8,15216,卖盘
92,09:42:37,19.0,-0.02,5,9504,卖盘
93,09:42:52,19.0,0.0,18,34201,卖盘
94,09:44:49,19.06,0.06,5,9530,买盘
95,09:44:55,19.06,0.0,31,59086,卖盘
96,09:45:13,19.06,0.0,1,1906,买盘
97,09:46:13,19.05,-0.01,4,7620,买盘
98,09:46:55,19.02,-0.03,26,49452,卖盘
99,09:46:58,19.02,0.0,1,1902,买盘
100,09:47:22,19.01,-0.01,5,9505,卖盘
101,09:47:28,19.01,0.0,5,9505,买盘
102,09:48:04,19.01,0.0,1,1901,卖盘
103,09:48:22,19.05,0.04,1,1905,买盘
104,09:48:40,19.05,0.0,17,32385,买盘
105,09:48:58,19.05,0.0,9,17145,买盘
106,09:49:07,19.05,0.0,16,30480,买盘
107,09:49:09,19.02,-0.03,6,11427,卖盘
108,09:49:28,19.02,0.0,1,1902,卖盘
109,09:50:10,19.07,0.05,2,3814,买盘
110,09:50:21,19.07,0.0,4,7628,卖盘
111,09:50:58,19.08,0.01,38,72497,买盘
112,09:51:16,19.08,0.0,12,22896,卖盘
113,09:51:28,19.08,0.0,2,3816,买盘
114,09:51:31,19.08,0.0,5,9540,买盘
115,09:51:37,19.05,-0.03,3,5715,卖盘
116,09:51:49,19.05,0.0,6,11430,卖盘
117,09:52:01,19.05,0.0,1,1905,卖盘
118,09:52:07,19.05,0.0,1,1905,卖盘
119,09:52:10,19.05,0.0,10,19050,卖盘
120,09:52:13,19.05,0.0,3,5715,中性盘
121,09:52:15,19.08,0.03,1,1908,买盘
122,09:52:18,19.02,-0.06,43,81794,卖盘
123,09:52:31,19.05,0.03,2,3810,买盘
124,09:52:37,19.05,0.0,1,1905,卖盘
125,09:52:55,19.05,0.0,19,36195,买盘
126,09:52:58,19.03,-0.02,5,9517,卖盘
127,09:53:13,19.03,0.0,1,1903,卖盘
128,09:53:16,19.03,0.0,1,1903,买盘
129,09:53:28,19.03,0.0,3,5709,买盘
130,09:53:34,19.02,-0.01,41,77982,卖盘
131,09:53:37,19.02,0.0,9,17118,买盘
132,09:53:40,19.03,0.01,5,9515,买盘
133,09:53:46,19.01,-0.02,58,110285,卖盘
134,09:53:58,19.0,-0.01,2,3800,卖盘
135,09:54:07,19.0,0.0,26,49400,卖盘
136,09:54:16,19.0,0.0,10,19000,卖盘
137,09:54:22,19.0,0.0,5,9500,卖盘
138,09:54:28,19.0,0.0,1,1900,卖盘
139,09:54:37,19.0,0.0,50,95000,卖盘
140,09:54:40,19.0,0.0,3,5700,卖盘
141,09:54:43,19.0,0.0,7,13300,卖盘
142,09:54:49,18.98,-0.02,6,11388,卖盘
143,09:54:55,18.98,0.0,3,5693,买盘
144,09:54:58,18.97,-0.01,3,5691,卖盘
145,09:55:01,18.97,0.0,16,30352,卖盘
146,09:55:07,18.95,-0.02,33,62553,卖盘
147,09:55:19,18.95,0.0,4,7579,买盘
148,09:55:22,18.95,0.0,5,9475,卖盘
149,09:55:25,18.93,-0.02,10,18932,卖盘
150,09:55:31,18.92,-0.01,1,1892,卖盘
151,09:55:34,18.91,-0.01,18,34051,卖盘
152,09:55:37,18.91,0.0,5,9455,卖盘
153,09:55:46,18.91,0.0,25,47288,卖盘
154,09:55:58,18.91,0.0,10,18915,卖盘
155,09:56:07,18.91,0.0,51,96440,卖盘
156,09:56:10,18.91,0.0,2,3782,买盘
157,09:56:16,18.91,0.0,7,13237,买盘
158,09:56:19,18.9,-0.01,36,68047,卖盘
159,09:56:37,18.9,0.0,8,15120,卖盘
160,09:56:40,18.9,0.0,1,1890,买盘
161,09:56:46,18.9,0.0,1,1890,买盘
162,09:56:55,18.89,-0.01,7,13223,卖盘
163,09:56:58,18.9,0.01,8,15117,买盘
164,09:57:07,18.9,0.0,10,18912,卖盘
165,09:57:16,19.0,0.1,13,24700,买盘
166,09:57:19,19.0,0.0,9,17050,买盘
167,09:57:22,18.9,-0.1,9,17032,卖盘
168,09:57:31,18.9,0.0,15,28356,卖盘
169,09:57:40,18.9,0.0,8,15126,卖盘
170,09:57:43,18.99,0.09,2,3798,买盘
171,09:59:07,19.0,0.01,9,17100,买盘
172,09:59:40,19.0,0.0,6,11400,买盘
173,10:00:04,19.0,0.0,4,7600,卖盘
174,10:00:13,19.0,0.0,5,9500,买盘
175,10:00:22,19.02,0.02,4,7608,买盘
176,10:00:25,18.96,-0.06,22,41732,卖盘
177,10:00:37,18.95,-0.01,5,9475,卖盘
178,10:00:46,18.96,0.01,8,15168,买盘
179,10:01:21,19.02,0.06,1,1902,买盘
180,10:02:04,19.02,0.0,1,1902,卖盘
181,10:03:01,19.02,0.0,8,15216,卖盘
182,10:03:07,19.03,0.01,2,3806,买盘
183,10:03:10,19.02,-0.01,39,74178,卖盘
184,10:03:13,19.02,0.0,15,28530,卖盘
185,10:03:19,19.02,0.0,7,13314,卖盘
186,10:04:24,19.01,-0.01,4,7604,买盘
187,10:04:27,18.96,-0.05,41,77852,卖盘
188,10:04:55,18.97,0.01,3,5691,买盘
189,10:05:04,18.97,0.0,2,3794,买盘
190,10:05:12,18.97,0.0,15,28455,买盘
191,10:05:25,18.97,0.0,10,18970,买盘
192,10:05:37,18.97,0.0,22,41714,买盘
193,10:05:46,18.97,0.0,2,3794,买盘
194,10:06:43,19.06,0.09,1,1906,卖盘
195,10:06:49,19.06,0.0,3,5718,买盘
196,10:06:55,19.07,0.01,1,1907,卖盘
197,10:07:00,19.07,0.0,1,1907,卖盘
198,10:07:04,19.07,0.0,6,11442,卖盘
199,10:07:21,19.07,0.0,5,9535,买盘
200,10:08:46,19.08,0.01,13,24801,买盘
201,10:09:01,19.09,0.01,12,22908,买盘
202,10:09:13,19.1,0.01,1,1910,卖盘
203,10:09:19,19.08,-0.02,7,13356,卖盘
204,10:10:04,19.04,-0.04,5,9520,卖盘
205,10:10:13,19.04,0.0,1,1904,买盘
206,10:10:16,19.04,0.0,1,1904,买盘
207,10:10:19,19.04,0.0,1,1904,买盘
208,10:10:40,19.03,-0.01,13,24748,卖盘
209,10:11:13,19.08,0.05,2,3816,买盘
210,10:11:16,19.04,-0.04,12,22853,卖盘
211,10:11:34,19.06,0.02,6,11436,买盘
212,10:12:05,19.06,0.0,10,19060,买盘
213,10:12:34,19.04,-0.02,9,17136,卖盘
214,10:12:40,19.03,-0.01,1,1903,卖盘
215,10:12:43,19.03,0.0,2,3806,卖盘
216,10:12:49,19.02,-0.01,1,1902,卖盘
217,10:13:01,19.01,-0.01,6,11406,卖盘
218,10:13:07,19.01,0.0,17,32314,买盘
219,10:13:22,18.99,-0.02,10,18990,卖盘
220,10:13:31,18.98,-0.01,13,24674,卖盘
221,10:13:46,18.98,0.0,2,3796,卖盘
222,10:13:49,18.99,0.01,22,41758,买盘
223,10:14:25,18.99,0.0,30,56970,买盘
224,10:15:16,19.01,0.02,1,1901,卖盘
225,10:16:04,19.04,0.03,1,1904,买盘
226,10:16:16,19.05,0.01,5,9525,买盘
227,10:16:22,19.05,0.0,20,38089,买盘
228,10:16:31,19.05,0.0,5,9525,买盘
229,10:16:34,19.05,0.0,31,59055,买盘
230,10:17:13,19.05,0.0,5,9525,卖盘
231,10:17:19,19.05,0.0,1,1905,卖盘
232,10:17:28,19.1,0.05,5,9550,买盘
233,10:17:40,19.1,0.0,10,19100,买盘
234,10:19:04,19.09,-0.01,1,1909,买盘
235,10:19:22,19.09,0.0,12,22888,买盘
236,10:19:40,19.09,0.0,21,40089,卖盘
237,10:19:46,19.09,0.0,3,5727,卖盘
238,10:19:49,19.1,0.01,2,3820,买盘
239,10:19:52,19.09,-0.01,2,3818,卖盘
240,10:19:55,19.1,0.01,9,17190,买盘
241,10:19:58,19.1,0.0,1,1910,卖盘
242,10:20:58,19.1,0.0,1,1910,卖盘
243,10:21:01,19.09,-0.01,20,38186,卖盘
244,10:21:07,19.06,-0.03,3,5718,卖盘
245,10:21:22,19.05,-0.01,4,7620,卖盘
246,10:21:28,19.04,-0.01,22,41909,卖盘
247,10:21:34,19.04,0.0,7,13328,卖盘
248,10:24:09,19.04,0.0,16,30464,买盘
249,10:24:13,19.04,0.0,2,3808,卖盘
250,10:24:16,19.04,0.0,2,3808,卖盘
251,10:24:25,19.04,0.0,3,5712,买盘
252,10:24:34,19.04,0.0,1,1904,买盘
253,10:24:37,19.04,0.0,2,3808,买盘
254,10:24:48,19.04,0.0,1,1904,买盘
255,10:25:42,19.02,-0.02,10,19020,卖盘
256,10:26:10,19.02,0.0,25,47550,买盘
257,10:26:16,19.01,-0.01,3,5703,卖盘
258,10:26:19,19.02,0.01,22,41844,买盘
259,10:26:33,19.05,0.03,23,43799,买盘
260,10:26:49,19.05,0.0,10,19050,买盘
261,10:27:13,19.05,0.0,1,1905,买盘
262,10:27:31,19.05,0.0,1,1905,买盘
263,10:27:52,19.13,0.08,5,9565,买盘
264,10:27:58,19.1,-0.03,8,15280,卖盘
265,10:28:28,19.15,0.05,5,9572,买盘
266,10:28:43,19.1,-0.05,20,38210,卖盘
267,10:28:52,19.15,0.05,5,9575,买盘
268,10:29:31,19.15,0.0,5,9575,买盘
269,10:29:43,19.15,0.0,5,9575,买盘
270,10:29:46,19.16,0.01,25,47898,买盘
271,10:30:04,19.2,0.04,5,9600,买盘
272,10:30:07,19.21,0.01,4,7684,买盘
273,10:30:22,19.24,0.03,1,1924,买盘
274,10:30:28,19.28,0.04,31,59742,买盘
275,10:30:31,19.28,0.0,2,3856,卖盘
276,10:30:34,19.28,0.0,3,5784,卖盘
277,10:30:37,19.28,0.0,2,3856,卖盘
278,10:30:40,19.28,0.0,12,23120,买盘
279,10:30:43,19.29,0.01,3,5785,买盘
280,10:31:10,19.22,-0.07,1,1922,卖盘
281,10:31:13,19.22,0.0,1,1922,卖盘
282,10:31:16,19.22,0.0,2,3844,卖盘
283,10:31:19,19.22,0.0,2,3844,买盘
284,10:31:28,19.2,-0.02,5,9600,卖盘
285,10:31:31,19.22,0.02,1,1922,买盘
286,10:31:37,19.21,-0.01,1,1921,中性盘
287,10:32:13,19.2,-0.01,2,3840,卖盘
288,10:32:16,19.21,0.01,14,26894,买盘
289,10:32:25,19.21,0.0,6,11526,卖盘
290,10:32:31,19.2,-0.01,5,9600,卖盘
291,10:32:37,19.18,-0.02,4,7672,卖盘
292,10:33:01,19.18,0.0,3,5754,买盘
293,10:33:16,19.2,0.02,1,1920,买盘
294,10:33:19,19.18,-0.02,1,1918,卖盘
295,10:33:25,19.2,0.02,3,5760,买盘
296,10:34:01,19.21,0.01,2,3842,买盘
297,10:34:04,19.2,-0.01,8,15360,卖盘
298,10:34:07,19.21,0.01,57,109497,买盘
299,10:34:13,19.2,-0.01,21,40321,卖盘
300,10:34:16,19.21,0.01,10,19210,买盘
301,10:34:22,19.21,0.0,3,5763,买盘
302,10:34:25,19.21,0.0,1,1921,买盘
303,10:34:40,19.25,0.04,14,26950,中性盘
304,10:34:43,19.26,0.01,3,5777,买盘
305,10:34:49,19.26,0.0,6,11556,买盘
306,10:35:10,19.27,0.01,5,9635,买盘
307,10:35:13,19.26,-0.01,2,3852,卖盘
308,10:35:16,19.27,0.01,8,15416,买盘
309,10:35:22,19.26,-0.01,4,7704,卖盘
310,10:35:28,19.27,0.01,22,42389,买盘
311,10:35:34,19.27,0.0,8,15416,卖盘
312,10:36:01,19.25,-0.02,8,15395,买盘
313,10:36:07,19.2,-0.05,30,57649,卖盘
314,10:36:13,19.21,0.01,1,1921,买盘
315,10:37:04,19.17,-0.04,2,3834,卖盘
316,10:37:37,19.17,0.0,6,11502,买盘
317,10:38:37,19.17,0.0,3,5751,买盘
318,10:38:49,19.15,-0.02,34,65135,卖盘
319,10:39:16,19.12,-0.03,3,5736,卖盘
320,10:39:22,19.15,0.03,28,53614,买盘
321,10:39:49,19.07,-0.08,11,20977,卖盘
322,10:40:43,19.17,0.1,3,5751,买盘
323,10:40:46,19.17,0.0,20,38340,买盘
324,10:41:30,19.18,0.01,2,3836,卖盘
325,10:41:43,19.23,0.05,30,57681,买盘
326,10:42:16,19.23,0.0,4,7692,买盘
327,10:42:34,19.18,-0.05,5,9590,卖盘
328,10:42:37,19.17,-0.01,10,19176,卖盘
329,10:43:52,19.17,0.0,7,13419,卖盘
330,10:44:28,19.23,0.06,10,19229,买盘
331,10:44:43,19.2,-0.03,1,1920,卖盘
332,10:45:43,19.22,0.02,10,19220,买盘
333,10:45:49,19.23,0.01,30,57690,买盘
334,10:45:52,19.21,-0.02,1,1921,卖盘
335,10:46:04,19.23,0.02,11,21153,买盘
336,10:46:19,19.27,0.04,40,77040,买盘
337,10:46:28,19.25,-0.02,5,9625,卖盘
338,10:46:31,19.23,-0.02,25,48075,卖盘
339,10:47:01,19.23,0.0,2,3846,买盘
340,10:47:19,19.25,0.02,27,51975,买盘
341,10:47:25,19.23,-0.02,10,19241,卖盘
342,10:48:07,19.24,0.01,2,3848,卖盘
343,10:48:37,19.27,0.03,2,3854,买盘
344,10:49:22,19.26,-0.01,17,32742,卖盘
345,10:49:25,19.27,0.01,25,48158,买盘
346,10:49:34,19.26,-0.01,3,5778,买盘
347,10:49:46,19.25,-0.01,1,1925,卖盘
348,10:49:51,19.26,0.01,10,19260,买盘
349,10:50:01,19.26,0.0,11,21186,卖盘
350,10:50:04,19.26,0.0,2,3852,卖盘
351,10:50:07,19.26,0.0,4,7704,卖盘
352,10:50:09,19.29,0.03,100,192763,买盘
353,10:50:18,19.26,-0.03,1,1926,卖盘
354,10:50:27,19.29,0.03,20,38573,买盘
355,10:50:40,19.28,-0.01,5,9640,买盘
356,10:50:55,19.28,0.0,5,9640,买盘
357,10:51:22,19.28,0.0,15,28920,买盘
358,10:51:24,19.28,0.0,4,7712,卖盘
359,10:51:31,19.28,0.0,4,7712,卖盘
360,10:51:34,19.28,0.0,27,52076,卖盘
361,10:52:55,19.28,0.0,10,19280,买盘
362,10:53:12,19.26,-0.02,18,34668,卖盘
363,10:53:31,19.26,0.0,21,40446,卖盘
364,10:53:34,19.26,0.0,7,13482,卖盘
365,10:53:37,19.25,-0.01,11,21175,卖盘
366,10:53:40,19.25,0.0,1,1925,卖盘
367,10:53:43,19.24,-0.01,13,25019,卖盘
368,10:53:46,19.23,-0.01,7,13461,卖盘
369,10:54:33,19.23,0.0,1,1923,买盘
370,10:54:36,19.23,0.0,1,1923,卖盘
371,10:54:40,19.23,0.0,4,7692,卖盘
372,10:55:12,19.27,0.04,40,77056,买盘
373,10:55:18,19.27,0.0,4,7708,买盘
374,10:55:24,19.27,0.0,1,1927,卖盘
375,10:55:34,19.27,0.0,1,1927,卖盘
376,10:55:40,19.27,0.0,8,15416,卖盘
377,10:55:46,19.27,0.0,1,1927,卖盘
378,10:55:49,19.27,0.0,5,9635,卖盘
379,10:56:16,19.28,0.01,42,80960,买盘
380,10:56:22,19.28,0.0,6,12725,卖盘
381,10:56:27,19.28,0.0,2,2699,卖盘
382,10:57:10,19.28,0.0,7,13492,买盘
383,10:57:55,19.25,-0.03,9,17325,卖盘
384,10:58:34,19.25,0.0,49,94325,买盘
385,10:58:40,19.29,0.04,73,140755,买盘
386,10:59:31,19.29,0.0,32,61728,买盘
387,10:59:40,19.3,0.01,9,17363,买盘
388,11:00:07,19.29,-0.01,5,9645,卖盘
389,11:00:19,19.3,0.01,14,27020,买盘
390,11:00:28,19.29,-0.01,5,9645,卖盘
391,11:00:43,19.27,-0.02,2,3854,卖盘
392,11:00:52,19.28,0.01,3,5784,买盘
393,11:01:58,19.29,0.01,2,3858,卖盘
394,11:02:19,19.3,0.01,299,577812,买盘
395,11:02:22,19.3,0.0,1,1158,买盘
396,11:02:31,19.28,-0.02,1,1928,买盘
397,11:03:06,19.29,0.01,2,4630,买盘
398,11:03:58,19.3,0.01,4,7720,买盘
399,11:04:13,19.31,0.01,5,9655,买盘
400,11:04:22,19.32,0.01,15,28980,买盘
401,11:04:58,19.31,-0.01,7,13517,卖盘
402,11:05:01,19.33,0.02,8,15075,买盘
403,11:05:07,19.32,-0.01,2,4250,卖盘
404,11:05:10,19.33,0.01,14,26672,买盘
405,11:05:18,19.33,0.0,10,19330,卖盘
406,11:05:25,19.34,0.01,1,1934,买盘
407,11:05:40,19.35,0.01,31,59967,买盘
408,11:06:01,19.37,0.02,10,19370,买盘
409,11:06:07,19.35,-0.02,69,133515,卖盘
410,11:06:19,19.35,0.0,1,1935,买盘
411,11:06:31,19.35,0.0,1,1935,卖盘
412,11:06:58,19.33,-0.02,1,1933,卖盘
413,11:07:19,19.33,0.0,1,1933,卖盘
414,11:07:25,19.33,0.0,3,5799,卖盘
415,11:07:33,19.33,0.0,9,17397,卖盘
416,11:07:43,19.34,0.01,9,17403,买盘
417,11:08:19,19.33,-0.01,1,1933,买盘
418,11:08:39,19.31,-0.02,3,5793,卖盘
419,11:08:54,19.31,0.0,5,9655,卖盘
420,11:08:57,19.33,0.02,5,9665,买盘
421,11:09:52,19.31,-0.02,5,9655,卖盘
422,11:09:55,19.32,0.01,2,3864,买盘
423,11:10:09,19.31,-0.01,20,38620,卖盘
424,11:10:16,19.32,0.01,16,30908,买盘
425,11:10:28,19.32,0.0,8,15456,卖盘
426,11:10:37,19.33,0.01,31,59904,买盘
427,11:11:07,19.33,0.0,7,13531,买盘
428,11:11:28,19.33,0.0,1,1933,卖盘
429,11:11:39,19.33,0.0,3,5799,买盘
430,11:11:46,19.33,0.0,9,17397,买盘
431,11:11:49,19.33,0.0,2,3866,买盘
432,11:12:37,19.33,0.0,8,15464,卖盘
433,11:12:49,19.33,0.0,5,9665,买盘
434,11:12:52,19.31,-0.02,70,135170,卖盘
435,11:12:55,19.31,0.0,4,7724,卖盘
436,11:13:04,19.3,-0.01,13,25090,卖盘
437,11:13:13,19.28,-0.02,37,70565,买盘
438,11:13:18,19.26,-0.02,14,26964,卖盘
439,11:13:25,19.24,-0.02,2,3848,卖盘
440,11:13:43,19.23,-0.01,8,15384,卖盘
441,11:13:49,19.23,0.0,7,13461,买盘
442,11:14:01,19.23,0.0,4,7692,卖盘
443,11:14:49,19.26,0.03,3,5778,买盘
444,11:15:07,19.29,0.03,2,3858,买盘
445,11:15:12,19.26,-0.03,1,1926,卖盘
446,11:15:25,19.31,0.05,60,115811,买盘
447,11:15:28,19.26,-0.05,7,13482,卖盘
448,11:15:46,19.26,0.0,6,11556,买盘
449,11:15:48,19.26,0.0,17,32742,买盘
450,11:16:01,19.3,0.04,3,5790,买盘
451,11:16:49,19.3,0.0,7,13510,卖盘
452,11:17:18,19.3,0.0,1,1930,卖盘
453,11:17:28,19.3,0.0,1,1930,卖盘
454,11:17:42,19.3,0.0,2,3860,卖盘
455,11:18:09,19.31,0.01,1,1931,买盘
456,11:18:12,19.3,-0.01,6,11580,卖盘
457,11:19:09,19.3,0.0,23,44390,买盘
458,11:19:22,19.3,0.0,4,7720,卖盘
459,11:19:28,19.3,0.0,2,3860,中性盘
460,11:20:46,19.31,0.01,5,9655,买盘
461,11:20:52,19.33,0.02,36,69563,买盘
462,11:21:15,19.33,0.0,1,1933,卖盘
463,11:21:52,19.33,0.0,1,1933,卖盘
464,11:22:04,19.33,0.0,1,1933,卖盘
465,11:22:31,19.34,0.01,12,23208,买盘
466,11:22:34,19.35,0.01,45,87045,买盘
467,11:22:40,19.35,0.0,1,1935,买盘
468,11:22:42,19.35,0.0,3,5805,买盘
469,11:22:52,19.35,0.0,1,1935,买盘
470,11:22:55,19.35,0.0,1,1935,买盘
471,11:22:58,19.35,0.0,3,5805,买盘
472,11:23:01,19.35,0.0,1,1935,买盘
473,11:23:10,19.35,0.0,11,21285,买盘
474,11:23:27,19.35,0.0,30,59593,买盘
475,11:23:34,19.36,0.01,1,1936,买盘
476,11:23:37,19.36,0.0,4,7744,买盘
477,11:23:40,19.36,0.0,3,5808,买盘
478,11:23:43,19.36,0.0,7,13552,买盘
479,11:23:46,19.36,0.0,1,1936,买盘
480,11:23:51,19.36,0.0,3,5808,买盘
481,11:24:07,19.38,0.02,38,73644,买盘
482,11:24:10,19.38,0.0,25,48450,买盘
483,11:24:18,19.39,0.01,10,19385,买盘
484,11:24:21,19.39,0.0,48,93072,买盘
485,11:24:28,19.39,0.0,4,7756,买盘
486,11:24:34,19.39,0.0,5,9695,买盘
487,11:24:40,19.39,0.0,52,100828,买盘
488,11:24:46,19.39,0.0,12,23268,买盘
489,11:25:01,19.4,0.01,26,50440,买盘
490,11:25:10,19.4,0.0,4,7760,买盘
491,11:25:46,19.41,0.01,5,9705,买盘
492,11:26:01,19.41,0.0,4,7764,买盘
493,11:26:16,19.41,0.0,50,97048,买盘
494,11:26:19,19.4,-0.01,10,19400,卖盘
495,11:26:28,19.4,0.0,3,5820,卖盘
496,11:26:34,19.4,0.0,20,38800,卖盘
497,11:26:37,19.42,0.02,68,132006,买盘
498,11:26:46,19.4,-0.02,1,1940,买盘
499,11:26:51,19.4,0.0,1,1940,买盘
500,11:26:58,19.4,0.0,15,29100,买盘
501,11:27:13,19.4,0.0,20,38800,买盘
502,11:27:16,19.4,0.0,3,5820,买盘
503,11:27:21,19.4,0.0,2,3880,买盘
504,11:27:31,19.39,-0.01,10,19390,卖盘
505,11:27:34,19.4,0.01,15,29100,买盘
506,11:27:40,19.39,-0.01,20,38780,卖盘
507,11:28:13,19.38,-0.01,2,3101,卖盘
508,11:28:18,19.39,0.01,1,1939,买盘
509,11:28:58,19.39,0.0,6,11634,买盘
510,11:29:00,19.39,0.0,2,3878,卖盘
511,11:29:40,19.4,0.01,10,19400,买盘
512,11:29:43,19.4,0.0,9,17460,买盘
513,13:00:05,19.39,-0.01,19,36859,卖盘
514,13:00:07,19.41,0.02,91,176622,买盘
515,13:00:10,19.41,0.0,4,7764,卖盘
516,13:00:16,19.42,0.01,2,3884,买盘
517,13:00:21,19.42,0.0,1,1942,买盘
518,13:00:27,19.42,0.0,1,1942,买盘
519,13:00:31,19.42,0.0,56,108752,买盘
520,13:00:49,19.42,0.0,1,1942,中性盘
521,13:00:55,19.43,0.01,12,23316,买盘
522,13:00:58,19.42,-0.01,38,73816,卖盘
523,13:01:10,19.42,0.0,86,167012,卖盘
524,13:01:25,19.41,-0.01,3,5823,卖盘
525,13:01:54,19.4,-0.01,49,95060,卖盘
526,13:02:00,19.39,-0.01,1,1939,卖盘
527,13:02:04,19.39,0.0,3,5817,买盘
528,13:02:22,19.39,0.0,16,31024,卖盘
529,13:02:51,19.39,0.0,9,17451,卖盘
530,13:02:58,19.39,0.0,5,9695,卖盘
531,13:03:01,19.39,0.0,12,23268,卖盘
532,13:03:10,19.39,0.0,20,38780,卖盘
533,13:03:12,19.39,0.0,87,168693,买盘
534,13:03:15,19.38,-0.01,4,7752,卖盘
535,13:03:24,19.38,0.0,5,9690,卖盘
536,13:03:28,19.38,0.0,1,1938,卖盘
537,13:03:34,19.38,0.0,2,3876,卖盘
538,13:03:55,19.38,0.0,67,129846,卖盘
539,13:03:58,19.38,0.0,10,19380,卖盘
540,13:04:01,19.39,0.01,11,21329,买盘
541,13:04:04,19.39,0.0,1,1939,卖盘
542,13:04:40,19.39,0.0,5,9695,买盘
543,13:05:10,19.39,0.0,7,13573,买盘
544,13:05:39,19.4,0.01,4,7760,买盘
545,13:05:49,19.4,0.0,5,9700,买盘
546,13:05:55,19.4,0.0,14,27160,买盘
547,13:05:58,19.4,0.0,10,19400,买盘
548,13:06:00,19.4,0.0,31,60140,买盘
549,13:06:04,19.4,0.0,11,21340,买盘
550,13:06:10,19.39,-0.01,7,13573,卖盘
551,13:06:30,19.39,0.0,3,5817,卖盘
552,13:07:09,19.4,0.01,92,178480,买盘
553,13:07:22,19.41,0.01,8,15523,买盘
554,13:07:40,19.4,-0.01,2,3880,卖盘
555,13:07:48,19.41,0.01,7,13587,买盘
556,13:08:04,19.41,0.0,2,3882,买盘
557,13:08:06,19.4,-0.01,6,11640,卖盘
558,13:08:33,19.4,0.0,4,7760,卖盘
559,13:08:43,19.41,0.01,35,67911,买盘
560,13:08:51,19.4,-0.01,20,38800,卖盘
561,13:08:57,19.4,0.0,54,104760,卖盘
562,13:09:01,19.4,0.0,4,7760,卖盘
563,13:09:04,19.4,0.0,3,5820,卖盘
564,13:09:07,19.4,0.0,5,9700,卖盘
565,13:09:10,19.4,0.0,14,27160,卖盘
566,13:09:13,19.4,0.0,5,9700,卖盘
567,13:09:30,19.38,-0.02,5,9690,卖盘
568,13:09:46,19.38,0.0,23,44574,卖盘
569,13:09:51,19.38,0.0,15,29070,卖盘
570,13:09:57,19.38,0.0,10,20155,卖盘
571,13:10:15,19.36,-0.02,7,13552,卖盘
572,13:10:31,19.36,0.0,1,1936,卖盘
573,13:10:34,19.36,0.0,2,3872,卖盘
574,13:10:43,19.36,0.0,2,3872,卖盘
575,13:10:57,19.36,0.0,20,38720,卖盘
576,13:11:10,19.36,0.0,8,15488,卖盘
577,13:12:28,19.37,0.01,5,9685,卖盘
578,13:12:55,19.37,0.0,4,7748,卖盘
579,13:13:07,19.37,0.0,2,3874,卖盘
580,13:13:55,19.37,0.0,4,7748,卖盘
581,13:14:04,19.36,-0.01,3,5808,卖盘
582,13:14:13,19.36,0.0,48,92943,卖盘
583,13:15:04,19.36,0.0,2,3872,买盘
584,13:15:42,19.35,-0.01,2,3870,卖盘
585,13:17:00,19.35,0.0,5,9675,卖盘
586,13:17:49,19.35,0.0,26,50310,卖盘
587,13:17:54,19.36,0.01,8,15488,买盘
588,13:18:00,19.35,-0.01,15,29025,卖盘
589,13:18:10,19.35,0.0,17,32895,卖盘
590,13:18:18,19.35,0.0,7,13545,卖盘
591,13:18:25,19.35,0.0,2,3870,卖盘
592,13:18:46,19.35,0.0,5,9675,卖盘
593,13:19:00,19.35,0.0,2,3870,卖盘
594,13:19:13,19.35,0.0,2,3870,卖盘
595,13:19:46,19.36,0.01,3,5808,买盘
596,13:19:52,19.36,0.0,15,29040,买盘
597,13:20:18,19.37,0.01,9,17433,买盘
598,13:20:28,19.38,0.01,12,23256,买盘
599,13:20:36,19.38,0.0,17,32946,买盘
600,13:20:42,19.39,0.01,1,1939,买盘
601,13:20:46,19.39,0.0,7,13573,买盘
602,13:20:55,19.4,0.01,5,9700,买盘
603,13:20:58,19.4,0.0,66,128040,买盘
604,13:21:04,19.4,0.0,52,100880,中性盘
605,13:21:16,19.42,0.02,19,36888,买盘
606,13:21:19,19.44,0.02,9,17496,买盘
607,13:21:28,19.45,0.01,10,19444,买盘
608,13:21:37,19.45,0.0,28,54460,买盘
609,13:21:40,19.45,0.0,40,77800,卖盘
610,13:21:42,19.47,0.02,4,7788,买盘
611,13:21:46,19.47,0.0,6,11682,买盘
612,13:21:52,19.47,0.0,3,5841,卖盘
613,13:21:57,19.47,0.0,40,77860,买盘
614,13:22:07,19.45,-0.02,10,19450,中性盘
615,13:22:18,19.45,0.0,20,38900,买盘
616,13:22:37,19.38,-0.07,22,42746,卖盘
617,13:23:10,19.39,0.01,2,3878,卖盘
618,13:23:16,19.39,0.0,5,9695,卖盘
619,13:23:19,19.42,0.03,6,11652,买盘
620,13:23:34,19.42,0.0,4,7768,买盘
621,13:24:16,19.41,-0.01,2,3882,买盘
622,13:24:28,19.41,0.0,21,40761,卖盘
623,13:24:30,19.4,-0.01,5,9700,买盘
624,13:24:42,19.4,0.0,4,7760,买盘
625,13:25:25,19.41,0.01,3,5823,买盘
626,13:25:28,19.4,-0.01,3,5820,卖盘
627,13:26:01,19.39,-0.01,10,19390,卖盘
628,13:26:04,19.38,-0.01,2,3877,卖盘
629,13:26:28,19.38,0.0,20,38760,卖盘
630,13:26:46,19.36,-0.02,20,38720,卖盘
631,13:26:58,19.36,0.0,2,3872,卖盘
632,13:27:01,19.36,0.0,2,3872,买盘
633,13:27:16,19.36,0.0,3,5808,买盘
634,13:27:19,19.36,0.0,8,15488,买盘
635,13:27:24,19.39,0.03,10,19387,买盘
636,13:28:37,19.36,-0.03,2,3872,卖盘
637,13:28:58,19.36,0.0,4,7744,卖盘
638,13:29:34,19.39,0.03,2,3878,买盘
639,13:30:19,19.38,-0.01,4,7752,买盘
640,13:30:22,19.38,0.0,1,1938,买盘
641,13:30:27,19.38,0.0,5,9690,卖盘
642,13:30:30,19.38,0.0,20,38760,卖盘
643,13:30:34,19.37,-0.01,1,1937,买盘
644,13:30:43,19.36,-0.01,2,3872,卖盘
645,13:30:51,19.36,0.0,2,3872,卖盘
646,13:31:13,19.36,0.0,2,3872,卖盘
647,13:31:51,19.36,0.0,6,11616,卖盘
648,13:32:01,19.36,0.0,3,5808,卖盘
649,13:32:52,19.35,-0.01,30,58050,卖盘
650,13:32:58,19.36,0.01,1,1936,买盘
651,13:33:04,19.35,-0.01,6,11610,卖盘
652,13:33:07,19.35,0.0,2,2322,卖盘
653,13:33:18,19.34,-0.01,2,3868,卖盘
654,13:33:27,19.34,0.0,10,19340,卖盘
655,13:33:48,19.34,0.0,4,7736,卖盘
656,13:33:51,19.33,-0.01,2,3866,卖盘
657,13:34:06,19.34,0.01,20,38680,买盘
658,13:34:13,19.33,-0.01,5,9665,卖盘
659,13:34:15,19.34,0.01,12,23208,买盘
660,13:34:25,19.34,0.0,5,9670,买盘
661,13:34:43,19.35,0.01,10,20898,买盘
662,13:35:28,19.35,0.0,4,7740,卖盘
663,13:35:31,19.36,0.01,29,56144,买盘
664,13:35:40,19.36,0.0,4,7744,买盘
665,13:36:34,19.33,-0.03,44,85052,卖盘
666,13:36:51,19.33,0.0,8,15464,买盘
667,13:36:58,19.33,0.0,1,1933,卖盘
668,13:37:19,19.33,0.0,3,5799,买盘
669,13:37:37,19.32,-0.01,3,5796,卖盘
670,13:37:58,19.31,-0.01,40,77257,卖盘
671,13:38:10,19.31,0.0,5,9655,买盘
672,13:38:27,19.3,-0.01,70,135108,卖盘
673,13:38:54,19.34,0.04,45,86910,买盘
674,13:39:01,19.34,0.0,2,3868,卖盘
675,13:39:04,19.31,-0.03,2,3865,卖盘
676,13:39:06,19.34,0.03,1,1934,中性盘
677,13:39:25,19.34,0.0,2,3868,卖盘
678,13:39:28,19.34,0.0,30,58020,卖盘
679,13:39:34,19.34,0.0,5,9670,卖盘
680,13:40:52,19.32,-0.02,2,3864,卖盘
681,13:41:34,19.34,0.02,1,1934,买盘
682,13:41:37,19.32,-0.02,2,3864,卖盘
683,13:42:18,19.35,0.03,36,69652,买盘
684,13:42:31,19.36,0.01,11,21296,买盘
685,13:42:34,19.35,-0.01,14,27090,卖盘
686,13:42:43,19.36,0.01,43,83232,买盘
687,13:42:49,19.36,0.0,1,1936,卖盘
688,13:42:52,19.36,0.0,9,17424,卖盘
689,13:44:22,19.33,-0.03,3,5799,卖盘
690,13:44:52,19.34,0.01,4,7736,卖盘
691,13:45:04,19.35,0.01,5,9675,买盘
692,13:45:13,19.34,-0.01,17,32878,卖盘
693,13:45:15,19.34,0.0,5,9670,买盘
694,13:45:22,19.34,0.0,3,5802,买盘
695,13:45:30,19.34,0.0,1,1934,卖盘
696,13:45:40,19.37,0.03,102,197478,买盘
697,13:45:49,19.36,-0.01,17,32912,卖盘
698,13:46:00,19.35,-0.01,20,38700,买盘
699,13:46:07,19.35,0.0,13,25155,买盘
700,13:46:13,19.35,0.0,10,19350,买盘
701,13:46:42,19.35,0.0,13,25155,买盘
702,13:47:06,19.35,0.0,20,38700,买盘
703,13:47:12,19.34,-0.01,2,3868,卖盘
704,13:47:21,19.35,0.01,25,48375,买盘
705,13:47:45,19.34,-0.01,1,1934,卖盘
706,13:48:46,19.35,0.01,4,7740,买盘
707,13:48:58,19.34,-0.01,1,1934,卖盘
708,13:49:01,19.35,0.01,2,3870,买盘
709,13:49:25,19.35,0.0,1,1935,买盘
710,13:49:28,19.35,0.0,11,21285,买盘
711,13:49:34,19.35,0.0,1,1935,卖盘
712,13:50:10,19.34,-0.01,56,108304,卖盘
713,13:51:01,19.31,-0.03,100,193195,卖盘
714,13:51:27,19.31,0.0,5,9655,卖盘
715,13:52:04,19.31,0.0,2,3863,卖盘
716,13:52:34,19.33,0.02,1,1933,买盘
717,13:53:04,19.34,0.01,18,34812,买盘
718,13:53:55,19.33,-0.01,20,38665,卖盘
719,13:53:58,19.33,0.0,1,1933,买盘
720,13:54:04,19.34,0.01,7,13538,卖盘
721,13:54:31,19.34,0.0,21,40607,买盘
722,13:54:36,19.35,0.01,1,1935,卖盘
723,13:54:43,19.36,0.01,3,5807,买盘
724,13:55:31,19.37,0.01,5,9685,买盘
725,13:55:37,19.37,0.0,1,1937,卖盘
726,13:56:01,19.37,0.0,6,11622,买盘
727,13:56:13,19.37,0.0,10,19370,买盘
728,13:56:39,19.37,0.0,2,3874,买盘
729,13:57:04,19.35,-0.02,12,23223,卖盘
730,13:58:01,19.35,0.0,15,29025,卖盘
731,13:58:42,19.33,-0.02,8,15464,卖盘
732,13:59:25,19.34,0.01,1,1934,卖盘
733,13:59:30,19.34,0.0,6,11604,卖盘
734,13:59:36,19.34,0.0,2,3868,卖盘
735,14:00:01,19.34,0.0,1,1934,卖盘
736,14:00:55,19.34,0.0,3,5802,卖盘
737,14:00:58,19.34,0.0,3,5802,卖盘
738,14:01:06,19.34,0.0,5,9670,卖盘
739,14:01:10,19.34,0.0,2,3868,卖盘
740,14:01:13,19.34,0.0,3,5802,卖盘
741,14:01:19,19.34,0.0,2,3868,卖盘
742,14:01:24,19.34,0.0,6,11604,卖盘
743,14:01:30,19.34,0.0,1,1934,卖盘
744,14:01:40,19.39,0.05,193,373936,买盘
745,14:01:46,19.33,-0.06,22,42568,卖盘
746,14:02:09,19.39,0.06,2,3878,买盘
747,14:02:13,19.39,0.0,2,3878,卖盘
748,14:02:15,19.39,0.0,2,3878,卖盘
749,14:02:19,19.33,-0.06,1,1933,卖盘
750,14:02:46,19.33,0.0,3,5799,买盘
751,14:02:49,19.33,0.0,9,17397,买盘
752,14:04:49,19.33,0.0,6,11598,卖盘
753,14:05:13,19.33,0.0,26,50258,买盘
754,14:06:40,19.34,0.01,5,9670,卖盘
755,14:06:49,19.34,0.0,15,29010,买盘
756,14:06:55,19.34,0.0,23,44482,买盘
757,14:08:12,19.35,0.01,4,7740,卖盘
758,14:09:06,19.37,0.02,5,9685,买盘
759,14:09:36,19.4,0.03,90,174562,买盘
760,14:09:49,19.4,0.0,70,135800,买盘
761,14:11:16,19.39,-0.01,10,19390,买盘
762,14:11:58,19.39,0.0,5,9695,买盘
763,14:12:31,19.37,-0.02,2,3874,卖盘
764,14:12:39,19.37,0.0,3,5811,卖盘
765,14:12:42,19.4,0.03,149,289052,买盘
766,14:12:51,19.4,0.0,6,11640,买盘
767,14:13:12,19.39,-0.01,2,3878,买盘
768,14:13:28,19.4,0.01,1,1940,买盘
769,14:13:31,19.4,0.0,8,15520,卖盘
770,14:13:40,19.4,0.0,10,19400,买盘
771,14:13:45,19.39,-0.01,7,13573,卖盘
772,14:13:48,19.39,0.0,6,11634,买盘
773,14:14:43,19.38,-0.01,3,5814,中性盘
774,14:15:13,19.38,0.0,4,7752,卖盘
775,14:15:31,19.38,0.0,8,15504,卖盘
776,14:15:58,19.37,-0.01,3,5811,卖盘
777,14:16:01,19.37,0.0,1,1937,卖盘
778,14:16:13,19.37,0.0,1,1937,卖盘
779,14:16:16,19.37,0.0,1,1937,卖盘
780,14:16:19,19.38,0.01,21,40696,买盘
781,14:16:22,19.38,0.0,1,1938,卖盘
782,14:16:25,19.37,-0.01,1,1937,卖盘
783,14:17:37,19.37,0.0,1,1937,卖盘
784,14:17:52,19.37,0.0,17,32929,卖盘
785,14:18:03,19.37,0.0,3,5811,卖盘
786,14:18:30,19.37,0.0,7,13559,卖盘
787,14:18:43,19.37,0.0,1,1937,卖盘
788,14:18:49,19.37,0.0,5,9685,卖盘
789,14:18:55,19.37,0.0,3,5811,卖盘
790,14:19:10,19.37,0.0,3,5811,卖盘
791,14:19:13,19.38,0.01,1,1938,买盘
792,14:19:25,19.35,-0.03,117,226480,卖盘
793,14:20:01,19.34,-0.01,5,9670,买盘
794,14:20:13,19.34,0.0,1,1934,卖盘
795,14:20:52,19.33,-0.01,2,3866,卖盘
796,14:21:12,19.33,0.0,2,3866,卖盘
797,14:21:34,19.33,0.0,23,44459,卖盘
798,14:22:07,19.33,0.0,11,21263,卖盘
799,14:22:22,19.33,0.0,16,30938,卖盘
800,14:22:25,19.35,0.02,9,17415,买盘
801,14:22:27,19.33,-0.02,44,85052,卖盘
802,14:22:40,19.33,0.0,17,32856,买盘
803,14:22:55,19.33,0.0,8,15464,卖盘
804,14:23:12,19.35,0.02,3,5805,买盘
805,14:23:16,19.33,-0.02,11,21263,卖盘
806,14:23:24,19.32,-0.01,16,30912,卖盘
807,14:23:28,19.32,0.0,9,17388,买盘
808,14:23:31,19.33,0.01,3,5798,买盘
809,14:23:37,19.33,0.0,40,77320,买盘
810,14:23:43,19.31,-0.02,1,1931,卖盘
811,14:23:48,19.31,0.0,1,1931,卖盘
812,14:24:48,19.31,0.0,2,3862,卖盘
813,14:25:16,19.32,0.01,20,38640,买盘
814,14:25:30,19.32,0.0,2,3864,买盘
815,14:25:55,19.32,0.0,2,3864,卖盘
816,14:26:10,19.32,0.0,1,1932,卖盘
817,14:27:45,19.33,0.01,1,1933,买盘
818,14:27:49,19.32,-0.01,1,1932,卖盘
819,14:28:13,19.32,0.0,10,19320,卖盘
820,14:28:25,19.32,0.0,11,21252,卖盘
821,14:28:28,19.33,0.01,33,63789,买盘
822,14:29:00,19.33,0.0,11,21263,卖盘
823,14:30:15,19.33,0.0,10,19330,买盘
824,14:30:25,19.33,0.0,72,139175,买盘
825,14:30:52,19.33,0.0,13,25129,卖盘
826,14:32:04,19.35,0.02,16,30960,买盘
827,14:32:22,19.35,0.0,4,7740,卖盘
828,14:32:39,19.36,0.01,6,11615,买盘
829,14:33:21,19.33,-0.03,1,1546,卖盘
830,14:34:09,19.33,0.0,3,5799,卖盘
831,14:34:31,19.35,0.02,1,1935,买盘
832,14:34:37,19.34,-0.01,5,9673,卖盘
833,14:35:06,19.34,0.0,5,9670,买盘
834,14:35:16,19.33,-0.01,1,1933,卖盘
835,14:35:39,19.32,-0.01,44,85008,卖盘
836,14:35:46,19.32,0.0,3,5796,买盘
837,14:35:58,19.32,0.0,3,5796,买盘
838,14:36:03,19.32,0.0,7,13176,买盘
839,14:36:07,19.33,0.01,12,22809,买盘
840,14:36:10,19.33,0.0,5,9665,卖盘
841,14:36:19,19.32,-0.01,10,19326,卖盘
842,14:36:22,19.32,0.0,11,21252,卖盘
843,14:36:36,19.3,-0.02,145,280673,卖盘
844,14:36:42,19.26,-0.04,6,11556,卖盘
845,14:36:52,19.27,0.01,5,9635,买盘
846,14:36:55,19.27,0.0,1,1927,卖盘
847,14:37:01,19.29,0.02,8,15432,买盘
848,14:37:04,19.27,-0.02,2,3854,卖盘
849,14:37:16,19.2,-0.07,190,365349,卖盘
850,14:37:24,19.29,0.09,19,36642,买盘
851,14:37:27,19.29,0.0,1,1929,卖盘
852,14:37:31,19.29,0.0,1,1929,卖盘
853,14:37:46,19.29,0.0,4,7716,卖盘
854,14:37:52,19.29,0.0,8,15432,卖盘
855,14:38:01,19.3,0.01,8,15437,买盘
856,14:38:13,19.3,0.0,2,3860,卖盘
857,14:38:30,19.3,0.0,5,9650,卖盘
858,14:38:34,19.32,0.02,10,19320,买盘
859,14:38:36,19.3,-0.02,1,1930,卖盘
860,14:38:46,19.3,0.0,13,25090,买盘
861,14:38:52,19.3,0.0,8,15440,卖盘
862,14:38:55,19.3,0.0,1,1930,卖盘
863,14:38:58,19.3,0.0,5,9650,卖盘
864,14:39:01,19.3,0.0,3,5790,卖盘
865,14:39:18,19.3,0.0,15,28950,卖盘
866,14:40:16,19.28,-0.02,3,5784,买盘
867,14:40:25,19.28,0.0,3,5784,卖盘
868,14:40:34,19.25,-0.03,3,5390,卖盘
869,14:40:52,19.28,0.03,3,5784,卖盘
870,14:41:22,19.28,0.0,2,3856,卖盘
871,14:41:31,19.28,0.0,7,13496,卖盘
872,14:41:52,19.26,-0.02,15,28890,卖盘
873,14:41:58,19.28,0.02,4,7711,买盘
874,14:42:13,19.27,-0.01,9,17343,卖盘
875,14:42:22,19.27,0.0,1,1927,买盘
876,14:42:25,19.25,-0.02,54,103988,卖盘
877,14:42:28,19.27,0.02,3,5781,卖盘
878,14:42:49,19.26,-0.01,22,42372,买盘
879,14:42:55,19.25,-0.01,30,57750,卖盘
880,14:43:19,19.26,0.01,6,11556,买盘
881,14:43:31,19.25,-0.01,14,26955,卖盘
882,14:43:54,19.25,0.0,8,15400,卖盘
883,14:44:01,19.25,0.0,2,3080,卖盘
884,14:44:13,19.27,0.02,15,28905,买盘
885,14:44:19,19.25,-0.02,10,19250,卖盘
886,14:44:30,19.25,0.0,5,9625,卖盘
887,14:44:40,19.25,0.0,20,38500,卖盘
888,14:44:46,19.27,0.02,7,13487,买盘
889,14:45:01,19.28,0.01,7,13496,买盘
890,14:45:07,19.25,-0.03,33,64700,卖盘
891,14:45:19,19.25,0.0,6,11550,买盘
892,14:45:43,19.24,-0.01,3,5772,卖盘
893,14:45:46,19.25,0.01,11,20010,卖盘
894,14:46:22,19.26,0.01,1,1926,买盘
895,14:46:37,19.26,0.0,3,5778,买盘
896,14:46:58,19.25,-0.01,10,19254,卖盘
897,14:47:13,19.25,0.0,63,122430,卖盘
898,14:47:16,19.25,0.0,1,1925,买盘
899,14:47:28,19.25,0.0,10,19250,买盘
900,14:47:37,19.23,-0.02,5,9615,卖盘
901,14:47:45,19.24,0.01,1,1924,卖盘
902,14:47:49,19.23,-0.01,11,21153,卖盘
903,14:47:58,19.23,0.0,6,11538,卖盘
904,14:48:04,19.23,0.0,1,1923,卖盘
905,14:48:10,19.25,0.02,39,75075,买盘
906,14:48:19,19.25,0.0,2,2906,卖盘
907,14:48:22,19.25,0.0,5,10568,卖盘
908,14:48:46,19.25,0.0,10,19250,买盘
909,14:49:10,19.24,-0.01,4,7696,买盘
910,14:49:13,19.24,0.0,5,9620,买盘
911,14:49:19,19.24,0.0,1,1924,买盘
912,14:49:43,19.24,0.0,1,1924,卖盘
913,14:50:07,19.24,0.0,1,770,卖盘
914,14:50:10,19.24,0.0,5,9620,买盘
915,14:50:13,19.24,0.0,1,1924,卖盘
916,14:50:19,19.25,0.01,14,26945,买盘
917,14:50:43,19.24,-0.01,1,3078,卖盘
918,14:50:49,19.24,0.0,10,19240,买盘
919,14:50:52,19.24,0.0,10,18086,买盘
920,14:51:01,19.25,0.01,47,91457,买盘
921,14:51:04,19.25,0.0,15,28875,卖盘
922,14:51:19,19.25,0.0,15,28875,卖盘
923,14:51:22,19.25,0.0,30,56775,卖盘
924,14:51:25,19.25,0.0,5,9625,买盘
925,14:51:28,19.26,0.01,4,8684,买盘
926,14:51:37,19.26,0.0,1,944,买盘
927,14:51:43,19.24,-0.02,1,1924,卖盘
928,14:51:46,19.25,0.01,2,3850,买盘
929,14:51:49,19.25,0.0,1,2907,买盘
930,14:51:55,19.25,0.0,3,5775,买盘
931,14:52:01,19.24,-0.01,116,223415,卖盘
932,14:52:07,19.24,0.0,8,15392,买盘
933,14:52:16,19.24,0.0,38,73112,买盘
934,14:52:25,19.23,-0.01,1,1154,卖盘
935,14:52:28,19.24,0.01,5,9447,买盘
936,14:52:37,19.24,0.0,5,9793,卖盘
937,14:52:40,19.24,0.0,5,9447,买盘
938,14:52:52,19.24,0.0,2,3848,卖盘
939,14:52:58,19.24,0.0,1,1924,卖盘
940,14:53:07,19.26,0.02,8,15408,买盘
941,14:53:28,19.24,-0.02,24,46349,卖盘
942,14:53:31,19.26,0.02,5,9628,卖盘
943,14:53:40,19.24,-0.02,6,11544,买盘
944,14:53:58,19.25,0.01,2,3850,卖盘
945,14:54:10,19.25,0.0,75,144375,卖盘
946,14:54:31,19.25,0.0,20,38500,买盘
947,14:54:34,19.24,-0.01,20,38480,卖盘
948,14:54:37,19.25,0.01,7,13475,买盘
949,14:54:43,19.25,0.0,18,34650,买盘
950,14:54:46,19.24,-0.01,10,19240,卖盘
951,14:55:04,19.24,0.0,2,3848,卖盘
952,14:55:07,19.24,0.0,17,32708,卖盘
953,14:55:10,19.24,0.0,9,17316,买盘
954,14:55:28,19.24,0.0,1,1924,买盘
955,14:55:31,19.24,0.0,6,11544,卖盘
956,14:55:34,19.24,0.0,1,1924,卖盘
957,14:55:46,19.23,-0.01,67,129612,卖盘
958,14:55:49,19.23,0.0,26,49998,买盘
959,14:55:55,19.21,-0.02,11,21131,卖盘
960,14:55:58,19.21,0.0,1,1921,卖盘
961,14:56:01,19.21,0.0,1,1921,卖盘
962,14:56:10,19.22,0.01,2,3844,卖盘
963,14:56:22,19.23,0.01,20,38439,买盘
964,14:56:28,19.21,-0.02,2,3842,卖盘
965,14:56:31,19.21,0.0,10,19212,卖盘
966,14:56:34,19.22,0.01,18,34596,买盘
967,14:56:37,19.23,0.01,10,19225,买盘
968,14:56:43,19.21,-0.02,15,28819,卖盘
969,14:56:55,19.22,0.01,3,5766,卖盘
970,14:56:58,19.23,0.01,1,1923,买盘
971,15:00:05,19.23,0.0,189,363447,卖盘
