,time,price,change,volume,amount,type
0,09:25:04,20.52,-0.27,336,689472,买盘
1,09:30:01,20.51,-0.01,49,100499,卖盘
2,09:30:04,20.52,0.01,450,922999,买盘
3,09:30:07,20.5,-0.02,126,258478,卖盘
4,09:30:09,20.51,0.01,170,348544,买盘
5,09:30:12,20.51,0.0,40,82035,买盘
6,09:30:15,20.51,0.0,11,22561,买盘
7,09:30:19,20.5,-0.01,110,225637,卖盘
8,09:30:21,20.51,0.01,12,24605,买盘
9,09:30:24,20.5,-0.01,10,20500,买盘
10,09:30:28,20.49,-0.01,9,18441,卖盘
11,09:30:30,20.5,0.01,7,14346,买盘
12,09:30:33,20.54,0.04,23,47190,买盘
13,09:30:37,20.47,-0.07,25,51219,卖盘
14,09:30:40,20.49,0.02,36,73776,中性盘
15,09:30:43,20.51,0.02,20,41027,买盘
16,09:30:45,20.46,-0.05,100,204828,卖盘
17,09:30:48,20.54,0.08,63,129402,买盘
18,09:30:52,20.4,-0.14,389,795058,卖盘
19,09:30:55,20.44,0.04,105,214528,买盘
20,09:30:58,20.44,0.0,5,10220,买盘
21,09:31:00,20.44,0.0,4,8176,买盘
22,09:31:04,20.44,0.0,5,10217,买盘
23,09:31:06,20.39,-0.05,97,198146,卖盘
24,09:31:09,20.44,0.05,9,18396,买盘
25,09:31:13,20.44,0.0,27,55188,买盘
26,09:31:16,20.42,-0.02,61,124662,卖盘
27,09:31:18,20.44,0.02,31,63356,买盘
28,09:31:22,20.44,0.0,63,128772,买盘
29,09:31:24,20.4,-0.04,202,412278,卖盘
30,09:31:27,20.44,0.04,25,52383,买盘
31,09:31:30,20.49,0.05,5,10245,买盘
32,09:31:33,20.4,-0.09,134,272341,卖盘
33,09:31:36,20.49,0.09,20,42173,买盘
34,09:31:40,20.49,0.0,4,8196,买盘
35,09:31:43,20.49,0.0,5,10245,卖盘
36,09:31:46,20.54,0.05,14,28693,买盘
37,09:31:49,20.54,0.0,4,8210,买盘
38,09:31:52,20.49,-0.05,6,12294,买盘
39,09:31:54,20.49,0.0,3,6147,买盘
40,09:31:57,20.47,-0.02,5,10235,卖盘
41,09:32:04,20.49,0.02,6,12294,买盘
42,09:32:07,20.49,0.0,18,36870,买盘
43,09:32:09,20.44,-0.05,156,318986,卖盘
44,09:32:19,20.47,0.03,6,12282,卖盘
45,09:32:22,20.47,0.0,10,20470,买盘
46,09:32:27,20.49,0.02,1,2049,买盘
47,09:32:34,20.49,0.0,4,8196,买盘
48,09:32:51,20.5,0.01,7,14355,卖盘
49,09:32:57,20.53,0.03,3,6158,买盘
50,09:33:06,20.54,0.01,5,10269,买盘
51,09:33:16,20.54,0.0,4,8216,买盘
52,09:33:18,20.54,0.0,7,13043,买盘
53,09:33:25,20.55,0.01,9,18495,买盘
54,09:33:27,20.55,0.0,7,14384,买盘
55,09:33:31,20.55,0.0,21,43150,买盘
56,09:33:33,20.55,0.0,16,32880,买盘
57,09:33:37,20.54,-0.01,27,55474,卖盘
58,09:33:40,20.55,0.01,9,18495,买盘
59,09:33:43,20.55,0.0,49,100695,买盘
60,09:33:46,20.57,0.02,2,4114,买盘
61,09:33:48,20.58,0.01,20,41154,买盘
62,09:33:51,20.59,0.01,22,45267,买盘
63,09:33:54,20.57,-0.02,2,4114,卖盘
64,09:33:58,20.57,0.0,71,146141,卖盘
65,09:34:00,20.57,0.0,49,100796,卖盘
66,09:34:04,20.63,0.06,1,2063,买盘
67,09:34:07,20.58,-0.05,9,18523,卖盘
68,09:34:09,20.61,0.03,6,12366,卖盘
69,09:34:12,20.63,0.02,2,4126,买盘
70,09:34:19,20.63,0.0,1,2063,买盘
71,09:34:22,20.62,-0.01,5,10310,卖盘
72,09:34:25,20.61,-0.01,7,14427,卖盘
73,09:34:27,20.6,-0.01,2,4120,卖盘
74,09:34:31,20.59,-0.01,10,20590,卖盘
75,09:34:33,20.58,-0.01,8,16464,卖盘
76,09:34:36,20.56,-0.02,10,20560,卖盘
77,09:34:43,20.55,-0.01,9,18500,卖盘
78,09:34:46,20.55,0.0,6,12330,买盘
79,09:34:48,20.54,-0.01,14,29417,卖盘
80,09:34:52,20.54,0.0,43,87665,卖盘
81,09:34:55,20.54,0.0,4,8216,买盘
82,09:34:57,20.54,0.0,5,10270,买盘
83,09:35:01,20.54,0.0,9,18486,买盘
84,09:35:04,20.54,0.0,6,12324,买盘
85,09:35:06,20.54,0.0,9,18483,买盘
86,09:35:09,20.54,0.0,24,49294,买盘
87,09:35:13,20.54,0.0,7,14378,买盘
88,09:35:16,20.54,0.0,40,82160,买盘
89,09:35:18,20.54,0.0,114,234813,买盘
90,09:35:21,20.55,0.01,1,2055,买盘
91,09:35:30,20.58,0.03,3,6174,买盘
92,09:35:34,20.55,-0.03,30,61650,中性盘
93,09:35:36,20.55,0.0,5,10275,买盘
94,09:35:40,20.55,0.0,3,6165,买盘
95,09:35:45,20.56,0.01,7,14392,卖盘
96,09:35:52,20.56,0.0,7,14392,卖盘
97,09:35:55,20.58,0.02,3,6174,买盘
98,09:35:57,20.56,-0.02,1,2056,卖盘
99,09:36:04,20.55,-0.01,105,215825,卖盘
100,09:36:06,20.55,0.0,35,71925,买盘
101,09:36:10,20.55,0.0,3,6165,买盘
102,09:36:13,20.54,-0.01,20,41099,卖盘
103,09:36:16,20.55,0.01,55,113025,买盘
104,09:36:19,20.54,-0.01,17,34928,卖盘
105,09:36:21,20.55,0.01,74,152022,买盘
106,09:36:24,20.53,-0.02,36,73932,卖盘
107,09:36:28,20.53,0.0,4,8213,卖盘
108,09:36:34,20.53,0.0,5,10265,卖盘
109,09:36:37,20.53,0.0,1,2053,卖盘
110,09:36:39,20.53,0.0,8,16424,卖盘
111,09:36:43,20.49,-0.04,230,471515,卖盘
112,09:36:46,20.5,0.01,1,2050,买盘
113,09:36:49,20.48,-0.02,5,10240,卖盘
114,09:36:55,20.5,0.02,6,12300,买盘
115,09:36:57,20.49,-0.01,9,18441,卖盘
116,09:37:01,20.5,0.01,6,12295,买盘
117,09:37:04,20.49,-0.01,22,45484,卖盘
118,09:37:07,20.5,0.01,16,32793,买盘
119,09:37:09,20.49,-0.01,63,129139,卖盘
120,09:37:13,20.49,0.0,10,20490,卖盘
121,09:37:16,20.49,0.0,255,522731,卖盘
122,09:37:19,20.49,0.0,31,63523,卖盘
123,09:37:24,20.5,0.01,2,4100,卖盘
124,09:37:27,20.49,-0.01,19,38941,卖盘
125,09:37:31,20.53,0.04,30,61568,买盘
126,09:37:34,20.54,0.01,15,30810,卖盘
127,09:37:36,20.55,0.01,103,211664,买盘
128,09:37:43,20.54,-0.01,3,6162,卖盘
129,09:37:45,20.54,0.0,2,4109,卖盘
130,09:37:48,20.55,0.01,8,16439,买盘
131,09:37:52,20.54,-0.01,4,8216,卖盘
132,09:38:04,20.49,-0.05,48,98013,卖盘
133,09:38:06,20.49,0.0,37,75804,买盘
134,09:38:09,20.49,0.0,35,72084,买盘
135,09:38:16,20.49,0.0,2,4098,卖盘
136,09:38:19,20.49,0.0,2,4098,卖盘
137,09:38:22,20.55,0.06,10,20545,买盘
138,09:38:27,20.49,-0.06,3,6147,卖盘
139,09:38:46,20.5,0.01,15,30750,卖盘
140,09:38:51,20.53,0.03,40,82120,买盘
141,09:38:57,20.52,-0.01,1,2052,卖盘
142,09:39:00,20.55,0.03,104,213704,买盘
143,09:39:07,20.54,-0.01,44,90414,卖盘
144,09:39:16,20.6,0.06,5,10300,买盘
145,09:39:19,20.57,-0.03,5,10285,卖盘
146,09:39:21,20.57,0.0,5,10285,卖盘
147,09:39:28,20.6,0.03,14,28840,买盘
148,09:39:31,20.58,-0.02,6,12348,卖盘
149,09:39:33,20.6,0.02,11,22659,买盘
150,09:39:37,20.59,-0.01,46,94739,卖盘
151,09:39:39,20.6,0.01,25,51480,买盘
152,09:39:42,20.6,0.0,20,41200,买盘
153,09:39:45,20.59,-0.01,64,131776,卖盘
154,09:39:48,20.6,0.01,44,90639,买盘
155,09:39:51,20.6,0.0,8,16480,买盘
156,09:39:55,20.6,0.0,3,6180,买盘
157,09:39:58,20.58,-0.02,2,4116,卖盘
158,09:40:00,20.59,0.01,8,16472,买盘
159,09:40:03,20.58,-0.01,33,67924,卖盘
160,09:40:06,20.58,0.0,83,170805,买盘
161,09:40:10,20.6,0.02,215,442900,买盘
162,09:40:12,20.6,0.0,214,440830,买盘
163,09:40:16,20.62,0.02,28,57732,买盘
164,09:40:19,20.62,0.0,4,8248,买盘
165,09:40:22,20.61,-0.01,109,224737,卖盘
166,09:40:24,20.61,0.0,34,70074,买盘
167,09:40:27,20.61,0.0,101,208161,买盘
168,09:40:31,20.61,0.0,144,296784,买盘
169,09:40:33,20.68,0.07,19,39225,买盘
170,09:40:40,20.68,0.0,3,6204,买盘
171,09:40:43,20.68,0.0,1,2068,买盘
172,09:40:46,20.68,0.0,1,2068,买盘
173,09:40:48,20.67,-0.01,1,2067,中性盘
174,09:40:52,20.7,0.03,6,12416,买盘
175,09:40:58,20.7,0.0,2,4140,买盘
176,09:41:00,20.76,0.06,9,18668,买盘
177,09:41:04,20.76,0.0,1,2076,卖盘
178,09:41:06,20.76,0.0,14,29064,买盘
179,09:41:09,20.64,-0.12,188,389051,卖盘
180,09:41:13,20.64,0.0,29,59856,买盘
181,09:41:16,20.64,0.0,51,105264,买盘
182,09:41:18,20.64,0.0,79,163056,买盘
183,09:41:21,20.67,0.03,59,121782,买盘
184,09:41:25,20.64,-0.03,13,26858,卖盘
185,09:41:28,20.64,0.0,10,20640,卖盘
186,09:41:31,20.66,0.02,3,6198,买盘
187,09:41:33,20.74,0.08,3,6222,买盘
188,09:41:40,20.66,-0.08,10,20660,中性盘
189,09:41:45,20.67,0.01,1,2067,买盘
190,09:41:48,20.67,0.0,3,6201,买盘
191,09:41:51,20.65,-0.02,33,68148,卖盘
192,09:41:54,20.65,0.0,27,55755,买盘
193,09:41:58,20.64,-0.01,10,20647,卖盘
194,09:42:01,20.64,0.0,5,10320,卖盘
195,09:42:04,20.64,0.0,171,353031,卖盘
196,09:42:07,20.64,0.0,34,70202,卖盘
197,09:42:10,20.65,0.01,156,322140,买盘
198,09:42:13,20.65,0.0,31,64006,买盘
199,09:42:16,20.65,0.0,34,70210,买盘
200,09:42:18,20.65,0.0,11,22715,买盘
201,09:42:25,20.65,0.0,10,20650,买盘
202,09:42:27,20.65,0.0,23,47475,买盘
203,09:42:34,20.65,0.0,10,20650,买盘
204,09:42:36,20.65,0.0,7,14455,买盘
205,09:42:40,20.65,0.0,36,74314,买盘
206,09:42:43,20.64,-0.01,71,146606,卖盘
207,09:42:45,20.68,0.04,53,109472,买盘
208,09:42:48,20.68,0.0,2,4136,买盘
209,09:42:52,20.7,0.02,5,10350,买盘
210,09:42:55,20.71,0.01,8,16568,买盘
211,09:43:04,20.65,-0.06,117,241619,卖盘
212,09:43:15,20.66,0.01,1,2066,卖盘
213,09:43:18,20.71,0.05,5,10355,买盘
214,09:43:21,20.66,-0.05,58,119838,卖盘
215,09:43:24,20.66,0.0,15,30990,卖盘
216,09:43:34,20.66,0.0,10,20660,买盘
217,09:43:40,20.65,-0.01,36,74369,卖盘
218,09:43:45,20.65,0.0,15,30984,卖盘
219,09:43:49,20.65,0.0,7,14460,卖盘
220,09:43:54,20.66,0.01,37,76442,买盘
221,09:44:01,20.69,0.03,3,6207,中性盘
222,09:44:04,20.66,-0.03,13,26858,卖盘
223,09:44:09,20.66,0.0,35,72300,买盘
224,09:44:13,20.66,0.0,11,22726,买盘
225,09:44:16,20.66,0.0,1,2066,买盘
226,09:44:22,20.66,0.0,1,2066,买盘
227,09:44:24,20.66,0.0,11,22726,买盘
228,09:44:27,20.66,0.0,11,22726,买盘
229,09:44:30,20.66,0.0,1,2066,买盘
230,09:44:37,20.66,0.0,2,4132,买盘
231,09:44:52,20.66,0.0,9,18594,买盘
232,09:44:55,20.64,-0.02,170,351005,卖盘
233,09:44:57,20.63,-0.01,4,8252,卖盘
234,09:45:13,20.63,0.0,9,18567,卖盘
235,09:45:16,20.63,0.0,8,16504,买盘
236,09:45:28,20.63,0.0,34,70134,买盘
237,09:45:31,20.62,-0.01,1,2062,买盘
238,09:45:36,20.61,-0.01,1,2061,卖盘
239,09:45:51,20.64,0.03,500,1031910,买盘
240,09:46:04,20.63,-0.01,8,16504,卖盘
241,09:46:06,20.62,-0.01,13,26811,卖盘
242,09:46:12,20.63,0.01,1,2063,买盘
243,09:46:19,20.62,-0.01,14,28868,卖盘
244,09:46:25,20.61,-0.01,55,113398,卖盘
245,09:46:28,20.61,0.0,10,20610,卖盘
246,09:46:33,20.63,0.02,132,272252,买盘
247,09:46:42,20.63,0.0,18,37134,卖盘
248,09:46:49,20.63,0.0,1,2063,卖盘
249,09:46:58,20.63,0.0,7,14443,卖盘
250,09:47:04,20.64,0.01,3,6192,买盘
251,09:47:06,20.63,-0.01,59,121717,卖盘
252,09:47:19,20.64,0.01,1,2064,买盘
253,09:47:31,20.64,0.0,4,8256,买盘
254,09:47:36,20.68,0.04,33,68188,买盘
255,09:47:39,20.63,-0.05,5,10315,卖盘
256,09:47:46,20.67,0.04,4,8268,买盘
257,09:48:06,20.72,0.05,405,837686,买盘
258,09:48:09,20.72,0.0,62,128464,卖盘
259,09:48:12,20.72,0.0,15,31080,卖盘
260,09:48:15,20.73,0.01,17,35241,中性盘
261,09:48:19,20.73,0.0,35,72609,卖盘
262,09:48:24,20.73,0.0,10,20733,卖盘
263,09:48:31,20.73,0.0,3,6219,卖盘
264,09:48:34,20.73,0.0,105,217675,卖盘
265,09:48:36,20.73,0.0,10,20748,卖盘
266,09:48:46,20.74,0.01,1,2074,买盘
267,09:48:49,20.74,0.0,13,26962,买盘
268,09:49:01,20.74,0.0,3,6222,买盘
269,09:49:04,20.75,0.01,28,58074,买盘
270,09:49:09,20.75,0.0,6,12450,买盘
271,09:49:18,20.75,0.0,30,62250,买盘
272,09:49:22,20.75,0.0,4,8300,买盘
273,09:49:24,20.74,-0.01,22,45628,卖盘
274,09:49:28,20.75,0.01,85,176375,买盘
275,09:49:31,20.75,0.0,1,2075,卖盘
276,09:49:37,20.75,0.0,30,62250,卖盘
277,09:49:40,20.75,0.0,2,4150,买盘
278,09:49:49,20.74,-0.01,9,18671,卖盘
279,09:49:51,20.73,-0.01,28,58044,卖盘
280,09:49:55,20.75,0.02,75,155432,买盘
281,09:49:57,20.74,-0.01,4,8299,中性盘
282,09:50:01,20.73,-0.01,2,4146,中性盘
283,09:50:04,20.7,-0.03,25,51777,卖盘
284,09:50:07,20.69,-0.01,8,16550,中性盘
285,09:50:12,20.69,0.0,11,22764,中性盘
286,09:50:18,20.7,0.01,6,12420,买盘
287,09:50:25,20.71,0.01,6,12424,买盘
288,09:50:28,20.7,-0.01,1,2070,中性盘
289,09:50:40,20.71,0.01,6,12426,买盘
290,09:50:42,20.7,-0.01,6,12420,卖盘
291,09:50:46,20.69,-0.01,6,12414,买盘
292,09:50:52,20.69,0.0,4,8276,买盘
293,09:51:04,20.71,0.02,6,12426,买盘
294,09:51:06,20.71,0.0,52,107692,买盘
295,09:51:12,20.74,0.03,8,16592,买盘
296,09:51:16,20.74,0.0,10,20740,买盘
297,09:51:19,20.74,0.0,31,64294,买盘
298,09:51:24,20.75,0.01,123,255225,买盘
299,09:51:27,20.76,0.01,160,332160,买盘
300,09:51:31,20.78,0.02,10,20780,买盘
301,09:51:37,20.79,0.01,5,10395,买盘
302,09:51:39,20.79,0.0,4,8316,买盘
303,09:51:42,20.8,0.01,3,6240,买盘
304,09:51:45,20.8,0.0,8,16640,买盘
305,09:51:48,20.8,0.0,2,4160,买盘
306,09:51:51,20.8,0.0,27,56160,买盘
307,09:51:54,20.79,-0.01,9,18711,卖盘
308,09:51:58,20.81,0.02,6,12483,买盘
309,09:52:01,20.81,0.0,14,29134,买盘
310,09:52:04,20.81,0.0,82,170671,卖盘
311,09:52:07,20.8,-0.01,34,70749,卖盘
312,09:52:10,20.82,0.02,11,22902,买盘
313,09:52:19,20.83,0.01,11,22913,买盘
314,09:52:22,20.83,0.0,2,4166,买盘
315,09:52:25,20.84,0.01,22,45838,买盘
316,09:52:31,20.84,0.0,12,25008,卖盘
317,09:52:34,20.85,0.01,17,35441,买盘
318,09:52:37,20.85,0.0,7,14595,买盘
319,09:52:42,20.86,0.01,11,22946,买盘
320,09:52:46,20.86,0.0,6,12516,买盘
321,09:52:49,20.86,0.0,27,56322,买盘
322,09:52:52,20.87,0.01,10,20866,买盘
323,09:52:55,20.86,-0.01,10,20860,卖盘
324,09:52:58,20.86,0.0,20,41729,卖盘
325,09:53:01,20.87,0.01,57,118959,卖盘
326,09:53:04,20.86,-0.01,124,258615,卖盘
327,09:53:06,20.85,-0.01,25,52105,中性盘
328,09:53:09,20.84,-0.01,17,35420,中性盘
329,09:53:13,20.82,-0.02,5,10410,卖盘
330,09:53:15,20.82,0.0,11,22911,卖盘
331,09:53:18,20.82,0.0,11,22902,卖盘
332,09:53:21,20.82,0.0,17,35393,买盘
333,09:53:25,20.83,0.01,17,35400,买盘
334,09:53:28,20.84,0.01,9,18751,买盘
335,09:53:39,20.84,0.0,9,18756,卖盘
336,09:53:42,20.84,0.0,20,41680,买盘
337,09:53:46,20.85,0.01,5,10424,买盘
338,09:53:49,20.83,-0.02,47,97901,卖盘
339,09:53:52,20.84,0.01,1,2084,中性盘
340,09:53:55,20.84,0.0,2,4168,卖盘
341,09:54:01,20.84,0.0,3,6252,卖盘
342,09:54:04,20.85,0.01,6,12510,买盘
343,09:54:06,20.84,-0.01,36,75015,卖盘
344,09:54:09,20.85,0.01,86,179251,买盘
345,09:54:13,20.84,-0.01,19,39596,卖盘
346,09:54:16,20.84,0.0,11,22924,卖盘
347,09:54:18,20.85,0.01,49,102145,买盘
348,09:54:25,20.84,-0.01,18,37512,卖盘
349,09:54:31,20.85,0.01,559,1167002,买盘
350,09:54:39,20.9,0.05,6,12540,买盘
351,09:54:43,20.89,-0.01,9,18804,中性盘
352,09:54:46,20.9,0.01,32,66878,买盘
353,09:54:49,20.89,-0.01,8,16712,卖盘
354,09:54:52,20.94,0.05,30,63813,卖盘
355,09:54:55,20.94,0.0,39,81640,买盘
356,09:54:57,20.94,0.0,25,52350,买盘
357,09:55:00,20.94,0.0,21,43994,卖盘
358,09:55:04,20.96,0.02,7,14668,买盘
359,09:55:06,20.96,0.0,53,111071,买盘
360,09:55:09,20.98,0.02,26,54532,买盘
361,09:55:13,20.96,-0.02,10,20960,卖盘
362,09:55:16,20.98,0.02,57,119558,买盘
363,09:55:19,20.99,0.01,37,77657,买盘
364,09:55:22,21.0,0.01,130,272941,买盘
365,09:55:24,21.0,0.0,30,63005,买盘
366,09:55:28,21.05,0.05,127,266850,买盘
367,09:55:31,21.09,0.04,49,103263,买盘
368,09:55:34,21.05,-0.04,12,25294,卖盘
369,09:55:36,21.08,0.03,44,92686,买盘
370,09:55:39,21.07,-0.01,78,164417,中性盘
371,09:55:43,21.06,-0.01,37,77933,卖盘
372,09:55:46,21.06,0.0,30,63200,卖盘
373,09:55:49,21.06,0.0,29,61069,卖盘
374,09:55:51,21.05,-0.01,29,61045,卖盘
375,09:55:55,21.05,0.0,1,2105,买盘
376,09:55:58,21.06,0.01,12,25261,买盘
377,09:56:00,21.02,-0.04,19,39985,卖盘
378,09:56:04,21.06,0.04,65,136820,买盘
379,09:56:06,21.05,-0.01,91,191310,卖盘
380,09:56:09,21.05,0.0,30,63155,卖盘
381,09:56:13,21.06,0.01,70,147382,买盘
382,09:56:16,21.05,-0.01,50,105292,卖盘
383,09:56:19,21.06,0.01,27,56851,买盘
384,09:56:22,21.05,-0.01,58,122091,卖盘
385,09:56:24,21.05,0.0,11,23155,买盘
386,09:56:27,21.05,0.0,14,29468,买盘
387,09:56:31,21.05,0.0,25,52625,买盘
388,09:56:33,21.06,0.01,85,178959,买盘
389,09:56:37,21.05,-0.01,10,21050,卖盘
390,09:56:40,21.06,0.01,36,75806,买盘
391,09:56:43,21.05,-0.01,40,84204,卖盘
392,09:56:46,21.05,0.0,3,6315,买盘
393,09:56:49,21.04,-0.01,17,35769,卖盘
394,09:56:51,21.04,0.0,1,2104,卖盘
395,09:56:57,21.05,0.01,25,52625,买盘
396,09:57:01,21.05,0.0,35,73675,买盘
397,09:57:04,21.06,0.01,3,6318,买盘
398,09:57:06,21.05,-0.01,4,8420,卖盘
399,09:57:10,21.05,0.0,28,58926,卖盘
400,09:57:12,21.05,0.0,1,2105,买盘
401,09:57:15,21.06,0.01,168,353789,买盘
402,09:57:18,21.05,-0.01,21,44187,买盘
403,09:57:22,21.05,0.0,48,101039,买盘
404,09:57:25,21.05,0.0,60,126246,卖盘
405,09:57:28,21.06,0.01,13,27378,买盘
406,09:57:30,21.1,0.04,315,664260,买盘
407,09:57:33,21.12,0.02,215,453656,买盘
408,09:57:36,21.12,0.0,25,52822,卖盘
409,09:57:39,21.12,0.0,60,126882,卖盘
410,09:57:43,21.12,0.0,10,21120,卖盘
411,09:57:46,21.12,0.0,7,14799,卖盘
412,09:57:49,21.13,0.01,59,124803,中性盘
413,09:57:55,21.15,0.02,17,35941,中性盘
414,09:57:57,21.12,-0.03,57,120453,卖盘
415,09:58:01,21.13,0.01,24,50698,买盘
416,09:58:04,21.13,0.0,9,19017,买盘
417,09:58:06,21.11,-0.02,90,189986,卖盘
418,09:58:13,21.1,-0.01,3,6330,买盘
419,09:58:19,21.1,0.0,57,120170,买盘
420,09:58:22,21.07,-0.03,8,16856,卖盘
421,09:58:24,21.07,0.0,10,21070,卖盘
422,09:58:28,21.1,0.03,11,23210,买盘
423,09:58:30,21.1,0.0,31,65390,买盘
424,09:58:33,21.09,-0.01,8,16872,卖盘
425,09:58:36,21.1,0.01,2,4220,买盘
426,09:58:40,21.09,-0.01,134,282612,卖盘
427,09:58:43,21.09,0.0,25,52725,卖盘
428,09:58:46,21.09,0.0,29,61161,卖盘
429,09:58:49,21.11,0.02,150,316455,买盘
430,09:58:55,21.1,-0.01,38,80180,买盘
431,09:58:58,21.1,0.0,229,483210,卖盘
432,09:59:01,21.1,0.0,10,21100,卖盘
433,09:59:04,21.12,0.02,51,107695,买盘
434,09:59:07,21.1,-0.02,11,23219,卖盘
435,09:59:09,21.11,0.01,95,200550,卖盘
436,09:59:13,21.13,0.02,183,386648,买盘
437,09:59:16,21.13,0.0,35,73956,卖盘
438,09:59:18,21.13,0.0,39,82468,卖盘
439,09:59:22,21.13,0.0,65,137407,卖盘
440,09:59:24,21.12,-0.01,121,256132,卖盘
441,09:59:27,21.12,0.0,18,38026,卖盘
442,09:59:31,21.12,0.0,26,54912,买盘
443,09:59:34,21.17,0.05,30,63447,买盘
444,09:59:37,21.17,0.0,218,461476,买盘
445,09:59:39,21.17,0.0,52,109924,卖盘
446,09:59:42,21.2,0.03,659,1396675,买盘
447,09:59:46,21.18,-0.02,55,116514,卖盘
448,09:59:49,21.21,0.03,21,44521,买盘
449,09:59:52,21.2,-0.01,3,6360,中性盘
450,09:59:54,21.21,0.01,36,76349,买盘
451,09:59:57,21.21,0.0,250,529875,买盘
452,10:00:01,21.21,0.0,213,451773,卖盘
453,10:00:04,21.2,-0.01,8,16956,卖盘
454,10:00:06,21.18,-0.02,103,218313,卖盘
455,10:00:10,21.18,0.0,10,21180,卖盘
456,10:00:12,21.18,0.0,59,124962,卖盘
457,10:00:15,21.18,0.0,2,4236,买盘
458,10:00:22,21.14,-0.04,5,10570,卖盘
459,10:00:27,21.15,0.01,5,10575,卖盘
460,10:00:30,21.15,0.0,5,10575,卖盘
461,10:00:33,21.18,0.03,72,152435,买盘
462,10:00:37,21.18,0.0,133,281689,买盘
463,10:00:43,21.17,-0.01,15,31755,卖盘
464,10:00:46,21.17,0.0,39,82563,卖盘
465,10:00:48,21.18,0.01,55,116458,买盘
466,10:00:51,21.18,0.0,2,4236,卖盘
467,10:00:54,21.18,0.0,21,44500,卖盘
468,10:00:57,21.2,0.02,394,834710,买盘
469,10:01:00,21.19,-0.01,15,31771,中性盘
470,10:01:04,21.17,-0.02,249,527662,卖盘
471,10:01:07,21.17,0.0,25,52925,买盘
472,10:01:12,21.18,0.01,57,120726,买盘
473,10:01:16,21.2,0.02,51,108080,买盘
474,10:01:18,21.18,-0.02,9,19070,卖盘
475,10:01:22,21.19,0.01,6,12714,中性盘
476,10:01:24,21.18,-0.01,40,84751,卖盘
477,10:01:28,21.18,0.0,12,25426,卖盘
478,10:01:31,21.18,0.0,43,91074,卖盘
479,10:01:34,21.19,0.01,30,63590,买盘
480,10:01:37,21.2,0.01,101,214103,买盘
481,10:01:40,21.2,0.0,54,114509,卖盘
482,10:01:42,21.2,0.0,5,10600,卖盘
483,10:01:45,21.21,0.01,100,212070,买盘
484,10:01:48,21.2,-0.01,28,59371,卖盘
485,10:01:52,21.21,0.01,70,148425,买盘
486,10:01:55,21.21,0.0,6,12747,卖盘
487,10:01:57,21.21,0.0,1,2121,卖盘
488,10:02:01,21.21,0.0,17,36057,卖盘
489,10:02:04,21.22,0.01,12,25464,买盘
490,10:02:06,21.25,0.03,220,466969,买盘
491,10:02:09,21.22,-0.03,25,53054,卖盘
492,10:02:15,21.25,0.03,12,25500,买盘
493,10:02:18,21.23,-0.02,25,53117,卖盘
494,10:02:22,21.26,0.03,95,201965,买盘
495,10:02:24,21.26,0.0,56,119141,卖盘
496,10:02:30,21.3,0.04,457,973234,买盘
497,10:02:34,21.28,-0.02,23,48978,中性盘
498,10:02:36,21.29,0.01,29,61715,买盘
499,10:02:39,21.29,0.0,36,76604,买盘
500,10:02:43,21.29,0.0,49,104336,买盘
501,10:02:46,21.29,0.0,78,166114,卖盘
502,10:02:48,21.31,0.02,18,38341,买盘
503,10:02:52,21.29,-0.02,49,104349,卖盘
504,10:02:55,21.3,0.01,27,57505,买盘
505,10:02:58,21.3,0.0,18,38340,买盘
506,10:03:00,21.27,-0.03,116,246957,卖盘
507,10:03:04,21.27,0.0,1,2127,买盘
508,10:03:06,21.27,0.0,208,442389,买盘
509,10:03:09,21.27,0.0,1,2127,卖盘
510,10:03:12,21.27,0.0,55,117013,卖盘
511,10:03:16,21.28,0.01,19,40420,买盘
512,10:03:19,21.27,-0.01,39,82965,卖盘
513,10:03:22,21.27,0.0,69,146764,卖盘
514,10:03:25,21.26,-0.01,113,240238,卖盘
515,10:03:28,21.21,-0.05,39,82808,卖盘
516,10:03:31,21.26,0.05,39,82886,买盘
517,10:03:34,21.25,-0.01,1,2125,买盘
518,10:03:36,21.22,-0.03,31,65812,卖盘
519,10:03:40,21.26,0.04,22,46770,买盘
520,10:03:43,21.22,-0.04,20,42440,卖盘
521,10:03:54,21.23,0.01,8,16984,卖盘
522,10:03:57,21.24,0.01,12,25492,中性盘
523,10:04:00,21.24,0.0,3,6372,卖盘
524,10:04:04,21.25,0.01,24,50995,买盘
525,10:04:07,21.23,-0.02,35,74334,卖盘
526,10:04:10,21.24,0.01,5,10620,买盘
527,10:04:13,21.24,0.0,91,193284,买盘
528,10:04:18,21.24,0.0,29,61595,卖盘
529,10:04:21,21.24,0.0,56,118965,卖盘
530,10:04:25,21.24,0.0,4,8496,买盘
531,10:04:28,21.25,0.01,5,10625,买盘
532,10:04:31,21.24,-0.01,51,108374,卖盘
533,10:04:33,21.24,0.0,20,42480,买盘
534,10:04:37,21.24,0.0,9,19116,买盘
535,10:04:43,21.24,0.0,1,2124,卖盘
536,10:04:46,21.24,0.0,18,38232,卖盘
537,10:04:49,21.24,0.0,20,42480,买盘
538,10:04:51,21.25,0.01,150,318719,买盘
539,10:04:55,21.26,0.01,16,34001,买盘
540,10:04:57,21.24,-0.02,23,48891,卖盘
541,10:05:00,21.27,0.03,53,112672,买盘
542,10:05:04,21.27,0.0,175,372136,买盘
543,10:05:07,21.27,0.0,14,29758,买盘
544,10:05:10,21.27,0.0,10,21270,卖盘
545,10:05:13,21.24,-0.03,57,121128,卖盘
546,10:05:15,21.27,0.03,22,46794,买盘
547,10:05:18,21.3,0.03,453,964581,买盘
548,10:05:21,21.27,-0.03,18,38276,中性盘
549,10:05:24,21.26,-0.01,18,38271,卖盘
550,10:05:28,21.3,0.04,82,174596,买盘
551,10:05:31,21.3,0.0,1,2130,卖盘
552,10:05:34,21.3,0.0,90,191700,卖盘
553,10:05:37,21.3,0.0,1,2130,卖盘
554,10:05:40,21.32,0.02,43,91661,买盘
555,10:05:42,21.32,0.0,3,6396,卖盘
556,10:05:45,21.32,0.0,2,4264,卖盘
557,10:05:48,21.33,0.01,7,14928,买盘
558,10:05:55,21.32,-0.01,5,10660,买盘
559,10:05:58,21.3,-0.02,28,59655,卖盘
560,10:06:01,21.31,0.01,26,55406,中性盘
561,10:06:04,21.26,-0.05,54,115001,卖盘
562,10:06:07,21.25,-0.01,100,212994,卖盘
563,10:06:10,21.26,0.01,18,38268,买盘
564,10:06:12,21.26,0.0,13,27638,买盘
565,10:06:15,21.26,0.0,1,2126,买盘
566,10:06:18,21.25,-0.01,8,17000,卖盘
567,10:06:21,21.26,0.01,30,63760,买盘
568,10:06:24,21.25,-0.01,9,19125,卖盘
569,10:06:28,21.25,0.0,7,14875,卖盘
570,10:06:31,21.25,0.0,7,14880,卖盘
571,10:06:34,21.26,0.01,37,78662,买盘
572,10:06:37,21.25,-0.01,29,61653,卖盘
573,10:06:40,21.27,0.02,35,74456,卖盘
574,10:06:42,21.29,0.02,23,48967,买盘
575,10:06:52,21.27,-0.02,10,21270,卖盘
576,10:06:55,21.27,0.0,6,12762,卖盘
577,10:06:58,21.27,0.0,10,21270,卖盘
578,10:07:01,21.26,-0.01,87,185034,卖盘
579,10:07:04,21.26,0.0,8,17008,卖盘
580,10:07:06,21.26,0.0,10,21260,卖盘
581,10:07:09,21.26,0.0,13,27647,卖盘
582,10:07:13,21.25,-0.01,19,40375,卖盘
583,10:07:18,21.25,0.0,5,10625,买盘
584,10:07:21,21.24,-0.01,1,2124,卖盘
585,10:07:24,21.23,-0.01,51,108305,卖盘
586,10:07:27,21.24,0.01,30,63714,买盘
587,10:07:31,21.24,0.0,11,23358,买盘
588,10:07:33,21.22,-0.02,14,29714,卖盘
589,10:07:36,21.22,0.0,21,44562,卖盘
590,10:07:40,21.26,0.04,119,252859,买盘
591,10:07:43,21.25,-0.01,12,25490,买盘
592,10:07:46,21.25,0.0,11,23375,卖盘
593,10:07:49,21.25,0.0,26,55250,卖盘
594,10:07:51,21.25,0.0,20,42500,卖盘
595,10:07:54,21.25,0.0,52,110503,卖盘
596,10:07:58,21.25,0.0,6,12750,买盘
597,10:08:04,21.25,0.0,1,2125,买盘
598,10:08:06,21.23,-0.02,7,14861,卖盘
599,10:08:09,21.22,-0.01,18,38188,中性盘
600,10:08:15,21.22,0.0,2,4244,卖盘
601,10:08:18,21.22,0.0,8,16976,卖盘
602,10:08:21,21.22,0.0,3,6366,卖盘
603,10:08:24,21.22,0.0,21,44562,卖盘
604,10:08:27,21.21,-0.01,49,103929,卖盘
605,10:08:31,21.21,0.0,1,2121,卖盘
606,10:08:34,21.21,0.0,1,2121,卖盘
607,10:08:37,21.2,-0.01,110,233222,卖盘
608,10:08:40,21.2,0.0,30,63600,卖盘
609,10:08:42,21.2,0.0,50,106000,卖盘
610,10:08:46,21.2,0.0,14,29680,卖盘
611,10:08:48,21.21,0.01,69,146281,买盘
612,10:08:51,21.2,-0.01,38,80539,卖盘
613,10:08:55,21.16,-0.04,20,42358,卖盘
614,10:09:04,21.16,0.0,5,10580,卖盘
615,10:09:06,21.16,0.0,10,21160,卖盘
616,10:09:09,21.19,0.03,7,14829,买盘
617,10:09:12,21.17,-0.02,16,33872,卖盘
618,10:09:15,21.17,0.0,5,10585,卖盘
619,10:09:24,21.18,0.01,24,50829,买盘
620,10:09:28,21.19,0.01,40,84735,买盘
621,10:09:31,21.19,0.0,1,2119,买盘
622,10:09:33,21.19,0.0,9,19079,卖盘
623,10:09:37,21.19,0.0,9,19073,卖盘
624,10:09:39,21.2,0.01,37,78429,买盘
625,10:09:42,21.2,0.0,71,150518,买盘
626,10:09:46,21.19,-0.01,34,72070,卖盘
627,10:09:49,21.2,0.01,11,23330,卖盘
628,10:09:54,21.2,0.0,22,46641,卖盘
629,10:10:00,21.2,0.0,8,16960,卖盘
630,10:10:04,21.2,0.0,15,31779,卖盘
631,10:10:06,21.2,0.0,14,29682,买盘
632,10:10:09,21.2,0.0,41,86911,买盘
633,10:10:15,21.2,0.0,64,135650,买盘
634,10:10:21,21.19,-0.01,2,4238,买盘
635,10:10:25,21.19,0.0,1,2119,买盘
636,10:10:27,21.18,-0.01,15,31770,卖盘
637,10:10:30,21.19,0.01,2,4238,买盘
638,10:10:33,21.18,-0.01,37,78366,卖盘
639,10:10:36,21.18,0.0,37,78366,买盘
640,10:10:45,21.18,0.0,18,38141,卖盘
641,10:10:49,21.18,0.0,26,55068,卖盘
642,10:10:52,21.18,0.0,31,65660,卖盘
643,10:10:58,21.18,0.0,12,25416,卖盘
644,10:11:00,21.19,0.01,30,63570,买盘
645,10:11:04,21.19,0.0,1,2119,买盘
646,10:11:06,21.2,0.01,29,61463,买盘
647,10:11:12,21.2,0.0,10,21200,买盘
648,10:11:19,21.2,0.0,7,14840,买盘
649,10:11:22,21.19,-0.01,105,222596,卖盘
650,10:11:24,21.21,0.02,45,95428,买盘
651,10:11:28,21.2,-0.01,41,86983,卖盘
652,10:11:30,21.19,-0.01,22,46639,卖盘
653,10:11:36,21.21,0.02,1,2121,买盘
654,10:11:42,21.21,0.0,6,12727,卖盘
655,10:11:45,21.21,0.0,29,61509,卖盘
656,10:11:48,21.21,0.0,27,57245,买盘
657,10:11:52,21.21,0.0,19,40299,卖盘
658,10:11:55,21.21,0.0,147,311947,卖盘
659,10:11:57,21.22,0.01,50,106082,中性盘
660,10:12:01,21.22,0.0,3,6366,卖盘
661,10:12:04,21.22,0.0,85,180370,卖盘
662,10:12:07,21.19,-0.03,61,129345,卖盘
663,10:12:09,21.18,-0.01,8,16944,卖盘
664,10:12:19,21.18,0.0,2,4236,卖盘
665,10:12:22,21.18,0.0,117,247808,卖盘
666,10:12:28,21.18,0.0,9,19062,卖盘
667,10:12:31,21.18,0.0,5,10590,卖盘
668,10:12:33,21.18,0.0,3,6354,卖盘
669,10:12:36,21.18,0.0,96,203340,卖盘
670,10:12:39,21.19,0.01,38,80522,买盘
671,10:12:42,21.19,0.0,32,67808,卖盘
672,10:12:45,21.19,0.0,3,6358,卖盘
673,10:12:48,21.2,0.01,32,67840,买盘
674,10:12:52,21.2,0.0,2,4240,卖盘
675,10:12:55,21.2,0.0,10,21200,卖盘
676,10:12:58,21.2,0.0,5,10600,卖盘
677,10:13:00,21.2,0.0,36,76346,卖盘
678,10:13:04,21.23,0.03,27,57246,买盘
679,10:13:06,21.21,-0.02,3,6363,中性盘
680,10:13:09,21.21,0.0,28,59388,卖盘
681,10:13:18,21.23,0.02,11,23333,买盘
682,10:13:22,21.22,-0.01,18,38197,卖盘
683,10:13:25,21.23,0.01,10,21230,买盘
684,10:13:28,21.22,-0.01,13,27586,卖盘
685,10:13:31,21.22,0.0,4,8488,卖盘
686,10:13:36,21.23,0.01,11,23353,买盘
687,10:13:42,21.23,0.0,1,2123,买盘
688,10:13:45,21.23,0.0,24,50952,买盘
689,10:13:55,21.23,0.0,20,42480,买盘
690,10:13:57,21.24,0.01,21,44587,买盘
691,10:14:04,21.24,0.0,29,61622,买盘
692,10:14:07,21.23,-0.01,90,191075,卖盘
693,10:14:09,21.22,-0.01,13,27587,买盘
694,10:14:21,21.23,0.01,14,29714,中性盘
695,10:14:24,21.23,0.0,20,42460,卖盘
696,10:14:27,21.23,0.0,11,23353,卖盘
697,10:14:31,21.22,-0.01,30,63686,卖盘
698,10:14:34,21.24,0.02,6,12736,买盘
699,10:14:37,21.24,0.0,10,21232,买盘
700,10:14:42,21.23,-0.01,6,12734,买盘
701,10:14:46,21.22,-0.01,4,8488,卖盘
702,10:14:48,21.22,0.0,20,42441,卖盘
703,10:14:51,21.22,0.0,44,93368,卖盘
704,10:14:55,21.21,-0.01,12,25441,卖盘
705,10:14:57,21.21,0.0,11,23331,卖盘
706,10:15:01,21.21,0.0,7,14847,卖盘
707,10:15:04,21.2,-0.01,35,74200,卖盘
708,10:15:06,21.2,0.0,350,742002,卖盘
709,10:15:09,21.19,-0.01,183,387876,卖盘
710,10:15:13,21.15,-0.04,89,188397,卖盘
711,10:15:16,21.15,0.0,59,124785,卖盘
712,10:15:19,21.17,0.02,49,103639,买盘
713,10:15:22,21.15,-0.02,15,31725,卖盘
714,10:15:25,21.15,0.0,33,69795,卖盘
715,10:15:27,21.14,-0.01,120,253781,卖盘
716,10:15:31,21.16,0.02,1,2116,买盘
717,10:15:33,21.17,0.01,7,14814,买盘
718,10:15:37,21.16,-0.01,2,4232,买盘
719,10:15:39,21.17,0.01,46,97380,买盘
720,10:15:43,21.17,0.0,68,143956,卖盘
721,10:15:52,21.17,0.0,11,23287,卖盘
722,10:15:54,21.16,-0.01,68,143810,中性盘
723,10:15:57,21.16,0.0,13,27508,卖盘
724,10:16:07,21.14,-0.02,55,116288,卖盘
725,10:16:09,21.15,0.01,110,232771,买盘
726,10:16:16,21.15,0.0,6,12690,卖盘
727,10:16:22,21.15,0.0,4,8460,买盘
728,10:16:25,21.14,-0.01,2,4228,买盘
729,10:16:28,21.13,-0.01,8,16907,卖盘
730,10:16:31,21.13,0.0,9,19017,卖盘
731,10:16:34,21.14,0.01,2,4228,中性盘
732,10:16:36,21.14,0.0,27,57078,卖盘
733,10:16:39,21.16,0.02,153,323544,买盘
734,10:16:46,21.16,0.0,6,12696,卖盘
735,10:16:49,21.15,-0.01,26,55002,卖盘
736,10:16:52,21.18,0.03,2,4236,买盘
737,10:16:54,21.15,-0.03,2,4233,卖盘
738,10:17:00,21.15,0.0,23,48645,卖盘
739,10:17:07,21.18,0.03,2,4236,买盘
740,10:17:10,21.16,-0.02,2,4232,中性盘
741,10:17:22,21.17,0.01,8,16933,买盘
742,10:17:27,21.16,-0.01,50,105800,卖盘
743,10:17:31,21.17,0.01,55,116435,买盘
744,10:17:33,21.16,-0.01,4,8464,卖盘
745,10:17:39,21.17,0.01,31,65602,买盘
746,10:17:43,21.19,0.02,148,313564,买盘
747,10:17:45,21.2,0.01,92,195006,买盘
748,10:17:48,21.22,0.02,95,201434,买盘
749,10:17:51,21.22,0.0,15,31830,买盘
750,10:17:55,21.22,0.0,13,27586,买盘
751,10:17:57,21.22,0.0,16,33952,买盘
752,10:18:01,21.23,0.01,85,180454,买盘
753,10:18:04,21.23,0.0,23,48840,卖盘
754,10:18:07,21.25,0.02,2,4250,买盘
755,10:18:10,21.22,-0.03,34,72200,卖盘
756,10:18:13,21.23,0.01,58,123089,买盘
757,10:18:15,21.23,0.0,18,38214,买盘
758,10:18:21,21.23,0.0,1,2123,买盘
759,10:18:24,21.27,0.04,242,514179,买盘
760,10:18:27,21.22,-0.05,5,10610,卖盘
761,10:18:30,21.22,0.0,10,21220,卖盘
762,10:18:36,21.23,0.01,65,137995,中性盘
763,10:18:42,21.25,0.02,16,33992,买盘
764,10:18:52,21.25,0.0,5,10625,买盘
765,10:18:55,21.24,-0.01,24,50992,卖盘
766,10:19:01,21.24,0.0,10,21240,卖盘
767,10:19:07,21.26,0.02,15,31881,买盘
768,10:19:09,21.27,0.01,20,42531,买盘
769,10:19:16,21.25,-0.02,25,53165,卖盘
770,10:19:19,21.28,0.03,26,55321,买盘
771,10:19:21,21.28,0.0,22,46815,买盘
772,10:19:24,21.28,0.0,15,31915,买盘
773,10:19:30,21.29,0.01,19,40429,买盘
774,10:19:36,21.3,0.01,453,964819,买盘
775,10:19:39,21.31,0.01,8,17048,买盘
776,10:19:46,21.31,0.0,20,42620,买盘
777,10:19:49,21.3,-0.01,156,332612,卖盘
778,10:19:52,21.33,0.03,12,25596,买盘
779,10:19:54,21.33,0.0,157,334860,买盘
780,10:19:57,21.33,0.0,26,55458,卖盘
781,10:20:00,21.34,0.01,15,32003,买盘
782,10:20:04,21.34,0.0,53,113091,买盘
783,10:20:06,21.35,0.01,355,757776,买盘
784,10:20:10,21.36,0.01,131,279636,买盘
785,10:20:13,21.36,0.0,26,55515,买盘
786,10:20:15,21.36,0.0,20,42720,卖盘
787,10:20:19,21.36,0.0,9,19227,中性盘
788,10:20:21,21.36,0.0,42,89714,卖盘
789,10:20:24,21.35,-0.01,19,40598,卖盘
790,10:20:27,21.36,0.01,50,106846,中性盘
791,10:20:30,21.37,0.01,65,138905,买盘
792,10:20:33,21.38,0.01,22,47016,买盘
793,10:20:36,21.38,0.0,17,36331,买盘
794,10:20:39,21.37,-0.01,12,25644,卖盘
795,10:20:42,21.37,0.0,50,106870,卖盘
796,10:20:45,21.38,0.01,77,164620,买盘
797,10:20:48,21.38,0.0,7,14966,卖盘
798,10:20:51,21.38,0.0,48,102625,卖盘
799,10:20:57,21.38,0.0,312,667543,买盘
800,10:21:04,21.38,0.0,43,91911,买盘
801,10:21:06,21.38,0.0,5,10690,买盘
802,10:21:10,21.37,-0.01,35,74823,卖盘
803,10:21:13,21.38,0.01,6,12828,买盘
804,10:21:16,21.37,-0.01,6,12823,卖盘
805,10:21:19,21.37,0.0,6,12822,卖盘
806,10:21:22,21.38,0.01,12,25646,买盘
807,10:21:25,21.38,0.0,13,27794,买盘
808,10:21:27,21.37,-0.01,47,100445,卖盘
809,10:21:30,21.35,-0.02,23,49108,卖盘
810,10:21:39,21.35,0.0,2,4270,买盘
811,10:21:43,21.34,-0.01,2,4268,卖盘
812,10:21:46,21.34,0.0,2,4268,卖盘
813,10:21:49,21.34,0.0,21,44814,卖盘
814,10:21:52,21.34,0.0,2,4268,买盘
815,10:21:54,21.35,0.01,15,32016,买盘
816,10:22:00,21.33,-0.02,10,21330,卖盘
817,10:22:04,21.3,-0.03,15,31985,卖盘
818,10:22:07,21.3,0.0,9,19170,买盘
819,10:22:10,21.29,-0.01,82,174590,卖盘
820,10:22:13,21.28,-0.01,17,36184,卖盘
821,10:22:21,21.29,0.01,7,14903,买盘
822,10:22:24,21.3,0.01,32,68142,卖盘
823,10:22:31,21.3,0.0,6,12779,买盘
824,10:22:33,21.3,0.0,13,27680,买盘
825,10:22:36,21.29,-0.01,6,12774,卖盘
826,10:22:40,21.3,0.01,2,4260,买盘
827,10:22:43,21.29,-0.01,7,14903,卖盘
828,10:22:46,21.29,0.0,3,6387,卖盘
829,10:22:49,21.29,0.0,5,10645,卖盘
830,10:22:52,21.3,0.01,6,12776,买盘
831,10:22:57,21.29,-0.01,3,6387,卖盘
832,10:23:00,21.29,0.0,90,191688,卖盘
833,10:23:07,21.3,0.01,2,4260,买盘
834,10:23:09,21.29,-0.01,20,42580,卖盘
835,10:23:18,21.3,0.01,7,14910,买盘
836,10:23:22,21.29,-0.01,13,27678,卖盘
837,10:23:34,21.29,0.0,10,21290,卖盘
838,10:23:39,21.29,0.0,10,21292,卖盘
839,10:23:42,21.3,0.01,50,106483,买盘
840,10:23:49,21.28,-0.02,43,91504,卖盘
841,10:23:51,21.29,0.01,2,4258,买盘
842,10:23:57,21.29,0.0,8,17032,买盘
843,10:24:01,21.28,-0.01,40,85140,卖盘
844,10:24:04,21.29,0.01,1,2129,买盘
845,10:24:06,21.28,-0.01,4,8512,卖盘
846,10:24:09,21.28,0.0,21,44690,卖盘
847,10:24:16,21.28,0.0,30,63840,买盘
848,10:24:22,21.28,0.0,10,21272,买盘
849,10:24:28,21.27,-0.01,14,29778,卖盘
850,10:24:33,21.28,0.01,1,2128,买盘
851,10:24:40,21.28,0.0,48,102144,买盘
852,10:24:43,21.28,0.0,1,2128,买盘
853,10:24:45,21.29,0.01,15,31914,买盘
854,10:24:48,21.28,-0.01,1,2128,中性盘
855,10:24:52,21.29,0.01,2,4258,买盘
856,10:25:01,21.28,-0.01,10,21280,卖盘
857,10:25:04,21.29,0.01,2,4258,买盘
858,10:25:09,21.29,0.0,3,6387,买盘
859,10:25:15,21.28,-0.01,14,29792,卖盘
860,10:25:25,21.28,0.0,7,14898,卖盘
861,10:25:27,21.28,0.0,1,2128,卖盘
862,10:25:30,21.28,0.0,10,21280,卖盘
863,10:25:33,21.28,0.0,4,8512,卖盘
864,10:25:36,21.29,0.01,11,23414,买盘
865,10:25:39,21.28,-0.01,7,14898,卖盘
866,10:25:45,21.28,0.0,1,2128,卖盘
867,10:25:51,21.3,0.02,132,281131,买盘
868,10:26:01,21.3,0.0,10,21300,卖盘
869,10:26:04,21.31,0.01,35,74555,买盘
870,10:26:06,21.31,0.0,13,27703,买盘
871,10:26:09,21.3,-0.01,93,198090,卖盘
872,10:26:12,21.3,0.0,14,29820,卖盘
873,10:26:18,21.31,0.01,7,14916,买盘
874,10:26:21,21.31,0.0,54,115074,买盘
875,10:26:24,21.31,0.0,6,12787,卖盘
876,10:26:27,21.31,0.0,2,4262,卖盘
877,10:26:31,21.31,0.0,16,34096,卖盘
878,10:26:34,21.32,0.01,26,55388,买盘
879,10:26:36,21.32,0.0,4,8528,买盘
880,10:26:39,21.33,0.01,3,6398,买盘
881,10:26:42,21.32,-0.01,6,12792,卖盘
882,10:26:48,21.32,0.0,1,2132,买盘
883,10:26:51,21.32,0.0,42,89544,买盘
884,10:26:58,21.32,0.0,5,10660,卖盘
885,10:27:04,21.31,-0.01,10,21313,卖盘
886,10:27:06,21.33,0.02,2,4266,买盘
887,10:27:09,21.33,0.0,4,8532,买盘
888,10:27:12,21.34,0.01,19,40532,买盘
889,10:27:16,21.32,-0.02,5,10660,卖盘
890,10:27:24,21.32,0.0,27,57568,卖盘
891,10:27:33,21.3,-0.02,35,74575,卖盘
892,10:27:39,21.31,0.01,2,4262,买盘
893,10:27:43,21.3,-0.01,10,21300,卖盘
894,10:27:46,21.31,0.01,87,185397,买盘
895,10:27:48,21.3,-0.01,40,85236,卖盘
896,10:27:51,21.3,0.0,286,609209,卖盘
897,10:27:54,21.3,0.0,4,8522,卖盘
898,10:27:57,21.3,0.0,6,12780,买盘
899,10:28:00,21.28,-0.02,10,21284,卖盘
900,10:28:04,21.28,0.0,4,8512,卖盘
901,10:28:06,21.3,0.02,203,432389,买盘
902,10:28:09,21.28,-0.02,4,8512,卖盘
903,10:28:12,21.28,0.0,35,74472,买盘
904,10:28:19,21.28,0.0,52,110654,买盘
905,10:28:22,21.3,0.02,31,66007,买盘
906,10:28:25,21.28,-0.02,1,2128,中性盘
907,10:28:30,21.3,0.02,2,4260,买盘
908,10:28:33,21.3,0.0,16,34080,卖盘
909,10:28:36,21.31,0.01,15,31958,买盘
910,10:28:39,21.31,0.0,28,59660,买盘
911,10:28:43,21.31,0.0,166,353796,买盘
912,10:28:46,21.31,0.0,10,21310,卖盘
913,10:28:51,21.32,0.01,6,12787,买盘
914,10:28:55,21.32,0.0,256,545787,买盘
915,10:28:58,21.34,0.02,147,313748,买盘
916,10:29:01,21.37,0.03,100,213635,买盘
917,10:29:04,21.34,-0.03,10,21340,卖盘
918,10:29:07,21.36,0.02,7,14954,中性盘
919,10:29:09,21.37,0.01,6,12822,买盘
920,10:29:13,21.36,-0.01,28,59839,卖盘
921,10:29:16,21.36,0.0,7,14952,买盘
922,10:29:19,21.36,0.0,80,170880,买盘
923,10:29:22,21.35,-0.01,10,21356,卖盘
924,10:29:25,21.36,0.01,2,4272,中性盘
925,10:29:27,21.36,0.0,6,12816,买盘
926,10:29:31,21.32,-0.04,65,138745,卖盘
927,10:29:33,21.33,0.01,167,356584,中性盘
928,10:29:40,21.35,0.02,2,4270,买盘
929,10:29:43,21.37,0.02,23,49145,买盘
930,10:29:46,21.35,-0.02,25,53375,卖盘
931,10:29:49,21.37,0.02,81,173095,买盘
932,10:29:51,21.37,0.0,12,25644,买盘
933,10:29:55,21.37,0.0,60,128220,买盘
934,10:29:57,21.35,-0.02,260,555101,卖盘
935,10:30:00,21.35,0.0,25,53400,卖盘
936,10:30:04,21.36,0.01,20,42710,中性盘
937,10:30:06,21.35,-0.01,121,258435,卖盘
938,10:30:09,21.35,0.0,242,517138,卖盘
939,10:30:15,21.35,0.0,1,2135,买盘
940,10:30:19,21.35,0.0,59,125965,买盘
941,10:30:22,21.35,0.0,14,29896,卖盘
942,10:30:24,21.37,0.02,26,55554,买盘
943,10:30:27,21.35,-0.02,2,4270,卖盘
944,10:30:30,21.36,0.01,6,12816,卖盘
945,10:30:33,21.35,-0.01,10,21350,卖盘
946,10:30:36,21.36,0.01,6,12816,买盘
947,10:30:40,21.36,0.0,25,53400,买盘
948,10:30:42,21.36,0.0,8,17094,卖盘
949,10:30:46,21.37,0.01,1,2137,买盘
950,10:30:48,21.36,-0.01,6,12816,中性盘
951,10:30:54,21.36,0.0,969,2065806,买盘
952,10:31:04,21.35,-0.01,11,23451,买盘
953,10:31:06,21.35,0.0,1,2135,买盘
954,10:31:09,21.35,0.0,2,4270,买盘
955,10:31:15,21.31,-0.04,62,132348,卖盘
956,10:31:21,21.31,0.0,3,6393,买盘
957,10:31:28,21.35,0.04,1,2135,买盘
958,10:31:33,21.3,-0.05,7,14914,卖盘
959,10:31:36,21.31,0.01,2,4262,买盘
960,10:31:39,21.31,0.0,5,10655,买盘
961,10:31:42,21.3,-0.01,64,136326,卖盘
962,10:31:45,21.31,0.01,1,2131,中性盘
963,10:31:54,21.35,0.04,18,38416,买盘
964,10:32:04,21.31,-0.04,10,21310,卖盘
965,10:32:10,21.31,0.0,41,87379,卖盘
966,10:32:13,21.3,-0.01,8,17040,卖盘
967,10:32:15,21.31,0.01,6,12786,买盘
968,10:32:18,21.35,0.04,208,443897,买盘
969,10:32:24,21.35,0.0,2,4270,买盘
970,10:32:33,21.34,-0.01,32,68258,买盘
971,10:32:36,21.35,0.01,2,4270,买盘
972,10:32:39,21.33,-0.02,5,10665,卖盘
973,10:32:43,21.3,-0.03,625,1331324,卖盘
974,10:32:46,21.3,0.0,4,8520,买盘
975,10:32:49,21.33,0.03,51,108780,买盘
976,10:32:51,21.34,0.01,2,4268,中性盘
977,10:32:58,21.34,0.0,10,21335,买盘
978,10:33:00,21.33,-0.01,6,12801,卖盘
979,10:33:06,21.33,0.0,11,23463,卖盘
980,10:33:09,21.34,0.01,24,51206,买盘
981,10:33:12,21.33,-0.01,36,76788,卖盘
982,10:33:18,21.35,0.02,9,19209,买盘
983,10:33:21,21.33,-0.02,1,2133,卖盘
984,10:33:24,21.33,0.0,9,19198,卖盘
985,10:33:33,21.34,0.01,1,2134,卖盘
986,10:33:37,21.35,0.01,29,61915,买盘
987,10:33:40,21.35,0.0,22,46950,买盘
988,10:33:43,21.34,-0.01,2,4269,卖盘
989,10:33:45,21.34,0.0,20,42680,卖盘
990,10:33:51,21.35,0.01,13,27755,买盘
991,10:33:54,21.35,0.0,2,4270,买盘
992,10:34:03,21.34,-0.01,10,21340,卖盘
993,10:34:09,21.33,-0.01,36,76815,卖盘
994,10:34:16,21.34,0.01,3,6402,买盘
995,10:34:18,21.34,0.0,31,66153,买盘
996,10:34:21,21.34,0.0,43,91762,买盘
997,10:34:24,21.34,0.0,26,55509,卖盘
998,10:34:27,21.35,0.01,47,100321,买盘
999,10:34:30,21.35,0.0,2,4270,买盘
1000,10:34:33,21.35,0.0,10,21350,买盘
1001,10:34:36,21.35,0.0,30,64050,买盘
1002,10:34:39,21.34,-0.01,13,27744,卖盘
1003,10:34:42,21.34,0.0,10,21340,卖盘
1004,10:34:52,21.33,-0.01,82,174926,卖盘
1005,10:34:55,21.34,0.01,2,4268,买盘
1006,10:35:00,21.33,-0.01,38,81088,卖盘
1007,10:35:06,21.33,0.0,7,14933,卖盘
1008,10:35:09,21.33,0.0,10,21330,卖盘
1009,10:35:18,21.33,0.0,5,10665,卖盘
1010,10:35:21,21.33,0.0,210,447932,卖盘
1011,10:35:24,21.33,0.0,15,31995,卖盘
1012,10:35:27,21.33,0.0,58,123714,卖盘
1013,10:35:31,21.33,0.0,6,12798,卖盘
1014,10:35:36,21.33,0.0,1,2133,买盘
1015,10:35:39,21.3,-0.03,14,29820,卖盘
1016,10:35:46,21.3,0.0,4,8520,卖盘
1017,10:35:52,21.3,0.0,9,19170,卖盘
1018,10:36:01,21.3,0.0,50,106500,卖盘
1019,10:36:06,21.31,0.01,4,8524,卖盘
1020,10:36:09,21.31,0.0,17,36227,卖盘
1021,10:36:12,21.35,0.04,568,1211836,买盘
1022,10:36:21,21.35,0.0,200,427000,卖盘
1023,10:36:25,21.36,0.01,17,36297,买盘
1024,10:36:30,21.35,-0.01,10,21350,卖盘
1025,10:36:34,21.35,0.0,7,14945,卖盘
1026,10:36:36,21.36,0.01,10,21360,买盘
1027,10:36:39,21.35,-0.01,119,254065,卖盘
1028,10:36:43,21.35,0.0,1,2135,卖盘
1029,10:36:45,21.36,0.01,16,34175,买盘
1030,10:36:51,21.35,-0.01,9,19215,卖盘
1031,10:36:54,21.35,0.0,10,21350,卖盘
1032,10:37:06,21.35,0.0,111,236985,卖盘
1033,10:37:09,21.36,0.01,78,166608,买盘
1034,10:37:12,21.35,-0.01,30,64057,卖盘
1035,10:37:18,21.35,0.0,58,123830,卖盘
1036,10:37:21,21.31,-0.04,1,2131,卖盘
1037,10:37:45,21.34,0.03,2,4268,买盘
1038,10:37:48,21.31,-0.03,16,34096,卖盘
1039,10:37:57,21.31,0.0,2,4262,买盘
1040,10:38:00,21.31,0.0,2,4262,买盘
1041,10:38:04,21.3,-0.01,50,106500,卖盘
1042,10:38:07,21.31,0.01,1,2131,买盘
1043,10:38:12,21.3,-0.01,141,300428,卖盘
1044,10:38:15,21.3,0.0,3,6392,卖盘
1045,10:38:21,21.3,0.0,10,21306,卖盘
1046,10:38:24,21.3,0.0,2,4260,卖盘
1047,10:38:27,21.34,0.04,2,4268,买盘
1048,10:38:36,21.32,-0.02,20,42640,买盘
1049,10:38:42,21.31,-0.01,5,10655,卖盘
1050,10:38:45,21.34,0.03,9,19206,买盘
1051,10:38:55,21.31,-0.03,4,8524,卖盘
1052,10:39:00,21.33,0.02,7,14931,买盘
1053,10:39:04,21.33,0.0,152,324366,卖盘
1054,10:39:06,21.33,0.0,16,34128,买盘
1055,10:39:09,21.33,0.0,2,4266,卖盘
1056,10:39:12,21.37,0.04,189,403562,买盘
1057,10:39:15,21.37,0.0,10,21370,买盘
1058,10:39:21,21.37,0.0,13,27781,买盘
1059,10:39:24,21.38,0.01,100,213711,买盘
1060,10:39:27,21.3,-0.08,619,1319091,卖盘
1061,10:39:30,21.36,0.06,29,61944,中性盘
1062,10:39:39,21.36,0.0,25,53379,买盘
1063,10:39:42,21.37,0.01,2,4274,买盘
1064,10:39:46,21.37,0.0,1,2137,买盘
1065,10:39:48,21.36,-0.01,41,87576,卖盘
1066,10:39:52,21.36,0.0,20,42720,卖盘
1067,10:39:57,21.36,0.0,12,25632,卖盘
1068,10:40:00,21.35,-0.01,3,6403,买盘
1069,10:40:04,21.35,0.0,36,76860,买盘
1070,10:40:06,21.36,0.01,2,4272,买盘
1071,10:40:09,21.38,0.02,250,534446,买盘
1072,10:40:12,21.38,0.0,94,200696,买盘
1073,10:40:15,21.39,0.01,303,647903,买盘
1074,10:40:18,21.39,0.0,50,106950,买盘
1075,10:40:24,21.38,-0.01,3,6414,买盘
1076,10:40:27,21.4,0.02,220,470637,买盘
1077,10:40:30,21.41,0.01,608,1301245,买盘
1078,10:40:33,21.43,0.02,87,186364,买盘
1079,10:40:36,21.43,0.0,13,27867,卖盘
1080,10:40:39,21.45,0.02,62,132935,买盘
1081,10:40:42,21.44,-0.01,216,463260,卖盘
1082,10:40:45,21.45,0.01,20,42887,买盘
1083,10:40:48,21.45,0.0,55,117975,卖盘
1084,10:40:51,21.46,0.01,36,77255,买盘
1085,10:40:54,21.46,0.0,77,165163,买盘
1086,10:40:57,21.45,-0.01,31,66516,中性盘
1087,10:41:00,21.45,0.0,7,15012,买盘
1088,10:41:04,21.47,0.02,460,987243,买盘
1089,10:41:06,21.48,0.01,5,10728,买盘
1090,10:41:09,21.4,-0.08,739,1581598,卖盘
1091,10:41:12,21.4,0.0,2,4280,买盘
1092,10:41:15,21.4,0.0,41,87740,买盘
1093,10:41:19,21.36,-0.04,1,2136,卖盘
1094,10:41:21,21.35,-0.01,891,1902675,卖盘
1095,10:41:24,21.35,0.0,6,12810,买盘
1096,10:41:27,21.33,-0.02,9,19213,卖盘
1097,10:41:31,21.4,0.07,19,40655,买盘
1098,10:41:39,21.4,0.0,1,2140,买盘
1099,10:41:42,21.4,0.0,8,17112,买盘
1100,10:41:45,21.4,0.0,126,269640,买盘
1101,10:41:51,21.37,-0.03,36,77027,卖盘
1102,10:41:54,21.38,0.01,87,186007,买盘
1103,10:42:00,21.4,0.02,3,6420,买盘
1104,10:42:04,21.4,0.0,11,23540,买盘
1105,10:42:06,21.4,0.0,22,47081,买盘
1106,10:42:09,21.39,-0.01,3,6417,卖盘
1107,10:42:13,21.39,0.0,26,55606,买盘
1108,10:42:15,21.38,-0.01,53,113314,卖盘
1109,10:42:21,21.38,0.0,51,109041,卖盘
1110,10:42:24,21.38,0.0,14,29920,买盘
1111,10:42:30,21.35,-0.03,445,950096,卖盘
1112,10:42:33,21.35,0.0,1,2135,买盘
1113,10:42:45,21.35,0.0,2,4270,买盘
1114,10:42:51,21.34,-0.01,1,2134,卖盘
1115,10:42:54,21.34,0.0,17,36278,卖盘
1116,10:42:57,21.34,0.0,1,2134,买盘
1117,10:43:01,21.33,-0.01,4,8532,卖盘
1118,10:43:04,21.34,0.01,2,4268,买盘
1119,10:43:07,21.34,0.0,1,2134,卖盘
1120,10:43:12,21.34,0.0,14,29876,卖盘
1121,10:43:15,21.34,0.0,14,29878,卖盘
1122,10:43:18,21.34,0.0,18,38422,卖盘
1123,10:43:24,21.34,0.0,8,17072,买盘
1124,10:43:28,21.35,0.01,137,292495,买盘
1125,10:43:30,21.36,0.01,23,49128,买盘
1126,10:43:33,21.36,0.0,17,36312,买盘
1127,10:43:36,21.37,0.01,116,247822,买盘
1128,10:43:39,21.37,0.0,20,42754,卖盘
1129,10:43:45,21.37,0.0,72,153933,卖盘
1130,10:43:49,21.39,0.02,183,391401,买盘
1131,10:43:52,21.4,0.01,40,85600,买盘
1132,10:43:57,21.41,0.01,3,6417,买盘
1133,10:44:00,21.38,-0.03,24,51318,卖盘
1134,10:44:03,21.41,0.03,259,553792,买盘
1135,10:44:12,21.41,0.0,84,179844,卖盘
1136,10:44:16,21.41,0.0,49,104956,卖盘
1137,10:44:18,21.41,0.0,504,1079075,卖盘
1138,10:44:21,21.43,0.02,1,2143,中性盘
1139,10:44:24,21.43,0.0,2,4286,买盘
1140,10:44:27,21.44,0.01,7,14999,买盘
1141,10:44:30,21.44,0.0,48,102897,买盘
1142,10:44:33,21.43,-0.01,35,75039,卖盘
1143,10:44:36,21.43,0.0,40,85749,卖盘
1144,10:44:39,21.44,0.01,10,21440,买盘
1145,10:44:43,21.43,-0.01,14,30002,卖盘
1146,10:44:45,21.43,0.0,3,6429,买盘
1147,10:44:48,21.43,0.0,3,6429,买盘
1148,10:44:51,21.43,0.0,9,19280,买盘
1149,10:44:57,21.42,-0.01,5,10710,卖盘
1150,10:45:00,21.43,0.01,12,25716,买盘
1151,10:45:04,21.42,-0.01,12,25704,卖盘
1152,10:45:06,21.42,0.0,3,6428,卖盘
1153,10:45:09,21.4,-0.02,800,1712044,卖盘
1154,10:45:15,21.41,0.01,2,4282,中性盘
1155,10:45:21,21.4,-0.01,2,2675,卖盘
1156,10:45:24,21.41,0.01,3,6423,买盘
1157,10:45:27,21.41,0.0,1,2141,卖盘
1158,10:45:30,21.41,0.0,7,14989,卖盘
1159,10:45:33,21.4,-0.01,105,226307,卖盘
1160,10:45:42,21.4,0.0,2,4280,买盘
1161,10:45:48,21.41,0.01,66,141250,买盘
1162,10:45:51,21.4,-0.01,1,2140,买盘
1163,10:45:57,21.39,-0.01,39,83457,卖盘
1164,10:46:03,21.4,0.01,46,98419,买盘
1165,10:46:13,21.38,-0.02,75,160350,卖盘
1166,10:46:16,21.35,-0.03,8,17080,卖盘
1167,10:46:18,21.38,0.03,2,4276,买盘
1168,10:46:21,21.36,-0.02,1,2136,中性盘
1169,10:46:28,21.38,0.02,1,2138,买盘
1170,10:46:42,21.37,-0.01,3,6411,买盘
1171,10:46:45,21.37,0.0,7,14959,买盘
1172,10:46:49,21.36,-0.01,76,162400,卖盘
1173,10:46:58,21.35,-0.01,810,1727690,卖盘
1174,10:47:01,21.38,0.03,3,6414,买盘
1175,10:47:04,21.34,-0.04,420,898424,卖盘
1176,10:47:12,21.31,-0.03,35,74647,卖盘
1177,10:47:16,21.33,0.02,10,21330,买盘
1178,10:47:22,21.33,0.0,10,21335,卖盘
1179,10:47:27,21.33,0.0,3,6399,卖盘
1180,10:47:31,21.33,0.0,2,4266,卖盘
1181,10:47:33,21.33,0.0,2,4266,买盘
1182,10:47:36,21.35,0.02,3,6401,买盘
1183,10:47:39,21.32,-0.03,6,12792,卖盘
1184,10:47:45,21.33,0.01,2,4266,买盘
1185,10:47:48,21.33,0.0,1,2133,买盘
1186,10:47:58,21.32,-0.01,5,10660,卖盘
1187,10:48:04,21.32,0.0,9,19190,卖盘
1188,10:48:06,21.32,0.0,5,10660,卖盘
1189,10:48:09,21.32,0.0,11,23452,卖盘
1190,10:48:12,21.32,0.0,105,223860,卖盘
1191,10:48:15,21.33,0.01,12,25587,买盘
1192,10:48:19,21.32,-0.01,100,213200,卖盘
1193,10:48:22,21.32,0.0,4,8528,卖盘
1194,10:48:25,21.32,0.0,12,25587,卖盘
1195,10:48:28,21.32,0.0,5,10660,卖盘
1196,10:48:30,21.33,0.01,29,61837,买盘
1197,10:48:36,21.32,-0.01,41,87457,卖盘
1198,10:48:39,21.32,0.0,5,10660,卖盘
1199,10:48:42,21.32,0.0,9,19194,卖盘
1200,10:48:45,21.35,0.03,2,4270,买盘
1201,10:48:48,21.33,-0.02,25,53309,买盘
1202,10:48:51,21.35,0.02,9,19215,买盘
1203,10:49:04,21.35,0.0,1,2135,买盘
1204,10:49:09,21.34,-0.01,7,14935,买盘
1205,10:49:12,21.35,0.01,5,10675,买盘
1206,10:49:15,21.35,0.0,16,34155,买盘
1207,10:49:18,21.32,-0.03,71,151471,卖盘
1208,10:49:21,21.35,0.03,8,17079,买盘
1209,10:49:25,21.34,-0.01,14,29877,卖盘
1210,10:49:27,21.34,0.0,46,98164,买盘
1211,10:49:31,21.35,0.01,68,145180,买盘
1212,10:49:34,21.35,0.0,127,271141,买盘
1213,10:49:36,21.36,0.01,163,347306,买盘
1214,10:49:39,21.37,0.01,6,12821,买盘
1215,10:49:42,21.37,0.0,5,10685,买盘
1216,10:49:45,21.38,0.01,7,14963,买盘
1217,10:49:48,21.38,0.0,20,42760,买盘
1218,10:49:55,21.39,0.01,1,2139,买盘
1219,10:49:58,21.38,-0.01,14,29933,卖盘
1220,10:50:01,21.38,0.0,16,34209,卖盘
1221,10:50:04,21.36,-0.02,45,96193,卖盘
1222,10:50:13,21.34,-0.02,94,200616,卖盘
1223,10:50:16,21.36,0.02,11,23475,买盘
1224,10:50:18,21.36,0.0,5,10680,买盘
1225,10:50:24,21.35,-0.01,5,10675,卖盘
1226,10:50:27,21.35,0.0,26,55515,卖盘
1227,10:50:30,21.35,0.0,2,4270,买盘
1228,10:50:33,21.35,0.0,10,21350,买盘
1229,10:50:36,21.36,0.01,35,74760,买盘
1230,10:50:42,21.37,0.01,3,6409,买盘
1231,10:50:46,21.37,0.0,8,17084,买盘
1232,10:50:49,21.35,-0.02,15,32025,卖盘
1233,10:50:54,21.35,0.0,8,17080,买盘
1234,10:51:00,21.36,0.01,2,4272,买盘
1235,10:51:03,21.35,-0.01,10,21353,卖盘
1236,10:51:06,21.35,0.0,4,8540,卖盘
1237,10:51:16,21.35,0.0,2,4270,中性盘
1238,10:51:21,21.35,0.0,23,49124,买盘
1239,10:51:24,21.36,0.01,3,6408,买盘
1240,10:51:27,21.36,0.0,28,59808,买盘
1241,10:51:33,21.35,-0.01,1,2135,买盘
1242,10:51:36,21.37,0.02,10,21368,买盘
1243,10:51:42,21.37,0.0,3,6411,买盘
1244,10:51:46,21.37,0.0,2,4274,买盘
1245,10:51:51,21.37,0.0,3,6409,买盘
1246,10:51:57,21.35,-0.02,1,2135,卖盘
1247,10:52:00,21.36,0.01,2,4272,买盘
1248,10:52:12,21.35,-0.01,47,100345,卖盘
1249,10:52:15,21.34,-0.01,11,23476,卖盘
1250,10:52:21,21.35,0.01,40,85400,买盘
1251,10:52:24,21.36,0.01,2,4272,买盘
1252,10:52:27,21.37,0.01,6,12822,买盘
1253,10:52:30,21.37,0.0,2,4274,买盘
1254,10:52:36,21.36,-0.01,3,6408,卖盘
1255,10:52:48,21.36,0.0,8,17090,卖盘
1256,10:52:51,21.36,0.0,27,57694,卖盘
1257,10:52:54,21.36,0.0,10,21360,卖盘
1258,10:52:57,21.36,0.0,20,42720,卖盘
1259,10:53:04,21.37,0.01,2,4274,买盘
1260,10:53:06,21.37,0.0,1,2137,买盘
1261,10:53:09,21.36,-0.01,10,21360,卖盘
1262,10:53:12,21.36,0.0,20,42720,卖盘
1263,10:53:15,21.36,0.0,8,17088,卖盘
1264,10:53:18,21.37,0.01,2,4274,买盘
1265,10:53:21,21.37,0.0,10,21370,买盘
1266,10:53:27,21.36,-0.01,3,6408,卖盘
1267,10:53:33,21.36,0.0,28,59810,卖盘
1268,10:53:37,21.35,-0.01,2,4270,卖盘
1269,10:53:48,21.36,0.01,2,4272,买盘
1270,10:53:58,21.36,0.0,5,10680,买盘
1271,10:54:01,21.36,0.0,2,4272,买盘
1272,10:54:04,21.36,0.0,14,29910,卖盘
1273,10:54:06,21.35,-0.01,1,2135,卖盘
1274,10:54:09,21.36,0.01,19,40584,买盘
1275,10:54:12,21.35,-0.01,85,181475,卖盘
1276,10:54:16,21.35,0.0,8,17080,卖盘
1277,10:54:19,21.36,0.01,2,4272,买盘
1278,10:54:22,21.35,-0.01,77,164417,卖盘
1279,10:54:30,21.35,0.0,3,6407,卖盘
1280,10:54:33,21.35,0.0,100,213500,卖盘
1281,10:54:40,21.35,0.0,51,108886,卖盘
1282,10:54:42,21.35,0.0,1,2135,卖盘
1283,10:54:48,21.36,0.01,2,4272,买盘
1284,10:54:54,21.36,0.0,70,149520,买盘
1285,10:55:00,21.36,0.0,48,102528,买盘
1286,10:55:04,21.36,0.0,30,64094,卖盘
1287,10:55:07,21.37,0.01,9,19232,买盘
1288,10:55:12,21.37,0.0,2,4274,买盘
1289,10:55:15,21.37,0.0,117,250029,买盘
1290,10:55:22,21.38,0.01,31,66278,买盘
1291,10:55:25,21.38,0.0,64,136832,买盘
1292,10:55:30,21.39,0.01,4,8556,买盘
1293,10:55:33,21.39,0.0,7,14973,买盘
1294,10:55:45,21.39,0.0,4,8556,买盘
1295,10:55:49,21.39,0.0,4,8556,买盘
1296,10:55:52,21.38,-0.01,14,29932,卖盘
1297,10:55:58,21.4,0.02,347,742513,买盘
1298,10:56:01,21.4,0.0,5,10700,卖盘
1299,10:56:04,21.42,0.02,26,55667,买盘
1300,10:56:09,21.42,0.0,42,89964,买盘
1301,10:56:13,21.41,-0.01,46,98486,卖盘
1302,10:56:16,21.38,-0.03,5,10694,卖盘
1303,10:56:19,21.38,0.0,2,4276,买盘
1304,10:56:21,21.38,0.0,1,2138,买盘
1305,10:56:28,21.4,0.02,2,4280,买盘
1306,10:56:33,21.4,0.0,4,8560,卖盘
1307,10:56:45,21.4,0.0,2,4280,买盘
1308,10:56:48,21.4,0.0,5,10700,买盘
1309,10:56:51,21.4,0.0,2,4280,买盘
1310,10:56:58,21.4,0.0,2,4280,买盘
1311,10:57:01,21.38,-0.02,60,128314,卖盘
1312,10:57:04,21.4,0.02,1,2140,买盘
1313,10:57:07,21.4,0.0,2,4280,买盘
1314,10:57:10,21.4,0.0,10,21400,买盘
1315,10:57:13,21.4,0.0,3,6418,买盘
1316,10:57:18,21.4,0.0,22,47080,买盘
1317,10:57:21,21.4,0.0,2,4280,买盘
1318,10:57:24,21.38,-0.02,2,4276,卖盘
1319,10:57:27,21.39,0.01,2,4278,中性盘
1320,10:57:30,21.38,-0.01,3,6414,卖盘
1321,10:57:33,21.39,0.01,2,4278,买盘
1322,10:57:42,21.39,0.0,2,4278,买盘
1323,10:57:48,21.39,0.0,1,2139,买盘
1324,10:57:57,21.39,0.0,15,32085,卖盘
1325,10:58:00,21.39,0.0,2,4278,买盘
1326,10:58:04,21.39,0.0,2,4278,买盘
1327,10:58:09,21.39,0.0,18,38502,买盘
1328,10:58:12,21.39,0.0,19,40641,卖盘
1329,10:58:15,21.38,-0.01,9,19242,卖盘
1330,10:58:18,21.39,0.01,2,4278,买盘
1331,10:58:27,21.39,0.0,2,4278,买盘
1332,10:58:30,21.39,0.0,2,4278,买盘
1333,10:58:33,21.38,-0.01,59,126142,卖盘
1334,10:58:42,21.38,0.0,2,4276,买盘
1335,10:58:48,21.38,0.0,5,10690,买盘
1336,10:58:57,21.38,0.0,1,2138,买盘
1337,10:59:00,21.37,-0.01,1,2137,卖盘
1338,10:59:03,21.38,0.01,1,2138,买盘
1339,10:59:07,21.37,-0.01,5,10685,卖盘
1340,10:59:15,21.37,0.0,3,6413,卖盘
1341,10:59:19,21.38,0.01,2,4276,买盘
1342,10:59:27,21.38,0.0,2,4276,买盘
1343,10:59:36,21.38,0.0,56,119728,买盘
1344,10:59:39,21.4,0.02,350,748707,买盘
1345,10:59:45,21.38,-0.02,2,4276,买盘
1346,10:59:51,21.38,0.0,3,6414,买盘
1347,10:59:55,21.37,-0.01,4,8548,卖盘
1348,10:59:57,21.38,0.01,5,10690,买盘
1349,11:00:03,21.38,0.0,2,4276,买盘
1350,11:00:06,21.38,0.0,1,2138,卖盘
1351,11:00:09,21.35,-0.03,303,647138,卖盘
1352,11:00:13,21.35,0.0,86,183644,卖盘
1353,11:00:16,21.36,0.01,9,19229,中性盘
1354,11:00:18,21.38,0.02,2,4276,买盘
1355,11:00:30,21.38,0.0,2,4276,买盘
1356,11:00:36,21.38,0.0,2,4276,买盘
1357,11:00:39,21.37,-0.01,17,36339,卖盘
1358,11:00:42,21.38,0.01,2,4276,买盘
1359,11:00:45,21.38,0.0,21,44898,买盘
1360,11:00:48,21.38,0.0,4,8552,买盘
1361,11:00:51,21.38,0.0,3,6413,买盘
1362,11:00:57,21.38,0.0,2,4276,买盘
1363,11:01:03,21.38,0.0,2,4276,买盘
1364,11:01:06,21.37,-0.01,4,8548,卖盘
1365,11:01:12,21.38,0.01,2,4276,买盘
1366,11:01:18,21.38,0.0,6,12824,买盘
1367,11:01:21,21.38,0.0,6,12828,买盘
1368,11:01:28,21.38,0.0,17,36336,买盘
1369,11:01:31,21.38,0.0,2,4276,买盘
1370,11:01:34,21.38,0.0,1,2138,买盘
1371,11:01:36,21.38,0.0,6,12828,买盘
1372,11:01:40,21.38,0.0,3,6414,买盘
1373,11:01:45,21.38,0.0,2,4276,买盘
1374,11:01:51,21.38,0.0,4,8552,买盘
1375,11:01:58,21.38,0.0,2,4276,买盘
1376,11:02:01,21.38,0.0,50,106900,买盘
1377,11:02:04,21.38,0.0,2,4276,买盘
1378,11:02:13,21.37,-0.01,84,179508,卖盘
1379,11:02:15,21.37,0.0,11,23509,卖盘
1380,11:02:21,21.38,0.01,19,40605,买盘
1381,11:02:24,21.38,0.0,3,6414,买盘
1382,11:02:27,21.38,0.0,2,4276,买盘
1383,11:02:33,21.38,0.0,2,4276,买盘
1384,11:02:37,21.37,-0.01,1,2137,卖盘
1385,11:02:42,21.38,0.01,31,66258,买盘
1386,11:02:45,21.38,0.0,33,70554,买盘
1387,11:02:48,21.37,-0.01,13,27781,卖盘
1388,11:02:51,21.38,0.01,4,8552,买盘
1389,11:02:54,21.38,0.0,6,12828,买盘
1390,11:02:57,21.38,0.0,48,102624,买盘
1391,11:03:00,21.38,0.0,2,4276,卖盘
1392,11:03:03,21.39,0.01,5,10692,买盘
1393,11:03:13,21.39,0.0,2,4278,买盘
1394,11:03:18,21.39,0.0,1,2139,买盘
1395,11:03:25,21.39,0.0,3,6417,买盘
1396,11:03:27,21.39,0.0,5,10695,买盘
1397,11:03:33,21.39,0.0,2,4278,买盘
1398,11:03:42,21.39,0.0,1,2139,买盘
1399,11:03:45,21.39,0.0,2,4278,买盘
1400,11:03:48,21.39,0.0,5,10695,买盘
1401,11:03:51,21.38,-0.01,24,51314,卖盘
1402,11:03:57,21.38,0.0,97,207386,卖盘
1403,11:04:00,21.38,0.0,41,87658,卖盘
1404,11:04:03,21.38,0.0,1,2138,买盘
1405,11:04:09,21.38,0.0,1,2138,买盘
1406,11:04:12,21.37,-0.01,10,21370,卖盘
1407,11:04:15,21.36,-0.01,39,83333,卖盘
1408,11:04:18,21.37,0.01,2,4274,买盘
1409,11:04:24,21.36,-0.01,11,23496,卖盘
1410,11:04:30,21.37,0.01,2,4274,买盘
1411,11:04:45,21.37,0.0,2,4274,买盘
1412,11:05:00,21.37,0.0,2,4274,买盘
1413,11:05:15,21.37,0.0,2,4274,买盘
1414,11:05:18,21.36,-0.01,49,104664,卖盘
1415,11:05:24,21.36,0.0,2,4272,买盘
1416,11:05:27,21.37,0.01,2,4274,买盘
1417,11:05:30,21.36,-0.01,2,4272,卖盘
1418,11:05:45,21.37,0.01,2,4274,买盘
1419,11:05:48,21.36,-0.01,15,32040,卖盘
1420,11:05:51,21.36,0.0,10,21360,卖盘
1421,11:05:55,21.37,0.01,6,12822,买盘
1422,11:05:57,21.36,-0.01,1,2136,卖盘
1423,11:06:00,21.37,0.01,2,4274,买盘
1424,11:06:09,21.36,-0.01,22,46992,卖盘
1425,11:06:15,21.35,-0.01,47,100384,卖盘
1426,11:06:18,21.35,0.0,1,2135,卖盘
1427,11:06:21,21.35,0.0,10,21350,卖盘
1428,11:06:31,21.36,0.01,1,2136,买盘
1429,11:06:34,21.35,-0.01,47,100345,卖盘
1430,11:06:42,21.35,0.0,6,12810,卖盘
1431,11:06:45,21.36,0.01,126,269012,买盘
1432,11:06:48,21.35,-0.01,187,399245,卖盘
1433,11:06:51,21.35,0.0,107,228445,卖盘
1434,11:06:54,21.33,-0.02,2,4268,卖盘
1435,11:07:00,21.35,0.02,5,10675,买盘
1436,11:07:12,21.33,-0.02,95,202635,卖盘
1437,11:07:15,21.34,0.01,8,17074,卖盘
1438,11:07:22,21.35,0.01,8,17080,买盘
1439,11:07:24,21.33,-0.02,149,317822,卖盘
1440,11:07:30,21.33,0.0,3,6403,卖盘
1441,11:07:33,21.33,0.0,100,213300,卖盘
1442,11:07:36,21.33,0.0,20,42660,卖盘
1443,11:07:39,21.33,0.0,5,10665,卖盘
1444,11:07:42,21.33,0.0,50,106650,卖盘
1445,11:07:45,21.35,0.02,2,4270,买盘
1446,11:07:55,21.34,-0.01,5,10670,卖盘
1447,11:07:57,21.33,-0.01,49,104554,卖盘
1448,11:08:00,21.33,0.0,3,6403,卖盘
1449,11:08:04,21.33,0.0,5,10665,卖盘
1450,11:08:13,21.33,0.0,84,179172,卖盘
1451,11:08:15,21.33,0.0,11,23467,卖盘
1452,11:08:24,21.35,0.02,3,6405,买盘
1453,11:08:27,21.35,0.0,2,4270,买盘
1454,11:08:33,21.34,-0.01,2,4268,卖盘
1455,11:08:36,21.34,0.0,4,8536,卖盘
1456,11:08:45,21.35,0.01,7,14940,买盘
1457,11:08:48,21.35,0.0,1,2135,买盘
1458,11:08:55,21.34,-0.01,1,2134,卖盘
1459,11:09:00,21.34,0.0,2,4269,卖盘
1460,11:09:06,21.34,0.0,31,66156,卖盘
1461,11:09:15,21.34,0.0,12,25608,买盘
1462,11:09:31,21.34,0.0,52,110918,买盘
1463,11:09:45,21.34,0.0,2,4268,买盘
1464,11:09:51,21.33,-0.01,10,21330,卖盘
1465,11:09:54,21.33,0.0,1,2133,卖盘
1466,11:10:00,21.34,0.01,2,4268,买盘
1467,11:10:04,21.34,0.0,2,4268,买盘
1468,11:10:06,21.33,-0.01,5,10665,卖盘
1469,11:10:15,21.34,0.01,87,185573,买盘
1470,11:10:18,21.33,-0.01,8,17064,卖盘
1471,11:10:21,21.33,0.0,6,12798,卖盘
1472,11:10:24,21.34,0.01,8,17069,买盘
1473,11:10:27,21.33,-0.01,102,217566,卖盘
1474,11:10:30,21.34,0.01,2,4268,买盘
1475,11:10:33,21.33,-0.01,1,2133,卖盘
1476,11:10:39,21.34,0.01,2,4268,买盘
1477,11:10:42,21.33,-0.01,71,151443,卖盘
1478,11:10:45,21.34,0.01,2,4268,买盘
1479,11:10:54,21.34,0.0,2,4268,买盘
1480,11:11:00,21.34,0.0,2,4268,买盘
1481,11:11:09,21.34,0.0,3,6402,买盘
1482,11:11:15,21.34,0.0,4,8536,买盘
1483,11:11:18,21.33,-0.01,10,21330,卖盘
1484,11:11:21,21.34,0.01,20,42680,买盘
1485,11:11:24,21.34,0.0,5,10670,买盘
1486,11:11:27,21.33,-0.01,82,174906,卖盘
1487,11:11:33,21.34,0.01,2,4267,买盘
1488,11:11:42,21.33,-0.01,3,6400,卖盘
1489,11:11:45,21.34,0.01,3,6402,买盘
1490,11:11:54,21.34,0.0,2,4268,买盘
1491,11:11:57,21.34,0.0,2,4268,买盘
1492,11:12:00,21.34,0.0,1,2134,买盘
1493,11:12:06,21.33,-0.01,4,8532,卖盘
1494,11:12:13,21.34,0.01,2,4268,买盘
1495,11:12:15,21.34,0.0,126,268800,买盘
1496,11:12:18,21.33,-0.01,50,106692,卖盘
1497,11:12:21,21.33,0.0,20,42660,卖盘
1498,11:12:24,21.35,0.02,3,6405,买盘
1499,11:12:27,21.35,0.0,2,4270,买盘
1500,11:12:30,21.35,0.0,2,4270,买盘
1501,11:12:33,21.34,-0.01,26,55484,卖盘
1502,11:12:39,21.34,0.0,6,12804,卖盘
1503,11:12:42,21.34,0.0,5,10670,卖盘
1504,11:12:45,21.34,0.0,5,10674,卖盘
1505,11:12:51,21.35,0.01,145,309575,买盘
1506,11:12:57,21.36,0.01,2,4272,买盘
1507,11:13:01,21.36,0.0,2,4272,买盘
1508,11:13:04,21.34,-0.02,4,8536,卖盘
1509,11:13:09,21.36,0.02,2,4272,买盘
1510,11:13:15,21.35,-0.01,1,2135,中性盘
1511,11:13:18,21.34,-0.01,7,14944,卖盘
1512,11:13:24,21.35,0.01,3,6405,买盘
1513,11:13:27,21.35,0.0,3,6404,买盘
1514,11:13:30,21.35,0.0,2,4270,买盘
1515,11:13:33,21.35,0.0,16,34160,买盘
1516,11:13:36,21.36,0.01,2,4272,买盘
1517,11:13:43,21.34,-0.02,20,42682,卖盘
1518,11:13:46,21.35,0.01,1,2135,中性盘
1519,11:13:51,21.35,0.0,44,93982,卖盘
1520,11:13:54,21.37,0.02,2,4274,买盘
1521,11:13:58,21.36,-0.01,2,4272,买盘
1522,11:14:04,21.37,0.01,1,2137,买盘
1523,11:14:09,21.37,0.0,1,2137,买盘
1524,11:14:15,21.35,-0.02,80,170800,卖盘
1525,11:14:18,21.34,-0.01,8,17072,卖盘
1526,11:14:21,21.35,0.01,2,4270,买盘
1527,11:14:24,21.35,0.0,2,4270,买盘
1528,11:14:33,21.37,0.02,2,4274,买盘
1529,11:14:36,21.34,-0.03,1,2134,卖盘
1530,11:14:45,21.37,0.03,2,4274,买盘
1531,11:14:49,21.37,0.0,3,6408,买盘
1532,11:14:51,21.34,-0.03,21,44814,卖盘
1533,11:14:54,21.37,0.03,2,4274,买盘
1534,11:15:01,21.37,0.0,2,4274,买盘
1535,11:15:12,21.37,0.0,2,4274,买盘
1536,11:15:18,21.37,0.0,2,4274,买盘
1537,11:15:24,21.37,0.0,3,6411,买盘
1538,11:15:28,21.37,0.0,9,19233,买盘
1539,11:15:30,21.37,0.0,6,12822,买盘
1540,11:15:34,21.37,0.0,32,68384,买盘
1541,11:15:36,21.38,0.01,29,62002,买盘
1542,11:15:40,21.39,0.01,12,25662,买盘
1543,11:15:42,21.39,0.0,70,149690,买盘
1544,11:15:45,21.39,0.0,14,29946,买盘
1545,11:15:48,21.39,0.0,25,53468,买盘
1546,11:15:52,21.39,0.0,16,34224,买盘
1547,11:15:54,21.39,0.0,1,2139,买盘
1548,11:15:58,21.39,0.0,2,4278,买盘
1549,11:16:00,21.39,0.0,10,21390,买盘
1550,11:16:04,21.38,-0.01,10,21381,卖盘
1551,11:16:07,21.38,0.0,50,106900,卖盘
1552,11:16:09,21.4,0.02,2,4280,买盘
1553,11:16:12,21.38,-0.02,1,2138,卖盘
1554,11:16:15,21.38,0.0,23,49184,卖盘
1555,11:16:19,21.37,-0.01,4,8548,卖盘
1556,11:16:22,21.37,0.0,4,8548,买盘
1557,11:16:24,21.38,0.01,3,6414,买盘
1558,11:16:30,21.38,0.0,3,6414,买盘
1559,11:16:33,21.38,0.0,3,6414,买盘
1560,11:16:36,21.38,0.0,5,10678,买盘
1561,11:16:39,21.37,-0.01,1,2137,卖盘
1562,11:16:42,21.38,0.01,4,8552,买盘
1563,11:16:45,21.38,0.0,2,4276,买盘
1564,11:16:48,21.38,0.0,5,10690,买盘
1565,11:16:51,21.38,0.0,50,106900,买盘
1566,11:16:57,21.39,0.01,3,6417,买盘
1567,11:17:00,21.39,0.0,2,4278,买盘
1568,11:17:06,21.4,0.01,297,635532,买盘
1569,11:17:09,21.41,0.01,120,256920,买盘
1570,11:17:18,21.41,0.0,10,21412,卖盘
1571,11:17:21,21.42,0.01,2,4284,买盘
1572,11:17:24,21.42,0.0,50,107100,买盘
1573,11:17:33,21.43,0.01,2,4286,买盘
1574,11:17:36,21.44,0.01,40,85731,买盘
1575,11:17:39,21.44,0.0,30,64320,买盘
1576,11:17:42,21.44,0.0,11,23574,买盘
1577,11:17:48,21.43,-0.01,42,90024,卖盘
1578,11:17:51,21.44,0.01,623,1336334,卖盘
1579,11:17:54,21.45,0.01,13,27885,买盘
1580,11:17:58,21.45,0.0,456,978120,买盘
1581,11:18:00,21.46,0.01,82,175972,买盘
1582,11:18:04,21.46,0.0,17,36482,买盘
1583,11:18:06,21.45,-0.01,60,128700,卖盘
1584,11:18:09,21.46,0.01,1,2146,买盘
1585,11:18:16,21.46,0.0,60,128770,卖盘
1586,11:18:19,21.47,0.01,25,53656,买盘
1587,11:18:22,21.5,0.03,2168,4658977,买盘
1588,11:18:24,21.51,0.01,5,10755,买盘
1589,11:18:28,21.51,0.0,18,38717,买盘
1590,11:18:30,21.51,0.0,19,40863,买盘
1591,11:18:33,21.52,0.01,40,86063,买盘
1592,11:18:36,21.52,0.0,35,75320,买盘
1593,11:18:42,21.52,0.0,8,17216,买盘
1594,11:18:45,21.52,0.0,31,66696,买盘
1595,11:18:48,21.52,0.0,6,12914,卖盘
1596,11:18:51,21.53,0.01,2,4306,买盘
1597,11:18:54,21.53,0.0,44,94728,买盘
1598,11:18:57,21.53,0.0,75,161475,买盘
1599,11:19:00,21.54,0.01,7,15072,买盘
1600,11:19:03,21.53,-0.01,12,25836,卖盘
1601,11:19:06,21.52,-0.01,80,172235,卖盘
1602,11:19:09,21.53,0.01,19,40899,买盘
1603,11:19:12,21.52,-0.01,27,58104,卖盘
1604,11:19:18,21.51,-0.01,54,116199,卖盘
1605,11:19:21,21.53,0.02,2,4306,买盘
1606,11:19:24,21.51,-0.02,21,45171,卖盘
1607,11:19:27,21.5,-0.01,220,473031,卖盘
1608,11:19:30,21.51,0.01,9,19359,中性盘
1609,11:19:33,21.52,0.01,210,451512,买盘
1610,11:19:36,21.5,-0.02,89,191866,卖盘
1611,11:19:42,21.5,0.0,2,4300,买盘
1612,11:19:45,21.49,-0.01,14,30086,买盘
1613,11:19:55,21.47,-0.02,10,21470,卖盘
1614,11:19:57,21.48,0.01,5,10737,买盘
1615,11:20:04,21.5,0.02,323,693890,买盘
1616,11:20:06,21.51,0.01,44,94602,买盘
1617,11:20:09,21.5,-0.01,10,21500,卖盘
1618,11:20:13,21.51,0.01,4,8604,买盘
1619,11:20:15,21.51,0.0,20,43017,买盘
1620,11:20:18,21.52,0.01,20,43018,买盘
1621,11:20:21,21.51,-0.01,3,6453,卖盘
1622,11:20:27,21.51,0.0,19,40881,卖盘
1623,11:20:30,21.53,0.02,5,10764,买盘
1624,11:20:33,21.53,0.0,21,45213,买盘
1625,11:20:36,21.53,0.0,33,71049,买盘
1626,11:20:40,21.54,0.01,28,60274,买盘
1627,11:20:42,21.54,0.0,33,71082,买盘
1628,11:20:46,21.54,0.0,19,40926,买盘
1629,11:20:49,21.54,0.0,2,4308,买盘
1630,11:20:51,21.52,-0.02,4,8610,卖盘
1631,11:20:54,21.53,0.01,4,8612,买盘
1632,11:20:57,21.53,0.0,1,2153,买盘
1633,11:21:00,21.54,0.01,3,6462,买盘
1634,11:21:04,21.54,0.0,1,2154,买盘
1635,11:21:06,21.53,-0.01,41,88304,卖盘
1636,11:21:12,21.54,0.01,14,30156,买盘
1637,11:21:15,21.54,0.0,25,53850,买盘
1638,11:21:19,21.53,-0.01,16,34453,卖盘
1639,11:21:21,21.54,0.01,3,6461,买盘
1640,11:21:27,21.54,0.0,34,73236,买盘
1641,11:21:30,21.54,0.0,17,36603,买盘
1642,11:21:39,21.54,0.0,5,10770,买盘
1643,11:21:45,21.53,-0.01,33,71049,卖盘
1644,11:21:48,21.53,0.0,21,45213,买盘
1645,11:21:51,21.53,0.0,3,6459,买盘
1646,11:21:54,21.53,0.0,9,19377,卖盘
1647,11:21:57,21.54,0.01,129,277866,买盘
1648,11:22:00,21.54,0.0,3,6460,买盘
1649,11:22:04,21.53,-0.01,8,17224,卖盘
1650,11:22:06,21.54,0.01,51,109854,买盘
1651,11:22:09,21.54,0.0,6,12924,卖盘
1652,11:22:12,21.54,0.0,2,4308,买盘
1653,11:22:18,21.52,-0.02,10,21526,卖盘
1654,11:22:21,21.52,0.0,2,4304,买盘
1655,11:22:24,21.52,0.0,2,4304,买盘
1656,11:22:30,21.54,0.02,23,49513,买盘
1657,11:22:37,21.53,-0.01,1,2153,卖盘
1658,11:22:39,21.53,0.0,2,4306,买盘
1659,11:22:45,21.51,-0.02,1,2151,卖盘
1660,11:22:54,21.52,0.01,2,4304,卖盘
1661,11:22:57,21.53,0.01,2,4306,买盘
1662,11:23:06,21.52,-0.01,3,6456,卖盘
1663,11:23:09,21.52,0.0,6,12912,卖盘
1664,11:23:15,21.52,0.0,2,4304,买盘
1665,11:23:21,21.52,0.0,2,4304,买盘
1666,11:23:24,21.52,0.0,6,12908,买盘
1667,11:23:30,21.52,0.0,4,8608,买盘
1668,11:23:33,21.51,-0.01,30,64530,卖盘
1669,11:23:42,21.51,0.0,2,4302,买盘
1670,11:23:45,21.5,-0.01,3,6450,卖盘
1671,11:23:48,21.5,0.0,103,221450,卖盘
1672,11:23:51,21.5,0.0,5,10750,卖盘
1673,11:23:57,21.5,0.0,5,10750,卖盘
1674,11:24:00,21.51,0.01,2,4302,买盘
1675,11:24:03,21.51,0.0,296,636401,买盘
1676,11:24:06,21.5,-0.01,12,25800,卖盘
1677,11:24:09,21.5,0.0,62,133816,卖盘
1678,11:24:12,21.5,0.0,1,2150,买盘
1679,11:24:18,21.46,-0.04,9,19314,卖盘
1680,11:24:21,21.5,0.04,2,4296,买盘
1681,11:24:30,21.45,-0.05,12,25757,卖盘
1682,11:24:42,21.46,0.01,11,23614,中性盘
1683,11:24:48,21.45,-0.01,2,4291,卖盘
1684,11:24:54,21.5,0.05,34,73100,买盘
1685,11:24:58,21.5,0.0,2,4300,买盘
1686,11:25:04,21.5,0.0,47,101046,买盘
1687,11:25:12,21.51,0.01,202,434369,买盘
1688,11:25:15,21.5,-0.01,5,10750,买盘
1689,11:25:24,21.51,0.01,2,4302,买盘
1690,11:25:27,21.51,0.0,80,171562,买盘
1691,11:25:31,21.47,-0.04,40,86019,卖盘
1692,11:25:33,21.52,0.05,56,120486,买盘
1693,11:25:42,21.5,-0.02,2,4300,中性盘
1694,11:26:00,21.5,0.0,2,4300,买盘
1695,11:26:04,21.5,0.0,5,10750,买盘
1696,11:26:06,21.48,-0.02,11,23628,卖盘
1697,11:26:09,21.5,0.02,4,8600,买盘
1698,11:26:12,21.5,0.0,13,27950,买盘
1699,11:26:15,21.52,0.02,2,4304,买盘
1700,11:26:18,21.5,-0.02,9,19350,卖盘
1701,11:26:21,21.5,0.0,9,19350,卖盘
1702,11:26:24,21.51,0.01,2,4302,买盘
1703,11:26:30,21.51,0.0,4,8602,买盘
1704,11:26:33,21.51,0.0,55,118300,买盘
1705,11:26:36,21.51,0.0,56,120446,买盘
1706,11:26:39,21.5,-0.01,86,184928,卖盘
1707,11:26:42,21.5,0.0,1,2150,买盘
1708,11:26:48,21.5,0.0,200,430000,买盘
1709,11:26:54,21.5,0.0,2,5783,买盘
1710,11:26:57,21.49,-0.01,20,42980,卖盘
1711,11:27:00,21.49,0.0,1,2149,卖盘
1712,11:27:09,21.5,0.01,2,4300,买盘
1713,11:27:24,21.5,0.0,2,4300,买盘
1714,11:27:27,21.5,0.0,34,71594,买盘
1715,11:27:30,21.5,0.0,6,12900,中性盘
1716,11:27:33,21.5,0.0,2,4300,买盘
1717,11:27:39,21.51,0.01,20,43020,买盘
1718,11:27:42,21.5,-0.01,25,53750,买盘
1719,11:27:45,21.51,0.01,19,40859,买盘
1720,11:27:57,21.51,0.0,2,4302,买盘
1721,11:28:00,21.51,0.0,51,109701,买盘
1722,11:28:03,21.52,0.01,102,219504,买盘
1723,11:28:12,21.52,0.0,2,4304,买盘
1724,11:28:15,21.53,0.01,120,258356,买盘
1725,11:28:18,21.53,0.0,11,23683,买盘
1726,11:28:21,21.55,0.02,204,439459,买盘
1727,11:28:24,21.55,0.0,358,771490,买盘
1728,11:28:27,21.55,0.0,33,71115,买盘
1729,11:28:30,21.53,-0.02,416,897082,卖盘
1730,11:28:33,21.54,0.01,9,19389,中性盘
1731,11:28:36,21.58,0.04,150,323700,买盘
1732,11:28:39,21.59,0.01,51,110085,买盘
1733,11:28:42,21.58,-0.01,4,8632,卖盘
1734,11:28:45,21.6,0.02,1525,3294257,买盘
1735,11:28:48,21.6,0.0,2,4320,卖盘
1736,11:28:51,21.61,0.01,2,4322,买盘
1737,11:28:54,21.6,-0.01,27,58332,卖盘
1738,11:28:58,21.61,0.01,14,30254,买盘
1739,11:29:00,21.62,0.01,200,432395,买盘
1740,11:29:04,21.61,-0.01,21,45379,卖盘
1741,11:29:07,21.6,-0.01,58,125332,卖盘
1742,11:29:12,21.61,0.01,14,30258,卖盘
1743,11:29:15,21.63,0.02,36,77834,买盘
1744,11:29:18,21.61,-0.02,11,23776,卖盘
1745,11:29:21,21.62,0.01,370,800890,中性盘
1746,11:29:24,21.63,0.01,12,25951,买盘
1747,11:29:27,21.62,-0.01,7,15140,卖盘
1748,11:29:31,21.62,0.0,2,4324,卖盘
1749,11:29:33,21.64,0.02,56,121184,买盘
1750,11:29:36,21.62,-0.02,15,32430,卖盘
1751,11:29:39,21.62,0.0,32,69186,卖盘
1752,11:29:42,21.64,0.02,17,36785,买盘
1753,11:29:45,21.63,-0.01,22,47586,卖盘
1754,11:29:51,21.63,0.0,25,54086,卖盘
1755,11:29:54,21.63,0.0,3,6489,卖盘
1756,11:29:57,21.65,0.02,100,216455,买盘
1757,11:30:01,21.65,0.0,12,25980,买盘
1758,13:00:01,21.63,-0.02,10,21630,卖盘
1759,13:00:04,21.62,-0.01,351,759772,卖盘
1760,13:00:06,21.65,0.03,197,426587,买盘
1761,13:00:10,21.65,0.0,13,28146,卖盘
1762,13:00:12,21.65,0.0,3,6495,卖盘
1763,13:00:15,21.65,0.0,102,220828,买盘
1764,13:00:21,21.64,-0.01,1,2164,买盘
1765,13:00:27,21.64,0.0,2,4328,买盘
1766,13:00:33,21.63,-0.01,8,17304,卖盘
1767,13:00:42,21.62,-0.01,1,2162,卖盘
1768,13:00:45,21.63,0.01,2,4326,买盘
1769,13:00:48,21.62,-0.01,8,17296,卖盘
1770,13:00:52,21.62,0.0,19,41078,卖盘
1771,13:00:58,21.62,0.0,1,2162,卖盘
1772,13:01:00,21.62,0.0,2,4324,买盘
1773,13:01:04,21.6,-0.02,192,414751,卖盘
1774,13:01:09,21.6,0.0,9,19444,卖盘
1775,13:01:12,21.62,0.02,4,8644,买盘
1776,13:01:15,21.6,-0.02,17,36720,卖盘
1777,13:01:18,21.62,0.02,22,47550,买盘
1778,13:01:22,21.6,-0.02,52,112325,卖盘
1779,13:01:24,21.6,0.0,1,2160,卖盘
1780,13:01:30,21.6,0.0,19,41076,卖盘
1781,13:01:33,21.6,0.0,52,112322,卖盘
1782,13:01:39,21.61,0.01,1,2161,买盘
1783,13:01:43,21.6,-0.01,120,259200,卖盘
1784,13:01:46,21.6,0.0,58,125280,卖盘
1785,13:01:51,21.6,0.0,58,125280,买盘
1786,13:01:54,21.6,0.0,2,4320,卖盘
1787,13:01:57,21.61,0.01,50,108050,买盘
1788,13:02:00,21.61,0.0,37,79922,买盘
1789,13:02:04,21.62,0.01,70,151297,买盘
1790,13:02:09,21.62,0.0,2,4324,买盘
1791,13:02:15,21.61,-0.01,53,114483,中性盘
1792,13:02:21,21.63,0.02,68,147049,买盘
1793,13:02:27,21.63,0.0,11,23795,卖盘
1794,13:02:30,21.63,0.0,2,4326,卖盘
1795,13:02:33,21.63,0.0,7,15141,卖盘
1796,13:02:36,21.64,0.01,202,437128,买盘
1797,13:02:39,21.65,0.01,107,231611,买盘
1798,13:02:42,21.65,0.0,15,32475,买盘
1799,13:02:45,21.64,-0.01,2,4328,卖盘
1800,13:02:48,21.65,0.01,53,114743,买盘
1801,13:02:51,21.64,-0.01,3,6492,中性盘
1802,13:02:57,21.65,0.01,22,47630,买盘
1803,13:03:01,21.64,-0.01,1,2164,卖盘
1804,13:03:04,21.65,0.01,2,4330,买盘
1805,13:03:06,21.64,-0.01,7,15149,卖盘
1806,13:03:09,21.64,0.0,5,10820,买盘
1807,13:03:12,21.64,0.0,2,4328,买盘
1808,13:03:15,21.65,0.01,100,216471,买盘
1809,13:03:21,21.63,-0.02,1,2163,卖盘
1810,13:03:24,21.65,0.02,4,8659,买盘
1811,13:03:27,21.63,-0.02,4,8652,卖盘
1812,13:03:30,21.65,0.02,22,47590,买盘
1813,13:03:42,21.64,-0.01,31,67084,卖盘
1814,13:03:45,21.64,0.0,103,222992,卖盘
1815,13:03:54,21.63,-0.01,47,101704,卖盘
1816,13:03:57,21.64,0.01,2,4328,买盘
1817,13:04:00,21.64,0.0,95,205525,买盘
1818,13:04:04,21.63,-0.01,1,2163,卖盘
1819,13:04:06,21.64,0.01,9,19476,买盘
1820,13:04:09,21.65,0.01,80,173762,买盘
1821,13:04:12,21.65,0.0,19,41135,卖盘
1822,13:04:15,21.66,0.01,66,142956,买盘
1823,13:04:18,21.65,-0.01,31,67115,卖盘
1824,13:04:21,21.65,0.0,6,12992,卖盘
1825,13:04:27,21.66,0.01,165,357490,买盘
1826,13:04:33,21.67,0.01,2,4334,买盘
1827,13:04:36,21.66,-0.01,233,505111,卖盘
1828,13:04:39,21.66,0.0,1,2166,卖盘
1829,13:04:42,21.66,0.0,4,8667,卖盘
1830,13:04:48,21.66,0.0,7,15162,卖盘
1831,13:04:51,21.66,0.0,45,97470,买盘
1832,13:04:54,21.66,0.0,5,10830,卖盘
1833,13:04:57,21.67,0.01,4,8668,买盘
1834,13:05:00,21.66,-0.01,22,47654,卖盘
1835,13:05:03,21.67,0.01,42,91014,买盘
1836,13:05:06,21.66,-0.01,3,6498,卖盘
1837,13:05:10,21.67,0.01,18,38995,买盘
1838,13:05:18,21.66,-0.01,9,19494,卖盘
1839,13:05:22,21.66,0.0,27,58482,卖盘
1840,13:05:24,21.66,0.0,3,6498,卖盘
1841,13:05:27,21.67,0.01,8,17331,买盘
1842,13:05:30,21.66,-0.01,37,80142,卖盘
1843,13:05:33,21.66,0.0,14,30324,卖盘
1844,13:05:36,21.65,-0.01,3,6495,卖盘
1845,13:05:42,21.66,0.01,52,112582,买盘
1846,13:05:46,21.65,-0.01,6,12993,卖盘
1847,13:05:49,21.65,0.0,80,173250,卖盘
1848,13:05:51,21.65,0.0,62,134280,卖盘
1849,13:05:54,21.66,0.01,59,127748,买盘
1850,13:05:57,21.65,-0.01,30,64950,卖盘
1851,13:06:00,21.65,0.0,17,36805,卖盘
1852,13:06:03,21.65,0.0,65,140742,卖盘
1853,13:06:07,21.6,-0.05,409,884049,卖盘
1854,13:06:09,21.65,0.05,2,4330,中性盘
1855,13:06:24,21.64,-0.01,4,8656,买盘
1856,13:06:27,21.62,-0.02,6,12974,卖盘
1857,13:06:30,21.62,0.0,8,17296,卖盘
1858,13:06:36,21.61,-0.01,5,10805,卖盘
1859,13:06:45,21.61,0.0,13,28093,卖盘
1860,13:06:54,21.6,-0.01,6,12960,卖盘
1861,13:06:57,21.6,0.0,14,30240,卖盘
1862,13:07:00,21.6,0.0,100,216000,卖盘
1863,13:07:04,21.6,0.0,69,149042,卖盘
1864,13:07:07,21.6,0.0,150,323417,卖盘
1865,13:07:12,21.58,-0.02,10,21594,卖盘
1866,13:07:33,21.57,-0.01,53,114271,买盘
1867,13:07:36,21.56,-0.01,148,319232,卖盘
1868,13:07:39,21.56,0.0,48,103488,卖盘
1869,13:07:42,21.57,0.01,48,103501,买盘
1870,13:07:45,21.56,-0.01,19,40970,卖盘
1871,13:07:48,21.57,0.01,1,2157,买盘
1872,13:07:54,21.56,-0.01,100,215600,卖盘
1873,13:07:58,21.57,0.01,1,2157,买盘
1874,13:08:01,21.56,-0.01,30,64685,卖盘
1875,13:08:06,21.55,-0.01,60,129339,卖盘
1876,13:08:09,21.55,0.0,10,21550,买盘
1877,13:08:12,21.57,0.02,104,225344,买盘
1878,13:08:15,21.57,0.0,8,17256,卖盘
1879,13:08:21,21.57,0.0,2,4314,卖盘
1880,13:08:25,21.57,0.0,3,6471,卖盘
1881,13:08:30,21.58,0.01,33,71214,买盘
1882,13:08:36,21.58,0.0,61,131588,买盘
1883,13:08:42,21.58,0.0,1,2158,卖盘
1884,13:08:48,21.58,0.0,4,8632,卖盘
1885,13:08:51,21.58,0.0,1,2158,卖盘
1886,13:08:57,21.58,0.0,2,4316,卖盘
1887,13:09:03,21.57,-0.01,200,431466,卖盘
1888,13:09:09,21.57,0.0,100,215704,卖盘
1889,13:09:15,21.57,0.0,215,462676,卖盘
1890,13:09:24,21.53,-0.04,13,27997,卖盘
1891,13:09:30,21.53,0.0,5,10765,卖盘
1892,13:09:36,21.53,0.0,1,2153,卖盘
1893,13:09:42,21.53,0.0,45,96885,卖盘
1894,13:09:48,21.53,0.0,9,19377,卖盘
1895,13:09:54,21.54,0.01,1,2154,卖盘
1896,13:10:03,21.54,0.0,6,12930,卖盘
1897,13:10:09,21.54,0.0,1,2154,卖盘
1898,13:10:15,21.54,0.0,12,25854,卖盘
1899,13:10:21,21.54,0.0,6,12924,卖盘
1900,13:10:27,21.54,0.0,5,10770,卖盘
1901,13:10:33,21.54,0.0,31,66774,卖盘
1902,13:10:36,21.54,0.0,1,2154,卖盘
1903,13:10:39,21.56,0.02,40,86235,买盘
1904,13:10:42,21.54,-0.02,18,38772,卖盘
1905,13:10:57,21.53,-0.01,10,21530,卖盘
1906,13:11:00,21.54,0.01,5,10770,买盘
1907,13:11:04,21.53,-0.01,9,19377,卖盘
1908,13:11:09,21.54,0.01,60,129240,买盘
1909,13:11:18,21.54,0.0,3,6462,卖盘
1910,13:11:21,21.55,0.01,6,12925,买盘
1911,13:11:24,21.54,-0.01,11,23694,卖盘
1912,13:11:39,21.54,0.0,50,107700,卖盘
1913,13:11:42,21.55,0.01,40,86200,买盘
1914,13:11:49,21.54,-0.01,17,36618,卖盘
1915,13:11:51,21.54,0.0,1,2154,卖盘
1916,13:11:55,21.54,0.0,4,8616,卖盘
1917,13:11:57,21.54,0.0,9,19390,卖盘
1918,13:12:00,21.54,0.0,3,6462,卖盘
1919,13:12:04,21.54,0.0,1,2154,卖盘
1920,13:12:06,21.54,0.0,2,4308,卖盘
1921,13:12:09,21.54,0.0,26,56004,卖盘
1922,13:12:12,21.54,0.0,25,53850,卖盘
1923,13:12:15,21.54,0.0,6,12924,卖盘
1924,13:12:18,21.54,0.0,6,12924,卖盘
1925,13:12:24,21.54,0.0,1,2154,卖盘
1926,13:12:27,21.54,0.0,4,8616,卖盘
1927,13:12:30,21.54,0.0,11,23694,卖盘
1928,13:12:33,21.54,0.0,1,2154,买盘
1929,13:12:36,21.54,0.0,136,292829,买盘
1930,13:12:49,21.53,-0.01,31,66743,卖盘
1931,13:12:51,21.53,0.0,6,12918,卖盘
1932,13:12:54,21.53,0.0,11,23683,卖盘
1933,13:12:57,21.53,0.0,25,53825,卖盘
1934,13:13:00,21.53,0.0,52,111956,卖盘
1935,13:13:04,21.53,0.0,7,15071,卖盘
1936,13:13:07,21.53,0.0,4,8612,买盘
1937,13:13:12,21.52,-0.01,3,6456,卖盘
1938,13:13:15,21.52,0.0,6,12912,卖盘
1939,13:13:21,21.51,-0.01,6,12906,卖盘
1940,13:13:28,21.51,0.0,2,4302,卖盘
1941,13:13:30,21.51,0.0,2,4303,卖盘
1942,13:13:33,21.51,0.0,13,27963,卖盘
1943,13:13:40,21.5,-0.01,326,700276,卖盘
1944,13:13:42,21.51,0.01,5,10755,买盘
1945,13:13:49,21.5,-0.01,5,10750,卖盘
1946,13:13:51,21.5,0.0,41,89225,卖盘
1947,13:13:54,21.51,0.01,3,6453,买盘
1948,13:13:57,21.5,-0.01,115,247250,卖盘
1949,13:14:04,21.5,0.0,25,53750,卖盘
1950,13:14:06,21.5,0.0,548,1178200,卖盘
1951,13:14:09,21.5,0.0,73,156950,卖盘
1952,13:14:12,21.5,0.0,95,204250,卖盘
1953,13:14:15,21.5,0.0,10,21500,卖盘
1954,13:14:24,21.49,-0.01,17,36539,卖盘
1955,13:14:27,21.49,0.0,10,21490,卖盘
1956,13:14:30,21.49,0.0,37,79513,卖盘
1957,13:14:33,21.49,0.0,2,4298,卖盘
1958,13:14:37,21.49,0.0,22,47278,卖盘
1959,13:14:39,21.49,0.0,34,73087,卖盘
1960,13:14:51,21.47,-0.02,34,73002,卖盘
1961,13:15:04,21.46,-0.01,21,45078,卖盘
1962,13:15:07,21.46,0.0,19,40786,卖盘
1963,13:15:09,21.48,0.02,37,79469,买盘
1964,13:15:12,21.48,0.0,1,2148,卖盘
1965,13:15:15,21.48,0.0,21,45108,卖盘
1966,13:15:24,21.48,0.0,2,4296,卖盘
1967,13:15:27,21.48,0.0,4,8592,卖盘
1968,13:15:30,21.49,0.01,40,85953,买盘
1969,13:15:34,21.48,-0.01,6,12888,买盘
1970,13:15:39,21.48,0.0,13,27924,买盘
1971,13:15:42,21.48,0.0,3,6444,买盘
1972,13:15:45,21.49,0.01,15,32235,买盘
1973,13:15:48,21.48,-0.01,58,124640,卖盘
1974,13:15:51,21.49,0.01,32,68741,买盘
1975,13:15:54,21.47,-0.02,5,10737,卖盘
1976,13:15:57,21.48,0.01,1,2148,卖盘
1977,13:16:00,21.5,0.02,2,4300,买盘
1978,13:16:03,21.5,0.0,49,105350,买盘
1979,13:16:06,21.51,0.01,111,238761,买盘
1980,13:16:09,21.52,0.01,30,64560,买盘
1981,13:16:13,21.55,0.03,84,180913,买盘
1982,13:16:15,21.52,-0.03,2,4304,中性盘
1983,13:16:27,21.54,0.02,5,10770,中性盘
1984,13:16:33,21.53,-0.01,7,15071,卖盘
1985,13:16:37,21.53,0.0,8,17224,卖盘
1986,13:16:51,21.52,-0.01,2,4304,卖盘
1987,13:16:54,21.52,0.0,7,15064,卖盘
1988,13:16:57,21.53,0.01,4,8612,买盘
1989,13:17:06,21.53,0.0,7,15071,卖盘
1990,13:17:09,21.52,-0.01,3,6456,卖盘
1991,13:17:24,21.52,0.0,25,53800,卖盘
1992,13:17:27,21.52,0.0,16,34432,卖盘
1993,13:17:31,21.52,0.0,13,27976,卖盘
1994,13:17:33,21.49,-0.03,53,113958,卖盘
1995,13:17:36,21.48,-0.01,6,12893,卖盘
1996,13:17:46,21.49,0.01,8,17192,卖盘
1997,13:17:49,21.49,0.0,8,17192,卖盘
1998,13:17:51,21.49,0.0,12,25788,卖盘
1999,13:18:00,21.48,-0.01,211,453228,卖盘
2000,13:18:04,21.48,0.0,5,10740,卖盘
2001,13:18:09,21.48,0.0,40,85920,卖盘
2002,13:18:12,21.48,0.0,38,81624,卖盘
2003,13:18:16,21.48,0.0,6,12888,卖盘
2004,13:18:18,21.49,0.01,1,2149,买盘
2005,13:18:21,21.48,-0.01,3,6444,卖盘
2006,13:18:24,21.48,0.0,33,70884,卖盘
2007,13:18:28,21.48,0.0,6,12888,卖盘
2008,13:18:33,21.48,0.0,20,42960,卖盘
2009,13:18:36,21.48,0.0,5,10740,卖盘
2010,13:18:39,21.48,0.0,6,12888,卖盘
2011,13:18:42,21.48,0.0,20,42960,卖盘
2012,13:18:45,21.49,0.01,14,30086,买盘
2013,13:18:48,21.49,0.0,1,2149,卖盘
2014,13:18:51,21.49,0.0,24,51576,卖盘
2015,13:18:54,21.5,0.01,11,23650,买盘
2016,13:18:57,21.5,0.0,4,8600,买盘
2017,13:19:06,21.49,-0.01,1,2149,卖盘
2018,13:19:09,21.49,0.0,8,17197,卖盘
2019,13:19:12,21.5,0.01,56,120395,买盘
2020,13:19:19,21.5,0.0,1,2150,卖盘
2021,13:19:27,21.51,0.01,2,4303,卖盘
2022,13:19:31,21.51,0.0,8,17208,卖盘
2023,13:19:33,21.5,-0.01,30,64516,卖盘
2024,13:19:36,21.5,0.0,3,6450,买盘
2025,13:19:45,21.49,-0.01,3,6447,卖盘
2026,13:19:49,21.49,0.0,1,2149,卖盘
2027,13:19:51,21.5,0.01,12,25800,买盘
2028,13:19:57,21.5,0.0,4,8600,买盘
2029,13:20:00,21.49,-0.01,5,10745,卖盘
2030,13:20:07,21.49,0.0,14,30086,卖盘
2031,13:20:09,21.49,0.0,1,2149,卖盘
2032,13:20:12,21.49,0.0,7,15043,卖盘
2033,13:20:15,21.49,0.0,5,10745,卖盘
2034,13:20:18,21.49,0.0,34,73066,卖盘
2035,13:20:24,21.5,0.01,5,10750,买盘
2036,13:20:27,21.49,-0.01,5,10745,卖盘
2037,13:20:33,21.49,0.0,10,21490,卖盘
2038,13:20:39,21.49,0.0,2,4298,卖盘
2039,13:20:42,21.49,0.0,30,64470,卖盘
2040,13:20:45,21.49,0.0,17,36533,卖盘
2041,13:20:48,21.49,0.0,8,17192,卖盘
2042,13:20:55,21.49,0.0,40,85985,卖盘
2043,13:20:57,21.49,0.0,3,6447,卖盘
2044,13:21:09,21.49,0.0,5,10745,卖盘
2045,13:21:15,21.49,0.0,10,21490,卖盘
2046,13:21:21,21.49,0.0,1,2149,卖盘
2047,13:21:24,21.49,0.0,8,17192,卖盘
2048,13:21:27,21.49,0.0,5,10745,卖盘
2049,13:21:30,21.5,0.01,10,21500,买盘
2050,13:21:33,21.49,-0.01,2,4298,卖盘
2051,13:21:55,21.49,0.0,21,45129,卖盘
2052,13:21:57,21.5,0.01,4,8600,买盘
2053,13:22:00,21.49,-0.01,2,4298,卖盘
2054,13:22:16,21.49,0.0,3,6447,卖盘
2055,13:22:18,21.49,0.0,9,19341,卖盘
2056,13:22:21,21.49,0.0,28,60172,卖盘
2057,13:22:24,21.49,0.0,3,6447,卖盘
2058,13:22:27,21.49,0.0,5,10745,卖盘
2059,13:22:30,21.5,0.01,155,333250,买盘
2060,13:22:34,21.5,0.0,7,15050,卖盘
2061,13:22:36,21.51,0.01,6,12906,买盘
2062,13:22:39,21.51,0.0,15,32265,买盘
2063,13:22:42,21.5,-0.01,1,2150,卖盘
2064,13:22:54,21.52,0.02,1,2152,买盘
2065,13:22:57,21.52,0.0,4,8608,买盘
2066,13:23:00,21.52,0.0,17,36584,买盘
2067,13:23:04,21.51,-0.01,4,8604,卖盘
2068,13:23:06,21.51,0.0,8,17211,卖盘
2069,13:23:12,21.52,0.01,1,2152,买盘
2070,13:23:15,21.52,0.0,8,17216,买盘
2071,13:23:18,21.51,-0.01,12,25820,卖盘
2072,13:23:21,21.52,0.01,8,17216,买盘
2073,13:23:24,21.54,0.02,80,172224,买盘
2074,13:23:30,21.54,0.0,4,8616,买盘
2075,13:23:36,21.52,-0.02,2,4304,卖盘
2076,13:23:42,21.55,0.03,50,107730,买盘
2077,13:23:51,21.53,-0.02,5,10765,卖盘
2078,13:23:54,21.55,0.02,6,12920,买盘
2079,13:23:57,21.55,0.0,4,8620,买盘
2080,13:24:00,21.52,-0.03,40,86107,卖盘
2081,13:24:03,21.55,0.03,36,77550,买盘
2082,13:24:06,21.55,0.0,6,12930,卖盘
2083,13:24:09,21.55,0.0,5,10775,卖盘
2084,13:24:12,21.55,0.0,4,8620,卖盘
2085,13:24:18,21.56,0.01,3,6468,买盘
2086,13:24:21,21.55,-0.01,20,43100,卖盘
2087,13:24:36,21.56,0.01,7,15092,买盘
2088,13:24:42,21.56,0.0,49,105644,买盘
2089,13:24:48,21.58,0.02,2,4316,买盘
2090,13:24:54,21.56,-0.02,1,2156,卖盘
2091,13:24:57,21.58,0.02,4,8632,买盘
2092,13:25:00,21.56,-0.02,6,12946,卖盘
2093,13:25:06,21.55,-0.01,36,77612,卖盘
2094,13:25:09,21.56,0.01,26,56056,买盘
2095,13:25:12,21.56,0.0,92,198352,卖盘
2096,13:25:15,21.56,0.0,9,19404,卖盘
2097,13:25:18,21.56,0.0,14,30184,卖盘
2098,13:25:21,21.56,0.0,3,6468,卖盘
2099,13:25:24,21.56,0.0,9,19406,卖盘
2100,13:25:27,21.56,0.0,3,6468,卖盘
2101,13:25:30,21.56,0.0,8,17248,卖盘
2102,13:25:33,21.56,0.0,5,10780,卖盘
2103,13:25:36,21.56,0.0,8,17248,卖盘
2104,13:25:42,21.56,0.0,1,2156,卖盘
2105,13:25:51,21.56,0.0,12,25872,卖盘
2106,13:25:57,21.56,0.0,3,6468,卖盘
2107,13:26:00,21.56,0.0,13,28033,卖盘
2108,13:26:04,21.56,0.0,12,25872,卖盘
2109,13:26:06,21.56,0.0,18,38808,卖盘
2110,13:26:12,21.55,-0.01,1,2155,卖盘
2111,13:26:30,21.55,0.0,10,21550,卖盘
2112,13:26:33,21.55,0.0,3,6465,卖盘
2113,13:26:36,21.55,0.0,2,4310,卖盘
2114,13:26:42,21.55,0.0,2,4310,卖盘
2115,13:26:48,21.55,0.0,15,32325,卖盘
2116,13:26:54,21.55,0.0,10,21550,卖盘
2117,13:26:57,21.55,0.0,47,101285,卖盘
2118,13:27:04,21.55,0.0,11,23705,卖盘
2119,13:27:09,21.56,0.01,9,19404,买盘
2120,13:27:12,21.55,-0.01,2,4310,卖盘
2121,13:27:18,21.55,0.0,2,4310,卖盘
2122,13:27:21,21.55,0.0,48,103440,卖盘
2123,13:27:24,21.55,0.0,10,21550,卖盘
2124,13:27:30,21.56,0.01,1,2156,买盘
2125,13:27:36,21.55,-0.01,5,10775,卖盘
2126,13:27:46,21.55,0.0,4,8620,卖盘
2127,13:27:49,21.55,0.0,8,17240,卖盘
2128,13:27:54,21.55,0.0,50,107750,卖盘
2129,13:27:57,21.56,0.01,44,94824,买盘
2130,13:28:00,21.55,-0.01,22,47410,卖盘
2131,13:28:07,21.56,0.01,8,17246,买盘
2132,13:28:15,21.55,-0.01,10,21550,卖盘
2133,13:28:33,21.55,0.0,5,10775,卖盘
2134,13:28:36,21.55,0.0,10,21550,卖盘
2135,13:28:39,21.55,0.0,1,2155,卖盘
2136,13:28:48,21.55,0.0,84,181020,卖盘
2137,13:28:51,21.55,0.0,2,4310,卖盘
2138,13:28:57,21.56,0.01,4,8624,买盘
2139,13:29:00,21.56,0.0,34,73280,买盘
2140,13:29:09,21.55,-0.01,3,6465,卖盘
2141,13:29:12,21.55,0.0,29,62495,卖盘
2142,13:29:24,21.56,0.01,24,51744,买盘
2143,13:29:27,21.55,-0.01,65,140085,卖盘
2144,13:29:30,21.55,0.0,24,51721,卖盘
2145,13:29:36,21.55,0.0,12,25860,卖盘
2146,13:29:39,21.56,0.01,1,2156,买盘
2147,13:29:51,21.56,0.0,13,28028,买盘
2148,13:29:57,21.56,0.0,4,8624,买盘
2149,13:30:06,21.55,-0.01,10,21550,卖盘
2150,13:30:16,21.55,0.0,5,10775,卖盘
2151,13:30:19,21.56,0.01,5,10780,买盘
2152,13:30:24,21.55,-0.01,6,12930,卖盘
2153,13:30:33,21.55,0.0,10,21550,卖盘
2154,13:30:39,21.55,0.0,47,101285,卖盘
2155,13:30:42,21.55,0.0,253,545221,卖盘
2156,13:30:45,21.55,0.0,14,30170,卖盘
2157,13:30:48,21.55,0.0,17,36635,卖盘
2158,13:30:51,21.55,0.0,2,4310,买盘
2159,13:30:54,21.51,-0.04,33,70983,卖盘
2160,13:30:57,21.51,0.0,22,47327,卖盘
2161,13:31:00,21.51,0.0,4,8604,卖盘
2162,13:31:09,21.51,0.0,7,15057,卖盘
2163,13:31:12,21.55,0.04,203,437385,买盘
2164,13:31:15,21.56,0.01,104,224224,买盘
2165,13:31:18,21.55,-0.01,21,45255,卖盘
2166,13:31:24,21.55,0.0,13,28015,卖盘
2167,13:31:27,21.55,0.0,38,81890,卖盘
2168,13:31:30,21.56,0.01,22,47432,买盘
2169,13:31:33,21.56,0.0,1,2156,卖盘
2170,13:31:36,21.56,0.0,6,12936,卖盘
2171,13:31:39,21.56,0.0,1,2156,卖盘
2172,13:31:42,21.56,0.0,7,15092,卖盘
2173,13:31:51,21.56,0.0,1,2156,卖盘
2174,13:31:57,21.57,0.01,4,8628,买盘
2175,13:32:04,21.57,0.0,1,2157,买盘
2176,13:32:12,21.56,-0.01,1,2156,卖盘
2177,13:32:15,21.56,0.0,4,8624,卖盘
2178,13:32:18,21.57,0.01,5,10785,买盘
2179,13:32:22,21.56,-0.01,10,21561,卖盘
2180,13:32:24,21.56,0.0,25,53900,卖盘
2181,13:32:30,21.57,0.01,18,38812,买盘
2182,13:32:37,21.56,-0.01,6,12936,卖盘
2183,13:32:40,21.56,0.0,1,2156,卖盘
2184,13:32:43,21.56,0.0,1,2156,卖盘
2185,13:32:45,21.56,0.0,1,2156,卖盘
2186,13:32:57,21.57,0.01,4,8628,买盘
2187,13:33:09,21.56,-0.01,61,131516,卖盘
2188,13:33:12,21.6,0.04,806,1740056,买盘
2189,13:33:18,21.56,-0.04,86,185428,卖盘
2190,13:33:27,21.57,0.01,9,19413,卖盘
2191,13:33:30,21.56,-0.01,50,107823,卖盘
2192,13:33:33,21.56,0.0,1,2156,卖盘
2193,13:33:39,21.57,0.01,14,30198,买盘
2194,13:33:42,21.57,0.0,7,15093,买盘
2195,13:33:48,21.6,0.03,177,382903,买盘
2196,13:33:51,21.57,-0.03,103,221657,卖盘
2197,13:33:57,21.56,-0.01,32,68994,卖盘
2198,13:34:00,21.56,0.0,11,23716,卖盘
2199,13:34:04,21.56,0.0,17,36652,卖盘
2200,13:34:06,21.56,0.0,4,8624,卖盘
2201,13:34:09,21.57,0.01,2,4896,买盘
2202,13:34:15,21.57,0.0,3,6471,卖盘
2203,13:34:24,21.57,0.0,16,34512,卖盘
2204,13:34:27,21.57,0.0,2,4314,卖盘
2205,13:34:30,21.57,0.0,12,25884,卖盘
2206,13:34:34,21.57,0.0,3,6471,卖盘
2207,13:34:36,21.58,0.01,3,6474,中性盘
2208,13:34:39,21.57,-0.01,6,12945,卖盘
2209,13:34:42,21.58,0.01,55,118640,买盘
2210,13:34:45,21.56,-0.02,7,15099,卖盘
2211,13:34:51,21.57,0.01,1,2157,卖盘
2212,13:34:57,21.56,-0.01,5,10784,卖盘
2213,13:35:00,21.56,0.0,17,36652,卖盘
2214,13:35:04,21.56,0.0,1,2156,卖盘
2215,13:35:09,21.56,0.0,8,17248,卖盘
2216,13:35:16,21.56,0.0,9,19406,卖盘
2217,13:35:18,21.56,0.0,5,10780,卖盘
2218,13:35:21,21.58,0.02,2,4316,买盘
2219,13:35:27,21.56,-0.02,11,23717,卖盘
2220,13:35:30,21.56,0.0,16,34496,卖盘
2221,13:35:33,21.56,0.0,4,8624,卖盘
2222,13:35:39,21.57,0.01,14,30186,买盘
2223,13:35:42,21.57,0.0,2,4314,卖盘
2224,13:35:48,21.58,0.01,17,36684,买盘
2225,13:35:51,21.59,0.01,32,69077,买盘
2226,13:35:54,21.6,0.01,130,280794,买盘
2227,13:35:57,21.6,0.0,15,32405,卖盘
2228,13:36:00,21.6,0.0,23,49683,卖盘
2229,13:36:04,21.6,0.0,15,32400,卖盘
2230,13:36:06,21.6,0.0,25,54008,卖盘
2231,13:36:09,21.61,0.01,44,95084,买盘
2232,13:36:12,21.61,0.0,8,17288,卖盘
2233,13:36:15,21.61,0.0,7,15127,卖盘
2234,13:36:21,21.62,0.01,13,28098,买盘
2235,13:36:24,21.61,-0.01,15,32415,卖盘
2236,13:36:27,21.61,0.0,18,38898,卖盘
2237,13:36:30,21.61,0.0,7,15127,卖盘
2238,13:36:33,21.62,0.01,115,248461,买盘
2239,13:36:39,21.62,0.0,64,138308,买盘
2240,13:36:43,21.62,0.0,33,71316,买盘
2241,13:36:46,21.6,-0.02,29,62661,卖盘
2242,13:36:51,21.6,0.0,13,28089,卖盘
2243,13:36:54,21.6,0.0,3,6480,卖盘
2244,13:36:57,21.6,0.0,6,12964,卖盘
2245,13:37:00,21.6,0.0,7,15120,卖盘
2246,13:37:04,21.6,0.0,25,54000,卖盘
2247,13:37:07,21.6,0.0,11,23765,卖盘
2248,13:37:09,21.6,0.0,10,21600,卖盘
2249,13:37:15,21.6,0.0,2,4320,卖盘
2250,13:37:18,21.6,0.0,12,25920,卖盘
2251,13:37:24,21.6,0.0,23,49682,卖盘
2252,13:37:27,21.6,0.0,32,69120,卖盘
2253,13:37:31,21.6,0.0,28,60480,卖盘
2254,13:37:33,21.6,0.0,58,125280,卖盘
2255,13:37:37,21.61,0.01,18,38894,买盘
2256,13:37:39,21.62,0.01,27,58347,买盘
2257,13:37:42,21.6,-0.02,61,131854,卖盘
2258,13:37:45,21.62,0.02,1,2162,买盘
2259,13:37:48,21.6,-0.02,7,15120,卖盘
2260,13:37:51,21.61,0.01,34,73445,卖盘
2261,13:37:54,21.61,0.0,6,12966,买盘
2262,13:37:57,21.6,-0.01,8,17286,卖盘
2263,13:38:00,21.61,0.01,15,32403,买盘
2264,13:38:04,21.6,-0.01,200,432000,卖盘
2265,13:38:07,21.6,0.0,204,440650,卖盘
2266,13:38:10,21.6,0.0,6,12960,买盘
2267,13:38:13,21.58,-0.02,9,19424,卖盘
2268,13:38:15,21.57,-0.01,42,90602,卖盘
2269,13:38:21,21.57,0.0,2,4314,卖盘
2270,13:38:24,21.57,0.0,41,88437,卖盘
2271,13:38:27,21.56,-0.01,2,4312,卖盘
2272,13:38:31,21.56,0.0,20,43124,卖盘
2273,13:38:33,21.57,0.01,3,6471,中性盘
2274,13:38:36,21.56,-0.01,10,21561,卖盘
2275,13:38:39,21.56,0.0,6,12936,卖盘
2276,13:38:43,21.56,0.0,3,6472,卖盘
2277,13:38:45,21.56,0.0,11,23716,卖盘
2278,13:38:48,21.56,0.0,1,2156,卖盘
2279,13:38:55,21.56,0.0,8,17252,卖盘
2280,13:38:57,21.58,0.02,10,21580,买盘
2281,13:39:00,21.58,0.0,12,25896,卖盘
2282,13:39:04,21.58,0.0,10,21580,卖盘
2283,13:39:07,21.58,0.0,66,142485,卖盘
2284,13:39:09,21.59,0.01,29,62592,买盘
2285,13:39:12,21.58,-0.01,3,6474,卖盘
2286,13:39:18,21.56,-0.02,20,43147,卖盘
2287,13:39:24,21.56,0.0,50,107800,卖盘
2288,13:39:27,21.58,0.02,25,53904,买盘
2289,13:39:30,21.56,-0.02,14,29602,卖盘
2290,13:39:33,21.56,0.0,21,45858,买盘
2291,13:39:36,21.56,0.0,16,34496,卖盘
2292,13:39:39,21.56,0.0,5,10780,卖盘
2293,13:39:42,21.56,0.0,6,12940,卖盘
2294,13:39:51,21.56,0.0,1,2156,卖盘
2295,13:39:54,21.58,0.02,69,148902,买盘
2296,13:39:57,21.58,0.0,2,4316,买盘
2297,13:40:00,21.56,-0.02,9,19409,卖盘
2298,13:40:03,21.58,0.02,46,99268,买盘
2299,13:40:06,21.56,-0.02,1,2156,卖盘
2300,13:40:10,21.57,0.01,2,4314,买盘
2301,13:40:12,21.57,0.0,4,8628,买盘
2302,13:40:15,21.56,-0.01,5,10780,卖盘
2303,13:40:21,21.57,0.01,30,64700,买盘
2304,13:40:24,21.56,-0.01,21,45276,卖盘
2305,13:40:27,21.57,0.01,2,4314,买盘
2306,13:40:30,21.56,-0.01,28,60368,卖盘
2307,13:40:33,21.56,0.0,11,23716,卖盘
2308,13:40:40,21.56,0.0,8,17248,卖盘
2309,13:40:42,21.57,0.01,3,6470,买盘
2310,13:40:48,21.56,-0.01,4,8624,卖盘
2311,13:40:54,21.56,0.0,1,2156,卖盘
2312,13:40:57,21.57,0.01,51,109962,买盘
2313,13:41:00,21.56,-0.01,7,15092,卖盘
2314,13:41:03,21.57,0.01,66,142362,买盘
2315,13:41:07,21.56,-0.01,10,21560,卖盘
2316,13:41:09,21.57,0.01,25,53905,买盘
2317,13:41:12,21.57,0.0,24,51747,买盘
2318,13:41:15,21.55,-0.02,1,2155,卖盘
2319,13:41:19,21.55,0.0,8,17246,卖盘
2320,13:41:24,21.57,0.02,2,4314,买盘
2321,13:41:27,21.57,0.0,12,25862,买盘
2322,13:41:30,21.55,-0.02,2,4310,卖盘
2323,13:41:33,21.57,0.02,547,1178879,买盘
2324,13:41:36,21.55,-0.02,2,4310,卖盘
2325,13:41:39,21.55,0.0,87,186903,卖盘
2326,13:41:42,21.5,-0.05,57,122583,卖盘
2327,13:41:51,21.51,0.01,14,30114,中性盘
2328,13:41:54,21.51,0.0,2,4302,卖盘
2329,13:41:57,21.55,0.04,2,4310,买盘
2330,13:42:00,21.51,-0.04,3,6453,卖盘
2331,13:42:06,21.51,0.0,1,2151,卖盘
2332,13:42:09,21.51,0.0,6,12906,卖盘
2333,13:42:15,21.51,0.0,3,6459,卖盘
2334,13:42:18,21.51,0.0,2,4302,卖盘
2335,13:42:21,21.53,0.02,41,88243,买盘
2336,13:42:24,21.53,0.0,2,4306,买盘
2337,13:42:27,21.54,0.01,33,71055,买盘
2338,13:42:30,21.51,-0.03,9,19359,卖盘
2339,13:42:33,21.51,0.0,204,439568,卖盘
2340,13:42:36,21.51,0.0,15,32265,卖盘
2341,13:42:39,21.5,-0.01,23,49465,卖盘
2342,13:42:48,21.51,0.01,6,12906,卖盘
2343,13:42:51,21.51,0.0,2,4302,卖盘
2344,13:42:54,21.51,0.0,17,36571,卖盘
2345,13:42:57,21.51,0.0,14,30114,买盘
2346,13:43:00,21.51,0.0,8,17208,卖盘
2347,13:43:03,21.51,0.0,10,21510,卖盘
2348,13:43:06,21.51,0.0,14,30114,卖盘
2349,13:43:09,21.53,0.02,13,27986,买盘
2350,13:43:12,21.53,0.0,180,387538,买盘
2351,13:43:16,21.53,0.0,6,12918,买盘
2352,13:43:19,21.53,0.0,16,34448,买盘
2353,13:43:22,21.54,0.01,5,10770,买盘
2354,13:43:24,21.54,0.0,10,21540,买盘
2355,13:43:27,21.53,-0.01,49,105564,卖盘
2356,13:43:30,21.53,0.0,8,17228,卖盘
2357,13:43:36,21.53,0.0,18,38748,买盘
2358,13:43:39,21.55,0.02,24,51718,买盘
2359,13:43:42,21.54,-0.01,133,286614,卖盘
2360,13:43:45,21.54,0.0,102,220387,卖盘
2361,13:43:48,21.56,0.02,42,90552,买盘
2362,13:43:51,21.52,-0.04,39,83974,卖盘
2363,13:43:54,21.57,0.05,2,4314,买盘
2364,13:43:58,21.57,0.0,4,8628,买盘
2365,13:44:00,21.53,-0.04,9,19377,卖盘
2366,13:44:09,21.57,0.04,2,4314,买盘
2367,13:44:15,21.53,-0.04,1,2153,卖盘
2368,13:44:18,21.54,0.01,30,64620,买盘
2369,13:44:24,21.54,0.0,5,10770,卖盘
2370,13:44:27,21.57,0.03,2,4314,买盘
2371,13:44:30,21.54,-0.03,36,77550,卖盘
2372,13:44:39,21.54,0.0,7,15084,卖盘
2373,13:44:42,21.54,0.0,10,21540,卖盘
2374,13:44:48,21.54,0.0,1,2154,卖盘
2375,13:44:51,21.55,0.01,5,10775,中性盘
2376,13:44:57,21.55,0.0,6,12930,买盘
2377,13:45:04,21.54,-0.01,2,4308,卖盘
2378,13:45:09,21.54,0.0,6,12926,卖盘
2379,13:45:12,21.54,0.0,1,2154,卖盘
2380,13:45:21,21.54,0.0,1,2154,卖盘
2381,13:45:24,21.54,0.0,11,23694,卖盘
2382,13:45:27,21.54,0.0,8,17234,卖盘
2383,13:45:30,21.54,0.0,5,10770,卖盘
2384,13:45:37,21.54,0.0,1,2154,卖盘
2385,13:45:39,21.55,0.01,2,4310,买盘
2386,13:45:42,21.54,-0.01,32,68928,卖盘
2387,13:45:45,21.54,0.0,10,21540,买盘
2388,13:45:51,21.53,-0.01,6,12918,卖盘
2389,13:45:58,21.54,0.01,2,4308,买盘
2390,13:46:01,21.53,-0.01,11,23683,卖盘
2391,13:46:04,21.53,0.0,4,8612,卖盘
2392,13:46:06,21.53,0.0,10,21530,卖盘
2393,13:46:09,21.53,0.0,21,45213,卖盘
2394,13:46:12,21.53,0.0,2,4306,买盘
2395,13:46:15,21.52,-0.01,5,10761,卖盘
2396,13:46:18,21.53,0.01,4,8612,买盘
2397,13:46:21,21.55,0.02,640,1378445,买盘
2398,13:46:24,21.52,-0.03,32,68919,卖盘
2399,13:46:31,21.56,0.04,3,6465,买盘
2400,13:46:33,21.55,-0.01,69,148471,中性盘
2401,13:46:36,21.56,0.01,9,19404,买盘
2402,13:46:39,21.55,-0.01,17,36644,卖盘
2403,13:46:42,21.56,0.01,3,6468,买盘
2404,13:46:45,21.55,-0.01,4,8621,卖盘
2405,13:46:48,21.57,0.02,61,131565,买盘
2406,13:46:51,21.57,0.0,4,8628,买盘
2407,13:46:54,21.54,-0.03,1,2154,卖盘
2408,13:46:57,21.57,0.03,27,58220,买盘
2409,13:47:00,21.54,-0.03,4,8620,中性盘
2410,13:47:06,21.57,0.03,26,56082,买盘
2411,13:47:12,21.57,0.0,14,30180,买盘
2412,13:47:21,21.54,-0.03,1,2154,卖盘
2413,13:47:27,21.57,0.03,3,6471,买盘
2414,13:47:30,21.57,0.0,2,4314,买盘
2415,13:47:36,21.54,-0.03,1,2154,卖盘
2416,13:47:46,21.56,0.02,2,4312,买盘
2417,13:47:57,21.57,0.01,6,12942,买盘
2418,13:48:03,21.56,-0.01,3,6468,卖盘
2419,13:48:09,21.56,0.0,1,2156,卖盘
2420,13:48:12,21.57,0.01,1,2157,买盘
2421,13:48:15,21.57,0.0,17,36669,买盘
2422,13:48:24,21.57,0.0,9,19413,卖盘
2423,13:48:27,21.57,0.0,1,2157,卖盘
2424,13:48:30,21.58,0.01,2,4316,买盘
2425,13:48:33,21.57,-0.01,2,4314,卖盘
2426,13:48:36,21.58,0.01,21,45318,买盘
2427,13:48:39,21.58,0.0,22,47476,买盘
2428,13:48:42,21.58,0.0,17,36686,买盘
2429,13:48:48,21.57,-0.01,5,10785,卖盘
2430,13:48:57,21.57,0.0,10,21576,卖盘
2431,13:49:06,21.57,0.0,1,2157,卖盘
2432,13:49:09,21.57,0.0,68,146742,卖盘
2433,13:49:12,21.58,0.01,2,4316,买盘
2434,13:49:21,21.57,-0.01,7,15099,卖盘
2435,13:49:27,21.57,0.0,3,6473,卖盘
2436,13:49:39,21.58,0.01,5,10787,买盘
2437,13:49:42,21.58,0.0,1,2158,买盘
2438,13:49:45,21.58,0.0,1,2158,买盘
2439,13:49:48,21.57,-0.01,10,21570,卖盘
2440,13:49:51,21.58,0.01,6,12948,买盘
2441,13:49:54,21.57,-0.01,2,4314,卖盘
2442,13:49:57,21.58,0.01,12,25890,买盘
2443,13:50:00,21.57,-0.01,1,2157,卖盘
2444,13:50:03,21.57,0.0,10,21570,卖盘
2445,13:50:07,21.57,0.0,10,21570,卖盘
2446,13:50:10,21.57,0.0,1,2157,卖盘
2447,13:50:13,21.57,0.0,1,2157,卖盘
2448,13:50:15,21.57,0.0,4,8630,卖盘
2449,13:50:18,21.57,0.0,1,2157,卖盘
2450,13:50:21,21.57,0.0,4,8628,卖盘
2451,13:50:24,21.58,0.01,12,25895,买盘
2452,13:50:33,21.57,-0.01,1,2157,卖盘
2453,13:50:42,21.58,0.01,2,4316,买盘
2454,13:50:45,21.58,0.0,5,10790,买盘
2455,13:50:54,21.57,-0.01,8,17256,卖盘
2456,13:50:57,21.57,0.0,6,12947,卖盘
2457,13:51:00,21.58,0.01,2,4316,买盘
2458,13:51:04,21.57,-0.01,9,19413,卖盘
2459,13:51:06,21.57,0.0,1,2157,卖盘
2460,13:51:09,21.58,0.01,2,4316,买盘
2461,13:51:16,21.57,-0.01,2,4314,卖盘
2462,13:51:18,21.57,0.0,19,40983,卖盘
2463,13:51:21,21.57,0.0,32,69024,卖盘
2464,13:51:24,21.58,0.01,2,4316,买盘
2465,13:51:30,21.57,-0.01,5,10785,卖盘
2466,13:51:36,21.57,0.0,1,2157,卖盘
2467,13:51:45,21.58,0.01,2,4316,买盘
2468,13:51:51,21.57,-0.01,4,8628,卖盘
2469,13:51:57,21.58,0.01,2,4316,买盘
2470,13:52:09,21.57,-0.01,1,2157,卖盘
2471,13:52:12,21.58,0.01,5,10790,买盘
2472,13:52:21,21.58,0.0,55,118690,买盘
2473,13:52:24,21.59,0.01,728,1572062,买盘
2474,13:52:27,21.6,0.01,32,69120,买盘
2475,13:52:30,21.58,-0.02,1,2158,卖盘
2476,13:52:33,21.58,0.0,79,170505,卖盘
2477,13:52:39,21.6,0.02,9,19431,买盘
2478,13:52:42,21.6,0.0,16,34538,买盘
2479,13:52:51,21.6,0.0,18,38876,买盘
2480,13:52:57,21.6,0.0,8,17276,买盘
2481,13:53:00,21.6,0.0,1,2160,买盘
2482,13:53:06,21.58,-0.02,1,2158,卖盘
2483,13:53:09,21.6,0.02,2,4320,买盘
2484,13:53:12,21.6,0.0,2,4320,买盘
2485,13:53:27,21.6,0.0,12,25920,买盘
2486,13:53:30,21.6,0.0,2,4320,买盘
2487,13:53:36,21.59,-0.01,2,4318,卖盘
2488,13:53:42,21.6,0.01,9,19440,买盘
2489,13:53:54,21.59,-0.01,3,6477,卖盘
2490,13:53:57,21.6,0.01,26,56140,买盘
2491,13:54:09,21.59,-0.01,3,6477,卖盘
2492,13:54:15,21.6,0.01,2,4320,买盘
2493,13:54:21,21.59,-0.01,8,17272,卖盘
2494,13:54:30,21.58,-0.01,14,30214,卖盘
2495,13:54:34,21.58,0.0,1,2158,卖盘
2496,13:54:39,21.59,0.01,11,23749,买盘
2497,13:54:42,21.59,0.0,2,4318,卖盘
2498,13:54:48,21.57,-0.02,69,148908,卖盘
2499,13:54:54,21.57,0.0,3,6471,卖盘
2500,13:54:57,21.57,0.0,12,25889,卖盘
2501,13:55:01,21.58,0.01,2,4316,买盘
2502,13:55:06,21.57,-0.01,2,4314,卖盘
2503,13:55:12,21.58,0.01,2,4316,买盘
2504,13:55:18,21.58,0.0,40,86310,买盘
2505,13:55:30,21.58,0.0,6,12940,买盘
2506,13:55:33,21.56,-0.02,10,21567,卖盘
2507,13:55:36,21.56,0.0,6,12946,卖盘
2508,13:55:39,21.56,0.0,1,2156,卖盘
2509,13:55:46,21.58,0.02,6,12944,买盘
2510,13:55:51,21.57,-0.01,2,4314,卖盘
2511,13:55:54,21.58,0.01,3,6472,买盘
2512,13:56:00,21.58,0.0,1,2158,买盘
2513,13:56:12,21.57,-0.01,1,2157,买盘
2514,13:56:15,21.57,0.0,21,45297,买盘
2515,13:56:19,21.57,0.0,1,2157,买盘
2516,13:56:21,21.57,0.0,1,2157,买盘
2517,13:56:24,21.56,-0.01,5,10782,卖盘
2518,13:56:27,21.57,0.01,5,10785,买盘
2519,13:56:30,21.57,0.0,5,10785,卖盘
2520,13:56:33,21.56,-0.01,26,56081,卖盘
2521,13:56:39,21.6,0.04,449,969334,买盘
2522,13:56:42,21.56,-0.04,3,6468,卖盘
2523,13:56:46,21.57,0.01,4,8628,买盘
2524,13:56:48,21.56,-0.01,52,112118,卖盘
2525,13:56:57,21.56,0.0,11,23740,卖盘
2526,13:57:06,21.56,0.0,2,4312,卖盘
2527,13:57:12,21.59,0.03,2,4318,买盘
2528,13:57:18,21.59,0.0,9,19431,买盘
2529,13:57:21,21.56,-0.03,10,21564,卖盘
2530,13:57:27,21.59,0.03,61,131699,买盘
2531,13:57:30,21.59,0.0,4,8632,买盘
2532,13:57:36,21.57,-0.02,13,28041,卖盘
2533,13:57:39,21.59,0.02,66,142492,买盘
2534,13:57:45,21.56,-0.03,87,187660,卖盘
2535,13:57:48,21.57,0.01,17,36669,买盘
2536,13:57:51,21.57,0.0,14,30198,买盘
2537,13:57:54,21.56,-0.01,142,306279,卖盘
2538,13:58:00,21.59,0.03,2,4318,买盘
2539,13:58:04,21.56,-0.03,18,38822,卖盘
2540,13:58:09,21.57,0.01,2,4314,卖盘
2541,13:58:12,21.59,0.02,2,4318,买盘
2542,13:58:21,21.57,-0.02,11,23727,卖盘
2543,13:58:27,21.58,0.01,4,8632,买盘
2544,13:58:31,21.58,0.0,2,4316,买盘
2545,13:58:33,21.57,-0.01,1,2157,卖盘
2546,13:58:39,21.57,0.0,31,66867,卖盘
2547,13:58:42,21.56,-0.01,1,2156,卖盘
2548,13:58:48,21.57,0.01,8,17256,买盘
2549,13:58:51,21.56,-0.01,3,6468,卖盘
2550,13:58:57,21.56,0.0,2,4313,卖盘
2551,13:59:00,21.57,0.01,3,6471,买盘
2552,13:59:06,21.57,0.0,1,2157,卖盘
2553,13:59:12,21.59,0.02,2,4318,买盘
2554,13:59:18,21.57,-0.02,1,2157,卖盘
2555,13:59:21,21.57,0.0,5,10785,卖盘
2556,13:59:24,21.55,-0.02,761,1640164,卖盘
2557,13:59:31,21.55,0.0,46,99047,买盘
2558,13:59:33,21.58,0.03,156,336244,买盘
2559,13:59:37,21.51,-0.07,5,10755,卖盘
2560,13:59:39,21.53,0.02,99,212932,买盘
2561,13:59:45,21.5,-0.03,11,23650,卖盘
2562,13:59:48,21.5,0.0,3,6450,卖盘
2563,13:59:55,21.5,0.0,4,8600,卖盘
2564,13:59:58,21.5,0.0,6,12900,卖盘
2565,14:00:01,21.5,0.0,41,88162,卖盘
2566,14:00:04,21.5,0.0,56,120400,卖盘
2567,14:00:10,21.5,0.0,64,137600,卖盘
2568,14:00:13,21.55,0.05,2,4310,买盘
2569,14:00:18,21.5,-0.05,7,15050,卖盘
2570,14:00:24,21.54,0.04,2,4308,买盘
2571,14:00:27,21.5,-0.04,2,4301,卖盘
2572,14:00:30,21.51,0.01,2,4302,买盘
2573,14:00:33,21.51,0.0,5,10755,买盘
2574,14:00:42,21.5,-0.01,7,15052,卖盘
2575,14:00:45,21.51,0.01,1,2151,买盘
2576,14:00:52,21.5,-0.01,62,133300,卖盘
2577,14:00:58,21.5,0.0,11,23654,卖盘
2578,14:01:01,21.51,0.01,2,4302,买盘
2579,14:01:04,21.5,-0.01,50,107500,卖盘
2580,14:01:07,21.5,0.0,14,30100,卖盘
2581,14:01:10,21.51,0.01,4,8604,买盘
2582,14:01:13,21.5,-0.01,3,6450,卖盘
2583,14:01:16,21.51,0.01,8,17202,买盘
2584,14:01:22,21.5,-0.01,2,4300,卖盘
2585,14:01:28,21.5,0.0,12,25800,卖盘
2586,14:01:30,21.5,0.0,11,23650,卖盘
2587,14:01:33,21.51,0.01,2,4302,买盘
2588,14:01:37,21.5,-0.01,7,15050,卖盘
2589,14:01:39,21.5,0.0,206,442900,卖盘
2590,14:01:42,21.51,0.01,10,21510,买盘
2591,14:01:45,21.5,-0.01,49,105352,卖盘
2592,14:01:48,21.5,0.0,97,208550,卖盘
2593,14:01:51,21.5,0.0,1,2150,卖盘
2594,14:01:54,21.5,0.0,22,47300,卖盘
2595,14:01:57,21.51,0.01,19,40869,买盘
2596,14:02:04,21.51,0.0,15,32251,买盘
2597,14:02:06,21.5,-0.01,2,4300,卖盘
2598,14:02:09,21.5,0.0,1,2150,卖盘
2599,14:02:12,21.51,0.01,2,4302,买盘
2600,14:02:18,21.51,0.0,1,2151,买盘
2601,14:02:21,21.5,-0.01,31,66651,卖盘
2602,14:02:24,21.51,0.01,1,2151,买盘
2603,14:02:27,21.51,0.0,5,10751,买盘
2604,14:02:30,21.51,0.0,6,12903,买盘
2605,14:02:33,21.51,0.0,1,2151,买盘
2606,14:02:37,21.5,-0.01,23,49451,卖盘
2607,14:02:40,21.51,0.01,6,12906,买盘
2608,14:02:43,21.5,-0.01,4,8602,卖盘
2609,14:02:45,21.51,0.01,10,21510,中性盘
2610,14:02:48,21.52,0.01,2,4304,买盘
2611,14:02:51,21.51,-0.01,21,45171,卖盘
2612,14:02:54,21.52,0.01,13,27974,买盘
2613,14:02:57,21.52,0.0,5,10760,卖盘
2614,14:03:04,21.52,0.0,4,8608,卖盘
2615,14:03:06,21.52,0.0,1,2152,卖盘
2616,14:03:09,21.52,0.0,1,2152,卖盘
2617,14:03:12,21.53,0.01,3,6459,买盘
2618,14:03:21,21.53,0.0,41,88267,买盘
2619,14:03:30,21.52,-0.01,39,83996,卖盘
2620,14:03:40,21.52,0.0,3,6456,卖盘
2621,14:03:42,21.52,0.0,14,30128,卖盘
2622,14:03:45,21.52,0.0,2,4304,卖盘
2623,14:03:52,21.54,0.02,2,4308,买盘
2624,14:03:54,21.52,-0.02,31,66712,卖盘
2625,14:04:04,21.54,0.02,35,75371,买盘
2626,14:04:12,21.52,-0.02,3,6456,卖盘
2627,14:04:16,21.52,0.0,10,21520,卖盘
2628,14:04:21,21.52,0.0,15,32280,卖盘
2629,14:04:25,21.52,0.0,23,49502,卖盘
2630,14:04:27,21.52,0.0,5,10760,卖盘
2631,14:04:30,21.54,0.02,16,34464,买盘
2632,14:04:36,21.52,-0.02,11,23672,卖盘
2633,14:04:39,21.52,0.0,24,51660,卖盘
2634,14:04:42,21.51,-0.01,1,2151,卖盘
2635,14:04:51,21.51,0.0,3,6453,卖盘
2636,14:04:58,21.52,0.01,36,77441,买盘
2637,14:05:06,21.51,-0.01,4,8604,卖盘
2638,14:05:22,21.52,0.01,7,15064,买盘
2639,14:05:27,21.52,0.0,20,43040,买盘
2640,14:05:30,21.51,-0.01,14,30127,卖盘
2641,14:05:33,21.51,0.0,4,8604,卖盘
2642,14:05:39,21.52,0.01,19,40885,买盘
2643,14:05:45,21.53,0.01,25,53801,买盘
2644,14:05:48,21.5,-0.03,3,6454,卖盘
2645,14:05:54,21.53,0.03,27,58150,中性盘
2646,14:06:04,21.56,0.03,147,316787,买盘
2647,14:06:07,21.54,-0.02,6,12928,中性盘
2648,14:06:09,21.52,-0.02,46,99062,卖盘
2649,14:06:12,21.53,0.01,15,32295,中性盘
2650,14:06:15,21.56,0.03,19,40964,买盘
2651,14:06:19,21.55,-0.01,7,15085,卖盘
2652,14:06:21,21.56,0.01,4,8623,买盘
2653,14:06:28,21.55,-0.01,10,21553,卖盘
2654,14:06:31,21.56,0.01,5,10780,买盘
2655,14:06:34,21.55,-0.01,15,32336,卖盘
2656,14:06:36,21.55,0.0,10,21548,卖盘
2657,14:06:39,21.55,0.0,15,32325,买盘
2658,14:06:42,21.54,-0.01,15,32322,卖盘
2659,14:06:46,21.55,0.01,2,4310,买盘
2660,14:06:49,21.55,0.0,50,107750,买盘
2661,14:06:52,21.54,-0.01,9,19392,卖盘
2662,14:06:55,21.55,0.01,40,86200,买盘
2663,14:07:00,21.55,0.0,77,165929,买盘
2664,14:07:06,21.55,0.0,9,19400,卖盘
2665,14:07:09,21.56,0.01,5,10780,买盘
2666,14:07:13,21.56,0.0,13,28036,中性盘
2667,14:07:16,21.58,0.02,10,21563,买盘
2668,14:07:21,21.58,0.0,18,38844,买盘
2669,14:07:24,21.55,-0.03,4,8620,卖盘
2670,14:07:27,21.58,0.03,9,19422,买盘
2671,14:07:30,21.55,-0.03,6,12942,卖盘
2672,14:07:33,21.58,0.03,8,17264,买盘
2673,14:07:39,21.55,-0.03,2,4310,卖盘
2674,14:07:46,21.58,0.03,4,8632,买盘
2675,14:07:49,21.57,-0.01,14,30178,中性盘
2676,14:08:00,21.57,0.0,1,2157,买盘
2677,14:08:04,21.57,0.0,2,4314,卖盘
2678,14:08:06,21.58,0.01,27,58246,买盘
2679,14:08:15,21.57,-0.01,8,17256,卖盘
2680,14:08:18,21.57,0.0,3,6471,卖盘
2681,14:08:21,21.58,0.01,4,8632,买盘
2682,14:08:27,21.57,-0.01,5,10789,卖盘
2683,14:08:34,21.58,0.01,50,107900,买盘
2684,14:08:36,21.58,0.0,50,107900,买盘
2685,14:08:42,21.57,-0.01,15,32360,卖盘
2686,14:08:45,21.57,0.0,4,8628,卖盘
2687,14:08:52,21.57,0.0,1,2157,卖盘
2688,14:08:54,21.58,0.01,3,6474,买盘
2689,14:09:00,21.58,0.0,5,10794,卖盘
2690,14:09:06,21.57,-0.01,50,107871,卖盘
2691,14:09:09,21.58,0.01,5,10790,卖盘
2692,14:09:15,21.58,0.0,5,10790,卖盘
2693,14:09:19,21.59,0.01,6,12954,买盘
2694,14:09:24,21.58,-0.01,10,21580,卖盘
2695,14:09:27,21.58,0.0,30,64740,买盘
2696,14:09:30,21.56,-0.02,5,10788,卖盘
2697,14:09:39,21.56,0.0,3,6468,卖盘
2698,14:09:42,21.58,0.02,6,12947,买盘
2699,14:09:48,21.56,-0.02,5,10788,卖盘
2700,14:09:55,21.56,0.0,1,2156,卖盘
2701,14:09:58,21.56,0.0,20,43120,卖盘
2702,14:10:04,21.55,-0.01,2,4310,卖盘
2703,14:10:06,21.56,0.01,4,8624,买盘
2704,14:10:12,21.56,0.0,5,10779,买盘
2705,14:10:21,21.56,0.0,26,56052,买盘
2706,14:10:27,21.56,0.0,9,19408,卖盘
2707,14:10:30,21.57,0.01,2,4314,买盘
2708,14:10:33,21.56,-0.01,8,17248,卖盘
2709,14:10:36,21.57,0.01,4,8627,买盘
2710,14:10:39,21.57,0.0,10,21570,卖盘
2711,14:10:45,21.58,0.01,8,17263,买盘
2712,14:10:48,21.6,0.02,1051,2269745,买盘
2713,14:10:52,21.56,-0.04,100,215835,卖盘
2714,14:10:54,21.61,0.05,4,8644,买盘
2715,14:10:57,21.61,0.0,8,17288,买盘
2716,14:11:00,21.56,-0.05,10,21560,卖盘
2717,14:11:03,21.61,0.05,3,6483,买盘
2718,14:11:09,21.58,-0.03,2,4316,卖盘
2719,14:11:15,21.61,0.03,20,43217,买盘
2720,14:11:21,21.6,-0.01,4,8639,买盘
2721,14:11:24,21.58,-0.02,2,4316,卖盘
2722,14:11:27,21.58,0.0,3,6476,卖盘
2723,14:11:30,21.6,0.02,4,8638,买盘
2724,14:11:34,21.61,0.01,94,203114,买盘
2725,14:11:37,21.58,-0.03,10,21580,卖盘
2726,14:11:39,21.58,0.0,14,30217,卖盘
2727,14:11:42,21.6,0.02,4,8640,买盘
2728,14:11:45,21.6,0.0,5,10798,买盘
2729,14:11:48,21.58,-0.02,8,17264,卖盘
2730,14:11:54,21.59,0.01,4,8636,买盘
2731,14:11:57,21.59,0.0,6,12952,买盘
2732,14:12:00,21.59,0.0,4,8636,买盘
2733,14:12:04,21.58,-0.01,5,10797,卖盘
2734,14:12:09,21.58,0.0,6,12952,卖盘
2735,14:12:15,21.59,0.01,1,2159,中性盘
2736,14:12:18,21.59,0.0,4,8636,买盘
2737,14:12:21,21.59,0.0,4,8634,买盘
2738,14:12:27,21.59,0.0,2,4318,卖盘
2739,14:12:30,21.6,0.01,4,8640,买盘
2740,14:12:37,21.58,-0.02,1,2158,卖盘
2741,14:12:39,21.6,0.02,31,66960,买盘
2742,14:12:45,21.6,0.0,4,8640,买盘
2743,14:12:51,21.59,-0.01,4,8637,卖盘
2744,14:12:54,21.59,0.0,7,15119,卖盘
2745,14:12:57,21.6,0.01,8,17280,买盘
2746,14:13:00,21.59,-0.01,1,2159,卖盘
2747,14:13:06,21.6,0.01,5,10799,买盘
2748,14:13:09,21.58,-0.02,54,116586,卖盘
2749,14:13:15,21.57,-0.01,1,2157,卖盘
2750,14:13:24,21.57,0.0,10,21574,卖盘
2751,14:13:27,21.58,0.01,2,4316,买盘
2752,14:13:33,21.58,0.0,5,10789,买盘
2753,14:13:36,21.57,-0.01,35,75499,卖盘
2754,14:13:39,21.56,-0.01,4,8624,卖盘
2755,14:13:42,21.57,0.01,6,12942,买盘
2756,14:13:45,21.57,0.0,22,47454,买盘
2757,14:13:48,21.57,0.0,1,2157,卖盘
2758,14:13:51,21.58,0.01,14,30212,买盘
2759,14:13:54,21.58,0.0,4,8632,买盘
2760,14:13:57,21.57,-0.01,3,6471,卖盘
2761,14:14:00,21.58,0.01,4,8632,买盘
2762,14:14:03,21.58,0.0,9,19422,买盘
2763,14:14:06,21.58,0.0,3,6474,卖盘
2764,14:14:09,21.59,0.01,7,15113,买盘
2765,14:14:13,21.59,0.0,6,12954,卖盘
2766,14:14:15,21.6,0.01,4,8640,买盘
2767,14:14:21,21.59,-0.01,2,4318,卖盘
2768,14:14:27,21.6,0.01,19,41025,买盘
2769,14:14:30,21.6,0.0,9,19435,买盘
2770,14:14:36,21.58,-0.02,16,34554,卖盘
2771,14:14:45,21.58,0.0,7,15112,卖盘
2772,14:14:54,21.6,0.02,4,8639,买盘
2773,14:14:57,21.59,-0.01,3,6477,中性盘
2774,14:15:00,21.58,-0.01,1,2158,卖盘
2775,14:15:06,21.6,0.02,62,133920,买盘
2776,14:15:15,21.58,-0.02,908,1963545,卖盘
2777,14:15:18,21.58,0.0,50,107900,卖盘
2778,14:15:21,21.64,0.06,4,8656,买盘
2779,14:15:24,21.58,-0.06,22,47510,卖盘
2780,14:15:27,21.58,0.0,7,15106,买盘
2781,14:15:30,21.58,0.0,68,146744,买盘
2782,14:15:34,21.58,0.0,8,17264,卖盘
2783,14:15:39,21.58,0.0,7,15106,卖盘
2784,14:15:46,21.59,0.01,2,4318,买盘
2785,14:15:48,21.58,-0.01,2,4316,卖盘
2786,14:15:52,21.59,0.01,3,6475,买盘
2787,14:15:58,21.63,0.04,17,36750,买盘
2788,14:16:06,21.63,0.0,17,36771,买盘
2789,14:16:12,21.63,0.0,6,12966,买盘
2790,14:16:15,21.63,0.0,2,4326,买盘
2791,14:16:24,21.6,-0.03,1,2160,卖盘
2792,14:16:27,21.6,0.0,1,2160,卖盘
