,time,price,change,volume,amount,type
0,09:25:04,7.42,-0.23,543,402906,买盘
1,09:30:04,7.42,0.0,11,8162,卖盘
2,09:30:07,7.48,0.06,761,563424,买盘
3,09:30:10,7.48,0.0,24,17952,卖盘
4,09:30:13,7.4,-0.08,212,157551,卖盘
5,09:30:16,7.45,0.05,93,68997,买盘
6,09:30:19,7.45,0.0,7,5215,卖盘
7,09:30:22,7.45,0.0,6,4474,卖盘
8,09:30:25,7.49,0.04,1,749,买盘
9,09:30:31,7.49,0.0,10,7490,买盘
10,09:30:37,7.45,-0.04,9,6705,卖盘
11,09:30:43,7.49,0.04,83,62155,买盘
12,09:30:58,7.5,0.01,34,25500,买盘
13,09:31:01,7.49,-0.01,88,65938,卖盘
14,09:31:04,7.49,0.0,55,41200,卖盘
15,09:31:07,7.52,0.03,4,3008,买盘
16,09:31:13,7.49,-0.03,21,15743,卖盘
17,09:31:16,7.5,0.01,76,57056,中性盘
18,09:31:19,7.5,0.0,10,7500,中性盘
19,09:31:25,7.49,-0.01,111,83235,卖盘
20,09:31:31,7.5,0.01,3,2250,卖盘
21,09:31:34,7.5,0.0,20,15000,卖盘
22,09:31:37,7.5,0.0,41,30750,卖盘
23,09:31:40,7.5,0.0,8,6000,卖盘
24,09:31:43,7.51,0.01,7,5257,买盘
25,09:31:46,7.51,0.0,10,7510,买盘
26,09:31:49,7.5,-0.01,16,12000,卖盘
27,09:31:58,7.5,0.0,100,75000,买盘
28,09:32:01,7.49,-0.01,39,29211,卖盘
29,09:32:04,7.49,0.0,600,449400,卖盘
30,09:32:07,7.49,0.0,61,45744,卖盘
31,09:32:10,7.49,0.0,7,5243,买盘
32,09:32:16,7.49,0.0,15,11235,买盘
33,09:32:19,7.45,-0.04,121,90210,卖盘
34,09:32:34,7.45,0.0,66,49170,卖盘
35,09:32:37,7.46,0.01,60,44760,买盘
36,09:32:40,7.46,0.0,3,2238,卖盘
37,09:32:49,7.46,0.0,25,18650,卖盘
38,09:33:04,7.46,0.0,6,4481,卖盘
39,09:33:07,7.48,0.02,39,29172,买盘
40,09:33:10,7.47,-0.01,16,11963,卖盘
41,09:33:16,7.46,-0.01,32,23886,卖盘
42,09:33:22,7.48,0.02,14,10472,买盘
43,09:33:25,7.48,0.0,11,8228,卖盘
44,09:33:28,7.49,0.01,5,3745,买盘
45,09:33:31,7.49,0.0,111,83139,买盘
46,09:33:34,7.49,0.0,1,749,卖盘
47,09:33:40,7.49,0.0,12,8988,卖盘
48,09:33:49,7.5,0.01,38,28500,买盘
49,09:33:52,7.5,0.0,124,92900,买盘
50,09:34:01,7.51,0.01,5,3755,买盘
51,09:34:04,7.5,-0.01,130,97500,卖盘
52,09:34:07,7.51,0.01,84,63083,买盘
53,09:34:10,7.5,-0.01,28,21018,卖盘
54,09:34:16,7.52,0.02,55,41360,买盘
55,09:34:28,7.52,0.0,10,7520,卖盘
56,09:34:31,7.52,0.0,27,20307,卖盘
57,09:34:34,7.52,0.0,7,5264,买盘
58,09:34:37,7.52,0.0,216,162621,买盘
59,09:34:40,7.52,0.0,8,6016,买盘
60,09:34:43,7.51,-0.01,22,16526,卖盘
61,09:34:46,7.52,0.01,23,17278,买盘
62,09:34:49,7.52,0.0,12,9019,买盘
63,09:34:55,7.52,0.0,16,12042,卖盘
64,09:35:04,7.53,0.01,238,179214,买盘
65,09:35:07,7.52,-0.01,269,202288,卖盘
66,09:35:10,7.52,0.0,17,12784,买盘
67,09:35:13,7.53,0.01,22,16566,买盘
68,09:35:16,7.52,-0.01,3,2256,卖盘
69,09:35:19,7.53,0.01,126,95058,买盘
70,09:35:22,7.52,-0.01,75,56450,卖盘
71,09:35:52,7.53,0.01,50,37629,卖盘
72,09:35:55,7.53,0.0,5,3765,卖盘
73,09:36:04,7.52,-0.01,169,127088,卖盘
74,09:36:16,7.54,0.02,131,98731,买盘
75,09:36:28,7.53,-0.01,6,4518,卖盘
76,09:36:34,7.54,0.01,5,3770,买盘
77,09:36:40,7.53,-0.01,13,9789,卖盘
78,09:36:43,7.53,0.0,5,3765,卖盘
79,09:36:46,7.53,0.0,21,15831,卖盘
80,09:36:52,7.54,0.01,12,9048,买盘
81,09:36:55,7.53,-0.01,4,3012,卖盘
82,09:36:58,7.53,0.0,5,3765,卖盘
83,09:37:01,7.54,0.01,56,42204,买盘
84,09:37:04,7.53,-0.01,9,6777,卖盘
85,09:37:07,7.53,0.0,17,12786,买盘
86,09:37:16,7.53,0.0,19,14297,买盘
87,09:37:19,7.53,0.0,22,16566,卖盘
88,09:37:28,7.52,-0.01,24,18058,卖盘
89,09:37:31,7.53,0.01,83,62499,买盘
90,09:37:34,7.53,0.0,7,5271,卖盘
91,09:37:37,7.52,-0.01,54,40619,卖盘
92,09:37:46,7.54,0.02,27,20312,买盘
93,09:37:52,7.53,-0.01,14,10543,买盘
94,09:37:55,7.53,0.0,175,131775,卖盘
95,09:38:01,7.53,0.0,9,6777,卖盘
96,09:38:04,7.53,0.0,90,67770,卖盘
97,09:38:07,7.52,-0.01,66,49655,卖盘
98,09:38:16,7.53,0.01,350,262785,买盘
99,09:38:43,7.52,-0.01,10,7520,卖盘
100,09:38:52,7.5,-0.02,21,15756,卖盘
101,09:38:58,7.5,0.0,68,51000,卖盘
102,09:39:01,7.51,0.01,10,7510,买盘
103,09:39:16,7.51,0.0,13,9763,买盘
104,09:39:19,7.51,0.0,7,5257,买盘
105,09:39:22,7.51,0.0,2,1502,卖盘
106,09:39:28,7.5,-0.01,54,40514,卖盘
107,09:39:37,7.52,0.02,24,18043,买盘
108,09:39:46,7.5,-0.02,20,15000,卖盘
109,09:40:10,7.5,0.0,106,79500,卖盘
110,09:40:19,7.5,0.0,2,1500,买盘
111,09:40:28,7.5,0.0,153,114629,买盘
112,09:40:31,7.52,0.02,17,12784,买盘
113,09:40:37,7.48,-0.04,300,224551,卖盘
114,09:40:43,7.5,0.02,36,27030,卖盘
115,09:40:49,7.5,0.0,8,6000,卖盘
116,09:40:52,7.52,0.02,5,3760,买盘
117,09:40:55,7.52,0.0,7,5264,卖盘
118,09:40:58,7.5,-0.02,123,92250,卖盘
119,09:41:04,7.48,-0.02,166,124316,卖盘
120,09:41:19,7.5,0.02,6,4500,卖盘
121,09:41:25,7.49,-0.01,75,56249,卖盘
122,09:41:28,7.5,0.01,5,3750,买盘
123,09:41:31,7.51,0.01,62,46533,买盘
124,09:41:37,7.51,0.0,20,15020,卖盘
125,09:41:52,7.51,0.0,10,7510,卖盘
126,09:41:58,7.51,0.0,36,27036,卖盘
127,09:42:01,7.5,-0.01,23,17250,买盘
128,09:42:04,7.5,0.0,110,82500,买盘
129,09:42:07,7.49,-0.01,74,55435,卖盘
130,09:42:10,7.5,0.01,10,7500,买盘
131,09:42:13,7.5,0.0,105,78750,买盘
132,09:42:16,7.5,0.0,7,5250,买盘
133,09:42:28,7.5,0.0,24,18000,卖盘
134,09:42:31,7.51,0.01,10,7510,买盘
135,09:42:34,7.5,-0.01,97,72900,卖盘
136,09:42:37,7.51,0.01,60,45060,买盘
137,09:42:40,7.5,-0.01,50,37549,卖盘
138,09:42:46,7.52,0.02,15,11280,买盘
139,09:42:52,7.5,-0.02,30,22500,卖盘
140,09:43:07,7.51,0.01,20,15020,卖盘
141,09:43:10,7.51,0.0,2,1502,卖盘
142,09:43:43,7.51,0.0,25,18775,卖盘
143,09:43:49,7.52,0.01,29,21808,买盘
144,09:44:01,7.52,0.0,12,9024,买盘
145,09:44:04,7.52,0.0,13,9764,买盘
146,09:44:07,7.51,-0.01,29,21779,卖盘
147,09:44:22,7.52,0.01,4,3008,买盘
148,09:44:25,7.52,0.0,1,752,买盘
149,09:44:31,7.51,-0.01,147,110397,卖盘
150,09:44:34,7.52,0.01,10,7520,买盘
151,09:44:40,7.51,-0.01,17,12770,卖盘
152,09:44:46,7.51,0.0,95,71393,卖盘
153,09:44:52,7.5,-0.01,72,54000,卖盘
154,09:45:04,7.5,0.0,111,83250,卖盘
155,09:45:13,7.5,0.0,10,7500,卖盘
156,09:45:22,7.51,0.01,40,30010,买盘
157,09:45:31,7.5,-0.01,1,750,卖盘
158,09:45:37,7.51,0.01,2,1502,买盘
159,09:45:40,7.5,-0.01,30,22500,卖盘
160,09:45:43,7.51,0.01,29,21779,买盘
161,09:45:46,7.51,0.0,40,30040,买盘
162,09:46:01,7.51,0.0,9,6759,卖盘
163,09:46:04,7.51,0.0,35,26285,卖盘
164,09:46:10,7.51,0.0,2,1502,卖盘
165,09:46:13,7.51,0.0,19,14269,卖盘
166,09:46:19,7.51,0.0,1,751,买盘
167,09:46:28,7.5,-0.01,12,9009,卖盘
168,09:46:34,7.51,0.01,5,3755,卖盘
169,09:46:49,7.5,-0.01,100,75000,卖盘
170,09:47:16,7.5,0.0,2,1500,卖盘
171,09:47:37,7.51,0.01,44,33044,买盘
172,09:47:55,7.51,0.0,37,27787,卖盘
173,09:47:58,7.51,0.0,51,38301,卖盘
174,09:48:01,7.51,0.0,10,7510,买盘
175,09:48:07,7.51,0.0,4,3004,买盘
176,09:48:10,7.51,0.0,49,36799,买盘
177,09:48:19,7.5,-0.01,2,1500,卖盘
178,09:48:25,7.51,0.01,2,1502,买盘
179,09:48:28,7.51,0.0,35,26285,买盘
180,09:48:46,7.51,0.0,5,3755,买盘
181,09:48:49,7.51,0.0,21,15771,买盘
182,09:48:52,7.51,0.0,3,2253,买盘
183,09:48:55,7.5,-0.01,20,15000,卖盘
184,09:49:04,7.51,0.01,4,3004,买盘
185,09:49:13,7.51,0.0,1,751,买盘
186,09:49:16,7.5,-0.01,9,6750,卖盘
187,09:49:22,7.51,0.01,10,7510,买盘
188,09:49:25,7.51,0.0,162,121592,买盘
189,09:49:46,7.51,0.0,23,17273,卖盘
190,09:49:49,7.51,0.0,2,1502,卖盘
191,09:49:52,7.52,0.01,30,22560,买盘
192,09:49:55,7.52,0.0,16,12026,买盘
193,09:49:58,7.51,-0.01,31,23281,卖盘
194,09:50:13,7.52,0.01,3,2256,买盘
195,09:50:34,7.53,0.01,34,25602,买盘
196,09:50:46,7.53,0.0,5,3765,买盘
197,09:50:52,7.53,0.0,10,7530,买盘
198,09:50:55,7.53,0.0,12,9036,买盘
199,09:50:58,7.53,0.0,3,2259,买盘
200,09:51:01,7.53,0.0,15,11295,买盘
201,09:51:07,7.53,0.0,15,11295,买盘
202,09:51:10,7.53,0.0,11,8283,买盘
203,09:51:22,7.53,0.0,101,76053,买盘
204,09:51:25,7.51,-0.02,200,150233,卖盘
205,09:51:28,7.53,0.02,10,7530,买盘
206,09:52:04,7.53,0.0,20,15060,买盘
207,09:52:13,7.53,0.0,42,31626,买盘
208,09:52:34,7.53,0.0,37,27861,买盘
209,09:52:46,7.54,0.01,53,39912,买盘
210,09:52:49,7.53,-0.01,13,9789,卖盘
211,09:53:07,7.53,0.0,80,60270,卖盘
212,09:53:16,7.53,0.0,46,34638,买盘
213,09:53:22,7.53,0.0,10,7530,买盘
214,09:53:34,7.52,-0.01,2,1504,卖盘
215,09:53:40,7.52,0.0,16,12032,卖盘
216,09:53:49,7.52,0.0,8,6016,卖盘
217,09:53:55,7.53,0.01,5,3765,买盘
218,09:53:58,7.52,-0.01,29,21808,卖盘
219,09:54:13,7.53,0.01,8,6024,买盘
220,09:54:25,7.52,-0.01,55,41360,卖盘
221,09:54:28,7.52,0.0,1,752,买盘
222,09:54:46,7.51,-0.01,12,9012,卖盘
223,09:55:07,7.51,0.0,40,30040,卖盘
224,09:55:13,7.5,-0.01,113,84796,卖盘
225,09:55:19,7.5,0.0,30,22500,卖盘
226,09:55:25,7.5,0.0,63,47250,卖盘
227,09:55:40,7.5,0.0,20,15000,卖盘
228,09:55:43,7.5,0.0,10,7500,卖盘
229,09:55:46,7.5,0.0,39,29250,卖盘
230,09:55:49,7.5,0.0,8,6000,卖盘
231,09:56:13,7.5,0.0,10,7500,卖盘
232,09:56:31,7.5,0.0,5,3750,卖盘
233,09:56:43,7.53,0.03,98,73784,买盘
234,09:57:22,7.51,-0.02,15,11265,卖盘
235,09:58:04,7.52,0.01,1,752,卖盘
236,09:58:22,7.51,-0.01,59,44309,卖盘
237,09:58:28,7.52,0.01,1,752,买盘
238,09:58:46,7.52,0.0,3,2256,卖盘
239,09:59:07,7.5,-0.02,138,103591,卖盘
240,09:59:46,7.5,0.0,10,7500,卖盘
241,10:00:04,7.5,0.0,7,5258,卖盘
242,10:00:13,7.5,0.0,269,201720,卖盘
243,10:00:16,7.5,0.0,10,7500,买盘
244,10:00:25,7.49,-0.01,5,3745,卖盘
245,10:00:49,7.49,0.0,41,30709,卖盘
246,10:00:55,7.49,0.0,42,31458,卖盘
247,10:01:07,7.49,0.0,1,749,卖盘
248,10:01:10,7.49,0.0,5,3745,卖盘
249,10:01:19,7.49,0.0,5,3745,卖盘
250,10:01:34,7.49,0.0,9,6741,卖盘
251,10:01:37,7.49,0.0,13,9737,卖盘
252,10:01:46,7.49,0.0,24,17976,卖盘
253,10:01:49,7.49,0.0,10,7490,卖盘
254,10:01:52,7.5,0.01,47,35250,买盘
255,10:01:55,7.49,-0.01,15,11235,卖盘
256,10:02:07,7.49,0.0,91,68159,卖盘
257,10:02:19,7.48,-0.01,6,4488,卖盘
258,10:02:31,7.48,0.0,100,74802,卖盘
259,10:02:40,7.47,-0.01,31,23157,卖盘
260,10:02:43,7.47,0.0,14,10458,卖盘
261,10:02:46,7.48,0.01,10,7480,买盘
262,10:02:49,7.47,-0.01,58,43326,卖盘
263,10:02:55,7.47,0.0,3,2241,买盘
264,10:03:05,7.46,-0.01,36,26856,卖盘
265,10:03:07,7.47,0.01,111,82880,买盘
266,10:03:10,7.46,-0.01,30,22385,卖盘
267,10:03:13,7.46,0.0,5,3730,卖盘
268,10:03:22,7.47,0.01,20,14940,买盘
269,10:03:25,7.46,-0.01,9,6714,卖盘
270,10:03:28,7.47,0.01,3,2241,买盘
271,10:03:31,7.46,-0.01,153,114141,卖盘
272,10:03:34,7.46,0.0,76,56699,卖盘
273,10:03:37,7.47,0.01,3,2241,买盘
274,10:03:46,7.46,-0.01,100,74600,卖盘
275,10:03:49,7.47,0.01,4,2988,买盘
276,10:03:52,7.47,0.0,57,42579,买盘
277,10:03:55,7.47,0.0,6,4482,卖盘
278,10:04:01,7.47,0.0,8,5976,卖盘
279,10:04:04,7.47,0.0,13,9711,卖盘
280,10:04:07,7.46,-0.01,5,3730,卖盘
281,10:04:16,7.47,0.01,2,1494,买盘
282,10:04:19,7.46,-0.01,85,63415,卖盘
283,10:04:28,7.46,0.0,5,3730,卖盘
284,10:04:34,7.47,0.01,35,26145,买盘
285,10:05:07,7.47,0.0,6,4484,卖盘
286,10:05:13,7.47,0.0,68,50796,卖盘
287,10:05:31,7.47,0.0,28,20916,买盘
288,10:05:34,7.47,0.0,37,27639,卖盘
289,10:05:37,7.47,0.0,30,22410,卖盘
290,10:05:49,7.48,0.01,10,7480,买盘
291,10:06:04,7.48,0.0,77,57596,卖盘
292,10:06:10,7.49,0.01,1,749,买盘
293,10:06:16,7.49,0.0,3,2247,买盘
294,10:06:25,7.49,0.0,5,3745,买盘
295,10:06:28,7.49,0.0,2,1498,买盘
296,10:06:46,7.49,0.0,16,11984,卖盘
297,10:06:49,7.49,0.0,59,44191,卖盘
298,10:06:52,7.49,0.0,17,12733,买盘
299,10:06:58,7.49,0.0,49,36701,买盘
300,10:07:16,7.49,0.0,50,37450,卖盘
301,10:07:19,7.49,0.0,50,37450,卖盘
302,10:07:31,7.5,0.01,31,23250,买盘
303,10:07:40,7.49,-0.01,108,80892,卖盘
304,10:07:43,7.49,0.0,5,3745,买盘
305,10:07:46,7.49,0.0,27,20223,买盘
306,10:08:43,7.49,0.0,37,27713,卖盘
307,10:08:52,7.49,0.0,1,749,卖盘
308,10:08:55,7.49,0.0,3,2247,买盘
309,10:08:58,7.48,-0.01,118,88264,卖盘
310,10:09:19,7.48,0.0,12,8976,卖盘
311,10:09:21,7.49,0.01,2,1498,买盘
312,10:09:25,7.48,-0.01,28,20944,卖盘
313,10:09:28,7.48,0.0,45,33660,卖盘
314,10:09:43,7.47,-0.01,77,57519,卖盘
315,10:09:46,7.47,0.0,18,13446,卖盘
316,10:09:58,7.48,0.01,11,8223,买盘
317,10:10:19,7.48,0.0,10,7480,买盘
318,10:10:40,7.47,-0.01,48,35856,卖盘
319,10:10:43,7.47,0.0,20,14940,卖盘
320,10:10:55,7.47,0.0,58,43326,卖盘
321,10:10:58,7.47,0.0,3,2241,卖盘
322,10:11:01,7.47,0.0,43,32121,卖盘
323,10:11:10,7.47,0.0,37,27639,卖盘
324,10:11:22,7.46,-0.01,500,373000,卖盘
325,10:11:25,7.46,0.0,5,3730,卖盘
326,10:11:31,7.45,-0.01,53,39491,卖盘
327,10:11:46,7.45,0.0,66,49170,卖盘
328,10:11:49,7.45,0.0,196,146020,卖盘
329,10:11:52,7.45,0.0,10,7450,卖盘
330,10:12:01,7.45,0.0,40,29810,卖盘
331,10:12:04,7.43,-0.02,27,20068,卖盘
332,10:12:22,7.43,0.0,7,5202,卖盘
333,10:12:28,7.43,0.0,10,7430,卖盘
334,10:12:31,7.43,0.0,42,31206,卖盘
335,10:12:37,7.43,0.0,2,1486,买盘
336,10:12:40,7.43,0.0,29,21547,买盘
337,10:12:43,7.42,-0.01,96,71274,卖盘
338,10:12:46,7.44,0.02,45,33402,买盘
339,10:12:49,7.42,-0.02,43,31906,卖盘
340,10:12:52,7.42,0.0,7,5194,买盘
341,10:12:55,7.42,0.0,14,10388,买盘
342,10:12:58,7.42,0.0,3,2226,买盘
343,10:13:01,7.41,-0.01,20,14826,卖盘
344,10:13:04,7.42,0.01,6,4452,买盘
345,10:13:07,7.42,0.0,9,6678,买盘
346,10:13:10,7.42,0.0,3,2226,买盘
347,10:13:13,7.42,0.0,9,6678,买盘
348,10:13:16,7.42,0.0,13,9646,卖盘
349,10:13:19,7.43,0.01,5,3715,买盘
350,10:13:22,7.43,0.0,3,2229,买盘
351,10:13:25,7.42,-0.01,124,92010,卖盘
352,10:13:28,7.43,0.01,14,10389,买盘
353,10:13:31,7.44,0.01,28,20824,买盘
354,10:13:36,7.43,-0.01,204,151244,卖盘
355,10:13:40,7.44,0.01,36,26778,买盘
356,10:13:43,7.43,-0.01,10,7430,中性盘
357,10:13:46,7.44,0.01,100,74370,买盘
358,10:13:52,7.43,-0.01,2,1486,卖盘
359,10:14:01,7.42,-0.01,20,14848,卖盘
360,10:14:04,7.44,0.02,17,12648,买盘
361,10:14:19,7.42,-0.02,28,20789,卖盘
362,10:14:28,7.44,0.02,3,2232,买盘
363,10:14:43,7.44,0.0,9,6696,卖盘
364,10:14:49,7.44,0.0,8,5952,卖盘
365,10:15:04,7.43,-0.01,9,6687,卖盘
366,10:15:07,7.44,0.01,35,26040,买盘
367,10:15:10,7.43,-0.01,103,76579,卖盘
368,10:15:19,7.43,0.0,84,62432,卖盘
369,10:15:22,7.43,0.0,44,32699,卖盘
370,10:15:25,7.43,0.0,8,5944,买盘
371,10:15:28,7.43,0.0,34,25262,卖盘
372,10:15:31,7.43,0.0,75,55725,买盘
373,10:15:46,7.45,0.02,45,33525,买盘
374,10:16:01,7.45,0.0,3,2235,买盘
375,10:16:04,7.45,0.0,44,32780,买盘
376,10:16:10,7.44,-0.01,26,19344,卖盘
377,10:16:13,7.44,0.0,50,37200,卖盘
378,10:16:16,7.45,0.01,65,48425,买盘
379,10:16:22,7.45,0.0,10,7450,买盘
380,10:16:25,7.44,-0.01,4,2977,卖盘
381,10:16:28,7.45,0.01,35,26050,买盘
382,10:16:37,7.45,0.0,22,16390,买盘
383,10:16:40,7.44,-0.01,25,18601,卖盘
384,10:16:43,7.45,0.01,7,5215,卖盘
385,10:16:52,7.45,0.0,40,29800,卖盘
386,10:16:55,7.46,0.01,1,746,买盘
387,10:17:01,7.46,0.0,5,3730,买盘
388,10:17:04,7.44,-0.02,190,141500,卖盘
389,10:17:10,7.46,0.02,50,37300,买盘
390,10:17:13,7.45,-0.01,13,9685,卖盘
391,10:17:19,7.45,0.0,20,14900,卖盘
392,10:17:25,7.46,0.01,69,51474,买盘
393,10:17:31,7.45,-0.01,7,5220,卖盘
394,10:17:49,7.46,0.01,2,1492,卖盘
395,10:18:01,7.47,0.01,33,24651,买盘
396,10:18:04,7.47,0.0,11,8217,买盘
397,10:18:07,7.46,-0.01,76,56696,卖盘
398,10:18:10,7.47,0.01,16,11952,买盘
399,10:18:28,7.48,0.01,20,14960,买盘
400,10:18:31,7.48,0.0,31,23188,买盘
401,10:18:34,7.48,0.0,90,67320,买盘
402,10:18:43,7.48,0.0,20,14960,买盘
403,10:18:46,7.48,0.0,29,21692,买盘
404,10:18:49,7.47,-0.01,61,45568,卖盘
405,10:19:04,7.48,0.01,15,11220,卖盘
406,10:19:10,7.49,0.01,40,29960,买盘
407,10:19:16,7.49,0.0,8,5991,买盘
408,10:19:22,7.49,0.0,6,4494,卖盘
409,10:19:37,7.5,0.01,41,30750,买盘
410,10:19:46,7.49,-0.01,40,29960,卖盘
411,10:20:22,7.49,0.0,10,7490,卖盘
412,10:20:43,7.5,0.01,10,7500,买盘
413,10:22:34,7.49,-0.01,100,74900,卖盘
414,10:22:40,7.5,0.01,5,3750,买盘
415,10:22:55,7.5,0.0,20,15000,买盘
416,10:23:01,7.49,-0.01,8,5992,卖盘
417,10:23:49,7.49,0.0,11,8239,卖盘
418,10:24:13,7.49,0.0,13,9737,卖盘
419,10:25:01,7.49,0.0,178,133322,买盘
420,10:25:12,7.49,0.0,13,9737,买盘
421,10:25:31,7.49,0.0,9,6741,买盘
422,10:26:40,7.5,0.01,31,23250,买盘
423,10:26:49,7.5,0.0,23,17250,买盘
424,10:27:28,7.49,-0.01,30,22470,卖盘
425,10:27:31,7.5,0.01,2,1500,买盘
426,10:27:43,7.5,0.0,23,17250,买盘
427,10:27:52,7.5,0.0,142,106500,买盘
428,10:28:07,7.5,0.0,3,2130,买盘
429,10:28:22,7.51,0.01,2,1502,买盘
430,10:28:34,7.51,0.0,22,16522,买盘
431,10:28:43,7.51,0.0,10,7510,卖盘
432,10:28:49,7.51,0.0,35,26285,卖盘
433,10:29:36,7.51,0.0,21,15771,买盘
434,10:29:43,7.51,0.0,8,6008,买盘
435,10:29:52,7.51,0.0,2,1502,买盘
436,10:30:07,7.51,0.0,12,9010,买盘
437,10:30:16,7.51,0.0,10,7510,买盘
438,10:30:25,7.51,0.0,14,10514,买盘
439,10:30:28,7.51,0.0,10,7510,买盘
440,10:30:31,7.5,-0.01,5,3750,卖盘
441,10:30:40,7.5,0.0,147,110370,卖盘
442,10:30:43,7.51,0.01,20,15007,买盘
443,10:31:10,7.5,-0.01,11,8250,卖盘
444,10:31:13,7.51,0.01,100,75100,买盘
445,10:31:21,7.51,0.0,4,3004,买盘
446,10:31:31,7.5,-0.01,20,15000,卖盘
447,10:31:48,7.51,0.01,33,24753,买盘
448,10:31:51,7.5,-0.01,20,15000,卖盘
449,10:32:10,7.51,0.01,21,15771,买盘
450,10:32:43,7.51,0.0,90,67470,买盘
451,10:33:55,7.51,0.0,61,45811,卖盘
452,10:34:04,7.51,0.0,13,9763,卖盘
453,10:34:22,7.51,0.0,132,99252,卖盘
454,10:35:04,7.51,0.0,2,1502,买盘
455,10:35:40,7.51,0.0,66,49446,买盘
456,10:35:58,7.51,0.0,3,2253,卖盘
457,10:36:10,7.51,0.0,7,5257,卖盘
458,10:36:37,7.51,0.0,1,751,卖盘
459,10:36:40,7.51,0.0,36,27156,卖盘
460,10:36:43,7.51,0.0,14,10394,买盘
461,10:37:34,7.51,0.0,5,3755,卖盘
462,10:37:43,7.52,0.01,4,3008,买盘
463,10:37:46,7.51,-0.01,21,15891,卖盘
464,10:37:57,7.51,0.0,5,3755,买盘
465,10:38:04,7.51,0.0,27,20157,买盘
466,10:38:13,7.51,0.0,50,37550,卖盘
467,10:38:19,7.51,0.0,3,2373,卖盘
468,10:38:37,7.5,-0.01,63,47250,卖盘
469,10:39:10,7.5,0.0,22,16500,卖盘
470,10:39:13,7.49,-0.01,39,29237,卖盘
471,10:39:58,7.49,0.0,1,749,卖盘
472,10:40:40,7.49,0.0,10,7490,卖盘
473,10:40:43,7.49,0.0,143,107017,卖盘
474,10:40:52,7.49,0.0,55,41315,卖盘
475,10:41:07,7.49,0.0,7,5243,买盘
476,10:41:25,7.49,0.0,40,29960,买盘
477,10:41:31,7.49,0.0,12,8868,买盘
478,10:41:40,7.49,0.0,4,2996,卖盘
479,10:42:04,7.49,0.0,16,11954,卖盘
480,10:42:13,7.49,0.0,41,30709,卖盘
481,10:42:25,7.5,0.01,11,8250,买盘
482,10:42:31,7.5,0.0,6,4500,买盘
483,10:43:01,7.5,0.0,25,18750,买盘
484,10:43:21,7.5,0.0,22,16500,买盘
485,10:43:36,7.49,-0.01,16,11984,卖盘
486,10:43:39,7.5,0.01,33,24750,买盘
487,10:43:46,7.5,0.0,21,15750,买盘
488,10:43:52,7.5,0.0,21,15750,买盘
489,10:45:04,7.49,-0.01,10,7490,卖盘
490,10:45:16,7.49,0.0,4,2996,卖盘
491,10:45:34,7.5,0.01,38,28500,买盘
492,10:45:58,7.5,0.0,1,750,卖盘
493,10:46:07,7.5,0.0,10,7500,卖盘
494,10:46:13,7.5,0.0,20,15000,卖盘
495,10:47:10,7.5,0.0,2,1500,卖盘
496,10:47:16,7.5,0.0,40,30000,卖盘
497,10:47:25,7.51,0.01,5,3755,买盘
498,10:47:28,7.5,-0.01,7,5250,卖盘
499,10:47:58,7.49,-0.01,17,12733,卖盘
500,10:48:13,7.49,0.0,13,9737,卖盘
501,10:48:19,7.49,0.0,16,11984,卖盘
502,10:48:31,7.5,0.01,10,7500,买盘
503,10:49:18,7.5,0.0,10,7500,买盘
504,10:49:31,7.5,0.0,15,11250,买盘
505,10:49:37,7.5,0.0,10,7500,买盘
506,10:49:49,7.49,-0.01,100,74954,卖盘
507,10:50:22,7.49,0.0,16,11984,卖盘
508,10:50:51,7.48,-0.01,85,63622,卖盘
509,10:51:34,7.49,0.01,7,5243,卖盘
510,10:51:55,7.49,0.0,1,749,买盘
511,10:52:24,7.49,0.0,1,749,卖盘
512,10:52:54,7.49,0.0,18,13482,卖盘
513,10:53:07,7.51,0.02,146,109546,买盘
514,10:53:58,7.51,0.0,36,27036,买盘
515,10:54:04,7.51,0.0,21,15771,买盘
516,10:54:22,7.51,0.0,20,15020,买盘
517,10:54:37,7.52,0.01,116,87232,买盘
518,10:54:51,7.52,0.0,10,7520,买盘
519,10:54:54,7.52,0.0,2,1654,买盘
520,10:55:04,7.52,0.0,1,602,买盘
521,10:55:07,7.52,0.0,7,5264,买盘
522,10:55:34,7.52,0.0,20,15040,买盘
523,10:55:37,7.51,-0.01,26,19526,卖盘
524,10:56:07,7.52,0.01,10,7520,买盘
525,10:56:13,7.52,0.0,15,11280,买盘
526,10:56:43,7.52,0.0,10,7520,买盘
527,10:56:52,7.52,0.0,4,3008,买盘
528,10:56:58,7.52,0.0,5,3760,买盘
529,10:57:04,7.52,0.0,30,22560,买盘
530,10:57:10,7.52,0.0,18,13686,买盘
531,10:57:34,7.51,-0.01,53,39849,卖盘
532,10:57:57,7.53,0.02,5,3765,买盘
533,10:58:04,7.51,-0.02,110,82810,卖盘
534,10:58:19,7.53,0.02,50,37650,买盘
535,10:58:34,7.53,0.0,15,11295,买盘
536,10:59:07,7.53,0.0,10,7530,买盘
537,10:59:22,7.53,0.0,40,30120,买盘
538,10:59:28,7.53,0.0,96,72288,买盘
539,10:59:52,7.54,0.01,70,52730,买盘
540,11:00:28,7.54,0.0,2,1508,买盘
541,11:00:43,7.54,0.0,106,79924,买盘
542,11:01:13,7.54,0.0,32,24128,卖盘
543,11:01:25,7.54,0.0,2,1508,买盘
544,11:01:34,7.54,0.0,14,10556,卖盘
545,11:02:33,7.53,-0.01,10,7530,卖盘
546,11:03:34,7.53,0.0,121,91113,卖盘
547,11:04:13,7.53,0.0,157,118221,卖盘
548,11:04:46,7.53,0.0,30,22590,卖盘
549,11:05:04,7.53,0.0,21,15813,卖盘
550,11:05:13,7.53,0.0,10,7530,卖盘
551,11:05:43,7.53,0.0,20,15060,卖盘
552,11:05:49,7.54,0.01,74,55796,买盘
553,11:06:10,7.54,0.0,5,3770,买盘
554,11:06:37,7.53,-0.01,12,9036,卖盘
555,11:07:16,7.53,0.0,50,37650,卖盘
556,11:07:52,7.53,0.0,20,15060,卖盘
557,11:08:13,7.53,0.0,14,10542,卖盘
558,11:08:22,7.53,0.0,3,2259,卖盘
559,11:08:25,7.53,0.0,32,24096,卖盘
560,11:09:28,7.53,0.0,5,3765,买盘
561,11:09:51,7.52,-0.01,10,7520,卖盘
562,11:10:04,7.52,0.0,200,150400,卖盘
563,11:10:13,7.52,0.0,37,27824,卖盘
564,11:11:04,7.52,0.0,10,7520,买盘
565,11:11:13,7.51,-0.01,1,751,卖盘
566,11:11:39,7.51,0.0,10,7510,卖盘
567,11:12:09,7.51,0.0,74,55574,卖盘
568,11:12:19,7.52,0.01,5,3760,买盘
569,11:13:28,7.52,0.0,3,2256,买盘
570,11:13:46,7.52,0.0,18,13536,买盘
571,11:14:28,7.52,0.0,100,75200,买盘
572,11:14:45,7.51,-0.01,59,44309,卖盘
573,11:15:01,7.51,0.0,10,7510,卖盘
574,11:15:40,7.52,0.01,2,1504,买盘
575,11:16:07,7.51,-0.01,5,3755,卖盘
576,11:16:25,7.52,0.01,10,7520,买盘
577,11:16:43,7.52,0.0,20,15040,买盘
578,11:16:46,7.51,-0.01,18,13518,卖盘
579,11:17:43,7.51,0.0,5,3755,卖盘
580,11:18:43,7.52,0.01,16,12032,买盘
581,11:18:52,7.51,-0.01,50,37550,卖盘
582,11:19:09,7.52,0.01,87,65424,买盘
583,11:19:46,7.52,0.0,7,5264,买盘
584,11:19:58,7.52,0.0,4,3008,买盘
585,11:20:40,7.52,0.0,42,31584,卖盘
586,11:20:43,7.52,0.0,27,20304,买盘
587,11:20:46,7.52,0.0,1,752,买盘
588,11:21:22,7.53,0.01,1,753,买盘
589,11:22:13,7.53,0.0,9,6777,买盘
590,11:22:34,7.53,0.0,20,15060,卖盘
591,11:22:43,7.55,0.02,75,56572,买盘
592,11:23:22,7.55,0.0,50,37750,买盘
593,11:23:43,7.55,0.0,97,73235,买盘
594,11:23:55,7.54,-0.01,25,18850,卖盘
595,11:24:09,7.54,0.0,1,754,卖盘
596,11:24:58,7.55,0.01,3,2265,买盘
597,11:25:16,7.54,-0.01,6,4524,卖盘
598,11:25:55,7.55,0.01,2,1510,买盘
599,11:26:19,7.54,-0.01,2,1508,卖盘
600,11:26:43,7.54,0.0,10,7540,卖盘
601,11:27:55,7.54,0.0,20,15080,卖盘
602,11:28:34,7.55,0.01,5,3775,买盘
603,11:28:48,7.55,0.0,9,6795,买盘
604,11:29:19,7.55,0.0,100,75500,买盘
605,11:29:25,7.55,0.0,3,2265,买盘
606,11:29:49,7.55,0.0,13,9815,买盘
607,11:29:52,7.55,0.0,3,2265,买盘
608,11:29:58,7.54,-0.01,10,7540,卖盘
609,13:00:07,7.54,0.0,158,119238,卖盘
610,13:00:10,7.54,0.0,4,3016,卖盘
611,13:00:40,7.55,0.01,19,14345,买盘
612,13:00:49,7.55,0.0,3,2265,卖盘
613,13:00:58,7.56,0.01,12,9070,买盘
614,13:02:07,7.56,0.0,400,302400,买盘
615,13:02:10,7.55,-0.01,3,2265,卖盘
616,13:02:13,7.55,0.0,23,17365,卖盘
617,13:02:16,7.56,0.01,39,29464,买盘
618,13:02:25,7.56,0.0,9,6804,买盘
619,13:04:04,7.54,-0.02,37,27898,卖盘
620,13:05:06,7.54,0.0,24,18096,卖盘
621,13:05:43,7.53,-0.01,105,79065,卖盘
622,13:06:18,7.53,0.0,5,3765,买盘
623,13:06:22,7.52,-0.01,50,37600,卖盘
624,13:06:54,7.52,0.0,40,30080,卖盘
625,13:07:10,7.52,0.0,40,30080,卖盘
626,13:07:25,7.52,0.0,100,75200,卖盘
627,13:07:37,7.52,0.0,42,31584,卖盘
628,13:07:40,7.52,0.0,25,18800,卖盘
629,13:07:48,7.52,0.0,6,4512,卖盘
630,13:09:04,7.51,-0.01,1,751,卖盘
631,13:09:16,7.51,0.0,36,27036,卖盘
632,13:09:40,7.51,0.0,68,51068,卖盘
633,13:10:10,7.5,-0.01,50,37500,卖盘
634,13:10:28,7.5,0.0,4,3000,卖盘
635,13:10:58,7.5,0.0,170,127500,卖盘
636,13:11:13,7.5,0.0,10,7500,卖盘
637,13:11:19,7.5,0.0,50,37500,卖盘
638,13:11:40,7.49,-0.01,4,2996,卖盘
639,13:12:16,7.49,0.0,79,59171,卖盘
640,13:12:28,7.48,-0.01,22,16456,卖盘
641,13:12:37,7.48,0.0,10,7480,卖盘
642,13:12:40,7.49,0.01,11,8236,买盘
643,13:12:55,7.49,0.0,36,26964,卖盘
644,13:13:12,7.48,-0.01,5,3740,卖盘
645,13:13:31,7.48,0.0,11,8228,卖盘
646,13:13:51,7.48,0.0,50,37400,卖盘
647,13:13:58,7.49,0.01,4,2996,买盘
648,13:14:04,7.48,-0.01,46,34408,卖盘
649,13:15:04,7.48,0.0,205,153345,卖盘
650,13:15:13,7.49,0.01,8,5992,买盘
651,13:15:16,7.48,-0.01,53,39644,卖盘
652,13:15:19,7.49,0.01,4,2996,买盘
653,13:15:25,7.48,-0.01,191,143018,卖盘
654,13:15:46,7.48,0.0,5,3740,买盘
655,13:15:57,7.48,0.0,3,2244,买盘
656,13:16:07,7.48,0.0,25,18700,买盘
657,13:16:10,7.48,0.0,13,9724,买盘
658,13:16:13,7.47,-0.01,123,91881,卖盘
659,13:16:40,7.47,0.0,120,89640,卖盘
660,13:16:49,7.47,0.0,36,26892,卖盘
661,13:17:09,7.46,-0.01,10,7460,卖盘
662,13:17:34,7.46,0.0,26,19396,卖盘
663,13:17:40,7.46,0.0,8,5968,卖盘
664,13:17:43,7.46,0.0,22,16412,卖盘
665,13:17:46,7.47,0.01,17,12699,买盘
666,13:18:19,7.47,0.0,3,2241,买盘
667,13:18:21,7.46,-0.01,13,9698,卖盘
668,13:18:25,7.47,0.01,23,17181,买盘
669,13:18:28,7.47,0.0,109,81423,买盘
670,13:18:40,7.46,-0.01,100,74674,卖盘
671,13:19:04,7.47,0.01,32,23904,卖盘
672,13:19:12,7.48,0.01,2,1496,买盘
673,13:19:16,7.47,-0.01,3,2241,卖盘
674,13:19:22,7.48,0.01,2,1496,买盘
675,13:19:25,7.47,-0.01,6,4482,卖盘
676,13:19:28,7.47,0.0,8,5976,买盘
677,13:19:31,7.48,0.01,10,7330,买盘
678,13:19:46,7.49,0.01,18,13482,买盘
679,13:20:07,7.5,0.01,71,53550,买盘
680,13:20:13,7.5,0.0,3,2250,卖盘
681,13:20:16,7.5,0.0,3,2250,卖盘
682,13:20:18,7.5,0.0,3,2250,卖盘
683,13:20:22,7.5,0.0,3,2250,卖盘
684,13:20:25,7.5,0.0,3,2250,卖盘
685,13:21:04,7.5,0.0,15,10950,卖盘
686,13:21:16,7.5,0.0,20,15000,买盘
687,13:21:31,7.5,0.0,30,22500,买盘
688,13:21:33,7.49,-0.01,1,749,卖盘
689,13:21:37,7.49,0.0,25,18725,卖盘
690,13:23:10,7.47,-0.02,254,189828,卖盘
691,13:23:31,7.47,0.0,29,21812,卖盘
692,13:23:39,7.47,0.0,3,2241,买盘
693,13:23:46,7.47,0.0,3,2241,买盘
694,13:23:49,7.47,0.0,10,7470,买盘
695,13:23:52,7.47,0.0,3,2241,买盘
696,13:24:10,7.46,-0.01,1,746,卖盘
697,13:24:12,7.47,0.01,2,1494,买盘
698,13:24:16,7.47,0.0,34,25398,买盘
699,13:24:18,7.47,0.0,35,26145,买盘
700,13:24:24,7.47,0.0,3,2241,买盘
701,13:24:31,7.47,0.0,5,3735,买盘
702,13:24:37,7.46,-0.01,30,22380,卖盘
703,13:24:46,7.46,0.0,23,17158,卖盘
704,13:25:21,7.46,0.0,58,43268,卖盘
705,13:25:37,7.47,0.01,20,14940,买盘
706,13:25:39,7.47,0.0,51,38097,买盘
707,13:25:49,7.47,0.0,31,23008,买盘
708,13:26:01,7.47,0.0,31,23157,卖盘
709,13:26:15,7.48,0.01,3,2244,买盘
710,13:26:19,7.48,0.0,3,2244,买盘
711,13:26:28,7.47,-0.01,2,1494,卖盘
712,13:26:46,7.48,0.01,4,2992,买盘
713,13:27:10,7.48,0.0,6,4488,卖盘
714,13:27:22,7.49,0.01,8,5992,买盘
715,13:27:37,7.49,0.0,26,19474,买盘
716,13:27:58,7.49,0.0,4,2996,卖盘
717,13:28:01,7.49,0.0,13,9737,买盘
718,13:28:49,7.49,0.0,4,2996,卖盘
719,13:28:52,7.5,0.01,20,15000,买盘
720,13:29:51,7.49,-0.01,42,31458,卖盘
721,13:30:40,7.49,0.0,8,5992,买盘
722,13:30:52,7.48,-0.01,56,41913,卖盘
723,13:32:24,7.48,0.0,1,748,卖盘
724,13:32:43,7.49,0.01,5,3745,买盘
725,13:33:01,7.48,-0.01,9,6732,卖盘
726,13:33:34,7.48,0.0,20,14960,卖盘
727,13:34:06,7.48,0.0,14,10472,卖盘
728,13:34:19,7.48,0.0,11,8228,卖盘
729,13:34:28,7.48,0.0,10,7480,卖盘
730,13:35:13,7.48,0.0,5,3740,卖盘
731,13:35:31,7.48,0.0,13,9724,卖盘
732,13:35:36,7.49,0.01,5,3745,买盘
733,13:35:40,7.49,0.0,2,1498,卖盘
734,13:35:49,7.48,-0.01,6,4488,卖盘
735,13:36:10,7.48,0.0,56,41888,卖盘
736,13:36:22,7.49,0.01,27,20223,买盘
737,13:36:28,7.48,-0.01,83,62157,卖盘
738,13:36:55,7.48,0.0,18,13464,买盘
739,13:37:13,7.48,0.0,72,53856,卖盘
740,13:37:22,7.47,-0.01,100,74700,卖盘
741,13:38:04,7.47,0.0,72,53933,卖盘
742,13:38:31,7.46,-0.01,6,4476,卖盘
743,13:38:55,7.47,0.01,5,3735,买盘
744,13:39:10,7.47,0.0,51,38097,买盘
745,13:39:13,7.46,-0.01,20,14920,卖盘
746,13:39:19,7.47,0.01,41,30627,买盘
747,13:40:04,7.47,0.0,30,22410,买盘
748,13:40:16,7.47,0.0,50,37350,买盘
749,13:40:19,7.47,0.0,30,22410,买盘
750,13:40:25,7.47,0.0,21,15687,买盘
751,13:40:31,7.47,0.0,44,32868,买盘
752,13:40:40,7.46,-0.01,4,2984,卖盘
753,13:40:46,7.47,0.01,31,23008,买盘
754,13:40:49,7.46,-0.01,30,22404,卖盘
755,13:40:58,7.47,0.01,10,7470,卖盘
756,13:41:09,7.47,0.0,36,26892,卖盘
757,13:41:19,7.47,0.0,46,34362,卖盘
758,13:41:28,7.47,0.0,5,3735,卖盘
759,13:41:55,7.47,0.0,6,4482,卖盘
760,13:43:19,7.47,0.0,55,41085,卖盘
761,13:43:25,7.47,0.0,1,747,卖盘
762,13:43:54,7.48,0.01,4,2992,买盘
763,13:44:01,7.47,-0.01,2,1494,卖盘
764,13:44:51,7.47,0.0,2,1494,卖盘
765,13:45:19,7.48,0.01,72,53856,买盘
766,13:45:40,7.49,0.01,13,9737,买盘
767,13:47:13,7.49,0.0,61,45689,卖盘
768,13:47:55,7.49,0.0,7,5243,卖盘
769,13:48:04,7.49,0.0,25,18725,卖盘
770,13:48:16,7.53,0.04,382,287198,买盘
771,13:48:18,7.49,-0.04,110,82521,卖盘
772,13:50:45,7.5,0.01,16,12000,卖盘
773,13:51:09,7.5,0.0,13,9750,买盘
774,13:51:16,7.5,0.0,20,15000,买盘
775,13:51:33,7.5,0.0,12,9000,买盘
776,13:51:40,7.5,0.0,175,131250,买盘
777,13:52:10,7.52,0.02,10,7520,买盘
778,13:53:52,7.5,-0.02,7,5255,卖盘
779,13:54:10,7.5,0.0,11,8250,卖盘
780,13:55:13,7.5,0.0,8,6000,卖盘
781,13:55:28,7.5,0.0,29,21750,卖盘
782,13:55:55,7.5,0.0,40,30000,卖盘
783,13:55:57,7.5,0.0,100,75000,卖盘
784,13:56:09,7.5,0.0,10,7500,卖盘
785,13:57:09,7.5,0.0,8,6000,卖盘
786,13:59:31,7.51,0.01,19,14255,买盘
787,13:59:33,7.5,-0.01,7,5250,卖盘
788,13:59:37,7.5,0.0,4,3000,卖盘
789,13:59:40,7.5,0.0,8,6000,卖盘
790,13:59:45,7.51,0.01,11,8258,买盘
791,13:59:52,7.51,0.0,2,1502,卖盘
792,13:59:58,7.5,-0.01,4,3000,卖盘
793,14:00:36,7.5,0.0,6,4500,卖盘
794,14:00:40,7.5,0.0,3,2250,卖盘
795,14:00:43,7.5,0.0,12,9000,卖盘
796,14:00:45,7.5,0.0,13,9750,卖盘
797,14:00:49,7.5,0.0,4,3000,卖盘
798,14:00:52,7.5,0.0,7,5250,卖盘
799,14:01:16,7.5,0.0,42,31500,卖盘
800,14:01:19,7.5,0.0,39,29250,卖盘
801,14:01:54,7.49,-0.01,6,4494,卖盘
802,14:02:04,7.5,0.01,5,3750,买盘
803,14:02:09,7.5,0.0,50,37500,买盘
804,14:02:16,7.49,-0.01,2,1498,卖盘
805,14:02:31,7.49,0.0,6,4494,卖盘
806,14:02:52,7.49,0.0,15,11235,卖盘
807,14:03:22,7.49,0.0,20,14980,卖盘
808,14:03:27,7.49,0.0,25,18725,卖盘
809,14:03:52,7.49,0.0,10,7490,卖盘
810,14:03:55,7.49,0.0,13,9737,卖盘
811,14:04:04,7.49,0.0,84,62616,卖盘
812,14:04:19,7.49,0.0,46,34754,买盘
813,14:05:22,7.49,0.0,62,46438,卖盘
814,14:05:43,7.49,0.0,40,29960,卖盘
815,14:06:31,7.5,0.01,4,3000,买盘
816,14:06:55,7.5,0.0,10,7500,买盘
817,14:06:58,7.5,0.0,64,48000,买盘
818,14:07:22,7.51,0.01,20,15020,买盘
819,14:07:43,7.52,0.01,10,7520,买盘
820,14:08:16,7.52,0.0,4,3008,买盘
821,14:09:40,7.51,-0.01,50,37550,卖盘
822,14:09:49,7.51,0.0,39,29289,卖盘
823,14:09:58,7.51,0.0,7,5257,买盘
824,14:10:25,7.51,0.0,17,12677,买盘
825,14:10:31,7.51,0.0,3,2343,卖盘
826,14:10:52,7.5,-0.01,2,1500,卖盘
827,14:11:16,7.5,0.0,9,6750,卖盘
828,14:11:37,7.51,0.01,10,7510,买盘
829,14:12:01,7.51,0.0,20,15020,买盘
830,14:12:09,7.5,-0.01,13,9750,卖盘
831,14:12:37,7.5,0.0,10,7500,卖盘
832,14:12:52,7.5,0.0,33,24300,卖盘
833,14:12:58,7.5,0.0,5,3750,卖盘
834,14:13:13,7.5,0.0,30,22500,卖盘
835,14:13:22,7.5,0.0,32,24000,卖盘
836,14:13:33,7.51,0.01,10,7510,买盘
837,14:13:40,7.5,-0.01,10,7500,卖盘
838,14:13:55,7.5,0.0,10,7500,买盘
839,14:14:10,7.5,0.0,20,15000,买盘
840,14:14:33,7.5,0.0,3,2250,买盘
841,14:14:52,7.5,0.0,6,4500,买盘
842,14:15:04,7.5,0.0,60,45000,买盘
843,14:15:07,7.5,0.0,39,29250,买盘
844,14:15:34,7.51,0.01,15,11265,买盘
845,14:15:46,7.51,0.0,13,9763,买盘
846,14:16:10,7.5,-0.01,43,32250,卖盘
847,14:17:04,7.51,0.01,600,450600,买盘
848,14:17:19,7.51,0.0,20,15020,买盘
849,14:17:31,7.51,0.0,15,11265,买盘
850,14:17:34,7.51,0.0,10,7510,买盘
851,14:17:37,7.51,0.0,3,2253,买盘
852,14:17:39,7.51,0.0,95,72006,买盘
853,14:17:55,7.52,0.01,25,18800,买盘
854,14:18:01,7.52,0.0,36,27072,买盘
855,14:18:04,7.52,0.0,6,4512,买盘
856,14:18:07,7.52,0.0,45,33840,买盘
857,14:18:10,7.52,0.0,3,2256,买盘
858,14:18:13,7.53,0.01,101,76042,买盘
859,14:19:00,7.54,0.01,5,3770,买盘
860,14:19:10,7.54,0.0,10,7540,买盘
861,14:19:19,7.53,-0.01,20,15060,卖盘
862,14:19:28,7.54,0.01,51,38453,买盘
863,14:20:01,7.54,0.0,5,3770,买盘
864,14:20:10,7.54,0.0,29,21866,买盘
865,14:20:13,7.54,0.0,1,754,买盘
866,14:20:19,7.54,0.0,20,15080,买盘
867,14:20:22,7.54,0.0,20,15080,买盘
868,14:20:33,7.54,0.0,4,3016,买盘
869,14:21:06,7.54,0.0,1,754,买盘
870,14:21:09,7.53,-0.01,20,15060,卖盘
871,14:21:19,7.53,0.0,50,37650,卖盘
872,14:21:25,7.53,0.0,62,46686,卖盘
873,14:21:31,7.53,0.0,18,13554,卖盘
874,14:21:46,7.53,0.0,10,7530,买盘
875,14:22:10,7.52,-0.01,10,7520,卖盘
876,14:22:16,7.52,0.0,65,48880,卖盘
877,14:22:33,7.52,0.0,30,22560,买盘
878,14:23:04,7.52,0.0,80,60152,买盘
879,14:23:06,7.52,0.0,50,37600,卖盘
880,14:23:28,7.52,0.0,1,752,卖盘
881,14:23:45,7.52,0.0,63,47376,卖盘
882,14:23:52,7.52,0.0,100,75200,卖盘
883,14:24:07,7.52,0.0,63,47376,卖盘
884,14:24:46,7.52,0.0,1,752,买盘
885,14:25:13,7.52,0.0,41,30832,买盘
886,14:25:16,7.51,-0.01,7,5257,卖盘
887,14:25:43,7.52,0.01,5,3760,卖盘
888,14:26:04,7.52,0.0,30,22560,卖盘
889,14:26:28,7.53,0.01,3,2259,买盘
890,14:26:34,7.53,0.0,6,4518,买盘
891,14:26:43,7.53,0.0,7,5271,买盘
892,14:26:52,7.53,0.0,11,8283,买盘
893,14:27:01,7.53,0.0,13,9789,买盘
894,14:27:10,7.53,0.0,2,1506,买盘
895,14:27:37,7.53,0.0,10,7530,买盘
896,14:28:07,7.53,0.0,3,2259,买盘
897,14:28:31,7.53,0.0,10,7530,买盘
898,14:28:45,7.52,-0.01,15,11280,卖盘
899,14:28:55,7.53,0.01,2,1506,买盘
900,14:29:37,7.53,0.0,14,10542,买盘
901,14:29:55,7.52,-0.01,100,75200,卖盘
902,14:30:01,7.52,0.0,105,78960,卖盘
903,14:30:28,7.52,0.0,23,17296,买盘
904,14:31:13,7.51,-0.01,42,31542,卖盘
905,14:31:48,7.51,0.0,25,18775,卖盘
906,14:32:13,7.51,0.0,14,9853,卖盘
907,14:32:40,7.51,0.0,32,24693,买盘
908,14:32:43,7.52,0.01,20,15040,买盘
909,14:33:01,7.52,0.0,15,11280,买盘
910,14:33:31,7.52,0.0,5,3760,买盘
911,14:33:39,7.52,0.0,20,15040,买盘
912,14:34:01,7.52,0.0,23,17281,买盘
913,14:34:07,7.51,-0.01,22,16522,卖盘
914,14:34:19,7.51,0.0,4,3004,卖盘
915,14:35:01,7.52,0.01,5,3760,买盘
916,14:35:04,7.52,0.0,20,15040,买盘
917,14:35:13,7.52,0.0,3,2256,买盘
918,14:35:43,7.52,0.0,28,21035,买盘
919,14:35:46,7.51,-0.01,100,75100,卖盘
920,14:36:09,7.51,0.0,10,7510,卖盘
921,14:36:16,7.51,0.0,100,75100,卖盘
922,14:36:52,7.52,0.01,1,752,买盘
923,14:37:55,7.52,0.0,3,2256,买盘
924,14:38:16,7.52,0.0,5,3760,买盘
925,14:38:28,7.52,0.0,100,75200,买盘
926,14:38:52,7.52,0.0,6,4512,买盘
927,14:39:01,7.52,0.0,72,54144,买盘
928,14:39:07,7.52,0.0,2,1504,买盘
929,14:39:21,7.51,-0.01,28,21033,卖盘
930,14:39:28,7.53,0.02,5,3765,买盘
931,14:40:07,7.53,0.0,10,7530,买盘
932,14:40:13,7.53,0.0,6,4518,买盘
933,14:40:37,7.52,-0.01,6,4512,卖盘
934,14:40:43,7.52,0.0,11,8272,卖盘
935,14:41:22,7.53,0.01,75,56475,买盘
936,14:41:34,7.53,0.0,3,2259,买盘
937,14:41:49,7.52,-0.01,3,2256,卖盘
938,14:42:10,7.52,0.0,7,5264,卖盘
939,14:42:28,7.52,0.0,10,7520,卖盘
940,14:42:37,7.53,0.01,42,31626,买盘
941,14:42:40,7.53,0.0,5,3765,买盘
942,14:42:46,7.52,-0.01,42,31584,卖盘
943,14:42:55,7.52,0.0,2,1504,卖盘
944,14:43:16,7.53,0.01,38,28614,买盘
945,14:43:37,7.52,-0.01,7,5264,卖盘
946,14:44:19,7.52,0.0,24,18048,卖盘
947,14:44:34,7.52,0.0,200,150400,卖盘
948,14:44:49,7.53,0.01,20,15060,买盘
949,14:44:52,7.52,-0.01,7,5264,卖盘
950,14:44:55,7.52,0.0,20,15040,买盘
951,14:44:58,7.52,0.0,3,2256,买盘
952,14:45:07,7.52,0.0,70,52640,卖盘
953,14:45:34,7.53,0.01,222,167166,买盘
954,14:45:37,7.53,0.0,40,30120,卖盘
955,14:45:58,7.54,0.01,20,15080,买盘
956,14:46:04,7.53,-0.01,10,7530,卖盘
957,14:46:07,7.53,0.0,8,6024,卖盘
958,14:46:10,7.54,0.01,190,143260,买盘
959,14:46:34,7.54,0.0,14,10553,买盘
960,14:46:40,7.54,0.0,26,19604,买盘
961,14:46:43,7.54,0.0,1,754,买盘
962,14:46:49,7.53,-0.01,44,33132,卖盘
963,14:47:13,7.54,0.01,33,24882,买盘
964,14:47:25,7.54,0.0,26,19604,买盘
965,14:47:28,7.53,-0.01,115,86595,卖盘
966,14:48:07,7.53,0.0,13,9789,卖盘
967,14:49:37,7.53,0.0,28,21084,卖盘
968,14:49:43,7.54,0.01,98,73872,买盘
969,14:49:49,7.53,-0.01,30,22590,卖盘
970,14:49:52,7.54,0.01,100,75400,买盘
971,14:49:55,7.53,-0.01,100,75300,卖盘
972,14:50:01,7.54,0.01,4,3016,买盘
973,14:50:07,7.54,0.0,11,8294,买盘
974,14:50:22,7.54,0.0,15,11310,卖盘
975,14:50:25,7.54,0.0,53,39962,卖盘
976,14:50:34,7.55,0.01,30,22650,买盘
977,14:50:43,7.55,0.0,20,15100,买盘
978,14:50:49,7.55,0.0,8,6040,买盘
979,14:50:52,7.54,-0.01,8,6032,卖盘
980,14:50:55,7.54,0.0,3,2262,买盘
981,14:51:07,7.54,0.0,10,7540,买盘
982,14:51:10,7.53,-0.01,35,26375,卖盘
983,14:51:13,7.54,0.01,30,22620,买盘
984,14:51:16,7.54,0.0,16,12064,买盘
985,14:51:28,7.54,0.0,104,78416,买盘
986,14:51:31,7.53,-0.01,22,16566,卖盘
987,14:51:46,7.53,0.0,84,63252,卖盘
988,14:51:49,7.53,0.0,138,103914,卖盘
989,14:51:55,7.53,0.0,100,75300,买盘
990,14:51:58,7.52,-0.01,8,6016,卖盘
991,14:52:04,7.53,0.01,199,149847,买盘
992,14:52:10,7.53,0.0,94,70782,卖盘
993,14:52:13,7.53,0.0,1,753,买盘
994,14:52:16,7.53,0.0,19,14307,买盘
995,14:52:22,7.53,0.0,41,30873,卖盘
996,14:52:25,7.53,0.0,90,67770,卖盘
997,14:52:28,7.53,0.0,12,9036,买盘
998,14:52:31,7.53,0.0,39,29368,卖盘
999,14:52:43,7.53,0.0,200,150600,买盘
1000,14:52:46,7.52,-0.01,40,30080,卖盘
1001,14:52:52,7.52,0.0,35,26320,卖盘
1002,14:52:55,7.53,0.01,189,142317,买盘
1003,14:52:58,7.52,-0.01,31,23312,卖盘
1004,14:53:04,7.53,0.01,35,26355,买盘
1005,14:53:07,7.52,-0.01,131,98612,卖盘
1006,14:53:10,7.52,0.0,1,752,卖盘
1007,14:53:16,7.53,0.01,50,37650,买盘
1008,14:53:31,7.52,-0.01,1,752,卖盘
1009,14:53:58,7.53,0.01,200,150600,买盘
1010,14:54:01,7.52,-0.01,30,22560,卖盘
1011,14:54:10,7.53,0.01,150,112950,买盘
1012,14:54:16,7.53,0.0,100,75300,买盘
1013,14:54:19,7.52,-0.01,10,7528,卖盘
1014,14:54:31,7.52,0.0,111,83484,卖盘
1015,14:54:34,7.52,0.0,67,50384,卖盘
1016,14:54:37,7.52,0.0,10,7520,买盘
1017,14:54:46,7.53,0.01,300,225768,买盘
1018,14:54:55,7.52,-0.01,23,17296,卖盘
1019,14:54:58,7.52,0.0,1,752,买盘
1020,14:55:01,7.52,0.0,250,188000,买盘
1021,14:55:19,7.52,0.0,40,30080,买盘
1022,14:55:25,7.52,0.0,106,79712,买盘
1023,14:55:37,7.52,0.0,18,13531,买盘
1024,14:55:46,7.51,-0.01,51,38302,卖盘
1025,14:55:49,7.51,0.0,179,133768,卖盘
1026,14:55:55,7.51,0.0,6,4506,买盘
1027,14:55:58,7.51,0.0,16,12016,买盘
1028,14:56:01,7.51,0.0,111,83351,买盘
1029,14:56:04,7.51,0.0,3,2253,买盘
1030,14:56:07,7.5,-0.01,20,15000,卖盘
1031,14:56:10,7.51,0.01,217,162950,买盘
1032,14:56:16,7.51,0.0,46,35207,买盘
1033,14:56:22,7.51,0.0,24,18039,卖盘
1034,14:56:31,7.49,-0.02,616,461955,卖盘
1035,14:56:52,7.51,0.02,4,3004,卖盘
1036,14:56:55,7.52,0.01,3,2256,买盘
1037,14:57:01,7.52,0.0,77,57904,买盘
1038,14:57:04,7.51,-0.01,16,12016,卖盘
1039,15:00:05,7.51,0.0,1113,835863,卖盘
