,time,price,change,volume,amount,type
0,09:25:04,12.44,0.01,59,73396,卖盘
1,09:30:04,12.44,0.0,7,8702,买盘
2,09:30:07,12.4,-0.04,65,80650,卖盘
3,09:30:10,12.42,0.02,50,62004,买盘
4,09:30:13,12.42,0.0,5,6210,买盘
5,09:30:19,12.4,-0.02,1,1240,买盘
6,09:30:25,12.4,0.0,13,16120,买盘
7,09:30:28,12.39,-0.01,3,3717,卖盘
8,09:30:40,12.37,-0.02,12,14844,卖盘
9,09:30:52,12.36,-0.01,3,3708,卖盘
10,09:30:55,12.36,0.0,10,12360,买盘
11,09:31:01,12.36,0.0,8,9888,买盘
12,09:31:05,12.34,-0.02,2,2468,卖盘
13,09:31:07,12.34,0.0,4,4936,买盘
14,09:31:10,12.34,0.0,4,4936,买盘
15,09:31:13,12.34,0.0,22,27148,买盘
16,09:31:16,12.36,0.02,2,2471,买盘
17,09:31:19,12.34,-0.02,17,20984,卖盘
18,09:31:22,12.36,0.02,20,24710,买盘
19,09:31:25,12.35,-0.01,4,4940,中性盘
20,09:31:28,12.35,0.0,7,8645,买盘
21,09:31:31,12.35,0.0,4,4940,买盘
22,09:31:34,12.34,-0.01,60,74040,卖盘
23,09:31:37,12.35,0.01,13,16045,买盘
24,09:31:52,12.35,0.0,11,13586,卖盘
25,09:31:55,12.36,0.01,2,2472,买盘
26,09:32:01,12.35,-0.01,23,28405,买盘
27,09:32:04,12.35,0.0,52,64220,买盘
28,09:32:07,12.35,0.0,14,17290,买盘
29,09:32:10,12.35,0.0,50,61750,买盘
30,09:32:13,12.35,0.0,53,65443,买盘
31,09:32:16,12.36,0.01,4,4944,买盘
32,09:32:19,12.34,-0.02,32,39506,卖盘
33,09:32:28,12.36,0.02,23,28408,买盘
34,09:32:31,12.36,0.0,4,4944,买盘
35,09:32:37,12.36,0.0,18,22248,卖盘
36,09:32:58,12.39,0.03,10,12390,买盘
37,09:33:19,12.39,0.0,23,28497,买盘
38,09:33:25,12.39,0.0,36,44604,买盘
39,09:33:34,12.41,0.02,12,14892,卖盘
40,09:33:49,12.42,0.01,12,14904,买盘
41,09:33:55,12.42,0.0,16,19872,卖盘
42,09:34:01,12.43,0.01,2,2486,买盘
43,09:34:10,12.43,0.0,41,50963,买盘
44,09:34:16,12.43,0.0,1,1243,卖盘
45,09:34:19,12.43,0.0,5,6215,卖盘
46,09:35:10,12.44,0.01,51,63444,卖盘
47,09:35:19,12.44,0.0,59,73396,卖盘
48,09:35:22,12.46,0.02,13,16198,买盘
49,09:35:25,12.45,-0.01,3,3735,卖盘
50,09:35:37,12.44,-0.01,10,12441,卖盘
51,09:35:40,12.46,0.02,1,1246,买盘
52,09:35:49,12.45,-0.01,3,3735,买盘
53,09:35:52,12.44,-0.01,12,14928,卖盘
54,09:35:55,12.44,0.0,22,27368,买盘
55,09:36:07,12.43,-0.01,10,12430,卖盘
56,09:36:13,12.43,0.0,9,11187,卖盘
57,09:36:16,12.42,-0.01,2,2484,卖盘
58,09:36:19,12.43,0.01,12,14916,买盘
59,09:36:31,12.42,-0.01,8,9936,卖盘
60,09:36:34,12.42,0.0,35,43470,卖盘
61,09:36:37,12.42,0.0,65,80730,买盘
62,09:36:46,12.41,-0.01,2,2482,卖盘
63,09:36:49,12.42,0.01,2,2484,买盘
64,09:36:55,12.41,-0.01,1,1241,卖盘
65,09:37:04,12.41,0.0,22,27302,卖盘
66,09:37:13,12.42,0.01,50,62077,买盘
67,09:37:22,12.42,0.0,10,12420,买盘
68,09:37:28,12.43,0.01,1,1243,买盘
69,09:37:31,12.4,-0.03,100,124080,卖盘
70,09:38:04,12.43,0.03,32,39774,买盘
71,09:38:10,12.43,0.0,6,7458,买盘
72,09:38:13,12.43,0.0,5,6215,卖盘
73,09:38:31,12.44,0.01,63,78322,买盘
74,09:38:34,12.43,-0.01,2,2486,卖盘
75,09:38:37,12.44,0.01,2,2488,买盘
76,09:38:40,12.44,0.0,4,4976,买盘
77,09:38:46,12.44,0.0,43,53492,买盘
78,09:38:49,12.44,0.0,6,7464,买盘
79,09:38:58,12.44,0.0,3,3732,买盘
80,09:39:07,12.44,0.0,21,26123,买盘
81,09:39:10,12.44,0.0,34,42296,买盘
82,09:39:19,12.44,0.0,20,24880,卖盘
83,09:39:22,12.46,0.02,30,37355,买盘
84,09:39:31,12.46,0.0,6,7476,买盘
85,09:39:37,12.46,0.0,2,2492,买盘
86,09:39:40,12.44,-0.02,42,52288,卖盘
87,09:39:43,12.44,0.0,10,12440,买盘
88,09:39:46,12.44,0.0,3,3732,买盘
89,09:39:52,12.44,0.0,6,7464,买盘
90,09:39:55,12.44,0.0,9,11196,买盘
91,09:39:58,12.44,0.0,9,11196,买盘
92,09:40:22,12.44,0.0,12,14928,卖盘
93,09:40:28,12.46,0.02,1,1246,买盘
94,09:40:40,12.44,-0.02,48,59747,卖盘
95,09:40:43,12.45,0.01,5,6221,买盘
96,09:40:58,12.45,0.0,11,13695,卖盘
97,09:41:13,12.46,0.01,5,6230,买盘
98,09:41:16,12.46,0.0,5,6230,买盘
99,09:41:19,12.46,0.0,40,49806,买盘
100,09:41:22,12.46,0.0,10,12460,买盘
101,09:41:31,12.46,0.0,1,1246,卖盘
102,09:42:01,12.47,0.01,10,12470,买盘
103,09:42:04,12.46,-0.01,20,24920,卖盘
104,09:42:07,12.46,0.0,6,7476,卖盘
105,09:42:28,12.47,0.01,20,24914,买盘
106,09:42:31,12.46,-0.01,2,2492,买盘
107,09:42:40,12.46,0.0,9,11214,买盘
108,09:42:49,12.46,0.0,51,63526,买盘
109,09:42:55,12.45,-0.01,4,4980,卖盘
110,09:42:58,12.42,-0.03,45,55924,卖盘
111,09:43:01,12.45,0.03,10,12441,买盘
112,09:43:07,12.45,0.0,40,49800,买盘
113,09:43:19,12.45,0.0,10,12450,买盘
114,09:43:22,12.45,0.0,2,2490,买盘
115,09:43:25,12.44,-0.01,6,7468,中性盘
116,09:43:49,12.43,-0.01,20,24860,卖盘
117,09:43:58,12.43,0.0,2,2486,买盘
118,09:44:13,12.43,0.0,2,2486,买盘
119,09:44:16,12.41,-0.02,67,83149,卖盘
120,09:44:52,12.42,0.01,4,4968,卖盘
121,09:45:04,12.41,-0.01,26,32272,卖盘
122,09:45:19,12.41,0.0,35,43435,卖盘
123,09:45:22,12.41,0.0,5,6205,买盘
124,09:45:28,12.41,0.0,4,4964,买盘
125,09:45:31,12.41,0.0,56,69496,买盘
126,09:45:34,12.4,-0.01,20,24813,卖盘
127,09:45:55,12.4,0.0,2,2480,卖盘
128,09:46:01,12.4,0.0,10,12400,卖盘
129,09:46:16,12.4,0.0,4,4960,卖盘
130,09:46:22,12.4,0.0,25,31000,卖盘
131,09:46:25,12.39,-0.01,38,47101,卖盘
132,09:46:34,12.38,-0.01,3,3714,卖盘
133,09:46:40,12.38,0.0,7,8666,卖盘
134,09:46:43,12.37,-0.01,27,33412,卖盘
135,09:46:49,12.37,0.0,3,3711,买盘
136,09:46:52,12.37,0.0,10,12370,买盘
137,09:46:58,12.36,-0.01,20,24720,卖盘
138,09:47:05,12.37,0.01,4,4948,买盘
139,09:47:07,12.36,-0.01,9,11129,卖盘
140,09:47:10,12.38,0.02,10,12380,买盘
141,09:47:16,12.36,-0.02,6,7418,卖盘
142,09:47:25,12.37,0.01,34,42058,买盘
143,09:47:31,12.37,0.0,19,23503,买盘
144,09:47:46,12.37,0.0,10,12370,卖盘
145,09:47:49,12.37,0.0,163,201631,卖盘
146,09:47:52,12.37,0.0,71,87827,买盘
147,09:47:55,12.37,0.0,5,6185,买盘
148,09:47:58,12.37,0.0,16,19792,买盘
149,09:48:19,12.37,0.0,15,18555,卖盘
150,09:48:25,12.4,0.03,4,4960,买盘
151,09:48:28,12.37,-0.03,279,345143,卖盘
152,09:48:31,12.37,0.0,27,33399,买盘
153,09:48:34,12.37,0.0,10,12370,买盘
154,09:48:37,12.37,0.0,20,24740,买盘
155,09:48:40,12.37,0.0,161,199157,买盘
156,09:48:43,12.37,0.0,26,32162,买盘
157,09:48:52,12.37,0.0,41,50717,卖盘
158,09:49:01,12.43,0.06,84,104370,买盘
159,09:49:04,12.43,0.0,12,14916,卖盘
160,09:49:10,12.43,0.0,9,11187,卖盘
161,09:49:22,12.43,0.0,3,3729,卖盘
162,09:49:25,12.44,0.01,21,26124,买盘
163,09:49:28,12.44,0.0,15,18660,买盘
164,09:49:34,12.44,0.0,9,11196,买盘
165,09:49:46,12.44,0.0,5,6220,买盘
166,09:49:55,12.44,0.0,10,12440,买盘
167,09:49:58,12.45,0.01,56,69708,买盘
168,09:50:16,12.45,0.0,14,17430,卖盘
169,09:50:22,12.45,0.0,5,6225,卖盘
170,09:50:25,12.46,0.01,2,2492,买盘
171,09:50:28,12.46,0.0,15,18682,买盘
172,09:50:46,12.4,-0.06,50,62138,卖盘
173,09:50:49,12.46,0.06,50,62300,买盘
174,09:50:52,12.45,-0.01,4,4980,买盘
175,09:51:01,12.41,-0.04,1,1241,中性盘
176,09:51:07,12.41,0.0,2,2482,卖盘
177,09:51:19,12.4,-0.01,81,100474,卖盘
178,09:51:25,12.4,0.0,18,22320,买盘
179,09:51:28,12.39,-0.01,2,2478,卖盘
180,09:51:31,12.38,-0.01,20,24778,卖盘
181,09:51:43,12.37,-0.01,50,61895,卖盘
182,09:51:49,12.39,0.02,10,12390,中性盘
183,09:51:58,12.38,-0.01,16,19793,买盘
184,09:52:07,12.38,0.0,5,6190,买盘
185,09:52:10,12.38,0.0,41,50758,买盘
186,09:52:13,12.38,0.0,65,80410,买盘
187,09:52:16,12.38,0.0,14,17332,买盘
188,09:52:19,12.38,0.0,40,49520,买盘
189,09:52:22,12.38,0.0,9,11142,卖盘
190,09:52:25,12.37,-0.01,11,13607,卖盘
191,09:52:28,12.38,0.01,5,6190,卖盘
192,09:52:49,12.39,0.01,1,1239,买盘
193,09:52:52,12.39,0.0,77,95403,卖盘
194,09:53:01,12.39,0.0,20,24780,买盘
195,09:53:04,12.39,0.0,3,3717,买盘
196,09:53:07,12.4,0.01,3,3720,买盘
197,09:53:25,12.4,0.0,100,124000,买盘
198,09:53:34,12.39,-0.01,15,18590,卖盘
199,09:53:40,12.4,0.01,45,55765,买盘
200,09:53:43,12.39,-0.01,10,12390,卖盘
201,09:53:58,12.39,0.0,7,8673,买盘
202,09:54:04,12.38,-0.01,20,24760,卖盘
203,09:54:07,12.38,0.0,6,7428,卖盘
204,09:54:10,12.39,0.01,5,6195,买盘
205,09:54:16,12.38,-0.01,8,9904,卖盘
206,09:54:34,12.39,0.01,5,6195,买盘
207,09:54:40,12.39,0.0,1,1239,买盘
208,09:54:43,12.39,0.0,1,1239,买盘
209,09:54:55,12.38,-0.01,6,7428,卖盘
210,09:55:07,12.38,0.0,12,14856,卖盘
211,09:55:19,12.39,0.01,5,6195,买盘
212,09:55:25,12.38,-0.01,30,37140,卖盘
213,09:55:28,12.38,0.0,115,142370,卖盘
214,09:55:40,12.38,0.0,9,11142,卖盘
215,09:55:52,12.38,0.0,8,9904,买盘
216,09:55:58,12.37,-0.01,276,341412,卖盘
217,09:56:01,12.38,0.01,24,29712,买盘
218,09:56:13,12.38,0.0,13,16094,卖盘
219,09:56:16,12.39,0.01,69,85488,买盘
220,09:56:19,12.38,-0.01,4,4952,卖盘
221,09:56:25,12.38,0.0,26,32188,卖盘
222,09:56:28,12.38,0.0,1,1238,卖盘
223,09:56:40,12.38,0.0,8,9904,卖盘
224,09:56:55,12.38,0.0,4,4952,卖盘
225,09:57:04,12.38,0.0,10,12380,卖盘
226,09:57:19,12.38,0.0,57,70566,卖盘
227,09:57:28,12.38,0.0,10,12380,买盘
228,09:57:34,12.37,-0.01,65,80405,卖盘
229,09:57:58,12.37,0.0,30,37110,卖盘
230,09:58:01,12.37,0.0,5,6185,卖盘
231,09:58:04,12.37,0.0,3,3711,卖盘
232,09:58:10,12.37,0.0,27,33399,卖盘
233,09:58:46,12.36,-0.01,341,421602,卖盘
234,09:58:49,12.36,0.0,15,18540,买盘
235,09:59:06,12.35,-0.01,146,180310,卖盘
236,09:59:10,12.35,0.0,14,17290,买盘
237,09:59:13,12.35,0.0,10,12350,买盘
238,09:59:19,12.34,-0.01,2,2468,卖盘
239,09:59:22,12.35,0.01,3,3705,买盘
240,09:59:28,12.35,0.0,8,9880,买盘
241,09:59:34,12.34,-0.01,47,57998,卖盘
242,09:59:37,12.35,0.01,20,24700,买盘
243,09:59:40,12.35,0.0,6,7410,买盘
244,09:59:43,12.35,0.0,10,12350,卖盘
245,09:59:52,12.35,0.0,11,13585,卖盘
246,09:59:58,12.36,0.01,10,12360,买盘
247,10:00:01,12.35,-0.01,10,12355,卖盘
248,10:00:13,12.34,-0.01,1,1234,卖盘
249,10:00:16,12.35,0.01,38,46930,买盘
250,10:00:19,12.34,-0.01,40,49360,卖盘
251,10:00:22,12.35,0.01,9,11115,买盘
252,10:00:25,12.35,0.0,4,4940,买盘
253,10:00:28,12.34,-0.01,28,34552,卖盘
254,10:00:34,12.34,0.0,5,6170,买盘
255,10:00:37,12.34,0.0,11,13574,买盘
256,10:00:40,12.34,0.0,3,3702,买盘
257,10:00:43,12.34,0.0,3,3702,买盘
258,10:00:46,12.33,-0.01,50,61654,卖盘
259,10:00:52,12.34,0.01,30,37020,中性盘
260,10:00:55,12.33,-0.01,32,39482,卖盘
261,10:00:58,12.35,0.02,1,1235,买盘
262,10:01:10,12.35,0.0,32,39477,买盘
263,10:01:25,12.35,0.0,1,1235,买盘
264,10:01:34,12.36,0.01,50,61800,买盘
265,10:01:40,12.36,0.0,4,4944,买盘
266,10:02:01,12.38,0.02,20,24760,买盘
267,10:02:05,12.38,0.0,1,1238,买盘
268,10:02:07,12.38,0.0,4,4952,买盘
269,10:02:13,12.36,-0.02,55,67986,卖盘
270,10:02:19,12.36,0.0,11,13596,买盘
271,10:02:25,12.35,-0.01,3,3705,卖盘
272,10:02:31,12.36,0.01,20,24720,买盘
273,10:02:34,12.35,-0.01,73,90155,卖盘
274,10:02:37,12.35,0.0,3,3705,买盘
275,10:02:40,12.35,0.0,4,4940,买盘
276,10:02:43,12.35,0.0,10,12350,买盘
277,10:02:46,12.35,0.0,20,24690,买盘
278,10:03:01,12.36,0.01,9,11124,买盘
279,10:03:07,12.35,-0.01,50,61750,卖盘
280,10:03:10,12.36,0.01,5,6180,买盘
281,10:03:16,12.35,-0.01,20,24711,卖盘
282,10:03:28,12.35,0.0,95,117325,卖盘
283,10:03:31,12.35,0.0,7,8645,买盘
284,10:03:34,12.35,0.0,42,51870,买盘
285,10:03:37,12.34,-0.01,1,1234,卖盘
286,10:03:43,12.35,0.01,14,17290,买盘
287,10:03:49,12.35,0.0,10,12350,买盘
288,10:03:52,12.35,0.0,15,18525,买盘
289,10:03:58,12.35,0.0,8,9880,买盘
290,10:04:04,12.35,0.0,15,18515,买盘
291,10:04:10,12.35,0.0,5,6175,买盘
292,10:04:16,12.34,-0.01,2,2469,卖盘
293,10:04:25,12.34,0.0,6,7404,卖盘
294,10:04:28,12.35,0.01,1,1235,买盘
295,10:04:31,12.34,-0.01,3,3702,卖盘
296,10:04:37,12.35,0.01,26,32110,买盘
297,10:04:40,12.34,-0.01,95,117230,卖盘
298,10:04:46,12.34,0.0,53,65402,卖盘
299,10:04:58,12.34,0.0,25,30850,卖盘
300,10:05:04,12.34,0.0,27,33318,买盘
301,10:05:07,12.33,-0.01,122,150426,卖盘
302,10:05:10,12.34,0.01,50,61700,买盘
303,10:05:13,12.34,0.0,5,6170,买盘
304,10:05:16,12.33,-0.01,85,104805,卖盘
305,10:05:25,12.33,0.0,2,2466,买盘
306,10:05:28,12.32,-0.01,22,27114,卖盘
307,10:05:31,12.33,0.01,8,9864,买盘
308,10:05:34,12.32,-0.01,13,16016,卖盘
309,10:05:37,12.31,-0.01,10,12319,卖盘
310,10:05:40,12.32,0.01,4,4928,买盘
311,10:05:46,12.31,-0.01,10,12310,卖盘
312,10:05:49,12.31,0.0,12,14772,卖盘
313,10:05:52,12.31,0.0,58,71398,卖盘
314,10:05:55,12.31,0.0,50,61550,卖盘
315,10:06:01,12.31,0.0,10,12310,卖盘
316,10:06:10,12.3,-0.01,4,4920,卖盘
317,10:06:12,12.31,0.01,3,3693,买盘
318,10:06:16,12.3,-0.01,30,36900,卖盘
319,10:06:19,12.3,0.0,111,136530,卖盘
320,10:06:22,12.3,0.0,9,11070,买盘
321,10:06:34,12.3,0.0,12,14758,买盘
322,10:06:40,12.28,-0.02,247,303370,卖盘
323,10:06:49,12.28,0.0,3,3684,卖盘
324,10:06:52,12.28,0.0,191,234705,卖盘
325,10:06:55,12.28,0.0,9,11052,卖盘
326,10:07:01,12.26,-0.02,27,33114,卖盘
327,10:07:04,12.25,-0.01,11,13480,卖盘
328,10:07:10,12.25,0.0,1,1225,买盘
329,10:07:13,12.25,0.0,79,96775,买盘
330,10:07:19,12.24,-0.01,61,74691,卖盘
331,10:07:25,12.24,0.0,6,7344,买盘
332,10:07:34,12.23,-0.01,89,108885,卖盘
333,10:07:37,12.24,0.01,61,74613,买盘
334,10:07:40,12.24,0.0,73,89293,买盘
335,10:07:43,12.24,0.0,24,29376,买盘
336,10:07:46,12.24,0.0,30,36720,卖盘
337,10:07:49,12.23,-0.01,84,102732,买盘
338,10:07:52,12.24,0.01,2,2448,卖盘
339,10:07:58,12.24,0.0,42,51408,卖盘
340,10:08:01,12.23,-0.01,47,57504,卖盘
341,10:08:04,12.24,0.01,15,18355,中性盘
342,10:08:07,12.24,0.0,40,48960,卖盘
343,10:08:10,12.23,-0.01,5,6115,卖盘
344,10:08:13,12.26,0.03,139,170300,买盘
345,10:08:16,12.24,-0.02,18,22032,卖盘
346,10:08:19,12.26,0.02,9,11034,买盘
347,10:08:22,12.25,-0.01,2,2450,卖盘
348,10:08:25,12.26,0.01,5,6130,中性盘
349,10:08:31,12.26,0.0,3,3678,卖盘
350,10:08:43,12.28,0.02,6,7368,买盘
351,10:08:49,12.28,0.0,10,12280,买盘
352,10:08:58,12.28,0.0,1,1228,买盘
353,10:09:01,12.29,0.01,32,39297,买盘
354,10:09:04,12.29,0.0,2,2458,买盘
355,10:09:13,12.29,0.0,3,3687,买盘
356,10:09:16,12.29,0.0,6,7374,买盘
357,10:09:28,12.28,-0.01,29,35612,买盘
358,10:09:37,12.27,-0.01,8,9819,卖盘
359,10:09:43,12.26,-0.01,123,150868,卖盘
360,10:09:52,12.28,0.02,2,2456,买盘
361,10:09:55,12.28,0.0,10,12280,卖盘
362,10:09:58,12.28,0.0,32,39296,卖盘
363,10:10:04,12.26,-0.02,50,61300,卖盘
364,10:10:07,12.26,0.0,29,35558,卖盘
365,10:10:10,12.27,0.01,10,12270,买盘
366,10:10:13,12.27,0.0,18,22086,买盘
367,10:10:16,12.27,0.0,22,26994,买盘
368,10:10:19,12.26,-0.01,11,13494,卖盘
369,10:10:28,12.26,0.0,1,1226,卖盘
370,10:10:31,12.24,-0.02,193,236351,卖盘
371,10:10:34,12.25,0.01,12,14691,买盘
372,10:10:37,12.24,-0.01,3,3672,中性盘
373,10:10:40,12.25,0.01,7,8575,买盘
374,10:10:49,12.25,0.0,131,160228,买盘
375,10:10:55,12.25,0.0,1,1225,买盘
376,10:11:01,12.23,-0.02,10,12230,卖盘
377,10:11:07,12.24,0.01,2,2448,卖盘
378,10:11:10,12.25,0.01,4,4900,买盘
379,10:11:13,12.24,-0.01,18,22032,卖盘
380,10:11:16,12.25,0.01,4,4897,买盘
381,10:11:19,12.25,0.0,50,61250,买盘
382,10:11:28,12.25,0.0,50,61250,买盘
383,10:11:31,12.25,0.0,8,9800,买盘
384,10:11:34,12.24,-0.01,2,2448,卖盘
385,10:11:40,12.24,0.0,50,61200,卖盘
386,10:11:49,12.24,0.0,17,20808,卖盘
387,10:11:58,12.24,0.0,1,1224,卖盘
388,10:12:04,12.24,0.0,14,17136,卖盘
389,10:12:10,12.24,0.0,2,2448,卖盘
390,10:12:13,12.25,0.01,13,15915,买盘
391,10:12:16,12.25,0.0,3,3675,买盘
392,10:12:22,12.25,0.0,15,18375,买盘
393,10:12:25,12.25,0.0,10,12250,买盘
394,10:12:28,12.25,0.0,14,17150,买盘
395,10:12:31,12.25,0.0,1,1225,买盘
396,10:12:34,12.25,0.0,7,8575,卖盘
397,10:12:49,12.26,0.01,1,1226,买盘
398,10:12:55,12.26,0.0,16,19616,买盘
399,10:12:58,12.26,0.0,24,29424,买盘
400,10:13:16,12.26,0.0,14,17164,卖盘
401,10:13:19,12.26,0.0,8,9808,买盘
402,10:13:31,12.25,-0.01,15,18379,卖盘
403,10:13:43,12.25,0.0,10,12250,卖盘
404,10:13:46,12.26,0.01,5,6130,买盘
405,10:14:01,12.25,-0.01,37,45325,卖盘
406,10:14:07,12.25,0.0,3,3675,卖盘
407,10:14:10,12.25,0.0,4,4900,卖盘
408,10:14:19,12.25,0.0,2,2450,买盘
409,10:14:22,12.24,-0.01,22,26928,卖盘
410,10:14:25,12.24,0.0,42,51408,卖盘
411,10:14:28,12.24,0.0,21,25704,买盘
412,10:14:34,12.24,0.0,10,12240,买盘
413,10:14:40,12.24,0.0,2,2448,买盘
414,10:14:43,12.24,0.0,51,62424,买盘
415,10:14:46,12.23,-0.01,2,2446,卖盘
416,10:14:52,12.24,0.01,8,9792,买盘
417,10:14:55,12.23,-0.01,88,107624,卖盘
418,10:14:58,12.24,0.01,20,24480,买盘
419,10:15:01,12.24,0.0,8,9792,买盘
420,10:15:04,12.24,0.0,20,24480,买盘
421,10:15:07,12.23,-0.01,38,46474,卖盘
422,10:15:10,12.23,0.0,51,62381,卖盘
423,10:15:13,12.24,0.01,21,25704,买盘
424,10:15:16,12.24,0.0,82,100306,买盘
425,10:15:22,12.23,-0.01,26,31799,卖盘
426,10:15:25,12.23,0.0,7,8561,买盘
427,10:15:31,12.23,0.0,5,6115,卖盘
428,10:15:34,12.23,0.0,16,19568,卖盘
429,10:15:43,12.24,0.01,45,55057,买盘
430,10:15:46,12.24,0.0,5,6120,卖盘
431,10:15:49,12.23,-0.01,35,42816,卖盘
432,10:15:52,12.25,0.02,12,14700,买盘
433,10:15:55,12.24,-0.01,1,1224,卖盘
434,10:16:04,12.24,0.0,66,80784,卖盘
435,10:16:07,12.24,0.0,3,3672,买盘
436,10:16:10,12.24,0.0,5,6120,买盘
437,10:16:13,12.24,0.0,15,18360,买盘
438,10:16:16,12.24,0.0,28,34272,买盘
439,10:16:19,12.25,0.01,15,18375,买盘
440,10:16:28,12.25,0.0,3,3675,买盘
441,10:16:37,12.25,0.0,41,50225,买盘
442,10:16:40,12.25,0.0,9,11025,买盘
443,10:16:55,12.26,0.01,77,94402,买盘
444,10:17:01,12.26,0.0,119,145894,买盘
445,10:17:04,12.27,0.01,11,13496,买盘
446,10:17:13,12.26,-0.01,50,61300,卖盘
447,10:17:16,12.28,0.02,10,12280,买盘
448,10:17:18,12.28,0.0,5,6140,买盘
449,10:17:25,12.28,0.0,12,14736,买盘
450,10:17:28,12.28,0.0,22,27016,卖盘
451,10:17:31,12.29,0.01,15,18422,买盘
452,10:17:37,12.28,-0.01,29,35612,买盘
453,10:17:40,12.28,0.0,2,2456,买盘
454,10:17:43,12.28,0.0,18,22104,买盘
455,10:17:46,12.28,0.0,1,1228,买盘
456,10:17:52,12.28,0.0,8,9824,卖盘
457,10:17:55,12.28,0.0,2,2456,买盘
458,10:17:58,12.29,0.01,14,17206,买盘
459,10:18:07,12.28,-0.01,5,6140,卖盘
460,10:18:13,12.29,0.01,1,1229,买盘
461,10:18:16,12.28,-0.01,2,2457,卖盘
462,10:18:22,12.28,0.0,24,29472,卖盘
463,10:18:37,12.28,0.0,23,28244,卖盘
464,10:18:46,12.29,0.01,44,54073,买盘
465,10:18:55,12.27,-0.02,10,12270,卖盘
466,10:19:01,12.25,-0.02,79,96836,卖盘
467,10:19:16,12.25,0.0,12,14700,卖盘
468,10:19:37,12.26,0.01,17,20842,卖盘
469,10:19:43,12.27,0.01,15,18405,买盘
470,10:19:52,12.26,-0.01,37,45367,卖盘
471,10:20:07,12.26,0.0,1,1226,卖盘
472,10:20:13,12.26,0.0,20,24520,买盘
473,10:20:40,12.26,0.0,10,12260,买盘
474,10:20:49,12.26,0.0,9,11034,买盘
475,10:20:52,12.26,0.0,5,6130,买盘
476,10:21:01,12.27,0.01,1,1227,卖盘
477,10:21:04,12.27,0.0,2,2454,卖盘
478,10:21:18,12.28,0.01,39,47892,买盘
479,10:21:22,12.28,0.0,2,2456,卖盘
480,10:21:49,12.28,0.0,1,1228,卖盘
481,10:22:01,12.29,0.01,73,89717,买盘
482,10:22:07,12.28,-0.01,14,17198,卖盘
483,10:22:22,12.3,0.02,14,17220,买盘
484,10:22:34,12.28,-0.02,50,61420,卖盘
485,10:22:37,12.3,0.02,58,71276,买盘
486,10:22:49,12.29,-0.01,11,13519,买盘
487,10:22:52,12.29,0.0,39,47931,买盘
488,10:23:01,12.33,0.04,8,9864,买盘
489,10:23:04,12.28,-0.05,69,84758,卖盘
490,10:23:24,12.28,0.0,10,12280,卖盘
491,10:23:58,12.28,0.0,7,8596,卖盘
492,10:24:04,12.28,0.0,5,6140,买盘
493,10:24:13,12.28,0.0,4,4912,买盘
494,10:24:19,12.27,-0.01,24,29448,卖盘
495,10:24:40,12.27,0.0,7,8589,买盘
496,10:24:46,12.27,0.0,24,29448,买盘
497,10:24:58,12.28,0.01,5,6140,买盘
498,10:25:04,12.28,0.0,8,9824,买盘
499,10:25:16,12.28,0.0,20,24560,买盘
500,10:25:25,12.28,0.0,19,23332,买盘
501,10:25:52,12.28,0.0,1,1228,卖盘
502,10:26:16,12.28,0.0,28,34384,卖盘
503,10:26:31,12.27,-0.01,17,20859,卖盘
504,10:26:34,12.27,0.0,20,24540,卖盘
505,10:26:40,12.26,-0.01,70,85820,卖盘
506,10:26:51,12.25,-0.01,99,121283,卖盘
507,10:27:04,12.25,0.0,17,20825,买盘
508,10:27:16,12.26,0.01,5,6130,买盘
509,10:27:19,12.25,-0.01,6,7350,卖盘
510,10:28:01,12.25,0.0,10,12250,卖盘
511,10:28:04,12.26,0.01,34,41684,买盘
512,10:28:10,12.26,0.0,1,1226,卖盘
513,10:28:16,12.26,0.0,10,12260,卖盘
514,10:28:22,12.27,0.01,3,3681,买盘
515,10:28:25,12.26,-0.01,13,15938,卖盘
516,10:29:01,12.27,0.01,2,2454,买盘
517,10:29:22,12.27,0.0,18,22086,买盘
518,10:29:37,12.27,0.0,7,8589,买盘
519,10:29:46,12.28,0.01,39,47892,买盘
520,10:29:49,12.27,-0.01,16,19636,卖盘
521,10:29:52,12.27,0.0,7,8589,买盘
522,10:30:01,12.3,0.03,68,83591,买盘
523,10:30:04,12.26,-0.04,2,2452,卖盘
524,10:30:19,12.3,0.04,20,24542,买盘
525,10:30:43,12.3,0.0,12,14760,买盘
526,10:31:04,12.28,-0.02,7,8596,买盘
527,10:31:10,12.28,0.0,29,35612,买盘
528,10:32:10,12.3,0.02,40,49200,买盘
529,10:32:31,12.3,0.0,11,13530,买盘
530,10:32:40,12.3,0.0,5,6150,买盘
531,10:32:46,12.3,0.0,7,8610,买盘
532,10:32:55,12.3,0.0,10,12300,买盘
533,10:33:25,12.3,0.0,1,1230,买盘
534,10:33:30,12.3,0.0,3,3690,买盘
535,10:33:46,12.3,0.0,8,9840,买盘
536,10:34:01,12.29,-0.01,20,24580,卖盘
537,10:34:13,12.3,0.01,5,6150,买盘
538,10:34:28,12.29,-0.01,10,12292,卖盘
539,10:34:31,12.29,0.0,29,35641,买盘
540,10:34:34,12.29,0.0,120,147480,买盘
541,10:35:07,12.29,0.0,44,54076,买盘
542,10:35:10,12.28,-0.01,1,1228,卖盘
543,10:35:43,12.29,0.01,3,3687,买盘
544,10:35:46,12.28,-0.01,52,63856,卖盘
545,10:35:52,12.29,0.01,9,11061,买盘
546,10:36:10,12.28,-0.01,3,3684,卖盘
547,10:36:13,12.28,0.0,3,3684,卖盘
548,10:36:45,12.28,0.0,4,4912,卖盘
549,10:37:01,12.27,-0.01,35,42963,卖盘
550,10:37:16,12.28,0.01,10,12280,买盘
551,10:37:22,12.27,-0.01,13,15951,卖盘
552,10:37:25,12.28,0.01,39,47892,买盘
553,10:37:28,12.27,-0.01,2,2454,卖盘
554,10:37:43,12.28,0.01,1,1228,买盘
555,10:38:10,12.26,-0.02,128,156979,卖盘
556,10:38:43,12.28,0.02,4,4912,卖盘
557,10:39:10,12.29,0.01,10,12290,买盘
558,10:39:16,12.28,-0.01,5,6140,卖盘
559,10:39:31,12.28,0.0,5,6140,卖盘
560,10:39:36,12.29,0.01,9,11061,买盘
561,10:39:39,12.28,-0.01,9,11052,卖盘
562,10:39:52,12.28,0.0,3,3684,卖盘
563,10:39:55,12.27,-0.01,9,11043,卖盘
564,10:40:01,12.29,0.02,27,33176,买盘
565,10:40:16,12.29,0.0,2,2458,买盘
566,10:40:19,12.29,0.0,4,4916,买盘
567,10:40:25,12.29,0.0,2,2458,买盘
568,10:40:28,12.29,0.0,3,3687,买盘
569,10:40:31,12.29,0.0,32,39328,买盘
570,10:40:34,12.29,0.0,29,35641,买盘
571,10:40:49,12.3,0.01,24,29520,买盘
572,10:40:52,12.3,0.0,2,2460,买盘
573,10:40:55,12.3,0.0,2,2460,买盘
574,10:40:58,12.3,0.0,30,36900,买盘
575,10:41:07,12.3,0.0,7,8610,买盘
576,10:41:10,12.3,0.0,17,20910,买盘
577,10:41:13,12.3,0.0,41,50430,买盘
578,10:41:22,12.31,0.01,30,36930,买盘
579,10:41:37,12.31,0.0,3,3693,买盘
580,10:41:40,12.31,0.0,17,20927,买盘
581,10:41:52,12.32,0.01,2,2464,买盘
582,10:41:58,12.32,0.0,10,12320,买盘
583,10:42:13,12.32,0.0,15,18480,买盘
584,10:42:19,12.31,-0.01,41,50471,卖盘
585,10:42:24,12.32,0.01,22,27104,买盘
586,10:42:40,12.31,-0.01,34,41854,卖盘
587,10:42:43,12.31,0.0,5,6155,买盘
588,10:42:46,12.31,0.0,7,8617,买盘
589,10:42:52,12.31,0.0,7,8617,买盘
590,10:42:55,12.31,0.0,3,3693,买盘
591,10:43:04,12.31,0.0,17,20927,卖盘
592,10:43:07,12.32,0.01,2,2464,买盘
593,10:43:19,12.32,0.0,49,60368,买盘
594,10:43:28,12.33,0.01,4,4932,买盘
595,10:43:34,12.33,0.0,6,7398,卖盘
596,10:43:40,12.31,-0.02,89,109668,卖盘
597,10:44:10,12.31,0.0,2,2462,卖盘
598,10:44:13,12.33,0.02,52,64116,买盘
599,10:44:31,12.33,0.0,10,12330,买盘
600,10:44:46,12.33,0.0,67,82611,买盘
601,10:45:07,12.34,0.01,3,3702,买盘
602,10:45:16,12.34,0.0,31,38254,买盘
603,10:45:19,12.34,0.0,39,48126,买盘
604,10:45:33,12.35,0.01,3,3705,买盘
605,10:45:40,12.35,0.0,2,2470,买盘
606,10:45:43,12.35,0.0,6,7410,买盘
607,10:45:55,12.35,0.0,27,33345,买盘
608,10:45:58,12.35,0.0,13,16055,卖盘
609,10:46:01,12.36,0.01,17,21012,买盘
610,10:46:16,12.37,0.01,10,12370,买盘
611,10:46:25,12.37,0.0,69,85353,买盘
612,10:46:28,12.36,-0.01,17,21012,卖盘
613,10:46:34,12.36,0.0,3,3708,买盘
614,10:46:55,12.38,0.02,42,51987,买盘
615,10:46:58,12.38,0.0,41,50758,买盘
616,10:47:10,12.38,0.0,10,12380,卖盘
617,10:47:13,12.38,0.0,7,8666,卖盘
618,10:47:16,12.38,0.0,8,9904,卖盘
619,10:47:25,12.39,0.01,70,86730,买盘
620,10:47:31,12.39,0.0,8,9907,买盘
621,10:47:40,12.39,0.0,28,34692,买盘
622,10:47:43,12.39,0.0,9,11151,买盘
623,10:47:55,12.4,0.01,4,4960,买盘
624,10:48:16,12.39,-0.01,189,234257,卖盘
625,10:48:19,12.39,0.0,103,127617,卖盘
626,10:48:31,12.4,0.01,40,49600,买盘
627,10:48:34,12.4,0.0,24,29760,买盘
628,10:48:40,12.4,0.0,16,19840,买盘
629,10:48:49,12.41,0.01,24,29784,买盘
630,10:48:52,12.4,-0.01,66,81898,卖盘
631,10:48:55,12.4,0.0,4,4960,买盘
632,10:48:57,12.4,0.0,1,1240,买盘
633,10:49:16,12.39,-0.01,6,7434,卖盘
634,10:49:19,12.39,0.0,2,2478,卖盘
635,10:49:25,12.39,0.0,18,22302,卖盘
636,10:49:49,12.39,0.0,10,12390,卖盘
637,10:49:55,12.39,0.0,10,12390,卖盘
638,10:49:58,12.39,0.0,34,42126,卖盘
639,10:50:16,12.39,0.0,22,27256,买盘
640,10:50:34,12.39,0.0,10,12390,买盘
641,10:50:49,12.39,0.0,17,21063,买盘
642,10:50:52,12.39,0.0,5,6195,买盘
643,10:51:10,12.39,0.0,1,1239,卖盘
644,10:51:13,12.4,0.01,2,2480,买盘
645,10:51:25,12.38,-0.02,3,3714,卖盘
646,10:51:31,12.4,0.02,145,179730,买盘
647,10:51:40,12.41,0.01,82,101666,买盘
648,10:51:42,12.4,-0.01,6,7440,中性盘
649,10:51:52,12.4,0.0,1,1240,买盘
650,10:51:55,12.4,0.0,50,62000,买盘
651,10:52:07,12.38,-0.02,29,35912,卖盘
652,10:52:37,12.38,0.0,15,18570,卖盘
653,10:53:10,12.39,0.01,13,16116,卖盘
654,10:53:19,12.4,0.01,82,101680,买盘
655,10:53:28,12.4,0.0,5,6200,买盘
656,10:53:58,12.39,-0.01,7,8673,买盘
657,10:55:10,12.38,-0.01,20,24760,卖盘
658,10:55:19,12.38,0.0,44,54472,卖盘
659,10:55:25,12.38,0.0,5,6190,卖盘
660,10:55:37,12.38,0.0,4,4952,卖盘
661,10:56:06,12.38,0.0,10,12380,卖盘
662,10:56:10,12.38,0.0,8,9904,卖盘
663,10:56:15,12.38,0.0,2,2476,卖盘
664,10:56:18,12.39,0.01,44,54516,买盘
665,10:56:24,12.38,-0.01,20,24760,卖盘
666,10:56:37,12.4,0.02,11,13640,买盘
667,10:56:45,12.36,-0.04,7,8652,卖盘
668,10:57:25,12.36,0.0,16,19776,卖盘
669,10:57:49,12.37,0.01,1,1237,买盘
670,10:57:52,12.36,-0.01,145,179220,卖盘
671,10:58:04,12.37,0.01,7,8659,买盘
672,10:58:06,12.36,-0.01,15,18540,卖盘
673,10:58:13,12.37,0.01,92,113804,买盘
674,10:58:19,12.37,0.0,10,12370,卖盘
675,10:58:34,12.4,0.03,27,33480,买盘
676,10:58:46,12.4,0.0,10,12400,买盘
677,10:59:01,12.37,-0.03,20,24740,卖盘
678,10:59:25,12.37,0.0,53,65561,卖盘
679,10:59:28,12.4,0.03,113,140116,买盘
680,10:59:52,12.4,0.0,38,47120,买盘
681,10:59:58,12.4,0.0,43,53320,买盘
682,11:00:10,12.4,0.0,3,3720,买盘
683,11:00:12,12.37,-0.03,1,1237,卖盘
684,11:01:25,12.37,0.0,14,17318,卖盘
685,11:01:28,12.37,0.0,20,24740,卖盘
686,11:01:34,12.37,0.0,2,2474,卖盘
687,11:01:40,12.38,0.01,16,19808,买盘
688,11:01:52,12.4,0.02,1,1240,买盘
689,11:04:01,12.37,-0.03,6,7422,卖盘
690,11:04:04,12.39,0.02,27,33453,买盘
691,11:04:13,12.35,-0.04,81,100085,卖盘
692,11:04:28,12.35,0.0,2,2470,卖盘
693,11:04:45,12.37,0.02,17,21029,买盘
694,11:05:24,12.38,0.01,14,17332,买盘
695,11:05:27,12.36,-0.02,5,6180,卖盘
696,11:05:54,12.36,0.0,20,24720,卖盘
697,11:05:58,12.39,0.03,41,50793,买盘
698,11:06:31,12.37,-0.02,3,3711,买盘
699,11:06:34,12.37,0.0,36,44532,买盘
700,11:06:40,12.37,0.0,31,38347,买盘
701,11:07:10,12.36,-0.01,66,81576,卖盘
702,11:07:37,12.37,0.01,4,4948,卖盘
703,11:07:51,12.36,-0.01,20,24720,卖盘
704,11:07:57,12.36,0.0,2,2472,卖盘
705,11:08:10,12.36,0.0,2,2472,卖盘
706,11:08:13,12.37,0.01,16,19789,买盘
707,11:08:25,12.38,0.01,13,16091,买盘
708,11:08:37,12.39,0.01,51,63189,买盘
709,11:08:40,12.39,0.0,39,48321,买盘
710,11:08:51,12.39,0.0,17,21063,买盘
711,11:08:55,12.39,0.0,17,21063,买盘
712,11:09:24,12.36,-0.03,30,37080,卖盘
713,11:09:46,12.36,0.0,1,1236,卖盘
714,11:09:52,12.36,0.0,1,1236,卖盘
715,11:11:04,12.36,0.0,54,66744,卖盘
716,11:11:13,12.36,0.0,5,6180,买盘
717,11:11:28,12.35,-0.01,8,9880,卖盘
718,11:11:30,12.35,0.0,18,22230,卖盘
719,11:11:46,12.36,0.01,84,103824,买盘
720,11:11:52,12.36,0.0,38,46968,买盘
721,11:12:01,12.34,-0.02,73,90132,卖盘
722,11:12:16,12.36,0.02,13,16068,买盘
723,11:12:43,12.34,-0.02,50,61700,卖盘
724,11:13:04,12.3,-0.04,73,89893,卖盘
725,11:13:07,12.34,0.04,5,6170,中性盘
726,11:14:19,12.34,0.0,27,33318,买盘
727,11:14:37,12.34,0.0,9,11106,买盘
728,11:15:10,12.34,0.0,1,1234,买盘
729,11:15:13,12.32,-0.02,1,1232,卖盘
730,11:15:16,12.32,0.0,1,1232,买盘
731,11:16:16,12.31,-0.01,3,3693,卖盘
732,11:16:25,12.31,0.0,8,9848,卖盘
733,11:16:28,12.31,0.0,10,12310,卖盘
734,11:16:34,12.29,-0.02,50,61491,卖盘
735,11:16:43,12.29,0.0,39,47931,买盘
736,11:16:46,12.3,0.01,5,6147,买盘
737,11:17:04,12.29,-0.01,50,61450,卖盘
738,11:17:25,12.29,0.0,8,9832,买盘
739,11:18:09,12.28,-0.01,119,146132,卖盘
740,11:18:22,12.29,0.01,23,28287,卖盘
741,11:18:58,12.28,-0.01,11,13508,卖盘
742,11:19:45,12.3,0.02,20,24600,买盘
743,11:20:16,12.3,0.0,5,6150,买盘
744,11:20:21,12.3,0.0,3,3690,买盘
745,11:20:28,12.28,-0.02,40,49120,卖盘
746,11:20:54,12.29,0.01,10,12290,买盘
747,11:21:19,12.29,0.0,15,18435,买盘
748,11:21:37,12.28,-0.01,1,1228,卖盘
749,11:21:46,12.29,0.01,17,20893,买盘
750,11:21:52,12.28,-0.01,24,29472,卖盘
751,11:22:22,12.27,-0.01,5,6135,卖盘
752,11:22:25,12.28,0.01,9,11052,买盘
753,11:22:37,12.27,-0.01,16,19632,卖盘
754,11:22:43,12.27,0.0,68,83436,卖盘
755,11:22:48,12.27,0.0,2,2454,买盘
756,11:22:57,12.27,0.0,29,35583,买盘
757,11:23:01,12.27,0.0,4,4908,买盘
758,11:23:16,12.27,0.0,31,38037,买盘
759,11:23:34,12.27,0.0,1,1227,买盘
760,11:23:49,12.27,0.0,33,40491,买盘
761,11:23:55,12.26,-0.01,5,6130,卖盘
762,11:24:28,12.27,0.01,3,3681,买盘
763,11:24:43,12.27,0.0,19,23309,买盘
764,11:24:46,12.27,0.0,48,58896,买盘
765,11:24:49,12.27,0.0,6,7362,卖盘
766,11:25:01,12.28,0.01,10,12280,买盘
767,11:25:07,12.28,0.0,25,30700,买盘
768,11:25:10,12.28,0.0,101,124028,买盘
769,11:25:25,12.3,0.02,3,3690,买盘
770,11:25:28,12.3,0.0,2,2460,买盘
771,11:25:31,12.3,0.0,2,2460,买盘
772,11:25:43,12.3,0.0,2,2460,买盘
773,11:25:46,12.3,0.0,11,13530,买盘
774,11:25:49,12.3,0.0,5,6150,买盘
775,11:25:55,12.29,-0.01,8,9832,卖盘
776,11:26:04,12.3,0.01,2,2460,买盘
777,11:26:10,12.3,0.0,28,34440,买盘
778,11:26:19,12.3,0.0,3,3690,买盘
779,11:26:22,12.3,0.0,2,2460,买盘
780,11:26:34,12.3,0.0,21,25830,买盘
781,11:26:43,12.3,0.0,1,1230,买盘
782,11:26:46,12.3,0.0,4,4920,买盘
783,11:26:58,12.3,0.0,10,12300,买盘
784,11:27:37,12.3,0.0,7,8610,买盘
785,11:27:46,12.3,0.0,2,2460,买盘
786,11:28:10,12.31,0.01,85,104628,买盘
787,11:28:13,12.29,-0.02,4,4916,卖盘
788,11:28:19,12.29,0.0,15,18435,卖盘
789,11:28:28,12.31,0.02,23,28313,买盘
790,11:28:33,12.29,-0.02,11,13519,卖盘
791,11:29:43,12.28,-0.01,15,18420,卖盘
792,11:29:51,12.28,0.0,31,38068,卖盘
793,13:00:05,12.31,0.03,10,12310,买盘
794,13:00:07,12.31,0.0,1,1231,买盘
795,13:00:10,12.31,0.0,8,9848,买盘
796,13:01:04,12.31,0.0,5,6155,卖盘
797,13:01:10,12.31,0.0,49,60319,卖盘
798,13:02:10,12.3,-0.01,100,123000,卖盘
799,13:03:04,12.3,0.0,1,1230,卖盘
800,13:03:10,12.32,0.02,1,1232,买盘
801,13:03:33,12.33,0.01,2,2466,卖盘
802,13:03:49,12.33,0.0,10,12330,卖盘
803,13:04:52,12.33,0.0,2,2466,买盘
804,13:05:01,12.32,-0.01,19,23408,卖盘
805,13:05:10,12.3,-0.02,5,6150,卖盘
806,13:05:34,12.3,0.0,2,2460,中性盘
807,13:05:49,12.3,0.0,4,4920,卖盘
808,13:06:52,12.3,0.0,34,41820,卖盘
809,13:07:28,12.3,0.0,2,2460,卖盘
810,13:07:36,12.3,0.0,6,7380,买盘
811,13:07:45,12.29,-0.01,8,9836,卖盘
812,13:08:01,12.38,0.09,250,309320,买盘
813,13:08:04,12.31,-0.07,8,9848,卖盘
814,13:08:07,12.31,0.0,2,2462,卖盘
815,13:08:42,12.33,0.02,1,1233,卖盘
816,13:08:49,12.31,-0.02,5,6155,卖盘
817,13:09:01,12.31,0.0,10,12310,卖盘
818,13:09:37,12.31,0.0,7,8617,卖盘
819,13:10:16,12.32,0.01,2,2463,买盘
820,13:11:04,12.32,0.0,6,7392,买盘
821,13:11:33,12.32,0.0,11,13552,卖盘
822,13:12:19,12.32,0.0,11,13552,卖盘
823,13:14:55,12.33,0.01,1,1233,卖盘
824,13:15:01,12.33,0.0,8,9859,买盘
825,13:15:34,12.32,-0.01,32,39424,卖盘
826,13:15:52,12.31,-0.01,20,24620,卖盘
827,13:16:37,12.31,0.0,7,8617,卖盘
828,13:16:52,12.32,0.01,21,25872,买盘
829,13:17:40,12.32,0.0,5,6160,买盘
830,13:17:52,12.32,0.0,36,44352,买盘
831,13:18:07,12.32,0.0,3,3696,买盘
832,13:18:30,12.32,0.0,3,3696,买盘
833,13:18:34,12.32,0.0,5,6160,卖盘
834,13:18:45,12.32,0.0,53,65296,卖盘
835,13:19:36,12.32,0.0,2,2464,卖盘
836,13:19:55,12.32,0.0,3,3696,卖盘
837,13:19:58,12.32,0.0,5,6160,卖盘
838,13:20:04,12.32,0.0,1,1232,卖盘
839,13:20:21,12.32,0.0,8,9856,卖盘
840,13:20:31,12.33,0.01,34,41914,买盘
841,13:20:33,12.31,-0.02,31,38161,卖盘
842,13:20:37,12.31,0.0,7,8617,卖盘
843,13:20:40,12.3,-0.01,4,4920,卖盘
844,13:20:42,12.31,0.01,3,3693,买盘
845,13:20:49,12.3,-0.01,9,11076,卖盘
846,13:20:52,12.3,0.0,24,29520,卖盘
847,13:21:28,12.32,0.02,3,3696,卖盘
848,13:21:31,12.32,0.0,7,8624,卖盘
849,13:21:52,12.3,-0.02,44,54120,卖盘
850,13:22:07,12.29,-0.01,10,12290,卖盘
851,13:22:10,12.29,0.0,15,18435,卖盘
852,13:22:52,12.29,0.0,11,13519,卖盘
853,13:23:04,12.28,-0.01,20,24560,卖盘
854,13:23:06,12.28,0.0,5,6140,卖盘
855,13:23:13,12.28,0.0,50,61400,卖盘
856,13:23:16,12.28,0.0,12,14736,卖盘
857,13:23:40,12.28,0.0,1,1228,买盘
858,13:23:48,12.28,0.0,2,2456,买盘
859,13:24:04,12.28,0.0,3,3684,买盘
860,13:24:16,12.27,-0.01,23,28234,卖盘
861,13:24:21,12.28,0.01,5,6140,买盘
862,13:24:40,12.27,-0.01,111,136197,卖盘
863,13:24:52,12.26,-0.01,2,2452,卖盘
864,13:24:54,12.26,0.0,112,137312,卖盘
865,13:25:04,12.26,0.0,7,8582,卖盘
866,13:25:22,12.26,0.0,13,15938,卖盘
867,13:25:28,12.26,0.0,20,24520,买盘
868,13:25:31,12.26,0.0,10,12260,买盘
869,13:25:34,12.26,0.0,2,2452,买盘
870,13:25:37,12.25,-0.01,5,6125,卖盘
871,13:25:40,12.25,0.0,10,12250,卖盘
872,13:25:43,12.26,0.01,64,78464,买盘
873,13:25:46,12.26,0.0,4,4904,买盘
874,13:25:58,12.25,-0.01,3,3676,卖盘
875,13:26:27,12.26,0.01,24,29429,卖盘
876,13:26:46,12.26,0.0,1,1226,卖盘
877,13:27:01,12.27,0.01,33,40491,买盘
878,13:27:04,12.27,0.0,5,6135,买盘
879,13:27:07,12.27,0.0,69,84663,买盘
880,13:27:15,12.27,0.0,1,1227,卖盘
881,13:27:46,12.27,0.0,13,15951,卖盘
882,13:27:52,12.27,0.0,5,6135,买盘
883,13:27:58,12.27,0.0,10,12270,买盘
884,13:28:25,12.27,0.0,20,24540,买盘
885,13:28:37,12.26,-0.01,7,8582,卖盘
886,13:28:40,12.27,0.01,7,8589,买盘
887,13:28:43,12.27,0.0,1,1227,买盘
888,13:28:46,12.27,0.0,2,2454,买盘
889,13:28:51,12.27,0.0,1,1227,买盘
890,13:28:54,12.27,0.0,9,11043,买盘
891,13:29:22,12.26,-0.01,20,24530,卖盘
892,13:29:25,12.27,0.01,1,1227,买盘
893,13:29:34,12.27,0.0,6,7362,买盘
894,13:29:46,12.27,0.0,5,6135,买盘
895,13:29:51,12.27,0.0,30,36810,买盘
896,13:30:19,12.27,0.0,1,1227,卖盘
897,13:30:37,12.28,0.01,1,1228,买盘
898,13:30:51,12.28,0.0,9,11052,买盘
899,13:30:57,12.28,0.0,5,6140,买盘
900,13:31:22,12.28,0.0,1,1228,买盘
901,13:32:07,12.28,0.0,2,2456,买盘
902,13:32:15,12.28,0.0,150,184200,买盘
903,13:32:27,12.28,0.0,4,4912,买盘
904,13:32:31,12.28,0.0,9,11052,买盘
905,13:32:34,12.28,0.0,10,12280,买盘
906,13:32:51,12.28,0.0,13,15964,买盘
907,13:33:25,12.28,0.0,12,14736,卖盘
908,13:34:49,12.3,0.02,1,1230,买盘
909,13:34:55,12.3,0.0,12,14760,买盘
910,13:35:07,12.3,0.0,6,7380,买盘
911,13:35:19,12.3,0.0,1,1230,买盘
912,13:35:24,12.29,-0.01,8,9832,卖盘
913,13:35:49,12.28,-0.01,5,6140,卖盘
914,13:35:55,12.28,0.0,1,1228,卖盘
915,13:36:01,12.28,0.0,8,9824,卖盘
916,13:36:19,12.28,0.0,6,7368,卖盘
917,13:36:34,12.29,0.01,1,1229,买盘
918,13:36:43,12.28,-0.01,4,4912,卖盘
919,13:37:22,12.28,0.0,5,6140,卖盘
920,13:37:27,12.28,0.0,2,2456,卖盘
921,13:37:37,12.29,0.01,1,1229,买盘
922,13:37:40,12.28,-0.01,1,1228,卖盘
923,13:38:00,12.28,0.0,20,24560,卖盘
924,13:38:04,12.28,0.0,5,6140,卖盘
925,13:38:46,12.28,0.0,2,2456,卖盘
926,13:38:54,12.29,0.01,1,1229,买盘
927,13:39:09,12.29,0.0,6,7374,买盘
928,13:39:13,12.29,0.0,14,17206,买盘
929,13:39:52,12.3,0.01,1,1230,买盘
930,13:40:01,12.29,-0.01,5,6145,卖盘
931,13:40:30,12.28,-0.01,100,122808,卖盘
932,13:40:46,12.29,0.01,1,1229,卖盘
933,13:40:49,12.29,0.0,5,6145,买盘
934,13:41:04,12.28,-0.01,5,6140,卖盘
935,13:41:07,12.28,0.0,10,12280,买盘
936,13:41:19,12.29,0.01,7,8598,买盘
937,13:41:43,12.29,0.0,2,2458,买盘
938,13:41:51,12.29,0.0,1,1229,买盘
939,13:42:10,12.28,-0.01,18,22104,卖盘
940,13:42:19,12.29,0.01,10,12290,买盘
941,13:43:06,12.29,0.0,2,2458,买盘
942,13:43:16,12.29,0.0,2,2458,买盘
943,13:43:19,12.29,0.0,8,9832,买盘
944,13:43:40,12.29,0.0,1,1229,买盘
945,13:44:00,12.29,0.0,7,8603,买盘
946,13:44:10,12.3,0.01,5,6150,买盘
947,13:44:15,12.3,0.0,1,1230,买盘
948,13:45:04,12.3,0.0,5,6150,买盘
949,13:45:19,12.3,0.0,1,1230,买盘
950,13:45:37,12.29,-0.01,2,2458,卖盘
951,13:45:43,12.3,0.01,6,7380,买盘
952,13:46:22,12.3,0.0,1,1230,买盘
953,13:46:31,12.29,-0.01,7,8608,卖盘
954,13:46:48,12.28,-0.01,1,1228,卖盘
955,13:47:34,12.28,0.0,5,6140,卖盘
956,13:47:40,12.29,0.01,1,1229,买盘
957,13:47:51,12.29,0.0,2,2458,卖盘
958,13:48:10,12.3,0.01,3,3690,买盘
959,13:48:31,12.29,-0.01,1,1229,卖盘
960,13:48:46,12.3,0.01,3,3690,买盘
961,13:48:52,12.3,0.0,2,2460,买盘
962,13:49:00,12.29,-0.01,15,18436,卖盘
963,13:50:00,12.29,0.0,7,8604,卖盘
964,13:50:28,12.3,0.01,10,12300,买盘
965,13:50:31,12.29,-0.01,20,24580,卖盘
966,13:50:34,12.29,0.0,59,72520,卖盘
967,13:51:21,12.3,0.01,5,6149,买盘
968,13:51:27,12.3,0.0,6,7380,卖盘
969,13:51:46,12.3,0.0,1,1230,买盘
970,13:51:54,12.3,0.0,10,12300,买盘
971,13:52:10,12.3,0.0,13,15990,买盘
972,13:52:13,12.3,0.0,4,4920,卖盘
973,13:52:31,12.31,0.01,1,1231,买盘
974,13:52:36,12.31,0.0,6,7386,买盘
975,13:52:43,12.3,-0.01,2,2461,卖盘
976,13:53:04,12.31,0.01,25,30775,买盘
977,13:53:06,12.3,-0.01,8,9840,卖盘
978,13:53:37,12.3,0.0,1,1230,买盘
979,13:54:10,12.3,0.0,1,1230,买盘
980,13:54:22,12.3,0.0,3,3690,卖盘
981,13:54:31,12.3,0.0,8,9840,卖盘
982,13:54:34,12.29,-0.01,77,94639,卖盘
983,13:54:49,12.29,0.0,5,6145,买盘
984,13:54:52,12.29,0.0,17,20893,买盘
985,13:54:55,12.29,0.0,1,1229,买盘
986,13:55:15,12.3,0.01,1,1230,中性盘
987,13:55:19,12.3,0.0,1,1230,买盘
988,13:55:31,12.3,0.0,20,24600,买盘
989,13:55:40,12.3,0.0,5,6150,买盘
990,13:55:51,12.3,0.0,1,1230,买盘
991,13:56:07,12.31,0.01,3,3693,买盘
992,13:56:12,12.31,0.0,3,3693,买盘
993,13:56:28,12.31,0.0,1,1231,买盘
994,13:56:34,12.31,0.0,13,16003,买盘
995,13:56:46,12.31,0.0,3,3693,卖盘
996,13:56:52,12.32,0.01,22,27104,买盘
997,13:57:21,12.32,0.0,3,3696,买盘
998,13:57:25,12.32,0.0,4,4928,买盘
999,13:57:31,12.32,0.0,1,1232,买盘
1000,13:57:37,12.32,0.0,4,4928,买盘
1001,13:57:40,12.32,0.0,48,59136,买盘
1002,13:57:54,12.32,0.0,1,1232,卖盘
1003,13:59:13,12.32,0.0,10,12320,卖盘
1004,13:59:16,12.35,0.03,15,18525,买盘
1005,13:59:43,12.35,0.0,15,18525,买盘
1006,13:59:49,12.35,0.0,5,6175,买盘
1007,14:00:04,12.35,0.0,1,1235,买盘
1008,14:00:24,12.33,-0.02,2,2466,卖盘
1009,14:00:33,12.33,0.0,4,4932,买盘
1010,14:01:04,12.33,0.0,13,16029,买盘
1011,14:01:28,12.33,0.0,1,1233,卖盘
1012,14:01:40,12.33,0.0,1,1233,买盘
1013,14:02:49,12.31,-0.02,36,44346,卖盘
1014,14:03:10,12.31,0.0,2,2462,卖盘
1015,14:03:22,12.32,0.01,1,1232,买盘
1016,14:03:28,12.31,-0.01,9,11079,卖盘
1017,14:03:52,12.31,0.0,2,2462,卖盘
1018,14:04:01,12.32,0.01,1,1232,买盘
1019,14:04:16,12.31,-0.01,61,75091,卖盘
1020,14:04:30,12.31,0.0,18,22158,卖盘
1021,14:04:33,12.32,0.01,7,8624,买盘
1022,14:04:39,12.32,0.0,1,1232,买盘
1023,14:04:52,12.32,0.0,1,1232,卖盘
1024,14:05:10,12.33,0.01,1,1233,买盘
1025,14:05:25,12.32,-0.01,3,3696,卖盘
1026,14:05:54,12.31,-0.01,37,45551,卖盘
1027,14:06:22,12.31,0.0,10,12310,卖盘
1028,14:06:55,12.33,0.02,2,2466,买盘
1029,14:07:10,12.32,-0.01,1,1232,卖盘
1030,14:07:13,12.31,-0.01,96,118176,卖盘
1031,14:07:19,12.31,0.0,3,3693,买盘
1032,14:07:22,12.31,0.0,1,1231,买盘
1033,14:07:43,12.31,0.0,10,12310,卖盘
1034,14:07:46,12.35,0.04,6,7400,买盘
1035,14:07:49,12.31,-0.04,5,6155,卖盘
1036,14:08:13,12.35,0.04,5,6175,买盘
1037,14:08:31,12.35,0.0,19,23465,买盘
1038,14:08:46,12.35,0.0,25,30875,卖盘
1039,14:09:13,12.36,0.01,20,24711,买盘
1040,14:09:40,12.36,0.0,12,14832,买盘
1041,14:09:52,12.36,0.0,8,9888,卖盘
1042,14:10:04,12.42,0.06,862,1068266,买盘
1043,14:10:07,12.42,0.0,10,12420,卖盘
1044,14:10:10,12.43,0.01,38,47224,买盘
1045,14:10:13,12.43,0.0,1,1243,买盘
1046,14:10:19,12.43,0.0,193,240127,买盘
1047,14:10:22,12.46,0.03,11,13706,买盘
1048,14:10:37,12.45,-0.01,22,27393,买盘
1049,14:10:43,12.46,0.01,9,11214,买盘
1050,14:10:46,12.46,0.0,19,23674,买盘
1051,14:10:49,12.46,0.0,52,64787,买盘
1052,14:10:55,12.46,0.0,44,54824,买盘
1053,14:10:58,12.46,0.0,5,6230,卖盘
1054,14:11:01,12.46,0.0,3,3738,卖盘
1055,14:11:04,12.47,0.01,4,4988,买盘
1056,14:11:07,12.47,0.0,10,12470,卖盘
1057,14:11:10,12.5,0.03,419,523467,买盘
1058,14:11:13,12.5,0.0,101,126250,买盘
1059,14:11:16,12.5,0.0,32,40000,卖盘
1060,14:11:18,12.59,0.09,405,508993,买盘
1061,14:11:21,12.59,0.0,14,17626,买盘
1062,14:11:25,12.58,-0.01,47,59131,卖盘
1063,14:11:28,12.58,0.0,24,30192,卖盘
1064,14:11:31,12.58,0.0,94,118317,卖盘
1065,14:11:34,12.61,0.03,713,897989,买盘
1066,14:11:37,12.63,0.02,183,230863,买盘
1067,14:11:40,12.64,0.01,35,44235,买盘
1068,14:11:43,12.65,0.01,135,170745,买盘
1069,14:11:46,12.65,0.0,46,58215,买盘
1070,14:11:49,12.66,0.01,141,178456,买盘
1071,14:11:52,12.72,0.06,388,492394,买盘
1072,14:11:55,12.72,0.0,46,58508,买盘
1073,14:11:58,12.76,0.04,210,266989,买盘
1074,14:12:01,12.77,0.01,58,74023,买盘
1075,14:12:04,12.76,-0.01,206,263450,卖盘
1076,14:12:07,12.79,0.03,61,77945,中性盘
1077,14:12:10,12.8,0.01,119,152123,买盘
1078,14:12:13,12.78,-0.02,95,121494,卖盘
1079,14:12:16,12.85,0.07,138,176922,买盘
1080,14:12:19,12.8,-0.05,80,102535,卖盘
1081,14:12:22,12.79,-0.01,68,87077,卖盘
1082,14:12:25,12.8,0.01,47,60177,中性盘
1083,14:12:28,12.84,0.04,275,352995,买盘
1084,14:12:31,12.78,-0.06,81,103536,卖盘
1085,14:12:34,12.8,0.02,188,240404,买盘
1086,14:12:37,12.84,0.04,104,133331,买盘
1087,14:12:40,12.84,0.0,183,234888,买盘
1088,14:12:43,12.84,0.0,292,375149,卖盘
1089,14:12:46,12.83,-0.01,81,104059,卖盘
1090,14:12:49,12.81,-0.02,65,83280,中性盘
1091,14:12:51,12.8,-0.01,95,121625,卖盘
1092,14:12:55,12.84,0.04,111,142341,买盘
1093,14:12:58,12.83,-0.01,46,59018,卖盘
1094,14:13:01,12.8,-0.03,206,263803,卖盘
1095,14:13:04,12.8,0.0,111,142005,买盘
1096,14:13:07,12.77,-0.03,107,136972,卖盘
1097,14:13:10,12.8,0.03,26,33280,买盘
1098,14:13:13,12.77,-0.03,82,104805,卖盘
1099,14:13:18,12.76,-0.01,42,53603,卖盘
1100,14:13:22,12.77,0.01,76,97052,买盘
1101,14:13:25,12.74,-0.03,31,39551,卖盘
1102,14:13:31,12.75,0.01,14,17850,买盘
1103,14:13:34,12.74,-0.01,44,56094,卖盘
1104,14:13:37,12.74,0.0,55,70092,卖盘
1105,14:13:40,12.74,0.0,355,453434,卖盘
1106,14:13:43,12.74,0.0,15,19110,买盘
1107,14:13:46,12.74,0.0,37,47126,买盘
1108,14:13:48,12.72,-0.02,28,35634,卖盘
1109,14:13:51,12.72,0.0,80,101780,卖盘
1110,14:13:55,12.74,0.02,71,90404,买盘
1111,14:13:58,12.72,-0.02,35,44526,卖盘
1112,14:14:01,12.72,0.0,41,52157,买盘
1113,14:14:04,12.72,0.0,92,117029,买盘
1114,14:14:07,12.72,0.0,60,76320,买盘
1115,14:14:10,12.72,0.0,23,29256,买盘
1116,14:14:13,12.72,0.0,38,48360,卖盘
1117,14:14:16,12.74,0.02,112,142668,买盘
1118,14:14:19,12.72,-0.02,36,45800,卖盘
1119,14:14:22,12.74,0.02,147,187248,买盘
1120,14:14:25,12.74,0.0,63,80298,卖盘
1121,14:14:27,12.75,0.01,100,127483,买盘
1122,14:14:31,12.74,-0.01,45,57344,卖盘
1123,14:14:33,12.75,0.01,23,29365,卖盘
1124,14:14:37,12.75,0.0,66,84186,卖盘
1125,14:14:40,12.77,0.02,102,130074,买盘
1126,14:14:43,12.78,0.01,19,24270,买盘
1127,14:14:46,12.77,-0.01,24,30648,卖盘
1128,14:14:49,12.77,0.0,13,16601,卖盘
1129,14:14:52,12.78,0.01,16,20443,买盘
1130,14:14:55,12.78,0.0,61,77958,买盘
1131,14:14:58,12.79,0.01,192,245389,买盘
1132,14:15:01,12.77,-0.02,145,185349,卖盘
1133,14:15:04,12.78,0.01,14,17892,中性盘
1134,14:15:07,12.79,0.01,24,30696,卖盘
1135,14:15:10,12.77,-0.02,122,155918,卖盘
1136,14:15:13,12.79,0.02,267,341111,买盘
1137,14:15:16,12.8,0.01,139,177803,买盘
1138,14:15:18,12.76,-0.04,106,135533,卖盘
1139,14:15:22,12.76,0.0,20,25520,卖盘
1140,14:15:25,12.76,0.0,82,104613,买盘
1141,14:15:27,12.76,0.0,11,14036,买盘
1142,14:15:31,12.76,0.0,119,151702,买盘
1143,14:15:34,12.78,0.02,146,186340,买盘
1144,14:15:37,12.72,-0.06,30,38167,卖盘
1145,14:15:43,12.75,0.03,5,6371,买盘
1146,14:15:46,12.73,-0.02,14,17829,卖盘
1147,14:15:49,12.74,0.01,1,1274,买盘
1148,14:15:52,12.74,0.0,1,1274,买盘
1149,14:15:55,12.73,-0.01,54,68742,卖盘
1150,14:15:57,12.73,0.0,7,8911,卖盘
1151,14:16:00,12.73,0.0,57,72564,卖盘
1152,14:16:04,12.74,0.01,88,112062,买盘
1153,14:16:10,12.73,-0.01,47,59831,买盘
1154,14:16:13,12.73,0.0,7,8911,买盘
1155,14:16:16,12.71,-0.02,157,199680,卖盘
1156,14:16:18,12.72,0.01,84,106881,买盘
1157,14:16:24,12.71,-0.01,101,128371,卖盘
1158,14:16:28,12.71,0.0,10,12710,卖盘
1159,14:16:31,12.7,-0.01,16,20336,卖盘
1160,14:16:34,12.7,0.0,30,38100,卖盘
1161,14:16:46,12.69,-0.01,26,32994,卖盘
1162,14:16:49,12.68,-0.01,15,19028,卖盘
1163,14:16:52,12.69,0.01,20,25368,买盘
1164,14:16:55,12.68,-0.01,24,30432,卖盘
1165,14:16:58,12.68,0.0,31,39308,卖盘
1166,14:17:06,12.66,-0.02,11,13926,卖盘
1167,14:17:09,12.66,0.0,2,2532,买盘
1168,14:17:16,12.65,-0.01,17,21505,卖盘
1169,14:17:22,12.65,0.0,6,7590,买盘
1170,14:17:25,12.65,0.0,1,1265,买盘
1171,14:17:31,12.62,-0.03,3,3786,卖盘
1172,14:17:33,12.62,0.0,6,7572,卖盘
1173,14:17:40,12.65,0.03,95,120175,买盘
1174,14:17:43,12.65,0.0,24,30309,买盘
1175,14:17:46,12.65,0.0,20,25300,买盘
1176,14:17:49,12.67,0.02,125,158150,买盘
1177,14:17:52,12.67,0.0,10,12670,卖盘
1178,14:17:54,12.68,0.01,22,27876,买盘
1179,14:17:57,12.67,-0.01,25,31675,卖盘
1180,14:18:01,12.66,-0.01,33,41806,卖盘
1181,14:18:04,12.68,0.02,2,2536,买盘
1182,14:18:10,12.68,0.0,11,13944,买盘
1183,14:18:13,12.68,0.0,33,41820,买盘
1184,14:18:16,12.68,0.0,40,50720,买盘
1185,14:18:19,12.67,-0.01,4,5068,卖盘
1186,14:18:22,12.67,0.0,14,17728,买盘
1187,14:18:25,12.67,0.0,1,1267,卖盘
1188,14:18:28,12.67,0.0,6,7602,卖盘
1189,14:18:31,12.66,-0.01,22,27861,卖盘
1190,14:18:40,12.66,0.0,10,12660,买盘
1191,14:18:43,12.68,0.02,200,253379,买盘
1192,14:18:46,12.65,-0.03,20,25300,卖盘
1193,14:19:01,12.66,0.01,8,10128,卖盘
1194,14:19:04,12.67,0.01,1,1267,买盘
1195,14:19:07,12.67,0.0,11,13937,买盘
1196,14:19:16,12.67,0.0,4,5068,买盘
1197,14:19:19,12.68,0.01,39,49428,买盘
1198,14:19:22,12.68,0.0,19,24092,买盘
1199,14:19:28,12.67,-0.01,58,73536,卖盘
1200,14:19:31,12.67,0.0,82,103916,卖盘
1201,14:19:34,12.67,0.0,11,13937,买盘
1202,14:19:37,12.67,0.0,10,12670,买盘
1203,14:19:43,12.67,0.0,22,27874,买盘
1204,14:19:46,12.67,0.0,6,7602,买盘
1205,14:19:49,12.67,0.0,5,6335,买盘
1206,14:19:52,12.66,-0.01,3,3798,卖盘
1207,14:19:55,12.67,0.01,2,2534,买盘
1208,14:19:58,12.67,0.0,30,38010,买盘
1209,14:20:01,12.67,0.0,10,12670,买盘
1210,14:20:04,12.67,0.0,2,2534,买盘
1211,14:20:07,12.66,-0.01,5,6330,卖盘
1212,14:20:10,12.67,0.01,10,12670,买盘
1213,14:20:16,12.67,0.0,7,8869,买盘
1214,14:20:22,12.67,0.0,1,1267,买盘
1215,14:20:25,12.67,0.0,21,26607,买盘
1216,14:20:28,12.67,0.0,14,17738,买盘
1217,14:20:31,12.66,-0.01,2,2532,卖盘
1218,14:20:37,12.66,0.0,8,10128,卖盘
1219,14:20:40,12.67,0.01,35,44345,买盘
1220,14:20:43,12.67,0.0,25,31675,买盘
1221,14:20:46,12.67,0.0,6,7602,买盘
1222,14:20:49,12.67,0.0,23,29141,买盘
1223,14:20:52,12.67,0.0,5,6335,买盘
1224,14:20:55,12.67,0.0,7,8869,买盘
1225,14:20:58,12.66,-0.01,55,69675,卖盘
1226,14:21:01,12.66,0.0,16,20256,卖盘
1227,14:21:04,12.67,0.01,9,11398,中性盘
1228,14:21:10,12.68,0.01,10,12680,买盘
1229,14:21:13,12.68,0.0,11,13948,买盘
1230,14:21:19,12.66,-0.02,87,110225,卖盘
1231,14:21:25,12.69,0.03,5,6345,买盘
1232,14:21:31,12.69,0.0,37,46953,买盘
1233,14:21:37,12.69,0.0,4,5076,卖盘
1234,14:21:43,12.69,0.0,2,2538,卖盘
1235,14:21:46,12.7,0.01,7,8888,买盘
1236,14:21:49,12.69,-0.01,45,57135,卖盘
1237,14:21:52,12.69,0.0,30,38070,买盘
1238,14:21:55,12.69,0.0,1,1269,买盘
1239,14:21:58,12.69,0.0,1,1269,买盘
1240,14:22:01,12.69,0.0,14,17760,买盘
1241,14:22:05,12.7,0.01,52,66005,买盘
1242,14:22:10,12.7,0.0,5,6350,买盘
1243,14:22:16,12.69,-0.01,2,2538,买盘
1244,14:22:22,12.7,0.01,42,53326,买盘
1245,14:22:25,12.68,-0.02,30,38046,卖盘
1246,14:22:31,12.68,0.0,10,12680,卖盘
1247,14:22:34,12.69,0.01,4,5076,买盘
1248,14:22:40,12.68,-0.01,17,21556,卖盘
1249,14:22:43,12.69,0.01,53,67223,买盘
1250,14:22:46,12.69,0.0,13,16497,卖盘
1251,14:22:49,12.69,0.0,20,25380,卖盘
1252,14:23:00,12.69,0.0,87,110403,卖盘
1253,14:23:07,12.69,0.0,7,8883,买盘
1254,14:23:10,12.68,-0.01,2,2536,卖盘
1255,14:23:13,12.68,0.0,1,1268,卖盘
1256,14:23:16,12.68,0.0,29,36772,卖盘
1257,14:23:25,12.68,0.0,1,1268,买盘
1258,14:23:31,12.67,-0.01,5,6335,卖盘
1259,14:23:34,12.67,0.0,4,5068,卖盘
1260,14:23:37,12.67,0.0,2,2534,卖盘
1261,14:23:48,12.67,0.0,1,1267,买盘
1262,14:23:52,12.66,-0.01,22,27852,卖盘
1263,14:23:58,12.65,-0.01,50,63250,卖盘
1264,14:24:04,12.65,0.0,33,41746,卖盘
1265,14:24:19,12.63,-0.02,113,142770,卖盘
1266,14:24:28,12.63,0.0,4,5052,卖盘
1267,14:24:31,12.66,0.03,200,253005,买盘
1268,14:24:34,12.63,-0.03,21,26523,卖盘
1269,14:24:43,12.59,-0.04,350,441316,卖盘
1270,14:24:46,12.59,0.0,1,1259,买盘
1271,14:24:58,12.59,0.0,5,6295,买盘
1272,14:25:01,12.59,0.0,4,5036,买盘
1273,14:25:13,12.57,-0.02,62,78002,卖盘
1274,14:25:19,12.55,-0.02,1,1255,买盘
1275,14:25:28,12.55,0.0,5,6275,买盘
1276,14:25:31,12.54,-0.01,5,6270,卖盘
1277,14:25:34,12.54,0.0,17,21319,卖盘
1278,14:25:36,12.55,0.01,40,50170,买盘
1279,14:25:39,12.55,0.0,11,13796,买盘
1280,14:25:49,12.55,0.0,130,163100,买盘
1281,14:26:00,12.56,0.01,10,12570,中性盘
1282,14:26:07,12.58,0.02,3,3774,买盘
1283,14:26:22,12.59,0.01,5,6295,买盘
1284,14:26:25,12.59,0.0,48,60432,买盘
1285,14:26:28,12.59,0.0,3,3777,买盘
1286,14:26:30,12.59,0.0,10,12590,买盘
1287,14:26:33,12.59,0.0,63,79317,买盘
1288,14:26:40,12.59,0.0,2,2518,卖盘
1289,14:26:57,12.62,0.03,5,6310,买盘
1290,14:27:07,12.63,0.01,3,3789,买盘
1291,14:27:16,12.63,0.0,8,10102,买盘
1292,14:27:22,12.63,0.0,2,2526,买盘
1293,14:27:31,12.63,0.0,1,1263,买盘
1294,14:27:40,12.67,0.04,170,215282,买盘
1295,14:27:58,12.64,-0.03,39,49334,卖盘
1296,14:28:01,12.64,0.0,19,24016,买盘
1297,14:28:07,12.65,0.01,31,39205,买盘
1298,14:28:10,12.65,0.0,10,12650,买盘
1299,14:28:13,12.65,0.0,4,5060,买盘
1300,14:28:19,12.64,-0.01,2,2529,卖盘
1301,14:28:22,12.65,0.01,19,24035,买盘
1302,14:28:28,12.64,-0.01,17,21488,卖盘
1303,14:28:31,12.64,0.0,29,36656,卖盘
1304,14:28:49,12.63,-0.01,6,7579,卖盘
1305,14:28:58,12.63,0.0,5,6315,卖盘
1306,14:29:00,12.64,0.01,12,15159,买盘
1307,14:29:04,12.62,-0.02,19,23978,卖盘
1308,14:29:07,12.62,0.0,44,55528,卖盘
1309,14:29:19,12.61,-0.01,3,3785,卖盘
1310,14:29:31,12.61,0.0,9,11349,卖盘
1311,14:29:34,12.6,-0.01,50,63000,卖盘
1312,14:29:46,12.6,0.0,45,56700,卖盘
1313,14:29:52,12.6,0.0,34,42844,卖盘
1314,14:30:01,12.6,0.0,50,63000,卖盘
1315,14:30:13,12.6,0.0,2,2520,卖盘
1316,14:30:16,12.61,0.01,5,6305,买盘
1317,14:30:19,12.6,-0.01,10,12600,卖盘
1318,14:30:31,12.61,0.01,1,1261,买盘
1319,14:30:40,12.61,0.0,26,32786,买盘
1320,14:30:46,12.61,0.0,18,22698,买盘
1321,14:30:49,12.61,0.0,11,13871,买盘
1322,14:30:55,12.6,-0.01,7,8820,卖盘
1323,14:30:58,12.61,0.01,1,1261,买盘
1324,14:31:01,12.61,0.0,3,3783,买盘
1325,14:31:04,12.6,-0.01,50,63000,卖盘
1326,14:31:10,12.61,0.01,66,83226,买盘
1327,14:31:13,12.6,-0.01,6,7560,卖盘
1328,14:31:18,12.6,0.0,50,63000,卖盘
1329,14:31:28,12.61,0.01,26,32786,买盘
1330,14:31:31,12.61,0.0,30,37830,买盘
1331,14:31:43,12.62,0.01,70,88271,买盘
1332,14:31:49,12.62,0.0,2,2524,买盘
1333,14:32:00,12.62,0.0,3,3786,买盘
1334,14:32:04,12.62,0.0,3,3786,卖盘
1335,14:32:07,12.62,0.0,8,10096,买盘
1336,14:32:19,12.61,-0.01,22,27742,卖盘
1337,14:32:28,12.61,0.0,6,7566,买盘
1338,14:32:31,12.61,0.0,6,7566,买盘
1339,14:32:34,12.61,0.0,9,11349,买盘
1340,14:32:40,12.6,-0.01,50,63000,卖盘
1341,14:32:43,12.61,0.01,9,11349,买盘
1342,14:32:49,12.61,0.0,11,13871,卖盘
1343,14:32:52,12.6,-0.01,11,13860,卖盘
1344,14:33:04,12.61,0.01,5,6305,买盘
1345,14:33:07,12.59,-0.02,56,70522,卖盘
1346,14:33:10,12.6,0.01,5,6298,买盘
1347,14:33:22,12.58,-0.02,42,52884,卖盘
1348,14:33:25,12.58,0.0,10,12580,卖盘
1349,14:33:40,12.59,0.01,1,1259,卖盘
1350,14:33:52,12.59,0.0,8,10072,卖盘
1351,14:34:01,12.59,0.0,10,12590,买盘
1352,14:34:04,12.58,-0.01,5,6290,卖盘
1353,14:34:19,12.59,0.01,38,47808,买盘
1354,14:34:34,12.58,-0.01,5,6290,卖盘
1355,14:34:43,12.58,0.0,5,6290,卖盘
1356,14:34:52,12.58,0.0,14,17622,卖盘
1357,14:34:58,12.58,0.0,103,129574,卖盘
1358,14:35:13,12.58,0.0,9,11322,买盘
1359,14:35:16,12.58,0.0,19,23902,买盘
1360,14:35:31,12.58,0.0,7,8806,买盘
1361,14:35:34,12.58,0.0,1,1258,买盘
1362,14:35:37,12.58,0.0,1,1258,买盘
1363,14:35:46,12.59,0.01,90,113286,买盘
1364,14:36:01,12.6,0.01,128,161171,买盘
1365,14:36:04,12.6,0.0,45,56700,买盘
1366,14:36:19,12.6,0.0,1,1260,买盘
1367,14:36:22,12.6,0.0,41,51660,买盘
1368,14:36:34,12.6,0.0,4,5040,卖盘
1369,14:36:46,12.6,0.0,32,40320,卖盘
1370,14:36:49,12.61,0.01,36,45396,买盘
1371,14:36:52,12.6,-0.01,84,105912,卖盘
1372,14:36:58,12.61,0.01,66,83226,卖盘
1373,14:37:07,12.61,0.0,5,6305,卖盘
1374,14:37:13,12.61,0.0,2,2522,卖盘
1375,14:37:25,12.62,0.01,1,1262,买盘
1376,14:37:34,12.62,0.0,1,1262,买盘
1377,14:37:37,12.61,-0.01,15,18915,卖盘
1378,14:37:40,12.62,0.01,42,53004,买盘
1379,14:38:01,12.62,0.0,5,6310,买盘
1380,14:38:04,12.61,-0.01,2,2522,卖盘
1381,14:38:10,12.61,0.0,20,25220,卖盘
1382,14:38:16,12.61,0.0,13,16403,卖盘
1383,14:38:19,12.61,0.0,23,29011,买盘
1384,14:38:43,12.6,-0.01,20,25200,卖盘
1385,14:38:55,12.6,0.0,8,10080,卖盘
1386,14:39:04,12.6,0.0,14,17640,卖盘
1387,14:39:07,12.61,0.01,10,12610,买盘
1388,14:39:13,12.6,-0.01,100,126000,卖盘
1389,14:39:16,12.61,0.01,16,20176,买盘
1390,14:39:19,12.6,-0.01,12,15120,卖盘
1391,14:39:22,12.6,0.0,11,13860,买盘
1392,14:39:25,12.6,0.0,23,28980,买盘
1393,14:39:52,12.59,-0.01,15,18890,卖盘
1394,14:39:55,12.61,0.02,15,18904,买盘
1395,14:40:04,12.6,-0.01,5,6300,卖盘
1396,14:40:10,12.61,0.01,7,8827,买盘
1397,14:40:25,12.61,0.0,13,16393,买盘
1398,14:40:28,12.61,0.0,8,10088,买盘
1399,14:40:31,12.6,-0.01,6,7560,卖盘
1400,14:40:34,12.62,0.02,3,3785,买盘
1401,14:40:37,12.6,-0.02,10,12600,卖盘
1402,14:40:43,12.62,0.02,5,6310,买盘
1403,14:40:52,12.62,0.0,2,2524,买盘
1404,14:40:58,12.62,0.0,5,6310,卖盘
1405,14:41:01,12.62,0.0,1,1262,卖盘
1406,14:41:10,12.62,0.0,41,51742,卖盘
1407,14:41:31,12.62,0.0,52,65624,卖盘
1408,14:41:34,12.63,0.01,5,6315,买盘
1409,14:41:37,12.62,-0.01,1,1262,卖盘
1410,14:41:49,12.62,0.0,12,15151,卖盘
1411,14:42:04,12.62,0.0,21,26522,卖盘
1412,14:42:10,12.62,0.0,10,12626,卖盘
1413,14:42:13,12.63,0.01,30,37890,买盘
1414,14:42:22,12.63,0.0,3,3789,买盘
1415,14:42:25,12.62,-0.01,30,37860,卖盘
1416,14:42:28,12.63,0.01,10,12630,买盘
1417,14:42:31,12.63,0.0,13,16419,买盘
1418,14:42:49,12.63,0.0,20,25260,买盘
1419,14:42:55,12.63,0.0,5,6315,卖盘
1420,14:42:58,12.64,0.01,93,117552,买盘
1421,14:43:07,12.64,0.0,3,3792,卖盘
1422,14:43:16,12.65,0.01,3,3795,买盘
1423,14:43:19,12.65,0.0,114,144210,买盘
1424,14:43:28,12.65,0.0,27,34155,卖盘
1425,14:43:31,12.66,0.01,44,55704,买盘
1426,14:43:37,12.66,0.0,45,56970,买盘
1427,14:43:40,12.66,0.0,12,15192,买盘
1428,14:43:46,12.66,0.0,4,5064,卖盘
1429,14:43:55,12.67,0.01,5,6335,买盘
1430,14:43:58,12.67,0.0,6,7602,买盘
1431,14:44:01,12.67,0.0,54,68413,买盘
1432,14:44:04,12.67,0.0,5,6335,卖盘
1433,14:44:13,12.67,0.0,33,41819,卖盘
1434,14:44:16,12.67,0.0,15,19010,卖盘
1435,14:44:19,12.68,0.01,21,26625,买盘
1436,14:44:22,12.68,0.0,2,2536,卖盘
1437,14:44:28,12.68,0.0,38,48184,卖盘
1438,14:44:31,12.68,0.0,7,8876,卖盘
1439,14:44:34,12.69,0.01,70,88830,买盘
1440,14:44:40,12.7,0.01,32,40638,买盘
1441,14:44:43,12.69,-0.01,27,34263,卖盘
1442,14:44:49,12.69,0.0,40,50750,卖盘
1443,14:44:52,12.69,0.0,1,1269,卖盘
1444,14:44:55,12.7,0.01,2,2540,买盘
1445,14:44:58,12.7,0.0,18,22853,买盘
1446,14:45:01,12.7,0.0,5,6350,买盘
1447,14:45:04,12.7,0.0,4,5080,买盘
1448,14:45:07,12.7,0.0,1,1270,买盘
1449,14:45:10,12.7,0.0,2,2540,买盘
1450,14:45:13,12.7,0.0,14,17780,买盘
1451,14:45:16,12.7,0.0,1,1270,买盘
1452,14:45:19,12.7,0.0,1,1270,买盘
1453,14:45:22,12.7,0.0,20,25400,买盘
1454,14:45:25,12.7,0.0,1,1270,买盘
1455,14:45:31,12.7,0.0,14,17780,买盘
1456,14:45:34,12.7,0.0,18,22860,买盘
1457,14:45:37,12.7,0.0,299,379612,买盘
1458,14:45:43,12.7,0.0,58,73652,买盘
1459,14:45:46,12.7,0.0,5,6350,卖盘
1460,14:45:49,12.7,0.0,15,19050,卖盘
1461,14:45:52,12.71,0.01,34,43214,买盘
1462,14:45:55,12.7,-0.01,3,3810,卖盘
1463,14:45:58,12.71,0.01,13,16523,买盘
1464,14:46:01,12.7,-0.01,5,6350,卖盘
1465,14:46:04,12.72,0.02,54,68682,买盘
1466,14:46:10,12.71,-0.01,60,76285,卖盘
1467,14:46:22,12.72,0.01,4,5088,买盘
1468,14:46:28,12.71,-0.01,77,97868,卖盘
1469,14:46:34,12.71,0.0,34,43194,买盘
1470,14:46:40,12.7,-0.01,161,204470,卖盘
1471,14:46:49,12.72,0.02,441,560716,买盘
1472,14:46:52,12.7,-0.02,24,30480,卖盘
1473,14:46:55,12.7,0.0,14,17780,卖盘
1474,14:46:58,12.72,0.02,110,139776,买盘
1475,14:47:01,12.7,-0.02,14,17780,买盘
1476,14:47:04,12.7,0.0,40,50800,买盘
1477,14:47:07,12.7,0.0,23,29210,卖盘
1478,14:47:10,12.7,0.0,30,38100,卖盘
1479,14:47:13,12.7,0.0,7,8890,卖盘
1480,14:47:22,12.7,0.0,45,57190,卖盘
1481,14:47:25,12.7,0.0,41,52071,卖盘
1482,14:47:28,12.7,0.0,55,69850,卖盘
1483,14:47:34,12.7,0.0,17,21590,卖盘
1484,14:47:52,12.7,0.0,25,31750,买盘
1485,14:47:55,12.69,-0.01,25,31725,卖盘
1486,14:48:01,12.69,0.0,8,10152,卖盘
1487,14:48:16,12.69,0.0,72,91368,卖盘
1488,14:48:25,12.69,0.0,29,36801,卖盘
1489,14:48:28,12.69,0.0,228,289332,卖盘
1490,14:48:31,12.69,0.0,10,12690,卖盘
1491,14:48:34,12.69,0.0,17,21573,卖盘
1492,14:48:37,12.7,0.01,121,153561,买盘
1493,14:48:43,12.7,0.0,260,330092,买盘
1494,14:48:46,12.69,-0.01,3,3807,中性盘
1495,14:48:49,12.69,0.0,1,1269,卖盘
1496,14:48:52,12.68,-0.01,7,8882,卖盘
1497,14:49:04,12.68,0.0,7,8876,卖盘
1498,14:49:07,12.68,0.0,45,57910,卖盘
1499,14:49:10,12.68,0.0,21,26639,卖盘
1500,14:49:19,12.69,0.01,69,87561,买盘
1501,14:49:22,12.68,-0.01,23,29164,卖盘
1502,14:49:25,12.69,0.01,18,22841,买盘
1503,14:49:31,12.69,0.0,10,12690,卖盘
1504,14:49:37,12.69,0.0,10,12690,卖盘
1505,14:49:40,12.69,0.0,5,6345,卖盘
1506,14:49:43,12.69,0.0,43,54587,卖盘
1507,14:49:46,12.69,0.0,45,57105,卖盘
1508,14:49:58,12.69,0.0,104,131976,卖盘
1509,14:50:04,12.7,0.01,46,58416,买盘
1510,14:50:13,12.68,-0.02,38,48184,卖盘
1511,14:50:16,12.69,0.01,5,6345,买盘
1512,14:50:19,12.7,0.01,10,12698,买盘
1513,14:50:22,12.69,-0.01,7,8888,卖盘
1514,14:50:31,12.69,0.0,16,20304,卖盘
1515,14:50:34,12.69,0.0,10,12690,买盘
1516,14:50:40,12.69,0.0,10,12690,买盘
1517,14:50:43,12.69,0.0,12,15228,买盘
1518,14:50:52,12.69,0.0,2,2538,卖盘
1519,14:50:58,12.69,0.0,14,17766,买盘
1520,14:51:01,12.67,-0.02,100,126767,卖盘
1521,14:51:04,12.7,0.03,50,63472,买盘
1522,14:51:07,12.68,-0.02,23,29176,中性盘
1523,14:51:10,12.69,0.01,10,12686,买盘
1524,14:51:31,12.67,-0.02,5,6335,卖盘
1525,14:51:34,12.69,0.02,7,8883,买盘
1526,14:51:37,12.67,-0.02,20,25340,卖盘
1527,14:51:43,12.67,0.0,18,22806,卖盘
1528,14:51:46,12.69,0.02,20,25380,买盘
1529,14:51:49,12.67,-0.02,5,6335,卖盘
1530,14:51:58,12.67,0.0,2,2534,卖盘
1531,14:52:01,12.67,0.0,3,3801,卖盘
1532,14:52:07,12.67,0.0,30,38010,卖盘
1533,14:52:13,12.67,0.0,5,6335,卖盘
1534,14:52:16,12.65,-0.02,156,197535,卖盘
1535,14:52:22,12.68,0.03,48,60864,买盘
1536,14:52:37,12.67,-0.01,1,1267,买盘
1537,14:52:46,12.66,-0.01,3,3798,卖盘
1538,14:52:49,12.67,0.01,86,108962,买盘
1539,14:52:55,12.66,-0.01,39,49374,卖盘
1540,14:52:58,12.66,0.0,5,6330,买盘
1541,14:53:01,12.66,0.0,10,12660,买盘
1542,14:53:04,12.65,-0.01,238,301116,卖盘
1543,14:53:07,12.65,0.0,51,64565,卖盘
1544,14:53:13,12.66,0.01,4,5064,卖盘
1545,14:53:16,12.66,0.0,7,8862,卖盘
1546,14:53:19,12.65,-0.01,95,120192,卖盘
1547,14:53:25,12.65,0.0,7,8855,买盘
1548,14:53:40,12.66,0.01,9,11394,买盘
1549,14:53:43,12.65,-0.01,12,15185,卖盘
1550,14:53:46,12.65,0.0,21,26565,卖盘
1551,14:53:49,12.65,0.0,10,12650,卖盘
1552,14:53:52,12.65,0.0,10,12650,卖盘
1553,14:53:55,12.66,0.01,5,6330,买盘
1554,14:53:58,12.66,0.0,13,16455,买盘
1555,14:54:01,12.66,0.0,5,6330,买盘
1556,14:54:04,12.66,0.0,24,30384,买盘
1557,14:54:07,12.66,0.0,33,41778,买盘
1558,14:54:10,12.66,0.0,6,7596,卖盘
1559,14:54:19,12.66,0.0,30,37980,卖盘
1560,14:54:25,12.66,0.0,123,155718,卖盘
1561,14:54:28,12.66,0.0,21,26586,卖盘
1562,14:54:31,12.67,0.01,4,5068,买盘
1563,14:54:34,12.66,-0.01,11,13926,卖盘
1564,14:54:37,12.66,0.0,10,12660,卖盘
1565,14:54:40,12.66,0.0,18,22788,卖盘
1566,14:54:43,12.66,0.0,8,10128,卖盘
1567,14:54:46,12.66,0.0,6,7596,卖盘
1568,14:54:49,12.66,0.0,74,93740,卖盘
1569,14:54:52,12.67,0.01,48,60816,买盘
1570,14:54:58,12.66,-0.01,41,51927,卖盘
1571,14:55:01,12.67,0.01,129,163443,买盘
1572,14:55:04,12.66,-0.01,38,48127,卖盘
1573,14:55:07,12.67,0.01,1,1267,买盘
1574,14:55:13,12.67,0.0,14,17728,买盘
1575,14:55:16,12.66,-0.01,51,64577,卖盘
1576,14:55:22,12.67,0.01,131,165977,买盘
1577,14:55:25,12.67,0.0,9,11403,卖盘
1578,14:55:28,12.67,0.0,5,6335,卖盘
1579,14:55:34,12.67,0.0,3,3801,卖盘
1580,14:55:37,12.67,0.0,5,6335,卖盘
1581,14:55:40,12.67,0.0,1,1267,卖盘
1582,14:55:43,12.68,0.01,8,10144,买盘
1583,14:55:46,12.67,-0.01,39,49433,卖盘
1584,14:55:52,12.67,0.0,8,10136,卖盘
1585,14:55:55,12.68,0.01,17,21556,买盘
1586,14:55:58,12.67,-0.01,10,12670,卖盘
1587,14:56:01,12.67,0.0,17,21539,卖盘
1588,14:56:04,12.68,0.01,25,31700,买盘
1589,14:56:07,12.67,-0.01,5,6335,卖盘
1590,14:56:10,12.68,0.01,105,133140,买盘
1591,14:56:13,12.68,0.0,27,34236,卖盘
1592,14:56:16,12.68,0.0,173,219364,卖盘
1593,14:56:19,12.67,-0.01,30,38011,卖盘
1594,14:56:22,12.68,0.01,2,2536,买盘
1595,14:56:25,12.68,0.0,10,12680,买盘
1596,14:56:28,12.67,-0.01,118,149606,卖盘
1597,14:56:34,12.68,0.01,107,135662,买盘
1598,14:56:37,12.68,0.0,60,76080,卖盘
1599,14:56:40,12.68,0.0,69,87492,卖盘
1600,14:56:43,12.69,0.01,5,6341,买盘
1601,14:56:52,12.68,-0.01,12,15216,买盘
1602,14:56:55,12.68,0.0,67,84894,买盘
1603,14:56:58,12.68,0.0,27,34236,买盘
1604,14:57:01,12.68,0.0,8,10144,买盘
1605,14:57:04,12.69,0.01,5,6345,买盘
1606,15:00:05,12.69,0.0,703,892107,卖盘
