,time,price,change,volume,amount,type
0,09:25:04,4.32,-0.02,29,12528,卖盘
1,09:30:04,4.31,-0.01,161,69391,卖盘
2,09:30:06,4.31,0.0,37,15947,买盘
3,09:30:09,4.3,-0.01,3,1345,卖盘
4,09:30:13,4.31,0.01,12,5172,买盘
5,09:30:19,4.31,0.0,29,12499,买盘
6,09:30:27,4.31,0.0,17,7327,买盘
7,09:30:31,4.31,0.0,6,2586,买盘
8,09:30:34,4.31,0.0,2,862,买盘
9,09:30:43,4.31,0.0,2,862,买盘
10,09:30:55,4.31,0.0,5,2155,买盘
11,09:31:04,4.32,0.01,83,35856,买盘
12,09:31:10,4.31,-0.01,19,8189,卖盘
13,09:31:12,4.32,0.01,42,18144,买盘
14,09:31:22,4.32,0.0,20,8640,买盘
15,09:31:25,4.32,0.0,21,9072,买盘
16,09:31:28,4.32,0.0,1,432,卖盘
17,09:31:37,4.33,0.01,110,47630,买盘
18,09:31:39,4.33,0.0,6,2598,买盘
19,09:31:42,4.33,0.0,55,23812,买盘
20,09:31:52,4.33,0.0,28,12124,买盘
21,09:31:55,4.32,-0.01,4,1728,卖盘
22,09:31:57,4.32,0.0,94,40608,卖盘
23,09:32:01,4.32,0.0,48,20736,买盘
24,09:32:12,4.32,0.0,30,12960,买盘
25,09:32:22,4.32,0.0,24,10368,买盘
26,09:32:25,4.32,0.0,5,2160,买盘
27,09:32:27,4.32,0.0,10,4320,买盘
28,09:32:30,4.32,0.0,5,2160,买盘
29,09:32:33,4.33,0.01,12,5189,买盘
30,09:32:43,4.33,0.0,66,28578,买盘
31,09:32:46,4.33,0.0,5,2165,买盘
32,09:32:48,4.33,0.0,5,2165,买盘
33,09:32:51,4.33,0.0,22,9526,买盘
34,09:32:58,4.33,0.0,4,1732,买盘
35,09:33:01,4.33,0.0,19,8227,买盘
36,09:33:04,4.34,0.01,5,2170,买盘
37,09:33:12,4.34,0.0,183,79422,买盘
38,09:33:19,4.33,-0.01,10,4330,卖盘
39,09:33:21,4.33,0.0,22,9526,买盘
40,09:33:30,4.34,0.01,23,9982,买盘
41,09:33:33,4.34,0.0,99,42966,买盘
42,09:33:36,4.34,0.0,1,434,买盘
43,09:33:42,4.34,0.0,28,12152,买盘
44,09:33:45,4.34,0.0,32,13888,买盘
45,09:34:01,4.35,0.01,4,1740,买盘
46,09:34:04,4.35,0.0,11,4785,买盘
47,09:34:09,4.34,-0.01,4,1736,卖盘
48,09:34:13,4.34,0.0,26,11284,卖盘
49,09:34:16,4.33,-0.01,1,433,卖盘
50,09:34:18,4.33,0.0,1,433,卖盘
51,09:35:00,4.33,0.0,6,2598,卖盘
52,09:35:25,4.32,-0.01,16,6922,卖盘
53,09:35:27,4.34,0.02,11,4768,买盘
54,09:35:37,4.34,0.0,12,5208,买盘
55,09:35:39,4.34,0.0,49,21266,买盘
56,09:35:46,4.34,0.0,5,2170,买盘
57,09:35:49,4.34,0.0,5,2170,买盘
58,09:35:52,4.34,0.0,44,19096,买盘
59,09:36:00,4.35,0.01,10,4350,买盘
60,09:36:04,4.35,0.0,4,1740,买盘
61,09:36:06,4.35,0.0,5,2175,买盘
62,09:36:10,4.35,0.0,6,2610,买盘
63,09:36:27,4.35,0.0,5,2175,买盘
64,09:36:33,4.35,0.0,8,3480,买盘
65,09:36:48,4.34,-0.01,21,9114,买盘
66,09:36:52,4.34,0.0,9,3906,买盘
67,09:36:57,4.34,0.0,12,5208,买盘
68,09:37:18,4.34,0.0,1,434,买盘
69,09:37:30,4.34,0.0,52,22524,买盘
70,09:37:36,4.34,0.0,2,868,买盘
71,09:38:06,4.34,0.0,32,13888,买盘
72,09:38:15,4.34,0.0,5,2170,买盘
73,09:38:57,4.34,0.0,11,4774,买盘
74,09:39:00,4.33,-0.01,7,3031,卖盘
75,09:39:04,4.34,0.01,2,868,买盘
76,09:39:12,4.33,-0.01,10,4330,卖盘
77,09:39:18,4.34,0.01,89,38626,买盘
78,09:39:21,4.34,0.0,1,434,买盘
79,09:39:27,4.34,0.0,9,3906,卖盘
80,09:39:33,4.34,0.0,5,2170,买盘
81,09:39:45,4.33,-0.01,4,1732,卖盘
82,09:39:51,4.33,0.0,200,86600,卖盘
83,09:39:54,4.33,0.0,7,3027,买盘
84,09:39:57,4.33,0.0,4,1732,买盘
85,09:40:03,4.33,0.0,27,11691,卖盘
86,09:40:06,4.32,-0.01,8,3456,卖盘
87,09:40:10,4.33,0.01,32,13856,买盘
88,09:40:12,4.33,0.0,35,15155,买盘
89,09:40:15,4.34,0.01,5,2170,买盘
90,09:40:18,4.34,0.0,10,4340,买盘
91,09:40:24,4.33,-0.01,43,18619,卖盘
92,09:40:30,4.33,0.0,20,8660,卖盘
93,09:41:00,4.33,0.0,100,43300,卖盘
94,09:41:03,4.33,0.0,6,2598,卖盘
95,09:41:06,4.33,0.0,53,22949,卖盘
96,09:41:09,4.33,0.0,1,433,买盘
97,09:41:15,4.34,0.01,4,1736,买盘
98,09:41:18,4.32,-0.02,12,5184,卖盘
99,09:42:24,4.32,0.0,6,2592,卖盘
100,09:42:33,4.34,0.02,4,1736,买盘
101,09:42:36,4.33,-0.01,1,433,买盘
102,09:42:49,4.32,-0.01,3,1296,卖盘
103,09:42:57,4.32,0.0,10,4320,卖盘
104,09:43:06,4.32,0.0,4,1728,卖盘
105,09:43:15,4.32,0.0,1,432,卖盘
106,09:43:33,4.32,0.0,1,432,卖盘
107,09:43:40,4.33,0.01,2,866,买盘
108,09:43:45,4.32,-0.01,1,432,卖盘
109,09:44:12,4.31,-0.01,400,172586,卖盘
110,09:44:15,4.31,0.0,24,10344,卖盘
111,09:45:03,4.31,0.0,150,64650,卖盘
112,09:45:09,4.31,0.0,2,862,卖盘
113,09:45:12,4.32,0.01,1,432,买盘
114,09:45:21,4.31,-0.01,2,862,卖盘
115,09:45:48,4.32,0.01,30,12960,买盘
116,09:46:04,4.31,-0.01,74,31903,卖盘
117,09:46:06,4.32,0.01,141,60912,买盘
118,09:46:09,4.32,0.0,17,7342,买盘
119,09:46:15,4.33,0.01,65,28108,买盘
120,09:46:21,4.33,0.0,5,2165,买盘
121,09:46:33,4.33,0.0,8,3464,买盘
122,09:46:39,4.32,-0.01,2,864,卖盘
123,09:47:04,4.33,0.01,5,2165,买盘
124,09:47:12,4.33,0.0,9,3897,买盘
125,09:47:28,4.32,-0.01,2,864,卖盘
126,09:47:36,4.33,0.01,24,10392,买盘
127,09:47:48,4.32,-0.01,150,64800,卖盘
128,09:48:00,4.33,0.01,4,1732,买盘
129,09:48:04,4.33,0.0,10,4330,买盘
130,09:48:24,4.33,0.0,3,1299,买盘
131,09:48:43,4.33,0.0,7,3031,买盘
132,09:48:51,4.33,0.0,8,3464,买盘
133,09:49:09,4.33,0.0,4,1732,买盘
134,09:49:31,4.33,0.0,10,4330,买盘
135,09:49:36,4.33,0.0,11,4758,买盘
136,09:49:46,4.33,0.0,2,866,买盘
137,09:49:48,4.32,-0.01,1,432,卖盘
138,09:49:51,4.33,0.01,30,12990,买盘
139,09:50:06,4.32,-0.01,21,9072,卖盘
140,09:50:12,4.32,0.0,5,2160,买盘
141,09:50:15,4.32,0.0,37,15983,买盘
142,09:50:21,4.31,-0.01,2,862,卖盘
143,09:50:24,4.32,0.01,21,9072,买盘
144,09:50:27,4.32,0.0,1,432,卖盘
145,09:51:06,4.32,0.0,1,432,卖盘
146,09:51:15,4.32,0.0,88,38016,卖盘
147,09:51:18,4.32,0.0,1,432,买盘
148,09:51:21,4.32,0.0,15,6482,卖盘
149,09:51:24,4.31,-0.01,2,862,卖盘
150,09:51:36,4.32,0.01,39,16848,买盘
151,09:51:39,4.32,0.0,14,6048,卖盘
152,09:51:45,4.32,0.0,1,432,卖盘
153,09:51:48,4.32,0.0,1,432,卖盘
154,09:51:51,4.32,0.0,1,432,卖盘
155,09:51:54,4.32,0.0,1,432,卖盘
156,09:51:57,4.32,0.0,1,432,卖盘
157,09:52:00,4.32,0.0,2,864,卖盘
158,09:52:04,4.32,0.0,6,2592,卖盘
159,09:52:06,4.32,0.0,1,432,卖盘
160,09:52:09,4.32,0.0,1,432,卖盘
161,09:52:13,4.32,0.0,1,432,卖盘
162,09:52:16,4.32,0.0,2,864,卖盘
163,09:52:18,4.32,0.0,1,432,卖盘
164,09:52:21,4.32,0.0,1,432,卖盘
165,09:52:24,4.32,0.0,1,432,卖盘
166,09:52:27,4.32,0.0,1,432,卖盘
167,09:52:30,4.32,0.0,3,1296,卖盘
168,09:52:33,4.32,0.0,1,432,卖盘
169,09:52:36,4.32,0.0,1,432,卖盘
170,09:52:39,4.32,0.0,1,432,卖盘
171,09:52:42,4.32,0.0,1,432,卖盘
172,09:52:45,4.33,0.01,2,865,买盘
173,09:52:48,4.32,-0.01,1,432,卖盘
174,09:52:51,4.32,0.0,1,432,卖盘
175,09:52:54,4.32,0.0,1,432,卖盘
176,09:52:58,4.32,0.0,1,432,卖盘
177,09:53:00,4.32,0.0,1,432,卖盘
178,09:53:04,4.32,0.0,1,432,卖盘
179,09:53:06,4.33,0.01,7,3030,买盘
180,09:53:09,4.32,-0.01,1,432,卖盘
181,09:53:24,4.32,0.0,2,864,卖盘
182,09:53:36,4.33,0.01,6,2598,买盘
183,09:54:04,4.33,0.0,4,1732,买盘
184,09:54:12,4.32,-0.01,1,432,卖盘
185,09:54:15,4.32,0.0,1,432,卖盘
186,09:54:18,4.32,0.0,1,432,卖盘
187,09:54:21,4.32,0.0,1,432,卖盘
188,09:54:24,4.32,0.0,3,1296,卖盘
189,09:54:27,4.32,0.0,1,432,卖盘
190,09:54:30,4.33,0.01,3,1298,买盘
191,09:54:33,4.32,-0.01,1,432,卖盘
192,09:54:36,4.32,0.0,1,432,卖盘
193,09:54:39,4.32,0.0,1,432,卖盘
194,09:54:42,4.32,0.0,5,2160,卖盘
195,09:54:45,4.32,0.0,2,864,卖盘
196,09:54:48,4.32,0.0,7,3024,卖盘
197,09:54:51,4.32,0.0,1,432,卖盘
198,09:54:58,4.32,0.0,6,2592,卖盘
199,09:55:04,4.32,0.0,2,864,卖盘
200,09:55:15,4.32,0.0,60,25920,卖盘
201,09:55:18,4.32,0.0,11,4752,卖盘
202,09:55:22,4.32,0.0,10,4320,卖盘
203,09:55:25,4.32,0.0,2,864,卖盘
204,09:55:27,4.32,0.0,2,864,卖盘
205,09:55:30,4.32,0.0,2,864,买盘
206,09:55:42,4.31,-0.01,4,1724,卖盘
207,09:56:24,4.31,0.0,14,6034,卖盘
208,09:56:43,4.32,0.01,19,8208,中性盘
209,09:56:45,4.32,0.0,2,864,买盘
210,09:56:51,4.32,0.0,15,6480,买盘
211,09:56:57,4.31,-0.01,2,862,卖盘
212,09:57:01,4.33,0.02,11,4753,买盘
213,09:57:06,4.33,0.0,24,10372,买盘
214,09:57:15,4.33,0.0,7,3031,买盘
215,09:57:18,4.32,-0.01,1,432,卖盘
216,09:57:21,4.32,0.0,3,1296,买盘
217,09:57:24,4.32,0.0,1,432,买盘
218,09:57:27,4.33,0.01,3,1297,买盘
219,09:57:39,4.33,0.0,1,433,买盘
220,09:57:42,4.33,0.0,10,4330,买盘
221,09:57:45,4.32,-0.01,11,4752,卖盘
222,09:57:48,4.32,0.0,23,9937,卖盘
223,09:57:51,4.32,0.0,1,432,卖盘
224,09:57:54,4.32,0.0,1,432,卖盘
225,09:57:57,4.33,0.01,15,6493,买盘
226,09:58:06,4.33,0.0,10,4325,买盘
227,09:58:09,4.32,-0.01,20,8640,卖盘
228,09:58:15,4.33,0.01,10,4330,买盘
229,09:58:18,4.32,-0.01,10,4329,卖盘
230,09:58:21,4.32,0.0,4,1728,卖盘
231,09:58:27,4.33,0.01,7,3031,买盘
232,09:58:36,4.33,0.0,2,866,买盘
233,09:58:39,4.33,0.0,1,433,买盘
234,09:58:49,4.33,0.0,1,433,买盘
235,09:58:51,4.32,-0.01,2,864,卖盘
236,09:58:57,4.33,0.01,1,433,买盘
237,09:59:06,4.33,0.0,1,433,买盘
238,09:59:31,4.33,0.0,1,433,买盘
239,09:59:43,4.32,-0.01,11,4752,卖盘
240,09:59:45,4.32,0.0,6,2592,买盘
241,09:59:48,4.32,0.0,3,1296,买盘
242,09:59:58,4.33,0.01,3,1299,买盘
243,10:00:06,4.33,0.0,1,433,买盘
244,10:00:12,4.32,-0.01,4,1728,卖盘
245,10:00:15,4.32,0.0,5,2160,买盘
246,10:00:18,4.32,0.0,8,3457,买盘
247,10:00:22,4.33,0.01,2,866,买盘
248,10:00:27,4.33,0.0,5,2165,买盘
249,10:00:33,4.32,-0.01,1,432,卖盘
250,10:00:36,4.33,0.01,1,433,买盘
251,10:00:48,4.33,0.0,1,433,买盘
252,10:00:51,4.32,-0.01,2,864,卖盘
253,10:00:57,4.33,0.01,1,433,买盘
254,10:01:06,4.33,0.0,6,2598,买盘
255,10:01:18,4.33,0.0,1,433,买盘
256,10:01:21,4.33,0.0,9,3897,买盘
257,10:01:24,4.32,-0.01,3,1296,卖盘
258,10:01:27,4.33,0.01,1,433,买盘
259,10:01:33,4.33,0.0,4,1732,买盘
260,10:01:36,4.33,0.0,1,433,买盘
261,10:01:42,4.33,0.0,2,866,买盘
262,10:01:48,4.32,-0.01,2,864,卖盘
263,10:01:51,4.33,0.01,1,433,买盘
264,10:01:57,4.33,0.0,2,866,买盘
265,10:02:04,4.33,0.0,1,433,买盘
266,10:02:12,4.33,0.0,1,433,买盘
267,10:02:18,4.33,0.0,5,2165,买盘
268,10:02:30,4.33,0.0,1,433,买盘
269,10:02:33,4.32,-0.01,30,12960,卖盘
270,10:02:36,4.31,-0.01,37,15964,卖盘
271,10:02:39,4.32,0.01,5,2160,买盘
272,10:02:48,4.31,-0.01,43,18533,卖盘
273,10:02:52,4.32,0.01,32,13824,买盘
274,10:02:57,4.32,0.0,2,864,卖盘
275,10:03:15,4.32,0.0,20,8640,卖盘
276,10:03:22,4.32,0.0,15,6480,卖盘
277,10:03:24,4.32,0.0,23,9936,卖盘
278,10:03:31,4.32,0.0,15,6480,卖盘
279,10:03:34,4.32,0.0,6,2592,卖盘
280,10:03:36,4.32,0.0,2,864,买盘
281,10:03:54,4.31,-0.01,2,862,卖盘
282,10:04:55,4.31,0.0,2,862,卖盘
283,10:04:58,4.31,0.0,104,44824,卖盘
284,10:05:01,4.31,0.0,45,19395,卖盘
285,10:05:06,4.31,0.0,19,8189,卖盘
286,10:05:09,4.32,0.01,2,864,买盘
287,10:05:19,4.31,-0.01,2,862,卖盘
288,10:05:21,4.32,0.01,1,432,买盘
289,10:05:33,4.31,-0.01,169,72839,卖盘
290,10:05:36,4.32,0.01,2,864,买盘
291,10:05:43,4.31,-0.01,19,8189,卖盘
292,10:05:52,4.31,0.0,1,431,买盘
293,10:05:55,4.3,-0.01,2,860,卖盘
294,10:06:00,4.31,0.01,6,2586,买盘
295,10:06:04,4.31,0.0,135,58185,买盘
296,10:06:09,4.32,0.01,43,18576,买盘
297,10:06:12,4.32,0.0,3,1296,买盘
298,10:06:16,4.32,0.0,70,30142,买盘
299,10:06:21,4.32,0.0,13,5616,买盘
300,10:06:30,4.32,0.0,14,6048,买盘
301,10:06:40,4.32,0.0,5,2160,买盘
302,10:06:48,4.31,-0.01,2,862,卖盘
303,10:07:04,4.31,0.0,7,3019,卖盘
304,10:07:18,4.31,0.0,41,17671,卖盘
305,10:07:31,4.31,0.0,21,9051,卖盘
306,10:07:33,4.32,0.01,36,15552,买盘
307,10:07:54,4.31,-0.01,2,862,卖盘
308,10:08:04,4.32,0.01,6,2592,买盘
309,10:08:16,4.32,0.0,10,4320,买盘
310,10:08:18,4.32,0.0,3,1296,买盘
311,10:08:39,4.32,0.0,10,4320,买盘
312,10:08:57,4.31,-0.01,2,862,卖盘
313,10:09:01,4.32,0.01,30,12960,买盘
314,10:09:06,4.32,0.0,2,864,买盘
315,10:09:21,4.31,-0.01,5,2155,卖盘
316,10:09:24,4.31,0.0,3,1293,卖盘
317,10:09:51,4.31,0.0,25,10775,卖盘
318,10:09:54,4.31,0.0,2,862,卖盘
319,10:10:30,4.32,0.01,1,432,买盘
320,10:10:33,4.31,-0.01,90,38790,卖盘
321,10:10:48,4.31,0.0,1,431,卖盘
322,10:10:54,4.31,0.0,3,1293,卖盘
323,10:11:54,4.31,0.0,2,862,卖盘
324,10:12:04,4.32,0.01,102,44064,买盘
325,10:12:06,4.32,0.0,2,864,买盘
326,10:12:18,4.32,0.0,10,4320,买盘
327,10:12:24,4.32,0.0,25,10800,买盘
328,10:12:27,4.32,0.0,8,3456,卖盘
329,10:12:30,4.32,0.0,1,432,卖盘
330,10:12:51,4.32,0.0,3,1296,卖盘
331,10:12:54,4.32,0.0,2,864,卖盘
332,10:13:00,4.31,-0.01,44,18964,卖盘
333,10:13:36,4.31,0.0,5,2155,卖盘
334,10:13:42,4.32,0.01,52,22464,买盘
335,10:13:45,4.32,0.0,3,1296,卖盘
336,10:13:48,4.32,0.0,31,13392,卖盘
337,10:13:51,4.32,0.0,4,1728,卖盘
338,10:13:54,4.32,0.0,5,2160,买盘
339,10:14:30,4.31,-0.01,3,1293,卖盘
340,10:14:51,4.31,0.0,10,4310,卖盘
341,10:15:24,4.31,0.0,5,2155,卖盘
342,10:15:27,4.32,0.01,2,864,买盘
343,10:16:06,4.32,0.0,110,47520,买盘
344,10:16:42,4.31,-0.01,500,215500,卖盘
345,10:16:48,4.32,0.01,9,3888,买盘
346,10:17:06,4.32,0.0,1,432,买盘
347,10:17:33,4.32,0.0,94,40524,买盘
348,10:17:45,4.31,-0.01,10,4310,卖盘
349,10:17:49,4.31,0.0,1,431,卖盘
350,10:17:51,4.31,0.0,1,431,卖盘
351,10:17:54,4.31,0.0,11,4741,卖盘
352,10:17:57,4.31,0.0,5,2155,卖盘
353,10:18:00,4.31,0.0,1,431,卖盘
354,10:18:06,4.3,-0.01,966,415387,卖盘
355,10:18:33,4.3,0.0,368,158240,卖盘
356,10:18:45,4.3,0.0,30,12900,卖盘
357,10:18:51,4.3,0.0,110,47330,卖盘
358,10:19:18,4.31,0.01,4,1724,买盘
359,10:19:21,4.31,0.0,1,431,卖盘
360,10:19:24,4.31,0.0,23,9913,卖盘
361,10:19:27,4.31,0.0,2,862,卖盘
362,10:19:30,4.31,0.0,1,431,卖盘
363,10:19:33,4.31,0.0,2,862,卖盘
364,10:19:36,4.31,0.0,1,431,卖盘
365,10:19:39,4.31,0.0,1,431,卖盘
366,10:19:42,4.31,0.0,1,431,卖盘
367,10:19:46,4.31,0.0,1,431,卖盘
368,10:19:49,4.31,0.0,21,9051,卖盘
369,10:19:51,4.31,0.0,2,862,卖盘
370,10:19:54,4.31,0.0,2,862,卖盘
371,10:19:57,4.31,0.0,3,1293,卖盘
372,10:20:00,4.31,0.0,2,862,卖盘
373,10:20:04,4.31,0.0,1,431,卖盘
374,10:20:06,4.31,0.0,2,862,卖盘
375,10:20:09,4.31,0.0,3,1293,卖盘
376,10:20:12,4.31,0.0,3,1293,卖盘
377,10:20:15,4.31,0.0,2,862,卖盘
378,10:20:30,4.3,-0.01,5,2150,卖盘
379,10:20:39,4.32,0.02,10,4320,买盘
380,10:21:03,4.32,0.0,1,432,买盘
381,10:21:12,4.3,-0.02,3,1290,卖盘
382,10:21:15,4.3,0.0,5,2150,卖盘
383,10:21:21,4.3,0.0,15,6450,卖盘
384,10:21:24,4.3,0.0,5,2150,卖盘
385,10:21:48,4.3,0.0,3,1290,卖盘
386,10:22:16,4.31,0.01,2,862,卖盘
387,10:22:33,4.3,-0.01,2,860,卖盘
388,10:22:36,4.3,0.0,12,5160,卖盘
389,10:23:30,4.3,0.0,100,43000,卖盘
390,10:23:33,4.3,0.0,2,860,卖盘
391,10:23:45,4.31,0.01,1,431,买盘
392,10:24:18,4.3,-0.01,1,430,卖盘
393,10:24:24,4.3,0.0,200,86000,卖盘
394,10:24:36,4.3,0.0,2,860,卖盘
395,10:24:39,4.3,0.0,90,38700,卖盘
396,10:25:19,4.31,0.01,40,17240,买盘
397,10:25:24,4.31,0.0,2,862,买盘
398,10:25:36,4.3,-0.01,2,860,卖盘
399,10:25:54,4.31,0.01,13,5603,买盘
400,10:26:03,4.31,0.0,23,9913,买盘
401,10:26:06,4.31,0.0,5,2155,买盘
402,10:26:33,4.3,-0.01,2,860,卖盘
403,10:26:36,4.31,0.01,27,11637,买盘
404,10:26:39,4.31,0.0,25,10775,买盘
405,10:26:48,4.31,0.0,20,8620,买盘
406,10:27:12,4.31,0.0,2,862,买盘
407,10:27:30,4.31,0.0,15,6465,买盘
408,10:27:39,4.31,0.0,32,13790,买盘
409,10:27:42,4.31,0.0,5,2155,买盘
410,10:28:36,4.31,0.0,2,862,卖盘
411,10:28:54,4.32,0.01,2,864,买盘
412,10:29:06,4.32,0.0,5,2160,买盘
413,10:29:30,4.31,-0.01,2,862,卖盘
414,10:29:36,4.31,0.0,2,862,卖盘
415,10:29:45,4.31,0.0,5,2155,卖盘
416,10:29:54,4.31,0.0,5,2155,卖盘
417,10:29:57,4.31,0.0,5,2155,卖盘
418,10:30:04,4.31,0.0,5,2155,卖盘
419,10:30:09,4.31,0.0,5,2155,卖盘
420,10:30:18,4.32,0.01,5,2160,买盘
421,10:30:42,4.31,-0.01,20,8638,卖盘
422,10:31:36,4.31,0.0,2,862,卖盘
423,10:31:48,4.31,0.0,5,2155,卖盘
424,10:31:51,4.31,0.0,10,4310,卖盘
425,10:31:54,4.31,0.0,7,3017,卖盘
426,10:32:03,4.31,0.0,5,2155,卖盘
427,10:32:18,4.32,0.01,2,864,买盘
428,10:32:36,4.31,-0.01,2,862,卖盘
429,10:32:45,4.31,0.0,86,37066,卖盘
430,10:32:51,4.31,0.0,10,4310,卖盘
431,10:33:42,4.31,0.0,2,862,卖盘
432,10:34:36,4.31,0.0,3,1293,卖盘
433,10:35:42,4.31,0.0,2,862,卖盘
434,10:36:18,4.32,0.01,19,8208,买盘
435,10:36:24,4.32,0.0,3,1296,买盘
436,10:36:27,4.32,0.0,4,1728,买盘
437,10:36:30,4.32,0.0,8,3456,买盘
438,10:36:39,4.32,0.0,9,3886,买盘
439,10:36:42,4.32,0.0,7,3024,买盘
440,10:36:45,4.32,0.0,9,3888,买盘
441,10:36:48,4.32,0.0,104,44928,买盘
442,10:36:51,4.32,0.0,11,4752,买盘
443,10:36:54,4.32,0.0,5,2160,买盘
444,10:36:57,4.32,0.0,17,7344,买盘
445,10:37:00,4.32,0.0,6,2592,买盘
446,10:37:04,4.32,0.0,5,2160,买盘
447,10:37:06,4.32,0.0,12,5184,买盘
448,10:37:09,4.32,0.0,1,432,买盘
449,10:37:12,4.32,0.0,2,864,买盘
450,10:37:21,4.32,0.0,2,864,买盘
451,10:37:24,4.32,0.0,22,9504,买盘
452,10:37:45,4.32,0.0,3,1296,卖盘
453,10:37:51,4.32,0.0,41,17717,卖盘
454,10:37:54,4.32,0.0,6,2592,买盘
455,10:37:58,4.32,0.0,1,432,买盘
456,10:38:01,4.32,0.0,1,432,买盘
457,10:38:04,4.32,0.0,1,432,买盘
458,10:38:06,4.32,0.0,1,432,买盘
459,10:38:09,4.32,0.0,1,432,买盘
460,10:38:12,4.32,0.0,1,432,买盘
461,10:38:24,4.31,-0.01,5,2155,卖盘
462,10:38:30,4.31,0.0,5,2155,卖盘
463,10:38:39,4.31,0.0,5,2155,卖盘
464,10:38:42,4.31,0.0,2,862,卖盘
465,10:38:48,4.32,0.01,6,2587,买盘
466,10:39:36,4.31,-0.01,2,862,卖盘
467,10:40:45,4.31,0.0,3,1293,卖盘
468,10:41:15,4.32,0.01,99,42768,买盘
469,10:41:33,4.31,-0.01,5,2155,卖盘
470,10:41:39,4.31,0.0,2,862,卖盘
471,10:41:45,4.31,0.0,5,2155,卖盘
472,10:42:36,4.31,0.0,2,862,卖盘
473,10:42:42,4.32,0.01,1,432,买盘
474,10:42:45,4.31,-0.01,43,18533,卖盘
475,10:43:04,4.31,0.0,156,67236,卖盘
476,10:43:06,4.31,0.0,98,42238,卖盘
477,10:43:09,4.32,0.01,7,3024,买盘
478,10:43:45,4.31,-0.01,3,1293,卖盘
479,10:43:58,4.31,0.0,63,27153,卖盘
480,10:44:22,4.31,0.0,51,21981,卖盘
481,10:44:39,4.31,0.0,2,862,卖盘
482,10:44:57,4.32,0.01,6,2592,买盘
483,10:45:36,4.31,-0.01,54,23446,卖盘
484,10:45:42,4.31,0.0,2,862,卖盘
485,10:46:04,4.31,0.0,5,2155,卖盘
486,10:46:06,4.31,0.0,50,21550,卖盘
487,10:46:36,4.31,0.0,60,25860,卖盘
488,10:46:39,4.31,0.0,52,22412,卖盘
489,10:46:45,4.31,0.0,2,862,卖盘
490,10:47:37,4.31,0.0,2,862,卖盘
491,10:48:00,4.32,0.01,110,47479,买盘
492,10:48:03,4.32,0.0,7,3024,买盘
493,10:48:24,4.32,0.0,10,4320,买盘
494,10:48:42,4.31,-0.01,2,862,卖盘
495,10:49:00,4.31,0.0,42,18102,卖盘
496,10:49:04,4.31,0.0,22,9482,卖盘
497,10:49:09,4.31,0.0,24,10344,卖盘
498,10:49:15,4.31,0.0,12,5172,卖盘
499,10:49:39,4.31,0.0,2,862,卖盘
500,10:49:51,4.31,0.0,1,431,卖盘
501,10:50:21,4.31,0.0,25,10775,卖盘
502,10:50:27,4.31,0.0,7,3017,卖盘
503,10:50:36,4.31,0.0,3,1293,卖盘
504,10:50:39,4.31,0.0,9,3879,卖盘
505,10:50:45,4.31,0.0,5,2155,卖盘
506,10:50:51,4.31,0.0,5,2155,卖盘
507,10:51:06,4.31,0.0,1,431,卖盘
508,10:51:39,4.31,0.0,2,862,卖盘
509,10:51:54,4.31,0.0,1,431,卖盘
510,10:52:18,4.31,0.0,25,10775,卖盘
511,10:52:30,4.31,0.0,11,4741,卖盘
512,10:52:42,4.31,0.0,3,1293,卖盘
513,10:52:45,4.31,0.0,45,19395,卖盘
514,10:52:51,4.31,0.0,15,6465,卖盘
515,10:53:04,4.31,0.0,4,1724,卖盘
516,10:53:12,4.31,0.0,1,431,卖盘
517,10:53:18,4.31,0.0,30,12930,卖盘
518,10:53:21,4.31,0.0,48,20688,卖盘
519,10:53:27,4.31,0.0,24,10344,卖盘
520,10:53:33,4.31,0.0,7,3017,卖盘
521,10:53:39,4.31,0.0,2,862,卖盘
522,10:53:43,4.31,0.0,2,862,卖盘
523,10:53:51,4.31,0.0,1,431,卖盘
524,10:54:00,4.31,0.0,1,431,卖盘
525,10:54:18,4.31,0.0,2,862,卖盘
526,10:54:24,4.31,0.0,1,431,卖盘
527,10:54:42,4.31,0.0,2,862,卖盘
528,10:54:51,4.31,0.0,1,431,卖盘
529,10:55:06,4.31,0.0,32,13792,卖盘
530,10:55:12,4.31,0.0,9,3879,卖盘
531,10:55:18,4.32,0.01,12,5184,买盘
532,10:55:22,4.31,-0.01,30,12930,卖盘
533,10:55:24,4.31,0.0,16,6896,卖盘
534,10:55:30,4.31,0.0,5,2155,卖盘
535,10:55:33,4.31,0.0,33,14223,卖盘
536,10:55:39,4.31,0.0,2,862,卖盘
537,10:55:42,4.31,0.0,11,4741,卖盘
538,10:55:48,4.32,0.01,10,4320,买盘
539,10:55:51,4.31,-0.01,36,15516,卖盘
540,10:56:04,4.31,0.0,17,7155,卖盘
541,10:56:15,4.31,0.0,5,2155,买盘
542,10:56:42,4.32,0.01,4,1728,买盘
543,10:56:45,4.31,-0.01,2,862,卖盘
544,10:57:30,4.31,0.0,1,431,卖盘
545,10:57:42,4.31,0.0,2,862,卖盘
546,10:57:54,4.31,0.0,52,22412,卖盘
547,10:58:01,4.31,0.0,54,23274,卖盘
548,10:58:04,4.31,0.0,6,2586,买盘
549,10:58:06,4.31,0.0,1,431,买盘
550,10:58:09,4.31,0.0,1,431,买盘
551,10:58:12,4.31,0.0,1,431,买盘
552,10:58:15,4.31,0.0,26,11206,买盘
553,10:58:18,4.3,-0.01,54,23267,卖盘
554,10:58:27,4.31,0.01,10,4310,买盘
555,10:58:36,4.31,0.0,2,862,卖盘
556,10:58:49,4.31,0.0,12,5172,卖盘
557,10:59:42,4.31,0.0,3,1293,卖盘
558,10:59:48,4.31,0.0,1,431,卖盘
559,11:00:42,4.31,0.0,2,862,卖盘
560,11:00:48,4.31,0.0,1,431,卖盘
561,11:01:30,4.31,0.0,1,431,卖盘
562,11:01:48,4.31,0.0,2,862,卖盘
563,11:01:54,4.32,0.01,13,5616,买盘
564,11:02:00,4.31,-0.01,5,2155,卖盘
565,11:02:06,4.31,0.0,1,431,卖盘
566,11:02:21,4.31,0.0,1,431,卖盘
567,11:02:42,4.31,0.0,3,1293,卖盘
568,11:02:48,4.31,0.0,44,18964,卖盘
569,11:02:57,4.31,0.0,13,5603,卖盘
570,11:03:06,4.31,0.0,4,1724,卖盘
571,11:03:09,4.32,0.01,10,4320,买盘
572,11:03:18,4.31,-0.01,4,1724,卖盘
573,11:03:27,4.31,0.0,1,431,卖盘
574,11:03:33,4.32,0.01,15,6480,买盘
575,11:03:36,4.31,-0.01,5,2155,卖盘
576,11:03:45,4.31,0.0,2,862,卖盘
577,11:03:48,4.31,0.0,2,862,卖盘
578,11:03:57,4.31,0.0,1,431,卖盘
579,11:04:12,4.31,0.0,50,21550,卖盘
580,11:04:18,4.31,0.0,15,6465,卖盘
581,11:04:27,4.31,0.0,5,2155,卖盘
582,11:04:39,4.31,0.0,1,431,卖盘
583,11:04:42,4.31,0.0,6,2586,卖盘
584,11:04:48,4.31,0.0,2,862,卖盘
585,11:04:58,4.31,0.0,1,431,卖盘
586,11:05:33,4.31,0.0,16,6896,卖盘
587,11:05:36,4.31,0.0,5,2155,卖盘
588,11:05:45,4.31,0.0,5,2155,卖盘
589,11:05:57,4.31,0.0,1,431,卖盘
590,11:06:24,4.32,0.01,10,4320,买盘
591,11:06:36,4.31,-0.01,3,1293,卖盘
592,11:06:45,4.31,0.0,2,862,卖盘
593,11:06:48,4.31,0.0,1,431,卖盘
594,11:06:57,4.31,0.0,1,431,卖盘
595,11:07:24,4.32,0.01,3,1296,买盘
596,11:07:40,4.31,-0.01,1,431,卖盘
597,11:07:45,4.31,0.0,2,862,卖盘
598,11:07:48,4.31,0.0,1,431,卖盘
599,11:08:00,4.31,0.0,1,431,卖盘
600,11:08:39,4.31,0.0,3,1293,卖盘
601,11:08:48,4.31,0.0,1,431,卖盘
602,11:09:39,4.31,0.0,2,862,卖盘
603,11:09:48,4.31,0.0,1,431,卖盘
604,11:10:04,4.32,0.01,13,5616,买盘
605,11:10:09,4.31,-0.01,1,431,卖盘
606,11:10:24,4.31,0.0,19,8189,卖盘
607,11:10:27,4.31,0.0,38,16378,卖盘
608,11:10:33,4.31,0.0,31,13361,卖盘
609,11:10:36,4.31,0.0,46,19826,卖盘
610,11:10:39,4.31,0.0,2,862,卖盘
611,11:10:48,4.31,0.0,5,2155,卖盘
612,11:10:52,4.31,0.0,5,2155,卖盘
613,11:10:55,4.31,0.0,2,862,卖盘
614,11:10:57,4.31,0.0,250,107750,卖盘
615,11:11:06,4.31,0.0,22,9482,卖盘
616,11:11:09,4.31,0.0,175,75425,卖盘
617,11:11:12,4.31,0.0,15,6465,买盘
618,11:11:19,4.31,0.0,3,1293,买盘
619,11:11:45,4.3,-0.01,2,860,卖盘
620,11:12:00,4.31,0.01,239,103009,买盘
621,11:12:04,4.31,0.0,10,4310,卖盘
622,11:12:06,4.31,0.0,3,1293,卖盘
623,11:12:09,4.31,0.0,7,3017,卖盘
624,11:12:12,4.31,0.0,3,1293,卖盘
625,11:12:18,4.31,0.0,13,5603,卖盘
626,11:12:45,4.31,0.0,2,862,卖盘
627,11:12:48,4.31,0.0,228,98268,卖盘
628,11:12:57,4.31,0.0,30,12930,卖盘
629,11:13:27,4.31,0.0,5,2155,卖盘
630,11:13:39,4.31,0.0,7,3017,卖盘
631,11:13:42,4.31,0.0,5,2155,卖盘
632,11:13:48,4.31,0.0,5,2155,卖盘
633,11:13:54,4.32,0.01,17,7344,买盘
634,11:14:04,4.31,-0.01,70,30170,卖盘
635,11:14:39,4.31,0.0,5,2155,卖盘
636,11:14:42,4.31,0.0,2,862,卖盘
637,11:15:00,4.31,0.0,10,4310,卖盘
638,11:15:21,4.31,0.0,62,26722,卖盘
639,11:15:33,4.32,0.01,104,44828,买盘
640,11:15:40,4.31,-0.01,109,46979,卖盘
641,11:16:12,4.31,0.0,100,43100,卖盘
642,11:16:15,4.31,0.0,100,43104,卖盘
643,11:16:18,4.31,0.0,206,88786,卖盘
644,11:16:42,4.31,0.0,192,82752,卖盘
645,11:16:48,4.31,0.0,3,1293,卖盘
646,11:16:51,4.31,0.0,22,9482,卖盘
647,11:17:12,4.31,0.0,50,21550,卖盘
648,11:17:30,4.31,0.0,8,3448,卖盘
649,11:17:39,4.31,0.0,2,862,卖盘
650,11:18:39,4.31,0.0,4,1724,卖盘
651,11:18:42,4.31,0.0,141,60771,卖盘
652,11:18:57,4.31,0.0,4,1724,卖盘
653,11:19:24,4.31,0.0,47,20257,卖盘
654,11:19:30,4.31,0.0,19,8189,卖盘
655,11:19:42,4.31,0.0,20,8620,卖盘
656,11:19:45,4.31,0.0,4,1724,卖盘
657,11:20:36,4.32,0.01,2,864,买盘
658,11:20:51,4.31,-0.01,4,1724,卖盘
659,11:20:57,4.32,0.01,3,1296,买盘
660,11:21:10,4.32,0.0,1,432,买盘
661,11:21:18,4.32,0.0,10,4320,买盘
662,11:21:33,4.32,0.0,18,7776,买盘
663,11:21:39,4.31,-0.01,12,5172,卖盘
664,11:21:48,4.31,0.0,5,2155,卖盘
665,11:22:33,4.31,0.0,2,862,卖盘
666,11:22:36,4.32,0.01,15,6480,买盘
667,11:22:45,4.32,0.0,15,6480,买盘
668,11:22:49,4.31,-0.01,43,18533,卖盘
669,11:22:54,4.31,0.0,4,1724,卖盘
670,11:23:00,4.32,0.01,5,2160,买盘
671,11:23:04,4.32,0.0,41,17712,买盘
672,11:23:06,4.31,-0.01,4,1724,卖盘
673,11:23:09,4.32,0.01,10,4320,买盘
674,11:23:21,4.31,-0.01,20,8620,卖盘
675,11:23:51,4.31,0.0,4,1724,卖盘
676,11:24:30,4.32,0.01,9,3888,买盘
677,11:24:55,4.31,-0.01,105,45355,卖盘
678,11:25:06,4.32,0.01,10,4320,买盘
679,11:25:24,4.32,0.0,5,2160,买盘
680,11:25:51,4.33,0.01,5,2165,买盘
681,11:25:54,4.33,0.0,5,2165,买盘
682,11:26:06,4.32,-0.01,6,2592,卖盘
683,11:26:30,4.32,0.0,2,864,卖盘
684,11:26:48,4.32,0.0,2,864,卖盘
685,11:27:12,4.31,-0.01,1,431,卖盘
686,11:27:18,4.32,0.01,5,2160,买盘
687,11:27:51,4.31,-0.01,4,1724,卖盘
688,11:28:45,4.32,0.01,5,2160,买盘
689,11:28:54,4.31,-0.01,4,1724,卖盘
690,11:28:57,4.31,0.0,15,6465,卖盘
691,11:29:33,4.32,0.01,3,1296,买盘
692,11:29:48,4.31,-0.01,5,2155,卖盘
693,13:00:04,4.32,0.01,592,255346,买盘
694,13:00:07,4.31,-0.01,5,2155,卖盘
695,13:00:21,4.32,0.01,7,3024,买盘
696,13:01:45,4.32,0.0,4,1728,买盘
697,13:01:51,4.32,0.0,2,864,买盘
698,13:01:54,4.31,-0.01,4,1724,卖盘
699,13:01:57,4.31,0.0,20,8620,卖盘
700,13:02:09,4.31,0.0,20,8620,卖盘
701,13:02:39,4.32,0.01,50,21600,买盘
702,13:02:45,4.32,0.0,7,3024,买盘
703,13:02:48,4.31,-0.01,5,2155,卖盘
704,13:03:51,4.31,0.0,4,1724,卖盘
705,13:04:12,4.32,0.01,10,4320,买盘
706,13:04:21,4.31,-0.01,5,2155,卖盘
707,13:04:48,4.31,0.0,4,1724,卖盘
708,13:05:06,4.32,0.01,16,6912,买盘
709,13:05:33,4.32,0.0,11,4752,买盘
710,13:05:42,4.32,0.0,2,864,买盘
711,13:05:51,4.31,-0.01,5,2155,卖盘
712,13:06:24,4.32,0.01,5,2160,买盘
713,13:06:45,4.32,0.0,5,2160,买盘
714,13:06:57,4.31,-0.01,4,1724,卖盘
715,13:07:48,4.31,0.0,4,1724,卖盘
716,13:08:45,4.32,0.01,3,1296,买盘
717,13:08:51,4.31,-0.01,4,1724,卖盘
718,13:09:24,4.31,0.0,20,8620,卖盘
719,13:09:54,4.31,0.0,4,1724,卖盘
720,13:10:04,4.31,0.0,43,18533,卖盘
721,13:10:10,4.31,0.0,4,1724,卖盘
722,13:10:18,4.31,0.0,20,8620,卖盘
723,13:10:54,4.31,0.0,5,2155,卖盘
724,13:11:00,4.31,0.0,15,6465,卖盘
725,13:11:54,4.31,0.0,4,1724,卖盘
726,13:11:57,4.32,0.01,6,2592,买盘
727,13:12:09,4.31,-0.01,7,3017,卖盘
728,13:12:18,4.32,0.01,10,4320,买盘
729,13:12:51,4.31,-0.01,4,1724,卖盘
730,13:13:42,4.31,0.0,1,431,卖盘
731,13:13:51,4.31,0.0,5,2155,卖盘
732,13:14:51,4.31,0.0,4,1724,卖盘
733,13:15:21,4.32,0.01,4,1728,买盘
734,13:15:51,4.31,-0.01,4,1724,卖盘
735,13:16:45,4.32,0.01,5,2160,买盘
736,13:16:54,4.31,-0.01,5,2155,卖盘
737,13:17:15,4.31,0.0,7,3017,卖盘
738,13:17:55,4.31,0.0,4,1724,卖盘
739,13:18:15,4.32,0.01,12,5184,买盘
740,13:18:18,4.31,-0.01,10,4310,卖盘
741,13:18:33,4.31,0.0,30,12930,卖盘
742,13:18:36,4.31,0.0,4,1724,卖盘
743,13:18:48,4.31,0.0,4,1724,卖盘
744,13:20:03,4.31,0.0,43,18533,卖盘
745,13:20:24,4.31,0.0,100,43100,卖盘
746,13:20:27,4.31,0.0,4,1724,卖盘
747,13:21:15,4.32,0.01,1,432,买盘
748,13:21:18,4.31,-0.01,10,4310,卖盘
749,13:22:21,4.31,0.0,10,4310,卖盘
750,13:23:25,4.31,0.0,80,34480,卖盘
751,13:23:39,4.32,0.01,1,432,买盘
752,13:23:42,4.31,-0.01,3,1293,卖盘
753,13:24:06,4.32,0.01,10,4320,买盘
754,13:24:15,4.31,-0.01,32,13792,卖盘
755,13:24:21,4.32,0.01,48,20736,买盘
756,13:24:24,4.31,-0.01,3,1293,卖盘
757,13:24:51,4.32,0.01,81,34992,买盘
758,13:25:00,4.32,0.0,16,6912,买盘
759,13:25:24,4.32,0.0,10,4320,买盘
760,13:25:54,4.32,0.0,1,432,买盘
761,13:27:15,4.32,0.0,10,4320,买盘
762,13:27:18,4.31,-0.01,3,1293,卖盘
763,13:27:30,4.31,0.0,5,2155,卖盘
764,13:28:03,4.32,0.01,266,114912,买盘
765,13:28:09,4.32,0.0,11,4752,卖盘
766,13:28:15,4.32,0.0,220,95040,卖盘
767,13:28:18,4.32,0.0,6,2592,卖盘
768,13:28:54,4.32,0.0,50,21600,卖盘
769,13:29:45,4.32,0.0,358,154656,卖盘
770,13:29:48,4.32,0.0,125,54000,卖盘
771,13:29:51,4.33,0.01,18,7777,买盘
772,13:30:03,4.32,-0.01,2,864,卖盘
773,13:30:06,4.32,0.0,43,18576,卖盘
774,13:31:30,4.32,0.0,10,4320,卖盘
775,13:31:57,4.32,0.0,5,2160,卖盘
776,13:32:04,4.32,0.0,7,3024,卖盘
777,13:32:09,4.32,0.0,5,2160,卖盘
778,13:32:21,4.32,0.0,7,3024,卖盘
779,13:32:27,4.32,0.0,100,43200,卖盘
780,13:32:30,4.32,0.0,5,2160,卖盘
781,13:32:33,4.32,0.0,37,15984,卖盘
782,13:32:45,4.32,0.0,7,3024,卖盘
783,13:33:06,4.32,0.0,10,4320,卖盘
784,13:33:18,4.32,0.0,3,1296,卖盘
785,13:33:39,4.32,0.0,5,2160,卖盘
786,13:34:48,4.32,0.0,3,1296,卖盘
787,13:35:15,4.32,0.0,175,75600,卖盘
788,13:35:18,4.32,0.0,8,3456,卖盘
789,13:35:24,4.32,0.0,5,2160,卖盘
790,13:35:42,4.32,0.0,5,2160,卖盘
791,13:36:12,4.32,0.0,60,25920,卖盘
792,13:36:51,4.33,0.01,50,21650,买盘
793,13:36:55,4.32,-0.01,4,1728,卖盘
794,13:37:19,4.32,0.0,7,3024,卖盘
795,13:38:09,4.32,0.0,40,17280,卖盘
796,13:38:42,4.32,0.0,10,4320,卖盘
797,13:39:33,4.32,0.0,21,9079,卖盘
798,13:39:45,4.33,0.01,1,433,买盘
799,13:40:00,4.32,-0.01,200,86400,卖盘
800,13:40:06,4.32,0.0,51,22032,卖盘
801,13:40:21,4.32,0.0,116,50112,卖盘
802,13:40:24,4.32,0.0,84,36288,卖盘
803,13:40:54,4.31,-0.01,30,12930,卖盘
804,13:41:06,4.32,0.01,1,432,买盘
805,13:41:46,4.31,-0.01,10,4310,卖盘
806,13:41:49,4.31,0.0,1000,431000,卖盘
807,13:41:51,4.31,0.0,32,13792,卖盘
808,13:41:54,4.31,0.0,10,4310,卖盘
809,13:41:57,4.31,0.0,5,2155,卖盘
810,13:44:21,4.32,0.01,10,4320,买盘
811,13:44:30,4.31,-0.01,74,31894,卖盘
812,13:45:09,4.31,0.0,67,28873,卖盘
813,13:45:13,4.31,0.0,5,2155,买盘
814,13:45:27,4.31,0.0,13,5603,买盘
815,13:45:30,4.3,-0.01,5,2150,卖盘
816,13:45:39,4.3,0.0,4,1720,卖盘
817,13:45:42,4.3,0.0,5,2150,卖盘
818,13:45:48,4.3,0.0,4,1720,卖盘
819,13:45:51,4.31,0.01,10,4310,买盘
820,13:47:00,4.31,0.0,3,1293,买盘
821,13:47:12,4.3,-0.01,7,3010,卖盘
822,13:47:42,4.31,0.01,116,49996,买盘
823,13:47:48,4.31,0.0,45,19390,买盘
824,13:48:04,4.3,-0.01,311,133730,卖盘
825,13:48:06,4.3,0.0,10,4300,卖盘
826,13:49:27,4.3,0.0,22,9460,卖盘
827,13:50:06,4.3,0.0,43,18490,卖盘
828,13:50:48,4.3,0.0,24,10320,卖盘
829,13:52:00,4.31,0.01,20,8620,买盘
830,13:52:18,4.31,0.0,40,17240,买盘
831,13:52:21,4.31,0.0,1,431,买盘
832,13:52:24,4.31,0.0,41,17667,买盘
833,13:52:27,4.31,0.0,20,8620,买盘
834,13:52:30,4.31,0.0,109,46979,买盘
835,13:52:33,4.3,-0.01,13,5599,卖盘
836,13:52:36,4.31,0.01,23,9917,买盘
837,13:52:39,4.31,0.0,16,6896,卖盘
838,13:54:30,4.31,0.0,124,53447,卖盘
839,13:54:33,4.31,0.0,5,2155,卖盘
840,13:54:42,4.31,0.0,10,4310,卖盘
841,13:57:12,4.32,0.01,4,1728,买盘
842,13:57:22,4.31,-0.01,7,3017,卖盘
843,13:57:57,4.31,0.0,5,2155,卖盘
844,13:58:09,4.32,0.01,2,864,买盘
845,13:58:36,4.31,-0.01,49,21119,卖盘
846,14:00:04,4.31,0.0,43,18533,卖盘
847,14:00:09,4.31,0.0,4,1724,卖盘
848,14:00:39,4.32,0.01,70,30240,买盘
849,14:00:42,4.31,-0.01,350,150850,卖盘
850,14:00:48,4.31,0.0,12,5172,卖盘
851,14:00:51,4.32,0.01,657,283824,买盘
852,14:01:00,4.31,-0.01,7,3017,卖盘
853,14:01:15,4.31,0.0,7,3017,卖盘
854,14:01:24,4.31,0.0,5,2155,卖盘
855,14:01:27,4.31,0.0,7,3017,卖盘
856,14:01:30,4.31,0.0,18,7758,卖盘
857,14:01:39,4.31,0.0,7,3017,卖盘
858,14:01:46,4.31,0.0,10,4310,卖盘
859,14:01:57,4.32,0.01,5,2160,买盘
860,14:02:24,4.31,-0.01,7,3017,卖盘
861,14:03:00,4.31,0.0,100,43100,卖盘
862,14:03:04,4.31,0.0,10,4310,卖盘
863,14:03:15,4.31,0.0,20,8620,卖盘
864,14:03:18,4.31,0.0,8,3448,卖盘
865,14:03:27,4.31,0.0,430,185330,卖盘
866,14:03:30,4.31,0.0,22,9482,卖盘
867,14:03:42,4.31,0.0,5,2155,卖盘
868,14:03:48,4.31,0.0,50,21550,卖盘
869,14:03:57,4.31,0.0,5,2155,卖盘
870,14:04:06,4.32,0.01,9,3888,买盘
871,14:05:24,4.31,-0.01,4,1724,卖盘
872,14:05:48,4.31,0.0,9,3879,卖盘
873,14:05:54,4.31,0.0,5,2155,卖盘
874,14:05:57,4.31,0.0,4,1724,卖盘
875,14:06:04,4.31,0.0,9,3883,卖盘
876,14:06:06,4.31,0.0,148,63788,卖盘
877,14:06:12,4.31,0.0,14,6034,卖盘
878,14:06:15,4.31,0.0,5,2155,卖盘
879,14:06:39,4.31,0.0,27,11633,卖盘
880,14:06:43,4.31,0.0,9,3877,买盘
881,14:06:45,4.31,0.0,20,8620,买盘
882,14:06:57,4.32,0.01,13,5616,买盘
883,14:08:30,4.31,-0.01,8,3448,卖盘
884,14:08:57,4.31,0.0,11,4741,卖盘
885,14:09:00,4.32,0.01,3,1296,买盘
886,14:09:24,4.31,-0.01,4,1724,卖盘
887,14:10:06,4.31,0.0,43,18533,卖盘
888,14:10:09,4.31,0.0,5,2155,卖盘
889,14:10:18,4.31,0.0,5,2155,卖盘
890,14:10:24,4.31,0.0,4,1724,卖盘
891,14:10:42,4.31,0.0,8,3448,卖盘
892,14:11:39,4.31,0.0,5,2155,卖盘
893,14:12:06,4.32,0.01,4,1728,买盘
894,14:12:09,4.31,-0.01,5,2155,卖盘
895,14:12:18,4.31,0.0,7,3017,卖盘
896,14:12:24,4.31,0.0,20,8620,卖盘
897,14:12:42,4.31,0.0,2,862,卖盘
898,14:13:27,4.31,0.0,7,3017,卖盘
899,14:13:36,4.31,0.0,15,6465,卖盘
900,14:13:45,4.32,0.01,8,3452,买盘
901,14:13:57,4.31,-0.01,4,1724,卖盘
902,14:14:09,4.32,0.01,1,432,买盘
903,14:14:13,4.31,-0.01,8,3448,卖盘
904,14:14:30,4.31,0.0,23,9913,卖盘
905,14:14:33,4.31,0.0,5,2155,卖盘
906,14:14:42,4.31,0.0,23,9913,卖盘
907,14:14:48,4.31,0.0,90,38790,卖盘
908,14:14:51,4.31,0.0,29,12499,卖盘
909,14:15:00,4.31,0.0,23,9913,卖盘
910,14:15:04,4.31,0.0,40,17240,卖盘
911,14:15:12,4.32,0.01,24,10345,买盘
912,14:15:18,4.31,-0.01,126,54306,卖盘
913,14:15:21,4.31,0.0,8,3448,卖盘
914,14:15:24,4.31,0.0,23,9913,卖盘
915,14:15:36,4.31,0.0,2,862,卖盘
916,14:15:39,4.31,0.0,20,8620,买盘
917,14:15:45,4.3,-0.01,23,9890,卖盘
918,14:15:55,4.3,0.0,24,10320,卖盘
919,14:16:06,4.3,0.0,23,9890,卖盘
920,14:16:18,4.3,0.0,23,9890,卖盘
921,14:16:30,4.3,0.0,23,9890,卖盘
922,14:16:39,4.3,0.0,23,9890,卖盘
923,14:16:54,4.3,0.0,29,12470,卖盘
924,14:17:00,4.3,0.0,24,10320,卖盘
925,14:17:12,4.3,0.0,23,9890,卖盘
926,14:17:18,4.3,0.0,13,5591,卖盘
927,14:17:24,4.3,0.0,30,12900,卖盘
928,14:17:33,4.3,0.0,23,9890,卖盘
929,14:17:39,4.3,0.0,17,7482,卖盘
930,14:17:42,4.3,0.0,10,4300,卖盘
931,14:17:45,4.3,0.0,23,9890,卖盘
932,14:17:54,4.31,0.01,30,12930,买盘
933,14:17:57,4.31,0.0,9,3879,买盘
934,14:18:00,4.3,-0.01,23,9890,卖盘
935,14:18:09,4.3,0.0,24,10320,卖盘
936,14:18:12,4.3,0.0,5,2150,卖盘
937,14:18:21,4.3,0.0,25,10750,卖盘
938,14:18:30,4.3,0.0,5,2150,卖盘
939,14:18:33,4.3,0.0,23,9890,卖盘
940,14:18:42,4.3,0.0,23,9890,卖盘
941,14:18:51,4.3,0.0,23,9890,卖盘
942,14:19:03,4.3,0.0,23,9890,卖盘
943,14:19:06,4.3,0.0,5,2150,卖盘
944,14:19:15,4.3,0.0,24,10320,卖盘
945,14:19:18,4.31,0.01,479,205971,买盘
946,14:19:21,4.3,-0.01,18,7740,卖盘
947,14:19:24,4.3,0.0,31,13338,卖盘
948,14:19:27,4.31,0.01,1,431,买盘
949,14:19:36,4.3,-0.01,106,45580,卖盘
950,14:19:39,4.3,0.0,29,12470,卖盘
951,14:19:45,4.3,0.0,20,8600,卖盘
952,14:19:48,4.3,0.0,123,52890,卖盘
953,14:19:52,4.3,0.0,5,2150,卖盘
954,14:19:55,4.3,0.0,6,2580,卖盘
955,14:20:00,4.3,0.0,23,9890,卖盘
956,14:20:06,4.3,0.0,43,18490,卖盘
957,14:20:09,4.3,0.0,23,9890,卖盘
958,14:20:18,4.3,0.0,23,9890,卖盘
959,14:20:22,4.3,0.0,24,10320,卖盘
960,14:20:25,4.3,0.0,100,43000,卖盘
961,14:20:27,4.3,0.0,9,3870,卖盘
962,14:20:30,4.3,0.0,24,10320,卖盘
963,14:20:33,4.3,0.0,10,4300,卖盘
964,14:20:42,4.3,0.0,23,9890,卖盘
965,14:20:54,4.3,0.0,23,9890,卖盘
966,14:21:06,4.3,0.0,23,9890,卖盘
967,14:21:18,4.3,0.0,23,9890,卖盘
968,14:21:27,4.3,0.0,24,10320,卖盘
969,14:21:36,4.31,0.01,130,56030,买盘
970,14:21:39,4.3,-0.01,33,14190,卖盘
971,14:21:48,4.3,0.0,23,9890,卖盘
972,14:22:00,4.3,0.0,23,9890,卖盘
973,14:22:12,4.3,0.0,23,9890,卖盘
974,14:22:24,4.3,0.0,61,26250,卖盘
975,14:22:27,4.3,0.0,6,2580,卖盘
976,14:22:33,4.3,0.0,24,10320,卖盘
977,14:22:45,4.31,0.01,52,22412,卖盘
978,14:22:54,4.31,0.0,23,9913,卖盘
979,14:23:00,4.31,0.0,225,96975,卖盘
980,14:23:06,4.3,-0.01,39,16770,卖盘
981,14:23:09,4.31,0.01,11,4741,买盘
982,14:23:18,4.31,0.0,28,12045,买盘
983,14:23:28,4.3,-0.01,38,16340,卖盘
984,14:23:39,4.3,0.0,30,12900,卖盘
985,14:23:51,4.3,0.0,30,12900,卖盘
986,14:23:54,4.3,0.0,7,3010,卖盘
987,14:23:57,4.31,0.01,2,862,买盘
988,14:24:00,4.3,-0.01,7,3010,卖盘
989,14:24:04,4.3,0.0,23,9890,卖盘
990,14:24:12,4.3,0.0,23,9890,卖盘
991,14:24:21,4.3,0.0,23,9890,卖盘
992,14:24:24,4.31,0.01,10,4310,买盘
993,14:24:36,4.3,-0.01,24,10320,卖盘
994,14:24:45,4.3,0.0,23,9890,卖盘
995,14:24:57,4.31,0.01,24,10321,买盘
996,14:25:09,4.3,-0.01,23,9890,卖盘
997,14:25:18,4.3,0.0,23,9890,卖盘
998,14:25:30,4.3,0.0,23,9890,卖盘
999,14:25:39,4.3,0.0,24,10320,卖盘
1000,14:25:45,4.31,0.01,46,19826,买盘
1001,14:25:54,4.3,-0.01,23,9890,卖盘
1002,14:26:04,4.3,0.0,23,9890,卖盘
1003,14:26:15,4.3,0.0,23,9890,卖盘
1004,14:26:24,4.3,0.0,23,9890,卖盘
1005,14:26:36,4.3,0.0,23,9890,卖盘
1006,14:26:42,4.3,0.0,20,8600,卖盘
1007,14:26:48,4.3,0.0,24,10320,卖盘
1008,14:26:54,4.3,0.0,6,2580,卖盘
1009,14:27:00,4.3,0.0,23,9890,卖盘
1010,14:27:09,4.3,0.0,23,9890,卖盘
1011,14:27:21,4.3,0.0,23,9890,卖盘
1012,14:27:34,4.31,0.01,33,14200,买盘
1013,14:27:40,4.31,0.0,4,1724,买盘
1014,14:27:43,4.3,-0.01,23,9890,卖盘
1015,14:27:46,4.3,0.0,7,3010,卖盘
1016,14:27:54,4.3,0.0,24,10320,卖盘
1017,14:27:57,4.3,0.0,6,2580,卖盘
1018,14:28:04,4.3,0.0,23,9890,卖盘
1019,14:28:06,4.31,0.01,10,4310,买盘
1020,14:28:15,4.3,-0.01,23,9890,卖盘
1021,14:28:27,4.3,0.0,23,9890,卖盘
1022,14:28:36,4.3,0.0,23,9890,卖盘
1023,14:28:39,4.31,0.01,20,8620,买盘
1024,14:28:48,4.3,-0.01,23,9890,卖盘
1025,14:29:00,4.3,0.0,24,10320,卖盘
1026,14:29:06,4.3,0.0,6,2580,卖盘
1027,14:29:12,4.3,0.0,23,9890,卖盘
1028,14:29:21,4.3,0.0,23,9890,卖盘
1029,14:29:24,4.31,0.01,19,8189,买盘
1030,14:29:27,4.31,0.0,79,34049,卖盘
1031,14:29:33,4.31,0.0,2,862,卖盘
1032,14:29:45,4.3,-0.01,23,9890,卖盘
1033,14:29:54,4.3,0.0,23,9890,卖盘
1034,14:30:06,4.3,0.0,67,28810,卖盘
1035,14:30:15,4.3,0.0,23,9890,卖盘
1036,14:30:18,4.31,0.01,3,1293,买盘
1037,14:30:27,4.3,-0.01,23,9890,卖盘
1038,14:30:39,4.3,0.0,23,9890,卖盘
1039,14:30:51,4.31,0.01,123,52990,买盘
1040,14:30:54,4.31,0.0,11,4741,买盘
1041,14:30:57,4.31,0.0,41,17671,买盘
1042,14:31:01,4.31,0.0,41,17671,卖盘
1043,14:31:09,4.31,0.0,28,12068,卖盘
1044,14:31:12,4.31,0.0,24,10344,卖盘
1045,14:31:21,4.31,0.0,23,9913,卖盘
1046,14:31:27,4.31,0.0,21,9051,卖盘
1047,14:31:33,4.31,0.0,10,4310,卖盘
1048,14:31:39,4.31,0.0,10,4310,买盘
1049,14:31:42,4.31,0.0,3,1293,买盘
1050,14:31:45,4.3,-0.01,23,9890,卖盘
1051,14:31:54,4.3,0.0,23,9890,卖盘
1052,14:32:00,4.31,0.01,9,3879,卖盘
1053,14:32:06,4.3,-0.01,23,9890,卖盘
1054,14:32:12,4.3,0.0,5,2150,卖盘
1055,14:32:18,4.3,0.0,24,10320,卖盘
1056,14:32:21,4.3,0.0,5,2150,卖盘
1057,14:32:30,4.3,0.0,23,9890,卖盘
1058,14:32:42,4.3,0.0,23,9890,卖盘
1059,14:32:45,4.31,0.01,11,4741,买盘
1060,14:32:48,4.31,0.0,10,4310,卖盘
1061,14:32:51,4.31,0.0,22,9482,卖盘
1062,14:32:54,4.32,0.01,1,432,买盘
1063,14:33:09,4.32,0.0,10,4320,买盘
1064,14:33:24,4.31,-0.01,1,431,卖盘
1065,14:33:30,4.32,0.01,1,432,买盘
1066,14:33:45,4.31,-0.01,14,6034,卖盘
1067,14:33:57,4.31,0.0,10,4310,卖盘
1068,14:35:15,4.32,0.01,1,432,买盘
1069,14:35:18,4.32,0.0,2,864,买盘
1070,14:35:27,4.31,-0.01,29,12499,卖盘
1071,14:35:33,4.32,0.01,1,432,买盘
1072,14:35:45,4.31,-0.01,5,2155,卖盘
1073,14:36:33,4.32,0.01,4,1728,买盘
1074,14:36:42,4.31,-0.01,23,9913,卖盘
1075,14:37:06,4.31,0.0,16,6896,卖盘
1076,14:37:30,4.32,0.01,1,432,买盘
1077,14:37:39,4.31,-0.01,19,8189,卖盘
1078,14:38:00,4.31,0.0,5,2155,卖盘
1079,14:38:04,4.31,0.0,6,2586,卖盘
1080,14:38:12,4.31,0.0,23,9913,卖盘
1081,14:38:27,4.31,0.0,23,9913,卖盘
1082,14:38:36,4.31,0.0,24,10344,卖盘
1083,14:38:39,4.32,0.01,3,1296,买盘
1084,14:38:42,4.31,-0.01,38,16378,卖盘
1085,14:38:48,4.31,0.0,23,9913,卖盘
1086,14:38:57,4.32,0.01,25,10777,买盘
1087,14:39:00,4.31,-0.01,59,25429,卖盘
1088,14:39:09,4.3,-0.01,23,9890,卖盘
1089,14:39:21,4.31,0.01,123,52990,买盘
1090,14:39:30,4.3,-0.01,23,9890,卖盘
1091,14:39:42,4.3,0.0,24,10320,卖盘
1092,14:39:54,4.3,0.0,23,9890,卖盘
1093,14:40:03,4.31,0.01,11,4741,买盘
1094,14:40:06,4.3,-0.01,23,9890,卖盘
1095,14:40:15,4.3,0.0,28,12040,卖盘
1096,14:40:18,4.3,0.0,6,2580,卖盘
1097,14:40:24,4.3,0.0,75,32302,卖盘
1098,14:40:27,4.3,0.0,1,430,卖盘
1099,14:40:36,4.3,0.0,30,12906,卖盘
1100,14:40:42,4.3,0.0,5,2150,卖盘
1101,14:40:48,4.3,0.0,23,9890,卖盘
1102,14:41:00,4.3,0.0,38,16340,卖盘
1103,14:41:04,4.3,0.0,7,3010,卖盘
1104,14:41:12,4.3,0.0,23,9890,卖盘
1105,14:41:21,4.3,0.0,23,9890,卖盘
1106,14:41:33,4.3,0.0,25,10752,卖盘
1107,14:41:39,4.31,0.01,129,55599,买盘
1108,14:41:42,4.31,0.0,19,8189,卖盘
1109,14:41:45,4.31,0.0,24,10344,卖盘
1110,14:41:49,4.31,0.0,6,2586,卖盘
1111,14:41:54,4.31,0.0,23,9913,卖盘
1112,14:41:58,4.31,0.0,1,431,卖盘
1113,14:42:06,4.31,0.0,23,9913,卖盘
1114,14:42:18,4.31,0.0,23,9913,卖盘
1115,14:42:21,4.31,0.0,10,4311,卖盘
1116,14:42:27,4.31,0.0,23,9913,卖盘
1117,14:42:33,4.32,0.01,3,1296,买盘
1118,14:42:39,4.31,-0.01,24,10344,卖盘
1119,14:42:42,4.32,0.01,11,4752,买盘
1120,14:42:48,4.31,-0.01,28,12068,卖盘
1121,14:42:54,4.31,0.0,6,2586,卖盘
1122,14:43:00,4.31,0.0,23,9913,卖盘
1123,14:43:09,4.32,0.01,1,432,买盘
1124,14:43:12,4.31,-0.01,23,9913,卖盘
1125,14:43:21,4.31,0.0,55,23705,卖盘
1126,14:43:27,4.31,0.0,1,431,卖盘
1127,14:43:33,4.31,0.0,23,9913,卖盘
1128,14:43:36,4.31,0.0,6,2586,卖盘
1129,14:43:42,4.31,0.0,24,10344,卖盘
1130,14:43:48,4.32,0.01,3,1296,买盘
1131,14:43:54,4.31,-0.01,23,9913,卖盘
1132,14:44:06,4.31,0.0,23,9913,卖盘
1133,14:44:13,4.31,0.0,21,9060,卖盘
1134,14:44:19,4.31,0.0,23,9913,卖盘
1135,14:44:30,4.31,0.0,23,9913,卖盘
1136,14:44:33,4.31,0.0,4,1724,卖盘
1137,14:44:39,4.31,0.0,23,9913,卖盘
1138,14:44:51,4.31,0.0,34,14654,卖盘
1139,14:44:57,4.31,0.0,1,431,卖盘
1140,14:45:03,4.31,0.0,136,58619,卖盘
1141,14:45:07,4.31,0.0,8,3450,卖盘
1142,14:45:12,4.31,0.0,23,9913,卖盘
1143,14:45:24,4.31,0.0,23,9913,卖盘
1144,14:45:27,4.32,0.01,1,432,买盘
1145,14:45:34,4.31,-0.01,23,9913,卖盘
1146,14:45:48,4.31,0.0,34,14654,卖盘
1147,14:45:51,4.31,0.0,65,28015,卖盘
1148,14:45:57,4.31,0.0,28,12068,卖盘
1149,14:46:00,4.32,0.01,2,864,买盘
1150,14:46:04,4.32,0.0,4,1728,买盘
1151,14:46:09,4.31,-0.01,23,9913,卖盘
1152,14:46:18,4.31,0.0,123,53013,卖盘
1153,14:46:21,4.31,0.0,6,2586,卖盘
1154,14:46:27,4.31,0.0,1,431,卖盘
1155,14:46:30,4.31,0.0,23,9913,卖盘
1156,14:46:42,4.31,0.0,23,9913,卖盘
1157,14:46:52,4.32,0.01,2,864,买盘
1158,14:46:54,4.31,-0.01,24,10344,卖盘
1159,14:46:57,4.32,0.01,1,432,买盘
1160,14:47:04,4.31,-0.01,23,9913,卖盘
1161,14:47:15,4.31,0.0,23,9913,卖盘
1162,14:47:24,4.31,0.0,23,9913,卖盘
1163,14:47:27,4.31,0.0,5,2155,卖盘
1164,14:47:30,4.32,0.01,1,432,买盘
1165,14:47:33,4.32,0.0,3,1296,买盘
1166,14:47:36,4.31,-0.01,23,9913,卖盘
1167,14:47:48,4.31,0.0,24,10344,卖盘
1168,14:47:54,4.32,0.01,1,432,买盘
1169,14:47:57,4.31,-0.01,23,9913,卖盘
1170,14:48:09,4.31,0.0,23,9913,卖盘
1171,14:48:18,4.31,0.0,23,9913,卖盘
1172,14:48:30,4.31,0.0,23,9913,卖盘
1173,14:48:33,4.31,0.0,7,3020,卖盘
1174,14:48:42,4.31,0.0,33,14223,卖盘
1175,14:48:45,4.32,0.01,10,4320,买盘
1176,14:48:55,4.31,-0.01,24,10344,卖盘
1177,14:48:57,4.31,0.0,1,431,卖盘
1178,14:49:06,4.31,0.0,23,9913,卖盘
1179,14:49:15,4.31,0.0,23,9913,卖盘
1180,14:49:19,4.31,0.0,100,43100,卖盘
1181,14:49:21,4.31,0.0,7,3017,卖盘
1182,14:49:24,4.31,0.0,58,25033,卖盘
1183,14:49:27,4.32,0.01,1,432,买盘
1184,14:49:33,4.32,0.0,2,864,买盘
1185,14:49:36,4.31,-0.01,23,9913,卖盘
1186,14:49:49,4.32,0.01,107,46200,买盘
1187,14:50:00,4.31,-0.01,23,9913,卖盘
1188,14:50:04,4.32,0.01,1,432,买盘
1189,14:50:09,4.31,-0.01,27,11637,卖盘
1190,14:50:12,4.31,0.0,5,2156,卖盘
1191,14:50:21,4.31,0.0,23,9913,卖盘
1192,14:50:27,4.31,0.0,1,431,卖盘
1193,14:50:33,4.31,0.0,26,11209,卖盘
1194,14:50:45,4.31,0.0,23,9913,卖盘
1195,14:50:49,4.32,0.01,100,43200,买盘
1196,14:50:52,4.31,-0.01,5,2155,卖盘
1197,14:50:54,4.31,0.0,24,10344,卖盘
1198,14:51:06,4.31,0.0,23,9913,卖盘
1199,14:51:12,4.31,0.0,4,1724,卖盘
1200,14:51:18,4.31,0.0,23,9913,卖盘
1201,14:51:27,4.31,0.0,24,10344,卖盘
1202,14:51:33,4.32,0.01,2,864,买盘
1203,14:51:39,4.31,-0.01,23,9913,卖盘
1204,14:51:51,4.31,0.0,24,10344,卖盘
1205,14:51:58,4.32,0.01,5,2160,买盘
1206,14:52:01,4.31,-0.01,23,9913,卖盘
1207,14:52:12,4.31,0.0,23,9913,卖盘
1208,14:52:18,4.31,0.0,6,2588,卖盘
1209,14:52:24,4.31,0.0,23,9913,卖盘
1210,14:52:27,4.31,0.0,1,431,卖盘
1211,14:52:33,4.31,0.0,33,14223,卖盘
1212,14:52:45,4.31,0.0,28,12068,卖盘
1213,14:52:48,4.31,0.0,7,3017,卖盘
1214,14:52:57,4.31,0.0,25,10775,卖盘
1215,14:53:00,4.31,0.0,9,3879,卖盘
1216,14:53:04,4.32,0.01,6,2592,买盘
1217,14:53:06,4.31,-0.01,23,9913,卖盘
1218,14:53:12,4.32,0.01,1,432,买盘
1219,14:53:19,4.31,-0.01,23,9913,卖盘
1220,14:53:22,4.32,0.01,4,1728,买盘
1221,14:53:30,4.31,-0.01,23,9913,卖盘
1222,14:53:39,4.31,0.0,23,9913,卖盘
1223,14:53:45,4.31,0.0,40,17240,卖盘
1224,14:53:48,4.31,0.0,7,3020,卖盘
1225,14:53:51,4.31,0.0,23,9913,卖盘
1226,14:53:54,4.31,0.0,76,32756,卖盘
1227,14:53:57,4.31,0.0,1,431,卖盘
1228,14:54:03,4.31,0.0,24,10344,卖盘
1229,14:54:06,4.31,0.0,4,1724,卖盘
1230,14:54:09,4.32,0.01,5,2160,买盘
1231,14:54:12,4.31,-0.01,52,22441,卖盘
1232,14:54:18,4.32,0.01,24,10368,买盘
1233,14:54:33,4.32,0.0,2,864,买盘
1234,14:54:36,4.31,-0.01,51,21981,卖盘
1235,14:54:42,4.31,0.0,54,23323,卖盘
1236,14:54:45,4.31,0.0,5,2155,卖盘
1237,14:54:51,4.31,0.0,66,28446,卖盘
1238,14:55:07,4.32,0.01,2,864,买盘
1239,14:55:15,4.32,0.0,4,1728,买盘
1240,14:55:33,4.32,0.0,1,432,买盘
1241,14:55:42,4.32,0.0,25,10800,买盘
1242,14:55:52,4.31,-0.01,20,8620,卖盘
1243,14:56:06,4.32,0.01,5,2160,买盘
1244,14:56:09,4.32,0.0,4,1728,买盘
1245,14:56:30,4.31,-0.01,5,2155,卖盘
1246,14:56:42,4.32,0.01,24,10368,买盘
1247,14:56:57,4.32,0.0,1,432,买盘
1248,15:00:04,4.32,0.0,729,314928,卖盘
