,time,price,change,volume,amount,type
0,09:25:04,17.9,-0.02,9,16110,卖盘
1,09:30:04,17.91,0.01,23,41208,中性盘
2,09:30:15,17.95,0.04,1,1795,买盘
3,09:30:37,17.99,0.04,3,5397,买盘
4,09:30:42,17.99,0.0,2,3598,买盘
5,09:30:49,17.99,0.0,1,1799,买盘
6,09:31:01,17.99,0.0,4,7196,买盘
7,09:31:09,17.99,0.0,34,61110,买盘
8,09:31:13,17.99,0.0,5,8995,卖盘
9,09:31:16,17.99,0.0,4,7196,卖盘
10,09:31:19,17.99,0.0,2,3598,卖盘
11,09:31:40,17.99,0.0,2,3598,买盘
12,09:31:46,17.96,-0.03,1,1796,卖盘
13,09:31:54,17.95,-0.01,2,3590,卖盘
14,09:32:04,17.95,0.0,3,5385,买盘
15,09:32:19,17.95,0.0,1,1795,卖盘
16,09:32:22,17.96,0.01,1,1796,买盘
17,09:32:31,17.95,-0.01,2,3590,卖盘
18,09:32:49,17.96,0.01,9,16153,买盘
19,09:32:58,17.96,0.0,1,1796,卖盘
20,09:33:01,17.96,0.0,1,1796,卖盘
21,09:33:13,17.96,0.0,1,1796,卖盘
22,09:33:19,17.96,0.0,1,1796,卖盘
23,09:33:25,17.96,0.0,2,3592,卖盘
24,09:34:16,17.97,0.01,3,5393,卖盘
25,09:34:28,17.99,0.02,1,1799,买盘
26,09:34:39,17.97,-0.02,10,17979,卖盘
27,09:34:58,17.97,0.0,16,28764,卖盘
28,09:35:04,17.97,0.0,20,35940,卖盘
29,09:35:07,17.96,-0.01,13,23360,卖盘
30,09:35:09,17.96,0.0,1,1796,卖盘
31,09:35:13,17.96,0.0,1,1796,卖盘
32,09:35:16,17.96,0.0,1,1796,卖盘
33,09:35:22,17.95,-0.01,12,21540,卖盘
34,09:35:34,17.95,0.0,5,8975,买盘
35,09:35:54,17.91,-0.04,9,16119,卖盘
36,09:36:10,17.91,0.0,3,5373,卖盘
37,09:36:28,17.92,0.01,1,1792,卖盘
38,09:37:06,17.9,-0.02,9,16117,卖盘
39,09:37:10,17.92,0.02,1,1792,买盘
40,09:37:16,17.92,0.0,13,23293,买盘
41,09:37:27,17.92,0.0,12,21494,买盘
42,09:37:31,17.92,0.0,1,1792,买盘
43,09:37:39,17.92,0.0,1,1792,买盘
44,09:37:43,17.92,0.0,2,3584,买盘
45,09:37:46,17.91,-0.01,13,23283,卖盘
46,09:37:52,17.91,0.0,8,14330,卖盘
47,09:38:19,17.9,-0.01,21,37599,卖盘
48,09:38:52,17.91,0.01,1,1791,卖盘
49,09:39:25,17.91,0.0,1,1791,卖盘
50,09:39:48,17.93,0.02,20,35860,买盘
51,09:39:58,17.92,-0.01,11,19712,卖盘
52,09:40:07,17.92,0.0,2,3584,买盘
53,09:40:09,17.91,-0.01,20,35834,卖盘
54,09:40:13,17.91,0.0,10,17910,卖盘
55,09:40:16,17.92,0.01,11,19712,买盘
56,09:40:22,17.92,0.0,2,3584,买盘
57,09:40:25,17.92,0.0,1,1792,买盘
58,09:40:33,17.93,0.01,5,8965,买盘
59,09:40:37,17.93,0.0,2,3586,买盘
60,09:40:39,17.93,0.0,1,1793,买盘
61,09:41:22,17.92,-0.01,4,7168,卖盘
62,09:43:31,17.94,0.02,2,3588,买盘
63,09:43:52,17.94,0.0,1,1794,买盘
64,09:44:10,17.94,0.0,7,12557,买盘
65,09:44:28,17.97,0.03,10,17970,买盘
66,09:44:40,17.97,0.0,4,7188,买盘
67,09:44:42,17.97,0.0,2,3594,买盘
68,09:44:51,17.97,0.0,1,1797,买盘
69,09:45:09,17.97,0.0,1,1797,买盘
70,09:45:16,17.97,0.0,1,1797,买盘
71,09:45:22,17.97,0.0,19,34143,买盘
72,09:45:37,17.97,0.0,5,8985,买盘
73,09:45:51,17.97,0.0,1,1797,买盘
74,09:45:55,17.96,-0.01,1,1796,卖盘
75,09:46:13,17.97,0.01,2,3594,买盘
76,09:47:31,17.96,-0.01,3,5388,卖盘
77,09:47:39,17.96,0.0,13,23348,卖盘
78,09:47:43,17.97,0.01,34,61098,买盘
79,09:47:49,17.97,0.0,7,12579,卖盘
80,09:48:07,17.97,0.0,20,35940,卖盘
81,09:48:10,17.97,0.0,6,10782,卖盘
82,09:48:13,17.97,0.0,6,10782,卖盘
83,09:48:16,17.97,0.0,33,59305,卖盘
84,09:48:19,17.95,-0.02,28,50297,卖盘
85,09:48:22,17.95,0.0,7,12565,卖盘
86,09:48:25,17.97,0.02,15,26937,买盘
87,09:48:27,17.95,-0.02,14,25130,卖盘
88,09:48:31,17.95,0.0,52,93340,卖盘
89,09:48:34,17.94,-0.01,1,1794,卖盘
90,09:48:37,17.95,0.01,2,3590,买盘
91,09:48:46,17.93,-0.02,3,5379,卖盘
92,09:49:01,17.93,0.0,22,39446,卖盘
93,09:49:04,17.92,-0.01,24,43028,卖盘
94,09:49:13,17.93,0.01,10,17930,买盘
95,09:49:16,17.92,-0.01,2,3584,卖盘
96,09:49:34,17.92,0.0,16,28672,卖盘
97,09:49:40,17.93,0.01,1,1793,买盘
98,09:50:12,17.92,-0.01,13,23296,卖盘
99,09:50:18,17.93,0.01,2,3586,买盘
100,09:50:37,17.93,0.0,4,7172,买盘
101,09:50:46,17.93,0.0,7,12551,买盘
102,09:50:48,17.93,0.0,20,35860,买盘
103,09:51:39,17.93,0.0,22,39446,卖盘
104,09:54:37,17.97,0.04,3,5391,买盘
105,09:54:43,17.97,0.0,5,8985,买盘
106,09:56:04,17.93,-0.04,1,1793,卖盘
107,09:56:25,17.93,0.0,48,86064,卖盘
108,09:56:43,17.92,-0.01,4,7168,卖盘
109,09:57:07,17.93,0.01,15,26895,买盘
110,09:58:27,17.93,0.0,20,35860,卖盘
111,09:58:46,17.94,0.01,11,19734,卖盘
112,09:58:49,17.94,0.0,2,3588,买盘
113,09:58:55,17.94,0.0,37,66378,买盘
114,09:59:42,17.94,0.0,1,1794,买盘
115,10:00:10,17.93,-0.01,6,10758,卖盘
116,10:00:19,17.94,0.01,1,1794,买盘
117,10:01:01,17.93,-0.01,15,26895,卖盘
118,10:01:19,17.93,0.0,5,8965,卖盘
119,10:01:34,17.93,0.0,15,26895,卖盘
120,10:02:16,17.92,-0.01,3,5376,卖盘
121,10:02:46,17.92,0.0,1,1792,卖盘
122,10:02:51,17.93,0.01,9,16137,买盘
123,10:03:25,17.94,0.01,89,159644,买盘
124,10:03:57,17.94,0.0,6,10764,买盘
125,10:04:16,17.94,0.0,2,3588,买盘
126,10:04:25,17.94,0.0,2,3588,买盘
127,10:04:58,17.92,-0.02,8,14336,卖盘
128,10:05:19,17.92,0.0,52,93184,卖盘
129,10:05:46,17.92,0.0,5,8960,卖盘
130,10:06:28,17.92,0.0,5,8960,卖盘
131,10:06:39,17.92,0.0,5,8960,卖盘
132,10:07:30,17.92,0.0,2,3584,卖盘
133,10:07:40,17.93,0.01,5,8965,买盘
134,10:07:58,17.92,-0.01,10,17920,卖盘
135,10:08:15,17.93,0.01,3,5379,买盘
136,10:08:34,17.92,-0.01,10,17920,卖盘
137,10:09:13,17.92,0.0,2,3584,卖盘
138,10:09:36,17.92,0.0,27,48384,卖盘
139,10:10:15,17.91,-0.01,3,5373,卖盘
140,10:11:04,17.91,0.0,5,8955,卖盘
141,10:11:12,17.92,0.01,96,172032,买盘
142,10:12:22,17.92,0.0,7,12544,买盘
143,10:12:34,17.92,0.0,13,23288,买盘
144,10:13:16,17.92,0.0,21,37632,买盘
145,10:13:24,17.92,0.0,3,5376,买盘
146,10:13:28,17.92,0.0,10,17920,买盘
147,10:13:31,17.91,-0.01,8,14328,卖盘
148,10:13:49,17.91,0.0,4,7164,卖盘
149,10:13:54,17.92,0.01,10,17920,买盘
150,10:13:58,17.91,-0.01,1,1791,卖盘
151,10:14:31,17.92,0.01,10,17920,买盘
152,10:14:37,17.91,-0.01,29,51939,卖盘
153,10:15:22,17.92,0.01,6,10752,买盘
154,10:15:37,17.92,0.0,3,5376,买盘
155,10:15:55,17.92,0.0,55,98560,买盘
156,10:16:04,17.92,0.0,5,8960,买盘
157,10:16:07,17.92,0.0,1,1792,买盘
158,10:16:12,17.92,0.0,1,1792,买盘
159,10:16:22,17.92,0.0,3,5376,买盘
160,10:16:52,17.91,-0.01,7,12537,卖盘
161,10:17:37,17.92,0.01,12,21504,买盘
162,10:18:16,17.93,0.01,1,1793,买盘
163,10:18:21,17.92,-0.01,4,7168,卖盘
164,10:18:39,17.92,0.0,6,10752,卖盘
165,10:18:55,17.93,0.01,5,8965,买盘
166,10:19:07,17.93,0.0,16,28688,买盘
167,10:19:22,17.92,-0.01,22,39432,卖盘
168,10:19:30,17.92,0.0,1,1792,买盘
169,10:19:33,17.92,0.0,1,1792,买盘
170,10:20:04,17.91,-0.01,10,17910,卖盘
171,10:20:25,17.91,0.0,39,69849,卖盘
172,10:20:42,17.92,0.01,11,19712,买盘
173,10:21:04,17.92,0.0,4,7168,买盘
174,10:22:19,17.92,0.0,30,53760,买盘
175,10:22:54,17.92,0.0,10,17920,买盘
176,10:25:16,17.92,0.0,20,35840,买盘
177,10:25:34,17.91,-0.01,5,8959,卖盘
178,10:26:13,17.91,0.0,20,35820,卖盘
179,10:26:16,17.91,0.0,7,12537,卖盘
180,10:26:22,17.91,0.0,19,34029,卖盘
181,10:26:28,17.91,0.0,1,1791,卖盘
182,10:26:34,17.91,0.0,5,8955,卖盘
183,10:26:40,17.91,0.0,4,7164,卖盘
184,10:26:43,17.91,0.0,2,3582,卖盘
185,10:26:51,17.91,0.0,1,1791,卖盘
186,10:27:07,17.91,0.0,2,3582,卖盘
187,10:27:10,17.91,0.0,10,17910,卖盘
188,10:27:31,17.91,0.0,50,89550,卖盘
189,10:27:34,17.91,0.0,2,3582,卖盘
190,10:27:37,17.91,0.0,5,8955,卖盘
191,10:28:15,17.9,-0.01,14,25060,卖盘
192,10:28:30,17.9,0.0,11,19690,卖盘
193,10:28:36,17.9,0.0,15,26850,卖盘
194,10:28:52,17.9,0.0,15,26850,卖盘
195,10:29:19,17.9,0.0,2,3580,卖盘
196,10:29:30,17.9,0.0,10,17900,卖盘
197,10:30:01,17.9,0.0,16,28640,卖盘
198,10:30:16,17.9,0.0,10,17900,卖盘
199,10:30:28,17.9,0.0,1,1790,卖盘
200,10:30:39,17.9,0.0,28,50120,卖盘
201,10:31:31,17.9,0.0,10,17900,买盘
202,10:31:37,17.9,0.0,1,1790,买盘
203,10:31:40,17.89,-0.01,44,78716,卖盘
204,10:32:16,17.89,0.0,10,17890,买盘
205,10:32:40,17.89,0.0,3,5367,买盘
206,10:33:04,17.89,0.0,1,1789,卖盘
207,10:33:37,17.88,-0.01,2,3576,卖盘
208,10:33:40,17.89,0.01,2,3578,买盘
209,10:34:45,17.88,-0.01,2,3577,卖盘
210,10:35:25,17.88,0.0,3,5364,卖盘
211,10:35:40,17.88,0.0,1,1788,卖盘
212,10:35:46,17.88,0.0,2,3576,卖盘
213,10:35:48,17.88,0.0,3,5364,卖盘
214,10:36:04,17.88,0.0,10,17880,卖盘
215,10:36:09,17.87,-0.01,2,3574,卖盘
216,10:36:40,17.86,-0.01,19,33934,卖盘
217,10:36:43,17.85,-0.01,10,17850,卖盘
218,10:37:01,17.85,0.0,5,8925,卖盘
219,10:37:04,17.85,0.0,17,30345,卖盘
220,10:37:19,17.84,-0.01,10,17840,卖盘
221,10:37:31,17.83,-0.01,7,12481,卖盘
222,10:37:43,17.83,0.0,1,1783,买盘
223,10:37:46,17.82,-0.01,3,5346,卖盘
224,10:37:48,17.82,0.0,2,3564,卖盘
225,10:38:01,17.82,0.0,7,12474,卖盘
226,10:38:07,17.81,-0.01,10,17810,卖盘
227,10:38:16,17.82,0.01,20,35630,买盘
228,10:38:25,17.82,0.0,8,14256,买盘
229,10:38:28,17.83,0.01,2,3566,买盘
230,10:38:37,17.83,0.0,7,12481,买盘
231,10:39:25,17.88,0.05,18,32184,买盘
232,10:39:37,17.88,0.0,2,3576,买盘
233,10:39:51,17.88,0.0,12,21456,卖盘
234,10:40:07,17.88,0.0,12,21456,卖盘
235,10:40:33,17.88,0.0,5,8940,买盘
236,10:41:31,17.88,0.0,1,1788,买盘
237,10:42:07,17.86,-0.02,2,3572,卖盘
238,10:42:46,17.86,0.0,6,10716,卖盘
239,10:43:13,17.86,0.0,5,8930,卖盘
240,10:43:16,17.86,0.0,4,7144,卖盘
241,10:43:28,17.86,0.0,21,37488,买盘
242,10:43:49,17.85,-0.01,8,14280,卖盘
243,10:44:00,17.85,0.0,9,16065,卖盘
244,10:44:13,17.85,0.0,1,1785,买盘
245,10:44:16,17.86,0.01,2,3572,买盘
246,10:44:21,17.85,-0.01,6,10710,卖盘
247,10:44:40,17.85,0.0,2,3570,卖盘
248,10:45:10,17.85,0.0,6,10710,卖盘
249,10:45:43,17.85,0.0,2,3570,买盘
250,10:45:55,17.85,0.0,5,8925,买盘
251,10:45:57,17.86,0.01,22,39285,买盘
252,10:46:04,17.84,-0.02,2,3568,卖盘
253,10:46:25,17.86,0.02,2,3572,买盘
254,10:47:30,17.86,0.0,14,25004,买盘
255,10:48:07,17.86,0.0,10,17860,买盘
256,10:48:57,17.85,-0.01,1,1785,买盘
257,10:49:25,17.84,-0.01,1,1784,卖盘
258,10:49:57,17.84,0.0,9,16056,卖盘
259,10:50:03,17.84,0.0,5,8920,卖盘
260,10:50:24,17.83,-0.01,16,28528,卖盘
261,10:50:31,17.83,0.0,11,19613,买盘
262,10:51:16,17.83,0.0,7,12481,买盘
263,10:51:49,17.83,0.0,2,3566,买盘
264,10:52:01,17.83,0.0,10,17830,买盘
265,10:52:04,17.83,0.0,1,1783,买盘
266,10:52:30,17.83,0.0,5,8915,买盘
267,10:52:37,17.82,-0.01,13,23166,卖盘
268,10:52:49,17.83,0.01,10,17830,买盘
269,10:53:39,17.83,0.0,3,5349,买盘
270,10:54:15,17.82,-0.01,13,23166,卖盘
271,10:54:19,17.83,0.01,14,24957,买盘
272,10:54:27,17.82,-0.01,3,5346,卖盘
273,10:54:46,17.82,0.0,1,1782,买盘
274,10:55:07,17.82,0.0,10,17820,买盘
275,10:55:13,17.82,0.0,1,1782,买盘
276,10:55:25,17.82,0.0,2,3564,买盘
277,10:55:46,17.82,0.0,1,1782,买盘
278,10:55:49,17.82,0.0,1,1782,买盘
279,10:56:00,17.81,-0.01,4,7124,卖盘
280,10:56:04,17.82,0.01,3,5346,买盘
281,10:56:06,17.81,-0.01,6,10686,卖盘
282,10:56:30,17.81,0.0,4,7124,卖盘
283,10:57:00,17.82,0.01,1,1782,买盘
284,10:57:04,17.82,0.0,32,57006,买盘
285,10:57:19,17.81,-0.01,3,5343,卖盘
286,10:57:22,17.81,0.0,1,1781,卖盘
287,10:57:40,17.82,0.01,15,26730,买盘
288,10:57:48,17.82,0.0,4,7128,买盘
289,10:58:28,17.82,0.0,2,3564,买盘
290,10:58:34,17.82,0.0,3,5346,买盘
291,10:58:37,17.81,-0.01,20,35620,卖盘
292,10:58:51,17.81,0.0,10,17810,卖盘
293,10:58:54,17.81,0.0,41,73021,卖盘
294,10:59:31,17.8,-0.01,20,35600,卖盘
295,11:00:06,17.8,0.0,20,35600,卖盘
296,11:00:10,17.81,0.01,4,7124,买盘
297,11:00:13,17.81,0.0,2,3562,买盘
298,11:00:16,17.81,0.0,3,5343,买盘
299,11:00:22,17.81,0.0,28,49868,买盘
300,11:00:25,17.82,0.01,86,153250,买盘
301,11:00:28,17.81,-0.01,1,1781,卖盘
302,11:00:30,17.81,0.0,4,7124,买盘
303,11:01:12,17.82,0.01,44,78408,买盘
304,11:01:21,17.82,0.0,1,1782,买盘
305,11:01:25,17.82,0.0,23,40986,买盘
306,11:01:31,17.82,0.0,8,14256,买盘
307,11:01:37,17.82,0.0,1,1782,买盘
308,11:01:40,17.81,-0.01,8,14255,卖盘
309,11:01:43,17.82,0.01,6,10692,买盘
310,11:01:55,17.81,-0.01,20,35620,卖盘
311,11:02:01,17.82,0.01,36,64152,买盘
312,11:02:07,17.81,-0.01,34,60556,卖盘
313,11:02:28,17.82,0.01,10,17820,买盘
314,11:02:31,17.82,0.0,10,17820,买盘
315,11:02:36,17.82,0.0,128,228096,买盘
316,11:02:40,17.82,0.0,1,1782,买盘
317,11:02:43,17.82,0.0,120,213840,买盘
318,11:02:45,17.82,0.0,125,222750,买盘
319,11:02:48,17.82,0.0,19,33858,买盘
320,11:02:52,17.82,0.0,1,1782,卖盘
321,11:03:01,17.84,0.02,16,28544,买盘
322,11:03:12,17.86,0.02,3,5358,买盘
323,11:03:30,17.84,-0.02,1,1784,卖盘
324,11:03:46,17.84,0.0,10,17840,买盘
325,11:04:34,17.86,0.02,2,3572,买盘
326,11:04:48,17.88,0.02,3,5364,买盘
327,11:05:09,17.88,0.0,10,17880,买盘
328,11:05:31,17.88,0.0,3,5364,买盘
329,11:05:37,17.86,-0.02,6,10716,卖盘
330,11:05:54,17.86,0.0,2,3572,卖盘
331,11:05:57,17.86,0.0,1,1786,买盘
332,11:06:55,17.86,0.0,1,1786,买盘
333,11:07:10,17.86,0.0,3,5358,卖盘
334,11:07:22,17.88,0.02,8,14304,买盘
335,11:07:28,17.88,0.0,11,19666,买盘
336,11:07:42,17.88,0.0,18,32184,买盘
337,11:07:49,17.88,0.0,30,53640,买盘
338,11:08:04,17.88,0.0,2,3576,买盘
339,11:08:45,17.89,0.01,2,3578,买盘
340,11:09:06,17.9,0.01,5,8950,买盘
341,11:09:19,17.9,0.0,2,3580,卖盘
342,11:10:22,17.9,0.0,10,17900,卖盘
343,11:10:25,17.9,0.0,5,8950,卖盘
344,11:10:28,17.9,0.0,1,1790,卖盘
345,11:10:49,17.92,0.02,2,3584,买盘
346,11:10:51,17.89,-0.03,1,1789,卖盘
347,11:11:45,17.92,0.03,14,25061,买盘
348,11:12:01,17.92,0.0,3,5376,买盘
349,11:13:22,17.9,-0.02,5,8950,卖盘
350,11:13:48,17.89,-0.01,3,5367,卖盘
351,11:14:28,17.89,0.0,5,8945,卖盘
352,11:14:40,17.89,0.0,10,17890,卖盘
353,11:16:15,17.89,0.0,2,3578,买盘
354,11:18:55,17.89,0.0,14,25046,买盘
355,11:19:49,17.9,0.01,3,5370,卖盘
356,11:20:27,17.89,-0.01,9,16101,卖盘
357,11:20:54,17.89,0.0,21,37569,卖盘
358,11:20:58,17.9,0.01,5,8947,买盘
359,11:21:01,17.9,0.0,9,16110,卖盘
360,11:22:36,17.92,0.02,5,8960,买盘
361,11:23:10,17.9,-0.02,18,32220,卖盘
362,11:24:19,17.9,0.0,18,32220,卖盘
363,11:24:49,17.9,0.0,2,3580,卖盘
364,11:25:46,17.9,0.0,2,3580,卖盘
365,11:26:00,17.87,-0.03,1,1787,卖盘
366,11:26:45,17.9,0.03,8,14320,买盘
367,11:27:36,17.9,0.0,33,59070,买盘
368,11:27:39,17.9,0.0,2,3580,卖盘
369,11:27:58,17.87,-0.03,11,19657,卖盘
370,11:29:15,17.87,0.0,2,3574,卖盘
371,11:29:18,17.86,-0.01,5,8930,卖盘
372,13:00:05,17.86,0.0,21,37514,卖盘
373,13:00:10,17.86,0.0,11,19646,买盘
374,13:00:13,17.86,0.0,12,21432,买盘
375,13:00:16,17.86,0.0,6,10716,买盘
376,13:00:18,17.86,0.0,2,3572,买盘
377,13:00:21,17.86,0.0,2,3572,买盘
378,13:00:24,17.86,0.0,2,3572,买盘
379,13:00:27,17.86,0.0,2,3572,买盘
380,13:01:48,17.9,0.04,6,10737,买盘
381,13:03:06,17.92,0.02,57,102133,买盘
382,13:04:15,17.91,-0.01,2,3582,买盘
383,13:04:24,17.91,0.0,9,16119,买盘
384,13:04:27,17.91,0.0,3,5373,卖盘
385,13:05:43,17.91,0.0,1,1791,买盘
386,13:05:58,17.91,0.0,2,3582,买盘
387,13:07:06,17.91,0.0,1,1791,买盘
388,13:11:51,17.9,-0.01,11,19690,卖盘
389,13:12:30,17.9,0.0,12,21480,卖盘
390,13:14:18,17.88,-0.02,5,8940,卖盘
391,13:14:43,17.85,-0.03,4,7140,卖盘
392,13:16:49,17.87,0.02,2,3574,买盘
393,13:17:04,17.88,0.01,4,7152,买盘
394,13:17:16,17.88,0.0,1,1788,买盘
395,13:17:42,17.88,0.0,3,5364,卖盘
396,13:17:58,17.87,-0.01,10,17870,卖盘
397,13:18:55,17.88,0.01,27,48276,买盘
398,13:19:21,17.88,0.0,1,1788,卖盘
399,13:20:55,17.87,-0.01,1,1787,卖盘
400,13:21:19,17.86,-0.01,7,12502,卖盘
401,13:21:25,17.86,0.0,2,3572,卖盘
402,13:21:49,17.86,0.0,11,19646,买盘
403,13:22:16,17.87,0.01,1,1787,买盘
404,13:22:25,17.86,-0.01,25,44650,卖盘
405,13:22:28,17.86,0.0,1,1786,买盘
406,13:23:00,17.84,-0.02,1,1784,卖盘
407,13:23:06,17.84,0.0,2,3568,卖盘
408,13:23:54,17.84,0.0,1,1784,卖盘
409,13:24:18,17.84,0.0,5,8920,卖盘
410,13:24:48,17.84,0.0,2,3568,卖盘
411,13:25:21,17.84,0.0,7,12488,卖盘
412,13:27:39,17.85,0.01,5,8925,卖盘
413,13:27:45,17.89,0.04,3,5367,买盘
414,13:28:09,17.89,0.0,1,1789,买盘
415,13:32:55,17.89,0.0,5,8945,买盘
416,13:33:34,17.85,-0.04,15,26775,卖盘
417,13:34:25,17.85,0.0,14,24990,卖盘
418,13:34:40,17.84,-0.01,3,5352,卖盘
419,13:35:40,17.85,0.01,4,7140,买盘
420,13:35:52,17.85,0.0,10,17850,卖盘
421,13:36:19,17.85,0.0,15,26775,卖盘
422,13:36:49,17.85,0.0,24,42840,买盘
423,13:36:58,17.85,0.0,1,1785,买盘
424,13:37:43,17.84,-0.01,7,12488,卖盘
425,13:38:18,17.85,0.01,5,8925,买盘
426,13:39:06,17.84,-0.01,13,23192,卖盘
427,13:39:46,17.84,0.0,26,46385,卖盘
428,13:40:16,17.85,0.01,1,1785,买盘
429,13:40:52,17.85,0.0,5,8925,买盘
430,13:41:01,17.85,0.0,2,3570,买盘
431,13:41:33,17.85,0.0,29,51765,卖盘
432,13:41:40,17.85,0.0,5,8925,买盘
433,13:41:46,17.84,-0.01,13,23192,卖盘
434,13:41:52,17.85,0.01,3,5355,买盘
435,13:42:09,17.85,0.0,5,8925,买盘
436,13:42:13,17.85,0.0,2,3570,买盘
437,13:43:21,17.85,0.0,10,17850,买盘
438,13:44:28,17.84,-0.01,12,21408,卖盘
439,13:45:33,17.85,0.01,3,5355,买盘
440,13:45:36,17.84,-0.01,20,35680,卖盘
441,13:46:13,17.85,0.01,6,10710,买盘
442,13:46:43,17.85,0.0,1,1785,买盘
443,13:46:45,17.84,-0.01,4,7136,卖盘
444,13:46:55,17.85,0.01,1,1785,买盘
445,13:47:46,17.85,0.0,6,10710,卖盘
446,13:48:06,17.85,0.0,6,10710,卖盘
447,13:48:37,17.86,0.01,6,10716,买盘
448,13:49:10,17.86,0.0,4,7144,卖盘
449,13:49:40,17.85,-0.01,5,8925,卖盘
450,13:49:49,17.85,0.0,16,28560,卖盘
451,13:50:22,17.85,0.0,1,1785,买盘
452,13:50:25,17.85,0.0,2,3570,买盘
453,13:50:34,17.85,0.0,20,35700,买盘
454,13:50:46,17.85,0.0,1,1785,买盘
455,13:52:28,17.85,0.0,1,1785,买盘
456,13:52:46,17.84,-0.01,23,41032,卖盘
457,13:53:09,17.84,0.0,1,1784,卖盘
458,13:53:28,17.84,0.0,2,3568,卖盘
459,13:53:58,17.84,0.0,1,1784,卖盘
460,13:54:04,17.84,0.0,5,8920,卖盘
461,13:55:01,17.84,0.0,13,23192,卖盘
462,13:55:05,17.84,0.0,4,7136,卖盘
463,13:55:16,17.84,0.0,10,17840,卖盘
464,13:55:28,17.85,0.01,1,1785,买盘
465,13:55:34,17.84,-0.01,3,5352,卖盘
466,13:55:48,17.84,0.0,2,3568,买盘
467,13:56:04,17.84,0.0,5,8920,买盘
468,13:56:16,17.85,0.01,5,8925,买盘
469,13:56:43,17.83,-0.02,10,17830,卖盘
470,13:58:01,17.83,0.0,20,35660,卖盘
471,13:58:04,17.85,0.02,18,32130,买盘
472,13:59:28,17.87,0.02,99,176760,买盘
473,14:00:00,17.88,0.01,6,10728,买盘
474,14:00:06,17.88,0.0,1,1788,买盘
475,14:01:07,17.88,0.0,1,1788,买盘
476,14:01:43,17.87,-0.01,12,21444,卖盘
477,14:02:31,17.87,0.0,3,5361,买盘
478,14:03:40,17.88,0.01,1,1788,买盘
479,14:04:19,17.87,-0.01,4,7148,卖盘
480,14:04:28,17.88,0.01,1,1788,买盘
481,14:05:25,17.87,-0.01,2,3574,卖盘
482,14:05:48,17.85,-0.02,1,1785,卖盘
483,14:05:58,17.84,-0.01,21,37464,卖盘
484,14:06:07,17.83,-0.01,4,7132,卖盘
485,14:06:10,17.83,0.0,11,19613,卖盘
486,14:06:13,17.83,0.0,5,8915,卖盘
487,14:06:16,17.83,0.0,2,3566,卖盘
488,14:06:22,17.81,-0.02,200,356338,卖盘
489,14:06:34,17.82,0.01,20,35640,卖盘
490,14:06:37,17.82,0.0,3,5346,卖盘
491,14:06:55,17.81,-0.01,1,1781,卖盘
492,14:07:16,17.81,0.0,2,3562,卖盘
493,14:07:31,17.81,0.0,37,65897,卖盘
494,14:07:46,17.8,-0.01,56,99680,卖盘
495,14:07:57,17.8,0.0,20,35600,卖盘
496,14:08:01,17.8,0.0,5,8900,卖盘
497,14:08:31,17.81,0.01,4,7123,买盘
498,14:08:43,17.81,0.0,10,17810,买盘
499,14:08:46,17.81,0.0,1,1781,买盘
500,14:09:06,17.82,0.01,3,5346,买盘
501,14:09:09,17.81,-0.01,6,10686,卖盘
502,14:09:21,17.81,0.0,1,1781,买盘
503,14:09:30,17.81,0.0,3,5343,买盘
504,14:09:37,17.81,0.0,3,5343,买盘
505,14:09:43,17.81,0.0,17,30277,买盘
506,14:09:48,17.8,-0.01,12,21370,卖盘
507,14:09:57,17.8,0.0,20,35600,卖盘
508,14:10:19,17.81,0.01,51,90781,买盘
509,14:10:28,17.81,0.0,1,1781,买盘
510,14:10:49,17.81,0.0,5,8905,买盘
511,14:11:10,17.81,0.0,2,3562,买盘
512,14:11:16,17.81,0.0,20,35620,买盘
513,14:11:28,17.81,0.0,1,1781,买盘
514,14:11:31,17.81,0.0,2,3562,买盘
515,14:11:40,17.82,0.01,3,5346,买盘
516,14:12:01,17.82,0.0,1,1782,买盘
517,14:12:06,17.81,-0.01,11,19591,卖盘
518,14:12:31,17.81,0.0,13,23148,买盘
519,14:12:46,17.81,0.0,3,5343,买盘
520,14:12:49,17.81,0.0,2,3562,买盘
521,14:12:51,17.81,0.0,3,5343,卖盘
522,14:12:58,17.81,0.0,30,53430,买盘
523,14:13:07,17.81,0.0,10,17810,买盘
524,14:13:24,17.8,-0.01,1,1780,卖盘
525,14:13:39,17.8,0.0,1,1780,卖盘
526,14:13:42,17.81,0.01,1,1781,买盘
527,14:13:54,17.81,0.0,10,17810,卖盘
528,14:14:10,17.87,0.06,1,1787,买盘
529,14:15:48,17.84,-0.03,1,1784,卖盘
530,14:15:52,17.84,0.0,2,3568,卖盘
531,14:15:55,17.83,-0.01,1,1783,卖盘
532,14:15:58,17.86,0.03,5,8930,买盘
533,14:16:33,17.83,-0.03,6,10698,卖盘
534,14:16:36,17.83,0.0,10,17830,买盘
535,14:16:46,17.82,-0.01,10,17822,卖盘
536,14:16:49,17.82,0.0,20,35640,卖盘
537,14:16:52,17.82,0.0,2,3564,买盘
538,14:16:57,17.82,0.0,2,3564,买盘
539,14:17:04,17.82,0.0,1,1782,买盘
540,14:17:10,17.82,0.0,1,1782,买盘
541,14:17:16,17.81,-0.01,13,23165,卖盘
542,14:17:37,17.81,0.0,51,90831,卖盘
543,14:17:49,17.8,-0.01,42,74770,卖盘
544,14:18:04,17.8,0.0,72,128160,卖盘
545,14:18:10,17.8,0.0,1,1780,卖盘
546,14:18:13,17.81,0.01,1,1781,买盘
547,14:18:22,17.78,-0.03,386,687049,卖盘
548,14:18:46,17.78,0.0,2,3556,买盘
549,14:18:52,17.78,0.0,1,1778,买盘
550,14:19:07,17.78,0.0,6,10668,卖盘
551,14:19:09,17.78,0.0,3,5334,卖盘
552,14:19:39,17.78,0.0,17,30226,卖盘
553,14:19:49,17.78,0.0,5,8890,买盘
554,14:19:54,17.78,0.0,1,1778,买盘
555,14:20:07,17.77,-0.01,27,47989,卖盘
556,14:20:15,17.77,0.0,19,33763,卖盘
557,14:20:45,17.77,0.0,25,44425,卖盘
558,14:20:51,17.77,0.0,1,1777,买盘
559,14:20:55,17.77,0.0,1,1777,卖盘
560,14:21:13,17.8,0.03,10,17800,买盘
561,14:21:22,17.77,-0.03,17,30209,卖盘
562,14:21:37,17.77,0.0,10,17770,卖盘
563,14:21:49,17.77,0.0,18,31986,卖盘
564,14:22:07,17.79,0.02,1,1779,买盘
565,14:22:12,17.78,-0.01,20,35560,卖盘
566,14:22:16,17.79,0.01,1,1779,买盘
567,14:22:40,17.8,0.01,5,8900,买盘
568,14:22:49,17.78,-0.02,8,14224,卖盘
569,14:22:57,17.78,0.0,2,3556,买盘
570,14:23:22,17.8,0.02,1,1780,买盘
571,14:23:42,17.8,0.0,4,7120,买盘
572,14:23:49,17.78,-0.02,5,8890,卖盘
573,14:24:16,17.79,0.01,1,1779,卖盘
574,14:24:40,17.79,0.0,3,5337,买盘
575,14:25:04,17.79,0.0,3,5337,买盘
576,14:25:09,17.79,0.0,5,8895,买盘
577,14:25:16,17.77,-0.02,10,17772,卖盘
578,14:25:39,17.77,0.0,25,44425,卖盘
579,14:26:04,17.78,0.01,2,3556,买盘
580,14:26:19,17.78,0.0,8,14224,买盘
581,14:26:31,17.78,0.0,50,88900,卖盘
582,14:26:37,17.79,0.01,1,1779,买盘
583,14:26:40,17.78,-0.01,19,33782,卖盘
584,14:26:42,17.78,0.0,3,5334,卖盘
585,14:27:34,17.78,0.0,3,5334,卖盘
586,14:27:52,17.79,0.01,2,3558,买盘
587,14:28:15,17.79,0.0,5,8895,买盘
588,14:28:19,17.79,0.0,10,17790,买盘
589,14:28:21,17.78,-0.01,27,48019,卖盘
590,14:28:43,17.79,0.01,25,44475,卖盘
591,14:28:46,17.79,0.0,1,1779,卖盘
592,14:28:49,17.79,0.0,1,1779,卖盘
593,14:28:52,17.79,0.0,1,1779,卖盘
594,14:28:55,17.79,0.0,2,3558,卖盘
595,14:28:58,17.78,-0.01,12,21336,卖盘
596,14:29:31,17.79,0.01,3,5337,买盘
597,14:29:33,17.79,0.0,2,3558,卖盘
598,14:29:45,17.79,0.0,5,8895,卖盘
599,14:29:51,17.8,0.01,3,5340,买盘
600,14:30:30,17.78,-0.02,132,234737,卖盘
601,14:30:40,17.78,0.0,28,49784,买盘
602,14:31:10,17.75,-0.03,180,319709,卖盘
603,14:31:19,17.75,0.0,7,12425,卖盘
604,14:31:52,17.74,-0.01,1,1774,买盘
605,14:32:07,17.71,-0.03,260,460762,卖盘
606,14:32:09,17.73,0.02,5,8865,中性盘
607,14:32:12,17.74,0.01,8,14192,买盘
608,14:32:19,17.73,-0.01,1,1773,卖盘
609,14:32:22,17.73,0.0,5,8865,卖盘
610,14:32:31,17.74,0.01,1,1774,买盘
611,14:32:39,17.73,-0.01,1,1773,卖盘
612,14:32:49,17.73,0.0,3,5319,卖盘
613,14:32:52,17.73,0.0,18,31914,卖盘
614,14:33:03,17.73,0.0,5,8865,卖盘
615,14:33:10,17.73,0.0,9,15957,卖盘
616,14:33:37,17.71,-0.02,5,8855,卖盘
617,14:33:49,17.72,0.01,4,7088,卖盘
618,14:33:55,17.71,-0.01,29,51363,卖盘
619,14:34:09,17.71,0.0,4,7084,卖盘
620,14:34:15,17.71,0.0,20,35420,卖盘
621,14:34:19,17.71,0.0,10,17717,卖盘
622,14:34:37,17.72,0.01,9,15954,卖盘
623,14:34:42,17.71,-0.01,2,3542,卖盘
624,14:34:46,17.71,0.0,56,99192,卖盘
625,14:34:49,17.71,0.0,25,44285,卖盘
626,14:35:19,17.72,0.01,1,1772,买盘
627,14:35:25,17.72,0.0,3,5316,卖盘
628,14:35:40,17.72,0.0,5,8860,卖盘
629,14:35:49,17.72,0.0,5,8860,卖盘
630,14:35:52,17.72,0.0,1,1772,卖盘
631,14:35:57,17.72,0.0,1,1772,卖盘
632,14:36:00,17.72,0.0,2,3544,卖盘
633,14:36:16,17.72,0.0,1,1772,买盘
634,14:36:21,17.72,0.0,1,1772,买盘
635,14:36:28,17.72,0.0,5,8860,中性盘
636,14:36:31,17.71,-0.01,40,70851,卖盘
637,14:36:34,17.7,-0.01,5,8851,卖盘
638,14:36:40,17.71,0.01,2,3542,买盘
639,14:36:43,17.7,-0.01,1,1770,卖盘
640,14:36:46,17.7,0.0,47,83190,卖盘
641,14:36:51,17.7,0.0,87,153990,卖盘
642,14:36:55,17.7,0.0,2,3540,卖盘
643,14:36:57,17.7,0.0,27,47805,卖盘
644,14:37:01,17.7,0.0,20,35400,卖盘
645,14:37:04,17.7,0.0,1,1770,卖盘
646,14:37:07,17.7,0.0,20,35400,卖盘
647,14:37:16,17.7,0.0,10,17700,卖盘
648,14:37:19,17.7,0.0,89,157530,卖盘
649,14:37:22,17.7,0.0,9,15930,卖盘
650,14:37:30,17.7,0.0,5,8850,卖盘
651,14:37:33,17.7,0.0,46,81420,卖盘
652,14:37:40,17.7,0.0,18,31860,卖盘
653,14:38:00,17.7,0.0,20,35400,买盘
654,14:38:10,17.69,-0.01,12,21233,卖盘
655,14:38:31,17.69,0.0,4,7076,卖盘
656,14:38:36,17.69,0.0,23,40702,卖盘
657,14:38:40,17.69,0.0,14,24766,卖盘
658,14:38:43,17.69,0.0,5,8845,卖盘
659,14:39:04,17.68,-0.01,81,143208,卖盘
660,14:39:06,17.68,0.0,14,24747,买盘
661,14:39:10,17.67,-0.01,1,1767,卖盘
662,14:39:16,17.67,0.0,6,10602,卖盘
663,14:39:24,17.67,0.0,37,65379,卖盘
664,14:39:31,17.67,0.0,13,22971,卖盘
665,14:39:34,17.67,0.0,3,5301,买盘
666,14:39:40,17.67,0.0,5,8835,卖盘
667,14:39:42,17.68,0.01,4,7070,买盘
668,14:39:51,17.68,0.0,8,14138,买盘
669,14:39:57,17.65,-0.03,33,58251,卖盘
670,14:40:06,17.65,0.0,10,17650,买盘
671,14:40:25,17.64,-0.01,10,17640,买盘
672,14:40:28,17.65,0.01,6,10590,买盘
673,14:40:31,17.65,0.0,2,3530,买盘
674,14:40:37,17.65,0.0,24,42290,买盘
675,14:40:43,17.62,-0.03,8,14096,卖盘
676,14:40:46,17.62,0.0,1,1762,卖盘
677,14:40:48,17.62,0.0,1,1762,卖盘
678,14:40:58,17.62,0.0,32,56384,卖盘
679,14:41:04,17.6,-0.02,19,33441,卖盘
680,14:41:15,17.61,0.01,1,1761,卖盘
681,14:41:28,17.61,0.0,24,42242,买盘
682,14:41:34,17.62,0.01,78,137426,买盘
683,14:41:40,17.61,-0.01,78,137391,卖盘
684,14:41:45,17.61,0.0,10,17610,买盘
685,14:41:48,17.61,0.0,3,5283,买盘
686,14:41:52,17.6,-0.01,60,105603,卖盘
687,14:41:58,17.6,0.0,5,8800,买盘
688,14:42:01,17.59,-0.01,22,38699,卖盘
689,14:42:04,17.59,0.0,5,8795,买盘
690,14:42:07,17.59,0.0,14,24626,买盘
691,14:42:10,17.59,0.0,1,1759,买盘
692,14:42:25,17.59,0.0,12,21108,买盘
693,14:42:27,17.57,-0.02,19,33386,卖盘
694,14:42:37,17.57,0.0,4,7028,买盘
695,14:42:40,17.57,0.0,85,149345,买盘
696,14:42:49,17.57,0.0,12,21089,卖盘
697,14:42:52,17.58,0.01,11,19330,买盘
698,14:42:58,17.58,0.0,1,1758,买盘
699,14:43:01,17.58,0.0,1,1758,买盘
700,14:43:04,17.58,0.0,5,8790,买盘
701,14:43:06,17.58,0.0,5,8790,卖盘
702,14:43:18,17.59,0.01,2,3518,买盘
703,14:43:22,17.59,0.0,6,10554,买盘
704,14:43:28,17.59,0.0,19,33421,买盘
705,14:43:31,17.59,0.0,13,22867,买盘
706,14:43:34,17.59,0.0,12,21108,买盘
707,14:43:37,17.59,0.0,51,89709,买盘
708,14:43:40,17.6,0.01,126,221640,买盘
709,14:43:49,17.6,0.0,1,1760,卖盘
710,14:43:52,17.6,0.0,6,10560,卖盘
711,14:43:57,17.65,0.05,4,7060,买盘
712,14:44:10,17.65,0.0,1,1765,买盘
713,14:44:13,17.65,0.0,1,1765,买盘
714,14:44:19,17.65,0.0,3,5295,买盘
715,14:44:34,17.61,-0.04,5,8811,卖盘
716,14:44:37,17.62,0.01,2,3524,卖盘
717,14:44:49,17.62,0.0,9,15852,买盘
718,14:44:52,17.62,0.0,1,1762,买盘
719,14:45:06,17.62,0.0,5,8810,买盘
720,14:45:15,17.62,0.0,58,102196,买盘
721,14:45:28,17.62,0.0,6,10572,卖盘
722,14:45:37,17.62,0.0,6,10583,卖盘
723,14:46:00,17.64,0.02,7,12348,卖盘
724,14:46:09,17.65,0.01,5,8825,买盘
725,14:46:13,17.65,0.0,7,12355,买盘
726,14:46:21,17.65,0.0,9,15885,买盘
727,14:46:37,17.65,0.0,10,17650,卖盘
728,14:46:42,17.68,0.03,8,14138,买盘
729,14:46:46,17.68,0.0,10,17680,买盘
730,14:46:54,17.68,0.0,2,3533,买盘
731,14:47:12,17.68,0.0,2,3536,买盘
732,14:47:21,17.68,0.0,32,56576,买盘
733,14:47:27,17.68,0.0,23,40664,买盘
734,14:47:37,17.68,0.0,29,51272,买盘
735,14:47:46,17.68,0.0,37,65416,买盘
736,14:47:49,17.68,0.0,8,14144,买盘
737,14:47:52,17.68,0.0,5,8840,买盘
738,14:48:16,17.7,0.02,1,1770,买盘
739,14:48:21,17.7,0.0,1,1770,买盘
740,14:48:25,17.7,0.0,33,58410,买盘
741,14:48:40,17.7,0.0,25,44250,买盘
742,14:48:52,17.7,0.0,21,37170,买盘
743,14:49:01,17.71,0.01,7,12391,买盘
744,14:49:07,17.71,0.0,3,5313,买盘
745,14:49:19,17.7,-0.01,3,5310,卖盘
746,14:49:22,17.7,0.0,2,3540,卖盘
747,14:49:27,17.7,0.0,5,8850,卖盘
748,14:49:39,17.7,0.0,29,51330,卖盘
749,14:49:46,17.71,0.01,7,12393,买盘
750,14:49:48,17.71,0.0,10,17710,买盘
751,14:49:52,17.7,-0.01,7,12392,卖盘
752,14:50:04,17.71,0.01,1,1771,买盘
753,14:50:10,17.73,0.02,132,233974,买盘
754,14:50:28,17.75,0.02,1,1775,买盘
755,14:50:54,17.75,0.0,2,3550,买盘
756,14:51:28,17.76,0.01,1,1776,卖盘
757,14:52:15,17.76,0.0,2,3552,买盘
758,14:52:28,17.75,-0.01,5,8875,卖盘
759,14:52:37,17.75,0.0,11,19525,卖盘
760,14:52:40,17.75,0.0,3,5325,卖盘
761,14:52:43,17.75,0.0,7,12425,卖盘
762,14:52:54,17.75,0.0,3,5325,买盘
763,14:53:19,17.73,-0.02,17,30141,卖盘
764,14:53:27,17.74,0.01,2,3548,买盘
765,14:53:43,17.73,-0.01,9,15957,卖盘
766,14:53:52,17.73,0.0,52,92196,卖盘
767,14:54:01,17.73,0.0,5,8865,买盘
768,14:54:04,17.73,0.0,3,5319,买盘
769,14:54:13,17.73,0.0,2,3546,买盘
770,14:54:16,17.72,-0.01,20,35440,卖盘
771,14:54:28,17.72,0.0,13,23036,买盘
772,14:54:37,17.73,0.01,7,12411,买盘
773,14:54:55,17.73,0.0,1,1773,买盘
774,14:55:01,17.72,-0.01,8,14176,卖盘
775,14:55:04,17.73,0.01,5,8865,买盘
776,14:55:07,17.73,0.0,5,8865,买盘
777,14:55:13,17.72,-0.01,5,8860,卖盘
778,14:55:21,17.72,0.0,5,8860,卖盘
779,14:55:31,17.72,0.0,11,19494,卖盘
780,14:55:34,17.72,0.0,10,17720,卖盘
781,14:55:52,17.73,0.01,5,8865,买盘
782,14:55:58,17.72,-0.01,9,15948,卖盘
783,14:56:07,17.72,0.0,12,21264,卖盘
784,14:56:12,17.72,0.0,10,17720,买盘
785,14:56:19,17.73,0.01,48,85104,买盘
786,14:56:25,17.73,0.0,5,8865,卖盘
787,14:56:31,17.74,0.01,7,12418,买盘
788,14:56:34,17.74,0.0,3,5322,买盘
789,14:56:58,17.74,0.0,8,14196,卖盘
790,15:00:05,17.74,0.0,213,377862,卖盘
