,time,price,change,volume,amount,type
0,09:25:04,2.9,-0.1,1342,389180,卖盘
1,09:30:04,2.9,0.0,2158,626897,卖盘
2,09:30:07,2.9,0.0,793,230041,卖盘
3,09:30:10,2.89,-0.01,286,82757,卖盘
4,09:30:13,2.91,0.02,431,124433,买盘
5,09:30:16,2.91,0.0,389,113210,买盘
6,09:30:19,2.91,0.0,31,9037,卖盘
7,09:30:21,2.9,-0.01,159,46080,卖盘
8,09:30:28,2.9,0.0,14,4060,买盘
9,09:30:31,2.9,0.0,14,4060,买盘
10,09:30:33,2.9,0.0,65,18827,买盘
11,09:30:37,2.9,0.0,13,3770,买盘
12,09:30:40,2.9,0.0,88,25439,买盘
13,09:30:43,2.9,0.0,7,2030,买盘
14,09:30:46,2.9,0.0,197,57076,买盘
15,09:30:48,2.9,0.0,5,1448,买盘
16,09:30:55,2.9,0.0,42,12180,买盘
17,09:30:58,2.9,0.0,10,2900,买盘
18,09:31:01,2.9,0.0,67,19471,买盘
19,09:31:04,2.91,0.01,77,22351,买盘
20,09:31:06,2.91,0.0,13,3783,买盘
21,09:31:09,2.92,0.01,45,13140,买盘
22,09:31:13,2.92,0.0,60,17520,买盘
23,09:31:16,2.91,-0.01,20,5820,卖盘
24,09:31:22,2.91,0.0,404,117594,卖盘
25,09:31:24,2.91,0.0,120,34920,买盘
26,09:31:28,2.92,0.01,12,3502,买盘
27,09:31:31,2.91,-0.01,101,29291,中性盘
28,09:31:36,2.91,0.0,12,3492,买盘
29,09:31:40,2.91,0.0,8,2325,买盘
30,09:31:43,2.9,-0.01,1,290,卖盘
31,09:31:49,2.91,0.01,13,3783,买盘
32,09:31:52,2.91,0.0,19,5529,买盘
33,09:31:54,2.9,-0.01,309,89569,卖盘
34,09:31:57,2.89,-0.01,22,6370,卖盘
35,09:32:01,2.9,0.01,5,1450,买盘
36,09:32:07,2.89,-0.01,10,2890,卖盘
37,09:32:09,2.9,0.01,7,2030,买盘
38,09:32:13,2.89,-0.01,100,28900,卖盘
39,09:32:19,2.89,0.0,365,105485,卖盘
40,09:32:27,2.9,0.01,26,7520,买盘
41,09:32:31,2.89,-0.01,30,8670,卖盘
42,09:32:34,2.89,0.0,110,31869,卖盘
43,09:32:37,2.9,0.01,101,29290,买盘
44,09:32:39,2.89,-0.01,77,22253,卖盘
45,09:32:43,2.89,0.0,70,20230,卖盘
46,09:32:45,2.89,0.0,105,30345,卖盘
47,09:32:52,2.89,0.0,19,5509,卖盘
48,09:32:55,2.9,0.01,50,14500,买盘
49,09:32:58,2.9,0.0,618,179147,买盘
50,09:33:00,2.89,-0.01,201,58090,卖盘
51,09:33:03,2.9,0.01,10,2900,买盘
52,09:33:06,2.89,-0.01,288,83517,卖盘
53,09:33:10,2.9,0.01,299,86586,买盘
54,09:33:12,2.9,0.0,70,20292,买盘
55,09:33:16,2.9,0.0,46,13340,买盘
56,09:33:19,2.9,0.0,139,40351,买盘
57,09:33:25,2.91,0.01,14,4074,买盘
58,09:33:28,2.9,-0.01,261,75703,卖盘
59,09:33:31,2.91,0.01,100,29024,买盘
60,09:33:37,2.91,0.0,28,8127,买盘
61,09:33:40,2.91,0.0,8,2328,买盘
62,09:33:43,2.91,0.0,18,5238,买盘
63,09:33:46,2.91,0.0,19,5529,买盘
64,09:33:49,2.91,0.0,9,2619,卖盘
65,09:33:52,2.91,0.0,3,873,卖盘
66,09:33:54,2.91,0.0,21,6111,卖盘
67,09:34:10,2.91,0.0,2,582,卖盘
68,09:34:12,2.91,0.0,94,27354,卖盘
69,09:34:19,2.91,0.0,5,1455,卖盘
70,09:34:22,2.91,0.0,377,109707,卖盘
71,09:34:25,2.91,0.0,8,2328,买盘
72,09:34:28,2.91,0.0,5,1455,买盘
73,09:34:33,2.92,0.01,207,60278,买盘
74,09:34:46,2.92,0.0,30,8760,买盘
75,09:34:55,2.92,0.0,68,19856,买盘
76,09:34:57,2.92,0.0,28,8176,买盘
77,09:35:04,2.91,-0.01,18,5238,卖盘
78,09:35:06,2.92,0.01,73,21292,买盘
79,09:35:13,2.92,0.0,17,4964,买盘
80,09:35:16,2.92,0.0,16,4670,买盘
81,09:35:21,2.92,0.0,4,1168,买盘
82,09:35:31,2.92,0.0,107,31244,买盘
83,09:35:34,2.92,0.0,11,3211,买盘
84,09:35:37,2.91,-0.01,168,49018,卖盘
85,09:35:40,2.91,0.0,2,582,卖盘
86,09:35:45,2.9,-0.01,331,96350,卖盘
87,09:36:04,2.92,0.02,10,2920,买盘
88,09:36:10,2.92,0.0,10,2920,买盘
89,09:36:16,2.91,-0.01,107,31144,卖盘
90,09:36:22,2.92,0.01,10,2920,买盘
91,09:36:31,2.92,0.0,100,29200,买盘
92,09:37:01,2.92,0.0,30,8760,买盘
93,09:37:10,2.92,0.0,50,14600,买盘
94,09:37:19,2.92,0.0,2,584,买盘
95,09:37:25,2.92,0.0,218,63656,买盘
96,09:37:28,2.92,0.0,30,8760,卖盘
97,09:37:31,2.92,0.0,50,14600,卖盘
98,09:37:36,2.92,0.0,49,14308,卖盘
99,09:37:40,2.92,0.0,34,9928,卖盘
100,09:37:49,2.92,0.0,28,8176,卖盘
101,09:37:52,2.92,0.0,33,9636,卖盘
102,09:37:55,2.92,0.0,203,59276,卖盘
103,09:37:57,2.92,0.0,2,584,卖盘
104,09:38:01,2.93,0.01,38,11131,买盘
105,09:38:04,2.92,-0.01,4,1171,卖盘
106,09:38:07,2.92,0.0,44,12848,买盘
107,09:38:12,2.92,0.0,7,2044,买盘
108,09:38:22,2.92,0.0,167,48764,卖盘
109,09:38:31,2.92,0.0,6,1752,卖盘
110,09:38:43,2.92,0.0,100,29200,买盘
111,09:38:46,2.92,0.0,2,584,买盘
112,09:38:49,2.92,0.0,1,292,买盘
113,09:38:52,2.92,0.0,20,5840,买盘
114,09:38:58,2.91,-0.01,1007,293037,卖盘
115,09:39:00,2.91,0.0,21,6111,买盘
116,09:39:07,2.91,0.0,42,12222,买盘
117,09:39:10,2.91,0.0,23,6693,买盘
118,09:39:16,2.91,0.0,52,15132,买盘
119,09:39:25,2.91,0.0,9,2619,卖盘
120,09:39:33,2.9,-0.01,300,87249,卖盘
121,09:39:40,2.9,0.0,143,41509,卖盘
122,09:39:42,2.9,0.0,80,23200,卖盘
123,09:39:45,2.9,0.0,20,5800,卖盘
124,09:39:52,2.9,0.0,45,13050,卖盘
125,09:39:58,2.9,0.0,135,39164,卖盘
126,09:40:01,2.92,0.02,7,2044,买盘
127,09:40:04,2.91,-0.01,20,5820,卖盘
128,09:40:07,2.92,0.01,12,3504,买盘
129,09:40:10,2.91,-0.01,21,6131,卖盘
130,09:40:16,2.92,0.01,56,16352,买盘
131,09:40:22,2.92,0.0,7,2044,买盘
132,09:40:25,2.92,0.0,14,4088,买盘
133,09:40:33,2.92,0.0,7,2044,买盘
134,09:40:36,2.91,-0.01,30,8730,卖盘
135,09:40:40,2.92,0.01,9,2628,买盘
136,09:40:52,2.92,0.0,24,7008,买盘
137,09:40:58,2.91,-0.01,20,5820,卖盘
138,09:41:00,2.92,0.01,41,11972,买盘
139,09:41:04,2.92,0.0,6,1747,买盘
140,09:41:07,2.92,0.0,158,46136,买盘
141,09:41:10,2.91,-0.01,40,11640,卖盘
142,09:41:16,2.91,0.0,4,1164,卖盘
143,09:41:31,2.91,0.0,67,19505,卖盘
144,09:41:34,2.92,0.01,7,2044,买盘
145,09:41:36,2.92,0.0,28,8176,买盘
146,09:41:43,2.92,0.0,200,58400,买盘
147,09:41:46,2.92,0.0,12,3504,买盘
148,09:41:55,2.92,0.0,100,29200,卖盘
149,09:41:58,2.92,0.0,2,584,卖盘
150,09:42:01,2.92,0.0,201,58692,卖盘
151,09:42:04,2.92,0.0,77,22484,买盘
152,09:42:16,2.92,0.0,11,3212,卖盘
153,09:42:22,2.92,0.0,2,584,卖盘
154,09:42:31,2.93,0.01,5,1465,买盘
155,09:42:52,2.93,0.0,20,5860,买盘
156,09:42:55,2.93,0.0,107,31351,买盘
157,09:42:58,2.93,0.0,9,2637,买盘
158,09:43:04,2.93,0.0,2,586,买盘
159,09:43:12,2.93,0.0,500,146500,买盘
160,09:43:19,2.92,-0.01,10,2920,卖盘
161,09:43:34,2.92,0.0,9,2628,卖盘
162,09:43:54,2.93,0.01,20,5860,买盘
163,09:43:58,2.92,-0.01,25,7300,卖盘
164,09:44:04,2.93,0.01,7,2051,买盘
165,09:44:10,2.93,0.0,500,146500,买盘
166,09:44:18,2.92,-0.01,15,4382,卖盘
167,09:44:34,2.93,0.01,1,293,买盘
168,09:44:40,2.93,0.0,3,878,买盘
169,09:44:42,2.92,-0.01,3,876,卖盘
170,09:44:55,2.93,0.01,10,2930,买盘
171,09:44:58,2.93,0.0,50,14650,买盘
172,09:45:10,2.93,0.0,130,38090,买盘
173,09:45:16,2.93,0.0,44,12892,买盘
174,09:45:19,2.92,-0.01,8,2336,卖盘
175,09:45:28,2.93,0.01,3,879,买盘
176,09:45:31,2.92,-0.01,40,11680,卖盘
177,09:45:37,2.93,0.01,9,2637,买盘
178,09:45:40,2.92,-0.01,52,15206,卖盘
179,09:45:52,2.93,0.01,10,2930,买盘
180,09:45:54,2.92,-0.01,11,3215,卖盘
181,09:45:57,2.93,0.01,30,8790,买盘
182,09:46:04,2.93,0.0,5,1465,买盘
183,09:46:10,2.93,0.0,4,1172,买盘
184,09:46:19,2.93,0.0,30,8790,买盘
185,09:46:40,2.93,0.0,10,2930,买盘
186,09:46:42,2.93,0.0,36,10548,买盘
187,09:46:45,2.92,-0.01,3,876,卖盘
188,09:46:55,2.92,0.0,36,10512,卖盘
189,09:47:01,2.92,0.0,177,51684,卖盘
190,09:47:04,2.93,0.01,353,103096,买盘
191,09:47:16,2.93,0.0,18,5274,买盘
192,09:47:22,2.92,-0.01,200,58400,卖盘
193,09:47:31,2.93,0.01,7,2051,买盘
194,09:47:36,2.93,0.0,20,5860,买盘
195,09:47:55,2.93,0.0,20,5860,买盘
196,09:48:01,2.93,0.0,170,49810,买盘
197,09:48:12,2.93,0.0,162,47466,卖盘
198,09:48:16,2.93,0.0,38,11134,买盘
199,09:48:19,2.93,0.0,23,6739,卖盘
200,09:48:22,2.93,0.0,42,12306,买盘
201,09:48:40,2.93,0.0,6,1758,卖盘
202,09:48:42,2.93,0.0,46,13478,卖盘
203,09:48:49,2.94,0.01,7,2058,买盘
204,09:48:52,2.93,-0.01,169,49517,卖盘
205,09:48:58,2.93,0.0,20,5860,买盘
206,09:49:01,2.93,0.0,7,2051,买盘
207,09:49:09,2.93,0.0,15,4395,买盘
208,09:49:13,2.93,0.0,30,8790,买盘
209,09:49:16,2.93,0.0,39,11427,买盘
210,09:49:22,2.93,0.0,5,1465,买盘
211,09:49:25,2.93,0.0,9,2637,买盘
212,09:49:31,2.92,-0.01,10,2921,卖盘
213,09:49:46,2.92,0.0,30,8760,卖盘
214,09:49:55,2.92,0.0,1662,485330,卖盘
215,09:49:57,2.92,0.0,30,8760,买盘
216,09:50:01,2.92,0.0,53,15434,买盘
217,09:50:10,2.92,0.0,3,876,买盘
218,09:50:13,2.92,0.0,67,19564,买盘
219,09:50:15,2.92,0.0,12,3504,买盘
220,09:50:25,2.92,0.0,24,7008,买盘
221,09:50:28,2.92,0.0,21,6132,买盘
222,09:50:31,2.92,0.0,35,10220,买盘
223,09:50:34,2.92,0.0,26,7592,买盘
224,09:50:36,2.92,0.0,16,4672,买盘
225,09:50:40,2.92,0.0,72,21024,买盘
226,09:50:43,2.92,0.0,21,6132,买盘
227,09:50:46,2.92,0.0,47,13724,买盘
228,09:50:52,2.92,0.0,1,292,卖盘
229,09:51:13,2.93,0.01,7,2051,买盘
230,09:51:25,2.93,0.0,10,2930,买盘
231,09:51:31,2.93,0.0,1,293,买盘
232,09:51:37,2.93,0.0,10,2930,买盘
233,09:51:45,2.93,0.0,14,4102,买盘
234,09:52:01,2.93,0.0,5,1465,买盘
235,09:52:04,2.93,0.0,7,2051,买盘
236,09:52:40,2.92,-0.01,20,5840,卖盘
237,09:52:42,2.93,0.01,1,293,买盘
238,09:52:55,2.93,0.0,1,293,买盘
239,09:52:58,2.93,0.0,26,7618,买盘
240,09:53:10,2.93,0.0,7,2051,买盘
241,09:53:36,2.93,0.0,3,879,买盘
242,09:54:04,2.93,0.0,100,29300,买盘
243,09:54:10,2.92,-0.01,134,39128,卖盘
244,09:54:31,2.92,0.0,15,4380,卖盘
245,09:54:36,2.92,0.0,100,29200,卖盘
246,09:54:39,2.92,0.0,244,71248,卖盘
247,09:54:43,2.92,0.0,31,9052,卖盘
248,09:54:52,2.92,0.0,2,584,买盘
249,09:55:00,2.91,-0.01,7,2037,卖盘
250,09:55:13,2.91,0.0,6,1746,卖盘
251,09:55:16,2.91,0.0,30,8730,卖盘
252,09:55:31,2.92,0.01,64,18650,买盘
253,09:55:43,2.91,-0.01,1,291,卖盘
254,09:56:01,2.91,0.0,21,6111,卖盘
255,09:56:07,2.91,0.0,51,14841,卖盘
256,09:56:25,2.92,0.01,14,4088,买盘
257,09:56:31,2.92,0.0,10,2920,买盘
258,09:56:34,2.91,-0.01,17,4947,卖盘
259,09:56:37,2.92,0.01,164,47888,买盘
260,09:56:55,2.91,-0.01,300,87300,卖盘
261,09:56:58,2.91,0.0,290,84390,卖盘
262,09:57:10,2.92,0.01,9,2628,买盘
263,09:57:13,2.91,-0.01,4,1164,卖盘
264,09:57:18,2.91,0.0,171,49761,卖盘
265,09:57:37,2.92,0.01,7,2044,买盘
266,09:57:39,2.92,0.0,56,16352,买盘
267,09:57:49,2.91,-0.01,14,4074,卖盘
268,09:58:27,2.92,0.01,20,5840,买盘
269,09:58:51,2.92,0.0,200,58400,买盘
270,09:59:10,2.91,-0.01,1,291,卖盘
271,09:59:22,2.91,0.0,454,132121,卖盘
272,09:59:25,2.91,0.0,6,1746,卖盘
273,09:59:37,2.92,0.01,11,3212,买盘
274,09:59:42,2.91,-0.01,30,8730,卖盘
275,09:59:52,2.91,0.0,150,43700,卖盘
276,10:00:13,2.92,0.01,15,4380,买盘
277,10:00:37,2.91,-0.01,30,8730,卖盘
278,10:00:43,2.92,0.01,50,14600,买盘
279,10:00:52,2.92,0.0,1,292,买盘
280,10:00:58,2.92,0.0,20,5840,买盘
281,10:01:00,2.92,0.0,10,2920,买盘
282,10:01:09,2.92,0.0,20,5840,买盘
283,10:01:19,2.91,-0.01,83,24153,卖盘
284,10:01:24,2.92,0.01,38,11096,买盘
285,10:01:28,2.91,-0.01,10,2910,卖盘
286,10:01:37,2.92,0.01,20,5840,买盘
287,10:01:42,2.92,0.0,140,40880,买盘
288,10:01:45,2.92,0.0,50,14600,买盘
289,10:01:48,2.91,-0.01,756,219996,卖盘
290,10:02:09,2.92,0.01,33,9636,买盘
291,10:02:15,2.92,0.0,20,5840,买盘
292,10:02:22,2.92,0.0,15,4380,买盘
293,10:02:34,2.92,0.0,50,14600,买盘
294,10:02:49,2.92,0.0,42,12264,买盘
295,10:02:52,2.92,0.0,10,2920,买盘
296,10:02:55,2.92,0.0,46,13432,买盘
297,10:02:57,2.92,0.0,3,876,买盘
298,10:03:22,2.91,-0.01,2,582,卖盘
299,10:03:37,2.91,0.0,17,4947,卖盘
300,10:04:07,2.92,0.01,7,2044,买盘
301,10:04:13,2.92,0.0,7,2044,买盘
302,10:04:18,2.92,0.0,14,4088,买盘
303,10:04:21,2.92,0.0,144,42048,买盘
304,10:05:01,2.92,0.0,50,14600,买盘
305,10:05:40,2.92,0.0,7,2044,买盘
306,10:06:01,2.92,0.0,92,26792,买盘
307,10:06:04,2.92,0.0,30,8760,买盘
308,10:06:07,2.91,-0.01,63,18333,卖盘
309,10:06:18,2.92,0.01,52,15184,买盘
310,10:06:25,2.92,0.0,5,1460,买盘
311,10:06:34,2.92,0.0,4,1168,买盘
312,10:06:42,2.92,0.0,63,18396,买盘
313,10:06:45,2.92,0.0,30,8760,买盘
314,10:06:52,2.92,0.0,98,28616,买盘
315,10:06:55,2.92,0.0,7,2044,卖盘
316,10:06:58,2.92,0.0,29,8468,卖盘
317,10:07:06,2.92,0.0,144,42048,卖盘
318,10:07:10,2.92,0.0,7,2044,买盘
319,10:07:13,2.92,0.0,50,14600,买盘
320,10:07:37,2.92,0.0,17,4964,卖盘
321,10:07:40,2.93,0.01,16,4688,买盘
322,10:07:43,2.92,-0.01,183,53436,卖盘
323,10:07:51,2.92,0.0,100,29200,买盘
324,10:07:57,2.92,0.0,103,30076,买盘
325,10:08:01,2.92,0.0,156,45461,买盘
326,10:08:04,2.92,0.0,10,2920,买盘
327,10:08:27,2.92,0.0,51,14892,卖盘
328,10:08:31,2.92,0.0,28,8176,卖盘
329,10:08:37,2.93,0.01,1,293,买盘
330,10:09:01,2.93,0.0,112,32706,买盘
331,10:09:04,2.92,-0.01,35,10220,卖盘
332,10:09:25,2.93,0.01,10,2930,买盘
333,10:09:37,2.92,-0.01,100,29200,卖盘
334,10:09:40,2.93,0.01,2,586,买盘
335,10:09:49,2.93,0.0,1,293,买盘
336,10:09:58,2.92,-0.01,8,2336,卖盘
337,10:11:00,2.93,0.01,10,2930,买盘
338,10:11:28,2.92,-0.01,7,2044,卖盘
339,10:11:31,2.93,0.01,174,50982,买盘
340,10:11:37,2.92,-0.01,1,292,卖盘
341,10:11:40,2.92,0.0,68,19856,卖盘
342,10:12:10,2.92,0.0,1,292,卖盘
343,10:12:37,2.92,0.0,79,23068,卖盘
344,10:12:49,2.91,-0.01,1,291,卖盘
345,10:13:13,2.91,0.0,50,14550,卖盘
346,10:13:16,2.91,0.0,6,1746,卖盘
347,10:13:18,2.92,0.01,1,292,买盘
348,10:13:22,2.91,-0.01,84,24444,卖盘
349,10:13:25,2.92,0.01,10,2920,买盘
350,10:13:28,2.91,-0.01,47,13677,卖盘
351,10:13:51,2.92,0.01,5,1460,买盘
352,10:14:01,2.92,0.0,179,52099,买盘
353,10:14:10,2.91,-0.01,7,2037,卖盘
354,10:14:16,2.91,0.0,47,13677,卖盘
355,10:14:31,2.91,0.0,7,2037,卖盘
356,10:14:34,2.91,0.0,9,2619,卖盘
357,10:14:46,2.91,0.0,9,2619,卖盘
358,10:14:48,2.91,0.0,7,2037,卖盘
359,10:14:58,2.91,0.0,7,2037,卖盘
360,10:15:04,2.91,0.0,278,80898,卖盘
361,10:15:10,2.91,0.0,9,2619,卖盘
362,10:15:19,2.91,0.0,7,2037,卖盘
363,10:15:25,2.91,0.0,7,2037,卖盘
364,10:15:57,2.91,0.0,4,1164,卖盘
365,10:16:07,2.91,0.0,10,2910,卖盘
366,10:16:09,2.91,0.0,14,4074,卖盘
367,10:16:28,2.91,0.0,5,1455,卖盘
368,10:16:40,2.91,0.0,110,32010,卖盘
369,10:16:43,2.92,0.01,22,6424,买盘
370,10:16:55,2.92,0.0,3,876,买盘
371,10:17:22,2.92,0.0,60,17520,买盘
372,10:17:25,2.92,0.0,7,2044,买盘
373,10:17:45,2.92,0.0,1,292,买盘
374,10:17:48,2.92,0.0,51,14892,买盘
375,10:17:51,2.91,-0.01,200,58200,卖盘
376,10:17:55,2.92,0.01,43,12556,买盘
377,10:18:04,2.92,0.0,1,292,买盘
378,10:18:13,2.91,-0.01,58,16888,卖盘
379,10:18:16,2.92,0.01,43,12556,买盘
380,10:19:01,2.91,-0.01,10,2910,卖盘
381,10:19:10,2.92,0.01,3,876,买盘
382,10:19:13,2.92,0.0,216,63072,买盘
383,10:19:25,2.91,-0.01,345,100395,卖盘
384,10:19:39,2.92,0.01,10,2920,买盘
385,10:20:13,2.92,0.0,45,13140,买盘
386,10:20:21,2.91,-0.01,100,29100,卖盘
387,10:20:28,2.92,0.01,43,12556,买盘
388,10:20:33,2.91,-0.01,20,5820,卖盘
389,10:20:51,2.92,0.01,2,584,买盘
390,10:21:31,2.91,-0.01,50,14550,卖盘
391,10:21:40,2.92,0.01,14,4088,买盘
392,10:21:55,2.92,0.0,34,9928,买盘
393,10:22:16,2.92,0.0,10,2920,买盘
394,10:22:33,2.91,-0.01,5,1455,卖盘
395,10:22:40,2.92,0.01,250,73000,买盘
396,10:22:46,2.92,0.0,10,2920,买盘
397,10:22:49,2.92,0.0,288,84096,买盘
398,10:23:16,2.92,0.0,12,3504,卖盘
399,10:23:31,2.93,0.01,1,293,买盘
400,10:24:01,2.93,0.0,50,14650,买盘
401,10:24:09,2.93,0.0,3,879,买盘
402,10:25:04,2.92,-0.01,20,5840,卖盘
403,10:25:10,2.92,0.0,342,99864,卖盘
404,10:25:22,2.93,0.01,1,293,买盘
405,10:25:46,2.93,0.0,4,1172,买盘
406,10:25:54,2.93,0.0,10,2930,买盘
407,10:26:16,2.93,0.0,17,4981,买盘
408,10:27:04,2.93,0.0,142,41606,买盘
409,10:27:07,2.93,0.0,11,3223,买盘
410,10:27:18,2.93,0.0,7,2051,买盘
411,10:27:55,2.93,0.0,10,2930,买盘
412,10:28:25,2.92,-0.01,20,5840,卖盘
413,10:28:36,2.92,0.0,15,4380,卖盘
414,10:28:51,2.92,0.0,32,9344,卖盘
415,10:29:36,2.92,0.0,30,8760,卖盘
416,10:29:51,2.92,0.0,37,10804,卖盘
417,10:30:00,2.93,0.01,10,2930,买盘
418,10:30:19,2.93,0.0,10,2930,买盘
419,10:30:33,2.92,-0.01,20,5850,卖盘
420,10:31:06,2.92,0.0,20,5840,卖盘
421,10:31:25,2.92,0.0,68,19856,卖盘
422,10:31:39,2.92,0.0,10,2920,卖盘
423,10:31:42,2.92,0.0,9,2628,卖盘
424,10:31:46,2.92,0.0,148,43216,卖盘
425,10:31:48,2.93,0.01,12,3516,买盘
426,10:32:24,2.93,0.0,70,20460,买盘
427,10:32:31,2.92,-0.01,14,4088,卖盘
428,10:32:36,2.93,0.01,10,2930,买盘
429,10:32:54,2.92,-0.01,3,876,卖盘
430,10:33:33,2.92,0.0,10,2920,卖盘
431,10:33:57,2.92,0.0,9,2628,卖盘
432,10:34:33,2.92,0.0,337,98404,卖盘
433,10:35:18,2.92,0.0,295,86140,卖盘
434,10:35:21,2.92,0.0,4,1168,卖盘
435,10:35:43,2.92,0.0,21,6132,卖盘
436,10:35:49,2.92,0.0,1,292,卖盘
437,10:35:58,2.92,0.0,688,200896,卖盘
438,10:36:21,2.93,0.01,1,293,买盘
439,10:36:31,2.92,-0.01,1,292,卖盘
440,10:37:04,2.92,0.0,90,26280,卖盘
441,10:37:15,2.92,0.0,4,1168,卖盘
442,10:37:51,2.92,0.0,12,3504,卖盘
443,10:38:00,2.92,0.0,25,7300,卖盘
444,10:38:04,2.92,0.0,6,1752,卖盘
445,10:38:21,2.92,0.0,459,134028,卖盘
446,10:38:36,2.92,0.0,100,29200,卖盘
447,10:38:52,2.92,0.0,30,8760,卖盘
448,10:39:13,2.93,0.01,100,29300,买盘
449,10:39:42,2.93,0.0,4,1172,买盘
450,10:40:12,2.92,-0.01,348,101616,卖盘
451,10:40:36,2.92,0.0,2,584,买盘
452,10:40:40,2.92,0.0,10,2920,买盘
453,10:40:42,2.92,0.0,1,292,买盘
454,10:40:51,2.92,0.0,9,2628,买盘
455,10:40:55,2.92,0.0,21,6132,买盘
456,10:40:57,2.92,0.0,8,2336,买盘
457,10:41:00,2.92,0.0,18,5256,买盘
458,10:41:04,2.92,0.0,21,6132,买盘
459,10:41:06,2.92,0.0,18,5256,买盘
460,10:41:09,2.92,0.0,39,11388,买盘
461,10:41:12,2.92,0.0,67,19564,买盘
462,10:41:16,2.92,0.0,29,8468,买盘
463,10:41:18,2.92,0.0,23,6716,买盘
464,10:41:21,2.92,0.0,8,2336,买盘
465,10:41:27,2.92,0.0,2,584,买盘
466,10:41:33,2.92,0.0,5,1460,买盘
467,10:41:43,2.92,0.0,300,87600,买盘
468,10:41:51,2.92,0.0,20,5840,卖盘
469,10:43:09,2.92,0.0,50,14600,卖盘
470,10:43:21,2.92,0.0,15,4380,卖盘
471,10:44:16,2.92,0.0,5,1460,卖盘
472,10:44:28,2.92,0.0,43,12556,卖盘
473,10:44:30,2.92,0.0,4,1168,卖盘
474,10:44:43,2.93,0.01,85,24827,买盘
475,10:45:12,2.92,-0.01,8,2336,卖盘
476,10:45:24,2.92,0.0,130,37960,卖盘
477,10:45:34,2.92,0.0,12,3504,卖盘
478,10:46:04,2.92,0.0,26,7592,卖盘
479,10:46:39,2.92,0.0,10,2920,卖盘
480,10:46:58,2.93,0.01,17,4981,买盘
481,10:47:06,2.92,-0.01,3,876,卖盘
482,10:47:18,2.92,0.0,7,2044,卖盘
483,10:47:28,2.93,0.01,205,59865,买盘
484,10:47:37,2.93,0.0,7,2051,买盘
485,10:47:58,2.92,-0.01,50,14600,卖盘
486,10:48:19,2.92,0.0,4,1168,卖盘
487,10:48:48,2.92,0.0,200,58400,卖盘
488,10:49:15,2.92,0.0,40,11680,卖盘
489,10:49:22,2.93,0.01,7,2051,买盘
490,10:49:39,2.92,-0.01,156,45552,卖盘
491,10:49:51,2.92,0.0,9,2628,卖盘
492,10:50:37,2.92,0.0,4,1168,卖盘
493,10:50:39,2.93,0.01,1,293,买盘
494,10:50:42,2.93,0.0,7,2051,买盘
495,10:50:46,2.92,-0.01,16,4672,卖盘
496,10:51:06,2.93,0.01,15,4395,买盘
497,10:51:42,2.92,-0.01,17,4964,卖盘
498,10:52:04,2.92,0.0,166,48472,卖盘
499,10:52:27,2.93,0.01,229,67097,买盘
500,10:53:06,2.92,-0.01,25,7300,卖盘
501,10:53:39,2.92,0.0,40,11680,卖盘
502,10:53:49,2.92,0.0,1,292,卖盘
503,10:53:58,2.93,0.01,13,3809,买盘
504,10:54:01,2.93,0.0,7,2051,买盘
505,10:54:19,2.92,-0.01,49,14308,卖盘
506,10:54:51,2.93,0.01,50,14650,买盘
507,10:54:58,2.93,0.0,4,1172,买盘
508,10:55:04,2.93,0.0,7,2051,买盘
509,10:55:07,2.93,0.0,30,8790,买盘
510,10:55:30,2.93,0.0,3,879,买盘
511,10:55:43,2.93,0.0,30,8790,买盘
512,10:55:52,2.93,0.0,1,293,买盘
513,10:56:09,2.93,0.0,30,8790,买盘
514,10:56:28,2.93,0.0,50,14650,买盘
515,10:56:30,2.93,0.0,17,4981,买盘
516,10:56:39,2.93,0.0,92,26956,买盘
517,10:57:01,2.92,-0.01,5,1460,卖盘
518,10:57:33,2.92,0.0,49,14308,卖盘
519,10:57:36,2.93,0.01,53,15479,买盘
520,10:58:21,2.93,0.0,5,1465,买盘
521,10:58:48,2.93,0.0,36,10548,买盘
522,10:58:51,2.93,0.0,4,1172,买盘
523,10:58:57,2.93,0.0,16,4688,买盘
524,10:59:12,2.93,0.0,20,5860,买盘
525,10:59:30,2.93,0.0,57,16701,买盘
526,10:59:33,2.93,0.0,23,6739,买盘
527,10:59:42,2.93,0.0,100,29300,买盘
528,10:59:49,2.93,0.0,29,8497,买盘
529,10:59:55,2.93,0.0,300,87900,买盘
530,11:00:00,2.93,0.0,7,2051,买盘
531,11:00:03,2.93,0.0,17,4981,买盘
532,11:00:06,2.93,0.0,21,6153,买盘
533,11:00:09,2.93,0.0,34,9962,买盘
534,11:00:13,2.93,0.0,20,5860,买盘
535,11:00:16,2.93,0.0,18,5274,买盘
536,11:00:18,2.93,0.0,411,120423,买盘
537,11:00:36,2.94,0.01,314,92316,买盘
538,11:00:42,2.94,0.0,17,4998,买盘
539,11:01:10,2.94,0.0,50,14700,买盘
540,11:01:21,2.94,0.0,7,2058,买盘
541,11:01:24,2.94,0.0,50,14700,买盘
542,11:01:28,2.94,0.0,475,139650,买盘
543,11:01:31,2.94,0.0,484,142296,买盘
544,11:01:40,2.94,0.0,13,3830,卖盘
545,11:02:01,2.94,0.0,1,294,卖盘
546,11:02:07,2.94,0.0,50,14700,卖盘
547,11:02:30,2.94,0.0,10,2940,卖盘
548,11:02:37,2.94,0.0,20,5880,卖盘
549,11:02:39,2.94,0.0,84,24696,卖盘
550,11:02:42,2.94,0.0,38,11172,买盘
551,11:03:30,2.93,-0.01,200,58600,卖盘
552,11:03:33,2.94,0.01,5,1470,买盘
553,11:04:01,2.94,0.0,17,4998,买盘
554,11:04:58,2.94,0.0,4,1176,买盘
555,11:05:18,2.94,0.0,7,2058,买盘
556,11:05:45,2.94,0.0,1,294,买盘
557,11:06:48,2.93,-0.01,20,5860,卖盘
558,11:07:01,2.94,0.01,7,2058,买盘
559,11:07:04,2.93,-0.01,180,52740,卖盘
560,11:07:21,2.93,0.0,20,5860,卖盘
561,11:07:27,2.93,0.0,20,5860,卖盘
562,11:07:48,2.93,0.0,10,2930,卖盘
563,11:08:06,2.93,0.0,190,55670,卖盘
564,11:08:30,2.93,0.0,10,2930,卖盘
565,11:08:48,2.93,0.0,20,5860,卖盘
566,11:08:52,2.93,0.0,20,5860,卖盘
567,11:09:15,2.94,0.01,1,294,买盘
568,11:09:21,2.93,-0.01,7,2051,卖盘
569,11:09:30,2.94,0.01,60,17640,买盘
570,11:10:24,2.94,0.0,6,1764,买盘
571,11:10:33,2.94,0.0,2,588,买盘
572,11:11:10,2.94,0.0,7,2058,买盘
573,11:12:09,2.94,0.0,23,6762,买盘
574,11:12:15,2.94,0.0,439,129066,买盘
575,11:12:18,2.93,-0.01,17,4981,卖盘
576,11:12:51,2.93,0.0,2,586,卖盘
577,11:13:04,2.93,0.0,13,3809,卖盘
578,11:13:36,2.94,0.01,68,19992,买盘
579,11:13:43,2.93,-0.01,100,29300,卖盘
580,11:14:36,2.94,0.01,10,2940,买盘
581,11:15:21,2.94,0.0,9,2646,买盘
582,11:15:28,2.94,0.0,7,2057,买盘
583,11:15:31,2.94,0.0,7,2058,买盘
584,11:15:34,2.94,0.0,30,8820,买盘
585,11:15:37,2.94,0.0,3,882,买盘
586,11:15:40,2.94,0.0,16,4704,买盘
587,11:15:43,2.93,-0.01,14,4102,卖盘
588,11:15:46,2.94,0.01,12,3528,买盘
589,11:15:48,2.94,0.0,7,2058,买盘
590,11:15:52,2.94,0.0,7,2058,买盘
591,11:16:15,2.93,-0.01,12,3516,卖盘
592,11:16:34,2.94,0.01,7,2058,买盘
593,11:16:42,2.93,-0.01,46,13478,卖盘
594,11:17:00,2.93,0.0,56,16408,卖盘
595,11:18:36,2.94,0.01,10,2940,买盘
596,11:18:48,2.94,0.0,50,14700,买盘
597,11:18:51,2.94,0.0,1,294,买盘
598,11:18:57,2.93,-0.01,300,87900,卖盘
599,11:19:03,2.94,0.01,21,6174,买盘
600,11:19:09,2.93,-0.01,7,2051,卖盘
601,11:20:27,2.94,0.01,6,1764,买盘
602,11:20:30,2.94,0.0,13,3822,买盘
603,11:20:33,2.94,0.0,7,2058,买盘
604,11:20:40,2.94,0.0,43,12605,买盘
605,11:20:49,2.94,0.0,7,2058,买盘
606,11:21:27,2.93,-0.01,55,16129,卖盘
607,11:22:04,2.94,0.01,19,5586,买盘
608,11:22:13,2.94,0.0,13,3822,买盘
609,11:22:45,2.94,0.0,1,294,买盘
610,11:22:48,2.94,0.0,10,2940,买盘
611,11:22:54,2.93,-0.01,15,4400,卖盘
612,11:22:57,2.94,0.01,114,33516,买盘
613,11:23:13,2.94,0.0,248,72704,买盘
614,11:23:15,2.93,-0.01,10,2930,卖盘
615,11:23:18,2.93,0.0,1,293,卖盘
616,11:23:21,2.94,0.01,510,149940,买盘
617,11:23:48,2.93,-0.01,1,293,卖盘
618,11:23:54,2.94,0.01,15,4410,买盘
619,11:24:12,2.94,0.0,124,36456,买盘
620,11:25:12,2.94,0.0,200,58800,卖盘
621,11:25:15,2.94,0.0,150,44100,卖盘
622,11:25:21,2.94,0.0,104,30576,卖盘
623,11:26:15,2.94,0.0,6,1764,买盘
624,11:26:39,2.94,0.0,27,7938,买盘
625,11:26:42,2.94,0.0,1,294,买盘
626,11:26:45,2.94,0.0,1,294,买盘
627,11:26:48,2.94,0.0,5,1470,买盘
628,11:27:03,2.94,0.0,30,8820,买盘
629,11:27:07,2.94,0.0,1,294,买盘
630,11:27:12,2.94,0.0,133,39193,买盘
631,11:27:15,2.94,0.0,20,5880,卖盘
632,11:27:24,2.94,0.0,10,2940,卖盘
633,11:27:27,2.94,0.0,303,89082,卖盘
634,11:27:30,2.94,0.0,10,2940,卖盘
635,11:27:34,2.94,0.0,2,588,卖盘
636,11:27:43,2.95,0.01,44,12980,买盘
637,11:27:52,2.95,0.0,212,62540,买盘
638,11:28:39,2.95,0.0,9,2654,买盘
639,11:28:43,2.95,0.0,7,2065,买盘
640,11:29:00,2.95,0.0,38,11210,买盘
641,11:29:04,2.95,0.0,8,2360,买盘
642,11:29:07,2.95,0.0,6,1770,买盘
643,11:29:10,2.95,0.0,6,1770,买盘
644,11:29:13,2.95,0.0,7,2065,买盘
645,11:29:18,2.95,0.0,2,590,买盘
646,11:29:22,2.95,0.0,40,11800,买盘
647,11:29:24,2.95,0.0,7,2065,买盘
648,11:29:39,2.95,0.0,30,8850,买盘
649,13:00:04,2.95,0.0,303,89385,买盘
650,13:00:07,2.95,0.0,124,36580,买盘
651,13:00:15,2.95,0.0,15,4425,卖盘
652,13:00:24,2.95,0.0,18,5310,卖盘
653,13:00:49,2.96,0.01,2,592,买盘
654,13:01:30,2.95,-0.01,67,19765,卖盘
655,13:01:33,2.95,0.0,5,1475,卖盘
656,13:01:37,2.95,0.0,30,8850,卖盘
657,13:01:43,2.95,0.0,25,7375,卖盘
658,13:01:48,2.95,0.0,2,590,卖盘
659,13:02:12,2.95,0.0,18,5310,买盘
660,13:03:07,2.94,-0.01,14,4116,卖盘
661,13:03:54,2.94,0.0,52,15288,卖盘
662,13:06:24,2.94,0.0,17,4998,卖盘
663,13:06:27,2.95,0.01,1,295,买盘
664,13:06:57,2.95,0.0,40,11800,买盘
665,13:07:00,2.94,-0.01,265,77910,卖盘
666,13:07:12,2.94,0.0,12,3528,卖盘
667,13:07:15,2.95,0.01,68,20060,买盘
668,13:07:33,2.95,0.0,7,2065,买盘
669,13:08:09,2.95,0.0,7,2065,买盘
670,13:08:24,2.94,-0.01,246,72324,卖盘
671,13:08:42,2.94,0.0,15,4410,卖盘
672,13:09:13,2.94,0.0,17,4998,卖盘
673,13:09:21,2.94,0.0,13,3822,卖盘
674,13:09:48,2.94,0.0,58,16961,卖盘
675,13:10:04,2.94,0.0,7,2058,买盘
676,13:10:30,2.94,0.0,3,882,买盘
677,13:11:09,2.93,-0.01,25,7325,卖盘
678,13:11:18,2.93,0.0,15,4395,卖盘
679,13:11:24,2.93,0.0,40,11720,卖盘
680,13:11:30,2.94,0.01,9,2646,买盘
681,13:11:42,2.93,-0.01,3,879,卖盘
682,13:11:55,2.93,0.0,7,2051,卖盘
683,13:12:00,2.93,0.0,99,29007,卖盘
684,13:12:09,2.94,0.01,42,12348,买盘
685,13:12:16,2.93,-0.01,7,2051,卖盘
686,13:12:28,2.93,0.0,7,2051,卖盘
687,13:12:49,2.94,0.01,26,7623,买盘
688,13:13:07,2.94,0.0,23,6762,买盘
689,13:13:25,2.93,-0.01,10,2930,卖盘
690,13:13:40,2.93,0.0,7,2051,卖盘
691,13:13:54,2.94,0.01,1,294,买盘
692,13:14:10,2.93,-0.01,35,10255,卖盘
693,13:14:39,2.94,0.01,7,2058,买盘
694,13:14:45,2.93,-0.01,4,1172,卖盘
695,13:14:55,2.94,0.01,3,882,买盘
696,13:15:45,2.94,0.0,6,1764,买盘
697,13:15:48,2.93,-0.01,7,2051,卖盘
698,13:16:00,2.93,0.0,100,29300,卖盘
699,13:16:06,2.93,0.0,7,2051,卖盘
700,13:16:33,2.93,0.0,7,2051,卖盘
701,13:16:37,2.93,0.0,7,2051,卖盘
702,13:16:48,2.93,0.0,7,2051,卖盘
703,13:16:54,2.93,0.0,7,2051,卖盘
704,13:17:12,2.93,0.0,7,2051,卖盘
705,13:17:27,2.93,0.0,9,2637,卖盘
706,13:17:31,2.93,0.0,20,5860,卖盘
707,13:17:33,2.93,0.0,318,93485,卖盘
708,13:17:37,2.93,0.0,14,4102,卖盘
709,13:17:46,2.93,0.0,7,2051,卖盘
710,13:17:51,2.93,0.0,7,2051,卖盘
711,13:17:54,2.93,0.0,50,14650,卖盘
712,13:18:04,2.93,0.0,7,2051,卖盘
713,13:18:10,2.93,0.0,186,54498,卖盘
714,13:18:16,2.93,0.0,7,2051,卖盘
715,13:18:24,2.93,0.0,49,14357,卖盘
716,13:18:28,2.93,0.0,7,2051,卖盘
717,13:18:31,2.93,0.0,7,2051,卖盘
718,13:19:04,2.93,0.0,34,9962,卖盘
719,13:19:06,2.93,0.0,24,7032,卖盘
720,13:19:19,2.93,0.0,45,13185,卖盘
721,13:19:28,2.93,0.0,53,15529,卖盘
722,13:19:31,2.93,0.0,7,2051,卖盘
723,13:19:36,2.93,0.0,96,28128,卖盘
724,13:19:43,2.93,0.0,252,73836,卖盘
725,13:20:00,2.92,-0.01,200,58400,卖盘
726,13:20:07,2.92,0.0,15,4380,卖盘
727,13:20:09,2.92,0.0,56,16388,卖盘
728,13:20:13,2.92,0.0,14,4088,卖盘
729,13:20:39,2.93,0.01,85,24905,买盘
730,13:20:45,2.93,0.0,19,5567,买盘
731,13:20:58,2.93,0.0,81,23733,买盘
732,13:21:04,2.93,0.0,50,14650,卖盘
733,13:21:06,2.94,0.01,127,37338,买盘
734,13:22:00,2.92,-0.02,1000,292185,卖盘
735,13:22:19,2.92,0.0,7,2044,卖盘
736,13:22:22,2.92,0.0,14,4088,卖盘
737,13:22:25,2.92,0.0,7,2044,卖盘
738,13:22:31,2.92,0.0,14,4088,卖盘
739,13:22:33,2.92,0.0,7,2044,卖盘
740,13:22:55,2.92,0.0,1,292,卖盘
741,13:23:18,2.93,0.01,21,6147,买盘
742,13:23:30,2.93,0.0,10,2930,买盘
743,13:23:45,2.93,0.0,27,7891,买盘
744,13:23:51,2.92,-0.01,58,16936,卖盘
745,13:23:54,2.92,0.0,315,91980,卖盘
746,13:23:57,2.92,0.0,618,180456,卖盘
747,13:24:07,2.91,-0.01,7,2037,卖盘
748,13:24:24,2.92,0.01,30,8760,买盘
749,13:24:31,2.92,0.0,200,58400,买盘
750,13:24:36,2.92,0.0,57,16644,买盘
751,13:24:39,2.92,0.0,85,24820,买盘
752,13:25:07,2.92,0.0,7,2044,卖盘
753,13:25:12,2.92,0.0,7,2044,卖盘
754,13:25:16,2.92,0.0,21,6132,卖盘
755,13:25:19,2.92,0.0,28,8176,卖盘
756,13:25:21,2.92,0.0,7,2044,卖盘
757,13:25:25,2.92,0.0,7,2044,卖盘
758,13:25:28,2.92,0.0,10,2920,卖盘
759,13:25:30,2.92,0.0,6,1752,卖盘
760,13:25:58,2.92,0.0,6,1752,卖盘
761,13:26:15,2.92,0.0,9,2628,卖盘
762,13:26:39,2.92,0.0,31,9052,买盘
763,13:27:19,2.92,0.0,43,12556,卖盘
764,13:28:00,2.92,0.0,8,2336,卖盘
765,13:28:18,2.93,0.01,189,55377,买盘
766,13:28:42,2.93,0.0,23,6739,买盘
767,13:29:09,2.92,-0.01,7,2044,卖盘
768,13:29:33,2.92,0.0,21,6132,卖盘
769,13:29:57,2.92,0.0,10,2920,卖盘
770,13:30:12,2.93,0.01,52,15236,买盘
771,13:30:16,2.92,-0.01,10,2920,卖盘
772,13:30:24,2.92,0.0,10,2920,卖盘
773,13:30:39,2.92,0.0,14,4088,卖盘
774,13:30:42,2.92,0.0,16,4678,卖盘
775,13:30:55,2.93,0.01,5,1465,买盘
776,13:31:06,2.92,-0.01,39,11388,卖盘
777,13:31:09,2.92,0.0,29,8487,卖盘
778,13:31:15,2.93,0.01,5,1465,买盘
779,13:31:30,2.93,0.0,1,293,买盘
780,13:31:34,2.93,0.0,1,293,买盘
781,13:31:36,2.92,-0.01,10,2920,卖盘
782,13:31:39,2.93,0.01,5,1465,买盘
783,13:31:51,2.93,0.0,50,14650,买盘
784,13:31:54,2.93,0.0,14,4102,买盘
785,13:32:15,2.92,-0.01,7,2044,卖盘
786,13:32:22,2.92,0.0,50,14600,卖盘
787,13:32:24,2.92,0.0,46,13432,卖盘
788,13:32:37,2.92,0.0,7,2044,卖盘
789,13:33:24,2.92,0.0,15,4380,卖盘
790,13:34:04,2.92,0.0,46,13432,卖盘
791,13:34:09,2.92,0.0,20,5840,卖盘
792,13:34:18,2.92,0.0,15,4380,卖盘
793,13:34:24,2.92,0.0,10,2920,卖盘
794,13:34:27,2.92,0.0,47,13724,卖盘
795,13:34:34,2.92,0.0,7,2044,卖盘
796,13:34:39,2.92,0.0,22,6424,卖盘
797,13:34:42,2.92,0.0,289,84388,卖盘
798,13:34:48,2.92,0.0,2,584,卖盘
799,13:35:00,2.92,0.0,53,15476,卖盘
800,13:35:16,2.92,0.0,22,6424,卖盘
801,13:35:33,2.92,0.0,47,13724,卖盘
802,13:35:36,2.92,0.0,32,9344,卖盘
803,13:35:39,2.92,0.0,9,2628,卖盘
804,13:35:57,2.92,0.0,53,15476,卖盘
805,13:36:01,2.92,0.0,7,2044,卖盘
806,13:36:09,2.92,0.0,29,8468,卖盘
807,13:36:25,2.92,0.0,56,16352,卖盘
808,13:36:28,2.92,0.0,33,9636,卖盘
809,13:36:39,2.92,0.0,22,6424,卖盘
810,13:36:42,2.92,0.0,10,2920,卖盘
811,13:36:57,2.93,0.01,1,293,买盘
812,13:37:01,2.92,-0.01,46,13432,卖盘
813,13:37:09,2.92,0.0,22,6424,卖盘
814,13:37:24,2.92,0.0,47,13724,卖盘
815,13:37:34,2.92,0.0,5,1460,卖盘
816,13:37:36,2.92,0.0,23,6716,卖盘
817,13:37:48,2.92,0.0,50,14600,卖盘
818,13:37:52,2.92,0.0,75,21900,卖盘
819,13:37:54,2.92,0.0,68,19856,卖盘
820,13:37:57,2.92,0.0,24,7008,卖盘
821,13:38:01,2.92,0.0,5,1460,卖盘
822,13:38:04,2.92,0.0,159,46428,卖盘
823,13:38:06,2.92,0.0,8,2336,卖盘
824,13:38:10,2.92,0.0,7,2044,卖盘
825,13:38:13,2.92,0.0,35,10220,卖盘
826,13:38:16,2.92,0.0,21,6132,卖盘
827,13:38:30,2.91,-0.01,7,2037,卖盘
828,13:38:36,2.91,0.0,1000,291000,卖盘
829,13:38:45,2.91,0.0,7,2037,卖盘
830,13:38:52,2.91,0.0,194,56611,卖盘
831,13:39:00,2.91,0.0,5,1455,卖盘
832,13:39:04,2.91,0.0,2,582,卖盘
833,13:39:15,2.91,0.0,611,177801,卖盘
834,13:39:18,2.91,0.0,1,291,卖盘
835,13:39:28,2.91,0.0,8,2328,卖盘
836,13:39:37,2.91,0.0,51,14841,卖盘
837,13:39:39,2.91,0.0,21,6111,卖盘
838,13:39:55,2.91,0.0,3,873,卖盘
839,13:40:06,2.92,0.01,5,1460,买盘
840,13:40:12,2.91,-0.01,3,873,卖盘
841,13:40:43,2.91,0.0,40,11640,卖盘
842,13:40:52,2.92,0.01,1,292,买盘
843,13:41:30,2.91,-0.01,7,2037,卖盘
844,13:41:49,2.92,0.01,30,8731,买盘
845,13:41:54,2.92,0.0,1,292,买盘
846,13:41:57,2.92,0.0,1,292,买盘
847,13:42:12,2.92,0.0,10,2920,买盘
848,13:42:54,2.92,0.0,100,29200,买盘
849,13:43:04,2.92,0.0,35,10220,买盘
850,13:43:06,2.92,0.0,1,292,买盘
851,13:43:27,2.91,-0.01,8,2328,卖盘
852,13:44:12,2.91,0.0,11,3201,卖盘
853,13:44:45,2.91,0.0,19,5529,卖盘
854,13:44:51,2.92,0.01,2,584,买盘
855,13:45:06,2.92,0.0,7,2041,买盘
856,13:45:24,2.92,0.0,20,5840,买盘
857,13:45:27,2.91,-0.01,9,2619,卖盘
858,13:46:09,2.92,0.01,70,20440,买盘
859,13:46:48,2.92,0.0,5,1460,买盘
860,13:46:51,2.92,0.0,20,5840,买盘
861,13:47:25,2.92,0.0,8,2336,买盘
862,13:47:51,2.92,0.0,1,292,买盘
863,13:48:00,2.92,0.0,1,292,买盘
864,13:48:06,2.91,-0.01,7,2037,卖盘
865,13:48:09,2.92,0.01,2,584,买盘
866,13:48:15,2.91,-0.01,42,12222,卖盘
867,13:48:18,2.92,0.01,21,6132,买盘
868,13:48:21,2.92,0.0,88,25696,买盘
869,13:48:24,2.91,-0.01,99,28840,卖盘
870,13:48:27,2.92,0.01,5,1460,买盘
871,13:48:30,2.92,0.0,1,292,买盘
872,13:48:36,2.92,0.0,9,2628,买盘
873,13:49:01,2.92,0.0,20,5840,买盘
874,13:49:06,2.92,0.0,58,16936,买盘
875,13:49:09,2.92,0.0,6,1752,买盘
876,13:49:45,2.92,0.0,90,26280,买盘
877,13:49:57,2.92,0.0,40,11680,买盘
878,13:50:18,2.93,0.01,1,293,买盘
879,13:50:42,2.93,0.0,50,14650,买盘
880,13:50:51,2.91,-0.02,100,29129,卖盘
881,13:51:19,2.92,0.01,1,292,买盘
882,13:51:24,2.91,-0.01,42,12263,卖盘
883,13:52:09,2.93,0.02,3,879,买盘
884,13:52:33,2.93,0.0,20,5860,买盘
885,13:52:57,2.92,-0.01,125,36500,卖盘
886,13:53:06,2.92,0.0,13,3796,卖盘
887,13:53:27,2.93,0.01,50,14650,买盘
888,13:53:45,2.93,0.0,77,22488,买盘
889,13:54:00,2.92,-0.01,28,8176,卖盘
890,13:54:18,2.92,0.0,10,2920,卖盘
891,13:54:21,2.93,0.01,1,293,买盘
892,13:54:36,2.92,-0.01,50,14600,卖盘
893,13:54:48,2.93,0.01,6,1758,买盘
894,13:54:54,2.92,-0.01,7,2044,卖盘
895,13:55:06,2.92,0.0,32,9344,卖盘
896,13:55:48,2.92,0.0,26,7592,卖盘
897,13:55:57,2.92,0.0,35,10220,卖盘
898,13:56:21,2.92,0.0,20,5840,卖盘
899,13:56:36,2.93,0.01,1,293,买盘
900,13:56:39,2.92,-0.01,612,178704,卖盘
901,13:56:42,2.92,0.0,282,82344,卖盘
902,13:57:33,2.92,0.0,1,292,买盘
903,13:58:18,2.92,0.0,99,28908,买盘
904,13:59:21,2.91,-0.01,11,3201,卖盘
905,13:59:27,2.91,0.0,16,4656,卖盘
906,13:59:30,2.91,0.0,7,2037,卖盘
907,13:59:33,2.91,0.0,28,8148,卖盘
908,13:59:36,2.91,0.0,25,7288,卖盘
909,13:59:42,2.92,0.01,6,1752,买盘
910,13:59:58,2.91,-0.01,13,3783,卖盘
911,14:00:01,2.92,0.01,6,1752,买盘
912,14:00:10,2.91,-0.01,9,2619,卖盘
913,14:00:13,2.92,0.01,5,1460,买盘
914,14:00:42,2.91,-0.01,9,2619,卖盘
915,14:00:45,2.92,0.01,4,1168,买盘
916,14:00:49,2.91,-0.01,6,1746,卖盘
917,14:00:52,2.92,0.01,3,876,买盘
918,14:01:16,2.92,0.0,1,292,买盘
919,14:01:22,2.92,0.0,1,292,买盘
920,14:01:34,2.92,0.0,10,2920,买盘
921,14:01:36,2.91,-0.01,15,4370,卖盘
922,14:01:39,2.91,0.0,55,16005,卖盘
923,14:01:42,2.92,0.01,13,3796,买盘
924,14:01:52,2.91,-0.01,20,5820,卖盘
925,14:02:12,2.91,0.0,30,8730,卖盘
926,14:03:18,2.91,0.0,35,10185,卖盘
927,14:03:27,2.91,0.0,361,105051,卖盘
928,14:03:30,2.91,0.0,40,11640,卖盘
929,14:03:33,2.91,0.0,20,5820,卖盘
930,14:03:37,2.91,0.0,24,6984,卖盘
931,14:03:40,2.91,0.0,75,21825,卖盘
932,14:03:43,2.91,0.0,109,31719,卖盘
933,14:03:45,2.91,0.0,94,27354,卖盘
934,14:03:48,2.91,0.0,47,13677,卖盘
935,14:04:04,2.91,0.0,50,14550,卖盘
936,14:04:18,2.91,0.0,54,15714,卖盘
937,14:04:25,2.92,0.01,7,2044,买盘
938,14:05:15,2.92,0.0,1,292,买盘
939,14:05:18,2.91,-0.01,20,5820,卖盘
940,14:05:42,2.92,0.01,10,2920,买盘
941,14:05:57,2.91,-0.01,1,291,卖盘
942,14:06:09,2.92,0.01,5,1460,买盘
943,14:06:19,2.91,-0.01,100,29100,卖盘
944,14:06:31,2.91,0.0,2,582,卖盘
945,14:06:52,2.92,0.01,20,5840,买盘
946,14:07:03,2.92,0.0,78,22776,买盘
947,14:07:07,2.91,-0.01,18,5244,卖盘
948,14:07:16,2.92,0.01,7,2044,买盘
949,14:07:19,2.91,-0.01,60,17460,卖盘
950,14:07:27,2.92,0.01,7,2044,买盘
951,14:07:36,2.91,-0.01,10,2910,卖盘
952,14:07:54,2.91,0.0,10,2910,卖盘
953,14:08:04,2.92,0.01,2,584,买盘
954,14:08:06,2.92,0.0,8,2336,买盘
955,14:08:10,2.91,-0.01,7,2037,卖盘
956,14:08:13,2.92,0.01,10,2920,买盘
957,14:08:18,2.92,0.0,101,29492,买盘
958,14:08:24,2.91,-0.01,84,24444,卖盘
959,14:08:40,2.91,0.0,400,116400,卖盘
960,14:08:45,2.92,0.01,80,23360,买盘
961,14:08:48,2.92,0.0,5,1460,买盘
962,14:09:19,2.92,0.0,50,14600,买盘
963,14:09:24,2.92,0.0,15,4380,买盘
964,14:09:45,2.92,0.0,7,2044,买盘
965,14:09:55,2.92,0.0,66,19272,买盘
966,14:10:04,2.92,0.0,6,1752,买盘
967,14:10:21,2.92,0.0,51,14892,买盘
968,14:10:24,2.92,0.0,39,11388,卖盘
969,14:10:48,2.92,0.0,65,18980,卖盘
970,14:11:03,2.92,0.0,54,15768,卖盘
971,14:11:09,2.92,0.0,15,4380,买盘
972,14:11:15,2.92,0.0,13,3796,卖盘
973,14:12:04,2.93,0.01,7,2051,买盘
974,14:12:12,2.93,0.0,1,293,买盘
975,14:12:21,2.92,-0.01,7,2044,卖盘
976,14:12:24,2.93,0.01,1,293,买盘
977,14:13:00,2.92,-0.01,1,292,卖盘
978,14:13:24,2.92,0.0,21,6132,卖盘
979,14:13:33,2.93,0.01,7,2051,买盘
980,14:13:42,2.93,0.0,7,2051,买盘
981,14:13:54,2.91,-0.02,507,147811,卖盘
982,14:14:06,2.92,0.01,1,292,卖盘
983,14:14:33,2.92,0.0,11,3212,卖盘
984,14:14:42,2.92,0.0,9,2628,买盘
985,14:14:48,2.91,-0.01,8,2328,卖盘
986,14:15:13,2.91,0.0,20,5820,卖盘
987,14:15:15,2.92,0.01,1,292,买盘
988,14:15:24,2.92,0.0,20,5840,买盘
989,14:15:30,2.91,-0.01,6,1746,卖盘
990,14:15:42,2.92,0.01,1,292,买盘
991,14:15:52,2.91,-0.01,100,29100,卖盘
992,14:15:57,2.91,0.0,3,873,卖盘
993,14:16:18,2.92,0.01,50,14600,买盘
994,14:16:30,2.91,-0.01,26,7566,卖盘
995,14:16:33,2.92,0.01,9,2621,买盘
996,14:16:36,2.92,0.0,50,14600,买盘
997,14:16:42,2.92,0.0,14,4088,买盘
998,14:16:54,2.92,0.0,30,8760,买盘
999,14:17:06,2.92,0.0,20,5840,买盘
1000,14:17:09,2.91,-0.01,1,291,卖盘
1001,14:17:30,2.91,0.0,5,1455,卖盘
1002,14:17:33,2.92,0.01,72,21024,买盘
1003,14:17:36,2.92,0.0,5,1460,卖盘
1004,14:17:51,2.93,0.01,7,2051,买盘
1005,14:17:57,2.93,0.0,35,10227,买盘
1006,14:18:04,2.93,0.0,14,4102,买盘
1007,14:18:07,2.93,0.0,7,2051,买盘
1008,14:18:24,2.92,-0.01,10,2920,卖盘
1009,14:18:51,2.92,0.0,90,26280,买盘
1010,14:19:04,2.92,0.0,10,2920,买盘
1011,14:19:09,2.91,-0.01,7,2037,卖盘
1012,14:19:18,2.91,0.0,1,291,卖盘
1013,14:19:27,2.92,0.01,1,292,买盘
1014,14:19:30,2.92,0.0,17,4964,买盘
1015,14:19:33,2.92,0.0,7,2044,买盘
1016,14:19:45,2.91,-0.01,23,6693,卖盘
1017,14:19:48,2.91,0.0,1,291,卖盘
1018,14:20:04,2.92,0.01,20,5840,买盘
1019,14:20:24,2.92,0.0,90,26280,买盘
1020,14:20:30,2.91,-0.01,26,7566,卖盘
1021,14:20:33,2.92,0.01,21,6132,买盘
1022,14:20:40,2.91,-0.01,20,5820,卖盘
1023,14:20:49,2.91,0.0,1,291,卖盘
1024,14:21:33,2.91,0.0,1,291,卖盘
1025,14:21:39,2.92,0.01,20,5840,买盘
1026,14:21:51,2.91,-0.01,8,2328,卖盘
1027,14:22:00,2.92,0.01,6,1752,买盘
1028,14:22:04,2.91,-0.01,16,4656,卖盘
1029,14:22:18,2.92,0.01,1,292,买盘
1030,14:22:21,2.91,-0.01,6,1746,卖盘
1031,14:22:36,2.92,0.01,50,14600,买盘
1032,14:22:54,2.91,-0.01,20,5820,卖盘
1033,14:23:06,2.91,0.0,33,9603,卖盘
1034,14:23:13,2.91,0.0,42,12224,卖盘
1035,14:23:24,2.91,0.0,5,1455,卖盘
1036,14:23:28,2.92,0.01,10,2920,买盘
1037,14:23:30,2.91,-0.01,50,14550,卖盘
1038,14:23:36,2.92,0.01,77,22484,买盘
1039,14:23:42,2.92,0.0,10,2920,买盘
1040,14:23:48,2.91,-0.01,4,1164,卖盘
1041,14:24:00,2.91,0.0,102,29682,卖盘
1042,14:24:04,2.92,0.01,20,5840,买盘
1043,14:24:09,2.92,0.0,10,2920,买盘
1044,14:24:15,2.92,0.0,2,584,买盘
1045,14:24:18,2.91,-0.01,1,291,卖盘
1046,14:24:51,2.91,0.0,2,582,卖盘
1047,14:24:57,2.91,0.0,15,4365,卖盘
1048,14:25:07,2.92,0.01,8,2336,买盘
1049,14:25:24,2.92,0.0,6,1752,买盘
1050,14:25:33,2.92,0.0,13,3796,买盘
1051,14:25:45,2.91,-0.01,101,29391,卖盘
1052,14:26:04,2.91,0.0,58,16878,卖盘
1053,14:26:22,2.92,0.01,1,292,买盘
1054,14:27:16,2.92,0.0,100,29200,买盘
1055,14:27:21,2.91,-0.01,23,6693,卖盘
1056,14:27:30,2.92,0.01,36,10512,买盘
1057,14:27:36,2.92,0.0,30,8760,买盘
1058,14:27:45,2.92,0.0,14,4088,买盘
1059,14:27:54,2.92,0.0,16,4672,买盘
1060,14:28:06,2.92,0.0,68,19856,买盘
1061,14:28:28,2.92,0.0,8,2336,买盘
1062,14:28:42,2.92,0.0,64,18688,买盘
1063,14:28:51,2.92,0.0,25,7300,买盘
1064,14:28:54,2.92,0.0,132,38544,卖盘
1065,14:28:57,2.92,0.0,4,1168,卖盘
1066,14:29:00,2.92,0.0,3,876,卖盘
1067,14:29:04,2.92,0.0,3,876,卖盘
1068,14:29:06,2.92,0.0,2,584,卖盘
1069,14:29:09,2.92,0.0,2,584,卖盘
1070,14:29:12,2.92,0.0,2,584,卖盘
1071,14:29:15,2.92,0.0,2,584,卖盘
1072,14:29:18,2.92,0.0,2,584,卖盘
1073,14:29:21,2.93,0.01,2,585,买盘
1074,14:29:24,2.92,-0.01,1,292,卖盘
1075,14:29:27,2.92,0.0,1,292,卖盘
1076,14:30:12,2.92,0.0,27,7884,卖盘
1077,14:30:48,2.92,0.0,10,2920,卖盘
1078,14:30:58,2.92,0.0,4,1168,卖盘
1079,14:31:21,2.92,0.0,200,58400,卖盘
1080,14:31:39,2.92,0.0,109,31828,卖盘
1081,14:31:42,2.92,0.0,37,10804,买盘
1082,14:32:18,2.92,0.0,30,8760,买盘
1083,14:33:18,2.92,0.0,73,21316,买盘
1084,14:33:30,2.92,0.0,1,292,买盘
1085,14:33:51,2.92,0.0,101,29392,买盘
1086,14:33:54,2.92,0.0,12,3504,买盘
1087,14:34:15,2.92,0.0,5,1460,买盘
1088,14:34:33,2.92,0.0,2,584,买盘
1089,14:34:36,2.91,-0.01,25,7275,卖盘
1090,14:34:46,2.92,0.01,147,42924,买盘
1091,14:36:07,2.91,-0.01,40,11659,卖盘
1092,14:36:49,2.91,0.0,10,2910,卖盘
1093,14:37:28,2.91,0.0,20,5820,卖盘
1094,14:37:36,2.91,0.0,1,291,卖盘
1095,14:37:43,2.91,0.0,26,7566,卖盘
1096,14:37:46,2.91,0.0,1,291,卖盘
1097,14:37:57,2.91,0.0,77,22407,卖盘
1098,14:38:13,2.92,0.01,7,2044,买盘
1099,14:38:25,2.92,0.0,42,12264,买盘
1100,14:38:30,2.92,0.0,7,2044,买盘
1101,14:39:30,2.92,0.0,2,584,买盘
1102,14:39:36,2.91,-0.01,100,29100,卖盘
1103,14:40:09,2.92,0.01,20,5840,买盘
1104,14:40:49,2.91,-0.01,12,3492,卖盘
1105,14:40:54,2.91,0.0,54,15714,卖盘
1106,14:41:07,2.92,0.01,5,1460,买盘
1107,14:41:27,2.91,-0.01,7,2037,卖盘
1108,14:41:31,2.92,0.01,19,5548,买盘
1109,14:41:33,2.91,-0.01,19,5529,卖盘
1110,14:42:04,2.92,0.01,30,8760,买盘
1111,14:42:07,2.91,-0.01,1,291,卖盘
1112,14:42:27,2.92,0.01,1,292,买盘
1113,14:42:42,2.91,-0.01,83,24153,卖盘
1114,14:43:01,2.91,0.0,20,5820,卖盘
1115,14:43:07,2.92,0.01,7,2044,买盘
1116,14:43:13,2.91,-0.01,8,2328,卖盘
1117,14:43:31,2.92,0.01,29,8448,买盘
1118,14:43:43,2.92,0.0,150,43800,买盘
1119,14:44:07,2.91,-0.01,47,13677,卖盘
1120,14:44:09,2.92,0.01,38,11096,买盘
1121,14:44:13,2.92,0.0,74,21608,买盘
1122,14:44:15,2.92,0.0,3,876,买盘
1123,14:44:25,2.92,0.0,17,4964,买盘
1124,14:44:31,2.92,0.0,11,3212,买盘
1125,14:44:36,2.92,0.0,8,2336,买盘
1126,14:44:48,2.92,0.0,5,1460,买盘
1127,14:45:13,2.92,0.0,100,29200,买盘
1128,14:45:19,2.91,-0.01,116,33776,卖盘
1129,14:45:34,2.91,0.0,302,87882,卖盘
1130,14:45:46,2.92,0.01,10,2920,买盘
1131,14:46:01,2.92,0.0,7,2044,买盘
1132,14:46:04,2.92,0.0,14,4088,买盘
1133,14:46:24,2.92,0.0,10,2920,买盘
1134,14:46:43,2.92,0.0,1,292,买盘
1135,14:46:46,2.92,0.0,1472,428361,买盘
1136,14:46:48,2.91,-0.01,2,582,卖盘
1137,14:46:52,2.92,0.01,50,14600,买盘
1138,14:46:58,2.92,0.0,200,58400,买盘
1139,14:47:07,2.92,0.0,20,5840,买盘
1140,14:47:16,2.92,0.0,20,5840,买盘
1141,14:47:27,2.92,0.0,3,876,买盘
1142,14:47:34,2.92,0.0,51,14892,买盘
1143,14:47:42,2.92,0.0,100,29200,买盘
1144,14:47:46,2.92,0.0,6,1752,买盘
1145,14:47:52,2.91,-0.01,18,5238,卖盘
1146,14:48:07,2.92,0.01,10,2920,买盘
1147,14:48:25,2.92,0.0,1,292,买盘
1148,14:48:33,2.92,0.0,30,8760,买盘
1149,14:48:58,2.91,-0.01,42,12222,卖盘
1150,14:49:01,2.92,0.01,3,876,买盘
1151,14:49:04,2.92,0.0,57,16644,买盘
1152,14:49:07,2.92,0.0,50,14600,买盘
1153,14:49:18,2.91,-0.01,46,13386,卖盘
1154,14:49:40,2.91,0.0,10,2910,卖盘
1155,14:49:43,2.92,0.01,3,876,买盘
1156,14:49:49,2.92,0.0,3,876,买盘
1157,14:49:51,2.91,-0.01,190,55290,卖盘
1158,14:49:54,2.91,0.0,308,89628,卖盘
1159,14:50:00,2.92,0.01,13,3796,买盘
1160,14:50:09,2.92,0.0,32,9344,买盘
1161,14:50:15,2.91,-0.01,150,43650,卖盘
1162,14:50:25,2.91,0.0,1,291,卖盘
1163,14:50:46,2.91,0.0,308,89628,卖盘
1164,14:50:55,2.91,0.0,20,5820,卖盘
1165,14:51:07,2.91,0.0,79,22989,卖盘
1166,14:51:13,2.91,0.0,1,291,卖盘
1167,14:51:16,2.92,0.01,10,2920,买盘
1168,14:51:31,2.91,-0.01,70,20370,卖盘
1169,14:51:40,2.91,0.0,18,5238,卖盘
1170,14:51:46,2.92,0.01,100,29200,买盘
1171,14:51:52,2.92,0.0,51,14892,买盘
1172,14:51:55,2.91,-0.01,3,873,卖盘
1173,14:52:00,2.92,0.01,28,8164,买盘
1174,14:52:04,2.91,-0.01,46,13386,卖盘
1175,14:52:07,2.92,0.01,22,6424,买盘
1176,14:52:16,2.92,0.0,52,15184,买盘
1177,14:52:19,2.92,0.0,10,2920,买盘
1178,14:52:22,2.92,0.0,140,40880,买盘
1179,14:52:27,2.91,-0.01,100,29100,卖盘
1180,14:52:43,2.91,0.0,42,12222,卖盘
1181,14:52:51,2.92,0.01,14,4088,买盘
1182,14:52:55,2.91,-0.01,20,5820,卖盘
1183,14:53:07,2.92,0.01,50,14600,买盘
1184,14:53:10,2.91,-0.01,30,8730,卖盘
1185,14:53:25,2.91,0.0,85,24736,卖盘
1186,14:53:43,2.91,0.0,30,8730,卖盘
1187,14:53:52,2.91,0.0,25,7275,卖盘
1188,14:54:01,2.91,0.0,30,8730,卖盘
1189,14:54:04,2.91,0.0,5,1455,卖盘
1190,14:54:10,2.92,0.01,17,4961,买盘
1191,14:54:15,2.92,0.0,11,3212,买盘
1192,14:54:19,2.91,-0.01,75,21839,卖盘
1193,14:54:25,2.91,0.0,10,2910,卖盘
1194,14:54:31,2.92,0.01,10,2920,买盘
1195,14:54:33,2.92,0.0,349,101808,买盘
1196,14:54:40,2.91,-0.01,216,63024,卖盘
1197,14:54:43,2.91,0.0,9,2619,卖盘
1198,14:54:58,2.91,0.0,10,2910,卖盘
1199,14:55:04,2.92,0.01,200,58400,买盘
1200,14:55:16,2.91,-0.01,9,2619,卖盘
1201,14:55:19,2.91,0.0,1,291,卖盘
1202,14:55:22,2.92,0.01,96,27986,买盘
1203,14:55:28,2.92,0.0,75,21900,买盘
1204,14:55:34,2.91,-0.01,29,8529,卖盘
1205,14:55:36,2.92,0.01,40,11680,买盘
1206,14:55:49,2.92,0.0,9,2628,买盘
1207,14:55:58,2.92,0.0,1,292,买盘
1208,14:56:00,2.92,0.0,22,6424,买盘
1209,14:56:04,2.91,-0.01,28,8151,卖盘
1210,14:56:16,2.91,0.0,58,16878,卖盘
1211,14:56:18,2.91,0.0,20,5820,卖盘
1212,14:56:25,2.92,0.01,3,876,买盘
1213,14:56:34,2.92,0.0,47,13724,买盘
1214,14:56:37,2.92,0.0,2,584,买盘
1215,14:56:42,2.91,-0.01,41,11943,卖盘
1216,14:56:46,2.92,0.01,1,292,买盘
1217,14:56:49,2.92,0.0,10,2920,买盘
1218,14:56:52,2.92,0.0,100,29200,买盘
1219,14:56:55,2.92,0.0,68,19829,买盘
1220,14:56:58,2.92,0.0,1,292,买盘
1221,14:57:00,2.92,0.0,18,5256,买盘
1222,15:00:04,2.91,-0.01,821,238911,卖盘
