,time,price,change,volume,amount,type
0,09:25:04,4.39,0.01,43,18877,卖盘
1,09:30:04,4.38,-0.01,8,3504,中性盘
2,09:30:07,4.36,-0.02,33,14401,卖盘
3,09:30:10,4.37,0.01,17,7429,买盘
4,09:30:13,4.37,0.0,1,437,卖盘
5,09:30:31,4.38,0.01,27,11826,买盘
6,09:30:40,4.38,0.0,12,5256,卖盘
7,09:30:43,4.38,0.0,80,35119,卖盘
8,09:30:46,4.38,0.0,120,52680,卖盘
9,09:31:13,4.39,0.01,8,3512,买盘
10,09:31:16,4.38,-0.01,47,20629,卖盘
11,09:31:19,4.38,0.0,11,4818,卖盘
12,09:31:22,4.38,0.0,19,8322,卖盘
13,09:31:25,4.38,0.0,55,24090,卖盘
14,09:31:28,4.37,-0.01,22,9614,卖盘
15,09:31:34,4.37,0.0,1,437,卖盘
16,09:31:37,4.37,0.0,2,874,卖盘
17,09:31:40,4.37,0.0,1,437,卖盘
18,09:31:43,4.37,0.0,1,437,卖盘
19,09:31:55,4.38,0.01,2,875,买盘
20,09:31:58,4.36,-0.02,8,3488,卖盘
21,09:32:01,4.38,0.02,15,6560,买盘
22,09:32:40,4.38,0.0,20,8743,买盘
23,09:32:52,4.37,-0.01,1,437,卖盘
24,09:33:13,4.37,0.0,84,36708,买盘
25,09:33:16,4.36,-0.01,30,13080,卖盘
26,09:33:49,4.37,0.01,4,1748,买盘
27,09:34:16,4.36,-0.01,8,3488,卖盘
28,09:34:25,4.37,0.01,12,5244,买盘
29,09:34:43,4.36,-0.01,243,105948,卖盘
30,09:34:46,4.37,0.01,11,4807,买盘
31,09:35:28,4.37,0.0,30,13110,买盘
32,09:35:34,4.37,0.0,104,45448,买盘
33,09:35:49,4.37,0.0,97,42389,卖盘
34,09:36:04,4.37,0.0,232,101384,卖盘
35,09:36:49,4.38,0.01,6,2628,买盘
36,09:36:52,4.38,0.0,20,8760,买盘
37,09:37:01,4.38,0.0,2,876,买盘
38,09:37:16,4.38,0.0,30,13140,买盘
39,09:37:19,4.38,0.0,7,3066,买盘
40,09:37:28,4.38,0.0,7,3066,买盘
41,09:37:34,4.37,-0.01,15,6555,卖盘
42,09:37:49,4.37,0.0,2,874,卖盘
43,09:37:52,4.38,0.01,11,4818,买盘
44,09:37:58,4.37,-0.01,10,4370,卖盘
45,09:38:01,4.38,0.01,327,143226,买盘
46,09:38:07,4.38,0.0,1,438,卖盘
47,09:38:34,4.39,0.01,30,13170,买盘
48,09:38:46,4.39,0.0,5,2195,买盘
49,09:38:52,4.38,-0.01,2,876,卖盘
50,09:38:58,4.39,0.01,47,20633,买盘
51,09:39:04,4.39,0.0,6,2634,买盘
52,09:39:43,4.39,0.0,6,2634,买盘
53,09:39:46,4.38,-0.01,3,1314,卖盘
54,09:39:52,4.38,0.0,451,197548,卖盘
55,09:40:34,4.38,0.0,1,438,卖盘
56,09:40:43,4.39,0.01,1,439,买盘
57,09:40:49,4.38,-0.01,2,876,卖盘
58,09:40:55,4.39,0.01,1,439,买盘
59,09:41:04,4.38,-0.01,20,8760,卖盘
60,09:41:22,4.38,0.0,3,1314,卖盘
61,09:41:34,4.39,0.01,7,3073,买盘
62,09:41:37,4.39,0.0,2,878,买盘
63,09:41:46,4.38,-0.01,25,10973,卖盘
64,09:41:52,4.38,0.0,16,7008,卖盘
65,09:41:58,4.39,0.01,57,25023,买盘
66,09:42:01,4.38,-0.01,7,3066,卖盘
67,09:42:05,4.38,0.0,17,7446,卖盘
68,09:42:07,4.38,0.0,10,4380,卖盘
69,09:42:25,4.38,0.0,224,98112,卖盘
70,09:42:34,4.38,0.0,16,7008,买盘
71,09:42:40,4.38,0.0,16,7008,买盘
72,09:42:43,4.38,0.0,22,9636,买盘
73,09:42:49,4.37,-0.01,2,874,卖盘
74,09:43:07,4.38,0.01,47,20586,买盘
75,09:43:30,4.38,0.0,50,21900,买盘
76,09:43:43,4.37,-0.01,53,23211,卖盘
77,09:44:10,4.37,0.0,11,4817,卖盘
78,09:44:19,4.37,0.0,50,21850,卖盘
79,09:44:36,4.38,0.01,10,4380,买盘
80,09:44:43,4.37,-0.01,2,874,卖盘
81,09:45:31,4.37,0.0,8,3496,卖盘
82,09:45:40,4.38,0.01,4,1752,买盘
83,09:45:49,4.37,-0.01,2,874,卖盘
84,09:46:15,4.37,0.0,11,4807,卖盘
85,09:46:22,4.37,0.0,2,874,卖盘
86,09:46:25,4.37,0.0,3,1311,卖盘
87,09:46:43,4.37,0.0,15,6555,卖盘
88,09:46:51,4.37,0.0,21,9177,卖盘
89,09:47:04,4.37,0.0,43,18791,卖盘
90,09:47:06,4.37,0.0,10,4370,卖盘
91,09:47:09,4.37,0.0,46,20102,卖盘
92,09:47:13,4.37,0.0,30,13110,卖盘
93,09:47:19,4.37,0.0,11,4807,卖盘
94,09:47:22,4.37,0.0,3,1311,卖盘
95,09:47:25,4.37,0.0,28,12236,卖盘
96,09:47:28,4.37,0.0,2,874,卖盘
97,09:47:31,4.37,0.0,4,1748,卖盘
98,09:47:34,4.37,0.0,4,1748,卖盘
99,09:47:49,4.37,0.0,2,874,卖盘
100,09:47:52,4.37,0.0,5,2185,卖盘
101,09:48:04,4.37,0.0,100,43700,卖盘
102,09:48:10,4.37,0.0,43,18791,卖盘
103,09:48:16,4.37,0.0,7,3059,卖盘
104,09:48:22,4.37,0.0,4,1748,卖盘
105,09:48:27,4.38,0.01,20,8760,买盘
106,09:48:31,4.38,0.0,34,14892,买盘
107,09:48:49,4.37,-0.01,2,874,卖盘
108,09:49:10,4.38,0.01,34,14888,买盘
109,09:49:13,4.38,0.0,9,3942,买盘
110,09:49:16,4.37,-0.01,1,437,卖盘
111,09:49:22,4.38,0.01,6,2628,买盘
112,09:49:34,4.38,0.0,9,3942,买盘
113,09:49:52,4.37,-0.01,3,1311,卖盘
114,09:50:04,4.37,0.0,15,6555,卖盘
115,09:50:13,4.38,0.01,10,4380,买盘
116,09:50:19,4.38,0.0,8,3504,买盘
117,09:50:25,4.38,0.0,6,2628,买盘
118,09:50:43,4.38,0.0,16,7008,买盘
119,09:50:46,4.38,0.0,19,8320,买盘
120,09:50:49,4.38,0.0,30,13140,买盘
121,09:50:52,4.38,0.0,13,5694,买盘
122,09:50:55,4.38,0.0,1,438,买盘
123,09:50:58,4.38,0.0,6,2628,买盘
124,09:51:00,4.39,0.01,18,7892,买盘
125,09:51:16,4.39,0.0,7,3072,买盘
126,09:51:25,4.38,-0.01,1,438,卖盘
127,09:51:28,4.38,0.0,20,8760,卖盘
128,09:51:34,4.38,0.0,1,438,卖盘
129,09:51:45,4.38,0.0,8,3502,买盘
130,09:51:49,4.38,0.0,3,1314,买盘
131,09:52:01,4.38,0.0,38,16644,卖盘
132,09:52:25,4.38,0.0,24,10512,卖盘
133,09:52:28,4.38,0.0,57,24966,卖盘
134,09:52:31,4.38,0.0,30,13140,买盘
135,09:52:39,4.38,0.0,1,438,买盘
136,09:52:43,4.38,0.0,8,3504,买盘
137,09:52:52,4.37,-0.01,2,874,卖盘
138,09:52:55,4.38,0.01,6,2628,买盘
139,09:52:58,4.38,0.0,6,2628,买盘
140,09:53:07,4.37,-0.01,63,27577,卖盘
141,09:53:31,4.38,0.01,5,2190,买盘
142,09:53:49,4.37,-0.01,3,1311,卖盘
143,09:53:55,4.38,0.01,68,29784,买盘
144,09:54:01,4.38,0.0,2,876,卖盘
145,09:54:22,4.39,0.01,6,2634,买盘
146,09:54:25,4.39,0.0,3,1317,买盘
147,09:54:52,4.38,-0.01,8,3510,卖盘
148,09:55:25,4.39,0.01,1,439,买盘
149,09:55:46,4.38,-0.01,2,876,卖盘
150,09:55:55,4.39,0.01,6,2634,买盘
151,09:55:58,4.39,0.0,67,29413,买盘
152,09:56:16,4.38,-0.01,21,9204,卖盘
153,09:56:43,4.39,0.01,1,439,买盘
154,09:56:49,4.39,0.0,20,8780,买盘
155,09:56:52,4.38,-0.01,40,17557,卖盘
156,09:56:58,4.39,0.01,8,3512,买盘
157,09:57:01,4.39,0.0,120,52680,买盘
158,09:57:04,4.4,0.01,14,6160,买盘
159,09:57:07,4.4,0.0,23,10120,买盘
160,09:57:13,4.4,0.0,6,2640,买盘
161,09:57:40,4.4,0.0,10,4400,买盘
162,09:57:43,4.4,0.0,29,12760,买盘
163,09:57:46,4.4,0.0,7,3078,买盘
164,09:57:55,4.4,0.0,6,2640,买盘
165,09:58:01,4.4,0.0,6,2640,买盘
166,09:58:07,4.4,0.0,25,10981,买盘
167,09:58:16,4.4,0.0,22,9680,买盘
168,09:58:34,4.39,-0.01,3,1317,卖盘
169,09:58:49,4.39,0.0,2,878,卖盘
170,09:58:58,4.39,0.0,13,5707,卖盘
171,09:59:04,4.39,0.0,5,2195,卖盘
172,09:59:19,4.39,0.0,112,49168,卖盘
173,09:59:52,4.39,0.0,9,3948,买盘
174,09:59:55,4.38,-0.01,80,35040,卖盘
175,09:59:58,4.39,0.01,19,8341,买盘
176,10:00:07,4.39,0.0,49,21511,买盘
177,10:00:10,4.39,0.0,46,20194,买盘
178,10:00:13,4.4,0.01,112,49172,买盘
179,10:00:16,4.4,0.0,52,22880,买盘
180,10:00:19,4.4,0.0,11,4838,买盘
181,10:00:22,4.4,0.0,11,4840,买盘
182,10:00:28,4.4,0.0,24,10560,买盘
183,10:00:31,4.4,0.0,6,2640,买盘
184,10:00:36,4.4,0.0,6,2640,买盘
185,10:00:40,4.39,-0.01,13,5719,卖盘
186,10:00:43,4.4,0.01,6,2640,买盘
187,10:00:46,4.4,0.0,16,7040,买盘
188,10:00:49,4.4,0.0,24,10541,买盘
189,10:00:52,4.39,-0.01,2,878,卖盘
190,10:01:07,4.39,0.0,6,2634,卖盘
191,10:01:31,4.39,0.0,89,39142,卖盘
192,10:01:49,4.39,0.0,2,878,卖盘
193,10:02:04,4.4,0.01,3,1319,买盘
194,10:02:07,4.39,-0.01,5,2195,卖盘
195,10:02:36,4.4,0.01,8,3518,买盘
196,10:02:46,4.39,-0.01,4,1756,卖盘
197,10:02:49,4.39,0.0,2,878,卖盘
198,10:03:06,4.39,0.0,6,2634,卖盘
199,10:03:13,4.39,0.0,5,2195,卖盘
200,10:03:25,4.4,0.01,50,22000,买盘
201,10:03:37,4.4,0.0,6,2640,买盘
202,10:03:43,4.39,-0.01,1,439,卖盘
203,10:03:52,4.39,0.0,3,1317,卖盘
204,10:03:55,4.4,0.01,16,7040,买盘
205,10:04:01,4.4,0.0,4,1760,买盘
206,10:04:04,4.4,0.0,6,2640,买盘
207,10:04:15,4.4,0.0,6,2640,买盘
208,10:04:46,4.4,0.0,1,440,买盘
209,10:04:52,4.39,-0.01,9,3951,卖盘
210,10:05:04,4.4,0.01,26,11440,买盘
211,10:05:07,4.39,-0.01,5,2195,卖盘
212,10:05:10,4.39,0.0,10,4390,卖盘
213,10:05:31,4.4,0.01,169,74360,买盘
214,10:05:34,4.4,0.0,20,8800,买盘
215,10:05:37,4.4,0.0,14,6160,买盘
216,10:05:43,4.4,0.0,24,10560,买盘
217,10:05:46,4.4,0.0,18,7920,买盘
218,10:05:49,4.4,0.0,5,2200,买盘
219,10:05:52,4.4,0.0,5,2198,买盘
220,10:05:55,4.4,0.0,5,2200,买盘
221,10:05:58,4.4,0.0,6,2640,买盘
222,10:06:07,4.39,-0.01,5,2195,卖盘
223,10:06:22,4.39,0.0,7,3073,卖盘
224,10:06:31,4.39,0.0,3,1317,卖盘
225,10:06:40,4.39,0.0,2,878,卖盘
226,10:06:49,4.39,0.0,113,49620,卖盘
227,10:06:52,4.39,0.0,3,1317,卖盘
228,10:07:06,4.39,0.0,5,2195,卖盘
229,10:07:09,4.39,0.0,38,16682,卖盘
230,10:07:19,4.4,0.01,8,3520,买盘
231,10:07:22,4.4,0.0,26,11440,买盘
232,10:07:25,4.4,0.0,12,5280,买盘
233,10:07:28,4.4,0.0,6,2640,买盘
234,10:07:30,4.4,0.0,61,26840,买盘
235,10:07:40,4.4,0.0,100,44000,买盘
236,10:07:42,4.4,0.0,27,11880,买盘
237,10:07:49,4.4,0.0,34,14960,买盘
238,10:07:52,4.4,0.0,60,26398,买盘
239,10:07:55,4.4,0.0,5,2200,买盘
240,10:07:58,4.4,0.0,16,7040,买盘
241,10:08:01,4.4,0.0,12,5280,买盘
242,10:08:04,4.4,0.0,12,5280,买盘
243,10:08:07,4.4,0.0,12,5280,买盘
244,10:08:10,4.4,0.0,27,11880,买盘
245,10:08:16,4.41,0.01,5,2205,买盘
246,10:08:19,4.41,0.0,6,2646,买盘
247,10:08:28,4.41,0.0,6,2646,买盘
248,10:08:34,4.39,-0.02,13,5710,卖盘
249,10:09:07,4.39,0.0,20,8780,卖盘
250,10:09:13,4.39,0.0,16,7024,卖盘
251,10:09:16,4.39,0.0,3,1317,卖盘
252,10:09:33,4.4,0.01,36,15840,买盘
253,10:09:49,4.39,-0.01,3,1317,卖盘
254,10:09:55,4.4,0.01,10,4400,买盘
255,10:10:10,4.4,0.0,12,5280,买盘
256,10:10:19,4.4,0.0,9,3960,买盘
257,10:10:22,4.4,0.0,18,7920,买盘
258,10:10:25,4.4,0.0,1,440,买盘
259,10:10:28,4.4,0.0,1,440,买盘
260,10:10:34,4.4,0.0,16,7040,买盘
261,10:10:37,4.4,0.0,13,5720,买盘
262,10:10:40,4.41,0.01,6,2645,买盘
263,10:10:49,4.4,-0.01,12,5280,卖盘
264,10:10:52,4.4,0.0,8,3526,卖盘
265,10:11:07,4.4,0.0,2,880,卖盘
266,10:11:27,4.4,0.0,1,440,买盘
267,10:11:31,4.4,0.0,10,4400,买盘
268,10:11:37,4.4,0.0,1,440,买盘
269,10:11:39,4.4,0.0,1,440,卖盘
270,10:11:49,4.4,0.0,2,880,卖盘
271,10:12:06,4.4,0.0,194,85360,卖盘
272,10:12:13,4.4,0.0,13,5720,买盘
273,10:12:55,4.39,-0.01,2,878,卖盘
274,10:13:07,4.39,0.0,67,29413,卖盘
275,10:13:31,4.4,0.01,10,4400,买盘
276,10:13:33,4.39,-0.01,55,24156,卖盘
277,10:13:48,4.39,0.0,3,1317,卖盘
278,10:14:01,4.4,0.01,13,5720,买盘
279,10:14:04,4.4,0.0,9,3960,买盘
280,10:14:07,4.4,0.0,20,8800,买盘
281,10:14:10,4.4,0.0,18,7920,买盘
282,10:14:13,4.4,0.0,12,5280,买盘
283,10:14:15,4.39,-0.01,14,6146,卖盘
284,10:14:28,4.4,0.01,10,4400,买盘
285,10:14:42,4.4,0.0,2,880,买盘
286,10:14:46,4.4,0.0,25,11000,买盘
287,10:14:49,4.4,0.0,43,18938,买盘
288,10:14:52,4.41,0.01,14,6174,买盘
289,10:14:55,4.41,0.0,20,8820,买盘
290,10:14:58,4.41,0.0,19,8379,买盘
291,10:15:01,4.41,0.0,8,3528,买盘
292,10:15:04,4.41,0.0,6,2646,买盘
293,10:15:07,4.41,0.0,19,8379,买盘
294,10:15:09,4.41,0.0,19,8379,买盘
295,10:15:13,4.41,0.0,19,8379,买盘
296,10:15:16,4.41,0.0,16,7056,买盘
297,10:15:19,4.41,0.0,5,2205,买盘
298,10:15:22,4.41,0.0,17,7495,买盘
299,10:15:25,4.41,0.0,76,33516,买盘
300,10:15:31,4.41,0.0,36,15876,卖盘
301,10:15:37,4.41,0.0,118,52038,买盘
302,10:15:49,4.4,-0.01,9,3967,卖盘
303,10:15:55,4.41,0.01,6,2646,买盘
304,10:16:28,4.4,-0.01,3,1320,卖盘
305,10:16:37,4.4,0.0,14,6160,卖盘
306,10:16:40,4.4,0.0,2,880,卖盘
307,10:16:49,4.4,0.0,61,26840,卖盘
308,10:16:54,4.4,0.0,3,1320,卖盘
309,10:17:04,4.41,0.01,5,2205,买盘
310,10:17:07,4.4,-0.01,8,3520,卖盘
311,10:17:46,4.41,0.01,5,2205,买盘
312,10:17:49,4.41,0.0,7,3087,买盘
313,10:17:55,4.4,-0.01,2,880,卖盘
314,10:17:58,4.41,0.01,6,2646,买盘
315,10:18:24,4.41,0.0,2,882,买盘
316,10:18:49,4.4,-0.01,2,880,卖盘
317,10:18:58,4.41,0.01,15,6615,买盘
318,10:19:13,4.41,0.0,30,13230,买盘
319,10:19:46,4.41,0.0,6,2646,买盘
320,10:19:49,4.4,-0.01,3,1320,卖盘
321,10:20:01,4.41,0.01,50,22050,买盘
322,10:20:16,4.4,-0.01,1,440,卖盘
323,10:20:46,4.4,0.0,26,11440,卖盘
324,10:20:52,4.4,0.0,2,880,卖盘
325,10:21:07,4.4,0.0,6,2640,卖盘
326,10:21:10,4.4,0.0,2,880,卖盘
327,10:21:18,4.41,0.01,5,2205,买盘
328,10:21:46,4.41,0.0,12,5292,买盘
329,10:21:49,4.4,-0.01,2,880,卖盘
330,10:22:07,4.4,0.0,5,2200,卖盘
331,10:22:22,4.41,0.01,12,5292,买盘
332,10:22:25,4.41,0.0,108,47532,买盘
333,10:22:28,4.4,-0.01,15,6600,卖盘
334,10:22:31,4.41,0.01,112,49292,买盘
335,10:22:37,4.4,-0.01,35,15412,卖盘
336,10:22:39,4.41,0.01,6,2646,买盘
337,10:22:52,4.4,-0.01,2,880,卖盘
338,10:22:58,4.4,0.0,5,2200,卖盘
339,10:23:07,4.4,0.0,6,2640,卖盘
340,10:23:31,4.4,0.0,8,3520,卖盘
341,10:23:34,4.4,0.0,16,7040,卖盘
342,10:23:37,4.4,0.0,79,34760,卖盘
343,10:23:43,4.4,0.0,4,1760,买盘
344,10:23:52,4.39,-0.01,52,22852,卖盘
345,10:24:01,4.4,0.01,5,2200,买盘
346,10:24:10,4.4,0.0,1,440,买盘
347,10:24:12,4.39,-0.01,30,13170,卖盘
348,10:24:49,4.39,0.0,2,878,卖盘
349,10:25:00,4.39,0.0,98,43022,卖盘
350,10:25:49,4.39,0.0,2,878,卖盘
351,10:26:49,4.39,0.0,1,439,卖盘
352,10:26:52,4.39,0.0,582,255498,卖盘
353,10:27:04,4.39,0.0,116,50924,买盘
354,10:27:07,4.39,0.0,5,2195,卖盘
355,10:27:55,4.39,0.0,2,878,卖盘
356,10:28:54,4.39,0.0,2,878,卖盘
357,10:29:52,4.39,0.0,3,1317,卖盘
358,10:30:16,4.4,0.01,16,7040,买盘
359,10:30:19,4.4,0.0,42,18480,买盘
360,10:30:22,4.4,0.0,28,12320,买盘
361,10:30:28,4.4,0.0,4,1760,买盘
362,10:30:31,4.4,0.0,7,3080,买盘
363,10:30:34,4.4,0.0,42,18480,买盘
364,10:30:37,4.4,0.0,17,7480,买盘
365,10:30:39,4.4,0.0,10,4400,买盘
366,10:30:43,4.4,0.0,6,2640,买盘
367,10:30:49,4.4,0.0,76,33440,买盘
368,10:30:52,4.39,-0.01,2,878,卖盘
369,10:30:55,4.4,0.01,6,2640,买盘
370,10:31:01,4.4,0.0,9,3960,买盘
371,10:31:37,4.4,0.0,428,188320,买盘
372,10:31:52,4.4,0.0,2,880,卖盘
373,10:32:07,4.4,0.0,5,2200,卖盘
374,10:32:31,4.4,0.0,25,11000,卖盘
375,10:32:36,4.4,0.0,14,6160,卖盘
376,10:32:43,4.4,0.0,22,9680,卖盘
377,10:33:10,4.39,-0.01,1,439,卖盘
378,10:33:49,4.39,0.0,3,1317,卖盘
379,10:34:07,4.4,0.01,16,7034,买盘
380,10:34:16,4.4,0.0,120,52702,买盘
381,10:34:22,4.4,0.0,48,21120,卖盘
382,10:34:46,4.39,-0.01,16,7024,卖盘
383,10:34:49,4.4,0.01,9,3960,买盘
384,10:34:51,4.39,-0.01,2,878,卖盘
385,10:34:57,4.39,0.0,11,4829,卖盘
386,10:35:01,4.39,0.0,5,2195,卖盘
387,10:35:07,4.39,0.0,8,3512,卖盘
388,10:35:16,4.39,0.0,16,7024,卖盘
389,10:35:21,4.4,0.01,1,440,买盘
390,10:35:37,4.39,-0.01,1,439,卖盘
391,10:35:42,4.39,0.0,5,2195,卖盘
392,10:35:49,4.4,0.01,3,1320,买盘
393,10:35:55,4.39,-0.01,24,10536,卖盘
394,10:36:40,4.39,0.0,896,393344,卖盘
395,10:36:43,4.39,0.0,29,12743,卖盘
396,10:36:46,4.39,0.0,16,7024,卖盘
397,10:36:49,4.39,0.0,60,26340,卖盘
398,10:37:49,4.39,0.0,12,5266,买盘
399,10:38:01,4.39,0.0,15,6585,买盘
400,10:38:07,4.39,0.0,6,2634,卖盘
401,10:38:22,4.4,0.01,80,35200,买盘
402,10:38:52,4.39,-0.01,2,878,卖盘
403,10:39:07,4.39,0.0,6,2634,卖盘
404,10:39:34,4.39,0.0,48,21072,卖盘
405,10:39:55,4.39,0.0,3,1317,卖盘
406,10:40:07,4.39,0.0,224,98336,卖盘
407,10:40:28,4.39,0.0,12,5268,买盘
408,10:40:48,4.38,-0.01,3,1314,卖盘
409,10:41:07,4.39,0.01,1,439,买盘
410,10:41:19,4.39,0.0,1,439,买盘
411,10:41:28,4.39,0.0,20,8780,买盘
412,10:41:54,4.38,-0.01,7,3071,卖盘
413,10:42:42,4.38,0.0,1,438,卖盘
414,10:42:46,4.38,0.0,2,876,卖盘
415,10:42:58,4.39,0.01,68,29852,买盘
416,10:43:16,4.39,0.0,25,10975,买盘
417,10:43:52,4.38,-0.01,3,1314,卖盘
418,10:44:13,4.38,0.0,30,13140,卖盘
419,10:44:22,4.38,0.0,3,1314,卖盘
420,10:44:52,4.38,0.0,2,876,卖盘
421,10:44:55,4.38,0.0,3,1314,卖盘
422,10:45:22,4.38,0.0,14,6132,卖盘
423,10:45:40,4.39,0.01,70,30730,买盘
424,10:45:49,4.38,-0.01,2,876,卖盘
425,10:45:52,4.38,0.0,1,438,卖盘
426,10:46:46,4.38,0.0,70,30660,卖盘
427,10:46:52,4.38,0.0,3,1314,卖盘
428,10:46:55,4.39,0.01,8,3512,买盘
429,10:47:19,4.39,0.0,16,7024,买盘
430,10:47:43,4.39,0.0,6,2634,买盘
431,10:48:22,4.39,0.0,9,3951,买盘
432,10:50:16,4.38,-0.01,2,876,卖盘
433,10:50:24,4.39,0.01,120,52680,买盘
434,10:50:40,4.39,0.0,79,34681,买盘
435,10:50:43,4.39,0.0,43,18877,买盘
436,10:50:48,4.39,0.0,30,13170,卖盘
437,10:51:13,4.38,-0.01,2,876,卖盘
438,10:52:09,4.38,0.0,3,1314,卖盘
439,10:53:09,4.38,0.0,2,876,卖盘
440,10:53:22,4.39,0.01,13,5707,买盘
441,10:53:25,4.39,0.0,5,2195,买盘
442,10:53:40,4.39,0.0,3,1317,买盘
443,10:53:43,4.39,0.0,7,3073,中性盘
444,10:53:45,4.39,0.0,29,12731,买盘
445,10:53:54,4.39,0.0,8,3512,买盘
446,10:53:57,4.39,0.0,27,11853,买盘
447,10:54:01,4.39,0.0,8,3512,买盘
448,10:54:04,4.39,0.0,6,2634,买盘
449,10:54:06,4.39,0.0,6,2634,买盘
450,10:54:10,4.39,0.0,6,2634,买盘
451,10:54:16,4.38,-0.01,2,876,卖盘
452,10:54:25,4.39,0.01,113,49607,买盘
453,10:54:55,4.4,0.01,7,3080,买盘
454,10:55:07,4.4,0.0,6,2640,买盘
455,10:55:10,4.39,-0.01,2,878,卖盘
456,10:55:21,4.4,0.01,90,39600,买盘
457,10:55:25,4.4,0.0,8,3520,买盘
458,10:55:34,4.4,0.0,15,6600,买盘
459,10:55:40,4.4,0.0,60,26400,买盘
460,10:56:09,4.39,-0.01,3,1317,卖盘
461,10:56:16,4.39,0.0,14,6146,卖盘
462,10:56:21,4.39,0.0,69,30291,卖盘
463,10:56:24,4.4,0.01,8,3520,买盘
464,10:57:16,4.39,-0.01,2,878,卖盘
465,10:57:19,4.4,0.01,7,3080,买盘
466,10:57:21,4.39,-0.01,5,2195,卖盘
467,10:57:46,4.4,0.01,8,3520,买盘
468,10:58:13,4.39,-0.01,2,878,卖盘
469,10:58:37,4.39,0.0,3,1317,卖盘
470,10:58:42,4.39,0.0,69,30291,卖盘
471,10:59:04,4.4,0.01,12,5280,买盘
472,10:59:07,4.39,-0.01,6,2634,卖盘
473,10:59:09,4.39,0.0,3,1317,卖盘
474,10:59:13,4.38,-0.01,67,29407,卖盘
475,10:59:22,4.39,0.01,8,3512,买盘
476,10:59:24,4.39,0.0,8,3512,买盘
477,10:59:28,4.38,-0.01,1,438,卖盘
478,10:59:33,4.38,0.0,3,1314,卖盘
479,10:59:45,4.39,0.01,13,5707,买盘
480,10:59:55,4.38,-0.01,39,17082,卖盘
481,10:59:58,4.38,0.0,102,44676,卖盘
482,11:00:06,4.38,0.0,2,876,卖盘
483,11:00:10,4.38,0.0,40,17520,卖盘
484,11:00:13,4.39,0.01,8,3512,买盘
485,11:00:30,4.38,-0.01,89,38982,卖盘
486,11:00:52,4.38,0.0,1,438,卖盘
487,11:00:55,4.39,0.01,6,2634,买盘
488,11:01:06,4.38,-0.01,6,2628,卖盘
489,11:01:16,4.39,0.01,15,6620,买盘
490,11:01:22,4.39,0.0,8,3477,卖盘
491,11:01:31,4.39,0.0,8,3512,买盘
492,11:01:39,4.38,-0.01,1,438,卖盘
493,11:01:55,4.39,0.01,6,2634,买盘
494,11:01:58,4.39,0.0,6,2634,买盘
495,11:02:13,4.38,-0.01,9,3948,卖盘
496,11:02:28,4.38,0.0,100,43800,卖盘
497,11:02:52,4.39,0.01,1,439,买盘
498,11:03:04,4.38,-0.01,6,2628,卖盘
499,11:03:13,4.38,0.0,2,876,卖盘
500,11:03:16,4.38,0.0,20,8760,卖盘
501,11:04:06,4.38,0.0,2,876,卖盘
502,11:04:13,4.39,0.01,7,3073,买盘
503,11:04:18,4.39,0.0,6,2634,买盘
504,11:04:22,4.39,0.0,6,2634,买盘
505,11:04:34,4.39,0.0,5,2195,买盘
506,11:04:43,4.38,-0.01,3,1314,卖盘
507,11:04:58,4.38,0.0,15,6570,卖盘
508,11:05:06,4.38,0.0,2,876,卖盘
509,11:05:13,4.38,0.0,6,2628,卖盘
510,11:05:25,4.39,0.01,12,5268,买盘
511,11:05:34,4.39,0.0,8,3512,买盘
512,11:05:37,4.39,0.0,8,3512,买盘
513,11:05:43,4.39,0.0,12,5268,买盘
514,11:05:48,4.39,0.0,6,2634,买盘
515,11:05:52,4.39,0.0,19,8341,买盘
516,11:05:55,4.4,0.01,20,8828,买盘
517,11:05:57,4.4,0.0,12,5280,买盘
518,11:06:00,4.4,0.0,6,2640,买盘
519,11:06:04,4.4,0.0,3,1320,买盘
520,11:06:07,4.4,0.0,6,2640,买盘
521,11:06:52,4.39,-0.01,9,3951,买盘
522,11:07:04,4.39,0.0,6,2634,卖盘
523,11:07:07,4.39,0.0,2,878,卖盘
524,11:07:13,4.39,0.0,14,6146,卖盘
525,11:07:19,4.4,0.01,8,3520,买盘
526,11:07:22,4.4,0.0,16,7040,买盘
527,11:07:25,4.4,0.0,6,2640,买盘
528,11:07:31,4.4,0.0,6,2640,买盘
529,11:07:34,4.4,0.0,6,2640,买盘
530,11:07:42,4.4,0.0,5,2200,买盘
531,11:08:16,4.39,-0.01,3,1317,卖盘
532,11:08:22,4.38,-0.01,15,6584,卖盘
533,11:08:49,4.4,0.02,8,3520,买盘
534,11:08:57,4.39,-0.01,7,3073,卖盘
535,11:09:13,4.39,0.0,31,13609,卖盘
536,11:09:22,4.39,0.0,5,2195,买盘
537,11:09:28,4.38,-0.01,19,8332,卖盘
538,11:09:36,4.39,0.01,1,439,卖盘
539,11:09:46,4.4,0.01,5,2200,买盘
540,11:10:13,4.39,-0.01,2,878,卖盘
541,11:10:16,4.39,0.0,1,439,卖盘
542,11:10:28,4.39,0.0,24,10536,卖盘
543,11:10:55,4.39,0.0,1,439,卖盘
544,11:11:13,4.39,0.0,2,878,卖盘
545,11:11:15,4.39,0.0,6,2634,卖盘
546,11:11:19,4.39,0.0,14,6146,卖盘
547,11:11:21,4.39,0.0,38,16682,卖盘
548,11:11:39,4.39,0.0,34,14926,买盘
549,11:11:43,4.39,0.0,3,1317,卖盘
550,11:11:46,4.39,0.0,5,2195,卖盘
551,11:12:10,4.39,0.0,3,1317,卖盘
552,11:12:19,4.39,0.0,1,439,卖盘
553,11:12:28,4.39,0.0,1,439,卖盘
554,11:12:37,4.4,0.01,35,15375,买盘
555,11:13:06,4.39,-0.01,1,439,卖盘
556,11:13:10,4.39,0.0,2,878,卖盘
557,11:13:43,4.39,0.0,1,439,卖盘
558,11:14:07,4.39,0.0,6,2634,卖盘
559,11:14:10,4.39,0.0,2,878,卖盘
560,11:14:18,4.39,0.0,1,439,卖盘
561,11:14:24,4.4,0.01,67,29476,买盘
562,11:14:27,4.39,-0.01,1,439,卖盘
563,11:14:55,4.39,0.0,200,87800,卖盘
564,11:14:58,4.39,0.0,16,7024,卖盘
565,11:15:07,4.39,0.0,1,439,卖盘
566,11:15:10,4.39,0.0,2,878,卖盘
567,11:15:34,4.4,0.01,1,440,买盘
568,11:15:48,4.39,-0.01,1,439,卖盘
569,11:16:13,4.39,0.0,3,1317,卖盘
570,11:16:15,4.4,0.01,283,124520,买盘
571,11:16:31,4.39,-0.01,1,439,卖盘
572,11:16:34,4.4,0.01,20,8800,买盘
573,11:16:54,4.4,0.0,141,62040,买盘
574,11:17:01,4.39,-0.01,6,2634,卖盘
575,11:17:04,4.4,0.01,5,2200,买盘
576,11:17:10,4.4,0.0,36,15840,买盘
577,11:17:13,4.39,-0.01,2,878,卖盘
578,11:17:55,4.39,0.0,1,439,卖盘
579,11:18:06,4.39,0.0,2,878,卖盘
580,11:18:10,4.39,0.0,69,30291,卖盘
581,11:18:16,4.39,0.0,168,73752,卖盘
582,11:18:39,4.38,-0.01,1,438,卖盘
583,11:19:07,4.38,0.0,6,2628,卖盘
584,11:19:13,4.38,0.0,3,1314,卖盘
585,11:19:19,4.38,0.0,1,438,卖盘
586,11:19:40,4.39,0.01,5,2195,买盘
587,11:20:04,4.38,-0.01,1,438,卖盘
588,11:20:12,4.38,0.0,2,876,卖盘
589,11:20:43,4.38,0.0,1,438,卖盘
590,11:20:49,4.38,0.0,12,5256,卖盘
591,11:20:55,4.38,0.0,69,30222,卖盘
592,11:21:16,4.38,0.0,2,876,卖盘
593,11:21:30,4.38,0.0,1,438,卖盘
594,11:22:06,4.38,0.0,416,182208,卖盘
595,11:22:13,4.39,0.01,18,7894,买盘
596,11:22:42,4.38,-0.01,19,8322,卖盘
597,11:22:49,4.38,0.0,1,438,卖盘
598,11:23:04,4.38,0.0,69,30222,卖盘
599,11:23:06,4.38,0.0,42,18396,卖盘
600,11:23:12,4.38,0.0,2,876,卖盘
601,11:23:22,4.38,0.0,87,38106,卖盘
602,11:23:34,4.37,-0.01,1,437,卖盘
603,11:24:10,4.37,0.0,1,437,卖盘
604,11:24:15,4.37,0.0,2,874,卖盘
605,11:24:24,4.38,0.01,6,2628,买盘
606,11:24:43,4.38,0.0,10,4380,买盘
607,11:24:49,4.38,0.0,109,47741,买盘
608,11:24:54,4.38,0.0,21,9197,买盘
609,11:24:57,4.38,0.0,2,876,买盘
610,11:25:01,4.38,0.0,3,1314,买盘
611,11:25:04,4.38,0.0,2,876,买盘
612,11:25:16,4.37,-0.01,2,874,卖盘
613,11:25:31,4.37,0.0,1,437,卖盘
614,11:25:52,4.38,0.01,50,21900,买盘
615,11:25:58,4.38,0.0,71,31098,买盘
616,11:26:04,4.38,0.0,10,4380,买盘
617,11:26:10,4.38,0.0,2,876,买盘
618,11:26:12,4.37,-0.01,5,2186,卖盘
619,11:26:31,4.37,0.0,13,5681,卖盘
620,11:26:36,4.37,0.0,15,6555,卖盘
621,11:26:58,4.38,0.01,18,7884,买盘
622,11:27:01,4.37,-0.01,1,437,卖盘
623,11:27:13,4.37,0.0,2,874,卖盘
624,11:27:31,4.37,0.0,1,437,卖盘
625,11:27:42,4.37,0.0,1,437,卖盘
626,11:27:52,4.37,0.0,1,437,卖盘
627,11:27:55,4.38,0.01,6,2628,买盘
628,11:28:00,4.38,0.0,3,1314,买盘
629,11:28:16,4.37,-0.01,2,874,卖盘
630,11:28:27,4.37,0.0,16,6992,卖盘
631,11:29:15,4.37,0.0,3,1311,卖盘
632,13:00:05,4.38,0.01,30,13140,买盘
633,13:00:07,4.37,-0.01,166,72673,卖盘
634,13:00:12,4.37,0.0,19,8320,卖盘
635,13:00:18,4.38,0.01,51,22338,买盘
636,13:00:39,4.37,-0.01,7,3059,卖盘
637,13:01:09,4.38,0.01,2,876,买盘
638,13:01:16,4.37,-0.01,2,874,卖盘
639,13:01:30,4.38,0.01,9,3942,买盘
640,13:02:16,4.38,0.0,50,21900,买盘
641,13:02:19,4.37,-0.01,3,1311,卖盘
642,13:03:12,4.37,0.0,1,437,卖盘
643,13:03:15,4.38,0.01,16,7006,买盘
644,13:03:33,4.37,-0.01,1,437,卖盘
645,13:03:36,4.37,0.0,16,6992,卖盘
646,13:03:52,4.37,0.0,5,2185,卖盘
647,13:04:15,4.37,0.0,2,874,卖盘
648,13:04:33,4.37,0.0,1,437,卖盘
649,13:05:07,4.37,0.0,19,8303,卖盘
650,13:05:13,4.37,0.0,2,874,卖盘
651,13:06:19,4.38,0.01,11,4815,买盘
652,13:06:46,4.38,0.0,33,14454,买盘
653,13:07:04,4.38,0.0,9,3942,买盘
654,13:07:09,4.38,0.0,17,7446,买盘
655,13:07:15,4.37,-0.01,2,874,卖盘
656,13:07:30,4.37,0.0,12,5244,卖盘
657,13:07:48,4.38,0.01,7,3066,买盘
658,13:08:09,4.37,-0.01,2,874,卖盘
659,13:09:04,4.37,0.0,4,1748,卖盘
660,13:09:18,4.37,0.0,3,1311,卖盘
661,13:09:27,4.37,0.0,19,8303,卖盘
662,13:09:52,4.38,0.01,8,3504,买盘
663,13:09:57,4.38,0.0,6,2628,买盘
664,13:10:00,4.38,0.0,20,8760,买盘
665,13:10:07,4.38,0.0,6,2628,买盘
666,13:10:10,4.38,0.0,236,103366,买盘
667,13:10:13,4.38,0.0,7,3066,卖盘
668,13:10:18,4.39,0.01,9,3951,买盘
669,13:10:46,4.38,-0.01,2,876,卖盘
670,13:11:10,4.38,0.0,2,876,卖盘
671,13:12:13,4.38,0.0,3,1314,卖盘
672,13:12:21,4.38,0.0,7,3066,卖盘
673,13:13:13,4.38,0.0,2,876,卖盘
674,13:13:15,4.39,0.01,10,4390,买盘
675,13:13:22,4.37,-0.02,490,214359,卖盘
676,13:13:43,4.38,0.01,2,876,卖盘
677,13:13:48,4.38,0.0,3,1314,卖盘
678,13:13:55,4.37,-0.01,592,258704,卖盘
679,13:14:03,4.37,0.0,1,437,卖盘
680,13:14:10,4.37,0.0,2,874,卖盘
681,13:14:49,4.37,0.0,301,131537,卖盘
682,13:15:00,4.38,0.01,4,1752,买盘
683,13:15:04,4.38,0.0,4,1752,卖盘
684,13:15:07,4.37,-0.01,138,60320,卖盘
685,13:15:13,4.38,0.01,5,2190,买盘
686,13:15:18,4.37,-0.01,2,874,卖盘
687,13:15:54,4.37,0.0,11,4817,卖盘
688,13:16:18,4.37,0.0,3,1311,卖盘
689,13:16:33,4.38,0.01,18,7884,买盘
690,13:16:36,4.37,-0.01,16,6992,卖盘
691,13:16:40,4.38,0.01,4,1752,买盘
692,13:16:54,4.38,0.0,38,16644,买盘
693,13:17:07,4.37,-0.01,39,17043,卖盘
694,13:17:25,4.38,0.01,10,4380,买盘
695,13:17:37,4.37,-0.01,87,38019,卖盘
696,13:18:13,4.37,0.0,2,874,卖盘
697,13:18:24,4.38,0.01,30,13140,买盘
698,13:18:31,4.37,-0.01,33,14421,卖盘
699,13:18:48,4.37,0.0,2,874,卖盘
700,13:19:13,4.37,0.0,97,42389,卖盘
701,13:19:16,4.37,0.0,8,3496,卖盘
702,13:19:19,4.37,0.0,2,874,卖盘
703,13:19:25,4.36,-0.01,1519,662920,卖盘
704,13:19:31,4.36,0.0,5,2180,卖盘
705,13:19:40,4.36,0.0,76,33206,卖盘
706,13:19:43,4.37,0.01,30,13110,买盘
707,13:20:36,4.37,0.0,10,4370,买盘
708,13:21:00,4.37,0.0,42,18354,买盘
709,13:21:13,4.37,0.0,122,53314,买盘
710,13:21:19,4.37,0.0,18,7866,卖盘
711,13:21:21,4.37,0.0,39,17043,卖盘
712,13:21:34,4.37,0.0,11,4807,卖盘
713,13:21:43,4.37,0.0,1,437,卖盘
714,13:23:06,4.38,0.01,51,22338,买盘
715,13:23:37,4.37,-0.01,245,107065,卖盘
716,13:24:04,4.37,0.0,114,49818,买盘
717,13:24:15,4.37,0.0,8,3496,买盘
718,13:24:36,4.37,0.0,20,8740,买盘
719,13:25:10,4.37,0.0,10,4370,买盘
720,13:25:24,4.36,-0.01,1,436,卖盘
721,13:25:28,4.37,0.01,1,437,买盘
722,13:25:36,4.37,0.0,6,2622,买盘
723,13:26:01,4.37,0.0,33,14421,买盘
724,13:26:06,4.37,0.0,17,7429,买盘
725,13:26:09,4.37,0.0,12,5244,买盘
726,13:26:21,4.37,0.0,20,8740,买盘
727,13:26:24,4.37,0.0,92,40204,买盘
728,13:26:30,4.37,0.0,1,437,买盘
729,13:26:33,4.37,0.0,100,43700,买盘
730,13:26:39,4.37,0.0,28,12236,买盘
731,13:26:42,4.37,0.0,34,14858,买盘
732,13:26:58,4.37,0.0,4,1748,卖盘
733,13:27:06,4.38,0.01,30,13140,买盘
734,13:27:13,4.37,-0.01,19,8303,卖盘
735,13:27:19,4.37,0.0,2,874,买盘
736,13:27:22,4.37,0.0,14,6118,卖盘
737,13:27:52,4.37,0.0,50,21850,卖盘
738,13:28:19,4.37,0.0,4,1748,卖盘
739,13:29:28,4.37,0.0,41,17917,卖盘
740,13:30:49,4.38,0.01,7,3066,买盘
741,13:31:13,4.37,-0.01,1,437,卖盘
742,13:31:16,4.37,0.0,6,2622,卖盘
743,13:31:21,4.37,0.0,2,874,卖盘
744,13:31:40,4.38,0.01,20,8760,买盘
745,13:32:31,4.37,-0.01,1,437,卖盘
746,13:32:46,4.38,0.01,3,1314,买盘
747,13:33:40,4.38,0.0,7,3066,买盘
748,13:34:12,4.38,0.0,30,13140,买盘
749,13:34:30,4.37,-0.01,7,3059,卖盘
750,13:34:36,4.38,0.01,26,11388,买盘
751,13:34:46,4.37,-0.01,3,1311,卖盘
752,13:35:16,4.37,0.0,1,437,卖盘
753,13:35:22,4.37,0.0,21,9177,卖盘
754,13:35:24,4.38,0.01,30,13140,买盘
755,13:35:51,4.38,0.0,12,5256,买盘
756,13:36:04,4.37,-0.01,22,9614,卖盘
757,13:36:10,4.37,0.0,19,8303,卖盘
758,13:36:15,4.37,0.0,63,27531,卖盘
759,13:36:19,4.38,0.01,452,197976,买盘
760,13:36:22,4.37,-0.01,23,10051,卖盘
761,13:36:45,4.38,0.01,190,83220,买盘
762,13:36:55,4.37,-0.01,1,437,卖盘
763,13:36:58,4.38,0.01,21,9198,买盘
764,13:37:19,4.38,0.0,300,131400,买盘
765,13:38:58,4.38,0.0,1,438,买盘
766,13:41:37,4.37,-0.01,2,874,卖盘
767,13:42:28,4.38,0.01,37,16206,买盘
768,13:42:46,4.38,0.0,20,8760,买盘
769,13:43:19,4.37,-0.01,22,9614,卖盘
770,13:43:37,4.37,0.0,180,78660,卖盘
771,13:44:45,4.38,0.01,20,8760,买盘
772,13:44:55,4.37,-0.01,5,2185,卖盘
773,13:45:13,4.37,0.0,3,1311,卖盘
774,13:45:16,4.38,0.01,4,1752,买盘
775,13:45:55,4.38,0.0,10,4380,买盘
776,13:46:01,4.38,0.0,10,4380,买盘
777,13:46:04,4.37,-0.01,5,2185,卖盘
778,13:46:45,4.38,0.01,20,8760,买盘
779,13:47:31,4.37,-0.01,1,437,卖盘
780,13:48:07,4.37,0.0,20,8740,卖盘
781,13:48:12,4.37,0.0,21,9177,卖盘
782,13:52:04,4.37,0.0,10,4370,卖盘
783,13:52:10,4.37,0.0,16,6992,卖盘
784,13:52:45,4.37,0.0,1,437,卖盘
785,13:52:52,4.37,0.0,20,8740,卖盘
786,13:53:12,4.38,0.01,6,2628,买盘
787,13:53:22,4.38,0.0,8,3504,买盘
788,13:53:25,4.38,0.0,42,18396,买盘
789,13:53:55,4.38,0.0,6,2628,买盘
790,13:54:12,4.37,-0.01,1,437,卖盘
791,13:54:28,4.37,0.0,5,2185,卖盘
792,13:54:33,4.37,0.0,21,9177,卖盘
793,13:55:12,4.37,0.0,22,9614,卖盘
794,13:55:57,4.38,0.01,13,5694,买盘
795,13:56:51,4.37,-0.01,20,8740,卖盘
796,13:57:04,4.37,0.0,2,874,卖盘
797,13:57:16,4.37,0.0,19,8303,卖盘
798,13:58:01,4.37,0.0,1,437,卖盘
799,13:58:22,4.37,0.0,60,26307,卖盘
800,13:58:33,4.38,0.01,20,8760,买盘
801,13:58:48,4.37,-0.01,16,6992,卖盘
802,13:58:58,4.38,0.01,19,8322,买盘
803,13:59:19,4.38,0.0,26,11388,买盘
804,13:59:42,4.37,-0.01,21,9177,卖盘
805,13:59:45,4.38,0.01,10,4380,买盘
806,14:00:01,4.38,0.0,12,5256,买盘
807,14:00:33,4.38,0.0,10,4380,买盘
808,14:00:39,4.38,0.0,10,4380,买盘
809,14:01:24,4.38,0.0,2,876,买盘
810,14:01:34,4.37,-0.01,19,8303,卖盘
811,14:01:37,4.38,0.01,12,5256,买盘
812,14:01:39,4.38,0.0,74,32412,买盘
813,14:02:04,4.37,-0.01,1,437,卖盘
814,14:02:10,4.37,0.0,5,2185,卖盘
815,14:02:42,4.38,0.01,7,3066,买盘
816,14:02:48,4.37,-0.01,1,437,卖盘
817,14:03:04,4.37,0.0,5,2185,卖盘
818,14:03:19,4.37,0.0,1,437,卖盘
819,14:03:25,4.37,0.0,10,4370,卖盘
820,14:03:28,4.37,0.0,1,437,卖盘
821,14:04:57,4.38,0.01,8,3504,买盘
822,14:05:24,4.37,-0.01,20,8740,卖盘
823,14:05:42,4.37,0.0,13,5681,卖盘
824,14:05:48,4.38,0.01,354,155036,买盘
825,14:07:34,4.37,-0.01,1,437,卖盘
826,14:08:33,4.37,0.0,1,437,卖盘
827,14:08:45,4.37,0.0,14,6118,卖盘
828,14:09:58,4.38,0.01,8,3504,买盘
829,14:10:01,4.38,0.0,6,2628,买盘
830,14:10:04,4.38,0.0,9,3942,买盘
831,14:10:07,4.38,0.0,6,2628,买盘
832,14:10:09,4.38,0.0,14,6132,买盘
833,14:10:13,4.38,0.0,18,7884,买盘
834,14:10:25,4.38,0.0,5,2190,买盘
835,14:11:19,4.37,-0.01,29,12693,卖盘
836,14:11:42,4.38,0.01,19,8322,买盘
837,14:11:57,4.37,-0.01,18,7866,卖盘
838,14:12:15,4.38,0.01,6,2628,买盘
839,14:12:31,4.37,-0.01,1,437,卖盘
840,14:13:22,4.38,0.01,311,136218,买盘
841,14:13:43,4.38,0.0,88,38544,买盘
842,14:13:46,4.37,-0.01,4,1748,卖盘
843,14:13:52,4.38,0.01,6,2628,买盘
844,14:14:25,4.38,0.0,35,15330,买盘
845,14:14:36,4.38,0.0,23,10074,卖盘
846,14:14:42,4.38,0.0,1,438,卖盘
847,14:15:45,4.38,0.0,48,21024,卖盘
848,14:15:51,4.38,0.0,7,3066,卖盘
849,14:15:58,4.38,0.0,18,7884,卖盘
850,14:16:25,4.38,0.0,6,2628,买盘
851,14:16:30,4.37,-0.01,4,1748,卖盘
852,14:17:46,4.38,0.01,9,3942,买盘
853,14:17:55,4.38,0.0,8,3504,卖盘
854,14:18:00,4.38,0.0,2,876,卖盘
855,14:18:18,4.38,0.0,30,13140,卖盘
856,14:18:24,4.38,0.0,51,22338,卖盘
857,14:18:39,4.38,0.0,10,4380,卖盘
858,14:18:42,4.38,0.0,8,3504,卖盘
859,14:18:45,4.38,0.0,5,2190,卖盘
860,14:18:48,4.38,0.0,3,1314,卖盘
861,14:18:52,4.38,0.0,13,5694,卖盘
862,14:18:55,4.38,0.0,2,876,卖盘
863,14:18:58,4.38,0.0,1,438,卖盘
864,14:19:01,4.38,0.0,1,438,卖盘
865,14:19:04,4.38,0.0,1,438,卖盘
866,14:19:16,4.37,-0.01,19,8320,卖盘
867,14:19:28,4.39,0.02,5,2195,买盘
868,14:19:40,4.38,-0.01,3,1314,卖盘
869,14:19:42,4.37,-0.01,7,3062,卖盘
870,14:19:45,4.37,0.0,1,437,卖盘
871,14:19:49,4.37,0.0,3,1311,卖盘
872,14:19:51,4.37,0.0,3,1311,卖盘
873,14:19:57,4.37,0.0,2,874,卖盘
874,14:20:01,4.37,0.0,4,1748,卖盘
875,14:20:04,4.37,0.0,5,2185,卖盘
876,14:20:09,4.37,0.0,6,2622,卖盘
877,14:20:12,4.37,0.0,4,1748,卖盘
878,14:20:19,4.37,0.0,4,1748,卖盘
879,14:20:22,4.37,0.0,3,1311,卖盘
880,14:20:34,4.38,0.01,6,2628,买盘
881,14:20:40,4.37,-0.01,5,2185,卖盘
882,14:20:43,4.37,0.0,3,1311,卖盘
883,14:20:45,4.37,0.0,6,2622,卖盘
884,14:20:49,4.37,0.0,5,2185,卖盘
885,14:20:52,4.37,0.0,11,4807,卖盘
886,14:20:55,4.37,0.0,5,2185,卖盘
887,14:20:58,4.37,0.0,3,1311,卖盘
888,14:21:00,4.38,0.01,14,6132,买盘
889,14:22:00,4.38,0.0,33,14454,买盘
890,14:22:16,4.38,0.0,21,9198,买盘
891,14:22:37,4.38,0.0,129,56502,买盘
892,14:23:10,4.38,0.0,9,3942,买盘
893,14:23:12,4.38,0.0,9,3942,买盘
894,14:23:22,4.37,-0.01,17,7429,卖盘
895,14:23:31,4.38,0.01,30,13140,买盘
896,14:23:54,4.37,-0.01,24,10488,卖盘
897,14:24:24,4.37,0.0,30,13110,卖盘
898,14:24:28,4.38,0.01,1,438,买盘
899,14:24:46,4.38,0.0,3,1314,买盘
900,14:24:52,4.38,0.0,1,438,卖盘
901,14:24:54,4.39,0.01,7,3073,买盘
902,14:24:57,4.37,-0.02,17,7433,卖盘
903,14:25:09,4.38,0.01,8,3504,买盘
904,14:25:13,4.38,0.0,14,6132,买盘
905,14:25:34,4.37,-0.01,85,37154,卖盘
906,14:26:10,4.39,0.02,1,439,买盘
907,14:26:28,4.37,-0.02,31,13557,卖盘
908,14:26:48,4.37,0.0,1,437,卖盘
909,14:26:51,4.38,0.01,1,438,买盘
910,14:26:58,4.39,0.01,6,2634,买盘
911,14:27:04,4.39,0.0,6,2634,买盘
912,14:27:06,4.38,-0.01,7,3066,卖盘
913,14:27:22,4.38,0.0,5,2190,买盘
914,14:27:51,4.38,0.0,20,8760,买盘
915,14:27:54,4.38,0.0,53,23214,买盘
916,14:28:07,4.38,0.0,26,11388,卖盘
917,14:28:21,4.37,-0.01,6,2622,卖盘
918,14:28:34,4.37,0.0,13,5681,卖盘
919,14:28:49,4.38,0.01,4,1752,买盘
920,14:28:58,4.38,0.0,9,3942,买盘
921,14:29:10,4.38,0.0,7,3066,买盘
922,14:29:13,4.38,0.0,18,7884,买盘
923,14:29:24,4.38,0.0,4,1752,买盘
924,14:29:28,4.37,-0.01,6,2622,卖盘
925,14:29:46,4.38,0.01,26,11388,买盘
926,14:29:52,4.38,0.0,29,12702,买盘
927,14:29:58,4.38,0.0,8,3504,买盘
928,14:30:00,4.38,0.0,7,3066,买盘
929,14:30:04,4.38,0.0,4,1752,买盘
930,14:30:13,4.38,0.0,19,8322,买盘
931,14:31:19,4.38,0.0,68,29784,买盘
932,14:31:36,4.38,0.0,50,21900,买盘
933,14:31:48,4.39,0.01,58,25459,买盘
934,14:32:04,4.37,-0.02,40,17480,卖盘
935,14:32:58,4.38,0.01,1,438,卖盘
936,14:33:01,4.39,0.01,22,9644,买盘
937,14:33:04,4.39,0.0,6,2634,买盘
938,14:33:06,4.38,-0.01,50,21900,卖盘
939,14:33:10,4.38,0.0,1,438,卖盘
940,14:33:16,4.38,0.0,1,438,卖盘
941,14:33:19,4.38,0.0,35,15330,卖盘
942,14:33:24,4.38,0.0,26,11388,卖盘
943,14:33:46,4.38,0.0,33,14454,卖盘
944,14:33:52,4.38,0.0,8,3504,买盘
945,14:34:13,4.38,0.0,8,3504,买盘
946,14:34:16,4.37,-0.01,12,5244,卖盘
947,14:34:18,4.38,0.01,8,3504,买盘
948,14:34:48,4.38,0.0,7,3066,买盘
949,14:35:16,4.37,-0.01,16,6992,卖盘
950,14:35:22,4.38,0.01,8,3504,买盘
951,14:35:55,4.37,-0.01,38,16606,卖盘
952,14:36:34,4.38,0.01,10,4380,买盘
953,14:37:30,4.38,0.0,8,3504,买盘
954,14:37:36,4.38,0.0,7,3066,买盘
955,14:37:48,4.37,-0.01,12,5244,卖盘
956,14:38:15,4.37,0.0,5,2185,卖盘
957,14:38:28,4.38,0.01,7,3066,买盘
958,14:38:45,4.38,0.0,10,4380,买盘
959,14:39:13,4.37,-0.01,6,2622,卖盘
960,14:39:21,4.38,0.01,46,20148,买盘
961,14:39:25,4.38,0.0,8,3504,买盘
962,14:39:34,4.37,-0.01,3,1311,卖盘
963,14:39:43,4.38,0.01,8,3504,买盘
964,14:39:45,4.37,-0.01,1,437,卖盘
965,14:39:49,4.38,0.01,8,3504,买盘
966,14:40:00,4.38,0.0,7,3066,买盘
967,14:40:06,4.38,0.0,8,3504,买盘
968,14:40:25,4.38,0.0,242,105996,买盘
969,14:40:28,4.38,0.0,2,876,卖盘
970,14:40:37,4.38,0.0,15,6570,卖盘
971,14:40:43,4.39,0.01,24,10536,买盘
972,14:41:01,4.39,0.0,26,11414,买盘
973,14:41:13,4.39,0.0,1,439,买盘
974,14:41:45,4.39,0.0,8,3512,买盘
975,14:41:48,4.39,0.0,10,4390,买盘
976,14:42:09,4.4,0.01,766,336311,买盘
977,14:42:16,4.4,0.0,11,4840,买盘
978,14:42:28,4.39,-0.01,2,878,卖盘
979,14:42:34,4.39,0.0,32,14060,卖盘
980,14:42:40,4.4,0.01,1,440,买盘
981,14:43:07,4.4,0.0,15,6600,买盘
982,14:43:22,4.4,0.0,23,10120,买盘
983,14:43:37,4.4,0.0,429,188760,买盘
984,14:43:49,4.4,0.0,3,1320,买盘
985,14:43:58,4.4,0.0,20,8800,买盘
986,14:44:00,4.4,0.0,6,2640,买盘
987,14:44:04,4.4,0.0,14,6160,买盘
988,14:44:07,4.4,0.0,21,9240,买盘
989,14:44:13,4.4,0.0,20,8800,买盘
990,14:44:37,4.4,0.0,554,243760,买盘
991,14:44:43,4.4,0.0,49,21560,卖盘
992,14:45:00,4.4,0.0,5,2200,买盘
993,14:45:07,4.4,0.0,119,52360,卖盘
994,14:45:10,4.4,0.0,6,2640,买盘
995,14:45:13,4.39,-0.01,17,7463,卖盘
996,14:45:16,4.4,0.01,14,6166,卖盘
997,14:45:19,4.4,0.0,6,2640,买盘
998,14:45:22,4.4,0.0,21,9240,买盘
999,14:45:28,4.4,0.0,1,440,卖盘
1000,14:45:30,4.4,0.0,23,10133,买盘
1001,14:45:34,4.4,0.0,8,3520,买盘
1002,14:45:40,4.4,0.0,8,3520,买盘
1003,14:45:43,4.4,0.0,24,10560,买盘
1004,14:45:49,4.41,0.01,17,7488,买盘
1005,14:45:51,4.4,-0.01,9,3960,卖盘
1006,14:45:54,4.41,0.01,12,5292,买盘
1007,14:45:57,4.4,-0.01,80,35200,卖盘
1008,14:46:04,4.4,0.0,51,22440,卖盘
1009,14:46:10,4.4,0.0,8,3520,卖盘
1010,14:46:13,4.4,0.0,16,7040,卖盘
1011,14:46:16,4.4,0.0,3,1320,卖盘
1012,14:46:19,4.4,0.0,3,1320,买盘
1013,14:46:22,4.4,0.0,8,3520,买盘
1014,14:46:27,4.4,0.0,26,11440,买盘
1015,14:46:30,4.4,0.0,10,4400,买盘
1016,14:46:34,4.4,0.0,1,440,买盘
1017,14:46:37,4.4,0.0,23,10120,买盘
1018,14:46:43,4.4,0.0,10,4400,买盘
1019,14:47:07,4.4,0.0,8,3520,买盘
1020,14:47:10,4.39,-0.01,17,7463,卖盘
1021,14:47:13,4.4,0.01,8,3520,买盘
1022,14:47:15,4.4,0.0,10,4400,买盘
1023,14:47:19,4.39,-0.01,7,3073,卖盘
1024,14:47:22,4.4,0.01,118,51920,买盘
1025,14:47:25,4.4,0.0,2,880,买盘
1026,14:47:28,4.4,0.0,9,3960,买盘
1027,14:47:40,4.4,0.0,6,2640,买盘
1028,14:47:43,4.4,0.0,25,11000,买盘
1029,14:47:46,4.4,0.0,16,7040,买盘
1030,14:47:49,4.4,0.0,15,6600,买盘
1031,14:47:51,4.4,0.0,7,3080,买盘
1032,14:47:54,4.4,0.0,9,3960,买盘
1033,14:47:58,4.4,0.0,9,3960,买盘
1034,14:48:01,4.4,0.0,39,17143,买盘
1035,14:48:04,4.4,0.0,9,3960,买盘
1036,14:48:07,4.4,0.0,8,3520,买盘
1037,14:48:16,4.4,0.0,6,2640,买盘
1038,14:48:19,4.4,0.0,38,16720,买盘
1039,14:48:22,4.4,0.0,13,5726,卖盘
1040,14:48:28,4.41,0.01,8,3528,买盘
1041,14:48:31,4.41,0.0,8,3528,买盘
1042,14:48:37,4.41,0.0,8,3528,买盘
1043,14:48:49,4.41,0.0,6,2646,买盘
1044,14:48:52,4.4,-0.01,17,7480,卖盘
1045,14:49:04,4.41,0.01,7,3087,买盘
1046,14:49:25,4.4,-0.01,13,5720,卖盘
1047,14:49:37,4.41,0.01,16,7056,买盘
1048,14:49:43,4.4,-0.01,17,7480,卖盘
1049,14:49:46,4.41,0.01,20,8820,买盘
1050,14:49:49,4.41,0.0,14,6174,买盘
1051,14:49:52,4.4,-0.01,1,440,卖盘
1052,14:49:55,4.41,0.01,6,2646,买盘
1053,14:50:01,4.41,0.0,13,5733,买盘
1054,14:50:04,4.41,0.0,7,3087,买盘
1055,14:50:07,4.41,0.0,20,8809,买盘
1056,14:50:10,4.4,-0.01,11,4840,卖盘
1057,14:50:13,4.41,0.01,12,5292,买盘
1058,14:50:16,4.41,0.0,6,2646,买盘
1059,14:50:18,4.4,-0.01,23,10120,卖盘
1060,14:50:25,4.4,0.0,13,5732,卖盘
1061,14:50:28,4.41,0.01,18,7938,买盘
1062,14:50:31,4.41,0.0,8,3528,买盘
1063,14:50:37,4.4,-0.01,19,8368,卖盘
1064,14:50:40,4.41,0.01,7,3087,买盘
1065,14:50:43,4.4,-0.01,51,22440,卖盘
1066,14:50:46,4.41,0.01,6,2646,买盘
1067,14:50:49,4.41,0.0,2,882,买盘
1068,14:50:52,4.41,0.0,6,2646,买盘
1069,14:50:58,4.41,0.0,5,2205,买盘
1070,14:51:01,4.41,0.0,123,54243,买盘
1071,14:51:04,4.4,-0.01,106,46646,卖盘
1072,14:51:07,4.41,0.01,60,26460,买盘
1073,14:51:10,4.41,0.0,23,10132,买盘
1074,14:51:13,4.41,0.0,17,7486,买盘
1075,14:51:19,4.41,0.0,12,5292,买盘
1076,14:51:28,4.41,0.0,6,2646,买盘
1077,14:51:31,4.4,-0.01,151,66590,卖盘
1078,14:51:43,4.4,0.0,100,44000,卖盘
1079,14:51:46,4.4,0.0,30,13208,卖盘
1080,14:51:49,4.4,0.0,20,8805,卖盘
1081,14:51:52,4.41,0.01,162,71442,买盘
1082,14:51:55,4.41,0.0,14,6174,买盘
1083,14:52:01,4.41,0.0,4,1764,买盘
1084,14:52:04,4.4,-0.01,20,8800,卖盘
1085,14:52:13,4.4,0.0,35,15400,卖盘
1086,14:52:16,4.4,0.0,4,1760,卖盘
1087,14:52:19,4.4,0.0,97,42680,卖盘
1088,14:52:22,4.41,0.01,6,2646,买盘
1089,14:52:46,4.41,0.0,1,441,买盘
1090,14:52:49,4.4,-0.01,4,1760,卖盘
1091,14:52:52,4.4,0.0,5,2200,卖盘
1092,14:53:19,4.41,0.01,7,3087,买盘
1093,14:53:25,4.41,0.0,8,3528,买盘
1094,14:53:28,4.41,0.0,6,2646,买盘
1095,14:53:31,4.4,-0.01,89,39160,卖盘
1096,14:53:43,4.41,0.01,8,3528,买盘
1097,14:53:52,4.41,0.0,28,12348,买盘
1098,14:53:55,4.41,0.0,5,2205,买盘
1099,14:54:19,4.41,0.0,73,32193,买盘
1100,14:54:22,4.4,-0.01,105,46200,卖盘
1101,14:54:25,4.4,0.0,85,37400,卖盘
1102,14:54:28,4.41,0.01,15,6607,买盘
1103,14:54:31,4.41,0.0,10,4410,买盘
1104,14:54:34,4.41,0.0,8,3528,买盘
1105,14:54:37,4.4,-0.01,12,5280,卖盘
1106,14:54:58,4.41,0.01,8,3528,买盘
1107,14:55:04,4.4,-0.01,2,880,卖盘
1108,14:55:31,4.41,0.01,5,2205,买盘
1109,14:55:34,4.41,0.0,10,4410,买盘
1110,14:55:52,4.4,-0.01,5,2200,卖盘
1111,14:56:13,4.41,0.01,71,31311,买盘
1112,14:56:16,4.4,-0.01,12,5280,卖盘
1113,14:56:19,4.41,0.01,2,882,买盘
1114,14:56:34,4.4,-0.01,50,22000,卖盘
1115,14:56:43,4.41,0.01,112,49392,买盘
1116,14:56:46,4.4,-0.01,4,1760,卖盘
1117,14:56:49,4.4,0.0,3,1320,卖盘
1118,14:56:52,4.4,0.0,5,2200,卖盘
1119,14:57:01,4.4,0.0,37,16280,卖盘
1120,14:57:03,4.4,0.0,2,880,卖盘
1121,15:00:05,4.41,0.01,776,342216,卖盘
