,time,price,change,volume,amount,type
0,09:25:04,4.93,0.08,694,342142,卖盘
1,09:30:04,4.95,0.02,1355,669251,买盘
2,09:30:06,4.95,0.0,278,137610,卖盘
3,09:30:09,4.95,0.0,499,248452,卖盘
4,09:30:15,4.96,0.01,12,5955,卖盘
5,09:30:18,4.97,0.01,11,5467,买盘
6,09:30:25,4.95,-0.02,50,24805,卖盘
7,09:30:27,4.98,0.03,15,7470,买盘
8,09:30:30,4.98,0.0,2,996,买盘
9,09:30:33,4.97,-0.01,45,22405,卖盘
10,09:30:36,4.98,0.01,90,44789,买盘
11,09:30:39,4.98,0.0,40,19920,卖盘
12,09:30:42,5.0,0.02,58,28949,买盘
13,09:30:46,4.99,-0.01,8,3992,中性盘
14,09:30:48,4.98,-0.01,5,2490,卖盘
15,09:30:51,4.99,0.01,92,45913,买盘
16,09:30:54,4.98,-0.01,491,245370,卖盘
17,09:30:57,5.0,0.02,2,1000,买盘
18,09:31:00,5.0,0.0,6,3000,买盘
19,09:31:03,5.0,0.0,85,42500,买盘
20,09:31:06,5.0,0.0,95,47500,卖盘
21,09:31:09,5.0,0.0,129,64623,卖盘
22,09:31:12,5.03,0.03,80,40090,买盘
23,09:31:18,5.0,-0.03,56,28052,卖盘
24,09:31:22,5.0,0.0,27,13500,卖盘
25,09:31:24,5.0,0.0,161,80586,卖盘
26,09:31:27,5.0,0.0,65,32514,卖盘
27,09:31:30,5.01,0.01,55,27539,买盘
28,09:31:33,5.0,-0.01,89,44559,卖盘
29,09:31:36,5.0,0.0,771,385500,卖盘
30,09:31:39,5.0,0.0,21,10500,买盘
31,09:31:42,4.98,-0.02,178,88924,卖盘
32,09:31:45,4.99,0.01,114,56886,买盘
33,09:31:48,4.99,0.0,309,153891,买盘
34,09:31:51,5.0,0.01,476,237921,买盘
35,09:31:55,5.0,0.0,37,18500,卖盘
36,09:31:57,5.0,0.0,70,35000,卖盘
37,09:32:00,5.01,0.01,388,194112,买盘
38,09:32:03,5.01,0.0,995,497713,买盘
39,09:32:06,4.99,-0.02,29,14475,卖盘
40,09:32:09,4.99,0.0,27,13473,卖盘
41,09:32:18,4.97,-0.02,3,1491,卖盘
42,09:32:24,4.98,0.01,23,11454,买盘
43,09:32:30,4.98,0.0,34,16916,买盘
44,09:32:33,4.98,0.0,30,14940,买盘
45,09:32:36,4.97,-0.01,40,19880,卖盘
46,09:32:39,4.98,0.01,88,43824,买盘
47,09:32:42,4.98,0.0,21,10458,卖盘
48,09:32:45,4.98,0.0,15,7470,卖盘
49,09:32:49,4.99,0.01,44,21915,买盘
50,09:32:51,4.98,-0.01,6,2988,卖盘
51,09:32:54,4.98,0.0,120,59787,卖盘
52,09:32:57,4.98,0.0,559,278382,卖盘
53,09:33:01,4.98,0.0,41,20414,买盘
54,09:33:04,4.97,-0.01,13,6461,卖盘
55,09:33:06,4.97,0.0,3,1491,卖盘
56,09:33:09,4.97,0.0,216,107552,卖盘
57,09:33:12,4.98,0.01,552,274894,买盘
58,09:33:18,4.98,0.0,130,64740,卖盘
59,09:33:21,4.98,0.0,101,50298,卖盘
60,09:33:24,4.98,0.0,182,90636,卖盘
61,09:33:27,4.97,-0.01,30,14910,卖盘
62,09:33:30,4.97,0.0,1,497,卖盘
63,09:33:33,4.96,-0.01,1037,517028,卖盘
64,09:33:36,4.97,0.01,23,11431,中性盘
65,09:33:39,4.97,0.0,1,497,买盘
66,09:33:42,4.97,0.0,4,1988,买盘
67,09:33:45,4.96,-0.01,5,2480,卖盘
68,09:33:48,4.96,0.0,41,20336,卖盘
69,09:33:51,4.96,0.0,79,39184,卖盘
70,09:33:57,4.95,-0.01,115,56930,卖盘
71,09:34:00,4.96,0.01,50,24780,买盘
72,09:34:04,4.96,0.0,57,28272,卖盘
73,09:34:06,4.96,0.0,52,25792,买盘
74,09:34:09,4.96,0.0,7,3472,买盘
75,09:34:15,4.96,0.0,100,49600,买盘
76,09:34:21,4.95,-0.01,114,56509,卖盘
77,09:34:31,4.96,0.01,133,65955,买盘
78,09:34:33,4.95,-0.01,20,9900,卖盘
79,09:34:36,4.95,0.0,150,74250,卖盘
80,09:34:42,4.95,0.0,885,438075,卖盘
81,09:34:45,4.95,0.0,20,9900,中性盘
82,09:34:51,4.94,-0.01,320,158080,卖盘
83,09:35:03,4.95,0.01,30,14847,买盘
84,09:35:06,4.94,-0.01,454,224276,卖盘
85,09:35:09,4.94,0.0,62,30628,买盘
86,09:35:16,4.93,-0.01,120,59260,卖盘
87,09:35:21,4.93,0.0,25,12325,卖盘
88,09:35:24,4.93,0.0,57,28101,卖盘
89,09:35:30,4.93,0.0,348,171564,卖盘
90,09:35:33,4.93,0.0,9,4437,卖盘
91,09:35:40,4.93,0.0,1,493,买盘
92,09:35:42,4.93,0.0,70,34443,买盘
93,09:35:45,4.92,-0.01,65,31980,卖盘
94,09:35:48,4.92,0.0,17,8369,卖盘
95,09:35:51,4.93,0.01,100,49300,买盘
96,09:35:54,4.92,-0.01,37,18204,卖盘
97,09:35:57,4.93,0.01,75,36975,买盘
98,09:36:00,4.92,-0.01,67,32964,卖盘
99,09:36:04,4.92,0.0,4,1968,卖盘
100,09:36:06,4.92,0.0,5,2460,卖盘
101,09:36:15,4.93,0.01,7,3446,买盘
102,09:36:18,4.93,0.0,97,47783,买盘
103,09:36:21,4.93,0.0,1,493,卖盘
104,09:36:24,4.92,-0.01,44,21655,卖盘
105,09:36:27,4.94,0.02,22,10860,买盘
106,09:36:30,4.93,-0.01,5,2465,卖盘
107,09:36:33,4.93,0.0,20,9860,买盘
108,09:36:37,4.94,0.01,237,117039,买盘
109,09:36:42,4.94,0.0,240,118560,卖盘
110,09:36:54,4.94,0.0,5,2470,卖盘
111,09:37:09,4.94,0.0,82,40508,卖盘
112,09:37:12,4.95,0.01,171,84481,买盘
113,09:37:15,4.94,-0.01,21,10394,卖盘
114,09:37:18,4.94,0.0,2,988,卖盘
115,09:37:21,4.95,0.01,38,18810,买盘
116,09:37:24,4.94,-0.01,281,138814,卖盘
117,09:37:27,4.93,-0.01,5,2465,卖盘
118,09:37:30,4.94,0.01,10,4940,买盘
119,09:37:36,4.94,0.0,12,5928,买盘
120,09:37:46,4.93,-0.01,50,24650,卖盘
121,09:37:48,4.93,0.0,768,378624,卖盘
122,09:37:54,4.93,0.0,11,5423,买盘
123,09:38:00,4.92,-0.01,15,7380,卖盘
124,09:38:06,4.93,0.01,190,93670,买盘
125,09:38:09,4.93,0.0,4,1972,买盘
126,09:38:12,4.93,0.0,26,12808,买盘
127,09:38:18,4.93,0.0,41,20213,买盘
128,09:38:21,4.93,0.0,12,5916,买盘
129,09:38:24,4.93,0.0,21,10353,买盘
130,09:38:31,4.93,0.0,28,13805,卖盘
131,09:38:33,4.94,0.01,128,63232,买盘
132,09:38:36,4.95,0.01,20,9900,买盘
133,09:38:45,4.93,-0.02,53,26159,卖盘
134,09:38:48,4.95,0.02,1,495,买盘
135,09:38:52,4.94,-0.01,186,91884,卖盘
136,09:39:03,4.94,0.0,50,24700,买盘
137,09:39:06,4.93,-0.01,13,6409,卖盘
138,09:39:09,4.93,0.0,15,7395,卖盘
139,09:39:21,4.93,0.0,33,16269,卖盘
140,09:39:24,4.94,0.01,5,2470,买盘
141,09:39:27,4.93,-0.01,9,4437,卖盘
142,09:39:30,4.93,0.0,118,58264,卖盘
143,09:39:33,4.94,0.01,100,49400,买盘
144,09:39:36,4.93,-0.01,21,10353,卖盘
145,09:39:48,4.93,0.0,54,26622,卖盘
146,09:39:54,4.94,0.01,21,10374,买盘
147,09:40:01,4.94,0.0,520,256974,买盘
148,09:40:03,4.95,0.01,98,48502,买盘
149,09:40:30,4.95,0.0,237,117311,买盘
150,09:40:33,4.94,-0.01,137,67678,卖盘
151,09:40:39,4.94,0.0,64,31625,卖盘
152,09:40:42,4.94,0.0,100,49400,买盘
153,09:40:45,4.94,0.0,32,15808,买盘
154,09:40:49,4.94,0.0,33,16302,卖盘
155,09:40:51,4.94,0.0,6,2964,卖盘
156,09:40:54,4.94,0.0,101,49894,卖盘
157,09:40:57,4.95,0.01,50,24750,买盘
158,09:41:00,4.94,-0.01,3,1482,卖盘
159,09:41:04,4.94,0.0,98,48412,卖盘
160,09:41:06,4.95,0.01,36,17817,买盘
161,09:41:10,4.94,-0.01,141,69654,卖盘
162,09:41:13,4.95,0.01,200,99000,买盘
163,09:41:15,4.94,-0.01,23,11372,卖盘
164,09:41:21,4.94,0.0,13,6422,卖盘
165,09:41:33,4.94,0.0,9,4446,卖盘
166,09:41:36,4.94,0.0,10,4940,卖盘
167,09:41:39,4.94,0.0,25,12350,卖盘
168,09:41:45,4.94,0.0,19,9386,卖盘
169,09:41:49,4.94,0.0,130,64220,卖盘
170,09:41:51,4.95,0.01,9,4455,买盘
171,09:41:54,4.94,-0.01,10,4940,卖盘
172,09:42:00,4.94,0.0,52,25688,卖盘
173,09:42:04,4.94,0.0,16,7904,卖盘
174,09:42:06,4.94,0.0,25,12350,卖盘
175,09:42:09,4.94,0.0,20,9880,买盘
176,09:42:12,4.94,0.0,100,49400,买盘
177,09:42:21,4.93,-0.01,339,167136,卖盘
178,09:42:24,4.93,0.0,3,1479,卖盘
179,09:42:30,4.93,0.0,3,1479,卖盘
180,09:42:43,4.93,0.0,11,5423,卖盘
181,09:42:48,4.93,0.0,70,34510,卖盘
182,09:42:51,4.93,0.0,1,493,卖盘
183,09:42:54,4.93,0.0,3,1479,卖盘
184,09:42:57,4.93,0.0,7,3451,卖盘
185,09:43:00,4.94,0.01,47,23176,买盘
186,09:43:04,4.93,-0.01,14,6902,卖盘
187,09:43:09,4.94,0.01,24,11856,买盘
188,09:43:12,4.93,-0.01,102,50380,卖盘
189,09:43:15,4.93,0.0,216,106488,卖盘
190,09:43:19,4.93,0.0,5,2465,卖盘
191,09:43:24,4.93,0.0,265,130645,卖盘
192,09:43:27,4.93,0.0,10,4930,卖盘
193,09:43:30,4.93,0.0,129,63597,卖盘
194,09:43:36,4.93,0.0,19,9367,卖盘
195,09:43:42,4.93,0.0,4,1972,卖盘
196,09:43:45,4.91,-0.02,924,454430,卖盘
197,09:43:49,4.9,-0.01,43,21070,卖盘
198,09:43:57,4.9,0.0,327,160230,卖盘
199,09:44:00,4.9,0.0,6,2940,卖盘
200,09:44:04,4.9,0.0,50,24500,卖盘
201,09:44:06,4.91,0.01,39,19113,买盘
202,09:44:09,4.91,0.0,61,29900,买盘
203,09:44:12,4.9,-0.01,20,9800,卖盘
204,09:44:15,4.9,0.0,2,980,卖盘
205,09:44:18,4.91,0.01,52,25532,买盘
206,09:44:21,4.91,0.0,39,19149,买盘
207,09:44:24,4.9,-0.01,412,201904,卖盘
208,09:44:27,4.9,0.0,36,17640,买盘
209,09:44:31,4.9,0.0,64,31360,买盘
210,09:44:34,4.9,0.0,82,40180,买盘
211,09:44:36,4.9,0.0,27,13230,买盘
212,09:44:39,4.89,-0.01,171,83760,卖盘
213,09:44:42,4.89,0.0,68,33313,卖盘
214,09:44:45,4.89,0.0,42,20577,卖盘
215,09:44:48,4.9,0.01,16,7840,买盘
216,09:44:51,4.89,-0.01,27,13228,卖盘
217,09:44:55,4.9,0.01,15,7350,买盘
218,09:44:57,4.9,0.0,13,6370,买盘
219,09:45:00,4.91,0.01,60,29407,买盘
220,09:45:04,4.91,0.0,29,14239,买盘
221,09:45:06,4.91,0.0,44,21604,买盘
222,09:45:09,4.91,0.0,54,26509,买盘
223,09:45:13,4.91,0.0,50,24550,买盘
224,09:45:16,4.91,0.0,55,27004,买盘
225,09:45:18,4.91,0.0,98,48118,买盘
226,09:45:33,4.91,0.0,300,147300,买盘
227,09:45:39,4.9,-0.01,90,44100,卖盘
228,09:45:46,4.91,0.01,50,24550,买盘
229,09:45:48,4.9,-0.01,70,34300,卖盘
230,09:45:51,4.91,0.01,1,491,买盘
231,09:45:54,4.9,-0.01,79,38710,卖盘
232,09:45:57,4.9,0.0,64,31370,卖盘
233,09:46:00,4.91,0.01,107,52531,买盘
234,09:46:04,4.9,-0.01,7,3430,卖盘
235,09:46:06,4.9,0.0,6,2940,卖盘
236,09:46:21,4.9,0.0,30,14700,卖盘
237,09:46:27,4.91,0.01,415,203447,买盘
238,09:46:31,4.89,-0.02,1,489,卖盘
239,09:46:33,4.9,0.01,35,17150,卖盘
240,09:46:36,4.91,0.01,100,49064,买盘
241,09:46:42,4.9,-0.01,5,2450,买盘
242,09:46:57,4.91,0.01,2,982,买盘
243,09:47:00,4.9,-0.01,9,4410,卖盘
244,09:47:09,4.9,0.0,169,82810,卖盘
245,09:47:16,4.9,0.0,77,37730,买盘
246,09:47:18,4.9,0.0,40,19600,买盘
247,09:47:21,4.9,0.0,350,171500,买盘
248,09:47:24,4.89,-0.01,25,12225,卖盘
249,09:47:28,4.89,0.0,53,25942,卖盘
250,09:47:33,4.9,0.01,1,490,买盘
251,09:47:36,4.9,0.0,12,5880,买盘
252,09:47:39,4.9,0.0,23,11270,买盘
253,09:47:42,4.89,-0.01,158,77360,卖盘
254,09:47:48,4.9,0.01,30,14700,买盘
255,09:47:57,4.89,-0.01,197,96333,卖盘
256,09:48:00,4.9,0.01,22,10760,买盘
257,09:48:09,4.89,-0.01,15,7335,卖盘
258,09:48:12,4.89,0.0,26,12714,卖盘
259,09:48:21,4.89,0.0,95,46458,卖盘
260,09:48:24,4.89,0.0,58,28264,卖盘
261,09:48:33,4.89,0.0,116,56628,买盘
262,09:48:36,4.89,0.0,20,9780,买盘
263,09:48:40,4.88,-0.01,84,40992,卖盘
264,09:48:42,4.88,0.0,40,19520,卖盘
265,09:48:57,4.88,0.0,90,43920,卖盘
266,09:49:04,4.88,0.0,10,4880,卖盘
267,09:49:06,4.88,0.0,1,488,卖盘
268,09:49:09,4.88,0.0,10,4880,卖盘
269,09:49:12,4.88,0.0,29,14152,卖盘
270,09:49:18,4.88,0.0,264,128832,卖盘
271,09:49:24,4.88,0.0,9,4392,卖盘
272,09:49:27,4.88,0.0,57,27816,卖盘
273,09:49:39,4.87,-0.01,17,8279,卖盘
274,09:49:45,4.88,0.01,46,22448,买盘
275,09:49:48,4.89,0.01,11,5379,买盘
276,09:49:57,4.88,-0.01,189,92232,卖盘
277,09:50:00,4.89,0.01,52,25428,买盘
278,09:50:12,4.88,-0.01,12,5856,卖盘
279,09:50:15,4.88,0.0,3,1464,买盘
280,09:50:18,4.88,0.0,12,5856,买盘
281,09:50:21,4.88,0.0,100,48800,卖盘
282,09:50:33,4.88,0.0,18,8784,卖盘
283,09:50:48,4.88,0.0,18,8784,卖盘
284,09:50:51,4.88,0.0,1,488,卖盘
285,09:51:00,4.88,0.0,266,129808,卖盘
286,09:51:12,4.87,-0.01,35,17073,卖盘
287,09:51:15,4.88,0.01,104,50748,买盘
288,09:51:18,4.88,0.0,34,16592,买盘
289,09:51:27,4.88,0.0,53,25864,买盘
290,09:51:34,4.88,0.0,87,42456,买盘
291,09:51:48,4.89,0.01,12,5868,买盘
292,09:51:51,4.89,0.0,254,124206,买盘
293,09:52:01,4.88,-0.01,1,488,卖盘
294,09:52:03,4.89,0.01,7,3423,买盘
295,09:52:06,4.88,-0.01,52,25378,卖盘
296,09:52:10,4.89,0.01,10,4890,买盘
297,09:52:16,4.89,0.0,10,4890,买盘
298,09:52:24,4.89,0.0,20,9766,买盘
299,09:52:30,4.89,0.0,3,1467,买盘
300,09:52:40,4.88,-0.01,14,6832,卖盘
301,09:52:42,4.89,0.01,34,16626,买盘
302,09:52:48,4.89,0.0,55,26895,买盘
303,09:52:51,4.89,0.0,20,9780,买盘
304,09:52:54,4.89,0.0,14,7306,买盘
305,09:53:00,4.89,0.0,2,978,卖盘
306,09:53:06,4.9,0.01,2,980,买盘
307,09:53:18,4.9,0.0,20,9800,买盘
308,09:53:24,4.89,-0.01,5,2445,卖盘
309,09:53:30,4.9,0.01,33,16167,买盘
310,09:53:39,4.9,0.0,5,2450,买盘
311,09:53:45,4.9,0.0,76,37170,买盘
312,09:53:57,4.89,-0.01,46,22494,卖盘
313,09:54:00,4.9,0.01,75,36750,买盘
314,09:54:03,4.9,0.0,50,24500,买盘
315,09:54:06,4.9,0.0,17,8330,买盘
316,09:54:21,4.9,0.0,90,44100,买盘
317,09:54:27,4.9,0.0,3,1468,买盘
318,09:54:36,4.89,-0.01,258,126407,卖盘
319,09:54:39,4.89,0.0,75,36725,卖盘
320,09:54:45,4.9,0.01,228,111720,买盘
321,09:54:48,4.89,-0.01,39,19081,卖盘
322,09:55:04,4.89,0.0,14,6846,卖盘
323,09:55:12,4.89,0.0,5,2445,卖盘
324,09:55:15,4.89,0.0,16,7824,卖盘
325,09:55:51,4.89,0.0,2,978,卖盘
326,09:55:54,4.9,0.01,22,10762,买盘
327,09:56:04,4.9,0.0,22,10780,买盘
328,09:56:06,4.89,-0.01,42,20538,卖盘
329,09:56:09,4.89,0.0,101,49389,卖盘
330,09:56:12,4.9,0.01,136,66640,买盘
331,09:56:24,4.9,0.0,10,4900,买盘
332,09:56:28,4.9,0.0,49,23991,买盘
333,09:56:31,4.9,0.0,25,12250,买盘
334,09:56:33,4.9,0.0,50,24500,买盘
335,09:56:36,4.9,0.0,2000,980000,买盘
336,09:56:39,4.9,0.0,20,9800,买盘
337,09:56:46,4.9,0.0,30,14700,买盘
338,09:56:51,4.9,0.0,234,114626,买盘
339,09:56:54,4.9,0.0,93,45570,买盘
340,09:56:57,4.9,0.0,1217,596330,买盘
341,09:57:00,4.91,0.01,1992,978072,买盘
342,09:57:04,4.91,0.0,1431,702621,买盘
343,09:57:06,4.92,0.01,11,5412,买盘
344,09:57:09,4.94,0.02,600,296292,买盘
345,09:57:15,4.94,0.0,59,29146,买盘
346,09:57:18,4.92,-0.02,187,92066,卖盘
347,09:57:21,4.92,0.0,200,98400,买盘
348,09:57:24,4.92,0.0,106,52146,买盘
349,09:57:28,4.92,0.0,272,133824,买盘
350,09:57:31,4.92,0.0,10,4920,买盘
351,09:57:34,4.92,0.0,20,9840,买盘
352,09:57:36,4.92,0.0,705,346860,买盘
353,09:57:39,4.92,0.0,10,4920,买盘
354,09:57:42,4.92,0.0,1,492,买盘
355,09:57:45,4.92,0.0,75,36900,买盘
356,09:57:49,4.92,0.0,11,5412,买盘
357,09:57:52,4.92,0.0,66,32472,买盘
358,09:57:57,4.92,0.0,33,16236,买盘
359,09:58:03,4.92,0.0,133,65436,买盘
360,09:58:06,4.92,0.0,178,87576,买盘
361,09:58:24,4.94,0.02,298,147212,买盘
362,09:58:30,4.92,-0.02,20,9840,卖盘
363,09:58:34,4.94,0.02,578,285532,买盘
364,09:58:39,4.94,0.0,26,12844,买盘
365,09:58:42,4.94,0.0,20,9880,买盘
366,09:58:57,4.94,0.0,10,4940,买盘
367,09:59:00,4.93,-0.01,129,63725,卖盘
368,09:59:04,4.94,0.01,20,9880,买盘
369,09:59:06,4.94,0.0,5,2470,买盘
370,09:59:09,4.94,0.0,53,26182,买盘
371,09:59:12,4.94,0.0,141,69654,买盘
372,09:59:15,4.94,0.0,19,9386,买盘
373,09:59:31,4.94,0.0,5,2470,买盘
374,09:59:33,4.94,0.0,200,98800,买盘
375,09:59:39,4.93,-0.01,24,11832,卖盘
376,09:59:45,4.94,0.01,50,24700,买盘
377,09:59:48,4.94,0.0,10,4940,买盘
378,09:59:54,4.93,-0.01,66,32588,卖盘
379,09:59:58,4.94,0.01,23,11362,买盘
380,10:00:00,4.93,-0.01,63,31079,卖盘
381,10:00:12,4.93,0.0,530,261290,卖盘
382,10:00:16,4.93,0.0,1,493,卖盘
383,10:00:18,4.94,0.01,5,2470,买盘
384,10:00:21,4.93,-0.01,19,9367,卖盘
385,10:00:24,4.93,0.0,159,78387,卖盘
386,10:00:27,4.93,0.0,29,14297,卖盘
387,10:00:30,4.93,0.0,18,8874,买盘
388,10:00:36,4.93,0.0,2,986,买盘
389,10:00:39,4.93,0.0,6,2958,买盘
390,10:00:45,4.93,0.0,16,7888,买盘
391,10:00:49,4.93,0.0,19,9367,买盘
392,10:00:57,4.93,0.0,5,2465,买盘
393,10:01:09,4.92,-0.01,12,5904,卖盘
394,10:01:15,4.92,0.0,5,2460,卖盘
395,10:01:24,4.93,0.01,5,2465,买盘
396,10:01:39,4.93,0.0,10,4930,买盘
397,10:01:42,4.92,-0.01,100,49200,卖盘
398,10:01:51,4.92,0.0,100,49210,卖盘
399,10:02:06,4.93,0.01,179,88247,买盘
400,10:02:22,4.93,0.0,10,4930,卖盘
401,10:02:24,4.93,0.0,3,1479,卖盘
402,10:02:33,4.93,0.0,2,986,卖盘
403,10:02:39,4.93,0.0,13,6417,卖盘
404,10:02:42,4.94,0.01,3,1482,买盘
405,10:02:45,4.94,0.0,2,988,买盘
406,10:02:57,4.94,0.0,54,26672,买盘
407,10:03:00,4.94,0.0,23,11359,买盘
408,10:03:09,4.94,0.0,5,2470,买盘
409,10:03:24,4.93,-0.01,3,1479,卖盘
410,10:03:30,4.93,0.0,1,493,卖盘
411,10:03:54,4.93,0.0,3,1479,卖盘
412,10:04:00,4.93,0.0,84,41412,卖盘
413,10:04:03,4.93,0.0,5,2465,卖盘
414,10:04:06,4.93,0.0,10,4930,卖盘
415,10:04:21,4.93,0.0,140,69020,卖盘
416,10:04:24,4.93,0.0,59,29087,卖盘
417,10:04:27,4.93,0.0,44,21692,买盘
418,10:04:30,4.93,0.0,7,3451,卖盘
419,10:04:48,4.93,0.0,1,493,卖盘
420,10:04:51,4.93,0.0,49,24157,卖盘
421,10:04:54,4.93,0.0,3,1479,卖盘
422,10:05:30,4.94,0.01,58,28652,买盘
423,10:05:39,4.93,-0.01,50,24650,卖盘
424,10:05:45,4.94,0.01,10,4940,买盘
425,10:05:52,4.94,0.0,66,32554,买盘
426,10:06:06,4.94,0.0,20,9880,买盘
427,10:06:15,4.94,0.0,10,4940,买盘
428,10:06:21,4.93,-0.01,1,493,卖盘
429,10:06:24,4.94,0.01,170,83980,买盘
430,10:06:31,4.94,0.0,41,20254,买盘
431,10:06:34,4.94,0.0,7,3458,买盘
432,10:06:39,4.93,-0.01,117,57768,卖盘
433,10:06:42,4.93,0.0,11,5433,卖盘
434,10:06:45,4.94,0.01,52,25688,买盘
435,10:06:48,4.94,0.0,12,5928,买盘
436,10:06:51,4.94,0.0,140,69160,买盘
437,10:06:57,4.94,0.0,238,117572,买盘
438,10:07:00,4.94,0.0,145,71630,买盘
439,10:07:03,4.94,0.0,620,306280,买盘
440,10:07:06,4.95,0.01,39,19305,买盘
441,10:07:09,4.95,0.0,146,72270,买盘
442,10:07:12,4.95,0.0,49,24255,买盘
443,10:07:21,4.95,0.0,15,7425,买盘
444,10:07:24,4.95,0.0,295,146025,买盘
445,10:07:27,4.94,-0.01,21,10374,卖盘
446,10:07:30,4.95,0.01,20,9900,买盘
447,10:07:33,4.95,0.0,49,24255,买盘
448,10:07:36,4.95,0.0,200,99000,买盘
449,10:07:45,4.95,0.0,100,49500,买盘
450,10:07:49,4.95,0.0,79,39105,买盘
451,10:07:51,4.95,0.0,10,4950,买盘
452,10:07:54,4.95,0.0,230,113850,买盘
453,10:08:00,4.95,0.0,139,68805,买盘
454,10:08:03,4.95,0.0,73,36135,买盘
455,10:08:06,4.95,0.0,27,13365,买盘
456,10:08:09,4.95,0.0,122,60390,买盘
457,10:08:15,4.95,0.0,46,22770,卖盘
458,10:08:21,4.95,0.0,120,59400,卖盘
459,10:08:27,4.96,0.01,19,9424,买盘
460,10:08:39,4.96,0.0,35,17360,买盘
461,10:08:42,4.96,0.0,25,12400,买盘
462,10:08:45,4.96,0.0,1083,537168,买盘
463,10:08:48,4.96,0.0,53,26288,买盘
464,10:08:57,4.96,0.0,6,2976,卖盘
465,10:09:00,4.97,0.01,7,3479,买盘
466,10:09:06,4.97,0.0,116,57652,买盘
467,10:09:09,4.97,0.0,38,18886,卖盘
468,10:09:12,4.97,0.0,30,14910,卖盘
469,10:09:15,4.97,0.0,52,25844,卖盘
470,10:09:18,4.98,0.01,346,172267,买盘
471,10:09:21,4.98,0.0,25,12450,卖盘
472,10:09:27,4.98,0.0,301,149898,卖盘
473,10:09:33,4.97,-0.01,88,43817,卖盘
474,10:09:36,4.98,0.01,116,57672,买盘
475,10:09:39,4.97,-0.01,49,24353,卖盘
476,10:09:42,4.97,0.0,23,11451,卖盘
477,10:09:45,4.97,0.0,4,1988,卖盘
478,10:09:51,4.97,0.0,24,11928,卖盘
479,10:09:55,4.98,0.01,200,99491,买盘
480,10:10:12,4.96,-0.02,158,78418,卖盘
481,10:10:18,4.95,-0.01,67,33165,卖盘
482,10:10:21,4.96,0.01,20,9920,买盘
483,10:10:24,4.95,-0.01,78,38610,卖盘
484,10:10:27,4.95,0.0,31,15345,卖盘
485,10:10:30,4.96,0.01,12,5952,买盘
486,10:10:39,4.96,0.0,11,5456,买盘
487,10:10:42,4.96,0.0,2,992,买盘
488,10:10:48,4.96,0.0,5,2480,买盘
489,10:10:51,4.95,-0.01,12,5942,卖盘
490,10:10:57,4.95,0.0,207,102665,卖盘
491,10:11:06,4.96,0.01,1,496,卖盘
492,10:11:42,4.96,0.0,60,29760,买盘
493,10:11:51,4.96,0.0,8,3968,卖盘
494,10:11:57,4.97,0.01,11,5467,买盘
495,10:12:10,4.96,-0.01,8,3968,卖盘
496,10:12:15,4.97,0.01,1,497,买盘
497,10:12:21,4.96,-0.01,13,6448,卖盘
498,10:12:37,4.96,0.0,20,9920,卖盘
499,10:12:48,4.96,0.0,2,992,卖盘
500,10:12:51,4.99,0.03,2034,1012923,买盘
501,10:13:00,5.0,0.01,14,6992,买盘
502,10:13:06,5.0,0.0,359,179500,买盘
503,10:13:09,5.0,0.0,41,20500,买盘
504,10:13:12,5.0,0.0,24,12000,买盘
505,10:13:16,5.0,0.0,139,69500,买盘
506,10:13:18,4.99,-0.01,10,4990,卖盘
507,10:13:21,5.0,0.01,23,11500,买盘
508,10:13:28,5.0,0.0,632,316000,买盘
509,10:13:30,5.01,0.01,249,124640,买盘
510,10:13:33,5.0,-0.01,5,2500,卖盘
511,10:13:36,5.01,0.01,18,9018,买盘
512,10:13:39,5.02,0.01,125,62749,买盘
513,10:13:46,5.01,-0.01,23,11523,卖盘
514,10:13:48,5.03,0.02,65,32652,买盘
515,10:13:54,5.02,-0.01,144,72288,卖盘
516,10:13:57,5.03,0.01,109,54807,买盘
517,10:14:00,5.02,-0.01,64,32150,卖盘
518,10:14:03,5.02,0.0,123,61746,卖盘
519,10:14:06,5.02,0.0,117,58734,卖盘
520,10:14:12,5.02,0.0,10,5020,买盘
521,10:14:15,5.02,0.0,20,10040,买盘
522,10:14:18,5.01,-0.01,2,1002,卖盘
523,10:14:21,5.02,0.01,41,20582,买盘
524,10:14:25,5.01,-0.01,245,122749,卖盘
525,10:14:36,5.0,-0.01,194,97000,卖盘
526,10:14:39,5.0,0.0,50,25000,卖盘
527,10:14:49,5.01,0.01,24,12024,买盘
528,10:14:52,5.0,-0.01,15,7500,卖盘
529,10:14:54,5.01,0.01,55,27545,买盘
530,10:14:57,5.01,0.0,115,57615,买盘
531,10:15:03,5.01,0.0,21,10521,买盘
532,10:15:06,5.01,0.0,31,15531,买盘
533,10:15:13,5.01,0.0,202,101202,买盘
534,10:15:19,5.01,0.0,10,5010,买盘
535,10:15:27,5.01,0.0,46,23046,买盘
536,10:15:30,5.01,0.0,25,12525,买盘
537,10:15:40,5.01,0.0,200,100200,买盘
538,10:15:45,5.01,0.0,101,50501,买盘
539,10:15:48,5.01,0.0,134,67021,买盘
540,10:16:03,5.01,0.0,30,15030,买盘
541,10:16:06,5.01,0.0,22,11017,买盘
542,10:16:09,5.01,0.0,3,1503,买盘
543,10:16:12,5.01,0.0,299,149799,买盘
544,10:16:15,5.01,0.0,19,9519,卖盘
545,10:16:22,5.01,0.0,1,501,买盘
546,10:16:27,5.0,-0.01,2,1000,卖盘
547,10:16:33,5.0,0.0,2,1000,卖盘
548,10:16:37,5.01,0.01,6,3006,买盘
549,10:16:48,5.0,-0.01,12,6000,卖盘
550,10:16:51,5.01,0.01,2190,1095020,买盘
551,10:16:54,5.0,-0.01,33,16500,卖盘
552,10:16:57,4.99,-0.01,60,29940,卖盘
553,10:17:00,4.99,0.0,141,70359,卖盘
554,10:17:03,4.99,0.0,279,139221,卖盘
555,10:17:07,4.99,0.0,82,40918,卖盘
556,10:17:12,4.99,0.0,77,38159,卖盘
557,10:17:15,4.99,0.0,300,149700,卖盘
558,10:17:21,4.99,0.0,351,175149,卖盘
559,10:17:27,4.99,0.0,1247,622253,卖盘
560,10:17:30,4.99,0.0,40,19968,卖盘
561,10:17:33,4.99,0.0,335,167171,卖盘
562,10:17:36,4.99,0.0,236,117764,卖盘
563,10:17:39,4.99,0.0,56,27944,卖盘
564,10:17:42,4.99,0.0,822,410442,卖盘
565,10:17:45,4.97,-0.02,5,2485,卖盘
566,10:17:49,4.96,-0.01,15,7440,卖盘
567,10:17:54,4.97,0.01,26,12922,买盘
568,10:17:57,4.97,0.0,2,994,卖盘
569,10:18:15,4.98,0.01,4,1992,买盘
570,10:18:18,4.97,-0.01,297,147705,卖盘
571,10:18:25,4.97,0.0,7,3479,买盘
572,10:18:33,4.96,-0.01,20,9920,卖盘
573,10:18:36,4.96,0.0,29,14384,卖盘
574,10:18:46,4.95,-0.01,11,5445,卖盘
575,10:19:03,4.96,0.01,33,16368,买盘
576,10:19:06,4.95,-0.01,3,1485,卖盘
577,10:19:12,4.96,0.01,5,2480,买盘
578,10:19:33,4.96,0.0,38,18848,买盘
579,10:19:37,4.96,0.0,38,18848,买盘
580,10:19:39,4.96,0.0,4,1984,买盘
581,10:19:45,4.96,0.0,51,25296,买盘
582,10:19:48,4.96,0.0,27,13392,买盘
583,10:19:51,4.96,0.0,12,5952,卖盘
584,10:20:04,4.97,0.01,34,16877,买盘
585,10:20:06,4.97,0.0,37,18389,买盘
586,10:20:09,4.96,-0.01,10,4960,卖盘
587,10:20:12,4.96,0.0,2,992,卖盘
588,10:20:18,4.96,0.0,30,14880,卖盘
589,10:20:21,4.97,0.01,10,4970,买盘
590,10:20:27,4.97,0.0,17,8449,买盘
591,10:20:48,4.97,0.0,31,15407,买盘
592,10:20:51,4.97,0.0,17,8449,买盘
593,10:20:57,4.97,0.0,13,6461,买盘
594,10:21:21,4.97,0.0,10,4970,买盘
595,10:21:24,4.97,0.0,18,8946,买盘
596,10:21:30,4.97,0.0,20,9940,买盘
597,10:21:33,4.96,-0.01,19,9424,卖盘
598,10:21:36,4.96,0.0,120,59520,卖盘
599,10:21:48,4.96,0.0,5,2480,卖盘
600,10:22:03,4.96,0.0,1,496,卖盘
601,10:22:10,4.96,0.0,10,4960,卖盘
602,10:22:12,4.96,0.0,1357,673072,卖盘
603,10:22:27,4.96,0.0,3,1488,买盘
604,10:22:39,4.95,-0.01,22,10890,卖盘
605,10:22:42,4.95,0.0,73,36135,卖盘
606,10:23:00,4.95,0.0,754,373230,卖盘
607,10:23:03,4.95,0.0,100,49500,买盘
608,10:23:12,4.94,-0.01,22,10868,卖盘
609,10:23:18,4.95,0.01,11,5445,买盘
610,10:23:24,4.95,0.0,181,89595,买盘
611,10:23:27,4.95,0.0,14,6930,卖盘
612,10:23:30,4.95,0.0,8,3960,卖盘
613,10:23:42,4.96,0.01,3,1488,买盘
614,10:23:45,4.95,-0.01,1,495,卖盘
615,10:23:48,4.96,0.01,15,7440,买盘
616,10:23:51,4.95,-0.01,152,75240,卖盘
617,10:24:36,4.95,0.0,24,11866,买盘
618,10:24:39,4.95,0.0,88,43560,买盘
619,10:24:42,4.95,0.0,15,7425,买盘
620,10:25:03,4.95,0.0,80,39600,买盘
621,10:25:16,4.94,-0.01,31,15344,卖盘
622,10:25:18,4.95,0.01,208,102960,买盘
623,10:25:27,4.95,0.0,125,61875,买盘
624,10:25:30,4.94,-0.01,1,494,卖盘
625,10:25:48,4.95,0.01,23,11385,买盘
626,10:25:57,4.95,0.0,15,7425,买盘
627,10:26:04,4.95,0.0,44,21780,买盘
628,10:26:12,4.95,0.0,10,4950,买盘
629,10:26:18,4.95,0.0,26,12870,买盘
630,10:26:21,4.95,0.0,8,3960,买盘
631,10:26:24,4.95,0.0,101,49995,买盘
632,10:26:36,4.95,0.0,56,27720,卖盘
633,10:26:42,4.95,0.0,8,3960,买盘
634,10:26:48,4.95,0.0,3,1485,买盘
635,10:26:54,4.95,0.0,24,11880,买盘
636,10:27:12,4.96,0.01,23,11408,买盘
637,10:27:33,4.96,0.0,13,6448,买盘
638,10:27:57,4.95,-0.01,1,495,卖盘
639,10:28:00,4.96,0.01,10,4960,买盘
640,10:28:24,4.95,-0.01,28,13860,卖盘
641,10:28:33,4.96,0.01,17,8432,买盘
642,10:28:51,4.95,-0.01,6,2970,卖盘
643,10:29:18,4.96,0.01,11,5456,买盘
644,10:29:24,4.95,-0.01,497,246015,卖盘
645,10:29:33,4.95,0.0,3,1485,买盘
646,10:30:00,4.96,0.01,80,39680,买盘
647,10:30:18,4.95,-0.01,50,24750,卖盘
648,10:30:21,4.96,0.01,7,3472,买盘
649,10:30:24,4.95,-0.01,1,495,卖盘
650,10:30:30,4.95,0.0,18,8910,卖盘
651,10:30:45,4.95,0.0,7,3465,卖盘
652,10:30:48,4.94,-0.01,20,9888,卖盘
653,10:31:00,4.95,0.01,1,495,卖盘
654,10:31:04,4.95,0.0,12,5940,买盘
655,10:31:16,4.95,0.0,31,15345,卖盘
656,10:31:24,4.95,0.0,2,990,卖盘
657,10:31:30,4.96,0.01,15,7440,买盘
658,10:31:33,4.95,-0.01,11,5445,卖盘
659,10:31:36,4.96,0.01,10,4960,买盘
660,10:31:39,4.96,0.0,10,4960,买盘
661,10:31:57,4.95,-0.01,2,990,卖盘
662,10:32:00,4.95,0.0,1,495,卖盘
663,10:32:06,4.95,0.0,49,24255,卖盘
664,10:32:09,4.96,0.01,34,16864,买盘
665,10:32:18,4.96,0.0,11,5456,买盘
666,10:32:24,4.96,0.0,37,18352,买盘
667,10:32:36,4.96,0.0,37,18352,买盘
668,10:32:45,4.95,-0.01,1,495,卖盘
669,10:32:52,4.96,0.01,50,24800,买盘
670,10:33:18,4.96,0.0,25,12400,买盘
671,10:33:30,4.96,0.0,29,14384,买盘
672,10:33:33,4.95,-0.01,12,5940,卖盘
673,10:33:39,4.96,0.01,10,4960,买盘
674,10:33:45,4.95,-0.01,16,7920,卖盘
675,10:33:48,4.96,0.01,100,49600,买盘
676,10:33:51,4.95,-0.01,37,18335,卖盘
677,10:34:04,4.95,0.0,13,6435,卖盘
678,10:34:09,4.95,0.0,1,495,卖盘
679,10:34:12,4.96,0.01,65,32185,买盘
680,10:34:27,4.96,0.0,1,496,买盘
681,10:34:33,4.96,0.0,506,250976,买盘
682,10:34:45,4.96,0.0,1,496,卖盘
683,10:34:48,4.96,0.0,161,79856,卖盘
684,10:34:54,4.96,0.0,2,992,卖盘
685,10:35:00,4.96,0.0,1,496,卖盘
686,10:35:12,4.96,0.0,19,9424,卖盘
687,10:35:21,4.96,0.0,30,14880,卖盘
688,10:35:36,4.96,0.0,10,4960,卖盘
689,10:35:39,4.96,0.0,15,7440,卖盘
690,10:36:04,4.97,0.01,4,1988,买盘
691,10:36:09,4.96,-0.01,40,19840,卖盘
692,10:36:28,4.96,0.0,2,992,卖盘
693,10:36:30,4.96,0.0,3,1488,卖盘
694,10:36:36,4.96,0.0,20,9920,卖盘
695,10:36:39,4.96,0.0,52,25792,卖盘
696,10:36:42,4.96,0.0,59,29264,卖盘
697,10:36:45,4.96,0.0,48,23808,卖盘
698,10:36:48,4.96,0.0,13,6448,卖盘
699,10:36:51,4.96,0.0,35,17360,卖盘
700,10:36:54,4.96,0.0,4,1984,买盘
701,10:36:57,4.96,0.0,24,11904,买盘
702,10:37:00,4.95,-0.01,67,33165,卖盘
703,10:37:25,4.95,0.0,14,6930,卖盘
704,10:37:36,4.95,0.0,120,59400,卖盘
705,10:37:43,4.96,0.01,20,9920,买盘
706,10:37:46,4.96,0.0,9,4464,卖盘
707,10:37:57,4.96,0.0,35,17360,买盘
708,10:38:03,4.96,0.0,12,5952,卖盘
709,10:38:10,4.97,0.01,4,1988,买盘
710,10:38:33,4.96,-0.01,9,4467,卖盘
711,10:38:36,4.97,0.01,10,4970,买盘
712,10:38:39,4.96,-0.01,11,5456,卖盘
713,10:39:06,4.96,0.0,67,33232,卖盘
714,10:39:12,4.96,0.0,31,15376,卖盘
715,10:39:15,4.96,0.0,71,35216,卖盘
716,10:39:36,4.95,-0.01,468,231660,卖盘
717,10:39:42,4.95,0.0,1,495,买盘
718,10:39:48,4.94,-0.01,1,494,卖盘
719,10:40:09,4.95,0.01,50,24750,买盘
720,10:40:21,4.95,0.0,9,4455,买盘
721,10:40:33,4.94,-0.01,20,9880,卖盘
722,10:40:45,4.95,0.01,51,25245,买盘
723,10:41:09,4.94,-0.01,31,15314,卖盘
724,10:41:18,4.94,0.0,1,494,卖盘
725,10:41:33,4.95,0.01,9,4455,买盘
726,10:41:45,4.95,0.0,10,4950,买盘
727,10:41:48,4.95,0.0,20,9900,买盘
728,10:41:54,4.95,0.0,10,4950,买盘
729,10:42:09,4.94,-0.01,17,8398,卖盘
730,10:42:24,4.95,0.01,43,21285,买盘
731,10:43:09,4.96,0.01,4,1984,买盘
732,10:43:57,4.96,0.0,1,496,买盘
733,10:44:27,4.96,0.0,2,992,买盘
734,10:44:54,4.96,0.0,2,992,买盘
735,10:45:18,4.96,0.0,100,49600,买盘
736,10:45:27,4.95,-0.01,6,2970,卖盘
737,10:45:39,4.96,0.01,65,32240,买盘
738,10:45:45,4.96,0.0,1,496,买盘
739,10:45:58,4.96,0.0,350,173600,买盘
740,10:46:06,4.95,-0.01,3,1485,卖盘
741,10:46:09,4.96,0.01,30,14880,买盘
742,10:46:21,4.96,0.0,30,14880,买盘
743,10:46:31,4.96,0.0,4,1984,买盘
744,10:46:34,4.96,0.0,7,3472,买盘
745,10:46:37,4.96,0.0,2,992,卖盘
746,10:46:40,4.96,0.0,61,30256,卖盘
747,10:46:54,4.96,0.0,30,14880,买盘
748,10:47:00,4.95,-0.01,50,24750,卖盘
749,10:47:06,4.95,0.0,30,14850,卖盘
750,10:47:15,4.95,0.0,11,5445,卖盘
751,10:47:21,4.95,0.0,41,20295,卖盘
752,10:47:39,4.95,0.0,2,990,卖盘
753,10:48:06,4.95,0.0,69,34155,卖盘
754,10:48:30,4.96,0.01,9,4464,买盘
755,10:48:57,4.95,-0.01,40,19800,卖盘
756,10:49:03,4.95,0.0,4,1980,卖盘
757,10:49:15,4.95,0.0,27,13365,卖盘
758,10:49:18,4.95,0.0,44,21780,卖盘
759,10:49:21,4.95,0.0,100,49500,卖盘
760,10:49:24,4.95,0.0,101,49995,卖盘
761,10:49:27,4.95,0.0,2,990,卖盘
762,10:49:30,4.95,0.0,5,2475,卖盘
763,10:49:33,4.95,0.0,5,2475,卖盘
764,10:49:42,4.95,0.0,27,13365,卖盘
765,10:49:52,4.96,0.01,7,3472,买盘
766,10:50:06,4.96,0.0,36,17856,买盘
767,10:50:09,4.96,0.0,21,10416,买盘
768,10:50:39,4.96,0.0,37,18352,买盘
769,10:50:42,4.95,-0.01,1,495,卖盘
770,10:51:09,4.96,0.01,37,18352,买盘
771,10:51:12,4.96,0.0,24,11904,买盘
772,10:51:24,4.96,0.0,20,9920,买盘
773,10:51:51,4.95,-0.01,1,495,卖盘
774,10:52:00,4.95,0.0,1,495,卖盘
775,10:52:06,4.95,0.0,200,99000,卖盘
776,10:52:12,4.96,0.01,120,59520,买盘
777,10:52:18,4.96,0.0,11,5456,买盘
778,10:52:24,4.96,0.0,201,99696,买盘
779,10:52:39,4.96,0.0,106,52576,买盘
780,10:52:54,4.96,0.0,2,992,卖盘
781,10:53:21,4.97,0.01,70,34790,买盘
782,10:53:24,4.96,-0.01,1,496,卖盘
783,10:53:33,4.96,0.0,2,992,卖盘
784,10:53:40,4.97,0.01,92,45724,买盘
785,10:54:01,4.96,-0.01,3,1488,卖盘
786,10:54:06,4.96,0.0,3,1488,卖盘
787,10:54:30,4.96,0.0,60,29760,卖盘
788,10:55:18,4.96,0.0,50,24800,卖盘
789,10:55:54,4.96,0.0,1,496,卖盘
790,10:56:04,4.96,0.0,23,11408,卖盘
791,10:56:15,4.96,0.0,34,16864,卖盘
792,10:56:21,4.97,0.01,15,7455,买盘
793,10:56:24,4.96,-0.01,37,18352,卖盘
794,10:56:27,4.96,0.0,8,3968,卖盘
795,10:56:43,4.96,0.0,12,5952,买盘
796,10:56:48,4.95,-0.01,18,8924,卖盘
797,10:57:00,4.95,0.0,1,495,卖盘
798,10:57:03,4.95,0.0,84,41580,卖盘
799,10:57:09,4.95,0.0,1,495,卖盘
800,10:57:12,4.96,0.01,47,23312,买盘
801,10:57:45,4.95,-0.01,1,495,卖盘
802,10:58:39,4.95,0.0,1,495,卖盘
803,10:59:24,4.95,0.0,1,495,卖盘
804,10:59:30,4.95,0.0,1,495,卖盘
805,10:59:42,4.96,0.01,20,9920,买盘
806,11:00:06,4.95,-0.01,71,35145,卖盘
807,11:00:18,4.95,0.0,2,990,卖盘
808,11:00:24,4.95,0.0,113,55935,卖盘
809,11:00:42,4.95,0.0,1,495,卖盘
810,11:00:48,4.95,0.0,30,14850,卖盘
811,11:00:57,4.96,0.01,42,20830,买盘
812,11:01:04,4.96,0.0,242,120032,买盘
813,11:01:06,4.96,0.0,4,1984,卖盘
814,11:01:27,4.96,0.0,60,29760,卖盘
815,11:01:34,4.96,0.0,30,14880,买盘
816,11:01:45,4.95,-0.01,2,990,卖盘
817,11:02:27,4.95,0.0,5,2475,卖盘
818,11:03:15,4.96,0.01,3,1488,买盘
819,11:03:27,4.95,-0.01,20,9900,卖盘
820,11:03:30,4.96,0.01,214,106144,买盘
821,11:03:36,4.95,-0.01,225,111375,卖盘
822,11:03:57,4.96,0.01,111,55056,买盘
823,11:04:00,4.96,0.0,2,992,卖盘
824,11:04:06,4.96,0.0,24,11904,卖盘
825,11:04:18,4.96,0.0,20,9920,买盘
826,11:04:54,4.95,-0.01,12,5940,卖盘
827,11:05:00,4.96,0.01,49,24304,买盘
828,11:05:21,4.96,0.0,77,38192,卖盘
829,11:05:33,4.96,0.0,500,248000,买盘
830,11:05:48,4.95,-0.01,6,2970,卖盘
831,11:05:51,4.95,0.0,10,4950,卖盘
832,11:06:04,4.95,0.0,13,6435,卖盘
833,11:06:24,4.95,0.0,14,6940,卖盘
834,11:06:45,4.95,0.0,12,5940,卖盘
835,11:07:18,4.95,0.0,1,495,卖盘
836,11:07:21,4.96,0.01,26,12896,买盘
837,11:07:25,4.96,0.0,200,99200,买盘
838,11:07:27,4.95,-0.01,59,29205,卖盘
839,11:07:42,4.95,0.0,80,39600,卖盘
840,11:07:54,4.95,0.0,42,20790,卖盘
841,11:07:57,4.95,0.0,21,10395,卖盘
842,11:08:00,4.95,0.0,45,22275,卖盘
843,11:08:04,4.95,0.0,15,7425,卖盘
844,11:08:06,4.95,0.0,1,495,卖盘
845,11:08:22,4.96,0.01,7,3472,买盘
846,11:08:30,4.96,0.0,17,8427,买盘
847,11:08:36,4.95,-0.01,1,495,卖盘
848,11:08:45,4.95,0.0,105,52075,卖盘
849,11:08:57,4.96,0.01,50,24800,买盘
850,11:09:03,4.96,0.0,200,99200,买盘
851,11:09:06,4.96,0.0,84,41664,买盘
852,11:09:12,4.96,0.0,73,36208,买盘
853,11:09:18,4.96,0.0,136,67456,买盘
854,11:09:27,4.96,0.0,31,15376,卖盘
855,11:09:30,4.96,0.0,12,5952,买盘
856,11:09:33,4.96,0.0,3,1488,买盘
857,11:09:36,4.96,0.0,1,496,买盘
858,11:09:39,4.95,-0.01,120,59400,卖盘
859,11:09:45,4.95,0.0,4,1980,卖盘
860,11:09:48,4.96,0.01,13,6448,买盘
861,11:09:55,4.96,0.0,2,992,卖盘
862,11:10:04,4.96,0.0,90,44690,卖盘
863,11:10:15,4.95,-0.01,1,495,卖盘
864,11:10:36,4.96,0.01,22,10912,买盘
865,11:11:42,4.96,0.0,235,116560,卖盘
866,11:11:45,4.97,0.01,6,2982,买盘
867,11:11:48,4.96,-0.01,23,11408,卖盘
868,11:12:04,4.96,0.0,23,11408,买盘
869,11:12:21,4.96,0.0,2,992,买盘
870,11:12:27,4.96,0.0,129,63984,买盘
871,11:12:54,4.96,0.0,4,1984,卖盘
872,11:13:30,4.96,0.0,102,50592,卖盘
873,11:13:45,4.96,0.0,20,9920,卖盘
874,11:14:04,4.97,0.01,1,497,买盘
875,11:14:06,4.97,0.0,14,6958,买盘
876,11:14:24,4.97,0.0,3,1491,买盘
877,11:14:33,4.96,-0.01,500,248000,卖盘
878,11:14:37,4.96,0.0,1,496,卖盘
879,11:14:55,4.96,0.0,4,1984,卖盘
880,11:15:48,4.96,0.0,5,2480,卖盘
881,11:15:51,4.96,0.0,9,4464,卖盘
882,11:15:55,4.96,0.0,18,8928,卖盘
883,11:16:06,4.96,0.0,4,1984,卖盘
884,11:16:30,4.96,0.0,15,7440,卖盘
885,11:16:36,4.96,0.0,15,7440,卖盘
886,11:16:39,4.97,0.01,52,25841,买盘
887,11:16:46,4.96,-0.01,1,496,卖盘
888,11:17:04,4.96,0.0,11,5456,卖盘
889,11:17:27,4.96,0.0,207,102672,卖盘
890,11:17:30,4.95,-0.01,1,495,卖盘
891,11:18:04,4.95,0.0,17,8415,卖盘
892,11:18:07,4.96,0.01,2,992,买盘
893,11:18:21,4.95,-0.01,1,495,卖盘
894,11:18:34,4.96,0.01,3,1488,买盘
895,11:18:36,4.96,0.0,10,4960,买盘
896,11:19:09,4.96,0.0,28,13887,买盘
897,11:19:21,4.96,0.0,7,3472,买盘
898,11:19:51,4.96,0.0,4,1984,卖盘
899,11:19:54,4.96,0.0,48,23808,卖盘
900,11:19:57,4.96,0.0,1,496,买盘
901,11:20:09,4.96,0.0,42,20832,买盘
902,11:20:27,4.95,-0.01,127,62915,卖盘
903,11:20:30,4.96,0.01,1,496,卖盘
904,11:20:54,4.96,0.0,3,1488,卖盘
905,11:21:15,4.96,0.0,36,17856,买盘
906,11:21:33,4.96,0.0,1,496,买盘
907,11:21:36,4.96,0.0,6,2976,买盘
908,11:21:42,4.96,0.0,27,13392,买盘
909,11:21:52,4.96,0.0,3,1488,卖盘
910,11:22:04,4.97,0.01,7,3479,买盘
911,11:22:51,4.96,-0.01,479,237584,卖盘
912,11:22:57,4.96,0.0,9,4464,买盘
913,11:23:00,4.97,0.01,500,248471,买盘
914,11:23:16,4.97,0.0,10,4970,买盘
915,11:23:18,4.96,-0.01,95,47120,卖盘
916,11:23:42,4.99,0.03,600,298839,买盘
917,11:23:57,4.98,-0.01,10,4980,买盘
918,11:24:00,4.99,0.01,9,4489,买盘
919,11:24:21,4.99,0.0,21,10479,买盘
920,11:24:45,4.98,-0.01,20,9960,卖盘
921,11:25:09,4.98,0.0,50,24900,卖盘
922,11:25:21,4.98,0.0,80,39840,卖盘
923,11:25:24,4.98,0.0,1,498,卖盘
924,11:25:36,4.98,0.0,1,498,卖盘
925,11:25:57,4.99,0.01,7,3493,买盘
926,11:26:07,4.98,-0.01,14,6972,卖盘
927,11:26:33,4.98,0.0,35,17430,卖盘
928,11:26:52,4.98,0.0,4,1992,卖盘
929,11:27:12,4.99,0.01,10,4990,买盘
930,11:27:16,4.98,-0.01,1,498,卖盘
931,11:27:21,4.98,0.0,8,3984,卖盘
932,11:27:54,4.98,0.0,69,34362,卖盘
933,11:28:01,4.98,0.0,37,18426,卖盘
934,11:28:13,4.98,0.0,232,115536,买盘
935,11:28:18,4.98,0.0,200,99600,买盘
936,11:28:30,4.97,-0.01,13,6461,卖盘
937,11:28:43,4.97,0.0,1,497,卖盘
938,11:29:24,4.97,0.0,120,59640,卖盘
939,13:00:04,4.97,0.0,109,54179,卖盘
940,13:00:06,4.97,0.0,87,43241,卖盘
941,13:00:54,4.97,0.0,3,1491,卖盘
942,13:01:03,4.99,0.02,500,249018,买盘
943,13:01:06,4.98,-0.01,6,2988,卖盘
944,13:01:30,4.98,0.0,10,4980,买盘
945,13:01:34,4.98,0.0,32,15936,卖盘
946,13:01:37,4.98,0.0,138,68679,买盘
947,13:01:39,4.98,0.0,29,14442,卖盘
948,13:01:45,4.98,0.0,25,12450,卖盘
949,13:02:09,4.99,0.01,2,998,买盘
950,13:02:12,4.99,0.0,46,22927,买盘
951,13:02:27,4.98,-0.01,76,37848,卖盘
952,13:02:30,4.98,0.0,78,38844,卖盘
953,13:02:33,4.98,0.0,46,22908,卖盘
954,13:02:57,4.98,0.0,9,4482,买盘
955,13:03:12,4.98,0.0,6,2988,买盘
956,13:03:21,4.98,0.0,76,37848,买盘
957,13:03:30,4.98,0.0,20,9960,买盘
958,13:03:51,4.98,0.0,10,4980,买盘
959,13:04:00,4.98,0.0,20,9960,买盘
960,13:04:45,4.98,0.0,31,15419,买盘
961,13:05:00,4.97,-0.01,28,13916,卖盘
962,13:05:24,4.97,0.0,272,135184,卖盘
963,13:05:39,4.97,0.0,19,9443,卖盘
964,13:06:54,4.98,0.01,20,9960,买盘
965,13:07:00,4.97,-0.01,74,36778,卖盘
966,13:07:33,4.98,0.01,3,1494,买盘
967,13:08:19,4.97,-0.01,18,8956,卖盘
968,13:08:24,4.97,0.0,1,497,卖盘
969,13:08:30,4.98,0.01,4,1992,买盘
970,13:08:45,4.97,-0.01,1,497,卖盘
971,13:08:48,4.97,0.0,65,32305,卖盘
972,13:09:04,4.98,0.01,7,3486,买盘
973,13:09:39,4.98,0.0,10,4980,买盘
974,13:10:30,4.98,0.0,98,48712,买盘
975,13:10:49,4.97,-0.01,184,91448,卖盘
976,13:11:04,4.97,0.0,10,4970,买盘
977,13:11:15,4.97,0.0,1,497,买盘
978,13:11:30,4.98,0.01,34,16932,买盘
979,13:11:45,4.97,-0.01,1,497,卖盘
980,13:11:48,4.98,0.01,67,33366,买盘
981,13:12:21,4.98,0.0,3,1494,卖盘
982,13:12:57,4.98,0.0,10,4980,买盘
983,13:13:03,4.97,-0.01,87,43239,卖盘
984,13:13:21,4.96,-0.01,25,12400,卖盘
985,13:13:24,4.96,0.0,23,11428,卖盘
986,13:14:09,4.97,0.01,20,9940,买盘
987,13:14:21,4.97,0.0,60,29820,买盘
988,13:14:48,4.97,0.0,10,4970,买盘
989,13:15:00,4.96,-0.01,121,60016,卖盘
990,13:15:04,4.96,0.0,32,15872,卖盘
991,13:15:57,4.96,0.0,67,33232,卖盘
992,13:16:06,4.96,0.0,90,44640,卖盘
993,13:16:12,4.96,0.0,1,496,卖盘
994,13:16:48,4.97,0.01,405,201285,买盘
995,13:17:01,4.97,0.0,16,7952,卖盘
996,13:17:12,4.97,0.0,55,27335,卖盘
997,13:17:27,4.97,0.0,30,14910,买盘
998,13:17:36,4.97,0.0,13,6461,买盘
999,13:17:43,4.97,0.0,10,4970,卖盘
1000,13:18:00,4.97,0.0,6,2982,卖盘
1001,13:18:03,4.97,0.0,1,497,买盘
1002,13:18:06,4.97,0.0,102,50694,买盘
1003,13:18:12,4.97,0.0,28,13916,卖盘
1004,13:18:21,4.97,0.0,7,3479,买盘
1005,13:18:27,4.97,0.0,41,20377,卖盘
1006,13:18:36,4.98,0.01,5,2490,买盘
1007,13:18:45,4.98,0.0,20,9960,买盘
1008,13:19:00,4.97,-0.01,20,9940,卖盘
1009,13:19:06,4.98,0.01,5,2490,买盘
1010,13:19:13,4.97,-0.01,2,994,卖盘
1011,13:19:33,4.97,0.0,44,21868,卖盘
1012,13:19:39,4.97,0.0,6,2982,卖盘
1013,13:20:09,4.97,0.0,38,18886,卖盘
1014,13:20:21,4.97,0.0,1,497,卖盘
1015,13:21:09,4.97,0.0,49,24353,卖盘
1016,13:21:48,4.97,0.0,29,14413,买盘
1017,13:22:06,4.97,0.0,2,994,买盘
1018,13:22:09,4.97,0.0,5,2485,买盘
1019,13:22:12,4.96,-0.01,1,496,卖盘
1020,13:22:21,4.96,0.0,68,33728,卖盘
1021,13:22:27,4.97,0.01,50,24850,买盘
1022,13:22:51,4.96,-0.01,64,31744,卖盘
1023,13:22:57,4.97,0.01,11,5467,买盘
1024,13:23:00,4.97,0.0,6,2982,买盘
1025,13:23:18,4.96,-0.01,25,12400,卖盘
1026,13:23:42,4.96,0.0,6,2976,卖盘
1027,13:23:48,4.96,0.0,45,22320,卖盘
1028,13:24:00,4.97,0.01,10,4970,买盘
1029,13:24:06,4.96,-0.01,45,22320,卖盘
1030,13:24:15,4.96,0.0,37,18352,卖盘
1031,13:24:18,4.96,0.0,82,40672,卖盘
1032,13:24:36,4.96,0.0,1,496,卖盘
1033,13:24:39,4.96,0.0,16,7936,卖盘
1034,13:24:42,4.97,0.01,5,2485,买盘
1035,13:25:04,4.96,-0.01,70,34720,卖盘
1036,13:25:27,4.97,0.01,25,12405,买盘
1037,13:25:34,4.97,0.0,5,2485,买盘
1038,13:26:06,4.96,-0.01,20,9920,卖盘
1039,13:26:36,4.97,0.01,29,14413,买盘
1040,13:26:39,4.96,-0.01,1,496,卖盘
1041,13:26:57,4.97,0.01,20,9940,买盘
1042,13:27:04,4.96,-0.01,1,496,卖盘
1043,13:27:30,4.97,0.01,18,8946,买盘
1044,13:27:42,4.97,0.0,34,16898,买盘
1045,13:28:00,4.96,-0.01,1,496,卖盘
1046,13:28:27,4.97,0.01,1,497,买盘
1047,13:28:39,4.96,-0.01,1,496,卖盘
1048,13:28:45,4.97,0.01,27,13419,买盘
1049,13:28:58,4.96,-0.01,1,496,卖盘
1050,13:29:09,4.97,0.01,10,4970,买盘
1051,13:29:21,4.96,-0.01,2,992,卖盘
1052,13:29:24,4.96,0.0,100,49600,卖盘
1053,13:29:54,4.96,0.0,34,16864,卖盘
1054,13:30:00,4.96,0.0,34,16864,卖盘
1055,13:30:09,4.96,0.0,500,248000,卖盘
1056,13:30:12,4.96,0.0,20,9920,卖盘
1057,13:30:27,4.96,0.0,10,4960,卖盘
1058,13:30:30,4.96,0.0,17,8432,卖盘
1059,13:30:33,4.96,0.0,14,6947,卖盘
1060,13:30:39,4.96,0.0,10,4960,卖盘
1061,13:30:57,4.96,0.0,1,496,卖盘
1062,13:31:00,4.96,0.0,1,496,卖盘
1063,13:31:09,4.96,0.0,29,14384,卖盘
1064,13:31:13,4.96,0.0,1,496,卖盘
1065,13:31:16,4.96,0.0,10,4960,卖盘
1066,13:31:18,4.97,0.01,20,9940,买盘
1067,13:31:21,4.96,-0.01,10,4960,卖盘
1068,13:31:24,4.96,0.0,2,992,卖盘
1069,13:31:30,4.96,0.0,29,14384,卖盘
1070,13:31:42,4.96,0.0,38,18848,卖盘
1071,13:31:45,4.96,0.0,64,31758,卖盘
1072,13:31:49,4.96,0.0,20,9920,卖盘
1073,13:31:52,4.96,0.0,18,8928,卖盘
1074,13:31:54,4.96,0.0,1,496,卖盘
1075,13:32:27,4.95,-0.01,39,19305,卖盘
1076,13:32:30,4.95,0.0,65,32175,卖盘
1077,13:32:51,4.96,0.01,5,2480,买盘
1078,13:32:55,4.95,-0.01,1,495,卖盘
1079,13:33:25,4.96,0.01,5,2480,买盘
1080,13:33:33,4.95,-0.01,1,495,卖盘
1081,13:34:03,4.95,0.0,16,7920,卖盘
1082,13:34:06,4.95,0.0,1,495,卖盘
1083,13:34:30,4.95,0.0,2,990,卖盘
1084,13:34:42,4.96,0.01,20,9920,买盘
1085,13:34:45,4.96,0.0,80,39680,买盘
1086,13:34:58,4.96,0.0,50,24800,买盘
1087,13:35:15,4.96,0.0,41,20336,买盘
1088,13:35:21,4.96,0.0,2,992,买盘
1089,13:35:30,4.96,0.0,22,10912,买盘
1090,13:35:36,4.95,-0.01,3,1485,卖盘
1091,13:35:48,4.96,0.01,10,4960,买盘
1092,13:35:51,4.95,-0.01,27,13365,卖盘
1093,13:36:06,4.95,0.0,3,1485,卖盘
1094,13:36:21,4.95,0.0,3,1485,卖盘
1095,13:36:27,4.95,0.0,1,495,卖盘
1096,13:36:37,4.95,0.0,3,1485,卖盘
1097,13:36:48,4.95,0.0,54,26730,卖盘
1098,13:37:04,4.95,0.0,16,7920,卖盘
1099,13:37:06,4.95,0.0,1,495,卖盘
1100,13:37:09,4.95,0.0,18,8910,卖盘
1101,13:37:13,4.95,0.0,450,222800,卖盘
1102,13:37:21,4.95,0.0,1,495,卖盘
1103,13:37:27,4.95,0.0,24,11880,卖盘
1104,13:37:36,4.95,0.0,2,990,卖盘
1105,13:37:42,4.95,0.0,100,49500,卖盘
1106,13:37:48,4.95,0.0,10,4950,卖盘
1107,13:37:57,4.95,0.0,10,4950,卖盘
1108,13:38:06,4.95,0.0,1,495,卖盘
1109,13:38:09,4.95,0.0,15,7425,卖盘
1110,13:38:22,4.95,0.0,1,495,卖盘
1111,13:38:30,4.96,0.01,5,2480,买盘
1112,13:38:36,4.95,-0.01,7,3465,卖盘
1113,13:38:42,4.95,0.0,30,14850,卖盘
1114,13:38:45,4.95,0.0,1,495,卖盘
1115,13:38:57,4.95,0.0,7,3465,卖盘
1116,13:39:06,4.95,0.0,15,7425,卖盘
1117,13:39:09,4.95,0.0,36,17820,卖盘
1118,13:39:12,4.95,0.0,70,34650,卖盘
1119,13:39:15,4.95,0.0,165,81675,卖盘
1120,13:39:18,4.95,0.0,58,28710,卖盘
1121,13:39:21,4.94,-0.01,1,494,卖盘
1122,13:39:34,4.94,0.0,80,39520,卖盘
1123,13:39:48,4.94,0.0,519,256386,卖盘
1124,13:39:51,4.94,0.0,7,3458,卖盘
1125,13:39:57,4.94,0.0,28,13832,卖盘
1126,13:40:00,4.94,0.0,36,17784,卖盘
1127,13:40:04,4.94,0.0,20,9880,卖盘
1128,13:40:06,4.94,0.0,12,5928,卖盘
1129,13:40:09,4.94,0.0,27,13338,卖盘
1130,13:40:18,4.94,0.0,5,2470,卖盘
1131,13:40:21,4.94,0.0,141,69654,卖盘
1132,13:40:24,4.94,0.0,30,14820,卖盘
1133,13:40:36,4.94,0.0,3,1482,卖盘
1134,13:40:39,4.94,0.0,2,988,卖盘
1135,13:40:42,4.94,0.0,1,494,卖盘
1136,13:40:57,4.94,0.0,2,988,卖盘
1137,13:41:07,4.94,0.0,3,1482,卖盘
1138,13:41:10,4.94,0.0,1,494,卖盘
1139,13:41:12,4.94,0.0,113,55922,卖盘
1140,13:41:15,4.94,0.0,61,30134,卖盘
1141,13:41:18,4.93,-0.01,2,987,卖盘
1142,13:41:30,4.93,0.0,63,31059,卖盘
1143,13:41:33,4.94,0.01,1,494,买盘
1144,13:41:36,4.93,-0.01,1,493,卖盘
1145,13:41:51,4.93,0.0,1,493,卖盘
1146,13:42:06,4.93,0.0,141,69518,卖盘
1147,13:42:09,4.93,0.0,252,124236,卖盘
1148,13:42:12,4.92,-0.01,30,14760,卖盘
1149,13:42:22,4.92,0.0,1,492,卖盘
1150,13:42:27,4.92,0.0,18,8856,卖盘
1151,13:42:30,4.92,0.0,33,16236,卖盘
1152,13:42:33,4.92,0.0,14,6888,卖盘
1153,13:42:36,4.92,0.0,2,984,卖盘
1154,13:42:39,4.93,0.01,5,2465,买盘
1155,13:42:54,4.92,-0.01,2,984,卖盘
1156,13:42:57,4.92,0.0,40,19680,卖盘
1157,13:43:00,4.92,0.0,3,1476,卖盘
1158,13:43:03,4.92,0.0,118,58056,卖盘
1159,13:43:06,4.92,0.0,64,31488,卖盘
1160,13:43:15,4.93,0.01,20,9860,买盘
1161,13:43:18,4.93,0.0,5,2465,买盘
1162,13:43:21,4.92,-0.01,20,9840,卖盘
1163,13:43:24,4.93,0.01,34,16748,买盘
1164,13:43:27,4.92,-0.01,1,492,卖盘
1165,13:43:30,4.92,0.0,1,492,卖盘
1166,13:43:36,4.92,0.0,28,13776,卖盘
1167,13:43:39,4.92,0.0,59,29028,卖盘
1168,13:43:42,4.92,0.0,50,24600,卖盘
1169,13:43:45,4.92,0.0,16,7872,卖盘
1170,13:43:48,4.92,0.0,1,492,卖盘
1171,13:43:54,4.93,0.01,10,4928,买盘
1172,13:43:57,4.92,-0.01,10,4920,卖盘
1173,13:44:00,4.92,0.0,17,8364,卖盘
1174,13:44:04,4.92,0.0,5,2460,卖盘
1175,13:44:06,4.92,0.0,1,492,卖盘
1176,13:44:10,4.92,0.0,4,1968,卖盘
1177,13:44:12,4.92,0.0,2,984,卖盘
1178,13:44:21,4.92,0.0,13,6396,卖盘
1179,13:44:24,4.93,0.01,100,49300,买盘
1180,13:44:27,4.92,-0.01,2,984,卖盘
1181,13:44:33,4.92,0.0,253,124476,卖盘
1182,13:44:36,4.92,0.0,19,9348,卖盘
1183,13:44:39,4.93,0.01,67,33006,买盘
1184,13:44:42,4.92,-0.01,1,492,卖盘
1185,13:44:48,4.92,0.0,26,12792,卖盘
1186,13:44:51,4.92,0.0,3,1476,卖盘
1187,13:44:54,4.93,0.01,218,107474,买盘
1188,13:45:00,4.92,-0.01,95,46740,卖盘
1189,13:45:03,4.93,0.01,40,19720,买盘
1190,13:45:18,4.93,0.0,17,8381,买盘
1191,13:45:21,4.92,-0.01,1,492,卖盘
1192,13:45:33,4.92,0.0,100,49200,卖盘
1193,13:45:36,4.92,0.0,1,492,卖盘
1194,13:45:42,4.92,0.0,2,984,卖盘
1195,13:45:46,4.92,0.0,5,2460,卖盘
1196,13:45:49,4.93,0.01,1,493,买盘
1197,13:45:57,4.92,-0.01,2,984,卖盘
1198,13:46:06,4.93,0.01,50,24650,买盘
1199,13:46:16,4.93,0.0,6,2958,买盘
1200,13:46:22,4.92,-0.01,36,17746,卖盘
1201,13:46:27,4.93,0.01,50,24650,买盘
1202,13:46:33,4.93,0.0,154,75922,买盘
1203,13:47:00,4.94,0.01,61,30134,买盘
1204,13:47:24,4.94,0.0,123,60762,卖盘
1205,13:47:30,4.94,0.0,20,9880,卖盘
1206,13:47:33,4.95,0.01,20,9900,买盘
1207,13:48:16,4.94,-0.01,21,10374,卖盘
1208,13:48:21,4.94,0.0,9,4446,卖盘
1209,13:48:42,4.94,0.0,15,7410,卖盘
1210,13:49:24,4.93,-0.01,12,5916,卖盘
1211,13:49:39,4.94,0.01,45,22230,买盘
1212,13:49:48,4.94,0.0,8,3952,买盘
1213,13:49:51,4.94,0.0,7,3458,买盘
1214,13:49:54,4.94,0.0,25,12340,买盘
1215,13:50:00,4.94,0.0,20,9880,买盘
1216,13:50:24,4.93,-0.01,10,4930,卖盘
1217,13:50:31,4.93,0.0,10,4930,卖盘
1218,13:50:36,4.94,0.01,50,24700,买盘
1219,13:51:00,4.94,0.0,30,14820,买盘
1220,13:51:09,4.94,0.0,5,2470,买盘
1221,13:51:15,4.94,0.0,299,147706,买盘
1222,13:51:18,4.94,0.0,39,19266,买盘
1223,13:51:21,4.94,0.0,5,2470,买盘
1224,13:51:30,4.94,0.0,63,31122,买盘
1225,13:51:54,4.94,0.0,69,34086,卖盘
1226,13:51:57,4.94,0.0,1,494,卖盘
1227,13:52:00,4.94,0.0,22,10868,卖盘
1228,13:52:19,4.94,0.0,10,4940,卖盘
1229,13:52:24,4.94,0.0,6,2964,卖盘
1230,13:52:42,4.94,0.0,200,98800,卖盘
1231,13:53:01,4.94,0.0,4,1976,卖盘
1232,13:53:15,4.94,0.0,20,9880,卖盘
1233,13:53:30,4.94,0.0,17,8398,卖盘
1234,13:53:33,4.94,0.0,68,33592,卖盘
1235,13:53:36,4.94,0.0,3,1482,卖盘
1236,13:53:45,4.94,0.0,20,9880,卖盘
1237,13:53:54,4.94,0.0,5,2470,卖盘
1238,13:53:57,4.94,0.0,1,494,卖盘
1239,13:54:00,4.94,0.0,1,494,卖盘
1240,13:54:04,4.94,0.0,28,13832,卖盘
1241,13:54:10,4.94,0.0,5,2470,买盘
1242,13:54:36,4.93,-0.01,3,1479,卖盘
1243,13:54:39,4.93,0.0,44,21734,卖盘
1244,13:54:42,4.93,0.0,16,7888,卖盘
1245,13:54:45,4.94,0.01,6,2964,买盘
1246,13:55:00,4.94,0.0,21,10354,买盘
1247,13:55:04,4.93,-0.01,5,2465,卖盘
1248,13:55:06,4.94,0.01,27,13338,买盘
1249,13:55:09,4.94,0.0,11,5434,卖盘
1250,13:55:24,4.94,0.0,6,2964,卖盘
1251,13:55:27,4.94,0.0,43,21242,卖盘
1252,13:55:57,4.94,0.0,90,44460,卖盘
1253,13:56:04,4.94,0.0,188,92872,卖盘
1254,13:56:21,4.93,-0.01,50,24650,卖盘
1255,13:56:30,4.93,0.0,31,15283,卖盘
1256,13:56:33,4.93,0.0,592,291856,卖盘
1257,13:56:42,4.93,0.0,22,10846,买盘
1258,13:56:49,4.92,-0.01,115,56588,卖盘
1259,13:57:12,4.93,0.01,9,4437,卖盘
1260,13:57:27,4.93,0.0,94,46342,买盘
1261,13:57:34,4.93,0.0,6,2958,卖盘
1262,13:57:36,4.93,0.0,18,8874,买盘
1263,13:57:48,4.93,0.0,5,2465,卖盘
1264,13:57:51,4.93,0.0,2,986,卖盘
1265,13:57:57,4.94,0.01,25,12350,买盘
1266,13:58:00,4.94,0.0,2,988,买盘
1267,13:58:12,4.93,-0.01,90,44370,卖盘
1268,13:58:15,4.93,0.0,7,3451,买盘
1269,13:58:18,4.93,0.0,2,986,买盘
1270,13:58:24,4.93,0.0,5,2465,买盘
1271,13:58:48,4.94,0.01,10,4940,买盘
1272,13:58:51,4.93,-0.01,1,493,卖盘
1273,13:59:12,4.93,0.0,8,3944,卖盘
1274,13:59:15,4.93,0.0,12,5916,卖盘
1275,13:59:22,4.93,0.0,1,493,卖盘
1276,13:59:24,4.94,0.01,189,93366,买盘
1277,13:59:30,4.93,-0.01,10,4930,卖盘
1278,13:59:36,4.94,0.01,1,494,买盘
1279,13:59:45,4.93,-0.01,5,2465,卖盘
1280,14:00:01,4.94,0.01,9,4446,买盘
1281,14:01:00,4.93,-0.01,15,7395,卖盘
1282,14:01:18,4.93,0.0,1,493,卖盘
1283,14:01:21,4.93,0.0,5,2465,卖盘
1284,14:01:33,4.93,0.0,1,493,卖盘
1285,14:01:45,4.93,0.0,470,231710,卖盘
1286,14:01:54,4.93,0.0,4,1972,买盘
1287,14:02:01,4.93,0.0,10,4930,买盘
1288,14:02:06,4.93,0.0,20,9860,买盘
1289,14:02:12,4.93,0.0,23,11339,买盘
1290,14:02:27,4.93,0.0,7,3451,买盘
1291,14:02:30,4.92,-0.01,37,18204,卖盘
1292,14:02:37,4.93,0.01,20,9860,买盘
1293,14:02:42,4.93,0.0,1,493,买盘
1294,14:02:57,4.92,-0.01,5,2460,卖盘
1295,14:03:30,4.93,0.01,48,23664,买盘
1296,14:03:36,4.92,-0.01,1,492,卖盘
1297,14:03:39,4.93,0.01,13,6409,买盘
1298,14:03:42,4.93,0.0,21,10353,买盘
1299,14:03:46,4.93,0.0,100,49300,买盘
1300,14:03:51,4.92,-0.01,15,7393,卖盘
1301,14:03:57,4.93,0.01,56,27608,买盘
1302,14:04:00,4.93,0.0,6,2958,买盘
1303,14:04:15,4.92,-0.01,361,177612,卖盘
1304,14:04:45,4.92,0.0,50,24600,卖盘
1305,14:04:54,4.92,0.0,50,24600,卖盘
1306,14:04:57,4.92,0.0,35,17220,卖盘
1307,14:05:09,4.92,0.0,40,19680,卖盘
1308,14:05:27,4.92,0.0,20,9840,卖盘
1309,14:05:36,4.92,0.0,60,29520,卖盘
1310,14:05:46,4.92,0.0,2,984,卖盘
1311,14:06:15,4.93,0.01,23,11339,买盘
1312,14:06:18,4.92,-0.01,79,38868,卖盘
1313,14:06:49,4.92,0.0,12,5904,卖盘
1314,14:06:51,4.93,0.01,2,986,买盘
1315,14:07:06,4.92,-0.01,5,2460,卖盘
1316,14:07:15,4.93,0.01,11,5423,买盘
1317,14:07:21,4.93,0.0,34,16762,买盘
1318,14:07:33,4.92,-0.01,24,11812,卖盘
1319,14:07:36,4.92,0.0,4,1968,卖盘
1320,14:08:00,4.93,0.01,10,4930,买盘
1321,14:08:06,4.92,-0.01,5,2460,卖盘
1322,14:08:24,4.93,0.01,10,4930,买盘
1323,14:08:36,4.92,-0.01,5,2460,卖盘
1324,14:08:51,4.93,0.01,110,54230,买盘
1325,14:09:01,4.92,-0.01,32,15744,卖盘
1326,14:09:04,4.93,0.01,2,986,买盘
1327,14:09:09,4.93,0.0,19,9367,买盘
1328,14:09:12,4.93,0.0,2,986,买盘
1329,14:09:15,4.93,0.0,3,1479,买盘
1330,14:09:18,4.93,0.0,2,986,买盘
1331,14:09:21,4.93,0.0,120,59160,买盘
1332,14:09:24,4.93,0.0,6,2958,买盘
1333,14:09:30,4.92,-0.01,1,492,卖盘
1334,14:09:34,4.92,0.0,5,2464,卖盘
1335,14:09:36,4.92,0.0,5,2460,卖盘
1336,14:09:45,4.95,0.03,908,449030,买盘
1337,14:09:48,4.95,0.0,84,41580,卖盘
1338,14:09:51,4.96,0.01,11,5446,买盘
1339,14:10:00,4.96,0.0,8,3968,买盘
1340,14:10:12,4.96,0.0,17,8432,买盘
1341,14:10:30,4.95,-0.01,10,4950,卖盘
1342,14:10:34,4.96,0.01,8,3968,买盘
1343,14:10:45,4.95,-0.01,5,2475,卖盘
1344,14:10:57,4.95,0.0,1,495,卖盘
1345,14:11:00,4.96,0.01,21,10416,买盘
1346,14:11:16,4.96,0.0,20,9920,买盘
1347,14:11:21,4.95,-0.01,10,4950,卖盘
1348,14:11:24,4.95,0.0,2,990,卖盘
1349,14:11:27,4.95,0.0,4,1980,卖盘
1350,14:11:30,4.96,0.01,100,49600,买盘
1351,14:12:28,4.96,0.0,30,14880,买盘
1352,14:12:39,4.96,0.0,76,37696,买盘
1353,14:12:57,4.96,0.0,49,24304,买盘
1354,14:13:00,4.96,0.0,5,2480,买盘
1355,14:13:27,4.95,-0.01,200,99000,卖盘
1356,14:13:51,4.95,0.0,38,18810,卖盘
1357,14:13:57,4.94,-0.01,3,1482,卖盘
1358,14:15:24,4.95,0.01,1,495,买盘
1359,14:15:36,4.94,-0.01,3,1482,卖盘
1360,14:15:51,4.94,0.0,146,72124,卖盘
1361,14:15:54,4.94,0.0,117,57798,买盘
1362,14:15:57,4.94,0.0,14,6916,卖盘
1363,14:16:18,4.95,0.01,48,23760,买盘
1364,14:16:24,4.94,-0.01,50,24700,卖盘
1365,14:16:27,4.94,0.0,10,4940,卖盘
1366,14:16:33,4.94,0.0,1,494,卖盘
1367,14:16:42,4.94,0.0,5,2470,卖盘
1368,14:17:06,4.94,0.0,2,988,卖盘
1369,14:17:36,4.94,0.0,7,3458,卖盘
1370,14:17:42,4.95,0.01,4,1980,买盘
1371,14:17:51,4.94,-0.01,78,38532,卖盘
1372,14:17:54,4.94,0.0,19,9386,卖盘
1373,14:18:00,4.94,0.0,2,988,卖盘
1374,14:18:06,4.94,0.0,53,26182,卖盘
1375,14:18:15,4.94,0.0,11,5434,卖盘
1376,14:18:27,4.94,0.0,4,1976,卖盘
1377,14:18:36,4.94,0.0,6,2964,卖盘
1378,14:18:42,4.94,0.0,1,494,卖盘
1379,14:18:55,4.95,0.01,2,990,买盘
1380,14:18:57,4.94,-0.01,26,12844,卖盘
1381,14:19:03,4.94,0.0,39,19266,卖盘
1382,14:19:06,4.94,0.0,4,1976,卖盘
1383,14:19:15,4.95,0.01,20,9900,买盘
1384,14:19:33,4.94,-0.01,35,17290,卖盘
1385,14:19:37,4.95,0.01,67,33155,买盘
1386,14:19:45,4.94,-0.01,15,7410,卖盘
1387,14:20:21,4.95,0.01,4,1980,买盘
1388,14:21:06,4.94,-0.01,1,494,卖盘
1389,14:21:24,4.94,0.0,10,4940,卖盘
1390,14:21:27,4.95,0.01,26,12870,买盘
1391,14:21:36,4.94,-0.01,4,1976,卖盘
1392,14:21:51,4.94,0.0,3,1482,卖盘
1393,14:22:04,4.94,0.0,36,17784,卖盘
1394,14:22:06,4.94,0.0,7,3458,卖盘
1395,14:22:12,4.95,0.01,60,29700,买盘
1396,14:22:15,4.94,-0.01,6,2964,卖盘
1397,14:22:36,4.94,0.0,84,41577,卖盘
1398,14:22:45,4.95,0.01,167,82665,买盘
1399,14:22:57,4.95,0.0,88,43560,卖盘
1400,14:23:13,4.95,0.0,5,2475,买盘
1401,14:23:24,4.96,0.01,12,5942,买盘
1402,14:23:30,4.95,-0.01,1,495,卖盘
1403,14:23:36,4.95,0.0,85,42075,卖盘
1404,14:23:45,4.95,0.0,1,495,卖盘
1405,14:23:52,4.96,0.01,10,4960,买盘
1406,14:23:57,4.95,-0.01,42,20790,卖盘
1407,14:24:01,4.95,0.0,1,495,卖盘
1408,14:24:36,4.96,0.01,173,85808,买盘
1409,14:24:57,4.96,0.0,12,5952,买盘
1410,14:25:06,4.95,-0.01,78,38610,卖盘
1411,14:25:16,4.96,0.01,37,18352,买盘
1412,14:25:18,4.95,-0.01,30,14850,卖盘
1413,14:25:36,4.95,0.0,7,3465,卖盘
1414,14:25:45,4.96,0.01,10,4960,买盘
1415,14:26:06,4.95,-0.01,5,2475,卖盘
1416,14:26:18,4.96,0.01,10,4960,买盘
1417,14:26:24,4.95,-0.01,120,59400,卖盘
1418,14:26:30,4.95,0.0,15,7425,卖盘
1419,14:26:36,4.96,0.01,40,19840,买盘
1420,14:26:48,4.96,0.0,10,4960,买盘
1421,14:27:00,4.95,-0.01,3,1485,卖盘
1422,14:27:04,4.96,0.01,5,2480,买盘
1423,14:27:06,4.95,-0.01,326,161370,卖盘
1424,14:27:42,4.95,0.0,44,21780,买盘
1425,14:27:51,4.95,0.0,40,19800,买盘
1426,14:27:54,4.95,0.0,34,16830,买盘
1427,14:28:04,4.95,0.0,10,4950,买盘
1428,14:28:07,4.94,-0.01,4,1976,卖盘
1429,14:28:12,4.95,0.01,54,26710,买盘
1430,14:28:33,4.95,0.0,10,4950,卖盘
1431,14:29:12,4.95,0.0,76,37620,卖盘
1432,14:29:21,4.95,0.0,5,2475,卖盘
1433,14:29:36,4.95,0.0,6,2970,卖盘
1434,14:29:39,4.95,0.0,59,29205,卖盘
1435,14:30:04,4.95,0.0,10,4950,卖盘
1436,14:30:09,4.95,0.0,6,2970,卖盘
1437,14:30:36,4.96,0.01,100,49600,买盘
1438,14:30:42,4.96,0.0,30,14880,买盘
1439,14:30:45,4.96,0.0,115,57040,买盘
1440,14:30:48,4.96,0.0,20,9920,买盘
1441,14:30:51,4.96,0.0,74,36704,买盘
1442,14:31:10,4.97,0.01,154,76538,买盘
1443,14:31:12,4.96,-0.01,40,19840,卖盘
1444,14:31:18,4.97,0.01,186,92442,买盘
1445,14:31:27,4.98,0.01,771,383958,买盘
1446,14:31:30,4.98,0.0,25,12450,卖盘
1447,14:31:33,4.97,-0.01,39,19395,卖盘
1448,14:31:39,4.98,0.01,59,29382,卖盘
1449,14:31:45,4.98,0.0,6,2988,卖盘
1450,14:31:48,4.99,0.01,273,136211,买盘
1451,14:31:52,4.99,0.0,21,10479,买盘
1452,14:31:54,4.99,0.0,20,9980,买盘
1453,14:31:58,4.99,0.0,77,38159,买盘
1454,14:32:01,4.99,0.0,185,92315,卖盘
1455,14:32:04,4.99,0.0,52,25948,卖盘
1456,14:32:06,5.01,0.02,1395,697836,买盘
1457,14:32:09,5.0,-0.01,30,14975,中性盘
1458,14:32:12,5.0,0.0,4,2000,卖盘
1459,14:32:15,5.01,0.01,1034,518624,买盘
1460,14:32:21,5.01,0.0,165,82649,买盘
1461,14:32:24,5.02,0.01,9,4518,买盘
1462,14:32:27,5.01,-0.01,141,70663,卖盘
1463,14:32:30,5.02,0.01,4,2008,买盘
1464,14:32:33,5.02,0.0,12,6024,买盘
1465,14:32:36,5.02,0.0,8,4016,买盘
1466,14:32:39,5.02,0.0,45,22556,买盘
1467,14:32:42,5.01,-0.01,22,11022,卖盘
1468,14:32:46,5.02,0.01,41,20582,买盘
1469,14:32:48,5.02,0.0,26,13046,买盘
1470,14:32:51,5.01,-0.01,265,132911,卖盘
1471,14:32:54,5.01,0.0,49,24549,卖盘
1472,14:33:00,5.0,-0.01,34,17000,卖盘
1473,14:33:03,5.0,0.0,108,54000,卖盘
1474,14:33:06,5.0,0.0,176,88120,卖盘
1475,14:33:09,5.0,0.0,46,23000,买盘
1476,14:33:18,4.98,-0.02,20,9960,卖盘
1477,14:33:21,5.0,0.02,30,15000,买盘
1478,14:33:31,4.99,-0.01,34,16966,卖盘
1479,14:33:34,4.99,0.0,24,11979,卖盘
1480,14:33:40,4.99,0.0,7,3493,买盘
1481,14:33:46,4.98,-0.01,11,5478,卖盘
1482,14:34:06,4.98,0.0,108,53831,卖盘
1483,14:34:09,4.98,0.0,11,5478,卖盘
1484,14:34:12,4.99,0.01,6,2994,买盘
1485,14:34:15,4.98,-0.01,34,16932,卖盘
1486,14:34:18,4.99,0.01,25,12475,买盘
1487,14:34:21,4.98,-0.01,129,64242,卖盘
1488,14:34:25,4.99,0.01,20,9980,买盘
1489,14:34:27,4.98,-0.01,9,4486,卖盘
1490,14:34:36,4.99,0.01,50,24950,买盘
1491,14:34:42,4.99,0.0,42,20958,买盘
1492,14:34:45,4.99,0.0,63,31437,买盘
1493,14:34:57,4.99,0.0,100,49900,卖盘
1494,14:35:01,5.01,0.02,439,219643,买盘
1495,14:35:09,5.0,-0.01,111,55500,卖盘
1496,14:35:12,5.0,0.0,59,29500,买盘
1497,14:35:15,5.0,0.0,5,2500,卖盘
1498,14:35:18,5.0,0.0,20,10008,卖盘
1499,14:35:21,5.0,0.0,2,1000,卖盘
1500,14:35:24,5.01,0.01,65,32525,买盘
1501,14:35:33,5.0,-0.01,2,1000,卖盘
1502,14:35:36,5.0,0.0,14,7000,卖盘
1503,14:35:42,5.01,0.01,475,237345,买盘
1504,14:35:48,5.0,-0.01,2,1000,买盘
1505,14:35:51,4.99,-0.01,118,58949,卖盘
1506,14:36:01,5.0,0.01,3,1500,买盘
1507,14:36:04,4.99,-0.01,64,31936,卖盘
1508,14:36:06,5.0,0.01,24,12000,买盘
1509,14:36:30,4.99,-0.01,69,34431,买盘
1510,14:36:33,5.0,0.01,10,5000,买盘
1511,14:36:39,4.99,-0.01,79,39498,卖盘
1512,14:36:45,4.99,0.0,110,54890,卖盘
1513,14:36:51,4.99,0.0,42,20997,卖盘
1514,14:36:54,4.99,0.0,123,61377,卖盘
1515,14:37:09,4.99,0.0,10,4990,买盘
1516,14:37:12,4.98,-0.01,13,6474,卖盘
1517,14:37:25,4.98,0.0,60,29880,卖盘
1518,14:37:42,4.98,0.0,20,9960,卖盘
1519,14:37:51,4.98,0.0,10,4980,卖盘
1520,14:38:00,4.99,0.01,30,14970,买盘
1521,14:38:03,4.99,0.0,60,29940,买盘
1522,14:38:09,4.99,0.0,8,3992,买盘
1523,14:38:24,4.99,0.0,20,9980,买盘
1524,14:38:30,4.99,0.0,57,28443,买盘
1525,14:38:33,4.99,0.0,99,49401,买盘
1526,14:38:36,4.99,0.0,13,6487,买盘
1527,14:38:39,4.99,0.0,93,46407,买盘
1528,14:38:42,4.99,0.0,4,1996,买盘
1529,14:38:46,4.98,-0.01,241,120058,卖盘
1530,14:38:48,4.98,0.0,20,9960,卖盘
1531,14:38:52,4.98,0.0,120,59760,卖盘
1532,14:38:54,4.99,0.01,2,998,买盘
1533,14:39:03,4.99,0.0,78,38884,买盘
1534,14:39:12,4.99,0.0,10,4990,买盘
1535,14:39:15,4.99,0.0,10,4990,买盘
1536,14:39:24,4.99,0.0,200,99800,买盘
1537,14:39:27,4.99,0.0,4,1996,买盘
1538,14:39:30,4.99,0.0,10,4990,买盘
1539,14:39:39,4.99,0.0,11,5489,买盘
1540,14:39:45,4.99,0.0,10,4990,买盘
1541,14:39:48,4.98,-0.01,4,1992,卖盘
1542,14:39:54,4.99,0.01,25,12475,买盘
1543,14:40:00,4.99,0.0,10,4990,买盘
1544,14:40:04,4.99,0.0,37,18463,买盘
1545,14:40:09,4.99,0.0,20,9980,买盘
1546,14:40:15,4.99,0.0,39,19461,买盘
1547,14:40:18,4.99,0.0,186,92704,买盘
1548,14:40:21,4.99,0.0,5,2495,买盘
1549,14:40:30,4.99,0.0,91,45404,买盘
1550,14:40:51,5.0,0.01,4,2000,买盘
1551,14:40:54,4.99,-0.01,6,2994,卖盘
1552,14:40:57,5.0,0.01,22,11000,买盘
1553,14:41:00,5.0,0.0,101,50499,买盘
1554,14:41:15,5.0,0.0,15,7500,买盘
1555,14:41:18,4.99,-0.01,28,13973,卖盘
1556,14:41:21,5.0,0.01,17,8500,买盘
1557,14:41:27,4.99,-0.01,30,14970,卖盘
1558,14:41:30,4.99,0.0,1,499,卖盘
1559,14:41:33,5.0,0.01,13,6490,买盘
1560,14:41:45,5.0,0.0,35,17500,买盘
1561,14:41:49,5.0,0.0,925,462784,买盘
1562,14:41:51,5.0,0.0,40,20000,买盘
1563,14:41:54,5.0,0.0,8,4000,买盘
1564,14:42:01,5.0,0.0,195,97449,买盘
1565,14:42:06,5.0,0.0,61,30500,卖盘
1566,14:42:09,5.0,0.0,10,5000,卖盘
1567,14:42:12,5.0,0.0,75,37513,卖盘
1568,14:42:15,5.0,0.0,61,30500,买盘
1569,14:42:18,5.0,0.0,206,103000,买盘
1570,14:42:21,5.0,0.0,56,28000,买盘
1571,14:42:24,5.0,0.0,150,74869,买盘
1572,14:42:27,5.0,0.0,9,4500,买盘
1573,14:42:33,4.99,-0.01,61,30439,卖盘
1574,14:42:36,4.99,0.0,363,181293,卖盘
1575,14:42:45,5.0,0.01,205,102400,买盘
1576,14:42:48,4.99,-0.01,100,49900,卖盘
1577,14:42:54,4.99,0.0,124,61905,卖盘
1578,14:42:57,4.99,0.0,2,998,买盘
1579,14:43:04,4.99,0.0,125,62375,买盘
1580,14:43:12,4.99,0.0,71,35429,卖盘
1581,14:43:15,4.99,0.0,46,22954,卖盘
1582,14:43:18,4.99,0.0,71,35429,卖盘
1583,14:43:21,4.99,0.0,11,5489,卖盘
1584,14:43:25,4.99,0.0,244,121756,卖盘
1585,14:43:33,4.99,0.0,50,24950,买盘
1586,14:43:39,4.99,0.0,10,4990,买盘
1587,14:43:48,4.98,-0.01,277,137946,卖盘
1588,14:43:54,4.98,0.0,79,39342,卖盘
1589,14:44:00,4.98,0.0,59,29382,买盘
1590,14:44:03,4.98,0.0,25,12450,买盘
1591,14:44:15,4.98,0.0,135,67230,买盘
1592,14:44:25,4.98,0.0,55,27390,卖盘
1593,14:44:28,4.99,0.01,195,97305,买盘
1594,14:44:33,4.98,-0.01,300,149400,卖盘
1595,14:44:36,4.98,0.0,125,62277,卖盘
1596,14:44:45,4.98,0.0,25,12450,买盘
1597,14:44:48,4.98,0.0,355,176490,买盘
1598,14:44:54,4.98,0.0,60,29880,买盘
1599,14:44:57,4.97,-0.01,182,90454,卖盘
1600,14:45:00,4.97,0.0,182,90454,卖盘
1601,14:45:04,4.97,0.0,37,18389,卖盘
1602,14:45:06,4.97,0.0,5,2485,买盘
1603,14:45:15,4.97,0.0,30,14910,买盘
1604,14:45:27,4.97,0.0,120,59640,买盘
1605,14:45:30,4.97,0.0,20,9940,买盘
1606,14:45:33,4.97,0.0,5,2485,买盘
1607,14:45:43,4.97,0.0,157,78029,买盘
1608,14:45:45,4.97,0.0,80,39760,买盘
1609,14:45:57,4.97,0.0,222,110384,卖盘
1610,14:46:04,4.98,0.01,677,337146,买盘
1611,14:46:12,4.98,0.0,73,36354,买盘
1612,14:46:15,4.97,-0.01,21,10437,卖盘
1613,14:46:22,4.98,0.01,39,19417,买盘
1614,14:46:25,4.96,-0.02,58,28768,卖盘
1615,14:46:27,4.97,0.01,127,63119,买盘
1616,14:46:30,4.97,0.0,5,2485,买盘
1617,14:46:33,4.96,-0.01,38,18858,卖盘
1618,14:46:36,4.96,0.0,74,36704,卖盘
1619,14:46:51,4.97,0.01,60,29820,买盘
1620,14:46:54,4.97,0.0,20,9940,买盘
1621,14:47:00,4.97,0.0,5,2485,买盘
1622,14:47:04,4.97,0.0,21,10437,买盘
1623,14:47:06,4.97,0.0,113,56161,买盘
1624,14:47:18,4.98,0.01,127,63134,买盘
1625,14:47:24,4.97,-0.01,500,248500,卖盘
1626,14:47:30,4.98,0.01,201,100098,买盘
1627,14:47:33,4.98,0.0,198,98604,卖盘
1628,14:47:39,4.98,0.0,123,61254,卖盘
1629,14:47:42,4.98,0.0,466,232427,卖盘
1630,14:47:48,4.98,0.0,37,18426,买盘
1631,14:47:51,4.98,0.0,18,8964,买盘
1632,14:47:57,4.98,0.0,10,4980,买盘
1633,14:48:00,4.98,0.0,10,4980,买盘
1634,14:48:06,4.97,-0.01,6,2982,卖盘
1635,14:48:21,4.97,0.0,61,30377,卖盘
1636,14:48:36,4.97,0.0,32,15904,卖盘
1637,14:48:51,4.97,0.0,243,120781,卖盘
1638,14:48:57,4.98,0.01,5,2490,买盘
1639,14:49:10,4.97,-0.01,65,32305,卖盘
1640,14:49:12,4.98,0.01,20,9960,买盘
1641,14:49:15,4.97,-0.01,45,22365,卖盘
1642,14:49:21,4.97,0.0,45,22365,卖盘
1643,14:49:28,4.97,0.0,23,11431,卖盘
1644,14:49:31,4.97,0.0,23,11431,卖盘
1645,14:49:36,4.97,0.0,172,85484,卖盘
1646,14:49:40,4.98,0.01,5,2490,买盘
1647,14:49:46,4.97,-0.01,3,1491,卖盘
1648,14:49:48,4.97,0.0,89,44233,卖盘
1649,14:49:51,4.97,0.0,5,2485,买盘
1650,14:49:57,4.96,-0.01,18,8928,卖盘
1651,14:50:00,4.97,0.01,210,104370,买盘
1652,14:50:06,4.97,0.0,169,83993,买盘
1653,14:50:10,4.97,0.0,23,11431,买盘
1654,14:50:15,4.97,0.0,85,42245,卖盘
1655,14:50:19,4.98,0.01,48,23904,买盘
1656,14:50:24,4.97,-0.01,150,74600,卖盘
1657,14:50:27,4.98,0.01,20,9960,买盘
1658,14:50:30,4.97,-0.01,500,248500,卖盘
1659,14:50:42,4.98,0.01,4,1992,买盘
1660,14:50:51,4.98,0.0,20,9960,买盘
1661,14:50:57,4.98,0.0,3,1494,买盘
1662,14:51:00,4.98,0.0,5,2490,买盘
1663,14:51:04,4.97,-0.01,1,497,卖盘
1664,14:51:06,4.97,0.0,171,84987,卖盘
1665,14:51:09,4.97,0.0,51,25347,买盘
1666,14:51:12,4.96,-0.01,120,59620,卖盘
1667,14:51:21,4.97,0.01,14,6958,买盘
1668,14:51:24,4.96,-0.01,10,4960,卖盘
1669,14:51:28,4.97,0.01,69,34293,买盘
1670,14:51:37,4.97,0.0,32,15904,买盘
1671,14:51:39,4.96,-0.01,70,34720,卖盘
1672,14:51:51,4.97,0.01,100,49700,买盘
1673,14:51:54,4.97,0.0,40,19880,买盘
1674,14:51:57,4.96,-0.01,5,2480,卖盘
1675,14:52:12,4.97,0.01,20,9930,买盘
1676,14:52:18,4.96,-0.01,51,25327,卖盘
1677,14:52:21,4.97,0.01,30,14910,买盘
1678,14:52:24,4.97,0.0,64,31808,买盘
1679,14:52:30,4.97,0.0,32,15904,买盘
1680,14:52:33,4.96,-0.01,7,3475,卖盘
1681,14:52:36,4.97,0.01,11,5466,买盘
1682,14:52:39,4.97,0.0,8,3976,卖盘
1683,14:52:46,4.97,0.0,74,36778,卖盘
1684,14:52:48,4.98,0.01,40,19920,买盘
1685,14:52:54,4.98,0.0,112,55776,买盘
1686,14:52:57,4.97,-0.01,202,100394,卖盘
1687,14:53:00,4.97,0.0,36,17892,卖盘
1688,14:53:03,4.97,0.0,170,84503,卖盘
1689,14:53:06,4.97,0.0,37,18389,买盘
1690,14:53:09,4.97,0.0,455,225730,买盘
1691,14:53:12,4.97,0.0,4,1988,买盘
1692,14:53:15,4.98,0.01,100,49715,买盘
1693,14:53:18,4.98,0.0,60,29850,买盘
1694,14:53:21,4.97,-0.01,1,497,卖盘
1695,14:53:24,4.97,0.0,41,20377,卖盘
1696,14:53:28,4.98,0.01,33,16420,买盘
1697,14:53:30,4.97,-0.01,10,4970,卖盘
1698,14:53:36,4.97,0.0,10,4970,买盘
1699,14:53:39,4.97,0.0,123,61130,买盘
1700,14:53:45,4.97,0.0,121,60137,买盘
1701,14:53:51,4.97,0.0,54,26838,买盘
1702,14:53:57,4.96,-0.01,121,60037,卖盘
1703,14:54:03,4.96,0.0,35,17380,卖盘
1704,14:54:13,4.97,0.01,130,64610,买盘
1705,14:54:15,4.97,0.0,3,1491,买盘
1706,14:54:18,4.97,0.0,50,24850,买盘
1707,14:54:21,4.97,0.0,20,9940,买盘
1708,14:54:24,4.97,0.0,6,2980,买盘
1709,14:54:27,4.97,0.0,11,5467,买盘
1710,14:54:30,4.96,-0.01,77,38238,卖盘
1711,14:54:36,4.97,0.01,65,32305,买盘
1712,14:54:42,4.97,0.0,232,115304,买盘
1713,14:54:45,4.98,0.01,226,112534,买盘
1714,14:54:54,4.97,-0.01,18,8946,卖盘
1715,14:55:00,4.97,0.0,32,15904,卖盘
1716,14:55:04,4.97,0.0,41,20377,卖盘
1717,14:55:09,4.97,0.0,230,114310,卖盘
1718,14:55:12,4.97,0.0,122,60669,卖盘
1719,14:55:18,4.97,0.0,75,37275,买盘
1720,14:55:21,4.97,0.0,67,33233,买盘
1721,14:55:24,4.97,0.0,97,48179,买盘
1722,14:55:27,4.98,0.01,23,11432,买盘
1723,14:55:30,4.97,-0.01,14,6958,卖盘
1724,14:55:33,4.96,-0.01,2,992,卖盘
1725,14:55:39,4.97,0.01,104,51688,买盘
1726,14:55:42,4.97,0.0,125,62124,买盘
1727,14:55:45,4.97,0.0,118,58646,买盘
1728,14:55:48,4.97,0.0,4,1988,卖盘
1729,14:55:51,4.97,0.0,28,13916,卖盘
1730,14:55:54,4.97,0.0,93,46221,卖盘
1731,14:56:00,4.97,0.0,495,246015,卖盘
1732,14:56:06,4.98,0.01,62,30871,买盘
1733,14:56:15,4.98,0.0,83,41334,买盘
1734,14:56:18,4.98,0.0,19,9462,买盘
1735,14:56:21,4.98,0.0,28,13917,买盘
1736,14:56:24,4.98,0.0,22,10956,买盘
1737,14:56:30,4.98,0.0,42,20916,买盘
1738,14:56:33,4.97,-0.01,272,135454,卖盘
1739,14:56:36,4.98,0.01,300,149400,买盘
1740,14:56:39,4.97,-0.01,475,236075,卖盘
1741,14:56:42,4.98,0.01,52,25870,买盘
1742,14:56:45,4.98,0.0,20,9960,卖盘
1743,14:56:48,4.98,0.0,36,17898,买盘
1744,14:56:51,4.98,0.0,100,49800,买盘
1745,14:56:54,4.98,0.0,9,4482,买盘
1746,14:57:00,4.97,-0.01,4,1988,卖盘
1747,15:00:04,4.97,0.0,1492,741524,卖盘
