,time,price,change,volume,amount,type
0,09:25:04,4.16,0.06,520,216320,买盘
1,09:30:03,4.15,-0.01,193,79943,中性盘
2,09:30:06,4.14,-0.01,21,8695,卖盘
3,09:30:15,4.14,0.0,16,6624,卖盘
4,09:30:18,4.15,0.01,46,19090,买盘
5,09:30:24,4.14,-0.01,16,6624,卖盘
6,09:30:36,4.14,0.0,17,7038,卖盘
7,09:30:43,4.14,0.0,27,11178,卖盘
8,09:30:45,4.14,0.0,16,6624,卖盘
9,09:30:48,4.14,0.0,20,8280,卖盘
10,09:30:51,4.14,0.0,15,6210,卖盘
11,09:30:54,4.15,0.01,73,30234,买盘
12,09:30:57,4.14,-0.01,42,17388,卖盘
13,09:31:00,4.14,0.0,51,21114,卖盘
14,09:31:04,4.14,0.0,93,38502,卖盘
15,09:31:06,4.14,0.0,143,59202,卖盘
16,09:31:09,4.14,0.0,314,129996,卖盘
17,09:31:12,4.14,0.0,1,414,买盘
18,09:31:15,4.13,-0.01,18,7434,卖盘
19,09:31:18,4.13,0.0,1,413,卖盘
20,09:31:21,4.13,0.0,1,413,卖盘
21,09:31:24,4.12,-0.01,20,8244,卖盘
22,09:31:36,4.14,0.02,401,165798,买盘
23,09:31:42,4.14,0.0,40,16560,买盘
24,09:31:45,4.12,-0.02,16,6602,卖盘
25,09:31:51,4.14,0.02,1,414,买盘
26,09:31:54,4.12,-0.02,32,13199,卖盘
27,09:32:01,4.12,0.0,15,6180,卖盘
28,09:32:04,4.13,0.01,3,1239,买盘
29,09:32:06,4.13,0.0,23,9483,买盘
30,09:32:12,4.13,0.0,90,37170,买盘
31,09:32:15,4.13,0.0,17,7021,卖盘
32,09:32:24,4.12,-0.01,303,125123,卖盘
33,09:32:27,4.13,0.01,31,12803,买盘
34,09:32:30,4.14,0.01,66,27259,买盘
35,09:32:33,4.13,-0.01,4,1652,卖盘
36,09:32:36,4.13,0.0,17,7021,卖盘
37,09:32:45,4.13,0.0,16,6608,卖盘
38,09:32:51,4.14,0.01,1,414,买盘
39,09:32:54,4.14,0.0,159,65684,买盘
40,09:32:57,4.14,0.0,71,29394,买盘
41,09:33:00,4.14,0.0,134,55476,买盘
42,09:33:04,4.14,0.0,5,2070,买盘
43,09:33:06,4.13,-0.01,16,6608,卖盘
44,09:33:15,4.14,0.01,18,7435,买盘
45,09:33:24,4.13,-0.01,31,12803,卖盘
46,09:33:27,4.14,0.01,2,827,买盘
47,09:33:30,4.13,-0.01,6,2478,卖盘
48,09:33:33,4.13,0.0,1,413,卖盘
49,09:33:36,4.13,0.0,18,7434,卖盘
50,09:33:39,4.13,0.0,8,3309,卖盘
51,09:33:42,4.13,0.0,1,413,卖盘
52,09:33:45,4.13,0.0,118,48835,卖盘
53,09:33:48,4.13,0.0,3,1239,卖盘
54,09:33:51,4.13,0.0,1,413,卖盘
55,09:33:54,4.13,0.0,30,12401,卖盘
56,09:33:57,4.14,0.01,2,827,买盘
57,09:34:00,4.13,-0.01,1,413,卖盘
58,09:34:04,4.13,0.0,2,826,卖盘
59,09:34:06,4.13,0.0,16,6608,卖盘
60,09:34:12,4.13,0.0,2,826,卖盘
61,09:34:15,4.13,0.0,17,7021,卖盘
62,09:34:18,4.13,0.0,4,1652,卖盘
63,09:34:24,4.13,0.0,17,7021,卖盘
64,09:34:27,4.13,0.0,1,413,卖盘
65,09:34:33,4.14,0.01,1,414,买盘
66,09:34:36,4.14,0.0,17,7022,买盘
67,09:34:45,4.13,-0.01,17,7021,卖盘
68,09:34:54,4.14,0.01,215,88994,买盘
69,09:35:00,4.14,0.0,10,4140,卖盘
70,09:35:04,4.14,0.0,25,10350,卖盘
71,09:35:06,4.14,0.0,17,7038,卖盘
72,09:35:09,4.14,0.0,1,414,卖盘
73,09:35:12,4.14,0.0,35,14490,卖盘
74,09:35:15,4.14,0.0,16,6624,卖盘
75,09:35:24,4.14,0.0,17,7038,卖盘
76,09:35:27,4.14,0.0,8,3312,卖盘
77,09:35:30,4.14,0.0,2,829,卖盘
78,09:35:36,4.14,0.0,16,6624,卖盘
79,09:35:39,4.14,0.0,35,14490,卖盘
80,09:35:45,4.14,0.0,17,7038,卖盘
81,09:35:48,4.15,0.01,20,8300,买盘
82,09:35:54,4.14,-0.01,20,8284,卖盘
83,09:36:04,4.15,0.01,231,95799,买盘
84,09:36:06,4.15,0.0,27,11188,买盘
85,09:36:15,4.15,0.0,26,10774,买盘
86,09:36:21,4.15,0.0,152,63080,买盘
87,09:36:24,4.14,-0.01,17,7038,卖盘
88,09:36:27,4.14,0.0,48,19872,卖盘
89,09:36:30,4.13,-0.01,66,27258,卖盘
90,09:36:36,4.13,0.0,16,6608,卖盘
91,09:36:46,4.13,0.0,17,7021,卖盘
92,09:36:54,4.13,0.0,16,6608,卖盘
93,09:37:04,4.13,0.0,33,13629,卖盘
94,09:37:06,4.12,-0.01,17,7004,卖盘
95,09:37:09,4.13,0.01,16,6608,买盘
96,09:37:12,4.13,0.0,19,7847,买盘
97,09:37:15,4.12,-0.01,19,7831,卖盘
98,09:37:18,4.12,0.0,5,2060,卖盘
99,09:37:24,4.12,0.0,17,7004,卖盘
100,09:37:30,4.13,0.01,38,15694,卖盘
101,09:37:36,4.13,0.0,49,20221,买盘
102,09:37:42,4.14,0.01,2,828,买盘
103,09:37:45,4.12,-0.02,17,7004,卖盘
104,09:37:54,4.13,0.01,16,6608,中性盘
105,09:37:57,4.13,0.0,5,2065,卖盘
106,09:38:03,4.12,-0.01,57,23484,卖盘
107,09:38:06,4.12,0.0,17,7004,卖盘
108,09:38:15,4.12,0.0,16,6592,卖盘
109,09:38:18,4.12,0.0,3,1236,卖盘
110,09:38:24,4.12,0.0,17,7004,卖盘
111,09:38:30,4.12,0.0,58,23896,卖盘
112,09:38:36,4.12,0.0,16,6592,卖盘
113,09:38:45,4.12,0.0,26,10712,卖盘
114,09:38:48,4.12,0.0,4,1648,卖盘
115,09:38:54,4.11,-0.01,17,6987,卖盘
116,09:39:00,4.11,0.0,125,51375,卖盘
117,09:39:06,4.11,0.0,16,6576,卖盘
118,09:39:15,4.11,0.0,17,6987,卖盘
119,09:39:24,4.11,0.0,16,6576,卖盘
120,09:39:36,4.11,0.0,18,7398,卖盘
121,09:39:46,4.12,0.01,101,41596,买盘
122,09:39:48,4.12,0.0,1,412,买盘
123,09:39:54,4.12,0.0,17,7004,卖盘
124,09:40:06,4.12,0.0,16,6592,卖盘
125,09:40:16,4.12,0.0,18,7417,卖盘
126,09:40:24,4.11,-0.01,16,6580,卖盘
127,09:40:36,4.12,0.01,17,7004,卖盘
128,09:40:45,4.12,0.0,16,6592,卖盘
129,09:40:54,4.12,0.0,17,7004,卖盘
130,09:41:06,4.12,0.0,16,6592,卖盘
131,09:41:16,4.12,0.0,17,7004,卖盘
132,09:41:24,4.12,0.0,16,6592,卖盘
133,09:41:36,4.12,0.0,17,7004,卖盘
134,09:41:45,4.12,0.0,172,70864,卖盘
135,09:41:48,4.12,0.0,29,11948,卖盘
136,09:41:54,4.11,-0.01,17,6987,卖盘
137,09:42:06,4.11,0.0,16,6576,卖盘
138,09:42:15,4.11,0.0,17,6987,卖盘
139,09:42:24,4.12,0.01,19,7812,买盘
140,09:42:27,4.11,-0.01,78,32058,卖盘
141,09:42:33,4.12,0.01,7,2884,买盘
142,09:42:36,4.11,-0.01,18,7398,卖盘
143,09:42:42,4.12,0.01,1,412,买盘
144,09:42:45,4.11,-0.01,16,6576,卖盘
145,09:42:54,4.11,0.0,18,7400,卖盘
146,09:42:57,4.12,0.01,20,8240,买盘
147,09:43:06,4.11,-0.01,17,6987,卖盘
148,09:43:09,4.11,0.0,2,822,卖盘
149,09:43:12,4.11,0.0,13,5343,卖盘
150,09:43:15,4.11,0.0,16,6576,卖盘
151,09:43:21,4.11,0.0,18,7398,卖盘
152,09:43:24,4.11,0.0,17,6987,卖盘
153,09:43:27,4.12,0.01,44,18128,买盘
154,09:43:30,4.12,0.0,7,2884,卖盘
155,09:43:36,4.11,-0.01,16,6576,卖盘
156,09:43:45,4.11,0.0,17,6987,卖盘
157,09:43:48,4.12,0.01,30,12360,卖盘
158,09:43:54,4.11,-0.01,26,10696,卖盘
159,09:44:06,4.11,0.0,17,6987,卖盘
160,09:44:15,4.11,0.0,16,6576,卖盘
161,09:44:24,4.11,0.0,17,6987,卖盘
162,09:44:36,4.12,0.01,21,8636,买盘
163,09:44:42,4.1,-0.02,294,120794,卖盘
164,09:44:45,4.1,0.0,18,7390,卖盘
165,09:44:51,4.11,0.01,1,411,买盘
166,09:44:54,4.11,0.0,16,6576,卖盘
167,09:45:06,4.11,0.0,17,6987,卖盘
168,09:45:09,4.12,0.01,2,824,买盘
169,09:45:16,4.11,-0.01,16,6576,卖盘
170,09:45:18,4.11,0.0,2,822,卖盘
171,09:45:24,4.1,-0.01,17,6970,卖盘
172,09:45:33,4.1,0.0,146,59860,卖盘
173,09:45:36,4.1,0.0,16,6560,卖盘
174,09:45:42,4.11,0.01,3,1233,买盘
175,09:45:45,4.1,-0.01,116,47659,卖盘
176,09:45:48,4.1,0.0,1,410,卖盘
177,09:45:54,4.1,0.0,17,6971,卖盘
178,09:45:57,4.11,0.01,4,1644,买盘
179,09:46:00,4.1,-0.01,1,410,卖盘
180,09:46:06,4.1,0.0,17,6970,卖盘
181,09:46:15,4.1,0.0,16,6560,卖盘
182,09:46:24,4.1,0.0,17,6970,卖盘
183,09:46:36,4.1,0.0,16,6560,卖盘
184,09:46:39,4.1,0.0,242,99220,卖盘
185,09:46:45,4.09,-0.01,17,6953,卖盘
186,09:46:48,4.1,0.01,6,2460,卖盘
187,09:46:54,4.1,0.0,16,6560,卖盘
188,09:47:04,4.11,0.01,10,4110,买盘
189,09:47:06,4.1,-0.01,16,6560,卖盘
190,09:47:15,4.1,0.0,17,6970,卖盘
191,09:47:24,4.1,0.0,16,6560,卖盘
192,09:47:27,4.11,0.01,5,2055,买盘
193,09:47:33,4.1,-0.01,50,20500,卖盘
194,09:47:36,4.1,0.0,17,6970,卖盘
195,09:47:46,4.1,0.0,16,6560,卖盘
196,09:47:54,4.1,0.0,27,11080,卖盘
197,09:48:03,4.11,0.01,23,9453,买盘
198,09:48:06,4.1,-0.01,16,6560,卖盘
199,09:48:15,4.1,0.0,17,6970,卖盘
200,09:48:18,4.11,0.01,2,822,买盘
201,09:48:21,4.11,0.0,1,411,买盘
202,09:48:24,4.1,-0.01,16,6560,卖盘
203,09:48:27,4.11,0.01,12,4932,买盘
204,09:48:36,4.1,-0.01,17,6970,卖盘
205,09:48:45,4.1,0.0,16,6560,卖盘
206,09:48:54,4.1,0.0,27,11080,卖盘
207,09:49:00,4.12,0.02,146,60064,买盘
208,09:49:06,4.1,-0.02,16,6560,卖盘
209,09:49:09,4.11,0.01,2,822,买盘
210,09:49:12,4.11,0.0,1,411,买盘
211,09:49:15,4.1,-0.01,17,6970,卖盘
212,09:49:21,4.11,0.01,1,411,买盘
213,09:49:24,4.1,-0.01,162,66727,卖盘
214,09:49:36,4.1,0.0,17,6970,卖盘
215,09:49:45,4.1,0.0,21,8635,卖盘
216,09:49:54,4.1,0.0,28,11504,卖盘
217,09:49:57,4.12,0.02,8,3296,买盘
218,09:50:06,4.11,-0.01,16,6576,卖盘
219,09:50:15,4.11,0.0,17,6987,卖盘
220,09:50:21,4.12,0.01,147,60691,买盘
221,09:50:24,4.1,-0.02,16,6565,卖盘
222,09:50:36,4.1,0.0,17,6974,卖盘
223,09:50:45,4.11,0.01,16,6576,卖盘
224,09:50:54,4.1,-0.01,37,15191,卖盘
225,09:51:06,4.1,0.0,24,9856,卖盘
226,09:51:09,4.12,0.02,1,412,买盘
227,09:51:15,4.12,0.0,18,7400,买盘
228,09:51:21,4.12,0.0,1,412,买盘
229,09:51:24,4.11,-0.01,17,6987,卖盘
230,09:51:30,4.12,0.01,29,11922,买盘
231,09:51:36,4.11,-0.01,16,6576,卖盘
232,09:51:42,4.11,0.0,25,10275,卖盘
233,09:51:45,4.1,-0.01,17,6970,卖盘
234,09:51:54,4.1,0.0,26,10691,卖盘
235,09:52:06,4.1,0.0,17,6970,卖盘
236,09:52:15,4.1,0.0,16,6560,卖盘
237,09:52:21,4.11,0.01,3,1234,卖盘
238,09:52:24,4.1,-0.01,17,6970,卖盘
239,09:52:27,4.12,0.02,1,412,买盘
240,09:52:33,4.12,0.0,7,2884,买盘
241,09:52:36,4.11,-0.01,16,6576,卖盘
242,09:52:45,4.13,0.02,163,67265,买盘
243,09:52:51,4.13,0.0,1,413,买盘
244,09:52:54,4.11,-0.02,26,10707,卖盘
245,09:53:06,4.11,0.0,86,35346,卖盘
246,09:53:15,4.12,0.01,16,6592,卖盘
247,09:53:21,4.12,0.0,74,30488,卖盘
248,09:53:24,4.11,-0.01,17,6987,卖盘
249,09:53:27,4.13,0.02,1,413,买盘
250,09:53:36,4.11,-0.02,16,6577,卖盘
251,09:53:42,4.11,0.0,73,30003,卖盘
252,09:53:45,4.12,0.01,17,7004,中性盘
253,09:53:51,4.12,0.0,152,62636,卖盘
254,09:53:54,4.11,-0.01,26,10706,卖盘
255,09:54:04,4.13,0.02,30,12390,买盘
256,09:54:06,4.12,-0.01,17,7004,卖盘
257,09:54:09,4.13,0.01,138,56898,买盘
258,09:54:12,4.12,-0.01,398,163976,卖盘
259,09:54:15,4.11,-0.01,46,18946,卖盘
260,09:54:24,4.11,0.0,17,6987,卖盘
261,09:54:36,4.11,0.0,17,6988,卖盘
262,09:54:45,4.11,0.0,17,6987,卖盘
263,09:54:54,4.11,0.0,16,6586,卖盘
264,09:55:06,4.11,0.0,17,6987,卖盘
265,09:55:15,4.11,0.0,16,6576,卖盘
266,09:55:24,4.11,0.0,16,6578,卖盘
267,09:55:36,4.11,0.0,17,6987,卖盘
268,09:55:42,4.13,0.02,42,17346,买盘
269,09:55:45,4.11,-0.02,16,6576,卖盘
270,09:55:54,4.11,0.0,37,15227,卖盘
271,09:56:06,4.11,0.0,101,41511,卖盘
272,09:56:15,4.11,0.0,17,6987,卖盘
273,09:56:24,4.11,0.0,16,6577,卖盘
274,09:56:27,4.11,0.0,1,411,卖盘
275,09:56:36,4.11,0.0,17,6987,卖盘
276,09:56:45,4.11,0.0,16,6576,卖盘
277,09:56:48,4.12,0.01,2,824,买盘
278,09:56:51,4.12,0.0,15,6180,卖盘
279,09:56:55,4.11,-0.01,27,11117,卖盘
280,09:57:00,4.12,0.01,15,6180,买盘
281,09:57:03,4.13,0.01,4,1652,买盘
282,09:57:06,4.13,0.0,46,18966,买盘
283,09:57:12,4.12,-0.01,1,412,卖盘
284,09:57:15,4.11,-0.01,17,6998,卖盘
285,09:57:18,4.11,0.0,9,3700,卖盘
286,09:57:27,4.11,0.0,116,47776,卖盘
287,09:57:37,4.13,0.02,18,7400,买盘
288,09:57:39,4.12,-0.01,95,39140,中性盘
289,09:57:45,4.12,0.0,16,6592,中性盘
290,09:57:48,4.11,-0.01,125,51459,卖盘
291,09:57:54,4.12,0.01,27,11134,卖盘
292,09:57:57,4.13,0.01,10,4130,买盘
293,09:58:03,4.12,-0.01,3,1236,卖盘
294,09:58:06,4.12,0.0,16,6592,卖盘
295,09:58:12,4.12,0.0,25,10300,卖盘
296,09:58:15,4.11,-0.01,17,6987,卖盘
297,09:58:24,4.11,0.0,16,6586,卖盘
298,09:58:37,4.11,0.0,17,6987,卖盘
299,09:58:42,4.11,0.0,1,411,卖盘
300,09:58:45,4.12,0.01,16,6592,卖盘
301,09:58:48,4.12,0.0,1,412,卖盘
302,09:58:54,4.12,0.0,17,7004,卖盘
303,09:59:06,4.12,0.0,16,6592,卖盘
304,09:59:09,4.13,0.01,1,413,买盘
305,09:59:12,4.12,-0.01,89,36668,卖盘
306,09:59:15,4.11,-0.01,17,6987,卖盘
307,09:59:24,4.12,0.01,28,11520,买盘
308,09:59:27,4.12,0.0,1,412,买盘
309,09:59:30,4.11,-0.01,5,2055,卖盘
310,09:59:33,4.12,0.01,97,39964,买盘
311,09:59:36,4.11,-0.01,16,6576,卖盘
312,09:59:45,4.11,0.0,17,7003,卖盘
313,09:59:54,4.11,0.0,16,6582,卖盘
314,10:00:03,4.12,0.01,1,412,卖盘
315,10:00:06,4.12,0.0,18,7490,卖盘
316,10:00:36,4.13,0.01,1,413,买盘
317,10:00:40,4.13,0.0,234,96642,买盘
318,10:00:45,4.13,0.0,3,1239,卖盘
319,10:00:54,4.14,0.01,2,828,买盘
320,10:00:57,4.13,-0.01,1,413,卖盘
321,10:01:00,4.13,0.0,4,1652,卖盘
322,10:01:04,4.13,0.0,1,413,卖盘
323,10:01:06,4.13,0.0,49,20285,卖盘
324,10:01:09,4.14,0.01,2,828,买盘
325,10:01:12,4.14,0.0,100,41400,买盘
326,10:01:15,4.13,-0.01,73,30149,卖盘
327,10:01:24,4.13,0.0,75,30975,买盘
328,10:01:48,4.13,0.0,140,57820,买盘
329,10:01:57,4.12,-0.01,514,211829,卖盘
330,10:02:04,4.13,0.01,31,12803,卖盘
331,10:02:18,4.13,0.0,69,28497,卖盘
332,10:02:21,4.14,0.01,88,36377,买盘
333,10:02:27,4.13,-0.01,42,17346,买盘
334,10:02:42,4.13,0.0,10,4130,买盘
335,10:02:45,4.13,0.0,30,12390,买盘
336,10:02:49,4.13,0.0,21,8673,买盘
337,10:03:03,4.13,0.0,1,413,卖盘
338,10:03:09,4.13,0.0,13,5369,卖盘
339,10:03:18,4.13,0.0,8,3304,买盘
340,10:03:30,4.13,0.0,200,82600,买盘
341,10:03:33,4.13,0.0,1,413,买盘
342,10:03:36,4.13,0.0,1,413,买盘
343,10:03:39,4.13,0.0,39,16107,买盘
344,10:03:42,4.14,0.01,2,828,买盘
345,10:03:45,4.13,-0.01,45,18585,卖盘
346,10:03:48,4.13,0.0,38,15694,买盘
347,10:03:51,4.13,0.0,17,7021,买盘
348,10:03:57,4.14,0.01,8,3312,买盘
349,10:04:09,4.12,-0.02,10,4124,卖盘
350,10:04:39,4.13,0.01,120,49560,卖盘
351,10:04:43,4.14,0.01,1,414,买盘
352,10:04:51,4.14,0.0,30,12420,买盘
353,10:04:54,4.14,0.0,2,828,买盘
354,10:05:04,4.14,0.0,183,75762,买盘
355,10:05:09,4.15,0.01,14,5810,买盘
356,10:05:15,4.15,0.0,7,2905,买盘
357,10:05:21,4.15,0.0,26,10774,买盘
358,10:05:25,4.15,0.0,282,117030,买盘
359,10:05:30,4.16,0.01,10,4160,买盘
360,10:05:33,4.15,-0.01,130,53950,卖盘
361,10:05:36,4.15,0.0,20,8300,买盘
362,10:05:39,4.16,0.01,144,59797,买盘
363,10:05:42,4.15,-0.01,13,5395,买盘
364,10:05:45,4.16,0.01,306,127212,买盘
365,10:06:00,4.16,0.0,8,3328,买盘
366,10:06:06,4.16,0.0,6,2496,买盘
367,10:06:09,4.16,0.0,20,8320,买盘
368,10:06:21,4.16,0.0,95,39520,买盘
369,10:06:24,4.16,0.0,68,28288,买盘
370,10:06:30,4.15,-0.01,30,12450,卖盘
371,10:06:36,4.15,0.0,44,18260,卖盘
372,10:06:42,4.15,0.0,10,4150,卖盘
373,10:06:45,4.16,0.01,10,4160,买盘
374,10:06:48,4.15,-0.01,29,12042,卖盘
375,10:06:51,4.15,0.0,5,2075,买盘
376,10:06:54,4.15,0.0,13,5395,买盘
377,10:06:57,4.15,0.0,3,1245,买盘
378,10:07:09,4.15,0.0,10,4150,买盘
379,10:07:12,4.15,0.0,8,3320,买盘
380,10:07:18,4.15,0.0,61,25315,买盘
381,10:07:21,4.15,0.0,10,4150,买盘
382,10:07:24,4.15,0.0,8,3320,买盘
383,10:07:27,4.15,0.0,2,830,买盘
384,10:07:48,4.16,0.01,8,3328,买盘
385,10:07:54,4.15,-0.01,60,24907,卖盘
386,10:07:57,4.15,0.0,2,830,买盘
387,10:08:00,4.16,0.01,4,1664,买盘
388,10:08:06,4.16,0.0,263,109408,买盘
389,10:08:39,4.15,-0.01,9,3735,卖盘
390,10:08:42,4.15,0.0,1,415,买盘
391,10:09:00,4.14,-0.01,30,12420,卖盘
392,10:09:03,4.14,0.0,1,414,卖盘
393,10:09:06,4.15,0.01,2,830,买盘
394,10:09:24,4.14,-0.01,1,414,卖盘
395,10:09:33,4.15,0.01,65,26975,买盘
396,10:09:36,4.15,0.0,63,26145,买盘
397,10:09:51,4.16,0.01,1,416,买盘
398,10:09:54,4.15,-0.01,3,1245,卖盘
399,10:10:00,4.15,0.0,10,4150,卖盘
400,10:10:03,4.15,0.0,1,415,卖盘
401,10:10:09,4.16,0.01,1,416,买盘
402,10:10:12,4.16,0.0,6,2495,买盘
403,10:10:15,4.16,0.0,29,12064,买盘
404,10:10:18,4.16,0.0,112,46592,买盘
405,10:10:21,4.16,0.0,363,151008,买盘
406,10:10:24,4.16,0.0,403,167889,买盘
407,10:10:27,4.18,0.02,144,60125,买盘
408,10:10:39,4.19,0.01,232,96972,买盘
409,10:10:48,4.18,-0.01,10,4180,买盘
410,10:10:57,4.19,0.01,69,28861,买盘
411,10:11:00,4.18,-0.01,9,3762,中性盘
412,10:11:03,4.17,-0.01,1,417,卖盘
413,10:11:06,4.18,0.01,7,2926,买盘
414,10:11:18,4.18,0.0,8,3344,买盘
415,10:11:24,4.18,0.0,74,30932,买盘
416,10:11:33,4.17,-0.01,1,417,卖盘
417,10:11:36,4.17,0.0,8,3336,卖盘
418,10:11:42,4.16,-0.01,24,9743,卖盘
419,10:11:45,4.16,0.0,216,89856,买盘
420,10:12:00,4.18,0.02,7,2922,买盘
421,10:12:03,4.17,-0.01,3,1251,中性盘
422,10:12:15,4.18,0.01,8,3340,买盘
423,10:12:51,4.17,-0.01,4,1668,买盘
424,10:12:57,4.17,0.0,1,417,买盘
425,10:13:06,4.17,0.0,14,5838,买盘
426,10:13:45,4.17,0.0,4,1668,买盘
427,10:14:00,4.18,0.01,184,76784,买盘
428,10:14:06,4.17,-0.01,1,417,买盘
429,10:14:39,4.17,0.0,1,417,买盘
430,10:14:48,4.16,-0.01,65,27040,卖盘
431,10:15:00,4.16,0.0,1,416,中性盘
432,10:15:04,4.16,0.0,1,416,卖盘
433,10:15:06,4.17,0.01,8,3336,买盘
434,10:15:18,4.17,0.0,4,1668,买盘
435,10:15:24,4.17,0.0,1,417,买盘
436,10:15:39,4.17,0.0,5,2085,买盘
437,10:16:00,4.17,0.0,11,4587,买盘
438,10:16:03,4.16,-0.01,50,20800,卖盘
439,10:16:12,4.17,0.01,1,417,买盘
440,10:16:30,4.16,-0.01,36,14976,卖盘
441,10:16:33,4.17,0.01,302,125929,买盘
442,10:16:39,4.17,0.0,75,31201,买盘
443,10:17:00,4.16,-0.01,5,2080,卖盘
444,10:17:04,4.16,0.0,1,416,卖盘
445,10:17:06,4.16,0.0,21,8736,卖盘
446,10:17:24,4.16,0.0,19,7904,卖盘
447,10:17:33,4.16,0.0,30,12480,卖盘
448,10:17:36,4.16,0.0,56,23296,卖盘
449,10:17:40,4.16,0.0,1,416,买盘
450,10:18:24,4.16,0.0,14,5824,买盘
451,10:18:33,4.16,0.0,16,6656,买盘
452,10:18:39,4.16,0.0,1,416,买盘
453,10:18:42,4.15,-0.01,1,415,卖盘
454,10:18:48,4.16,0.01,1,416,买盘
455,10:19:39,4.16,0.0,1,416,买盘
456,10:19:51,4.15,-0.01,12,4980,卖盘
457,10:19:57,4.16,0.01,1,416,买盘
458,10:20:01,4.16,0.0,11,4576,买盘
459,10:20:21,4.16,0.0,49,20384,买盘
460,10:20:27,4.16,0.0,1,416,买盘
461,10:20:30,4.16,0.0,8,3328,买盘
462,10:20:39,4.15,-0.01,1,415,卖盘
463,10:20:48,4.15,0.0,1,415,卖盘
464,10:20:54,4.15,0.0,120,49800,卖盘
465,10:21:01,4.16,0.01,11,4576,买盘
466,10:22:01,4.16,0.0,11,4576,买盘
467,10:22:04,4.15,-0.01,10,4150,卖盘
468,10:22:15,4.16,0.01,74,30784,买盘
469,10:22:24,4.15,-0.01,1,415,卖盘
470,10:22:45,4.16,0.01,1,416,买盘
471,10:23:00,4.15,-0.01,41,17026,卖盘
472,10:23:04,4.15,0.0,1,415,卖盘
473,10:23:15,4.16,0.01,13,5408,买盘
474,10:23:18,4.15,-0.01,1,415,卖盘
475,10:23:39,4.16,0.01,303,126043,买盘
476,10:23:42,4.16,0.0,5,2080,买盘
477,10:24:00,4.16,0.0,42,17472,买盘
478,10:24:12,4.16,0.0,32,13312,买盘
479,10:24:15,4.16,0.0,13,5408,中性盘
480,10:24:42,4.16,0.0,2,832,买盘
481,10:24:45,4.16,0.0,2,832,买盘
482,10:24:48,4.16,0.0,1,416,买盘
483,10:25:00,4.16,0.0,11,4576,买盘
484,10:25:15,4.16,0.0,13,5408,买盘
485,10:26:00,4.16,0.0,11,4576,买盘
486,10:26:06,4.15,-0.01,30,12450,卖盘
487,10:26:15,4.16,0.01,13,5408,买盘
488,10:26:27,4.16,0.0,3,1248,买盘
489,10:26:45,4.16,0.0,5,2080,买盘
490,10:27:01,4.16,0.0,11,4576,买盘
491,10:27:15,4.16,0.0,13,5408,买盘
492,10:27:55,4.16,0.0,1,416,买盘
493,10:28:00,4.16,0.0,11,4576,买盘
494,10:28:06,4.16,0.0,1,416,买盘
495,10:28:16,4.16,0.0,13,5408,买盘
496,10:28:39,4.15,-0.01,1,415,卖盘
497,10:29:00,4.16,0.01,11,4576,买盘
498,10:29:15,4.16,0.0,13,5408,买盘
499,10:29:21,4.16,0.0,1,416,买盘
500,10:29:24,4.16,0.0,7,2912,买盘
501,10:29:45,4.16,0.0,198,82368,买盘
502,10:30:04,4.16,0.0,1,416,卖盘
503,10:30:12,4.16,0.0,6,2496,卖盘
504,10:30:15,4.17,0.01,13,5421,买盘
505,10:30:24,4.17,0.0,100,41700,买盘
506,10:30:27,4.17,0.0,7,2919,买盘
507,10:30:42,4.17,0.0,56,23352,买盘
508,10:30:45,4.17,0.0,4,1668,买盘
509,10:30:48,4.17,0.0,1,417,买盘
510,10:31:00,4.17,0.0,10,4170,买盘
511,10:31:15,4.17,0.0,13,5421,买盘
512,10:31:48,4.16,-0.01,130,54080,卖盘
513,10:32:00,4.17,0.01,50,20850,买盘
514,10:32:04,4.17,0.0,311,129687,买盘
515,10:32:06,4.16,-0.01,30,12481,卖盘
516,10:32:24,4.17,0.01,20,8340,买盘
517,10:33:15,4.17,0.0,13,5421,买盘
518,10:33:33,4.17,0.0,1,417,买盘
519,10:34:15,4.17,0.0,310,129270,买盘
520,10:35:06,4.16,-0.01,12,4992,卖盘
521,10:35:09,4.16,0.0,30,12480,卖盘
522,10:35:12,4.15,-0.01,408,169618,卖盘
523,10:36:00,4.15,0.0,70,29050,卖盘
524,10:36:04,4.15,0.0,188,78020,卖盘
525,10:36:09,4.15,0.0,9,3735,买盘
526,10:36:12,4.15,0.0,21,8715,卖盘
527,10:36:24,4.15,0.0,2,829,买盘
528,10:36:51,4.15,0.0,20,8300,买盘
529,10:36:57,4.15,0.0,55,22825,买盘
530,10:37:00,4.15,0.0,2,830,卖盘
531,10:37:03,4.15,0.0,24,9960,买盘
532,10:37:06,4.15,0.0,9,3735,买盘
533,10:37:15,4.16,0.01,13,5408,买盘
534,10:37:18,4.15,-0.01,10,4150,卖盘
535,10:37:36,4.16,0.01,4,1664,买盘
536,10:38:00,4.15,-0.01,12,4980,卖盘
537,10:38:03,4.15,0.0,1,415,卖盘
538,10:38:15,4.16,0.01,3,1248,买盘
539,10:38:33,4.15,-0.01,10,4150,卖盘
540,10:38:48,4.15,0.0,6,2490,卖盘
541,10:38:51,4.15,0.0,14,5810,买盘
542,10:39:00,4.15,0.0,1,415,卖盘
543,10:39:04,4.15,0.0,1,415,卖盘
544,10:39:09,4.15,0.0,1,415,买盘
545,10:39:15,4.16,0.01,13,5408,买盘
546,10:39:51,4.15,-0.01,3,1245,卖盘
547,10:40:03,4.15,0.0,1,415,卖盘
548,10:40:16,4.16,0.01,13,5408,买盘
549,10:41:06,4.15,-0.01,45,18675,卖盘
550,10:41:18,4.15,0.0,1,415,卖盘
551,10:41:42,4.16,0.01,205,85280,买盘
552,10:41:45,4.16,0.0,48,19968,卖盘
553,10:41:48,4.16,0.0,13,5408,卖盘
554,10:41:51,4.16,0.0,31,12896,卖盘
555,10:42:07,4.16,0.0,18,7488,买盘
556,10:42:09,4.15,-0.01,3,1245,卖盘
557,10:42:15,4.16,0.01,13,5408,买盘
558,10:42:36,4.16,0.0,1,416,买盘
559,10:43:06,4.16,0.0,1,416,买盘
560,10:43:15,4.16,0.0,13,5408,买盘
561,10:44:15,4.16,0.0,13,5408,买盘
562,10:44:39,4.15,-0.01,50,20750,卖盘
563,10:44:45,4.15,0.0,70,29050,卖盘
564,10:45:00,4.15,0.0,8,3320,买盘
565,10:45:04,4.15,0.0,2,830,买盘
566,10:45:12,4.15,0.0,4,1660,卖盘
567,10:45:24,4.15,0.0,40,16600,买盘
568,10:45:30,4.15,0.0,3,1245,卖盘
569,10:45:33,4.15,0.0,6,2490,中性盘
570,10:45:45,4.16,0.01,60,24960,买盘
571,10:45:54,4.15,-0.01,65,26975,中性盘
572,10:46:06,4.15,0.0,2,830,买盘
573,10:46:15,4.16,0.01,13,5408,买盘
574,10:46:18,4.15,-0.01,5,2075,卖盘
575,10:46:48,4.15,0.0,33,13695,卖盘
576,10:47:00,4.16,0.01,1,416,买盘
577,10:47:15,4.15,-0.01,50,20750,卖盘
578,10:48:03,4.15,0.0,1,415,卖盘
579,10:48:06,4.16,0.01,1,416,买盘
580,10:48:16,4.16,0.0,13,5408,买盘
581,10:49:12,4.16,0.0,2,832,买盘
582,10:49:16,4.16,0.0,13,5408,买盘
583,10:49:30,4.16,0.0,21,8736,买盘
584,10:49:33,4.16,0.0,7,2912,买盘
585,10:49:36,4.16,0.0,1,416,买盘
586,10:49:55,4.16,0.0,4,1664,买盘
587,10:50:06,4.15,-0.01,44,18260,卖盘
588,10:50:15,4.16,0.01,13,5408,买盘
589,10:50:58,4.16,0.0,23,9568,买盘
590,10:51:15,4.16,0.0,13,5408,买盘
591,10:51:48,4.16,0.0,36,14976,买盘
592,10:52:06,4.16,0.0,76,31616,买盘
593,10:52:09,4.16,0.0,35,14560,买盘
594,10:52:12,4.16,0.0,30,12480,卖盘
595,10:52:16,4.17,0.01,20,8332,买盘
596,10:52:27,4.17,0.0,8,3336,买盘
597,10:52:57,4.17,0.0,1,417,买盘
598,10:53:00,4.17,0.0,3,1251,买盘
599,10:53:03,4.16,-0.01,2,832,卖盘
600,10:53:09,4.17,0.01,1,417,买盘
601,10:53:16,4.17,0.0,13,5421,买盘
602,10:53:18,4.16,-0.01,14,5824,卖盘
603,10:53:21,4.17,0.01,47,19599,买盘
604,10:53:30,4.17,0.0,44,18348,买盘
605,10:53:45,4.17,0.0,297,123849,买盘
606,10:53:51,4.17,0.0,7,2919,买盘
607,10:53:54,4.17,0.0,22,9174,买盘
608,10:53:57,4.17,0.0,10,4170,买盘
609,10:54:00,4.17,0.0,4,1668,买盘
610,10:54:04,4.17,0.0,16,6672,买盘
611,10:54:06,4.17,0.0,12,5004,买盘
612,10:54:09,4.17,0.0,15,6255,买盘
613,10:54:15,4.17,0.0,14,5838,买盘
614,10:54:18,4.17,0.0,3,1251,中性盘
615,10:54:42,4.17,0.0,33,13761,中性盘
616,10:54:54,4.17,0.0,1,417,买盘
617,10:55:15,4.17,0.0,13,5421,买盘
618,10:55:19,4.17,0.0,8,3336,买盘
619,10:55:27,4.17,0.0,10,4170,买盘
620,10:55:39,4.17,0.0,1,417,买盘
621,10:56:15,4.17,0.0,13,5421,买盘
622,10:56:45,4.17,0.0,1,417,买盘
623,10:57:06,4.16,-0.01,15,6240,卖盘
624,10:57:12,4.17,0.01,9,3753,买盘
625,10:57:15,4.17,0.0,13,5421,买盘
626,10:57:37,4.17,0.0,3,1251,买盘
627,10:57:57,4.17,0.0,4,1668,买盘
628,10:58:09,4.17,0.0,5,2085,买盘
629,10:58:15,4.17,0.0,13,5421,买盘
630,10:58:21,4.17,0.0,3,1251,买盘
631,10:58:24,4.17,0.0,8,3336,买盘
632,10:58:42,4.17,0.0,5,2085,买盘
633,10:59:04,4.16,-0.01,2,832,卖盘
634,10:59:06,4.16,0.0,44,18304,卖盘
635,10:59:15,4.17,0.01,13,5421,买盘
636,10:59:18,4.16,-0.01,59,24544,卖盘
637,10:59:21,4.16,0.0,4,1664,买盘
638,10:59:27,4.16,0.0,1,416,买盘
639,10:59:39,4.16,0.0,26,10816,买盘
640,10:59:54,4.17,0.01,1,417,买盘
641,10:59:57,4.16,-0.01,11,4575,中性盘
642,11:00:03,4.16,0.0,188,78208,中性盘
643,11:00:15,4.16,0.0,13,5408,中性盘
644,11:00:18,4.16,0.0,1,416,买盘
645,11:00:21,4.16,0.0,4,1664,买盘
646,11:00:24,4.16,0.0,2,832,买盘
647,11:00:33,4.16,0.0,1,416,买盘
648,11:01:00,4.16,0.0,1,416,中性盘
649,11:01:12,4.17,0.01,6,2502,买盘
650,11:01:16,4.17,0.0,13,5421,买盘
651,11:01:19,4.17,0.0,9,3753,买盘
652,11:01:30,4.16,-0.01,15,6240,卖盘
653,11:01:36,4.17,0.01,1,417,买盘
654,11:01:45,4.16,-0.01,12,4993,卖盘
655,11:01:48,4.16,0.0,5,2080,买盘
656,11:01:51,4.16,0.0,15,6240,中性盘
657,11:01:57,4.17,0.01,9,3753,买盘
658,11:02:00,4.16,-0.01,58,24128,中性盘
659,11:02:36,4.17,0.01,1,417,买盘
660,11:02:48,4.17,0.0,298,124266,买盘
661,11:03:15,4.17,0.0,13,5421,买盘
662,11:03:36,4.17,0.0,1,417,买盘
663,11:04:15,4.17,0.0,13,5421,买盘
664,11:04:24,4.16,-0.01,1,416,卖盘
665,11:04:36,4.17,0.01,1,417,买盘
666,11:04:54,4.17,0.0,80,33360,买盘
667,11:05:15,4.17,0.0,13,5421,买盘
668,11:05:21,4.17,0.0,8,3336,买盘
669,11:05:24,4.17,0.0,1,417,买盘
670,11:05:33,4.17,0.0,8,3336,买盘
671,11:05:36,4.18,0.01,1,418,买盘
672,11:05:45,4.18,0.0,9,3762,买盘
673,11:05:54,4.17,-0.01,10,4170,卖盘
674,11:06:00,4.16,-0.01,68,28316,卖盘
675,11:06:12,4.17,0.01,1,417,买盘
676,11:06:15,4.18,0.01,13,5434,买盘
677,11:06:18,4.17,-0.01,10,4170,卖盘
678,11:06:34,4.18,0.01,1,418,买盘
679,11:06:43,4.18,0.0,1,418,买盘
680,11:07:09,4.18,0.0,4,1672,买盘
681,11:07:12,4.17,-0.01,22,9174,卖盘
682,11:07:51,4.18,0.01,134,56012,买盘
683,11:08:03,4.18,0.0,5,2090,买盘
684,11:08:15,4.18,0.0,13,5434,买盘
685,11:08:33,4.17,-0.01,10,4170,卖盘
686,11:09:15,4.18,0.01,13,5434,买盘
687,11:09:33,4.17,-0.01,15,6255,卖盘
688,11:10:12,4.19,0.02,640,267677,买盘
689,11:10:16,4.19,0.0,13,5447,买盘
690,11:10:36,4.18,-0.01,68,28421,买盘
691,11:10:45,4.18,0.0,46,19228,买盘
692,11:10:48,4.18,0.0,153,63954,买盘
693,11:11:00,4.19,0.01,251,104919,买盘
694,11:11:06,4.17,-0.02,36,15028,卖盘
695,11:11:15,4.19,0.02,13,5447,买盘
696,11:11:27,4.18,-0.01,14,5852,卖盘
697,11:11:33,4.18,0.0,1,418,买盘
698,11:11:39,4.18,0.0,66,27588,买盘
699,11:11:42,4.18,0.0,69,28842,买盘
700,11:12:04,4.18,0.0,10,4180,卖盘
701,11:12:06,4.18,0.0,254,106172,买盘
702,11:12:42,4.19,0.01,4,1676,买盘
703,11:12:48,4.18,-0.01,196,81928,卖盘
704,11:13:00,4.18,0.0,8,3344,卖盘
705,11:13:09,4.18,0.0,11,4598,买盘
706,11:13:18,4.18,0.0,112,46816,买盘
707,11:13:33,4.19,0.01,1,419,买盘
708,11:14:09,4.18,-0.01,9,3762,买盘
709,11:14:12,4.18,0.0,1,418,买盘
710,11:14:15,4.18,0.0,18,7524,买盘
711,11:14:27,4.17,-0.01,8,3336,卖盘
712,11:14:48,4.18,0.01,2,836,买盘
713,11:15:15,4.18,0.0,13,5434,买盘
714,11:15:51,4.17,-0.01,2,834,卖盘
715,11:16:15,4.18,0.01,13,5434,买盘
716,11:16:42,4.18,0.0,1,418,买盘
717,11:16:48,4.17,-0.01,1,417,卖盘
718,11:17:06,4.17,0.0,30,12510,卖盘
719,11:17:15,4.18,0.01,14,5851,买盘
720,11:17:24,4.18,0.0,8,3344,买盘
721,11:17:36,4.18,0.0,134,56012,买盘
722,11:18:15,4.18,0.0,461,192698,买盘
723,11:18:30,4.18,0.0,20,8360,卖盘
724,11:18:42,4.18,0.0,1,418,买盘
725,11:19:13,4.18,0.0,1,418,买盘
726,11:19:30,4.18,0.0,1,418,买盘
727,11:19:48,4.17,-0.01,1,417,卖盘
728,11:20:03,4.18,0.01,1,418,买盘
729,11:20:15,4.18,0.0,13,5434,买盘
730,11:20:39,4.18,0.0,110,45980,买盘
731,11:21:15,4.18,0.0,13,5434,买盘
732,11:21:18,4.17,-0.01,35,14595,卖盘
733,11:21:42,4.18,0.01,1,418,买盘
734,11:22:15,4.18,0.0,13,5434,买盘
735,11:22:18,4.18,0.0,31,12958,买盘
736,11:22:21,4.18,0.0,1,418,买盘
737,11:22:33,4.17,-0.01,34,14178,卖盘
738,11:22:36,4.18,0.01,1,418,买盘
739,11:22:45,4.18,0.0,1,418,买盘
740,11:23:06,4.17,-0.01,29,12093,卖盘
741,11:23:16,4.18,0.01,13,5434,买盘
742,11:23:24,4.18,0.0,1,418,买盘
743,11:23:30,4.18,0.0,13,5434,买盘
744,11:24:15,4.18,0.0,13,5434,买盘
745,11:25:03,4.17,-0.01,1,417,卖盘
746,11:25:15,4.18,0.01,13,5434,买盘
747,11:25:33,4.18,0.0,100,41800,买盘
748,11:25:43,4.18,0.0,1,418,买盘
749,11:25:54,4.18,0.0,9,3762,买盘
750,11:26:06,4.18,0.0,33,13794,买盘
751,11:26:09,4.18,0.0,1,418,买盘
752,11:26:12,4.18,0.0,1,418,买盘
753,11:26:15,4.18,0.0,13,5434,买盘
754,11:26:18,4.18,0.0,1,418,买盘
755,11:26:21,4.18,0.0,1,418,买盘
756,11:26:25,4.18,0.0,5,2090,买盘
757,11:26:33,4.18,0.0,1,418,买盘
758,11:26:42,4.18,0.0,1,418,买盘
759,11:27:06,4.18,0.0,10,4180,买盘
760,11:27:15,4.18,0.0,1,418,买盘
761,11:27:18,4.18,0.0,12,5016,卖盘
762,11:27:33,4.18,0.0,2,836,买盘
763,11:27:42,4.18,0.0,1,418,买盘
764,11:27:45,4.18,0.0,1,418,买盘
765,11:27:48,4.18,0.0,1,418,买盘
766,11:27:51,4.18,0.0,1,418,买盘
767,11:27:54,4.18,0.0,26,10868,买盘
768,11:27:57,4.18,0.0,5,2090,卖盘
769,11:28:09,4.18,0.0,130,54340,卖盘
770,11:28:12,4.18,0.0,5,2090,卖盘
771,11:28:15,4.19,0.01,12,5028,买盘
772,11:28:21,4.18,-0.01,30,12540,卖盘
773,11:28:57,4.18,0.0,37,15466,卖盘
774,11:29:06,4.18,0.0,74,30932,买盘
775,11:29:09,4.18,0.0,6,2508,卖盘
776,11:29:39,4.19,0.01,1,419,买盘
777,11:29:45,4.19,0.0,1,419,买盘
778,13:00:04,4.19,0.0,136,56963,买盘
779,13:00:06,4.18,-0.01,2,836,卖盘
780,13:00:21,4.18,0.0,124,51832,卖盘
781,13:00:36,4.18,0.0,10,4180,买盘
782,13:00:39,4.18,0.0,5,2090,买盘
783,13:00:45,4.17,-0.01,1,417,卖盘
784,13:01:03,4.17,0.0,1,417,卖盘
785,13:01:39,4.18,0.01,1,418,买盘
786,13:01:48,4.18,0.0,1,418,买盘
787,13:02:04,4.17,-0.01,30,12510,卖盘
788,13:02:27,4.17,0.0,2,834,卖盘
789,13:02:39,4.17,0.0,1,417,卖盘
790,13:03:30,4.18,0.01,1,418,买盘
791,13:04:06,4.17,-0.01,29,12093,卖盘
792,13:04:09,4.18,0.01,5,2090,买盘
793,13:04:18,4.18,0.0,17,7106,买盘
794,13:04:45,4.17,-0.01,200,83400,卖盘
795,13:05:12,4.18,0.01,2,836,买盘
796,13:05:15,4.17,-0.01,1,417,卖盘
797,13:05:27,4.17,0.0,1,417,卖盘
798,13:06:07,4.17,0.0,359,149703,卖盘
799,13:06:10,4.17,0.0,1,417,买盘
800,13:07:09,4.17,0.0,1,417,买盘
801,13:07:12,4.16,-0.01,30,12480,卖盘
802,13:07:51,4.17,0.01,101,42116,买盘
803,13:08:09,4.17,0.0,1,417,买盘
804,13:08:12,4.17,0.0,4,1668,买盘
805,13:08:15,4.17,0.0,8,3336,买盘
806,13:08:37,4.17,0.0,1,417,买盘
807,13:09:00,4.17,0.0,20,8340,卖盘
808,13:09:09,4.17,0.0,1,417,买盘
809,13:09:45,4.17,0.0,8,3336,买盘
810,13:09:54,4.17,0.0,41,17097,买盘
811,13:09:57,4.17,0.0,53,22101,买盘
812,13:10:06,4.17,0.0,34,14182,卖盘
813,13:10:15,4.18,0.01,1,418,买盘
814,13:12:18,4.17,-0.01,3,1251,卖盘
815,13:12:24,4.17,0.0,13,5421,买盘
816,13:12:31,4.18,0.01,1,418,买盘
817,13:13:04,4.17,-0.01,5,2085,卖盘
818,13:13:06,4.17,0.0,5,2085,买盘
819,13:13:09,4.18,0.01,3,1254,买盘
820,13:13:27,4.18,0.0,1,418,买盘
821,13:13:54,4.18,0.0,2,836,买盘
822,13:13:57,4.17,-0.01,3,1251,卖盘
823,13:14:09,4.18,0.01,1,418,买盘
824,13:14:12,4.18,0.0,2,836,买盘
825,13:14:15,4.18,0.0,1,418,买盘
826,13:14:24,4.17,-0.01,10,4170,卖盘
827,13:15:04,4.18,0.01,2,836,买盘
828,13:15:33,4.17,-0.01,1,417,卖盘
829,13:16:06,4.17,0.0,5,2085,卖盘
830,13:16:09,4.17,0.0,24,10008,买盘
831,13:17:09,4.17,0.0,16,6673,卖盘
832,13:17:15,4.17,0.0,30,12510,卖盘
833,13:17:39,4.16,-0.01,50,20800,卖盘
834,13:18:04,4.16,0.0,1,416,卖盘
835,13:18:09,4.17,0.01,12,5004,买盘
836,13:18:12,4.17,0.0,1,417,买盘
837,13:18:18,4.17,0.0,1,417,买盘
838,13:18:39,4.17,0.0,3,1251,买盘
839,13:18:51,4.17,0.0,1,417,买盘
840,13:19:09,4.16,-0.01,1,416,卖盘
841,13:19:24,4.16,0.0,29,12064,卖盘
842,13:19:51,4.16,0.0,29,12064,卖盘
843,13:19:54,4.16,0.0,2,832,买盘
844,13:19:57,4.16,0.0,38,15808,买盘
845,13:20:00,4.16,0.0,33,13728,买盘
846,13:20:12,4.16,0.0,82,34112,卖盘
847,13:20:21,4.17,0.01,1,417,买盘
848,13:21:12,4.16,-0.01,1,416,卖盘
849,13:22:09,4.16,0.0,50,20800,卖盘
850,13:22:30,4.17,0.01,1,417,买盘
851,13:22:36,4.16,-0.01,45,18720,卖盘
852,13:23:15,4.16,0.0,1,416,卖盘
853,13:23:36,4.17,0.01,2,833,买盘
854,13:23:42,4.16,-0.01,5,2080,卖盘
855,13:23:54,4.16,0.0,7,2912,卖盘
856,13:25:06,4.16,0.0,44,18304,卖盘
857,13:25:39,4.17,0.01,5,2085,买盘
858,13:25:45,4.16,-0.01,1,416,卖盘
859,13:26:30,4.17,0.01,9,3753,买盘
860,13:26:54,4.17,0.0,3,1251,买盘
861,13:27:18,4.17,0.0,1,417,买盘
862,13:27:33,4.17,0.0,1,417,买盘
863,13:28:27,4.16,-0.01,1,416,卖盘
864,13:28:48,4.16,0.0,8,3328,卖盘
865,13:29:30,4.17,0.01,3,1251,买盘
866,13:30:21,4.16,-0.01,15,6240,卖盘
867,13:30:27,4.16,0.0,63,26208,卖盘
868,13:30:30,4.16,0.0,2,832,卖盘
869,13:30:39,4.16,0.0,44,18304,卖盘
870,13:30:48,4.16,0.0,54,22464,买盘
871,13:30:51,4.16,0.0,104,43264,买盘
872,13:30:57,4.16,0.0,1,416,卖盘
873,13:31:06,4.16,0.0,30,12480,中性盘
874,13:31:24,4.17,0.01,1,417,买盘
875,13:31:33,4.16,-0.01,20,8320,卖盘
876,13:31:51,4.17,0.01,1,417,买盘
877,13:32:06,4.17,0.0,10,4161,买盘
878,13:32:57,4.16,-0.01,10,4160,卖盘
879,13:33:04,4.17,0.01,4,1668,买盘
880,13:33:18,4.16,-0.01,20,8320,卖盘
881,13:33:48,4.16,0.0,1,416,卖盘
882,13:33:54,4.16,0.0,8,3328,卖盘
883,13:34:00,4.16,0.0,6,2496,卖盘
884,13:34:03,4.16,0.0,47,19552,卖盘
885,13:34:09,4.15,-0.01,6,2490,卖盘
886,13:34:27,4.15,0.0,86,35690,卖盘
887,13:34:57,4.15,0.0,20,8300,卖盘
888,13:35:06,4.15,0.0,42,17430,卖盘
889,13:36:00,4.15,0.0,12,4980,卖盘
890,13:36:06,4.15,0.0,1,415,卖盘
891,13:36:12,4.15,0.0,7,2905,卖盘
892,13:36:48,4.15,0.0,17,7055,卖盘
893,13:37:06,4.15,0.0,29,12035,卖盘
894,13:37:48,4.15,0.0,8,3320,卖盘
895,13:38:04,4.16,0.01,1,416,买盘
896,13:38:15,4.14,-0.02,1268,525277,卖盘
897,13:38:18,4.14,0.0,132,54648,买盘
898,13:38:21,4.15,0.01,1,415,中性盘
899,13:38:24,4.15,0.0,7,2905,买盘
900,13:38:27,4.15,0.0,13,5395,卖盘
901,13:38:33,4.15,0.0,44,18260,买盘
902,13:38:36,4.15,0.0,1,415,买盘
903,13:38:39,4.15,0.0,6,2489,卖盘
904,13:39:03,4.14,-0.01,12,4968,卖盘
905,13:39:33,4.14,0.0,100,41400,卖盘
906,13:39:36,4.14,0.0,22,9108,卖盘
907,13:39:39,4.14,0.0,67,27738,买盘
908,13:39:42,4.14,0.0,1,414,中性盘
909,13:39:51,4.14,0.0,32,13248,卖盘
910,13:40:12,4.14,0.0,69,28566,卖盘
911,13:40:36,4.15,0.01,4,1660,买盘
912,13:40:51,4.15,0.0,23,9545,买盘
913,13:40:54,4.14,-0.01,40,16560,卖盘
914,13:41:21,4.14,0.0,4,1656,卖盘
915,13:41:28,4.15,0.01,1,415,买盘
916,13:41:36,4.15,0.0,1,415,买盘
917,13:41:39,4.14,-0.01,4,1656,卖盘
918,13:42:12,4.14,0.0,19,7866,卖盘
919,13:43:01,4.14,0.0,6,2488,卖盘
920,13:43:06,4.14,0.0,38,15732,卖盘
921,13:43:12,4.14,0.0,6,2484,卖盘
922,13:43:24,4.14,0.0,1,414,卖盘
923,13:43:36,4.14,0.0,18,7452,卖盘
924,13:43:51,4.14,0.0,1,414,卖盘
925,13:44:42,4.15,0.01,1,415,买盘
926,13:44:45,4.14,-0.01,20,8280,卖盘
927,13:46:15,4.15,0.01,2,830,买盘
928,13:46:18,4.14,-0.01,1,414,卖盘
929,13:46:27,4.15,0.01,1,415,买盘
930,13:46:45,4.15,0.0,1,415,买盘
931,13:46:48,4.15,0.0,2,830,买盘
932,13:47:06,4.14,-0.01,9,3726,卖盘
933,13:47:39,4.15,0.01,16,6640,买盘
934,13:47:45,4.15,0.0,1,415,买盘
935,13:48:06,4.15,0.0,8,3320,买盘
936,13:48:09,4.15,0.0,5,2075,买盘
937,13:48:12,4.14,-0.01,6,2484,卖盘
938,13:48:21,4.15,0.01,1,415,买盘
939,13:48:27,4.15,0.0,6,2490,买盘
940,13:48:54,4.14,-0.01,9,3726,卖盘
941,13:49:00,4.14,0.0,6,2484,卖盘
942,13:49:06,4.14,0.0,65,26910,卖盘
943,13:49:09,4.14,0.0,6,2484,卖盘
944,13:49:15,4.14,0.0,18,7453,卖盘
945,13:49:54,4.14,0.0,18,7452,卖盘
946,13:50:30,4.15,0.01,1,415,买盘
947,13:50:57,4.15,0.0,3,1245,买盘
948,13:51:06,4.14,-0.01,169,69966,卖盘
949,13:51:09,4.14,0.0,88,36432,买盘
950,13:51:12,4.14,0.0,23,9522,买盘
951,13:51:18,4.15,0.01,123,51045,买盘
952,13:51:30,4.14,-0.01,1,414,卖盘
953,13:52:21,4.15,0.01,1,415,买盘
954,13:52:36,4.15,0.0,4,1660,买盘
955,13:52:48,4.14,-0.01,8,3312,卖盘
956,13:53:04,4.15,0.01,8,3320,买盘
957,13:53:21,4.15,0.0,7,2905,买盘
958,13:53:24,4.15,0.0,111,46065,买盘
959,13:53:48,4.15,0.0,100,41500,卖盘
960,13:53:52,4.15,0.0,17,7055,中性盘
961,13:54:04,4.14,-0.01,13,5382,卖盘
962,13:54:33,4.16,0.02,1,416,买盘
963,13:55:06,4.15,-0.01,8,3320,卖盘
964,13:55:09,4.15,0.0,2,830,买盘
965,13:55:12,4.15,0.0,11,4565,买盘
966,13:55:15,4.15,0.0,29,12035,买盘
967,13:55:18,4.15,0.0,3,1245,买盘
968,13:55:33,4.15,0.0,3,1245,买盘
969,13:56:09,4.15,0.0,14,5810,买盘
970,13:56:12,4.15,0.0,2,830,买盘
971,13:56:21,4.14,-0.01,4,1656,卖盘
972,13:56:27,4.15,0.01,2,830,买盘
973,13:56:33,4.15,0.0,1,415,买盘
974,13:56:39,4.14,-0.01,4,1656,卖盘
975,13:56:48,4.14,0.0,4,1656,卖盘
976,13:56:58,4.14,0.0,9,3726,卖盘
977,13:57:33,4.15,0.01,25,10375,买盘
978,13:57:46,4.15,0.0,4,1660,买盘
979,13:58:00,4.14,-0.01,2,828,卖盘
980,13:58:06,4.14,0.0,8,3312,卖盘
981,13:58:12,4.15,0.01,7,2899,买盘
982,13:58:33,4.15,0.0,1,415,买盘
983,13:59:00,4.15,0.0,2,830,买盘
984,13:59:36,4.14,-0.01,1,414,卖盘
985,13:59:39,4.14,0.0,30,12420,卖盘
986,13:59:45,4.15,0.01,4,1660,买盘
987,14:00:21,4.14,-0.01,60,24840,卖盘
988,14:00:27,4.15,0.01,1,415,买盘
989,14:01:04,4.15,0.0,5,2075,买盘
990,14:01:06,4.14,-0.01,29,12006,卖盘
991,14:01:18,4.14,0.0,10,4140,卖盘
992,14:01:45,4.15,0.01,3,1244,买盘
993,14:02:06,4.14,-0.01,9,3726,卖盘
994,14:02:21,4.15,0.01,1,415,买盘
995,14:03:21,4.14,-0.01,276,114264,卖盘
996,14:03:54,4.14,0.0,8,3312,卖盘
997,14:03:57,4.14,0.0,3,1242,卖盘
998,14:04:00,4.14,0.0,6,2484,卖盘
999,14:04:06,4.14,0.0,36,14904,卖盘
1000,14:04:09,4.14,0.0,6,2484,卖盘
1001,14:04:18,4.14,0.0,1,414,卖盘
1002,14:04:33,4.14,0.0,2,828,卖盘
1003,14:04:45,4.15,0.01,1,415,买盘
1004,14:05:15,4.15,0.0,1,415,买盘
1005,14:06:57,4.14,-0.01,1,414,卖盘
1006,14:07:00,4.15,0.01,1,415,买盘
1007,14:07:06,4.14,-0.01,30,12420,卖盘
1008,14:07:48,4.14,0.0,8,3312,卖盘
1009,14:07:51,4.15,0.01,5,2071,买盘
1010,14:08:00,4.14,-0.01,1,414,卖盘
1011,14:08:36,4.14,0.0,49,20286,卖盘
1012,14:09:04,4.14,0.0,12,4968,卖盘
1013,14:09:30,4.14,0.0,1,414,卖盘
1014,14:09:39,4.15,0.01,1,415,买盘
1015,14:09:49,4.15,0.0,10,4150,买盘
1016,14:10:04,4.14,-0.01,19,7866,卖盘
1017,14:10:15,4.15,0.01,10,4150,买盘
1018,14:10:18,4.15,0.0,26,10790,买盘
1019,14:10:57,4.15,0.0,1,415,买盘
1020,14:11:39,4.14,-0.01,4,1656,卖盘
1021,14:11:57,4.14,0.0,9,3726,卖盘
1022,14:12:19,4.15,0.01,100,41500,买盘
1023,14:12:21,4.15,0.0,1,415,买盘
1024,14:13:00,4.14,-0.01,2,828,卖盘
1025,14:13:06,4.14,0.0,37,15318,卖盘
1026,14:13:12,4.14,0.0,6,2484,卖盘
1027,14:14:03,4.15,0.01,1,415,买盘
1028,14:14:54,4.14,-0.01,19,7866,卖盘
1029,14:16:15,4.14,0.0,10,4140,卖盘
1030,14:17:04,4.15,0.01,3,1245,买盘
1031,14:17:06,4.14,-0.01,9,3726,卖盘
1032,14:17:09,4.14,0.0,1,414,卖盘
1033,14:17:27,4.14,0.0,1,414,卖盘
1034,14:17:43,4.14,0.0,25,10350,卖盘
1035,14:17:45,4.14,0.0,81,33534,卖盘
1036,14:18:09,4.14,0.0,12,4968,卖盘
1037,14:18:54,4.14,0.0,7,2898,卖盘
1038,14:19:00,4.14,0.0,6,2484,卖盘
1039,14:19:06,4.14,0.0,64,26496,卖盘
1040,14:19:09,4.14,0.0,67,27739,卖盘
1041,14:19:12,4.14,0.0,5,2070,卖盘
1042,14:19:15,4.14,0.0,25,10350,卖盘
1043,14:19:36,4.15,0.01,1,415,买盘
1044,14:19:48,4.14,-0.01,1,414,卖盘
1045,14:20:21,4.15,0.01,2,830,买盘
1046,14:20:42,4.15,0.0,21,8715,买盘
1047,14:20:57,4.15,0.0,1,415,买盘
1048,14:21:00,4.15,0.0,4,1660,买盘
1049,14:21:09,4.14,-0.01,3,1242,卖盘
1050,14:21:48,4.15,0.01,27,11205,买盘
1051,14:22:18,4.14,-0.01,1,414,卖盘
1052,14:22:48,4.14,0.0,7,2898,卖盘
1053,14:23:03,4.14,0.0,116,48024,卖盘
1054,14:23:18,4.15,0.01,2,830,买盘
1055,14:23:21,4.15,0.0,1,415,买盘
1056,14:23:45,4.15,0.0,1,415,买盘
1057,14:24:04,4.14,-0.01,12,4968,卖盘
1058,14:24:06,4.15,0.01,1,415,买盘
1059,14:24:42,4.15,0.0,292,121180,买盘
1060,14:24:45,4.15,0.0,2,830,买盘
1061,14:24:54,4.14,-0.01,1,414,卖盘
1062,14:25:03,4.14,0.0,4,1656,卖盘
1063,14:25:06,4.14,0.0,29,12006,卖盘
1064,14:25:33,4.15,0.01,19,7885,买盘
1065,14:26:33,4.15,0.0,2,830,买盘
1066,14:26:39,4.14,-0.01,3,1242,卖盘
1067,14:26:48,4.15,0.01,8,3320,买盘
1068,14:27:03,4.14,-0.01,11,4554,卖盘
1069,14:28:00,4.14,0.0,2,828,卖盘
1070,14:28:06,4.14,0.0,7,2898,卖盘
1071,14:28:12,4.14,0.0,4,1656,卖盘
1072,14:29:00,4.15,0.01,1,415,买盘
1073,14:29:37,4.15,0.0,428,177620,买盘
1074,14:29:39,4.14,-0.01,1,414,卖盘
1075,14:29:51,4.16,0.02,1,416,买盘
1076,14:30:36,4.16,0.0,3,1248,买盘
1077,14:30:39,4.15,-0.01,6,2490,卖盘
1078,14:31:06,4.15,0.0,30,12450,卖盘
1079,14:31:09,4.15,0.0,30,12450,卖盘
1080,14:31:12,4.15,0.0,9,3735,买盘
1081,14:31:24,4.15,0.0,23,9545,买盘
1082,14:32:06,4.15,0.0,1,415,卖盘
1083,14:32:09,4.15,0.0,54,22410,卖盘
1084,14:32:12,4.15,0.0,11,4565,卖盘
1085,14:32:30,4.15,0.0,1,415,买盘
1086,14:32:33,4.15,0.0,1,415,买盘
1087,14:33:00,4.15,0.0,10,4150,买盘
1088,14:33:15,4.14,-0.01,113,46782,卖盘
1089,14:33:24,4.15,0.01,95,39425,买盘
1090,14:33:27,4.16,0.01,5,2080,买盘
1091,14:33:36,4.16,0.0,53,21996,买盘
1092,14:34:01,4.15,-0.01,1,415,卖盘
1093,14:34:06,4.15,0.0,963,399645,卖盘
1094,14:34:18,4.16,0.01,228,94746,买盘
1095,14:34:37,4.15,-0.01,7,2905,卖盘
1096,14:34:48,4.15,0.0,20,8300,买盘
1097,14:34:57,4.15,0.0,17,7055,买盘
1098,14:35:18,4.14,-0.01,104,43056,卖盘
1099,14:35:39,4.15,0.01,6,2490,买盘
1100,14:35:46,4.15,0.0,25,10375,买盘
1101,14:35:48,4.14,-0.01,115,47612,卖盘
1102,14:36:21,4.15,0.01,3,1245,买盘
1103,14:36:24,4.15,0.0,1,415,买盘
1104,14:36:27,4.15,0.0,20,8300,卖盘
1105,14:36:54,4.15,0.0,2,830,买盘
1106,14:36:57,4.15,0.0,23,9545,买盘
1107,14:37:00,4.15,0.0,3,1245,卖盘
1108,14:37:09,4.15,0.0,27,11205,买盘
1109,14:37:12,4.15,0.0,2,830,买盘
1110,14:37:15,4.15,0.0,17,7055,卖盘
1111,14:37:24,4.15,0.0,4,1660,卖盘
1112,14:37:42,4.15,0.0,34,14110,卖盘
1113,14:37:51,4.15,0.0,20,8300,卖盘
1114,14:38:00,4.16,0.01,1,416,买盘
1115,14:38:12,4.15,-0.01,116,48140,卖盘
1116,14:38:15,4.15,0.0,123,51045,买盘
1117,14:38:18,4.15,0.0,9,3735,买盘
1118,14:38:21,4.15,0.0,11,4565,卖盘
1119,14:38:24,4.15,0.0,2,830,卖盘
1120,14:39:06,4.16,0.01,8,3328,买盘
1121,14:40:33,4.15,-0.01,17,7055,卖盘
1122,14:40:36,4.15,0.0,1,415,卖盘
1123,14:40:57,4.16,0.01,372,154752,买盘
1124,14:41:00,4.15,-0.01,107,44409,卖盘
1125,14:41:09,4.16,0.01,478,198848,买盘
1126,14:41:15,4.15,-0.01,10,4150,卖盘
1127,14:41:42,4.16,0.01,17,7072,买盘
1128,14:41:48,4.15,-0.01,50,20750,卖盘
1129,14:41:57,4.16,0.01,8,3328,买盘
1130,14:42:06,4.16,0.0,1,416,买盘
1131,14:42:09,4.16,0.0,4,1664,买盘
1132,14:42:48,4.15,-0.01,335,139025,卖盘
1133,14:42:51,4.15,0.0,201,83415,买盘
1134,14:43:00,4.15,0.0,11,4575,卖盘
1135,14:43:06,4.15,0.0,8,3320,卖盘
1136,14:43:09,4.15,0.0,6,2490,买盘
1137,14:43:12,4.15,0.0,38,15770,买盘
1138,14:43:45,4.16,0.01,11,4576,买盘
1139,14:43:54,4.16,0.0,417,173472,买盘
1140,14:44:12,4.15,-0.01,15,6225,卖盘
1141,14:44:21,4.16,0.01,1,416,买盘
1142,14:44:30,4.16,0.0,295,122720,买盘
1143,14:44:33,4.16,0.0,689,286624,买盘
1144,14:44:51,4.17,0.01,8,3336,买盘
1145,14:45:03,4.16,-0.01,4,1664,卖盘
1146,14:45:07,4.16,0.0,7,2912,卖盘
1147,14:45:13,4.16,0.0,50,20800,卖盘
1148,14:45:18,4.16,0.0,178,74048,卖盘
1149,14:45:21,4.16,0.0,1,416,买盘
1150,14:45:24,4.16,0.0,2,832,买盘
1151,14:45:27,4.16,0.0,19,7904,买盘
1152,14:45:30,4.15,-0.01,86,35698,卖盘
1153,14:45:33,4.16,0.01,2,832,卖盘
1154,14:45:36,4.16,0.0,1,416,买盘
1155,14:45:39,4.16,0.0,1,416,买盘
1156,14:45:42,4.17,0.01,39,16261,买盘
1157,14:45:48,4.16,-0.01,1,416,卖盘
1158,14:45:57,4.16,0.0,35,14560,买盘
1159,14:46:12,4.16,0.0,16,6656,买盘
1160,14:46:15,4.15,-0.01,2,830,卖盘
1161,14:46:24,4.15,0.0,5,2075,卖盘
1162,14:46:36,4.16,0.01,20,8320,买盘
1163,14:46:39,4.15,-0.01,4,1660,卖盘
1164,14:46:45,4.16,0.01,2,832,买盘
1165,14:46:57,4.15,-0.01,2,830,卖盘
1166,14:47:15,4.15,0.0,5,2075,卖盘
1167,14:47:21,4.16,0.01,157,65312,买盘
1168,14:47:39,4.16,0.0,50,20800,买盘
1169,14:47:42,4.15,-0.01,6,2490,卖盘
1170,14:47:45,4.16,0.01,8,3328,买盘
1171,14:47:48,4.15,-0.01,108,44916,卖盘
1172,14:47:57,4.16,0.01,1,416,买盘
1173,14:48:00,4.16,0.0,1,416,买盘
1174,14:48:04,4.16,0.0,9,3744,买盘
1175,14:48:06,4.16,0.0,64,26619,买盘
1176,14:48:24,4.15,-0.01,2,830,卖盘
1177,14:48:30,4.16,0.01,10,4160,买盘
1178,14:48:42,4.15,-0.01,4,1660,卖盘
1179,14:49:00,4.16,0.01,11,4571,买盘
1180,14:49:06,4.15,-0.01,29,12035,卖盘
1181,14:49:09,4.15,0.0,22,9130,卖盘
1182,14:49:12,4.16,0.01,8,3328,买盘
1183,14:49:15,4.16,0.0,9,3744,买盘
1184,14:49:18,4.15,-0.01,100,41500,卖盘
1185,14:49:42,4.16,0.01,100,41600,买盘
1186,14:49:45,4.15,-0.01,4,1660,卖盘
1187,14:49:54,4.15,0.0,7,2905,卖盘
1188,14:50:04,4.15,0.0,4,1660,卖盘
1189,14:50:06,4.16,0.01,3,1246,买盘
1190,14:50:09,4.16,0.0,11,4576,买盘
1191,14:50:12,4.15,-0.01,36,14940,卖盘
1192,14:50:15,4.15,0.0,49,20335,卖盘
1193,14:50:27,4.16,0.01,14,5824,买盘
1194,14:50:33,4.15,-0.01,4,1660,卖盘
1195,14:50:36,4.15,0.0,2,830,卖盘
1196,14:50:45,4.15,0.0,200,83000,卖盘
1197,14:51:00,4.15,0.0,100,41500,卖盘
1198,14:51:03,4.15,0.0,4,1660,卖盘
1199,14:51:06,4.15,0.0,2,830,卖盘
1200,14:51:09,4.16,0.01,20,8320,买盘
1201,14:51:12,4.16,0.0,1,416,买盘
1202,14:51:15,4.16,0.0,10,4160,买盘
1203,14:51:21,4.16,0.0,285,118560,买盘
1204,14:51:24,4.16,0.0,11,4576,买盘
1205,14:51:36,4.15,-0.01,2,830,卖盘
1206,14:51:39,4.15,0.0,2,830,卖盘
1207,14:51:42,4.16,0.01,10,4160,买盘
1208,14:51:45,4.16,0.0,51,21216,买盘
1209,14:51:48,4.16,0.0,12,4992,买盘
1210,14:51:51,4.17,0.01,19,7917,买盘
1211,14:52:00,4.16,-0.01,20,8320,卖盘
1212,14:52:12,4.16,0.0,1,416,卖盘
1213,14:52:15,4.17,0.01,30,12510,买盘
1214,14:52:18,4.16,-0.01,1,416,卖盘
1215,14:52:36,4.16,0.0,152,63232,卖盘
1216,14:52:39,4.17,0.01,50,20850,买盘
1217,14:52:42,4.16,-0.01,30,12480,中性盘
1218,14:53:00,4.15,-0.01,1021,423728,卖盘
1219,14:53:21,4.16,0.01,30,12480,买盘
1220,14:53:24,4.16,0.0,1,416,买盘
1221,14:53:33,4.16,0.0,50,20800,买盘
1222,14:54:06,4.16,0.0,31,12866,买盘
1223,14:54:09,4.15,-0.01,296,122840,卖盘
1224,14:54:12,4.15,0.0,3,1245,买盘
1225,14:54:16,4.15,0.0,7,2905,买盘
1226,14:54:30,4.15,0.0,124,51460,买盘
1227,14:54:36,4.15,0.0,30,12450,卖盘
1228,14:54:40,4.15,0.0,17,7055,买盘
1229,14:54:46,4.15,0.0,59,24485,卖盘
1230,14:54:48,4.15,0.0,56,23240,卖盘
1231,14:54:54,4.15,0.0,10,4150,买盘
1232,14:55:04,4.15,0.0,34,14110,买盘
1233,14:55:09,4.14,-0.01,101,41905,卖盘
1234,14:55:18,4.14,0.0,100,41400,卖盘
1235,14:55:21,4.15,0.01,8,3320,中性盘
1236,14:55:36,4.14,-0.01,10,4140,卖盘
1237,14:55:39,4.15,0.01,20,8300,买盘
1238,14:55:42,4.15,0.0,60,24900,买盘
1239,14:55:48,4.15,0.0,12,4980,买盘
1240,14:55:54,4.15,0.0,195,80925,卖盘
1241,14:56:00,4.16,0.01,7,2912,买盘
1242,14:56:21,4.15,-0.01,1,415,卖盘
1243,14:56:27,4.16,0.01,48,19968,买盘
1244,14:56:30,4.16,0.0,21,8736,买盘
1245,14:56:33,4.16,0.0,3,1248,买盘
1246,14:56:39,4.16,0.0,1,416,买盘
1247,14:56:48,4.15,-0.01,1,415,卖盘
1248,14:56:57,4.15,0.0,10,4150,卖盘
1249,15:00:04,4.15,0.0,391,162265,卖盘
