,time,price,change,volume,amount,type
0,09:25:04,31.6,-0.07,335,1059390,买盘
1,09:30:04,31.61,0.01,550,1737450,买盘
2,09:30:07,31.62,0.01,225,711049,中性盘
3,09:30:09,31.58,-0.04,38,120062,卖盘
4,09:30:12,31.56,-0.02,30,94670,卖盘
5,09:30:15,31.63,0.07,24,75791,买盘
6,09:30:18,31.6,-0.03,13,41092,买盘
7,09:30:21,31.56,-0.04,4,12624,卖盘
8,09:30:24,31.56,0.0,22,69433,卖盘
9,09:30:27,31.56,0.0,1,3156,买盘
10,09:30:31,31.55,-0.01,39,123018,买盘
11,09:30:34,31.6,0.05,25,78901,买盘
12,09:30:36,31.61,0.01,33,104295,买盘
13,09:30:39,31.56,-0.05,15,47353,卖盘
14,09:30:42,31.55,-0.01,30,94689,卖盘
15,09:30:45,31.6,0.05,37,116926,中性盘
16,09:30:49,31.6,0.0,11,34763,卖盘
17,09:30:51,31.57,-0.03,6,18969,卖盘
18,09:30:54,31.61,0.04,2,6322,买盘
19,09:30:57,31.6,-0.01,3,9481,卖盘
20,09:31:01,31.63,0.03,6,18972,买盘
21,09:31:04,31.63,0.0,8,25289,买盘
22,09:31:06,31.6,-0.03,14,44240,卖盘
23,09:31:09,31.61,0.01,14,44242,买盘
24,09:31:18,31.64,0.03,3,9492,买盘
25,09:31:21,31.63,-0.01,12,37960,卖盘
26,09:31:24,31.63,0.0,16,50611,卖盘
27,09:31:27,31.65,0.02,27,85442,买盘
28,09:31:30,31.66,0.01,13,41158,买盘
29,09:31:33,31.66,0.0,1,3166,卖盘
30,09:31:36,31.72,0.06,69,218554,买盘
31,09:31:39,31.72,0.0,9,28513,买盘
32,09:31:42,31.68,-0.04,9,28514,卖盘
33,09:31:45,31.72,0.04,5,15860,买盘
34,09:31:48,31.72,0.0,2,6344,买盘
35,09:31:52,31.72,0.0,28,88816,卖盘
36,09:31:54,31.72,0.0,52,165057,卖盘
37,09:31:57,31.73,0.01,68,215695,中性盘
38,09:32:00,31.7,-0.03,19,60220,卖盘
39,09:32:04,31.7,0.0,10,31704,买盘
40,09:32:06,31.68,-0.02,4,12678,卖盘
41,09:32:09,31.67,-0.01,21,66524,卖盘
42,09:32:12,31.7,0.03,34,107729,中性盘
43,09:32:15,31.72,0.02,49,155343,买盘
44,09:32:18,31.66,-0.06,43,136261,卖盘
45,09:32:21,31.68,0.02,35,110787,买盘
46,09:32:25,31.7,0.02,15,47530,买盘
47,09:32:27,31.72,0.02,30,95076,买盘
48,09:32:30,31.68,-0.04,12,38019,卖盘
49,09:32:36,31.72,0.04,27,85572,买盘
50,09:32:39,31.7,-0.02,13,41210,卖盘
51,09:32:43,31.7,0.0,1,3170,卖盘
52,09:32:45,31.71,0.01,3,9512,买盘
53,09:32:48,31.71,0.0,7,22204,卖盘
54,09:32:54,31.71,0.0,1,3171,卖盘
55,09:32:57,31.72,0.01,2,6344,卖盘
56,09:33:00,31.72,0.0,10,31720,卖盘
57,09:33:04,31.74,0.02,58,184051,买盘
58,09:33:06,31.74,0.0,22,69832,卖盘
59,09:33:09,31.75,0.01,2,6351,卖盘
60,09:33:12,31.76,0.01,5,15880,买盘
61,09:33:15,31.72,-0.04,71,225294,卖盘
62,09:33:18,31.72,0.0,78,247666,买盘
63,09:33:21,31.8,0.08,11,34952,买盘
64,09:33:24,31.76,-0.04,7,22232,卖盘
65,09:33:30,31.73,-0.03,1,3173,卖盘
66,09:33:33,31.8,0.07,29,92202,买盘
67,09:33:36,31.81,0.01,2,6361,买盘
68,09:33:39,31.74,-0.07,2,6349,卖盘
69,09:33:42,31.77,0.03,5,15877,买盘
70,09:33:45,31.76,-0.01,96,304740,买盘
71,09:33:48,31.74,-0.02,32,101574,中性盘
72,09:33:51,31.73,-0.01,16,50807,卖盘
73,09:33:54,31.76,0.03,41,130188,买盘
74,09:33:57,31.75,-0.01,17,53962,买盘
75,09:34:00,31.77,0.02,57,180994,买盘
76,09:34:04,31.78,0.01,29,92148,买盘
77,09:34:06,31.73,-0.05,26,82836,卖盘
78,09:34:09,31.78,0.05,1,3178,买盘
79,09:34:13,31.77,-0.01,90,285937,卖盘
80,09:34:15,31.75,-0.02,23,73024,中性盘
81,09:34:18,31.75,0.0,10,31750,买盘
82,09:34:21,31.77,0.02,4,12704,买盘
83,09:34:24,31.76,-0.01,15,47640,中性盘
84,09:34:28,31.77,0.01,13,41301,买盘
85,09:34:30,31.78,0.01,1,3178,买盘
86,09:34:33,31.77,-0.01,7,22239,卖盘
87,09:34:36,31.77,0.0,8,25416,卖盘
88,09:34:39,31.77,0.0,19,60364,卖盘
89,09:34:42,31.76,-0.01,127,403666,卖盘
90,09:34:45,31.79,0.03,31,98466,买盘
91,09:34:48,31.76,-0.03,11,34944,卖盘
92,09:34:51,31.76,0.0,3,9528,买盘
93,09:34:57,31.76,0.0,5,15880,买盘
94,09:35:00,31.76,0.0,37,117493,买盘
95,09:35:04,31.76,0.0,65,206440,买盘
96,09:35:06,31.76,0.0,56,177853,卖盘
97,09:35:09,31.76,0.0,15,47628,卖盘
98,09:35:13,31.76,0.0,23,73037,买盘
99,09:35:15,31.76,0.0,13,41288,卖盘
100,09:35:18,31.77,0.01,15,47666,卖盘
101,09:35:21,31.78,0.01,2,6356,买盘
102,09:35:24,31.78,0.0,90,286055,买盘
103,09:35:27,31.78,0.0,33,104901,卖盘
104,09:35:30,31.8,0.02,21,66778,买盘
105,09:35:33,31.82,0.02,49,155831,买盘
106,09:35:36,31.83,0.01,44,140058,买盘
107,09:35:39,31.85,0.02,23,73251,买盘
108,09:35:42,31.8,-0.05,53,168584,卖盘
109,09:35:45,31.83,0.03,7,22263,中性盘
110,09:35:48,31.87,0.04,6,19102,买盘
111,09:35:51,31.87,0.0,3,9561,买盘
112,09:35:54,31.83,-0.04,2,6366,卖盘
113,09:35:57,31.85,0.02,20,63700,买盘
114,09:36:00,31.85,0.0,24,76416,买盘
115,09:36:04,31.84,-0.01,70,222831,买盘
116,09:36:06,31.86,0.02,205,652960,买盘
117,09:36:09,31.83,-0.03,23,73234,卖盘
118,09:36:12,31.82,-0.01,5,15912,卖盘
119,09:36:15,31.86,0.04,36,114588,买盘
120,09:36:18,31.86,0.0,6,19096,买盘
121,09:36:21,31.85,-0.01,1,3185,中性盘
122,09:36:24,31.87,0.02,64,203912,买盘
123,09:36:27,31.85,-0.02,10,31838,中性盘
124,09:36:30,31.83,-0.02,6,19108,中性盘
125,09:36:33,31.85,0.02,71,225986,买盘
126,09:36:36,31.85,0.0,29,92261,买盘
127,09:36:39,31.82,-0.03,29,92290,买盘
128,09:36:42,31.81,-0.01,7,22270,卖盘
129,09:36:45,31.8,-0.01,68,216306,卖盘
130,09:36:48,31.84,0.04,64,203670,买盘
131,09:36:51,31.81,-0.03,116,369312,卖盘
132,09:36:54,31.8,-0.01,42,133592,卖盘
133,09:36:57,31.82,0.02,14,44528,买盘
134,09:37:00,31.81,-0.01,3,9543,卖盘
135,09:37:04,31.81,0.0,16,50896,卖盘
136,09:37:06,31.81,0.0,7,22267,卖盘
137,09:37:09,31.82,0.01,19,60448,买盘
138,09:37:13,31.82,0.0,43,136784,买盘
139,09:37:16,31.83,0.01,38,120903,买盘
140,09:37:18,31.82,-0.01,21,66824,卖盘
141,09:37:21,31.82,0.0,9,28643,卖盘
142,09:37:24,31.82,0.0,45,143217,卖盘
143,09:37:27,31.82,0.0,69,219499,买盘
144,09:37:31,31.83,0.01,180,572868,买盘
145,09:37:33,31.8,-0.03,44,139936,卖盘
146,09:37:36,31.8,0.0,28,89052,卖盘
147,09:37:39,31.82,0.02,18,57257,中性盘
148,09:37:43,31.81,-0.01,243,772818,卖盘
149,09:37:45,31.81,0.0,75,238566,买盘
150,09:37:48,31.79,-0.02,128,407023,卖盘
151,09:37:51,31.77,-0.02,40,127100,卖盘
152,09:37:55,31.8,0.03,6,19075,买盘
153,09:37:57,31.77,-0.03,59,187452,卖盘
154,09:38:00,31.77,0.0,72,228745,卖盘
155,09:38:04,31.78,0.01,66,209677,中性盘
156,09:38:06,31.77,-0.01,22,69848,中性盘
157,09:38:09,31.77,0.0,90,285625,买盘
158,09:38:12,31.73,-0.04,25,79373,卖盘
159,09:38:15,31.77,0.04,97,307901,买盘
160,09:38:18,31.78,0.01,29,92109,买盘
161,09:38:21,31.75,-0.03,53,168281,卖盘
162,09:38:24,31.75,0.0,26,82552,卖盘
163,09:38:27,31.75,0.0,15,47626,卖盘
164,09:38:30,31.76,0.01,7,22232,买盘
165,09:38:33,31.79,0.03,33,104864,买盘
166,09:38:36,31.78,-0.01,25,79452,卖盘
167,09:38:39,31.79,0.01,10,31788,买盘
168,09:38:42,31.78,-0.01,2,6356,卖盘
169,09:38:46,31.79,0.01,12,38148,买盘
170,09:38:48,31.78,-0.01,5,15890,卖盘
171,09:38:52,31.78,0.0,10,31782,卖盘
172,09:38:54,31.78,0.0,22,69927,卖盘
173,09:38:57,31.78,0.0,1,3178,卖盘
174,09:39:01,31.79,0.01,20,63575,买盘
175,09:39:04,31.79,0.0,1,3179,卖盘
176,09:39:06,31.8,0.01,3,9538,买盘
177,09:39:09,31.79,-0.01,2,6358,卖盘
178,09:39:12,31.79,0.0,5,15896,卖盘
179,09:39:15,31.78,-0.01,132,419747,卖盘
180,09:39:19,31.78,0.0,48,152563,卖盘
181,09:39:21,31.78,0.0,112,355978,卖盘
182,09:39:24,31.8,0.02,37,117592,买盘
183,09:39:27,31.8,0.0,12,38155,买盘
184,09:39:30,31.79,-0.01,34,108086,卖盘
185,09:39:33,31.78,-0.01,13,41314,卖盘
186,09:39:39,31.78,0.0,1,3178,卖盘
187,09:39:42,31.79,0.01,200,635736,买盘
188,09:39:46,31.79,0.0,60,190671,买盘
189,09:39:48,31.76,-0.03,3,9534,卖盘
190,09:39:51,31.77,0.01,11,34955,中性盘
191,09:39:54,31.77,0.0,14,44468,买盘
192,09:39:57,31.79,0.02,40,126145,买盘
193,09:40:00,31.8,0.01,13,41329,买盘
194,09:40:04,31.79,-0.01,29,92193,卖盘
195,09:40:06,31.8,0.01,13,41335,买盘
196,09:40:09,31.79,-0.01,11,34974,卖盘
197,09:40:12,31.79,0.0,33,105905,卖盘
198,09:40:15,31.8,0.01,159,505598,买盘
199,09:40:18,31.78,-0.02,47,149369,卖盘
200,09:40:21,31.77,-0.01,111,352809,卖盘
201,09:40:24,31.8,0.03,128,406691,买盘
202,09:40:27,31.78,-0.02,18,57188,中性盘
203,09:40:30,31.76,-0.02,10,31766,卖盘
204,09:40:33,31.78,0.02,20,63560,中性盘
205,09:40:36,31.76,-0.02,72,228774,卖盘
206,09:40:39,31.81,0.05,66,209948,中性盘
207,09:40:43,31.81,0.0,14,44536,卖盘
208,09:40:45,31.82,0.01,1,3182,买盘
209,09:40:48,31.81,-0.01,2,6362,卖盘
210,09:40:51,31.81,0.0,32,101792,卖盘
211,09:40:54,31.81,0.0,17,54077,买盘
212,09:40:57,31.79,-0.02,12,38144,卖盘
213,09:41:00,31.79,0.0,1,3179,买盘
214,09:41:04,31.81,0.02,13,41339,买盘
215,09:41:06,31.86,0.05,95,302527,买盘
216,09:41:09,31.86,0.0,13,41343,买盘
217,09:41:12,31.84,-0.02,2,6368,买盘
218,09:41:15,31.81,-0.03,7,22270,卖盘
219,09:41:22,31.84,0.03,8,25472,买盘
220,09:41:24,31.85,0.01,1,3185,买盘
221,09:41:27,31.85,0.0,4,12740,买盘
222,09:41:30,31.85,0.0,19,60515,买盘
223,09:41:33,31.86,0.01,7,22302,买盘
224,09:41:37,31.85,-0.01,13,41405,卖盘
225,09:41:39,31.84,-0.01,11,35024,卖盘
226,09:41:43,31.85,0.01,5,15925,卖盘
227,09:41:45,31.85,0.0,20,63700,卖盘
228,09:41:48,31.86,0.01,7,22302,买盘
229,09:41:51,31.87,0.01,2,6374,买盘
230,09:41:58,31.87,0.0,14,44618,买盘
231,09:42:01,31.88,0.01,33,105185,买盘
232,09:42:04,31.89,0.01,80,255084,买盘
233,09:42:06,31.9,0.01,76,242417,买盘
234,09:42:10,31.89,-0.01,52,165851,卖盘
235,09:42:12,31.9,0.01,82,261580,买盘
236,09:42:15,31.9,0.0,35,111627,买盘
237,09:42:18,31.88,-0.02,60,191378,卖盘
238,09:42:21,31.89,0.01,25,79726,中性盘
239,09:42:24,31.9,0.01,95,303050,买盘
240,09:42:27,31.89,-0.01,20,63792,卖盘
241,09:42:30,31.91,0.02,5,15959,卖盘
242,09:42:33,31.91,0.0,27,86186,卖盘
243,09:42:36,31.92,0.01,36,114896,买盘
244,09:42:39,31.93,0.01,27,86179,买盘
245,09:42:42,31.92,-0.01,6,19152,中性盘
246,09:42:45,31.96,0.04,29,92640,买盘
247,09:42:48,31.96,0.0,7,22362,买盘
248,09:42:52,31.94,-0.02,12,38341,卖盘
249,09:42:55,31.97,0.03,34,108668,买盘
250,09:42:57,31.96,-0.01,25,79892,卖盘
251,09:43:00,31.98,0.02,27,86292,买盘
252,09:43:03,31.97,-0.01,26,83147,卖盘
253,09:43:06,31.98,0.01,7,22380,买盘
254,09:43:10,31.97,-0.01,28,89539,卖盘
255,09:43:12,31.97,0.0,9,28776,卖盘
256,09:43:15,31.98,0.01,1,3198,买盘
257,09:43:18,31.97,-0.01,40,127910,卖盘
258,09:43:21,31.97,0.0,192,614039,卖盘
259,09:43:25,31.97,0.0,56,179009,卖盘
260,09:43:28,31.95,-0.02,148,473129,卖盘
261,09:43:30,31.97,0.02,55,175797,买盘
262,09:43:33,31.96,-0.01,12,38360,卖盘
263,09:43:36,31.96,0.0,15,47942,卖盘
264,09:43:39,31.97,0.01,53,169419,买盘
265,09:43:42,31.97,0.0,83,265353,卖盘
266,09:43:45,31.96,-0.01,220,703295,卖盘
267,09:43:48,31.94,-0.02,154,492230,卖盘
268,09:43:51,31.93,-0.01,70,223644,卖盘
269,09:43:54,31.91,-0.02,4,12767,卖盘
270,09:43:57,31.9,-0.01,6,19140,卖盘
271,09:44:04,31.89,-0.01,13,41469,卖盘
272,09:44:06,31.91,0.02,4,12764,买盘
273,09:44:09,31.91,0.0,7,22332,买盘
274,09:44:12,31.92,0.01,10,31920,卖盘
275,09:44:15,31.93,0.01,7,22345,买盘
276,09:44:18,31.95,0.02,2,6390,买盘
277,09:44:24,31.93,-0.02,63,201179,卖盘
278,09:44:27,31.93,0.0,26,83004,卖盘
279,09:44:33,31.92,-0.01,101,322428,卖盘
280,09:44:36,31.92,0.0,22,70251,卖盘
281,09:44:39,31.92,0.0,20,63848,卖盘
282,09:44:42,31.93,0.01,26,83007,买盘
283,09:44:46,31.94,0.01,13,41511,买盘
284,09:44:48,31.94,0.0,1,3194,买盘
285,09:44:51,31.93,-0.01,98,313064,卖盘
286,09:44:54,31.93,0.0,23,73452,卖盘
287,09:44:57,31.92,-0.01,243,775867,卖盘
288,09:45:00,31.93,0.01,91,290463,买盘
289,09:45:03,31.93,0.0,45,143617,买盘
290,09:45:06,31.9,-0.03,5,15950,卖盘
291,09:45:09,31.9,0.0,44,140455,卖盘
292,09:45:12,31.91,0.01,9,28711,中性盘
293,09:45:15,31.89,-0.02,6,19134,卖盘
294,09:45:18,31.89,0.0,32,102048,卖盘
295,09:45:21,31.9,0.01,74,236056,买盘
296,09:45:24,31.88,-0.02,37,118022,卖盘
297,09:45:27,31.88,0.0,22,70116,买盘
298,09:45:30,31.87,-0.01,54,172073,卖盘
299,09:45:33,31.85,-0.02,206,656682,卖盘
300,09:45:37,31.84,-0.01,57,181534,卖盘
301,09:45:39,31.84,0.0,15,47761,卖盘
302,09:45:42,31.84,0.0,39,124181,卖盘
303,09:45:45,31.84,0.0,3,9553,卖盘
304,09:45:48,31.84,0.0,48,152843,卖盘
305,09:45:51,31.9,0.06,49,156022,买盘
306,09:45:55,31.84,-0.06,30,95519,买盘
307,09:45:57,31.84,0.0,11,35011,买盘
308,09:46:00,31.84,0.0,30,95516,买盘
309,09:46:04,31.83,-0.01,26,82745,中性盘
310,09:46:06,31.81,-0.02,29,92306,卖盘
311,09:46:09,31.84,0.03,54,171934,买盘
312,09:46:12,31.83,-0.01,21,66846,卖盘
313,09:46:15,31.88,0.05,27,86036,买盘
314,09:46:19,31.89,0.01,59,188037,买盘
315,09:46:21,31.87,-0.02,54,172166,中性盘
316,09:46:24,31.9,0.03,10,31878,买盘
317,09:46:27,31.87,-0.03,12,38260,中性盘
318,09:46:30,31.91,0.04,11,35055,买盘
319,09:46:33,31.91,0.0,15,47867,买盘
320,09:46:36,31.91,0.0,2,6383,卖盘
321,09:46:39,31.95,0.04,58,185264,买盘
322,09:46:42,31.93,-0.02,8,25550,卖盘
323,09:46:46,31.92,-0.01,2,6384,卖盘
324,09:46:48,31.91,-0.01,12,38302,卖盘
325,09:46:51,31.95,0.04,1,3195,买盘
326,09:46:54,31.93,-0.02,15,47915,卖盘
327,09:46:57,31.92,-0.01,1,3192,卖盘
328,09:47:00,31.93,0.01,16,51088,买盘
329,09:47:04,31.95,0.02,3,9585,买盘
330,09:47:06,31.93,-0.02,23,73439,卖盘
331,09:47:09,31.94,0.01,14,44711,买盘
332,09:47:12,31.94,0.0,8,25554,卖盘
333,09:47:15,31.95,0.01,25,79868,买盘
334,09:47:19,31.93,-0.02,6,19159,卖盘
335,09:47:24,31.93,0.0,3,9579,卖盘
336,09:47:27,31.93,0.0,45,143688,卖盘
337,09:47:31,31.92,-0.01,15,47883,卖盘
338,09:47:33,31.92,0.0,6,19152,卖盘
339,09:47:36,31.93,0.01,24,76630,买盘
340,09:47:39,31.92,-0.01,5,15960,卖盘
341,09:47:46,31.9,-0.02,15,47862,卖盘
342,09:47:48,31.9,0.0,6,19130,买盘
343,09:47:51,31.88,-0.02,6,19130,卖盘
344,09:47:54,31.93,0.05,57,181954,买盘
345,09:47:57,31.92,-0.01,31,98912,卖盘
346,09:48:01,31.88,-0.04,3,9564,中性盘
347,09:48:06,31.87,-0.01,2,6374,卖盘
348,09:48:12,31.87,0.0,11,35087,卖盘
349,09:48:15,31.87,0.0,5,15935,卖盘
350,09:48:18,31.88,0.01,10,31872,买盘
351,09:48:21,31.9,0.02,31,98858,买盘
352,09:48:24,31.9,0.0,2,6382,卖盘
353,09:48:28,31.87,-0.03,10,31870,卖盘
354,09:48:30,31.88,0.01,12,38255,买盘
355,09:48:33,31.87,-0.01,11,35062,卖盘
356,09:48:36,31.87,0.0,6,19122,卖盘
357,09:48:39,31.89,0.02,1,3189,买盘
358,09:48:43,31.89,0.0,8,25498,买盘
359,09:48:45,31.92,0.03,50,159515,买盘
360,09:48:48,31.92,0.0,14,44623,买盘
361,09:48:51,31.9,-0.02,6,19130,买盘
362,09:48:54,31.88,-0.02,4,12752,卖盘
363,09:48:57,31.88,0.0,19,60572,卖盘
364,09:49:00,31.87,-0.01,3,9562,卖盘
365,09:49:04,31.88,0.01,38,121135,买盘
366,09:49:06,31.87,-0.01,18,57368,卖盘
367,09:49:15,31.86,-0.01,1,3186,卖盘
368,09:49:18,31.86,0.0,10,31860,卖盘
369,09:49:21,31.88,0.02,16,51004,买盘
370,09:49:24,31.88,0.0,10,31880,买盘
371,09:49:27,31.87,-0.01,25,79670,中性盘
372,09:49:30,31.87,0.0,38,121112,卖盘
373,09:49:33,31.86,-0.01,5,15932,卖盘
374,09:49:36,31.88,0.02,20,63760,买盘
375,09:49:39,31.88,0.0,10,31880,卖盘
376,09:49:42,31.88,0.0,3,9565,卖盘
377,09:49:48,31.88,0.0,23,73326,卖盘
378,09:49:54,31.86,-0.02,6,19119,卖盘
379,09:49:57,31.88,0.02,21,66946,买盘
380,09:50:00,31.88,0.0,9,28682,买盘
381,09:50:03,31.86,-0.02,5,15930,卖盘
382,09:50:07,31.88,0.02,1,3188,买盘
383,09:50:15,31.88,0.0,26,82869,买盘
384,09:50:19,31.87,-0.01,1,3187,中性盘
385,09:50:21,31.86,-0.01,1,3186,卖盘
386,09:50:27,31.86,0.0,2,6372,卖盘
387,09:50:31,31.86,0.0,30,95580,卖盘
388,09:50:33,31.86,0.0,70,223025,卖盘
389,09:50:36,31.84,-0.02,26,82799,卖盘
390,09:50:39,31.83,-0.01,5,15915,卖盘
391,09:50:42,31.83,0.0,25,79575,卖盘
392,09:50:45,31.83,0.0,8,25464,卖盘
393,09:50:48,31.8,-0.03,63,200340,卖盘
394,09:50:51,31.78,-0.02,47,149398,卖盘
395,09:50:54,31.77,-0.01,7,22239,卖盘
396,09:50:57,31.77,0.0,59,187445,卖盘
397,09:51:01,31.76,-0.01,11,34939,卖盘
398,09:51:03,31.77,0.01,8,25410,买盘
399,09:51:06,31.78,0.01,2,6356,买盘
400,09:51:09,31.8,0.02,30,95366,买盘
401,09:51:12,31.8,0.0,6,19077,买盘
402,09:51:15,31.83,0.03,22,69959,买盘
403,09:51:18,31.8,-0.03,8,25446,卖盘
404,09:51:24,31.77,-0.03,22,71930,卖盘
405,09:51:27,31.81,0.04,18,57259,买盘
406,09:51:31,31.78,-0.03,3,9538,卖盘
407,09:51:39,31.83,0.05,2,6366,买盘
408,09:51:42,31.78,-0.05,5,15894,卖盘
409,09:51:46,31.83,0.05,14,44562,买盘
410,09:51:49,31.8,-0.03,1,3180,卖盘
411,09:51:54,31.8,0.0,8,25448,卖盘
412,09:51:57,31.79,-0.01,3,9537,中性盘
413,09:52:00,31.79,0.0,2,6358,卖盘
414,09:52:06,31.78,-0.01,32,101706,卖盘
415,09:52:09,31.79,0.01,7,22249,中性盘
416,09:52:16,31.78,-0.01,15,47670,卖盘
417,09:52:19,31.8,0.02,89,282940,买盘
418,09:52:21,31.77,-0.03,36,114428,卖盘
419,09:52:24,31.8,0.03,7,22260,买盘
420,09:52:27,31.77,-0.03,2,6354,卖盘
421,09:52:30,31.77,0.0,8,25417,卖盘
422,09:52:33,31.79,0.02,4,12716,买盘
423,09:52:37,31.79,0.0,2,6358,买盘
424,09:52:40,31.79,0.0,1,3179,买盘
425,09:52:42,31.8,0.01,5,15900,买盘
426,09:52:45,31.78,-0.02,3,9538,卖盘
427,09:52:48,31.78,0.0,16,50860,卖盘
428,09:52:51,31.78,0.0,81,257428,卖盘
429,09:52:54,31.78,0.0,73,231968,买盘
430,09:52:57,31.77,-0.01,17,54010,卖盘
431,09:53:00,31.78,0.01,33,104856,买盘
432,09:53:03,31.8,0.02,25,79458,买盘
433,09:53:07,31.78,-0.02,26,82613,买盘
434,09:53:10,31.8,0.02,15,47672,买盘
435,09:53:13,31.78,-0.02,6,19067,卖盘
436,09:53:15,31.78,0.0,6,19071,卖盘
437,09:53:21,31.78,0.0,7,22246,卖盘
438,09:53:25,31.79,0.01,15,47665,买盘
439,09:53:27,31.78,-0.01,2,6357,中性盘
440,09:53:30,31.76,-0.02,37,117537,卖盘
441,09:53:33,31.8,0.04,41,130261,买盘
442,09:53:37,31.8,0.0,9,28590,买盘
443,09:53:40,31.76,-0.04,4,12704,卖盘
444,09:53:42,31.76,0.0,26,82576,卖盘
445,09:53:45,31.76,0.0,27,85772,卖盘
446,09:53:48,31.76,0.0,17,53993,卖盘
447,09:53:52,31.76,0.0,21,66696,卖盘
448,09:53:54,31.7,-0.06,167,527779,卖盘
449,09:53:57,31.75,0.05,44,139495,买盘
450,09:54:00,31.7,-0.05,42,133140,卖盘
451,09:54:04,31.7,0.0,28,88735,卖盘
452,09:54:06,31.68,-0.02,12,38016,卖盘
453,09:54:09,31.66,-0.02,26,82352,卖盘
454,09:54:12,31.66,0.0,11,34842,卖盘
455,09:54:15,31.68,0.02,2,6336,中性盘
456,09:54:18,31.66,-0.02,27,85484,卖盘
457,09:54:21,31.68,0.02,20,63331,买盘
458,09:54:24,31.65,-0.03,18,56974,卖盘
459,09:54:30,31.6,-0.05,52,164401,卖盘
460,09:54:33,31.63,0.03,32,101130,买盘
461,09:54:36,31.58,-0.05,169,533946,卖盘
462,09:54:39,31.57,-0.01,37,116811,卖盘
463,09:54:42,31.55,-0.02,9,28396,卖盘
464,09:54:45,31.53,-0.02,90,284042,卖盘
465,09:54:48,31.54,0.01,26,81985,中性盘
466,09:54:51,31.53,-0.01,2,6306,卖盘
467,09:54:55,31.53,0.0,3,9459,买盘
468,09:54:57,31.53,0.0,49,154498,卖盘
469,09:55:00,31.54,0.01,42,132471,中性盘
470,09:55:04,31.55,0.01,4,12620,买盘
471,09:55:06,31.56,0.01,1,3156,买盘
472,09:55:10,31.55,-0.01,9,28395,卖盘
473,09:55:13,31.6,0.05,24,75739,买盘
474,09:55:15,31.56,-0.04,7,22096,卖盘
475,09:55:18,31.56,0.0,27,85216,卖盘
476,09:55:21,31.58,0.02,7,22104,中性盘
477,09:55:24,31.58,0.0,2,6316,买盘
478,09:55:27,31.58,0.0,64,202004,买盘
479,09:55:30,31.56,-0.02,48,151567,卖盘
480,09:55:33,31.58,0.02,14,44228,中性盘
481,09:55:36,31.6,0.02,11,34744,买盘
482,09:55:39,31.6,0.0,7,22108,买盘
483,09:55:42,31.58,-0.02,35,110575,卖盘
484,09:55:45,31.58,0.0,2,6316,买盘
485,09:55:48,31.58,0.0,77,243161,买盘
486,09:55:51,31.57,-0.01,46,145242,卖盘
487,09:55:54,31.57,0.0,23,72620,卖盘
488,09:55:57,31.57,0.0,44,138941,卖盘
489,09:56:01,31.57,0.0,12,37895,卖盘
490,09:56:04,31.57,0.0,14,44198,卖盘
491,09:56:06,31.59,0.02,12,37901,中性盘
492,09:56:09,31.61,0.02,2,6322,买盘
493,09:56:12,31.58,-0.03,12,37916,中性盘
494,09:56:15,31.6,0.02,45,142200,买盘
495,09:56:19,31.59,-0.01,22,69482,中性盘
496,09:56:21,31.6,0.01,275,868999,买盘
497,09:56:24,31.61,0.01,47,148453,买盘
498,09:56:27,31.58,-0.03,16,50541,卖盘
499,09:56:30,31.6,0.02,34,107380,买盘
500,09:56:33,31.6,0.0,13,41067,买盘
501,09:56:36,31.58,-0.02,31,97913,卖盘
502,09:56:39,31.58,0.0,17,53681,买盘
503,09:56:42,31.55,-0.03,313,987915,卖盘
504,09:56:45,31.55,0.0,103,324879,买盘
505,09:56:48,31.55,0.0,39,123027,买盘
506,09:56:51,31.55,0.0,1,3155,买盘
507,09:56:54,31.55,0.0,691,2178395,买盘
508,09:56:57,31.53,-0.02,9,28381,卖盘
509,09:57:01,31.5,-0.03,64,201615,卖盘
510,09:57:04,31.51,0.01,145,455976,中性盘
511,09:57:07,31.48,-0.03,25,78671,卖盘
512,09:57:09,31.42,-0.06,11,34607,卖盘
513,09:57:12,31.42,0.0,81,254861,卖盘
514,09:57:15,31.4,-0.02,34,106776,卖盘
515,09:57:19,31.38,-0.02,40,125541,卖盘
516,09:57:21,31.36,-0.02,25,78436,卖盘
517,09:57:24,31.38,0.02,20,62744,买盘
518,09:57:27,31.35,-0.03,7,21955,卖盘
519,09:57:31,31.38,0.03,3,9410,买盘
520,09:57:33,31.37,-0.01,17,53307,卖盘
521,09:57:37,31.36,-0.01,40,125430,卖盘
522,09:57:39,31.34,-0.02,373,1169969,卖盘
523,09:57:42,31.31,-0.03,64,200508,卖盘
524,09:57:45,31.31,0.0,50,156564,买盘
525,09:57:48,31.34,0.03,16,50112,买盘
526,09:57:51,31.32,-0.02,86,269479,中性盘
527,09:57:54,31.3,-0.02,456,1426558,卖盘
528,09:57:58,31.28,-0.02,49,153274,中性盘
529,09:58:00,31.2,-0.08,175,546394,卖盘
530,09:58:04,31.24,0.04,24,74937,中性盘
531,09:58:06,31.26,0.02,91,283966,买盘
532,09:58:09,31.2,-0.06,83,259324,卖盘
533,09:58:12,31.2,0.0,29,90496,买盘
534,09:58:15,31.24,0.04,24,74914,买盘
535,09:58:18,31.25,0.01,61,190550,买盘
536,09:58:21,31.29,0.04,17,53138,中性盘
537,09:58:24,31.29,0.0,10,31287,买盘
538,09:58:27,31.3,0.01,80,250389,买盘
539,09:58:31,31.3,0.0,178,557073,买盘
540,09:58:33,31.3,0.0,357,1117486,买盘
541,09:58:36,31.3,0.0,69,216010,卖盘
542,09:58:39,31.3,0.0,25,78342,卖盘
543,09:58:42,31.45,0.15,29,91022,中性盘
544,09:58:48,31.33,-0.12,19,59703,卖盘
545,09:58:51,31.42,0.09,18,56556,买盘
546,09:58:54,31.42,0.0,51,160285,买盘
547,09:58:57,31.41,-0.01,29,91119,卖盘
548,09:59:00,31.39,-0.02,7,21965,中性盘
549,09:59:04,31.4,0.01,39,122442,买盘
550,09:59:06,31.38,-0.02,44,137971,买盘
551,09:59:09,31.42,0.04,10,31406,买盘
552,09:59:13,31.39,-0.03,57,178926,卖盘
553,09:59:15,31.37,-0.02,34,106673,卖盘
554,09:59:18,31.41,0.04,18,56545,卖盘
555,09:59:21,31.46,0.05,48,150843,买盘
556,09:59:24,31.4,-0.06,10,31400,卖盘
557,09:59:30,31.4,0.0,37,116131,中性盘
558,09:59:33,31.4,0.0,113,354970,卖盘
559,09:59:36,31.38,-0.02,18,56490,卖盘
560,09:59:39,31.38,0.0,12,37647,买盘
561,09:59:42,31.4,0.02,18,56500,买盘
562,09:59:46,31.39,-0.01,6,18834,中性盘
563,09:59:48,31.4,0.01,104,326524,买盘
564,09:59:52,31.38,-0.02,17,53348,卖盘
565,09:59:54,31.39,0.01,8,25112,买盘
566,09:59:57,31.4,0.01,15,47089,买盘
567,10:00:00,31.4,0.0,505,1585700,买盘
568,10:00:04,31.38,-0.02,113,354700,卖盘
569,10:00:06,31.4,0.02,17,53359,买盘
570,10:00:09,31.4,0.0,11,34540,买盘
571,10:00:12,31.38,-0.02,19,59632,卖盘
572,10:00:15,31.4,0.02,7,21968,买盘
573,10:00:18,31.4,0.0,306,960830,买盘
574,10:00:21,31.37,-0.03,159,498955,卖盘
575,10:00:24,31.39,0.02,228,714888,买盘
576,10:00:28,31.37,-0.02,50,156852,中性盘
577,10:00:30,31.38,0.01,4,12550,买盘
578,10:00:33,31.4,0.02,7,21980,买盘
579,10:00:39,31.38,-0.02,5,15698,卖盘
580,10:00:42,31.38,0.0,2,6276,卖盘
581,10:00:45,31.38,0.0,5,15690,卖盘
582,10:00:48,31.38,0.0,60,188376,卖盘
583,10:00:51,31.38,0.0,65,203971,卖盘
584,10:00:54,31.38,0.0,35,109831,卖盘
585,10:00:57,31.37,-0.01,47,147467,卖盘
586,10:01:00,31.38,0.01,10,31373,中性盘
587,10:01:06,31.39,0.01,37,116131,买盘
588,10:01:12,31.4,0.01,7,21980,卖盘
589,10:01:15,31.4,0.0,19,59660,卖盘
590,10:01:18,31.42,0.02,19,59682,买盘
591,10:01:21,31.41,-0.01,47,147627,卖盘
592,10:01:24,31.41,0.0,11,34555,卖盘
593,10:01:27,31.42,0.01,18,56555,买盘
594,10:01:30,31.42,0.0,38,119389,买盘
595,10:01:34,31.43,0.01,18,56551,买盘
596,10:01:36,31.42,-0.01,4,12568,卖盘
597,10:01:39,31.42,0.0,12,37729,卖盘
598,10:01:42,31.42,0.0,7,22006,卖盘
599,10:01:45,31.5,0.08,38,119670,买盘
600,10:01:48,31.47,-0.03,9,28296,中性盘
601,10:01:51,31.42,-0.05,22,69142,卖盘
602,10:01:54,31.46,0.04,49,153991,买盘
603,10:01:57,31.45,-0.01,16,50321,卖盘
604,10:02:00,31.45,0.0,6,18870,卖盘
605,10:02:04,31.48,0.03,6,18878,买盘
606,10:02:13,31.46,-0.02,25,78682,卖盘
607,10:02:16,31.46,0.0,2,6292,卖盘
608,10:02:18,31.47,0.01,1,3147,买盘
609,10:02:21,31.48,0.01,1,3148,卖盘
610,10:02:24,31.46,-0.02,15,47208,卖盘
611,10:02:27,31.45,-0.01,273,859449,卖盘
612,10:02:30,31.45,0.0,8,25175,卖盘
613,10:02:33,31.46,0.01,72,226377,买盘
614,10:02:36,31.45,-0.01,38,119535,卖盘
615,10:02:39,31.42,-0.03,15,47145,卖盘
616,10:02:43,31.47,0.05,11,34612,买盘
617,10:02:45,31.48,0.01,1,3148,买盘
618,10:02:49,31.46,-0.02,9,28318,卖盘
619,10:02:51,31.48,0.02,50,157346,买盘
620,10:02:54,31.45,-0.03,9,28303,卖盘
621,10:02:58,31.47,0.02,14,44045,买盘
622,10:03:01,31.46,-0.01,1,3146,卖盘
623,10:03:04,31.46,0.0,10,31460,卖盘
624,10:03:06,31.48,0.02,5,15736,买盘
625,10:03:09,31.47,-0.01,1,3147,卖盘
626,10:03:15,31.5,0.03,33,103886,买盘
627,10:03:18,31.47,-0.03,13,40911,卖盘
628,10:03:21,31.48,0.01,6,18888,买盘
629,10:03:30,31.49,0.01,1,3149,买盘
630,10:03:33,31.5,0.01,8,25200,买盘
631,10:03:36,31.5,0.0,10,31500,买盘
632,10:03:39,31.5,0.0,43,135448,买盘
633,10:03:42,31.57,0.07,11,34648,买盘
634,10:03:54,31.54,-0.03,13,40980,买盘
635,10:04:00,31.5,-0.04,4,12612,卖盘
636,10:04:04,31.5,0.0,2,6302,卖盘
637,10:04:12,31.56,0.06,4,12618,买盘
638,10:04:15,31.52,-0.04,30,94560,卖盘
639,10:04:18,31.52,0.0,1,3152,卖盘
640,10:04:24,31.52,0.0,11,34672,买盘
641,10:04:27,31.52,0.0,12,37833,卖盘
642,10:04:30,31.53,0.01,3,9457,买盘
643,10:04:33,31.52,-0.01,2,6304,卖盘
644,10:04:36,31.5,-0.02,1,3150,卖盘
645,10:04:42,31.54,0.04,5,15770,买盘
646,10:04:45,31.54,0.0,2,6308,卖盘
647,10:04:48,31.5,-0.04,112,352822,卖盘
648,10:04:51,31.56,0.06,97,305498,买盘
649,10:04:54,31.5,-0.06,42,132308,卖盘
650,10:04:58,31.5,0.0,15,47250,卖盘
651,10:05:00,31.49,-0.01,9,28343,卖盘
652,10:05:04,31.5,0.01,17,53544,中性盘
653,10:05:06,31.49,-0.01,39,122814,卖盘
654,10:05:09,31.5,0.01,45,141722,中性盘
655,10:05:12,31.49,-0.01,64,201563,卖盘
656,10:05:16,31.49,0.0,82,258218,卖盘
657,10:05:18,31.5,0.01,99,311754,买盘
658,10:05:21,31.48,-0.02,60,188937,卖盘
659,10:05:24,31.5,0.02,28,88121,买盘
660,10:05:27,31.48,-0.02,11,34615,中性盘
661,10:05:31,31.48,0.0,34,107007,买盘
662,10:05:33,31.46,-0.02,49,154192,卖盘
663,10:05:36,31.47,0.01,27,84949,中性盘
664,10:05:39,31.48,0.01,8,25174,买盘
665,10:05:42,31.46,-0.02,16,50336,卖盘
666,10:05:48,31.46,0.0,54,169905,卖盘
667,10:05:52,31.47,0.01,66,207640,中性盘
668,10:05:54,31.46,-0.01,36,113256,卖盘
669,10:05:57,31.49,0.03,36,113269,买盘
670,10:06:00,31.46,-0.03,22,69225,卖盘
671,10:06:04,31.46,0.0,11,34606,卖盘
672,10:06:06,31.46,0.0,5,15733,卖盘
673,10:06:09,31.47,0.01,10,31472,中性盘
674,10:06:18,31.49,0.02,10,31490,买盘
675,10:06:21,31.46,-0.03,15,47193,卖盘
676,10:06:24,31.46,0.0,10,31461,卖盘
677,10:06:30,31.47,0.01,13,40911,卖盘
678,10:06:34,31.47,0.0,19,59793,卖盘
679,10:06:36,31.46,-0.01,41,129035,卖盘
680,10:06:39,31.49,0.03,52,163706,买盘
681,10:06:42,31.46,-0.03,26,81801,卖盘
682,10:06:45,31.46,0.0,24,75504,卖盘
683,10:06:48,31.5,0.04,8,25187,买盘
684,10:06:51,31.47,-0.03,56,177766,卖盘
685,10:06:55,31.49,0.02,38,119662,卖盘
686,10:06:57,31.46,-0.03,17,53496,卖盘
687,10:07:04,31.46,0.0,7,22022,卖盘
688,10:07:06,31.46,0.0,12,37752,卖盘
689,10:07:09,31.46,0.0,6,18876,卖盘
690,10:07:16,31.47,0.01,5,15735,买盘
691,10:07:19,31.47,0.0,10,31470,中性盘
692,10:07:21,31.46,-0.01,27,84950,卖盘
693,10:07:24,31.46,0.0,2,6293,卖盘
694,10:07:27,31.46,0.0,11,34636,卖盘
695,10:07:30,31.46,0.0,132,415274,卖盘
696,10:07:33,31.43,-0.03,77,240557,买盘
697,10:07:36,31.42,-0.01,37,116278,卖盘
698,10:07:39,31.41,-0.01,62,194887,卖盘
699,10:07:42,31.4,-0.01,35,109964,卖盘
700,10:07:48,31.4,0.0,6,18841,卖盘
701,10:07:51,31.39,-0.01,64,200910,卖盘
702,10:07:54,31.35,-0.04,246,771370,卖盘
703,10:07:57,31.35,0.0,157,492243,卖盘
704,10:08:00,31.36,0.01,66,206795,中性盘
705,10:08:04,31.34,-0.02,34,106494,中性盘
706,10:08:06,31.3,-0.04,41,128487,卖盘
707,10:08:09,31.3,0.0,11,34470,卖盘
708,10:08:12,31.3,0.0,22,68909,卖盘
709,10:08:15,31.3,0.0,16,50087,卖盘
710,10:08:18,31.33,0.03,16,50083,买盘
711,10:08:21,31.33,0.0,30,93961,中性盘
712,10:08:24,31.33,0.0,10,31330,卖盘
713,10:08:27,31.33,0.0,16,50128,卖盘
714,10:08:31,31.33,0.0,35,109639,卖盘
715,10:08:33,31.35,0.02,49,153520,买盘
716,10:08:36,31.31,-0.04,29,90855,卖盘
717,10:08:46,31.33,0.02,1,3133,买盘
718,10:08:48,31.33,0.0,18,56417,卖盘
719,10:08:51,31.42,0.09,1,3142,买盘
720,10:08:54,31.33,-0.09,53,166055,卖盘
721,10:08:57,31.33,0.0,38,119119,卖盘
722,10:09:00,31.4,0.07,51,160122,买盘
723,10:09:04,31.32,-0.08,30,93973,卖盘
724,10:09:06,31.33,0.01,24,75199,卖盘
725,10:09:09,31.33,0.0,21,65802,卖盘
726,10:09:12,31.34,0.01,6,18804,中性盘
727,10:09:15,31.34,0.0,14,43886,卖盘
728,10:09:18,31.34,0.0,10,31340,卖盘
729,10:09:27,31.35,0.01,7,21945,卖盘
730,10:09:31,31.34,-0.01,150,470249,卖盘
731,10:09:33,31.33,-0.01,82,256971,卖盘
732,10:09:36,31.33,0.0,73,228691,卖盘
733,10:09:39,31.33,0.0,59,184820,买盘
734,10:09:42,31.31,-0.02,628,1966592,卖盘
735,10:09:45,31.31,0.0,299,936130,卖盘
736,10:09:48,31.29,-0.02,398,1245350,卖盘
737,10:09:51,31.2,-0.09,190,593471,卖盘
738,10:09:54,31.2,0.0,88,274638,卖盘
739,10:09:57,31.23,0.03,127,396279,中性盘
740,10:10:00,31.19,-0.04,81,253170,卖盘
741,10:10:04,31.18,-0.01,68,211658,卖盘
742,10:10:06,31.17,-0.01,52,162060,卖盘
743,10:10:09,31.17,0.0,49,152672,买盘
744,10:10:12,31.14,-0.03,30,93449,卖盘
745,10:10:15,31.12,-0.02,69,214826,卖盘
746,10:10:18,31.12,0.0,54,168033,买盘
747,10:10:21,31.11,-0.01,96,298746,卖盘
748,10:10:25,31.14,0.03,22,68509,中性盘
749,10:10:27,31.14,0.0,10,31160,卖盘
750,10:10:30,31.17,0.03,9,28061,中性盘
751,10:10:36,31.19,0.02,4,12476,中性盘
752,10:10:39,31.29,0.1,23,71747,买盘
753,10:10:42,31.19,-0.1,16,49903,中性盘
754,10:10:46,31.2,0.01,6,18720,卖盘
755,10:10:51,31.2,0.0,26,81136,卖盘
756,10:10:54,31.24,0.04,3,9366,买盘
757,10:10:57,31.24,0.0,1,3124,卖盘
758,10:11:00,31.29,0.05,8,25016,买盘
759,10:11:04,31.27,-0.02,22,68798,卖盘
760,10:11:06,31.27,0.0,1,3127,卖盘
761,10:11:09,31.27,0.0,22,68813,卖盘
762,10:11:15,31.29,0.02,10,31290,卖盘
763,10:11:18,31.29,0.0,17,53253,卖盘
764,10:11:21,31.29,0.0,18,56290,买盘
765,10:11:24,31.31,0.02,4,12533,中性盘
766,10:11:27,31.29,-0.02,22,68865,卖盘
767,10:11:30,31.34,0.05,1,3134,买盘
768,10:11:33,31.34,0.0,3,9402,买盘
769,10:11:36,31.34,0.0,4,12536,买盘
770,10:11:39,31.34,0.0,1,3134,卖盘
771,10:11:42,31.36,0.02,23,72095,买盘
772,10:11:45,31.42,0.06,20,62736,买盘
773,10:11:49,31.39,-0.03,6,18830,中性盘
774,10:11:51,31.44,0.05,7,21982,买盘
775,10:11:57,31.45,0.01,3,9435,买盘
776,10:12:00,31.35,-0.1,5,15675,卖盘
777,10:12:09,31.44,0.09,1,3144,买盘
778,10:12:12,31.38,-0.06,1,3138,卖盘
779,10:12:18,31.35,-0.03,47,147366,卖盘
780,10:12:21,31.42,0.07,9,28218,中性盘
781,10:12:27,31.34,-0.08,3,9406,卖盘
782,10:12:30,31.34,0.0,45,141040,卖盘
783,10:12:33,31.34,0.0,3,9404,卖盘
784,10:12:36,31.39,0.05,25,78360,买盘
785,10:12:39,31.34,-0.05,6,18806,卖盘
786,10:12:42,31.34,0.0,31,97213,卖盘
787,10:12:45,31.37,0.03,6,18822,买盘
788,10:12:48,31.37,0.0,6,18812,买盘
789,10:12:51,31.35,-0.02,8,25100,卖盘
790,10:12:54,31.34,-0.01,4,12543,卖盘
791,10:12:57,31.37,0.03,11,34486,买盘
792,10:13:01,31.34,-0.03,18,56412,卖盘
793,10:13:04,31.35,0.01,26,81489,买盘
794,10:13:06,31.35,0.0,1,3135,卖盘
795,10:13:10,31.35,0.0,10,31360,卖盘
796,10:13:13,31.38,0.03,9,28218,买盘
797,10:13:22,31.38,0.0,1,3138,买盘
798,10:13:25,31.36,-0.02,6,18818,卖盘
799,10:13:30,31.38,0.02,3,9412,买盘
800,10:13:33,31.38,0.0,7,21956,买盘
801,10:13:36,31.35,-0.03,2,6270,卖盘
802,10:13:40,31.36,0.01,10,31366,卖盘
803,10:13:42,31.36,0.0,13,40772,卖盘
804,10:13:45,31.36,0.0,8,25090,卖盘
805,10:13:48,31.36,0.0,19,59644,卖盘
806,10:13:51,31.38,0.02,17,53331,卖盘
807,10:13:54,31.38,0.0,4,12546,买盘
808,10:13:57,31.36,-0.02,27,84677,卖盘
809,10:14:00,31.38,0.02,7,21956,买盘
810,10:14:04,31.36,-0.02,1,3136,卖盘
811,10:14:06,31.36,0.0,2,6272,卖盘
812,10:14:09,31.36,0.0,6,18815,买盘
813,10:14:12,31.33,-0.03,72,225659,卖盘
814,10:14:15,31.31,-0.02,19,59490,卖盘
815,10:14:19,31.31,0.0,18,56345,买盘
816,10:14:22,31.31,0.0,10,31294,买盘
817,10:14:24,31.28,-0.03,11,34429,中性盘
818,10:14:27,31.27,-0.01,4,12508,卖盘
819,10:14:37,31.26,-0.01,17,53131,卖盘
820,10:14:39,31.24,-0.02,17,53132,卖盘
821,10:14:42,31.27,0.03,11,34395,买盘
822,10:14:45,31.27,0.0,4,12508,卖盘
823,10:14:48,31.26,-0.01,32,100048,卖盘
824,10:14:52,31.24,-0.02,19,59358,卖盘
825,10:14:54,31.26,0.02,43,134400,买盘
826,10:14:57,31.26,0.0,21,65666,中性盘
827,10:15:00,31.33,0.07,4,12532,买盘
828,10:15:07,31.27,-0.06,3,9381,卖盘
829,10:15:09,31.27,0.0,4,12508,卖盘
830,10:15:15,31.28,0.01,4,12512,卖盘
831,10:15:18,31.28,0.0,3,9384,卖盘
832,10:15:21,31.3,0.02,3,9388,中性盘
833,10:15:25,31.33,0.03,18,56385,买盘
834,10:15:28,31.33,0.0,9,28197,卖盘
835,10:15:30,31.34,0.01,76,238148,买盘
836,10:15:33,31.33,-0.01,25,78335,卖盘
837,10:15:36,31.33,0.0,8,25064,卖盘
838,10:15:39,31.35,0.02,11,34482,买盘
839,10:15:42,31.36,0.01,6,18815,买盘
840,10:15:45,31.36,0.0,7,21951,买盘
841,10:15:48,31.36,0.0,4,12546,卖盘
842,10:15:51,31.4,0.04,19,59636,买盘
843,10:15:54,31.35,-0.05,9,28220,卖盘
844,10:15:57,31.36,0.01,5,15676,买盘
845,10:16:01,31.38,0.02,11,34483,买盘
846,10:16:04,31.4,0.02,9,28252,买盘
847,10:16:06,31.38,-0.02,8,27301,卖盘
848,10:16:09,31.4,0.02,24,74285,买盘
849,10:16:12,31.4,0.0,7,21979,买盘
850,10:16:15,31.39,-0.01,13,41035,卖盘
851,10:16:21,31.38,-0.01,4,12555,卖盘
852,10:16:24,31.39,0.01,6,18844,中性盘
853,10:16:27,31.43,0.04,17,51999,买盘
854,10:16:30,31.4,-0.03,3,10642,中性盘
855,10:16:34,31.4,0.0,9,28255,买盘
856,10:16:36,31.43,0.03,6,17686,买盘
857,10:16:39,31.41,-0.02,5,15705,卖盘
858,10:16:42,31.43,0.02,24,75410,买盘
859,10:16:46,31.43,0.0,18,56584,卖盘
860,10:16:48,31.43,0.0,8,25144,卖盘
861,10:16:51,31.45,0.02,18,56602,买盘
862,10:16:54,31.43,-0.02,18,56574,卖盘
863,10:16:57,31.47,0.04,81,254805,买盘
864,10:17:00,31.47,0.0,42,132188,卖盘
865,10:17:04,31.47,0.0,16,50354,卖盘
866,10:17:06,31.47,0.0,1,3147,卖盘
867,10:17:09,31.47,0.0,15,47209,卖盘
868,10:17:12,31.48,0.01,3,9444,买盘
869,10:17:15,31.47,-0.01,15,47222,卖盘
870,10:17:19,31.47,0.0,50,157350,卖盘
871,10:17:21,31.45,-0.02,31,97511,卖盘
872,10:17:24,31.44,-0.01,10,31440,卖盘
873,10:17:27,31.43,-0.01,21,66003,卖盘
874,10:17:31,31.43,0.0,2,6287,卖盘
875,10:17:33,31.43,0.0,10,32593,卖盘
876,10:17:36,31.41,-0.02,12,37689,卖盘
877,10:17:39,31.41,0.0,2,6282,中性盘
878,10:17:52,31.43,0.02,4,11409,买盘
879,10:17:54,31.45,0.02,9,28301,买盘
880,10:17:57,31.46,0.01,17,53460,买盘
881,10:18:00,31.43,-0.03,50,158322,卖盘
882,10:18:04,31.4,-0.03,8,25121,卖盘
883,10:18:06,31.4,0.0,8,25123,卖盘
884,10:18:21,31.41,0.01,2,6282,卖盘
885,10:18:24,31.41,0.0,157,493139,卖盘
886,10:18:27,31.4,-0.01,78,244920,卖盘
887,10:18:31,31.4,0.0,148,464615,卖盘
888,10:18:33,31.39,-0.01,106,332734,卖盘
889,10:18:36,31.37,-0.02,34,106698,卖盘
890,10:18:39,31.37,0.0,2,6274,买盘
891,10:18:42,31.36,-0.01,2,6272,卖盘
892,10:18:51,31.36,0.0,3,9408,卖盘
893,10:18:54,31.4,0.04,21,65852,买盘
894,10:18:57,31.4,0.0,13,40820,买盘
895,10:19:00,31.4,0.0,12,37648,买盘
896,10:19:04,31.4,0.0,5,15700,买盘
897,10:19:09,31.37,-0.03,1,3137,买盘
898,10:19:12,31.36,-0.01,4,12544,卖盘
899,10:19:21,31.4,0.04,6,18830,买盘
900,10:19:30,31.38,-0.02,2,6278,中性盘
901,10:19:36,31.4,0.02,10,31400,买盘
902,10:19:39,31.38,-0.02,4,12558,中性盘
903,10:19:52,31.39,0.01,4,12553,中性盘
904,10:19:54,31.4,0.01,15,47100,买盘
905,10:19:57,31.4,0.0,8,25114,买盘
906,10:20:03,31.38,-0.02,6,18828,卖盘
907,10:20:06,31.39,0.01,11,34523,买盘
908,10:20:09,31.4,0.01,1,3140,买盘
909,10:20:16,31.39,-0.01,9,28251,卖盘
910,10:20:18,31.37,-0.02,150,470582,卖盘
911,10:20:21,31.36,-0.01,14,43905,卖盘
912,10:20:24,31.36,0.0,12,37634,卖盘
913,10:20:27,31.38,0.02,3,9414,买盘
914,10:20:30,31.36,-0.02,3,9409,卖盘
915,10:20:33,31.37,0.01,1,3137,中性盘
916,10:20:36,31.43,0.06,20,62777,买盘
917,10:20:39,31.38,-0.05,1,3138,卖盘
918,10:20:42,31.38,0.0,2,6277,卖盘
919,10:20:45,31.38,0.0,10,31380,卖盘
920,10:20:51,31.45,0.07,12,37682,买盘
921,10:20:54,31.43,-0.02,11,34543,中性盘
922,10:20:57,31.46,0.03,16,50331,买盘
923,10:21:00,31.43,-0.03,11,34573,卖盘
924,10:21:04,31.47,0.04,30,93218,买盘
925,10:21:06,31.46,-0.01,15,47190,卖盘
926,10:21:10,31.46,0.0,10,31461,卖盘
927,10:21:13,31.46,0.0,34,108129,卖盘
928,10:21:15,31.43,-0.03,6,18859,卖盘
929,10:21:18,31.44,0.01,10,31434,买盘
930,10:21:21,31.43,-0.01,28,88069,卖盘
931,10:21:24,31.44,0.01,6,18864,中性盘
932,10:21:27,31.46,0.02,100,314600,买盘
933,10:21:30,31.43,-0.03,24,75453,卖盘
934,10:21:33,31.43,0.0,14,44003,卖盘
935,10:21:36,31.46,0.03,1,3146,买盘
936,10:21:39,31.46,0.0,2,6291,买盘
937,10:21:48,31.46,0.0,110,346060,买盘
938,10:21:51,31.43,-0.03,20,62882,卖盘
939,10:21:57,31.46,0.03,17,53454,买盘
940,10:22:01,31.43,-0.03,7,22002,卖盘
941,10:22:09,31.46,0.03,5,15730,买盘
942,10:22:13,31.44,-0.02,5,15720,卖盘
943,10:22:21,31.46,0.02,10,31460,买盘
944,10:22:24,31.47,0.01,101,317825,买盘
945,10:22:27,31.44,-0.03,13,40877,卖盘
946,10:22:30,31.44,0.0,7,22008,买盘
947,10:22:33,31.41,-0.03,14,43999,卖盘
948,10:22:37,31.45,0.04,10,31444,买盘
949,10:22:39,31.42,-0.03,1,3142,中性盘
950,10:22:45,31.46,0.04,20,62918,买盘
951,10:22:48,31.46,0.0,3,9438,买盘
952,10:22:55,31.41,-0.05,1,3141,卖盘
953,10:22:57,31.46,0.05,15,47180,买盘
954,10:23:00,31.45,-0.01,19,59757,卖盘
955,10:23:04,31.45,0.0,22,69206,卖盘
956,10:23:09,31.46,0.01,6,18876,买盘
957,10:23:13,31.46,0.0,1,3146,卖盘
958,10:23:21,31.46,0.0,4,12581,买盘
959,10:23:33,31.46,0.0,1,3146,买盘
960,10:23:48,31.46,0.0,9,28310,买盘
961,10:23:51,31.46,0.0,5,15730,卖盘
962,10:23:54,31.47,0.01,6,18877,买盘
963,10:23:57,31.47,0.0,1,3147,买盘
964,10:24:00,31.47,0.0,22,69228,买盘
965,10:24:04,31.47,0.0,40,125880,买盘
966,10:24:06,31.46,-0.01,18,56628,卖盘
967,10:24:12,31.46,0.0,11,34606,卖盘
968,10:24:15,31.46,0.0,2,6292,买盘
969,10:24:18,31.45,-0.01,4,12581,卖盘
970,10:24:21,31.45,0.0,2,6291,卖盘
971,10:24:30,31.45,0.0,1,3145,卖盘
972,10:24:36,31.46,0.01,3,9436,买盘
973,10:24:39,31.46,0.0,6,18871,买盘
974,10:24:42,31.46,0.0,11,34606,买盘
975,10:24:51,31.46,0.0,2,6292,卖盘
976,10:24:57,31.46,0.0,21,66069,卖盘
977,10:25:01,31.46,0.0,19,59774,卖盘
978,10:25:04,31.44,-0.02,3,9434,卖盘
979,10:25:06,31.47,0.03,4,12582,买盘
980,10:25:09,31.47,0.0,1,1983,卖盘
981,10:25:12,31.49,0.02,10,31486,买盘
982,10:25:15,31.49,0.0,28,88172,买盘
983,10:25:18,31.5,0.01,3,9450,买盘
984,10:25:21,31.49,-0.01,5,15745,卖盘
985,10:25:24,31.47,-0.02,5,15743,卖盘
986,10:25:30,31.5,0.03,11,34643,买盘
987,10:25:36,31.5,0.0,10,31500,买盘
988,10:25:39,31.5,0.0,3,9450,买盘
989,10:25:42,31.47,-0.03,5,15735,卖盘
990,10:25:48,31.49,0.02,1,3149,中性盘
991,10:25:51,31.49,0.0,3,9446,买盘
992,10:25:54,31.5,0.01,2,6299,买盘
993,10:26:01,31.47,-0.03,7,22032,卖盘
994,10:26:06,31.5,0.03,66,207900,买盘
995,10:26:09,31.48,-0.02,11,34618,中性盘
996,10:26:13,31.47,-0.01,5,15736,卖盘
997,10:26:15,31.47,0.0,14,44068,卖盘
998,10:26:31,31.5,0.03,42,132300,买盘
999,10:26:34,31.48,-0.02,10,31481,卖盘
1000,10:26:46,31.48,0.0,2,6297,卖盘
1001,10:26:48,31.49,0.01,13,40937,买盘
1002,10:26:57,31.49,0.0,7,22048,卖盘
1003,10:27:00,31.49,0.0,16,50394,卖盘
1004,10:27:04,31.49,0.0,5,15745,卖盘
1005,10:27:09,31.5,0.01,3,9450,买盘
1006,10:27:15,31.48,-0.02,19,59845,卖盘
1007,10:27:18,31.5,0.02,113,355925,买盘
1008,10:27:21,31.48,-0.02,29,91293,卖盘
1009,10:27:24,31.47,-0.01,36,113325,卖盘
1010,10:27:27,31.48,0.01,23,72399,买盘
1011,10:27:30,31.46,-0.02,12,37755,卖盘
1012,10:27:48,31.48,0.02,1,3148,买盘
1013,10:27:52,31.47,-0.01,6,18882,卖盘
1014,10:27:57,31.47,0.0,1,3147,买盘
1015,10:28:00,31.46,-0.01,6,18876,卖盘
1016,10:28:03,31.46,0.0,2,7456,卖盘
1017,10:28:09,31.47,0.01,13,40902,买盘
1018,10:28:12,31.45,-0.02,16,49162,卖盘
1019,10:28:21,31.45,0.0,10,31453,卖盘
1020,10:28:24,31.45,0.0,13,40889,卖盘
1021,10:28:28,31.46,0.01,1,3146,中性盘
1022,10:28:36,31.45,-0.01,10,31450,卖盘
1023,10:28:39,31.44,-0.01,1,3144,买盘
1024,10:28:42,31.46,0.02,7,22022,买盘
1025,10:28:45,31.46,0.0,10,31460,卖盘
1026,10:28:48,31.46,0.0,5,15730,卖盘
1027,10:28:54,31.48,0.02,1,3148,买盘
1028,10:29:00,31.46,-0.02,6,18877,卖盘
1029,10:29:06,31.46,0.0,1,3146,买盘
1030,10:29:10,31.47,0.01,1,3147,买盘
1031,10:29:16,31.46,-0.01,45,141656,卖盘
1032,10:29:18,31.46,0.0,9,28314,卖盘
1033,10:29:21,31.46,0.0,24,75504,卖盘
1034,10:29:24,31.48,0.02,41,128995,买盘
1035,10:29:27,31.45,-0.03,6,18870,卖盘
1036,10:29:40,31.45,0.0,15,47187,卖盘
1037,10:29:42,31.45,0.0,10,31450,卖盘
1038,10:29:45,31.45,0.0,5,15727,卖盘
1039,10:29:54,31.46,0.01,4,12584,卖盘
1040,10:29:57,31.46,0.0,1,3146,卖盘
1041,10:30:00,31.45,-0.01,9,28312,卖盘
1042,10:30:03,31.45,0.0,34,106930,卖盘
1043,10:30:06,31.44,-0.01,21,66032,卖盘
1044,10:30:12,31.44,0.0,5,15726,卖盘
1045,10:30:15,31.47,0.03,4,12588,买盘
1046,10:30:18,31.48,0.01,2,6295,买盘
1047,10:30:21,31.48,0.0,1,3148,卖盘
1048,10:30:25,31.47,-0.01,7,22029,卖盘
1049,10:31:01,31.44,-0.03,21,67224,卖盘
1050,10:31:04,31.43,-0.01,15,47145,卖盘
1051,10:31:09,31.43,0.0,1,3143,卖盘
1052,10:31:12,31.43,0.0,3,9429,买盘
1053,10:31:15,31.44,0.01,9,28287,买盘
1054,10:31:18,31.43,-0.01,2,6286,中性盘
1055,10:31:21,31.42,-0.01,18,56581,卖盘
1056,10:31:27,31.45,0.03,13,40857,买盘
1057,10:31:30,31.41,-0.04,11,34554,卖盘
1058,10:31:33,31.41,0.0,11,34551,卖盘
1059,10:31:43,31.43,0.02,6,18858,买盘
1060,10:31:45,31.41,-0.02,3,9425,卖盘
1061,10:31:57,31.41,0.0,1,3141,卖盘
1062,10:32:00,31.41,0.0,6,18846,卖盘
1063,10:32:04,31.4,-0.01,5,15700,卖盘
1064,10:32:12,31.42,0.02,16,50272,买盘
1065,10:32:21,31.42,0.0,3,9422,买盘
1066,10:32:27,31.4,-0.02,5,15702,卖盘
1067,10:32:33,31.4,0.0,3,9420,卖盘
1068,10:32:36,31.4,0.0,15,47101,卖盘
1069,10:32:39,31.4,0.0,62,193553,卖盘
1070,10:32:42,31.4,0.0,10,31400,卖盘
1071,10:32:45,31.41,0.01,9,28263,买盘
1072,10:32:51,31.4,-0.01,29,91066,卖盘
1073,10:32:54,31.4,0.0,32,100500,卖盘
1074,10:32:57,31.41,0.01,13,40833,中性盘
1075,10:33:01,31.41,0.0,11,34551,卖盘
1076,10:33:04,31.41,0.0,9,28269,卖盘
1077,10:33:06,31.41,0.0,15,47115,买盘
1078,10:33:12,31.41,0.0,16,50256,买盘
1079,10:33:15,31.41,0.0,16,50256,卖盘
1080,10:33:18,31.4,-0.01,11,34540,卖盘
1081,10:33:21,31.41,0.01,19,59679,买盘
1082,10:33:25,31.4,-0.01,5,15701,卖盘
1083,10:33:36,31.42,0.02,5,15710,买盘
1084,10:33:42,31.41,-0.01,1,3141,卖盘
1085,10:33:48,31.42,0.01,23,72266,买盘
1086,10:33:51,31.42,0.0,5,15710,卖盘
1087,10:34:01,31.43,0.01,17,53428,买盘
1088,10:34:04,31.43,0.0,1,3143,卖盘
1089,10:34:06,31.43,0.0,1,3143,买盘
1090,10:34:15,31.45,0.02,4,12574,买盘
1091,10:34:18,31.45,0.0,4,12580,买盘
1092,10:34:21,31.49,0.04,7,22043,买盘
1093,10:34:30,31.45,-0.04,1,3145,卖盘
1094,10:34:36,31.49,0.04,1,3149,买盘
1095,10:34:39,31.49,0.0,2,6298,买盘
1096,10:34:45,31.49,0.0,6,18894,买盘
1097,10:34:51,31.51,0.02,123,387550,买盘
1098,10:34:54,31.54,0.03,43,135552,买盘
1099,10:34:57,31.54,0.0,2,6308,买盘
1100,10:35:01,31.51,-0.03,14,44128,卖盘
1101,10:35:04,31.54,0.03,1,3154,买盘
1102,10:35:06,31.53,-0.01,5,15765,买盘
1103,10:35:09,31.51,-0.02,7,22065,卖盘
1104,10:35:12,31.51,0.0,19,59878,卖盘
1105,10:35:15,31.55,0.04,53,167101,买盘
1106,10:35:18,31.55,0.0,18,56811,卖盘
1107,10:35:22,31.6,0.05,14,44197,买盘
1108,10:35:30,31.59,-0.01,6,18954,买盘
1109,10:35:36,31.59,0.0,2,6318,买盘
1110,10:35:39,31.6,0.01,68,214870,买盘
1111,10:35:42,31.65,0.05,9,28445,买盘
1112,10:35:48,31.62,-0.03,18,56890,买盘
1113,10:35:51,31.62,0.0,9,28458,卖盘
1114,10:35:54,31.66,0.04,188,594996,买盘
1115,10:35:57,31.65,-0.01,48,151936,卖盘
1116,10:36:00,31.64,-0.01,19,60117,卖盘
1117,10:36:04,31.63,-0.01,5,15817,卖盘
1118,10:36:06,31.63,0.0,1,3163,买盘
1119,10:36:10,31.64,0.01,1,3164,买盘
1120,10:36:12,31.63,-0.01,6,18978,卖盘
1121,10:36:15,31.64,0.01,17,53782,买盘
1122,10:36:19,31.7,0.06,66,209036,买盘
1123,10:36:21,31.68,-0.02,13,41204,卖盘
1124,10:36:24,31.66,-0.02,10,31660,卖盘
1125,10:36:27,31.66,0.0,4,12668,卖盘
1126,10:36:30,31.66,0.0,11,34827,卖盘
1127,10:36:33,31.66,0.0,7,22162,卖盘
1128,10:36:36,31.67,0.01,3,9501,买盘
1129,10:36:39,31.68,0.01,24,76010,买盘
1130,10:36:42,31.66,-0.02,5,15837,卖盘
1131,10:36:45,31.67,0.01,5,15839,中性盘
1132,10:36:49,31.7,0.03,3,9510,买盘
1133,10:36:55,31.7,0.0,12,38040,买盘
1134,10:36:58,31.68,-0.02,1,3168,卖盘
1135,10:37:00,31.67,-0.01,12,38018,卖盘
1136,10:37:04,31.68,0.01,11,34849,中性盘
1137,10:37:06,31.69,0.01,23,72873,买盘
1138,10:37:09,31.69,0.0,14,44366,买盘
1139,10:37:12,31.69,0.0,20,63385,卖盘
1140,10:37:15,31.7,0.01,4,12679,买盘
1141,10:37:18,31.69,-0.01,65,206046,卖盘
1142,10:37:21,31.71,0.02,55,174312,买盘
1143,10:37:24,31.69,-0.02,3,9507,买盘
1144,10:37:27,31.71,0.02,2,6342,买盘
1145,10:37:30,31.71,0.0,10,31705,买盘
1146,10:37:34,31.69,-0.02,14,44382,卖盘
1147,10:37:36,31.7,0.01,7,22190,买盘
1148,10:37:39,31.69,-0.01,11,34859,卖盘
1149,10:37:42,31.68,-0.01,10,31680,卖盘
1150,10:37:45,31.67,-0.01,31,98189,卖盘
1151,10:37:48,31.67,0.0,19,60187,卖盘
1152,10:37:51,31.67,0.0,19,60168,卖盘
1153,10:37:57,31.68,0.01,8,25344,买盘
1154,10:38:00,31.67,-0.01,34,107693,卖盘
1155,10:38:04,31.66,-0.01,15,47502,卖盘
1156,10:38:06,31.66,0.0,6,19006,卖盘
1157,10:38:12,31.67,0.01,5,15835,卖盘
1158,10:38:15,31.67,0.0,1,3167,买盘
1159,10:38:18,31.67,0.0,1,3167,买盘
1160,10:38:21,31.67,0.0,31,98177,买盘
1161,10:38:24,31.66,-0.01,6,18997,卖盘
1162,10:38:27,31.66,0.0,5,15830,卖盘
1163,10:38:30,31.66,0.0,6,18996,卖盘
1164,10:38:33,31.66,0.0,101,319766,卖盘
1165,10:38:36,31.67,0.01,199,630105,买盘
1166,10:38:39,31.63,-0.04,39,123412,卖盘
1167,10:38:42,31.62,-0.01,23,72737,卖盘
1168,10:38:45,31.6,-0.02,5,15806,卖盘
1169,10:38:48,31.6,0.0,52,164538,卖盘
1170,10:38:51,31.64,0.04,1,3164,卖盘
1171,10:38:54,31.6,-0.04,10,31600,卖盘
1172,10:39:00,31.53,-0.07,8,25224,卖盘
1173,10:39:04,31.53,0.0,10,31536,卖盘
1174,10:39:06,31.53,0.0,13,40989,卖盘
1175,10:39:09,31.52,-0.01,10,31515,中性盘
1176,10:39:12,31.5,-0.02,9,28354,卖盘
1177,10:39:16,31.52,0.02,5,15760,买盘
1178,10:39:19,31.5,-0.02,5,15750,卖盘
1179,10:39:21,31.53,0.03,32,100855,买盘
1180,10:39:24,31.56,0.03,5,15780,卖盘
1181,10:39:27,31.52,-0.04,3,9460,卖盘
1182,10:39:42,31.56,0.04,5,15782,卖盘
1183,10:39:45,31.56,0.0,14,44184,卖盘
1184,10:39:57,31.63,0.07,7,22136,买盘
1185,10:40:00,31.58,-0.05,6,18963,卖盘
1186,10:40:06,31.64,0.06,2,6328,中性盘
1187,10:40:24,31.64,0.0,4,12655,买盘
1188,10:40:27,31.66,0.02,12,37987,买盘
1189,10:40:30,31.64,-0.02,22,69608,卖盘
1190,10:40:33,31.64,0.0,12,37968,卖盘
1191,10:40:36,31.66,0.02,6,18986,买盘
1192,10:40:39,31.64,-0.02,4,12656,卖盘
1193,10:40:42,31.66,0.02,9,28491,买盘
1194,10:40:45,31.66,0.0,9,28494,买盘
1195,10:40:54,31.66,0.0,24,75984,买盘
1196,10:40:57,31.66,0.0,37,117163,卖盘
1197,10:41:01,31.65,-0.01,11,34825,卖盘
1198,10:41:03,31.65,0.0,4,12660,卖盘
1199,10:41:06,31.66,0.01,1,3166,卖盘
1200,10:41:09,31.67,0.01,41,129844,买盘
1201,10:41:12,31.65,-0.02,15,47480,卖盘
1202,10:41:15,31.67,0.02,10,31662,买盘
1203,10:41:18,31.66,-0.01,2,6332,卖盘
1204,10:41:21,31.66,0.0,2,6332,买盘
1205,10:41:24,31.67,0.01,3,9501,买盘
1206,10:41:27,31.67,0.0,16,50672,买盘
1207,10:41:31,31.65,-0.02,5,15825,卖盘
1208,10:41:33,31.65,0.0,6,18993,卖盘
1209,10:41:39,31.64,-0.01,6,18984,卖盘
1210,10:41:42,31.63,-0.01,26,82269,卖盘
1211,10:41:51,31.6,-0.03,2,6320,买盘
1212,10:41:54,31.58,-0.02,4,12632,卖盘
1213,10:41:57,31.58,0.0,28,88450,卖盘
1214,10:42:00,31.57,-0.01,18,56827,卖盘
1215,10:42:04,31.58,0.01,26,82076,买盘
1216,10:42:06,31.56,-0.02,6,18936,卖盘
1217,10:42:09,31.56,0.0,7,22093,卖盘
1218,10:42:12,31.56,0.0,55,173580,卖盘
1219,10:42:15,31.53,-0.03,23,72532,卖盘
1220,10:42:18,31.53,0.0,12,37826,买盘
1221,10:42:21,31.52,-0.01,3,9456,卖盘
1222,10:42:24,31.56,0.04,13,40998,买盘
1223,10:42:27,31.52,-0.04,14,46311,卖盘
1224,10:42:33,31.52,0.0,10,29377,卖盘
1225,10:42:37,31.52,0.0,207,652101,卖盘
1226,10:42:39,31.5,-0.02,42,132277,卖盘
1227,10:42:45,31.48,-0.02,23,74592,卖盘
1228,10:42:54,31.5,0.02,10,31500,卖盘
1229,10:42:58,31.5,0.0,6,18901,卖盘
1230,10:43:00,31.5,0.0,6,18900,卖盘
1231,10:43:04,31.54,0.04,1,3154,买盘
1232,10:43:09,31.51,-0.03,9,28359,中性盘
1233,10:43:18,31.5,-0.01,4,12600,卖盘
1234,10:43:21,31.51,0.01,1,3151,买盘
1235,10:43:24,31.5,-0.01,5,15750,卖盘
1236,10:43:33,31.53,0.03,21,66185,买盘
1237,10:43:36,31.51,-0.02,1,3151,卖盘
1238,10:43:39,31.53,0.02,5,15765,买盘
1239,10:43:42,31.53,0.0,4,12612,买盘
1240,10:43:45,31.53,0.0,2,6306,卖盘
1241,10:43:54,31.53,0.0,8,25235,卖盘
1242,10:43:57,31.52,-0.01,6,18917,卖盘
1243,10:44:04,31.51,-0.01,7,22063,卖盘
1244,10:44:06,31.52,0.01,2,6308,卖盘
1245,10:44:12,31.52,0.0,3,9458,卖盘
1246,10:44:18,31.51,-0.01,8,25215,卖盘
1247,10:44:24,31.52,0.01,4,12608,买盘
1248,10:44:39,31.52,0.0,3,9456,卖盘
1249,10:44:42,31.54,0.02,1,3154,买盘
1250,10:44:45,31.54,0.0,3,9462,买盘
1251,10:44:54,31.55,0.01,25,78873,买盘
1252,10:44:57,31.55,0.0,10,31550,卖盘
1253,10:45:00,31.55,0.0,11,34705,卖盘
1254,10:45:03,31.56,0.01,10,31560,买盘
1255,10:45:06,31.56,0.0,24,75744,买盘
1256,10:45:09,31.58,0.02,1,3158,买盘
1257,10:45:18,31.58,0.0,1,3158,卖盘
1258,10:45:33,31.64,0.06,7,22148,买盘
1259,10:45:36,31.64,0.0,5,15820,卖盘
1260,10:45:39,31.64,0.0,3,9492,卖盘
1261,10:45:42,31.62,-0.02,17,53786,卖盘
1262,10:45:48,31.58,-0.04,26,82117,卖盘
1263,10:45:52,31.58,0.0,5,15790,卖盘
1264,10:45:54,31.65,0.07,7,22155,买盘
1265,10:45:57,31.58,-0.07,2,6321,卖盘
1266,10:46:00,31.58,0.0,6,18948,卖盘
1267,10:46:04,31.58,0.0,6,18948,卖盘
1268,10:46:12,31.58,0.0,1,3158,卖盘
1269,10:46:16,31.59,0.01,4,12633,买盘
1270,10:46:18,31.56,-0.03,14,44196,卖盘
1271,10:46:36,31.56,0.0,3,9468,卖盘
1272,10:46:46,31.57,0.01,2,6314,卖盘
1273,10:46:48,31.64,0.07,10,31577,买盘
1274,10:46:51,31.64,0.0,1,3164,买盘
1275,10:46:54,31.57,-0.07,1,3157,卖盘
1276,10:47:00,31.56,-0.01,6,18938,卖盘
1277,10:47:09,31.58,0.02,1,3158,卖盘
1278,10:47:24,31.58,0.0,6,18948,卖盘
1279,10:47:27,31.56,-0.02,7,22092,卖盘
1280,10:47:30,31.56,0.0,5,15780,卖盘
1281,10:47:33,31.57,0.01,4,12628,买盘
1282,10:47:36,31.56,-0.01,5,15780,卖盘
1283,10:47:39,31.57,0.01,1,3157,买盘
1284,10:47:42,31.6,0.03,2,6320,买盘
1285,10:47:48,31.56,-0.04,19,59967,卖盘
1286,10:47:51,31.56,0.0,2,6312,买盘
1287,10:48:00,31.55,-0.01,16,50489,卖盘
1288,10:48:04,31.55,0.0,15,47325,卖盘
1289,10:48:06,31.55,0.0,5,15775,卖盘
1290,10:48:09,31.55,0.0,29,91496,卖盘
1291,10:48:13,31.54,-0.01,6,18924,卖盘
1292,10:48:15,31.55,0.01,3,9463,买盘
1293,10:48:18,31.54,-0.01,50,157700,卖盘
1294,10:48:21,31.52,-0.02,13,40994,卖盘
1295,10:48:24,31.52,0.0,7,22065,卖盘
1296,10:48:28,31.6,0.08,91,287331,买盘
1297,10:48:30,31.58,-0.02,22,69422,卖盘
1298,10:48:34,31.52,-0.06,8,25218,卖盘
1299,10:48:39,31.52,0.0,3,9456,卖盘
1300,10:48:45,31.58,0.06,17,53661,买盘
1301,10:48:48,31.53,-0.05,4,12612,卖盘
1302,10:48:54,31.53,0.0,1,3153,买盘
1303,10:49:00,31.52,-0.01,56,176518,卖盘
1304,10:49:03,31.54,0.02,30,94565,买盘
1305,10:49:06,31.53,-0.01,7,22071,卖盘
1306,10:49:09,31.55,0.02,7,22084,买盘
1307,10:49:18,31.54,-0.01,3,9462,卖盘
1308,10:49:27,31.54,0.0,1,3154,卖盘
1309,10:49:45,31.53,-0.01,2,6306,卖盘
1310,10:49:48,31.52,-0.01,2,6305,卖盘
1311,10:49:52,31.52,0.0,7,22064,卖盘
1312,10:49:54,31.52,0.0,20,63040,卖盘
1313,10:49:57,31.54,0.02,58,182883,买盘
1314,10:50:00,31.53,-0.01,8,25231,卖盘
1315,10:50:03,31.51,-0.02,27,85077,卖盘
1316,10:50:09,31.52,0.01,23,72480,买盘
1317,10:50:12,31.5,-0.02,69,217392,卖盘
1318,10:50:15,31.48,-0.02,26,81873,卖盘
1319,10:50:18,31.5,0.02,3,9446,买盘
1320,10:50:21,31.5,0.0,3,9450,买盘
1321,10:50:34,31.48,-0.02,1,3148,卖盘
1322,10:50:36,31.48,0.0,1,1007,买盘
1323,10:50:39,31.46,-0.02,1,3146,卖盘
1324,10:50:48,31.46,0.0,2,6292,卖盘
1325,10:50:52,31.46,0.0,15,47190,卖盘
1326,10:50:54,31.46,0.0,7,22028,卖盘
1327,10:50:57,31.46,0.0,2,6292,卖盘
1328,10:51:00,31.46,0.0,6,18876,卖盘
1329,10:51:04,31.46,0.0,6,18878,卖盘
1330,10:51:06,31.46,0.0,5,15730,卖盘
1331,10:51:09,31.46,0.0,9,28329,卖盘
1332,10:51:12,31.47,0.01,4,12585,买盘
1333,10:51:30,31.46,-0.01,4,12584,买盘
1334,10:51:33,31.45,-0.01,3,9436,卖盘
1335,10:51:37,31.47,0.02,4,12587,买盘
1336,10:51:40,31.45,-0.02,5,15726,卖盘
1337,10:51:48,31.47,0.02,2,6294,买盘
1338,10:51:51,31.46,-0.01,1,3146,买盘
1339,10:52:04,31.46,0.0,21,66066,卖盘
1340,10:52:06,31.47,0.01,26,81815,买盘
1341,10:52:09,31.47,0.0,9,28323,卖盘
1342,10:52:18,31.46,-0.01,8,25168,卖盘
1343,10:52:21,31.46,0.0,7,22022,买盘
1344,10:52:24,31.46,0.0,1,3146,买盘
1345,10:52:27,31.46,0.0,4,12584,买盘
1346,10:52:30,31.45,-0.01,26,81782,卖盘
1347,10:52:33,31.45,0.0,10,31459,卖盘
1348,10:52:37,31.5,0.05,15,47213,买盘
1349,10:52:42,31.5,0.0,3,9450,买盘
1350,10:52:45,31.5,0.0,1,3150,买盘
1351,10:52:48,31.5,0.0,8,25190,买盘
1352,10:52:51,31.5,0.0,4,12600,买盘
1353,10:53:04,31.48,-0.02,10,31504,卖盘
1354,10:53:12,31.52,0.04,2,6304,卖盘
1355,10:53:21,31.58,0.06,6,18948,买盘
1356,10:53:30,31.58,0.0,1,3158,卖盘
1357,10:53:33,31.59,0.01,4,12636,买盘
1358,10:53:39,31.59,0.0,2,6318,买盘
1359,10:53:43,31.53,-0.06,3,9459,卖盘
1360,10:53:57,31.53,0.0,1,3153,卖盘
1361,10:54:00,31.55,0.02,21,66225,买盘
1362,10:54:04,31.55,0.0,14,44170,卖盘
1363,10:54:06,31.55,0.0,11,34694,买盘
1364,10:54:09,31.53,-0.02,1,3153,卖盘
1365,10:54:12,31.53,0.0,1,3153,卖盘
1366,10:54:15,31.53,0.0,1,3153,卖盘
1367,10:54:24,31.53,0.0,67,211305,卖盘
1368,10:54:27,31.53,0.0,46,144989,买盘
1369,10:54:30,31.59,0.06,106,334460,买盘
1370,10:54:33,31.58,-0.01,51,161091,卖盘
1371,10:54:36,31.56,-0.02,6,18940,中性盘
1372,10:54:39,31.6,0.04,13,41079,买盘
1373,10:54:42,31.64,0.04,16,50574,买盘
1374,10:54:45,31.63,-0.01,2,6327,卖盘
1375,10:54:48,31.64,0.01,16,50597,买盘
1376,10:54:51,31.66,0.02,20,63296,买盘
1377,10:54:54,31.66,0.0,66,209078,卖盘
1378,10:54:57,31.7,0.04,27,85467,买盘
1379,10:55:00,31.67,-0.03,3,9501,中性盘
1380,10:55:04,31.7,0.03,35,110831,买盘
1381,10:55:09,31.7,0.0,127,402569,买盘
1382,10:55:12,31.7,0.0,56,177538,卖盘
1383,10:55:16,31.7,0.0,27,85590,卖盘
1384,10:55:19,31.73,0.03,54,171153,买盘
1385,10:55:22,31.73,0.0,52,165088,买盘
1386,10:55:24,31.71,-0.02,7,22209,卖盘
1387,10:55:28,31.7,-0.01,15,47572,中性盘
1388,10:55:33,31.71,0.01,2,6342,买盘
1389,10:55:36,31.7,-0.01,9,28530,卖盘
1390,10:55:39,31.71,0.01,34,107794,买盘
1391,10:55:45,31.7,-0.01,1,3170,中性盘
1392,10:55:48,31.7,0.0,29,91930,卖盘
1393,10:55:51,31.66,-0.04,5,15832,卖盘
1394,10:56:00,31.68,0.02,4,12672,卖盘
1395,10:56:04,31.69,0.01,16,50682,买盘
1396,10:56:06,31.69,0.0,52,164779,卖盘
1397,10:56:09,31.66,-0.03,23,72839,卖盘
1398,10:56:12,31.66,0.0,20,63348,卖盘
1399,10:56:18,31.69,0.03,21,66511,买盘
1400,10:56:24,31.69,0.0,11,34856,买盘
1401,10:56:27,31.68,-0.01,14,44341,中性盘
1402,10:56:31,31.67,-0.01,5,15835,卖盘
1403,10:56:34,31.68,0.01,21,66528,买盘
1404,10:56:36,31.69,0.01,1,3169,买盘
1405,10:56:39,31.68,-0.01,4,12672,卖盘
1406,10:56:42,31.67,-0.01,41,129853,卖盘
1407,10:56:45,31.68,0.01,40,126674,买盘
1408,10:56:54,31.66,-0.02,1,3166,买盘
1409,10:56:57,31.69,0.03,19,60169,买盘
1410,10:57:00,31.65,-0.04,1,3165,中性盘
1411,10:57:04,31.63,-0.02,11,34809,卖盘
1412,10:57:06,31.63,0.0,2,6326,卖盘
1413,10:57:09,31.6,-0.03,9,28449,卖盘
1414,10:57:12,31.63,0.03,1,3163,中性盘
1415,10:57:18,31.61,-0.02,3,9483,卖盘
1416,10:57:24,31.61,0.0,5,15805,卖盘
1417,10:57:27,31.61,0.0,4,12644,买盘
1418,10:57:30,31.6,-0.01,12,37927,卖盘
1419,10:57:33,31.6,0.0,6,18960,卖盘
1420,10:57:36,31.61,0.01,13,41092,买盘
1421,10:57:39,31.6,-0.01,5,15805,卖盘
1422,10:57:54,31.62,0.02,8,25317,卖盘
1423,10:57:57,31.65,0.03,12,37952,买盘
1424,10:58:00,31.65,0.0,19,60135,买盘
1425,10:58:04,31.65,0.0,10,31641,卖盘
1426,10:58:09,31.63,-0.02,2,6927,买盘
1427,10:58:12,31.65,0.02,2,6330,买盘
1428,10:58:18,31.65,0.0,1,3165,买盘
1429,10:58:27,31.63,-0.02,3,9489,卖盘
1430,10:58:30,31.63,0.0,1,2562,买盘
1431,10:58:33,31.62,-0.01,4,12648,卖盘
1432,10:58:36,31.63,0.01,11,34785,买盘
1433,10:58:39,31.65,0.02,181,573302,买盘
1434,10:58:42,31.63,-0.02,11,34210,卖盘
1435,10:58:45,31.62,-0.01,28,88553,卖盘
1436,10:58:48,31.63,0.01,22,69586,中性盘
1437,10:58:54,31.63,0.0,26,82238,卖盘
1438,10:58:57,31.63,0.0,13,41121,卖盘
1439,10:59:01,31.66,0.03,4,12664,买盘
1440,10:59:04,31.63,-0.03,62,196156,卖盘
1441,10:59:06,31.64,0.01,18,59115,中性盘
1442,10:59:09,31.64,0.0,30,94898,买盘
1443,10:59:12,31.64,0.0,10,31635,买盘
1444,10:59:15,31.68,0.04,10,31648,买盘
1445,10:59:18,31.68,0.0,12,37992,买盘
1446,10:59:21,31.68,0.0,5,15840,买盘
1447,10:59:27,31.69,0.01,34,107716,买盘
1448,10:59:31,31.69,0.0,25,79225,买盘
1449,10:59:33,31.69,0.0,20,63365,买盘
1450,10:59:36,31.71,0.02,49,155354,买盘
1451,10:59:39,31.69,-0.02,16,50703,卖盘
1452,10:59:42,31.71,0.02,20,63414,买盘
1453,10:59:45,31.7,-0.01,30,95111,卖盘
1454,10:59:49,31.71,0.01,33,104626,买盘
1455,10:59:52,31.77,0.06,9,28545,买盘
1456,10:59:57,31.73,-0.04,8,25398,中性盘
1457,11:00:00,31.73,0.0,1,3173,中性盘
1458,11:00:04,31.7,-0.03,9,28536,卖盘
1459,11:00:06,31.71,0.01,5,15851,买盘
1460,11:00:18,31.71,0.0,1,3171,卖盘
1461,11:00:21,31.71,0.0,1,3171,卖盘
1462,11:00:27,31.72,0.01,1,3172,买盘
1463,11:00:30,31.73,0.01,26,82454,买盘
1464,11:00:33,31.72,-0.01,8,25395,卖盘
1465,11:00:37,31.7,-0.02,20,63400,卖盘
1466,11:00:39,31.7,0.0,4,12682,卖盘
1467,11:00:42,31.72,0.02,13,41236,买盘
1468,11:00:48,31.72,0.0,6,19032,买盘
1469,11:00:52,31.72,0.0,1,3172,卖盘
1470,11:00:54,31.72,0.0,28,88816,卖盘
1471,11:00:57,31.72,0.0,33,104664,卖盘
1472,11:01:01,31.72,0.0,18,57074,买盘
1473,11:01:04,31.7,-0.02,12,38042,卖盘
1474,11:01:07,31.73,0.03,54,171224,买盘
1475,11:01:09,31.72,-0.01,28,88815,卖盘
1476,11:01:12,31.72,0.0,12,38046,买盘
1477,11:01:15,31.69,-0.03,15,47556,卖盘
1478,11:01:18,31.72,0.03,2,6344,买盘
1479,11:01:21,31.72,0.0,10,31720,卖盘
1480,11:01:24,31.72,0.0,1,3172,卖盘
1481,11:01:27,31.72,0.0,6,19023,买盘
1482,11:01:30,31.72,0.0,10,31720,买盘
1483,11:01:33,31.7,-0.02,7,22190,卖盘
1484,11:01:36,31.7,0.0,11,34870,卖盘
1485,11:01:39,31.7,0.0,6,19020,卖盘
1486,11:01:42,31.7,0.0,9,28530,卖盘
1487,11:01:45,31.7,0.0,9,28523,买盘
1488,11:01:48,31.69,-0.01,20,63381,卖盘
1489,11:01:51,31.68,-0.01,85,269281,卖盘
1490,11:01:54,31.69,0.01,82,259784,买盘
1491,11:01:57,31.68,-0.01,27,85536,卖盘
1492,11:02:01,31.68,0.0,11,34848,卖盘
1493,11:02:04,31.66,-0.02,5,15830,卖盘
1494,11:02:06,31.64,-0.02,4,12656,卖盘
1495,11:02:09,31.68,0.04,17,53846,买盘
1496,11:02:12,31.65,-0.03,10,31650,卖盘
1497,11:02:15,31.64,-0.01,7,22148,卖盘
1498,11:02:18,31.68,0.04,47,148886,买盘
1499,11:02:21,31.68,0.0,18,57025,卖盘
1500,11:02:24,31.68,0.0,6,19008,卖盘
1501,11:02:27,31.68,0.0,2,6336,卖盘
1502,11:02:30,31.69,0.01,5,15845,买盘
1503,11:02:33,31.68,-0.01,19,60197,卖盘
1504,11:02:36,31.68,0.0,2,6336,卖盘
1505,11:02:39,31.7,0.02,34,107771,买盘
1506,11:02:42,31.68,-0.02,9,28513,卖盘
1507,11:02:46,31.68,0.0,6,19008,卖盘
1508,11:02:48,31.69,0.01,2,6338,买盘
1509,11:02:51,31.68,-0.01,4,12675,卖盘
1510,11:02:57,31.69,0.01,5,15843,买盘
1511,11:03:00,31.69,0.0,7,22183,买盘
1512,11:03:03,31.69,0.0,9,28515,买盘
1513,11:03:07,31.69,0.0,15,47543,卖盘
1514,11:03:10,31.69,0.0,22,69734,卖盘
1515,11:03:13,31.69,0.0,34,107721,买盘
1516,11:03:15,31.69,0.0,8,25353,卖盘
1517,11:03:18,31.69,0.0,13,41197,卖盘
1518,11:03:21,31.66,-0.03,2,6332,卖盘
1519,11:03:33,31.67,0.01,5,15835,买盘
1520,11:03:36,31.67,0.0,5,15835,卖盘
1521,11:03:42,31.69,0.02,2,6338,买盘
1522,11:03:54,31.67,-0.02,1,3167,卖盘
1523,11:04:00,31.69,0.02,9,28516,买盘
1524,11:04:03,31.68,-0.01,12,38016,卖盘
1525,11:04:06,31.68,0.0,3,9504,卖盘
1526,11:04:09,31.69,0.01,17,53873,买盘
1527,11:04:12,31.68,-0.01,2,6336,卖盘
1528,11:04:15,31.68,0.0,7,22179,卖盘
1529,11:04:18,31.67,-0.01,15,47506,卖盘
1530,11:04:21,31.66,-0.01,6,18996,卖盘
1531,11:04:25,31.67,0.01,5,15829,买盘
1532,11:04:27,31.64,-0.03,6,18989,卖盘
1533,11:04:30,31.67,0.03,2,6333,买盘
1534,11:04:33,31.66,-0.01,4,12664,买盘
1535,11:04:36,31.64,-0.02,3,9492,卖盘
1536,11:04:39,31.66,0.02,5,15830,买盘
1537,11:04:42,31.64,-0.02,3,9492,卖盘
1538,11:04:51,31.66,0.02,1,3166,买盘
1539,11:05:03,31.66,0.0,10,31650,买盘
1540,11:05:06,31.64,-0.02,3,9492,卖盘
1541,11:05:10,31.64,0.0,2,6328,卖盘
1542,11:05:12,31.66,0.02,16,50656,买盘
1543,11:05:15,31.66,0.0,1,3166,买盘
1544,11:05:18,31.68,0.02,17,53823,买盘
1545,11:05:21,31.7,0.02,41,129928,买盘
1546,11:05:24,31.7,0.0,37,117282,买盘
1547,11:05:27,31.73,0.03,71,225119,买盘
1548,11:05:31,31.7,-0.03,54,171321,卖盘
1549,11:05:34,31.68,-0.02,24,76070,中性盘
1550,11:05:36,31.75,0.07,49,155252,买盘
1551,11:05:39,31.75,0.0,66,209544,买盘
1552,11:05:42,31.73,-0.02,132,419169,卖盘
1553,11:05:45,31.77,0.04,57,181031,买盘
1554,11:05:49,31.73,-0.04,43,136562,中性盘
1555,11:05:52,31.71,-0.02,27,85644,卖盘
1556,11:05:54,31.72,0.01,9,28554,卖盘
1557,11:05:57,31.74,0.02,11,34914,买盘
1558,11:06:01,31.78,0.04,1,3178,买盘
1559,11:06:04,31.74,-0.04,10,31743,卖盘
1560,11:06:06,31.74,0.0,19,60322,中性盘
1561,11:06:09,31.72,-0.02,8,25378,卖盘
1562,11:06:13,31.74,0.02,10,31739,买盘
1563,11:06:15,31.75,0.01,1,3175,中性盘
1564,11:06:21,31.75,0.0,2,6350,买盘
1565,11:06:24,31.74,-0.01,69,219074,卖盘
1566,11:06:27,31.75,0.01,26,82518,买盘
1567,11:06:30,31.74,-0.01,2,6348,卖盘
1568,11:06:34,31.74,0.0,11,34914,卖盘
1569,11:06:37,31.75,0.01,13,41269,买盘
1570,11:06:40,31.74,-0.01,12,38088,卖盘
1571,11:06:42,31.74,0.0,13,41263,卖盘
1572,11:06:45,31.74,0.0,5,15870,卖盘
1573,11:06:48,31.73,-0.01,18,57127,卖盘
1574,11:06:51,31.75,0.02,30,95247,买盘
1575,11:06:55,31.75,0.0,41,130175,卖盘
1576,11:06:58,31.74,-0.01,5,15872,中性盘
1577,11:07:00,31.73,-0.01,2,6348,卖盘
1578,11:07:04,31.73,0.0,41,130093,卖盘
1579,11:07:06,31.74,0.01,31,98343,买盘
1580,11:07:09,31.78,0.04,186,590917,买盘
1581,11:07:12,31.71,-0.07,37,117308,中性盘
1582,11:07:15,31.71,0.0,3,9513,买盘
1583,11:07:18,31.73,0.02,19,60234,买盘
1584,11:07:21,31.7,-0.03,2,6340,卖盘
1585,11:07:27,31.7,0.0,1,3170,卖盘
1586,11:07:34,31.7,0.0,18,57060,卖盘
1587,11:07:36,31.65,-0.05,9,28496,卖盘
1588,11:07:45,31.66,0.01,2,6332,卖盘
1589,11:07:48,31.66,0.0,10,31660,卖盘
1590,11:07:57,31.66,0.0,8,25356,卖盘
1591,11:08:03,31.66,0.0,6,18996,卖盘
1592,11:08:07,31.66,0.0,3,9498,卖盘
1593,11:08:12,31.7,0.04,35,110838,买盘
1594,11:08:15,31.7,0.0,7,22165,买盘
1595,11:08:18,31.7,0.0,9,28524,买盘
1596,11:08:21,31.67,-0.03,3,9501,卖盘
1597,11:08:24,31.68,0.01,6,19007,买盘
1598,11:08:33,31.69,0.01,19,60211,买盘
1599,11:08:36,31.67,-0.02,8,25343,卖盘
1600,11:08:40,31.67,0.0,1,3167,卖盘
1601,11:08:42,31.67,0.0,3,9501,买盘
1602,11:08:45,31.67,0.0,7,22171,卖盘
1603,11:08:48,31.69,0.02,21,66513,买盘
1604,11:08:51,31.66,-0.03,12,38013,卖盘
1605,11:08:54,31.68,0.02,11,33252,买盘
1606,11:08:57,31.67,-0.01,31,98177,卖盘
1607,11:09:00,31.64,-0.03,61,193064,卖盘
1608,11:09:04,31.67,0.03,26,82285,买盘
1609,11:09:06,31.64,-0.03,12,37968,卖盘
1610,11:09:15,31.64,0.0,5,15824,卖盘
1611,11:09:18,31.69,0.05,12,38012,买盘
1612,11:09:30,31.65,-0.04,1,3165,卖盘
1613,11:09:36,31.64,-0.01,27,85540,卖盘
1614,11:09:39,31.7,0.06,8,25348,买盘
1615,11:09:45,31.68,-0.02,1,3168,买盘
1616,11:09:49,31.69,0.01,3,9507,中性盘
1617,11:09:51,31.64,-0.05,5,15820,卖盘
1618,11:09:57,31.65,0.01,4,12669,中性盘
1619,11:10:03,31.64,-0.01,7,22148,卖盘
1620,11:10:06,31.64,0.0,5,15820,卖盘
1621,11:10:15,31.69,0.05,18,57032,买盘
1622,11:10:21,31.69,0.0,19,60136,买盘
1623,11:10:24,31.69,0.0,10,31690,买盘
1624,11:10:27,31.7,0.01,14,44333,买盘
1625,11:10:30,31.7,0.0,4,12680,买盘
1626,11:10:33,31.7,0.0,7,22190,买盘
1627,11:10:36,31.7,0.0,9,28525,买盘
1628,11:10:39,31.69,-0.01,8,25352,卖盘
1629,11:10:54,31.69,0.0,3,9507,卖盘
1630,11:10:57,31.7,0.01,39,123630,买盘
1631,11:11:00,31.69,-0.01,7,22183,卖盘
1632,11:11:04,31.69,0.0,6,19016,卖盘
1633,11:11:06,31.69,0.0,6,19014,卖盘
1634,11:11:09,31.69,0.0,11,34865,卖盘
1635,11:11:13,31.69,0.0,2,6339,卖盘
1636,11:11:19,31.7,0.01,38,120440,买盘
1637,11:11:21,31.69,-0.01,18,57043,卖盘
1638,11:11:27,31.69,0.0,3,9507,卖盘
1639,11:11:30,31.67,-0.02,4,12668,卖盘
1640,11:11:33,31.69,0.02,1,3169,买盘
1641,11:11:39,31.67,-0.02,12,38004,卖盘
1642,11:11:42,31.7,0.03,5,15850,买盘
1643,11:11:48,31.7,0.0,7,22190,买盘
1644,11:11:57,31.67,-0.03,1,3167,卖盘
1645,11:12:01,31.66,-0.01,100,316765,卖盘
1646,11:12:04,31.66,0.0,22,69665,卖盘
1647,11:12:07,31.66,0.0,1,3166,卖盘
1648,11:12:09,31.66,0.0,11,34834,卖盘
1649,11:12:12,31.66,0.0,2,6332,卖盘
1650,11:12:18,31.66,0.0,21,66489,卖盘
1651,11:12:27,31.66,0.0,1,3166,买盘
1652,11:12:30,31.66,0.0,31,98146,卖盘
1653,11:12:33,31.66,0.0,13,41158,卖盘
1654,11:12:39,31.66,0.0,3,9498,卖盘
1655,11:12:48,31.67,0.01,7,22169,买盘
1656,11:12:51,31.67,0.0,9,28498,买盘
1657,11:12:57,31.67,0.0,16,50672,买盘
1658,11:13:00,31.67,0.0,3,9501,卖盘
1659,11:13:03,31.67,0.0,6,19002,卖盘
1660,11:13:09,31.67,0.0,3,9501,卖盘
1661,11:13:12,31.68,0.01,12,38006,买盘
1662,11:13:15,31.66,-0.02,11,34831,卖盘
1663,11:13:21,31.68,0.02,18,57024,买盘
1664,11:13:25,31.66,-0.02,5,15830,卖盘
1665,11:13:33,31.66,0.0,1,3166,卖盘
1666,11:13:39,31.68,0.02,6,19000,买盘
1667,11:13:48,31.67,-0.01,2,6334,卖盘
1668,11:13:51,31.67,0.0,1,3167,买盘
1669,11:13:54,31.66,-0.01,16,50656,卖盘
1670,11:13:57,31.66,0.0,8,25331,卖盘
1671,11:14:00,31.66,0.0,8,25328,卖盘
1672,11:14:03,31.67,0.01,25,79169,买盘
1673,11:14:09,31.66,-0.01,3,9498,卖盘
1674,11:14:21,31.68,0.02,16,50688,买盘
1675,11:14:31,31.68,0.0,1,3168,买盘
1676,11:14:33,31.67,-0.01,1,3167,卖盘
1677,11:14:39,31.67,0.0,3,9501,卖盘
1678,11:14:42,31.66,-0.01,5,15834,卖盘
1679,11:14:48,31.68,0.02,7,22176,买盘
1680,11:14:57,31.67,-0.01,5,15835,卖盘
1681,11:15:00,31.68,0.01,12,37998,买盘
1682,11:15:03,31.7,0.02,8,25346,买盘
1683,11:15:06,31.68,-0.02,3,9504,卖盘
1684,11:15:10,31.66,-0.02,3,9500,卖盘
1685,11:15:21,31.67,0.01,1,3167,中性盘
1686,11:15:24,31.68,0.01,24,76049,买盘
1687,11:15:28,31.68,0.0,3,9504,卖盘
1688,11:15:30,31.67,-0.01,2,6334,买盘
1689,11:15:33,31.7,0.03,8,25354,买盘
1690,11:15:36,31.68,-0.02,2,6336,中性盘
1691,11:15:39,31.67,-0.01,3,9501,卖盘
1692,11:15:42,31.67,0.0,4,12671,卖盘
1693,11:15:45,31.66,-0.01,88,278656,卖盘
1694,11:15:48,31.7,0.04,14,44354,买盘
1695,11:15:51,31.66,-0.04,1,3166,卖盘
1696,11:15:54,31.66,0.0,9,28495,卖盘
1697,11:15:57,31.66,0.0,8,25332,卖盘
1698,11:16:04,31.66,0.0,6,18999,卖盘
1699,11:16:12,31.68,0.02,3,9504,卖盘
1700,11:16:15,31.7,0.02,7,22190,买盘
1701,11:16:18,31.7,0.0,1,3170,买盘
1702,11:16:24,31.7,0.0,7,22190,买盘
1703,11:16:27,31.7,0.0,5,15859,卖盘
1704,11:16:30,31.7,0.0,21,66548,买盘
1705,11:16:33,31.69,-0.01,10,31683,中性盘
1706,11:16:36,31.68,-0.01,6,19008,卖盘
1707,11:16:40,31.67,-0.01,6,19002,卖盘
1708,11:16:43,31.67,0.0,5,15834,卖盘
1709,11:16:46,31.68,0.01,4,12669,买盘
1710,11:16:48,31.72,0.04,66,209000,买盘
1711,11:16:51,31.68,-0.04,14,44348,卖盘
1712,11:16:54,31.67,-0.01,6,19002,卖盘
1713,11:16:57,31.68,0.01,2,6336,买盘
1714,11:17:04,31.67,-0.01,6,19007,卖盘
1715,11:17:12,31.66,-0.01,29,91814,卖盘
1716,11:17:15,31.67,0.01,8,25331,买盘
1717,11:17:19,31.66,-0.01,105,332430,卖盘
1718,11:17:22,31.7,0.04,48,151991,买盘
1719,11:17:24,31.67,-0.03,6,19002,中性盘
1720,11:17:27,31.7,0.03,178,563415,买盘
1721,11:17:30,31.67,-0.03,23,72787,中性盘
1722,11:17:33,31.66,-0.01,23,72807,卖盘
1723,11:17:36,31.68,0.02,4,12664,买盘
1724,11:17:42,31.64,-0.04,3,9492,卖盘
1725,11:17:46,31.64,0.0,3,9492,卖盘
1726,11:17:48,31.64,0.0,5,15820,卖盘
1727,11:17:51,31.63,-0.01,5,15815,卖盘
1728,11:17:55,31.61,-0.02,14,44256,卖盘
1729,11:17:57,31.59,-0.02,176,556181,卖盘
1730,11:18:00,31.56,-0.03,11,34730,卖盘
1731,11:18:04,31.55,-0.01,8,25240,卖盘
1732,11:18:06,31.52,-0.03,4,12614,中性盘
1733,11:18:09,31.51,-0.01,12,37822,卖盘
1734,11:18:12,31.51,0.0,3,9453,卖盘
1735,11:18:30,31.53,0.02,26,81994,卖盘
1736,11:18:36,31.56,0.03,5,15778,买盘
1737,11:18:39,31.54,-0.02,4,12626,卖盘
1738,11:18:42,31.53,-0.01,3,9462,卖盘
1739,11:18:45,31.53,0.0,5,15765,卖盘
1740,11:18:51,31.58,0.05,3,9474,买盘
1741,11:19:00,31.53,-0.05,4,12612,卖盘
1742,11:19:03,31.53,0.0,7,22071,卖盘
1743,11:19:06,31.6,0.07,4,12632,买盘
1744,11:19:09,31.6,0.0,7,22120,买盘
1745,11:19:13,31.56,-0.04,3,9469,卖盘
1746,11:19:15,31.6,0.04,57,180079,买盘
1747,11:19:18,31.64,0.04,9,28444,买盘
1748,11:19:22,31.62,-0.02,14,44262,买盘
1749,11:19:24,31.6,-0.02,15,47400,卖盘
1750,11:19:27,31.65,0.05,21,66465,买盘
1751,11:19:30,31.63,-0.02,1,3163,买盘
1752,11:19:33,31.63,0.0,4,12646,中性盘
1753,11:19:36,31.63,0.0,1,3163,卖盘
1754,11:19:39,31.66,0.03,11,34813,买盘
1755,11:19:42,31.6,-0.06,9,28440,卖盘
1756,11:19:48,31.66,0.06,6,18993,买盘
1757,11:20:01,31.61,-0.05,7,22143,卖盘
1758,11:20:04,31.6,-0.01,7,22121,卖盘
1759,11:20:09,31.64,0.04,3,9492,买盘
1760,11:20:12,31.56,-0.08,5,15792,卖盘
1761,11:20:18,31.6,0.04,2,6316,买盘
1762,11:20:21,31.6,0.0,2,6320,买盘
1763,11:20:27,31.62,0.02,2,6324,卖盘
1764,11:20:39,31.64,0.02,16,50624,买盘
1765,11:20:42,31.61,-0.03,11,34758,中性盘
1766,11:20:45,31.54,-0.07,6,18931,卖盘
1767,11:20:49,31.61,0.07,2,6322,买盘
1768,11:20:51,31.59,-0.02,1,3159,买盘
1769,11:20:54,31.63,0.04,3,9489,买盘
1770,11:20:57,31.55,-0.08,3,9465,卖盘
1771,11:21:00,31.55,0.0,8,25240,买盘
1772,11:21:03,31.55,0.0,12,37850,买盘
1773,11:21:06,31.53,-0.02,6,18919,卖盘
1774,11:21:09,31.55,0.02,32,102222,买盘
1775,11:21:12,31.55,0.0,8,25240,卖盘
1776,11:21:30,31.56,0.01,36,113616,卖盘
1777,11:21:33,31.61,0.05,4,12644,买盘
1778,11:21:45,31.56,-0.05,10,31587,卖盘
1779,11:21:48,31.55,-0.01,57,179864,卖盘
1780,11:21:52,31.61,0.06,16,50525,中性盘
1781,11:21:54,31.63,0.02,12,37919,买盘
1782,11:21:57,31.61,-0.02,4,12639,中性盘
1783,11:22:03,31.55,-0.06,9,28411,卖盘
1784,11:22:09,31.55,0.0,8,25245,卖盘
1785,11:22:12,31.56,0.01,4,12626,中性盘
1786,11:22:15,31.58,0.02,1,3158,中性盘
1787,11:22:18,31.6,0.02,4,12634,买盘
1788,11:22:21,31.55,-0.05,41,129357,卖盘
1789,11:22:24,31.58,0.03,13,41030,中性盘
1790,11:22:30,31.56,-0.02,2,6314,卖盘
1791,11:22:36,31.61,0.05,11,34761,买盘
1792,11:22:40,31.63,0.02,4,12650,买盘
1793,11:22:43,31.64,0.01,10,31614,买盘
1794,11:22:46,31.56,-0.08,11,34716,卖盘
1795,11:22:48,31.64,0.08,5,15820,买盘
1796,11:22:54,31.62,-0.02,3,9486,买盘
1797,11:23:04,31.57,-0.05,7,22100,卖盘
1798,11:23:06,31.56,-0.01,8,25267,卖盘
1799,11:23:09,31.62,0.06,2,6323,买盘
1800,11:23:18,31.58,-0.04,1,3158,卖盘
1801,11:23:24,31.58,0.0,2,6316,卖盘
1802,11:23:33,31.59,0.01,1,3159,卖盘
1803,11:23:36,31.59,0.0,3,9477,买盘
1804,11:23:39,31.6,0.01,16,50551,买盘
1805,11:23:42,31.58,-0.02,2,6318,卖盘
1806,11:23:45,31.6,0.02,10,31594,买盘
1807,11:23:48,31.6,0.0,1,3160,买盘
1808,11:23:51,31.6,0.0,4,12640,买盘
1809,11:23:57,31.58,-0.02,14,44236,卖盘
1810,11:24:00,31.64,0.06,17,53692,买盘
1811,11:24:03,31.6,-0.04,6,18960,中性盘
1812,11:24:07,31.61,0.01,2,6322,买盘
1813,11:24:09,31.61,0.0,1,3161,买盘
1814,11:24:15,31.62,0.01,1,3162,买盘
1815,11:24:18,31.64,0.02,2,6328,买盘
1816,11:24:22,31.58,-0.06,12,37906,卖盘
1817,11:24:33,31.61,0.03,2,6322,买盘
1818,11:24:39,31.61,0.0,18,56898,买盘
1819,11:24:42,31.6,-0.01,6,18961,中性盘
1820,11:24:45,31.6,0.0,12,37928,卖盘
1821,11:24:48,31.58,-0.02,26,82167,卖盘
1822,11:24:51,31.62,0.04,1,3162,买盘
1823,11:24:57,31.6,-0.02,59,186389,买盘
1824,11:25:00,31.58,-0.02,34,107434,卖盘
1825,11:25:04,31.61,0.03,24,75852,中性盘
1826,11:25:06,31.62,0.01,3,9484,买盘
1827,11:25:09,31.64,0.02,8,25300,买盘
1828,11:25:12,31.62,-0.02,22,69572,中性盘
1829,11:25:16,31.64,0.02,7,22144,买盘
1830,11:25:18,31.64,0.0,17,53761,买盘
1831,11:25:21,31.66,0.02,1,3166,买盘
1832,11:25:34,31.67,0.01,1,3167,买盘
1833,11:25:36,31.63,-0.04,8,25311,卖盘
1834,11:25:39,31.63,0.0,4,12652,买盘
1835,11:25:42,31.63,0.0,116,366708,买盘
1836,11:25:45,31.62,-0.01,30,94863,卖盘
1837,11:25:48,31.6,-0.02,33,104281,卖盘
1838,11:25:51,31.6,0.0,6,18962,卖盘
1839,11:26:00,31.6,0.0,1,3160,卖盘
1840,11:26:03,31.6,0.0,6,18960,卖盘
1841,11:26:09,31.6,0.0,3,9480,卖盘
1842,11:26:12,31.6,0.0,6,18960,卖盘
1843,11:26:15,31.6,0.0,9,28442,卖盘
1844,11:26:18,31.63,0.03,7,22124,买盘
1845,11:26:24,31.67,0.04,7,22169,买盘
1846,11:26:30,31.67,0.0,2,6334,买盘
1847,11:26:33,31.63,-0.04,1,3163,卖盘
1848,11:26:39,31.68,0.05,16,50684,买盘
1849,11:26:42,31.68,0.0,3,9504,买盘
1850,11:26:51,31.67,-0.01,2,6334,买盘
1851,11:26:54,31.6,-0.07,13,41118,卖盘
1852,11:26:57,31.67,0.07,2,6334,买盘
1853,11:27:04,31.6,-0.07,6,18960,卖盘
1854,11:27:06,31.6,0.0,13,41111,卖盘
1855,11:27:09,31.6,0.0,2,6322,卖盘
1856,11:27:15,31.6,0.0,2,6320,卖盘
1857,11:27:22,31.6,0.0,1,3160,卖盘
1858,11:27:24,31.61,0.01,5,15805,买盘
1859,11:27:30,31.61,0.0,14,44254,买盘
1860,11:27:33,31.6,-0.01,16,50575,卖盘
1861,11:27:36,31.67,0.07,1,3167,买盘
1862,11:27:45,31.67,0.0,10,31660,买盘
1863,11:27:57,31.6,-0.07,3,9481,卖盘
1864,11:28:00,31.65,0.05,8,25320,买盘
1865,11:28:04,31.6,-0.05,13,41080,卖盘
1866,11:28:12,31.64,0.04,4,12656,买盘
1867,11:28:15,31.65,0.01,2,6330,买盘
1868,11:28:21,31.64,-0.01,1,3164,卖盘
1869,11:28:24,31.65,0.01,23,72795,买盘
1870,11:28:27,31.63,-0.02,2,6327,卖盘
1871,11:28:30,31.64,0.01,7,22145,买盘
1872,11:28:39,31.62,-0.02,1,3162,卖盘
1873,11:28:46,31.65,0.03,29,91762,买盘
1874,11:28:48,31.62,-0.03,11,34818,卖盘
1875,11:28:51,31.67,0.05,8,25324,买盘
1876,11:28:54,31.67,0.0,1,3167,买盘
1877,11:28:57,31.61,-0.06,2,6323,卖盘
1878,11:29:04,31.61,0.0,7,22135,卖盘
1879,11:29:30,31.61,0.0,6,18968,卖盘
1880,11:29:48,31.67,0.06,10,31660,买盘
1881,11:29:54,31.64,-0.03,1,3164,买盘
1882,11:29:57,31.61,-0.03,1,3161,卖盘
1883,11:30:00,31.64,0.03,13,41104,买盘
1884,13:00:04,31.6,-0.04,218,688901,卖盘
1885,13:00:06,31.59,-0.01,126,398092,卖盘
1886,13:00:09,31.59,0.0,28,88456,卖盘
1887,13:00:12,31.6,0.01,30,94800,买盘
1888,13:00:15,31.59,-0.01,5,15795,卖盘
1889,13:00:18,31.6,0.01,2,6320,买盘
1890,13:00:21,31.6,0.0,4,12640,买盘
1891,13:00:24,31.59,-0.01,1,3159,卖盘
1892,13:00:27,31.6,0.01,7,22120,买盘
1893,13:00:30,31.59,-0.01,19,60026,卖盘
1894,13:00:33,31.58,-0.01,6,18954,卖盘
1895,13:00:48,31.64,0.06,8,25300,买盘
1896,13:01:00,31.58,-0.06,32,101059,卖盘
1897,13:01:03,31.58,0.0,6,18948,卖盘
1898,13:01:06,31.58,0.0,5,15790,卖盘
1899,13:01:18,31.6,0.02,7,22115,买盘
1900,13:01:27,31.6,0.0,32,101058,买盘
1901,13:01:30,31.59,-0.01,1,3159,中性盘
1902,13:01:33,31.58,-0.01,5,15792,卖盘
1903,13:01:39,31.6,0.02,1,3160,卖盘
1904,13:01:54,31.58,-0.02,1,3158,卖盘
1905,13:02:04,31.58,0.0,8,25264,卖盘
1906,13:02:06,31.58,0.0,11,34739,卖盘
1907,13:02:15,31.58,0.0,3,9474,卖盘
1908,13:02:18,31.6,0.02,7,22120,买盘
1909,13:02:21,31.58,-0.02,5,15790,卖盘
1910,13:02:54,31.59,0.01,1,3159,买盘
1911,13:03:03,31.58,-0.01,6,18948,卖盘
1912,13:03:06,31.59,0.01,6,18954,买盘
1913,13:03:15,31.59,0.0,5,15795,买盘
1914,13:03:18,31.58,-0.01,1,3158,卖盘
1915,13:03:28,31.59,0.01,10,31590,买盘
1916,13:03:30,31.59,0.0,4,12636,中性盘
1917,13:03:36,31.6,0.01,1,3160,买盘
1918,13:03:42,31.59,-0.01,3,9477,卖盘
1919,13:03:45,31.59,0.0,10,31590,卖盘
1920,13:03:48,31.61,0.02,1,3161,买盘
1921,13:03:51,31.59,-0.02,5,15795,卖盘
1922,13:03:54,31.6,0.01,1,3160,买盘
1923,13:04:04,31.59,-0.01,6,18954,卖盘
1924,13:04:06,31.59,0.0,10,31590,卖盘
1925,13:04:09,31.59,0.0,2,6318,卖盘
1926,13:04:15,31.59,0.0,3,9477,卖盘
1927,13:04:24,31.6,0.01,1,3160,买盘
1928,13:04:27,31.59,-0.01,69,217981,卖盘
1929,13:04:30,31.58,-0.01,21,66321,卖盘
1930,13:04:33,31.58,0.0,26,82109,卖盘
1931,13:04:36,31.58,0.0,5,15790,卖盘
1932,13:04:42,31.58,0.0,4,12632,卖盘
1933,13:04:45,31.57,-0.01,2,6314,卖盘
1934,13:05:04,31.56,-0.01,10,31564,卖盘
1935,13:05:06,31.55,-0.01,203,640494,卖盘
1936,13:05:09,31.58,0.03,45,140722,买盘
1937,13:05:12,31.52,-0.06,2,6304,卖盘
1938,13:05:15,31.55,0.03,22,69368,买盘
1939,13:05:21,31.52,-0.03,1,3152,卖盘
1940,13:05:42,31.52,0.0,20,63040,卖盘
1941,13:05:45,31.53,0.01,9,28371,中性盘
1942,13:05:48,31.51,-0.02,7,22061,卖盘
1943,13:06:04,31.51,0.0,15,47267,卖盘
1944,13:06:12,31.53,0.02,6,18918,买盘
1945,13:06:15,31.51,-0.02,7,22057,卖盘
1946,13:06:30,31.52,0.01,12,37824,卖盘
1947,13:06:33,31.51,-0.01,61,192212,卖盘
1948,13:06:36,31.51,0.0,56,176432,买盘
1949,13:06:39,31.5,-0.01,8,25202,卖盘
1950,13:06:42,31.5,0.0,10,31500,卖盘
1951,13:06:45,31.51,0.01,1,3151,买盘
1952,13:06:48,31.5,-0.01,1,3150,卖盘
1953,13:06:51,31.5,0.0,5,15750,卖盘
1954,13:06:54,31.5,0.0,35,110250,卖盘
1955,13:07:04,31.5,0.0,12,37800,卖盘
1956,13:07:06,31.51,0.01,1,3151,买盘
1957,13:07:12,31.5,-0.01,17,53550,卖盘
1958,13:07:15,31.5,0.0,17,53550,卖盘
1959,13:07:18,31.5,0.0,5,15750,卖盘
1960,13:07:42,31.5,0.0,20,63000,卖盘
1961,13:07:45,31.5,0.0,30,94500,卖盘
1962,13:07:48,31.5,0.0,11,34650,卖盘
1963,13:07:51,31.5,0.0,18,56700,卖盘
1964,13:07:54,31.5,0.0,10,31495,买盘
1965,13:08:00,31.5,0.0,10,31500,卖盘
1966,13:08:04,31.5,0.0,7,22050,卖盘
1967,13:08:09,31.5,0.0,3,9450,买盘
1968,13:08:12,31.49,-0.01,5,15745,卖盘
1969,13:08:21,31.5,0.01,10,31500,卖盘
1970,13:08:24,31.5,0.0,9,28350,卖盘
1971,13:08:30,31.5,0.0,18,56700,卖盘
1972,13:08:33,31.51,0.01,217,683685,买盘
1973,13:08:36,31.5,-0.01,48,151247,卖盘
1974,13:08:39,31.5,0.0,20,63000,买盘
1975,13:08:42,31.52,0.02,4,12608,买盘
1976,13:08:51,31.52,0.0,1,3152,买盘
1977,13:08:54,31.51,-0.01,5,15755,卖盘
1978,13:08:57,31.51,0.0,11,34661,卖盘
1979,13:09:00,31.51,0.0,6,18906,卖盘
1980,13:09:03,31.5,-0.01,6,18904,卖盘
1981,13:09:18,31.5,0.0,10,31500,卖盘
1982,13:09:21,31.51,0.01,5,15755,买盘
1983,13:09:27,31.5,-0.01,2,6300,卖盘
1984,13:09:30,31.51,0.01,23,72473,买盘
1985,13:09:33,31.5,-0.01,85,267816,卖盘
1986,13:09:36,31.49,-0.01,33,103919,卖盘
1987,13:09:39,31.49,0.0,4,12596,卖盘
1988,13:10:00,31.49,0.0,11,34639,卖盘
1989,13:10:03,31.49,0.0,17,53533,卖盘
1990,13:10:06,31.49,0.0,16,50384,卖盘
1991,13:10:09,31.48,-0.01,268,843700,卖盘
1992,13:10:12,31.48,0.0,36,113354,卖盘
1993,13:10:15,31.46,-0.02,33,103854,卖盘
1994,13:10:18,31.46,0.0,2,6292,买盘
1995,13:10:24,31.45,-0.01,1,3145,卖盘
1996,13:10:27,31.46,0.01,2,6292,买盘
1997,13:10:30,31.45,-0.01,45,141525,卖盘
1998,13:10:33,31.45,0.0,24,75480,卖盘
1999,13:10:36,31.46,0.01,1,3146,买盘
2000,13:10:39,31.48,0.02,3,9444,卖盘
2001,13:10:45,31.48,0.0,17,53526,卖盘
2002,13:10:48,31.48,0.0,6,18888,卖盘
2003,13:10:51,31.48,0.0,7,22037,卖盘
2004,13:10:54,31.48,0.0,2,6296,买盘
2005,13:10:57,31.45,-0.03,3,9435,卖盘
2006,13:11:00,31.45,0.0,20,62905,卖盘
2007,13:11:04,31.46,0.01,18,56615,中性盘
2008,13:11:07,31.46,0.0,5,15730,卖盘
2009,13:11:13,31.48,0.02,3,9440,买盘
2010,13:11:15,31.48,0.0,1,3148,买盘
2011,13:11:18,31.46,-0.02,6,18878,卖盘
2012,13:11:21,31.46,0.0,23,72358,卖盘
2013,13:11:24,31.46,0.0,3,9438,买盘
2014,13:11:33,31.46,0.0,4,12584,买盘
2015,13:11:36,31.45,-0.01,65,204450,卖盘
2016,13:11:39,31.45,0.0,65,204425,卖盘
2017,13:11:42,31.44,-0.01,74,232751,卖盘
2018,13:11:45,31.44,0.0,24,75456,卖盘
2019,13:11:51,31.45,0.01,31,97474,买盘
2020,13:11:54,31.44,-0.01,1,3144,卖盘
2021,13:11:57,31.45,0.01,7,22014,买盘
2022,13:12:04,31.45,0.0,6,18870,卖盘
2023,13:12:06,31.45,0.0,5,15725,卖盘
2024,13:12:09,31.46,0.01,8,25162,买盘
2025,13:12:16,31.46,0.0,1,3146,买盘
2026,13:12:18,31.44,-0.02,12,37734,卖盘
2027,13:12:21,31.44,0.0,6,18868,卖盘
2028,13:12:24,31.44,0.0,5,15720,卖盘
2029,13:12:33,31.44,0.0,3,9432,卖盘
2030,13:12:37,31.46,0.02,25,78602,买盘
2031,13:12:39,31.44,-0.02,12,37742,卖盘
2032,13:12:42,31.44,0.0,7,22008,卖盘
2033,13:12:45,31.46,0.02,344,1082224,买盘
2034,13:12:48,31.44,-0.02,128,402510,卖盘
2035,13:12:52,31.43,-0.01,9,28290,卖盘
2036,13:12:57,31.44,0.01,3,9432,买盘
2037,13:13:00,31.46,0.02,21,66040,买盘
2038,13:13:04,31.43,-0.03,54,169869,卖盘
2039,13:13:06,31.43,0.0,36,113197,卖盘
2040,13:13:09,31.44,0.01,10,31456,中性盘
2041,13:13:12,31.43,-0.01,4,12573,卖盘
2042,13:13:21,31.44,0.01,2,6288,卖盘
2043,13:13:27,31.44,0.0,5,15720,卖盘
2044,13:13:33,31.45,0.01,10,31450,买盘
2045,13:13:36,31.44,-0.01,5,15720,卖盘
2046,13:13:39,31.43,-0.01,5,15715,卖盘
2047,13:13:45,31.43,0.0,1,3143,卖盘
2048,13:13:48,31.43,0.0,3,9429,卖盘
2049,13:14:00,31.45,0.02,18,56610,买盘
2050,13:14:04,31.44,-0.01,6,18864,卖盘
2051,13:14:12,31.43,-0.01,158,496878,卖盘
2052,13:14:15,31.44,0.01,20,62863,中性盘
2053,13:14:24,31.43,-0.01,20,62870,卖盘
2054,13:14:27,31.43,0.0,23,72289,卖盘
2055,13:14:36,31.44,0.01,4,12574,买盘
2056,13:14:39,31.43,-0.01,11,34573,卖盘
2057,13:14:42,31.43,0.0,6,18859,卖盘
2058,13:14:45,31.43,0.0,6,18858,卖盘
2059,13:14:48,31.44,0.01,2,6288,买盘
2060,13:14:51,31.43,-0.01,2,6286,卖盘
2061,13:14:54,31.44,0.01,4,12576,买盘
2062,13:15:00,31.44,0.0,1,3144,买盘
2063,13:15:03,31.43,-0.01,7,22001,卖盘
2064,13:15:09,31.44,0.01,10,31440,买盘
2065,13:15:12,31.44,0.0,9,28296,买盘
2066,13:15:15,31.44,0.0,64,201306,卖盘
2067,13:15:18,31.44,0.0,46,144670,卖盘
2068,13:15:21,31.46,0.02,24,75492,买盘
2069,13:15:24,31.48,0.02,24,75530,买盘
2070,13:15:28,31.48,0.0,17,53502,买盘
2071,13:15:30,31.5,0.02,11,34629,买盘
2072,13:15:33,31.48,-0.02,7,22048,卖盘
2073,13:15:36,31.5,0.02,6,18900,买盘
2074,13:15:39,31.48,-0.02,11,34634,卖盘
2075,13:15:42,31.48,0.0,8,25190,卖盘
2076,13:15:45,31.5,0.02,5,15750,买盘
2077,13:15:48,31.5,0.0,1,3150,买盘
2078,13:15:51,31.57,0.07,39,122857,买盘
2079,13:15:54,31.5,-0.07,10,31507,卖盘
2080,13:15:57,31.5,0.0,3,9455,卖盘
2081,13:16:00,31.53,0.03,1,3153,买盘
2082,13:16:04,31.5,-0.03,10,31502,卖盘
2083,13:16:06,31.51,0.01,4,12604,买盘
2084,13:16:15,31.5,-0.01,5,15750,卖盘
2085,13:16:21,31.52,0.02,1,3152,买盘
2086,13:16:33,31.52,0.0,25,78790,买盘
2087,13:16:36,31.52,0.0,7,22052,买盘
2088,13:16:39,31.52,0.0,15,47721,买盘
2089,13:16:42,31.5,-0.02,11,34650,卖盘
2090,13:16:48,31.52,0.02,1,3152,买盘
2091,13:16:51,31.52,0.0,13,40976,买盘
2092,13:16:54,31.52,0.0,16,50432,买盘
2093,13:16:57,31.52,0.0,39,122928,买盘
2094,13:17:00,31.56,0.04,21,66207,买盘
2095,13:17:04,31.52,-0.04,8,25216,卖盘
2096,13:17:06,31.52,0.0,5,15762,卖盘
2097,13:17:09,31.55,0.03,1,3155,中性盘
2098,13:17:24,31.55,0.0,25,78875,买盘
2099,13:17:27,31.55,0.0,5,15775,卖盘
2100,13:17:30,31.55,0.0,5,15777,卖盘
2101,13:17:33,31.53,-0.02,1,3153,卖盘
2102,13:17:36,31.53,0.0,5,15765,卖盘
2103,13:17:39,31.57,0.04,7,22099,买盘
2104,13:17:45,31.53,-0.04,1,3153,卖盘
2105,13:18:04,31.53,0.0,9,28380,卖盘
2106,13:18:06,31.55,0.02,5,15769,中性盘
2107,13:18:09,31.53,-0.02,2,6306,卖盘
2108,13:18:30,31.55,0.02,3,9465,买盘
2109,13:18:33,31.54,-0.01,6,18922,买盘
2110,13:18:36,31.54,0.0,3,9462,买盘
2111,13:18:42,31.54,0.0,14,44156,买盘
2112,13:18:45,31.53,-0.01,6,18918,卖盘
2113,13:18:48,31.53,0.0,8,25224,卖盘
2114,13:19:01,31.53,0.0,2,6307,卖盘
2115,13:19:04,31.53,0.0,62,195486,卖盘
2116,13:19:06,31.53,0.0,36,113508,卖盘
2117,13:19:12,31.53,0.0,1,3153,买盘
2118,13:19:22,31.52,-0.01,200,630410,卖盘
2119,13:19:24,31.57,0.05,25,78820,买盘
2120,13:19:33,31.53,-0.04,16,50448,卖盘
2121,13:19:42,31.53,0.0,6,18918,买盘
2122,13:19:45,31.52,-0.01,16,50432,卖盘
2123,13:19:48,31.52,0.0,2,6305,卖盘
2124,13:19:54,31.52,0.0,1,3152,卖盘
2125,13:20:04,31.52,0.0,7,22064,卖盘
2126,13:20:09,31.56,0.04,5,15780,买盘
2127,13:20:12,31.56,0.0,1,3156,买盘
2128,13:20:31,31.54,-0.02,1,3154,卖盘
2129,13:20:48,31.53,-0.01,3,9460,卖盘
2130,13:20:51,31.53,0.0,5,15765,卖盘
2131,13:20:54,31.54,0.01,10,31540,中性盘
2132,13:21:00,31.54,0.0,1,3154,买盘
2133,13:21:03,31.53,-0.01,7,22071,卖盘
2134,13:21:06,31.54,0.01,7,22073,买盘
2135,13:21:10,31.53,-0.01,7,22071,卖盘
2136,13:21:13,31.53,0.0,1,3153,买盘
2137,13:21:21,31.53,0.0,30,94590,买盘
2138,13:21:24,31.53,0.0,5,15765,卖盘
2139,13:21:30,31.53,0.0,8,25224,卖盘
2140,13:21:33,31.53,0.0,13,40983,卖盘
2141,13:21:36,31.53,0.0,6,18913,买盘
2142,13:21:39,31.54,0.01,5,15770,买盘
2143,13:21:42,31.53,-0.01,1,3153,卖盘
2144,13:21:45,31.54,0.01,24,75696,买盘
2145,13:21:48,31.54,0.0,5,15770,卖盘
2146,13:21:51,31.54,0.0,5,15770,卖盘
2147,13:21:54,31.55,0.01,13,41004,买盘
2148,13:21:57,31.55,0.0,9,28389,买盘
2149,13:22:00,31.55,0.0,2,6310,买盘
2150,13:22:04,31.53,-0.02,21,66232,卖盘
2151,13:22:06,31.53,0.0,2,6306,卖盘
2152,13:22:09,31.53,0.0,2,6306,卖盘
2153,13:22:16,31.55,0.02,1,3155,买盘
2154,13:22:33,31.53,-0.02,16,50448,卖盘
2155,13:22:37,31.53,0.0,9,28377,卖盘
2156,13:22:42,31.54,0.01,5,15770,买盘
2157,13:22:45,31.53,-0.01,10,31535,卖盘
2158,13:22:48,31.54,0.01,8,25226,买盘
2159,13:22:51,31.53,-0.01,7,22077,卖盘
2160,13:22:57,31.54,0.01,2,6308,买盘
2161,13:23:00,31.54,0.0,8,25228,买盘
2162,13:23:03,31.53,-0.01,6,18918,卖盘
2163,13:23:06,31.54,0.01,1,3154,买盘
2164,13:23:10,31.54,0.0,2,6308,买盘
2165,13:23:12,31.53,-0.01,5,15765,卖盘
2166,13:23:21,31.55,0.02,2,6310,买盘
2167,13:23:27,31.55,0.0,1,3155,卖盘
2168,13:23:30,31.55,0.0,2,6310,卖盘
2169,13:23:33,31.56,0.01,3,9469,中性盘
2170,13:23:36,31.57,0.01,7,22099,买盘
2171,13:23:39,31.55,-0.02,8,25249,卖盘
2172,13:23:45,31.57,0.02,7,22098,买盘
2173,13:23:48,31.55,-0.02,6,18930,卖盘
2174,13:23:52,31.57,0.02,108,340940,买盘
2175,13:23:54,31.59,0.02,76,239989,买盘
2176,13:23:57,31.59,0.0,74,233732,买盘
2177,13:24:00,31.59,0.0,50,157924,买盘
2178,13:24:04,31.6,0.01,13,41071,买盘
2179,13:24:06,31.61,0.01,11,34785,中性盘
2180,13:24:09,31.61,0.0,9,28441,买盘
2181,13:24:12,31.64,0.03,6,18981,买盘
2182,13:24:15,31.64,0.0,3,9492,买盘
2183,13:24:18,31.63,-0.01,4,12652,卖盘
2184,13:24:21,31.63,0.0,6,18973,买盘
2185,13:24:24,31.65,0.02,3,9495,买盘
2186,13:24:30,31.65,0.0,6,18990,买盘
2187,13:24:39,31.66,0.01,4,12663,买盘
2188,13:24:45,31.65,-0.01,24,75960,卖盘
2189,13:24:48,31.66,0.01,14,44312,买盘
2190,13:24:51,31.66,0.0,17,53808,买盘
2191,13:24:54,31.67,0.01,6,18999,买盘
2192,13:25:00,31.65,-0.02,1,3165,买盘
2193,13:25:03,31.66,0.01,43,136175,中性盘
2194,13:25:06,31.66,0.0,12,37998,卖盘
2195,13:25:12,31.63,-0.03,5,15815,卖盘
2196,13:25:18,31.61,-0.02,12,36989,卖盘
2197,13:25:21,31.61,0.0,22,70490,卖盘
2198,13:25:27,31.6,-0.01,3,9480,卖盘
2199,13:25:34,31.6,0.0,1,3160,卖盘
2200,13:25:37,31.6,0.0,4,12640,卖盘
2201,13:25:39,31.6,0.0,4,12640,卖盘
2202,13:25:42,31.6,0.0,5,15800,卖盘
2203,13:25:45,31.59,-0.01,18,56834,买盘
2204,13:25:48,31.57,-0.02,1,3157,卖盘
2205,13:25:52,31.58,0.01,6,18953,卖盘
2206,13:25:55,31.6,0.02,2,6320,买盘
2207,13:26:00,31.63,0.03,12,37903,卖盘
2208,13:26:03,31.57,-0.06,18,56907,卖盘
2209,13:26:12,31.63,0.06,5,15815,中性盘
2210,13:26:27,31.61,-0.02,1,3161,买盘
2211,13:26:30,31.61,0.0,6,18957,买盘
2212,13:26:39,31.58,-0.03,4,12638,卖盘
2213,13:26:42,31.58,0.0,7,22100,中性盘
2214,13:26:48,31.6,0.02,16,50560,买盘
2215,13:27:04,31.58,-0.02,7,22106,卖盘
2216,13:27:09,31.58,0.0,26,82108,卖盘
2217,13:27:12,31.58,0.0,11,34740,卖盘
2218,13:27:22,31.6,0.02,1,3160,买盘
2219,13:27:25,31.59,-0.01,2,6318,卖盘
2220,13:27:33,31.6,0.01,7,22119,买盘
2221,13:27:36,31.58,-0.02,6,18948,卖盘
2222,13:27:45,31.58,0.0,20,63161,卖盘
2223,13:27:52,31.59,0.01,7,22116,中性盘
2224,13:27:55,31.58,-0.01,113,356879,卖盘
2225,13:27:58,31.57,-0.01,38,119970,卖盘
2226,13:28:04,31.55,-0.02,6,18938,卖盘
2227,13:28:06,31.55,0.0,1,3155,卖盘
2228,13:28:09,31.57,0.02,5,15785,中性盘
2229,13:28:12,31.58,0.01,12,37894,买盘
2230,13:28:19,31.56,-0.02,1,3156,卖盘
2231,13:28:27,31.58,0.02,13,41054,买盘
2232,13:28:30,31.58,0.0,12,37905,卖盘
2233,13:28:52,31.59,0.01,4,12635,买盘
2234,13:28:54,31.58,-0.01,1,3158,卖盘
2235,13:28:57,31.58,0.0,4,12632,卖盘
2236,13:29:04,31.58,0.0,7,22106,卖盘
2237,13:29:09,31.58,0.0,13,41058,卖盘
2238,13:29:12,31.58,0.0,9,28421,买盘
2239,13:29:15,31.58,0.0,1,3158,买盘
2240,13:29:18,31.58,0.0,8,25264,买盘
2241,13:29:24,31.62,0.04,7,22133,买盘
2242,13:29:27,31.58,-0.04,5,15790,卖盘
2243,13:29:34,31.58,0.0,1,3158,卖盘
2244,13:29:36,31.6,0.02,1,3160,买盘
2245,13:29:39,31.59,-0.01,4,12636,卖盘
2246,13:29:42,31.62,0.03,7,22128,买盘
2247,13:29:45,31.58,-0.04,10,31581,卖盘
2248,13:29:51,31.58,0.0,11,34738,卖盘
2249,13:29:54,31.62,0.04,7,22131,买盘
2250,13:30:04,31.59,-0.03,9,28428,中性盘
2251,13:30:06,31.59,0.0,6,18954,卖盘
2252,13:30:09,31.59,0.0,10,31590,卖盘
2253,13:30:12,31.58,-0.01,10,31589,卖盘
2254,13:30:15,31.58,0.0,7,22106,卖盘
2255,13:30:18,31.58,0.0,6,18948,卖盘
2256,13:30:27,31.59,0.01,2,6318,卖盘
2257,13:30:33,31.58,-0.01,6,18948,卖盘
2258,13:30:36,31.59,0.01,9,28425,买盘
2259,13:30:45,31.57,-0.02,24,75770,卖盘
2260,13:30:48,31.57,0.0,21,66297,卖盘
2261,13:30:51,31.57,0.0,5,15785,卖盘
2262,13:30:54,31.57,0.0,1,3157,卖盘
2263,13:31:01,31.59,0.02,1,3159,买盘
2264,13:31:04,31.56,-0.03,6,18937,卖盘
2265,13:31:06,31.56,0.0,29,91530,卖盘
2266,13:31:09,31.55,-0.01,6,18932,卖盘
2267,13:31:18,31.55,0.0,5,15775,卖盘
2268,13:31:27,31.55,0.0,1,3155,卖盘
2269,13:31:36,31.56,0.01,4,12624,买盘
2270,13:31:42,31.56,0.0,4,12624,买盘
2271,13:31:45,31.56,0.0,1,3156,卖盘
2272,13:31:51,31.56,0.0,2,6312,卖盘
2273,13:31:57,31.56,0.0,2,6312,买盘
2274,13:32:00,31.55,-0.01,26,82046,卖盘
2275,13:32:04,31.55,0.0,8,25240,卖盘
2276,13:32:06,31.55,0.0,5,15775,卖盘
2277,13:32:09,31.55,0.0,5,15775,卖盘
2278,13:32:15,31.55,0.0,1,3155,卖盘
2279,13:32:21,31.56,0.01,3,9468,买盘
2280,13:32:24,31.55,-0.01,5,15775,卖盘
2281,13:32:27,31.55,0.0,8,25240,卖盘
2282,13:32:30,31.55,0.0,2,6310,买盘
2283,13:32:33,31.55,0.0,3,9465,买盘
2284,13:32:36,31.53,-0.02,3,9463,卖盘
2285,13:32:39,31.55,0.02,3,9465,中性盘
2286,13:32:48,31.53,-0.02,28,88284,卖盘
2287,13:32:51,31.52,-0.01,20,63040,卖盘
2288,13:32:54,31.52,0.0,12,37824,卖盘
2289,13:32:58,31.52,0.0,5,15760,卖盘
2290,13:33:01,31.52,0.0,1,3152,卖盘
2291,13:33:04,31.52,0.0,31,97774,卖盘
2292,13:33:07,31.52,0.0,3,9456,卖盘
2293,13:33:10,31.55,0.03,6,18930,买盘
2294,13:33:12,31.52,-0.03,10,31520,卖盘
2295,13:33:15,31.5,-0.02,6,18901,卖盘
2296,13:33:18,31.54,0.04,15,47300,买盘
2297,13:33:21,31.5,-0.04,1,3150,卖盘
2298,13:33:39,31.54,0.04,1,3154,买盘
2299,13:33:48,31.5,-0.04,46,144900,卖盘
2300,13:33:51,31.5,0.0,38,119712,卖盘
2301,13:33:55,31.54,0.04,103,324500,买盘
2302,13:33:57,31.48,-0.06,13,40926,卖盘
2303,13:34:04,31.48,0.0,11,34638,卖盘
2304,13:34:06,31.54,0.06,16,50412,买盘
2305,13:34:10,31.5,-0.04,1,3150,买盘
2306,13:34:18,31.52,0.02,4,12608,卖盘
2307,13:34:24,31.52,0.0,7,22064,买盘
2308,13:34:31,31.49,-0.03,3,9447,卖盘
2309,13:34:33,31.49,0.0,1,3149,卖盘
2310,13:34:45,31.51,0.02,8,25208,买盘
2311,13:34:48,31.51,0.0,6,18896,买盘
2312,13:34:51,31.49,-0.02,5,15745,卖盘
2313,13:34:54,31.51,0.02,7,22057,买盘
2314,13:34:57,31.49,-0.02,6,18899,卖盘
2315,13:35:00,31.51,0.02,7,22049,买盘
2316,13:35:03,31.5,-0.01,17,53552,卖盘
2317,13:35:09,31.5,0.0,3,9450,卖盘
2318,13:35:12,31.54,0.04,8,25222,买盘
2319,13:35:21,31.49,-0.05,1,3149,卖盘
2320,13:35:24,31.49,0.0,9,28353,卖盘
2321,13:35:40,31.49,0.0,1,3149,卖盘
2322,13:35:57,31.49,0.0,6,18894,卖盘
2323,13:36:00,31.5,0.01,15,47250,买盘
2324,13:36:04,31.49,-0.01,20,62983,卖盘
2325,13:36:09,31.53,0.04,17,53574,买盘
2326,13:36:18,31.5,-0.03,1,3150,卖盘
2327,13:36:21,31.5,0.0,5,15751,卖盘
2328,13:36:33,31.5,0.0,19,59850,卖盘
2329,13:36:39,31.5,0.0,1,3150,买盘
2330,13:36:54,31.5,0.0,17,53550,中性盘
2331,13:36:57,31.49,-0.01,6,18894,卖盘
2332,13:37:04,31.49,0.0,15,47240,卖盘
2333,13:37:09,31.53,0.04,10,31530,买盘
2334,13:37:12,31.5,-0.03,10,31506,卖盘
2335,13:37:15,31.49,-0.01,2,6299,卖盘
2336,13:37:21,31.52,0.03,11,34672,买盘
2337,13:37:24,31.5,-0.02,5,15750,卖盘
2338,13:37:30,31.52,0.02,7,22064,买盘
2339,13:37:33,31.52,0.0,6,18907,买盘
2340,13:37:39,31.51,-0.01,1,3151,卖盘
2341,13:37:42,31.51,0.0,1,3151,卖盘
2342,13:37:48,31.52,0.01,7,22063,买盘
2343,13:38:04,31.51,-0.01,6,18906,卖盘
2344,13:38:06,31.51,0.0,14,44115,卖盘
2345,13:38:09,31.51,0.0,5,15755,卖盘
2346,13:38:19,31.53,0.02,16,50448,买盘
2347,13:38:21,31.51,-0.02,1,3151,卖盘
2348,13:38:33,31.52,0.01,25,78800,买盘
2349,13:38:36,31.51,-0.01,12,37818,卖盘
2350,13:38:39,31.51,0.0,7,22057,卖盘
2351,13:38:42,31.53,0.02,24,75632,买盘
2352,13:38:45,31.53,0.0,32,100896,买盘
2353,13:38:48,31.53,0.0,14,44148,卖盘
2354,13:38:51,31.53,0.0,10,31542,卖盘
2355,13:38:54,31.55,0.02,7,22085,中性盘
2356,13:38:57,31.55,0.0,2,6312,卖盘
2357,13:39:00,31.57,0.02,7,22099,买盘
2358,13:39:04,31.55,-0.02,9,28404,卖盘
2359,13:39:07,31.58,0.03,1,3158,买盘
2360,13:39:09,31.59,0.01,6,18951,买盘
2361,13:39:12,31.59,0.0,1,3159,买盘
2362,13:39:15,31.6,0.01,4,12640,买盘
2363,13:39:18,31.62,0.02,9,28456,买盘
2364,13:39:21,31.56,-0.06,35,110468,卖盘
2365,13:39:24,31.56,0.0,41,129574,卖盘
2366,13:39:27,31.55,-0.01,6,18934,卖盘
2367,13:39:33,31.6,0.05,10,31600,买盘
2368,13:39:42,31.6,0.0,7,22120,买盘
2369,13:39:51,31.6,0.0,12,37920,卖盘
2370,13:39:54,31.59,-0.01,5,15795,卖盘
2371,13:40:00,31.59,0.0,5,15795,卖盘
2372,13:40:04,31.6,0.01,24,75806,买盘
2373,13:40:06,31.63,0.03,16,50574,买盘
2374,13:40:09,31.61,-0.02,14,44209,中性盘
2375,13:40:12,31.63,0.02,15,47417,买盘
2376,13:40:15,31.63,0.0,1,3163,买盘
2377,13:40:21,31.6,-0.03,1,3160,卖盘
2378,13:40:24,31.63,0.03,2,6326,买盘
2379,13:40:36,31.63,0.0,2,6326,买盘
2380,13:40:45,31.63,0.0,5,15815,买盘
2381,13:40:51,31.63,0.0,2,6326,买盘
2382,13:40:55,31.61,-0.02,1,3161,卖盘
2383,13:40:57,31.64,0.03,18,56938,买盘
2384,13:41:00,31.6,-0.04,6,18964,卖盘
2385,13:41:04,31.61,0.01,6,18966,卖盘
2386,13:41:06,31.62,0.01,9,28464,买盘
2387,13:41:09,31.63,0.01,37,117031,卖盘
2388,13:41:12,31.62,-0.01,9,28464,卖盘
2389,13:41:16,31.58,-0.04,6,18958,卖盘
2390,13:41:18,31.59,0.01,11,34776,卖盘
2391,13:41:24,31.59,0.0,2,6318,买盘
2392,13:41:27,31.57,-0.02,6,18948,卖盘
2393,13:41:39,31.59,0.02,1,3159,卖盘
2394,13:41:45,31.59,0.0,4,12636,卖盘
2395,13:41:48,31.59,0.0,1,3159,卖盘
2396,13:41:51,31.59,0.0,1,3159,买盘
2397,13:41:54,31.59,0.0,1,3159,买盘
2398,13:41:57,31.59,0.0,2,6318,买盘
2399,13:42:00,31.59,0.0,8,25269,买盘
2400,13:42:04,31.59,0.0,13,41069,卖盘
2401,13:42:06,31.59,0.0,5,15795,卖盘
2402,13:42:10,31.62,0.03,15,47410,买盘
2403,13:42:12,31.61,-0.01,19,60067,卖盘
2404,13:42:15,31.59,-0.02,13,41085,卖盘
2405,13:42:18,31.63,0.04,8,25300,买盘
2406,13:42:21,31.6,-0.03,5,15800,卖盘
2407,13:42:30,31.59,-0.01,22,69498,卖盘
2408,13:42:33,31.59,0.0,5,15795,卖盘
2409,13:42:36,31.61,0.02,7,22126,买盘
2410,13:42:51,31.61,0.0,3,9483,卖盘
2411,13:42:54,31.61,0.0,3,9483,卖盘
2412,13:42:57,31.62,0.01,10,31617,买盘
2413,13:43:01,31.63,0.01,24,75843,买盘
2414,13:43:04,31.6,-0.03,7,22121,卖盘
2415,13:43:06,31.62,0.02,18,56890,买盘
2416,13:43:09,31.63,0.01,20,63238,买盘
2417,13:43:15,31.61,-0.02,60,189660,买盘
2418,13:43:18,31.61,0.0,60,189642,买盘
2419,13:43:24,31.61,0.0,5,15805,卖盘
2420,13:43:27,31.61,0.0,9,28449,卖盘
2421,13:43:30,31.6,-0.01,6,18966,卖盘
2422,13:43:33,31.62,0.02,2,6324,买盘
2423,13:43:36,31.61,-0.01,4,12644,卖盘
2424,13:43:39,31.6,-0.01,9,28446,卖盘
2425,13:43:42,31.6,0.0,10,31600,卖盘
2426,13:43:45,31.6,0.0,8,25280,卖盘
2427,13:43:48,31.6,0.0,4,12640,卖盘
2428,13:43:51,31.59,-0.01,100,315900,卖盘
2429,13:43:54,31.59,0.0,38,119997,卖盘
2430,13:43:57,31.55,-0.04,4,12620,卖盘
2431,13:44:04,31.55,0.0,32,101078,卖盘
2432,13:44:06,31.55,0.0,6,18930,卖盘
2433,13:44:12,31.58,0.03,9,28422,买盘
2434,13:44:18,31.55,-0.03,20,63100,卖盘
2435,13:44:21,31.55,0.0,6,18930,卖盘
2436,13:44:24,31.55,0.0,1,3155,卖盘
2437,13:44:30,31.56,0.01,6,18936,卖盘
2438,13:44:34,31.56,0.0,1,3156,卖盘
2439,13:45:00,31.57,0.01,5,15785,卖盘
2440,13:45:04,31.56,-0.01,26,82069,卖盘
2441,13:45:06,31.56,0.0,16,50514,卖盘
2442,13:45:12,31.55,-0.01,30,94728,卖盘
2443,13:45:15,31.55,0.0,13,41015,买盘
2444,13:45:18,31.6,0.05,8,25276,买盘
2445,13:45:21,31.56,-0.04,11,34716,卖盘
2446,13:45:24,31.58,0.02,4,12632,买盘
2447,13:45:30,31.56,-0.02,6,18940,卖盘
2448,13:45:36,31.56,0.0,11,34716,卖盘
2449,13:45:42,31.56,0.0,5,15788,卖盘
2450,13:45:51,31.58,0.02,1,3158,卖盘
2451,13:46:00,31.56,-0.02,5,15780,卖盘
2452,13:46:04,31.56,0.0,7,22092,卖盘
2453,13:46:09,31.59,0.03,3,9477,中性盘
2454,13:46:24,31.61,0.02,4,12642,买盘
2455,13:46:30,31.6,-0.01,6,18963,卖盘
2456,13:46:33,31.6,0.0,23,72680,买盘
2457,13:46:36,31.57,-0.03,15,47383,卖盘
2458,13:46:42,31.57,0.0,1,3157,卖盘
2459,13:46:45,31.61,0.04,8,25283,买盘
2460,13:46:54,31.58,-0.03,4,12634,卖盘
2461,13:47:00,31.57,-0.01,5,15785,卖盘
2462,13:47:03,31.56,-0.01,7,22093,卖盘
2463,13:47:06,31.58,0.02,3,9474,买盘
2464,13:47:12,31.57,-0.01,1,3157,卖盘
2465,13:47:16,31.6,0.03,24,75828,买盘
2466,13:47:19,31.58,-0.02,20,63160,卖盘
2467,13:47:21,31.56,-0.02,8,25259,卖盘
2468,13:47:27,31.56,0.0,9,28410,卖盘
2469,13:47:30,31.56,0.0,15,47350,卖盘
2470,13:47:33,31.56,0.0,11,34734,卖盘
2471,13:47:36,31.58,0.02,9,28412,买盘
2472,13:47:39,31.55,-0.03,100,315551,卖盘
2473,13:47:42,31.55,0.0,10,31556,卖盘
2474,13:47:48,31.53,-0.02,19,59907,卖盘
2475,13:47:51,31.54,0.01,6,18926,中性盘
2476,13:47:57,31.54,0.0,1,3154,买盘
2477,13:48:00,31.54,0.0,12,37843,买盘
2478,13:48:04,31.54,0.0,8,25232,买盘
2479,13:48:06,31.54,0.0,11,34694,卖盘
2480,13:48:12,31.54,0.0,1,3154,卖盘
2481,13:48:15,31.57,0.03,1,3157,买盘
2482,13:48:24,31.59,0.02,18,56846,买盘
2483,13:48:27,31.58,-0.01,15,47336,中性盘
2484,13:48:30,31.53,-0.05,5,15765,卖盘
2485,13:48:45,31.55,0.02,1,3155,卖盘
2486,13:48:51,31.55,0.0,1,3155,中性盘
2487,13:49:00,31.54,-0.01,3,9462,卖盘
2488,13:49:04,31.53,-0.01,12,37850,卖盘
2489,13:49:06,31.53,0.0,1,3153,卖盘
2490,13:49:09,31.53,0.0,14,44142,卖盘
2491,13:49:12,31.52,-0.01,63,198644,卖盘
2492,13:49:15,31.52,0.0,35,110301,买盘
2493,13:49:24,31.52,0.0,3,9456,买盘
2494,13:49:27,31.52,0.0,3,9456,买盘
2495,13:49:30,31.51,-0.01,80,252081,卖盘
2496,13:49:33,31.5,-0.01,31,97650,卖盘
2497,13:49:39,31.51,0.01,8,25208,买盘
2498,13:49:45,31.5,-0.01,80,252010,卖盘
2499,13:49:48,31.51,0.01,26,81893,买盘
2500,13:49:54,31.5,-0.01,3,9450,卖盘
2501,13:49:57,31.5,0.0,5,15750,买盘
2502,13:50:00,31.49,-0.01,5,15745,卖盘
2503,13:50:04,31.49,0.0,20,62982,卖盘
2504,13:50:06,31.49,0.0,9,28349,卖盘
2505,13:50:09,31.49,0.0,5,15745,卖盘
2506,13:50:15,31.51,0.02,18,56718,买盘
2507,13:50:18,31.49,-0.02,12,37790,卖盘
2508,13:50:21,31.5,0.01,3,9450,卖盘
2509,13:50:24,31.5,0.0,5,15750,买盘
2510,13:50:27,31.5,0.0,15,47250,买盘
2511,13:50:31,31.5,0.0,33,103955,卖盘
2512,13:50:33,31.5,0.0,17,53550,卖盘
2513,13:50:36,31.49,-0.01,10,31493,卖盘
2514,13:50:39,31.5,0.01,3,9450,买盘
2515,13:50:42,31.49,-0.01,5,15745,卖盘
2516,13:50:48,31.5,0.01,1,3150,卖盘
2517,13:50:58,31.51,0.01,1,3151,买盘
2518,13:51:00,31.5,-0.01,34,107100,卖盘
2519,13:51:04,31.5,0.0,14,44102,卖盘
2520,13:51:06,31.51,0.01,18,56713,买盘
2521,13:51:09,31.5,-0.01,8,25200,卖盘
2522,13:51:15,31.5,0.0,1,3150,卖盘
2523,13:51:18,31.51,0.01,18,56718,买盘
2524,13:51:21,31.5,-0.01,10,31500,卖盘
2525,13:51:24,31.5,0.0,55,173250,卖盘
2526,13:51:27,31.5,0.0,15,47258,卖盘
2527,13:51:30,31.5,0.0,6,18900,卖盘
2528,13:51:33,31.5,0.0,6,18900,卖盘
2529,13:51:36,31.51,0.01,8,25204,买盘
2530,13:51:39,31.5,-0.01,5,15750,卖盘
2531,13:51:48,31.5,0.0,2,6300,卖盘
2532,13:51:51,31.51,0.01,28,88201,买盘
2533,13:51:54,31.51,0.0,112,352780,买盘
2534,13:51:57,31.49,-0.02,32,100776,卖盘
2535,13:52:00,31.48,-0.01,23,72404,卖盘
2536,13:52:04,31.48,0.0,12,37777,卖盘
2537,13:52:07,31.48,0.0,17,53516,卖盘
2538,13:52:18,31.5,0.02,52,163800,买盘
2539,13:52:21,31.51,0.01,28,88209,买盘
2540,13:52:24,31.5,-0.01,1,3150,卖盘
2541,13:52:27,31.51,0.01,8,25208,买盘
2542,13:52:30,31.51,0.0,1,3151,买盘
2543,13:52:33,31.51,0.0,8,25203,中性盘
2544,13:52:48,31.5,-0.01,19,59867,卖盘
2545,13:52:51,31.5,0.0,5,15750,卖盘
2546,13:52:54,31.5,0.0,11,34650,卖盘
2547,13:52:57,31.5,0.0,95,299250,卖盘
2548,13:53:00,31.5,0.0,26,81900,卖盘
2549,13:53:03,31.5,0.0,15,47261,卖盘
2550,13:53:06,31.5,0.0,180,567000,卖盘
2551,13:53:09,31.5,0.0,66,207901,卖盘
2552,13:53:12,31.47,-0.03,115,362068,卖盘
2553,13:53:15,31.47,0.0,29,91263,卖盘
2554,13:53:18,31.47,0.0,9,28331,卖盘
2555,13:53:21,31.49,0.02,6,18885,买盘
2556,13:53:24,31.47,-0.02,8,25176,卖盘
2557,13:53:30,31.47,0.0,8,25176,买盘
2558,13:53:33,31.46,-0.01,9,28314,卖盘
2559,13:53:39,31.47,0.01,1,3147,买盘
2560,13:53:51,31.46,-0.01,13,40898,卖盘
2561,13:53:54,31.46,0.0,11,34606,卖盘
2562,13:54:04,31.46,0.0,11,34606,卖盘
2563,13:54:06,31.45,-0.01,8,25166,卖盘
2564,13:54:09,31.46,0.01,10,31460,买盘
2565,13:54:15,31.45,-0.01,36,113220,卖盘
2566,13:54:18,31.44,-0.01,12,37728,卖盘
2567,13:54:21,31.45,0.01,1,3145,买盘
2568,13:54:24,31.45,0.0,4,12580,买盘
2569,13:54:30,31.44,-0.01,5,15720,卖盘
2570,13:54:33,31.44,0.0,20,62880,买盘
2571,13:54:36,31.43,-0.01,5,15715,卖盘
2572,13:54:39,31.43,0.0,6,18858,卖盘
2573,13:54:42,31.44,0.01,3,9432,买盘
2574,13:54:46,31.44,0.0,1,3144,卖盘
2575,13:54:49,31.44,0.0,1,3144,卖盘
2576,13:54:54,31.44,0.0,32,100637,卖盘
2577,13:54:57,31.42,-0.02,104,326825,卖盘
2578,13:55:01,31.44,0.02,35,109992,买盘
2579,13:55:04,31.44,0.0,12,37728,卖盘
2580,13:55:06,31.44,0.0,8,25152,卖盘
2581,13:55:09,31.46,0.02,2,6292,买盘
2582,13:55:12,31.45,-0.01,1,3145,中性盘
2583,13:55:15,31.45,0.0,2,6290,买盘
2584,13:55:25,31.45,0.0,4,12580,买盘
2585,13:55:27,31.45,0.0,17,53465,买盘
2586,13:55:31,31.44,-0.01,17,53453,卖盘
2587,13:55:33,31.45,0.01,27,84910,买盘
2588,13:55:36,31.45,0.0,14,44036,卖盘
2589,13:55:39,31.46,0.01,13,40898,买盘
2590,13:55:42,31.45,-0.01,21,66048,卖盘
2591,13:55:45,31.46,0.01,2,6293,卖盘
2592,13:55:48,31.47,0.01,1,3147,买盘
2593,13:55:51,31.46,-0.01,26,81797,卖盘
2594,13:55:54,31.45,-0.01,5,15726,卖盘
2595,13:56:04,31.46,0.01,7,22023,卖盘
2596,13:56:06,31.46,0.0,6,18877,卖盘
2597,13:56:09,31.46,0.0,21,66118,卖盘
2598,13:56:12,31.45,-0.01,97,305110,卖盘
2599,13:56:15,31.46,0.01,11,34602,卖盘
2600,13:56:18,31.46,0.0,3,9438,买盘
2601,13:56:21,31.45,-0.01,12,37746,卖盘
2602,13:56:30,31.46,0.01,3,9438,卖盘
2603,13:56:42,31.48,0.02,5,15740,买盘
2604,13:56:51,31.48,0.0,5,15740,卖盘
2605,13:56:54,31.5,0.02,5,15750,买盘
2606,13:57:06,31.5,0.0,6,18900,卖盘
2607,13:57:09,31.51,0.01,22,69290,买盘
2608,13:57:15,31.48,-0.03,5,15742,卖盘
2609,13:57:18,31.5,0.02,13,40931,买盘
2610,13:57:21,31.5,0.0,8,25190,买盘
2611,13:57:24,31.5,0.0,14,44100,买盘
2612,13:57:27,31.51,0.01,10,31507,买盘
2613,13:57:30,31.51,0.0,4,12604,买盘
2614,13:57:33,31.52,0.01,30,94546,买盘
2615,13:57:36,31.56,0.04,41,129212,买盘
2616,13:57:42,31.53,-0.03,5,15768,中性盘
2617,13:57:48,31.54,0.01,1,3154,卖盘
2618,13:58:00,31.55,0.01,10,31550,买盘
2619,13:58:03,31.53,-0.02,6,18918,卖盘
2620,13:58:28,31.54,0.01,1,3154,卖盘
2621,13:58:30,31.54,0.0,5,15770,卖盘
2622,13:58:33,31.53,-0.01,11,34683,卖盘
2623,13:58:36,31.48,-0.05,16,50391,卖盘
2624,13:58:48,31.48,0.0,16,50368,买盘
2625,13:58:51,31.46,-0.02,80,251694,卖盘
2626,13:58:54,31.45,-0.01,10,31451,卖盘
2627,13:59:04,31.46,0.01,20,62956,卖盘
2628,13:59:06,31.46,0.0,5,15730,买盘
2629,13:59:09,31.48,0.02,5,15740,买盘
2630,13:59:12,31.48,0.0,1,3148,卖盘
2631,13:59:30,31.49,0.01,1,3149,卖盘
2632,13:59:51,31.5,0.01,3,9450,卖盘
2633,14:00:04,31.5,0.0,4,12601,卖盘
2634,14:00:21,31.5,0.0,3,9450,买盘
2635,14:00:30,31.5,0.0,5,15750,买盘
2636,14:00:33,31.53,0.03,2,6303,买盘
2637,14:00:36,31.5,-0.03,1,3150,卖盘
2638,14:00:40,31.5,0.0,4,12600,卖盘
2639,14:00:48,31.49,-0.01,2,6298,卖盘
2640,14:00:57,31.51,0.02,1,3151,买盘
2641,14:01:06,31.51,0.0,14,44108,买盘
2642,14:01:09,31.49,-0.02,11,34643,卖盘
2643,14:01:15,31.5,0.01,17,53537,买盘
2644,14:01:18,31.48,-0.02,4,12592,卖盘
2645,14:01:24,31.48,0.0,2,6296,买盘
2646,14:01:27,31.48,0.0,4,12592,卖盘
2647,14:01:30,31.5,0.02,3,9450,买盘
2648,14:01:33,31.5,0.0,5,15750,买盘
2649,14:01:36,31.5,0.0,101,317818,买盘
2650,14:01:39,31.5,0.0,41,129175,卖盘
2651,14:01:42,31.52,0.02,1,3152,买盘
2652,14:01:45,31.52,0.0,3,9456,买盘
2653,14:01:48,31.52,0.0,4,12608,买盘
2654,14:01:54,31.51,-0.01,6,18906,卖盘
2655,14:02:00,31.5,-0.01,11,34652,卖盘
2656,14:02:04,31.5,0.0,14,44101,卖盘
2657,14:02:06,31.48,-0.02,15,47258,卖盘
2658,14:02:09,31.5,0.02,15,47231,买盘
2659,14:02:18,31.49,-0.01,1,3149,卖盘
2660,14:02:24,31.52,0.03,1,3152,买盘
2661,14:02:30,31.5,-0.02,2,6300,卖盘
2662,14:02:33,31.5,0.0,9,28350,卖盘
2663,14:02:48,31.51,0.01,4,12602,买盘
2664,14:02:54,31.51,0.0,12,37812,买盘
2665,14:02:57,31.51,0.0,22,69317,买盘
2666,14:03:00,31.5,-0.01,9,28353,卖盘
2667,14:03:04,31.5,0.0,5,15753,卖盘
2668,14:03:06,31.5,0.0,11,34650,卖盘
2669,14:03:09,31.49,-0.01,5,15747,卖盘
2670,14:03:15,31.48,-0.01,18,56664,卖盘
2671,14:03:18,31.48,0.0,6,18883,买盘
2672,14:03:30,31.47,-0.01,16,50352,卖盘
2673,14:03:33,31.45,-0.02,102,320906,卖盘
2674,14:03:36,31.45,0.0,193,606985,卖盘
2675,14:03:39,31.45,0.0,57,179270,卖盘
2676,14:03:42,31.45,0.0,113,355385,卖盘
2677,14:03:45,31.46,0.01,19,59774,卖盘
2678,14:03:48,31.45,-0.01,8,25160,卖盘
2679,14:03:51,31.45,0.0,22,69190,卖盘
2680,14:03:54,31.46,0.01,25,78635,买盘
2681,14:03:57,31.46,0.0,15,47176,买盘
2682,14:04:00,31.48,0.02,16,50366,买盘
2683,14:04:04,31.46,-0.02,5,15730,卖盘
2684,14:04:07,31.45,-0.01,7,22015,卖盘
2685,14:04:15,31.46,0.01,3,9438,卖盘
2686,14:04:18,31.45,-0.01,80,251600,卖盘
2687,14:04:21,31.45,0.0,17,53455,中性盘
2688,14:04:24,31.41,-0.04,90,282823,卖盘
2689,14:04:27,31.41,0.0,27,84817,卖盘
2690,14:04:30,31.41,0.0,9,28269,卖盘
2691,14:04:39,31.41,0.0,1,3141,卖盘
2692,14:05:00,31.43,0.02,1,3143,中性盘
2693,14:05:04,31.47,0.04,17,53471,买盘
2694,14:05:06,31.43,-0.04,6,18858,卖盘
2695,14:05:18,31.45,0.02,1,3145,中性盘
2696,14:05:21,31.46,0.01,3,9436,买盘
2697,14:05:24,31.44,-0.02,6,18864,卖盘
2698,14:05:27,31.43,-0.01,5,15715,卖盘
2699,14:05:33,31.44,0.01,1,3144,买盘
2700,14:05:36,31.46,0.02,2,6292,买盘
2701,14:05:39,31.45,-0.01,1,3145,卖盘
2702,14:06:06,31.46,0.01,22,69206,买盘
2703,14:06:09,31.46,0.0,18,56621,买盘
2704,14:06:12,31.45,-0.01,2,6291,卖盘
2705,14:06:15,31.45,0.0,3,9435,卖盘
2706,14:06:18,31.45,0.0,2,6290,卖盘
2707,14:06:27,31.45,0.0,5,15731,卖盘
2708,14:06:30,31.45,0.0,39,122654,卖盘
2709,14:06:33,31.44,-0.01,8,25160,卖盘
2710,14:06:36,31.44,0.0,1,3144,卖盘
2711,14:06:42,31.45,0.01,1,3145,买盘
2712,14:06:45,31.45,0.0,1,3145,卖盘
2713,14:07:00,31.46,0.01,19,59774,买盘
2714,14:07:04,31.47,0.01,35,110126,买盘
2715,14:07:06,31.44,-0.03,92,289329,卖盘
2716,14:07:09,31.44,0.0,27,84888,卖盘
2717,14:07:12,31.44,0.0,25,78600,卖盘
2718,14:07:16,31.43,-0.01,18,56584,卖盘
2719,14:07:21,31.45,0.02,4,12576,买盘
2720,14:07:24,31.42,-0.03,1,3142,卖盘
2721,14:07:27,31.43,0.01,7,21996,买盘
2722,14:07:31,31.4,-0.03,182,571599,卖盘
2723,14:07:33,31.41,0.01,127,398810,中性盘
2724,14:07:37,31.4,-0.01,51,160140,卖盘
2725,14:07:39,31.45,0.05,19,59684,中性盘
2726,14:07:42,31.45,0.0,14,44014,买盘
2727,14:07:45,31.45,0.0,7,22015,卖盘
2728,14:07:48,31.45,0.0,1,3145,卖盘
2729,14:07:52,31.45,0.0,10,31450,卖盘
2730,14:07:55,31.45,0.0,2,6290,卖盘
2731,14:07:58,31.45,0.0,5,15725,卖盘
2732,14:08:00,31.45,0.0,5,15725,卖盘
2733,14:08:04,31.43,-0.02,1,3143,卖盘
2734,14:08:06,31.45,0.02,25,78609,买盘
2735,14:08:09,31.43,-0.02,8,25152,卖盘
2736,14:08:12,31.43,0.0,1,3143,卖盘
2737,14:08:15,31.41,-0.02,4,12564,卖盘
2738,14:08:18,31.42,0.01,4,12568,买盘
2739,14:08:21,31.43,0.01,2,6286,卖盘
2740,14:08:27,31.43,0.0,10,31430,卖盘
2741,14:08:30,31.43,0.0,2,6286,卖盘
2742,14:08:33,31.45,0.02,10,31450,买盘
2743,14:08:54,31.45,0.0,25,78585,买盘
2744,14:08:57,31.4,-0.05,90,282661,卖盘
2745,14:09:00,31.42,0.02,49,153918,买盘
2746,14:09:04,31.42,0.0,26,81712,卖盘
2747,14:09:06,31.4,-0.02,30,94232,卖盘
2748,14:09:09,31.39,-0.01,11,34532,卖盘
2749,14:09:12,31.39,0.0,13,40816,卖盘
2750,14:09:15,31.4,0.01,27,84757,买盘
2751,14:09:18,31.38,-0.02,9,28242,卖盘
2752,14:09:21,31.4,0.02,3,9420,买盘
2753,14:09:27,31.39,-0.01,6,18838,卖盘
2754,14:09:30,31.39,0.0,3,9415,买盘
2755,14:09:33,31.39,0.0,53,166306,买盘
2756,14:09:36,31.37,-0.02,6,18822,卖盘
2757,14:09:39,31.35,-0.02,97,304232,卖盘
2758,14:09:42,31.35,0.0,14,43890,卖盘
2759,14:09:45,31.35,0.0,11,34486,卖盘
2760,14:09:48,31.35,0.0,20,62702,卖盘
2761,14:09:54,31.35,0.0,42,131670,卖盘
2762,14:09:57,31.35,0.0,21,65817,买盘
2763,14:10:00,31.34,-0.01,3,9402,卖盘
2764,14:10:06,31.38,0.04,33,103494,买盘
2765,14:10:12,31.34,-0.04,48,150432,卖盘
2766,14:10:15,31.34,0.0,37,115936,买盘
2767,14:10:18,31.36,0.02,93,291342,中性盘
2768,14:10:21,31.33,-0.03,11,34471,卖盘
2769,14:10:24,31.31,-0.02,23,72026,卖盘
2770,14:10:27,31.31,0.0,40,125240,卖盘
2771,14:10:30,31.32,0.01,25,78302,卖盘
2772,14:10:33,31.31,-0.01,32,100211,卖盘
2773,14:10:36,31.33,0.02,27,84580,买盘
2774,14:10:39,31.33,0.0,10,31331,卖盘
2775,14:10:42,31.32,-0.01,6,18792,卖盘
2776,14:10:48,31.32,0.0,6,18792,卖盘
2777,14:10:51,31.32,0.0,6,18794,卖盘
2778,14:10:54,31.32,0.0,9,28188,卖盘
