,time,price,change,volume,amount,type
0,09:25:05,17.1,-0.16,61,104310,卖盘
1,09:30:07,17.1,0.0,45,76920,买盘
2,09:30:13,17.1,0.0,1,1710,买盘
3,09:30:16,17.1,0.0,1,1710,买盘
4,09:30:19,17.1,0.0,3,5130,买盘
5,09:30:22,17.09,-0.01,6,10259,卖盘
6,09:30:25,17.1,0.01,16,27360,买盘
7,09:30:31,17.15,0.05,18,30860,买盘
8,09:30:34,17.15,0.0,12,20580,买盘
9,09:30:37,17.16,0.01,5,8580,买盘
10,09:30:55,17.26,0.1,4,6904,买盘
11,09:30:58,17.2,-0.06,22,37860,卖盘
12,09:31:04,17.18,-0.02,6,10312,卖盘
13,09:31:07,17.18,0.0,2,3436,卖盘
14,09:31:10,17.19,0.01,1,1719,买盘
15,09:31:16,17.17,-0.02,8,13736,买盘
16,09:31:19,17.15,-0.02,3,5147,卖盘
17,09:31:25,17.16,0.01,5,8580,买盘
18,09:31:28,17.17,0.01,25,42908,买盘
19,09:31:37,17.2,0.03,17,29240,买盘
20,09:31:40,17.2,0.0,3,5160,买盘
21,09:31:43,17.2,0.0,2,3440,买盘
22,09:31:52,17.24,0.04,1,1724,买盘
23,09:31:55,17.25,0.01,2,3449,买盘
24,09:32:01,17.21,-0.04,20,34444,卖盘
25,09:32:10,17.24,0.03,1,1724,中性盘
26,09:32:13,17.24,0.0,1,1724,买盘
27,09:32:19,17.21,-0.03,4,6884,卖盘
28,09:32:22,17.2,-0.01,13,22361,卖盘
29,09:32:25,17.2,0.0,24,41283,卖盘
30,09:32:28,17.2,0.0,10,17201,卖盘
31,09:32:31,17.2,0.0,18,30960,卖盘
32,09:32:34,17.23,0.03,10,17212,买盘
33,09:32:37,17.17,-0.06,70,120516,卖盘
34,09:32:40,17.22,0.05,35,60168,买盘
35,09:32:55,17.2,-0.02,18,30909,买盘
36,09:33:04,17.18,-0.02,1,1718,卖盘
37,09:33:07,17.18,0.0,8,13744,卖盘
38,09:33:10,17.18,0.0,12,20618,卖盘
39,09:33:13,17.19,0.01,6,10314,买盘
40,09:33:16,17.19,0.0,12,20627,买盘
41,09:33:19,17.18,-0.01,6,10311,卖盘
42,09:33:34,17.18,0.0,16,27497,卖盘
43,09:33:37,17.2,0.02,5,8592,买盘
44,09:33:40,17.2,0.0,17,29240,买盘
45,09:33:52,17.2,0.0,11,18920,买盘
46,09:33:55,17.2,0.0,16,27519,买盘
47,09:33:58,17.2,0.0,10,17200,买盘
48,09:34:01,17.2,0.0,6,10320,买盘
49,09:34:07,17.2,0.0,5,8600,买盘
50,09:34:22,17.2,0.0,17,29249,卖盘
51,09:34:28,17.24,0.04,16,27528,买盘
52,09:34:31,17.23,-0.01,13,22399,买盘
53,09:34:37,17.23,0.0,3,5169,买盘
54,09:34:40,17.23,0.0,2,3446,买盘
55,09:34:43,17.23,0.0,12,20676,买盘
56,09:34:46,17.24,0.01,2,3448,买盘
57,09:34:49,17.25,0.01,63,108609,买盘
58,09:34:52,17.22,-0.03,16,27576,卖盘
59,09:34:58,17.21,-0.01,4,6884,买盘
60,09:35:01,17.2,-0.01,14,24088,卖盘
61,09:35:10,17.26,0.06,6,10356,买盘
62,09:35:16,17.26,0.0,5,8630,买盘
63,09:35:25,17.25,-0.01,7,12075,卖盘
64,09:35:28,17.26,0.01,12,20712,买盘
65,09:35:31,17.25,-0.01,1,1725,卖盘
66,09:35:37,17.26,0.01,25,43128,买盘
67,09:35:43,17.26,0.0,2,3452,买盘
68,09:35:52,17.25,-0.01,21,36225,买盘
69,09:35:55,17.23,-0.02,3,5169,卖盘
70,09:35:58,17.26,0.03,29,50026,买盘
71,09:36:07,17.31,0.05,78,134814,买盘
72,09:36:10,17.32,0.01,13,22514,买盘
73,09:36:13,17.35,0.03,15,26025,买盘
74,09:36:16,17.34,-0.01,13,22542,中性盘
75,09:36:19,17.34,0.0,18,31203,买盘
76,09:36:22,17.35,0.01,9,15607,买盘
77,09:36:28,17.34,-0.01,63,109264,卖盘
78,09:36:31,17.34,0.0,2,3468,卖盘
79,09:36:34,17.34,0.0,8,13872,卖盘
80,09:36:37,17.34,0.0,57,98812,卖盘
81,09:36:40,17.28,-0.06,274,473575,卖盘
82,09:36:43,17.28,0.0,5,8640,卖盘
83,09:36:46,17.28,0.0,386,668679,卖盘
84,09:36:49,17.28,0.0,41,70849,卖盘
85,09:36:52,17.31,0.03,8,13848,买盘
86,09:36:55,17.32,0.01,14,24246,买盘
87,09:36:58,17.32,0.0,8,13860,卖盘
88,09:37:01,17.28,-0.04,12,20736,卖盘
89,09:37:04,17.3,0.02,1,1730,买盘
90,09:37:07,17.3,0.0,24,41562,卖盘
91,09:37:10,17.3,0.0,5,8650,卖盘
92,09:37:13,17.3,0.0,14,24220,卖盘
93,09:37:16,17.32,0.02,86,148846,买盘
94,09:37:19,17.31,-0.01,9,15575,买盘
95,09:37:22,17.28,-0.03,18,31119,卖盘
96,09:37:34,17.3,0.02,2,3460,买盘
97,09:37:43,17.3,0.0,23,39790,买盘
98,09:37:46,17.28,-0.02,61,105516,卖盘
99,09:37:49,17.28,0.0,62,107136,卖盘
100,09:37:52,17.29,0.01,6,10374,中性盘
101,09:37:55,17.29,0.0,10,17290,卖盘
102,09:38:01,17.29,0.0,1,1729,卖盘
103,09:38:04,17.3,0.01,5,8650,买盘
104,09:38:07,17.29,-0.01,5,8645,卖盘
105,09:38:10,17.3,0.01,8,13838,买盘
106,09:38:16,17.3,0.0,6,10380,买盘
107,09:38:22,17.3,0.0,2,3460,买盘
108,09:38:25,17.3,0.0,1,1730,买盘
109,09:38:28,17.29,-0.01,21,36309,卖盘
110,09:38:31,17.3,0.01,21,36310,买盘
111,09:38:34,17.29,-0.01,4,6919,中性盘
112,09:38:37,17.31,0.02,17,29412,买盘
113,09:38:40,17.31,0.0,6,10386,买盘
114,09:38:46,17.31,0.0,42,72702,买盘
115,09:38:52,17.3,-0.01,104,180001,卖盘
116,09:39:01,17.34,0.04,3,5202,买盘
117,09:39:07,17.34,0.0,2,3468,买盘
118,09:39:10,17.34,0.0,12,20802,买盘
119,09:39:13,17.34,0.0,14,24276,买盘
120,09:39:16,17.35,0.01,5,8675,买盘
121,09:39:22,17.36,0.01,21,36438,买盘
122,09:39:25,17.36,0.0,6,10416,卖盘
123,09:39:28,17.38,0.02,8,13902,买盘
124,09:39:31,17.37,-0.01,16,27803,卖盘
125,09:39:37,17.39,0.02,25,43475,卖盘
126,09:39:40,17.4,0.01,6,10440,买盘
127,09:39:43,17.39,-0.01,25,43496,中性盘
128,09:39:46,17.43,0.04,4,6969,买盘
129,09:39:49,17.41,-0.02,3,5223,中性盘
130,09:39:52,17.4,-0.01,37,64403,卖盘
131,09:39:55,17.4,0.0,18,31320,卖盘
132,09:40:01,17.38,-0.02,27,46978,卖盘
133,09:40:07,17.4,0.02,10,17400,买盘
134,09:40:10,17.4,0.0,7,12179,买盘
135,09:40:13,17.4,0.0,22,38280,买盘
136,09:40:16,17.39,-0.01,2,3478,买盘
137,09:40:19,17.39,0.0,20,34770,买盘
138,09:40:25,17.38,-0.01,11,19118,卖盘
139,09:40:28,17.38,0.0,9,15642,卖盘
140,09:40:31,17.38,0.0,9,15642,买盘
141,09:40:34,17.37,-0.01,5,8686,卖盘
142,09:40:37,17.38,0.01,1,1738,买盘
143,09:40:40,17.4,0.02,17,29570,买盘
144,09:40:43,17.38,-0.02,8,13909,卖盘
145,09:40:49,17.4,0.02,74,128697,买盘
146,09:40:52,17.4,0.0,1,1740,卖盘
147,09:40:55,17.4,0.0,30,52212,卖盘
148,09:41:01,17.41,0.01,5,8705,中性盘
149,09:41:04,17.4,-0.01,14,24360,卖盘
150,09:41:07,17.4,0.0,6,10440,买盘
151,09:41:16,17.4,0.0,3,5220,买盘
152,09:41:22,17.4,0.0,24,41760,买盘
153,09:41:25,17.4,0.0,9,15660,买盘
154,09:41:28,17.39,-0.01,8,13912,卖盘
155,09:41:31,17.4,0.01,15,26098,买盘
156,09:41:34,17.4,0.0,2,3480,买盘
157,09:41:37,17.39,-0.01,1,1739,买盘
158,09:41:40,17.41,0.02,6,10438,买盘
159,09:41:43,17.4,-0.01,10,17401,卖盘
160,09:41:46,17.39,-0.01,3,5217,卖盘
161,09:41:52,17.4,0.01,4,6960,买盘
162,09:42:01,17.4,0.0,30,52197,买盘
163,09:42:04,17.39,-0.01,11,19139,中性盘
164,09:42:07,17.4,0.01,1,1740,买盘
165,09:42:10,17.39,-0.01,16,27830,卖盘
166,09:42:13,17.4,0.01,1,1740,卖盘
167,09:42:16,17.4,0.0,10,17400,卖盘
168,09:42:22,17.39,-0.01,21,36525,卖盘
169,09:42:25,17.39,0.0,23,39997,买盘
170,09:42:28,17.41,0.02,43,74831,买盘
171,09:42:34,17.41,0.0,45,78272,买盘
172,09:42:40,17.39,-0.02,24,41716,卖盘
173,09:42:43,17.39,0.0,2,3478,买盘
174,09:42:46,17.41,0.02,22,38278,买盘
175,09:42:49,17.38,-0.03,23,39974,卖盘
176,09:42:55,17.41,0.03,69,120122,买盘
177,09:42:58,17.4,-0.01,2,3480,中性盘
178,09:43:04,17.39,-0.01,3,5217,卖盘
179,09:43:07,17.39,0.0,5,8691,买盘
180,09:43:13,17.39,0.0,12,20868,买盘
181,09:43:16,17.39,0.0,3,5217,买盘
182,09:43:25,17.39,0.0,13,22607,买盘
183,09:43:28,17.39,0.0,2,3478,买盘
184,09:43:34,17.38,-0.01,10,17381,卖盘
185,09:43:37,17.4,0.02,3,5220,买盘
186,09:43:40,17.39,-0.01,4,6958,中性盘
187,09:43:43,17.38,-0.01,2,3477,卖盘
188,09:43:52,17.4,0.02,2,3480,买盘
189,09:43:58,17.39,-0.01,1,1739,卖盘
190,09:44:04,17.41,0.02,70,121846,买盘
191,09:44:10,17.41,0.0,4,6964,卖盘
192,09:44:22,17.43,0.02,72,125479,买盘
193,09:44:28,17.43,0.0,5,8715,卖盘
194,09:44:31,17.44,0.01,3,5232,买盘
195,09:44:34,17.43,-0.01,10,17430,卖盘
196,09:44:37,17.44,0.01,1,1744,买盘
197,09:44:40,17.44,0.0,29,50566,买盘
198,09:44:43,17.44,0.0,3,5232,买盘
199,09:44:46,17.44,0.0,26,45324,买盘
200,09:44:52,17.45,0.01,2,3490,买盘
201,09:44:55,17.44,-0.01,31,54094,卖盘
202,09:44:58,17.44,0.0,50,87200,卖盘
203,09:45:01,17.45,0.01,7,12215,买盘
204,09:45:04,17.45,0.0,15,26175,买盘
205,09:45:07,17.45,0.0,39,68055,买盘
206,09:45:10,17.44,-0.01,65,113364,卖盘
207,09:45:13,17.44,0.0,1,1744,买盘
208,09:45:16,17.44,0.0,3,5232,买盘
209,09:45:19,17.43,-0.01,5,8715,卖盘
210,09:45:22,17.42,-0.01,51,88896,卖盘
211,09:45:25,17.43,0.01,1,1743,买盘
212,09:45:28,17.38,-0.05,115,200149,卖盘
213,09:45:31,17.37,-0.01,2,3474,买盘
214,09:45:34,17.35,-0.02,43,74605,卖盘
215,09:45:37,17.34,-0.01,6,10404,买盘
216,09:45:40,17.37,0.03,1,1737,中性盘
217,09:45:58,17.38,0.01,9,15642,买盘
218,09:46:01,17.35,-0.03,10,17364,卖盘
219,09:46:04,17.37,0.02,8,13896,买盘
220,09:46:07,17.38,0.01,16,27814,卖盘
221,09:46:10,17.39,0.01,3,5217,买盘
222,09:46:22,17.38,-0.01,1,1738,卖盘
223,09:46:34,17.38,0.0,37,64326,卖盘
224,09:46:40,17.38,0.0,47,81690,卖盘
225,09:46:43,17.4,0.02,1,1740,买盘
226,09:46:49,17.38,-0.02,40,69523,卖盘
227,09:46:58,17.38,0.0,1,1738,买盘
228,09:47:01,17.37,-0.01,3,5211,卖盘
229,09:47:04,17.34,-0.03,70,121446,卖盘
230,09:47:07,17.37,0.03,7,12156,买盘
231,09:47:13,17.34,-0.03,57,98970,卖盘
232,09:47:28,17.34,0.0,7,12138,买盘
233,09:47:31,17.34,0.0,16,27739,买盘
234,09:47:37,17.34,0.0,55,95370,买盘
235,09:47:40,17.33,-0.01,3,5199,卖盘
236,09:47:43,17.34,0.01,14,24276,买盘
237,09:47:46,17.34,0.0,213,368899,买盘
238,09:47:49,17.34,0.0,14,24276,买盘
239,09:48:07,17.34,0.0,4,6936,买盘
240,09:48:10,17.34,0.0,9,15606,买盘
241,09:48:13,17.34,0.0,6,10404,买盘
242,09:48:16,17.34,0.0,1,1734,买盘
243,09:48:19,17.34,0.0,25,43350,买盘
244,09:48:37,17.38,0.04,7,12166,买盘
245,09:48:40,17.38,0.0,4,6952,买盘
246,09:48:49,17.38,0.0,7,12166,买盘
247,09:48:58,17.38,0.0,8,13904,卖盘
248,09:49:07,17.38,0.0,6,10428,买盘
249,09:49:10,17.38,0.0,1,1738,买盘
250,09:49:13,17.38,0.0,50,86900,买盘
251,09:49:19,17.36,-0.02,5,8680,卖盘
252,09:49:22,17.38,0.02,1,1738,买盘
253,09:49:34,17.37,-0.01,6,10422,买盘
254,09:49:37,17.36,-0.01,20,34720,卖盘
255,09:49:40,17.37,0.01,3,5211,买盘
256,09:49:43,17.37,0.0,3,5211,买盘
257,09:49:52,17.38,0.01,150,260682,买盘
258,09:50:07,17.38,0.0,11,19120,卖盘
259,09:50:10,17.4,0.02,1,1740,买盘
260,09:50:13,17.38,-0.02,9,15648,卖盘
261,09:50:19,17.38,0.0,10,17380,卖盘
262,09:50:25,17.38,0.0,3,5214,卖盘
263,09:50:31,17.38,0.0,1,1738,卖盘
264,09:50:37,17.35,-0.03,84,145803,卖盘
265,09:50:43,17.38,0.03,2,3476,买盘
266,09:50:45,17.38,0.0,4,6952,买盘
267,09:51:07,17.38,0.0,15,26070,买盘
268,09:51:10,17.38,0.0,2,3476,买盘
269,09:51:16,17.38,0.0,1,1738,买盘
270,09:51:19,17.36,-0.02,30,52080,卖盘
271,09:51:22,17.36,0.0,7,12152,买盘
272,09:51:37,17.36,0.0,6,10416,买盘
273,09:51:43,17.36,0.0,1,1736,买盘
274,09:51:49,17.36,0.0,14,24304,买盘
275,09:51:52,17.36,0.0,5,8680,卖盘
276,09:52:07,17.36,0.0,2,3472,卖盘
277,09:52:10,17.38,0.02,1,1738,买盘
278,09:52:13,17.38,0.0,2,3476,买盘
279,09:52:16,17.38,0.0,4,6952,买盘
280,09:52:22,17.36,-0.02,7,12152,卖盘
281,09:52:25,17.38,0.02,10,17374,买盘
282,09:52:37,17.39,0.01,39,67803,买盘
283,09:52:40,17.4,0.01,2,3480,买盘
284,09:52:46,17.4,0.0,7,12180,买盘
285,09:52:49,17.41,0.01,101,175760,买盘
286,09:52:58,17.41,0.0,3,5223,买盘
287,09:53:01,17.41,0.0,83,144503,买盘
288,09:53:07,17.41,0.0,34,60082,买盘
289,09:53:16,17.44,0.03,8,13948,买盘
290,09:53:19,17.44,0.0,5,8720,买盘
291,09:53:25,17.43,-0.01,3,5229,卖盘
292,09:53:34,17.44,0.01,11,19184,买盘
293,09:53:37,17.44,0.0,13,22667,买盘
294,09:53:40,17.44,0.0,6,10460,卖盘
295,09:53:55,17.42,-0.02,16,27868,卖盘
296,09:54:01,17.41,-0.01,2,3482,卖盘
297,09:54:07,17.4,-0.01,19,32186,卖盘
298,09:54:10,17.4,0.0,4,6960,买盘
299,09:54:13,17.39,-0.01,14,24346,卖盘
300,09:54:37,17.39,0.0,15,26085,买盘
301,09:54:40,17.39,0.0,1,1739,买盘
302,09:54:52,17.39,0.0,6,10430,买盘
303,09:55:07,17.39,0.0,22,38258,买盘
304,09:55:13,17.4,0.01,2,3480,买盘
305,09:55:19,17.4,0.0,5,8700,买盘
306,09:55:24,17.39,-0.01,3,5217,卖盘
307,09:55:28,17.39,0.0,2,3478,买盘
308,09:55:31,17.39,0.0,3,5217,买盘
309,09:55:37,17.39,0.0,1,1739,买盘
310,09:55:40,17.39,0.0,1,1739,买盘
311,09:55:43,17.4,0.01,49,85245,买盘
312,09:55:55,17.4,0.0,2,3480,买盘
313,09:56:06,17.4,0.0,3,5220,买盘
314,09:56:10,17.39,-0.01,3,5217,中性盘
315,09:56:13,17.4,0.01,8,13913,买盘
316,09:56:28,17.37,-0.03,2,3474,卖盘
317,09:56:37,17.39,0.02,16,27804,买盘
318,09:56:40,17.37,-0.02,6,10424,卖盘
319,09:56:55,17.38,0.01,8,13904,卖盘
320,09:56:58,17.39,0.01,2,3478,买盘
321,09:57:01,17.37,-0.02,28,48651,卖盘
322,09:57:07,17.37,0.0,5,8685,买盘
323,09:57:10,17.37,0.0,1,1737,买盘
324,09:57:13,17.37,0.0,2,3474,买盘
325,09:57:25,17.37,0.0,10,17370,买盘
326,09:57:33,17.37,0.0,3,5211,买盘
327,09:57:37,17.37,0.0,1,1737,买盘
328,09:57:43,17.37,0.0,4,6948,卖盘
329,09:57:58,17.39,0.02,5,8695,买盘
330,09:58:07,17.39,0.0,15,26065,买盘
331,09:58:10,17.39,0.0,1,1739,买盘
332,09:58:22,17.39,0.0,2,3478,买盘
333,09:58:25,17.39,0.0,1,1739,买盘
334,09:58:37,17.39,0.0,15,26087,卖盘
335,09:58:40,17.39,0.0,3,5217,买盘
336,09:59:07,17.4,0.01,7,12180,买盘
337,09:59:13,17.39,-0.01,5,8695,卖盘
338,09:59:28,17.39,0.0,2,3478,买盘
339,09:59:34,17.39,0.0,2,3478,买盘
340,09:59:37,17.4,0.01,16,27834,买盘
341,09:59:40,17.4,0.0,15,26100,买盘
342,09:59:46,17.4,0.0,20,34800,买盘
343,10:00:01,17.4,0.0,7,12180,买盘
344,10:00:07,17.4,0.0,5,8700,买盘
345,10:00:13,17.4,0.0,122,213167,买盘
346,10:00:25,17.41,0.01,13,22633,买盘
347,10:00:31,17.41,0.0,6,10446,买盘
348,10:00:37,17.41,0.0,1,1741,买盘
349,10:00:40,17.41,0.0,9,15674,卖盘
350,10:00:43,17.42,0.01,1,1742,买盘
351,10:01:16,17.42,0.0,4,6968,买盘
352,10:01:18,17.43,0.01,2,3486,买盘
353,10:01:22,17.42,-0.01,5,8710,卖盘
354,10:01:31,17.41,-0.01,11,19151,卖盘
355,10:01:34,17.43,0.02,25,43575,买盘
356,10:01:37,17.41,-0.02,7,12187,卖盘
357,10:01:49,17.4,-0.01,105,182703,卖盘
358,10:01:52,17.4,0.0,13,21739,卖盘
359,10:01:58,17.4,0.0,4,6960,买盘
360,10:02:07,17.4,0.0,1,1740,买盘
361,10:02:31,17.39,-0.01,2,3478,卖盘
362,10:02:43,17.39,0.0,1,1739,卖盘
363,10:02:52,17.38,-0.01,16,27814,卖盘
364,10:03:04,17.39,0.01,9,15651,买盘
365,10:03:07,17.39,0.0,5,8695,卖盘
366,10:03:10,17.39,0.0,5,8695,卖盘
367,10:03:13,17.38,-0.01,25,43450,卖盘
368,10:03:16,17.39,0.01,1,1739,买盘
369,10:03:40,17.38,-0.01,2,3476,卖盘
370,10:03:43,17.38,0.0,23,39977,卖盘
371,10:03:46,17.38,0.0,1,1738,卖盘
372,10:04:01,17.38,0.0,3,5214,卖盘
373,10:04:07,17.38,0.0,1,1738,买盘
374,10:04:22,17.37,-0.01,3,5211,卖盘
375,10:04:31,17.36,-0.01,84,145844,卖盘
376,10:04:34,17.36,0.0,5,8680,买盘
377,10:04:40,17.35,-0.01,31,53785,卖盘
378,10:04:52,17.35,0.0,30,52050,卖盘
379,10:04:58,17.35,0.0,10,17350,卖盘
380,10:05:01,17.35,0.0,3,5205,卖盘
381,10:05:04,17.35,0.0,6,10410,卖盘
382,10:05:10,17.36,0.01,2,3472,买盘
383,10:05:25,17.36,0.0,9,15624,买盘
384,10:05:52,17.36,0.0,5,8680,卖盘
385,10:05:55,17.35,-0.01,101,175249,卖盘
386,10:06:01,17.34,-0.01,7,12138,卖盘
387,10:06:04,17.35,0.01,2,3470,买盘
388,10:06:07,17.34,-0.01,27,46818,卖盘
389,10:06:10,17.34,0.0,12,20808,卖盘
390,10:06:13,17.34,0.0,14,24276,卖盘
391,10:06:22,17.33,-0.01,4,6932,卖盘
392,10:06:25,17.33,0.0,26,45058,卖盘
393,10:06:28,17.33,0.0,9,15597,卖盘
394,10:06:33,17.33,0.0,16,27728,卖盘
395,10:06:43,17.33,0.0,2,3466,买盘
396,10:06:49,17.33,0.0,5,8665,买盘
397,10:06:52,17.32,-0.01,5,8660,卖盘
398,10:06:55,17.32,0.0,26,45032,卖盘
399,10:07:07,17.32,0.0,5,8660,卖盘
400,10:07:13,17.32,0.0,6,10392,卖盘
401,10:07:19,17.32,0.0,1,1732,卖盘
402,10:07:22,17.32,0.0,10,17320,卖盘
403,10:07:25,17.31,-0.01,11,19043,卖盘
404,10:07:31,17.32,0.01,10,17320,买盘
405,10:07:37,17.31,-0.01,3,5193,卖盘
406,10:07:40,17.32,0.01,16,27712,买盘
407,10:07:46,17.31,-0.01,87,150616,卖盘
408,10:07:55,17.3,-0.01,31,53630,卖盘
409,10:08:04,17.3,0.0,2,3460,买盘
410,10:08:07,17.3,0.0,2,3460,买盘
411,10:08:10,17.3,0.0,1,1730,买盘
412,10:08:25,17.28,-0.02,24,41472,卖盘
413,10:08:40,17.3,0.02,14,24220,买盘
414,10:08:49,17.3,0.0,3,5190,卖盘
415,10:08:55,17.31,0.01,2,3462,买盘
416,10:08:58,17.3,-0.01,11,19030,买盘
417,10:09:01,17.3,0.0,5,8650,买盘
418,10:09:04,17.29,-0.01,10,17290,卖盘
419,10:09:07,17.29,0.0,4,6916,卖盘
420,10:09:25,17.29,0.0,25,43225,卖盘
421,10:09:28,17.3,0.01,23,39790,买盘
422,10:09:31,17.3,0.0,93,160890,买盘
423,10:09:37,17.33,0.03,4,6930,买盘
424,10:09:40,17.33,0.0,1,1733,买盘
425,10:09:46,17.32,-0.01,4,6928,卖盘
426,10:09:49,17.33,0.01,13,22528,买盘
427,10:09:52,17.3,-0.03,25,43299,卖盘
428,10:09:55,17.3,0.0,26,45004,卖盘
429,10:10:01,17.34,0.04,4,6936,买盘
430,10:10:04,17.34,0.0,6,10404,买盘
431,10:10:07,17.34,0.0,20,34680,卖盘
432,10:10:10,17.33,-0.01,19,32940,卖盘
433,10:10:13,17.33,0.0,52,90116,买盘
434,10:10:19,17.33,0.0,4,6932,买盘
435,10:10:22,17.33,0.0,5,8665,买盘
436,10:10:24,17.31,-0.02,35,60601,卖盘
437,10:10:28,17.33,0.02,29,50257,买盘
438,10:10:31,17.33,0.0,5,8665,买盘
439,10:10:34,17.31,-0.02,20,34620,卖盘
440,10:10:37,17.33,0.02,13,22509,买盘
441,10:10:43,17.33,0.0,10,17330,买盘
442,10:10:49,17.33,0.0,23,39859,买盘
443,10:10:55,17.31,-0.02,17,29427,卖盘
444,10:11:01,17.31,0.0,5,8655,买盘
445,10:11:04,17.31,0.0,1,1731,买盘
446,10:11:25,17.31,0.0,14,24234,卖盘
447,10:11:36,17.31,0.0,2,3462,买盘
448,10:11:49,17.31,0.0,7,12117,买盘
449,10:11:55,17.3,-0.01,28,48440,卖盘
450,10:12:04,17.31,0.01,36,62316,买盘
451,10:12:25,17.31,0.0,29,50205,卖盘
452,10:12:52,17.31,0.0,30,51931,卖盘
453,10:12:54,17.31,0.0,25,43281,卖盘
454,10:13:04,17.3,-0.01,50,86508,卖盘
455,10:13:16,17.32,0.02,10,17320,卖盘
456,10:13:25,17.31,-0.01,2,3462,卖盘
457,10:13:28,17.31,0.0,3,5193,买盘
458,10:13:40,17.31,0.0,2,3462,买盘
459,10:13:45,17.31,0.0,15,25965,买盘
460,10:13:52,17.3,-0.01,39,67479,卖盘
461,10:13:58,17.3,0.0,3,5190,买盘
462,10:14:16,17.29,-0.01,2,3458,卖盘
463,10:14:19,17.3,0.01,2,3460,买盘
464,10:14:25,17.29,-0.01,28,48412,卖盘
465,10:14:28,17.3,0.01,10,17299,买盘
466,10:14:37,17.28,-0.02,4,6918,卖盘
467,10:14:55,17.28,0.0,18,31106,卖盘
468,10:14:58,17.3,0.02,12,20739,买盘
469,10:15:16,17.3,0.0,3,5190,买盘
470,10:15:25,17.28,-0.02,22,38016,卖盘
471,10:15:46,17.3,0.02,9,15570,买盘
472,10:15:49,17.3,0.0,7,12110,买盘
473,10:15:55,17.29,-0.01,29,50151,卖盘
474,10:16:04,17.34,0.05,1,1734,买盘
475,10:16:10,17.34,0.0,4,6936,卖盘
476,10:16:25,17.3,-0.04,10,17300,卖盘
477,10:16:31,17.3,0.0,15,25950,买盘
478,10:16:55,17.3,0.0,9,15570,卖盘
479,10:17:09,17.3,0.0,6,10380,买盘
480,10:17:25,17.3,0.0,3,5190,中性盘
481,10:17:52,17.34,0.04,2,3468,买盘
482,10:18:07,17.34,0.0,2,3468,买盘
483,10:18:16,17.34,0.0,5,8666,买盘
484,10:18:37,17.3,-0.04,22,38060,卖盘
485,10:18:43,17.3,0.0,20,34600,卖盘
486,10:18:58,17.33,0.03,1,1733,买盘
487,10:19:07,17.33,0.0,3,5199,买盘
488,10:19:16,17.33,0.0,3,5199,卖盘
489,10:19:24,17.33,0.0,5,8665,卖盘
490,10:19:36,17.33,0.0,4,6932,买盘
491,10:20:13,17.3,-0.03,5,8651,卖盘
492,10:21:31,17.33,0.03,25,43309,买盘
493,10:21:43,17.3,-0.03,3,5190,卖盘
494,10:21:46,17.29,-0.01,6,10374,卖盘
495,10:22:01,17.3,0.01,2,3460,买盘
496,10:22:04,17.29,-0.01,1,1729,卖盘
497,10:22:07,17.29,0.0,30,51870,卖盘
498,10:22:09,17.3,0.01,3,5190,买盘
499,10:22:13,17.3,0.0,9,15570,买盘
500,10:22:19,17.3,0.0,8,13840,卖盘
501,10:22:22,17.29,-0.01,10,17294,卖盘
502,10:22:31,17.29,0.0,20,34584,卖盘
503,10:22:46,17.29,0.0,11,19019,卖盘
504,10:22:52,17.28,-0.01,40,69196,卖盘
505,10:22:55,17.29,0.01,1,1729,中性盘
506,10:22:58,17.29,0.0,3,5187,买盘
507,10:23:07,17.29,0.0,5,8645,买盘
508,10:23:10,17.29,0.0,3,5187,买盘
509,10:23:19,17.3,0.01,10,17300,卖盘
510,10:23:34,17.3,0.0,10,17300,卖盘
511,10:24:04,17.28,-0.02,30,51840,卖盘
512,10:24:13,17.3,0.02,2,3460,买盘
513,10:24:22,17.28,-0.02,48,82944,卖盘
514,10:24:28,17.27,-0.01,16,27632,卖盘
515,10:24:49,17.26,-0.01,5,8630,卖盘
516,10:24:55,17.28,0.02,3,5183,买盘
517,10:25:07,17.26,-0.02,10,17260,卖盘
518,10:25:10,17.27,0.01,1,1727,买盘
519,10:25:19,17.27,0.0,10,17270,买盘
520,10:25:22,17.28,0.01,2,3456,买盘
521,10:26:01,17.28,0.0,58,100224,买盘
522,10:26:09,17.27,-0.01,18,31086,卖盘
523,10:26:19,17.28,0.01,1,1728,买盘
524,10:26:31,17.27,-0.01,5,8635,卖盘
525,10:26:37,17.27,0.0,25,43175,卖盘
526,10:26:40,17.27,0.0,4,6908,买盘
527,10:27:25,17.27,0.0,23,39721,买盘
528,10:27:28,17.3,0.03,2,3458,买盘
529,10:27:43,17.31,0.01,3,5193,买盘
530,10:28:12,17.31,0.0,37,64047,买盘
531,10:28:51,17.33,0.02,10,17330,卖盘
532,10:28:58,17.33,0.0,1,1733,卖盘
533,10:29:07,17.34,0.01,60,104040,买盘
534,10:29:19,17.33,-0.01,13,22529,卖盘
535,10:29:22,17.33,0.0,20,34660,买盘
536,10:29:31,17.34,0.01,60,104003,买盘
537,10:29:49,17.34,0.0,4,6936,买盘
538,10:29:58,17.34,0.0,5,8670,买盘
539,10:30:04,17.33,-0.01,2,3466,卖盘
540,10:30:19,17.34,0.01,2,3468,买盘
541,10:30:22,17.33,-0.01,1,1733,卖盘
542,10:30:40,17.34,0.01,25,43350,买盘
543,10:30:46,17.35,0.01,1,1735,买盘
544,10:30:52,17.35,0.0,5,8675,卖盘
545,10:30:55,17.33,-0.02,43,74553,卖盘
546,10:30:58,17.33,0.0,7,12131,买盘
547,10:31:01,17.3,-0.03,18,31153,卖盘
548,10:31:07,17.3,0.0,1,1730,卖盘
549,10:31:09,17.3,0.0,2,3460,卖盘
550,10:31:31,17.3,0.0,20,34600,卖盘
551,10:31:52,17.31,0.01,2,3461,买盘
552,10:32:22,17.3,-0.01,10,17300,卖盘
553,10:32:27,17.29,-0.01,3,5188,卖盘
554,10:32:52,17.32,0.03,2,3464,买盘
555,10:32:58,17.31,-0.01,5,8655,买盘
556,10:33:10,17.32,0.01,1,1732,买盘
557,10:33:19,17.32,0.0,6,10392,买盘
558,10:33:30,17.32,0.0,10,17320,买盘
559,10:33:37,17.32,0.0,2,3464,买盘
560,10:33:40,17.32,0.0,2,3464,中性盘
561,10:33:43,17.32,0.0,3,5196,买盘
562,10:34:04,17.33,0.01,80,138640,买盘
563,10:34:13,17.33,0.0,7,12131,买盘
564,10:34:16,17.33,0.0,20,34660,买盘
565,10:34:22,17.33,0.0,5,8665,买盘
566,10:34:28,17.33,0.0,25,43325,买盘
567,10:34:31,17.33,0.0,82,142106,买盘
568,10:34:45,17.33,0.0,23,39859,买盘
569,10:35:00,17.32,-0.01,4,6928,卖盘
570,10:35:04,17.32,0.0,6,10392,卖盘
571,10:35:10,17.33,0.01,131,227023,买盘
572,10:35:13,17.32,-0.01,1,1732,卖盘
573,10:35:40,17.33,0.01,1,1733,买盘
574,10:35:43,17.31,-0.02,21,36359,卖盘
575,10:35:49,17.31,0.0,2,3462,买盘
576,10:36:10,17.3,-0.01,10,17302,卖盘
577,10:36:40,17.3,0.0,2,3460,买盘
578,10:36:43,17.29,-0.01,8,13832,卖盘
579,10:36:49,17.29,0.0,8,13832,卖盘
580,10:36:55,17.29,0.0,1,1729,买盘
581,10:37:00,17.29,0.0,13,22477,买盘
582,10:37:10,17.28,-0.01,20,34562,卖盘
583,10:37:13,17.3,0.02,2,3460,买盘
584,10:37:25,17.3,0.0,5,8650,买盘
585,10:37:31,17.3,0.0,9,15570,买盘
586,10:38:04,17.31,0.01,28,48450,买盘
587,10:38:28,17.3,-0.01,3,5190,卖盘
588,10:38:34,17.3,0.0,1,1730,卖盘
589,10:38:37,17.3,0.0,1,1730,卖盘
590,10:38:40,17.3,0.0,4,6920,卖盘
591,10:38:43,17.3,0.0,8,13840,卖盘
592,10:38:46,17.3,0.0,10,17300,买盘
593,10:39:04,17.29,-0.01,3,5187,卖盘
594,10:39:07,17.3,0.01,2,3460,买盘
595,10:39:09,17.29,-0.01,1,1729,卖盘
596,10:39:31,17.3,0.01,8,13840,买盘
597,10:39:52,17.29,-0.01,37,63973,卖盘
598,10:40:07,17.28,-0.01,30,51840,卖盘
599,10:40:19,17.27,-0.01,9,15543,卖盘
600,10:40:24,17.27,0.0,32,55264,卖盘
601,10:40:30,17.27,0.0,32,55264,卖盘
602,10:40:36,17.27,0.0,14,24178,卖盘
603,10:40:43,17.27,0.0,3,5181,卖盘
604,10:40:46,17.27,0.0,2,3454,卖盘
605,10:40:49,17.27,0.0,5,8635,买盘
606,10:41:04,17.26,-0.01,9,15534,卖盘
607,10:41:16,17.27,0.01,2,3454,买盘
608,10:41:25,17.27,0.0,2,3454,买盘
609,10:41:31,17.28,0.01,2,3456,买盘
610,10:41:46,17.28,0.0,39,67392,买盘
611,10:41:49,17.28,0.0,13,22464,买盘
612,10:41:51,17.28,0.0,11,19008,买盘
613,10:41:55,17.29,0.01,40,69160,买盘
614,10:41:58,17.29,0.0,19,32851,买盘
615,10:42:00,17.29,0.0,48,82992,买盘
616,10:42:04,17.3,0.01,26,44980,买盘
617,10:42:13,17.32,0.02,1,1732,买盘
618,10:42:16,17.32,0.0,1,1732,买盘
619,10:42:25,17.34,0.02,6,10404,买盘
620,10:42:31,17.35,0.01,3,5205,买盘
621,10:42:40,17.36,0.01,21,36456,买盘
622,10:42:43,17.36,0.0,13,22568,买盘
623,10:42:49,17.36,0.0,10,17369,卖盘
624,10:42:57,17.37,0.01,1,1737,买盘
625,10:43:00,17.36,-0.01,4,6944,卖盘
626,10:43:07,17.37,0.01,38,65974,买盘
627,10:43:16,17.34,-0.03,3,5202,卖盘
628,10:43:49,17.35,0.01,1,1735,买盘
629,10:43:52,17.32,-0.03,5,8666,卖盘
630,10:44:22,17.32,0.0,4,6928,卖盘
631,10:44:36,17.35,0.03,2,3470,买盘
632,10:44:52,17.35,0.0,2,3470,买盘
633,10:44:55,17.35,0.0,10,17350,买盘
634,10:44:58,17.35,0.0,7,12145,买盘
635,10:45:09,17.36,0.01,17,29510,买盘
636,10:45:31,17.35,-0.01,26,45118,卖盘
637,10:45:37,17.35,0.0,5,8675,买盘
638,10:45:39,17.35,0.0,26,45110,买盘
639,10:45:43,17.35,0.0,4,6940,买盘
640,10:45:49,17.35,0.0,23,39905,买盘
641,10:45:57,17.35,0.0,2,3470,买盘
642,10:46:13,17.35,0.0,5,8675,买盘
643,10:46:34,17.35,0.0,1,1735,买盘
644,10:46:40,17.35,0.0,2,3470,买盘
645,10:47:15,17.34,-0.01,3,5202,卖盘
646,10:47:19,17.34,0.0,9,15606,买盘
647,10:47:24,17.34,0.0,8,13872,买盘
648,10:48:01,17.34,0.0,2,3468,卖盘
649,10:48:15,17.34,0.0,10,17340,卖盘
650,10:48:25,17.34,0.0,4,6936,卖盘
651,10:48:49,17.28,-0.06,484,836441,卖盘
652,10:49:46,17.32,0.04,1,1732,买盘
653,10:50:18,17.32,0.0,4,6928,买盘
654,10:50:28,17.32,0.0,18,31176,卖盘
655,10:50:54,17.31,-0.01,5,8655,卖盘
656,10:51:07,17.28,-0.03,118,203966,卖盘
657,10:51:16,17.28,0.0,2,3456,买盘
658,10:51:24,17.28,0.0,5,8640,买盘
659,10:51:27,17.28,0.0,12,20736,买盘
660,10:51:34,17.28,0.0,10,17280,买盘
661,10:51:43,17.27,-0.01,8,13816,卖盘
662,10:51:58,17.28,0.01,2,3456,买盘
663,10:52:01,17.27,-0.01,1,1727,卖盘
664,10:52:07,17.27,0.0,14,24178,卖盘
665,10:52:16,17.27,0.0,5,8635,卖盘
666,10:52:37,17.26,-0.01,23,39703,卖盘
667,10:52:43,17.26,0.0,4,6904,卖盘
668,10:52:48,17.25,-0.01,1,1725,卖盘
669,10:52:52,17.24,-0.01,1,1724,卖盘
670,10:52:58,17.24,0.0,7,12070,卖盘
671,10:53:15,17.24,0.0,4,6896,卖盘
672,10:53:21,17.26,0.02,17,29340,买盘
673,10:53:37,17.27,0.01,2,3454,买盘
674,10:53:42,17.26,-0.01,11,18986,买盘
675,10:53:45,17.27,0.01,11,18997,买盘
676,10:53:52,17.28,0.01,1,1728,买盘
677,10:54:16,17.29,0.01,1,1729,卖盘
678,10:54:36,17.3,0.01,3,5190,买盘
679,10:54:55,17.3,0.0,4,6920,买盘
680,10:55:04,17.26,-0.04,8,13812,卖盘
681,10:55:25,17.29,0.03,2,3458,买盘
682,10:56:09,17.28,0.02,2,3456,买盘
683,10:56:16,17.26,-0.02,15,25890,卖盘
684,10:56:25,17.26,0.0,7,12082,卖盘
685,10:56:31,17.26,0.0,3,5178,卖盘
686,10:56:39,17.26,0.0,1,690,买盘
687,10:56:49,17.26,0.0,1,1726,买盘
688,10:56:52,17.26,0.0,12,20712,买盘
689,10:56:57,17.26,0.0,2,3452,买盘
690,10:57:06,17.26,0.0,1,1726,买盘
691,10:57:25,17.26,0.0,10,17260,买盘
692,10:57:43,17.26,0.0,2,3452,买盘
693,10:58:00,17.25,-0.01,5,8625,卖盘
694,10:58:19,17.26,0.01,10,17260,买盘
695,10:58:22,17.26,0.0,2,3452,买盘
696,10:58:28,17.26,0.0,5,8630,买盘
697,10:59:04,17.27,0.01,38,66626,买盘
698,10:59:10,17.27,0.0,1,1727,买盘
699,10:59:22,17.27,0.0,1,1727,买盘
700,10:59:43,17.27,0.0,2,3454,卖盘
701,10:59:46,17.27,0.0,1,1727,卖盘
702,11:00:04,17.27,0.0,1,1727,卖盘
703,11:00:07,17.26,-0.01,54,93232,卖盘
704,11:00:10,17.26,0.0,34,58684,卖盘
705,11:00:13,17.26,0.0,252,434952,卖盘
706,11:00:16,17.26,0.0,140,241640,卖盘
707,11:00:19,17.24,-0.02,28,47272,卖盘
708,11:00:22,17.22,-0.02,22,37899,卖盘
709,11:00:25,17.22,0.0,15,25830,卖盘
710,11:00:28,17.22,0.0,14,24108,卖盘
711,11:00:31,17.21,-0.01,3,5163,卖盘
712,11:00:34,17.2,-0.01,44,75698,卖盘
713,11:00:37,17.2,0.0,9,15480,卖盘
714,11:00:40,17.2,0.0,5,8600,卖盘
715,11:00:43,17.2,0.0,16,27520,卖盘
716,11:00:46,17.19,-0.01,2,3438,卖盘
717,11:00:49,17.19,0.0,8,13752,卖盘
718,11:00:52,17.19,0.0,6,10314,卖盘
719,11:00:55,17.19,0.0,2,3438,买盘
720,11:00:58,17.18,-0.01,1,1718,卖盘
721,11:01:01,17.19,0.01,3,5156,买盘
722,11:01:04,17.18,-0.01,3,5154,卖盘
723,11:01:07,17.18,0.0,8,13744,卖盘
724,11:01:19,17.17,-0.01,9,15453,卖盘
725,11:01:25,17.18,0.01,2,3436,买盘
726,11:01:37,17.1,-0.08,47,80487,卖盘
727,11:01:40,17.18,0.08,3,5154,买盘
728,11:01:55,17.18,0.0,2,3436,买盘
729,11:01:58,17.18,0.0,5,8590,买盘
730,11:02:01,17.17,-0.01,28,48084,卖盘
731,11:02:04,17.17,0.0,7,12019,买盘
732,11:02:10,17.15,-0.02,6,10290,卖盘
733,11:02:16,17.17,0.02,8,13736,中性盘
734,11:02:22,17.18,0.01,21,36078,买盘
735,11:02:28,17.12,-0.06,92,157653,卖盘
736,11:02:31,17.12,0.0,111,190029,买盘
737,11:02:43,17.12,0.0,5,8560,卖盘
738,11:02:49,17.15,0.03,2,3430,买盘
739,11:02:58,17.15,0.0,17,29155,买盘
740,11:03:31,17.18,0.03,6,10308,买盘
741,11:03:37,17.18,0.0,3,5154,买盘
742,11:03:49,17.18,0.0,4,6872,买盘
743,11:03:52,17.18,0.0,5,8590,买盘
744,11:04:13,17.18,0.0,13,22334,买盘
745,11:04:25,17.18,0.0,3,5154,买盘
746,11:04:28,17.18,0.0,2,3436,买盘
747,11:04:46,17.18,0.0,20,34360,买盘
748,11:04:58,17.18,0.0,16,27488,卖盘
749,11:05:01,17.2,0.02,6,10320,买盘
750,11:05:16,17.18,-0.02,30,51540,卖盘
751,11:05:22,17.18,0.0,1,1718,卖盘
752,11:05:25,17.18,0.0,2,3436,卖盘
753,11:05:28,17.17,-0.01,4,6873,卖盘
754,11:05:31,17.18,0.01,5,8590,中性盘
755,11:05:37,17.17,-0.01,6,10302,卖盘
756,11:05:40,17.15,-0.02,7,12016,卖盘
757,11:05:43,17.15,0.0,4,6860,卖盘
758,11:05:46,17.15,0.0,2,3430,卖盘
759,11:05:49,17.15,0.0,2,3430,卖盘
760,11:05:52,17.15,0.0,5,8575,卖盘
761,11:05:55,17.15,0.0,2,3430,卖盘
762,11:05:58,17.15,0.0,1,1715,卖盘
763,11:06:01,17.15,0.0,3,5145,卖盘
764,11:06:04,17.14,-0.01,2,3428,卖盘
765,11:06:07,17.01,-0.13,315,537829,卖盘
766,11:06:19,17.01,0.0,2,3402,卖盘
767,11:06:25,17.04,0.03,7,11928,卖盘
768,11:06:34,17.04,0.0,2,3408,卖盘
769,11:06:43,17.04,0.0,2,3408,卖盘
770,11:06:46,17.04,0.0,25,42601,卖盘
771,11:06:49,17.05,0.01,11,18755,中性盘
772,11:06:58,17.04,-0.01,2,3409,卖盘
773,11:07:07,17.05,0.01,10,17050,卖盘
774,11:07:10,17.04,-0.01,6,10226,卖盘
775,11:07:19,17.05,0.01,9,15345,卖盘
776,11:07:37,17.09,0.04,14,23926,买盘
777,11:07:49,17.1,0.01,1,1710,买盘
778,11:07:52,17.13,0.03,10,17128,买盘
779,11:07:58,17.13,0.0,10,17130,买盘
780,11:08:01,17.24,0.11,10,17226,买盘
781,11:08:16,17.2,-0.04,2,3440,卖盘
782,11:08:31,17.13,-0.07,2,3426,卖盘
783,11:08:46,17.19,0.06,4,6876,买盘
784,11:08:49,17.2,0.01,3,5159,买盘
785,11:09:04,17.2,0.0,4,6880,买盘
786,11:09:34,17.13,-0.07,2,3426,卖盘
787,11:09:52,17.13,0.0,19,32547,卖盘
788,11:10:19,17.13,0.0,12,20555,买盘
789,11:10:25,17.12,-0.01,2,3424,卖盘
790,11:10:31,17.13,0.01,5,8565,买盘
791,11:10:40,17.13,0.0,30,51331,买盘
792,11:10:43,17.13,0.0,1,1713,买盘
793,11:10:58,17.13,0.0,3,5135,买盘
794,11:11:10,17.13,0.0,2,3428,卖盘
795,11:11:58,17.16,0.03,1,1716,买盘
796,11:12:16,17.14,-0.02,1,1714,卖盘
797,11:12:46,17.14,0.0,2,3428,卖盘
798,11:13:07,17.1,-0.04,55,94160,卖盘
799,11:13:25,17.09,-0.01,3,5129,卖盘
800,11:13:58,17.1,0.01,2,3420,卖盘
801,11:14:04,17.1,0.0,2,3420,卖盘
802,11:14:19,17.1,0.0,2,3420,卖盘
803,11:14:28,17.1,0.0,10,17100,卖盘
804,11:14:34,17.1,0.0,2,3420,卖盘
805,11:14:37,17.1,0.0,15,25650,卖盘
806,11:14:52,17.09,-0.01,2,3418,卖盘
807,11:14:55,17.1,0.01,18,30780,买盘
808,11:15:01,17.1,0.0,1,1710,卖盘
809,11:15:04,17.1,0.0,2,3420,卖盘
810,11:15:10,17.1,0.0,5,8564,卖盘
811,11:15:25,17.1,0.0,4,6841,卖盘
812,11:15:34,17.1,0.0,12,20520,卖盘
813,11:15:49,17.11,0.01,4,6844,买盘
814,11:15:52,17.11,0.0,7,11977,买盘
815,11:16:07,17.11,0.0,5,8555,买盘
816,11:16:10,17.1,-0.01,23,39330,卖盘
817,11:16:22,17.1,0.0,7,11968,买盘
818,11:16:25,17.09,-0.01,20,34192,卖盘
819,11:16:28,17.09,0.0,1,1709,卖盘
820,11:16:45,17.1,0.01,1,1710,买盘
821,11:17:16,17.1,0.0,4,6840,买盘
822,11:17:21,17.1,0.0,2,3420,卖盘
823,11:17:25,17.1,0.0,5,8550,卖盘
824,11:17:27,17.1,0.0,30,51300,卖盘
825,11:17:31,17.09,-0.01,4,6836,卖盘
826,11:17:40,17.12,0.03,2,3424,卖盘
827,11:17:46,17.12,0.0,1,1712,卖盘
828,11:17:48,17.16,0.04,10,17159,买盘
829,11:17:52,17.12,-0.04,1,1712,卖盘
830,11:18:01,17.12,0.0,2,3424,卖盘
831,11:18:13,17.12,0.0,1,1712,卖盘
832,11:18:16,17.11,-0.01,15,25674,卖盘
833,11:18:22,17.12,0.01,1,1712,买盘
834,11:18:37,17.11,-0.01,1,1711,卖盘
835,11:18:52,17.09,-0.02,20,34180,卖盘
836,11:18:58,17.08,-0.01,18,30748,卖盘
837,11:19:04,17.11,0.03,151,258299,买盘
838,11:19:10,17.11,0.0,2,3422,卖盘
839,11:19:16,17.08,-0.03,63,107745,卖盘
840,11:19:25,17.07,-0.01,2,3414,卖盘
841,11:19:28,17.08,0.01,54,92232,买盘
842,11:19:34,17.07,-0.01,22,37575,卖盘
843,11:19:37,17.07,0.0,4,6826,买盘
844,11:19:46,17.06,-0.01,52,88794,卖盘
845,11:19:55,17.06,0.0,5,8530,卖盘
846,11:20:01,17.07,0.01,53,90471,中性盘
847,11:20:04,17.06,-0.01,2,3412,卖盘
848,11:20:07,17.06,0.0,30,51180,卖盘
849,11:20:25,17.07,0.01,29,49501,买盘
850,11:20:37,17.06,-0.01,40,68268,卖盘
851,11:20:43,17.06,0.0,2,3412,卖盘
852,11:20:51,17.06,0.0,25,42650,卖盘
853,11:21:07,17.07,0.01,10,17070,卖盘
854,11:21:10,17.06,-0.01,10,17060,卖盘
855,11:21:13,17.06,0.0,1,1706,买盘
856,11:21:16,17.05,-0.01,1,1705,卖盘
857,11:21:25,17.06,0.01,44,75025,买盘
858,11:21:28,17.06,0.0,1,1706,买盘
859,11:21:34,17.06,0.0,5,8530,卖盘
860,11:21:55,17.09,0.03,7,11963,买盘
861,11:22:25,17.07,-0.02,12,20484,卖盘
862,11:22:46,17.15,0.08,2,3430,买盘
863,11:23:10,17.15,0.0,5,8575,买盘
864,11:23:13,17.15,0.0,5,8575,买盘
865,11:23:22,17.1,-0.05,30,51328,卖盘
866,11:24:18,17.11,0.01,8,13688,卖盘
867,11:24:28,17.11,0.0,10,17110,买盘
868,11:24:37,17.11,0.0,4,6844,买盘
869,11:24:52,17.1,-0.01,16,27360,卖盘
870,11:25:22,17.08,-0.02,2,3418,卖盘
871,11:25:28,17.11,0.03,34,58174,买盘
872,11:25:52,17.15,0.04,45,77175,买盘
873,11:26:34,17.15,0.0,3,5145,买盘
874,11:26:43,17.15,0.0,4,6860,买盘
875,11:27:28,17.15,0.0,20,34300,买盘
876,11:27:57,17.11,-0.04,6,10267,卖盘
877,11:28:01,17.11,0.0,1,1711,买盘
878,11:28:19,17.11,0.0,25,42775,买盘
879,11:28:25,17.11,0.0,6,10266,买盘
880,11:28:49,17.14,0.03,3,5142,买盘
881,11:29:07,17.14,0.0,10,17140,买盘
882,11:29:48,17.13,-0.01,2,3426,买盘
883,13:00:05,17.11,-0.02,16,27394,卖盘
884,13:00:07,17.11,0.0,5,8559,卖盘
885,13:00:10,17.13,0.02,17,29118,买盘
886,13:00:58,17.13,0.0,3,5139,买盘
887,13:01:15,17.11,-0.02,2,3422,卖盘
888,13:01:22,17.11,0.0,1,1711,卖盘
889,13:01:30,17.1,-0.01,6,10265,卖盘
890,13:01:55,17.09,-0.01,10,17090,卖盘
891,13:02:00,17.09,0.0,2,3419,卖盘
892,13:02:07,17.11,0.02,17,29055,买盘
893,13:02:33,17.09,-0.02,8,13679,卖盘
894,13:02:37,17.09,0.0,2,3418,卖盘
895,13:02:43,17.11,0.02,1,1711,买盘
896,13:02:49,17.11,0.0,7,11977,买盘
897,13:03:04,17.1,-0.01,2,3420,卖盘
898,13:03:10,17.1,0.0,2,3420,卖盘
899,13:03:25,17.1,0.0,2,3420,卖盘
900,13:03:40,17.11,0.01,2,3422,卖盘
901,13:03:57,17.11,0.0,7,11977,卖盘
902,13:04:37,17.1,-0.01,5,8550,卖盘
903,13:04:40,17.11,0.01,1,1711,买盘
904,13:04:51,17.1,-0.01,34,58140,卖盘
905,13:05:16,17.1,0.0,3,5130,买盘
906,13:05:48,17.1,0.0,3,5130,买盘
907,13:05:57,17.1,0.0,10,17100,买盘
908,13:06:00,17.1,0.0,1,1710,买盘
909,13:06:15,17.09,-0.01,43,73495,卖盘
910,13:06:28,17.08,-0.01,2,3416,卖盘
911,13:06:31,17.08,0.0,25,42700,卖盘
912,13:06:37,17.08,0.0,4,6832,卖盘
913,13:06:39,17.08,0.0,6,10248,卖盘
914,13:06:43,17.08,0.0,30,51240,卖盘
915,13:06:46,17.08,0.0,1,1708,卖盘
916,13:06:49,17.08,0.0,5,8540,卖盘
917,13:06:58,17.07,-0.01,248,423550,卖盘
918,13:07:04,17.06,-0.01,31,52890,卖盘
919,13:07:09,17.05,-0.01,1,1705,卖盘
920,13:07:16,17.06,0.01,16,27287,买盘
921,13:07:19,17.05,-0.01,8,13640,卖盘
922,13:07:22,17.06,0.01,3,5118,买盘
923,13:07:25,17.05,-0.01,12,20460,卖盘
924,13:07:31,17.05,0.0,1,1705,买盘
925,13:07:33,17.05,0.0,2,3410,买盘
926,13:07:37,17.04,-0.01,11,18745,卖盘
927,13:07:43,17.04,0.0,5,8520,卖盘
928,13:07:46,17.05,0.01,1,1705,买盘
929,13:07:51,17.05,0.0,38,64790,买盘
930,13:08:01,17.06,0.01,4,6824,买盘
931,13:08:04,17.06,0.0,2,3412,买盘
932,13:08:15,17.06,0.0,2,3412,买盘
933,13:08:22,17.09,0.03,2,3418,买盘
934,13:08:43,17.09,0.0,2,3418,买盘
935,13:09:19,17.09,0.0,5,8545,买盘
936,13:09:27,17.07,-0.02,1,1707,中性盘
937,13:09:36,17.09,0.02,1,1709,买盘
938,13:09:39,17.07,-0.02,9,15363,卖盘
939,13:09:46,17.07,0.0,7,11949,买盘
940,13:10:04,17.06,-0.01,2,3412,卖盘
941,13:10:06,17.1,0.04,5,8546,买盘
942,13:10:31,17.1,0.0,5,8550,买盘
943,13:11:00,17.07,-0.03,2,3414,卖盘
944,13:11:34,17.08,0.01,2,3416,卖盘
945,13:11:37,17.1,0.02,40,68397,买盘
946,13:11:43,17.08,-0.02,18,30744,卖盘
947,13:11:55,17.08,0.0,2,3416,买盘
948,13:12:19,17.08,0.0,12,20496,买盘
949,13:12:22,17.08,0.0,1,1708,买盘
950,13:12:28,17.08,0.0,22,37576,买盘
951,13:12:34,17.07,-0.01,24,40978,卖盘
952,13:12:37,17.08,0.01,14,23912,买盘
953,13:12:58,17.06,-0.02,2,3413,卖盘
954,13:13:13,17.06,0.0,2,3412,卖盘
955,13:13:28,17.06,0.0,2,3412,卖盘
956,13:13:31,17.06,0.0,8,13648,卖盘
957,13:13:46,17.05,-0.01,2,3410,卖盘
958,13:13:49,17.06,0.01,5,8530,买盘
959,13:13:52,17.06,0.0,15,25590,买盘
960,13:13:57,17.06,0.0,5,8530,买盘
961,13:14:01,17.06,0.0,14,23884,买盘
962,13:14:04,17.06,0.0,2,3412,卖盘
963,13:14:07,17.1,0.04,4,6840,买盘
964,13:14:22,17.08,-0.02,12,20496,卖盘
965,13:14:45,17.07,-0.01,2,3415,卖盘
966,13:14:55,17.09,0.02,1,1709,卖盘
967,13:15:16,17.07,-0.02,2,3414,卖盘
968,13:15:18,17.07,0.0,2,3414,卖盘
969,13:15:31,17.07,0.0,4,6828,卖盘
970,13:15:34,17.06,-0.01,2,3412,卖盘
971,13:15:37,17.07,0.01,1,1707,买盘
972,13:15:42,17.07,0.0,11,18777,买盘
973,13:16:19,17.06,-0.01,75,127951,卖盘
974,13:16:27,17.06,0.0,3,5118,买盘
975,13:16:36,17.05,-0.01,10,17050,卖盘
976,13:16:39,17.05,0.0,15,25575,卖盘
977,13:16:46,17.05,0.0,34,57984,卖盘
978,13:16:49,17.04,-0.01,5,8520,卖盘
979,13:17:01,17.05,0.01,22,37498,买盘
980,13:17:07,17.04,-0.01,4,6816,卖盘
981,13:17:12,17.05,0.01,3,5114,买盘
982,13:17:15,17.04,-0.01,5,8520,中性盘
983,13:17:24,17.05,0.01,1,1705,买盘
984,13:17:28,17.05,0.0,15,25575,买盘
985,13:17:40,17.07,0.02,3,5121,买盘
986,13:17:46,17.07,0.0,4,6828,买盘
987,13:17:49,17.07,0.0,5,8535,买盘
988,13:17:51,17.07,0.0,21,35847,买盘
989,13:18:01,17.05,-0.02,54,92125,卖盘
990,13:18:07,17.08,0.03,15,25620,买盘
991,13:18:28,17.1,0.02,3,5130,买盘
992,13:18:46,17.09,-0.01,5,8545,卖盘
993,13:19:07,17.07,-0.02,11,18784,卖盘
994,13:19:16,17.07,0.0,3,5121,买盘
995,13:19:43,17.07,0.0,36,61450,买盘
996,13:19:48,17.07,0.0,2,3414,卖盘
997,13:20:19,17.06,-0.01,2,3413,卖盘
998,13:20:46,17.07,0.01,1,1707,卖盘
999,13:20:49,17.07,0.0,2,3414,买盘
1000,13:20:52,17.07,0.0,2,3414,买盘
1001,13:20:58,17.1,0.03,3,5130,买盘
1002,13:21:28,17.1,0.0,5,8550,买盘
1003,13:22:01,17.1,0.0,3,5130,买盘
1004,13:22:04,17.1,0.0,6,10260,买盘
1005,13:22:07,17.1,0.0,3,5130,买盘
1006,13:22:09,17.1,0.0,8,13672,买盘
1007,13:22:16,17.1,0.0,4,6840,卖盘
1008,13:22:22,17.08,-0.02,2,3416,卖盘
1009,13:22:40,17.1,0.02,1,1710,买盘
1010,13:23:01,17.08,-0.02,1,1708,卖盘
1011,13:23:04,17.1,0.02,5,8550,买盘
1012,13:23:16,17.13,0.03,3,5139,买盘
1013,13:23:34,17.14,0.01,48,82260,买盘
1014,13:24:07,17.14,0.0,1,1714,买盘
1015,13:24:22,17.14,0.0,5,8570,买盘
1016,13:24:25,17.14,0.0,3,5142,卖盘
1017,13:24:34,17.17,0.03,5,8579,买盘
1018,13:24:43,17.2,0.03,54,92784,买盘
1019,13:24:58,17.18,-0.02,28,48104,买盘
1020,13:25:01,17.18,0.0,2,3436,买盘
1021,13:25:13,17.2,0.02,2,3440,买盘
1022,13:25:16,17.2,0.0,14,24080,买盘
1023,13:25:19,17.2,0.0,14,24080,买盘
1024,13:25:28,17.22,0.02,3,5166,买盘
1025,13:25:43,17.2,-0.02,7,12040,卖盘
1026,13:26:04,17.2,0.0,19,32716,卖盘
1027,13:26:07,17.21,0.01,4,6882,中性盘
1028,13:26:10,17.2,-0.01,58,99760,卖盘
1029,13:26:16,17.19,-0.01,1,1719,卖盘
1030,13:26:22,17.19,0.0,12,20628,买盘
1031,13:27:01,17.14,-0.05,3,5142,卖盘
1032,13:27:07,17.18,0.04,1,1718,买盘
1033,13:27:31,17.2,0.02,1,1720,买盘
1034,13:28:30,17.2,0.0,5,8600,买盘
1035,13:29:16,17.18,-0.02,16,27488,买盘
1036,13:29:46,17.18,0.0,12,20616,卖盘
1037,13:29:52,17.18,0.0,11,18898,卖盘
1038,13:29:58,17.18,0.0,7,12026,卖盘
1039,13:30:04,17.18,0.0,1,1718,卖盘
1040,13:30:07,17.18,0.0,1,1718,卖盘
1041,13:30:09,17.18,0.0,9,15462,卖盘
1042,13:30:13,17.18,0.0,1,1718,卖盘
1043,13:30:15,17.18,0.0,5,8588,卖盘
1044,13:30:19,17.16,-0.02,1,1716,卖盘
1045,13:30:22,17.16,0.0,1,1716,卖盘
1046,13:30:25,17.16,0.0,4,6864,卖盘
1047,13:30:28,17.16,0.0,2,3432,卖盘
1048,13:30:31,17.15,-0.01,3,5145,卖盘
1049,13:30:34,17.15,0.0,4,6860,卖盘
1050,13:30:36,17.14,-0.01,5,8573,卖盘
1051,13:30:40,17.14,0.0,2,3428,卖盘
1052,13:30:43,17.14,0.0,4,6856,卖盘
1053,13:30:46,17.13,-0.01,17,29136,卖盘
1054,13:30:49,17.13,0.0,1,1713,卖盘
1055,13:31:22,17.13,0.0,1,1713,卖盘
1056,13:31:27,17.13,0.0,1,1713,卖盘
1057,13:31:30,17.13,0.0,1,1713,卖盘
1058,13:31:34,17.13,0.0,1,1713,卖盘
1059,13:31:37,17.13,0.0,1,1713,卖盘
1060,13:31:43,17.14,0.01,24,41133,买盘
1061,13:31:46,17.11,-0.03,5,8556,卖盘
1062,13:31:52,17.12,0.01,1,1712,卖盘
1063,13:32:04,17.11,-0.01,1,1711,卖盘
1064,13:32:10,17.12,0.01,13,22253,买盘
1065,13:32:13,17.12,0.0,18,30816,买盘
1066,13:32:21,17.11,-0.01,31,53041,卖盘
1067,13:32:25,17.12,0.01,13,22248,买盘
1068,13:32:28,17.14,0.02,13,22282,买盘
1069,13:32:34,17.14,0.0,7,11998,卖盘
1070,13:32:40,17.14,0.0,1,1714,卖盘
1071,13:32:46,17.14,0.0,1,1714,卖盘
1072,13:32:48,17.16,0.02,1,1716,买盘
1073,13:32:52,17.16,0.0,1,1716,卖盘
1074,13:32:55,17.16,0.0,1,1716,卖盘
1075,13:32:58,17.16,0.0,1,1716,卖盘
1076,13:33:01,17.14,-0.02,3,5146,卖盘
1077,13:33:04,17.14,0.0,1,1714,卖盘
1078,13:33:07,17.14,0.0,1,1714,卖盘
1079,13:33:10,17.14,0.0,1,1714,卖盘
1080,13:33:13,17.19,0.05,21,36093,买盘
1081,13:33:16,17.14,-0.05,3,5142,卖盘
1082,13:33:19,17.14,0.0,1,1714,卖盘
1083,13:33:21,17.14,0.0,1,1714,卖盘
1084,13:33:24,17.14,0.0,1,1714,卖盘
1085,13:33:37,17.2,0.06,20,34396,买盘
1086,13:34:07,17.15,-0.05,3,5145,中性盘
1087,13:34:18,17.15,0.0,2,3430,卖盘
1088,13:34:30,17.15,0.0,2,3430,卖盘
1089,13:34:37,17.15,0.0,1,1715,卖盘
1090,13:34:43,17.15,0.0,1,1715,卖盘
1091,13:34:49,17.15,0.0,1,1715,卖盘
1092,13:34:54,17.19,0.04,3,5157,买盘
1093,13:35:00,17.18,-0.01,1,1718,卖盘
1094,13:35:04,17.18,0.0,1,1718,卖盘
1095,13:35:07,17.18,0.0,1,1718,卖盘
1096,13:35:10,17.15,-0.03,1,1715,卖盘
1097,13:35:13,17.15,0.0,1,1715,卖盘
1098,13:35:16,17.15,0.0,1,1715,卖盘
1099,13:35:19,17.15,0.0,1,1715,卖盘
1100,13:35:24,17.19,0.04,17,29222,买盘
1101,13:35:27,17.19,0.0,3,5157,买盘
1102,13:35:54,17.2,0.01,34,58472,买盘
1103,13:36:07,17.19,-0.01,6,10314,买盘
1104,13:36:22,17.19,0.0,2,3438,卖盘
1105,13:36:28,17.19,0.0,4,6876,卖盘
1106,13:36:34,17.2,0.01,87,149622,买盘
1107,13:36:43,17.21,0.01,6,10325,买盘
1108,13:36:45,17.2,-0.01,2,3441,卖盘
1109,13:36:52,17.19,-0.01,4,6878,卖盘
1110,13:36:55,17.19,0.0,8,13752,卖盘
1111,13:36:58,17.19,0.0,14,24066,卖盘
1112,13:37:01,17.19,0.0,34,58384,买盘
1113,13:37:04,17.16,-0.03,8,13732,卖盘
1114,13:37:07,17.15,-0.01,3,5146,卖盘
1115,13:37:10,17.15,0.0,2,3430,卖盘
1116,13:37:13,17.15,0.0,4,6860,卖盘
1117,13:37:16,17.15,0.0,4,6860,卖盘
1118,13:37:19,17.15,0.0,2,3430,卖盘
1119,13:37:22,17.14,-0.01,2,3429,卖盘
1120,13:37:25,17.14,0.0,1,1714,卖盘
1121,13:37:28,17.14,0.0,1,1714,卖盘
1122,13:37:52,17.13,-0.01,2,3426,卖盘
1123,13:37:58,17.13,0.0,1,1713,卖盘
1124,13:38:04,17.13,0.0,3,5139,卖盘
1125,13:38:13,17.13,0.0,5,8565,买盘
1126,13:38:18,17.2,0.07,70,120340,买盘
1127,13:38:37,17.15,-0.05,2,3430,卖盘
1128,13:38:51,17.15,0.0,2,3430,卖盘
1129,13:38:57,17.2,0.05,34,58472,买盘
1130,13:39:04,17.2,0.0,1,1720,卖盘
1131,13:39:09,17.2,0.0,1,1720,卖盘
1132,13:39:12,17.2,0.0,4,6880,卖盘
1133,13:39:19,17.2,0.0,2,3438,买盘
1134,13:39:34,17.15,-0.05,6,10292,卖盘
1135,13:39:42,17.2,0.05,40,68800,买盘
1136,13:40:01,17.16,-0.04,2,3432,卖盘
1137,13:40:31,17.2,0.04,30,51590,买盘
1138,13:40:46,17.2,0.0,5,8600,买盘
1139,13:40:48,17.22,0.02,3,5164,买盘
1140,13:41:07,17.22,0.0,12,20664,买盘
1141,13:41:15,17.22,0.0,2,3444,卖盘
1142,13:41:18,17.22,0.0,1,1722,卖盘
1143,13:41:21,17.22,0.0,2,3444,卖盘
1144,13:41:25,17.22,0.0,4,6888,卖盘
1145,13:41:28,17.22,0.0,2,3444,卖盘
1146,13:41:31,17.22,0.0,3,5166,卖盘
1147,13:41:34,17.22,0.0,1,1722,卖盘
1148,13:41:37,17.22,0.0,4,6888,卖盘
1149,13:41:40,17.22,0.0,9,15497,买盘
1150,13:41:46,17.19,-0.03,1,1719,卖盘
1151,13:42:40,17.19,0.0,2,3438,卖盘
1152,13:42:46,17.17,-0.02,1,1717,卖盘
1153,13:43:12,17.17,0.0,20,34340,卖盘
1154,13:43:19,17.17,0.0,1,1717,卖盘
1155,13:43:22,17.17,0.0,1,1717,卖盘
1156,13:43:25,17.17,0.0,1,1717,卖盘
1157,13:43:28,17.17,0.0,1,1717,卖盘
1158,13:44:28,17.17,0.0,1,1717,买盘
1159,13:44:42,17.17,0.0,1,1717,买盘
1160,13:44:57,17.16,-0.01,1,1716,卖盘
1161,13:45:04,17.17,0.01,1,1717,买盘
1162,13:45:16,17.16,-0.01,4,6864,卖盘
1163,13:45:19,17.17,0.01,8,13736,买盘
1164,13:45:22,17.15,-0.02,1,1715,卖盘
1165,13:45:28,17.17,0.02,2,3434,买盘
1166,13:45:43,17.17,0.0,1,1717,买盘
1167,13:45:46,17.15,-0.02,1,1715,卖盘
1168,13:45:49,17.15,0.0,1,1715,卖盘
1169,13:45:51,17.15,0.0,4,6860,卖盘
1170,13:45:58,17.14,-0.01,3,5142,卖盘
1171,13:46:25,17.12,-0.02,1,1712,卖盘
1172,13:46:28,17.12,0.0,1,1712,卖盘
1173,13:46:30,17.12,0.0,1,1712,卖盘
1174,13:46:34,17.12,0.0,1,1712,卖盘
1175,13:46:37,17.12,0.0,14,23968,卖盘
1176,13:46:40,17.11,-0.01,2,3422,卖盘
1177,13:46:43,17.11,0.0,1,1711,卖盘
1178,13:46:46,17.11,0.0,1,1711,卖盘
1179,13:46:52,17.1,-0.01,26,44460,卖盘
1180,13:46:58,17.08,-0.02,11,18798,卖盘
1181,13:47:00,17.08,0.0,2,3416,卖盘
1182,13:47:19,17.08,0.0,2,3416,卖盘
1183,13:47:22,17.08,0.0,17,29036,卖盘
1184,13:47:28,17.09,0.01,25,42703,买盘
1185,13:47:31,17.07,-0.02,2,3414,卖盘
1186,13:47:33,17.07,0.0,1,1707,买盘
1187,13:47:36,17.07,0.0,13,22191,买盘
1188,13:47:39,17.09,0.02,18,30762,买盘
1189,13:47:46,17.07,-0.02,12,20484,卖盘
1190,13:47:54,17.08,0.01,25,42704,卖盘
1191,13:48:04,17.08,0.0,8,13668,卖盘
1192,13:48:25,17.1,0.02,21,35910,中性盘
1193,13:48:30,17.1,0.0,4,6840,买盘
1194,13:48:33,17.12,0.02,5,8560,买盘
1195,13:48:46,17.13,0.01,1,1713,卖盘
1196,13:49:21,17.11,-0.02,2,3422,卖盘
1197,13:49:28,17.14,0.03,1,1714,买盘
1198,13:49:34,17.11,-0.03,3,5139,卖盘
1199,13:50:19,17.15,0.04,3,5145,买盘
1200,13:50:28,17.12,-0.03,3,5136,卖盘
1201,13:51:07,17.12,0.0,4,6848,卖盘
1202,13:51:34,17.13,0.01,20,34260,卖盘
1203,13:51:43,17.13,0.0,2,3426,卖盘
1204,13:51:49,17.14,0.01,1,1714,买盘
1205,13:51:54,17.15,0.01,14,24010,买盘
1206,13:52:01,17.17,0.02,9,15453,买盘
1207,13:52:07,17.15,-0.02,9,15435,卖盘
1208,13:52:22,17.15,0.0,3,5145,卖盘
1209,13:52:30,17.15,0.0,4,6860,卖盘
1210,13:53:52,17.14,-0.01,2,3428,卖盘
1211,13:53:58,17.14,0.0,1,1714,卖盘
1212,13:54:04,17.14,0.0,1,1714,卖盘
1213,13:54:10,17.14,0.0,5,8570,卖盘
1214,13:54:34,17.13,-0.01,5,8565,卖盘
1215,13:54:57,17.13,0.0,40,68520,卖盘
1216,13:55:31,17.13,0.0,26,44560,卖盘
1217,13:55:46,17.15,0.02,1,1715,买盘
1218,13:55:49,17.15,0.0,1,1715,买盘
1219,13:56:04,17.17,0.02,3,5151,买盘
1220,13:56:16,17.17,0.0,2,3434,卖盘
1221,13:56:22,17.17,0.0,1,1717,卖盘
1222,13:56:25,17.17,0.0,3,5151,卖盘
1223,13:56:28,17.17,0.0,4,6868,卖盘
1224,13:56:31,17.17,0.0,7,12019,卖盘
1225,13:56:34,17.16,-0.01,8,15068,卖盘
1226,13:56:37,17.16,0.0,3,5148,卖盘
1227,13:56:43,17.16,0.0,1,1716,卖盘
1228,13:56:46,17.16,0.0,4,6864,卖盘
1229,13:56:52,17.16,0.0,4,5526,卖盘
1230,13:57:04,17.16,0.0,3,5148,买盘
1231,13:57:07,17.16,0.0,30,51480,卖盘
1232,13:57:19,17.17,0.01,1,1717,卖盘
1233,13:57:43,17.19,0.02,20,34380,买盘
1234,13:58:49,17.16,-0.03,29,49764,卖盘
1235,13:58:55,17.16,0.0,14,24024,卖盘
1236,13:58:57,17.16,0.0,5,8580,买盘
1237,14:00:10,17.13,-0.03,1,1713,卖盘
1238,14:00:13,17.13,0.0,2,3426,卖盘
1239,14:00:16,17.12,-0.01,6,10273,卖盘
1240,14:00:27,17.12,0.0,4,6851,卖盘
1241,14:01:25,17.16,0.04,20,34281,买盘
1242,14:01:37,17.17,0.01,6,10290,买盘
1243,14:01:46,17.17,0.0,45,77263,买盘
1244,14:01:49,17.17,0.0,6,10302,买盘
1245,14:01:52,17.16,-0.01,61,104710,卖盘
1246,14:01:55,17.18,0.02,5,8584,买盘
1247,14:01:58,17.19,0.01,14,24057,买盘
1248,14:02:01,17.19,0.0,8,13752,买盘
1249,14:02:07,17.19,0.0,5,8595,买盘
1250,14:02:10,17.19,0.0,15,25785,买盘
1251,14:02:16,17.19,0.0,3,5157,买盘
1252,14:02:19,17.19,0.0,10,17190,买盘
1253,14:02:22,17.22,0.03,22,37874,买盘
1254,14:02:31,17.25,0.03,26,44828,买盘
1255,14:02:43,17.3,0.05,51,88184,买盘
1256,14:02:49,17.3,0.0,2,3460,卖盘
1257,14:02:55,17.31,0.01,2,3462,买盘
1258,14:02:58,17.3,-0.01,80,138400,卖盘
1259,14:03:01,17.3,0.0,55,95356,卖盘
1260,14:03:04,17.3,0.0,8,13840,卖盘
1261,14:03:07,17.32,0.02,1,1732,买盘
1262,14:03:10,17.32,0.0,4,6932,卖盘
1263,14:03:13,17.32,0.0,1,1732,卖盘
1264,14:03:16,17.3,-0.02,63,109251,卖盘
1265,14:03:22,17.3,0.0,2,3460,卖盘
1266,14:03:49,17.29,-0.01,35,60514,买盘
1267,14:03:55,17.29,0.0,49,84721,卖盘
1268,14:03:58,17.28,-0.01,66,114048,买盘
1269,14:04:01,17.27,-0.01,3,5177,中性盘
1270,14:04:16,17.27,0.0,24,41448,买盘
1271,14:04:28,17.26,-0.01,40,69105,卖盘
1272,14:04:52,17.28,0.02,20,34560,买盘
1273,14:05:13,17.26,-0.02,1,1726,卖盘
1274,14:05:22,17.26,0.0,9,15534,卖盘
1275,14:05:39,17.26,0.0,7,12082,卖盘
1276,14:05:46,17.25,-0.01,37,63825,卖盘
1277,14:05:52,17.25,0.0,9,15525,买盘
1278,14:05:55,17.25,0.0,7,12075,买盘
1279,14:06:16,17.23,-0.02,8,13784,卖盘
1280,14:06:52,17.22,-0.01,29,49938,卖盘
1281,14:07:04,17.22,0.0,21,36162,买盘
1282,14:07:07,17.19,-0.03,3,5159,卖盘
1283,14:07:10,17.19,0.0,1,1719,买盘
1284,14:07:22,17.19,0.0,3,5157,卖盘
1285,14:07:49,17.19,0.0,4,6877,卖盘
1286,14:08:22,17.25,0.06,36,62085,买盘
1287,14:09:13,17.24,-0.01,2,3448,买盘
1288,14:09:19,17.24,0.0,10,17240,卖盘
1289,14:09:24,17.24,0.0,4,6896,卖盘
1290,14:09:28,17.24,0.0,1,1724,卖盘
1291,14:09:31,17.24,0.0,2,3448,卖盘
1292,14:09:48,17.21,-0.03,17,29259,卖盘
1293,14:11:16,17.22,0.01,2,3444,卖盘
1294,14:11:25,17.22,0.0,8,13786,卖盘
1295,14:11:31,17.24,0.02,3,5172,买盘
1296,14:11:51,17.24,0.0,2,3448,卖盘
1297,14:13:01,17.21,-0.03,50,86078,卖盘
1298,14:13:07,17.21,0.0,7,12047,卖盘
1299,14:13:16,17.19,-0.02,1,1719,卖盘
1300,14:13:31,17.2,0.01,2,3440,买盘
1301,14:13:36,17.2,0.0,3,5159,买盘
1302,14:14:01,17.17,-0.03,51,87576,卖盘
1303,14:14:07,17.17,0.0,2,3434,买盘
1304,14:14:13,17.17,0.0,10,17170,买盘
1305,14:14:34,17.17,0.0,1,1717,买盘
1306,14:14:39,17.17,0.0,16,27472,买盘
1307,14:14:51,17.16,-0.01,3,5148,卖盘
1308,14:14:58,17.17,0.01,46,78900,买盘
1309,14:15:01,17.17,0.0,54,92718,买盘
1310,14:15:15,17.2,0.03,2,3440,卖盘
1311,14:15:28,17.18,-0.02,3,5154,卖盘
1312,14:16:01,17.21,0.03,2,3441,买盘
1313,14:16:18,17.22,0.01,3,5166,买盘
1314,14:16:22,17.24,0.02,1,1724,买盘
1315,14:16:37,17.22,-0.02,2,3444,卖盘
1316,14:16:40,17.24,0.02,5,8620,买盘
1317,14:16:46,17.22,-0.02,11,18962,卖盘
1318,14:16:52,17.22,0.0,6,10332,卖盘
1319,14:16:55,17.22,0.0,3,5166,买盘
1320,14:17:01,17.24,0.02,20,34480,买盘
1321,14:17:13,17.24,0.0,2,3448,买盘
1322,14:17:19,17.24,0.0,9,15516,买盘
1323,14:17:34,17.23,-0.01,2,3446,卖盘
1324,14:17:39,17.24,0.01,28,48272,买盘
1325,14:17:55,17.27,0.03,6,10356,买盘
1326,14:18:43,17.26,-0.01,14,24164,卖盘
1327,14:18:49,17.26,0.0,1,1726,买盘
1328,14:18:52,17.27,0.01,46,79431,买盘
1329,14:19:01,17.27,0.0,17,29359,卖盘
1330,14:19:07,17.27,0.0,7,12089,买盘
1331,14:19:10,17.27,0.0,8,13816,买盘
1332,14:19:18,17.27,0.0,5,8635,买盘
1333,14:19:22,17.27,0.0,2,3454,买盘
1334,14:19:37,17.26,-0.01,60,103560,卖盘
1335,14:19:40,17.26,0.0,2,3452,买盘
1336,14:19:43,17.26,0.0,8,13808,买盘
1337,14:19:49,17.26,0.0,2,3452,卖盘
1338,14:20:10,17.27,0.01,8,13815,买盘
1339,14:20:19,17.26,-0.01,1,1726,买盘
1340,14:20:25,17.28,0.02,49,84628,买盘
1341,14:20:40,17.28,0.0,20,34560,买盘
1342,14:21:10,17.27,-0.01,5,8635,买盘
1343,14:21:13,17.27,0.0,1,1727,买盘
1344,14:21:16,17.27,0.0,1,1727,卖盘
1345,14:21:18,17.28,0.01,15,25920,买盘
1346,14:21:31,17.27,-0.01,10,17270,卖盘
1347,14:21:34,17.28,0.01,6,10368,买盘
1348,14:21:37,17.27,-0.01,14,24178,卖盘
1349,14:21:52,17.28,0.01,2,3456,买盘
1350,14:21:58,17.28,0.0,5,8640,买盘
1351,14:22:01,17.27,-0.01,1,1727,卖盘
1352,14:22:04,17.26,-0.01,9,15542,卖盘
1353,14:22:22,17.26,0.0,6,10353,买盘
1354,14:22:58,17.26,0.0,1,1726,卖盘
1355,14:23:13,17.26,0.0,5,8630,买盘
1356,14:23:25,17.25,-0.01,9,15525,卖盘
1357,14:23:34,17.25,0.0,1,1725,卖盘
1358,14:23:58,17.26,0.01,2,3452,买盘
1359,14:24:01,17.26,0.0,20,34520,买盘
1360,14:24:04,17.26,0.0,2,3452,买盘
1361,14:24:10,17.27,0.01,1,1727,买盘
1362,14:24:13,17.27,0.0,1,1727,买盘
1363,14:24:37,17.27,0.0,5,8635,卖盘
1364,14:24:46,17.28,0.01,15,27302,买盘
1365,14:24:49,17.28,0.0,1,1728,卖盘
1366,14:24:58,17.29,0.01,5,8645,买盘
1367,14:25:01,17.29,0.0,41,70889,买盘
1368,14:25:04,17.29,0.0,22,36759,买盘
1369,14:25:10,17.3,0.01,2,3460,买盘
1370,14:25:19,17.3,0.0,1,1730,买盘
1371,14:25:22,17.3,0.0,31,53630,买盘
1372,14:25:42,17.32,0.02,10,17320,买盘
1373,14:25:52,17.31,-0.01,10,17310,卖盘
1374,14:25:55,17.31,0.0,4,6924,买盘
1375,14:26:01,17.31,0.0,11,19040,买盘
1376,14:26:10,17.31,0.0,1,1731,买盘
1377,14:26:13,17.33,0.02,10,17330,买盘
1378,14:26:16,17.31,-0.02,2,3462,卖盘
1379,14:26:25,17.32,0.01,2,3464,卖盘
1380,14:26:31,17.31,-0.01,14,24255,卖盘
1381,14:26:40,17.33,0.02,5,8661,买盘
1382,14:26:46,17.32,-0.01,6,10392,买盘
1383,14:26:55,17.31,-0.01,10,17313,卖盘
1384,14:26:58,17.34,0.03,12,20802,买盘
1385,14:27:01,17.33,-0.01,21,36393,卖盘
1386,14:27:07,17.33,0.0,5,8665,买盘
1387,14:27:25,17.33,0.0,5,8665,买盘
1388,14:27:28,17.33,0.0,10,17330,卖盘
1389,14:27:31,17.33,0.0,1,1733,卖盘
1390,14:27:43,17.32,-0.01,14,24252,卖盘
1391,14:27:46,17.32,0.0,1,1732,买盘
1392,14:27:55,17.32,0.0,9,15588,买盘
1393,14:27:58,17.32,0.0,44,76208,买盘
1394,14:28:04,17.32,0.0,1,1732,卖盘
1395,14:28:10,17.32,0.0,1,1732,卖盘
1396,14:28:19,17.33,0.01,30,51978,买盘
1397,14:28:22,17.31,-0.02,6,10386,卖盘
1398,14:28:40,17.31,0.0,31,53661,买盘
1399,14:28:43,17.31,0.0,9,15579,卖盘
1400,14:28:46,17.31,0.0,4,6924,卖盘
1401,14:28:52,17.31,0.0,8,13848,卖盘
1402,14:28:58,17.31,0.0,16,27696,卖盘
1403,14:29:10,17.3,-0.01,43,74422,卖盘
1404,14:29:15,17.3,0.0,31,53630,买盘
1405,14:29:19,17.3,0.0,1,1730,买盘
1406,14:29:34,17.3,0.0,6,10380,买盘
1407,14:29:49,17.29,-0.01,5,8645,买盘
1408,14:30:07,17.3,0.01,2,3460,买盘
1409,14:30:19,17.3,0.0,4,6920,买盘
1410,14:30:37,17.31,0.01,2,3462,买盘
1411,14:30:39,17.31,0.0,68,117708,买盘
1412,14:30:46,17.3,-0.01,10,17301,卖盘
1413,14:31:01,17.32,0.02,38,65816,买盘
1414,14:31:04,17.33,0.01,51,88383,买盘
1415,14:31:19,17.33,0.0,7,12131,卖盘
1416,14:31:22,17.34,0.01,20,34680,买盘
1417,14:31:31,17.34,0.0,19,32946,买盘
1418,14:31:37,17.35,0.01,87,150931,买盘
1419,14:31:39,17.34,-0.01,15,26010,卖盘
1420,14:31:49,17.36,0.02,121,209967,买盘
1421,14:31:52,17.37,0.01,3,5211,买盘
1422,14:31:55,17.37,0.0,5,8682,买盘
1423,14:31:58,17.38,0.01,4,6952,买盘
1424,14:32:04,17.38,0.0,3,5214,买盘
1425,14:32:07,17.4,0.02,20,34773,买盘
1426,14:32:10,17.4,0.0,14,24360,买盘
1427,14:32:21,17.4,0.0,21,36537,买盘
1428,14:32:31,17.4,0.0,10,17400,买盘
1429,14:32:34,17.39,-0.01,9,15651,卖盘
1430,14:32:40,17.4,0.01,2,3480,买盘
1431,14:32:43,17.43,0.03,99,172465,买盘
1432,14:32:49,17.39,-0.04,1,1739,卖盘
1433,14:32:52,17.38,-0.01,2,3476,卖盘
1434,14:32:58,17.39,0.01,10,17390,买盘
1435,14:33:04,17.4,0.01,6,10440,卖盘
1436,14:33:07,17.4,0.0,14,24360,卖盘
1437,14:33:16,17.4,0.0,33,57390,买盘
1438,14:33:19,17.4,0.0,5,8700,买盘
1439,14:33:22,17.4,0.0,2,3480,买盘
1440,14:33:28,17.39,-0.01,39,67821,买盘
1441,14:33:37,17.39,0.0,6,10434,买盘
1442,14:33:40,17.39,0.0,3,5217,买盘
1443,14:33:46,17.39,0.0,29,50426,买盘
1444,14:34:01,17.38,-0.01,5,8690,卖盘
1445,14:34:16,17.38,0.0,8,13906,卖盘
1446,14:34:19,17.38,0.0,33,57362,卖盘
1447,14:34:58,17.37,-0.01,4,6948,卖盘
1448,14:35:04,17.37,0.0,1,1737,卖盘
1449,14:35:28,17.37,0.0,1,1737,卖盘
1450,14:35:31,17.37,0.0,6,10427,卖盘
1451,14:35:34,17.4,0.03,50,86968,买盘
1452,14:35:40,17.37,-0.03,43,74691,卖盘
1453,14:35:43,17.37,0.0,1,1737,卖盘
1454,14:35:46,17.37,0.0,3,5211,卖盘
1455,14:35:58,17.37,0.0,11,19107,买盘
1456,14:36:07,17.37,0.0,6,10422,卖盘
1457,14:36:28,17.35,-0.02,7,12145,卖盘
1458,14:36:31,17.33,-0.02,57,98791,卖盘
1459,14:36:46,17.33,0.0,10,17330,买盘
1460,14:37:04,17.32,-0.01,4,6928,卖盘
1461,14:37:13,17.33,0.01,100,173300,买盘
1462,14:37:22,17.32,-0.01,1,1732,卖盘
1463,14:37:36,17.33,0.01,27,46791,卖盘
1464,14:37:55,17.33,0.0,5,8665,卖盘
1465,14:38:07,17.33,0.0,37,64121,卖盘
1466,14:38:10,17.33,0.0,6,10398,买盘
1467,14:38:37,17.33,0.0,29,50257,买盘
1468,14:38:58,17.33,0.0,9,15597,买盘
1469,14:39:16,17.32,-0.01,4,6928,卖盘
1470,14:39:19,17.32,0.0,1,1732,卖盘
1471,14:39:28,17.32,0.0,1,1732,卖盘
1472,14:39:37,17.32,0.0,2,3464,卖盘
1473,14:39:49,17.32,0.0,30,51960,卖盘
1474,14:39:58,17.29,-0.03,178,307995,卖盘
1475,14:40:01,17.28,-0.01,6,10368,卖盘
1476,14:40:10,17.26,-0.02,2,3452,卖盘
1477,14:40:15,17.28,0.02,7,12096,买盘
1478,14:40:55,17.27,-0.01,2,3454,买盘
1479,14:41:01,17.27,0.0,30,51810,卖盘
1480,14:41:07,17.27,0.0,3,5181,卖盘
1481,14:41:10,17.3,0.03,43,74389,买盘
1482,14:41:13,17.3,0.0,1,1730,卖盘
1483,14:41:16,17.3,0.0,6,10380,卖盘
1484,14:41:19,17.27,-0.03,10,17270,买盘
1485,14:41:34,17.27,0.0,2,3454,卖盘
1486,14:42:34,17.27,0.0,71,122632,卖盘
1487,14:42:43,17.27,0.0,2,3454,买盘
1488,14:43:13,17.27,0.0,21,36267,买盘
1489,14:43:19,17.27,0.0,3,5181,买盘
1490,14:43:25,17.27,0.0,3,5181,买盘
1491,14:43:37,17.3,0.03,3,5188,买盘
1492,14:43:43,17.27,-0.03,17,29384,卖盘
1493,14:44:01,17.3,0.03,1,1730,买盘
1494,14:44:22,17.31,0.01,1,1731,卖盘
1495,14:44:31,17.32,0.01,10,17319,买盘
1496,14:44:37,17.3,-0.02,32,55360,卖盘
1497,14:44:46,17.28,-0.02,14,24192,卖盘
1498,14:44:58,17.3,0.02,8,13840,买盘
1499,14:45:13,17.3,0.0,1,1730,卖盘
1500,14:45:37,17.28,-0.02,20,34579,卖盘
1501,14:45:39,17.3,0.02,1,1730,买盘
1502,14:45:43,17.28,-0.02,13,22464,卖盘
1503,14:45:46,17.28,0.0,6,10368,卖盘
1504,14:45:49,17.28,0.0,6,10368,卖盘
1505,14:45:52,17.28,0.0,3,5184,卖盘
1506,14:45:55,17.28,0.0,3,5184,卖盘
1507,14:46:04,17.28,0.0,2,3456,卖盘
1508,14:46:07,17.29,0.01,1,1729,买盘
1509,14:46:13,17.28,-0.01,21,36288,卖盘
1510,14:46:16,17.29,0.01,8,13832,买盘
1511,14:46:31,17.29,0.0,33,57057,卖盘
1512,14:46:37,17.28,-0.01,10,17289,卖盘
1513,14:46:58,17.28,0.0,15,25924,卖盘
1514,14:47:10,17.26,-0.02,100,172650,卖盘
1515,14:47:16,17.26,0.0,1,1726,卖盘
1516,14:47:40,17.28,0.02,20,34560,卖盘
1517,14:47:46,17.28,0.0,1,1728,卖盘
1518,14:47:55,17.28,0.0,10,17280,卖盘
1519,14:48:10,17.28,0.0,2,3456,卖盘
1520,14:48:16,17.28,0.0,8,13824,卖盘
1521,14:48:25,17.28,0.0,3,5184,卖盘
1522,14:48:43,17.29,0.01,17,29393,买盘
1523,14:48:46,17.28,-0.01,1,1728,卖盘
1524,14:49:13,17.28,0.0,8,13824,卖盘
1525,14:49:22,17.27,-0.01,1,1727,卖盘
1526,14:49:31,17.27,0.0,4,6908,买盘
1527,14:49:40,17.27,0.0,1,1727,买盘
1528,14:49:43,17.28,0.01,9,15549,买盘
1529,14:50:01,17.27,-0.01,20,34540,卖盘
1530,14:50:10,17.27,0.0,4,6908,买盘
1531,14:50:43,17.28,0.01,1,1728,买盘
1532,14:50:49,17.27,-0.01,9,15543,卖盘
1533,14:50:55,17.27,0.0,1,1727,卖盘
1534,14:51:04,17.27,0.0,1,1727,买盘
1535,14:51:07,17.27,0.0,13,22446,买盘
1536,14:51:19,17.27,0.0,3,5181,买盘
1537,14:51:22,17.27,0.0,6,10362,买盘
1538,14:51:31,17.26,-0.01,3,5178,卖盘
1539,14:51:34,17.26,0.0,11,18992,卖盘
1540,14:51:46,17.27,0.01,6,10362,买盘
1541,14:51:49,17.26,-0.01,26,44876,卖盘
1542,14:52:01,17.26,0.0,6,10356,买盘
1543,14:52:13,17.25,-0.01,6,10350,卖盘
1544,14:52:34,17.25,0.0,6,10350,卖盘
1545,14:52:37,17.25,0.0,1,1725,卖盘
1546,14:52:46,17.25,0.0,3,5175,卖盘
1547,14:52:49,17.26,0.01,9,15528,买盘
1548,14:52:58,17.25,-0.01,2,3450,买盘
1549,14:53:01,17.24,-0.01,2,3448,卖盘
1550,14:53:16,17.25,0.01,1,1725,买盘
1551,14:53:22,17.25,0.0,1,1725,买盘
1552,14:53:28,17.24,-0.01,10,17240,卖盘
1553,14:53:31,17.24,0.0,3,5172,卖盘
1554,14:53:34,17.25,0.01,10,17250,买盘
1555,14:53:55,17.24,-0.01,2,3448,卖盘
1556,14:53:58,17.2,-0.04,241,414850,卖盘
1557,14:54:01,17.19,-0.01,2,3438,卖盘
1558,14:54:10,17.2,0.01,2,3440,买盘
1559,14:54:13,17.18,-0.02,8,13744,卖盘
1560,14:54:19,17.18,0.0,6,10308,卖盘
1561,14:54:22,17.18,0.0,1,1718,买盘
1562,14:54:25,17.18,0.0,1,1718,买盘
1563,14:54:31,17.18,0.0,32,54976,买盘
1564,14:54:34,17.18,0.0,7,12026,买盘
1565,14:54:46,17.18,0.0,7,12026,卖盘
1566,14:55:04,17.17,-0.01,65,111618,卖盘
1567,14:55:16,17.2,0.03,80,137600,买盘
1568,14:55:19,17.18,-0.02,17,29206,卖盘
1569,14:55:31,17.18,0.0,7,12026,买盘
1570,14:55:37,17.17,-0.01,78,133969,卖盘
1571,14:55:40,17.17,0.0,4,6868,买盘
1572,14:55:43,17.17,0.0,13,22321,买盘
1573,14:55:46,17.17,0.0,2,3434,买盘
1574,14:55:49,17.17,0.0,3,5151,买盘
1575,14:55:52,17.17,0.0,1,1717,卖盘
1576,14:56:07,17.17,0.0,60,103020,卖盘
1577,14:56:16,17.2,0.03,15,25800,买盘
1578,14:56:19,17.17,-0.03,1,1717,卖盘
1579,14:56:22,17.17,0.0,5,8585,卖盘
1580,14:56:28,17.2,0.03,25,42950,买盘
1581,14:56:37,17.17,-0.03,11,18914,卖盘
1582,14:56:43,17.2,0.03,12,20640,买盘
1583,14:56:46,17.2,0.0,1,1720,买盘
1584,14:56:49,17.2,0.0,20,34400,买盘
1585,14:56:58,17.19,-0.01,4,6876,买盘
1586,15:00:04,17.2,0.01,645,1109400,卖盘
