,time,price,change,volume,amount,type
0,09:25:05,7.95,0.05,45,35775,卖盘
1,09:30:07,7.95,0.0,286,227378,买盘
2,09:30:10,7.95,0.0,28,22260,卖盘
3,09:30:22,7.95,0.0,16,12720,卖盘
4,09:30:25,7.95,0.0,6,4770,卖盘
5,09:30:28,7.96,0.01,3,2388,卖盘
6,09:30:31,7.96,0.0,10,7960,卖盘
7,09:30:34,7.96,0.0,6,4776,卖盘
8,09:30:37,7.95,-0.01,13,10337,卖盘
9,09:30:40,7.95,0.0,2,1590,卖盘
10,09:30:43,7.95,0.0,3,2385,卖盘
11,09:30:46,7.95,0.0,3,2385,卖盘
12,09:30:49,7.95,0.0,12,9540,卖盘
13,09:30:52,7.95,0.0,1,795,卖盘
14,09:30:55,7.95,0.0,4,3180,卖盘
15,09:30:58,7.95,0.0,4,3180,卖盘
16,09:31:01,7.96,0.01,17,13532,买盘
17,09:31:04,7.95,-0.01,15,11938,卖盘
18,09:31:07,7.95,0.0,44,34980,卖盘
19,09:31:10,7.96,0.01,3,2388,买盘
20,09:31:13,7.96,0.0,2,1591,买盘
21,09:31:16,7.95,-0.01,1,795,卖盘
22,09:31:19,7.95,0.0,20,15900,卖盘
23,09:31:25,7.97,0.02,50,39783,买盘
24,09:31:58,7.95,-0.02,1,795,卖盘
25,09:32:01,7.95,0.0,1,795,卖盘
26,09:32:13,7.96,0.01,25,19900,买盘
27,09:32:16,7.96,0.0,13,10358,卖盘
28,09:32:25,7.97,0.01,54,43037,买盘
29,09:32:28,7.97,0.0,12,9564,卖盘
30,09:32:40,7.98,0.01,32,25516,买盘
31,09:32:46,7.98,0.0,5,3990,买盘
32,09:32:52,7.98,0.0,1,798,买盘
33,09:32:58,7.98,0.0,4,3192,买盘
34,09:33:01,7.98,0.0,20,15960,买盘
35,09:33:07,7.98,0.0,11,8778,卖盘
36,09:33:19,7.97,-0.01,3,2391,卖盘
37,09:33:22,7.99,0.02,83,66295,买盘
38,09:33:31,7.98,-0.01,22,17556,卖盘
39,09:33:34,7.99,0.01,39,31161,买盘
40,09:33:37,8.0,0.01,277,221453,买盘
41,09:33:43,7.99,-0.01,10,7990,卖盘
42,09:33:49,7.99,0.0,30,23970,卖盘
43,09:33:52,8.0,0.01,34,27180,买盘
44,09:33:55,8.0,0.0,13,10400,买盘
45,09:33:58,7.99,-0.01,10,7990,卖盘
46,09:34:01,7.99,0.0,20,15980,卖盘
47,09:34:04,7.99,0.0,75,59978,卖盘
48,09:34:10,8.01,0.02,12,9612,买盘
49,09:34:13,8.01,0.0,66,52866,买盘
50,09:34:22,8.02,0.01,1,802,买盘
51,09:34:40,8.01,-0.01,16,12816,卖盘
52,09:34:43,8.02,0.01,10,8016,买盘
53,09:34:46,8.02,0.0,4,3208,买盘
54,09:34:52,8.01,-0.01,20,16020,买盘
55,09:34:58,8.02,0.01,18,14436,买盘
56,09:35:19,8.03,0.01,33,26499,买盘
57,09:35:22,8.03,0.0,1,803,买盘
58,09:35:28,8.03,0.0,8,6421,买盘
59,09:35:40,8.03,0.0,72,57816,买盘
60,09:35:55,8.03,0.0,109,87622,卖盘
61,09:35:58,8.03,0.0,37,29711,卖盘
62,09:36:01,8.04,0.01,21,16884,买盘
63,09:36:04,8.04,0.0,5,4020,买盘
64,09:36:10,8.05,0.01,50,40250,买盘
65,09:36:16,8.05,0.0,112,90160,买盘
66,09:36:25,8.05,0.0,12,9660,买盘
67,09:36:28,8.05,0.0,25,20125,买盘
68,09:36:40,8.06,0.01,22,17732,买盘
69,09:36:43,8.05,-0.01,3,2415,卖盘
70,09:36:52,8.06,0.01,61,49166,买盘
71,09:36:57,8.06,0.0,20,16120,卖盘
72,09:37:06,8.06,0.0,30,24180,卖盘
73,09:37:12,8.07,0.01,50,40350,买盘
74,09:37:16,8.06,-0.01,45,36311,卖盘
75,09:37:51,8.05,-0.01,45,36225,卖盘
76,09:38:04,8.04,-0.01,51,41004,卖盘
77,09:38:16,8.04,0.0,3,2412,买盘
78,09:38:25,8.03,-0.01,10,8030,卖盘
79,09:38:46,8.04,0.01,3,2412,买盘
80,09:38:51,8.03,-0.01,9,7227,卖盘
81,09:39:07,8.04,0.01,53,42612,买盘
82,09:39:16,8.04,0.0,8,6432,买盘
83,09:39:25,8.04,0.0,1,804,卖盘
84,09:39:28,8.05,0.01,5,4025,买盘
85,09:39:37,8.06,0.01,1,806,买盘
86,09:39:43,8.05,-0.01,3,2415,卖盘
87,09:39:52,8.06,0.01,63,50778,买盘
88,09:39:55,8.05,-0.01,19,15295,卖盘
89,09:40:19,8.06,0.01,37,29822,买盘
90,09:40:46,8.06,0.0,71,57226,买盘
91,09:40:48,8.06,0.0,3,2418,卖盘
92,09:40:58,8.06,0.0,50,40300,卖盘
93,09:41:06,8.07,0.01,9,7263,买盘
94,09:41:12,8.07,0.0,5,4035,买盘
95,09:41:28,8.07,0.0,96,77472,买盘
96,09:41:37,8.07,0.0,20,16140,卖盘
97,09:41:40,8.07,0.0,30,24210,买盘
98,09:42:01,8.08,0.01,3,2424,买盘
99,09:42:05,8.07,-0.01,19,15333,卖盘
100,09:42:19,8.07,0.0,23,18561,买盘
101,09:42:25,8.07,0.0,23,18561,买盘
102,09:42:28,8.07,0.0,6,4842,买盘
103,09:42:31,8.07,0.0,79,63758,买盘
104,09:42:34,8.07,0.0,4,3228,买盘
105,09:42:36,8.07,0.0,11,8877,买盘
106,09:42:40,8.07,0.0,5,4035,买盘
107,09:42:43,8.07,0.0,21,16947,买盘
108,09:42:46,8.07,0.0,15,12105,买盘
109,09:42:49,8.07,0.0,20,16140,买盘
110,09:42:58,8.07,0.0,8,6456,买盘
111,09:43:16,8.07,0.0,6,4842,买盘
112,09:43:25,8.07,0.0,2,1614,买盘
113,09:43:28,8.07,0.0,5,4035,买盘
114,09:43:45,8.07,0.0,21,16947,买盘
115,09:43:49,8.07,0.0,1,807,买盘
116,09:44:01,8.06,-0.01,30,24180,卖盘
117,09:44:21,8.07,0.01,30,24190,买盘
118,09:44:24,8.06,-0.01,10,8060,卖盘
119,09:44:37,8.06,0.0,400,322400,卖盘
120,09:44:40,8.07,0.01,45,36285,买盘
121,09:44:46,8.06,-0.01,24,19344,卖盘
122,09:45:09,8.05,-0.01,192,154697,卖盘
123,09:45:13,8.05,0.0,4,3220,卖盘
124,09:45:19,8.05,0.0,1,805,买盘
125,09:45:46,8.05,0.0,1,805,买盘
126,09:46:01,8.04,-0.01,4,3216,卖盘
127,09:46:22,8.04,0.0,4,3216,卖盘
128,09:46:27,8.04,0.0,10,8040,卖盘
129,09:46:30,8.04,0.0,60,48240,卖盘
130,09:49:12,8.04,0.0,34,27336,买盘
131,09:49:25,8.04,0.0,40,32160,买盘
132,09:49:54,8.05,0.01,3,2415,买盘
133,09:50:39,8.05,0.0,26,20930,买盘
134,09:50:52,8.06,0.01,7,5642,买盘
135,09:50:55,8.06,0.0,38,30628,买盘
136,09:51:06,8.06,0.0,37,29822,买盘
137,09:51:24,8.06,0.0,6,4836,卖盘
138,09:51:49,8.07,0.01,20,16140,买盘
139,09:51:52,8.06,-0.01,8,6448,卖盘
140,09:51:58,8.06,0.0,9,7254,买盘
141,09:52:16,8.06,0.0,33,26598,买盘
142,09:53:31,8.06,0.0,48,38688,卖盘
143,09:53:49,8.05,-0.01,100,80500,卖盘
144,09:54:16,8.05,0.0,25,20125,卖盘
145,09:54:31,8.05,0.0,10,8050,卖盘
146,09:55:22,8.05,0.0,24,19320,卖盘
147,09:55:25,8.05,0.0,13,10465,买盘
148,09:56:01,8.06,0.01,152,122512,买盘
149,09:56:27,8.07,0.01,100,80700,买盘
150,09:56:39,8.07,0.0,203,163821,买盘
151,09:56:42,8.07,0.0,1,807,买盘
152,09:56:55,8.07,0.0,39,31473,买盘
153,09:57:01,8.07,0.0,17,13719,买盘
154,09:57:04,8.07,0.0,12,9684,买盘
155,09:57:27,8.08,0.01,100,80800,买盘
156,09:57:37,8.09,0.01,179,144666,买盘
157,09:57:45,8.08,-0.01,11,8888,买盘
158,09:57:55,8.09,0.01,8,6472,买盘
159,09:57:58,8.09,0.0,50,40450,买盘
160,09:58:01,8.09,0.0,11,8899,买盘
161,09:58:04,8.09,0.0,6,4854,买盘
162,09:58:16,8.09,0.0,61,49349,买盘
163,09:58:37,8.1,0.01,15,12141,买盘
164,09:58:46,8.09,-0.01,25,20225,卖盘
165,09:58:51,8.1,0.01,5,4050,买盘
166,09:58:54,8.09,-0.01,1,809,卖盘
167,09:59:19,8.09,0.0,16,12944,买盘
168,09:59:25,8.09,0.0,6,4854,卖盘
169,09:59:28,8.09,0.0,3,2427,卖盘
170,09:59:45,8.09,0.0,12,9708,卖盘
171,10:00:01,8.09,0.0,6,4854,卖盘
172,10:01:28,8.08,-0.01,12,9696,卖盘
173,10:02:31,8.09,0.01,62,50097,买盘
174,10:04:27,8.08,-0.01,10,8080,买盘
175,10:04:36,8.09,0.01,100,80900,买盘
176,10:04:52,8.09,0.0,27,21843,买盘
177,10:05:04,8.09,0.0,10,8090,卖盘
178,10:05:09,8.09,0.0,30,24270,卖盘
179,10:05:13,8.1,0.01,1,810,买盘
180,10:05:31,8.1,0.0,30,24300,买盘
181,10:05:36,8.1,0.0,48,38880,买盘
182,10:05:40,8.1,0.0,16,12960,买盘
183,10:05:43,8.1,0.0,4,3240,买盘
184,10:05:46,8.1,0.0,22,17820,买盘
185,10:05:49,8.1,0.0,36,29160,买盘
186,10:05:55,8.1,0.0,1,810,买盘
187,10:05:58,8.1,0.0,1,810,买盘
188,10:06:01,8.1,0.0,1,810,买盘
189,10:06:04,8.09,-0.01,10,8090,卖盘
190,10:06:07,8.1,0.01,23,18630,买盘
191,10:06:10,8.1,0.0,14,11340,卖盘
192,10:06:12,8.1,0.0,2,1620,买盘
193,10:06:19,8.11,0.01,184,149223,买盘
194,10:06:33,8.11,0.0,79,64069,卖盘
195,10:06:39,8.12,0.01,2,1624,买盘
196,10:06:49,8.12,0.0,25,20281,买盘
197,10:06:55,8.11,-0.01,15,12165,卖盘
198,10:07:09,8.11,0.0,2,1622,买盘
199,10:07:13,8.11,0.0,10,8110,买盘
200,10:07:36,8.1,-0.01,10,8100,卖盘
201,10:07:49,8.11,0.01,5,4055,买盘
202,10:08:36,8.1,-0.01,3,2430,卖盘
203,10:08:52,8.1,0.0,63,51030,卖盘
204,10:09:22,8.09,-0.01,49,39641,卖盘
205,10:09:30,8.1,0.01,10,8100,买盘
206,10:09:33,8.09,-0.01,10,8090,卖盘
207,10:09:37,8.09,0.0,19,15371,卖盘
208,10:10:07,8.09,0.0,3,2427,买盘
209,10:10:10,8.09,0.0,17,13753,买盘
210,10:10:16,8.09,0.0,3,2427,买盘
211,10:10:19,8.09,0.0,51,41259,买盘
212,10:10:31,8.09,0.0,1,809,买盘
213,10:10:40,8.09,0.0,1,809,买盘
214,10:10:43,8.08,-0.01,11,8888,卖盘
215,10:10:45,8.08,0.0,4,3232,买盘
216,10:11:03,8.1,0.02,1,810,买盘
217,10:12:31,8.08,-0.02,4,3232,卖盘
218,10:12:54,8.08,0.0,36,29088,卖盘
219,10:13:37,8.08,0.0,1,808,买盘
220,10:14:34,8.08,0.0,2,1616,卖盘
221,10:14:46,8.09,0.01,1,809,买盘
222,10:15:06,8.08,-0.01,5,4040,卖盘
223,10:15:16,8.09,0.01,57,46113,买盘
224,10:18:12,8.08,-0.01,11,8888,卖盘
225,10:18:34,8.08,0.0,17,13736,卖盘
226,10:19:46,8.07,-0.01,10,8070,卖盘
227,10:20:57,8.08,0.01,3,2424,买盘
228,10:21:43,8.07,-0.01,23,18561,卖盘
229,10:22:04,8.06,-0.01,53,42736,卖盘
230,10:22:10,8.07,0.01,27,21789,买盘
231,10:22:18,8.08,0.01,30,24240,买盘
232,10:22:46,8.08,0.0,3,2424,卖盘
233,10:23:40,8.07,-0.01,13,10491,卖盘
234,10:24:15,8.07,0.0,12,9684,买盘
235,10:24:19,8.06,-0.01,8,6448,卖盘
236,10:24:52,8.06,0.0,3,2418,卖盘
237,10:24:58,8.06,0.0,1,806,买盘
238,10:25:04,8.04,-0.02,100,80470,卖盘
239,10:27:37,8.05,0.01,20,16100,卖盘
240,10:27:58,8.06,0.01,2,1612,买盘
241,10:28:01,8.05,-0.01,10,8050,卖盘
242,10:28:40,8.05,0.0,21,16905,卖盘
243,10:30:16,8.06,0.01,33,26598,买盘
244,10:30:25,8.06,0.0,1,806,买盘
245,10:30:45,8.05,-0.01,3,2415,卖盘
246,10:31:06,8.06,0.01,14,11284,买盘
247,10:31:19,8.07,0.01,60,48420,买盘
248,10:31:40,8.07,0.0,2,1614,买盘
249,10:32:19,8.07,0.0,9,7263,买盘
250,10:33:31,8.06,-0.01,2,1612,卖盘
251,10:33:52,8.05,-0.01,5,4025,卖盘
252,10:34:12,8.05,0.0,1,805,卖盘
253,10:36:25,8.05,0.0,37,29785,卖盘
254,10:39:04,8.04,-0.01,18,14472,卖盘
255,10:39:55,8.04,0.0,4,3216,卖盘
256,10:40:36,8.04,0.0,6,4824,卖盘
257,10:41:21,8.05,0.01,20,16100,买盘
258,10:45:25,8.05,0.0,1,805,买盘
259,10:45:30,8.04,-0.01,3,2412,卖盘
260,10:45:58,8.04,0.0,6,4824,卖盘
261,10:46:18,8.04,0.0,78,62712,卖盘
262,10:46:55,8.04,0.0,10,8040,买盘
263,10:47:10,8.04,0.0,1,804,买盘
264,10:48:22,8.04,0.0,11,8844,买盘
265,10:49:09,8.04,0.0,11,8844,卖盘
266,10:51:04,8.03,-0.01,29,23287,卖盘
267,10:51:45,8.03,0.0,18,14454,卖盘
268,10:52:49,8.04,0.01,10,8040,买盘
269,10:52:52,8.04,0.0,10,8040,卖盘
270,10:56:18,8.05,0.01,7,5635,买盘
271,10:56:39,8.05,0.0,43,34615,买盘
272,10:56:58,8.04,-0.01,1,804,卖盘
273,10:57:46,8.05,0.01,53,42665,买盘
274,10:58:03,8.05,0.0,5,4025,卖盘
275,11:02:06,8.06,0.01,24,19344,买盘
276,11:02:55,8.07,0.01,50,40350,买盘
277,11:03:55,8.07,0.0,1,807,买盘
278,11:04:10,8.06,-0.01,52,41912,卖盘
279,11:04:43,8.07,0.01,1,807,买盘
280,11:05:24,8.07,0.0,6,4842,买盘
281,11:05:57,8.07,0.0,7,5649,买盘
282,11:06:30,8.07,0.0,9,7263,卖盘
283,11:11:31,8.07,0.0,10,8070,卖盘
284,11:12:54,8.07,0.0,5,4035,卖盘
285,11:13:16,8.07,0.0,18,14526,卖盘
286,11:14:30,8.06,-0.01,45,36270,卖盘
287,11:14:36,8.06,0.0,78,62868,卖盘
288,11:14:43,8.06,0.0,22,17732,卖盘
289,11:17:42,8.06,0.0,5,4030,卖盘
290,11:18:04,8.05,-0.01,1,805,卖盘
291,11:19:16,8.06,0.01,1,806,买盘
292,11:20:16,8.06,0.0,33,26598,买盘
293,11:22:39,8.06,0.0,6,4836,买盘
294,11:24:30,8.07,0.01,34,27438,买盘
295,11:24:33,8.07,0.0,1,807,买盘
296,11:25:30,8.07,0.0,1,807,买盘
297,11:25:36,8.07,0.0,10,8070,卖盘
298,11:26:33,8.06,-0.01,5,4030,卖盘
299,11:28:07,8.06,0.0,6,4836,买盘
300,11:29:16,8.07,0.01,4,3228,买盘
301,11:29:48,8.06,-0.01,5,4030,卖盘
302,11:30:04,8.06,0.0,10,8060,买盘
303,13:00:07,8.07,0.01,10,8070,买盘
304,13:00:10,8.06,-0.01,1,806,卖盘
305,13:01:58,8.06,0.0,10,8060,卖盘
306,13:05:01,8.06,0.0,23,18538,卖盘
307,13:05:24,8.05,-0.01,14,11270,卖盘
308,13:05:31,8.05,0.0,12,9660,买盘
309,13:06:19,8.04,-0.01,20,16080,卖盘
310,13:06:22,8.05,0.01,3,2415,买盘
311,13:07:04,8.05,0.0,7,5635,买盘
312,13:07:06,8.04,-0.01,60,48240,卖盘
313,13:07:09,8.05,0.01,31,24955,买盘
314,13:08:01,8.05,0.0,2,1610,买盘
315,13:08:06,8.05,0.0,21,16905,买盘
316,13:09:33,8.05,0.0,35,28175,卖盘
317,13:12:13,8.07,0.02,16,12912,买盘
318,13:13:12,8.06,-0.01,3,2418,买盘
319,13:13:52,8.06,0.0,1,806,买盘
320,13:14:06,8.07,0.01,1,807,买盘
321,13:19:04,8.06,-0.01,3,2418,卖盘
322,13:19:09,8.06,0.0,12,9672,卖盘
323,13:20:12,8.06,0.0,20,16120,买盘
324,13:20:46,8.06,0.0,4,3224,卖盘
325,13:21:55,8.06,0.0,1,806,买盘
326,13:22:00,8.06,0.0,3,2418,卖盘
327,13:22:27,8.06,0.0,1,806,买盘
328,13:24:16,8.06,0.0,2,1612,买盘
329,13:24:21,8.05,-0.01,1,805,卖盘
330,13:26:21,8.06,0.01,1,806,买盘
331,13:26:37,8.06,0.0,1,806,买盘
332,13:26:43,8.05,-0.01,4,3220,卖盘
333,13:26:48,8.05,0.0,9,7245,买盘
334,13:28:07,8.05,0.0,6,4830,卖盘
335,13:28:13,8.05,0.0,4,3220,卖盘
336,13:29:06,8.06,0.01,2,1612,买盘
337,13:31:04,8.05,-0.01,3,2415,卖盘
338,13:31:10,8.05,0.0,1,805,买盘
339,13:31:15,8.05,0.0,2,1610,卖盘
340,13:31:18,8.05,0.0,2,1610,卖盘
341,13:31:31,8.05,0.0,1,805,买盘
342,13:31:36,8.05,0.0,4,3220,卖盘
343,13:31:48,8.05,0.0,3,2415,卖盘
344,13:31:55,8.05,0.0,2,1610,卖盘
345,13:32:22,8.05,0.0,2,1610,卖盘
346,13:32:34,8.05,0.0,9,7245,卖盘
347,13:34:12,8.05,0.0,1,805,卖盘
348,13:34:19,8.05,0.0,191,153755,卖盘
349,13:34:49,8.04,-0.01,40,32160,卖盘
350,13:36:51,8.04,0.0,20,16080,卖盘
351,13:37:43,8.04,0.0,8,6432,卖盘
352,13:39:51,8.04,0.0,17,13668,卖盘
353,13:39:58,8.04,0.0,3,2412,买盘
354,13:41:37,8.04,0.0,4,3216,卖盘
355,13:41:48,8.04,0.0,8,6432,卖盘
356,13:42:54,8.05,0.01,25,20125,买盘
357,13:43:34,8.06,0.01,19,15314,买盘
358,13:44:22,8.05,-0.01,7,5635,卖盘
359,13:44:25,8.05,0.0,25,20125,卖盘
360,13:44:31,8.05,0.0,26,20930,卖盘
361,13:46:13,8.04,-0.01,10,8040,买盘
362,13:47:07,8.05,0.01,10,8050,买盘
363,13:47:58,8.05,0.0,33,26565,买盘
364,13:51:54,8.04,-0.01,10,8040,卖盘
365,13:52:36,8.04,0.0,99,79596,卖盘
366,13:53:36,8.04,0.0,30,24120,卖盘
367,13:55:40,8.04,0.0,5,4020,卖盘
368,13:55:43,8.05,0.01,42,33810,买盘
369,13:56:21,8.04,-0.01,2,1608,卖盘
370,13:56:33,8.04,0.0,5,4020,卖盘
371,13:56:42,8.04,0.0,57,45828,卖盘
372,13:56:49,8.05,0.01,8,6440,买盘
373,13:58:25,8.04,-0.01,41,32964,卖盘
374,13:59:01,8.03,-0.01,129,103587,卖盘
375,14:01:39,8.04,0.01,20,16080,买盘
376,14:01:49,8.04,0.0,2,1608,买盘
377,14:01:55,8.04,0.0,2,1608,买盘
378,14:02:00,8.04,0.0,1,804,买盘
379,14:02:58,8.03,-0.01,5,4015,卖盘
380,14:05:13,8.03,0.0,50,40150,卖盘
381,14:08:15,8.03,0.0,3,2409,卖盘
382,14:10:16,8.04,0.01,2,1608,买盘
383,14:10:19,8.03,-0.01,34,27306,卖盘
384,14:10:22,8.04,0.01,4,3216,买盘
385,14:10:42,8.04,0.0,10,8040,卖盘
386,14:11:04,8.04,0.0,13,10452,卖盘
387,14:11:37,8.04,0.0,3,2412,卖盘
388,14:12:46,8.03,-0.01,15,12045,卖盘
389,14:14:46,8.02,-0.01,35,28070,卖盘
390,14:16:01,8.02,0.0,49,39298,卖盘
391,14:16:09,8.02,0.0,4,3211,卖盘
392,14:16:15,8.02,0.0,14,11228,买盘
393,14:17:57,8.03,0.01,3,2409,卖盘
394,14:20:34,8.03,0.0,33,26499,买盘
395,14:21:30,8.03,0.0,4,3212,买盘
396,14:21:55,8.03,0.0,42,33726,买盘
397,14:22:13,8.02,-0.01,2,1604,卖盘
398,14:22:18,8.02,0.0,22,17644,卖盘
399,14:22:37,8.03,0.01,85,68255,买盘
400,14:24:18,8.03,0.0,2,1606,卖盘
401,14:24:24,8.03,0.0,3,2409,买盘
402,14:24:43,8.03,0.0,4,3212,卖盘
403,14:24:49,8.03,0.0,11,8833,买盘
404,14:24:55,8.03,0.0,6,4818,买盘
405,14:24:57,8.04,0.01,3,2412,买盘
406,14:27:18,8.04,0.0,20,16080,买盘
407,14:27:42,8.04,0.0,35,28140,买盘
408,14:27:49,8.04,0.0,13,10452,买盘
409,14:27:52,8.05,0.01,13,10465,买盘
410,14:28:46,8.04,-0.01,8,6432,卖盘
411,14:28:52,8.05,0.01,39,31370,买盘
412,14:31:01,8.05,0.0,1,805,买盘
413,14:31:04,8.04,-0.01,20,16080,卖盘
414,14:31:15,8.05,0.01,35,28175,买盘
415,14:31:22,8.05,0.0,23,18515,买盘
416,14:31:37,8.05,0.0,8,6440,买盘
417,14:31:48,8.04,-0.01,6,4824,卖盘
418,14:32:40,8.04,0.0,5,4020,卖盘
419,14:32:45,8.05,0.01,1,805,买盘
420,14:34:10,8.05,0.0,9,7245,买盘
421,14:36:07,8.04,-0.01,37,29748,卖盘
422,14:36:10,8.05,0.01,23,18515,买盘
423,14:36:18,8.05,0.0,13,10465,买盘
424,14:36:39,8.05,0.0,2,1610,买盘
425,14:36:46,8.04,-0.01,91,73164,卖盘
426,14:37:45,8.04,0.0,10,8040,卖盘
427,14:37:48,8.04,0.0,30,24120,卖盘
428,14:38:18,8.04,0.0,10,8040,买盘
429,14:39:10,8.04,0.0,4,3216,卖盘
430,14:40:31,8.04,0.0,1,804,卖盘
431,14:40:49,8.04,0.0,9,7236,卖盘
432,14:40:58,8.04,0.0,100,80400,中性盘
433,14:41:07,8.04,0.0,5,4020,卖盘
434,14:41:10,8.04,0.0,45,36180,买盘
435,14:41:13,8.04,0.0,1,804,买盘
436,14:41:16,8.04,0.0,11,8844,买盘
437,14:41:18,8.04,0.0,31,24924,买盘
438,14:41:28,8.04,0.0,20,16080,卖盘
439,14:41:33,8.04,0.0,14,11256,卖盘
440,14:42:13,8.04,0.0,22,17688,买盘
441,14:42:24,8.03,-0.01,79,63437,卖盘
442,14:43:13,8.03,0.0,20,16060,卖盘
443,14:43:37,8.04,0.01,264,212256,买盘
444,14:44:04,8.04,0.0,20,16080,卖盘
445,14:44:10,8.04,0.0,6,4824,买盘
446,14:44:19,8.05,0.01,157,126385,买盘
447,14:44:24,8.06,0.01,6,4836,买盘
448,14:44:31,8.06,0.0,6,4836,买盘
449,14:44:37,8.06,0.0,51,41106,买盘
450,14:44:40,8.06,0.0,2,1612,买盘
451,14:44:43,8.06,0.0,11,8866,买盘
452,14:44:46,8.06,0.0,11,8866,买盘
453,14:44:51,8.06,0.0,20,16120,买盘
454,14:44:57,8.06,0.0,10,8060,买盘
455,14:45:03,8.06,0.0,10,8060,买盘
456,14:45:16,8.06,0.0,40,32240,买盘
457,14:45:22,8.06,0.0,5,4030,买盘
458,14:46:07,8.06,0.0,9,7254,卖盘
459,14:46:13,8.06,0.0,4,3224,买盘
460,14:46:19,8.06,0.0,1,806,买盘
461,14:46:34,8.05,-0.01,10,8050,卖盘
462,14:47:10,8.06,0.01,2,1612,买盘
463,14:47:43,8.07,0.01,166,133962,买盘
464,14:47:48,8.06,-0.01,50,40300,卖盘
465,14:47:54,8.07,0.01,12,9684,买盘
466,14:47:57,8.07,0.0,2,1614,买盘
467,14:48:25,8.07,0.0,38,30666,买盘
468,14:48:34,8.06,-0.01,19,15314,卖盘
469,14:48:39,8.06,0.0,8,6448,买盘
470,14:48:46,8.06,0.0,1,806,买盘
471,14:48:55,8.06,0.0,2,1612,买盘
472,14:49:06,8.06,0.0,3,2418,卖盘
473,14:49:13,8.06,0.0,3,2418,买盘
474,14:49:58,8.07,0.01,100,80638,买盘
475,14:50:04,8.07,0.0,16,12912,买盘
476,14:50:07,8.07,0.0,58,46806,买盘
477,14:50:13,8.08,0.01,128,103424,买盘
478,14:50:19,8.09,0.01,8,6471,买盘
479,14:50:25,8.08,-0.01,50,40400,卖盘
480,14:50:37,8.08,0.0,92,74336,卖盘
481,14:50:40,8.08,0.0,3,2424,买盘
482,14:50:43,8.08,0.0,2,1616,买盘
483,14:50:49,8.08,0.0,3,2424,买盘
484,14:50:52,8.07,-0.01,20,16140,卖盘
485,14:50:55,8.07,0.0,23,18561,买盘
486,14:51:09,8.08,0.01,67,54074,买盘
487,14:51:25,8.08,0.0,25,20200,买盘
488,14:51:49,8.08,0.0,6,4848,买盘
489,14:52:01,8.07,-0.01,50,40350,卖盘
490,14:52:07,8.07,0.0,200,161400,卖盘
491,14:52:19,8.08,0.01,3,2424,买盘
492,14:52:34,8.07,-0.01,10,8070,卖盘
493,14:52:37,8.07,0.0,100,80700,卖盘
494,14:52:43,8.07,0.0,31,25017,卖盘
495,14:52:51,8.07,0.0,29,23403,买盘
496,14:52:55,8.07,0.0,1,807,买盘
497,14:53:04,8.07,0.0,65,52455,买盘
498,14:53:25,8.06,-0.01,80,64480,卖盘
499,14:53:27,8.06,0.0,206,166036,卖盘
500,14:53:46,8.06,0.0,25,20150,卖盘
501,14:53:49,8.06,0.0,38,30628,卖盘
502,14:54:01,8.06,0.0,40,32240,卖盘
503,14:54:04,8.07,0.01,55,44385,买盘
504,14:54:22,8.07,0.0,20,16140,卖盘
505,14:54:25,8.07,0.0,10,8070,卖盘
506,14:54:28,8.07,0.0,10,8070,卖盘
507,14:54:34,8.07,0.0,5,4035,买盘
508,14:54:43,8.07,0.0,15,12105,买盘
509,14:54:46,8.07,0.0,20,16140,卖盘
510,14:55:04,8.08,0.01,159,128472,买盘
511,14:55:19,8.08,0.0,50,40400,卖盘
512,14:55:37,8.08,0.0,62,50096,买盘
513,14:55:49,8.08,0.0,24,19392,卖盘
514,14:55:55,8.09,0.01,150,121350,买盘
515,14:56:01,8.09,0.0,10,8090,买盘
516,14:56:10,8.08,-0.01,300,242400,卖盘
517,14:56:25,8.08,0.0,96,77568,卖盘
518,14:56:49,8.08,0.0,42,33936,买盘
519,15:00:04,8.07,-0.01,387,312309,卖盘
