,time,price,change,volume,amount,type
0,09:25:04,3.94,0.0,243,95742,卖盘
1,09:30:04,3.93,-0.01,98,38514,卖盘
2,09:30:07,3.93,0.0,628,246425,买盘
3,09:30:10,3.94,0.01,154,60446,买盘
4,09:30:13,3.93,-0.01,1,393,中性盘
5,09:30:16,3.93,0.0,7,2751,卖盘
6,09:30:18,3.92,-0.01,1,392,卖盘
7,09:30:25,3.91,-0.01,17,6662,卖盘
8,09:30:34,3.91,0.0,117,45781,卖盘
9,09:30:37,3.91,0.0,1,391,卖盘
10,09:30:43,3.94,0.03,100,39366,买盘
11,09:30:48,3.93,-0.01,2,786,买盘
12,09:31:01,3.92,-0.01,8,3136,卖盘
13,09:31:05,3.93,0.01,26,10218,买盘
14,09:31:07,3.93,0.0,52,20434,买盘
15,09:31:10,3.93,0.0,101,39692,买盘
16,09:31:13,3.92,-0.01,1,392,卖盘
17,09:31:16,3.93,0.01,2,786,买盘
18,09:31:19,3.93,0.0,23,9032,买盘
19,09:31:25,3.93,0.0,45,17684,买盘
20,09:31:28,3.93,0.0,5,1965,卖盘
21,09:31:31,3.93,0.0,1,393,卖盘
22,09:31:36,3.93,0.0,1,393,卖盘
23,09:31:43,3.93,0.0,1,393,卖盘
24,09:31:46,3.94,0.01,13,5121,买盘
25,09:31:49,3.94,0.0,2,788,买盘
26,09:31:52,3.93,-0.01,2,786,卖盘
27,09:31:55,3.93,0.0,3,1179,卖盘
28,09:31:58,3.93,0.0,1,393,卖盘
29,09:32:01,3.93,0.0,3,1180,卖盘
30,09:32:04,3.93,0.0,3,1179,卖盘
31,09:32:07,3.93,0.0,5,1965,卖盘
32,09:32:10,3.94,0.01,26,10243,买盘
33,09:32:13,3.93,-0.01,7,2753,卖盘
34,09:32:16,3.93,0.0,3,1179,卖盘
35,09:32:19,3.93,0.0,3,1179,卖盘
36,09:32:22,3.94,0.01,12,4726,买盘
37,09:32:25,3.93,-0.01,6,2363,卖盘
38,09:32:28,3.93,0.0,28,11027,卖盘
39,09:32:31,3.93,0.0,1,393,卖盘
40,09:32:34,3.93,0.0,15,5895,卖盘
41,09:32:37,3.94,0.01,28,11028,买盘
42,09:32:40,3.94,0.0,3,1180,买盘
43,09:32:43,3.93,-0.01,57,22405,卖盘
44,09:32:46,3.93,0.0,1,393,卖盘
45,09:32:49,3.93,0.0,3,1179,卖盘
46,09:32:52,3.93,0.0,3,1179,卖盘
47,09:32:55,3.93,0.0,87,34191,卖盘
48,09:32:58,3.93,0.0,31,12213,卖盘
49,09:33:01,3.93,0.0,3,1179,卖盘
50,09:33:04,3.93,0.0,4,1572,卖盘
51,09:33:07,3.93,0.0,3,1179,卖盘
52,09:33:10,3.93,0.0,2,786,卖盘
53,09:33:13,3.93,0.0,27,10633,卖盘
54,09:33:16,3.93,0.0,2,786,卖盘
55,09:33:19,3.93,0.0,17,6694,卖盘
56,09:33:21,3.93,0.0,8,3148,卖盘
57,09:33:25,3.93,0.0,504,198072,卖盘
58,09:33:28,3.94,0.01,30,11819,买盘
59,09:33:31,3.93,-0.01,69,27180,卖盘
60,09:33:34,3.94,0.01,15,5901,买盘
61,09:33:37,3.93,-0.01,38,14967,卖盘
62,09:33:40,3.93,0.0,2,786,卖盘
63,09:33:43,3.93,0.0,4,1572,卖盘
64,09:33:46,3.94,0.01,31,12213,买盘
65,09:33:49,3.93,-0.01,4,1572,卖盘
66,09:33:52,3.93,0.0,4,1572,卖盘
67,09:33:55,3.94,0.01,49,19306,买盘
68,09:33:58,3.93,-0.01,15,5905,卖盘
69,09:34:01,3.94,0.01,14,5515,买盘
70,09:34:04,3.94,0.0,131,51610,买盘
71,09:34:07,3.94,0.0,13,5112,买盘
72,09:34:10,3.94,0.0,27,10676,买盘
73,09:34:13,3.94,0.0,1,394,卖盘
74,09:34:19,3.94,0.0,125,49211,卖盘
75,09:34:22,3.94,0.0,7,2758,买盘
76,09:34:25,3.93,-0.01,16,6303,卖盘
77,09:34:27,3.94,0.01,11,4334,买盘
78,09:34:31,3.94,0.0,36,14183,买盘
79,09:34:34,3.94,0.0,5,1970,买盘
80,09:34:37,3.94,0.0,14,5514,买盘
81,09:34:43,3.94,0.0,13,5121,买盘
82,09:34:46,3.94,0.0,60,23640,买盘
83,09:34:49,3.94,0.0,17,6697,买盘
84,09:34:52,3.94,0.0,21,8273,买盘
85,09:34:55,3.94,0.0,25,9850,买盘
86,09:34:58,3.93,-0.01,1,393,卖盘
87,09:35:01,3.94,0.01,210,82779,买盘
88,09:35:04,3.94,0.0,8,3152,卖盘
89,09:35:07,3.94,0.0,10,3940,卖盘
90,09:35:10,3.94,0.0,8,3152,卖盘
91,09:35:16,3.94,0.0,74,29158,卖盘
92,09:35:19,3.94,0.0,132,51969,卖盘
93,09:35:22,3.93,-0.01,1,393,卖盘
94,09:35:25,3.94,0.01,15,5948,买盘
95,09:35:30,3.94,0.0,50,19661,卖盘
96,09:35:34,3.93,-0.01,2,786,卖盘
97,09:35:43,3.94,0.01,7,2758,买盘
98,09:35:46,3.94,0.0,23,9062,买盘
99,09:35:49,3.94,0.0,25,9847,买盘
100,09:35:52,3.93,-0.01,1,393,卖盘
101,09:35:57,3.94,0.01,2,787,买盘
102,09:36:04,3.93,-0.01,1,393,卖盘
103,09:36:10,3.93,0.0,1,393,卖盘
104,09:36:16,3.94,0.01,30,11820,买盘
105,09:36:22,3.94,0.0,2,788,买盘
106,09:36:28,3.93,-0.01,1,393,卖盘
107,09:36:37,3.93,0.0,6,2358,卖盘
108,09:36:46,3.94,0.01,2,788,买盘
109,09:36:58,3.94,0.0,36,14184,买盘
110,09:37:10,3.94,0.0,2,788,买盘
111,09:37:13,3.94,0.0,51,20094,买盘
112,09:37:22,3.93,-0.01,4,1572,卖盘
113,09:37:31,3.94,0.01,20,7880,买盘
114,09:37:40,3.94,0.0,5,1970,买盘
115,09:37:43,3.94,0.0,30,11820,买盘
116,09:38:10,3.94,0.0,2,788,买盘
117,09:38:13,3.93,-0.01,19,7467,卖盘
118,09:38:19,3.94,0.01,150,59100,买盘
119,09:38:28,3.94,0.0,25,9830,买盘
120,09:38:43,3.94,0.0,1,394,买盘
121,09:38:46,3.94,0.0,12,4728,买盘
122,09:38:49,3.94,0.0,2,788,买盘
123,09:38:52,3.94,0.0,81,31953,买盘
124,09:39:07,3.94,0.0,20,7841,卖盘
125,09:39:13,3.94,0.0,51,20094,买盘
126,09:39:19,3.94,0.0,2,788,买盘
127,09:39:28,3.93,-0.01,32,12576,卖盘
128,09:39:30,3.93,0.0,71,27936,卖盘
129,09:39:34,3.94,0.01,5,1970,买盘
130,09:39:40,3.94,0.0,100,39400,买盘
131,09:39:46,3.94,0.0,2,788,买盘
132,09:39:49,3.94,0.0,40,15760,买盘
133,09:39:55,3.94,0.0,19,7477,买盘
134,09:39:58,3.94,0.0,1,394,买盘
135,09:40:04,3.94,0.0,4,1576,买盘
136,09:40:13,3.94,0.0,10,3940,买盘
137,09:40:19,3.94,0.0,2,788,买盘
138,09:40:28,3.94,0.0,17,6698,买盘
139,09:40:34,3.93,-0.01,11,4323,卖盘
140,09:40:49,3.94,0.01,2,788,买盘
141,09:41:19,3.94,0.0,2,788,买盘
142,09:41:25,3.93,-0.01,88,34584,卖盘
143,09:41:28,3.94,0.01,81,31914,买盘
144,09:41:33,3.93,-0.01,11,4323,卖盘
145,09:41:40,3.93,0.0,183,71919,卖盘
146,09:41:45,3.94,0.01,4,1576,买盘
147,09:41:49,3.94,0.0,2,788,买盘
148,09:41:52,3.93,-0.01,15,5895,卖盘
149,09:41:58,3.94,0.01,5,1970,买盘
150,09:42:16,3.93,-0.01,40,15720,卖盘
151,09:42:22,3.94,0.01,2,788,买盘
152,09:42:28,3.94,0.0,10,3940,买盘
153,09:42:37,3.94,0.0,20,7880,买盘
154,09:42:40,3.93,-0.01,900,353700,卖盘
155,09:42:43,3.94,0.01,2,787,买盘
156,09:42:46,3.93,-0.01,19,7467,卖盘
157,09:42:49,3.93,0.0,4,1572,卖盘
158,09:42:52,3.93,0.0,7,2751,卖盘
159,09:42:55,3.93,0.0,67,26331,卖盘
160,09:43:04,3.93,0.0,34,13362,卖盘
161,09:43:10,3.93,0.0,31,12183,卖盘
162,09:43:16,3.94,0.01,82,32228,买盘
163,09:43:40,3.93,-0.01,13,5109,卖盘
164,09:43:48,3.93,0.0,7,2751,买盘
165,09:44:13,3.93,0.0,50,19650,卖盘
166,09:44:16,3.94,0.01,2,788,买盘
167,09:44:22,3.93,-0.01,164,64584,卖盘
168,09:44:37,3.93,0.0,9,3537,卖盘
169,09:44:40,3.94,0.01,2,788,买盘
170,09:44:46,3.93,-0.01,40,15720,卖盘
171,09:45:06,3.93,0.0,39,15327,卖盘
172,09:45:10,3.93,0.0,1,393,卖盘
173,09:45:13,3.94,0.01,2,788,买盘
174,09:45:19,3.93,-0.01,150,58950,卖盘
175,09:45:28,3.94,0.01,45,17692,买盘
176,09:45:43,3.94,0.0,30,11820,买盘
177,09:45:51,3.94,0.0,2,788,买盘
178,09:46:01,3.93,-0.01,70,27510,卖盘
179,09:46:13,3.94,0.01,40,15722,买盘
180,09:46:28,3.94,0.0,6,2364,买盘
181,09:46:34,3.94,0.0,10,3940,买盘
182,09:46:43,3.94,0.0,2,788,买盘
183,09:46:52,3.94,0.0,5,1970,买盘
184,09:46:58,3.94,0.0,46,18108,买盘
185,09:47:04,3.94,0.0,5,1970,买盘
186,09:47:09,3.94,0.0,5,1970,买盘
187,09:47:16,3.94,0.0,100,39400,买盘
188,09:47:21,3.94,0.0,2,788,买盘
189,09:47:25,3.93,-0.01,1,393,卖盘
190,09:47:28,3.94,0.01,12,4728,买盘
191,09:47:34,3.94,0.0,115,45310,买盘
192,09:47:39,3.93,-0.01,5,1965,卖盘
193,09:47:42,3.94,0.01,88,34598,买盘
194,09:47:46,3.94,0.0,368,145268,买盘
195,09:47:49,3.94,0.0,132,51732,卖盘
196,09:48:04,3.94,0.0,19,7486,买盘
197,09:48:13,3.93,-0.01,225,88467,卖盘
198,09:48:16,3.93,0.0,12,4718,卖盘
199,09:48:22,3.94,0.01,33,13002,买盘
200,09:48:25,3.93,-0.01,9,3537,卖盘
201,09:48:28,3.94,0.01,28,11018,买盘
202,09:48:31,3.94,0.0,10,3940,买盘
203,09:48:34,3.93,-0.01,10,3930,卖盘
204,09:48:40,3.93,0.0,4,1572,卖盘
205,09:48:43,3.93,0.0,157,61703,卖盘
206,09:48:49,3.93,0.0,67,26331,卖盘
207,09:49:01,3.93,0.0,10,3930,卖盘
208,09:49:10,3.93,0.0,27,10611,卖盘
209,09:49:13,3.93,0.0,73,28689,卖盘
210,09:49:16,3.93,0.0,10,3930,卖盘
211,09:49:19,3.93,0.0,29,11399,卖盘
212,09:49:25,3.93,0.0,100,39300,卖盘
213,09:49:31,3.93,0.0,41,16113,卖盘
214,09:49:34,3.93,0.0,179,70347,卖盘
215,09:49:40,3.94,0.01,79,31049,买盘
216,09:49:43,3.93,-0.01,140,55020,卖盘
217,09:49:46,3.93,0.0,1,393,卖盘
218,09:49:49,3.93,0.0,125,49125,卖盘
219,09:49:52,3.94,0.01,60,23581,买盘
220,09:49:55,3.93,-0.01,29,11397,卖盘
221,09:49:58,3.92,-0.01,25,9812,卖盘
222,09:50:01,3.92,0.0,7,2744,卖盘
223,09:50:04,3.92,0.0,9,3529,卖盘
224,09:50:10,3.92,0.0,3,1176,卖盘
225,09:50:16,3.92,0.0,153,59976,卖盘
226,09:50:19,3.93,0.01,2,786,买盘
227,09:50:22,3.92,-0.01,66,25872,卖盘
228,09:50:25,3.92,0.0,225,88200,卖盘
229,09:50:28,3.92,0.0,1,392,卖盘
230,09:50:31,3.92,0.0,96,37632,卖盘
231,09:50:37,3.93,0.01,8,3144,买盘
232,09:50:40,3.93,0.0,63,24759,买盘
233,09:50:42,3.93,0.0,5,1961,买盘
234,09:50:46,3.92,-0.01,191,74872,卖盘
235,09:50:49,3.93,0.01,30,11790,买盘
236,09:50:52,3.92,-0.01,74,29008,卖盘
237,09:50:58,3.92,0.0,41,16100,卖盘
238,09:51:04,3.92,0.0,12,4704,卖盘
239,09:51:09,3.92,0.0,213,83588,卖盘
240,09:51:16,3.92,0.0,741,290472,卖盘
241,09:51:19,3.93,0.01,2,786,买盘
242,09:51:22,3.92,-0.01,139,54488,卖盘
243,09:51:34,3.92,0.0,27,10584,卖盘
244,09:51:40,3.92,0.0,1,392,卖盘
245,09:51:43,3.93,0.01,2,786,买盘
246,09:51:45,3.92,-0.01,70,27440,卖盘
247,09:51:55,3.93,0.01,9,3537,买盘
248,09:52:15,3.92,-0.01,100,39200,卖盘
249,09:52:19,3.93,0.01,2,786,买盘
250,09:52:34,3.93,0.0,10,3930,买盘
251,09:52:37,3.92,-0.01,114,44723,卖盘
252,09:52:40,3.92,0.0,200,78400,卖盘
253,09:52:52,3.93,0.01,2,786,买盘
254,09:53:01,3.92,-0.01,10,3920,卖盘
255,09:53:04,3.92,0.0,256,100352,卖盘
256,09:53:16,3.93,0.01,2,786,买盘
257,09:53:28,3.92,-0.01,375,147000,卖盘
258,09:53:31,3.92,0.0,30,11760,卖盘
259,09:53:46,3.93,0.01,16,6288,买盘
260,09:53:58,3.92,-0.01,10,3920,卖盘
261,09:54:07,3.93,0.01,20,7860,买盘
262,09:54:15,3.93,0.0,2,786,买盘
263,09:54:18,3.93,0.0,1,393,买盘
264,09:54:28,3.93,0.0,2,786,买盘
265,09:54:31,3.92,-0.01,4,1568,卖盘
266,09:54:34,3.92,0.0,60,23572,卖盘
267,09:54:37,3.92,0.0,8,3136,卖盘
268,09:54:43,3.93,0.01,2,786,买盘
269,09:54:46,3.93,0.0,7,2751,买盘
270,09:55:10,3.92,-0.01,131,51383,卖盘
271,09:55:16,3.92,0.0,2,784,卖盘
272,09:55:19,3.92,0.0,49,19208,卖盘
273,09:55:46,3.93,0.01,82,32226,买盘
274,09:56:25,3.93,0.0,216,84888,买盘
275,09:56:43,3.93,0.0,10,3930,买盘
276,09:56:46,3.92,-0.01,39,15288,卖盘
277,09:56:52,3.93,0.01,7,2751,买盘
278,09:57:04,3.92,-0.01,24,9408,卖盘
279,09:57:07,3.92,0.0,10,3920,卖盘
280,09:57:16,3.93,0.01,5,1965,买盘
281,09:57:58,3.92,-0.01,3,1176,卖盘
282,09:58:01,3.93,0.01,43,16899,买盘
283,09:58:10,3.92,-0.01,227,88984,卖盘
284,09:58:16,3.92,0.0,1,392,卖盘
285,09:58:22,3.92,0.0,30,11760,卖盘
286,09:58:37,3.93,0.01,3,1179,买盘
287,09:59:06,3.93,0.0,6,2358,买盘
288,09:59:22,3.92,-0.01,35,13720,卖盘
289,09:59:25,3.93,0.01,1,393,买盘
290,10:00:16,3.93,0.0,27,10611,买盘
291,10:00:19,3.92,-0.01,15,5880,卖盘
292,10:00:49,3.93,0.01,90,35370,买盘
293,10:00:52,3.92,-0.01,6,2352,卖盘
294,10:00:57,3.92,0.0,10,3920,卖盘
295,10:01:01,3.93,0.01,19,7467,买盘
296,10:01:04,3.92,-0.01,199,78008,卖盘
297,10:01:40,3.93,0.01,7,2751,买盘
298,10:01:43,3.93,0.0,3,1179,买盘
299,10:01:49,3.92,-0.01,20,7840,卖盘
300,10:02:19,3.93,0.01,10,3930,买盘
301,10:02:22,3.92,-0.01,160,62720,卖盘
302,10:02:33,3.92,0.0,3,1176,卖盘
303,10:02:37,3.92,0.0,15,5880,卖盘
304,10:02:40,3.93,0.01,10,3930,买盘
305,10:02:46,3.92,-0.01,100,39200,卖盘
306,10:03:10,3.93,0.01,12,4716,买盘
307,10:03:25,3.93,0.0,6,2358,买盘
308,10:03:28,3.92,-0.01,16,6276,卖盘
309,10:03:31,3.93,0.01,34,13362,买盘
310,10:03:34,3.93,0.0,2,786,买盘
311,10:03:37,3.93,0.0,45,17685,买盘
312,10:03:42,3.93,0.0,20,7860,买盘
313,10:03:52,3.93,0.0,95,37313,买盘
314,10:03:55,3.93,0.0,6,2358,买盘
315,10:04:04,3.93,0.0,50,19650,买盘
316,10:04:16,3.93,0.0,50,19650,买盘
317,10:04:22,3.93,0.0,47,18471,买盘
318,10:04:34,3.92,-0.01,50,19600,卖盘
319,10:04:37,3.93,0.01,3,1179,买盘
320,10:04:49,3.93,0.0,20,7860,买盘
321,10:05:01,3.93,0.0,3,1179,买盘
322,10:05:04,3.92,-0.01,20,7840,卖盘
323,10:05:31,3.93,0.01,1128,443304,买盘
324,10:05:37,3.93,0.0,1,393,买盘
325,10:05:43,3.93,0.0,166,65238,买盘
326,10:05:46,3.93,0.0,30,11790,买盘
327,10:05:49,3.93,0.0,128,50304,买盘
328,10:05:55,3.93,0.0,194,76242,买盘
329,10:05:58,3.93,0.0,218,85674,买盘
330,10:06:07,3.93,0.0,10,3930,卖盘
331,10:06:13,3.94,0.01,12,4728,买盘
332,10:06:16,3.94,0.0,20,7880,买盘
333,10:06:22,3.93,-0.01,10,3930,卖盘
334,10:06:28,3.94,0.01,1105,435370,买盘
335,10:06:31,3.94,0.0,2,788,卖盘
336,10:06:34,3.95,0.01,62,24490,买盘
337,10:06:37,3.95,0.0,61,24095,买盘
338,10:06:40,3.95,0.0,57,22515,买盘
339,10:06:43,3.95,0.0,53,20935,买盘
340,10:06:46,3.95,0.0,47,18565,买盘
341,10:06:49,3.95,0.0,335,132325,买盘
342,10:06:52,3.95,0.0,61,24095,买盘
343,10:06:54,3.95,0.0,127,50165,买盘
344,10:06:58,3.95,0.0,21,8295,买盘
345,10:07:01,3.95,0.0,118,46610,买盘
346,10:07:04,3.95,0.0,137,54352,买盘
347,10:07:13,3.97,0.02,2543,1008088,买盘
348,10:07:25,3.97,0.0,127,50446,卖盘
349,10:07:34,3.98,0.01,399,158802,买盘
350,10:07:37,3.97,-0.01,600,238200,卖盘
351,10:07:40,3.97,0.0,120,47740,卖盘
352,10:07:42,3.97,0.0,137,54389,卖盘
353,10:07:49,3.97,0.0,59,23432,卖盘
354,10:07:52,3.97,0.0,944,374530,卖盘
355,10:07:58,3.97,0.0,58,23026,买盘
356,10:08:01,3.97,0.0,10,3970,买盘
357,10:08:04,3.97,0.0,20,7940,买盘
358,10:08:19,3.97,0.0,3,1191,买盘
359,10:08:22,3.97,0.0,10,3970,买盘
360,10:08:28,3.97,0.0,19,7543,买盘
361,10:08:30,3.97,0.0,4,1588,买盘
362,10:08:37,3.96,-0.01,7,2772,卖盘
363,10:08:40,3.97,0.01,100,39700,买盘
364,10:08:55,3.97,0.0,40,15880,买盘
365,10:09:01,3.97,0.0,200,79400,买盘
366,10:09:19,3.97,0.0,210,83365,买盘
367,10:09:21,3.97,0.0,10,3970,买盘
368,10:09:24,3.97,0.0,163,64949,买盘
369,10:09:28,3.97,0.0,113,44623,卖盘
370,10:09:31,3.97,0.0,15,5955,买盘
371,10:09:37,3.97,0.0,119,47243,买盘
372,10:09:43,3.97,0.0,39,15483,买盘
373,10:09:46,3.96,-0.01,10,3960,卖盘
374,10:09:54,3.97,0.01,128,50816,买盘
375,10:09:58,3.97,0.0,10,3970,买盘
376,10:10:01,3.97,0.0,90,35730,买盘
377,10:10:04,3.97,0.0,20,7940,买盘
378,10:10:10,3.97,0.0,73,29219,买盘
379,10:10:22,3.97,0.0,41,16277,卖盘
380,10:10:25,3.97,0.0,34,13498,卖盘
381,10:10:28,3.97,0.0,141,55987,卖盘
382,10:10:31,3.98,0.01,200,79600,买盘
383,10:10:40,3.97,-0.01,20,7940,卖盘
384,10:10:43,3.98,0.01,10,3980,买盘
385,10:10:49,3.97,-0.01,15,5955,卖盘
386,10:10:52,3.98,0.01,7,2786,买盘
387,10:10:55,3.97,-0.01,26,10322,卖盘
388,10:11:04,3.98,0.01,173,68736,买盘
389,10:11:10,3.97,-0.01,86,34154,卖盘
390,10:11:13,3.98,0.01,5,1990,买盘
391,10:11:16,3.97,-0.01,10,3970,卖盘
392,10:11:25,3.97,0.0,50,19850,卖盘
393,10:11:27,3.97,0.0,102,40496,卖盘
394,10:11:31,3.97,0.0,1,397,卖盘
395,10:11:34,3.98,0.01,151,60098,买盘
396,10:11:37,3.97,-0.01,4,1588,卖盘
397,10:11:39,3.97,0.0,30,11910,卖盘
398,10:11:43,3.97,0.0,56,22232,卖盘
399,10:11:52,3.97,0.0,155,61535,卖盘
400,10:11:55,3.97,0.0,155,61535,买盘
401,10:11:58,3.97,0.0,63,25011,买盘
402,10:12:01,3.97,0.0,23,9131,卖盘
403,10:12:07,3.97,0.0,90,35730,买盘
404,10:12:12,3.98,0.01,151,60098,买盘
405,10:12:25,3.97,-0.01,68,26996,卖盘
406,10:12:28,3.97,0.0,110,43670,卖盘
407,10:12:31,3.97,0.0,2,794,卖盘
408,10:12:40,3.98,0.01,105,41781,买盘
409,10:12:43,3.97,-0.01,20,7940,中性盘
410,10:12:45,3.97,0.0,10,3970,卖盘
411,10:12:49,3.98,0.01,100,39800,买盘
412,10:12:55,3.97,-0.01,20,7940,卖盘
413,10:12:57,3.98,0.01,12,4776,买盘
414,10:13:01,3.97,-0.01,110,43670,卖盘
415,10:13:10,3.98,0.01,50,19863,买盘
416,10:13:19,3.97,-0.01,2,794,卖盘
417,10:13:22,3.97,0.0,13,5161,买盘
418,10:13:25,3.97,0.0,5,1985,买盘
419,10:13:34,3.97,0.0,141,55977,买盘
420,10:13:37,3.97,0.0,20,7940,买盘
421,10:13:43,3.97,0.0,138,54786,买盘
422,10:13:46,3.97,0.0,66,26202,卖盘
423,10:13:52,3.97,0.0,201,79797,卖盘
424,10:13:58,3.97,0.0,20,7940,卖盘
425,10:14:09,3.97,0.0,30,11910,卖盘
426,10:14:19,3.97,0.0,50,19850,买盘
427,10:14:25,3.97,0.0,3,1191,卖盘
428,10:14:34,3.97,0.0,20,7940,卖盘
429,10:14:37,3.97,0.0,87,34539,卖盘
430,10:14:40,3.98,0.01,179,71145,买盘
431,10:14:46,3.96,-0.02,49,19404,卖盘
432,10:15:10,3.96,0.0,20,7920,卖盘
433,10:15:31,3.96,0.0,10,3960,卖盘
434,10:15:46,3.96,0.0,49,19404,卖盘
435,10:15:54,3.97,0.01,12,4764,买盘
436,10:16:13,3.96,-0.01,20,7920,卖盘
437,10:16:48,3.96,0.0,49,19404,卖盘
438,10:17:12,3.96,0.0,60,23760,卖盘
439,10:17:19,3.97,0.01,30,11910,买盘
440,10:17:40,3.97,0.0,101,40043,买盘
441,10:17:46,3.96,-0.01,49,19404,卖盘
442,10:18:04,3.97,0.01,20,7940,买盘
443,10:18:40,3.96,-0.01,44,17439,卖盘
444,10:18:46,3.96,0.0,49,19404,卖盘
445,10:19:15,3.97,0.01,247,98049,买盘
446,10:19:31,3.96,-0.01,1456,576577,卖盘
447,10:19:43,3.96,0.0,1,396,买盘
448,10:19:46,3.95,-0.01,49,19355,卖盘
449,10:19:49,3.96,0.01,10,3960,买盘
450,10:19:58,3.96,0.0,10,3960,买盘
451,10:20:16,3.96,0.0,30,11880,买盘
452,10:20:25,3.96,0.0,10,3960,买盘
453,10:20:31,3.96,0.0,10,3960,买盘
454,10:20:45,3.95,-0.01,33,13035,卖盘
455,10:21:22,3.96,0.01,50,19800,买盘
456,10:21:40,3.96,0.0,5,1980,买盘
457,10:21:43,3.96,0.0,143,56628,买盘
458,10:22:01,3.96,0.0,25,9900,买盘
459,10:22:04,3.96,0.0,1,396,买盘
460,10:22:25,3.96,0.0,15,5940,买盘
461,10:22:40,3.96,0.0,34,13464,买盘
462,10:22:48,3.96,0.0,60,23760,买盘
463,10:22:58,3.96,0.0,20,7920,买盘
464,10:23:28,3.96,0.0,140,55440,买盘
465,10:23:37,3.96,0.0,6,2376,买盘
466,10:23:46,3.95,-0.01,29,11455,卖盘
467,10:24:45,3.95,0.0,30,11851,卖盘
468,10:25:34,3.95,0.0,28,11070,卖盘
469,10:25:46,3.95,0.0,29,11455,卖盘
470,10:26:34,3.96,0.01,30,11880,买盘
471,10:26:39,3.96,0.0,165,65340,买盘
472,10:26:42,3.96,0.0,152,60192,买盘
473,10:26:46,3.97,0.01,362,143675,买盘
474,10:26:49,3.97,0.0,19,7543,买盘
475,10:27:16,3.98,0.01,587,233119,买盘
476,10:27:19,3.98,0.0,108,42984,买盘
477,10:27:37,3.98,0.0,13,5174,买盘
478,10:27:43,3.98,0.0,151,60098,买盘
479,10:28:01,3.98,0.0,1,398,买盘
480,10:28:04,3.98,0.0,20,7960,买盘
481,10:28:10,3.98,0.0,12,4776,买盘
482,10:28:15,3.98,0.0,20,7960,买盘
483,10:28:19,3.97,-0.01,10,3970,卖盘
484,10:28:24,3.97,0.0,50,19850,卖盘
485,10:28:27,3.98,0.01,172,68456,买盘
486,10:29:10,3.98,0.0,151,60098,买盘
487,10:29:22,3.97,-0.01,10,3970,卖盘
488,10:29:43,3.98,0.01,5,1990,买盘
489,10:29:55,3.97,-0.01,11,4372,卖盘
490,10:30:12,3.98,0.01,10,3980,买盘
491,10:30:31,3.97,-0.01,10,3970,卖盘
492,10:30:58,3.98,0.01,100,39800,买盘
493,10:31:25,3.98,0.0,40,15920,买盘
494,10:31:31,3.97,-0.01,30,11910,卖盘
495,10:31:48,3.98,0.01,10,3980,买盘
496,10:32:19,3.98,0.0,73,29054,买盘
497,10:32:36,3.98,0.0,6,2388,买盘
498,10:32:42,3.98,0.0,11,4378,买盘
499,10:32:49,3.97,-0.01,54,21438,卖盘
500,10:32:52,3.97,0.0,114,45258,卖盘
501,10:33:01,3.97,0.0,25,9925,卖盘
502,10:33:10,3.97,0.0,217,86149,卖盘
503,10:33:19,3.97,0.0,62,24614,买盘
504,10:33:40,3.97,0.0,16,6352,买盘
505,10:33:46,3.97,0.0,1,397,买盘
506,10:33:57,3.96,-0.01,122,48312,卖盘
507,10:34:04,3.96,0.0,1,317,卖盘
508,10:35:13,3.97,0.01,151,59947,买盘
509,10:35:49,3.97,0.0,20,7940,买盘
510,10:35:55,3.97,0.0,132,52404,买盘
511,10:35:58,3.96,-0.01,39,15444,卖盘
512,10:36:07,3.97,0.01,1,397,买盘
513,10:36:16,3.97,0.0,50,19850,买盘
514,10:36:22,3.97,0.0,5,1985,买盘
515,10:36:28,3.97,0.0,56,22232,买盘
516,10:36:51,3.97,0.0,5,1985,卖盘
517,10:37:33,3.97,0.0,25,9925,卖盘
518,10:37:36,3.97,0.0,147,58359,卖盘
519,10:37:49,3.97,0.0,190,75311,买盘
520,10:37:52,3.97,0.0,30,11910,卖盘
521,10:38:16,3.97,0.0,30,11910,卖盘
522,10:38:19,3.98,0.01,50,19860,买盘
523,10:38:34,3.97,-0.01,5,1985,卖盘
524,10:38:37,3.97,0.0,50,19850,卖盘
525,10:38:46,3.97,0.0,20,7940,卖盘
526,10:38:49,3.98,0.01,172,68451,买盘
527,10:39:04,3.97,-0.01,173,68681,买盘
528,10:39:22,3.97,0.0,3,1191,买盘
529,10:40:04,3.96,-0.01,29,11484,卖盘
530,10:40:39,3.97,0.01,1,397,买盘
531,10:40:45,3.96,-0.01,30,11880,卖盘
532,10:41:19,3.96,0.0,15,5940,卖盘
533,10:41:22,3.97,0.01,4,1588,买盘
534,10:41:31,3.97,0.0,9,3573,买盘
535,10:41:33,3.97,0.0,10,3970,买盘
536,10:41:37,3.97,0.0,10,3970,买盘
537,10:41:40,3.97,0.0,8,3176,买盘
538,10:41:43,3.97,0.0,42,16674,买盘
539,10:41:46,3.97,0.0,8,3176,买盘
540,10:41:49,3.97,0.0,9,3573,买盘
541,10:41:52,3.97,0.0,331,131407,买盘
542,10:41:55,3.97,0.0,31,12284,买盘
543,10:41:58,3.97,0.0,506,200882,买盘
544,10:42:01,3.97,0.0,47,18659,卖盘
545,10:42:37,3.97,0.0,67,26599,卖盘
546,10:42:49,3.97,0.0,1,397,卖盘
547,10:43:13,3.97,0.0,461,183017,卖盘
548,10:43:21,3.97,0.0,30,11910,卖盘
549,10:43:49,3.97,0.0,28,11116,卖盘
550,10:44:18,3.98,0.01,11,4378,买盘
551,10:44:49,3.98,0.0,34,13532,买盘
552,10:44:57,3.97,-0.01,104,41288,卖盘
553,10:45:01,3.98,0.01,22,8756,买盘
554,10:45:16,3.98,0.0,57,22686,买盘
555,10:45:19,3.98,0.0,18,7164,买盘
556,10:45:25,3.97,-0.01,90,35730,卖盘
557,10:45:28,3.98,0.01,95,37810,买盘
558,10:45:46,3.97,-0.01,32,12704,卖盘
559,10:45:54,3.98,0.01,71,28258,买盘
560,10:45:57,3.98,0.0,224,89152,买盘
561,10:46:13,3.97,-0.01,23,9151,卖盘
562,10:46:24,3.97,0.0,23,9131,卖盘
563,10:46:48,3.97,0.0,26,10322,卖盘
564,10:47:16,3.97,0.0,50,19850,卖盘
565,10:47:19,3.97,0.0,181,72010,卖盘
566,10:47:30,3.97,0.0,667,264799,卖盘
567,10:47:42,3.96,-0.01,100,39625,卖盘
568,10:47:48,3.98,0.02,728,289409,买盘
569,10:47:57,3.97,-0.01,1,397,买盘
570,10:48:00,3.98,0.01,20,7942,买盘
571,10:48:10,3.96,-0.02,23,9119,卖盘
572,10:48:42,3.97,0.01,28,11116,卖盘
573,10:49:06,3.97,0.0,11,4367,卖盘
574,10:49:21,3.97,0.0,29,11513,卖盘
575,10:49:39,3.97,0.0,71,28187,卖盘
576,10:49:42,3.97,0.0,50,19850,卖盘
577,10:50:16,3.98,0.01,270,107460,买盘
578,10:50:18,3.97,-0.01,273,108381,卖盘
579,10:50:25,3.97,0.0,1,397,买盘
580,10:50:36,3.97,0.0,13,5161,买盘
581,10:50:39,3.97,0.0,1,397,买盘
582,10:50:43,3.97,0.0,3,1191,买盘
583,10:50:46,3.97,0.0,2,794,买盘
584,10:50:48,3.98,0.01,377,149791,买盘
585,10:51:04,3.97,-0.01,8,3176,卖盘
586,10:51:10,3.98,0.01,30,11940,买盘
587,10:51:19,3.98,0.0,85,33830,买盘
588,10:51:24,3.98,0.0,30,11940,买盘
589,10:51:52,3.97,-0.01,38,15086,卖盘
590,10:51:55,3.98,0.01,28,11144,买盘
591,10:51:58,3.98,0.0,14,5572,买盘
592,10:52:10,3.98,0.0,81,32238,买盘
593,10:52:24,3.97,-0.01,14,5558,卖盘
594,10:52:27,3.98,0.01,42,16716,买盘
595,10:52:43,3.97,-0.01,34,13498,卖盘
596,10:53:01,3.97,0.0,16,6352,卖盘
597,10:53:04,3.97,0.0,52,20644,卖盘
598,10:53:07,3.98,0.01,25,9950,买盘
599,10:53:13,3.98,0.0,503,200194,买盘
600,10:53:34,3.97,-0.01,5,1985,卖盘
601,10:53:42,3.98,0.01,3,1194,买盘
602,10:53:46,3.97,-0.01,58,23026,卖盘
603,10:53:49,3.97,0.0,17,6749,卖盘
604,10:53:52,3.98,0.01,9,3582,买盘
605,10:54:00,3.98,0.0,64,25472,买盘
606,10:54:12,3.98,0.0,102,40596,买盘
607,10:54:25,3.98,0.0,97,38606,买盘
608,10:54:31,3.98,0.0,100,39800,买盘
609,10:54:34,3.98,0.0,21,8358,买盘
610,10:54:40,3.98,0.0,401,159598,买盘
611,10:54:43,3.98,0.0,2,677,买盘
612,10:54:58,3.98,0.0,73,29173,卖盘
613,10:55:10,3.98,0.0,25,9950,买盘
614,10:55:49,3.98,0.0,16,6368,买盘
615,10:56:45,3.97,-0.01,286,113549,卖盘
616,10:57:01,3.98,0.01,2,796,买盘
617,10:57:27,3.97,-0.01,250,99250,卖盘
618,10:58:31,3.97,0.0,16,6352,卖盘
619,10:59:19,3.97,0.0,9,3573,卖盘
620,10:59:22,3.98,0.01,26,10348,买盘
621,10:59:33,3.98,0.0,40,15920,买盘
622,10:59:48,3.98,0.0,1,398,买盘
623,10:59:57,3.98,0.0,55,21875,买盘
624,11:00:10,3.98,0.0,21,8358,买盘
625,11:00:21,3.98,0.0,4,1592,买盘
626,11:01:16,3.97,-0.01,10,3970,卖盘
627,11:01:21,3.98,0.01,20,7960,买盘
628,11:01:24,3.98,0.0,45,17910,买盘
629,11:01:28,3.97,-0.01,18,7146,卖盘
630,11:01:40,3.98,0.01,20,7960,买盘
631,11:02:43,3.98,0.0,50,19900,买盘
632,11:02:52,3.97,-0.01,14,5558,卖盘
633,11:03:15,3.98,0.01,34,13532,买盘
634,11:03:28,3.97,-0.01,13,5161,卖盘
635,11:03:37,3.97,0.0,25,9925,卖盘
636,11:04:04,3.98,0.01,26,10332,买盘
637,11:04:16,3.98,0.0,20,7960,买盘
638,11:04:36,3.97,-0.01,25,9925,卖盘
639,11:05:01,3.97,0.0,23,9131,卖盘
640,11:05:37,3.97,0.0,25,9925,卖盘
641,11:06:07,3.97,0.0,20,7940,卖盘
642,11:06:25,3.98,0.01,1,398,买盘
643,11:06:36,3.97,-0.01,25,9925,卖盘
644,11:06:40,3.98,0.01,23,9154,买盘
645,11:06:51,3.97,-0.01,15,5955,卖盘
646,11:07:00,3.97,0.0,14,5558,卖盘
647,11:07:13,3.97,0.0,8,3176,卖盘
648,11:07:16,3.97,0.0,18,7146,卖盘
649,11:07:36,3.97,0.0,25,9925,卖盘
650,11:08:21,3.97,0.0,1,397,卖盘
651,11:08:37,3.97,0.0,25,9925,卖盘
652,11:09:10,3.97,0.0,10,3970,卖盘
653,11:09:22,3.97,0.0,8,3176,卖盘
654,11:09:34,3.97,0.0,50,19850,卖盘
655,11:09:37,3.97,0.0,25,9925,卖盘
656,11:09:46,3.97,0.0,50,19850,卖盘
657,11:09:55,3.97,0.0,100,39700,卖盘
658,11:10:04,3.97,0.0,106,42082,卖盘
659,11:10:06,3.97,0.0,40,15880,卖盘
660,11:10:13,3.97,0.0,80,31760,卖盘
661,11:10:34,3.97,0.0,517,205249,卖盘
662,11:10:37,3.97,0.0,25,9925,卖盘
663,11:10:42,3.97,0.0,34,13498,卖盘
664,11:10:48,3.97,0.0,39,15483,卖盘
665,11:11:04,3.96,-0.01,37,14652,卖盘
666,11:11:37,3.96,0.0,25,9900,卖盘
667,11:12:37,3.96,0.0,25,9900,卖盘
668,11:13:37,3.96,0.0,2,792,卖盘
669,11:14:16,3.96,0.0,2000,792000,卖盘
670,11:14:19,3.96,0.0,22,8712,卖盘
671,11:14:27,3.97,0.01,7,2779,买盘
672,11:17:31,3.96,-0.01,7,2772,卖盘
673,11:18:01,3.96,0.0,10,3960,卖盘
674,11:18:18,3.97,0.01,37,14689,买盘
675,11:18:24,3.96,-0.01,170,67320,卖盘
676,11:18:43,3.96,0.0,38,15048,买盘
677,11:18:51,3.96,0.0,162,64152,卖盘
678,11:18:54,3.96,0.0,16,6336,买盘
679,11:19:06,3.96,0.0,10,3960,买盘
680,11:19:09,3.96,0.0,10,3960,买盘
681,11:20:36,3.95,-0.01,3,1185,卖盘
682,11:21:36,3.96,0.01,40,15840,买盘
683,11:24:01,3.96,0.0,2,792,买盘
684,11:24:09,3.95,-0.01,62,24490,卖盘
685,11:24:37,3.95,0.0,20,7900,卖盘
686,11:25:46,3.96,0.01,16,6336,买盘
687,11:26:36,3.95,-0.01,14,5536,卖盘
688,11:26:52,3.95,0.0,64,25280,卖盘
689,11:27:13,3.95,0.0,38,15010,卖盘
690,11:27:22,3.95,0.0,10,3950,卖盘
691,11:27:25,3.95,0.0,119,47005,卖盘
692,11:27:34,3.95,0.0,37,14615,卖盘
693,11:27:48,3.95,0.0,8,3160,卖盘
694,11:27:54,3.95,0.0,63,24885,卖盘
695,11:28:13,3.95,0.0,37,14615,卖盘
696,11:28:25,3.95,0.0,10,3950,卖盘
697,11:28:31,3.96,0.01,5,1980,买盘
698,11:28:33,3.95,-0.01,16,6320,卖盘
699,11:28:51,3.95,0.0,737,291115,卖盘
700,11:29:16,3.95,0.0,100,39500,卖盘
701,11:29:39,3.95,0.0,8,3160,卖盘
702,13:00:07,3.96,0.01,252,99546,买盘
703,13:00:10,3.95,-0.01,112,44240,卖盘
704,13:00:15,3.95,0.0,45,17795,卖盘
705,13:00:18,3.95,0.0,21,8295,卖盘
706,13:00:22,3.95,0.0,110,43450,卖盘
707,13:00:52,3.95,0.0,54,21330,买盘
708,13:01:10,3.95,0.0,1,395,买盘
709,13:01:33,3.95,0.0,4,1580,买盘
710,13:01:54,3.94,-0.01,49,19306,卖盘
711,13:03:40,3.94,0.0,6,2364,卖盘
712,13:04:01,3.94,0.0,100,39400,卖盘
713,13:04:55,3.94,0.0,13,4964,卖盘
714,13:05:30,3.95,0.01,26,10270,买盘
715,13:05:42,3.94,-0.01,1,394,卖盘
716,13:07:16,3.94,0.0,197,77618,卖盘
717,13:08:13,3.95,0.01,25,9875,买盘
718,13:08:24,3.95,0.0,129,50955,买盘
719,13:08:27,3.95,0.0,25,9875,买盘
720,13:08:45,3.95,0.0,3,1185,买盘
721,13:09:13,3.95,0.0,30,11850,买盘
722,13:09:22,3.95,0.0,10,3950,买盘
723,13:09:27,3.95,0.0,12,4740,买盘
724,13:09:33,3.95,0.0,44,17380,买盘
725,13:09:57,3.95,0.0,50,19750,买盘
726,13:10:00,3.95,0.0,240,94800,买盘
727,13:10:18,3.95,0.0,9,3792,卖盘
728,13:10:42,3.95,0.0,82,32390,卖盘
729,13:10:58,3.95,0.0,18,7110,卖盘
730,13:11:28,3.95,0.0,46,18170,卖盘
731,13:11:34,3.95,0.0,50,19750,卖盘
732,13:12:18,3.95,0.0,253,99698,卖盘
733,13:12:52,3.95,0.0,22,8690,买盘
734,13:13:16,3.95,0.0,158,62647,买盘
735,13:14:13,3.96,0.01,1,396,买盘
736,13:15:27,3.95,-0.01,15,5925,卖盘
737,13:16:04,3.95,0.0,7,2765,卖盘
738,13:16:33,3.95,0.0,1,395,卖盘
739,13:16:39,3.96,0.01,1,396,买盘
740,13:17:01,3.96,0.0,7,2772,买盘
741,13:17:19,3.95,-0.01,18,7110,卖盘
742,13:17:42,3.95,0.0,39,15405,卖盘
743,13:18:19,3.95,0.0,18,7110,卖盘
744,13:18:46,3.95,0.0,39,15405,卖盘
745,13:19:09,3.95,0.0,19,7505,卖盘
746,13:19:19,3.95,0.0,18,7110,卖盘
747,13:19:37,3.95,0.0,39,15405,卖盘
748,13:20:00,3.95,0.0,74,29230,卖盘
749,13:20:04,3.95,0.0,30,11850,卖盘
750,13:20:19,3.95,0.0,18,7110,卖盘
751,13:20:31,3.96,0.01,279,110484,买盘
752,13:20:37,3.95,-0.01,39,15405,卖盘
753,13:21:04,3.96,0.01,200,79200,买盘
754,13:21:19,3.95,-0.01,18,7110,卖盘
755,13:21:24,3.96,0.01,5,1980,买盘
756,13:21:46,3.95,-0.01,89,35155,卖盘
757,13:22:18,3.95,0.0,18,7110,卖盘
758,13:22:36,3.95,0.0,39,15405,卖盘
759,13:22:42,3.95,0.0,10,3950,卖盘
760,13:22:49,3.95,0.0,10,3950,卖盘
761,13:23:18,3.95,0.0,18,7110,卖盘
762,13:23:39,3.95,0.0,68,26860,卖盘
763,13:23:43,3.95,0.0,18,7110,卖盘
764,13:24:07,3.95,0.0,16,6320,卖盘
765,13:24:18,3.95,0.0,18,7110,卖盘
766,13:24:39,3.95,0.0,20,7900,卖盘
767,13:24:42,3.95,0.0,52,20553,卖盘
768,13:25:19,3.95,0.0,18,7110,卖盘
769,13:25:36,3.95,0.0,113,44635,卖盘
770,13:25:39,3.95,0.0,10,3950,卖盘
771,13:25:46,3.95,0.0,3,1185,卖盘
772,13:26:19,3.95,0.0,17,6715,卖盘
773,13:26:22,3.95,0.0,78,30810,卖盘
774,13:26:43,3.95,0.0,39,15405,卖盘
775,13:27:04,3.95,0.0,3,1185,卖盘
776,13:27:09,3.95,0.0,10,3950,卖盘
777,13:27:34,3.95,0.0,90,35550,卖盘
778,13:27:37,3.95,0.0,39,15405,卖盘
779,13:27:39,3.95,0.0,58,22910,卖盘
780,13:27:46,3.95,0.0,134,52930,卖盘
781,13:27:58,3.95,0.0,35,13588,卖盘
782,13:28:07,3.94,-0.01,34,13396,卖盘
783,13:28:25,3.95,0.01,255,100530,买盘
784,13:28:48,3.94,-0.01,39,15366,卖盘
785,13:29:09,3.94,0.0,48,18912,卖盘
786,13:29:19,3.95,0.01,4,1580,买盘
787,13:29:40,3.94,-0.01,39,15366,卖盘
788,13:29:43,3.94,0.0,31,12214,卖盘
789,13:30:13,3.94,0.0,12,4728,卖盘
790,13:30:25,3.94,0.0,200,78800,卖盘
791,13:30:31,3.94,0.0,25,9850,卖盘
792,13:30:34,3.95,0.01,33,13035,买盘
793,13:30:46,3.94,-0.01,39,15366,卖盘
794,13:30:48,3.94,0.0,21,8274,卖盘
795,13:30:54,3.94,0.0,59,23246,卖盘
796,13:31:00,3.94,0.0,33,13002,卖盘
797,13:31:07,3.94,0.0,72,28368,卖盘
798,13:31:10,3.94,0.0,115,45310,卖盘
799,13:31:25,3.95,0.01,5,1975,买盘
800,13:31:40,3.94,-0.01,39,15366,卖盘
801,13:31:58,3.94,0.0,48,18912,卖盘
802,13:32:19,3.94,0.0,175,68950,卖盘
803,13:32:28,3.94,0.0,283,111502,卖盘
804,13:32:39,3.94,0.0,39,15366,卖盘
805,13:33:04,3.95,0.01,134,52930,买盘
806,13:33:09,3.95,0.0,1,395,买盘
807,13:33:19,3.94,-0.01,16,6304,卖盘
808,13:33:34,3.94,0.0,10,3940,卖盘
809,13:33:40,3.94,0.0,39,15366,卖盘
810,13:34:01,3.94,0.0,13,5122,卖盘
811,13:34:10,3.94,0.0,300,118200,卖盘
812,13:34:15,3.94,0.0,15,5910,卖盘
813,13:34:40,3.94,0.0,30,11978,卖盘
814,13:34:55,3.94,0.0,47,18360,买盘
815,13:35:24,3.94,0.0,4,1576,卖盘
816,13:35:31,3.94,0.0,10,3940,卖盘
817,13:35:40,3.94,0.0,39,15366,卖盘
818,13:35:43,3.94,0.0,27,10638,卖盘
819,13:36:15,3.94,0.0,43,16942,卖盘
820,13:36:40,3.94,0.0,98,38612,卖盘
821,13:36:55,3.94,0.0,55,21670,卖盘
822,13:37:07,3.94,0.0,89,35224,卖盘
823,13:37:13,3.94,0.0,8,2994,买盘
824,13:37:24,3.93,-0.01,364,143065,卖盘
825,13:37:33,3.94,0.01,33,13002,卖盘
826,13:37:57,3.94,0.0,1,394,买盘
827,13:38:01,3.94,0.0,3,1182,买盘
828,13:38:04,3.94,0.0,6,2364,买盘
829,13:38:06,3.94,0.0,49,19306,买盘
830,13:39:25,3.95,0.01,2,790,买盘
831,13:39:33,3.95,0.0,7,2765,买盘
832,13:39:37,3.95,0.0,1,395,买盘
833,13:39:45,3.95,0.0,35,13825,买盘
834,13:40:10,3.95,0.0,30,11850,买盘
835,13:40:54,3.94,-0.01,10,3940,卖盘
836,13:41:22,3.95,0.01,50,19750,买盘
837,13:42:01,3.95,0.0,10,3950,买盘
838,13:42:43,3.95,0.0,522,206190,买盘
839,13:43:09,3.94,-0.01,148,58444,卖盘
840,13:44:04,3.95,0.01,33,13035,买盘
841,13:44:09,3.95,0.0,4,1580,卖盘
842,13:44:13,3.95,0.0,10,3950,买盘
843,13:44:19,3.95,0.0,1,395,买盘
844,13:44:31,3.95,0.0,9,3555,买盘
845,13:45:40,3.95,0.0,17,6715,卖盘
846,13:46:40,3.95,0.0,17,6715,卖盘
847,13:47:10,3.95,0.0,60,23700,卖盘
848,13:47:33,3.95,0.0,10,3950,卖盘
849,13:47:40,3.95,0.0,17,6715,卖盘
850,13:48:09,3.95,0.0,50,19750,卖盘
851,13:48:40,3.95,0.0,17,6715,卖盘
852,13:48:42,3.95,0.0,43,16985,卖盘
853,13:48:46,3.95,0.0,6,2370,买盘
854,13:48:52,3.95,0.0,30,11850,买盘
855,13:49:22,3.95,0.0,4,1580,买盘
856,13:49:37,3.95,0.0,10,3950,买盘
857,13:49:40,3.94,-0.01,17,6698,卖盘
858,13:49:46,3.95,0.01,157,62015,买盘
859,13:50:39,3.95,0.0,17,6715,卖盘
860,13:51:28,3.96,0.01,5,1980,买盘
861,13:51:31,3.96,0.0,13,5148,买盘
862,13:51:34,3.96,0.0,32,12672,买盘
863,13:51:37,3.96,0.0,4,1584,买盘
864,13:51:40,3.96,0.0,29,11467,买盘
865,13:51:46,3.96,0.0,112,44352,买盘
866,13:51:52,3.96,0.0,1,396,买盘
867,13:52:10,3.96,0.0,100,39600,买盘
868,13:52:25,3.96,0.0,82,32472,买盘
869,13:52:31,3.96,0.0,46,18216,买盘
870,13:52:37,3.96,0.0,507,200851,买盘
871,13:52:40,3.96,0.0,17,6732,卖盘
872,13:53:30,3.96,0.0,5,1980,卖盘
873,13:53:40,3.96,0.0,17,6732,卖盘
874,13:53:49,3.96,0.0,753,298109,卖盘
875,13:54:01,3.96,0.0,10,3960,买盘
876,13:54:04,3.97,0.01,289,114496,买盘
877,13:54:40,3.95,-0.02,16,6320,卖盘
878,13:54:46,3.95,0.0,74,29230,卖盘
879,13:54:49,3.97,0.02,10,3970,买盘
880,13:55:01,3.97,0.0,871,345787,买盘
881,13:55:04,3.97,0.0,647,256859,买盘
882,13:55:12,3.97,0.0,200,79400,买盘
883,13:55:52,3.97,0.0,3,1191,买盘
884,13:55:58,3.96,-0.01,100,39600,卖盘
885,13:56:13,3.98,0.02,1096,435147,买盘
886,13:56:43,3.98,0.0,23,9154,买盘
887,13:56:52,3.98,0.0,19,7562,买盘
888,13:56:58,3.97,-0.01,30,11910,卖盘
889,13:57:04,3.97,0.0,10,3970,买盘
890,13:57:10,3.97,0.0,1,397,买盘
891,13:57:16,3.97,0.0,160,63520,买盘
892,13:57:28,3.97,0.0,13,5161,卖盘
893,13:57:42,3.98,0.01,20,7960,买盘
894,13:57:52,3.97,-0.01,169,67093,卖盘
895,13:57:58,3.98,0.01,1316,523452,买盘
896,13:58:04,3.98,0.0,5,1990,买盘
897,13:58:16,3.98,0.0,386,153521,买盘
898,13:58:19,3.97,-0.01,89,35333,卖盘
899,13:58:21,3.98,0.01,5,1990,买盘
900,13:58:39,3.98,0.0,1,398,买盘
901,13:59:00,3.97,-0.01,253,100163,卖盘
902,13:59:22,3.97,0.0,1,397,买盘
903,13:59:25,3.97,0.0,3,1191,买盘
904,13:59:31,3.97,0.0,1,397,买盘
905,13:59:33,3.96,-0.01,10,3960,卖盘
906,13:59:43,3.97,0.01,3,1191,买盘
907,13:59:46,3.97,0.0,7,2779,买盘
908,13:59:52,3.97,0.0,30,11910,买盘
909,14:00:07,3.97,0.0,39,15483,买盘
910,14:00:10,3.96,-0.01,74,29304,卖盘
911,14:00:40,3.96,0.0,5,1980,卖盘
912,14:00:51,3.97,0.01,70,27790,买盘
913,14:01:01,3.96,-0.01,11,4364,卖盘
914,14:01:04,3.97,0.01,15,5955,买盘
915,14:01:07,3.97,0.0,3,1191,买盘
916,14:01:10,3.97,0.0,6,2382,买盘
917,14:01:43,3.97,0.0,90,35730,买盘
918,14:02:00,3.96,-0.01,10,3960,卖盘
919,14:02:19,3.96,0.0,41,16236,卖盘
920,14:02:31,3.96,0.0,3,1188,卖盘
921,14:03:31,3.97,0.01,10,3970,买盘
922,14:04:00,3.96,-0.01,3,1188,卖盘
923,14:04:04,3.96,0.0,63,24948,卖盘
924,14:04:24,3.96,0.0,15,5940,卖盘
925,14:04:43,3.96,0.0,73,28908,卖盘
926,14:04:58,3.96,0.0,10,3960,卖盘
927,14:05:07,3.97,0.01,151,59947,买盘
928,14:05:31,3.96,-0.01,3,1188,卖盘
929,14:05:43,3.97,0.01,10,3970,买盘
930,14:06:07,3.96,-0.01,32,12672,卖盘
931,14:06:58,3.96,0.0,3,1188,卖盘
932,14:07:04,3.96,0.0,718,284328,卖盘
933,14:07:13,3.96,0.0,5,1980,买盘
934,14:07:24,3.95,-0.01,44,17380,卖盘
935,14:07:40,3.96,0.01,1,396,买盘
936,14:08:00,3.96,0.0,5,1980,买盘
937,14:08:28,3.95,-0.01,3,1185,卖盘
938,14:08:31,3.96,0.01,3,1188,买盘
939,14:09:25,3.95,-0.01,7,2765,卖盘
940,14:09:39,3.95,0.0,50,19750,卖盘
941,14:09:54,3.95,0.0,13,5135,卖盘
942,14:10:06,3.95,0.0,5,1975,卖盘
943,14:10:22,3.96,0.01,21,8316,买盘
944,14:10:52,3.96,0.0,89,35244,买盘
945,14:11:19,3.95,-0.01,8,3160,卖盘
946,14:11:25,3.95,0.0,3,1185,卖盘
947,14:11:36,3.95,0.0,350,138250,卖盘
948,14:11:54,3.96,0.01,65,25740,买盘
949,14:12:06,3.96,0.0,30,11880,买盘
950,14:12:16,3.96,0.0,63,24948,买盘
951,14:12:28,3.96,0.0,10,3960,买盘
952,14:12:33,3.96,0.0,50,19800,买盘
953,14:12:36,3.96,0.0,8,3168,买盘
954,14:12:39,3.96,0.0,65,25740,买盘
955,14:12:46,3.96,0.0,2,792,买盘
956,14:12:55,3.95,-0.01,3,1185,卖盘
957,14:12:57,3.96,0.01,25,9900,买盘
958,14:13:00,3.96,0.0,59,23364,买盘
959,14:13:22,3.96,0.0,69,27324,买盘
960,14:13:37,3.96,0.0,25,9900,买盘
961,14:13:42,3.96,0.0,529,208984,买盘
962,14:13:51,3.96,0.0,1,396,卖盘
963,14:13:58,3.96,0.0,67,26532,卖盘
964,14:14:01,3.96,0.0,2,792,买盘
965,14:14:07,3.96,0.0,45,17820,买盘
966,14:14:25,3.95,-0.01,3,1185,卖盘
967,14:14:31,3.96,0.01,1,396,买盘
968,14:14:34,3.95,-0.01,11,4345,卖盘
969,14:14:46,3.96,0.01,2,792,买盘
970,14:14:49,3.95,-0.01,130,51350,卖盘
971,14:15:01,3.95,0.0,74,29230,卖盘
972,14:15:04,3.96,0.01,5,1980,买盘
973,14:15:13,3.96,0.0,10,3960,买盘
974,14:15:31,3.96,0.0,20,7920,买盘
975,14:15:52,3.95,-0.01,3,1185,卖盘
976,14:16:22,3.95,0.0,4,1580,卖盘
977,14:16:28,3.95,0.0,8,3163,卖盘
978,14:17:19,3.95,0.0,3,1185,卖盘
979,14:18:13,3.95,0.0,12,4740,卖盘
980,14:18:36,3.96,0.01,13,5148,买盘
981,14:18:49,3.95,-0.01,3,1185,卖盘
982,14:19:18,3.96,0.01,1,396,买盘
983,14:19:37,3.96,0.0,99,39204,买盘
984,14:21:06,3.96,0.0,176,69711,卖盘
985,14:21:09,3.96,0.0,14,5544,买盘
986,14:23:13,3.96,0.0,74,29304,买盘
987,14:24:49,3.95,-0.01,36,14220,卖盘
988,14:25:13,3.96,0.01,4,1584,买盘
989,14:26:19,3.95,-0.01,2,790,卖盘
990,14:26:58,3.95,0.0,7,2765,卖盘
991,14:27:24,3.95,0.0,39,15405,卖盘
992,14:28:01,3.96,0.01,200,79200,买盘
993,14:28:19,3.96,0.0,18,7128,买盘
994,14:28:22,3.96,0.0,19,7524,买盘
995,14:28:28,3.96,0.0,100,39600,买盘
996,14:28:36,3.96,0.0,1,396,买盘
997,14:28:49,3.96,0.0,35,13860,买盘
998,14:28:55,3.96,0.0,35,13860,卖盘
999,14:29:25,3.96,0.0,163,64548,卖盘
1000,14:29:31,3.96,0.0,124,49104,卖盘
1001,14:29:34,3.96,0.0,10,3960,卖盘
1002,14:30:09,3.96,0.0,3,1188,卖盘
1003,14:30:52,3.96,0.0,17,6732,卖盘
1004,14:31:16,3.96,0.0,8,3168,卖盘
1005,14:31:22,3.96,0.0,3,1188,卖盘
1006,14:31:49,3.96,0.0,250,99200,卖盘
1007,14:32:25,3.97,0.01,1000,397000,买盘
1008,14:32:33,3.97,0.0,25,10203,买盘
1009,14:32:40,3.97,0.0,23,8853,卖盘
1010,14:32:43,3.96,-0.01,8,3168,卖盘
1011,14:32:58,3.97,0.01,3,1191,买盘
1012,14:33:00,3.97,0.0,5,1985,买盘
1013,14:33:04,3.97,0.0,18,7146,买盘
1014,14:33:16,3.97,0.0,9,3573,买盘
1015,14:33:19,3.97,0.0,218,86824,买盘
1016,14:33:46,3.97,0.0,187,73961,卖盘
1017,14:33:58,3.97,0.0,68,26996,买盘
1018,14:34:07,3.97,0.0,5,1985,买盘
1019,14:34:12,3.96,-0.01,8,3168,卖盘
1020,14:34:31,3.97,0.01,3,1191,买盘
1021,14:34:40,3.97,0.0,15,5955,买盘
1022,14:34:43,3.97,0.0,200,79400,买盘
1023,14:34:45,3.96,-0.01,327,129868,卖盘
1024,14:35:04,3.97,0.01,5,1985,买盘
1025,14:35:10,3.97,0.0,1,397,买盘
1026,14:35:25,3.97,0.0,80,31760,买盘
1027,14:35:45,3.96,-0.01,8,3168,卖盘
1028,14:35:55,3.97,0.01,31,12307,买盘
1029,14:36:25,3.97,0.0,348,138156,买盘
1030,14:36:28,3.97,0.0,90,35730,买盘
1031,14:36:36,3.97,0.0,40,15880,买盘
1032,14:36:49,3.97,0.0,100,39700,卖盘
1033,14:37:10,3.97,0.0,8,3176,卖盘
1034,14:37:16,3.97,0.0,120,47640,卖盘
1035,14:37:24,3.97,0.0,50,19850,卖盘
1036,14:37:42,3.97,0.0,9,3573,卖盘
1037,14:37:49,3.97,0.0,56,22232,卖盘
1038,14:37:51,3.98,0.01,1,398,买盘
1039,14:38:16,3.98,0.0,25,9931,买盘
1040,14:38:25,3.97,-0.01,100,39700,卖盘
1041,14:38:28,3.97,0.0,65,25805,卖盘
1042,14:38:31,3.98,0.01,1,398,买盘
1043,14:38:37,3.97,-0.01,74,29378,卖盘
1044,14:38:39,3.97,0.0,8,3176,卖盘
1045,14:38:48,3.98,0.01,244,97112,买盘
1046,14:39:31,3.98,0.0,100,39800,买盘
1047,14:40:09,3.97,-0.01,8,3176,卖盘
1048,14:40:18,3.97,0.0,10,3970,卖盘
1049,14:40:49,3.97,0.0,1260,500220,卖盘
1050,14:40:54,3.97,0.0,24,9528,卖盘
1051,14:41:28,3.97,0.0,19,7543,卖盘
1052,14:41:37,3.97,0.0,3,1191,买盘
1053,14:41:40,3.96,-0.01,108,42868,卖盘
1054,14:41:46,3.97,0.01,20,7940,买盘
1055,14:42:28,3.96,-0.01,22,8712,卖盘
1056,14:42:58,3.96,0.0,1,396,卖盘
1057,14:43:04,3.97,0.01,478,189766,买盘
1058,14:43:07,3.96,-0.01,8,3168,卖盘
1059,14:43:10,3.97,0.01,34,13498,买盘
1060,14:43:46,3.97,0.0,300,119100,买盘
1061,14:44:07,3.97,0.0,100,39700,买盘
1062,14:44:22,3.96,-0.01,30,11880,卖盘
1063,14:44:37,3.96,0.0,8,3168,卖盘
1064,14:44:46,3.96,0.0,83,32868,卖盘
1065,14:45:07,3.97,0.01,5,1985,买盘
1066,14:45:28,3.97,0.0,349,138553,买盘
1067,14:45:40,3.97,0.0,40,15880,卖盘
1068,14:45:52,3.96,-0.01,209,82781,卖盘
1069,14:46:06,3.96,0.0,57,22625,卖盘
1070,14:46:09,3.97,0.01,36,14292,买盘
1071,14:46:16,3.97,0.0,16,6352,买盘
1072,14:46:19,3.97,0.0,40,15880,买盘
1073,14:46:34,3.97,0.0,200,79400,卖盘
1074,14:47:01,3.97,0.0,4,1588,卖盘
1075,14:47:04,3.97,0.0,22,8734,卖盘
1076,14:47:07,3.97,0.0,5,1985,买盘
1077,14:47:16,3.96,-0.01,5,1980,卖盘
1078,14:47:19,3.97,0.01,4,1588,买盘
1079,14:47:34,3.96,-0.01,22,8712,卖盘
1080,14:47:52,3.96,0.0,9,3564,卖盘
1081,14:48:01,3.97,0.01,22,8734,买盘
1082,14:48:09,3.97,0.0,40,15880,买盘
1083,14:48:34,3.97,0.0,79,31363,买盘
1084,14:48:55,3.96,-0.01,1,396,卖盘
1085,14:49:07,3.97,0.01,6,2382,买盘
1086,14:49:22,3.97,0.0,5,1985,买盘
1087,14:49:34,3.96,-0.01,3058,1210691,卖盘
1088,14:49:40,3.96,0.0,3,1188,买盘
1089,14:49:49,3.96,0.0,30,11880,买盘
1090,14:49:52,3.96,0.0,1,396,买盘
1091,14:50:07,3.96,0.0,142,56232,买盘
1092,14:50:13,3.96,0.0,1,396,买盘
1093,14:50:16,3.96,0.0,147,58212,买盘
1094,14:50:19,3.96,0.0,1,396,买盘
1095,14:50:22,3.96,0.0,34,13464,买盘
1096,14:50:28,3.96,0.0,1,396,买盘
1097,14:50:31,3.96,0.0,26,10296,买盘
1098,14:50:34,3.96,0.0,1,396,买盘
1099,14:50:37,3.96,0.0,95,37620,买盘
1100,14:50:40,3.96,0.0,1,396,买盘
1101,14:50:42,3.96,0.0,1,396,买盘
1102,14:50:46,3.96,0.0,80,31957,买盘
1103,14:51:40,3.97,0.01,5,1985,买盘
1104,14:51:57,3.96,-0.01,15,5940,卖盘
1105,14:52:06,3.96,0.0,66,26136,卖盘
1106,14:52:13,3.96,0.0,89,35244,卖盘
1107,14:52:16,3.96,0.0,514,203267,卖盘
1108,14:52:19,3.96,0.0,11,4356,买盘
1109,14:52:22,3.96,0.0,75,29977,买盘
1110,14:52:34,3.95,-0.01,140,55387,卖盘
1111,14:52:37,3.96,0.01,30,11880,卖盘
1112,14:52:49,3.96,0.0,21,8316,卖盘
1113,14:52:52,3.97,0.01,39,15474,买盘
1114,14:53:07,3.96,-0.01,89,35244,卖盘
1115,14:53:10,3.96,0.0,1,396,买盘
1116,14:53:13,3.96,0.0,2,792,买盘
1117,14:53:16,3.96,0.0,1,396,买盘
1118,14:53:19,3.96,0.0,23,9108,买盘
1119,14:53:25,3.96,0.0,1,396,卖盘
1120,14:53:27,3.96,0.0,75,29700,卖盘
1121,14:53:31,3.95,-0.01,221,87379,卖盘
1122,14:53:40,3.95,0.0,2079,821244,卖盘
1123,14:53:48,3.96,0.01,1,396,卖盘
1124,14:54:04,3.96,0.0,16,6336,买盘
1125,14:54:09,3.97,0.01,256,101453,买盘
1126,14:54:16,3.95,-0.02,70,27650,卖盘
1127,14:54:28,3.96,0.01,30,11880,买盘
1128,14:54:39,3.95,-0.01,30,11850,卖盘
1129,14:54:49,3.96,0.01,1,396,买盘
1130,14:55:01,3.95,-0.01,10,3950,卖盘
1131,14:55:04,3.96,0.01,27,10692,买盘
1132,14:55:34,3.96,0.0,53,20988,买盘
1133,14:55:39,3.95,-0.01,15,5925,卖盘
1134,14:55:58,3.95,0.0,19,7505,卖盘
1135,14:56:04,3.96,0.01,10,3960,买盘
1136,14:56:06,3.96,0.0,100,39600,买盘
1137,14:56:13,3.95,-0.01,120,47400,卖盘
1138,14:56:34,3.96,0.01,5,1980,买盘
1139,14:56:49,3.96,0.0,2,792,买盘
1140,14:56:52,3.96,0.0,10,3960,买盘
1141,14:57:04,3.96,0.0,295,116820,买盘
1142,15:00:04,3.96,0.0,1270,502920,卖盘
