,time,price,change,volume,amount,type
0,09:25:04,4.01,0.03,263,105463,卖盘
1,09:30:01,4.03,0.02,50,20150,买盘
2,09:30:04,4.05,0.02,630,254978,买盘
3,09:30:07,4.05,0.0,45,18302,卖盘
4,09:30:10,4.05,0.0,16,6480,卖盘
5,09:30:15,4.05,0.0,25,10125,卖盘
6,09:30:18,4.06,0.01,75,30443,买盘
7,09:30:21,4.05,-0.01,19,7695,买盘
8,09:30:24,4.05,0.0,30,12150,买盘
9,09:30:27,4.04,-0.01,228,92142,卖盘
10,09:30:30,4.05,0.01,14,5670,买盘
11,09:30:33,4.05,0.0,15,6065,买盘
12,09:30:36,4.05,0.0,372,150660,卖盘
13,09:30:39,4.05,0.0,126,50940,买盘
14,09:30:42,4.03,-0.02,1451,584829,卖盘
15,09:30:45,4.03,0.0,57,22971,卖盘
16,09:30:48,4.05,0.02,2,810,买盘
17,09:30:55,4.05,0.0,50,20216,买盘
18,09:30:57,4.04,-0.01,9,3637,买盘
19,09:31:01,4.04,0.0,30,12120,买盘
20,09:31:04,4.04,0.0,119,48076,买盘
21,09:31:07,4.04,0.0,12,4848,买盘
22,09:31:09,4.04,0.0,3,1212,买盘
23,09:31:13,4.04,0.0,41,16564,买盘
24,09:31:19,4.04,0.0,247,99788,买盘
25,09:31:21,4.04,0.0,4,1616,卖盘
26,09:31:28,4.04,0.0,93,37481,买盘
27,09:31:31,4.03,-0.01,16,6454,卖盘
28,09:31:33,4.04,0.01,324,130896,买盘
29,09:31:36,4.04,0.0,78,31512,卖盘
30,09:31:39,4.04,0.0,119,48076,卖盘
31,09:31:43,4.04,0.0,60,24240,卖盘
32,09:31:51,4.04,0.0,352,142193,买盘
33,09:31:55,4.04,0.0,49,19796,买盘
34,09:31:57,4.03,-0.01,100,40300,卖盘
35,09:32:01,4.04,0.01,5,2020,买盘
36,09:32:03,4.03,-0.01,10,4030,卖盘
37,09:32:07,4.04,0.01,165,66660,买盘
38,09:32:10,4.03,-0.01,50,20150,卖盘
39,09:32:12,4.03,0.0,258,103983,卖盘
40,09:32:16,4.03,0.0,4,1612,买盘
41,09:32:19,4.04,0.01,7,2824,买盘
42,09:32:21,4.03,-0.01,13,5239,卖盘
43,09:32:24,4.03,0.0,2,806,卖盘
44,09:32:28,4.03,0.0,19,7657,卖盘
45,09:32:30,4.03,0.0,4,1612,买盘
46,09:32:34,4.03,0.0,23,9269,买盘
47,09:32:37,4.04,0.01,74,29869,买盘
48,09:32:40,4.03,-0.01,29,11687,卖盘
49,09:32:43,4.02,-0.01,50,20100,卖盘
50,09:32:45,4.03,0.01,26,10478,买盘
51,09:32:48,4.01,-0.02,143,57484,卖盘
52,09:32:52,4.02,0.01,47,18894,中性盘
53,09:32:55,4.02,0.0,7,2814,买盘
54,09:32:58,4.03,0.01,33,13299,买盘
55,09:33:01,4.01,-0.02,8,3208,卖盘
56,09:33:04,4.03,0.02,11,4430,买盘
57,09:33:07,4.02,-0.01,5,2013,卖盘
58,09:33:09,4.02,0.0,15,6030,卖盘
59,09:33:13,4.02,0.0,5,2010,买盘
60,09:33:16,4.02,0.0,101,40587,买盘
61,09:33:19,4.02,0.0,64,25728,买盘
62,09:33:25,4.02,0.0,100,40200,卖盘
63,09:33:27,4.02,0.0,34,13688,卖盘
64,09:33:31,4.03,0.01,29,11687,买盘
65,09:33:34,4.03,0.0,20,8060,买盘
66,09:33:37,4.03,0.0,5,2015,买盘
67,09:33:45,4.03,0.0,105,42222,买盘
68,09:33:52,4.03,0.0,76,30628,买盘
69,09:33:58,4.02,-0.01,4,1611,卖盘
70,09:34:01,4.03,0.01,88,35420,买盘
71,09:34:04,4.02,-0.01,7,2814,卖盘
72,09:34:09,4.03,0.01,53,21359,买盘
73,09:34:13,4.03,0.0,5,2015,买盘
74,09:34:16,4.03,0.0,105,42315,买盘
75,09:34:19,4.04,0.01,7,2828,买盘
76,09:34:22,4.03,-0.01,20,8060,卖盘
77,09:34:24,4.03,0.0,31,12514,卖盘
78,09:34:27,4.04,0.01,4,1616,买盘
79,09:34:31,4.03,-0.01,2,806,卖盘
80,09:34:34,4.04,0.01,22,8876,买盘
81,09:34:40,4.03,-0.01,79,31913,卖盘
82,09:34:42,4.03,0.0,12,4836,卖盘
83,09:34:46,4.04,0.01,44,17752,买盘
84,09:34:55,4.04,0.0,5,2020,买盘
85,09:34:57,4.04,0.0,26,10504,买盘
86,09:35:01,4.04,0.0,107,43228,买盘
87,09:35:04,4.04,0.0,54,21816,买盘
88,09:35:07,4.04,0.0,90,36360,买盘
89,09:35:10,4.04,0.0,35,14140,买盘
90,09:35:12,4.03,-0.01,50,20150,卖盘
91,09:35:16,4.03,0.0,247,99778,卖盘
92,09:35:19,4.04,0.01,20,8080,买盘
93,09:35:22,4.04,0.0,19,7676,买盘
94,09:35:28,4.04,0.0,180,72690,买盘
95,09:35:30,4.04,0.0,2,808,买盘
96,09:35:33,4.04,0.0,8,3232,买盘
97,09:35:39,4.04,0.0,5,2020,买盘
98,09:35:45,4.04,0.0,4,1616,买盘
99,09:35:49,4.04,0.0,137,55348,买盘
100,09:35:55,4.03,-0.01,133,53722,卖盘
101,09:35:57,4.04,0.01,12,4848,买盘
102,09:36:00,4.04,0.0,20,8080,卖盘
103,09:36:04,4.04,0.0,13,5252,卖盘
104,09:36:06,4.04,0.0,47,19017,卖盘
105,09:36:10,4.04,0.0,54,21816,卖盘
106,09:36:13,4.04,0.0,62,25048,卖盘
107,09:36:16,4.04,0.0,21,8484,卖盘
108,09:36:19,4.04,0.0,227,91908,卖盘
109,09:36:21,4.04,0.0,10,4046,卖盘
110,09:36:25,4.04,0.0,151,61004,卖盘
111,09:36:28,4.04,0.0,3,1212,买盘
112,09:36:31,4.03,-0.01,150,60500,卖盘
113,09:36:34,4.04,0.01,25,10100,买盘
114,09:36:36,4.04,0.0,61,24644,卖盘
115,09:36:46,4.04,0.0,30,12120,买盘
116,09:36:54,4.04,0.0,45,18180,买盘
117,09:37:01,4.04,0.0,21,8484,买盘
118,09:37:06,4.04,0.0,163,65844,买盘
119,09:37:12,4.04,0.0,146,58984,买盘
120,09:37:15,4.04,0.0,123,49692,买盘
121,09:37:22,4.03,-0.01,70,28210,卖盘
122,09:37:25,4.03,0.0,88,35464,卖盘
123,09:37:27,4.04,0.01,69,27876,买盘
124,09:37:30,4.04,0.0,31,12520,买盘
125,09:37:34,4.04,0.0,30,12120,买盘
126,09:37:37,4.04,0.0,150,60600,买盘
127,09:37:39,4.03,-0.01,25,10075,卖盘
128,09:37:42,4.04,0.01,3,1212,买盘
129,09:37:51,4.04,0.0,42,16968,买盘
130,09:37:54,4.04,0.0,160,64490,买盘
131,09:37:57,4.04,0.0,30,12120,买盘
132,09:38:04,4.04,0.0,8,3232,买盘
133,09:38:09,4.04,0.0,2,808,买盘
134,09:38:25,4.04,0.0,13,5249,买盘
135,09:38:27,4.03,-0.01,596,240188,卖盘
136,09:38:31,4.03,0.0,6,2418,卖盘
137,09:38:34,4.04,0.01,22,8871,买盘
138,09:38:37,4.03,-0.01,27,10881,买盘
139,09:38:40,4.03,0.0,15,6045,买盘
140,09:38:42,4.03,0.0,1,403,买盘
141,09:38:46,4.03,0.0,10,4030,买盘
142,09:39:16,4.03,0.0,1,403,买盘
143,09:39:18,4.02,-0.01,50,20100,卖盘
144,09:39:30,4.02,0.0,348,139896,卖盘
145,09:39:40,4.01,-0.01,44,17644,卖盘
146,09:39:45,4.02,0.01,229,91833,买盘
147,09:39:48,4.01,-0.01,7,2807,卖盘
148,09:39:55,4.01,0.0,14,5614,卖盘
149,09:39:57,4.02,0.01,2,804,买盘
150,09:40:09,4.02,0.0,1,402,买盘
151,09:40:16,4.01,-0.01,40,16040,卖盘
152,09:40:24,4.01,0.0,21,8421,卖盘
153,09:40:34,4.01,0.0,70,28070,卖盘
154,09:40:37,4.01,0.0,20,8020,卖盘
155,09:40:39,4.01,0.0,361,144761,卖盘
156,09:40:42,4.01,0.0,5,2005,买盘
157,09:40:49,4.0,-0.01,18,7200,卖盘
158,09:40:52,4.0,0.0,387,154800,卖盘
159,09:41:09,4.0,0.0,1,400,买盘
160,09:41:16,4.0,0.0,11,4398,买盘
161,09:41:19,3.99,-0.01,43,17157,卖盘
162,09:41:22,3.99,0.0,6,2394,卖盘
163,09:41:24,3.99,0.0,3,1197,卖盘
164,09:41:31,3.99,0.0,30,11980,卖盘
165,09:41:34,3.99,0.0,60,23940,卖盘
166,09:41:37,4.0,0.01,24,9600,买盘
167,09:41:42,4.0,0.0,5,2000,买盘
168,09:41:49,4.0,0.0,9,3600,买盘
169,09:41:52,4.0,0.0,207,82800,买盘
170,09:41:55,4.0,0.0,149,59600,买盘
171,09:41:58,4.0,0.0,97,38800,买盘
172,09:42:01,3.99,-0.01,272,108765,卖盘
173,09:42:04,4.0,0.01,35,14000,买盘
174,09:42:06,4.0,0.0,12,4800,买盘
175,09:42:13,4.0,0.0,29,11600,买盘
176,09:42:16,4.01,0.01,117,46917,买盘
177,09:42:18,4.01,0.0,866,346583,买盘
178,09:42:27,4.01,0.0,98,39298,买盘
179,09:42:31,4.01,0.0,51,20451,买盘
180,09:42:34,4.01,0.0,120,48120,卖盘
181,09:42:37,4.02,0.01,7,2814,买盘
182,09:42:54,4.02,0.0,4,1608,买盘
183,09:43:13,4.02,0.0,111,44622,买盘
184,09:43:16,4.01,-0.01,16,6416,卖盘
185,09:43:18,4.01,0.0,15,6015,卖盘
186,09:43:25,4.01,0.0,26,10426,卖盘
187,09:43:28,4.02,0.01,59,23666,买盘
188,09:43:37,4.02,0.0,31,12434,买盘
189,09:43:39,4.01,-0.01,55,22055,卖盘
190,09:43:42,4.01,0.0,60,24060,卖盘
191,09:43:46,4.01,0.0,213,85421,卖盘
192,09:43:49,4.01,0.0,77,30877,卖盘
193,09:43:52,4.01,0.0,106,42506,买盘
194,09:43:54,4.0,-0.01,62,24800,卖盘
195,09:43:57,4.01,0.01,3,1203,买盘
196,09:44:09,4.0,-0.01,67,26800,卖盘
197,09:44:21,3.99,-0.01,78,31122,卖盘
198,09:44:24,4.0,0.01,5,2000,买盘
199,09:44:28,4.0,0.0,65,25991,买盘
200,09:44:36,4.0,0.0,20,7990,买盘
201,09:44:40,3.99,-0.01,1,399,卖盘
202,09:44:43,4.0,0.01,96,38400,买盘
203,09:44:48,4.0,0.0,25,10000,买盘
204,09:44:52,4.0,0.0,47,18800,买盘
205,09:45:00,4.0,0.0,45,18000,买盘
206,09:45:07,4.0,0.0,40,16000,卖盘
207,09:45:12,4.0,0.0,84,33600,卖盘
208,09:45:15,4.0,0.0,35,14000,买盘
209,09:45:19,3.99,-0.01,12,4798,卖盘
210,09:45:28,3.99,0.0,139,55461,卖盘
211,09:45:37,3.99,0.0,45,17955,卖盘
212,09:45:49,4.0,0.01,115,46000,买盘
213,09:45:51,3.99,-0.01,223,88977,卖盘
214,09:45:55,4.0,0.01,16,6395,买盘
215,09:46:01,4.0,0.0,5,2000,买盘
216,09:46:04,3.99,-0.01,126,50274,卖盘
217,09:46:06,4.0,0.01,6,2400,买盘
218,09:46:16,3.99,-0.01,204,81396,卖盘
219,09:46:18,3.99,0.0,10,3990,卖盘
220,09:46:21,3.99,0.0,288,114912,卖盘
221,09:46:24,3.99,0.0,95,37905,卖盘
222,09:46:27,4.0,0.01,43,17198,买盘
223,09:46:34,3.99,-0.01,2,798,买盘
224,09:46:37,3.99,0.0,10,3990,买盘
225,09:46:40,3.99,0.0,28,11172,买盘
226,09:46:45,3.99,0.0,38,15162,卖盘
227,09:46:48,3.99,0.0,30,11970,买盘
228,09:46:52,3.98,-0.01,63,25085,卖盘
229,09:46:54,3.99,0.01,36,14364,买盘
230,09:46:57,3.98,-0.01,12,4776,卖盘
231,09:47:01,3.98,0.0,17,6771,卖盘
232,09:47:04,3.99,0.01,11,4389,买盘
233,09:47:09,3.98,-0.01,25,9950,卖盘
234,09:47:12,3.99,0.01,138,54961,买盘
235,09:47:19,3.99,0.0,38,15162,买盘
236,09:47:22,3.99,0.0,114,45486,买盘
237,09:47:25,3.98,-0.01,344,136912,卖盘
238,09:47:28,3.98,0.0,164,65272,卖盘
239,09:47:31,3.98,0.0,2,796,买盘
240,09:47:36,3.97,-0.01,97,38519,卖盘
241,09:47:39,3.97,0.0,5,1985,卖盘
242,09:47:42,3.97,0.0,8,3176,卖盘
243,09:47:46,3.98,0.01,5,1990,买盘
244,09:47:54,3.98,0.0,78,30984,买盘
245,09:47:58,3.97,-0.01,59,23434,卖盘
246,09:48:01,3.97,0.0,13,5161,卖盘
247,09:48:04,3.98,0.01,209,83132,买盘
248,09:48:09,3.97,-0.01,50,19850,卖盘
249,09:48:12,3.97,0.0,155,61535,卖盘
250,09:48:22,3.97,0.0,29,11513,买盘
251,09:48:24,3.96,-0.01,14,5545,卖盘
252,09:48:34,3.97,0.01,50,19850,买盘
253,09:48:36,3.96,-0.01,382,151272,卖盘
254,09:48:40,3.97,0.01,50,19850,买盘
255,09:48:42,3.96,-0.01,105,41580,卖盘
256,09:48:46,3.96,0.0,31,12276,买盘
257,09:48:49,3.96,0.0,12,4752,买盘
258,09:48:52,3.96,0.0,40,15840,买盘
259,09:48:55,3.95,-0.01,79,31205,卖盘
260,09:48:58,3.95,0.0,5,1975,卖盘
261,09:49:01,3.96,0.01,35,13860,买盘
262,09:49:03,3.96,0.0,243,96185,买盘
263,09:49:06,3.96,0.0,1,396,买盘
264,09:49:10,3.95,-0.01,152,60127,卖盘
265,09:49:13,3.96,0.01,29,11484,买盘
266,09:49:16,3.96,0.0,113,44748,买盘
267,09:49:18,3.96,0.0,9,3564,买盘
268,09:49:21,3.96,0.0,25,9900,买盘
269,09:49:24,3.96,0.0,201,79443,买盘
270,09:49:27,3.95,-0.01,26,10295,卖盘
271,09:49:31,3.95,0.0,89,35191,卖盘
272,09:49:34,3.95,0.0,70,27650,卖盘
273,09:49:37,3.95,0.0,33,13035,卖盘
274,09:49:40,3.96,0.01,107,42347,买盘
275,09:49:45,3.95,-0.01,7,2765,卖盘
276,09:49:49,3.95,0.0,41,16195,卖盘
277,09:49:51,3.96,0.01,15,5940,买盘
278,09:49:54,3.95,-0.01,133,52535,卖盘
279,09:49:58,3.96,0.01,24,9483,买盘
280,09:50:01,3.95,-0.01,13,5135,卖盘
281,09:50:04,3.96,0.01,118,46728,买盘
282,09:50:07,3.96,0.0,10,3960,买盘
283,09:50:13,3.96,0.0,15,5940,买盘
284,09:50:18,3.96,0.0,73,28848,买盘
285,09:50:22,3.95,-0.01,160,63282,卖盘
286,09:50:24,3.96,0.01,30,11880,买盘
287,09:50:30,3.96,0.0,4,1584,买盘
288,09:50:34,3.96,0.0,57,22572,买盘
289,09:50:37,3.96,0.0,115,45540,买盘
290,09:50:40,3.96,0.0,90,35640,买盘
291,09:50:42,3.96,0.0,48,19008,卖盘
292,09:50:49,3.97,0.01,101,40094,买盘
293,09:50:52,3.97,0.0,69,27393,卖盘
294,09:50:55,3.97,0.0,10,3970,卖盘
295,09:50:57,3.97,0.0,101,40097,卖盘
296,09:51:00,3.97,0.0,27,10719,买盘
297,09:51:04,3.97,0.0,36,14292,买盘
298,09:51:06,3.98,0.01,6,2388,买盘
299,09:51:12,3.98,0.0,13,5174,买盘
300,09:51:16,3.97,-0.01,5,1985,卖盘
301,09:51:19,3.98,0.01,24,9536,买盘
302,09:51:22,3.98,0.0,30,11940,买盘
303,09:51:24,3.98,0.0,28,11144,买盘
304,09:51:27,3.98,0.0,70,27860,买盘
305,09:51:33,3.98,0.0,1,398,卖盘
306,09:51:37,3.98,0.0,1,398,卖盘
307,09:51:43,3.98,0.0,247,98306,卖盘
308,09:51:46,3.97,-0.01,1,397,卖盘
309,09:51:52,3.98,0.01,6,2388,买盘
310,09:51:57,3.97,-0.01,123,48904,卖盘
311,09:52:01,3.97,0.0,14,5558,卖盘
312,09:52:04,3.98,0.01,8,3184,买盘
313,09:52:10,3.97,-0.01,11,4367,卖盘
314,09:52:19,3.98,0.01,10,3980,买盘
315,09:52:22,3.98,0.0,11,4378,买盘
316,09:52:33,3.97,-0.01,6,2382,卖盘
317,09:52:39,3.98,0.01,35,13930,买盘
318,09:52:46,3.98,0.0,14,5572,买盘
319,09:52:51,3.98,0.0,5,1990,买盘
320,09:52:54,3.98,0.0,84,33375,买盘
321,09:53:04,3.97,-0.01,24,9528,卖盘
322,09:53:06,3.97,0.0,1,397,卖盘
323,09:53:10,3.97,0.0,62,24614,卖盘
324,09:53:13,3.98,0.01,30,11940,买盘
325,09:53:16,3.97,-0.01,5,1985,卖盘
326,09:53:19,3.98,0.01,10,3980,买盘
327,09:53:22,3.97,-0.01,5,1985,卖盘
328,09:53:24,3.97,0.0,11,4370,卖盘
329,09:53:31,3.97,0.0,57,22629,卖盘
330,09:53:34,3.97,0.0,28,11116,买盘
331,09:53:37,3.97,0.0,5,1985,买盘
332,09:53:42,3.96,-0.01,21,8316,卖盘
333,09:53:48,3.97,0.01,29,11513,买盘
334,09:53:51,3.96,-0.01,120,47520,卖盘
335,09:53:57,3.96,0.0,33,13078,卖盘
336,09:54:04,3.97,0.01,20,7940,买盘
337,09:54:10,3.97,0.0,3,1191,买盘
338,09:54:15,3.98,0.01,1078,428913,买盘
339,09:54:18,3.98,0.0,3,1194,卖盘
340,09:54:21,3.98,0.0,8,3184,卖盘
341,09:54:33,3.99,0.01,4,1596,买盘
342,09:54:40,3.99,0.0,34,13564,买盘
343,09:54:45,3.99,0.0,623,248577,买盘
344,09:54:48,3.99,0.0,10,3990,卖盘
345,09:55:01,4.0,0.01,20,8000,买盘
346,09:55:06,4.0,0.0,100,40000,买盘
347,09:55:09,4.0,0.0,39,15600,买盘
348,09:55:13,3.99,-0.01,30,11970,卖盘
349,09:55:15,4.0,0.01,137,54800,买盘
350,09:55:19,4.0,0.0,20,8000,买盘
351,09:55:21,4.0,0.0,10,4000,卖盘
352,09:55:36,4.01,0.01,5,2005,买盘
353,09:55:40,4.01,0.0,53,21253,买盘
354,09:55:43,4.01,0.0,4,1604,买盘
355,09:55:58,4.0,-0.01,131,52431,卖盘
356,09:56:01,4.01,0.01,7,2807,买盘
357,09:56:04,4.01,0.0,580,232580,买盘
358,09:56:06,4.01,0.0,96,38496,买盘
359,09:56:09,4.01,0.0,20,8020,买盘
360,09:56:12,4.01,0.0,65,26065,买盘
361,09:56:16,4.01,0.0,15,6015,卖盘
362,09:56:22,4.02,0.01,20,8040,买盘
363,09:56:25,4.01,-0.01,16,6416,卖盘
364,09:56:33,4.01,0.0,34,13634,买盘
365,09:56:43,4.01,0.0,22,8822,卖盘
366,09:56:46,4.01,0.0,150,60150,卖盘
367,09:56:48,4.02,0.01,1,402,买盘
368,09:56:51,4.01,-0.01,39,15646,卖盘
369,09:56:54,4.02,0.01,18,7231,买盘
370,09:56:57,4.02,0.0,10,4020,买盘
371,09:57:00,4.01,-0.01,20,8020,卖盘
372,09:57:04,4.02,0.01,2,804,买盘
373,09:57:07,4.02,0.0,8,3216,买盘
374,09:57:09,4.01,-0.01,25,10025,卖盘
375,09:57:13,4.02,0.01,10,4020,买盘
376,09:57:15,4.01,-0.01,2,802,卖盘
377,09:57:22,4.02,0.01,22,8844,买盘
378,09:57:31,4.02,0.0,14,5628,买盘
379,09:57:34,4.02,0.0,9,3618,买盘
380,09:57:37,4.02,0.0,30,12060,买盘
381,09:57:40,4.02,0.0,7,2814,买盘
382,09:57:45,4.01,-0.01,1,401,卖盘
383,09:57:55,4.01,0.0,15,6015,卖盘
384,09:57:58,4.02,0.01,20,8040,买盘
385,09:58:00,4.02,0.0,90,36093,买盘
386,09:58:04,4.01,-0.01,28,11228,卖盘
387,09:58:10,4.02,0.01,14,5628,买盘
388,09:58:22,4.02,0.0,2,804,买盘
389,09:58:24,4.02,0.0,9,3618,买盘
390,09:58:28,4.02,0.0,64,25728,买盘
391,09:58:31,4.02,0.0,10,4020,买盘
392,09:58:42,4.01,-0.01,38,15246,卖盘
393,09:58:48,4.02,0.01,30,12040,买盘
394,09:58:51,4.01,-0.01,20,8025,卖盘
395,09:58:57,4.02,0.01,23,9236,买盘
396,09:59:09,4.01,-0.01,96,38496,卖盘
397,09:59:12,4.01,0.0,10,4010,卖盘
398,09:59:19,4.01,0.0,188,75388,卖盘
399,09:59:24,4.01,0.0,5,2005,买盘
400,09:59:27,4.01,0.0,20,8020,买盘
401,09:59:33,4.0,-0.01,3,1200,卖盘
402,09:59:37,4.0,0.0,10,4000,卖盘
403,09:59:55,4.0,0.0,26,10400,卖盘
404,09:59:58,4.0,0.0,24,9600,卖盘
405,10:00:01,4.0,0.0,1,400,卖盘
406,10:00:07,4.01,0.01,3,1203,买盘
407,10:00:10,4.0,-0.01,14,5600,卖盘
408,10:00:13,4.0,0.0,276,110400,卖盘
409,10:00:18,4.0,0.0,12,4800,买盘
410,10:00:22,4.0,0.0,25,10000,买盘
411,10:00:24,4.0,0.0,25,10000,买盘
412,10:00:39,3.99,-0.01,2,798,卖盘
413,10:00:42,3.99,0.0,100,39900,卖盘
414,10:00:46,4.0,0.01,1,400,买盘
415,10:00:49,3.99,-0.01,139,55474,卖盘
416,10:01:37,3.99,0.0,10,3990,卖盘
417,10:01:40,3.99,0.0,60,23940,卖盘
418,10:02:00,4.0,0.01,20,8000,买盘
419,10:02:09,4.0,0.0,132,52800,买盘
420,10:02:12,4.0,0.0,5,2000,买盘
421,10:02:15,4.0,0.0,9,3600,买盘
422,10:02:24,3.99,-0.01,40,15960,卖盘
423,10:02:27,4.0,0.01,32,12800,买盘
424,10:02:34,4.0,0.0,10,4000,买盘
425,10:02:36,4.0,0.0,20,8000,买盘
426,10:02:40,4.0,0.0,16,6400,买盘
427,10:02:43,4.0,0.0,50,20000,买盘
428,10:02:46,4.0,0.0,10,4000,买盘
429,10:02:51,4.0,0.0,84,33600,买盘
430,10:02:54,4.0,0.0,96,38400,卖盘
431,10:03:00,4.0,0.0,36,14400,卖盘
432,10:03:15,4.0,0.0,116,46400,卖盘
433,10:03:21,4.0,0.0,10,4000,买盘
434,10:03:30,4.0,0.0,25,10000,买盘
435,10:03:33,3.99,-0.01,1,399,卖盘
436,10:03:39,4.0,0.01,3,1200,买盘
437,10:03:52,4.0,0.0,214,85439,买盘
438,10:03:57,4.0,0.0,13,5200,买盘
439,10:04:00,4.0,0.0,4,1600,买盘
440,10:04:04,4.0,0.0,1,400,买盘
441,10:04:22,4.0,0.0,25,10000,买盘
442,10:04:24,4.0,0.0,75,30000,买盘
443,10:04:27,3.99,-0.01,5,1995,卖盘
444,10:04:30,4.0,0.01,31,12400,买盘
445,10:04:37,4.0,0.0,150,60000,买盘
446,10:04:40,4.0,0.0,8,3200,买盘
447,10:04:43,4.0,0.0,7,2800,买盘
448,10:04:46,4.0,0.0,28,11200,买盘
449,10:04:54,4.01,0.01,330,132140,买盘
450,10:05:16,4.01,0.0,24,9624,买盘
451,10:05:19,4.01,0.0,212,85012,买盘
452,10:05:22,4.01,0.0,15,6015,买盘
453,10:05:30,4.01,0.0,34,13634,卖盘
454,10:05:33,4.01,0.0,11,4411,卖盘
455,10:05:39,4.01,0.0,1,401,卖盘
456,10:05:46,4.01,0.0,3,1203,卖盘
457,10:05:51,4.01,0.0,54,21674,卖盘
458,10:05:54,4.01,0.0,1,401,卖盘
459,10:05:58,4.01,0.0,25,10040,卖盘
460,10:06:04,4.01,0.0,171,68571,卖盘
461,10:06:06,4.02,0.01,350,140550,买盘
462,10:06:09,4.02,0.0,24,9628,买盘
463,10:06:12,4.01,-0.01,43,17243,卖盘
464,10:06:16,4.01,0.0,69,27669,卖盘
465,10:06:27,4.01,0.0,90,36001,买盘
466,10:06:34,4.01,0.0,67,26867,买盘
467,10:06:36,4.01,0.0,132,52932,卖盘
468,10:06:52,4.01,0.0,12,4812,卖盘
469,10:06:58,4.01,0.0,3,1203,卖盘
470,10:07:03,4.01,0.0,128,51328,卖盘
471,10:07:30,4.02,0.01,98,39396,买盘
472,10:07:36,4.02,0.0,28,11256,买盘
473,10:07:49,4.02,0.0,23,9246,买盘
474,10:07:51,4.02,0.0,208,83616,买盘
475,10:08:09,4.01,-0.01,4,1604,卖盘
476,10:08:33,4.01,0.0,21,8421,卖盘
477,10:08:54,4.01,0.0,1,401,卖盘
478,10:08:57,4.01,0.0,16,6416,卖盘
479,10:09:00,4.01,0.0,486,194886,卖盘
480,10:09:04,4.01,0.0,57,22857,卖盘
481,10:09:06,4.01,0.0,338,135538,卖盘
482,10:09:09,4.01,0.0,115,46115,卖盘
483,10:09:13,4.01,0.0,103,41303,卖盘
484,10:09:27,4.01,0.0,6,2406,买盘
485,10:09:49,4.0,-0.01,10,4000,卖盘
486,10:09:51,4.0,0.0,68,27200,卖盘
487,10:10:06,4.0,0.0,6,2400,卖盘
488,10:10:12,4.0,0.0,56,22400,卖盘
489,10:10:36,4.0,0.0,3,1200,卖盘
490,10:10:39,4.0,0.0,50,20000,卖盘
491,10:10:46,4.01,0.01,86,34486,买盘
492,10:11:01,4.01,0.0,1,401,买盘
493,10:11:16,4.01,0.0,5,2005,买盘
494,10:11:30,4.0,-0.01,21,8400,卖盘
495,10:11:48,4.0,0.0,60,24000,卖盘
496,10:11:54,4.01,0.01,6,2406,买盘
497,10:11:57,4.0,-0.01,3,1200,卖盘
498,10:12:15,4.01,0.01,4,1604,买盘
499,10:12:33,4.0,-0.01,4,1600,卖盘
500,10:13:04,4.0,0.0,37,14800,卖盘
501,10:13:12,4.0,0.0,80,32000,卖盘
502,10:13:22,4.0,0.0,20,8000,卖盘
503,10:13:27,4.01,0.01,4,1604,买盘
504,10:13:39,4.0,-0.01,5,2000,卖盘
505,10:13:42,4.01,0.01,2,802,买盘
506,10:14:04,4.0,-0.01,75,30000,卖盘
507,10:14:10,4.0,0.0,7,2800,卖盘
508,10:14:22,4.0,0.0,73,29200,卖盘
509,10:14:30,4.0,0.0,23,9200,卖盘
510,10:14:36,4.01,0.01,53,21253,买盘
511,10:14:45,4.01,0.0,113,45213,买盘
512,10:14:48,4.01,0.0,100,40100,买盘
513,10:14:54,4.0,-0.01,1,400,卖盘
514,10:15:18,4.0,0.0,44,17600,卖盘
515,10:15:27,4.01,0.01,12,4812,买盘
516,10:15:57,4.01,0.0,12,4812,买盘
517,10:16:00,4.01,0.0,12,4812,买盘
518,10:16:04,4.0,-0.01,16,6412,卖盘
519,10:16:06,4.01,0.01,12,4812,买盘
520,10:16:18,4.01,0.0,33,13233,买盘
521,10:16:31,4.0,-0.01,28,11225,卖盘
522,10:16:42,4.0,0.0,3,1200,卖盘
523,10:16:54,4.0,0.0,85,34000,卖盘
524,10:16:57,4.0,0.0,17,6800,卖盘
525,10:17:12,4.01,0.01,4,1604,买盘
526,10:17:21,4.01,0.0,53,21253,买盘
527,10:17:27,4.0,-0.01,362,144800,卖盘
528,10:17:31,4.02,0.02,420,168522,买盘
529,10:17:36,4.01,-0.01,2,802,中性盘
530,10:17:45,4.01,0.0,10,4010,卖盘
531,10:18:00,4.02,0.01,254,102108,买盘
532,10:18:04,4.02,0.0,100,40200,买盘
533,10:18:18,4.02,0.0,96,38592,买盘
534,10:18:36,4.02,0.0,20,8040,买盘
535,10:18:48,4.02,0.0,11,4422,买盘
536,10:18:54,4.02,0.0,30,12060,买盘
537,10:18:57,4.01,-0.01,160,64160,卖盘
538,10:19:06,4.01,0.0,145,58145,卖盘
539,10:19:09,4.01,0.0,465,186929,卖盘
540,10:19:15,4.01,0.0,43,17243,卖盘
541,10:19:24,4.01,0.0,40,16040,卖盘
542,10:19:30,4.03,0.02,695,280040,买盘
543,10:19:33,4.01,-0.02,1,401,卖盘
544,10:19:48,4.01,0.0,33,13235,卖盘
545,10:19:54,4.03,0.02,122,49153,买盘
546,10:19:57,4.03,0.0,31,12493,卖盘
547,10:20:00,4.04,0.01,32,12914,买盘
548,10:20:04,4.03,-0.01,9,3627,卖盘
549,10:20:06,4.03,0.0,60,24180,卖盘
550,10:20:09,4.03,0.0,5,2015,卖盘
551,10:20:12,4.02,-0.01,23,9267,卖盘
552,10:20:15,4.02,0.0,2,804,卖盘
553,10:20:18,4.02,0.0,4,1608,卖盘
554,10:20:22,4.02,0.0,5,2010,卖盘
555,10:20:24,4.02,0.0,7,2815,卖盘
556,10:20:27,4.02,0.0,5,2010,卖盘
557,10:20:30,4.02,0.0,3,1206,卖盘
558,10:20:33,4.02,0.0,4,1608,卖盘
559,10:20:36,4.02,0.0,7,2817,卖盘
560,10:20:39,4.02,0.0,14,5628,卖盘
561,10:20:43,4.02,0.0,4,1608,卖盘
562,10:20:45,4.03,0.01,54,21758,买盘
563,10:20:48,4.02,-0.01,1,402,卖盘
564,10:20:51,4.02,0.0,2,804,卖盘
565,10:20:54,4.02,0.0,4,1608,卖盘
566,10:20:57,4.02,0.0,18,7242,卖盘
567,10:21:01,4.02,0.0,4,1608,卖盘
568,10:21:12,4.02,0.0,22,8844,买盘
569,10:21:22,4.02,0.0,15,6030,买盘
570,10:21:45,4.02,0.0,45,18090,卖盘
571,10:21:51,4.02,0.0,28,11256,卖盘
572,10:22:06,4.02,0.0,1,402,卖盘
573,10:22:15,4.03,0.01,163,65683,买盘
574,10:22:18,4.02,-0.01,132,53064,卖盘
575,10:22:42,4.01,-0.01,1,401,卖盘
576,10:22:45,4.02,0.01,4,1608,买盘
577,10:22:58,4.02,0.0,12,4824,买盘
578,10:23:04,4.01,-0.01,1,401,卖盘
579,10:23:06,4.02,0.01,24,9648,买盘
580,10:23:09,4.02,0.0,57,22914,买盘
581,10:23:13,4.02,0.0,15,6030,买盘
582,10:23:27,4.03,0.01,34,13680,买盘
583,10:23:30,4.03,0.0,12,4836,买盘
584,10:23:34,4.03,0.0,12,4836,买盘
585,10:23:36,4.03,0.0,12,4836,买盘
586,10:24:04,4.02,-0.01,1,402,卖盘
587,10:24:12,4.02,0.0,135,54270,卖盘
588,10:24:15,4.02,0.0,13,5226,卖盘
589,10:24:18,4.02,0.0,10,4020,卖盘
590,10:24:45,4.03,0.01,272,109616,买盘
591,10:24:48,4.03,0.0,3,1209,买盘
592,10:24:54,4.03,0.0,1,403,买盘
593,10:25:04,4.02,-0.01,1,402,卖盘
594,10:25:16,4.03,0.01,11,4433,买盘
595,10:25:24,4.04,0.01,501,202142,买盘
596,10:25:46,4.04,0.0,19,7676,买盘
597,10:25:48,4.04,0.0,3,1210,买盘
598,10:25:57,4.03,-0.01,3,1209,卖盘
599,10:26:00,4.04,0.01,18,7264,买盘
600,10:26:04,4.03,-0.01,184,74152,卖盘
601,10:26:06,4.03,0.0,22,8866,卖盘
602,10:26:09,4.03,0.0,18,7254,卖盘
603,10:26:12,4.03,0.0,17,6851,卖盘
604,10:26:15,4.03,0.0,35,14105,卖盘
605,10:26:18,4.02,-0.01,9,3618,卖盘
606,10:26:21,4.02,0.0,3,1206,卖盘
607,10:26:45,4.03,0.01,38,15314,买盘
608,10:26:51,4.03,0.0,10,4030,卖盘
609,10:27:01,4.04,0.01,5,2020,买盘
610,10:27:04,4.04,0.0,332,134125,买盘
611,10:27:06,4.04,0.0,122,49288,买盘
612,10:27:09,4.05,0.01,603,243997,买盘
613,10:27:22,4.05,0.0,1,405,买盘
614,10:27:27,4.03,-0.02,4,1612,卖盘
615,10:27:48,4.04,0.01,30,12120,买盘
616,10:27:52,4.04,0.0,28,11312,买盘
617,10:27:58,4.05,0.01,50,20250,买盘
618,10:28:04,4.05,0.0,719,291195,买盘
619,10:28:13,4.05,0.0,258,104490,卖盘
620,10:28:15,4.05,0.0,5,2025,卖盘
621,10:28:19,4.05,0.0,20,8100,卖盘
622,10:28:21,4.05,0.0,132,53581,卖盘
623,10:28:24,4.05,0.0,9,3645,卖盘
624,10:28:27,4.05,0.0,9,3645,卖盘
625,10:28:30,4.05,0.0,51,20655,卖盘
626,10:28:33,4.05,0.0,166,67230,卖盘
627,10:28:36,4.04,-0.01,8,3232,卖盘
628,10:28:39,4.04,0.0,1,404,卖盘
629,10:28:42,4.04,0.0,5,2020,卖盘
630,10:28:49,4.04,0.0,5,2020,卖盘
631,10:28:52,4.04,0.0,29,11716,卖盘
632,10:28:57,4.05,0.01,4,1618,买盘
633,10:29:04,4.04,-0.01,7,2828,卖盘
634,10:29:06,4.04,0.0,40,16160,卖盘
635,10:29:12,4.04,0.0,2,808,买盘
636,10:29:19,4.05,0.01,383,155097,买盘
637,10:29:27,4.05,0.0,50,20250,买盘
638,10:29:36,4.05,0.0,31,12555,买盘
639,10:29:43,4.05,0.0,100,40500,买盘
640,10:30:04,4.04,-0.01,44,17776,卖盘
641,10:30:06,4.05,0.01,362,146610,买盘
642,10:30:12,4.04,-0.01,55,22220,卖盘
643,10:30:21,4.04,0.0,80,32320,卖盘
644,10:30:28,4.05,0.01,12,4860,买盘
645,10:30:31,4.05,0.0,100,40500,买盘
646,10:30:33,4.05,0.0,5,2025,买盘
647,10:30:37,4.05,0.0,5,2025,买盘
648,10:30:40,4.05,0.0,4,1620,买盘
649,10:30:43,4.04,-0.01,10,4040,卖盘
650,10:30:58,4.05,0.01,14,5670,买盘
651,10:31:01,4.05,0.0,99,40055,买盘
652,10:31:04,4.05,0.0,34,13769,买盘
653,10:31:07,4.05,0.0,13,5265,买盘
654,10:31:21,4.05,0.0,27,10935,买盘
655,10:31:24,4.05,0.0,261,105705,买盘
656,10:31:33,4.05,0.0,71,28755,卖盘
657,10:31:42,4.05,0.0,112,45360,卖盘
658,10:31:52,4.05,0.0,56,22680,卖盘
659,10:32:01,4.05,0.0,98,39690,买盘
660,10:32:04,4.04,-0.01,51,20654,卖盘
661,10:32:39,4.04,0.0,100,40400,卖盘
662,10:32:45,4.04,0.0,176,71104,卖盘
663,10:32:49,4.04,0.0,44,17776,卖盘
664,10:33:04,4.03,-0.01,1,403,卖盘
665,10:33:09,4.04,0.01,3,1212,买盘
666,10:33:15,4.04,0.0,173,69892,买盘
667,10:33:22,4.03,-0.01,10,4030,卖盘
668,10:33:30,4.03,0.0,10,4030,卖盘
669,10:33:37,4.03,0.0,122,49166,卖盘
670,10:33:48,4.04,0.01,208,84032,买盘
671,10:33:57,4.03,-0.01,100,40300,卖盘
672,10:34:04,4.03,0.0,1,403,卖盘
673,10:34:06,4.03,0.0,25,10075,卖盘
674,10:34:12,4.05,0.02,359,145067,买盘
675,10:34:21,4.04,-0.01,60,24240,卖盘
676,10:34:30,4.04,0.0,63,25452,卖盘
677,10:34:42,4.04,0.0,47,18988,买盘
678,10:35:04,4.03,-0.01,1,403,卖盘
679,10:35:07,4.04,0.01,124,50058,买盘
680,10:35:15,4.04,0.0,10,4040,买盘
681,10:35:18,4.04,0.0,50,20200,买盘
682,10:35:30,4.03,-0.01,50,20150,卖盘
683,10:35:33,4.03,0.0,6,2419,卖盘
684,10:35:39,4.03,0.0,1,403,卖盘
685,10:35:42,4.03,0.0,53,21359,卖盘
686,10:35:48,4.04,0.01,57,23028,买盘
687,10:35:57,4.03,-0.01,218,87854,卖盘
688,10:36:04,4.03,0.0,1,403,卖盘
689,10:36:12,4.03,0.0,6,2420,卖盘
690,10:36:15,4.03,0.0,10,4030,卖盘
691,10:36:30,4.03,0.0,7,2821,卖盘
692,10:36:42,4.03,0.0,9,3627,卖盘
693,10:36:45,4.04,0.01,115,46430,买盘
694,10:37:03,4.03,-0.01,1,403,卖盘
695,10:37:10,4.03,0.0,14,5642,卖盘
696,10:37:21,4.03,0.0,125,50375,卖盘
697,10:37:36,4.03,0.0,1,403,卖盘
698,10:37:45,4.03,0.0,15,6045,卖盘
699,10:37:54,4.04,0.01,25,10100,买盘
700,10:37:57,4.04,0.0,10,4040,买盘
701,10:38:04,4.03,-0.01,63,25392,卖盘
702,10:38:07,4.03,0.0,51,20553,卖盘
703,10:38:09,4.04,0.01,35,14140,买盘
704,10:38:12,4.03,-0.01,34,13702,卖盘
705,10:38:28,4.04,0.01,10,4040,买盘
706,10:38:30,4.04,0.0,10,4040,买盘
707,10:38:33,4.03,-0.01,239,96317,卖盘
708,10:38:36,4.03,0.0,10,4030,买盘
709,10:38:42,4.03,0.0,60,24180,买盘
710,10:38:45,4.03,0.0,4,1612,买盘
711,10:38:51,4.02,-0.01,407,163614,卖盘
712,10:39:06,4.01,-0.01,2,802,卖盘
713,10:39:16,4.02,0.01,128,51336,买盘
714,10:39:21,4.01,-0.01,52,20854,卖盘
715,10:39:24,4.02,0.01,4,1608,买盘
716,10:39:36,4.01,-0.01,10,4010,卖盘
717,10:39:42,4.01,0.0,3,1203,卖盘
718,10:39:49,4.01,0.0,16,6416,卖盘
719,10:39:54,4.01,0.0,2,802,卖盘
720,10:40:00,4.02,0.01,130,52260,买盘
721,10:40:06,4.01,-0.01,1,401,卖盘
722,10:40:12,4.01,0.0,52,20852,卖盘
723,10:40:15,4.02,0.01,45,18090,买盘
724,10:40:18,4.01,-0.01,54,21654,卖盘
725,10:40:42,4.02,0.01,5,2010,买盘
726,10:40:51,4.02,0.0,63,25326,买盘
727,10:41:04,4.02,0.0,23,9246,买盘
728,10:41:06,4.01,-0.01,1,401,卖盘
729,10:41:51,4.01,0.0,30,12030,卖盘
730,10:42:00,4.01,0.0,63,25263,卖盘
731,10:42:07,4.01,0.0,1,401,卖盘
732,10:42:21,4.01,0.0,27,10827,卖盘
733,10:42:30,4.01,0.0,34,13658,卖盘
734,10:42:48,4.01,0.0,28,11228,卖盘
735,10:43:00,4.01,0.0,55,22098,卖盘
736,10:43:07,4.01,0.0,1,401,卖盘
737,10:43:27,4.01,0.0,1,401,卖盘
738,10:43:30,4.01,0.0,20,8020,卖盘
739,10:43:39,4.01,0.0,2,802,卖盘
740,10:43:42,4.02,0.01,175,70350,买盘
741,10:44:00,4.03,0.01,43,17329,买盘
742,10:44:06,4.02,-0.01,1,402,卖盘
743,10:44:12,4.02,0.0,4,1608,卖盘
744,10:44:15,4.02,0.0,150,60300,卖盘
745,10:44:24,4.02,0.0,10,4020,卖盘
746,10:44:37,4.03,0.01,4,1612,买盘
747,10:44:39,4.02,-0.01,105,42210,卖盘
748,10:44:51,4.01,-0.01,11,4411,卖盘
749,10:45:00,4.02,0.01,43,17286,买盘
750,10:45:06,4.01,-0.01,1,401,卖盘
751,10:45:18,4.01,0.0,12,4812,卖盘
752,10:45:21,4.01,0.0,4,1604,卖盘
753,10:45:39,4.02,0.01,20,8040,买盘
754,10:45:54,4.02,0.0,5,2010,买盘
755,10:46:01,4.02,0.0,43,17286,买盘
756,10:46:06,4.01,-0.01,1,401,卖盘
757,10:46:15,4.02,0.01,24,9648,买盘
758,10:46:18,4.02,0.0,5,2010,买盘
759,10:47:00,4.02,0.0,1,402,买盘
760,10:47:06,4.01,-0.01,1,401,卖盘
761,10:47:15,4.01,0.0,7,2807,卖盘
762,10:47:30,4.01,0.0,10,4010,卖盘
763,10:47:51,4.01,0.0,300,120300,卖盘
764,10:48:06,4.01,0.0,1,401,卖盘
765,10:48:45,4.02,0.01,1,402,买盘
766,10:49:06,4.01,-0.01,1,401,卖盘
767,10:49:09,4.02,0.01,28,11256,买盘
768,10:50:12,4.01,-0.01,2,802,卖盘
769,10:50:45,4.02,0.01,50,20100,买盘
770,10:50:49,4.02,0.0,7,2814,买盘
771,10:50:52,4.01,-0.01,20,8020,卖盘
772,10:51:09,4.01,0.0,1,401,卖盘
773,10:51:18,4.01,0.0,23,9223,卖盘
774,10:52:09,4.01,0.0,1,401,卖盘
775,10:52:21,4.01,0.0,23,9223,卖盘
776,10:52:55,4.01,0.0,5,2005,卖盘
777,10:52:58,4.02,0.01,20,8040,买盘
778,10:53:04,4.02,0.0,10,4020,买盘
779,10:53:09,4.01,-0.01,1,401,卖盘
780,10:53:30,4.01,0.0,5,2005,卖盘
781,10:54:04,4.01,0.0,20,8020,卖盘
782,10:54:09,4.01,0.0,1,401,卖盘
783,10:54:18,4.01,0.0,112,44912,卖盘
784,10:54:22,4.01,0.0,180,72180,卖盘
785,10:54:27,4.01,0.0,10,4010,卖盘
786,10:54:30,4.01,0.0,2,802,卖盘
787,10:55:06,4.02,0.01,52,20862,买盘
788,10:55:09,4.01,-0.01,1,401,卖盘
789,10:55:21,4.02,0.01,6,2412,买盘
790,10:55:31,4.02,0.0,14,5628,买盘
791,10:55:36,4.02,0.0,5,2010,买盘
792,10:55:45,4.02,0.0,4,1608,买盘
793,10:55:52,4.02,0.0,2,804,买盘
794,10:55:55,4.02,0.0,15,6030,买盘
795,10:56:06,4.02,0.0,2,804,买盘
796,10:56:09,4.01,-0.01,1,401,卖盘
797,10:56:18,4.02,0.01,131,52662,买盘
798,10:57:09,4.01,-0.01,1,401,卖盘
799,10:57:48,4.01,0.0,1,401,卖盘
800,10:58:06,4.01,0.0,102,40902,卖盘
801,10:58:09,4.01,0.0,1,401,卖盘
802,10:58:27,4.01,0.0,100,40100,卖盘
803,10:59:03,4.02,0.01,53,21306,买盘
804,10:59:09,4.01,-0.01,1,401,卖盘
805,10:59:12,4.02,0.01,6,2412,买盘
806,10:59:21,4.01,-0.01,11,4411,卖盘
807,10:59:39,4.02,0.01,5,2010,买盘
808,10:59:45,4.02,0.0,4,1608,买盘
809,10:59:57,4.01,-0.01,111,44511,卖盘
810,11:00:06,4.02,0.01,26,10452,买盘
811,11:00:12,4.01,-0.01,44,17645,卖盘
812,11:01:10,4.02,0.01,16,6431,买盘
813,11:01:12,4.01,-0.01,11,4411,卖盘
814,11:01:16,4.02,0.01,1,402,买盘
815,11:01:33,4.02,0.0,98,39396,买盘
816,11:01:45,4.02,0.0,5,2010,买盘
817,11:01:48,4.02,0.0,10,4020,买盘
818,11:02:09,4.01,-0.01,27,10853,卖盘
819,11:02:15,4.02,0.01,49,19698,买盘
820,11:02:21,4.02,0.0,9,3618,买盘
821,11:02:30,4.01,-0.01,2,802,卖盘
822,11:02:34,4.02,0.01,34,13668,买盘
823,11:02:46,4.01,-0.01,1,401,卖盘
824,11:02:54,4.01,0.0,20,8020,卖盘
825,11:03:06,4.01,0.0,48,19248,卖盘
826,11:03:12,4.01,0.0,1,401,卖盘
827,11:03:15,4.02,0.01,48,19296,买盘
828,11:03:24,4.02,0.0,35,14070,买盘
829,11:03:30,4.02,0.0,10,4020,买盘
830,11:03:33,4.02,0.0,5,2010,买盘
831,11:03:49,4.02,0.0,59,23718,买盘
832,11:04:06,4.02,0.0,2,804,买盘
833,11:04:12,4.01,-0.01,1,401,卖盘
834,11:04:43,4.01,0.0,358,143558,卖盘
835,11:04:52,4.01,0.0,3,1203,卖盘
836,11:04:54,4.01,0.0,158,63358,卖盘
837,11:05:10,4.01,0.0,367,147167,卖盘
838,11:05:12,4.0,-0.01,1,400,卖盘
839,11:05:18,4.01,0.01,337,135137,买盘
840,11:05:30,4.02,0.01,10,4020,买盘
841,11:05:39,4.01,-0.01,41,16441,卖盘
842,11:06:00,4.01,0.0,50,20050,卖盘
843,11:06:12,4.01,0.0,1,401,卖盘
844,11:06:18,4.01,0.0,7,2807,卖盘
845,11:06:40,4.01,0.0,26,10426,卖盘
846,11:06:48,4.01,0.0,45,18045,卖盘
847,11:07:04,4.0,-0.01,19,7600,卖盘
848,11:07:12,4.0,0.0,1,400,卖盘
849,11:07:24,4.0,0.0,2,800,卖盘
850,11:07:33,4.01,0.01,7,2807,买盘
851,11:07:45,4.01,0.0,154,61754,买盘
852,11:07:57,4.01,0.0,26,10426,卖盘
853,11:08:07,4.01,0.0,35,14035,卖盘
854,11:08:09,4.01,0.0,70,28070,卖盘
855,11:08:12,4.01,0.0,85,34085,卖盘
856,11:08:21,4.01,0.0,2,802,卖盘
857,11:08:24,4.01,0.0,17,6817,卖盘
858,11:08:27,4.01,0.0,20,8020,卖盘
859,11:08:30,4.01,0.0,5,2005,卖盘
860,11:08:42,4.01,0.0,85,34085,卖盘
861,11:08:51,4.02,0.01,10,4020,买盘
862,11:08:54,4.01,-0.01,21,8421,卖盘
863,11:09:00,4.01,0.0,5,2005,买盘
864,11:09:04,4.01,0.0,8,3208,卖盘
865,11:09:12,4.0,-0.01,13,5212,卖盘
866,11:09:30,4.0,0.0,5,2000,卖盘
867,11:09:45,4.0,0.0,61,24400,卖盘
868,11:09:57,4.0,0.0,50,20000,卖盘
869,11:10:12,4.0,0.0,10,4001,卖盘
870,11:10:18,4.0,0.0,80,32000,卖盘
871,11:10:21,4.01,0.01,27,10827,买盘
872,11:10:39,4.0,-0.01,60,24000,卖盘
873,11:10:49,4.0,0.0,4,1600,卖盘
874,11:10:57,4.0,0.0,11,4400,卖盘
875,11:11:12,4.0,0.0,2,800,卖盘
876,11:11:15,4.0,0.0,105,42000,卖盘
877,11:11:42,4.01,0.01,50,20050,买盘
878,11:12:12,4.0,-0.01,51,20400,卖盘
879,11:12:28,4.0,0.0,133,53309,卖盘
880,11:12:30,4.0,0.0,20,8000,卖盘
881,11:12:39,4.0,0.0,19,7600,卖盘
882,11:12:42,4.0,0.0,150,60000,卖盘
883,11:12:51,4.0,0.0,7,2800,卖盘
884,11:12:54,4.0,0.0,367,146800,卖盘
885,11:13:04,4.0,0.0,50,20000,卖盘
886,11:13:12,4.0,0.0,1,400,卖盘
887,11:13:15,4.0,0.0,60,24000,卖盘
888,11:13:27,4.0,0.0,19,7600,卖盘
889,11:14:09,4.0,0.0,50,20000,买盘
890,11:14:12,3.99,-0.01,1,399,卖盘
891,11:14:36,4.0,0.01,40,16000,买盘
892,11:15:12,3.99,-0.01,1,399,卖盘
893,11:15:24,4.0,0.01,60,24000,买盘
894,11:15:45,4.0,0.0,100,40000,买盘
895,11:15:58,3.99,-0.01,1,399,卖盘
896,11:16:00,4.0,0.01,21,8399,买盘
897,11:16:12,4.0,0.0,100,40000,买盘
898,11:16:15,3.99,-0.01,4,1599,卖盘
899,11:16:36,4.0,0.01,23,9200,买盘
900,11:16:39,4.0,0.0,100,40000,买盘
901,11:16:42,3.99,-0.01,140,55860,卖盘
902,11:16:45,4.0,0.01,12,4800,买盘
903,11:17:04,4.0,0.0,53,21200,买盘
904,11:17:06,4.0,0.0,3,1200,买盘
905,11:17:09,4.0,0.0,17,6800,买盘
906,11:17:12,4.0,0.0,16,6400,买盘
907,11:17:15,3.99,-0.01,101,40387,卖盘
908,11:17:30,4.01,0.02,23,9223,买盘
909,11:17:36,4.0,-0.01,5,2000,卖盘
910,11:17:45,4.0,0.0,10,4000,卖盘
911,11:17:48,4.0,0.0,30,12000,卖盘
912,11:18:00,4.0,0.0,201,80400,卖盘
913,11:18:12,4.0,0.0,1,400,卖盘
914,11:18:27,4.0,0.0,40,16000,卖盘
915,11:18:33,4.0,0.0,10,4000,卖盘
916,11:18:54,4.0,0.0,27,10800,卖盘
917,11:19:12,4.0,0.0,1,400,卖盘
918,11:19:24,4.0,0.0,29,11600,卖盘
919,11:19:30,4.0,0.0,41,16400,买盘
920,11:19:54,3.99,-0.01,35,13965,卖盘
921,11:19:57,4.0,0.01,15,6000,买盘
922,11:20:12,3.99,-0.01,30,11970,卖盘
923,11:20:15,3.99,0.0,1,399,卖盘
924,11:21:15,3.99,0.0,1,399,卖盘
925,11:21:18,4.0,0.01,25,10000,买盘
926,11:21:27,3.99,-0.01,22,8778,卖盘
927,11:21:33,4.0,0.01,20,8000,买盘
928,11:22:12,4.0,0.0,221,88400,买盘
929,11:22:15,3.99,-0.01,2,798,卖盘
930,11:22:33,4.0,0.01,110,44000,买盘
931,11:22:39,4.0,0.0,5,2000,买盘
932,11:22:42,4.0,0.0,6,2400,买盘
933,11:22:45,4.0,0.0,21,8400,买盘
934,11:22:48,4.0,0.0,27,10800,买盘
935,11:22:51,4.0,0.0,39,15600,买盘
936,11:22:54,4.0,0.0,1,400,卖盘
937,11:23:06,4.0,0.0,27,10800,卖盘
938,11:23:10,4.0,0.0,5,2000,买盘
939,11:23:12,4.0,0.0,1,400,买盘
940,11:23:18,4.0,0.0,1,400,卖盘
941,11:23:27,4.01,0.01,74,29674,买盘
942,11:23:33,4.0,-0.01,9,3600,卖盘
943,11:23:36,3.99,-0.01,45,17985,卖盘
944,11:23:45,4.0,0.01,7,2800,中性盘
945,11:24:04,4.01,0.01,15,6015,买盘
946,11:24:12,4.01,0.0,16,6416,买盘
947,11:24:15,4.0,-0.01,1,400,卖盘
948,11:24:33,4.0,0.0,162,64800,卖盘
949,11:24:39,4.0,0.0,2,800,买盘
950,11:24:45,4.0,0.0,69,27600,买盘
951,11:24:57,3.99,-0.01,45,17955,卖盘
952,11:25:12,3.99,0.0,1,399,卖盘
953,11:25:15,3.99,0.0,1,399,卖盘
954,11:25:24,3.99,0.0,53,21147,卖盘
955,11:25:51,4.0,0.01,3,1200,买盘
956,11:25:54,3.99,-0.01,34,13566,卖盘
957,11:26:12,3.99,0.0,100,39900,卖盘
958,11:26:15,3.99,0.0,1,399,卖盘
959,11:26:39,3.99,0.0,2,798,卖盘
960,11:26:54,3.99,0.0,33,13167,卖盘
961,11:27:15,3.99,0.0,1,399,卖盘
962,11:27:18,4.0,0.01,2,800,买盘
963,11:27:39,3.99,-0.01,20,7980,卖盘
964,11:28:15,4.0,0.01,112,44689,买盘
965,11:28:46,3.99,-0.01,200,79800,卖盘
966,11:28:57,3.99,0.0,10,3990,卖盘
967,11:29:09,3.99,0.0,100,39900,卖盘
968,11:29:12,3.99,0.0,6,2394,卖盘
969,11:29:15,4.0,0.01,111,44369,买盘
970,11:29:18,4.0,0.0,5,2000,买盘
971,11:29:30,3.99,-0.01,109,43491,卖盘
972,11:29:36,3.98,-0.01,27,10746,卖盘
973,11:29:39,3.98,0.0,7,2786,卖盘
974,13:00:01,3.99,0.01,25,9975,买盘
975,13:00:04,3.99,0.0,306,122078,买盘
976,13:00:07,3.99,0.0,17,6783,卖盘
977,13:00:18,3.99,0.0,1,399,卖盘
978,13:00:30,3.99,0.0,56,22344,卖盘
979,13:00:36,4.0,0.01,6,2400,买盘
980,13:01:18,3.99,-0.01,1,399,卖盘
981,13:02:00,4.0,0.01,170,68000,买盘
982,13:02:03,3.99,-0.01,44,17556,卖盘
983,13:02:18,3.99,0.0,1,399,卖盘
984,13:02:42,4.0,0.01,5,2000,买盘
985,13:02:45,4.0,0.0,4,1600,买盘
986,13:03:15,3.99,-0.01,12,4798,卖盘
987,13:03:24,4.0,0.01,30,12000,买盘
988,13:03:30,4.0,0.0,90,36000,买盘
989,13:03:45,4.0,0.0,30,12000,买盘
990,13:03:48,4.0,0.0,7,2800,买盘
991,13:03:51,4.0,0.0,4,1600,买盘
992,13:03:54,3.99,-0.01,13,5196,卖盘
993,13:04:06,3.99,0.0,33,13167,卖盘
994,13:04:12,4.01,0.02,14,5614,买盘
995,13:04:19,3.99,-0.02,1,399,卖盘
996,13:05:04,4.01,0.02,8,3208,买盘
997,13:05:19,3.99,-0.02,1,399,卖盘
998,13:05:27,3.99,0.0,15,5985,卖盘
999,13:05:57,4.01,0.02,3,1203,买盘
1000,13:06:04,4.01,0.0,8,3208,买盘
1001,13:06:18,3.99,-0.02,1,399,卖盘
1002,13:07:04,4.01,0.02,11,4411,买盘
1003,13:07:06,4.01,0.0,4,1604,买盘
1004,13:07:18,4.0,-0.01,1,400,卖盘
1005,13:07:24,4.0,0.0,5,2000,卖盘
1006,13:08:04,4.01,0.01,2,802,买盘
1007,13:08:18,4.0,-0.01,1,400,卖盘
1008,13:08:27,4.0,0.0,22,8800,卖盘
1009,13:08:51,4.0,0.0,30,12000,卖盘
1010,13:08:54,4.01,0.01,1,401,买盘
1011,13:08:58,4.01,0.0,41,16441,买盘
1012,13:09:04,4.01,0.0,8,3208,买盘
1013,13:09:15,4.01,0.0,25,10025,买盘
1014,13:09:18,4.0,-0.01,4,1603,卖盘
1015,13:10:03,4.0,0.0,33,13208,卖盘
1016,13:10:18,4.0,0.0,1,400,卖盘
1017,13:10:21,4.01,0.01,3,1203,买盘
1018,13:10:30,4.0,-0.01,5,2000,卖盘
1019,13:11:03,4.01,0.01,8,3208,买盘
1020,13:11:09,4.01,0.0,3,1203,买盘
1021,13:11:19,4.0,-0.01,1,400,卖盘
1022,13:11:21,4.0,0.0,13,5200,卖盘
1023,13:11:36,4.01,0.01,50,20050,买盘
1024,13:12:00,4.01,0.0,217,87017,买盘
1025,13:12:03,4.01,0.0,2,802,买盘
1026,13:12:07,4.01,0.0,9,3609,买盘
1027,13:12:10,4.01,0.0,4,1604,买盘
1028,13:12:18,4.0,-0.01,51,20400,卖盘
1029,13:12:24,4.0,0.0,12,4800,卖盘
1030,13:12:27,4.0,0.0,122,48800,卖盘
1031,13:12:45,4.0,0.0,5,2000,卖盘
1032,13:13:04,4.0,0.0,217,86800,卖盘
1033,13:13:21,4.0,0.0,5,2004,卖盘
1034,13:13:31,4.01,0.01,10,4010,买盘
1035,13:13:40,4.0,-0.01,40,16000,卖盘
1036,13:13:42,4.01,0.01,15,6015,买盘
1037,13:14:06,4.01,0.0,53,21253,买盘
1038,13:14:18,4.0,-0.01,2,800,卖盘
1039,13:14:21,4.01,0.01,1,401,买盘
1040,13:14:33,4.0,-0.01,254,101604,卖盘
1041,13:14:36,4.0,0.0,11,4400,卖盘
1042,13:14:39,4.01,0.01,5,2005,买盘
1043,13:14:45,4.01,0.0,9,3609,买盘
1044,13:14:51,4.0,-0.01,6,2400,卖盘
1045,13:14:55,4.0,0.0,10,4000,卖盘
1046,13:14:57,4.01,0.01,10,4010,买盘
1047,13:15:09,4.0,-0.01,42,16800,卖盘
1048,13:15:15,4.0,0.0,30,12000,卖盘
1049,13:15:18,4.0,0.0,1,400,卖盘
1050,13:15:42,4.0,0.0,127,50909,卖盘
1051,13:15:48,4.0,0.0,13,5200,卖盘
1052,13:15:54,4.01,0.01,109,43709,买盘
1053,13:15:57,4.0,-0.01,51,20400,卖盘
1054,13:16:00,4.01,0.01,40,16040,买盘
1055,13:16:21,4.0,-0.01,1,400,卖盘
1056,13:16:51,4.01,0.01,4,1604,买盘
1057,13:16:54,4.01,0.0,56,22456,买盘
1058,13:17:21,4.0,-0.01,1,400,卖盘
1059,13:17:39,4.01,0.01,130,52130,买盘
1060,13:17:49,4.01,0.0,3,1203,买盘
1061,13:17:51,4.01,0.0,4,1604,买盘
1062,13:17:54,4.01,0.0,66,26466,买盘
1063,13:17:57,4.01,0.0,4,1604,买盘
1064,13:18:00,4.01,0.0,3,1203,买盘
1065,13:18:03,4.01,0.0,3,1203,买盘
1066,13:18:06,4.01,0.0,9,3609,买盘
1067,13:18:09,4.01,0.0,1,401,买盘
1068,13:18:18,4.01,0.0,38,15238,买盘
1069,13:18:21,4.01,0.0,117,46916,买盘
1070,13:18:36,4.01,0.0,8,3208,卖盘
1071,13:18:48,4.01,0.0,10,4010,卖盘
1072,13:18:51,4.01,0.0,2,802,卖盘
1073,13:18:54,4.02,0.01,58,23314,买盘
1074,13:18:57,4.01,-0.01,2,802,卖盘
1075,13:19:00,4.02,0.01,4,1608,买盘
1076,13:19:22,4.01,-0.01,1,401,卖盘
1077,13:19:24,4.01,0.0,13,5213,卖盘
1078,13:19:27,4.01,0.0,11,4411,卖盘
1079,13:19:42,4.02,0.01,13,5226,买盘
1080,13:19:54,4.02,0.0,3,1206,买盘
1081,13:20:00,4.02,0.0,37,14874,买盘
1082,13:20:06,4.02,0.0,56,22512,买盘
1083,13:20:21,4.01,-0.01,1,401,卖盘
1084,13:20:24,4.01,0.0,100,40100,卖盘
1085,13:20:31,4.02,0.01,8,3216,买盘
1086,13:20:36,4.01,-0.01,4,1604,卖盘
1087,13:20:39,4.01,0.0,1,401,买盘
1088,13:20:46,4.0,-0.01,238,95203,卖盘
1089,13:20:52,4.01,0.01,3,1203,买盘
1090,13:20:57,4.01,0.0,31,12431,买盘
1091,13:21:06,4.01,0.0,56,22456,买盘
1092,13:21:15,4.0,-0.01,100,40000,卖盘
1093,13:21:22,4.0,0.0,1,400,卖盘
1094,13:21:30,4.01,0.01,5,2005,买盘
1095,13:21:39,4.0,-0.01,91,36400,卖盘
1096,13:21:46,4.0,0.0,50,20000,卖盘
1097,13:21:52,4.01,0.01,30,12030,买盘
1098,13:21:58,4.01,0.0,1,401,买盘
1099,13:22:06,4.01,0.0,56,22456,买盘
1100,13:22:18,4.0,-0.01,50,20000,卖盘
1101,13:22:21,4.0,0.0,1,400,卖盘
1102,13:22:30,4.0,0.0,2,800,卖盘
1103,13:22:36,4.0,0.0,114,45600,卖盘
1104,13:22:45,4.0,0.0,20,8000,卖盘
1105,13:23:00,4.01,0.01,3,1203,买盘
1106,13:23:03,4.0,-0.01,1,400,卖盘
1107,13:23:06,4.01,0.01,3,1203,买盘
1108,13:23:09,4.0,-0.01,50,20000,卖盘
1109,13:23:24,4.0,0.0,1,400,卖盘
1110,13:23:27,4.0,0.0,258,103200,卖盘
1111,13:23:33,4.0,0.0,3,1200,买盘
1112,13:24:00,4.01,0.01,13,5213,买盘
1113,13:24:06,4.0,-0.01,63,25200,卖盘
1114,13:24:09,4.0,0.0,25,10000,买盘
1115,13:24:12,4.0,0.0,1,400,买盘
1116,13:24:21,3.99,-0.01,1,399,卖盘
1117,13:24:33,4.0,0.01,31,12400,买盘
1118,13:25:01,4.0,0.0,28,11200,卖盘
1119,13:25:21,3.99,-0.01,14,5586,卖盘
1120,13:25:33,4.0,0.01,51,20354,买盘
1121,13:25:45,4.0,0.0,28,11200,卖盘
1122,13:25:51,4.0,0.0,3,1200,卖盘
1123,13:25:54,4.0,0.0,5,2000,卖盘
1124,13:26:04,4.0,0.0,30,12000,卖盘
1125,13:26:12,4.0,0.0,8,3200,卖盘
1126,13:26:15,4.01,0.01,6,2406,买盘
1127,13:26:21,4.0,-0.01,1,400,卖盘
1128,13:26:33,4.01,0.01,3,1203,买盘
1129,13:27:21,4.0,-0.01,1,400,卖盘
1130,13:27:36,4.0,0.0,172,68800,卖盘
1131,13:27:42,4.0,0.0,240,96000,卖盘
1132,13:27:48,4.0,0.0,5,2000,买盘
1133,13:27:51,4.0,0.0,168,67200,买盘
1134,13:28:04,4.0,0.0,27,10800,买盘
1135,13:28:12,4.0,0.0,5,2000,买盘
1136,13:28:21,3.99,-0.01,1,399,卖盘
1137,13:28:30,4.0,0.01,26,10400,买盘
1138,13:28:45,4.0,0.0,1,400,买盘
1139,13:29:04,4.0,0.0,4,1600,买盘
1140,13:29:06,4.0,0.0,1,400,买盘
1141,13:29:21,3.99,-0.01,1,399,卖盘
1142,13:29:30,4.0,0.01,120,48000,买盘
1143,13:29:33,4.0,0.0,1,400,买盘
1144,13:29:45,4.0,0.0,64,25600,卖盘
1145,13:29:54,3.99,-0.01,4,1596,卖盘
1146,13:30:09,4.0,0.01,107,42800,买盘
1147,13:30:15,3.99,-0.01,186,74264,卖盘
1148,13:30:25,3.99,0.0,52,20799,卖盘
1149,13:30:27,3.99,0.0,6,2394,卖盘
1150,13:30:36,4.0,0.01,92,36800,买盘
1151,13:31:24,3.99,-0.01,1,399,卖盘
1152,13:31:39,3.99,0.0,2,798,卖盘
1153,13:32:25,3.99,0.0,1,399,卖盘
1154,13:32:27,4.0,0.01,54,21600,买盘
1155,13:32:48,4.0,0.0,1,400,买盘
1156,13:32:54,4.0,0.0,22,8800,买盘
1157,13:33:03,4.0,0.0,1,400,买盘
1158,13:33:06,4.0,0.0,1,400,买盘
1159,13:33:12,4.0,0.0,14,5600,买盘
1160,13:33:15,4.0,0.0,44,17600,买盘
1161,13:33:24,3.99,-0.01,20,7999,卖盘
1162,13:33:27,4.0,0.01,1,400,买盘
1163,13:33:30,4.0,0.0,20,8000,买盘
1164,13:33:33,4.0,0.0,7,2800,买盘
1165,13:33:36,4.0,0.0,1,400,买盘
1166,13:33:39,4.0,0.0,40,16000,卖盘
1167,13:34:04,3.99,-0.01,1,399,卖盘
1168,13:34:12,4.0,0.01,25,10000,买盘
1169,13:34:15,4.0,0.0,10,4000,买盘
1170,13:34:21,4.0,0.0,5,2000,买盘
1171,13:34:24,3.99,-0.01,1,399,卖盘
1172,13:34:36,4.0,0.01,30,12000,买盘
1173,13:34:39,4.0,0.0,37,14800,买盘
1174,13:34:48,4.0,0.0,109,43600,卖盘
1175,13:34:52,4.01,0.01,197,78997,买盘
1176,13:35:24,4.0,-0.01,1,400,卖盘
1177,13:35:36,4.01,0.01,5,2005,买盘
1178,13:35:54,4.0,-0.01,60,24000,卖盘
1179,13:36:09,4.0,0.0,2,800,卖盘
1180,13:36:15,4.0,0.0,50,20000,卖盘
1181,13:36:24,4.0,0.0,2,800,卖盘
1182,13:36:27,4.0,0.0,2,800,卖盘
1183,13:36:51,4.0,0.0,16,6400,卖盘
1184,13:36:54,4.0,0.0,20,8000,卖盘
1185,13:37:03,4.0,0.0,1,400,卖盘
1186,13:37:13,4.01,0.01,1,401,买盘
1187,13:37:24,4.0,-0.01,1,400,卖盘
1188,13:37:33,4.01,0.01,23,9223,买盘
1189,13:37:45,4.0,-0.01,12,4800,卖盘
1190,13:38:09,4.0,0.0,400,160030,卖盘
1191,13:38:12,4.0,0.0,8,3200,卖盘
1192,13:38:25,4.0,0.0,1,400,卖盘
1193,13:38:33,4.0,0.0,16,6400,卖盘
1194,13:38:36,4.01,0.01,3,1203,买盘
1195,13:38:45,4.01,0.0,10,4010,买盘
1196,13:39:15,4.01,0.0,1,401,买盘
1197,13:39:27,4.0,-0.01,1,400,卖盘
1198,13:39:51,4.0,0.0,147,58800,卖盘
1199,13:39:57,4.0,0.0,10,4000,卖盘
1200,13:40:07,4.0,0.0,2,800,卖盘
1201,13:40:24,4.0,0.0,195,78000,卖盘
1202,13:41:22,4.0,0.0,14,5600,卖盘
1203,13:41:25,4.0,0.0,1,400,卖盘
1204,13:41:27,4.0,0.0,10,4000,卖盘
1205,13:41:36,4.0,0.0,18,7200,卖盘
1206,13:41:39,4.0,0.0,24,9600,卖盘
1207,13:41:51,4.01,0.01,19,7601,买盘
1208,13:42:09,4.01,0.0,15,6015,买盘
1209,13:42:15,4.0,-0.01,30,12000,卖盘
1210,13:42:21,4.0,0.0,110,44000,卖盘
1211,13:42:24,4.0,0.0,1,400,卖盘
1212,13:42:27,4.01,0.01,85,34085,买盘
1213,13:43:27,4.0,-0.01,1,400,卖盘
1214,13:43:49,4.01,0.01,53,21253,买盘
1215,13:43:57,4.01,0.0,16,6416,买盘
1216,13:44:01,4.0,-0.01,15,6000,卖盘
1217,13:44:04,4.0,0.0,9,3600,卖盘
1218,13:44:09,4.0,0.0,100,40000,卖盘
1219,13:44:28,4.0,0.0,1,400,卖盘
1220,13:44:34,4.0,0.0,2,800,卖盘
1221,13:44:36,4.01,0.01,8,3208,买盘
1222,13:44:48,4.01,0.0,1,401,买盘
1223,13:45:21,4.01,0.0,140,56140,买盘
1224,13:45:27,4.0,-0.01,1,400,卖盘
1225,13:46:21,4.0,0.0,106,42400,卖盘
1226,13:46:24,4.0,0.0,1,400,卖盘
1227,13:46:27,4.0,0.0,11,4400,卖盘
1228,13:46:33,4.0,0.0,5,2000,卖盘
1229,13:46:45,4.0,0.0,2,800,卖盘
1230,13:46:57,4.0,0.0,2,800,卖盘
1231,13:47:24,4.0,0.0,2,800,卖盘
1232,13:47:30,4.0,0.0,25,10000,卖盘
1233,13:47:33,4.0,0.0,15,6000,卖盘
1234,13:48:18,4.0,0.0,9,3600,卖盘
1235,13:48:24,4.0,0.0,1,400,卖盘
1236,13:48:27,4.0,0.0,30,12000,卖盘
1237,13:48:36,4.0,0.0,62,24460,卖盘
1238,13:49:00,4.0,0.0,1,400,买盘
1239,13:49:06,4.0,0.0,29,11600,买盘
1240,13:49:12,4.0,0.0,6,2400,卖盘
1241,13:49:15,4.0,0.0,20,8000,买盘
1242,13:49:18,4.0,0.0,1,400,买盘
1243,13:49:27,4.0,0.0,32,12800,卖盘
1244,13:49:30,4.0,0.0,5,2000,买盘
1245,13:49:34,4.0,0.0,3,1200,买盘
1246,13:49:36,4.0,0.0,3,1200,买盘
1247,13:49:39,4.0,0.0,4,1600,买盘
1248,13:49:42,4.0,0.0,7,2800,买盘
1249,13:50:09,4.0,0.0,6,2400,买盘
1250,13:50:12,3.99,-0.01,1,399,卖盘
1251,13:50:18,4.0,0.01,7,2800,买盘
1252,13:50:27,3.99,-0.01,1,399,卖盘
1253,13:50:48,4.0,0.01,10,4000,买盘
1254,13:50:54,4.0,0.0,14,5600,买盘
1255,13:50:57,4.0,0.0,9,3600,买盘
1256,13:51:00,3.99,-0.01,10,3990,卖盘
1257,13:51:12,4.0,0.01,70,28000,买盘
1258,13:51:15,4.0,0.0,13,5200,买盘
1259,13:51:27,3.99,-0.01,13,5199,卖盘
1260,13:51:30,4.0,0.01,1,400,买盘
1261,13:51:57,4.0,0.0,4,1600,卖盘
1262,13:52:00,4.0,0.0,12,4800,买盘
1263,13:52:13,3.99,-0.01,5,1995,卖盘
1264,13:52:18,4.0,0.01,4,1600,买盘
1265,13:52:21,4.0,0.0,10,4000,买盘
1266,13:52:27,3.99,-0.01,1,399,卖盘
1267,13:52:36,4.0,0.01,23,9200,买盘
1268,13:52:39,4.0,0.0,1,400,买盘
1269,13:53:09,3.99,-0.01,110,43890,卖盘
1270,13:53:12,3.99,0.0,3,1197,卖盘
1271,13:53:21,3.99,0.0,10,3990,卖盘
1272,13:53:27,3.99,0.0,6,2394,卖盘
1273,13:53:30,3.99,0.0,1,399,卖盘
1274,13:54:06,3.99,0.0,60,23940,卖盘
1275,13:54:12,4.0,0.01,2,800,买盘
1276,13:54:27,3.99,-0.01,1,399,卖盘
1277,13:54:33,3.99,0.0,20,7980,卖盘
1278,13:54:45,3.99,0.0,227,90573,卖盘
1279,13:55:03,4.0,0.01,26,10400,买盘
1280,13:55:18,4.0,0.0,48,19200,买盘
1281,13:55:27,3.99,-0.01,1,399,卖盘
1282,13:55:57,4.0,0.01,10,4000,买盘
1283,13:56:12,3.99,-0.01,4,1596,卖盘
1284,13:56:21,4.0,0.01,42,16800,买盘
1285,13:56:28,3.99,-0.01,4,1599,卖盘
1286,13:56:31,4.0,0.01,96,38400,买盘
1287,13:56:36,4.0,0.0,5,2000,买盘
1288,13:57:27,3.99,-0.01,2,798,卖盘
1289,13:57:45,4.0,0.01,30,12000,买盘
1290,13:57:51,4.0,0.0,45,18000,买盘
1291,13:58:00,4.0,0.0,21,8400,买盘
1292,13:58:04,4.0,0.0,6,2400,买盘
1293,13:58:06,4.0,0.0,11,4400,买盘
1294,13:58:18,4.0,0.0,4,1600,卖盘
1295,13:58:24,4.0,0.0,2,800,卖盘
1296,13:58:28,4.0,0.0,1,400,卖盘
1297,13:58:30,4.01,0.01,53,21253,买盘
1298,13:58:39,4.0,-0.01,27,10800,卖盘
1299,13:58:42,4.0,0.0,55,22000,买盘
1300,13:58:58,4.0,0.0,8,3200,卖盘
1301,13:59:27,4.0,0.0,26,10400,卖盘
1302,13:59:33,4.0,0.0,50,20000,卖盘
1303,13:59:36,4.0,0.0,148,59200,卖盘
1304,13:59:39,4.0,0.0,5,2000,卖盘
1305,13:59:51,4.0,0.0,7,2800,买盘
1306,13:59:54,4.0,0.0,8,3200,卖盘
1307,14:00:07,4.0,0.0,17,6800,买盘
1308,14:00:24,3.99,-0.01,1097,437703,卖盘
1309,14:00:28,3.98,-0.01,1,398,卖盘
1310,14:00:45,3.99,0.01,8,3192,买盘
1311,14:01:00,3.98,-0.01,81,32239,卖盘
1312,14:01:09,3.98,0.0,242,96330,卖盘
1313,14:01:18,3.98,0.0,102,40596,卖盘
1314,14:01:27,3.98,0.0,93,37014,卖盘
1315,14:01:36,3.98,0.0,10,3980,卖盘
1316,14:02:03,3.98,0.0,26,10348,卖盘
1317,14:02:09,3.98,0.0,304,120992,卖盘
1318,14:02:21,3.98,0.0,70,27860,卖盘
1319,14:02:24,3.98,0.0,186,74058,卖盘
1320,14:02:27,3.98,0.0,1,398,卖盘
1321,14:02:33,3.98,0.0,26,10348,卖盘
1322,14:02:36,3.98,0.0,231,91938,买盘
1323,14:02:39,3.98,0.0,20,7960,卖盘
1324,14:02:42,3.98,0.0,1,398,卖盘
1325,14:02:46,3.98,0.0,47,18706,卖盘
1326,14:02:48,3.98,0.0,14,5572,卖盘
1327,14:02:54,3.98,0.0,55,21890,买盘
1328,14:02:57,3.98,0.0,3,1194,买盘
1329,14:03:00,3.98,0.0,26,10348,买盘
1330,14:03:15,3.97,-0.01,27,10719,卖盘
1331,14:03:27,3.97,0.0,63,25011,卖盘
1332,14:03:30,3.97,0.0,1,397,卖盘
1333,14:03:34,3.97,0.0,32,12730,卖盘
1334,14:03:45,3.98,0.01,4,1592,买盘
1335,14:03:48,3.98,0.0,27,10746,买盘
1336,14:04:04,3.98,0.0,11,4378,买盘
1337,14:04:06,3.98,0.0,100,39800,买盘
1338,14:04:09,3.98,0.0,103,40994,买盘
1339,14:04:12,3.98,0.0,1,398,买盘
1340,14:04:18,3.98,0.0,74,29452,买盘
1341,14:04:27,3.98,0.0,1,398,卖盘
1342,14:04:45,3.98,0.0,4,1592,卖盘
1343,14:04:51,3.99,0.01,6,2394,买盘
1344,14:04:54,3.99,0.0,5,1995,买盘
1345,14:05:27,3.98,-0.01,1,398,卖盘
1346,14:05:33,3.98,0.0,1,398,卖盘
1347,14:05:42,3.99,0.01,50,19950,买盘
1348,14:06:09,3.98,-0.01,1,398,卖盘
1349,14:06:12,3.99,0.01,76,30324,买盘
1350,14:06:18,3.98,-0.01,9,3582,卖盘
1351,14:06:27,3.98,0.0,12,4787,卖盘
1352,14:06:43,3.98,0.0,111,44178,卖盘
1353,14:06:58,3.98,0.0,10,3980,卖盘
1354,14:07:00,3.99,0.01,20,7980,买盘
1355,14:07:28,3.98,-0.01,1,398,卖盘
1356,14:07:36,3.98,0.0,9,3587,卖盘
1357,14:07:52,3.98,0.0,108,42984,卖盘
1358,14:08:04,3.98,0.0,130,51740,卖盘
1359,14:08:09,3.98,0.0,10,3980,卖盘
1360,14:08:12,3.98,0.0,475,189050,卖盘
1361,14:08:24,3.97,-0.01,138,54786,卖盘
1362,14:08:27,3.97,0.0,118,46846,卖盘
1363,14:08:31,3.97,0.0,2,794,卖盘
1364,14:08:33,3.97,0.0,22,8734,卖盘
1365,14:08:36,3.97,0.0,10,3970,卖盘
1366,14:08:42,3.97,0.0,164,65108,卖盘
1367,14:08:45,3.97,0.0,9,3573,卖盘
1368,14:08:48,3.97,0.0,20,7940,卖盘
1369,14:08:51,3.97,0.0,2,794,卖盘
1370,14:09:00,3.97,0.0,841,333877,卖盘
1371,14:09:06,3.97,0.0,171,67887,卖盘
1372,14:09:09,3.97,0.0,174,69078,卖盘
1373,14:09:21,3.97,0.0,3,1191,买盘
1374,14:09:24,3.97,0.0,50,19850,买盘
1375,14:09:27,3.97,0.0,24,9528,买盘
1376,14:09:30,3.96,-0.01,83,32868,卖盘
1377,14:09:39,3.96,0.0,5,1980,卖盘
1378,14:09:45,3.96,0.0,17,6732,卖盘
1379,14:09:49,3.96,0.0,3,1188,卖盘
1380,14:09:52,3.96,0.0,51,20196,卖盘
1381,14:10:00,3.96,0.0,27,10692,卖盘
1382,14:10:06,3.97,0.01,100,39700,买盘
1383,14:10:13,3.97,0.0,19,7543,买盘
1384,14:10:27,3.97,0.0,20,7940,买盘
1385,14:10:30,3.96,-0.01,1,396,卖盘
1386,14:10:42,3.97,0.01,259,102823,买盘
1387,14:10:45,3.97,0.0,8,3176,买盘
1388,14:10:54,3.96,-0.01,31,12276,卖盘
1389,14:11:00,3.97,0.01,96,38112,买盘
1390,14:11:07,3.97,0.0,20,7940,卖盘
1391,14:11:12,3.97,0.0,2,794,卖盘
1392,14:11:15,3.97,0.0,122,48434,卖盘
1393,14:11:19,3.97,0.0,2,794,买盘
1394,14:11:21,3.97,0.0,1,397,买盘
1395,14:11:27,3.97,0.0,43,17071,卖盘
1396,14:11:31,3.96,-0.01,1,396,卖盘
1397,14:11:46,3.96,0.0,179,70884,卖盘
1398,14:11:48,3.96,0.0,43,17028,卖盘
1399,14:11:57,3.97,0.01,11,4367,买盘
1400,14:12:00,3.96,-0.01,20,7935,卖盘
1401,14:12:06,3.97,0.01,2,794,卖盘
1402,14:12:09,3.97,0.0,50,19850,买盘
1403,14:12:18,3.96,-0.01,6,2376,卖盘
1404,14:12:24,3.96,0.0,10,3960,卖盘
1405,14:12:30,3.96,0.0,1,396,卖盘
1406,14:12:39,3.97,0.01,3,1191,买盘
1407,14:12:57,3.97,0.0,20,7935,买盘
1408,14:13:00,3.97,0.0,63,25011,买盘
1409,14:13:04,3.97,0.0,29,11513,买盘
1410,14:13:06,3.97,0.0,31,12307,买盘
1411,14:13:09,3.97,0.0,50,19850,买盘
1412,14:13:12,3.97,0.0,310,123070,买盘
1413,14:13:15,3.97,0.0,20,7940,卖盘
1414,14:13:24,3.98,0.01,5,1990,买盘
1415,14:13:30,3.97,-0.01,1,397,卖盘
1416,14:13:33,3.97,0.0,45,17865,卖盘
1417,14:13:37,3.98,0.01,3,1194,买盘
1418,14:13:42,3.98,0.0,18,7164,买盘
1419,14:14:07,3.97,-0.01,17,6749,卖盘
1420,14:14:10,3.97,0.0,21,8337,卖盘
1421,14:14:28,3.97,0.0,95,37715,卖盘
1422,14:14:31,3.97,0.0,1,397,卖盘
1423,14:15:01,3.97,0.0,7,2779,卖盘
1424,14:15:09,3.97,0.0,42,16677,卖盘
1425,14:15:21,3.98,0.01,23,9154,买盘
1426,14:15:30,3.97,-0.01,1,397,卖盘
1427,14:15:51,3.97,0.0,37,14689,卖盘
1428,14:15:57,3.97,0.0,139,55183,卖盘
1429,14:16:00,3.97,0.0,5,1985,卖盘
1430,14:16:06,3.97,0.0,3,1191,卖盘
1431,14:16:19,3.98,0.01,2,796,买盘
1432,14:16:21,3.97,-0.01,35,13895,卖盘
1433,14:16:24,3.97,0.0,315,125055,卖盘
1434,14:16:33,3.96,-0.01,124,49104,卖盘
1435,14:16:42,3.97,0.01,5,1985,买盘
1436,14:16:51,3.97,0.0,6,2382,买盘
1437,14:16:54,3.96,-0.01,1,396,卖盘
1438,14:17:07,3.96,0.0,5,1980,卖盘
1439,14:17:12,3.97,0.01,69,27393,买盘
1440,14:17:15,3.97,0.0,2,794,买盘
1441,14:17:24,3.97,0.0,37,14689,买盘
1442,14:17:36,3.97,0.0,1,397,卖盘
1443,14:17:54,3.98,0.01,12,4776,买盘
1444,14:17:57,3.97,-0.01,10,3970,卖盘
1445,14:18:00,3.98,0.01,35,13930,买盘
1446,14:18:04,3.97,-0.01,16,6352,卖盘
1447,14:18:25,3.97,0.0,9,3573,卖盘
1448,14:18:33,3.97,0.0,10,3970,卖盘
1449,14:18:39,3.97,0.0,3,1191,卖盘
1450,14:18:51,3.98,0.01,52,20651,买盘
1451,14:20:04,3.97,-0.01,100,39700,卖盘
1452,14:20:31,3.98,0.01,18,7164,买盘
1453,14:20:36,3.97,-0.01,50,19850,卖盘
1454,14:20:48,3.97,0.0,22,8734,卖盘
1455,14:21:03,3.97,0.0,100,39700,卖盘
1456,14:21:06,3.97,0.0,110,43670,卖盘
1457,14:21:45,3.97,0.0,5,1985,卖盘
1458,14:22:01,3.97,0.0,10,3970,卖盘
1459,14:22:18,3.98,0.01,21,8358,买盘
1460,14:22:24,3.98,0.0,8,3184,买盘
1461,14:22:33,3.97,-0.01,24,9528,卖盘
1462,14:22:45,3.97,0.0,7,2779,卖盘
1463,14:22:48,3.98,0.01,25,9950,买盘
1464,14:23:00,3.97,-0.01,22,8734,卖盘
1465,14:23:27,3.97,0.0,70,27790,卖盘
1466,14:23:40,3.97,0.0,35,13895,卖盘
1467,14:23:51,3.97,0.0,10,3970,卖盘
1468,14:24:00,3.97,0.0,21,8337,卖盘
1469,14:24:04,3.97,0.0,10,3970,卖盘
1470,14:24:06,3.98,0.01,22,8756,买盘
1471,14:24:21,3.98,0.0,53,21094,买盘
1472,14:24:42,3.98,0.0,40,15920,买盘
1473,14:24:48,3.97,-0.01,5,1985,卖盘
1474,14:24:51,3.97,0.0,75,29780,卖盘
1475,14:25:00,3.98,0.01,1,398,买盘
1476,14:25:04,3.98,0.0,70,27860,买盘
1477,14:25:09,3.97,-0.01,31,12307,卖盘
1478,14:25:30,3.98,0.01,352,140096,买盘
1479,14:25:42,3.97,-0.01,63,25041,卖盘
1480,14:26:04,3.98,0.01,11,4378,买盘
1481,14:26:12,3.98,0.0,118,46964,买盘
1482,14:26:21,3.97,-0.01,24,9528,卖盘
1483,14:26:27,3.98,0.01,50,19900,买盘
1484,14:26:39,3.97,-0.01,52,20695,卖盘
1485,14:26:42,3.98,0.01,43,17114,买盘
1486,14:26:45,3.98,0.0,100,39800,买盘
1487,14:26:48,3.98,0.0,95,37810,买盘
1488,14:26:51,3.98,0.0,6,2388,买盘
1489,14:26:57,3.97,-0.01,4,1588,卖盘
1490,14:27:00,3.98,0.01,31,12338,买盘
1491,14:27:04,3.98,0.0,163,64874,买盘
1492,14:27:06,3.98,0.0,18,7164,买盘
1493,14:27:09,3.98,0.0,509,202582,买盘
1494,14:27:12,3.98,0.0,52,20696,买盘
1495,14:27:15,3.98,0.0,60,23880,买盘
1496,14:27:21,3.98,0.0,30,11940,卖盘
1497,14:27:33,3.99,0.01,73,29067,买盘
1498,14:27:46,3.99,0.0,50,19950,买盘
1499,14:27:48,3.99,0.0,6,2394,买盘
1500,14:27:51,3.99,0.0,34,13566,买盘
1501,14:27:54,3.99,0.0,151,60249,买盘
1502,14:28:00,3.99,0.0,73,29127,买盘
1503,14:28:12,4.0,0.01,24,9600,买盘
1504,14:28:18,3.99,-0.01,10,3990,卖盘
1505,14:28:24,4.0,0.01,225,90000,买盘
1506,14:29:40,3.99,-0.01,3,1197,卖盘
1507,14:29:42,4.0,0.01,10,4000,买盘
1508,14:29:45,4.0,0.0,1,400,买盘
1509,14:29:51,3.99,-0.01,9,3591,卖盘
1510,14:30:03,3.99,0.0,15,5985,卖盘
1511,14:30:09,3.99,0.0,100,39900,卖盘
1512,14:30:19,3.99,0.0,30,11970,卖盘
1513,14:30:24,3.99,0.0,10,3990,卖盘
1514,14:30:33,3.99,0.0,70,27930,卖盘
1515,14:30:45,3.99,0.0,1,399,卖盘
1516,14:30:48,3.99,0.0,183,73017,卖盘
1517,14:31:18,3.99,0.0,16,6384,买盘
1518,14:31:24,3.98,-0.01,40,15920,卖盘
1519,14:31:27,3.98,0.0,207,82386,卖盘
1520,14:31:45,3.99,0.01,1,399,买盘
1521,14:32:04,3.99,0.0,66,26334,买盘
1522,14:32:21,3.98,-0.01,60,23880,卖盘
1523,14:32:24,3.98,0.0,20,7960,卖盘
1524,14:32:33,3.99,0.01,68,27132,买盘
1525,14:33:00,3.98,-0.01,1,398,卖盘
1526,14:33:03,3.99,0.01,2,798,买盘
1527,14:33:13,3.98,-0.01,62,24676,卖盘
1528,14:33:24,3.98,0.0,5,1990,卖盘
1529,14:33:39,3.98,0.0,70,27860,卖盘
1530,14:34:06,3.99,0.01,83,33087,买盘
1531,14:34:12,3.98,-0.01,584,232432,卖盘
1532,14:34:24,3.98,0.0,11,4378,买盘
1533,14:34:27,3.98,0.0,46,18308,买盘
1534,14:34:45,3.97,-0.01,10,3974,卖盘
1535,14:34:49,3.97,0.0,263,104411,卖盘
1536,14:34:51,3.97,0.0,5,1985,卖盘
1537,14:34:57,3.97,0.0,102,40494,卖盘
1538,14:35:18,3.97,0.0,14,5568,卖盘
1539,14:35:28,3.97,0.0,4,1588,卖盘
1540,14:35:34,3.97,0.0,37,14689,卖盘
1541,14:35:43,3.97,0.0,5,1985,卖盘
1542,14:35:49,3.98,0.01,53,21094,买盘
1543,14:35:52,3.98,0.0,10,3980,买盘
1544,14:36:04,3.98,0.0,10,3980,买盘
1545,14:36:09,3.98,0.0,122,48556,买盘
1546,14:36:18,3.98,0.0,40,15920,买盘
1547,14:36:27,3.97,-0.01,50,19850,卖盘
1548,14:36:36,3.98,0.01,66,26268,买盘
1549,14:36:51,3.98,0.0,95,37810,买盘
1550,14:37:03,3.98,0.0,5,1990,买盘
1551,14:37:06,3.97,-0.01,1,397,卖盘
1552,14:37:24,3.97,0.0,30,11910,卖盘
1553,14:37:27,3.97,0.0,2,794,卖盘
1554,14:37:36,3.97,0.0,144,57168,卖盘
1555,14:37:39,3.97,0.0,74,29378,卖盘
1556,14:37:48,3.97,0.0,2,794,卖盘
1557,14:37:55,3.97,0.0,10,3970,卖盘
1558,14:37:57,3.97,0.0,16,6352,卖盘
1559,14:38:01,3.97,0.0,10,3970,卖盘
1560,14:38:04,3.97,0.0,45,17899,卖盘
1561,14:38:06,3.98,0.01,90,35820,买盘
1562,14:38:12,3.98,0.0,59,23482,买盘
1563,14:38:16,3.97,-0.01,25,9925,卖盘
1564,14:38:22,3.98,0.01,104,41392,买盘
1565,14:38:33,3.97,-0.01,100,39700,卖盘
1566,14:38:40,3.97,0.0,16,6352,卖盘
1567,14:38:48,3.97,0.0,50,19850,卖盘
1568,14:38:51,3.98,0.01,12,4776,买盘
1569,14:38:54,3.97,-0.01,109,43273,卖盘
1570,14:39:09,3.98,0.01,8,3184,买盘
1571,14:39:15,3.97,-0.01,11,4367,卖盘
1572,14:39:30,3.98,0.01,30,11940,买盘
1573,14:39:43,3.98,0.0,13,5174,买盘
1574,14:39:45,3.98,0.0,10,3980,买盘
1575,14:39:52,3.97,-0.01,1,397,卖盘
1576,14:40:16,3.97,0.0,15,5955,卖盘
1577,14:40:18,3.98,0.01,52,20696,买盘
1578,14:40:22,3.97,-0.01,100,39700,卖盘
1579,14:40:46,3.98,0.01,50,19870,买盘
1580,14:40:48,3.97,-0.01,50,19850,卖盘
1581,14:40:54,3.97,0.0,4,1588,卖盘
1582,14:41:15,3.97,0.0,25,9925,卖盘
1583,14:41:25,3.98,0.01,26,10348,买盘
1584,14:41:39,3.97,-0.01,64,25408,卖盘
1585,14:42:04,3.97,0.0,20,7940,卖盘
1586,14:42:18,3.98,0.01,59,23425,买盘
1587,14:42:30,3.97,-0.01,63,25011,卖盘
1588,14:42:33,3.98,0.01,5,1990,买盘
1589,14:42:40,3.97,-0.01,5,1985,卖盘
1590,14:42:42,3.97,0.0,20,7940,卖盘
1591,14:42:51,3.98,0.01,10,3980,买盘
1592,14:43:01,3.97,-0.01,25,9925,卖盘
1593,14:43:04,3.97,0.0,11,4367,卖盘
1594,14:43:21,3.98,0.01,300,119400,买盘
1595,14:43:25,3.98,0.0,300,119400,买盘
1596,14:43:28,3.97,-0.01,8,3176,卖盘
1597,14:43:31,3.98,0.01,95,37810,买盘
1598,14:43:37,3.98,0.0,120,47740,买盘
1599,14:43:54,3.98,0.0,56,22288,买盘
1600,14:43:57,3.98,0.0,111,44178,买盘
1601,14:44:01,3.98,0.0,14,5572,买盘
1602,14:44:07,3.98,0.0,133,52881,买盘
1603,14:44:10,3.98,0.0,6,2388,买盘
1604,14:44:13,3.98,0.0,372,148056,买盘
1605,14:44:18,3.98,0.0,20,7960,买盘
1606,14:44:21,3.98,0.0,146,58108,买盘
1607,14:44:24,3.98,0.0,59,23455,买盘
1608,14:44:28,3.97,-0.01,1,397,卖盘
1609,14:44:37,3.98,0.01,68,27064,买盘
1610,14:44:43,3.98,0.0,5,1990,买盘
1611,14:44:46,3.97,-0.01,252,100276,卖盘
1612,14:44:52,3.98,0.01,52,20696,买盘
1613,14:44:58,3.97,-0.01,4,1588,卖盘
1614,14:45:01,3.98,0.01,81,32238,买盘
1615,14:45:16,3.98,0.0,25,9950,买盘
1616,14:45:19,3.97,-0.01,25,9925,卖盘
1617,14:45:24,3.98,0.01,2,796,买盘
1618,14:45:27,3.97,-0.01,26,10322,卖盘
1619,14:45:31,3.97,0.0,5,1986,卖盘
1620,14:45:39,3.98,0.01,62,24676,买盘
1621,14:45:52,3.97,-0.01,4,1588,卖盘
1622,14:45:58,3.98,0.01,301,119797,买盘
1623,14:46:03,3.98,0.0,12,4776,买盘
1624,14:46:06,3.98,0.0,50,19900,买盘
1625,14:46:13,3.98,0.0,85,33830,买盘
1626,14:46:22,3.98,0.0,259,102942,买盘
1627,14:46:33,3.98,0.0,51,20298,买盘
1628,14:46:39,3.97,-0.01,20,7940,卖盘
1629,14:46:42,3.98,0.01,10,3980,买盘
1630,14:46:49,3.98,0.0,172,68456,买盘
1631,14:47:10,3.98,0.0,50,19900,买盘
1632,14:47:13,3.97,-0.01,10,3970,卖盘
1633,14:47:15,3.97,0.0,40,15880,卖盘
1634,14:47:21,3.97,0.0,60,23820,卖盘
1635,14:47:24,3.97,0.0,13,5161,卖盘
1636,14:47:27,3.98,0.01,3,1194,买盘
1637,14:47:31,3.98,0.0,5,1990,买盘
1638,14:47:36,3.97,-0.01,12,4764,卖盘
1639,14:47:39,3.97,0.0,2,794,卖盘
1640,14:47:46,3.97,0.0,10,3970,卖盘
1641,14:47:49,3.97,0.0,50,19850,卖盘
1642,14:47:52,3.97,0.0,152,60344,卖盘
1643,14:47:58,3.97,0.0,94,37378,卖盘
1644,14:48:09,3.97,0.0,19,7552,卖盘
1645,14:48:13,3.97,0.0,50,19850,卖盘
1646,14:48:18,3.97,0.0,161,63917,卖盘
1647,14:48:28,3.97,0.0,9,3573,卖盘
1648,14:48:30,3.97,0.0,82,32554,卖盘
1649,14:48:37,3.97,0.0,49,19453,卖盘
1650,14:48:39,3.97,0.0,3,1191,卖盘
1651,14:48:46,3.97,0.0,3,1191,卖盘
1652,14:48:49,3.97,0.0,70,27790,卖盘
1653,14:48:51,3.97,0.0,96,38112,卖盘
1654,14:48:54,3.97,0.0,2,794,卖盘
1655,14:48:57,3.97,0.0,51,20247,卖盘
1656,14:49:01,3.97,0.0,10,3970,卖盘
1657,14:49:04,3.97,0.0,31,12307,卖盘
1658,14:49:07,3.97,0.0,83,32951,卖盘
1659,14:49:10,3.97,0.0,252,100044,卖盘
1660,14:49:13,3.97,0.0,138,54786,卖盘
1661,14:49:15,3.97,0.0,112,44464,卖盘
1662,14:49:19,3.97,0.0,100,39700,卖盘
1663,14:49:25,3.97,0.0,20,7940,卖盘
1664,14:49:31,3.97,0.0,171,67887,卖盘
1665,14:49:33,3.97,0.0,75,29775,卖盘
1666,14:49:36,3.97,0.0,552,219144,卖盘
1667,14:49:49,3.97,0.0,56,22232,买盘
1668,14:49:54,3.96,-0.01,111,44060,卖盘
1669,14:50:01,3.98,0.02,213,84774,买盘
1670,14:50:04,3.97,-0.01,260,103220,买盘
1671,14:50:07,3.97,0.0,129,51213,买盘
1672,14:50:10,3.97,0.0,10,3970,卖盘
1673,14:50:13,3.97,0.0,9,3573,卖盘
1674,14:50:16,3.97,0.0,71,28187,卖盘
1675,14:50:18,3.97,0.0,56,22232,卖盘
1676,14:50:21,3.97,0.0,2044,809656,卖盘
1677,14:50:24,3.96,-0.01,115,45630,卖盘
1678,14:50:34,3.97,0.01,3,1191,买盘
1679,14:50:37,3.96,-0.01,57,22579,卖盘
1680,14:50:39,3.97,0.01,10,3970,买盘
1681,14:50:42,3.97,0.0,2,794,买盘
1682,14:50:49,3.96,-0.01,252,99844,卖盘
1683,14:50:54,3.97,0.01,2,794,买盘
1684,14:50:57,3.96,-0.01,35,13860,卖盘
1685,14:51:00,3.96,0.0,17,6732,卖盘
1686,14:51:04,3.96,0.0,104,41281,买盘
1687,14:51:07,3.96,0.0,23,9108,买盘
1688,14:51:09,3.95,-0.01,1008,398227,卖盘
1689,14:51:18,3.95,0.0,20,7911,卖盘
1690,14:51:21,3.96,0.01,7,2772,买盘
1691,14:51:27,3.96,0.0,44,17424,卖盘
1692,14:51:30,3.96,0.0,52,20592,卖盘
1693,14:51:37,3.96,0.0,30,11880,卖盘
1694,14:51:42,3.96,0.0,30,11880,卖盘
1695,14:51:46,3.96,0.0,54,21384,卖盘
1696,14:51:48,3.96,0.0,75,29770,卖盘
1697,14:51:52,3.96,0.0,250,99000,卖盘
1698,14:51:54,3.95,-0.01,200,79046,卖盘
1699,14:52:01,3.95,0.0,134,52930,卖盘
1700,14:52:04,3.96,0.01,62,24521,买盘
1701,14:52:07,3.96,0.0,3,1188,卖盘
1702,14:52:10,3.96,0.0,36,14256,卖盘
1703,14:52:15,3.96,0.0,100,39600,卖盘
1704,14:52:18,3.96,0.0,12,4752,卖盘
1705,14:52:21,3.96,0.0,4,1584,卖盘
1706,14:52:28,3.96,0.0,30,11890,卖盘
1707,14:52:31,3.96,0.0,71,28139,卖盘
1708,14:52:34,3.96,0.0,81,32076,卖盘
1709,14:52:37,3.96,0.0,25,9900,买盘
1710,14:52:43,3.94,-0.02,733,289346,卖盘
1711,14:52:46,3.96,0.02,185,73260,买盘
1712,14:52:49,3.96,0.0,17,6732,卖盘
1713,14:52:52,3.96,0.0,115,45540,卖盘
1714,14:52:57,3.96,0.0,5,1980,卖盘
1715,14:53:01,3.96,0.0,120,47520,卖盘
1716,14:53:04,3.96,0.0,22,8712,卖盘
1717,14:53:07,3.96,0.0,1,396,买盘
1718,14:53:13,3.95,-0.01,4,1580,卖盘
1719,14:53:16,3.95,0.0,28,11060,卖盘
1720,14:53:19,3.95,0.0,6,2370,卖盘
1721,14:53:22,3.95,0.0,42,16597,卖盘
1722,14:53:24,3.96,0.01,4,1584,买盘
1723,14:53:31,3.95,-0.01,23,9085,卖盘
1724,14:53:37,3.96,0.01,5,1980,买盘
1725,14:53:40,3.95,-0.01,3,1185,卖盘
1726,14:53:43,3.95,0.0,11,4345,卖盘
1727,14:53:46,3.95,0.0,34,13444,卖盘
1728,14:53:48,3.96,0.01,194,76824,买盘
1729,14:53:54,3.96,0.0,28,11088,卖盘
1730,14:54:01,3.96,0.0,4,1584,卖盘
1731,14:54:04,3.96,0.0,111,43956,卖盘
1732,14:54:09,3.96,0.0,51,20196,卖盘
1733,14:54:12,3.96,0.0,53,20988,卖盘
1734,14:54:15,3.96,0.0,65,25740,卖盘
1735,14:54:19,3.96,0.0,17,6732,买盘
1736,14:54:25,3.96,0.0,81,32076,买盘
1737,14:54:31,3.96,0.0,203,80388,卖盘
1738,14:54:33,3.96,0.0,5,1980,买盘
1739,14:54:43,3.96,0.0,2,792,买盘
1740,14:54:45,3.96,0.0,2,792,买盘
1741,14:54:48,3.95,-0.01,38,15010,卖盘
1742,14:54:54,3.95,0.0,1,395,卖盘
1743,14:55:04,3.96,0.01,40,15840,买盘
1744,14:55:07,3.95,-0.01,16,6321,卖盘
1745,14:55:12,3.96,0.01,65,25740,买盘
1746,14:55:15,3.95,-0.01,250,98750,卖盘
1747,14:55:18,3.96,0.01,10,3960,买盘
1748,14:55:22,3.96,0.0,4,1584,买盘
1749,14:55:28,3.95,-0.01,160,63200,卖盘
1750,14:55:31,3.96,0.01,13,5148,买盘
1751,14:55:34,3.95,-0.01,35,13825,卖盘
1752,14:55:37,3.95,0.0,62,24540,卖盘
1753,14:55:40,3.95,0.0,247,97565,卖盘
1754,14:55:45,3.95,0.0,260,102700,卖盘
1755,14:55:48,3.95,0.0,39,15405,卖盘
1756,14:55:51,3.95,0.0,71,28045,买盘
1757,14:55:55,3.95,0.0,114,45030,买盘
1758,14:56:01,3.95,0.0,26,10270,卖盘
1759,14:56:04,3.95,0.0,21,8295,卖盘
1760,14:56:06,3.96,0.01,57,22522,买盘
1761,14:56:09,3.95,-0.01,64,25280,中性盘
1762,14:56:13,3.95,0.0,29,11435,买盘
1763,14:56:16,3.95,0.0,101,39885,买盘
1764,14:56:19,3.94,-0.01,18,7104,卖盘
1765,14:56:22,3.95,0.01,15,5925,买盘
1766,14:56:25,3.95,0.0,26,10270,卖盘
1767,14:56:28,3.95,0.0,140,55300,卖盘
1768,14:56:31,3.95,0.0,137,54142,卖盘
1769,14:56:34,3.94,-0.01,121,47695,卖盘
1770,14:56:37,3.95,0.01,37,14609,买盘
1771,14:56:40,3.95,0.0,72,28440,买盘
1772,14:56:46,3.94,-0.01,124,48923,卖盘
1773,14:56:48,3.95,0.01,354,139830,买盘
1774,14:56:52,3.95,0.0,120,47285,买盘
1775,14:56:55,3.95,0.0,160,63200,卖盘
1776,14:56:58,3.94,-0.01,459,180994,卖盘
1777,15:00:04,3.94,0.0,2924,1152056,卖盘
