,time,price,change,volume,amount,type
0,09:25:04,6.06,-0.15,6057,3670542,买盘
1,09:30:00,6.08,0.02,214,129786,买盘
2,09:30:04,6.07,-0.01,4352,2639197,卖盘
3,09:30:06,6.07,0.0,207,125649,卖盘
4,09:30:09,6.07,0.0,237,144007,卖盘
5,09:30:12,6.07,0.0,45,27335,卖盘
6,09:30:15,6.08,0.01,43,26144,买盘
7,09:30:18,6.08,0.0,111,67488,买盘
8,09:30:22,6.08,0.0,843,511848,卖盘
9,09:30:24,6.09,0.01,509,309773,买盘
10,09:30:27,6.08,-0.01,1,608,卖盘
11,09:30:30,6.08,0.0,667,404976,卖盘
12,09:30:34,6.08,0.0,458,278544,买盘
13,09:30:36,6.09,0.01,348,211932,买盘
14,09:30:39,6.08,-0.01,510,310301,卖盘
15,09:30:42,6.08,0.0,801,487391,卖盘
16,09:30:45,6.06,-0.02,100,60668,卖盘
17,09:30:48,6.07,0.01,136,82649,买盘
18,09:30:51,6.07,0.0,78,47358,卖盘
19,09:30:55,6.08,0.01,467,283916,买盘
20,09:30:57,6.09,0.01,161,97902,买盘
21,09:31:00,6.09,0.0,36,21894,买盘
22,09:31:03,6.09,0.0,280,170484,买盘
23,09:31:10,6.09,0.0,168,102229,卖盘
24,09:31:12,6.1,0.01,262,159709,买盘
25,09:31:15,6.1,0.0,298,181538,卖盘
26,09:31:18,6.1,0.0,7,4270,卖盘
27,09:31:21,6.13,0.03,492,301079,买盘
28,09:31:24,6.11,-0.02,166,101424,中性盘
29,09:31:27,6.12,0.01,10,6120,中性盘
30,09:31:30,6.11,-0.01,47,28707,卖盘
31,09:31:33,6.1,-0.01,285,173844,卖盘
32,09:31:36,6.1,0.0,255,155550,买盘
33,09:31:39,6.09,-0.01,170,103607,卖盘
34,09:31:42,6.08,-0.01,44,26784,卖盘
35,09:31:45,6.08,0.0,33,20082,卖盘
36,09:31:48,6.08,0.0,260,158133,卖盘
37,09:31:51,6.08,0.0,48,29184,买盘
38,09:31:54,6.08,0.0,197,119748,买盘
39,09:31:58,6.09,0.01,396,240943,买盘
40,09:32:00,6.09,0.0,13,7903,买盘
41,09:32:04,6.08,-0.01,154,93620,卖盘
42,09:32:06,6.09,0.01,93,56547,买盘
43,09:32:09,6.08,-0.01,13,7914,卖盘
44,09:32:12,6.07,-0.01,357,216945,卖盘
45,09:32:18,6.08,0.01,211,128208,买盘
46,09:32:21,6.07,-0.01,36,21862,卖盘
47,09:32:24,6.06,-0.01,231,140268,卖盘
48,09:32:27,6.07,0.01,185,112292,卖盘
49,09:32:30,6.08,0.01,326,198179,买盘
50,09:32:33,6.08,0.0,29,17637,卖盘
51,09:32:37,6.07,-0.01,460,279660,卖盘
52,09:32:39,6.06,-0.01,200,121613,卖盘
53,09:32:42,6.08,0.02,165,100162,买盘
54,09:32:45,6.08,0.0,335,203680,买盘
55,09:32:48,6.08,0.0,107,65056,卖盘
56,09:32:51,6.09,0.01,101,61509,买盘
57,09:32:54,6.09,0.0,38,23130,买盘
58,09:32:57,6.08,-0.01,598,363687,卖盘
59,09:33:00,6.08,0.0,55,33464,卖盘
60,09:33:04,6.1,0.02,358,217861,买盘
61,09:33:06,6.08,-0.02,142,86561,卖盘
62,09:33:09,6.08,0.0,72,43776,买盘
63,09:33:12,6.07,-0.01,212,128694,卖盘
64,09:33:15,6.09,0.02,57,34701,买盘
65,09:33:18,6.09,0.0,94,57167,买盘
66,09:33:21,6.08,-0.01,7,4257,卖盘
67,09:33:24,6.08,0.0,75,45600,卖盘
68,09:33:27,6.09,0.01,95,57825,买盘
69,09:33:30,6.09,0.0,293,178310,卖盘
70,09:33:33,6.1,0.01,107,65180,买盘
71,09:33:39,6.1,0.0,146,89048,买盘
72,09:33:42,6.1,0.0,432,263475,买盘
73,09:33:45,6.09,-0.01,400,243748,卖盘
74,09:33:48,6.1,0.01,9,5490,卖盘
75,09:33:52,6.08,-0.02,505,307171,卖盘
76,09:33:55,6.07,-0.01,52,31594,卖盘
77,09:33:57,6.08,0.01,80,48640,买盘
78,09:34:00,6.11,0.03,543,329977,买盘
79,09:34:03,6.12,0.01,124,75723,买盘
80,09:34:06,6.11,-0.01,7,4277,中性盘
81,09:34:09,6.11,0.0,136,83091,买盘
82,09:34:12,6.1,-0.01,20,12188,中性盘
83,09:34:15,6.07,-0.03,460,279616,卖盘
84,09:34:18,6.09,0.02,37,22533,买盘
85,09:34:22,6.08,-0.01,112,68096,卖盘
86,09:34:24,6.09,0.01,285,173500,买盘
87,09:34:27,6.08,-0.01,340,206518,卖盘
88,09:34:33,6.08,0.0,22,13376,卖盘
89,09:34:36,6.09,0.01,35,21315,买盘
90,09:34:39,6.08,-0.01,382,232322,卖盘
91,09:34:42,6.07,-0.01,32,19444,卖盘
92,09:34:46,6.07,0.0,5,3035,卖盘
93,09:34:48,6.08,0.01,204,124019,买盘
94,09:34:51,6.08,0.0,34,20672,中性盘
95,09:34:54,6.07,-0.01,125,75996,卖盘
96,09:34:57,6.07,0.0,45,27320,卖盘
97,09:35:00,6.06,-0.01,831,503668,卖盘
98,09:35:03,6.05,-0.01,166,100465,卖盘
99,09:35:06,6.09,0.04,920,559230,买盘
100,09:35:09,6.06,-0.03,49,29694,中性盘
101,09:35:12,6.06,0.0,318,193536,卖盘
102,09:35:15,6.04,-0.02,1130,683238,卖盘
103,09:35:18,6.06,0.02,51,30906,中性盘
104,09:35:21,6.06,0.0,21,12726,卖盘
105,09:35:24,6.05,-0.01,42,25444,卖盘
106,09:35:27,6.05,0.0,42,25388,卖盘
107,09:35:30,6.04,-0.01,10,6044,卖盘
108,09:35:33,6.03,-0.01,274,165495,卖盘
109,09:35:37,6.04,0.01,613,369833,买盘
110,09:35:39,6.03,-0.01,805,485475,卖盘
111,09:35:42,6.02,-0.01,106,63838,卖盘
112,09:35:45,6.02,0.0,55,33112,卖盘
113,09:35:48,6.03,0.01,330,198681,买盘
114,09:35:51,6.02,-0.01,291,175207,卖盘
115,09:35:54,6.03,0.01,820,493631,买盘
116,09:35:57,6.01,-0.02,2,1202,卖盘
117,09:36:00,6.02,0.01,247,148694,买盘
118,09:36:03,6.0,-0.02,789,473898,卖盘
119,09:36:06,6.0,0.0,738,442982,卖盘
120,09:36:10,6.02,0.02,124,74584,买盘
121,09:36:12,6.0,-0.02,48,28800,卖盘
122,09:36:15,6.0,0.0,54,32400,卖盘
123,09:36:18,6.01,0.01,163,97802,买盘
124,09:36:21,6.02,0.01,160,96195,买盘
125,09:36:24,6.01,-0.01,272,163615,卖盘
126,09:36:27,6.02,0.01,288,173366,买盘
127,09:36:30,6.02,0.0,158,95141,卖盘
128,09:36:33,6.02,0.0,40,24080,卖盘
129,09:36:36,6.03,0.01,75,45141,买盘
130,09:36:39,6.0,-0.03,548,329416,卖盘
131,09:36:42,6.01,0.01,264,158422,买盘
132,09:36:45,6.01,0.0,150,90150,卖盘
133,09:36:48,6.01,0.0,42,25281,卖盘
134,09:36:51,5.99,-0.02,1058,634768,卖盘
135,09:36:54,5.99,0.0,129,77164,买盘
136,09:36:57,5.98,-0.01,797,477391,卖盘
137,09:37:00,6.02,0.04,465,279037,买盘
138,09:37:03,6.02,0.0,56,33728,卖盘
139,09:37:06,6.02,0.0,128,76937,卖盘
140,09:37:09,6.02,0.0,24,14448,买盘
141,09:37:12,6.01,-0.01,139,83698,卖盘
142,09:37:15,6.03,0.02,163,98255,买盘
143,09:37:18,6.03,0.0,125,75475,卖盘
144,09:37:21,6.03,0.0,11,6633,卖盘
145,09:37:24,6.02,-0.01,583,351351,卖盘
146,09:37:27,6.02,0.0,84,50568,买盘
147,09:37:30,6.02,0.0,81,49039,买盘
148,09:37:34,6.01,-0.01,395,237139,卖盘
149,09:37:40,6.02,0.01,127,76636,买盘
150,09:37:42,6.02,0.0,12,7224,卖盘
151,09:37:45,6.02,0.0,106,63812,卖盘
152,09:37:48,6.03,0.01,151,91002,买盘
153,09:37:51,6.02,-0.01,47,28331,卖盘
154,09:37:54,6.03,0.01,106,63899,买盘
155,09:37:57,6.03,0.0,111,66918,买盘
156,09:38:00,6.04,0.01,130,78476,买盘
157,09:38:04,6.03,-0.01,20,12060,中性盘
158,09:38:09,6.02,-0.01,195,117240,卖盘
159,09:38:12,6.01,-0.01,89,53566,卖盘
160,09:38:15,6.0,-0.01,281,169108,卖盘
161,09:38:19,6.02,0.02,110,66398,中性盘
162,09:38:21,6.02,0.0,48,28893,买盘
163,09:38:24,6.02,0.0,93,55973,卖盘
164,09:38:27,6.02,0.0,64,38528,买盘
165,09:38:31,6.01,-0.01,14,8414,卖盘
166,09:38:33,6.02,0.01,196,117991,买盘
167,09:38:36,6.02,0.0,36,21672,卖盘
168,09:38:40,6.02,0.0,108,65026,卖盘
169,09:38:42,6.03,0.01,192,115776,买盘
170,09:38:45,6.03,0.0,25,15075,卖盘
171,09:38:48,6.03,0.0,51,30753,卖盘
172,09:38:51,6.04,0.01,2,1208,买盘
173,09:38:54,6.03,-0.01,174,105077,卖盘
174,09:38:57,6.03,0.0,13,7849,卖盘
175,09:39:00,6.04,0.01,34,20536,买盘
176,09:39:03,6.04,0.0,51,30782,卖盘
177,09:39:06,6.04,0.0,41,24764,卖盘
178,09:39:10,6.04,0.0,29,17516,买盘
179,09:39:12,6.01,-0.03,823,495667,卖盘
180,09:39:15,6.02,0.01,293,176107,买盘
181,09:39:18,6.02,0.0,77,46354,买盘
182,09:39:21,6.04,0.02,105,63244,买盘
183,09:39:24,6.02,-0.02,14,8428,中性盘
184,09:39:27,6.03,0.01,152,91556,买盘
185,09:39:30,6.02,-0.01,9,5418,卖盘
186,09:39:33,6.02,0.0,12,7224,卖盘
187,09:39:36,6.02,0.0,161,96940,卖盘
188,09:39:39,6.03,0.01,70,42230,买盘
189,09:39:42,6.03,0.0,62,37416,卖盘
190,09:39:45,6.05,0.02,99,59862,买盘
191,09:39:51,6.04,-0.01,4,2416,卖盘
192,09:39:54,6.05,0.01,131,79241,买盘
193,09:39:57,6.05,0.0,19,11495,卖盘
194,09:40:00,6.03,-0.02,327,197345,卖盘
195,09:40:04,6.02,-0.01,131,78895,卖盘
196,09:40:06,6.03,0.01,80,48240,买盘
197,09:40:09,6.03,0.0,68,41004,买盘
198,09:40:12,6.02,-0.01,165,99407,卖盘
199,09:40:15,6.02,0.0,65,39178,卖盘
200,09:40:21,6.04,0.02,66,39864,买盘
201,09:40:24,6.04,0.0,73,44092,卖盘
202,09:40:27,6.04,0.0,7,4228,卖盘
203,09:40:30,6.04,0.0,77,46508,卖盘
204,09:40:33,6.03,-0.01,119,71764,卖盘
205,09:40:36,6.04,0.01,43,25967,买盘
206,09:40:39,6.03,-0.01,159,95957,卖盘
207,09:40:42,6.03,0.0,155,93465,卖盘
208,09:40:45,6.05,0.02,48,29035,买盘
209,09:40:48,6.04,-0.01,42,25368,卖盘
210,09:40:51,6.05,0.01,293,177222,买盘
211,09:40:54,6.05,0.0,18,10890,卖盘
212,09:40:58,6.05,0.0,363,219615,卖盘
213,09:41:00,6.05,0.0,63,38177,卖盘
214,09:41:04,6.06,0.01,69,41802,买盘
215,09:41:09,6.07,0.01,6,3637,买盘
216,09:41:12,6.06,-0.01,13,7890,卖盘
217,09:41:18,6.06,0.0,124,75144,卖盘
218,09:41:21,6.08,0.02,5,3040,买盘
219,09:41:24,6.08,0.0,138,83878,买盘
220,09:41:27,6.07,-0.01,50,30350,中性盘
221,09:41:30,6.07,0.0,32,19423,买盘
222,09:41:33,6.06,-0.01,206,124920,卖盘
223,09:41:36,6.06,0.0,67,40602,卖盘
224,09:41:42,6.05,-0.01,12,7260,卖盘
225,09:41:45,6.06,0.01,13,7868,买盘
226,09:41:48,6.06,0.0,37,22422,买盘
227,09:41:51,6.06,0.0,166,100510,卖盘
228,09:41:54,6.06,0.0,12,7272,卖盘
229,09:41:57,6.06,0.0,22,13332,卖盘
230,09:42:03,6.06,0.0,195,118158,买盘
231,09:42:07,6.05,-0.01,219,132495,卖盘
232,09:42:09,6.06,0.01,45,27249,买盘
233,09:42:12,6.04,-0.02,74,44826,卖盘
234,09:42:15,6.06,0.02,19,11472,买盘
235,09:42:18,6.03,-0.03,25,15084,卖盘
236,09:42:21,6.04,0.01,12,7248,买盘
237,09:42:24,6.03,-0.01,12,7236,卖盘
238,09:42:27,6.04,0.01,25,15096,买盘
239,09:42:30,6.03,-0.01,341,205623,卖盘
240,09:42:33,6.03,0.0,30,18078,买盘
241,09:42:36,6.03,0.0,57,34371,买盘
242,09:42:39,6.03,0.0,43,25929,买盘
243,09:42:42,6.02,-0.01,134,80747,卖盘
244,09:42:45,6.03,0.01,2,1206,买盘
245,09:42:49,6.04,0.01,21,12684,买盘
246,09:42:51,6.04,0.0,22,13273,买盘
247,09:42:54,6.04,0.0,56,33812,买盘
248,09:42:57,6.04,0.0,10,6038,买盘
249,09:43:00,6.04,0.0,156,94224,卖盘
250,09:43:04,6.04,0.0,195,118263,卖盘
251,09:43:09,6.04,0.0,34,20551,卖盘
252,09:43:12,6.04,0.0,61,36891,卖盘
253,09:43:19,6.06,0.02,2,1212,买盘
254,09:43:24,6.04,-0.02,86,51984,卖盘
255,09:43:27,6.04,0.0,4,2416,卖盘
256,09:43:30,6.06,0.02,20,12118,买盘
257,09:43:33,6.05,-0.01,12,7260,中性盘
258,09:43:39,6.05,0.0,5,3025,卖盘
259,09:43:42,6.05,0.0,62,37510,卖盘
260,09:43:45,6.06,0.01,5,3030,买盘
261,09:43:51,6.05,-0.01,63,38115,卖盘
262,09:43:54,6.05,0.0,13,7853,买盘
263,09:43:57,6.05,0.0,59,35640,买盘
264,09:44:00,6.05,0.0,31,18755,买盘
265,09:44:04,6.04,-0.01,36,21749,卖盘
266,09:44:06,6.04,0.0,91,54964,卖盘
267,09:44:09,6.04,0.0,5,3020,卖盘
268,09:44:12,6.04,0.0,22,13288,卖盘
269,09:44:15,6.04,0.0,23,13912,卖盘
270,09:44:18,6.04,0.0,96,57984,卖盘
271,09:44:21,6.04,0.0,66,39874,卖盘
272,09:44:24,6.05,0.01,64,38696,买盘
273,09:44:27,6.05,0.0,94,56777,买盘
274,09:44:30,6.05,0.0,94,56788,买盘
275,09:44:33,6.03,-0.02,142,85776,卖盘
276,09:44:36,6.05,0.02,30,18140,买盘
277,09:44:39,6.03,-0.02,18,10866,卖盘
278,09:44:42,6.03,0.0,170,102530,卖盘
279,09:44:46,6.04,0.01,54,32616,中性盘
280,09:44:48,6.04,0.0,24,14496,卖盘
281,09:44:52,6.04,0.0,76,45904,卖盘
282,09:44:54,6.03,-0.01,17,10251,卖盘
283,09:45:03,6.03,0.0,134,80812,卖盘
284,09:45:06,6.03,0.0,20,12060,卖盘
285,09:45:09,6.03,0.0,57,34413,卖盘
286,09:45:12,6.03,0.0,35,21105,卖盘
287,09:45:18,6.03,0.0,10,6030,卖盘
288,09:45:21,6.04,0.01,54,32616,买盘
289,09:45:24,6.04,0.0,48,28965,卖盘
290,09:45:27,6.04,0.0,20,12080,买盘
291,09:45:33,6.04,0.0,12,7248,卖盘
292,09:45:36,6.04,0.0,35,21140,卖盘
293,09:45:39,6.05,0.01,305,184310,买盘
294,09:45:42,6.03,-0.02,56,33768,卖盘
295,09:45:45,6.04,0.01,10,6040,中性盘
296,09:45:48,6.04,0.0,17,10268,买盘
297,09:45:51,6.04,0.0,42,25338,买盘
298,09:45:54,6.04,0.0,37,22348,卖盘
299,09:45:57,6.04,0.0,77,46435,买盘
300,09:46:00,6.04,0.0,3,1812,买盘
301,09:46:04,6.03,-0.01,613,369639,卖盘
302,09:46:06,6.03,0.0,5,3015,卖盘
303,09:46:09,6.02,-0.01,40,24080,卖盘
304,09:46:12,6.02,0.0,12,7224,卖盘
305,09:46:15,6.02,0.0,11,6622,卖盘
306,09:46:21,6.02,0.0,84,50612,卖盘
307,09:46:24,6.02,0.0,12,7224,卖盘
308,09:46:30,6.03,0.01,20,12060,买盘
309,09:46:33,6.03,0.0,63,37977,买盘
310,09:46:36,6.02,-0.01,50,30100,卖盘
311,09:46:39,6.02,0.0,30,18060,卖盘
312,09:46:42,6.02,0.0,39,23481,卖盘
313,09:46:45,6.02,0.0,147,88594,卖盘
314,09:46:48,6.03,0.01,38,22896,买盘
315,09:46:54,6.02,-0.01,27,16261,卖盘
316,09:46:57,6.02,0.0,63,37926,卖盘
317,09:47:00,6.02,0.0,71,42742,卖盘
318,09:47:03,6.02,0.0,89,53603,卖盘
319,09:47:06,6.02,0.0,10,6020,卖盘
320,09:47:09,6.03,0.01,23,13869,买盘
321,09:47:12,6.02,-0.01,77,46414,卖盘
322,09:47:15,6.03,0.01,72,43585,买盘
323,09:47:18,6.03,0.0,26,15678,卖盘
324,09:47:21,6.03,0.0,36,21708,卖盘
325,09:47:24,6.04,0.01,116,70048,买盘
326,09:47:27,6.03,-0.01,8,4824,卖盘
327,09:47:33,6.03,0.0,15,9048,卖盘
328,09:47:36,6.03,0.0,12,7236,卖盘
329,09:47:42,6.03,0.0,12,7236,卖盘
330,09:47:45,6.03,0.0,129,77807,卖盘
331,09:47:48,6.04,0.01,71,42884,买盘
332,09:47:51,6.04,0.0,142,85768,买盘
333,09:47:54,6.03,-0.01,21,12669,卖盘
334,09:47:57,6.04,0.01,10,6040,买盘
335,09:48:00,6.03,-0.01,328,197912,卖盘
336,09:48:03,6.03,0.0,23,13869,卖盘
337,09:48:09,6.04,0.01,16,9664,买盘
338,09:48:12,6.03,-0.01,12,7241,卖盘
339,09:48:18,6.03,0.0,2,1206,卖盘
340,09:48:21,6.03,0.0,1,603,卖盘
341,09:48:24,6.04,0.01,77,46508,买盘
342,09:48:27,6.05,0.01,25,15120,买盘
343,09:48:33,6.04,-0.01,26,15704,卖盘
344,09:48:36,6.04,0.0,3,1812,卖盘
345,09:48:42,6.04,0.0,62,37498,卖盘
346,09:48:45,6.05,0.01,32,19360,买盘
347,09:48:51,6.05,0.0,20,12100,买盘
348,09:48:54,6.05,0.0,82,49598,买盘
349,09:49:00,6.04,-0.01,15,9060,卖盘
350,09:49:04,6.05,0.01,103,62303,买盘
351,09:49:06,6.05,0.0,7,4235,买盘
352,09:49:09,6.05,0.0,18,10890,买盘
353,09:49:12,6.04,-0.01,17,10273,卖盘
354,09:49:15,6.05,0.01,6,3630,买盘
355,09:49:18,6.05,0.0,113,68365,卖盘
356,09:49:24,6.05,0.0,12,7260,卖盘
357,09:49:27,6.05,0.0,162,98010,卖盘
358,09:49:30,6.04,-0.01,5,3020,卖盘
359,09:49:33,6.06,0.02,162,98053,买盘
360,09:49:36,6.05,-0.01,16,9680,中性盘
361,09:49:42,6.04,-0.01,12,7258,卖盘
362,09:49:46,6.05,0.01,10,6050,买盘
363,09:49:48,6.03,-0.02,777,468992,卖盘
364,09:49:51,6.05,0.02,145,87725,买盘
365,09:49:54,6.04,-0.01,29,17516,卖盘
366,09:50:00,6.04,0.0,6,3624,卖盘
367,09:50:03,6.04,0.0,19,11481,卖盘
368,09:50:06,6.04,0.0,48,28992,卖盘
369,09:50:13,6.04,0.0,12,7248,卖盘
370,09:50:15,6.04,0.0,35,21165,卖盘
371,09:50:21,6.04,0.0,57,34476,卖盘
372,09:50:24,6.04,0.0,32,19328,卖盘
373,09:50:27,6.04,0.0,136,82271,卖盘
374,09:50:30,6.04,0.0,14,8456,卖盘
375,09:50:33,6.04,0.0,74,44696,卖盘
376,09:50:39,6.05,0.01,31,18755,买盘
377,09:50:42,6.04,-0.01,12,7248,卖盘
378,09:50:45,6.05,0.01,39,23595,买盘
379,09:50:48,6.04,-0.01,6,3624,卖盘
380,09:50:51,6.04,0.0,8,4832,卖盘
381,09:50:54,6.05,0.01,25,15113,买盘
382,09:51:00,6.04,-0.01,60,36240,卖盘
383,09:51:04,6.04,0.0,29,17530,卖盘
384,09:51:06,6.04,0.0,93,56172,卖盘
385,09:51:09,6.05,0.01,52,31423,买盘
386,09:51:12,6.03,-0.02,617,372533,卖盘
387,09:51:18,6.04,0.01,29,17516,买盘
388,09:51:21,6.04,0.0,53,32012,买盘
389,09:51:24,6.04,0.0,232,139916,买盘
390,09:51:30,6.03,-0.01,46,27750,卖盘
391,09:51:33,6.03,0.0,48,28980,卖盘
392,09:51:36,6.04,0.01,2,1208,买盘
393,09:51:42,6.03,-0.01,106,63999,卖盘
394,09:51:45,6.04,0.01,36,21733,买盘
395,09:51:48,6.03,-0.01,86,51870,卖盘
396,09:51:51,6.03,0.0,78,47092,卖盘
397,09:51:54,6.03,0.0,24,14472,卖盘
398,09:51:57,6.03,0.0,7,4221,卖盘
399,09:52:00,6.03,0.0,110,66335,卖盘
400,09:52:04,6.03,0.0,31,18693,卖盘
401,09:52:09,6.04,0.01,33,19922,买盘
402,09:52:12,6.03,-0.01,97,58491,卖盘
403,09:52:16,6.04,0.01,100,60400,买盘
404,09:52:19,6.04,0.0,10,6038,买盘
405,09:52:24,6.03,-0.01,27,16281,卖盘
406,09:52:27,6.03,0.0,54,32606,卖盘
407,09:52:30,6.04,0.01,1,604,买盘
408,09:52:33,6.03,-0.01,12,7236,卖盘
409,09:52:36,6.04,0.01,10,6040,买盘
410,09:52:42,6.03,-0.01,12,7236,卖盘
411,09:52:45,6.03,0.0,35,21106,卖盘
412,09:52:48,6.03,0.0,45,27175,卖盘
413,09:52:52,6.04,0.01,123,74282,买盘
414,09:52:54,6.04,0.0,50,30200,卖盘
415,09:52:57,6.04,0.0,500,302000,卖盘
416,09:53:00,6.05,0.01,49,29598,买盘
417,09:53:03,6.04,-0.01,18,10872,卖盘
418,09:53:06,6.05,0.01,65,39321,买盘
419,09:53:09,6.04,-0.01,170,102680,卖盘
420,09:53:12,6.04,0.0,12,7248,卖盘
421,09:53:15,6.04,0.0,37,22348,卖盘
422,09:53:18,6.04,0.0,56,33824,卖盘
423,09:53:21,6.04,0.0,115,69392,买盘
424,09:53:24,6.05,0.01,114,68917,买盘
425,09:53:27,6.02,-0.03,1894,1141043,卖盘
426,09:53:30,6.02,0.0,279,167894,卖盘
427,09:53:33,6.02,0.0,19,11426,买盘
428,09:53:36,6.02,0.0,46,27659,买盘
429,09:53:39,6.02,0.0,144,86558,买盘
430,09:53:42,6.01,-0.01,453,272688,卖盘
431,09:53:45,6.01,0.0,36,21652,卖盘
432,09:53:48,6.02,0.01,322,194013,买盘
433,09:53:51,6.01,-0.01,511,307378,卖盘
434,09:53:54,6.01,0.0,1141,685573,卖盘
435,09:53:57,6.01,0.0,13,7813,买盘
436,09:54:00,6.0,-0.01,237,142210,卖盘
437,09:54:04,6.0,0.0,225,135000,卖盘
438,09:54:06,6.01,0.01,77,46429,买盘
439,09:54:09,6.01,0.0,105,63105,卖盘
440,09:54:12,6.01,0.0,54,32426,卖盘
441,09:54:18,6.01,0.0,49,29449,卖盘
442,09:54:21,6.01,0.0,32,19232,卖盘
443,09:54:24,6.01,0.0,12,7212,卖盘
444,09:54:27,6.01,0.0,15,8847,买盘
445,09:54:30,6.0,-0.01,70,42000,卖盘
446,09:54:33,6.0,0.0,22,13210,卖盘
447,09:54:36,6.0,0.0,177,106200,卖盘
448,09:54:39,6.0,0.0,165,99011,卖盘
449,09:54:42,6.01,0.01,30,18198,买盘
450,09:54:45,6.0,-0.01,100,60043,卖盘
451,09:54:51,6.01,0.01,35,21024,买盘
452,09:54:55,6.0,-0.01,17,10200,卖盘
453,09:54:57,6.0,0.0,3,1800,卖盘
454,09:55:00,6.0,0.0,7,4200,卖盘
455,09:55:04,6.0,0.0,12,7200,卖盘
456,09:55:06,6.0,0.0,93,55843,卖盘
457,09:55:09,6.01,0.01,16,9616,买盘
458,09:55:12,6.0,-0.01,20,12005,卖盘
459,09:55:15,6.01,0.01,10,6010,中性盘
460,09:55:21,6.01,0.0,15,9015,卖盘
461,09:55:24,6.01,0.0,17,10217,卖盘
462,09:55:27,6.02,0.01,5,3010,买盘
463,09:55:33,6.02,0.0,22,13232,买盘
464,09:55:36,6.01,-0.01,29,17429,卖盘
465,09:55:42,6.01,0.0,19,11419,卖盘
466,09:55:45,6.01,0.0,15,9015,卖盘
467,09:55:55,6.02,0.01,17,10222,买盘
468,09:55:58,6.02,0.0,13,7826,买盘
469,09:56:00,6.02,0.0,3,1806,买盘
470,09:56:04,6.02,0.0,22,13225,买盘
471,09:56:06,6.02,0.0,19,11438,买盘
472,09:56:09,6.01,-0.01,17,10217,卖盘
473,09:56:12,6.01,0.0,21,12621,卖盘
474,09:56:15,6.02,0.01,11,6622,买盘
475,09:56:18,6.02,0.0,50,30100,买盘
476,09:56:21,6.02,0.0,17,10234,买盘
477,09:56:24,6.01,-0.01,282,169512,卖盘
478,09:56:27,6.01,0.0,14,8414,卖盘
479,09:56:30,6.01,0.0,113,67822,买盘
480,09:56:33,6.0,-0.01,17,10205,卖盘
481,09:56:37,6.01,0.01,76,45669,买盘
482,09:56:39,6.0,-0.01,100,60000,卖盘
483,09:56:42,6.0,0.0,15,9003,卖盘
484,09:56:45,6.0,0.0,19,11400,卖盘
485,09:56:48,6.0,0.0,59,35450,卖盘
486,09:56:51,6.0,0.0,344,206425,卖盘
487,09:56:54,6.0,0.0,40,24012,卖盘
488,09:56:57,6.01,0.01,2,1202,买盘
489,09:57:00,6.01,0.0,275,165174,买盘
490,09:57:04,6.01,0.0,16,9601,买盘
491,09:57:06,6.01,0.0,177,106359,买盘
492,09:57:09,6.0,-0.01,37,22200,卖盘
493,09:57:12,6.01,0.01,103,61841,买盘
494,09:57:15,6.0,-0.01,13,7800,卖盘
495,09:57:18,6.01,0.01,72,43205,买盘
496,09:57:22,6.0,-0.01,18,10805,卖盘
497,09:57:25,6.0,0.0,605,363000,卖盘
498,09:57:27,5.99,-0.01,210,125834,卖盘
499,09:57:30,6.0,0.01,14,8408,卖盘
500,09:57:33,5.99,-0.01,17,10188,卖盘
501,09:57:36,5.99,0.0,290,173592,卖盘
502,09:57:42,5.99,0.0,60,36108,买盘
503,09:57:45,5.99,0.0,50,29950,卖盘
504,09:57:48,6.0,0.01,3,1800,买盘
505,09:57:51,5.99,-0.01,82,49130,卖盘
506,09:57:54,5.98,-0.01,12,7181,卖盘
507,09:57:57,6.0,0.02,86,51550,买盘
508,09:58:00,6.0,0.0,1,600,买盘
509,09:58:04,5.99,-0.01,12,7188,卖盘
510,09:58:06,5.99,0.0,55,32945,卖盘
511,09:58:09,5.99,0.0,59,35360,卖盘
512,09:58:12,5.99,0.0,27,16173,卖盘
513,09:58:16,5.99,0.0,13,7788,卖盘
514,09:58:18,6.0,0.01,24,14400,买盘
515,09:58:21,6.0,0.0,5,3000,买盘
516,09:58:24,6.0,0.0,27,16188,买盘
517,09:58:27,6.0,0.0,50,30000,买盘
518,09:58:30,6.0,0.0,201,120535,买盘
519,09:58:33,6.0,0.0,271,162679,买盘
520,09:58:36,6.0,0.0,2,1200,卖盘
521,09:58:39,6.0,0.0,34,20400,卖盘
522,09:58:42,6.0,0.0,59,35400,卖盘
523,09:58:45,6.0,0.0,48,28817,卖盘
524,09:58:48,5.99,-0.01,215,128995,卖盘
525,09:58:51,6.0,0.01,20,12000,买盘
526,09:58:54,6.0,0.0,24,14388,买盘
527,09:58:57,5.99,-0.01,81,48546,卖盘
528,09:59:04,6.0,0.01,8,4532,中性盘
529,09:59:06,6.01,0.01,20,12020,买盘
530,09:59:09,6.01,0.0,211,126800,买盘
531,09:59:12,6.01,0.0,89,53489,买盘
532,09:59:15,6.0,-0.01,279,167561,卖盘
533,09:59:18,6.01,0.01,3,1803,中性盘
534,09:59:21,6.01,0.0,35,21035,中性盘
535,09:59:24,6.0,-0.01,105,63098,卖盘
536,09:59:30,6.01,0.01,39,23437,买盘
537,09:59:33,6.01,0.0,69,41469,买盘
538,09:59:36,6.02,0.01,19,11429,买盘
539,09:59:42,6.01,-0.01,5,3005,卖盘
540,09:59:54,6.02,0.01,116,69832,买盘
541,09:59:57,6.02,0.0,10,6020,卖盘
542,10:00:00,6.01,-0.01,500,300841,卖盘
543,10:00:04,6.03,0.02,140,84419,买盘
544,10:00:06,6.03,0.0,41,24723,卖盘
545,10:00:12,6.02,-0.01,50,30100,卖盘
546,10:00:18,6.02,0.0,24,14448,买盘
547,10:00:21,6.02,0.0,2,1204,买盘
548,10:00:24,6.02,0.0,1,602,买盘
549,10:00:27,6.02,0.0,18,10836,买盘
550,10:00:30,6.02,0.0,8,4816,买盘
551,10:00:33,6.01,-0.01,30,18055,卖盘
552,10:00:37,6.02,0.01,20,12040,买盘
553,10:00:42,6.01,-0.01,37,22237,卖盘
554,10:00:45,6.02,0.01,17,10222,买盘
555,10:00:48,6.02,0.0,66,39732,买盘
556,10:00:54,6.02,0.0,2,1204,买盘
557,10:00:57,6.02,0.0,58,34916,买盘
558,10:01:04,6.02,0.0,13,7826,卖盘
559,10:01:09,6.03,0.01,11,6623,买盘
560,10:01:15,6.02,-0.01,72,43374,卖盘
561,10:01:18,6.02,0.0,5,3010,卖盘
562,10:01:21,6.03,0.01,37,22311,买盘
563,10:01:24,6.03,0.0,2,1206,买盘
564,10:01:27,6.03,0.0,2,1206,买盘
565,10:01:30,6.02,-0.01,11,6627,卖盘
566,10:01:33,6.03,0.01,13,7839,买盘
567,10:01:36,6.03,0.0,131,78993,买盘
568,10:01:39,6.02,-0.01,54,32561,卖盘
569,10:01:42,6.03,0.01,131,78993,买盘
570,10:01:45,6.03,0.0,71,42813,买盘
571,10:01:49,6.03,0.0,22,13266,买盘
572,10:01:51,6.03,0.0,33,19899,买盘
573,10:01:54,6.03,0.0,50,30150,卖盘
574,10:01:57,6.02,-0.01,100,60220,卖盘
575,10:02:00,6.04,0.02,3,1812,买盘
576,10:02:09,6.04,0.0,3,1812,买盘
577,10:02:12,6.04,0.0,208,125632,买盘
578,10:02:24,6.05,0.01,15,9070,买盘
579,10:02:33,6.05,0.0,67,40535,买盘
580,10:02:36,6.05,0.0,9,5445,卖盘
581,10:02:45,6.06,0.01,30,18180,买盘
582,10:02:54,6.06,0.0,18,10908,买盘
583,10:02:58,6.06,0.0,10,6060,卖盘
584,10:03:01,6.06,0.0,64,38784,卖盘
585,10:03:04,6.07,0.01,120,72840,买盘
586,10:03:12,6.07,0.0,42,25494,卖盘
587,10:03:15,6.07,0.0,5,3035,卖盘
588,10:03:18,6.07,0.0,3,1821,卖盘
589,10:03:21,6.08,0.01,350,212175,买盘
590,10:03:24,6.08,0.0,10,6080,买盘
591,10:03:27,6.07,-0.01,20,12140,卖盘
592,10:03:31,6.08,0.01,336,203895,买盘
593,10:03:33,6.08,0.0,20,12160,卖盘
594,10:03:36,6.08,0.0,36,21888,卖盘
595,10:03:42,6.08,0.0,42,25536,卖盘
596,10:03:45,6.05,-0.03,515,312938,卖盘
597,10:03:48,6.05,0.0,13,7877,卖盘
598,10:03:51,6.07,0.02,24,14568,买盘
599,10:03:55,6.06,-0.01,6,3631,中性盘
600,10:04:00,6.08,0.02,112,68061,买盘
601,10:04:04,6.07,-0.01,33,20050,中性盘
602,10:04:06,6.07,0.0,73,44332,卖盘
603,10:04:09,6.06,-0.01,10,6064,卖盘
604,10:04:12,6.07,0.01,2,1214,中性盘
605,10:04:16,6.06,-0.01,9,5458,卖盘
606,10:04:21,6.07,0.01,12,7284,买盘
607,10:04:24,6.07,0.0,11,6677,卖盘
608,10:04:27,6.07,0.0,498,301894,卖盘
609,10:04:30,6.07,0.0,7,4249,卖盘
610,10:04:33,6.07,0.0,74,44918,卖盘
611,10:04:40,6.06,-0.01,4,2424,卖盘
612,10:04:42,6.06,0.0,50,30320,卖盘
613,10:04:45,6.06,0.0,158,95748,买盘
614,10:04:57,6.06,0.0,15,9083,买盘
615,10:05:00,6.06,0.0,23,13938,买盘
616,10:05:04,6.05,-0.01,46,27842,卖盘
617,10:05:06,6.06,0.01,16,9682,买盘
618,10:05:09,6.05,-0.01,11,6655,卖盘
619,10:05:12,6.05,0.0,58,35136,卖盘
620,10:05:15,6.05,0.0,5,3025,卖盘
621,10:05:18,6.05,0.0,47,28435,卖盘
622,10:05:24,6.05,0.0,13,7865,卖盘
623,10:05:30,6.06,0.01,10,6060,买盘
624,10:05:33,6.05,-0.01,8,4840,卖盘
625,10:05:36,6.05,0.0,31,18755,卖盘
626,10:05:39,6.06,0.01,56,33930,买盘
627,10:05:42,6.04,-0.02,9,5436,卖盘
628,10:05:45,6.05,0.01,3,1815,买盘
629,10:05:48,6.05,0.0,6,3630,卖盘
630,10:05:51,6.05,0.0,6,3630,卖盘
631,10:05:54,6.05,0.0,10,6050,买盘
632,10:05:57,6.05,0.0,152,91960,买盘
633,10:06:00,6.05,0.0,30,18150,卖盘
634,10:06:04,6.05,0.0,10,6050,卖盘
635,10:06:09,6.04,-0.01,18,10872,卖盘
636,10:06:12,6.04,0.0,5,3020,卖盘
637,10:06:15,6.05,0.01,1,605,买盘
638,10:06:18,6.04,-0.01,49,29596,卖盘
639,10:06:21,6.04,0.0,34,20536,卖盘
640,10:06:27,6.03,-0.01,11,6633,卖盘
641,10:06:36,6.03,0.0,79,47637,卖盘
642,10:06:39,6.03,0.0,8,4824,卖盘
643,10:06:42,6.03,0.0,54,32594,卖盘
644,10:06:54,6.04,0.01,20,12080,买盘
645,10:07:09,6.04,0.0,95,57375,买盘
646,10:07:12,6.03,-0.01,9,5431,卖盘
647,10:07:15,6.04,0.01,3,1812,中性盘
648,10:07:18,6.05,0.01,4,2420,买盘
649,10:07:27,6.05,0.0,28,16940,买盘
650,10:07:30,6.05,0.0,22,13310,买盘
651,10:07:42,6.05,0.0,29,17545,买盘
652,10:07:48,6.05,0.0,58,35090,卖盘
653,10:07:54,6.05,0.0,22,13310,卖盘
654,10:07:57,6.06,0.01,157,95092,买盘
655,10:08:04,6.06,0.0,44,26657,买盘
656,10:08:15,6.06,0.0,12,7272,卖盘
657,10:08:18,6.06,0.0,45,27270,卖盘
658,10:08:27,6.06,0.0,9,5454,卖盘
659,10:08:33,6.05,-0.01,118,71390,卖盘
660,10:08:36,6.05,0.0,17,10285,买盘
661,10:08:39,6.05,0.0,83,50215,买盘
662,10:08:42,6.04,-0.01,9,5438,卖盘
663,10:08:45,6.05,0.01,1,605,买盘
664,10:08:58,6.05,0.0,4,2420,买盘
665,10:09:01,6.05,0.0,1,605,卖盘
666,10:09:04,6.04,-0.01,2,1208,卖盘
667,10:09:09,6.04,0.0,20,12080,卖盘
668,10:09:15,6.04,0.0,8,4832,卖盘
669,10:09:21,6.05,0.01,10,6050,买盘
670,10:09:28,6.04,-0.01,46,27784,卖盘
671,10:09:31,6.05,0.01,33,19965,买盘
672,10:09:36,6.05,0.0,131,79175,买盘
673,10:09:39,6.05,0.0,27,16335,卖盘
674,10:09:45,6.04,-0.01,223,134692,卖盘
675,10:09:48,6.05,0.01,2,1210,买盘
676,10:09:54,6.05,0.0,39,23595,买盘
677,10:09:57,6.05,0.0,131,79255,卖盘
678,10:10:04,6.05,0.0,6,3630,卖盘
679,10:10:06,6.05,0.0,148,89540,买盘
680,10:10:09,6.05,0.0,1,605,卖盘
681,10:10:15,6.05,0.0,79,47795,卖盘
682,10:10:21,6.05,0.0,50,30250,买盘
683,10:10:27,6.04,-0.01,25,15100,卖盘
684,10:10:30,6.04,0.0,38,22957,卖盘
685,10:10:33,6.04,0.0,79,47716,卖盘
686,10:10:36,6.04,0.0,18,10872,卖盘
687,10:10:45,6.04,0.0,1,604,买盘
688,10:10:48,6.03,-0.01,60,36180,卖盘
689,10:10:51,6.03,0.0,24,14472,卖盘
690,10:10:54,6.04,0.01,5,3020,买盘
691,10:11:00,6.03,-0.01,9,5427,卖盘
692,10:11:04,6.03,0.0,29,17487,卖盘
693,10:11:06,6.03,0.0,1,603,卖盘
694,10:11:09,6.03,0.0,2,1206,卖盘
695,10:11:15,6.03,0.0,5,3015,卖盘
696,10:11:21,6.03,0.0,149,89847,卖盘
697,10:11:27,6.03,0.0,30,18090,卖盘
698,10:11:39,6.02,-0.01,17,10234,卖盘
699,10:11:49,6.03,0.01,8,4824,买盘
700,10:11:54,6.02,-0.01,60,36120,卖盘
701,10:12:00,6.03,0.01,30,18090,买盘
702,10:12:03,6.03,0.0,1,603,买盘
703,10:12:12,6.02,-0.01,27,16254,卖盘
704,10:12:18,6.02,0.0,7,4214,卖盘
705,10:12:21,6.02,0.0,5,3010,卖盘
706,10:12:24,6.02,0.0,5,3010,卖盘
707,10:12:27,6.03,0.01,4,2412,买盘
708,10:12:33,6.03,0.0,10,6030,买盘
709,10:12:40,6.03,0.0,29,17478,买盘
710,10:12:42,6.03,0.0,279,168009,买盘
711,10:12:48,6.03,0.0,10,6030,卖盘
712,10:12:51,6.03,0.0,5,3015,卖盘
713,10:12:54,6.03,0.0,5,3015,卖盘
714,10:12:57,6.03,0.0,17,10251,卖盘
715,10:13:00,6.04,0.01,3,1812,买盘
716,10:13:03,6.03,-0.01,3,1809,卖盘
717,10:13:09,6.03,0.0,8,4824,卖盘
718,10:13:18,6.03,0.0,7,4221,卖盘
719,10:13:27,6.04,0.01,10,6040,买盘
720,10:13:30,6.04,0.0,1,604,买盘
721,10:13:33,6.04,0.0,24,14496,买盘
722,10:13:39,6.03,-0.01,25,15094,卖盘
723,10:13:42,6.03,0.0,3,1809,卖盘
724,10:13:45,6.04,0.01,26,15704,买盘
725,10:13:48,6.04,0.0,68,41072,买盘
726,10:13:51,6.04,0.0,6,3624,卖盘
727,10:13:57,6.04,0.0,34,20536,卖盘
728,10:14:00,6.04,0.0,1,604,卖盘
729,10:14:03,6.05,0.01,57,34472,买盘
730,10:14:06,6.04,-0.01,16,9664,卖盘
731,10:14:09,6.04,0.0,1,604,买盘
732,10:14:18,6.04,0.0,31,18724,卖盘
733,10:14:21,6.03,-0.01,2,1206,卖盘
734,10:14:24,6.03,0.0,8,4827,卖盘
735,10:14:39,6.03,0.0,8,4824,卖盘
736,10:14:42,6.03,0.0,1,603,卖盘
737,10:14:46,6.03,0.0,58,35009,卖盘
738,10:14:48,6.03,0.0,2,1206,卖盘
739,10:14:54,6.04,0.01,34,20536,买盘
740,10:14:57,6.04,0.0,17,10268,买盘
741,10:15:00,6.04,0.0,5,3020,买盘
742,10:15:03,6.04,0.0,6,3624,买盘
743,10:15:10,6.03,-0.01,9,5427,卖盘
744,10:15:12,6.03,0.0,25,15075,卖盘
745,10:15:18,6.04,0.01,40,24150,买盘
746,10:15:24,6.04,0.0,54,32615,买盘
747,10:15:40,6.04,0.0,5,3020,卖盘
748,10:15:49,6.05,0.01,28,16935,买盘
749,10:15:54,6.05,0.0,25,15125,卖盘
750,10:15:57,6.05,0.0,5,3025,卖盘
751,10:16:06,6.05,0.0,10,6050,卖盘
752,10:16:09,6.05,0.0,3,1815,卖盘
753,10:16:12,6.06,0.01,10,6060,买盘
754,10:16:21,6.05,-0.01,2,1210,卖盘
755,10:16:30,6.05,0.0,7,4235,卖盘
756,10:16:37,6.05,0.0,3,1815,卖盘
757,10:16:42,6.05,0.0,18,10890,卖盘
758,10:16:48,6.05,0.0,8,4840,买盘
759,10:16:51,6.04,-0.01,24,14496,卖盘
760,10:16:54,6.04,0.0,66,39864,卖盘
761,10:16:57,6.04,0.0,159,96036,卖盘
762,10:17:06,6.03,-0.01,38,22914,卖盘
763,10:17:12,6.03,0.0,377,227331,卖盘
764,10:17:21,6.03,0.0,87,52461,买盘
765,10:17:33,6.02,-0.01,4,2408,卖盘
766,10:17:36,6.03,0.01,9,5423,买盘
767,10:17:39,6.03,0.0,43,25929,买盘
768,10:17:42,6.02,-0.01,20,12040,卖盘
769,10:17:45,6.03,0.01,31,18693,买盘
770,10:17:48,6.03,0.0,203,122409,买盘
771,10:17:51,6.03,0.0,6,3618,买盘
772,10:17:55,6.03,0.0,31,18703,卖盘
773,10:17:57,6.03,0.0,81,48843,买盘
774,10:18:00,6.03,0.0,2,1206,买盘
775,10:18:04,6.03,0.0,57,34371,卖盘
776,10:18:06,6.03,0.0,20,12060,买盘
777,10:18:09,6.03,0.0,5,3015,买盘
778,10:18:12,6.03,0.0,3,1809,买盘
779,10:18:15,6.03,0.0,7,4221,卖盘
780,10:18:27,6.04,0.01,4,2416,买盘
781,10:18:30,6.03,-0.01,108,65124,卖盘
782,10:18:33,6.02,-0.01,3,1806,卖盘
783,10:18:36,6.03,0.01,12,7236,买盘
784,10:18:39,6.03,0.0,16,9648,买盘
785,10:18:42,6.03,0.0,13,7839,卖盘
786,10:18:51,6.04,0.01,4,2416,买盘
787,10:19:04,6.03,-0.01,1,603,卖盘
788,10:19:12,6.03,0.0,25,15088,卖盘
789,10:19:15,6.03,0.0,13,7839,卖盘
790,10:19:18,6.03,0.0,5,3015,卖盘
791,10:19:24,6.04,0.01,23,13892,买盘
792,10:19:27,6.04,0.0,337,203827,买盘
793,10:19:30,6.03,-0.01,9,5427,卖盘
794,10:19:36,6.04,0.01,25,15083,买盘
795,10:19:39,6.03,-0.01,5,3015,卖盘
796,10:19:42,6.04,0.01,5,3020,买盘
797,10:19:45,6.04,0.0,1,604,卖盘
798,10:19:54,6.04,0.0,2,1208,卖盘
799,10:19:57,6.04,0.0,68,41072,卖盘
800,10:20:03,6.03,-0.01,18,10854,卖盘
801,10:20:12,6.03,0.0,3,1809,卖盘
802,10:20:27,6.04,0.01,160,96490,买盘
803,10:20:30,6.03,-0.01,17,10251,卖盘
804,10:20:33,6.03,0.0,24,14472,买盘
805,10:20:42,6.03,0.0,15,9040,买盘
806,10:20:51,6.02,-0.01,30,18060,卖盘
807,10:20:54,6.02,0.0,62,37344,卖盘
808,10:20:57,6.02,0.0,5,3010,卖盘
809,10:21:06,6.02,0.0,2,1204,卖盘
810,10:21:12,6.02,0.0,67,40336,卖盘
811,10:21:18,6.02,0.0,57,34314,卖盘
812,10:21:21,6.03,0.01,20,12060,买盘
813,10:21:24,6.02,-0.01,111,66822,卖盘
814,10:21:36,6.02,0.0,8,4816,卖盘
815,10:21:54,6.02,0.0,221,133042,卖盘
816,10:21:57,6.02,0.0,15,9030,卖盘
817,10:22:04,6.02,0.0,23,13846,卖盘
818,10:22:06,6.02,0.0,16,9632,卖盘
819,10:22:09,6.02,0.0,296,178192,卖盘
820,10:22:15,6.02,0.0,60,36120,买盘
821,10:22:24,6.01,-0.01,52,31303,卖盘
822,10:22:36,6.01,0.0,29,17429,卖盘
823,10:22:39,6.02,0.01,29,17458,买盘
824,10:22:43,6.01,-0.01,174,104574,卖盘
825,10:22:46,6.01,0.0,344,206744,卖盘
826,10:22:48,6.01,0.0,65,39065,卖盘
827,10:22:51,6.02,0.01,8,4816,买盘
828,10:22:54,6.01,-0.01,419,251819,卖盘
829,10:22:57,6.01,0.0,17,10217,中性盘
830,10:23:00,6.01,0.0,2,1202,卖盘
831,10:23:03,6.02,0.01,50,30100,买盘
832,10:23:06,6.01,-0.01,35,21035,卖盘
833,10:23:15,6.02,0.01,8,4816,买盘
834,10:23:18,6.02,0.0,80,48160,买盘
835,10:23:21,6.01,-0.01,26,15647,卖盘
836,10:23:24,6.02,0.01,14,8423,买盘
837,10:23:27,6.02,0.0,35,21070,买盘
838,10:23:33,6.02,0.0,69,41538,买盘
839,10:23:36,6.01,-0.01,5,3005,卖盘
840,10:23:39,6.02,0.01,38,22876,买盘
841,10:23:42,6.02,0.0,12,7224,买盘
842,10:23:48,6.02,0.0,61,36722,卖盘
843,10:23:51,6.02,0.0,7,4214,卖盘
844,10:23:54,6.02,0.0,90,54180,卖盘
845,10:23:57,6.02,0.0,47,28294,卖盘
846,10:24:01,6.03,0.01,71,42813,买盘
847,10:24:04,6.03,0.0,17,10251,卖盘
848,10:24:06,6.03,0.0,9,5427,卖盘
849,10:24:09,6.04,0.01,5,3020,买盘
850,10:24:15,6.03,-0.01,3,1809,卖盘
851,10:24:18,6.04,0.01,153,92408,买盘
852,10:24:30,6.04,0.0,11,6644,买盘
853,10:24:33,6.04,0.0,23,13892,卖盘
854,10:24:39,6.04,0.0,5,3020,买盘
855,10:24:42,6.04,0.0,7,4228,卖盘
856,10:24:54,6.04,0.0,24,14496,卖盘
857,10:25:00,6.04,0.0,19,11476,买盘
858,10:25:06,6.03,-0.01,2,1207,卖盘
859,10:25:18,6.04,0.01,2,1208,买盘
860,10:25:30,6.04,0.0,5,3020,买盘
861,10:25:33,6.03,-0.01,1,603,卖盘
862,10:25:36,6.03,0.0,3,1809,卖盘
863,10:25:39,6.04,0.01,59,35636,买盘
864,10:25:42,6.04,0.0,2,1208,卖盘
865,10:25:45,6.04,0.0,9,5436,卖盘
866,10:25:48,6.04,0.0,3,1812,卖盘
867,10:25:57,6.04,0.0,24,14496,买盘
868,10:26:06,6.03,-0.01,1,603,卖盘
869,10:26:09,6.04,0.01,6,3624,买盘
870,10:26:21,6.04,0.0,53,32005,买盘
871,10:26:27,6.04,0.0,58,35032,卖盘
872,10:26:37,6.03,-0.01,1,603,卖盘
873,10:26:39,6.03,0.0,70,42210,卖盘
874,10:26:45,6.03,0.0,5,3015,卖盘
875,10:26:54,6.03,0.0,49,29547,卖盘
876,10:26:57,6.04,0.01,2,1208,买盘
877,10:27:06,6.03,-0.01,1,603,卖盘
878,10:27:12,6.03,0.0,1,603,卖盘
879,10:27:30,6.04,0.01,9,5436,买盘
880,10:27:36,6.03,-0.01,1,603,卖盘
881,10:27:42,6.04,0.01,120,72480,买盘
882,10:27:55,6.04,0.0,6,3624,卖盘
883,10:28:04,6.04,0.0,12,7248,卖盘
884,10:28:06,6.04,0.0,65,39320,卖盘
885,10:28:09,6.04,0.0,2,1208,卖盘
886,10:28:15,6.04,0.0,5,3020,卖盘
887,10:28:24,6.05,0.01,166,100430,买盘
888,10:28:36,6.04,-0.01,8,4833,卖盘
889,10:29:03,6.04,0.0,12,7248,卖盘
890,10:29:06,6.04,0.0,3,1812,卖盘
891,10:29:24,6.05,0.01,106,64130,买盘
892,10:29:27,6.04,-0.01,37,22353,卖盘
893,10:29:30,6.04,0.0,1,604,卖盘
894,10:29:36,6.04,0.0,5,3020,卖盘
895,10:29:54,6.05,0.01,10,6050,买盘
896,10:29:57,6.05,0.0,3,1815,买盘
897,10:30:04,6.05,0.0,11,6655,卖盘
898,10:30:06,6.05,0.0,65,39325,卖盘
899,10:30:18,6.03,-0.02,53,31983,卖盘
900,10:30:27,6.03,0.0,11,6633,卖盘
901,10:30:33,6.03,0.0,10,6030,卖盘
902,10:30:36,6.03,0.0,86,51858,卖盘
903,10:30:39,6.03,0.0,49,29547,卖盘
904,10:30:42,6.02,-0.01,85,51170,卖盘
905,10:30:45,6.02,0.0,1,602,卖盘
906,10:30:48,6.03,0.01,10,6030,买盘
907,10:30:51,6.02,-0.01,33,19866,卖盘
908,10:30:54,6.02,0.0,17,10234,卖盘
909,10:31:00,6.02,0.0,13,7826,卖盘
910,10:31:06,6.02,0.0,14,8431,卖盘
911,10:31:12,6.03,0.01,116,69935,买盘
912,10:31:15,6.03,0.0,18,10854,卖盘
913,10:31:21,6.03,0.0,25,15075,卖盘
914,10:31:36,6.02,-0.01,10,6020,卖盘
915,10:31:46,6.03,0.01,10,6030,买盘
916,10:31:48,6.03,0.0,3,1809,买盘
917,10:31:51,6.02,-0.01,25,15070,卖盘
918,10:32:06,6.03,0.01,112,67524,买盘
919,10:32:09,6.03,0.0,9,5427,买盘
920,10:32:12,6.02,-0.01,307,184814,卖盘
921,10:32:16,6.02,0.0,38,22876,卖盘
922,10:32:19,6.03,0.01,60,36122,买盘
923,10:32:22,6.02,-0.01,40,24080,卖盘
924,10:32:24,6.02,0.0,5,3010,卖盘
925,10:32:30,6.02,0.0,32,19264,卖盘
926,10:32:36,6.01,-0.01,4,2404,卖盘
927,10:32:42,6.01,0.0,19,11419,卖盘
928,10:32:45,6.01,0.0,125,75175,卖盘
929,10:32:51,6.01,0.0,5,3005,卖盘
930,10:32:54,6.02,0.01,51,30702,买盘
931,10:33:04,6.02,0.0,41,24682,卖盘
932,10:33:06,6.02,0.0,8,4816,卖盘
933,10:33:09,6.02,0.0,9,5418,卖盘
934,10:33:13,6.02,0.0,4,2408,买盘
935,10:33:18,6.02,0.0,2,1204,买盘
936,10:33:21,6.02,0.0,7,4214,卖盘
937,10:33:33,6.02,0.0,3,1806,买盘
938,10:33:36,6.02,0.0,44,26451,中性盘
939,10:33:39,6.02,0.0,7,4214,卖盘
940,10:33:42,6.01,-0.01,200,120368,卖盘
941,10:33:48,6.03,0.02,20,12060,买盘
942,10:33:52,6.01,-0.02,7,4210,卖盘
943,10:33:57,6.01,0.0,152,91453,卖盘
944,10:34:06,6.01,0.0,1,601,卖盘
945,10:34:09,6.02,0.01,11,6622,买盘
946,10:34:12,6.02,0.0,88,52976,买盘
947,10:34:18,6.02,0.0,2,1204,卖盘
948,10:34:21,6.02,0.0,15,9030,卖盘
949,10:34:24,6.02,0.0,1,602,卖盘
950,10:34:27,6.02,0.0,17,10234,卖盘
951,10:34:36,6.02,0.0,14,8428,卖盘
952,10:34:51,6.02,0.0,7,4214,卖盘
953,10:34:54,6.02,0.0,7,4214,卖盘
954,10:35:00,6.03,0.01,20,12060,买盘
955,10:35:04,5.98,-0.05,3209,1924887,卖盘
956,10:35:21,5.99,0.01,33,19767,卖盘
957,10:35:27,6.0,0.01,16,9594,买盘
958,10:35:30,5.99,-0.01,233,139419,卖盘
959,10:35:33,5.99,0.0,80,47920,买盘
960,10:35:36,5.98,-0.01,15,8970,卖盘
961,10:35:39,5.98,0.0,407,243404,卖盘
962,10:35:42,5.99,0.01,157,93966,买盘
963,10:35:48,5.98,-0.01,30,17940,卖盘
964,10:35:51,5.99,0.01,30,17970,买盘
965,10:35:55,5.97,-0.02,394,235606,卖盘
966,10:35:57,5.98,0.01,34,20332,买盘
967,10:36:00,5.98,0.0,59,35282,买盘
968,10:36:04,5.97,-0.01,44,26310,卖盘
969,10:36:06,5.98,0.01,23,13742,买盘
970,10:36:09,5.98,0.0,5,2990,买盘
971,10:36:12,5.98,0.0,21,12558,买盘
972,10:36:15,5.97,-0.01,351,209562,卖盘
973,10:36:19,5.98,0.01,17,10166,买盘
974,10:36:21,5.99,0.01,44,26356,买盘
975,10:36:25,5.99,0.0,97,58103,买盘
976,10:36:30,5.99,0.0,53,31700,中性盘
977,10:36:36,5.99,0.0,35,20965,卖盘
978,10:36:39,5.99,0.0,10,5990,买盘
979,10:36:42,5.99,0.0,79,47321,买盘
980,10:36:48,6.0,0.01,30,18000,买盘
981,10:37:00,6.0,0.0,3,1800,买盘
982,10:37:04,5.99,-0.01,82,49192,卖盘
983,10:37:06,6.0,0.01,25,15000,买盘
984,10:37:09,6.0,0.0,77,46199,卖盘
985,10:37:12,5.99,-0.01,5,2995,卖盘
986,10:37:19,6.0,0.01,15,9000,买盘
987,10:37:21,5.99,-0.01,236,141515,卖盘
988,10:37:33,5.99,0.0,70,41930,卖盘
989,10:37:36,5.99,0.0,65,38935,卖盘
990,10:37:39,5.99,0.0,20,11980,买盘
991,10:37:45,5.99,0.0,1,599,买盘
992,10:37:48,5.99,0.0,156,93444,买盘
993,10:37:57,6.0,0.01,54,32400,买盘
994,10:38:00,5.99,-0.01,100,59900,卖盘
995,10:38:04,6.0,0.01,18,10800,买盘
996,10:38:06,6.0,0.0,19,11400,卖盘
997,10:38:09,6.0,0.0,34,20400,卖盘
998,10:38:12,5.99,-0.01,72,43194,卖盘
999,10:38:15,6.0,0.01,14,8400,买盘
1000,10:38:18,6.0,0.0,7,4200,卖盘
1001,10:38:30,6.0,0.0,1,600,卖盘
1002,10:38:33,6.01,0.01,11,6610,买盘
1003,10:38:36,6.0,-0.01,7,4200,卖盘
1004,10:38:42,6.0,0.0,10,6000,买盘
1005,10:38:45,6.0,0.0,56,33600,买盘
1006,10:38:57,6.0,0.0,11,6600,卖盘
1007,10:39:04,6.0,0.0,12,7200,卖盘
1008,10:39:06,6.0,0.0,14,8400,卖盘
1009,10:39:09,6.0,0.0,13,7800,卖盘
1010,10:39:12,5.99,-0.01,90,53910,卖盘
1011,10:39:15,6.0,0.01,6,3600,买盘
1012,10:39:21,6.0,0.0,10,6000,买盘
1013,10:39:33,6.0,0.0,50,30000,买盘
1014,10:39:36,5.99,-0.01,8,4792,卖盘
1015,10:39:42,6.0,0.01,4,2400,买盘
1016,10:39:48,6.0,0.0,42,25200,买盘
1017,10:39:57,6.0,0.0,5,3000,卖盘
1018,10:40:00,6.0,0.0,3,1800,卖盘
1019,10:40:04,6.0,0.0,11,6600,卖盘
1020,10:40:06,6.0,0.0,13,7800,卖盘
1021,10:40:09,6.0,0.0,21,12600,卖盘
1022,10:40:12,6.0,0.0,66,39567,买盘
1023,10:40:27,6.0,0.0,4,2400,买盘
1024,10:40:36,5.99,-0.01,5,2995,卖盘
1025,10:40:48,6.0,0.01,139,83399,买盘
1026,10:40:52,5.99,-0.01,25,14981,卖盘
1027,10:41:03,5.99,0.0,12,7190,卖盘
1028,10:41:06,5.99,0.0,8,4792,卖盘
1029,10:41:09,5.99,0.0,20,11980,卖盘
1030,10:41:15,6.0,0.01,2,1200,买盘
1031,10:41:18,6.0,0.0,20,12000,卖盘
1032,10:41:30,6.0,0.0,16,9590,买盘
1033,10:41:36,5.99,-0.01,6,3594,卖盘
1034,10:41:42,6.0,0.01,17,10200,买盘
1035,10:41:49,6.0,0.0,10,6000,买盘
1036,10:41:54,6.0,0.0,10,6000,买盘
1037,10:41:57,6.0,0.0,6,3600,买盘
1038,10:42:04,5.99,-0.01,7,4193,卖盘
1039,10:42:06,5.99,0.0,3,1797,卖盘
1040,10:42:09,5.99,0.0,4,2396,卖盘
1041,10:42:12,6.0,0.01,10,6000,买盘
1042,10:42:18,6.0,0.0,22,13200,买盘
1043,10:42:21,6.0,0.0,3,1800,买盘
1044,10:42:36,5.99,-0.01,4,2396,卖盘
1045,10:42:39,5.99,0.0,4,2396,卖盘
1046,10:42:42,6.0,0.01,33,19800,买盘
1047,10:42:48,6.0,0.0,17,10200,买盘
1048,10:42:54,6.0,0.0,100,60000,买盘
1049,10:43:00,6.0,0.0,6,3600,买盘
1050,10:43:04,6.0,0.0,3,1800,买盘
1051,10:43:06,5.99,-0.01,2,1198,卖盘
1052,10:43:09,5.99,0.0,4,2396,卖盘
1053,10:43:12,5.99,0.0,3,1797,卖盘
1054,10:43:21,5.99,0.0,16,9584,卖盘
1055,10:43:27,5.99,0.0,8,4792,卖盘
1056,10:43:33,6.0,0.01,10,6000,买盘
1057,10:43:36,5.99,-0.01,16,9584,卖盘
1058,10:43:51,6.0,0.01,5,3000,买盘
1059,10:43:54,5.99,-0.01,17,10193,卖盘
1060,10:44:15,6.0,0.01,17,10200,买盘
1061,10:44:18,5.99,-0.01,26,15574,卖盘
1062,10:44:21,5.99,0.0,1,599,卖盘
1063,10:44:27,6.0,0.01,130,78000,买盘
1064,10:44:33,6.0,0.0,56,33600,卖盘
1065,10:44:39,5.99,-0.01,19,11381,卖盘
1066,10:44:43,6.0,0.01,30,17993,买盘
1067,10:44:45,6.0,0.0,22,13186,买盘
1068,10:44:54,6.0,0.0,12,7200,卖盘
1069,10:45:01,6.0,0.0,30,18000,卖盘
1070,10:45:04,6.0,0.0,5,3000,卖盘
1071,10:45:06,6.0,0.0,2,1200,卖盘
1072,10:45:15,6.01,0.01,17,10217,买盘
1073,10:45:21,6.01,0.0,10,6010,买盘
1074,10:45:24,6.0,-0.01,30,18000,卖盘
1075,10:45:27,6.01,0.01,52,31252,买盘
1076,10:45:30,6.01,0.0,7,4207,卖盘
1077,10:45:33,6.01,0.0,58,34858,卖盘
1078,10:45:36,6.01,0.0,10,6010,卖盘
1079,10:45:42,6.02,0.01,10,6020,买盘
1080,10:45:48,6.01,-0.01,40,24040,卖盘
1081,10:45:51,6.02,0.01,4,2408,买盘
1082,10:46:06,6.01,-0.01,7,4207,卖盘
1083,10:46:18,6.02,0.01,13,7826,买盘
1084,10:46:21,6.01,-0.01,61,36669,卖盘
1085,10:46:36,6.01,0.0,1,601,卖盘
1086,10:46:39,6.02,0.01,20,12040,买盘
1087,10:46:48,6.02,0.0,9,5418,买盘
1088,10:46:57,6.02,0.0,13,7826,买盘
1089,10:47:00,6.02,0.0,10,6020,买盘
1090,10:47:04,6.02,0.0,10,6020,买盘
1091,10:47:06,6.02,0.0,7,4214,买盘
1092,10:47:10,6.01,-0.01,2,1202,卖盘
1093,10:47:18,6.01,0.0,171,102771,卖盘
1094,10:47:21,6.01,0.0,21,12621,买盘
1095,10:47:24,6.0,-0.01,157,94200,卖盘
1096,10:47:36,6.0,0.0,2,1200,卖盘
1097,10:47:39,6.0,0.0,14,8400,卖盘
1098,10:47:42,6.01,0.01,20,12020,买盘
1099,10:48:04,6.01,0.0,50,30050,买盘
1100,10:48:06,6.0,-0.01,10,6000,卖盘
1101,10:48:15,6.0,0.0,10,6000,卖盘
1102,10:48:18,6.0,0.0,2,1200,卖盘
1103,10:48:21,6.01,0.01,20,12020,买盘
1104,10:48:37,6.0,-0.01,3,1800,卖盘
1105,10:48:40,6.0,0.0,2,1200,卖盘
1106,10:48:51,6.0,0.0,21,12610,卖盘
1107,10:48:54,6.01,0.01,22,13222,买盘
1108,10:49:06,6.0,-0.01,7,4200,卖盘
1109,10:49:09,6.0,0.0,1,600,卖盘
1110,10:49:21,6.01,0.01,21,12621,买盘
1111,10:49:24,6.01,0.0,208,124808,买盘
1112,10:49:27,6.01,0.0,58,34851,买盘
1113,10:49:33,6.01,0.0,30,18030,买盘
1114,10:49:36,6.01,0.0,46,27646,买盘
1115,10:49:39,6.0,-0.01,1,600,卖盘
1116,10:49:57,6.02,0.02,5,3010,买盘
1117,10:50:09,6.01,-0.01,79,47479,卖盘
1118,10:50:15,6.01,0.0,16,9616,买盘
1119,10:50:21,6.01,0.0,30,18030,买盘
1120,10:50:27,6.01,0.0,50,30050,买盘
1121,10:50:30,6.0,-0.01,5,3000,卖盘
1122,10:50:33,6.01,0.01,117,70217,买盘
1123,10:50:36,6.01,0.0,45,27045,买盘
1124,10:50:39,6.0,-0.01,8,4800,卖盘
1125,10:50:45,6.01,0.01,23,13816,买盘
1126,10:50:51,6.01,0.0,5,3005,买盘
1127,10:51:01,6.01,0.0,6,3606,买盘
1128,10:51:04,6.01,0.0,30,18030,买盘
1129,10:51:07,6.01,0.0,35,21035,买盘
1130,10:51:09,6.01,0.0,1,601,卖盘
1131,10:51:24,6.01,0.0,4,2404,卖盘
1132,10:51:27,6.02,0.01,25,15050,买盘
1133,10:51:36,6.02,0.0,40,24080,买盘
1134,10:51:39,6.02,0.0,8,4816,卖盘
1135,10:51:42,6.02,0.0,2,1204,卖盘
1136,10:51:48,6.02,0.0,87,52385,卖盘
1137,10:51:51,6.02,0.0,10,6020,买盘
1138,10:51:54,6.02,0.0,55,33110,买盘
1139,10:52:06,6.02,0.0,60,36120,买盘
1140,10:52:09,6.01,-0.01,11,6611,卖盘
1141,10:52:33,6.01,0.0,12,7212,卖盘
1142,10:52:39,6.02,0.01,13,7822,买盘
1143,10:52:42,6.01,-0.01,10,6010,卖盘
1144,10:52:48,6.02,0.01,5,3010,买盘
1145,10:52:54,6.02,0.0,50,30100,买盘
1146,10:53:00,6.02,0.0,5,3010,买盘
1147,10:53:03,6.02,0.0,94,56588,买盘
1148,10:53:09,6.02,0.0,1,602,卖盘
1149,10:53:21,6.02,0.0,5,3010,卖盘
1150,10:53:33,6.02,0.0,5,3010,卖盘
1151,10:53:36,6.02,0.0,6,3612,卖盘
1152,10:53:39,6.02,0.0,1,602,卖盘
1153,10:53:54,6.02,0.0,119,71638,卖盘
1154,10:54:12,6.02,0.0,1,602,买盘
1155,10:54:18,6.02,0.0,3,1806,买盘
1156,10:54:24,6.02,0.0,218,131236,买盘
1157,10:54:27,6.02,0.0,20,12040,买盘
1158,10:54:36,6.02,0.0,8,4816,买盘
1159,10:54:39,6.01,-0.01,3,1803,卖盘
1160,10:54:42,6.02,0.01,40,24080,买盘
1161,10:54:45,6.01,-0.01,370,222370,卖盘
1162,10:54:54,6.01,0.0,36,21636,买盘
1163,10:54:58,6.01,0.0,6,3606,买盘
1164,10:55:00,6.01,0.0,12,7212,卖盘
1165,10:55:04,6.01,0.0,29,17429,卖盘
1166,10:55:09,6.0,-0.01,1,600,卖盘
1167,10:55:15,6.01,0.01,4,2404,买盘
1168,10:55:24,6.0,-0.01,40,24000,卖盘
1169,10:55:30,6.01,0.01,145,87140,买盘
1170,10:55:33,6.01,0.0,63,37863,买盘
1171,10:55:39,6.01,0.0,10,6010,买盘
1172,10:55:45,6.0,-0.01,151,90616,卖盘
1173,10:56:00,6.0,0.0,60,36055,卖盘
1174,10:56:04,6.01,0.01,18,10818,买盘
1175,10:56:06,6.01,0.0,50,30050,卖盘
1176,10:56:09,6.01,0.0,4,2404,卖盘
1177,10:56:18,6.01,0.0,3,1803,卖盘
1178,10:56:24,6.01,0.0,1,601,卖盘
1179,10:56:37,6.0,-0.01,8,4800,卖盘
1180,10:56:39,6.0,0.0,27,16200,卖盘
1181,10:57:04,6.0,0.0,12,7200,卖盘
1182,10:57:07,6.01,0.01,6,3606,买盘
1183,10:57:09,6.0,-0.01,4,2400,卖盘
1184,10:57:15,6.01,0.01,30,18030,买盘
1185,10:57:18,6.01,0.0,58,34858,买盘
1186,10:57:39,6.0,-0.01,3,1800,卖盘
1187,10:58:00,6.01,0.01,5,3005,买盘
1188,10:58:09,6.0,-0.01,1,600,卖盘
1189,10:58:15,6.0,0.0,47,28237,卖盘
1190,10:58:18,6.01,0.01,1,601,买盘
1191,10:58:39,6.0,-0.01,7,4200,卖盘
1192,10:58:42,6.01,0.01,20,12020,买盘
1193,10:59:04,6.0,-0.01,12,7200,卖盘
1194,10:59:09,6.0,0.0,3,1800,卖盘
1195,10:59:28,6.0,0.0,2,1200,卖盘
1196,10:59:30,6.0,0.0,30,18000,卖盘
1197,10:59:39,6.0,0.0,36,21628,卖盘
1198,10:59:51,6.0,0.0,4,2402,卖盘
1199,10:59:54,6.0,0.0,1,600,卖盘
1200,10:59:57,6.0,0.0,1003,601800,卖盘
1201,11:00:09,5.99,-0.01,23,13777,卖盘
1202,11:00:15,5.99,0.0,541,324059,卖盘
1203,11:00:18,5.99,0.0,10,5990,买盘
1204,11:00:21,5.98,-0.01,38,22724,卖盘
1205,11:00:24,5.98,0.0,53,31694,卖盘
1206,11:00:27,5.98,0.0,20,11960,卖盘
1207,11:00:30,5.98,0.0,8,4789,卖盘
1208,11:00:33,5.99,0.01,40,23960,买盘
1209,11:00:36,5.99,0.0,6,3594,买盘
1210,11:00:39,5.98,-0.01,105,62790,卖盘
1211,11:00:42,5.98,0.0,44,26312,卖盘
1212,11:00:45,5.98,0.0,119,71162,卖盘
1213,11:00:48,5.98,0.0,6,3588,卖盘
1214,11:00:51,5.99,0.01,69,41331,买盘
1215,11:01:00,5.99,0.0,1,599,买盘
1216,11:01:13,5.98,-0.01,111,66378,卖盘
1217,11:01:27,5.99,0.01,27,16166,买盘
1218,11:01:33,5.98,-0.01,277,165679,卖盘
1219,11:01:37,5.98,0.0,50,29900,买盘
1220,11:01:40,5.98,0.0,21,12558,买盘
1221,11:01:51,5.98,0.0,50,29900,卖盘
1222,11:01:54,5.98,0.0,44,26312,卖盘
1223,11:02:00,5.98,0.0,22,13156,买盘
1224,11:02:09,5.97,-0.01,4,2388,卖盘
1225,11:02:12,5.97,0.0,142,84789,卖盘
1226,11:02:15,5.97,0.0,10,5970,卖盘
1227,11:02:18,5.97,0.0,50,29850,卖盘
1228,11:02:21,5.97,0.0,50,29850,卖盘
1229,11:02:24,5.97,0.0,26,15522,卖盘
1230,11:02:27,5.98,0.01,9,5382,买盘
1231,11:02:33,5.98,0.0,30,17940,买盘
1232,11:02:36,5.97,-0.01,7,4179,卖盘
1233,11:02:45,5.98,0.01,23,13754,买盘
1234,11:02:48,5.98,0.0,5,2990,卖盘
1235,11:02:54,5.97,-0.01,50,29861,卖盘
1236,11:03:06,5.97,0.0,1,597,卖盘
1237,11:03:15,5.98,0.01,32,19122,买盘
1238,11:03:21,5.98,0.0,1,598,买盘
1239,11:03:27,5.98,0.0,50,29900,买盘
1240,11:03:37,5.97,-0.01,1,597,卖盘
1241,11:03:39,5.97,0.0,19,11353,卖盘
1242,11:03:42,5.98,0.01,27,16146,买盘
1243,11:03:48,5.97,-0.01,149,89004,卖盘
1244,11:03:51,5.97,0.0,18,10746,卖盘
1245,11:03:54,5.98,0.01,8,4784,中性盘
1246,11:03:57,5.98,0.0,1,598,买盘
1247,11:04:06,5.98,0.0,13,7774,卖盘
1248,11:04:09,5.97,-0.01,1,597,卖盘
1249,11:04:15,5.97,0.0,302,180294,卖盘
1250,11:04:21,5.98,0.01,1,598,买盘
1251,11:04:30,5.97,-0.01,15,8957,卖盘
1252,11:04:39,5.97,0.0,1,597,卖盘
1253,11:04:57,5.97,0.0,13,7761,卖盘
1254,11:05:03,5.98,0.01,32,19117,买盘
1255,11:05:09,5.98,0.0,12,7173,买盘
1256,11:05:25,5.98,0.0,180,107640,买盘
1257,11:05:39,5.98,0.0,4,2392,卖盘
1258,11:05:42,5.98,0.0,90,53820,卖盘
1259,11:05:51,5.98,0.0,145,86710,卖盘
1260,11:05:57,5.98,0.0,98,58604,卖盘
1261,11:06:00,5.97,-0.01,7,4179,卖盘
1262,11:06:06,5.98,0.01,4,2392,买盘
1263,11:06:09,5.98,0.0,6,3588,卖盘
1264,11:06:18,5.98,0.0,66,39468,卖盘
1265,11:06:21,5.99,0.01,3,1797,买盘
1266,11:06:27,5.98,-0.01,6,3588,卖盘
1267,11:06:30,5.98,0.0,50,29900,卖盘
1268,11:06:33,5.98,0.0,13,7780,卖盘
1269,11:06:39,5.98,0.0,72,43056,卖盘
1270,11:06:57,5.98,0.0,2,1196,卖盘
1271,11:07:00,5.98,0.0,348,208104,卖盘
1272,11:07:03,5.97,-0.01,30,17910,卖盘
1273,11:07:06,5.98,0.01,10,5980,买盘
1274,11:07:09,5.97,-0.01,31,18507,卖盘
1275,11:07:18,5.97,0.0,56,33432,卖盘
1276,11:07:21,5.97,0.0,19,11343,卖盘
1277,11:07:27,5.97,0.0,7,4179,卖盘
1278,11:07:30,5.97,0.0,198,118208,卖盘
1279,11:07:33,5.97,0.0,79,47163,卖盘
1280,11:07:40,5.96,-0.01,51,30396,卖盘
1281,11:07:42,5.96,0.0,5,2980,卖盘
1282,11:07:45,5.96,0.0,28,16688,卖盘
1283,11:07:48,5.96,0.0,5,2980,卖盘
1284,11:07:51,5.96,0.0,9,5364,卖盘
1285,11:07:54,5.96,0.0,122,72712,卖盘
1286,11:07:57,5.96,0.0,1,596,卖盘
1287,11:08:04,5.96,0.0,290,172840,卖盘
1288,11:08:12,5.93,-0.03,1110,660022,卖盘
1289,11:08:15,5.93,0.0,110,65230,卖盘
1290,11:08:21,5.93,0.0,15,8895,卖盘
1291,11:08:24,5.94,0.01,12,7124,中性盘
1292,11:08:30,5.94,0.0,161,95634,卖盘
1293,11:08:33,5.94,0.0,3,1782,卖盘
1294,11:08:36,5.94,0.0,31,18414,卖盘
1295,11:08:39,5.94,0.0,11,6534,卖盘
1296,11:08:42,5.95,0.01,3,1785,买盘
1297,11:08:45,5.95,0.0,45,26755,买盘
1298,11:08:48,5.94,-0.01,10,5945,卖盘
1299,11:08:54,5.95,0.01,29,17237,买盘
1300,11:08:57,5.94,-0.01,6,3567,卖盘
1301,11:09:04,5.95,0.01,21,12495,买盘
1302,11:09:06,5.96,0.01,16,9532,买盘
1303,11:09:09,5.96,0.0,13,7747,买盘
1304,11:09:12,5.96,0.0,17,10132,买盘
1305,11:09:15,5.95,-0.01,104,61884,卖盘
1306,11:09:18,5.96,0.01,50,29800,买盘
1307,11:09:21,5.96,0.0,60,35760,买盘
1308,11:09:24,5.95,-0.01,37,22045,卖盘
1309,11:09:27,5.95,0.0,17,10131,卖盘
1310,11:09:30,5.95,0.0,10,5958,卖盘
1311,11:09:33,5.96,0.01,8,4768,买盘
1312,11:09:36,5.96,0.0,8,4768,卖盘
1313,11:09:39,5.97,0.01,2,1193,买盘
1314,11:09:45,5.97,0.0,2,1194,买盘
1315,11:09:54,5.96,-0.01,10,5960,卖盘
1316,11:09:57,5.97,0.01,63,37598,买盘
1317,11:10:00,5.97,0.0,36,21472,买盘
1318,11:10:06,5.97,0.0,6,3582,买盘
1319,11:10:09,5.96,-0.01,102,60892,卖盘
1320,11:10:16,5.96,0.0,7,4172,卖盘
1321,11:10:21,5.97,0.01,109,65073,买盘
1322,11:10:33,5.96,-0.01,11,6556,卖盘
1323,11:10:39,5.96,0.0,1,596,卖盘
1324,11:10:42,5.97,0.01,3,1791,买盘
1325,11:10:45,5.97,0.0,21,12537,买盘
1326,11:10:48,5.97,0.0,1,597,买盘
1327,11:10:51,5.97,0.0,2,1194,买盘
1328,11:10:54,5.96,-0.01,48,28628,卖盘
1329,11:10:57,5.97,0.01,2,1194,卖盘
1330,11:11:09,5.97,0.0,4,2388,卖盘
1331,11:11:15,5.95,-0.02,443,263774,卖盘
1332,11:11:33,5.95,0.0,8,4760,卖盘
1333,11:11:36,5.96,0.01,14,8344,买盘
1334,11:11:39,5.96,0.0,8,4768,卖盘
1335,11:11:57,5.96,0.0,38,22648,卖盘
1336,11:12:00,5.96,0.0,16,9536,卖盘
1337,11:12:06,5.96,0.0,22,13112,卖盘
1338,11:12:09,5.97,0.01,20,11931,买盘
1339,11:12:27,5.97,0.0,12,7164,卖盘
1340,11:12:36,5.98,0.01,20,11960,买盘
1341,11:12:39,5.97,-0.01,12,7164,卖盘
1342,11:12:54,5.98,0.01,3,1794,买盘
1343,11:12:57,5.98,0.0,21,12547,买盘
1344,11:13:04,5.98,0.0,4,2392,买盘
1345,11:13:09,5.97,-0.01,14,8368,卖盘
1346,11:13:15,5.98,0.01,50,29900,买盘
1347,11:13:18,5.98,0.0,16,9568,买盘
1348,11:13:24,5.97,-0.01,7,4179,卖盘
1349,11:13:33,5.98,0.01,6,3588,买盘
1350,11:13:36,5.98,0.0,2,1196,买盘
1351,11:13:42,5.98,0.0,2,1195,买盘
1352,11:13:45,5.98,0.0,10,5973,买盘
1353,11:13:57,5.97,-0.01,17,10149,卖盘
1354,11:14:00,6.0,0.03,412,246890,买盘
1355,11:14:04,6.0,0.0,10,6000,卖盘
1356,11:14:06,6.0,0.0,44,26400,卖盘
1357,11:14:09,6.0,0.0,1037,622200,卖盘
1358,11:14:12,6.01,0.01,41,24638,买盘
1359,11:14:36,5.98,-0.03,5,2990,卖盘
1360,11:14:39,5.98,0.0,5,2990,卖盘
1361,11:14:45,5.98,0.0,38,22724,卖盘
1362,11:14:48,5.97,-0.01,20,11950,卖盘
1363,11:14:54,5.97,0.0,12,7164,卖盘
1364,11:14:58,5.98,0.01,20,11960,买盘
1365,11:15:12,5.97,-0.01,1,597,卖盘
1366,11:15:21,5.97,0.0,176,105072,卖盘
1367,11:15:34,5.96,-0.01,7,4172,卖盘
1368,11:15:39,5.97,0.01,74,44128,买盘
1369,11:15:42,5.96,-0.01,2,1192,卖盘
1370,11:15:54,5.97,0.01,10,5970,买盘
1371,11:15:57,5.96,-0.01,241,143636,卖盘
1372,11:16:06,5.97,0.01,11,6562,买盘
1373,11:16:09,5.97,0.0,48,28656,买盘
1374,11:16:33,5.97,0.0,34,20298,买盘
1375,11:16:39,5.97,0.0,7,4179,卖盘
1376,11:16:42,5.97,0.0,158,94326,卖盘
1377,11:16:51,5.98,0.01,3,1794,买盘
1378,11:17:12,5.97,-0.01,1,597,卖盘
1379,11:17:15,5.97,0.0,350,209000,卖盘
1380,11:17:18,5.97,0.0,10,5970,卖盘
1381,11:17:21,5.98,0.01,2,1196,买盘
1382,11:17:24,5.97,-0.01,12,7164,卖盘
1383,11:17:30,5.97,0.0,9,5373,买盘
1384,11:17:36,5.97,0.0,13,7761,卖盘
1385,11:18:00,5.98,0.01,66,39465,买盘
1386,11:18:03,5.98,0.0,3,1794,卖盘
1387,11:18:19,5.99,0.01,77,46123,买盘
1388,11:18:27,5.98,-0.01,1,598,卖盘
1389,11:18:30,5.98,0.0,1,598,买盘
1390,11:18:42,5.99,0.01,25,14975,买盘
1391,11:18:57,5.99,0.0,1,599,买盘
1392,11:19:15,5.99,0.0,3,1797,买盘
1393,11:19:27,5.99,0.0,12,7188,买盘
1394,11:19:42,5.98,-0.01,2,1196,卖盘
1395,11:19:49,5.99,0.01,3,1797,买盘
1396,11:19:54,5.99,0.0,2,1198,买盘
1397,11:20:00,5.98,-0.01,9,5382,卖盘
1398,11:20:12,5.97,-0.01,301,179814,卖盘
1399,11:20:21,5.98,0.01,16,9568,卖盘
1400,11:20:42,5.98,0.0,2,1196,卖盘
1401,11:20:45,5.98,0.0,2,1196,卖盘
1402,11:20:48,5.98,0.0,7,4186,卖盘
1403,11:20:54,5.98,0.0,7,4186,卖盘
1404,11:21:01,5.98,0.0,10,5980,卖盘
1405,11:21:06,5.98,0.0,7,4186,卖盘
1406,11:21:09,5.98,0.0,20,11960,卖盘
1407,11:21:24,5.99,0.01,6,3594,买盘
1408,11:21:39,5.98,-0.01,57,34086,卖盘
1409,11:21:51,5.99,0.01,18,10774,买盘
1410,11:22:00,5.99,0.0,50,29950,买盘
1411,11:22:09,5.99,0.0,39,23361,买盘
1412,11:22:12,5.98,-0.01,7,4186,卖盘
1413,11:22:15,5.99,0.01,31,18568,买盘
1414,11:22:24,5.98,-0.01,7,4186,卖盘
1415,11:22:27,5.98,0.0,12,7176,卖盘
1416,11:22:30,5.98,0.0,6,3588,卖盘
1417,11:22:33,5.99,0.01,57,34143,买盘
1418,11:22:36,5.99,0.0,3,1797,卖盘
1419,11:22:57,6.0,0.01,131,78600,买盘
1420,11:23:03,6.0,0.0,129,77300,买盘
1421,11:23:12,6.0,0.0,16,9600,买盘
1422,11:23:15,6.0,0.0,196,117598,买盘
1423,11:23:21,5.99,-0.01,1,599,卖盘
1424,11:23:24,6.0,0.01,5,3000,买盘
1425,11:23:27,6.0,0.0,81,48600,买盘
1426,11:23:36,6.0,0.0,10,6000,卖盘
1427,11:23:46,6.0,0.0,9,5400,卖盘
1428,11:23:57,6.0,0.0,5,3000,卖盘
1429,11:24:03,5.99,-0.01,37,22193,卖盘
1430,11:24:16,5.99,0.0,63,37737,卖盘
1431,11:24:30,5.98,-0.01,60,35880,卖盘
1432,11:24:39,5.99,0.01,149,89251,买盘
1433,11:24:45,5.99,0.0,2,1198,卖盘
1434,11:25:09,5.99,0.0,10,5990,买盘
1435,11:25:15,5.99,0.0,56,33537,买盘
1436,11:25:18,5.98,-0.01,7,4186,卖盘
1437,11:25:24,5.99,0.01,31,18569,买盘
1438,11:25:36,6.0,0.01,2,1200,买盘
1439,11:25:39,5.99,-0.01,1248,747553,卖盘
1440,11:25:57,5.99,0.0,6,3594,卖盘
1441,11:26:15,5.99,0.0,9,5386,买盘
1442,11:26:19,5.99,0.0,4,2396,卖盘
1443,11:26:33,5.99,0.0,36,21564,卖盘
1444,11:26:45,5.98,-0.01,23,13772,卖盘
1445,11:26:57,5.98,0.0,7,4186,卖盘
1446,11:27:00,5.99,0.01,50,29950,买盘
1447,11:27:15,5.98,-0.01,1,598,卖盘
1448,11:27:18,5.98,0.0,3,1794,卖盘
1449,11:27:33,5.98,0.0,14,8372,卖盘
1450,11:27:42,5.99,0.01,612,365988,买盘
1451,11:27:46,5.97,-0.02,38,22717,卖盘
1452,11:27:51,5.97,0.0,7,4179,卖盘
1453,11:28:00,5.97,0.0,44,26268,卖盘
1454,11:28:09,5.97,0.0,17,10149,卖盘
1455,11:28:12,5.98,0.01,28,16744,买盘
1456,11:28:18,5.98,0.0,78,46639,买盘
1457,11:28:30,5.98,0.0,3,1794,卖盘
1458,11:28:42,5.98,0.0,110,65780,卖盘
1459,11:28:45,5.97,-0.01,1,597,卖盘
1460,11:29:06,5.98,0.01,33,19734,买盘
1461,11:29:15,5.97,-0.01,37,22124,卖盘
1462,11:29:18,5.98,0.01,58,34684,买盘
1463,11:29:30,5.98,0.0,123,73554,买盘
1464,11:29:33,5.98,0.0,160,95680,买盘
1465,11:29:36,5.98,0.0,14,8372,买盘
1466,11:29:39,5.98,0.0,1,598,买盘
1467,11:29:45,5.97,-0.01,1,597,卖盘
1468,11:29:54,5.98,0.01,12,7176,买盘
1469,13:00:03,5.98,0.0,386,231007,买盘
1470,13:00:06,5.98,0.0,12,7176,卖盘
1471,13:00:15,5.98,0.0,4,2392,卖盘
1472,13:00:24,5.98,0.0,7,4186,卖盘
1473,13:00:27,5.98,0.0,8,4784,卖盘
1474,13:00:30,5.97,-0.01,310,185156,卖盘
1475,13:00:33,5.97,0.0,98,58506,卖盘
1476,13:00:39,5.97,0.0,9,5373,卖盘
1477,13:00:42,5.97,0.0,13,7761,卖盘
1478,13:00:45,5.97,0.0,2,1194,卖盘
1479,13:00:48,5.97,0.0,93,55521,卖盘
1480,13:00:51,5.98,0.01,68,40664,卖盘
1481,13:00:54,5.97,-0.01,55,32877,卖盘
1482,13:01:00,5.98,0.01,9,5382,买盘
1483,13:01:18,5.97,-0.01,4,2388,卖盘
1484,13:01:42,5.98,0.01,3,1794,买盘
1485,13:01:48,5.97,-0.01,1,597,卖盘
1486,13:02:18,5.97,0.0,7,4184,卖盘
1487,13:02:21,5.98,0.01,38,22724,买盘
1488,13:02:27,5.98,0.0,158,94484,卖盘
1489,13:02:36,5.98,0.0,32,19136,卖盘
1490,13:02:46,5.99,0.01,20,11980,买盘
1491,13:02:48,5.98,-0.01,1,598,卖盘
1492,13:03:03,5.98,0.0,14,8372,卖盘
1493,13:03:12,5.98,0.0,7,4186,卖盘
1494,13:03:18,5.98,0.0,9,5382,卖盘
1495,13:03:21,5.98,0.0,1,598,卖盘
1496,13:03:28,5.98,0.0,115,68770,卖盘
1497,13:03:30,5.98,0.0,5,2990,卖盘
1498,13:03:39,5.98,0.0,55,32890,卖盘
1499,13:03:42,5.98,0.0,4,2392,卖盘
1500,13:03:48,5.98,0.0,8,4784,卖盘
1501,13:03:52,5.98,0.0,10,5980,卖盘
1502,13:03:57,5.98,0.0,2,1196,卖盘
1503,13:04:03,5.98,0.0,38,22724,卖盘
1504,13:04:18,5.97,-0.01,1,597,卖盘
1505,13:04:36,5.97,0.0,200,119400,卖盘
1506,13:04:45,5.97,0.0,41,24477,卖盘
1507,13:04:48,5.97,0.0,4,2388,卖盘
1508,13:04:57,5.97,0.0,13,7761,卖盘
1509,13:05:05,5.98,0.01,5,2990,买盘
1510,13:05:18,5.97,-0.01,7,4179,卖盘
1511,13:05:21,5.97,0.0,3,1791,卖盘
1512,13:05:30,5.97,0.0,59,35223,卖盘
1513,13:05:33,5.97,0.0,84,50148,卖盘
1514,13:05:36,5.97,0.0,20,11940,卖盘
1515,13:05:39,5.97,0.0,12,7164,买盘
1516,13:05:45,5.97,0.0,8,4776,卖盘
1517,13:05:48,5.96,-0.01,4,2384,卖盘
1518,13:05:51,5.96,0.0,13,7757,卖盘
1519,13:06:27,5.96,0.0,5,2980,卖盘
1520,13:06:30,5.96,0.0,2,1192,卖盘
1521,13:06:42,5.96,0.0,2,1192,卖盘
1522,13:06:51,5.96,0.0,499,297427,卖盘
1523,13:06:57,5.96,0.0,7,4172,卖盘
1524,13:07:09,5.96,0.0,10,5960,卖盘
1525,13:07:21,5.96,0.0,1,596,卖盘
1526,13:07:31,5.96,0.0,12,7152,卖盘
1527,13:07:36,5.96,0.0,11,6556,卖盘
1528,13:07:45,5.96,0.0,89,53044,卖盘
1529,13:07:48,5.97,0.01,110,65670,买盘
1530,13:07:51,5.96,-0.01,1,596,卖盘
1531,13:08:04,5.97,0.01,10,5970,买盘
1532,13:08:09,5.97,0.0,6,3582,买盘
1533,13:08:12,5.97,0.0,23,13731,买盘
1534,13:08:15,5.97,0.0,33,19701,买盘
1535,13:08:24,5.97,0.0,3,1791,买盘
1536,13:08:33,5.97,0.0,5,2985,卖盘
1537,13:08:39,5.97,0.0,2,1194,卖盘
1538,13:09:00,5.97,0.0,103,61491,卖盘
1539,13:09:04,5.96,-0.01,68,40528,卖盘
1540,13:09:06,5.96,0.0,71,42316,卖盘
1541,13:09:09,5.96,0.0,9,5364,买盘
1542,13:09:15,5.96,0.0,12,7152,买盘
1543,13:09:24,5.96,0.0,14,8344,卖盘
1544,13:09:33,5.96,0.0,129,76785,买盘
1545,13:09:36,5.95,-0.01,94,55930,卖盘
1546,13:09:42,5.95,0.0,57,33915,卖盘
1547,13:09:45,5.95,0.0,7,4165,卖盘
1548,13:09:51,5.95,0.0,105,62475,卖盘
1549,13:10:00,5.94,-0.01,40,23760,卖盘
1550,13:10:03,5.94,0.0,6,3564,卖盘
1551,13:10:06,5.94,0.0,7,4158,卖盘
1552,13:10:13,5.95,0.01,2,1190,买盘
1553,13:10:15,5.95,0.0,10,5950,买盘
1554,13:10:18,5.94,-0.01,397,235818,卖盘
1555,13:10:21,5.94,0.0,44,26136,买盘
1556,13:10:24,5.94,0.0,39,23166,买盘
1557,13:10:27,5.94,0.0,34,20207,卖盘
1558,13:10:31,5.95,0.01,1,595,买盘
1559,13:10:51,5.95,0.0,10,5950,卖盘
1560,13:10:54,5.96,0.01,10,5960,买盘
1561,13:10:57,5.95,-0.01,7,4165,卖盘
1562,13:11:04,5.95,0.0,6,3570,卖盘
1563,13:11:12,5.95,0.0,3,1785,卖盘
1564,13:11:21,5.96,0.01,5,2980,买盘
1565,13:11:27,5.95,-0.01,70,41650,卖盘
1566,13:11:36,5.96,0.01,56,33376,买盘
1567,13:11:39,5.96,0.0,201,119796,买盘
1568,13:11:42,5.96,0.0,4,2384,买盘
1569,13:11:45,5.97,0.01,25,14903,买盘
1570,13:11:57,5.97,0.0,19,11343,卖盘
1571,13:12:00,5.98,0.01,12,7176,买盘
1572,13:12:04,5.98,0.0,25,14950,买盘
1573,13:12:09,5.97,-0.01,8,4776,卖盘
1574,13:12:15,5.98,0.01,20,11960,买盘
1575,13:12:21,5.98,0.0,7,4186,买盘
1576,13:12:27,5.98,0.0,20,11960,买盘
1577,13:12:30,5.98,0.0,27,16141,买盘
1578,13:12:33,5.98,0.0,12,7176,卖盘
1579,13:12:36,5.99,0.01,3,1797,买盘
1580,13:12:51,5.99,0.0,73,43727,买盘
1581,13:12:54,5.99,0.0,6,3594,买盘
1582,13:13:03,5.99,0.0,112,67088,买盘
1583,13:13:09,5.99,0.0,6,3594,卖盘
1584,13:13:15,5.99,0.0,86,51514,卖盘
1585,13:13:21,5.99,0.0,24,14376,买盘
1586,13:13:30,5.99,0.0,77,46123,卖盘
1587,13:13:48,5.99,0.0,19,11381,卖盘
1588,13:14:06,5.99,0.0,135,80865,买盘
1589,13:14:09,5.99,0.0,11,6589,买盘
1590,13:14:15,5.99,0.0,28,16772,买盘
1591,13:14:42,5.98,-0.01,24,14352,卖盘
1592,13:14:45,5.99,0.01,10,5990,买盘
1593,13:14:54,5.98,-0.01,20,11960,卖盘
1594,13:14:57,5.98,0.0,13,7774,卖盘
1595,13:15:45,5.99,0.01,89,53311,买盘
1596,13:15:54,5.99,0.0,3,1797,卖盘
1597,13:16:04,5.99,0.0,10,5990,卖盘
1598,13:16:12,6.0,0.01,26,15600,买盘
1599,13:16:27,5.99,-0.01,6,3594,卖盘
1600,13:16:48,5.99,0.0,10,5990,卖盘
1601,13:16:51,5.99,0.0,4,2396,卖盘
1602,13:16:54,5.99,0.0,73,43727,卖盘
1603,13:16:57,6.0,0.01,141,84559,买盘
1604,13:17:00,5.99,-0.01,50,29950,卖盘
1605,13:17:06,5.99,0.0,85,50915,卖盘
1606,13:17:24,5.99,0.0,20,11980,卖盘
1607,13:17:30,5.99,0.0,28,16772,买盘
1608,13:17:36,5.99,0.0,20,11980,买盘
1609,13:17:48,5.99,0.0,10,5990,买盘
1610,13:17:52,5.98,-0.01,17,10182,卖盘
1611,13:18:04,5.99,0.01,7,4193,卖盘
1612,13:18:06,5.99,0.0,13,7787,卖盘
1613,13:18:09,5.99,0.0,113,67687,买盘
1614,13:18:15,5.98,-0.01,7,4186,卖盘
1615,13:18:18,5.99,0.01,9,5391,买盘
1616,13:18:21,5.99,0.0,8,4792,买盘
1617,13:18:30,5.98,-0.01,12,7176,卖盘
1618,13:18:36,5.98,0.0,79,47312,卖盘
1619,13:18:54,5.98,0.0,2,1196,卖盘
1620,13:19:00,5.98,0.0,2,1196,卖盘
1621,13:19:06,5.98,0.0,5,2990,卖盘
1622,13:19:09,5.98,0.0,4,2392,卖盘
1623,13:19:12,5.99,0.01,8,4792,买盘
1624,13:19:31,5.99,0.0,84,50316,买盘
1625,13:19:48,5.98,-0.01,45,26977,卖盘
1626,13:19:57,5.98,0.0,41,24518,卖盘
1627,13:20:06,5.98,0.0,12,7176,卖盘
1628,13:20:18,5.99,0.01,20,11980,买盘
1629,13:20:30,5.99,0.0,10,5990,买盘
1630,13:20:40,5.99,0.0,26,15574,买盘
1631,13:20:42,5.99,0.0,4,2396,卖盘
1632,13:20:54,5.98,-0.01,10,5980,卖盘
1633,13:21:09,5.99,0.01,7,4193,卖盘
1634,13:21:18,6.0,0.01,7,4200,买盘
1635,13:21:30,6.0,0.0,20,12000,买盘
1636,13:21:33,5.99,-0.01,5,2995,卖盘
1637,13:21:45,5.99,0.0,5,2995,卖盘
1638,13:22:16,6.0,0.01,14,8400,买盘
1639,13:22:18,5.99,-0.01,10,5990,卖盘
1640,13:22:24,6.0,0.01,23,13787,买盘
1641,13:22:27,6.0,0.0,118,70800,买盘
1642,13:22:39,6.0,0.0,15,9000,买盘
1643,13:22:45,6.0,0.0,5,3000,卖盘
1644,13:22:48,6.01,0.01,77,46277,买盘
1645,13:22:52,6.0,-0.01,5,3000,卖盘
1646,13:23:00,6.0,0.0,1,600,卖盘
1647,13:23:10,6.01,0.01,30,18030,买盘
1648,13:23:15,6.0,-0.01,514,308438,卖盘
1649,13:23:18,6.0,0.0,10,6000,买盘
1650,13:23:21,6.0,0.0,18,10800,买盘
1651,13:23:24,6.0,0.0,4,2400,卖盘
1652,13:23:27,6.0,0.0,37,22200,卖盘
1653,13:23:39,6.01,0.01,4,2404,买盘
1654,13:23:42,6.0,-0.01,7,4200,卖盘
1655,13:23:46,6.0,0.0,124,74400,卖盘
1656,13:23:57,6.0,0.0,1,600,买盘
1657,13:24:00,6.0,0.0,30,18000,买盘
1658,13:24:03,6.0,0.0,20,12000,买盘
1659,13:24:06,6.0,0.0,40,24000,买盘
1660,13:24:10,6.0,0.0,67,40200,买盘
1661,13:24:27,6.0,0.0,12,7200,买盘
1662,13:24:30,6.0,0.0,29,17400,买盘
1663,13:24:36,6.0,0.0,10,6000,卖盘
1664,13:24:39,6.0,0.0,10,6000,买盘
1665,13:24:46,5.99,-0.01,5,2995,卖盘
1666,13:25:03,5.99,0.0,56,33544,卖盘
1667,13:25:06,6.0,0.01,32,19200,买盘
1668,13:25:09,5.99,-0.01,12,7188,卖盘
1669,13:25:12,5.99,0.0,210,125790,卖盘
1670,13:25:15,6.0,0.01,100,59910,买盘
1671,13:25:45,5.99,-0.01,5,2995,卖盘
1672,13:26:18,6.0,0.01,181,108600,买盘
1673,13:26:45,5.99,-0.01,5,2995,卖盘
1674,13:27:06,6.0,0.01,117,70109,买盘
1675,13:27:09,6.0,0.0,19,11396,买盘
1676,13:27:15,5.99,-0.01,36,21564,卖盘
1677,13:27:24,6.0,0.01,100,60000,买盘
1678,13:27:45,5.99,-0.01,1,599,卖盘
1679,13:27:57,6.0,0.01,2,1200,买盘
1680,13:28:15,6.0,0.0,15,9000,买盘
1681,13:28:18,6.0,0.0,12,7200,买盘
1682,13:28:21,5.99,-0.01,146,87454,卖盘
1683,13:28:33,5.98,-0.01,7,4186,卖盘
1684,13:28:36,5.98,0.0,40,23920,卖盘
1685,13:28:45,5.99,0.01,20,11980,买盘
1686,13:28:51,5.98,-0.01,101,60398,卖盘
1687,13:29:01,5.98,0.0,131,78338,卖盘
1688,13:29:06,5.98,0.0,16,9568,买盘
1689,13:29:09,5.97,-0.01,7,4179,卖盘
1690,13:29:12,5.98,0.01,16,9567,买盘
1691,13:29:24,5.97,-0.01,18,10746,卖盘
1692,13:29:33,5.98,0.01,10,5980,买盘
1693,13:29:36,5.97,-0.01,2,1194,卖盘
1694,13:29:42,5.98,0.01,9,5375,买盘
1695,13:29:48,5.98,0.0,28,16744,买盘
1696,13:30:04,5.97,-0.01,2,1194,卖盘
1697,13:30:06,5.97,0.0,21,12537,卖盘
1698,13:30:28,5.96,-0.01,294,175370,卖盘
1699,13:30:51,5.96,0.0,50,29800,卖盘
1700,13:31:04,5.97,0.01,21,12521,买盘
1701,13:31:06,5.97,0.0,5,2985,买盘
1702,13:31:13,5.96,-0.01,13,7748,卖盘
1703,13:31:15,5.97,0.01,36,21468,买盘
1704,13:31:24,5.96,-0.01,7,4172,卖盘
1705,13:31:33,5.97,0.01,74,44178,买盘
1706,13:31:39,5.97,0.0,4,2388,买盘
1707,13:31:42,5.97,0.0,2,1194,买盘
1708,13:31:45,5.97,0.0,5,2985,卖盘
1709,13:32:00,5.99,0.02,300,179577,买盘
1710,13:32:03,5.98,-0.01,2,1196,卖盘
1711,13:32:12,5.98,0.0,13,7774,卖盘
1712,13:32:15,5.98,0.0,26,15548,卖盘
1713,13:32:27,5.98,0.0,5,2990,卖盘
1714,13:32:30,5.98,0.0,5,2990,卖盘
1715,13:32:33,5.98,0.0,62,37076,卖盘
1716,13:32:36,5.98,0.0,23,13754,买盘
1717,13:32:48,5.98,0.0,18,10764,买盘
1718,13:32:57,5.97,-0.01,14,8358,卖盘
1719,13:33:24,5.97,0.0,155,92535,卖盘
1720,13:33:30,5.98,0.01,12,7176,买盘
1721,13:33:36,5.97,-0.01,2,1194,卖盘
1722,13:33:54,5.97,0.0,57,34079,卖盘
1723,13:34:00,5.98,0.01,14,8369,买盘
1724,13:34:04,5.98,0.0,4,2392,卖盘
1725,13:34:06,5.98,0.0,9,5382,卖盘
1726,13:34:09,5.98,0.0,9,5382,卖盘
1727,13:34:21,5.98,0.0,1,598,卖盘
1728,13:34:28,5.98,0.0,1,598,卖盘
1729,13:34:30,5.98,0.0,62,37136,卖盘
1730,13:34:33,5.99,0.01,18,10782,买盘
1731,13:34:39,5.99,0.0,69,41331,买盘
1732,13:34:42,5.99,0.0,19,11381,卖盘
1733,13:34:45,5.99,0.0,4,2396,卖盘
1734,13:34:54,5.99,0.0,16,9584,买盘
1735,13:34:57,5.99,0.0,4,2396,卖盘
1736,13:35:00,5.99,0.0,46,27554,卖盘
1737,13:35:04,5.98,-0.01,43,25731,卖盘
1738,13:35:06,5.99,0.01,292,174825,买盘
1739,13:35:09,5.99,0.0,9,5390,买盘
1740,13:35:39,5.99,0.0,74,44326,买盘
1741,13:35:42,5.99,0.0,21,12561,买盘
1742,13:35:48,5.99,0.0,21,12579,买盘
1743,13:35:51,6.0,0.01,15,9000,买盘
1744,13:35:54,5.99,-0.01,29,17371,卖盘
1745,13:36:00,5.99,0.0,5,2995,卖盘
1746,13:36:06,6.0,0.01,18,10800,买盘
1747,13:36:12,5.99,-0.01,34,20366,卖盘
1748,13:36:18,5.99,0.0,75,44925,卖盘
1749,13:36:21,5.99,0.0,41,24559,卖盘
1750,13:36:24,5.99,0.0,210,125790,卖盘
1751,13:36:30,5.99,0.0,68,40732,买盘
1752,13:36:33,6.0,0.01,141,84573,买盘
1753,13:36:39,5.99,-0.01,10,5990,卖盘
1754,13:36:42,5.99,0.0,3,1797,卖盘
1755,13:36:48,5.99,0.0,10,5990,买盘
1756,13:36:51,5.99,0.0,8,4792,买盘
1757,13:36:57,6.0,0.01,2,1200,买盘
1758,13:37:07,6.0,0.0,11,6599,买盘
1759,13:37:09,6.0,0.0,35,21000,买盘
1760,13:37:12,6.0,0.0,40,24000,买盘
1761,13:37:15,5.99,-0.01,202,120998,卖盘
1762,13:37:21,5.99,0.0,12,7188,买盘
1763,13:37:31,5.99,0.0,5,2995,买盘
1764,13:37:33,5.98,-0.01,1,598,卖盘
1765,13:37:36,5.99,0.01,81,48519,买盘
1766,13:37:39,5.99,0.0,12,7188,卖盘
1767,13:37:42,5.99,0.0,3,1797,卖盘
1768,13:37:48,6.0,0.01,11,6599,买盘
1769,13:37:51,5.99,-0.01,2,1198,卖盘
1770,13:38:04,6.0,0.01,2,1200,买盘
1771,13:38:15,5.99,-0.01,8,4792,卖盘
1772,13:38:18,6.0,0.01,1,600,买盘
1773,13:38:27,5.99,-0.01,4,2396,卖盘
1774,13:38:33,5.99,0.0,7,4193,卖盘
1775,13:38:36,5.99,0.0,53,31747,卖盘
1776,13:39:00,6.0,0.01,25,14989,买盘
1777,13:39:06,5.99,-0.01,1,599,卖盘
1778,13:39:24,5.99,0.0,62,37138,卖盘
1779,13:39:51,5.99,0.0,109,65284,买盘
1780,13:39:57,6.0,0.01,44,26364,买盘
1781,13:40:04,5.99,-0.01,28,16772,卖盘
1782,13:40:21,5.99,0.0,1,599,卖盘
1783,13:40:36,6.0,0.01,10,6000,买盘
1784,13:40:39,6.0,0.0,6,3600,买盘
1785,13:40:45,5.99,-0.01,1,599,卖盘
1786,13:40:48,6.0,0.01,2,1200,买盘
1787,13:40:54,5.99,-0.01,2,1198,卖盘
1788,13:40:57,5.99,0.0,172,103198,卖盘
1789,13:41:12,6.0,0.01,5,3000,买盘
1790,13:41:18,6.0,0.0,1,600,买盘
1791,13:41:24,5.99,-0.01,10,5990,卖盘
1792,13:41:33,5.99,0.0,7,4193,卖盘
1793,13:41:40,5.99,0.0,5,2995,卖盘
1794,13:41:48,5.99,0.0,30,17970,卖盘
1795,13:42:33,5.99,0.0,3,1797,卖盘
1796,13:42:36,5.99,0.0,77,46123,卖盘
1797,13:42:39,5.99,0.0,13,7787,卖盘
1798,13:42:45,5.99,0.0,47,28183,卖盘
1799,13:42:48,5.99,0.0,5,2995,卖盘
1800,13:43:00,5.99,0.0,4,2396,卖盘
1801,13:43:04,5.99,0.0,10,5990,卖盘
1802,13:43:06,6.0,0.01,93,55800,买盘
1803,13:43:12,5.99,-0.01,3,1797,卖盘
1804,13:43:21,6.0,0.01,3,1800,买盘
1805,13:43:30,6.0,0.0,5,3000,买盘
1806,13:43:42,6.0,0.0,10,6000,买盘
1807,13:43:51,6.0,0.0,10,6000,买盘
1808,13:43:54,6.0,0.0,2,1200,买盘
1809,13:44:15,6.0,0.0,50,30000,买盘
1810,13:44:21,6.0,0.0,100,60000,买盘
1811,13:44:27,6.0,0.0,10,6000,买盘
1812,13:44:30,6.0,0.0,2,1200,买盘
1813,13:44:40,6.0,0.0,4,2400,买盘
1814,13:44:42,6.0,0.0,37,22200,买盘
1815,13:45:00,6.0,0.0,20,12000,买盘
1816,13:45:04,6.0,0.0,3,1800,买盘
1817,13:45:06,5.99,-0.01,91,54509,卖盘
1818,13:45:15,6.0,0.01,97,58200,买盘
1819,13:45:21,6.01,0.01,42,25241,买盘
1820,13:45:28,6.0,-0.01,102,61200,卖盘
1821,13:45:30,6.0,0.0,10,6000,买盘
1822,13:45:36,6.0,0.0,133,79800,买盘
1823,13:45:42,6.0,0.0,36,21600,买盘
1824,13:45:45,6.0,0.0,20,12000,买盘
1825,13:45:51,6.0,0.0,10,6000,买盘
1826,13:45:54,6.0,0.0,46,27600,卖盘
1827,13:46:03,6.0,0.0,50,30000,买盘
1828,13:46:06,6.0,0.0,20,12000,买盘
1829,13:46:15,6.0,0.0,40,24000,买盘
1830,13:46:21,6.0,0.0,5,3000,买盘
1831,13:46:28,6.0,0.0,13,7800,买盘
1832,13:46:30,6.0,0.0,50,30000,买盘
1833,13:46:33,6.0,0.0,18,10800,买盘
1834,13:46:48,6.0,0.0,5,3000,买盘
1835,13:46:51,6.0,0.0,24,14400,买盘
1836,13:46:57,6.0,0.0,96,57600,买盘
1837,13:47:03,6.0,0.0,73,43800,卖盘
1838,13:47:15,6.0,0.0,70,42000,买盘
1839,13:47:18,6.0,0.0,10,6000,买盘
1840,13:47:24,6.0,0.0,50,30000,买盘
1841,13:47:36,6.0,0.0,10,6000,买盘
1842,13:47:42,6.0,0.0,8,4800,买盘
1843,13:47:45,6.0,0.0,10,6000,买盘
1844,13:47:57,6.0,0.0,12,7200,买盘
1845,13:48:00,6.0,0.0,7,4200,买盘
1846,13:48:06,6.0,0.0,40,23990,买盘
1847,13:48:09,5.99,-0.01,7,4193,卖盘
1848,13:48:12,6.0,0.01,11,6600,买盘
1849,13:48:15,6.0,0.0,5,3000,买盘
1850,13:48:28,6.0,0.0,13,7800,买盘
1851,13:48:33,6.0,0.0,30,18000,买盘
1852,13:48:36,6.0,0.0,58,34800,买盘
1853,13:48:39,6.0,0.0,20,12000,买盘
1854,13:48:42,6.0,0.0,6,3600,买盘
1855,13:48:45,6.0,0.0,4,2400,买盘
1856,13:48:48,6.0,0.0,1,600,买盘
1857,13:49:00,6.0,0.0,38,22800,买盘
1858,13:49:04,6.0,0.0,10,6000,买盘
1859,13:49:06,6.0,0.0,2,1200,买盘
1860,13:49:12,6.0,0.0,20,12000,买盘
1861,13:49:18,6.0,0.0,20,12000,买盘
1862,13:49:21,5.99,-0.01,1,599,卖盘
1863,13:49:28,6.0,0.01,52,31175,买盘
1864,13:49:33,6.0,0.0,28,16800,买盘
1865,13:49:36,6.0,0.0,100,59902,买盘
1866,13:50:04,6.0,0.0,1,600,买盘
1867,13:50:06,6.0,0.0,322,193200,买盘
1868,13:50:09,6.0,0.0,17,10200,卖盘
1869,13:50:12,6.0,0.0,13,7800,卖盘
1870,13:50:36,6.0,0.0,295,177000,卖盘
1871,13:50:40,6.0,0.0,51,30600,卖盘
1872,13:51:00,5.99,-0.01,7,4193,卖盘
1873,13:51:24,5.99,0.0,7,4193,卖盘
1874,13:51:36,5.99,0.0,7,4193,卖盘
1875,13:51:45,5.99,0.0,1,599,卖盘
1876,13:51:48,5.99,0.0,2,1198,卖盘
1877,13:51:57,6.0,0.01,10,6000,买盘
1878,13:52:04,5.99,-0.01,5,2995,卖盘
1879,13:52:15,5.99,0.0,15,8985,卖盘
1880,13:52:24,5.99,0.0,12,7188,卖盘
1881,13:52:33,5.99,0.0,1,599,卖盘
1882,13:52:39,5.99,0.0,5,2995,卖盘
1883,13:52:45,6.0,0.01,16,9600,买盘
1884,13:52:48,5.99,-0.01,1,599,卖盘
1885,13:52:54,6.0,0.01,9,5400,买盘
1886,13:53:04,6.0,0.0,1,600,买盘
1887,13:53:06,5.99,-0.01,83,49717,卖盘
1888,13:53:15,5.99,0.0,7,4193,卖盘
1889,13:53:36,5.99,0.0,5,2995,卖盘
1890,13:53:48,5.99,0.0,60,35940,卖盘
1891,13:53:52,5.99,0.0,288,172512,卖盘
1892,13:54:00,5.99,0.0,24,14376,卖盘
1893,13:54:06,5.99,0.0,10,5990,卖盘
1894,13:54:15,6.0,0.01,30,18000,买盘
1895,13:54:21,5.99,-0.01,7,4193,卖盘
1896,13:54:36,5.99,0.0,7,4193,卖盘
1897,13:54:51,5.99,0.0,20,11980,卖盘
1898,13:55:03,5.99,0.0,17,10183,卖盘
1899,13:55:06,5.99,0.0,6,3594,卖盘
1900,13:55:16,6.0,0.01,2,1200,买盘
1901,13:55:28,5.99,-0.01,30,17990,卖盘
1902,13:55:30,5.99,0.0,4,2396,卖盘
1903,13:55:36,5.99,0.0,8,4792,卖盘
1904,13:55:45,5.99,0.0,20,11980,卖盘
1905,13:55:48,5.99,0.0,44,26356,卖盘
1906,13:55:51,5.99,0.0,111,66489,卖盘
1907,13:55:54,5.99,0.0,34,20366,买盘
1908,13:55:58,5.99,0.0,28,16772,买盘
1909,13:56:15,5.98,-0.01,17,10166,卖盘
1910,13:56:21,5.99,0.01,3,1797,买盘
1911,13:56:24,5.98,-0.01,5,2990,卖盘
1912,13:56:36,5.96,-0.02,353,210960,卖盘
1913,13:56:57,5.98,0.02,2,1196,卖盘
1914,13:57:04,5.98,0.0,3,1794,卖盘
1915,13:57:09,5.98,0.0,10,5980,卖盘
1916,13:57:12,5.99,0.01,3,1797,买盘
1917,13:57:15,5.99,0.0,43,25727,买盘
1918,13:57:24,5.98,-0.01,80,47840,买盘
1919,13:57:30,5.97,-0.01,7,4179,卖盘
1920,13:57:36,5.98,0.01,5,2990,买盘
1921,13:57:48,5.98,0.0,10,5980,买盘
1922,13:57:51,5.98,0.0,4,2392,买盘
1923,13:58:15,5.98,0.0,10,5980,买盘
1924,13:58:18,5.97,-0.01,7,4179,卖盘
1925,13:58:21,5.97,0.0,1,597,卖盘
1926,13:58:25,5.99,0.02,71,42506,买盘
1927,13:58:45,5.98,-0.01,5,2990,卖盘
1928,13:59:24,5.99,0.01,3,1797,买盘
1929,13:59:28,5.99,0.0,4,2396,买盘
1930,13:59:42,5.99,0.0,22,13178,买盘
1931,13:59:48,5.99,0.0,30,17970,买盘
1932,14:00:09,5.99,0.0,2,1198,买盘
1933,14:00:15,5.99,0.0,2,1198,买盘
1934,14:00:31,5.98,-0.01,138,82657,卖盘
1935,14:00:36,5.98,0.0,1,598,卖盘
1936,14:00:40,5.98,0.0,241,144118,卖盘
1937,14:00:54,5.98,0.0,27,16146,卖盘
1938,14:00:57,5.98,0.0,1,598,卖盘
1939,14:01:06,5.99,0.01,2,1198,买盘
1940,14:01:21,5.99,0.0,30,17970,买盘
1941,14:01:33,5.98,-0.01,34,20332,卖盘
1942,14:01:39,5.99,0.01,30,17965,买盘
1943,14:01:42,5.99,0.0,6,3594,买盘
1944,14:01:57,5.99,0.0,32,19166,买盘
1945,14:02:00,5.99,0.0,7,4193,买盘
1946,14:02:18,5.99,0.0,34,20366,买盘
1947,14:02:21,5.99,0.0,6,3594,卖盘
1948,14:02:24,5.99,0.0,8,4786,买盘
1949,14:02:27,5.98,-0.01,1,598,卖盘
1950,14:02:30,5.98,0.0,25,14950,卖盘
1951,14:02:36,5.98,0.0,148,88504,卖盘
1952,14:02:42,5.98,0.0,10,5980,买盘
1953,14:02:57,5.98,0.0,4,2390,买盘
1954,14:03:00,5.98,0.0,10,5980,买盘
1955,14:03:07,5.97,-0.01,1,597,卖盘
1956,14:03:24,5.98,0.01,17,10166,买盘
1957,14:03:36,5.97,-0.01,300,179100,卖盘
1958,14:03:42,5.97,0.0,33,19701,卖盘
1959,14:03:45,5.97,0.0,48,28656,卖盘
1960,14:03:57,5.96,-0.01,1,596,卖盘
1961,14:04:01,5.96,0.0,45,26820,卖盘
1962,14:04:04,5.96,0.0,1,596,卖盘
1963,14:04:15,5.97,0.01,8,4776,买盘
1964,14:04:19,5.96,-0.01,160,95360,卖盘
1965,14:04:21,5.96,0.0,1,596,卖盘
1966,14:04:39,5.96,0.0,8,4768,卖盘
1967,14:04:42,5.96,0.0,31,18476,卖盘
1968,14:04:48,5.96,0.0,379,225884,卖盘
1969,14:04:54,5.96,0.0,22,13112,卖盘
1970,14:04:57,5.96,0.0,2,1192,卖盘
1971,14:05:03,5.96,0.0,50,29800,卖盘
1972,14:05:06,5.96,0.0,8,4768,卖盘
1973,14:05:12,5.96,0.0,44,26224,买盘
1974,14:05:15,5.97,0.01,100,59604,买盘
1975,14:05:39,5.96,-0.01,7,4172,卖盘
1976,14:05:42,5.96,0.0,1,596,卖盘
1977,14:06:00,5.97,0.01,27,16119,买盘
1978,14:06:15,5.96,-0.01,1,596,卖盘
1979,14:06:21,5.96,0.0,16,9551,卖盘
1980,14:06:27,5.97,0.01,5,2985,买盘
1981,14:06:30,5.96,-0.01,123,73308,卖盘
1982,14:06:33,5.96,0.0,3,1788,卖盘
1983,14:06:42,5.97,0.01,10,5970,买盘
1984,14:06:45,5.97,0.0,17,10149,买盘
1985,14:07:04,5.97,0.0,38,22686,买盘
1986,14:07:06,5.96,-0.01,2,1192,卖盘
1987,14:07:15,5.96,0.0,8,4768,卖盘
1988,14:07:30,5.96,0.0,265,157940,卖盘
1989,14:07:39,5.96,0.0,3,1788,卖盘
1990,14:07:48,5.96,0.0,1,596,卖盘
1991,14:07:51,5.96,0.0,30,17880,卖盘
1992,14:08:04,5.96,0.0,1,596,卖盘
1993,14:08:12,5.96,0.0,44,26224,卖盘
1994,14:08:30,5.96,0.0,20,11920,买盘
1995,14:08:33,5.96,0.0,45,26820,买盘
1996,14:08:36,5.96,0.0,54,32184,买盘
1997,14:08:42,5.96,0.0,10,5960,买盘
1998,14:08:45,5.96,0.0,31,18476,买盘
1999,14:08:51,5.96,0.0,6,3576,卖盘
2000,14:08:54,5.96,0.0,50,29800,卖盘
2001,14:09:04,5.96,0.0,4,2384,卖盘
2002,14:09:06,5.96,0.0,1,596,卖盘
2003,14:09:18,5.97,0.01,4,2388,买盘
2004,14:09:31,5.97,0.0,17,10149,买盘
2005,14:09:33,5.97,0.0,21,12537,买盘
2006,14:09:36,5.97,0.0,38,22686,买盘
2007,14:09:42,5.97,0.0,30,17910,买盘
2008,14:09:45,5.97,0.0,15,8955,买盘
2009,14:09:48,5.97,0.0,101,60297,买盘
2010,14:09:52,5.97,0.0,50,29850,买盘
2011,14:09:55,5.97,0.0,39,23283,买盘
2012,14:09:58,5.97,0.0,179,106832,买盘
2013,14:10:04,5.97,0.0,74,44180,卖盘
2014,14:10:06,5.97,0.0,58,34626,卖盘
2015,14:10:09,5.97,0.0,5,2985,卖盘
2016,14:10:30,5.98,0.01,40,23920,买盘
2017,14:10:39,5.98,0.0,10,5980,买盘
2018,14:10:54,5.97,-0.01,60,35820,卖盘
2019,14:10:57,5.98,0.01,15,8970,买盘
2020,14:11:04,5.98,0.0,7,4186,买盘
2021,14:11:06,5.98,0.0,4,2392,卖盘
2022,14:11:18,5.98,0.0,59,35282,卖盘
2023,14:11:24,5.98,0.0,2,1196,买盘
2024,14:11:27,5.97,-0.01,30,17910,卖盘
2025,14:11:30,5.97,0.0,25,14925,卖盘
2026,14:11:36,5.98,0.01,2,1195,买盘
2027,14:11:39,5.97,-0.01,62,37028,卖盘
2028,14:11:51,5.96,-0.01,290,172999,卖盘
2029,14:11:54,5.96,0.0,1,596,卖盘
2030,14:11:57,5.97,0.01,5,2985,买盘
2031,14:12:00,5.99,0.02,76,45521,买盘
2032,14:12:04,5.97,-0.02,1,597,卖盘
2033,14:12:12,5.97,0.0,9,5373,卖盘
2034,14:12:15,5.98,0.01,1,598,买盘
2035,14:12:21,5.98,0.0,3,1794,卖盘
2036,14:12:30,5.99,0.01,188,112611,买盘
2037,14:12:33,5.98,-0.01,4,2392,卖盘
2038,14:12:54,5.99,0.01,5,2995,买盘
2039,14:13:00,5.99,0.0,3,1797,买盘
2040,14:13:07,5.98,-0.01,234,140162,卖盘
2041,14:13:12,5.99,0.01,33,19767,卖盘
2042,14:13:15,5.99,0.0,2,1198,卖盘
2043,14:13:18,5.99,0.0,4,2396,卖盘
2044,14:13:21,5.99,0.0,1,599,买盘
2045,14:13:33,5.98,-0.01,52,31096,卖盘
2046,14:13:39,5.99,0.01,38,22752,买盘
2047,14:13:42,5.99,0.0,2,1198,卖盘
2048,14:13:48,5.99,0.0,23,13777,卖盘
2049,14:14:00,5.98,-0.01,85,50830,卖盘
2050,14:14:03,6.0,0.02,200,119945,买盘
2051,14:14:13,5.98,-0.02,1,598,卖盘
2052,14:14:42,5.99,0.01,1,599,买盘
2053,14:14:45,5.99,0.0,30,17970,买盘
2054,14:14:48,5.99,0.0,16,9584,买盘
2055,14:14:54,5.99,0.0,47,28195,卖盘
2056,14:15:00,5.99,0.0,13,7787,卖盘
2057,14:15:04,5.99,0.0,147,88053,卖盘
2058,14:15:06,5.99,0.0,1,599,卖盘
2059,14:15:15,5.99,0.0,2,1198,卖盘
2060,14:15:21,5.99,0.0,4,2396,卖盘
2061,14:15:24,5.99,0.0,33,19767,卖盘
2062,14:15:48,6.0,0.01,30,18000,买盘
2063,14:15:51,5.99,-0.01,30,17970,卖盘
2064,14:16:06,5.99,0.0,4,2396,卖盘
2065,14:16:09,5.98,-0.01,1,598,卖盘
2066,14:16:18,5.98,0.0,56,33488,卖盘
2067,14:16:33,5.99,0.01,5,2995,卖盘
2068,14:17:00,6.0,0.01,8,4800,买盘
2069,14:17:06,5.99,-0.01,2,1198,卖盘
2070,14:17:09,5.99,0.0,30,17970,卖盘
2071,14:17:13,5.99,0.0,1,599,卖盘
2072,14:17:15,5.99,0.0,30,17970,卖盘
2073,14:17:33,5.99,0.0,2,1198,卖盘
2074,14:17:40,5.99,0.0,9,5391,卖盘
2075,14:17:46,5.99,0.0,33,19767,卖盘
2076,14:17:57,5.99,0.0,37,22163,卖盘
2077,14:18:06,5.98,-0.01,1,598,卖盘
2078,14:18:24,5.98,0.0,20,11960,卖盘
2079,14:18:33,5.99,0.01,5,2995,买盘
2080,14:18:51,5.99,0.0,10,5990,买盘
2081,14:19:06,5.98,-0.01,75,44850,卖盘
2082,14:19:10,5.98,0.0,71,42462,卖盘
2083,14:19:18,5.98,0.0,1,598,卖盘
2084,14:19:21,5.98,0.0,133,79534,卖盘
2085,14:19:27,5.98,0.0,27,16146,卖盘
2086,14:19:31,5.98,0.0,35,20930,卖盘
2087,14:19:33,5.98,0.0,2,1196,买盘
2088,14:19:45,5.98,0.0,22,13156,买盘
2089,14:19:57,5.98,0.0,2,1196,买盘
2090,14:20:04,5.98,0.0,7,4186,卖盘
2091,14:20:06,5.98,0.0,37,22126,卖盘
2092,14:20:09,5.98,0.0,15,8970,卖盘
2093,14:20:12,5.97,-0.01,2,1194,卖盘
2094,14:20:15,5.98,0.01,11,6578,买盘
2095,14:20:24,5.97,-0.01,2,1194,卖盘
2096,14:20:45,5.97,0.0,9,5373,卖盘
2097,14:20:48,5.97,0.0,100,59700,卖盘
2098,14:21:00,5.98,0.01,54,32292,买盘
2099,14:21:03,5.97,-0.01,1,597,卖盘
2100,14:21:24,5.96,-0.01,705,420408,卖盘
2101,14:21:34,5.97,0.01,10,5970,买盘
2102,14:22:04,5.97,0.0,3,1790,买盘
2103,14:22:10,5.96,-0.01,6,3576,卖盘
2104,14:22:16,5.96,0.0,1,596,卖盘
2105,14:22:24,5.96,0.0,12,7152,卖盘
2106,14:22:45,5.96,0.0,10,5960,卖盘
2107,14:22:48,5.96,0.0,1,596,卖盘
2108,14:22:51,5.96,0.0,101,60196,卖盘
2109,14:22:57,5.96,0.0,7,4172,买盘
2110,14:23:00,5.96,0.0,43,25628,买盘
2111,14:23:04,5.96,0.0,2,1192,卖盘
2112,14:23:06,5.96,0.0,92,54832,卖盘
2113,14:23:12,5.96,0.0,1,596,卖盘
2114,14:23:15,5.96,0.0,9,5364,卖盘
2115,14:23:36,5.96,0.0,50,29800,卖盘
2116,14:23:54,5.96,0.0,4,2384,卖盘
2117,14:24:06,5.97,0.01,8,4776,买盘
2118,14:24:13,5.97,0.0,88,52536,买盘
2119,14:24:15,5.96,-0.01,1,596,卖盘
2120,14:24:30,5.96,0.0,1,596,卖盘
2121,14:24:42,5.97,0.01,9,5373,买盘
2122,14:24:51,5.97,0.0,14,8358,卖盘
2123,14:24:54,5.97,0.0,16,9552,买盘
2124,14:24:58,5.97,0.0,5,2985,卖盘
2125,14:25:00,5.97,0.0,1,597,卖盘
2126,14:25:04,5.96,-0.01,1,596,卖盘
2127,14:25:09,5.96,0.0,1,596,卖盘
2128,14:25:15,5.97,0.01,26,15510,买盘
2129,14:25:18,5.97,0.0,36,21492,卖盘
2130,14:25:27,5.97,0.0,1,597,卖盘
2131,14:25:34,5.97,0.0,2,1194,买盘
2132,14:25:36,5.97,0.0,5,2985,卖盘
2133,14:25:42,5.98,0.01,5,2990,买盘
2134,14:25:48,5.97,-0.01,1,597,卖盘
2135,14:25:51,5.97,0.0,2,1194,卖盘
2136,14:25:54,5.96,-0.01,31,18498,卖盘
2137,14:25:57,5.96,0.0,4,2384,卖盘
2138,14:26:06,5.96,0.0,2,1192,卖盘
2139,14:26:09,5.98,0.02,18,10734,买盘
2140,14:26:15,5.97,-0.01,1,597,卖盘
2141,14:26:24,5.98,0.01,5,2990,买盘
2142,14:26:27,5.97,-0.01,1,597,卖盘
2143,14:26:30,5.97,0.0,4,2388,卖盘
2144,14:26:39,5.97,0.0,29,17313,卖盘
2145,14:26:48,5.97,0.0,2,1194,卖盘
2146,14:26:57,5.97,0.0,1,597,卖盘
2147,14:27:00,5.97,0.0,1,597,卖盘
2148,14:27:04,5.97,0.0,102,60894,卖盘
2149,14:27:09,5.96,-0.01,5,2986,卖盘
2150,14:27:24,5.96,0.0,13,7748,卖盘
2151,14:27:27,5.96,0.0,17,10132,卖盘
2152,14:27:30,5.96,0.0,1,596,卖盘
2153,14:27:33,5.96,0.0,1,596,卖盘
2154,14:27:48,5.97,0.01,150,89410,买盘
2155,14:27:51,5.96,-0.01,222,132312,卖盘
2156,14:28:03,5.96,0.0,1,596,卖盘
2157,14:28:39,5.96,0.0,30,17880,卖盘
2158,14:28:45,5.96,0.0,2,1192,卖盘
2159,14:28:48,5.97,0.01,20,11923,买盘
2160,14:28:51,5.97,0.0,2,1194,买盘
2161,14:28:54,5.97,0.0,2,1194,买盘
2162,14:28:57,5.97,0.0,1,597,买盘
2163,14:29:00,5.97,0.0,1,597,买盘
2164,14:29:04,5.97,0.0,1,597,买盘
2165,14:29:06,5.97,0.0,10,5970,买盘
2166,14:29:09,5.96,-0.01,20,11939,卖盘
2167,14:29:12,5.97,0.01,2,1194,卖盘
2168,14:29:15,5.97,0.0,1,597,买盘
2169,14:29:27,5.97,0.0,36,21492,卖盘
2170,14:29:51,5.97,0.0,6,3582,买盘
2171,14:29:54,5.97,0.0,3,1791,卖盘
2172,14:30:06,5.97,0.0,21,12537,卖盘
2173,14:30:15,5.96,-0.01,36,21480,卖盘
2174,14:30:18,5.98,0.02,11,6578,买盘
2175,14:30:36,5.97,-0.01,10,5970,买盘
2176,14:30:48,5.97,0.0,3,1791,买盘
2177,14:30:51,5.97,0.0,75,44775,买盘
2178,14:30:54,5.97,0.0,1,597,卖盘
2179,14:31:04,5.98,0.01,96,57408,买盘
2180,14:31:07,5.98,0.0,88,52624,卖盘
2181,14:31:21,5.98,0.0,111,66378,卖盘
2182,14:31:30,5.98,0.0,1,598,卖盘
2183,14:31:33,5.99,0.01,180,107820,买盘
2184,14:31:40,5.98,-0.01,8,4784,卖盘
2185,14:31:42,5.98,0.0,39,23341,卖盘
2186,14:31:51,5.99,0.01,8,4792,买盘
2187,14:31:54,5.99,0.0,6,3594,卖盘
2188,14:32:00,5.99,0.0,38,22770,卖盘
2189,14:32:06,6.0,0.01,20,12000,买盘
2190,14:32:12,5.99,-0.01,11,6589,卖盘
2191,14:32:18,5.99,0.0,116,69484,卖盘
2192,14:32:21,5.99,0.0,2,1198,卖盘
2193,14:32:24,6.0,0.01,103,61797,买盘
2194,14:32:27,6.0,0.0,50,30000,买盘
2195,14:32:51,6.0,0.0,128,76800,买盘
2196,14:33:06,6.0,0.0,52,31200,买盘
2197,14:33:18,5.99,-0.01,7,4193,卖盘
2198,14:33:24,5.99,0.0,119,71281,卖盘
2199,14:33:27,6.0,0.01,25,15000,买盘
2200,14:33:30,5.99,-0.01,20,11980,卖盘
2201,14:33:33,5.99,0.0,31,18569,卖盘
2202,14:33:45,5.99,0.0,20,11980,卖盘
2203,14:33:48,5.99,0.0,10,5990,卖盘
2204,14:33:51,5.99,0.0,133,79667,卖盘
2205,14:33:57,6.0,0.01,4,2400,买盘
2206,14:34:00,6.0,0.0,10,6000,买盘
2207,14:34:06,5.99,-0.01,1,599,卖盘
2208,14:34:16,6.0,0.01,10,6000,买盘
2209,14:34:21,5.99,-0.01,1,599,卖盘
2210,14:34:27,5.99,0.0,186,111414,卖盘
2211,14:34:39,5.99,0.0,10,5990,买盘
2212,14:34:45,5.99,0.0,15,8985,买盘
2213,14:35:04,5.99,0.0,29,17371,买盘
2214,14:35:09,5.98,-0.01,1,598,卖盘
2215,14:35:12,5.98,0.0,20,11960,卖盘
2216,14:35:15,5.98,0.0,2,1196,卖盘
2217,14:35:24,5.99,0.01,47,28153,买盘
2218,14:35:42,5.99,0.0,1,599,买盘
2219,14:35:45,5.98,-0.01,5,2990,卖盘
2220,14:35:51,5.98,0.0,48,28704,卖盘
2221,14:36:01,5.98,0.0,184,110032,卖盘
2222,14:36:06,5.99,0.01,100,59900,买盘
2223,14:36:15,5.99,0.0,107,64093,买盘
2224,14:36:21,5.99,0.0,60,35940,卖盘
2225,14:36:48,6.0,0.01,19,11400,买盘
2226,14:36:54,5.99,-0.01,80,47920,卖盘
2227,14:36:57,6.0,0.01,70,42000,买盘
2228,14:37:01,6.0,0.0,11,6600,买盘
2229,14:37:19,5.99,-0.01,1,599,卖盘
2230,14:37:36,6.0,0.01,101,60599,买盘
2231,14:37:48,5.99,-0.01,1,599,卖盘
2232,14:37:51,5.99,0.0,40,23990,卖盘
2233,14:38:00,5.99,0.0,1,599,卖盘
2234,14:38:03,5.99,0.0,1,599,卖盘
2235,14:38:36,5.99,0.0,29,17371,卖盘
2236,14:38:42,6.0,0.01,10,6000,买盘
2237,14:38:45,5.99,-0.01,2,1198,卖盘
2238,14:38:57,6.0,0.01,20,12000,买盘
2239,14:39:06,6.0,0.0,30,18000,买盘
2240,14:39:12,5.99,-0.01,8,4792,卖盘
2241,14:39:24,6.0,0.01,46,27600,买盘
2242,14:39:30,6.0,0.0,225,135000,买盘
2243,14:39:33,6.0,0.0,31,18591,买盘
2244,14:39:37,6.0,0.0,44,26400,买盘
2245,14:39:39,6.0,0.0,3,1800,卖盘
2246,14:39:42,6.0,0.0,10,6000,卖盘
2247,14:39:45,6.01,0.01,26,15626,买盘
2248,14:39:48,6.0,-0.01,43,25800,卖盘
2249,14:39:52,6.01,0.01,343,206143,买盘
2250,14:39:55,6.01,0.0,1,601,卖盘
2251,14:39:58,6.02,0.01,45,27090,买盘
2252,14:40:05,6.02,0.0,61,36722,买盘
2253,14:40:09,6.02,0.0,276,165881,买盘
2254,14:40:12,6.02,0.0,11,6622,买盘
2255,14:40:21,6.02,0.0,10,6020,买盘
2256,14:40:24,6.01,-0.01,6,3606,卖盘
2257,14:40:33,6.01,0.0,10,6010,卖盘
2258,14:40:39,6.0,-0.01,100,60000,卖盘
2259,14:40:45,6.0,0.0,1,600,卖盘
2260,14:40:48,6.01,0.01,48,28848,买盘
2261,14:40:54,6.01,0.0,87,52287,买盘
2262,14:41:06,6.0,-0.01,91,54600,卖盘
2263,14:41:09,6.01,0.01,1,601,买盘
2264,14:41:21,6.0,-0.01,2,1200,卖盘
2265,14:41:48,6.0,0.0,100,60000,卖盘
2266,14:41:51,6.0,0.0,5,3000,卖盘
2267,14:41:54,6.01,0.01,325,195245,买盘
2268,14:42:09,6.02,0.01,89,53576,买盘
2269,14:42:15,6.02,0.0,8,4816,卖盘
2270,14:42:19,6.02,0.0,37,22275,卖盘
2271,14:42:21,6.0,-0.02,204,122708,卖盘
2272,14:42:24,6.02,0.02,12,7224,买盘
2273,14:42:51,6.02,0.0,12,7224,买盘
2274,14:42:54,6.02,0.0,10,6020,买盘
2275,14:43:06,6.02,0.0,5,3010,买盘
2276,14:43:13,6.0,-0.02,500,300238,卖盘
2277,14:43:19,6.01,0.01,10,6010,卖盘
2278,14:43:24,6.01,0.0,40,24040,买盘
2279,14:43:33,6.02,0.01,228,137256,买盘
2280,14:43:36,6.0,-0.02,400,240130,卖盘
2281,14:43:54,6.0,0.0,5,3000,卖盘
2282,14:44:18,6.01,0.01,2,1202,买盘
2283,14:44:21,6.01,0.0,6,3606,卖盘
2284,14:44:27,6.01,0.0,6,3606,卖盘
2285,14:44:30,6.0,-0.01,334,200452,卖盘
2286,14:44:33,6.0,0.0,2,1200,买盘
2287,14:44:39,5.99,-0.01,4,2396,卖盘
2288,14:44:42,6.0,0.01,10,6000,买盘
2289,14:44:48,6.0,0.0,30,18000,买盘
2290,14:44:51,6.0,0.0,3,1800,买盘
2291,14:44:57,5.97,-0.03,719,430210,卖盘
2292,14:45:00,6.0,0.03,10,6000,买盘
2293,14:45:03,6.0,0.0,11,6600,买盘
2294,14:45:06,6.0,0.0,10,5998,买盘
2295,14:45:15,6.0,0.0,2,1200,买盘
2296,14:45:18,5.99,-0.01,36,21564,卖盘
2297,14:45:31,5.99,0.0,5,2995,卖盘
2298,14:45:51,6.0,0.01,87,52200,买盘
2299,14:46:09,6.0,0.0,21,12600,买盘
2300,14:46:18,5.99,-0.01,100,59905,卖盘
2301,14:46:45,6.0,0.01,17,10200,卖盘
2302,14:46:51,5.99,-0.01,5,2995,卖盘
2303,14:46:57,5.99,0.0,569,340831,卖盘
2304,14:47:00,6.0,0.01,70,41969,买盘
2305,14:47:10,5.99,-0.01,3,1797,卖盘
2306,14:47:27,6.0,0.01,24,14400,买盘
2307,14:47:43,6.0,0.0,2,1200,买盘
2308,14:47:48,5.99,-0.01,19,11381,卖盘
2309,14:47:51,5.99,0.0,4,2396,卖盘
2310,14:47:54,5.99,0.0,1,599,卖盘
2311,14:47:57,5.99,0.0,4,2396,卖盘
2312,14:48:00,5.99,0.0,20,11980,卖盘
2313,14:48:12,5.99,0.0,14,8396,卖盘
2314,14:48:15,5.99,0.0,2,1198,卖盘
2315,14:48:18,5.98,-0.01,43,25715,卖盘
2316,14:48:21,5.99,0.01,3,1797,买盘
2317,14:48:27,5.99,0.0,18,10782,买盘
2318,14:48:45,5.99,0.0,63,37694,买盘
2319,14:48:49,5.99,0.0,5,2995,买盘
2320,14:48:51,5.98,-0.01,4,2392,卖盘
2321,14:48:57,5.99,0.01,16,9584,买盘
2322,14:49:05,5.99,0.0,4,2396,卖盘
2323,14:49:07,5.98,-0.01,83,49634,卖盘
2324,14:49:15,6.0,0.02,228,136712,买盘
2325,14:49:18,5.97,-0.03,270,161313,卖盘
2326,14:49:21,5.98,0.01,2,1196,卖盘
2327,14:49:24,5.99,0.01,2,1198,买盘
2328,14:49:30,5.99,0.0,59,35341,卖盘
2329,14:49:34,5.99,0.0,1,599,卖盘
2330,14:49:36,5.99,0.0,101,60519,卖盘
2331,14:49:42,5.98,-0.01,44,26312,卖盘
2332,14:49:46,5.99,0.01,5,2995,买盘
2333,14:49:49,5.99,0.0,10,5990,买盘
2334,14:49:51,5.99,0.0,28,16753,买盘
2335,14:49:54,5.97,-0.02,90,53739,卖盘
2336,14:49:57,5.97,0.0,40,23880,卖盘
2337,14:50:04,5.98,0.01,58,34677,买盘
2338,14:50:06,5.99,0.01,153,91395,买盘
2339,14:50:09,5.99,0.0,5,2995,买盘
2340,14:50:12,5.99,0.0,3,1797,买盘
2341,14:50:18,5.99,0.0,3,1797,买盘
2342,14:50:22,5.99,0.0,7,4193,买盘
2343,14:50:24,5.99,0.0,14,8386,买盘
2344,14:50:27,5.99,0.0,387,232183,卖盘
2345,14:50:30,5.99,0.0,96,57504,卖盘
2346,14:50:51,5.99,0.0,10,5990,买盘
2347,14:50:54,5.99,0.0,10,5990,买盘
2348,14:50:58,5.99,0.0,130,77870,买盘
2349,14:51:09,5.99,0.0,140,83814,买盘
2350,14:51:15,5.99,0.0,53,31747,卖盘
2351,14:51:33,5.99,0.0,212,126988,买盘
2352,14:51:36,5.99,0.0,182,108918,买盘
2353,14:51:39,5.99,0.0,46,27554,卖盘
2354,14:51:42,5.99,0.0,50,29950,卖盘
2355,14:51:45,5.99,0.0,262,156938,卖盘
2356,14:51:54,5.98,-0.01,43,25714,卖盘
2357,14:52:03,5.98,0.0,20,11960,卖盘
2358,14:52:06,5.99,0.01,10,5990,买盘
2359,14:52:12,5.99,0.0,12,7188,买盘
2360,14:52:18,5.98,-0.01,7,4186,卖盘
2361,14:52:21,5.99,0.01,238,142344,买盘
2362,14:52:27,5.99,0.0,2,1198,卖盘
2363,14:52:30,5.99,0.0,1,599,卖盘
2364,14:52:33,6.0,0.01,20,12000,买盘
2365,14:52:39,5.98,-0.02,100,59855,卖盘
2366,14:52:45,5.97,-0.01,44,26297,卖盘
2367,14:52:48,5.99,0.02,18,10782,买盘
2368,14:52:51,5.98,-0.01,53,31697,卖盘
2369,14:52:54,5.98,0.0,7,4186,卖盘
2370,14:53:00,5.99,0.01,10,5990,买盘
2371,14:53:03,5.99,0.0,18,10768,买盘
2372,14:53:06,5.98,-0.01,12,7182,卖盘
2373,14:53:12,5.98,0.0,10,5980,买盘
2374,14:53:18,5.98,0.0,10,5980,买盘
2375,14:53:27,5.98,0.0,4,2392,买盘
2376,14:53:30,5.98,0.0,5,2990,买盘
2377,14:53:36,5.98,0.0,33,19734,买盘
2378,14:53:39,5.97,-0.01,87,52006,卖盘
2379,14:53:48,5.97,0.0,121,72345,卖盘
2380,14:54:00,5.99,0.02,100,59900,买盘
2381,14:54:04,5.99,0.0,102,61098,卖盘
2382,14:54:10,5.99,0.0,130,77870,买盘
2383,14:54:12,5.99,0.0,4,2396,买盘
2384,14:54:18,5.98,-0.01,103,61594,卖盘
2385,14:54:21,5.98,0.0,282,168561,卖盘
2386,14:54:30,5.97,-0.01,2,1194,卖盘
2387,14:54:39,5.97,0.0,46,27462,卖盘
2388,14:54:42,5.98,0.01,48,28704,买盘
2389,14:54:51,5.98,0.0,20,11960,卖盘
2390,14:54:54,5.98,0.0,4,2392,卖盘
2391,14:54:58,5.98,0.0,47,28106,卖盘
2392,14:55:00,5.98,0.0,182,108836,卖盘
2393,14:55:04,5.98,0.0,5,2990,买盘
2394,14:55:09,5.98,0.0,28,16744,买盘
2395,14:55:15,5.97,-0.01,4,2388,卖盘
2396,14:55:21,5.97,0.0,10,5970,卖盘
2397,14:55:24,5.97,0.0,6,3582,卖盘
2398,14:55:30,5.97,0.0,1,597,卖盘
2399,14:55:39,5.98,0.01,131,78277,买盘
2400,14:55:42,5.97,-0.01,45,26865,卖盘
2401,14:55:48,5.97,0.0,116,69252,卖盘
2402,14:55:52,5.97,0.0,350,208950,卖盘
2403,14:55:54,5.98,0.01,100,59800,买盘
2404,14:56:03,5.97,-0.01,12,7164,卖盘
2405,14:56:06,5.97,0.0,14,8358,卖盘
2406,14:56:09,5.97,0.0,13,7761,卖盘
2407,14:56:12,5.97,0.0,55,32854,卖盘
2408,14:56:15,5.97,0.0,8,4776,卖盘
2409,14:56:18,5.97,0.0,8,4776,卖盘
2410,14:56:21,5.98,0.01,1,598,买盘
2411,14:56:30,5.97,-0.01,50,29850,卖盘
2412,14:56:33,5.97,0.0,3,1791,卖盘
2413,14:56:36,5.97,0.0,36,21492,卖盘
2414,14:56:39,5.97,0.0,25,14925,卖盘
2415,14:56:42,5.97,0.0,2,1194,卖盘
2416,14:56:45,5.97,0.0,89,53133,卖盘
2417,14:56:48,5.98,0.01,217,129504,买盘
2418,14:56:51,5.98,0.0,26,15548,买盘
2419,14:56:54,5.97,-0.01,5,2985,中性盘
2420,14:57:00,5.96,-0.01,37,22066,卖盘
2421,15:00:04,5.97,0.01,1250,746250,卖盘
