,time,price,change,volume,amount,type
0,09:25:04,2.43,0.02,827,200961,买盘
1,09:30:04,2.42,-0.01,74,17908,中性盘
2,09:30:07,2.43,0.01,402,97647,买盘
3,09:30:10,2.43,0.0,88,21384,卖盘
4,09:30:13,2.44,0.01,52,12668,买盘
5,09:30:19,2.42,-0.02,31,7512,卖盘
6,09:30:28,2.43,0.01,37,8991,买盘
7,09:30:36,2.43,0.0,94,22842,买盘
8,09:30:40,2.43,0.0,105,25515,买盘
9,09:30:43,2.43,0.0,17,4131,买盘
10,09:30:45,2.43,0.0,537,130452,买盘
11,09:30:48,2.43,0.0,10,2430,卖盘
12,09:30:55,2.43,0.0,219,53217,卖盘
13,09:31:04,2.44,0.01,127,30977,买盘
14,09:31:13,2.44,0.0,1135,276940,买盘
15,09:31:16,2.44,0.0,536,130784,卖盘
16,09:31:19,2.44,0.0,182,44408,买盘
17,09:31:22,2.44,0.0,135,32940,买盘
18,09:31:31,2.44,0.0,65,15860,买盘
19,09:31:34,2.44,0.0,26,6326,买盘
20,09:31:40,2.44,0.0,10,2440,买盘
21,09:31:43,2.44,0.0,15,3660,买盘
22,09:31:46,2.44,0.0,48,11712,买盘
23,09:31:49,2.44,0.0,10,2440,买盘
24,09:31:52,2.43,-0.01,50,12150,卖盘
25,09:31:58,2.44,0.01,620,150682,买盘
26,09:32:01,2.43,-0.01,28,6804,买盘
27,09:32:07,2.43,0.0,50,12150,买盘
28,09:32:09,2.43,0.0,50,12150,买盘
29,09:32:13,2.43,0.0,1663,404109,买盘
30,09:32:16,2.42,-0.01,20,4840,卖盘
31,09:32:19,2.43,0.01,6,1458,买盘
32,09:32:21,2.43,0.0,179,43497,买盘
33,09:32:25,2.42,-0.01,20,4840,卖盘
34,09:32:28,2.43,0.01,27,6561,买盘
35,09:32:30,2.42,-0.01,90,21780,卖盘
36,09:32:33,2.43,0.01,91,22047,买盘
37,09:32:40,2.43,0.0,346,84078,买盘
38,09:32:43,2.43,0.0,25,6055,买盘
39,09:32:46,2.43,0.0,15,3645,买盘
40,09:32:48,2.43,0.0,117,28431,买盘
41,09:32:54,2.43,0.0,7,1701,买盘
42,09:32:57,2.43,0.0,31,7533,买盘
43,09:33:01,2.43,0.0,37,8991,买盘
44,09:33:04,2.43,0.0,7,1701,买盘
45,09:33:06,2.43,0.0,8,1944,买盘
46,09:33:10,2.43,0.0,39,9477,买盘
47,09:33:13,2.43,0.0,242,58806,买盘
48,09:33:16,2.43,0.0,62,15066,买盘
49,09:33:19,2.43,0.0,5,1215,买盘
50,09:33:22,2.43,0.0,50,12150,买盘
51,09:33:25,2.43,0.0,100,24300,买盘
52,09:33:30,2.43,0.0,46,11178,买盘
53,09:33:36,2.42,-0.01,204,49414,卖盘
54,09:33:43,2.42,0.0,2,484,卖盘
55,09:33:46,2.42,0.0,347,83988,卖盘
56,09:33:49,2.42,0.0,38,9196,卖盘
57,09:33:55,2.43,0.01,7,1701,中性盘
58,09:34:01,2.43,0.0,65,15795,买盘
59,09:34:06,2.43,0.0,180,43740,卖盘
60,09:34:10,2.43,0.0,105,25451,买盘
61,09:34:12,2.43,0.0,20,4860,买盘
62,09:34:15,2.43,0.0,21,5103,买盘
63,09:34:19,2.43,0.0,52,12636,买盘
64,09:34:34,2.43,0.0,1,243,买盘
65,09:34:36,2.42,-0.01,508,122944,卖盘
66,09:34:40,2.42,0.0,7,1694,卖盘
67,09:34:43,2.43,0.01,70,17010,买盘
68,09:34:45,2.42,-0.01,142,34364,卖盘
69,09:34:51,2.43,0.01,50,12150,买盘
70,09:34:55,2.42,-0.01,500,121000,卖盘
71,09:34:58,2.43,0.01,26,6318,买盘
72,09:35:00,2.43,0.0,5,1215,买盘
73,09:35:04,2.43,0.0,329,79648,买盘
74,09:35:07,2.42,-0.01,450,108900,卖盘
75,09:35:10,2.43,0.01,927,224629,买盘
76,09:35:13,2.42,-0.01,841,204343,中性盘
77,09:35:15,2.42,0.0,2,484,买盘
78,09:35:19,2.42,0.0,354,85669,卖盘
79,09:35:22,2.42,0.0,60,14520,买盘
80,09:35:27,2.42,0.0,10,2420,买盘
81,09:35:31,2.42,0.0,304,73568,买盘
82,09:35:34,2.43,0.01,99,24057,买盘
83,09:35:37,2.42,-0.01,71,17182,卖盘
84,09:35:42,2.42,0.0,10,2420,卖盘
85,09:35:58,2.42,0.0,601,145442,卖盘
86,09:36:06,2.42,0.0,50,12100,卖盘
87,09:36:18,2.43,0.01,50,12150,买盘
88,09:36:21,2.42,-0.01,151,36542,卖盘
89,09:36:25,2.42,0.0,58,14066,卖盘
90,09:36:31,2.43,0.01,106,25758,买盘
91,09:36:34,2.43,0.0,220,53460,买盘
92,09:36:39,2.42,-0.01,608,147136,卖盘
93,09:36:49,2.43,0.01,300,72900,买盘
94,09:37:10,2.43,0.0,4,972,买盘
95,09:37:13,2.42,-0.01,25,6050,卖盘
96,09:37:16,2.42,0.0,142,34366,卖盘
97,09:37:22,2.43,0.01,78,18881,买盘
98,09:37:25,2.42,-0.01,174,42182,卖盘
99,09:37:30,2.43,0.01,494,120042,买盘
100,09:37:37,2.43,0.0,1174,284349,卖盘
101,09:37:40,2.43,0.0,16,3888,卖盘
102,09:37:43,2.43,0.0,25,6075,卖盘
103,09:37:46,2.43,0.0,590,143370,卖盘
104,09:37:51,2.43,0.0,83,20169,卖盘
105,09:37:54,2.43,0.0,127,30866,卖盘
106,09:37:58,2.43,0.0,29,7047,卖盘
107,09:38:01,2.43,0.0,35,8505,卖盘
108,09:38:04,2.43,0.0,35,8505,卖盘
109,09:38:07,2.43,0.0,94,22842,卖盘
110,09:38:09,2.43,0.0,155,37665,买盘
111,09:38:13,2.42,-0.01,50,12100,卖盘
112,09:38:19,2.43,0.01,643,156249,买盘
113,09:38:22,2.43,0.0,79,19197,卖盘
114,09:38:25,2.43,0.0,205,50010,卖盘
115,09:38:28,2.43,0.0,30,7290,卖盘
116,09:38:34,2.43,0.0,100,24300,卖盘
117,09:38:37,2.43,0.0,94,22842,卖盘
118,09:38:40,2.43,0.0,73,17739,卖盘
119,09:38:49,2.43,0.0,12,2916,买盘
120,09:38:51,2.43,0.0,6,1458,卖盘
121,09:38:54,2.43,0.0,1,243,卖盘
122,09:38:58,2.43,0.0,2,486,卖盘
123,09:39:00,2.44,0.01,21,5123,买盘
124,09:39:07,2.43,-0.01,486,118098,卖盘
125,09:39:16,2.44,0.01,49,11956,买盘
126,09:39:28,2.43,-0.01,188,45772,卖盘
127,09:39:49,2.44,0.01,12,2928,买盘
128,09:39:52,2.43,-0.01,73,17772,卖盘
129,09:40:04,2.44,0.01,6,1464,买盘
130,09:40:16,2.44,0.0,15,3660,买盘
131,09:40:19,2.44,0.0,40,9760,买盘
132,09:40:25,2.43,-0.01,51,12413,卖盘
133,09:40:31,2.44,0.01,393,95892,买盘
134,09:40:37,2.44,0.0,32,7796,买盘
135,09:40:40,2.44,0.0,2,488,买盘
136,09:40:48,2.44,0.0,13,3172,买盘
137,09:40:55,2.44,0.0,3,732,买盘
138,09:40:58,2.44,0.0,9,2196,买盘
139,09:41:01,2.43,-0.01,9,2187,卖盘
140,09:41:22,2.43,0.0,99,24057,卖盘
141,09:41:25,2.44,0.01,71,17324,买盘
142,09:41:31,2.44,0.0,333,81219,买盘
143,09:41:34,2.43,-0.01,48,11664,卖盘
144,09:41:43,2.44,0.01,5,1220,买盘
145,09:41:46,2.43,-0.01,86,20902,卖盘
146,09:41:49,2.43,0.0,44,10706,卖盘
147,09:41:51,2.44,0.01,10,2440,买盘
148,09:41:57,2.44,0.0,20,4880,买盘
149,09:42:06,2.44,0.0,48,11712,买盘
150,09:42:10,2.43,-0.01,100,24300,卖盘
151,09:42:13,2.43,0.0,1,243,卖盘
152,09:42:28,2.44,0.01,5,1220,买盘
153,09:42:31,2.43,-0.01,10,2430,卖盘
154,09:42:49,2.43,0.0,50,12150,卖盘
155,09:43:04,2.44,0.01,74,18056,买盘
156,09:43:16,2.44,0.0,7,1708,买盘
157,09:43:21,2.43,-0.01,1004,244887,卖盘
158,09:43:31,2.43,0.0,200,48600,卖盘
159,09:43:37,2.43,0.0,20,4860,卖盘
160,09:43:43,2.43,0.0,5,1215,卖盘
161,09:43:49,2.44,0.01,5,1220,买盘
162,09:43:52,2.44,0.0,510,124440,买盘
163,09:44:00,2.43,-0.01,120,29160,卖盘
164,09:44:06,2.44,0.01,41,10004,买盘
165,09:44:10,2.44,0.0,11,2684,买盘
166,09:44:13,2.43,-0.01,668,162324,卖盘
167,09:44:19,2.44,0.01,82,20008,买盘
168,09:44:22,2.43,-0.01,247,60021,卖盘
169,09:44:30,2.44,0.01,246,60024,买盘
170,09:44:34,2.43,-0.01,10,2430,卖盘
171,09:44:49,2.43,0.0,1,243,卖盘
172,09:44:52,2.44,0.01,3,732,买盘
173,09:45:06,2.43,-0.01,30,7290,卖盘
174,09:45:09,2.43,0.0,20,4860,卖盘
175,09:45:21,2.43,0.0,9,2187,卖盘
176,09:45:36,2.44,0.01,15,3660,买盘
177,09:45:40,2.44,0.0,105,25620,买盘
178,09:45:43,2.43,-0.01,199,48362,卖盘
179,09:45:49,2.44,0.01,17,4148,买盘
180,09:45:52,2.44,0.0,1220,297680,买盘
181,09:45:55,2.43,-0.01,80,19440,卖盘
182,09:45:58,2.44,0.01,2,488,买盘
183,09:46:07,2.44,0.0,68,16592,买盘
184,09:46:16,2.44,0.0,50,12200,买盘
185,09:46:22,2.44,0.0,13,3160,买盘
186,09:46:25,2.43,-0.01,4,972,卖盘
187,09:46:36,2.44,0.01,56,13664,买盘
188,09:46:46,2.44,0.0,2446,596824,买盘
189,09:46:49,2.44,0.0,39,9516,买盘
190,09:46:52,2.44,0.0,90,21960,买盘
191,09:46:55,2.44,0.0,23,5609,买盘
192,09:47:04,2.43,-0.01,20,4862,卖盘
193,09:47:06,2.44,0.01,20,4880,买盘
194,09:47:10,2.44,0.0,56,13664,买盘
195,09:47:15,2.44,0.0,1102,268888,买盘
196,09:47:18,2.44,0.0,29,7076,买盘
197,09:47:22,2.44,0.0,924,225456,买盘
198,09:47:25,2.44,0.0,40,9760,卖盘
199,09:47:31,2.44,0.0,8,1952,卖盘
200,09:47:34,2.44,0.0,833,204060,卖盘
201,09:47:37,2.44,0.0,275,67100,卖盘
202,09:47:40,2.44,0.0,46,11254,卖盘
203,09:47:46,2.44,0.0,90,21960,卖盘
204,09:48:01,2.45,0.01,50,12250,买盘
205,09:48:10,2.44,-0.01,314,76630,卖盘
206,09:48:28,2.45,0.01,100,24500,买盘
207,09:48:40,2.45,0.0,120,29400,买盘
208,09:48:46,2.45,0.0,405,99199,买盘
209,09:48:49,2.45,0.0,345,84525,买盘
210,09:48:54,2.45,0.0,10,2450,买盘
211,09:48:58,2.45,0.0,10,2450,买盘
212,09:49:04,2.45,0.0,74,18130,买盘
213,09:49:07,2.45,0.0,280,68600,买盘
214,09:49:09,2.44,-0.01,36,8818,卖盘
215,09:49:19,2.45,0.01,70,17150,买盘
216,09:49:21,2.45,0.0,10,2450,买盘
217,09:49:27,2.45,0.0,5,1225,买盘
218,09:49:37,2.45,0.0,70,17150,买盘
219,09:49:43,2.45,0.0,250,61250,买盘
220,09:49:46,2.45,0.0,42,10290,买盘
221,09:49:52,2.45,0.0,90,22050,买盘
222,09:49:55,2.45,0.0,33,8085,买盘
223,09:49:58,2.45,0.0,107,26215,买盘
224,09:50:01,2.45,0.0,445,109025,买盘
225,09:50:04,2.44,-0.01,20,4880,卖盘
226,09:50:07,2.45,0.01,58,14210,买盘
227,09:50:10,2.45,0.0,72,17640,买盘
228,09:50:12,2.44,-0.01,59,14396,卖盘
229,09:50:25,2.45,0.01,80,19600,买盘
230,09:50:28,2.44,-0.01,9,2196,卖盘
231,09:50:34,2.44,0.0,50,12200,卖盘
232,09:50:43,2.45,0.01,80,19600,买盘
233,09:50:46,2.44,-0.01,15,3660,卖盘
234,09:50:54,2.45,0.01,4,980,买盘
235,09:51:12,2.44,-0.01,93,22727,卖盘
236,09:51:19,2.45,0.01,1205,295225,买盘
237,09:51:22,2.45,0.0,5,1225,买盘
238,09:51:31,2.45,0.0,248,60760,买盘
239,09:51:34,2.44,-0.01,10,2440,卖盘
240,09:51:37,2.45,0.01,107,26215,买盘
241,09:51:49,2.44,-0.01,20,4880,卖盘
242,09:52:01,2.45,0.01,100,24500,买盘
243,09:52:34,2.45,0.0,200,49000,买盘
244,09:52:40,2.45,0.0,311,76195,买盘
245,09:52:45,2.45,0.0,60,14700,买盘
246,09:52:49,2.45,0.0,10,2450,买盘
247,09:53:01,2.45,0.0,50,12250,买盘
248,09:53:04,2.44,-0.01,27,6588,卖盘
249,09:53:10,2.45,0.01,103,25235,买盘
250,09:53:18,2.45,0.0,77,18805,买盘
251,09:53:39,2.45,0.0,35,8575,买盘
252,09:53:46,2.44,-0.01,5,1220,卖盘
253,09:53:49,2.45,0.01,15,3675,买盘
254,09:54:01,2.45,0.0,4,980,买盘
255,09:54:19,2.45,0.0,15,3675,买盘
256,09:54:31,2.45,0.0,18,4410,买盘
257,09:54:40,2.45,0.0,1,245,买盘
258,09:54:58,2.45,0.0,10,2450,买盘
259,09:55:09,2.45,0.0,100,24500,买盘
260,09:55:15,2.44,-0.01,10,2440,卖盘
261,09:55:22,2.44,0.0,18,4405,卖盘
262,09:55:39,2.45,0.01,73,17885,买盘
263,09:55:46,2.44,-0.01,5,1220,卖盘
264,09:56:01,2.45,0.01,20,4900,买盘
265,09:56:04,2.44,-0.01,25,6100,卖盘
266,09:56:12,2.45,0.01,2,490,买盘
267,09:56:15,2.44,-0.01,10,2440,卖盘
268,09:56:21,2.45,0.01,6,1470,买盘
269,09:56:24,2.45,0.0,33,8085,买盘
270,09:56:36,2.45,0.0,8,1960,买盘
271,09:57:16,2.44,-0.01,1800,439200,卖盘
272,09:57:19,2.44,0.0,80,19520,卖盘
273,09:57:22,2.44,0.0,1048,255712,卖盘
274,09:57:24,2.44,0.0,753,183732,卖盘
275,09:57:31,2.44,0.0,4,976,买盘
276,09:57:49,2.43,-0.01,1,243,卖盘
277,09:57:52,2.44,0.01,277,67588,买盘
278,09:57:55,2.44,0.0,8,1952,买盘
279,09:58:19,2.43,-0.01,10,2430,卖盘
280,09:58:22,2.44,0.01,44,10736,买盘
281,09:58:28,2.44,0.0,13,3172,买盘
282,09:58:31,2.44,0.0,25,6100,买盘
283,09:58:42,2.43,-0.01,30,7290,卖盘
284,09:58:49,2.44,0.01,790,192760,买盘
285,09:59:06,2.44,0.0,85,20739,买盘
286,09:59:10,2.43,-0.01,5,1215,卖盘
287,09:59:19,2.44,0.01,3,732,买盘
288,09:59:34,2.44,0.0,261,63613,买盘
289,09:59:43,2.44,0.0,30,7320,买盘
290,09:59:45,2.44,0.0,1,244,买盘
291,09:59:49,2.44,0.0,28,6832,买盘
292,09:59:52,2.44,0.0,27,6588,买盘
293,09:59:55,2.44,0.0,17,4148,买盘
294,09:59:58,2.44,0.0,133,32452,买盘
295,10:00:01,2.44,0.0,16,3904,买盘
296,10:00:04,2.44,0.0,40,9760,买盘
297,10:00:06,2.44,0.0,1051,256444,买盘
298,10:00:09,2.44,0.0,23,5612,卖盘
299,10:00:16,2.44,0.0,5,1220,卖盘
300,10:00:18,2.45,0.01,460,112700,买盘
301,10:00:28,2.45,0.0,133,32585,买盘
302,10:00:31,2.44,-0.01,80,19520,卖盘
303,10:00:39,2.45,0.01,141,34541,买盘
304,10:00:45,2.45,0.0,22,5390,买盘
305,10:01:09,2.44,-0.01,146,35624,卖盘
306,10:01:16,2.45,0.01,10,2450,买盘
307,10:01:37,2.45,0.0,312,76440,买盘
308,10:01:42,2.44,-0.01,71,17324,卖盘
309,10:01:49,2.44,0.0,1429,348677,卖盘
310,10:01:52,2.45,0.01,8,1960,买盘
311,10:01:54,2.45,0.0,110,26950,买盘
312,10:01:58,2.44,-0.01,10,2440,卖盘
313,10:02:27,2.44,0.0,100,24400,卖盘
314,10:02:31,2.45,0.01,71,17395,买盘
315,10:02:45,2.44,-0.01,8,1952,卖盘
316,10:02:54,2.45,0.01,2,490,买盘
317,10:02:57,2.44,-0.01,1,244,卖盘
318,10:03:01,2.44,0.0,153,37422,卖盘
319,10:03:04,2.45,0.01,200,49000,买盘
320,10:03:10,2.44,-0.01,523,127612,卖盘
321,10:03:16,2.44,0.0,9,2196,买盘
322,10:03:19,2.45,0.01,112,27383,买盘
323,10:03:25,2.44,-0.01,144,35136,卖盘
324,10:03:28,2.44,0.0,30,7320,买盘
325,10:03:31,2.45,0.01,564,137838,买盘
326,10:03:45,2.44,-0.01,63,15372,卖盘
327,10:03:48,2.44,0.0,62,15134,卖盘
328,10:04:13,2.45,0.01,527,129115,买盘
329,10:04:37,2.45,0.0,23,5635,买盘
330,10:04:46,2.44,-0.01,9,2196,卖盘
331,10:04:57,2.44,0.0,373,91012,卖盘
332,10:05:04,2.45,0.01,4,980,买盘
333,10:05:06,2.44,-0.01,1,244,卖盘
334,10:05:09,2.45,0.01,4,980,买盘
335,10:05:19,2.44,-0.01,7,1708,卖盘
336,10:05:40,2.44,0.0,63,15372,卖盘
337,10:05:49,2.45,0.01,1,245,买盘
338,10:06:06,2.44,-0.01,200,48800,卖盘
339,10:06:28,2.44,0.0,150,36600,卖盘
340,10:06:42,2.44,0.0,4,976,卖盘
341,10:07:06,2.44,0.0,192,46848,卖盘
342,10:07:12,2.44,0.0,54,13176,卖盘
343,10:07:28,2.44,0.0,394,96136,卖盘
344,10:07:31,2.45,0.01,1,245,买盘
345,10:07:58,2.44,-0.01,35,8540,卖盘
346,10:08:01,2.44,0.0,50,12200,卖盘
347,10:08:27,2.44,0.0,50,12200,卖盘
348,10:08:33,2.44,0.0,5,1220,卖盘
349,10:08:40,2.44,0.0,105,25620,卖盘
350,10:08:43,2.44,0.0,30,7320,卖盘
351,10:08:49,2.44,0.0,45,10980,卖盘
352,10:08:55,2.44,0.0,22,5368,卖盘
353,10:08:58,2.44,0.0,300,73200,卖盘
354,10:09:15,2.44,0.0,43,10492,卖盘
355,10:09:22,2.44,0.0,73,17812,卖盘
356,10:09:30,2.44,0.0,43,10492,卖盘
357,10:09:34,2.44,0.0,17,4148,卖盘
358,10:09:37,2.44,0.0,848,206912,卖盘
359,10:09:48,2.44,0.0,58,14152,卖盘
360,10:09:52,2.44,0.0,25,6100,卖盘
361,10:09:55,2.44,0.0,353,86132,卖盘
362,10:10:01,2.44,0.0,109,26596,卖盘
363,10:10:43,2.44,0.0,60,14640,买盘
364,10:10:48,2.44,0.0,8,1952,买盘
365,10:10:51,2.44,0.0,2,488,买盘
366,10:10:54,2.44,0.0,3,732,买盘
367,10:10:58,2.44,0.0,10,2440,买盘
368,10:11:00,2.44,0.0,7,1708,买盘
369,10:11:03,2.44,0.0,7,1708,买盘
370,10:11:07,2.44,0.0,500,121990,买盘
371,10:11:09,2.44,0.0,201,49044,买盘
372,10:11:12,2.44,0.0,50,12200,买盘
373,10:11:16,2.44,0.0,43,10492,买盘
374,10:11:19,2.44,0.0,22,5368,买盘
375,10:11:22,2.44,0.0,25,6100,买盘
376,10:11:25,2.44,0.0,14,3416,买盘
377,10:11:28,2.44,0.0,10,2440,买盘
378,10:11:30,2.44,0.0,5,1220,买盘
379,10:11:34,2.44,0.0,5,1220,买盘
380,10:11:37,2.44,0.0,4,976,买盘
381,10:11:40,2.44,0.0,4,976,买盘
382,10:11:43,2.44,0.0,5,1220,买盘
383,10:11:46,2.44,0.0,2,488,买盘
384,10:11:49,2.44,0.0,2,488,买盘
385,10:11:55,2.44,0.0,68,16592,买盘
386,10:11:58,2.44,0.0,17,4148,买盘
387,10:12:00,2.44,0.0,6,1464,买盘
388,10:12:04,2.44,0.0,2,488,买盘
389,10:12:07,2.44,0.0,2,488,买盘
390,10:12:13,2.44,0.0,11,2684,买盘
391,10:12:19,2.44,0.0,1,244,买盘
392,10:12:21,2.44,0.0,1,244,买盘
393,10:12:24,2.44,0.0,347,84668,买盘
394,10:12:31,2.44,0.0,29,7076,卖盘
395,10:12:40,2.45,0.01,2,490,买盘
396,10:12:51,2.44,-0.01,322,78568,卖盘
397,10:12:55,2.44,0.0,57,13908,卖盘
398,10:13:06,2.44,0.0,50,12200,卖盘
399,10:13:13,2.44,0.0,5,1220,卖盘
400,10:13:19,2.44,0.0,50,12200,卖盘
401,10:13:22,2.44,0.0,50,12200,卖盘
402,10:13:30,2.45,0.01,200,49000,买盘
403,10:13:33,2.44,-0.01,63,15372,卖盘
404,10:13:37,2.44,0.0,3,732,卖盘
405,10:13:43,2.44,0.0,156,38064,卖盘
406,10:13:55,2.44,0.0,3,732,卖盘
407,10:13:58,2.44,0.0,80,19520,卖盘
408,10:14:01,2.44,0.0,57,13908,卖盘
409,10:14:07,2.44,0.0,3,732,买盘
410,10:14:10,2.44,0.0,3,732,买盘
411,10:14:13,2.44,0.0,3,732,买盘
412,10:14:15,2.44,0.0,3,732,买盘
413,10:14:19,2.44,0.0,8,1952,买盘
414,10:14:21,2.44,0.0,5,1220,买盘
415,10:14:25,2.44,0.0,4,976,买盘
416,10:14:28,2.44,0.0,2,488,买盘
417,10:14:30,2.43,-0.01,4,975,卖盘
418,10:14:33,2.44,0.01,3,732,买盘
419,10:14:37,2.44,0.0,3,732,买盘
420,10:14:39,2.44,0.0,4,976,买盘
421,10:14:43,2.44,0.0,2,488,买盘
422,10:14:46,2.44,0.0,2,488,买盘
423,10:14:49,2.44,0.0,2,488,买盘
424,10:14:52,2.44,0.0,2,488,买盘
425,10:14:55,2.44,0.0,3,732,买盘
426,10:14:58,2.44,0.0,31,7564,买盘
427,10:15:28,2.44,0.0,25,6105,卖盘
428,10:16:04,2.45,0.01,10,2450,买盘
429,10:16:25,2.44,-0.01,10,2440,卖盘
430,10:16:31,2.44,0.0,22,5368,买盘
431,10:16:34,2.44,0.0,1,244,买盘
432,10:16:37,2.44,0.0,1,244,买盘
433,10:16:39,2.44,0.0,21,5124,买盘
434,10:16:46,2.44,0.0,142,34648,买盘
435,10:17:04,2.44,0.0,126,30744,卖盘
436,10:17:06,2.44,0.0,110,26840,卖盘
437,10:17:13,2.44,0.0,300,73200,卖盘
438,10:17:49,2.44,0.0,123,30012,卖盘
439,10:18:07,2.44,0.0,25,6100,卖盘
440,10:18:31,2.44,0.0,100,24400,卖盘
441,10:18:40,2.44,0.0,20,4880,卖盘
442,10:18:43,2.44,0.0,20,4880,卖盘
443,10:18:49,2.44,0.0,86,20984,卖盘
444,10:18:54,2.44,0.0,23,5612,卖盘
445,10:18:58,2.44,0.0,20,4880,卖盘
446,10:19:04,2.44,0.0,17,4148,卖盘
447,10:19:10,2.44,0.0,10,2440,卖盘
448,10:19:13,2.44,0.0,189,46116,卖盘
449,10:19:19,2.44,0.0,58,14152,卖盘
450,10:19:31,2.43,-0.01,9,2189,卖盘
451,10:19:33,2.44,0.01,4,976,买盘
452,10:19:36,2.43,-0.01,17,4132,卖盘
453,10:19:40,2.44,0.01,1,244,买盘
454,10:19:43,2.44,0.0,2,488,买盘
455,10:19:46,2.44,0.0,1,244,买盘
456,10:19:48,2.44,0.0,1,244,买盘
457,10:19:51,2.44,0.0,2,488,买盘
458,10:19:54,2.44,0.0,5,1220,买盘
459,10:19:58,2.44,0.0,5,1220,买盘
460,10:20:01,2.44,0.0,4,976,买盘
461,10:20:58,2.43,-0.01,50,12170,卖盘
462,10:21:43,2.43,0.0,29,7047,卖盘
463,10:21:52,2.44,0.01,3,732,买盘
464,10:22:04,2.43,-0.01,26,6318,卖盘
465,10:22:16,2.44,0.01,1,244,买盘
466,10:22:55,2.44,0.0,150,36600,买盘
467,10:23:57,2.44,0.0,49,11956,买盘
468,10:24:28,2.44,0.0,1,244,买盘
469,10:24:40,2.44,0.0,1000,244000,买盘
470,10:24:45,2.43,-0.01,1,243,卖盘
471,10:24:55,2.43,0.0,119,28917,卖盘
472,10:25:12,2.43,0.0,90,21910,卖盘
473,10:25:19,2.44,0.01,5,1220,买盘
474,10:26:00,2.44,0.0,474,115656,买盘
475,10:26:13,2.43,-0.01,604,146772,卖盘
476,10:26:19,2.43,0.0,1,243,卖盘
477,10:26:28,2.43,0.0,15,3645,卖盘
478,10:26:31,2.43,0.0,19,4617,卖盘
479,10:26:46,2.44,0.01,5,1220,买盘
480,10:26:55,2.44,0.0,1,244,买盘
481,10:27:10,2.44,0.0,35,8540,买盘
482,10:27:43,2.44,0.0,18,4392,买盘
483,10:27:52,2.43,-0.01,80,19440,卖盘
484,10:28:04,2.44,0.01,50,12200,买盘
485,10:28:10,2.44,0.0,39,9516,买盘
486,10:28:25,2.44,0.0,310,75640,买盘
487,10:28:37,2.43,-0.01,431,104733,卖盘
488,10:29:01,2.43,0.0,15,3645,卖盘
489,10:29:04,2.44,0.01,46,11224,买盘
490,10:29:27,2.44,0.0,58,14152,买盘
491,10:29:55,2.44,0.0,50,12200,买盘
492,10:30:07,2.43,-0.01,100,24300,卖盘
493,10:30:21,2.43,0.0,2,486,卖盘
494,10:30:31,2.43,0.0,60,14580,卖盘
495,10:31:07,2.43,0.0,200,48600,卖盘
496,10:31:12,2.44,0.01,76,18544,买盘
497,10:31:21,2.44,0.0,16,3904,买盘
498,10:31:46,2.43,-0.01,82,19926,卖盘
499,10:32:10,2.43,0.0,20,4860,卖盘
500,10:32:16,2.43,0.0,6,1458,卖盘
501,10:32:49,2.43,0.0,347,84321,卖盘
502,10:33:03,2.43,0.0,50,12150,卖盘
503,10:33:07,2.44,0.01,30,7320,买盘
504,10:33:12,2.44,0.0,30,7320,买盘
505,10:33:36,2.44,0.0,100,24400,买盘
506,10:33:39,2.43,-0.01,1,243,卖盘
507,10:33:49,2.43,0.0,434,105462,卖盘
508,10:33:55,2.44,0.01,1,244,买盘
509,10:33:58,2.44,0.0,10,2440,买盘
510,10:34:06,2.43,-0.01,100,24300,卖盘
511,10:34:19,2.44,0.01,731,178364,买盘
512,10:34:34,2.44,0.0,9,2196,买盘
513,10:34:37,2.44,0.0,13,3172,买盘
514,10:34:40,2.44,0.0,5,1220,买盘
515,10:34:42,2.44,0.0,10,2440,买盘
516,10:35:01,2.43,-0.01,49,11907,卖盘
517,10:35:12,2.44,0.01,104,25354,买盘
518,10:35:16,2.44,0.0,1,244,买盘
519,10:35:58,2.43,-0.01,68,16524,卖盘
520,10:36:42,2.44,0.01,11,2684,买盘
521,10:36:52,2.43,-0.01,50,12150,卖盘
522,10:37:22,2.43,0.0,90,21870,卖盘
523,10:37:40,2.43,0.0,133,32319,卖盘
524,10:38:01,2.43,0.0,100,24300,卖盘
525,10:38:06,2.43,0.0,15,3645,卖盘
526,10:38:13,2.44,0.01,20,4880,买盘
527,10:38:16,2.43,-0.01,17,4131,卖盘
528,10:38:25,2.44,0.01,1,244,买盘
529,10:38:46,2.43,-0.01,4,972,卖盘
530,10:38:48,2.43,0.0,10,2430,卖盘
531,10:40:09,2.43,0.0,20,4860,卖盘
532,10:40:49,2.43,0.0,3,729,卖盘
533,10:41:13,2.43,0.0,48,11664,卖盘
534,10:41:25,2.44,0.01,63,15372,买盘
535,10:42:46,2.44,0.0,113,27572,买盘
536,10:42:52,2.44,0.0,50,12200,买盘
537,10:42:57,2.44,0.0,2,488,买盘
538,10:43:04,2.44,0.0,55,13420,买盘
539,10:43:09,2.43,-0.01,10,2430,卖盘
540,10:43:13,2.43,0.0,70,17010,卖盘
541,10:43:16,2.43,0.0,74,17982,卖盘
542,10:43:28,2.43,0.0,80,19440,卖盘
543,10:44:19,2.43,0.0,35,8505,卖盘
544,10:44:21,2.43,0.0,20,4860,卖盘
545,10:44:28,2.43,0.0,132,32076,卖盘
546,10:44:30,2.43,0.0,300,72900,卖盘
547,10:44:49,2.43,0.0,1590,386370,卖盘
548,10:45:10,2.44,0.01,121,29524,买盘
549,10:45:16,2.43,-0.01,116,28188,卖盘
550,10:45:30,2.44,0.01,20,4880,买盘
551,10:45:33,2.43,-0.01,3,729,卖盘
552,10:45:39,2.43,0.0,90,21870,卖盘
553,10:45:45,2.43,0.0,7,1701,卖盘
554,10:46:18,2.43,0.0,1,243,卖盘
555,10:46:21,2.43,0.0,129,31347,卖盘
556,10:46:39,2.43,0.0,121,29403,卖盘
557,10:46:42,2.43,0.0,30,7290,卖盘
558,10:46:48,2.43,0.0,10,2430,卖盘
559,10:46:55,2.43,0.0,104,25272,卖盘
560,10:47:07,2.44,0.01,24,5856,买盘
561,10:47:18,2.43,-0.01,30,7290,卖盘
562,10:47:46,2.43,0.0,30,7290,卖盘
563,10:47:49,2.43,0.0,27,6561,卖盘
564,10:47:52,2.43,0.0,38,9234,卖盘
565,10:47:58,2.43,0.0,120,29160,卖盘
566,10:48:15,2.43,0.0,572,138996,卖盘
567,10:48:25,2.43,0.0,187,45441,卖盘
568,10:48:28,2.43,0.0,460,111780,卖盘
569,10:48:31,2.43,0.0,279,67797,卖盘
570,10:48:34,2.43,0.0,578,140454,卖盘
571,10:48:43,2.43,0.0,13,3159,买盘
572,10:48:54,2.42,-0.01,10,2420,卖盘
573,10:49:13,2.43,0.01,180,43740,买盘
574,10:49:37,2.43,0.0,14,3402,买盘
575,10:49:39,2.42,-0.01,1,242,卖盘
576,10:49:46,2.43,0.01,3,729,买盘
577,10:49:48,2.42,-0.01,1772,428824,卖盘
578,10:50:07,2.43,0.01,12,2916,买盘
579,10:50:24,2.42,-0.01,5,1210,卖盘
580,10:50:33,2.42,0.0,136,32912,卖盘
581,10:50:55,2.42,0.0,20,4840,卖盘
582,10:51:01,2.43,0.01,2,486,买盘
583,10:51:34,2.43,0.0,12,2916,买盘
584,10:51:37,2.42,-0.01,154,37268,卖盘
585,10:52:09,2.43,0.01,3788,920484,买盘
586,10:52:12,2.43,0.0,2,486,卖盘
587,10:52:16,2.43,0.0,2,486,卖盘
588,10:52:30,2.43,0.0,82,19926,卖盘
589,10:52:46,2.44,0.01,10,2440,买盘
590,10:53:22,2.43,-0.01,49,11907,卖盘
591,10:53:25,2.43,0.0,40,9720,卖盘
592,10:53:28,2.43,0.0,46,11178,卖盘
593,10:53:49,2.43,0.0,14,3402,卖盘
594,10:54:18,2.43,0.0,3,729,卖盘
595,10:54:52,2.43,0.0,15,3645,卖盘
596,10:54:58,2.43,0.0,11,2673,卖盘
597,10:55:04,2.43,0.0,53,12879,卖盘
598,10:56:01,2.43,0.0,5,1215,卖盘
599,10:56:15,2.43,0.0,3,729,卖盘
600,10:56:36,2.44,0.01,2,488,买盘
601,10:56:57,2.44,0.0,143,34892,买盘
602,10:57:07,2.44,0.0,46,11224,买盘
603,10:57:18,2.44,0.0,7,1708,买盘
604,10:57:52,2.43,-0.01,1,243,卖盘
605,10:58:07,2.44,0.01,50,12200,买盘
606,10:58:27,2.44,0.0,20,4880,买盘
607,10:59:49,2.43,-0.01,235,57105,卖盘
608,11:00:01,2.43,0.0,20,4860,卖盘
609,11:00:13,2.43,0.0,53,12879,卖盘
610,11:00:54,2.43,0.0,25,6075,卖盘
611,11:01:04,2.43,0.0,20,4860,卖盘
612,11:01:12,2.43,0.0,38,9234,卖盘
613,11:02:13,2.44,0.01,17,4148,买盘
614,11:03:22,2.43,-0.01,55,13365,卖盘
615,11:04:01,2.43,0.0,92,22356,卖盘
616,11:04:33,2.44,0.01,150,36600,买盘
617,11:04:40,2.43,-0.01,146,35478,卖盘
618,11:04:43,2.43,0.0,16,3888,卖盘
619,11:05:13,2.43,0.0,75,18225,卖盘
620,11:05:25,2.43,0.0,144,34992,卖盘
621,11:05:34,2.43,0.0,2,486,卖盘
622,11:06:16,2.44,0.01,1,244,买盘
623,11:06:19,2.43,-0.01,2,486,卖盘
624,11:06:22,2.43,0.0,13,3159,卖盘
625,11:06:45,2.44,0.01,100,24400,买盘
626,11:07:30,2.44,0.0,6,1464,买盘
627,11:07:33,2.44,0.0,1,244,买盘
628,11:07:54,2.43,-0.01,1,243,卖盘
629,11:08:00,2.43,0.0,10,2430,卖盘
630,11:08:09,2.43,0.0,25,6075,卖盘
631,11:08:33,2.43,0.0,20,4860,卖盘
632,11:09:06,2.43,0.0,20,4860,卖盘
633,11:09:27,2.43,0.0,210,51030,卖盘
634,11:09:33,2.43,0.0,8,1944,卖盘
635,11:09:36,2.43,0.0,18,4374,卖盘
636,11:09:43,2.43,0.0,85,20655,卖盘
637,11:09:58,2.43,0.0,48,11664,卖盘
638,11:10:04,2.43,0.0,4,972,卖盘
639,11:10:45,2.43,0.0,8,1944,卖盘
640,11:11:24,2.43,0.0,52,12636,卖盘
641,11:11:34,2.43,0.0,1,243,卖盘
642,11:11:57,2.43,0.0,16,3888,卖盘
643,11:12:24,2.43,0.0,30,7290,卖盘
644,11:12:39,2.43,0.0,6,1458,卖盘
645,11:12:43,2.43,0.0,60,14580,卖盘
646,11:12:49,2.43,0.0,28,6804,卖盘
647,11:12:55,2.43,0.0,2,486,卖盘
648,11:13:15,2.43,0.0,21,5103,卖盘
649,11:14:01,2.44,0.01,210,51240,买盘
650,11:14:09,2.44,0.0,222,54146,买盘
651,11:15:01,2.44,0.0,12,2928,买盘
652,11:15:10,2.44,0.0,200,48800,买盘
653,11:15:15,2.44,0.0,202,49288,买盘
654,11:15:31,2.44,0.0,411,100284,买盘
655,11:15:34,2.44,0.0,97,23668,买盘
656,11:15:40,2.43,-0.01,118,28773,卖盘
657,11:15:49,2.44,0.01,90,21960,买盘
658,11:16:07,2.44,0.0,3,732,买盘
659,11:16:13,2.44,0.0,7,1708,买盘
660,11:16:16,2.44,0.0,83,20252,买盘
661,11:16:22,2.44,0.0,58,14152,买盘
662,11:16:28,2.44,0.0,466,113704,买盘
663,11:16:31,2.44,0.0,133,32452,买盘
664,11:16:34,2.44,0.0,4282,1044808,买盘
665,11:16:52,2.44,0.0,216,52704,卖盘
666,11:17:04,2.44,0.0,3,732,卖盘
667,11:17:10,2.44,0.0,46,11225,卖盘
668,11:17:16,2.45,0.01,1,245,买盘
669,11:17:19,2.44,-0.01,12,2928,卖盘
670,11:17:40,2.45,0.01,100,24500,买盘
671,11:17:57,2.45,0.0,1,245,买盘
672,11:18:01,2.44,-0.01,2,488,卖盘
673,11:18:07,2.45,0.01,1,245,买盘
674,11:18:18,2.45,0.0,1,245,买盘
675,11:18:27,2.45,0.0,40,9800,买盘
676,11:18:34,2.45,0.0,1,245,买盘
677,11:19:09,2.45,0.0,78,19110,买盘
678,11:19:18,2.45,0.0,4,980,买盘
679,11:19:49,2.45,0.0,1,245,买盘
680,11:20:04,2.45,0.0,716,175420,买盘
681,11:20:10,2.45,0.0,75,18375,买盘
682,11:20:12,2.45,0.0,140,34300,买盘
683,11:20:24,2.45,0.0,50,12250,买盘
684,11:20:31,2.45,0.0,2,490,买盘
685,11:20:40,2.45,0.0,11,2695,买盘
686,11:20:51,2.45,0.0,31,7595,买盘
687,11:21:01,2.45,0.0,3,735,买盘
688,11:21:10,2.45,0.0,50,12250,买盘
689,11:21:12,2.45,0.0,10,2450,买盘
690,11:21:28,2.45,0.0,50,12250,买盘
691,11:21:39,2.45,0.0,161,39443,买盘
692,11:21:42,2.45,0.0,200,49000,买盘
693,11:21:54,2.45,0.0,14,3430,买盘
694,11:21:57,2.44,-0.01,30,7320,卖盘
695,11:22:16,2.44,0.0,10,2440,卖盘
696,11:22:31,2.44,0.0,10,2440,卖盘
697,11:23:09,2.44,0.0,21,5124,卖盘
698,11:23:22,2.44,0.0,240,58560,卖盘
699,11:23:43,2.45,0.01,2,490,买盘
700,11:23:52,2.45,0.0,150,36750,买盘
701,11:24:00,2.45,0.0,9,2205,买盘
702,11:24:45,2.45,0.0,50,12250,买盘
703,11:25:27,2.45,0.0,10,2450,买盘
704,11:25:33,2.45,0.0,43,10535,买盘
705,11:25:52,2.45,0.0,168,41160,买盘
706,11:25:55,2.44,-0.01,10,2440,卖盘
707,11:25:57,2.45,0.01,1,245,买盘
708,11:26:31,2.45,0.0,5,1225,买盘
709,11:27:01,2.45,0.0,30,7350,买盘
710,11:27:12,2.45,0.0,1,245,买盘
711,11:27:55,2.45,0.0,84,20580,买盘
712,11:28:16,2.44,-0.01,8,1952,卖盘
713,11:28:31,2.44,0.0,1,244,卖盘
714,11:28:34,2.45,0.01,112,27340,买盘
715,11:28:39,2.44,-0.01,11,2684,卖盘
716,11:28:46,2.44,0.0,149,36356,卖盘
717,11:29:16,2.44,0.0,638,155822,卖盘
718,11:29:25,2.45,0.01,5,1225,买盘
719,11:29:46,2.45,0.0,24,5880,买盘
720,11:29:51,2.45,0.0,1,245,买盘
721,11:30:04,2.45,0.0,52,12740,买盘
722,13:00:05,2.44,-0.01,10493,2574564,卖盘
723,13:00:07,2.45,0.01,835,204817,买盘
724,13:00:13,2.46,0.01,150,36900,买盘
725,13:00:16,2.46,0.0,18,4428,买盘
726,13:00:22,2.46,0.0,227,55842,卖盘
727,13:00:24,2.46,0.0,1,246,买盘
728,13:00:27,2.47,0.01,4386,1080787,买盘
729,13:00:30,2.46,-0.01,500,123000,卖盘
730,13:00:33,2.46,0.0,432,106272,卖盘
731,13:00:36,2.47,0.01,2504,619295,买盘
732,13:00:39,2.48,0.01,6113,1517612,买盘
733,13:00:42,2.48,0.0,18,4464,卖盘
734,13:00:45,2.49,0.01,145,36105,买盘
735,13:00:48,2.49,0.0,791,196954,买盘
736,13:00:51,2.48,-0.01,2060,511101,卖盘
737,13:00:54,2.48,0.0,68,16864,买盘
738,13:00:57,2.48,0.0,1038,257424,买盘
739,13:01:00,2.48,0.0,149,36952,买盘
740,13:01:04,2.48,0.0,303,75144,买盘
741,13:01:07,2.48,0.0,1000,248000,买盘
742,13:01:09,2.48,0.0,225,55800,买盘
743,13:01:12,2.48,0.0,364,90272,买盘
744,13:01:15,2.47,-0.01,1701,421818,卖盘
745,13:01:18,2.49,0.02,567,141106,买盘
746,13:01:21,2.49,0.0,103,25617,买盘
747,13:01:24,2.49,0.0,70,17430,买盘
748,13:01:27,2.49,0.0,75,18655,买盘
749,13:01:30,2.49,0.0,120,29875,买盘
750,13:01:33,2.49,0.0,274,68226,买盘
751,13:01:36,2.49,0.0,469,116801,买盘
752,13:01:39,2.49,0.0,1333,332505,卖盘
753,13:01:42,2.49,0.0,108,26842,买盘
754,13:01:45,2.49,0.0,36,8964,买盘
755,13:01:48,2.48,-0.01,52,12898,卖盘
756,13:01:51,2.49,0.01,143,35607,买盘
757,13:01:54,2.49,0.0,90,22335,买盘
758,13:02:00,2.49,0.0,53,13174,买盘
759,13:02:04,2.48,-0.01,234,58166,卖盘
760,13:02:07,2.49,0.01,1257,312962,买盘
761,13:02:10,2.49,0.0,70,17400,买盘
762,13:02:12,2.48,-0.01,58,14417,卖盘
763,13:02:16,2.48,0.0,159,39432,卖盘
764,13:02:19,2.48,0.0,5,1240,卖盘
765,13:02:21,2.48,0.0,171,42519,卖盘
766,13:02:24,2.48,0.0,511,127137,卖盘
767,13:02:27,2.48,0.0,25,6200,卖盘
768,13:02:30,2.48,0.0,197,48856,卖盘
769,13:02:33,2.48,0.0,663,164450,卖盘
770,13:02:36,2.48,0.0,1277,317758,买盘
771,13:02:39,2.48,0.0,32,7936,卖盘
772,13:02:42,2.48,0.0,30,7440,卖盘
773,13:02:45,2.48,0.0,101,25048,买盘
774,13:02:48,2.48,0.0,150,37200,买盘
775,13:02:51,2.48,0.0,276,68448,买盘
776,13:02:54,2.47,-0.01,3,741,卖盘
777,13:03:00,2.48,0.01,317,78349,买盘
778,13:03:04,2.47,-0.01,302,74596,卖盘
779,13:03:06,2.48,0.01,279,69152,买盘
780,13:03:09,2.48,0.0,5,1240,买盘
781,13:03:18,2.48,0.0,1,248,买盘
782,13:03:28,2.48,0.0,24,5952,买盘
783,13:03:30,2.48,0.0,101,24948,买盘
784,13:03:33,2.48,0.0,960,238080,买盘
785,13:03:36,2.48,0.0,352,87296,买盘
786,13:03:39,2.48,0.0,600,148800,买盘
787,13:03:42,2.48,0.0,237,58775,买盘
788,13:03:45,2.48,0.0,81,20088,卖盘
789,13:03:48,2.48,0.0,35,8680,卖盘
790,13:03:52,2.48,0.0,49,12152,卖盘
791,13:03:55,2.49,0.01,24,5956,买盘
792,13:03:58,2.48,-0.01,70,17360,卖盘
793,13:04:04,2.49,0.01,8,1992,买盘
794,13:04:06,2.48,-0.01,39,9691,卖盘
795,13:04:10,2.49,0.01,43,10678,买盘
796,13:04:18,2.48,-0.01,224,55725,卖盘
797,13:04:21,2.48,0.0,39,9672,卖盘
798,13:04:24,2.48,0.0,150,37250,卖盘
799,13:04:30,2.49,0.01,16,3984,买盘
800,13:04:34,2.49,0.0,150,37302,买盘
801,13:04:42,2.49,0.0,303,75447,买盘
802,13:04:45,2.49,0.0,63,15687,买盘
803,13:04:49,2.49,0.0,54,13446,买盘
804,13:04:51,2.49,0.0,100,24900,买盘
805,13:05:00,2.49,0.0,10,2490,买盘
806,13:05:04,2.49,0.0,21,5229,买盘
807,13:05:06,2.49,0.0,190,47310,买盘
808,13:05:09,2.49,0.0,50,12450,买盘
809,13:05:12,2.49,0.0,212,52788,买盘
810,13:05:15,2.48,-0.01,36,8932,卖盘
811,13:05:21,2.48,0.0,1500,372000,卖盘
812,13:05:27,2.48,0.0,23,5704,卖盘
813,13:05:31,2.48,0.0,76,18848,买盘
814,13:05:34,2.48,0.0,76,18848,买盘
815,13:05:45,2.48,0.0,505,124858,买盘
816,13:05:51,2.47,-0.01,601,148447,卖盘
817,13:05:54,2.48,0.01,27,6696,买盘
818,13:05:57,2.47,-0.01,83,20501,卖盘
819,13:06:00,2.48,0.01,283,69923,买盘
820,13:06:04,2.48,0.0,1,248,买盘
821,13:06:07,2.47,-0.01,13,3217,卖盘
822,13:06:09,2.47,0.0,30,7410,卖盘
823,13:06:12,2.48,0.01,25,6200,买盘
824,13:06:15,2.47,-0.01,25,6175,卖盘
825,13:06:18,2.48,0.01,50,12400,买盘
826,13:06:21,2.47,-0.01,3,741,卖盘
827,13:06:28,2.47,0.0,9,2223,卖盘
828,13:06:55,2.48,0.01,170,42160,买盘
829,13:07:04,2.48,0.0,14,3472,买盘
830,13:07:12,2.48,0.0,10,2480,买盘
831,13:07:21,2.48,0.0,527,130696,买盘
832,13:07:30,2.48,0.0,150,37190,买盘
833,13:07:37,2.48,0.0,62,15376,买盘
834,13:07:42,2.48,0.0,43,10664,买盘
835,13:07:55,2.48,0.0,29,7192,买盘
836,13:08:00,2.48,0.0,3,744,买盘
837,13:08:04,2.48,0.0,53,13144,买盘
838,13:08:12,2.48,0.0,3029,751192,买盘
839,13:08:18,2.48,0.0,280,69440,买盘
840,13:08:24,2.48,0.0,521,129208,买盘
841,13:08:28,2.48,0.0,50,12400,卖盘
842,13:08:30,2.48,0.0,10,2480,卖盘
843,13:08:34,2.48,0.0,300,74400,卖盘
844,13:08:39,2.49,0.01,1000,249000,买盘
845,13:08:42,2.48,-0.01,10,2480,卖盘
846,13:08:45,2.48,0.0,108,26784,卖盘
847,13:08:48,2.49,0.01,3,747,买盘
848,13:08:51,2.49,0.0,239,59511,买盘
849,13:08:58,2.49,0.0,4,996,买盘
850,13:09:01,2.49,0.0,1,249,买盘
851,13:09:07,2.49,0.0,196,48804,买盘
852,13:09:13,2.48,-0.01,20,4963,卖盘
853,13:09:18,2.49,0.01,28,6972,买盘
854,13:09:21,2.49,0.0,327,81423,买盘
855,13:09:27,2.49,0.0,53,13197,买盘
856,13:09:30,2.48,-0.01,56,13937,卖盘
857,13:09:33,2.49,0.01,100,24900,买盘
858,13:09:39,2.48,-0.01,602,149296,卖盘
859,13:09:42,2.49,0.01,38,9462,买盘
860,13:09:45,2.48,-0.01,306,75966,卖盘
861,13:09:48,2.48,0.0,25,6200,卖盘
862,13:09:54,2.48,0.0,100,24800,卖盘
863,13:09:57,2.48,0.0,14,3472,卖盘
864,13:10:00,2.49,0.01,8,1992,买盘
865,13:10:04,2.48,-0.01,348,86304,卖盘
866,13:10:09,2.49,0.01,30,7470,买盘
867,13:10:15,2.48,-0.01,5,1240,卖盘
868,13:10:22,2.48,0.0,536,132953,卖盘
869,13:10:25,2.48,0.0,214,53072,卖盘
870,13:10:28,2.48,0.0,150,37200,卖盘
871,13:10:30,2.49,0.01,49,12161,买盘
872,13:10:33,2.48,-0.01,137,33976,卖盘
873,13:10:36,2.48,0.0,173,42914,卖盘
874,13:10:39,2.48,0.0,318,78864,卖盘
875,13:10:42,2.48,0.0,100,24800,卖盘
876,13:10:45,2.48,0.0,103,25544,卖盘
877,13:10:48,2.48,0.0,197,48856,买盘
878,13:10:51,2.48,0.0,98,24304,买盘
879,13:10:54,2.48,0.0,26,6448,卖盘
880,13:11:10,2.48,0.0,14,3472,买盘
881,13:11:13,2.48,0.0,7,1736,买盘
882,13:11:24,2.48,0.0,1,248,买盘
883,13:11:31,2.48,0.0,420,104160,买盘
884,13:11:33,2.48,0.0,21,5208,买盘
885,13:11:40,2.48,0.0,191,47368,买盘
886,13:11:45,2.48,0.0,72,17856,买盘
887,13:11:49,2.48,0.0,226,56048,买盘
888,13:11:52,2.48,0.0,16,3968,买盘
889,13:11:58,2.48,0.0,30,7440,买盘
890,13:12:09,2.48,0.0,65,16120,买盘
891,13:12:12,2.48,0.0,30,7440,买盘
892,13:12:15,2.47,-0.01,140,34580,卖盘
893,13:12:42,2.47,0.0,6,1482,卖盘
894,13:13:01,2.48,0.01,5,1240,买盘
895,13:13:16,2.47,-0.01,20,4940,卖盘
896,13:13:37,2.47,0.0,25,6175,卖盘
897,13:13:39,2.48,0.01,4,992,买盘
898,13:13:46,2.48,0.0,1103,273544,买盘
899,13:14:04,2.48,0.0,9,2232,买盘
900,13:14:19,2.48,0.0,338,83624,买盘
901,13:14:22,2.48,0.0,9,2232,买盘
902,13:14:28,2.48,0.0,126,31248,买盘
903,13:14:30,2.47,-0.01,4,988,卖盘
904,13:14:33,2.48,0.01,20,4960,买盘
905,13:14:39,2.48,0.0,51,12648,买盘
906,13:14:42,2.48,0.0,16,3968,买盘
907,13:14:45,2.48,0.0,64,15872,买盘
908,13:15:01,2.48,0.0,16,3968,买盘
909,13:15:06,2.48,0.0,47,11656,买盘
910,13:15:09,2.48,0.0,77,19096,买盘
911,13:15:13,2.48,0.0,27,6696,买盘
912,13:15:24,2.47,-0.01,5,1235,卖盘
913,13:15:27,2.48,0.01,3,744,买盘
914,13:16:04,2.47,-0.01,3,741,卖盘
915,13:16:24,2.48,0.01,6,1488,买盘
916,13:16:30,2.47,-0.01,371,91637,卖盘
917,13:16:33,2.48,0.01,174,43152,买盘
918,13:16:36,2.48,0.0,2,496,买盘
919,13:16:40,2.47,-0.01,29,7163,卖盘
920,13:16:46,2.48,0.01,12,2975,买盘
921,13:16:48,2.47,-0.01,180,44460,卖盘
922,13:16:52,2.48,0.01,7,1736,买盘
923,13:16:54,2.48,0.0,20,4960,买盘
924,13:17:04,2.48,0.0,10,2480,买盘
925,13:17:16,2.47,-0.01,100,24700,卖盘
926,13:17:25,2.48,0.01,5,1240,买盘
927,13:17:27,2.47,-0.01,100,24700,卖盘
928,13:17:30,2.47,0.0,20,4940,卖盘
929,13:17:33,2.47,0.0,12,2964,卖盘
930,13:17:36,2.47,0.0,350,86450,卖盘
931,13:17:42,2.47,0.0,10,2470,卖盘
932,13:17:58,2.47,0.0,10,2470,卖盘
933,13:18:04,2.47,0.0,30,7410,卖盘
934,13:18:12,2.47,0.0,300,74100,卖盘
935,13:18:15,2.47,0.0,20,4940,卖盘
936,13:18:18,2.48,0.01,14,3472,买盘
937,13:18:22,2.47,-0.01,53,13091,卖盘
938,13:18:25,2.47,0.0,168,41496,卖盘
939,13:18:27,2.47,0.0,59,14573,卖盘
940,13:18:30,2.48,0.01,2,496,买盘
941,13:18:39,2.47,-0.01,148,36703,卖盘
942,13:18:42,2.47,0.0,2,494,卖盘
943,13:18:48,2.47,0.0,80,19760,卖盘
944,13:18:55,2.47,0.0,2,494,卖盘
945,13:18:57,2.47,0.0,60,14820,卖盘
946,13:19:13,2.48,0.01,46,11408,买盘
947,13:19:16,2.48,0.0,221,54804,买盘
948,13:19:18,2.47,-0.01,168,41496,卖盘
949,13:19:34,2.47,0.0,100,24700,卖盘
950,13:19:39,2.48,0.01,10,2480,买盘
951,13:19:49,2.48,0.0,9,2232,买盘
952,13:19:54,2.48,0.0,2,496,买盘
953,13:20:07,2.47,-0.01,20,4940,卖盘
954,13:20:19,2.47,0.0,22,5434,卖盘
955,13:20:37,2.48,0.01,50,12400,买盘
956,13:20:40,2.47,-0.01,200,49400,卖盘
957,13:20:42,2.48,0.01,22,5444,买盘
958,13:20:45,2.47,-0.01,30,7410,卖盘
959,13:20:55,2.48,0.01,1,248,买盘
960,13:20:58,2.48,0.0,27,6696,买盘
961,13:21:13,2.47,-0.01,20,4940,卖盘
962,13:21:16,2.47,0.0,200,49400,卖盘
963,13:21:19,2.47,0.0,26,6422,卖盘
964,13:21:22,2.48,0.01,26,6448,买盘
965,13:21:45,2.47,-0.01,120,29740,卖盘
966,13:21:55,2.48,0.01,70,17340,买盘
967,13:22:00,2.47,-0.01,124,30628,卖盘
968,13:22:13,2.47,0.0,10,2470,卖盘
969,13:22:19,2.48,0.01,76,18803,买盘
970,13:22:24,2.47,-0.01,100,24700,卖盘
971,13:22:30,2.47,0.0,114,28158,卖盘
972,13:22:33,2.48,0.01,50,12370,买盘
973,13:22:36,2.48,0.0,40,9920,买盘
974,13:22:52,2.47,-0.01,100,24700,卖盘
975,13:22:58,2.47,0.0,40,9880,卖盘
976,13:23:04,2.47,0.0,201,49647,卖盘
977,13:23:13,2.46,-0.01,458,112863,卖盘
978,13:23:16,2.47,0.01,30,7410,买盘
979,13:23:37,2.47,0.0,1374,339332,买盘
980,13:23:39,2.47,0.0,80,19760,卖盘
981,13:23:42,2.47,0.0,34,8398,卖盘
982,13:23:48,2.47,0.0,6,1482,卖盘
983,13:23:58,2.47,0.0,10,2470,卖盘
984,13:24:04,2.47,0.0,250,61750,卖盘
985,13:24:12,2.47,0.0,7,1729,卖盘
986,13:24:15,2.47,0.0,100,24700,卖盘
987,13:24:21,2.47,0.0,49,12103,卖盘
988,13:24:28,2.47,0.0,441,108927,卖盘
989,13:24:36,2.47,0.0,10,2470,卖盘
990,13:24:42,2.47,0.0,44,10892,卖盘
991,13:24:45,2.47,0.0,46,11362,卖盘
992,13:24:57,2.46,-0.01,46,11316,卖盘
993,13:25:00,2.47,0.01,4,988,买盘
994,13:25:06,2.47,0.0,4,988,买盘
995,13:25:12,2.47,0.0,43,10621,买盘
996,13:25:21,2.47,0.0,186,45942,买盘
997,13:25:24,2.47,0.0,3,741,卖盘
998,13:25:27,2.47,0.0,20,4940,买盘
999,13:25:30,2.46,-0.01,500,123000,卖盘
1000,13:25:43,2.46,0.0,1,246,卖盘
1001,13:25:57,2.47,0.01,20,4940,买盘
1002,13:26:12,2.47,0.0,20,4940,买盘
1003,13:26:19,2.47,0.0,50,12350,买盘
1004,13:26:28,2.47,0.0,130,32110,买盘
1005,13:26:34,2.47,0.0,324,80028,买盘
1006,13:26:37,2.47,0.0,139,34333,买盘
1007,13:26:48,2.47,0.0,91,22477,卖盘
1008,13:27:22,2.47,0.0,500,123500,卖盘
1009,13:27:31,2.47,0.0,100,24700,卖盘
1010,13:27:34,2.47,0.0,50,12350,卖盘
1011,13:27:42,2.47,0.0,20,4940,卖盘
1012,13:27:52,2.47,0.0,94,23218,卖盘
1013,13:28:15,2.47,0.0,1,247,买盘
1014,13:28:22,2.47,0.0,10,2470,卖盘
1015,13:28:36,2.48,0.01,7,1736,买盘
1016,13:28:45,2.47,-0.01,3,741,卖盘
1017,13:28:48,2.48,0.01,125,31000,买盘
1018,13:28:55,2.47,-0.01,48,11856,卖盘
1019,13:29:01,2.47,0.0,10,2470,卖盘
1020,13:29:16,2.48,0.01,5,1240,买盘
1021,13:29:39,2.48,0.0,84,20802,买盘
1022,13:30:16,2.48,0.0,2,496,买盘
1023,13:30:19,2.48,0.0,20,4960,买盘
1024,13:30:25,2.47,-0.01,20,4940,卖盘
1025,13:30:34,2.47,0.0,51,12597,卖盘
1026,13:30:46,2.47,0.0,25,6175,卖盘
1027,13:30:52,2.47,0.0,220,54340,卖盘
1028,13:31:31,2.47,0.0,401,99047,卖盘
1029,13:31:52,2.47,0.0,1,247,买盘
1030,13:31:55,2.47,0.0,1,247,买盘
1031,13:32:13,2.47,0.0,599,147953,买盘
1032,13:32:19,2.47,0.0,92,22724,卖盘
1033,13:32:27,2.47,0.0,1,247,卖盘
1034,13:32:33,2.47,0.0,1,247,买盘
1035,13:32:36,2.47,0.0,6,1482,买盘
1036,13:32:40,2.47,0.0,6,1482,买盘
1037,13:32:42,2.47,0.0,1,247,买盘
1038,13:32:45,2.46,-0.01,11,2707,卖盘
1039,13:32:49,2.47,0.01,1,247,买盘
1040,13:32:51,2.47,0.0,165,40755,买盘
1041,13:32:55,2.47,0.0,1,247,买盘
1042,13:32:57,2.47,0.0,1,247,买盘
1043,13:33:01,2.47,0.0,24,5928,买盘
1044,13:33:04,2.46,-0.01,3,738,卖盘
1045,13:33:06,2.47,0.01,50,12350,买盘
1046,13:33:09,2.47,0.0,55,13585,买盘
1047,13:33:12,2.47,0.0,34,8398,卖盘
1048,13:33:24,2.47,0.0,31,7657,卖盘
1049,13:33:37,2.47,0.0,118,29146,卖盘
1050,13:33:40,2.47,0.0,13,3211,卖盘
1051,13:33:52,2.47,0.0,30,7410,卖盘
1052,13:34:10,2.46,-0.01,218,53706,卖盘
1053,13:34:16,2.47,0.01,67,16549,卖盘
1054,13:34:40,2.48,0.01,435,107830,买盘
1055,13:34:58,2.47,-0.01,1,247,卖盘
1056,13:35:13,2.47,0.0,74,18278,卖盘
1057,13:35:16,2.47,0.0,40,9880,卖盘
1058,13:35:28,2.47,0.0,1,247,卖盘
1059,13:35:34,2.47,0.0,23,5681,卖盘
1060,13:35:51,2.47,0.0,20,4940,卖盘
1061,13:35:58,2.47,0.0,6,1482,卖盘
1062,13:36:09,2.47,0.0,30,7410,卖盘
1063,13:36:12,2.47,0.0,23,5681,卖盘
1064,13:36:25,2.47,0.0,17,4199,卖盘
1065,13:36:33,2.47,0.0,4,988,卖盘
1066,13:36:36,2.47,0.0,11,2717,卖盘
1067,13:36:43,2.47,0.0,54,13338,卖盘
1068,13:36:58,2.47,0.0,20,4940,卖盘
1069,13:37:10,2.47,0.0,50,12350,卖盘
1070,13:37:28,2.47,0.0,300,74100,卖盘
1071,13:37:34,2.47,0.0,50,12350,卖盘
1072,13:37:49,2.47,0.0,6,1482,卖盘
1073,13:38:00,2.47,0.0,50,12350,卖盘
1074,13:38:12,2.47,0.0,36,8892,卖盘
1075,13:38:19,2.47,0.0,70,17290,卖盘
1076,13:38:25,2.47,0.0,3,741,卖盘
1077,13:38:36,2.47,0.0,100,24700,卖盘
1078,13:38:42,2.47,0.0,79,19513,卖盘
1079,13:38:46,2.47,0.0,173,42731,卖盘
1080,13:38:58,2.47,0.0,103,25441,买盘
1081,13:39:01,2.47,0.0,15,3705,卖盘
1082,13:39:04,2.47,0.0,2,494,卖盘
1083,13:39:07,2.47,0.0,11,2717,卖盘
1084,13:39:10,2.47,0.0,32,7904,卖盘
1085,13:39:21,2.47,0.0,41,10127,买盘
1086,13:39:27,2.46,-0.01,100,24600,卖盘
1087,13:39:40,2.46,0.0,29,7134,卖盘
1088,13:40:04,2.46,0.0,25,6150,卖盘
1089,13:40:07,2.47,0.01,2,494,买盘
1090,13:40:40,2.46,-0.01,20,4920,卖盘
1091,13:41:43,2.47,0.01,12,2964,买盘
1092,13:42:01,2.47,0.0,2,494,买盘
1093,13:42:15,2.47,0.0,36,8892,买盘
1094,13:42:22,2.46,-0.01,74,18204,卖盘
1095,13:42:25,2.47,0.01,52,12842,买盘
1096,13:42:39,2.46,-0.01,750,184500,卖盘
1097,13:42:49,2.46,0.0,20,4920,卖盘
1098,13:43:06,2.47,0.01,94,23208,买盘
1099,13:43:19,2.47,0.0,67,16532,买盘
1100,13:43:25,2.46,-0.01,10,2460,卖盘
1101,13:44:00,2.47,0.01,30,7410,买盘
1102,13:44:27,2.47,0.0,5,1235,买盘
1103,13:44:48,2.46,-0.01,655,161130,卖盘
1104,13:45:16,2.46,0.0,100,24600,卖盘
1105,13:45:34,2.47,0.01,47,11609,买盘
1106,13:45:37,2.46,-0.01,3,738,卖盘
1107,13:45:49,2.46,0.0,17,4182,卖盘
1108,13:45:55,2.47,0.01,10,2470,买盘
1109,13:46:07,2.47,0.0,84,20748,买盘
1110,13:46:31,2.47,0.0,78,19266,买盘
1111,13:46:34,2.47,0.0,21,5187,买盘
1112,13:47:52,2.47,0.0,24,5928,买盘
1113,13:48:00,2.47,0.0,7,1729,买盘
1114,13:49:00,2.47,0.0,80,19760,买盘
1115,13:49:06,2.46,-0.01,10,2460,卖盘
1116,13:49:45,2.46,0.0,25,6150,卖盘
1117,13:49:52,2.46,0.0,198,48727,卖盘
1118,13:50:04,2.47,0.01,7,1729,买盘
1119,13:50:06,2.46,-0.01,26,6396,卖盘
1120,13:50:10,2.46,0.0,9,2214,卖盘
1121,13:50:34,2.46,0.0,24,5904,卖盘
1122,13:50:37,2.46,0.0,63,15498,卖盘
1123,13:50:49,2.47,0.01,5,1235,买盘
1124,13:51:13,2.46,-0.01,17,4182,卖盘
1125,13:51:25,2.46,0.0,53,13038,卖盘
1126,13:51:34,2.46,0.0,7,1722,卖盘
1127,13:51:36,2.46,0.0,201,49446,卖盘
1128,13:51:48,2.46,0.0,20,4920,卖盘
1129,13:51:52,2.46,0.0,200,49200,卖盘
1130,13:51:58,2.46,0.0,370,91020,卖盘
1131,13:52:04,2.46,0.0,458,112668,卖盘
1132,13:52:06,2.46,0.0,18,4428,卖盘
1133,13:52:10,2.46,0.0,175,43050,卖盘
1134,13:52:13,2.46,0.0,90,22140,卖盘
1135,13:52:16,2.46,0.0,1344,330624,卖盘
1136,13:52:19,2.46,0.0,10,2460,买盘
1137,13:52:40,2.45,-0.01,10,2450,卖盘
1138,13:52:48,2.46,0.01,1,246,买盘
1139,13:53:04,2.45,-0.01,3,735,卖盘
1140,13:53:07,2.46,0.01,10,2460,买盘
1141,13:53:10,2.45,-0.01,5,1225,卖盘
1142,13:53:22,2.45,0.0,26,6370,卖盘
1143,13:53:25,2.45,0.0,10,2450,卖盘
1144,13:53:33,2.45,0.0,45,11025,卖盘
1145,13:53:37,2.45,0.0,10,2450,卖盘
1146,13:53:40,2.45,0.0,20,4900,卖盘
1147,13:53:49,2.45,0.0,20,4900,卖盘
1148,13:53:55,2.45,0.0,196,48020,卖盘
1149,13:54:07,2.45,0.0,202,49490,卖盘
1150,13:54:13,2.45,0.0,4,980,卖盘
1151,13:54:16,2.45,0.0,15,3675,卖盘
1152,13:54:19,2.45,0.0,100,24500,卖盘
1153,13:54:22,2.45,0.0,200,49000,卖盘
1154,13:54:30,2.45,0.0,281,68845,卖盘
1155,13:54:37,2.45,0.0,18,4410,卖盘
1156,13:54:39,2.45,0.0,3,735,卖盘
1157,13:54:43,2.45,0.0,12,2940,卖盘
1158,13:54:46,2.45,0.0,102,24990,卖盘
1159,13:54:49,2.46,0.01,3,738,买盘
1160,13:55:04,2.46,0.0,1,246,买盘
1161,13:55:09,2.45,-0.01,10,2450,卖盘
1162,13:55:16,2.45,0.0,10,2450,卖盘
1163,13:55:19,2.46,0.01,28,6888,买盘
1164,13:55:25,2.45,-0.01,336,82320,卖盘
1165,13:55:31,2.45,0.0,438,107310,卖盘
1166,13:55:37,2.45,0.0,23,5635,卖盘
1167,13:55:40,2.45,0.0,11,2695,卖盘
1168,13:55:43,2.45,0.0,10,2450,卖盘
1169,13:55:46,2.45,0.0,255,62475,卖盘
1170,13:55:52,2.45,0.0,16,3920,卖盘
1171,13:55:55,2.45,0.0,9,2205,卖盘
1172,13:55:58,2.45,0.0,18,4410,卖盘
1173,13:56:01,2.45,0.0,365,89425,卖盘
1174,13:56:04,2.45,0.0,10,2450,卖盘
1175,13:56:07,2.45,0.0,260,63700,卖盘
1176,13:56:09,2.45,0.0,31,7595,卖盘
1177,13:56:13,2.45,0.0,28,6860,卖盘
1178,13:56:16,2.45,0.0,52,12740,卖盘
1179,13:56:19,2.45,0.0,12,2940,卖盘
1180,13:56:25,2.45,0.0,10,2450,卖盘
1181,13:56:28,2.45,0.0,8,1960,卖盘
1182,13:56:30,2.45,0.0,6,1470,卖盘
1183,13:56:49,2.45,0.0,985,241325,卖盘
1184,13:56:52,2.45,0.0,79,19355,卖盘
1185,13:56:55,2.45,0.0,38,9310,卖盘
1186,13:57:04,2.45,0.0,5,1225,买盘
1187,13:57:12,2.45,0.0,310,75950,买盘
1188,13:57:21,2.45,0.0,38,9310,买盘
1189,13:57:25,2.45,0.0,40,9800,买盘
1190,13:57:31,2.45,0.0,3,735,买盘
1191,13:57:36,2.45,0.0,10,2450,买盘
1192,13:57:46,2.45,0.0,51,12495,买盘
1193,13:57:52,2.45,0.0,131,32095,买盘
1194,13:57:55,2.45,0.0,6,1470,买盘
1195,13:58:04,2.45,0.0,3,735,买盘
1196,13:58:10,2.44,-0.01,21,5129,卖盘
1197,13:58:19,2.44,0.0,17,4148,卖盘
1198,13:58:28,2.45,0.01,1,245,买盘
1199,13:58:58,2.44,-0.01,1077,262800,卖盘
1200,13:59:01,2.44,0.0,1,244,卖盘
1201,13:59:06,2.45,0.01,2,490,买盘
1202,13:59:09,2.44,-0.01,10,2440,卖盘
1203,14:00:04,2.45,0.01,791,193795,买盘
1204,14:00:13,2.45,0.0,492,120540,卖盘
1205,14:00:16,2.45,0.0,34,8330,卖盘
1206,14:00:19,2.45,0.0,52,12740,卖盘
1207,14:00:22,2.45,0.0,171,41895,卖盘
1208,14:00:24,2.45,0.0,28,6860,卖盘
1209,14:00:28,2.46,0.01,24,5890,买盘
1210,14:00:30,2.46,0.0,2,491,买盘
1211,14:00:34,2.45,-0.01,19,4655,卖盘
1212,14:00:36,2.45,0.0,15,3675,卖盘
1213,14:00:39,2.45,0.0,3,735,卖盘
1214,14:00:43,2.45,0.0,17,4165,卖盘
1215,14:00:46,2.45,0.0,21,5145,卖盘
1216,14:00:49,2.45,0.0,13,3185,卖盘
1217,14:00:52,2.45,0.0,92,22540,卖盘
1218,14:00:58,2.45,0.0,202,49490,卖盘
1219,14:01:04,2.45,0.0,25,6125,卖盘
1220,14:01:13,2.45,0.0,10,2450,卖盘
1221,14:01:19,2.45,0.0,6,1470,卖盘
1222,14:01:25,2.45,0.0,42,10290,卖盘
1223,14:01:34,2.45,0.0,60,14700,卖盘
1224,14:02:00,2.45,0.0,1,245,卖盘
1225,14:02:07,2.45,0.0,18,4410,卖盘
1226,14:02:28,2.45,0.0,30,7350,卖盘
1227,14:02:46,2.45,0.0,5,1225,卖盘
1228,14:02:58,2.46,0.01,100,24599,买盘
1229,14:03:04,2.45,-0.01,80,19600,卖盘
1230,14:03:10,2.45,0.0,291,71295,卖盘
1231,14:03:22,2.45,0.0,38,9310,卖盘
1232,14:03:46,2.45,0.0,1,245,卖盘
1233,14:03:49,2.45,0.0,42,10290,卖盘
1234,14:04:04,2.45,0.0,443,108535,卖盘
1235,14:04:06,2.45,0.0,40,9800,卖盘
1236,14:04:12,2.46,0.01,88,21648,买盘
1237,14:04:15,2.45,-0.01,48,11760,卖盘
1238,14:04:25,2.45,0.0,45,11025,买盘
1239,14:04:31,2.45,0.0,13,3185,买盘
1240,14:04:37,2.45,0.0,107,26215,买盘
1241,14:04:43,2.45,0.0,38,9310,卖盘
1242,14:05:00,2.45,0.0,30,7350,卖盘
1243,14:05:22,2.45,0.0,70,17150,卖盘
1244,14:05:33,2.45,0.0,23,5635,卖盘
1245,14:06:07,2.45,0.0,5,1225,卖盘
1246,14:06:12,2.45,0.0,67,16415,卖盘
1247,14:06:25,2.45,0.0,17,4165,卖盘
1248,14:06:28,2.46,0.01,1,246,买盘
1249,14:06:31,2.45,-0.01,84,20580,卖盘
1250,14:06:34,2.45,0.0,4,980,卖盘
1251,14:06:37,2.45,0.0,11,2695,卖盘
1252,14:07:19,2.45,0.0,518,126910,卖盘
1253,14:07:22,2.46,0.01,1,246,买盘
1254,14:07:51,2.45,-0.01,213,52186,卖盘
1255,14:07:58,2.46,0.01,3,738,买盘
1256,14:08:13,2.45,-0.01,45,11025,卖盘
1257,14:08:19,2.45,0.0,23,5635,卖盘
1258,14:08:22,2.45,0.0,2,490,卖盘
1259,14:08:45,2.45,0.0,1,245,卖盘
1260,14:08:57,2.45,0.0,11,2695,卖盘
1261,14:09:19,2.46,0.01,46,11315,买盘
1262,14:09:40,2.45,-0.01,17,4165,卖盘
1263,14:09:42,2.45,0.0,12,2940,卖盘
1264,14:09:48,2.46,0.01,110,27035,买盘
1265,14:10:25,2.45,-0.01,30,7350,卖盘
1266,14:10:43,2.45,0.0,21,5145,卖盘
1267,14:10:55,2.46,0.01,1,246,买盘
1268,14:11:07,2.46,0.0,20,4920,买盘
1269,14:11:10,2.46,0.0,23,5658,买盘
1270,14:11:31,2.45,-0.01,25,6125,卖盘
1271,14:11:45,2.45,0.0,22,5390,卖盘
1272,14:11:52,2.46,0.01,30,7380,买盘
1273,14:11:55,2.45,-0.01,2,490,卖盘
1274,14:12:01,2.46,0.01,11,2706,买盘
1275,14:12:10,2.46,0.0,6,1476,买盘
1276,14:12:37,2.45,-0.01,80,19600,卖盘
1277,14:13:19,2.45,0.0,17,4165,卖盘
1278,14:13:37,2.45,0.0,1,245,卖盘
1279,14:13:40,2.45,0.0,100,24500,卖盘
1280,14:14:01,2.46,0.01,3,738,买盘
1281,14:14:37,2.45,-0.01,20,4900,卖盘
1282,14:14:42,2.46,0.01,29,7134,买盘
1283,14:14:58,2.45,-0.01,7,1715,卖盘
1284,14:15:21,2.45,0.0,1,245,卖盘
1285,14:16:04,2.45,0.0,58,14210,卖盘
1286,14:16:19,2.45,0.0,1,245,卖盘
1287,14:16:22,2.45,0.0,8,1960,卖盘
1288,14:16:49,2.45,0.0,2,490,卖盘
1289,14:17:43,2.45,0.0,25,6125,卖盘
1290,14:18:04,2.45,0.0,134,32830,卖盘
1291,14:18:46,2.46,0.01,5,1230,买盘
1292,14:19:04,2.45,-0.01,550,134750,卖盘
1293,14:19:06,2.45,0.0,5,1225,卖盘
1294,14:19:40,2.45,0.0,40,9800,卖盘
1295,14:19:49,2.45,0.0,20,4900,卖盘
1296,14:19:54,2.45,0.0,23,5635,卖盘
1297,14:20:00,2.45,0.0,15,3675,卖盘
1298,14:20:34,2.45,0.0,23,5635,卖盘
1299,14:20:43,2.45,0.0,4,980,卖盘
1300,14:20:48,2.45,0.0,10,2450,卖盘
1301,14:21:15,2.45,0.0,17,4165,卖盘
1302,14:21:25,2.45,0.0,159,38955,卖盘
1303,14:21:27,2.45,0.0,200,49000,卖盘
1304,14:21:34,2.45,0.0,4,980,卖盘
1305,14:21:40,2.45,0.0,11,2695,卖盘
1306,14:21:49,2.45,0.0,4,980,卖盘
1307,14:22:01,2.45,0.0,200,49000,卖盘
1308,14:22:04,2.45,0.0,30,7350,卖盘
1309,14:22:16,2.45,0.0,17,4165,卖盘
1310,14:22:18,2.45,0.0,5,1225,卖盘
1311,14:22:28,2.45,0.0,353,86485,卖盘
1312,14:22:37,2.45,0.0,30,7350,卖盘
1313,14:22:46,2.45,0.0,11,2695,卖盘
1314,14:22:52,2.45,0.0,48,11760,卖盘
1315,14:22:55,2.46,0.01,162,39852,买盘
1316,14:22:58,2.45,-0.01,15,3675,卖盘
1317,14:23:18,2.45,0.0,96,23520,卖盘
1318,14:23:25,2.45,0.0,50,12250,卖盘
1319,14:24:31,2.45,0.0,7,1715,卖盘
1320,14:24:40,2.45,0.0,17,4165,卖盘
1321,14:24:43,2.45,0.0,12,2940,卖盘
1322,14:24:51,2.45,0.0,13,3185,卖盘
1323,14:24:58,2.45,0.0,23,5635,卖盘
1324,14:25:18,2.45,0.0,3,735,卖盘
1325,14:25:34,2.45,0.0,8,1960,卖盘
1326,14:25:40,2.46,0.01,5,1230,买盘
1327,14:25:55,2.45,-0.01,120,29400,卖盘
1328,14:26:46,2.45,0.0,8,1960,卖盘
1329,14:27:07,2.45,0.0,20,4900,卖盘
1330,14:27:13,2.45,0.0,5,1225,卖盘
1331,14:27:18,2.46,0.01,10,2460,买盘
1332,14:27:42,2.46,0.0,10,2460,买盘
1333,14:28:04,2.45,-0.01,11,2700,卖盘
1334,14:28:16,2.46,0.01,200,49200,买盘
1335,14:28:19,2.45,-0.01,18,4410,卖盘
1336,14:28:22,2.45,0.0,447,109515,卖盘
1337,14:28:42,2.46,0.01,11,2706,买盘
1338,14:28:49,2.45,-0.01,20,4900,卖盘
1339,14:29:25,2.45,0.0,2000,490000,卖盘
1340,14:29:30,2.45,0.0,161,39445,卖盘
1341,14:29:45,2.45,0.0,136,33320,买盘
1342,14:30:10,2.45,0.0,60,14700,买盘
1343,14:30:13,2.45,0.0,20,4900,买盘
1344,14:30:21,2.45,0.0,60,14700,买盘
1345,14:30:28,2.45,0.0,50,12250,买盘
1346,14:30:31,2.45,0.0,80,19600,买盘
1347,14:30:33,2.45,0.0,82,20090,买盘
1348,14:30:51,2.45,0.0,123,30135,买盘
1349,14:31:07,2.45,0.0,154,37730,买盘
1350,14:31:16,2.45,0.0,5,1225,买盘
1351,14:31:22,2.45,0.0,20,4900,买盘
1352,14:31:34,2.45,0.0,20,4900,买盘
1353,14:31:57,2.45,0.0,2,490,买盘
1354,14:32:04,2.45,0.0,18,4410,买盘
1355,14:32:06,2.45,0.0,1,245,买盘
1356,14:32:16,2.45,0.0,40,9800,买盘
1357,14:32:33,2.45,0.0,10,2450,买盘
1358,14:33:10,2.44,-0.01,447,109068,卖盘
1359,14:33:28,2.44,0.0,80,19520,卖盘
1360,14:33:36,2.44,0.0,15,3660,卖盘
1361,14:33:43,2.44,0.0,30,7320,卖盘
1362,14:33:45,2.44,0.0,33,8052,卖盘
1363,14:34:25,2.45,0.01,30,7350,买盘
1364,14:34:48,2.45,0.0,713,174685,买盘
1365,14:34:55,2.45,0.0,18,4410,卖盘
1366,14:34:58,2.45,0.0,1,245,买盘
1367,14:35:01,2.45,0.0,13,3185,买盘
1368,14:35:09,2.44,-0.01,2701,659279,卖盘
1369,14:35:16,2.45,0.01,110,26950,买盘
1370,14:35:22,2.45,0.0,1,245,卖盘
1371,14:35:31,2.45,0.0,7,1715,卖盘
1372,14:35:40,2.45,0.0,1,245,卖盘
1373,14:35:43,2.45,0.0,25,6125,卖盘
1374,14:35:49,2.45,0.0,68,16660,卖盘
1375,14:35:52,2.45,0.0,1,245,买盘
1376,14:35:57,2.45,0.0,5,1225,买盘
1377,14:36:09,2.45,0.0,14,3430,买盘
1378,14:36:13,2.45,0.0,10,2450,买盘
1379,14:36:16,2.45,0.0,2,489,买盘
1380,14:36:25,2.44,-0.01,1,244,卖盘
1381,14:36:31,2.45,0.01,1,245,买盘
1382,14:36:37,2.45,0.0,29,7105,买盘
1383,14:36:52,2.45,0.0,5,1225,卖盘
1384,14:36:55,2.44,-0.01,30,7346,卖盘
1385,14:36:58,2.45,0.01,10,2450,买盘
1386,14:37:01,2.45,0.0,10,2450,卖盘
1387,14:37:04,2.46,0.01,2,492,买盘
1388,14:37:07,2.45,-0.01,500,122500,卖盘
1389,14:37:31,2.45,0.0,4,980,卖盘
1390,14:37:39,2.45,0.0,166,40670,卖盘
1391,14:37:48,2.45,0.0,4,980,卖盘
1392,14:38:34,2.46,0.01,45,11070,买盘
1393,14:38:51,2.45,-0.01,7,1715,卖盘
1394,14:38:58,2.46,0.01,100,24600,买盘
1395,14:39:07,2.45,-0.01,19,4655,卖盘
1396,14:39:13,2.45,0.0,11,2695,卖盘
1397,14:39:15,2.45,0.0,272,66640,卖盘
1398,14:39:18,2.46,0.01,10,2460,买盘
1399,14:39:22,2.45,-0.01,13,3185,卖盘
1400,14:39:43,2.45,0.0,10,2450,卖盘
1401,14:39:45,2.46,0.01,16,3936,买盘
1402,14:39:48,2.46,0.0,30,7380,买盘
1403,14:40:16,2.45,-0.01,500,122500,卖盘
1404,14:40:25,2.46,0.01,80,19680,买盘
1405,14:40:37,2.46,0.0,460,113160,买盘
1406,14:40:42,2.45,-0.01,100,24500,卖盘
1407,14:40:52,2.45,0.0,113,27685,卖盘
1408,14:41:06,2.45,0.0,8,1960,卖盘
1409,14:42:07,2.45,0.0,119,29155,卖盘
1410,14:42:43,2.45,0.0,16,3920,卖盘
1411,14:42:46,2.45,0.0,25,6125,卖盘
1412,14:43:01,2.45,0.0,43,10535,卖盘
1413,14:43:16,2.46,0.01,172,42312,买盘
1414,14:43:28,2.45,-0.01,5,1225,卖盘
1415,14:43:31,2.45,0.0,47,11515,卖盘
1416,14:44:01,2.45,0.0,100,24500,卖盘
1417,14:44:13,2.45,0.0,157,38465,卖盘
1418,14:44:19,2.45,0.0,45,11025,卖盘
1419,14:44:25,2.46,0.01,244,60024,买盘
1420,14:44:28,2.45,-0.01,134,32830,卖盘
1421,14:45:09,2.46,0.01,2,492,买盘
1422,14:45:13,2.45,-0.01,15,3675,卖盘
1423,14:45:16,2.45,0.0,40,9800,卖盘
1424,14:45:22,2.46,0.01,160,39360,买盘
1425,14:45:28,2.46,0.0,29,7134,买盘
1426,14:45:49,2.46,0.0,200,49200,买盘
1427,14:46:01,2.46,0.0,43,10578,买盘
1428,14:46:04,2.46,0.0,244,60024,买盘
1429,14:46:09,2.46,0.0,1,246,买盘
1430,14:46:16,2.46,0.0,6,1476,买盘
1431,14:46:19,2.45,-0.01,191,46795,卖盘
1432,14:46:28,2.45,0.0,40,9800,卖盘
1433,14:46:33,2.46,0.01,3,738,买盘
1434,14:46:51,2.46,0.0,10,2460,买盘
1435,14:46:58,2.46,0.0,8,1968,买盘
1436,14:47:07,2.46,0.0,1,246,买盘
1437,14:47:16,2.46,0.0,103,25237,买盘
1438,14:47:22,2.45,-0.01,694,170268,卖盘
1439,14:47:31,2.46,0.01,14,3444,买盘
1440,14:47:43,2.46,0.0,10,2460,买盘
1441,14:47:45,2.46,0.0,1,246,买盘
1442,14:47:58,2.46,0.0,2,492,买盘
1443,14:48:10,2.46,0.0,13,3187,买盘
1444,14:48:19,2.46,0.0,48,11808,买盘
1445,14:48:33,2.46,0.0,10,2460,买盘
1446,14:48:40,2.46,0.0,2,492,买盘
1447,14:49:07,2.45,-0.01,80,19600,卖盘
1448,14:49:10,2.46,0.01,11,2706,买盘
1449,14:49:19,2.46,0.0,300,73800,买盘
1450,14:49:25,2.46,0.0,92,22600,买盘
1451,14:49:39,2.46,0.0,10,2460,买盘
1452,14:49:45,2.46,0.0,62,15252,买盘
1453,14:49:52,2.45,-0.01,2,490,卖盘
1454,14:49:55,2.46,0.01,198,48680,买盘
1455,14:49:58,2.45,-0.01,150,36750,卖盘
1456,14:50:01,2.46,0.01,5,1230,买盘
1457,14:50:04,2.46,0.0,1,246,买盘
1458,14:50:07,2.46,0.0,234,57341,买盘
1459,14:50:13,2.45,-0.01,52,12740,卖盘
1460,14:50:15,2.45,0.0,20,4900,卖盘
1461,14:50:28,2.46,0.01,7,1722,买盘
1462,14:50:37,2.46,0.0,8,1968,买盘
1463,14:50:40,2.46,0.0,3,738,买盘
1464,14:50:52,2.46,0.0,1,246,买盘
1465,14:50:54,2.46,0.0,5,1230,买盘
1466,14:50:57,2.46,0.0,45,11070,买盘
1467,14:51:01,2.46,0.0,10,2460,买盘
1468,14:51:04,2.46,0.0,199,48954,买盘
1469,14:51:07,2.46,0.0,322,79053,买盘
1470,14:51:09,2.45,-0.01,223,54635,卖盘
1471,14:51:15,2.45,0.0,3,735,卖盘
1472,14:51:22,2.46,0.01,43,10541,买盘
1473,14:51:34,2.46,0.0,322,79212,买盘
1474,14:51:36,2.46,0.0,11,2706,买盘
1475,14:51:43,2.46,0.0,20,4910,买盘
1476,14:51:46,2.46,0.0,10,2460,买盘
1477,14:51:55,2.46,0.0,252,61992,买盘
1478,14:51:58,2.46,0.0,323,79458,买盘
1479,14:52:07,2.46,0.0,8,1968,买盘
1480,14:52:13,2.45,-0.01,10,2450,卖盘
1481,14:52:15,2.46,0.01,50,12300,买盘
1482,14:52:31,2.46,0.0,160,39360,买盘
1483,14:52:34,2.45,-0.01,100,24500,卖盘
1484,14:52:37,2.46,0.01,7,1722,买盘
1485,14:52:40,2.45,-0.01,60,14700,卖盘
1486,14:52:43,2.46,0.01,119,29274,买盘
1487,14:52:46,2.46,0.0,339,83394,买盘
1488,14:52:49,2.46,0.0,4,984,买盘
1489,14:52:52,2.45,-0.01,90,22050,卖盘
1490,14:52:54,2.46,0.01,175,42975,买盘
1491,14:53:01,2.45,-0.01,56,13720,卖盘
1492,14:53:04,2.46,0.01,296,72816,买盘
1493,14:53:07,2.46,0.0,42,10330,买盘
1494,14:53:10,2.46,0.0,25,6140,买盘
1495,14:53:15,2.45,-0.01,17,4165,卖盘
1496,14:53:31,2.45,0.0,50,12250,卖盘
1497,14:53:37,2.46,0.01,1,246,买盘
1498,14:53:46,2.45,-0.01,11,2696,卖盘
1499,14:53:49,2.46,0.01,1,246,买盘
1500,14:53:57,2.46,0.0,117,28762,买盘
1501,14:54:04,2.45,-0.01,32,7840,卖盘
1502,14:54:12,2.45,0.0,15,3675,卖盘
1503,14:54:16,2.46,0.01,30,7380,买盘
1504,14:54:25,2.45,-0.01,100,24500,卖盘
1505,14:54:31,2.45,0.0,20,4900,卖盘
1506,14:54:34,2.46,0.01,66,16236,买盘
1507,14:54:39,2.46,0.0,121,29766,买盘
1508,14:54:43,2.46,0.0,278,68388,买盘
1509,14:54:52,2.46,0.0,26,6396,买盘
1510,14:55:00,2.45,-0.01,30,7350,卖盘
1511,14:55:04,2.46,0.01,19,4674,买盘
1512,14:55:07,2.45,-0.01,833,204119,卖盘
1513,14:55:13,2.46,0.01,200,49200,买盘
1514,14:55:22,2.46,0.0,51,12546,买盘
1515,14:55:25,2.46,0.0,45,11070,买盘
1516,14:55:28,2.46,0.0,5,1230,买盘
1517,14:55:31,2.45,-0.01,19,4655,卖盘
1518,14:55:34,2.46,0.01,816,200736,买盘
1519,14:55:40,2.45,-0.01,6,1470,卖盘
1520,14:55:43,2.46,0.01,420,103320,买盘
1521,14:55:49,2.45,-0.01,61,14945,卖盘
1522,14:55:51,2.46,0.01,111,27306,买盘
1523,14:55:55,2.46,0.0,372,91512,买盘
1524,14:55:57,2.46,0.0,45,11070,买盘
1525,14:56:00,2.45,-0.01,54,13261,卖盘
1526,14:56:04,2.46,0.01,308,75500,买盘
1527,14:56:13,2.46,0.0,135,33210,买盘
1528,14:56:24,2.46,0.0,196,48158,买盘
1529,14:56:31,2.46,0.0,51,12546,买盘
1530,14:56:36,2.46,0.0,1,246,买盘
1531,14:56:40,2.46,0.0,260,63960,买盘
1532,14:56:43,2.45,-0.01,10,2450,卖盘
1533,14:56:45,2.46,0.01,2,492,买盘
1534,14:56:52,2.46,0.0,5,1230,买盘
1535,14:56:58,2.46,0.0,42,10332,买盘
1536,14:57:00,2.46,0.0,25,6150,买盘
1537,14:57:04,2.46,0.0,18,4428,买盘
1538,15:00:04,2.46,0.0,2645,650670,卖盘
