,time,price,change,volume,amount,type
0,09:25:04,78.44,-0.55,110,862840,卖盘
1,09:30:04,78.09,-0.35,28,219166,卖盘
2,09:30:07,78.29,0.2,154,1202782,买盘
3,09:30:10,78.3,0.01,42,328554,买盘
4,09:30:13,77.93,-0.37,159,1240831,卖盘
5,09:30:16,78.0,0.07,4,31200,买盘
6,09:30:19,78.0,0.0,4,31200,买盘
7,09:30:22,78.0,0.0,14,109096,买盘
8,09:30:25,78.0,0.0,2,15600,买盘
9,09:30:28,77.93,-0.07,14,109105,中性盘
10,09:30:31,77.8,-0.13,53,413186,卖盘
11,09:30:34,77.85,0.05,22,171190,买盘
12,09:30:37,77.85,0.0,16,124515,买盘
13,09:30:40,77.77,-0.08,29,225622,卖盘
14,09:30:43,77.78,0.01,19,147768,买盘
15,09:30:46,77.65,-0.13,23,178713,卖盘
16,09:30:49,77.77,0.12,38,295100,买盘
17,09:30:52,77.83,0.06,23,178839,买盘
18,09:30:55,77.78,-0.05,4,31112,中性盘
19,09:30:58,77.78,0.0,4,31112,卖盘
20,09:31:01,77.72,-0.06,7,54438,卖盘
21,09:31:05,77.68,-0.04,44,342131,卖盘
22,09:31:07,77.77,0.09,28,217529,买盘
23,09:31:10,77.72,-0.05,4,31103,中性盘
24,09:31:13,77.7,-0.02,57,442944,卖盘
25,09:31:16,77.8,0.1,15,116548,买盘
26,09:31:19,77.75,-0.05,22,171032,中性盘
27,09:31:22,77.68,-0.07,22,171005,卖盘
28,09:31:25,77.68,0.0,22,170932,卖盘
29,09:31:28,77.81,0.13,27,213119,买盘
30,09:31:31,77.69,-0.12,63,489501,卖盘
31,09:31:34,77.85,0.16,25,194299,中性盘
32,09:31:37,77.81,-0.04,6,46641,中性盘
33,09:31:40,77.89,0.08,29,225486,买盘
34,09:31:43,77.89,0.0,8,62284,买盘
35,09:31:46,77.78,-0.11,12,93336,中性盘
36,09:31:49,77.78,0.0,21,163432,中性盘
37,09:31:52,77.76,-0.02,19,147871,中性盘
38,09:31:55,77.89,0.13,9,70101,卖盘
39,09:31:58,77.85,-0.04,4,31128,中性盘
40,09:32:01,77.89,0.04,2,15578,卖盘
41,09:32:04,77.89,0.0,31,241178,买盘
42,09:32:07,77.89,0.0,5,38943,买盘
43,09:32:10,77.9,0.01,14,109050,买盘
44,09:32:13,77.89,-0.01,18,140197,中性盘
45,09:32:16,77.89,0.0,5,38948,卖盘
46,09:32:19,77.79,-0.1,39,303439,卖盘
47,09:32:22,77.85,0.06,37,287839,买盘
48,09:32:25,77.73,-0.12,12,93432,卖盘
49,09:32:28,77.89,0.16,39,303659,买盘
50,09:32:31,77.7,-0.19,44,341949,卖盘
51,09:32:34,77.73,0.03,9,70013,卖盘
52,09:32:37,77.83,0.1,18,139964,买盘
53,09:32:40,77.77,-0.06,21,163442,卖盘
54,09:32:43,77.75,-0.02,7,54433,卖盘
55,09:32:46,77.72,-0.03,18,139936,卖盘
56,09:32:49,77.78,0.06,11,85621,卖盘
57,09:32:52,77.79,0.01,29,225555,中性盘
58,09:32:55,77.7,-0.09,20,155448,卖盘
59,09:32:58,77.75,0.05,12,93334,卖盘
60,09:33:01,77.75,0.0,15,116620,买盘
61,09:33:04,77.7,-0.05,38,295322,卖盘
62,09:33:07,77.73,0.03,16,124348,买盘
63,09:33:10,77.7,-0.03,56,435275,卖盘
64,09:33:13,77.73,0.03,33,256421,买盘
65,09:33:16,77.7,-0.03,41,318572,买盘
66,09:33:19,77.69,-0.01,23,178700,中性盘
67,09:33:22,77.68,-0.01,65,501901,卖盘
68,09:33:25,77.75,0.07,13,104104,买盘
69,09:33:28,77.75,0.0,8,62206,卖盘
70,09:33:31,77.75,0.0,19,147725,卖盘
71,09:33:34,77.71,-0.04,24,186548,卖盘
72,09:33:37,77.82,0.11,27,210059,买盘
73,09:33:43,77.8,-0.02,5,38902,卖盘
74,09:33:46,77.89,0.09,1,7789,买盘
75,09:33:49,77.82,-0.07,34,264838,卖盘
76,09:33:52,77.89,0.07,3,23369,中性盘
77,09:33:55,77.84,-0.05,45,350612,卖盘
78,09:33:58,77.9,0.06,3,23388,卖盘
79,09:34:01,77.9,0.0,56,436196,卖盘
80,09:34:04,77.97,0.07,9,70175,卖盘
81,09:34:07,77.98,0.01,22,171549,买盘
82,09:34:10,77.98,0.0,25,194942,买盘
83,09:34:13,77.98,0.0,35,272794,买盘
84,09:34:16,77.98,0.0,25,194947,买盘
85,09:34:19,77.97,-0.01,7,54582,中性盘
86,09:34:22,77.98,0.01,19,148156,买盘
87,09:34:25,77.97,-0.01,2,15594,买盘
88,09:34:28,77.95,-0.02,32,249376,中性盘
89,09:34:31,77.91,-0.04,3,23377,中性盘
90,09:34:34,77.96,0.05,7,54558,买盘
91,09:34:37,77.9,-0.06,26,202582,卖盘
92,09:34:40,77.92,0.02,17,132455,买盘
93,09:34:43,77.88,-0.04,18,140206,卖盘
94,09:34:46,77.94,0.06,5,38960,买盘
95,09:34:49,77.9,-0.04,25,194715,卖盘
96,09:34:52,77.82,-0.08,5,38910,卖盘
97,09:34:55,77.8,-0.02,46,357903,卖盘
98,09:34:58,77.8,0.0,9,70020,卖盘
99,09:35:01,77.77,-0.03,32,248955,卖盘
100,09:35:04,77.77,0.0,16,124391,中性盘
101,09:35:07,77.73,-0.04,3,23327,中性盘
102,09:35:10,77.7,-0.03,52,404043,卖盘
103,09:35:13,77.71,0.01,15,116553,买盘
104,09:35:16,77.68,-0.03,9,69914,卖盘
105,09:35:19,77.69,0.01,37,287413,买盘
106,09:35:22,77.68,-0.01,50,388205,中性盘
107,09:35:25,77.6,-0.08,16,124207,卖盘
108,09:35:28,77.58,-0.02,9,69822,卖盘
109,09:35:31,77.58,0.0,6,46550,卖盘
110,09:35:34,77.51,-0.07,85,659177,卖盘
111,09:35:37,77.55,0.04,55,426364,买盘
112,09:35:40,77.5,-0.05,73,565785,卖盘
113,09:35:43,77.38,-0.12,31,239990,卖盘
114,09:35:46,77.11,-0.27,48,370894,卖盘
115,09:35:49,77.12,0.01,11,84912,卖盘
116,09:35:52,77.3,0.18,25,192973,中性盘
117,09:35:55,77.3,0.0,9,69420,买盘
118,09:35:58,77.13,-0.17,40,308485,卖盘
119,09:36:01,77.2,0.07,40,308680,中性盘
120,09:36:04,77.06,-0.14,29,223619,卖盘
121,09:36:07,77.0,-0.06,127,978884,卖盘
122,09:36:10,77.2,0.2,57,439476,买盘
123,09:36:13,77.22,0.02,57,440175,卖盘
124,09:36:16,77.22,0.0,75,579402,卖盘
125,09:36:19,77.22,0.0,92,710798,卖盘
126,09:36:22,77.3,0.08,18,139136,中性盘
127,09:36:25,77.29,-0.01,36,278258,卖盘
128,09:36:28,77.29,0.0,53,409757,卖盘
129,09:36:31,77.34,0.05,94,726660,买盘
130,09:36:34,77.34,0.0,55,425126,买盘
131,09:36:37,77.38,0.04,18,139210,买盘
132,09:36:40,77.38,0.0,12,92815,买盘
133,09:36:43,77.38,0.0,5,38687,买盘
134,09:36:46,77.38,0.0,40,309419,买盘
135,09:36:49,77.38,0.0,25,193396,买盘
136,09:36:52,77.38,0.0,24,185639,买盘
137,09:36:55,77.34,-0.04,37,286309,卖盘
138,09:36:58,77.44,0.1,20,154788,买盘
139,09:37:01,77.4,-0.04,1,7740,卖盘
140,09:37:05,77.44,0.04,14,108384,买盘
141,09:37:07,77.44,0.0,11,85147,买盘
142,09:37:10,77.47,0.03,4,30988,买盘
143,09:37:13,77.4,-0.07,13,100649,卖盘
144,09:37:16,77.48,0.08,34,263281,买盘
145,09:37:22,77.49,0.01,5,38745,卖盘
146,09:37:25,77.44,-0.05,15,116210,卖盘
147,09:37:28,77.5,0.06,33,255624,买盘
148,09:37:31,77.45,-0.05,5,38741,中性盘
149,09:37:34,77.4,-0.05,49,379426,卖盘
150,09:37:37,77.5,0.1,28,216906,买盘
151,09:37:40,77.5,0.0,7,54240,买盘
152,09:37:43,77.45,-0.05,4,30988,卖盘
153,09:37:46,77.5,0.05,20,154889,买盘
154,09:37:49,77.49,-0.01,34,263411,买盘
155,09:37:52,77.5,0.01,8,61999,买盘
156,09:37:55,77.45,-0.05,15,116191,卖盘
157,09:37:58,77.5,0.05,4,30997,买盘
158,09:38:01,77.5,0.0,4,31000,买盘
159,09:38:04,77.49,-0.01,17,131747,卖盘
160,09:38:07,77.49,0.0,14,108495,卖盘
161,09:38:10,77.5,0.01,5,38748,买盘
162,09:38:13,77.49,-0.01,6,46497,卖盘
163,09:38:16,77.49,0.0,12,92994,买盘
164,09:38:19,77.47,-0.02,7,54239,卖盘
165,09:38:22,77.49,0.02,18,139449,买盘
166,09:38:25,77.49,0.0,11,85229,买盘
167,09:38:28,77.45,-0.04,40,309867,卖盘
168,09:38:31,77.48,0.03,28,216912,中性盘
169,09:38:34,77.42,-0.06,19,147137,卖盘
170,09:38:37,77.42,0.0,16,123872,买盘
171,09:38:40,77.47,0.05,38,294289,买盘
172,09:38:43,77.4,-0.07,14,108389,卖盘
173,09:38:46,77.45,0.05,2,15492,卖盘
174,09:38:49,77.47,0.02,29,224498,买盘
175,09:38:52,77.43,-0.04,74,573338,中性盘
176,09:38:55,77.43,0.0,6,46458,卖盘
177,09:38:58,77.35,-0.08,111,858974,卖盘
178,09:39:01,77.38,0.03,85,657730,买盘
179,09:39:05,77.38,0.0,117,904782,买盘
180,09:39:07,77.38,0.0,20,154760,买盘
181,09:39:10,77.35,-0.03,15,116027,中性盘
182,09:39:13,77.35,0.0,5,38686,卖盘
183,09:39:16,77.35,0.0,18,139220,买盘
184,09:39:19,77.3,-0.05,3,23201,卖盘
185,09:39:22,77.38,0.08,24,185569,买盘
186,09:39:25,77.38,0.0,46,355904,买盘
187,09:39:28,77.3,-0.08,5,38666,卖盘
188,09:39:31,77.3,0.0,15,115950,买盘
189,09:39:34,77.35,0.05,26,200931,买盘
190,09:39:37,77.32,-0.03,7,54125,卖盘
191,09:39:40,77.31,-0.01,4,30923,卖盘
192,09:39:43,77.3,-0.01,16,123707,卖盘
193,09:39:46,77.31,0.01,18,139135,中性盘
194,09:39:49,77.3,-0.01,8,61840,卖盘
195,09:39:52,77.25,-0.05,3,23179,卖盘
196,09:39:55,77.3,0.05,4,30917,买盘
197,09:39:58,77.25,-0.05,14,108155,卖盘
198,09:40:01,77.24,-0.01,75,576047,卖盘
199,09:40:04,77.23,-0.01,5,38622,中性盘
200,09:40:07,77.21,-0.02,33,254781,中性盘
201,09:40:10,77.19,-0.02,63,486311,卖盘
202,09:40:13,77.2,0.01,9,69493,中性盘
203,09:40:16,77.23,0.03,48,370523,买盘
204,09:40:19,77.21,-0.02,20,154406,中性盘
205,09:40:22,77.19,-0.02,27,208444,卖盘
206,09:40:25,77.2,0.01,29,226923,卖盘
207,09:40:28,76.91,-0.29,454,3497680,卖盘
208,09:40:31,77.0,0.09,36,277200,买盘
209,09:40:34,77.0,0.0,16,123070,买盘
210,09:40:37,76.9,-0.1,14,107680,卖盘
211,09:40:40,76.86,-0.04,34,261399,卖盘
212,09:40:43,76.83,-0.03,19,145988,卖盘
213,09:40:46,76.68,-0.15,53,406916,卖盘
214,09:40:49,76.72,0.04,60,459925,中性盘
215,09:40:52,76.51,-0.21,31,237563,卖盘
216,09:40:55,76.68,0.17,74,566319,买盘
217,09:40:58,76.4,-0.28,22,168280,卖盘
218,09:41:01,76.25,-0.15,28,213888,卖盘
219,09:41:04,76.41,0.16,23,175745,中性盘
220,09:41:07,76.25,-0.16,67,511204,卖盘
221,09:41:10,76.25,0.0,38,289504,中性盘
222,09:41:13,76.02,-0.23,65,495050,卖盘
223,09:41:16,76.18,0.16,42,319662,买盘
224,09:41:19,76.0,-0.18,50,384493,卖盘
225,09:41:22,76.02,0.02,24,182457,中性盘
226,09:41:25,76.0,-0.02,144,1094680,卖盘
227,09:41:28,76.0,0.0,45,342032,卖盘
228,09:41:31,76.0,0.0,75,565607,买盘
229,09:41:34,76.0,0.0,58,440774,买盘
230,09:41:37,76.0,0.0,53,402754,买盘
231,09:41:40,75.88,-0.12,151,1143671,卖盘
232,09:41:43,75.93,0.05,47,353753,买盘
233,09:41:46,75.88,-0.05,72,546941,卖盘
234,09:41:49,75.88,0.0,25,189759,卖盘
235,09:41:52,75.86,-0.02,70,533751,卖盘
236,09:41:55,75.93,0.07,69,526063,买盘
237,09:41:58,75.83,-0.1,56,422328,买盘
238,09:42:01,75.84,0.01,24,180900,中性盘
239,09:42:04,75.8,-0.04,65,494020,卖盘
240,09:42:07,75.82,0.02,21,159179,买盘
241,09:42:10,75.83,0.01,52,393273,买盘
242,09:42:13,75.88,0.05,33,250357,买盘
243,09:42:16,75.88,0.0,37,280761,卖盘
244,09:42:19,75.82,-0.06,91,689170,卖盘
245,09:42:22,76.0,0.18,103,785694,买盘
246,09:42:25,76.0,0.0,47,355682,卖盘
247,09:42:28,76.0,0.0,41,310931,卖盘
248,09:42:31,76.0,0.0,36,271979,卖盘
249,09:42:34,76.13,0.13,67,513057,买盘
250,09:42:37,76.2,0.07,12,91388,买盘
251,09:42:40,76.25,0.05,20,151086,买盘
252,09:42:43,76.13,-0.12,14,106617,买盘
253,09:42:46,76.25,0.12,3,22874,买盘
254,09:42:49,76.32,0.07,25,190781,买盘
255,09:42:52,76.3,-0.02,7,53405,卖盘
256,09:42:55,76.3,0.0,8,61005,买盘
257,09:42:58,76.27,-0.03,25,188195,中性盘
258,09:43:01,76.25,-0.02,91,694039,卖盘
259,09:43:04,76.25,0.0,23,175392,买盘
260,09:43:07,76.23,-0.02,16,127323,买盘
261,09:43:10,76.13,-0.1,12,90425,卖盘
262,09:43:13,76.2,0.07,51,389137,买盘
263,09:43:16,76.14,-0.06,47,358000,中性盘
264,09:43:19,76.0,-0.14,115,869870,卖盘
265,09:43:22,76.02,0.02,58,441104,中性盘
266,09:43:25,76.2,0.18,35,267395,买盘
267,09:43:28,76.2,0.0,12,93278,买盘
268,09:43:31,76.06,-0.14,42,320183,买盘
269,09:43:34,76.14,0.08,87,661562,买盘
270,09:43:37,76.13,-0.01,19,144653,中性盘
271,09:43:40,76.14,0.01,34,258864,买盘
272,09:43:43,76.14,0.0,18,137052,买盘
273,09:43:46,76.13,-0.01,78,593313,中性盘
274,09:43:49,76.14,0.01,46,350198,买盘
275,09:43:52,76.14,0.0,48,365602,卖盘
276,09:43:55,76.14,0.0,16,121865,卖盘
277,09:43:58,76.19,0.05,39,297034,买盘
278,09:44:01,76.17,-0.02,43,327592,卖盘
279,09:44:04,76.2,0.03,56,426571,买盘
280,09:44:07,76.19,-0.01,34,255258,中性盘
281,09:44:10,76.23,0.04,22,170052,买盘
282,09:44:13,76.35,0.12,13,99148,买盘
283,09:44:16,76.4,0.05,3,23752,卖盘
284,09:44:19,76.35,-0.05,6,45820,买盘
285,09:44:22,76.23,-0.12,39,297758,卖盘
286,09:44:25,76.48,0.25,5,38181,买盘
287,09:44:28,76.38,-0.1,21,160528,卖盘
288,09:44:31,76.35,-0.03,16,122177,卖盘
289,09:44:34,76.48,0.13,4,30586,买盘
290,09:44:37,76.48,0.0,21,160590,买盘
291,09:44:40,76.48,0.0,15,114718,买盘
292,09:44:43,76.46,-0.02,10,76476,卖盘
293,09:44:46,76.45,-0.01,19,145228,买盘
294,09:44:49,76.4,-0.05,16,122313,卖盘
295,09:44:52,76.41,0.01,10,76460,中性盘
296,09:44:55,76.48,0.07,9,68838,买盘
297,09:44:58,76.4,-0.08,67,512111,卖盘
298,09:45:01,76.48,0.08,101,772073,买盘
299,09:45:04,76.47,-0.01,15,114658,中性盘
300,09:45:07,76.48,0.01,18,137629,买盘
301,09:45:10,76.47,-0.01,21,160549,中性盘
302,09:45:13,76.46,-0.01,16,122330,中性盘
303,09:45:16,76.46,0.0,14,107042,中性盘
304,09:45:19,76.45,-0.01,16,122314,卖盘
305,09:45:22,76.46,0.01,9,68806,买盘
306,09:45:25,76.4,-0.06,29,221628,卖盘
307,09:45:27,76.46,0.06,13,99358,买盘
308,09:45:31,76.4,-0.06,19,145165,卖盘
309,09:45:34,76.38,-0.02,27,206258,卖盘
310,09:45:37,76.23,-0.15,67,511387,卖盘
311,09:45:40,76.35,0.12,11,83955,买盘
312,09:45:43,76.35,0.0,11,83955,买盘
313,09:45:46,76.2,-0.15,19,144881,卖盘
314,09:45:49,76.21,0.01,1,7621,中性盘
315,09:45:52,76.22,0.01,9,68584,买盘
316,09:45:55,76.22,0.0,12,91460,买盘
317,09:45:58,76.18,-0.04,114,867133,卖盘
318,09:46:01,76.18,0.0,14,109628,卖盘
319,09:46:04,76.18,0.0,210,1597725,买盘
320,09:46:07,76.18,0.0,33,251054,买盘
321,09:46:10,76.18,0.0,12,88445,买盘
322,09:46:13,76.18,0.0,13,98657,卖盘
323,09:46:16,76.15,-0.03,49,373247,卖盘
324,09:46:19,76.15,0.0,7,53293,卖盘
325,09:46:22,76.15,0.0,20,152262,买盘
326,09:46:25,76.18,0.03,14,106600,买盘
327,09:46:28,76.15,-0.03,2,15233,中性盘
328,09:46:31,76.04,-0.11,34,258793,卖盘
329,09:46:34,76.03,-0.01,13,98909,卖盘
330,09:46:37,76.15,0.12,34,258668,中性盘
331,09:46:40,76.2,0.05,8,60945,买盘
332,09:46:43,76.07,-0.13,51,388084,卖盘
333,09:46:46,76.17,0.1,9,68572,买盘
334,09:46:49,76.15,-0.02,1,7615,买盘
335,09:46:52,76.06,-0.09,8,60868,卖盘
336,09:46:55,76.15,0.09,4,30460,买盘
337,09:46:57,76.15,0.0,31,235985,买盘
338,09:47:01,76.08,-0.07,27,205483,卖盘
339,09:47:04,76.08,0.0,17,129337,买盘
340,09:47:07,76.1,0.02,16,121814,中性盘
341,09:47:10,76.17,0.07,1,7617,中性盘
342,09:47:13,76.19,0.02,5,38082,买盘
343,09:47:16,76.18,-0.01,1,7618,中性盘
344,09:47:19,76.21,0.03,17,129547,买盘
345,09:47:22,76.21,0.0,15,114283,买盘
346,09:47:25,76.2,-0.01,33,251492,卖盘
347,09:47:28,76.21,0.01,10,76236,中性盘
348,09:47:31,76.2,-0.01,56,426913,卖盘
349,09:47:34,76.25,0.05,5,38125,中性盘
350,09:47:37,76.3,0.05,54,411740,买盘
351,09:47:40,76.3,0.0,3,22890,卖盘
352,09:47:43,76.3,0.0,9,68705,卖盘
353,09:47:46,76.3,0.0,8,61040,卖盘
354,09:47:49,76.35,0.05,5,38176,买盘
355,09:47:52,76.36,0.01,1,7636,买盘
356,09:47:55,76.36,0.0,7,53449,买盘
357,09:48:01,76.35,-0.01,31,236803,卖盘
358,09:48:05,76.43,0.08,3,22923,买盘
359,09:48:07,76.47,0.04,10,76464,买盘
360,09:48:10,76.46,-0.01,4,30564,买盘
361,09:48:16,76.47,0.01,25,191114,买盘
362,09:48:19,76.47,0.0,8,61176,买盘
363,09:48:22,76.48,0.01,4,30592,买盘
364,09:48:25,76.48,0.0,12,91766,买盘
365,09:48:31,76.49,0.01,9,68847,卖盘
366,09:48:34,76.5,0.01,29,221824,买盘
367,09:48:37,76.5,0.0,10,76496,买盘
368,09:48:40,76.55,0.05,2,15307,买盘
369,09:48:43,76.57,0.02,36,275432,买盘
370,09:48:46,76.51,-0.06,2,15303,卖盘
371,09:48:49,76.52,0.01,9,68908,中性盘
372,09:48:52,76.6,0.08,12,91919,买盘
373,09:48:55,76.6,0.0,2,15320,卖盘
374,09:48:58,76.6,0.0,9,68940,卖盘
375,09:49:01,76.6,0.0,13,99608,卖盘
376,09:49:04,76.65,0.05,36,275795,中性盘
377,09:49:06,76.68,0.03,4,30669,买盘
378,09:49:10,76.68,0.0,3,23004,卖盘
379,09:49:13,76.68,0.0,44,337392,卖盘
380,09:49:16,76.68,0.0,10,76680,买盘
381,09:49:19,76.65,-0.03,13,99661,卖盘
382,09:49:22,76.69,0.04,51,391116,买盘
383,09:49:25,76.67,-0.02,7,53666,买盘
384,09:49:28,76.65,-0.02,25,191638,卖盘
385,09:49:31,76.6,-0.05,50,383163,卖盘
386,09:49:34,76.6,0.0,14,107238,买盘
387,09:49:37,76.6,0.0,12,91913,买盘
388,09:49:40,76.57,-0.03,51,390579,卖盘
389,09:49:43,76.57,0.0,11,84227,买盘
390,09:49:46,76.5,-0.07,62,474405,卖盘
391,09:49:49,76.59,0.09,6,45942,买盘
392,09:49:52,76.5,-0.09,51,390104,卖盘
393,09:49:55,76.5,0.0,19,145350,买盘
394,09:49:58,76.5,0.0,5,38250,买盘
395,09:50:01,76.5,0.0,35,267624,买盘
396,09:50:04,76.47,-0.03,10,76494,卖盘
397,09:50:07,76.39,-0.08,21,160424,卖盘
398,09:50:13,76.45,0.06,8,61136,买盘
399,09:50:16,76.38,-0.07,24,183295,卖盘
400,09:50:19,76.38,0.0,3,22914,买盘
401,09:50:22,76.36,-0.02,8,61103,卖盘
402,09:50:25,76.39,0.03,42,320796,买盘
403,09:50:28,76.37,-0.02,29,221476,卖盘
404,09:50:31,76.39,0.02,6,45834,买盘
405,09:50:34,76.37,-0.02,34,259661,卖盘
406,09:50:37,76.39,0.02,9,68743,买盘
407,09:50:40,76.37,-0.02,18,137470,卖盘
408,09:50:43,76.37,0.0,7,53456,买盘
409,09:50:46,76.37,0.0,11,84006,买盘
410,09:50:49,76.35,-0.02,25,190888,卖盘
411,09:50:52,76.34,-0.01,14,106896,卖盘
412,09:50:55,76.36,0.02,3,22906,买盘
413,09:50:58,76.33,-0.03,9,68703,卖盘
414,09:51:01,76.36,0.03,14,106890,买盘
415,09:51:04,76.31,-0.05,21,160270,卖盘
416,09:51:07,76.3,-0.01,31,236564,卖盘
417,09:51:13,76.33,0.03,16,122121,买盘
418,09:51:16,76.3,-0.03,39,297570,卖盘
419,09:51:19,76.3,0.0,54,412020,买盘
420,09:51:22,76.3,0.0,10,76300,买盘
421,09:51:25,76.29,-0.01,72,549284,卖盘
422,09:51:28,76.3,0.01,14,106819,买盘
423,09:51:31,76.3,0.0,5,38147,买盘
424,09:51:34,76.25,-0.05,23,175425,卖盘
425,09:51:37,76.21,-0.04,8,60985,卖盘
426,09:51:40,76.25,0.04,6,45750,买盘
427,09:51:43,76.22,-0.03,2,15247,卖盘
428,09:51:46,76.2,-0.02,37,281989,卖盘
429,09:51:49,76.19,-0.01,17,129549,卖盘
430,09:51:55,76.19,0.0,1,7619,买盘
431,09:51:58,76.15,-0.04,5,38086,卖盘
432,09:52:01,76.17,0.02,7,53324,卖盘
433,09:52:04,76.18,0.01,26,198067,买盘
434,09:52:07,76.11,-0.07,15,114206,卖盘
435,09:52:10,76.17,0.06,18,137049,买盘
436,09:52:16,76.1,-0.07,6,45664,卖盘
437,09:52:19,76.1,0.0,38,289186,卖盘
438,09:52:22,76.13,0.03,57,433824,买盘
439,09:52:25,76.13,0.0,2,15226,买盘
440,09:52:28,76.1,-0.03,25,190262,卖盘
441,09:52:31,76.17,0.07,10,76123,买盘
442,09:52:34,76.11,-0.06,46,350170,卖盘
443,09:52:37,76.19,0.08,14,106600,中性盘
444,09:52:40,76.11,-0.08,11,83749,卖盘
445,09:52:43,76.2,0.09,21,159849,买盘
446,09:52:46,76.12,-0.08,2,15233,卖盘
447,09:52:49,76.14,0.02,3,22842,中性盘
448,09:52:52,76.12,-0.02,24,182740,卖盘
449,09:52:55,76.11,-0.01,68,517574,卖盘
450,09:52:58,76.11,0.0,20,152220,买盘
451,09:53:01,76.1,-0.01,24,182649,卖盘
452,09:53:04,76.13,0.03,21,159815,中性盘
453,09:53:07,76.17,0.04,5,38113,卖盘
454,09:53:10,76.25,0.08,45,342612,买盘
455,09:53:13,76.11,-0.14,12,91332,卖盘
456,09:53:16,76.14,0.03,2,15228,买盘
457,09:53:19,76.14,0.0,6,45684,买盘
458,09:53:22,76.11,-0.03,21,159881,卖盘
459,09:53:25,76.13,0.02,16,121807,买盘
460,09:53:28,76.13,0.0,9,68517,买盘
461,09:53:31,76.11,-0.02,20,152265,卖盘
462,09:53:34,76.11,0.0,14,106582,卖盘
463,09:53:37,76.13,0.02,2,15226,卖盘
464,09:53:43,76.17,0.04,4,30468,卖盘
465,09:53:46,76.17,0.0,4,30474,卖盘
466,09:53:49,76.19,0.02,10,76166,买盘
467,09:53:52,76.2,0.01,22,167639,买盘
468,09:53:55,76.2,0.0,1,7620,买盘
469,09:54:01,76.16,-0.04,14,106646,卖盘
470,09:54:04,76.16,0.0,28,213284,卖盘
471,09:54:07,76.16,0.0,20,152320,买盘
472,09:54:10,76.16,0.0,17,129471,买盘
473,09:54:13,76.19,0.03,203,1546078,买盘
474,09:54:16,76.14,-0.05,20,152296,卖盘
475,09:54:19,76.17,0.03,6,45702,卖盘
476,09:54:22,76.16,-0.01,2,15233,卖盘
477,09:54:25,76.2,0.04,13,99049,买盘
478,09:54:28,76.19,-0.01,3,22853,买盘
479,09:54:31,76.19,0.0,3,22857,卖盘
480,09:54:40,76.2,0.01,6,45720,买盘
481,09:54:43,76.2,0.0,5,38096,买盘
482,09:54:46,76.2,0.0,11,83819,买盘
483,09:54:49,76.2,0.0,10,76202,卖盘
484,09:54:55,76.2,0.0,5,38102,卖盘
485,09:54:58,76.28,0.08,5,38140,买盘
486,09:55:01,76.19,-0.09,41,312416,卖盘
487,09:55:04,76.23,0.04,4,30483,中性盘
488,09:55:07,76.28,0.05,9,68625,买盘
489,09:55:10,76.28,0.0,8,61024,买盘
490,09:55:16,76.28,0.0,5,38140,买盘
491,09:55:18,76.23,-0.05,2,15250,卖盘
492,09:55:22,76.27,0.04,5,38135,买盘
493,09:55:25,76.27,0.0,2,15254,买盘
494,09:55:28,76.23,-0.04,5,38119,卖盘
495,09:55:31,76.25,0.02,1,7625,买盘
496,09:55:34,76.22,-0.03,9,68606,卖盘
497,09:55:37,76.25,0.03,6,45750,买盘
498,09:55:40,76.27,0.02,7,53379,买盘
499,09:55:46,76.22,-0.05,11,83872,卖盘
500,09:55:49,76.27,0.05,5,38119,买盘
501,09:55:52,76.23,-0.04,1,7623,中性盘
502,09:55:55,76.23,0.0,1,7623,买盘
503,09:55:58,76.23,0.0,8,60984,买盘
504,09:56:01,76.22,-0.01,3,22866,卖盘
505,09:56:04,76.23,0.01,4,30491,买盘
506,09:56:07,76.23,0.0,8,60984,买盘
507,09:56:10,76.23,0.0,15,114345,卖盘
508,09:56:19,76.23,0.0,1,7623,卖盘
509,09:56:22,76.23,0.0,3,22871,卖盘
510,09:56:25,76.23,0.0,21,160083,卖盘
511,09:56:28,76.22,-0.01,7,53355,卖盘
512,09:56:31,76.22,0.0,5,38110,买盘
513,09:56:34,76.23,0.01,26,198190,买盘
514,09:56:37,76.21,-0.02,3,22865,卖盘
515,09:56:40,76.21,0.0,25,190536,卖盘
516,09:56:43,76.21,0.0,16,121940,买盘
517,09:56:46,76.22,0.01,10,76211,买盘
518,09:56:49,76.22,0.0,75,571541,买盘
519,09:56:51,76.21,-0.01,11,83841,卖盘
520,09:56:55,76.25,0.04,8,60986,买盘
521,09:56:58,76.25,0.0,1,7625,买盘
522,09:57:01,76.2,-0.05,31,236228,卖盘
523,09:57:04,76.27,0.07,27,205854,买盘
524,09:57:07,76.27,0.0,18,137207,买盘
525,09:57:13,76.25,-0.02,2,15251,卖盘
526,09:57:16,76.27,0.02,15,114414,买盘
527,09:57:19,76.25,-0.02,10,76250,卖盘
528,09:57:25,76.29,0.04,14,106801,买盘
529,09:57:28,76.29,0.0,32,244031,买盘
530,09:57:31,76.25,-0.04,11,83983,卖盘
531,09:57:34,76.29,0.04,15,114397,买盘
532,09:57:37,76.25,-0.04,4,30507,中性盘
533,09:57:40,76.28,0.03,3,22884,买盘
534,09:57:42,76.29,0.01,9,68656,买盘
535,09:57:46,76.18,-0.11,76,579245,卖盘
536,09:57:49,76.18,0.0,4,30472,买盘
537,09:57:52,76.18,0.0,6,45708,买盘
538,09:57:55,76.18,0.0,4,30472,买盘
539,09:58:01,76.29,0.11,3,22875,中性盘
540,09:58:04,76.29,0.0,13,99301,卖盘
541,09:58:07,76.43,0.14,2,15286,中性盘
542,09:58:10,76.41,-0.02,2,15282,中性盘
543,09:58:13,76.29,-0.12,2,15258,卖盘
544,09:58:16,76.36,0.07,11,84067,中性盘
545,09:58:19,76.3,-0.06,4,30532,卖盘
546,09:58:22,76.3,0.0,1,7630,卖盘
547,09:58:25,76.4,0.1,23,175708,买盘
548,09:58:28,76.44,0.04,3,22929,买盘
549,09:58:37,76.31,-0.13,19,145089,卖盘
550,09:58:40,76.4,0.09,7,53483,买盘
551,09:58:42,76.4,0.0,5,38200,买盘
552,09:58:49,76.39,-0.01,10,76390,买盘
553,09:58:52,76.36,-0.03,1,7636,卖盘
554,09:58:55,76.36,0.0,6,45818,卖盘
555,09:58:58,76.38,0.02,8,61095,买盘
556,09:59:01,76.31,-0.07,30,228965,卖盘
557,09:59:04,76.3,-0.01,43,328091,卖盘
558,09:59:07,76.29,-0.01,27,205983,卖盘
559,09:59:10,76.3,0.01,7,53401,买盘
560,09:59:13,76.3,0.0,7,53410,买盘
561,09:59:16,76.3,0.0,1,7630,买盘
562,09:59:19,76.24,-0.06,24,183089,卖盘
563,09:59:22,76.24,0.0,3,22870,买盘
564,09:59:25,76.3,0.06,3,22890,买盘
565,09:59:28,76.24,-0.06,13,99112,卖盘
566,09:59:31,76.21,-0.03,15,114333,卖盘
567,09:59:34,76.2,-0.01,20,152401,卖盘
568,09:59:37,76.21,0.01,2,15241,买盘
569,09:59:40,76.2,-0.01,12,91451,中性盘
570,09:59:43,76.21,0.01,1,7621,卖盘
571,09:59:46,76.22,0.01,1,7622,买盘
572,09:59:49,76.23,0.01,1,7623,中性盘
573,09:59:52,76.21,-0.02,18,137194,卖盘
574,09:59:55,76.21,0.0,10,76211,卖盘
575,09:59:58,76.3,0.09,21,160145,买盘
576,10:00:01,76.24,-0.06,7,53370,卖盘
577,10:00:10,76.24,0.0,5,38120,中性盘
578,10:00:13,76.3,0.06,10,76282,买盘
579,10:00:16,76.3,0.0,17,129647,买盘
580,10:00:19,76.23,-0.07,7,53363,卖盘
581,10:00:22,76.23,0.0,9,68608,卖盘
582,10:00:25,76.29,0.06,9,68669,中性盘
583,10:00:28,76.25,-0.04,2,15250,卖盘
584,10:00:34,76.25,0.0,2,15250,卖盘
585,10:00:37,76.3,0.05,26,198362,买盘
586,10:00:40,76.25,-0.05,22,167768,卖盘
587,10:00:49,76.25,0.0,6,45759,卖盘
588,10:00:52,76.29,0.04,13,99141,买盘
589,10:00:55,76.24,-0.05,6,45761,卖盘
590,10:00:58,76.25,0.01,5,38128,中性盘
591,10:01:01,76.29,0.04,3,22885,买盘
592,10:01:10,76.3,0.01,6,45780,买盘
593,10:01:16,76.3,0.0,1,7630,买盘
594,10:01:19,76.3,0.0,9,68669,买盘
595,10:01:22,76.3,0.0,1,7630,买盘
596,10:01:25,76.3,0.0,15,114450,买盘
597,10:01:31,76.31,0.01,4,30524,买盘
598,10:01:34,76.31,0.0,3,22893,买盘
599,10:01:37,76.31,0.0,3,22893,卖盘
600,10:01:40,76.36,0.05,3,22908,买盘
601,10:01:43,76.3,-0.06,26,198391,卖盘
602,10:01:46,76.3,0.0,3,22890,买盘
603,10:01:49,76.3,0.0,7,53410,买盘
604,10:01:52,76.3,0.0,1,7630,买盘
605,10:01:55,76.3,0.0,1,7630,买盘
606,10:01:58,76.3,0.0,9,68670,买盘
607,10:02:01,76.29,-0.01,24,183114,卖盘
608,10:02:07,76.3,0.01,2,15260,卖盘
609,10:02:10,76.35,0.05,11,83940,中性盘
610,10:02:19,76.3,-0.05,7,53410,买盘
611,10:02:25,76.3,0.0,15,114450,买盘
612,10:02:28,76.3,0.0,3,22890,买盘
613,10:02:30,76.29,-0.01,2,15258,卖盘
614,10:02:34,76.3,0.01,10,76300,买盘
615,10:02:40,76.3,0.0,2,15259,买盘
616,10:02:43,76.3,0.0,1,7630,买盘
617,10:02:46,76.29,-0.01,4,30519,卖盘
618,10:02:49,76.3,0.01,6,45777,买盘
619,10:02:58,76.29,-0.01,4,30519,卖盘
620,10:03:01,76.28,-0.01,14,106817,卖盘
621,10:03:04,76.29,0.01,5,38141,买盘
622,10:03:07,76.3,0.01,4,30520,买盘
623,10:03:10,76.3,0.0,11,83930,买盘
624,10:03:13,76.29,-0.01,1,7629,买盘
625,10:03:16,76.3,0.01,10,76292,买盘
626,10:03:19,76.28,-0.02,18,137312,卖盘
627,10:03:22,76.29,0.01,4,30515,卖盘
628,10:03:25,76.28,-0.01,22,167819,卖盘
629,10:03:28,76.26,-0.02,7,53386,卖盘
630,10:03:31,76.28,0.02,12,91526,买盘
631,10:03:34,76.26,-0.02,11,83886,卖盘
632,10:03:37,76.26,0.0,9,68634,卖盘
633,10:03:40,76.25,-0.01,34,259285,卖盘
634,10:03:43,76.24,-0.01,19,144856,卖盘
635,10:03:49,76.23,-0.01,3,22870,卖盘
636,10:03:52,76.22,-0.01,16,121975,卖盘
637,10:03:55,76.22,0.0,5,38112,卖盘
638,10:03:58,76.2,-0.02,52,396252,卖盘
639,10:04:04,76.22,0.02,4,30485,中性盘
640,10:04:07,76.21,-0.01,20,152451,卖盘
641,10:04:13,76.2,-0.01,51,388488,买盘
642,10:04:16,76.16,-0.04,4,30466,卖盘
643,10:04:19,76.15,-0.01,5,38082,卖盘
644,10:04:22,76.19,0.04,11,83802,买盘
645,10:04:25,76.15,-0.04,21,159923,卖盘
646,10:04:28,76.15,0.0,17,129437,买盘
647,10:04:31,76.15,0.0,4,30456,买盘
648,10:04:34,76.13,-0.02,13,98987,卖盘
649,10:04:37,76.1,-0.03,157,1194838,卖盘
650,10:04:40,76.1,0.0,4,30440,买盘
651,10:04:43,76.1,0.0,8,60880,买盘
652,10:04:46,76.08,-0.02,36,273932,卖盘
653,10:04:49,76.06,-0.02,17,129338,卖盘
654,10:04:52,76.08,0.02,20,152130,买盘
655,10:04:55,76.08,0.0,23,174921,买盘
656,10:04:58,76.03,-0.05,7,53221,卖盘
657,10:05:01,76.0,-0.03,188,1434076,卖盘
658,10:05:04,76.0,0.0,142,1079204,卖盘
659,10:05:07,76.03,0.03,17,129229,买盘
660,10:05:10,76.0,-0.03,15,114013,卖盘
661,10:05:13,76.0,0.0,38,283714,卖盘
662,10:05:16,75.99,-0.01,8,60795,卖盘
663,10:05:19,76.0,0.01,22,170377,买盘
664,10:05:22,76.0,0.0,20,151981,买盘
665,10:05:25,75.98,-0.02,1,7598,卖盘
666,10:05:31,75.9,-0.08,37,280932,卖盘
667,10:05:34,75.97,0.07,12,91144,买盘
668,10:05:37,75.98,0.01,25,189932,买盘
669,10:05:40,75.94,-0.04,4,30390,卖盘
670,10:05:43,75.89,-0.05,73,554146,卖盘
671,10:05:46,75.91,0.02,9,68320,买盘
672,10:05:49,75.91,0.0,11,83496,买盘
673,10:05:52,75.92,0.01,11,81028,卖盘
674,10:05:55,75.9,-0.02,44,334052,卖盘
675,10:05:58,75.94,0.04,1,7594,卖盘
676,10:06:01,75.97,0.03,7,53165,买盘
677,10:06:04,75.97,0.0,10,75927,买盘
678,10:06:07,75.94,-0.03,4,30385,卖盘
679,10:06:10,75.91,-0.03,54,410277,卖盘
680,10:06:13,75.95,0.04,12,91177,中性盘
681,10:06:16,76.0,0.05,31,240008,买盘
682,10:06:22,76.0,0.0,12,91244,卖盘
683,10:06:28,76.06,0.06,46,349822,买盘
684,10:06:31,76.08,0.02,25,190158,买盘
685,10:06:34,76.08,0.0,5,38040,买盘
686,10:06:37,76.21,0.13,13,98931,买盘
687,10:06:43,76.21,0.0,9,68572,买盘
688,10:06:46,76.21,0.0,13,99064,买盘
689,10:06:49,76.21,0.0,9,68589,买盘
690,10:06:52,76.23,0.02,1,7623,买盘
691,10:06:55,76.21,-0.02,5,38110,卖盘
692,10:06:58,76.3,0.09,2,15260,买盘
693,10:07:04,76.3,0.0,1,7630,买盘
694,10:07:07,76.3,0.0,2,15260,卖盘
695,10:07:13,76.34,0.04,4,30536,买盘
696,10:07:19,76.34,0.0,1,7634,买盘
697,10:07:22,76.34,0.0,8,61072,卖盘
698,10:07:25,76.4,0.06,1,7640,买盘
699,10:07:31,76.4,0.0,2,15280,买盘
700,10:07:37,76.4,0.0,6,45840,卖盘
701,10:07:40,76.41,0.01,1,7641,买盘
702,10:07:43,76.41,0.0,1,7641,买盘
703,10:07:46,76.41,0.0,11,84086,中性盘
704,10:07:49,76.41,0.0,2,15282,卖盘
705,10:07:52,76.5,0.09,2,15299,买盘
706,10:07:55,76.41,-0.09,15,114651,卖盘
707,10:07:58,76.41,0.0,10,76418,卖盘
708,10:08:01,76.52,0.11,2,15301,买盘
709,10:08:04,76.55,0.03,5,38266,买盘
710,10:08:07,76.52,-0.03,1,7652,卖盘
711,10:08:13,76.69,0.17,6,45986,买盘
712,10:08:22,76.69,0.0,6,46009,买盘
713,10:08:25,76.62,-0.07,18,137957,中性盘
714,10:08:28,76.69,0.07,4,30676,中性盘
715,10:08:31,76.69,0.0,12,92026,卖盘
716,10:08:34,76.7,0.01,3,23008,买盘
717,10:08:37,76.69,-0.01,11,84302,买盘
718,10:08:40,76.7,0.01,21,161037,买盘
719,10:08:43,76.69,-0.01,7,53684,卖盘
720,10:08:46,76.6,-0.09,10,76653,卖盘
721,10:08:52,76.6,0.0,18,137878,买盘
722,10:08:55,76.58,-0.02,2,15318,卖盘
723,10:08:58,76.58,0.0,2,15316,买盘
724,10:09:01,76.58,0.0,1,7658,买盘
725,10:09:04,76.6,0.02,13,99559,买盘
726,10:09:07,76.6,0.0,2,15320,卖盘
727,10:09:13,76.58,-0.02,4,30638,卖盘
728,10:09:16,76.6,0.02,6,45964,中性盘
729,10:09:25,76.6,0.0,1,7660,买盘
730,10:09:28,76.58,-0.02,1,7658,卖盘
731,10:09:31,76.58,0.0,7,53606,卖盘
732,10:09:37,76.6,0.02,12,91894,买盘
733,10:09:40,76.59,-0.01,1,7659,买盘
734,10:09:43,76.56,-0.03,5,38278,卖盘
735,10:09:46,76.58,0.02,3,22972,买盘
736,10:09:49,76.56,-0.02,1,7656,买盘
737,10:09:51,76.55,-0.01,2,15310,卖盘
738,10:09:55,76.55,0.0,1,7655,买盘
739,10:09:58,76.55,0.0,11,84188,买盘
740,10:10:01,76.55,0.0,3,22962,买盘
741,10:10:04,76.55,0.0,1,7655,买盘
742,10:10:07,76.5,-0.05,1,7650,卖盘
743,10:10:10,76.5,0.0,15,114756,卖盘
744,10:10:16,76.5,0.0,21,160650,卖盘
745,10:10:19,76.5,0.0,20,153000,卖盘
746,10:10:22,76.5,0.0,9,68850,卖盘
747,10:10:25,76.54,0.04,3,22954,买盘
748,10:10:28,76.54,0.0,5,38258,买盘
749,10:10:31,76.54,0.0,2,15308,中性盘
750,10:10:37,76.54,0.0,12,91848,卖盘
751,10:10:40,76.55,0.01,2,15309,买盘
752,10:10:43,76.53,-0.02,35,267800,卖盘
753,10:10:52,76.57,0.04,38,288594,买盘
754,10:10:55,76.5,-0.07,6,48211,卖盘
755,10:10:58,76.54,0.04,3,22962,买盘
756,10:11:01,76.54,0.0,1,7654,买盘
757,10:11:04,76.53,-0.01,3,22961,卖盘
758,10:11:09,76.53,0.0,2,15306,卖盘
759,10:11:16,76.53,0.0,12,91836,卖盘
760,10:11:19,76.53,0.0,2,15306,卖盘
761,10:11:22,76.54,0.01,21,158438,买盘
762,10:11:31,76.55,0.01,1,7655,买盘
763,10:11:34,76.55,0.0,1,7655,买盘
764,10:11:40,76.54,-0.01,6,45924,卖盘
765,10:11:49,76.57,0.03,12,94151,买盘
766,10:11:52,76.4,-0.17,72,550667,卖盘
767,10:12:04,76.4,0.0,13,99320,卖盘
768,10:12:07,76.41,0.01,5,38242,中性盘
769,10:12:15,76.45,0.04,1,7645,卖盘
770,10:12:18,76.45,0.0,1,7645,卖盘
771,10:12:22,76.45,0.0,7,53551,卖盘
772,10:12:28,76.53,0.08,3,22961,卖盘
773,10:12:34,76.54,0.01,1,7654,卖盘
774,10:12:37,76.46,-0.08,1,7646,卖盘
775,10:12:43,76.57,0.11,1,5360,卖盘
776,10:12:49,76.46,-0.11,6,45917,买盘
777,10:12:52,76.58,0.12,1,7658,买盘
778,10:12:55,76.57,-0.01,3,22971,中性盘
779,10:12:58,76.58,0.01,5,38289,买盘
780,10:13:01,76.59,0.01,1,7659,买盘
781,10:13:06,76.5,-0.09,9,64313,卖盘
782,10:13:13,76.6,0.01,5,38295,买盘
783,10:13:16,76.57,-0.03,3,22971,卖盘
784,10:13:25,76.57,0.0,3,22971,卖盘
785,10:13:28,76.51,-0.06,2,15302,卖盘
786,10:13:34,76.57,0.06,6,45918,买盘
787,10:13:37,76.57,0.0,3,22971,卖盘
788,10:13:40,76.51,-0.06,3,22955,卖盘
789,10:13:43,76.55,0.04,1,7655,中性盘
790,10:13:46,76.51,-0.04,2,15303,卖盘
791,10:13:52,76.57,0.06,13,99531,买盘
792,10:14:04,76.5,-0.07,20,148388,卖盘
793,10:14:10,76.52,0.02,1,7652,卖盘
794,10:14:16,76.52,0.0,2,15303,买盘
795,10:14:22,76.52,0.0,3,22956,买盘
796,10:14:25,76.52,0.0,50,382502,买盘
797,10:14:33,76.3,-0.22,94,718275,卖盘
798,10:14:39,76.56,0.26,5,38268,买盘
799,10:14:42,76.51,-0.05,1,7651,卖盘
800,10:14:46,76.4,-0.11,74,565390,卖盘
801,10:14:55,76.49,0.09,5,38245,买盘
802,10:14:58,76.49,0.0,6,45891,买盘
803,10:15:01,76.46,-0.03,1,7646,卖盘
804,10:15:04,76.48,0.02,2,15296,买盘
805,10:15:13,76.43,-0.05,1,7643,卖盘
806,10:15:19,76.45,0.02,1,7645,买盘
807,10:15:22,76.43,-0.02,2,15288,卖盘
808,10:15:25,76.45,0.02,1,7645,卖盘
809,10:15:28,76.43,-0.02,2,15286,卖盘
810,10:15:31,76.43,0.0,1,7643,买盘
811,10:15:34,76.43,0.0,1,7643,买盘
812,10:15:37,76.42,-0.01,11,84062,卖盘
813,10:15:40,76.43,0.01,2,15285,买盘
814,10:15:42,76.42,-0.01,3,22928,卖盘
815,10:15:49,76.4,-0.02,10,76408,卖盘
816,10:15:52,76.4,0.0,30,229200,卖盘
817,10:15:55,76.4,0.0,8,61132,卖盘
818,10:15:58,76.41,0.01,10,76401,买盘
819,10:16:09,76.4,-0.01,2,15280,买盘
820,10:16:19,76.4,0.0,1,7640,买盘
821,10:16:22,76.4,0.0,2,15280,买盘
822,10:16:25,76.32,-0.08,3,22896,卖盘
823,10:16:31,76.32,0.0,1,7632,买盘
824,10:16:33,76.31,-0.01,5,38158,卖盘
825,10:16:36,76.31,0.0,1,7631,买盘
826,10:16:40,76.3,-0.01,1,7630,卖盘
827,10:16:43,76.31,0.01,1,7631,买盘
828,10:16:52,76.3,-0.01,14,111474,卖盘
829,10:16:55,76.3,0.0,13,99190,买盘
830,10:16:58,76.23,-0.07,4,30499,卖盘
831,10:17:04,76.3,0.07,1,7630,买盘
832,10:17:10,76.23,-0.07,10,76244,卖盘
833,10:17:13,76.23,0.0,1,7623,卖盘
834,10:17:15,76.27,0.04,1,7627,买盘
835,10:17:19,76.23,-0.04,2,15246,卖盘
836,10:17:22,76.27,0.04,10,76270,买盘
837,10:17:25,76.27,0.0,30,228769,买盘
838,10:17:28,76.24,-0.03,1,7624,卖盘
839,10:17:37,76.27,0.03,2,15250,买盘
840,10:17:43,76.23,-0.04,4,30492,卖盘
841,10:17:49,76.23,0.0,1,7623,卖盘
842,10:17:52,76.23,0.0,4,30500,卖盘
843,10:17:55,76.27,0.04,2,15253,买盘
844,10:18:01,76.23,-0.04,16,121968,卖盘
845,10:18:04,76.3,0.07,44,335677,买盘
846,10:18:19,76.24,-0.06,1,7624,卖盘
847,10:18:22,76.3,0.06,2,15260,买盘
848,10:18:27,76.23,-0.07,53,404102,卖盘
849,10:18:31,76.3,0.07,4,25864,买盘
850,10:18:39,76.3,0.0,1,7630,卖盘
851,10:18:43,76.31,0.01,1,7631,买盘
852,10:18:46,76.31,0.0,1,7631,买盘
853,10:18:55,76.3,0.0,15,114450,买盘
854,10:19:01,76.28,-0.02,4,30516,卖盘
855,10:19:10,76.3,0.02,11,83930,买盘
856,10:19:16,76.3,0.0,2,15260,买盘
857,10:19:19,76.24,-0.06,12,91508,卖盘
858,10:19:22,76.28,0.04,1,7628,买盘
859,10:19:34,76.24,-0.04,7,53371,卖盘
860,10:19:46,76.28,0.04,1,7628,买盘
861,10:19:49,76.28,0.0,3,22881,买盘
862,10:19:52,76.28,0.0,1,7628,买盘
863,10:19:55,76.25,-0.03,1,7625,卖盘
864,10:19:58,76.28,0.03,4,30512,买盘
865,10:20:01,76.28,0.0,1,7628,买盘
866,10:20:07,76.28,0.0,6,45768,中性盘
867,10:20:10,76.3,0.02,2,15260,买盘
868,10:20:15,76.3,0.0,2,15260,买盘
869,10:20:25,76.3,0.0,1,7630,买盘
870,10:20:28,76.3,0.0,1,7630,买盘
871,10:20:34,76.3,0.0,14,106820,买盘
872,10:20:36,76.3,0.0,5,38150,买盘
873,10:20:40,76.3,0.0,5,38150,买盘
874,10:20:43,76.28,-0.02,13,99172,卖盘
875,10:20:46,76.28,0.0,16,122048,卖盘
876,10:20:51,76.28,0.0,4,30510,买盘
877,10:20:58,76.28,0.0,7,53396,买盘
878,10:21:01,76.26,-0.02,2,15252,卖盘
879,10:21:04,76.26,0.0,1,7626,卖盘
880,10:21:07,76.24,-0.02,10,76251,卖盘
881,10:21:13,76.26,0.02,45,343061,买盘
882,10:21:18,76.2,-0.06,47,358219,卖盘
883,10:21:22,76.26,0.06,1,7626,买盘
884,10:21:25,76.23,-0.03,34,259184,卖盘
885,10:21:34,76.23,0.0,13,99110,卖盘
886,10:21:37,76.23,0.0,9,68607,卖盘
887,10:21:40,76.23,0.0,4,30492,卖盘
888,10:21:43,76.23,0.0,22,167712,卖盘
889,10:21:49,76.23,0.0,1,7623,买盘
890,10:21:52,76.22,-0.01,1,7622,卖盘
891,10:21:55,76.19,-0.03,28,213358,卖盘
892,10:21:58,76.2,0.01,1,7620,买盘
893,10:22:04,76.18,-0.02,1,7618,卖盘
894,10:22:07,76.18,0.0,2,15236,卖盘
895,10:22:10,76.16,-0.02,5,38080,卖盘
896,10:22:13,76.16,0.0,10,76160,卖盘
897,10:22:19,76.15,-0.01,4,30460,卖盘
898,10:22:25,76.15,0.0,11,83765,买盘
899,10:22:28,76.12,-0.03,3,22836,卖盘
900,10:22:31,76.11,-0.01,5,38058,卖盘
901,10:22:34,76.14,0.03,5,38061,买盘
902,10:22:36,76.11,-0.03,6,45669,卖盘
903,10:22:40,76.11,0.0,4,30444,卖盘
904,10:22:43,76.11,0.0,16,121777,卖盘
905,10:22:46,76.1,-0.01,12,91321,卖盘
906,10:22:48,76.1,0.0,2,15220,买盘
907,10:22:52,76.1,0.0,7,53268,买盘
908,10:22:55,76.1,0.0,6,45661,买盘
909,10:22:58,76.09,-0.01,6,45654,卖盘
910,10:23:01,76.09,0.0,32,243401,买盘
911,10:23:04,76.09,0.0,2,15218,买盘
912,10:23:07,76.05,-0.04,20,152100,卖盘
913,10:23:10,76.09,0.04,2,15218,买盘
914,10:23:13,76.09,0.0,9,68480,买盘
915,10:23:15,76.06,-0.03,18,136914,卖盘
916,10:23:19,76.09,0.03,10,76090,买盘
917,10:23:21,76.09,0.0,3,22827,卖盘
918,10:23:28,76.02,-0.07,70,532499,卖盘
919,10:23:31,76.1,0.08,15,114096,买盘
920,10:23:34,76.11,0.01,13,98943,买盘
921,10:23:37,76.0,-0.11,113,859250,卖盘
922,10:23:40,76.1,0.1,41,312163,中性盘
923,10:23:43,76.09,-0.01,17,129283,买盘
924,10:23:46,76.1,0.01,33,251129,买盘
925,10:23:49,76.02,-0.08,2,15204,卖盘
926,10:23:55,76.1,0.08,2,15220,买盘
927,10:23:58,76.02,-0.08,10,76043,卖盘
928,10:24:01,76.02,0.0,3,22807,卖盘
929,10:24:04,76.09,0.07,1,7609,买盘
930,10:24:06,76.03,-0.06,4,30424,卖盘
931,10:24:13,76.05,0.02,16,121755,卖盘
932,10:24:16,76.15,0.1,20,152205,买盘
933,10:24:19,76.15,0.0,8,60920,买盘
934,10:24:22,76.01,-0.14,280,2129699,卖盘
935,10:24:25,76.01,0.0,81,615794,卖盘
936,10:24:28,76.05,0.04,2,15211,中性盘
937,10:24:31,76.13,0.08,20,152156,买盘
938,10:24:34,76.16,0.03,1,7616,买盘
939,10:24:40,76.16,0.0,1,7616,买盘
940,10:24:43,76.12,-0.04,1,7612,卖盘
941,10:24:46,76.16,0.04,2,15232,买盘
942,10:24:49,76.13,-0.03,25,190357,中性盘
943,10:24:51,76.15,0.02,1,7615,中性盘
944,10:24:55,76.15,0.0,13,98995,买盘
945,10:24:58,76.16,0.01,5,38080,买盘
946,10:25:01,76.16,0.0,2,15232,卖盘
947,10:25:04,76.16,0.0,5,38080,卖盘
948,10:25:07,76.15,-0.01,49,373155,卖盘
949,10:25:10,76.2,0.05,1,7620,买盘
950,10:25:13,76.2,0.0,4,30477,中性盘
951,10:25:15,76.16,-0.04,20,152331,卖盘
952,10:25:22,76.23,0.07,4,30483,买盘
953,10:25:25,76.23,0.0,6,45738,买盘
954,10:25:28,76.2,-0.03,16,121920,卖盘
955,10:25:31,76.19,-0.01,4,30479,卖盘
956,10:25:37,76.2,0.01,15,114291,买盘
957,10:25:40,76.23,0.03,5,38112,买盘
958,10:25:52,76.26,0.03,9,68633,买盘
959,10:25:55,76.26,0.0,14,106764,买盘
960,10:25:58,76.27,0.01,1,7627,卖盘
961,10:26:07,76.3,0.03,19,144970,买盘
962,10:26:10,76.3,0.0,4,30518,买盘
963,10:26:13,76.26,-0.04,48,366085,卖盘
964,10:26:16,76.26,0.0,2,15252,买盘
965,10:26:19,76.25,-0.01,12,91511,卖盘
966,10:26:21,76.26,0.01,10,76272,买盘
967,10:26:25,76.3,0.04,4,30520,买盘
968,10:26:28,76.3,0.0,1,7630,买盘
969,10:26:34,76.26,-0.04,6,45758,卖盘
970,10:26:37,76.28,0.02,1,7628,买盘
971,10:26:40,76.28,0.0,6,45768,买盘
972,10:26:43,76.28,0.0,2,15256,买盘
973,10:26:46,76.28,0.0,9,68652,买盘
974,10:26:49,76.27,-0.01,6,45762,卖盘
975,10:26:52,76.26,-0.01,27,205916,卖盘
976,10:26:55,76.26,0.0,18,137268,买盘
977,10:26:57,76.26,0.0,2,15252,买盘
978,10:27:01,76.26,0.0,1,7626,买盘
979,10:27:04,76.26,0.0,16,122016,买盘
980,10:27:07,76.29,0.03,17,129691,买盘
981,10:27:10,76.26,-0.03,5,38141,卖盘
982,10:27:22,76.26,0.0,14,106778,卖盘
983,10:27:25,76.3,0.04,1,7630,买盘
984,10:27:28,76.3,0.0,8,61040,买盘
985,10:27:31,76.3,0.0,2,15260,买盘
986,10:27:33,76.26,-0.04,22,167828,卖盘
987,10:27:40,76.3,0.04,12,91548,买盘
988,10:27:43,76.3,0.0,1,7630,买盘
989,10:27:46,76.3,0.0,1,7630,买盘
990,10:27:49,76.3,0.0,1,7630,买盘
991,10:27:52,76.3,0.0,1,7630,买盘
992,10:27:55,76.3,0.0,2,15260,买盘
993,10:27:58,76.3,0.0,20,152600,买盘
994,10:28:04,76.3,0.0,51,384476,买盘
995,10:28:12,76.3,0.0,4,30520,卖盘
996,10:28:19,76.31,0.01,2,15262,买盘
997,10:28:22,76.31,0.0,5,38155,买盘
998,10:28:37,76.38,0.07,1,7638,买盘
999,10:28:40,76.31,-0.07,21,160252,卖盘
1000,10:28:43,76.38,0.07,1,7638,买盘
1001,10:28:51,76.39,0.01,6,45834,买盘
1002,10:28:54,76.38,-0.01,2,15276,卖盘
1003,10:28:58,76.42,0.04,4,30561,买盘
1004,10:29:04,76.38,-0.04,20,152767,卖盘
1005,10:29:07,76.4,0.02,3,22922,中性盘
1006,10:29:10,76.42,0.02,1,7642,买盘
1007,10:29:16,76.46,0.04,11,84067,买盘
1008,10:29:19,76.4,-0.06,9,68760,卖盘
1009,10:29:22,76.4,0.0,1,7640,买盘
1010,10:29:31,76.4,0.0,1,7640,买盘
1011,10:29:39,76.4,0.0,11,84054,卖盘
1012,10:29:43,76.4,0.0,25,191000,卖盘
1013,10:29:46,76.39,-0.01,2,15278,卖盘
1014,10:29:49,76.38,-0.01,38,290269,卖盘
1015,10:29:52,76.39,0.01,2,15278,中性盘
1016,10:29:55,76.38,-0.01,4,30552,卖盘
1017,10:29:58,76.38,0.0,3,22914,卖盘
1018,10:30:01,76.38,0.0,10,76380,买盘
1019,10:30:07,76.36,-0.02,2,15272,买盘
1020,10:30:10,76.33,-0.03,5,38177,中性盘
1021,10:30:13,76.33,0.0,1,7633,买盘
1022,10:30:27,76.33,0.0,3,22899,卖盘
1023,10:30:31,76.33,0.0,5,38165,卖盘
1024,10:30:43,76.32,-0.01,16,122119,卖盘
1025,10:30:46,76.32,0.0,3,22896,买盘
1026,10:30:49,76.32,0.0,1,7632,买盘
1027,10:30:57,76.32,0.0,1,7632,买盘
1028,10:31:00,76.32,0.0,3,22896,买盘
1029,10:31:04,76.3,-0.02,21,160259,卖盘
1030,10:31:10,76.3,0.0,14,106830,卖盘
1031,10:31:13,76.3,0.0,29,225924,卖盘
1032,10:31:19,76.3,0.0,5,38150,买盘
1033,10:31:22,76.3,0.0,1,7630,买盘
1034,10:31:25,76.3,0.0,1,7630,买盘
1035,10:31:30,76.27,-0.03,2,15257,卖盘
1036,10:31:34,76.27,0.0,3,22881,卖盘
1037,10:31:46,76.3,0.03,1,7630,买盘
1038,10:31:52,76.28,-0.02,2,15256,卖盘
1039,10:31:55,76.28,0.0,6,45768,卖盘
1040,10:31:58,76.28,0.0,4,30512,买盘
1041,10:32:04,76.28,0.0,1,7628,买盘
1042,10:32:16,76.28,0.0,3,22884,卖盘
1043,10:32:22,76.28,0.0,2,15256,卖盘
1044,10:32:25,76.28,0.0,1,7628,卖盘
1045,10:32:31,76.28,0.0,1,7628,买盘
1046,10:32:33,76.28,0.0,9,68652,买盘
1047,10:32:40,76.28,0.0,7,53396,卖盘
1048,10:32:45,76.28,0.0,4,30512,买盘
1049,10:32:48,76.28,0.0,2,15256,买盘
1050,10:32:57,76.28,0.0,3,22884,买盘
1051,10:33:01,76.28,0.0,4,30510,买盘
1052,10:33:04,76.28,0.0,7,53396,买盘
1053,10:33:09,76.28,0.0,1,7628,卖盘
1054,10:33:13,76.28,0.0,5,38140,卖盘
1055,10:33:16,76.25,-0.03,72,549100,卖盘
1056,10:33:18,76.25,0.0,1,7625,买盘
1057,10:33:25,76.25,0.0,1,7625,买盘
1058,10:33:31,76.25,0.0,26,198250,买盘
1059,10:33:34,76.25,0.0,4,30500,卖盘
1060,10:33:36,76.25,0.0,5,38125,卖盘
1061,10:33:40,76.25,0.0,6,45753,卖盘
1062,10:33:46,76.28,0.03,2,15256,买盘
1063,10:33:54,76.31,0.03,1,7631,买盘
1064,10:34:01,76.31,0.0,1,7631,买盘
1065,10:34:04,76.3,-0.01,1,7630,卖盘
1066,10:34:07,76.31,0.01,2,10607,买盘
1067,10:34:10,76.31,0.0,23,175513,卖盘
1068,10:34:16,76.33,0.02,1,7633,买盘
1069,10:34:19,76.31,-0.02,1,7631,卖盘
1070,10:34:34,76.33,0.02,3,22899,买盘
1071,10:34:36,76.31,-0.02,3,22893,卖盘
1072,10:34:43,76.31,0.0,16,122106,卖盘
1073,10:34:48,76.33,0.02,2,15266,买盘
1074,10:34:58,76.38,0.05,1,7638,买盘
1075,10:35:01,76.38,0.0,18,137479,买盘
1076,10:35:10,76.38,0.0,1,7638,买盘
1077,10:35:16,76.39,0.01,1,7639,买盘
1078,10:35:28,76.48,0.09,8,61173,买盘
1079,10:35:34,76.45,-0.03,6,45875,卖盘
1080,10:35:37,76.48,0.03,5,38240,买盘
1081,10:35:40,76.49,0.01,3,22945,买盘
1082,10:35:43,76.49,0.0,1,7649,买盘
1083,10:35:49,76.49,0.0,3,22947,买盘
1084,10:35:52,76.5,0.01,15,114742,买盘
1085,10:35:55,76.5,0.0,1,7650,买盘
1086,10:36:01,76.56,0.06,6,45916,买盘
1087,10:36:04,76.58,0.02,14,107183,买盘
1088,10:36:07,76.55,-0.03,1,7655,中性盘
1089,10:36:13,76.6,0.05,8,61268,买盘
1090,10:36:22,76.6,0.0,4,30634,买盘
1091,10:36:25,76.6,0.0,14,107244,买盘
1092,10:36:28,76.6,0.0,4,30640,卖盘
1093,10:36:31,76.63,0.03,1,7663,卖盘
1094,10:36:37,76.6,-0.03,5,38304,卖盘
1095,10:36:40,76.68,0.08,1,7668,买盘
1096,10:36:52,76.68,0.0,10,76648,买盘
1097,10:36:55,76.68,0.0,20,153360,买盘
1098,10:37:04,76.7,0.02,13,99710,买盘
1099,10:37:07,76.75,0.05,14,107390,买盘
1100,10:37:10,76.7,-0.05,1,7670,卖盘
1101,10:37:19,76.76,0.06,2,15352,买盘
1102,10:37:22,76.78,0.02,2,15355,买盘
1103,10:37:25,76.8,0.02,3,23040,买盘
1104,10:37:28,76.76,-0.04,5,38382,卖盘
1105,10:37:31,76.8,0.04,2,15360,买盘
1106,10:37:34,76.84,0.04,2,15368,买盘
1107,10:37:37,76.85,0.01,4,30734,买盘
1108,10:37:40,76.84,-0.01,3,23052,中性盘
1109,10:37:43,76.85,0.01,6,46110,买盘
1110,10:37:46,76.85,0.0,8,61478,买盘
1111,10:37:49,76.84,-0.01,12,92216,卖盘
1112,10:37:51,76.8,-0.04,41,315004,卖盘
1113,10:37:55,76.85,0.05,3,23055,卖盘
1114,10:37:58,76.86,0.01,9,69169,买盘
1115,10:38:01,76.85,-0.01,6,46107,卖盘
1116,10:38:04,76.84,-0.01,1,7684,中性盘
1117,10:38:07,76.8,-0.04,18,138314,卖盘
1118,10:38:10,76.84,0.04,2,15368,中性盘
1119,10:38:13,76.84,0.0,7,53782,买盘
1120,10:38:16,76.83,-0.01,5,38415,卖盘
1121,10:38:19,76.84,0.01,13,99883,买盘
1122,10:38:22,76.83,-0.01,16,122902,卖盘
1123,10:38:25,76.8,-0.03,15,115206,卖盘
1124,10:38:28,76.83,0.03,6,46082,买盘
1125,10:38:31,76.81,-0.02,9,69121,中性盘
1126,10:38:34,76.78,-0.03,38,291900,卖盘
1127,10:38:37,76.8,0.02,7,53763,中性盘
1128,10:38:40,76.8,0.0,19,145920,买盘
1129,10:38:43,76.8,0.0,14,107517,买盘
1130,10:38:46,76.79,-0.01,3,23039,卖盘
1131,10:38:49,76.76,-0.03,3,23029,卖盘
1132,10:38:52,76.76,0.0,5,38380,买盘
1133,10:38:55,76.76,0.0,7,53732,买盘
1134,10:38:58,76.76,0.0,11,84427,买盘
1135,10:39:01,76.7,-0.06,6,46030,卖盘
1136,10:39:04,76.76,0.06,2,15349,买盘
1137,10:39:07,76.73,-0.03,1,7673,买盘
1138,10:39:10,76.7,-0.03,7,53700,卖盘
1139,10:39:13,76.7,0.0,3,23010,卖盘
1140,10:39:15,76.71,0.01,4,30682,买盘
1141,10:39:22,76.68,-0.03,3,23004,卖盘
1142,10:39:25,76.68,0.0,3,23004,卖盘
1143,10:39:28,76.7,0.02,1,7670,中性盘
1144,10:39:31,76.71,0.01,23,176416,买盘
1145,10:39:36,76.7,-0.01,9,69014,买盘
1146,10:39:43,76.64,-0.06,78,597849,卖盘
1147,10:40:01,76.7,0.06,2,15340,买盘
1148,10:40:04,76.7,0.0,15,115022,买盘
1149,10:40:07,76.7,0.0,2,15340,买盘
1150,10:40:13,76.7,0.0,2,15340,买盘
1151,10:40:16,76.7,0.0,14,107380,买盘
1152,10:40:18,76.7,0.0,13,99710,买盘
1153,10:40:22,76.7,0.0,7,56758,卖盘
1154,10:40:28,76.7,0.0,11,84370,卖盘
1155,10:40:31,76.71,0.01,1,7671,买盘
1156,10:40:34,76.7,-0.01,3,19942,卖盘
1157,10:40:39,76.7,0.0,4,30680,买盘
1158,10:40:42,76.7,0.0,1,7670,买盘
1159,10:40:48,76.7,0.0,1,10738,买盘
1160,10:41:01,76.7,0.0,1,4602,买盘
1161,10:41:04,76.71,0.01,2,18410,卖盘
1162,10:41:07,76.7,-0.01,8,61361,卖盘
1163,10:41:13,76.7,0.0,3,23010,卖盘
1164,10:41:19,76.7,0.0,3,19942,卖盘
1165,10:41:22,76.71,0.01,4,30682,买盘
1166,10:41:27,76.71,0.0,4,30684,买盘
1167,10:41:34,76.71,0.0,2,15342,卖盘
1168,10:41:39,76.76,0.05,2,15352,买盘
1169,10:41:43,76.7,-0.06,7,50623,买盘
1170,10:41:46,76.7,0.0,13,102778,买盘
1171,10:41:49,76.76,0.06,3,23028,卖盘
1172,10:41:52,76.76,0.0,1,7676,卖盘
1173,10:41:54,76.72,-0.04,3,23024,卖盘
1174,10:41:58,76.72,0.0,5,38372,卖盘
1175,10:42:01,76.72,0.0,5,38360,卖盘
1176,10:42:07,76.76,0.04,2,15352,买盘
1177,10:42:10,76.72,-0.04,4,30700,卖盘
1178,10:42:13,76.72,0.0,1,7672,卖盘
1179,10:42:16,76.76,0.04,15,115128,买盘
1180,10:42:19,76.71,-0.05,6,46034,卖盘
1181,10:42:31,76.74,0.03,4,30696,卖盘
1182,10:42:33,76.74,0.0,6,46044,卖盘
1183,10:42:36,76.74,0.0,4,30688,中性盘
1184,10:42:40,76.75,0.01,2,15350,买盘
1185,10:42:43,76.75,0.0,2,15350,买盘
1186,10:42:46,76.75,0.0,4,30700,买盘
1187,10:42:57,76.75,0.0,1,7675,卖盘
1188,10:43:01,76.75,0.0,1,7675,中性盘
1189,10:43:04,76.74,-0.01,1,7674,卖盘
1190,10:43:07,76.75,0.01,2,15349,中性盘
1191,10:43:10,76.76,0.01,3,23025,买盘
1192,10:43:15,76.76,0.0,2,15352,买盘
1193,10:43:28,76.77,0.01,9,69093,买盘
1194,10:43:39,76.78,0.01,2,15356,买盘
1195,10:43:46,76.79,0.01,1,7679,买盘
1196,10:43:48,76.9,0.11,20,153706,买盘
1197,10:43:51,76.92,0.02,15,115354,买盘
1198,10:43:55,76.98,0.06,2,15396,买盘
1199,10:43:58,76.99,0.01,2,15397,买盘
1200,10:44:01,77.0,0.01,4,30797,买盘
1201,10:44:07,77.0,0.0,19,144758,买盘
1202,10:44:10,77.0,0.0,2,15400,卖盘
1203,10:44:13,77.1,0.1,1,7710,买盘
1204,10:44:16,77.0,-0.1,2,15410,卖盘
1205,10:44:19,77.16,0.16,1,7716,买盘
1206,10:44:25,77.18,0.02,1,7718,买盘
1207,10:44:31,77.17,-0.01,1,7717,买盘
1208,10:44:33,77.16,-0.01,2,15433,卖盘
1209,10:44:36,77.16,0.0,5,38580,卖盘
1210,10:44:40,77.16,0.0,4,30864,买盘
1211,10:44:43,77.13,-0.03,4,30852,中性盘
1212,10:44:46,77.1,-0.03,1,7710,卖盘
1213,10:44:49,77.16,0.06,10,77127,买盘
1214,10:44:52,77.16,0.0,22,169649,买盘
1215,10:44:55,77.0,-0.16,27,208132,卖盘
1216,10:44:57,77.1,0.1,21,161907,买盘
1217,10:45:01,77.0,-0.1,7,53960,卖盘
1218,10:45:04,77.0,0.0,5,38512,卖盘
1219,10:45:10,77.06,0.06,3,23106,买盘
1220,10:45:13,77.0,-0.06,2,15400,卖盘
1221,10:45:15,77.0,0.0,2,15400,卖盘
1222,10:45:18,77.0,0.0,4,30800,卖盘
1223,10:45:25,77.0,0.0,3,23100,买盘
1224,10:45:28,77.0,0.0,1,7700,买盘
1225,10:45:31,77.0,0.0,3,23099,买盘
1226,10:45:33,77.0,0.0,1,7700,买盘
1227,10:45:36,76.99,-0.01,1,7699,卖盘
1228,10:45:43,76.78,-0.21,10,76952,卖盘
1229,10:45:46,76.78,0.0,1,7678,卖盘
1230,10:45:52,76.98,0.2,7,53821,买盘
1231,10:45:55,76.77,-0.21,14,107698,卖盘
1232,10:46:04,76.76,-0.01,2,15352,卖盘
1233,10:46:07,76.98,0.22,13,99962,买盘
1234,10:46:19,76.76,-0.22,4,30710,卖盘
1235,10:46:27,76.94,0.18,10,76910,买盘
1236,10:46:34,76.78,-0.16,1,7678,卖盘
1237,10:46:55,76.78,0.0,3,23036,卖盘
1238,10:47:06,76.8,0.02,1,7680,中性盘
1239,10:47:10,76.83,0.03,5,38415,买盘
1240,10:47:16,76.8,-0.03,6,46095,中性盘
1241,10:47:19,76.78,-0.02,5,38410,卖盘
1242,10:47:22,76.78,0.0,1,7678,卖盘
1243,10:47:27,76.8,0.02,2,15360,买盘
1244,10:47:33,76.8,0.0,1,7680,买盘
1245,10:47:40,76.8,0.0,4,30720,买盘
1246,10:47:43,76.78,-0.02,12,92136,卖盘
1247,10:47:46,76.8,0.02,2,15360,买盘
1248,10:47:48,76.8,0.0,1,7680,买盘
1249,10:47:51,76.8,0.0,3,23040,买盘
1250,10:48:01,76.82,0.02,1,7682,卖盘
1251,10:48:09,76.83,0.01,1,7683,卖盘
1252,10:48:12,76.83,0.0,2,15366,卖盘
1253,10:48:24,76.9,0.07,11,84586,买盘
1254,10:48:34,76.84,-0.06,2,15372,卖盘
1255,10:48:37,76.9,0.06,7,53812,买盘
1256,10:48:40,76.9,0.0,2,15380,卖盘
1257,10:48:45,76.9,0.0,4,30760,卖盘
1258,10:48:48,76.9,0.0,2,15380,卖盘
1259,10:48:54,76.9,0.0,3,23072,卖盘
1260,10:49:07,76.88,-0.02,7,53820,卖盘
1261,10:49:10,76.88,0.0,12,92275,卖盘
1262,10:49:13,76.83,-0.05,11,84525,卖盘
1263,10:49:24,76.83,0.0,1,7683,买盘
1264,10:49:27,76.83,0.0,1,7683,买盘
1265,10:49:31,76.82,-0.01,3,23046,卖盘
1266,10:49:33,76.83,0.01,3,23047,买盘
1267,10:49:37,76.82,-0.01,1,7682,买盘
1268,10:49:46,76.8,-0.02,1,7680,卖盘
1269,10:49:52,76.8,0.0,7,53760,卖盘
1270,10:50:01,76.78,-0.02,8,61426,卖盘
1271,10:50:06,76.78,0.0,11,84458,买盘
1272,10:50:10,76.78,0.0,6,46062,买盘
1273,10:50:18,76.77,-0.01,10,76769,买盘
1274,10:50:22,76.76,-0.01,30,230223,卖盘
1275,10:50:31,76.7,-0.06,1,7670,卖盘
1276,10:50:37,76.7,0.0,2,19948,卖盘
1277,10:50:46,76.68,-0.02,17,125759,卖盘
1278,10:50:49,76.7,0.02,1,7670,中性盘
1279,10:50:55,76.68,-0.02,3,27608,卖盘
1280,10:50:58,76.68,0.0,5,38340,买盘
1281,10:51:04,76.67,-0.01,9,69004,卖盘
1282,10:51:06,76.68,0.01,2,15336,买盘
1283,10:51:10,76.67,-0.01,7,53674,卖盘
1284,10:51:13,76.68,0.01,4,30669,买盘
1285,10:51:19,76.68,0.0,1,7668,买盘
1286,10:51:27,76.67,-0.01,4,30668,卖盘
1287,10:51:36,76.63,-0.04,5,38323,卖盘
1288,10:51:40,76.67,0.04,2,15334,买盘
1289,10:51:48,76.64,-0.03,3,22992,中性盘
1290,10:51:52,76.61,-0.03,2,15322,卖盘
1291,10:51:54,76.7,0.09,9,69000,买盘
1292,10:51:57,76.6,-0.1,23,176180,卖盘
1293,10:52:07,76.6,0.0,1,7660,买盘
1294,10:52:10,76.6,0.0,12,91920,买盘
1295,10:52:13,76.58,-0.02,1,7658,卖盘
1296,10:52:16,76.6,0.02,3,22980,买盘
1297,10:52:25,76.6,0.0,2,15320,买盘
1298,10:52:37,76.6,0.0,1,7660,买盘
1299,10:52:40,76.6,0.0,2,15320,买盘
1300,10:52:51,76.6,0.0,2,15320,卖盘
1301,10:52:57,76.61,0.01,1,7661,卖盘
1302,10:53:01,76.7,0.09,6,46018,买盘
1303,10:53:07,76.68,-0.02,1,7668,中性盘
1304,10:53:16,76.76,0.08,15,110525,买盘
1305,10:53:33,76.65,-0.11,2,15337,买盘
1306,10:53:36,76.79,0.14,4,30716,买盘
1307,10:53:39,76.79,0.0,2,15358,卖盘
1308,10:53:43,76.81,0.02,2,15361,买盘
1309,10:53:46,76.79,-0.02,3,23037,卖盘
1310,10:53:49,76.79,0.0,2,15358,买盘
1311,10:53:55,76.8,0.01,4,30718,买盘
1312,10:54:04,76.8,0.0,3,23040,卖盘
1313,10:54:07,76.82,0.02,2,15364,买盘
1314,10:54:10,76.83,0.01,4,30729,买盘
1315,10:54:25,76.63,-0.2,15,114986,卖盘
1316,10:54:28,76.83,0.2,8,61463,买盘
1317,10:54:37,76.82,-0.01,1,7682,买盘
1318,10:54:52,76.7,-0.12,3,23010,卖盘
1319,10:55:06,76.7,0.0,1,7670,买盘
1320,10:55:10,76.7,0.0,1,7670,买盘
1321,10:55:22,76.61,-0.09,7,52712,买盘
1322,10:55:39,76.7,0.09,2,15340,买盘
1323,10:55:43,76.61,-0.09,2,15322,卖盘
1324,10:55:58,76.63,0.02,2,15324,买盘
1325,10:56:01,76.63,0.0,2,15324,买盘
1326,10:56:07,76.7,0.07,4,30679,买盘
1327,10:56:16,76.7,0.0,1,7670,买盘
1328,10:56:22,76.7,0.0,3,23010,卖盘
1329,10:56:25,76.69,-0.01,4,30676,买盘
1330,10:56:28,76.76,0.07,1,7676,买盘
1331,10:56:31,76.77,0.01,4,30708,买盘
1332,10:56:34,76.8,0.03,5,38398,买盘
1333,10:56:37,76.8,0.0,6,46080,买盘
1334,10:56:40,76.93,0.13,5,38439,买盘
1335,10:56:46,76.94,0.01,2,15387,买盘
1336,10:56:49,76.99,0.05,25,192425,买盘
1337,10:56:52,76.95,-0.04,1,7695,卖盘
1338,10:56:55,76.9,-0.05,3,23070,买盘
1339,10:56:58,76.9,0.0,1,7690,买盘
1340,10:57:04,76.9,0.0,1,7690,买盘
1341,10:57:07,76.9,0.0,2,15380,买盘
1342,10:57:15,76.9,0.0,6,46140,买盘
1343,10:57:28,76.9,0.0,2,15380,卖盘
1344,10:57:31,76.9,0.0,1,7690,买盘
1345,10:57:40,76.88,-0.02,1,7688,买盘
1346,10:57:43,76.88,0.0,2,15376,买盘
1347,10:57:46,76.88,0.0,1,7688,买盘
1348,10:57:57,76.72,-0.16,4,30688,卖盘
1349,10:58:01,76.72,0.0,3,23016,买盘
1350,10:58:10,76.88,0.16,2,15376,买盘
1351,10:58:16,76.88,0.0,2,15376,卖盘
1352,10:58:19,76.88,0.0,1,7688,买盘
1353,10:58:22,76.88,0.0,3,23064,买盘
1354,10:58:25,76.88,0.0,3,23064,买盘
1355,10:58:36,76.88,0.0,1,7688,买盘
1356,10:59:01,76.73,-0.15,3,23019,卖盘
1357,10:59:07,76.87,0.14,1,7687,买盘
1358,10:59:10,76.8,-0.07,1,7680,卖盘
1359,10:59:22,76.87,0.07,11,84555,买盘
1360,10:59:25,76.8,-0.07,1,7680,卖盘
1361,10:59:30,76.86,0.06,3,23057,买盘
1362,10:59:34,76.8,-0.06,7,53795,卖盘
1363,10:59:40,76.87,0.07,4,30727,买盘
1364,10:59:43,76.87,0.0,1,7687,买盘
1365,11:00:01,76.87,0.0,2,15374,买盘
1366,11:00:07,76.87,0.0,16,122992,买盘
1367,11:00:16,76.87,0.0,2,15374,卖盘
1368,11:00:25,76.73,-0.14,30,230241,卖盘
1369,11:00:27,76.87,0.14,1,7687,买盘
1370,11:00:30,76.87,0.0,1,7687,买盘
1371,11:00:34,76.87,0.0,2,15374,买盘
1372,11:00:40,76.87,0.0,1,7687,卖盘
1373,11:00:46,76.87,0.0,1,7687,卖盘
1374,11:00:48,76.87,0.0,1,7687,买盘
1375,11:00:57,76.82,-0.05,22,169004,卖盘
1376,11:01:00,76.73,-0.09,28,214964,卖盘
1377,11:01:04,76.83,0.1,6,46100,卖盘
1378,11:01:07,76.82,-0.01,3,23046,买盘
1379,11:01:10,76.72,-0.1,24,184131,卖盘
1380,11:01:22,76.71,-0.01,12,92061,卖盘
1381,11:01:37,76.7,-0.01,10,76700,卖盘
1382,11:01:43,76.69,-0.01,1,7669,卖盘
1383,11:01:55,76.7,0.01,1,7670,买盘
1384,11:01:57,76.66,-0.04,2,15335,卖盘
1385,11:02:04,76.7,0.04,4,30670,买盘
1386,11:02:10,76.7,0.0,2,15340,买盘
1387,11:02:25,76.66,-0.04,1,7666,买盘
1388,11:02:27,76.66,0.0,1,7666,卖盘
1389,11:02:31,76.66,0.0,1,7666,卖盘
1390,11:02:33,76.66,0.0,2,15332,卖盘
1391,11:02:37,76.69,0.03,1,7669,买盘
1392,11:02:39,76.69,0.0,1,7669,买盘
1393,11:02:49,76.66,-0.03,1,7666,买盘
1394,11:02:58,76.69,0.03,6,45999,买盘
1395,11:03:09,76.7,0.01,1,7670,买盘
1396,11:03:19,76.66,-0.04,1,7666,卖盘
1397,11:03:24,76.69,0.03,12,92008,买盘
1398,11:03:27,76.69,0.0,2,15338,买盘
1399,11:03:36,76.69,0.0,2,15338,买盘
1400,11:03:40,76.69,0.0,2,15338,买盘
1401,11:03:51,76.66,-0.03,2,15332,卖盘
1402,11:03:54,76.66,0.0,3,22998,买盘
1403,11:03:57,76.69,0.03,4,30667,买盘
1404,11:04:10,76.7,0.01,3,23010,买盘
1405,11:04:18,76.7,0.0,2,15340,买盘
1406,11:04:28,76.7,0.0,1,7670,买盘
1407,11:04:34,76.7,0.0,2,15340,买盘
1408,11:04:36,76.7,0.0,7,53690,买盘
1409,11:04:39,76.71,0.01,1,7671,买盘
1410,11:04:52,76.7,-0.01,10,76700,卖盘
1411,11:05:07,76.9,0.2,1,7690,买盘
1412,11:05:10,76.9,0.0,2,15380,买盘
1413,11:05:49,76.72,-0.18,2,15361,卖盘
1414,11:05:52,76.9,0.18,1,7690,买盘
1415,11:06:07,76.89,-0.01,4,30757,买盘
1416,11:06:25,76.73,-0.16,6,46038,卖盘
1417,11:06:34,76.72,-0.01,1,7672,卖盘
1418,11:06:37,76.72,0.0,2,15344,卖盘
1419,11:06:42,76.71,-0.01,1,7671,卖盘
1420,11:06:52,76.71,0.0,2,15342,卖盘
1421,11:06:58,76.72,0.01,1,7672,买盘
1422,11:07:06,76.72,0.0,1,7672,买盘
1423,11:07:10,76.72,0.0,1,7672,买盘
1424,11:07:28,76.88,0.16,1,7688,买盘
1425,11:07:36,76.88,0.0,2,15376,买盘
1426,11:08:00,76.7,-0.18,17,130417,卖盘
1427,11:08:07,76.7,0.0,1,7670,买盘
1428,11:08:16,76.67,-0.03,4,30671,卖盘
1429,11:08:19,76.66,-0.01,26,199316,卖盘
1430,11:08:24,76.64,-0.02,22,168616,卖盘
1431,11:08:28,76.64,0.0,4,30656,卖盘
1432,11:08:30,76.63,-0.01,2,15326,卖盘
1433,11:08:34,76.6,-0.03,39,304292,卖盘
1434,11:08:37,76.56,-0.04,1,7656,卖盘
1435,11:08:40,76.56,0.0,2,15312,卖盘
1436,11:08:43,76.56,0.0,3,22973,卖盘
1437,11:08:48,76.56,0.0,2,15312,买盘
1438,11:08:51,76.51,-0.05,7,53599,卖盘
1439,11:08:58,76.54,0.03,1,7654,买盘
1440,11:09:01,76.5,-0.04,6,45901,卖盘
1441,11:09:04,76.5,0.0,20,153001,卖盘
1442,11:09:07,76.5,0.0,6,45901,卖盘
1443,11:09:10,76.41,-0.09,6,45860,卖盘
1444,11:09:12,76.41,0.0,26,198505,买盘
1445,11:09:21,76.26,-0.15,17,129692,卖盘
1446,11:09:25,76.31,0.05,9,68639,中性盘
1447,11:09:27,76.4,0.09,1,7640,买盘
1448,11:09:34,76.26,-0.14,30,228780,卖盘
1449,11:09:36,76.22,-0.04,20,152497,卖盘
1450,11:09:40,76.26,0.04,12,91461,买盘
1451,11:09:43,76.26,0.0,2,15252,买盘
1452,11:09:45,76.26,0.0,1,7626,买盘
1453,11:09:49,76.2,-0.06,7,53340,卖盘
1454,11:09:51,76.2,0.0,3,22860,卖盘
1455,11:09:55,76.22,0.02,9,68589,买盘
1456,11:09:58,76.17,-0.05,2,15234,卖盘
1457,11:10:01,76.17,0.0,4,30468,买盘
1458,11:10:04,76.11,-0.06,2,15226,卖盘
1459,11:10:07,76.01,-0.1,127,965755,卖盘
1460,11:10:10,76.11,0.1,2,15222,买盘
1461,11:10:13,76.11,0.0,4,30441,买盘
1462,11:10:16,76.11,0.0,8,60818,买盘
1463,11:10:22,76.11,0.0,12,91226,买盘
1464,11:10:28,76.11,0.0,16,121747,买盘
1465,11:10:31,76.05,-0.06,6,45636,卖盘
1466,11:10:40,76.05,0.0,5,38048,卖盘
1467,11:10:43,76.05,0.0,14,106471,卖盘
1468,11:10:49,76.05,0.0,10,76052,卖盘
1469,11:10:52,76.06,0.01,11,83675,中性盘
1470,11:10:58,76.07,0.01,26,197782,卖盘
1471,11:11:01,76.15,0.08,2,15230,买盘
1472,11:11:06,76.15,0.0,9,68476,买盘
1473,11:11:16,76.11,-0.04,9,68510,卖盘
1474,11:11:19,76.11,0.0,2,15222,买盘
1475,11:11:22,76.11,0.0,3,22833,买盘
1476,11:11:25,76.11,0.0,157,1193760,买盘
1477,11:11:28,76.07,-0.04,7,53257,中性盘
1478,11:11:31,76.0,-0.07,80,608059,卖盘
1479,11:11:34,76.0,0.0,42,319283,卖盘
1480,11:11:37,76.15,0.15,27,205238,买盘
1481,11:11:40,76.01,-0.14,11,83611,买盘
1482,11:11:43,76.01,0.0,6,45606,买盘
1483,11:11:49,76.06,0.05,12,91244,卖盘
1484,11:11:52,76.01,-0.05,3,22803,卖盘
1485,11:12:04,76.02,0.01,6,45624,卖盘
1486,11:12:07,76.01,-0.01,15,114018,卖盘
1487,11:12:10,76.1,0.09,4,30413,买盘
1488,11:12:13,76.1,0.0,3,22825,买盘
1489,11:12:16,76.1,0.0,6,45656,买盘
1490,11:12:21,76.15,0.05,5,38065,买盘
1491,11:12:31,76.15,0.0,1,7615,买盘
1492,11:12:34,76.15,0.0,1,7615,买盘
1493,11:12:37,76.15,0.0,5,38075,买盘
1494,11:12:40,76.15,0.0,40,304601,买盘
1495,11:12:43,76.26,0.11,1,7626,买盘
1496,11:12:52,76.26,0.0,4,30471,买盘
1497,11:12:58,76.26,0.0,5,38130,买盘
1498,11:13:01,76.16,-0.1,1,7616,卖盘
1499,11:13:07,76.15,-0.01,5,38077,卖盘
1500,11:13:10,76.26,0.11,1,7626,买盘
1501,11:13:13,76.16,-0.1,4,30492,中性盘
1502,11:13:16,76.16,0.0,1,7616,买盘
1503,11:13:19,76.16,0.0,2,15232,买盘
1504,11:13:25,76.15,-0.01,6,45690,卖盘
1505,11:13:28,76.26,0.11,5,38115,买盘
1506,11:13:31,76.16,-0.1,30,228480,卖盘
1507,11:13:36,76.17,0.01,60,457485,卖盘
1508,11:13:39,76.26,0.09,1,7626,中性盘
1509,11:13:48,76.22,-0.04,2,15248,卖盘
1510,11:13:52,76.39,0.17,3,22917,买盘
1511,11:13:55,76.16,-0.23,23,175170,卖盘
1512,11:14:01,76.15,-0.01,19,144694,卖盘
1513,11:14:07,76.16,0.01,4,30482,卖盘
1514,11:14:10,76.35,0.19,1,7635,买盘
1515,11:14:22,76.15,-0.2,50,380759,卖盘
1516,11:14:40,76.29,0.14,1,7629,买盘
1517,11:14:46,76.29,0.0,1,7629,买盘
1518,11:14:49,76.2,-0.09,1,7620,卖盘
1519,11:14:57,76.18,-0.02,2,15236,卖盘
1520,11:15:04,76.17,-0.01,1,7617,卖盘
1521,11:15:07,76.16,-0.01,8,60928,卖盘
1522,11:15:10,76.16,0.0,21,159947,卖盘
1523,11:15:16,76.16,0.0,7,53315,卖盘
1524,11:15:19,76.17,0.01,8,60930,中性盘
1525,11:15:22,76.15,-0.02,42,319857,卖盘
1526,11:15:25,76.15,0.0,23,175148,卖盘
1527,11:15:28,76.17,0.02,4,30466,买盘
1528,11:15:31,76.15,-0.02,15,114225,卖盘
1529,11:15:34,76.1,-0.05,41,310110,卖盘
1530,11:15:37,76.1,0.0,11,83710,卖盘
1531,11:15:40,76.01,-0.09,52,395516,卖盘
1532,11:15:46,76.01,0.0,49,372456,卖盘
1533,11:15:49,76.07,0.06,2,15211,买盘
1534,11:15:52,76.0,-0.07,63,478852,卖盘
1535,11:15:55,76.01,0.01,74,562410,中性盘
1536,11:15:58,76.0,-0.01,5,34732,卖盘
1537,11:16:01,76.0,0.0,7,53196,买盘
1538,11:16:04,75.98,-0.02,2,15196,卖盘
1539,11:16:07,76.0,0.02,14,106393,买盘
1540,11:16:10,75.97,-0.03,4,30389,卖盘
1541,11:16:13,75.92,-0.05,39,296141,卖盘
1542,11:16:15,75.94,0.02,28,212613,买盘
1543,11:16:18,75.95,0.01,11,83526,买盘
1544,11:16:22,75.91,-0.04,1,7591,卖盘
1545,11:16:25,75.9,-0.01,14,106273,卖盘
1546,11:16:28,75.9,0.0,22,166984,卖盘
1547,11:16:30,75.89,-0.01,17,129017,卖盘
1548,11:16:34,75.89,0.0,11,83469,买盘
1549,11:16:37,75.89,0.0,3,22767,买盘
1550,11:16:40,75.9,0.01,45,341516,买盘
1551,11:16:43,75.89,-0.01,40,303524,中性盘
1552,11:16:46,75.88,-0.01,5,37940,卖盘
1553,11:16:49,75.88,0.0,7,53111,买盘
1554,11:16:52,75.82,-0.06,60,455156,卖盘
1555,11:16:55,75.82,0.0,6,48752,买盘
1556,11:16:58,75.87,0.05,5,37939,卖盘
1557,11:17:01,75.88,0.01,3,22764,卖盘
1558,11:17:04,75.89,0.01,9,68285,买盘
1559,11:17:07,75.86,-0.03,9,65020,卖盘
1560,11:17:10,75.89,0.03,105,796640,买盘
1561,11:17:13,75.86,-0.03,8,60696,卖盘
1562,11:17:15,75.87,0.01,4,30348,买盘
1563,11:17:18,75.86,-0.01,9,68286,卖盘
1564,11:17:22,75.88,0.02,9,68290,买盘
1565,11:17:25,75.88,0.0,2,15175,买盘
1566,11:17:28,75.88,0.0,3,22763,买盘
1567,11:17:31,75.88,0.0,22,166923,买盘
1568,11:17:34,75.87,-0.01,6,45522,中性盘
1569,11:17:37,75.87,0.0,1,7587,买盘
1570,11:17:40,75.86,-0.01,13,98620,卖盘
1571,11:17:43,75.86,0.0,8,60688,买盘
1572,11:17:46,75.86,0.0,10,75860,买盘
1573,11:17:49,75.86,0.0,4,30344,买盘
1574,11:17:52,75.85,-0.01,12,91023,卖盘
1575,11:17:55,75.85,0.0,7,53095,买盘
1576,11:17:57,75.85,0.0,8,60680,买盘
1577,11:18:01,75.85,0.0,25,189621,买盘
1578,11:18:04,75.86,0.01,9,68282,中性盘
1579,11:18:10,75.86,0.0,10,75868,卖盘
1580,11:18:13,75.86,0.0,42,321876,卖盘
1581,11:18:16,75.87,0.01,2,15174,中性盘
1582,11:18:19,75.88,0.01,3,22764,买盘
1583,11:18:22,75.86,-0.02,78,588316,卖盘
1584,11:18:24,75.88,0.02,3,26024,买盘
1585,11:18:28,75.88,0.0,9,68292,买盘
1586,11:18:30,75.87,-0.01,1,7587,卖盘
1587,11:18:33,75.86,-0.01,9,68278,卖盘
1588,11:18:37,75.87,0.01,3,22763,中性盘
1589,11:18:39,75.86,-0.01,14,106226,卖盘
1590,11:18:42,75.88,0.02,11,83468,买盘
1591,11:18:46,75.86,-0.02,83,626377,卖盘
1592,11:18:48,75.86,0.0,10,75860,买盘
1593,11:18:52,75.86,0.0,26,197196,买盘
1594,11:18:55,75.86,0.0,8,60688,买盘
1595,11:18:57,75.86,0.0,5,37929,买盘
1596,11:19:00,75.86,0.0,4,30344,买盘
1597,11:19:04,75.85,-0.01,6,45510,卖盘
1598,11:19:07,75.85,0.0,1,7585,买盘
1599,11:19:10,75.85,0.0,3,22755,买盘
1600,11:19:13,75.85,0.0,5,37917,买盘
1601,11:19:15,75.83,-0.02,4,30338,卖盘
1602,11:19:18,75.85,0.02,2,15169,买盘
1603,11:19:21,75.82,-0.03,32,242663,卖盘
1604,11:19:25,75.86,0.04,2,15172,买盘
1605,11:19:31,75.85,-0.01,2,15170,卖盘
1606,11:19:34,75.86,0.01,8,60688,买盘
1607,11:19:37,75.88,0.02,110,837803,买盘
1608,11:19:40,75.9,0.02,104,789216,买盘
1609,11:19:43,75.9,0.0,105,796927,买盘
1610,11:19:52,75.99,0.09,12,91193,卖盘
1611,11:19:55,75.99,0.0,6,45594,买盘
1612,11:19:57,76.0,0.01,10,75991,买盘
1613,11:20:07,76.07,0.07,8,60814,买盘
1614,11:20:16,76.22,0.15,7,53347,买盘
1615,11:20:22,76.15,-0.07,23,175236,卖盘
1616,11:20:25,76.3,0.15,8,61040,买盘
1617,11:20:40,76.49,0.19,3,22946,买盘
1618,11:20:43,76.49,0.0,10,76489,买盘
1619,11:20:46,76.49,0.0,2,15298,买盘
1620,11:20:52,76.32,-0.17,2,15271,卖盘
1621,11:20:55,76.3,-0.02,7,53421,卖盘
1622,11:20:57,76.32,0.02,2,15264,买盘
1623,11:21:01,76.3,-0.02,10,76300,卖盘
1624,11:21:04,76.3,0.0,3,22888,买盘
1625,11:21:06,76.3,0.0,5,38150,买盘
1626,11:21:10,76.32,0.02,13,99193,买盘
1627,11:21:19,76.32,0.0,1,7632,卖盘
1628,11:21:22,76.32,0.0,3,22896,卖盘
1629,11:21:25,76.32,0.0,1,7632,买盘
1630,11:21:28,76.46,0.14,17,129772,买盘
1631,11:21:39,76.32,-0.14,2,15264,卖盘
1632,11:21:43,76.33,0.01,1,7633,中性盘
1633,11:21:46,76.48,0.15,4,30589,买盘
1634,11:21:52,76.33,-0.15,15,114675,卖盘
1635,11:21:55,76.3,-0.03,10,73408,卖盘
1636,11:22:04,76.32,0.02,1,7632,买盘
1637,11:22:07,76.45,0.13,13,99265,买盘
1638,11:22:16,76.3,-0.15,42,320859,卖盘
1639,11:22:31,76.45,0.15,2,15290,买盘
1640,11:22:34,76.45,0.0,3,22907,买盘
1641,11:22:37,76.31,-0.14,4,30527,卖盘
1642,11:22:45,76.31,0.0,2,15262,买盘
1643,11:22:49,76.31,0.0,6,45786,买盘
1644,11:22:52,76.3,-0.01,29,221281,卖盘
1645,11:23:10,76.31,0.01,1,7631,卖盘
1646,11:23:15,76.31,0.0,25,190776,卖盘
1647,11:23:22,76.32,0.01,2,15264,卖盘
1648,11:23:24,76.32,0.0,7,53416,买盘
1649,11:23:33,76.32,0.0,2,15264,买盘
1650,11:23:37,76.32,0.0,19,145002,买盘
1651,11:23:40,76.32,0.0,1,7632,卖盘
1652,11:23:46,76.32,0.0,2,15264,卖盘
1653,11:23:52,76.32,0.0,22,167904,卖盘
1654,11:24:06,76.4,0.08,1,7640,买盘
1655,11:24:13,76.33,-0.07,10,76332,卖盘
1656,11:24:18,76.33,0.0,1,7633,买盘
1657,11:24:21,76.32,-0.01,22,167904,卖盘
1658,11:24:28,76.33,0.01,1,7633,买盘
1659,11:24:31,76.32,-0.01,5,38161,卖盘
1660,11:24:42,76.45,0.13,2,15278,买盘
1661,11:24:51,76.33,-0.12,8,61067,卖盘
1662,11:25:01,76.45,0.12,16,122140,买盘
1663,11:25:04,76.45,0.0,2,15290,卖盘
1664,11:25:07,76.45,0.0,3,22935,卖盘
1665,11:25:18,76.46,0.01,2,15292,买盘
1666,11:25:21,76.45,-0.01,8,61160,卖盘
1667,11:25:33,76.45,0.0,19,145255,买盘
1668,11:25:36,76.45,0.0,7,53515,卖盘
1669,11:25:51,76.33,-0.12,12,91600,卖盘
1670,11:25:55,76.33,0.0,4,30532,买盘
1671,11:25:58,76.33,0.0,23,175539,买盘
1672,11:26:00,76.45,0.12,4,30570,买盘
1673,11:26:22,76.32,-0.13,19,145008,卖盘
1674,11:26:27,76.44,0.12,3,22930,买盘
1675,11:26:30,76.33,-0.11,1,7633,中性盘
1676,11:26:34,76.32,-0.01,1,7632,卖盘
1677,11:26:45,76.32,0.0,4,30544,卖盘
1678,11:26:49,76.32,0.0,1,7632,买盘
1679,11:26:51,76.3,-0.02,4,30522,卖盘
1680,11:26:57,76.3,0.0,11,83866,买盘
1681,11:27:16,76.23,-0.07,3,22869,卖盘
1682,11:27:21,76.21,-0.02,10,76228,卖盘
1683,11:27:24,76.21,0.0,13,99073,买盘
1684,11:27:28,76.32,0.11,5,38160,买盘
1685,11:27:39,76.22,-0.1,9,68598,卖盘
1686,11:27:45,76.22,0.0,4,30488,买盘
1687,11:27:52,76.21,-0.01,1,7621,卖盘
1688,11:27:58,76.21,0.0,4,30484,买盘
1689,11:28:01,76.21,0.0,9,68589,买盘
1690,11:28:04,76.2,-0.01,20,152405,卖盘
1691,11:28:10,76.21,0.01,3,22863,买盘
1692,11:28:21,76.21,0.0,8,60968,卖盘
1693,11:28:34,76.21,0.0,2,15242,买盘
1694,11:28:39,76.21,0.0,4,30484,买盘
1695,11:28:42,76.21,0.0,8,60968,买盘
1696,11:28:46,76.2,-0.01,14,106687,卖盘
1697,11:28:48,76.22,0.02,2,15244,买盘
1698,11:28:51,76.22,0.0,20,152440,卖盘
1699,11:28:54,76.22,0.0,7,53354,卖盘
1700,11:29:21,76.22,0.0,14,106708,卖盘
1701,11:29:28,76.22,0.0,5,38110,买盘
1702,11:30:01,76.38,0.16,1,7638,买盘
1703,13:00:04,76.22,-0.16,18,137196,卖盘
1704,13:00:07,76.31,0.09,38,289643,买盘
1705,13:00:10,76.22,-0.09,1,7622,中性盘
1706,13:00:21,76.22,0.0,3,22866,卖盘
1707,13:00:24,76.35,0.13,2,15270,买盘
1708,13:00:30,76.35,0.0,7,53445,卖盘
1709,13:00:34,76.35,0.0,1,7635,卖盘
1710,13:00:36,76.35,0.0,7,53445,卖盘
1711,13:00:39,76.35,0.0,1,7635,卖盘
1712,13:00:42,76.35,0.0,1,7635,卖盘
1713,13:00:45,76.35,0.0,1,7635,卖盘
1714,13:00:48,76.35,0.0,1,7635,卖盘
1715,13:00:51,76.35,0.0,7,53445,卖盘
1716,13:01:09,76.32,-0.03,1,7632,买盘
1717,13:01:15,76.32,0.0,1,7632,卖盘
1718,13:01:18,76.32,0.0,1,7632,卖盘
1719,13:01:21,76.32,0.0,1,7632,卖盘
1720,13:01:24,76.32,0.0,1,7632,卖盘
1721,13:01:27,76.32,0.0,2,15264,卖盘
1722,13:01:30,76.32,0.0,6,45792,卖盘
1723,13:01:33,76.35,0.03,7,53442,买盘
1724,13:01:36,76.35,0.0,2,15270,买盘
1725,13:01:45,76.35,0.0,1,7635,卖盘
1726,13:01:55,76.35,0.0,3,22905,卖盘
1727,13:01:58,76.35,0.0,1,7635,买盘
1728,13:02:00,76.35,0.0,2,15270,买盘
1729,13:02:12,76.35,0.0,12,91620,买盘
1730,13:02:15,76.32,-0.03,3,22899,卖盘
1731,13:02:22,76.32,0.0,2,15264,卖盘
1732,13:02:48,76.33,0.01,2,15266,卖盘
1733,13:02:54,76.33,0.0,1,7633,卖盘
1734,13:03:01,76.38,0.05,2,15271,买盘
1735,13:03:04,76.21,-0.17,7,53387,卖盘
1736,13:03:10,76.3,0.09,2,15260,买盘
1737,13:03:13,76.3,0.0,1,7630,买盘
1738,13:03:16,76.21,-0.09,2,15242,卖盘
1739,13:03:30,76.21,0.0,3,22863,卖盘
1740,13:03:36,76.2,-0.01,6,45723,卖盘
1741,13:03:46,76.2,0.0,6,44196,卖盘
1742,13:03:58,76.18,-0.02,26,198074,卖盘
1743,13:04:00,76.2,0.02,2,15239,买盘
1744,13:04:04,76.2,0.0,2,15240,买盘
1745,13:04:07,76.18,-0.02,4,30472,卖盘
1746,13:04:10,76.18,0.0,12,91394,买盘
1747,13:04:15,76.11,-0.07,6,45684,卖盘
1748,13:04:24,76.11,0.0,11,83725,卖盘
1749,13:04:34,76.11,0.0,3,22833,中性盘
1750,13:04:40,76.1,-0.01,4,30440,卖盘
1751,13:04:48,76.1,0.0,3,22824,买盘
1752,13:05:00,76.06,-0.04,2,15214,卖盘
1753,13:05:04,76.01,-0.05,7,53220,卖盘
1754,13:05:06,76.08,0.07,5,38040,买盘
1755,13:05:18,76.07,-0.01,5,38035,卖盘
1756,13:05:21,76.01,-0.06,4,30404,卖盘
1757,13:05:31,76.02,0.01,2,15204,卖盘
1758,13:05:39,76.06,0.04,4,30424,买盘
1759,13:05:45,76.01,-0.05,15,114053,卖盘
1760,13:05:48,76.07,0.06,1,7607,买盘
1761,13:05:57,76.06,-0.01,4,30424,买盘
1762,13:06:00,76.03,-0.03,7,53241,卖盘
1763,13:06:19,76.07,0.04,3,22821,卖盘
1764,13:06:27,76.07,0.0,2,15214,卖盘
1765,13:06:55,76.11,0.04,1,7611,买盘
1766,13:07:03,76.13,0.02,1,7613,买盘
1767,13:07:10,76.15,0.02,10,76150,买盘
1768,13:07:22,76.11,-0.04,8,60888,卖盘
1769,13:07:25,76.11,0.0,4,30444,买盘
1770,13:07:28,76.11,0.0,3,22833,买盘
1771,13:07:33,76.11,0.0,3,22833,买盘
1772,13:07:36,76.07,-0.04,16,121719,卖盘
1773,13:07:49,76.11,0.04,1,7611,买盘
1774,13:07:54,76.06,-0.05,12,91277,卖盘
1775,13:08:00,76.15,0.09,2,15226,买盘
1776,13:08:04,76.06,-0.09,2,15212,卖盘
1777,13:08:06,76.0,-0.06,166,1262134,卖盘
1778,13:08:09,76.0,0.0,1,7600,买盘
1779,13:08:22,76.0,0.0,1,7600,买盘
1780,13:08:25,76.0,0.0,7,53196,买盘
1781,13:08:28,75.92,-0.08,36,273420,卖盘
1782,13:08:34,76.0,0.08,3,22799,买盘
1783,13:08:37,75.91,-0.09,1,7591,卖盘
1784,13:08:40,76.0,0.09,5,37970,买盘
1785,13:08:46,75.85,-0.15,120,910649,卖盘
1786,13:08:52,76.0,0.15,3,22800,买盘
1787,13:08:55,76.0,0.0,3,22800,买盘
1788,13:09:00,75.97,-0.03,1,7597,卖盘
1789,13:09:04,75.97,0.0,6,45582,卖盘
1790,13:09:06,75.91,-0.06,5,37955,卖盘
1791,13:09:09,75.97,0.06,1,7597,买盘
1792,13:09:12,75.97,0.0,5,37985,买盘
1793,13:09:16,75.97,0.0,10,75970,卖盘
1794,13:09:22,75.91,-0.06,5,37956,卖盘
1795,13:09:24,75.9,-0.01,10,75937,卖盘
1796,13:09:31,75.9,0.0,1,7590,买盘
1797,13:09:36,75.9,0.0,1,7590,买盘
1798,13:09:39,75.9,0.0,19,144160,买盘
1799,13:09:45,75.89,-0.01,2,15174,中性盘
1800,13:09:51,75.85,-0.04,2,15170,卖盘
1801,13:09:57,75.85,0.0,14,107708,卖盘
1802,13:10:01,75.85,0.0,16,119843,卖盘
1803,13:10:04,75.8,-0.05,59,447308,卖盘
1804,13:10:12,75.8,0.0,60,454825,卖盘
1805,13:10:16,75.85,0.05,9,68265,买盘
1806,13:10:19,75.85,0.0,14,106171,买盘
1807,13:10:22,75.84,-0.01,61,462389,买盘
1808,13:10:24,75.85,0.01,7,53095,买盘
1809,13:10:27,75.85,0.0,1,7585,买盘
1810,13:10:37,75.89,0.04,1,7589,买盘
1811,13:10:43,75.9,0.01,1,7590,买盘
1812,13:10:45,75.81,-0.09,30,227518,卖盘
1813,13:10:48,75.85,0.04,5,37925,中性盘
1814,13:10:51,75.9,0.05,3,22770,买盘
1815,13:10:54,75.9,0.0,1,7590,买盘
1816,13:11:00,75.84,-0.06,7,53088,买盘
1817,13:11:04,75.84,0.0,3,22752,买盘
1818,13:11:06,75.81,-0.03,30,227481,卖盘
1819,13:11:13,75.8,-0.01,99,750471,卖盘
1820,13:11:16,75.84,0.04,2,15168,中性盘
1821,13:11:21,75.89,0.05,2,15178,买盘
1822,13:11:28,75.97,0.08,5,37961,买盘
1823,13:11:30,75.84,-0.13,6,45519,卖盘
1824,13:11:34,75.84,0.0,6,45504,买盘
1825,13:11:36,75.88,0.04,6,45516,买盘
1826,13:11:39,75.88,0.0,1,7588,买盘
1827,13:11:46,75.84,-0.04,4,30346,卖盘
1828,13:11:51,75.96,0.12,1,7596,买盘
1829,13:11:58,75.87,-0.09,2,15175,卖盘
1830,13:12:07,75.84,-0.03,12,91025,卖盘
1831,13:12:16,75.96,0.12,1,7596,买盘
1832,13:12:18,76.0,0.04,61,463589,买盘
1833,13:12:33,76.0,0.0,1,7600,买盘
1834,13:12:36,76.0,0.0,4,30400,买盘
1835,13:12:40,76.0,0.0,4,30400,买盘
1836,13:12:46,76.0,0.0,6,45600,卖盘
1837,13:12:55,75.96,-0.04,2,15192,卖盘
1838,13:12:57,76.0,0.04,4,30400,买盘
1839,13:13:16,76.0,0.0,3,22800,卖盘
1840,13:13:19,76.0,0.0,8,60800,卖盘
1841,13:13:21,76.2,0.2,8,60918,买盘
1842,13:13:46,76.01,-0.19,1,7601,卖盘
1843,13:13:49,76.01,0.0,14,106584,卖盘
1844,13:13:52,76.01,0.0,4,30407,卖盘
1845,13:13:57,76.01,0.0,2,15202,买盘
1846,13:14:16,76.28,0.27,12,91517,买盘
1847,13:14:19,76.18,-0.1,1,7618,卖盘
1848,13:14:22,76.31,0.13,2,15259,买盘
1849,13:14:28,76.31,0.0,2,15262,买盘
1850,13:14:30,76.31,0.0,1,7631,买盘
1851,13:14:42,76.31,0.0,9,68658,买盘
1852,13:15:01,76.31,0.0,1,7631,买盘
1853,13:15:27,76.3,-0.01,1,7630,卖盘
1854,13:15:30,76.27,-0.03,5,38147,卖盘
1855,13:15:42,76.27,0.0,2,15254,买盘
1856,13:15:45,76.27,0.0,1,7627,卖盘
1857,13:16:01,76.27,0.0,3,22881,卖盘
1858,13:16:04,76.29,0.02,2,15256,中性盘
1859,13:16:12,76.27,-0.02,1,7627,卖盘
1860,13:16:18,76.27,0.0,3,22881,卖盘
1861,13:16:21,76.27,0.0,2,15254,卖盘
1862,13:16:24,76.27,0.0,5,38135,卖盘
1863,13:16:27,76.29,0.02,1,7629,买盘
1864,13:16:31,76.29,0.0,3,22887,买盘
1865,13:16:34,76.3,0.01,2,15259,买盘
1866,13:17:13,76.2,-0.1,2,15240,卖盘
1867,13:17:24,76.19,-0.01,1,7619,卖盘
1868,13:17:31,76.19,0.0,8,60952,卖盘
1869,13:17:34,76.2,0.01,3,22860,买盘
1870,13:17:37,76.2,0.0,1,7620,卖盘
1871,13:17:40,76.2,0.0,1,7620,卖盘
1872,13:17:42,76.2,0.0,3,22860,卖盘
1873,13:17:49,76.2,0.0,2,15240,卖盘
1874,13:17:55,76.2,0.0,1,7620,卖盘
1875,13:18:04,76.2,0.0,11,83900,卖盘
1876,13:18:06,76.2,0.0,1,7620,买盘
1877,13:18:13,76.2,0.0,2,15240,卖盘
1878,13:18:31,76.2,0.0,7,53340,卖盘
1879,13:18:36,76.2,0.0,17,129540,买盘
1880,13:18:39,76.19,-0.01,14,106672,卖盘
1881,13:18:42,76.2,0.01,7,53336,买盘
1882,13:18:54,76.2,0.0,10,76200,卖盘
1883,13:19:01,76.2,0.0,4,30480,卖盘
1884,13:19:10,76.2,0.0,5,38100,卖盘
1885,13:19:21,76.21,0.01,5,38105,卖盘
1886,13:19:43,76.25,0.04,2,15250,买盘
1887,13:19:48,76.26,0.01,2,15252,买盘
1888,13:19:51,76.25,-0.01,2,15250,卖盘
1889,13:20:01,76.25,0.0,3,22876,卖盘
1890,13:20:04,76.27,0.02,3,22880,买盘
1891,13:20:27,76.25,-0.02,4,30501,卖盘
1892,13:20:37,76.28,0.03,23,175442,买盘
1893,13:20:43,76.25,-0.03,1,7625,卖盘
1894,13:20:54,76.26,0.01,1,7626,买盘
1895,13:20:57,76.25,-0.01,2,15250,卖盘
1896,13:21:01,76.26,0.01,1,7626,买盘
1897,13:21:06,76.26,0.0,7,53382,买盘
1898,13:21:09,76.26,0.0,1,7626,买盘
1899,13:21:12,76.25,-0.01,5,38125,卖盘
1900,13:21:25,76.21,-0.04,1,7621,卖盘
1901,13:21:37,76.2,-0.01,13,99076,卖盘
1902,13:21:46,76.25,0.05,28,213500,买盘
1903,13:21:52,76.21,-0.04,1,7621,买盘
1904,13:21:58,76.21,0.0,4,30484,卖盘
1905,13:22:00,76.2,-0.01,1,7620,卖盘
1906,13:22:10,76.2,0.0,10,76200,卖盘
1907,13:22:13,76.25,0.05,2,15250,买盘
1908,13:22:15,76.28,0.03,2,15253,买盘
1909,13:22:19,76.23,-0.05,1,7623,中性盘
1910,13:22:25,76.28,0.05,2,15256,买盘
1911,13:22:28,76.27,-0.01,1,7627,买盘
1912,13:22:30,76.28,0.01,5,38138,买盘
1913,13:22:34,76.28,0.0,2,15256,买盘
1914,13:22:43,76.25,-0.03,1,7625,买盘
1915,13:22:45,76.28,0.03,2,15253,买盘
1916,13:22:58,76.29,0.01,28,214043,买盘
1917,13:23:01,76.28,-0.01,24,183072,卖盘
1918,13:23:04,76.29,0.01,1,7629,买盘
1919,13:23:06,76.29,0.0,3,22887,买盘
1920,13:23:10,76.3,0.01,9,68667,买盘
1921,13:23:12,76.28,-0.02,2,15256,卖盘
1922,13:23:18,76.3,0.02,2,15260,买盘
1923,13:23:22,76.3,0.0,13,99190,买盘
1924,13:23:28,76.31,0.01,1,7631,买盘
1925,13:23:36,76.31,0.0,1,7631,买盘
1926,13:23:39,76.3,-0.01,1,7630,卖盘
1927,13:23:42,76.31,0.01,1,7631,中性盘
1928,13:23:55,76.31,0.0,3,22903,卖盘
1929,13:23:58,76.31,0.0,1,7631,卖盘
1930,13:24:01,76.41,0.1,1,7641,买盘
1931,13:24:04,76.41,0.0,1,7641,买盘
1932,13:24:10,76.41,0.0,1,7641,买盘
1933,13:24:16,76.43,0.02,4,30570,买盘
1934,13:24:19,76.43,0.0,4,30572,卖盘
1935,13:24:31,76.44,0.01,1,7644,买盘
1936,13:24:33,76.43,-0.01,3,22930,卖盘
1937,13:24:37,76.43,0.0,2,15286,买盘
1938,13:24:39,76.43,0.0,6,45858,买盘
1939,13:24:42,76.45,0.02,1,7645,买盘
1940,13:24:45,76.44,-0.01,1,7644,卖盘
1941,13:24:51,76.45,0.01,1,7645,买盘
1942,13:24:55,76.45,0.0,3,22935,卖盘
1943,13:25:01,76.49,0.04,1,7649,买盘
1944,13:25:06,76.5,0.01,7,53544,买盘
1945,13:25:16,76.49,-0.01,1,7649,卖盘
1946,13:25:18,76.49,0.0,6,45896,卖盘
1947,13:25:21,76.46,-0.03,1,7646,卖盘
1948,13:25:31,76.45,-0.01,1,7645,卖盘
1949,13:25:37,76.45,0.0,3,22935,卖盘
1950,13:25:43,76.46,0.01,3,22936,买盘
1951,13:25:55,76.46,0.0,1,7646,卖盘
1952,13:25:58,76.46,0.0,8,61168,卖盘
1953,13:26:00,76.46,0.0,11,84109,卖盘
1954,13:26:04,76.49,0.03,1,7649,买盘
1955,13:26:15,76.46,-0.03,14,107047,卖盘
1956,13:26:18,76.46,0.0,1,7646,买盘
1957,13:26:25,76.45,-0.01,1,7645,卖盘
1958,13:26:30,76.45,0.0,3,22937,卖盘
1959,13:26:33,76.46,0.01,1,7646,买盘
1960,13:26:37,76.45,-0.01,1,7645,卖盘
1961,13:26:40,76.46,0.01,8,61161,买盘
1962,13:26:45,76.45,-0.01,2,15290,卖盘
1963,13:26:49,76.45,0.0,4,30580,卖盘
1964,13:26:52,76.45,0.0,3,22935,买盘
1965,13:27:01,76.45,0.0,4,30580,买盘
1966,13:27:04,76.44,-0.01,3,22932,卖盘
1967,13:27:06,76.45,0.01,3,22935,买盘
1968,13:27:10,76.44,-0.01,6,45864,卖盘
1969,13:27:16,76.44,0.0,7,53508,买盘
1970,13:27:27,76.41,-0.03,2,15282,卖盘
1971,13:27:31,76.41,0.0,2,15282,卖盘
1972,13:27:42,76.4,-0.01,9,68767,卖盘
1973,13:28:07,76.32,-0.08,1,7632,卖盘
1974,13:28:12,76.32,0.0,1,7632,卖盘
1975,13:28:28,76.33,0.01,1,7633,卖盘
1976,13:28:31,76.33,0.0,1,7633,卖盘
1977,13:28:49,76.33,0.0,4,30535,卖盘
1978,13:28:58,76.33,0.0,8,61073,卖盘
1979,13:29:01,76.33,0.0,2,15266,买盘
1980,13:29:06,76.32,-0.01,1,7632,卖盘
1981,13:29:25,76.32,0.0,1,7632,卖盘
1982,13:29:28,76.32,0.0,6,45792,卖盘
1983,13:29:43,76.32,0.0,1,7632,卖盘
1984,13:29:46,76.33,0.01,4,30529,买盘
1985,13:29:54,76.33,0.0,6,45798,卖盘
1986,13:30:04,76.33,0.0,2,15266,卖盘
1987,13:30:09,76.33,0.0,5,38165,卖盘
1988,13:30:21,76.33,0.0,7,53421,买盘
1989,13:30:28,76.3,-0.03,1,7630,卖盘
1990,13:30:30,76.2,-0.1,50,381163,卖盘
1991,13:30:43,76.2,0.0,2,15240,卖盘
1992,13:30:46,76.19,-0.01,7,53333,卖盘
1993,13:30:49,76.2,0.01,1,7620,买盘
1994,13:30:51,76.19,-0.01,2,15239,卖盘
1995,13:30:54,76.2,0.01,2,15240,买盘
1996,13:30:58,76.21,0.01,1,7621,卖盘
1997,13:31:04,76.21,0.0,8,60968,卖盘
1998,13:31:09,76.21,0.0,9,68589,卖盘
1999,13:31:18,76.19,-0.02,2,15238,卖盘
2000,13:31:28,76.19,0.0,1,7619,卖盘
2001,13:31:34,76.18,-0.01,3,22856,卖盘
2002,13:31:43,76.18,0.0,4,30472,卖盘
2003,13:31:46,76.18,0.0,3,22854,卖盘
2004,13:31:52,76.18,0.0,4,30472,买盘
2005,13:31:57,76.18,0.0,3,22852,买盘
2006,13:32:10,76.1,-0.08,2,15221,卖盘
2007,13:32:16,76.16,0.06,2,15232,买盘
2008,13:32:19,76.16,0.0,5,38080,买盘
2009,13:32:22,76.0,-0.16,50,380144,卖盘
2010,13:32:34,76.0,0.0,18,136832,卖盘
2011,13:32:43,76.02,0.02,3,22806,中性盘
2012,13:32:46,76.02,0.0,7,53208,买盘
2013,13:32:49,76.01,-0.01,7,53207,卖盘
2014,13:32:52,76.02,0.01,1,7602,买盘
2015,13:32:55,76.02,0.0,1,7602,中性盘
2016,13:32:58,76.03,0.01,1,7603,中性盘
2017,13:33:01,76.01,-0.02,4,30408,卖盘
2018,13:33:10,76.0,-0.01,5,38001,卖盘
2019,13:33:19,76.02,0.02,1,7602,买盘
2020,13:33:21,76.01,-0.01,1,7601,卖盘
2021,13:33:24,76.02,0.01,2,15204,买盘
2022,13:33:28,76.02,0.0,1,7602,买盘
2023,13:33:34,76.02,0.0,18,136809,买盘
2024,13:33:37,76.0,-0.02,6,45604,卖盘
2025,13:33:40,76.0,0.0,12,91211,卖盘
2026,13:33:46,76.02,0.02,1,7602,卖盘
2027,13:33:49,76.1,0.08,14,106539,买盘
2028,13:34:01,76.1,0.0,1,7610,卖盘
2029,13:34:04,76.1,0.0,1,7610,卖盘
2030,13:34:10,76.15,0.05,1,7615,买盘
2031,13:34:13,76.15,0.0,1,7615,中性盘
2032,13:34:22,76.16,0.01,2,15232,买盘
2033,13:34:28,76.16,0.0,1,7616,买盘
2034,13:34:31,76.15,-0.01,2,15230,卖盘
2035,13:34:46,76.15,0.0,1,7615,买盘
2036,13:34:49,76.16,0.01,3,22848,买盘
2037,13:34:51,76.15,-0.01,7,53305,卖盘
2038,13:34:55,76.11,-0.04,10,76131,卖盘
2039,13:35:19,76.15,0.04,1,7615,卖盘
2040,13:35:28,76.28,0.13,1,7628,买盘
2041,13:35:30,76.29,0.01,4,30516,买盘
2042,13:35:39,76.3,0.01,6,45779,买盘
2043,13:35:48,76.15,-0.15,3,22845,卖盘
2044,13:35:51,76.3,0.15,3,22890,买盘
2045,13:35:58,76.3,0.0,2,15260,买盘
2046,13:36:16,76.16,-0.14,1,7616,卖盘
2047,13:36:22,76.26,0.1,1,7626,买盘
2048,13:37:04,76.18,-0.08,1,7618,卖盘
2049,13:37:13,76.25,0.07,1,7625,买盘
2050,13:37:16,76.26,0.01,1,7626,买盘
2051,13:37:19,76.15,-0.11,8,60958,卖盘
2052,13:37:33,76.12,-0.03,15,114180,买盘
2053,13:37:49,76.12,0.0,1,7612,卖盘
2054,13:38:12,76.13,0.01,6,45678,卖盘
2055,13:38:21,76.13,0.0,2,15226,买盘
2056,13:38:28,76.13,0.0,12,91356,买盘
2057,13:38:46,76.25,0.12,1,7625,买盘
2058,13:38:55,76.25,0.0,2,15250,买盘
2059,13:39:18,76.14,-0.11,2,15228,卖盘
2060,13:39:21,76.14,0.0,2,15228,买盘
2061,13:39:28,76.14,0.0,1,7614,买盘
2062,13:39:40,76.25,0.11,2,15250,买盘
2063,13:39:46,76.14,-0.11,10,76142,卖盘
2064,13:39:57,76.25,0.11,4,30495,买盘
2065,13:40:07,76.25,0.0,2,15250,卖盘
2066,13:40:09,76.26,0.01,2,15251,买盘
2067,13:40:19,76.25,-0.01,1,7625,买盘
2068,13:40:22,76.16,-0.09,3,22856,卖盘
2069,13:40:57,76.24,0.08,1,7624,买盘
2070,13:41:00,76.18,-0.06,1,7618,卖盘
2071,13:41:16,76.24,0.06,1,7624,买盘
2072,13:41:28,76.24,0.0,4,30496,卖盘
2073,13:41:33,76.24,0.0,2,15248,卖盘
2074,13:41:39,76.25,0.01,3,22875,买盘
2075,13:41:55,76.24,-0.01,3,22872,卖盘
2076,13:41:58,76.24,0.0,1,7624,买盘
2077,13:42:04,76.24,0.0,2,15248,买盘
2078,13:42:10,76.24,0.0,1,7624,买盘
2079,13:42:15,76.24,0.0,1,7624,卖盘
2080,13:42:19,76.18,-0.06,4,30485,卖盘
2081,13:42:25,76.18,0.0,1,7618,卖盘
2082,13:42:34,76.18,0.0,10,76180,卖盘
2083,13:42:49,76.18,0.0,14,106656,卖盘
2084,13:42:55,76.23,0.05,1,7623,买盘
2085,13:43:01,76.23,0.0,2,15246,卖盘
2086,13:43:04,76.18,-0.05,2,15236,卖盘
2087,13:43:15,76.24,0.06,12,91468,买盘
2088,13:43:19,76.24,0.0,4,30496,卖盘
2089,13:43:27,76.24,0.0,9,68616,卖盘
2090,13:43:40,76.18,-0.06,61,464843,卖盘
2091,13:43:57,76.24,0.06,1,7624,买盘
2092,13:44:00,76.18,-0.06,11,83800,卖盘
2093,13:44:04,76.18,0.0,2,15236,卖盘
2094,13:44:10,76.19,0.01,10,76190,卖盘
2095,13:44:12,76.24,0.05,10,76240,买盘
2096,13:44:18,76.19,-0.05,3,22857,卖盘
2097,13:44:21,76.18,-0.01,7,53326,卖盘
2098,13:44:27,76.1,-0.08,79,601443,卖盘
2099,13:44:46,76.08,-0.02,9,68478,卖盘
2100,13:44:55,76.1,0.02,7,53266,买盘
2101,13:44:57,76.08,-0.02,1,7608,卖盘
2102,13:45:07,76.08,0.0,1,7608,买盘
2103,13:45:09,76.07,-0.01,2,15214,卖盘
2104,13:45:13,76.07,0.0,4,30430,中性盘
2105,13:45:16,76.03,-0.04,10,76038,卖盘
2106,13:45:19,76.07,0.04,5,38035,买盘
2107,13:45:22,76.0,-0.07,20,152007,卖盘
2108,13:45:30,76.0,0.0,3,22802,卖盘
2109,13:45:34,76.0,0.0,5,38000,卖盘
2110,13:45:37,76.01,0.01,2,15202,买盘
2111,13:45:40,76.0,-0.01,6,45600,卖盘
2112,13:45:43,76.0,0.0,1,7600,卖盘
2113,13:45:46,76.0,0.0,18,136800,卖盘
2114,13:45:52,75.99,-0.01,1,7599,卖盘
2115,13:45:58,76.0,0.01,18,136767,买盘
2116,13:46:01,75.96,-0.04,3,22788,卖盘
2117,13:46:07,75.96,0.0,5,37977,买盘
2118,13:46:10,75.95,-0.01,4,30380,卖盘
2119,13:46:22,75.92,-0.03,2,15184,卖盘
2120,13:46:25,75.92,0.0,1,7592,买盘
2121,13:46:31,75.91,-0.01,4,30364,卖盘
2122,13:46:34,75.91,0.0,2,15182,卖盘
2123,13:46:36,75.9,-0.01,14,106260,卖盘
2124,13:46:40,75.9,0.0,7,53129,买盘
2125,13:46:42,75.9,0.0,4,30360,买盘
2126,13:46:45,75.9,0.0,5,37950,买盘
2127,13:46:49,75.88,-0.02,25,189707,卖盘
2128,13:46:52,75.88,0.0,6,45528,买盘
2129,13:46:57,75.85,-0.03,10,75851,卖盘
2130,13:47:01,75.86,0.01,7,53099,买盘
2131,13:47:10,75.85,-0.01,10,75844,买盘
2132,13:47:13,75.82,-0.03,8,60658,卖盘
2133,13:47:16,75.84,0.02,4,30334,买盘
2134,13:47:19,75.84,0.0,5,37914,买盘
2135,13:47:22,75.81,-0.03,8,60648,卖盘
2136,13:47:25,75.83,0.02,6,45495,中性盘
2137,13:47:28,75.84,0.01,111,841482,买盘
2138,13:47:31,75.84,0.0,6,45488,买盘
2139,13:47:34,75.82,-0.02,1,7582,中性盘
2140,13:47:37,75.83,0.01,10,75825,买盘
2141,13:47:40,75.83,0.0,4,30330,买盘
2142,13:47:43,75.84,0.01,25,189576,买盘
2143,13:47:46,75.84,0.0,2,15168,卖盘
2144,13:47:49,75.84,0.0,3,22752,卖盘
2145,13:47:52,75.84,0.0,1,7584,卖盘
2146,13:47:55,75.84,0.0,2,15168,卖盘
2147,13:48:04,75.84,0.0,3,22752,买盘
2148,13:48:07,75.84,0.0,2,15167,买盘
2149,13:48:09,75.83,-0.01,7,53084,卖盘
2150,13:48:13,75.84,0.01,7,53084,买盘
2151,13:48:16,75.84,0.0,1,7584,买盘
2152,13:48:19,75.85,0.01,6,45502,买盘
2153,13:48:22,75.84,-0.01,3,22753,卖盘
2154,13:48:25,75.84,0.0,11,83424,卖盘
2155,13:48:28,75.86,0.02,4,30343,买盘
2156,13:48:31,75.86,0.0,1,7586,卖盘
2157,13:48:37,75.88,0.02,5,37940,买盘
2158,13:48:42,75.88,0.0,10,75880,买盘
2159,13:48:46,75.86,-0.02,2,15174,卖盘
2160,13:48:52,75.88,0.02,6,45526,买盘
2161,13:48:55,75.88,0.0,2,15176,卖盘
2162,13:49:04,75.9,0.02,1,7590,买盘
2163,13:49:07,75.9,0.0,10,75900,买盘
2164,13:49:21,75.96,0.06,1,7596,买盘
2165,13:49:31,75.96,0.0,5,37980,卖盘
2166,13:49:40,75.96,0.0,7,53172,卖盘
2167,13:49:43,75.96,0.0,9,68384,卖盘
2168,13:49:54,76.08,0.12,2,15210,买盘
2169,13:49:57,76.0,-0.08,2,15202,卖盘
2170,13:50:16,76.02,0.02,2,15204,卖盘
2171,13:50:31,76.02,0.0,2,15204,买盘
2172,13:50:36,76.0,-0.02,3,22800,卖盘
2173,13:50:40,76.0,0.0,1,7600,买盘
2174,13:50:42,76.0,0.0,2,15200,买盘
2175,13:50:46,75.98,-0.02,3,22802,卖盘
2176,13:51:01,75.98,0.0,2,15196,买盘
2177,13:51:04,75.97,-0.01,1,7597,卖盘
2178,13:51:10,75.97,0.0,3,22792,卖盘
2179,13:51:13,75.97,0.0,2,15194,中性盘
2180,13:51:19,75.97,0.0,1,7597,卖盘
2181,13:51:22,75.97,0.0,2,15195,卖盘
2182,13:51:25,75.96,-0.01,4,30386,卖盘
2183,13:51:28,75.95,-0.01,9,68364,卖盘
2184,13:51:31,75.98,0.03,1,7598,卖盘
2185,13:51:34,75.98,0.0,2,15197,卖盘
2186,13:51:37,76.0,0.02,1,7600,买盘
2187,13:51:40,75.98,-0.02,14,106378,卖盘
2188,13:51:43,76.0,0.02,2,15200,买盘
2189,13:51:46,76.07,0.07,2,15214,买盘
2190,13:51:49,76.07,0.0,2,15214,买盘
2191,13:51:52,76.0,-0.07,1,7600,卖盘
2192,13:51:55,76.0,0.0,3,22802,卖盘
2193,13:52:01,76.01,0.01,2,15202,卖盘
2194,13:52:10,76.01,0.0,2,15202,买盘
2195,13:52:13,76.0,-0.01,6,45604,卖盘
2196,13:52:19,76.08,0.08,8,60839,买盘
2197,13:52:28,76.08,0.0,1,7608,买盘
2198,13:52:31,76.08,0.0,3,22824,买盘
2199,13:52:43,76.1,0.02,2,15218,买盘
2200,13:52:52,76.1,0.0,2,15221,卖盘
2201,13:52:58,76.14,0.04,1,7614,买盘
2202,13:53:01,76.19,0.05,15,114265,买盘
2203,13:53:04,76.17,-0.02,4,30468,卖盘
2204,13:53:10,76.18,0.01,1,7618,买盘
2205,13:53:15,76.18,0.0,6,45708,买盘
2206,13:53:25,76.21,0.03,2,15242,买盘
2207,13:53:28,76.24,0.03,5,38117,买盘
2208,13:53:31,76.3,0.06,1,7630,买盘
2209,13:53:37,76.3,0.0,1,7630,买盘
2210,13:53:40,76.3,0.0,14,106819,买盘
2211,13:53:43,76.3,0.0,10,76300,卖盘
2212,13:53:49,76.35,0.05,3,22905,买盘
2213,13:53:55,76.36,0.01,2,15271,买盘
2214,13:54:04,76.36,0.0,6,45816,卖盘
2215,13:54:07,76.4,0.04,2,15280,买盘
2216,13:54:10,76.36,-0.04,2,15272,中性盘
2217,13:54:16,76.35,-0.01,6,45815,卖盘
2218,13:54:19,76.35,0.0,2,15270,买盘
2219,13:54:22,76.4,0.05,8,61106,买盘
2220,13:54:28,76.4,0.0,1,7640,买盘
2221,13:54:31,76.35,-0.05,14,106923,卖盘
2222,13:54:36,76.4,0.05,1,7640,买盘
2223,13:54:45,76.35,-0.05,3,22915,卖盘
2224,13:54:58,76.35,0.0,1,7635,卖盘
2225,13:55:04,76.35,0.0,1,7635,买盘
2226,13:55:06,76.37,0.02,3,22911,买盘
2227,13:55:10,76.35,-0.02,1,7635,卖盘
2228,13:55:13,76.35,0.0,1,7635,卖盘
2229,13:55:16,76.35,0.0,1,7635,卖盘
2230,13:55:19,76.35,0.0,7,53445,卖盘
2231,13:55:22,76.35,0.0,5,38175,买盘
2232,13:55:28,76.37,0.02,7,53453,买盘
2233,13:55:42,76.37,0.0,4,30548,卖盘
2234,13:55:46,76.37,0.0,5,38185,中性盘
2235,13:55:49,76.37,0.0,2,15274,买盘
2236,13:55:54,76.37,0.0,4,30548,买盘
2237,13:56:01,76.36,-0.01,10,76337,买盘
2238,13:56:10,76.36,0.0,2,15272,买盘
2239,13:56:13,76.33,-0.03,1,7633,卖盘
2240,13:56:21,76.32,-0.01,6,45799,卖盘
2241,13:56:37,76.32,0.0,2,15264,卖盘
2242,13:56:43,76.33,0.01,9,68696,买盘
2243,13:56:46,76.33,0.0,38,290054,卖盘
2244,13:56:49,76.33,0.0,6,45798,卖盘
2245,13:56:58,76.36,0.03,1,7636,买盘
2246,13:57:01,76.37,0.01,1,7637,买盘
2247,13:57:04,76.36,-0.01,1,7636,卖盘
2248,13:57:15,76.38,0.02,5,38189,买盘
2249,13:57:25,76.38,0.0,7,53456,买盘
2250,13:57:28,76.35,-0.03,1,7635,卖盘
2251,13:57:52,76.36,0.01,2,15272,卖盘
2252,13:58:01,76.35,-0.01,1,7635,卖盘
2253,13:58:04,76.35,0.0,1,7635,卖盘
2254,13:58:07,76.36,0.01,6,45814,买盘
2255,13:58:09,76.36,0.0,13,99268,卖盘
2256,13:58:13,76.33,-0.03,72,549587,卖盘
2257,13:58:15,76.36,0.03,5,38180,卖盘
2258,13:58:18,76.3,-0.06,30,228953,卖盘
2259,13:58:24,76.3,0.0,11,83930,买盘
2260,13:58:28,76.3,0.0,6,45780,买盘
2261,13:58:34,76.33,0.03,2,15263,买盘
2262,13:58:40,76.21,-0.12,6,45726,卖盘
2263,13:58:46,76.21,0.0,2,15242,买盘
2264,13:59:01,76.21,0.0,2,15242,卖盘
2265,13:59:19,76.21,0.0,4,30484,买盘
2266,13:59:34,76.18,-0.03,1,7618,卖盘
2267,13:59:55,76.18,0.0,14,106652,卖盘
2268,14:00:01,76.2,0.02,2,15240,卖盘
2269,14:00:06,76.2,0.0,1,7620,卖盘
2270,14:00:16,76.2,0.0,3,22860,卖盘
2271,14:00:37,76.18,-0.02,1,7618,卖盘
2272,14:00:46,76.1,-0.08,5,38056,卖盘
2273,14:00:58,76.18,0.08,4,30472,买盘
2274,14:01:07,76.18,0.0,1,7618,买盘
2275,14:01:13,76.18,0.0,3,22854,卖盘
2276,14:01:22,76.18,0.0,3,22854,卖盘
2277,14:01:31,76.14,-0.04,2,15228,买盘
2278,14:01:33,76.02,-0.12,14,106508,卖盘
2279,14:01:46,76.01,-0.01,3,22804,卖盘
2280,14:01:52,76.03,0.02,1,7603,卖盘
2281,14:01:55,76.01,-0.02,13,98817,卖盘
2282,14:01:58,76.0,-0.01,16,121600,卖盘
2283,14:02:04,76.0,0.0,2,15199,买盘
2284,14:02:10,76.0,0.0,4,30400,买盘
2285,14:02:13,76.0,0.0,2,15200,卖盘
2286,14:02:16,76.0,0.0,3,22800,卖盘
2287,14:02:25,76.0,0.0,5,38000,卖盘
2288,14:02:30,76.0,0.0,2,15200,卖盘
2289,14:02:34,75.98,-0.02,8,60785,卖盘
2290,14:02:46,75.98,0.0,1,7598,卖盘
2291,14:02:52,75.98,0.0,38,288593,买盘
2292,14:02:58,75.97,-0.01,27,205093,买盘
2293,14:03:04,75.9,-0.07,20,151800,卖盘
2294,14:03:07,75.9,0.0,5,37950,买盘
2295,14:03:10,75.9,0.0,3,22770,买盘
2296,14:03:16,75.88,-0.02,1,7588,卖盘
2297,14:03:19,75.84,-0.04,21,159336,卖盘
2298,14:03:22,75.9,0.06,5,37950,买盘
2299,14:03:25,75.83,-0.07,6,45500,卖盘
2300,14:03:31,75.81,-0.02,30,227456,卖盘
2301,14:03:33,75.83,0.02,18,136458,买盘
2302,14:03:40,75.8,-0.03,30,227418,卖盘
2303,14:03:43,75.81,0.01,1,7581,中性盘
2304,14:03:46,75.8,-0.01,4,30320,卖盘
2305,14:03:49,75.8,0.0,2,15160,卖盘
2306,14:03:52,75.77,-0.03,27,204617,卖盘
2307,14:03:55,75.8,0.03,13,98540,中性盘
2308,14:04:01,75.8,0.0,10,75770,买盘
2309,14:04:04,75.76,-0.04,7,53032,卖盘
2310,14:04:06,75.75,-0.01,8,60609,卖盘
2311,14:04:10,75.77,0.02,1,7577,中性盘
2312,14:04:13,75.77,0.0,1,7577,买盘
2313,14:04:16,75.78,0.01,9,68192,买盘
2314,14:04:18,75.74,-0.04,12,90914,卖盘
2315,14:04:21,75.75,0.01,2,15150,中性盘
2316,14:04:25,75.73,-0.02,13,98482,卖盘
2317,14:04:27,75.76,0.03,6,45461,卖盘
2318,14:04:31,75.73,-0.03,13,98443,中性盘
2319,14:04:33,75.73,0.0,6,45438,买盘
2320,14:04:37,75.78,0.05,37,280175,买盘
2321,14:04:42,75.74,-0.04,8,60604,卖盘
2322,14:04:46,75.78,0.04,1,7578,买盘
2323,14:04:52,75.8,0.02,2,15160,买盘
2324,14:05:00,75.78,-0.02,2,15156,卖盘
2325,14:05:04,75.8,0.02,4,30320,买盘
2326,14:05:06,75.81,0.01,20,151620,买盘
2327,14:05:13,75.8,-0.01,17,128870,卖盘
2328,14:05:19,75.83,0.03,2,15166,买盘
2329,14:05:28,75.88,0.05,1,7588,买盘
2330,14:05:34,75.88,0.0,4,30352,买盘
2331,14:05:37,75.88,0.0,3,22764,买盘
2332,14:05:40,75.85,-0.03,4,30340,卖盘
2333,14:05:49,75.85,0.0,7,53095,买盘
2334,14:05:52,75.85,0.0,6,45510,买盘
2335,14:05:58,75.84,-0.01,17,128939,卖盘
2336,14:06:01,75.84,0.0,6,45504,买盘
2337,14:06:06,75.84,0.0,19,144096,买盘
2338,14:06:09,75.84,0.0,36,272990,买盘
2339,14:06:13,75.84,0.0,7,53998,买盘
2340,14:06:16,75.84,0.0,5,37924,卖盘
2341,14:06:22,75.84,0.0,2,15168,卖盘
2342,14:06:25,75.87,0.03,1,7587,买盘
2343,14:06:34,75.84,-0.03,13,98601,卖盘
2344,14:06:36,75.9,0.06,1,7590,买盘
2345,14:06:39,75.86,-0.04,3,22756,中性盘
2346,14:06:43,75.9,0.04,1,7590,买盘
2347,14:06:49,75.84,-0.06,11,83451,卖盘
2348,14:06:52,75.9,0.06,2,15180,买盘
2349,14:06:55,75.9,0.0,1,7590,买盘
2350,14:07:01,75.9,0.0,3,19734,买盘
2351,14:07:04,75.84,-0.06,5,37940,卖盘
2352,14:07:07,75.85,0.01,6,45515,中性盘
2353,14:07:12,75.95,0.1,1,7595,买盘
2354,14:07:16,75.95,0.0,2,15190,卖盘
2355,14:07:55,75.96,0.01,2,15193,卖盘
2356,14:07:58,75.96,0.0,1,7596,买盘
2357,14:08:07,76.03,0.07,278,2113463,买盘
2358,14:08:16,76.2,0.17,5,38036,买盘
2359,14:08:22,76.2,0.0,18,137160,卖盘
2360,14:08:25,76.2,0.0,2,15240,买盘
2361,14:08:34,76.2,0.0,11,83820,买盘
2362,14:08:58,76.19,-0.01,1,7619,买盘
2363,14:09:01,76.06,-0.13,4,30424,卖盘
2364,14:09:15,76.08,0.02,2,15216,卖盘
2365,14:09:28,76.08,0.0,7,53256,卖盘
2366,14:09:42,76.08,0.0,2,15215,买盘
2367,14:09:46,76.07,-0.01,1,7607,卖盘
2368,14:09:58,76.03,-0.04,33,250958,卖盘
2369,14:10:04,76.07,0.04,4,30419,买盘
2370,14:10:12,76.07,0.0,1,7607,买盘
2371,14:10:18,76.07,0.0,7,53249,买盘
2372,14:10:34,76.05,-0.02,6,45630,卖盘
2373,14:10:37,76.07,0.02,1,7607,买盘
2374,14:10:39,76.07,0.0,3,22821,买盘
2375,14:10:43,76.08,0.01,6,45644,买盘
2376,14:10:46,76.07,-0.01,1,7607,买盘
2377,14:10:49,76.07,0.0,2,15214,卖盘
2378,14:10:55,76.13,0.06,1,7613,买盘
2379,14:11:01,76.08,-0.05,2,15221,卖盘
2380,14:11:06,76.08,0.0,3,22824,买盘
2381,14:11:19,76.2,0.12,3,22860,买盘
2382,14:11:34,76.19,-0.01,2,15238,卖盘
2383,14:11:37,76.19,0.0,1,7619,买盘
2384,14:11:52,76.08,-0.11,5,38040,卖盘
2385,14:11:55,76.19,0.11,2,15236,买盘
2386,14:11:58,76.19,0.0,2,15238,买盘
2387,14:12:01,76.19,0.0,1,7619,买盘
2388,14:12:16,76.17,-0.02,2,15234,卖盘
2389,14:12:31,76.09,-0.08,2,15218,卖盘
2390,14:12:34,76.09,0.0,1,7609,买盘
2391,14:12:46,76.08,-0.01,1,7608,卖盘
2392,14:12:48,76.09,0.01,5,38045,买盘
2393,14:12:52,76.09,0.0,12,92830,买盘
2394,14:12:58,76.09,0.0,1,7609,卖盘
2395,14:13:01,76.16,0.07,4,30462,买盘
2396,14:13:06,76.09,-0.07,10,76090,卖盘
2397,14:13:13,76.15,0.06,1,7615,卖盘
2398,14:13:15,76.1,-0.05,4,30440,中性盘
2399,14:13:37,76.1,0.0,2,15220,卖盘
2400,14:13:40,76.1,0.0,2,15225,卖盘
2401,14:13:43,76.14,0.04,1,7614,买盘
2402,14:13:52,76.1,-0.04,1,7610,卖盘
2403,14:13:55,76.1,0.0,5,38050,卖盘
2404,14:13:57,76.1,0.0,5,38050,卖盘
2405,14:14:00,76.14,0.04,1,7614,买盘
2406,14:14:04,76.1,-0.04,1,7610,卖盘
2407,14:14:06,76.1,0.0,1,7610,卖盘
2408,14:14:13,76.1,0.0,3,22830,卖盘
2409,14:14:19,76.1,0.0,5,38050,卖盘
2410,14:14:22,76.1,0.0,4,30440,买盘
2411,14:14:28,76.1,0.0,1,7610,买盘
2412,14:14:31,76.09,-0.01,3,22827,卖盘
2413,14:14:34,76.09,0.0,1,7609,卖盘
2414,14:14:37,76.08,-0.01,6,45652,卖盘
2415,14:14:48,76.08,0.0,12,89774,卖盘
2416,14:15:07,76.07,-0.01,1,7607,卖盘
2417,14:15:15,76.07,0.0,1,7607,卖盘
2418,14:15:21,76.08,0.01,6,45648,买盘
2419,14:15:25,76.08,0.0,3,22824,买盘
2420,14:15:28,76.07,-0.01,1,7607,卖盘
2421,14:15:30,76.07,0.0,3,22821,卖盘
2422,14:15:37,76.07,0.0,1,7607,卖盘
2423,14:15:49,76.06,-0.01,1,7606,卖盘
2424,14:15:52,76.06,0.0,4,30424,卖盘
2425,14:15:57,76.07,0.01,3,22821,买盘
2426,14:16:04,76.07,0.0,3,22821,卖盘
2427,14:16:10,76.08,0.01,5,38040,买盘
2428,14:16:13,76.08,0.0,1,9130,买盘
2429,14:16:15,76.07,-0.01,11,82160,卖盘
2430,14:16:18,76.06,-0.01,4,30424,卖盘
2431,14:16:28,76.07,0.01,5,38035,买盘
2432,14:16:34,76.06,-0.01,8,60848,卖盘
2433,14:16:37,76.05,-0.01,3,22815,卖盘
2434,14:16:55,76.04,-0.01,8,60835,卖盘
2435,14:16:58,76.04,0.0,3,22812,卖盘
2436,14:17:04,76.05,0.01,3,22815,买盘
2437,14:17:07,76.05,0.0,4,30420,买盘
2438,14:17:10,76.05,0.0,4,30420,买盘
2439,14:17:28,76.05,0.0,5,38025,卖盘
2440,14:17:31,76.05,0.0,5,38025,卖盘
2441,14:17:34,76.03,-0.02,23,174884,卖盘
2442,14:17:37,76.06,0.03,1,7606,买盘
2443,14:17:43,76.03,-0.03,1,7603,卖盘
2444,14:17:46,76.05,0.02,5,38025,买盘
2445,14:17:49,76.03,-0.02,5,38015,卖盘
2446,14:17:51,76.04,0.01,1,7604,卖盘
2447,14:17:55,76.03,-0.01,2,15206,卖盘
2448,14:17:58,76.05,0.02,5,38025,买盘
2449,14:18:01,76.03,-0.02,3,22810,卖盘
2450,14:18:04,76.03,0.0,1,7603,卖盘
2451,14:18:07,76.03,0.0,20,152063,卖盘
2452,14:18:10,76.03,0.0,8,60824,卖盘
2453,14:18:19,76.03,0.0,10,76031,卖盘
2454,14:18:21,76.03,0.0,9,68427,卖盘
2455,14:18:25,76.03,0.0,6,45619,卖盘
2456,14:18:28,76.03,0.0,93,707079,卖盘
2457,14:18:34,76.0,-0.03,2,15200,卖盘
2458,14:18:36,76.03,0.03,1,7603,买盘
2459,14:18:40,76.0,-0.03,10,76000,卖盘
2460,14:18:43,76.03,0.03,17,129224,买盘
2461,14:18:46,76.0,-0.03,9,68400,卖盘
2462,14:18:49,76.0,0.0,2,15200,卖盘
2463,14:18:55,76.0,0.0,2,15202,卖盘
2464,14:18:58,76.0,0.0,4,30400,卖盘
2465,14:19:04,76.0,0.0,10,76000,卖盘
2466,14:19:07,76.0,0.0,2,15200,卖盘
2467,14:19:10,76.0,0.0,30,228001,卖盘
2468,14:19:16,76.0,0.0,4,30400,买盘
2469,14:19:31,75.95,-0.05,6,45591,卖盘
2470,14:19:34,75.95,0.0,1,7595,买盘
2471,14:19:37,75.95,0.0,2,15190,买盘
2472,14:19:40,75.92,-0.03,2,15184,卖盘
2473,14:19:43,75.88,-0.04,3,22768,卖盘
2474,14:19:48,75.88,0.0,7,53116,卖盘
2475,14:19:55,75.88,0.0,5,37940,买盘
2476,14:19:58,75.86,-0.02,1,7586,卖盘
2477,14:20:01,75.85,-0.01,65,493027,卖盘
2478,14:20:04,75.85,0.0,15,113775,买盘
2479,14:20:07,75.85,0.0,6,45510,买盘
2480,14:20:10,75.85,0.0,20,151685,买盘
2481,14:20:13,75.85,0.0,3,22753,买盘
2482,14:20:16,75.84,-0.01,32,244797,卖盘
2483,14:20:19,75.82,-0.02,2,15164,卖盘
2484,14:20:22,75.84,0.02,1,7584,买盘
2485,14:20:28,75.8,-0.04,30,227413,卖盘
2486,14:20:31,75.84,0.04,16,121334,买盘
2487,14:20:34,75.84,0.0,4,28212,买盘
2488,14:20:37,75.84,0.0,3,22754,卖盘
2489,14:20:40,75.84,0.0,2,15168,卖盘
2490,14:20:43,75.85,0.01,12,91020,买盘
2491,14:20:46,75.84,-0.01,40,305521,卖盘
2492,14:20:49,75.85,0.01,26,197209,卖盘
2493,14:20:52,75.85,0.0,7,53095,买盘
2494,14:20:55,75.85,0.0,20,151695,买盘
2495,14:20:58,75.88,0.03,22,166906,买盘
2496,14:21:04,75.87,-0.01,6,45527,卖盘
2497,14:21:07,75.9,0.03,1,7590,买盘
2498,14:21:10,75.9,0.0,1,7590,买盘
2499,14:21:13,75.92,0.02,101,766239,买盘
2500,14:21:16,75.84,-0.08,26,197184,中性盘
2501,14:21:19,75.84,0.0,14,106176,买盘
2502,14:21:22,75.84,0.0,7,53088,买盘
2503,14:21:25,75.84,0.0,45,341280,买盘
2504,14:21:27,75.84,0.0,10,75838,买盘
2505,14:21:37,75.89,0.05,3,22763,买盘
2506,14:21:43,75.85,-0.04,11,83442,卖盘
2507,14:21:46,75.89,0.04,2,15178,买盘
2508,14:21:49,75.89,0.0,1,7589,买盘
2509,14:21:52,75.92,0.03,3,22770,买盘
2510,14:21:55,75.86,-0.06,10,75887,卖盘
2511,14:22:07,75.92,0.06,4,30368,买盘
2512,14:22:10,75.92,0.0,1,7592,买盘
2513,14:22:13,75.89,-0.03,3,22782,卖盘
2514,14:22:22,76.02,0.13,5,36788,买盘
2515,14:22:28,76.02,0.0,1,7602,卖盘
2516,14:22:31,76.02,0.0,1,7602,卖盘
2517,14:22:34,76.03,0.01,35,266011,买盘
2518,14:22:36,76.03,0.0,6,45618,买盘
2519,14:22:46,76.03,0.0,10,76030,卖盘
2520,14:22:49,76.05,0.02,12,91252,买盘
2521,14:22:52,76.06,0.01,1,7606,买盘
2522,14:23:07,76.08,0.01,2,15216,买盘
2523,14:23:10,76.08,0.0,1,7608,买盘
2524,14:23:13,76.08,0.0,1,7608,买盘
2525,14:23:16,76.09,0.01,3,22826,买盘
2526,14:23:25,76.08,-0.01,2,15216,卖盘
2527,14:23:31,76.09,0.01,1,7609,卖盘
2528,14:23:37,76.15,0.06,1,7615,买盘
2529,14:23:46,76.15,0.0,2,15230,卖盘
2530,14:23:52,76.19,0.04,5,38091,买盘
2531,14:23:58,76.2,0.01,2,15240,买盘
2532,14:24:10,76.2,0.0,6,45720,买盘
2533,14:24:12,76.2,0.0,1,7620,卖盘
2534,14:24:19,76.21,0.01,6,45726,买盘
2535,14:24:22,76.24,0.03,5,38120,卖盘
2536,14:24:25,76.24,0.0,3,22872,卖盘
2537,14:24:33,76.29,0.05,3,22885,买盘
2538,14:24:36,76.28,-0.01,1,7628,中性盘
2539,14:24:49,76.29,0.01,3,22887,买盘
2540,14:24:52,76.29,0.0,2,15258,买盘
2541,14:24:55,76.3,0.01,1,7630,买盘
2542,14:24:58,76.29,-0.01,1,7629,中性盘
2543,14:25:01,76.29,0.0,3,22888,卖盘
2544,14:25:04,76.29,0.0,7,53403,卖盘
2545,14:25:07,76.3,0.01,8,61040,买盘
2546,14:25:10,76.3,0.0,1,7630,卖盘
2547,14:25:16,76.29,-0.01,5,38146,卖盘
2548,14:25:18,76.28,-0.01,30,228840,卖盘
2549,14:25:21,76.28,0.0,3,22883,买盘
2550,14:25:28,76.26,-0.02,3,22882,卖盘
2551,14:25:34,76.24,-0.02,2,15248,卖盘
2552,14:25:43,76.24,0.0,3,22872,卖盘
2553,14:25:46,76.24,0.0,5,38120,卖盘
2554,14:25:52,76.24,0.0,3,22871,买盘
2555,14:26:01,76.2,-0.04,2,15240,卖盘
2556,14:26:07,76.2,0.0,2,15240,卖盘
2557,14:26:09,76.24,0.04,3,22872,买盘
2558,14:26:22,76.2,-0.04,3,22860,卖盘
2559,14:26:28,76.24,0.04,2,15248,买盘
2560,14:26:39,76.2,-0.04,11,83820,卖盘
2561,14:26:43,76.2,0.0,1,7620,买盘
2562,14:26:46,76.18,-0.02,1,7618,卖盘
2563,14:26:52,76.18,0.0,2,15236,买盘
2564,14:26:58,76.16,-0.02,2,15234,卖盘
2565,14:27:04,76.18,0.02,4,30474,卖盘
2566,14:27:09,76.18,0.0,1,7618,买盘
2567,14:27:12,76.16,-0.02,1,7616,卖盘
2568,14:27:28,76.15,-0.01,3,22846,卖盘
2569,14:27:36,76.16,0.01,1,7616,卖盘
2570,14:27:40,76.15,-0.01,1,7615,卖盘
2571,14:27:46,76.15,0.0,5,38075,买盘
2572,14:27:55,76.11,-0.04,5,38066,卖盘
2573,14:28:00,76.15,0.04,2,15230,买盘
2574,14:28:16,76.1,-0.05,2,15225,卖盘
2575,14:28:19,76.1,0.0,6,45660,买盘
2576,14:28:21,76.15,0.05,3,25891,买盘
2577,14:28:25,76.15,0.0,4,30460,卖盘
2578,14:28:33,76.15,0.0,11,83770,卖盘
2579,14:28:40,76.17,0.02,1,7617,买盘
2580,14:28:52,76.18,0.01,1,7618,买盘
2581,14:28:58,76.17,-0.01,5,38085,卖盘
2582,14:29:01,76.17,0.0,5,38086,卖盘
2583,14:29:10,76.18,0.01,5,38090,买盘
2584,14:29:24,76.18,0.0,2,15236,买盘
2585,14:29:34,76.18,0.0,3,22854,卖盘
2586,14:29:43,76.2,0.02,3,22860,买盘
2587,14:30:01,76.23,0.03,13,99099,买盘
2588,14:30:04,76.24,0.01,14,106736,买盘
2589,14:30:07,76.23,-0.01,7,53365,卖盘
2590,14:30:13,76.23,0.0,2,15247,卖盘
2591,14:30:19,76.27,0.04,1,7627,买盘
2592,14:30:25,76.26,-0.01,5,38134,卖盘
2593,14:30:28,76.32,0.06,20,152600,买盘
2594,14:30:37,76.3,-0.02,1,7630,买盘
2595,14:30:40,76.28,-0.02,8,61032,卖盘
2596,14:30:48,76.3,0.02,7,53410,卖盘
2597,14:30:52,76.32,0.02,19,144987,买盘
2598,14:30:55,76.32,0.0,2,15264,买盘
2599,14:30:58,76.32,0.0,7,53424,买盘
2600,14:31:01,76.32,0.0,2,15264,买盘
2601,14:31:07,76.35,0.03,1,7635,买盘
2602,14:31:19,76.38,0.03,6,45827,买盘
2603,14:31:21,76.39,0.01,8,61112,买盘
2604,14:31:31,76.4,0.01,21,160440,买盘
2605,14:31:34,76.4,0.0,2,15280,卖盘
2606,14:31:46,76.42,0.02,1,7642,买盘
2607,14:31:52,76.42,0.0,1,7642,买盘
2608,14:31:58,76.4,-0.02,7,53490,卖盘
2609,14:32:01,76.44,0.04,1,7644,买盘
2610,14:32:04,76.43,-0.01,2,15286,卖盘
2611,14:32:10,76.45,0.02,3,22931,买盘
2612,14:32:13,76.46,0.01,17,129964,买盘
2613,14:32:18,76.45,-0.01,2,15289,买盘
2614,14:32:28,76.4,-0.05,18,132993,卖盘
2615,14:32:31,76.45,0.05,3,22935,买盘
2616,14:32:34,76.45,0.0,3,22935,买盘
2617,14:32:37,76.45,0.0,5,38225,买盘
2618,14:32:40,76.45,0.0,1,7645,买盘
2619,14:32:43,76.45,0.0,6,47399,买盘
2620,14:32:46,76.45,0.0,1,7645,卖盘
2621,14:32:49,76.45,0.0,36,275294,卖盘
2622,14:32:55,76.45,0.0,13,99387,卖盘
2623,14:33:01,76.46,0.01,2,15292,买盘
2624,14:33:07,76.48,0.02,1,7648,买盘
2625,14:33:10,76.45,-0.03,6,45871,卖盘
2626,14:33:16,76.47,0.02,1,7647,中性盘
2627,14:33:21,76.48,0.01,10,76474,买盘
2628,14:33:25,76.48,0.0,1,7648,买盘
2629,14:33:28,76.47,-0.01,1,7647,买盘
2630,14:33:34,76.47,0.0,4,30588,卖盘
2631,14:33:37,76.47,0.0,4,30588,卖盘
2632,14:33:46,76.45,-0.02,4,30580,卖盘
2633,14:33:49,76.47,0.02,4,30588,买盘
2634,14:33:52,76.45,-0.02,15,114675,卖盘
2635,14:33:55,76.45,0.0,22,166701,卖盘
2636,14:33:58,76.45,0.0,2,16819,买盘
2637,14:34:00,76.47,0.02,1,6118,买盘
2638,14:34:04,76.45,-0.02,2,15290,买盘
2639,14:34:13,76.45,0.0,10,76422,买盘
2640,14:34:25,76.42,-0.03,2,15284,卖盘
2641,14:34:27,76.42,0.0,5,38210,卖盘
2642,14:34:43,76.41,-0.01,26,204320,卖盘
2643,14:34:46,76.42,0.01,2,15284,买盘
2644,14:34:49,76.41,-0.01,19,145214,卖盘
2645,14:34:55,76.46,0.05,4,24916,买盘
2646,14:34:58,76.41,-0.05,3,22923,买盘
2647,14:35:00,76.44,0.03,1,7644,卖盘
2648,14:35:04,76.44,0.0,1,7644,卖盘
2649,14:35:09,76.45,0.01,1,7645,买盘
2650,14:35:12,76.44,-0.01,5,38220,卖盘
2651,14:35:19,76.44,0.0,1,7644,卖盘
2652,14:35:25,76.45,0.01,4,30578,买盘
2653,14:35:28,76.44,-0.01,3,22932,卖盘
2654,14:35:31,76.44,0.0,17,129948,卖盘
2655,14:35:37,76.44,0.0,1,7644,买盘
2656,14:35:40,76.42,-0.02,1,7642,卖盘
2657,14:35:46,76.41,-0.01,2,15283,卖盘
2658,14:35:49,76.44,0.03,12,91689,买盘
2659,14:35:52,76.4,-0.04,9,68766,卖盘
2660,14:35:55,76.4,0.0,4,30560,卖盘
2661,14:36:01,76.4,0.0,3,22923,卖盘
2662,14:36:04,76.39,-0.01,3,27502,卖盘
2663,14:36:07,76.4,0.01,1,7640,买盘
2664,14:36:10,76.4,0.0,1,7640,买盘
2665,14:36:13,76.4,0.0,3,22920,买盘
2666,14:36:16,76.36,-0.04,1,7636,卖盘
2667,14:36:22,76.35,-0.01,1,7635,卖盘
2668,14:36:25,76.35,0.0,1,7635,卖盘
2669,14:36:28,76.35,0.0,26,198532,卖盘
2670,14:36:34,76.36,0.01,1,7636,买盘
2671,14:36:40,76.35,-0.01,14,106890,卖盘
2672,14:36:55,76.35,0.0,3,22906,卖盘
2673,14:36:57,76.35,0.0,2,15270,卖盘
2674,14:37:01,76.35,0.0,9,68715,卖盘
2675,14:37:06,76.35,0.0,1,7635,买盘
2676,14:37:09,76.2,-0.15,24,182998,卖盘
2677,14:37:16,76.2,0.0,2,15240,买盘
2678,14:37:18,76.18,-0.02,2,15236,卖盘
2679,14:37:24,76.2,0.02,1,7620,买盘
2680,14:37:28,76.2,0.0,1,7620,卖盘
2681,14:37:31,76.2,0.0,1,7620,中性盘
2682,14:37:46,76.18,-0.02,5,38091,卖盘
2683,14:37:49,76.2,0.02,2,15238,买盘
2684,14:37:52,76.2,0.0,1,7620,买盘
2685,14:37:55,76.2,0.0,2,15240,买盘
2686,14:37:57,76.09,-0.11,28,213177,卖盘
2687,14:38:10,76.08,-0.01,8,60864,卖盘
2688,14:38:16,76.08,0.0,1,7608,卖盘
2689,14:38:19,76.08,0.0,2,15216,卖盘
2690,14:38:21,76.09,0.01,6,45654,买盘
2691,14:38:25,76.08,-0.01,11,83688,卖盘
2692,14:38:28,76.08,0.0,1,7608,卖盘
2693,14:38:37,76.08,0.0,24,182532,买盘
2694,14:38:46,76.07,-0.01,1,7607,买盘
2695,14:38:55,76.03,-0.04,4,30414,卖盘
2696,14:38:58,76.03,0.0,3,22809,卖盘
2697,14:39:00,76.07,0.04,5,38035,买盘
2698,14:39:04,76.03,-0.04,2,15206,卖盘
2699,14:39:09,76.03,0.0,1,7603,买盘
2700,14:39:16,76.02,-0.01,2,15204,卖盘
2701,14:39:18,76.03,0.01,21,159644,买盘
2702,14:39:21,76.03,0.0,1,7603,卖盘
2703,14:39:40,76.07,0.04,2,15214,买盘
2704,14:39:49,76.07,0.0,18,136931,卖盘
2705,14:39:52,76.04,-0.03,12,91281,卖盘
2706,14:39:58,76.07,0.03,1,7607,买盘
2707,14:40:01,76.08,0.01,1,7608,卖盘
2708,14:40:04,76.09,0.01,11,83699,买盘
2709,14:40:16,76.08,-0.01,2,15216,卖盘
2710,14:40:19,76.09,0.01,9,65437,买盘
2711,14:40:22,76.12,0.03,1,7612,卖盘
2712,14:40:24,76.12,0.0,3,22836,卖盘
2713,14:40:28,76.12,0.0,4,30456,卖盘
2714,14:40:31,76.12,0.0,3,22836,卖盘
2715,14:40:36,76.12,0.0,11,83733,卖盘
2716,14:40:43,76.2,0.08,34,259080,买盘
2717,14:40:48,76.04,-0.16,158,1205902,卖盘
2718,14:40:52,76.04,0.0,17,129268,买盘
2719,14:40:55,76.04,0.0,1,7604,买盘
2720,14:41:01,76.04,0.0,3,22812,买盘
2721,14:41:04,76.04,0.0,2,15208,买盘
2722,14:41:07,76.04,0.0,18,136865,买盘
2723,14:41:09,76.04,0.0,41,311764,买盘
2724,14:41:12,76.04,0.0,2,15208,买盘
2725,14:41:16,76.04,0.0,7,53228,买盘
2726,14:41:19,76.04,0.0,20,149038,买盘
2727,14:41:22,76.04,0.0,45,342180,卖盘
2728,14:41:25,76.04,0.0,20,152080,卖盘
2729,14:41:28,76.04,0.0,1,7604,卖盘
2730,14:41:31,76.04,0.0,1,7604,卖盘
2731,14:41:34,76.05,0.01,12,91260,中性盘
2732,14:41:49,76.05,0.0,9,68470,卖盘
2733,14:42:01,76.2,0.15,1,7620,买盘
2734,14:42:10,76.2,0.0,5,38048,买盘
2735,14:42:16,76.26,0.06,1,7626,买盘
2736,14:42:22,76.26,0.0,1,7626,买盘
2737,14:42:25,76.2,-0.06,5,38100,卖盘
2738,14:42:31,76.2,0.0,2,15240,买盘
2739,14:42:34,76.2,0.0,10,76176,买盘
2740,14:42:37,76.2,0.0,3,22860,买盘
2741,14:42:40,76.09,-0.11,2,15218,中性盘
2742,14:42:43,76.2,0.11,2,15240,买盘
2743,14:42:49,76.19,-0.01,1,7619,买盘
2744,14:42:55,76.2,0.01,5,38096,买盘
2745,14:42:58,76.2,0.0,2,15239,买盘
2746,14:43:01,76.2,0.0,4,30480,买盘
2747,14:43:16,76.19,-0.01,5,38095,卖盘
2748,14:43:19,76.18,-0.01,2,15236,中性盘
2749,14:43:22,76.18,0.0,1,7618,买盘
2750,14:43:31,76.11,-0.07,2,15222,卖盘
2751,14:43:36,76.18,0.07,5,38090,买盘
2752,14:43:40,76.1,-0.08,4,30442,卖盘
2753,14:43:43,76.12,0.02,2,15224,中性盘
2754,14:43:52,76.12,0.0,1,7612,卖盘
2755,14:44:01,76.12,0.0,3,22836,卖盘
2756,14:44:06,76.15,0.03,3,22845,买盘
2757,14:44:10,76.15,0.0,7,53305,卖盘
2758,14:44:13,76.15,0.0,2,15230,卖盘
2759,14:44:16,76.15,0.0,43,327466,卖盘
2760,14:44:22,76.18,0.03,13,99004,买盘
2761,14:44:31,76.15,-0.03,5,38075,买盘
2762,14:44:36,76.15,0.0,5,38075,买盘
2763,14:44:40,76.12,-0.03,4,30448,卖盘
2764,14:44:43,76.12,0.0,5,38060,买盘
2765,14:44:46,76.12,0.0,12,91344,买盘
2766,14:44:49,76.12,0.0,1,7612,买盘
2767,14:44:52,76.1,-0.02,35,269408,卖盘
2768,14:44:55,76.09,-0.01,70,532647,卖盘
2769,14:44:58,76.11,0.02,3,22833,卖盘
2770,14:45:01,76.09,-0.02,1,7609,卖盘
2771,14:45:07,76.09,0.0,3,22827,卖盘
2772,14:45:10,76.09,0.0,10,76092,卖盘
2773,14:45:13,76.09,0.0,1,7609,卖盘
2774,14:45:16,76.09,0.0,15,114138,卖盘
2775,14:45:19,76.1,0.01,42,319590,买盘
2776,14:45:22,76.1,0.0,5,38052,卖盘
2777,14:45:28,76.1,0.0,5,38050,卖盘
2778,14:45:31,76.1,0.0,2,15220,卖盘
2779,14:45:34,76.12,0.02,3,22835,买盘
2780,14:45:37,76.1,-0.02,13,98933,卖盘
2781,14:45:40,76.11,0.01,2,15222,卖盘
2782,14:45:43,76.12,0.01,5,38056,买盘
2783,14:45:46,76.11,-0.01,3,22834,卖盘
2784,14:45:49,76.12,0.01,2,15224,买盘
2785,14:45:52,76.12,0.0,1,7612,卖盘
2786,14:45:55,76.12,0.0,5,38060,卖盘
2787,14:45:58,76.17,0.05,9,68553,买盘
2788,14:46:01,76.15,-0.02,2,15232,卖盘
2789,14:46:04,76.13,-0.02,6,45678,卖盘
2790,14:46:07,76.13,0.0,10,76130,卖盘
2791,14:46:13,76.17,0.04,2,15234,买盘
2792,14:46:16,76.17,0.0,5,38072,买盘
2793,14:46:19,76.18,0.01,1,7618,买盘
2794,14:46:22,76.13,-0.05,10,76134,卖盘
2795,14:46:28,76.18,0.05,4,30469,买盘
2796,14:46:31,76.18,0.0,5,38090,买盘
