,time,price,change,volume,amount,type
0,09:25:04,30.72,0.49,624,1916928,卖盘
1,09:30:00,30.75,0.03,1,3075,买盘
2,09:30:04,30.77,0.02,983,3023857,买盘
3,09:30:06,30.78,0.01,158,488097,买盘
4,09:30:09,30.78,0.0,110,338555,卖盘
5,09:30:12,30.75,-0.03,542,1666993,卖盘
6,09:30:15,30.79,0.04,394,1212811,买盘
7,09:30:18,30.78,-0.01,62,190871,中性盘
8,09:30:21,30.78,0.0,22,67694,买盘
9,09:30:24,30.75,-0.03,51,156933,卖盘
10,09:30:27,30.78,0.03,104,320039,买盘
11,09:30:30,30.78,0.0,39,119995,买盘
12,09:30:33,30.75,-0.03,22,67662,卖盘
13,09:30:36,30.78,0.03,525,1614602,买盘
14,09:30:39,30.76,-0.02,172,529143,卖盘
15,09:30:42,30.76,0.0,86,264450,卖盘
16,09:30:45,30.77,0.01,228,701304,买盘
17,09:30:48,30.77,0.0,59,181586,卖盘
18,09:30:51,30.77,0.0,53,163092,卖盘
19,09:30:54,30.77,0.0,176,541474,卖盘
20,09:30:57,30.75,-0.02,76,233785,卖盘
21,09:31:00,30.74,-0.01,129,396720,卖盘
22,09:31:03,30.74,0.0,13,39863,买盘
23,09:31:06,30.73,-0.01,103,316519,卖盘
24,09:31:09,30.72,-0.01,80,244025,卖盘
25,09:31:12,30.71,-0.01,252,774119,卖盘
26,09:31:16,30.7,-0.01,295,905897,卖盘
27,09:31:18,30.71,0.01,37,113596,买盘
28,09:31:21,30.71,0.0,103,316225,买盘
29,09:31:24,30.7,-0.01,262,804402,卖盘
30,09:31:27,30.69,-0.01,22,67519,卖盘
31,09:31:30,30.7,0.01,56,171910,买盘
32,09:31:33,30.68,-0.02,16,49092,卖盘
33,09:31:36,30.66,-0.02,12,36812,卖盘
34,09:31:39,30.65,-0.01,48,147122,卖盘
35,09:31:42,30.63,-0.02,42,128694,卖盘
36,09:31:45,30.63,0.0,33,101079,卖盘
37,09:31:48,30.61,-0.02,16,48978,卖盘
38,09:31:51,30.6,-0.01,35,107133,卖盘
39,09:31:54,30.61,0.01,51,156054,中性盘
40,09:31:57,30.6,-0.01,12,36720,买盘
41,09:32:00,30.58,-0.02,9,27529,卖盘
42,09:32:03,30.58,0.0,71,217087,买盘
43,09:32:06,30.58,0.0,33,100912,卖盘
44,09:32:09,30.58,0.0,41,125376,买盘
45,09:32:12,30.58,0.0,120,366814,买盘
46,09:32:15,30.55,-0.03,46,140680,卖盘
47,09:32:18,30.56,0.01,8,24462,中性盘
48,09:32:21,30.55,-0.01,85,259782,卖盘
49,09:32:24,30.55,0.0,5,15275,买盘
50,09:32:27,30.56,0.01,55,168027,买盘
51,09:32:30,30.57,0.01,16,48897,买盘
52,09:32:34,30.58,0.01,77,235308,买盘
53,09:32:36,30.56,-0.02,16,48894,中性盘
54,09:32:39,30.56,0.0,28,85589,卖盘
55,09:32:42,30.57,0.01,33,100843,买盘
56,09:32:45,30.55,-0.02,9,27504,卖盘
57,09:32:48,30.57,0.02,17,51966,买盘
58,09:32:51,30.57,0.0,19,58073,买盘
59,09:32:54,30.56,-0.01,30,91681,卖盘
60,09:32:57,30.58,0.02,15,45864,买盘
61,09:33:00,30.58,0.0,2,6116,买盘
62,09:33:04,30.58,0.0,81,247688,买盘
63,09:33:06,30.58,0.0,26,79500,买盘
64,09:33:09,30.59,0.01,17,51989,买盘
65,09:33:12,30.59,0.0,41,125404,买盘
66,09:33:15,30.59,0.0,14,42826,卖盘
67,09:33:18,30.6,0.01,40,122350,买盘
68,09:33:24,30.6,0.0,15,45900,买盘
69,09:33:27,30.6,0.0,60,183651,卖盘
70,09:33:30,30.6,0.0,30,91825,卖盘
71,09:33:33,30.62,0.02,115,352006,买盘
72,09:33:36,30.61,-0.01,12,36732,卖盘
73,09:33:39,30.62,0.01,40,122480,买盘
74,09:33:42,30.62,0.0,8,24496,买盘
75,09:33:45,30.61,-0.01,133,407146,卖盘
76,09:33:48,30.61,0.0,116,355088,卖盘
77,09:33:51,30.62,0.01,48,146936,买盘
78,09:33:54,30.61,-0.01,28,85730,卖盘
79,09:33:57,30.62,0.01,119,364289,买盘
80,09:34:00,30.62,0.0,37,113248,买盘
81,09:34:04,30.62,0.0,10,30620,卖盘
82,09:34:06,30.62,0.0,44,134747,卖盘
83,09:34:09,30.63,0.01,37,113302,买盘
84,09:34:12,30.62,-0.01,50,153157,卖盘
85,09:34:15,30.64,0.02,49,150042,买盘
86,09:34:18,30.63,-0.01,43,131718,卖盘
87,09:34:21,30.63,0.0,3,9189,卖盘
88,09:34:24,30.64,0.01,65,199158,买盘
89,09:34:27,30.64,0.0,10,30632,买盘
90,09:34:30,30.63,-0.01,7,21442,卖盘
91,09:34:33,30.63,0.0,20,61263,卖盘
92,09:34:36,30.63,0.0,18,55134,买盘
93,09:34:39,30.59,-0.04,202,618356,卖盘
94,09:34:42,30.62,0.03,60,183758,中性盘
95,09:34:45,30.59,-0.03,5,15297,卖盘
96,09:34:48,30.6,0.01,19,58164,中性盘
97,09:34:51,30.59,-0.01,19,58158,卖盘
98,09:34:54,30.6,0.01,32,97893,买盘
99,09:34:57,30.58,-0.02,71,217203,卖盘
100,09:35:04,30.59,0.01,24,73428,卖盘
101,09:35:06,30.59,0.0,16,48944,卖盘
102,09:35:09,30.59,0.0,123,377909,买盘
103,09:35:13,30.58,-0.01,7,21406,卖盘
104,09:35:15,30.58,0.0,54,163358,卖盘
105,09:35:18,30.58,0.0,17,51986,买盘
106,09:35:21,30.57,-0.01,42,128394,卖盘
107,09:35:24,30.56,-0.01,47,143670,卖盘
108,09:35:30,30.56,0.0,25,76400,卖盘
109,09:35:33,30.56,0.0,20,61125,卖盘
110,09:35:36,30.54,-0.02,101,308544,卖盘
111,09:35:39,30.54,0.0,3,9162,买盘
112,09:35:42,30.54,0.0,27,82441,买盘
113,09:35:45,30.53,-0.01,41,125194,卖盘
114,09:35:48,30.54,0.01,73,222904,买盘
115,09:35:51,30.53,-0.01,30,91590,卖盘
116,09:35:54,30.53,0.0,59,180127,买盘
117,09:35:57,30.53,0.0,30,91590,卖盘
118,09:36:00,30.53,0.0,20,61056,买盘
119,09:36:04,30.52,-0.01,77,235114,卖盘
120,09:36:06,30.53,0.01,22,67155,买盘
121,09:36:09,30.53,0.0,18,54954,买盘
122,09:36:13,30.53,0.0,45,137365,买盘
123,09:36:15,30.53,0.0,26,79353,买盘
124,09:36:18,30.56,0.03,76,232052,买盘
125,09:36:21,30.53,-0.03,34,103808,卖盘
126,09:36:27,30.55,0.02,3,9165,买盘
127,09:36:30,30.55,0.0,6,18330,买盘
128,09:36:33,30.55,0.0,5,15275,卖盘
129,09:36:36,30.55,0.0,7,21385,卖盘
130,09:36:39,30.56,0.01,1,3056,买盘
131,09:36:42,30.58,0.02,57,176007,买盘
132,09:36:45,30.56,-0.02,99,302811,卖盘
133,09:36:48,30.62,0.06,61,186693,买盘
134,09:36:54,30.58,-0.04,10,30580,买盘
135,09:36:57,30.62,0.04,72,220402,买盘
136,09:37:04,30.63,0.01,2,6126,买盘
137,09:37:06,30.64,0.01,5,15317,买盘
138,09:37:09,30.63,-0.01,4,12253,卖盘
139,09:37:12,30.63,0.0,14,42895,卖盘
140,09:37:16,30.63,0.0,18,55134,卖盘
141,09:37:18,30.63,0.0,29,88842,买盘
142,09:37:21,30.62,-0.01,1,3062,卖盘
143,09:37:24,30.64,0.02,64,196040,买盘
144,09:37:27,30.63,-0.01,10,30625,中性盘
145,09:37:30,30.62,-0.01,13,39823,卖盘
146,09:37:33,30.63,0.01,1,3063,买盘
147,09:37:37,30.62,-0.01,67,205157,卖盘
148,09:37:39,30.63,0.01,30,91889,买盘
149,09:37:42,30.62,-0.01,152,465427,卖盘
150,09:37:45,30.61,-0.01,170,519258,买盘
151,09:37:48,30.62,0.01,27,82662,买盘
152,09:37:51,30.62,0.0,2,6123,买盘
153,09:37:54,30.6,-0.02,24,73458,卖盘
154,09:37:57,30.6,0.0,36,109979,买盘
155,09:38:00,30.53,-0.07,10,30530,卖盘
156,09:38:03,30.54,0.01,5,15270,买盘
157,09:38:09,30.55,0.01,1,3055,卖盘
158,09:38:13,30.55,0.0,2,6110,卖盘
159,09:38:15,30.56,0.01,4,12220,买盘
160,09:38:18,30.54,-0.02,25,76434,卖盘
161,09:38:21,30.55,0.01,2,6110,买盘
162,09:38:24,30.55,0.0,6,18330,卖盘
163,09:38:27,30.55,0.0,19,58045,卖盘
164,09:38:30,30.58,0.03,9,27516,买盘
165,09:38:33,30.55,-0.03,4,12221,卖盘
166,09:38:39,30.54,-0.01,52,158859,卖盘
167,09:38:42,30.57,0.03,5,15285,买盘
168,09:38:45,30.55,-0.02,4,12218,中性盘
169,09:38:51,30.55,0.0,42,128310,卖盘
170,09:38:54,30.55,0.0,22,67210,卖盘
171,09:38:57,30.54,-0.01,20,61080,卖盘
172,09:39:00,30.55,0.01,1,3055,买盘
173,09:39:03,30.54,-0.01,12,35182,卖盘
174,09:39:06,30.54,0.0,8,24432,卖盘
175,09:39:09,30.55,0.01,13,41172,买盘
176,09:39:12,30.54,-0.01,3,9162,中性盘
177,09:39:18,30.54,0.0,17,51926,卖盘
178,09:39:21,30.54,0.0,12,36655,卖盘
179,09:39:24,30.55,0.01,27,81006,买盘
180,09:39:27,30.55,0.0,27,83942,卖盘
181,09:39:30,30.57,0.02,67,203295,买盘
182,09:39:33,30.57,0.0,1,3057,卖盘
183,09:39:36,30.58,0.01,4,12232,买盘
184,09:39:39,30.58,0.0,30,91734,买盘
185,09:39:42,30.58,0.0,3,9174,卖盘
186,09:39:45,30.59,0.01,12,36706,买盘
187,09:39:48,30.59,0.0,30,91792,买盘
188,09:39:51,30.57,-0.02,90,275225,卖盘
189,09:39:54,30.6,0.03,90,275354,买盘
190,09:39:57,30.61,0.01,3,9181,买盘
191,09:40:00,30.58,-0.03,17,52016,卖盘
192,09:40:04,30.61,0.03,5,15305,买盘
193,09:40:09,30.6,-0.01,1,3060,中性盘
194,09:40:12,30.59,-0.01,11,33657,卖盘
195,09:40:15,30.59,0.0,3,9177,买盘
196,09:40:18,30.59,0.0,8,24472,卖盘
197,09:40:21,30.59,0.0,5,15295,卖盘
198,09:40:24,30.59,0.0,15,45890,卖盘
199,09:40:27,30.6,0.01,26,79544,买盘
200,09:40:30,30.58,-0.02,5,15290,卖盘
201,09:40:33,30.6,0.02,13,39778,买盘
202,09:40:36,30.59,-0.01,51,156009,卖盘
203,09:40:39,30.6,0.01,19,58128,买盘
204,09:40:42,30.6,0.0,20,61200,买盘
205,09:40:45,30.59,-0.01,12,36713,卖盘
206,09:40:48,30.61,0.02,26,79565,买盘
207,09:40:51,30.59,-0.02,11,33651,卖盘
208,09:40:55,30.59,0.0,2,6118,卖盘
209,09:40:57,30.58,-0.01,10,30588,卖盘
210,09:41:00,30.58,0.0,44,134581,卖盘
211,09:41:06,30.6,0.02,39,119331,买盘
212,09:41:09,30.58,-0.02,8,24464,卖盘
213,09:41:12,30.6,0.02,20,61198,买盘
214,09:41:15,30.6,0.0,19,59789,买盘
215,09:41:18,30.58,-0.02,29,88702,买盘
216,09:41:21,30.61,0.03,49,149989,买盘
217,09:41:24,30.6,-0.01,37,113247,卖盘
218,09:41:27,30.6,0.0,20,61200,买盘
219,09:41:30,30.6,0.0,11,33660,买盘
220,09:41:33,30.61,0.01,30,91830,买盘
221,09:41:39,30.6,-0.01,10,30606,卖盘
222,09:41:42,30.61,0.01,36,110196,买盘
223,09:41:45,30.6,-0.01,75,229530,卖盘
224,09:41:48,30.6,0.0,16,48960,买盘
225,09:41:51,30.59,-0.01,58,177477,卖盘
226,09:41:54,30.59,0.0,69,211118,卖盘
227,09:41:57,30.59,0.0,14,43040,卖盘
228,09:42:00,30.6,0.01,17,52020,买盘
229,09:42:04,30.61,0.01,26,79586,买盘
230,09:42:06,30.61,0.0,42,128562,卖盘
231,09:42:09,30.61,0.0,2,6122,卖盘
232,09:42:12,30.6,-0.01,46,140772,卖盘
233,09:42:15,30.61,0.01,30,91814,买盘
234,09:42:18,30.61,0.0,3,9183,买盘
235,09:42:21,30.61,0.0,4,12243,买盘
236,09:42:24,30.6,-0.01,41,125497,卖盘
237,09:42:27,30.6,0.0,37,113242,卖盘
238,09:42:31,30.6,0.0,7,21420,卖盘
239,09:42:36,30.61,0.01,18,55092,买盘
240,09:42:39,30.6,-0.01,20,61200,卖盘
241,09:42:42,30.6,0.0,4,12239,买盘
242,09:42:45,30.6,0.0,54,165240,买盘
243,09:42:48,30.59,-0.01,48,146850,卖盘
244,09:42:51,30.58,-0.01,26,79318,卖盘
245,09:42:54,30.58,0.0,15,45870,卖盘
246,09:42:57,30.58,0.0,9,27522,卖盘
247,09:43:00,30.58,0.0,65,198828,卖盘
248,09:43:03,30.58,0.0,11,33638,买盘
249,09:43:06,30.56,-0.02,27,82519,卖盘
250,09:43:09,30.55,-0.01,75,229139,卖盘
251,09:43:12,30.55,0.0,70,212271,卖盘
252,09:43:15,30.54,-0.01,15,45819,卖盘
253,09:43:18,30.56,0.02,13,40728,买盘
254,09:43:21,30.52,-0.04,210,641192,卖盘
255,09:43:24,30.55,0.03,12,36660,中性盘
256,09:43:27,30.52,-0.03,13,39676,卖盘
257,09:43:30,30.54,0.02,56,170901,买盘
258,09:43:33,30.54,0.0,45,137418,买盘
259,09:43:36,30.54,0.0,39,119086,买盘
260,09:43:39,30.53,-0.01,116,354164,卖盘
261,09:43:48,30.55,0.02,16,48855,买盘
262,09:43:51,30.53,-0.02,22,67166,卖盘
263,09:43:54,30.54,0.01,4,12216,买盘
264,09:43:57,30.53,-0.01,23,70219,卖盘
265,09:44:00,30.52,-0.01,32,97687,卖盘
266,09:44:06,30.53,0.01,8,24424,买盘
267,09:44:09,30.53,0.0,43,131279,买盘
268,09:44:12,30.53,0.0,20,61045,买盘
269,09:44:15,30.53,0.0,16,48835,买盘
270,09:44:18,30.53,0.0,20,61057,买盘
271,09:44:21,30.52,-0.01,68,207542,卖盘
272,09:44:24,30.52,0.0,15,45780,买盘
273,09:44:27,30.52,0.0,9,27468,买盘
274,09:44:30,30.53,0.01,10,30530,卖盘
275,09:44:33,30.53,0.0,7,21371,卖盘
276,09:44:36,30.53,0.0,21,64113,卖盘
277,09:44:39,30.53,0.0,45,137422,卖盘
278,09:44:45,30.54,0.01,22,66301,买盘
279,09:44:51,30.54,0.0,1,3054,卖盘
280,09:44:54,30.54,0.0,18,54972,卖盘
281,09:44:57,30.53,-0.01,91,277830,卖盘
282,09:45:00,30.52,-0.01,13,40571,卖盘
283,09:45:04,30.53,0.01,14,42742,买盘
284,09:45:09,30.53,0.0,2,6106,买盘
285,09:45:12,30.52,-0.01,54,164821,卖盘
286,09:45:18,30.52,0.0,2,6104,买盘
287,09:45:21,30.52,0.0,3,9156,买盘
288,09:45:24,30.51,-0.01,172,524833,卖盘
289,09:45:27,30.54,0.03,102,311424,买盘
290,09:45:30,30.51,-0.03,32,97917,卖盘
291,09:45:33,30.51,0.0,43,131193,买盘
292,09:45:39,30.5,-0.01,26,79312,卖盘
293,09:45:42,30.51,0.01,84,256202,买盘
294,09:45:45,30.51,0.0,14,42701,买盘
295,09:45:48,30.5,-0.01,115,350785,卖盘
296,09:45:51,30.5,0.0,34,103700,卖盘
297,09:45:54,30.5,0.0,1,3050,买盘
298,09:45:57,30.5,0.0,6,18300,买盘
299,09:46:00,30.5,0.0,23,70150,买盘
300,09:46:04,30.49,-0.01,13,39641,卖盘
301,09:46:06,30.49,0.0,2,6098,买盘
302,09:46:09,30.48,-0.01,2,6096,卖盘
303,09:46:12,30.48,0.0,21,64016,卖盘
304,09:46:15,30.47,-0.01,16,48752,卖盘
305,09:46:18,30.47,0.0,4,12188,买盘
306,09:46:21,30.47,0.0,13,39613,买盘
307,09:46:24,30.47,0.0,3,9141,卖盘
308,09:46:27,30.46,-0.01,98,298515,卖盘
309,09:46:30,30.46,0.0,92,280232,买盘
310,09:46:33,30.47,0.01,19,57882,买盘
311,09:46:36,30.47,0.0,10,30470,卖盘
312,09:46:42,30.47,0.0,1,3047,买盘
313,09:46:45,30.46,-0.01,51,155404,卖盘
314,09:46:48,30.47,0.01,32,97478,买盘
315,09:46:54,30.47,0.0,8,24376,卖盘
316,09:47:00,30.48,0.01,30,91420,买盘
317,09:47:04,30.48,0.0,11,33528,买盘
318,09:47:06,30.48,0.0,69,210257,卖盘
319,09:47:09,30.48,0.0,2,6096,买盘
320,09:47:12,30.49,0.01,13,39637,买盘
321,09:47:18,30.48,-0.01,58,176799,卖盘
322,09:47:21,30.48,0.0,7,21336,买盘
323,09:47:25,30.48,0.0,12,36576,买盘
324,09:47:27,30.48,0.0,23,70101,买盘
325,09:47:36,30.49,0.01,7,21343,买盘
326,09:47:39,30.49,0.0,20,60980,卖盘
327,09:47:42,30.49,0.0,4,12196,卖盘
328,09:47:45,30.5,0.01,15,45745,买盘
329,09:47:48,30.5,0.0,20,61000,买盘
330,09:47:51,30.51,0.01,96,292584,买盘
331,09:47:54,30.52,0.01,11,33572,买盘
332,09:47:57,30.51,-0.01,6,18306,卖盘
333,09:48:00,30.51,0.0,18,55198,卖盘
334,09:48:09,30.51,0.0,10,30510,买盘
335,09:48:12,30.5,-0.01,39,118965,卖盘
336,09:48:15,30.5,0.0,16,48800,卖盘
337,09:48:18,30.51,0.01,35,106771,买盘
338,09:48:21,30.5,-0.01,8,24400,中性盘
339,09:48:24,30.5,0.0,12,36600,卖盘
340,09:48:30,30.51,0.01,23,70172,买盘
341,09:48:33,30.5,-0.01,20,61006,卖盘
342,09:48:36,30.5,0.0,6,18300,买盘
343,09:48:39,30.5,0.0,11,33550,买盘
344,09:48:42,30.5,0.0,25,76250,买盘
345,09:48:45,30.5,0.0,12,36600,买盘
346,09:48:48,30.5,0.0,10,30503,卖盘
347,09:48:52,30.5,0.0,33,100650,卖盘
348,09:48:54,30.51,0.01,8,24408,买盘
349,09:49:00,30.5,-0.01,3,9150,卖盘
350,09:49:04,30.51,0.01,16,48541,买盘
351,09:49:06,30.52,0.01,34,103768,买盘
352,09:49:12,30.51,-0.01,102,311542,卖盘
353,09:49:16,30.52,0.01,1,3052,中性盘
354,09:49:21,30.53,0.01,10,30530,卖盘
355,09:49:24,30.53,0.0,5,15265,买盘
356,09:49:27,30.52,-0.01,19,58002,卖盘
357,09:49:30,30.53,0.01,2,6105,买盘
358,09:49:36,30.53,0.0,10,30530,卖盘
359,09:49:39,30.54,0.01,1,3054,买盘
360,09:49:48,30.54,0.0,41,125205,买盘
361,09:49:51,30.54,0.0,18,54972,买盘
362,09:49:58,30.55,0.01,2,6110,买盘
363,09:50:01,30.55,0.0,9,27495,买盘
364,09:50:06,30.57,0.02,46,139725,买盘
365,09:50:12,30.58,0.01,38,116204,买盘
366,09:50:15,30.57,-0.01,9,27518,卖盘
367,09:50:18,30.58,0.01,17,51973,买盘
368,09:50:21,30.58,0.0,6,18348,买盘
369,09:50:24,30.58,0.0,1,3058,买盘
370,09:50:27,30.57,-0.01,26,80369,卖盘
371,09:50:30,30.58,0.01,59,180388,买盘
372,09:50:33,30.58,0.0,11,33638,买盘
373,09:50:36,30.57,-0.01,3,9171,买盘
374,09:50:39,30.6,0.03,302,923915,买盘
375,09:50:45,30.6,0.0,3,9178,买盘
376,09:50:48,30.59,-0.01,2,6117,中性盘
377,09:50:51,30.59,0.0,3,9177,买盘
378,09:50:54,30.57,-0.02,8,24456,买盘
379,09:50:57,30.56,-0.01,38,116163,卖盘
380,09:51:00,30.57,0.01,10,30570,买盘
381,09:51:04,30.57,0.0,42,128394,买盘
382,09:51:06,30.57,0.0,5,15285,卖盘
383,09:51:09,30.59,0.02,8,24472,买盘
384,09:51:12,30.59,0.0,3,9177,买盘
385,09:51:15,30.57,-0.02,5,15285,卖盘
386,09:51:18,30.57,0.0,14,42800,卖盘
387,09:51:21,30.56,-0.01,35,106993,卖盘
388,09:51:24,30.57,0.01,10,30570,中性盘
389,09:51:33,30.57,0.0,12,36684,买盘
390,09:51:36,30.56,-0.01,10,30560,卖盘
391,09:51:39,30.56,0.0,8,24448,卖盘
392,09:51:45,30.55,-0.01,2,6110,卖盘
393,09:51:48,30.55,0.0,36,109980,卖盘
394,09:51:51,30.54,-0.01,4,12216,卖盘
395,09:52:00,30.54,0.0,6,18324,卖盘
396,09:52:03,30.54,0.0,99,302356,卖盘
397,09:52:06,30.54,0.0,10,30540,买盘
398,09:52:09,30.53,-0.01,16,48858,卖盘
399,09:52:15,30.53,0.0,2,6106,卖盘
400,09:52:18,30.53,0.0,65,198339,买盘
401,09:52:21,30.53,0.0,2,6106,买盘
402,09:52:27,30.5,-0.03,20,61006,卖盘
403,09:52:33,30.52,0.02,3,9156,卖盘
404,09:52:39,30.52,0.0,12,36624,卖盘
405,09:52:42,30.51,-0.01,4,13092,卖盘
406,09:52:48,30.51,0.0,4,11320,卖盘
407,09:52:54,30.51,0.0,21,64070,买盘
408,09:52:57,30.5,-0.01,6,18300,卖盘
409,09:53:00,30.51,0.01,22,67102,买盘
410,09:53:04,30.5,-0.01,42,128374,卖盘
411,09:53:06,30.5,0.0,6,18300,买盘
412,09:53:12,30.5,0.0,17,51845,买盘
413,09:53:15,30.5,0.0,3,8876,买盘
414,09:53:18,30.49,-0.01,16,48792,卖盘
415,09:53:21,30.5,0.01,2,6100,卖盘
416,09:53:27,30.5,0.0,5,15250,卖盘
417,09:53:30,30.51,0.01,18,55803,买盘
418,09:53:33,30.51,0.0,10,30510,卖盘
419,09:53:39,30.5,-0.01,22,67142,卖盘
420,09:53:48,30.5,0.0,10,30500,卖盘
421,09:53:51,30.5,0.0,18,54917,卖盘
422,09:53:54,30.5,0.0,9,27450,卖盘
423,09:53:57,30.49,-0.01,33,100649,卖盘
424,09:54:00,30.51,0.02,45,137295,买盘
425,09:54:03,30.49,-0.02,5,15245,卖盘
426,09:54:06,30.49,0.0,14,42686,卖盘
427,09:54:09,30.5,0.01,10,30500,中性盘
428,09:54:12,30.5,0.0,5,15250,卖盘
429,09:54:15,30.5,0.0,2,6100,卖盘
430,09:54:18,30.5,0.0,3,9150,卖盘
431,09:54:21,30.49,-0.01,12,36596,卖盘
432,09:54:27,30.5,0.01,8,24400,卖盘
433,09:54:30,30.5,0.0,4,12200,买盘
434,09:54:33,30.49,-0.01,5,15245,卖盘
435,09:54:37,30.5,0.01,1,3050,买盘
436,09:54:39,30.51,0.01,20,61017,买盘
437,09:54:48,30.49,-0.02,7,21343,卖盘
438,09:54:54,30.5,0.01,3,9150,买盘
439,09:54:57,30.49,-0.01,22,67084,卖盘
440,09:55:00,30.49,0.0,5,15245,卖盘
441,09:55:04,30.5,0.01,14,42690,卖盘
442,09:55:09,30.5,0.0,12,36600,买盘
443,09:55:12,30.5,0.0,5,15250,卖盘
444,09:55:15,30.51,0.01,1,3051,买盘
445,09:55:18,30.5,-0.01,28,85400,卖盘
446,09:55:24,30.5,0.0,4,12200,卖盘
447,09:55:28,30.5,0.0,21,64062,中性盘
448,09:55:33,30.5,0.0,11,33550,买盘
449,09:55:36,30.5,0.0,54,164652,买盘
450,09:55:39,30.51,0.01,14,42705,买盘
451,09:55:45,30.51,0.0,3,9151,买盘
452,09:55:48,30.5,-0.01,27,82364,中性盘
453,09:55:52,30.5,0.0,10,30509,卖盘
454,09:55:54,30.5,0.0,116,353915,卖盘
455,09:55:57,30.51,0.01,3,9153,买盘
456,09:56:04,30.52,0.01,38,115976,买盘
457,09:56:06,30.51,-0.01,17,51874,卖盘
458,09:56:09,30.52,0.01,10,30520,买盘
459,09:56:12,30.52,0.0,26,79352,买盘
460,09:56:18,30.51,-0.01,20,61054,卖盘
461,09:56:21,30.52,0.01,2,6104,中性盘
462,09:56:24,30.52,0.0,1,3052,买盘
463,09:56:28,30.54,0.02,205,625869,买盘
464,09:56:30,30.53,-0.01,8,24426,卖盘
465,09:56:33,30.55,0.02,4,12220,买盘
466,09:56:36,30.55,0.0,3,9165,买盘
467,09:56:42,30.56,0.01,12,36667,买盘
468,09:56:45,30.57,0.01,33,100850,买盘
469,09:56:48,30.56,-0.01,5,15280,卖盘
470,09:56:54,30.57,0.01,8,24456,买盘
471,09:56:57,30.57,0.0,15,45855,中性盘
472,09:57:00,30.58,0.01,4,12230,买盘
473,09:57:06,30.58,0.0,11,33637,买盘
474,09:57:09,30.57,-0.01,2,6114,卖盘
475,09:57:12,30.58,0.01,4,12232,买盘
476,09:57:15,30.58,0.0,29,88664,买盘
477,09:57:18,30.59,0.01,74,226332,买盘
478,09:57:21,30.58,-0.01,28,85623,买盘
479,09:57:24,30.58,0.0,21,64219,卖盘
480,09:57:27,30.59,0.01,7,21413,买盘
481,09:57:30,30.59,0.0,31,94816,买盘
482,09:57:33,30.58,-0.01,1,3058,卖盘
483,09:57:36,30.58,0.0,16,48938,卖盘
484,09:57:39,30.59,0.01,1,3059,买盘
485,09:57:42,30.59,0.0,5,15295,买盘
486,09:57:45,30.58,-0.01,11,33645,卖盘
487,09:57:48,30.58,0.0,8,24470,卖盘
488,09:57:51,30.58,0.0,2,6116,卖盘
489,09:57:54,30.59,0.01,45,137655,买盘
490,09:57:57,30.6,0.01,5,15300,买盘
491,09:58:04,30.6,0.0,102,312120,买盘
492,09:58:06,30.6,0.0,34,104040,买盘
493,09:58:09,30.6,0.0,24,73422,买盘
494,09:58:12,30.6,0.0,65,198900,买盘
495,09:58:15,30.61,0.01,106,324362,买盘
496,09:58:18,30.6,-0.01,7,21420,卖盘
497,09:58:21,30.61,0.01,1,3061,买盘
498,09:58:25,30.61,0.0,52,159125,买盘
499,09:58:27,30.61,0.0,22,67342,买盘
500,09:58:30,30.61,0.0,1,3061,买盘
501,09:58:33,30.61,0.0,9,26661,买盘
502,09:58:36,30.62,0.01,8,24491,买盘
503,09:58:39,30.61,-0.01,8,25376,卖盘
504,09:58:42,30.61,0.0,27,81739,买盘
505,09:58:46,30.62,0.01,7,21434,买盘
506,09:58:48,30.61,-0.01,10,30610,卖盘
507,09:58:51,30.61,0.0,1,3061,卖盘
508,09:58:54,30.62,0.01,70,214327,买盘
509,09:58:57,30.61,-0.01,30,91833,卖盘
510,09:59:00,30.62,0.01,3,9185,买盘
511,09:59:03,30.62,0.0,1,3062,买盘
512,09:59:06,30.62,0.0,21,64302,买盘
513,09:59:09,30.62,0.0,6,18372,买盘
514,09:59:12,30.61,-0.01,8,24488,卖盘
515,09:59:15,30.62,0.01,5,15310,买盘
516,09:59:19,30.61,-0.01,2,6122,卖盘
517,09:59:21,30.62,0.01,8,24493,买盘
518,09:59:24,30.61,-0.01,10,30610,卖盘
519,09:59:27,30.59,-0.02,102,312063,卖盘
520,09:59:33,30.61,0.02,10,30610,买盘
521,09:59:36,30.59,-0.02,6,18354,卖盘
522,09:59:39,30.59,0.0,17,52003,卖盘
523,09:59:42,30.61,0.02,122,373386,买盘
524,09:59:45,30.61,0.0,10,30610,卖盘
525,09:59:51,30.61,0.0,28,85711,卖盘
526,10:00:00,30.6,-0.01,21,64260,卖盘
527,10:00:03,30.6,0.0,5,15300,买盘
528,10:00:06,30.6,0.0,4,12240,买盘
529,10:00:09,30.61,0.01,1,3061,买盘
530,10:00:13,30.6,-0.01,5,15300,卖盘
531,10:00:16,30.62,0.02,200,612320,买盘
532,10:00:21,30.6,-0.02,21,64260,买盘
533,10:00:24,30.6,0.0,19,58126,买盘
534,10:00:33,30.6,0.0,18,55080,卖盘
535,10:00:36,30.6,0.0,12,36720,卖盘
536,10:00:39,30.59,-0.01,4,12240,卖盘
537,10:00:48,30.61,0.02,103,315252,买盘
538,10:00:54,30.62,0.01,100,306172,买盘
539,10:00:57,30.59,-0.03,53,162127,卖盘
540,10:01:00,30.59,0.0,23,70357,卖盘
541,10:01:06,30.61,0.02,147,450015,买盘
542,10:01:09,30.61,0.0,4,12242,买盘
543,10:01:15,30.62,0.01,141,431741,买盘
544,10:01:21,30.62,0.0,10,30620,卖盘
545,10:01:24,30.63,0.01,11,33680,买盘
546,10:01:27,30.62,-0.01,10,30620,中性盘
547,10:01:30,30.62,0.0,8,24496,买盘
548,10:01:33,30.6,-0.02,35,107120,卖盘
549,10:01:40,30.61,0.01,30,91804,买盘
550,10:01:54,30.61,0.0,29,88769,买盘
551,10:02:00,30.6,-0.01,15,45910,卖盘
552,10:02:03,30.61,0.01,52,159162,买盘
553,10:02:06,30.61,0.0,9,27549,卖盘
554,10:02:09,30.61,0.0,10,30610,卖盘
555,10:02:15,30.62,0.01,1,3062,买盘
556,10:02:18,30.63,0.01,208,637073,买盘
557,10:02:21,30.63,0.0,487,1491666,买盘
558,10:02:24,30.63,0.0,2,6126,卖盘
559,10:02:27,30.63,0.0,11,33693,卖盘
560,10:02:30,30.63,0.0,8,24504,卖盘
561,10:02:33,30.63,0.0,54,165402,买盘
562,10:02:42,30.63,0.0,1,3063,买盘
563,10:02:45,30.62,-0.01,20,61250,卖盘
564,10:02:48,30.63,0.01,25,76570,买盘
565,10:02:51,30.63,0.0,1,3063,卖盘
566,10:02:54,30.62,-0.01,24,73489,卖盘
567,10:02:57,30.62,0.0,13,39802,买盘
568,10:03:03,30.64,0.02,38,116386,买盘
569,10:03:06,30.64,0.0,1,3064,买盘
570,10:03:09,30.62,-0.02,27,82681,卖盘
571,10:03:13,30.62,0.0,4,12248,卖盘
572,10:03:15,30.63,0.01,11,33687,买盘
573,10:03:18,30.64,0.01,61,186904,买盘
574,10:03:21,30.64,0.0,88,269632,买盘
575,10:03:27,30.63,-0.01,20,61272,卖盘
576,10:03:30,30.64,0.01,138,422802,买盘
577,10:03:33,30.64,0.0,9,27576,卖盘
578,10:03:36,30.65,0.01,35,107245,买盘
579,10:03:39,30.64,-0.01,12,36768,卖盘
580,10:03:42,30.65,0.01,28,85796,买盘
581,10:03:45,30.65,0.0,21,64365,买盘
582,10:03:48,30.65,0.0,17,52103,买盘
583,10:03:51,30.65,0.0,103,315695,买盘
584,10:03:54,30.65,0.0,13,39844,买盘
585,10:04:00,30.64,-0.01,5,15321,卖盘
586,10:04:04,30.65,0.01,14,42907,买盘
587,10:04:06,30.64,-0.01,133,407549,卖盘
588,10:04:09,30.64,0.0,7,21448,买盘
589,10:04:12,30.63,-0.01,34,104174,卖盘
590,10:04:15,30.63,0.0,9,27568,卖盘
591,10:04:19,30.63,0.0,28,85784,卖盘
592,10:04:21,30.63,0.0,17,52073,卖盘
593,10:04:27,30.63,0.0,2,6127,卖盘
594,10:04:30,30.62,-0.01,5,15313,卖盘
595,10:04:33,30.63,0.01,3,9189,买盘
596,10:04:42,30.63,0.0,4,12252,买盘
597,10:04:45,30.62,-0.01,21,64303,卖盘
598,10:04:48,30.62,0.0,5,15314,卖盘
599,10:04:51,30.62,0.0,10,30621,卖盘
600,10:04:54,30.62,0.0,76,232712,卖盘
601,10:05:04,30.61,-0.01,1,3061,卖盘
602,10:05:06,30.62,0.01,5,15308,买盘
603,10:05:09,30.61,-0.01,1,3061,卖盘
604,10:05:15,30.61,0.0,7,21428,卖盘
605,10:05:18,30.61,0.0,1,3061,卖盘
606,10:05:21,30.61,0.0,31,94891,卖盘
607,10:05:24,30.61,0.0,5,15305,卖盘
608,10:05:27,30.62,0.01,3,9184,买盘
609,10:05:30,30.61,-0.01,36,110196,卖盘
610,10:05:34,30.61,0.0,10,30617,卖盘
611,10:05:37,30.61,0.0,9,27549,卖盘
612,10:05:39,30.61,0.0,1,3061,卖盘
613,10:05:45,30.61,0.0,3,9183,卖盘
614,10:05:48,30.62,0.01,3,9186,买盘
615,10:05:51,30.61,-0.01,29,88771,卖盘
616,10:05:54,30.61,0.0,5,15305,卖盘
617,10:06:00,30.61,0.0,6,18366,卖盘
618,10:06:03,30.61,0.0,1,3061,买盘
619,10:06:09,30.6,-0.01,7,21420,卖盘
620,10:06:12,30.6,0.0,19,58141,卖盘
621,10:06:15,30.6,0.0,9,27540,卖盘
622,10:06:21,30.59,-0.01,18,55069,卖盘
623,10:06:24,30.59,0.0,20,61180,卖盘
624,10:06:27,30.59,0.0,1,3059,卖盘
625,10:06:36,30.59,0.0,4,12236,卖盘
626,10:06:42,30.59,0.0,20,61180,卖盘
627,10:06:45,30.59,0.0,20,61180,卖盘
628,10:06:49,30.59,0.0,9,27531,卖盘
629,10:06:51,30.59,0.0,1,3059,卖盘
630,10:06:54,30.59,0.0,5,15295,卖盘
631,10:06:57,30.59,0.0,18,55062,卖盘
632,10:07:06,30.6,0.01,15,45886,买盘
633,10:07:12,30.6,0.0,17,52020,买盘
634,10:07:18,30.59,-0.01,2,6118,卖盘
635,10:07:21,30.6,0.01,66,201960,买盘
636,10:07:24,30.59,-0.01,18,55062,卖盘
637,10:07:31,30.59,0.0,6,18354,卖盘
638,10:07:36,30.6,0.01,18,55080,买盘
639,10:07:51,30.59,-0.01,44,134596,卖盘
640,10:07:54,30.6,0.01,59,180540,买盘
641,10:07:58,30.59,-0.01,21,64239,卖盘
642,10:08:06,30.58,-0.01,20,61160,卖盘
643,10:08:12,30.59,0.01,6,18354,买盘
644,10:08:18,30.58,-0.01,26,79508,卖盘
645,10:08:39,30.59,0.01,8,24468,买盘
646,10:08:42,30.58,-0.01,4,12232,卖盘
647,10:08:51,30.59,0.01,1,3059,买盘
648,10:08:54,30.59,0.0,9,27531,买盘
649,10:09:00,30.58,-0.01,2,6116,卖盘
650,10:09:04,30.58,0.0,1,3058,卖盘
651,10:09:06,30.58,0.0,1,3058,卖盘
652,10:09:15,30.59,0.01,16,48944,买盘
653,10:09:21,30.58,-0.01,3,9174,卖盘
654,10:09:27,30.58,0.0,2,6116,卖盘
655,10:09:30,30.59,0.01,21,64224,买盘
656,10:09:33,30.59,0.0,15,45885,卖盘
657,10:09:39,30.6,0.01,3,9180,买盘
658,10:09:51,30.6,0.0,10,30600,买盘
659,10:09:54,30.6,0.0,2,6120,买盘
660,10:10:00,30.59,-0.01,6,18354,卖盘
661,10:10:06,30.6,0.01,3,7834,买盘
662,10:10:09,30.61,0.01,75,230888,买盘
663,10:10:12,30.6,-0.01,25,76511,中性盘
664,10:10:15,30.61,0.01,30,91821,买盘
665,10:10:18,30.61,0.0,29,87422,买盘
666,10:10:21,30.63,0.02,162,496095,买盘
667,10:10:24,30.63,0.0,88,269544,买盘
668,10:10:27,30.62,-0.01,206,631027,卖盘
669,10:10:30,30.64,0.02,71,217522,买盘
670,10:10:33,30.66,0.02,111,340236,买盘
671,10:10:36,30.66,0.0,55,168610,买盘
672,10:10:39,30.68,0.02,55,169915,买盘
673,10:10:42,30.69,0.01,106,325243,买盘
674,10:10:45,30.66,-0.03,41,125825,卖盘
675,10:10:48,30.7,0.04,53,162705,买盘
676,10:10:51,30.71,0.01,206,632382,买盘
677,10:10:54,30.7,-0.01,11,33776,卖盘
678,10:10:57,30.73,0.03,44,135202,买盘
679,10:11:00,30.75,0.02,155,476613,买盘
680,10:11:06,30.77,0.02,139,427538,买盘
681,10:11:09,30.77,0.0,21,64612,买盘
682,10:11:12,30.77,0.0,31,95387,买盘
683,10:11:15,30.78,0.01,60,184618,买盘
684,10:11:18,30.76,-0.02,22,67683,卖盘
685,10:11:21,30.76,0.0,16,49216,卖盘
686,10:11:24,30.77,0.01,78,239972,买盘
687,10:11:27,30.75,-0.02,42,129150,卖盘
688,10:11:30,30.76,0.01,122,375261,买盘
689,10:11:33,30.76,0.0,88,270688,卖盘
690,10:11:36,30.76,0.0,85,261355,买盘
691,10:11:39,30.76,0.0,135,415349,卖盘
692,10:11:42,30.75,-0.01,4,12300,买盘
693,10:11:46,30.75,0.0,2,6150,买盘
694,10:11:48,30.76,0.01,30,92247,买盘
695,10:11:51,30.75,-0.01,12,36893,中性盘
696,10:11:54,30.72,-0.03,19,58391,卖盘
697,10:11:57,30.72,0.0,6,18444,卖盘
698,10:12:00,30.74,0.02,1,3074,中性盘
699,10:12:04,30.75,0.01,9,27665,买盘
700,10:12:06,30.72,-0.03,5,15362,卖盘
701,10:12:09,30.73,0.01,13,39949,中性盘
702,10:12:12,30.72,-0.01,47,144384,卖盘
703,10:12:18,30.71,-0.01,4,12286,卖盘
704,10:12:22,30.71,0.0,10,30710,卖盘
705,10:12:25,30.71,0.0,11,33782,卖盘
706,10:12:30,30.71,0.0,19,58349,卖盘
707,10:12:34,30.7,-0.01,2,6140,卖盘
708,10:12:36,30.71,0.01,60,184237,买盘
709,10:12:39,30.71,0.0,69,211899,买盘
710,10:12:45,30.71,0.0,19,58362,卖盘
711,10:12:48,30.7,-0.01,178,546793,卖盘
712,10:12:54,30.7,0.0,64,196514,卖盘
713,10:12:57,30.7,0.0,2,6140,卖盘
714,10:13:04,30.7,0.0,15,46046,买盘
715,10:13:06,30.7,0.0,15,46050,卖盘
716,10:13:09,30.71,0.01,3,9213,买盘
717,10:13:12,30.7,-0.01,54,165780,卖盘
718,10:13:15,30.7,0.0,9,27630,买盘
719,10:13:21,30.71,0.01,79,242602,买盘
720,10:13:24,30.71,0.0,19,58349,卖盘
721,10:13:27,30.72,0.01,46,141301,买盘
722,10:13:30,30.71,-0.01,26,79846,卖盘
723,10:13:33,30.7,-0.01,13,39910,卖盘
724,10:13:42,30.7,0.0,2,6140,买盘
725,10:13:45,30.7,0.0,13,39910,买盘
726,10:13:49,30.68,-0.02,26,79786,卖盘
727,10:14:03,30.68,0.0,4,12272,卖盘
728,10:14:06,30.68,0.0,14,42952,卖盘
729,10:14:10,30.69,0.01,40,122727,买盘
730,10:14:12,30.69,0.0,3,9207,买盘
731,10:14:15,30.68,-0.01,7,21477,卖盘
732,10:14:18,30.68,0.0,10,30686,卖盘
733,10:14:21,30.68,0.0,6,18413,卖盘
734,10:14:24,30.69,0.01,1,3069,买盘
735,10:14:27,30.69,0.0,8,24552,买盘
736,10:14:30,30.69,0.0,7,21483,卖盘
737,10:14:33,30.69,0.0,5,15345,卖盘
738,10:14:39,30.7,0.01,113,346834,买盘
739,10:14:42,30.69,-0.01,10,30690,卖盘
740,10:14:45,30.7,0.01,5,15350,买盘
741,10:14:48,30.7,0.0,8,24560,买盘
742,10:14:51,30.69,-0.01,3,9208,卖盘
743,10:14:54,30.7,0.01,12,36838,买盘
744,10:14:57,30.69,-0.01,14,42966,卖盘
745,10:15:00,30.7,0.01,1,3070,买盘
746,10:15:03,30.69,-0.01,8,24553,卖盘
747,10:15:06,30.7,0.01,3,9210,买盘
748,10:15:09,30.69,-0.01,18,55242,卖盘
749,10:15:13,30.7,0.01,5,15350,买盘
750,10:15:15,30.69,-0.01,15,46036,卖盘
751,10:15:18,30.69,0.0,18,55242,卖盘
752,10:15:21,30.7,0.01,44,135079,买盘
753,10:15:24,30.7,0.0,5,15350,买盘
754,10:15:27,30.7,0.0,8,24560,买盘
755,10:15:33,30.69,-0.01,5,15345,买盘
756,10:15:36,30.7,0.01,1,3070,买盘
757,10:15:39,30.69,-0.01,5,15345,卖盘
758,10:15:43,30.69,0.0,19,58311,卖盘
759,10:15:45,30.69,0.0,1,3069,买盘
760,10:15:48,30.68,-0.01,8,24544,卖盘
761,10:15:51,30.68,0.0,18,55224,卖盘
762,10:15:54,30.68,0.0,16,49088,卖盘
763,10:15:57,30.68,0.0,50,153410,卖盘
764,10:16:00,30.68,0.0,20,61360,卖盘
765,10:16:04,30.68,0.0,3,9204,卖盘
766,10:16:06,30.68,0.0,2,6136,买盘
767,10:16:09,30.68,0.0,30,92040,卖盘
768,10:16:15,30.68,0.0,34,104312,卖盘
769,10:16:18,30.67,-0.01,20,61340,卖盘
770,10:16:21,30.67,0.0,1,3067,卖盘
771,10:16:30,30.67,0.0,3,9201,卖盘
772,10:16:33,30.68,0.01,3,9204,买盘
773,10:16:39,30.67,-0.01,5,15335,卖盘
774,10:16:45,30.67,0.0,8,24536,卖盘
775,10:16:51,30.67,0.0,2,6135,卖盘
776,10:16:54,30.67,0.0,15,46010,卖盘
777,10:16:57,30.67,0.0,5,15335,卖盘
778,10:17:00,30.67,0.0,2,6134,卖盘
779,10:17:03,30.67,0.0,9,27603,卖盘
780,10:17:06,30.67,0.0,73,223891,卖盘
781,10:17:09,30.67,0.0,37,113479,买盘
782,10:17:12,30.67,0.0,10,30675,卖盘
783,10:17:15,30.67,0.0,1,3067,卖盘
784,10:17:18,30.66,-0.01,20,61327,卖盘
785,10:17:21,30.66,0.0,10,30660,卖盘
786,10:17:30,30.66,0.0,8,24535,卖盘
787,10:17:33,30.66,0.0,3,9198,卖盘
788,10:17:36,30.66,0.0,14,42924,卖盘
789,10:17:43,30.66,0.0,4,12264,卖盘
790,10:17:48,30.67,0.01,5,15335,买盘
791,10:17:54,30.67,0.0,16,49072,买盘
792,10:18:00,30.67,0.0,2,6134,卖盘
793,10:18:03,30.67,0.0,14,42938,卖盘
794,10:18:06,30.68,0.01,52,159534,买盘
795,10:18:09,30.68,0.0,1,3068,买盘
796,10:18:12,30.67,-0.01,5,15335,卖盘
797,10:18:21,30.67,0.0,6,18402,卖盘
798,10:18:36,30.67,0.0,21,64402,买盘
799,10:18:42,30.67,0.0,7,21465,买盘
800,10:18:48,30.66,-0.01,10,30669,卖盘
801,10:18:51,30.66,0.0,50,153300,卖盘
802,10:18:54,30.66,0.0,3,9198,卖盘
803,10:18:57,30.67,0.01,11,33736,买盘
804,10:19:00,30.67,0.0,3,9201,买盘
805,10:19:03,30.66,-0.01,21,64387,卖盘
806,10:19:15,30.66,0.0,14,42924,卖盘
807,10:19:18,30.66,0.0,1,3066,卖盘
808,10:19:22,30.66,0.0,12,36792,卖盘
809,10:19:24,30.66,0.0,3,9198,卖盘
810,10:19:27,30.66,0.0,51,156366,卖盘
811,10:19:33,30.66,0.0,12,36792,卖盘
812,10:19:36,30.66,0.0,43,131842,卖盘
813,10:19:45,30.65,-0.01,1,3065,卖盘
814,10:19:54,30.64,-0.01,2,6128,卖盘
815,10:20:03,30.64,0.0,2,6128,卖盘
816,10:20:09,30.63,-0.01,8,24507,卖盘
817,10:20:15,30.63,0.0,3,9191,卖盘
818,10:20:24,30.63,0.0,20,61260,卖盘
819,10:20:30,30.63,0.0,10,30630,卖盘
820,10:20:33,30.63,0.0,14,42882,卖盘
821,10:20:36,30.64,0.01,12,36768,买盘
822,10:20:39,30.63,-0.01,11,33699,卖盘
823,10:20:46,30.62,-0.01,13,39815,卖盘
824,10:20:54,30.64,0.02,2,6128,买盘
825,10:20:57,30.65,0.01,13,39833,买盘
826,10:21:09,30.65,0.0,20,61300,买盘
827,10:21:12,30.63,-0.02,2,6126,卖盘
828,10:21:21,30.63,0.0,87,266481,卖盘
829,10:21:40,30.63,0.0,17,52071,买盘
830,10:21:45,30.63,0.0,11,33693,买盘
831,10:21:48,30.63,0.0,1,3063,买盘
832,10:21:54,30.63,0.0,1,3063,买盘
833,10:22:04,30.62,-0.01,6,18372,卖盘
834,10:22:09,30.62,0.0,12,36749,卖盘
835,10:22:12,30.63,0.01,18,55129,买盘
836,10:22:15,30.63,0.0,24,73512,卖盘
837,10:22:18,30.63,0.0,6,18378,卖盘
838,10:22:21,30.65,0.02,21,64365,买盘
839,10:22:27,30.63,-0.02,2,6126,卖盘
840,10:22:30,30.63,0.0,5,15315,卖盘
841,10:22:33,30.63,0.0,4,12252,卖盘
842,10:22:36,30.64,0.01,5,15320,中性盘
843,10:22:39,30.65,0.01,24,73550,买盘
844,10:22:45,30.65,0.0,10,30650,卖盘
845,10:22:48,30.66,0.01,10,30660,买盘
846,10:22:51,30.65,-0.01,3,9195,卖盘
847,10:23:06,30.64,-0.01,3,9192,卖盘
848,10:23:09,30.64,0.0,6,18387,卖盘
849,10:23:21,30.64,0.0,4,12256,卖盘
850,10:23:24,30.64,0.0,5,15320,卖盘
851,10:23:27,30.64,0.0,9,27576,卖盘
852,10:23:30,30.63,-0.01,4,12252,卖盘
853,10:23:33,30.63,0.0,32,98040,卖盘
854,10:23:36,30.64,0.01,10,30640,买盘
855,10:23:39,30.63,-0.01,7,21441,卖盘
856,10:23:43,30.64,0.01,34,104161,买盘
857,10:23:45,30.64,0.0,11,33703,买盘
858,10:23:48,30.63,-0.01,34,104142,卖盘
859,10:23:51,30.63,0.0,42,128646,卖盘
860,10:23:55,30.63,0.0,49,150112,卖盘
861,10:23:57,30.63,0.0,16,48885,卖盘
862,10:24:00,30.63,0.0,25,76575,卖盘
863,10:24:03,30.64,0.01,86,263491,买盘
864,10:24:09,30.63,-0.01,7,21441,卖盘
865,10:24:12,30.62,-0.01,63,193046,卖盘
866,10:24:18,30.61,-0.01,1,3061,卖盘
867,10:24:21,30.62,0.01,41,125419,买盘
868,10:24:24,30.62,0.0,3,9186,卖盘
869,10:24:27,30.62,0.0,10,30620,卖盘
870,10:24:30,30.62,0.0,3,9308,卖盘
871,10:24:45,30.61,-0.01,4,12244,卖盘
872,10:24:48,30.61,0.0,10,30615,卖盘
873,10:24:57,30.61,0.0,43,131623,卖盘
874,10:25:03,30.61,0.0,45,137740,买盘
875,10:25:12,30.61,0.0,8,24488,买盘
876,10:25:15,30.61,0.0,5,15305,买盘
877,10:25:18,30.6,-0.01,1,3060,卖盘
878,10:25:21,30.61,0.01,3,9183,买盘
879,10:25:27,30.6,-0.01,100,306000,卖盘
880,10:25:30,30.6,0.0,4,12243,卖盘
881,10:25:33,30.6,0.0,2,6120,卖盘
882,10:25:36,30.6,0.0,6,18360,卖盘
883,10:25:45,30.6,0.0,11,33660,卖盘
884,10:25:51,30.6,0.0,20,61200,卖盘
885,10:25:57,30.59,-0.01,21,64239,卖盘
886,10:26:06,30.59,0.0,12,36708,卖盘
887,10:26:09,30.59,0.0,4,12236,卖盘
888,10:26:12,30.6,0.01,9,27533,买盘
889,10:26:16,30.59,-0.01,1,3059,卖盘
890,10:26:18,30.59,0.0,3,9177,卖盘
891,10:26:27,30.59,0.0,30,91793,卖盘
892,10:26:30,30.59,0.0,26,79541,卖盘
893,10:26:33,30.59,0.0,3,9177,买盘
894,10:26:43,30.59,0.0,15,45885,买盘
895,10:26:46,30.59,0.0,2,6118,买盘
896,10:26:48,30.58,-0.01,28,85666,卖盘
897,10:26:51,30.6,0.02,36,110108,买盘
898,10:26:54,30.6,0.0,10,30600,买盘
899,10:26:57,30.6,0.0,33,100980,买盘
900,10:27:00,30.61,0.01,100,306060,买盘
901,10:27:03,30.6,-0.01,10,30600,卖盘
902,10:27:15,30.6,0.0,1,3060,卖盘
903,10:27:18,30.6,0.0,1,3060,卖盘
904,10:27:24,30.61,0.01,10,30610,买盘
905,10:27:45,30.61,0.0,3,9183,买盘
906,10:27:51,30.61,0.0,17,52037,中性盘
907,10:27:54,30.6,-0.01,50,153023,卖盘
908,10:28:15,30.6,0.0,1,3060,卖盘
909,10:28:18,30.6,0.0,2,6120,卖盘
910,10:28:33,30.59,-0.01,35,107065,卖盘
911,10:28:51,30.6,0.01,1,3060,买盘
912,10:29:00,30.59,-0.01,1,3059,卖盘
913,10:29:06,30.6,0.01,5,15300,买盘
914,10:29:09,30.6,0.0,1,3060,买盘
915,10:29:13,30.59,-0.01,19,58121,卖盘
916,10:29:15,30.59,0.0,9,27531,卖盘
917,10:29:18,30.59,0.0,2,6118,卖盘
918,10:29:21,30.59,0.0,1,3059,卖盘
919,10:29:24,30.59,0.0,3,9177,卖盘
920,10:29:27,30.6,0.01,41,125460,买盘
921,10:29:30,30.6,0.0,4,12240,买盘
922,10:29:33,30.59,-0.01,6,18355,卖盘
923,10:29:42,30.59,0.0,5,15295,卖盘
924,10:29:54,30.59,0.0,4,12242,卖盘
925,10:30:00,30.59,0.0,6,18358,卖盘
926,10:30:03,30.61,0.02,1,3061,买盘
927,10:30:06,30.59,-0.02,20,61185,卖盘
928,10:30:12,30.61,0.02,18,55095,买盘
929,10:30:21,30.62,0.01,2,6124,买盘
930,10:30:27,30.62,0.0,10,30620,买盘
931,10:30:33,30.61,-0.01,2,6122,卖盘
932,10:30:36,30.62,0.01,16,48992,买盘
933,10:30:39,30.62,0.0,14,42866,买盘
934,10:30:42,30.61,-0.01,11,33671,卖盘
935,10:30:45,30.62,0.01,7,21434,买盘
936,10:30:51,30.62,0.0,79,241775,买盘
937,10:30:54,30.62,0.0,4,12248,卖盘
938,10:31:15,30.63,0.01,12,36756,买盘
939,10:31:18,30.62,-0.01,1,3062,卖盘
940,10:31:21,30.63,0.01,10,30627,买盘
941,10:31:24,30.62,-0.01,1,3062,卖盘
942,10:31:33,30.62,0.0,1,3062,卖盘
943,10:31:39,30.63,0.01,6,19450,买盘
944,10:31:42,30.63,0.0,5,15315,卖盘
945,10:31:46,30.64,0.01,1,3064,买盘
946,10:31:51,30.63,-0.01,4,11180,卖盘
947,10:31:57,30.63,0.0,104,319624,买盘
948,10:32:10,30.64,0.01,6,18384,买盘
949,10:32:24,30.64,0.0,51,156264,买盘
950,10:32:27,30.64,0.0,10,30640,卖盘
951,10:32:30,30.65,0.01,6,18390,买盘
952,10:32:33,30.66,0.01,20,61303,买盘
953,10:32:39,30.64,-0.02,2,6128,卖盘
954,10:32:42,30.65,0.01,12,36780,买盘
955,10:32:54,30.65,0.0,3,9195,买盘
956,10:32:57,30.65,0.0,5,15325,卖盘
957,10:33:04,30.67,0.02,10,30661,买盘
958,10:33:12,30.66,-0.01,1,3066,卖盘
959,10:33:15,30.67,0.01,2,6134,买盘
960,10:33:18,30.66,-0.01,47,144125,卖盘
961,10:33:21,30.67,0.01,132,404781,买盘
962,10:33:33,30.65,-0.02,3,9195,卖盘
963,10:33:39,30.65,0.0,33,101150,卖盘
964,10:33:48,30.65,0.0,3,9195,买盘
965,10:33:51,30.64,-0.01,5,15320,卖盘
966,10:33:54,30.65,0.01,8,24520,买盘
967,10:33:57,30.63,-0.02,102,312526,卖盘
968,10:34:00,30.65,0.02,13,39825,买盘
969,10:34:06,30.65,0.0,4,12260,卖盘
970,10:34:09,30.65,0.0,62,190085,卖盘
971,10:34:13,30.63,-0.02,6,18378,卖盘
972,10:34:16,30.66,0.03,13,39850,买盘
973,10:34:24,30.66,0.0,4,12262,买盘
974,10:34:27,30.63,-0.03,1,3063,卖盘
975,10:34:33,30.66,0.03,1,3066,买盘
976,10:34:39,30.66,0.0,6,18396,买盘
977,10:34:42,30.66,0.0,2,6132,买盘
978,10:34:51,30.65,-0.01,1,3065,卖盘
979,10:34:54,30.65,0.0,3,9195,卖盘
980,10:34:57,30.65,0.0,6,18390,卖盘
981,10:35:03,30.64,-0.01,20,61280,卖盘
982,10:35:09,30.64,0.0,16,49024,卖盘
983,10:35:18,30.64,0.0,12,36768,卖盘
984,10:35:21,30.64,0.0,38,116432,卖盘
985,10:35:27,30.64,0.0,11,33704,买盘
986,10:35:30,30.64,0.0,1,3064,买盘
987,10:35:39,30.64,0.0,30,91920,买盘
988,10:35:42,30.64,0.0,6,18384,买盘
989,10:35:48,30.64,0.0,3,9192,买盘
990,10:35:54,30.64,0.0,1,3064,买盘
991,10:35:57,30.64,0.0,3,9192,买盘
992,10:36:06,30.63,-0.01,9,27567,卖盘
993,10:36:09,30.64,0.01,2,6128,买盘
994,10:36:12,30.64,0.0,2,6128,买盘
995,10:36:24,30.63,-0.01,21,64323,卖盘
996,10:36:42,30.63,0.0,10,30630,卖盘
997,10:36:45,30.63,0.0,10,30630,卖盘
998,10:36:48,30.64,0.01,6,18384,买盘
999,10:36:51,30.64,0.0,31,94984,买盘
1000,10:36:57,30.64,0.0,29,88856,卖盘
1001,10:37:00,30.65,0.01,10,30645,买盘
1002,10:37:06,30.64,-0.01,1,3064,卖盘
1003,10:37:09,30.64,0.0,2,6128,卖盘
1004,10:37:21,30.64,0.0,35,107240,卖盘
1005,10:37:27,30.64,0.0,8,24512,买盘
1006,10:37:33,30.64,0.0,125,383000,买盘
1007,10:37:36,30.64,0.0,4,12259,卖盘
1008,10:37:39,30.65,0.01,17,52105,买盘
1009,10:37:42,30.64,-0.01,10,30648,卖盘
1010,10:37:45,30.65,0.01,103,315695,买盘
1011,10:37:48,30.64,-0.01,7,21448,卖盘
1012,10:37:52,30.65,0.01,5,15325,买盘
1013,10:37:54,30.65,0.0,13,39845,买盘
1014,10:37:58,30.66,0.01,18,55172,买盘
1015,10:38:00,30.67,0.01,86,263687,买盘
1016,10:38:06,30.68,0.01,16,49075,买盘
1017,10:38:09,30.68,0.0,126,386568,买盘
1018,10:38:12,30.69,0.01,4,12276,买盘
1019,10:38:15,30.68,-0.01,20,61360,卖盘
1020,10:38:21,30.68,0.0,10,30686,卖盘
1021,10:38:31,30.69,0.01,11,33759,买盘
1022,10:38:36,30.69,0.0,13,39897,买盘
1023,10:38:39,30.68,-0.01,9,27612,卖盘
1024,10:38:42,30.69,0.01,21,64444,买盘
1025,10:38:45,30.67,-0.02,5,15335,卖盘
1026,10:38:48,30.69,0.02,10,30690,买盘
1027,10:38:51,30.69,0.0,5,15345,买盘
1028,10:38:58,30.69,0.0,13,39897,买盘
1029,10:39:04,30.69,0.0,7,21483,买盘
1030,10:39:06,30.69,0.0,1,3069,买盘
1031,10:39:09,30.69,0.0,4,12276,买盘
1032,10:39:12,30.68,-0.01,3,9205,卖盘
1033,10:39:18,30.69,0.01,4,12276,买盘
1034,10:39:21,30.69,0.0,1,3069,买盘
1035,10:39:24,30.68,-0.01,1,3068,卖盘
1036,10:39:27,30.68,0.0,7,21476,卖盘
1037,10:39:31,30.67,-0.01,6,18402,卖盘
1038,10:39:33,30.67,0.0,3,9201,卖盘
1039,10:39:36,30.68,0.01,17,52156,买盘
1040,10:39:39,30.67,-0.01,4,12268,卖盘
1041,10:39:48,30.68,0.01,8,24544,买盘
1042,10:39:51,30.68,0.0,54,165672,买盘
1043,10:39:54,30.67,-0.01,5,15335,卖盘
1044,10:39:57,30.67,0.0,78,239242,卖盘
1045,10:40:06,30.67,0.0,21,64407,买盘
1046,10:40:09,30.68,0.01,10,30680,买盘
1047,10:40:12,30.67,-0.01,8,24536,卖盘
1048,10:40:15,30.67,0.0,2,6134,卖盘
1049,10:40:18,30.68,0.01,10,30680,买盘
1050,10:40:21,30.67,-0.01,31,95097,卖盘
1051,10:40:24,30.68,0.01,10,30675,买盘
1052,10:40:27,30.68,0.0,6,18408,买盘
1053,10:40:36,30.68,0.0,14,42952,买盘
1054,10:40:39,30.68,0.0,1,3068,买盘
1055,10:40:45,30.66,-0.02,12,36812,卖盘
1056,10:40:48,30.68,0.02,13,39865,买盘
1057,10:40:54,30.68,0.0,112,343584,买盘
1058,10:40:57,30.68,0.0,15,46020,买盘
1059,10:41:00,30.66,-0.02,1,3066,卖盘
1060,10:41:06,30.67,0.01,12,36804,买盘
1061,10:41:09,30.67,0.0,51,156446,卖盘
1062,10:41:15,30.66,-0.01,6,18398,卖盘
1063,10:41:18,30.67,0.01,19,58260,买盘
1064,10:41:27,30.67,0.0,7,21469,买盘
1065,10:41:30,30.66,-0.01,4,12263,中性盘
1066,10:41:36,30.67,0.01,2,6134,买盘
1067,10:41:39,30.67,0.0,30,92010,买盘
1068,10:41:42,30.66,-0.01,4,12266,卖盘
1069,10:41:45,30.66,0.0,15,45990,卖盘
1070,10:41:48,30.68,0.02,10,30680,买盘
1071,10:41:51,30.67,-0.01,12,36797,买盘
1072,10:41:54,30.68,0.01,9,27607,买盘
1073,10:42:04,30.66,-0.02,31,95051,卖盘
1074,10:42:09,30.66,0.0,1,3066,卖盘
1075,10:42:12,30.66,0.0,10,30660,卖盘
1076,10:42:30,30.66,0.0,4,12264,卖盘
1077,10:42:36,30.67,0.01,13,39869,买盘
1078,10:42:42,30.67,0.0,2,6134,卖盘
1079,10:42:45,30.67,0.0,2,6134,卖盘
1080,10:42:51,30.66,-0.01,17,52122,卖盘
1081,10:42:54,30.66,0.0,11,33726,买盘
1082,10:43:00,30.66,0.0,3,9198,卖盘
1083,10:43:09,30.66,0.0,12,36792,卖盘
1084,10:43:12,30.67,0.01,5,15335,买盘
1085,10:43:21,30.67,0.0,6,18402,买盘
1086,10:43:24,30.67,0.0,21,64407,买盘
1087,10:43:27,30.66,-0.01,1,3066,卖盘
1088,10:43:30,30.68,0.02,2,6135,买盘
1089,10:43:33,30.67,-0.01,4,12268,卖盘
1090,10:43:39,30.66,-0.01,18,55188,卖盘
1091,10:43:48,30.67,0.01,24,73604,买盘
1092,10:43:54,30.66,-0.01,2,6132,卖盘
1093,10:43:57,30.67,0.01,7,21468,买盘
1094,10:44:04,30.66,-0.01,2,6132,卖盘
1095,10:44:06,30.67,0.01,46,141038,买盘
1096,10:44:12,30.66,-0.01,20,61320,卖盘
1097,10:44:18,30.67,0.01,70,214690,买盘
1098,10:44:22,30.66,-0.01,10,30660,卖盘
1099,10:44:24,30.66,0.0,15,45990,卖盘
1100,10:44:27,30.66,0.0,54,165564,卖盘
1101,10:44:30,30.65,-0.01,4,12260,卖盘
1102,10:44:36,30.66,0.01,8,24528,买盘
1103,10:44:39,30.65,-0.01,115,352477,卖盘
1104,10:44:48,30.65,0.0,8,24520,卖盘
1105,10:44:51,30.65,0.0,4,12260,卖盘
1106,10:44:54,30.65,0.0,15,45975,卖盘
1107,10:45:00,30.65,0.0,19,58249,卖盘
1108,10:45:04,30.65,0.0,25,76625,卖盘
1109,10:45:06,30.65,0.0,124,380060,卖盘
1110,10:45:09,30.64,-0.01,16,49039,卖盘
1111,10:45:12,30.64,0.0,17,52088,卖盘
1112,10:45:18,30.63,-0.01,53,162339,卖盘
1113,10:45:24,30.63,0.0,30,91891,卖盘
1114,10:45:27,30.63,0.0,14,42882,卖盘
1115,10:45:30,30.63,0.0,65,199095,卖盘
1116,10:45:33,30.63,0.0,8,24504,卖盘
1117,10:45:36,30.63,0.0,4,12252,卖盘
1118,10:45:42,30.63,0.0,5,15315,卖盘
1119,10:45:51,30.63,0.0,7,21441,卖盘
1120,10:45:54,30.63,0.0,5,15315,卖盘
1121,10:45:57,30.63,0.0,10,29558,卖盘
1122,10:46:00,30.62,-0.01,4,12248,卖盘
1123,10:46:06,30.62,0.0,11,33804,卖盘
1124,10:46:09,30.62,0.0,3,9186,买盘
1125,10:46:12,30.62,0.0,30,91856,买盘
1126,10:46:15,30.61,-0.01,1,3061,卖盘
1127,10:46:18,30.61,0.0,4,12244,卖盘
1128,10:46:21,30.61,0.0,6,18366,卖盘
1129,10:46:27,30.61,0.0,3,9183,卖盘
1130,10:46:42,30.6,-0.01,3,9180,卖盘
1131,10:46:45,30.6,0.0,2,6120,卖盘
1132,10:46:48,30.6,0.0,4,12240,卖盘
1133,10:47:00,30.59,-0.01,4,12236,卖盘
1134,10:47:06,30.59,0.0,10,30590,卖盘
1135,10:47:09,30.59,0.0,2,6118,卖盘
1136,10:47:15,30.59,0.0,3,9177,卖盘
1137,10:47:24,30.59,0.0,1,3059,卖盘
1138,10:47:27,30.6,0.01,2,6120,买盘
1139,10:47:30,30.59,-0.01,6,18356,卖盘
1140,10:47:33,30.59,0.0,15,45898,卖盘
1141,10:47:36,30.59,0.0,31,94830,卖盘
1142,10:47:45,30.6,0.01,17,52016,买盘
1143,10:47:48,30.6,0.0,10,30600,买盘
1144,10:47:51,30.6,0.0,13,39774,买盘
1145,10:47:54,30.6,0.0,234,715986,买盘
1146,10:47:57,30.6,0.0,8,24480,卖盘
1147,10:48:00,30.6,0.0,3,9180,卖盘
1148,10:48:06,30.61,0.01,13,39790,买盘
1149,10:48:12,30.6,-0.01,30,91819,卖盘
1150,10:48:21,30.61,0.01,1,3061,买盘
1151,10:48:24,30.61,0.0,9,27549,买盘
1152,10:48:33,30.61,0.0,1,3061,卖盘
1153,10:48:39,30.61,0.0,1,3061,卖盘
1154,10:48:51,30.61,0.0,1,3061,卖盘
1155,10:48:57,30.62,0.01,1,3062,买盘
1156,10:49:00,30.61,-0.01,3,9183,卖盘
1157,10:49:30,30.61,0.0,1,3061,卖盘
1158,10:49:33,30.61,0.0,53,162233,卖盘
1159,10:49:36,30.61,0.0,10,30610,卖盘
1160,10:49:39,30.6,-0.01,40,122400,卖盘
1161,10:49:42,30.6,0.0,13,39780,卖盘
1162,10:49:45,30.6,0.0,50,153000,卖盘
1163,10:49:48,30.59,-0.01,32,97907,卖盘
1164,10:49:57,30.58,-0.01,4,12232,卖盘
1165,10:50:00,30.58,0.0,9,27522,卖盘
1166,10:50:04,30.58,0.0,3,9174,卖盘
1167,10:50:06,30.58,0.0,50,152900,卖盘
1168,10:50:12,30.58,0.0,133,406714,卖盘
1169,10:50:18,30.56,-0.02,35,106963,卖盘
1170,10:50:21,30.57,0.01,3,9171,买盘
1171,10:50:24,30.56,-0.01,4,12224,卖盘
1172,10:50:27,30.56,0.0,5,15280,卖盘
1173,10:50:30,30.55,-0.01,11,33605,卖盘
1174,10:50:33,30.57,0.02,2,6114,卖盘
1175,10:50:36,30.57,0.0,16,48922,卖盘
1176,10:50:39,30.58,0.01,67,204886,买盘
1177,10:50:42,30.58,0.0,1,3058,卖盘
1178,10:50:48,30.58,0.0,6,18348,卖盘
1179,10:50:51,30.58,0.0,65,198770,卖盘
1180,10:50:57,30.58,0.0,6,18348,卖盘
1181,10:51:04,30.57,-0.01,3,9171,卖盘
1182,10:51:06,30.57,0.0,1,3057,卖盘
1183,10:51:09,30.55,-0.02,50,152750,卖盘
1184,10:51:21,30.55,0.0,13,39715,卖盘
1185,10:51:27,30.55,0.0,1,3055,卖盘
1186,10:51:33,30.56,0.01,4,12225,中性盘
1187,10:51:36,30.56,0.0,2,6112,卖盘
1188,10:51:39,30.56,0.0,4,12224,卖盘
1189,10:51:54,30.57,0.01,30,91710,买盘
1190,10:51:57,30.56,-0.01,4,12224,卖盘
1191,10:52:00,30.57,0.01,5,15285,买盘
1192,10:52:06,30.56,-0.01,3,9168,卖盘
1193,10:52:12,30.55,-0.01,50,152761,卖盘
1194,10:52:15,30.56,0.01,4,12224,中性盘
1195,10:52:21,30.55,-0.01,13,39724,卖盘
1196,10:52:24,30.56,0.01,2,6112,买盘
1197,10:52:27,30.56,0.0,5,15280,买盘
1198,10:52:30,30.56,0.0,3,9168,卖盘
1199,10:52:36,30.56,0.0,4,12224,卖盘
1200,10:52:39,30.58,0.02,27,82566,买盘
1201,10:52:48,30.57,-0.01,2,6114,买盘
1202,10:52:58,30.56,-0.01,3,9168,卖盘
1203,10:53:01,30.56,0.0,4,12224,卖盘
1204,10:53:04,30.56,0.0,9,27504,卖盘
1205,10:53:06,30.57,0.01,9,27513,买盘
1206,10:53:12,30.56,-0.01,12,36674,卖盘
1207,10:53:18,30.56,0.0,5,15281,卖盘
1208,10:53:24,30.56,0.0,40,122241,卖盘
1209,10:53:33,30.57,0.01,1,3057,卖盘
1210,10:53:48,30.57,0.0,2,6114,卖盘
1211,10:53:51,30.57,0.0,4,12228,买盘
1212,10:54:00,30.56,-0.01,1,3056,卖盘
1213,10:54:04,30.57,0.01,8,24456,买盘
1214,10:54:18,30.58,0.01,23,70321,买盘
1215,10:54:27,30.58,0.0,5,15286,买盘
1216,10:54:30,30.58,0.0,1,3058,买盘
1217,10:54:33,30.57,-0.01,1,3057,卖盘
1218,10:54:36,30.58,0.01,16,48928,买盘
1219,10:54:39,30.58,0.0,2,6116,买盘
1220,10:54:42,30.58,0.0,3,9174,买盘
1221,10:55:04,30.56,-0.02,3,9168,卖盘
1222,10:55:06,30.56,0.0,4,12224,卖盘
1223,10:55:10,30.57,0.01,3,9171,买盘
1224,10:55:18,30.57,0.0,3,9171,买盘
1225,10:55:21,30.57,0.0,2,6114,卖盘
1226,10:55:24,30.55,-0.02,402,1228407,卖盘
1227,10:55:36,30.56,0.01,1,3056,买盘
1228,10:55:39,30.55,-0.01,2,6111,卖盘
1229,10:55:42,30.55,0.0,13,39715,卖盘
1230,10:56:00,30.56,0.01,10,30560,卖盘
1231,10:56:06,30.56,0.0,15,45868,卖盘
1232,10:56:09,30.56,0.0,4,12224,卖盘
1233,10:56:12,30.56,0.0,3,9168,卖盘
1234,10:56:21,30.56,0.0,8,24448,买盘
1235,10:56:24,30.56,0.0,1,3056,卖盘
1236,10:56:30,30.56,0.0,5,15280,卖盘
1237,10:56:39,30.57,0.01,2,6114,买盘
1238,10:56:48,30.56,-0.01,31,94736,卖盘
1239,10:56:51,30.56,0.0,19,58079,卖盘
1240,10:57:01,30.58,0.02,7,21406,买盘
1241,10:57:09,30.56,-0.02,16,48896,卖盘
1242,10:57:19,30.58,0.02,56,171248,买盘
1243,10:57:45,30.56,-0.02,43,131491,卖盘
1244,10:57:48,30.56,0.0,2,6112,卖盘
1245,10:57:54,30.56,0.0,2,6112,卖盘
1246,10:58:03,30.56,0.0,63,192616,卖盘
1247,10:58:15,30.59,0.03,3,9177,卖盘
1248,10:58:21,30.59,0.0,17,52003,买盘
1249,10:58:24,30.59,0.0,1,3059,卖盘
1250,10:58:27,30.59,0.0,5,15295,卖盘
1251,10:58:30,30.59,0.0,16,48944,卖盘
1252,10:58:51,30.55,-0.04,41,125282,卖盘
1253,10:59:00,30.56,0.01,3,9168,卖盘
1254,10:59:06,30.56,0.0,2,6112,卖盘
1255,10:59:12,30.59,0.03,1,3059,买盘
1256,10:59:16,30.59,0.0,3,9176,买盘
1257,10:59:21,30.56,-0.03,41,125296,卖盘
1258,10:59:24,30.55,-0.01,1,3055,卖盘
1259,10:59:27,30.55,0.0,10,30550,卖盘
1260,10:59:42,30.56,0.01,5,15280,买盘
1261,10:59:45,30.55,-0.01,2,6110,卖盘
1262,10:59:51,30.55,0.0,3,9165,卖盘
1263,10:59:57,30.55,0.0,10,30550,卖盘
1264,11:00:00,30.55,0.0,20,61100,卖盘
1265,11:00:06,30.56,0.01,3,9166,买盘
1266,11:00:09,30.55,-0.01,3,9165,卖盘
1267,11:00:12,30.55,0.0,1,3055,卖盘
1268,11:00:24,30.55,0.0,10,30550,卖盘
1269,11:00:42,30.55,0.0,100,305500,卖盘
1270,11:00:45,30.55,0.0,35,106925,卖盘
1271,11:00:48,30.55,0.0,10,30558,卖盘
1272,11:00:58,30.56,0.01,25,76388,买盘
1273,11:01:01,30.56,0.0,19,58064,买盘
1274,11:01:06,30.55,-0.01,19,58050,卖盘
1275,11:01:09,30.55,0.0,3,9165,卖盘
1276,11:01:12,30.52,-0.03,151,460493,卖盘
1277,11:01:16,30.55,0.03,10,30550,买盘
1278,11:01:27,30.52,-0.03,6,18312,卖盘
1279,11:01:39,30.54,0.02,8,24432,买盘
1280,11:01:42,30.54,0.0,6,18324,买盘
1281,11:01:45,30.53,-0.01,10,30538,中性盘
1282,11:01:48,30.54,0.01,3,9162,买盘
1283,11:01:51,30.54,0.0,43,131356,卖盘
1284,11:01:54,30.54,0.0,28,85536,卖盘
1285,11:01:57,30.54,0.0,2,6108,卖盘
1286,11:02:04,30.54,0.0,1,3054,买盘
1287,11:02:09,30.53,-0.01,2,6106,卖盘
1288,11:02:12,30.54,0.01,1,3054,买盘
1289,11:02:15,30.54,0.0,1,3054,买盘
1290,11:02:24,30.54,0.0,10,30540,卖盘
1291,11:02:27,30.54,0.0,142,433568,买盘
1292,11:02:30,30.53,-0.01,1,3053,卖盘
1293,11:02:33,30.53,0.0,13,39689,卖盘
1294,11:02:43,30.53,0.0,13,39679,买盘
1295,11:02:48,30.53,0.0,34,103802,买盘
1296,11:02:51,30.5,-0.03,200,610208,卖盘
1297,11:03:15,30.52,0.02,4,12208,买盘
1298,11:03:19,30.51,-0.01,3,9153,卖盘
1299,11:03:22,30.51,0.0,8,24408,卖盘
1300,11:03:24,30.52,0.01,16,48829,买盘
1301,11:03:27,30.52,0.0,10,30520,卖盘
1302,11:03:33,30.52,0.0,5,15260,卖盘
1303,11:03:36,30.52,0.0,12,36634,卖盘
1304,11:03:39,30.52,0.0,2,6104,卖盘
1305,11:03:57,30.53,0.01,9,27477,买盘
1306,11:04:00,30.53,0.0,3,9159,卖盘
1307,11:04:09,30.53,0.0,11,33583,卖盘
1308,11:04:15,30.54,0.01,1,3054,买盘
1309,11:04:18,30.54,0.0,11,33594,买盘
1310,11:04:21,30.53,-0.01,13,39696,卖盘
1311,11:04:33,30.54,0.01,4,12216,买盘
1312,11:04:36,30.53,-0.01,2,6106,卖盘
1313,11:04:42,30.54,0.01,1,3054,买盘
1314,11:05:15,30.55,0.01,17,51925,买盘
1315,11:05:24,30.54,-0.01,18,54972,卖盘
1316,11:05:45,30.54,0.0,1,3054,买盘
1317,11:05:51,30.54,0.0,50,152700,买盘
1318,11:05:57,30.54,0.0,10,30540,买盘
1319,11:06:00,30.54,0.0,4,12216,买盘
1320,11:06:04,30.54,0.0,4,12216,买盘
1321,11:06:06,30.54,0.0,28,85529,卖盘
1322,11:06:12,30.54,0.0,23,70263,卖盘
1323,11:06:15,30.55,0.01,2,6110,买盘
1324,11:06:21,30.55,0.0,50,152750,买盘
1325,11:06:24,30.55,0.0,10,30550,买盘
1326,11:06:30,30.55,0.0,10,30550,买盘
1327,11:06:33,30.55,0.0,9,28228,买盘
1328,11:06:42,30.55,0.0,16,48149,卖盘
1329,11:06:45,30.55,0.0,1,3055,买盘
1330,11:06:57,30.55,0.0,6,18331,卖盘
1331,11:07:03,30.56,0.01,6,18336,买盘
1332,11:07:15,30.56,0.0,1,3056,买盘
1333,11:07:18,30.56,0.0,20,61120,买盘
1334,11:07:24,30.55,-0.01,5,15275,卖盘
1335,11:07:33,30.56,0.01,3,9168,买盘
1336,11:07:36,30.56,0.0,2,6112,买盘
1337,11:07:39,30.56,0.0,26,79456,买盘
1338,11:08:00,30.57,0.01,12,36684,买盘
1339,11:08:06,30.57,0.0,9,27513,买盘
1340,11:08:21,30.57,0.0,2,6114,卖盘
1341,11:08:30,30.57,0.0,1,3057,买盘
1342,11:08:48,30.56,-0.01,25,76405,卖盘
1343,11:08:54,30.56,0.0,2,6112,买盘
1344,11:08:57,30.57,0.01,1,3057,卖盘
1345,11:09:06,30.57,0.0,38,116166,卖盘
1346,11:09:09,30.57,0.0,11,33627,卖盘
1347,11:09:21,30.57,0.0,45,137565,买盘
1348,11:09:33,30.57,0.0,4,12228,卖盘
1349,11:09:36,30.58,0.01,54,165132,买盘
1350,11:09:42,30.58,0.0,3,9174,卖盘
1351,11:10:00,30.58,0.0,50,152900,卖盘
1352,11:10:09,30.58,0.0,2,6116,卖盘
1353,11:10:21,30.58,0.0,25,76450,卖盘
1354,11:10:27,30.58,0.0,7,21406,卖盘
1355,11:10:36,30.59,0.01,2,6118,买盘
1356,11:10:45,30.59,0.0,5,15295,买盘
1357,11:11:03,30.59,0.0,5,15295,买盘
1358,11:11:06,30.58,-0.01,1,3058,卖盘
1359,11:11:09,30.58,0.0,30,91740,卖盘
1360,11:11:12,30.58,0.0,2,6116,卖盘
1361,11:11:15,30.58,0.0,2,6116,卖盘
1362,11:11:18,30.58,0.0,2,6116,买盘
1363,11:11:36,30.58,0.0,1,3058,买盘
1364,11:11:48,30.57,-0.01,3,9171,卖盘
1365,11:11:51,30.57,0.0,1,3057,卖盘
1366,11:12:12,30.57,0.0,12,36691,卖盘
1367,11:12:15,30.57,0.0,7,21399,卖盘
1368,11:12:27,30.55,-0.02,5,15275,卖盘
1369,11:12:36,30.57,0.02,5,15284,买盘
1370,11:12:51,30.55,-0.02,23,70265,卖盘
1371,11:13:00,30.54,-0.01,22,67188,卖盘
1372,11:13:04,30.55,0.01,36,109980,买盘
1373,11:13:48,30.55,0.0,16,48880,卖盘
1374,11:14:00,30.55,0.0,2,6110,卖盘
1375,11:14:09,30.57,0.02,5,15285,买盘
1376,11:14:22,30.57,0.0,3,9171,买盘
1377,11:14:39,30.55,-0.02,3,9165,卖盘
1378,11:14:42,30.54,-0.01,7,21378,卖盘
1379,11:14:51,30.55,0.01,5,15275,买盘
1380,11:14:54,30.55,0.0,3,9165,卖盘
1381,11:15:15,30.57,0.02,1,3057,买盘
1382,11:15:33,30.57,0.0,30,91710,买盘
1383,11:15:36,30.55,-0.02,7,21395,卖盘
1384,11:15:48,30.55,0.0,5,15275,买盘
1385,11:15:51,30.55,0.0,5,15275,买盘
1386,11:16:00,30.55,0.0,6,18325,买盘
1387,11:16:12,30.55,0.0,9,27495,买盘
1388,11:16:15,30.54,-0.01,20,61087,卖盘
1389,11:16:24,30.55,0.01,1,3055,卖盘
1390,11:16:27,30.57,0.02,13,39741,买盘
1391,11:16:36,30.57,0.0,17,51969,买盘
1392,11:16:40,30.58,0.01,24,73299,买盘
1393,11:16:42,30.58,0.0,3,9174,买盘
1394,11:16:45,30.58,0.0,9,27522,买盘
1395,11:17:27,30.58,0.0,2,6116,买盘
1396,11:17:45,30.58,0.0,17,51986,卖盘
1397,11:18:04,30.57,-0.01,1,3057,卖盘
1398,11:18:06,30.58,0.01,1,3058,买盘
1399,11:18:15,30.58,0.0,19,58102,买盘
1400,11:18:18,30.57,-0.01,1,3057,卖盘
1401,11:18:21,30.57,0.0,1,3057,卖盘
1402,11:18:24,30.57,0.0,4,12320,卖盘
1403,11:18:36,30.57,0.0,7,21399,买盘
1404,11:18:48,30.55,-0.02,1,3055,卖盘
1405,11:19:00,30.57,0.02,12,36684,买盘
1406,11:19:51,30.56,-0.01,2,6112,买盘
1407,11:20:00,30.55,-0.01,2,6110,卖盘
1408,11:20:09,30.56,0.01,13,39723,买盘
1409,11:20:33,30.55,-0.01,2,6110,卖盘
1410,11:20:36,30.55,0.0,31,94705,卖盘
1411,11:20:42,30.56,0.01,5,15280,买盘
1412,11:20:51,30.55,-0.01,1,3055,卖盘
1413,11:21:24,30.55,0.0,15,45825,卖盘
1414,11:21:33,30.55,0.0,5,15275,卖盘
1415,11:21:51,30.54,-0.01,8,24432,卖盘
1416,11:22:06,30.54,0.0,4,12216,卖盘
1417,11:22:09,30.55,0.01,1,3055,买盘
1418,11:22:12,30.55,0.0,4,12220,买盘
1419,11:22:18,30.54,-0.01,8,24432,卖盘
1420,11:22:33,30.54,0.0,1,3054,卖盘
1421,11:22:36,30.54,0.0,6,18325,卖盘
1422,11:22:39,30.54,0.0,4,12216,卖盘
1423,11:23:06,30.54,0.0,2,6108,卖盘
1424,11:23:42,30.54,0.0,5,15270,卖盘
1425,11:24:09,30.55,0.01,10,30545,买盘
1426,11:24:21,30.55,0.0,25,76375,买盘
1427,11:24:36,30.56,0.01,1,3056,买盘
1428,11:24:57,30.56,0.0,2,6112,买盘
1429,11:25:06,30.56,0.0,1,3056,买盘
1430,11:25:15,30.56,0.0,1,3056,买盘
1431,11:25:18,30.56,0.0,5,15280,买盘
1432,11:25:24,30.56,0.0,20,61120,买盘
1433,11:25:36,30.55,-0.01,10,30550,卖盘
1434,11:25:39,30.56,0.01,21,64176,买盘
1435,11:25:42,30.55,-0.01,40,122206,卖盘
1436,11:26:15,30.55,0.0,14,42770,卖盘
1437,11:26:21,30.55,0.0,7,21385,卖盘
1438,11:26:24,30.55,0.0,4,12220,卖盘
1439,11:26:42,30.55,0.0,1,3055,卖盘
1440,11:27:54,30.55,0.0,3,9165,卖盘
1441,11:28:00,30.56,0.01,3,9168,买盘
1442,11:28:03,30.55,-0.01,28,85540,卖盘
1443,11:28:06,30.55,0.0,5,15275,卖盘
1444,11:28:09,30.56,0.01,10,30560,买盘
1445,11:28:12,30.55,-0.01,9,27495,卖盘
1446,11:28:21,30.55,0.0,2,6110,卖盘
1447,11:28:27,30.56,0.01,1,3056,买盘
1448,11:28:42,30.56,0.0,6,18336,买盘
1449,11:28:45,30.55,-0.01,1,3055,卖盘
1450,11:28:57,30.56,0.01,2,6112,买盘
1451,11:29:03,30.55,-0.01,1,3055,卖盘
1452,11:29:06,30.56,0.01,86,262806,买盘
1453,11:29:09,30.55,-0.01,14,42770,卖盘
1454,11:29:12,30.56,0.01,15,45830,买盘
1455,11:29:18,30.55,-0.01,1,3055,卖盘
1456,11:29:45,30.56,0.01,2,6112,买盘
1457,11:30:00,30.56,0.0,2,6112,卖盘
1458,13:00:03,30.58,0.02,164,501233,买盘
1459,13:00:06,30.56,-0.02,11,33618,卖盘
1460,13:00:09,30.56,0.0,6,18336,卖盘
1461,13:00:21,30.57,0.01,2,6114,卖盘
1462,13:00:30,30.57,0.0,4,12228,卖盘
1463,13:01:18,30.57,0.0,2,6114,卖盘
1464,13:01:21,30.57,0.0,1,3057,卖盘
1465,13:01:27,30.58,0.01,3,9174,买盘
1466,13:01:36,30.58,0.0,5,15290,买盘
1467,13:01:43,30.58,0.0,1,3058,买盘
1468,13:01:45,30.57,-0.01,2,6114,卖盘
1469,13:01:54,30.57,0.0,1,3057,卖盘
1470,13:01:57,30.56,-0.01,14,42796,卖盘
1471,13:02:09,30.56,0.0,9,27596,卖盘
1472,13:02:12,30.55,-0.01,83,253566,卖盘
1473,13:02:15,30.56,0.01,2,6112,买盘
1474,13:02:18,30.55,-0.01,1,3055,卖盘
1475,13:02:27,30.55,0.0,1,3055,卖盘
1476,13:02:30,30.55,0.0,4,12220,卖盘
1477,13:02:39,30.55,0.0,11,33605,卖盘
1478,13:02:45,30.55,0.0,29,88595,卖盘
1479,13:02:54,30.54,-0.01,15,45828,卖盘
1480,13:03:09,30.55,0.01,54,164829,买盘
1481,13:03:15,30.54,-0.01,54,164916,卖盘
1482,13:03:18,30.54,0.0,2,6108,卖盘
1483,13:03:21,30.54,0.0,2,6108,卖盘
1484,13:03:25,30.54,0.0,11,33686,卖盘
1485,13:03:37,30.53,-0.01,3,9159,卖盘
1486,13:03:39,30.53,0.0,3,9159,卖盘
1487,13:03:42,30.53,0.0,16,48848,卖盘
1488,13:03:54,30.51,-0.02,27,82401,卖盘
1489,13:04:09,30.51,0.0,30,91530,卖盘
1490,13:04:27,30.51,0.0,5,15255,卖盘
1491,13:04:36,30.51,0.0,8,24408,卖盘
1492,13:04:42,30.52,0.01,4,12208,买盘
1493,13:04:45,30.51,-0.01,6,18306,卖盘
1494,13:04:48,30.51,0.0,5,15255,卖盘
1495,13:04:54,30.52,0.01,25,76279,买盘
1496,13:05:00,30.52,0.0,2,6104,买盘
1497,13:05:04,30.52,0.0,5,15260,卖盘
1498,13:05:06,30.52,0.0,1,3052,卖盘
1499,13:05:09,30.52,0.0,1,3052,买盘
1500,13:05:24,30.53,0.01,13,39689,买盘
1501,13:05:36,30.52,-0.01,36,109872,卖盘
1502,13:05:48,30.51,-0.01,1,3051,卖盘
1503,13:05:51,30.58,0.07,586,1791217,买盘
1504,13:05:54,30.52,-0.06,1,3052,买盘
1505,13:06:00,30.52,0.0,32,97634,买盘
1506,13:06:04,30.51,-0.01,3,9153,卖盘
1507,13:06:09,30.57,0.06,16,48912,买盘
1508,13:06:15,30.51,-0.06,2,6102,卖盘
1509,13:06:30,30.56,0.05,5,15276,买盘
1510,13:06:42,30.52,-0.04,1,3052,卖盘
1511,13:06:48,30.55,0.03,5,15272,买盘
1512,13:07:27,30.55,0.0,11,33605,买盘
1513,13:07:30,30.55,0.0,10,30550,卖盘
1514,13:07:42,30.55,0.0,16,48880,卖盘
1515,13:07:45,30.56,0.01,15,45836,买盘
1516,13:07:48,30.56,0.0,124,378574,买盘
1517,13:07:54,30.55,-0.01,5,15275,卖盘
1518,13:08:04,30.55,0.0,1,3055,买盘
1519,13:08:15,30.51,-0.04,4,12204,卖盘
1520,13:08:19,30.51,0.0,2,6102,卖盘
1521,13:08:21,30.51,0.0,3,9153,卖盘
1522,13:08:24,30.51,0.0,2,6102,卖盘
1523,13:08:30,30.53,0.02,43,131279,卖盘
1524,13:08:33,30.53,0.0,15,45795,卖盘
1525,13:08:36,30.51,-0.02,34,103734,卖盘
1526,13:08:39,30.51,0.0,6,18306,卖盘
1527,13:08:42,30.51,0.0,16,48816,卖盘
1528,13:08:48,30.51,0.0,13,39663,卖盘
1529,13:08:54,30.51,0.0,17,51869,卖盘
1530,13:09:04,30.51,0.0,18,54918,卖盘
1531,13:09:06,30.51,0.0,1,3051,买盘
1532,13:09:09,30.51,0.0,7,21351,买盘
1533,13:09:15,30.5,-0.01,10,30500,卖盘
1534,13:09:27,30.5,0.0,13,39650,卖盘
1535,13:09:30,30.5,0.0,3,9150,卖盘
1536,13:09:33,30.51,0.01,41,125091,买盘
1537,13:09:36,30.5,-0.01,1,3050,卖盘
1538,13:09:40,30.5,0.0,3,9150,卖盘
1539,13:09:42,30.51,0.01,1,3051,买盘
1540,13:09:45,30.5,-0.01,3,9150,卖盘
1541,13:09:51,30.5,0.0,138,420900,卖盘
1542,13:09:54,30.5,0.0,2,6100,买盘
1543,13:10:00,30.49,-0.01,2,6098,卖盘
1544,13:10:04,30.49,0.0,20,60980,卖盘
1545,13:10:06,30.49,0.0,3,9147,卖盘
1546,13:10:09,30.49,0.0,4,12196,卖盘
1547,13:10:12,30.49,0.0,10,30490,卖盘
1548,13:10:15,30.5,0.01,17,51835,买盘
1549,13:10:18,30.49,-0.01,4,12196,卖盘
1550,13:10:21,30.49,0.0,10,30490,卖盘
1551,13:10:24,30.49,0.0,21,64029,卖盘
1552,13:10:27,30.49,0.0,13,39637,卖盘
1553,13:10:30,30.5,0.01,8,24400,买盘
1554,13:10:36,30.49,-0.01,30,91470,卖盘
1555,13:10:39,30.49,0.0,17,51833,卖盘
1556,13:10:42,30.49,0.0,8,24392,卖盘
1557,13:10:48,30.49,0.0,4,12196,卖盘
1558,13:10:51,30.49,0.0,35,106715,卖盘
1559,13:10:57,30.5,0.01,60,183000,买盘
1560,13:11:09,30.49,-0.01,1,3049,卖盘
1561,13:11:12,30.5,0.01,8,24400,买盘
1562,13:11:15,30.5,0.0,3,9148,买盘
1563,13:11:18,30.49,-0.01,15,45735,卖盘
1564,13:11:28,30.5,0.01,100,305000,买盘
1565,13:11:31,30.5,0.0,30,91500,买盘
1566,13:11:33,30.5,0.0,66,201300,买盘
1567,13:11:43,30.49,-0.01,31,94519,卖盘
1568,13:11:48,30.48,-0.01,2,6096,卖盘
1569,13:11:51,30.48,0.0,15,45720,卖盘
1570,13:11:54,30.48,0.0,50,152400,卖盘
1571,13:12:04,30.48,0.0,4,12192,卖盘
1572,13:12:09,30.48,0.0,12,36576,卖盘
1573,13:12:12,30.48,0.0,6,18288,卖盘
1574,13:12:21,30.49,0.01,4,12196,买盘
1575,13:12:24,30.49,0.0,12,36588,买盘
1576,13:12:27,30.49,0.0,50,152450,买盘
1577,13:12:33,30.48,-0.01,1,3048,卖盘
1578,13:12:36,30.48,0.0,2,6096,卖盘
1579,13:12:42,30.48,0.0,4,12192,卖盘
1580,13:12:51,30.49,0.01,2,6097,买盘
1581,13:12:57,30.48,-0.01,1,3048,卖盘
1582,13:13:03,30.48,0.0,3,9144,卖盘
1583,13:13:12,30.48,0.0,2,6096,卖盘
1584,13:13:21,30.49,0.01,12,36588,买盘
1585,13:13:27,30.49,0.0,11,33539,买盘
1586,13:13:30,30.49,0.0,14,42684,买盘
1587,13:13:36,30.49,0.0,5,15245,买盘
1588,13:13:39,30.48,-0.01,10,30481,卖盘
1589,13:13:42,30.49,0.01,4,12196,卖盘
1590,13:13:45,30.49,0.0,1,3049,卖盘
1591,13:13:51,30.49,0.0,15,45735,卖盘
1592,13:13:54,30.48,-0.01,2,6096,卖盘
1593,13:14:06,30.48,0.0,1,3048,卖盘
1594,13:14:12,30.49,0.01,102,310998,买盘
1595,13:14:18,30.49,0.0,2,6098,卖盘
1596,13:14:27,30.49,0.0,1,3049,卖盘
1597,13:14:30,30.49,0.0,2,6098,卖盘
1598,13:14:33,30.49,0.0,13,39637,卖盘
1599,13:14:39,30.48,-0.01,2,6096,卖盘
1600,13:14:46,30.49,0.01,13,39627,买盘
1601,13:14:48,30.48,-0.01,30,91440,卖盘
1602,13:14:57,30.49,0.01,5,15245,买盘
1603,13:15:03,30.48,-0.01,2,6096,卖盘
1604,13:15:06,30.48,0.0,15,45720,卖盘
1605,13:15:21,30.48,0.0,4,12192,卖盘
1606,13:15:27,30.48,0.0,7,21336,卖盘
1607,13:15:30,30.48,0.0,15,45720,卖盘
1608,13:15:33,30.48,0.0,5,15240,卖盘
1609,13:15:42,30.49,0.01,15,45735,买盘
1610,13:15:45,30.48,-0.01,3,9144,卖盘
1611,13:16:00,30.48,0.0,28,85344,卖盘
1612,13:16:03,30.47,-0.01,20,60940,卖盘
1613,13:16:12,30.48,0.01,45,137159,买盘
1614,13:16:24,30.47,-0.01,4,12188,卖盘
1615,13:16:27,30.46,-0.01,20,60925,卖盘
1616,13:16:30,30.46,0.0,10,30460,卖盘
1617,13:16:42,30.46,0.0,2,6092,卖盘
1618,13:16:48,30.46,0.0,17,51782,卖盘
1619,13:16:51,30.45,-0.01,1,3045,卖盘
1620,13:16:57,30.45,0.0,28,85260,卖盘
1621,13:17:00,30.45,0.0,20,60900,卖盘
1622,13:17:04,30.45,0.0,2,6090,卖盘
1623,13:17:06,30.45,0.0,20,60900,卖盘
1624,13:17:09,30.45,0.0,5,15225,卖盘
1625,13:17:15,30.45,0.0,1,3045,卖盘
1626,13:17:18,30.45,0.0,21,63945,卖盘
1627,13:17:21,30.45,0.0,6,18270,卖盘
1628,13:17:24,30.46,0.01,5,15230,买盘
1629,13:17:30,30.46,0.0,60,182720,买盘
1630,13:17:36,30.46,0.0,11,33506,买盘
1631,13:17:39,30.46,0.0,54,164484,买盘
1632,13:17:45,30.46,0.0,1,3046,买盘
1633,13:17:51,30.46,0.0,1,3046,中性盘
1634,13:17:54,30.45,-0.01,2,6090,卖盘
1635,13:18:00,30.46,0.01,10,30460,买盘
1636,13:18:03,30.45,-0.01,2,6090,卖盘
1637,13:18:06,30.46,0.01,1,3046,买盘
1638,13:18:09,30.45,-0.01,10,30450,卖盘
1639,13:18:12,30.46,0.01,6,18275,买盘
1640,13:18:27,30.46,0.0,1,3046,买盘
1641,13:18:30,30.45,-0.01,3,9136,卖盘
1642,13:18:33,30.45,0.0,10,30450,卖盘
1643,13:18:36,30.46,0.01,10,30460,买盘
1644,13:18:39,30.45,-0.01,1,3045,卖盘
1645,13:18:45,30.45,0.0,23,70035,卖盘
1646,13:18:48,30.45,0.0,26,79170,卖盘
1647,13:18:51,30.45,0.0,3,9135,卖盘
1648,13:18:57,30.46,0.01,20,60920,买盘
1649,13:19:00,30.45,-0.01,17,51765,卖盘
1650,13:19:06,30.45,0.0,3,9135,卖盘
1651,13:19:09,30.46,0.01,4,12184,买盘
1652,13:19:12,30.45,-0.01,10,30450,卖盘
1653,13:19:15,30.45,0.0,3,9136,卖盘
1654,13:19:18,30.46,0.01,10,30460,买盘
1655,13:19:24,30.46,0.0,25,76150,买盘
1656,13:19:27,30.45,-0.01,6,18270,卖盘
1657,13:19:30,30.45,0.0,6,18270,卖盘
1658,13:19:36,30.44,-0.01,34,103520,卖盘
1659,13:19:48,30.44,0.0,25,76100,卖盘
1660,13:20:00,30.43,-0.01,5,15215,卖盘
1661,13:20:03,30.43,0.0,28,85218,卖盘
1662,13:20:06,30.43,0.0,8,24344,卖盘
1663,13:20:09,30.43,0.0,15,45645,卖盘
1664,13:20:12,30.42,-0.01,62,188604,卖盘
1665,13:20:21,30.42,0.0,21,63862,买盘
1666,13:20:27,30.41,-0.01,3,9123,卖盘
1667,13:20:30,30.41,0.0,10,30410,卖盘
1668,13:20:33,30.41,0.0,33,100353,卖盘
1669,13:20:36,30.41,0.0,31,94271,卖盘
1670,13:20:39,30.41,0.0,4,12164,卖盘
1671,13:20:45,30.41,0.0,9,27369,卖盘
1672,13:20:49,30.41,0.0,2,6082,卖盘
1673,13:20:51,30.41,0.0,32,97310,买盘
1674,13:20:54,30.4,-0.01,8,24320,卖盘
1675,13:20:57,30.41,0.01,27,82099,买盘
1676,13:21:00,30.41,0.0,28,85129,买盘
1677,13:21:09,30.41,0.0,3,9123,卖盘
1678,13:21:24,30.41,0.0,35,106405,买盘
1679,13:21:27,30.4,-0.01,20,60800,卖盘
1680,13:21:30,30.4,0.0,17,51692,卖盘
1681,13:21:33,30.41,0.01,12,36492,买盘
1682,13:21:39,30.4,-0.01,2,6080,卖盘
1683,13:21:42,30.41,0.01,35,106432,买盘
1684,13:21:45,30.4,-0.01,2,6080,卖盘
1685,13:21:48,30.41,0.01,48,145968,买盘
1686,13:21:51,30.4,-0.01,67,203682,卖盘
1687,13:21:55,30.4,0.0,10,30400,买盘
1688,13:22:00,30.39,-0.01,60,182381,卖盘
1689,13:22:06,30.39,0.0,21,63834,卖盘
1690,13:22:09,30.4,0.01,5,15200,买盘
1691,13:22:12,30.39,-0.01,5,15195,卖盘
1692,13:22:15,30.39,0.0,20,60780,买盘
1693,13:22:18,30.39,0.0,5,15195,买盘
1694,13:22:21,30.37,-0.02,27,82021,卖盘
1695,13:22:24,30.39,0.02,12,36468,买盘
1696,13:22:33,30.39,0.0,1,3039,卖盘
1697,13:22:36,30.39,0.0,17,51673,卖盘
1698,13:22:39,30.39,0.0,4,12156,卖盘
1699,13:22:45,30.39,0.0,1,3039,卖盘
1700,13:22:51,30.4,0.01,4,12159,买盘
1701,13:22:57,30.36,-0.04,137,416139,卖盘
1702,13:23:04,30.4,0.04,5,15198,买盘
1703,13:23:09,30.39,-0.01,7,21275,卖盘
1704,13:23:13,30.39,0.0,22,66872,卖盘
1705,13:23:15,30.39,0.0,2,6078,买盘
1706,13:23:18,30.36,-0.03,2,6072,卖盘
1707,13:23:21,30.36,0.0,5,15189,卖盘
1708,13:23:30,30.37,0.01,1,3037,卖盘
1709,13:23:33,30.37,0.0,1,3037,卖盘
1710,13:23:36,30.39,0.02,13,39489,买盘
1711,13:23:42,30.38,-0.01,8,24311,卖盘
1712,13:23:51,30.39,0.01,3,9117,卖盘
1713,13:23:54,30.38,-0.01,5,15190,卖盘
1714,13:23:57,30.4,0.02,19,57748,买盘
1715,13:24:15,30.4,0.0,4,12160,买盘
1716,13:24:21,30.4,0.0,120,364800,买盘
1717,13:24:27,30.4,0.0,2,6080,卖盘
1718,13:24:30,30.4,0.0,3,9120,卖盘
1719,13:24:48,30.4,0.0,20,60800,卖盘
1720,13:24:51,30.43,0.03,1,3043,买盘
1721,13:25:03,30.4,-0.03,2,6080,卖盘
1722,13:25:06,30.4,0.0,4,12163,卖盘
1723,13:25:09,30.4,0.0,1,3040,卖盘
1724,13:25:12,30.42,0.02,1,3042,买盘
1725,13:25:24,30.4,-0.02,5,15202,卖盘
1726,13:25:33,30.41,0.01,1,3041,卖盘
1727,13:25:36,30.41,0.0,4,12165,卖盘
1728,13:25:39,30.42,0.01,11,33462,买盘
1729,13:25:45,30.42,0.0,1,3042,卖盘
1730,13:25:57,30.42,0.0,6,18252,卖盘
1731,13:26:03,30.42,0.0,11,33462,买盘
1732,13:26:06,30.42,0.0,10,30420,买盘
1733,13:26:15,30.42,0.0,8,24336,买盘
1734,13:26:18,30.41,-0.01,6,18246,卖盘
1735,13:26:24,30.42,0.01,2,6083,买盘
1736,13:26:27,30.42,0.0,2,6084,卖盘
1737,13:26:30,30.42,0.0,2,6084,卖盘
1738,13:26:33,30.42,0.0,5,15210,卖盘
1739,13:26:36,30.41,-0.01,23,69947,卖盘
1740,13:26:45,30.41,0.0,2,6082,买盘
1741,13:26:48,30.41,0.0,2,6082,卖盘
1742,13:26:57,30.41,0.0,7,21287,卖盘
1743,13:27:03,30.41,0.0,105,319305,卖盘
1744,13:27:06,30.41,0.0,38,115558,卖盘
1745,13:27:09,30.41,0.0,2,6082,卖盘
1746,13:27:12,30.41,0.0,12,36492,卖盘
1747,13:27:18,30.41,0.0,2,6082,买盘
1748,13:27:33,30.4,-0.01,77,234080,卖盘
1749,13:27:39,30.39,-0.01,1,3039,卖盘
1750,13:27:42,30.39,0.0,1,3039,卖盘
1751,13:27:51,30.39,0.0,5,15195,卖盘
1752,13:27:54,30.38,-0.01,9,27349,卖盘
1753,13:28:06,30.38,0.0,5,15190,卖盘
1754,13:28:12,30.38,0.0,2,6076,卖盘
1755,13:28:15,30.38,0.0,3,9116,卖盘
1756,13:28:21,30.35,-0.03,246,746903,卖盘
1757,13:28:24,30.33,-0.02,17,51563,卖盘
1758,13:28:27,30.33,0.0,7,21231,卖盘
1759,13:28:30,30.33,0.0,8,24264,卖盘
1760,13:28:33,30.35,0.02,1,3035,买盘
1761,13:28:36,30.32,-0.03,49,148679,卖盘
1762,13:28:39,30.33,0.01,8,24264,中性盘
1763,13:28:45,30.32,-0.01,5,15160,卖盘
1764,13:28:48,30.32,0.0,1,3032,卖盘
1765,13:28:51,30.32,0.0,1,3032,卖盘
1766,13:28:54,30.32,0.0,22,66704,卖盘
1767,13:29:00,30.31,-0.01,75,227325,卖盘
1768,13:29:04,30.3,-0.01,14,42420,卖盘
1769,13:29:12,30.3,0.0,6,18185,卖盘
1770,13:29:15,30.3,0.0,30,90900,卖盘
1771,13:29:18,30.3,0.0,99,300020,卖盘
1772,13:29:21,30.3,0.0,22,66670,卖盘
1773,13:29:25,30.3,0.0,2,6060,卖盘
1774,13:29:28,30.3,0.0,19,57570,卖盘
1775,13:29:30,30.3,0.0,25,75750,卖盘
1776,13:29:33,30.3,0.0,33,99990,卖盘
1777,13:29:42,30.29,-0.01,1,3029,卖盘
1778,13:29:45,30.3,0.01,42,127243,买盘
1779,13:29:48,30.29,-0.01,6,18172,卖盘
1780,13:29:51,30.28,-0.01,2,6056,卖盘
1781,13:30:04,30.3,0.02,5,15150,买盘
1782,13:30:06,30.29,-0.01,8,24232,卖盘
1783,13:30:09,30.3,0.01,10,30300,买盘
1784,13:30:15,30.29,-0.01,1,3029,卖盘
1785,13:30:18,30.3,0.01,35,106050,买盘
1786,13:30:21,30.3,0.0,29,88082,买盘
1787,13:30:24,30.29,-0.01,10,30298,卖盘
1788,13:30:27,30.31,0.02,6,18186,买盘
1789,13:30:31,30.31,0.0,15,45455,买盘
1790,13:30:36,30.31,0.0,10,30310,买盘
1791,13:30:39,30.32,0.01,6,18192,买盘
1792,13:30:48,30.31,-0.01,20,60630,卖盘
1793,13:30:51,30.32,0.01,4,12128,买盘
1794,13:30:54,30.32,0.0,5,15160,买盘
1795,13:30:57,30.31,-0.01,3,9093,卖盘
1796,13:31:00,30.31,0.0,5,15151,买盘
1797,13:31:04,30.31,0.0,5,15155,卖盘
1798,13:31:09,30.31,0.0,18,54560,卖盘
1799,13:31:12,30.32,0.01,51,154632,买盘
1800,13:31:15,30.32,0.0,4,12128,卖盘
1801,13:31:21,30.32,0.0,4,12128,卖盘
1802,13:31:33,30.31,-0.01,35,106085,卖盘
1803,13:31:36,30.33,0.02,8,24258,买盘
1804,13:31:42,30.32,-0.01,5,15160,买盘
1805,13:31:45,30.32,0.0,16,48522,卖盘
1806,13:31:51,30.33,0.01,72,218350,买盘
1807,13:31:57,30.33,0.0,10,30330,买盘
1808,13:32:06,30.32,-0.01,6,18191,买盘
1809,13:32:09,30.31,-0.01,1,3031,卖盘
1810,13:32:12,30.33,0.02,10,30330,买盘
1811,13:32:15,30.33,0.0,9,27289,买盘
1812,13:32:18,30.33,0.0,13,39423,买盘
1813,13:32:36,30.33,0.0,18,54591,买盘
1814,13:32:45,30.33,0.0,9,27297,买盘
1815,13:32:51,30.33,0.0,11,33363,买盘
1816,13:32:54,30.33,0.0,11,33363,买盘
1817,13:33:12,30.35,0.02,5,15175,买盘
1818,13:33:15,30.35,0.0,1,3035,卖盘
1819,13:33:21,30.35,0.0,4,12140,卖盘
1820,13:33:24,30.35,0.0,2,6070,卖盘
1821,13:33:30,30.35,0.0,8,24280,卖盘
1822,13:33:39,30.38,0.03,2,6076,买盘
1823,13:33:45,30.38,0.0,1,3038,买盘
1824,13:33:48,30.36,-0.02,10,30374,卖盘
1825,13:33:51,30.38,0.02,3,9114,买盘
1826,13:33:54,30.38,0.0,7,21260,买盘
1827,13:33:57,30.38,0.0,10,30375,买盘
1828,13:34:00,30.38,0.0,89,270382,买盘
1829,13:34:06,30.39,0.01,1,3039,买盘
1830,13:34:09,30.38,-0.01,19,57722,卖盘
1831,13:34:15,30.38,0.0,12,36467,卖盘
1832,13:34:18,30.39,0.01,2,6077,买盘
1833,13:34:21,30.39,0.0,4,12156,卖盘
1834,13:34:25,30.39,0.0,11,33429,卖盘
1835,13:34:27,30.39,0.0,2,6078,买盘
1836,13:34:30,30.36,-0.03,7,21252,卖盘
1837,13:34:33,30.38,0.02,3,9114,买盘
1838,13:34:36,30.37,-0.01,1,3037,买盘
1839,13:34:39,30.35,-0.02,10,30351,卖盘
1840,13:34:45,30.36,0.01,2,6072,买盘
1841,13:34:54,30.35,-0.01,22,66775,卖盘
1842,13:35:00,30.35,0.0,1,3035,卖盘
1843,13:35:06,30.34,-0.01,2,6068,卖盘
1844,13:35:15,30.36,0.02,2,6072,买盘
1845,13:35:21,30.34,-0.02,3,9102,卖盘
1846,13:35:24,30.33,-0.01,56,169862,卖盘
1847,13:35:27,30.33,0.0,2,6066,卖盘
1848,13:35:30,30.32,-0.01,48,145536,卖盘
1849,13:35:33,30.32,0.0,16,48512,卖盘
1850,13:35:39,30.31,-0.01,7,21217,卖盘
1851,13:35:42,30.31,0.0,10,30303,买盘
1852,13:35:48,30.31,0.0,11,33341,买盘
1853,13:35:51,30.3,-0.01,57,172715,卖盘
1854,13:35:54,30.3,0.0,5,15150,买盘
1855,13:35:58,30.29,-0.01,148,448395,卖盘
1856,13:36:04,30.3,0.01,6,18180,卖盘
1857,13:36:07,30.29,-0.01,8,24232,卖盘
1858,13:36:12,30.29,0.0,20,60580,卖盘
1859,13:36:15,30.3,0.01,11,33330,买盘
1860,13:36:21,30.3,0.0,12,36360,买盘
1861,13:36:24,30.3,0.0,15,45436,买盘
1862,13:36:27,30.3,0.0,13,39390,买盘
1863,13:36:30,30.29,-0.01,35,106040,卖盘
1864,13:36:39,30.3,0.01,9,27272,买盘
1865,13:36:45,30.3,0.0,2,6060,卖盘
1866,13:36:48,30.3,0.0,22,66660,卖盘
1867,13:36:51,30.3,0.0,12,36358,买盘
1868,13:36:57,30.3,0.0,10,30300,买盘
1869,13:37:03,30.3,0.0,3,9090,卖盘
1870,13:37:09,30.32,0.02,16,48512,买盘
1871,13:37:15,30.3,-0.02,17,51510,卖盘
1872,13:37:18,30.3,0.0,6,18180,卖盘
1873,13:37:21,30.3,0.0,20,60600,卖盘
1874,13:37:24,30.32,0.02,52,157628,买盘
1875,13:37:27,30.32,0.0,1,3032,买盘
1876,13:37:42,30.32,0.0,30,90960,卖盘
1877,13:37:51,30.31,-0.01,1,3031,中性盘
1878,13:37:54,30.3,-0.01,1,3030,卖盘
1879,13:37:57,30.3,0.0,2,6060,卖盘
1880,13:38:00,30.32,0.02,2,6064,买盘
1881,13:38:09,30.31,-0.01,2,6062,卖盘
1882,13:38:12,30.31,0.0,4,12126,卖盘
1883,13:38:21,30.32,0.01,1,3032,买盘
1884,13:38:27,30.32,0.0,4,12126,买盘
1885,13:38:33,30.31,-0.01,19,57589,卖盘
1886,13:38:39,30.31,0.0,17,51527,买盘
1887,13:38:42,30.31,0.0,6,18186,卖盘
1888,13:38:45,30.31,0.0,3,9093,买盘
1889,13:38:48,30.31,0.0,1,3031,买盘
1890,13:38:51,30.3,-0.01,1,3030,卖盘
1891,13:38:54,30.3,0.0,2,6060,卖盘
1892,13:39:03,30.31,0.01,1,3031,买盘
1893,13:39:12,30.3,-0.01,6,18180,卖盘
1894,13:39:24,30.3,0.0,8,24247,卖盘
1895,13:39:27,30.3,0.0,2,6060,卖盘
1896,13:39:36,30.3,0.0,24,72740,卖盘
1897,13:39:39,30.31,0.01,28,84863,买盘
1898,13:39:45,30.32,0.01,53,160696,买盘
1899,13:39:48,30.32,0.0,10,30320,买盘
1900,13:39:57,30.35,0.03,50,151679,买盘
1901,13:40:00,30.33,-0.02,2,6066,卖盘
1902,13:40:06,30.35,0.02,13,39455,买盘
1903,13:40:09,30.33,-0.02,2,6066,卖盘
1904,13:40:18,30.33,0.0,8,24270,卖盘
1905,13:40:27,30.35,0.02,7,21172,卖盘
1906,13:40:33,30.35,0.0,1,3035,卖盘
1907,13:40:36,30.35,0.0,2,6070,卖盘
1908,13:40:42,30.36,0.01,3,9108,买盘
1909,13:40:45,30.36,0.0,6,18216,买盘
1910,13:40:51,30.36,0.0,1,3036,卖盘
1911,13:41:00,30.4,0.04,5,15193,买盘
1912,13:41:06,30.4,0.0,4,12160,买盘
1913,13:41:12,30.4,0.0,1,3040,买盘
1914,13:41:18,30.39,-0.01,3,9117,买盘
1915,13:41:27,30.4,0.01,16,48640,买盘
1916,13:41:33,30.4,0.0,5,15200,买盘
1917,13:41:36,30.4,0.0,4,12160,买盘
1918,13:41:39,30.4,0.0,1,3040,买盘
1919,13:41:42,30.39,-0.01,20,60780,卖盘
1920,13:41:45,30.38,-0.01,2,6076,卖盘
1921,13:41:48,30.39,0.01,3,9116,买盘
1922,13:41:51,30.39,0.0,4,12156,买盘
1923,13:41:54,30.39,0.0,6,18234,买盘
1924,13:41:57,30.39,0.0,3,9117,买盘
1925,13:42:01,30.39,0.0,4,12156,卖盘
1926,13:42:06,30.39,0.0,1,3039,买盘
1927,13:42:09,30.38,-0.01,12,36456,卖盘
1928,13:42:18,30.39,0.01,4,12156,买盘
1929,13:42:22,30.39,0.0,1,3039,买盘
1930,13:42:24,30.39,0.0,8,24312,卖盘
1931,13:42:30,30.4,0.01,4,12160,买盘
1932,13:42:33,30.39,-0.01,3,9117,卖盘
1933,13:42:36,30.39,0.0,2,6078,买盘
1934,13:42:39,30.39,0.0,24,72956,卖盘
1935,13:42:48,30.39,0.0,31,94209,卖盘
1936,13:42:51,30.39,0.0,1,3039,卖盘
1937,13:42:54,30.4,0.01,10,30400,买盘
1938,13:43:00,30.4,0.0,11,33440,买盘
1939,13:43:04,30.4,0.0,3,9120,买盘
1940,13:43:06,30.4,0.0,3,9120,买盘
1941,13:43:09,30.4,0.0,5,15200,买盘
1942,13:43:15,30.39,-0.01,4,12156,卖盘
1943,13:43:19,30.4,0.01,10,30393,买盘
1944,13:43:21,30.4,0.0,37,112480,买盘
1945,13:43:24,30.4,0.0,6,18240,买盘
1946,13:43:27,30.4,0.0,2,6080,卖盘
1947,13:43:30,30.4,0.0,1,3040,卖盘
1948,13:43:39,30.4,0.0,12,36478,买盘
1949,13:43:45,30.4,0.0,10,30396,买盘
1950,13:43:48,30.4,0.0,3,9120,卖盘
1951,13:43:54,30.4,0.0,1,3040,买盘
1952,13:44:00,30.41,0.01,23,69943,买盘
1953,13:44:03,30.41,0.0,10,30410,买盘
1954,13:44:06,30.41,0.0,1,3041,买盘
1955,13:44:09,30.4,-0.01,10,30405,卖盘
1956,13:44:12,30.4,0.0,1,3040,买盘
1957,13:44:15,30.39,-0.01,95,288706,卖盘
1958,13:44:18,30.4,0.01,5,15200,买盘
1959,13:44:21,30.39,-0.01,8,24312,卖盘
1960,13:44:24,30.39,0.0,30,91170,卖盘
1961,13:44:27,30.39,0.0,20,60780,卖盘
1962,13:44:30,30.38,-0.01,25,75950,卖盘
1963,13:44:33,30.38,0.0,2,6076,卖盘
1964,13:44:36,30.38,0.0,3,9114,卖盘
1965,13:44:39,30.38,0.0,5,15190,卖盘
1966,13:44:42,30.37,-0.01,4,12148,卖盘
1967,13:44:45,30.37,0.0,1,3037,卖盘
1968,13:44:48,30.36,-0.01,2,6072,卖盘
1969,13:44:51,30.36,0.0,3,9108,中性盘
1970,13:44:54,30.37,0.01,7,21256,买盘
1971,13:44:57,30.36,-0.01,10,30360,卖盘
1972,13:45:01,30.35,-0.01,22,66847,卖盘
1973,13:45:06,30.33,-0.02,2,6066,卖盘
1974,13:45:09,30.35,0.02,24,72840,买盘
1975,13:45:18,30.35,0.0,5,15175,买盘
1976,13:45:21,30.33,-0.02,8,24264,卖盘
1977,13:45:27,30.35,0.02,6,18202,买盘
1978,13:45:42,30.35,0.0,1,3035,买盘
1979,13:45:45,30.32,-0.03,25,75808,卖盘
1980,13:45:54,30.31,-0.01,2,6062,卖盘
1981,13:45:57,30.31,0.0,2,6062,卖盘
1982,13:46:00,30.31,0.0,19,57591,卖盘
1983,13:46:09,30.31,0.0,8,24247,买盘
1984,13:46:12,30.32,0.01,23,69721,买盘
1985,13:46:15,30.31,-0.01,1,3031,中性盘
1986,13:46:18,30.31,0.0,5,15155,卖盘
1987,13:46:24,30.31,0.0,15,45465,卖盘
1988,13:46:39,30.31,0.0,3,9094,卖盘
1989,13:46:42,30.33,0.02,22,66719,买盘
1990,13:46:48,30.33,0.0,2,6066,卖盘
1991,13:46:54,30.33,0.0,11,33347,买盘
1992,13:46:57,30.33,0.0,1,3033,买盘
1993,13:47:00,30.32,-0.01,17,51548,卖盘
1994,13:47:12,30.34,0.02,3,9102,买盘
1995,13:47:15,30.34,0.0,1,3034,卖盘
1996,13:47:21,30.34,0.0,7,21238,卖盘
1997,13:47:36,30.33,-0.01,13,39434,中性盘
1998,13:47:42,30.34,0.01,11,33373,买盘
1999,13:47:48,30.33,-0.01,2,6066,卖盘
2000,13:47:58,30.32,-0.01,30,90962,卖盘
2001,13:48:06,30.32,0.0,1,3032,卖盘
2002,13:48:09,30.33,0.01,4,12132,买盘
2003,13:48:12,30.33,0.0,1,3033,买盘
2004,13:48:15,30.31,-0.02,17,51540,卖盘
2005,13:48:21,30.32,0.01,2,6064,买盘
2006,13:48:24,30.3,-0.02,2,6060,卖盘
2007,13:48:30,30.3,0.0,1,3030,卖盘
2008,13:48:33,30.3,0.0,1,3030,卖盘
2009,13:48:42,30.3,0.0,1,3030,卖盘
2010,13:48:48,30.32,0.02,9,27278,买盘
2011,13:48:57,30.32,0.0,6,18192,卖盘
2012,13:49:06,30.32,0.0,1,3032,买盘
2013,13:49:12,30.3,-0.02,33,100021,卖盘
2014,13:49:18,30.31,0.01,12,36372,买盘
2015,13:49:21,30.31,0.0,2,6062,卖盘
2016,13:49:24,30.32,0.01,7,21223,买盘
2017,13:49:28,30.32,0.0,4,12128,卖盘
2018,13:49:30,30.31,-0.01,2,6063,卖盘
2019,13:49:34,30.31,0.0,1,3031,卖盘
2020,13:49:36,30.31,0.0,1,3031,卖盘
2021,13:49:39,30.33,0.02,15,45483,买盘
2022,13:49:42,30.31,-0.02,8,24250,卖盘
2023,13:49:45,30.31,0.0,7,21217,卖盘
2024,13:49:48,30.32,0.01,20,60640,卖盘
2025,13:50:06,30.32,0.0,1,3032,卖盘
2026,13:50:09,30.34,0.02,18,54598,买盘
2027,13:50:27,30.34,0.0,2,6068,买盘
2028,13:50:39,30.33,-0.01,1,3033,中性盘
2029,13:50:45,30.33,0.0,1,3033,买盘
2030,13:50:48,30.33,0.0,2,6066,买盘
2031,13:50:54,30.34,0.01,14,42476,买盘
2032,13:51:00,30.33,-0.01,15,45502,卖盘
2033,13:51:06,30.33,0.0,1,3033,买盘
2034,13:51:27,30.32,-0.01,2,6064,卖盘
2035,13:51:39,30.33,0.01,16,48523,买盘
2036,13:51:42,30.32,-0.01,2,6064,卖盘
2037,13:51:46,30.32,0.0,2,6064,卖盘
2038,13:51:48,30.33,0.01,20,60634,买盘
2039,13:51:51,30.33,0.0,1,3033,卖盘
2040,13:51:54,30.33,0.0,1,3033,卖盘
2041,13:52:09,30.33,0.0,5,15165,买盘
2042,13:52:12,30.33,0.0,1,3033,买盘
2043,13:52:15,30.31,-0.02,2,6062,卖盘
2044,13:52:24,30.33,0.02,9,27297,买盘
2045,13:52:27,30.34,0.01,17,51564,买盘
2046,13:52:42,30.31,-0.03,10,30310,卖盘
2047,13:53:00,30.31,0.0,8,24248,卖盘
2048,13:53:04,30.31,0.0,9,27279,卖盘
2049,13:53:24,30.31,0.0,12,36372,卖盘
2050,13:53:27,30.31,0.0,2,6062,卖盘
2051,13:53:30,30.33,0.02,6,18193,买盘
2052,13:53:54,30.31,-0.02,4,12124,卖盘
2053,13:53:57,30.31,0.0,15,45465,卖盘
2054,13:54:00,30.31,0.0,10,30310,买盘
2055,13:54:04,30.31,0.0,3,9093,买盘
2056,13:54:06,30.31,0.0,5,15155,买盘
2057,13:54:12,30.31,0.0,14,42434,买盘
2058,13:54:33,30.3,-0.01,8,24246,卖盘
2059,13:54:45,30.3,0.0,62,187870,卖盘
2060,13:54:48,30.3,0.0,4,12120,卖盘
2061,13:54:51,30.3,0.0,4,12121,卖盘
2062,13:54:54,30.3,0.0,15,45450,卖盘
2063,13:55:04,30.3,0.0,67,203010,卖盘
2064,13:55:09,30.29,-0.01,2,6058,卖盘
2065,13:55:12,30.29,0.0,1,3029,卖盘
2066,13:55:15,30.29,0.0,1,3029,卖盘
2067,13:55:21,30.29,0.0,43,130253,卖盘
2068,13:55:27,30.29,0.0,2,6058,卖盘
2069,13:55:36,30.29,0.0,5,15145,卖盘
2070,13:55:39,30.3,0.01,17,51510,买盘
2071,13:55:42,30.29,-0.01,1,3029,卖盘
2072,13:55:45,30.3,0.01,16,48476,买盘
2073,13:55:48,30.3,0.0,1,3030,卖盘
2074,13:55:51,30.29,-0.01,7,21206,卖盘
2075,13:56:00,30.29,0.0,11,33319,卖盘
2076,13:56:03,30.29,0.0,10,30290,卖盘
2077,13:56:09,30.29,0.0,10,30290,卖盘
2078,13:56:12,30.29,0.0,2,6058,卖盘
2079,13:56:15,30.29,0.0,6,18174,卖盘
2080,13:56:27,30.29,0.0,10,30290,卖盘
2081,13:56:45,30.29,0.0,20,60580,卖盘
2082,13:56:49,30.3,0.01,30,90900,买盘
2083,13:56:52,30.29,-0.01,7,21203,卖盘
2084,13:56:54,30.29,0.0,8,24232,卖盘
2085,13:56:57,30.29,0.0,4,12116,买盘
2086,13:57:04,30.28,-0.01,50,151435,卖盘
2087,13:57:15,30.29,0.01,8,24232,卖盘
2088,13:57:18,30.29,0.0,24,72696,卖盘
2089,13:57:21,30.28,-0.01,2,6057,卖盘
2090,13:57:24,30.28,0.0,50,151400,卖盘
2091,13:57:33,30.28,0.0,2,6058,卖盘
2092,13:57:36,30.28,0.0,2,6056,卖盘
2093,13:57:39,30.28,0.0,2,6056,卖盘
2094,13:57:48,30.28,0.0,4,12118,卖盘
2095,13:58:04,30.28,0.0,14,42395,卖盘
2096,13:58:06,30.3,0.02,8,24237,买盘
2097,13:58:09,30.3,0.0,1,3030,买盘
2098,13:58:24,30.29,-0.01,2,6058,卖盘
2099,13:58:27,30.29,0.0,2,6058,卖盘
2100,13:58:30,30.3,0.01,6,18180,买盘
2101,13:58:36,30.3,0.0,6,18180,买盘
2102,13:58:39,30.3,0.0,1,3030,买盘
2103,13:58:45,30.3,0.0,35,106050,买盘
2104,13:59:03,30.3,0.0,1,3030,买盘
2105,13:59:09,30.3,0.0,2,6060,买盘
2106,13:59:12,30.3,0.0,10,30300,买盘
2107,13:59:18,30.3,0.0,30,90900,买盘
2108,13:59:24,30.3,0.0,1,3030,买盘
2109,13:59:30,30.3,0.0,2,5636,买盘
2110,13:59:33,30.3,0.0,3,9090,卖盘
2111,13:59:39,30.3,0.0,2,6060,卖盘
2112,13:59:42,30.3,0.0,22,66660,卖盘
2113,13:59:48,30.3,0.0,7,21634,卖盘
2114,13:59:51,30.3,0.0,68,205985,买盘
2115,13:59:54,30.29,-0.01,3,9087,卖盘
2116,13:59:57,30.28,-0.01,55,166567,卖盘
2117,14:00:03,30.28,0.0,3,9084,卖盘
2118,14:00:06,30.28,0.0,5,15140,卖盘
2119,14:00:09,30.28,0.0,13,39374,卖盘
2120,14:00:12,30.28,0.0,7,21204,卖盘
2121,14:00:15,30.3,0.02,12,36356,买盘
2122,14:00:18,30.28,-0.02,30,90840,卖盘
2123,14:00:21,30.27,-0.01,10,30270,卖盘
2124,14:00:27,30.28,0.01,1,3028,买盘
2125,14:00:30,30.28,0.0,3,9084,买盘
2126,14:00:33,30.27,-0.01,33,99891,卖盘
2127,14:00:36,30.27,0.0,13,39353,卖盘
2128,14:00:39,30.27,0.0,2,6054,卖盘
2129,14:00:42,30.27,0.0,5,15139,卖盘
2130,14:00:48,30.28,0.01,30,90837,买盘
2131,14:00:51,30.27,-0.01,28,84761,卖盘
2132,14:00:54,30.26,-0.01,13,39338,卖盘
2133,14:00:57,30.26,0.0,14,42364,卖盘
2134,14:01:00,30.27,0.01,33,99452,买盘
2135,14:01:03,30.26,-0.01,3,9078,卖盘
2136,14:01:09,30.26,0.0,4,12104,卖盘
2137,14:01:12,30.26,0.0,7,21182,卖盘
2138,14:01:15,30.27,0.01,3,9081,买盘
2139,14:01:18,30.26,-0.01,12,36322,卖盘
2140,14:01:21,30.26,0.0,30,90780,卖盘
2141,14:01:27,30.26,0.0,103,311584,卖盘
2142,14:01:36,30.26,0.0,7,21182,买盘
2143,14:01:39,30.26,0.0,29,87744,买盘
2144,14:01:45,30.26,0.0,9,27230,买盘
2145,14:01:52,30.25,-0.01,2,6050,卖盘
2146,14:01:54,30.25,0.0,14,42350,卖盘
2147,14:01:57,30.24,-0.01,102,308478,卖盘
2148,14:02:00,30.23,-0.01,250,755771,卖盘
2149,14:02:04,30.25,0.02,30,90709,买盘
2150,14:02:06,30.23,-0.02,188,568787,卖盘
2151,14:02:12,30.23,0.0,11,33253,买盘
2152,14:02:15,30.22,-0.01,32,96706,卖盘
2153,14:02:19,30.22,0.0,11,33242,卖盘
2154,14:02:21,30.22,0.0,1,3022,卖盘
2155,14:02:24,30.22,0.0,8,24176,卖盘
2156,14:02:27,30.22,0.0,2,6044,卖盘
2157,14:02:33,30.22,0.0,7,21154,卖盘
2158,14:02:36,30.22,0.0,137,414114,卖盘
2159,14:02:43,30.22,0.0,1,3022,买盘
2160,14:02:45,30.21,-0.01,20,60430,卖盘
2161,14:02:48,30.22,0.01,1,3022,买盘
2162,14:02:51,30.21,-0.01,37,111777,卖盘
2163,14:02:57,30.21,0.0,2,6042,卖盘
2164,14:03:00,30.22,0.01,1,3022,买盘
2165,14:03:04,30.21,-0.01,5,15105,卖盘
2166,14:03:06,30.21,0.0,31,93651,卖盘
2167,14:03:09,30.2,-0.01,6,18125,卖盘
2168,14:03:15,30.21,0.01,40,120840,买盘
2169,14:03:28,30.21,0.0,2,6042,卖盘
2170,14:03:30,30.23,0.02,26,78580,买盘
2171,14:03:33,30.21,-0.02,49,148030,卖盘
2172,14:03:36,30.21,0.0,1,3021,买盘
2173,14:03:45,30.21,0.0,3,9063,卖盘
2174,14:03:48,30.21,0.0,8,24168,卖盘
2175,14:03:51,30.22,0.01,16,48339,买盘
2176,14:03:54,30.22,0.0,16,48352,卖盘
2177,14:04:06,30.22,0.0,28,84616,卖盘
2178,14:04:12,30.23,0.01,2,6046,买盘
2179,14:04:15,30.23,0.0,5,15115,买盘
2180,14:04:18,30.22,-0.01,1,3022,卖盘
2181,14:04:24,30.22,0.0,10,30220,卖盘
2182,14:04:27,30.23,0.01,9,27207,买盘
2183,14:04:33,30.23,0.0,30,90690,买盘
2184,14:04:36,30.22,-0.01,21,63462,卖盘
2185,14:04:39,30.23,0.01,19,57437,买盘
2186,14:04:45,30.23,0.0,4,12092,买盘
2187,14:04:48,30.23,0.0,6,18133,买盘
2188,14:04:51,30.23,0.0,182,550127,买盘
2189,14:04:54,30.23,0.0,12,36276,买盘
2190,14:04:57,30.23,0.0,8,23761,买盘
2191,14:05:00,30.23,0.0,9,27207,卖盘
2192,14:05:06,30.26,0.03,21,63529,买盘
2193,14:05:18,30.26,0.0,1,3026,买盘
2194,14:05:24,30.26,0.0,1,3026,买盘
2195,14:05:27,30.26,0.0,1,3026,卖盘
2196,14:05:30,30.27,0.01,5,15135,买盘
2197,14:05:33,30.25,-0.02,3,9076,卖盘
2198,14:05:39,30.25,0.0,5,15125,买盘
2199,14:05:48,30.26,0.01,3,9078,买盘
2200,14:05:51,30.26,0.0,9,27234,买盘
2201,14:05:57,30.26,0.0,8,24203,买盘
2202,14:06:04,30.26,0.0,3,9078,卖盘
2203,14:06:06,30.26,0.0,3,9078,卖盘
2204,14:06:10,30.27,0.01,6,18162,买盘
2205,14:06:15,30.26,-0.01,30,90792,卖盘
2206,14:06:18,30.26,0.0,35,105910,买盘
2207,14:06:24,30.28,0.02,30,90812,买盘
2208,14:06:27,30.27,-0.01,15,45422,卖盘
2209,14:06:30,30.28,0.01,1,3028,卖盘
2210,14:06:48,30.28,0.0,57,172611,卖盘
2211,14:06:54,30.28,0.0,4,12110,买盘
2212,14:07:00,30.28,0.0,3,9084,买盘
2213,14:07:04,30.28,0.0,3,9084,买盘
2214,14:07:06,30.28,0.0,16,48448,买盘
2215,14:07:09,30.27,-0.01,24,72648,卖盘
2216,14:07:16,30.28,0.01,14,42392,买盘
2217,14:07:19,30.3,0.02,411,1244577,买盘
2218,14:07:24,30.3,0.0,1,3030,卖盘
2219,14:07:27,30.31,0.01,11,33341,买盘
2220,14:07:30,30.33,0.02,27,81869,买盘
2221,14:07:33,30.31,-0.02,1,3031,中性盘
2222,14:07:48,30.3,-0.01,108,327243,卖盘
2223,14:07:51,30.3,0.0,10,30302,卖盘
2224,14:07:54,30.3,0.0,51,154541,卖盘
2225,14:07:57,30.3,0.0,1,3030,买盘
2226,14:08:00,30.3,0.0,2,6060,买盘
2227,14:08:06,30.3,0.0,11,33318,买盘
2228,14:08:09,30.3,0.0,10,30300,买盘
2229,14:08:12,30.3,0.0,15,45430,买盘
2230,14:08:21,30.28,-0.02,5,15140,卖盘
2231,14:08:24,30.28,0.0,1,3028,卖盘
2232,14:08:36,30.3,0.02,5,15146,买盘
2233,14:08:45,30.29,-0.01,1,3029,买盘
2234,14:08:57,30.29,0.0,4,12114,买盘
2235,14:09:03,30.28,-0.01,15,45421,卖盘
2236,14:09:06,30.29,0.01,4,12116,买盘
2237,14:09:09,30.28,-0.01,4,12112,卖盘
2238,14:09:24,30.28,0.0,2,6055,买盘
2239,14:09:27,30.27,-0.01,11,33299,卖盘
2240,14:09:39,30.27,0.0,23,69610,买盘
2241,14:09:42,30.27,0.0,4,12108,卖盘
2242,14:09:45,30.27,0.0,18,54486,卖盘
2243,14:09:48,30.27,0.0,2,6054,买盘
2244,14:09:51,30.27,0.0,8,24216,卖盘
2245,14:09:54,30.27,0.0,14,42378,买盘
2246,14:09:58,30.27,0.0,21,63587,卖盘
2247,14:10:00,30.28,0.01,33,99881,买盘
2248,14:10:06,30.26,-0.02,20,60520,卖盘
2249,14:10:09,30.27,0.01,34,102904,买盘
2250,14:10:18,30.26,-0.01,1,3026,买盘
2251,14:10:24,30.26,0.0,4,12104,买盘
2252,14:10:30,30.26,0.0,2,6052,卖盘
2253,14:10:39,30.27,0.01,1,3027,中性盘
2254,14:10:48,30.27,0.0,3,9081,买盘
2255,14:10:57,30.28,0.01,13,39364,买盘
2256,14:11:04,30.27,-0.01,18,54494,卖盘
2257,14:11:09,30.29,0.02,2,6058,买盘
2258,14:11:18,30.28,-0.01,1,3028,卖盘
2259,14:11:21,30.29,0.01,31,93899,买盘
2260,14:11:24,30.28,-0.01,1,3028,卖盘
2261,14:11:27,30.28,0.0,10,30280,卖盘
2262,14:11:33,30.27,-0.01,2,6054,卖盘
2263,14:11:36,30.27,0.0,14,42378,卖盘
2264,14:11:39,30.28,0.01,39,118080,买盘
2265,14:11:42,30.28,0.0,3,9084,买盘
2266,14:11:45,30.26,-0.02,16,48416,卖盘
2267,14:11:54,30.26,0.0,10,30264,卖盘
2268,14:11:57,30.26,0.0,14,42364,卖盘
2269,14:12:00,30.26,0.0,1,3026,买盘
2270,14:12:06,30.25,-0.01,8,24200,卖盘
2271,14:12:09,30.25,0.0,9,27225,卖盘
2272,14:12:12,30.26,0.01,20,60515,买盘
2273,14:12:15,30.24,-0.02,5,15120,卖盘
2274,14:12:18,30.23,-0.01,100,302336,卖盘
2275,14:12:21,30.25,0.02,5,15124,买盘
2276,14:12:24,30.23,-0.02,3,9069,卖盘
2277,14:12:27,30.23,0.0,13,39321,卖盘
2278,14:12:33,30.25,0.02,73,220683,买盘
2279,14:12:39,30.23,-0.02,3,9070,卖盘
2280,14:12:45,30.24,0.01,2,6048,买盘
2281,14:12:51,30.23,-0.01,2,6046,卖盘
2282,14:12:57,30.24,0.01,1,3024,买盘
2283,14:13:04,30.23,-0.01,22,66523,卖盘
2284,14:13:06,30.24,0.01,3,9072,买盘
2285,14:13:09,30.23,-0.01,8,24191,卖盘
2286,14:13:12,30.23,0.0,6,18138,买盘
2287,14:13:15,30.23,0.0,7,21161,买盘
2288,14:13:21,30.22,-0.01,5,15110,卖盘
2289,14:13:27,30.22,0.0,9,27204,卖盘
2290,14:13:30,30.22,0.0,10,30220,卖盘
2291,14:13:33,30.22,0.0,2,6044,卖盘
2292,14:13:36,30.22,0.0,5,15110,卖盘
2293,14:13:51,30.22,0.0,1,3022,卖盘
2294,14:13:54,30.23,0.01,4,12091,买盘
2295,14:13:57,30.23,0.0,9,27207,买盘
2296,14:14:00,30.22,-0.01,6,18132,卖盘
2297,14:14:06,30.23,0.01,16,48353,买盘
2298,14:14:10,30.23,0.0,3,9067,买盘
2299,14:14:12,30.23,0.0,22,66506,买盘
2300,14:14:18,30.23,0.0,30,90690,买盘
2301,14:14:24,30.23,0.0,19,57435,买盘
2302,14:14:27,30.22,-0.01,33,99740,卖盘
2303,14:14:30,30.22,0.0,24,72528,卖盘
2304,14:14:33,30.22,0.0,4,12088,买盘
2305,14:14:39,30.22,0.0,5,15110,买盘
2306,14:14:42,30.22,0.0,12,36264,买盘
2307,14:14:54,30.22,0.0,10,30220,买盘
2308,14:14:57,30.21,-0.01,4,12084,卖盘
2309,14:15:00,30.22,0.01,28,84608,买盘
2310,14:15:03,30.21,-0.01,5,15105,卖盘
2311,14:15:09,30.21,0.0,51,154071,卖盘
2312,14:15:12,30.22,0.01,13,39286,买盘
2313,14:15:16,30.21,-0.01,2,6043,卖盘
2314,14:15:27,30.22,0.01,13,39286,买盘
2315,14:15:30,30.22,0.0,27,81572,买盘
2316,14:15:33,30.21,-0.01,2,6042,卖盘
2317,14:15:39,30.2,-0.01,200,604125,卖盘
2318,14:15:42,30.2,0.0,5,15100,卖盘
2319,14:15:45,30.2,0.0,11,33220,卖盘
2320,14:15:51,30.21,0.01,1,3021,买盘
2321,14:15:54,30.2,-0.01,1,3020,卖盘
2322,14:16:09,30.21,0.01,20,60402,买盘
2323,14:16:12,30.2,-0.01,15,45308,卖盘
2324,14:16:15,30.2,0.0,19,57380,卖盘
2325,14:16:24,30.21,0.01,202,610242,卖盘
2326,14:16:27,30.21,0.0,1,3021,卖盘
2327,14:16:33,30.21,0.0,5,15105,卖盘
2328,14:16:36,30.21,0.0,10,30210,卖盘
2329,14:16:39,30.21,0.0,1,3021,卖盘
2330,14:16:43,30.21,0.0,2,6042,卖盘
2331,14:16:46,30.2,-0.01,10,30208,卖盘
2332,14:17:00,30.2,0.0,35,105700,卖盘
2333,14:17:06,30.21,0.01,2,6042,买盘
2334,14:17:12,30.2,-0.01,3,9060,卖盘
2335,14:17:15,30.21,0.01,11,33230,买盘
2336,14:17:18,30.2,-0.01,10,30201,卖盘
2337,14:17:27,30.2,0.0,2,6040,卖盘
2338,14:17:33,30.2,0.0,29,87580,卖盘
2339,14:17:40,30.2,0.0,100,302000,卖盘
2340,14:17:42,30.2,0.0,26,78536,卖盘
2341,14:17:46,30.24,0.04,37,111805,买盘
2342,14:17:48,30.23,-0.01,144,435544,卖盘
2343,14:17:51,30.25,0.02,22,66550,买盘
2344,14:18:00,30.23,-0.02,8,24184,卖盘
2345,14:18:03,30.23,0.0,5,15115,中性盘
2346,14:18:06,30.23,0.0,1,3023,买盘
2347,14:18:09,30.23,0.0,13,39293,买盘
2348,14:18:15,30.24,0.01,52,157161,买盘
2349,14:18:21,30.25,0.01,4,12100,买盘
2350,14:18:24,30.25,0.0,20,60500,买盘
2351,14:18:30,30.24,-0.01,38,114913,卖盘
2352,14:18:33,30.24,0.0,13,39312,买盘
2353,14:18:36,30.24,0.0,34,102816,买盘
2354,14:18:39,30.23,-0.01,1,3023,卖盘
2355,14:18:42,30.24,0.01,18,54432,买盘
2356,14:18:48,30.25,0.01,1,3025,买盘
2357,14:18:51,30.25,0.0,19,57464,买盘
2358,14:18:55,30.25,0.0,5,15124,买盘
2359,14:18:57,30.25,0.0,2,6050,买盘
2360,14:19:00,30.25,0.0,8,24200,买盘
2361,14:19:04,30.24,-0.01,6,18144,卖盘
2362,14:19:06,30.24,0.0,6,18144,买盘
2363,14:19:09,30.23,-0.01,1,3023,卖盘
2364,14:19:12,30.24,0.01,1,3024,买盘
2365,14:19:15,30.23,-0.01,34,102798,卖盘
2366,14:19:18,30.23,0.0,20,60460,卖盘
2367,14:19:21,30.23,0.0,2,6046,卖盘
2368,14:19:24,30.23,0.0,26,78599,卖盘
2369,14:19:27,30.23,0.0,9,27205,买盘
2370,14:19:30,30.23,0.0,1,3023,买盘
2371,14:19:33,30.23,0.0,59,178357,买盘
2372,14:19:37,30.24,0.01,15,45347,买盘
2373,14:19:39,30.24,0.0,15,45360,买盘
2374,14:19:43,30.25,0.01,25,75597,买盘
2375,14:19:45,30.24,-0.01,1,3024,中性盘
2376,14:19:51,30.27,0.03,83,251160,买盘
2377,14:20:06,30.27,0.0,10,30270,买盘
2378,14:20:09,30.26,-0.01,1,3026,卖盘
2379,14:20:16,30.27,0.01,3,9081,卖盘
2380,14:20:19,30.27,0.0,5,15135,买盘
2381,14:20:21,30.27,0.0,2,6054,买盘
2382,14:20:25,30.27,0.0,21,63565,买盘
2383,14:20:27,30.28,0.01,4,12111,买盘
2384,14:20:36,30.26,-0.02,16,48424,卖盘
2385,14:20:42,30.26,0.0,15,45390,买盘
2386,14:20:48,30.26,0.0,2,6052,买盘
2387,14:20:51,30.23,-0.03,252,761834,卖盘
2388,14:20:54,30.23,0.0,8,24184,买盘
2389,14:20:57,30.23,0.0,34,102778,买盘
2390,14:21:06,30.23,0.0,8,24184,买盘
2391,14:21:09,30.23,0.0,3,9069,买盘
2392,14:21:18,30.28,0.05,17,51474,买盘
2393,14:21:21,30.2,-0.08,300,906241,卖盘
2394,14:21:27,30.22,0.02,7,21162,中性盘
2395,14:21:34,30.22,0.0,10,30220,买盘
2396,14:21:36,30.22,0.0,11,33242,买盘
2397,14:21:42,30.22,0.0,3,9066,卖盘
2398,14:21:54,30.27,0.05,10,30270,买盘
2399,14:22:06,30.25,-0.02,15,45403,卖盘
2400,14:22:15,30.25,0.0,18,54450,买盘
2401,14:22:31,30.27,0.02,1,3027,买盘
2402,14:22:33,30.25,-0.02,10,30250,卖盘
2403,14:22:45,30.26,0.01,2,6052,中性盘
2404,14:22:48,30.25,-0.01,12,36300,卖盘
2405,14:23:00,30.25,0.0,15,45375,卖盘
2406,14:23:03,30.25,0.0,6,18150,卖盘
2407,14:23:09,30.26,0.01,4,12104,买盘
2408,14:23:16,30.26,0.0,3,9078,买盘
2409,14:23:18,30.25,-0.01,60,181503,卖盘
2410,14:23:24,30.27,0.02,31,93833,买盘
2411,14:23:28,30.27,0.0,21,63567,买盘
2412,14:23:33,30.25,-0.02,151,456833,卖盘
2413,14:23:45,30.25,0.0,49,148225,买盘
2414,14:24:06,30.26,0.01,2,6052,买盘
2415,14:24:12,30.26,0.0,3,9078,卖盘
2416,14:24:27,30.27,0.01,23,69618,买盘
2417,14:24:30,30.26,-0.01,2,6052,卖盘
2418,14:24:42,30.26,0.0,1,3026,卖盘
2419,14:24:45,30.26,0.0,7,21182,卖盘
2420,14:24:48,30.27,0.01,21,63547,买盘
2421,14:24:54,30.26,-0.01,1,3026,卖盘
2422,14:24:57,30.27,0.01,2,6054,买盘
2423,14:25:00,30.25,-0.02,12,36312,卖盘
2424,14:25:03,30.25,0.0,2,6051,卖盘
2425,14:25:06,30.25,0.0,8,24205,卖盘
2426,14:25:09,30.26,0.01,1,3026,买盘
2427,14:25:18,30.26,0.0,3,9078,买盘
2428,14:25:22,30.25,-0.01,14,42360,卖盘
2429,14:25:24,30.27,0.02,86,260263,买盘
2430,14:25:42,30.26,-0.01,1,3026,买盘
2431,14:25:45,30.26,0.0,7,21176,买盘
2432,14:25:51,30.26,0.0,21,63546,卖盘
2433,14:26:00,30.26,0.0,45,136170,卖盘
2434,14:26:15,30.27,0.01,10,30265,买盘
2435,14:26:18,30.25,-0.02,14,42358,卖盘
2436,14:26:24,30.27,0.02,6,18161,买盘
2437,14:26:27,30.25,-0.02,60,181500,卖盘
2438,14:26:36,30.24,-0.01,10,30240,卖盘
2439,14:26:39,30.24,0.0,11,33264,卖盘
2440,14:26:42,30.24,0.0,1,3024,买盘
2441,14:26:54,30.24,0.0,10,30240,买盘
2442,14:27:00,30.24,0.0,50,151200,买盘
2443,14:27:03,30.23,-0.01,3,9069,卖盘
2444,14:27:06,30.24,0.01,3,9072,买盘
2445,14:27:09,30.23,-0.01,46,139058,卖盘
2446,14:27:12,30.23,0.0,1,3023,买盘
2447,14:27:24,30.22,-0.01,14,42308,卖盘
2448,14:27:27,30.23,0.01,29,87657,买盘
2449,14:27:36,30.23,0.0,14,42322,卖盘
2450,14:27:45,30.23,0.0,1,3023,卖盘
2451,14:28:00,30.23,0.0,1,3023,卖盘
2452,14:28:06,30.24,0.01,1,3024,买盘
2453,14:28:09,30.22,-0.02,100,302231,卖盘
2454,14:28:12,30.23,0.01,3,9069,中性盘
2455,14:28:27,30.23,0.0,8,24184,买盘
2456,14:28:30,30.23,0.0,1,3023,卖盘
2457,14:28:33,30.23,0.0,1,3023,卖盘
2458,14:28:37,30.24,0.01,5,15120,买盘
2459,14:28:42,30.23,-0.01,1,3023,买盘
2460,14:28:45,30.23,0.0,4,12092,买盘
2461,14:28:48,30.23,0.0,1,3023,买盘
2462,14:28:51,30.23,0.0,10,30230,卖盘
2463,14:28:54,30.22,-0.01,65,196522,卖盘
2464,14:28:57,30.22,0.0,1,3022,卖盘
2465,14:29:06,30.22,0.0,5,15110,卖盘
2466,14:29:09,30.25,0.03,1197,3620854,买盘
2467,14:29:15,30.25,0.0,6,18150,卖盘
2468,14:29:21,30.26,0.01,1,3026,买盘
2469,14:29:24,30.26,0.0,4,12104,买盘
2470,14:29:30,30.25,-0.01,6,18150,卖盘
2471,14:29:33,30.26,0.01,25,75658,买盘
2472,14:29:36,30.27,0.01,15,45385,买盘
2473,14:29:39,30.25,-0.02,6,18150,卖盘
2474,14:29:45,30.26,0.01,4,12104,买盘
2475,14:29:48,30.25,-0.01,51,154325,卖盘
2476,14:29:51,30.26,0.01,19,57494,买盘
2477,14:29:54,30.25,-0.01,16,48400,卖盘
2478,14:29:57,30.26,0.01,8,24208,中性盘
2479,14:30:03,30.27,0.01,10,30261,买盘
2480,14:30:15,30.26,-0.01,6,18156,买盘
2481,14:30:18,30.26,0.0,1,3026,卖盘
2482,14:30:21,30.25,-0.01,17,51430,卖盘
2483,14:30:24,30.25,0.0,19,57475,卖盘
2484,14:30:30,30.26,0.01,5,15127,买盘
2485,14:30:33,30.25,-0.01,115,347884,卖盘
2486,14:30:36,30.25,0.0,146,441655,卖盘
2487,14:30:39,30.22,-0.03,22,66494,卖盘
2488,14:30:42,30.22,0.0,4,12088,卖盘
2489,14:30:45,30.25,0.03,28,84665,买盘
2490,14:30:48,30.21,-0.04,76,229596,卖盘
2491,14:30:51,30.2,-0.01,21,63429,卖盘
2492,14:30:54,30.2,0.0,146,440920,卖盘
2493,14:30:57,30.2,0.0,151,456025,卖盘
2494,14:31:00,30.19,-0.01,72,217317,卖盘
2495,14:31:03,30.19,0.0,6,18105,买盘
2496,14:31:06,30.16,-0.03,23,69368,卖盘
2497,14:31:12,30.16,0.0,30,90483,卖盘
2498,14:31:15,30.16,0.0,6,18096,卖盘
2499,14:31:19,30.15,-0.01,41,123652,卖盘
2500,14:31:30,30.17,0.02,1,3017,卖盘
2501,14:31:33,30.17,0.0,52,156984,卖盘
2502,14:31:36,30.16,-0.01,9,27138,买盘
2503,14:31:39,30.13,-0.03,37,111547,卖盘
2504,14:31:42,30.15,0.02,1,3015,买盘
2505,14:31:51,30.13,-0.02,24,72324,卖盘
2506,14:31:54,30.13,0.0,29,87415,卖盘
2507,14:31:57,30.13,0.0,50,150650,卖盘
2508,14:32:00,30.13,0.0,89,268144,卖盘
2509,14:32:03,30.12,-0.01,3,9036,卖盘
2510,14:32:06,30.1,-0.02,62,186666,卖盘
2511,14:32:09,30.11,0.01,1,3011,买盘
2512,14:32:12,30.11,0.0,4,12044,买盘
2513,14:32:15,30.11,0.0,72,216888,卖盘
2514,14:32:18,30.11,0.0,21,63231,卖盘
2515,14:32:21,30.1,-0.01,7,21075,卖盘
2516,14:32:24,30.1,0.0,35,105350,卖盘
2517,14:32:27,30.11,0.01,24,72251,买盘
2518,14:32:30,30.1,-0.01,18,54180,卖盘
2519,14:32:33,30.09,-0.01,3,9027,买盘
2520,14:32:36,30.1,0.01,2,6019,买盘
2521,14:32:42,30.09,-0.01,1,3009,卖盘
2522,14:32:48,30.09,0.0,31,93294,卖盘
2523,14:32:51,30.09,0.0,1,3009,中性盘
2524,14:32:57,30.05,-0.04,98,294591,卖盘
2525,14:33:00,30.08,0.03,2,6016,买盘
2526,14:33:06,30.09,0.01,4,12036,买盘
2527,14:33:09,30.08,-0.01,180,541855,卖盘
2528,14:33:12,30.08,0.0,10,30080,买盘
2529,14:33:15,30.02,-0.06,220,660679,卖盘
2530,14:33:18,30.08,0.06,37,111296,买盘
2531,14:33:21,30.08,0.0,32,96155,买盘
2532,14:33:27,30.05,-0.03,9,27025,买盘
2533,14:33:30,30.07,0.02,3,9019,买盘
2534,14:33:33,30.02,-0.05,792,2377619,卖盘
2535,14:33:39,30.02,0.0,162,486409,卖盘
2536,14:33:46,30.02,0.0,92,276295,卖盘
2537,14:33:48,30.07,0.05,4,12024,买盘
2538,14:33:51,30.06,-0.01,1,3006,卖盘
2539,14:33:57,30.05,-0.01,8,24028,买盘
2540,14:34:00,30.03,-0.02,59,177419,卖盘
2541,14:34:04,30.03,0.0,15,45062,卖盘
2542,14:34:06,30.08,0.05,26,78149,买盘
2543,14:34:09,30.05,-0.03,10,30045,买盘
2544,14:34:12,30.08,0.03,52,156378,买盘
2545,14:34:15,30.05,-0.03,10,30068,卖盘
2546,14:34:18,30.05,0.0,11,33050,卖盘
2547,14:34:21,30.05,0.0,1,3005,卖盘
2548,14:34:27,30.08,0.03,31,93163,买盘
2549,14:34:30,30.05,-0.03,3,9015,卖盘
2550,14:34:33,30.05,0.0,11,33055,买盘
2551,14:34:36,30.03,-0.02,100,300358,卖盘
2552,14:34:42,30.03,0.0,120,360372,卖盘
2553,14:34:45,30.03,0.0,25,75075,买盘
2554,14:34:48,30.03,0.0,130,390280,买盘
2555,14:34:54,30.02,-0.01,1000,3002206,卖盘
2556,14:34:57,30.03,0.01,18,54054,卖盘
2557,14:35:00,30.03,0.0,12,36036,卖盘
2558,14:35:03,30.05,0.02,73,219304,买盘
2559,14:35:06,30.03,-0.02,40,120120,中性盘
2560,14:35:18,30.04,0.01,2,6008,卖盘
2561,14:35:24,30.06,0.02,33,99198,买盘
2562,14:35:30,30.06,0.0,21,63126,卖盘
2563,14:35:33,30.07,0.01,10,30070,买盘
2564,14:35:36,30.07,0.0,58,174379,买盘
2565,14:35:39,30.07,0.0,15,45110,卖盘
2566,14:35:42,30.08,0.01,12,36094,买盘
2567,14:35:45,30.07,-0.01,3,9021,卖盘
2568,14:35:48,30.07,0.0,9,27067,卖盘
2569,14:35:51,30.08,0.01,6,18048,买盘
2570,14:35:57,30.07,-0.01,21,63147,卖盘
2571,14:36:00,30.06,-0.01,91,273574,卖盘
2572,14:36:04,30.06,0.0,7,21042,买盘
2573,14:36:06,30.05,-0.01,10,30051,卖盘
2574,14:36:09,30.06,0.01,2,6012,买盘
2575,14:36:12,30.06,0.0,10,30060,买盘
2576,14:36:15,30.05,-0.01,25,75126,卖盘
2577,14:36:18,30.06,0.01,1,3006,买盘
2578,14:36:21,30.05,-0.01,83,249415,卖盘
2579,14:36:24,30.05,0.0,3,9015,买盘
2580,14:36:27,30.04,-0.01,4,12016,卖盘
2581,14:36:30,30.05,0.01,15,45075,买盘
2582,14:36:34,30.05,0.0,121,363567,买盘
2583,14:36:37,30.03,-0.02,22,66081,卖盘
2584,14:36:39,30.05,0.02,2,6010,买盘
2585,14:36:43,30.04,-0.01,5,15020,卖盘
2586,14:36:48,30.05,0.01,18,54082,买盘
2587,14:36:51,30.05,0.0,25,74843,买盘
2588,14:36:54,30.05,0.0,7,21305,卖盘
2589,14:36:57,30.06,0.01,8,24039,买盘
2590,14:37:00,30.05,-0.01,21,63096,卖盘
2591,14:37:03,30.04,-0.01,3,9016,卖盘
2592,14:37:06,30.05,0.01,9,27048,中性盘
2593,14:37:09,30.08,0.03,56,168113,买盘
2594,14:37:12,30.07,-0.01,83,249648,中性盘
2595,14:37:15,30.08,0.01,183,550464,买盘
2596,14:37:18,30.1,0.02,117,352167,买盘
2597,14:37:21,30.11,0.01,53,159583,买盘
2598,14:37:24,30.1,-0.01,26,78286,卖盘
2599,14:37:27,30.1,0.0,42,126430,卖盘
2600,14:37:30,30.1,0.0,65,195650,买盘
2601,14:37:33,30.1,0.0,62,186620,买盘
2602,14:37:36,30.07,-0.03,8,24072,卖盘
2603,14:37:39,30.1,0.03,5,15050,买盘
2604,14:37:42,30.1,0.0,10,30100,买盘
2605,14:37:45,30.1,0.0,5,15035,买盘
2606,14:37:48,30.1,0.0,20,60200,买盘
2607,14:37:51,30.12,0.02,2,6023,买盘
2608,14:37:54,30.12,0.0,2,6024,买盘
2609,14:37:57,30.12,0.0,10,30114,买盘
2610,14:38:00,30.13,0.01,45,135539,买盘
2611,14:38:04,30.13,0.0,5,15065,买盘
2612,14:38:06,30.15,0.02,4,12058,买盘
2613,14:38:09,30.12,-0.03,30,90360,卖盘
2614,14:38:12,30.15,0.03,10,30150,买盘
2615,14:38:15,30.15,0.0,10,30150,买盘
2616,14:38:18,30.15,0.0,1,3015,买盘
2617,14:38:21,30.15,0.0,2,6030,卖盘
2618,14:38:24,30.17,0.02,2,6034,买盘
2619,14:38:33,30.17,0.0,4,12068,买盘
2620,14:38:39,30.18,0.01,29,87492,买盘
2621,14:38:43,30.19,0.01,50,150927,买盘
2622,14:38:45,30.18,-0.01,10,30180,中性盘
2623,14:38:48,30.17,-0.01,8,24142,卖盘
2624,14:38:51,30.17,0.0,2,6034,卖盘
2625,14:38:54,30.19,0.02,79,238493,买盘
2626,14:38:57,30.17,-0.02,13,39239,卖盘
2627,14:39:00,30.17,0.0,4,12068,中性盘
2628,14:39:06,30.17,0.0,5,15085,买盘
2629,14:39:09,30.16,-0.01,7,21114,卖盘
2630,14:39:15,30.17,0.01,5,15084,买盘
2631,14:39:21,30.16,-0.01,47,141790,卖盘
2632,14:39:27,30.17,0.01,3,9051,卖盘
2633,14:39:30,30.18,0.01,27,81486,买盘
2634,14:39:33,30.17,-0.01,10,30170,卖盘
2635,14:39:39,30.15,-0.02,251,756776,卖盘
2636,14:39:42,30.15,0.0,13,39195,买盘
2637,14:39:45,30.13,-0.02,5,15065,卖盘
2638,14:39:48,30.14,0.01,4,12053,中性盘
2639,14:39:51,30.13,-0.01,1,3013,卖盘
2640,14:39:54,30.14,0.01,1,3014,买盘
2641,14:39:57,30.14,0.0,1,3014,买盘
2642,14:40:00,30.12,-0.02,41,123523,卖盘
2643,14:40:04,30.13,0.01,1,3013,买盘
2644,14:40:06,30.14,0.01,15,45205,买盘
2645,14:40:09,30.14,0.0,2,6028,买盘
2646,14:40:12,30.14,0.0,5,15070,卖盘
2647,14:40:15,30.15,0.01,17,51255,买盘
2648,14:40:18,30.14,-0.01,26,78364,买盘
2649,14:40:21,30.13,-0.01,4,12052,卖盘
2650,14:40:27,30.11,-0.02,6,18069,卖盘
2651,14:40:36,30.1,-0.01,27,81284,卖盘
2652,14:40:39,30.1,0.0,3,9030,卖盘
2653,14:40:42,30.1,0.0,9,27091,卖盘
2654,14:40:45,30.11,0.01,15,45165,买盘
2655,14:40:51,30.1,-0.01,13,39130,卖盘
2656,14:40:54,30.1,0.0,2,6020,买盘
2657,14:40:57,30.1,0.0,8,24080,买盘
2658,14:41:00,30.1,0.0,2,6020,卖盘
2659,14:41:04,30.1,0.0,32,96323,卖盘
2660,14:41:06,30.11,0.01,148,446241,买盘
2661,14:41:12,30.12,0.01,17,51204,买盘
2662,14:41:15,30.11,-0.01,4,12045,卖盘
2663,14:41:19,30.1,-0.01,12,36124,卖盘
2664,14:41:21,30.09,-0.01,15,45147,卖盘
2665,14:41:27,30.1,0.01,5,15050,中性盘
2666,14:41:30,30.09,-0.01,15,45135,卖盘
2667,14:41:33,30.1,0.01,3,9030,买盘
2668,14:41:36,30.09,-0.01,13,38395,卖盘
2669,14:41:39,30.08,-0.01,171,514373,卖盘
2670,14:41:42,30.07,-0.01,10,30070,买盘
2671,14:41:45,30.07,0.0,3,9021,买盘
2672,14:41:48,30.07,0.0,1,3007,买盘
2673,14:41:51,30.06,-0.01,2,6012,卖盘
2674,14:41:55,30.06,0.0,11,33068,卖盘
2675,14:41:57,30.06,0.0,1,3006,卖盘
2676,14:42:01,30.06,0.0,3,9018,买盘
2677,14:42:04,30.05,-0.01,11,33058,卖盘
2678,14:42:06,30.05,0.0,16,48081,卖盘
2679,14:42:12,30.05,0.0,23,69101,卖盘
2680,14:42:18,30.05,0.0,13,39065,买盘
2681,14:42:21,30.05,0.0,2,6010,卖盘
2682,14:42:24,30.06,0.01,1,3006,买盘
2683,14:42:27,30.04,-0.02,112,336504,卖盘
2684,14:42:30,30.06,0.02,1,3006,买盘
2685,14:42:33,30.06,0.0,58,174216,买盘
2686,14:42:36,30.05,-0.01,3,9015,卖盘
2687,14:42:42,30.05,0.0,5,15025,买盘
2688,14:42:45,30.04,-0.01,2,6008,卖盘
2689,14:42:51,30.04,0.0,19,57088,卖盘
2690,14:42:54,30.04,0.0,10,30040,卖盘
2691,14:42:58,30.04,0.0,10,30040,买盘
2692,14:43:00,30.06,0.02,1,3006,买盘
2693,14:43:06,30.06,0.0,2,6012,买盘
2694,14:43:09,30.05,-0.01,2,6011,卖盘
2695,14:43:12,30.06,0.01,16,48091,买盘
2696,14:43:15,30.04,-0.02,5,15030,卖盘
2697,14:43:18,30.06,0.02,12,36072,卖盘
2698,14:43:21,30.05,-0.01,1,3005,买盘
2699,14:43:30,30.08,0.03,10,30054,买盘
2700,14:43:33,30.05,-0.03,19,57101,卖盘
2701,14:43:42,30.06,0.01,2,6012,中性盘
2702,14:43:45,30.05,-0.01,16,48081,卖盘
2703,14:43:51,30.05,0.0,237,711913,卖盘
2704,14:43:54,30.02,-0.03,175,525442,卖盘
2705,14:43:57,30.05,0.03,10,30050,买盘
2706,14:44:00,30.05,0.0,9,27045,买盘
2707,14:44:04,29.99,-0.06,825,2475557,卖盘
2708,14:44:06,29.97,-0.02,77,230846,卖盘
2709,14:44:09,29.98,0.01,12,35956,买盘
2710,14:44:18,29.95,-0.03,24,71904,卖盘
2711,14:44:27,29.96,0.01,11,32947,买盘
2712,14:44:30,29.95,-0.01,33,98837,卖盘
2713,14:44:33,29.95,0.0,76,227679,卖盘
2714,14:44:36,29.95,0.0,211,632022,卖盘
2715,14:44:39,29.95,0.0,13,38935,买盘
2716,14:44:42,29.95,0.0,34,101800,买盘
2717,14:44:45,29.94,-0.01,13,38933,卖盘
2718,14:44:48,29.94,0.0,128,383334,卖盘
2719,14:44:52,29.94,0.0,7,20963,中性盘
2720,14:44:54,29.95,0.01,12,35937,中性盘
2721,14:44:57,29.96,0.01,4,11982,买盘
2722,14:45:00,29.96,0.0,4,11984,卖盘
2723,14:45:06,29.96,0.0,3,8988,卖盘
2724,14:45:09,29.99,0.03,1,2999,买盘
2725,14:45:12,29.99,0.0,1,2999,买盘
2726,14:45:15,29.96,-0.03,10,29960,卖盘
2727,14:45:18,29.96,0.0,4,11984,买盘
2728,14:45:24,29.95,-0.01,1,2995,卖盘
2729,14:45:27,29.96,0.01,8,23968,买盘
2730,14:45:30,29.95,-0.01,19,56907,卖盘
2731,14:45:33,29.95,0.0,39,116805,卖盘
2732,14:45:36,29.94,-0.01,66,197604,卖盘
2733,14:45:39,29.94,0.0,16,47904,买盘
2734,14:45:42,29.94,0.0,55,164616,买盘
2735,14:45:45,29.93,-0.01,44,131706,卖盘
2736,14:45:48,29.94,0.01,28,83822,买盘
2737,14:45:51,29.92,-0.02,1446,4326434,卖盘
2738,14:45:54,29.92,0.0,83,248325,买盘
2739,14:45:57,29.91,-0.01,26,77791,中性盘
2740,14:46:00,29.9,-0.01,88,263135,卖盘
2741,14:46:04,29.89,-0.01,83,248132,卖盘
2742,14:46:06,29.89,0.0,3,8967,买盘
2743,14:46:09,29.87,-0.02,26,77707,卖盘
2744,14:46:12,29.86,-0.01,70,209028,卖盘
2745,14:46:15,29.83,-0.03,31,92488,卖盘
2746,14:46:18,29.83,0.0,3,8949,买盘
2747,14:46:21,29.8,-0.03,80,238501,卖盘
2748,14:46:24,29.8,0.0,5,14900,卖盘
2749,14:46:27,29.81,0.01,8,23849,卖盘
2750,14:46:31,29.8,-0.01,159,473831,卖盘
2751,14:46:34,29.8,0.0,76,226384,买盘
2752,14:46:36,29.78,-0.02,23,68508,卖盘
2753,14:46:39,29.8,0.02,90,268216,买盘
2754,14:46:42,29.8,0.0,5,14900,卖盘
2755,14:46:45,29.72,-0.08,206,613302,卖盘
2756,14:46:48,29.78,0.06,115,341944,买盘
2757,14:46:52,29.73,-0.05,49,145850,卖盘
2758,14:46:54,29.73,0.0,8,23796,卖盘
2759,14:46:57,29.73,0.0,8,23783,买盘
2760,14:47:00,29.73,0.0,35,104044,买盘
2761,14:47:03,29.72,-0.01,184,546816,卖盘
2762,14:47:06,29.71,-0.01,149,442799,卖盘
2763,14:47:09,29.73,0.02,367,1088456,买盘
2764,14:47:12,29.71,-0.02,264,784451,卖盘
2765,14:47:15,29.7,-0.01,22,65357,卖盘
2766,14:47:18,29.71,0.01,20,59409,买盘
2767,14:47:21,29.69,-0.02,19,56441,中性盘
2768,14:47:24,29.7,0.01,47,139556,中性盘
2769,14:47:27,29.7,0.0,43,127698,买盘
2770,14:47:30,29.69,-0.01,104,308709,卖盘
2771,14:47:33,29.6,-0.09,212,628227,卖盘
2772,14:47:36,29.65,0.05,75,222090,买盘
2773,14:47:42,29.63,-0.02,21,62225,卖盘
2774,14:47:45,29.65,0.02,187,554085,买盘
2775,14:47:48,29.67,0.02,58,171912,买盘
2776,14:47:51,29.65,-0.02,75,222544,卖盘
2777,14:47:54,29.66,0.01,45,133394,中性盘
2778,14:47:57,29.66,0.0,80,237182,买盘
2779,14:48:00,29.63,-0.03,78,231204,卖盘
2780,14:48:03,29.64,0.01,50,148256,卖盘
2781,14:48:09,29.66,0.02,70,207579,卖盘
2782,14:48:12,29.66,0.0,10,29660,卖盘
2783,14:48:15,29.68,0.02,28,83104,买盘
2784,14:48:18,29.67,-0.01,23,68250,中性盘
2785,14:48:21,29.67,0.0,83,246260,中性盘
2786,14:48:24,29.65,-0.02,269,797824,卖盘
2787,14:48:27,29.65,0.0,52,154179,买盘
2788,14:48:30,29.65,0.0,212,628520,买盘
2789,14:48:34,29.66,0.01,92,272790,买盘
2790,14:48:37,29.66,0.0,227,673268,买盘
2791,14:48:39,29.66,0.0,26,77096,买盘
2792,14:48:42,29.66,0.0,119,353025,卖盘
2793,14:48:45,29.69,0.03,352,1044038,买盘
