,time,price,change,volume,amount,type
0,09:25:04,26.49,-0.71,2544,6739056,买盘
1,09:30:00,26.42,-0.07,61,161266,卖盘
2,09:30:04,26.4,-0.02,2577,6786404,卖盘
3,09:30:07,26.37,-0.03,673,1776433,卖盘
4,09:30:09,26.32,-0.05,244,642343,卖盘
5,09:30:12,26.37,0.05,222,584341,买盘
6,09:30:15,26.25,-0.12,209,549426,卖盘
7,09:30:19,26.25,0.0,93,244128,卖盘
8,09:30:22,26.25,0.0,533,1398580,买盘
9,09:30:25,26.18,-0.07,250,654911,卖盘
10,09:30:27,26.19,0.01,159,416317,买盘
11,09:30:30,26.1,-0.09,165,430698,卖盘
12,09:30:34,26.07,-0.03,279,727267,卖盘
13,09:30:36,26.05,-0.02,154,401378,中性盘
14,09:30:40,26.07,0.02,954,2481754,买盘
15,09:30:42,25.96,-0.11,332,862950,卖盘
16,09:30:45,25.88,-0.08,129,334370,卖盘
17,09:30:48,25.9,0.02,263,680678,中性盘
18,09:30:52,25.9,0.0,372,962510,买盘
19,09:30:55,25.86,-0.04,476,1231595,卖盘
20,09:30:57,25.8,-0.06,1080,2795065,卖盘
21,09:31:00,25.86,0.06,371,959131,买盘
22,09:31:03,25.76,-0.1,352,906422,卖盘
23,09:31:06,25.82,0.06,141,363701,买盘
24,09:31:10,25.8,-0.02,330,851598,卖盘
25,09:31:13,25.76,-0.04,474,1223296,卖盘
26,09:31:16,25.8,0.04,496,1277760,买盘
27,09:31:18,25.8,0.0,215,554172,买盘
28,09:31:22,25.78,-0.02,979,2518998,卖盘
29,09:31:24,25.8,0.02,437,1126211,买盘
30,09:31:27,25.8,0.0,249,641992,买盘
31,09:31:30,25.77,-0.03,340,876300,卖盘
32,09:31:33,25.75,-0.02,575,1481421,卖盘
33,09:31:36,25.74,-0.01,378,973369,卖盘
34,09:31:39,25.78,0.04,493,1267802,买盘
35,09:31:42,25.8,0.02,311,801798,买盘
36,09:31:45,25.77,-0.03,74,190808,卖盘
37,09:31:48,25.8,0.03,285,734517,买盘
38,09:31:51,25.8,0.0,351,904977,买盘
39,09:31:54,25.8,0.0,457,1181045,买盘
40,09:31:58,25.8,0.0,183,472104,买盘
41,09:32:00,25.8,0.0,469,1210057,卖盘
42,09:32:04,25.84,0.04,383,988064,买盘
43,09:32:06,25.81,-0.03,135,348638,卖盘
44,09:32:10,25.85,0.04,100,256693,买盘
45,09:32:12,25.86,0.01,182,470488,买盘
46,09:32:15,25.88,0.02,70,180979,买盘
47,09:32:18,25.9,0.02,53,137267,买盘
48,09:32:21,25.89,-0.01,113,292557,卖盘
49,09:32:24,25.9,0.01,143,370210,买盘
50,09:32:27,25.89,-0.01,433,1120914,卖盘
51,09:32:31,25.89,0.0,258,667409,买盘
52,09:32:33,25.9,0.01,232,600774,买盘
53,09:32:37,25.89,-0.01,122,315924,卖盘
54,09:32:39,25.89,0.0,454,1175531,卖盘
55,09:32:42,25.9,0.01,134,347002,买盘
56,09:32:45,25.88,-0.02,315,815770,卖盘
57,09:32:48,25.88,0.0,257,665140,卖盘
58,09:32:51,25.86,-0.02,431,1114656,卖盘
59,09:32:54,25.88,0.02,611,1579569,买盘
60,09:32:57,25.81,-0.07,356,919392,卖盘
61,09:33:00,25.83,0.02,187,485258,买盘
62,09:33:04,25.83,0.0,298,769319,买盘
63,09:33:06,25.83,0.0,138,356165,买盘
64,09:33:09,25.83,0.0,424,1094853,买盘
65,09:33:12,25.83,0.0,56,144587,买盘
66,09:33:15,25.8,-0.03,919,2368732,卖盘
67,09:33:18,25.78,-0.02,324,835854,卖盘
68,09:33:21,25.79,0.01,205,528614,中性盘
69,09:33:25,25.77,-0.02,208,536062,卖盘
70,09:33:27,25.74,-0.03,313,805930,卖盘
71,09:33:30,25.72,-0.02,298,766791,卖盘
72,09:33:33,25.71,-0.01,155,398719,卖盘
73,09:33:37,25.74,0.03,531,1364823,买盘
74,09:33:39,25.71,-0.03,226,581059,卖盘
75,09:33:42,25.7,-0.01,230,591295,卖盘
76,09:33:45,25.7,0.0,329,845260,买盘
77,09:33:48,25.7,0.0,339,869982,买盘
78,09:33:52,25.7,0.0,183,470360,买盘
79,09:33:55,25.7,0.0,639,1639380,卖盘
80,09:33:57,25.69,-0.01,520,1336290,卖盘
81,09:34:00,25.72,0.03,216,555908,买盘
82,09:34:04,25.76,0.04,60,154378,买盘
83,09:34:06,25.75,-0.01,272,698975,中性盘
84,09:34:09,25.76,0.01,264,678257,买盘
85,09:34:12,25.75,-0.01,67,172541,中性盘
86,09:34:15,25.68,-0.07,609,1566103,卖盘
87,09:34:18,25.76,0.08,458,1179977,买盘
88,09:34:22,25.75,-0.01,142,365599,卖盘
89,09:34:24,25.75,0.0,139,358021,卖盘
90,09:34:27,25.7,-0.05,534,1372150,卖盘
91,09:34:30,25.74,0.04,162,416555,买盘
92,09:34:33,25.7,-0.04,166,427044,卖盘
93,09:34:36,25.74,0.04,55,141492,买盘
94,09:34:39,25.71,-0.03,101,259735,卖盘
95,09:34:43,25.71,0.0,342,879223,卖盘
96,09:34:46,25.74,0.03,198,509306,买盘
97,09:34:48,25.71,-0.03,106,272642,卖盘
98,09:34:52,25.71,0.0,32,82295,卖盘
99,09:34:54,25.7,-0.01,545,1400823,卖盘
100,09:34:57,25.68,-0.02,359,922678,卖盘
101,09:35:00,25.71,0.03,335,860407,中性盘
102,09:35:03,25.73,0.02,171,439547,买盘
103,09:35:06,25.7,-0.03,140,359852,卖盘
104,09:35:09,25.66,-0.04,95,243955,卖盘
105,09:35:12,25.69,0.03,202,518480,买盘
106,09:35:16,25.64,-0.05,192,492563,卖盘
107,09:35:19,25.65,0.01,441,1130908,买盘
108,09:35:21,25.69,0.04,131,336046,买盘
109,09:35:25,25.59,-0.1,871,2230971,卖盘
110,09:35:27,25.58,-0.01,183,468392,卖盘
111,09:35:30,25.58,0.0,143,365786,买盘
112,09:35:33,25.56,-0.02,527,1346906,卖盘
113,09:35:37,25.55,-0.01,214,546867,中性盘
114,09:35:40,25.55,0.0,190,485425,买盘
115,09:35:43,25.52,-0.03,593,1514834,卖盘
116,09:35:45,25.53,0.01,1168,2978761,中性盘
117,09:35:48,25.54,0.01,167,426132,买盘
118,09:35:51,25.5,-0.04,128,326430,卖盘
119,09:35:55,25.43,-0.07,195,496333,卖盘
120,09:35:57,25.43,0.0,266,675847,买盘
121,09:36:01,25.4,-0.03,363,923816,中性盘
122,09:36:03,25.41,0.01,68,172835,买盘
123,09:36:06,25.48,0.07,240,610918,中性盘
124,09:36:10,25.44,-0.04,155,395018,中性盘
125,09:36:12,25.43,-0.01,254,646366,卖盘
126,09:36:15,25.48,0.05,92,234168,买盘
127,09:36:18,25.43,-0.05,372,946445,卖盘
128,09:36:21,25.48,0.05,29,73907,买盘
129,09:36:24,25.48,0.0,94,239630,卖盘
130,09:36:27,25.48,0.0,299,761706,卖盘
131,09:36:31,25.5,0.02,419,1067852,买盘
132,09:36:33,25.5,0.0,103,262614,买盘
133,09:36:37,25.48,-0.02,196,500328,卖盘
134,09:36:39,25.5,0.02,322,819453,买盘
135,09:36:42,25.48,-0.02,197,502180,中性盘
136,09:36:45,25.5,0.02,174,443552,买盘
137,09:36:48,25.5,0.0,230,585950,买盘
138,09:36:51,25.48,-0.02,790,2012425,中性盘
139,09:36:54,25.49,0.01,819,2084854,买盘
140,09:36:57,25.5,0.01,767,1955591,买盘
141,09:37:00,25.51,0.01,295,752213,中性盘
142,09:37:03,25.49,-0.02,102,260160,卖盘
143,09:37:06,25.5,0.01,193,492141,买盘
144,09:37:09,25.53,0.03,212,540614,买盘
145,09:37:12,25.5,-0.03,414,1056055,卖盘
146,09:37:15,25.5,0.0,161,410507,买盘
147,09:37:18,25.5,0.0,163,415603,买盘
148,09:37:22,25.5,0.0,274,698675,买盘
149,09:37:24,25.5,0.0,114,290682,买盘
150,09:37:27,25.5,0.0,523,1333633,买盘
151,09:37:30,25.5,0.0,554,1412088,买盘
152,09:37:34,25.5,0.0,44,112229,卖盘
153,09:37:37,25.51,0.01,7,17855,买盘
154,09:37:40,25.55,0.04,77,196681,买盘
155,09:37:42,25.55,0.0,498,1272145,买盘
156,09:37:45,25.55,0.0,498,1272006,买盘
157,09:37:48,25.55,0.0,625,1594076,卖盘
158,09:37:51,25.5,-0.05,328,837071,卖盘
159,09:37:54,25.5,0.0,240,611932,买盘
160,09:37:57,25.54,0.04,70,178831,卖盘
161,09:38:00,25.58,0.04,380,969169,买盘
162,09:38:04,25.55,-0.03,56,143142,中性盘
163,09:38:06,25.56,0.01,226,577207,中性盘
164,09:38:09,25.55,-0.01,150,383492,卖盘
165,09:38:12,25.57,0.02,205,524051,买盘
166,09:38:16,25.58,0.01,65,166249,买盘
167,09:38:19,25.57,-0.01,67,171367,卖盘
168,09:38:21,25.58,0.01,31,79334,买盘
169,09:38:24,25.59,0.01,556,1421456,中性盘
170,09:38:27,25.57,-0.02,128,327441,卖盘
171,09:38:31,25.6,0.03,240,614098,买盘
172,09:38:33,25.6,0.0,538,1377244,买盘
173,09:38:36,25.55,-0.05,625,1599000,卖盘
174,09:38:40,25.6,0.05,11,28160,卖盘
175,09:38:42,25.65,0.05,50,128195,买盘
176,09:38:45,25.66,0.01,196,502781,买盘
177,09:38:48,25.69,0.03,37,95035,买盘
178,09:38:52,25.66,-0.03,53,136088,卖盘
179,09:38:54,25.72,0.06,1316,3381827,买盘
180,09:38:57,25.72,0.0,124,319017,卖盘
181,09:39:00,25.7,-0.02,110,282697,卖盘
182,09:39:03,25.7,0.0,188,483109,买盘
183,09:39:06,25.7,0.0,122,313495,买盘
184,09:39:10,25.68,-0.02,310,796612,卖盘
185,09:39:12,25.7,0.02,1389,3568750,买盘
186,09:39:15,25.7,0.0,78,200456,买盘
187,09:39:18,25.7,0.0,74,190141,卖盘
188,09:39:21,25.72,0.02,12,30852,买盘
189,09:39:24,25.7,-0.02,115,295554,卖盘
190,09:39:27,25.73,0.03,526,1353262,买盘
191,09:39:30,25.73,0.0,293,753545,卖盘
192,09:39:33,25.7,-0.03,203,522263,卖盘
193,09:39:36,25.8,0.1,22,56748,买盘
194,09:39:42,25.8,0.0,78,201240,买盘
195,09:39:45,25.79,-0.01,740,1909134,中性盘
196,09:39:48,25.8,0.01,1070,2760477,买盘
197,09:39:51,25.81,0.01,2,5162,买盘
198,09:39:54,25.81,0.0,35,90435,卖盘
199,09:39:57,25.8,-0.01,459,1184242,卖盘
200,09:40:00,25.8,0.0,72,185760,买盘
201,09:40:04,25.78,-0.02,230,593252,卖盘
202,09:40:07,25.77,-0.01,94,242272,卖盘
203,09:40:09,25.78,0.01,42,108275,买盘
204,09:40:12,25.78,0.0,122,314335,买盘
205,09:40:15,25.78,0.0,69,177792,买盘
206,09:40:18,25.8,0.02,57,147029,买盘
207,09:40:21,25.75,-0.05,147,378599,卖盘
208,09:40:24,25.8,0.05,454,1169918,买盘
209,09:40:27,25.81,0.01,413,1065428,买盘
210,09:40:30,25.8,-0.01,274,707263,卖盘
211,09:40:33,25.8,0.0,391,1010555,卖盘
212,09:40:36,25.8,0.0,199,513437,卖盘
213,09:40:39,25.8,0.0,16,41276,买盘
214,09:40:42,25.8,0.0,260,670770,买盘
215,09:40:45,25.8,0.0,54,139320,买盘
216,09:40:48,25.8,0.0,233,601118,买盘
217,09:40:51,25.8,0.0,191,492780,买盘
218,09:40:54,25.8,0.0,198,510820,买盘
219,09:40:58,25.79,-0.01,106,273466,中性盘
220,09:41:00,25.81,0.02,569,1468266,买盘
221,09:41:04,25.82,0.01,2,5165,中性盘
222,09:41:06,25.8,-0.02,195,503216,卖盘
223,09:41:09,25.79,-0.01,92,237355,卖盘
224,09:41:12,25.8,0.01,139,358620,买盘
225,09:41:16,25.88,0.08,416,1073493,买盘
226,09:41:18,25.81,-0.07,28,72420,中性盘
227,09:41:21,25.89,0.08,1,2589,买盘
228,09:41:24,25.88,-0.01,4,10352,买盘
229,09:41:27,25.85,-0.03,24,62110,卖盘
230,09:41:30,25.81,-0.04,174,449627,卖盘
231,09:41:33,25.81,0.0,37,95497,买盘
232,09:41:36,25.87,0.06,34,87972,买盘
233,09:41:39,25.89,0.02,26,67294,买盘
234,09:41:42,25.85,-0.04,26,67218,卖盘
235,09:41:45,25.89,0.04,52,134578,买盘
236,09:41:48,25.9,0.01,84,217498,买盘
237,09:41:51,25.89,-0.01,37,95813,卖盘
238,09:41:54,25.89,0.0,29,75096,卖盘
239,09:41:58,25.9,0.01,100,258997,买盘
240,09:42:00,25.88,-0.02,122,315878,卖盘
241,09:42:03,25.9,0.02,31,80279,买盘
242,09:42:07,25.9,0.0,115,297846,买盘
243,09:42:10,25.9,0.0,118,305162,买盘
244,09:42:12,25.9,0.0,80,207197,买盘
245,09:42:15,25.9,0.0,146,378137,买盘
246,09:42:18,25.89,-0.01,62,160567,卖盘
247,09:42:21,25.9,0.01,64,165751,买盘
248,09:42:25,25.89,-0.01,61,157968,卖盘
249,09:42:27,25.9,0.01,65,168281,买盘
250,09:42:30,25.9,0.0,106,274351,买盘
251,09:42:33,25.9,0.0,72,186457,买盘
252,09:42:36,25.89,-0.01,4,10358,中性盘
253,09:42:39,25.83,-0.06,225,581626,卖盘
254,09:42:42,25.89,0.06,202,522464,买盘
255,09:42:45,25.89,0.0,28,72497,买盘
256,09:42:49,25.88,-0.01,10,25890,卖盘
257,09:42:51,25.89,0.01,2,5178,卖盘
258,09:42:54,25.88,-0.01,53,137185,卖盘
259,09:42:57,25.89,0.01,91,235521,买盘
260,09:43:00,25.85,-0.04,65,168191,卖盘
261,09:43:04,25.89,0.04,59,152669,买盘
262,09:43:06,25.88,-0.01,34,88011,卖盘
263,09:43:10,25.9,0.02,32,82858,买盘
264,09:43:12,25.88,-0.02,12,31058,卖盘
265,09:43:15,25.88,0.0,38,98376,卖盘
266,09:43:19,25.89,0.01,63,163111,买盘
267,09:43:21,25.89,0.0,93,240849,买盘
268,09:43:27,25.9,0.01,70,181300,买盘
269,09:43:30,25.89,-0.01,113,292608,卖盘
270,09:43:33,25.89,0.0,147,380604,卖盘
271,09:43:36,25.9,0.01,169,437708,买盘
272,09:43:39,25.9,0.0,90,233062,买盘
273,09:43:42,25.9,0.0,36,93226,买盘
274,09:43:45,25.9,0.0,212,549078,买盘
275,09:43:48,25.9,0.0,130,336692,买盘
276,09:43:51,25.89,-0.01,116,300360,卖盘
277,09:43:54,25.9,0.01,21,54372,买盘
278,09:43:57,25.9,0.0,11,28490,卖盘
279,09:44:00,25.97,0.07,131,339504,买盘
280,09:44:06,25.96,-0.01,8,20773,中性盘
281,09:44:09,25.97,0.01,18,46736,买盘
282,09:44:12,25.96,-0.01,45,116788,中性盘
283,09:44:15,25.95,-0.01,24,62288,中性盘
284,09:44:18,25.92,-0.03,18,46670,卖盘
285,09:44:21,25.93,0.01,4,10372,买盘
286,09:44:24,25.96,0.03,71,184214,买盘
287,09:44:27,25.96,0.0,46,119364,买盘
288,09:44:30,25.93,-0.03,70,181525,卖盘
289,09:44:33,25.96,0.03,50,129788,买盘
290,09:44:36,25.97,0.01,24,62326,买盘
291,09:44:39,25.96,-0.01,16,41544,卖盘
292,09:44:42,25.97,0.01,13,33755,买盘
293,09:44:46,25.95,-0.02,175,454297,卖盘
294,09:44:48,25.93,-0.02,22,57048,卖盘
295,09:44:52,25.95,0.02,204,529156,买盘
296,09:44:54,25.93,-0.02,11,28529,中性盘
297,09:44:57,25.89,-0.04,423,1095840,卖盘
298,09:45:00,25.89,0.0,248,642147,卖盘
299,09:45:04,25.86,-0.03,188,486531,卖盘
300,09:45:06,25.86,0.0,30,77580,买盘
301,09:45:09,25.87,0.01,36,93121,买盘
302,09:45:12,25.85,-0.02,18,46549,卖盘
303,09:45:15,25.84,-0.01,95,245576,卖盘
304,09:45:19,25.87,0.03,74,191302,买盘
305,09:45:21,25.87,0.0,32,82830,买盘
306,09:45:24,25.89,0.02,16,41416,买盘
307,09:45:27,25.87,-0.02,46,119002,卖盘
308,09:45:31,25.86,-0.01,49,126751,卖盘
309,09:45:33,25.86,0.0,14,36201,买盘
310,09:45:36,25.86,0.0,61,157743,买盘
311,09:45:39,25.86,0.0,55,142209,买盘
312,09:45:42,25.85,-0.01,50,129311,卖盘
313,09:45:48,25.86,0.01,106,274050,卖盘
314,09:45:51,25.84,-0.02,90,232621,卖盘
315,09:45:54,25.85,0.01,36,93000,买盘
316,09:45:57,25.84,-0.01,36,93021,卖盘
317,09:46:00,25.82,-0.02,93,240246,卖盘
318,09:46:04,25.85,0.03,31,80129,买盘
319,09:46:06,25.81,-0.04,55,141994,卖盘
320,09:46:09,25.81,0.0,44,113582,卖盘
321,09:46:12,25.81,0.0,8,20651,卖盘
322,09:46:15,25.8,-0.01,119,307260,卖盘
323,09:46:18,25.8,0.0,20,51636,卖盘
324,09:46:21,25.8,0.0,416,1073327,卖盘
325,09:46:24,25.8,0.0,73,188340,买盘
326,09:46:27,25.79,-0.01,9,23215,卖盘
327,09:46:30,25.79,0.0,224,577609,卖盘
328,09:46:33,25.78,-0.01,11,28363,卖盘
329,09:46:36,25.8,0.02,41,105716,买盘
330,09:46:39,25.8,0.0,3,7740,买盘
331,09:46:42,25.75,-0.05,370,953101,卖盘
332,09:46:45,25.75,0.0,27,69525,买盘
333,09:46:48,25.75,0.0,52,133900,买盘
334,09:46:51,25.77,0.02,28,72108,买盘
335,09:46:54,25.75,-0.02,9,23175,卖盘
336,09:46:57,25.8,0.05,26,67018,买盘
337,09:47:00,25.75,-0.05,28,72105,卖盘
338,09:47:03,25.74,-0.01,66,169893,卖盘
339,09:47:06,25.75,0.01,10,25750,卖盘
340,09:47:09,25.8,0.05,30,77390,买盘
341,09:47:12,25.76,-0.04,33,85008,卖盘
342,09:47:15,25.77,0.01,32,82519,买盘
343,09:47:18,25.8,0.03,113,291441,买盘
344,09:47:21,25.8,0.0,18,46440,买盘
345,09:47:24,25.8,0.0,5,12899,买盘
346,09:47:27,25.8,0.0,105,270760,买盘
347,09:47:30,25.76,-0.04,46,118620,卖盘
348,09:47:33,25.8,0.04,67,172701,买盘
349,09:47:36,25.75,-0.05,44,113376,卖盘
350,09:47:39,25.78,0.03,31,79828,买盘
351,09:47:42,25.78,0.0,20,51559,买盘
352,09:47:45,25.76,-0.02,46,118541,卖盘
353,09:47:48,25.77,0.01,28,72132,买盘
354,09:47:51,25.75,-0.02,303,780228,卖盘
355,09:47:54,25.75,0.0,55,141625,卖盘
356,09:47:57,25.75,0.0,12,30899,买盘
357,09:48:00,25.73,-0.02,85,218850,卖盘
358,09:48:03,25.75,0.02,271,697703,买盘
359,09:48:06,25.74,-0.01,22,56636,中性盘
360,09:48:09,25.75,0.01,13,33464,买盘
361,09:48:12,25.75,0.0,26,66934,买盘
362,09:48:16,25.75,0.0,19,48925,买盘
363,09:48:18,25.75,0.0,88,226503,买盘
364,09:48:21,25.76,0.01,8,20601,买盘
365,09:48:24,25.76,0.0,11,28332,买盘
366,09:48:27,25.77,0.01,36,92749,买盘
367,09:48:30,25.76,-0.01,6,15456,卖盘
368,09:48:33,25.75,-0.01,72,185416,卖盘
369,09:48:36,25.77,0.02,530,1364388,买盘
370,09:48:40,25.77,0.0,2,5153,买盘
371,09:48:42,25.77,0.0,23,59269,买盘
372,09:48:45,25.77,0.0,34,87606,买盘
373,09:48:48,25.77,0.0,63,162291,买盘
374,09:48:51,25.75,-0.02,82,211154,卖盘
375,09:48:54,25.75,0.0,207,533025,买盘
376,09:48:57,25.75,0.0,15,38625,买盘
377,09:49:00,25.77,0.02,95,244558,买盘
378,09:49:04,25.74,-0.03,158,406628,卖盘
379,09:49:06,25.75,0.01,34,87530,买盘
380,09:49:09,25.75,0.0,63,162244,买盘
381,09:49:12,25.75,0.0,2,5150,卖盘
382,09:49:15,25.76,0.01,133,342434,买盘
383,09:49:18,25.75,-0.01,5,12877,中性盘
384,09:49:21,25.76,0.01,103,265175,买盘
385,09:49:24,25.76,0.0,28,72108,买盘
386,09:49:27,25.76,0.0,7,18032,买盘
387,09:49:30,25.76,0.0,108,278208,买盘
388,09:49:33,25.77,0.01,91,234438,买盘
389,09:49:36,25.76,-0.01,3,7729,卖盘
390,09:49:39,25.76,0.0,25,64410,卖盘
391,09:49:42,25.75,-0.01,204,525360,卖盘
392,09:49:46,25.75,0.0,115,296235,买盘
393,09:49:49,25.74,-0.01,29,74687,卖盘
394,09:49:51,25.74,0.0,92,236892,卖盘
395,09:49:54,25.76,0.02,21,54096,买盘
396,09:49:57,25.75,-0.01,5,12876,卖盘
397,09:50:00,25.76,0.01,60,154560,买盘
398,09:50:03,25.76,0.0,228,587110,买盘
399,09:50:06,25.76,0.0,58,149423,买盘
400,09:50:09,25.76,0.0,102,262758,买盘
401,09:50:13,25.75,-0.01,66,169950,卖盘
402,09:50:15,25.76,0.01,34,87551,买盘
403,09:50:18,25.75,-0.01,352,906400,中性盘
404,09:50:21,25.76,0.01,204,525351,买盘
405,09:50:24,25.76,0.0,34,87584,买盘
406,09:50:27,25.76,0.0,127,327020,买盘
407,09:50:30,25.76,0.0,7,18032,买盘
408,09:50:33,25.76,0.0,125,321886,买盘
409,09:50:36,25.76,0.0,275,708430,买盘
410,09:50:39,25.76,0.0,45,115920,买盘
411,09:50:42,25.76,0.0,62,159702,买盘
412,09:50:45,25.76,0.0,16,41216,卖盘
413,09:50:48,25.76,0.0,91,234416,卖盘
414,09:50:51,25.76,0.0,30,77280,买盘
415,09:50:54,25.76,0.0,280,720997,买盘
416,09:50:57,25.75,-0.01,36,92723,中性盘
417,09:51:00,25.75,0.0,35,90122,买盘
418,09:51:04,25.74,-0.01,312,803104,卖盘
419,09:51:06,25.74,0.0,4,10294,买盘
420,09:51:09,25.75,0.01,4,10300,买盘
421,09:51:12,25.75,0.0,51,131324,买盘
422,09:51:15,25.74,-0.01,57,146689,卖盘
423,09:51:18,25.74,0.0,34,87516,买盘
424,09:51:21,25.74,0.0,38,97815,买盘
425,09:51:24,25.75,0.01,72,185350,买盘
426,09:51:27,25.74,-0.01,193,496800,卖盘
427,09:51:30,25.74,0.0,29,74646,买盘
428,09:51:33,25.74,0.0,138,355110,买盘
429,09:51:36,25.73,-0.01,7,18014,卖盘
430,09:51:39,25.72,-0.01,507,1303549,卖盘
431,09:51:42,25.7,-0.02,373,958718,卖盘
432,09:51:45,25.7,0.0,29,74529,买盘
433,09:51:48,25.7,0.0,17,43680,买盘
434,09:51:51,25.69,-0.01,41,105351,卖盘
435,09:51:54,25.7,0.01,52,133632,买盘
436,09:51:57,25.7,0.0,58,149060,买盘
437,09:52:00,25.68,-0.02,60,154094,卖盘
438,09:52:04,25.68,0.0,55,141240,卖盘
439,09:52:06,25.7,0.02,108,277414,买盘
440,09:52:09,25.68,-0.02,10,25683,卖盘
441,09:52:12,25.7,0.02,229,587777,买盘
442,09:52:16,25.66,-0.04,48,123276,卖盘
443,09:52:19,25.7,0.04,21,53970,买盘
444,09:52:22,25.7,0.0,10,25700,买盘
445,09:52:24,25.68,-0.02,53,136174,卖盘
446,09:52:27,25.7,0.02,3,7706,买盘
447,09:52:30,25.7,0.0,24,61680,买盘
448,09:52:33,25.7,0.0,88,225935,买盘
449,09:52:36,25.67,-0.03,16,41107,卖盘
450,09:52:39,25.7,0.03,41,105359,买盘
451,09:52:45,25.7,0.0,26,66818,买盘
452,09:52:48,25.7,0.0,5,12850,买盘
453,09:52:52,25.7,0.0,359,922630,买盘
454,09:52:54,25.7,0.0,17,43680,买盘
455,09:52:57,25.7,0.0,240,616749,买盘
456,09:53:00,25.7,0.0,62,159340,买盘
457,09:53:03,25.67,-0.03,119,305763,卖盘
458,09:53:09,25.74,0.07,14,35995,买盘
459,09:53:12,25.74,0.0,413,1061592,买盘
460,09:53:15,25.74,0.0,3,7722,买盘
461,09:53:18,25.74,0.0,49,126117,买盘
462,09:53:21,25.71,-0.03,26,66918,卖盘
463,09:53:24,25.74,0.03,72,185318,买盘
464,09:53:27,25.74,0.0,28,72017,买盘
465,09:53:30,25.71,-0.03,14,36024,卖盘
466,09:53:33,25.74,0.03,100,257076,买盘
467,09:53:36,25.74,0.0,28,72060,买盘
468,09:53:39,25.74,0.0,18,46320,卖盘
469,09:53:42,25.76,0.02,163,419604,买盘
470,09:53:45,25.74,-0.02,32,82368,中性盘
471,09:53:48,25.74,0.0,40,102955,买盘
472,09:53:51,25.72,-0.02,19,48892,卖盘
473,09:53:54,25.73,0.01,37,95187,买盘
474,09:53:57,25.74,0.01,121,311217,买盘
475,09:54:00,25.74,0.0,1,2574,买盘
476,09:54:04,25.7,-0.04,193,496167,卖盘
477,09:54:06,25.73,0.03,8,20580,买盘
478,09:54:09,25.74,0.01,138,355160,买盘
479,09:54:15,25.7,-0.04,57,146553,卖盘
480,09:54:18,25.72,0.02,18,46296,中性盘
481,09:54:21,25.71,-0.01,13,33456,中性盘
482,09:54:24,25.7,-0.01,27,69421,卖盘
483,09:54:27,25.7,0.0,59,151630,卖盘
484,09:54:30,25.74,0.04,76,195528,买盘
485,09:54:33,25.69,-0.05,48,123344,卖盘
486,09:54:36,25.7,0.01,40,102767,买盘
487,09:54:39,25.68,-0.02,39,100187,卖盘
488,09:54:42,25.7,0.02,64,164480,买盘
489,09:54:45,25.7,0.0,2,5140,卖盘
490,09:54:48,25.7,0.0,1,2570,卖盘
491,09:54:51,25.71,0.01,143,367472,买盘
492,09:54:55,25.7,-0.01,7,17990,卖盘
493,09:54:57,25.73,0.03,105,270032,买盘
494,09:55:00,25.71,-0.02,49,125981,卖盘
495,09:55:04,25.73,0.02,107,275139,中性盘
496,09:55:06,25.68,-0.05,107,274942,卖盘
497,09:55:09,25.7,0.02,5,12850,买盘
498,09:55:12,25.7,0.0,16,41120,买盘
499,09:55:15,25.7,0.0,26,66820,买盘
500,09:55:18,25.7,0.0,110,282665,买盘
501,09:55:21,25.68,-0.02,159,408483,卖盘
502,09:55:24,25.72,0.04,13,33433,买盘
503,09:55:27,25.72,0.0,4,10288,卖盘
504,09:55:30,25.72,0.0,5,12860,卖盘
505,09:55:33,25.7,-0.02,68,174782,卖盘
506,09:55:36,25.73,0.03,79,203107,买盘
507,09:55:42,25.72,-0.01,11,28293,卖盘
508,09:55:45,25.72,0.0,4,10289,中性盘
509,09:55:48,25.73,0.01,26,66893,买盘
510,09:55:51,25.72,-0.01,10,25720,卖盘
511,09:55:55,25.73,0.01,4,10292,买盘
512,09:55:58,25.73,0.0,28,72035,买盘
513,09:56:00,25.73,0.0,6,15433,买盘
514,09:56:04,25.71,-0.02,35,90008,卖盘
515,09:56:06,25.71,0.0,37,95079,买盘
516,09:56:09,25.72,0.01,29,74578,买盘
517,09:56:12,25.72,0.0,1,2572,买盘
518,09:56:15,25.72,0.0,22,56579,买盘
519,09:56:21,25.71,-0.01,21,54010,卖盘
520,09:56:24,25.72,0.01,64,164608,买盘
521,09:56:27,25.72,0.0,10,25720,买盘
522,09:56:30,25.73,0.01,119,306087,买盘
523,09:56:33,25.73,0.0,23,59118,买盘
524,09:56:37,25.7,-0.03,25,64254,卖盘
525,09:56:39,25.7,0.0,23,59110,买盘
526,09:56:42,25.7,0.0,32,82238,买盘
527,09:56:45,25.7,0.0,64,164460,买盘
528,09:56:48,25.7,0.0,28,71960,买盘
529,09:56:54,25.73,0.03,20,51460,买盘
530,09:56:57,25.73,0.0,64,164551,买盘
531,09:57:00,25.72,-0.01,25,64300,中性盘
532,09:57:04,25.72,0.0,70,179990,买盘
533,09:57:06,25.72,0.0,2,5144,买盘
534,09:57:09,25.71,-0.01,34,87429,卖盘
535,09:57:12,25.71,0.0,2,5142,买盘
536,09:57:15,25.71,0.0,21,53988,买盘
537,09:57:18,25.72,0.01,23,59141,买盘
538,09:57:22,25.72,0.0,10,25712,买盘
539,09:57:25,25.7,-0.02,1,2570,卖盘
540,09:57:27,25.72,0.02,21,54007,买盘
541,09:57:30,25.72,0.0,3,7716,买盘
542,09:57:33,25.71,-0.01,38,97699,卖盘
543,09:57:36,25.71,0.0,8,20568,卖盘
544,09:57:39,25.72,0.01,26,66867,买盘
545,09:57:42,25.71,-0.01,5,12855,卖盘
546,09:57:45,25.72,0.01,89,228883,买盘
547,09:57:48,25.72,0.0,36,92575,买盘
548,09:57:51,25.71,-0.01,41,105411,卖盘
549,09:57:54,25.71,0.0,21,53991,买盘
550,09:57:57,25.7,-0.01,109,280141,卖盘
551,09:58:00,25.71,0.01,28,71980,买盘
552,09:58:04,25.7,-0.01,73,187662,卖盘
553,09:58:06,25.7,0.0,28,71961,卖盘
554,09:58:09,25.72,0.02,8,20576,买盘
555,09:58:12,25.72,0.0,72,185148,买盘
556,09:58:16,25.71,-0.01,51,131163,买盘
557,09:58:18,25.71,0.0,3,7713,买盘
558,09:58:21,25.72,0.01,91,233987,买盘
559,09:58:24,25.7,-0.02,75,192786,卖盘
560,09:58:27,25.72,0.02,95,244313,买盘
561,09:58:30,25.72,0.0,86,221172,买盘
562,09:58:33,25.71,-0.01,104,267405,卖盘
563,09:58:36,25.72,0.01,28,72013,买盘
564,09:58:39,25.71,-0.01,5,12855,卖盘
565,09:58:45,25.71,0.0,24,61726,卖盘
566,09:58:48,25.71,0.0,90,231390,卖盘
567,09:58:51,25.71,0.0,2,5142,买盘
568,09:58:54,25.72,0.01,69,177401,买盘
569,09:59:00,25.71,-0.01,6,15426,卖盘
570,09:59:04,25.7,-0.01,49,125940,卖盘
571,09:59:06,25.7,0.0,222,570561,卖盘
572,09:59:09,25.7,0.0,204,524342,卖盘
573,09:59:12,25.71,0.01,2,5142,买盘
574,09:59:15,25.71,0.0,55,141405,买盘
575,09:59:18,25.72,0.01,20,51440,买盘
576,09:59:21,25.72,0.0,23,59154,买盘
577,09:59:24,25.7,-0.02,99,254525,卖盘
578,09:59:27,25.72,0.02,30,77156,买盘
579,09:59:30,25.72,0.0,7,18001,买盘
580,09:59:33,25.7,-0.02,34,87413,卖盘
581,09:59:36,25.7,0.0,107,274992,卖盘
582,09:59:39,25.72,0.02,27,69430,买盘
583,09:59:42,25.7,-0.02,91,233872,卖盘
584,09:59:45,25.7,0.0,7,17990,买盘
585,09:59:48,25.7,0.0,10,25700,买盘
586,09:59:52,25.7,0.0,69,177330,买盘
587,09:59:54,25.7,0.0,124,318579,买盘
588,09:59:57,25.7,0.0,10,25700,买盘
589,10:00:00,25.71,0.01,22,56562,买盘
590,10:00:04,25.69,-0.02,48,123323,卖盘
591,10:00:06,25.69,0.0,19,48811,买盘
592,10:00:09,25.69,0.0,6,15414,买盘
593,10:00:12,25.7,0.01,105,269741,买盘
594,10:00:18,25.68,-0.02,43,110426,卖盘
595,10:00:21,25.69,0.01,19,48811,卖盘
596,10:00:24,25.7,0.01,32,82216,买盘
597,10:00:27,25.68,-0.02,40,102732,卖盘
598,10:00:33,25.68,0.0,94,241414,卖盘
599,10:00:37,25.69,0.01,4,10273,中性盘
600,10:00:42,25.7,0.01,165,423727,买盘
601,10:00:45,25.69,-0.01,26,66815,卖盘
602,10:00:48,25.69,0.0,15,38537,卖盘
603,10:00:51,25.69,0.0,19,48826,卖盘
604,10:00:54,25.7,0.01,7,17990,买盘
605,10:00:57,25.68,-0.02,88,226072,卖盘
606,10:01:04,25.67,-0.01,136,349314,卖盘
607,10:01:06,25.67,0.0,219,561944,卖盘
608,10:01:09,25.7,0.03,54,138627,买盘
609,10:01:12,25.69,-0.01,9,23103,买盘
610,10:01:15,25.66,-0.03,9,23094,买盘
611,10:01:18,25.7,0.04,23,59108,买盘
612,10:01:27,25.7,0.0,30,77088,买盘
613,10:01:30,25.7,0.0,19,48830,买盘
614,10:01:33,25.68,-0.02,63,161849,卖盘
615,10:01:36,25.68,0.0,12,30816,买盘
616,10:01:39,25.68,0.0,45,115560,买盘
617,10:01:42,25.71,0.03,62,159342,买盘
618,10:01:45,25.69,-0.02,53,136231,中性盘
619,10:01:49,25.69,0.0,5,12844,买盘
620,10:01:51,25.69,0.0,54,138722,买盘
621,10:01:54,25.69,0.0,14,35966,买盘
622,10:01:57,25.69,0.0,136,349389,卖盘
623,10:02:00,25.69,0.0,5,12845,买盘
624,10:02:03,25.67,-0.02,181,464840,卖盘
625,10:02:06,25.69,0.02,14,35964,买盘
626,10:02:09,25.68,-0.01,13,33384,买盘
627,10:02:12,25.68,0.0,25,64200,买盘
628,10:02:15,25.69,0.01,24,61656,买盘
629,10:02:18,25.69,0.0,27,69361,买盘
630,10:02:21,25.7,0.01,141,362241,买盘
631,10:02:24,25.7,0.0,23,59106,买盘
632,10:02:27,25.7,0.0,2,5140,买盘
633,10:02:30,25.7,0.0,3,7710,买盘
634,10:02:33,25.7,0.0,89,228690,买盘
635,10:02:36,25.71,0.01,218,560196,买盘
636,10:02:39,25.7,-0.01,113,290410,卖盘
637,10:02:42,25.7,0.0,27,69390,买盘
638,10:02:45,25.7,0.0,35,89950,买盘
639,10:02:48,25.7,0.0,41,105362,买盘
640,10:02:51,25.7,0.0,7,17990,买盘
641,10:02:54,25.7,0.0,70,179895,买盘
642,10:02:58,25.7,0.0,123,316040,买盘
643,10:03:01,25.69,-0.01,19,48828,卖盘
644,10:03:04,25.69,0.0,106,272385,卖盘
645,10:03:06,25.69,0.0,114,292869,卖盘
646,10:03:09,25.7,0.01,257,660490,买盘
647,10:03:12,25.7,0.0,79,203030,买盘
648,10:03:15,25.69,-0.01,601,1544325,卖盘
649,10:03:18,25.7,0.01,2,5140,中性盘
650,10:03:21,25.69,-0.01,59,151614,卖盘
651,10:03:24,25.7,0.01,20,51386,买盘
652,10:03:27,25.7,0.0,172,442035,买盘
653,10:03:31,25.7,0.0,230,591090,买盘
654,10:03:33,25.7,0.0,162,417496,买盘
655,10:03:36,25.7,0.0,288,739852,卖盘
656,10:03:39,25.7,0.0,28,71960,买盘
657,10:03:42,25.73,0.03,16,41159,买盘
658,10:03:48,25.74,0.01,26,66922,买盘
659,10:03:51,25.74,0.0,9,23166,买盘
660,10:03:55,25.76,0.02,22,56672,买盘
661,10:04:00,25.76,0.0,105,270290,买盘
662,10:04:04,25.76,0.0,40,103040,买盘
663,10:04:06,25.76,0.0,155,398950,卖盘
664,10:04:12,25.77,0.01,3,7731,买盘
665,10:04:16,25.77,0.0,100,257613,卖盘
666,10:04:18,25.76,-0.01,8,20620,卖盘
667,10:04:21,25.79,0.03,114,293673,买盘
668,10:04:24,25.77,-0.02,6,15462,中性盘
669,10:04:27,25.79,0.02,121,311978,买盘
670,10:04:30,25.77,-0.02,7,18046,卖盘
671,10:04:36,25.79,0.02,193,497294,买盘
672,10:04:40,25.77,-0.02,24,61838,中性盘
673,10:04:45,25.78,0.01,52,134036,买盘
674,10:04:48,25.78,0.0,7,18050,卖盘
675,10:04:51,25.79,0.01,36,92830,买盘
676,10:04:54,25.78,-0.01,12,30936,卖盘
677,10:04:57,25.8,0.02,21,54161,买盘
678,10:05:00,25.8,0.0,8,20640,买盘
679,10:05:04,25.8,0.0,23,59340,买盘
680,10:05:06,25.82,0.02,73,188330,买盘
681,10:05:09,25.8,-0.02,10,25800,中性盘
682,10:05:12,25.8,0.0,43,110908,买盘
683,10:05:15,25.8,0.0,117,301858,买盘
684,10:05:18,25.8,0.0,8,20640,买盘
685,10:05:21,25.8,0.0,137,353443,买盘
686,10:05:27,25.8,0.0,23,59340,卖盘
687,10:05:30,25.8,0.0,24,61925,卖盘
688,10:05:33,25.8,0.0,14,36130,卖盘
689,10:05:36,25.8,0.0,374,965016,卖盘
690,10:05:39,25.79,-0.01,111,286379,卖盘
691,10:05:42,25.79,0.0,7,18053,卖盘
692,10:05:45,25.8,0.01,14,36108,买盘
693,10:05:49,25.79,-0.01,10,25782,买盘
694,10:05:51,25.78,-0.01,13,33519,卖盘
695,10:05:54,25.78,0.0,24,61872,卖盘
696,10:05:57,25.78,0.0,12,30936,卖盘
697,10:06:00,25.78,0.0,14,36088,买盘
698,10:06:04,25.78,0.0,15,38666,买盘
699,10:06:06,25.76,-0.02,92,237005,卖盘
700,10:06:09,25.75,-0.01,68,175198,卖盘
701,10:06:12,25.76,0.01,37,95270,中性盘
702,10:06:15,25.73,-0.03,51,131309,卖盘
703,10:06:21,25.77,0.04,17,43781,买盘
704,10:06:24,25.77,0.0,8,20615,买盘
705,10:06:27,25.77,0.0,11,28347,卖盘
706,10:06:30,25.78,0.01,10,25776,买盘
707,10:06:33,25.78,0.0,14,36092,卖盘
708,10:06:36,25.77,-0.01,64,164966,卖盘
709,10:06:39,25.75,-0.02,2,5150,卖盘
710,10:06:43,25.75,0.0,3,7727,卖盘
711,10:06:45,25.77,0.02,10,25770,买盘
712,10:06:48,25.77,0.0,14,36086,买盘
713,10:06:51,25.75,-0.02,15,38643,卖盘
714,10:06:54,25.75,0.0,2,5150,卖盘
715,10:06:57,25.77,0.02,17,43809,买盘
716,10:07:01,25.77,0.0,8,20616,卖盘
717,10:07:04,25.77,0.0,3,7731,中性盘
718,10:07:06,25.75,-0.02,32,82402,卖盘
719,10:07:12,25.77,0.02,1,2577,卖盘
720,10:07:15,25.78,0.01,1,2578,买盘
721,10:07:18,25.75,-0.03,35,90133,卖盘
722,10:07:21,25.75,0.0,55,141708,卖盘
723,10:07:24,25.73,-0.02,89,229089,卖盘
724,10:07:36,25.76,0.03,44,113364,卖盘
725,10:07:39,25.78,0.02,10,25770,买盘
726,10:07:42,25.77,-0.01,1,2577,卖盘
727,10:07:45,25.76,-0.01,2,5152,卖盘
728,10:07:48,25.76,0.0,1,2576,买盘
729,10:07:51,25.77,0.01,2,5153,买盘
730,10:07:54,25.75,-0.02,5,12877,卖盘
731,10:08:04,25.75,0.0,6,15459,卖盘
732,10:08:06,25.77,0.02,16,41204,买盘
733,10:08:12,25.77,0.0,10,25770,买盘
734,10:08:15,25.76,-0.01,31,79866,卖盘
735,10:08:24,25.76,0.0,36,92736,买盘
736,10:08:27,25.76,0.0,13,33496,卖盘
737,10:08:30,25.78,0.02,1,2578,买盘
738,10:08:36,25.75,-0.03,24,61812,卖盘
739,10:08:39,25.78,0.03,5,12886,买盘
740,10:08:42,25.78,0.0,3,7734,卖盘
741,10:08:48,25.8,0.02,100,257905,买盘
742,10:08:51,25.78,-0.02,4,10313,卖盘
743,10:08:58,25.76,-0.02,8,20620,卖盘
744,10:09:04,25.76,0.0,3,7730,卖盘
745,10:09:06,25.78,0.02,58,149446,买盘
746,10:09:09,25.78,0.0,3,7734,买盘
747,10:09:12,25.78,0.0,31,79918,买盘
748,10:09:18,25.8,0.02,15,38700,买盘
749,10:09:21,25.78,-0.02,41,105699,卖盘
750,10:09:24,25.79,0.01,21,54159,买盘
751,10:09:28,25.79,0.0,2,4384,买盘
752,10:09:31,25.79,0.0,14,36106,买盘
753,10:09:36,25.78,-0.01,37,95389,卖盘
754,10:09:39,25.79,0.01,10,25782,买盘
755,10:09:42,25.79,0.0,78,201158,买盘
756,10:09:48,25.8,0.01,10,25800,买盘
757,10:09:51,25.8,0.0,37,95439,买盘
758,10:09:54,25.8,0.0,68,175440,买盘
759,10:09:57,25.79,-0.01,13,33535,卖盘
760,10:10:00,25.8,0.01,8,20638,买盘
761,10:10:04,25.8,0.0,34,87720,买盘
762,10:10:06,25.79,-0.01,60,154745,卖盘
763,10:10:09,25.77,-0.02,30,77341,卖盘
764,10:10:12,25.77,0.0,7,18045,卖盘
765,10:10:15,25.79,0.02,35,90265,买盘
766,10:10:18,25.78,-0.01,4,10312,卖盘
767,10:10:21,25.78,0.0,5,12890,卖盘
768,10:10:24,25.8,0.02,18,46429,买盘
769,10:10:27,25.8,0.0,11,28380,卖盘
770,10:10:33,25.83,0.03,1,2583,买盘
771,10:10:36,25.79,-0.04,52,134197,卖盘
772,10:10:39,25.79,0.0,1,2579,买盘
773,10:10:45,25.8,0.01,2,5160,卖盘
774,10:10:48,25.78,-0.02,42,108339,卖盘
775,10:10:51,25.78,0.0,2,5156,卖盘
776,10:10:54,25.78,0.0,7,18046,卖盘
777,10:10:57,25.8,0.02,41,105730,买盘
778,10:11:00,25.78,-0.02,21,54168,中性盘
779,10:11:06,25.78,0.0,42,108247,买盘
780,10:11:09,25.79,0.01,15,38671,买盘
781,10:11:21,25.79,0.0,25,64489,中性盘
782,10:11:30,25.8,0.01,33,85135,买盘
783,10:11:33,25.79,-0.01,5,12895,卖盘
784,10:11:36,25.79,0.0,56,144380,买盘
785,10:11:39,25.79,0.0,13,33521,卖盘
786,10:11:42,25.8,0.01,66,170168,买盘
787,10:11:46,25.77,-0.03,4,10308,卖盘
788,10:11:49,25.8,0.03,1,2580,买盘
789,10:11:51,25.79,-0.01,12,30948,卖盘
790,10:11:54,25.78,-0.01,31,79947,卖盘
791,10:11:57,25.79,0.01,4,10315,买盘
792,10:12:00,25.79,0.0,6,15474,买盘
793,10:12:03,25.8,0.01,24,61910,买盘
794,10:12:06,25.77,-0.03,84,216548,卖盘
795,10:12:09,25.79,0.02,16,41264,买盘
796,10:12:12,25.79,0.0,9,23211,买盘
797,10:12:15,25.79,0.0,20,51580,买盘
798,10:12:18,25.78,-0.01,3,7734,卖盘
799,10:12:21,25.78,0.0,31,79918,买盘
800,10:12:24,25.79,0.01,1,2579,买盘
801,10:12:27,25.78,-0.01,28,72200,卖盘
802,10:12:30,25.79,0.01,84,216626,买盘
803,10:12:36,25.78,-0.01,29,74776,卖盘
804,10:12:40,25.78,0.0,5,12890,买盘
805,10:12:45,25.78,0.0,9,23199,买盘
806,10:12:48,25.77,-0.01,27,69596,卖盘
807,10:12:51,25.77,0.0,38,97949,卖盘
808,10:12:54,25.78,0.01,105,270685,买盘
809,10:12:57,25.77,-0.01,1,2577,卖盘
810,10:13:00,25.77,0.0,49,126292,卖盘
811,10:13:03,25.77,0.0,40,103853,卖盘
812,10:13:06,25.76,-0.01,52,133954,卖盘
813,10:13:09,25.76,0.0,30,77295,卖盘
814,10:13:15,25.77,0.01,5,12884,买盘
815,10:13:18,25.76,-0.01,2,5152,卖盘
816,10:13:21,25.77,0.01,15,38654,买盘
817,10:13:24,25.77,0.0,1,2577,买盘
818,10:13:27,25.77,0.0,1,2577,买盘
819,10:13:30,25.77,0.0,19,48961,买盘
820,10:13:33,25.77,0.0,181,465664,买盘
821,10:13:36,25.76,-0.01,94,242249,卖盘
822,10:13:39,25.77,0.01,16,41229,中性盘
823,10:13:42,25.76,-0.01,28,72146,卖盘
824,10:13:45,25.76,0.0,12,30920,卖盘
825,10:13:48,25.77,0.01,1,2577,买盘
826,10:13:51,25.77,0.0,1,2577,买盘
827,10:13:54,25.77,0.0,29,74719,买盘
828,10:14:00,25.77,0.0,10,25770,买盘
829,10:14:03,25.76,-0.01,21,54107,卖盘
830,10:14:06,25.76,0.0,73,188064,卖盘
831,10:14:09,25.77,0.01,16,41226,买盘
832,10:14:12,25.77,0.0,28,72156,买盘
833,10:14:15,25.77,0.0,15,38653,买盘
834,10:14:18,25.75,-0.02,315,811266,卖盘
835,10:14:21,25.77,0.02,1,2577,买盘
836,10:14:24,25.77,0.0,23,59271,买盘
837,10:14:27,25.77,0.0,15,38655,买盘
838,10:14:36,25.74,-0.03,53,137218,卖盘
839,10:14:39,25.74,0.0,14,36036,买盘
840,10:14:46,25.74,0.0,6,15444,买盘
841,10:14:48,25.74,0.0,15,38609,买盘
842,10:14:51,25.74,0.0,1,2574,买盘
843,10:14:54,25.74,0.0,45,115058,买盘
844,10:14:57,25.74,0.0,1,2574,卖盘
845,10:15:00,25.77,0.03,55,141655,买盘
846,10:15:03,25.75,-0.02,2,5150,卖盘
847,10:15:10,25.77,0.02,7,18032,买盘
848,10:15:12,25.75,-0.02,18,46384,卖盘
849,10:15:15,25.75,0.0,4,10306,卖盘
850,10:15:21,25.77,0.02,24,61835,买盘
851,10:15:24,25.77,0.0,1,2577,买盘
852,10:15:33,25.78,0.01,14,36088,买盘
853,10:15:40,25.78,0.0,1,2578,买盘
854,10:15:43,25.75,-0.03,19,48941,卖盘
855,10:15:46,25.75,0.0,18,46392,卖盘
856,10:15:49,25.78,0.03,44,113432,买盘
857,10:15:51,25.78,0.0,1,2578,买盘
858,10:15:54,25.79,0.01,30,77350,买盘
859,10:16:00,25.78,-0.01,2,5156,卖盘
860,10:16:03,25.78,0.0,3,7734,卖盘
861,10:16:06,25.79,0.01,18,46420,买盘
862,10:16:09,25.79,0.0,8,20632,买盘
863,10:16:12,25.76,-0.03,23,59276,卖盘
864,10:16:15,25.76,0.0,16,41216,买盘
865,10:16:18,25.79,0.03,31,79904,买盘
866,10:16:21,25.78,-0.01,8,20624,买盘
867,10:16:24,25.79,0.01,10,25790,买盘
868,10:16:27,25.8,0.01,15,38697,买盘
869,10:16:33,25.8,0.0,5,12900,买盘
870,10:16:37,25.79,-0.01,7,18053,卖盘
871,10:16:40,25.8,0.01,18,46435,买盘
872,10:16:42,25.78,-0.02,29,74803,卖盘
873,10:16:45,25.78,0.0,10,25774,买盘
874,10:16:48,25.78,0.0,1,2578,买盘
875,10:16:51,25.78,0.0,15,38670,买盘
876,10:16:54,25.78,0.0,4,10312,买盘
877,10:16:57,25.78,0.0,1,2578,买盘
878,10:17:00,25.79,0.01,1,2579,买盘
879,10:17:04,25.8,0.01,13,33535,买盘
880,10:17:06,25.79,-0.01,1,2579,买盘
881,10:17:12,25.8,0.01,84,216565,买盘
882,10:17:15,25.8,0.0,26,67044,买盘
883,10:17:18,25.8,0.0,50,129000,买盘
884,10:17:21,25.8,0.0,1,2580,买盘
885,10:17:24,25.8,0.0,48,123832,买盘
886,10:17:27,25.8,0.0,2,5160,买盘
887,10:17:30,25.8,0.0,5,12898,买盘
888,10:17:33,25.8,0.0,4,10320,买盘
889,10:17:36,25.8,0.0,15,38700,买盘
890,10:17:39,25.79,-0.01,5,12897,卖盘
891,10:17:42,25.79,0.0,70,180623,卖盘
892,10:17:45,25.83,0.04,20,51640,买盘
893,10:17:48,25.83,0.0,4,10332,买盘
894,10:17:55,25.83,0.0,4,10332,买盘
895,10:17:57,25.83,0.0,36,92988,买盘
896,10:18:00,25.82,-0.01,14,36149,卖盘
897,10:18:04,25.82,0.0,3,7746,卖盘
898,10:18:09,25.84,0.02,18,46494,买盘
899,10:18:12,25.8,-0.04,44,113574,卖盘
900,10:18:15,25.8,0.0,8,20652,卖盘
901,10:18:18,25.84,0.04,19,49096,买盘
902,10:18:21,25.83,-0.01,4,10335,卖盘
903,10:18:24,25.83,0.0,8,20664,卖盘
904,10:18:27,25.83,0.0,8,20664,卖盘
905,10:18:30,25.84,0.01,21,54248,买盘
906,10:18:33,25.84,0.0,27,69676,买盘
907,10:18:36,25.8,-0.04,79,203892,卖盘
908,10:18:39,25.8,0.0,20,51600,买盘
909,10:18:42,25.8,0.0,17,43860,买盘
910,10:18:45,25.78,-0.02,73,188281,卖盘
911,10:18:48,25.78,0.0,5,12890,买盘
912,10:18:51,25.84,0.06,21,54260,买盘
913,10:18:54,25.84,0.0,1,2584,买盘
914,10:18:57,25.84,0.0,11,28424,买盘
915,10:19:00,25.84,0.0,7,18088,买盘
916,10:19:04,25.84,0.0,18,46512,买盘
917,10:19:06,25.8,-0.04,154,397326,卖盘
918,10:19:09,25.8,0.0,1,2580,买盘
919,10:19:12,25.79,-0.01,2,5158,中性盘
920,10:19:15,25.8,0.01,132,340341,买盘
921,10:19:21,25.8,0.0,7,18042,买盘
922,10:19:24,25.8,0.0,19,49020,买盘
923,10:19:27,25.77,-0.03,8,20619,卖盘
924,10:19:30,25.77,0.0,6,15465,卖盘
925,10:19:33,25.78,0.01,10,25774,买盘
926,10:19:36,25.77,-0.01,24,61870,卖盘
927,10:19:39,25.77,0.0,19,48978,卖盘
928,10:19:42,25.78,0.01,14,36092,卖盘
929,10:19:45,25.76,-0.02,64,164968,卖盘
930,10:19:49,25.78,0.02,38,97947,买盘
931,10:19:51,25.76,-0.02,58,149439,卖盘
932,10:19:57,25.77,0.01,138,355444,买盘
933,10:20:03,25.75,-0.02,109,280680,卖盘
934,10:20:06,25.74,-0.01,43,110686,卖盘
935,10:20:09,25.75,0.01,20,52262,买盘
936,10:20:12,25.7,-0.05,514,1321608,卖盘
937,10:20:16,25.72,0.02,50,128520,中性盘
938,10:20:18,25.72,0.0,2,5143,买盘
939,10:20:21,25.7,-0.02,57,146521,卖盘
940,10:20:24,25.71,0.01,72,185043,买盘
941,10:20:27,25.7,-0.01,154,395788,卖盘
942,10:20:30,25.72,0.02,46,118246,买盘
943,10:20:33,25.7,-0.02,62,159340,卖盘
944,10:20:36,25.7,0.0,8,20560,买盘
945,10:20:39,25.68,-0.02,116,297910,卖盘
946,10:20:42,25.7,0.02,16,41119,买盘
947,10:20:45,25.67,-0.03,205,526459,卖盘
948,10:20:48,25.68,0.01,50,128400,买盘
949,10:20:51,25.67,-0.01,89,228482,卖盘
950,10:20:54,25.66,-0.01,47,120633,卖盘
951,10:20:57,25.67,0.01,12,30804,买盘
952,10:21:00,25.66,-0.01,23,59018,卖盘
953,10:21:04,25.68,0.02,22,56482,买盘
954,10:21:06,25.67,-0.01,4,10268,卖盘
955,10:21:09,25.67,0.0,12,30804,卖盘
956,10:21:12,25.68,0.01,10,25671,买盘
957,10:21:15,25.66,-0.02,193,495340,卖盘
958,10:21:18,25.67,0.01,22,56474,中性盘
959,10:21:21,25.67,0.0,50,128350,卖盘
960,10:21:24,25.68,0.01,22,56520,卖盘
961,10:21:27,25.68,0.0,33,84774,卖盘
962,10:21:31,25.7,0.02,5,12850,买盘
963,10:21:33,25.7,0.0,2,5140,买盘
964,10:21:36,25.68,-0.02,40,102720,卖盘
965,10:21:39,25.7,0.02,29,74490,买盘
966,10:21:42,25.69,-0.01,10,25692,卖盘
967,10:21:45,25.68,-0.01,53,136105,卖盘
968,10:21:48,25.68,0.0,72,184896,买盘
969,10:21:51,25.69,0.01,1,2569,中性盘
970,10:21:57,25.69,0.0,8,20552,中性盘
971,10:22:00,25.69,0.0,17,43673,买盘
972,10:22:04,25.68,-0.01,2,5136,卖盘
973,10:22:06,25.69,0.01,4,10276,买盘
974,10:22:09,25.69,0.0,15,38535,买盘
975,10:22:12,25.69,0.0,1,2569,买盘
976,10:22:15,25.65,-0.04,442,1134373,卖盘
977,10:22:18,25.65,0.0,14,35910,买盘
978,10:22:21,25.7,0.05,5,12850,买盘
979,10:22:24,25.65,-0.05,61,156662,卖盘
980,10:22:27,25.68,0.03,4,10266,中性盘
981,10:22:30,25.65,-0.03,29,74396,卖盘
982,10:22:33,25.7,0.05,13,33394,买盘
983,10:22:36,25.62,-0.08,335,858962,卖盘
984,10:22:39,25.67,0.05,13,33392,卖盘
985,10:22:43,25.7,0.03,22,56482,买盘
986,10:22:46,25.65,-0.05,59,151505,卖盘
987,10:22:48,25.65,0.0,16,41040,买盘
988,10:22:51,25.65,0.0,3,7695,买盘
989,10:22:54,25.65,0.0,17,43605,买盘
990,10:22:57,25.65,0.0,15,38470,买盘
991,10:23:00,25.65,0.0,6,15390,买盘
992,10:23:03,25.65,0.0,2,5130,买盘
993,10:23:06,25.65,0.0,28,71820,买盘
994,10:23:09,25.65,0.0,3,7695,买盘
995,10:23:13,25.65,0.0,12,30784,卖盘
996,10:23:15,25.63,-0.02,189,484576,卖盘
997,10:23:18,25.64,0.01,107,274243,买盘
998,10:23:21,25.72,0.08,13,33340,买盘
999,10:23:24,25.72,0.0,18,46296,买盘
1000,10:23:27,25.73,0.01,16,41168,买盘
1001,10:23:33,25.71,-0.02,30,77130,卖盘
1002,10:23:39,25.73,0.02,15,38595,买盘
1003,10:23:42,25.73,0.0,1,2573,买盘
1004,10:23:45,25.66,-0.07,39,100114,卖盘
1005,10:23:48,25.66,0.0,11,28225,买盘
1006,10:23:51,25.66,0.0,18,46188,买盘
1007,10:23:54,25.66,0.0,15,38490,买盘
1008,10:23:57,25.66,0.0,14,35924,买盘
1009,10:24:01,25.66,0.0,40,102628,买盘
1010,10:24:04,25.66,0.0,48,123168,买盘
1011,10:24:09,25.65,-0.01,184,472090,卖盘
1012,10:24:12,25.65,0.0,18,46170,买盘
1013,10:24:15,25.63,-0.02,116,297344,卖盘
1014,10:24:18,25.65,0.02,1,2565,买盘
1015,10:24:21,25.64,-0.01,1,2564,买盘
1016,10:24:24,25.63,-0.01,16,41029,卖盘
1017,10:24:30,25.64,0.01,18,46152,卖盘
1018,10:24:33,25.64,0.0,34,87164,买盘
1019,10:24:36,25.63,-0.01,69,176847,卖盘
1020,10:24:39,25.61,-0.02,211,540813,卖盘
1021,10:24:42,25.62,0.01,246,630084,买盘
1022,10:24:45,25.61,-0.01,213,545413,卖盘
1023,10:24:48,25.61,0.0,13,33288,买盘
1024,10:24:52,25.61,0.0,22,56342,买盘
1025,10:24:54,25.61,0.0,27,69143,买盘
1026,10:24:57,25.62,0.01,18,46116,买盘
1027,10:25:00,25.62,0.0,1,2562,买盘
1028,10:25:04,25.6,-0.02,87,222803,卖盘
1029,10:25:06,25.61,0.01,34,87074,买盘
1030,10:25:09,25.61,0.0,37,94757,买盘
1031,10:25:12,25.61,0.0,29,74269,买盘
1032,10:25:15,25.61,0.0,175,448021,买盘
1033,10:25:18,25.6,-0.01,70,179249,卖盘
1034,10:25:21,25.61,0.01,54,138293,买盘
1035,10:25:24,25.61,0.0,53,135713,买盘
1036,10:25:27,25.61,0.0,16,40964,买盘
1037,10:25:30,25.61,0.0,36,92196,买盘
1038,10:25:33,25.61,0.0,3,7683,买盘
1039,10:25:36,25.6,-0.01,550,1408020,卖盘
1040,10:25:39,25.62,0.02,11,27969,买盘
1041,10:25:42,25.61,-0.01,100,256109,卖盘
1042,10:25:45,25.6,-0.01,103,263946,卖盘
1043,10:25:48,25.6,0.0,14,35840,买盘
1044,10:25:52,25.6,0.0,35,89600,买盘
1045,10:25:54,25.59,-0.01,53,135667,卖盘
1046,10:25:57,25.59,0.0,27,69103,卖盘
1047,10:26:00,25.6,0.01,46,117759,买盘
1048,10:26:04,25.6,0.0,38,97280,买盘
1049,10:26:06,25.6,0.0,12,30710,买盘
1050,10:26:09,25.58,-0.02,518,1325433,卖盘
1051,10:26:12,25.6,0.02,157,401920,买盘
1052,10:26:15,25.58,-0.02,289,739343,卖盘
1053,10:26:18,25.58,0.0,38,97213,卖盘
1054,10:26:21,25.59,0.01,27,69071,买盘
1055,10:26:24,25.57,-0.02,115,294113,卖盘
1056,10:26:27,25.57,0.0,23,58811,买盘
1057,10:26:30,25.57,0.0,105,268484,买盘
1058,10:26:33,25.56,-0.01,47,120145,卖盘
1059,10:26:37,25.59,0.03,32,81881,买盘
1060,10:26:39,25.59,0.0,13,33247,买盘
1061,10:26:42,25.59,0.0,7,17906,买盘
1062,10:26:45,25.57,-0.02,99,253151,卖盘
1063,10:26:49,25.57,0.0,20,51137,买盘
1064,10:26:51,25.57,0.0,141,360537,买盘
1065,10:26:57,25.58,0.01,15,38370,买盘
1066,10:27:00,25.58,0.0,8,20457,买盘
1067,10:27:04,25.58,0.0,10,25575,买盘
1068,10:27:06,25.58,0.0,22,56276,买盘
1069,10:27:09,25.58,0.0,20,51160,买盘
1070,10:27:12,25.58,0.0,13,33252,买盘
1071,10:27:15,25.57,-0.01,308,787579,卖盘
1072,10:27:18,25.57,0.0,137,350309,卖盘
1073,10:27:21,25.57,0.0,8,20456,买盘
1074,10:27:24,25.57,0.0,146,373322,买盘
1075,10:27:27,25.57,0.0,62,158525,买盘
1076,10:27:30,25.58,0.01,14,35803,买盘
1077,10:27:34,25.57,-0.01,60,153420,卖盘
1078,10:27:40,25.57,0.0,54,138078,卖盘
1079,10:27:42,25.57,0.0,28,71596,买盘
1080,10:27:46,25.56,-0.01,375,958620,卖盘
1081,10:27:48,25.56,0.0,141,360396,卖盘
1082,10:27:52,25.56,0.0,98,250449,买盘
1083,10:27:55,25.56,0.0,52,132911,买盘
1084,10:27:57,25.56,0.0,20,51120,买盘
1085,10:28:00,25.55,-0.01,39,99662,卖盘
1086,10:28:04,25.55,0.0,43,109890,卖盘
1087,10:28:06,25.55,0.0,30,76675,卖盘
1088,10:28:09,25.56,0.01,6,15336,买盘
1089,10:28:12,25.57,0.01,91,232519,买盘
1090,10:28:15,25.55,-0.02,250,638841,卖盘
1091,10:28:18,25.56,0.01,83,212106,中性盘
1092,10:28:21,25.56,0.0,46,117576,买盘
1093,10:28:24,25.56,0.0,18,46008,买盘
1094,10:28:27,25.56,0.0,42,107322,买盘
1095,10:28:30,25.55,-0.01,1,2555,卖盘
1096,10:28:33,25.56,0.01,121,309276,买盘
1097,10:28:36,25.57,0.01,81,207051,买盘
1098,10:28:40,25.53,-0.04,600,1532902,卖盘
1099,10:28:42,25.57,0.04,2,5114,买盘
1100,10:28:45,25.55,-0.02,36,91996,卖盘
1101,10:28:48,25.55,0.0,18,45990,买盘
1102,10:28:51,25.55,0.0,7,17885,买盘
1103,10:28:54,25.55,0.0,18,45990,买盘
1104,10:28:57,25.55,0.0,270,689850,买盘
1105,10:29:00,25.55,0.0,18,45990,买盘
1106,10:29:03,25.55,0.0,33,84315,买盘
1107,10:29:06,25.55,0.0,1,2555,买盘
1108,10:29:09,25.56,0.01,20,51116,买盘
1109,10:29:15,25.54,-0.02,204,521034,卖盘
1110,10:29:19,25.54,0.0,21,53634,买盘
1111,10:29:21,25.54,0.0,43,109821,买盘
1112,10:29:24,25.54,0.0,454,1158914,买盘
1113,10:29:27,25.53,-0.01,12,30636,中性盘
1114,10:29:33,25.53,0.0,19,48507,买盘
1115,10:29:36,25.52,-0.01,46,117393,卖盘
1116,10:29:39,25.52,0.0,17,43385,卖盘
1117,10:29:42,25.53,0.01,55,140384,买盘
1118,10:29:45,25.51,-0.02,185,472024,卖盘
1119,10:29:48,25.51,0.0,223,568875,卖盘
1120,10:29:51,25.51,0.0,113,288183,买盘
1121,10:29:54,25.5,-0.01,536,1366836,卖盘
1122,10:29:57,25.5,0.0,1190,3035608,卖盘
1123,10:30:00,25.5,0.0,131,334065,卖盘
1124,10:30:04,25.5,0.0,251,639092,卖盘
1125,10:30:06,25.5,0.0,45,114749,买盘
1126,10:30:09,25.5,0.0,10,25500,买盘
1127,10:30:12,25.5,0.0,12,30598,买盘
1128,10:30:16,25.48,-0.02,309,787442,卖盘
1129,10:30:18,25.47,-0.01,171,435552,卖盘
1130,10:30:21,25.47,0.0,30,76406,买盘
1131,10:30:24,25.46,-0.01,80,203697,卖盘
1132,10:30:27,25.46,0.0,47,119707,卖盘
1133,10:30:30,25.46,0.0,163,415077,卖盘
1134,10:30:33,25.45,-0.01,148,376720,卖盘
1135,10:30:36,25.45,0.0,354,900937,卖盘
1136,10:30:39,25.45,0.0,53,134656,卖盘
1137,10:30:42,25.45,0.0,27,68715,买盘
1138,10:30:45,25.45,0.0,40,101799,买盘
1139,10:30:48,25.43,-0.02,309,786022,卖盘
1140,10:30:51,25.43,0.0,52,132236,买盘
1141,10:30:54,25.43,0.0,284,721815,买盘
1142,10:30:57,25.43,0.0,3,7629,买盘
1143,10:31:00,25.43,0.0,163,414330,买盘
1144,10:31:04,25.43,0.0,7,17801,买盘
1145,10:31:06,25.43,0.0,58,147479,买盘
1146,10:31:09,25.43,0.0,49,124861,买盘
1147,10:31:12,25.43,0.0,37,94122,卖盘
1148,10:31:15,25.42,-0.01,684,1738015,卖盘
1149,10:31:18,25.42,0.0,61,155062,买盘
1150,10:31:21,25.42,0.0,103,261794,买盘
1151,10:31:24,25.4,-0.02,1542,3916555,卖盘
1152,10:31:28,25.42,0.02,19,48532,买盘
1153,10:31:31,25.41,-0.01,35,88957,卖盘
1154,10:31:34,25.43,0.02,8,20342,买盘
1155,10:31:36,25.43,0.0,4,9384,卖盘
1156,10:31:42,25.46,0.03,3,7638,买盘
1157,10:31:46,25.46,0.0,91,231616,卖盘
1158,10:31:48,25.47,0.01,3,7640,买盘
1159,10:31:51,25.47,0.0,4,10188,买盘
1160,10:31:54,25.44,-0.03,77,196038,卖盘
1161,10:31:57,25.44,0.0,22,55968,买盘
1162,10:32:00,25.44,0.0,4,10176,买盘
1163,10:32:03,25.46,0.02,72,183142,买盘
1164,10:32:06,25.46,0.0,26,66169,买盘
1165,10:32:09,25.44,-0.02,15,38165,卖盘
1166,10:32:12,25.45,0.01,66,167905,买盘
1167,10:32:16,25.46,0.01,5,12727,买盘
1168,10:32:19,25.46,0.0,16,40736,买盘
1169,10:32:22,25.46,0.0,21,53460,买盘
1170,10:32:24,25.46,0.0,19,48374,买盘
1171,10:32:27,25.47,0.01,489,1244164,买盘
1172,10:32:33,25.47,0.0,6,15282,买盘
1173,10:32:36,25.47,0.0,25,63674,买盘
1174,10:32:39,25.46,-0.01,85,216427,卖盘
1175,10:32:42,25.47,0.01,174,443026,买盘
1176,10:32:45,25.47,0.0,1,2547,买盘
1177,10:32:48,25.46,-0.01,125,318249,买盘
1178,10:32:51,25.46,0.0,19,48374,买盘
1179,10:32:54,25.46,0.0,112,285102,买盘
1180,10:32:57,25.46,0.0,110,280060,买盘
1181,10:33:00,25.46,0.0,25,63650,买盘
1182,10:33:04,25.46,0.0,92,234259,买盘
1183,10:33:06,25.46,0.0,7,17822,买盘
1184,10:33:13,25.46,0.0,69,175719,卖盘
1185,10:33:15,25.47,0.01,104,264792,买盘
1186,10:33:18,25.48,0.01,8,20377,买盘
1187,10:33:21,25.48,0.0,2,5094,买盘
1188,10:33:24,25.49,0.01,24,61176,买盘
1189,10:33:27,25.49,0.0,1,2549,买盘
1190,10:33:30,25.5,0.01,3,7648,买盘
1191,10:33:33,25.52,0.02,31,80046,买盘
1192,10:33:36,25.52,0.0,2,5104,卖盘
1193,10:33:39,25.52,0.0,8,20418,卖盘
1194,10:33:42,25.52,0.0,59,150478,买盘
1195,10:33:45,25.53,0.01,21,53595,买盘
1196,10:33:48,25.53,0.0,50,127650,买盘
1197,10:33:52,25.52,-0.01,10,25536,中性盘
1198,10:33:55,25.55,0.03,4,10220,买盘
1199,10:33:57,25.56,0.01,16,40895,买盘
1200,10:34:00,25.55,-0.01,18,46009,卖盘
1201,10:34:04,25.56,0.01,14,35784,中性盘
1202,10:34:06,25.57,0.01,16,40912,买盘
1203,10:34:09,25.57,0.0,1,2557,买盘
1204,10:34:12,25.56,-0.01,39,99692,卖盘
1205,10:34:15,25.56,0.0,21,53699,买盘
1206,10:34:18,25.6,0.04,23,58859,买盘
1207,10:34:21,25.52,-0.08,189,482581,卖盘
1208,10:34:24,25.52,0.0,41,104632,买盘
1209,10:34:27,25.52,0.0,5,12760,买盘
1210,10:34:30,25.52,0.0,27,68904,买盘
1211,10:34:33,25.51,-0.01,70,178605,卖盘
1212,10:34:36,25.5,-0.01,15,38258,卖盘
1213,10:34:39,25.51,0.01,31,79076,买盘
1214,10:34:42,25.5,-0.01,111,283065,卖盘
1215,10:34:45,25.5,0.0,92,233606,卖盘
1216,10:34:48,25.49,-0.01,34,87688,卖盘
1217,10:34:51,25.51,0.02,19,48466,买盘
1218,10:34:54,25.49,-0.02,122,310985,卖盘
1219,10:34:57,25.48,-0.01,83,211593,卖盘
1220,10:35:00,25.5,0.02,22,56119,中性盘
1221,10:35:04,25.49,-0.01,23,58665,卖盘
1222,10:35:09,25.5,0.01,12,30598,买盘
1223,10:35:12,25.48,-0.02,33,83099,卖盘
1224,10:35:15,25.48,0.0,21,53508,买盘
1225,10:35:18,25.47,-0.01,22,56039,卖盘
1226,10:35:21,25.4,-0.07,1490,3788133,卖盘
1227,10:35:24,25.4,0.0,55,139698,买盘
1228,10:35:27,25.4,0.0,34,86352,买盘
1229,10:35:30,25.39,-0.01,79,200603,卖盘
1230,10:35:33,25.39,0.0,234,593627,卖盘
1231,10:35:36,25.4,0.01,176,446896,买盘
1232,10:35:39,25.39,-0.01,67,170313,卖盘
1233,10:35:42,25.38,-0.01,434,1101494,卖盘
1234,10:35:45,25.39,0.01,185,469546,买盘
1235,10:35:48,25.38,-0.01,54,137083,卖盘
1236,10:35:51,25.38,0.0,95,241152,卖盘
1237,10:35:55,25.38,0.0,106,269093,卖盘
1238,10:35:57,25.38,0.0,72,182696,卖盘
1239,10:36:00,25.38,0.0,13,32994,买盘
1240,10:36:04,25.37,-0.01,454,1151420,卖盘
1241,10:36:06,25.37,0.0,128,324494,买盘
1242,10:36:09,25.38,0.01,67,169943,买盘
1243,10:36:12,25.37,-0.01,264,668859,中性盘
1244,10:36:15,25.35,-0.02,540,1368393,买盘
1245,10:36:19,25.35,0.0,377,954627,买盘
1246,10:36:21,25.33,-0.02,107,271167,卖盘
1247,10:36:25,25.33,0.0,192,486402,卖盘
1248,10:36:27,25.36,0.03,166,420405,买盘
1249,10:36:30,25.32,-0.04,113,286210,卖盘
1250,10:36:33,25.32,0.0,129,326546,买盘
1251,10:36:36,25.33,0.01,60,151945,买盘
1252,10:36:39,25.32,-0.01,98,248187,卖盘
1253,10:36:42,25.31,-0.01,285,721521,卖盘
1254,10:36:45,25.31,0.0,261,660381,买盘
1255,10:36:48,25.31,0.0,117,296127,买盘
1256,10:36:51,25.31,0.0,4,10126,卖盘
1257,10:36:54,25.33,0.02,27,68387,买盘
1258,10:36:57,25.33,0.0,4,10132,卖盘
1259,10:37:00,25.33,0.0,5,12665,卖盘
1260,10:37:04,25.37,0.04,20,50726,买盘
1261,10:37:06,25.35,-0.02,36,91200,中性盘
1262,10:37:09,25.35,0.0,4,10140,卖盘
1263,10:37:12,25.37,0.02,122,309352,买盘
1264,10:37:15,25.37,0.0,313,793047,买盘
1265,10:37:19,25.37,0.0,16,40592,买盘
1266,10:37:21,25.35,-0.02,95,240752,卖盘
1267,10:37:24,25.35,0.0,79,200229,买盘
1268,10:37:27,25.32,-0.03,114,288791,卖盘
1269,10:37:30,25.35,0.03,36,91224,买盘
1270,10:37:33,25.33,-0.02,9,22804,买盘
1271,10:37:36,25.35,0.02,52,131814,买盘
1272,10:37:39,25.37,0.02,140,354910,买盘
1273,10:37:42,25.35,-0.02,104,263648,卖盘
1274,10:37:45,25.34,-0.01,50,126718,卖盘
1275,10:37:48,25.34,0.0,62,157100,买盘
1276,10:37:51,25.37,0.03,217,550226,买盘
1277,10:37:54,25.33,-0.04,110,278636,卖盘
1278,10:37:57,25.37,0.04,3,7611,买盘
1279,10:38:00,25.34,-0.03,155,393016,卖盘
1280,10:38:04,25.37,0.03,3,7612,中性盘
1281,10:38:09,25.39,0.02,59,149784,买盘
1282,10:38:12,25.39,0.0,29,73617,买盘
1283,10:38:15,25.36,-0.03,104,263932,卖盘
1284,10:38:18,25.36,0.0,38,96361,买盘
1285,10:38:21,25.39,0.03,28,71068,买盘
1286,10:38:24,25.35,-0.04,110,279060,卖盘
1287,10:38:27,25.4,0.05,22,55972,卖盘
1288,10:38:30,25.4,0.0,1,2540,买盘
1289,10:38:33,25.47,0.07,6,15282,买盘
1290,10:38:36,25.47,0.0,9,22923,卖盘
1291,10:38:42,25.46,-0.01,24,61104,买盘
1292,10:38:45,25.41,-0.05,16,40658,卖盘
1293,10:38:48,25.41,0.0,9,22869,买盘
1294,10:38:51,25.4,-0.01,8,20320,卖盘
1295,10:38:54,25.41,0.01,18,45734,买盘
1296,10:38:57,25.41,0.0,15,38115,买盘
1297,10:39:00,25.41,0.0,82,208302,买盘
1298,10:39:04,25.41,0.0,13,33033,买盘
1299,10:39:06,25.42,0.01,35,88952,买盘
1300,10:39:09,25.41,-0.01,110,279513,卖盘
1301,10:39:15,25.48,0.07,82,208502,买盘
1302,10:39:21,25.42,-0.06,18,45801,卖盘
1303,10:39:27,25.48,0.06,40,101840,买盘
1304,10:39:33,25.43,-0.05,7,17801,卖盘
1305,10:39:36,25.48,0.05,9,22924,买盘
1306,10:39:39,25.48,0.0,15,38220,买盘
1307,10:39:42,25.48,0.0,12,30560,买盘
1308,10:39:45,25.48,0.0,54,137374,买盘
1309,10:39:48,25.48,0.0,21,53496,买盘
1310,10:39:51,25.46,-0.02,15,38194,卖盘
1311,10:39:57,25.49,0.03,20,50961,买盘
1312,10:40:00,25.49,0.0,17,43331,买盘
1313,10:40:06,25.46,-0.03,115,292851,卖盘
1314,10:40:09,25.48,0.02,5,12740,买盘
1315,10:40:12,25.48,0.0,23,58604,买盘
1316,10:40:16,25.48,0.0,61,156193,买盘
1317,10:40:18,25.46,-0.02,1,2546,卖盘
1318,10:40:21,25.49,0.03,35,89205,买盘
1319,10:40:24,25.49,0.0,9,22934,买盘
1320,10:40:27,25.49,0.0,24,61016,买盘
1321,10:40:30,25.49,0.0,20,50980,买盘
1322,10:40:33,25.49,0.0,20,50968,买盘
1323,10:40:36,25.48,-0.01,8,20380,中性盘
1324,10:40:40,25.48,0.0,15,38220,卖盘
1325,10:40:43,25.48,0.0,4,9883,卖盘
1326,10:40:46,25.46,-0.02,60,152847,卖盘
1327,10:40:48,25.47,0.01,17,43287,买盘
1328,10:40:52,25.48,0.01,4,10192,卖盘
1329,10:40:54,25.5,0.02,19,48439,买盘
1330,10:40:57,25.48,-0.02,7,17838,卖盘
1331,10:41:00,25.49,0.01,11,28018,中性盘
1332,10:41:03,25.45,-0.04,54,137456,卖盘
1333,10:41:06,25.45,0.0,17,43260,买盘
1334,10:41:09,25.45,0.0,5,12717,买盘
1335,10:41:12,25.43,-0.02,16,40497,卖盘
1336,10:41:15,25.45,0.02,106,269838,买盘
1337,10:41:18,25.45,0.0,54,136539,买盘
1338,10:41:21,25.45,0.0,43,109435,卖盘
1339,10:41:25,25.45,0.0,4,11096,卖盘
1340,10:41:27,25.45,0.0,30,76325,卖盘
1341,10:41:30,25.45,0.0,7,17815,买盘
1342,10:41:33,25.44,-0.01,6,15289,卖盘
1343,10:41:36,25.45,0.01,27,68714,买盘
1344,10:41:39,25.46,0.01,12,30572,买盘
1345,10:41:42,25.46,0.0,2,5092,卖盘
1346,10:41:45,25.45,-0.01,63,160313,卖盘
1347,10:41:52,25.45,0.0,33,83998,卖盘
1348,10:41:54,25.45,0.0,16,39293,卖盘
1349,10:41:58,25.46,0.01,7,17818,买盘
1350,10:42:04,25.45,-0.01,38,96728,卖盘
1351,10:42:06,25.45,0.0,4,12343,卖盘
1352,10:42:09,25.43,-0.02,75,190851,卖盘
1353,10:42:12,25.44,0.01,66,167771,买盘
1354,10:42:15,25.43,-0.01,38,96538,中性盘
1355,10:42:18,25.43,0.0,59,150066,买盘
1356,10:42:21,25.44,0.01,34,86443,买盘
1357,10:42:24,25.44,0.0,14,35612,买盘
1358,10:42:30,25.41,-0.03,17,43207,中性盘
1359,10:42:33,25.4,-0.01,14,35565,卖盘
1360,10:42:36,25.41,0.01,27,68607,买盘
1361,10:42:39,25.41,0.0,10,25410,买盘
1362,10:42:42,25.4,-0.01,10,23548,卖盘
1363,10:42:45,25.45,0.05,145,368358,买盘
1364,10:42:48,25.41,-0.04,27,68607,卖盘
1365,10:42:51,25.45,0.04,5,12709,买盘
1366,10:42:54,25.41,-0.04,22,55902,卖盘
1367,10:42:57,25.41,0.0,25,63525,买盘
1368,10:43:00,25.41,0.0,20,50805,买盘
1369,10:43:04,25.41,0.0,61,154945,买盘
1370,10:43:06,25.4,-0.01,25,64023,卖盘
1371,10:43:09,25.38,-0.02,60,153454,卖盘
1372,10:43:12,25.38,0.0,18,45704,卖盘
1373,10:43:15,25.37,-0.01,65,164498,卖盘
1374,10:43:18,25.38,0.01,32,81178,买盘
1375,10:43:21,25.38,0.0,38,97104,买盘
1376,10:43:24,25.38,0.0,14,35532,卖盘
1377,10:43:30,25.4,0.02,18,45720,买盘
1378,10:43:33,25.39,-0.01,4,10156,卖盘
1379,10:43:36,25.38,-0.01,6,15230,卖盘
1380,10:43:39,25.4,0.02,1,2540,买盘
1381,10:43:42,25.45,0.05,41,104169,买盘
1382,10:43:45,25.39,-0.06,43,109194,卖盘
1383,10:43:48,25.39,0.0,3,7617,中性盘
1384,10:43:51,25.45,0.06,18,45720,买盘
1385,10:43:54,25.39,-0.06,43,109143,中性盘
1386,10:43:57,25.39,0.0,16,40624,卖盘
1387,10:44:00,25.36,-0.03,165,418718,卖盘
1388,10:44:03,25.42,0.06,17,43199,买盘
1389,10:44:06,25.39,-0.03,4,8582,中性盘
1390,10:44:10,25.42,0.03,5,12704,买盘
1391,10:44:15,25.35,-0.07,534,1355569,卖盘
1392,10:44:18,25.36,0.01,13,31441,卖盘
1393,10:44:21,25.39,0.03,34,86326,买盘
1394,10:44:24,25.39,0.0,15,38085,买盘
1395,10:44:27,25.39,0.0,8,20312,买盘
1396,10:44:30,25.38,-0.01,16,41608,卖盘
1397,10:44:33,25.39,0.01,19,46765,买盘
1398,10:44:36,25.38,-0.01,25,63474,卖盘
1399,10:44:39,25.39,0.01,14,35536,买盘
1400,10:44:43,25.39,0.0,14,35546,买盘
1401,10:44:45,25.38,-0.01,73,185826,卖盘
1402,10:44:48,25.38,0.0,33,83754,买盘
1403,10:44:51,25.37,-0.01,49,124313,卖盘
1404,10:44:54,25.38,0.01,64,162370,买盘
1405,10:44:57,25.37,-0.01,2,5074,中性盘
1406,10:45:01,25.37,0.0,110,279070,买盘
1407,10:45:04,25.38,0.01,119,301823,买盘
1408,10:45:09,25.4,0.02,15,38740,买盘
1409,10:45:12,25.38,-0.02,14,35519,买盘
1410,10:45:15,25.36,-0.02,68,172527,卖盘
1411,10:45:18,25.37,0.01,44,111594,中性盘
1412,10:45:21,25.36,-0.01,69,175048,卖盘
1413,10:45:24,25.37,0.01,10,25370,买盘
1414,10:45:27,25.34,-0.03,1197,3033952,卖盘
1415,10:45:30,25.34,0.0,34,86156,买盘
1416,10:45:33,25.34,0.0,9,22577,买盘
1417,10:45:36,25.35,0.01,2,5070,卖盘
1418,10:45:39,25.37,0.02,11,27907,买盘
1419,10:45:42,25.37,0.0,24,60918,卖盘
1420,10:45:51,25.37,0.0,6,15094,卖盘
1421,10:45:54,25.37,0.0,15,38055,买盘
1422,10:45:57,25.37,0.0,1,2537,买盘
1423,10:46:00,25.37,0.0,27,68498,买盘
1424,10:46:03,25.38,0.01,22,55828,买盘
1425,10:46:06,25.38,0.0,3,7614,买盘
1426,10:46:09,25.36,-0.02,110,279018,卖盘
1427,10:46:13,25.39,0.03,74,187768,买盘
1428,10:46:15,25.39,0.0,16,40612,买盘
1429,10:46:18,25.39,0.0,2,5078,买盘
1430,10:46:21,25.38,-0.01,1,2538,买盘
1431,10:46:24,25.36,-0.02,94,239202,卖盘
1432,10:46:27,25.39,0.03,16,40624,买盘
1433,10:46:30,25.39,0.0,20,50780,买盘
1434,10:46:33,25.34,-0.05,290,735015,卖盘
1435,10:46:36,25.34,0.0,20,50680,买盘
1436,10:46:39,25.34,0.0,37,93751,买盘
1437,10:46:42,25.34,0.0,215,544986,买盘
1438,10:46:45,25.34,0.0,15,38023,卖盘
1439,10:46:48,25.35,0.01,18,45664,卖盘
1440,10:46:51,25.35,0.0,3,7605,买盘
1441,10:46:54,25.38,0.03,10,25380,买盘
1442,10:47:00,25.35,-0.03,94,238354,卖盘
1443,10:47:04,25.35,0.0,61,154582,买盘
1444,10:47:06,25.35,0.0,1,2535,买盘
1445,10:47:10,25.35,0.0,32,81120,买盘
1446,10:47:12,25.34,-0.01,96,242255,卖盘
1447,10:47:15,25.35,0.01,20,50694,买盘
1448,10:47:18,25.35,0.0,23,58304,买盘
1449,10:47:21,25.35,0.0,45,114060,买盘
1450,10:47:24,25.35,0.0,364,922313,买盘
1451,10:47:27,25.36,0.01,1,2536,买盘
1452,10:47:30,25.32,-0.04,328,831453,卖盘
1453,10:47:33,25.31,-0.01,22,55689,卖盘
1454,10:47:36,25.32,0.01,18,45576,买盘
1455,10:47:39,25.32,0.0,15,37980,买盘
1456,10:47:42,25.28,-0.04,1883,4763905,卖盘
1457,10:47:45,25.27,-0.01,60,151654,卖盘
1458,10:47:48,25.29,0.02,84,212368,买盘
1459,10:47:51,25.24,-0.05,601,1517711,卖盘
1460,10:47:54,25.25,0.01,16,40432,中性盘
1461,10:47:57,25.27,0.02,80,201948,买盘
1462,10:48:00,25.23,-0.04,135,340669,卖盘
1463,10:48:04,25.22,-0.01,67,168997,卖盘
1464,10:48:06,25.22,0.0,115,289995,卖盘
1465,10:48:09,25.2,-0.02,524,1320722,卖盘
1466,10:48:12,25.19,-0.01,50,125933,卖盘
1467,10:48:15,25.19,0.0,69,173767,买盘
1468,10:48:18,25.18,-0.01,105,264401,卖盘
1469,10:48:21,25.18,0.0,36,90618,买盘
1470,10:48:24,25.18,0.0,38,95658,买盘
1471,10:48:27,25.17,-0.01,55,138427,卖盘
1472,10:48:31,25.17,0.0,14,35238,买盘
1473,10:48:34,25.16,-0.01,108,271735,卖盘
1474,10:48:37,25.15,-0.01,54,135816,卖盘
1475,10:48:40,25.16,0.01,120,301843,买盘
1476,10:48:42,25.14,-0.02,79,198668,卖盘
1477,10:48:45,25.14,0.0,210,526658,买盘
1478,10:48:48,25.14,0.0,99,248867,买盘
1479,10:48:51,25.15,0.01,74,186093,买盘
1480,10:48:54,25.17,0.02,165,415211,买盘
1481,10:48:57,25.16,-0.01,122,307040,中性盘
1482,10:49:00,25.13,-0.03,672,1689872,卖盘
1483,10:49:04,25.13,0.0,194,485989,买盘
1484,10:49:06,25.1,-0.03,104,261120,卖盘
1485,10:49:09,25.17,0.07,11,27668,买盘
1486,10:49:12,25.11,-0.06,52,130735,卖盘
1487,10:49:15,25.13,0.02,82,206064,买盘
1488,10:49:18,25.13,0.0,112,281437,买盘
1489,10:49:21,25.13,0.0,117,294422,买盘
1490,10:49:24,25.12,-0.01,86,216052,卖盘
1491,10:49:27,25.1,-0.02,485,1218559,卖盘
1492,10:49:30,25.1,0.0,119,298690,买盘
1493,10:49:33,25.09,-0.01,315,790730,卖盘
1494,10:49:36,25.11,0.02,39,97958,中性盘
1495,10:49:39,25.13,0.02,29,72860,买盘
1496,10:49:43,25.13,0.0,263,660919,卖盘
1497,10:49:46,25.12,-0.01,71,178368,卖盘
1498,10:49:48,25.1,-0.02,339,851142,卖盘
1499,10:49:51,25.12,0.02,36,90461,卖盘
1500,10:49:54,25.16,0.04,87,218865,买盘
1501,10:49:57,25.12,-0.04,194,487659,卖盘
1502,10:50:00,25.1,-0.02,318,798345,卖盘
1503,10:50:03,25.12,0.02,117,294058,卖盘
1504,10:50:06,25.12,0.0,33,82896,买盘
1505,10:50:09,25.13,0.01,12,30150,卖盘
1506,10:50:12,25.13,0.0,18,45959,买盘
1507,10:50:15,25.13,0.0,433,1086950,买盘
1508,10:50:18,25.16,0.03,147,369736,买盘
1509,10:50:21,25.16,0.0,64,161024,卖盘
1510,10:50:25,25.17,0.01,51,128345,买盘
1511,10:50:27,25.17,0.0,24,60395,买盘
1512,10:50:30,25.18,0.01,139,349984,买盘
1513,10:50:33,25.2,0.02,9,22680,买盘
1514,10:50:36,25.2,0.0,63,158736,买盘
1515,10:50:39,25.2,0.0,60,151192,买盘
1516,10:50:42,25.2,0.0,15,37800,买盘
1517,10:50:45,25.2,0.0,228,574482,卖盘
1518,10:50:48,25.22,0.02,130,326580,买盘
1519,10:50:51,25.22,0.0,24,60508,买盘
1520,10:50:54,25.22,0.0,79,199198,买盘
1521,10:50:57,25.23,0.01,128,322821,买盘
1522,10:51:01,25.23,0.0,340,857149,买盘
1523,10:51:04,25.23,0.0,29,73152,买盘
1524,10:51:07,25.23,0.0,24,60552,买盘
1525,10:51:09,25.23,0.0,56,141284,买盘
1526,10:51:12,25.23,0.0,15,37845,买盘
1527,10:51:15,25.21,-0.02,204,515791,卖盘
1528,10:51:18,25.21,0.0,18,45377,买盘
1529,10:51:21,25.2,-0.01,98,246763,卖盘
1530,10:51:24,25.2,0.0,23,57946,买盘
1531,10:51:27,25.21,0.01,107,269327,买盘
1532,10:51:30,25.19,-0.02,29,73081,卖盘
1533,10:51:34,25.19,0.0,166,418197,买盘
1534,10:51:36,25.19,0.0,65,164517,买盘
1535,10:51:39,25.19,0.0,163,410473,买盘
1536,10:51:42,25.17,-0.02,88,221582,卖盘
1537,10:51:45,25.17,0.0,93,233559,卖盘
1538,10:51:48,25.16,-0.01,85,213938,卖盘
1539,10:51:51,25.17,0.01,8,20665,买盘
1540,10:51:54,25.17,0.0,10,25178,卖盘
1541,10:51:57,25.2,0.03,207,521237,买盘
1542,10:52:00,25.17,-0.03,5,12585,卖盘
1543,10:52:03,25.15,-0.02,153,384443,卖盘
1544,10:52:06,25.18,0.03,46,116287,买盘
1545,10:52:09,25.17,-0.01,27,67959,卖盘
1546,10:52:12,25.17,0.0,14,35248,买盘
1547,10:52:15,25.15,-0.02,245,615652,卖盘
1548,10:52:18,25.15,0.0,223,560838,买盘
1549,10:52:21,25.15,0.0,241,605998,买盘
1550,10:52:24,25.14,-0.01,25,62858,卖盘
1551,10:52:27,25.17,0.03,11,27687,买盘
1552,10:52:30,25.17,0.0,3,7551,买盘
1553,10:52:33,25.15,-0.02,25,62922,卖盘
1554,10:52:36,25.18,0.03,48,120864,买盘
1555,10:52:39,25.18,0.0,6,15106,买盘
1556,10:52:42,25.18,0.0,8,20144,买盘
1557,10:52:45,25.16,-0.02,185,465558,卖盘
1558,10:52:48,25.16,0.0,14,35224,买盘
1559,10:52:51,25.16,0.0,109,274240,买盘
1560,10:52:54,25.2,0.04,29,73033,买盘
1561,10:53:03,25.17,-0.03,118,297048,卖盘
1562,10:53:06,25.17,0.0,7,17621,买盘
1563,10:53:09,25.2,0.03,53,133522,买盘
1564,10:53:12,25.2,0.0,1,2520,卖盘
1565,10:53:15,25.18,-0.02,63,158692,卖盘
1566,10:53:18,25.18,0.0,15,37770,买盘
1567,10:53:21,25.18,0.0,31,78058,买盘
1568,10:53:24,25.18,0.0,22,55426,卖盘
1569,10:53:27,25.17,-0.01,231,581961,卖盘
1570,10:53:30,25.21,0.04,5,12605,买盘
1571,10:53:33,25.2,-0.01,10,25200,卖盘
1572,10:53:36,25.21,0.01,1,2521,买盘
1573,10:53:39,25.21,0.0,17,42857,买盘
1574,10:53:42,25.23,0.02,309,779439,买盘
1575,10:53:45,25.23,0.0,204,514464,买盘
1576,10:53:48,25.25,0.02,1,2525,买盘
1577,10:53:54,25.25,0.0,2,5050,买盘
1578,10:53:57,25.25,0.0,19,47973,买盘
1579,10:54:00,25.34,0.09,20,50688,买盘
1580,10:54:09,25.33,-0.01,7,17731,买盘
1581,10:54:12,25.33,0.0,9,22797,买盘
1582,10:54:15,25.23,-0.1,111,280289,卖盘
1583,10:54:18,25.33,0.1,1,2533,买盘
1584,10:54:21,25.33,0.0,15,38308,买盘
1585,10:54:24,25.35,0.02,86,216970,买盘
1586,10:54:27,25.39,0.04,3,7613,买盘
1587,10:54:30,25.39,0.0,76,192860,买盘
1588,10:54:33,25.39,0.0,5,12695,买盘
1589,10:54:36,25.35,-0.04,22,56786,卖盘
1590,10:54:39,25.35,0.0,30,76030,买盘
1591,10:54:45,25.33,-0.02,84,211804,卖盘
1592,10:54:48,25.33,0.0,2,5066,卖盘
1593,10:54:52,25.3,-0.03,2,4558,卖盘
1594,10:54:54,25.33,0.03,34,86160,中性盘
1595,10:54:58,25.33,0.0,15,37994,买盘
1596,10:55:00,25.33,0.0,56,141803,买盘
1597,10:55:04,25.3,-0.03,9,23117,卖盘
1598,10:55:06,25.33,0.03,25,63325,买盘
1599,10:55:12,25.34,0.01,23,58277,买盘
1600,10:55:15,25.33,-0.01,55,139318,卖盘
1601,10:55:18,25.34,0.01,7,17738,中性盘
1602,10:55:24,25.35,0.01,132,334382,买盘
1603,10:55:27,25.35,0.0,9,22813,买盘
1604,10:55:30,25.36,0.01,3,7607,买盘
1605,10:55:33,25.36,0.0,1,2536,卖盘
1606,10:55:42,25.37,0.01,78,197755,买盘
1607,10:55:45,25.35,-0.02,1,2535,中性盘
1608,10:55:48,25.35,0.0,5,12675,买盘
1609,10:55:52,25.35,0.0,17,43095,买盘
1610,10:55:54,25.34,-0.01,254,643762,卖盘
1611,10:55:57,25.37,0.03,10,25370,卖盘
1612,10:56:04,25.43,0.06,6,15240,买盘
1613,10:56:06,25.43,0.0,1,2543,买盘
1614,10:56:09,25.43,0.0,6,15258,买盘
1615,10:56:12,25.36,-0.07,46,116680,卖盘
1616,10:56:18,25.35,-0.01,37,93825,卖盘
1617,10:56:21,25.35,0.0,15,39388,卖盘
1618,10:56:24,25.36,0.01,8,20282,买盘
1619,10:56:30,25.43,0.07,69,175401,买盘
1620,10:56:33,25.43,0.0,29,73747,卖盘
1621,10:56:37,25.4,-0.03,1,2540,买盘
1622,10:56:42,25.36,-0.04,44,111574,卖盘
1623,10:56:48,25.4,0.04,61,155369,买盘
1624,10:56:51,25.4,0.0,12,30480,买盘
1625,10:57:04,25.4,0.0,3,7620,卖盘
1626,10:57:07,25.4,0.0,14,35560,卖盘
1627,10:57:09,25.4,0.0,2,5080,卖盘
1628,10:57:12,25.39,-0.01,26,66039,卖盘
1629,10:57:15,25.39,0.0,14,35762,买盘
1630,10:57:18,25.4,0.01,39,99040,买盘
1631,10:57:21,25.4,0.0,17,43134,买盘
1632,10:57:24,25.39,-0.01,4,10156,卖盘
1633,10:57:27,25.39,0.0,7,17773,买盘
1634,10:57:30,25.37,-0.02,3,7611,卖盘
1635,10:57:33,25.36,-0.01,30,76103,卖盘
1636,10:57:36,25.37,0.01,6,15222,买盘
1637,10:57:39,25.38,0.01,13,32988,买盘
1638,10:57:42,25.38,0.0,14,35532,卖盘
1639,10:57:45,25.38,0.0,15,38070,卖盘
1640,10:57:48,25.33,-0.05,376,953014,卖盘
1641,10:57:54,25.38,0.05,4,10225,买盘
1642,10:58:00,25.37,-0.01,1,2537,卖盘
1643,10:58:04,25.33,-0.04,113,286243,卖盘
1644,10:58:06,25.32,-0.01,6,15349,卖盘
1645,10:58:09,25.37,0.05,30,76110,买盘
1646,10:58:12,25.35,-0.02,56,141909,买盘
1647,10:58:15,25.32,-0.03,39,97830,卖盘
1648,10:58:18,25.31,-0.01,6,15137,卖盘
1649,10:58:21,25.33,0.02,26,66776,买盘
1650,10:58:24,25.38,0.05,16,40595,买盘
1651,10:58:31,25.33,-0.05,40,100383,卖盘
1652,10:58:33,25.33,0.0,10,25226,买盘
1653,10:58:39,25.32,-0.01,17,43044,卖盘
1654,10:58:42,25.31,-0.01,28,70889,卖盘
1655,10:58:45,25.38,0.07,104,264508,买盘
1656,10:58:49,25.38,0.0,5,12690,卖盘
1657,10:58:51,25.38,0.0,1,2538,卖盘
1658,10:58:54,25.39,0.01,5,12692,买盘
1659,10:59:04,25.39,0.0,10,25387,买盘
1660,10:59:06,25.4,0.01,700,1777935,买盘
1661,10:59:09,25.33,-0.07,39,97948,卖盘
1662,10:59:12,25.38,0.05,50,126830,买盘
1663,10:59:15,25.3,-0.08,182,460649,卖盘
1664,10:59:18,25.39,0.09,26,66009,卖盘
1665,10:59:30,25.37,-0.02,3,7612,卖盘
1666,10:59:33,25.33,-0.04,6,15210,卖盘
1667,10:59:36,25.33,0.0,5,12990,买盘
1668,10:59:45,25.33,0.0,95,240568,买盘
1669,10:59:48,25.32,-0.01,21,52843,卖盘
1670,10:59:51,25.31,-0.01,6,15085,卖盘
1671,10:59:54,25.33,0.02,51,129147,买盘
1672,10:59:57,25.31,-0.02,8,20349,卖盘
1673,11:00:03,25.31,0.0,6,15186,买盘
1674,11:00:06,25.31,0.0,21,53151,买盘
1675,11:00:09,25.31,0.0,22,55581,买盘
1676,11:00:12,25.32,0.01,3,7596,买盘
1677,11:00:15,25.3,-0.02,43,108801,卖盘
1678,11:00:18,25.31,0.01,15,37965,卖盘
1679,11:00:21,25.31,0.0,22,55682,卖盘
1680,11:00:24,25.31,0.0,56,141736,卖盘
1681,11:00:27,25.31,0.0,21,52758,卖盘
1682,11:00:30,25.32,0.01,59,149388,买盘
1683,11:00:36,25.32,0.0,4,10128,卖盘
1684,11:00:39,25.32,0.0,3,8381,卖盘
1685,11:00:42,25.33,0.01,1,2533,买盘
1686,11:00:45,25.33,0.0,61,154071,买盘
1687,11:00:51,25.32,-0.01,8,21003,买盘
1688,11:00:57,25.29,-0.03,366,926251,卖盘
1689,11:01:00,25.29,0.0,45,113804,买盘
1690,11:01:03,25.28,-0.01,8,18404,卖盘
1691,11:01:06,25.29,0.01,38,96101,买盘
1692,11:01:09,25.28,-0.01,15,37934,卖盘
1693,11:01:13,25.29,0.01,62,156469,买盘
1694,11:01:15,25.28,-0.01,105,265524,卖盘
1695,11:01:27,25.28,-0.01,11,28116,卖盘
1696,11:01:30,25.31,0.03,60,151792,买盘
1697,11:01:33,25.33,0.02,78,196189,买盘
1698,11:01:37,25.35,0.02,3,7605,卖盘
1699,11:01:40,25.35,0.0,113,286927,卖盘
1700,11:01:45,25.3,-0.05,92,232983,卖盘
1701,11:01:48,25.4,0.1,74,188893,买盘
1702,11:01:51,25.41,0.01,1,2541,买盘
1703,11:01:54,25.4,-0.01,20,50800,卖盘
1704,11:01:57,25.41,0.01,5,12705,买盘
1705,11:02:00,25.41,0.0,14,35573,买盘
1706,11:02:09,25.43,0.02,6,15258,买盘
1707,11:02:12,25.44,0.01,37,94121,买盘
1708,11:02:15,25.43,-0.01,46,116952,卖盘
1709,11:02:18,25.45,0.02,5,12725,买盘
1710,11:02:21,25.45,0.0,6,15270,买盘
1711,11:02:33,25.4,-0.05,915,2323862,卖盘
1712,11:02:36,25.39,-0.01,1,2539,中性盘
1713,11:02:42,25.31,-0.08,6,15188,卖盘
1714,11:02:45,25.31,0.0,34,86070,卖盘
1715,11:02:48,25.31,0.0,5,12654,买盘
1716,11:02:51,25.3,-0.01,16,40481,卖盘
1717,11:02:54,25.3,0.0,6,16116,卖盘
1718,11:02:57,25.28,-0.02,57,144561,卖盘
1719,11:03:01,25.28,0.0,31,78368,买盘
1720,11:03:06,25.28,0.0,3,7584,买盘
1721,11:03:09,25.27,-0.01,5,12635,卖盘
1722,11:03:12,25.27,0.0,15,37905,买盘
1723,11:03:15,25.26,-0.01,31,78320,卖盘
1724,11:03:18,25.28,0.02,16,40420,买盘
1725,11:03:27,25.2,-0.08,345,869934,卖盘
1726,11:03:30,25.21,0.01,29,73114,买盘
1727,11:03:33,25.21,0.0,6,15252,买盘
1728,11:03:37,25.27,0.06,2,5054,卖盘
1729,11:03:39,25.27,0.0,6,15162,卖盘
1730,11:03:42,25.27,0.0,45,112080,卖盘
1731,11:03:45,25.26,-0.01,3,9120,卖盘
1732,11:03:54,25.26,0.0,3,7578,买盘
1733,11:03:57,25.26,0.0,7,17682,买盘
1734,11:04:00,25.24,-0.02,4,10100,卖盘
1735,11:04:03,25.23,-0.01,3,7422,卖盘
1736,11:04:06,25.23,0.0,3,7571,卖盘
1737,11:04:12,25.28,0.05,103,260372,买盘
1738,11:04:15,25.25,-0.03,18,45473,中性盘
1739,11:04:18,25.26,0.01,20,50478,中性盘
1740,11:04:21,25.23,-0.03,37,93387,卖盘
1741,11:04:27,25.23,0.0,3,7015,卖盘
1742,11:04:30,25.28,0.05,14,35343,买盘
1743,11:04:37,25.28,0.0,20,50542,买盘
1744,11:04:39,25.24,-0.04,7,17371,卖盘
1745,11:04:45,25.28,0.04,24,60217,买盘
1746,11:04:48,25.26,-0.02,24,60660,卖盘
1747,11:04:54,25.29,0.03,8,20232,买盘
1748,11:05:03,25.29,0.0,13,32877,买盘
1749,11:05:06,25.26,-0.03,117,296039,卖盘
1750,11:05:09,25.26,0.0,1,2526,买盘
1751,11:05:15,25.26,0.0,16,40415,买盘
1752,11:05:18,25.24,-0.02,55,139345,卖盘
1753,11:05:22,25.26,0.02,28,71634,买盘
1754,11:05:25,25.26,0.0,7,17682,买盘
1755,11:05:30,25.24,-0.02,98,247363,卖盘
1756,11:05:33,25.24,0.0,74,185736,卖盘
1757,11:05:36,25.24,0.0,3,7570,买盘
1758,11:05:39,25.24,0.0,19,47956,买盘
1759,11:05:42,25.2,-0.04,266,670686,卖盘
1760,11:05:45,25.24,0.04,10,24045,买盘
1761,11:05:48,25.19,-0.05,92,231964,卖盘
1762,11:05:51,25.25,0.06,20,50493,买盘
1763,11:05:54,25.26,0.01,102,257639,买盘
1764,11:06:00,25.22,-0.04,24,60512,卖盘
1765,11:06:03,25.22,0.0,20,50440,买盘
1766,11:06:06,25.2,-0.02,132,332679,卖盘
1767,11:06:09,25.2,0.0,25,63000,买盘
1768,11:06:12,25.2,0.0,4,10080,买盘
1769,11:06:15,25.21,0.01,6,15126,买盘
1770,11:06:18,25.19,-0.02,125,316607,卖盘
1771,11:06:21,25.19,0.0,10,25190,买盘
1772,11:06:24,25.18,-0.01,23,57941,卖盘
1773,11:06:27,25.18,0.0,49,123394,卖盘
1774,11:06:30,25.18,0.0,31,78058,卖盘
1775,11:06:33,25.19,0.01,229,576564,中性盘
1776,11:06:36,25.19,0.0,18,45454,买盘
1777,11:06:42,25.19,0.0,7,17507,卖盘
1778,11:06:45,25.19,0.0,10,25190,买盘
1779,11:06:48,25.18,-0.01,108,271944,卖盘
1780,11:06:52,25.19,0.01,42,104376,买盘
1781,11:06:54,25.19,0.0,1,2519,买盘
1782,11:06:57,25.18,-0.01,1,2518,中性盘
1783,11:07:03,25.18,0.0,3,9140,卖盘
1784,11:07:06,25.19,0.01,28,70507,买盘
1785,11:07:09,25.18,-0.01,34,85612,卖盘
1786,11:07:12,25.19,0.01,407,1023509,买盘
1787,11:07:15,25.18,-0.01,12,30226,卖盘
1788,11:07:18,25.18,0.0,138,347104,买盘
1789,11:07:21,25.19,0.01,1,2519,卖盘
1790,11:07:24,25.2,0.01,6,15120,买盘
1791,11:07:27,25.18,-0.02,41,103252,卖盘
1792,11:07:30,25.18,0.0,2,5842,买盘
1793,11:07:33,25.18,0.0,11,27718,卖盘
1794,11:07:40,25.19,0.01,3,7557,卖盘
1795,11:07:42,25.2,0.01,6,13529,买盘
1796,11:07:45,25.2,0.0,3,7560,买盘
1797,11:07:48,25.18,-0.02,52,132529,卖盘
1798,11:07:51,25.19,0.01,11,27699,买盘
1799,11:07:54,25.18,-0.01,18,45637,卖盘
1800,11:07:57,25.19,0.01,30,73983,买盘
1801,11:08:01,25.2,0.01,43,108322,买盘
1802,11:08:04,25.2,0.0,37,93210,买盘
1803,11:08:06,25.2,0.0,2,5040,卖盘
1804,11:08:12,25.2,0.0,13,32760,卖盘
1805,11:08:15,25.2,0.0,40,100800,买盘
1806,11:08:18,25.18,-0.02,43,108316,卖盘
1807,11:08:21,25.2,0.02,28,71557,买盘
1808,11:08:27,25.21,0.01,1,2521,买盘
1809,11:08:30,25.21,0.0,2,5042,买盘
1810,11:08:33,25.2,-0.01,7,18195,卖盘
1811,11:08:39,25.21,0.01,20,50420,买盘
1812,11:08:42,25.2,-0.01,109,272765,卖盘
1813,11:08:45,25.21,0.01,1,2521,买盘
1814,11:08:48,25.19,-0.02,50,127340,卖盘
1815,11:08:51,25.2,0.01,7,16275,买盘
1816,11:08:54,25.21,0.01,2,5394,买盘
1817,11:08:57,25.2,-0.01,2,6048,卖盘
1818,11:09:01,25.19,-0.01,9,20933,卖盘
1819,11:09:04,25.2,0.01,26,67032,买盘
1820,11:09:06,25.2,0.0,33,83155,卖盘
1821,11:09:12,25.21,0.01,55,138607,买盘
1822,11:09:18,25.2,-0.01,41,103334,卖盘
1823,11:09:21,25.2,0.0,95,239423,卖盘
1824,11:09:24,25.23,0.03,1,2523,买盘
1825,11:09:27,25.23,0.0,1,2523,买盘
1826,11:09:30,25.23,0.0,26,65309,买盘
1827,11:09:36,25.3,0.07,30,75771,买盘
1828,11:09:48,25.24,-0.06,35,88340,卖盘
1829,11:09:51,25.24,0.0,6,15245,卖盘
1830,11:09:54,25.24,0.0,9,22716,卖盘
1831,11:09:57,25.24,0.0,3,7572,卖盘
1832,11:10:06,25.32,0.08,21,52952,买盘
1833,11:10:09,25.25,-0.07,23,58226,卖盘
1834,11:10:12,25.25,0.0,5,12474,买盘
1835,11:10:18,25.26,0.01,5,12640,卖盘
1836,11:10:21,25.26,0.0,51,128733,买盘
1837,11:10:24,25.26,0.0,21,53046,买盘
1838,11:10:30,25.26,0.0,7,17672,买盘
1839,11:10:33,25.26,0.0,2,4951,买盘
1840,11:10:45,25.28,0.02,6,14781,买盘
1841,11:10:48,25.28,0.0,11,27800,买盘
1842,11:10:51,25.28,0.0,20,50548,买盘
1843,11:10:55,25.28,0.0,40,101120,卖盘
1844,11:10:57,25.28,0.0,12,30336,卖盘
1845,11:11:00,25.4,0.12,100,253435,买盘
1846,11:11:06,25.38,-0.02,5,12690,卖盘
1847,11:11:09,25.38,0.0,4,10152,买盘
1848,11:11:18,25.28,-0.1,116,295362,卖盘
1849,11:11:21,25.28,0.0,15,36985,卖盘
1850,11:11:24,25.28,0.0,8,21159,买盘
1851,11:11:31,25.31,0.03,2,5063,卖盘
1852,11:11:36,25.34,0.03,2,5069,卖盘
1853,11:11:39,25.32,-0.02,2,5066,卖盘
1854,11:11:42,25.28,-0.04,4,9383,卖盘
1855,11:11:51,25.3,0.02,31,78390,卖盘
1856,11:11:54,25.3,0.0,6,15737,卖盘
1857,11:11:57,25.34,0.04,15,38002,买盘
1858,11:12:06,25.34,0.0,5,12670,卖盘
1859,11:12:09,25.35,0.01,5,12675,买盘
1860,11:12:12,25.35,0.0,2,5070,卖盘
1861,11:12:21,25.37,0.02,16,40594,卖盘
1862,11:12:27,25.38,0.01,4,10149,买盘
1863,11:12:30,25.37,-0.01,8,20296,卖盘
1864,11:12:33,25.4,0.03,35,88841,买盘
1865,11:12:39,25.42,0.02,10,25420,买盘
1866,11:12:42,25.42,0.0,1,2542,买盘
1867,11:12:45,25.4,-0.02,10,25400,卖盘
1868,11:12:48,25.42,0.02,1,2542,买盘
1869,11:12:51,25.37,-0.05,23,57565,卖盘
1870,11:12:54,25.45,0.08,172,437448,买盘
1871,11:12:57,25.45,0.0,21,53445,卖盘
1872,11:13:00,25.45,0.0,7,17815,卖盘
1873,11:13:04,25.45,0.0,1,2545,买盘
1874,11:13:06,25.45,0.0,6,15720,买盘
1875,11:13:12,25.43,-0.02,18,45774,卖盘
1876,11:13:15,25.43,0.0,131,332681,卖盘
1877,11:13:18,25.43,0.0,14,35601,买盘
1878,11:13:21,25.38,-0.05,30,76199,卖盘
1879,11:13:24,25.38,0.0,9,22842,卖盘
1880,11:13:28,25.4,0.02,21,53322,买盘
1881,11:13:30,25.43,0.03,225,572946,买盘
1882,11:13:33,25.43,0.0,54,137322,卖盘
1883,11:13:39,25.45,0.02,5,12719,买盘
1884,11:13:45,25.43,-0.02,8,20345,卖盘
1885,11:13:51,25.4,-0.03,24,60088,卖盘
1886,11:13:54,25.42,0.02,17,43196,买盘
1887,11:14:00,25.34,-0.08,203,514710,卖盘
1888,11:14:04,25.41,0.07,12,30566,买盘
1889,11:14:06,25.42,0.01,72,182934,买盘
1890,11:14:18,25.4,-0.02,2,5082,卖盘
1891,11:14:21,25.4,0.0,9,22860,卖盘
1892,11:14:24,25.35,-0.05,3,7610,卖盘
1893,11:14:30,25.35,0.0,24,60940,卖盘
1894,11:14:39,25.4,0.05,17,43180,买盘
1895,11:14:42,25.36,-0.04,2,5072,卖盘
1896,11:14:48,25.36,0.0,5,12680,卖盘
1897,11:14:51,25.35,-0.01,3,8569,卖盘
1898,11:14:54,25.36,0.01,15,38040,买盘
1899,11:14:58,25.36,0.0,9,22824,买盘
1900,11:15:01,25.36,0.0,25,63400,买盘
1901,11:15:04,25.37,0.01,2,5074,买盘
1902,11:15:06,25.37,0.0,1,2537,买盘
1903,11:15:09,25.39,0.02,15,38059,买盘
1904,11:15:12,25.36,-0.03,4,10144,卖盘
1905,11:15:18,25.38,0.02,2,5076,买盘
1906,11:15:21,25.36,-0.02,55,139581,卖盘
1907,11:15:24,25.38,0.02,4,10152,买盘
1908,11:15:27,25.35,-0.03,2,5070,卖盘
1909,11:15:31,25.37,0.02,16,40592,卖盘
1910,11:15:34,25.35,-0.02,6,15213,卖盘
1911,11:15:37,25.36,0.01,5,12680,中性盘
1912,11:15:39,25.36,0.0,5,12680,卖盘
1913,11:15:43,25.35,-0.01,5,12676,卖盘
1914,11:15:45,25.36,0.01,6,15211,中性盘
1915,11:15:48,25.34,-0.02,38,96315,卖盘
1916,11:15:51,25.34,0.0,22,55778,卖盘
1917,11:15:54,25.36,0.02,15,38030,买盘
1918,11:15:57,25.36,0.0,83,210348,买盘
1919,11:16:00,25.36,0.0,2,5072,卖盘
1920,11:16:03,25.36,0.0,20,50659,买盘
1921,11:16:09,25.31,-0.05,26,65604,卖盘
1922,11:16:15,25.31,0.0,55,139152,买盘
1923,11:16:18,25.31,0.0,101,254970,卖盘
1924,11:16:21,25.28,-0.03,3,7587,卖盘
1925,11:16:30,25.29,0.01,52,131459,卖盘
1926,11:16:33,25.28,-0.01,15,37920,卖盘
1927,11:16:36,25.28,0.0,22,55596,买盘
1928,11:16:39,25.27,-0.01,29,73273,卖盘
1929,11:16:42,25.27,0.0,19,48013,买盘
1930,11:16:45,25.25,-0.02,8,20680,卖盘
1931,11:16:48,25.24,-0.01,28,70722,卖盘
1932,11:16:51,25.23,-0.01,13,32799,卖盘
1933,11:16:54,25.23,0.0,2,3507,买盘
1934,11:17:01,25.22,-0.01,4,11634,卖盘
1935,11:17:04,25.23,0.01,6,15138,买盘
1936,11:17:06,25.22,-0.01,39,98359,卖盘
1937,11:17:09,25.22,0.0,5,12613,卖盘
1938,11:17:12,25.22,0.0,6,15132,买盘
1939,11:17:15,25.21,-0.01,85,214295,卖盘
1940,11:17:18,25.22,0.01,25,63050,买盘
1941,11:17:21,25.21,-0.01,50,126096,卖盘
1942,11:17:24,25.23,0.02,1,2523,买盘
1943,11:17:27,25.25,0.02,45,113071,买盘
1944,11:17:30,25.26,0.01,50,126301,卖盘
1945,11:17:40,25.27,0.01,21,53127,卖盘
1946,11:17:45,25.3,0.03,9,22770,买盘
1947,11:17:51,25.3,0.0,5,12650,卖盘
1948,11:18:00,25.28,-0.02,12,30369,卖盘
1949,11:18:03,25.28,0.0,7,17696,买盘
1950,11:18:10,25.28,0.0,29,73312,中性盘
1951,11:18:13,25.28,0.0,11,27808,卖盘
1952,11:18:19,25.28,0.0,1,2528,中性盘
1953,11:18:21,25.28,0.0,17,42976,卖盘
1954,11:18:27,25.35,0.07,7,17745,买盘
1955,11:18:30,25.35,0.0,23,58305,卖盘
1956,11:18:36,25.36,0.01,1,2536,买盘
1957,11:18:39,25.36,0.0,10,25360,买盘
1958,11:18:42,25.35,-0.01,49,124215,卖盘
1959,11:18:51,25.35,0.0,37,93795,卖盘
1960,11:19:03,25.35,0.0,48,121680,卖盘
1961,11:19:06,25.36,0.01,3,7608,买盘
1962,11:19:09,25.36,0.0,2,5072,买盘
1963,11:19:12,25.35,-0.01,10,25356,卖盘
1964,11:19:15,25.35,0.0,23,58305,买盘
1965,11:19:21,25.34,-0.01,6,15204,卖盘
1966,11:19:27,25.35,0.01,9,22815,买盘
1967,11:19:33,25.33,-0.02,3,7599,卖盘
1968,11:19:36,25.33,0.0,3,7599,买盘
1969,11:19:39,25.34,0.01,7,17738,买盘
1970,11:19:42,25.32,-0.02,2,5064,卖盘
1971,11:19:49,25.35,0.03,21,53192,买盘
1972,11:19:51,25.32,-0.03,5,12660,卖盘
1973,11:20:04,25.32,0.0,5,12660,卖盘
1974,11:20:15,25.31,-0.01,34,86057,卖盘
1975,11:20:21,25.35,0.04,10,25350,买盘
1976,11:20:24,25.35,0.0,24,60840,卖盘
1977,11:20:27,25.34,-0.01,11,27874,中性盘
1978,11:20:30,25.32,-0.02,3,7600,卖盘
1979,11:20:33,25.32,0.0,34,86088,卖盘
1980,11:20:39,25.33,0.01,2,5067,卖盘
1981,11:20:42,25.33,0.0,33,83589,中性盘
1982,11:20:48,25.33,0.0,2,5067,卖盘
1983,11:20:54,25.33,0.0,6,15199,卖盘
1984,11:21:01,25.35,0.02,4,10140,买盘
1985,11:21:04,25.34,-0.01,1,2534,卖盘
1986,11:21:06,25.33,-0.01,9,22799,卖盘
1987,11:21:09,25.32,-0.01,11,27861,卖盘
1988,11:21:15,25.32,0.0,33,83564,卖盘
1989,11:21:21,25.32,0.0,6,15195,卖盘
1990,11:21:24,25.32,0.0,27,68403,卖盘
1991,11:21:27,25.36,0.04,25,63294,买盘
1992,11:21:33,25.32,-0.04,16,40512,卖盘
1993,11:21:37,25.32,0.0,69,174708,买盘
1994,11:21:45,25.31,-0.01,32,80992,卖盘
1995,11:21:48,25.34,0.03,69,174615,买盘
1996,11:21:54,25.34,0.0,3,7605,卖盘
1997,11:21:57,25.34,0.0,5,12670,买盘
1998,11:22:00,25.34,0.0,7,17738,买盘
1999,11:22:06,25.34,0.0,5,12670,卖盘
2000,11:22:09,25.33,-0.01,7,17731,卖盘
2001,11:22:12,25.34,0.01,1,2534,买盘
2002,11:22:15,25.34,0.0,6,15204,卖盘
2003,11:22:18,25.34,0.0,5,12670,买盘
2004,11:22:21,25.33,-0.01,9,22799,卖盘
2005,11:22:27,25.34,0.01,36,91225,卖盘
2006,11:22:30,25.34,0.0,1,2534,买盘
2007,11:22:33,25.36,0.02,3,7608,买盘
2008,11:22:36,25.36,0.0,14,35504,卖盘
2009,11:22:45,25.34,-0.02,34,86165,卖盘
2010,11:22:49,25.34,0.0,2,5068,卖盘
2011,11:22:51,25.34,0.0,10,25340,卖盘
2012,11:22:54,25.37,0.03,7,17746,买盘
2013,11:22:57,25.35,-0.02,3,7606,卖盘
2014,11:23:06,25.35,0.0,9,22815,卖盘
2015,11:23:09,25.35,0.0,24,60831,买盘
2016,11:23:15,25.36,0.01,101,255905,买盘
2017,11:23:18,25.35,-0.01,14,35490,中性盘
2018,11:23:21,25.35,0.0,2,5070,买盘
2019,11:23:24,25.35,0.0,5,12675,买盘
2020,11:23:27,25.36,0.01,60,152114,买盘
2021,11:23:30,25.33,-0.03,3,7600,卖盘
2022,11:23:36,25.35,0.02,32,81120,卖盘
2023,11:23:39,25.36,0.01,1,2536,买盘
2024,11:23:42,25.35,-0.01,5,12675,卖盘
2025,11:23:46,25.36,0.01,10,25360,买盘
2026,11:23:48,25.35,-0.01,82,207870,卖盘
2027,11:23:51,25.37,0.02,16,40583,买盘
2028,11:23:57,25.37,0.0,5,12685,卖盘
2029,11:24:06,25.38,0.01,2,5074,买盘
2030,11:24:09,25.35,-0.03,8,20282,卖盘
2031,11:24:12,25.38,0.03,33,83696,买盘
2032,11:24:16,25.38,0.0,2,5076,买盘
2033,11:24:19,25.36,-0.02,19,48193,卖盘
2034,11:24:22,25.36,0.0,3,7608,买盘
2035,11:24:27,25.35,-0.01,44,111540,卖盘
2036,11:24:30,25.36,0.01,2,5072,中性盘
2037,11:24:36,25.37,0.01,107,271222,买盘
2038,11:24:39,25.33,-0.04,4,10140,卖盘
2039,11:24:48,25.38,0.05,41,103965,买盘
2040,11:24:57,25.33,-0.05,30,75990,卖盘
2041,11:25:00,25.32,-0.01,7,17724,卖盘
2042,11:25:09,25.33,0.01,2,5066,卖盘
2043,11:25:12,25.34,0.01,45,113995,买盘
2044,11:25:15,25.34,0.0,2,5068,买盘
2045,11:25:18,25.33,-0.01,19,48127,卖盘
2046,11:25:21,25.34,0.01,14,35465,买盘
2047,11:25:24,25.34,0.0,9,22806,卖盘
2048,11:25:30,25.34,0.0,18,45612,卖盘
2049,11:25:39,25.34,0.0,16,40544,卖盘
2050,11:25:42,25.33,-0.01,3,8108,卖盘
2051,11:25:45,25.34,0.01,2,5068,中性盘
2052,11:25:48,25.34,0.0,15,38010,卖盘
2053,11:26:00,25.33,-0.01,10,25333,卖盘
2054,11:26:03,25.34,0.01,1,2534,买盘
2055,11:26:06,25.34,0.0,2,5068,买盘
2056,11:26:09,25.33,-0.01,29,72950,卖盘
2057,11:26:12,25.31,-0.02,35,88626,卖盘
2058,11:26:15,25.34,0.03,10,25340,买盘
2059,11:26:19,25.34,0.0,65,165217,买盘
2060,11:26:21,25.34,0.0,31,78554,卖盘
2061,11:26:24,25.34,0.0,4,9629,卖盘
2062,11:26:27,25.33,-0.01,3,7599,卖盘
2063,11:26:30,25.33,0.0,9,22798,卖盘
2064,11:26:33,25.33,0.0,10,25330,买盘
2065,11:26:39,25.34,0.01,16,40544,卖盘
2066,11:26:43,25.32,-0.02,53,134206,卖盘
2067,11:26:45,25.34,0.02,1,2534,买盘
2068,11:26:48,25.34,0.0,5,12670,买盘
2069,11:26:51,25.33,-0.01,31,78523,卖盘
2070,11:26:54,25.34,0.01,69,174756,买盘
2071,11:26:57,25.34,0.0,7,17738,买盘
2072,11:27:00,25.31,-0.03,39,98712,卖盘
2073,11:27:04,25.33,0.02,1,2533,买盘
2074,11:27:06,25.31,-0.02,3,7593,卖盘
2075,11:27:09,25.31,0.0,19,48089,卖盘
2076,11:27:12,25.31,0.0,4,10124,买盘
2077,11:27:15,25.31,0.0,1,2531,买盘
2078,11:27:21,25.3,-0.01,29,73370,卖盘
2079,11:27:24,25.32,0.02,8,20256,买盘
2080,11:27:27,25.33,0.01,9,22787,买盘
2081,11:27:30,25.3,-0.03,29,73370,卖盘
2082,11:27:33,25.32,0.02,5,12663,卖盘
2083,11:27:36,25.32,0.0,1,2532,买盘
2084,11:27:42,25.3,-0.02,29,73372,卖盘
2085,11:27:51,25.3,0.0,19,48070,卖盘
2086,11:27:54,25.3,0.0,11,27848,买盘
2087,11:27:57,25.33,0.03,1,2533,买盘
2088,11:28:00,25.29,-0.04,8,20239,卖盘
2089,11:28:04,25.3,0.01,21,53130,中性盘
2090,11:28:12,25.3,0.0,1,2530,卖盘
2091,11:28:15,25.3,0.0,27,68310,买盘
2092,11:28:24,25.3,0.0,32,80962,卖盘
2093,11:28:27,25.33,0.03,1,2533,买盘
2094,11:28:33,25.3,-0.03,12,30366,卖盘
2095,11:28:42,25.3,0.0,112,283261,卖盘
2096,11:28:48,25.3,0.0,1,2530,买盘
2097,11:28:51,25.3,0.0,1,2530,买盘
2098,11:28:54,25.29,-0.01,18,45523,卖盘
2099,11:28:57,25.29,0.0,9,22761,买盘
2100,11:29:00,25.3,0.01,7,17710,卖盘
2101,11:29:04,25.3,0.0,22,55660,卖盘
2102,11:29:12,25.29,-0.01,22,55638,卖盘
2103,11:29:15,25.29,0.0,5,12645,买盘
2104,11:29:24,25.31,0.02,18,45558,卖盘
2105,11:29:27,25.31,0.0,4,10124,买盘
2106,11:29:33,25.3,-0.01,27,68340,卖盘
2107,11:29:39,25.29,-0.01,1,2529,卖盘
2108,11:29:42,25.29,0.0,24,60696,卖盘
2109,11:29:45,25.29,0.0,3,7587,买盘
2110,11:29:54,25.3,0.01,2,5060,卖盘
2111,13:00:01,25.28,-0.02,32,80896,卖盘
2112,13:00:04,25.32,0.04,748,1892336,买盘
2113,13:00:07,25.28,-0.04,168,424968,卖盘
2114,13:00:12,25.28,0.0,3,7584,买盘
2115,13:00:15,25.29,0.01,31,78307,买盘
2116,13:00:18,25.25,-0.04,2,5053,卖盘
2117,13:00:21,25.25,0.0,4,10100,卖盘
2118,13:00:24,25.28,0.03,25,63200,卖盘
2119,13:00:27,25.29,0.01,34,85986,买盘
2120,13:00:33,25.29,0.0,14,35412,卖盘
2121,13:00:39,25.29,0.0,5,12642,买盘
2122,13:00:42,25.28,-0.01,2,5056,卖盘
2123,13:00:45,25.28,0.0,14,35392,卖盘
2124,13:00:48,25.28,0.0,3,7583,买盘
2125,13:00:51,25.25,-0.03,4,10100,卖盘
2126,13:00:54,25.25,0.0,26,65652,卖盘
2127,13:00:57,25.25,0.0,26,66130,卖盘
2128,13:01:00,25.24,-0.01,1,2524,卖盘
2129,13:01:04,25.23,-0.01,31,78221,卖盘
2130,13:01:06,25.21,-0.02,109,274856,卖盘
2131,13:01:09,25.21,0.0,4,10086,卖盘
2132,13:01:12,25.21,0.0,37,93272,买盘
2133,13:01:15,25.21,0.0,10,25210,卖盘
2134,13:01:18,25.2,-0.01,175,441000,卖盘
2135,13:01:21,25.2,0.0,22,55447,卖盘
2136,13:01:24,25.2,0.0,32,80640,卖盘
2137,13:01:27,25.2,0.0,136,342982,卖盘
2138,13:01:30,25.2,0.0,10,25192,买盘
2139,13:01:36,25.18,-0.02,36,90214,卖盘
2140,13:01:42,25.19,0.01,14,35268,卖盘
2141,13:01:45,25.2,0.01,13,32751,买盘
2142,13:01:48,25.18,-0.02,21,52880,卖盘
2143,13:01:51,25.18,0.0,3,7554,卖盘
2144,13:01:57,25.18,0.0,15,37790,卖盘
2145,13:02:04,25.19,0.01,1,2519,卖盘
2146,13:02:12,25.19,0.0,6,15114,卖盘
2147,13:02:15,25.19,0.0,1,2519,卖盘
2148,13:02:18,25.2,0.01,11,27720,买盘
2149,13:02:21,25.2,0.0,3,7558,买盘
2150,13:02:27,25.2,0.0,2,5040,买盘
2151,13:02:33,25.2,0.0,9,22680,买盘
2152,13:02:36,25.2,0.0,5,12597,买盘
2153,13:02:39,25.2,0.0,11,27720,买盘
2154,13:02:42,25.19,-0.01,1,2519,卖盘
2155,13:02:48,25.19,0.0,2,5038,卖盘
2156,13:02:51,25.19,0.0,12,30231,卖盘
2157,13:02:54,25.2,0.01,56,141074,买盘
2158,13:02:57,25.2,0.0,24,60476,买盘
2159,13:03:00,25.19,-0.01,14,35266,卖盘
2160,13:03:03,25.19,0.0,6,15114,买盘
2161,13:03:06,25.18,-0.01,17,42807,卖盘
2162,13:03:09,25.19,0.01,15,37773,买盘
2163,13:03:12,25.19,0.0,3,7556,买盘
2164,13:03:15,25.19,0.0,27,67997,买盘
2165,13:03:18,25.19,0.0,9,22671,买盘
2166,13:03:21,25.19,0.0,308,775503,买盘
2167,13:03:24,25.17,-0.02,30,75515,卖盘
2168,13:03:28,25.16,-0.01,59,148474,卖盘
2169,13:03:30,25.16,0.0,9,22644,卖盘
2170,13:03:34,25.18,0.02,20,50360,买盘
2171,13:03:36,25.18,0.0,3,7550,买盘
2172,13:03:42,25.16,-0.02,6,15096,卖盘
2173,13:03:45,25.17,0.01,5,12585,买盘
2174,13:03:48,25.17,0.0,5,12585,卖盘
2175,13:03:52,25.17,0.0,9,22659,卖盘
2176,13:03:54,25.14,-0.03,506,1272584,卖盘
2177,13:03:57,25.13,-0.01,83,208661,卖盘
2178,13:04:00,25.13,0.0,59,148267,卖盘
2179,13:04:03,25.15,0.02,19,47774,买盘
2180,13:04:06,25.12,-0.03,153,384458,卖盘
2181,13:04:09,25.14,0.02,37,92953,买盘
2182,13:04:12,25.12,-0.02,21,52752,卖盘
2183,13:04:15,25.12,0.0,21,52762,卖盘
2184,13:04:18,25.13,0.01,6,15073,买盘
2185,13:04:21,25.12,-0.01,5,12561,卖盘
2186,13:04:24,25.12,0.0,75,188408,卖盘
2187,13:04:27,25.12,0.0,20,50240,卖盘
2188,13:04:30,25.12,0.0,14,35173,卖盘
2189,13:04:33,25.12,0.0,16,40192,卖盘
2190,13:04:36,25.1,-0.02,706,1772318,卖盘
2191,13:04:39,25.1,0.0,174,436741,卖盘
2192,13:04:45,25.12,0.02,116,291203,买盘
2193,13:04:48,25.1,-0.02,56,140567,卖盘
2194,13:04:54,25.11,0.01,5,12555,卖盘
2195,13:04:57,25.11,0.0,1,2511,卖盘
2196,13:05:00,25.11,0.0,14,35156,卖盘
2197,13:05:05,25.13,0.02,3,7537,买盘
2198,13:05:06,25.13,0.0,21,52733,买盘
2199,13:05:10,25.11,-0.02,6,15066,卖盘
2200,13:05:15,25.11,0.0,1,2511,卖盘
2201,13:05:18,25.12,0.01,8,20096,买盘
2202,13:05:21,25.11,-0.01,18,45200,卖盘
2203,13:05:24,25.11,0.0,17,42692,卖盘
2204,13:05:27,25.11,0.0,71,178293,卖盘
2205,13:05:30,25.11,0.0,5,12555,买盘
2206,13:05:33,25.12,0.01,2,5024,买盘
2207,13:05:36,25.1,-0.02,8,20087,卖盘
2208,13:05:45,25.1,0.0,25,62767,卖盘
2209,13:05:48,25.1,0.0,22,55220,卖盘
2210,13:05:51,25.11,0.01,42,105426,买盘
2211,13:05:54,25.11,0.0,15,37665,买盘
2212,13:05:57,25.11,0.0,35,87881,买盘
2213,13:06:00,25.11,0.0,72,180768,买盘
2214,13:06:04,25.11,0.0,2,5022,卖盘
2215,13:06:06,25.11,0.0,12,30132,卖盘
2216,13:06:09,25.11,0.0,4,10044,卖盘
2217,13:06:12,25.11,0.0,14,35154,卖盘
2218,13:06:18,25.11,0.0,6,15071,卖盘
2219,13:06:21,25.12,0.01,55,138152,买盘
2220,13:06:24,25.12,0.0,28,70310,买盘
2221,13:06:27,25.11,-0.01,41,102951,卖盘
2222,13:06:30,25.12,0.01,1,2512,买盘
2223,13:06:33,25.12,0.0,47,118064,买盘
2224,13:06:36,25.11,-0.01,7,17582,卖盘
2225,13:06:42,25.13,0.02,15,37695,买盘
2226,13:06:45,25.11,-0.02,37,92928,卖盘
2227,13:06:48,25.13,0.02,4,10052,买盘
2228,13:06:51,25.13,0.0,50,125650,买盘
2229,13:06:54,25.11,-0.02,56,140672,卖盘
2230,13:07:03,25.12,0.01,19,47738,卖盘
2231,13:07:06,25.12,0.0,12,30144,买盘
2232,13:07:09,25.12,0.0,5,12560,买盘
2233,13:07:12,25.12,0.0,6,15072,买盘
2234,13:07:15,25.13,0.01,92,231026,买盘
2235,13:07:18,25.11,-0.02,69,173300,卖盘
2236,13:07:21,25.11,0.0,4,10045,卖盘
2237,13:07:27,25.12,0.01,24,60289,卖盘
2238,13:07:31,25.11,-0.01,81,203444,卖盘
2239,13:07:33,25.13,0.02,2,5026,买盘
2240,13:07:36,25.12,-0.01,5,12560,卖盘
2241,13:07:39,25.13,0.01,2,5025,买盘
2242,13:07:42,25.13,0.0,3,7537,买盘
2243,13:07:45,25.14,0.01,131,329241,买盘
2244,13:07:48,25.12,-0.02,40,100483,卖盘
2245,13:07:51,25.12,0.0,27,67824,买盘
2246,13:07:54,25.11,-0.01,9,22604,卖盘
2247,13:07:57,25.12,0.01,24,60288,买盘
2248,13:08:00,25.12,0.0,3,7536,卖盘
2249,13:08:04,25.13,0.01,8,20098,买盘
2250,13:08:06,25.11,-0.02,10,25111,卖盘
2251,13:08:12,25.12,0.01,55,138123,卖盘
2252,13:08:18,25.13,0.01,1,2513,买盘
2253,13:08:21,25.11,-0.02,85,213448,卖盘
2254,13:08:24,25.13,0.02,29,72877,买盘
2255,13:08:27,25.13,0.0,23,57799,卖盘
2256,13:08:30,25.13,0.0,9,22617,卖盘
2257,13:08:33,25.14,0.01,2,5028,买盘
2258,13:08:36,25.13,-0.01,9,22617,卖盘
2259,13:08:39,25.13,0.0,2,5026,买盘
2260,13:08:42,25.14,0.01,48,120650,买盘
2261,13:08:45,25.12,-0.02,15,37688,卖盘
2262,13:08:51,25.14,0.02,1,2514,买盘
2263,13:08:54,25.13,-0.01,27,67851,卖盘
2264,13:08:57,25.12,-0.01,15,37680,卖盘
2265,13:09:00,25.12,0.0,4,10048,卖盘
2266,13:09:04,25.12,0.0,7,17584,卖盘
2267,13:09:06,25.13,0.01,26,65335,买盘
2268,13:09:09,25.13,0.0,1,2513,买盘
2269,13:09:18,25.12,-0.01,30,75360,卖盘
2270,13:09:21,25.12,0.0,17,42704,卖盘
2271,13:09:24,25.13,0.01,20,50247,买盘
2272,13:09:27,25.13,0.0,20,50260,买盘
2273,13:09:30,25.13,0.0,21,52757,买盘
2274,13:09:33,25.12,-0.01,23,57771,买盘
2275,13:09:36,25.12,0.0,64,160715,买盘
2276,13:09:39,25.12,0.0,15,37672,买盘
2277,13:09:42,25.13,0.01,171,429478,买盘
2278,13:09:45,25.12,-0.01,45,113009,卖盘
2279,13:09:51,25.12,0.0,18,45216,卖盘
2280,13:09:54,25.13,0.01,1,2513,买盘
2281,13:09:57,25.12,-0.01,7,17586,卖盘
2282,13:10:00,25.12,0.0,17,42704,卖盘
2283,13:10:03,25.12,0.0,27,67824,卖盘
2284,13:10:06,25.11,-0.01,9,22599,卖盘
2285,13:10:09,25.12,0.01,11,27632,买盘
2286,13:10:13,25.12,0.0,22,55259,卖盘
2287,13:10:15,25.11,-0.01,15,37671,卖盘
2288,13:10:18,25.11,0.0,46,115506,卖盘
2289,13:10:21,25.11,0.0,19,47709,买盘
2290,13:10:27,25.12,0.01,8,20092,买盘
2291,13:10:31,25.11,-0.01,32,80367,卖盘
2292,13:10:34,25.11,0.0,23,57762,卖盘
2293,13:10:36,25.11,0.0,5,12558,卖盘
2294,13:10:40,25.12,0.01,6,15072,买盘
2295,13:10:43,25.1,-0.02,20,50216,卖盘
2296,13:10:45,25.11,0.01,146,366461,中性盘
2297,13:10:48,25.1,-0.01,20,50200,卖盘
2298,13:10:51,25.1,0.0,97,243484,卖盘
2299,13:10:54,25.1,0.0,353,886032,卖盘
2300,13:10:57,25.1,0.0,110,276100,卖盘
2301,13:11:00,25.1,0.0,4,8760,买盘
2302,13:11:04,25.1,0.0,20,50200,买盘
2303,13:11:07,25.09,-0.01,24,60225,卖盘
2304,13:11:09,25.09,0.0,9,22581,卖盘
2305,13:11:12,25.09,0.0,60,150540,卖盘
2306,13:11:15,25.08,-0.01,117,293525,卖盘
2307,13:11:18,25.08,0.0,39,97812,卖盘
2308,13:11:21,25.08,0.0,35,87792,卖盘
2309,13:11:24,25.08,0.0,202,506622,卖盘
2310,13:11:27,25.08,0.0,127,318472,买盘
2311,13:11:31,25.08,0.0,33,82735,买盘
2312,13:11:33,25.07,-0.01,70,175435,买盘
2313,13:11:36,25.07,0.0,77,192992,买盘
2314,13:11:39,25.07,0.0,102,255623,买盘
2315,13:11:42,25.05,-0.02,111,278072,卖盘
2316,13:11:45,25.05,0.0,117,293110,卖盘
2317,13:11:48,25.06,0.01,18,45097,买盘
2318,13:11:51,25.06,0.0,70,175364,买盘
2319,13:11:54,25.05,-0.01,92,230461,卖盘
2320,13:11:57,25.06,0.01,90,225486,买盘
2321,13:12:00,25.05,-0.01,88,220459,卖盘
2322,13:12:04,25.05,0.0,64,160324,卖盘
2323,13:12:06,25.05,0.0,16,40080,买盘
2324,13:12:09,25.05,0.0,3,7515,买盘
2325,13:12:12,25.05,0.0,22,55103,买盘
2326,13:12:15,25.04,-0.01,57,142740,卖盘
2327,13:12:18,25.04,0.0,6,15024,买盘
2328,13:12:21,25.03,-0.01,243,608301,卖盘
2329,13:12:24,25.04,0.01,99,247783,买盘
2330,13:12:27,25.02,-0.02,35,87592,卖盘
2331,13:12:30,25.03,0.01,3,7509,卖盘
2332,13:12:33,25.02,-0.01,135,337771,卖盘
2333,13:12:36,25.02,0.0,217,542883,卖盘
2334,13:12:39,25.02,0.0,122,305146,买盘
2335,13:12:42,25.04,0.02,2,5006,买盘
2336,13:12:45,25.02,-0.02,13,32527,卖盘
2337,13:12:48,25.05,0.03,9,22537,买盘
2338,13:12:51,25.04,-0.01,10,25040,卖盘
2339,13:12:54,25.05,0.01,6,15030,买盘
2340,13:12:57,25.04,-0.01,19,47586,卖盘
2341,13:13:00,25.05,0.01,73,182819,买盘
2342,13:13:03,25.04,-0.01,68,170243,卖盘
2343,13:13:06,25.04,0.0,21,52583,买盘
2344,13:13:09,25.04,0.0,75,187793,买盘
2345,13:13:12,25.04,0.0,25,62577,买盘
2346,13:13:15,25.04,0.0,82,205309,买盘
2347,13:13:18,25.04,0.0,23,57570,买盘
2348,13:13:21,25.04,0.0,45,112669,买盘
2349,13:13:24,25.04,0.0,20,50072,买盘
2350,13:13:27,25.04,0.0,8,20026,买盘
2351,13:13:30,25.03,-0.01,580,1450902,卖盘
2352,13:13:33,25.03,0.0,27,69496,买盘
2353,13:13:36,25.03,0.0,10,25025,买盘
2354,13:13:39,25.01,-0.02,227,567793,卖盘
2355,13:13:42,25.03,0.02,13,32537,买盘
2356,13:13:45,25.0,-0.03,77,192561,卖盘
2357,13:13:51,25.02,0.02,7,17514,买盘
2358,13:13:54,25.01,-0.01,24,60025,卖盘
2359,13:13:57,25.01,0.0,44,110055,卖盘
2360,13:14:00,25.01,0.0,24,60016,买盘
2361,13:14:04,25.0,-0.01,1411,3527520,卖盘
2362,13:14:06,25.0,0.0,324,810058,卖盘
2363,13:14:09,25.01,0.01,41,102517,买盘
2364,13:14:12,25.01,0.0,17,42508,买盘
2365,13:14:15,25.01,0.0,13,32510,买盘
2366,13:14:18,25.01,0.0,3,7502,买盘
2367,13:14:21,25.01,0.0,7,17507,买盘
2368,13:14:24,25.01,0.0,86,215010,买盘
2369,13:14:27,25.01,0.0,9,22511,中性盘
2370,13:14:30,25.01,0.0,10,25015,卖盘
2371,13:14:33,25.0,-0.01,41,102510,卖盘
2372,13:14:36,25.01,0.01,10,25011,卖盘
2373,13:14:39,25.01,0.0,193,482513,卖盘
2374,13:14:42,25.01,0.0,98,245022,买盘
2375,13:14:45,25.01,0.0,13,32510,买盘
2376,13:14:48,25.0,-0.01,25,62513,卖盘
2377,13:14:51,25.0,0.0,188,470032,卖盘
2378,13:14:54,25.0,0.0,28,70018,卖盘
2379,13:14:57,25.0,0.0,466,1163054,卖盘
2380,13:15:01,25.0,0.0,16,40000,买盘
2381,13:15:04,24.99,-0.01,24,59979,卖盘
2382,13:15:06,24.98,-0.01,8,19984,卖盘
2383,13:15:09,24.99,0.01,31,77444,买盘
2384,13:15:12,24.99,0.0,172,429710,买盘
2385,13:15:15,24.98,-0.01,73,182354,卖盘
2386,13:15:18,24.9,-0.08,287,715729,卖盘
2387,13:15:21,24.91,0.01,37,92327,中性盘
2388,13:15:25,24.97,0.06,15,37395,中性盘
2389,13:15:28,24.97,0.0,25,62359,买盘
2390,13:15:30,24.9,-0.07,116,288861,卖盘
2391,13:15:33,24.9,0.0,46,114542,卖盘
2392,13:15:36,24.9,0.0,103,256482,卖盘
2393,13:15:39,24.91,0.01,10,24910,中性盘
2394,13:15:42,24.9,-0.01,314,781867,卖盘
2395,13:15:45,24.91,0.01,7,17462,卖盘
2396,13:15:48,24.92,0.01,3,7476,中性盘
2397,13:15:51,24.91,-0.01,89,221835,卖盘
2398,13:15:54,24.9,-0.01,279,694866,卖盘
2399,13:15:57,24.9,0.0,47,117008,买盘
2400,13:16:00,24.9,0.0,27,67221,买盘
2401,13:16:04,24.89,-0.01,49,121991,卖盘
2402,13:16:06,24.9,0.01,172,429641,买盘
2403,13:16:09,24.9,0.0,9,22410,卖盘
2404,13:16:12,24.9,0.0,22,53355,卖盘
2405,13:16:15,24.9,0.0,26,64756,买盘
2406,13:16:18,24.91,0.01,11,27401,买盘
2407,13:16:21,24.9,-0.01,54,134485,卖盘
2408,13:16:24,24.89,-0.01,91,227977,卖盘
2409,13:16:27,24.9,0.01,22,54791,卖盘
2410,13:16:30,24.9,0.0,25,62250,买盘
2411,13:16:33,24.9,0.0,2,4980,买盘
2412,13:16:36,24.9,0.0,30,74686,买盘
2413,13:16:39,24.91,0.01,45,112037,买盘
2414,13:16:42,24.89,-0.02,151,375893,卖盘
2415,13:16:45,24.9,0.01,18,44817,买盘
2416,13:16:48,24.9,0.0,26,64740,买盘
2417,13:16:51,24.89,-0.01,44,109535,卖盘
2418,13:16:54,24.9,0.01,95,236484,买盘
2419,13:16:57,24.89,-0.01,45,112015,卖盘
2420,13:17:00,24.9,0.01,5,12450,买盘
2421,13:17:03,24.9,0.0,96,239007,买盘
2422,13:17:06,24.9,0.0,64,159346,买盘
2423,13:17:09,24.89,-0.01,91,226557,卖盘
2424,13:17:12,24.9,0.01,46,114525,买盘
2425,13:17:15,24.89,-0.01,190,472988,卖盘
2426,13:17:18,24.9,0.01,25,62236,买盘
2427,13:17:21,24.89,-0.01,36,88198,卖盘
2428,13:17:24,24.89,0.0,22,54756,买盘
2429,13:17:27,24.9,0.01,84,210487,买盘
2430,13:17:30,24.9,0.0,3,7470,买盘
2431,13:17:33,24.89,-0.01,13,32364,卖盘
2432,13:17:36,24.9,0.01,25,62241,买盘
2433,13:17:39,24.89,-0.01,5,12448,卖盘
2434,13:17:42,24.9,0.01,35,87146,买盘
2435,13:17:45,24.9,0.0,61,151890,买盘
2436,13:17:52,24.91,0.01,3,7473,买盘
2437,13:17:54,24.91,0.0,4,9961,买盘
2438,13:17:57,24.91,0.0,21,52303,买盘
2439,13:18:00,24.9,-0.01,123,306272,卖盘
2440,13:18:04,24.9,0.0,13,32379,卖盘
2441,13:18:06,24.91,0.01,15,37363,买盘
2442,13:18:09,24.91,0.0,146,363548,买盘
2443,13:18:12,24.91,0.0,1,2491,买盘
2444,13:18:15,24.91,0.0,22,54802,买盘
2445,13:18:18,24.9,-0.01,8,19924,卖盘
2446,13:18:21,24.91,0.01,48,119528,买盘
2447,13:18:30,24.92,0.01,11,27411,买盘
2448,13:18:33,24.92,0.0,162,403704,买盘
2449,13:18:36,24.92,0.0,131,326452,买盘
2450,13:18:39,24.92,0.0,11,27411,买盘
2451,13:18:42,24.92,0.0,4,9969,卖盘
2452,13:18:45,24.92,0.0,8,19939,卖盘
2453,13:18:48,24.92,0.0,130,323980,卖盘
2454,13:18:51,24.92,0.0,116,289098,卖盘
2455,13:18:54,24.92,0.0,27,67265,买盘
2456,13:18:57,24.92,0.0,31,77255,卖盘
2457,13:19:00,24.9,-0.02,332,826948,卖盘
2458,13:19:04,24.9,0.0,14,34860,买盘
2459,13:19:06,24.9,0.0,10,24898,买盘
2460,13:19:09,24.9,0.0,34,84645,买盘
2461,13:19:12,24.9,0.0,20,49800,买盘
2462,13:19:16,24.9,0.0,103,256468,买盘
2463,13:19:18,24.89,-0.01,20,49789,卖盘
2464,13:19:21,24.9,0.01,19,47310,买盘
2465,13:19:27,24.9,0.0,63,156870,卖盘
2466,13:19:31,24.9,0.0,8,19920,卖盘
2467,13:19:33,24.9,0.0,45,112052,卖盘
2468,13:19:37,24.91,0.01,1,2491,买盘
2469,13:19:39,24.9,-0.01,1,2490,卖盘
2470,13:19:43,24.9,0.0,187,465787,卖盘
2471,13:19:45,24.91,0.01,18,44837,买盘
2472,13:19:48,24.91,0.0,1,2491,买盘
2473,13:19:51,24.91,0.0,26,64746,买盘
2474,13:19:54,24.91,0.0,8,19924,买盘
2475,13:19:57,24.9,-0.01,21,52293,卖盘
2476,13:20:00,24.91,0.01,1,2491,买盘
2477,13:20:04,24.91,0.0,1,2491,买盘
2478,13:20:06,24.91,0.0,19,47323,买盘
2479,13:20:09,24.9,-0.01,9,22410,卖盘
2480,13:20:12,24.9,0.0,27,67246,卖盘
2481,13:20:15,24.91,0.01,25,62275,买盘
2482,13:20:21,24.91,0.0,1,2491,买盘
2483,13:20:24,24.91,0.0,41,102111,买盘
2484,13:20:27,24.9,-0.01,171,425792,卖盘
2485,13:20:30,24.9,0.0,49,122010,买盘
2486,13:20:33,24.9,0.0,6,14940,买盘
2487,13:20:36,24.9,0.0,47,117030,买盘
2488,13:20:40,24.9,0.0,136,338507,买盘
2489,13:20:42,24.9,0.0,21,52270,买盘
2490,13:20:45,24.9,0.0,25,62250,买盘
2491,13:20:48,24.9,0.0,49,122005,买盘
2492,13:20:51,24.9,0.0,61,151849,买盘
2493,13:20:54,24.9,0.0,12,29880,买盘
2494,13:20:57,24.9,0.0,84,209083,买盘
2495,13:21:00,24.9,0.0,21,52279,买盘
2496,13:21:04,24.9,0.0,20,49782,买盘
2497,13:21:06,24.9,0.0,1,2490,买盘
2498,13:21:09,24.9,0.0,37,92095,买盘
2499,13:21:12,24.89,-0.01,26,64724,卖盘
2500,13:21:15,24.9,0.01,32,79680,买盘
2501,13:21:18,24.9,0.0,16,39840,买盘
2502,13:21:21,24.89,-0.01,32,79663,卖盘
2503,13:21:24,24.9,0.01,36,89625,买盘
2504,13:21:27,24.9,0.0,5,12450,买盘
2505,13:21:30,24.9,0.0,4,9960,买盘
2506,13:21:33,24.9,0.0,3,7469,买盘
2507,13:21:36,24.89,-0.01,3,7467,卖盘
2508,13:21:39,24.9,0.01,12,29880,买盘
2509,13:21:42,24.9,0.0,29,72209,买盘
2510,13:21:45,24.9,0.0,8,19919,买盘
2511,13:21:48,24.89,-0.01,54,134415,卖盘
2512,13:21:51,24.89,0.0,598,1489003,卖盘
2513,13:21:54,24.88,-0.01,32,77328,卖盘
2514,13:21:57,24.88,0.0,44,109446,买盘
2515,13:22:00,24.89,0.01,32,81916,买盘
2516,13:22:04,24.87,-0.02,64,156909,卖盘
2517,13:22:06,24.88,0.01,16,42097,买盘
2518,13:22:09,24.87,-0.01,11,27363,卖盘
2519,13:22:12,24.88,0.01,7,17416,买盘
2520,13:22:16,24.89,0.01,4,9953,买盘
2521,13:22:21,24.89,0.0,8,19905,买盘
2522,13:22:27,24.89,0.0,11,27379,买盘
2523,13:22:30,24.9,0.01,112,278783,买盘
2524,13:22:33,24.9,0.0,109,271410,买盘
2525,13:22:36,24.9,0.0,19,47307,买盘
2526,13:22:39,24.9,0.0,26,64740,买盘
2527,13:22:43,24.9,0.0,109,271410,买盘
2528,13:22:45,24.91,0.01,93,231610,买盘
2529,13:22:54,24.91,0.0,37,92167,买盘
2530,13:22:57,24.91,0.0,19,47329,买盘
2531,13:23:00,24.91,0.0,24,59790,卖盘
2532,13:23:03,24.92,0.01,6,14952,买盘
2533,13:23:06,24.92,0.0,30,74760,买盘
2534,13:23:10,24.93,0.01,1,2493,买盘
2535,13:23:15,24.94,0.01,15,37405,买盘
2536,13:23:24,24.95,0.01,10,24943,买盘
2537,13:23:33,24.97,0.02,93,232077,买盘
2538,13:23:36,24.95,-0.02,22,54910,卖盘
2539,13:23:39,24.99,0.04,5,12495,买盘
2540,13:23:42,25.0,0.01,50,124997,买盘
2541,13:23:46,25.0,0.0,91,226950,买盘
2542,13:23:51,25.0,0.0,53,132503,卖盘
2543,13:23:54,25.01,0.01,34,85024,买盘
2544,13:24:00,25.02,0.01,6,15012,买盘
2545,13:24:03,25.02,0.0,26,65050,买盘
2546,13:24:06,25.03,0.01,5,12515,买盘
2547,13:24:10,25.03,0.0,10,25030,买盘
2548,13:24:16,25.05,0.02,10,25047,买盘
2549,13:24:18,25.07,0.02,13,32585,买盘
2550,13:24:21,25.08,0.01,17,42620,买盘
2551,13:24:24,25.09,0.01,123,308391,买盘
2552,13:24:27,25.08,-0.01,72,180570,卖盘
2553,13:24:30,25.09,0.01,37,92802,买盘
2554,13:24:33,25.09,0.0,7,17560,买盘
2555,13:24:36,25.08,-0.01,18,45159,卖盘
2556,13:24:39,25.07,-0.01,162,406353,卖盘
2557,13:24:42,25.07,0.0,18,45126,买盘
2558,13:24:46,25.07,0.0,2,5014,买盘
2559,13:24:48,25.08,0.01,57,142924,买盘
2560,13:24:51,25.08,0.0,1,2508,买盘
2561,13:24:54,25.09,0.01,36,90295,买盘
2562,13:24:57,25.08,-0.01,10,25091,卖盘
2563,13:25:00,25.1,0.02,12,30120,买盘
2564,13:25:03,25.08,-0.02,31,77771,中性盘
2565,13:25:06,25.09,0.01,10,25095,中性盘
2566,13:25:09,25.09,0.0,9,22581,买盘
2567,13:25:12,25.1,0.01,59,148043,买盘
2568,13:25:18,25.1,0.0,61,153110,卖盘
2569,13:25:21,25.11,0.01,14,35154,买盘
2570,13:25:27,25.12,0.01,83,208409,买盘
2571,13:25:30,25.12,0.0,17,42704,卖盘
2572,13:25:36,25.13,0.01,7,17591,买盘
2573,13:25:42,25.15,0.02,5,12575,买盘
2574,13:25:45,25.15,0.0,76,191035,买盘
2575,13:25:48,25.15,0.0,2,5030,卖盘
2576,13:25:54,25.16,0.01,6,15096,买盘
2577,13:25:57,25.16,0.0,13,32710,买盘
2578,13:26:04,25.16,0.0,5,12580,卖盘
2579,13:26:06,25.17,0.01,13,32710,买盘
2580,13:26:09,25.17,0.0,22,55374,买盘
2581,13:26:15,25.18,0.01,27,67976,买盘
2582,13:26:21,25.18,0.0,4,10072,买盘
2583,13:26:24,25.18,0.0,51,128418,买盘
2584,13:26:27,25.18,0.0,11,27698,卖盘
2585,13:26:33,25.18,0.0,348,876787,卖盘
2586,13:26:37,25.2,0.02,8,20160,买盘
2587,13:26:40,25.18,-0.02,19,47851,卖盘
2588,13:26:42,25.2,0.02,73,183632,买盘
2589,13:26:45,25.2,0.0,6,15120,卖盘
2590,13:26:51,25.2,0.0,29,73090,卖盘
2591,13:26:54,25.2,0.0,110,277200,卖盘
2592,13:26:57,25.25,0.05,5,12625,买盘
2593,13:27:00,25.2,-0.05,41,103336,卖盘
2594,13:27:03,25.24,0.04,46,116104,买盘
2595,13:27:09,25.24,0.0,50,126217,卖盘
2596,13:27:12,25.22,-0.02,22,55533,卖盘
2597,13:27:15,25.22,0.0,10,25220,卖盘
2598,13:27:18,25.25,0.03,43,108544,买盘
2599,13:27:21,25.24,-0.01,13,32810,买盘
2600,13:27:24,25.22,-0.02,101,254750,卖盘
2601,13:27:27,25.25,0.03,8,20193,买盘
2602,13:27:30,25.25,0.0,72,181800,买盘
2603,13:27:34,25.25,0.0,56,141400,卖盘
2604,13:27:36,25.25,0.0,2,5050,卖盘
2605,13:27:39,25.26,0.01,26,65676,买盘
2606,13:27:42,25.26,0.0,7,17682,卖盘
2607,13:27:45,25.25,-0.01,232,585828,卖盘
2608,13:27:51,25.26,0.01,36,90936,买盘
2609,13:27:54,25.27,0.01,35,88411,买盘
2610,13:27:57,25.27,0.0,14,35378,买盘
2611,13:28:00,25.26,-0.01,42,106092,卖盘
2612,13:28:04,25.26,0.0,5,12630,卖盘
2613,13:28:06,25.26,0.0,10,25260,卖盘
2614,13:28:09,25.26,0.0,6,15160,卖盘
2615,13:28:12,25.26,0.0,32,80832,卖盘
2616,13:28:15,25.25,-0.01,117,295427,卖盘
2617,13:28:18,25.25,0.0,14,35350,卖盘
2618,13:28:21,25.25,0.0,4,10100,买盘
2619,13:28:24,25.23,-0.02,10,25235,卖盘
2620,13:28:27,25.24,0.01,29,73198,买盘
2621,13:28:33,25.22,-0.02,3,7566,买盘
2622,13:28:36,25.21,-0.01,2,5042,卖盘
2623,13:28:39,25.22,0.01,10,25212,买盘
2624,13:28:42,25.22,0.0,6,15129,买盘
2625,13:28:45,25.21,-0.01,8,20168,卖盘
2626,13:28:51,25.21,0.0,12,30252,卖盘
2627,13:28:54,25.21,0.0,14,35294,卖盘
2628,13:28:58,25.2,-0.01,3,7560,卖盘
2629,13:29:01,25.2,0.0,22,55443,卖盘
2630,13:29:06,25.2,0.0,76,191520,卖盘
2631,13:29:09,25.21,0.01,9,22681,买盘
2632,13:29:12,25.2,-0.01,73,183960,卖盘
2633,13:29:15,25.2,0.0,44,110880,卖盘
2634,13:29:18,25.21,0.01,55,138602,买盘
2635,13:29:21,25.19,-0.02,158,398481,卖盘
2636,13:29:27,25.19,0.0,27,67991,买盘
2637,13:29:30,25.18,-0.01,51,128419,卖盘
2638,13:29:33,25.18,0.0,10,25180,卖盘
2639,13:29:39,25.18,0.0,21,52878,卖盘
2640,13:29:42,25.17,-0.01,9,22653,卖盘
2641,13:29:45,25.17,0.0,2,5034,买盘
2642,13:29:48,25.16,-0.01,5,12580,卖盘
2643,13:29:51,25.17,0.01,59,148500,买盘
2644,13:29:57,25.17,0.0,4,10068,卖盘
2645,13:30:04,25.17,0.0,1,2517,中性盘
2646,13:30:12,25.16,-0.01,6,15098,卖盘
2647,13:30:15,25.16,0.0,4,10067,卖盘
2648,13:30:18,25.16,0.0,15,37750,卖盘
2649,13:30:21,25.16,0.0,43,108188,卖盘
2650,13:30:24,25.16,0.0,36,90576,卖盘
2651,13:30:28,25.16,0.0,33,83018,卖盘
2652,13:30:33,25.15,-0.01,42,105632,卖盘
2653,13:30:36,25.15,0.0,10,25150,买盘
2654,13:30:39,25.14,-0.01,17,42731,卖盘
2655,13:30:42,25.13,-0.01,11,27643,卖盘
2656,13:30:45,25.12,-0.01,9,22610,卖盘
2657,13:30:48,25.1,-0.02,28,70290,卖盘
2658,13:30:51,25.1,0.0,23,57730,卖盘
2659,13:30:54,25.09,-0.01,17,42653,卖盘
2660,13:30:57,25.08,-0.01,9,22572,卖盘
2661,13:31:00,25.08,0.0,1,2508,卖盘
2662,13:31:04,25.07,-0.01,3,7522,卖盘
2663,13:31:06,25.05,-0.02,14,35077,卖盘
2664,13:31:09,25.05,0.0,47,117765,卖盘
2665,13:31:13,25.06,0.01,69,172870,买盘
2666,13:31:15,25.06,0.0,52,130315,卖盘
2667,13:31:18,25.06,0.0,13,32584,卖盘
2668,13:31:21,25.08,0.02,71,178032,买盘
2669,13:31:24,25.05,-0.03,19,47604,卖盘
2670,13:31:27,25.06,0.01,13,32578,中性盘
2671,13:31:30,25.08,0.02,45,112746,买盘
2672,13:31:33,25.08,0.0,15,37600,卖盘
2673,13:31:36,25.05,-0.03,34,85185,卖盘
2674,13:31:39,25.08,0.03,57,142956,买盘
2675,13:31:42,25.08,0.0,9,22572,买盘
2676,13:31:45,25.08,0.0,17,42617,买盘
2677,13:31:48,25.08,0.0,14,35085,买盘
2678,13:31:54,25.07,-0.01,5,12535,买盘
2679,13:31:57,25.06,-0.01,6,15036,卖盘
2680,13:32:00,25.06,0.0,1,2506,买盘
2681,13:32:03,25.07,0.01,7,17543,买盘
2682,13:32:09,25.06,-0.01,3,7518,买盘
2683,13:32:15,25.06,0.0,10,25056,买盘
2684,13:32:18,25.06,0.0,44,110231,买盘
2685,13:32:21,25.06,0.0,8,20048,买盘
2686,13:32:24,25.06,0.0,22,55113,卖盘
2687,13:32:27,25.06,0.0,7,17542,卖盘
2688,13:32:30,25.05,-0.01,50,125252,卖盘
2689,13:32:33,25.05,0.0,12,30070,卖盘
2690,13:32:39,25.03,-0.02,285,713757,卖盘
2691,13:32:42,25.03,0.0,57,142606,买盘
2692,13:32:45,25.01,-0.02,35,87535,卖盘
2693,13:32:48,25.03,0.02,274,685822,买盘
2694,13:32:51,25.04,0.01,31,77595,买盘
2695,13:32:54,25.03,-0.01,74,185232,卖盘
2696,13:32:57,25.03,0.0,10,25105,卖盘
2697,13:33:00,25.04,0.01,16,40064,买盘
2698,13:33:04,25.04,0.0,6,15024,买盘
2699,13:33:06,25.04,0.0,15,37560,买盘
2700,13:33:09,25.0,-0.04,1239,3099419,卖盘
2701,13:33:12,25.0,0.0,230,575162,卖盘
2702,13:33:15,25.0,0.0,4,10006,卖盘
2703,13:33:18,25.0,0.0,10,25000,卖盘
2704,13:33:24,25.04,0.04,25,62561,买盘
2705,13:33:27,25.04,0.0,9,22536,卖盘
2706,13:33:30,25.04,0.0,2,5008,卖盘
2707,13:33:33,25.05,0.01,4,10019,买盘
2708,13:33:36,25.04,-0.01,17,42569,卖盘
2709,13:33:39,25.04,0.0,50,125200,卖盘
2710,13:33:42,25.05,0.01,13,32562,买盘
2711,13:33:45,25.05,0.0,139,348195,买盘
2712,13:33:48,25.05,0.0,9,22545,卖盘
2713,13:33:51,25.06,0.01,10,25051,买盘
2714,13:33:55,25.05,-0.01,117,293004,卖盘
2715,13:34:04,25.06,0.01,5,12530,买盘
2716,13:34:06,25.06,0.0,18,45106,买盘
2717,13:34:09,25.06,0.0,5,12530,买盘
2718,13:34:12,25.06,0.0,60,150360,买盘
2719,13:34:15,25.07,0.01,43,107801,买盘
2720,13:34:18,25.07,0.0,17,42619,卖盘
2721,13:34:21,25.08,0.01,20,50160,买盘
2722,13:34:28,25.08,0.0,10,25080,买盘
2723,13:34:30,25.08,0.0,4,10032,买盘
2724,13:34:33,25.08,0.0,10,25080,买盘
2725,13:34:39,25.08,0.0,35,87750,买盘
2726,13:34:42,25.08,0.0,1,2508,卖盘
2727,13:34:46,25.08,0.0,5,12540,卖盘
2728,13:34:49,25.08,0.0,3,7524,卖盘
2729,13:34:51,25.1,0.02,186,466675,买盘
2730,13:34:54,25.08,-0.02,5,12540,中性盘
2731,13:35:00,25.08,0.0,28,70264,卖盘
2732,13:35:04,25.1,0.02,250,627353,买盘
