,time,price,change,volume,amount,type
0,09:25:04,6.98,-0.09,791,552118,卖盘
1,09:30:04,6.97,-0.01,1390,968454,卖盘
2,09:30:06,6.97,0.0,204,142024,买盘
3,09:30:10,6.96,-0.01,4,2784,卖盘
4,09:30:13,6.97,0.01,58,40414,买盘
5,09:30:15,6.98,0.01,94,65473,买盘
6,09:30:18,6.98,0.0,48,33490,买盘
7,09:30:22,6.98,0.0,29,20241,买盘
8,09:30:25,6.96,-0.02,356,248450,卖盘
9,09:30:31,6.96,0.0,14,9744,卖盘
10,09:30:34,6.96,0.0,235,163580,卖盘
11,09:30:36,6.96,0.0,17,11837,卖盘
12,09:30:40,6.96,0.0,118,82128,卖盘
13,09:30:43,6.97,0.01,64,44555,买盘
14,09:30:46,6.96,-0.01,116,80745,卖盘
15,09:30:49,6.95,-0.01,328,228050,卖盘
16,09:30:52,6.97,0.02,20,13923,买盘
17,09:30:55,6.96,-0.01,101,70297,卖盘
18,09:30:58,6.96,0.0,97,67532,卖盘
19,09:31:00,6.96,0.0,27,18792,卖盘
20,09:31:07,6.97,0.01,43,29970,买盘
21,09:31:10,6.96,-0.01,75,52269,卖盘
22,09:31:13,6.96,0.0,422,293846,卖盘
23,09:31:16,6.98,0.02,73,50821,买盘
24,09:31:18,6.97,-0.01,33,23001,卖盘
25,09:31:22,6.98,0.01,1583,1104854,买盘
26,09:31:24,6.98,0.0,81,56541,卖盘
27,09:31:27,6.98,0.0,12,8386,卖盘
28,09:31:30,6.99,0.01,22,15373,买盘
29,09:31:34,6.99,0.0,86,60054,买盘
30,09:31:37,6.98,-0.01,23,16074,卖盘
31,09:31:39,6.99,0.01,151,105483,买盘
32,09:31:42,6.98,-0.01,50,34900,中性盘
33,09:31:45,6.99,0.01,818,572175,买盘
34,09:31:49,6.99,0.0,1017,708754,卖盘
35,09:31:52,6.99,0.0,30,20970,卖盘
36,09:31:54,6.99,0.0,113,79090,卖盘
37,09:31:57,7.0,0.01,34,23800,买盘
38,09:32:01,7.0,0.0,35,24470,买盘
39,09:32:04,7.0,0.0,150,104911,买盘
40,09:32:07,7.0,0.0,57,39875,买盘
41,09:32:10,6.98,-0.02,43,30096,卖盘
42,09:32:12,6.98,0.0,95,66367,卖盘
43,09:32:15,6.98,0.0,51,35598,买盘
44,09:32:19,6.99,0.01,5,3491,买盘
45,09:32:22,6.99,0.0,248,173339,买盘
46,09:32:24,6.98,-0.01,14,9772,卖盘
47,09:32:27,6.98,0.0,173,120837,卖盘
48,09:32:31,6.98,0.0,2,1396,买盘
49,09:32:34,6.98,0.0,171,119319,买盘
50,09:32:37,6.98,0.0,131,91377,买盘
51,09:32:39,6.98,0.0,196,136668,买盘
52,09:32:43,6.98,0.0,137,95500,买盘
53,09:32:46,6.97,-0.01,94,65582,卖盘
54,09:32:49,6.97,0.0,162,113014,卖盘
55,09:32:51,6.98,0.01,172,120000,买盘
56,09:32:54,6.97,-0.01,96,66862,卖盘
57,09:32:58,6.98,0.01,196,136685,买盘
58,09:33:01,6.98,0.0,98,68404,卖盘
59,09:33:04,6.97,-0.01,642,448060,卖盘
60,09:33:06,6.97,0.0,175,121975,买盘
61,09:33:09,6.97,0.0,32,22304,买盘
62,09:33:12,6.97,0.0,104,72441,买盘
63,09:33:16,6.97,0.0,229,159459,买盘
64,09:33:19,6.96,-0.01,60,41817,卖盘
65,09:33:22,6.96,0.0,201,139896,卖盘
66,09:33:24,6.97,0.01,73,50870,买盘
67,09:33:28,6.98,0.01,244,170050,买盘
68,09:33:30,6.98,0.0,25,17450,卖盘
69,09:33:34,6.98,0.0,7,4886,卖盘
70,09:33:37,6.98,0.0,72,50271,卖盘
71,09:33:40,6.99,0.01,21,14679,买盘
72,09:33:43,6.98,-0.01,235,164098,卖盘
73,09:33:46,6.99,0.01,12,8388,买盘
74,09:33:49,6.99,0.0,27,18868,卖盘
75,09:33:52,6.99,0.0,16,11184,买盘
76,09:33:54,6.99,0.0,186,129872,买盘
77,09:33:57,6.99,0.0,115,80385,卖盘
78,09:34:01,7.01,0.02,284,198753,买盘
79,09:34:06,7.01,0.0,6,4206,买盘
80,09:34:10,7.02,0.01,98,68708,买盘
81,09:34:13,7.0,-0.02,36,25226,卖盘
82,09:34:16,7.0,0.0,92,64417,卖盘
83,09:34:18,7.01,0.01,66,46244,买盘
84,09:34:21,7.01,0.0,47,32916,买盘
85,09:34:25,7.0,-0.01,1,700,卖盘
86,09:34:28,7.01,0.01,20,14007,买盘
87,09:34:30,7.01,0.0,146,102346,买盘
88,09:34:34,7.01,0.0,119,83303,买盘
89,09:34:37,7.01,0.0,201,140901,买盘
90,09:34:39,7.02,0.01,116,81286,买盘
91,09:34:42,7.01,-0.01,59,41361,中性盘
92,09:34:45,7.02,0.01,12,8422,买盘
93,09:34:48,7.01,-0.01,29,20335,卖盘
94,09:34:52,7.01,0.0,121,84801,卖盘
95,09:34:55,7.01,0.0,5,3505,买盘
96,09:34:58,7.01,0.0,20,14020,买盘
97,09:35:01,7.0,-0.01,161,112733,卖盘
98,09:35:04,7.0,0.0,38,26636,卖盘
99,09:35:06,7.01,0.01,492,344431,买盘
100,09:35:09,7.01,0.0,45,31523,买盘
101,09:35:12,7.01,0.0,220,154115,买盘
102,09:35:16,7.0,-0.01,337,235876,卖盘
103,09:35:19,6.99,-0.01,16,11199,卖盘
104,09:35:21,7.0,0.01,83,58100,买盘
105,09:35:24,6.99,-0.01,29,20274,卖盘
106,09:35:27,6.99,0.0,67,46853,卖盘
107,09:35:31,6.99,0.0,57,39843,卖盘
108,09:35:34,7.0,0.01,63,44049,买盘
109,09:35:36,6.99,-0.01,80,55980,卖盘
110,09:35:40,6.99,0.0,48,33555,卖盘
111,09:35:42,6.99,0.0,38,26562,买盘
112,09:35:46,6.98,-0.01,65,45412,卖盘
113,09:35:49,6.98,0.0,7,4886,卖盘
114,09:35:52,6.98,0.0,137,95751,卖盘
115,09:35:54,7.0,0.02,6,4198,买盘
116,09:35:57,6.99,-0.01,58,40542,卖盘
117,09:36:01,7.0,0.01,108,75595,买盘
118,09:36:04,6.99,-0.01,49,34273,卖盘
119,09:36:07,7.0,0.01,11,7700,买盘
120,09:36:09,7.0,0.0,114,79790,买盘
121,09:36:13,7.0,0.0,116,81100,卖盘
122,09:36:16,7.0,0.0,46,32200,买盘
123,09:36:19,7.0,0.0,101,70699,买盘
124,09:36:22,7.0,0.0,66,46200,买盘
125,09:36:25,7.01,0.01,213,149065,买盘
126,09:36:27,7.01,0.0,323,226413,买盘
127,09:36:30,7.01,0.0,98,68698,买盘
128,09:36:33,7.0,-0.01,399,279220,卖盘
129,09:36:37,7.01,0.01,27,18915,买盘
130,09:36:43,7.0,-0.01,55,38500,卖盘
131,09:36:46,7.01,0.01,28,19628,买盘
132,09:36:52,7.01,0.0,78,54630,卖盘
133,09:36:54,7.01,0.0,39,27377,卖盘
134,09:36:57,7.02,0.01,29,20358,买盘
135,09:37:00,7.02,0.0,37,25964,买盘
136,09:37:04,7.02,0.0,176,123417,买盘
137,09:37:06,7.02,0.0,178,124956,买盘
138,09:37:09,7.02,0.0,44,30857,买盘
139,09:37:12,7.01,-0.01,43,30184,卖盘
140,09:37:15,7.02,0.01,5,3510,买盘
141,09:37:19,7.02,0.0,20,14040,买盘
142,09:37:22,7.02,0.0,46,32289,买盘
143,09:37:25,7.01,-0.01,10,7013,卖盘
144,09:37:27,7.01,0.0,191,133911,卖盘
145,09:37:30,7.01,0.0,17,11917,卖盘
146,09:37:33,7.02,0.01,190,133400,买盘
147,09:37:36,7.02,0.0,10,7020,卖盘
148,09:37:39,7.02,0.0,120,84240,卖盘
149,09:37:42,7.02,0.0,165,115937,卖盘
150,09:37:45,7.03,0.01,20,14042,买盘
151,09:37:49,7.03,0.0,6,4218,买盘
152,09:37:51,7.03,0.0,128,89984,买盘
153,09:37:55,7.04,0.01,112,78736,买盘
154,09:37:57,7.03,-0.01,100,70300,卖盘
155,09:38:00,7.04,0.01,27,19008,买盘
156,09:38:04,7.03,-0.01,4,2812,卖盘
157,09:38:09,7.04,0.01,25,17589,买盘
158,09:38:13,7.04,0.0,13,9152,买盘
159,09:38:18,7.04,0.0,175,123200,买盘
160,09:38:21,7.04,0.0,92,64768,买盘
161,09:38:25,7.04,0.0,56,39424,买盘
162,09:38:27,7.04,0.0,10,7040,卖盘
163,09:38:30,7.04,0.0,200,140791,卖盘
164,09:38:33,7.04,0.0,90,63360,买盘
165,09:38:36,7.04,0.0,433,304810,买盘
166,09:38:40,7.03,-0.01,84,59054,卖盘
167,09:38:46,7.03,0.0,335,235515,卖盘
168,09:38:49,7.04,0.01,131,92094,买盘
169,09:38:52,7.04,0.0,152,106986,买盘
170,09:38:54,7.03,-0.01,121,85163,卖盘
171,09:38:57,7.04,0.01,66,46420,买盘
172,09:39:00,7.04,0.0,5,3520,买盘
173,09:39:04,7.03,-0.01,224,157307,卖盘
174,09:39:06,7.03,0.0,71,49933,卖盘
175,09:39:09,7.03,0.0,63,44294,卖盘
176,09:39:12,7.03,0.0,65,45673,买盘
177,09:39:15,7.03,0.0,40,28120,买盘
178,09:39:18,7.02,-0.01,49,34442,卖盘
179,09:39:21,7.03,0.01,9,6326,买盘
180,09:39:24,7.02,-0.01,132,92676,卖盘
181,09:39:27,7.03,0.01,203,142709,买盘
182,09:39:31,7.03,0.0,97,68191,卖盘
183,09:39:33,7.03,0.0,114,80054,买盘
184,09:39:36,7.03,0.0,209,146832,买盘
185,09:39:39,7.02,-0.01,20,14057,卖盘
186,09:39:42,7.02,0.0,26,18257,卖盘
187,09:39:45,7.03,0.01,141,99072,买盘
188,09:39:48,7.03,0.0,5,3515,买盘
189,09:39:51,7.03,0.0,84,59026,买盘
190,09:39:54,7.02,-0.01,104,73008,卖盘
191,09:40:03,7.02,0.0,3,2106,买盘
192,09:40:06,7.01,-0.01,35,24540,卖盘
193,09:40:10,7.02,0.01,186,130392,买盘
194,09:40:12,7.01,-0.01,102,71502,卖盘
195,09:40:15,7.01,0.0,91,63819,卖盘
196,09:40:18,7.01,0.0,26,18226,买盘
197,09:40:21,7.0,-0.01,536,375208,卖盘
198,09:40:24,7.0,0.0,49,34312,卖盘
199,09:40:27,7.0,0.0,37,25901,卖盘
200,09:40:30,7.0,0.0,30,21000,卖盘
201,09:40:33,7.0,0.0,44,30808,卖盘
202,09:40:36,7.0,0.0,10,7000,买盘
203,09:40:39,7.0,0.0,108,75600,买盘
204,09:40:42,7.0,0.0,31,21699,买盘
205,09:40:45,7.0,0.0,2,1400,买盘
206,09:40:48,7.0,0.0,9,6300,买盘
207,09:40:51,6.99,-0.01,32,22368,卖盘
208,09:40:54,6.99,0.0,20,13980,卖盘
209,09:40:58,7.0,0.01,19,13300,买盘
210,09:41:00,7.0,0.0,33,23070,买盘
211,09:41:03,7.0,0.0,237,165673,买盘
212,09:41:07,6.99,-0.01,97,67888,卖盘
213,09:41:12,7.0,0.01,354,247800,买盘
214,09:41:15,7.0,0.0,98,68600,卖盘
215,09:41:18,7.0,0.0,121,84700,买盘
216,09:41:25,7.01,0.01,65,45537,买盘
217,09:41:28,7.0,-0.01,13,9100,卖盘
218,09:41:30,7.0,0.0,90,63000,卖盘
219,09:41:40,7.0,0.0,40,28030,卖盘
220,09:41:42,7.01,0.01,2,1402,买盘
221,09:41:45,7.0,-0.01,48,33600,卖盘
222,09:41:48,7.01,0.01,5,3505,买盘
223,09:41:51,7.0,-0.01,120,84010,卖盘
224,09:41:54,7.01,0.01,132,92532,买盘
225,09:41:58,7.01,0.0,9,6309,卖盘
226,09:42:01,7.0,-0.01,477,333920,卖盘
227,09:42:04,7.0,0.0,64,44820,卖盘
228,09:42:07,7.0,0.0,23,16100,卖盘
229,09:42:09,7.0,0.0,49,34300,卖盘
230,09:42:13,7.0,0.0,77,53920,卖盘
231,09:42:15,7.0,0.0,64,44800,卖盘
232,09:42:18,7.0,0.0,37,25900,买盘
233,09:42:22,7.0,0.0,65,45500,买盘
234,09:42:24,7.0,0.0,12,8400,买盘
235,09:42:27,6.99,-0.01,120,83880,卖盘
236,09:42:31,6.99,0.0,54,37781,卖盘
237,09:42:33,7.0,0.01,253,176897,买盘
238,09:42:37,7.0,0.0,31,21680,买盘
239,09:42:40,6.99,-0.01,88,61532,卖盘
240,09:42:42,6.99,0.0,48,33552,卖盘
241,09:42:45,6.99,0.0,4,2796,买盘
242,09:42:52,6.98,-0.01,41,28618,卖盘
243,09:42:55,6.98,0.0,32,22336,卖盘
244,09:42:57,6.98,0.0,46,32120,卖盘
245,09:43:00,6.98,0.0,149,104002,卖盘
246,09:43:04,6.98,0.0,71,49558,卖盘
247,09:43:06,6.99,0.01,538,375690,买盘
248,09:43:09,6.98,-0.01,67,46768,卖盘
249,09:43:12,6.99,0.01,204,142566,买盘
250,09:43:16,6.98,-0.01,80,55840,卖盘
251,09:43:18,6.99,0.01,63,44037,买盘
252,09:43:21,6.98,-0.01,14,9772,卖盘
253,09:43:24,6.98,0.0,15,10475,卖盘
254,09:43:28,6.99,0.01,60,41938,买盘
255,09:43:30,6.99,0.0,8,5592,卖盘
256,09:43:34,6.99,0.0,1,699,卖盘
257,09:43:37,6.98,-0.01,28,19557,卖盘
258,09:43:40,6.99,0.01,5,3495,买盘
259,09:43:43,6.99,0.0,16,11170,买盘
260,09:43:46,6.99,0.0,54,37731,买盘
261,09:43:48,6.99,0.0,4,2796,卖盘
262,09:43:51,7.0,0.01,89,62216,买盘
263,09:43:54,7.0,0.0,23,16097,买盘
264,09:44:00,7.0,0.0,116,81199,买盘
265,09:44:04,6.99,-0.01,82,57318,卖盘
266,09:44:07,6.99,0.0,68,47532,买盘
267,09:44:09,6.99,0.0,26,18174,买盘
268,09:44:12,7.0,0.01,355,248469,买盘
269,09:44:15,6.99,-0.01,272,190322,卖盘
270,09:44:19,6.99,0.0,28,19572,买盘
271,09:44:21,7.01,0.02,8,5608,买盘
272,09:44:27,7.0,-0.01,20,14000,卖盘
273,09:44:30,7.01,0.01,20,14020,买盘
274,09:44:33,7.01,0.0,56,39255,买盘
275,09:44:37,7.0,-0.01,10,7000,卖盘
276,09:44:40,7.01,0.01,135,94635,买盘
277,09:44:43,7.01,0.0,30,21030,卖盘
278,09:44:45,7.01,0.0,18,12618,卖盘
279,09:44:48,7.02,0.01,40,28060,买盘
280,09:44:54,7.01,-0.01,35,24565,卖盘
281,09:44:57,7.01,0.0,81,56840,卖盘
282,09:45:00,7.02,0.01,165,115823,买盘
283,09:45:04,7.02,0.0,23,16146,买盘
284,09:45:13,7.02,0.0,5,3510,卖盘
285,09:45:15,7.03,0.01,43,30219,买盘
286,09:45:18,7.03,0.0,8,5624,买盘
287,09:45:21,7.03,0.0,18,12647,买盘
288,09:45:24,7.03,0.0,24,16872,买盘
289,09:45:27,7.03,0.0,273,191919,买盘
290,09:45:30,7.03,0.0,91,63973,卖盘
291,09:45:33,7.03,0.0,36,25308,卖盘
292,09:45:36,7.03,0.0,44,30946,卖盘
293,09:45:39,7.03,0.0,108,75926,卖盘
294,09:45:42,7.04,0.01,52,36583,买盘
295,09:45:45,7.04,0.0,30,21120,买盘
296,09:45:48,7.03,-0.01,141,99243,卖盘
297,09:45:52,7.03,0.0,303,213187,卖盘
298,09:45:54,7.03,0.0,99,69602,卖盘
299,09:45:57,7.04,0.01,252,177369,买盘
300,09:46:00,7.04,0.0,57,40180,卖盘
301,09:46:04,7.04,0.0,74,52096,卖盘
302,09:46:06,7.05,0.01,62,43710,买盘
303,09:46:09,7.04,-0.01,55,38720,卖盘
304,09:46:12,7.05,0.01,14,9870,买盘
305,09:46:15,7.05,0.0,2,1410,买盘
306,09:46:18,7.05,0.0,115,81075,买盘
307,09:46:21,7.05,0.0,19,13395,买盘
308,09:46:24,7.06,0.01,275,194145,买盘
309,09:46:27,7.06,0.0,15,10590,卖盘
310,09:46:30,7.07,0.01,36,25452,买盘
311,09:46:33,7.07,0.0,136,96118,买盘
312,09:46:37,7.07,0.0,129,91235,买盘
313,09:46:40,7.07,0.0,23,16281,卖盘
314,09:46:43,7.08,0.01,61,43158,买盘
315,09:46:45,7.08,0.0,40,28320,买盘
316,09:46:48,7.08,0.0,82,58056,买盘
317,09:46:51,7.08,0.0,164,115982,买盘
318,09:46:54,7.09,0.01,280,198286,买盘
319,09:46:57,7.1,0.01,310,219769,买盘
320,09:47:01,7.09,-0.01,89,63124,中性盘
321,09:47:04,7.1,0.01,389,276196,买盘
322,09:47:06,7.12,0.02,534,379741,买盘
323,09:47:09,7.13,0.01,26,18528,买盘
324,09:47:12,7.13,0.0,198,141220,买盘
325,09:47:15,7.13,0.0,32,22814,卖盘
326,09:47:19,7.13,0.0,87,62011,卖盘
327,09:47:22,7.12,-0.01,565,402909,卖盘
328,09:47:24,7.15,0.03,624,445472,买盘
329,09:47:28,7.14,-0.01,354,252540,卖盘
330,09:47:30,7.15,0.01,469,334968,买盘
331,09:47:34,7.12,-0.03,246,175435,卖盘
332,09:47:36,7.14,0.02,858,611912,买盘
333,09:47:39,7.14,0.0,470,335483,买盘
334,09:47:43,7.15,0.01,276,197254,买盘
335,09:47:46,7.15,0.0,899,642494,买盘
336,09:47:48,7.15,0.0,255,182361,卖盘
337,09:47:51,7.15,0.0,321,229583,卖盘
338,09:47:54,7.16,0.01,806,575827,买盘
339,09:47:57,7.14,-0.02,305,217744,卖盘
340,09:48:00,7.14,0.0,655,468073,卖盘
341,09:48:04,7.15,0.01,367,262256,买盘
342,09:48:06,7.15,0.0,139,99289,买盘
343,09:48:09,7.15,0.0,253,180664,买盘
344,09:48:13,7.15,0.0,332,237112,买盘
345,09:48:16,7.15,0.0,574,409441,买盘
346,09:48:19,7.11,-0.04,851,607586,卖盘
347,09:48:21,7.14,0.03,212,151169,买盘
348,09:48:24,7.14,0.0,520,371070,买盘
349,09:48:27,7.14,0.0,101,72020,买盘
350,09:48:30,7.11,-0.03,469,334067,卖盘
351,09:48:33,7.14,0.03,396,282506,买盘
352,09:48:37,7.13,-0.01,216,154123,卖盘
353,09:48:39,7.12,-0.01,105,74836,卖盘
354,09:48:43,7.13,0.01,565,402654,买盘
355,09:48:46,7.13,0.0,227,161862,卖盘
356,09:48:48,7.13,0.0,137,97681,卖盘
357,09:48:51,7.13,0.0,425,303321,卖盘
358,09:48:54,7.13,0.0,157,111926,买盘
359,09:48:57,7.14,0.01,1041,743057,买盘
360,09:49:00,7.14,0.0,190,135664,卖盘
361,09:49:04,7.13,-0.01,405,289074,卖盘
362,09:49:06,7.14,0.01,398,283933,买盘
363,09:49:09,7.14,0.0,238,169947,卖盘
364,09:49:12,7.13,-0.01,93,66315,卖盘
365,09:49:15,7.12,-0.01,287,204301,卖盘
366,09:49:18,7.13,0.01,373,265529,买盘
367,09:49:21,7.13,0.0,124,88422,卖盘
368,09:49:24,7.13,0.0,75,53482,卖盘
369,09:49:27,7.13,0.0,104,74103,卖盘
370,09:49:30,7.13,0.0,210,149733,买盘
371,09:49:33,7.12,-0.01,527,375737,卖盘
372,09:49:36,7.13,0.01,26,18515,买盘
373,09:49:40,7.11,-0.02,139,98889,卖盘
374,09:49:43,7.12,0.01,221,157269,买盘
375,09:49:45,7.11,-0.01,130,92509,卖盘
376,09:49:48,7.12,0.01,98,69752,中性盘
377,09:49:51,7.11,-0.01,148,105329,卖盘
378,09:49:54,7.12,0.01,120,85445,中性盘
379,09:49:57,7.11,-0.01,141,100275,卖盘
380,09:50:00,7.12,0.01,77,54785,买盘
381,09:50:03,7.11,-0.01,99,70398,卖盘
382,09:50:06,7.12,0.01,210,149383,买盘
383,09:50:09,7.12,0.0,60,42673,买盘
384,09:50:12,7.12,0.0,82,58338,买盘
385,09:50:16,7.12,0.0,549,390762,买盘
386,09:50:19,7.12,0.0,44,31352,卖盘
387,09:50:21,7.13,0.01,5,3565,买盘
388,09:50:24,7.12,-0.01,141,100474,卖盘
389,09:50:27,7.13,0.01,854,608692,买盘
390,09:50:30,7.12,-0.01,153,109065,卖盘
391,09:50:33,7.14,0.02,54,38531,买盘
392,09:50:36,7.14,0.0,10,7136,买盘
393,09:50:39,7.14,0.0,738,526814,买盘
394,09:50:42,7.13,-0.01,205,146239,卖盘
395,09:50:45,7.14,0.01,198,141372,买盘
396,09:50:49,7.15,0.01,77,55027,买盘
397,09:50:52,7.14,-0.01,83,59274,卖盘
398,09:50:54,7.15,0.01,414,296003,买盘
399,09:50:57,7.15,0.0,564,403230,买盘
400,09:51:00,7.15,0.0,395,282425,买盘
401,09:51:03,7.14,-0.01,1442,1030350,卖盘
402,09:51:06,7.15,0.01,201,143678,买盘
403,09:51:10,7.15,0.0,109,77935,卖盘
404,09:51:13,7.14,-0.01,412,294729,卖盘
405,09:51:15,7.15,0.01,685,489584,买盘
406,09:51:19,7.14,-0.01,104,74269,卖盘
407,09:51:21,7.15,0.01,156,111524,买盘
408,09:51:25,7.15,0.0,74,52858,买盘
409,09:51:27,7.15,0.0,350,250097,买盘
410,09:51:30,7.15,0.0,264,188695,买盘
411,09:51:33,7.13,-0.02,704,502648,卖盘
412,09:51:36,7.14,0.01,183,130662,买盘
413,09:51:40,7.13,-0.01,57,40693,卖盘
414,09:51:43,7.14,0.01,171,121984,买盘
415,09:51:45,7.14,0.0,131,93508,买盘
416,09:51:48,7.14,0.0,62,44233,买盘
417,09:51:51,7.14,0.0,84,59927,买盘
418,09:51:54,7.13,-0.01,66,47058,买盘
419,09:51:57,7.13,0.0,75,53454,卖盘
420,09:52:00,7.13,0.0,374,266646,买盘
421,09:52:04,7.12,-0.01,179,127571,卖盘
422,09:52:06,7.12,0.0,448,319013,卖盘
423,09:52:10,7.11,-0.01,105,74755,卖盘
424,09:52:12,7.11,0.0,84,59798,卖盘
425,09:52:15,7.12,0.01,63,44850,买盘
426,09:52:18,7.11,-0.01,225,160170,卖盘
427,09:52:21,7.11,0.0,110,78264,卖盘
428,09:52:24,7.11,0.0,261,185604,卖盘
429,09:52:27,7.11,0.0,119,84609,卖盘
430,09:52:30,7.11,0.0,85,60437,卖盘
431,09:52:33,7.11,0.0,49,34839,买盘
432,09:52:36,7.11,0.0,43,30573,买盘
433,09:52:40,7.11,0.0,154,109376,买盘
434,09:52:42,7.11,0.0,137,97407,卖盘
435,09:52:45,7.12,0.01,599,426440,买盘
436,09:52:48,7.12,0.0,104,74048,卖盘
437,09:52:51,7.12,0.0,32,22784,卖盘
438,09:52:54,7.13,0.01,24,17111,买盘
439,09:52:58,7.12,-0.01,77,54859,卖盘
440,09:53:01,7.12,0.0,9,6408,卖盘
441,09:53:04,7.12,0.0,65,46280,卖盘
442,09:53:06,7.12,0.0,89,63408,卖盘
443,09:53:09,7.12,0.0,119,84790,卖盘
444,09:53:12,7.13,0.01,70,49910,买盘
445,09:53:15,7.13,0.0,106,75563,买盘
446,09:53:18,7.12,-0.01,37,26344,卖盘
447,09:53:21,7.13,0.01,99,70583,买盘
448,09:53:24,7.13,0.0,52,37076,买盘
449,09:53:27,7.13,0.0,35,24950,买盘
450,09:53:30,7.13,0.0,147,104811,买盘
451,09:53:33,7.13,0.0,59,42067,卖盘
452,09:53:36,7.13,0.0,84,59892,卖盘
453,09:53:40,7.14,0.01,112,79863,买盘
454,09:53:42,7.13,-0.01,68,48490,卖盘
455,09:53:45,7.14,0.01,68,48527,买盘
456,09:53:48,7.13,-0.01,73,52049,卖盘
457,09:53:52,7.14,0.01,196,139913,买盘
458,09:53:55,7.13,-0.01,134,95642,卖盘
459,09:53:57,7.13,0.0,211,150614,卖盘
460,09:54:00,7.14,0.01,135,96390,买盘
461,09:54:04,7.14,0.0,3,2142,买盘
462,09:54:06,7.13,-0.01,767,547336,卖盘
463,09:54:09,7.14,0.01,143,102080,买盘
464,09:54:12,7.14,0.0,161,114860,卖盘
465,09:54:15,7.14,0.0,90,64263,卖盘
466,09:54:22,7.14,0.0,983,702597,买盘
467,09:54:24,7.14,0.0,63,44972,买盘
468,09:54:27,7.14,0.0,160,114312,买盘
469,09:54:30,7.14,0.0,284,202956,卖盘
470,09:54:33,7.15,0.01,26,18579,买盘
471,09:54:36,7.14,-0.01,318,227320,卖盘
472,09:54:40,7.15,0.01,136,97240,买盘
473,09:54:42,7.15,0.0,69,49315,买盘
474,09:54:45,7.15,0.0,71,50765,卖盘
475,09:54:49,7.15,0.0,1865,1335675,卖盘
476,09:54:51,7.15,0.0,444,318318,卖盘
477,09:54:54,7.17,0.02,60,43015,买盘
478,09:54:58,7.17,0.0,327,234313,买盘
479,09:55:01,7.17,0.0,647,463902,买盘
480,09:55:04,7.17,0.0,206,147702,买盘
481,09:55:06,7.18,0.01,137,98276,买盘
482,09:55:09,7.17,-0.01,409,293265,卖盘
483,09:55:12,7.18,0.01,193,138474,买盘
484,09:55:15,7.18,0.0,151,108408,买盘
485,09:55:18,7.18,0.0,990,710790,买盘
486,09:55:22,7.18,0.0,2269,1627774,买盘
487,09:55:25,7.18,0.0,526,377544,买盘
488,09:55:28,7.18,0.0,155,111233,买盘
489,09:55:30,7.18,0.0,333,239094,卖盘
490,09:55:33,7.18,0.0,19,13651,卖盘
491,09:55:37,7.19,0.01,483,347063,买盘
492,09:55:39,7.19,0.0,413,296814,买盘
493,09:55:42,7.18,-0.01,850,611133,卖盘
494,09:55:45,7.19,0.01,237,170509,买盘
495,09:55:48,7.19,0.0,589,422991,买盘
496,09:55:51,7.2,0.01,136,97851,买盘
497,09:55:54,7.19,-0.01,250,179787,卖盘
498,09:55:58,7.2,0.01,336,241689,买盘
499,09:56:01,7.2,0.0,327,235254,买盘
500,09:56:04,7.2,0.0,1219,877457,买盘
501,09:56:06,7.2,0.0,263,189375,卖盘
502,09:56:09,7.21,0.01,213,153389,买盘
503,09:56:13,7.2,-0.01,680,490107,卖盘
504,09:56:16,7.2,0.0,243,174951,卖盘
505,09:56:18,7.19,-0.01,693,499231,卖盘
506,09:56:21,7.2,0.01,265,190795,买盘
507,09:56:24,7.2,0.0,105,75600,卖盘
508,09:56:27,7.2,0.0,141,101534,卖盘
509,09:56:30,7.2,0.0,498,358560,卖盘
510,09:56:33,7.2,0.0,168,120960,买盘
511,09:56:36,7.2,0.0,52,37416,买盘
512,09:56:40,7.2,0.0,40,28800,买盘
513,09:56:42,7.18,-0.02,368,264264,卖盘
514,09:56:46,7.18,0.0,476,340741,买盘
515,09:56:48,7.18,0.0,142,102053,买盘
516,09:56:51,7.17,-0.01,54,38704,卖盘
517,09:56:54,7.17,0.0,51,36574,买盘
518,09:56:57,7.18,0.01,172,123463,买盘
519,09:57:00,7.17,-0.01,29,20802,中性盘
520,09:57:03,7.18,0.01,141,101238,买盘
521,09:57:06,7.18,0.0,83,59517,买盘
522,09:57:09,7.17,-0.01,255,183086,卖盘
523,09:57:13,7.17,0.0,135,96877,卖盘
524,09:57:15,7.17,0.0,209,150025,卖盘
525,09:57:18,7.18,0.01,204,146398,买盘
526,09:57:21,7.17,-0.01,210,150755,卖盘
527,09:57:24,7.17,0.0,99,70994,买盘
528,09:57:27,7.17,0.0,104,74577,买盘
529,09:57:30,7.19,0.02,120,86200,买盘
530,09:57:33,7.19,0.0,30,21545,买盘
531,09:57:36,7.19,0.0,9,6471,买盘
532,09:57:39,7.19,0.0,253,181903,买盘
533,09:57:42,7.2,0.01,133,95632,买盘
534,09:57:45,7.19,-0.01,862,620605,卖盘
535,09:57:48,7.2,0.01,203,146157,买盘
536,09:57:52,7.21,0.01,65,46805,买盘
537,09:57:54,7.21,0.0,290,209033,买盘
538,09:57:57,7.21,0.0,155,111752,买盘
539,09:58:01,7.22,0.01,89,64242,买盘
540,09:58:04,7.22,0.0,685,494497,买盘
541,09:58:06,7.23,0.01,166,119959,买盘
542,09:58:09,7.23,0.0,139,100383,买盘
543,09:58:12,7.23,0.0,297,214698,买盘
544,09:58:15,7.24,0.01,754,545448,买盘
545,09:58:18,7.24,0.0,133,96195,买盘
546,09:58:21,7.23,-0.01,364,263454,卖盘
547,09:58:24,7.23,0.0,451,326486,卖盘
548,09:58:27,7.24,0.01,568,411154,卖盘
549,09:58:30,7.24,0.0,206,149156,卖盘
550,09:58:33,7.24,0.0,225,162816,卖盘
551,09:58:36,7.23,-0.01,420,303868,卖盘
552,09:58:39,7.22,-0.01,481,348012,卖盘
553,09:58:42,7.23,0.01,424,306642,买盘
554,09:58:46,7.21,-0.02,326,235670,卖盘
555,09:58:48,7.24,0.03,628,454092,买盘
556,09:58:51,7.23,-0.01,179,129399,买盘
557,09:58:54,7.23,0.0,357,257834,买盘
558,09:58:57,7.22,-0.01,355,256467,卖盘
559,09:59:00,7.21,-0.01,191,137945,卖盘
560,09:59:03,7.21,0.0,296,213682,卖盘
561,09:59:06,7.19,-0.02,489,352572,卖盘
562,09:59:09,7.21,0.02,102,73384,买盘
563,09:59:12,7.21,0.0,10,7210,买盘
564,09:59:15,7.2,-0.01,94,67693,中性盘
565,09:59:18,7.19,-0.01,117,84190,卖盘
566,09:59:21,7.19,0.0,74,53298,卖盘
567,09:59:24,7.2,0.01,162,116578,买盘
568,09:59:27,7.19,-0.01,170,122273,卖盘
569,09:59:30,7.19,0.0,108,77733,买盘
570,09:59:33,7.18,-0.01,596,428199,卖盘
571,09:59:36,7.19,0.01,341,245059,买盘
572,09:59:40,7.18,-0.01,165,118586,卖盘
573,09:59:43,7.18,0.0,93,66774,买盘
574,09:59:45,7.18,0.0,147,105546,买盘
575,09:59:48,7.18,0.0,166,119083,买盘
576,09:59:51,7.18,0.0,184,132133,卖盘
577,09:59:54,7.18,0.0,83,59616,卖盘
578,09:59:57,7.19,0.01,162,116350,买盘
579,10:00:00,7.18,-0.01,181,129958,卖盘
580,10:00:03,7.2,0.02,568,408432,买盘
581,10:00:06,7.2,0.0,101,72720,卖盘
582,10:00:10,7.2,0.0,109,78501,卖盘
583,10:00:13,7.2,0.0,198,142587,卖盘
584,10:00:15,7.2,0.0,174,125380,卖盘
585,10:00:18,7.21,0.01,514,370474,买盘
586,10:00:22,7.21,0.0,146,105266,卖盘
587,10:00:25,7.22,0.01,292,210470,买盘
588,10:00:27,7.19,-0.03,37,26693,卖盘
589,10:00:30,7.2,0.01,49,35319,中性盘
590,10:00:33,7.2,0.0,15,10800,买盘
591,10:00:36,7.21,0.01,150,108145,买盘
592,10:00:39,7.21,0.0,164,118252,卖盘
593,10:00:43,7.21,0.0,31,22351,卖盘
594,10:00:46,7.21,0.0,363,261723,卖盘
595,10:00:48,7.21,0.0,50,36030,买盘
596,10:00:51,7.2,-0.01,160,115299,卖盘
597,10:00:54,7.2,0.0,100,72045,卖盘
598,10:00:57,7.2,0.0,180,129674,卖盘
599,10:01:00,7.2,0.0,186,134020,卖盘
600,10:01:03,7.21,0.01,730,526134,买盘
601,10:01:06,7.2,-0.01,140,100813,中性盘
602,10:01:09,7.19,-0.01,278,200047,卖盘
603,10:01:12,7.21,0.02,57,41063,买盘
604,10:01:15,7.2,-0.01,54,38890,中性盘
605,10:01:18,7.2,0.0,168,120870,买盘
606,10:01:21,7.2,0.0,250,179975,买盘
607,10:01:24,7.2,0.0,58,41750,买盘
608,10:01:27,7.2,0.0,107,77028,买盘
609,10:01:30,7.2,0.0,76,54710,买盘
610,10:01:33,7.2,0.0,157,113040,卖盘
611,10:01:37,7.2,0.0,282,203040,卖盘
612,10:01:40,7.19,-0.01,465,334725,卖盘
613,10:01:43,7.19,0.0,100,71930,卖盘
614,10:01:46,7.19,0.0,73,52467,买盘
615,10:01:51,7.19,0.0,270,193861,买盘
616,10:01:54,7.18,-0.01,56,40221,卖盘
617,10:01:57,7.18,0.0,18,12924,买盘
618,10:02:00,7.17,-0.01,319,228752,卖盘
619,10:02:04,7.18,0.01,22,15774,买盘
620,10:02:06,7.17,-0.01,119,85247,买盘
621,10:02:09,7.16,-0.01,87,62342,卖盘
622,10:02:12,7.17,0.01,64,45888,买盘
623,10:02:15,7.17,0.0,48,34419,卖盘
624,10:02:18,7.17,0.0,13,9321,卖盘
625,10:02:21,7.16,-0.01,158,113281,卖盘
626,10:02:24,7.17,0.01,37,26499,买盘
627,10:02:27,7.17,0.0,398,285389,买盘
628,10:02:30,7.16,-0.01,147,105370,卖盘
629,10:02:33,7.16,0.0,65,46551,卖盘
630,10:02:36,7.17,0.01,458,328391,买盘
631,10:02:39,7.17,0.0,112,80304,卖盘
632,10:02:42,7.17,0.0,47,33699,卖盘
633,10:02:46,7.18,0.01,105,75363,买盘
634,10:02:49,7.17,-0.01,416,297972,卖盘
635,10:02:51,7.15,-0.02,61,43677,卖盘
636,10:02:54,7.17,0.02,72,51650,买盘
637,10:02:57,7.16,-0.01,34,24322,中性盘
638,10:03:00,7.17,0.01,73,52278,买盘
639,10:03:04,7.16,-0.01,42,30076,卖盘
640,10:03:06,7.17,0.01,17,12189,买盘
641,10:03:09,7.16,-0.01,246,176275,卖盘
642,10:03:12,7.15,-0.01,307,219584,卖盘
643,10:03:15,7.17,0.02,69,49429,买盘
644,10:03:18,7.17,0.0,45,32265,卖盘
645,10:03:22,7.17,0.0,44,31548,卖盘
646,10:03:24,7.18,0.01,66,47323,买盘
647,10:03:27,7.17,-0.01,251,179967,卖盘
648,10:03:30,7.16,-0.01,132,94616,卖盘
649,10:03:33,7.16,0.0,166,118924,卖盘
650,10:03:36,7.16,0.0,509,364771,卖盘
651,10:03:39,7.16,0.0,54,38664,卖盘
652,10:03:46,7.15,-0.01,54,38642,卖盘
653,10:03:48,7.15,0.0,8,5722,卖盘
654,10:03:51,7.16,0.01,168,120214,买盘
655,10:03:57,7.16,0.0,193,138028,买盘
656,10:04:00,7.15,-0.01,500,357510,卖盘
657,10:04:04,7.15,0.0,27,19305,买盘
658,10:04:07,7.14,-0.01,207,147939,卖盘
659,10:04:09,7.15,0.01,48,34300,买盘
660,10:04:12,7.14,-0.01,70,49980,卖盘
661,10:04:15,7.14,0.0,161,114958,卖盘
662,10:04:19,7.14,0.0,115,82110,卖盘
663,10:04:22,7.14,0.0,140,99960,买盘
664,10:04:24,7.14,0.0,128,91392,买盘
665,10:04:27,7.13,-0.01,355,253115,卖盘
666,10:04:30,7.13,0.0,212,151129,卖盘
667,10:04:33,7.12,-0.01,12,8551,卖盘
668,10:04:36,7.12,0.0,65,46290,卖盘
669,10:04:39,7.12,0.0,174,124004,卖盘
670,10:04:43,7.13,0.01,169,120338,买盘
671,10:04:45,7.12,-0.01,151,107583,卖盘
672,10:04:48,7.12,0.0,54,38448,卖盘
673,10:04:51,7.12,0.0,60,42768,卖盘
674,10:04:55,7.12,0.0,82,58384,卖盘
675,10:04:57,7.12,0.0,5,3560,卖盘
676,10:05:00,7.13,0.01,124,88329,买盘
677,10:05:03,7.13,0.0,43,30659,买盘
678,10:05:06,7.13,0.0,76,54188,买盘
679,10:05:09,7.13,0.0,78,55565,买盘
680,10:05:12,7.13,0.0,104,74114,卖盘
681,10:05:15,7.14,0.01,2,1428,买盘
682,10:05:19,7.13,-0.01,194,138227,卖盘
683,10:05:22,7.13,0.0,108,77004,买盘
684,10:05:24,7.13,0.0,77,54897,买盘
685,10:05:27,7.14,0.01,96,68481,买盘
686,10:05:30,7.14,0.0,845,603330,买盘
687,10:05:36,7.14,0.0,14,9996,卖盘
688,10:05:39,7.15,0.01,139,99385,买盘
689,10:05:43,7.15,0.0,199,142136,买盘
690,10:05:46,7.15,0.0,28,20020,买盘
691,10:05:49,7.15,0.0,157,112245,买盘
692,10:05:51,7.14,-0.01,336,240075,卖盘
693,10:05:55,7.15,0.01,46,32854,买盘
694,10:05:57,7.15,0.0,12,8580,卖盘
695,10:06:00,7.16,0.01,173,123868,买盘
696,10:06:04,7.15,-0.01,85,60835,卖盘
697,10:06:06,7.15,0.0,38,27199,卖盘
698,10:06:09,7.15,0.0,55,39362,卖盘
699,10:06:12,7.16,0.01,235,168228,卖盘
700,10:06:16,7.15,-0.01,32,22923,卖盘
701,10:06:19,7.15,0.0,51,36473,卖盘
702,10:06:22,7.15,0.0,57,40808,卖盘
703,10:06:25,7.16,0.01,33,23628,买盘
704,10:06:27,7.17,0.01,195,139815,买盘
705,10:06:30,7.17,0.0,124,88908,卖盘
706,10:06:33,7.16,-0.01,176,126138,卖盘
707,10:06:37,7.17,0.01,118,84672,买盘
708,10:06:39,7.18,0.01,90,64580,买盘
709,10:06:43,7.17,-0.01,45,32265,卖盘
710,10:06:46,7.18,0.01,81,58108,买盘
711,10:06:49,7.18,0.0,157,112683,买盘
712,10:06:52,7.18,0.0,61,43788,买盘
713,10:06:54,7.18,0.0,216,155088,卖盘
714,10:06:58,7.18,0.0,178,127904,卖盘
715,10:07:01,7.19,0.01,150,107825,买盘
716,10:07:04,7.19,0.0,375,269296,买盘
717,10:07:07,7.19,0.0,115,82600,买盘
718,10:07:09,7.19,0.0,717,515326,买盘
719,10:07:12,7.2,0.01,16,11507,买盘
720,10:07:16,7.19,-0.01,10,7190,卖盘
721,10:07:19,7.19,0.0,18,12952,卖盘
722,10:07:22,7.2,0.01,139,100039,买盘
723,10:07:25,7.2,0.0,176,126554,买盘
724,10:07:27,7.19,-0.01,116,83476,卖盘
725,10:07:31,7.2,0.01,160,115132,买盘
726,10:07:33,7.2,0.0,46,33078,买盘
727,10:07:36,7.19,-0.01,413,296962,卖盘
728,10:07:39,7.19,0.0,53,38129,卖盘
729,10:07:42,7.19,0.0,37,26603,卖盘
730,10:07:45,7.19,0.0,363,261218,卖盘
731,10:07:49,7.19,0.0,109,78271,买盘
732,10:07:52,7.19,0.0,90,64710,买盘
733,10:07:54,7.17,-0.02,231,165767,卖盘
734,10:07:57,7.18,0.01,437,313766,买盘
735,10:08:00,7.18,0.0,31,22236,买盘
736,10:08:04,7.18,0.0,87,62420,买盘
737,10:08:07,7.18,0.0,322,231136,买盘
738,10:08:09,7.17,-0.01,150,107550,卖盘
739,10:08:12,7.16,-0.01,47,33689,卖盘
740,10:08:16,7.16,0.0,20,14330,卖盘
741,10:08:19,7.16,0.0,48,34391,卖盘
742,10:08:21,7.16,0.0,10,7160,卖盘
743,10:08:24,7.16,0.0,227,162532,卖盘
744,10:08:27,7.16,0.0,2,1432,买盘
745,10:08:30,7.16,0.0,114,81624,买盘
746,10:08:33,7.15,-0.01,35,25036,卖盘
747,10:08:36,7.16,0.01,5,3580,买盘
748,10:08:39,7.16,0.0,198,141768,买盘
749,10:08:43,7.16,0.0,9,6444,卖盘
750,10:08:46,7.16,0.0,11,7876,卖盘
751,10:08:48,7.17,0.01,151,108127,买盘
752,10:08:54,7.16,-0.01,20,14330,卖盘
753,10:08:57,7.15,-0.01,80,57276,卖盘
754,10:09:01,7.16,0.01,134,95944,卖盘
755,10:09:04,7.17,0.01,80,57360,买盘
756,10:09:06,7.17,0.0,44,31548,买盘
757,10:09:09,7.16,-0.01,113,80910,卖盘
758,10:09:12,7.16,0.0,13,9308,买盘
759,10:09:18,7.15,-0.01,40,28620,卖盘
760,10:09:22,7.16,0.01,96,68656,买盘
761,10:09:24,7.15,-0.01,332,237380,卖盘
762,10:09:27,7.15,0.0,60,42900,买盘
763,10:09:30,7.15,0.0,12,8580,买盘
764,10:09:33,7.16,0.01,524,374663,买盘
765,10:09:39,7.16,0.0,152,108771,买盘
766,10:09:42,7.15,-0.01,5,3575,中性盘
767,10:09:45,7.16,0.01,100,71600,买盘
768,10:09:48,7.16,0.0,8,5728,买盘
769,10:09:51,7.15,-0.01,71,50781,卖盘
770,10:09:54,7.16,0.01,6,4296,买盘
771,10:09:57,7.16,0.0,58,41498,买盘
772,10:10:00,7.16,0.0,31,22192,买盘
773,10:10:04,7.15,-0.01,5,3575,卖盘
774,10:10:06,7.16,0.01,5,3580,买盘
775,10:10:12,7.16,0.0,18,12888,买盘
776,10:10:15,7.16,0.0,2,1432,买盘
777,10:10:18,7.16,0.0,159,113844,买盘
778,10:10:21,7.15,-0.01,133,95118,卖盘
779,10:10:24,7.16,0.01,18,12888,买盘
780,10:10:27,7.16,0.0,3,2148,买盘
781,10:10:34,7.16,0.0,129,92361,买盘
782,10:10:37,7.15,-0.01,993,710240,卖盘
783,10:10:39,7.16,0.01,20,14320,买盘
784,10:10:42,7.16,0.0,10,7160,卖盘
785,10:10:46,7.16,0.0,54,38664,卖盘
786,10:10:49,7.16,0.0,11,7881,买盘
787,10:10:52,7.16,0.0,23,16468,卖盘
788,10:10:54,7.16,0.0,31,22198,卖盘
789,10:10:57,7.15,-0.01,5,3575,卖盘
790,10:11:00,7.16,0.01,3,2148,买盘
791,10:11:04,7.15,-0.01,3,2145,卖盘
792,10:11:06,7.17,0.02,200,143250,买盘
793,10:11:09,7.16,-0.01,16,11456,卖盘
794,10:11:12,7.16,0.0,2,1432,买盘
795,10:11:15,7.15,-0.01,6,4290,卖盘
796,10:11:18,7.16,0.01,58,41528,买盘
797,10:11:21,7.16,0.0,32,22912,买盘
798,10:11:24,7.16,0.0,9,6444,卖盘
799,10:11:27,7.16,0.0,80,57280,卖盘
800,10:11:30,7.17,0.01,29,20791,买盘
801,10:11:33,7.17,0.0,141,101097,买盘
802,10:11:36,7.16,-0.01,240,171870,卖盘
803,10:11:39,7.17,0.01,19,13614,买盘
804,10:11:42,7.17,0.0,87,62379,买盘
805,10:11:45,7.17,0.0,68,48756,卖盘
806,10:11:48,7.16,-0.01,1,716,卖盘
807,10:11:51,7.17,0.01,30,21490,买盘
808,10:11:54,7.17,0.0,62,44448,买盘
809,10:11:58,7.16,-0.01,50,35800,卖盘
810,10:12:01,7.17,0.01,5,3585,买盘
811,10:12:04,7.17,0.0,26,18633,买盘
812,10:12:06,7.17,0.0,94,67398,买盘
813,10:12:09,7.17,0.0,105,75285,买盘
814,10:12:12,7.17,0.0,12,8604,买盘
815,10:12:15,7.16,-0.01,33,23638,卖盘
816,10:12:21,7.17,0.01,52,37284,买盘
817,10:12:24,7.16,-0.01,117,83776,卖盘
818,10:12:33,7.16,0.0,149,106684,卖盘
819,10:12:36,7.16,0.0,55,39380,卖盘
820,10:12:39,7.16,0.0,64,45824,卖盘
821,10:12:42,7.16,0.0,333,238556,卖盘
822,10:12:45,7.17,0.01,43,30821,买盘
823,10:12:48,7.16,-0.01,109,78059,卖盘
824,10:12:51,7.16,0.0,80,57285,买盘
825,10:12:54,7.15,-0.01,614,439013,卖盘
826,10:12:57,7.15,0.0,10,7150,买盘
827,10:13:00,7.15,0.0,77,55055,买盘
828,10:13:04,7.15,0.0,4,2860,买盘
829,10:13:06,7.15,0.0,123,87888,买盘
830,10:13:09,7.15,0.0,12,8580,买盘
831,10:13:12,7.15,0.0,323,230851,买盘
832,10:13:15,7.15,0.0,29,20735,卖盘
833,10:13:21,7.15,0.0,5,3575,卖盘
834,10:13:27,7.16,0.01,5,3580,买盘
835,10:13:30,7.15,-0.01,123,87945,卖盘
836,10:13:33,7.15,0.0,30,21450,卖盘
837,10:13:36,7.15,0.0,10,7150,卖盘
838,10:13:39,7.16,0.01,72,51552,买盘
839,10:13:42,7.16,0.0,129,92236,买盘
840,10:13:45,7.15,-0.01,454,324456,卖盘
841,10:13:48,7.15,0.0,20,14300,买盘
842,10:13:51,7.15,0.0,135,96525,买盘
843,10:13:54,7.14,-0.01,10,7140,卖盘
844,10:13:57,7.15,0.01,3,2145,买盘
845,10:14:00,7.14,-0.01,101,72115,卖盘
846,10:14:04,7.14,0.0,87,62118,卖盘
847,10:14:06,7.15,0.01,100,71500,买盘
848,10:14:10,7.14,-0.01,5,3570,卖盘
849,10:14:12,7.14,0.0,10,7140,卖盘
850,10:14:15,7.15,0.01,197,140855,买盘
851,10:14:18,7.15,0.0,43,30745,卖盘
852,10:14:24,7.15,0.0,62,44330,卖盘
853,10:14:30,7.15,0.0,37,26455,买盘
854,10:14:33,7.14,-0.01,16,11424,卖盘
855,10:14:39,7.14,0.0,27,19285,卖盘
856,10:14:42,7.14,0.0,185,132091,卖盘
857,10:14:45,7.14,0.0,21,15014,卖盘
858,10:14:49,7.14,0.0,29,20706,卖盘
859,10:14:51,7.15,0.01,34,24290,买盘
860,10:14:54,7.14,-0.01,128,91392,卖盘
861,10:14:57,7.14,0.0,65,46415,卖盘
862,10:15:00,7.15,0.01,46,32870,买盘
863,10:15:04,7.15,0.0,15,10720,买盘
864,10:15:06,7.13,-0.02,103,73477,卖盘
865,10:15:09,7.14,0.01,7,4998,买盘
866,10:15:12,7.13,-0.01,2,1426,卖盘
867,10:15:15,7.14,0.01,1,714,买盘
868,10:15:18,7.13,-0.01,323,230365,卖盘
869,10:15:21,7.13,0.0,5,3565,卖盘
870,10:15:27,7.14,0.01,70,49927,买盘
871,10:15:30,7.13,-0.01,384,273850,卖盘
872,10:15:33,7.14,0.01,12,8568,卖盘
873,10:15:36,7.14,0.0,65,46410,卖盘
874,10:15:42,7.14,0.0,36,25704,卖盘
875,10:15:46,7.14,0.0,13,9282,卖盘
876,10:15:49,7.14,0.0,9,6426,卖盘
877,10:15:51,7.14,0.0,29,20711,卖盘
878,10:15:54,7.14,0.0,25,17850,卖盘
879,10:15:57,7.15,0.01,41,29304,买盘
880,10:16:00,7.14,-0.01,163,116382,卖盘
881,10:16:03,7.14,0.0,5,3570,买盘
882,10:16:06,7.14,0.0,59,42126,买盘
883,10:16:09,7.13,-0.01,205,146338,卖盘
884,10:16:12,7.14,0.01,22,15708,中性盘
885,10:16:15,7.13,-0.01,10,7130,卖盘
886,10:16:21,7.14,0.01,21,14984,买盘
887,10:16:24,7.13,-0.01,65,46400,卖盘
888,10:16:36,7.13,0.0,76,54224,卖盘
889,10:16:39,7.13,0.0,10,7130,卖盘
890,10:16:43,7.13,0.0,42,29956,卖盘
891,10:16:45,7.14,0.01,32,22848,买盘
892,10:16:48,7.13,-0.01,10,7130,卖盘
893,10:16:51,7.14,0.01,22,15708,买盘
894,10:16:54,7.13,-0.01,81,57763,卖盘
895,10:16:57,7.13,0.0,55,39215,卖盘
896,10:17:00,7.13,0.0,87,62063,卖盘
897,10:17:04,7.13,0.0,52,37076,卖盘
898,10:17:06,7.13,0.0,10,7130,卖盘
899,10:17:09,7.13,0.0,5,3565,卖盘
900,10:17:12,7.13,0.0,51,36363,卖盘
901,10:17:15,7.13,0.0,101,72013,卖盘
902,10:17:19,7.14,0.01,23,16419,买盘
903,10:17:21,7.13,-0.01,100,71350,卖盘
904,10:17:24,7.14,0.01,17,12138,买盘
905,10:17:27,7.13,-0.01,219,156205,卖盘
906,10:17:30,7.13,0.0,45,32090,卖盘
907,10:17:33,7.13,0.0,12,8558,卖盘
908,10:17:36,7.13,0.0,155,110515,卖盘
909,10:17:39,7.13,0.0,11,7843,卖盘
910,10:17:42,7.13,0.0,10,7130,卖盘
911,10:17:45,7.13,0.0,26,18544,卖盘
912,10:17:48,7.13,0.0,136,97010,卖盘
913,10:17:52,7.13,0.0,20,14260,卖盘
914,10:17:54,7.13,0.0,204,145452,卖盘
915,10:17:57,7.14,0.01,81,57758,买盘
916,10:18:00,7.13,-0.01,15,10695,卖盘
917,10:18:04,7.13,0.0,54,38502,卖盘
918,10:18:09,7.13,0.0,8,5704,卖盘
919,10:18:12,7.14,0.01,110,78530,买盘
920,10:18:15,7.14,0.0,14,9996,买盘
921,10:18:18,7.13,-0.01,14,9982,卖盘
922,10:18:21,7.13,0.0,18,12849,卖盘
923,10:18:24,7.15,0.02,265,189173,买盘
924,10:18:27,7.13,-0.02,107,76291,卖盘
925,10:18:33,7.14,0.01,360,256730,买盘
926,10:18:36,7.14,0.0,11,7854,卖盘
927,10:18:39,7.14,0.0,28,19993,卖盘
928,10:18:43,7.15,0.01,69,49268,买盘
929,10:18:46,7.15,0.0,7,5000,买盘
930,10:18:48,7.14,-0.01,1,714,卖盘
931,10:18:54,7.14,0.0,2,1428,卖盘
932,10:18:57,7.15,0.01,37,26423,买盘
933,10:19:01,7.15,0.0,84,60059,买盘
934,10:19:04,7.13,-0.02,23,16399,卖盘
935,10:19:06,7.15,0.02,1,715,买盘
936,10:19:09,7.15,0.0,20,14300,买盘
937,10:19:18,7.13,-0.02,34,24242,卖盘
938,10:19:24,7.15,0.02,13,9292,买盘
939,10:19:27,7.15,0.0,10,7150,买盘
940,10:19:30,7.14,-0.01,12,8574,卖盘
941,10:19:33,7.14,0.0,26,18564,卖盘
942,10:19:36,7.14,0.0,2,1428,买盘
943,10:19:39,7.13,-0.01,17,12133,卖盘
944,10:19:42,7.15,0.02,5,3575,买盘
945,10:19:46,7.14,-0.01,170,121245,买盘
946,10:19:48,7.14,0.0,17,12138,买盘
947,10:19:51,7.14,0.0,24,17136,买盘
948,10:19:54,7.14,0.0,86,61485,卖盘
949,10:20:01,7.14,0.0,23,16422,卖盘
950,10:20:04,7.15,0.01,260,185800,买盘
951,10:20:06,7.14,-0.01,3,2142,卖盘
952,10:20:09,7.15,0.01,17,12151,买盘
953,10:20:12,7.15,0.0,22,15730,买盘
954,10:20:15,7.15,0.0,11,7855,买盘
955,10:20:19,7.15,0.0,299,213785,买盘
956,10:20:21,7.15,0.0,1,715,卖盘
957,10:20:24,7.14,-0.01,4,2859,卖盘
958,10:20:30,7.14,0.0,2,1429,卖盘
959,10:20:33,7.15,0.01,1,715,买盘
960,10:20:36,7.14,-0.01,50,35700,卖盘
961,10:20:39,7.15,0.01,107,76405,买盘
962,10:20:42,7.14,-0.01,220,157200,卖盘
963,10:20:48,7.14,0.0,95,67687,卖盘
964,10:20:51,7.15,0.01,14,10010,买盘
965,10:20:54,7.14,-0.01,39,27868,卖盘
966,10:21:01,7.14,0.0,25,17855,卖盘
967,10:21:03,7.14,0.0,89,63546,卖盘
968,10:21:09,7.14,0.0,46,32854,卖盘
969,10:21:12,7.15,0.01,106,75790,买盘
970,10:21:15,7.14,-0.01,59,42126,卖盘
971,10:21:18,7.15,0.01,50,35750,买盘
972,10:21:21,7.15,0.0,12,8569,买盘
973,10:21:24,7.14,-0.01,16,11424,卖盘
974,10:21:27,7.14,0.0,79,56406,卖盘
975,10:21:30,7.15,0.01,62,44289,买盘
976,10:21:33,7.15,0.0,48,34283,买盘
977,10:21:36,7.14,-0.01,173,123612,卖盘
978,10:21:39,7.15,0.01,1,715,买盘
979,10:21:42,7.15,0.0,23,16445,买盘
980,10:21:48,7.14,-0.01,9,6426,卖盘
981,10:21:51,7.14,0.0,58,41412,卖盘
982,10:21:54,7.14,0.0,75,53555,卖盘
983,10:21:57,7.14,0.0,100,71583,卖盘
984,10:22:00,7.14,0.0,31,22134,买盘
985,10:22:03,7.14,0.0,16,11424,买盘
986,10:22:07,7.14,0.0,11,7854,买盘
987,10:22:10,7.13,-0.01,3,2139,卖盘
988,10:22:12,7.14,0.01,18,12852,买盘
989,10:22:15,7.13,-0.01,66,47114,卖盘
990,10:22:18,7.14,0.01,31,22134,买盘
991,10:22:21,7.13,-0.01,434,309442,卖盘
992,10:22:24,7.14,0.01,91,64962,买盘
993,10:22:27,7.14,0.0,30,21420,买盘
994,10:22:30,7.14,0.0,9,6425,买盘
995,10:22:33,7.13,-0.01,23,16399,卖盘
996,10:22:36,7.13,0.0,85,60613,卖盘
997,10:22:39,7.13,0.0,8,5705,卖盘
998,10:22:42,7.14,0.01,24,17136,买盘
999,10:22:48,7.14,0.0,18,12852,买盘
1000,10:22:51,7.13,-0.01,30,21390,卖盘
1001,10:22:54,7.13,0.0,54,38504,卖盘
1002,10:22:57,7.13,0.0,16,11408,卖盘
1003,10:23:00,7.13,0.0,65,46345,卖盘
1004,10:23:04,7.13,0.0,260,185380,卖盘
1005,10:23:06,7.14,0.01,75,53480,买盘
1006,10:23:09,7.13,-0.01,143,102021,卖盘
1007,10:23:12,7.13,0.0,63,44919,卖盘
1008,10:23:15,7.13,0.0,337,240281,卖盘
1009,10:23:18,7.13,0.0,34,24242,买盘
1010,10:23:21,7.13,0.0,43,30659,买盘
1011,10:23:25,7.13,0.0,10,7130,买盘
1012,10:23:31,7.13,0.0,80,57040,买盘
1013,10:23:34,7.12,-0.01,225,160225,卖盘
1014,10:23:36,7.12,0.0,39,27778,卖盘
1015,10:23:39,7.12,0.0,114,81182,卖盘
1016,10:23:42,7.13,0.01,161,114920,买盘
1017,10:23:45,7.13,0.0,10,7130,卖盘
1018,10:23:54,7.13,0.0,1,713,卖盘
1019,10:23:57,7.13,0.0,264,188232,卖盘
1020,10:24:00,7.14,0.01,13,9279,买盘
1021,10:24:18,7.14,0.0,173,123522,买盘
1022,10:24:21,7.14,0.0,3,2142,买盘
1023,10:24:28,7.14,0.0,10,7140,买盘
1024,10:24:31,7.14,0.0,249,177643,买盘
1025,10:24:36,7.14,0.0,20,14295,卖盘
1026,10:24:42,7.15,0.01,64,45760,买盘
1027,10:24:48,7.15,0.0,120,85800,买盘
1028,10:24:51,7.15,0.0,10,7150,买盘
1029,10:24:54,7.15,0.0,35,25025,买盘
1030,10:24:57,7.15,0.0,509,363534,买盘
1031,10:25:00,7.15,0.0,75,53625,买盘
1032,10:25:04,7.14,-0.01,55,39290,卖盘
1033,10:25:06,7.15,0.01,141,100815,买盘
1034,10:25:09,7.15,0.0,117,83655,买盘
1035,10:25:12,7.15,0.0,219,156584,买盘
1036,10:25:15,7.15,0.0,35,25025,卖盘
1037,10:25:18,7.15,0.0,5,3578,卖盘
1038,10:25:21,7.15,0.0,16,11450,卖盘
1039,10:25:27,7.16,0.01,2,1432,买盘
1040,10:25:30,7.16,0.0,16,11456,买盘
1041,10:25:33,7.16,0.0,10,7160,买盘
1042,10:25:36,7.16,0.0,84,60144,买盘
1043,10:25:39,7.16,0.0,25,17900,买盘
1044,10:25:42,7.15,-0.01,1,715,卖盘
1045,10:25:45,7.15,0.0,154,110259,卖盘
1046,10:25:49,7.16,0.01,61,43671,买盘
1047,10:25:54,7.15,-0.01,75,53692,卖盘
1048,10:25:57,7.16,0.01,284,203344,买盘
1049,10:26:00,7.16,0.0,45,32243,卖盘
1050,10:26:03,7.17,0.01,50,35850,买盘
1051,10:26:06,7.16,-0.01,162,115999,卖盘
1052,10:26:10,7.17,0.01,10,7170,买盘
1053,10:26:12,7.16,-0.01,18,12888,卖盘
1054,10:26:15,7.17,0.01,200,143400,买盘
1055,10:26:18,7.16,-0.01,10,7160,卖盘
1056,10:26:21,7.17,0.01,16,11472,买盘
1057,10:26:24,7.17,0.0,82,58794,买盘
1058,10:26:27,7.16,-0.01,57,40839,卖盘
1059,10:26:30,7.17,0.01,116,83172,买盘
1060,10:26:33,7.17,0.0,6,4302,买盘
1061,10:26:36,7.17,0.0,163,116871,买盘
1062,10:26:39,7.17,0.0,200,143300,买盘
1063,10:26:46,7.17,0.0,11,7886,买盘
1064,10:26:48,7.17,0.0,25,17925,买盘
1065,10:26:51,7.17,0.0,174,124736,买盘
1066,10:27:01,7.17,0.0,70,50190,买盘
1067,10:27:06,7.17,0.0,13,9321,买盘
1068,10:27:09,7.17,0.0,12,8604,买盘
1069,10:27:12,7.17,0.0,59,42284,买盘
1070,10:27:15,7.17,0.0,3,2151,买盘
1071,10:27:18,7.16,-0.01,7,5014,卖盘
1072,10:27:21,7.17,0.01,2,1434,买盘
1073,10:27:24,7.17,0.0,11,7887,买盘
1074,10:27:27,7.16,-0.01,70,50120,卖盘
1075,10:27:30,7.17,0.01,5,3585,买盘
1076,10:27:33,7.16,-0.01,3,2148,卖盘
1077,10:27:36,7.17,0.01,20,14327,买盘
1078,10:27:39,7.16,-0.01,6,4296,卖盘
1079,10:27:42,7.16,0.0,81,57996,卖盘
1080,10:27:46,7.17,0.01,57,40869,买盘
1081,10:27:48,7.16,-0.01,42,30090,卖盘
1082,10:27:51,7.16,0.0,31,22196,买盘
1083,10:27:54,7.17,0.01,125,89573,买盘
1084,10:27:57,7.16,-0.01,3,2148,中性盘
1085,10:28:00,7.17,0.01,50,35832,买盘
1086,10:28:03,7.16,-0.01,68,48688,中性盘
1087,10:28:06,7.16,0.0,60,42960,卖盘
1088,10:28:09,7.17,0.01,23,16471,买盘
1089,10:28:12,7.16,-0.01,5,3580,卖盘
1090,10:28:18,7.16,0.0,2,1432,卖盘
1091,10:28:24,7.17,0.01,3,2151,买盘
1092,10:28:30,7.16,-0.01,348,249168,卖盘
1093,10:28:33,7.16,0.0,116,83056,买盘
1094,10:28:36,7.16,0.0,53,37948,买盘
1095,10:28:39,7.16,0.0,5,3580,买盘
1096,10:28:42,7.17,0.01,272,194934,买盘
1097,10:28:48,7.16,-0.01,41,29356,卖盘
1098,10:28:51,7.16,0.0,4,2864,卖盘
1099,10:28:54,7.17,0.01,3,2151,买盘
1100,10:29:04,7.17,0.0,105,75285,买盘
1101,10:29:06,7.17,0.0,56,40152,买盘
1102,10:29:09,7.16,-0.01,23,16468,卖盘
1103,10:29:12,7.16,0.0,5,3580,卖盘
1104,10:29:15,7.16,0.0,46,32936,卖盘
1105,10:29:18,7.17,0.01,21,15057,买盘
1106,10:29:21,7.17,0.0,1,717,买盘
1107,10:29:24,7.16,-0.01,13,9308,卖盘
1108,10:29:27,7.17,0.01,60,43020,买盘
1109,10:29:30,7.16,-0.01,5,3580,卖盘
1110,10:29:36,7.17,0.01,25,17915,买盘
1111,10:29:39,7.17,0.0,15,10755,买盘
1112,10:29:46,7.17,0.0,52,37274,买盘
1113,10:29:48,7.16,-0.01,20,14320,卖盘
1114,10:29:51,7.17,0.01,1,717,买盘
1115,10:29:55,7.17,0.0,49,35131,买盘
1116,10:29:58,7.17,0.0,5,3585,买盘
1117,10:30:00,7.16,-0.01,8,5728,卖盘
1118,10:30:04,7.16,0.0,1,716,卖盘
1119,10:30:06,7.16,0.0,29,20764,卖盘
1120,10:30:09,7.16,0.0,161,115276,卖盘
1121,10:30:12,7.16,0.0,75,53737,卖盘
1122,10:30:15,7.16,0.0,22,15752,卖盘
1123,10:30:18,7.16,0.0,8,5728,卖盘
1124,10:30:22,7.16,0.0,48,34368,卖盘
1125,10:30:24,7.17,0.01,110,78764,买盘
1126,10:30:30,7.16,-0.01,50,35800,买盘
1127,10:30:33,7.15,-0.01,27,19319,卖盘
1128,10:30:36,7.16,0.01,2,1432,买盘
1129,10:30:40,7.15,-0.01,8,5721,卖盘
1130,10:30:42,7.16,0.01,38,27203,买盘
1131,10:30:45,7.16,0.0,119,85185,买盘
1132,10:30:51,7.16,0.0,2,1432,买盘
1133,10:30:57,7.16,0.0,8,5728,买盘
1134,10:31:00,7.15,-0.01,10,7150,卖盘
1135,10:31:04,7.16,0.01,45,32209,买盘
1136,10:31:09,7.15,-0.01,23,16445,卖盘
1137,10:31:12,7.15,0.0,26,18592,卖盘
1138,10:31:15,7.16,0.01,241,172556,买盘
1139,10:31:18,7.15,-0.01,38,27170,卖盘
1140,10:31:21,7.15,0.0,46,32890,卖盘
1141,10:31:27,7.15,0.0,100,71500,卖盘
1142,10:31:30,7.15,0.0,57,40755,卖盘
1143,10:31:34,7.15,0.0,9,6436,卖盘
1144,10:31:36,7.15,0.0,12,8580,卖盘
1145,10:31:42,7.15,0.0,11,7872,卖盘
1146,10:31:48,7.15,0.0,14,10010,卖盘
1147,10:31:57,7.16,0.01,18,12879,买盘
1148,10:32:00,7.15,-0.01,48,34320,卖盘
1149,10:32:06,7.15,0.0,38,27170,卖盘
1150,10:32:12,7.15,0.0,204,145860,卖盘
1151,10:32:18,7.15,0.0,79,56485,卖盘
1152,10:32:21,7.15,0.0,50,35750,卖盘
1153,10:32:24,7.15,0.0,5,3575,卖盘
1154,10:32:27,7.15,0.0,84,60062,卖盘
1155,10:32:30,7.15,0.0,225,160900,卖盘
1156,10:32:33,7.15,0.0,31,22165,卖盘
1157,10:32:42,7.14,-0.01,107,76398,卖盘
1158,10:32:45,7.14,0.0,10,7140,卖盘
1159,10:32:48,7.14,0.0,10,7140,卖盘
1160,10:32:52,7.14,0.0,21,14994,卖盘
1161,10:32:54,7.14,0.0,8,5712,卖盘
1162,10:32:57,7.14,0.0,262,187168,卖盘
1163,10:33:04,7.14,0.0,46,32844,卖盘
1164,10:33:06,7.14,0.0,12,8568,卖盘
1165,10:33:12,7.14,0.0,191,136374,买盘
1166,10:33:24,7.14,0.0,8,5712,卖盘
1167,10:33:30,7.15,0.01,131,93545,买盘
1168,10:33:39,7.15,0.0,1,715,买盘
1169,10:33:42,7.14,-0.01,20,14280,卖盘
1170,10:33:48,7.14,0.0,30,21420,卖盘
1171,10:33:57,7.15,0.01,25,17875,买盘
1172,10:34:00,7.14,-0.01,5,3570,卖盘
1173,10:34:04,7.14,0.0,5,3570,卖盘
1174,10:34:09,7.14,0.0,1,714,卖盘
1175,10:34:12,7.14,0.0,30,21420,卖盘
1176,10:34:15,7.14,0.0,19,13566,卖盘
1177,10:34:21,7.14,0.0,110,78540,卖盘
1178,10:34:27,7.14,0.0,1,714,卖盘
1179,10:34:34,7.14,0.0,201,143517,卖盘
1180,10:34:36,7.14,0.0,3,2142,卖盘
1181,10:34:39,7.14,0.0,57,40698,卖盘
1182,10:34:42,7.14,0.0,14,9996,卖盘
1183,10:34:52,7.15,0.01,6,4289,买盘
1184,10:34:54,7.15,0.0,7,5000,买盘
1185,10:34:57,7.14,-0.01,2,1428,卖盘
1186,10:35:00,7.14,0.0,160,114240,卖盘
1187,10:35:04,7.14,0.0,40,28560,买盘
1188,10:35:06,7.14,0.0,99,70687,卖盘
1189,10:35:09,7.13,-0.01,156,111228,卖盘
1190,10:35:12,7.15,0.02,194,138559,买盘
1191,10:35:15,7.14,-0.01,16,11426,中性盘
1192,10:35:22,7.15,0.01,27,19288,买盘
1193,10:35:24,7.14,-0.01,5,3570,卖盘
1194,10:35:30,7.14,0.0,3,2142,卖盘
1195,10:35:37,7.14,0.0,9,6430,卖盘
1196,10:35:39,7.14,0.0,60,42840,卖盘
1197,10:35:42,7.15,0.01,20,14300,买盘
1198,10:35:45,7.14,-0.01,56,39984,卖盘
1199,10:35:48,7.15,0.01,311,222365,买盘
1200,10:35:51,7.16,0.01,16,11446,买盘
1201,10:35:57,7.15,-0.01,2,1430,卖盘
1202,10:36:01,7.16,0.01,84,60144,买盘
1203,10:36:04,7.16,0.0,14,10024,买盘
1204,10:36:06,7.16,0.0,51,36516,买盘
1205,10:36:10,7.16,0.0,35,25035,买盘
1206,10:36:13,7.15,-0.01,8,5720,卖盘
1207,10:36:15,7.16,0.01,65,46540,买盘
1208,10:36:21,7.16,0.0,1,716,买盘
1209,10:36:27,7.15,-0.01,12,8582,卖盘
1210,10:36:30,7.16,0.01,153,109543,买盘
1211,10:36:33,7.15,-0.01,101,72216,卖盘
1212,10:36:37,7.16,0.01,20,14320,买盘
1213,10:36:39,7.16,0.0,225,160968,买盘
1214,10:36:42,7.16,0.0,12,8592,买盘
1215,10:36:45,7.16,0.0,10,7160,买盘
1216,10:36:48,7.15,-0.01,91,65141,卖盘
1217,10:36:51,7.16,0.01,1,716,买盘
1218,10:36:54,7.16,0.0,100,71600,买盘
1219,10:36:57,7.15,-0.01,381,272541,卖盘
1220,10:37:00,7.16,0.01,20,14320,买盘
1221,10:37:09,7.16,0.0,49,35042,买盘
1222,10:37:12,7.16,0.0,10,7160,买盘
1223,10:37:15,7.15,-0.01,57,40755,卖盘
1224,10:37:21,7.16,0.01,15,10732,买盘
1225,10:37:24,7.16,0.0,1,716,买盘
1226,10:37:30,7.16,0.0,28,20048,买盘
1227,10:37:33,7.15,-0.01,25,17875,卖盘
1228,10:37:36,7.16,0.01,211,151075,买盘
1229,10:37:39,7.15,-0.01,2,1430,卖盘
1230,10:37:42,7.16,0.01,166,118856,买盘
1231,10:37:45,7.16,0.0,21,15034,买盘
1232,10:37:51,7.16,0.0,99,70884,买盘
1233,10:37:54,7.16,0.0,70,50120,买盘
1234,10:37:58,7.16,0.0,10,7160,买盘
1235,10:38:01,7.16,0.0,34,24344,买盘
1236,10:38:04,7.16,0.0,3,2148,买盘
1237,10:38:06,7.16,0.0,8,5728,买盘
1238,10:38:12,7.16,0.0,6,4296,买盘
1239,10:38:15,7.16,0.0,30,21053,买盘
1240,10:38:18,7.16,0.0,27,19328,买盘
1241,10:38:21,7.15,-0.01,42,30052,卖盘
1242,10:38:24,7.16,0.01,22,15752,买盘
1243,10:38:31,7.16,0.0,9,6444,买盘
1244,10:38:39,7.16,0.0,5,3580,买盘
1245,10:38:42,7.15,-0.01,11,7865,卖盘
1246,10:38:45,7.15,0.0,1,715,卖盘
1247,10:38:54,7.15,0.0,10,7150,卖盘
1248,10:39:00,7.15,0.0,33,23597,卖盘
1249,10:39:04,7.15,0.0,50,35750,卖盘
1250,10:39:09,7.15,0.0,2,1430,卖盘
1251,10:39:15,7.15,0.0,111,79465,卖盘
1252,10:39:18,7.15,0.0,61,43615,卖盘
1253,10:39:22,7.16,0.01,1,716,买盘
1254,10:39:25,7.16,0.0,23,16468,买盘
1255,10:39:27,7.15,-0.01,289,206635,卖盘
1256,10:39:30,7.15,0.0,18,12870,买盘
1257,10:39:39,7.15,0.0,33,23595,买盘
1258,10:39:42,7.14,-0.01,25,17855,卖盘
1259,10:39:49,7.15,0.01,10,7150,买盘
1260,10:39:52,7.15,0.0,13,9292,买盘
1261,10:39:54,7.15,0.0,4,2859,买盘
1262,10:40:06,7.14,-0.01,133,95462,卖盘
1263,10:40:18,7.14,0.0,32,22848,卖盘
1264,10:40:25,7.14,0.0,7,4998,卖盘
1265,10:40:27,7.14,0.0,23,16432,卖盘
1266,10:40:30,7.14,0.0,4,2856,卖盘
1267,10:40:36,7.14,0.0,5,3570,卖盘
1268,10:40:39,7.15,0.01,18,12862,买盘
1269,10:40:51,7.15,0.0,48,34320,买盘
1270,10:40:54,7.14,-0.01,20,14280,卖盘
1271,10:40:57,7.15,0.01,34,24310,买盘
1272,10:41:00,7.14,-0.01,2,1428,卖盘
1273,10:41:06,7.15,0.01,260,185642,买盘
1274,10:41:09,7.15,0.0,30,21450,买盘
1275,10:41:12,7.15,0.0,15,10719,买盘
1276,10:41:21,7.15,0.0,1,715,买盘
1277,10:41:27,7.14,-0.01,5,3570,卖盘
1278,10:41:33,7.14,0.0,10,7140,卖盘
1279,10:41:42,7.14,0.0,5,3570,卖盘
1280,10:41:45,7.15,0.01,5,3575,买盘
1281,10:41:48,7.14,-0.01,87,62118,卖盘
1282,10:41:51,7.14,0.0,4,2856,卖盘
1283,10:41:54,7.14,0.0,26,18564,卖盘
1284,10:41:57,7.14,0.0,86,61423,卖盘
1285,10:42:01,7.14,0.0,15,10710,卖盘
1286,10:42:06,7.14,0.0,80,56620,卖盘
1287,10:42:13,7.13,-0.01,9,6417,卖盘
1288,10:42:15,7.13,0.0,7,4993,卖盘
1289,10:42:18,7.14,0.01,30,21420,买盘
1290,10:42:21,7.13,-0.01,27,19251,卖盘
1291,10:42:24,7.14,0.01,16,11418,买盘
1292,10:42:27,7.13,-0.01,54,38502,卖盘
1293,10:42:36,7.14,0.01,7,4998,买盘
1294,10:42:39,7.14,0.0,14,9996,买盘
1295,10:42:42,7.14,0.0,50,35700,买盘
1296,10:42:48,7.13,-0.01,7,4991,卖盘
1297,10:42:51,7.13,0.0,67,47771,卖盘
1298,10:42:57,7.13,0.0,4,2852,卖盘
1299,10:43:00,7.13,0.0,7,4991,卖盘
1300,10:43:04,7.14,0.01,3,2142,买盘
1301,10:43:10,7.14,0.0,16,11424,买盘
1302,10:43:12,7.14,0.0,250,178450,买盘
1303,10:43:21,7.13,-0.01,8,5704,卖盘
1304,10:43:25,7.14,0.01,4,2856,买盘
1305,10:43:27,7.13,-0.01,5,3567,卖盘
1306,10:43:33,7.14,0.01,101,72023,买盘
1307,10:43:36,7.13,-0.01,316,225308,卖盘
1308,10:43:39,7.13,0.0,85,60605,买盘
1309,10:43:42,7.12,-0.01,49,34908,卖盘
1310,10:43:45,7.13,0.01,17,12121,买盘
1311,10:43:55,7.12,-0.01,508,361701,卖盘
1312,10:43:57,7.13,0.01,26,18527,买盘
1313,10:44:04,7.12,-0.01,15,10690,卖盘
1314,10:44:06,7.12,0.0,100,71200,卖盘
1315,10:44:09,7.12,0.0,18,12816,卖盘
1316,10:44:12,7.13,0.01,36,25668,买盘
1317,10:44:15,7.12,-0.01,16,11392,卖盘
1318,10:44:18,7.12,0.0,10,7120,卖盘
1319,10:44:22,7.12,0.0,10,7120,卖盘
1320,10:44:24,7.12,0.0,40,28495,卖盘
1321,10:44:27,7.12,0.0,56,39872,卖盘
1322,10:44:30,7.13,0.01,200,142600,买盘
1323,10:44:33,7.12,-0.01,21,14952,卖盘
1324,10:44:39,7.12,0.0,18,12826,卖盘
1325,10:44:42,7.12,0.0,220,156840,卖盘
1326,10:44:46,7.12,0.0,14,9972,卖盘
1327,10:44:48,7.12,0.0,40,28480,卖盘
1328,10:44:51,7.12,0.0,226,161114,卖盘
1329,10:44:54,7.11,-0.01,262,186527,卖盘
1330,10:44:57,7.12,0.01,21,14952,买盘
1331,10:45:01,7.11,-0.01,20,14220,卖盘
1332,10:45:04,7.11,0.0,33,23463,卖盘
1333,10:45:07,7.11,0.0,505,359055,卖盘
1334,10:45:12,7.11,0.0,4,2844,卖盘
1335,10:45:15,7.11,0.0,96,68256,卖盘
1336,10:45:18,7.11,0.0,91,64701,卖盘
1337,10:45:21,7.11,0.0,59,41949,卖盘
1338,10:45:24,7.11,0.0,39,27729,买盘
1339,10:45:27,7.11,0.0,22,15642,卖盘
1340,10:45:30,7.11,0.0,28,19913,卖盘
1341,10:45:33,7.11,0.0,139,98829,卖盘
1342,10:45:36,7.11,0.0,77,54767,卖盘
1343,10:45:39,7.11,0.0,95,67545,卖盘
1344,10:45:42,7.11,0.0,57,40488,买盘
1345,10:45:45,7.11,0.0,70,49768,买盘
1346,10:45:48,7.11,0.0,70,49767,买盘
1347,10:45:51,7.11,0.0,55,39105,卖盘
1348,10:45:54,7.11,0.0,10,7110,卖盘
1349,10:45:57,7.11,0.0,86,61146,卖盘
1350,10:46:04,7.11,0.0,11,7821,卖盘
1351,10:46:07,7.11,0.0,143,101673,卖盘
1352,10:46:09,7.11,0.0,45,31995,卖盘
1353,10:46:12,7.11,0.0,11,7821,卖盘
1354,10:46:15,7.11,0.0,56,39869,卖盘
1355,10:46:18,7.12,0.01,5,3560,买盘
1356,10:46:21,7.11,-0.01,41,29151,卖盘
1357,10:46:24,7.11,0.0,176,125141,卖盘
1358,10:46:27,7.12,0.01,44,31304,买盘
1359,10:46:30,7.11,-0.01,37,26309,卖盘
1360,10:46:33,7.12,0.01,18,12804,买盘
1361,10:46:36,7.12,0.0,15,10680,买盘
1362,10:46:39,7.12,0.0,32,22783,买盘
1363,10:46:42,7.12,0.0,39,27756,买盘
1364,10:46:45,7.12,0.0,78,55536,买盘
1365,10:46:48,7.12,0.0,6,4272,卖盘
1366,10:46:51,7.12,0.0,118,84035,卖盘
1367,10:46:55,7.12,0.0,124,88301,卖盘
1368,10:46:57,7.12,0.0,1,712,卖盘
1369,10:47:00,7.13,0.01,5,3565,买盘
1370,10:47:03,7.12,-0.01,9,6408,卖盘
1371,10:47:06,7.12,0.0,60,42720,卖盘
1372,10:47:09,7.12,0.0,3,2136,卖盘
1373,10:47:15,7.12,0.0,28,19936,卖盘
1374,10:47:19,7.12,0.0,24,17088,卖盘
1375,10:47:21,7.12,0.0,15,10680,卖盘
1376,10:47:24,7.12,0.0,2,1424,卖盘
1377,10:47:27,7.12,0.0,26,18512,买盘
1378,10:47:30,7.11,-0.01,52,37014,卖盘
1379,10:47:33,7.12,0.01,1,712,买盘
1380,10:47:37,7.11,-0.01,102,72522,卖盘
1381,10:47:42,7.11,0.0,50,35550,卖盘
1382,10:47:45,7.11,0.0,269,191259,卖盘
1383,10:47:48,7.11,0.0,10,7110,卖盘
1384,10:47:51,7.11,0.0,35,24885,卖盘
1385,10:47:54,7.11,0.0,1,711,卖盘
1386,10:47:57,7.11,0.0,45,31995,卖盘
1387,10:48:00,7.11,0.0,26,18496,卖盘
1388,10:48:03,7.11,0.0,198,140778,卖盘
1389,10:48:06,7.11,0.0,81,57591,买盘
1390,10:48:09,7.12,0.01,3,2136,买盘
1391,10:48:12,7.11,-0.01,196,139391,卖盘
1392,10:48:15,7.11,0.0,14,9954,卖盘
1393,10:48:18,7.11,0.0,2,1422,买盘
1394,10:48:21,7.11,0.0,7,4977,买盘
1395,10:48:24,7.11,0.0,7,4977,买盘
1396,10:48:27,7.11,0.0,20,14220,买盘
1397,10:48:33,7.1,-0.01,175,124250,卖盘
1398,10:48:36,7.1,0.0,4,2840,卖盘
1399,10:48:39,7.11,0.01,188,133485,买盘
1400,10:48:42,7.1,-0.01,699,496290,卖盘
1401,10:48:45,7.1,0.0,7,4970,买盘
1402,10:48:48,7.09,-0.01,100,70900,卖盘
1403,10:48:52,7.09,0.0,95,67360,卖盘
1404,10:48:54,7.09,0.0,28,19852,卖盘
1405,10:48:57,7.09,0.0,51,36159,卖盘
1406,10:49:01,7.09,0.0,121,85789,卖盘
1407,10:49:04,7.09,0.0,88,62442,卖盘
1408,10:49:06,7.09,0.0,20,14180,卖盘
1409,10:49:09,7.08,-0.01,10,7080,卖盘
1410,10:49:12,7.08,0.0,20,14160,卖盘
1411,10:49:15,7.09,0.01,10,7090,买盘
1412,10:49:18,7.08,-0.01,536,379488,卖盘
1413,10:49:21,7.08,0.0,33,23364,买盘
1414,10:49:24,7.08,0.0,16,11328,买盘
1415,10:49:27,7.07,-0.01,140,99080,卖盘
1416,10:49:30,7.08,0.01,263,185956,买盘
1417,10:49:33,7.07,-0.01,475,335889,卖盘
1418,10:49:36,7.07,0.0,179,126569,卖盘
1419,10:49:39,7.07,0.0,112,79184,买盘
1420,10:49:45,7.07,0.0,40,28279,买盘
1421,10:49:49,7.07,0.0,145,102390,买盘
1422,10:49:52,7.07,0.0,15,10602,买盘
1423,10:49:54,7.07,0.0,85,60060,买盘
1424,10:49:57,7.07,0.0,60,42420,买盘
1425,10:50:00,7.07,0.0,29,20497,买盘
1426,10:50:04,7.07,0.0,93,65751,买盘
1427,10:50:06,7.06,-0.01,69,48769,卖盘
1428,10:50:12,7.07,0.01,150,106050,卖盘
1429,10:50:15,7.07,0.0,13,9191,卖盘
1430,10:50:18,7.07,0.0,42,29729,卖盘
1431,10:50:21,7.08,0.01,125,88398,买盘
1432,10:50:24,7.07,-0.01,25,17675,卖盘
1433,10:50:27,7.08,0.01,70,49560,买盘
1434,10:50:30,7.07,-0.01,38,26894,卖盘
1435,10:50:36,7.08,0.01,44,31604,买盘
1436,10:50:39,7.09,0.01,10,7090,买盘
1437,10:50:42,7.08,-0.01,20,14160,卖盘
1438,10:50:45,7.08,0.0,20,14177,卖盘
1439,10:50:51,7.09,0.01,10,7085,买盘
1440,10:50:57,7.09,0.0,36,25509,买盘
1441,10:51:00,7.09,0.0,64,45376,买盘
1442,10:51:03,7.09,0.0,18,12762,买盘
1443,10:51:06,7.09,0.0,25,17725,买盘
1444,10:51:10,7.08,-0.01,106,75104,卖盘
1445,10:51:12,7.09,0.01,32,22686,买盘
1446,10:51:15,7.09,0.0,149,105607,买盘
1447,10:51:21,7.09,0.0,183,129727,买盘
1448,10:51:24,7.08,-0.01,17,12050,卖盘
1449,10:51:27,7.09,0.01,118,83662,买盘
1450,10:51:30,7.09,0.0,11,7799,卖盘
1451,10:51:33,7.08,-0.01,10,7080,卖盘
1452,10:51:36,7.09,0.01,103,73024,买盘
1453,10:51:42,7.09,0.0,5,3545,卖盘
1454,10:51:45,7.1,0.01,45,31915,买盘
1455,10:51:48,7.09,-0.01,5,3545,卖盘
1456,10:51:51,7.09,0.0,23,16307,卖盘
1457,10:51:54,7.1,0.01,20,14200,买盘
1458,10:51:57,7.09,-0.01,46,32614,卖盘
1459,10:52:04,7.09,0.0,5,3545,买盘
1460,10:52:06,7.09,0.0,3,2127,买盘
1461,10:52:09,7.09,0.0,92,65142,买盘
1462,10:52:12,7.09,0.0,17,12053,买盘
1463,10:52:15,7.09,0.0,50,35450,买盘
1464,10:52:18,7.08,-0.01,4,2832,卖盘
1465,10:52:24,7.09,0.01,10,7090,买盘
1466,10:52:27,7.08,-0.01,183,129600,卖盘
1467,10:52:30,7.09,0.01,1,709,买盘
1468,10:52:33,7.08,-0.01,25,17700,卖盘
1469,10:52:36,7.09,0.01,88,62315,买盘
1470,10:52:39,7.08,-0.01,6,4248,卖盘
1471,10:52:45,7.08,0.0,163,115404,卖盘
1472,10:52:48,7.08,0.0,83,58764,卖盘
1473,10:52:54,7.09,0.01,76,53818,买盘
1474,10:53:00,7.09,0.0,14,9916,买盘
1475,10:53:04,7.09,0.0,501,354709,买盘
1476,10:53:06,7.08,-0.01,5,3540,卖盘
1477,10:53:09,7.08,0.0,1,708,买盘
1478,10:53:16,7.08,0.0,92,65136,买盘
1479,10:53:21,7.08,0.0,117,82804,买盘
1480,10:53:24,7.07,-0.01,24,16968,卖盘
1481,10:53:27,7.07,0.0,238,168304,卖盘
1482,10:53:30,7.07,0.0,278,196550,卖盘
1483,10:53:33,7.08,0.01,27,19109,买盘
1484,10:53:36,7.08,0.0,9,6372,买盘
1485,10:53:39,7.08,0.0,105,74240,买盘
1486,10:53:42,7.07,-0.01,45,31815,卖盘
1487,10:53:49,7.07,0.0,13,9191,买盘
1488,10:53:51,7.06,-0.01,25,17655,卖盘
1489,10:53:54,7.06,0.0,137,96839,卖盘
1490,10:53:57,7.07,0.01,105,74140,买盘
1491,10:54:00,7.07,0.0,53,37439,买盘
1492,10:54:04,7.06,-0.01,296,209007,卖盘
1493,10:54:06,7.06,0.0,133,94006,卖盘
1494,10:54:09,7.06,0.0,50,35300,卖盘
1495,10:54:12,7.06,0.0,179,126379,卖盘
1496,10:54:15,7.06,0.0,70,49420,卖盘
1497,10:54:18,7.06,0.0,15,10590,卖盘
1498,10:54:21,7.06,0.0,16,11296,卖盘
1499,10:54:24,7.06,0.0,24,16944,买盘
1500,10:54:27,7.06,0.0,99,69894,买盘
1501,10:54:30,7.06,0.0,61,43066,买盘
1502,10:54:33,7.06,0.0,22,15552,卖盘
1503,10:54:36,7.06,0.0,16,11296,卖盘
1504,10:54:39,7.06,0.0,46,32481,卖盘
1505,10:54:42,7.06,0.0,95,67070,卖盘
1506,10:54:45,7.06,0.0,139,98164,卖盘
1507,10:54:48,7.06,0.0,20,14120,卖盘
1508,10:54:51,7.07,0.01,11,7774,中性盘
1509,10:54:57,7.06,-0.01,370,261252,卖盘
1510,10:55:00,7.06,0.0,18,12708,买盘
1511,10:55:04,7.06,0.0,7,4942,买盘
1512,10:55:06,7.06,0.0,13,9178,买盘
1513,10:55:09,7.06,0.0,91,64196,买盘
1514,10:55:15,7.06,0.0,21,14826,买盘
1515,10:55:18,7.07,0.01,10,7070,买盘
1516,10:55:22,7.06,-0.01,36,25416,卖盘
1517,10:55:24,7.06,0.0,20,14120,卖盘
1518,10:55:30,7.06,0.0,94,66457,卖盘
1519,10:55:33,7.07,0.01,2,1414,买盘
1520,10:55:36,7.06,-0.01,11,7766,卖盘
1521,10:55:39,7.06,0.0,108,76248,卖盘
1522,10:55:42,7.07,0.01,6,4241,买盘
1523,10:55:45,7.06,-0.01,10,7060,卖盘
1524,10:55:51,7.07,0.01,25,17675,买盘
1525,10:55:54,7.06,-0.01,183,129198,卖盘
1526,10:56:00,7.07,0.01,45,31815,买盘
1527,10:56:04,7.07,0.0,5,3535,买盘
1528,10:56:06,7.07,0.0,64,45248,买盘
1529,10:56:09,7.06,-0.01,150,105900,卖盘
1530,10:56:12,7.06,0.0,75,52956,卖盘
1531,10:56:15,7.06,0.0,101,71306,卖盘
1532,10:56:21,7.07,0.01,40,28280,买盘
1533,10:56:27,7.06,-0.01,38,26828,卖盘
1534,10:56:31,7.07,0.01,28,19796,买盘
1535,10:56:37,7.07,0.0,10,7070,买盘
1536,10:56:40,7.06,-0.01,56,39556,卖盘
1537,10:56:45,7.07,0.01,170,120090,买盘
1538,10:56:48,7.07,0.0,115,81305,买盘
1539,10:56:51,7.07,0.0,49,34643,买盘
1540,10:56:57,7.08,0.01,2,1416,买盘
1541,10:57:00,7.08,0.0,16,11328,买盘
1542,10:57:04,7.08,0.0,30,21240,买盘
1543,10:57:09,7.08,0.0,16,11328,买盘
1544,10:57:12,7.08,0.0,59,41734,买盘
1545,10:57:15,7.08,0.0,52,36816,买盘
1546,10:57:18,7.08,0.0,23,16284,买盘
1547,10:57:21,7.08,0.0,57,40346,买盘
1548,10:57:24,7.08,0.0,3,2124,买盘
1549,10:57:27,7.08,0.0,51,36108,买盘
1550,10:57:31,7.09,0.01,5,3545,买盘
1551,10:57:34,7.09,0.0,86,60908,买盘
1552,10:57:36,7.08,-0.01,5,3540,卖盘
1553,10:57:39,7.09,0.01,10,7090,买盘
1554,10:57:42,7.09,0.0,91,64519,买盘
1555,10:57:45,7.08,-0.01,50,35435,卖盘
1556,10:57:54,7.08,0.0,21,14874,卖盘
1557,10:57:57,7.09,0.01,9,6379,买盘
1558,10:58:04,7.09,0.0,10,7090,买盘
1559,10:58:12,7.09,0.0,42,29778,买盘
1560,10:58:15,7.09,0.0,30,21270,买盘
1561,10:58:21,7.09,0.0,6,4254,买盘
1562,10:58:24,7.09,0.0,5,3545,买盘
1563,10:58:30,7.08,-0.01,50,35400,卖盘
1564,10:58:40,7.08,0.0,11,7788,卖盘
1565,10:58:42,7.08,0.0,50,35400,卖盘
1566,10:58:45,7.08,0.0,5,3540,卖盘
1567,10:58:51,7.08,0.0,27,19116,卖盘
1568,10:58:54,7.09,0.01,31,21974,买盘
1569,10:58:57,7.09,0.0,32,22678,买盘
1570,10:59:13,7.08,-0.01,173,122484,卖盘
1571,10:59:15,7.08,0.0,35,24780,卖盘
1572,10:59:18,7.08,0.0,60,42480,卖盘
1573,10:59:21,7.08,0.0,12,8496,卖盘
1574,10:59:24,7.07,-0.01,43,30439,卖盘
1575,10:59:30,7.08,0.01,23,16284,买盘
1576,10:59:33,7.07,-0.01,20,14140,卖盘
1577,10:59:42,7.07,0.0,1,707,卖盘
1578,10:59:45,7.08,0.01,193,136462,买盘
1579,10:59:48,7.07,-0.01,7,4949,卖盘
1580,10:59:55,7.08,0.01,10,7080,买盘
1581,10:59:57,7.08,0.0,66,46728,买盘
1582,11:00:03,7.08,0.0,105,74340,买盘
1583,11:00:06,7.07,-0.01,2,1415,卖盘
1584,11:00:10,7.08,0.01,10,7080,买盘
1585,11:00:13,7.08,0.0,1,708,买盘
1586,11:00:19,7.07,-0.01,30,21210,卖盘
1587,11:00:24,7.08,0.01,1,708,买盘
1588,11:00:30,7.08,0.0,50,35400,买盘
1589,11:00:34,7.07,-0.01,49,34643,卖盘
1590,11:00:39,7.08,0.01,6,4248,买盘
1591,11:00:42,7.07,-0.01,13,9199,卖盘
1592,11:00:45,7.08,0.01,10,7080,买盘
1593,11:00:48,7.08,0.0,20,14160,买盘
1594,11:00:51,7.08,0.0,13,9204,买盘
1595,11:00:54,7.07,-0.01,10,7070,卖盘
1596,11:00:57,7.08,0.01,3,2124,买盘
1597,11:01:04,7.08,0.0,15,10620,买盘
1598,11:01:12,7.08,0.0,62,43864,买盘
1599,11:01:15,7.07,-0.01,2,1414,卖盘
1600,11:01:18,7.07,0.0,15,10605,卖盘
1601,11:01:21,7.08,0.01,2,1416,买盘
1602,11:01:27,7.07,-0.01,110,77780,卖盘
1603,11:01:30,7.07,0.0,88,62226,卖盘
1604,11:01:33,7.08,0.01,77,54489,买盘
1605,11:01:42,7.08,0.0,2,1416,买盘
1606,11:01:48,7.08,0.0,15,10620,买盘
1607,11:01:51,7.08,0.0,112,79296,买盘
1608,11:01:54,7.08,0.0,5,3540,买盘
1609,11:01:57,7.08,0.0,53,37524,买盘
1610,11:02:00,7.08,0.0,1,708,买盘
1611,11:02:04,7.07,-0.01,3,2121,卖盘
1612,11:02:06,7.08,0.01,20,14160,买盘
1613,11:02:18,7.08,0.0,45,31860,买盘
1614,11:02:27,7.07,-0.01,33,23341,卖盘
1615,11:02:30,7.08,0.01,20,14160,买盘
1616,11:02:33,7.07,-0.01,13,9191,卖盘
1617,11:02:39,7.07,0.0,70,49540,卖盘
1618,11:02:42,7.07,0.0,4,2828,卖盘
1619,11:02:51,7.07,0.0,10,7070,卖盘
1620,11:02:54,7.08,0.01,10,7079,买盘
1621,11:03:00,7.08,0.0,15,10620,买盘
1622,11:03:18,7.08,0.0,336,237888,买盘
1623,11:03:21,7.08,0.0,104,73628,买盘
1624,11:03:24,7.08,0.0,17,12036,买盘
1625,11:03:27,7.08,0.0,57,40356,买盘
1626,11:03:30,7.08,0.0,39,27612,买盘
1627,11:03:42,7.08,0.0,5,3540,卖盘
1628,11:03:51,7.08,0.0,10,7080,卖盘
1629,11:03:57,7.08,0.0,3,2124,卖盘
1630,11:04:00,7.09,0.01,5,3545,买盘
1631,11:04:04,7.08,-0.01,122,86376,卖盘
1632,11:04:09,7.08,0.0,5,3540,卖盘
1633,11:04:21,7.09,0.01,93,65877,买盘
1634,11:04:27,7.08,-0.01,1,708,卖盘
1635,11:04:30,7.09,0.01,16,11329,买盘
1636,11:04:33,7.09,0.0,15,10635,买盘
1637,11:04:39,7.09,0.0,7,4963,买盘
1638,11:04:42,7.09,0.0,173,122657,买盘
1639,11:04:46,7.09,0.0,30,21270,买盘
1640,11:04:52,7.09,0.0,12,8508,买盘
1641,11:04:57,7.08,-0.01,9,6379,卖盘
1642,11:05:04,7.09,0.01,20,14180,买盘
1643,11:05:06,7.08,-0.01,4,2835,卖盘
1644,11:05:09,7.09,0.01,7,4962,买盘
1645,11:05:12,7.09,0.0,37,26213,买盘
1646,11:05:15,7.09,0.0,26,18434,买盘
1647,11:05:18,7.09,0.0,30,21270,买盘
1648,11:05:21,7.09,0.0,34,24106,买盘
1649,11:05:39,7.09,0.0,2,1418,卖盘
1650,11:05:42,7.09,0.0,59,41832,卖盘
1651,11:05:48,7.09,0.0,29,20561,买盘
1652,11:05:51,7.09,0.0,33,23397,买盘
1653,11:05:54,7.08,-0.01,11,7788,卖盘
1654,11:05:57,7.09,0.01,28,19852,买盘
1655,11:06:00,7.08,-0.01,50,35400,卖盘
1656,11:06:10,7.09,0.01,21,14889,买盘
1657,11:06:12,7.08,-0.01,15,10620,卖盘
1658,11:06:15,7.09,0.01,2,1418,买盘
1659,11:06:18,7.09,0.0,2,1418,买盘
1660,11:06:21,7.09,0.0,2,1418,买盘
1661,11:06:27,7.09,0.0,148,104932,买盘
1662,11:06:30,7.08,-0.01,1,708,卖盘
1663,11:06:36,7.09,0.01,5,3545,买盘
1664,11:06:39,7.09,0.0,3,2127,买盘
1665,11:06:46,7.08,-0.01,200,141600,卖盘
1666,11:06:51,7.08,0.0,82,58058,卖盘
1667,11:06:54,7.08,0.0,1,708,卖盘
1668,11:06:57,7.08,0.0,11,7788,卖盘
1669,11:07:00,7.08,0.0,6,4248,卖盘
1670,11:07:06,7.08,0.0,50,35400,卖盘
1671,11:07:09,7.08,0.0,256,181248,卖盘
1672,11:07:21,7.07,-0.01,10,7070,卖盘
1673,11:07:24,7.08,0.01,10,7080,买盘
1674,11:07:27,7.08,0.0,9,6372,买盘
1675,11:07:30,7.07,-0.01,100,70700,卖盘
1676,11:07:40,7.07,0.0,20,14140,卖盘
1677,11:07:42,7.08,0.01,110,77780,买盘
1678,11:07:51,7.08,0.0,65,45980,买盘
1679,11:07:54,7.08,0.0,1,708,买盘
1680,11:07:57,7.08,0.0,5,3540,买盘
1681,11:08:00,7.08,0.0,104,73632,买盘
1682,11:08:04,7.07,-0.01,18,12726,卖盘
1683,11:08:09,7.07,0.0,3,2121,卖盘
1684,11:08:13,7.08,0.01,1,708,买盘
1685,11:08:16,7.07,-0.01,149,105369,卖盘
1686,11:08:18,7.08,0.01,4,2829,买盘
1687,11:08:21,7.08,0.0,2,1416,买盘
1688,11:08:30,7.08,0.0,1,708,买盘
1689,11:08:33,7.08,0.0,10,7071,买盘
1690,11:08:36,7.08,0.0,70,49560,买盘
1691,11:08:39,7.08,0.0,3,2124,买盘
1692,11:08:48,7.08,0.0,9,6364,买盘
1693,11:08:55,7.08,0.0,3,2124,买盘
1694,11:08:57,7.08,0.0,50,35400,买盘
1695,11:09:01,7.07,-0.01,35,24745,卖盘
1696,11:09:06,7.08,0.01,1,708,买盘
1697,11:09:09,7.07,-0.01,40,28280,卖盘
1698,11:09:12,7.07,0.0,27,19089,卖盘
1699,11:09:15,7.07,0.0,3,2121,卖盘
1700,11:09:21,7.07,0.0,213,150591,卖盘
1701,11:09:25,7.08,0.01,335,237180,买盘
1702,11:09:27,7.07,-0.01,3,2121,卖盘
1703,11:09:36,7.08,0.01,4,2393,买盘
1704,11:09:39,7.08,0.0,10,7519,卖盘
1705,11:09:42,7.07,-0.01,40,28280,卖盘
1706,11:09:48,7.07,0.0,240,169680,卖盘
1707,11:09:51,7.07,0.0,29,20503,卖盘
1708,11:09:54,7.07,0.0,588,415716,卖盘
1709,11:09:57,7.07,0.0,20,14130,买盘
1710,11:10:00,7.07,0.0,12,8484,买盘
1711,11:10:04,7.06,-0.01,4,2824,卖盘
1712,11:10:06,7.06,0.0,92,65034,卖盘
1713,11:10:09,7.06,0.0,21,14826,卖盘
1714,11:10:12,7.06,0.0,33,23304,卖盘
1715,11:10:15,7.06,0.0,533,376303,卖盘
1716,11:10:19,7.06,0.0,373,263338,卖盘
1717,11:10:24,7.06,0.0,88,62128,买盘
1718,11:10:27,7.05,-0.01,65,45825,卖盘
1719,11:10:30,7.05,0.0,183,129015,卖盘
1720,11:10:33,7.05,0.0,818,576690,卖盘
1721,11:10:39,7.04,-0.01,20,14080,卖盘
1722,11:10:42,7.05,0.01,64,45064,买盘
1723,11:10:45,7.05,0.0,300,211329,买盘
1724,11:10:48,7.04,-0.01,5,3520,买盘
1725,11:10:54,7.03,-0.01,12,8436,卖盘
1726,11:10:57,7.03,0.0,10,7030,卖盘
1727,11:11:00,7.03,0.0,30,21090,卖盘
1728,11:11:04,7.04,0.01,277,195008,买盘
1729,11:11:06,7.04,0.0,156,109824,卖盘
1730,11:11:09,7.04,0.0,276,194334,卖盘
1731,11:11:12,7.04,0.0,60,42240,卖盘
1732,11:11:15,7.04,0.0,1,704,卖盘
1733,11:11:18,7.04,0.0,78,54916,卖盘
1734,11:11:25,7.04,0.0,9,6336,买盘
1735,11:11:27,7.04,0.0,77,54199,买盘
1736,11:11:30,7.04,0.0,11,7744,卖盘
1737,11:11:33,7.04,0.0,80,56290,卖盘
1738,11:11:36,7.04,0.0,1,704,卖盘
1739,11:11:39,7.05,0.01,189,133244,买盘
1740,11:11:42,7.05,0.0,27,19035,卖盘
1741,11:11:45,7.05,0.0,69,48645,卖盘
1742,11:11:48,7.05,0.0,2,1410,买盘
1743,11:11:51,7.04,-0.01,10,7040,卖盘
1744,11:11:58,7.05,0.01,88,62040,买盘
1745,11:12:00,7.04,-0.01,134,94336,卖盘
1746,11:12:04,7.04,0.0,20,14080,买盘
1747,11:12:06,7.04,0.0,10,7040,买盘
1748,11:12:09,7.04,0.0,13,9142,买盘
1749,11:12:12,7.04,0.0,40,28160,买盘
1750,11:12:15,7.03,-0.01,45,31635,卖盘
1751,11:12:18,7.04,0.01,52,36588,买盘
1752,11:12:21,7.04,0.0,69,48571,买盘
1753,11:12:24,7.03,-0.01,460,323405,卖盘
1754,11:12:27,7.04,0.01,33,23204,买盘
1755,11:12:31,7.03,-0.01,84,59052,卖盘
1756,11:12:34,7.03,0.0,24,16872,卖盘
1757,11:12:36,7.03,0.0,50,35150,卖盘
1758,11:12:40,7.03,0.0,20,14060,买盘
1759,11:12:43,7.03,0.0,6,4218,买盘
1760,11:12:46,7.03,0.0,1001,702079,买盘
1761,11:12:48,7.01,-0.02,14,9819,卖盘
1762,11:12:51,7.02,0.01,20,14040,买盘
1763,11:12:54,7.02,0.0,153,107328,买盘
1764,11:12:57,7.02,0.0,36,25272,卖盘
1765,11:13:00,7.03,0.01,25,17575,买盘
1766,11:13:03,7.02,-0.01,3,2106,卖盘
1767,11:13:07,7.01,-0.01,103,72244,卖盘
1768,11:13:10,7.02,0.01,19,13338,买盘
1769,11:13:12,7.02,0.0,27,18954,买盘
1770,11:13:16,7.02,0.0,73,51246,买盘
1771,11:13:19,7.01,-0.01,56,39269,卖盘
1772,11:13:24,7.01,0.0,92,64492,卖盘
1773,11:13:30,7.02,0.01,76,53352,买盘
1774,11:13:33,7.02,0.0,68,47721,卖盘
1775,11:13:36,7.02,0.0,32,22464,卖盘
1776,11:13:39,7.03,0.01,30,21080,买盘
1777,11:13:42,7.02,-0.01,34,23868,卖盘
1778,11:13:48,7.02,0.0,5,3510,卖盘
1779,11:13:51,7.02,0.0,6,4212,卖盘
1780,11:13:54,7.03,0.01,1,703,买盘
1781,11:13:57,7.02,-0.01,11,7722,卖盘
1782,11:14:00,7.02,0.0,11,7722,卖盘
1783,11:14:04,7.02,0.0,142,99738,卖盘
1784,11:14:06,7.03,0.01,16,11248,买盘
1785,11:14:09,7.02,-0.01,249,174894,卖盘
1786,11:14:15,7.03,0.01,80,56240,卖盘
1787,11:14:22,7.03,0.0,150,105402,卖盘
1788,11:14:27,7.02,-0.01,20,14042,卖盘
1789,11:14:30,7.02,0.0,16,11232,卖盘
1790,11:14:33,7.03,0.01,73,51319,买盘
1791,11:14:36,7.02,-0.01,1,702,卖盘
1792,11:14:40,7.03,0.01,34,23902,买盘
1793,11:14:43,7.03,0.0,16,11248,买盘
1794,11:14:48,7.03,0.0,26,18278,卖盘
1795,11:14:54,7.03,0.0,16,11248,卖盘
1796,11:15:00,7.03,0.0,20,14060,卖盘
1797,11:15:04,7.04,0.01,56,39378,买盘
1798,11:15:06,7.03,-0.01,25,17575,卖盘
1799,11:15:09,7.04,0.01,13,9152,买盘
1800,11:15:12,7.04,0.0,10,7040,买盘
1801,11:15:15,7.04,0.0,10,7040,买盘
1802,11:15:18,7.03,-0.01,42,29526,卖盘
1803,11:15:21,7.03,0.0,18,12659,卖盘
1804,11:15:27,7.04,0.01,20,14065,买盘
1805,11:15:30,7.04,0.0,40,28150,买盘
1806,11:15:33,7.03,-0.01,626,440161,卖盘
1807,11:15:36,7.04,0.01,20,14080,中性盘
1808,11:15:42,7.03,-0.01,33,23228,卖盘
1809,11:15:45,7.04,0.01,82,57661,买盘
1810,11:15:48,7.04,0.0,29,20415,买盘
1811,11:16:03,7.03,-0.01,66,46398,卖盘
1812,11:16:06,7.03,0.0,57,40071,买盘
1813,11:16:09,7.04,0.01,50,35169,买盘
1814,11:16:12,7.03,-0.01,3,2109,中性盘
1815,11:16:18,7.03,0.0,8,5624,卖盘
1816,11:16:21,7.03,0.0,58,40774,卖盘
1817,11:16:27,7.02,-0.01,200,140400,卖盘
1818,11:16:34,7.02,0.0,207,145314,卖盘
1819,11:16:39,7.02,0.0,55,38610,卖盘
1820,11:16:42,7.02,0.0,69,48448,卖盘
1821,11:16:45,7.02,0.0,13,9126,卖盘
1822,11:16:48,7.02,0.0,23,16146,卖盘
1823,11:16:54,7.02,0.0,30,21060,买盘
1824,11:16:57,7.01,-0.01,3,2103,卖盘
1825,11:17:01,7.02,0.01,104,72979,买盘
1826,11:17:04,7.02,0.0,1,702,买盘
1827,11:17:06,7.02,0.0,30,21060,买盘
1828,11:17:09,7.02,0.0,28,19649,买盘
1829,11:17:12,7.02,0.0,4,2808,买盘
1830,11:17:18,7.02,0.0,30,21060,买盘
1831,11:17:22,7.02,0.0,1,702,买盘
1832,11:17:25,7.02,0.0,65,45630,买盘
1833,11:17:30,7.02,0.0,3,2106,卖盘
1834,11:17:34,7.02,0.0,57,40014,卖盘
1835,11:17:37,7.03,0.01,18,12654,买盘
1836,11:17:39,7.02,-0.01,80,56215,卖盘
1837,11:17:42,7.03,0.01,6,4218,买盘
1838,11:17:45,7.03,0.0,110,77320,买盘
1839,11:17:48,7.03,0.0,58,40764,买盘
1840,11:17:51,7.03,0.0,5,3515,买盘
1841,11:17:54,7.03,0.0,24,16852,买盘
1842,11:17:57,7.03,0.0,133,93499,买盘
1843,11:18:04,7.03,0.0,73,51319,卖盘
1844,11:18:06,7.04,0.01,20,14080,买盘
1845,11:18:12,7.03,-0.01,27,18981,卖盘
1846,11:18:15,7.04,0.01,8,5632,买盘
1847,11:18:21,7.04,0.0,9,6336,买盘
1848,11:18:24,7.03,-0.01,8,5624,卖盘
1849,11:18:27,7.03,0.0,54,37962,卖盘
1850,11:18:30,7.04,0.01,1,704,买盘
1851,11:18:36,7.03,-0.01,9,6327,卖盘
1852,11:18:39,7.04,0.01,10,7040,买盘
1853,11:18:42,7.04,0.0,8,5632,买盘
1854,11:18:46,7.04,0.0,42,29568,买盘
1855,11:18:51,7.03,-0.01,143,100529,卖盘
1856,11:18:54,7.03,0.0,6,4218,买盘
1857,11:18:57,7.03,0.0,61,42883,买盘
1858,11:19:06,7.04,0.01,25,17600,买盘
1859,11:19:09,7.03,-0.01,10,7030,卖盘
1860,11:19:12,7.04,0.01,6,4224,买盘
1861,11:19:18,7.04,0.0,33,23212,买盘
1862,11:19:21,7.03,-0.01,5,3515,卖盘
1863,11:19:24,7.04,0.01,100,70400,买盘
1864,11:19:27,7.04,0.0,10,7040,买盘
1865,11:19:30,7.04,0.0,4,2816,买盘
1866,11:19:33,7.04,0.0,41,28864,买盘
1867,11:19:37,7.04,0.0,25,17600,买盘
1868,11:19:40,7.04,0.0,66,46464,买盘
1869,11:19:42,7.04,0.0,43,30272,买盘
1870,11:19:45,7.04,0.0,40,28160,买盘
1871,11:19:48,7.04,0.0,33,23212,买盘
1872,11:19:51,7.04,0.0,19,13376,买盘
1873,11:19:54,7.05,0.01,100,70500,买盘
1874,11:20:04,7.05,0.0,6,4229,买盘
1875,11:20:07,7.05,0.0,29,20445,买盘
1876,11:20:09,7.05,0.0,33,23265,买盘
1877,11:20:13,7.05,0.0,8,5640,买盘
1878,11:20:15,7.05,0.0,40,28200,买盘
1879,11:20:18,7.05,0.0,17,11992,买盘
1880,11:20:21,7.07,0.02,238,168103,买盘
1881,11:20:30,7.06,-0.01,51,36023,卖盘
1882,11:20:37,7.08,0.02,136,95849,买盘
1883,11:20:39,7.08,0.0,53,37534,卖盘
1884,11:20:42,7.08,0.0,179,127171,卖盘
1885,11:20:51,7.08,0.0,6,4248,买盘
1886,11:20:54,7.07,-0.01,10,7070,卖盘
1887,11:21:13,7.08,0.01,44,31152,买盘
1888,11:21:16,7.07,-0.01,164,115948,卖盘
1889,11:21:18,7.08,0.01,15,10620,买盘
1890,11:21:25,7.07,-0.01,65,46000,卖盘
1891,11:21:27,7.08,0.01,6,4248,买盘
1892,11:21:30,7.07,-0.01,17,12019,卖盘
1893,11:21:36,7.07,0.0,57,40246,买盘
1894,11:21:42,7.07,0.0,6,4242,买盘
1895,11:21:45,7.07,0.0,30,21210,买盘
1896,11:21:51,7.07,0.0,2,1414,买盘
1897,11:21:54,7.07,0.0,4,2828,买盘
1898,11:22:00,7.06,-0.01,27,19069,卖盘
1899,11:22:06,7.06,0.0,30,21180,卖盘
1900,11:22:24,7.06,0.0,3,2118,卖盘
1901,11:22:33,7.06,0.0,10,7060,卖盘
1902,11:22:42,7.07,0.01,62,43834,买盘
1903,11:22:52,7.08,0.01,14,9907,买盘
1904,11:22:55,7.07,-0.01,5,3535,卖盘
1905,11:23:04,7.08,0.01,34,24072,买盘
1906,11:23:12,7.08,0.0,4,2832,买盘
1907,11:23:15,7.08,0.0,1,708,买盘
1908,11:23:22,7.08,0.0,9,6372,买盘
1909,11:23:27,7.08,0.0,97,68676,买盘
1910,11:23:30,7.08,0.0,162,114596,买盘
1911,11:23:39,7.06,-0.02,96,67845,卖盘
1912,11:23:45,7.06,0.0,2,1412,卖盘
1913,11:23:48,7.08,0.02,130,91997,买盘
1914,11:24:00,7.06,-0.02,64,45225,卖盘
1915,11:24:09,7.07,0.01,30,21188,买盘
1916,11:24:15,7.06,-0.01,12,8472,卖盘
1917,11:24:24,7.06,0.0,280,197745,卖盘
1918,11:24:27,7.06,0.0,34,24018,卖盘
1919,11:24:30,7.07,0.01,11,7774,买盘
1920,11:24:36,7.06,-0.01,10,7060,买盘
1921,11:24:42,7.06,0.0,10,7060,卖盘
1922,11:24:45,7.06,0.0,32,22592,卖盘
1923,11:25:06,7.06,0.0,2,1412,卖盘
1924,11:25:09,7.06,0.0,12,8472,卖盘
1925,11:25:12,7.06,0.0,113,79888,卖盘
1926,11:25:15,7.06,0.0,16,11296,卖盘
1927,11:25:18,7.07,0.01,8,5656,买盘
1928,11:25:24,7.07,0.0,5,3535,买盘
1929,11:25:27,7.06,-0.01,44,31069,卖盘
1930,11:25:30,7.06,0.0,17,12002,买盘
1931,11:25:33,7.06,0.0,5,3530,买盘
1932,11:25:36,7.06,0.0,1,706,买盘
1933,11:25:39,7.06,0.0,1,706,买盘
1934,11:25:51,7.06,0.0,160,112960,买盘
1935,11:26:00,7.06,0.0,405,285930,卖盘
1936,11:26:06,7.06,0.0,160,112960,卖盘
1937,11:26:30,7.05,-0.01,14,9870,卖盘
1938,11:27:04,7.05,0.0,28,19740,卖盘
1939,11:27:09,7.06,0.01,1,706,买盘
1940,11:27:12,7.06,0.0,42,29652,买盘
1941,11:27:18,7.06,0.0,1,706,买盘
1942,11:27:28,7.05,-0.01,8,5640,卖盘
1943,11:27:30,7.06,0.01,6,4236,买盘
1944,11:27:33,7.06,0.0,41,28946,买盘
1945,11:27:42,7.06,0.0,5,3530,买盘
1946,11:27:45,7.06,0.0,11,7766,买盘
1947,11:27:55,7.06,0.0,11,7766,买盘
1948,11:27:57,7.06,0.0,50,35300,买盘
1949,11:28:01,7.05,-0.01,6,4231,卖盘
1950,11:28:04,7.06,0.01,31,21875,买盘
1951,11:28:06,7.05,-0.01,10,7050,卖盘
1952,11:28:09,7.06,0.01,112,79062,买盘
1953,11:28:24,7.06,0.0,28,19768,买盘
1954,11:28:27,7.06,0.0,4,2824,买盘
1955,11:28:36,7.06,0.0,4,2824,买盘
1956,11:28:45,7.06,0.0,1,706,买盘
1957,11:28:48,7.05,-0.01,25,17625,卖盘
1958,11:28:57,7.06,0.01,118,83308,买盘
1959,11:29:03,7.06,0.0,6,4236,卖盘
1960,11:29:06,7.05,-0.01,111,78278,卖盘
1961,11:29:12,7.06,0.01,4,2824,买盘
1962,11:29:15,7.06,0.0,4,2824,买盘
1963,11:29:27,7.05,-0.01,15,10575,卖盘
1964,11:29:30,7.05,0.0,20,14100,卖盘
1965,11:29:36,7.06,0.01,10,7060,买盘
1966,11:29:42,7.05,-0.01,10,7050,卖盘
1967,11:29:48,7.06,0.01,15,10590,买盘
1968,11:29:51,7.06,0.0,65,45865,买盘
1969,11:29:57,7.06,0.0,95,67070,买盘
1970,13:00:00,7.05,-0.01,10,7050,卖盘
1971,13:00:04,7.05,0.0,798,563410,卖盘
1972,13:00:07,7.06,0.01,16,11296,中性盘
1973,13:00:09,7.06,0.0,50,35300,卖盘
1974,13:00:48,7.06,0.0,10,7060,卖盘
1975,13:00:51,7.06,0.0,79,55774,卖盘
1976,13:01:00,7.07,0.01,2,1413,买盘
1977,13:01:04,7.06,-0.01,1,706,卖盘
1978,13:01:12,7.06,0.0,10,7060,买盘
1979,13:01:21,7.06,0.0,52,36712,买盘
1980,13:01:24,7.05,-0.01,8,5640,卖盘
1981,13:01:27,7.05,0.0,1,705,卖盘
1982,13:01:39,7.06,0.01,2,1412,买盘
1983,13:01:45,7.06,0.0,33,23298,买盘
1984,13:01:48,7.05,-0.01,7,4935,卖盘
1985,13:01:54,7.06,0.01,2,1412,买盘
1986,13:02:03,7.06,0.0,6,4236,卖盘
1987,13:02:06,7.06,0.0,31,21886,卖盘
1988,13:02:15,7.07,0.01,20,14140,买盘
1989,13:02:21,7.06,-0.01,5,3530,卖盘
1990,13:02:33,7.06,0.0,20,14120,卖盘
1991,13:02:39,7.06,0.0,9,6355,卖盘
1992,13:02:48,7.06,0.0,1,706,卖盘
1993,13:02:58,7.06,0.0,54,38124,卖盘
1994,13:03:01,7.06,0.0,30,21180,买盘
1995,13:03:07,7.05,-0.01,20,14100,卖盘
1996,13:03:10,7.06,0.01,10,7060,买盘
1997,13:03:18,7.07,0.01,59,41659,买盘
1998,13:03:33,7.05,-0.02,10,7050,卖盘
1999,13:03:39,7.07,0.02,10,7070,买盘
2000,13:04:00,7.06,-0.01,10,7060,卖盘
2001,13:04:03,7.07,0.01,5,3535,买盘
2002,13:04:06,7.07,0.0,57,40299,买盘
2003,13:04:21,7.07,0.0,7,4949,买盘
2004,13:04:39,7.06,-0.01,5,3530,卖盘
2005,13:04:42,7.06,0.0,6,4236,卖盘
2006,13:04:45,7.06,0.0,19,13414,卖盘
2007,13:04:48,7.06,0.0,1,706,买盘
2008,13:04:51,7.06,0.0,5,3530,买盘
2009,13:04:57,7.06,0.0,2,1412,买盘
2010,13:05:21,7.05,-0.01,50,35250,卖盘
2011,13:05:42,7.05,0.0,1,705,卖盘
2012,13:05:54,7.05,0.0,10,7050,卖盘
2013,13:05:57,7.05,0.0,29,20445,卖盘
2014,13:06:00,7.05,0.0,30,21150,卖盘
2015,13:06:06,7.05,0.0,51,35955,卖盘
2016,13:06:09,7.05,0.0,51,35955,卖盘
2017,13:06:21,7.05,0.0,50,35250,卖盘
2018,13:06:24,7.05,0.0,169,119145,卖盘
2019,13:06:31,7.06,0.01,23,16238,买盘
2020,13:06:36,7.06,0.0,5,3530,买盘
2021,13:06:48,7.06,0.0,20,14120,买盘
2022,13:07:07,7.06,0.0,10,7060,买盘
2023,13:07:09,7.06,0.0,7,4942,买盘
2024,13:07:13,7.05,-0.01,10,7050,卖盘
2025,13:07:30,7.05,0.0,1,705,卖盘
2026,13:07:36,7.05,0.0,10,7050,卖盘
2027,13:07:39,7.05,0.0,58,40890,卖盘
2028,13:07:48,7.05,0.0,117,82564,卖盘
2029,13:07:51,7.05,0.0,269,189645,卖盘
2030,13:07:54,7.05,0.0,24,16920,卖盘
2031,13:08:00,7.06,0.01,89,62772,买盘
2032,13:08:09,7.05,-0.01,2,1410,卖盘
2033,13:08:15,7.05,0.0,31,21855,卖盘
2034,13:08:39,7.05,0.0,6,4230,卖盘
2035,13:08:45,7.05,0.0,2,1410,买盘
2036,13:08:51,7.05,0.0,18,12680,买盘
2037,13:09:00,7.05,0.0,68,47940,卖盘
2038,13:09:27,7.04,-0.01,60,42268,卖盘
2039,13:09:36,7.05,0.01,5,3525,买盘
2040,13:09:39,7.05,0.0,10,7050,卖盘
2041,13:09:45,7.05,0.0,20,14100,卖盘
2042,13:09:57,7.05,0.0,20,14100,卖盘
2043,13:10:00,7.05,0.0,10,7050,卖盘
2044,13:10:04,7.05,0.0,22,15510,卖盘
2045,13:10:06,7.05,0.0,119,83895,卖盘
2046,13:10:09,7.06,0.01,65,45864,买盘
2047,13:10:12,7.04,-0.02,33,23232,卖盘
2048,13:10:30,7.05,0.01,74,52120,买盘
2049,13:10:39,7.05,0.0,46,32430,买盘
2050,13:10:42,7.04,-0.01,9,6336,卖盘
2051,13:10:45,7.05,0.01,6,4230,买盘
2052,13:10:48,7.04,-0.01,8,5632,卖盘
2053,13:11:00,7.05,0.01,73,51460,买盘
2054,13:11:04,7.05,0.0,5,3525,买盘
2055,13:11:06,7.04,-0.01,10,7040,卖盘
2056,13:11:24,7.04,0.0,48,33792,卖盘
2057,13:11:33,7.05,0.01,10,7050,买盘
2058,13:11:39,7.04,-0.01,31,21824,卖盘
2059,13:11:48,7.05,0.01,4,2820,买盘
2060,13:11:58,7.05,0.0,1,705,买盘
2061,13:12:00,7.05,0.0,1,705,买盘
2062,13:12:03,7.04,-0.01,10,7040,卖盘
2063,13:12:09,7.05,0.01,7,4935,买盘
2064,13:12:22,7.05,0.0,18,12690,买盘
2065,13:12:25,7.04,-0.01,36,25344,卖盘
2066,13:12:36,7.04,0.0,10,7040,卖盘
2067,13:12:39,7.04,0.0,10,7040,卖盘
2068,13:12:45,7.05,0.01,2,1410,买盘
2069,13:12:51,7.04,-0.01,100,70400,卖盘
2070,13:12:57,7.05,0.01,230,161950,买盘
2071,13:13:00,7.05,0.0,29,20445,买盘
2072,13:13:12,7.05,0.0,20,14100,买盘
2073,13:13:27,7.04,-0.01,1,704,卖盘
2074,13:13:39,7.04,0.0,21,14784,卖盘
2075,13:13:54,7.04,0.0,20,14080,卖盘
2076,13:13:57,7.04,0.0,25,17600,卖盘
2077,13:14:03,7.04,0.0,411,289739,卖盘
2078,13:14:06,7.05,0.01,8,5640,中性盘
2079,13:14:09,7.05,0.0,4,2820,卖盘
2080,13:14:27,7.06,0.01,11,7766,买盘
2081,13:14:33,7.06,0.0,156,110136,买盘
2082,13:14:36,7.06,0.0,13,9178,买盘
2083,13:14:39,7.05,-0.01,20,14100,卖盘
2084,13:14:42,7.06,0.01,58,40948,买盘
2085,13:14:45,7.06,0.0,70,49420,买盘
2086,13:14:51,7.06,0.0,68,48008,买盘
2087,13:15:03,7.06,0.0,20,14120,买盘
2088,13:15:12,7.06,0.0,5,3530,买盘
2089,13:15:15,7.06,0.0,15,10590,买盘
2090,13:15:18,7.06,0.0,37,26122,买盘
2091,13:15:24,7.06,0.0,2,1412,卖盘
2092,13:15:27,7.06,0.0,98,69188,卖盘
2093,13:15:36,7.05,-0.01,40,28210,卖盘
2094,13:15:45,7.06,0.01,47,33182,买盘
2095,13:15:48,7.05,-0.01,60,42300,卖盘
2096,13:16:00,7.05,0.0,15,10582,卖盘
2097,13:16:04,7.05,0.0,22,15510,卖盘
2098,13:16:09,7.06,0.01,20,14120,买盘
2099,13:16:12,7.05,-0.01,15,10575,卖盘
2100,13:16:18,7.05,0.0,10,7050,卖盘
2101,13:16:27,7.06,0.01,10,7060,买盘
2102,13:16:33,7.06,0.0,132,93155,买盘
2103,13:16:42,7.06,0.0,3,2118,卖盘
2104,13:16:48,7.06,0.0,30,21180,卖盘
2105,13:16:54,7.07,0.01,14,9898,买盘
2106,13:16:57,7.06,-0.01,35,24710,卖盘
2107,13:17:00,7.07,0.01,23,16261,买盘
2108,13:17:06,7.07,0.0,9,6363,买盘
2109,13:17:10,7.06,-0.01,40,28240,卖盘
2110,13:17:15,7.07,0.01,3,2121,买盘
2111,13:17:18,7.06,-0.01,5,3530,卖盘
2112,13:17:33,7.06,0.0,75,52950,卖盘
2113,13:17:36,7.06,0.0,1,706,买盘
2114,13:17:42,7.06,0.0,30,21180,买盘
2115,13:17:45,7.06,0.0,5,3530,买盘
2116,13:17:52,7.06,0.0,9,6354,买盘
2117,13:18:00,7.06,0.0,7,4942,卖盘
2118,13:18:10,7.06,0.0,8,5648,买盘
2119,13:18:12,7.05,-0.01,100,70500,卖盘
2120,13:18:16,7.05,0.0,5,3525,卖盘
2121,13:18:18,7.05,0.0,26,18335,卖盘
2122,13:18:21,7.05,0.0,6,4230,卖盘
2123,13:18:30,7.06,0.01,44,31054,买盘
2124,13:18:45,7.05,-0.01,23,16215,卖盘
2125,13:18:54,7.05,0.0,3,2115,卖盘
2126,13:19:12,7.06,0.01,6,4236,买盘
2127,13:19:18,7.05,-0.01,95,66975,卖盘
2128,13:19:30,7.05,0.0,42,29610,卖盘
2129,13:19:36,7.05,0.0,56,39480,卖盘
2130,13:19:39,7.05,0.0,48,33840,卖盘
2131,13:19:45,7.05,0.0,2,1410,卖盘
2132,13:19:48,7.05,0.0,29,20445,卖盘
2133,13:19:54,7.05,0.0,46,32430,买盘
2134,13:20:06,7.06,0.01,20,14120,买盘
2135,13:20:21,7.05,-0.01,4,2820,卖盘
2136,13:20:24,7.06,0.01,51,36006,买盘
2137,13:20:27,7.05,-0.01,28,19740,卖盘
2138,13:20:30,7.06,0.01,56,39536,买盘
2139,13:20:36,7.06,0.0,15,10590,买盘
2140,13:20:42,7.06,0.0,7,4942,买盘
2141,13:20:45,7.06,0.0,10,7060,买盘
2142,13:20:48,7.06,0.0,20,14120,买盘
2143,13:21:00,7.06,0.0,3,2118,买盘
2144,13:21:04,7.06,0.0,47,33182,买盘
2145,13:21:09,7.06,0.0,7,4942,买盘
2146,13:21:15,7.06,0.0,10,7060,买盘
2147,13:21:18,7.06,0.0,25,17650,买盘
2148,13:21:21,7.06,0.0,10,7060,买盘
2149,13:21:27,7.06,0.0,67,47302,买盘
2150,13:21:33,7.06,0.0,35,24707,买盘
2151,13:21:52,7.06,0.0,6,4236,卖盘
2152,13:21:57,7.06,0.0,42,29652,卖盘
2153,13:22:09,7.06,0.0,1,706,买盘
2154,13:22:12,7.06,0.0,11,7766,买盘
2155,13:22:18,7.06,0.0,30,21180,买盘
2156,13:22:21,7.06,0.0,7,4942,买盘
2157,13:22:27,7.06,0.0,6,4236,卖盘
2158,13:22:36,7.06,0.0,5,3530,买盘
2159,13:22:45,7.07,0.01,10,7070,买盘
2160,13:22:48,7.07,0.0,105,74180,买盘
2161,13:22:51,7.07,0.0,50,35350,买盘
2162,13:22:57,7.07,0.0,3,2121,买盘
2163,13:23:00,7.07,0.0,18,12726,买盘
2164,13:23:06,7.07,0.0,103,72821,买盘
2165,13:23:12,7.06,-0.01,18,12708,卖盘
2166,13:23:15,7.07,0.01,39,27573,买盘
2167,13:23:18,7.07,0.0,309,218463,买盘
2168,13:23:45,7.07,0.0,12,8484,卖盘
2169,13:23:51,7.08,0.01,11,7788,买盘
2170,13:24:00,7.08,0.0,4,2832,买盘
2171,13:24:04,7.08,0.0,12,8496,买盘
2172,13:24:12,7.08,0.0,14,9912,买盘
2173,13:24:15,7.08,0.0,32,22656,买盘
2174,13:24:18,7.08,0.0,2,1416,买盘
2175,13:24:21,7.08,0.0,22,15576,买盘
2176,13:24:24,7.07,-0.01,150,106100,卖盘
2177,13:24:30,7.07,0.0,20,14140,卖盘
2178,13:24:33,7.08,0.01,107,75756,买盘
2179,13:24:48,7.07,-0.01,57,40329,卖盘
2180,13:24:57,7.08,0.01,9,6368,买盘
2181,13:25:03,7.07,-0.01,100,70700,卖盘
2182,13:25:06,7.08,0.01,4,2832,买盘
2183,13:25:15,7.07,-0.01,30,21210,卖盘
2184,13:25:18,7.08,0.01,2,1416,买盘
2185,13:25:24,7.07,-0.01,1,707,卖盘
2186,13:25:27,7.08,0.01,86,60888,买盘
2187,13:25:33,7.07,-0.01,16,11312,卖盘
2188,13:25:36,7.08,0.01,1,708,买盘
2189,13:25:39,7.08,0.0,35,24780,买盘
2190,13:25:48,7.07,-0.01,20,14140,卖盘
2191,13:25:51,7.08,0.01,10,7080,买盘
2192,13:25:54,7.08,0.0,8,5664,买盘
2193,13:26:00,7.07,-0.01,24,16968,卖盘
2194,13:26:09,7.08,0.01,30,21240,买盘
2195,13:26:21,7.08,0.0,20,14160,买盘
2196,13:26:24,7.08,0.0,47,33276,买盘
2197,13:26:27,7.08,0.0,22,15576,买盘
2198,13:26:30,7.07,-0.01,15,10605,卖盘
2199,13:26:36,7.08,0.01,30,21240,买盘
2200,13:26:42,7.08,0.0,10,7080,买盘
2201,13:26:57,7.08,0.0,10,7080,买盘
2202,13:27:06,7.08,0.0,10,7080,买盘
2203,13:27:09,7.08,0.0,129,91232,买盘
2204,13:27:15,7.08,0.0,23,16264,买盘
2205,13:27:18,7.07,-0.01,27,19089,卖盘
2206,13:27:21,7.08,0.01,28,19824,买盘
2207,13:27:27,7.07,-0.01,18,12726,卖盘
2208,13:27:36,7.08,0.01,26,18408,买盘
2209,13:27:42,7.07,-0.01,11,7777,卖盘
2210,13:27:45,7.07,0.0,23,16261,卖盘
2211,13:27:48,7.07,0.0,98,69297,卖盘
2212,13:27:54,7.08,0.01,3,2124,买盘
2213,13:28:00,7.07,-0.01,114,80598,卖盘
2214,13:28:09,7.07,0.0,4,2828,卖盘
2215,13:28:15,7.07,0.0,18,12726,卖盘
2216,13:28:21,7.07,0.0,64,45248,卖盘
2217,13:28:30,7.08,0.01,12,8496,买盘
2218,13:28:33,7.07,-0.01,10,7070,卖盘
2219,13:28:36,7.07,0.0,7,4949,卖盘
2220,13:28:42,7.08,0.01,81,57348,买盘
2221,13:28:45,7.08,0.0,6,4245,买盘
2222,13:28:48,7.08,0.0,100,70800,买盘
2223,13:29:00,7.07,-0.01,9,6363,卖盘
2224,13:29:06,7.08,0.01,211,149388,买盘
2225,13:29:09,7.08,0.0,37,25842,买盘
2226,13:29:16,7.08,0.0,15,10620,卖盘
2227,13:29:18,7.08,0.0,57,40356,卖盘
2228,13:29:21,7.08,0.0,15,10625,卖盘
2229,13:29:24,7.08,0.0,115,81420,卖盘
2230,13:29:27,7.08,0.0,5,3540,卖盘
2231,13:29:30,7.09,0.01,10,7090,买盘
2232,13:29:39,7.08,-0.01,8,5665,卖盘
2233,13:29:48,7.08,0.0,20,14170,卖盘
2234,13:29:51,7.09,0.01,2,1418,买盘
2235,13:30:06,7.08,-0.01,125,88859,卖盘
2236,13:30:18,7.08,0.0,42,29736,买盘
2237,13:30:27,7.07,-0.01,43,30421,卖盘
2238,13:30:36,7.07,0.0,15,10605,卖盘
2239,13:30:39,7.07,0.0,20,14140,卖盘
2240,13:30:42,7.07,0.0,10,7070,卖盘
2241,13:30:51,7.07,0.0,40,28280,卖盘
2242,13:30:57,7.07,0.0,71,50197,卖盘
2243,13:31:04,7.08,0.01,60,42480,买盘
2244,13:31:06,7.08,0.0,10,7080,买盘
2245,13:31:12,7.07,-0.01,30,21210,卖盘
2246,13:31:15,7.07,0.0,261,184527,卖盘
2247,13:31:24,7.07,0.0,43,30401,买盘
2248,13:31:27,7.07,0.0,134,94738,买盘
2249,13:31:36,7.07,0.0,8,5657,卖盘
2250,13:31:45,7.08,0.01,17,12026,买盘
2251,13:31:48,7.07,-0.01,51,36057,卖盘
2252,13:31:57,7.07,0.0,30,21210,买盘
2253,13:32:01,7.07,0.0,20,14140,买盘
2254,13:32:04,7.06,-0.01,271,191326,卖盘
2255,13:32:09,7.05,-0.01,2,1410,卖盘
2256,13:32:12,7.06,0.01,100,70600,买盘
2257,13:32:16,7.06,0.0,40,28220,买盘
2258,13:32:24,7.05,-0.01,2,1410,卖盘
2259,13:32:27,7.06,0.01,20,14120,买盘
2260,13:32:30,7.05,-0.01,238,167800,卖盘
2261,13:32:36,7.05,0.0,57,40185,卖盘
2262,13:32:42,7.05,0.0,20,14100,买盘
2263,13:32:45,7.04,-0.01,1,704,卖盘
2264,13:32:51,7.04,0.0,27,19018,卖盘
2265,13:32:54,7.04,0.0,28,19716,卖盘
2266,13:33:01,7.04,0.0,10,7040,卖盘
2267,13:33:04,7.05,0.01,14,9870,买盘
2268,13:33:07,7.05,0.0,30,21140,买盘
2269,13:33:10,7.05,0.0,50,35250,买盘
2270,13:33:15,7.04,-0.01,10,7040,卖盘
2271,13:33:19,7.05,0.01,15,10575,买盘
2272,13:33:21,7.04,-0.01,2,1408,卖盘
2273,13:33:30,7.05,0.01,12,8460,买盘
2274,13:33:33,7.05,0.0,2,1410,买盘
2275,13:33:36,7.05,0.0,30,21150,买盘
2276,13:33:39,7.04,-0.01,34,23936,卖盘
2277,13:33:42,7.05,0.01,100,70500,买盘
2278,13:33:46,7.05,0.0,11,7745,买盘
2279,13:33:49,7.05,0.0,10,7050,买盘
2280,13:33:52,7.05,0.0,16,11280,买盘
2281,13:33:54,7.05,0.0,254,179070,卖盘
2282,13:34:00,7.05,0.0,397,279885,买盘
2283,13:34:03,7.05,0.0,45,31724,买盘
2284,13:34:06,7.05,0.0,52,36660,买盘
2285,13:34:28,7.05,0.0,77,54352,卖盘
2286,13:34:37,7.05,0.0,34,23980,卖盘
2287,13:34:46,7.06,0.01,167,117902,买盘
2288,13:34:48,7.05,-0.01,54,38103,卖盘
2289,13:34:51,7.05,0.0,16,11280,卖盘
2290,13:35:06,7.06,0.01,1,706,卖盘
2291,13:35:15,7.06,0.0,5,3530,买盘
2292,13:35:27,7.06,0.0,19,13414,买盘
2293,13:35:30,7.06,0.0,8,5648,卖盘
2294,13:35:37,7.06,0.0,1,706,卖盘
2295,13:35:42,7.06,0.0,145,102370,卖盘
2296,13:35:48,7.06,0.0,10,7060,买盘
2297,13:35:58,7.05,-0.01,30,21150,卖盘
2298,13:36:01,7.06,0.01,18,12691,买盘
2299,13:36:13,7.06,0.0,253,178618,买盘
2300,13:36:15,7.06,0.0,1,706,买盘
2301,13:36:21,7.06,0.0,237,167322,买盘
2302,13:36:24,7.05,-0.01,1,705,卖盘
2303,13:36:36,7.06,0.01,4,2824,买盘
2304,13:36:39,7.05,-0.01,7,4937,卖盘
2305,13:36:48,7.06,0.01,4,2824,卖盘
2306,13:36:51,7.06,0.0,30,21180,买盘
2307,13:37:01,7.06,0.0,5,3530,买盘
2308,13:37:04,7.06,0.0,10,7060,买盘
2309,13:37:07,7.06,0.0,2,1412,买盘
2310,13:37:09,7.05,-0.01,323,227715,卖盘
2311,13:37:15,7.04,-0.01,11,7744,卖盘
2312,13:37:18,7.05,0.01,118,83173,买盘
2313,13:37:25,7.04,-0.01,7,4928,卖盘
2314,13:37:27,7.04,0.0,8,5632,卖盘
2315,13:37:31,7.04,0.0,101,71104,卖盘
2316,13:37:33,7.04,0.0,10,7040,卖盘
2317,13:37:36,7.05,0.01,10,7043,买盘
2318,13:37:42,7.04,-0.01,39,27456,卖盘
2319,13:37:51,7.04,0.0,242,170368,卖盘
2320,13:37:54,7.04,0.0,81,57024,卖盘
2321,13:37:57,7.04,0.0,30,21120,卖盘
2322,13:38:00,7.04,0.0,5,3520,卖盘
2323,13:38:04,7.04,0.0,16,11264,卖盘
2324,13:38:06,7.05,0.01,1,705,买盘
2325,13:38:09,7.04,-0.01,12,8448,卖盘
2326,13:38:12,7.04,0.0,18,12672,卖盘
2327,13:38:21,7.04,0.0,10,7040,卖盘
2328,13:38:24,7.05,0.01,1,705,买盘
2329,13:38:28,7.04,-0.01,226,159104,卖盘
2330,13:38:33,7.04,0.0,2,1408,买盘
2331,13:38:36,7.04,0.0,90,63360,买盘
2332,13:38:39,7.04,0.0,1,704,买盘
2333,13:38:42,7.04,0.0,116,81649,买盘
2334,13:38:58,7.03,-0.01,10,7030,卖盘
2335,13:39:04,7.03,0.0,2,1406,卖盘
2336,13:39:06,7.04,0.01,6,4224,买盘
2337,13:39:12,7.04,0.0,4,2816,买盘
2338,13:39:15,7.03,-0.01,7,4921,卖盘
2339,13:39:21,7.03,0.0,7,4922,卖盘
2340,13:39:25,7.04,0.01,7,4928,买盘
2341,13:39:27,7.04,0.0,35,24607,买盘
2342,13:39:30,7.04,0.0,65,45697,买盘
2343,13:39:36,7.04,0.0,98,68992,买盘
2344,13:39:42,7.04,0.0,8,5632,买盘
2345,13:39:51,7.04,0.0,77,54208,卖盘
2346,13:39:57,7.04,0.0,1,704,买盘
2347,13:40:00,7.04,0.0,10,7040,买盘
2348,13:40:04,7.04,0.0,1,704,卖盘
2349,13:40:06,7.05,0.01,5,3525,买盘
2350,13:40:09,7.04,-0.01,32,22528,卖盘
2351,13:40:12,7.05,0.01,51,35954,买盘
2352,13:40:15,7.05,0.0,10,7050,买盘
2353,13:40:30,7.05,0.0,16,11280,买盘
2354,13:40:33,7.05,0.0,40,28200,卖盘
2355,13:40:40,7.05,0.0,24,16920,卖盘
2356,13:40:45,7.06,0.01,3,2118,买盘
2357,13:41:06,7.06,0.0,2,1412,买盘
2358,13:41:12,7.05,-0.01,14,9870,卖盘
2359,13:41:25,7.06,0.01,8,5648,买盘
2360,13:41:27,7.06,0.0,1,706,买盘
2361,13:41:30,7.06,0.0,69,48714,买盘
2362,13:41:36,7.07,0.01,2,1414,买盘
2363,13:41:42,7.06,-0.01,199,140505,卖盘
2364,13:41:45,7.06,0.0,1,706,买盘
2365,13:41:48,7.06,0.0,5,3530,买盘
2366,13:41:54,7.05,-0.01,123,86738,卖盘
2367,13:42:01,7.06,0.01,8,5648,买盘
2368,13:42:12,7.05,-0.01,5,3525,卖盘
2369,13:42:15,7.05,0.0,6,4230,卖盘
2370,13:42:25,7.05,0.0,31,21855,买盘
2371,13:42:33,7.05,0.0,10,7050,买盘
2372,13:42:39,7.05,0.0,7,4935,买盘
2373,13:42:46,7.05,0.0,5,3525,买盘
2374,13:42:51,7.04,-0.01,244,171781,卖盘
2375,13:43:04,7.04,0.0,158,111232,卖盘
2376,13:43:06,7.04,0.0,1,704,买盘
2377,13:43:18,7.04,0.0,48,33792,买盘
2378,13:43:24,7.03,-0.01,5,3515,卖盘
2379,13:43:33,7.03,0.0,1,703,卖盘
2380,13:43:36,7.04,0.01,4,2816,买盘
2381,13:43:39,7.03,-0.01,34,23902,卖盘
2382,13:43:42,7.04,0.01,10,7040,买盘
2383,13:43:48,7.03,-0.01,15,10545,卖盘
2384,13:43:51,7.03,0.0,23,16169,卖盘
2385,13:43:54,7.03,0.0,7,4921,卖盘
2386,13:43:57,7.03,0.0,50,35180,卖盘
2387,13:44:00,7.03,0.0,12,8446,卖盘
2388,13:44:04,7.03,0.0,20,14060,卖盘
2389,13:44:06,7.03,0.0,153,107564,卖盘
2390,13:44:09,7.03,0.0,8,5624,卖盘
2391,13:44:12,7.03,0.0,287,201898,卖盘
2392,13:44:15,7.04,0.01,3,2112,买盘
2393,13:44:21,7.03,-0.01,99,69597,卖盘
2394,13:44:24,7.03,0.0,29,20387,卖盘
2395,13:44:27,7.03,0.0,337,236911,卖盘
2396,13:44:30,7.03,0.0,24,16872,卖盘
2397,13:44:33,7.03,0.0,132,92796,卖盘
2398,13:44:36,7.03,0.0,7,4921,卖盘
2399,13:44:39,7.03,0.0,258,181374,卖盘
2400,13:44:42,7.02,-0.01,4,2808,卖盘
2401,13:44:49,7.03,0.01,144,101232,买盘
2402,13:44:51,7.02,-0.01,9,6318,卖盘
2403,13:44:55,7.02,0.0,1,702,卖盘
2404,13:44:57,7.02,0.0,3,2106,卖盘
2405,13:45:00,7.03,0.01,19,13357,买盘
2406,13:45:04,7.02,-0.01,5,3510,卖盘
2407,13:45:06,7.02,0.0,22,15446,卖盘
2408,13:45:09,7.03,0.01,33,23178,买盘
2409,13:45:13,7.02,-0.01,188,131976,卖盘
2410,13:45:16,7.02,0.0,100,70200,卖盘
2411,13:45:19,7.03,0.01,30,21086,买盘
2412,13:45:21,7.02,-0.01,60,42120,卖盘
2413,13:45:30,7.03,0.01,10,7030,买盘
2414,13:45:33,7.03,0.0,79,55472,买盘
2415,13:45:42,7.02,-0.01,38,26706,卖盘
2416,13:45:45,7.03,0.01,26,18278,买盘
2417,13:45:48,7.03,0.0,36,25280,买盘
2418,13:45:51,7.02,-0.01,227,159354,卖盘
2419,13:45:54,7.02,0.0,55,38610,卖盘
2420,13:45:57,7.02,0.0,50,35100,卖盘
2421,13:46:00,7.02,0.0,90,63180,卖盘
2422,13:46:04,7.02,0.0,301,211302,卖盘
2423,13:46:12,7.01,-0.01,2,1402,卖盘
2424,13:46:18,7.01,0.0,1,701,卖盘
2425,13:46:21,7.02,0.01,215,150724,买盘
2426,13:46:27,7.01,-0.01,282,197692,卖盘
2427,13:46:30,7.01,0.0,420,294420,卖盘
2428,13:46:33,7.01,0.0,144,100944,卖盘
2429,13:46:36,7.01,0.0,22,15422,卖盘
2430,13:46:40,7.02,0.01,7,4913,买盘
2431,13:46:42,7.01,-0.01,211,147911,卖盘
2432,13:46:45,7.02,0.01,10,7020,买盘
2433,13:46:48,7.01,-0.01,10,7010,卖盘
2434,13:46:54,7.01,0.0,10,7010,卖盘
2435,13:47:01,7.02,0.01,2,1404,买盘
2436,13:47:10,7.01,-0.01,7,4907,卖盘
2437,13:47:13,7.01,0.0,2,1402,卖盘
2438,13:47:21,7.01,0.0,7,4907,卖盘
2439,13:47:24,7.01,0.0,3,2103,卖盘
2440,13:47:27,7.02,0.01,5,3510,买盘
2441,13:47:30,7.01,-0.01,7,4907,卖盘
2442,13:47:33,7.02,0.01,50,35100,买盘
2443,13:47:36,7.0,-0.02,545,381753,卖盘
2444,13:47:39,7.01,0.01,62,43462,卖盘
2445,13:47:42,7.01,0.0,40,28040,买盘
2446,13:47:45,7.01,0.0,48,33648,买盘
2447,13:47:49,7.0,-0.01,72,50446,卖盘
2448,13:47:51,7.01,0.01,19,13318,买盘
2449,13:47:57,7.0,-0.01,66,46200,卖盘
2450,13:48:06,7.0,0.0,15,10500,卖盘
2451,13:48:09,7.01,0.01,10,7005,买盘
2452,13:48:15,7.0,-0.01,47,32914,卖盘
2453,13:48:18,7.01,0.01,40,28037,买盘
2454,13:48:21,7.01,0.0,116,81316,卖盘
2455,13:48:24,7.01,0.0,75,52575,卖盘
2456,13:48:27,7.01,0.0,105,73605,卖盘
2457,13:48:31,7.01,0.0,10,7010,卖盘
2458,13:48:33,7.01,0.0,2,1402,卖盘
2459,13:48:36,7.01,0.0,2,1402,卖盘
2460,13:48:39,7.01,0.0,255,178755,卖盘
2461,13:48:42,7.01,0.0,10,7010,买盘
2462,13:48:48,7.01,0.0,17,11917,买盘
2463,13:48:51,7.0,-0.01,36,25200,卖盘
2464,13:48:54,7.0,0.0,85,59530,卖盘
2465,13:48:57,7.01,0.01,26,18206,买盘
2466,13:49:00,7.0,-0.01,29,20300,卖盘
2467,13:49:06,7.0,0.0,1561,1092704,卖盘
2468,13:49:12,7.0,0.0,15,10500,买盘
2469,13:49:15,6.99,-0.01,171,119529,卖盘
2470,13:49:18,6.99,0.0,219,153101,卖盘
2471,13:49:21,6.99,0.0,245,171255,卖盘
2472,13:49:24,6.99,0.0,172,120228,卖盘
2473,13:49:27,6.99,0.0,5,3495,买盘
2474,13:49:30,6.99,0.0,9,6286,买盘
2475,13:49:33,6.98,-0.01,25,17450,卖盘
2476,13:49:36,6.99,0.01,82,57251,买盘
2477,13:49:39,6.98,-0.01,30,20950,卖盘
2478,13:49:42,6.98,0.0,11,7685,卖盘
2479,13:49:45,6.98,0.0,437,305056,卖盘
2480,13:49:48,6.99,0.01,21,14679,买盘
2481,13:49:51,6.98,-0.01,68,47472,卖盘
2482,13:49:54,6.98,0.0,50,34900,卖盘
2483,13:50:00,6.98,0.0,59,41182,卖盘
2484,13:50:04,6.98,0.0,289,201722,卖盘
2485,13:50:06,6.98,0.0,184,128437,卖盘
2486,13:50:09,6.98,0.0,129,90069,卖盘
2487,13:50:12,6.98,0.0,37,25826,卖盘
2488,13:50:15,6.98,0.0,41,28619,卖盘
2489,13:50:18,6.99,0.01,14,9786,买盘
2490,13:50:21,6.98,-0.01,18,12574,卖盘
2491,13:50:24,6.98,0.0,402,280596,卖盘
2492,13:50:27,6.98,0.0,6,4188,买盘
2493,13:50:30,6.98,0.0,10,6980,买盘
2494,13:50:33,6.98,0.0,35,24430,买盘
2495,13:50:36,6.98,0.0,19,13247,买盘
2496,13:50:39,6.98,0.0,30,20940,买盘
2497,13:50:42,6.97,-0.01,135,94125,卖盘
2498,13:50:46,6.97,0.0,178,124136,卖盘
2499,13:50:48,6.98,0.01,2,1396,买盘
2500,13:50:51,6.98,0.0,31,21638,买盘
2501,13:50:55,6.97,-0.01,12,8364,卖盘
2502,13:50:58,6.98,0.01,49,34180,买盘
2503,13:51:01,6.97,-0.01,28,19516,卖盘
2504,13:51:04,6.98,0.01,30,20940,买盘
2505,13:51:06,6.98,0.0,1036,723128,买盘
2506,13:51:09,6.97,-0.01,5,3485,卖盘
2507,13:51:12,6.97,0.0,70,48803,卖盘
2508,13:51:15,6.97,0.0,71,49534,卖盘
2509,13:51:18,6.98,0.01,85,59300,买盘
2510,13:51:21,6.97,-0.01,213,148661,卖盘
2511,13:51:24,6.97,0.0,92,64206,卖盘
2512,13:51:27,6.97,0.0,74,51631,卖盘
2513,13:51:31,6.98,0.01,124,86552,买盘
2514,13:51:33,6.97,-0.01,82,57216,卖盘
2515,13:51:36,6.98,0.01,314,219172,买盘
2516,13:51:39,6.97,-0.01,4,2788,卖盘
2517,13:51:42,6.98,0.01,54,37692,买盘
2518,13:51:45,6.98,0.0,85,59330,买盘
2519,13:51:48,6.98,0.0,199,138892,买盘
2520,13:51:51,6.98,0.0,51,35598,买盘
2521,13:51:54,6.98,0.0,214,149232,买盘
2522,13:51:57,6.98,0.0,12,8376,卖盘
2523,13:52:00,6.97,-0.01,192,133971,卖盘
2524,13:52:04,6.98,0.01,24,16754,卖盘
2525,13:52:06,6.99,0.01,10,6990,买盘
2526,13:52:09,6.98,-0.01,22,15356,卖盘
2527,13:52:12,6.99,0.01,50,34950,买盘
2528,13:52:15,6.99,0.0,101,70598,买盘
2529,13:52:18,6.99,0.0,83,57963,买盘
2530,13:52:24,7.0,0.01,5,3500,买盘
2531,13:52:28,7.0,0.0,8,5600,买盘
2532,13:52:31,7.0,0.0,10,7000,买盘
2533,13:52:33,7.0,0.0,5,3500,买盘
2534,13:52:36,7.0,0.0,21,14700,买盘
2535,13:52:39,7.0,0.0,11,7700,买盘
2536,13:52:42,7.0,0.0,125,87500,买盘
2537,13:52:45,7.0,0.0,85,59500,买盘
2538,13:52:48,7.0,0.0,36,25200,买盘
2539,13:52:51,7.0,0.0,16,11188,买盘
2540,13:52:57,7.0,0.0,60,42000,卖盘
2541,13:53:00,7.01,0.01,205,143700,买盘
2542,13:53:04,7.01,0.0,95,66595,买盘
2543,13:53:06,7.0,-0.01,100,70005,卖盘
2544,13:53:09,7.01,0.01,3,2103,买盘
2545,13:53:12,7.01,0.0,25,17525,买盘
2546,13:53:15,7.0,-0.01,17,11912,卖盘
2547,13:53:18,7.0,0.0,45,31526,卖盘
2548,13:53:21,7.01,0.01,13,9113,买盘
2549,13:53:24,7.01,0.0,20,14020,买盘
2550,13:53:36,7.01,0.0,7,4912,卖盘
2551,13:53:42,7.02,0.01,20,14040,买盘
2552,13:53:45,7.02,0.0,263,184426,买盘
2553,13:53:48,7.03,0.01,88,61834,买盘
2554,13:53:51,7.04,0.01,2,1408,买盘
2555,13:53:57,7.04,0.0,154,107994,买盘
2556,13:54:04,7.05,0.01,50,35250,买盘
2557,13:54:07,7.04,-0.01,30,21130,卖盘
2558,13:54:13,7.05,0.01,10,7050,买盘
2559,13:54:18,7.04,-0.01,104,73270,卖盘
2560,13:54:22,7.05,0.01,33,23265,买盘
2561,13:54:24,7.05,0.0,38,26790,买盘
2562,13:54:27,7.05,0.0,47,33135,买盘
2563,13:54:30,7.04,-0.01,314,221287,卖盘
2564,13:54:33,7.06,0.02,7,4942,买盘
2565,13:54:39,7.05,-0.01,39,27495,卖盘
2566,13:54:42,7.06,0.01,1,706,买盘
2567,13:54:45,7.05,-0.01,30,21150,卖盘
2568,13:54:49,7.06,0.01,10,7056,买盘
2569,13:54:52,7.05,-0.01,281,198376,卖盘
2570,13:54:54,7.06,0.01,9,6354,买盘
2571,13:54:57,7.06,0.0,24,16943,买盘
2572,13:55:00,7.05,-0.01,16,11280,卖盘
2573,13:55:09,7.06,0.01,17,12002,买盘
2574,13:55:15,7.05,-0.01,118,83190,卖盘
2575,13:55:22,7.04,-0.01,94,66176,卖盘
2576,13:55:27,7.05,0.01,116,81680,买盘
2577,13:55:30,7.04,-0.01,117,82368,卖盘
2578,13:55:33,7.04,0.0,31,21825,卖盘
2579,13:55:36,7.05,0.01,155,109155,买盘
2580,13:55:42,7.04,-0.01,113,79974,卖盘
2581,13:55:51,7.04,0.0,4,2816,买盘
2582,13:56:00,7.04,0.0,10,7040,买盘
2583,13:56:04,7.03,-0.01,38,26714,卖盘
2584,13:56:09,7.03,0.0,40,28120,卖盘
2585,13:56:15,7.03,0.0,309,216627,买盘
2586,13:56:18,7.03,0.0,10,7030,买盘
2587,13:56:30,7.02,-0.01,21,14742,卖盘
2588,13:56:34,7.0,-0.02,10,7000,卖盘
2589,13:56:40,7.02,0.02,10,7020,买盘
2590,13:56:42,7.02,0.0,5,3510,买盘
2591,13:56:45,7.01,-0.01,10,7010,卖盘
2592,13:56:48,7.01,0.0,8,5608,卖盘
2593,13:56:51,7.01,0.0,45,31545,买盘
2594,13:56:55,7.0,-0.01,30,21020,卖盘
2595,13:56:57,7.01,0.01,70,49070,买盘
2596,13:57:06,7.01,0.0,45,31545,卖盘
2597,13:57:12,7.02,0.01,117,82037,买盘
2598,13:57:15,7.02,0.0,2,1404,买盘
2599,13:57:22,7.02,0.0,10,7020,卖盘
2600,13:57:30,7.02,0.0,20,14040,卖盘
2601,13:57:33,7.02,0.0,8,5616,卖盘
2602,13:57:37,7.02,0.0,162,113724,卖盘
2603,13:57:42,7.02,0.0,98,68796,买盘
2604,13:57:48,7.02,0.0,38,26676,买盘
2605,13:57:54,7.02,0.0,5,3510,买盘
2606,13:57:57,7.01,-0.01,17,11917,卖盘
2607,13:58:00,7.02,0.01,35,24555,买盘
2608,13:58:03,7.01,-0.01,31,21759,卖盘
2609,13:58:12,7.02,0.01,13,9116,买盘
2610,13:58:15,7.02,0.0,30,21060,买盘
2611,13:58:21,7.01,-0.01,35,24535,卖盘
2612,13:58:36,7.01,0.0,4,2804,卖盘
2613,13:58:42,7.01,0.0,4,2804,卖盘
2614,13:58:57,7.01,0.0,6,4206,卖盘
2615,13:59:04,7.01,0.0,1,701,卖盘
2616,13:59:07,7.01,0.0,1,701,卖盘
2617,13:59:12,7.01,0.0,5,3505,卖盘
2618,13:59:18,7.01,0.0,30,21030,卖盘
2619,13:59:30,7.02,0.01,40,28070,买盘
2620,13:59:36,7.01,-0.01,10,7010,卖盘
2621,13:59:54,7.02,0.01,5,3510,买盘
2622,13:59:57,7.01,-0.01,2,1402,卖盘
2623,14:00:09,7.01,0.0,10,7010,卖盘
2624,14:00:27,7.02,0.01,15,10520,买盘
2625,14:00:31,7.01,-0.01,3,2103,卖盘
2626,14:00:36,7.02,0.01,4,2808,买盘
2627,14:00:39,7.01,-0.01,40,28040,卖盘
2628,14:00:45,7.01,0.0,10,7010,卖盘
2629,14:00:51,7.01,0.0,20,14020,卖盘
2630,14:00:54,7.01,0.0,10,7010,卖盘
2631,14:00:57,7.01,0.0,55,38555,卖盘
2632,14:01:00,7.01,0.0,32,22432,卖盘
2633,14:01:06,7.02,0.01,28,19640,买盘
2634,14:01:12,7.01,-0.01,14,9814,卖盘
2635,14:01:21,7.01,0.0,57,39957,卖盘
2636,14:01:24,7.02,0.01,25,17550,买盘
2637,14:01:36,7.02,0.0,4,2808,买盘
2638,14:01:39,7.01,-0.01,57,40000,卖盘
2639,14:01:46,7.02,0.01,35,24545,买盘
2640,14:01:48,7.01,-0.01,94,65903,卖盘
2641,14:01:51,7.01,0.0,20,14020,买盘
2642,14:01:54,7.01,0.0,46,32246,买盘
2643,14:01:57,7.01,0.0,6,4206,买盘
2644,14:02:04,7.01,0.0,20,14020,买盘
2645,14:02:12,7.0,-0.01,40,28020,卖盘
2646,14:02:15,7.01,0.01,12,8412,买盘
2647,14:02:18,7.0,-0.01,24,16800,卖盘
2648,14:02:21,7.01,0.01,35,24535,买盘
2649,14:02:27,7.01,0.0,43,30112,买盘
2650,14:02:30,7.01,0.0,10,7010,买盘
2651,14:02:37,7.0,-0.01,104,72802,卖盘
2652,14:02:39,7.0,0.0,5,3500,卖盘
2653,14:02:46,7.01,0.01,50,35050,买盘
2654,14:02:49,7.0,-0.01,41,28700,卖盘
2655,14:02:52,7.0,0.0,436,305200,卖盘
2656,14:02:54,7.0,0.0,293,205108,卖盘
2657,14:02:57,6.99,-0.01,44,30756,卖盘
2658,14:03:01,6.99,0.0,225,157275,卖盘
2659,14:03:04,7.0,0.01,1,700,买盘
2660,14:03:07,6.99,-0.01,58,40587,卖盘
2661,14:03:09,7.0,0.01,31,21700,中性盘
2662,14:03:12,7.0,0.0,133,93043,买盘
2663,14:03:15,6.99,-0.01,282,197168,卖盘
2664,14:03:18,6.99,0.0,123,85977,卖盘
2665,14:03:21,6.99,0.0,18,12582,买盘
2666,14:03:24,6.99,0.0,10,6990,买盘
2667,14:03:27,6.99,0.0,10,6990,买盘
2668,14:03:30,6.98,-0.01,39,27244,卖盘
2669,14:03:33,6.99,0.01,10,6990,买盘
2670,14:03:36,6.99,0.0,95,66395,买盘
2671,14:03:40,6.98,-0.01,41,28629,卖盘
2672,14:03:46,6.99,0.01,21,14679,买盘
2673,14:03:48,6.99,0.0,82,57279,买盘
2674,14:03:51,6.99,0.0,25,17475,买盘
2675,14:03:54,6.99,0.0,20,13980,买盘
2676,14:03:57,6.99,0.0,2,1398,买盘
2677,14:04:00,6.99,0.0,5,3495,买盘
2678,14:04:03,6.99,0.0,4,2796,买盘
2679,14:04:15,6.99,0.0,13,9087,卖盘
2680,14:04:18,6.99,0.0,28,19572,卖盘
2681,14:04:24,6.99,0.0,20,13990,卖盘
2682,14:04:27,6.99,0.0,150,104850,卖盘
2683,14:04:30,6.99,0.0,20,13980,卖盘
2684,14:04:33,7.0,0.01,58,40580,买盘
2685,14:04:46,7.0,0.0,5,3500,买盘
2686,14:05:04,7.0,0.0,245,171374,买盘
2687,14:05:10,7.0,0.0,77,53900,买盘
2688,14:05:15,7.0,0.0,6,4200,卖盘
2689,14:05:18,7.0,0.0,1,700,卖盘
2690,14:05:27,7.0,0.0,10,7000,卖盘
2691,14:05:34,7.0,0.0,6,4200,卖盘
2692,14:05:40,7.0,0.0,67,46900,卖盘
2693,14:05:43,7.0,0.0,56,39233,卖盘
2694,14:05:46,7.0,0.0,66,46200,卖盘
2695,14:05:51,7.0,0.0,27,18900,卖盘
2696,14:05:54,7.01,0.01,16,11206,买盘
2697,14:05:57,7.0,-0.01,222,155333,卖盘
2698,14:06:04,7.0,0.0,5,3500,买盘
2699,14:06:12,7.0,0.0,1,700,卖盘
2700,14:06:15,7.0,0.0,37,25900,卖盘
2701,14:06:18,7.0,0.0,66,46200,卖盘
2702,14:06:24,7.0,0.0,5,3500,买盘
2703,14:06:27,7.0,0.0,1,700,买盘
2704,14:06:30,7.0,0.0,506,353709,买盘
2705,14:06:33,7.0,0.0,10,7000,买盘
2706,14:06:36,6.99,-0.01,12,8388,卖盘
2707,14:06:39,6.99,0.0,5,3495,卖盘
2708,14:06:42,7.0,0.01,31,21688,买盘
2709,14:06:46,7.0,0.0,30,21000,买盘
2710,14:06:51,7.0,0.0,20,13990,买盘
2711,14:06:54,7.0,0.0,219,153285,买盘
2712,14:07:00,6.99,-0.01,9,6294,卖盘
2713,14:07:04,7.0,0.01,30,21000,买盘
2714,14:07:06,7.0,0.0,5,3500,买盘
2715,14:07:12,6.99,-0.01,145,101355,卖盘
2716,14:07:16,7.0,0.01,20,14000,买盘
2717,14:07:21,6.99,-0.01,18,12582,卖盘
2718,14:07:24,6.99,0.0,58,40562,卖盘
2719,14:07:33,6.99,0.0,25,17475,卖盘
2720,14:07:54,6.99,0.0,29,20271,卖盘
2721,14:07:57,7.0,0.01,52,36380,买盘
2722,14:08:03,7.0,0.0,9,6300,买盘
2723,14:08:06,7.0,0.0,5,3500,买盘
2724,14:08:12,7.0,0.0,3,2100,买盘
2725,14:08:16,6.99,-0.01,10,6990,卖盘
2726,14:08:21,7.0,0.01,241,168477,买盘
2727,14:08:36,6.99,-0.01,52,36348,卖盘
2728,14:08:48,6.99,0.0,8,5592,买盘
2729,14:08:51,6.99,0.0,5,3495,买盘
2730,14:08:55,6.99,0.0,24,16776,买盘
2731,14:09:04,6.98,-0.01,170,118728,卖盘
2732,14:09:12,6.99,0.01,29,20271,卖盘
2733,14:09:22,6.99,0.0,1,699,卖盘
2734,14:09:24,6.98,-0.01,78,54518,卖盘
2735,14:09:28,6.99,0.01,22,15378,买盘
2736,14:09:36,6.99,0.0,7,4893,买盘
2737,14:09:39,6.98,-0.01,40,27940,卖盘
2738,14:09:42,6.99,0.01,20,13980,买盘
2739,14:09:45,6.99,0.0,48,33552,买盘
2740,14:09:49,6.99,0.0,1,699,买盘
2741,14:09:52,6.99,0.0,12,8388,买盘
2742,14:09:55,6.99,0.0,45,31424,买盘
2743,14:09:57,6.98,-0.01,110,76880,卖盘
2744,14:10:04,7.0,0.02,220,153819,买盘
2745,14:10:06,6.98,-0.02,35,24450,卖盘
2746,14:10:12,7.0,0.02,39,27280,买盘
2747,14:10:18,6.99,-0.01,50,34950,卖盘
2748,14:10:22,6.99,0.0,38,26562,卖盘
2749,14:10:27,7.0,0.01,28,19573,买盘
2750,14:10:36,6.99,-0.01,181,126733,卖盘
2751,14:10:39,7.01,0.02,15,10515,买盘
2752,14:10:46,7.01,0.0,19,13317,买盘
2753,14:10:49,7.01,0.0,10,7010,买盘
2754,14:10:51,7.01,0.0,3,2103,买盘
2755,14:10:57,7.01,0.0,10,7010,买盘
2756,14:11:03,7.01,0.0,130,91130,买盘
2757,14:11:09,7.01,0.0,12,8412,卖盘
2758,14:11:15,7.02,0.01,3,2106,买盘
2759,14:11:30,7.01,-0.01,5,3505,卖盘
2760,14:11:39,7.02,0.01,148,103896,买盘
2761,14:11:49,7.02,0.0,2,1404,卖盘
2762,14:11:52,7.02,0.0,38,26676,卖盘
2763,14:12:00,7.02,0.0,22,15444,卖盘
2764,14:12:09,7.02,0.0,14,9828,卖盘
2765,14:12:12,7.02,0.0,2,1404,卖盘
2766,14:12:18,7.02,0.0,10,7020,买盘
2767,14:12:21,7.02,0.0,20,14040,买盘
2768,14:12:24,7.01,-0.01,7,4907,卖盘
2769,14:12:31,7.01,0.0,100,70100,卖盘
2770,14:12:33,7.01,0.0,105,73605,卖盘
2771,14:12:36,7.01,0.0,115,80630,买盘
2772,14:12:48,7.0,-0.01,132,92400,卖盘
2773,14:12:51,7.0,0.0,2,1400,买盘
2774,14:13:01,6.99,-0.01,207,144693,卖盘
2775,14:13:04,6.99,0.0,66,46194,卖盘
2776,14:13:09,6.99,0.0,50,34970,卖盘
2777,14:13:12,7.0,0.01,11,7709,中性盘
2778,14:13:15,7.0,0.0,19,13300,卖盘
2779,14:13:18,7.0,0.0,8,5600,卖盘
2780,14:13:21,7.01,0.01,65,45479,买盘
2781,14:13:34,7.0,-0.01,25,17496,买盘
2782,14:13:39,6.99,-0.01,100,69900,卖盘
2783,14:13:45,6.99,0.0,112,78300,卖盘
2784,14:13:51,6.99,0.0,4,2796,卖盘
2785,14:13:54,7.0,0.01,2,1400,买盘
2786,14:13:57,7.0,0.0,23,16090,买盘
2787,14:14:00,7.0,0.0,30,21000,买盘
2788,14:14:04,6.99,-0.01,21,14679,卖盘
2789,14:14:06,6.99,0.0,78,54522,卖盘
2790,14:14:09,6.99,0.0,15,10495,卖盘
2791,14:14:16,7.0,0.01,50,34983,买盘
2792,14:14:18,6.99,-0.01,326,228161,卖盘
2793,14:14:24,7.0,0.01,88,61542,买盘
2794,14:14:30,7.0,0.0,3,2100,买盘
2795,14:14:33,7.0,0.0,30,20975,买盘
2796,14:14:39,7.0,0.0,40,28000,买盘
2797,14:14:42,7.0,0.0,18,12600,买盘
2798,14:14:45,6.99,-0.01,31,21686,卖盘
2799,14:14:54,6.99,0.0,21,14679,卖盘
2800,14:15:01,7.0,0.01,2,1400,买盘
2801,14:15:04,7.0,0.0,5,3500,买盘
2802,14:15:06,6.99,-0.01,180,125820,卖盘
2803,14:15:09,6.99,0.0,31,21669,卖盘
2804,14:15:12,6.99,0.0,20,13980,卖盘
2805,14:15:15,6.99,0.0,10,6990,卖盘
2806,14:15:21,6.99,0.0,71,49629,卖盘
2807,14:15:24,6.99,0.0,10,6990,卖盘
2808,14:15:28,6.99,0.0,7,4893,卖盘
2809,14:15:33,6.99,0.0,3,2097,卖盘
2810,14:15:36,6.99,0.0,55,38445,卖盘
2811,14:15:39,6.99,0.0,54,37746,卖盘
2812,14:15:42,6.99,0.0,115,80385,卖盘
2813,14:15:52,6.98,-0.01,57,39803,卖盘
2814,14:15:54,6.99,0.01,10,6990,买盘
2815,14:15:57,6.99,0.0,9,6291,买盘
2816,14:16:00,6.99,0.0,70,48930,买盘
2817,14:16:09,6.98,-0.01,39,27224,卖盘
2818,14:16:12,6.98,0.0,36,25144,卖盘
2819,14:16:15,6.98,0.0,2,1396,卖盘
2820,14:16:21,6.99,0.01,4,2796,买盘
2821,14:16:24,6.98,-0.01,30,20940,卖盘
2822,14:16:31,6.98,0.0,6,4188,卖盘
2823,14:16:33,6.99,0.01,57,39787,买盘
2824,14:16:39,6.99,0.0,5,3495,买盘
2825,14:16:42,6.98,-0.01,11,7678,卖盘
2826,14:16:48,6.98,0.0,16,11168,卖盘
2827,14:16:51,6.99,0.01,347,242211,买盘
2828,14:16:54,6.98,-0.01,80,55840,卖盘
2829,14:16:57,6.99,0.01,50,34950,买盘
2830,14:17:00,6.99,0.0,12,8388,买盘
2831,14:17:03,6.98,-0.01,20,13960,卖盘
2832,14:17:06,6.98,0.0,50,34900,卖盘
2833,14:17:09,6.98,0.0,15,10470,卖盘
2834,14:17:15,6.99,0.01,1,699,买盘
2835,14:17:18,6.99,0.0,1,699,买盘
2836,14:17:24,6.99,0.0,35,24465,买盘
2837,14:17:27,6.99,0.0,2,1398,买盘
2838,14:17:36,6.98,-0.01,10,6980,卖盘
2839,14:17:39,6.98,0.0,8,5584,卖盘
2840,14:17:42,6.99,0.01,12,8378,买盘
2841,14:17:54,6.99,0.0,20,13980,买盘
2842,14:17:57,6.98,-0.01,6,4188,卖盘
2843,14:18:00,6.98,0.0,126,87948,卖盘
2844,14:18:04,6.98,0.0,15,10470,卖盘
