,time,price,change,volume,amount,type
0,09:25:04,12.58,0.0,100,125800,中性盘
1,09:30:04,12.65,0.07,25,31474,买盘
2,09:30:37,12.55,-0.1,11,13813,卖盘
3,09:31:22,12.59,0.04,2,2518,买盘
4,09:31:28,12.58,-0.01,6,7549,卖盘
5,09:32:04,12.58,0.0,20,25160,买盘
6,09:32:07,12.58,0.0,42,52799,买盘
7,09:32:52,12.58,0.0,14,17612,买盘
8,09:33:16,12.58,0.0,2,2516,买盘
9,09:33:25,12.59,0.01,3,3777,买盘
10,09:33:28,12.59,0.0,9,11331,买盘
11,09:33:37,12.6,0.01,1,1260,卖盘
12,09:34:13,12.57,-0.03,10,12570,卖盘
13,09:34:57,12.6,0.03,7,8820,买盘
14,09:35:07,12.58,-0.02,5,6290,卖盘
15,09:35:13,12.57,-0.01,29,36475,卖盘
16,09:35:16,12.57,0.0,2,2514,卖盘
17,09:35:25,12.58,0.01,28,35224,买盘
18,09:35:27,12.58,0.0,1,1258,卖盘
19,09:36:01,12.59,0.01,3,3777,卖盘
20,09:36:04,12.59,0.0,1,1259,卖盘
21,09:36:06,12.59,0.0,3,3777,卖盘
22,09:36:10,12.58,-0.01,50,62902,卖盘
23,09:36:16,12.57,-0.01,1,1257,卖盘
24,09:36:19,12.57,0.0,1,1257,卖盘
25,09:36:22,12.57,0.0,3,3771,卖盘
26,09:36:30,12.58,0.01,1,1258,卖盘
27,09:36:46,12.57,-0.01,27,35146,卖盘
28,09:36:52,12.57,0.0,1,50,买盘
29,09:37:16,12.56,-0.01,1,1256,卖盘
30,09:37:28,12.56,0.0,10,12560,卖盘
31,09:37:40,12.56,0.0,2,3718,卖盘
32,09:37:49,12.59,0.03,1,1259,买盘
33,09:37:52,12.59,0.0,27,33933,买盘
34,09:38:09,12.58,-0.01,1,1258,买盘
35,09:38:58,12.58,0.0,7,8806,买盘
36,09:39:13,12.57,-0.01,2,2514,卖盘
37,09:39:16,12.58,0.01,7,8803,买盘
38,09:39:43,12.57,-0.01,50,62850,买盘
39,09:40:00,12.56,-0.01,5,6280,卖盘
40,09:40:19,12.56,0.0,29,36424,卖盘
41,09:40:40,12.56,0.0,1,1256,卖盘
42,09:40:46,12.56,0.0,1,50,买盘
43,09:41:25,12.55,-0.01,23,28865,卖盘
44,09:41:36,12.55,0.0,1,1255,买盘
45,09:41:45,12.55,0.0,11,13805,买盘
46,09:41:52,12.55,0.0,4,5020,卖盘
47,09:41:58,12.55,0.0,11,13805,卖盘
48,09:42:01,12.55,0.0,7,8785,买盘
49,09:42:04,12.53,-0.02,64,80238,卖盘
50,09:42:16,12.55,0.02,2,2510,卖盘
51,09:42:34,12.55,0.0,1,1255,卖盘
52,09:42:43,12.55,0.0,7,8785,买盘
53,09:43:37,12.53,-0.02,20,25060,卖盘
54,09:43:40,12.55,0.02,2,2510,买盘
55,09:43:48,12.55,0.0,63,79065,买盘
56,09:44:21,12.54,-0.01,6,7524,买盘
57,09:45:13,12.54,0.0,19,23826,买盘
58,09:45:16,12.53,-0.01,1,1253,卖盘
59,09:45:43,12.54,0.01,4,5016,买盘
60,09:46:06,12.55,0.01,30,37650,买盘
61,09:46:13,12.55,0.0,2,2510,卖盘
62,09:46:39,12.57,0.02,2,2514,买盘
63,09:46:52,12.57,0.0,1,1257,买盘
64,09:46:55,12.57,0.0,2,2514,买盘
65,09:47:09,12.56,-0.01,2,2512,卖盘
66,09:47:34,12.56,0.0,7,8792,卖盘
67,09:47:43,12.56,0.0,3,3768,买盘
68,09:48:04,12.57,0.01,5,6285,买盘
69,09:48:06,12.57,0.0,1,1257,买盘
70,09:48:21,12.56,-0.01,2,2512,卖盘
71,09:49:12,12.57,0.01,15,18855,买盘
72,09:49:31,12.57,0.0,1,1257,买盘
73,09:49:55,12.57,0.0,18,22626,买盘
74,09:50:00,12.57,0.0,10,12570,买盘
75,09:50:04,12.57,0.0,1,1257,买盘
76,09:50:21,12.57,0.0,1,1257,买盘
77,09:50:28,12.56,-0.01,2,2512,卖盘
78,09:50:40,12.56,0.0,2,2512,卖盘
79,09:50:49,12.56,0.0,5,6280,卖盘
80,09:51:19,12.57,0.01,6,7542,买盘
81,09:51:22,12.58,0.01,1,1258,买盘
82,09:51:27,12.58,0.0,1,1258,买盘
83,09:51:37,12.6,0.02,1,1260,买盘
84,09:51:43,12.57,-0.03,2,2515,卖盘
85,09:51:51,12.6,0.03,1,1260,买盘
86,09:52:06,12.6,0.0,3,3780,买盘
87,09:52:28,12.59,-0.01,5,6295,卖盘
88,09:52:46,12.59,0.0,2,2518,卖盘
89,09:53:10,12.59,0.0,9,11331,卖盘
90,09:53:30,12.6,0.01,4,5040,买盘
91,09:53:46,12.6,0.0,20,25200,买盘
92,09:53:49,12.6,0.0,7,8820,买盘
93,09:54:01,12.6,0.0,2,2520,买盘
94,09:54:19,12.59,-0.01,2,2518,卖盘
95,09:54:31,12.59,0.0,4,5036,卖盘
96,09:54:43,12.58,-0.01,2,2516,卖盘
97,09:54:51,12.58,0.0,10,12580,卖盘
98,09:54:55,12.58,0.0,64,80512,买盘
99,09:55:16,12.58,0.0,3,3774,买盘
100,09:56:28,12.58,0.0,1,1258,买盘
101,09:56:31,12.58,0.0,9,11322,买盘
102,09:56:34,12.59,0.01,1,1259,买盘
103,09:56:43,12.59,0.0,1,1259,买盘
104,09:56:45,12.59,0.0,24,30216,买盘
105,09:56:48,12.6,0.01,1,1260,买盘
106,09:57:04,12.59,-0.01,4,5036,卖盘
107,09:57:25,12.6,0.01,7,8820,买盘
108,09:57:33,12.6,0.0,8,10080,买盘
109,09:57:46,12.6,0.0,3,3780,卖盘
110,09:57:48,12.6,0.0,2,2520,卖盘
111,09:57:51,12.62,0.02,1,1262,买盘
112,09:58:01,12.62,0.0,1,1262,买盘
113,09:58:04,12.62,0.0,1,1262,买盘
114,09:58:07,12.62,0.0,7,8834,买盘
115,09:58:10,12.62,0.0,11,13882,买盘
116,09:58:13,12.63,0.01,1,1263,买盘
117,09:58:22,12.63,0.0,2,2526,买盘
118,09:58:25,12.63,0.0,5,6315,买盘
119,09:58:28,12.63,0.0,10,12630,买盘
120,09:58:31,12.63,0.0,21,26523,买盘
121,09:58:34,12.63,0.0,1,1263,买盘
122,09:58:43,12.64,0.01,1,1264,买盘
123,09:58:52,12.64,0.0,1,1264,买盘
124,09:59:01,12.63,-0.01,24,30312,卖盘
125,09:59:07,12.63,0.0,8,10104,买盘
126,09:59:37,12.63,0.0,6,7573,买盘
127,09:59:42,12.62,-0.01,5,6310,卖盘
128,09:59:46,12.62,0.0,42,53011,卖盘
129,09:59:49,12.62,0.0,1,1262,买盘
130,09:59:55,12.61,-0.01,2,2522,卖盘
131,10:00:00,12.61,0.0,19,23959,卖盘
132,10:00:07,12.61,0.0,1,1261,买盘
133,10:00:10,12.61,0.0,10,12610,买盘
134,10:00:19,12.61,0.0,5,6305,卖盘
135,10:00:31,12.62,0.01,18,22716,买盘
136,10:00:40,12.62,0.0,5,6310,卖盘
137,10:00:46,12.62,0.0,5,6310,卖盘
138,10:00:58,12.62,0.0,10,12620,买盘
139,10:01:01,12.62,0.0,6,7572,买盘
140,10:01:06,12.63,0.01,10,12623,买盘
141,10:01:25,12.63,0.0,30,37890,买盘
142,10:01:36,12.63,0.0,2,2526,买盘
143,10:01:39,12.62,-0.01,16,20192,卖盘
144,10:01:42,12.63,0.01,23,29036,买盘
145,10:01:52,12.63,0.0,5,6313,买盘
146,10:01:58,12.62,-0.01,2,2524,买盘
147,10:02:40,12.63,0.01,10,12630,买盘
148,10:02:43,12.63,0.0,4,5052,买盘
149,10:02:49,12.62,-0.01,45,56790,卖盘
150,10:02:52,12.62,0.0,103,129963,买盘
151,10:02:54,12.62,0.0,2,2524,买盘
152,10:03:07,12.62,0.0,5,6310,买盘
153,10:03:24,12.62,0.0,3,3786,买盘
154,10:03:37,12.61,-0.01,10,12610,卖盘
155,10:04:15,12.62,0.01,7,8834,买盘
156,10:04:34,12.62,0.0,14,17663,买盘
157,10:04:43,12.63,0.01,2,2526,买盘
158,10:04:46,12.63,0.0,21,26525,卖盘
159,10:05:07,12.64,0.01,1,1264,买盘
160,10:05:25,12.63,-0.01,2,2526,卖盘
161,10:05:43,12.63,0.0,23,29049,买盘
162,10:06:00,12.63,0.0,5,6315,卖盘
163,10:06:09,12.64,0.01,5,6320,买盘
164,10:06:30,12.63,-0.01,5,6315,卖盘
165,10:06:46,12.64,0.01,1,1264,买盘
166,10:07:07,12.64,0.0,2,2528,买盘
167,10:07:21,12.63,-0.01,8,10104,卖盘
168,10:07:46,12.64,0.01,14,17696,买盘
169,10:07:54,12.63,-0.01,20,25260,卖盘
170,10:07:58,12.64,0.01,59,74070,买盘
171,10:09:07,12.64,0.0,19,24016,卖盘
172,10:09:13,12.65,0.01,10,12650,买盘
173,10:09:21,12.61,-0.04,30,37882,卖盘
174,10:09:55,12.61,0.0,19,24463,卖盘
175,10:09:58,12.61,0.0,1,1261,买盘
176,10:10:07,12.61,0.0,1,1261,买盘
177,10:10:09,12.61,0.0,11,13367,买盘
178,10:10:30,12.64,0.03,11,13904,买盘
179,10:11:04,12.64,0.0,5,6320,买盘
180,10:11:07,12.64,0.0,2,2528,买盘
181,10:11:40,12.63,-0.01,1,1263,卖盘
182,10:12:07,12.63,0.0,2,2526,买盘
183,10:12:19,12.63,0.0,2,2526,买盘
184,10:12:31,12.63,0.0,4,5052,买盘
185,10:13:07,12.63,0.0,1,1263,买盘
186,10:13:58,12.62,-0.01,20,25240,卖盘
187,10:14:13,12.62,0.0,8,10096,卖盘
188,10:14:16,12.62,0.0,5,6310,买盘
189,10:14:22,12.62,0.0,1,1262,买盘
190,10:14:37,12.61,-0.01,1,1261,卖盘
191,10:14:40,12.62,0.01,1,1262,买盘
192,10:15:07,12.62,0.0,2,2524,买盘
193,10:15:18,12.61,-0.01,10,12610,卖盘
194,10:15:30,12.62,0.01,1,1262,买盘
195,10:15:33,12.62,0.0,2,2524,卖盘
196,10:15:49,12.62,0.0,10,12620,卖盘
197,10:16:04,12.61,-0.01,15,18919,卖盘
198,10:16:28,12.62,0.01,1,1262,卖盘
199,10:16:31,12.61,-0.01,2,2522,卖盘
200,10:16:39,12.64,0.03,53,67398,买盘
201,10:17:19,12.65,0.01,35,44275,买盘
202,10:17:34,12.67,0.02,56,70931,买盘
203,10:17:37,12.67,0.0,2,2534,卖盘
204,10:17:39,12.67,0.0,3,3801,卖盘
205,10:17:43,12.67,0.0,3,3801,卖盘
206,10:17:45,12.68,0.01,32,40574,买盘
207,10:17:49,12.67,-0.01,2,2534,卖盘
208,10:17:52,12.67,0.0,2,2534,卖盘
209,10:17:55,12.67,0.0,1,1267,卖盘
210,10:17:58,12.67,0.0,2,2534,卖盘
211,10:18:01,12.67,0.0,5,6335,卖盘
212,10:18:04,12.67,0.0,2,2534,卖盘
213,10:18:07,12.67,0.0,2,2534,卖盘
214,10:18:10,12.67,0.0,2,2534,卖盘
215,10:18:13,12.67,0.0,1,1267,卖盘
216,10:18:16,12.67,0.0,1,1267,卖盘
217,10:18:19,12.67,0.0,2,2534,卖盘
218,10:19:04,12.66,-0.01,9,11394,卖盘
219,10:19:07,12.67,0.01,1,1267,买盘
220,10:19:22,12.67,0.0,11,13937,买盘
221,10:19:31,12.67,0.0,18,22806,卖盘
222,10:19:34,12.67,0.0,12,15204,卖盘
223,10:19:37,12.66,-0.01,9,11394,卖盘
224,10:19:39,12.68,0.02,66,83649,买盘
225,10:20:04,12.68,0.0,18,22824,买盘
226,10:20:10,12.68,0.0,1,1268,买盘
227,10:20:22,12.67,-0.01,52,65934,卖盘
228,10:20:25,12.68,0.01,23,29164,买盘
229,10:20:27,12.68,0.0,49,62122,买盘
230,10:20:34,12.68,0.0,27,34225,买盘
231,10:21:04,12.68,0.0,3,3804,买盘
232,10:21:13,12.68,0.0,17,21556,买盘
233,10:21:16,12.66,-0.02,4,5070,卖盘
234,10:21:43,12.68,0.02,6,7608,卖盘
235,10:21:52,12.68,0.0,5,6340,卖盘
236,10:22:04,12.69,0.01,1,1269,买盘
237,10:22:37,12.69,0.0,4,5076,买盘
238,10:22:40,12.68,-0.01,21,26628,卖盘
239,10:22:43,12.66,-0.02,50,63300,卖盘
240,10:22:46,12.68,0.02,1,1268,买盘
241,10:22:58,12.66,-0.02,1,1266,卖盘
242,10:23:04,12.66,0.0,2,2532,卖盘
243,10:23:06,12.67,0.01,9,11395,买盘
244,10:23:09,12.67,0.0,19,24073,买盘
245,10:23:25,12.66,-0.01,35,44310,卖盘
246,10:24:03,12.66,0.0,1,1266,买盘
247,10:24:52,12.66,0.0,50,63300,买盘
248,10:25:04,12.66,0.0,2,2532,买盘
249,10:25:07,12.65,-0.01,8,10120,卖盘
250,10:25:49,12.65,0.0,13,16445,买盘
251,10:25:52,12.64,-0.01,22,27819,卖盘
252,10:26:04,12.65,0.01,4,5060,中性盘
253,10:26:10,12.66,0.01,36,45184,买盘
254,10:26:22,12.67,0.01,10,12670,买盘
255,10:26:27,12.67,0.0,42,53214,买盘
256,10:26:40,12.68,0.01,17,21556,买盘
257,10:26:43,12.67,-0.01,3,3801,卖盘
258,10:27:09,12.68,0.01,38,48184,买盘
259,10:27:13,12.69,0.01,1,1269,买盘
260,10:27:19,12.69,0.0,7,8883,买盘
261,10:27:31,12.69,0.0,139,176391,买盘
262,10:27:33,12.7,0.01,4,4927,卖盘
263,10:27:37,12.7,0.0,3,3810,买盘
264,10:27:40,12.7,0.0,20,25400,买盘
265,10:27:42,12.7,0.0,6,7620,买盘
266,10:27:46,12.7,0.0,21,26670,买盘
267,10:27:48,12.7,0.0,3,3810,买盘
268,10:27:55,12.71,0.01,1,1271,买盘
269,10:28:00,12.71,0.0,4,5084,买盘
270,10:28:04,12.71,0.0,5,6355,买盘
271,10:28:10,12.71,0.0,27,34317,买盘
272,10:28:19,12.72,0.01,25,31795,买盘
273,10:28:25,12.73,0.01,5,6365,买盘
274,10:28:34,12.73,0.0,30,38185,买盘
275,10:28:37,12.73,0.0,3,3819,买盘
276,10:28:55,12.71,-0.02,8,10168,卖盘
277,10:28:58,12.73,0.02,40,50920,买盘
278,10:29:07,12.73,0.0,7,8911,卖盘
279,10:29:13,12.73,0.0,15,19095,卖盘
280,10:29:16,12.74,0.01,100,127395,买盘
281,10:29:28,12.73,-0.01,89,113356,买盘
282,10:29:31,12.73,0.0,2,2546,卖盘
283,10:29:36,12.72,-0.01,19,23966,卖盘
284,10:29:52,12.72,0.0,18,22896,卖盘
285,10:29:55,12.72,0.0,26,33072,卖盘
286,10:30:01,12.72,0.0,8,10176,买盘
287,10:30:04,12.72,0.0,1,1272,买盘
288,10:30:16,12.72,0.0,10,12720,买盘
289,10:30:40,12.72,0.0,5,6360,买盘
290,10:30:52,12.72,0.0,2,2544,买盘
291,10:31:04,12.72,0.0,17,21609,买盘
292,10:31:07,12.72,0.0,20,25440,买盘
293,10:32:04,12.72,0.0,1,1272,买盘
294,10:32:19,12.71,-0.01,10,12710,卖盘
295,10:32:22,12.72,0.01,10,12720,买盘
296,10:32:37,12.72,0.0,1,1272,买盘
297,10:32:46,12.71,-0.01,14,17794,卖盘
298,10:32:52,12.71,0.0,14,17794,卖盘
299,10:32:58,12.71,0.0,10,12710,卖盘
300,10:33:07,12.71,0.0,3,3813,卖盘
301,10:33:10,12.71,0.0,15,19192,卖盘
302,10:33:22,12.72,0.01,5,6360,买盘
303,10:33:34,12.71,-0.01,10,12710,卖盘
304,10:33:37,12.71,0.0,6,7499,卖盘
305,10:33:43,12.72,0.01,8,10172,买盘
306,10:33:46,12.72,0.0,3,3816,买盘
307,10:33:52,12.71,-0.01,20,25420,买盘
308,10:34:01,12.72,0.01,10,12712,买盘
309,10:34:04,12.72,0.0,2,2544,买盘
310,10:34:15,12.73,0.01,149,189761,买盘
311,10:34:22,12.72,-0.01,50,63477,卖盘
312,10:34:48,12.72,0.0,16,20352,卖盘
313,10:34:51,12.74,0.02,14,17836,买盘
314,10:35:04,12.74,0.0,1,1274,买盘
315,10:35:10,12.73,-0.01,19,24187,卖盘
316,10:35:45,12.72,-0.01,44,55968,卖盘
317,10:35:52,12.73,0.01,1,1273,买盘
318,10:35:58,12.72,-0.01,8,10180,卖盘
319,10:36:01,12.72,0.0,4,5088,卖盘
320,10:36:10,12.72,0.0,34,43121,卖盘
321,10:36:31,12.71,-0.01,1,1271,卖盘
322,10:36:48,12.7,-0.01,1,1270,卖盘
323,10:36:58,12.71,0.01,6,7626,买盘
324,10:37:01,12.7,-0.01,5,6350,卖盘
325,10:37:34,12.72,0.02,22,28106,买盘
326,10:37:40,12.7,-0.02,60,76119,卖盘
327,10:37:49,12.7,0.0,10,12700,买盘
328,10:38:00,12.7,0.0,29,36830,买盘
329,10:38:13,12.7,0.0,2,2540,买盘
330,10:38:16,12.72,0.02,3,3816,买盘
331,10:38:46,12.72,0.0,3,3816,买盘
332,10:39:04,12.71,-0.01,27,34317,买盘
333,10:39:19,12.7,-0.01,10,12700,卖盘
334,10:39:28,12.71,0.01,1,1271,买盘
335,10:39:31,12.71,0.0,4,5084,买盘
336,10:39:34,12.7,-0.01,2,2540,卖盘
337,10:39:55,12.71,0.01,1,1271,买盘
338,10:40:04,12.71,0.0,1,1271,买盘
339,10:40:10,12.7,-0.01,10,12700,卖盘
340,10:40:21,12.71,0.01,4,5084,买盘
341,10:40:46,12.71,0.0,9,11439,买盘
342,10:41:01,12.71,0.0,43,54653,卖盘
343,10:41:04,12.71,0.0,2,2542,买盘
344,10:41:25,12.71,0.0,6,7448,买盘
345,10:41:31,12.7,-0.01,43,54802,卖盘
346,10:41:33,12.7,0.0,5,6350,买盘
347,10:42:13,12.69,0.0,11,13959,卖盘
348,10:42:40,12.7,0.01,2,2540,卖盘
349,10:42:49,12.7,0.0,12,15240,卖盘
350,10:43:04,12.7,0.0,9,11430,买盘
351,10:43:43,12.7,0.0,5,6350,买盘
352,10:43:46,12.7,0.0,1,1270,买盘
353,10:43:48,12.7,0.0,1,1270,买盘
354,10:44:03,12.7,0.0,102,129540,买盘
355,10:44:13,12.7,0.0,53,67310,买盘
356,10:44:39,12.7,0.0,5,6350,卖盘
357,10:44:49,12.7,0.0,3,3810,买盘
358,10:45:10,12.72,0.02,157,199704,买盘
359,10:45:16,12.73,0.01,1,1273,买盘
360,10:45:28,12.73,0.0,5,6365,买盘
361,10:45:36,12.73,0.0,1,1273,买盘
362,10:45:43,12.73,0.0,3,3819,买盘
363,10:45:58,12.73,0.0,11,14003,卖盘
364,10:46:18,12.74,0.01,11,14014,买盘
365,10:46:22,12.72,-0.02,45,57268,卖盘
366,10:46:37,12.73,0.01,1,1273,中性盘
367,10:46:40,12.72,-0.01,43,54696,卖盘
368,10:46:45,12.74,0.02,50,63700,买盘
369,10:47:04,12.74,0.0,4,5096,买盘
370,10:47:28,12.72,-0.02,1,1272,卖盘
371,10:47:40,12.72,0.0,6,7632,买盘
372,10:48:16,12.72,0.0,10,12720,卖盘
373,10:48:43,12.72,0.0,18,22912,卖盘
374,10:49:07,12.72,0.0,26,33086,卖盘
375,10:49:10,12.72,0.0,2,2544,卖盘
376,10:49:31,12.72,0.0,5,6360,卖盘
377,10:49:57,12.73,0.01,1,1273,买盘
378,10:50:04,12.73,0.0,2,2546,买盘
379,10:50:10,12.73,0.0,3,3819,买盘
380,10:50:15,12.73,0.0,2,2546,买盘
381,10:50:31,12.73,0.0,31,39463,买盘
382,10:50:34,12.73,0.0,30,38190,卖盘
383,10:50:37,12.73,0.0,10,12730,卖盘
384,10:50:55,12.73,0.0,5,6365,卖盘
385,10:51:10,12.74,0.01,85,108290,买盘
386,10:51:13,12.74,0.0,10,12740,卖盘
387,10:51:16,12.73,-0.01,2,2546,卖盘
388,10:51:25,12.74,0.01,3,3822,买盘
389,10:51:28,12.75,0.01,1,1275,买盘
390,10:51:30,12.74,-0.01,5,6370,卖盘
391,10:51:42,12.74,0.0,3,3822,卖盘
392,10:51:46,12.74,0.0,33,42042,买盘
393,10:52:04,12.74,0.0,2,2548,买盘
394,10:52:31,12.74,0.0,33,42042,买盘
395,10:52:45,12.75,0.01,5,6375,买盘
396,10:52:57,12.74,-0.01,6,7644,卖盘
397,10:53:16,12.75,0.01,73,93075,买盘
398,10:53:21,12.75,0.0,2,2550,卖盘
399,10:53:34,12.76,0.01,10,12760,买盘
400,10:53:49,12.76,0.0,95,121220,买盘
401,10:53:52,12.76,0.0,5,6380,卖盘
402,10:54:07,12.76,0.0,202,258139,卖盘
403,10:54:10,12.76,0.0,2,2552,卖盘
404,10:54:16,12.75,-0.01,2,2551,卖盘
405,10:54:19,12.75,0.0,4,5100,买盘
406,10:54:22,12.75,0.0,1,1275,买盘
407,10:54:24,12.75,0.0,1,1275,买盘
408,10:54:28,12.75,0.0,3,3825,买盘
409,10:54:30,12.76,0.01,46,58696,买盘
410,10:54:49,12.76,0.0,10,12760,卖盘
411,10:54:52,12.76,0.0,29,37004,卖盘
412,10:55:04,12.77,0.01,1,1277,卖盘
413,10:55:07,12.77,0.0,6,7662,卖盘
414,10:55:16,12.77,0.0,41,52388,卖盘
415,10:55:19,12.78,0.01,30,38340,买盘
416,10:55:25,12.78,0.0,23,29394,买盘
417,10:55:34,12.78,0.0,3,3834,卖盘
418,10:55:37,12.79,0.01,1,1279,买盘
419,10:55:49,12.78,-0.01,5,6390,卖盘
420,10:55:51,12.79,0.01,10,12790,买盘
421,10:55:58,12.79,0.0,26,33254,买盘
422,10:56:01,12.8,0.01,94,120228,买盘
423,10:56:04,12.79,-0.01,18,23022,卖盘
424,10:56:07,12.79,0.0,7,8953,买盘
425,10:56:10,12.8,0.01,15,19200,买盘
426,10:56:13,12.79,-0.01,10,12790,卖盘
427,10:56:19,12.79,0.0,5,6395,卖盘
428,10:56:22,12.8,0.01,100,128000,买盘
429,10:56:28,12.79,-0.01,72,92088,卖盘
430,10:56:40,12.79,0.0,4,5116,买盘
431,10:56:42,12.78,-0.01,9,11502,卖盘
432,10:56:46,12.78,0.0,43,54954,卖盘
433,10:56:55,12.79,0.01,37,47318,买盘
434,10:57:01,12.79,0.0,50,63950,卖盘
435,10:57:04,12.79,0.0,17,21743,卖盘
436,10:57:10,12.79,0.0,1,1279,买盘
437,10:57:22,12.79,0.0,10,12790,买盘
438,10:57:37,12.77,-0.02,71,90797,卖盘
439,10:57:42,12.79,0.02,4,5116,买盘
440,10:57:46,12.77,-0.02,30,38318,卖盘
441,10:57:58,12.77,0.0,20,25540,卖盘
442,10:58:01,12.77,0.0,10,12770,卖盘
443,10:58:03,12.77,0.0,5,6385,卖盘
444,10:58:12,12.79,0.02,20,25580,买盘
445,10:58:31,12.8,0.01,30,38377,买盘
446,10:58:43,12.79,-0.01,1,1279,买盘
447,10:58:46,12.79,0.0,1,1279,买盘
448,10:58:52,12.79,0.0,1,1279,买盘
449,10:59:00,12.8,0.01,31,39680,买盘
450,10:59:04,12.8,0.0,2,2560,买盘
451,10:59:07,12.8,0.0,68,87040,买盘
452,10:59:13,12.81,0.01,26,33306,买盘
453,10:59:31,12.82,0.01,31,39742,买盘
454,10:59:48,12.81,-0.01,8,10248,卖盘
455,10:59:58,12.8,-0.01,5,6404,卖盘
456,11:00:07,12.8,0.0,1,1280,买盘
457,11:00:12,12.79,-0.01,5,6395,卖盘
458,11:00:16,12.8,0.01,1,1280,买盘
459,11:00:18,12.8,0.0,5,6400,买盘
460,11:00:31,12.8,0.0,12,15354,卖盘
461,11:00:34,12.81,0.01,5,6405,买盘
462,11:00:43,12.8,-0.01,4,5120,卖盘
463,11:00:49,12.81,0.01,9,11528,买盘
464,11:00:58,12.8,-0.01,15,19200,卖盘
465,11:01:13,12.81,0.01,4,5124,买盘
466,11:01:15,12.8,-0.01,14,17920,卖盘
467,11:01:18,12.8,0.0,8,10240,卖盘
468,11:01:31,12.8,0.0,8,10240,买盘
469,11:01:37,12.8,0.0,12,15360,买盘
470,11:02:00,12.8,0.0,5,6400,买盘
471,11:02:07,12.79,-0.01,11,14069,卖盘
472,11:02:31,12.78,-0.01,20,25560,卖盘
473,11:02:42,12.78,0.0,10,12780,卖盘
474,11:03:01,12.78,0.0,3,3834,卖盘
475,11:03:04,12.78,0.0,18,23004,卖盘
476,11:03:16,12.77,-0.01,2,2554,卖盘
477,11:03:37,12.77,0.0,10,12770,卖盘
478,11:03:40,12.78,0.01,4,5112,买盘
479,11:03:54,12.77,-0.01,7,8684,卖盘
480,11:04:19,12.77,0.0,2,2554,卖盘
481,11:04:51,12.77,0.0,2,2554,卖盘
482,11:05:01,12.78,0.01,20,25560,买盘
483,11:05:07,12.77,-0.01,23,29371,卖盘
484,11:05:19,12.78,0.01,1,1278,买盘
485,11:05:43,12.78,0.0,8,10224,买盘
486,11:05:45,12.81,0.03,148,189417,买盘
487,11:06:34,12.81,0.0,30,38424,买盘
488,11:07:04,12.81,0.0,30,38430,买盘
489,11:07:19,12.8,-0.01,1,1280,卖盘
490,11:07:40,12.8,0.0,1,1280,买盘
491,11:07:43,12.8,0.0,20,25600,买盘
492,11:07:46,12.8,0.0,10,12800,买盘
493,11:08:07,12.77,-0.03,109,139261,卖盘
494,11:08:16,12.8,0.03,12,15360,买盘
495,11:08:19,12.8,0.0,9,11520,卖盘
496,11:08:25,12.8,0.0,10,12800,卖盘
497,11:08:28,12.8,0.0,4,5120,卖盘
498,11:08:55,12.8,0.0,7,8960,买盘
499,11:09:16,12.78,-0.02,1,1278,卖盘
500,11:09:31,12.8,0.02,6,7680,买盘
501,11:09:48,12.79,-0.01,50,63950,买盘
502,11:09:58,12.79,0.0,309,395511,卖盘
503,11:10:25,12.8,0.01,5,6400,卖盘
504,11:10:28,12.81,0.01,422,540582,买盘
505,11:10:40,12.81,0.0,33,42273,买盘
506,11:10:46,12.81,0.0,39,49945,买盘
507,11:10:52,12.81,0.0,27,34587,买盘
508,11:10:57,12.81,0.0,96,122976,买盘
509,11:11:01,12.8,-0.01,10,12800,卖盘
510,11:11:12,12.81,0.01,9,11529,买盘
511,11:11:25,12.81,0.0,14,17934,买盘
512,11:11:49,12.81,0.0,316,404796,买盘
513,11:11:52,12.8,-0.01,9,11520,卖盘
514,11:12:01,12.81,0.01,241,308721,买盘
515,11:12:04,12.81,0.0,9,11529,买盘
516,11:12:13,12.81,0.0,10,12810,买盘
517,11:12:19,12.81,0.0,16,20560,买盘
518,11:12:37,12.81,0.0,5,6341,卖盘
519,11:12:46,12.81,0.0,39,49923,买盘
520,11:12:49,12.8,-0.01,54,69125,卖盘
521,11:13:01,12.8,0.0,2,2560,卖盘
522,11:13:36,12.81,0.01,20,25620,买盘
523,11:13:54,12.83,0.02,80,102519,买盘
524,11:14:07,12.84,0.01,80,102673,买盘
525,11:14:13,12.84,0.0,80,102695,买盘
526,11:14:22,12.83,-0.01,45,57735,买盘
527,11:14:31,12.85,0.02,80,102765,买盘
528,11:14:40,12.85,0.0,80,102800,买盘
529,11:14:46,12.85,0.0,41,52749,买盘
530,11:14:52,12.86,0.01,81,104165,买盘
531,11:14:55,12.86,0.0,1,1286,买盘
532,11:15:06,12.87,0.01,25,32151,买盘
533,11:15:10,12.85,-0.02,3,3857,卖盘
534,11:15:12,12.86,0.01,2,2572,买盘
535,11:15:19,12.85,-0.01,45,57833,卖盘
536,11:15:22,12.83,-0.02,20,25674,卖盘
537,11:15:37,12.83,0.0,4,5132,卖盘
538,11:16:10,12.83,0.0,5,6415,卖盘
539,11:16:13,12.84,0.01,4,5136,买盘
540,11:16:43,12.84,0.0,1,1284,卖盘
541,11:16:52,12.85,0.01,6,7705,买盘
542,11:17:01,12.84,-0.01,8,10272,买盘
543,11:17:07,12.84,0.0,2,2568,买盘
544,11:17:43,12.83,-0.01,20,25660,卖盘
545,11:17:52,12.83,0.0,5,6415,卖盘
546,11:17:58,12.86,0.03,80,102813,买盘
547,11:18:06,12.87,0.01,80,102932,买盘
548,11:18:16,12.87,0.0,80,102960,买盘
549,11:18:25,12.88,0.01,230,296102,买盘
550,11:18:31,12.84,-0.04,121,155604,卖盘
551,11:18:33,12.89,0.05,181,233043,买盘
552,11:18:40,12.87,-0.02,10,12870,中性盘
553,11:18:43,12.88,0.01,10,12880,买盘
554,11:18:46,12.87,-0.01,10,12879,卖盘
555,11:18:52,12.89,0.02,37,47691,买盘
556,11:18:54,12.89,0.0,119,153346,买盘
557,11:18:58,12.87,-0.02,5,6435,买盘
558,11:19:04,12.88,0.01,10,12880,卖盘
559,11:19:07,12.89,0.01,7,9023,买盘
560,11:19:10,12.89,0.0,636,819797,买盘
561,11:19:13,12.89,0.0,194,249628,买盘
562,11:19:18,12.9,0.01,31,39979,买盘
563,11:19:22,12.9,0.0,21,27090,买盘
564,11:19:25,12.92,0.02,14,18077,买盘
565,11:19:28,12.89,-0.03,46,59303,卖盘
566,11:19:31,12.92,0.03,6,7752,买盘
567,11:19:34,12.92,0.0,3,3876,买盘
568,11:19:36,12.92,0.0,1,1292,卖盘
569,11:19:46,12.93,0.01,18,23274,买盘
570,11:19:49,12.94,0.01,59,76346,买盘
571,11:19:58,12.94,0.0,1,1294,卖盘
572,11:20:01,12.95,0.01,1,1295,买盘
573,11:20:04,12.92,-0.03,3,3876,卖盘
574,11:20:07,12.97,0.05,99,128406,买盘
575,11:20:12,12.98,0.01,167,216645,买盘
576,11:20:16,12.98,0.0,60,77703,买盘
577,11:20:19,12.97,-0.01,13,16861,中性盘
578,11:20:27,12.97,0.0,70,90788,买盘
579,11:20:31,12.93,-0.04,3,3879,卖盘
580,11:20:33,12.97,0.04,3,3889,买盘
581,11:20:40,12.97,0.0,3,3891,买盘
582,11:20:46,12.94,-0.03,2,2588,卖盘
583,11:20:51,12.96,0.02,27,34992,买盘
584,11:20:54,12.94,-0.02,4,5176,卖盘
585,11:20:58,12.94,0.0,30,38820,卖盘
586,11:21:07,12.95,0.01,32,41440,买盘
587,11:21:22,12.94,-0.01,8,10352,卖盘
588,11:21:28,12.94,0.0,10,12940,卖盘
589,11:21:31,12.94,0.0,16,20704,卖盘
590,11:21:40,12.94,0.0,33,42702,买盘
591,11:21:46,12.94,0.0,3,3882,卖盘
592,11:21:49,12.94,0.0,21,27174,卖盘
593,11:21:55,12.93,-0.01,3,3879,卖盘
594,11:22:01,12.93,0.0,10,12930,卖盘
595,11:22:06,12.93,0.0,1,1293,卖盘
596,11:22:34,12.92,-0.01,6,7752,卖盘
597,11:22:36,12.92,0.0,12,15504,卖盘
598,11:22:52,12.91,-0.01,20,25820,卖盘
599,11:22:55,12.91,0.0,2,2582,卖盘
600,11:23:01,12.91,0.0,3,3873,卖盘
601,11:23:07,12.91,0.0,3,3873,买盘
602,11:23:10,12.9,-0.01,9,11618,卖盘
603,11:23:16,12.91,0.01,1,1291,买盘
604,11:23:31,12.92,0.01,20,25840,买盘
605,11:23:49,12.92,0.0,15,19380,买盘
606,11:23:52,12.92,0.0,2,2584,卖盘
607,11:23:58,12.92,0.0,3,3876,卖盘
608,11:24:04,12.91,-0.01,4,5164,卖盘
609,11:24:07,12.93,0.02,20,25850,买盘
610,11:24:16,12.93,0.0,10,12930,买盘
611,11:24:22,12.94,0.01,19,24586,买盘
612,11:24:24,12.93,-0.01,20,25860,卖盘
613,11:24:28,12.93,0.0,1,1293,卖盘
614,11:25:16,12.92,-0.01,5,6460,卖盘
615,11:25:22,12.91,-0.01,1,1291,卖盘
616,11:25:25,12.91,0.0,8,10328,卖盘
617,11:25:31,12.9,-0.01,84,108360,卖盘
618,11:25:49,12.89,-0.01,8,10312,卖盘
619,11:25:52,12.89,0.0,3,3867,卖盘
620,11:26:12,12.89,0.0,5,6445,卖盘
621,11:26:19,12.9,0.01,5,6450,买盘
622,11:26:22,12.89,-0.01,15,19335,卖盘
623,11:26:28,12.9,0.01,12,15480,买盘
624,11:26:31,12.9,0.0,2,2580,卖盘
625,11:26:43,12.9,0.0,8,10320,卖盘
626,11:26:46,12.9,0.0,15,19350,卖盘
627,11:27:13,12.91,0.01,5,6455,买盘
628,11:27:25,12.91,0.0,34,43885,买盘
629,11:27:34,12.91,0.0,4,5164,买盘
630,11:27:37,12.9,-0.01,8,10320,卖盘
631,11:27:43,12.9,0.0,20,25800,卖盘
632,11:27:52,12.9,0.0,7,9030,卖盘
633,11:27:55,12.9,0.0,50,64500,买盘
634,11:28:06,12.9,0.0,15,19350,买盘
635,11:28:19,12.9,0.0,17,21930,卖盘
636,11:28:27,12.9,0.0,34,43860,卖盘
637,11:28:37,12.9,0.0,41,52890,买盘
638,11:28:43,12.89,-0.01,65,84223,卖盘
639,11:28:49,12.89,0.0,6,7734,买盘
640,11:28:55,12.89,0.0,89,114283,买盘
641,11:28:58,12.91,0.02,7,9032,买盘
642,11:29:04,12.92,0.01,10,12915,买盘
643,13:00:05,12.91,-0.01,67,86436,买盘
644,13:00:07,12.91,0.0,20,25820,买盘
645,13:00:09,12.9,-0.01,15,19350,中性盘
646,13:00:24,12.9,0.0,3,3870,买盘
647,13:00:58,12.9,0.0,4,5160,买盘
648,13:01:04,12.9,0.0,1,1290,卖盘
649,13:01:31,12.89,-0.01,15,19335,卖盘
650,13:01:54,12.89,0.0,5,6445,卖盘
651,13:02:07,12.89,0.0,14,18626,卖盘
652,13:02:22,12.89,0.0,2,2578,卖盘
653,13:02:30,12.89,0.0,45,58005,卖盘
654,13:02:39,12.89,0.0,3,3867,卖盘
655,13:02:58,12.89,0.0,6,7592,卖盘
656,13:03:28,12.9,0.01,47,60753,买盘
657,13:04:04,12.9,0.0,4,5160,卖盘
658,13:04:31,12.9,0.0,41,52748,卖盘
659,13:04:34,12.9,0.0,5,6450,买盘
660,13:05:39,12.89,-0.01,1,1289,卖盘
661,13:05:58,12.89,0.0,12,15468,买盘
662,13:06:00,12.89,0.0,1,1289,卖盘
663,13:06:10,12.89,0.0,5,6445,卖盘
664,13:06:13,12.88,-0.01,20,25760,卖盘
665,13:06:19,12.88,0.0,18,23184,卖盘
666,13:06:31,12.88,0.0,7,9016,卖盘
667,13:06:58,12.88,0.0,20,25760,买盘
668,13:07:07,12.88,0.0,11,14168,买盘
669,13:07:10,12.87,-0.01,82,105534,卖盘
670,13:07:12,12.87,0.0,6,7722,买盘
671,13:07:37,12.86,-0.01,9,11574,卖盘
672,13:07:51,12.85,-0.01,4,5140,卖盘
673,13:07:55,12.85,0.0,48,61680,卖盘
674,13:08:07,12.85,0.0,20,25700,卖盘
675,13:08:13,12.85,0.0,2,2570,卖盘
676,13:08:19,12.85,0.0,5,6425,买盘
677,13:08:30,12.83,-0.02,10,12834,卖盘
678,13:09:04,12.83,0.0,2,2566,卖盘
679,13:09:19,12.84,0.01,1,1284,卖盘
680,13:09:43,12.84,0.0,4,5136,买盘
681,13:09:46,12.85,0.01,19,24409,买盘
682,13:09:49,12.85,0.0,2,2570,买盘
683,13:10:16,12.85,0.0,5,6425,买盘
684,13:10:31,12.85,0.0,24,30840,卖盘
685,13:11:25,12.85,0.0,1,1285,买盘
686,13:11:49,12.85,0.0,10,12850,买盘
687,13:11:58,12.85,0.0,5,6425,买盘
688,13:12:00,12.84,-0.01,19,24396,卖盘
689,13:12:43,12.84,0.0,3,3852,买盘
690,13:13:40,12.83,-0.01,2,2566,卖盘
691,13:13:43,12.83,0.0,20,25660,卖盘
692,13:13:52,12.83,0.0,20,25660,卖盘
693,13:14:16,12.83,0.0,1,1283,卖盘
694,13:14:18,12.83,0.0,5,6415,卖盘
695,13:14:24,12.83,0.0,5,6415,卖盘
696,13:14:34,12.84,0.01,5,6420,买盘
697,13:14:46,12.83,-0.01,23,29509,卖盘
698,13:15:10,12.83,0.0,4,5273,卖盘
699,13:15:21,12.83,0.0,2,2566,卖盘
700,13:15:28,12.83,0.0,20,25519,卖盘
701,13:15:37,12.83,0.0,45,57735,买盘
702,13:15:49,12.83,0.0,16,20528,买盘
703,13:15:52,12.82,-0.01,116,148712,卖盘
704,13:16:01,12.83,0.01,8,10260,买盘
705,13:16:13,12.81,-0.02,20,25630,卖盘
706,13:16:45,12.84,0.03,2,2568,买盘
707,13:16:51,12.85,0.01,1,1285,买盘
708,13:17:03,12.85,0.0,11,14135,买盘
709,13:17:16,12.85,0.0,7,8995,买盘
710,13:17:21,12.84,-0.01,28,35970,卖盘
711,13:17:34,12.85,0.01,10,12850,买盘
712,13:17:37,12.84,-0.01,4,5136,卖盘
713,13:17:43,12.83,-0.01,13,16688,卖盘
714,13:18:37,12.83,0.0,2,2566,卖盘
715,13:19:21,12.83,0.0,2,2566,卖盘
716,13:19:37,12.84,0.01,4,5136,买盘
717,13:19:40,12.83,-0.01,4,5132,卖盘
718,13:19:52,12.84,0.01,22,28246,买盘
719,13:19:55,12.83,-0.01,14,17962,卖盘
720,13:20:07,12.83,0.0,10,12830,卖盘
721,13:20:10,12.83,0.0,10,12830,卖盘
722,13:20:13,12.85,0.02,1,1285,买盘
723,13:20:52,12.84,-0.01,1,1284,卖盘
724,13:21:40,12.84,0.0,2,2568,卖盘
725,13:22:01,12.84,0.0,31,39804,卖盘
726,13:22:04,12.83,-0.01,20,25660,卖盘
727,13:22:07,12.82,-0.01,13,16678,卖盘
728,13:23:06,12.83,0.01,12,15396,买盘
729,13:23:10,12.83,0.0,10,12830,卖盘
730,13:23:49,12.84,0.01,1,1284,买盘
731,13:23:52,12.83,-0.01,3,3849,卖盘
732,13:24:01,12.83,0.0,2,2566,卖盘
733,13:24:10,12.83,0.0,8,10264,卖盘
734,13:24:37,12.82,-0.01,10,12822,卖盘
735,13:24:45,12.82,0.0,4,5128,卖盘
736,13:25:22,12.82,0.0,7,8974,卖盘
737,13:25:25,12.82,0.0,1,1282,卖盘
738,13:25:36,12.82,0.0,44,56408,卖盘
739,13:25:40,12.81,-0.01,4,5124,卖盘
740,13:25:46,12.81,0.0,3,3843,卖盘
741,13:26:07,12.81,0.0,8,10248,卖盘
742,13:26:18,12.81,0.0,2,2562,卖盘
743,13:26:49,12.82,0.01,5,6410,买盘
744,13:26:51,12.81,-0.01,7,8967,卖盘
745,13:27:01,12.82,0.01,65,83330,买盘
746,13:27:04,12.82,0.0,13,16666,买盘
747,13:27:10,12.82,0.0,7,8974,买盘
748,13:27:13,12.82,0.0,13,16397,买盘
749,13:27:36,12.83,0.01,10,12830,买盘
750,13:27:54,12.83,0.0,12,15396,买盘
751,13:28:04,12.82,-0.01,5,6410,卖盘
752,13:28:34,12.82,0.0,3,3846,卖盘
753,13:29:34,12.83,0.01,44,56452,买盘
754,13:29:51,12.84,0.01,23,29532,买盘
755,13:30:19,12.84,0.0,1,1284,买盘
756,13:30:37,12.84,0.0,11,14124,买盘
757,13:30:49,12.83,-0.01,20,25669,卖盘
758,13:31:16,12.83,0.0,10,12830,卖盘
759,13:31:27,12.83,0.0,10,12830,卖盘
760,13:31:37,12.83,0.0,6,7698,卖盘
761,13:31:45,12.83,0.0,10,12830,卖盘
762,13:32:07,12.83,0.0,13,16679,卖盘
763,13:32:10,12.85,0.02,4,5140,买盘
764,13:32:28,12.85,0.0,6,7710,买盘
765,13:33:22,12.85,0.0,56,71960,买盘
766,13:33:24,12.83,-0.02,13,16679,卖盘
767,13:34:31,12.85,0.02,10,12850,买盘
768,13:34:40,12.84,-0.01,7,8988,卖盘
769,13:34:43,12.84,0.0,1,1284,买盘
770,13:35:04,12.84,0.0,5,6420,买盘
771,13:35:18,12.83,-0.01,4,5132,卖盘
772,13:35:28,12.83,0.0,4,5132,卖盘
773,13:35:31,12.83,0.0,11,14113,卖盘
774,13:36:16,12.83,0.0,25,32075,卖盘
775,13:36:19,12.82,-0.01,17,21794,卖盘
776,13:36:21,12.82,0.0,5,6410,卖盘
777,13:36:25,12.82,0.0,3,3846,卖盘
778,13:36:28,12.82,0.0,9,11538,卖盘
779,13:36:31,12.82,0.0,14,17948,卖盘
780,13:36:34,12.82,0.0,25,32050,卖盘
781,13:36:37,12.82,0.0,5,6410,卖盘
782,13:36:40,12.82,0.0,6,7692,卖盘
783,13:36:43,12.82,0.0,4,5128,卖盘
784,13:36:46,12.82,0.0,3,3846,卖盘
785,13:36:49,12.82,0.0,4,5128,卖盘
786,13:36:52,12.82,0.0,25,32319,卖盘
787,13:36:54,12.81,-0.01,43,55083,卖盘
788,13:36:58,12.81,0.0,18,23058,卖盘
789,13:37:01,12.81,0.0,16,20496,卖盘
790,13:37:04,12.81,0.0,33,42273,卖盘
791,13:37:06,12.81,0.0,8,10248,卖盘
792,13:37:10,12.81,0.0,7,8967,卖盘
793,13:37:12,12.81,0.0,5,6405,卖盘
794,13:37:16,12.81,0.0,4,5470,卖盘
795,13:37:18,12.81,0.0,2,2562,卖盘
796,13:37:22,12.81,0.0,45,57299,卖盘
797,13:37:25,12.79,-0.02,272,348042,卖盘
798,13:37:51,12.78,-0.01,8,10224,卖盘
799,13:37:55,12.79,0.01,19,24279,买盘
800,13:38:12,12.78,-0.01,18,23004,买盘
801,13:38:24,12.78,0.0,10,12780,卖盘
802,13:38:43,12.79,0.01,5,6395,买盘
803,13:38:46,12.78,-0.01,6,7668,卖盘
804,13:38:49,12.79,0.01,5,6395,买盘
805,13:39:01,12.78,-0.01,10,12780,卖盘
806,13:39:15,12.79,0.01,10,12790,买盘
807,13:39:19,12.78,-0.01,3,3834,卖盘
808,13:39:34,12.79,0.01,57,72903,买盘
809,13:40:10,12.8,0.01,56,71680,买盘
810,13:41:34,12.8,0.0,2,2560,卖盘
811,13:42:37,12.8,0.0,23,29440,卖盘
812,13:42:40,12.81,0.01,1,1281,买盘
813,13:42:43,12.81,0.0,1,1281,买盘
814,13:43:31,12.8,-0.01,10,12800,卖盘
815,13:43:34,12.8,0.0,2,2560,卖盘
816,13:43:37,12.8,0.0,1,1280,卖盘
817,13:43:49,12.79,-0.01,1,1279,卖盘
818,13:44:46,12.79,0.0,12,15353,卖盘
819,13:45:22,12.8,0.01,50,64000,买盘
820,13:45:25,12.79,-0.01,5,6395,卖盘
821,13:45:43,12.79,0.0,2,2558,卖盘
822,13:45:49,12.79,0.0,6,7674,卖盘
823,13:46:04,12.79,0.0,10,12790,买盘
824,13:46:21,12.78,-0.01,10,12780,卖盘
825,13:46:28,12.79,0.01,15,19185,买盘
826,13:46:34,12.79,0.0,5,6395,买盘
827,13:46:46,12.78,-0.01,2,2556,卖盘
828,13:47:48,12.78,0.0,40,51120,卖盘
829,13:47:51,12.78,0.0,14,17892,卖盘
830,13:48:01,12.78,0.0,2,2556,卖盘
831,13:48:22,12.78,0.0,1,1278,买盘
832,13:48:30,12.78,0.0,43,54954,卖盘
833,13:48:33,12.78,0.0,10,12780,卖盘
834,13:48:36,12.78,0.0,8,10224,卖盘
835,13:48:42,12.78,0.0,7,8946,卖盘
836,13:49:15,12.78,0.0,18,23004,卖盘
837,13:49:18,12.78,0.0,4,5112,买盘
838,13:49:21,12.77,-0.01,8,10216,卖盘
839,13:49:37,12.78,0.01,58,74124,买盘
840,13:49:49,12.78,0.0,1,1278,卖盘
841,13:50:13,12.78,0.0,2,2556,卖盘
842,13:50:28,12.78,0.0,5,6390,卖盘
843,13:50:43,12.78,0.0,3,3834,卖盘
844,13:51:46,12.79,0.01,1,1279,买盘
845,13:51:57,12.78,-0.01,18,23004,卖盘
846,13:52:21,12.79,0.01,29,37091,买盘
847,13:52:25,12.78,-0.01,12,15346,卖盘
848,13:52:28,12.79,0.01,2,2558,买盘
849,13:52:31,12.79,0.0,10,12790,买盘
850,13:52:37,12.79,0.0,1,1279,卖盘
851,13:52:40,12.79,0.0,6,7674,买盘
852,13:52:43,12.81,0.02,1,1281,买盘
853,13:53:01,12.81,0.0,41,52521,买盘
854,13:53:24,12.83,0.02,10,12830,买盘
855,13:54:07,12.82,-0.01,1,1282,卖盘
856,13:54:28,12.82,0.0,10,12820,买盘
857,13:55:25,12.82,0.0,7,8974,买盘
858,13:55:40,12.83,0.01,12,15396,买盘
859,13:56:04,12.83,0.0,50,64150,买盘
860,13:56:18,12.83,0.0,9,11547,买盘
861,13:57:36,12.82,-0.01,15,19230,卖盘
862,13:57:55,12.83,0.01,12,15396,买盘
863,13:58:25,12.83,0.0,30,38490,买盘
864,13:58:40,12.82,-0.01,10,12820,卖盘
865,13:58:55,12.82,0.0,3,3846,卖盘
866,13:59:01,12.82,0.0,4,5128,卖盘
867,13:59:06,12.82,0.0,1,1282,卖盘
868,13:59:34,12.82,0.0,10,12820,卖盘
869,13:59:46,12.83,0.01,1,1283,买盘
870,14:00:07,12.83,0.0,1,1283,买盘
871,14:00:16,12.83,0.0,3,3849,买盘
872,14:00:27,12.83,0.0,6,7698,买盘
873,14:00:31,12.83,0.0,5,6415,卖盘
874,14:01:10,12.83,0.0,2,2566,卖盘
875,14:01:30,12.83,0.0,27,34641,卖盘
876,14:01:40,12.84,0.01,5,6420,买盘
877,14:02:12,12.84,0.0,1,1284,买盘
878,14:02:25,12.84,0.0,1,1284,买盘
879,14:02:40,12.84,0.0,1,1284,买盘
880,14:02:57,12.84,0.0,20,25680,买盘
881,14:03:03,12.84,0.0,1,1284,买盘
882,14:03:55,12.83,-0.01,40,51320,卖盘
883,14:04:37,12.83,0.0,6,7698,卖盘
884,14:04:48,12.82,-0.01,19,24358,卖盘
885,14:05:52,12.81,-0.01,15,19229,卖盘
886,14:05:57,12.81,0.0,29,36803,卖盘
887,14:06:04,12.81,0.0,59,75579,买盘
888,14:06:07,12.82,0.01,26,33666,买盘
889,14:06:13,12.82,0.0,11,14102,买盘
890,14:06:19,12.82,0.0,13,16666,买盘
891,14:06:22,12.82,0.0,2,2564,买盘
892,14:06:28,12.81,-0.01,24,30744,卖盘
893,14:06:55,12.81,0.0,61,78141,买盘
894,14:07:21,12.81,0.0,4,5124,买盘
895,14:07:27,12.81,0.0,2,2562,卖盘
896,14:07:31,12.81,0.0,2,2562,卖盘
897,14:08:15,12.81,0.0,10,12810,卖盘
898,14:08:25,12.81,0.0,9,11529,卖盘
899,14:08:28,12.81,0.0,8,10248,卖盘
900,14:08:40,12.81,0.0,10,12810,卖盘
901,14:09:04,12.81,0.0,5,6405,卖盘
902,14:10:09,12.81,0.0,1,1281,买盘
903,14:10:16,12.81,0.0,27,34587,买盘
904,14:10:37,12.81,0.0,10,12810,买盘
905,14:11:13,12.83,0.02,36,46176,买盘
906,14:11:25,12.83,0.0,10,12830,买盘
907,14:11:52,12.83,0.0,2,2566,卖盘
908,14:12:28,12.84,0.01,45,57292,买盘
909,14:12:36,12.85,0.01,1,1285,买盘
910,14:13:01,12.84,-0.01,8,10272,卖盘
911,14:13:55,12.84,0.0,20,25680,卖盘
912,14:14:10,12.84,0.0,2,2568,卖盘
913,14:14:13,12.84,0.0,7,9437,卖盘
914,14:15:31,12.83,-0.01,6,7570,卖盘
915,14:15:43,12.84,0.01,40,50911,买盘
916,14:15:52,12.84,0.0,11,14573,卖盘
917,14:16:31,12.83,-0.01,10,12830,卖盘
918,14:16:34,12.84,0.01,50,63751,买盘
919,14:16:49,12.85,0.01,51,65965,买盘
920,14:17:04,12.83,-0.02,7,8981,卖盘
921,14:17:49,12.83,0.0,15,19245,卖盘
922,14:18:00,12.83,0.0,10,12830,卖盘
923,14:18:19,12.83,0.0,2,2566,卖盘
924,14:18:36,12.83,0.0,1,1283,卖盘
925,14:19:00,12.83,0.0,14,18090,卖盘
926,14:19:06,12.83,0.0,5,6415,买盘
927,14:19:36,12.82,-0.01,11,14102,卖盘
928,14:20:22,12.82,0.0,1,1282,卖盘
929,14:20:37,12.82,0.0,1,1282,卖盘
930,14:20:55,12.81,-0.01,49,62769,卖盘
931,14:21:31,12.81,0.0,16,20496,卖盘
932,14:21:34,12.81,0.0,1,1281,买盘
933,14:22:13,12.81,0.0,4,5124,买盘
934,14:22:19,12.81,0.0,3,3843,卖盘
935,14:23:43,12.81,0.0,5,6264,买盘
936,14:24:22,12.81,0.0,15,19215,卖盘
937,14:24:36,12.81,0.0,3,3843,卖盘
938,14:24:43,12.82,0.01,7,8974,买盘
939,14:24:55,12.82,0.0,3,3846,买盘
940,14:25:39,12.82,0.0,5,6410,买盘
941,14:25:52,12.81,-0.01,10,12810,卖盘
942,14:26:58,12.81,0.0,4,5265,卖盘
943,14:27:22,12.81,0.0,20,25620,买盘
944,14:28:01,12.81,0.0,7,8967,买盘
945,14:28:28,12.81,0.0,1,1281,买盘
946,14:28:31,12.81,0.0,3,3843,买盘
947,14:28:36,12.81,0.0,2,2562,买盘
948,14:28:46,12.8,-0.01,10,12800,卖盘
949,14:29:07,12.8,0.0,1,1280,卖盘
950,14:29:13,12.8,0.0,3,3840,卖盘
951,14:29:25,12.8,0.0,10,12928,卖盘
952,14:29:28,12.8,0.0,3,3840,卖盘
953,14:29:36,12.82,0.02,11,13951,买盘
954,14:30:04,12.82,0.0,1,1282,买盘
955,14:30:06,12.82,0.0,1,1282,买盘
956,14:30:34,12.82,0.0,45,57690,买盘
957,14:30:45,12.82,0.0,8,10256,买盘
958,14:31:04,12.82,0.0,3,3846,买盘
959,14:31:10,12.82,0.0,38,48434,买盘
960,14:31:12,12.82,0.0,1,1308,卖盘
961,14:31:15,12.82,0.0,2,2564,卖盘
962,14:31:22,12.83,0.01,7,8981,买盘
963,14:31:25,12.82,-0.01,6,7436,卖盘
964,14:31:28,12.82,0.0,4,5128,卖盘
965,14:31:37,12.83,0.01,1,1283,买盘
966,14:31:48,12.82,-0.01,112,144097,卖盘
967,14:32:00,12.82,0.0,18,22563,买盘
968,14:32:25,12.82,0.0,2,3077,卖盘
969,14:32:31,12.82,0.0,3,3846,买盘
970,14:32:33,12.82,0.0,3,3846,买盘
971,14:32:58,12.82,0.0,27,34614,买盘
972,14:33:10,12.81,-0.01,20,25620,卖盘
973,14:33:19,12.82,0.01,10,12820,买盘
974,14:34:36,12.81,-0.01,20,25620,卖盘
975,14:34:43,12.82,0.01,10,12820,买盘
976,14:34:46,12.82,0.0,41,52562,买盘
977,14:34:55,12.81,-0.01,3,3702,卖盘
978,14:34:57,12.82,0.01,10,12820,买盘
979,14:35:43,12.81,-0.01,15,18510,卖盘
980,14:35:49,12.81,0.0,2,2562,卖盘
981,14:36:13,12.82,0.01,17,22563,买盘
982,14:36:25,12.82,0.0,10,12820,卖盘
983,14:36:28,12.82,0.0,10,12820,卖盘
984,14:36:39,12.82,0.0,2,1795,买盘
985,14:37:13,12.81,-0.01,2,2562,卖盘
986,14:37:37,12.81,0.0,10,12836,卖盘
987,14:37:43,12.82,0.01,20,25640,买盘
988,14:37:46,12.81,-0.01,2,2562,卖盘
989,14:38:25,12.82,0.01,1,1282,买盘
990,14:38:28,12.82,0.0,7,8974,买盘
991,14:38:31,12.82,0.0,15,19220,买盘
992,14:38:49,12.81,-0.01,10,12810,卖盘
993,14:39:43,12.82,0.01,1,1282,买盘
994,14:40:22,12.82,0.0,30,38460,买盘
995,14:40:36,12.82,0.0,50,64100,买盘
996,14:41:00,12.82,0.0,4,5897,买盘
997,14:41:04,12.82,0.0,10,12051,卖盘
998,14:41:16,12.82,0.0,1,1282,买盘
999,14:41:22,12.82,0.0,1,1282,买盘
1000,14:41:46,12.82,0.0,1,1282,买盘
1001,14:41:49,12.82,0.0,50,64100,买盘
1002,14:42:06,12.82,0.0,10,12820,买盘
1003,14:42:10,12.81,-0.01,20,25620,卖盘
1004,14:42:12,12.8,-0.01,30,38410,卖盘
1005,14:42:19,12.81,0.01,1,1281,卖盘
1006,14:42:43,12.8,-0.01,19,24320,卖盘
1007,14:42:58,12.8,0.0,9,11520,卖盘
1008,14:43:04,12.79,-0.01,49,62716,卖盘
1009,14:43:19,12.79,0.0,17,21743,卖盘
1010,14:43:31,12.79,0.0,20,25580,卖盘
1011,14:43:40,12.79,0.0,29,37091,卖盘
1012,14:43:43,12.79,0.0,73,93367,卖盘
1013,14:44:04,12.79,0.0,10,12790,买盘
1014,14:44:10,12.78,-0.01,17,21726,卖盘
1015,14:44:19,12.78,0.0,1,1278,卖盘
1016,14:44:28,12.78,0.0,21,26838,卖盘
1017,14:44:46,12.78,0.0,18,23004,卖盘
1018,14:44:49,12.79,0.01,14,17906,买盘
1019,14:45:07,12.79,0.0,17,21743,卖盘
1020,14:45:16,12.79,0.0,10,12790,买盘
1021,14:45:48,12.78,-0.01,21,26007,卖盘
1022,14:46:04,12.79,0.01,3,3837,买盘
1023,14:46:22,12.8,0.01,12,15360,买盘
1024,14:46:25,12.8,0.0,1,1280,买盘
1025,14:47:13,12.8,0.0,5,6400,买盘
1026,14:47:18,12.8,0.0,3,3840,买盘
1027,14:47:39,12.8,0.0,13,16640,买盘
1028,14:47:49,12.8,0.0,49,62720,卖盘
1029,14:48:31,12.8,0.0,6,7680,买盘
1030,14:48:55,12.8,0.0,5,6400,卖盘
1031,14:49:16,12.8,0.0,20,25600,卖盘
1032,14:49:27,12.8,0.0,10,12800,买盘
1033,14:49:49,12.8,0.0,7,8960,买盘
1034,14:50:45,12.8,0.0,5,6400,买盘
1035,14:50:49,12.8,0.0,1,1280,买盘
1036,14:50:58,12.79,-0.01,7,8953,卖盘
1037,14:51:10,12.8,0.01,6,7680,买盘
1038,14:51:13,12.79,-0.01,10,12790,卖盘
1039,14:51:16,12.79,0.0,13,16627,卖盘
1040,14:51:30,12.79,0.0,8,10232,买盘
1041,14:51:52,12.78,-0.01,2,2556,卖盘
1042,14:52:07,12.78,0.0,5,6390,卖盘
1043,14:52:10,12.79,0.01,5,6395,买盘
1044,14:52:18,12.79,0.0,7,8953,买盘
1045,14:52:28,12.78,-0.01,12,15336,卖盘
1046,14:52:39,12.79,0.01,107,136853,买盘
1047,14:52:58,12.8,0.01,1,1280,买盘
1048,14:53:04,12.79,-0.01,16,20464,卖盘
1049,14:53:19,12.79,0.0,1,1279,卖盘
1050,14:53:31,12.79,0.0,46,58835,卖盘
1051,14:53:34,12.79,0.0,17,21743,卖盘
1052,14:53:39,12.79,0.0,5,6395,买盘
1053,14:53:42,12.79,0.0,33,42207,买盘
1054,14:53:45,12.78,-0.01,1,1278,卖盘
1055,14:54:13,12.78,0.0,2,2556,卖盘
1056,14:54:18,12.79,0.01,1,1279,买盘
1057,14:54:34,12.78,-0.01,14,17894,卖盘
1058,14:54:40,12.78,0.0,119,152913,卖盘
1059,14:54:43,12.78,0.0,30,38340,买盘
1060,14:54:49,12.77,-0.01,21,26837,卖盘
1061,14:54:51,12.77,0.0,10,12770,卖盘
1062,14:55:01,12.78,0.01,1,1278,买盘
1063,14:55:04,12.78,0.0,18,23004,买盘
1064,14:55:16,12.77,-0.01,1,1277,卖盘
1065,14:55:19,12.77,0.0,2,2554,卖盘
1066,14:55:28,12.78,0.01,44,56232,买盘
1067,14:55:31,12.78,0.0,25,31950,买盘
1068,14:55:40,12.78,0.0,2,2556,买盘
1069,14:55:45,12.78,0.0,1,1278,中性盘
1070,14:55:49,12.78,0.0,12,15346,卖盘
1071,14:55:52,12.78,0.0,27,34506,卖盘
1072,14:55:55,12.78,0.0,8,10224,买盘
1073,14:55:58,12.78,0.0,10,12780,买盘
1074,14:56:19,12.78,0.0,29,37062,买盘
1075,14:56:28,12.78,0.0,8,10224,买盘
1076,14:56:31,12.78,0.0,5,6390,买盘
1077,14:56:34,12.78,0.0,5,6390,买盘
1078,14:56:37,12.78,0.0,5,6390,买盘
1079,14:56:46,12.78,0.0,10,12780,买盘
1080,14:56:49,12.78,0.0,20,25688,买盘
1081,14:56:52,12.78,0.0,11,14058,卖盘
1082,14:56:54,12.78,0.0,23,29394,卖盘
1083,15:00:05,12.79,0.01,113,144527,卖盘
