,time,price,change,volume,amount,type
0,09:25:04,41.3,0.07,16,66080,卖盘
1,09:30:04,41.25,-0.05,211,871486,卖盘
2,09:30:07,41.25,0.0,10,41250,买盘
3,09:30:10,41.25,0.0,3,12375,买盘
4,09:30:13,41.25,0.0,1,4125,买盘
5,09:30:19,41.25,0.0,3,12375,买盘
6,09:30:22,41.25,0.0,12,49500,买盘
7,09:30:25,41.25,0.0,25,103125,买盘
8,09:30:28,41.25,0.0,18,74250,买盘
9,09:30:31,41.25,0.0,12,49500,买盘
10,09:30:34,41.25,0.0,3,12375,买盘
11,09:30:37,41.25,0.0,8,33000,买盘
12,09:30:40,41.25,0.0,5,20629,卖盘
13,09:30:42,41.3,0.05,1,4130,买盘
14,09:30:46,41.3,0.0,1,4130,买盘
15,09:30:51,41.29,-0.01,1,4129,卖盘
16,09:30:58,41.3,0.01,2,8260,中性盘
17,09:31:01,41.36,0.06,5,20662,买盘
18,09:31:04,41.3,-0.06,2,8260,卖盘
19,09:31:06,41.36,0.06,12,49580,买盘
20,09:31:09,41.29,-0.07,1,4129,卖盘
21,09:31:13,41.35,0.06,1,4135,中性盘
22,09:31:19,41.29,-0.06,3,12387,卖盘
23,09:31:24,41.29,0.0,1,4129,卖盘
24,09:31:28,41.29,0.0,16,66064,卖盘
25,09:31:31,41.26,-0.03,2,8252,卖盘
26,09:31:34,41.28,0.02,10,41280,买盘
27,09:31:37,41.3,0.02,7,28902,买盘
28,09:31:46,41.3,0.0,6,24780,卖盘
29,09:31:49,41.3,0.0,4,16515,买盘
30,09:31:55,41.26,-0.04,4,16504,卖盘
31,09:31:58,41.26,0.0,12,49512,卖盘
32,09:32:01,41.26,0.0,25,103150,卖盘
33,09:32:06,41.27,0.01,2,8254,卖盘
34,09:32:10,41.26,-0.01,9,37136,卖盘
35,09:32:13,41.27,0.01,6,24763,买盘
36,09:32:34,41.26,-0.01,2,8252,卖盘
37,09:32:37,41.29,0.03,4,16516,买盘
38,09:32:40,41.27,-0.02,1,4127,卖盘
39,09:32:42,41.29,0.02,1,4129,买盘
40,09:32:49,41.3,0.01,20,82580,买盘
41,09:32:55,41.35,0.05,2,8269,买盘
42,09:32:58,41.3,-0.05,10,41309,卖盘
43,09:33:05,41.47,0.17,4,16588,买盘
44,09:33:07,41.34,-0.13,5,20684,卖盘
45,09:33:10,41.34,0.0,8,33072,买盘
46,09:33:13,41.34,0.0,6,24804,买盘
47,09:33:16,41.34,0.0,24,99216,买盘
48,09:33:34,41.34,0.0,7,29000,卖盘
49,09:33:40,41.46,0.12,1,4146,买盘
50,09:33:43,41.46,0.0,4,16583,买盘
51,09:33:45,41.46,0.0,6,24816,买盘
52,09:33:52,41.45,-0.01,3,12435,买盘
53,09:33:57,41.34,-0.11,2,8268,卖盘
54,09:34:04,41.4,0.06,1,4140,买盘
55,09:34:09,41.4,0.0,3,12420,买盘
56,09:34:13,41.4,0.0,1,4140,卖盘
57,09:34:19,41.43,0.03,36,149126,买盘
58,09:34:22,41.34,-0.09,12,49612,卖盘
59,09:34:28,41.43,0.09,21,86985,买盘
60,09:34:31,41.4,-0.03,4,16560,卖盘
61,09:34:34,41.4,0.0,11,45570,卖盘
62,09:34:37,41.4,0.0,5,20700,卖盘
63,09:34:39,41.42,0.02,8,33136,买盘
64,09:34:43,41.34,-0.08,21,86849,卖盘
65,09:34:49,41.4,0.06,8,33120,买盘
66,09:34:52,41.4,0.0,12,49680,卖盘
67,09:34:54,41.31,-0.09,18,74495,卖盘
68,09:34:57,41.41,0.1,22,91039,买盘
69,09:35:06,41.42,0.01,31,128287,买盘
70,09:35:09,41.4,-0.02,4,16560,卖盘
71,09:35:19,41.4,0.0,8,33120,买盘
72,09:35:22,41.32,-0.08,7,28940,卖盘
73,09:35:31,41.32,0.0,3,12396,卖盘
74,09:35:40,41.32,0.0,88,363557,买盘
75,09:35:43,41.33,0.01,17,70276,卖盘
76,09:35:49,41.38,0.05,11,45468,买盘
77,09:35:52,41.4,0.02,22,91048,买盘
78,09:35:55,41.33,-0.07,1,4133,卖盘
79,09:35:58,41.33,0.0,4,16532,卖盘
80,09:36:01,41.4,0.07,4,16560,买盘
81,09:36:10,41.39,-0.01,4,16556,买盘
82,09:36:16,41.38,-0.01,3,12414,买盘
83,09:36:24,41.4,0.02,32,132448,买盘
84,09:36:31,41.4,0.0,15,62102,卖盘
85,09:36:34,41.4,0.0,11,45545,卖盘
86,09:36:37,41.41,0.01,5,20705,买盘
87,09:36:40,41.4,-0.01,56,231977,卖盘
88,09:36:43,41.4,0.0,11,45541,卖盘
89,09:36:46,41.41,0.01,3,12423,买盘
90,09:36:49,41.43,0.02,5,20713,买盘
91,09:36:52,41.43,0.0,5,20715,买盘
92,09:36:57,41.45,0.02,4,16578,买盘
93,09:37:01,41.45,0.0,9,37300,买盘
94,09:37:04,41.44,-0.01,2,8290,卖盘
95,09:37:06,41.46,0.02,7,29010,中性盘
96,09:37:10,41.48,0.02,9,37332,买盘
97,09:37:13,41.49,0.01,12,49739,买盘
98,09:37:16,41.49,0.0,6,24894,买盘
99,09:37:19,41.43,-0.06,3,12429,卖盘
100,09:37:25,41.49,0.06,45,186712,买盘
101,09:37:31,41.49,0.0,11,45639,卖盘
102,09:37:42,41.49,0.0,1,4149,买盘
103,09:37:49,41.49,0.0,18,74681,买盘
104,09:37:52,41.55,0.06,53,219983,买盘
105,09:37:58,41.55,0.0,3,12465,买盘
106,09:38:05,41.55,0.0,3,12465,买盘
107,09:38:06,41.55,0.0,9,37383,买盘
108,09:38:09,41.55,0.0,2,8310,买盘
109,09:38:13,41.53,-0.02,4,16612,买盘
110,09:38:19,41.53,0.0,8,33225,买盘
111,09:38:22,41.5,-0.03,1,4150,卖盘
112,09:38:25,41.5,0.0,4,16600,卖盘
113,09:38:27,41.48,-0.02,1,4148,买盘
114,09:38:34,41.47,-0.01,3,12441,卖盘
115,09:38:37,41.47,0.0,5,20735,卖盘
116,09:38:43,41.47,0.0,78,323663,卖盘
117,09:38:46,41.47,0.0,5,20735,买盘
118,09:38:55,41.47,0.0,30,124410,买盘
119,09:38:58,41.47,0.0,6,24880,买盘
120,09:39:06,41.49,0.02,2,8298,买盘
121,09:39:09,41.49,0.0,1,4149,买盘
122,09:39:13,41.47,-0.02,10,41478,卖盘
123,09:39:16,41.5,0.03,5,20746,买盘
124,09:39:19,41.48,-0.02,3,12444,卖盘
125,09:39:22,41.48,0.0,2,8296,卖盘
126,09:39:24,41.48,0.0,3,12444,卖盘
127,09:39:28,41.49,0.01,12,49793,卖盘
128,09:39:31,41.49,0.0,2,8298,中性盘
129,09:39:34,41.49,0.0,7,29043,买盘
130,09:39:40,41.48,-0.01,20,82960,卖盘
131,09:39:43,41.48,0.0,14,58072,买盘
132,09:39:46,41.48,0.0,1,4148,买盘
133,09:39:52,41.48,0.0,9,37332,买盘
134,09:39:55,41.49,0.01,2,8298,买盘
135,09:39:58,41.48,-0.01,11,45628,卖盘
136,09:40:04,41.48,0.0,17,70516,卖盘
137,09:40:07,41.49,0.01,7,29040,买盘
138,09:40:09,41.5,0.01,55,228238,买盘
139,09:40:12,41.5,0.0,2,8300,卖盘
140,09:40:16,41.5,0.0,3,12450,卖盘
141,09:40:18,41.51,0.01,1,4151,买盘
142,09:40:28,41.51,0.0,10,41508,买盘
143,09:40:30,41.5,-0.01,25,103770,卖盘
144,09:40:34,41.52,0.02,1,4152,买盘
145,09:40:36,41.52,0.0,16,66432,买盘
146,09:40:40,41.51,-0.01,12,49818,卖盘
147,09:40:52,41.52,0.01,10,41520,买盘
148,09:40:54,41.52,0.0,5,20760,卖盘
149,09:41:06,41.52,0.0,17,70589,卖盘
150,09:41:09,41.55,0.03,32,132921,买盘
151,09:41:13,41.52,-0.03,11,45672,卖盘
152,09:41:16,41.55,0.03,1,4155,买盘
153,09:41:22,41.52,-0.03,2,8304,卖盘
154,09:41:28,41.54,0.02,9,37380,买盘
155,09:41:31,41.52,-0.02,11,45681,卖盘
156,09:41:34,41.52,0.0,12,49828,卖盘
157,09:41:36,41.52,0.0,6,24912,买盘
158,09:41:40,41.5,-0.02,19,78860,卖盘
159,09:41:43,41.48,-0.02,5,20741,卖盘
160,09:41:49,41.5,0.02,3,12450,买盘
161,09:41:52,41.5,0.0,3,12450,买盘
162,09:42:01,41.49,-0.01,20,82989,卖盘
163,09:42:04,41.49,0.0,12,49788,卖盘
164,09:42:06,41.5,0.01,7,29044,买盘
165,09:42:10,41.5,0.0,6,24900,卖盘
166,09:42:13,41.5,0.0,5,20750,卖盘
167,09:42:25,41.5,0.0,6,24900,买盘
168,09:42:27,41.48,-0.02,6,24893,卖盘
169,09:42:34,41.48,0.0,5,20740,卖盘
170,09:42:37,41.5,0.02,17,70520,买盘
171,09:42:39,41.5,0.0,1,4150,卖盘
172,09:42:42,41.48,-0.02,24,99562,卖盘
173,09:42:49,41.48,0.0,3,12444,卖盘
174,09:42:58,41.47,-0.01,4,16590,卖盘
175,09:43:04,41.47,0.0,3,12441,卖盘
176,09:43:07,41.49,0.02,7,29039,买盘
177,09:43:10,41.47,-0.02,6,24886,卖盘
178,09:43:16,41.46,-0.01,11,45606,卖盘
179,09:43:18,41.46,0.0,3,12438,卖盘
180,09:43:28,41.45,-0.01,4,16580,卖盘
181,09:43:34,41.46,0.01,1,4146,买盘
182,09:43:37,41.46,0.0,1,4146,买盘
183,09:43:39,41.46,0.0,1,4146,买盘
184,09:43:52,41.49,0.03,10,41481,买盘
185,09:43:55,41.48,-0.01,6,24896,卖盘
186,09:43:58,41.5,0.02,32,132802,买盘
187,09:44:01,41.51,0.01,19,78853,买盘
188,09:44:04,41.51,0.0,2,8302,买盘
189,09:44:06,41.51,0.0,5,20755,买盘
190,09:44:10,41.48,-0.03,50,207447,卖盘
191,09:44:13,41.52,0.04,3,12456,买盘
192,09:44:16,41.52,0.0,5,20760,买盘
193,09:44:19,41.53,0.01,4,16612,买盘
194,09:44:28,41.53,0.0,5,20765,买盘
195,09:44:37,41.52,-0.01,2,8304,卖盘
196,09:44:40,41.52,0.0,3,12456,买盘
197,09:44:42,41.53,0.01,5,20765,买盘
198,09:44:46,41.53,0.0,5,20764,买盘
199,09:44:49,41.52,-0.01,43,178539,卖盘
200,09:44:58,41.53,0.01,5,20764,买盘
201,09:45:04,41.53,0.0,4,16612,买盘
202,09:45:13,41.53,0.0,1,4153,买盘
203,09:45:25,41.54,0.01,51,211830,买盘
204,09:45:34,41.51,-0.03,1,4151,卖盘
205,09:45:40,41.52,0.01,6,24908,买盘
206,09:45:43,41.52,0.0,5,20760,卖盘
207,09:45:46,41.52,0.0,1,4152,卖盘
208,09:45:49,41.52,0.0,16,66444,卖盘
209,09:45:51,41.52,0.0,4,16609,卖盘
210,09:45:58,41.53,0.01,3,12459,买盘
211,09:46:01,41.52,-0.01,13,53976,卖盘
212,09:46:04,41.52,0.0,15,62280,卖盘
213,09:46:07,41.52,0.0,4,16608,买盘
214,09:46:10,41.52,0.0,3,12455,买盘
215,09:46:15,41.5,-0.02,7,29050,卖盘
216,09:46:25,41.5,0.0,2,8300,买盘
217,09:46:27,41.5,0.0,3,12450,买盘
218,09:46:40,41.5,0.0,4,16600,买盘
219,09:46:42,41.49,-0.01,2,8298,中性盘
220,09:46:46,41.5,0.01,1,4150,买盘
221,09:46:55,41.48,-0.02,2,8296,卖盘
222,09:47:01,41.47,-0.01,9,37328,卖盘
223,09:47:10,41.47,0.0,1,4147,买盘
224,09:47:13,41.47,0.0,7,29029,中性盘
225,09:47:19,41.48,0.01,2,8296,买盘
226,09:47:21,41.47,-0.01,5,20735,卖盘
227,09:47:25,41.48,0.01,3,12444,买盘
228,09:47:37,41.46,-0.02,12,49756,卖盘
229,09:47:39,41.48,0.02,4,16592,买盘
230,09:47:43,41.48,0.0,10,41477,买盘
231,09:48:01,41.48,0.0,1,4148,买盘
232,09:48:04,41.48,0.0,8,33184,买盘
233,09:48:07,41.47,-0.01,6,24882,卖盘
234,09:48:10,41.48,0.01,5,20739,买盘
235,09:48:16,41.45,-0.03,22,91206,卖盘
236,09:48:19,41.45,0.0,25,103645,卖盘
237,09:48:22,41.45,0.0,3,12435,卖盘
238,09:48:25,41.44,-0.01,11,45584,卖盘
239,09:48:27,41.44,0.0,28,116033,卖盘
240,09:48:31,41.45,0.01,21,87034,买盘
241,09:48:34,41.42,-0.03,27,111856,卖盘
242,09:48:40,41.43,0.01,19,78701,买盘
243,09:48:43,41.4,-0.03,1,4140,卖盘
244,09:48:46,41.4,0.0,3,12423,卖盘
245,09:48:49,41.4,0.0,12,49685,卖盘
246,09:48:52,41.4,0.0,11,45540,买盘
247,09:48:58,41.39,-0.01,30,124170,卖盘
248,09:49:00,41.41,0.02,2,8282,买盘
249,09:49:06,41.4,-0.01,6,24828,买盘
250,09:49:10,41.4,0.0,1,4140,买盘
251,09:49:13,41.4,0.0,23,95257,买盘
252,09:49:19,41.36,-0.04,3,12412,卖盘
253,09:49:24,41.4,0.04,5,20700,买盘
254,09:49:34,41.36,-0.04,5,20692,卖盘
255,09:49:36,41.4,0.04,7,28980,买盘
256,09:49:39,41.35,-0.05,53,219216,卖盘
257,09:49:46,41.4,0.05,6,24840,卖盘
258,09:49:48,41.4,0.0,4,16560,卖盘
259,09:50:00,41.4,0.0,20,82800,买盘
260,09:50:10,41.35,-0.05,31,128210,卖盘
261,09:50:12,41.4,0.05,1,4140,中性盘
262,09:50:16,41.41,0.01,4,16562,买盘
263,09:50:18,41.35,-0.06,2,8270,卖盘
264,09:50:31,41.33,-0.02,81,334891,卖盘
265,09:50:37,41.4,0.07,1,4140,买盘
266,09:50:40,41.4,0.0,6,24840,卖盘
267,09:50:42,41.34,-0.06,1,4134,卖盘
268,09:50:49,41.4,0.06,19,78640,买盘
269,09:50:52,41.34,-0.06,2,8268,卖盘
270,09:50:55,41.34,0.0,1,4134,买盘
271,09:51:00,41.34,0.0,1,4134,买盘
272,09:51:06,41.39,0.05,2,8278,买盘
273,09:51:13,41.39,0.0,2,8278,卖盘
274,09:51:16,41.39,0.0,2,8279,卖盘
275,09:51:19,41.39,0.0,1,4139,买盘
276,09:51:34,41.39,0.0,11,45499,买盘
277,09:51:37,41.39,0.0,7,28973,买盘
278,09:51:39,41.39,0.0,3,12417,卖盘
279,09:51:46,41.39,0.0,1,4139,卖盘
280,09:51:52,41.39,0.0,2,8278,卖盘
281,09:51:58,41.39,0.0,1,4139,卖盘
282,09:52:01,41.39,0.0,2,8278,卖盘
283,09:52:07,41.39,0.0,2,8278,买盘
284,09:52:10,41.39,0.0,3,12417,买盘
285,09:52:12,41.39,0.0,2,8278,买盘
286,09:52:16,41.39,0.0,6,24834,买盘
287,09:52:19,41.4,0.01,4,16557,买盘
288,09:52:22,41.39,-0.01,6,24834,中性盘
289,09:52:31,41.39,0.0,1,4139,买盘
290,09:52:33,41.36,-0.03,5,20680,卖盘
291,09:52:39,41.39,0.03,8,33112,买盘
292,09:52:43,41.4,0.01,30,124200,买盘
293,09:52:46,41.41,0.01,12,49685,买盘
294,09:52:48,41.41,0.0,5,20705,买盘
295,09:52:51,41.41,0.0,4,16562,买盘
296,09:52:54,41.41,0.0,3,12423,买盘
297,09:52:58,41.42,0.01,3,12424,买盘
298,09:53:01,41.42,0.0,1,4142,买盘
299,09:53:04,41.4,-0.02,29,120062,卖盘
300,09:53:10,41.4,0.0,1,4140,买盘
301,09:53:12,41.4,0.0,2,8280,买盘
302,09:53:25,41.41,0.01,1,4141,买盘
303,09:53:28,41.41,0.0,1,4141,买盘
304,09:53:40,41.39,-0.02,62,256623,卖盘
305,09:53:55,41.39,0.0,1,4139,卖盘
306,09:53:57,41.39,0.0,1,4139,卖盘
307,09:54:04,41.4,0.01,3,12420,买盘
308,09:54:13,41.4,0.0,2,8280,买盘
309,09:54:19,41.4,0.0,2,8280,买盘
310,09:54:25,41.4,0.0,4,16560,卖盘
311,09:54:28,41.42,0.02,2,8284,买盘
312,09:54:43,41.43,0.01,21,87004,卖盘
313,09:54:45,41.44,0.01,2,8288,买盘
314,09:54:49,41.44,0.0,6,24864,中性盘
315,09:54:55,41.44,0.0,2,8288,卖盘
316,09:54:58,41.44,0.0,12,49728,卖盘
317,09:55:01,41.44,0.0,2,8288,卖盘
318,09:55:04,41.45,0.01,6,24870,买盘
319,09:55:06,41.45,0.0,6,24869,买盘
320,09:55:10,41.45,0.0,3,12435,买盘
321,09:55:16,41.44,-0.01,4,16576,卖盘
322,09:55:25,41.46,0.02,5,20727,买盘
323,09:55:37,41.46,0.0,1,4146,买盘
324,09:55:39,41.44,-0.02,2,8288,卖盘
325,09:55:43,41.46,0.02,18,74612,买盘
326,09:55:46,41.49,0.03,8,33180,买盘
327,09:55:52,41.46,-0.03,7,29023,卖盘
328,09:55:55,41.46,0.0,2,8292,买盘
329,09:56:07,41.4,-0.06,20,82802,卖盘
330,09:56:12,41.46,0.06,1,4146,买盘
331,09:56:16,41.46,0.0,1,4146,中性盘
332,09:56:22,41.46,0.0,7,29024,卖盘
333,09:56:25,41.47,0.01,4,16588,买盘
334,09:56:33,41.46,-0.01,1,4146,买盘
335,09:56:46,41.46,0.0,1,4146,买盘
336,09:56:48,41.46,0.0,7,29021,买盘
337,09:56:51,41.45,-0.01,8,33167,卖盘
338,09:56:55,41.48,0.03,2,8296,买盘
339,09:56:58,41.46,-0.02,3,12438,卖盘
340,09:57:01,41.46,0.0,1,4146,买盘
341,09:57:04,41.47,0.01,4,16587,买盘
342,09:57:07,41.45,-0.02,8,33162,卖盘
343,09:57:10,41.47,0.02,9,37313,买盘
344,09:57:13,41.47,0.0,1,4147,买盘
345,09:57:16,41.49,0.02,26,107855,买盘
346,09:57:19,41.49,0.0,5,20745,买盘
347,09:57:22,41.5,0.01,1,4150,买盘
348,09:57:25,41.5,0.0,1,4150,买盘
349,09:57:33,41.5,0.0,8,33200,买盘
350,09:57:37,41.5,0.0,3,12450,买盘
351,09:57:45,41.47,-0.03,11,45647,卖盘
352,09:57:49,41.5,0.03,4,16594,买盘
353,09:57:51,41.5,0.0,5,20750,买盘
354,09:57:58,41.47,-0.03,17,70499,卖盘
355,09:58:01,41.5,0.03,4,16591,买盘
356,09:58:07,41.51,0.01,5,20752,买盘
357,09:58:09,41.52,0.01,7,29058,买盘
358,09:58:13,41.52,0.0,2,8304,买盘
359,09:58:16,41.5,-0.02,4,16600,中性盘
360,09:58:21,41.5,0.0,1,4150,买盘
361,09:58:24,41.5,0.0,1,4150,卖盘
362,09:58:27,41.51,0.01,12,49811,买盘
363,09:58:31,41.51,0.0,8,33208,买盘
364,09:58:37,41.52,0.01,32,132834,买盘
365,09:58:39,41.52,0.0,24,99644,买盘
366,09:58:45,41.52,0.0,26,107952,买盘
367,09:58:49,41.52,0.0,4,16609,卖盘
368,09:58:52,41.54,0.02,10,41532,买盘
369,09:58:55,41.52,-0.02,7,29066,卖盘
370,09:58:58,41.54,0.02,7,29078,买盘
371,09:59:01,41.54,0.0,3,12462,买盘
372,09:59:07,41.52,-0.02,3,12458,卖盘
373,09:59:13,41.53,0.01,17,70587,买盘
374,09:59:22,41.52,-0.01,1,4152,卖盘
375,09:59:31,41.52,0.0,1,4152,卖盘
376,09:59:37,41.52,0.0,14,58124,中性盘
377,09:59:39,41.54,0.02,20,83068,买盘
378,09:59:48,41.54,0.0,6,24922,买盘
379,09:59:57,41.51,-0.03,2,8302,卖盘
380,10:00:00,41.53,0.02,13,53969,买盘
381,10:00:07,41.53,0.0,7,29071,卖盘
382,10:00:19,41.52,-0.01,2,8304,卖盘
383,10:00:22,41.52,0.0,1,4152,买盘
384,10:00:25,41.52,0.0,1,4152,买盘
385,10:00:30,41.52,0.0,1,4152,买盘
386,10:00:40,41.51,-0.01,1,4151,卖盘
387,10:00:43,41.51,0.0,20,83020,卖盘
388,10:00:46,41.52,0.01,9,37364,买盘
389,10:00:49,41.51,-0.01,50,207550,卖盘
390,10:00:51,41.51,0.0,12,49813,卖盘
391,10:00:54,41.51,0.0,7,29057,卖盘
392,10:00:57,41.51,0.0,3,12453,卖盘
393,10:01:01,41.51,0.0,10,41510,卖盘
394,10:01:04,41.51,0.0,5,20755,卖盘
395,10:01:07,41.5,-0.01,1,4150,卖盘
396,10:01:10,41.51,0.01,10,41510,买盘
397,10:01:13,41.52,0.01,55,228342,买盘
398,10:01:16,41.5,-0.02,2,8300,卖盘
399,10:01:18,41.52,0.02,2,8303,买盘
400,10:01:22,41.52,0.0,7,29064,买盘
401,10:01:31,41.54,0.02,68,282425,买盘
402,10:01:34,41.52,-0.02,23,95504,卖盘
403,10:01:39,41.51,-0.01,1,4151,买盘
404,10:01:42,41.51,0.0,2,8302,买盘
405,10:01:51,41.51,0.0,28,116228,买盘
406,10:01:55,41.54,0.03,1,4154,买盘
407,10:01:58,41.54,0.0,1,4154,买盘
408,10:02:00,41.54,0.0,1,4154,买盘
409,10:02:13,41.55,0.01,19,78936,买盘
410,10:02:16,41.54,-0.01,3,12462,卖盘
411,10:02:19,41.55,0.01,48,199440,买盘
412,10:02:22,41.54,-0.01,4,16617,中性盘
413,10:02:28,41.54,0.0,2,8308,买盘
414,10:02:34,41.54,0.0,9,37374,买盘
415,10:02:40,41.54,0.0,1,4154,买盘
416,10:02:58,41.52,-0.02,6,24914,卖盘
417,10:03:01,41.54,0.02,1,4154,买盘
418,10:03:10,41.52,-0.02,12,49834,卖盘
419,10:03:13,41.52,0.0,3,12456,买盘
420,10:03:19,41.51,-0.01,5,20755,卖盘
421,10:03:28,41.53,0.02,3,12459,买盘
422,10:03:31,41.53,0.0,12,49836,卖盘
423,10:03:33,41.53,0.0,17,70601,卖盘
424,10:03:37,41.53,0.0,21,87230,卖盘
425,10:03:42,41.53,0.0,6,24917,买盘
426,10:03:46,41.53,0.0,2,8306,买盘
427,10:03:52,41.5,-0.03,49,203378,卖盘
428,10:03:55,41.49,-0.01,1,4149,卖盘
429,10:03:58,41.5,0.01,1,4150,买盘
430,10:04:06,41.46,-0.04,1,4146,卖盘
431,10:04:10,41.46,0.0,1,4146,买盘
432,10:04:13,41.46,0.0,3,12438,买盘
433,10:04:16,41.49,0.03,8,33164,买盘
434,10:04:25,41.48,-0.01,1,4148,买盘
435,10:04:31,41.46,-0.02,2,8292,卖盘
436,10:04:39,41.49,0.03,23,95421,买盘
437,10:04:46,41.5,0.01,1,4150,买盘
438,10:04:52,41.49,-0.01,5,20745,卖盘
439,10:04:55,41.5,0.01,8,33200,买盘
440,10:04:58,41.5,0.0,6,24900,买盘
441,10:05:04,41.5,0.0,1,4150,买盘
442,10:05:07,41.5,0.0,2,8300,卖盘
443,10:05:10,41.49,-0.01,5,20747,卖盘
444,10:05:12,41.5,0.01,10,41500,买盘
445,10:05:24,41.49,-0.01,5,20749,卖盘
446,10:05:28,41.5,0.01,16,66350,买盘
447,10:05:34,41.49,-0.01,2,8298,卖盘
448,10:05:36,41.49,0.0,3,12447,卖盘
449,10:05:46,41.46,-0.03,4,16584,卖盘
450,10:05:52,41.46,0.0,7,29038,卖盘
451,10:05:58,41.45,-0.01,13,53892,卖盘
452,10:06:04,41.45,0.0,5,20725,卖盘
453,10:06:12,41.43,-0.02,20,82872,卖盘
454,10:06:19,41.46,0.03,5,20730,卖盘
455,10:06:25,41.5,0.04,18,74691,买盘
456,10:06:28,41.46,-0.04,3,12438,卖盘
457,10:06:31,41.49,0.03,13,53891,买盘
458,10:06:39,41.45,-0.04,3,12435,卖盘
459,10:06:49,41.49,0.04,1,4149,买盘
460,10:06:52,41.49,0.0,1,4149,卖盘
461,10:06:55,41.49,0.0,4,16598,卖盘
462,10:07:10,41.49,0.0,1,4149,买盘
463,10:07:16,41.46,-0.03,1,4146,卖盘
464,10:07:22,41.48,0.02,6,24888,买盘
465,10:07:25,41.49,0.01,1,4149,买盘
466,10:07:31,41.48,-0.01,4,16592,卖盘
467,10:07:33,41.48,0.0,2,8296,卖盘
468,10:07:43,41.49,0.01,3,12447,买盘
469,10:07:45,41.49,0.0,4,16596,买盘
470,10:07:48,41.49,0.0,7,29043,买盘
471,10:07:52,41.49,0.0,9,37341,买盘
472,10:07:55,41.5,0.01,13,53950,买盘
473,10:07:58,41.5,0.0,18,74700,买盘
474,10:08:01,41.52,0.02,24,99648,买盘
475,10:08:04,41.53,0.01,41,170261,买盘
476,10:08:06,41.54,0.01,19,78926,买盘
477,10:08:10,41.56,0.02,15,62324,买盘
478,10:08:13,41.56,0.0,26,108056,买盘
479,10:08:15,41.58,0.02,28,116410,买盘
480,10:08:18,41.6,0.02,7,29118,买盘
481,10:08:21,41.58,-0.02,3,12478,卖盘
482,10:08:25,41.6,0.02,12,49920,买盘
483,10:08:28,41.64,0.04,5,20812,买盘
484,10:08:33,41.64,0.0,2,8328,买盘
485,10:08:36,41.62,-0.02,10,41643,卖盘
486,10:08:43,41.7,0.08,49,204190,买盘
487,10:08:48,41.7,0.0,1,4170,卖盘
488,10:08:51,41.73,0.03,11,45903,买盘
489,10:08:54,41.7,-0.03,5,20863,卖盘
490,10:08:58,41.73,0.03,68,283946,中性盘
491,10:09:01,41.76,0.03,20,83520,卖盘
492,10:09:07,41.77,0.01,10,41782,卖盘
493,10:09:09,41.79,0.02,2,8356,买盘
494,10:09:13,41.79,0.0,50,208936,买盘
495,10:09:16,41.78,-0.01,21,87725,买盘
496,10:09:18,41.78,0.0,37,154539,买盘
497,10:09:22,41.77,-0.01,11,45948,卖盘
498,10:09:25,41.78,0.01,6,25068,买盘
499,10:09:28,41.78,0.0,11,45949,买盘
500,10:09:31,41.77,-0.01,7,29239,卖盘
501,10:09:33,41.78,0.01,15,62667,买盘
502,10:09:36,41.8,0.02,5,20892,买盘
503,10:09:39,41.77,-0.03,2,8355,卖盘
504,10:09:42,41.8,0.03,5,20892,买盘
505,10:09:46,41.78,-0.02,6,25064,中性盘
506,10:09:54,41.77,-0.01,12,50135,卖盘
507,10:09:58,41.79,0.02,8,33431,买盘
508,10:10:00,41.78,-0.01,9,37600,买盘
509,10:10:04,41.78,0.0,1,4178,买盘
510,10:10:06,41.8,0.02,93,388681,买盘
511,10:10:10,41.8,0.0,52,217360,卖盘
512,10:10:13,41.8,0.0,3,12540,卖盘
513,10:10:16,41.8,0.0,23,96146,卖盘
514,10:10:19,41.77,-0.03,36,150425,卖盘
515,10:10:22,41.77,0.0,8,33431,卖盘
516,10:10:31,41.78,0.01,1,4178,买盘
517,10:10:34,41.77,-0.01,4,16708,卖盘
518,10:10:37,41.77,0.0,25,104425,卖盘
519,10:10:40,41.77,0.0,89,371667,买盘
520,10:10:43,41.75,-0.02,29,121084,卖盘
521,10:10:46,41.7,-0.05,26,108440,卖盘
522,10:10:49,41.7,0.0,40,166832,卖盘
523,10:10:52,41.74,0.04,9,37552,买盘
524,10:10:55,41.7,-0.04,3,12510,卖盘
525,10:10:57,41.7,0.0,11,45870,卖盘
526,10:11:04,41.71,0.01,7,29197,买盘
527,10:11:07,41.7,-0.01,2,8340,卖盘
528,10:11:09,41.7,0.0,2,8340,卖盘
529,10:11:12,41.7,0.0,8,33365,卖盘
530,10:11:15,41.71,0.01,20,83415,买盘
531,10:11:21,41.71,0.0,1,4171,卖盘
532,10:11:28,41.71,0.0,9,37539,卖盘
533,10:11:31,41.7,-0.01,2,8340,中性盘
534,10:11:33,41.71,0.01,2,8341,买盘
535,10:11:46,41.72,0.01,10,41712,买盘
536,10:11:49,41.7,-0.02,7,29202,卖盘
537,10:11:52,41.72,0.02,15,62587,买盘
538,10:11:55,41.74,0.02,5,20870,买盘
539,10:12:09,41.73,-0.01,2,8345,买盘
540,10:12:12,41.73,0.0,32,133513,买盘
541,10:12:16,41.73,0.0,4,16692,买盘
542,10:12:19,41.75,0.02,36,150294,买盘
543,10:12:22,41.73,-0.02,11,45891,买盘
544,10:12:40,41.73,0.0,2,8346,买盘
545,10:12:52,41.76,0.03,6,25047,买盘
546,10:12:55,41.76,0.0,3,12528,买盘
547,10:13:01,41.78,0.02,32,133683,买盘
548,10:13:04,41.76,-0.02,3,12529,卖盘
549,10:13:10,41.8,0.04,52,217335,买盘
550,10:13:16,41.8,0.0,6,25080,买盘
551,10:13:19,41.77,-0.03,9,37599,卖盘
552,10:13:21,41.8,0.03,1,4180,买盘
553,10:13:25,41.8,0.0,10,41795,买盘
554,10:13:28,41.78,-0.02,8,33434,卖盘
555,10:13:31,41.8,0.02,24,100311,买盘
556,10:13:34,41.8,0.0,8,33439,买盘
557,10:13:40,41.8,0.0,5,20900,买盘
558,10:13:43,41.8,0.0,5,20900,卖盘
559,10:13:46,41.78,-0.02,10,41798,卖盘
560,10:13:49,41.78,0.0,5,20890,卖盘
561,10:13:51,41.78,0.0,4,16712,卖盘
562,10:13:54,41.79,0.01,2,8358,卖盘
563,10:14:04,41.77,-0.02,14,58484,卖盘
564,10:14:10,41.79,0.02,41,171330,买盘
565,10:14:15,41.78,-0.01,5,20890,中性盘
566,10:14:19,41.78,0.0,4,16712,卖盘
567,10:14:21,41.77,-0.01,2,8355,卖盘
568,10:14:28,41.78,0.01,8,33424,买盘
569,10:14:31,41.78,0.0,45,188005,买盘
570,10:14:34,41.75,-0.03,6,25056,卖盘
571,10:14:37,41.76,0.01,2,8351,中性盘
572,10:14:40,41.75,-0.01,15,62625,卖盘
573,10:14:45,41.76,0.01,31,129426,买盘
574,10:14:52,41.75,-0.01,2,8350,卖盘
575,10:15:04,41.76,0.01,8,33401,买盘
576,10:15:07,41.76,0.0,4,16704,买盘
577,10:15:10,41.76,0.0,4,16704,卖盘
578,10:15:15,41.76,0.0,25,104380,卖盘
579,10:15:25,41.76,0.0,47,196211,买盘
580,10:15:30,41.76,0.0,5,20880,买盘
581,10:15:34,41.79,0.03,31,129528,买盘
582,10:15:40,41.76,-0.03,42,175392,卖盘
583,10:15:48,41.76,0.0,7,29232,买盘
584,10:15:55,41.73,-0.03,51,212965,卖盘
585,10:16:04,41.76,0.03,7,29232,买盘
586,10:16:10,41.74,-0.02,28,116897,卖盘
587,10:16:16,41.74,0.0,1,4174,卖盘
588,10:16:31,41.75,0.01,5,20875,卖盘
589,10:16:34,41.76,0.01,6,25056,买盘
590,10:16:46,41.75,-0.01,6,25050,卖盘
591,10:16:48,41.76,0.01,2,8352,买盘
592,10:17:01,41.76,0.0,2,8352,买盘
593,10:17:04,41.75,-0.01,15,62626,卖盘
594,10:17:16,41.78,0.03,20,83553,买盘
595,10:17:22,41.76,-0.02,5,20880,卖盘
596,10:17:31,41.77,0.01,2,8354,买盘
597,10:17:43,41.79,0.02,32,133692,买盘
598,10:17:45,41.79,0.0,11,45959,买盘
599,10:17:55,41.78,-0.01,1,4178,卖盘
600,10:17:58,41.79,0.01,3,12537,买盘
601,10:18:06,41.79,0.0,1,4179,买盘
602,10:18:09,41.79,0.0,1,4179,买盘
603,10:18:13,41.77,-0.02,128,534994,卖盘
604,10:18:16,41.81,0.04,49,204835,买盘
605,10:18:19,41.79,-0.02,33,137951,卖盘
606,10:18:21,41.78,-0.01,1,4178,买盘
607,10:18:25,41.82,0.04,1,4182,买盘
608,10:18:28,41.82,0.0,1,4182,卖盘
609,10:18:31,41.83,0.01,2,8366,买盘
610,10:18:33,41.83,0.0,13,54378,买盘
611,10:18:36,41.83,0.0,9,37655,卖盘
612,10:18:43,41.86,0.03,55,230170,买盘
613,10:18:46,41.85,-0.01,11,46035,卖盘
614,10:18:49,41.86,0.01,8,33488,买盘
615,10:18:55,41.86,0.0,13,54418,买盘
616,10:18:58,41.87,0.01,83,347466,买盘
617,10:19:01,41.86,-0.01,10,41860,中性盘
618,10:19:04,41.86,0.0,56,234377,买盘
619,10:19:06,41.83,-0.03,2,8366,卖盘
620,10:19:10,41.86,0.03,50,209281,买盘
621,10:19:16,41.85,-0.01,4,16740,买盘
622,10:19:19,41.85,0.0,4,16740,卖盘
623,10:19:21,41.84,-0.01,5,20920,买盘
624,10:19:27,41.84,0.0,6,25104,买盘
625,10:19:30,41.8,-0.04,6,25093,卖盘
626,10:19:37,41.83,0.03,5,20915,买盘
627,10:19:40,41.8,-0.03,4,16720,卖盘
628,10:19:42,41.8,0.0,31,129580,卖盘
629,10:19:46,41.78,-0.02,32,133696,卖盘
630,10:19:54,41.78,0.0,19,79382,卖盘
631,10:19:57,41.8,0.02,6,25078,买盘
632,10:20:07,41.8,0.0,10,41800,买盘
633,10:20:10,41.8,0.0,5,20900,买盘
634,10:20:13,41.83,0.03,2,8366,买盘
635,10:20:19,41.81,-0.02,6,25086,卖盘
636,10:20:25,41.82,0.01,1,4182,买盘
637,10:20:28,41.81,-0.01,12,50172,卖盘
638,10:20:30,41.81,0.0,5,20904,买盘
639,10:20:34,41.81,0.0,3,12543,买盘
640,10:20:37,41.81,0.0,1,4181,买盘
641,10:20:40,41.8,-0.01,3,12540,卖盘
642,10:20:45,41.8,0.0,18,75250,卖盘
643,10:20:58,41.78,-0.02,1,4178,卖盘
644,10:21:10,41.78,0.0,3,12534,卖盘
645,10:21:15,41.79,0.01,1,4179,卖盘
646,10:21:18,41.8,0.01,4,16720,买盘
647,10:21:25,41.79,-0.01,1,4179,卖盘
648,10:21:28,41.78,-0.01,10,41780,卖盘
649,10:21:31,41.78,0.0,2,8356,卖盘
650,10:21:39,41.78,0.0,2,8356,卖盘
651,10:21:42,41.78,0.0,3,12534,卖盘
652,10:21:46,41.77,-0.01,12,50132,卖盘
653,10:21:52,41.77,0.0,7,29239,卖盘
654,10:21:54,41.77,0.0,2,8354,卖盘
655,10:21:57,41.77,0.0,15,62655,卖盘
656,10:22:00,41.75,-0.02,30,125262,卖盘
657,10:22:07,41.74,-0.01,10,41746,卖盘
658,10:22:13,41.74,0.0,5,20870,卖盘
659,10:22:16,41.74,0.0,3,12522,卖盘
660,10:22:25,41.74,0.0,5,20870,卖盘
661,10:22:27,41.74,0.0,12,50088,卖盘
662,10:22:30,41.75,0.01,10,41750,买盘
663,10:22:34,41.75,0.0,3,12525,卖盘
664,10:22:37,41.75,0.0,6,25050,卖盘
665,10:22:49,41.75,0.0,10,41750,卖盘
666,10:23:04,41.77,0.02,5,20885,买盘
667,10:23:07,41.76,-0.01,1,4176,卖盘
668,10:23:10,41.77,0.01,6,25060,买盘
669,10:23:12,41.76,-0.01,4,16704,卖盘
670,10:23:16,41.78,0.02,15,62669,买盘
671,10:23:18,41.78,0.0,11,45958,卖盘
672,10:23:25,41.78,0.0,4,16712,卖盘
673,10:23:40,41.75,-0.03,15,62625,卖盘
674,10:23:43,41.75,0.0,1,4175,卖盘
675,10:23:49,41.75,0.0,10,41750,卖盘
676,10:23:52,41.77,0.02,2,8354,买盘
677,10:23:58,41.76,-0.01,5,20882,卖盘
678,10:24:04,41.76,0.0,4,16707,卖盘
679,10:24:07,41.77,0.01,1,4177,买盘
680,10:24:10,41.77,0.0,8,33410,买盘
681,10:24:13,41.76,-0.01,2,8352,卖盘
682,10:24:16,41.76,0.0,7,29232,卖盘
683,10:24:21,41.76,0.0,3,12528,卖盘
684,10:24:34,41.74,-0.02,45,187882,卖盘
685,10:24:46,41.74,0.0,6,25044,卖盘
686,10:24:51,41.74,0.0,1,4174,卖盘
687,10:24:54,41.74,0.0,11,45914,卖盘
688,10:24:58,41.74,0.0,3,12522,卖盘
689,10:25:00,41.73,-0.01,4,16695,卖盘
690,10:25:07,41.74,0.01,37,154408,买盘
691,10:25:13,41.72,-0.02,22,91784,卖盘
692,10:25:16,41.72,0.0,4,16688,卖盘
693,10:25:18,41.72,0.0,4,16688,卖盘
694,10:25:25,41.72,0.0,1,4172,买盘
695,10:25:28,41.71,-0.01,2,8342,卖盘
696,10:25:36,41.71,0.0,30,125137,卖盘
697,10:25:39,41.71,0.0,1,4171,买盘
698,10:25:45,41.7,-0.01,22,91740,卖盘
699,10:25:52,41.7,0.0,14,58380,买盘
700,10:25:55,41.71,0.01,4,16684,买盘
701,10:26:01,41.68,-0.03,41,170918,卖盘
702,10:26:04,41.69,0.01,1,4169,买盘
703,10:26:10,41.68,-0.01,1,4168,卖盘
704,10:26:13,41.68,0.0,7,29176,卖盘
705,10:26:16,41.68,0.0,2,8336,买盘
706,10:26:25,41.66,-0.02,2,8332,卖盘
707,10:26:30,41.66,0.0,5,20830,卖盘
708,10:26:34,41.66,0.0,1,4166,卖盘
709,10:26:37,41.66,0.0,12,49992,卖盘
710,10:26:43,41.69,0.03,26,108394,买盘
711,10:26:46,41.65,-0.04,40,166619,卖盘
712,10:26:55,41.6,-0.05,23,95770,卖盘
713,10:26:58,41.6,0.0,8,33280,买盘
714,10:27:04,41.6,0.0,3,12480,买盘
715,10:27:09,41.56,-0.04,5,20788,卖盘
716,10:27:13,41.6,0.04,1,4160,买盘
717,10:27:15,41.54,-0.06,16,66484,卖盘
718,10:27:28,41.6,0.06,6,24960,买盘
719,10:27:43,41.58,-0.02,9,37422,卖盘
720,10:27:49,41.6,0.02,8,33276,买盘
721,10:27:58,41.6,0.0,3,12480,买盘
722,10:28:01,41.56,-0.04,3,12468,卖盘
723,10:28:10,41.56,0.0,3,12468,买盘
724,10:28:22,41.6,0.04,2,8320,买盘
725,10:28:39,41.6,0.0,11,45757,买盘
726,10:28:43,41.6,0.0,5,20794,买盘
727,10:28:46,41.6,0.0,4,16640,买盘
728,10:28:52,41.57,-0.03,1,4157,卖盘
729,10:29:04,41.6,0.03,3,12480,卖盘
730,10:29:06,41.6,0.0,2,8320,买盘
731,10:29:10,41.6,0.0,2,8320,买盘
732,10:29:16,41.6,0.0,1,4160,买盘
733,10:29:25,41.6,0.0,7,29120,买盘
734,10:29:40,41.66,0.06,10,41660,买盘
735,10:29:46,41.6,-0.06,1,4160,卖盘
736,10:29:51,41.67,0.07,7,29167,买盘
737,10:29:55,41.67,0.0,2,8334,卖盘
738,10:30:04,41.68,0.01,6,25007,买盘
739,10:30:10,41.67,-0.01,5,20835,卖盘
740,10:30:13,41.68,0.01,3,12502,买盘
741,10:30:24,41.66,-0.02,1,4166,卖盘
742,10:30:27,41.66,0.0,20,83320,卖盘
743,10:30:31,41.66,0.0,6,24996,买盘
744,10:30:39,41.66,0.0,3,12498,买盘
745,10:30:49,41.6,-0.06,5,20800,卖盘
746,10:30:55,41.6,0.0,3,12480,卖盘
747,10:31:01,41.59,-0.01,2,8319,卖盘
748,10:31:15,41.6,0.01,6,24958,中性盘
749,10:31:25,41.6,0.0,19,79022,买盘
750,10:31:28,41.6,0.0,3,12480,买盘
751,10:31:37,41.64,0.04,1,4164,买盘
752,10:31:49,41.65,0.01,3,12493,买盘
753,10:31:55,41.64,-0.01,5,20820,卖盘
754,10:32:06,41.64,0.0,3,12492,买盘
755,10:32:22,41.63,-0.01,5,20815,买盘
756,10:32:25,41.61,-0.02,35,145731,卖盘
757,10:32:37,41.6,-0.01,3,12480,卖盘
758,10:32:40,41.6,0.0,17,70720,卖盘
759,10:32:46,41.59,-0.01,3,12477,卖盘
760,10:32:49,41.6,0.01,1,4160,买盘
761,10:33:13,41.59,-0.01,2,8318,卖盘
762,10:33:28,41.58,-0.01,3,12476,卖盘
763,10:33:34,41.59,0.01,8,33272,买盘
764,10:33:43,41.6,0.01,1,4160,买盘
765,10:33:46,41.59,-0.01,10,41590,卖盘
766,10:33:51,41.6,0.01,5,20800,买盘
767,10:33:55,41.59,-0.01,12,49908,卖盘
768,10:33:57,41.59,0.0,2,8318,卖盘
769,10:34:01,41.59,0.0,7,29113,卖盘
770,10:34:13,41.6,0.01,8,33273,买盘
771,10:34:18,41.6,0.0,3,12480,买盘
772,10:34:21,41.59,-0.01,1,4159,卖盘
773,10:34:28,41.59,0.0,3,12477,卖盘
774,10:34:33,41.59,0.0,6,24954,卖盘
775,10:34:37,41.6,0.01,14,58236,买盘
776,10:34:49,41.59,-0.01,1,4159,卖盘
777,10:34:58,41.59,0.0,1,4159,卖盘
778,10:35:13,41.58,-0.01,10,41580,卖盘
779,10:35:25,41.57,-0.01,6,24943,卖盘
780,10:35:52,41.56,-0.01,13,54041,卖盘
781,10:35:58,41.56,0.0,5,20780,卖盘
782,10:36:00,41.55,-0.01,1,4155,卖盘
783,10:36:04,41.55,0.0,13,54015,卖盘
784,10:36:07,41.57,0.02,8,33251,买盘
785,10:36:19,41.55,-0.02,1,4155,卖盘
786,10:36:36,41.52,-0.03,56,232582,卖盘
787,10:36:43,41.52,0.0,5,20762,卖盘
788,10:36:52,41.52,0.0,13,53986,卖盘
789,10:36:57,41.53,0.01,29,120388,买盘
790,10:37:01,41.53,0.0,3,12459,卖盘
791,10:37:04,41.5,-0.03,23,95477,卖盘
792,10:37:10,41.48,-0.02,28,116194,卖盘
793,10:37:16,41.48,0.0,6,24888,卖盘
794,10:37:19,41.5,0.02,23,95446,买盘
795,10:37:25,41.5,0.0,2,8300,卖盘
796,10:37:28,41.52,0.02,15,62252,买盘
797,10:37:34,41.5,-0.02,6,24900,中性盘
798,10:37:40,41.52,0.02,1,4152,买盘
799,10:37:48,41.5,-0.02,7,29052,卖盘
800,10:38:01,41.5,0.0,3,12450,卖盘
801,10:38:06,41.52,0.02,14,58128,买盘
802,10:38:09,41.5,-0.02,10,41504,卖盘
803,10:38:12,41.53,0.03,4,16611,买盘
804,10:38:16,41.54,0.01,3,12462,买盘
805,10:38:25,41.57,0.03,1,4157,买盘
806,10:38:28,41.57,0.0,1,4157,买盘
807,10:38:40,41.58,0.01,2,8316,买盘
808,10:38:43,41.58,0.0,3,12474,卖盘
809,10:38:54,41.59,0.01,2,8318,买盘
810,10:38:58,41.57,-0.02,4,16632,卖盘
811,10:39:00,41.6,0.03,18,74880,买盘
812,10:39:10,41.6,0.0,12,49924,卖盘
813,10:39:13,41.6,0.0,1,4160,卖盘
814,10:39:28,41.6,0.0,101,420269,卖盘
815,10:39:31,41.6,0.0,5,20800,卖盘
816,10:40:01,41.64,0.04,4,16656,买盘
817,10:40:16,41.62,-0.02,2,8324,买盘
818,10:40:18,41.51,-0.11,15,62310,卖盘
819,10:40:37,41.62,0.11,20,83191,买盘
820,10:40:46,41.63,0.01,13,54085,买盘
821,10:40:58,41.63,0.0,2,8326,买盘
822,10:41:01,41.63,0.0,5,20815,买盘
823,10:41:09,41.62,-0.01,4,16648,买盘
824,10:41:15,41.5,-0.12,24,99669,卖盘
825,10:41:22,41.63,0.13,28,116562,买盘
826,10:41:25,41.63,0.0,2,8326,卖盘
827,10:41:40,41.57,-0.06,30,124720,卖盘
828,10:42:00,41.61,0.04,2,8322,买盘
829,10:42:09,41.61,0.0,6,24962,买盘
830,10:42:46,41.57,-0.04,20,83140,卖盘
831,10:43:15,41.57,0.0,2,8314,买盘
832,10:43:31,41.51,-0.06,2,8302,卖盘
833,10:43:55,41.5,-0.01,10,41505,卖盘
834,10:44:30,41.56,0.06,1,4156,买盘
835,10:44:46,41.48,-0.08,50,207461,卖盘
836,10:45:43,41.57,0.09,1,4157,买盘
837,10:46:18,41.51,-0.06,10,41517,卖盘
838,10:47:04,41.57,0.06,7,29099,买盘
839,10:47:22,41.52,-0.05,6,24915,卖盘
840,10:47:30,41.52,0.0,1,4152,卖盘
841,10:47:49,41.52,0.0,6,24912,卖盘
842,10:47:54,41.51,-0.01,5,20755,卖盘
843,10:48:13,41.57,0.06,4,17776,买盘
844,10:48:19,41.51,-0.06,33,135909,卖盘
845,10:48:21,41.5,-0.01,4,16600,卖盘
846,10:48:40,41.5,0.0,12,49800,卖盘
847,10:48:51,41.5,0.0,3,12450,买盘
848,10:49:01,41.47,-0.03,50,207416,卖盘
849,10:49:09,41.47,0.0,1,4147,卖盘
850,10:49:12,41.47,0.0,7,29029,卖盘
851,10:49:16,41.46,-0.01,6,24882,卖盘
852,10:49:21,41.46,0.0,3,12438,卖盘
853,10:49:24,41.46,0.0,5,20730,卖盘
854,10:49:27,41.5,0.04,7,29030,买盘
855,10:49:49,41.46,-0.04,3,12438,买盘
856,10:50:10,41.46,0.0,2,8292,买盘
857,10:50:39,41.48,0.02,1,4148,买盘
858,10:50:42,41.48,0.0,2,8296,买盘
859,10:51:21,41.47,-0.01,1,4147,卖盘
860,10:51:37,41.48,0.01,10,41480,买盘
861,10:51:46,41.48,0.0,10,41480,卖盘
862,10:52:04,41.48,0.0,2,8296,卖盘
863,10:52:07,41.49,0.01,21,87122,买盘
864,10:52:10,41.46,-0.03,50,207346,卖盘
865,10:52:13,41.46,0.0,1,4146,卖盘
866,10:52:22,41.45,-0.01,20,82913,卖盘
867,10:52:31,41.46,0.01,1,4146,买盘
868,10:52:34,41.47,0.01,1,4147,卖盘
869,10:52:36,41.47,0.0,1,4147,卖盘
870,10:52:39,41.47,0.0,2,8294,卖盘
871,10:52:42,41.45,-0.02,9,37308,卖盘
872,10:52:45,41.45,0.0,8,33162,卖盘
873,10:52:49,41.45,0.0,5,20725,卖盘
874,10:52:51,41.44,-0.01,13,53876,卖盘
875,10:52:54,41.44,0.0,12,49728,卖盘
876,10:52:57,41.45,0.01,19,78724,买盘
877,10:53:00,41.43,-0.02,8,33144,卖盘
878,10:53:04,41.41,-0.02,16,66256,卖盘
879,10:53:07,41.41,0.0,13,53833,卖盘
880,10:53:09,41.41,0.0,7,28987,卖盘
881,10:53:12,41.41,0.0,11,45551,卖盘
882,10:53:16,41.4,-0.01,44,182166,卖盘
883,10:53:18,41.38,-0.02,4,16552,卖盘
884,10:53:21,41.32,-0.06,8,33069,卖盘
885,10:53:24,41.36,0.04,32,132343,买盘
886,10:53:31,41.31,-0.05,3,12395,卖盘
887,10:53:33,41.4,0.09,8,33120,买盘
888,10:53:42,41.35,-0.05,4,16540,买盘
889,10:53:52,41.35,0.0,2,8270,买盘
890,10:54:00,41.4,0.05,11,45540,买盘
891,10:54:33,41.4,0.0,23,95220,买盘
892,10:55:00,41.4,0.0,2,8280,买盘
893,10:55:04,41.4,0.0,22,91080,买盘
894,10:55:25,41.4,0.0,2,8281,卖盘
895,10:55:28,41.45,0.05,2,8290,买盘
896,10:55:34,41.4,-0.05,43,178029,卖盘
897,10:55:46,41.4,0.0,10,41400,买盘
898,10:55:52,41.4,0.0,5,20700,买盘
899,10:55:58,41.4,0.0,7,28980,买盘
900,10:56:09,41.4,0.0,3,13579,买盘
901,10:56:22,41.4,0.0,2,8280,卖盘
902,10:56:33,41.45,0.05,12,49740,买盘
903,10:56:46,41.45,0.0,1,4145,买盘
904,10:56:54,41.45,0.0,19,78755,买盘
905,10:57:12,41.45,0.0,1,4145,卖盘
906,10:57:16,41.44,-0.01,1,4144,中性盘
907,10:57:22,41.48,0.04,52,215549,买盘
908,10:57:25,41.48,0.0,33,136884,卖盘
909,10:57:28,41.48,0.0,1,4148,卖盘
910,10:57:31,41.48,0.0,11,45628,卖盘
911,10:57:33,41.44,-0.04,1,4144,卖盘
912,10:57:37,41.44,0.0,2,8288,卖盘
913,10:57:43,41.42,-0.02,7,28994,卖盘
914,10:57:46,41.4,-0.02,24,99374,卖盘
915,10:57:49,41.38,-0.02,5,20692,卖盘
916,10:57:51,41.36,-0.02,7,28956,卖盘
917,10:57:57,41.36,0.0,1,4136,卖盘
918,10:58:01,41.35,-0.01,3,12407,卖盘
919,10:58:07,41.35,0.0,2,8270,卖盘
920,10:58:43,41.4,0.05,3,12416,买盘
921,10:59:04,41.39,-0.01,2,8278,卖盘
922,10:59:19,41.4,0.01,60,248397,买盘
923,10:59:34,41.42,0.02,23,95266,买盘
924,10:59:46,41.46,0.04,3,12438,卖盘
925,11:00:06,41.49,0.03,6,24894,买盘
926,11:00:16,41.49,0.0,14,58086,买盘
927,11:00:22,41.42,-0.07,5,20725,卖盘
928,11:00:25,41.5,0.08,2,8300,买盘
929,11:00:28,41.5,0.0,13,53950,买盘
930,11:00:31,41.58,0.08,8,33232,买盘
931,11:00:34,41.58,0.0,1,4158,买盘
932,11:00:40,41.58,0.0,1,4158,买盘
933,11:00:51,41.59,0.01,4,16636,买盘
934,11:00:55,41.58,-0.01,3,12475,卖盘
935,11:00:58,41.58,0.0,4,16632,卖盘
936,11:01:16,41.58,0.0,2,8316,买盘
937,11:01:19,41.6,0.02,10,41587,买盘
938,11:01:49,41.58,-0.02,1,4158,买盘
939,11:01:58,41.58,0.0,1,4158,买盘
940,11:02:04,41.58,0.0,41,170461,买盘
941,11:02:10,41.55,-0.03,5,20775,卖盘
942,11:02:28,41.55,0.0,1,4155,卖盘
943,11:02:34,41.55,0.0,3,12468,卖盘
944,11:03:10,41.62,0.07,70,291225,买盘
945,11:03:21,41.55,-0.07,2,8310,卖盘
946,11:04:13,41.56,0.01,6,24936,卖盘
947,11:04:45,41.55,-0.01,2,8310,卖盘
948,11:04:54,41.55,0.0,8,33240,卖盘
949,11:05:04,41.55,0.0,1,4155,卖盘
950,11:05:25,41.55,0.0,1,4155,买盘
951,11:05:31,41.59,0.04,4,16630,买盘
952,11:06:15,41.59,0.0,2,8318,买盘
953,11:06:19,41.61,0.02,25,104001,买盘
954,11:06:42,41.61,0.0,12,49932,卖盘
955,11:06:52,41.61,0.0,5,20805,买盘
956,11:07:04,41.61,0.0,1,4161,买盘
957,11:07:13,41.61,0.0,1,4161,买盘
958,11:07:22,41.62,0.01,11,45782,买盘
959,11:07:28,41.63,0.01,4,16652,买盘
960,11:07:42,41.63,0.0,9,37467,买盘
961,11:07:55,41.63,0.0,1,4163,卖盘
962,11:08:01,41.63,0.0,4,16652,卖盘
963,11:08:04,41.63,0.0,3,12489,卖盘
964,11:08:06,41.63,0.0,2,8326,卖盘
965,11:08:21,41.6,-0.03,10,41600,买盘
966,11:08:31,41.6,0.0,10,41600,买盘
967,11:08:37,41.63,0.03,2,8326,买盘
968,11:08:52,41.63,0.0,6,24975,买盘
969,11:09:01,41.63,0.0,5,20815,卖盘
970,11:09:06,41.6,-0.03,7,29132,卖盘
971,11:09:13,41.64,0.04,22,91598,买盘
972,11:09:19,41.64,0.0,4,16656,卖盘
973,11:09:25,41.63,-0.01,3,12487,买盘
974,11:09:37,41.64,0.01,2,8328,买盘
975,11:09:42,41.63,-0.01,2,8326,中性盘
976,11:09:48,41.63,0.0,1,4163,卖盘
977,11:09:52,41.63,0.0,2,8326,卖盘
978,11:10:04,41.64,0.01,5,20816,买盘
979,11:10:40,41.61,-0.03,3,12483,卖盘
980,11:11:18,41.55,-0.06,8,33263,卖盘
981,11:12:04,41.61,0.06,5,20805,买盘
982,11:12:15,41.63,0.02,2,8326,买盘
983,11:12:28,41.61,-0.02,3,12485,卖盘
984,11:12:40,41.61,0.0,3,12483,卖盘
985,11:12:43,41.62,0.01,23,95724,中性盘
986,11:12:46,41.61,-0.01,13,54099,卖盘
987,11:12:49,41.61,0.0,4,16644,卖盘
988,11:12:51,41.61,0.0,27,112347,卖盘
989,11:12:55,41.53,-0.08,2,8308,卖盘
990,11:12:58,41.51,-0.02,3,12455,卖盘
991,11:13:00,41.51,0.0,3,12453,卖盘
992,11:13:04,41.51,0.0,3,12453,卖盘
993,11:13:12,41.61,0.1,10,41610,买盘
994,11:15:12,41.55,-0.06,2,8310,买盘
995,11:15:15,41.51,-0.04,10,41520,卖盘
996,11:15:24,41.6,0.09,13,54080,买盘
997,11:16:18,41.51,-0.09,7,29057,卖盘
998,11:17:18,41.52,0.01,7,29064,卖盘
999,11:17:31,41.6,0.08,10,41589,买盘
1000,11:17:58,41.6,0.0,30,124799,买盘
1001,11:18:01,41.6,0.0,7,29120,买盘
1002,11:18:16,41.54,-0.06,5,20774,卖盘
1003,11:18:19,41.6,0.06,1,4160,买盘
1004,11:18:34,41.6,0.0,5,20800,买盘
1005,11:18:55,41.6,0.0,8,33280,买盘
1006,11:19:28,41.57,-0.03,1,4157,买盘
1007,11:19:45,41.57,0.0,9,37413,买盘
1008,11:20:18,41.57,0.0,2,8314,买盘
1009,11:20:48,41.54,-0.03,3,12462,卖盘
1010,11:21:25,41.55,0.01,3,12465,卖盘
1011,11:21:28,41.54,-0.01,1,4154,卖盘
1012,11:21:31,41.54,0.0,1,4154,卖盘
1013,11:21:51,41.54,0.0,3,12462,卖盘
1014,11:22:04,41.54,0.0,1,4154,买盘
1015,11:22:13,41.55,0.01,1,4155,买盘
1016,11:22:19,41.53,-0.02,4,16612,卖盘
1017,11:22:25,41.5,-0.03,50,207533,卖盘
1018,11:22:36,41.49,-0.01,5,20745,卖盘
1019,11:22:39,41.49,0.0,6,24894,卖盘
1020,11:22:42,41.49,0.0,9,37340,买盘
1021,11:23:04,41.5,0.01,4,16600,卖盘
1022,11:23:22,41.48,-0.02,1,4148,卖盘
1023,11:23:25,41.48,0.0,9,37330,买盘
1024,11:23:27,41.45,-0.03,1,4145,卖盘
1025,11:23:31,41.45,0.0,1,4145,卖盘
1026,11:24:01,41.48,0.03,1,4148,买盘
1027,11:24:09,41.48,0.0,1,4148,买盘
1028,11:24:13,41.45,-0.03,5,20725,卖盘
1029,11:24:48,41.45,0.0,12,49740,卖盘
1030,11:24:57,41.45,0.0,5,20725,买盘
1031,11:25:28,41.45,0.0,2,8290,买盘
1032,11:25:40,41.45,0.0,2,8290,买盘
1033,11:25:45,41.45,0.0,5,20725,买盘
1034,11:25:51,41.45,0.0,2,8290,买盘
1035,11:25:55,41.43,-0.02,2,8286,卖盘
1036,11:26:03,41.43,0.0,5,20715,卖盘
1037,11:26:57,41.5,0.07,17,70550,买盘
1038,11:27:06,41.51,0.01,1,4151,卖盘
1039,11:27:10,41.5,-0.01,5,20752,卖盘
1040,11:27:12,41.5,0.0,11,45650,卖盘
1041,11:27:15,41.5,0.0,5,20750,卖盘
1042,11:27:19,41.5,0.0,1,4150,卖盘
1043,11:27:22,41.5,0.0,36,149400,卖盘
1044,11:27:25,41.52,0.02,6,24911,买盘
1045,11:27:46,41.52,0.0,1,4152,买盘
1046,11:27:48,41.5,-0.02,2,8300,卖盘
1047,11:27:57,41.51,0.01,1,4151,买盘
1048,11:28:00,41.52,0.01,5,20759,买盘
1049,11:28:15,41.5,-0.02,50,207527,卖盘
1050,11:28:21,41.5,0.0,2,8300,卖盘
1051,11:28:28,41.5,0.0,5,20750,卖盘
1052,11:28:42,41.5,0.0,5,20750,买盘
1053,11:28:51,41.55,0.05,40,166025,买盘
1054,11:29:09,41.55,0.0,10,41550,卖盘
1055,11:29:39,41.44,-0.11,15,62164,卖盘
1056,11:30:01,41.46,0.02,1,4146,卖盘
1057,13:00:04,41.42,-0.04,71,294388,卖盘
1058,13:00:07,41.44,0.02,2,8287,买盘
1059,13:00:33,41.44,0.0,1,4144,买盘
1060,13:00:39,41.44,0.0,1,4144,买盘
1061,13:00:54,41.44,0.0,3,12432,买盘
1062,13:01:00,41.52,0.08,2,8304,卖盘
1063,13:02:51,41.49,-0.03,2,8298,买盘
1064,13:03:04,41.45,-0.04,7,29015,卖盘
1065,13:03:06,41.45,0.0,1,4145,买盘
1066,13:03:36,41.45,0.0,2,8290,卖盘
1067,13:05:51,41.45,0.0,2,8290,卖盘
1068,13:06:36,41.45,0.0,8,33160,卖盘
1069,13:06:42,41.45,0.0,4,16580,买盘
1070,13:08:30,41.46,0.01,2,8292,买盘
1071,13:08:54,41.47,0.01,13,53908,买盘
1072,13:09:03,41.47,0.0,10,41464,买盘
1073,13:09:27,41.49,0.02,1,4149,买盘
1074,13:10:13,41.47,-0.02,9,37323,卖盘
1075,13:11:30,41.46,-0.01,5,20730,卖盘
1076,13:11:36,41.46,0.0,8,33168,卖盘
1077,13:12:06,41.45,-0.01,5,20725,卖盘
1078,13:12:18,41.44,-0.01,42,174059,卖盘
1079,13:12:51,41.43,-0.01,1,4143,卖盘
1080,13:13:01,41.42,-0.01,8,33136,卖盘
1081,13:13:19,41.4,-0.02,19,78664,卖盘
1082,13:13:39,41.39,-0.01,1,4139,卖盘
1083,13:13:51,41.37,-0.02,3,12411,卖盘
1084,13:13:55,41.39,0.02,2,8278,买盘
1085,13:14:00,41.37,-0.02,2,8274,卖盘
1086,13:14:21,41.38,0.01,1,4138,买盘
1087,13:14:36,41.37,-0.01,19,78609,卖盘
1088,13:14:39,41.39,0.02,2,8278,买盘
1089,13:14:45,41.31,-0.08,140,578855,卖盘
1090,13:14:51,41.4,0.09,4,16560,买盘
1091,13:15:06,41.32,-0.08,6,24807,卖盘
1092,13:15:15,41.37,0.05,3,12411,买盘
1093,13:15:18,41.37,0.0,12,49644,买盘
1094,13:15:30,41.37,0.0,1,4137,买盘
1095,13:15:42,41.37,0.0,1,4137,买盘
1096,13:16:21,41.4,0.03,1,4140,买盘
1097,13:16:27,41.4,0.0,8,33120,买盘
1098,13:16:36,41.4,0.0,4,16559,买盘
1099,13:16:42,41.34,-0.06,4,16536,卖盘
1100,13:16:45,41.34,0.0,1,4134,买盘
1101,13:16:57,41.33,-0.01,8,33067,卖盘
1102,13:17:34,41.37,0.04,1,4137,卖盘
1103,13:17:36,41.38,0.01,1,4138,买盘
1104,13:17:57,41.4,0.02,8,33120,买盘
1105,13:18:09,41.35,-0.05,5,20683,卖盘
1106,13:18:21,41.4,0.05,12,49680,买盘
1107,13:18:30,41.34,-0.06,5,20674,卖盘
1108,13:18:36,41.4,0.06,3,12420,买盘
1109,13:18:48,41.4,0.0,2,8280,买盘
1110,13:18:57,41.4,0.0,6,24840,买盘
1111,13:19:00,41.4,0.0,3,12420,买盘
1112,13:19:09,41.4,0.0,3,12420,买盘
1113,13:19:12,41.4,0.0,1,4140,买盘
1114,13:19:21,41.36,-0.04,9,37224,卖盘
1115,13:19:31,41.38,0.02,2,8276,卖盘
1116,13:19:48,41.36,-0.02,18,74452,卖盘
1117,13:20:19,41.36,0.0,3,12408,买盘
1118,13:20:27,41.35,-0.01,13,53755,卖盘
1119,13:20:30,41.35,0.0,1,4135,卖盘
1120,13:20:34,41.35,0.0,11,45486,卖盘
1121,13:20:43,41.36,0.01,3,12408,买盘
1122,13:20:45,41.35,-0.01,5,20675,卖盘
1123,13:21:01,41.36,0.01,1,4136,买盘
1124,13:21:04,41.35,-0.01,1,4135,卖盘
1125,13:21:10,41.36,0.01,83,343050,买盘
1126,13:21:19,41.35,-0.01,1,4135,买盘
1127,13:21:33,41.31,-0.04,6,24786,卖盘
1128,13:21:49,41.32,0.01,4,16528,卖盘
1129,13:22:01,41.3,-0.02,30,123912,卖盘
1130,13:22:04,41.3,0.0,14,57820,卖盘
1131,13:22:39,41.3,0.0,3,12390,买盘
1132,13:22:52,41.3,0.0,10,41300,买盘
1133,13:22:55,41.29,-0.01,1,4129,卖盘
1134,13:23:06,41.3,0.01,3,12390,买盘
1135,13:23:09,41.31,0.01,4,16524,买盘
1136,13:23:24,41.32,0.01,2,8264,买盘
1137,13:23:33,41.36,0.04,1,4136,买盘
1138,13:23:39,41.36,0.0,15,62040,买盘
1139,13:23:42,41.4,0.04,18,74514,买盘
1140,13:23:51,41.42,0.02,9,37278,买盘
1141,13:24:18,41.42,0.0,1,4142,卖盘
1142,13:25:22,41.4,-0.02,2,8280,卖盘
1143,13:25:28,41.4,0.0,14,57960,卖盘
1144,13:25:30,41.4,0.0,3,12420,买盘
1145,13:25:34,41.41,0.01,1,4141,卖盘
1146,13:25:39,41.42,0.01,20,82840,买盘
1147,13:25:45,41.42,0.0,3,12426,卖盘
1148,13:25:51,41.42,0.0,7,28994,卖盘
1149,13:26:01,41.42,0.0,5,20710,卖盘
1150,13:26:19,41.42,0.0,16,66272,卖盘
1151,13:26:36,41.41,-0.01,7,28987,卖盘
1152,13:27:39,41.41,0.0,2,8282,买盘
1153,13:28:25,41.34,-0.07,1,4134,卖盘
1154,13:28:33,41.34,0.0,1,4134,卖盘
1155,13:28:57,41.34,0.0,2,8268,卖盘
1156,13:29:03,41.34,0.0,3,12402,卖盘
1157,13:29:39,41.39,0.05,1,4139,买盘
1158,13:30:18,41.35,-0.04,2,8270,卖盘
1159,13:30:42,41.35,0.0,3,12405,卖盘
1160,13:30:45,41.35,0.0,1,4135,买盘
1161,13:30:57,41.33,-0.02,10,41335,卖盘
1162,13:31:28,41.33,-0.01,70,289312,卖盘
1163,13:31:36,41.4,0.07,6,24839,买盘
1164,13:31:39,41.32,-0.08,55,225932,卖盘
1165,13:31:42,41.32,0.0,3,12396,买盘
1166,13:31:51,41.31,-0.01,3,12393,卖盘
1167,13:31:58,41.32,0.01,42,174908,买盘
1168,13:32:55,41.32,0.0,2,8264,卖盘
1169,13:33:15,41.32,0.0,4,16529,卖盘
1170,13:34:21,41.33,0.01,1,4133,卖盘
1171,13:34:48,41.35,0.02,2,8270,卖盘
1172,13:35:01,41.37,0.02,1,4137,买盘
1173,13:35:30,41.37,0.0,1,4137,卖盘
1174,13:35:43,41.35,-0.02,15,62025,卖盘
1175,13:35:46,41.35,0.0,3,12405,买盘
1176,13:35:58,41.34,-0.01,1,4134,卖盘
1177,13:36:01,41.35,0.01,5,20675,买盘
1178,13:36:07,41.34,-0.01,1,4134,卖盘
1179,13:36:13,41.32,-0.02,46,188708,卖盘
1180,13:36:34,41.32,0.0,4,17892,买盘
1181,13:36:51,41.38,0.06,8,33094,买盘
1182,13:36:54,41.31,-0.07,6,24808,卖盘
1183,13:37:04,41.3,-0.01,45,185874,卖盘
1184,13:37:15,41.31,0.01,1,4131,卖盘
1185,13:37:55,41.31,0.0,1,4131,卖盘
1186,13:38:15,41.3,-0.01,4,16520,卖盘
1187,13:38:54,41.31,0.01,5,20655,卖盘
1188,13:39:00,41.31,0.0,1,4131,卖盘
1189,13:39:28,41.31,0.0,1,4131,卖盘
1190,13:39:30,41.31,0.0,30,123930,卖盘
1191,13:40:00,41.32,0.01,3,12396,卖盘
1192,13:40:33,41.36,0.04,4,16544,买盘
1193,13:40:37,41.36,0.0,1,4136,卖盘
1194,13:40:43,41.36,0.0,2,8272,卖盘
1195,13:40:55,41.36,0.0,5,20680,卖盘
1196,13:41:04,41.36,0.0,1,4136,卖盘
1197,13:41:09,41.36,0.0,21,86856,卖盘
1198,13:41:18,41.36,0.0,4,16544,卖盘
1199,13:41:34,41.36,0.0,1,4136,卖盘
1200,13:41:40,41.36,0.0,1,4136,卖盘
1201,13:41:46,41.37,0.01,8,33091,买盘
1202,13:42:22,41.36,-0.01,5,20680,卖盘
1203,13:42:42,41.36,0.0,10,41360,卖盘
1204,13:44:01,41.37,0.01,2,8274,买盘
1205,13:44:07,41.37,0.0,13,53781,买盘
1206,13:44:12,41.37,0.0,1,4137,买盘
1207,13:44:33,41.4,0.03,21,86940,买盘
1208,13:44:57,41.4,0.0,5,20700,买盘
1209,13:45:15,41.36,-0.04,3,12408,卖盘
1210,13:45:48,41.36,0.0,2,8272,买盘
1211,13:46:24,41.39,0.03,10,41390,买盘
1212,13:46:34,41.36,-0.03,6,24816,卖盘
1213,13:46:58,41.37,0.01,3,12411,买盘
1214,13:47:10,41.37,0.0,1,4137,买盘
1215,13:47:13,41.36,-0.01,5,20680,卖盘
1216,13:47:15,41.39,0.03,10,41390,买盘
1217,13:47:27,41.4,0.01,8,33120,买盘
1218,13:47:36,41.39,-0.01,4,16556,卖盘
1219,13:47:39,41.39,0.0,9,37254,卖盘
1220,13:47:51,41.39,0.0,2,8278,买盘
1221,13:48:27,41.38,-0.01,3,12414,卖盘
1222,13:48:48,41.38,0.0,4,16549,买盘
1223,13:49:24,41.33,-0.05,11,45478,卖盘
1224,13:49:28,41.31,-0.02,50,206616,卖盘
1225,13:49:45,41.3,-0.01,14,57829,卖盘
1226,13:49:49,41.3,0.0,6,23417,卖盘
1227,13:49:55,41.29,-0.01,2,8258,卖盘
1228,13:49:57,41.29,0.0,1,4129,卖盘
1229,13:50:10,41.26,-0.03,27,111426,卖盘
1230,13:50:13,41.26,0.0,3,12378,买盘
1231,13:50:18,41.25,-0.01,2,8250,卖盘
1232,13:50:25,41.25,0.0,8,33000,卖盘
1233,13:50:28,41.23,-0.02,17,70103,卖盘
1234,13:50:37,41.23,0.0,5,20615,卖盘
1235,13:50:52,41.23,0.0,6,24740,卖盘
1236,13:50:57,41.23,0.0,6,24738,卖盘
1237,13:51:04,41.2,-0.03,51,210185,卖盘
1238,13:51:09,41.2,0.0,16,65920,卖盘
1239,13:51:18,41.2,0.0,5,20600,卖盘
1240,13:51:22,41.21,0.01,1,4121,卖盘
1241,13:51:36,41.21,0.0,1,4121,卖盘
1242,13:51:39,41.21,0.0,1,4121,卖盘
1243,13:51:42,41.2,-0.01,2,8240,卖盘
1244,13:51:46,41.21,0.01,1,4121,买盘
1245,13:51:52,41.2,-0.01,10,41200,卖盘
1246,13:51:54,41.21,0.01,24,98904,买盘
1247,13:51:57,41.21,0.0,5,20605,卖盘
1248,13:52:04,41.21,0.0,19,78299,卖盘
1249,13:52:07,41.24,0.03,11,45361,买盘
1250,13:52:37,41.24,0.0,1,4124,买盘
1251,13:52:55,41.24,0.0,6,24744,买盘
1252,13:53:04,41.24,0.0,1,4124,买盘
1253,13:53:13,41.23,-0.01,2,8247,卖盘
1254,13:53:18,41.24,0.01,1,4124,买盘
1255,13:53:42,41.24,0.0,2,8248,买盘
1256,13:53:52,41.24,0.0,36,148464,买盘
1257,13:53:54,41.24,0.0,6,24750,卖盘
1258,13:53:57,41.26,0.02,11,45386,买盘
1259,13:54:01,41.26,0.0,6,24756,买盘
1260,13:54:07,41.24,-0.02,50,206203,卖盘
1261,13:54:15,41.26,0.02,3,12378,卖盘
1262,13:54:22,41.29,0.03,1,4129,买盘
1263,13:54:40,41.25,-0.04,47,193911,卖盘
1264,13:54:43,41.25,0.0,7,28875,买盘
1265,13:54:46,41.3,0.05,2,8260,买盘
1266,13:54:54,41.3,0.0,5,20650,买盘
1267,13:55:16,41.38,0.08,4,16533,买盘
1268,13:55:18,41.3,-0.08,3,12390,买盘
1269,13:55:34,41.37,0.07,2,8274,买盘
1270,13:55:46,41.37,0.0,19,78601,买盘
1271,13:55:52,41.37,0.0,5,20685,卖盘
1272,13:56:06,41.37,0.0,6,24822,卖盘
1273,13:56:16,41.37,0.0,4,16548,买盘
1274,13:56:25,41.31,-0.06,2,8268,卖盘
1275,13:56:40,41.31,0.0,10,41315,卖盘
1276,13:57:28,41.36,0.05,10,41355,买盘
1277,13:57:37,41.38,0.02,9,37237,买盘
1278,13:57:55,41.37,-0.01,5,20685,卖盘
1279,13:57:58,41.4,0.03,22,92431,买盘
1280,13:58:34,41.42,0.02,5,20710,买盘
1281,13:58:40,41.42,0.0,5,20710,卖盘
1282,13:58:48,41.4,-0.02,10,41403,卖盘
1283,13:58:54,41.42,0.02,23,95245,买盘
1284,13:59:00,41.4,-0.02,10,41400,卖盘
1285,13:59:10,41.4,0.0,10,41400,卖盘
1286,13:59:18,41.41,0.01,1,4141,买盘
1287,13:59:30,41.4,-0.01,12,49685,卖盘
1288,13:59:34,41.4,0.0,26,107679,卖盘
1289,13:59:36,41.4,0.0,17,70380,卖盘
1290,14:00:09,41.42,0.02,23,95266,卖盘
1291,14:00:30,41.41,-0.01,11,45551,卖盘
1292,14:01:07,41.41,0.0,3,12423,卖盘
1293,14:01:24,41.41,0.0,1,4141,卖盘
1294,14:01:30,41.41,0.0,4,16564,卖盘
1295,14:01:40,41.41,0.0,1,4141,卖盘
1296,14:02:19,41.41,0.0,8,33128,卖盘
1297,14:02:27,41.4,-0.01,11,45541,卖盘
1298,14:02:31,41.41,0.01,1,4141,买盘
1299,14:03:07,41.41,0.0,6,24845,买盘
1300,14:03:24,41.32,-0.09,4,16532,卖盘
1301,14:03:40,41.37,0.05,1,4137,卖盘
1302,14:04:04,41.35,-0.02,5,20675,卖盘
1303,14:04:22,41.35,0.0,2,8267,买盘
1304,14:04:31,41.32,-0.03,4,16528,卖盘
1305,14:04:42,41.32,0.0,4,16528,卖盘
1306,14:04:52,41.32,0.0,1,4132,买盘
1307,14:05:07,41.31,-0.01,6,24786,卖盘
1308,14:05:12,41.32,0.01,11,45452,买盘
1309,14:05:25,41.29,-0.03,46,189993,卖盘
1310,14:05:31,41.29,0.0,6,24774,卖盘
1311,14:06:01,41.24,-0.05,1,4124,卖盘
1312,14:06:10,41.24,0.0,1,4124,卖盘
1313,14:06:16,41.24,0.0,2,8248,卖盘
1314,14:06:19,41.24,0.0,6,24744,卖盘
1315,14:06:22,41.22,-0.02,20,82460,卖盘
1316,14:06:31,41.22,0.0,9,37098,卖盘
1317,14:06:37,41.21,-0.01,3,12363,卖盘
1318,14:06:40,41.21,0.0,9,37089,卖盘
1319,14:07:09,41.22,0.01,5,20610,买盘
1320,14:07:16,41.22,0.0,5,20610,买盘
1321,14:07:40,41.27,0.05,1,4127,买盘
1322,14:07:48,41.27,0.0,2,8254,卖盘
1323,14:08:10,41.24,-0.03,1,4124,卖盘
1324,14:08:13,41.27,0.03,2,8254,买盘
1325,14:08:18,41.27,0.0,3,12381,卖盘
1326,14:08:22,41.27,0.0,15,61905,卖盘
1327,14:08:25,41.27,0.0,1,4127,卖盘
1328,14:08:43,41.27,0.0,2,8254,买盘
1329,14:09:04,41.25,-0.02,1,4125,卖盘
1330,14:09:07,41.25,0.0,1,4125,中性盘
1331,14:09:10,41.21,-0.04,30,123663,卖盘
1332,14:09:22,41.21,0.0,3,12363,卖盘
1333,14:09:37,41.21,0.0,14,57694,卖盘
1334,14:10:06,41.23,0.02,5,20615,买盘
1335,14:10:09,41.23,0.0,1,4123,买盘
1336,14:10:12,41.22,-0.01,24,98948,卖盘
1337,14:10:16,41.22,0.0,2,8245,卖盘
1338,14:10:19,41.23,0.01,4,16492,买盘
1339,14:10:33,41.25,0.02,4,16500,买盘
1340,14:10:42,41.23,-0.02,10,41232,卖盘
1341,14:10:46,41.23,0.0,5,20615,买盘
1342,14:10:49,41.23,0.0,1,4123,买盘
1343,14:10:52,41.23,0.0,2,8246,买盘
1344,14:10:58,41.23,0.0,2,8246,买盘
1345,14:11:04,41.23,0.0,3,12369,买盘
1346,14:11:12,41.23,0.0,4,16492,买盘
1347,14:11:15,41.23,0.0,46,189658,买盘
1348,14:11:19,41.23,0.0,5,20615,卖盘
1349,14:11:34,41.23,0.0,2,8246,卖盘
1350,14:12:12,41.25,0.02,1,4125,买盘
1351,14:12:19,41.25,0.0,3,12375,买盘
1352,14:12:25,41.25,0.0,2,8250,买盘
1353,14:12:31,41.27,0.02,6,24757,买盘
1354,14:12:40,41.25,-0.02,1,4125,买盘
1355,14:12:49,41.24,-0.01,8,32995,卖盘
1356,14:12:51,41.24,0.0,1,4124,买盘
1357,14:12:55,41.24,0.0,5,20620,买盘
1358,14:13:16,41.27,0.03,3,12381,买盘
1359,14:13:18,41.25,-0.02,10,41250,卖盘
1360,14:13:22,41.25,0.0,1,4125,买盘
1361,14:13:31,41.25,0.0,2,8250,买盘
1362,14:13:37,41.25,0.0,20,82500,买盘
1363,14:13:46,41.25,0.0,2,8250,买盘
1364,14:13:48,41.24,-0.01,10,41240,卖盘
1365,14:13:54,41.24,0.0,2,8248,卖盘
1366,14:13:57,41.24,0.0,9,37116,卖盘
1367,14:14:01,41.25,0.01,15,61875,买盘
1368,14:14:06,41.25,0.0,10,41250,买盘
1369,14:14:10,41.25,0.0,3,12375,买盘
1370,14:14:13,41.25,0.0,5,20623,买盘
1371,14:14:22,41.25,0.0,14,57750,买盘
1372,14:14:25,41.25,0.0,20,82500,买盘
1373,14:14:31,41.24,-0.01,76,313482,卖盘
1374,14:14:37,41.24,0.0,5,20620,买盘
1375,14:14:39,41.24,0.0,7,28868,买盘
1376,14:14:43,41.24,0.0,2,8248,买盘
1377,14:14:49,41.24,0.0,11,45364,买盘
1378,14:14:52,41.24,0.0,1,4124,卖盘
1379,14:15:07,41.24,0.0,1,4124,卖盘
1380,14:15:12,41.27,0.03,1,4127,买盘
1381,14:15:15,41.24,-0.03,23,94852,卖盘
1382,14:15:19,41.24,0.0,2,8248,买盘
1383,14:15:22,41.24,0.0,15,61860,买盘
1384,14:15:25,41.24,0.0,2,8248,买盘
1385,14:15:34,41.23,-0.01,3,12369,卖盘
1386,14:15:51,41.23,0.0,3,12369,卖盘
1387,14:15:58,41.23,0.0,1,4123,卖盘
1388,14:16:01,41.23,0.0,4,16492,卖盘
1389,14:16:04,41.23,0.0,27,111321,卖盘
1390,14:16:12,41.23,0.0,2,8246,买盘
1391,14:16:16,41.23,0.0,2,8246,买盘
1392,14:16:24,41.22,-0.01,16,65952,卖盘
1393,14:16:34,41.21,-0.01,3,12364,卖盘
1394,14:16:36,41.21,0.0,3,12363,卖盘
1395,14:16:40,41.22,0.01,3,12365,买盘
1396,14:16:43,41.21,-0.01,5,20605,卖盘
1397,14:16:46,41.21,0.0,1,4121,卖盘
1398,14:16:57,41.22,0.01,3,12366,买盘
1399,14:17:13,41.22,0.0,2,8244,买盘
1400,14:17:30,41.22,0.0,3,12366,买盘
1401,14:17:33,41.21,-0.01,41,168961,卖盘
1402,14:17:45,41.2,-0.01,25,103000,卖盘
1403,14:17:48,41.2,0.0,6,24723,卖盘
1404,14:17:55,41.2,0.0,21,86520,卖盘
1405,14:18:10,41.2,0.0,9,37080,买盘
1406,14:18:13,41.15,-0.05,12,49384,卖盘
1407,14:18:22,41.2,0.05,4,16480,买盘
1408,14:18:37,41.21,0.01,12,49452,买盘
1409,14:18:43,41.21,0.0,2,8242,买盘
1410,14:18:55,41.2,-0.01,16,65943,卖盘
1411,14:18:58,41.22,0.02,2,8244,买盘
1412,14:19:01,41.2,-0.02,1,4120,卖盘
1413,14:19:18,41.2,0.0,5,20600,买盘
1414,14:19:22,41.18,-0.02,1,4118,卖盘
1415,14:19:25,41.2,0.02,6,24712,买盘
1416,14:19:37,41.17,-0.03,3,12351,卖盘
1417,14:19:57,41.19,0.02,2,8238,买盘
1418,14:20:15,41.19,0.0,1,4119,买盘
1419,14:20:22,41.19,0.0,28,115322,买盘
1420,14:20:30,41.19,0.0,4,16476,买盘
1421,14:20:43,41.19,0.0,1,4119,买盘
1422,14:20:46,41.19,0.0,10,41190,买盘
1423,14:20:52,41.18,-0.01,5,20590,卖盘
1424,14:20:58,41.18,0.0,1,4118,买盘
1425,14:21:22,41.18,0.0,1,4118,买盘
1426,14:21:28,41.18,0.0,1,4118,买盘
1427,14:21:34,41.18,0.0,7,28826,卖盘
1428,14:21:40,41.15,-0.03,172,707912,卖盘
1429,14:21:55,41.19,0.04,2,8236,买盘
1430,14:22:04,41.11,-0.08,40,164484,卖盘
1431,14:22:22,41.18,0.07,8,32944,买盘
1432,14:22:31,41.14,-0.04,4,16456,卖盘
1433,14:22:43,41.14,0.0,1,4114,卖盘
1434,14:22:46,41.14,0.0,4,16456,买盘
1435,14:22:52,41.1,-0.04,56,230175,卖盘
1436,14:22:55,41.1,0.0,24,98640,买盘
1437,14:23:00,41.06,-0.04,6,24636,卖盘
1438,14:23:10,41.1,0.04,5,20550,买盘
1439,14:23:19,41.06,-0.04,7,28744,卖盘
1440,14:23:25,41.03,-0.03,4,16415,卖盘
1441,14:23:28,41.06,0.03,18,73880,买盘
1442,14:23:31,41.01,-0.05,101,414218,卖盘
1443,14:23:36,41.03,0.02,2,8204,买盘
1444,14:23:40,41.0,-0.03,7,28700,卖盘
1445,14:23:49,40.96,-0.04,11,45065,卖盘
1446,14:23:58,40.96,0.0,4,16385,卖盘
1447,14:24:04,40.96,0.0,2,8192,买盘
1448,14:24:10,40.95,-0.01,7,28657,卖盘
1449,14:24:13,40.96,0.01,5,20480,买盘
1450,14:24:15,40.91,-0.05,8,32728,卖盘
1451,14:24:19,40.91,0.0,4,16364,卖盘
1452,14:24:25,40.91,0.0,1,4091,卖盘
1453,14:24:28,40.95,0.04,16,65456,买盘
1454,14:24:31,40.9,-0.05,2,8180,卖盘
1455,14:24:34,40.9,0.0,19,77712,卖盘
1456,14:24:37,40.9,0.0,8,32720,买盘
1457,14:24:46,40.9,0.0,15,61350,卖盘
1458,14:24:49,40.95,0.05,3,12285,买盘
1459,14:24:54,40.95,0.0,25,102375,买盘
1460,14:25:00,40.96,0.01,33,135168,买盘
1461,14:25:07,41.0,0.04,3,12300,买盘
1462,14:25:09,40.96,-0.04,6,24576,卖盘
1463,14:25:12,41.0,0.04,40,164000,买盘
1464,14:25:16,41.03,0.03,1,4103,买盘
1465,14:25:19,41.03,0.0,2,8206,卖盘
1466,14:25:25,41.03,0.0,2,8206,卖盘
1467,14:25:36,41.0,-0.03,5,20503,卖盘
1468,14:25:51,41.07,0.07,1,4107,买盘
1469,14:25:54,41.01,-0.06,6,24606,中性盘
1470,14:26:00,41.1,0.09,4,16440,买盘
1471,14:26:06,41.1,0.0,30,123300,买盘
1472,14:26:22,41.1,0.0,5,20550,卖盘
1473,14:26:27,41.1,0.0,17,69870,卖盘
1474,14:26:31,41.02,-0.08,1,4102,卖盘
1475,14:26:36,41.02,0.0,1,4102,买盘
1476,14:26:52,41.1,0.08,35,143651,买盘
1477,14:27:12,41.02,-0.08,3,12307,卖盘
1478,14:27:33,41.1,0.08,21,86305,买盘
1479,14:27:46,41.09,-0.01,1,4109,买盘
1480,14:28:12,41.02,-0.07,16,65665,卖盘
1481,14:28:18,41.02,0.0,12,49224,卖盘
1482,14:28:25,41.1,0.08,25,102750,买盘
1483,14:29:07,41.09,-0.01,5,20545,买盘
1484,14:29:09,41.03,-0.06,1,4103,中性盘
1485,14:29:12,41.01,-0.02,20,82049,卖盘
1486,14:29:40,41.02,0.01,3,12306,卖盘
1487,14:29:45,41.0,-0.02,5,20500,卖盘
1488,14:29:48,41.1,0.1,10,41062,买盘
1489,14:30:18,41.02,-0.08,10,41021,卖盘
1490,14:31:19,41.1,0.08,10,41099,买盘
1491,14:31:31,41.03,-0.07,4,16413,卖盘
1492,14:31:36,41.0,-0.03,36,147686,卖盘
1493,14:31:55,41.0,0.0,24,98441,卖盘
1494,14:31:57,41.08,0.08,6,24633,买盘
1495,14:32:04,41.08,0.0,1,4108,买盘
1496,14:32:07,41.07,-0.01,1,4107,卖盘
1497,14:32:16,41.01,-0.06,1,4101,卖盘
1498,14:32:36,41.01,0.0,8,32808,卖盘
1499,14:32:39,41.01,0.0,1,4101,卖盘
1500,14:32:43,41.01,0.0,1,4101,买盘
1501,14:32:46,41.0,-0.01,5,20500,卖盘
1502,14:32:49,41.02,0.02,4,16406,买盘
1503,14:32:55,40.92,-0.1,100,409573,卖盘
1504,14:33:06,40.92,0.0,17,69564,卖盘
1505,14:33:10,40.9,-0.02,105,429545,卖盘
1506,14:33:34,40.92,0.02,3,12276,中性盘
1507,14:33:40,40.91,-0.01,50,204574,卖盘
1508,14:33:43,40.98,0.07,3,12288,买盘
1509,14:33:45,40.91,-0.07,15,61369,卖盘
1510,14:33:52,40.9,-0.01,37,151330,卖盘
1511,14:34:01,40.9,0.0,61,249490,买盘
1512,14:34:04,40.89,-0.01,4,16356,卖盘
1513,14:34:07,40.89,0.0,2,8178,买盘
1514,14:34:10,40.89,0.0,13,53153,买盘
1515,14:34:13,40.88,-0.01,11,44970,卖盘
1516,14:34:15,40.88,0.0,10,40880,买盘
1517,14:34:21,40.88,0.0,3,12264,买盘
1518,14:34:25,40.88,0.0,8,32704,买盘
1519,14:34:31,40.89,0.01,3,12267,买盘
1520,14:34:33,40.89,0.0,8,32707,买盘
1521,14:34:37,40.91,0.02,16,65444,买盘
1522,14:34:58,40.92,0.01,2,8184,卖盘
1523,14:35:01,40.92,0.0,35,143413,卖盘
1524,14:35:07,40.97,0.05,4,16388,买盘
1525,14:35:15,40.95,-0.02,2,8190,卖盘
1526,14:35:18,40.97,0.02,10,40945,买盘
1527,14:35:28,40.95,-0.02,2,8190,卖盘
1528,14:35:31,40.95,0.0,2,8190,卖盘
1529,14:35:37,40.96,0.01,1,4096,买盘
1530,14:35:40,40.95,-0.01,1,4095,买盘
1531,14:35:55,40.95,0.0,16,65518,买盘
1532,14:36:04,40.95,0.0,5,20475,买盘
1533,14:36:07,40.9,-0.05,92,376423,卖盘
1534,14:36:13,40.88,-0.02,7,28618,卖盘
1535,14:36:15,40.9,0.02,3,12270,买盘
1536,14:36:18,40.9,0.0,5,20450,买盘
1537,14:36:22,40.9,0.0,1,4090,卖盘
1538,14:36:28,40.9,0.0,10,40900,卖盘
1539,14:36:36,40.9,0.0,2,8181,卖盘
1540,14:36:46,40.9,0.0,7,28630,卖盘
1541,14:36:49,40.9,0.0,5,20450,卖盘
1542,14:36:54,40.9,0.0,13,53170,卖盘
1543,14:37:04,40.9,0.0,3,12270,买盘
1544,14:37:09,40.9,0.0,5,20450,买盘
1545,14:37:12,40.9,0.0,21,85890,卖盘
1546,14:37:16,40.98,0.08,68,278428,买盘
1547,14:37:22,40.89,-0.09,2,8178,卖盘
1548,14:37:46,40.95,0.06,1,4095,买盘
1549,14:37:49,40.95,0.0,2,8190,买盘
1550,14:37:52,40.95,0.0,4,16380,买盘
1551,14:37:55,40.95,0.0,2,8190,买盘
1552,14:37:58,40.95,0.0,2,8190,买盘
1553,14:38:10,40.95,0.0,16,65520,买盘
1554,14:38:19,40.95,0.0,5,20475,卖盘
1555,14:38:22,40.9,-0.05,40,163624,卖盘
1556,14:38:31,40.9,0.0,1,4090,卖盘
1557,14:38:43,40.95,0.05,26,106462,买盘
1558,14:38:45,40.9,-0.05,10,40908,卖盘
1559,14:38:49,40.9,0.0,7,28630,卖盘
1560,14:38:51,40.9,0.0,6,24540,买盘
1561,14:39:06,40.9,0.0,6,24540,卖盘
1562,14:39:10,40.94,0.04,11,45013,买盘
1563,14:39:24,40.94,0.0,3,12282,买盘
1564,14:39:46,40.9,-0.04,96,392713,卖盘
1565,14:39:57,40.89,-0.01,3,12269,卖盘
1566,14:40:06,40.9,0.01,2,8180,买盘
1567,14:40:10,40.9,0.0,3,12270,卖盘
1568,14:40:16,40.91,0.01,2,8182,中性盘
1569,14:40:28,40.91,0.0,1,4091,卖盘
1570,14:40:34,40.9,-0.01,7,28630,卖盘
1571,14:40:40,40.91,0.01,6,24543,买盘
1572,14:40:42,40.9,-0.01,6,24544,卖盘
1573,14:40:51,40.89,-0.01,5,20447,卖盘
1574,14:40:58,40.91,0.02,62,253528,买盘
1575,14:41:01,40.89,-0.02,2,8179,卖盘
1576,14:41:19,40.9,0.01,1,4090,卖盘
1577,14:41:22,40.91,0.01,2,8182,买盘
1578,14:41:25,40.91,0.0,2,8182,买盘
1579,14:41:28,40.89,-0.02,11,44983,卖盘
1580,14:41:39,40.88,-0.01,8,32704,卖盘
1581,14:41:55,40.88,0.0,10,40880,卖盘
1582,14:42:01,40.89,0.01,5,20445,买盘
1583,14:42:10,40.88,-0.01,15,61325,卖盘
1584,14:42:13,40.88,0.0,1,4088,买盘
1585,14:42:19,40.87,-0.01,1,4087,卖盘
1586,14:42:22,40.88,0.01,3,12264,买盘
1587,14:42:25,40.88,0.0,2,8176,买盘
1588,14:42:46,40.88,0.0,74,302586,卖盘
1589,14:42:49,40.88,0.0,13,53148,卖盘
1590,14:43:01,40.88,0.0,12,49056,买盘
1591,14:43:06,40.88,0.0,6,24528,买盘
1592,14:43:12,40.88,0.0,5,20440,卖盘
1593,14:43:15,40.87,-0.01,10,40872,卖盘
1594,14:43:25,40.88,0.01,2,8176,卖盘
1595,14:43:28,40.9,0.02,2,8180,买盘
1596,14:43:34,40.87,-0.03,23,94004,卖盘
1597,14:43:37,40.88,0.01,3,12264,中性盘
1598,14:43:40,40.9,0.02,5,20442,买盘
1599,14:43:46,40.9,0.0,1,4090,买盘
1600,14:43:54,40.9,0.0,5,20450,买盘
1601,14:44:07,40.92,0.02,1,4092,卖盘
1602,14:44:16,40.92,0.0,1,4092,买盘
1603,14:44:25,40.92,0.0,3,12276,买盘
1604,14:44:30,40.92,0.0,1,4092,买盘
1605,14:44:34,40.94,0.02,5,20470,买盘
1606,14:44:42,40.91,-0.03,3,12275,卖盘
1607,14:44:49,40.9,-0.01,3,12270,卖盘
1608,14:45:01,40.92,0.02,36,147312,买盘
1609,14:45:10,40.92,0.0,41,167772,卖盘
1610,14:45:12,40.9,-0.02,17,69557,卖盘
1611,14:45:25,40.95,0.05,5,20466,买盘
1612,14:45:34,40.91,-0.04,17,69547,买盘
1613,14:45:43,40.95,0.04,1,4095,买盘
1614,14:45:49,40.92,-0.03,2,8184,卖盘
1615,14:45:58,40.9,-0.02,36,147246,卖盘
1616,14:46:10,40.92,0.02,2,8184,买盘
1617,14:46:22,40.89,-0.03,13,53165,卖盘
1618,14:46:31,40.89,0.0,8,32712,卖盘
1619,14:46:40,40.88,-0.01,51,208488,卖盘
1620,14:46:43,40.88,0.0,34,138997,卖盘
1621,14:46:46,40.88,0.0,3,12268,卖盘
1622,14:46:55,40.92,0.04,2,8184,买盘
1623,14:47:04,40.92,0.0,1,4092,买盘
1624,14:47:09,40.9,-0.02,2,8180,卖盘
1625,14:47:19,40.9,0.0,3,12270,买盘
1626,14:47:21,40.88,-0.02,7,28626,卖盘
1627,14:47:25,40.9,0.02,5,20450,买盘
1628,14:47:34,40.9,0.0,3,12270,卖盘
1629,14:47:37,40.9,0.0,5,20450,卖盘
1630,14:47:43,40.92,0.02,5,20460,买盘
1631,14:47:46,40.9,-0.02,21,85890,卖盘
1632,14:47:48,40.92,0.02,10,40920,买盘
1633,14:47:52,40.92,0.0,3,12276,卖盘
1634,14:48:04,40.92,0.0,9,36828,卖盘
1635,14:48:10,40.93,0.01,4,16371,买盘
1636,14:48:13,40.93,0.0,1,4093,卖盘
1637,14:48:16,40.95,0.02,15,61425,买盘
1638,14:48:19,40.93,-0.02,12,49122,卖盘
1639,14:48:27,40.98,0.05,5,20490,买盘
1640,14:48:40,40.93,-0.05,1,4093,卖盘
1641,14:48:49,40.98,0.05,3,12294,买盘
1642,14:48:52,40.9,-0.08,24,98196,卖盘
1643,14:48:55,40.9,0.0,4,16360,买盘
1644,14:49:01,40.9,0.0,7,28626,买盘
1645,14:49:07,40.88,-0.02,1,4088,卖盘
1646,14:49:10,40.9,0.02,16,65440,买盘
1647,14:49:13,40.9,0.0,1,4090,买盘
1648,14:49:19,40.93,0.03,1,4093,买盘
1649,14:49:22,40.93,0.0,22,90046,买盘
1650,14:49:49,40.98,0.05,1,4098,买盘
1651,14:49:52,40.88,-0.1,50,204426,卖盘
1652,14:50:07,40.9,0.02,1,4090,卖盘
1653,14:50:13,40.9,0.0,2,8180,卖盘
1654,14:50:19,40.9,0.0,1,4090,卖盘
1655,14:50:30,40.97,0.07,2,8194,买盘
1656,14:50:37,40.97,0.0,3,12291,买盘
1657,14:50:51,40.97,0.0,5,20485,买盘
1658,14:50:54,40.97,0.0,1,4097,买盘
1659,14:51:04,40.97,0.0,13,53261,卖盘
1660,14:51:07,40.97,0.0,1,4097,买盘
1661,14:51:13,40.89,-0.08,79,323153,卖盘
1662,14:51:16,40.9,0.01,1,4090,买盘
1663,14:51:22,40.9,0.0,4,16360,买盘
1664,14:51:25,40.9,0.0,14,57260,买盘
1665,14:51:27,40.9,0.0,3,12270,买盘
1666,14:51:31,40.9,0.0,17,69530,卖盘
1667,14:51:39,40.92,0.02,1,4092,中性盘
1668,14:51:46,40.96,0.04,2,8192,买盘
1669,14:51:49,40.92,-0.04,1,4092,卖盘
1670,14:51:58,40.92,0.0,6,24552,卖盘
1671,14:52:13,40.92,0.0,2,8184,卖盘
1672,14:52:16,40.94,0.02,1,4094,买盘
1673,14:52:19,40.94,0.0,1,4094,卖盘
1674,14:52:36,40.94,0.0,8,32766,卖盘
1675,14:52:43,40.94,0.0,10,40940,买盘
1676,14:52:51,40.9,-0.04,11,44990,卖盘
1677,14:52:57,40.94,0.04,5,20466,买盘
1678,14:53:04,40.9,-0.04,1,4090,卖盘
1679,14:53:06,40.9,0.0,16,65440,卖盘
1680,14:53:10,40.9,0.0,3,12270,买盘
1681,14:53:13,40.9,0.0,4,16360,买盘
1682,14:53:16,40.9,0.0,1,4090,买盘
1683,14:53:19,40.9,0.0,1,4090,买盘
1684,14:53:28,40.88,-0.02,4,16354,卖盘
1685,14:53:33,40.88,0.0,1,4088,卖盘
1686,14:53:40,40.88,0.0,2,8176,卖盘
1687,14:53:43,40.88,0.0,4,16352,卖盘
1688,14:53:46,40.85,-0.03,19,77632,卖盘
1689,14:53:49,40.9,0.05,20,81798,买盘
1690,14:54:01,40.88,-0.02,1,4088,卖盘
1691,14:54:16,40.86,-0.02,1,4086,卖盘
1692,14:54:18,40.86,0.0,2,8174,卖盘
1693,14:54:22,40.85,-0.01,3,12257,卖盘
1694,14:54:28,40.85,0.0,5,20425,卖盘
1695,14:54:37,40.86,0.01,14,57191,买盘
1696,14:54:40,40.86,0.0,29,118471,买盘
1697,14:54:46,40.85,-0.01,1,4085,卖盘
1698,14:54:52,40.86,0.01,22,89892,卖盘
1699,14:54:55,40.85,-0.01,4,16340,卖盘
1700,14:54:58,40.85,0.0,7,28595,卖盘
1701,14:55:04,40.83,-0.02,20,81664,卖盘
1702,14:55:07,40.85,0.02,3,12255,买盘
1703,14:55:10,40.83,-0.02,30,122504,卖盘
1704,14:55:13,40.83,0.0,7,28581,卖盘
1705,14:55:16,40.83,0.0,6,24498,卖盘
1706,14:55:24,40.84,0.01,6,24504,卖盘
1707,14:55:27,40.85,0.01,107,436863,买盘
1708,14:55:34,40.83,-0.02,5,20407,买盘
1709,14:55:37,40.83,0.0,4,16332,买盘
1710,14:55:40,40.81,-0.02,3,12243,卖盘
1711,14:55:42,40.83,0.02,27,110207,买盘
1712,14:55:49,40.8,-0.03,18,73446,卖盘
1713,14:55:52,40.81,0.01,17,69377,买盘
1714,14:55:58,40.82,0.01,5,20410,卖盘
1715,14:56:01,40.82,0.0,2,8164,买盘
1716,14:56:04,40.81,-0.01,28,114273,卖盘
1717,14:56:10,40.82,0.01,16,65312,买盘
1718,14:56:13,40.82,0.0,1,4082,买盘
1719,14:56:15,40.81,-0.01,5,20406,卖盘
1720,14:56:19,40.8,-0.01,112,457006,卖盘
1721,14:56:22,40.8,0.0,7,28560,买盘
1722,14:56:25,40.8,0.0,22,89760,买盘
1723,14:56:37,40.78,-0.02,8,32624,卖盘
1724,14:56:40,40.78,0.0,3,12236,卖盘
1725,14:56:43,40.8,0.02,5,20400,买盘
1726,14:56:46,40.8,0.0,2,8160,买盘
1727,14:56:49,40.78,-0.02,10,40789,卖盘
1728,14:56:52,40.8,0.02,16,65280,买盘
1729,14:56:58,40.78,-0.02,11,44883,卖盘
1730,14:57:00,40.8,0.02,3,12240,买盘
1731,15:00:05,40.76,-0.04,495,2017620,卖盘
