,time,price,change,volume,amount,type
0,09:25:04,7.73,-0.06,112,86576,买盘
1,09:30:04,7.73,0.0,60,46380,卖盘
2,09:30:09,7.73,0.0,12,9276,买盘
3,09:30:15,7.73,0.0,5,3865,买盘
4,09:30:19,7.73,0.0,1,773,买盘
5,09:30:22,7.73,0.0,16,12368,买盘
6,09:30:25,7.73,0.0,1,773,买盘
7,09:30:28,7.73,0.0,5,3865,买盘
8,09:30:31,7.73,0.0,22,17006,买盘
9,09:30:42,7.73,0.0,11,8503,买盘
10,09:30:46,7.73,0.0,7,5411,买盘
11,09:30:51,7.72,-0.01,15,11584,卖盘
12,09:31:49,7.74,0.02,1,774,卖盘
13,09:31:55,7.74,0.0,8,6192,卖盘
14,09:32:55,7.73,-0.01,5,3865,卖盘
15,09:33:16,7.74,0.01,55,42570,买盘
16,09:33:55,7.72,-0.02,150,115955,卖盘
17,09:33:57,7.76,0.04,40,31040,买盘
18,09:34:07,7.76,0.0,1,776,卖盘
19,09:34:24,7.76,0.0,15,11640,卖盘
20,09:34:31,7.72,-0.04,7,5412,卖盘
21,09:34:54,7.72,0.0,50,38600,卖盘
22,09:35:46,7.72,0.0,3,2316,卖盘
23,09:36:31,7.72,0.0,14,10808,卖盘
24,09:36:37,7.71,-0.01,7,5397,卖盘
25,09:36:48,7.72,0.01,13,10036,买盘
26,09:36:55,7.72,0.0,2,1544,卖盘
27,09:37:06,7.72,0.0,1,772,卖盘
28,09:37:58,7.73,0.01,1,773,中性盘
29,09:38:58,7.73,0.0,2,1546,买盘
30,09:39:09,7.73,0.0,10,7730,买盘
31,09:39:19,7.73,0.0,12,9276,买盘
32,09:40:22,7.74,0.01,5,3870,买盘
33,09:40:28,7.74,0.0,48,37152,买盘
34,09:40:40,7.75,0.01,60,46500,买盘
35,09:40:46,7.74,-0.01,1,774,卖盘
36,09:41:09,7.73,-0.01,7,5412,卖盘
37,09:41:22,7.73,0.0,6,4638,卖盘
38,09:41:36,7.76,0.03,40,31021,买盘
39,09:42:10,7.73,-0.03,1,773,卖盘
40,09:42:18,7.73,0.0,12,9276,卖盘
41,09:42:55,7.74,0.01,1,774,卖盘
42,09:43:07,7.72,-0.02,120,92683,卖盘
43,09:43:10,7.74,0.02,10,7740,买盘
44,09:43:37,7.73,-0.01,1,773,卖盘
45,09:43:58,7.73,0.0,37,28601,卖盘
46,09:44:01,7.73,0.0,15,11595,买盘
47,09:44:06,7.72,-0.01,4,3088,卖盘
48,09:44:42,7.74,0.02,1,774,买盘
49,09:44:55,7.73,-0.01,1,773,卖盘
50,09:45:01,7.74,0.01,28,21672,买盘
51,09:45:09,7.74,0.0,1,774,卖盘
52,09:45:16,7.74,0.0,1,774,卖盘
53,09:45:22,7.74,0.0,11,8514,买盘
54,09:45:28,7.73,-0.01,29,22417,卖盘
55,09:45:30,7.73,0.0,1,773,买盘
56,09:45:33,7.73,0.0,14,10822,买盘
57,09:45:37,7.73,0.0,24,18552,买盘
58,09:45:40,7.73,0.0,12,9276,卖盘
59,09:46:34,7.73,0.0,23,17779,卖盘
60,09:46:52,7.74,0.01,25,19350,买盘
61,09:47:06,7.74,0.0,6,4644,卖盘
62,09:47:21,7.74,0.0,1,774,卖盘
63,09:47:49,7.75,0.01,4,3100,买盘
64,09:48:07,7.74,-0.01,9,6966,卖盘
65,09:48:16,7.74,0.0,26,20124,卖盘
66,09:48:27,7.73,-0.01,25,19325,卖盘
67,09:48:34,7.73,0.0,2,1546,卖盘
68,09:48:37,7.73,0.0,11,8503,卖盘
69,09:48:40,7.72,-0.01,5,3860,卖盘
70,09:48:43,7.72,0.0,3,2316,卖盘
71,09:48:49,7.72,0.0,1,772,卖盘
72,09:49:34,7.72,0.0,6,4632,卖盘
73,09:50:06,7.72,0.0,1,772,卖盘
74,09:51:13,7.72,0.0,3,2316,卖盘
75,09:51:31,7.72,0.0,3,2316,卖盘
76,09:51:34,7.72,0.0,1,772,卖盘
77,09:51:37,7.73,0.01,3,2319,买盘
78,09:51:39,7.73,0.0,2,1546,卖盘
79,09:51:46,7.72,-0.01,1,772,卖盘
80,09:52:01,7.72,0.0,3,2316,卖盘
81,09:52:12,7.73,0.01,15,11595,买盘
82,09:52:48,7.73,0.0,7,5411,买盘
83,09:53:22,7.73,0.0,1,773,卖盘
84,09:54:37,7.73,0.0,1,773,卖盘
85,09:54:48,7.73,0.0,5,3865,卖盘
86,09:55:01,7.73,0.0,2,1546,卖盘
87,09:55:04,7.73,0.0,1,773,卖盘
88,09:55:12,7.73,0.0,9,6957,卖盘
89,09:55:31,7.73,0.0,4,3092,卖盘
90,09:55:49,7.72,-0.01,1,772,卖盘
91,09:55:55,7.73,0.01,9,6957,买盘
92,09:56:19,7.72,-0.01,1,772,卖盘
93,09:56:40,7.72,0.0,2,1544,卖盘
94,09:56:51,7.72,0.0,1,772,卖盘
95,09:57:07,7.73,0.01,28,21644,买盘
96,09:57:13,7.73,0.0,1,773,卖盘
97,09:57:42,7.73,0.0,2,1546,卖盘
98,09:57:55,7.73,0.0,1,773,卖盘
99,09:58:07,7.73,0.0,1,773,卖盘
100,09:58:13,7.74,0.01,30,23220,买盘
101,09:58:16,7.73,-0.01,1,773,卖盘
102,09:58:36,7.73,0.0,1,773,卖盘
103,09:58:43,7.73,0.0,3,2319,卖盘
104,09:59:04,7.72,-0.01,2,1544,卖盘
105,09:59:13,7.72,0.0,31,23932,卖盘
106,09:59:42,7.72,0.0,2,1544,卖盘
107,10:00:27,7.74,0.02,47,36378,买盘
108,10:00:54,7.74,0.0,1,774,卖盘
109,10:01:22,7.74,0.0,40,30960,卖盘
110,10:01:25,7.74,0.0,6,4644,卖盘
111,10:02:00,7.72,-0.02,1,772,卖盘
112,10:02:27,7.72,0.0,3,2316,卖盘
113,10:02:57,7.72,0.0,1,772,卖盘
114,10:03:07,7.74,0.02,12,9288,买盘
115,10:03:28,7.72,-0.02,1,772,卖盘
116,10:03:55,7.72,0.0,4,3088,卖盘
117,10:03:58,7.72,0.0,2,1544,卖盘
118,10:04:06,7.72,0.0,3,2316,卖盘
119,10:04:28,7.72,0.0,1,772,卖盘
120,10:04:31,7.72,0.0,3,2316,卖盘
121,10:04:55,7.72,0.0,2,1544,卖盘
122,10:05:28,7.72,0.0,2,1544,卖盘
123,10:06:09,7.72,0.0,100,77200,卖盘
124,10:06:21,7.72,0.0,23,17756,卖盘
125,10:07:09,7.72,0.0,3,2316,买盘
126,10:07:16,7.71,-0.01,1,771,卖盘
127,10:07:18,7.71,0.0,6,4626,卖盘
128,10:07:31,7.71,0.0,72,55512,卖盘
129,10:07:37,7.72,0.01,20,15440,买盘
130,10:08:01,7.71,-0.01,2,1542,卖盘
131,10:08:33,7.71,0.0,1,771,卖盘
132,10:08:48,7.72,0.01,20,15440,买盘
133,10:09:09,7.71,-0.01,2,1542,卖盘
134,10:09:28,7.72,0.01,52,40144,买盘
135,10:09:36,7.72,0.0,4,3088,卖盘
136,10:09:49,7.73,0.01,19,14678,买盘
137,10:09:54,7.72,-0.01,3,2316,卖盘
138,10:10:04,7.72,0.0,1,772,卖盘
139,10:10:37,7.72,0.0,2,1544,卖盘
140,10:10:39,7.72,0.0,3,2316,卖盘
141,10:10:57,7.72,0.0,20,15440,卖盘
142,10:11:04,7.72,0.0,1,772,卖盘
143,10:11:33,7.72,0.0,5,3860,卖盘
144,10:12:01,7.71,-0.01,1,771,卖盘
145,10:12:34,7.71,0.0,90,69390,卖盘
146,10:12:37,7.71,0.0,1,771,卖盘
147,10:12:58,7.71,0.0,34,26214,卖盘
148,10:13:07,7.7,-0.01,2,1540,卖盘
149,10:13:37,7.7,0.0,1,770,卖盘
150,10:13:40,7.7,0.0,3,2310,卖盘
151,10:13:51,7.7,0.0,6,4620,卖盘
152,10:13:54,7.7,0.0,20,15400,卖盘
153,10:14:07,7.7,0.0,1,770,卖盘
154,10:14:39,7.7,0.0,2,1540,卖盘
155,10:14:51,7.71,0.01,164,126444,买盘
156,10:15:01,7.71,0.0,1,771,卖盘
157,10:15:07,7.7,-0.01,7,5395,卖盘
158,10:15:24,7.7,0.0,5,3850,卖盘
159,10:15:37,7.72,0.02,6,4632,买盘
160,10:15:39,7.7,-0.02,1,770,卖盘
161,10:15:48,7.72,0.02,3,2316,买盘
162,10:16:04,7.7,-0.02,2,1540,卖盘
163,10:17:00,7.7,0.0,130,100100,卖盘
164,10:17:30,7.7,0.0,118,90860,卖盘
165,10:17:39,7.7,0.0,115,88550,买盘
166,10:18:09,7.71,0.01,19,14649,买盘
167,10:19:06,7.71,0.0,1,771,卖盘
168,10:19:39,7.7,-0.01,2,1540,卖盘
169,10:20:12,7.7,0.0,1,770,卖盘
170,10:20:36,7.7,0.0,1,770,卖盘
171,10:21:04,7.7,0.0,5,3850,卖盘
172,10:21:13,7.7,0.0,2,1540,卖盘
173,10:21:36,7.7,0.0,1,770,卖盘
174,10:21:39,7.7,0.0,234,180180,卖盘
175,10:21:52,7.7,0.0,6,4620,卖盘
176,10:22:09,7.69,-0.01,2,1538,卖盘
177,10:22:13,7.7,0.01,24,18480,买盘
178,10:22:37,7.7,0.0,1,770,卖盘
179,10:22:54,7.71,0.01,2,1542,买盘
180,10:22:58,7.71,0.0,1,771,卖盘
181,10:23:04,7.71,0.0,2,1542,卖盘
182,10:23:12,7.7,-0.01,1,770,卖盘
183,10:23:16,7.7,0.0,20,15400,卖盘
184,10:25:33,7.7,0.0,2,1540,卖盘
185,10:26:19,7.7,0.0,4,3080,卖盘
186,10:26:24,7.7,0.0,1,770,卖盘
187,10:26:27,7.7,0.0,2,1540,卖盘
188,10:26:39,7.7,0.0,37,28490,卖盘
189,10:26:51,7.7,0.0,2,1540,卖盘
190,10:26:54,7.7,0.0,2,1540,卖盘
191,10:26:58,7.7,0.0,11,8470,卖盘
192,10:27:07,7.7,0.0,4,3080,卖盘
193,10:27:19,7.7,0.0,5,3850,卖盘
194,10:27:21,7.7,0.0,1,770,卖盘
195,10:27:28,7.7,0.0,2,1540,卖盘
196,10:27:52,7.7,0.0,3,2310,卖盘
197,10:28:22,7.7,0.0,4,3080,卖盘
198,10:28:24,7.71,0.01,10,7710,买盘
199,10:28:49,7.71,0.0,21,16191,买盘
200,10:28:52,7.71,0.0,2,1542,卖盘
201,10:28:54,7.71,0.0,1,771,卖盘
202,10:29:22,7.71,0.0,2,1542,卖盘
203,10:29:25,7.71,0.0,2,1542,卖盘
204,10:29:48,7.71,0.0,2,1542,卖盘
205,10:30:15,7.71,0.0,5,3855,卖盘
206,10:30:21,7.71,0.0,2,1542,卖盘
207,10:30:27,7.71,0.0,25,19275,卖盘
208,10:30:52,7.7,-0.01,2,1540,卖盘
209,10:31:25,7.7,0.0,2,1540,卖盘
210,10:31:28,7.7,0.0,34,26180,卖盘
211,10:31:51,7.7,0.0,2,1540,卖盘
212,10:32:19,7.7,0.0,50,38500,卖盘
213,10:32:22,7.7,0.0,2,1540,卖盘
214,10:32:30,7.71,0.01,1,771,买盘
215,10:32:52,7.7,-0.01,2,1540,卖盘
216,10:33:22,7.7,0.0,2,1540,卖盘
217,10:33:48,7.7,0.0,2,1540,卖盘
218,10:33:54,7.7,0.0,2,1540,卖盘
219,10:33:57,7.7,0.0,4,3080,卖盘
220,10:34:24,7.7,0.0,2,1540,卖盘
221,10:34:45,7.7,0.0,3,2310,卖盘
222,10:34:48,7.7,0.0,2,1540,卖盘
223,10:35:21,7.7,0.0,2,1540,卖盘
224,10:35:34,7.7,0.0,3,2310,卖盘
225,10:35:39,7.7,0.0,7,5390,卖盘
226,10:35:46,7.7,0.0,2,1540,卖盘
227,10:35:48,7.7,0.0,3,2310,卖盘
228,10:35:52,7.7,0.0,6,4620,卖盘
229,10:36:19,7.7,0.0,2,1540,卖盘
230,10:36:22,7.7,0.0,22,16940,卖盘
231,10:36:31,7.7,0.0,22,16940,卖盘
232,10:36:49,7.69,-0.01,2,1538,卖盘
233,10:37:12,7.72,0.03,159,122635,买盘
234,10:37:16,7.69,-0.03,77,59396,卖盘
235,10:41:28,7.7,0.01,50,38500,卖盘
236,10:41:51,7.7,0.0,1,770,卖盘
237,10:44:15,7.73,0.03,140,108197,买盘
238,10:44:33,7.73,0.0,3,2319,卖盘
239,10:45:37,7.73,0.0,8,6184,卖盘
240,10:45:51,7.73,0.0,2,1546,卖盘
241,10:46:18,7.75,0.02,188,145605,买盘
242,10:46:39,7.77,0.02,196,152246,买盘
243,10:46:42,7.77,0.0,5,3885,卖盘
244,10:46:58,7.77,0.0,11,8547,买盘
245,10:47:10,7.77,0.0,24,18648,卖盘
246,10:47:19,7.75,-0.02,12,9300,卖盘
247,10:47:24,7.77,0.02,2,1554,买盘
248,10:47:40,7.77,0.0,21,16261,买盘
249,10:47:48,7.76,-0.01,5,3880,买盘
250,10:47:54,7.78,0.02,200,155528,买盘
251,10:48:04,7.73,-0.05,3,2320,卖盘
252,10:48:07,7.74,0.01,1,774,中性盘
253,10:48:21,7.74,0.0,5,3870,卖盘
254,10:48:40,7.77,0.03,2,1551,买盘
255,10:49:06,7.74,-0.03,1,774,卖盘
256,10:49:33,7.76,0.02,14,10864,买盘
257,10:49:36,7.76,0.0,24,18624,卖盘
258,10:49:39,7.76,0.0,5,3880,卖盘
259,10:49:51,7.76,0.0,3,2328,买盘
260,10:50:06,7.76,0.0,1,776,卖盘
261,10:50:09,7.77,0.01,1,777,买盘
262,10:50:12,7.77,0.0,1,777,买盘
263,10:50:39,7.76,-0.01,1,776,卖盘
264,10:50:48,7.76,0.0,16,12416,卖盘
265,10:51:03,7.74,-0.02,1,774,卖盘
266,10:51:18,7.75,0.01,1,775,买盘
267,10:51:33,7.74,-0.01,9,6966,卖盘
268,10:51:39,7.75,0.01,2,1549,买盘
269,10:52:04,7.74,-0.01,1,774,卖盘
270,10:52:39,7.74,0.0,1,774,卖盘
271,10:53:00,7.75,0.01,3,2325,买盘
272,10:53:04,7.75,0.0,2,1550,买盘
273,10:53:06,7.74,-0.01,1,774,卖盘
274,10:53:09,7.75,0.01,1,775,买盘
275,10:53:27,7.74,-0.01,15,11610,卖盘
276,10:53:30,7.74,0.0,3,2322,买盘
277,10:53:33,7.73,-0.01,1,773,卖盘
278,10:53:54,7.73,0.0,9,6957,卖盘
279,10:54:00,7.74,0.01,3,2322,买盘
280,10:54:09,7.75,0.01,21,16273,买盘
281,10:54:27,7.75,0.0,1,775,买盘
282,10:54:30,7.75,0.0,3,2325,买盘
283,10:54:39,7.74,-0.01,1,774,卖盘
284,10:55:07,7.74,0.0,1,774,卖盘
285,10:55:09,7.75,0.01,1,775,买盘
286,10:55:36,7.74,-0.01,1,774,卖盘
287,10:55:51,7.75,0.01,1,775,买盘
288,10:56:06,7.74,-0.01,1,774,卖盘
289,10:56:09,7.75,0.01,1,775,买盘
290,10:56:33,7.74,-0.01,1,774,卖盘
291,10:56:36,7.75,0.01,9,6975,买盘
292,10:56:57,7.74,-0.01,10,7740,卖盘
293,10:57:04,7.73,-0.01,1,773,卖盘
294,10:57:06,7.76,0.03,2,1552,买盘
295,10:57:09,7.73,-0.03,20,15460,卖盘
296,10:57:19,7.73,0.0,100,77300,卖盘
297,10:58:40,7.75,0.02,102,78660,买盘
298,10:58:54,7.73,-0.02,1,773,卖盘
299,10:59:09,7.71,-0.02,100,77100,卖盘
300,10:59:22,7.71,0.0,1,771,卖盘
301,10:59:33,7.75,0.04,16,12400,买盘
302,10:59:52,7.75,0.0,4,3100,卖盘
303,11:00:04,7.75,0.0,1,775,买盘
304,11:00:06,7.75,0.0,1,775,买盘
305,11:00:10,7.75,0.0,104,80174,买盘
306,11:00:19,7.7,-0.05,1,770,卖盘
307,11:00:28,7.75,0.05,1,775,买盘
308,11:00:31,7.7,-0.05,201,154787,卖盘
309,11:00:40,7.7,0.0,30,23100,卖盘
310,11:00:49,7.7,0.0,100,77000,卖盘
311,11:00:51,7.7,0.0,1,770,买盘
312,11:00:55,7.73,0.03,1,773,买盘
313,11:00:58,7.73,0.0,2,1546,买盘
314,11:01:01,7.73,0.0,1,773,买盘
315,11:01:04,7.73,0.0,1,773,买盘
316,11:01:07,7.73,0.0,1,773,买盘
317,11:01:10,7.72,-0.01,1,772,买盘
318,11:01:13,7.73,0.01,1,773,买盘
319,11:01:16,7.73,0.0,4,3092,买盘
320,11:01:18,7.73,0.0,5,3865,买盘
321,11:01:22,7.7,-0.03,1,770,卖盘
322,11:01:24,7.73,0.03,1,773,买盘
323,11:01:28,7.73,0.0,1,773,买盘
324,11:01:31,7.73,0.0,1,773,买盘
325,11:01:34,7.73,0.0,2,1546,买盘
326,11:01:37,7.73,0.0,2,1546,买盘
327,11:01:40,7.73,0.0,1,773,买盘
328,11:01:43,7.73,0.0,2,1546,买盘
329,11:01:45,7.73,0.0,1,773,买盘
330,11:01:49,7.73,0.0,1,773,买盘
331,11:01:51,7.73,0.0,1,773,买盘
332,11:01:54,7.73,0.0,2,1543,买盘
333,11:01:57,7.73,0.0,1,773,买盘
334,11:02:01,7.73,0.0,7,5411,买盘
335,11:02:21,7.73,0.0,1,773,卖盘
336,11:02:27,7.74,0.01,1,774,买盘
337,11:02:52,7.73,-0.01,1,773,卖盘
338,11:03:01,7.73,0.0,10,7730,卖盘
339,11:03:04,7.73,0.0,3,2319,卖盘
340,11:03:24,7.73,0.0,1,773,卖盘
341,11:03:51,7.74,0.01,5,3869,买盘
342,11:04:18,7.74,0.0,32,24768,买盘
343,11:04:21,7.73,-0.01,2,1547,卖盘
344,11:04:51,7.74,0.01,1,774,买盘
345,11:04:54,7.73,-0.01,1,773,卖盘
346,11:05:15,7.74,0.01,3,2322,买盘
347,11:05:18,7.74,0.0,1,774,买盘
348,11:05:21,7.74,0.0,2,1547,买盘
349,11:05:54,7.73,-0.01,1,773,卖盘
350,11:06:03,7.74,0.01,21,16254,买盘
351,11:06:24,7.74,0.0,1,774,卖盘
352,11:06:28,7.75,0.01,21,16255,买盘
353,11:06:39,7.75,0.0,2,1550,买盘
354,11:06:58,7.75,0.0,2,1549,买盘
355,11:07:24,7.74,-0.01,1,774,卖盘
356,11:07:54,7.75,0.01,1,775,卖盘
357,11:08:03,7.76,0.01,1,776,买盘
358,11:08:06,7.76,0.0,1,776,买盘
359,11:08:24,7.75,-0.01,1,775,卖盘
360,11:08:55,7.75,0.0,1,775,卖盘
361,11:09:21,7.75,0.0,1,775,卖盘
362,11:09:27,7.76,0.01,2,1552,买盘
363,11:09:30,7.76,0.0,2,1552,买盘
364,11:09:42,7.75,-0.01,3,2325,卖盘
365,11:09:48,7.76,0.01,18,13968,买盘
366,11:09:51,7.76,0.0,1,776,卖盘
367,11:10:24,7.76,0.0,2,1552,卖盘
368,11:10:42,7.76,0.0,1,776,买盘
369,11:10:51,7.77,0.01,2,1554,买盘
370,11:10:54,7.77,0.0,2,1553,买盘
371,11:11:04,7.77,0.0,10,7770,买盘
372,11:11:21,7.76,-0.01,1,776,卖盘
373,11:11:24,7.77,0.01,65,50505,买盘
374,11:11:52,7.77,0.0,1,777,卖盘
375,11:12:15,7.78,0.01,2,1556,买盘
376,11:12:18,7.78,0.0,4,3112,买盘
377,11:12:24,7.77,-0.01,1,777,卖盘
378,11:12:33,7.77,0.0,9,6993,卖盘
379,11:12:51,7.77,0.0,1,777,卖盘
380,11:13:00,7.77,0.0,81,62937,卖盘
381,11:13:15,7.76,-0.01,3,2328,卖盘
382,11:13:25,7.76,0.0,1,776,卖盘
383,11:13:42,7.78,0.02,1,778,买盘
384,11:13:54,7.76,-0.02,2,1552,卖盘
385,11:14:24,7.76,0.0,1,776,卖盘
386,11:14:30,7.8,0.04,500,389518,买盘
387,11:14:54,7.76,-0.04,1,776,卖盘
388,11:15:04,7.8,0.04,1,780,买盘
389,11:15:06,7.79,-0.01,4,3116,买盘
390,11:15:12,7.78,-0.01,50,38900,中性盘
391,11:15:18,7.79,0.01,5,3895,买盘
392,11:15:22,7.77,-0.02,1,777,卖盘
393,11:15:57,7.77,0.0,1,777,卖盘
394,11:16:06,7.79,0.02,2,1558,买盘
395,11:16:36,7.78,-0.01,5,3890,买盘
396,11:17:15,7.77,-0.01,5,3885,卖盘
397,11:17:18,7.78,0.01,3,2334,买盘
398,11:17:21,7.78,0.0,3,2334,买盘
399,11:17:25,7.78,0.0,40,31120,买盘
400,11:17:31,7.78,0.0,1,778,买盘
401,11:17:34,7.79,0.01,4,3116,买盘
402,11:17:37,7.79,0.0,4,3116,买盘
403,11:17:51,7.8,0.01,148,115424,买盘
404,11:17:55,7.8,0.0,21,16380,卖盘
405,11:18:18,7.8,0.0,7,5460,买盘
406,11:18:27,7.8,0.0,83,64740,买盘
407,11:18:45,7.8,0.0,19,14820,卖盘
408,11:18:55,7.8,0.0,3,2340,买盘
409,11:19:03,7.8,0.0,2,1560,买盘
410,11:19:15,7.78,-0.02,5,3890,卖盘
411,11:20:18,7.8,0.02,2,1560,买盘
412,11:20:42,7.8,0.0,100,78000,买盘
413,11:21:03,7.79,-0.01,9,7011,卖盘
414,11:21:16,7.79,0.0,25,19475,卖盘
415,11:21:39,7.79,0.0,2,1558,买盘
416,11:21:42,7.79,0.0,5,3895,买盘
417,11:21:45,7.78,-0.01,5,3890,卖盘
418,11:21:54,7.79,0.01,9,7011,买盘
419,11:22:06,7.79,0.0,9,7017,卖盘
420,11:22:09,7.79,0.0,2,1558,买盘
421,11:22:39,7.79,0.0,2,1558,买盘
422,11:22:42,7.81,0.02,300,234056,买盘
423,11:23:36,7.81,0.0,105,82005,买盘
424,11:23:45,7.81,0.0,71,55451,买盘
425,11:24:01,7.82,0.01,200,156308,买盘
426,11:24:16,7.81,-0.01,2,1562,中性盘
427,11:24:30,7.81,0.0,1,781,买盘
428,11:24:46,7.81,0.0,2,1562,买盘
429,11:25:15,7.81,0.0,2,1562,买盘
430,11:25:48,7.81,0.0,2,1562,买盘
431,11:25:57,7.81,0.0,1,781,买盘
432,11:26:19,7.8,-0.01,1,780,买盘
433,11:26:42,7.81,0.01,10,7810,买盘
434,11:27:03,7.79,-0.02,5,3895,卖盘
435,11:27:19,7.81,0.02,1,781,买盘
436,11:27:22,7.81,0.0,1,781,买盘
437,11:27:48,7.8,-0.01,20,15600,卖盘
438,11:28:06,7.8,0.0,5,3900,买盘
439,11:28:09,7.8,0.0,5,3900,卖盘
440,11:28:45,7.8,0.0,1,780,买盘
441,11:29:00,7.8,0.0,15,11700,买盘
442,11:29:18,7.8,0.0,3,2340,买盘
443,11:29:57,7.79,-0.01,8,6232,卖盘
444,13:00:04,7.79,0.0,60,46778,卖盘
445,13:00:39,7.79,0.0,8,6232,卖盘
446,13:01:51,7.79,0.0,10,7790,卖盘
447,13:02:00,7.8,0.01,15,11700,买盘
448,13:02:06,7.79,-0.01,33,25707,卖盘
449,13:02:42,7.79,0.0,40,31160,卖盘
450,13:04:06,7.79,0.0,41,31939,卖盘
451,13:04:09,7.79,0.0,3,2337,卖盘
452,13:04:21,7.79,0.0,32,24928,卖盘
453,13:05:48,7.78,-0.01,20,15560,卖盘
454,13:05:57,7.78,0.0,20,15560,卖盘
455,13:07:30,7.78,0.0,11,8558,卖盘
456,13:07:33,7.78,0.0,1,778,卖盘
457,13:07:48,7.78,0.0,5,3890,卖盘
458,13:08:36,7.78,0.0,1,778,卖盘
459,13:10:21,7.78,0.0,50,38900,卖盘
460,13:12:15,7.78,0.0,41,31898,卖盘
461,13:12:48,7.79,0.01,2,1558,买盘
462,13:13:04,7.78,-0.01,12,9336,卖盘
463,13:13:09,7.8,0.02,216,168361,买盘
464,13:13:15,7.8,0.0,1,780,卖盘
465,13:13:18,7.8,0.0,5,3900,卖盘
466,13:13:21,7.8,0.0,58,45240,卖盘
467,13:13:39,7.8,0.0,23,17940,卖盘
468,13:13:51,7.8,0.0,3,2340,买盘
469,13:14:04,7.78,-0.02,9,7002,卖盘
470,13:14:27,7.8,0.02,50,39000,买盘
471,13:14:54,7.8,0.0,58,45240,买盘
472,13:15:12,7.8,0.0,5,3900,卖盘
473,13:15:24,7.82,0.02,446,348576,买盘
474,13:15:30,7.82,0.0,10,7820,卖盘
475,13:15:39,7.82,0.0,3,2346,卖盘
476,13:15:45,7.85,0.03,400,313539,买盘
477,13:15:57,7.86,0.01,196,154056,买盘
478,13:16:03,7.86,0.0,40,31440,卖盘
479,13:16:06,7.87,0.01,5,3935,买盘
480,13:16:12,7.87,0.0,75,59025,卖盘
481,13:16:21,7.87,0.0,45,35415,买盘
482,13:16:24,7.86,-0.01,259,203864,卖盘
483,13:16:27,7.88,0.02,67,52846,中性盘
484,13:16:51,7.86,-0.02,11,8646,卖盘
485,13:16:54,7.87,0.01,4,3148,买盘
486,13:17:04,7.87,0.0,67,52729,买盘
487,13:17:06,7.87,0.0,14,10998,买盘
488,13:17:09,7.85,-0.02,12,9432,卖盘
489,13:17:18,7.86,0.01,4,3144,中性盘
490,13:17:28,7.87,0.01,3,2361,买盘
491,13:17:30,7.87,0.0,1,787,买盘
492,13:17:34,7.87,0.0,5,3935,买盘
493,13:17:36,7.86,-0.01,17,13362,中性盘
494,13:17:39,7.85,-0.01,8,6280,卖盘
495,13:17:48,7.86,0.01,13,10218,卖盘
496,13:17:51,7.86,0.0,87,68382,卖盘
497,13:17:54,7.85,-0.01,108,84780,卖盘
498,13:17:57,7.85,0.0,2,1570,卖盘
499,13:18:00,7.82,-0.03,26,20389,卖盘
500,13:19:27,7.83,0.01,11,8613,卖盘
501,13:19:39,7.83,0.0,30,23490,卖盘
502,13:19:42,7.84,0.01,2,1568,买盘
503,13:19:45,7.84,0.0,6,4704,买盘
504,13:19:51,7.83,-0.01,13,10179,卖盘
505,13:19:54,7.82,-0.01,13,10166,卖盘
506,13:19:57,7.83,0.01,1,783,买盘
507,13:20:00,7.83,0.0,1,783,买盘
508,13:20:09,7.83,0.0,5,3915,买盘
509,13:20:12,7.83,0.0,60,46930,买盘
510,13:20:27,7.84,0.01,27,21168,买盘
511,13:20:36,7.85,0.01,10,7850,买盘
512,13:20:43,7.83,-0.02,10,7824,卖盘
513,13:20:54,7.82,-0.01,31,24242,卖盘
514,13:21:04,7.83,0.01,10,7830,买盘
515,13:21:19,7.83,0.0,1,783,买盘
516,13:21:30,7.83,0.0,2,1566,买盘
517,13:21:48,7.82,-0.01,7,5474,卖盘
518,13:21:51,7.82,0.0,1,782,卖盘
519,13:22:30,7.83,0.01,3,2349,买盘
520,13:22:42,7.83,0.0,1,783,买盘
521,13:23:04,7.83,0.0,23,18009,买盘
522,13:23:06,7.82,-0.01,85,66470,卖盘
523,13:23:15,7.82,0.0,1,782,卖盘
524,13:23:21,7.82,0.0,2,1564,卖盘
525,13:23:33,7.82,0.0,1,782,卖盘
526,13:24:48,7.83,0.01,26,20358,买盘
527,13:24:54,7.83,0.0,12,9396,卖盘
528,13:25:00,7.85,0.02,74,58080,买盘
529,13:25:33,7.84,-0.01,1,784,买盘
530,13:25:48,7.83,-0.01,2,1566,卖盘
531,13:25:54,7.8,-0.03,22,17188,卖盘
532,13:26:24,7.83,0.03,4,3132,买盘
533,13:27:04,7.84,0.01,1,784,买盘
534,13:27:45,7.83,-0.01,5,3915,卖盘
535,13:28:24,7.83,0.0,40,31320,买盘
536,13:28:39,7.83,0.0,11,8613,买盘
537,13:28:51,7.82,-0.01,2,1564,卖盘
538,13:29:03,7.82,0.0,13,10166,卖盘
539,13:29:06,7.82,0.0,2,1564,买盘
540,13:29:45,7.82,0.0,3,2346,卖盘
541,13:30:12,7.82,0.0,2,1564,买盘
542,13:30:54,7.82,0.0,3,2346,买盘
543,13:31:10,7.81,-0.01,32,24992,卖盘
544,13:31:13,7.81,0.0,3,2343,买盘
545,13:31:24,7.81,0.0,3,2343,买盘
546,13:31:33,7.81,0.0,13,10153,买盘
547,13:32:00,7.81,0.0,18,14058,卖盘
548,13:32:03,7.81,0.0,3,2343,卖盘
549,13:32:12,7.81,0.0,1,781,卖盘
550,13:33:51,7.82,0.01,3,2346,卖盘
551,13:34:25,7.82,0.0,11,8604,卖盘
552,13:34:30,7.82,0.0,2,1564,卖盘
553,13:34:48,7.82,0.0,43,33626,卖盘
554,13:35:15,7.84,0.02,330,258209,买盘
555,13:35:49,7.82,-0.02,8,6256,卖盘
556,13:36:12,7.82,0.0,5,3910,卖盘
557,13:36:36,7.83,0.01,1,783,卖盘
558,13:36:42,7.82,-0.01,3,2346,卖盘
559,13:36:51,7.83,0.01,1,783,买盘
560,13:37:27,7.83,0.0,4,3132,卖盘
561,13:37:33,7.81,-0.02,9,7034,卖盘
562,13:37:37,7.83,0.02,2,1566,买盘
563,13:38:30,7.82,-0.01,9,7038,卖盘
564,13:38:36,7.83,0.01,55,43054,买盘
565,13:38:40,7.84,0.01,2,1568,买盘
566,13:38:51,7.84,0.0,4,3136,买盘
567,13:39:12,7.83,-0.01,15,11745,卖盘
568,13:39:27,7.83,0.0,3,2349,卖盘
569,13:39:30,7.84,0.01,4,3136,买盘
570,13:39:36,7.84,0.0,3,2352,买盘
571,13:39:42,7.84,0.0,29,22736,买盘
572,13:40:03,7.86,0.02,479,376214,买盘
573,13:40:06,7.86,0.0,21,16506,卖盘
574,13:40:15,7.86,0.0,1,786,卖盘
575,13:40:30,7.89,0.03,500,393877,买盘
576,13:40:39,7.88,-0.01,3,2364,买盘
577,13:40:51,7.9,0.02,500,394603,买盘
578,13:40:58,7.9,0.0,150,118500,买盘
579,13:41:00,7.89,-0.01,43,33927,中性盘
580,13:41:09,7.9,0.01,400,315983,买盘
581,13:41:12,7.91,0.01,2,1582,买盘
582,13:41:15,7.9,-0.01,10,7900,卖盘
583,13:41:21,7.92,0.02,120,95032,买盘
584,13:41:24,7.92,0.0,1,792,买盘
585,13:41:27,7.94,0.02,50,39662,买盘
586,13:41:33,7.91,-0.03,1,791,卖盘
587,13:41:39,7.94,0.03,39,30957,买盘
588,13:41:42,7.92,-0.02,13,10296,买盘
589,13:41:45,7.91,-0.01,4,3164,卖盘
590,13:41:48,7.92,0.01,18,14255,买盘
591,13:41:57,7.92,0.0,5,3960,卖盘
592,13:42:00,7.92,0.0,3,2376,卖盘
593,13:42:03,7.92,0.0,5,3960,买盘
594,13:42:16,7.92,0.0,17,13464,买盘
595,13:42:19,7.92,0.0,18,14246,买盘
596,13:42:21,7.91,-0.01,1,791,卖盘
597,13:42:28,7.91,0.0,1,791,卖盘
598,13:42:30,7.92,0.01,17,13462,买盘
599,13:42:36,7.92,0.0,16,12672,买盘
600,13:42:42,7.92,0.0,1,792,买盘
601,13:42:48,7.91,-0.01,54,42724,卖盘
602,13:42:51,7.91,0.0,2,1582,买盘
603,13:43:05,7.91,0.0,11,8701,买盘
604,13:43:09,7.91,0.0,2,1582,买盘
605,13:43:12,7.91,0.0,2,1582,买盘
606,13:43:15,7.91,0.0,13,10283,买盘
607,13:43:18,7.9,-0.01,17,13430,卖盘
608,13:43:21,7.91,0.01,2,1582,买盘
609,13:43:39,7.9,-0.01,10,7900,卖盘
610,13:43:42,7.9,0.0,100,79000,卖盘
611,13:43:45,7.9,0.0,12,9480,卖盘
612,13:43:48,7.9,0.0,62,48980,卖盘
613,13:43:51,7.9,0.0,10,7900,卖盘
614,13:43:54,7.9,0.0,284,224360,卖盘
615,13:44:06,7.86,-0.04,6,4718,卖盘
616,13:44:27,7.88,0.02,1,788,买盘
617,13:44:30,7.89,0.01,6,4734,买盘
618,13:44:33,7.89,0.0,4,3156,卖盘
619,13:44:45,7.88,-0.01,4,3152,卖盘
620,13:44:54,7.89,0.01,5,3945,买盘
621,13:44:57,7.89,0.0,20,15780,买盘
622,13:45:04,7.89,0.0,4,3156,买盘
623,13:45:09,7.88,-0.01,13,10250,卖盘
624,13:45:21,7.88,0.0,2,1576,卖盘
625,13:45:33,7.88,0.0,3,2364,买盘
626,13:45:45,7.88,0.0,5,3940,卖盘
627,13:46:21,7.88,0.0,1,788,卖盘
628,13:46:27,7.89,0.01,9,7101,买盘
629,13:46:34,7.89,0.0,165,130185,买盘
630,13:46:42,7.9,0.01,1,790,买盘
631,13:46:58,7.91,0.01,488,385775,买盘
632,13:47:00,7.91,0.0,18,14238,卖盘
633,13:47:06,7.91,0.0,3,2373,卖盘
634,13:47:09,7.91,0.0,12,9494,卖盘
635,13:47:12,7.91,0.0,24,19002,卖盘
636,13:47:18,7.92,0.01,7,5544,买盘
637,13:47:21,7.92,0.0,10,7920,买盘
638,13:47:24,7.92,0.0,9,7128,买盘
639,13:47:27,7.92,0.0,4,3168,买盘
640,13:47:36,7.92,0.0,7,5544,卖盘
641,13:47:39,7.91,-0.01,8,6328,卖盘
642,13:47:51,7.92,0.01,1,792,买盘
643,13:47:55,7.91,-0.01,32,25312,卖盘
644,13:48:03,7.92,0.01,96,76032,买盘
645,13:48:15,7.92,0.0,25,19800,买盘
646,13:48:18,7.92,0.0,132,104544,卖盘
647,13:48:33,7.92,0.0,10,7920,卖盘
648,13:48:39,7.92,0.0,40,31680,卖盘
649,13:48:42,7.91,-0.01,18,14238,卖盘
650,13:48:48,7.92,0.01,11,8712,买盘
651,13:48:51,7.92,0.0,10,7920,卖盘
652,13:48:57,7.93,0.01,29,22970,买盘
653,13:49:12,7.94,0.01,112,88823,买盘
654,13:49:15,7.92,-0.02,60,47520,卖盘
655,13:49:18,7.93,0.01,2,1586,买盘
656,13:49:21,7.93,0.0,12,9516,买盘
657,13:49:36,7.93,0.0,62,49208,卖盘
658,13:49:40,7.93,0.0,44,34892,卖盘
659,13:49:45,7.93,0.0,23,18239,卖盘
660,13:49:49,7.93,0.0,20,15860,卖盘
661,13:49:51,7.92,-0.01,165,130727,卖盘
662,13:49:57,7.91,-0.01,2,1582,卖盘
663,13:50:04,7.91,0.0,73,57743,卖盘
664,13:50:10,7.93,0.02,82,64982,买盘
665,13:50:13,7.9,-0.03,47,37268,卖盘
666,13:50:18,7.91,0.01,10,7910,买盘
667,13:50:21,7.94,0.03,59,46816,买盘
668,13:50:31,7.94,0.0,120,95200,买盘
669,13:50:39,7.9,-0.04,47,37250,卖盘
670,13:50:45,7.94,0.04,15,11910,买盘
671,13:50:51,7.94,0.0,57,45258,买盘
672,13:50:57,7.94,0.0,16,12704,买盘
673,13:51:00,7.94,0.0,5,3970,卖盘
674,13:51:04,7.94,0.0,34,26996,卖盘
675,13:51:09,7.95,0.01,38,30210,买盘
676,13:51:15,7.94,-0.01,10,7940,卖盘
677,13:51:25,7.94,0.0,87,69155,卖盘
678,13:51:30,7.94,0.0,30,23820,卖盘
679,13:51:33,7.94,0.0,28,22232,卖盘
680,13:51:36,7.94,0.0,1,794,买盘
681,13:51:42,7.92,-0.02,18,14276,卖盘
682,13:51:48,7.93,0.01,1,793,买盘
683,13:51:54,7.93,0.0,2,1586,卖盘
684,13:52:06,7.92,-0.01,9,7128,卖盘
685,13:52:27,7.92,0.0,122,96645,卖盘
686,13:52:33,7.92,0.0,56,44352,卖盘
687,13:52:37,7.92,0.0,4,3168,卖盘
688,13:53:12,7.93,0.01,7,5545,买盘
689,13:53:21,7.92,-0.01,8,6336,买盘
690,13:53:27,7.92,0.0,7,5544,卖盘
691,13:53:36,7.92,0.0,5,3960,买盘
692,13:54:07,7.92,0.0,17,13464,卖盘
693,13:54:15,7.93,0.01,20,15860,买盘
694,13:54:21,7.91,-0.02,38,30058,卖盘
695,13:54:30,7.91,0.0,2,1582,卖盘
696,13:54:54,7.91,0.0,17,13447,卖盘
697,13:54:57,7.91,0.0,64,50624,卖盘
698,13:55:06,7.91,0.0,13,10283,买盘
699,13:55:13,7.91,0.0,3,2373,卖盘
700,13:55:18,7.9,-0.01,17,13437,卖盘
701,13:55:48,7.91,0.01,8,6328,买盘
702,13:55:51,7.9,-0.01,7,5530,卖盘
703,13:56:06,7.9,0.0,4,3160,卖盘
704,13:56:09,7.9,0.0,1,790,卖盘
705,13:56:27,7.9,0.0,30,23700,卖盘
706,13:56:30,7.91,0.01,20,15820,买盘
707,13:56:33,7.9,-0.01,1,790,卖盘
708,13:56:37,7.9,0.0,10,7900,卖盘
709,13:56:42,7.9,0.0,2,1580,卖盘
710,13:56:49,7.9,0.0,38,30023,卖盘
711,13:57:09,7.9,0.0,56,44240,买盘
712,13:57:18,7.9,0.0,6,4740,买盘
713,13:57:21,7.89,-0.01,1,789,卖盘
714,13:58:01,7.9,0.01,2,1580,买盘
715,13:58:04,7.9,0.0,26,20540,买盘
716,13:58:07,7.9,0.0,2,1580,卖盘
717,13:58:39,7.89,-0.01,1,789,卖盘
718,13:58:42,7.89,0.0,8,6312,卖盘
719,13:58:51,7.9,0.01,7,5530,买盘
720,13:58:54,7.9,0.0,1,790,卖盘
721,13:59:00,7.89,-0.01,11,8681,卖盘
722,13:59:21,7.89,0.0,5,3945,卖盘
723,13:59:27,7.9,0.01,10,7900,买盘
724,13:59:42,7.89,-0.01,81,63987,卖盘
725,14:00:15,7.9,0.01,1,790,买盘
726,14:00:18,7.89,-0.01,39,30792,卖盘
727,14:00:30,7.89,0.0,2,1578,买盘
728,14:00:33,7.89,0.0,9,7101,卖盘
729,14:00:57,7.89,0.0,19,14991,卖盘
730,14:01:04,7.89,0.0,10,7890,卖盘
731,14:01:06,7.89,0.0,7,5523,卖盘
732,14:01:21,7.91,0.02,1,791,买盘
733,14:01:33,7.91,0.0,9,7119,买盘
734,14:02:00,7.91,0.0,50,39514,买盘
735,14:02:13,7.91,0.0,5,3955,买盘
736,14:02:16,7.91,0.0,19,15029,买盘
737,14:02:19,7.89,-0.02,57,45037,卖盘
738,14:02:21,7.89,0.0,43,33927,买盘
739,14:02:51,7.88,-0.01,20,15760,卖盘
740,14:03:00,7.88,0.0,100,78800,卖盘
741,14:03:18,7.87,-0.01,10,7871,卖盘
742,14:04:10,7.88,0.01,15,11820,卖盘
743,14:04:24,7.87,-0.01,22,17331,卖盘
744,14:04:27,7.9,0.03,33,26070,买盘
745,14:05:04,7.88,-0.02,23,18124,卖盘
746,14:05:15,7.88,0.0,1,788,卖盘
747,14:05:37,7.88,0.0,5,3940,卖盘
748,14:06:01,7.89,0.01,1,789,买盘
749,14:06:19,7.89,0.0,3,2367,买盘
750,14:06:37,7.89,0.0,13,10257,买盘
751,14:06:40,7.88,-0.01,1,788,卖盘
752,14:06:43,7.89,0.01,2,1578,买盘
753,14:06:49,7.9,0.01,74,58444,买盘
754,14:06:51,7.9,0.0,77,60830,卖盘
755,14:07:00,7.91,0.01,23,18193,买盘
756,14:07:25,7.91,0.0,124,98084,买盘
757,14:07:34,7.91,0.0,4,3164,买盘
758,14:07:37,7.91,0.0,31,24521,买盘
759,14:07:40,7.91,0.0,5,3955,卖盘
760,14:07:43,7.91,0.0,40,31640,卖盘
761,14:08:18,7.91,0.0,8,6328,买盘
762,14:08:22,7.91,0.0,1,791,中性盘
763,14:08:51,7.91,0.0,5,3955,卖盘
764,14:09:04,7.91,0.0,20,15820,卖盘
765,14:09:12,7.91,0.0,4,3164,卖盘
766,14:09:18,7.92,0.01,10,7911,买盘
767,14:09:31,7.92,0.0,14,11088,买盘
768,14:09:39,7.91,-0.01,3,2373,买盘
769,14:09:45,7.9,-0.01,1,790,卖盘
770,14:09:48,7.92,0.02,12,9502,买盘
771,14:09:51,7.9,-0.02,11,8690,卖盘
772,14:11:15,7.9,0.0,1,790,卖盘
773,14:11:19,7.9,0.0,2,1580,卖盘
774,14:11:21,7.91,0.01,5,3955,买盘
775,14:11:25,7.91,0.0,2,1582,买盘
776,14:11:34,7.9,-0.01,1,790,卖盘
777,14:11:39,7.9,0.0,15,11850,卖盘
778,14:12:19,7.9,0.0,20,15800,卖盘
779,14:12:42,7.91,0.01,5,3955,买盘
780,14:12:46,7.91,0.0,3,2373,买盘
781,14:12:51,7.91,0.0,1,791,买盘
782,14:12:54,7.91,0.0,1,791,买盘
783,14:12:57,7.91,0.0,1,791,买盘
784,14:13:00,7.91,0.0,26,20566,买盘
785,14:13:04,7.9,-0.01,1,790,卖盘
786,14:13:10,7.91,0.01,1,791,买盘
787,14:13:13,7.9,-0.01,5,3951,卖盘
788,14:13:16,7.91,0.01,1,791,买盘
789,14:13:51,7.9,-0.01,2,1580,卖盘
790,14:14:00,7.91,0.01,1,791,买盘
791,14:14:04,7.9,-0.01,97,76630,卖盘
792,14:14:27,7.9,0.0,15,11850,买盘
793,14:14:45,7.9,0.0,57,45030,卖盘
794,14:15:04,7.9,0.0,1,790,买盘
795,14:15:30,7.89,-0.01,532,421335,卖盘
796,14:16:06,7.9,0.01,22,17380,卖盘
797,14:16:15,7.92,0.02,1,792,买盘
798,14:16:27,7.92,0.0,14,11088,买盘
799,14:16:49,7.93,0.01,1,793,买盘
800,14:16:52,7.92,-0.01,1,792,卖盘
801,14:17:00,7.9,-0.02,23,18190,卖盘
802,14:17:06,7.9,0.0,2,1580,卖盘
803,14:17:25,7.92,0.02,6,4752,买盘
804,14:17:40,7.92,0.0,37,29304,卖盘
805,14:17:45,7.9,-0.02,112,88480,卖盘
806,14:17:48,7.89,-0.01,29,22881,卖盘
807,14:17:58,7.9,0.01,10,7900,买盘
808,14:18:10,7.9,0.0,1,790,买盘
809,14:18:13,7.9,0.0,1,790,买盘
810,14:18:16,7.9,0.0,1,790,买盘
811,14:18:19,7.9,0.0,1,790,买盘
812,14:18:22,7.9,0.0,1,790,买盘
813,14:18:25,7.9,0.0,1,790,买盘
814,14:18:28,7.9,0.0,1,790,买盘
815,14:18:30,7.9,0.0,1,790,买盘
816,14:18:48,7.9,0.0,20,15800,卖盘
817,14:19:42,7.9,0.0,30,23700,卖盘
818,14:19:57,7.9,0.0,2,1580,卖盘
819,14:20:00,7.9,0.0,1,790,买盘
820,14:20:04,7.9,0.0,1,790,买盘
821,14:20:09,7.9,0.0,1,790,买盘
822,14:20:12,7.9,0.0,23,18170,买盘
823,14:20:48,7.92,0.02,7,5544,买盘
824,14:20:54,7.92,0.0,10,7920,买盘
825,14:21:00,7.91,-0.01,1,791,卖盘
826,14:21:04,7.94,0.03,432,342721,买盘
827,14:21:24,7.94,0.0,10,7940,卖盘
828,14:21:34,7.92,-0.02,1,792,卖盘
829,14:21:36,7.94,0.02,9,7146,买盘
830,14:21:39,7.94,0.0,6,4764,卖盘
831,14:21:46,7.94,0.0,10,7940,卖盘
832,14:21:54,7.92,-0.02,8,6336,卖盘
833,14:21:57,7.94,0.02,7,5558,买盘
834,14:22:01,7.93,-0.01,2,1586,中性盘
835,14:22:25,7.94,0.01,60,47640,买盘
836,14:22:28,7.93,-0.01,3,2379,卖盘
837,14:22:33,7.93,0.0,41,32551,卖盘
838,14:22:57,7.94,0.01,257,204058,买盘
839,14:23:04,7.94,0.0,12,9528,卖盘
840,14:23:07,7.94,0.0,50,39700,卖盘
841,14:23:09,7.94,0.0,12,9528,卖盘
842,14:23:40,7.94,0.0,60,47640,买盘
843,14:24:06,7.93,-0.01,1,793,卖盘
844,14:25:28,7.93,0.0,23,18259,卖盘
845,14:25:30,7.93,0.0,15,11895,卖盘
846,14:25:36,7.94,0.01,2,1588,买盘
847,14:25:39,7.94,0.0,5,3970,买盘
848,14:25:45,7.94,0.0,85,67490,买盘
849,14:25:51,7.94,0.0,16,12704,卖盘
850,14:25:58,7.94,0.0,4,3176,卖盘
851,14:26:04,7.95,0.01,30,23850,买盘
852,14:26:09,7.95,0.0,20,15900,买盘
853,14:26:12,7.95,0.0,94,74730,买盘
854,14:26:16,7.95,0.0,3,2385,买盘
855,14:26:27,7.95,0.0,43,34185,买盘
856,14:26:33,7.94,-0.01,1,794,卖盘
857,14:27:00,7.94,0.0,10,7940,卖盘
858,14:27:18,7.94,0.0,1,794,卖盘
859,14:27:21,7.95,0.01,20,15900,买盘
860,14:27:33,7.95,0.0,15,11925,买盘
861,14:27:39,7.95,0.0,8,6359,买盘
862,14:27:42,7.95,0.0,40,31790,买盘
863,14:27:46,7.94,-0.01,110,87340,卖盘
864,14:27:51,7.94,0.0,15,11910,卖盘
865,14:27:58,7.95,0.01,102,81083,买盘
866,14:28:01,7.94,-0.01,30,23820,卖盘
867,14:28:04,7.94,0.0,1,794,卖盘
868,14:28:06,7.94,0.0,13,10322,卖盘
869,14:28:09,7.95,0.01,17,13501,买盘
870,14:28:16,7.95,0.0,10,7950,买盘
871,14:28:21,7.94,-0.01,20,15880,卖盘
872,14:28:34,7.95,0.01,50,39750,买盘
873,14:28:39,7.94,-0.01,1,794,卖盘
874,14:28:49,7.95,0.01,7,5565,买盘
875,14:29:07,7.95,0.0,19,15105,买盘
876,14:29:15,7.95,0.0,90,71550,买盘
877,14:29:19,7.95,0.0,3,2385,买盘
878,14:29:37,7.94,-0.01,1,794,卖盘
879,14:29:39,7.94,0.0,4,3179,卖盘
880,14:29:42,7.94,0.0,23,18262,卖盘
881,14:30:00,7.94,0.0,52,41288,卖盘
882,14:30:21,7.93,-0.01,6,4759,卖盘
883,14:30:24,7.93,0.0,1,793,卖盘
884,14:31:00,7.94,0.01,93,73842,买盘
885,14:31:04,7.94,0.0,16,12704,卖盘
886,14:31:10,7.94,0.0,35,27790,卖盘
887,14:31:12,7.93,-0.01,2,1586,卖盘
888,14:31:55,7.94,0.01,11,8734,买盘
889,14:32:00,7.94,0.0,12,9528,卖盘
890,14:32:04,7.93,-0.01,2,1586,卖盘
891,14:32:16,7.94,0.01,10,7940,买盘
892,14:32:21,7.93,-0.01,47,37271,卖盘
893,14:32:25,7.92,-0.01,2,1584,卖盘
894,14:32:43,7.92,0.0,130,102986,卖盘
895,14:32:57,7.92,0.0,56,44352,卖盘
896,14:33:00,7.92,0.0,30,23760,卖盘
897,14:33:06,7.92,0.0,10,7920,卖盘
898,14:33:40,7.93,0.01,1,793,买盘
899,14:34:07,7.93,0.0,21,16653,买盘
900,14:34:21,7.92,-0.01,3,2376,卖盘
901,14:34:37,7.92,0.0,22,17424,卖盘
902,14:34:52,7.92,0.0,6,4752,卖盘
903,14:34:55,7.92,0.0,10,7920,卖盘
904,14:35:15,7.92,0.0,20,15840,卖盘
905,14:35:18,7.93,0.01,1,793,买盘
906,14:35:25,7.92,-0.01,31,24552,卖盘
907,14:35:31,7.92,0.0,30,23760,卖盘
908,14:35:51,7.92,0.0,100,79200,卖盘
909,14:35:57,7.92,0.0,30,23760,卖盘
910,14:36:00,7.92,0.0,4,3168,卖盘
911,14:36:21,7.92,0.0,15,11880,买盘
912,14:36:34,7.92,0.0,5,3960,买盘
913,14:36:52,7.92,0.0,5,3960,中性盘
914,14:37:49,7.91,-0.01,1,791,卖盘
915,14:38:01,7.91,0.0,55,43505,卖盘
916,14:38:34,7.91,0.0,1,791,卖盘
917,14:38:43,7.92,0.01,26,20592,买盘
918,14:39:04,7.93,0.01,1,793,买盘
919,14:39:06,7.93,0.0,15,11895,买盘
920,14:39:21,7.93,0.0,40,31720,买盘
921,14:39:49,7.92,-0.01,1,792,买盘
922,14:40:12,7.92,0.0,60,47520,买盘
923,14:40:22,7.92,0.0,4,3168,买盘
924,14:40:28,7.92,0.0,1,792,卖盘
925,14:40:31,7.92,0.0,10,7920,卖盘
926,14:40:45,7.92,0.0,46,36432,买盘
927,14:40:55,7.92,0.0,2,1584,卖盘
928,14:41:01,7.91,-0.01,7,5537,卖盘
929,14:41:04,7.92,0.01,3,2376,买盘
930,14:41:10,7.91,-0.01,10,7917,卖盘
931,14:41:28,7.91,0.0,17,13447,卖盘
932,14:41:37,7.91,0.0,25,19775,卖盘
933,14:41:58,7.91,0.0,3,2373,卖盘
934,14:42:22,7.9,-0.01,10,7900,卖盘
935,14:42:25,7.9,0.0,1,790,卖盘
936,14:42:43,7.9,0.0,8,6320,卖盘
937,14:42:46,7.9,0.0,10,7900,卖盘
938,14:42:49,7.9,0.0,25,19750,卖盘
939,14:43:01,7.9,0.0,60,47400,卖盘
940,14:43:04,7.9,0.0,21,16590,卖盘
941,14:43:06,7.89,-0.01,6,4734,卖盘
942,14:43:37,7.9,0.01,1,790,买盘
943,14:43:40,7.89,-0.01,10,7890,卖盘
944,14:43:49,7.88,-0.01,79,62306,卖盘
945,14:43:58,7.88,0.0,5,3940,卖盘
946,14:44:07,7.89,0.01,67,52863,中性盘
947,14:44:16,7.89,0.0,34,26826,卖盘
948,14:44:28,7.89,0.0,69,54441,买盘
949,14:44:34,7.89,0.0,80,63120,买盘
950,14:44:45,7.89,0.0,9,7101,买盘
951,14:44:52,7.89,0.0,22,17357,买盘
952,14:45:34,7.89,0.0,10,7890,卖盘
953,14:45:37,7.89,0.0,100,78900,卖盘
954,14:45:49,7.89,0.0,50,39450,卖盘
955,14:45:54,7.9,0.01,82,64780,买盘
956,14:45:57,7.9,0.0,16,12640,卖盘
957,14:46:01,7.9,0.0,22,17380,卖盘
958,14:46:04,7.91,0.01,10,7910,买盘
959,14:46:10,7.89,-0.02,30,23670,卖盘
960,14:46:16,7.9,0.01,33,26070,卖盘
961,14:46:18,7.9,0.0,2,1580,卖盘
962,14:46:43,7.91,0.01,100,79100,买盘
963,14:47:00,7.91,0.0,68,53788,买盘
964,14:47:04,7.9,-0.01,90,71100,卖盘
965,14:47:13,7.9,0.0,10,7900,卖盘
966,14:47:16,7.9,0.0,32,25280,卖盘
967,14:47:19,7.9,0.0,18,14220,买盘
968,14:47:40,7.9,0.0,50,39500,中性盘
969,14:48:19,7.9,0.0,55,43450,买盘
970,14:48:22,7.9,0.0,40,31600,卖盘
971,14:48:27,7.89,-0.01,59,46552,卖盘
972,14:48:42,7.89,0.0,130,102570,卖盘
973,14:49:16,7.88,-0.01,117,92226,卖盘
974,14:49:22,7.89,0.01,10,7890,买盘
975,14:49:25,7.88,-0.01,1,788,卖盘
976,14:49:27,7.88,0.0,10,7880,卖盘
977,14:49:31,7.88,0.0,6,4728,卖盘
978,14:49:34,7.89,0.01,10,7890,买盘
979,14:49:39,7.88,-0.01,10,7880,卖盘
980,14:49:43,7.89,0.01,82,64698,买盘
981,14:50:16,7.89,0.0,3,2367,买盘
982,14:50:30,7.89,0.0,36,28404,卖盘
983,14:50:42,7.89,0.0,30,23670,买盘
984,14:50:51,7.89,0.0,63,49698,买盘
985,14:50:54,7.88,-0.01,1,788,卖盘
986,14:51:10,7.9,0.02,1,790,买盘
987,14:51:16,7.9,0.0,7,5530,买盘
988,14:51:19,7.88,-0.02,36,28368,卖盘
989,14:51:31,7.9,0.02,3,2370,买盘
990,14:51:33,7.89,-0.01,1,789,买盘
991,14:51:37,7.89,0.0,99,78111,买盘
992,14:51:58,7.89,0.0,3,2367,卖盘
993,14:52:00,7.89,0.0,7,5523,卖盘
994,14:52:09,7.9,0.01,11,8688,买盘
995,14:52:19,7.89,-0.01,1,789,卖盘
996,14:52:22,7.89,0.0,49,38661,卖盘
997,14:52:39,7.89,0.0,50,39450,买盘
998,14:52:43,7.88,-0.01,7,5516,卖盘
999,14:53:01,7.89,0.01,2,1578,买盘
1000,14:53:04,7.9,0.01,95,75050,买盘
1001,14:53:06,7.9,0.0,10,7900,买盘
1002,14:53:10,7.88,-0.02,3,2366,卖盘
1003,14:53:43,7.88,0.0,20,15760,卖盘
1004,14:53:52,7.88,0.0,36,28368,卖盘
1005,14:54:04,7.88,0.0,53,41794,卖盘
1006,14:54:16,7.88,0.0,146,115048,卖盘
1007,14:54:18,7.89,0.01,30,23666,买盘
1008,14:54:22,7.88,-0.01,1,788,买盘
1009,14:54:25,7.89,0.01,5,3945,卖盘
1010,14:54:28,7.88,-0.01,10,7880,中性盘
1011,14:54:37,7.88,0.0,35,27585,卖盘
1012,14:54:40,7.88,0.0,14,11032,卖盘
1013,14:55:01,7.88,0.0,25,19700,卖盘
1014,14:55:04,7.87,-0.01,127,99949,卖盘
1015,14:55:07,7.88,0.01,512,402009,买盘
1016,14:55:10,7.88,0.0,29,22852,买盘
1017,14:55:13,7.83,-0.05,42,32995,卖盘
1018,14:55:24,7.88,0.05,4,3152,买盘
1019,14:55:55,7.8,-0.08,202,158158,卖盘
1020,14:56:12,7.87,0.07,25,19675,买盘
1021,14:56:25,7.84,-0.03,3,2352,卖盘
1022,14:56:34,7.84,0.0,1,784,卖盘
1023,14:56:37,7.85,0.01,2,1570,卖盘
1024,14:56:40,7.85,0.0,1,785,卖盘
1025,14:56:46,7.86,0.01,10,7860,买盘
1026,14:56:51,7.86,0.0,5,3930,中性盘
1027,14:57:00,7.87,0.01,130,102310,买盘
1028,15:00:04,7.84,-0.03,666,522144,卖盘
