,time,price,change,volume,amount,type
0,09:25:04,4.25,0.0,36,15300,卖盘
1,09:30:04,4.28,0.03,101,43225,买盘
2,09:30:21,4.26,-0.02,2,852,卖盘
3,09:30:30,4.25,-0.01,300,127615,卖盘
4,09:30:36,4.25,0.0,25,10625,卖盘
5,09:30:57,4.25,0.0,50,21250,卖盘
6,09:31:07,4.25,0.0,6,2550,卖盘
7,09:31:09,4.25,0.0,1,425,卖盘
8,09:31:39,4.25,0.0,10,4250,卖盘
9,09:31:51,4.26,0.01,50,21300,买盘
10,09:31:57,4.26,0.0,15,6390,卖盘
11,09:32:10,4.26,0.0,5,2130,卖盘
12,09:32:12,4.26,0.0,16,6816,卖盘
13,09:32:24,4.26,0.0,2,852,买盘
14,09:32:37,4.26,0.0,36,15320,买盘
15,09:32:45,4.26,0.0,45,19165,买盘
16,09:33:04,4.26,0.0,3,1278,买盘
17,09:33:07,4.25,-0.01,27,11475,卖盘
18,09:33:09,4.26,0.01,105,44730,买盘
19,09:33:13,4.25,-0.01,65,27625,卖盘
20,09:33:16,4.25,0.0,71,30175,卖盘
21,09:33:55,4.25,0.0,21,8925,卖盘
22,09:33:58,4.25,0.0,235,99875,卖盘
23,09:34:06,4.24,-0.01,12,5088,卖盘
24,09:34:09,4.24,0.0,65,27560,卖盘
25,09:34:19,4.24,0.0,285,120934,卖盘
26,09:34:22,4.23,-0.01,70,29610,卖盘
27,09:34:34,4.23,0.0,3,1269,卖盘
28,09:34:37,4.23,0.0,2,846,卖盘
29,09:34:40,4.23,0.0,1,423,卖盘
30,09:34:48,4.24,0.01,1,424,买盘
31,09:34:51,4.24,0.0,1,424,买盘
32,09:34:55,4.24,0.0,8,3392,买盘
33,09:34:57,4.24,0.0,25,10600,买盘
34,09:35:01,4.25,0.01,33,13995,买盘
35,09:35:07,4.24,-0.01,53,22474,卖盘
36,09:35:10,4.25,0.01,2,850,买盘
37,09:35:12,4.25,0.0,1,425,买盘
38,09:35:30,4.24,-0.01,10,4240,卖盘
39,09:35:36,4.24,0.0,5,2120,卖盘
40,09:35:42,4.24,0.0,45,19080,卖盘
41,09:35:52,4.24,0.0,50,21200,卖盘
42,09:35:55,4.24,0.0,41,17384,卖盘
43,09:36:06,4.25,0.01,17,7225,买盘
44,09:36:21,4.25,0.0,6,2550,买盘
45,09:36:36,4.24,-0.01,5,2120,卖盘
46,09:36:46,4.24,0.0,32,13578,卖盘
47,09:36:49,4.24,0.0,30,12720,卖盘
48,09:36:51,4.24,0.0,14,5936,卖盘
49,09:36:54,4.24,0.0,7,2968,卖盘
50,09:36:57,4.24,0.0,7,2968,卖盘
51,09:37:04,4.24,0.0,3,1272,卖盘
52,09:37:06,4.24,0.0,6,2544,卖盘
53,09:37:10,4.24,0.0,22,9328,卖盘
54,09:37:12,4.24,0.0,4,1696,卖盘
55,09:37:15,4.24,0.0,4,1696,卖盘
56,09:37:22,4.25,0.01,23,9775,买盘
57,09:37:25,4.25,0.0,1,425,买盘
58,09:37:27,4.24,-0.01,2,848,卖盘
59,09:37:34,4.24,0.0,17,7208,卖盘
60,09:37:37,4.24,0.0,20,8480,卖盘
61,09:37:49,4.25,0.01,8,3400,买盘
62,09:38:16,4.24,-0.01,4,1696,卖盘
63,09:38:40,4.24,0.0,8,3392,卖盘
64,09:38:46,4.24,0.0,80,33920,卖盘
65,09:39:06,4.24,0.0,5,2120,卖盘
66,09:39:13,4.24,0.0,1,424,卖盘
67,09:39:25,4.24,0.0,100,42400,卖盘
68,09:39:30,4.25,0.01,50,21250,买盘
69,09:39:55,4.25,0.0,11,4675,买盘
70,09:40:04,4.24,-0.01,65,27560,卖盘
71,09:40:06,4.24,0.0,197,83528,卖盘
72,09:40:09,4.24,0.0,1,424,买盘
73,09:40:13,4.24,0.0,5,2120,买盘
74,09:40:30,4.23,-0.01,18,7614,卖盘
75,09:40:42,4.24,0.01,30,12720,买盘
76,09:41:24,4.23,-0.01,10,4230,卖盘
77,09:41:42,4.24,0.01,1,424,买盘
78,09:42:31,4.23,-0.01,144,60912,卖盘
79,09:42:34,4.23,0.0,25,10575,卖盘
80,09:42:37,4.23,0.0,94,39762,卖盘
81,09:42:40,4.23,0.0,24,10152,卖盘
82,09:42:54,4.23,0.0,10,4230,卖盘
83,09:43:06,4.23,0.0,29,12267,卖盘
84,09:43:09,4.23,0.0,15,6345,卖盘
85,09:43:22,4.23,0.0,61,25803,卖盘
86,09:43:28,4.24,0.01,21,8896,买盘
87,09:43:30,4.23,-0.01,2,846,卖盘
88,09:43:33,4.23,0.0,5,2115,卖盘
89,09:43:37,4.22,-0.01,21,8862,卖盘
90,09:43:52,4.22,0.0,30,12660,卖盘
91,09:44:06,4.22,0.0,8,3376,卖盘
92,09:44:13,4.23,0.01,1,423,买盘
93,09:44:16,4.22,-0.01,150,63300,卖盘
94,09:44:19,4.22,0.0,201,84822,卖盘
95,09:44:21,4.22,0.0,3,1266,买盘
96,09:44:28,4.22,0.0,4,1688,卖盘
97,09:44:30,4.22,0.0,6,2532,买盘
98,09:44:45,4.22,0.0,4,1688,卖盘
99,09:44:52,4.22,0.0,1,422,卖盘
100,09:44:58,4.22,0.0,18,7596,卖盘
101,09:45:00,4.22,0.0,32,13504,卖盘
102,09:45:07,4.21,-0.01,5,2105,卖盘
103,09:45:12,4.21,0.0,117,49257,卖盘
104,09:45:19,4.21,0.0,15,6315,卖盘
105,09:45:37,4.21,0.0,10,4210,卖盘
106,09:45:43,4.22,0.01,10,4220,买盘
107,09:45:51,4.22,0.0,10,4220,买盘
108,09:45:58,4.22,0.0,2,844,买盘
109,09:46:13,4.22,0.0,23,9688,买盘
110,09:46:21,4.21,-0.01,8,3368,卖盘
111,09:46:24,4.21,0.0,9,3789,卖盘
112,09:46:27,4.21,0.0,23,9683,卖盘
113,09:46:37,4.22,0.01,9,3798,买盘
114,09:46:39,4.21,-0.01,36,15156,卖盘
115,09:46:45,4.21,0.0,60,25260,卖盘
116,09:46:48,4.22,0.01,79,33338,买盘
117,09:46:52,4.21,-0.01,322,135562,卖盘
118,09:46:54,4.22,0.01,15,6330,买盘
119,09:46:57,4.21,-0.01,210,88410,卖盘
120,09:47:06,4.21,0.0,6,2526,卖盘
121,09:47:09,4.21,0.0,316,133036,卖盘
122,09:47:12,4.2,-0.01,1,420,卖盘
123,09:47:49,4.21,0.01,27,11367,卖盘
124,09:47:54,4.22,0.01,84,35394,买盘
125,09:47:58,4.2,-0.02,200,84046,卖盘
126,09:48:01,4.2,0.0,1,420,卖盘
127,09:48:04,4.21,0.01,4,1684,买盘
128,09:48:06,4.21,0.0,53,22303,买盘
129,09:48:12,4.21,0.0,10,4210,卖盘
130,09:48:22,4.21,0.0,1,421,买盘
131,09:48:27,4.2,-0.01,5,2100,卖盘
132,09:48:40,4.2,0.0,6,2520,卖盘
133,09:48:42,4.2,0.0,60,25200,卖盘
134,09:48:49,4.2,0.0,1,420,卖盘
135,09:48:52,4.2,0.0,5,2100,卖盘
136,09:48:55,4.21,0.01,10,4210,买盘
137,09:48:58,4.2,-0.01,30,12600,卖盘
138,09:49:03,4.2,0.0,27,11340,卖盘
139,09:49:06,4.2,0.0,7,2940,卖盘
140,09:49:13,4.2,0.0,2,840,卖盘
141,09:49:16,4.2,0.0,60,25200,卖盘
142,09:49:18,4.2,0.0,22,9240,卖盘
143,09:49:21,4.2,0.0,100,42000,卖盘
144,09:49:24,4.2,0.0,319,133980,卖盘
145,09:49:27,4.19,-0.01,55,23045,卖盘
146,09:49:31,4.19,0.0,8,3352,卖盘
147,09:49:34,4.19,0.0,2,838,卖盘
148,09:49:37,4.18,-0.01,89,37263,卖盘
149,09:49:54,4.18,0.0,40,16720,卖盘
150,09:49:58,4.18,0.0,85,35530,卖盘
151,09:50:01,4.18,0.0,10,4180,卖盘
152,09:50:04,4.18,0.0,54,22572,卖盘
153,09:50:07,4.18,0.0,5,2090,卖盘
154,09:50:09,4.18,0.0,49,20482,卖盘
155,09:50:22,4.18,0.0,34,14212,卖盘
156,09:50:34,4.19,0.01,5,2095,买盘
157,09:50:37,4.18,-0.01,7,2926,卖盘
158,09:50:45,4.19,0.01,14,5866,买盘
159,09:50:49,4.19,0.0,37,15503,买盘
160,09:50:52,4.19,0.0,16,6704,买盘
161,09:50:55,4.19,0.0,32,13408,买盘
162,09:50:57,4.19,0.0,18,7542,买盘
163,09:51:00,4.19,0.0,45,18855,买盘
164,09:51:04,4.2,0.01,50,20973,买盘
165,09:51:06,4.19,-0.01,37,15503,卖盘
166,09:51:12,4.2,0.01,3,1260,买盘
167,09:51:24,4.2,0.0,20,8400,买盘
168,09:51:27,4.2,0.0,52,21840,买盘
169,09:51:30,4.2,0.0,45,18900,买盘
170,09:51:33,4.2,0.0,43,18060,买盘
171,09:51:57,4.2,0.0,11,4620,卖盘
172,09:52:01,4.2,0.0,47,19740,卖盘
173,09:52:04,4.21,0.01,291,122412,买盘
174,09:52:19,4.2,-0.01,24,10080,买盘
175,09:52:22,4.2,0.0,1,420,买盘
176,09:52:28,4.2,0.0,14,5880,买盘
177,09:52:36,4.2,0.0,45,18900,卖盘
178,09:52:39,4.2,0.0,1,420,买盘
179,09:52:43,4.2,0.0,1,420,买盘
180,09:52:49,4.19,-0.01,1,419,卖盘
181,09:52:54,4.2,0.01,1,420,买盘
182,09:52:58,4.2,0.0,15,6300,卖盘
183,09:53:01,4.2,0.0,1,420,卖盘
184,09:53:31,4.2,0.0,5,2100,卖盘
185,09:53:37,4.2,0.0,1,420,卖盘
186,09:53:45,4.2,0.0,50,21000,卖盘
187,09:54:04,4.2,0.0,27,11340,卖盘
188,09:54:07,4.2,0.0,4,1680,卖盘
189,09:54:30,4.2,0.0,133,55860,卖盘
190,09:54:36,4.2,0.0,26,10896,买盘
191,09:54:51,4.19,-0.01,27,11313,卖盘
192,09:54:58,4.2,0.01,20,8400,买盘
193,09:55:28,4.2,0.0,10,4200,买盘
194,09:55:55,4.19,-0.01,5,2095,卖盘
195,09:55:58,4.2,0.01,15,6300,买盘
196,09:56:09,4.19,-0.01,6,2514,卖盘
197,09:56:12,4.2,0.01,30,12600,买盘
198,09:56:16,4.2,0.0,18,7560,买盘
199,09:56:18,4.19,-0.01,15,6297,卖盘
200,09:56:33,4.2,0.01,20,8400,买盘
201,09:56:40,4.2,0.0,1,420,买盘
202,09:56:43,4.2,0.0,30,12600,买盘
203,09:56:46,4.2,0.0,30,12600,买盘
204,09:56:48,4.2,0.0,10,4200,买盘
205,09:56:51,4.2,0.0,1,420,买盘
206,09:56:54,4.2,0.0,2,840,买盘
207,09:56:57,4.2,0.0,4,1680,买盘
208,09:57:00,4.2,0.0,11,4620,买盘
209,09:57:04,4.2,0.0,51,21420,买盘
210,09:57:07,4.2,0.0,10,4195,买盘
211,09:57:13,4.2,0.0,30,12600,买盘
212,09:57:15,4.2,0.0,2,840,买盘
213,09:57:18,4.2,0.0,7,2940,买盘
214,09:57:22,4.2,0.0,2,840,买盘
215,09:57:24,4.2,0.0,7,2940,买盘
216,09:57:31,4.21,0.01,60,25260,买盘
217,09:57:34,4.2,-0.01,35,14700,卖盘
218,09:57:37,4.2,0.0,20,8400,买盘
219,09:57:45,4.2,0.0,67,28140,买盘
220,09:57:48,4.2,0.0,20,8400,买盘
221,09:57:58,4.2,0.0,120,50400,买盘
222,09:58:00,4.2,0.0,67,28140,买盘
223,09:58:04,4.2,0.0,96,40320,买盘
224,09:58:06,4.2,0.0,50,21000,买盘
225,09:58:10,4.2,0.0,49,20554,买盘
226,09:58:15,4.2,0.0,41,17220,卖盘
227,09:58:22,4.2,0.0,10,4200,买盘
228,09:58:24,4.2,0.0,62,26040,买盘
229,09:58:31,4.2,0.0,337,141540,买盘
230,09:58:34,4.2,0.0,80,33600,买盘
231,09:58:45,4.2,0.0,75,31500,买盘
232,09:58:48,4.2,0.0,1,420,买盘
233,09:58:51,4.2,0.0,13,5460,买盘
234,09:58:54,4.2,0.0,22,9240,买盘
235,09:58:57,4.2,0.0,1,420,买盘
236,09:59:00,4.2,0.0,1,420,买盘
237,09:59:09,4.2,0.0,80,33600,买盘
238,09:59:19,4.2,0.0,30,12600,买盘
239,09:59:21,4.19,-0.01,1,419,卖盘
240,09:59:24,4.2,0.01,91,38220,买盘
241,09:59:42,4.2,0.0,8,3360,卖盘
242,09:59:52,4.21,0.01,5,2105,买盘
243,09:59:58,4.2,-0.01,138,57960,卖盘
244,10:00:24,4.21,0.01,230,96830,买盘
245,10:00:42,4.2,-0.01,8,3360,卖盘
246,10:00:46,4.21,0.01,16,6736,买盘
247,10:00:52,4.21,0.0,21,8841,买盘
248,10:01:33,4.21,0.0,1,421,卖盘
249,10:03:04,4.21,0.0,59,24839,卖盘
250,10:03:36,4.21,0.0,5,2105,买盘
251,10:04:10,4.2,-0.01,72,30240,卖盘
252,10:04:19,4.21,0.01,12,5052,买盘
253,10:04:24,4.21,0.0,10,4210,买盘
254,10:04:30,4.2,-0.01,5,2100,卖盘
255,10:04:34,4.21,0.01,1,421,买盘
256,10:04:37,4.21,0.0,9,3789,买盘
257,10:04:40,4.21,0.0,1,421,买盘
258,10:04:43,4.21,0.0,22,9262,买盘
259,10:05:09,4.22,0.01,57,24054,买盘
260,10:05:18,4.22,0.0,25,10550,买盘
261,10:05:22,4.22,0.0,39,16429,买盘
262,10:05:27,4.22,0.0,69,29069,买盘
263,10:05:46,4.24,0.02,50,21155,买盘
264,10:05:57,4.22,-0.02,5,2110,卖盘
265,10:06:06,4.22,0.0,5,2110,买盘
266,10:07:15,4.22,0.0,143,60346,卖盘
267,10:07:36,4.22,0.0,64,27008,买盘
268,10:07:39,4.22,0.0,15,6330,买盘
269,10:07:42,4.22,0.0,1,422,买盘
270,10:07:45,4.22,0.0,1,422,买盘
271,10:07:51,4.22,0.0,1,422,买盘
272,10:08:01,4.22,0.0,5,2110,买盘
273,10:08:18,4.22,0.0,10,4220,买盘
274,10:08:27,4.22,0.0,2,844,买盘
275,10:08:51,4.22,0.0,23,9706,买盘
276,10:08:54,4.22,0.0,14,5908,卖盘
277,10:09:04,4.22,0.0,38,16036,卖盘
278,10:09:06,4.23,0.01,11,4653,买盘
279,10:09:48,4.22,-0.01,110,46420,卖盘
280,10:09:51,4.22,0.0,5,2110,买盘
281,10:10:04,4.22,0.0,13,5486,买盘
282,10:10:27,4.22,0.0,5,2110,买盘
283,10:10:36,4.22,0.0,40,16880,买盘
284,10:11:39,4.21,-0.01,300,126300,卖盘
285,10:12:03,4.22,0.01,180,75960,买盘
286,10:12:36,4.21,-0.01,18,7578,卖盘
287,10:13:04,4.21,0.0,130,54730,卖盘
288,10:13:36,4.21,0.0,25,10525,卖盘
289,10:13:57,4.21,0.0,21,8841,卖盘
290,10:14:06,4.21,0.0,20,8420,卖盘
291,10:14:48,4.21,0.0,85,35789,卖盘
292,10:14:51,4.21,0.0,11,4631,卖盘
293,10:14:54,4.21,0.0,1,417,买盘
294,10:14:57,4.21,0.0,2,846,买盘
295,10:16:36,4.21,0.0,1,421,卖盘
296,10:16:39,4.21,0.0,42,17682,卖盘
297,10:16:52,4.21,0.0,26,10946,卖盘
298,10:17:15,4.22,0.01,5,2110,买盘
299,10:17:27,4.22,0.0,179,75538,买盘
300,10:18:51,4.22,0.0,22,9284,卖盘
301,10:18:54,4.22,0.0,6,2532,卖盘
302,10:19:24,4.22,0.0,23,9706,卖盘
303,10:19:27,4.22,0.0,7,2954,卖盘
304,10:20:51,4.21,-0.01,6,2526,卖盘
305,10:21:54,4.21,0.0,4,1684,卖盘
306,10:22:39,4.21,0.0,1,421,卖盘
307,10:22:42,4.21,0.0,2,842,卖盘
308,10:23:16,4.21,0.0,25,10525,卖盘
309,10:23:36,4.22,0.01,82,34604,买盘
310,10:23:39,4.22,0.0,7,2954,买盘
311,10:24:07,4.22,0.0,2,844,买盘
312,10:24:09,4.22,0.0,32,13504,买盘
313,10:24:12,4.21,-0.01,145,61053,卖盘
314,10:24:15,4.22,0.01,10,4220,买盘
315,10:24:25,4.22,0.0,268,113096,买盘
316,10:24:28,4.22,0.0,22,9284,买盘
317,10:24:57,4.22,0.0,7,2954,卖盘
318,10:25:24,4.23,0.01,2,846,买盘
319,10:25:27,4.22,-0.01,100,42200,卖盘
320,10:25:31,4.23,0.01,2,846,买盘
321,10:25:54,4.23,0.0,220,93060,买盘
322,10:26:42,4.23,0.0,339,143397,卖盘
323,10:26:58,4.23,0.0,160,67680,买盘
324,10:27:01,4.23,0.0,1,423,买盘
325,10:27:04,4.23,0.0,2,846,买盘
326,10:27:16,4.23,0.0,10,4230,买盘
327,10:27:45,4.24,0.01,13,5512,买盘
328,10:27:58,4.23,-0.01,46,19458,卖盘
329,10:28:06,4.23,0.0,5,2115,卖盘
330,10:28:09,4.23,0.0,41,17348,卖盘
331,10:28:21,4.24,0.01,20,8480,买盘
332,10:28:36,4.24,0.0,89,37736,买盘
333,10:28:57,4.24,0.0,78,33072,买盘
334,10:29:09,4.24,0.0,43,18232,买盘
335,10:29:51,4.24,0.0,16,6784,买盘
336,10:30:45,4.25,0.01,196,83300,买盘
337,10:31:28,4.25,0.0,24,10200,买盘
338,10:31:31,4.25,0.0,5,2125,买盘
339,10:32:04,4.25,0.0,130,55111,买盘
340,10:32:31,4.24,-0.01,80,33920,买盘
341,10:33:24,4.24,0.0,96,40704,买盘
342,10:34:04,4.23,-0.01,5,2115,卖盘
343,10:34:21,4.23,0.0,50,21150,卖盘
344,10:35:04,4.23,0.0,10,4230,卖盘
345,10:35:18,4.23,0.0,34,14382,卖盘
346,10:35:24,4.23,0.0,4,1692,卖盘
347,10:35:33,4.23,0.0,37,15651,卖盘
348,10:35:36,4.24,0.01,27,11448,买盘
349,10:35:57,4.23,-0.01,77,32571,卖盘
350,10:36:01,4.23,0.0,3,1269,卖盘
351,10:36:33,4.23,0.0,34,14382,买盘
352,10:37:10,4.23,0.0,36,15228,买盘
353,10:37:33,4.24,0.01,137,58088,买盘
354,10:37:57,4.23,-0.01,101,42723,卖盘
355,10:38:30,4.23,0.0,22,9306,买盘
356,10:38:33,4.23,0.0,21,8883,买盘
357,10:38:36,4.23,0.0,2,846,买盘
358,10:38:39,4.23,0.0,1,423,买盘
359,10:38:42,4.23,0.0,1,423,买盘
360,10:38:45,4.23,0.0,1,423,买盘
361,10:38:48,4.23,0.0,3,1269,买盘
362,10:38:51,4.23,0.0,1,423,买盘
363,10:39:00,4.23,0.0,30,12690,买盘
364,10:39:04,4.23,0.0,1,423,买盘
365,10:39:06,4.23,0.0,1,423,买盘
366,10:39:13,4.22,-0.01,1,422,卖盘
367,10:39:42,4.23,0.01,1,423,买盘
368,10:40:18,4.22,-0.01,18,7596,卖盘
369,10:40:48,4.23,0.01,36,15228,买盘
370,10:41:45,4.23,0.0,10,4230,卖盘
371,10:41:48,4.23,0.0,1,423,卖盘
372,10:42:00,4.23,0.0,2,846,买盘
373,10:42:04,4.23,0.0,3,1269,卖盘
374,10:42:30,4.23,0.0,2,846,买盘
375,10:42:54,4.23,0.0,24,10152,买盘
376,10:43:39,4.23,0.0,67,28341,卖盘
377,10:44:06,4.22,-0.01,10,4220,卖盘
378,10:44:57,4.22,0.0,56,23632,卖盘
379,10:45:00,4.22,0.0,45,18990,卖盘
380,10:45:57,4.22,0.0,2,844,卖盘
381,10:46:37,4.23,0.01,19,8037,买盘
382,10:47:18,4.22,-0.01,2,844,卖盘
383,10:48:36,4.22,0.0,20,8440,卖盘
384,10:48:45,4.22,0.0,3,1266,卖盘
385,10:51:24,4.22,0.0,1,422,卖盘
386,10:51:36,4.22,0.0,26,10972,卖盘
387,10:52:04,4.22,0.0,17,7174,卖盘
388,10:53:04,4.23,0.01,15,6345,买盘
389,10:53:51,4.23,0.0,20,8460,买盘
390,10:54:04,4.22,-0.01,52,21944,卖盘
391,10:54:18,4.22,0.0,8,3376,卖盘
392,10:55:27,4.22,0.0,13,5486,卖盘
393,10:55:31,4.22,0.0,1,422,卖盘
394,10:55:33,4.22,0.0,17,7174,卖盘
395,10:55:52,4.23,0.01,1,423,买盘
396,10:56:04,4.22,-0.01,23,9706,卖盘
397,10:57:24,4.22,0.0,1,422,卖盘
398,10:58:03,4.22,0.0,23,9706,卖盘
399,10:58:18,4.22,0.0,30,12660,卖盘
400,10:58:57,4.22,0.0,155,65410,卖盘
401,10:59:00,4.22,0.0,288,121536,卖盘
402,10:59:03,4.22,0.0,31,13082,卖盘
403,10:59:09,4.22,0.0,3,1266,卖盘
404,10:59:24,4.23,0.01,1,423,买盘
405,11:00:00,4.22,-0.01,2,844,卖盘
406,11:00:04,4.21,-0.01,26,10957,卖盘
407,11:00:06,4.21,0.0,20,8420,卖盘
408,11:00:10,4.21,0.0,17,7157,卖盘
409,11:00:18,4.21,0.0,6,2527,卖盘
410,11:00:21,4.22,0.01,2,844,买盘
411,11:00:36,4.23,0.01,50,21150,买盘
412,11:02:04,4.22,-0.01,24,10128,卖盘
413,11:02:24,4.23,0.01,157,66411,买盘
414,11:02:46,4.23,0.0,48,20304,卖盘
415,11:02:48,4.23,0.0,1,423,买盘
416,11:04:01,4.22,-0.01,64,27008,卖盘
417,11:05:30,4.22,0.0,5,2110,卖盘
418,11:05:33,4.23,0.01,7,2961,买盘
419,11:05:48,4.22,-0.01,5,2110,卖盘
420,11:07:48,4.22,0.0,5,2110,卖盘
421,11:07:54,4.22,0.0,16,6752,卖盘
422,11:08:09,4.22,0.0,54,22788,卖盘
423,11:08:12,4.21,-0.01,52,21934,卖盘
424,11:09:45,4.21,0.0,138,58098,卖盘
425,11:09:48,4.22,0.01,14,5908,买盘
426,11:11:06,4.22,0.0,60,25320,买盘
427,11:11:21,4.21,-0.01,15,6315,卖盘
428,11:11:24,4.22,0.01,1,422,买盘
429,11:11:39,4.21,-0.01,70,29480,卖盘
430,11:12:00,4.21,0.0,46,19366,卖盘
431,11:13:15,4.21,0.0,2,842,卖盘
432,11:14:15,4.21,0.0,10,4210,卖盘
433,11:14:39,4.22,0.01,10,4220,买盘
434,11:16:04,4.21,-0.01,2,842,卖盘
435,11:18:03,4.21,0.0,29,12209,卖盘
436,11:18:42,4.22,0.01,28,11816,买盘
437,11:18:57,4.22,0.0,10,4220,买盘
438,11:19:00,4.22,0.0,21,8862,买盘
439,11:20:00,4.21,-0.01,96,40416,卖盘
440,11:20:04,4.21,0.0,65,27361,卖盘
441,11:20:09,4.2,-0.01,22,9240,卖盘
442,11:20:18,4.2,0.0,9,3780,卖盘
443,11:20:25,4.21,0.01,5,2105,买盘
444,11:21:06,4.2,-0.01,9,3780,卖盘
445,11:21:57,4.2,0.0,802,336840,卖盘
446,11:22:00,4.2,0.0,96,40320,卖盘
447,11:22:04,4.2,0.0,17,7140,卖盘
448,11:22:15,4.2,0.0,56,23520,卖盘
449,11:22:21,4.2,0.0,93,39060,卖盘
450,11:22:27,4.19,-0.01,11,4609,卖盘
451,11:22:33,4.2,0.01,15,6300,买盘
452,11:22:39,4.2,0.0,5,2100,买盘
453,11:22:45,4.2,0.0,50,21000,买盘
454,11:22:48,4.19,-0.01,106,44414,卖盘
455,11:23:06,4.2,0.01,7,2940,买盘
456,11:23:10,4.19,-0.01,90,37710,卖盘
457,11:24:04,4.19,0.0,27,11313,卖盘
458,11:24:33,4.19,0.0,26,10894,卖盘
459,11:24:48,4.19,0.0,216,90504,卖盘
460,11:25:03,4.19,0.0,7,2933,卖盘
461,11:25:18,4.19,0.0,20,8380,卖盘
462,11:25:21,4.19,0.0,13,5447,卖盘
463,11:25:33,4.19,0.0,17,7123,卖盘
464,11:26:03,4.19,0.0,7,2933,卖盘
465,11:26:12,4.2,0.01,1,420,买盘
466,11:26:18,4.19,-0.01,11,4609,卖盘
467,11:26:33,4.19,0.0,7,2933,卖盘
468,11:26:49,4.19,0.0,88,36872,卖盘
469,11:26:52,4.19,0.0,53,22207,卖盘
470,11:27:04,4.19,0.0,7,2933,卖盘
471,11:27:06,4.19,0.0,41,17179,卖盘
472,11:27:15,4.19,0.0,9,3771,卖盘
473,11:27:18,4.2,0.01,100,42000,买盘
474,11:27:39,4.19,-0.01,20,8380,卖盘
475,11:27:45,4.2,0.01,21,8806,买盘
476,11:28:12,4.19,-0.01,10,4190,卖盘
477,11:28:46,4.2,0.01,122,51240,买盘
478,11:29:09,4.19,-0.01,6,2514,卖盘
479,11:29:12,4.2,0.01,61,25620,买盘
480,11:29:18,4.19,-0.01,5,2095,卖盘
481,13:00:01,4.21,0.02,10,4210,买盘
482,13:00:04,4.2,-0.01,29,12198,卖盘
483,13:01:18,4.21,0.01,69,29049,买盘
484,13:02:00,4.21,0.0,2,842,买盘
485,13:02:03,4.2,-0.01,10,4200,卖盘
486,13:02:06,4.2,0.0,1,420,卖盘
487,13:02:12,4.2,0.0,41,17220,卖盘
488,13:02:18,4.2,0.0,4,1680,卖盘
489,13:02:45,4.2,0.0,4,1680,卖盘
490,13:03:36,4.2,0.0,2,840,卖盘
491,13:03:48,4.2,0.0,18,7560,卖盘
492,13:04:33,4.2,0.0,4,1680,卖盘
493,13:05:04,4.2,0.0,3,1260,卖盘
494,13:05:27,4.21,0.01,10,4210,买盘
495,13:05:36,4.2,-0.01,3,1260,卖盘
496,13:05:42,4.21,0.01,1,421,买盘
497,13:06:06,4.2,-0.01,106,44526,卖盘
498,13:06:09,4.2,0.0,3,1260,卖盘
499,13:06:30,4.2,0.0,3,1260,卖盘
500,13:07:10,4.2,0.0,1,420,卖盘
501,13:07:15,4.21,0.01,11,4631,买盘
502,13:07:39,4.2,-0.01,4,1680,卖盘
503,13:07:51,4.21,0.01,24,10104,买盘
504,13:08:12,4.21,0.0,1,421,买盘
505,13:08:15,4.21,0.0,5,2105,卖盘
506,13:08:33,4.21,0.0,8,3368,买盘
507,13:09:09,4.21,0.0,33,13893,买盘
508,13:09:27,4.21,0.0,22,9262,买盘
509,13:09:30,4.21,0.0,2,842,卖盘
510,13:10:00,4.21,0.0,4,1684,买盘
511,13:10:51,4.22,0.01,95,40090,买盘
512,13:11:15,4.22,0.0,50,21100,买盘
513,13:11:27,4.22,0.0,204,86088,买盘
514,13:11:36,4.22,0.0,51,21522,买盘
515,13:13:06,4.23,0.01,8,3384,买盘
516,13:17:01,4.22,-0.01,3,1266,卖盘
517,13:17:18,4.22,0.0,2,844,卖盘
518,13:17:27,4.23,0.01,5,2115,买盘
519,13:18:18,4.22,-0.01,3,1266,卖盘
520,13:18:36,4.22,0.0,4,1688,卖盘
521,13:19:00,4.23,0.01,30,12690,买盘
522,13:19:04,4.23,0.0,30,12690,买盘
523,13:19:09,4.23,0.0,198,83754,买盘
524,13:19:33,4.22,-0.01,10,4220,卖盘
525,13:20:21,4.22,0.0,56,23632,卖盘
526,13:21:27,4.22,0.0,13,5486,卖盘
527,13:21:33,4.22,0.0,20,8440,卖盘
528,13:22:52,4.23,0.01,10,4230,买盘
529,13:23:21,4.23,0.0,25,10575,买盘
530,13:23:36,4.22,-0.01,10,4220,卖盘
531,13:23:45,4.22,0.0,28,11816,买盘
532,13:23:57,4.21,-0.01,1,421,卖盘
533,13:24:00,4.22,0.01,31,13082,买盘
534,13:24:04,4.22,0.0,14,5908,买盘
535,13:24:09,4.22,0.0,23,9706,买盘
536,13:24:12,4.22,0.0,2,844,买盘
537,13:24:33,4.23,0.01,50,21150,买盘
538,13:24:45,4.22,-0.01,18,7596,卖盘
539,13:24:57,4.22,0.0,5,2110,卖盘
540,13:28:39,4.22,0.0,100,42200,卖盘
541,13:29:12,4.21,-0.01,4,1684,卖盘
542,13:29:42,4.22,0.01,18,7596,买盘
543,13:29:45,4.22,0.0,1,422,买盘
544,13:29:48,4.22,0.0,1,422,买盘
545,13:29:51,4.23,0.01,14,5909,买盘
546,13:29:54,4.23,0.0,150,63450,买盘
547,13:30:33,4.23,0.0,20,8460,买盘
548,13:31:04,4.23,0.0,101,42723,买盘
549,13:31:09,4.23,0.0,40,16920,买盘
550,13:31:18,4.23,0.0,3,1269,买盘
551,13:32:36,4.23,0.0,165,69795,买盘
552,13:32:39,4.23,0.0,25,10575,卖盘
553,13:33:27,4.23,0.0,8,3384,买盘
554,13:33:42,4.24,0.01,285,120818,买盘
555,13:34:15,4.25,0.01,215,91245,买盘
556,13:34:33,4.24,-0.01,4,1696,买盘
557,13:34:55,4.25,0.01,49,20813,买盘
558,13:35:21,4.24,-0.01,1,424,买盘
559,13:35:36,4.24,0.0,71,30104,买盘
560,13:36:30,4.23,-0.01,29,12267,卖盘
561,13:37:03,4.23,0.0,34,14382,买盘
562,13:37:51,4.23,0.0,5,2115,卖盘
563,13:38:18,4.23,0.0,6,2538,买盘
564,13:38:36,4.23,0.0,15,6345,买盘
565,13:38:39,4.23,0.0,19,8037,卖盘
566,13:38:45,4.23,0.0,33,13959,卖盘
567,13:42:36,4.23,0.0,2,846,卖盘
568,13:42:54,4.23,0.0,66,27918,卖盘
569,13:43:00,4.23,0.0,29,12267,买盘
570,13:43:45,4.23,0.0,39,16497,买盘
571,13:44:48,4.23,0.0,17,7191,买盘
572,13:45:33,4.23,0.0,31,13113,买盘
573,13:45:42,4.22,-0.01,26,10972,卖盘
574,13:46:06,4.22,0.0,22,9284,卖盘
575,13:47:27,4.22,0.0,14,5908,卖盘
576,13:49:00,4.22,0.0,5,2110,卖盘
577,13:49:42,4.22,0.0,55,23210,卖盘
578,13:52:49,4.22,0.0,2,844,卖盘
579,13:53:06,4.22,0.0,3,1266,卖盘
580,13:54:03,4.22,0.0,3,1266,卖盘
581,13:54:15,4.22,0.0,10,4220,卖盘
582,13:54:48,4.22,0.0,2,844,卖盘
583,13:55:06,4.22,0.0,4,1688,卖盘
584,13:55:18,4.23,0.01,4,1692,买盘
585,13:55:54,4.23,0.0,10,4230,买盘
586,13:56:04,4.22,-0.01,1,422,卖盘
587,13:56:36,4.22,0.0,29,12238,卖盘
588,13:56:51,4.23,0.01,1,423,买盘
589,13:57:42,4.22,-0.01,341,143902,卖盘
590,13:57:45,4.21,-0.01,9,3789,卖盘
591,13:58:04,4.21,0.0,3,1263,卖盘
592,13:58:12,4.21,0.0,2,842,卖盘
593,13:58:24,4.22,0.01,45,18990,买盘
594,13:58:28,4.22,0.0,4,1688,买盘
595,13:58:30,4.22,0.0,8,3376,买盘
596,13:58:33,4.22,0.0,6,2532,买盘
597,13:58:45,4.22,0.0,7,2954,买盘
598,13:58:48,4.22,0.0,8,3372,买盘
599,13:58:54,4.22,0.0,2,844,买盘
600,13:59:06,4.22,0.0,52,21942,买盘
601,13:59:36,4.22,0.0,50,21100,买盘
602,14:00:03,4.21,-0.01,3,1263,卖盘
603,14:00:21,4.22,0.01,50,21100,买盘
604,14:00:24,4.21,-0.01,4,1684,卖盘
605,14:00:48,4.21,0.0,2,842,卖盘
606,14:00:54,4.22,0.01,10,4220,买盘
607,14:01:15,4.21,-0.01,4,1684,卖盘
608,14:01:18,4.22,0.01,50,21100,买盘
609,14:01:33,4.22,0.0,91,38402,买盘
610,14:01:36,4.21,-0.01,4,1684,卖盘
611,14:01:48,4.22,0.01,15,6330,买盘
612,14:01:51,4.22,0.0,40,16880,买盘
613,14:02:15,4.22,0.0,10,4220,买盘
614,14:03:54,4.22,0.0,1,422,卖盘
615,14:04:00,4.22,0.0,6,2532,卖盘
616,14:04:57,4.23,0.01,30,12690,买盘
617,14:07:10,4.22,-0.01,7,2954,卖盘
618,14:07:13,4.22,0.0,7,2954,卖盘
619,14:07:22,4.22,0.0,2,844,卖盘
620,14:07:25,4.22,0.0,80,33760,卖盘
621,14:09:54,4.21,-0.01,1,421,卖盘
622,14:10:03,4.21,0.0,1,421,卖盘
623,14:10:57,4.21,0.0,5,2105,卖盘
624,14:12:03,4.21,0.0,10,4210,卖盘
625,14:12:18,4.21,0.0,700,294700,卖盘
626,14:12:21,4.21,0.0,67,28207,卖盘
627,14:12:36,4.2,-0.01,6,2520,卖盘
628,14:12:39,4.21,0.01,2,842,买盘
629,14:12:51,4.21,0.0,3,1263,买盘
630,14:12:57,4.2,-0.01,296,124320,卖盘
631,14:13:00,4.21,0.01,19,7993,买盘
632,14:13:09,4.2,-0.01,14,5880,卖盘
633,14:13:33,4.2,0.0,60,25200,卖盘
634,14:13:37,4.2,0.0,2,840,卖盘
635,14:13:42,4.2,0.0,5,2100,卖盘
636,14:14:04,4.2,0.0,3,1260,卖盘
637,14:14:36,4.2,0.0,4,1680,卖盘
638,14:15:06,4.2,0.0,3,1260,卖盘
639,14:15:12,4.2,0.0,1,420,卖盘
640,14:15:24,4.2,0.0,60,25200,卖盘
641,14:15:36,4.2,0.0,188,78960,卖盘
642,14:15:39,4.2,0.0,7,2940,买盘
643,14:15:57,4.2,0.0,10,4200,买盘
644,14:16:03,4.19,-0.01,4,1676,卖盘
645,14:16:09,4.2,0.01,253,106260,买盘
646,14:16:45,4.2,0.0,5,2100,卖盘
647,14:16:51,4.21,0.01,14,5894,买盘
648,14:17:04,4.2,-0.01,10,4200,卖盘
649,14:17:07,4.2,0.0,4,1680,卖盘
650,14:18:04,4.2,0.0,2,840,卖盘
651,14:18:12,4.2,0.0,8,3360,卖盘
652,14:18:21,4.2,0.0,10,4200,卖盘
653,14:18:39,4.21,0.01,5,2105,买盘
654,14:18:42,4.2,-0.01,3,1260,卖盘
655,14:18:57,4.21,0.01,4,1684,买盘
656,14:19:06,4.2,-0.01,3,1260,卖盘
657,14:19:09,4.2,0.0,3,1260,卖盘
658,14:19:37,4.21,0.01,14,5894,买盘
659,14:19:40,4.21,0.0,14,5894,买盘
660,14:20:01,4.21,0.0,10,4210,买盘
661,14:20:06,4.2,-0.01,2,840,卖盘
662,14:20:42,4.2,0.0,2,840,卖盘
663,14:21:15,4.2,0.0,4,1680,卖盘
664,14:21:36,4.2,0.0,64,26880,卖盘
665,14:22:04,4.2,0.0,3,1260,卖盘
666,14:22:33,4.2,0.0,3,1260,卖盘
667,14:22:48,4.2,0.0,16,6720,卖盘
668,14:22:57,4.21,0.01,10,4210,买盘
669,14:23:00,4.2,-0.01,5,2100,卖盘
670,14:23:04,4.21,0.01,11,4631,买盘
671,14:23:06,4.2,-0.01,1,420,卖盘
672,14:23:40,4.2,0.0,4,1680,卖盘
673,14:24:04,4.2,0.0,2,840,卖盘
674,14:24:39,4.2,0.0,4,1680,卖盘
675,14:25:30,4.2,0.0,10,4200,卖盘
676,14:25:33,4.2,0.0,3,1260,卖盘
677,14:25:39,4.2,0.0,6,2520,卖盘
678,14:25:57,4.21,0.01,20,8420,买盘
679,14:26:00,4.21,0.0,24,10104,买盘
680,14:26:04,4.2,-0.01,3,1260,卖盘
681,14:26:06,4.21,0.01,10,4210,买盘
682,14:26:18,4.21,0.0,80,33680,买盘
683,14:26:27,4.21,0.0,63,26523,买盘
684,14:26:30,4.2,-0.01,46,19320,卖盘
685,14:26:45,4.21,0.01,13,5473,买盘
686,14:27:09,4.21,0.0,17,7157,买盘
687,14:27:39,4.21,0.0,83,34943,卖盘
688,14:27:57,4.21,0.0,19,7999,买盘
689,14:29:04,4.21,0.0,36,15156,买盘
690,14:29:15,4.21,0.0,2,842,买盘
691,14:29:24,4.2,-0.01,4,1680,卖盘
692,14:29:40,4.2,0.0,47,19740,卖盘
693,14:29:54,4.21,0.01,5,2105,买盘
694,14:31:21,4.2,-0.01,1,420,卖盘
695,14:31:24,4.21,0.01,100,42100,买盘
696,14:31:39,4.2,-0.01,19,7980,卖盘
697,14:32:51,4.21,0.01,9,3789,买盘
698,14:34:42,4.21,0.0,100,42100,买盘
699,14:35:33,4.21,0.0,5,2105,买盘
700,14:35:46,4.2,-0.01,7,2940,卖盘
701,14:36:07,4.21,0.01,20,8420,买盘
702,14:36:24,4.21,0.0,3,1263,买盘
703,14:36:34,4.21,0.0,80,33680,买盘
704,14:36:39,4.21,0.0,1,421,买盘
705,14:36:42,4.2,-0.01,7,2940,卖盘
706,14:36:51,4.21,0.01,100,42100,买盘
707,14:37:06,4.21,0.0,207,87155,买盘
708,14:37:18,4.21,0.0,5,2097,卖盘
709,14:37:21,4.21,0.0,2,850,买盘
710,14:37:57,4.21,0.0,37,15569,卖盘
711,14:38:09,4.21,0.0,21,8841,买盘
712,14:38:21,4.21,0.0,46,19374,买盘
713,14:38:28,4.21,0.0,31,13051,卖盘
714,14:39:09,4.21,0.0,3,1255,卖盘
715,14:39:57,4.2,-0.01,50,21000,卖盘
716,14:40:22,4.2,0.0,50,21000,卖盘
717,14:40:28,4.21,0.01,97,40837,买盘
718,14:40:33,4.21,0.0,100,42100,买盘
719,14:40:48,4.21,0.0,98,41266,买盘
720,14:41:55,4.21,0.0,13,5473,卖盘
721,14:42:09,4.21,0.0,30,12630,卖盘
722,14:42:18,4.21,0.0,108,45468,卖盘
723,14:42:25,4.21,0.0,67,28199,卖盘
724,14:42:40,4.21,0.0,27,11367,买盘
725,14:42:48,4.21,0.0,75,31583,买盘
726,14:43:43,4.21,0.0,30,12630,卖盘
727,14:43:48,4.21,0.0,85,35785,卖盘
728,14:43:51,4.21,0.0,22,9262,卖盘
729,14:43:54,4.21,0.0,8,3368,卖盘
730,14:43:57,4.21,0.0,18,7578,卖盘
731,14:44:01,4.21,0.0,12,5052,卖盘
732,14:44:07,4.21,0.0,260,109452,卖盘
733,14:44:39,4.2,-0.01,20,8400,卖盘
734,14:44:43,4.2,0.0,91,38220,卖盘
735,14:44:46,4.2,0.0,104,43680,卖盘
736,14:44:48,4.2,0.0,53,22260,卖盘
737,14:44:58,4.2,0.0,11,4620,卖盘
738,14:45:00,4.2,0.0,10,4200,卖盘
739,14:45:06,4.2,0.0,31,13020,卖盘
740,14:45:12,4.2,0.0,152,63840,卖盘
741,14:45:24,4.2,0.0,10,4200,卖盘
742,14:45:27,4.2,0.0,100,42000,卖盘
743,14:45:48,4.2,0.0,707,296940,卖盘
744,14:45:52,4.2,0.0,31,13020,卖盘
745,14:46:10,4.2,0.0,570,239400,卖盘
746,14:46:21,4.2,0.0,356,149520,卖盘
747,14:46:27,4.21,0.01,24,10104,买盘
748,14:46:37,4.21,0.0,118,49678,买盘
749,14:46:39,4.2,-0.01,11,4620,卖盘
750,14:47:01,4.21,0.01,603,253263,买盘
751,14:47:04,4.2,-0.01,37,15540,卖盘
752,14:47:07,4.2,0.0,16,6720,卖盘
753,14:47:13,4.2,0.0,10,4200,买盘
754,14:47:24,4.19,-0.01,2,838,卖盘
755,14:47:31,4.19,0.0,8,3352,卖盘
756,14:47:39,4.19,0.0,24,10056,卖盘
757,14:47:49,4.2,0.01,100,42000,买盘
758,14:47:52,4.2,0.0,18,7550,买盘
759,14:47:55,4.2,0.0,1,420,卖盘
760,14:47:58,4.2,0.0,1,420,卖盘
761,14:48:00,4.2,0.0,70,29400,卖盘
762,14:48:28,4.2,0.0,50,21000,买盘
763,14:48:37,4.19,-0.01,35,14686,卖盘
764,14:48:46,4.2,0.01,46,19320,买盘
765,14:48:49,4.2,0.0,4,1680,买盘
766,14:48:51,4.2,0.0,2,840,买盘
767,14:48:54,4.2,0.0,150,63000,买盘
768,14:48:57,4.2,0.0,20,8400,买盘
769,14:49:01,4.2,0.0,15,6290,买盘
770,14:49:21,4.19,-0.01,20,8380,卖盘
771,14:49:31,4.2,0.01,5,2100,买盘
772,14:49:46,4.2,0.0,35,14702,买盘
773,14:49:49,4.2,0.0,4,1680,卖盘
774,14:49:52,4.2,0.0,4,1680,卖盘
775,14:49:57,4.2,0.0,10,4200,卖盘
776,14:50:01,4.2,0.0,30,12600,卖盘
777,14:50:04,4.2,0.0,32,13436,卖盘
778,14:50:07,4.19,-0.01,3,1257,卖盘
779,14:50:28,4.2,0.01,100,42000,买盘
780,14:50:45,4.19,-0.01,5,2095,卖盘
781,14:50:51,4.19,0.0,85,35652,卖盘
782,14:50:57,4.19,0.0,20,8380,卖盘
783,14:51:04,4.19,0.0,23,9637,卖盘
784,14:51:07,4.19,0.0,100,41900,卖盘
785,14:51:37,4.19,0.0,30,12570,卖盘
786,14:51:46,4.2,0.01,113,47460,买盘
787,14:52:01,4.19,-0.01,106,44414,卖盘
788,14:52:04,4.2,0.01,2,840,买盘
789,14:52:31,4.19,-0.01,40,16760,卖盘
790,14:52:37,4.2,0.01,5,2100,买盘
791,14:53:04,4.2,0.0,1,420,买盘
792,14:53:10,4.2,0.0,42,17644,买盘
793,14:53:13,4.2,0.0,1,420,卖盘
794,14:53:16,4.2,0.0,1,420,卖盘
795,14:53:19,4.2,0.0,12,5040,卖盘
796,14:53:24,4.2,0.0,1,420,卖盘
797,14:53:27,4.21,0.01,1,421,买盘
798,14:53:34,4.21,0.0,91,38291,买盘
799,14:53:37,4.2,-0.01,21,8820,卖盘
800,14:53:40,4.2,0.0,21,8820,卖盘
801,14:53:43,4.21,0.01,30,12630,买盘
802,14:53:46,4.21,0.0,1,421,买盘
803,14:54:09,4.2,-0.01,6,2520,卖盘
804,14:54:19,4.2,0.0,53,22260,卖盘
805,14:54:33,4.21,0.01,86,36206,买盘
806,14:54:43,4.21,0.0,6,2526,买盘
807,14:54:51,4.21,0.0,20,8420,买盘
808,14:54:57,4.2,-0.01,50,21000,卖盘
809,14:55:45,4.21,0.01,49,20629,买盘
810,14:55:55,4.2,-0.01,1,420,卖盘
811,14:55:58,4.21,0.01,22,9262,买盘
812,14:56:19,4.2,-0.01,50,21000,卖盘
813,14:56:28,4.21,0.01,20,8420,买盘
814,14:56:34,4.21,0.0,283,118890,买盘
815,14:56:42,4.2,-0.01,287,120739,卖盘
816,14:56:52,4.21,0.01,1,421,买盘
817,14:57:00,4.2,-0.01,10,4200,卖盘
818,15:00:04,4.21,0.01,228,95996,卖盘
