,time,price,change,volume,amount,type
0,09:25:04,8.7,-0.12,125,108750,卖盘
1,09:30:04,8.69,-0.01,145,125617,中性盘
2,09:30:07,8.67,-0.02,63,54621,卖盘
3,09:30:16,8.69,0.02,10,8690,买盘
4,09:30:24,8.67,-0.02,1,867,卖盘
5,09:30:31,8.67,0.0,12,10404,卖盘
6,09:30:36,8.67,0.0,3,2601,卖盘
7,09:30:40,8.69,0.02,39,33887,买盘
8,09:30:42,8.67,-0.02,1,867,卖盘
9,09:30:46,8.67,0.0,60,52020,卖盘
10,09:30:55,8.69,0.02,11,9559,买盘
11,09:31:00,8.67,-0.02,10,8670,卖盘
12,09:31:04,8.69,0.02,43,37367,买盘
13,09:31:06,8.67,-0.02,27,23423,卖盘
14,09:31:09,8.69,0.02,18,15610,买盘
15,09:31:12,8.69,0.0,10,8690,卖盘
16,09:31:16,8.69,0.0,15,13035,卖盘
17,09:31:27,8.68,-0.01,43,37324,卖盘
18,09:31:30,8.67,-0.01,15,13018,卖盘
19,09:31:36,8.68,0.01,10,8680,买盘
20,09:31:39,8.68,0.0,40,34710,买盘
21,09:31:46,8.68,0.0,97,84196,买盘
22,09:31:48,8.69,0.01,10,8690,买盘
23,09:31:52,8.68,-0.01,3,2604,卖盘
24,09:31:58,8.69,0.01,2,1738,买盘
25,09:32:07,8.69,0.0,10,8690,买盘
26,09:32:22,8.68,-0.01,10,8680,卖盘
27,09:32:25,8.68,0.0,10,8680,卖盘
28,09:32:30,8.69,0.01,25,21720,买盘
29,09:32:33,8.69,0.0,27,23463,买盘
30,09:32:37,8.69,0.0,16,13904,买盘
31,09:32:39,8.69,0.0,7,6083,卖盘
32,09:32:43,8.69,0.0,5,4345,买盘
33,09:32:46,8.69,0.0,18,15642,买盘
34,09:32:54,8.69,0.0,18,15642,卖盘
35,09:33:04,8.69,0.0,12,10428,买盘
36,09:33:07,8.68,-0.01,76,66024,卖盘
37,09:33:25,8.68,0.0,92,79868,卖盘
38,09:33:27,8.67,-0.01,2,1734,卖盘
39,09:33:33,8.67,0.0,16,13872,卖盘
40,09:33:37,8.67,0.0,24,20813,卖盘
41,09:33:46,8.67,0.0,20,17340,买盘
42,09:33:49,8.67,0.0,41,35516,买盘
43,09:33:54,8.66,-0.01,26,22522,卖盘
44,09:34:01,8.64,-0.02,88,76092,卖盘
45,09:34:04,8.64,0.0,3,2592,买盘
46,09:34:07,8.66,0.02,50,43252,买盘
47,09:34:13,8.64,-0.02,19,16426,卖盘
48,09:34:16,8.66,0.02,2,1732,买盘
49,09:34:22,8.66,0.0,2,1732,买盘
50,09:34:37,8.66,0.0,37,32042,买盘
51,09:34:49,8.66,0.0,1,866,卖盘
52,09:34:57,8.67,0.01,4,3468,买盘
53,09:35:01,8.66,-0.01,1,866,卖盘
54,09:35:06,8.67,0.01,24,20808,买盘
55,09:35:09,8.67,0.0,20,17340,卖盘
56,09:35:19,8.69,0.02,2,1738,买盘
57,09:35:21,8.67,-0.02,2,1734,卖盘
58,09:35:25,8.69,0.02,29,25201,买盘
59,09:35:34,8.69,0.0,2,1738,买盘
60,09:35:46,8.7,0.01,7,6090,买盘
61,09:35:52,8.69,-0.01,1,869,卖盘
62,09:35:58,8.7,0.01,4,3914,买盘
63,09:36:06,8.7,0.0,2,1740,买盘
64,09:36:16,8.69,-0.01,22,18684,卖盘
65,09:36:19,8.69,0.0,10,8690,买盘
66,09:36:25,8.69,0.0,13,11297,买盘
67,09:36:28,8.69,0.0,33,29082,买盘
68,09:36:31,8.69,0.0,3,2172,卖盘
69,09:36:51,8.68,-0.01,22,19096,卖盘
70,09:36:57,8.67,-0.01,11,9537,卖盘
71,09:37:04,8.67,0.0,5,4335,卖盘
72,09:37:06,8.67,0.0,25,21688,卖盘
73,09:37:12,8.67,0.0,15,13005,卖盘
74,09:37:16,8.68,0.01,39,33850,买盘
75,09:37:22,8.68,0.0,28,24304,买盘
76,09:37:27,8.67,-0.01,37,32101,卖盘
77,09:37:30,8.65,-0.02,94,81413,卖盘
78,09:37:34,8.68,0.03,10,8680,买盘
79,09:37:40,8.65,-0.03,9,7785,卖盘
80,09:37:57,8.65,0.0,1,865,卖盘
81,09:38:01,8.66,0.01,5,4330,买盘
82,09:38:16,8.65,-0.01,41,35465,卖盘
83,09:38:25,8.64,-0.01,14,12096,卖盘
84,09:38:27,8.64,0.0,15,12960,卖盘
85,09:38:30,8.64,0.0,22,19008,卖盘
86,09:38:46,8.64,0.0,67,58320,卖盘
87,09:38:49,8.64,0.0,11,9072,卖盘
88,09:38:57,8.64,0.0,34,28944,卖盘
89,09:39:01,8.64,0.0,10,8640,买盘
90,09:39:04,8.64,0.0,10,8640,买盘
91,09:39:13,8.64,0.0,2,1728,买盘
92,09:39:19,8.63,-0.01,8,6904,卖盘
93,09:39:21,8.63,0.0,18,15534,卖盘
94,09:39:28,8.63,0.0,1,863,卖盘
95,09:39:31,8.64,0.01,85,73360,买盘
96,09:39:33,8.63,-0.01,28,24164,卖盘
97,09:39:36,8.6,-0.03,300,258354,卖盘
98,09:39:52,8.63,0.03,10,8630,卖盘
99,09:40:00,8.63,0.0,14,12082,中性盘
100,09:40:04,8.63,0.0,5,4315,卖盘
101,09:40:19,8.62,-0.01,4,3448,卖盘
102,09:40:25,8.63,0.01,12,10356,买盘
103,09:40:28,8.62,-0.01,1,862,卖盘
104,09:40:33,8.63,0.01,28,24164,买盘
105,09:40:36,8.63,0.0,51,44013,买盘
106,09:40:39,8.63,0.0,33,28479,买盘
107,09:40:43,8.62,-0.01,49,42247,卖盘
108,09:40:46,8.63,0.01,9,7767,买盘
109,09:40:49,8.63,0.0,12,10356,买盘
110,09:40:52,8.64,0.01,2,1728,买盘
111,09:41:06,8.64,0.0,23,19872,买盘
112,09:41:10,8.63,-0.01,27,23301,卖盘
113,09:41:15,8.64,0.01,12,10368,买盘
114,09:41:22,8.63,-0.01,10,8630,卖盘
115,09:41:25,8.63,0.0,1,863,卖盘
116,09:41:43,8.62,-0.01,100,86299,卖盘
117,09:41:52,8.64,0.02,71,61344,买盘
118,09:41:58,8.62,-0.02,1,862,卖盘
119,09:42:00,8.64,0.02,4,3888,买盘
120,09:42:21,8.64,0.0,2,1296,卖盘
121,09:42:28,8.64,0.0,4,3888,买盘
122,09:42:37,8.65,0.01,5,4325,买盘
123,09:42:49,8.64,-0.01,5,4320,卖盘
124,09:42:57,8.65,0.01,7,6055,买盘
125,09:43:01,8.65,0.0,6,5190,卖盘
126,09:43:09,8.65,0.0,7,6055,卖盘
127,09:43:13,8.66,0.01,16,13856,买盘
128,09:43:16,8.65,-0.01,60,51900,卖盘
129,09:43:27,8.65,0.0,1,865,卖盘
130,09:43:34,8.64,-0.01,50,43212,卖盘
131,09:43:55,8.64,0.0,25,21620,卖盘
132,09:44:18,8.64,0.0,1,864,卖盘
133,09:44:25,8.64,0.0,21,18144,卖盘
134,09:44:33,8.64,0.0,92,79056,卖盘
135,09:44:43,8.64,0.0,5,4320,买盘
136,09:44:55,8.64,0.0,5,4320,买盘
137,09:45:04,8.64,0.0,28,24624,买盘
138,09:45:16,8.65,0.01,6,5190,买盘
139,09:45:22,8.65,0.0,1,865,卖盘
140,09:45:25,8.65,0.0,3,2595,卖盘
141,09:45:30,8.65,0.0,5,4325,买盘
142,09:45:36,8.65,0.0,2,1730,卖盘
143,09:45:49,8.64,-0.01,1,864,卖盘
144,09:45:55,8.64,0.0,1,864,卖盘
145,09:46:28,8.64,0.0,20,17280,卖盘
146,09:46:33,8.66,0.02,3,2598,买盘
147,09:46:43,8.64,-0.02,12,10368,卖盘
148,09:46:51,8.64,0.0,1,864,卖盘
149,09:46:55,8.64,0.0,50,43200,卖盘
150,09:46:58,8.64,0.0,12,10368,卖盘
151,09:47:01,8.64,0.0,11,9504,卖盘
152,09:47:04,8.64,0.0,24,20304,卖盘
153,09:47:16,8.64,0.0,11,9503,买盘
154,09:47:25,8.63,-0.01,22,18986,卖盘
155,09:47:27,8.64,0.01,2,1727,买盘
156,09:47:31,8.64,0.0,3,2592,买盘
157,09:47:37,8.64,0.0,6,5183,买盘
158,09:47:46,8.63,-0.01,1,863,卖盘
159,09:47:55,8.63,0.0,114,98392,卖盘
160,09:48:01,8.62,-0.01,29,24998,卖盘
161,09:48:04,8.63,0.01,18,15534,买盘
162,09:48:07,8.63,0.0,1,863,卖盘
163,09:48:09,8.63,0.0,10,8630,卖盘
164,09:48:12,8.63,0.0,1,863,卖盘
165,09:48:16,8.63,0.0,1,863,卖盘
166,09:48:18,8.63,0.0,17,14671,卖盘
167,09:48:21,8.63,0.0,16,13808,买盘
168,09:48:31,8.63,0.0,13,11219,买盘
169,09:48:34,8.62,-0.01,1,862,卖盘
170,09:48:43,8.63,0.01,3,2589,买盘
171,09:48:52,8.62,-0.01,7,6034,卖盘
172,09:48:55,8.62,0.0,50,43100,卖盘
173,09:48:58,8.62,0.0,5,4310,卖盘
174,09:49:00,8.62,0.0,4,3448,卖盘
175,09:49:04,8.62,0.0,99,85368,卖盘
176,09:49:09,8.61,-0.01,69,59439,卖盘
177,09:49:13,8.63,0.02,5,4315,买盘
178,09:49:16,8.63,0.0,21,18103,买盘
179,09:49:21,8.62,-0.01,3,2586,卖盘
180,09:49:24,8.63,0.01,5,4313,买盘
181,09:49:33,8.62,-0.01,25,21550,卖盘
182,09:49:37,8.61,-0.01,1,861,卖盘
183,09:49:40,8.62,0.01,20,17240,买盘
184,09:49:46,8.62,0.0,10,8620,买盘
185,09:49:48,8.61,-0.01,1,861,卖盘
186,09:49:52,8.61,0.0,1,861,卖盘
187,09:50:10,8.61,0.0,50,43050,卖盘
188,09:50:16,8.61,0.0,1,861,卖盘
189,09:50:21,8.61,0.0,3,2583,卖盘
190,09:50:25,8.61,0.0,1,861,卖盘
191,09:50:31,8.61,0.0,10,8610,卖盘
192,09:50:33,8.62,0.01,3,2586,买盘
193,09:50:48,8.61,-0.01,1,861,卖盘
194,09:51:01,8.61,0.0,6,5166,卖盘
195,09:51:07,8.62,0.01,10,8620,买盘
196,09:51:10,8.61,-0.01,1,861,卖盘
197,09:51:12,8.61,0.0,22,18942,卖盘
198,09:51:19,8.61,0.0,5,4736,卖盘
199,09:51:22,8.62,0.01,3,2586,买盘
200,09:51:24,8.61,-0.01,15,12915,卖盘
201,09:51:27,8.61,0.0,1,861,卖盘
202,09:51:30,8.62,0.01,5,4310,买盘
203,09:51:37,8.61,-0.01,121,103750,卖盘
204,09:51:39,8.61,0.0,3,2583,买盘
205,09:51:42,8.6,-0.01,4,3440,卖盘
206,09:51:45,8.61,0.01,6,5166,买盘
207,09:51:49,8.61,0.0,32,27552,买盘
208,09:51:52,8.6,-0.01,37,31820,卖盘
209,09:51:55,8.6,0.0,8,6887,卖盘
210,09:52:00,8.6,0.0,1,860,卖盘
211,09:52:06,8.61,0.01,10,8610,买盘
212,09:52:16,8.6,-0.01,28,24088,卖盘
213,09:52:21,8.61,0.01,70,60240,买盘
214,09:52:24,8.6,-0.01,51,43910,卖盘
215,09:52:39,8.61,0.01,2,1722,卖盘
216,09:52:42,8.61,0.0,1,861,卖盘
217,09:52:46,8.61,0.0,39,33579,卖盘
218,09:52:55,8.62,0.01,6,5172,买盘
219,09:52:58,8.62,0.0,2,1724,买盘
220,09:53:00,8.61,-0.01,65,56020,卖盘
221,09:53:04,8.62,0.01,8,6896,买盘
222,09:53:09,8.62,0.0,10,8620,买盘
223,09:53:19,8.61,-0.01,21,18081,卖盘
224,09:53:28,8.62,0.01,8,6896,买盘
225,09:53:31,8.62,0.0,16,13792,买盘
226,09:53:37,8.62,0.0,10,8620,卖盘
227,09:53:42,8.62,0.0,20,17240,卖盘
228,09:53:54,8.62,0.0,5,4310,卖盘
229,09:54:13,8.63,0.01,10,8630,买盘
230,09:54:21,8.62,-0.01,46,39652,卖盘
231,09:54:28,8.62,0.0,13,11218,卖盘
232,09:55:13,8.62,0.0,6,5172,卖盘
233,09:55:25,8.63,0.01,2,1726,买盘
234,09:55:28,8.62,-0.01,1,862,卖盘
235,09:55:31,8.63,0.01,6,5178,买盘
236,09:55:37,8.62,-0.01,19,16378,卖盘
237,09:55:40,8.63,0.01,3,2589,买盘
238,09:55:48,8.62,-0.01,15,12930,卖盘
239,09:55:55,8.62,0.0,5,4310,卖盘
240,09:56:10,8.62,0.0,67,57754,卖盘
241,09:56:12,8.62,0.0,3,2586,买盘
242,09:56:16,8.62,0.0,2,1724,买盘
243,09:56:18,8.62,0.0,22,19395,买盘
244,09:56:21,8.62,0.0,7,6034,卖盘
245,09:56:27,8.62,0.0,2,1724,卖盘
246,09:56:31,8.62,0.0,1,431,买盘
247,09:56:36,8.62,0.0,1,862,卖盘
248,09:56:58,8.62,0.0,112,96634,卖盘
249,09:57:16,8.62,0.0,41,35342,卖盘
250,09:57:27,8.63,0.01,5,4315,买盘
251,09:57:52,8.63,0.0,15,12945,买盘
252,09:58:13,8.63,0.0,20,17260,买盘
253,09:58:16,8.63,0.0,10,8630,买盘
254,09:58:22,8.63,0.0,13,11219,买盘
255,09:58:25,8.62,-0.01,1,862,卖盘
256,09:58:51,8.63,0.01,5,4315,买盘
257,09:58:58,8.62,-0.01,18,15516,卖盘
258,09:59:06,8.63,0.01,24,20712,买盘
259,09:59:37,8.64,0.01,11,9504,买盘
260,09:59:52,8.64,0.0,50,43200,买盘
261,09:59:58,8.64,0.0,49,42336,买盘
262,10:00:01,8.64,0.0,5,4320,买盘
263,10:00:06,8.64,0.0,9,7344,买盘
264,10:00:37,8.63,-0.01,96,82900,卖盘
265,10:00:40,8.63,0.0,19,16414,卖盘
266,10:01:01,8.63,0.0,33,28479,卖盘
267,10:01:16,8.63,0.0,100,86300,卖盘
268,10:01:27,8.62,-0.01,100,86280,卖盘
269,10:01:49,8.62,0.0,91,78442,卖盘
270,10:01:57,8.63,0.01,2,1726,买盘
271,10:02:01,8.63,0.0,10,8630,卖盘
272,10:02:04,8.63,0.0,5,4315,卖盘
273,10:02:33,8.63,0.0,1,863,卖盘
274,10:03:01,8.63,0.0,1,863,卖盘
275,10:03:12,8.63,0.0,35,30205,买盘
276,10:03:39,8.63,0.0,5,4315,卖盘
277,10:04:04,8.62,-0.01,10,8620,卖盘
278,10:04:33,8.62,0.0,13,11637,卖盘
279,10:04:49,8.62,0.0,8,6465,卖盘
280,10:05:03,8.62,0.0,2,1724,卖盘
281,10:05:28,8.62,0.0,13,11206,卖盘
282,10:05:37,8.62,0.0,2,1724,卖盘
283,10:06:07,8.62,0.0,2,1724,卖盘
284,10:06:13,8.63,0.01,1,863,买盘
285,10:06:18,8.62,-0.01,50,43100,卖盘
286,10:06:22,8.63,0.01,39,33657,买盘
287,10:06:36,8.63,0.0,3,2589,卖盘
288,10:06:52,8.63,0.0,6,5178,卖盘
289,10:06:54,8.62,-0.01,12,10344,卖盘
290,10:07:04,8.62,0.0,2,1724,卖盘
291,10:07:19,8.64,0.02,33,28512,买盘
292,10:07:34,8.64,0.0,6,5184,卖盘
293,10:07:55,8.64,0.0,40,34560,卖盘
294,10:08:04,8.64,0.0,15,12960,卖盘
295,10:08:06,8.64,0.0,6,5184,卖盘
296,10:08:09,8.62,-0.02,6,5172,卖盘
297,10:08:16,8.65,0.03,30,25946,买盘
298,10:08:46,8.64,-0.01,1,864,买盘
299,10:09:16,8.63,-0.01,18,15534,卖盘
300,10:09:18,8.63,0.0,11,9493,买盘
301,10:09:21,8.63,0.0,6,5178,买盘
302,10:09:34,8.63,0.0,4,3452,买盘
303,10:09:42,8.63,0.0,1,863,卖盘
304,10:09:45,8.63,0.0,2,1726,中性盘
305,10:09:49,8.63,0.0,3,2589,卖盘
306,10:10:01,8.63,0.0,1,863,买盘
307,10:10:03,8.63,0.0,1,863,买盘
308,10:10:06,8.63,0.0,3,2589,买盘
309,10:10:12,8.63,0.0,3,2587,买盘
310,10:10:16,8.62,-0.01,2,1724,卖盘
311,10:10:22,8.63,0.01,1,863,买盘
312,10:10:24,8.63,0.0,4,3452,买盘
313,10:10:46,8.63,0.0,4,3452,卖盘
314,10:10:48,8.63,0.0,96,82869,卖盘
315,10:10:54,8.64,0.01,5,4320,买盘
316,10:11:16,8.63,-0.01,4,3452,卖盘
317,10:11:48,8.63,0.0,11,9493,卖盘
318,10:12:07,8.64,0.01,3,2592,买盘
319,10:12:27,8.63,-0.01,2,1726,卖盘
320,10:12:34,8.63,0.0,2,1726,卖盘
321,10:13:01,8.63,0.0,3,2589,卖盘
322,10:13:06,8.63,0.0,100,86300,卖盘
323,10:13:16,8.63,0.0,30,26494,卖盘
324,10:13:21,8.63,0.0,1,259,买盘
325,10:13:27,8.63,0.0,5,4315,买盘
326,10:13:30,8.62,-0.01,4,3448,卖盘
327,10:13:33,8.63,0.01,101,87667,买盘
328,10:13:58,8.63,0.0,10,8630,卖盘
329,10:14:01,8.62,-0.01,100,86217,卖盘
330,10:14:15,8.62,0.0,5,4310,卖盘
331,10:14:31,8.62,0.0,3,2586,卖盘
332,10:14:45,8.62,0.0,41,35342,卖盘
333,10:14:48,8.63,0.01,3,2589,买盘
334,10:14:58,8.61,-0.02,2,1722,卖盘
335,10:15:01,8.6,-0.01,289,248820,卖盘
336,10:15:07,8.62,0.02,9,7325,买盘
337,10:15:09,8.62,0.0,41,35773,卖盘
338,10:15:13,8.61,-0.01,10,8610,卖盘
339,10:15:27,8.61,0.0,2,1722,卖盘
340,10:15:31,8.61,0.0,3,2583,卖盘
341,10:15:54,8.63,0.02,4,3452,买盘
342,10:15:58,8.61,-0.02,3,2583,卖盘
343,10:16:00,8.61,0.0,6,5166,卖盘
344,10:16:13,8.62,0.01,6,5172,买盘
345,10:16:15,8.62,0.0,9,7758,买盘
346,10:16:22,8.62,0.0,2,1724,卖盘
347,10:16:27,8.61,-0.01,2,1722,卖盘
348,10:16:30,8.61,0.0,1,861,卖盘
349,10:16:33,8.61,0.0,1,861,卖盘
350,10:16:36,8.61,0.0,20,17220,卖盘
351,10:16:45,8.62,0.01,24,20688,买盘
352,10:16:54,8.62,0.0,1,862,卖盘
353,10:17:01,8.62,0.0,4,3448,卖盘
354,10:17:31,8.62,0.0,4,3448,卖盘
355,10:17:36,8.63,0.01,17,14671,买盘
356,10:17:39,8.62,-0.01,4,3448,卖盘
357,10:18:01,8.62,0.0,3,2586,卖盘
358,10:18:04,8.62,0.0,24,20688,卖盘
359,10:18:10,8.62,0.0,1,862,卖盘
360,10:18:25,8.63,0.01,44,37972,买盘
361,10:18:27,8.63,0.0,1,863,卖盘
362,10:18:31,8.63,0.0,11,9493,卖盘
363,10:18:58,8.62,-0.01,19,16378,卖盘
364,10:19:01,8.62,0.0,15,12930,卖盘
365,10:19:16,8.62,0.0,1,862,卖盘
366,10:19:19,8.62,0.0,10,8620,卖盘
367,10:19:25,8.62,0.0,21,18102,卖盘
368,10:19:31,8.62,0.0,14,12068,卖盘
369,10:19:36,8.62,0.0,1,862,卖盘
370,10:19:52,8.62,0.0,2,1724,卖盘
371,10:20:00,8.62,0.0,3,2586,卖盘
372,10:20:10,8.62,0.0,5,4310,买盘
373,10:20:30,8.62,0.0,4,3448,卖盘
374,10:20:39,8.62,0.0,30,25860,卖盘
375,10:20:46,8.62,0.0,28,24153,卖盘
376,10:20:55,8.62,0.0,13,11206,卖盘
377,10:21:01,8.62,0.0,4,3448,卖盘
378,10:21:04,8.62,0.0,1,862,卖盘
379,10:21:10,8.61,-0.01,1,861,卖盘
380,10:21:16,8.61,0.0,1,861,卖盘
381,10:21:31,8.62,0.01,5,4307,买盘
382,10:21:45,8.61,-0.01,241,207501,卖盘
383,10:21:54,8.61,0.0,37,31857,卖盘
384,10:22:00,8.61,0.0,24,20664,卖盘
385,10:22:04,8.61,0.0,51,43911,卖盘
386,10:22:13,8.61,0.0,2,1722,卖盘
387,10:22:19,8.61,0.0,2,1292,卖盘
388,10:22:31,8.62,0.01,5,4306,买盘
389,10:22:37,8.61,-0.01,1,861,卖盘
390,10:23:01,8.61,0.0,24,20664,卖盘
391,10:23:27,8.61,0.0,33,28844,卖盘
392,10:23:33,8.6,-0.01,1,860,卖盘
393,10:23:48,8.59,-0.01,400,343836,卖盘
394,10:23:55,8.59,0.0,12,10308,卖盘
395,10:24:01,8.59,0.0,37,31849,卖盘
396,10:24:04,8.59,0.0,2,1718,卖盘
397,10:24:15,8.59,0.0,22,18898,卖盘
398,10:24:19,8.6,0.01,16,13760,买盘
399,10:24:30,8.6,0.0,4,3440,卖盘
400,10:25:01,8.6,0.0,8,6880,卖盘
401,10:25:04,8.6,0.0,3,2580,卖盘
402,10:25:31,8.6,0.0,4,3440,卖盘
403,10:25:34,8.6,0.0,1,860,卖盘
404,10:25:37,8.6,0.0,29,24941,卖盘
405,10:25:58,8.59,-0.01,10,8590,卖盘
406,10:26:01,8.59,0.0,5,4295,卖盘
407,10:26:13,8.6,0.01,89,76452,买盘
408,10:26:18,8.59,-0.01,4,3436,卖盘
409,10:26:21,8.6,0.01,3,2580,买盘
410,10:26:31,8.59,-0.01,9,7731,卖盘
411,10:26:37,8.59,0.0,20,17180,卖盘
412,10:26:43,8.59,0.0,1,859,卖盘
413,10:26:46,8.59,0.0,8,6872,卖盘
414,10:26:51,8.59,0.0,14,12026,买盘
415,10:26:57,8.59,0.0,3,2577,买盘
416,10:27:01,8.58,-0.01,4,3432,卖盘
417,10:27:04,8.58,0.0,101,86658,卖盘
418,10:27:07,8.58,0.0,33,28314,卖盘
419,10:27:15,8.57,-0.01,18,15426,卖盘
420,10:27:25,8.58,0.01,10,8580,买盘
421,10:27:28,8.58,0.0,10,8580,买盘
422,10:27:31,8.57,-0.01,36,30852,卖盘
423,10:27:34,8.57,0.0,2,1714,买盘
424,10:27:37,8.56,-0.01,2,1712,卖盘
425,10:27:40,8.56,0.0,205,175647,卖盘
426,10:27:42,8.56,0.0,6,5136,卖盘
427,10:27:48,8.57,0.01,6,5142,卖盘
428,10:28:01,8.56,-0.01,19,16264,卖盘
429,10:28:04,8.55,-0.01,1,855,卖盘
430,10:28:12,8.57,0.02,4,3428,买盘
431,10:28:16,8.55,-0.02,112,95795,卖盘
432,10:28:21,8.54,-0.01,6,5126,卖盘
433,10:28:24,8.54,0.0,11,9394,卖盘
434,10:28:28,8.54,0.0,8,6832,卖盘
435,10:28:34,8.52,-0.02,23,19599,卖盘
436,10:28:37,8.51,-0.01,13,11075,卖盘
437,10:28:39,8.52,0.01,50,42600,买盘
438,10:28:43,8.51,-0.01,131,111485,卖盘
439,10:28:45,8.5,-0.01,4,3403,卖盘
440,10:28:49,8.51,0.01,108,91830,买盘
441,10:28:52,8.5,-0.01,29,24654,卖盘
442,10:28:55,8.51,0.01,12,10205,买盘
443,10:28:57,8.5,-0.01,340,289200,卖盘
444,10:29:00,8.51,0.01,16,13616,卖盘
445,10:29:04,8.5,-0.01,18,15314,卖盘
446,10:29:09,8.51,0.01,10,8510,买盘
447,10:29:13,8.51,0.0,30,25530,买盘
448,10:29:18,8.5,-0.01,100,85031,卖盘
449,10:29:21,8.52,0.02,36,30614,买盘
450,10:29:24,8.52,0.0,2,1704,卖盘
451,10:29:27,8.52,0.0,10,8520,卖盘
452,10:29:31,8.52,0.0,7,5964,卖盘
453,10:29:33,8.52,0.0,10,8520,卖盘
454,10:29:36,8.54,0.02,12,10248,买盘
455,10:29:40,8.51,-0.03,69,58790,卖盘
456,10:29:45,8.51,0.0,12,10212,买盘
457,10:29:48,8.5,-0.01,10,8506,卖盘
458,10:29:52,8.51,0.01,104,88504,买盘
459,10:29:55,8.51,0.0,5,4255,卖盘
460,10:30:00,8.51,0.0,3,2553,卖盘
461,10:30:04,8.55,0.04,22,18352,买盘
462,10:30:22,8.53,-0.02,1,853,卖盘
463,10:30:28,8.55,0.02,2,1710,买盘
464,10:30:31,8.55,0.0,2,1710,卖盘
465,10:31:01,8.55,0.0,4,3420,买盘
466,10:31:19,8.54,-0.01,3,2562,卖盘
467,10:31:22,8.53,-0.01,73,62269,卖盘
468,10:31:28,8.53,0.0,14,11942,买盘
469,10:31:42,8.53,0.0,12,10236,卖盘
470,10:31:51,8.53,0.0,14,11954,卖盘
471,10:31:54,8.54,0.01,52,44371,买盘
472,10:32:01,8.54,0.0,4,3415,买盘
473,10:32:07,8.53,-0.01,12,10236,买盘
474,10:32:10,8.53,0.0,53,45209,买盘
475,10:32:15,8.53,0.0,23,19619,卖盘
476,10:32:49,8.54,0.01,17,14518,买盘
477,10:33:07,8.53,-0.01,30,25590,卖盘
478,10:33:13,8.54,0.01,9,7686,买盘
479,10:33:21,8.53,-0.01,10,8530,卖盘
480,10:33:46,8.53,0.0,10,8530,卖盘
481,10:33:49,8.53,0.0,10,8530,卖盘
482,10:34:01,8.52,-0.01,312,265909,卖盘
483,10:34:18,8.51,-0.01,100,85100,卖盘
484,10:34:24,8.52,0.01,112,94996,买盘
485,10:34:31,8.52,0.0,20,17040,卖盘
486,10:34:33,8.52,0.0,1,852,卖盘
487,10:34:48,8.53,0.01,5,4265,买盘
488,10:34:55,8.53,0.0,6,5118,卖盘
489,10:35:04,8.53,0.0,27,23031,卖盘
490,10:35:09,8.53,0.0,32,27296,卖盘
491,10:35:31,8.52,-0.01,20,17040,卖盘
492,10:36:16,8.52,0.0,19,16188,卖盘
493,10:36:19,8.52,0.0,3,2556,卖盘
494,10:36:33,8.53,0.01,18,15354,买盘
495,10:37:04,8.53,0.0,1,853,卖盘
496,10:37:12,8.54,0.01,20,17070,买盘
497,10:37:22,8.53,-0.01,5,4265,卖盘
498,10:38:01,8.53,0.0,10,8530,卖盘
499,10:38:04,8.52,-0.01,43,36666,卖盘
500,10:38:27,8.53,0.01,10,8530,买盘
501,10:38:30,8.54,0.01,10,8540,买盘
502,10:38:33,8.53,-0.01,12,10245,卖盘
503,10:38:46,8.52,-0.01,27,23004,卖盘
504,10:38:48,8.52,0.0,5,4260,卖盘
505,10:38:57,8.52,0.0,5,4260,卖盘
506,10:39:01,8.53,0.01,246,210264,买盘
507,10:39:07,8.53,0.0,1,853,卖盘
508,10:39:25,8.53,0.0,34,28576,卖盘
509,10:39:34,8.53,0.0,30,25590,买盘
510,10:39:58,8.52,-0.01,3,2556,卖盘
511,10:40:10,8.53,0.01,1,853,买盘
512,10:40:12,8.52,-0.01,2,1704,卖盘
513,10:40:25,8.53,0.01,70,60114,买盘
514,10:40:28,8.53,0.0,31,26016,卖盘
515,10:40:37,8.52,-0.01,1,852,卖盘
516,10:40:40,8.53,0.01,22,19192,买盘
517,10:40:51,8.53,0.0,11,8956,卖盘
518,10:41:04,8.53,0.0,30,25590,卖盘
519,10:41:10,8.53,0.0,11,9810,卖盘
520,10:41:22,8.54,0.01,2,1708,买盘
521,10:41:39,8.54,0.0,517,440406,买盘
522,10:42:01,8.53,-0.01,5,4265,买盘
523,10:42:07,8.53,0.0,4,3412,买盘
524,10:42:16,8.54,0.01,2,1708,买盘
525,10:42:19,8.53,-0.01,2,1706,卖盘
526,10:42:22,8.52,-0.01,139,118428,卖盘
527,10:42:31,8.52,0.0,67,57084,买盘
528,10:42:48,8.53,0.01,10,8530,买盘
529,10:43:01,8.53,0.0,1,853,买盘
530,10:43:06,8.53,0.0,5,4265,买盘
531,10:43:15,8.52,-0.01,31,26413,卖盘
532,10:43:18,8.53,0.01,6,5118,买盘
533,10:43:21,8.53,0.0,3,2559,买盘
534,10:43:28,8.53,0.0,2,1706,买盘
535,10:43:31,8.53,0.0,20,17060,买盘
536,10:43:37,8.52,-0.01,1,852,卖盘
537,10:43:39,8.53,0.01,7,5971,买盘
538,10:43:45,8.53,0.0,10,8530,买盘
539,10:44:00,8.53,0.0,5,4265,买盘
540,10:44:04,8.53,0.0,1,853,买盘
541,10:44:06,8.51,-0.02,240,204376,卖盘
542,10:44:19,8.52,0.01,1,852,买盘
543,10:44:24,8.51,-0.01,70,59595,卖盘
544,10:44:36,8.51,0.0,30,25530,卖盘
545,10:45:10,8.52,0.01,8,6390,卖盘
546,10:45:12,8.52,0.0,14,12354,卖盘
547,10:45:18,8.5,-0.02,193,164281,卖盘
548,10:45:27,8.52,0.02,18,14910,买盘
549,10:45:34,8.5,-0.02,167,141983,卖盘
550,10:46:12,8.5,0.0,149,126758,卖盘
551,10:46:16,8.52,0.02,11,9372,买盘
552,10:46:24,8.52,0.0,1,852,买盘
553,10:46:31,8.52,0.0,10,8520,买盘
554,10:46:45,8.5,-0.02,90,76562,卖盘
555,10:47:13,8.52,0.02,15,12780,买盘
556,10:47:30,8.51,-0.01,45,38295,卖盘
557,10:47:33,8.51,0.0,4,3404,买盘
558,10:47:40,8.51,0.0,1,851,卖盘
559,10:47:46,8.52,0.01,2,1704,买盘
560,10:48:10,8.51,-0.01,1,851,卖盘
561,10:48:12,8.52,0.01,5,4260,买盘
562,10:48:15,8.52,0.0,3,2556,买盘
563,10:48:46,8.51,-0.01,2,1702,卖盘
564,10:48:48,8.51,0.0,8,6808,卖盘
565,10:48:55,8.51,0.0,30,25530,卖盘
566,10:49:19,8.51,0.0,9,7659,卖盘
567,10:49:46,8.51,0.0,2,1702,卖盘
568,10:49:48,8.51,0.0,6,5106,卖盘
569,10:50:19,8.51,0.0,9,7659,卖盘
570,10:50:21,8.51,0.0,7,5957,卖盘
571,10:50:37,8.52,0.01,20,17040,买盘
572,10:50:46,8.51,-0.01,8,6808,卖盘
573,10:50:54,8.52,0.01,15,12780,买盘
574,10:51:01,8.52,0.0,2,1704,卖盘
575,10:51:04,8.52,0.0,34,28968,卖盘
576,10:51:12,8.51,-0.01,78,66378,卖盘
577,10:51:15,8.51,0.0,8,6808,卖盘
578,10:51:31,8.52,0.01,1,852,买盘
579,10:51:37,8.51,-0.01,53,45103,卖盘
580,10:51:46,8.51,0.0,38,32328,买盘
581,10:52:04,8.51,0.0,19,16169,买盘
582,10:52:19,8.51,0.0,42,35742,卖盘
583,10:52:31,8.5,-0.01,31,26350,卖盘
584,10:52:33,8.5,0.0,81,68935,卖盘
585,10:52:49,8.51,0.01,7,5957,卖盘
586,10:52:58,8.51,0.0,2,1702,买盘
587,10:53:13,8.51,0.0,4,3404,卖盘
588,10:53:16,8.5,-0.01,8,6800,卖盘
589,10:53:31,8.5,0.0,3,2550,卖盘
590,10:53:48,8.5,0.0,18,15300,卖盘
591,10:53:51,8.51,0.01,5,4255,买盘
592,10:54:04,8.5,-0.01,8,6800,卖盘
593,10:54:09,8.5,0.0,29,24650,卖盘
594,10:54:15,8.49,-0.01,6,5094,卖盘
595,10:54:18,8.49,0.0,3,2547,卖盘
596,10:54:27,8.49,0.0,17,14433,卖盘
597,10:54:30,8.5,0.01,10,8497,买盘
598,10:54:46,8.49,-0.01,5,4245,中性盘
599,10:54:49,8.48,-0.01,8,6784,卖盘
600,10:55:04,8.48,0.0,12,10176,卖盘
601,10:55:16,8.49,0.01,6,5094,买盘
602,10:55:19,8.48,-0.01,8,6784,卖盘
603,10:55:28,8.49,0.01,2,1698,买盘
604,10:55:45,8.48,-0.01,3,2544,卖盘
605,10:55:48,8.48,0.0,6,5088,卖盘
606,10:55:57,8.48,0.0,44,37312,卖盘
607,10:56:00,8.48,0.0,30,25440,买盘
608,10:56:04,8.47,-0.01,59,49973,卖盘
609,10:56:16,8.47,0.0,2,1694,卖盘
610,10:56:18,8.47,0.0,6,5082,卖盘
611,10:56:30,8.48,0.01,29,25016,买盘
612,10:56:37,8.47,-0.01,124,105068,卖盘
613,10:56:46,8.47,0.0,3,2541,卖盘
614,10:56:48,8.47,0.0,6,5082,卖盘
615,10:56:58,8.48,0.01,7,5936,买盘
616,10:57:10,8.48,0.0,9,7632,买盘
617,10:57:19,8.47,-0.01,8,6776,卖盘
618,10:57:22,8.48,0.01,24,20352,买盘
619,10:57:48,8.49,0.01,19,16113,买盘
620,10:57:54,8.48,-0.01,84,71232,卖盘
621,10:58:00,8.49,0.01,12,10188,买盘
622,10:58:04,8.49,0.0,40,33960,买盘
623,10:58:07,8.48,-0.01,2,1696,卖盘
624,10:58:10,8.49,0.01,23,19527,买盘
625,10:58:15,8.49,0.0,6,5094,卖盘
626,10:58:18,8.49,0.0,4,3396,卖盘
627,10:58:48,8.49,0.0,8,6792,卖盘
628,10:59:16,8.49,0.0,3,2547,卖盘
629,10:59:18,8.5,0.01,19,16143,买盘
630,10:59:24,8.49,-0.01,5,4245,卖盘
631,10:59:46,8.49,0.0,2,1698,卖盘
632,10:59:49,8.49,0.0,6,5094,卖盘
633,10:59:57,8.5,0.01,38,32290,买盘
634,11:00:16,8.5,0.0,20,17000,卖盘
635,11:00:19,8.5,0.0,8,6800,卖盘
636,11:00:28,8.51,0.01,57,48507,买盘
637,11:00:43,8.5,-0.01,9,7650,卖盘
638,11:00:46,8.49,-0.01,3,2547,卖盘
639,11:00:48,8.5,0.01,17,14444,买盘
640,11:01:15,8.5,0.0,6,5100,卖盘
641,11:01:18,8.5,0.0,2,1700,卖盘
642,11:01:37,8.51,0.01,10,8510,买盘
643,11:01:40,8.5,-0.01,5,4250,卖盘
644,11:01:49,8.48,-0.02,250,212107,卖盘
645,11:02:19,8.48,0.0,8,6784,卖盘
646,11:02:48,8.49,0.01,8,6792,卖盘
647,11:03:15,8.49,0.0,2,1698,卖盘
648,11:03:19,8.48,-0.01,6,5088,卖盘
649,11:03:27,8.49,0.01,5,4245,买盘
650,11:03:48,8.48,-0.01,8,6784,卖盘
651,11:03:58,8.49,0.01,50,42450,买盘
652,11:04:07,8.49,0.0,79,67071,买盘
653,11:04:18,8.49,0.0,10,8490,卖盘
654,11:04:22,8.49,0.0,1,849,卖盘
655,11:04:40,8.49,0.0,1,849,买盘
656,11:04:43,8.49,0.0,8,6792,买盘
657,11:04:48,8.49,0.0,4,3396,卖盘
658,11:05:18,8.5,0.01,48,40791,买盘
659,11:05:43,8.5,0.0,10,8500,卖盘
660,11:05:46,8.5,0.0,1,850,卖盘
661,11:05:49,8.49,-0.01,6,5094,卖盘
662,11:05:52,8.49,0.0,34,28866,卖盘
663,11:05:54,8.49,0.0,5,4245,卖盘
664,11:06:04,8.48,-0.01,14,11448,卖盘
665,11:06:07,8.48,0.0,35,29680,卖盘
666,11:06:10,8.5,0.02,7,5950,买盘
667,11:06:18,8.5,0.0,6,5094,买盘
668,11:06:21,8.5,0.0,17,14450,卖盘
669,11:06:27,8.5,0.0,54,45900,卖盘
670,11:06:30,8.5,0.0,1,850,卖盘
671,11:06:48,8.5,0.0,6,5100,卖盘
672,11:06:51,8.5,0.0,2,1700,卖盘
673,11:06:55,8.5,0.0,26,22100,卖盘
674,11:06:57,8.5,0.0,17,14450,卖盘
675,11:07:21,8.49,-0.01,9,7641,卖盘
676,11:07:24,8.49,0.0,2,1698,卖盘
677,11:07:30,8.5,0.01,1,850,买盘
678,11:07:51,8.48,-0.02,9,7632,卖盘
679,11:07:54,8.48,0.0,7,5936,卖盘
680,11:08:00,8.48,0.0,27,22901,卖盘
681,11:08:13,8.48,0.0,25,21200,卖盘
682,11:08:19,8.47,-0.01,55,46585,卖盘
683,11:08:22,8.47,0.0,3,2541,卖盘
684,11:08:24,8.47,0.0,20,16940,卖盘
685,11:08:33,8.47,0.0,5,4235,卖盘
686,11:08:49,8.47,0.0,6,5082,卖盘
687,11:08:52,8.47,0.0,3,2541,卖盘
688,11:09:22,8.47,0.0,20,16940,卖盘
689,11:09:27,8.47,0.0,5,4235,卖盘
690,11:09:30,8.48,0.01,22,18656,买盘
691,11:09:40,8.48,0.0,28,24158,买盘
692,11:09:48,8.48,0.0,7,5512,卖盘
693,11:10:01,8.48,0.0,5,4240,买盘
694,11:10:19,8.47,-0.01,7,5929,卖盘
695,11:10:22,8.47,0.0,2,1694,卖盘
696,11:10:30,8.47,0.0,147,124932,卖盘
697,11:10:49,8.46,-0.01,3,2538,卖盘
698,11:10:52,8.46,0.0,6,5076,卖盘
699,11:11:00,8.47,0.01,9,7623,买盘
700,11:11:06,8.47,0.0,10,8470,买盘
701,11:11:13,8.47,0.0,2,1694,买盘
702,11:11:16,8.47,0.0,10,8470,买盘
703,11:11:19,8.46,-0.01,8,6768,卖盘
704,11:11:25,8.47,0.01,4,3388,买盘
705,11:11:30,8.47,0.0,30,25410,买盘
706,11:11:37,8.47,0.0,5,4235,买盘
707,11:11:43,8.46,-0.01,100,84610,卖盘
708,11:11:52,8.46,0.0,24,20304,卖盘
709,11:12:04,8.47,0.01,121,102487,卖盘
710,11:12:22,8.46,-0.01,8,6768,卖盘
711,11:12:28,8.47,0.01,6,5082,买盘
712,11:12:30,8.46,-0.01,18,15228,卖盘
713,11:12:34,8.47,0.01,34,28367,买盘
714,11:12:49,8.48,0.01,37,31376,买盘
715,11:12:51,8.48,0.0,6,5088,卖盘
716,11:13:13,8.48,0.0,7,5936,卖盘
717,11:13:16,8.47,-0.01,16,13976,卖盘
718,11:13:21,8.45,-0.02,8,6760,卖盘
719,11:13:39,8.45,0.0,100,84506,卖盘
720,11:13:45,8.45,0.0,25,21127,卖盘
721,11:13:51,8.45,0.0,9,7605,卖盘
722,11:14:10,8.47,0.02,3,2541,买盘
723,11:14:12,8.45,-0.02,300,253778,卖盘
724,11:14:22,8.45,0.0,5,4225,卖盘
725,11:14:37,8.45,0.0,30,25350,卖盘
726,11:14:40,8.46,0.01,51,43136,买盘
727,11:14:45,8.46,0.0,9,7614,买盘
728,11:14:58,8.46,0.0,23,19458,卖盘
729,11:15:04,8.46,0.0,10,8460,买盘
730,11:15:25,8.46,0.0,12,10152,买盘
731,11:15:54,8.46,0.0,18,15228,卖盘
732,11:16:45,8.46,0.0,10,8460,卖盘
733,11:17:40,8.46,0.0,40,33840,卖盘
734,11:18:13,8.46,0.0,12,10152,卖盘
735,11:18:18,8.46,0.0,22,18612,买盘
736,11:18:21,8.46,0.0,14,11844,买盘
737,11:19:27,8.47,0.01,8,6776,买盘
738,11:19:37,8.46,-0.01,2,1692,卖盘
739,11:19:55,8.46,0.0,5,4230,买盘
740,11:19:57,8.46,0.0,1,846,买盘
741,11:20:07,8.46,0.0,2,1692,卖盘
742,11:20:15,8.46,0.0,6,5076,买盘
743,11:20:18,8.45,-0.01,57,48166,卖盘
744,11:20:21,8.46,0.01,20,16920,买盘
745,11:20:33,8.47,0.01,25,21159,买盘
746,11:20:46,8.47,0.0,16,13552,买盘
747,11:20:52,8.47,0.0,158,133826,卖盘
748,11:20:54,8.47,0.0,5,4235,卖盘
749,11:20:57,8.48,0.01,12,10176,买盘
750,11:21:40,8.48,0.0,16,13568,买盘
751,11:21:52,8.47,-0.01,4,3388,卖盘
752,11:22:16,8.47,0.0,25,21175,卖盘
753,11:22:18,8.47,0.0,7,5929,买盘
754,11:22:43,8.47,0.0,21,17787,买盘
755,11:24:30,8.47,0.0,4,3388,卖盘
756,11:24:51,8.47,0.0,30,25410,卖盘
757,11:25:04,8.47,0.0,5,4235,买盘
758,11:25:18,8.47,0.0,15,12705,买盘
759,11:25:21,8.47,0.0,3,2541,买盘
760,11:25:27,8.47,0.0,2,1694,买盘
761,11:25:34,8.47,0.0,4,3388,买盘
762,11:25:46,8.47,0.0,13,11011,买盘
763,11:26:45,8.48,0.01,484,410432,买盘
764,11:27:13,8.48,0.0,18,15272,卖盘
765,11:27:25,8.49,0.01,3,2547,买盘
766,11:27:54,8.48,-0.01,10,8480,卖盘
767,11:28:00,8.49,0.01,2,1698,买盘
768,11:28:09,8.49,0.0,10,8490,卖盘
769,11:28:24,8.49,0.0,10,8490,卖盘
770,11:28:36,8.49,0.0,10,8490,卖盘
771,11:28:51,8.49,0.0,10,8490,买盘
772,11:28:57,8.48,-0.01,10,8480,卖盘
773,11:29:06,8.49,0.01,15,12735,买盘
774,11:29:09,8.5,0.01,57,48450,买盘
775,11:29:15,8.49,-0.01,10,8490,卖盘
776,11:29:24,8.49,0.0,10,8490,卖盘
777,11:29:42,8.48,-0.01,14,11872,卖盘
778,11:29:54,8.49,0.01,3,2547,买盘
779,13:00:04,8.5,0.01,50,42040,买盘
780,13:00:06,8.49,-0.01,4,3396,卖盘
781,13:00:18,8.5,0.01,50,42500,买盘
782,13:01:03,8.5,0.0,4,3400,买盘
783,13:01:12,8.5,0.0,5,4250,买盘
784,13:01:15,8.49,-0.01,10,8490,卖盘
785,13:01:27,8.49,0.0,100,84900,卖盘
786,13:01:33,8.49,0.0,10,8490,卖盘
787,13:02:30,8.49,0.0,11,9339,卖盘
788,13:02:36,8.49,0.0,10,8490,卖盘
789,13:03:01,8.49,0.0,1,849,卖盘
790,13:03:06,8.49,0.0,11,9339,卖盘
791,13:03:09,8.49,0.0,1,849,卖盘
792,13:03:21,8.5,0.01,6,5100,买盘
793,13:04:24,8.49,-0.01,11,9339,卖盘
794,13:04:30,8.49,0.0,5,4245,卖盘
795,13:04:42,8.49,0.0,9,8066,卖盘
796,13:04:45,8.49,0.0,2,1274,买盘
797,13:05:18,8.49,0.0,11,9339,卖盘
798,13:06:36,8.5,0.01,21,18275,买盘
799,13:07:00,8.51,0.01,105,89355,买盘
800,13:07:28,8.52,0.01,24,20448,买盘
801,13:07:51,8.52,0.0,10,8520,买盘
802,13:08:01,8.52,0.0,2,1704,卖盘
803,13:08:06,8.53,0.01,33,28149,买盘
804,13:08:15,8.52,-0.01,4,3408,卖盘
805,13:08:25,8.53,0.01,27,23031,买盘
806,13:08:43,8.53,0.0,32,27296,卖盘
807,13:08:46,8.54,0.01,28,23912,买盘
808,13:08:49,8.54,0.0,8,6832,卖盘
809,13:10:00,8.54,0.0,8,6832,卖盘
810,13:10:04,8.55,0.01,19,16245,买盘
811,13:10:06,8.54,-0.01,36,30744,卖盘
812,13:10:10,8.55,0.01,53,45315,买盘
813,13:10:27,8.55,0.0,20,17100,卖盘
814,13:10:40,8.56,0.01,7,5992,买盘
815,13:11:00,8.56,0.0,11,9416,买盘
816,13:11:06,8.55,-0.01,11,9405,卖盘
817,13:11:22,8.55,0.0,1,855,买盘
818,13:11:43,8.55,0.0,20,17100,卖盘
819,13:12:13,8.56,0.01,9,7704,买盘
820,13:13:04,8.55,-0.01,30,25650,卖盘
821,13:13:37,8.55,0.0,28,23940,卖盘
822,13:13:42,8.55,0.0,7,5985,卖盘
823,13:13:58,8.55,0.0,18,15390,卖盘
824,13:14:01,8.55,0.0,1,855,卖盘
825,13:14:07,8.55,0.0,1,855,卖盘
826,13:15:27,8.56,0.01,50,42800,买盘
827,13:16:16,8.55,-0.01,20,17100,买盘
828,13:16:34,8.55,0.0,7,5985,买盘
829,13:17:01,8.56,0.01,21,17548,买盘
830,13:17:18,8.56,0.0,9,8132,卖盘
831,13:17:49,8.56,0.0,5,4280,买盘
832,13:19:04,8.55,-0.01,10,8550,卖盘
833,13:19:07,8.56,0.01,9,7704,买盘
834,13:19:16,8.55,-0.01,8,6840,卖盘
835,13:19:28,8.55,0.0,14,11970,卖盘
836,13:19:39,8.55,0.0,10,8550,卖盘
837,13:19:58,8.55,0.0,25,21375,卖盘
838,13:20:09,8.5,-0.05,153,130219,卖盘
839,13:22:54,8.52,0.02,10,8520,卖盘
840,13:23:15,8.54,0.02,25,21330,买盘
841,13:23:33,8.54,0.0,5,4270,卖盘
842,13:23:54,8.53,-0.01,10,8530,卖盘
843,13:24:48,8.53,0.0,24,20489,卖盘
844,13:25:46,8.55,0.02,25,21375,买盘
845,13:25:48,8.55,0.0,5,4275,卖盘
846,13:26:04,8.55,0.0,5,4275,买盘
847,13:26:12,8.55,0.0,25,21375,买盘
848,13:26:46,8.55,0.0,27,23085,买盘
849,13:27:04,8.54,-0.01,4,3416,卖盘
850,13:27:06,8.54,0.0,16,13664,卖盘
851,13:27:15,8.54,0.0,9,7686,买盘
852,13:27:30,8.54,0.0,30,25620,卖盘
853,13:27:42,8.54,0.0,25,21350,卖盘
854,13:28:36,8.55,0.01,10,8550,买盘
855,13:28:57,8.54,-0.01,54,46140,卖盘
856,13:29:06,8.54,0.0,2,1708,卖盘
857,13:30:09,8.54,0.0,30,25620,卖盘
858,13:32:46,8.54,0.0,10,8540,卖盘
859,13:33:04,8.55,0.01,9,7695,买盘
860,13:34:27,8.56,0.01,20,17120,买盘
861,13:34:52,8.56,0.0,6,5136,买盘
862,13:35:22,8.56,0.0,20,17120,买盘
863,13:36:33,8.55,-0.01,11,8978,卖盘
864,13:36:52,8.56,0.01,2,2140,买盘
865,13:36:55,8.55,-0.01,50,42798,卖盘
866,13:37:46,8.56,0.01,1,856,买盘
867,13:37:58,8.56,0.0,10,8560,买盘
868,13:38:06,8.56,0.0,5,4280,买盘
869,13:38:09,8.55,-0.01,5,4275,卖盘
870,13:38:48,8.56,0.01,5,4280,买盘
871,13:38:52,8.56,0.0,2,1712,买盘
872,13:38:55,8.56,0.0,2,1712,买盘
873,13:38:58,8.56,0.0,2,1712,买盘
874,13:39:01,8.56,0.0,5,4280,买盘
875,13:39:04,8.55,-0.01,44,37621,卖盘
876,13:39:07,8.55,0.0,1,855,买盘
877,13:39:09,8.55,0.0,1,855,买盘
878,13:39:12,8.55,0.0,1,855,买盘
879,13:39:16,8.55,0.0,18,15552,买盘
880,13:39:25,8.56,0.01,7,5992,买盘
881,13:39:28,8.56,0.0,11,9416,卖盘
882,13:39:37,8.56,0.0,11,9416,卖盘
883,13:39:43,8.56,0.0,20,17120,卖盘
884,13:40:16,8.56,0.0,1,856,卖盘
885,13:40:25,8.56,0.0,2,1712,卖盘
886,13:40:51,8.56,0.0,14,11984,买盘
887,13:40:55,8.56,0.0,11,9417,卖盘
888,13:41:01,8.57,0.01,10,8570,买盘
889,13:41:07,8.56,-0.01,15,12845,卖盘
890,13:41:18,8.56,0.0,10,8560,卖盘
891,13:41:37,8.56,0.0,25,21400,卖盘
892,13:41:54,8.56,0.0,10,8560,卖盘
893,13:41:57,8.58,0.02,54,46313,买盘
894,13:42:22,8.58,0.0,41,35188,卖盘
895,13:42:31,8.58,0.0,20,17160,卖盘
896,13:42:34,8.58,0.0,2,1716,卖盘
897,13:42:36,8.58,0.0,7,6006,卖盘
898,13:42:39,8.58,0.0,20,17160,卖盘
899,13:42:42,8.58,0.0,1,858,卖盘
900,13:43:10,8.58,0.0,7,6006,买盘
901,13:43:40,8.58,0.0,5,4290,买盘
902,13:44:16,8.57,-0.01,43,36851,卖盘
903,13:44:46,8.57,0.0,10,8570,买盘
904,13:44:52,8.56,-0.01,10,8560,卖盘
905,13:45:01,8.56,0.0,1,856,卖盘
906,13:45:04,8.56,0.0,26,22256,卖盘
907,13:45:10,8.56,0.0,10,8560,买盘
908,13:45:28,8.56,0.0,50,42800,买盘
909,13:46:36,8.56,0.0,3,2140,买盘
910,13:46:46,8.58,0.02,30,25740,买盘
911,13:46:48,8.58,0.0,1,858,卖盘
912,13:46:51,8.58,0.0,10,8580,卖盘
913,13:47:04,8.58,0.0,10,8580,卖盘
914,13:47:13,8.58,0.0,160,137280,卖盘
915,13:47:16,8.58,0.0,59,50622,卖盘
916,13:47:22,8.58,0.0,30,25740,买盘
917,13:48:06,8.56,-0.02,12,10700,卖盘
918,13:48:18,8.56,0.0,5,4280,买盘
919,13:48:30,8.55,-0.01,32,27360,卖盘
920,13:49:30,8.56,0.01,7,5992,买盘
921,13:51:01,8.56,0.0,15,12412,买盘
922,13:51:10,8.57,0.01,10,8570,买盘
923,13:51:16,8.56,-0.01,42,35976,卖盘
924,13:51:42,8.58,0.02,1,858,买盘
925,13:51:45,8.58,0.0,1,858,买盘
926,13:52:12,8.58,0.0,1,858,买盘
927,13:52:16,8.58,0.0,1,858,买盘
928,13:52:19,8.58,0.0,1,858,买盘
929,13:52:22,8.58,0.0,1,858,买盘
930,13:52:25,8.58,0.0,1,858,买盘
931,13:52:28,8.59,0.01,41,35648,卖盘
932,13:52:36,8.59,0.0,10,8590,卖盘
933,13:52:46,8.59,0.0,10,8590,卖盘
934,13:52:55,8.59,0.0,10,8590,卖盘
935,13:53:04,8.6,0.01,13,11180,买盘
936,13:53:07,8.6,0.0,1,860,买盘
937,13:53:10,8.6,0.0,1,860,买盘
938,13:53:13,8.6,0.0,1,860,买盘
939,13:53:16,8.6,0.0,1,860,买盘
940,13:53:22,8.6,0.0,7,6020,买盘
941,13:53:31,8.6,0.0,10,8600,买盘
942,13:53:40,8.6,0.0,10,8600,卖盘
943,13:54:01,8.6,0.0,7,6020,卖盘
944,13:54:12,8.61,0.01,17,14627,买盘
945,13:54:25,8.61,0.0,38,32718,买盘
946,13:54:52,8.61,0.0,10,8610,买盘
947,13:54:55,8.61,0.0,4,3444,买盘
948,13:54:58,8.61,0.0,28,23678,买盘
949,13:55:01,8.62,0.01,10,8620,买盘
950,13:55:04,8.62,0.0,4,3448,买盘
951,13:55:06,8.62,0.0,5,4310,买盘
952,13:55:10,8.62,0.0,3,2586,买盘
953,13:55:13,8.62,0.0,2,1724,买盘
954,13:55:16,8.62,0.0,3,2586,买盘
955,13:55:21,8.62,0.0,1,862,买盘
956,13:55:39,8.62,0.0,23,19826,买盘
957,13:55:46,8.62,0.0,5,4310,卖盘
958,13:55:51,8.62,0.0,23,19826,买盘
959,13:55:57,8.62,0.0,1,862,买盘
960,13:56:12,8.62,0.0,20,17240,买盘
961,13:56:16,8.62,0.0,1,862,买盘
962,13:56:19,8.62,0.0,1,862,买盘
963,13:56:21,8.61,-0.01,50,43050,卖盘
964,13:56:36,8.61,0.0,19,16790,卖盘
965,13:57:43,8.6,-0.01,1,860,买盘
966,13:57:45,8.6,0.0,11,9457,买盘
967,13:57:57,8.6,0.0,34,29240,卖盘
968,13:58:37,8.6,0.0,1,860,买盘
969,13:58:40,8.6,0.0,21,18040,买盘
970,13:58:43,8.6,0.0,1,860,买盘
971,13:58:45,8.6,0.0,1,860,买盘
972,13:58:48,8.6,0.0,1,860,买盘
973,13:58:51,8.6,0.0,8,6880,买盘
974,13:58:55,8.6,0.0,1,860,买盘
975,13:58:58,8.6,0.0,1,860,买盘
976,13:59:01,8.6,0.0,1,860,买盘
977,13:59:21,8.61,0.01,11,9471,买盘
978,13:59:28,8.6,-0.01,34,29240,卖盘
979,13:59:34,8.61,0.01,3,2583,买盘
980,13:59:46,8.61,0.0,2,1722,买盘
981,14:00:27,8.61,0.0,10,8610,买盘
982,14:00:30,8.6,-0.01,19,16340,卖盘
983,14:00:43,8.6,0.0,14,12044,卖盘
984,14:01:07,8.6,0.0,4,3440,卖盘
985,14:01:12,8.6,0.0,1,860,卖盘
986,14:01:16,8.6,0.0,1,860,买盘
987,14:01:18,8.6,0.0,1,860,买盘
988,14:01:37,8.62,0.02,49,42229,买盘
989,14:01:40,8.63,0.01,1,863,买盘
990,14:01:48,8.63,0.0,2,1726,买盘
991,14:01:54,8.63,0.0,38,32794,买盘
992,14:01:57,8.59,-0.04,59,50727,卖盘
993,14:02:16,8.63,0.04,1,863,买盘
994,14:02:28,8.63,0.0,57,49191,买盘
995,14:02:31,8.64,0.01,24,20736,买盘
996,14:02:33,8.64,0.0,12,10368,买盘
997,14:02:36,8.64,0.0,22,18996,买盘
998,14:02:40,8.64,0.0,28,24182,买盘
999,14:02:43,8.64,0.0,6,5184,买盘
1000,14:02:45,8.64,0.0,5,4320,买盘
1001,14:02:49,8.65,0.01,14,12099,买盘
1002,14:02:51,8.65,0.0,9,7785,买盘
1003,14:02:55,8.65,0.0,1,865,买盘
1004,14:03:04,8.65,0.0,10,8650,买盘
1005,14:03:21,8.65,0.0,22,19030,买盘
1006,14:03:34,8.65,0.0,7,6055,卖盘
1007,14:04:04,8.64,-0.01,10,8640,卖盘
1008,14:04:10,8.64,0.0,10,8640,卖盘
1009,14:04:18,8.64,0.0,86,74304,卖盘
1010,14:04:24,8.64,0.0,64,55296,买盘
1011,14:04:46,8.63,-0.01,10,8630,卖盘
1012,14:04:57,8.64,0.01,14,12096,卖盘
1013,14:05:03,8.64,0.0,6,5184,卖盘
1014,14:05:06,8.64,0.0,3,2592,买盘
1015,14:05:10,8.64,0.0,3,2592,买盘
1016,14:05:13,8.64,0.0,4,3456,买盘
1017,14:05:16,8.63,-0.01,172,148441,卖盘
1018,14:05:25,8.63,0.0,1,863,买盘
1019,14:05:36,8.62,-0.01,1,862,买盘
1020,14:05:40,8.62,0.0,1,862,买盘
1021,14:05:43,8.62,0.0,1,862,买盘
1022,14:05:46,8.62,0.0,1,862,买盘
1023,14:06:09,8.63,0.01,3,2589,买盘
1024,14:06:25,8.62,-0.01,4,3448,买盘
1025,14:06:28,8.62,0.0,1,862,买盘
1026,14:06:42,8.62,0.0,5,4310,买盘
1027,14:06:52,8.62,0.0,37,31894,买盘
1028,14:06:55,8.62,0.0,1,862,买盘
1029,14:06:58,8.62,0.0,1,862,买盘
1030,14:07:01,8.62,0.0,1,862,买盘
1031,14:07:21,8.62,0.0,10,8620,卖盘
1032,14:07:40,8.62,0.0,10,8620,卖盘
1033,14:07:49,8.62,0.0,26,22412,卖盘
1034,14:08:00,8.62,0.0,8,6896,买盘
1035,14:08:07,8.62,0.0,16,13792,买盘
1036,14:08:12,8.62,0.0,10,8620,卖盘
1037,14:08:28,8.63,0.01,23,19849,买盘
1038,14:08:31,8.61,-0.02,166,143024,卖盘
1039,14:09:01,8.62,0.01,5,4310,卖盘
1040,14:09:18,8.63,0.01,6,5173,买盘
1041,14:09:36,8.62,-0.01,4,3448,卖盘
1042,14:09:39,8.62,0.0,2,1724,买盘
1043,14:09:51,8.63,0.01,60,51780,买盘
1044,14:10:22,8.63,0.0,13,11219,买盘
1045,14:10:24,8.63,0.0,5,4315,买盘
1046,14:10:28,8.63,0.0,16,13793,买盘
1047,14:10:37,8.64,0.01,50,43188,买盘
1048,14:11:22,8.64,0.0,6,5184,买盘
1049,14:11:28,8.64,0.0,24,20736,买盘
1050,14:11:30,8.64,0.0,10,8640,买盘
1051,14:11:46,8.63,-0.01,5,4315,卖盘
1052,14:12:00,8.64,0.01,6,5184,买盘
1053,14:12:04,8.64,0.0,5,4320,买盘
1054,14:12:18,8.63,-0.01,2,1726,卖盘
1055,14:12:22,8.64,0.01,8,6912,买盘
1056,14:12:31,8.64,0.0,5,4320,买盘
1057,14:12:34,8.64,0.0,20,17280,买盘
1058,14:12:37,8.64,0.0,10,8640,买盘
1059,14:12:39,8.64,0.0,13,11232,买盘
1060,14:12:43,8.65,0.01,15,12538,买盘
1061,14:12:51,8.65,0.0,35,30708,卖盘
1062,14:13:21,8.65,0.0,5,4325,买盘
1063,14:13:39,8.64,-0.01,18,15561,卖盘
1064,14:13:54,8.65,0.01,1,865,买盘
1065,14:14:06,8.65,0.0,100,86500,买盘
1066,14:14:16,8.64,-0.01,40,34560,卖盘
1067,14:14:46,8.64,0.0,4,3456,卖盘
1068,14:14:52,8.65,0.01,6,5190,买盘
1069,14:14:58,8.65,0.0,5,4325,买盘
1070,14:15:49,8.65,0.0,69,59685,买盘
1071,14:15:58,8.65,0.0,3,2595,卖盘
1072,14:16:33,8.66,0.01,52,45032,买盘
1073,14:16:36,8.66,0.0,7,6062,买盘
1074,14:17:04,8.66,0.0,61,52826,买盘
1075,14:17:12,8.66,0.0,90,77940,卖盘
1076,14:17:18,8.66,0.0,10,8660,卖盘
1077,14:17:21,8.66,0.0,50,43300,卖盘
1078,14:17:31,8.67,0.01,11,9537,买盘
1079,14:17:40,8.67,0.0,70,60690,买盘
1080,14:17:49,8.67,0.0,50,43350,买盘
1081,14:17:58,8.67,0.0,7,6069,买盘
1082,14:18:04,8.67,0.0,50,43350,买盘
1083,14:18:07,8.67,0.0,64,55488,买盘
1084,14:18:09,8.66,-0.01,5,4330,卖盘
1085,14:18:18,8.67,0.01,25,21675,买盘
1086,14:18:42,8.67,0.0,5,4335,买盘
1087,14:18:49,8.68,0.01,5,4340,买盘
1088,14:18:54,8.67,-0.01,25,21675,卖盘
1089,14:19:04,8.67,0.0,2,1734,买盘
1090,14:19:06,8.67,0.0,50,43350,买盘
1091,14:19:09,8.66,-0.01,60,51960,卖盘
1092,14:19:19,8.67,0.01,51,44217,买盘
1093,14:19:22,8.66,-0.01,50,43300,卖盘
1094,14:19:28,8.67,0.01,22,19074,买盘
1095,14:19:37,8.66,-0.01,3,2598,卖盘
1096,14:19:43,8.67,0.01,50,43350,买盘
1097,14:19:46,8.66,-0.01,13,11258,卖盘
1098,14:19:49,8.66,0.0,5,4330,卖盘
1099,14:20:09,8.66,0.0,64,55424,卖盘
1100,14:20:12,8.66,0.0,17,14722,买盘
1101,14:20:22,8.66,0.0,3,2598,买盘
1102,14:20:34,8.65,-0.01,100,86500,卖盘
1103,14:20:57,8.65,0.0,2,1730,卖盘
1104,14:21:04,8.66,0.01,40,34640,买盘
1105,14:21:39,8.65,-0.01,20,17300,卖盘
1106,14:21:52,8.66,0.01,10,8660,买盘
1107,14:22:04,8.65,-0.01,26,22490,卖盘
1108,14:22:27,8.65,0.0,10,8650,卖盘
1109,14:22:34,8.65,0.0,100,86500,卖盘
1110,14:22:54,8.65,0.0,1,865,卖盘
1111,14:23:01,8.65,0.0,33,28545,卖盘
1112,14:23:24,8.65,0.0,2,1730,买盘
1113,14:23:37,8.65,0.0,9,7785,买盘
1114,14:23:55,8.64,-0.01,8,6912,卖盘
1115,14:24:21,8.65,0.01,1,865,买盘
1116,14:24:37,8.64,-0.01,5,4320,卖盘
1117,14:24:40,8.64,0.0,30,25920,卖盘
1118,14:25:10,8.64,0.0,16,13824,卖盘
1119,14:25:16,8.64,0.0,10,8640,卖盘
1120,14:25:19,8.64,0.0,2,1728,卖盘
1121,14:25:31,8.64,0.0,2,1728,卖盘
1122,14:25:43,8.64,0.0,5,4320,卖盘
1123,14:26:18,8.64,0.0,6,5184,卖盘
1124,14:26:39,8.65,0.01,10,8650,买盘
1125,14:27:07,8.64,-0.01,18,15552,卖盘
1126,14:27:48,8.64,0.0,2,1728,卖盘
1127,14:28:42,8.65,0.01,4,3460,买盘
1128,14:29:49,8.65,0.0,63,54495,买盘
1129,14:30:22,8.65,0.0,14,12110,买盘
1130,14:30:46,8.65,0.0,46,39790,买盘
1131,14:30:49,8.65,0.0,38,32870,卖盘
1132,14:31:04,8.65,0.0,20,17300,卖盘
1133,14:31:28,8.65,0.0,10,8650,卖盘
1134,14:31:49,8.65,0.0,11,9515,卖盘
1135,14:32:15,8.65,0.0,13,11245,卖盘
1136,14:32:21,8.66,0.01,1,866,买盘
1137,14:32:46,8.66,0.0,23,19918,买盘
1138,14:33:10,8.66,0.0,20,17320,买盘
1139,14:34:07,8.65,-0.01,25,21645,卖盘
1140,14:34:10,8.66,0.01,11,9526,买盘
1141,14:34:31,8.66,0.0,20,17320,买盘
1142,14:34:45,8.66,0.0,20,17320,买盘
1143,14:34:58,8.66,0.0,1,866,买盘
1144,14:35:04,8.66,0.0,20,17320,买盘
1145,14:35:12,8.66,0.0,6,5196,买盘
1146,14:35:15,8.65,-0.01,19,16435,卖盘
1147,14:35:37,8.66,0.01,64,55424,买盘
1148,14:35:51,8.66,0.0,20,17320,卖盘
1149,14:35:57,8.66,0.0,3,2598,卖盘
1150,14:36:06,8.66,0.0,2,1732,买盘
1151,14:36:34,8.66,0.0,10,8660,买盘
1152,14:36:51,8.66,0.0,2,1732,卖盘
1153,14:37:13,8.66,0.0,70,60620,卖盘
1154,14:37:16,8.66,0.0,6,5196,卖盘
1155,14:37:19,8.66,0.0,10,8660,卖盘
1156,14:37:31,8.66,0.0,2,1732,卖盘
1157,14:37:37,8.66,0.0,12,10392,卖盘
1158,14:37:40,8.66,0.0,11,9526,卖盘
1159,14:38:48,8.66,0.0,6,5196,买盘
1160,14:38:52,8.65,-0.01,3,2595,卖盘
1161,14:39:01,8.65,0.0,99,85635,卖盘
1162,14:39:04,8.65,0.0,6,5190,卖盘
1163,14:39:06,8.65,0.0,2,1730,卖盘
1164,14:39:10,8.66,0.01,1,866,买盘
1165,14:39:28,8.65,-0.01,3,2595,卖盘
1166,14:39:40,8.65,0.0,15,12975,买盘
1167,14:40:18,8.65,0.0,5,4325,卖盘
1168,14:40:27,8.65,0.0,10,8650,卖盘
1169,14:40:42,8.65,0.0,7,6055,卖盘
1170,14:41:01,8.65,0.0,5,4325,卖盘
1171,14:41:58,8.65,0.0,2,1730,卖盘
1172,14:42:04,8.65,0.0,6,5190,卖盘
1173,14:42:37,8.65,0.0,94,81310,卖盘
1174,14:42:57,8.64,-0.01,40,34560,卖盘
1175,14:43:07,8.64,0.0,10,8640,卖盘
1176,14:43:10,8.65,0.01,6,5190,买盘
1177,14:43:31,8.64,-0.01,8,6912,卖盘
1178,14:43:55,8.65,0.01,2,1730,买盘
1179,14:45:40,8.65,0.0,10,8650,卖盘
1180,14:45:54,8.65,0.0,5,4325,卖盘
1181,14:46:28,8.65,0.0,8,6488,卖盘
1182,14:46:36,8.65,0.0,10,8650,卖盘
1183,14:46:49,8.65,0.0,12,10380,卖盘
1184,14:46:57,8.65,0.0,48,41952,卖盘
1185,14:47:01,8.65,0.0,1,865,买盘
1186,14:47:07,8.65,0.0,1,432,卖盘
1187,14:47:36,8.65,0.0,5,4325,卖盘
1188,14:48:15,8.66,0.01,2,1732,买盘
1189,14:48:18,8.65,-0.01,97,83972,卖盘
1190,14:48:21,8.66,0.01,10,8660,买盘
1191,14:48:24,8.66,0.0,2,1732,买盘
1192,14:48:28,8.66,0.0,1,866,买盘
1193,14:48:51,8.66,0.0,15,12990,卖盘
1194,14:48:58,8.67,0.01,23,19941,买盘
1195,14:49:01,8.67,0.0,50,43350,买盘
1196,14:49:21,8.67,0.0,3,2601,买盘
1197,14:49:25,8.66,-0.01,7,6495,卖盘
1198,14:49:28,8.67,0.01,17,14739,买盘
1199,14:49:31,8.66,-0.01,14,12124,卖盘
1200,14:49:37,8.66,0.0,5,4330,卖盘
1201,14:49:40,8.66,0.0,6,4763,卖盘
1202,14:49:45,8.67,0.01,14,12132,买盘
1203,14:50:10,8.65,-0.02,2,1731,卖盘
1204,14:50:13,8.65,0.0,2,1730,卖盘
1205,14:50:16,8.67,0.02,23,19941,买盘
1206,14:50:28,8.67,0.0,20,17332,买盘
1207,14:50:33,8.65,-0.02,7,6488,卖盘
1208,14:50:39,8.67,0.02,17,14739,买盘
1209,14:50:42,8.66,-0.01,4,3464,卖盘
1210,14:50:52,8.66,0.0,5,4330,卖盘
1211,14:50:55,8.67,0.01,14,12138,买盘
1212,14:51:12,8.66,-0.01,2,1732,卖盘
1213,14:51:16,8.66,0.0,2,1732,卖盘
1214,14:51:24,8.67,0.01,23,19941,买盘
1215,14:51:31,8.67,0.0,11,9537,买盘
1216,14:51:40,8.67,0.0,17,14739,买盘
1217,14:51:52,8.66,-0.01,2,1732,卖盘
1218,14:51:55,8.67,0.01,14,12138,买盘
1219,14:52:09,8.66,-0.01,10,8660,卖盘
1220,14:52:37,8.67,0.01,85,73615,买盘
1221,14:52:40,8.66,-0.01,10,8660,卖盘
1222,14:52:43,8.67,0.01,23,19941,买盘
1223,14:52:48,8.66,-0.01,7,6062,卖盘
1224,14:53:33,8.66,0.0,4,3464,卖盘
1225,14:53:58,8.66,0.0,5,4330,卖盘
1226,14:54:01,8.67,0.01,10,8670,买盘
1227,14:54:37,8.66,-0.01,29,25123,卖盘
1228,14:54:49,8.67,0.01,1,867,买盘
1229,14:54:52,8.67,0.0,13,11271,买盘
1230,14:54:55,8.67,0.0,98,84966,买盘
1231,14:54:58,8.67,0.0,7,5636,买盘
1232,14:55:04,8.67,0.0,5,4335,卖盘
1233,14:55:07,8.68,0.01,42,36456,买盘
1234,14:55:21,8.68,0.0,44,38192,买盘
1235,14:55:25,8.67,-0.01,5,4335,卖盘
1236,14:56:06,8.67,0.0,13,11271,卖盘
1237,14:56:09,8.68,0.01,95,82460,买盘
1238,14:56:12,8.67,-0.01,5,4335,卖盘
1239,14:56:16,8.67,0.0,4,3468,买盘
1240,14:56:18,8.67,0.0,1,867,买盘
1241,14:56:28,8.68,0.01,21,18228,买盘
1242,14:56:33,8.67,-0.01,4,3468,卖盘
1243,14:56:36,8.67,0.0,1,867,买盘
1244,14:56:40,8.67,0.0,6,5202,买盘
1245,14:56:42,8.67,0.0,7,6069,买盘
1246,15:00:04,8.67,0.0,265,229755,卖盘
