,time,price,change,volume,amount,type
0,09:25:05,4.81,-0.09,4002,1924962,买盘
1,09:30:05,4.83,0.02,755,364153,买盘
2,09:30:07,4.79,-0.04,5478,2637453,卖盘
3,09:30:10,4.8,0.01,389,186457,买盘
4,09:30:13,4.78,-0.02,90,43196,卖盘
5,09:30:16,4.79,0.01,27,12963,中性盘
6,09:30:19,4.78,-0.01,516,247040,卖盘
7,09:30:22,4.8,0.02,8,3840,中性盘
8,09:30:25,4.8,0.0,259,124320,卖盘
9,09:30:27,4.81,0.01,372,178905,买盘
10,09:30:31,4.81,0.0,507,243867,买盘
11,09:30:34,4.8,-0.01,10,4800,卖盘
12,09:30:37,4.82,0.02,524,251682,买盘
13,09:30:40,4.83,0.01,3,1449,买盘
14,09:30:43,4.83,0.0,35,16905,卖盘
15,09:30:46,4.84,0.01,50,24173,买盘
16,09:30:49,4.83,-0.01,91,44041,卖盘
17,09:30:52,4.83,0.0,218,105441,卖盘
18,09:30:55,4.84,0.01,99,47876,买盘
19,09:30:58,4.85,0.01,176,85243,买盘
20,09:31:01,4.84,-0.01,388,187824,中性盘
21,09:31:04,4.83,-0.01,311,150476,卖盘
22,09:31:06,4.83,0.0,23,11109,买盘
23,09:31:10,4.85,0.02,77,37345,买盘
24,09:31:13,4.84,-0.01,498,241093,卖盘
25,09:31:16,4.85,0.01,802,388590,买盘
26,09:31:19,4.85,0.0,6,2910,卖盘
27,09:31:22,4.84,-0.01,2030,982700,卖盘
28,09:31:25,4.87,0.03,411,199923,买盘
29,09:31:28,4.86,-0.01,24,11664,卖盘
30,09:31:31,4.86,0.0,9,4374,卖盘
31,09:31:34,4.88,0.02,480,233389,买盘
32,09:31:37,4.86,-0.02,26,12630,买盘
33,09:31:40,4.86,0.0,177,86022,买盘
34,09:31:42,4.86,0.0,614,297490,买盘
35,09:31:46,4.85,-0.01,164,79690,卖盘
36,09:31:49,4.83,-0.02,357,173174,卖盘
37,09:31:51,4.85,0.02,115,55645,中性盘
38,09:31:55,4.83,-0.02,52,25136,卖盘
39,09:31:58,4.83,0.0,40,19320,卖盘
40,09:32:01,4.86,0.03,244,117963,买盘
41,09:32:04,4.82,-0.04,200,96614,卖盘
42,09:32:07,4.84,0.02,447,216295,中性盘
43,09:32:10,4.84,0.0,1,484,卖盘
44,09:32:13,4.84,0.0,49,23716,卖盘
45,09:32:18,4.85,0.01,74,35829,买盘
46,09:32:22,4.85,0.0,108,52280,买盘
47,09:32:25,4.85,0.0,143,69355,买盘
48,09:32:31,4.85,0.0,375,181815,买盘
49,09:32:34,4.85,0.0,114,55260,买盘
50,09:32:37,4.85,0.0,123,59743,买盘
51,09:32:40,4.85,0.0,40,19400,卖盘
52,09:32:43,4.86,0.01,388,188183,买盘
53,09:32:46,4.86,0.0,258,125388,买盘
54,09:32:49,4.86,0.0,245,119180,买盘
55,09:32:52,4.86,0.0,6,2916,卖盘
56,09:32:55,4.86,0.0,426,207167,卖盘
57,09:32:57,4.87,0.01,68,33062,买盘
58,09:33:00,4.86,-0.01,337,163888,卖盘
59,09:33:04,4.86,0.0,315,153333,卖盘
60,09:33:07,4.88,0.02,255,124338,买盘
61,09:33:10,4.86,-0.02,150,72905,卖盘
62,09:33:13,4.86,0.0,76,36936,卖盘
63,09:33:16,4.87,0.01,385,187333,买盘
64,09:33:19,4.87,0.0,15,7300,买盘
65,09:33:22,4.87,0.0,208,101170,买盘
66,09:33:25,4.85,-0.02,204,98965,卖盘
67,09:33:28,4.85,0.0,25,12125,买盘
68,09:33:31,4.85,0.0,45,21825,买盘
69,09:33:34,4.85,0.0,136,65960,买盘
70,09:33:37,4.84,-0.01,41,19877,卖盘
71,09:33:40,4.85,0.01,82,39770,买盘
72,09:33:43,4.85,0.0,3376,1631360,买盘
73,09:33:46,4.86,0.01,127,61548,买盘
74,09:33:48,4.84,-0.02,460,222640,买盘
75,09:33:52,4.84,0.0,135,65240,买盘
76,09:33:55,4.84,0.0,22,10648,买盘
77,09:33:58,4.83,-0.01,338,163331,卖盘
78,09:34:01,4.84,0.01,99,47856,买盘
79,09:34:04,4.83,-0.01,124,59896,卖盘
80,09:34:07,4.83,0.0,2041,985960,卖盘
81,09:34:10,4.83,0.0,407,196594,卖盘
82,09:34:13,4.83,0.0,452,218119,卖盘
83,09:34:16,4.82,-0.01,238,114935,卖盘
84,09:34:19,4.81,-0.01,159,76515,卖盘
85,09:34:22,4.81,0.0,75,36145,卖盘
86,09:34:25,4.81,0.0,77,37076,卖盘
87,09:34:28,4.8,-0.01,315,151470,卖盘
88,09:34:31,4.81,0.01,89,42809,买盘
89,09:34:34,4.8,-0.01,575,276081,卖盘
90,09:34:37,4.79,-0.01,467,224091,卖盘
91,09:34:40,4.79,0.0,96,45984,卖盘
92,09:34:43,4.79,0.0,87,41726,卖盘
93,09:34:46,4.8,0.01,198,94897,买盘
94,09:34:49,4.8,0.0,621,297165,买盘
95,09:34:52,4.78,-0.02,32,15306,卖盘
96,09:34:55,4.78,0.0,1,478,卖盘
97,09:34:58,4.77,-0.01,640,305540,卖盘
98,09:35:01,4.77,0.0,132,62964,卖盘
99,09:35:04,4.77,0.0,81,38692,卖盘
100,09:35:06,4.76,-0.01,143,68236,卖盘
101,09:35:10,4.77,0.01,334,159171,买盘
102,09:35:13,4.78,0.01,1,478,买盘
103,09:35:16,4.76,-0.02,757,361099,卖盘
104,09:35:19,4.77,0.01,592,281961,中性盘
105,09:35:22,4.78,0.01,25,11927,买盘
106,09:35:25,4.76,-0.02,123,58742,卖盘
107,09:35:28,4.76,0.0,60,28557,卖盘
108,09:35:31,4.76,0.0,188,89511,买盘
109,09:35:34,4.76,0.0,63,29993,买盘
110,09:35:37,4.78,0.02,109,52036,买盘
111,09:35:40,4.77,-0.01,10,4770,中性盘
112,09:35:43,4.77,0.0,216,103032,卖盘
113,09:35:49,4.77,0.0,773,369021,卖盘
114,09:35:52,4.8,0.03,152,72804,买盘
115,09:36:01,4.76,-0.04,1093,521423,卖盘
116,09:36:04,4.77,0.01,12,5724,买盘
117,09:36:07,4.77,0.0,15,7155,买盘
118,09:36:10,4.76,-0.01,593,282378,卖盘
119,09:36:13,4.76,0.0,491,233760,卖盘
120,09:36:16,4.77,0.01,370,176390,买盘
121,09:36:19,4.77,0.0,2,954,卖盘
122,09:36:21,4.76,-0.01,1033,491156,卖盘
123,09:36:24,4.78,0.02,175,83378,买盘
124,09:36:28,4.77,-0.01,432,205774,中性盘
125,09:36:31,4.76,-0.01,650,309206,卖盘
126,09:36:34,4.77,0.01,119,56717,中性盘
127,09:36:37,4.76,-0.01,59,28111,卖盘
128,09:36:40,4.77,0.01,232,110510,买盘
129,09:36:42,4.72,-0.05,1050,497927,卖盘
130,09:36:46,4.76,0.04,137,65050,买盘
131,09:36:49,4.75,-0.01,84,39941,卖盘
132,09:36:52,4.75,0.0,22,10450,卖盘
133,09:36:55,4.74,-0.01,17,8073,卖盘
134,09:36:57,4.74,0.0,139,65902,卖盘
135,09:37:01,4.74,0.0,36,17078,卖盘
136,09:37:04,4.72,-0.02,1215,574310,卖盘
137,09:37:07,4.74,0.02,107,50807,卖盘
138,09:37:10,4.74,0.0,12,5688,卖盘
139,09:37:13,4.74,0.0,255,120850,卖盘
140,09:37:16,4.73,-0.01,28,13244,卖盘
141,09:37:18,4.74,0.01,49,23226,买盘
142,09:37:25,4.74,0.0,352,166847,买盘
143,09:37:27,4.74,0.0,76,36028,卖盘
144,09:37:30,4.74,0.0,65,30810,卖盘
145,09:37:34,4.75,0.01,86,40829,买盘
146,09:37:37,4.74,-0.01,128,60680,卖盘
147,09:37:40,4.74,0.0,371,175893,卖盘
148,09:37:43,4.75,0.01,38,18041,买盘
149,09:37:46,4.75,0.0,311,147725,买盘
150,09:37:49,4.74,-0.01,103,48825,卖盘
151,09:37:52,4.75,0.01,129,61275,卖盘
152,09:37:55,4.76,0.01,40,19040,买盘
153,09:37:58,4.76,0.0,25,11900,买盘
154,09:38:01,4.76,0.0,126,59976,买盘
155,09:38:04,4.75,-0.01,187,88850,卖盘
156,09:38:06,4.76,0.01,34,16184,买盘
157,09:38:10,4.76,0.0,53,25228,买盘
158,09:38:16,4.76,0.0,63,29988,卖盘
159,09:38:19,4.77,0.01,49,23373,买盘
160,09:38:22,4.76,-0.01,140,66775,卖盘
161,09:38:25,4.77,0.01,10,4770,买盘
162,09:38:28,4.77,0.0,5,2385,买盘
163,09:38:34,4.78,0.01,50,23900,买盘
164,09:38:37,4.76,-0.02,165,78621,卖盘
165,09:38:43,4.77,0.01,7,3339,卖盘
166,09:38:46,4.77,0.0,49,23378,卖盘
167,09:38:49,4.78,0.01,35,16730,买盘
168,09:38:52,4.77,-0.01,163,77831,卖盘
169,09:38:58,4.78,0.01,66,31548,买盘
170,09:39:01,4.77,-0.01,68,32475,卖盘
171,09:39:04,4.77,0.0,222,105894,卖盘
172,09:39:07,4.77,0.0,62,29574,买盘
173,09:39:10,4.77,0.0,50,23850,买盘
174,09:39:13,4.77,0.0,57,27189,买盘
175,09:39:16,4.77,0.0,50,23810,买盘
176,09:39:19,4.77,0.0,22,10494,买盘
177,09:39:25,4.76,-0.01,77,36679,卖盘
178,09:39:28,4.77,0.01,225,107125,买盘
179,09:39:31,4.77,0.0,31,14770,买盘
180,09:39:34,4.76,-0.01,60,28610,卖盘
181,09:39:37,4.77,0.01,170,80960,买盘
182,09:39:40,4.77,0.0,22,10482,买盘
183,09:39:43,4.76,-0.01,95,45270,卖盘
184,09:39:46,4.77,0.01,305,145185,买盘
185,09:39:49,4.76,-0.01,33,15708,卖盘
186,09:39:52,4.76,0.0,1,476,买盘
187,09:39:58,4.76,0.0,20,9520,买盘
188,09:40:01,4.75,-0.01,1159,551650,卖盘
189,09:40:07,4.75,0.0,24,11413,卖盘
190,09:40:10,4.76,0.01,33,15708,买盘
191,09:40:13,4.76,0.0,76,36176,卖盘
192,09:40:16,4.76,0.0,224,106609,买盘
193,09:40:25,4.75,-0.01,47,22346,卖盘
194,09:40:27,4.76,0.01,58,27642,买盘
195,09:40:31,4.75,-0.01,20,9500,卖盘
196,09:40:36,4.75,0.0,23,10933,卖盘
197,09:40:40,4.76,0.01,15,7140,买盘
198,09:40:46,4.75,-0.01,53,25175,卖盘
199,09:40:49,4.75,0.0,192,91200,卖盘
200,09:40:52,4.75,0.0,539,256005,卖盘
201,09:40:54,4.75,0.0,30,14250,买盘
202,09:40:58,4.75,0.0,2,950,买盘
203,09:41:01,4.74,-0.01,107,50738,卖盘
204,09:41:04,4.76,0.02,101,48074,买盘
205,09:41:07,4.75,-0.01,18,8550,卖盘
206,09:41:10,4.75,0.0,540,256043,卖盘
207,09:41:12,4.75,0.0,2,950,卖盘
208,09:41:22,4.76,0.01,31,14756,买盘
209,09:41:25,4.75,-0.01,21,9982,卖盘
210,09:41:36,4.77,0.02,63,30051,买盘
211,09:41:39,4.76,-0.01,10,4760,卖盘
212,09:41:42,4.74,-0.02,1015,482035,卖盘
213,09:41:46,4.76,0.02,3,1428,卖盘
214,09:41:49,4.77,0.01,21,10006,买盘
215,09:41:52,4.77,0.0,35,16686,买盘
216,09:41:58,4.76,-0.01,14,6664,卖盘
217,09:42:00,4.77,0.01,1,477,买盘
218,09:42:04,4.76,-0.01,101,48089,卖盘
219,09:42:07,4.77,0.01,20,9540,买盘
220,09:42:10,4.77,0.0,122,58194,买盘
221,09:42:13,4.77,0.0,191,90814,买盘
222,09:42:19,4.77,0.0,3,1431,卖盘
223,09:42:25,4.77,0.0,76,36260,卖盘
224,09:42:28,4.78,0.01,40,19120,买盘
225,09:42:31,4.77,-0.01,14,6678,卖盘
226,09:42:34,4.77,0.0,8,3816,卖盘
227,09:42:36,4.78,0.01,20,9560,买盘
228,09:42:40,4.78,0.0,118,56312,买盘
229,09:42:46,4.77,-0.01,68,32495,卖盘
230,09:42:49,4.78,0.01,70,33460,买盘
231,09:42:52,4.78,0.0,4,1912,买盘
232,09:42:55,4.78,0.0,35,16697,买盘
233,09:42:57,4.78,0.0,5,2390,买盘
234,09:43:06,4.78,0.0,13,6214,买盘
235,09:43:13,4.78,0.0,6,2868,买盘
236,09:43:16,4.77,-0.01,62,29580,卖盘
237,09:43:19,4.78,0.01,185,88255,买盘
238,09:43:22,4.78,0.0,55,26290,买盘
239,09:43:25,4.78,0.0,12,5736,买盘
240,09:43:28,4.78,0.0,27,12906,买盘
241,09:43:31,4.78,0.0,130,62140,买盘
242,09:43:33,4.77,-0.01,77,36729,卖盘
243,09:43:37,4.77,0.0,54,25758,买盘
244,09:43:43,4.76,-0.01,24,11428,卖盘
245,09:43:49,4.76,0.0,25,11900,卖盘
246,09:43:52,4.77,0.01,5,2385,买盘
247,09:43:54,4.77,0.0,40,19080,买盘
248,09:44:01,4.76,-0.01,12,5712,卖盘
249,09:44:07,4.76,0.0,435,207110,卖盘
250,09:44:09,4.77,0.01,1,477,买盘
251,09:44:12,4.76,-0.01,30,14280,卖盘
252,09:44:16,4.77,0.01,15,7155,买盘
253,09:44:19,4.76,-0.01,73,34751,卖盘
254,09:44:22,4.76,0.0,29,13804,卖盘
255,09:44:25,4.76,0.0,21,9996,卖盘
256,09:44:27,4.77,0.01,180,85730,买盘
257,09:44:31,4.76,-0.01,11,5236,卖盘
258,09:44:33,4.76,0.0,25,11900,卖盘
259,09:44:37,4.76,0.0,30,14280,卖盘
260,09:44:39,4.77,0.01,10,4770,买盘
261,09:44:46,4.76,-0.01,34,16184,卖盘
262,09:44:49,4.76,0.0,31,14756,卖盘
263,09:44:58,4.76,0.0,1,476,卖盘
264,09:45:01,4.76,0.0,108,51408,卖盘
265,09:45:04,4.76,0.0,21,9996,卖盘
266,09:45:07,4.76,0.0,83,39508,卖盘
267,09:45:10,4.77,0.01,23,10971,买盘
268,09:45:13,4.76,-0.01,9,4284,卖盘
269,09:45:19,4.77,0.01,3,1431,买盘
270,09:45:22,4.76,-0.01,36,17136,卖盘
271,09:45:25,4.76,0.0,55,26180,卖盘
272,09:45:28,4.77,0.01,2,954,买盘
273,09:45:31,4.76,-0.01,37,17612,卖盘
274,09:45:40,4.77,0.01,1,477,买盘
275,09:45:46,4.76,-0.01,21,9996,卖盘
276,09:45:48,4.76,0.0,2,952,卖盘
277,09:45:52,4.76,0.0,31,14756,卖盘
278,09:45:55,4.77,0.01,92,43884,买盘
279,09:45:58,4.76,-0.01,11,5236,卖盘
280,09:46:04,4.76,0.0,12,5712,卖盘
281,09:46:10,4.77,0.01,12,5724,买盘
282,09:46:13,4.76,-0.01,84,39984,卖盘
283,09:46:16,4.77,0.01,272,129494,买盘
284,09:46:22,4.76,-0.01,316,150416,卖盘
285,09:46:28,4.76,0.0,66,31416,卖盘
286,09:46:37,4.76,0.0,23,10948,卖盘
287,09:46:39,4.77,0.01,121,57616,买盘
288,09:46:43,4.76,-0.01,6,2856,卖盘
289,09:46:46,4.77,0.01,7,3336,买盘
290,09:46:55,4.76,-0.01,80,38080,卖盘
291,09:47:04,4.76,0.0,42,19992,卖盘
292,09:47:10,4.76,0.0,100,47600,卖盘
293,09:47:13,4.76,0.0,84,39984,卖盘
294,09:47:19,4.77,0.01,32,15264,买盘
295,09:47:22,4.77,0.0,25,11925,买盘
296,09:47:25,4.77,0.0,53,25231,买盘
297,09:47:31,4.78,0.01,300,143121,买盘
298,09:47:52,4.77,-0.01,154,73458,卖盘
299,09:47:55,4.77,0.0,23,10971,卖盘
300,09:48:01,4.78,0.01,5,2390,买盘
301,09:48:07,4.77,-0.01,8,3819,卖盘
302,09:48:10,4.77,0.0,94,44838,卖盘
303,09:48:13,4.78,0.01,5,2390,买盘
304,09:48:25,4.78,0.0,215,102570,买盘
305,09:48:28,4.78,0.0,19,9082,买盘
306,09:48:31,4.77,-0.01,13,6204,卖盘
307,09:48:34,4.76,-0.01,96,45712,卖盘
308,09:48:37,4.78,0.02,394,188302,买盘
309,09:48:40,4.77,-0.01,8,3816,卖盘
310,09:48:46,4.78,0.01,4,1912,买盘
311,09:48:51,4.77,-0.01,70,33390,卖盘
312,09:48:55,4.77,0.0,230,109710,卖盘
313,09:48:58,4.76,-0.01,84,39984,卖盘
314,09:49:01,4.77,0.01,52,24804,买盘
315,09:49:04,4.77,0.0,40,19080,买盘
316,09:49:07,4.77,0.0,3,1431,买盘
317,09:49:10,4.76,-0.01,25,11900,卖盘
318,09:49:19,4.76,0.0,15,7140,卖盘
319,09:49:22,4.77,0.01,6,2862,买盘
320,09:49:25,4.77,0.0,20,9540,买盘
321,09:49:28,4.76,-0.01,200,95385,卖盘
322,09:49:31,4.76,0.0,16,7616,卖盘
323,09:49:37,4.77,0.01,114,54378,买盘
324,09:49:40,4.77,0.0,2,954,卖盘
325,09:49:42,4.77,0.0,2,954,卖盘
326,09:50:01,4.77,0.0,2,954,卖盘
327,09:50:07,4.77,0.0,5,2385,卖盘
328,09:50:10,4.77,0.0,133,63523,卖盘
329,09:50:19,4.77,0.0,32,15264,卖盘
330,09:50:24,4.77,0.0,26,12402,卖盘
331,09:50:34,4.77,0.0,37,17649,卖盘
332,09:50:37,4.77,0.0,5,2385,卖盘
333,09:50:40,4.77,0.0,90,42930,卖盘
334,09:50:43,4.77,0.0,216,103032,卖盘
335,09:50:46,4.77,0.0,37,17649,卖盘
336,09:50:52,4.78,0.01,16,7648,买盘
337,09:50:55,4.77,-0.01,315,150255,卖盘
338,09:50:58,4.77,0.0,20,9540,卖盘
339,09:51:07,4.77,0.0,161,76797,卖盘
340,09:51:09,4.77,0.0,115,54845,买盘
341,09:51:16,4.77,0.0,10,4770,买盘
342,09:51:22,4.76,-0.01,124,59024,卖盘
343,09:51:25,4.76,0.0,78,37148,卖盘
344,09:51:27,4.76,0.0,504,239904,卖盘
345,09:51:30,4.76,0.0,68,32368,卖盘
346,09:51:34,4.77,0.01,138,65722,买盘
347,09:51:36,4.76,-0.01,182,86632,中性盘
348,09:51:40,4.77,0.01,15,7145,买盘
349,09:51:43,4.75,-0.02,133,63192,卖盘
350,09:51:46,4.76,0.01,20,9520,中性盘
351,09:51:49,4.76,0.0,36,17136,买盘
352,09:51:52,4.76,0.0,3,1428,卖盘
353,09:51:55,4.76,0.0,33,15708,卖盘
354,09:51:57,4.76,0.0,31,14756,买盘
355,09:52:01,4.76,0.0,327,155331,买盘
356,09:52:06,4.75,-0.01,190,90260,卖盘
357,09:52:09,4.76,0.01,10,4760,买盘
358,09:52:16,4.75,-0.01,203,96430,卖盘
359,09:52:22,4.75,0.0,1,475,卖盘
360,09:52:31,4.75,0.0,176,83600,卖盘
361,09:52:36,4.75,0.0,8,3800,卖盘
362,09:52:40,4.74,-0.01,926,439278,卖盘
363,09:52:43,4.74,0.0,310,147476,卖盘
364,09:52:45,4.75,0.01,46,21850,买盘
365,09:52:49,4.74,-0.01,490,232324,卖盘
366,09:52:52,4.74,0.0,100,47400,买盘
367,09:52:55,4.73,-0.01,534,252582,卖盘
368,09:52:58,4.74,0.01,8,3792,买盘
369,09:53:01,4.73,-0.01,918,434117,卖盘
370,09:53:04,4.72,-0.01,220,103845,卖盘
371,09:53:07,4.72,0.0,695,328046,卖盘
372,09:53:09,4.71,-0.01,1316,620827,卖盘
373,09:53:13,4.71,0.0,158,74504,卖盘
374,09:53:16,4.72,0.01,5,2360,买盘
375,09:53:19,4.71,-0.01,129,60774,卖盘
376,09:53:22,4.71,0.0,72,33926,卖盘
377,09:53:25,4.71,0.0,399,187929,卖盘
378,09:53:28,4.71,0.0,685,322635,卖盘
379,09:53:31,4.7,-0.01,665,312665,卖盘
380,09:53:33,4.71,0.01,5,2351,买盘
381,09:53:37,4.7,-0.01,555,260957,卖盘
382,09:53:40,4.71,0.01,403,189522,买盘
383,09:53:43,4.7,-0.01,784,368557,卖盘
384,09:53:46,4.7,0.0,83,38987,卖盘
385,09:53:49,4.7,0.0,226,106125,买盘
386,09:53:52,4.7,0.0,120,56400,买盘
387,09:53:55,4.7,0.0,130,61100,买盘
388,09:53:58,4.7,0.0,337,158365,买盘
389,09:54:01,4.7,0.0,186,87420,买盘
390,09:54:04,4.7,0.0,291,136770,卖盘
391,09:54:07,4.7,0.0,37,17390,卖盘
392,09:54:13,4.7,0.0,21,9870,卖盘
393,09:54:16,4.7,0.0,6,2820,卖盘
394,09:54:19,4.7,0.0,206,96991,卖盘
395,09:54:22,4.71,0.01,307,144597,买盘
396,09:54:25,4.7,-0.01,478,224692,卖盘
397,09:54:28,4.72,0.02,13,6136,买盘
398,09:54:31,4.71,-0.01,169,79470,卖盘
399,09:54:37,4.71,0.0,5,2355,卖盘
400,09:54:40,4.72,0.01,8,3776,买盘
401,09:54:43,4.72,0.0,55,25960,买盘
402,09:54:46,4.71,-0.01,110,51817,卖盘
403,09:54:49,4.72,0.01,516,243552,买盘
404,09:54:52,4.72,0.0,740,349040,买盘
405,09:54:55,4.72,0.0,297,140184,买盘
406,09:54:58,4.72,0.0,10,4720,卖盘
407,09:55:04,4.73,0.01,51,24091,买盘
408,09:55:06,4.73,0.0,238,112566,买盘
409,09:55:10,4.72,-0.01,81,38253,卖盘
410,09:55:12,4.72,0.0,110,51930,卖盘
411,09:55:16,4.72,0.0,215,101480,卖盘
412,09:55:19,4.73,0.01,62,29326,买盘
413,09:55:21,4.73,0.0,34,16083,卖盘
414,09:55:25,4.73,0.0,40,18900,买盘
415,09:55:28,4.73,0.0,1,473,买盘
416,09:55:31,4.73,0.0,42,19866,买盘
417,09:55:34,4.73,0.0,37,17501,买盘
418,09:55:40,4.73,0.0,89,42097,卖盘
419,09:55:43,4.73,0.0,143,67639,卖盘
420,09:55:46,4.73,0.0,1,473,卖盘
421,09:55:48,4.74,0.01,39,18486,买盘
422,09:55:52,4.74,0.0,130,61530,买盘
423,09:56:01,4.74,0.0,5,2370,买盘
424,09:56:04,4.74,0.0,10,4740,买盘
425,09:56:06,4.74,0.0,4,1896,买盘
426,09:56:09,4.73,-0.01,9,4260,卖盘
427,09:56:13,4.73,0.0,13,6149,卖盘
428,09:56:16,4.74,0.01,7,3318,买盘
429,09:56:19,4.74,0.0,10,4740,买盘
430,09:56:22,4.73,-0.01,57,27008,卖盘
431,09:56:28,4.74,0.01,42,19908,买盘
432,09:56:31,4.74,0.0,75,35550,卖盘
433,09:56:37,4.73,-0.01,100,47300,卖盘
434,09:56:40,4.74,0.01,124,58692,买盘
435,09:56:43,4.73,-0.01,37,17501,卖盘
436,09:56:46,4.73,0.0,20,9460,买盘
437,09:56:49,4.73,0.0,40,18920,买盘
438,09:56:52,4.72,-0.01,9,4248,卖盘
439,09:56:55,4.72,0.0,17,8024,卖盘
440,09:56:58,4.72,0.0,35,16520,卖盘
441,09:57:07,4.73,0.01,2,946,买盘
442,09:57:10,4.72,-0.01,68,32096,卖盘
443,09:57:13,4.72,0.0,6,2832,卖盘
444,09:57:22,4.72,0.0,10,4720,卖盘
445,09:57:28,4.69,-0.03,4092,1927102,卖盘
446,09:57:31,4.7,0.01,46,21620,买盘
447,09:57:33,4.7,0.0,50,23500,买盘
448,09:57:37,4.69,-0.01,32,15035,卖盘
449,09:57:40,4.69,0.0,214,100366,卖盘
450,09:57:46,4.69,0.0,95,44555,卖盘
451,09:57:52,4.69,0.0,198,92724,买盘
452,09:57:55,4.69,0.0,62,29018,买盘
453,09:57:57,4.68,-0.01,199,93262,卖盘
454,09:58:01,4.69,0.01,179,83919,买盘
455,09:58:04,4.67,-0.02,2013,941953,卖盘
456,09:58:07,4.69,0.02,20,9395,卖盘
457,09:58:10,4.68,-0.01,275,128748,卖盘
458,09:58:12,4.69,0.01,31,14526,买盘
459,09:58:16,4.69,0.0,143,67062,卖盘
460,09:58:19,4.69,0.0,210,98490,买盘
461,09:58:22,4.69,0.0,240,112455,买盘
462,09:58:25,4.69,0.0,10,4700,卖盘
463,09:58:28,4.68,-0.01,2000,936603,卖盘
464,09:58:30,4.69,0.01,10,4690,卖盘
465,09:58:33,4.7,0.01,33,15482,中性盘
466,09:58:37,4.69,-0.01,33,15480,卖盘
467,09:58:40,4.69,0.0,456,213664,卖盘
468,09:58:46,4.68,-0.01,25,11710,卖盘
469,09:58:51,4.69,0.01,3,1407,买盘
470,09:58:54,4.69,0.0,555,259543,买盘
471,09:59:01,4.68,-0.01,3,1404,买盘
472,09:59:04,4.68,0.0,43,20124,买盘
473,09:59:07,4.67,-0.01,488,227927,卖盘
474,09:59:10,4.68,0.01,23,10761,买盘
475,09:59:12,4.67,-0.01,524,244731,卖盘
476,09:59:16,4.67,0.0,430,200750,买盘
477,09:59:19,4.67,0.0,127,59312,卖盘
478,09:59:22,4.68,0.01,207,96871,买盘
479,09:59:24,4.68,0.0,10,4680,买盘
480,09:59:28,4.67,-0.01,136,63553,卖盘
481,09:59:30,4.68,0.01,22,10276,中性盘
482,09:59:34,4.68,0.0,108,50544,卖盘
483,09:59:37,4.69,0.01,120,56280,买盘
484,09:59:42,4.68,-0.01,527,246616,卖盘
485,09:59:45,4.68,0.0,103,48204,买盘
486,09:59:49,4.69,0.01,143,67009,买盘
487,09:59:52,4.69,0.0,3,1407,买盘
488,09:59:55,4.69,0.0,38,17776,买盘
489,09:59:58,4.7,0.01,107,50237,买盘
490,10:00:04,4.68,-0.02,126,59068,卖盘
491,10:00:16,4.7,0.02,15,7050,买盘
492,10:00:19,4.7,0.0,21,9870,买盘
493,10:00:25,4.7,0.0,70,32900,买盘
494,10:00:28,4.7,0.0,57,26790,买盘
495,10:00:31,4.69,-0.01,116,54512,卖盘
496,10:00:34,4.7,0.01,2,940,买盘
497,10:00:37,4.7,0.0,7,3290,买盘
498,10:00:40,4.69,-0.01,97,45493,卖盘
499,10:00:43,4.69,0.0,220,103210,卖盘
500,10:00:46,4.7,0.01,40,18800,买盘
501,10:00:57,4.69,-0.01,53,24857,卖盘
502,10:01:01,4.7,0.01,17,7990,买盘
503,10:01:04,4.69,-0.01,113,52997,卖盘
504,10:01:10,4.7,0.01,3,1410,买盘
505,10:01:15,4.7,0.0,154,72380,买盘
506,10:01:22,4.69,-0.01,599,281296,卖盘
507,10:01:24,4.7,0.01,3,1410,卖盘
508,10:01:33,4.71,0.01,85,40035,买盘
509,10:01:40,4.71,0.0,405,190755,卖盘
510,10:01:42,4.71,0.0,22,10362,卖盘
511,10:01:46,4.72,0.01,42,19824,买盘
512,10:01:49,4.72,0.0,22,10385,买盘
513,10:01:55,4.72,0.0,30,14160,买盘
514,10:02:01,4.72,0.0,50,23600,买盘
515,10:02:04,4.72,0.0,5,2360,买盘
516,10:02:07,4.72,0.0,5,2360,买盘
517,10:02:09,4.72,0.0,7,3304,买盘
518,10:02:12,4.72,0.0,5,2360,买盘
519,10:02:16,4.72,0.0,182,85904,买盘
520,10:02:19,4.72,0.0,24,11328,买盘
521,10:02:22,4.71,-0.01,88,41448,卖盘
522,10:02:24,4.72,0.01,10,4720,买盘
523,10:02:28,4.72,0.0,17,8024,买盘
524,10:02:31,4.72,0.0,96,45312,买盘
525,10:02:34,4.72,0.0,52,24544,卖盘
526,10:02:37,4.72,0.0,12,5664,卖盘
527,10:02:40,4.72,0.0,73,34456,买盘
528,10:02:49,4.72,0.0,90,42480,买盘
529,10:02:52,4.72,0.0,80,37760,买盘
530,10:02:58,4.71,-0.01,51,24042,卖盘
531,10:03:01,4.72,0.01,70,33040,买盘
532,10:03:04,4.71,-0.01,200,94370,卖盘
533,10:03:07,4.71,0.0,5,2355,卖盘
534,10:03:19,4.7,-0.01,671,315666,卖盘
535,10:03:21,4.7,0.0,205,96350,买盘
536,10:03:28,4.7,0.0,23,10810,买盘
537,10:03:31,4.7,0.0,15,7050,买盘
538,10:03:34,4.7,0.0,91,42770,买盘
539,10:03:43,4.7,0.0,53,24910,卖盘
540,10:03:46,4.7,0.0,24,11280,卖盘
541,10:03:48,4.7,0.0,221,103870,卖盘
542,10:03:51,4.7,0.0,51,23970,买盘
543,10:03:55,4.7,0.0,20,9400,卖盘
544,10:03:57,4.7,0.0,1,470,卖盘
545,10:04:04,4.7,0.0,307,144290,卖盘
546,10:04:10,4.7,0.0,18,8460,买盘
547,10:04:16,4.7,0.0,50,23500,买盘
548,10:04:19,4.7,0.0,357,167790,买盘
549,10:04:25,4.7,0.0,46,21620,卖盘
550,10:04:28,4.7,0.0,143,67210,卖盘
551,10:04:31,4.69,-0.01,13,6097,卖盘
552,10:04:33,4.7,0.01,2,940,买盘
553,10:04:37,4.7,0.0,60,28200,买盘
554,10:04:40,4.69,-0.01,20,9380,卖盘
555,10:04:43,4.7,0.01,279,131130,买盘
556,10:04:46,4.7,0.0,16,7520,买盘
557,10:04:49,4.69,-0.01,313,146811,卖盘
558,10:04:52,4.69,0.0,331,155428,卖盘
559,10:04:57,4.69,0.0,5,2345,卖盘
560,10:05:10,4.69,0.0,50,23450,卖盘
561,10:05:13,4.69,0.0,2,938,卖盘
562,10:05:19,4.69,0.0,17,7988,卖盘
563,10:05:22,4.7,0.01,10,4700,买盘
564,10:05:25,4.69,-0.01,120,56394,卖盘
565,10:05:28,4.71,0.02,2,942,买盘
566,10:05:37,4.71,0.0,30,14130,买盘
567,10:05:39,4.7,-0.01,85,39950,卖盘
568,10:05:42,4.71,0.01,2,942,买盘
569,10:05:45,4.71,0.0,370,173920,买盘
570,10:05:52,4.7,-0.01,46,21620,卖盘
571,10:05:58,4.7,0.0,50,23500,买盘
572,10:06:01,4.7,0.0,134,62980,买盘
573,10:06:04,4.7,0.0,4,1880,卖盘
574,10:06:07,4.7,0.0,16,7520,卖盘
575,10:06:19,4.71,0.01,25,11770,买盘
576,10:06:22,4.68,-0.03,865,405665,卖盘
577,10:06:25,4.7,0.02,20,9400,卖盘
578,10:06:30,4.7,0.0,3,1410,买盘
579,10:06:34,4.7,0.0,153,71910,买盘
580,10:06:43,4.7,0.0,26,12220,卖盘
581,10:06:46,4.71,0.01,295,138945,买盘
582,10:06:49,4.71,0.0,5,2355,卖盘
583,10:06:58,4.71,0.0,66,31086,卖盘
584,10:07:01,4.72,0.01,195,91915,买盘
585,10:07:04,4.72,0.0,245,115595,买盘
586,10:07:07,4.72,0.0,40,18880,买盘
587,10:07:10,4.72,0.0,194,91568,买盘
588,10:07:13,4.72,0.0,121,57112,买盘
589,10:07:15,4.72,0.0,19,8968,买盘
590,10:07:28,4.72,0.0,1522,719875,卖盘
591,10:07:33,4.72,0.0,2,944,卖盘
592,10:07:49,4.73,0.01,235,111155,买盘
593,10:07:55,4.73,0.0,36,17028,买盘
594,10:08:04,4.72,-0.01,35,16520,卖盘
595,10:08:16,4.73,0.01,50,23650,买盘
596,10:08:24,4.72,-0.01,257,121304,卖盘
597,10:08:27,4.72,0.0,61,28792,买盘
598,10:08:31,4.72,0.0,20,9440,买盘
599,10:08:33,4.72,0.0,7,3304,买盘
600,10:08:37,4.71,-0.01,9,4243,卖盘
601,10:08:40,4.72,0.01,63,29694,买盘
602,10:08:58,4.72,0.0,2,944,买盘
603,10:09:04,4.71,-0.01,48,22608,卖盘
604,10:09:10,4.71,0.0,490,230790,卖盘
605,10:09:16,4.71,0.0,13,6123,卖盘
606,10:09:28,4.7,-0.01,1,470,卖盘
607,10:09:31,4.71,0.01,39,18369,买盘
608,10:09:37,4.71,0.0,50,23550,买盘
609,10:09:55,4.71,0.0,50,23550,买盘
610,10:09:58,4.71,0.0,25,11775,买盘
611,10:10:12,4.72,0.01,1,472,买盘
612,10:10:22,4.71,-0.01,20,9420,卖盘
613,10:10:25,4.71,0.0,3,1413,卖盘
614,10:10:31,4.72,0.01,16,7552,买盘
615,10:10:37,4.71,-0.01,414,194994,卖盘
616,10:10:40,4.7,-0.01,83,39010,卖盘
617,10:10:58,4.71,0.01,31,14601,买盘
618,10:11:10,4.7,-0.01,53,24950,卖盘
619,10:11:13,4.7,0.0,218,102460,卖盘
620,10:11:19,4.72,0.02,202,95343,买盘
621,10:11:22,4.72,0.0,3,1416,卖盘
622,10:11:24,4.72,0.0,10,4720,卖盘
623,10:11:30,4.72,0.0,183,86376,卖盘
624,10:11:34,4.73,0.01,22,10406,买盘
625,10:11:42,4.73,0.0,5,2365,买盘
626,10:11:58,4.73,0.0,8,3784,买盘
627,10:12:13,4.72,-0.01,30,14160,卖盘
628,10:12:16,4.72,0.0,4,1888,卖盘
629,10:12:25,4.73,0.01,65,30745,买盘
630,10:12:28,4.73,0.0,48,22704,卖盘
631,10:12:30,4.73,0.0,4,1892,卖盘
632,10:12:33,4.72,-0.01,80,37785,卖盘
633,10:12:58,4.73,0.01,12,5676,买盘
634,10:13:07,4.72,-0.01,2,944,卖盘
635,10:13:10,4.73,0.01,7,3311,买盘
636,10:13:13,4.72,-0.01,109,51448,卖盘
637,10:13:18,4.72,0.0,93,43896,卖盘
638,10:13:22,4.73,0.01,188,88817,买盘
639,10:13:34,4.72,-0.01,100,47200,买盘
640,10:13:36,4.73,0.01,200,94560,买盘
641,10:13:40,4.72,-0.01,7,3304,买盘
642,10:13:52,4.72,0.0,32,15104,买盘
643,10:14:13,4.71,-0.01,6,2826,卖盘
644,10:14:15,4.72,0.01,42,19824,买盘
645,10:14:19,4.72,0.0,10,4720,买盘
646,10:14:22,4.71,-0.01,16,7536,卖盘
647,10:14:25,4.72,0.01,10,4720,买盘
648,10:14:37,4.71,-0.01,8,3768,卖盘
649,10:14:43,4.71,0.0,50,23550,卖盘
650,10:15:01,4.71,0.0,10,4710,卖盘
651,10:15:19,4.71,0.0,1,471,卖盘
652,10:15:27,4.72,0.01,2,944,买盘
653,10:15:33,4.72,0.0,132,62187,买盘
654,10:15:40,4.72,0.0,18,8496,买盘
655,10:15:43,4.71,-0.01,50,23552,卖盘
656,10:15:52,4.72,0.01,15,7080,卖盘
657,10:15:55,4.73,0.01,5,2365,买盘
658,10:16:01,4.72,-0.01,85,40120,卖盘
659,10:16:04,4.72,0.0,7,3304,买盘
660,10:16:25,4.72,0.0,2,944,买盘
661,10:16:31,4.71,-0.01,16,7536,卖盘
662,10:16:33,4.72,0.01,59,27848,买盘
663,10:16:40,4.72,0.0,11,5192,卖盘
664,10:16:49,4.73,0.01,5,2365,买盘
665,10:16:55,4.72,-0.01,62,29264,卖盘
666,10:17:13,4.71,-0.01,6,2826,卖盘
667,10:17:34,4.72,0.01,70,33040,买盘
668,10:17:37,4.71,-0.01,2,942,卖盘
669,10:17:58,4.71,0.0,5,2357,卖盘
670,10:18:01,4.72,0.01,4,1888,买盘
671,10:18:04,4.71,-0.01,17,8010,卖盘
672,10:18:07,4.72,0.01,2,944,买盘
673,10:18:13,4.72,0.0,1,472,买盘
674,10:18:16,4.72,0.0,1,472,买盘
675,10:18:18,4.72,0.0,1,472,买盘
676,10:18:22,4.72,0.0,1,472,买盘
677,10:18:24,4.72,0.0,1,472,买盘
678,10:18:28,4.72,0.0,1,472,买盘
679,10:18:31,4.72,0.0,1,472,买盘
680,10:18:34,4.72,0.0,1,472,买盘
681,10:18:37,4.72,0.0,1,472,买盘
682,10:18:40,4.72,0.0,1,472,买盘
683,10:18:58,4.72,0.0,24,11328,卖盘
684,10:19:10,4.73,0.01,35,16555,买盘
685,10:19:12,4.72,-0.01,16,7552,卖盘
686,10:19:19,4.73,0.01,10,4730,买盘
687,10:19:27,4.72,-0.01,23,10878,卖盘
688,10:19:31,4.73,0.01,1,473,买盘
689,10:19:37,4.73,0.0,29,13717,卖盘
690,10:19:43,4.73,0.0,19,8970,买盘
691,10:19:49,4.73,0.0,6,2838,买盘
692,10:19:52,4.73,0.0,85,40205,买盘
693,10:19:55,4.73,0.0,216,101978,买盘
694,10:20:01,4.72,-0.01,46,21712,卖盘
695,10:20:04,4.72,0.0,20,9440,卖盘
696,10:20:07,4.72,0.0,78,36816,卖盘
697,10:20:10,4.72,0.0,43,20296,卖盘
698,10:20:13,4.72,0.0,5,2360,买盘
699,10:20:16,4.72,0.0,69,32568,买盘
700,10:20:22,4.72,0.0,1,472,买盘
701,10:20:28,4.71,-0.01,222,104562,卖盘
702,10:20:31,4.72,0.01,21,9912,买盘
703,10:20:34,4.71,-0.01,265,124873,卖盘
704,10:20:37,4.71,0.0,50,23550,卖盘
705,10:20:43,4.72,0.01,10,4720,卖盘
706,10:20:49,4.72,0.0,3,1416,卖盘
707,10:20:51,4.71,-0.01,100,47150,卖盘
708,10:20:55,4.71,0.0,3,1413,卖盘
709,10:20:58,4.72,0.01,46,21712,买盘
710,10:21:01,4.72,0.0,11,5192,买盘
711,10:21:04,4.71,-0.01,60,28280,卖盘
712,10:21:13,4.71,0.0,25,11775,卖盘
713,10:21:19,4.72,0.01,10,4720,买盘
714,10:21:22,4.71,-0.01,1000,471000,卖盘
715,10:21:28,4.71,0.0,1,471,卖盘
716,10:21:37,4.71,0.0,8,3768,卖盘
717,10:21:46,4.71,0.0,5,2355,卖盘
718,10:21:52,4.71,0.0,527,248217,卖盘
719,10:21:55,4.71,0.0,109,51339,卖盘
720,10:21:57,4.7,-0.01,442,207932,卖盘
721,10:22:04,4.71,0.01,10,4710,买盘
722,10:22:07,4.7,-0.01,8,3760,卖盘
723,10:22:13,4.7,0.0,13,6110,卖盘
724,10:22:25,4.7,0.0,297,139590,卖盘
725,10:22:30,4.7,0.0,562,264140,卖盘
726,10:22:33,4.71,0.01,109,51330,买盘
727,10:22:36,4.71,0.0,10,4710,买盘
728,10:22:39,4.7,-0.01,26,12220,卖盘
729,10:22:43,4.71,0.01,5,2355,买盘
730,10:22:46,4.7,-0.01,200,94000,卖盘
731,10:22:49,4.71,0.01,12,5652,买盘
732,10:22:55,4.7,-0.01,176,82809,卖盘
733,10:23:09,4.7,0.0,26,12233,卖盘
734,10:23:13,4.7,0.0,20,9400,卖盘
735,10:23:31,4.7,0.0,250,117500,卖盘
736,10:23:37,4.71,0.01,135,63470,买盘
737,10:23:42,4.7,-0.01,6,2820,卖盘
738,10:23:48,4.71,0.01,124,58404,买盘
739,10:23:51,4.71,0.0,27,12717,买盘
740,10:23:55,4.71,0.0,40,18810,买盘
741,10:24:04,4.71,0.0,50,23550,买盘
742,10:24:07,4.7,-0.01,102,47940,卖盘
743,10:24:13,4.71,0.01,5,2355,买盘
744,10:24:15,4.7,-0.01,502,235940,卖盘
745,10:24:22,4.71,0.01,123,57933,买盘
746,10:24:27,4.7,-0.01,8,3760,卖盘
747,10:24:31,4.71,0.01,26,12246,买盘
748,10:24:33,4.71,0.0,10,4710,卖盘
749,10:24:37,4.71,0.0,12,5652,卖盘
750,10:24:42,4.71,0.0,71,33441,卖盘
751,10:24:58,4.71,0.0,58,27318,卖盘
752,10:25:07,4.71,0.0,71,33441,买盘
753,10:25:10,4.71,0.0,10,4710,买盘
754,10:25:37,4.71,0.0,1,471,买盘
755,10:25:40,4.71,0.0,30,14130,买盘
756,10:25:48,4.71,0.0,76,35796,买盘
757,10:26:07,4.71,0.0,30,14130,卖盘
758,10:26:10,4.71,0.0,30,14130,卖盘
759,10:26:16,4.71,0.0,15,7065,卖盘
760,10:26:37,4.71,0.0,146,68766,卖盘
761,10:26:40,4.71,0.0,5,2355,卖盘
762,10:26:45,4.72,0.01,5,2360,买盘
763,10:26:49,4.71,-0.01,111,52281,卖盘
764,10:26:52,4.71,0.0,20,9420,买盘
765,10:27:04,4.7,-0.01,11,5176,卖盘
766,10:27:12,4.71,0.01,21,9891,买盘
767,10:27:16,4.71,0.0,20,9420,买盘
768,10:27:21,4.71,0.0,27,12717,买盘
769,10:27:31,4.7,-0.01,300,141000,卖盘
770,10:27:37,4.71,0.01,14,6594,买盘
771,10:27:46,4.71,0.0,46,21666,卖盘
772,10:28:01,4.71,0.0,38,17898,卖盘
773,10:28:04,4.7,-0.01,6,2825,卖盘
774,10:28:10,4.71,0.01,20,9420,买盘
775,10:28:13,4.7,-0.01,70,32900,卖盘
776,10:28:18,4.71,0.01,47,22137,买盘
777,10:28:24,4.7,-0.01,460,216210,卖盘
778,10:28:30,4.71,0.01,20,9420,卖盘
779,10:28:40,4.7,-0.01,189,88830,卖盘
780,10:28:49,4.7,0.0,3,1410,卖盘
781,10:28:52,4.7,0.0,250,117500,卖盘
782,10:28:54,4.7,0.0,9,4230,卖盘
783,10:28:58,4.71,0.01,10,4710,买盘
784,10:29:07,4.7,-0.01,59,27730,卖盘
785,10:29:10,4.7,0.0,63,29610,卖盘
786,10:29:12,4.69,-0.01,96,45024,卖盘
787,10:29:25,4.69,0.0,300,140700,卖盘
788,10:29:31,4.69,0.0,60,28180,卖盘
789,10:29:37,4.69,0.0,10,4690,卖盘
790,10:29:40,4.69,0.0,3,1407,卖盘
791,10:29:43,4.7,0.01,10,4700,买盘
792,10:29:49,4.69,-0.01,213,99897,卖盘
793,10:29:58,4.69,0.0,300,140700,卖盘
794,10:30:04,4.68,-0.01,381,178318,卖盘
795,10:30:12,4.68,0.0,20,9360,卖盘
796,10:30:16,4.69,0.01,486,227450,买盘
797,10:30:19,4.68,-0.01,47,21996,卖盘
798,10:30:25,4.68,0.0,326,152768,卖盘
799,10:30:28,4.68,0.0,214,100157,卖盘
800,10:30:34,4.68,0.0,309,144612,卖盘
801,10:30:37,4.68,0.0,5,2340,买盘
802,10:30:40,4.68,0.0,50,23400,买盘
803,10:30:43,4.68,0.0,79,36937,买盘
804,10:30:49,4.68,0.0,25,11700,买盘
805,10:30:52,4.67,-0.01,333,155511,卖盘
806,10:30:55,4.68,0.01,390,182150,买盘
807,10:30:57,4.68,0.0,49,22932,买盘
808,10:31:01,4.68,0.0,20,9360,买盘
809,10:31:04,4.67,-0.01,17,7949,卖盘
810,10:31:07,4.67,0.0,649,303232,卖盘
811,10:31:10,4.68,0.01,10,4680,买盘
812,10:31:13,4.68,0.0,16,7488,买盘
813,10:31:16,4.67,-0.01,44,20548,卖盘
814,10:31:18,4.68,0.01,158,73794,买盘
815,10:31:21,4.68,0.0,2,936,买盘
816,10:31:24,4.68,0.0,2,936,买盘
817,10:31:28,4.67,-0.01,69,32243,卖盘
818,10:31:31,4.68,0.01,2,936,买盘
819,10:31:34,4.68,0.0,5,2340,买盘
820,10:31:40,4.68,0.0,20,9360,买盘
821,10:31:43,4.68,0.0,53,24804,买盘
822,10:31:46,4.68,0.0,50,23360,买盘
823,10:31:49,4.68,0.0,25,11689,买盘
824,10:31:52,4.68,0.0,10,4680,买盘
825,10:31:55,4.68,0.0,112,52416,买盘
826,10:31:57,4.68,0.0,8,3744,买盘
827,10:32:01,4.68,0.0,185,86580,买盘
828,10:32:04,4.68,0.0,200,93600,买盘
829,10:32:06,4.68,0.0,48,22464,买盘
830,10:32:19,4.68,0.0,88,41184,卖盘
831,10:32:28,4.68,0.0,10,4680,卖盘
832,10:32:31,4.68,0.0,10,4680,卖盘
833,10:32:34,4.68,0.0,53,24804,卖盘
834,10:32:40,4.68,0.0,5,2340,卖盘
835,10:32:42,4.68,0.0,31,14508,卖盘
836,10:32:45,4.69,0.01,30,14070,买盘
837,10:32:48,4.68,-0.01,2,936,卖盘
838,10:33:01,4.69,0.01,113,52997,买盘
839,10:33:04,4.69,0.0,7,3283,买盘
840,10:33:06,4.68,-0.01,490,229320,卖盘
841,10:33:10,4.68,0.0,300,140500,卖盘
842,10:33:13,4.68,0.0,38,17820,卖盘
843,10:33:19,4.68,0.0,39,18246,卖盘
844,10:33:22,4.69,0.01,111,51992,买盘
845,10:33:25,4.69,0.0,10,4690,买盘
846,10:33:30,4.68,-0.01,52,24336,卖盘
847,10:33:36,4.69,0.01,119,55811,买盘
848,10:33:39,4.69,0.0,100,46900,买盘
849,10:33:42,4.68,-0.01,69,32292,卖盘
850,10:33:45,4.69,0.01,89,41741,买盘
851,10:33:52,4.69,0.0,51,23919,卖盘
852,10:33:58,4.69,0.0,2,938,卖盘
853,10:34:09,4.7,0.01,46,21620,买盘
854,10:34:28,4.71,0.01,37,17427,买盘
855,10:34:40,4.71,0.0,15,7065,买盘
856,10:35:01,4.71,0.0,8,3768,买盘
857,10:35:16,4.71,0.0,11,5181,买盘
858,10:35:19,4.7,-0.01,100,47000,卖盘
859,10:35:22,4.7,0.0,244,114526,卖盘
860,10:35:34,4.7,0.0,43,20210,买盘
861,10:36:01,4.69,-0.01,96,45024,卖盘
862,10:36:04,4.69,0.0,100,46900,买盘
863,10:36:07,4.66,-0.03,2588,1207162,卖盘
864,10:36:22,4.68,0.02,1,468,买盘
865,10:36:25,4.67,-0.01,73,34091,卖盘
866,10:36:28,4.66,-0.01,95,44270,卖盘
867,10:36:31,4.66,0.0,642,299383,卖盘
868,10:36:37,4.67,0.01,6,2802,卖盘
869,10:36:46,4.67,0.0,178,83126,卖盘
870,10:36:52,4.67,0.0,80,37360,卖盘
871,10:36:57,4.67,0.0,100,46720,卖盘
872,10:37:01,4.66,-0.01,44,20524,卖盘
873,10:37:10,4.67,0.01,278,129826,卖盘
874,10:37:12,4.68,0.01,10,4680,买盘
875,10:37:16,4.68,0.0,10,4680,买盘
876,10:37:19,4.67,-0.01,6,2802,卖盘
877,10:37:31,4.67,0.0,53,24781,卖盘
878,10:37:34,4.67,0.0,18,8406,卖盘
879,10:37:37,4.68,0.01,5,2340,买盘
880,10:37:40,4.68,0.0,68,31824,买盘
881,10:37:52,4.69,0.01,50,23450,买盘
882,10:37:54,4.69,0.0,50,23450,中性盘
883,10:37:58,4.68,-0.01,49,22941,卖盘
884,10:38:13,4.69,0.01,5,2345,卖盘
885,10:38:31,4.68,-0.01,5,2340,卖盘
886,10:38:33,4.69,0.01,40,18740,买盘
887,10:38:37,4.68,-0.01,100,46800,卖盘
888,10:39:00,4.69,0.01,50,23450,买盘
889,10:39:04,4.69,0.0,13,6097,买盘
890,10:39:07,4.69,0.0,19,8911,买盘
891,10:39:10,4.69,0.0,135,63315,买盘
892,10:39:16,4.69,0.0,27,12663,买盘
893,10:39:22,4.69,0.0,50,23450,卖盘
894,10:39:28,4.7,0.01,15,7050,买盘
895,10:39:49,4.7,0.0,10,4700,买盘
896,10:39:52,4.69,-0.01,17,7973,卖盘
897,10:39:58,4.69,0.0,21,9854,卖盘
898,10:40:00,4.7,0.01,100,47000,买盘
899,10:40:06,4.7,0.0,10,4700,买盘
900,10:40:16,4.7,0.0,9,4230,买盘
901,10:40:19,4.7,0.0,29,13610,买盘
902,10:40:28,4.7,0.0,50,23490,买盘
903,10:40:34,4.7,0.0,62,29140,买盘
904,10:40:43,4.7,0.0,4,1880,买盘
905,10:40:46,4.7,0.0,1,470,买盘
906,10:40:55,4.69,-0.01,50,23450,卖盘
907,10:41:07,4.69,0.0,100,46900,卖盘
908,10:41:16,4.69,0.0,175,82075,卖盘
909,10:41:21,4.69,0.0,108,50652,卖盘
910,10:41:25,4.69,0.0,50,23450,卖盘
911,10:41:33,4.69,0.0,50,23450,卖盘
912,10:41:39,4.69,0.0,50,23450,卖盘
913,10:41:42,4.69,0.0,14,6566,卖盘
914,10:41:49,4.69,0.0,3,1407,卖盘
915,10:41:52,4.69,0.0,42,19698,卖盘
916,10:42:04,4.69,0.0,22,10318,买盘
917,10:42:07,4.69,0.0,1,469,买盘
918,10:42:09,4.69,0.0,43,20167,买盘
919,10:42:13,4.68,-0.01,42,19663,卖盘
920,10:42:31,4.68,0.0,167,78176,卖盘
921,10:42:37,4.68,0.0,50,23400,卖盘
922,10:42:40,4.68,0.0,119,55692,卖盘
923,10:42:49,4.67,-0.01,1652,773163,卖盘
924,10:42:51,4.68,0.01,9,4212,买盘
925,10:43:07,4.68,0.0,102,47736,卖盘
926,10:43:13,4.67,-0.01,2,934,卖盘
927,10:43:16,4.65,-0.02,2000,931369,卖盘
928,10:43:28,4.65,0.0,254,118110,卖盘
929,10:43:31,4.65,0.0,294,136710,卖盘
930,10:43:34,4.67,0.02,77,35889,买盘
931,10:43:39,4.65,-0.02,166,77190,卖盘
932,10:43:49,4.65,0.0,76,35340,卖盘
933,10:43:55,4.67,0.02,42,19584,买盘
934,10:43:58,4.65,-0.02,36,16740,卖盘
935,10:44:01,4.65,0.0,20,9300,卖盘
936,10:44:04,4.65,0.0,190,88497,卖盘
937,10:44:07,4.65,0.0,20,9300,卖盘
938,10:44:10,4.66,0.01,243,113095,卖盘
939,10:44:13,4.66,0.0,10,4660,卖盘
940,10:44:16,4.66,0.0,27,12582,卖盘
941,10:44:19,4.66,0.0,100,46600,卖盘
942,10:44:22,4.66,0.0,42,19572,买盘
943,10:44:28,4.66,0.0,89,41474,卖盘
944,10:44:36,4.66,0.0,62,28921,卖盘
945,10:44:40,4.66,0.0,125,58250,卖盘
946,10:44:43,4.67,0.01,82,38294,买盘
947,10:44:46,4.66,-0.01,180,83939,卖盘
948,10:44:55,4.68,0.02,19,8892,买盘
949,10:44:58,4.66,-0.02,323,150518,卖盘
950,10:45:04,4.66,0.0,1,466,卖盘
951,10:45:06,4.66,0.0,499,232564,卖盘
952,10:45:10,4.66,0.0,26,12126,卖盘
953,10:45:16,4.67,0.01,55,25737,卖盘
954,10:45:21,4.66,-0.01,665,309947,卖盘
955,10:45:24,4.66,0.0,4,1864,卖盘
956,10:45:34,4.66,0.0,37,17260,卖盘
957,10:45:37,4.66,0.0,419,195254,卖盘
958,10:45:39,4.66,0.0,105,48930,买盘
959,10:45:43,4.66,0.0,30,13980,买盘
960,10:45:49,4.66,0.0,30,13980,买盘
961,10:45:51,4.66,0.0,15,6990,买盘
962,10:45:55,4.66,0.0,66,30756,买盘
963,10:45:58,4.66,0.0,223,103918,卖盘
964,10:46:04,4.65,-0.01,666,310189,卖盘
965,10:46:13,4.67,0.02,13,6071,买盘
966,10:46:19,4.66,-0.01,49,22834,卖盘
967,10:46:22,4.67,0.01,60,28020,买盘
968,10:46:25,4.67,0.0,10,4670,买盘
969,10:46:31,4.67,0.0,60,28010,买盘
970,10:46:33,4.67,0.0,27,12607,买盘
971,10:46:46,4.66,-0.01,330,153820,卖盘
972,10:46:48,4.66,0.0,905,421779,卖盘
973,10:46:52,4.66,0.0,5,2330,买盘
974,10:47:16,4.68,0.02,40,18720,买盘
975,10:47:30,4.68,0.0,16,7488,买盘
976,10:47:43,4.67,-0.01,131,61192,卖盘
977,10:47:55,4.66,-0.01,325,151689,卖盘
978,10:48:04,4.67,0.01,132,61644,买盘
979,10:48:09,4.67,0.0,10,4670,卖盘
980,10:48:13,4.67,0.0,38,17746,卖盘
981,10:48:16,4.67,0.0,192,89664,卖盘
982,10:48:19,4.68,0.01,10,4680,买盘
983,10:48:25,4.67,-0.01,200,93500,卖盘
984,10:48:31,4.68,0.01,1,468,买盘
985,10:48:37,4.67,-0.01,52,24284,卖盘
986,10:48:40,4.68,0.01,22,10296,买盘
987,10:48:43,4.67,-0.01,26,12142,卖盘
988,10:49:10,4.68,0.01,100,46800,买盘
989,10:49:12,4.68,0.0,5,2340,买盘
990,10:49:31,4.68,0.0,15,7020,买盘
991,10:49:40,4.68,0.0,5,2340,买盘
992,10:49:46,4.68,0.0,220,102960,买盘
993,10:49:49,4.68,0.0,24,11232,买盘
994,10:49:55,4.68,0.0,58,27114,买盘
995,10:49:58,4.68,0.0,27,12636,买盘
996,10:50:01,4.68,0.0,8,3744,买盘
997,10:50:06,4.68,0.0,20,9360,卖盘
998,10:50:22,4.69,0.01,10,4690,买盘
999,10:50:28,4.68,-0.01,180,84240,卖盘
1000,10:50:40,4.69,0.01,50,23450,买盘
1001,10:51:07,4.69,0.0,1,469,买盘
1002,10:51:16,4.68,-0.01,1,468,卖盘
1003,10:51:34,4.69,0.01,479,224206,买盘
1004,10:51:37,4.69,0.0,15,7035,买盘
1005,10:51:40,4.68,-0.01,1,468,买盘
1006,10:52:04,4.69,0.01,48,22512,买盘
1007,10:52:18,4.69,0.0,204,95832,卖盘
1008,10:52:28,4.69,0.0,10,4690,买盘
1009,10:52:34,4.69,0.0,4,1876,买盘
1010,10:52:55,4.69,0.0,60,28140,买盘
1011,10:53:01,4.69,0.0,30,14070,买盘
1012,10:53:10,4.68,-0.01,567,265356,卖盘
1013,10:53:34,4.69,0.01,20,9380,买盘
1014,10:53:43,4.69,0.0,22,10318,买盘
1015,10:53:46,4.69,0.0,50,23450,买盘
1016,10:53:52,4.69,0.0,10,4690,买盘
1017,10:54:13,4.69,0.0,50,23450,买盘
1018,10:54:16,4.69,0.0,19,8911,买盘
1019,10:54:19,4.69,0.0,50,23450,买盘
1020,10:55:12,4.69,0.0,20,9380,买盘
1021,10:55:21,4.69,0.0,2,938,买盘
1022,10:55:27,4.68,-0.01,4,1872,卖盘
1023,10:55:36,4.69,0.01,68,31892,买盘
1024,10:55:39,4.69,0.0,1,469,卖盘
1025,10:55:45,4.69,0.0,2,938,卖盘
1026,10:55:58,4.69,0.0,20,9380,卖盘
1027,10:56:15,4.69,0.0,57,26733,卖盘
1028,10:56:21,4.69,0.0,2,938,卖盘
1029,10:56:24,4.69,0.0,17,7973,买盘
1030,10:56:40,4.69,0.0,50,23450,买盘
1031,10:57:04,4.69,0.0,111,52059,买盘
1032,10:57:55,4.69,0.0,58,27202,卖盘
1033,10:58:13,4.7,0.01,2,940,买盘
1034,10:58:16,4.7,0.0,30,14100,买盘
1035,10:58:31,4.7,0.0,20,9400,买盘
1036,10:58:36,4.69,-0.01,262,122878,卖盘
1037,10:58:39,4.69,0.0,5,2345,买盘
1038,10:58:45,4.69,0.0,34,15946,买盘
1039,10:58:49,4.69,0.0,32,15008,买盘
1040,10:58:52,4.69,0.0,5,2345,买盘
1041,10:58:55,4.69,0.0,30,14070,买盘
1042,10:58:58,4.69,0.0,156,73164,卖盘
1043,10:59:07,4.69,0.0,44,20636,买盘
1044,10:59:19,4.69,0.0,19,8911,卖盘
1045,10:59:28,4.69,0.0,20,9380,买盘
1046,10:59:31,4.69,0.0,10,4690,买盘
1047,10:59:37,4.69,0.0,7,3283,买盘
1048,10:59:42,4.68,-0.01,52,24336,卖盘
1049,10:59:46,4.68,0.0,108,50644,卖盘
1050,11:00:10,4.68,0.0,117,54821,卖盘
1051,11:00:25,4.68,0.0,482,225576,卖盘
1052,11:00:40,4.68,0.0,15,7020,买盘
1053,11:00:46,4.68,0.0,30,14040,买盘
1054,11:00:49,4.68,0.0,9,4212,买盘
1055,11:00:57,4.68,0.0,1,468,买盘
1056,11:01:16,4.68,0.0,10,4680,买盘
1057,11:01:25,4.67,-0.01,25,11675,卖盘
1058,11:01:27,4.66,-0.01,1594,743350,卖盘
1059,11:01:31,4.66,0.0,18,8388,买盘
1060,11:01:37,4.66,0.0,5,2330,买盘
1061,11:01:43,4.66,0.0,10,4660,买盘
1062,11:01:49,4.66,0.0,28,13048,买盘
1063,11:01:52,4.66,0.0,404,187861,买盘
1064,11:01:54,4.66,0.0,3,1398,买盘
1065,11:02:06,4.66,0.0,1,466,买盘
1066,11:02:18,4.66,0.0,28,13048,卖盘
1067,11:02:25,4.67,0.01,5,2335,买盘
1068,11:02:36,4.67,0.0,5,2335,卖盘
1069,11:02:40,4.66,-0.01,20,9320,卖盘
1070,11:03:16,4.66,0.0,50,23300,卖盘
1071,11:03:21,4.67,0.01,2,934,买盘
1072,11:03:25,4.67,0.0,10,4670,买盘
1073,11:03:27,4.66,-0.01,20,9320,卖盘
1074,11:03:37,4.66,0.0,28,13048,卖盘
1075,11:03:49,4.67,0.01,10,4670,买盘
1076,11:03:58,4.67,0.0,143,66643,买盘
1077,11:04:06,4.67,0.0,30,14010,买盘
1078,11:04:13,4.66,-0.01,41,19106,卖盘
1079,11:04:18,4.67,0.01,14,6538,买盘
1080,11:04:21,4.67,0.0,20,9340,买盘
1081,11:04:27,4.66,-0.01,10,4660,卖盘
1082,11:04:31,4.67,0.01,14,6538,买盘
1083,11:04:37,4.67,0.0,100,46700,买盘
1084,11:04:40,4.67,0.0,5,2335,买盘
1085,11:04:58,4.67,0.0,20,9340,卖盘
1086,11:05:12,4.68,0.01,3,1404,买盘
1087,11:05:15,4.68,0.0,86,40228,买盘
1088,11:05:31,4.68,0.0,1,468,买盘
1089,11:05:43,4.67,-0.01,11,5137,卖盘
1090,11:05:46,4.68,0.01,30,14040,买盘
1091,11:05:55,4.68,0.0,23,10764,买盘
1092,11:06:19,4.68,0.0,18,8424,买盘
1093,11:06:21,4.68,0.0,2,936,买盘
1094,11:06:43,4.67,-0.01,244,113948,卖盘
1095,11:06:57,4.67,0.0,20,9340,买盘
1096,11:07:00,4.66,-0.01,268,124888,卖盘
1097,11:07:07,4.67,0.01,11,5137,买盘
1098,11:07:16,4.66,-0.01,12,5592,卖盘
1099,11:07:31,4.67,0.01,20,9340,买盘
1100,11:07:43,4.66,-0.01,69,32154,卖盘
1101,11:07:46,4.66,0.0,10,4660,卖盘
1102,11:07:49,4.67,0.01,5,2335,买盘
1103,11:08:01,4.66,-0.01,320,149120,卖盘
1104,11:08:04,4.66,0.0,2,932,卖盘
1105,11:08:10,4.67,0.01,7,3269,买盘
1106,11:08:13,4.66,-0.01,232,108116,卖盘
1107,11:08:16,4.66,0.0,200,93200,买盘
1108,11:08:19,4.65,-0.01,50,23250,卖盘
1109,11:08:37,4.66,0.01,20,9320,买盘
1110,11:08:46,4.65,-0.01,65,30225,卖盘
1111,11:08:48,4.66,0.01,5,2330,买盘
1112,11:09:07,4.68,0.02,10,4680,买盘
1113,11:09:19,4.66,-0.02,24,11184,卖盘
1114,11:09:28,4.66,0.0,3,1398,买盘
1115,11:09:33,4.66,0.0,15,6990,买盘
1116,11:09:40,4.66,0.0,20,9320,买盘
1117,11:09:43,4.66,0.0,59,27494,买盘
1118,11:09:55,4.66,0.0,6,2796,卖盘
1119,11:10:01,4.66,0.0,237,110724,卖盘
1120,11:10:22,4.66,0.0,243,113238,卖盘
1121,11:10:49,4.66,0.0,2,932,卖盘
1122,11:11:18,4.68,0.02,8,3739,买盘
1123,11:11:21,4.68,0.0,10,4680,买盘
1124,11:11:34,4.68,0.0,1,468,买盘
1125,11:11:43,4.67,-0.01,3,1401,卖盘
1126,11:11:45,4.67,0.0,5,2335,买盘
1127,11:11:52,4.67,0.0,83,38761,买盘
1128,11:11:55,4.67,0.0,8,3736,买盘
1129,11:12:01,4.67,0.0,10,4670,买盘
1130,11:12:04,4.67,0.0,1,467,买盘
1131,11:12:06,4.67,0.0,19,8873,买盘
1132,11:12:09,4.67,0.0,80,37360,卖盘
1133,11:12:37,4.67,0.0,5,2335,卖盘
1134,11:12:46,4.68,0.01,100,46800,买盘
1135,11:12:49,4.67,-0.01,45,21015,卖盘
1136,11:13:04,4.68,0.01,20,9360,买盘
1137,11:13:07,4.67,-0.01,6,2802,卖盘
1138,11:13:16,4.68,0.01,34,15912,买盘
1139,11:13:19,4.68,0.0,4,1872,买盘
1140,11:13:28,4.68,0.0,30,14040,买盘
1141,11:13:37,4.68,0.0,11,5148,买盘
1142,11:13:46,4.68,0.0,36,16848,买盘
1143,11:13:54,4.68,0.0,9,4212,买盘
1144,11:13:58,4.67,-0.01,17,7941,卖盘
1145,11:14:19,4.67,0.0,30,14011,卖盘
1146,11:14:28,4.68,0.01,2,936,买盘
1147,11:14:40,4.67,-0.01,17,7939,卖盘
1148,11:14:45,4.67,0.0,71,33157,卖盘
1149,11:15:04,4.67,0.0,124,57908,卖盘
1150,11:15:15,4.66,-0.01,27,12582,卖盘
1151,11:15:19,4.67,0.01,8,3736,买盘
1152,11:15:34,4.67,0.0,83,38761,买盘
1153,11:15:37,4.67,0.0,17,7939,买盘
1154,11:15:40,4.66,-0.01,834,388644,卖盘
1155,11:15:49,4.65,-0.01,29,13485,卖盘
1156,11:15:55,4.65,0.0,16,7440,卖盘
1157,11:16:00,4.66,0.01,80,37280,买盘
1158,11:16:04,4.64,-0.02,1443,670945,卖盘
1159,11:16:06,4.64,0.0,290,134560,卖盘
1160,11:16:10,4.64,0.0,181,84009,卖盘
1161,11:16:13,4.64,0.0,200,92667,卖盘
1162,11:16:22,4.63,-0.01,100,46300,卖盘
1163,11:16:25,4.64,0.01,65,30135,买盘
1164,11:16:28,4.64,0.0,285,132190,买盘
1165,11:16:31,4.63,-0.01,26,12053,卖盘
1166,11:16:34,4.63,0.0,11,5093,卖盘
1167,11:16:40,4.64,0.01,15,6949,买盘
1168,11:16:43,4.65,0.01,255,118108,买盘
1169,11:16:46,4.64,-0.01,10,4640,卖盘
1170,11:16:55,4.64,0.0,154,71432,卖盘
1171,11:17:10,4.64,0.0,139,64496,买盘
1172,11:17:13,4.64,0.0,34,15776,卖盘
1173,11:17:19,4.64,0.0,5,2320,卖盘
1174,11:17:21,4.63,-0.01,84,38915,卖盘
1175,11:17:28,4.65,0.02,66,30670,买盘
1176,11:17:34,4.64,-0.01,42,19488,卖盘
1177,11:17:40,4.64,0.0,30,13920,卖盘
1178,11:17:46,4.64,0.0,90,41760,卖盘
1179,11:18:04,4.64,0.0,5,2320,卖盘
1180,11:18:10,4.64,0.0,383,177712,卖盘
1181,11:18:16,4.64,0.0,80,37120,卖盘
1182,11:18:22,4.65,0.01,50,23250,买盘
1183,11:18:28,4.64,-0.01,22,10208,卖盘
1184,11:18:31,4.64,0.0,4,1856,卖盘
1185,11:18:34,4.65,0.01,559,259935,买盘
1186,11:18:36,4.65,0.0,19,8835,买盘
1187,11:19:01,4.66,0.01,10,4660,买盘
1188,11:19:04,4.66,0.0,50,23300,买盘
1189,11:19:28,4.66,0.0,30,13980,买盘
1190,11:19:34,4.66,0.0,38,17708,买盘
1191,11:19:36,4.65,-0.01,60,27900,卖盘
1192,11:19:43,4.66,0.01,50,23300,买盘
1193,11:19:46,4.66,0.0,4,1864,买盘
1194,11:19:49,4.66,0.0,10,4660,买盘
1195,11:19:55,4.66,0.0,1,466,买盘
1196,11:20:06,4.66,0.0,62,28831,买盘
1197,11:20:19,4.66,0.0,49,22834,买盘
1198,11:20:28,4.65,-0.01,11,5115,卖盘
1199,11:20:31,4.65,0.0,41,19065,卖盘
1200,11:20:34,4.66,0.01,16,7446,买盘
1201,11:20:36,4.65,-0.01,66,30690,卖盘
1202,11:20:45,4.66,0.01,12,5582,买盘
1203,11:20:49,4.65,-0.01,10,4650,卖盘
1204,11:20:55,4.66,0.01,85,39610,买盘
1205,11:20:58,4.65,-0.01,10,4650,卖盘
1206,11:21:12,4.65,0.0,16,7440,卖盘
1207,11:21:25,4.65,0.0,9,4185,卖盘
1208,11:21:30,4.65,0.0,18,8370,卖盘
1209,11:21:37,4.65,0.0,96,44640,卖盘
1210,11:21:39,4.65,0.0,100,46500,卖盘
1211,11:21:55,4.65,0.0,2,930,卖盘
1212,11:22:12,4.66,0.01,46,21427,买盘
1213,11:22:18,4.66,0.0,12,5588,买盘
1214,11:22:21,4.66,0.0,99,46134,买盘
1215,11:22:24,4.65,-0.01,8,3720,卖盘
1216,11:22:31,4.65,0.0,19,8835,卖盘
1217,11:22:45,4.65,0.0,10,4650,卖盘
1218,11:22:55,4.65,0.0,20,9300,卖盘
1219,11:22:58,4.66,0.01,62,28892,买盘
1220,11:23:01,4.66,0.0,882,411012,买盘
1221,11:23:04,4.66,0.0,400,186400,买盘
1222,11:23:07,4.66,0.0,40,18640,买盘
1223,11:23:10,4.66,0.0,153,71298,买盘
1224,11:23:13,4.65,-0.01,11,5115,卖盘
1225,11:23:16,4.66,0.01,64,29824,买盘
1226,11:23:25,4.66,0.0,8,3728,卖盘
1227,11:23:31,4.65,-0.01,19,8849,卖盘
1228,11:23:37,4.67,0.02,2,934,中性盘
1229,11:23:49,4.67,0.0,9,4203,买盘
1230,11:24:12,4.66,-0.01,11,5126,卖盘
1231,11:24:28,4.67,0.01,51,23817,买盘
1232,11:24:31,4.67,0.0,18,8406,卖盘
1233,11:24:52,4.68,0.01,10,4680,买盘
1234,11:24:55,4.64,-0.04,3500,1626953,卖盘
1235,11:25:01,4.67,0.03,5,2335,买盘
1236,11:25:04,4.65,-0.02,10,4650,中性盘
1237,11:25:07,4.65,0.0,39,18171,卖盘
1238,11:25:15,4.67,0.02,15,7005,买盘
1239,11:25:28,4.65,-0.02,11,5115,卖盘
1240,11:25:36,4.67,0.02,76,35362,买盘
1241,11:25:39,4.65,-0.02,57,26505,卖盘
1242,11:25:46,4.65,0.0,46,21390,卖盘
1243,11:25:52,4.65,0.0,24,11160,买盘
1244,11:25:55,4.66,0.01,25,11650,卖盘
1245,11:26:04,4.66,0.0,10,4660,卖盘
1246,11:26:07,4.66,0.0,10,4660,卖盘
1247,11:26:09,4.66,0.0,30,13980,卖盘
1248,11:26:15,4.66,0.0,96,44736,卖盘
1249,11:26:22,4.66,0.0,1,466,卖盘
1250,11:26:25,4.66,0.0,16,7456,卖盘
1251,11:26:36,4.66,0.0,5,2330,卖盘
1252,11:26:48,4.67,0.01,140,65380,买盘
1253,11:26:55,4.66,-0.01,22,10262,卖盘
1254,11:27:01,4.66,0.0,21,9786,卖盘
1255,11:27:04,4.66,0.0,9,4194,卖盘
1256,11:27:07,4.66,0.0,20,9320,卖盘
1257,11:27:12,4.66,0.0,9,4194,卖盘
1258,11:27:16,4.67,0.01,2,934,买盘
1259,11:27:19,4.66,-0.01,10,4660,卖盘
1260,11:27:55,4.67,0.01,37,17279,买盘
1261,11:28:04,4.66,-0.01,10,4660,卖盘
1262,11:28:06,4.66,0.0,10,4660,卖盘
1263,11:28:22,4.67,0.01,20,9340,买盘
1264,11:28:33,4.67,0.0,1,467,买盘
1265,11:28:37,4.67,0.0,10,4670,买盘
1266,11:28:54,4.66,-0.01,24,11184,卖盘
1267,11:28:58,4.67,0.01,20,9340,买盘
1268,11:29:00,4.66,-0.01,4,1864,卖盘
1269,11:29:04,4.66,0.0,10,4660,卖盘
1270,11:29:06,4.67,0.01,20,9340,买盘
1271,11:29:12,4.67,0.0,14,6538,买盘
1272,11:29:27,4.67,0.0,3,1401,买盘
1273,11:29:30,4.67,0.0,9,4203,买盘
1274,11:29:33,4.66,-0.01,30,13980,卖盘
1275,11:29:45,4.67,0.01,89,41563,买盘
1276,11:30:01,4.66,-0.01,25,11650,卖盘
1277,11:30:04,4.67,0.01,10,4670,买盘
1278,13:00:04,4.67,0.0,25,11660,买盘
1279,13:00:07,4.65,-0.02,2991,1388834,卖盘
1280,13:00:10,4.65,0.0,1,465,买盘
1281,13:00:22,4.63,-0.02,6,2783,卖盘
1282,13:00:34,4.63,0.0,9,4167,卖盘
1283,13:00:45,4.63,0.0,10,4630,卖盘
1284,13:00:54,4.64,0.01,60,27840,卖盘
1285,13:01:01,4.63,-0.01,8,3704,卖盘
1286,13:01:10,4.65,0.02,5,2325,买盘
1287,13:01:27,4.65,0.0,5,2325,买盘
1288,13:01:42,4.64,-0.01,10,4640,卖盘
1289,13:01:46,4.64,0.0,19,8816,卖盘
1290,13:01:48,4.64,0.0,9,4176,卖盘
1291,13:01:52,4.64,0.0,17,7888,卖盘
1292,13:02:52,4.64,0.0,4,1856,卖盘
1293,13:03:10,4.64,0.0,91,42224,卖盘
1294,13:03:16,4.64,0.0,5,2320,卖盘
1295,13:03:19,4.65,0.01,5,2325,买盘
1296,13:03:22,4.65,0.0,2,930,买盘
1297,13:03:28,4.64,-0.01,30,13920,卖盘
1298,13:03:40,4.64,0.0,188,87232,卖盘
1299,13:03:43,4.64,0.0,30,13920,卖盘
1300,13:03:48,4.64,0.0,60,27840,卖盘
1301,13:03:55,4.65,0.01,42,19530,买盘
1302,13:04:01,4.64,-0.01,20,9280,卖盘
1303,13:04:09,4.64,0.0,124,57536,卖盘
1304,13:04:18,4.64,0.0,10,4640,买盘
1305,13:04:28,4.64,0.0,36,16704,买盘
1306,13:04:34,4.64,0.0,11,5104,买盘
1307,13:04:46,4.64,0.0,13,6029,买盘
1308,13:04:55,4.63,-0.01,287,132881,卖盘
1309,13:05:05,4.63,0.0,59,27317,卖盘
1310,13:05:07,4.63,0.0,172,79636,卖盘
1311,13:05:10,4.63,0.0,203,93989,卖盘
1312,13:05:16,4.63,0.0,78,36114,卖盘
1313,13:05:19,4.63,0.0,50,23150,卖盘
1314,13:05:22,4.63,0.0,52,24076,卖盘
1315,13:05:25,4.63,0.0,30,13890,买盘
1316,13:05:31,4.63,0.0,20,9260,买盘
1317,13:05:46,4.63,0.0,129,59708,买盘
1318,13:05:52,4.63,0.0,10,4630,买盘
1319,13:05:55,4.62,-0.01,300,138600,卖盘
1320,13:05:58,4.62,0.0,168,77616,卖盘
1321,13:06:00,4.62,0.0,10,4620,卖盘
1322,13:06:10,4.62,0.0,229,105798,卖盘
1323,13:06:13,4.62,0.0,172,79464,卖盘
1324,13:06:16,4.62,0.0,144,66528,卖盘
1325,13:06:28,4.61,-0.01,863,398694,卖盘
1326,13:06:31,4.61,0.0,11,5071,卖盘
1327,13:06:34,4.61,0.0,251,115711,卖盘
1328,13:06:37,4.62,0.01,100,46200,买盘
1329,13:06:43,4.61,-0.01,255,117646,卖盘
1330,13:06:45,4.62,0.01,20,9240,买盘
1331,13:06:52,4.62,0.0,664,306130,买盘
1332,13:06:55,4.62,0.0,34,15708,卖盘
1333,13:07:10,4.62,0.0,4,1848,买盘
1334,13:07:21,4.62,0.0,21,9691,买盘
1335,13:07:27,4.62,0.0,50,23100,买盘
1336,13:07:31,4.62,0.0,200,92400,买盘
1337,13:07:34,4.62,0.0,110,50820,买盘
1338,13:07:54,4.63,0.01,16,7398,买盘
1339,13:07:58,4.62,-0.01,9,4158,卖盘
1340,13:08:06,4.62,0.0,30,13860,卖盘
1341,13:08:12,4.63,0.01,1191,551433,买盘
1342,13:08:22,4.64,0.01,1,464,买盘
1343,13:08:25,4.64,0.0,10,4640,买盘
1344,13:08:40,4.64,0.0,15,6960,买盘
1345,13:08:43,4.63,-0.01,3,1389,卖盘
1346,13:08:54,4.64,0.01,2,928,卖盘
1347,13:08:57,4.64,0.0,32,14848,买盘
1348,13:09:15,4.64,0.0,54,25056,卖盘
1349,13:09:22,4.63,-0.01,1,463,卖盘
1350,13:09:30,4.63,0.0,280,129640,卖盘
1351,13:09:37,4.63,0.0,246,113898,卖盘
1352,13:09:49,4.63,0.0,31,14353,买盘
1353,13:09:55,4.62,-0.01,301,139062,卖盘
1354,13:09:58,4.62,0.0,54,24948,买盘
1355,13:10:01,4.62,0.0,16,7392,买盘
1356,13:10:04,4.62,0.0,27,12474,买盘
1357,13:10:07,4.62,0.0,100,46200,买盘
1358,13:10:13,4.62,0.0,22,10164,买盘
1359,13:10:22,4.61,-0.01,10,4610,卖盘
1360,13:10:25,4.62,0.01,80,36960,买盘
1361,13:10:31,4.61,-0.01,54,24894,卖盘
1362,13:10:34,4.62,0.01,5,2310,买盘
1363,13:10:37,4.62,0.0,10,4620,买盘
1364,13:10:40,4.6,-0.02,3635,1673408,卖盘
1365,13:10:43,4.6,0.0,27,12420,买盘
1366,13:10:49,4.59,-0.01,90,41310,卖盘
1367,13:10:52,4.58,-0.01,391,179428,卖盘
1368,13:10:54,4.58,0.0,25,11450,卖盘
1369,13:10:58,4.58,0.0,580,265640,卖盘
1370,13:11:07,4.57,-0.01,87,39759,卖盘
1371,13:11:10,4.58,0.01,30,13720,买盘
1372,13:11:13,4.57,-0.01,136,62152,卖盘
1373,13:11:16,4.57,0.0,181,82888,卖盘
1374,13:11:19,4.58,0.01,45,20605,买盘
1375,13:11:22,4.57,-0.01,330,150810,卖盘
1376,13:11:24,4.57,0.0,5,2285,卖盘
1377,13:11:27,4.57,0.0,11,5037,卖盘
1378,13:11:31,4.58,0.01,10,4580,买盘
1379,13:11:34,4.57,-0.01,325,148825,卖盘
1380,13:11:37,4.58,0.01,192,87936,买盘
1381,13:11:40,4.58,0.0,107,49006,买盘
1382,13:11:43,4.58,0.0,60,27480,买盘
1383,13:11:46,4.58,0.0,313,143354,买盘
1384,13:11:49,4.58,0.0,13,5954,买盘
1385,13:11:52,4.58,0.0,161,73738,买盘
1386,13:11:54,4.58,0.0,1497,684476,买盘
1387,13:11:57,4.58,0.0,98,44876,买盘
1388,13:12:00,4.58,0.0,40,18320,买盘
1389,13:12:04,4.57,-0.01,202,92455,卖盘
1390,13:12:16,4.59,0.02,10,4590,买盘
1391,13:12:19,4.58,-0.01,35,16030,卖盘
1392,13:12:25,4.59,0.01,12,5508,买盘
1393,13:12:34,4.59,0.0,22,10086,买盘
1394,13:12:40,4.59,0.0,104,47636,买盘
1395,13:12:43,4.59,0.0,92,42228,买盘
1396,13:12:49,4.59,0.0,4,1836,卖盘
1397,13:12:52,4.6,0.01,11,5060,买盘
1398,13:13:04,4.61,0.01,5,2305,买盘
1399,13:13:12,4.61,0.0,100,46100,买盘
1400,13:13:16,4.61,0.0,95,43795,买盘
1401,13:13:19,4.61,0.0,52,23942,买盘
1402,13:13:22,4.6,-0.01,64,29440,卖盘
1403,13:13:31,4.61,0.01,160,73735,买盘
1404,13:13:37,4.6,-0.01,10,4600,卖盘
1405,13:13:51,4.61,0.01,50,23050,买盘
1406,13:14:00,4.61,0.0,24,11045,买盘
1407,13:14:04,4.6,-0.01,75,34500,卖盘
1408,13:14:07,4.61,0.01,25,11525,买盘
1409,13:14:22,4.61,0.0,10,4610,买盘
1410,13:14:27,4.6,-0.01,20,9200,卖盘
1411,13:14:30,4.61,0.01,2,922,买盘
1412,13:14:34,4.6,-0.01,5,2300,卖盘
1413,13:14:40,4.61,0.01,25,11525,买盘
1414,13:14:42,4.61,0.0,10,4610,买盘
1415,13:14:49,4.6,-0.01,82,37752,卖盘
1416,13:14:51,4.6,0.0,20,9200,卖盘
1417,13:14:58,4.61,0.01,30,13830,买盘
1418,13:15:15,4.61,0.0,10,4610,买盘
1419,13:15:19,4.6,-0.01,48,22080,卖盘
1420,13:15:31,4.61,0.01,13,5993,买盘
1421,13:15:40,4.6,-0.01,100,46000,卖盘
1422,13:15:54,4.59,-0.01,1000,459418,卖盘
1423,13:16:10,4.59,0.0,20,9180,卖盘
1424,13:16:13,4.6,0.01,102,46920,买盘
1425,13:16:16,4.6,0.0,5,2300,卖盘
1426,13:16:21,4.6,0.0,101,46460,卖盘
1427,13:16:25,4.61,0.01,124,57164,买盘
1428,13:16:27,4.6,-0.01,33,15180,卖盘
1429,13:16:34,4.6,0.0,6,2760,卖盘
1430,13:16:37,4.6,0.0,87,40020,卖盘
1431,13:16:58,4.6,0.0,97,44620,卖盘
1432,13:17:00,4.61,0.01,169,77836,买盘
1433,13:17:04,4.61,0.0,45,20745,卖盘
1434,13:17:10,4.62,0.01,45,20790,买盘
1435,13:17:16,4.61,-0.01,15,6915,卖盘
1436,13:17:19,4.61,0.0,10,4610,卖盘
1437,13:17:33,4.61,0.0,9,4149,卖盘
1438,13:17:37,4.61,0.0,111,51171,卖盘
1439,13:17:43,4.61,0.0,60,27660,卖盘
1440,13:17:46,4.61,0.0,20,9220,卖盘
1441,13:17:52,4.61,0.0,9,4149,卖盘
1442,13:18:00,4.61,0.0,114,52554,卖盘
1443,13:18:12,4.61,0.0,11,5071,买盘
1444,13:18:15,4.6,-0.01,209,96149,卖盘
1445,13:18:22,4.61,0.01,10,4610,买盘
1446,13:18:39,4.61,0.0,3,1383,买盘
1447,13:18:43,4.6,-0.01,51,23460,卖盘
1448,13:18:55,4.61,0.01,1,461,买盘
1449,13:19:06,4.61,0.0,94,43343,买盘
1450,13:19:10,4.61,0.0,106,48857,卖盘
1451,13:19:37,4.6,-0.01,354,162840,卖盘
1452,13:19:40,4.6,0.0,20,9200,买盘
1453,13:19:43,4.61,0.01,10,4604,买盘
1454,13:19:52,4.6,-0.01,3,1380,买盘
1455,13:20:01,4.6,0.0,14,6440,买盘
1456,13:20:09,4.59,-0.01,144,66099,卖盘
1457,13:20:19,4.59,0.0,208,95472,卖盘
1458,13:20:22,4.6,0.01,2,920,买盘
1459,13:20:33,4.59,-0.01,32,14688,卖盘
1460,13:20:40,4.59,0.0,37,16983,卖盘
1461,13:20:43,4.59,0.0,76,34884,卖盘
1462,13:20:49,4.59,0.0,10,4590,卖盘
1463,13:20:55,4.59,0.0,20,9180,卖盘
1464,13:20:57,4.6,0.01,10,4600,买盘
1465,13:21:07,4.59,-0.01,36,16524,卖盘
1466,13:21:34,4.6,0.01,10,4600,卖盘
1467,13:21:49,4.59,-0.01,91,41838,卖盘
1468,13:21:55,4.6,0.01,10,4600,中性盘
1469,13:22:09,4.6,0.0,119,54740,卖盘
1470,13:22:16,4.6,0.0,5,2300,卖盘
1471,13:22:19,4.61,0.01,235,108335,买盘
1472,13:22:36,4.61,0.0,3,1383,买盘
1473,13:22:49,4.6,-0.01,13,5980,卖盘
1474,13:22:58,4.61,0.01,111,51180,买盘
1475,13:23:06,4.6,-0.01,400,183993,卖盘
1476,13:23:10,4.6,0.0,20,9200,买盘
1477,13:23:13,4.6,0.0,10,4600,买盘
1478,13:23:22,4.6,0.0,10,4609,买盘
1479,13:23:37,4.6,0.0,85,39105,卖盘
1480,13:23:43,4.6,0.0,20,9200,买盘
1481,13:23:52,4.6,0.0,10,4600,买盘
1482,13:23:55,4.6,0.0,238,109360,买盘
1483,13:24:00,4.6,0.0,55,25300,买盘
1484,13:24:10,4.6,0.0,95,43700,买盘
1485,13:24:16,4.6,0.0,5,2300,买盘
1486,13:24:19,4.59,-0.01,10,4590,卖盘
1487,13:24:42,4.6,0.01,65,29900,买盘
1488,13:24:52,4.6,0.0,10,4600,买盘
1489,13:25:09,4.6,0.0,20,9209,买盘
1490,13:25:15,4.6,0.0,82,37720,卖盘
1491,13:26:13,4.6,0.0,10,4600,卖盘
1492,13:26:31,4.6,0.0,163,74971,卖盘
1493,13:26:33,4.6,0.0,20,9200,买盘
1494,13:26:43,4.6,0.0,2,920,买盘
1495,13:26:46,4.6,0.0,51,23469,买盘
1496,13:26:49,4.61,0.01,100,46100,买盘
1497,13:26:58,4.6,-0.01,356,163751,卖盘
1498,13:27:09,4.6,0.0,330,151800,买盘
1499,13:27:19,4.6,0.0,10,4600,买盘
1500,13:27:34,4.6,0.0,9,4149,买盘
1501,13:28:12,4.61,0.01,10,4610,买盘
1502,13:28:19,4.6,-0.01,1,460,卖盘
1503,13:28:30,4.6,0.0,50,23000,卖盘
1504,13:28:43,4.6,0.0,11,5060,卖盘
1505,13:29:49,4.59,-0.01,903,414637,卖盘
1506,13:29:55,4.59,0.0,121,55539,买盘
1507,13:30:04,4.59,0.0,14,6426,买盘
1508,13:30:10,4.59,0.0,219,100402,买盘
1509,13:30:13,4.59,0.0,10,4590,买盘
1510,13:30:19,4.59,0.0,30,13770,买盘
1511,13:30:21,4.59,0.0,10,4590,买盘
1512,13:30:28,4.58,-0.01,200,91600,卖盘
1513,13:30:31,4.58,0.0,23,10539,卖盘
1514,13:30:34,4.58,0.0,15,6870,卖盘
1515,13:30:37,4.58,0.0,538,246404,卖盘
1516,13:30:40,4.58,0.0,10,4580,卖盘
1517,13:30:43,4.59,0.01,7,3222,买盘
1518,13:30:45,4.59,0.0,3,1368,卖盘
1519,13:30:52,4.59,0.0,33,15147,买盘
1520,13:31:09,4.58,-0.01,19,8702,卖盘
1521,13:31:19,4.59,0.01,23,10566,买盘
1522,13:32:25,4.59,0.0,51,23410,卖盘
1523,13:32:34,4.6,0.01,40,18382,买盘
1524,13:33:04,4.6,0.0,30,13800,买盘
1525,13:33:15,4.6,0.0,2,920,买盘
1526,13:33:21,4.6,0.0,5,2300,买盘
1527,13:33:28,4.6,0.0,24,11029,买盘
1528,13:33:46,4.59,-0.01,14,6433,卖盘
1529,13:34:01,4.59,0.0,162,74359,卖盘
1530,13:34:06,4.59,0.0,106,48660,卖盘
1531,13:34:12,4.59,0.0,5,2295,卖盘
1532,13:34:25,4.6,0.01,67,30819,买盘
1533,13:34:37,4.59,-0.01,53,24330,卖盘
1534,13:34:52,4.59,0.0,40,18360,卖盘
1535,13:35:04,4.59,0.0,155,71145,卖盘
1536,13:35:06,4.6,0.01,35,16100,买盘
1537,13:35:13,4.59,-0.01,55,25245,卖盘
1538,13:35:37,4.59,0.0,35,16070,卖盘
1539,13:35:48,4.6,0.01,3,1380,买盘
1540,13:36:01,4.59,-0.01,100,45900,卖盘
1541,13:36:04,4.6,0.01,100,46000,买盘
1542,13:36:06,4.6,0.0,100,46000,买盘
1543,13:36:10,4.59,-0.01,170,78080,卖盘
1544,13:36:37,4.6,0.01,9,4140,买盘
1545,13:36:42,4.6,0.0,6,2760,买盘
1546,13:36:52,4.6,0.0,5,2300,买盘
1547,13:37:07,4.6,0.0,17,7820,买盘
1548,13:37:31,4.61,0.01,4,1844,买盘
1549,13:37:34,4.6,-0.01,10,4600,卖盘
1550,13:37:49,4.61,0.01,3,1383,买盘
1551,13:37:51,4.6,-0.01,1,460,卖盘
1552,13:38:18,4.61,0.01,65,29965,买盘
1553,13:38:24,4.61,0.0,17,7837,买盘
1554,13:38:45,4.6,-0.01,83,38180,卖盘
1555,13:38:57,4.6,0.0,20,9200,卖盘
1556,13:39:10,4.61,0.01,2,921,买盘
1557,13:39:16,4.61,0.0,50,23050,买盘
1558,13:39:19,4.61,0.0,1,461,买盘
1559,13:39:28,4.61,0.0,156,71916,买盘
1560,13:39:40,4.61,0.0,6,2766,买盘
1561,13:39:49,4.61,0.0,38,17518,买盘
1562,13:40:34,4.61,0.0,108,49878,卖盘
1563,13:40:37,4.61,0.0,22,10142,卖盘
1564,13:41:04,4.61,0.0,18,8298,卖盘
1565,13:41:06,4.61,0.0,22,10142,卖盘
1566,13:41:34,4.61,0.0,100,46100,卖盘
1567,13:41:37,4.61,0.0,31,14300,卖盘
1568,13:41:43,4.61,0.0,5,2305,卖盘
1569,13:41:55,4.62,0.01,65,30030,买盘
1570,13:42:07,4.61,-0.01,22,10142,卖盘
1571,13:42:10,4.61,0.0,53,24433,卖盘
1572,13:42:16,4.62,0.01,98,45220,买盘
1573,13:42:21,4.62,0.0,10,4620,买盘
1574,13:42:34,4.62,0.0,2,924,买盘
1575,13:42:37,4.61,-0.01,172,79442,卖盘
1576,13:42:48,4.61,0.0,151,69611,卖盘
1577,13:42:58,4.62,0.01,97,44814,买盘
1578,13:43:07,4.61,-0.01,22,10142,卖盘
1579,13:43:16,4.62,0.01,99,45738,买盘
1580,13:43:27,4.61,-0.01,2,922,卖盘
1581,13:43:34,4.61,0.0,20,9220,卖盘
1582,13:43:37,4.62,0.01,58,26796,买盘
1583,13:43:43,4.62,0.0,11,5082,卖盘
1584,13:43:51,4.62,0.0,26,12012,卖盘
1585,13:43:54,4.63,0.01,96,44424,买盘
1586,13:44:07,4.62,-0.01,22,10164,卖盘
1587,13:44:19,4.63,0.01,99,45837,买盘
1588,13:44:22,4.63,0.0,6,2778,买盘
1589,13:44:25,4.63,0.0,7,3241,买盘
1590,13:44:30,4.62,-0.01,20,9240,卖盘
1591,13:44:36,4.63,0.01,41,18961,买盘
1592,13:44:43,4.63,0.0,95,43985,买盘
1593,13:44:46,4.62,-0.01,3,1386,卖盘
1594,13:44:49,4.62,0.0,40,18488,卖盘
1595,13:44:52,4.62,0.0,20,9240,卖盘
1596,13:44:57,4.63,0.01,93,43059,买盘
1597,13:45:07,4.62,-0.01,21,9702,卖盘
1598,13:45:09,4.62,0.0,16,7392,卖盘
1599,13:45:34,4.62,0.0,2,924,买盘
1600,13:46:06,4.61,-0.01,25,11525,卖盘
1601,13:46:10,4.62,0.01,11,5082,买盘
1602,13:46:13,4.62,0.0,4,1848,买盘
1603,13:46:31,4.62,0.0,45,20790,买盘
1604,13:46:34,4.62,0.0,28,12936,买盘
1605,13:46:43,4.63,0.01,4,1852,买盘
1606,13:47:00,4.64,0.01,236,109286,买盘
1607,13:47:13,4.64,0.0,95,44080,买盘
1608,13:47:22,4.64,0.0,20,9262,买盘
1609,13:47:31,4.63,-0.01,1,463,卖盘
1610,13:47:34,4.63,0.0,29,13427,卖盘
1611,13:47:40,4.63,0.0,40,18520,买盘
1612,13:47:42,4.63,0.0,8,3704,买盘
1613,13:47:46,4.63,0.0,42,19446,买盘
1614,13:47:52,4.63,0.0,25,11575,买盘
1615,13:48:04,4.63,0.0,5,2315,买盘
1616,13:48:10,4.63,0.0,5,2315,买盘
1617,13:48:19,4.62,-0.01,10,4620,卖盘
1618,13:48:25,4.63,0.01,5,2315,中性盘
1619,13:48:28,4.63,0.0,5,2315,卖盘
1620,13:48:31,4.63,0.0,3,1389,卖盘
1621,13:48:34,4.64,0.01,362,167806,买盘
1622,13:48:37,4.63,-0.01,42,19446,卖盘
1623,13:48:40,4.63,0.0,50,23150,卖盘
1624,13:48:42,4.63,0.0,18,8334,卖盘
1625,13:48:45,4.63,0.0,31,14353,卖盘
1626,13:48:48,4.63,0.0,34,15742,卖盘
1627,13:48:52,4.63,0.0,42,19446,卖盘
1628,13:48:55,4.63,0.0,23,10649,卖盘
1629,13:48:58,4.63,0.0,24,11112,卖盘
1630,13:49:01,4.63,0.0,45,20835,卖盘
1631,13:49:04,4.63,0.0,65,30095,卖盘
1632,13:49:06,4.63,0.0,22,10186,卖盘
1633,13:49:09,4.63,0.0,17,7871,卖盘
1634,13:49:12,4.63,0.0,100,46300,卖盘
1635,13:49:19,4.62,-0.01,4,1848,卖盘
1636,13:49:21,4.62,0.0,2,924,卖盘
1637,13:49:25,4.62,0.0,1,462,卖盘
1638,13:49:54,4.63,0.01,19,8797,买盘
1639,13:50:10,4.62,-0.01,118,54516,卖盘
1640,13:50:12,4.62,0.0,133,61446,卖盘
1641,13:50:19,4.62,0.0,4,1848,卖盘
1642,13:50:25,4.62,0.0,1,462,卖盘
1643,13:50:31,4.62,0.0,20,9240,卖盘
1644,13:50:36,4.62,0.0,1,462,卖盘
1645,13:50:43,4.62,0.0,9,4158,卖盘
1646,13:50:46,4.62,0.0,3,1386,卖盘
1647,13:50:49,4.62,0.0,4,1848,卖盘
1648,13:50:52,4.62,0.0,5,2310,卖盘
1649,13:50:55,4.62,0.0,6,2772,卖盘
1650,13:50:57,4.62,0.0,14,6468,卖盘
1651,13:51:01,4.62,0.0,10,4620,卖盘
1652,13:51:04,4.62,0.0,15,6930,卖盘
1653,13:51:07,4.62,0.0,14,6468,卖盘
1654,13:51:10,4.62,0.0,11,5082,卖盘
1655,13:51:13,4.62,0.0,11,5082,卖盘
1656,13:51:16,4.62,0.0,9,4158,卖盘
1657,13:51:19,4.62,0.0,13,6006,卖盘
1658,13:51:22,4.62,0.0,15,6930,卖盘
1659,13:51:24,4.62,0.0,14,6468,卖盘
1660,13:51:27,4.62,0.0,41,18942,卖盘
1661,13:51:30,4.62,0.0,11,5082,卖盘
1662,13:51:34,4.62,0.0,15,6930,卖盘
1663,13:51:37,4.62,0.0,15,6930,卖盘
1664,13:51:40,4.62,0.0,14,6468,卖盘
1665,13:51:43,4.62,0.0,35,16170,卖盘
1666,13:51:46,4.62,0.0,58,26796,卖盘
1667,13:51:49,4.62,0.0,11,5082,卖盘
1668,13:51:51,4.62,0.0,15,6930,卖盘
1669,13:51:54,4.62,0.0,22,10164,卖盘
1670,13:51:57,4.62,0.0,7,3234,卖盘
1671,13:52:01,4.62,0.0,6,2772,卖盘
1672,13:52:04,4.62,0.0,5,2310,卖盘
1673,13:52:07,4.62,0.0,4,1848,卖盘
1674,13:52:10,4.62,0.0,5,2310,卖盘
1675,13:52:13,4.62,0.0,3,1386,卖盘
1676,13:52:16,4.62,0.0,4,1848,卖盘
1677,13:52:19,4.62,0.0,2,924,卖盘
1678,13:52:22,4.62,0.0,23,10626,卖盘
1679,13:52:25,4.62,0.0,3,1386,卖盘
1680,13:52:30,4.63,0.01,23,10648,买盘
1681,13:52:46,4.62,-0.01,17,7854,卖盘
1682,13:53:04,4.62,0.0,16,7392,买盘
1683,13:53:07,4.61,-0.01,59,27205,卖盘
1684,13:53:10,4.62,0.01,20,9240,中性盘
1685,13:53:25,4.61,-0.01,20,9220,卖盘
1686,13:53:28,4.62,0.01,19,8778,买盘
1687,13:53:36,4.62,0.0,49,22638,买盘
1688,13:53:43,4.61,-0.01,100,46100,卖盘
1689,13:53:46,4.62,0.01,20,9240,买盘
1690,13:53:49,4.61,-0.01,18,8298,卖盘
1691,13:53:57,4.61,0.0,50,23050,卖盘
1692,13:54:00,4.62,0.01,1,462,买盘
1693,13:54:06,4.62,0.0,10,4620,买盘
1694,13:54:10,4.61,-0.01,29,13397,卖盘
1695,13:54:22,4.62,0.01,1,462,买盘
1696,13:55:06,4.62,0.0,8,3696,买盘
1697,13:55:31,4.61,-0.01,132,60852,卖盘
1698,13:55:39,4.61,0.0,46,21206,卖盘
1699,13:55:46,4.61,0.0,30,13830,卖盘
1700,13:55:49,4.61,0.0,18,8298,卖盘
1701,13:55:54,4.61,0.0,22,10142,卖盘
1702,13:56:04,4.62,0.01,43,19828,买盘
1703,13:56:09,4.61,-0.01,108,49788,卖盘
1704,13:56:34,4.61,0.0,11,5071,卖盘
1705,13:56:46,4.61,0.0,30,13830,卖盘
1706,13:56:55,4.61,0.0,221,101881,卖盘
1707,13:57:13,4.61,0.0,32,14752,卖盘
1708,13:57:16,4.61,0.0,9,4149,卖盘
1709,13:57:46,4.6,-0.01,28,12880,卖盘
1710,13:57:52,4.61,0.01,1,461,买盘
1711,13:58:06,4.61,0.0,36,16596,卖盘
1712,13:58:21,4.61,0.0,11,5071,卖盘
1713,13:58:28,4.61,0.0,4,1844,卖盘
1714,13:58:34,4.61,0.0,147,67767,卖盘
1715,13:58:48,4.6,-0.01,6,2760,卖盘
1716,13:58:55,4.61,0.01,120,55320,买盘
1717,13:59:13,4.61,0.0,100,46100,买盘
1718,13:59:15,4.61,0.0,5,2305,买盘
1719,13:59:18,4.61,0.0,9,4149,买盘
1720,13:59:21,4.61,0.0,20,9220,买盘
1721,13:59:34,4.61,0.0,11,5071,买盘
1722,13:59:43,4.61,0.0,12,5532,买盘
1723,13:59:46,4.61,0.0,20,9220,买盘
1724,13:59:49,4.61,0.0,23,10603,买盘
1725,13:59:52,4.61,0.0,4,1844,买盘
1726,13:59:55,4.61,0.0,19,8759,买盘
1727,13:59:58,4.61,0.0,68,31348,买盘
1728,14:00:10,4.61,0.0,81,37341,卖盘
1729,14:00:25,4.6,-0.01,15,6900,卖盘
1730,14:00:28,4.61,0.01,44,20284,买盘
1731,14:00:43,4.6,-0.01,149,68540,卖盘
1732,14:00:46,4.6,0.0,170,78200,卖盘
1733,14:00:48,4.61,0.01,24,11064,买盘
1734,14:00:51,4.61,0.0,7,3227,买盘
1735,14:00:54,4.6,-0.01,1,460,卖盘
1736,14:00:57,4.61,0.01,5,2305,买盘
1737,14:01:01,4.6,-0.01,13,5980,卖盘
1738,14:01:10,4.61,0.01,181,83361,买盘
1739,14:01:12,4.6,-0.01,485,223100,卖盘
1740,14:01:16,4.61,0.01,373,171645,买盘
1741,14:01:19,4.61,0.0,25,11525,卖盘
1742,14:01:22,4.6,-0.01,20,9208,卖盘
1743,14:01:25,4.6,0.0,7,3220,卖盘
1744,14:01:28,4.6,0.0,20,9200,卖盘
1745,14:01:31,4.6,0.0,9,4140,卖盘
1746,14:01:39,4.6,0.0,10,4600,卖盘
1747,14:01:51,4.6,0.0,88,40480,卖盘
1748,14:02:04,4.6,0.0,15,6900,卖盘
1749,14:02:16,4.6,0.0,16,7360,卖盘
1750,14:02:18,4.6,0.0,119,54745,卖盘
1751,14:02:31,4.6,0.0,42,19325,卖盘
1752,14:02:40,4.6,0.0,20,9200,卖盘
1753,14:02:42,4.6,0.0,13,5980,卖盘
1754,14:03:01,4.6,0.0,41,18860,买盘
1755,14:03:04,4.6,0.0,1,460,卖盘
1756,14:03:07,4.59,-0.01,520,238758,卖盘
1757,14:03:34,4.6,0.01,10,4600,卖盘
1758,14:03:49,4.59,-0.01,15,6885,卖盘
1759,14:03:55,4.59,0.0,1,459,卖盘
1760,14:04:01,4.6,0.01,20,9200,买盘
1761,14:04:10,4.59,-0.01,119,54621,卖盘
1762,14:04:19,4.59,0.0,15,6885,卖盘
1763,14:04:25,4.59,0.0,1,459,卖盘
1764,14:04:31,4.59,0.0,165,75785,卖盘
1765,14:04:39,4.59,0.0,5,2295,卖盘
1766,14:04:45,4.6,0.01,15,6900,买盘
1767,14:05:04,4.59,-0.01,60,27540,卖盘
1768,14:05:19,4.6,0.01,10,4600,买盘
1769,14:05:25,4.59,-0.01,2,918,卖盘
1770,14:05:40,4.6,0.01,16,7360,买盘
1771,14:05:42,4.59,-0.01,20,9180,卖盘
1772,14:05:58,4.59,0.0,59,27081,卖盘
1773,14:06:04,4.6,0.01,8,3680,买盘
1774,14:06:06,4.6,0.0,30,13800,买盘
1775,14:06:09,4.6,0.0,3,1380,买盘
1776,14:06:16,4.6,0.0,30,13800,买盘
1777,14:06:37,4.6,0.0,127,58420,买盘
1778,14:06:43,4.6,0.0,20,9200,买盘
1779,14:06:54,4.6,0.0,10,4600,买盘
1780,14:07:10,4.6,0.0,15,6900,买盘
1781,14:07:13,4.59,-0.01,20,9180,卖盘
1782,14:07:19,4.6,0.01,10,4600,买盘
1783,14:07:43,4.6,0.0,8,3680,买盘
1784,14:07:51,4.59,-0.01,1,459,卖盘
1785,14:07:57,4.6,0.01,3,1380,买盘
1786,14:08:01,4.59,-0.01,51,23409,卖盘
1787,14:08:31,4.6,0.01,1,460,买盘
1788,14:08:33,4.6,0.0,14,6440,买盘
1789,14:08:48,4.6,0.0,10,4600,买盘
1790,14:08:55,4.6,0.0,30,13800,买盘
1791,14:09:00,4.6,0.0,179,82340,买盘
1792,14:09:10,4.6,0.0,1,460,卖盘
1793,14:09:18,4.6,0.0,37,17020,卖盘
1794,14:09:31,4.61,0.01,111,51071,买盘
1795,14:09:43,4.6,-0.01,100,46000,卖盘
1796,14:09:46,4.61,0.01,65,29960,买盘
1797,14:09:49,4.61,0.0,30,13830,买盘
1798,14:09:52,4.61,0.0,103,47383,买盘
1799,14:09:58,4.61,0.0,5,2305,买盘
1800,14:10:01,4.6,-0.01,100,46000,卖盘
1801,14:10:13,4.61,0.01,22,10142,买盘
1802,14:10:16,4.6,-0.01,102,46920,卖盘
1803,14:10:19,4.6,0.0,70,32250,卖盘
1804,14:10:25,4.61,0.01,177,81597,买盘
1805,14:10:28,4.6,-0.01,100,46000,卖盘
1806,14:10:36,4.6,0.0,100,46000,卖盘
1807,14:10:39,4.61,0.01,119,54859,买盘
1808,14:10:42,4.6,-0.01,100,46000,卖盘
1809,14:10:49,4.61,0.01,1,461,买盘
1810,14:10:52,4.6,-0.01,100,46000,卖盘
1811,14:10:55,4.61,0.01,20,9220,买盘
1812,14:10:58,4.6,-0.01,100,46000,卖盘
1813,14:11:04,4.61,0.01,28,12908,买盘
1814,14:11:07,4.61,0.0,55,25355,买盘
1815,14:11:09,4.61,0.0,150,69050,买盘
1816,14:11:13,4.61,0.0,28,12908,买盘
1817,14:11:16,4.6,-0.01,100,46002,卖盘
1818,14:11:25,4.61,0.01,1,461,卖盘
1819,14:11:28,4.61,0.0,1,461,卖盘
1820,14:11:31,4.61,0.0,34,15707,卖盘
1821,14:11:34,4.61,0.0,201,92661,卖盘
1822,14:11:36,4.61,0.0,57,26277,卖盘
1823,14:11:40,4.61,0.0,7,3227,卖盘
1824,14:11:43,4.61,0.0,12,5532,卖盘
1825,14:11:46,4.61,0.0,4,1844,卖盘
1826,14:11:48,4.61,0.0,29,13369,卖盘
1827,14:11:52,4.62,0.01,267,123251,买盘
1828,14:12:04,4.62,0.0,77,35529,买盘
1829,14:12:10,4.61,-0.01,119,54859,卖盘
1830,14:12:16,4.61,0.0,113,52102,卖盘
1831,14:12:18,4.61,0.0,104,48044,卖盘
1832,14:12:24,4.62,0.01,107,49334,买盘
1833,14:12:48,4.61,-0.01,1,461,卖盘
1834,14:12:52,4.62,0.01,107,49433,买盘
1835,14:12:55,4.61,-0.01,1,461,卖盘
1836,14:12:58,4.62,0.01,11,5081,买盘
1837,14:13:01,4.61,-0.01,1,461,卖盘
1838,14:13:04,4.62,0.01,82,37883,买盘
1839,14:13:07,4.62,0.0,31,14321,买盘
1840,14:13:10,4.61,-0.01,41,18901,卖盘
1841,14:13:13,4.61,0.0,6,2766,卖盘
1842,14:13:16,4.61,0.0,112,51632,卖盘
1843,14:13:39,4.61,0.0,17,7837,买盘
1844,14:13:42,4.61,0.0,50,23050,买盘
1845,14:13:45,4.6,-0.01,301,138470,卖盘
1846,14:13:49,4.6,0.0,49,22583,卖盘
1847,14:13:52,4.6,0.0,7,3220,卖盘
1848,14:13:58,4.61,0.01,200,92200,买盘
1849,14:14:13,4.6,-0.01,100,46000,卖盘
1850,14:14:19,4.61,0.01,58,26730,买盘
1851,14:14:22,4.61,0.0,25,11523,买盘
1852,14:14:43,4.61,0.0,1,461,买盘
1853,14:14:57,4.6,-0.01,100,46000,卖盘
1854,14:15:09,4.61,0.01,20,9220,买盘
1855,14:15:19,4.61,0.0,67,30887,买盘
1856,14:15:21,4.61,0.0,10,4610,买盘
1857,14:15:24,4.61,0.0,50,23050,买盘
1858,14:15:27,4.61,0.0,100,46100,卖盘
1859,14:15:34,4.61,0.0,1,461,卖盘
1860,14:15:40,4.61,0.0,113,52099,卖盘
1861,14:15:46,4.61,0.0,4,1844,卖盘
1862,14:15:49,4.61,0.0,68,31348,卖盘
1863,14:15:57,4.61,0.0,5,2305,买盘
1864,14:16:01,4.61,0.0,47,21667,买盘
1865,14:16:07,4.61,0.0,6,2766,买盘
1866,14:16:10,4.61,0.0,13,5993,买盘
1867,14:16:13,4.61,0.0,25,11525,买盘
1868,14:16:24,4.61,0.0,158,72835,买盘
1869,14:16:28,4.61,0.0,63,29043,买盘
1870,14:16:34,4.61,0.0,1,461,买盘
1871,14:16:55,4.61,0.0,35,16135,买盘
1872,14:16:58,4.61,0.0,5,2305,买盘
1873,14:17:04,4.61,0.0,40,18440,买盘
1874,14:17:10,4.61,0.0,5,2305,买盘
1875,14:17:37,4.61,0.0,1,461,买盘
1876,14:17:43,4.61,0.0,40,18440,买盘
1877,14:17:49,4.6,-0.01,10,4600,卖盘
1878,14:17:52,4.61,0.01,10,4610,买盘
1879,14:17:58,4.61,0.0,50,23050,买盘
1880,14:18:10,4.6,-0.01,116,53360,卖盘
1881,14:18:28,4.6,0.0,1133,521180,卖盘
1882,14:18:31,4.6,0.0,17,7820,中性盘
1883,14:18:37,4.6,0.0,22,10120,卖盘
1884,14:18:43,4.61,0.01,10,4610,买盘
1885,14:18:55,4.6,-0.01,5,2300,买盘
1886,14:19:01,4.6,0.0,45,20700,买盘
1887,14:19:04,4.59,-0.01,296,136002,卖盘
1888,14:19:06,4.6,0.01,57,26220,卖盘
1889,14:19:10,4.6,0.0,73,33580,卖盘
1890,14:19:13,4.6,0.0,250,115000,卖盘
1891,14:19:16,4.6,0.0,94,43240,卖盘
1892,14:19:25,4.59,-0.01,891,408969,卖盘
1893,14:19:28,4.6,0.01,143,65780,买盘
1894,14:19:31,4.59,-0.01,305,139995,卖盘
1895,14:19:34,4.59,0.0,47,21573,卖盘
1896,14:19:36,4.59,0.0,121,55539,卖盘
1897,14:19:39,4.59,0.0,77,35343,卖盘
1898,14:19:42,4.59,0.0,487,223843,卖盘
1899,14:19:46,4.59,0.0,45,20655,卖盘
1900,14:19:52,4.59,0.0,652,299268,卖盘
1901,14:19:58,4.6,0.01,26,11940,买盘
1902,14:20:01,4.59,-0.01,50,22950,卖盘
1903,14:20:09,4.59,0.0,32,14690,卖盘
1904,14:20:19,4.59,0.0,54,24786,卖盘
1905,14:20:21,4.6,0.01,7,3220,买盘
1906,14:20:28,4.59,-0.01,100,45900,卖盘
1907,14:20:31,4.59,0.0,50,22950,卖盘
1908,14:20:36,4.59,0.0,65,29840,卖盘
1909,14:20:40,4.6,0.01,60,27600,买盘
1910,14:20:49,4.59,-0.01,23,10577,卖盘
1911,14:20:51,4.59,0.0,269,123462,卖盘
1912,14:21:00,4.59,0.0,228,104661,买盘
1913,14:21:04,4.59,0.0,204,93636,卖盘
1914,14:21:07,4.59,0.0,15,6885,卖盘
1915,14:21:19,4.59,0.0,1,450,买盘
1916,14:21:34,4.59,0.0,10,4590,买盘
1917,14:21:42,4.58,-0.01,1,458,卖盘
1918,14:21:46,4.59,0.01,103,47277,买盘
1919,14:21:49,4.58,-0.01,100,45800,卖盘
1920,14:21:58,4.58,0.0,21,9618,卖盘
1921,14:22:00,4.58,0.0,62,28396,卖盘
1922,14:22:10,4.58,0.0,323,147954,卖盘
1923,14:22:13,4.58,0.0,193,88471,卖盘
1924,14:22:22,4.58,0.0,688,315104,卖盘
1925,14:22:24,4.58,0.0,10,4580,买盘
1926,14:22:34,4.58,0.0,15,6870,买盘
1927,14:22:36,4.57,-0.01,100,45700,卖盘
1928,14:22:40,4.58,0.01,10,4580,买盘
1929,14:22:43,4.57,-0.01,30,13710,卖盘
1930,14:22:45,4.57,0.0,3,1371,卖盘
1931,14:22:49,4.58,0.01,3,1374,买盘
1932,14:22:52,4.57,-0.01,1,457,卖盘
1933,14:22:55,4.58,0.01,100,45800,买盘
1934,14:22:57,4.57,-0.01,100,45700,卖盘
1935,14:23:01,4.57,0.0,26,11892,卖盘
1936,14:23:04,4.58,0.01,130,59487,买盘
1937,14:23:07,4.57,-0.01,10,4570,卖盘
1938,14:23:10,4.57,0.0,1148,524636,卖盘
1939,14:23:12,4.57,0.0,5,2285,买盘
1940,14:23:18,4.57,0.0,76,34732,买盘
1941,14:23:25,4.56,-0.01,208,94848,卖盘
1942,14:23:27,4.56,0.0,70,31970,卖盘
1943,14:23:31,4.57,0.01,16,7306,买盘
1944,14:23:34,4.57,0.0,20,9140,买盘
1945,14:23:37,4.56,-0.01,52,23712,卖盘
1946,14:23:39,4.56,0.0,76,34669,卖盘
1947,14:23:43,4.57,0.01,43,19651,买盘
1948,14:23:46,4.57,0.0,20,9140,买盘
1949,14:23:48,4.56,-0.01,100,45678,卖盘
1950,14:23:51,4.57,0.01,8,3656,买盘
1951,14:23:58,4.56,-0.01,23,10488,卖盘
1952,14:24:01,4.57,0.01,2,914,买盘
1953,14:24:04,4.57,0.0,20,9140,买盘
1954,14:24:06,4.57,0.0,16,7312,买盘
1955,14:24:10,4.57,0.0,53,24221,买盘
1956,14:24:13,4.57,0.0,117,53419,买盘
1957,14:24:19,4.57,0.0,37,16909,卖盘
1958,14:24:39,4.58,0.01,62,28396,买盘
1959,14:24:43,4.58,0.0,8,3664,买盘
1960,14:25:01,4.58,0.0,25,11450,中性盘
1961,14:25:04,4.58,0.0,15,6870,买盘
1962,14:25:10,4.57,-0.01,531,242672,卖盘
1963,14:25:12,4.58,0.01,10,4580,买盘
1964,14:25:18,4.58,0.0,98,44884,买盘
1965,14:25:24,4.58,0.0,89,40762,买盘
1966,14:25:31,4.58,0.0,2,916,卖盘
1967,14:25:37,4.58,0.0,4,1832,卖盘
1968,14:25:55,4.58,0.0,50,22900,卖盘
1969,14:25:58,4.58,0.0,4,1832,卖盘
1970,14:26:01,4.58,0.0,8,3664,卖盘
1971,14:26:10,4.58,0.0,88,40304,卖盘
1972,14:26:16,4.58,0.0,31,14198,买盘
1973,14:26:19,4.58,0.0,39,17862,卖盘
1974,14:26:22,4.58,0.0,93,42594,买盘
1975,14:26:54,4.57,-0.01,10,4570,卖盘
1976,14:26:58,4.58,0.01,2,916,买盘
1977,14:27:04,4.56,-0.02,1040,474400,卖盘
1978,14:27:13,4.57,0.01,8,3656,卖盘
1979,14:27:15,4.57,0.0,91,41587,卖盘
1980,14:27:24,4.56,-0.01,20,9120,卖盘
1981,14:27:33,4.57,0.01,60,27420,买盘
1982,14:27:36,4.56,-0.01,143,65208,卖盘
1983,14:27:40,4.55,-0.01,631,287665,卖盘
1984,14:27:48,4.56,0.01,236,107382,买盘
1985,14:27:51,4.55,-0.01,38,17295,卖盘
1986,14:27:54,4.56,0.01,30,13680,买盘
1987,14:27:57,4.55,-0.01,222,101010,卖盘
1988,14:28:01,4.55,0.0,98,44590,卖盘
1989,14:28:05,4.55,0.0,20,9100,卖盘
1990,14:28:07,4.55,0.0,152,69160,卖盘
1991,14:28:09,4.55,0.0,100,45500,卖盘
1992,14:28:13,4.55,0.0,434,197470,卖盘
1993,14:28:16,4.55,0.0,20,9100,买盘
1994,14:28:19,4.55,0.0,1,455,买盘
1995,14:28:25,4.55,0.0,24,10920,买盘
1996,14:28:27,4.55,0.0,210,95550,买盘
1997,14:28:34,4.54,-0.01,118,53626,卖盘
1998,14:28:36,4.55,0.01,10,4550,买盘
1999,14:28:40,4.55,0.0,10,4550,买盘
2000,14:28:43,4.55,0.0,55,25025,买盘
2001,14:28:46,4.54,-0.01,380,172570,卖盘
2002,14:28:49,4.54,0.0,5,2270,买盘
2003,14:28:52,4.54,0.0,48,21792,买盘
2004,14:28:54,4.53,-0.01,24,10874,卖盘
2005,14:28:57,4.54,0.01,39,17706,买盘
2006,14:29:00,4.54,0.0,40,18160,买盘
2007,14:29:04,4.54,0.0,63,28547,买盘
2008,14:29:06,4.54,0.0,35,15890,买盘
2009,14:29:09,4.54,0.0,269,122126,买盘
2010,14:29:13,4.54,0.0,459,208381,买盘
2011,14:29:25,4.55,0.01,1,455,买盘
2012,14:29:27,4.55,0.0,21,9545,买盘
2013,14:29:30,4.55,0.0,60,27300,买盘
2014,14:29:33,4.55,0.0,119,54145,买盘
2015,14:29:36,4.55,0.0,101,45954,买盘
2016,14:29:39,4.55,0.0,5,2275,买盘
2017,14:29:42,4.54,-0.01,154,69920,卖盘
2018,14:29:45,4.55,0.01,103,46858,买盘
2019,14:29:49,4.55,0.0,11,5005,买盘
2020,14:29:55,4.55,0.0,79,35945,买盘
2021,14:29:58,4.55,0.0,3,1365,买盘
2022,14:30:01,4.55,0.0,14,6368,买盘
2023,14:30:07,4.55,0.0,110,50136,买盘
2024,14:30:19,4.55,0.0,19,8645,卖盘
2025,14:30:30,4.56,0.01,50,22800,买盘
2026,14:30:36,4.56,0.0,7,3192,买盘
2027,14:30:42,4.55,-0.01,16,7280,卖盘
2028,14:30:48,4.55,0.0,69,31445,卖盘
2029,14:30:52,4.56,0.01,40,18240,买盘
2030,14:30:57,4.56,0.0,10,4560,买盘
2031,14:31:04,4.56,0.0,311,141635,买盘
2032,14:31:07,4.56,0.0,6,2736,买盘
2033,14:31:16,4.55,-0.01,99,45045,卖盘
2034,14:31:22,4.55,0.0,6,2730,卖盘
2035,14:31:24,4.56,0.01,99,45143,买盘
2036,14:31:28,4.55,-0.01,7,3185,卖盘
2037,14:31:30,4.56,0.01,21,9576,买盘
2038,14:31:37,4.55,-0.01,20,9100,卖盘
2039,14:31:40,4.56,0.01,50,22800,买盘
2040,14:31:43,4.56,0.0,3,1368,买盘
2041,14:31:49,4.56,0.0,251,114429,买盘
2042,14:31:52,4.56,0.0,10,4560,买盘
2043,14:31:55,4.56,0.0,10,4560,买盘
2044,14:31:58,4.56,0.0,22,10032,买盘
2045,14:32:01,4.56,0.0,311,141796,买盘
2046,14:32:06,4.56,0.0,10,4560,买盘
2047,14:32:10,4.56,0.0,33,15048,买盘
2048,14:32:13,4.56,0.0,32,14582,买盘
2049,14:32:16,4.56,0.0,194,88464,买盘
2050,14:32:19,4.56,0.0,3,1368,卖盘
2051,14:32:21,4.56,0.0,10,4560,卖盘
2052,14:32:25,4.56,0.0,6,2736,卖盘
2053,14:32:31,4.56,0.0,162,73872,卖盘
2054,14:32:39,4.56,0.0,9,4104,买盘
2055,14:32:42,4.55,-0.01,1042,474152,卖盘
2056,14:32:45,4.56,0.01,55,25080,买盘
2057,14:32:49,4.56,0.0,67,30552,买盘
2058,14:32:54,4.55,-0.01,10,4550,卖盘
2059,14:32:57,4.56,0.01,20,9120,买盘
2060,14:33:04,4.55,-0.01,10,4550,卖盘
2061,14:33:15,4.55,0.0,213,96920,卖盘
2062,14:33:18,4.56,0.01,5,2278,买盘
2063,14:33:25,4.55,-0.01,92,41860,卖盘
2064,14:33:28,4.55,0.0,1,455,卖盘
2065,14:33:30,4.55,0.0,10,4551,卖盘
2066,14:33:34,4.55,0.0,6,2730,卖盘
2067,14:33:37,4.56,0.01,35,15930,买盘
2068,14:33:40,4.55,-0.01,36,16380,卖盘
2069,14:33:46,4.56,0.01,12,5472,买盘
2070,14:33:51,4.56,0.0,248,113088,买盘
2071,14:33:58,4.55,-0.01,226,102992,卖盘
2072,14:34:01,4.56,0.01,41,18696,卖盘
2073,14:34:04,4.56,0.0,43,19608,卖盘
2074,14:34:07,4.56,0.0,9,4104,卖盘
2075,14:34:10,4.56,0.0,213,97128,卖盘
2076,14:34:16,4.57,0.01,10,4570,买盘
2077,14:34:19,4.56,-0.01,46,20976,卖盘
2078,14:34:25,4.56,0.0,1,456,卖盘
2079,14:34:28,4.56,0.0,420,191520,卖盘
2080,14:34:34,4.57,0.01,25,11425,买盘
2081,14:34:37,4.56,-0.01,323,147288,卖盘
2082,14:34:46,4.57,0.01,117,53369,买盘
2083,14:34:52,4.56,-0.01,50,22800,买盘
2084,14:34:58,4.56,0.0,1,456,买盘
2085,14:35:04,4.56,0.0,27,12312,买盘
2086,14:35:07,4.56,0.0,66,30096,卖盘
2087,14:35:16,4.56,0.0,6,2736,卖盘
2088,14:35:19,4.56,0.0,5,2280,卖盘
2089,14:35:31,4.56,0.0,4,1824,卖盘
2090,14:35:49,4.56,0.0,19,8664,卖盘
2091,14:35:54,4.56,0.0,200,91200,卖盘
2092,14:35:58,4.57,0.01,196,89572,买盘
2093,14:36:00,4.56,-0.01,80,36480,卖盘
2094,14:36:04,4.57,0.01,56,25592,买盘
2095,14:36:07,4.57,0.0,10,4570,卖盘
2096,14:36:15,4.58,0.01,28,12824,买盘
2097,14:36:19,4.58,0.0,81,37098,买盘
2098,14:36:28,4.59,0.01,20,9180,买盘
2099,14:36:30,4.58,-0.01,88,40304,卖盘
2100,14:36:40,4.58,0.0,16,7328,卖盘
2101,14:36:43,4.59,0.01,5,2295,买盘
2102,14:36:45,4.59,0.0,25,11475,买盘
2103,14:36:48,4.59,0.0,50,22950,买盘
2104,14:36:52,4.59,0.0,7,3213,买盘
2105,14:36:55,4.59,0.0,2,918,买盘
2106,14:37:05,4.58,-0.01,10,4580,卖盘
2107,14:37:10,4.59,0.01,210,96399,买盘
2108,14:37:28,4.6,0.01,60,27600,买盘
2109,14:37:37,4.6,0.0,9,4140,买盘
2110,14:37:40,4.6,0.0,84,38640,买盘
2111,14:37:43,4.6,0.0,10,4600,买盘
2112,14:37:46,4.59,-0.01,20,9180,卖盘
2113,14:37:51,4.6,0.01,6,2759,买盘
2114,14:37:54,4.6,0.0,62,28520,买盘
2115,14:38:01,4.6,0.0,5,2300,买盘
2116,14:38:04,4.6,0.0,20,9200,买盘
2117,14:38:31,4.6,0.0,40,18400,买盘
2118,14:38:33,4.6,0.0,35,16075,买盘
2119,14:38:36,4.6,0.0,1,460,买盘
2120,14:38:49,4.6,0.0,58,26680,买盘
2121,14:39:01,4.6,0.0,13,5980,买盘
2122,14:39:07,4.6,0.0,1,460,买盘
2123,14:39:13,4.6,0.0,80,36750,买盘
2124,14:39:19,4.6,0.0,157,72220,买盘
2125,14:39:21,4.6,0.0,6,2760,买盘
2126,14:39:24,4.59,-0.01,237,108783,卖盘
2127,14:39:27,4.6,0.01,3,1380,买盘
2128,14:39:31,4.59,-0.01,4,1836,卖盘
2129,14:39:34,4.59,0.0,10,4590,卖盘
2130,14:39:37,4.59,0.0,102,46878,卖盘
2131,14:39:39,4.59,0.0,12,5499,卖盘
2132,14:39:49,4.59,0.0,10,4590,买盘
2133,14:39:52,4.59,0.0,10,4590,买盘
2134,14:39:55,4.59,0.0,1,468,买盘
2135,14:40:01,4.59,0.0,24,11016,卖盘
2136,14:40:07,4.59,0.0,18,8272,卖盘
2137,14:40:10,4.59,0.0,109,50022,卖盘
2138,14:40:16,4.59,0.0,6,2763,买盘
2139,14:40:33,4.59,0.0,473,217098,卖盘
2140,14:40:37,4.59,0.0,10,4590,买盘
2141,14:40:48,4.59,0.0,5,2295,买盘
2142,14:40:57,4.58,-0.01,205,94090,卖盘
2143,14:41:01,4.58,0.0,4,1832,卖盘
2144,14:41:04,4.59,0.01,9,4131,买盘
2145,14:41:07,4.58,-0.01,10,4580,卖盘
2146,14:41:16,4.59,0.01,42,19278,买盘
2147,14:41:25,4.58,-0.01,16,7328,卖盘
2148,14:41:33,4.58,0.0,670,306860,卖盘
2149,14:41:36,4.58,0.0,24,10992,卖盘
2150,14:41:40,4.58,0.0,33,15114,买盘
2151,14:41:43,4.58,0.0,67,30746,卖盘
2152,14:41:45,4.58,0.0,28,12824,买盘
2153,14:41:49,4.58,0.0,52,23816,买盘
2154,14:41:52,4.59,0.01,78,35752,买盘
2155,14:41:55,4.58,-0.01,10,4580,中性盘
2156,14:41:58,4.58,0.0,250,114500,卖盘
2157,14:42:01,4.58,0.0,10,4580,买盘
2158,14:42:04,4.57,-0.01,10,4570,卖盘
2159,14:42:13,4.58,0.01,68,31144,买盘
2160,14:42:25,4.57,-0.01,15,6855,卖盘
2161,14:42:28,4.57,0.0,108,49356,卖盘
2162,14:42:36,4.58,0.01,184,84272,买盘
2163,14:42:40,4.57,-0.01,169,77233,卖盘
2164,14:42:42,4.57,0.0,60,27420,买盘
2165,14:42:46,4.57,0.0,16,7312,买盘
2166,14:42:51,4.57,0.0,60,27420,买盘
2167,14:42:58,4.57,0.0,313,143041,买盘
2168,14:43:01,4.56,-0.01,19,8664,卖盘
2169,14:43:06,4.56,0.0,9,4104,卖盘
2170,14:43:10,4.57,0.01,361,164977,买盘
2171,14:43:16,4.56,-0.01,59,26914,卖盘
2172,14:43:30,4.57,0.01,5,2285,买盘
2173,14:43:40,4.57,0.0,106,48442,买盘
2174,14:43:43,4.57,0.0,11,5027,买盘
2175,14:43:49,4.57,0.0,100,45700,买盘
2176,14:43:52,4.57,0.0,31,14606,买盘
2177,14:43:55,4.57,0.0,50,22850,卖盘
2178,14:44:01,4.57,0.0,4,1828,卖盘
2179,14:44:07,4.57,0.0,13,5941,卖盘
2180,14:44:10,4.57,0.0,10,4570,卖盘
2181,14:44:12,4.57,0.0,88,39777,卖盘
2182,14:44:16,4.58,0.01,263,120311,买盘
2183,14:44:19,4.58,0.0,5,2290,买盘
2184,14:44:22,4.58,0.0,4,1832,买盘
2185,14:44:28,4.58,0.0,10,4580,买盘
2186,14:44:37,4.57,-0.01,45,20600,卖盘
2187,14:44:42,4.58,0.01,23,10534,买盘
2188,14:45:01,4.58,0.0,57,26536,买盘
2189,14:45:07,4.58,0.0,11,5038,卖盘
2190,14:45:12,4.58,0.0,35,15590,卖盘
2191,14:45:15,4.58,0.0,10,4580,买盘
2192,14:45:19,4.58,0.0,55,25190,买盘
2193,14:45:31,4.58,0.0,2,916,买盘
2194,14:45:34,4.57,-0.01,2,914,卖盘
2195,14:45:43,4.58,0.01,178,81524,买盘
2196,14:45:49,4.58,0.0,2,916,买盘
2197,14:45:58,4.58,0.0,11,5028,买盘
2198,14:46:01,4.58,0.0,42,19676,买盘
2199,14:46:04,4.58,0.0,3,934,卖盘
2200,14:46:07,4.57,-0.01,10,4570,卖盘
2201,14:46:15,4.57,0.0,13,5941,卖盘
2202,14:46:19,4.57,0.0,17,7769,卖盘
2203,14:46:40,4.58,0.01,7,3206,买盘
2204,14:46:43,4.58,0.0,36,16928,买盘
2205,14:46:54,4.58,0.0,30,13740,卖盘
2206,14:46:57,4.59,0.01,15,6885,买盘
2207,14:47:01,4.59,0.0,19,8721,买盘
2208,14:47:19,4.59,0.0,1,459,买盘
2209,14:47:28,4.59,0.0,215,98520,买盘
2210,14:47:31,4.58,-0.01,10,4580,卖盘
2211,14:47:33,4.59,0.01,22,10098,买盘
2212,14:47:36,4.58,-0.01,1,458,卖盘
2213,14:47:43,4.58,0.0,29,13282,卖盘
2214,14:47:49,4.59,0.01,12,5507,买盘
2215,14:47:52,4.58,-0.01,25,11450,卖盘
2216,14:48:00,4.58,0.0,20,9160,卖盘
2217,14:48:07,4.58,0.0,119,54502,卖盘
2218,14:48:10,4.58,0.0,155,70550,卖盘
2219,14:48:13,4.58,0.0,13,5954,买盘
2220,14:48:16,4.58,0.0,5,2730,买盘
2221,14:48:18,4.59,0.01,5,2295,买盘
2222,14:48:22,4.58,-0.01,10,4580,卖盘
2223,14:48:40,4.58,0.0,8,3665,卖盘
2224,14:48:42,4.58,0.0,2,916,卖盘
2225,14:48:46,4.58,0.0,180,82440,卖盘
2226,14:48:52,4.59,0.01,822,377307,买盘
2227,14:48:58,4.59,0.0,39,17901,卖盘
2228,14:49:01,4.59,0.0,7,3213,卖盘
2229,14:49:07,4.59,0.0,22,10089,卖盘
2230,14:49:24,4.59,0.0,3,1377,买盘
2231,14:49:28,4.59,0.0,13,5967,买盘
2232,14:49:30,4.59,0.0,11,5049,买盘
2233,14:49:37,4.59,0.0,220,100980,买盘
2234,14:49:40,4.59,0.0,10,4590,买盘
2235,14:49:42,4.59,0.0,2,918,买盘
2236,14:49:49,4.59,0.0,117,53703,买盘
2237,14:49:51,4.59,0.0,21,9639,买盘
2238,14:49:55,4.59,0.0,723,331665,买盘
2239,14:49:58,4.58,-0.01,240,110048,卖盘
2240,14:50:06,4.59,0.01,11,5048,买盘
2241,14:50:09,4.58,-0.01,61,27938,卖盘
2242,14:50:13,4.59,0.01,14,6426,买盘
2243,14:50:16,4.59,0.0,27,12393,卖盘
2244,14:50:22,4.58,-0.01,4,1832,卖盘
2245,14:50:31,4.59,0.01,50,22950,买盘
2246,14:50:37,4.58,-0.01,10,4580,卖盘
2247,14:50:39,4.59,0.01,5,2295,买盘
2248,14:50:46,4.59,0.0,176,80784,买盘
2249,14:51:07,4.59,0.0,104,47788,卖盘
2250,14:51:28,4.59,0.0,30,13770,卖盘
2251,14:51:37,4.59,0.0,99,45441,卖盘
2252,14:51:43,4.59,0.0,45,20655,卖盘
2253,14:51:49,4.59,0.0,163,74817,卖盘
2254,14:51:52,4.59,0.0,25,11475,卖盘
2255,14:51:55,4.6,0.01,100,45943,买盘
2256,14:52:04,4.59,-0.01,5,2295,买盘
2257,14:52:06,4.59,0.0,2,918,买盘
2258,14:52:13,4.59,0.0,32,14688,买盘
2259,14:52:16,4.59,0.0,1,459,买盘
2260,14:52:19,4.59,0.0,111,50949,买盘
2261,14:52:22,4.59,0.0,50,22950,卖盘
2262,14:52:25,4.59,0.0,68,31212,卖盘
2263,14:52:28,4.59,0.0,72,33048,卖盘
2264,14:52:31,4.59,0.0,24,11016,卖盘
2265,14:52:39,4.59,0.0,140,64260,卖盘
2266,14:52:46,4.59,0.0,283,129897,买盘
2267,14:52:55,4.59,0.0,5,2295,买盘
2268,14:52:58,4.58,-0.01,69,31602,卖盘
2269,14:53:01,4.59,0.01,323,148257,买盘
2270,14:53:04,4.58,-0.01,39,17892,卖盘
2271,14:53:10,4.59,0.01,12,5508,买盘
2272,14:53:13,4.59,0.0,3,1377,买盘
2273,14:53:16,4.59,0.0,36,16524,卖盘
2274,14:53:19,4.58,-0.01,3,1374,卖盘
2275,14:53:22,4.58,0.0,2,916,卖盘
2276,14:53:28,4.58,0.0,284,130072,卖盘
2277,14:53:31,4.59,0.01,1,459,买盘
2278,14:53:43,4.58,-0.01,58,26564,卖盘
2279,14:53:46,4.59,0.01,18,8262,买盘
2280,14:53:49,4.58,-0.01,579,265045,卖盘
2281,14:53:52,4.58,0.0,50,22900,买盘
2282,14:53:55,4.57,-0.01,39,17823,卖盘
2283,14:54:04,4.58,0.01,2,916,买盘
2284,14:54:07,4.57,-0.01,2,914,卖盘
2285,14:54:10,4.57,0.0,482,220274,卖盘
2286,14:54:13,4.57,0.0,50,22850,买盘
2287,14:54:16,4.56,-0.01,28,12771,卖盘
2288,14:54:22,4.56,0.0,25,11401,卖盘
2289,14:54:25,4.56,0.0,20,9120,卖盘
2290,14:54:27,4.57,0.01,2,914,买盘
2291,14:54:31,4.57,0.0,18,8218,买盘
2292,14:54:34,4.57,0.0,4,1828,买盘
2293,14:54:37,4.56,-0.01,34,15529,卖盘
2294,14:54:39,4.57,0.01,30,13710,买盘
2295,14:54:43,4.56,-0.01,89,40584,卖盘
2296,14:54:46,4.56,0.0,100,45600,卖盘
2297,14:54:48,4.56,0.0,10,4560,卖盘
2298,14:54:52,4.57,0.01,86,39302,买盘
2299,14:54:55,4.57,0.0,60,27420,买盘
2300,14:54:58,4.56,-0.01,221,100776,卖盘
2301,14:55:07,4.56,0.0,10,4560,卖盘
2302,14:55:10,4.57,0.01,190,86730,买盘
2303,14:55:21,4.57,0.0,237,108076,买盘
2304,14:55:28,4.56,-0.01,719,327864,卖盘
2305,14:55:37,4.56,0.0,28,12768,买盘
2306,14:55:39,4.56,0.0,150,68400,买盘
2307,14:55:46,4.56,0.0,29,13224,买盘
2308,14:55:49,4.56,0.0,206,93936,买盘
2309,14:55:55,4.56,0.0,42,19152,卖盘
2310,14:56:04,4.57,0.01,40,18280,买盘
2311,14:56:10,4.56,-0.01,12,5472,卖盘
2312,14:56:16,4.57,0.01,28,12778,买盘
2313,14:56:34,4.56,-0.01,182,82992,卖盘
2314,14:56:37,4.57,0.01,145,66265,买盘
2315,14:56:40,4.57,0.0,305,139109,买盘
2316,14:56:46,4.56,-0.01,175,79800,卖盘
2317,14:56:49,4.56,0.0,65,29640,卖盘
2318,14:56:52,4.57,0.01,35,15969,买盘
2319,14:56:58,4.56,-0.01,35,15960,买盘
2320,14:57:01,4.56,0.0,99,45144,买盘
2321,15:00:05,4.55,-0.01,4892,2225860,卖盘
