,time,price,change,volume,amount,type
0,09:30:04,8.25,0.01,63,51980,中性盘
1,09:30:07,8.25,0.0,9,7425,卖盘
2,09:30:19,8.25,0.0,3,2475,卖盘
3,09:30:22,8.25,0.0,24,19800,卖盘
4,09:30:25,8.25,0.0,1,825,卖盘
5,09:30:27,8.25,0.0,3,2475,卖盘
6,09:30:30,8.25,0.0,1,825,卖盘
7,09:30:34,8.25,0.0,1,825,卖盘
8,09:30:37,8.25,0.0,12,9900,卖盘
9,09:30:40,8.25,0.0,1,825,卖盘
10,09:30:43,8.25,0.0,11,9075,卖盘
11,09:30:46,8.25,0.0,25,20625,卖盘
12,09:30:52,8.25,0.0,231,190775,卖盘
13,09:30:54,8.26,0.01,6,4956,买盘
14,09:30:58,8.25,-0.01,6,4950,卖盘
15,09:31:13,8.26,0.01,18,14868,买盘
16,09:31:21,8.25,-0.01,200,165061,卖盘
17,09:31:25,8.25,0.0,1,825,买盘
18,09:31:28,8.25,0.0,4,3303,卖盘
19,09:31:34,8.24,-0.01,61,50269,卖盘
20,09:31:40,8.24,0.0,10,8240,卖盘
21,09:31:43,8.24,0.0,50,41200,卖盘
22,09:31:52,8.24,0.0,7,5768,买盘
23,09:31:55,8.22,-0.02,20,16440,卖盘
24,09:32:01,8.22,0.0,22,18084,卖盘
25,09:32:18,8.23,0.01,1,823,买盘
26,09:32:22,8.22,-0.01,20,16440,卖盘
27,09:32:28,8.24,0.02,4,3296,买盘
28,09:32:43,8.24,0.0,1,824,买盘
29,09:32:52,8.24,0.0,5,4120,买盘
30,09:33:00,8.24,0.0,28,23072,买盘
31,09:33:04,8.25,0.01,74,61046,买盘
32,09:33:06,8.25,0.0,14,11550,卖盘
33,09:33:24,8.28,0.03,34,28060,买盘
34,09:33:27,8.26,-0.02,5,4132,卖盘
35,09:33:43,8.25,-0.01,62,51150,卖盘
36,09:33:45,8.26,0.01,6,4956,买盘
37,09:33:49,8.26,0.0,5,4130,卖盘
38,09:33:55,8.26,0.0,3,2478,买盘
39,09:34:01,8.25,-0.01,66,54500,卖盘
40,09:34:04,8.26,0.01,1,826,卖盘
41,09:34:07,8.26,0.0,17,14042,卖盘
42,09:34:10,8.26,0.0,55,45430,卖盘
43,09:34:12,8.26,0.0,2,1652,卖盘
44,09:34:19,8.25,-0.01,120,99119,卖盘
45,09:34:28,8.26,0.01,19,15694,买盘
46,09:34:30,8.26,0.0,1,826,卖盘
47,09:34:37,8.25,-0.01,179,147813,卖盘
48,09:34:40,8.24,-0.01,27,22255,卖盘
49,09:34:43,8.24,0.0,3,2472,买盘
50,09:34:45,8.24,0.0,6,4944,买盘
51,09:34:49,8.23,-0.01,38,31274,卖盘
52,09:34:52,8.24,0.01,7,5764,买盘
53,09:34:54,8.23,-0.01,80,65840,卖盘
54,09:35:05,8.22,-0.01,43,35385,卖盘
55,09:35:10,8.23,0.01,4,3292,卖盘
56,09:35:16,8.25,0.02,180,148479,买盘
57,09:35:22,8.24,-0.01,6,4944,卖盘
58,09:35:24,8.24,0.0,4,3296,买盘
59,09:35:28,8.24,0.0,1,824,买盘
60,09:35:31,8.23,-0.01,1,823,卖盘
61,09:36:01,8.23,0.0,5,4119,卖盘
62,09:36:03,8.24,0.01,1,824,买盘
63,09:36:07,8.23,-0.01,98,80687,卖盘
64,09:36:10,8.24,0.01,30,24720,买盘
65,09:36:13,8.24,0.0,10,8240,卖盘
66,09:36:15,8.24,0.0,30,24720,卖盘
67,09:36:19,8.23,-0.01,1,823,卖盘
68,09:36:22,8.24,0.01,4,3296,买盘
69,09:36:34,8.24,0.0,29,23872,买盘
70,09:36:37,8.23,-0.01,1,823,卖盘
71,09:36:40,8.23,0.0,5,4115,卖盘
72,09:36:42,8.23,0.0,7,5761,卖盘
73,09:36:48,8.24,0.01,1,824,买盘
74,09:36:52,8.24,0.0,19,15648,买盘
75,09:36:55,8.24,0.0,33,27192,卖盘
76,09:36:58,8.23,-0.01,4,3292,卖盘
77,09:37:00,8.23,0.0,1,823,卖盘
78,09:37:04,8.23,0.0,14,11528,卖盘
79,09:37:06,8.23,0.0,46,37922,卖盘
80,09:37:13,8.23,0.0,4,3292,买盘
81,09:37:16,8.23,0.0,11,9053,卖盘
82,09:37:19,8.23,0.0,14,11522,卖盘
83,09:37:21,8.23,0.0,1,823,买盘
84,09:37:25,8.22,-0.01,43,35350,卖盘
85,09:37:28,8.21,-0.01,73,59995,卖盘
86,09:37:31,8.22,0.01,10,8220,买盘
87,09:37:34,8.21,-0.01,3,2465,卖盘
88,09:37:37,8.22,0.01,10,8211,买盘
89,09:37:43,8.21,-0.01,1,821,卖盘
90,09:37:48,8.2,-0.01,28,22975,卖盘
91,09:37:52,8.2,0.0,9,7380,卖盘
92,09:38:01,8.22,0.02,26,21326,买盘
93,09:38:06,8.24,0.02,39,32046,买盘
94,09:38:10,8.21,-0.03,3,2463,买盘
95,09:38:21,8.21,0.0,4,3284,买盘
96,09:38:31,8.21,0.0,2,1642,买盘
97,09:38:34,8.21,0.0,10,8210,买盘
98,09:38:48,8.21,0.0,19,15590,买盘
99,09:38:51,8.23,0.02,7,5761,买盘
100,09:38:55,8.21,-0.02,24,19704,卖盘
101,09:39:01,8.21,0.0,3,2463,卖盘
102,09:39:06,8.21,0.0,9,7395,卖盘
103,09:39:10,8.23,0.02,35,28801,买盘
104,09:39:21,8.23,0.0,3,2469,买盘
105,09:39:28,8.23,0.0,6,4938,买盘
106,09:39:30,8.23,0.0,2,1646,卖盘
107,09:39:33,8.23,0.0,27,22221,买盘
108,09:39:36,8.23,0.0,9,7407,卖盘
109,09:39:49,8.23,0.0,45,37035,卖盘
110,09:39:51,8.24,0.01,10,8239,买盘
111,09:39:55,8.24,0.0,4,3296,买盘
112,09:39:58,8.23,-0.01,8,6584,卖盘
113,09:40:01,8.23,0.0,1,823,卖盘
114,09:40:04,8.23,0.0,1,823,卖盘
115,09:40:10,8.24,0.01,33,27192,买盘
116,09:40:15,8.23,-0.01,22,18106,卖盘
117,09:40:21,8.24,0.01,9,7416,买盘
118,09:40:34,8.23,-0.01,6,4939,卖盘
119,09:40:39,8.23,0.0,6,4938,卖盘
120,09:40:43,8.23,0.0,2,1646,卖盘
121,09:40:52,8.23,0.0,5,4117,卖盘
122,09:40:55,8.23,0.0,1,823,买盘
123,09:41:01,8.23,0.0,8,6584,买盘
124,09:41:04,8.21,-0.02,23,18883,卖盘
125,09:41:06,8.21,0.0,10,8210,买盘
126,09:41:09,8.21,0.0,28,22988,买盘
127,09:41:12,8.21,0.0,7,5747,买盘
128,09:41:15,8.21,0.0,4,3284,买盘
129,09:41:19,8.21,0.0,8,6568,买盘
130,09:41:22,8.21,0.0,4,3284,买盘
131,09:41:25,8.21,0.0,3,2463,买盘
132,09:41:28,8.21,0.0,4,3284,买盘
133,09:41:30,8.21,0.0,4,3284,买盘
134,09:41:34,8.21,0.0,11,9026,买盘
135,09:41:36,8.21,0.0,1,821,买盘
136,09:41:39,8.21,0.0,3,2463,买盘
137,09:41:43,8.21,0.0,3,2463,买盘
138,09:41:46,8.2,-0.01,83,68063,卖盘
139,09:41:52,8.21,0.01,8,6568,买盘
140,09:41:54,8.21,0.0,7,5746,买盘
141,09:41:57,8.2,-0.01,4,3280,卖盘
142,09:42:01,8.21,0.01,11,9031,买盘
143,09:42:04,8.21,0.0,6,4926,卖盘
144,09:42:07,8.21,0.0,2,1642,卖盘
145,09:42:10,8.21,0.0,1,821,卖盘
146,09:42:25,8.21,0.0,1,821,买盘
147,09:42:31,8.21,0.0,6,4926,买盘
148,09:42:34,8.2,-0.01,32,26249,卖盘
149,09:42:39,8.2,0.0,70,57400,卖盘
150,09:42:45,8.21,0.01,18,14778,买盘
151,09:42:49,8.22,0.01,3,2466,买盘
152,09:42:54,8.23,0.01,3,2469,买盘
153,09:42:57,8.23,0.0,1,823,卖盘
154,09:43:25,8.23,0.0,1,823,买盘
155,09:43:28,8.22,-0.01,1,822,卖盘
156,09:43:33,8.22,0.0,7,5755,卖盘
157,09:43:54,8.23,0.01,1,823,买盘
158,09:44:00,8.22,-0.01,23,18906,卖盘
159,09:44:04,8.23,0.01,9,7407,买盘
160,09:44:22,8.23,0.0,2,1646,买盘
161,09:44:25,8.22,-0.01,3,2466,卖盘
162,09:44:28,8.23,0.01,1,823,买盘
163,09:44:31,8.23,0.0,2,1646,买盘
164,09:44:33,8.23,0.0,3,2469,买盘
165,09:44:48,8.23,0.0,1,823,买盘
166,09:44:52,8.23,0.0,5,4115,买盘
167,09:44:54,8.23,0.0,2,1646,买盘
168,09:44:58,8.23,0.0,6,4938,买盘
169,09:45:04,8.22,-0.01,2,1644,卖盘
170,09:45:07,8.22,0.0,18,14796,卖盘
171,09:45:19,8.22,0.0,6,4932,卖盘
172,09:45:22,8.22,0.0,7,5754,卖盘
173,09:45:25,8.23,0.01,2,1646,买盘
174,09:45:28,8.22,-0.01,34,27948,卖盘
175,09:45:34,8.21,-0.01,24,19704,卖盘
176,09:45:52,8.22,0.01,1,822,买盘
177,09:45:55,8.21,-0.01,1,821,卖盘
178,09:45:58,8.22,0.01,5,4109,买盘
179,09:46:01,8.22,0.0,1,822,买盘
180,09:46:13,8.21,-0.01,1,821,卖盘
181,09:46:16,8.22,0.01,2,1644,买盘
182,09:46:24,8.21,-0.01,122,100169,卖盘
183,09:46:34,8.21,0.0,43,35297,买盘
184,09:46:57,8.21,0.0,1,821,买盘
185,09:47:01,8.2,-0.01,32,26249,卖盘
186,09:47:03,8.21,0.01,2,1642,买盘
187,09:47:16,8.2,-0.01,19,15580,卖盘
188,09:47:27,8.2,0.0,2,1640,买盘
189,09:47:51,8.2,0.0,3,2460,买盘
190,09:47:54,8.2,0.0,1,820,买盘
191,09:47:58,8.2,0.0,10,8200,买盘
192,09:48:04,8.19,-0.01,6,4914,卖盘
193,09:48:21,8.2,0.01,2,1640,买盘
194,09:48:24,8.2,0.0,3,2460,买盘
195,09:48:31,8.2,0.0,1,820,买盘
196,09:48:34,8.19,-0.01,25,20476,卖盘
197,09:48:37,8.2,0.01,2,1640,买盘
198,09:48:40,8.19,-0.01,87,71253,卖盘
199,09:48:54,8.19,0.0,1,819,买盘
200,09:48:58,8.19,0.0,10,8189,买盘
201,09:49:04,8.19,0.0,2,1638,买盘
202,09:49:07,8.19,0.0,1,819,买盘
203,09:49:09,8.19,0.0,1,819,买盘
204,09:49:12,8.19,0.0,1,819,买盘
205,09:49:21,8.19,0.0,10,8190,买盘
206,09:49:28,8.19,0.0,2,1638,买盘
207,09:49:31,8.18,-0.01,6,4908,卖盘
208,09:49:34,8.18,0.0,2,1636,卖盘
209,09:49:37,8.19,0.01,10,8190,买盘
210,09:49:42,8.18,-0.01,147,120374,卖盘
211,09:49:46,8.19,0.01,19,15561,买盘
212,09:49:48,8.19,0.0,4,3276,买盘
213,09:49:52,8.2,0.01,74,60607,买盘
214,09:49:54,8.2,0.0,7,5740,买盘
215,09:49:58,8.21,0.01,8,6561,买盘
216,09:50:01,8.2,-0.01,14,11480,卖盘
217,09:50:04,8.2,0.0,1,820,买盘
218,09:50:07,8.2,0.0,14,11480,买盘
219,09:50:19,8.21,0.01,2,1642,买盘
220,09:50:21,8.21,0.0,4,3284,买盘
221,09:50:25,8.2,-0.01,75,61502,卖盘
222,09:50:27,8.21,0.01,74,60681,买盘
223,09:50:31,8.21,0.0,3,2463,买盘
224,09:50:40,8.21,0.0,1,821,买盘
225,09:50:46,8.21,0.0,9,7389,买盘
226,09:50:49,8.22,0.01,13,10674,买盘
227,09:50:51,8.22,0.0,1,822,买盘
228,09:50:54,8.22,0.0,30,24660,买盘
229,09:51:04,8.22,0.0,7,5754,卖盘
230,09:51:18,8.23,0.01,26,21398,买盘
231,09:51:25,8.24,0.01,7,5766,买盘
232,09:51:31,8.24,0.0,8,6592,买盘
233,09:51:34,8.23,-0.01,22,18106,卖盘
234,09:51:42,8.23,0.0,1,823,买盘
235,09:51:51,8.23,0.0,1,823,买盘
236,09:51:54,8.23,0.0,2,1646,买盘
237,09:52:01,8.24,0.01,1,824,买盘
238,09:52:07,8.24,0.0,1,824,买盘
239,09:52:22,8.24,0.0,42,34608,买盘
240,09:52:25,8.24,0.0,4,3296,买盘
241,09:52:31,8.23,-0.01,9,7407,卖盘
242,09:52:37,8.23,0.0,4,3292,卖盘
243,09:52:51,8.23,0.0,6,4938,买盘
244,09:52:58,8.22,-0.01,5,4114,卖盘
245,09:53:00,8.22,0.0,23,18906,卖盘
246,09:53:04,8.22,0.0,2,1644,卖盘
247,09:53:13,8.22,0.0,17,13974,卖盘
248,09:53:21,8.23,0.01,2,1646,买盘
249,09:53:25,8.23,0.0,1,823,买盘
250,09:53:43,8.23,0.0,6,4938,买盘
251,09:53:55,8.23,0.0,5,4111,买盘
252,09:53:57,8.23,0.0,2,1646,买盘
253,09:54:06,8.22,-0.01,6,4932,卖盘
254,09:54:16,8.22,0.0,96,78912,卖盘
255,09:54:19,8.22,0.0,6,4932,卖盘
256,09:54:22,8.22,0.0,69,56718,卖盘
257,09:54:28,8.21,-0.01,73,59933,卖盘
258,09:54:30,8.22,0.01,25,20550,买盘
259,09:54:33,8.2,-0.02,19,15590,卖盘
260,09:54:37,8.2,0.0,15,12313,卖盘
261,09:54:54,8.2,0.0,73,59860,卖盘
262,09:54:57,8.21,0.01,2,1642,买盘
263,09:55:00,8.2,-0.01,1,820,卖盘
264,09:55:13,8.21,0.01,10,8210,买盘
265,09:55:15,8.21,0.0,1,821,买盘
266,09:55:27,8.21,0.0,2,1642,买盘
267,09:55:31,8.2,-0.01,6,4920,卖盘
268,09:55:42,8.2,0.0,100,82000,卖盘
269,09:55:52,8.21,0.01,7,5746,买盘
270,09:55:57,8.21,0.0,2,1642,买盘
271,09:56:01,8.2,-0.01,23,18860,卖盘
272,09:56:22,8.21,0.01,3,2463,买盘
273,09:56:25,8.21,0.0,1,821,买盘
274,09:56:31,8.2,-0.01,84,68880,卖盘
275,09:56:34,8.2,0.0,16,13120,买盘
276,09:56:40,8.2,0.0,1,820,买盘
277,09:56:58,8.21,0.01,7,5747,买盘
278,09:57:01,8.21,0.0,1,821,买盘
279,09:57:16,8.2,-0.01,7,5740,卖盘
280,09:57:22,8.21,0.01,3,2463,买盘
281,09:57:25,8.21,0.0,3,2463,买盘
282,09:57:34,8.2,-0.01,4,3280,卖盘
283,09:57:37,8.2,0.0,19,15580,买盘
284,09:57:45,8.21,0.01,25,20525,买盘
285,09:57:55,8.22,0.01,4,3288,买盘
286,09:58:22,8.22,0.0,1,822,买盘
287,09:58:27,8.22,0.0,7,5754,买盘
288,09:59:00,8.22,0.0,1,822,卖盘
289,09:59:19,8.21,-0.01,28,22988,卖盘
290,09:59:58,8.2,-0.01,2,1640,卖盘
291,10:00:04,8.2,0.0,8,6560,卖盘
292,10:00:16,8.2,0.0,10,8200,卖盘
293,10:00:27,8.2,0.0,3,2460,卖盘
294,10:00:34,8.2,0.0,7,5740,卖盘
295,10:00:39,8.2,0.0,22,18040,买盘
296,10:00:48,8.21,0.01,1,821,买盘
297,10:01:37,8.2,-0.01,6,4920,卖盘
298,10:01:57,8.2,0.0,38,31160,卖盘
299,10:02:01,8.2,0.0,20,16400,卖盘
300,10:02:22,8.19,-0.01,3,2457,卖盘
301,10:02:24,8.19,0.0,3,2457,卖盘
302,10:02:48,8.2,0.01,1,820,买盘
303,10:02:52,8.2,0.0,3,2460,买盘
304,10:02:55,8.2,0.0,6,4920,买盘
305,10:03:06,8.19,-0.01,7,5733,卖盘
306,10:03:15,8.2,0.01,1,820,买盘
307,10:03:24,8.2,0.0,1,820,买盘
308,10:03:33,8.19,-0.01,6,4914,卖盘
309,10:03:51,8.19,0.0,7,5733,卖盘
310,10:04:22,8.2,0.01,5,4100,买盘
311,10:04:25,8.2,0.0,1,820,买盘
312,10:04:43,8.19,-0.01,2,1638,卖盘
313,10:04:49,8.19,0.0,6,4914,卖盘
314,10:04:51,8.2,0.01,1,820,买盘
315,10:04:55,8.2,0.0,1,820,买盘
316,10:04:58,8.2,0.0,32,26240,买盘
317,10:05:43,8.2,0.0,1,820,买盘
318,10:05:46,8.2,0.0,10,8200,买盘
319,10:06:04,8.19,0.0,6,4914,卖盘
320,10:06:13,8.19,0.0,2,1638,卖盘
321,10:06:19,8.2,0.01,1,820,买盘
322,10:06:30,8.19,-0.01,23,18837,卖盘
323,10:06:34,8.19,0.0,56,45864,卖盘
324,10:06:37,8.19,0.0,59,48321,卖盘
325,10:06:39,8.19,0.0,106,86814,卖盘
326,10:06:42,8.19,0.0,308,251842,卖盘
327,10:06:45,8.18,-0.01,70,57260,卖盘
328,10:06:49,8.18,0.0,122,99796,卖盘
329,10:06:52,8.18,0.0,247,202390,卖盘
330,10:06:54,8.18,0.0,107,87526,卖盘
331,10:06:57,8.18,0.0,79,64278,卖盘
332,10:07:01,8.17,-0.01,22,17984,卖盘
333,10:07:03,8.17,0.0,21,17157,卖盘
334,10:07:07,8.17,0.0,2,1634,卖盘
335,10:07:09,8.17,0.0,1,817,卖盘
336,10:07:12,8.17,0.0,12,9804,卖盘
337,10:07:16,8.17,0.0,10,8170,卖盘
338,10:07:31,8.17,0.0,7,5719,买盘
339,10:07:33,8.17,0.0,17,13883,买盘
340,10:07:46,8.16,-0.01,2,1632,卖盘
341,10:07:54,8.16,0.0,20,16320,卖盘
342,10:07:58,8.16,0.0,19,15506,卖盘
343,10:08:01,8.16,0.0,23,18768,卖盘
344,10:08:04,8.16,0.0,36,29376,卖盘
345,10:08:07,8.16,0.0,8,6528,卖盘
346,10:08:09,8.17,0.01,1,817,买盘
347,10:08:16,8.15,-0.02,9,7335,卖盘
348,10:08:19,8.15,0.0,47,38305,卖盘
349,10:08:22,8.15,0.0,2,1630,卖盘
350,10:08:25,8.16,0.01,1,816,买盘
351,10:08:58,8.14,-0.02,140,114073,卖盘
352,10:09:00,8.16,0.02,11,8964,买盘
353,10:09:06,8.14,-0.02,6,4884,卖盘
354,10:09:18,8.15,0.01,19,15485,买盘
355,10:09:25,8.16,0.01,2,1632,买盘
356,10:09:27,8.16,0.0,2,1632,买盘
357,10:09:30,8.16,0.0,104,84599,买盘
358,10:09:33,8.16,0.0,2,1632,买盘
359,10:09:36,8.16,0.0,50,40800,买盘
360,10:09:39,8.16,0.0,2,1632,买盘
361,10:09:45,8.14,-0.02,6,4884,卖盘
362,10:09:49,8.14,0.0,1,814,买盘
363,10:09:54,8.14,0.0,2,1628,卖盘
364,10:09:58,8.15,0.01,6,4890,买盘
365,10:10:04,8.15,0.0,13,10606,卖盘
366,10:10:31,8.16,0.01,13,10608,买盘
367,10:10:43,8.15,-0.01,6,4890,卖盘
368,10:10:55,8.16,0.01,5,4080,买盘
369,10:10:58,8.14,-0.02,66,53724,卖盘
370,10:11:00,8.14,0.0,4,3256,买盘
371,10:11:19,8.16,0.02,10,8160,买盘
372,10:11:22,8.14,-0.02,8,6512,卖盘
373,10:11:25,8.16,0.02,6,4896,买盘
374,10:11:27,8.14,-0.02,1,814,卖盘
375,10:11:58,8.14,0.0,1,814,卖盘
376,10:12:10,8.14,0.0,5,4070,卖盘
377,10:12:36,8.16,0.02,20,16320,买盘
378,10:12:42,8.16,0.0,9,7344,买盘
379,10:13:00,8.16,0.0,2,1632,买盘
380,10:13:13,8.16,0.0,9,7344,买盘
381,10:13:33,8.15,-0.01,19,15485,卖盘
382,10:13:36,8.17,0.02,1,817,买盘
383,10:13:42,8.15,-0.02,10,8150,卖盘
384,10:13:52,8.15,0.0,9,7335,卖盘
385,10:13:57,8.15,0.0,2,1630,卖盘
386,10:14:19,8.15,0.0,3,2445,买盘
387,10:14:22,8.15,0.0,5,4075,买盘
388,10:14:25,8.15,0.0,3,2445,买盘
389,10:14:30,8.15,0.0,3,2445,买盘
390,10:14:49,8.17,0.02,5,4085,买盘
391,10:14:51,8.17,0.0,1,817,买盘
392,10:15:19,8.16,-0.01,2,1632,买盘
393,10:15:25,8.17,0.01,2,1634,买盘
394,10:15:31,8.16,-0.01,3,2448,卖盘
395,10:15:48,8.17,0.01,10,8170,买盘
396,10:15:55,8.17,0.0,3,2450,买盘
397,10:16:09,8.16,-0.01,3,2448,卖盘
398,10:16:18,8.17,0.01,3,2451,买盘
399,10:16:27,8.16,-0.01,4,3264,卖盘
400,10:16:31,8.17,0.01,16,13072,买盘
401,10:16:52,8.18,0.01,5,4090,买盘
402,10:17:19,8.18,0.0,5,4090,买盘
403,10:17:22,8.19,0.01,1,819,买盘
404,10:17:25,8.19,0.0,6,4914,买盘
405,10:18:04,8.19,0.0,2,1638,卖盘
406,10:18:21,8.2,0.01,5,4100,买盘
407,10:18:34,8.19,-0.01,50,40950,卖盘
408,10:18:36,8.19,0.0,16,13104,卖盘
409,10:18:52,8.19,0.0,1,819,买盘
410,10:18:54,8.18,-0.01,10,8180,卖盘
411,10:19:06,8.18,0.0,1,818,买盘
412,10:19:16,8.18,0.0,2,1636,买盘
413,10:19:22,8.18,0.0,1,818,买盘
414,10:19:25,8.18,0.0,4,3272,买盘
415,10:19:27,8.17,-0.01,4,3270,卖盘
416,10:19:49,8.18,0.01,39,31893,买盘
417,10:19:52,8.18,0.0,3,2454,买盘
418,10:20:10,8.18,0.0,7,5726,买盘
419,10:20:19,8.18,0.0,6,4908,买盘
420,10:20:27,8.17,-0.01,3,2451,卖盘
421,10:20:34,8.17,0.0,41,33497,卖盘
422,10:20:58,8.16,-0.01,20,16320,卖盘
423,10:21:01,8.17,0.01,1,817,买盘
424,10:21:07,8.16,-0.01,75,61200,卖盘
425,10:21:12,8.17,0.01,20,16340,买盘
426,10:21:18,8.17,0.0,13,10621,买盘
427,10:21:49,8.18,0.01,1,818,买盘
428,10:21:52,8.18,0.0,1,818,买盘
429,10:22:22,8.18,0.0,1,818,买盘
430,10:22:55,8.18,0.0,3,2454,买盘
431,10:23:04,8.17,-0.01,2,1634,卖盘
432,10:23:24,8.18,0.01,1,818,买盘
433,10:23:45,8.17,-0.01,3,2451,卖盘
434,10:23:52,8.18,0.01,7,5726,买盘
435,10:24:01,8.17,-0.01,12,9804,卖盘
436,10:24:22,8.17,0.0,7,5719,买盘
437,10:24:37,8.17,0.0,20,16340,买盘
438,10:24:52,8.17,0.0,1,817,买盘
439,10:25:12,8.17,0.0,5,4085,买盘
440,10:25:24,8.17,0.0,4,3268,买盘
441,10:25:52,8.17,0.0,4,3268,买盘
442,10:26:10,8.17,0.0,1,817,买盘
443,10:26:13,8.17,0.0,2,1634,买盘
444,10:26:16,8.16,-0.01,1,816,卖盘
445,10:26:22,8.17,0.01,5,4085,买盘
446,10:26:28,8.17,0.0,1,817,买盘
447,10:26:36,8.16,-0.01,20,16320,卖盘
448,10:26:42,8.17,0.01,2,1634,买盘
449,10:26:49,8.16,-0.01,3,2448,卖盘
450,10:27:04,8.17,0.01,10,8170,买盘
451,10:27:09,8.18,0.01,5,4087,买盘
452,10:27:12,8.18,0.0,3,2454,买盘
453,10:27:19,8.17,-0.01,1,817,卖盘
454,10:27:21,8.17,0.0,12,9809,卖盘
455,10:27:25,8.17,0.0,1,817,卖盘
456,10:27:27,8.18,0.01,24,19631,买盘
457,10:27:30,8.18,0.0,17,13906,卖盘
458,10:27:34,8.17,-0.01,1,817,卖盘
459,10:27:36,8.17,0.0,2,1634,卖盘
460,10:27:42,8.16,-0.01,11,8978,卖盘
461,10:27:49,8.17,0.01,2,1634,买盘
462,10:28:06,8.16,-0.01,3,2448,卖盘
463,10:28:10,8.17,0.01,2,1634,买盘
464,10:28:13,8.17,0.0,3,2451,买盘
465,10:28:43,8.16,-0.01,24,19586,卖盘
466,10:28:51,8.17,0.01,5,4085,买盘
467,10:28:57,8.16,-0.01,14,11424,卖盘
468,10:29:00,8.17,0.01,10,8170,买盘
469,10:29:09,8.17,0.0,2,1634,买盘
470,10:29:12,8.17,0.0,3,2451,买盘
471,10:29:19,8.17,0.0,7,5719,买盘
472,10:29:36,8.16,-0.01,5,4080,卖盘
473,10:29:40,8.16,0.0,3,2448,卖盘
474,10:29:52,8.17,0.01,1,817,买盘
475,10:30:06,8.16,-0.01,48,39168,卖盘
476,10:30:37,8.16,0.0,3,2448,卖盘
477,10:30:48,8.17,0.01,1,817,买盘
478,10:30:58,8.16,-0.01,11,8976,卖盘
479,10:31:01,8.17,0.01,2,1634,买盘
480,10:31:10,8.16,-0.01,10,8160,卖盘
481,10:31:12,8.16,0.0,1,816,卖盘
482,10:31:16,8.15,-0.01,21,17125,卖盘
483,10:31:22,8.15,0.0,2,1630,卖盘
484,10:31:24,8.16,0.01,6,4896,买盘
485,10:31:27,8.15,-0.01,3,2445,卖盘
486,10:31:54,8.16,0.01,1,816,买盘
487,10:32:01,8.16,0.0,1,816,买盘
488,10:32:04,8.15,-0.01,37,30155,卖盘
489,10:32:22,8.15,0.0,52,42381,卖盘
490,10:32:24,8.15,0.0,9,7335,卖盘
491,10:32:52,8.16,0.01,1,816,买盘
492,10:33:01,8.15,-0.01,2,1630,卖盘
493,10:33:16,8.15,0.0,5,4075,卖盘
494,10:33:21,8.16,0.01,1,816,买盘
495,10:33:37,8.15,-0.01,10,8150,卖盘
496,10:33:40,8.16,0.01,1,816,买盘
497,10:33:48,8.16,0.0,28,22848,买盘
498,10:33:52,8.16,0.0,3,2448,买盘
499,10:33:55,8.15,-0.01,2,1630,卖盘
500,10:34:04,8.15,0.0,1,815,卖盘
501,10:34:16,8.15,0.0,10,8150,卖盘
502,10:34:22,8.16,0.01,1,816,买盘
503,10:34:54,8.16,0.0,1,816,买盘
504,10:35:01,8.16,0.0,5,4080,买盘
505,10:35:04,8.15,-0.01,45,36675,卖盘
506,10:35:10,8.16,0.01,27,22032,买盘
507,10:35:52,8.16,0.0,7,5712,买盘
508,10:36:22,8.16,0.0,3,2448,买盘
509,10:36:51,8.15,-0.01,13,10599,卖盘
510,10:37:22,8.16,0.01,3,2448,买盘
511,10:37:24,8.15,-0.01,1,815,卖盘
512,10:37:33,8.16,0.01,1,816,买盘
513,10:37:36,8.15,-0.01,9,7335,卖盘
514,10:37:48,8.15,0.0,15,12225,卖盘
515,10:37:52,8.16,0.01,37,30156,买盘
516,10:37:55,8.15,-0.01,77,62755,卖盘
517,10:38:04,8.15,0.0,2,1630,卖盘
518,10:38:06,8.15,0.0,9,7335,卖盘
519,10:38:09,8.15,0.0,96,78240,卖盘
520,10:38:12,8.13,-0.02,116,94434,卖盘
521,10:38:28,8.13,0.0,100,81300,卖盘
522,10:38:36,8.13,0.0,2,1626,卖盘
523,10:38:40,8.13,0.0,5,4065,卖盘
524,10:38:54,8.13,0.0,3,2439,卖盘
525,10:38:57,8.13,0.0,5,4065,卖盘
526,10:39:04,8.13,0.0,9,7317,卖盘
527,10:39:07,8.13,0.0,1,813,卖盘
528,10:39:15,8.13,0.0,116,94308,卖盘
529,10:39:19,8.13,0.0,1,813,买盘
530,10:39:22,8.13,0.0,1,813,买盘
531,10:39:24,8.12,-0.01,2,1624,卖盘
532,10:39:28,8.12,0.0,1,812,卖盘
533,10:39:31,8.13,0.01,5,4065,买盘
534,10:39:45,8.14,0.01,133,108153,买盘
535,10:39:52,8.15,0.01,1,815,买盘
536,10:40:07,8.15,0.0,20,16300,买盘
537,10:40:21,8.15,0.0,4,3260,买盘
538,10:40:37,8.15,0.0,2,1630,买盘
539,10:40:40,8.15,0.0,2,1630,买盘
540,10:40:48,8.15,0.0,3,2445,买盘
541,10:40:52,8.15,0.0,1,815,买盘
542,10:41:00,8.15,0.0,2,1630,买盘
543,10:41:09,8.14,-0.01,1,814,卖盘
544,10:41:19,8.15,0.01,1,815,买盘
545,10:41:22,8.15,0.0,1,815,买盘
546,10:41:40,8.15,0.0,14,11410,买盘
547,10:41:51,8.15,0.0,5,4075,买盘
548,10:42:01,8.15,0.0,1,815,卖盘
549,10:42:12,8.14,-0.01,27,21978,卖盘
550,10:42:18,8.14,0.0,5,4070,卖盘
551,10:42:22,8.15,0.01,1,815,买盘
552,10:42:30,8.15,0.0,2,1630,买盘
553,10:42:33,8.15,0.0,3,2445,卖盘
554,10:42:36,8.15,0.0,6,4890,买盘
555,10:42:43,8.15,0.0,6,4890,买盘
556,10:43:25,8.15,0.0,5,4075,买盘
557,10:43:28,8.14,-0.01,26,21189,卖盘
558,10:43:55,8.14,0.0,2,1628,卖盘
559,10:43:58,8.15,0.01,4,3259,买盘
560,10:44:01,8.14,-0.01,40,32902,卖盘
561,10:44:04,8.14,0.0,2,1628,卖盘
562,10:44:07,8.14,0.0,11,8954,卖盘
563,10:44:10,8.15,0.01,90,73265,买盘
564,10:44:13,8.13,-0.02,12,9417,卖盘
565,10:44:22,8.13,0.0,3,2439,卖盘
566,10:44:25,8.13,0.0,9,7317,卖盘
567,10:44:27,8.13,0.0,3,2439,卖盘
568,10:44:34,8.13,0.0,85,69105,卖盘
569,10:44:40,8.12,-0.01,3,2436,卖盘
570,10:44:48,8.13,0.01,1,813,买盘
571,10:44:51,8.12,-0.01,9,7311,卖盘
572,10:44:55,8.13,0.01,19,15447,买盘
573,10:45:01,8.13,0.0,20,16260,卖盘
574,10:45:04,8.13,0.0,1,813,卖盘
575,10:45:07,8.12,-0.01,1,812,卖盘
576,10:45:09,8.13,0.01,1,813,买盘
577,10:45:12,8.12,-0.01,10,8120,卖盘
578,10:45:16,8.12,0.0,67,54404,卖盘
579,10:45:22,8.12,0.0,15,12182,卖盘
580,10:45:24,8.12,0.0,42,34104,卖盘
581,10:45:33,8.12,0.0,6,4872,卖盘
582,10:45:37,8.12,0.0,35,28420,卖盘
583,10:45:40,8.12,0.0,2,1624,卖盘
584,10:45:43,8.12,0.0,1,812,卖盘
585,10:45:46,8.12,0.0,2,1624,卖盘
586,10:45:49,8.12,0.0,3,2436,卖盘
587,10:45:52,8.12,0.0,25,20300,卖盘
588,10:46:25,8.13,0.01,3,2439,买盘
589,10:46:58,8.13,0.0,20,16260,买盘
590,10:47:04,8.13,0.0,2,1626,卖盘
591,10:47:21,8.14,0.01,20,16280,买盘
592,10:47:34,8.14,0.0,1,814,买盘
593,10:48:01,8.14,0.0,10,8140,买盘
594,10:48:04,8.13,-0.01,2,1626,卖盘
595,10:48:42,8.13,0.0,26,21138,卖盘
596,10:49:00,8.14,0.01,1,814,买盘
597,10:49:04,8.14,0.0,8,6512,买盘
598,10:49:28,8.15,0.01,1,815,买盘
599,10:49:37,8.14,-0.01,8,6512,卖盘
600,10:49:57,8.15,0.01,1,815,买盘
601,10:50:13,8.14,-0.01,1,814,卖盘
602,10:50:15,8.14,0.0,1,814,卖盘
603,10:51:10,8.14,0.0,10,8140,买盘
604,10:51:27,8.14,0.0,1,814,买盘
605,10:51:43,8.13,-0.01,3,2439,卖盘
606,10:52:04,8.13,0.0,15,12208,卖盘
607,10:52:07,8.13,0.0,2,1626,卖盘
608,10:52:28,8.14,0.01,3,2442,买盘
609,10:52:48,8.13,-0.01,2,1626,卖盘
610,10:53:04,8.13,0.0,2,1626,卖盘
611,10:53:33,8.14,0.01,1,814,买盘
612,10:54:30,8.14,0.0,1,814,买盘
613,10:54:52,8.13,-0.01,2,1626,卖盘
614,10:55:01,8.14,0.01,25,20350,买盘
615,10:55:03,8.13,-0.01,2,1626,卖盘
616,10:55:09,8.13,0.0,5,4067,卖盘
617,10:56:04,8.13,0.0,2,1626,卖盘
618,10:56:40,8.13,0.0,10,8130,卖盘
619,10:56:42,8.13,0.0,2,1626,卖盘
620,10:56:54,8.13,0.0,79,64227,卖盘
621,10:57:01,8.14,0.01,4,3256,买盘
622,10:57:10,8.13,-0.01,14,11382,卖盘
623,10:57:30,8.14,0.01,3,2442,买盘
624,10:57:40,8.13,-0.01,40,32520,卖盘
625,10:57:58,8.13,0.0,55,44715,卖盘
626,10:58:01,8.14,0.01,1,814,买盘
627,10:58:04,8.14,0.0,1,814,买盘
628,10:58:07,8.13,-0.01,99,80487,卖盘
629,10:58:15,8.13,0.0,52,42276,买盘
630,10:58:18,8.13,0.0,24,19512,买盘
631,10:58:25,8.13,0.0,1,813,卖盘
632,10:58:31,8.13,0.0,8,6504,买盘
633,10:58:36,8.13,0.0,4,3252,买盘
634,10:58:43,8.13,0.0,6,4878,卖盘
635,10:59:01,8.13,0.0,1,813,买盘
636,10:59:04,8.12,-0.01,3,2436,卖盘
637,10:59:15,8.13,0.01,30,24390,买盘
638,10:59:31,8.13,0.0,4,3252,买盘
639,10:59:33,8.13,0.0,1,813,买盘
640,10:59:48,8.13,0.0,20,16260,买盘
641,10:59:52,8.13,0.0,33,26829,买盘
642,11:00:12,8.13,0.0,7,5691,卖盘
643,11:00:28,8.13,0.0,1,813,卖盘
644,11:00:31,8.13,0.0,5,4067,卖盘
645,11:00:36,8.13,0.0,2,1626,卖盘
646,11:00:52,8.13,0.0,20,16260,卖盘
647,11:00:55,8.13,0.0,2,1626,卖盘
648,11:01:00,8.14,0.01,1,814,买盘
649,11:01:06,8.13,-0.01,2,1626,卖盘
650,11:01:12,8.13,0.0,3,2439,卖盘
651,11:01:16,8.13,0.0,2,1626,卖盘
652,11:01:39,8.13,0.0,3,2439,卖盘
653,11:01:51,8.14,0.01,40,32560,买盘
654,11:01:57,8.14,0.0,3,2442,卖盘
655,11:02:00,8.14,0.0,1,814,卖盘
656,11:02:06,8.14,0.0,3,2442,卖盘
657,11:02:43,8.14,0.0,3,2442,卖盘
658,11:02:48,8.15,0.01,10,8150,买盘
659,11:03:16,8.14,-0.01,50,40700,卖盘
660,11:03:31,8.14,0.0,1,814,买盘
661,11:04:01,8.14,0.0,4,3256,买盘
662,11:04:04,8.14,0.0,1,814,买盘
663,11:04:37,8.14,0.0,20,16280,买盘
664,11:04:48,8.13,-0.01,3,2439,卖盘
665,11:05:00,8.14,0.01,3,2442,买盘
666,11:05:24,8.14,0.0,14,11396,买盘
667,11:05:40,8.14,0.0,79,64306,买盘
668,11:05:49,8.13,-0.01,2,1626,卖盘
669,11:05:51,8.13,0.0,2,1626,卖盘
670,11:06:01,8.15,0.02,3,2445,买盘
671,11:07:16,8.15,0.0,10,8150,买盘
672,11:07:18,8.14,-0.01,2,1628,卖盘
673,11:07:36,8.15,0.01,10,8150,买盘
674,11:07:45,8.15,0.0,1,815,买盘
675,11:08:01,8.15,0.0,2,1630,买盘
676,11:08:33,8.14,-0.01,3,2442,卖盘
677,11:08:36,8.15,0.01,1,815,买盘
678,11:08:52,8.14,-0.01,1,814,卖盘
679,11:09:09,8.14,0.0,66,53724,卖盘
680,11:09:25,8.13,-0.01,2,1626,卖盘
681,11:09:30,8.14,0.01,6,4884,买盘
682,11:10:04,8.13,-0.01,33,26832,卖盘
683,11:10:07,8.13,0.0,2,1626,卖盘
684,11:10:10,8.14,0.01,1,814,买盘
685,11:10:21,8.13,-0.01,125,101625,卖盘
686,11:10:34,8.13,0.0,6,4878,买盘
687,11:10:51,8.12,-0.01,3,2436,卖盘
688,11:11:04,8.13,0.01,3,2439,买盘
689,11:11:24,8.12,-0.01,2,1624,卖盘
690,11:11:33,8.13,0.01,6,4878,买盘
691,11:11:46,8.12,-0.01,40,32480,卖盘
692,11:11:57,8.12,0.0,3,2436,卖盘
693,11:12:00,8.12,0.0,2,1624,卖盘
694,11:12:03,8.13,0.01,5,4061,买盘
695,11:12:24,8.13,0.0,4,3252,买盘
696,11:12:27,8.13,0.0,22,17886,买盘
697,11:12:33,8.13,0.0,5,4065,买盘
698,11:13:04,8.13,0.0,4,3252,买盘
699,11:13:21,8.12,-0.01,2,1624,卖盘
700,11:13:34,8.12,0.0,2,1624,卖盘
701,11:13:58,8.12,0.0,2,1624,卖盘
702,11:14:04,8.13,0.01,184,149592,买盘
703,11:14:34,8.14,0.01,1,814,买盘
704,11:14:48,8.14,0.0,100,81400,买盘
705,11:15:19,8.14,0.0,3,2442,买盘
706,11:15:22,8.14,0.0,2,1628,买盘
707,11:16:12,8.14,0.0,1,814,买盘
708,11:16:19,8.13,-0.01,3,2439,卖盘
709,11:16:34,8.13,0.0,3,2439,卖盘
710,11:18:00,8.13,0.0,50,40650,卖盘
711,11:18:15,8.13,0.0,3,2439,卖盘
712,11:18:27,8.13,0.0,1,813,卖盘
713,11:18:36,8.14,0.01,4,3256,买盘
714,11:18:48,8.13,-0.01,2,1626,卖盘
715,11:19:00,8.13,0.0,11,8943,卖盘
716,11:19:04,8.14,0.01,1,814,买盘
717,11:19:33,8.14,0.0,1,814,买盘
718,11:19:48,8.13,-0.01,35,28455,卖盘
719,11:20:06,8.14,0.01,4,3256,买盘
720,11:20:42,8.13,-0.01,1,813,卖盘
721,11:20:45,8.13,0.0,1,813,卖盘
722,11:20:51,8.13,0.0,3,2439,卖盘
723,11:20:54,8.13,0.0,122,99186,卖盘
724,11:20:57,8.13,0.0,23,18699,卖盘
725,11:21:00,8.12,-0.01,1,812,卖盘
726,11:21:12,8.12,0.0,2,1624,卖盘
727,11:21:18,8.12,0.0,6,4872,卖盘
728,11:21:34,8.12,0.0,6,4872,卖盘
729,11:21:45,8.12,0.0,1,812,卖盘
730,11:21:51,8.12,0.0,1,812,卖盘
731,11:22:45,8.12,0.0,1,812,卖盘
732,11:22:48,8.12,0.0,2,1624,卖盘
733,11:23:04,8.13,0.01,5,4065,买盘
734,11:23:45,8.12,-0.01,1,812,卖盘
735,11:23:54,8.12,0.0,2,1624,卖盘
736,11:24:06,8.12,0.0,2,1625,卖盘
737,11:24:37,8.13,0.01,1,813,买盘
738,11:24:42,8.13,0.0,1,813,买盘
739,11:24:45,8.12,-0.01,1,812,卖盘
740,11:25:10,8.13,0.01,54,43902,买盘
741,11:25:24,8.13,0.0,1,813,买盘
742,11:25:33,8.13,0.0,80,65040,买盘
743,11:25:36,8.13,0.0,6,4878,买盘
744,11:25:39,8.13,0.0,6,4878,买盘
745,11:25:42,8.13,0.0,1,813,买盘
746,11:25:45,8.12,-0.01,1,812,卖盘
747,11:26:06,8.13,0.01,8,6504,买盘
748,11:26:24,8.13,0.0,3,2439,卖盘
749,11:26:36,8.14,0.01,3,2442,买盘
750,11:26:45,8.13,-0.01,4,3252,卖盘
751,11:27:07,8.14,0.01,1,814,买盘
752,11:27:09,8.12,-0.02,242,196504,卖盘
753,11:27:36,8.14,0.02,6,4884,买盘
754,11:28:18,8.12,-0.02,2,1624,卖盘
755,11:28:45,8.12,0.0,1,812,卖盘
756,11:28:48,8.13,0.01,1,813,买盘
757,11:29:09,8.13,0.0,2,1626,买盘
758,11:29:12,8.12,-0.01,8,6502,卖盘
759,11:29:18,8.12,0.0,3,2437,卖盘
760,13:00:01,8.12,0.0,118,95816,卖盘
761,13:00:04,8.13,0.01,69,56097,买盘
762,13:00:09,8.14,0.01,2,1628,买盘
763,13:00:33,8.15,0.01,69,56233,买盘
764,13:00:36,8.15,0.0,91,74165,卖盘
765,13:00:39,8.15,0.0,1,815,买盘
766,13:00:42,8.13,-0.02,18,14634,卖盘
767,13:00:55,8.13,0.0,19,15447,卖盘
768,13:01:18,8.13,0.0,9,7317,卖盘
769,13:01:39,8.14,0.01,80,65120,买盘
770,13:02:18,8.13,-0.01,1,813,卖盘
771,13:02:51,8.14,0.01,2,1628,买盘
772,13:03:18,8.14,0.0,1,814,卖盘
773,13:03:39,8.15,0.01,2,1630,买盘
774,13:03:42,8.14,-0.01,5,4070,卖盘
775,13:04:33,8.14,0.0,1,814,卖盘
776,13:05:21,8.14,0.0,1,814,卖盘
777,13:05:27,8.14,0.0,7,5698,卖盘
778,13:05:33,8.14,0.0,51,41514,卖盘
779,13:05:36,8.14,0.0,18,14652,卖盘
780,13:06:10,8.14,0.0,35,28490,买盘
781,13:06:13,8.14,0.0,3,2442,买盘
782,13:06:15,8.14,0.0,39,31746,卖盘
783,13:06:19,8.14,0.0,22,17908,卖盘
784,13:06:24,8.14,0.0,1,814,卖盘
785,13:06:27,8.14,0.0,24,19536,卖盘
786,13:06:57,8.14,0.0,75,61050,买盘
787,13:07:00,8.14,0.0,4,3256,买盘
788,13:07:13,8.14,0.0,1,814,卖盘
789,13:07:15,8.14,0.0,8,6512,买盘
790,13:07:18,8.14,0.0,4,3256,买盘
791,13:07:36,8.14,0.0,1,814,卖盘
792,13:07:39,8.15,0.01,9,7332,买盘
793,13:08:09,8.15,0.0,1,815,买盘
794,13:08:13,8.14,-0.01,2,1628,卖盘
795,13:09:12,8.14,0.0,3,2442,卖盘
796,13:10:00,8.14,0.0,2,1628,卖盘
797,13:10:09,8.14,0.0,4,3256,买盘
798,13:10:28,8.13,-0.01,13,10569,卖盘
799,13:10:36,8.13,0.0,144,117072,卖盘
800,13:10:43,8.15,0.02,1,815,买盘
801,13:11:03,8.13,-0.02,2,1626,卖盘
802,13:11:07,8.13,0.0,61,49593,卖盘
803,13:11:09,8.13,0.0,5,4065,卖盘
804,13:11:13,8.13,0.0,2,1626,卖盘
805,13:11:16,8.13,0.0,1,813,卖盘
806,13:11:43,8.14,0.01,4,3256,买盘
807,13:11:46,8.14,0.0,1,814,卖盘
808,13:12:39,8.14,0.0,3,2442,买盘
809,13:12:55,8.13,-0.01,19,15447,卖盘
810,13:13:07,8.13,0.0,16,13008,卖盘
811,13:13:09,8.14,0.01,3,2442,买盘
812,13:13:22,8.14,0.0,1,814,买盘
813,13:13:25,8.13,-0.01,14,11382,卖盘
814,13:13:27,8.13,0.0,4,3252,卖盘
815,13:13:33,8.13,0.0,3,2439,卖盘
816,13:13:36,8.13,0.0,40,32520,卖盘
817,13:13:39,8.13,0.0,2,1626,卖盘
818,13:13:43,8.13,0.0,1,813,卖盘
819,13:13:48,8.13,0.0,1,813,买盘
820,13:14:12,8.13,0.0,4,3252,买盘
821,13:14:21,8.14,0.01,27,21978,买盘
822,13:14:42,8.15,0.01,611,497882,买盘
823,13:14:49,8.15,0.0,3,2445,卖盘
824,13:14:55,8.15,0.0,20,16300,卖盘
825,13:15:21,8.15,0.0,3,2445,卖盘
826,13:15:40,8.15,0.0,11,8965,卖盘
827,13:15:43,8.16,0.01,4,3262,买盘
828,13:16:13,8.16,0.0,1,816,买盘
829,13:17:13,8.16,0.0,2,1632,买盘
830,13:17:31,8.16,0.0,44,35904,买盘
831,13:17:34,8.15,-0.01,2,1630,中性盘
832,13:17:54,8.16,0.01,103,84048,买盘
833,13:17:57,8.17,0.01,4,3268,买盘
834,13:18:16,8.18,0.01,5,4090,买盘
835,13:18:25,8.18,0.0,3,2454,买盘
836,13:18:28,8.17,-0.01,2,1634,卖盘
837,13:18:34,8.2,0.03,335,274656,买盘
838,13:18:42,8.2,0.0,203,166460,卖盘
839,13:18:46,8.2,0.0,117,95940,卖盘
840,13:18:48,8.2,0.0,95,77900,卖盘
841,13:18:52,8.21,0.01,370,303646,买盘
842,13:18:55,8.2,-0.01,10,8200,中性盘
843,13:19:15,8.2,0.0,60,49172,买盘
844,13:19:28,8.16,-0.04,3,2448,卖盘
845,13:19:52,8.16,0.0,9,7344,卖盘
846,13:20:04,8.16,0.0,2,1632,卖盘
847,13:21:06,8.18,0.02,80,65440,买盘
848,13:21:42,8.19,0.01,1,819,买盘
849,13:21:45,8.17,-0.02,2,1634,卖盘
850,13:22:09,8.17,0.0,3,2451,卖盘
851,13:22:13,8.17,0.0,3,2451,买盘
852,13:22:31,8.17,0.0,12,9804,卖盘
853,13:22:40,8.17,0.0,1,817,卖盘
854,13:22:42,8.17,0.0,1,817,卖盘
855,13:22:45,8.17,0.0,6,4902,买盘
856,13:23:21,8.19,0.02,1,819,买盘
857,13:24:13,8.17,-0.02,19,15523,卖盘
858,13:24:18,8.17,0.0,3,2451,卖盘
859,13:24:33,8.17,0.0,2,1634,卖盘
860,13:24:36,8.17,0.0,1,817,卖盘
861,13:24:42,8.17,0.0,4,3268,买盘
862,13:24:57,8.18,0.01,122,99785,买盘
863,13:25:40,8.17,-0.01,3,2451,卖盘
864,13:25:43,8.17,0.0,2,1634,中性盘
865,13:25:48,8.18,0.01,1,818,买盘
866,13:25:57,8.17,-0.01,1,817,卖盘
867,13:26:39,8.18,0.01,13,10634,买盘
868,13:26:43,8.18,0.0,32,26114,买盘
869,13:26:46,8.16,-0.02,2,1632,卖盘
870,13:26:49,8.16,0.0,1,816,买盘
871,13:27:00,8.15,-0.01,30,24450,卖盘
872,13:27:04,8.15,0.0,6,4890,买盘
873,13:27:09,8.15,0.0,17,13855,买盘
874,13:27:16,8.15,0.0,2,1630,卖盘
875,13:27:33,8.15,0.0,2,1630,卖盘
876,13:27:52,8.16,0.01,1,816,买盘
877,13:27:57,8.15,-0.01,1,815,卖盘
878,13:28:04,8.15,0.0,1,815,卖盘
879,13:28:07,8.15,0.0,61,49715,卖盘
880,13:28:43,8.16,0.01,1,816,买盘
881,13:29:30,8.16,0.0,1,816,买盘
882,13:29:33,8.15,-0.01,50,40761,卖盘
883,13:30:18,8.16,0.01,1,816,买盘
884,13:30:24,8.15,-0.01,30,24450,卖盘
885,13:30:43,8.15,0.0,10,8150,卖盘
886,13:30:55,8.15,0.0,2,1630,卖盘
887,13:30:57,8.14,-0.01,3,2443,卖盘
888,13:31:00,8.15,0.01,1,815,买盘
889,13:31:09,8.15,0.0,15,12225,买盘
890,13:31:46,8.15,0.0,3,2445,卖盘
891,13:32:13,8.16,0.01,1,816,买盘
892,13:32:16,8.16,0.0,5,4080,买盘
893,13:32:22,8.16,0.0,1,816,卖盘
894,13:32:25,8.16,0.0,3,2448,卖盘
895,13:32:28,8.16,0.0,2,1632,卖盘
896,13:32:39,8.16,0.0,1,816,买盘
897,13:32:48,8.16,0.0,20,16320,卖盘
898,13:33:13,8.16,0.0,3,2448,卖盘
899,13:33:18,8.16,0.0,1,816,卖盘
900,13:33:39,8.15,-0.01,3,2445,卖盘
901,13:33:49,8.16,0.01,1,816,买盘
902,13:33:52,8.15,-0.01,3,2445,卖盘
903,13:33:57,8.15,0.0,25,20375,卖盘
904,13:34:04,8.15,0.0,48,39120,卖盘
905,13:34:18,8.15,0.0,3,2445,卖盘
906,13:34:21,8.15,0.0,2,1630,卖盘
907,13:34:25,8.14,-0.01,10,8144,卖盘
908,13:34:28,8.15,0.01,1,815,卖盘
909,13:34:46,8.15,0.0,19,15485,买盘
910,13:34:57,8.16,0.01,1,816,买盘
911,13:35:04,8.15,-0.01,4,3260,卖盘
912,13:35:06,8.15,0.0,55,44825,卖盘
913,13:35:09,8.14,-0.01,3,2442,卖盘
914,13:35:24,8.14,0.0,5,4071,卖盘
915,13:35:31,8.14,0.0,44,35816,卖盘
916,13:35:40,8.14,0.0,29,23606,卖盘
917,13:35:43,8.14,0.0,5,4070,卖盘
918,13:35:45,8.14,0.0,121,98574,卖盘
919,13:35:54,8.14,0.0,4,3256,卖盘
920,13:36:00,8.15,0.01,3,2445,买盘
921,13:36:03,8.15,0.0,27,22005,卖盘
922,13:36:06,8.15,0.0,7,5705,卖盘
923,13:36:09,8.15,0.0,6,4891,卖盘
924,13:36:16,8.15,0.0,7,5705,卖盘
925,13:36:31,8.15,0.0,28,22820,卖盘
926,13:36:43,8.15,0.0,3,2445,买盘
927,13:36:46,8.15,0.0,39,31785,买盘
928,13:36:54,8.15,0.0,2,1630,卖盘
929,13:37:01,8.15,0.0,44,35860,卖盘
930,13:37:37,8.15,0.0,20,16300,买盘
931,13:37:40,8.15,0.0,7,5705,卖盘
932,13:37:43,8.15,0.0,14,11410,卖盘
933,13:37:52,8.15,0.0,25,20375,卖盘
934,13:37:57,8.15,0.0,1,815,卖盘
935,13:38:07,8.15,0.0,2,1630,卖盘
936,13:38:10,8.15,0.0,1,815,卖盘
937,13:38:13,8.15,0.0,4,3260,卖盘
938,13:38:42,8.14,-0.01,20,16280,卖盘
939,13:38:48,8.14,0.0,2,1628,卖盘
940,13:38:51,8.14,0.0,3,2442,卖盘
941,13:38:54,8.14,0.0,20,16280,卖盘
942,13:39:01,8.14,0.0,1,814,卖盘
943,13:39:06,8.14,0.0,2,1628,卖盘
944,13:39:09,8.14,0.0,5,4070,卖盘
945,13:39:12,8.14,0.0,4,3256,卖盘
946,13:39:25,8.14,0.0,17,13838,买盘
947,13:39:49,8.14,0.0,63,51282,卖盘
948,13:39:52,8.14,0.0,15,12210,卖盘
949,13:40:04,8.14,0.0,35,28490,买盘
950,13:40:06,8.14,0.0,12,9768,卖盘
951,13:40:10,8.14,0.0,1,814,卖盘
952,13:40:15,8.14,0.0,1,814,卖盘
953,13:40:28,8.15,0.01,345,281174,买盘
954,13:40:30,8.15,0.0,1,815,卖盘
955,13:40:37,8.15,0.0,5,4075,卖盘
956,13:41:04,8.14,-0.01,1,814,卖盘
957,13:41:07,8.15,0.01,1,815,买盘
958,13:41:34,8.14,-0.01,68,55352,卖盘
959,13:42:07,8.15,0.01,178,145070,买盘
960,13:42:15,8.16,0.01,1,816,买盘
961,13:42:18,8.16,0.0,20,16320,买盘
962,13:42:34,8.15,-0.01,16,13040,卖盘
963,13:42:37,8.15,0.0,2,1630,卖盘
964,13:42:45,8.15,0.0,1,815,卖盘
965,13:42:49,8.15,0.0,2,1630,卖盘
966,13:43:04,8.15,0.0,1,815,卖盘
967,13:43:15,8.16,0.01,1,816,买盘
968,13:43:40,8.15,-0.01,53,43195,卖盘
969,13:43:42,8.15,0.0,7,5705,卖盘
970,13:44:07,8.14,-0.01,13,10594,卖盘
971,13:44:09,8.14,0.0,2,1628,卖盘
972,13:44:24,8.14,0.0,3,2442,卖盘
973,13:44:40,8.14,0.0,16,13024,卖盘
974,13:44:52,8.14,0.0,54,43956,卖盘
975,13:45:01,8.14,0.0,66,53724,买盘
976,13:45:04,8.14,0.0,3,2442,卖盘
977,13:45:10,8.14,0.0,2,1628,卖盘
978,13:45:13,8.14,0.0,2,1628,卖盘
979,13:45:16,8.14,0.0,2,1628,卖盘
980,13:45:18,8.14,0.0,1,814,卖盘
981,13:45:21,8.14,0.0,3,2442,卖盘
982,13:45:24,8.14,0.0,1,814,卖盘
983,13:45:31,8.14,0.0,1,814,卖盘
984,13:45:33,8.14,0.0,1,814,卖盘
985,13:45:40,8.14,0.0,4,3256,卖盘
986,13:45:43,8.15,0.01,177,144249,买盘
987,13:45:52,8.14,-0.01,6,4884,卖盘
988,13:45:55,8.14,0.0,4,3256,卖盘
989,13:45:57,8.14,0.0,1,814,卖盘
990,13:46:01,8.14,0.0,6,4884,卖盘
991,13:46:04,8.14,0.0,4,3256,卖盘
992,13:46:06,8.14,0.0,8,6512,卖盘
993,13:46:10,8.14,0.0,6,4884,卖盘
994,13:46:12,8.14,0.0,29,23606,卖盘
995,13:46:19,8.14,0.0,1,814,买盘
996,13:46:25,8.14,0.0,18,14652,卖盘
997,13:46:28,8.14,0.0,7,5698,卖盘
998,13:46:30,8.14,0.0,3,2442,卖盘
999,13:46:33,8.14,0.0,6,4884,卖盘
1000,13:46:43,8.14,0.0,27,21978,卖盘
1001,13:46:46,8.14,0.0,9,7326,卖盘
1002,13:46:48,8.14,0.0,23,18722,卖盘
1003,13:46:51,8.14,0.0,326,265674,卖盘
1004,13:46:55,8.14,0.0,6,4884,买盘
1005,13:47:00,8.14,0.0,24,19536,卖盘
1006,13:47:09,8.14,0.0,3,2442,卖盘
1007,13:47:12,8.14,0.0,2,1628,卖盘
1008,13:47:18,8.14,0.0,43,35002,卖盘
1009,13:47:37,8.14,0.0,19,15466,买盘
1010,13:47:40,8.15,0.01,1,815,买盘
1011,13:47:46,8.13,-0.02,80,65096,卖盘
1012,13:47:49,8.15,0.02,3,2445,买盘
1013,13:47:58,8.15,0.0,1,815,买盘
1014,13:48:00,8.14,-0.01,47,38258,卖盘
1015,13:48:28,8.14,0.0,10,8140,卖盘
1016,13:48:52,8.13,-0.01,110,89439,卖盘
1017,13:49:06,8.13,0.0,150,121950,卖盘
1018,13:49:13,8.15,0.02,14,11403,买盘
1019,13:49:15,8.14,-0.01,1,814,卖盘
1020,13:49:45,8.15,0.01,280,228200,买盘
1021,13:49:48,8.15,0.0,11,8965,买盘
1022,13:49:51,8.15,0.0,3,2445,买盘
1023,13:49:58,8.14,-0.01,2,1628,卖盘
1024,13:50:01,8.15,0.01,98,79870,买盘
1025,13:50:10,8.14,-0.01,6,4884,卖盘
1026,13:50:25,8.15,0.01,1,815,买盘
1027,13:50:58,8.15,0.0,10,8150,买盘
1028,13:51:01,8.15,0.0,1,815,买盘
1029,13:51:04,8.15,0.0,1,815,卖盘
1030,13:51:27,8.15,0.0,1,815,买盘
1031,13:51:30,8.14,-0.01,4,3258,卖盘
1032,13:51:37,8.15,0.01,2,1630,卖盘
1033,13:51:43,8.15,0.0,3,2445,卖盘
1034,13:51:55,8.15,0.0,3,2445,卖盘
1035,13:51:58,8.14,-0.01,2,1628,卖盘
1036,13:52:10,8.15,0.01,10,8150,卖盘
1037,13:52:16,8.15,0.0,1,815,卖盘
1038,13:53:06,8.15,0.0,10,8150,买盘
1039,13:53:13,8.15,0.0,15,12225,买盘
1040,13:53:16,8.15,0.0,16,13040,买盘
1041,13:53:51,8.16,0.01,1,816,买盘
1042,13:54:07,8.16,0.0,4,3261,买盘
1043,13:54:13,8.15,-0.01,18,14670,卖盘
1044,13:54:25,8.15,0.0,8,6520,买盘
1045,13:54:45,8.15,0.0,30,24450,卖盘
1046,13:54:51,8.15,0.0,3,2445,卖盘
1047,13:55:10,8.16,0.01,1,816,买盘
1048,13:55:13,8.15,-0.01,1,815,卖盘
1049,13:55:24,8.15,0.0,30,24450,卖盘
1050,13:55:33,8.15,0.0,3,2445,卖盘
1051,13:55:36,8.15,0.0,6,4890,卖盘
1052,13:55:42,8.14,-0.01,5,4070,卖盘
1053,13:55:52,8.15,0.01,5,4075,买盘
1054,13:56:04,8.14,-0.01,3,2442,卖盘
1055,13:56:07,8.14,0.0,5,4070,卖盘
1056,13:56:10,8.15,0.01,1,815,买盘
1057,13:56:58,8.14,-0.01,26,21164,卖盘
1058,13:57:01,8.14,0.0,2,1628,卖盘
1059,13:57:07,8.14,0.0,2,1628,卖盘
1060,13:57:16,8.15,0.01,1,815,买盘
1061,13:57:19,8.14,-0.01,51,41514,卖盘
1062,13:57:49,8.14,0.0,3,2442,卖盘
1063,13:58:10,8.15,0.01,3,2445,买盘
1064,13:58:18,8.14,-0.01,3,2442,卖盘
1065,13:58:27,8.15,0.01,1,815,买盘
1066,13:59:00,8.14,-0.01,3,2442,卖盘
1067,13:59:04,8.13,-0.01,13,10581,卖盘
1068,13:59:09,8.13,0.0,3,2439,卖盘
1069,13:59:18,8.14,0.01,41,33374,买盘
1070,13:59:21,8.14,0.0,1,814,卖盘
1071,13:59:25,8.14,0.0,2,1628,卖盘
1072,13:59:37,8.15,0.01,1,815,买盘
1073,14:00:00,8.14,-0.01,42,34188,卖盘
1074,14:00:03,8.14,0.0,4,3256,卖盘
1075,14:00:19,8.13,-0.01,40,32520,卖盘
1076,14:00:42,8.14,0.01,47,38258,买盘
1077,14:00:58,8.14,0.0,3,2442,卖盘
1078,14:01:07,8.14,0.0,50,40700,卖盘
1079,14:01:25,8.14,0.0,79,64306,买盘
1080,14:01:28,8.13,-0.01,40,32540,卖盘
1081,14:01:55,8.15,0.02,1,815,买盘
1082,14:02:01,8.13,-0.02,4,3252,卖盘
1083,14:02:04,8.15,0.02,1,815,买盘
1084,14:02:19,8.13,-0.02,2,1626,卖盘
1085,14:02:43,8.14,0.01,16,13024,买盘
1086,14:02:48,8.14,0.0,1,814,卖盘
1087,14:02:52,8.14,0.0,1,814,卖盘
1088,14:02:54,8.15,0.01,169,137735,买盘
1089,14:03:10,8.14,-0.01,3,2442,卖盘
1090,14:03:13,8.15,0.01,1,815,买盘
1091,14:03:34,8.14,-0.01,44,35816,卖盘
1092,14:03:36,8.14,0.0,16,13024,卖盘
1093,14:04:06,8.14,0.0,1,814,买盘
1094,14:04:16,8.14,0.0,1,814,买盘
1095,14:04:18,8.13,-0.01,4,3252,卖盘
1096,14:04:34,8.14,0.01,24,19536,买盘
1097,14:04:37,8.14,0.0,55,44770,买盘
1098,14:05:22,8.14,0.0,3,2442,卖盘
1099,14:05:37,8.16,0.02,1,816,买盘
1100,14:05:58,8.14,-0.02,1,814,卖盘
1101,14:06:00,8.14,0.0,17,13838,卖盘
1102,14:06:04,8.14,0.0,22,17908,卖盘
1103,14:06:06,8.14,0.0,24,19537,卖盘
1104,14:06:13,8.13,-0.01,39,31707,卖盘
1105,14:06:16,8.13,0.0,54,43902,卖盘
1106,14:06:21,8.13,0.0,14,11382,卖盘
1107,14:06:25,8.13,0.0,6,4878,卖盘
1108,14:06:28,8.13,0.0,19,15447,卖盘
1109,14:06:31,8.13,0.0,28,22764,卖盘
1110,14:06:34,8.14,0.01,68,55344,买盘
1111,14:06:37,8.14,0.0,27,21978,卖盘
1112,14:06:40,8.14,0.0,6,4884,卖盘
1113,14:06:43,8.14,0.0,1,814,卖盘
1114,14:06:45,8.14,0.0,16,13024,卖盘
1115,14:07:01,8.14,0.0,33,26862,买盘
1116,14:07:04,8.13,-0.01,100,81367,卖盘
1117,14:07:07,8.16,0.03,1,816,买盘
1118,14:07:30,8.14,-0.02,20,16280,买盘
1119,14:07:52,8.15,0.01,1,815,买盘
1120,14:08:10,8.14,-0.01,61,49654,卖盘
1121,14:08:13,8.14,0.0,27,21978,卖盘
1122,14:08:15,8.14,0.0,12,9768,卖盘
1123,14:08:28,8.13,-0.01,4,3252,卖盘
1124,14:08:34,8.14,0.01,25,20350,买盘
1125,14:08:36,8.14,0.0,1,814,买盘
1126,14:08:39,8.14,0.0,1,814,买盘
1127,14:08:45,8.14,0.0,116,94424,买盘
1128,14:08:49,8.14,0.0,4,3256,卖盘
1129,14:08:58,8.14,0.0,100,81420,卖盘
1130,14:09:24,8.13,-0.01,3,2439,卖盘
1131,14:09:31,8.14,0.01,122,99308,买盘
1132,14:09:52,8.14,0.0,3,2442,卖盘
1133,14:10:07,8.14,0.0,3,2442,卖盘
1134,14:10:10,8.15,0.01,1,815,买盘
1135,14:10:40,8.14,-0.01,3,2442,卖盘
1136,14:10:43,8.14,0.0,2,1628,卖盘
1137,14:10:55,8.14,0.0,49,39886,卖盘
1138,14:10:58,8.14,0.0,17,13838,卖盘
1139,14:11:00,8.14,0.0,7,5698,卖盘
1140,14:11:10,8.14,0.0,10,8140,买盘
1141,14:11:15,8.14,0.0,1,814,买盘
1142,14:11:28,8.13,-0.01,3,2439,卖盘
1143,14:12:00,8.14,0.01,10,8140,买盘
1144,14:12:06,8.13,-0.01,13,10569,卖盘
1145,14:12:27,8.14,0.01,1,814,买盘
1146,14:12:37,8.13,-0.01,2,1626,卖盘
1147,14:12:48,8.13,0.0,32,26030,卖盘
1148,14:12:58,8.13,0.0,62,50406,卖盘
1149,14:13:01,8.13,0.0,1,813,卖盘
1150,14:13:12,8.13,0.0,4,3252,卖盘
1151,14:13:18,8.13,0.0,17,13821,卖盘
1152,14:13:21,8.13,0.0,22,17886,卖盘
1153,14:13:31,8.13,0.0,43,34959,买盘
1154,14:13:33,8.13,0.0,13,10569,卖盘
1155,14:13:36,8.14,0.01,1,814,买盘
1156,14:13:42,8.14,0.0,86,70000,买盘
1157,14:13:54,8.14,0.0,1,814,卖盘
1158,14:14:01,8.14,0.0,11,8954,卖盘
1159,14:14:04,8.14,0.0,5,4070,卖盘
1160,14:14:07,8.14,0.0,18,14652,卖盘
1161,14:14:10,8.14,0.0,4,3256,卖盘
1162,14:14:13,8.14,0.0,3,2442,卖盘
1163,14:14:16,8.14,0.0,3,2442,卖盘
1164,14:14:19,8.14,0.0,3,2442,卖盘
1165,14:14:22,8.14,0.0,47,38258,卖盘
1166,14:14:25,8.14,0.0,8,6512,卖盘
1167,14:14:28,8.14,0.0,16,13024,卖盘
1168,14:14:49,8.13,-0.01,2,1626,卖盘
1169,14:14:51,8.13,0.0,3,2439,卖盘
1170,14:14:54,8.13,0.0,4,3252,卖盘
1171,14:14:57,8.13,0.0,4,3252,卖盘
1172,14:15:01,8.14,0.01,6,4884,买盘
1173,14:15:12,8.13,-0.01,100,81300,卖盘
1174,14:15:15,8.13,0.0,20,16260,卖盘
1175,14:15:18,8.13,0.0,5,4065,卖盘
1176,14:15:25,8.13,0.0,1,813,卖盘
1177,14:15:28,8.13,0.0,7,5691,卖盘
1178,14:15:31,8.13,0.0,3,2439,卖盘
1179,14:15:34,8.13,0.0,5,4065,卖盘
1180,14:15:37,8.13,0.0,1,813,卖盘
1181,14:15:39,8.13,0.0,1,813,卖盘
1182,14:15:45,8.13,0.0,1,813,卖盘
1183,14:15:57,8.13,0.0,68,55271,买盘
1184,14:16:00,8.13,0.0,2,1626,卖盘
1185,14:16:09,8.14,0.01,118,96052,买盘
1186,14:16:12,8.13,-0.01,2,1626,卖盘
1187,14:16:52,8.12,-0.01,100,81242,卖盘
1188,14:17:31,8.14,0.02,1,814,买盘
1189,14:17:36,8.13,-0.01,2,1626,中性盘
1190,14:17:49,8.12,-0.01,4,3248,卖盘
1191,14:18:10,8.12,0.0,13,10556,卖盘
1192,14:18:22,8.14,0.02,1,814,买盘
1193,14:18:25,8.13,-0.01,65,52845,卖盘
1194,14:18:28,8.13,0.0,33,26829,买盘
1195,14:18:31,8.12,-0.01,13,10556,卖盘
1196,14:18:40,8.12,0.0,196,159152,卖盘
1197,14:18:46,8.13,0.01,1,813,卖盘
1198,14:18:48,8.12,-0.01,9,7315,卖盘
1199,14:18:55,8.13,0.01,20,16260,买盘
1200,14:18:57,8.13,0.0,1,813,卖盘
1201,14:19:07,8.13,0.0,12,9756,卖盘
1202,14:19:09,8.13,0.0,2,1626,卖盘
1203,14:19:12,8.13,0.0,1,813,卖盘
1204,14:19:27,8.14,0.01,1,814,买盘
1205,14:19:45,8.13,-0.01,10,8130,卖盘
1206,14:19:49,8.14,0.01,66,53724,买盘
1207,14:19:57,8.14,0.0,25,20350,卖盘
1208,14:20:04,8.14,0.0,4,3256,卖盘
1209,14:20:07,8.14,0.0,6,4884,卖盘
1210,14:20:18,8.12,-0.02,36,29250,卖盘
1211,14:20:28,8.11,-0.01,22,17853,卖盘
1212,14:20:31,8.12,0.01,3,2436,买盘
1213,14:20:34,8.13,0.01,7,5691,卖盘
1214,14:20:36,8.11,-0.02,7,5677,卖盘
1215,14:20:43,8.12,0.01,36,29232,卖盘
1216,14:21:06,8.12,0.0,3,2436,卖盘
1217,14:21:30,8.12,0.0,11,8932,卖盘
1218,14:21:39,8.12,0.0,15,12180,卖盘
1219,14:21:52,8.12,0.0,18,14616,卖盘
1220,14:22:13,8.13,0.01,11,8943,买盘
1221,14:22:19,8.13,0.0,115,93491,买盘
1222,14:22:25,8.13,0.0,4,3252,卖盘
1223,14:22:43,8.14,0.01,3,2442,买盘
1224,14:23:10,8.13,-0.01,5,4065,卖盘
1225,14:23:21,8.13,0.0,2,1626,卖盘
1226,14:23:33,8.14,0.01,5,4070,买盘
1227,14:23:49,8.14,0.0,21,17094,买盘
1228,14:24:04,8.13,-0.01,16,13009,卖盘
1229,14:24:34,8.13,0.0,4,3252,卖盘
1230,14:25:27,8.13,0.0,10,8130,卖盘
1231,14:26:10,8.13,0.0,13,10569,卖盘
1232,14:26:13,8.13,0.0,14,11382,卖盘
1233,14:26:16,8.13,0.0,2,1626,卖盘
1234,14:26:36,8.13,0.0,56,45528,卖盘
1235,14:26:46,8.13,0.0,20,16260,买盘
1236,14:26:48,8.12,-0.01,15,12180,卖盘
1237,14:27:07,8.12,0.0,2,1624,卖盘
1238,14:27:28,8.13,0.01,10,8130,买盘
1239,14:27:40,8.13,0.0,25,20325,买盘
1240,14:27:52,8.13,0.0,2,1626,卖盘
1241,14:29:01,8.13,0.0,11,8943,卖盘
1242,14:29:04,8.13,0.0,4,3252,卖盘
1243,14:29:13,8.13,0.0,48,39024,卖盘
1244,14:29:18,8.13,0.0,20,16260,买盘
1245,14:29:21,8.12,-0.01,54,43848,卖盘
1246,14:29:24,8.12,0.0,2,1624,卖盘
1247,14:29:34,8.12,0.0,32,25983,买盘
1248,14:29:37,8.12,0.0,17,13804,卖盘
1249,14:29:46,8.12,0.0,26,21131,卖盘
1250,14:29:52,8.12,0.0,145,117740,卖盘
1251,14:29:58,8.12,0.0,7,5682,买盘
1252,14:30:01,8.12,0.0,3,2436,买盘
1253,14:30:04,8.12,0.0,10,8120,买盘
1254,14:30:15,8.12,0.0,10,8120,买盘
1255,14:30:18,8.11,-0.01,31,25141,卖盘
1256,14:30:25,8.12,0.01,59,47908,买盘
1257,14:30:28,8.12,0.0,13,10556,卖盘
1258,14:31:00,8.12,0.0,2,1624,卖盘
1259,14:31:04,8.12,0.0,47,38164,卖盘
1260,14:31:06,8.12,0.0,10,8120,卖盘
1261,14:31:10,8.12,0.0,6,4872,卖盘
1262,14:31:13,8.12,0.0,4,3248,卖盘
1263,14:31:16,8.12,0.0,59,47908,卖盘
1264,14:31:21,8.11,-0.01,10,8110,卖盘
1265,14:31:24,8.11,0.0,7,5677,卖盘
1266,14:31:28,8.11,0.0,5,4055,卖盘
1267,14:31:31,8.11,0.0,5,4055,卖盘
1268,14:31:34,8.11,0.0,11,8921,卖盘
1269,14:31:37,8.11,0.0,4,3244,卖盘
1270,14:31:39,8.11,0.0,4,3244,卖盘
1271,14:31:42,8.11,0.0,3,2433,卖盘
1272,14:31:46,8.11,0.0,1,811,卖盘
1273,14:31:49,8.11,0.0,9,7299,卖盘
1274,14:31:52,8.11,0.0,6,4866,卖盘
1275,14:31:57,8.11,0.0,5,4055,卖盘
1276,14:32:00,8.12,0.01,4,3246,买盘
1277,14:32:04,8.11,-0.01,3,2433,卖盘
1278,14:32:06,8.11,0.0,3,2433,卖盘
1279,14:32:12,8.11,0.0,7,5677,卖盘
1280,14:32:16,8.11,0.0,20,16220,卖盘
1281,14:32:18,8.11,0.0,49,39739,卖盘
1282,14:32:21,8.12,0.01,218,177002,买盘
1283,14:32:25,8.12,0.0,64,51968,卖盘
1284,14:32:28,8.12,0.0,13,10556,卖盘
1285,14:32:31,8.12,0.0,1,812,卖盘
1286,14:32:34,8.12,0.0,4,3248,卖盘
1287,14:32:36,8.11,-0.01,2,1622,买盘
1288,14:32:42,8.12,0.01,50,40600,买盘
1289,14:32:51,8.13,0.01,25,20309,买盘
1290,14:32:54,8.11,-0.02,182,147636,卖盘
1291,14:32:58,8.11,0.0,18,14598,买盘
1292,14:33:33,8.12,0.01,4,3248,卖盘
1293,14:33:43,8.12,0.0,20,16240,卖盘
1294,14:33:48,8.13,0.01,2,1626,买盘
1295,14:33:51,8.12,-0.01,58,47096,卖盘
1296,14:34:19,8.12,0.0,2,1624,卖盘
1297,14:34:22,8.13,0.01,103,83739,买盘
1298,14:34:27,8.13,0.0,1,813,卖盘
1299,14:34:52,8.12,-0.01,2,1624,卖盘
1300,14:35:04,8.12,0.0,13,10556,卖盘
1301,14:35:49,8.12,0.0,4,3248,卖盘
1302,14:36:09,8.12,0.0,23,18676,卖盘
1303,14:36:16,8.12,0.0,30,24360,卖盘
1304,14:36:19,8.12,0.0,43,34916,卖盘
1305,14:36:22,8.12,0.0,30,24360,卖盘
1306,14:36:24,8.12,0.0,35,28420,卖盘
1307,14:36:45,8.12,0.0,84,68208,买盘
1308,14:37:19,8.12,0.0,1,812,卖盘
1309,14:37:22,8.12,0.0,2,1624,卖盘
1310,14:37:52,8.12,0.0,3,2436,卖盘
1311,14:38:04,8.12,0.0,4,3248,卖盘
1312,14:38:09,8.12,0.0,1,812,卖盘
1313,14:38:28,8.12,0.0,13,10556,卖盘
1314,14:38:30,8.12,0.0,10,8120,卖盘
1315,14:38:33,8.12,0.0,22,17864,卖盘
1316,14:38:36,8.12,0.0,39,31668,卖盘
1317,14:38:40,8.11,-0.01,329,267145,卖盘
1318,14:38:57,8.12,0.01,5,4060,买盘
1319,14:39:01,8.11,-0.01,1,811,卖盘
1320,14:39:04,8.12,0.01,40,32480,买盘
1321,14:39:07,8.12,0.0,5,4060,卖盘
1322,14:39:10,8.12,0.0,10,8120,卖盘
1323,14:39:25,8.12,0.0,1,812,卖盘
1324,14:39:46,8.12,0.0,217,176204,卖盘
1325,14:39:49,8.12,0.0,14,11368,卖盘
1326,14:39:52,8.12,0.0,6,4872,卖盘
1327,14:39:55,8.12,0.0,17,13804,卖盘
1328,14:39:58,8.11,-0.01,41,33274,卖盘
1329,14:40:06,8.11,0.0,255,206805,卖盘
1330,14:40:09,8.12,0.01,598,485249,买盘
1331,14:40:13,8.11,-0.01,268,217377,卖盘
1332,14:40:16,8.11,0.0,34,27575,卖盘
1333,14:40:21,8.11,0.0,8,6488,卖盘
1334,14:40:25,8.12,0.01,259,210308,买盘
1335,14:40:27,8.11,-0.01,362,293623,卖盘
1336,14:40:31,8.1,-0.01,350,283542,卖盘
1337,14:40:40,8.09,-0.01,56,45339,卖盘
1338,14:40:43,8.09,0.0,1,809,卖盘
1339,14:40:48,8.08,-0.01,56,45248,卖盘
1340,14:40:51,8.08,0.0,35,28280,卖盘
1341,14:40:57,8.07,-0.01,26,20982,卖盘
1342,14:41:01,8.08,0.01,16,12917,买盘
1343,14:41:04,8.08,0.0,4,3232,卖盘
1344,14:41:16,8.1,0.02,129,104425,买盘
1345,14:41:19,8.1,0.0,4,3240,卖盘
1346,14:41:22,8.1,0.0,7,5670,卖盘
1347,14:41:28,8.1,0.0,2,1620,卖盘
1348,14:41:37,8.1,0.0,4,3240,卖盘
1349,14:41:46,8.1,0.0,4,3240,卖盘
1350,14:41:51,8.1,0.0,3,2430,卖盘
1351,14:42:00,8.1,0.0,4,3240,卖盘
1352,14:42:04,8.1,0.0,23,18630,卖盘
1353,14:42:06,8.1,0.0,3,2430,卖盘
1354,14:42:15,8.1,0.0,3,2430,卖盘
1355,14:42:18,8.1,0.0,8,6480,卖盘
1356,14:42:21,8.1,0.0,3,2430,卖盘
1357,14:42:27,8.1,0.0,5,4050,卖盘
1358,14:42:31,8.1,0.0,3,2430,卖盘
1359,14:42:33,8.1,0.0,10,8100,卖盘
1360,14:42:36,8.1,0.0,3,2430,卖盘
1361,14:42:40,8.1,0.0,5,4050,卖盘
1362,14:42:46,8.1,0.0,7,5670,卖盘
1363,14:42:52,8.1,0.0,8,6480,卖盘
1364,14:42:55,8.1,0.0,1,810,卖盘
1365,14:42:58,8.1,0.0,5,4050,卖盘
1366,14:43:07,8.1,0.0,2,1620,卖盘
1367,14:43:13,8.1,0.0,54,43740,卖盘
1368,14:43:16,8.1,0.0,16,12960,卖盘
1369,14:43:22,8.1,0.0,6,4860,卖盘
1370,14:43:31,8.1,0.0,3,2430,卖盘
1371,14:43:37,8.1,0.0,2,1620,卖盘
1372,14:43:39,8.1,0.0,3,2430,卖盘
1373,14:43:45,8.1,0.0,3,2430,卖盘
1374,14:43:52,8.1,0.0,2,1620,卖盘
1375,14:43:55,8.11,0.01,16,12976,买盘
1376,14:43:58,8.1,-0.01,20,16200,卖盘
1377,14:44:09,8.1,0.0,16,12960,卖盘
1378,14:44:16,8.1,0.0,43,34830,卖盘
1379,14:44:18,8.1,0.0,9,7290,卖盘
1380,14:44:21,8.1,0.0,4,3240,卖盘
1381,14:44:24,8.1,0.0,6,4860,卖盘
1382,14:44:28,8.1,0.0,5,4050,卖盘
1383,14:44:30,8.1,0.0,7,5670,卖盘
1384,14:44:37,8.1,0.0,3,2430,卖盘
1385,14:44:40,8.1,0.0,8,6480,卖盘
1386,14:44:46,8.1,0.0,12,9720,卖盘
1387,14:44:51,8.1,0.0,8,6480,卖盘
1388,14:44:58,8.1,0.0,5,4050,卖盘
1389,14:45:01,8.1,0.0,7,5670,卖盘
1390,14:45:04,8.11,0.01,12,9732,买盘
1391,14:45:07,8.1,-0.01,23,18650,卖盘
1392,14:45:13,8.1,0.0,1,810,卖盘
1393,14:45:16,8.1,0.0,15,12150,卖盘
1394,14:45:19,8.1,0.0,9,7298,卖盘
1395,14:45:28,8.11,0.01,30,24330,买盘
1396,14:45:31,8.11,0.0,26,21086,买盘
1397,14:45:34,8.11,0.0,12,9733,买盘
1398,14:45:40,8.11,0.0,5,4055,卖盘
1399,14:45:49,8.12,0.01,8,6496,买盘
1400,14:45:55,8.12,0.0,23,18676,买盘
1401,14:46:04,8.12,0.0,10,8128,卖盘
1402,14:46:12,8.12,0.0,25,20300,卖盘
1403,14:46:18,8.12,0.0,15,12188,卖盘
1404,14:46:21,8.11,-0.01,1,811,卖盘
1405,14:46:24,8.11,0.0,4,3244,卖盘
1406,14:46:28,8.11,0.0,5,4055,卖盘
1407,14:46:31,8.11,0.0,8,6489,卖盘
1408,14:46:34,8.11,0.0,10,8118,卖盘
1409,14:46:37,8.11,0.0,3,2433,卖盘
1410,14:46:39,8.11,0.0,62,50282,卖盘
1411,14:46:42,8.11,0.0,1,811,卖盘
1412,14:46:45,8.11,0.0,5,4055,卖盘
1413,14:46:49,8.11,0.0,8,6488,买盘
1414,14:46:51,8.1,-0.01,5,4050,卖盘
1415,14:46:57,8.1,0.0,6,4861,卖盘
1416,14:47:01,8.11,0.01,20,16220,买盘
1417,14:47:04,8.11,0.0,8,6488,买盘
1418,14:47:13,8.1,-0.01,3,2430,卖盘
1419,14:47:15,8.11,0.01,30,24330,买盘
1420,14:47:19,8.12,0.01,37,30044,买盘
1421,14:47:22,8.11,-0.01,11,8925,卖盘
1422,14:47:33,8.14,0.03,8,6509,买盘
1423,14:47:43,8.11,-0.03,104,84344,卖盘
1424,14:47:46,8.12,0.01,8,6496,卖盘
1425,14:47:49,8.13,0.01,9,7310,买盘
1426,14:48:04,8.13,0.0,18,14614,买盘
1427,14:48:19,8.11,-0.02,19,15419,卖盘
1428,14:48:25,8.12,0.01,1,812,卖盘
1429,14:48:31,8.11,-0.01,4,3244,卖盘
1430,14:48:34,8.12,0.01,8,6496,买盘
1431,14:48:37,8.11,-0.01,3,2433,卖盘
1432,14:48:40,8.11,0.0,5,4055,卖盘
1433,14:48:43,8.11,0.0,1,811,卖盘
1434,14:48:46,8.11,0.0,1,811,卖盘
1435,14:48:49,8.12,0.01,28,22728,买盘
1436,14:48:52,8.12,0.0,6,4872,卖盘
1437,14:48:55,8.12,0.0,10,8120,卖盘
1438,14:48:58,8.12,0.0,2,1624,卖盘
1439,14:49:01,8.12,0.0,4,3248,买盘
1440,14:49:04,8.12,0.0,11,8932,买盘
1441,14:49:07,8.11,-0.01,2,1622,卖盘
1442,14:49:19,8.12,0.01,8,6496,买盘
1443,14:49:22,8.09,-0.03,331,268143,卖盘
1444,14:49:25,8.08,-0.01,3,2424,卖盘
1445,14:49:28,8.09,0.01,4,3236,买盘
1446,14:49:31,8.08,-0.01,2,1616,卖盘
1447,14:49:33,8.09,0.01,185,149665,买盘
1448,14:49:36,8.09,0.0,4,3236,中性盘
1449,14:49:43,8.1,0.01,3,2430,卖盘
1450,14:49:48,8.11,0.01,14,11354,买盘
1451,14:49:52,8.1,-0.01,4,3240,卖盘
1452,14:50:04,8.11,0.01,10,8110,买盘
1453,14:50:06,8.11,0.0,14,11354,买盘
1454,14:50:10,8.12,0.01,6,4871,买盘
1455,14:50:15,8.1,-0.02,4,3240,卖盘
1456,14:50:19,8.1,0.0,18,14591,卖盘
1457,14:50:28,8.09,-0.01,47,38026,卖盘
1458,14:50:31,8.09,0.0,2,1618,卖盘
1459,14:50:34,8.1,0.01,7,5670,买盘
1460,14:50:37,8.1,0.0,3,2430,买盘
1461,14:50:40,8.09,-0.01,7,5669,中性盘
1462,14:50:43,8.09,0.0,7,5663,卖盘
1463,14:50:49,8.11,0.02,8,6483,买盘
1464,14:50:55,8.1,-0.01,1,810,买盘
1465,14:50:57,8.08,-0.02,54,43650,卖盘
1466,14:51:04,8.11,0.03,8,6484,买盘
1467,14:51:12,8.1,-0.01,8,6486,卖盘
1468,14:51:15,8.1,0.0,10,8100,卖盘
1469,14:51:18,8.1,0.0,10,8113,卖盘
1470,14:51:28,8.1,0.0,10,8100,买盘
1471,14:51:31,8.12,0.02,30,24360,买盘
1472,14:51:34,8.12,0.0,8,6494,买盘
1473,14:51:36,8.08,-0.04,196,158524,卖盘
1474,14:51:39,8.08,0.0,30,24240,买盘
1475,14:51:42,8.08,0.0,1,808,买盘
1476,14:51:49,8.11,0.03,10,8110,买盘
1477,14:51:52,8.09,-0.02,10,8090,卖盘
1478,14:52:00,8.08,-0.01,1,808,卖盘
1479,14:52:04,8.09,0.01,11,8899,买盘
1480,14:52:07,8.08,-0.01,181,146427,卖盘
1481,14:52:16,8.11,0.03,9,7299,买盘
1482,14:52:19,8.09,-0.02,13,10533,卖盘
1483,14:52:28,8.09,0.0,501,405310,卖盘
1484,14:52:31,8.1,0.01,5,4050,买盘
1485,14:52:33,8.1,0.0,8,6480,买盘
1486,14:52:37,8.09,-0.01,19,15371,卖盘
1487,14:52:40,8.09,0.0,244,197396,卖盘
1488,14:52:42,8.08,-0.01,1,808,卖盘
1489,14:52:45,8.08,0.0,7,5658,卖盘
1490,14:52:49,8.09,0.01,355,287195,买盘
1491,14:52:52,8.09,0.0,27,21843,卖盘
1492,14:52:55,8.09,0.0,2,1618,卖盘
1493,14:53:04,8.09,0.0,10,8098,卖盘
1494,14:53:07,8.1,0.01,13,10520,买盘
1495,14:53:09,8.1,0.0,16,12960,买盘
1496,14:53:13,8.11,0.01,92,74612,买盘
1497,14:53:16,8.11,0.0,2,1622,买盘
1498,14:53:18,8.12,0.01,10,8120,买盘
1499,14:53:22,8.12,0.0,40,32480,买盘
1500,14:53:25,8.12,0.0,5,4058,买盘
1501,14:53:34,8.12,0.0,12,9744,买盘
1502,14:53:42,8.12,0.0,235,190266,买盘
1503,14:53:45,8.12,0.0,58,47096,买盘
1504,14:53:49,8.14,0.02,8,6504,买盘
1505,14:54:04,8.14,0.0,8,6512,买盘
1506,14:54:06,8.14,0.0,20,16280,买盘
1507,14:54:13,8.12,-0.02,2,1624,卖盘
1508,14:54:16,8.12,0.0,10,8120,卖盘
1509,14:54:19,8.12,0.0,15,12196,卖盘
1510,14:54:22,8.12,0.0,2,1624,卖盘
1511,14:54:25,8.14,0.02,16,13024,买盘
1512,14:54:27,8.13,-0.01,1,813,卖盘
1513,14:54:30,8.13,0.0,4,3252,卖盘
1514,14:54:33,8.13,0.0,9,7325,卖盘
1515,14:54:37,8.13,0.0,2,1626,中性盘
1516,14:54:43,8.12,-0.01,4,3249,卖盘
1517,14:54:49,8.13,0.01,14,11390,卖盘
1518,14:55:01,8.13,0.0,3,2439,卖盘
1519,14:55:04,8.13,0.0,13,10569,中性盘
1520,14:55:07,8.12,-0.01,2,1624,卖盘
1521,14:55:09,8.12,0.0,37,30044,卖盘
1522,14:55:12,8.12,0.0,22,17864,卖盘
1523,14:55:19,8.12,0.0,8,6496,买盘
1524,14:55:28,8.12,0.0,37,30044,买盘
1525,14:55:30,8.12,0.0,24,19488,卖盘
1526,14:55:34,8.13,0.01,8,6504,买盘
1527,14:55:49,8.13,0.0,16,13008,买盘
1528,14:55:58,8.12,-0.01,1,812,卖盘
1529,14:56:04,8.12,0.0,1,812,卖盘
1530,14:56:31,8.12,0.0,10,8120,卖盘
1531,14:56:34,8.12,0.0,1,812,卖盘
1532,14:56:37,8.12,0.0,4,3248,卖盘
1533,14:56:45,8.13,0.01,10,8130,买盘
1534,14:56:54,8.13,0.0,5,4065,买盘
1535,15:00:04,8.11,-0.02,126,102186,买盘
