,time,price,change,volume,amount,type
0,09:25:04,32.98,0.64,5,16490,卖盘
1,09:30:07,32.61,-0.37,5,16309,卖盘
2,09:30:16,32.61,0.0,1,3261,买盘
3,09:30:22,32.98,0.37,15,49448,买盘
4,09:31:13,32.62,-0.36,1,3262,卖盘
5,09:31:22,32.62,0.0,1,3262,卖盘
6,09:31:28,32.62,0.0,3,9786,卖盘
7,09:31:37,32.58,-0.04,5,16302,卖盘
8,09:31:40,32.4,-0.18,5,16254,卖盘
9,09:31:46,32.34,-0.06,1,3234,卖盘
10,09:31:49,32.34,0.0,1,3234,卖盘
11,09:31:52,32.34,0.0,1,6403,卖盘
12,09:31:58,32.34,0.0,32,103560,卖盘
13,09:32:19,32.4,0.06,1,3240,买盘
14,09:32:25,32.34,-0.06,5,13001,卖盘
15,09:33:31,32.18,-0.16,7,22534,卖盘
16,09:33:46,32.18,0.0,7,22546,卖盘
17,09:33:58,32.18,0.0,1,3218,买盘
18,09:34:04,32.18,0.0,1,3218,买盘
19,09:34:07,32.18,0.0,4,12872,买盘
20,09:34:16,32.18,0.0,3,9654,卖盘
21,09:34:25,32.34,0.16,30,100189,买盘
22,09:35:25,32.35,0.01,1,3235,卖盘
23,09:35:58,32.35,0.0,2,6470,卖盘
24,09:36:13,32.35,0.0,9,29115,买盘
25,09:36:22,32.34,-0.01,3,9702,卖盘
26,09:36:25,32.34,0.0,4,12936,卖盘
27,09:37:22,32.34,0.0,1,3234,卖盘
28,09:37:43,32.35,0.01,4,12940,买盘
29,09:38:01,32.62,0.27,1,3262,买盘
30,09:39:37,32.35,-0.27,1,3235,卖盘
31,09:40:04,32.35,0.0,1,3235,买盘
32,09:40:22,32.35,0.0,1,3235,卖盘
33,09:40:34,32.55,0.2,1,3255,买盘
34,09:40:46,32.55,0.0,3,9765,买盘
35,09:40:55,32.55,0.0,2,6510,买盘
36,09:41:01,32.55,0.0,5,16275,卖盘
37,09:42:31,32.35,-0.2,2,6470,卖盘
38,09:42:34,32.5,0.15,1,3250,买盘
39,09:42:37,32.5,0.0,7,22750,卖盘
40,09:42:40,32.5,0.0,22,71500,卖盘
41,09:43:04,32.22,-0.28,10,32280,卖盘
42,09:43:07,32.18,-0.04,8,25756,卖盘
43,09:43:37,32.19,0.01,1,3219,卖盘
44,09:45:07,32.21,0.02,2,6442,卖盘
45,09:46:10,32.22,0.01,5,16110,卖盘
46,09:46:16,32.22,0.0,6,19332,卖盘
47,09:46:34,32.34,0.12,2,6468,买盘
48,09:47:01,32.2,-0.14,8,25767,卖盘
49,09:47:19,32.33,0.13,3,9699,买盘
50,09:48:01,32.33,0.0,3,9699,买盘
51,09:48:16,32.22,-0.11,37,119214,卖盘
52,09:48:28,32.22,0.0,1,3222,买盘
53,09:48:31,32.2,-0.02,1,3220,卖盘
54,09:48:34,32.22,0.02,2,6444,买盘
55,09:48:43,32.35,0.13,3,9703,买盘
56,09:48:49,32.35,0.0,11,35585,卖盘
57,09:49:13,32.39,0.04,7,22670,买盘
58,09:49:25,32.39,0.0,6,19434,买盘
59,09:49:28,32.22,-0.17,5,16123,卖盘
60,09:49:55,32.23,0.01,3,9669,卖盘
61,09:50:34,32.23,0.0,1,3223,买盘
62,09:50:40,32.3,0.07,3,9690,买盘
63,09:50:58,32.3,0.0,2,6460,买盘
64,09:51:13,32.3,0.0,20,64586,买盘
65,09:51:43,32.4,0.1,23,74430,买盘
66,09:53:13,32.39,-0.01,16,51818,买盘
67,09:53:18,32.23,-0.16,20,64460,卖盘
68,09:54:04,32.37,0.14,1,3237,买盘
69,09:55:10,32.23,-0.14,4,12892,卖盘
70,09:55:28,32.23,0.0,4,12892,卖盘
71,09:55:43,32.37,0.14,6,19418,买盘
72,09:56:13,32.38,0.01,10,32376,买盘
73,09:58:37,32.37,-0.01,5,16185,买盘
74,10:00:13,32.38,0.01,4,12951,买盘
75,10:00:52,32.38,0.0,1,3238,买盘
76,10:01:07,32.38,0.0,3,9714,买盘
77,10:01:40,32.4,0.02,54,174919,买盘
78,10:02:22,32.4,0.0,5,16200,卖盘
79,10:02:25,32.4,0.0,17,55080,卖盘
80,10:02:40,32.41,0.01,5,16202,买盘
81,10:05:55,32.45,0.04,26,84365,买盘
82,10:07:31,32.32,-0.13,4,12928,卖盘
83,10:09:16,32.3,-0.02,12,38773,卖盘
84,10:10:22,32.3,0.0,3,9690,卖盘
85,10:11:49,32.31,0.01,9,29079,卖盘
86,10:12:10,32.5,0.19,9,29230,买盘
87,10:12:40,32.36,-0.14,2,6472,卖盘
88,10:13:31,32.31,-0.05,1,3231,卖盘
89,10:16:31,32.31,0.0,2,6462,中性盘
90,10:16:37,32.31,0.0,4,12924,买盘
91,10:17:55,32.3,-0.01,2,6460,卖盘
92,10:18:13,32.3,0.0,11,35530,卖盘
93,10:18:42,32.3,0.0,15,48441,买盘
94,10:18:58,32.3,0.0,1,3230,买盘
95,10:21:28,32.3,0.0,1,3230,买盘
96,10:23:18,32.26,-0.04,10,32260,卖盘
97,10:23:52,32.26,0.0,20,64520,买盘
98,10:24:12,32.26,0.0,2,6452,卖盘
99,10:24:25,32.42,0.16,2,6484,买盘
100,10:25:46,32.27,-0.15,2,6454,卖盘
101,10:25:49,32.26,-0.01,9,29034,卖盘
102,10:26:58,32.27,0.01,14,45178,买盘
103,10:27:13,32.25,-0.02,1,3225,卖盘
104,10:28:54,32.26,0.01,2,6452,卖盘
105,10:29:16,32.41,0.15,2,6481,买盘
106,10:29:24,32.26,-0.15,1,3226,卖盘
107,10:31:16,32.27,0.01,5,16135,卖盘
108,10:31:31,32.27,0.0,2,6454,买盘
109,10:31:43,32.4,0.13,8,25881,买盘
110,10:31:46,32.4,0.0,10,32400,卖盘
111,10:34:13,32.36,-0.04,1,3236,买盘
112,10:34:22,32.36,0.0,9,29124,买盘
113,10:34:55,32.36,0.0,1,3236,卖盘
114,10:35:46,32.4,0.04,22,71244,买盘
115,10:38:13,32.37,-0.03,2,6474,买盘
116,10:38:49,32.38,0.01,17,55046,买盘
117,10:39:43,32.4,0.02,5,16200,买盘
118,10:39:52,32.4,0.0,14,45360,卖盘
119,10:40:13,32.3,-0.1,9,29070,买盘
120,10:40:16,32.3,0.0,1,3230,买盘
121,10:40:22,32.3,0.0,1,3230,买盘
122,10:40:46,32.3,0.0,14,45220,买盘
123,10:41:16,32.3,0.0,5,16150,买盘
124,10:41:46,32.3,0.0,1,3230,买盘
125,10:42:19,32.27,-0.03,3,9681,卖盘
126,10:42:37,32.27,0.0,5,16135,买盘
127,10:42:46,32.3,0.03,14,45184,买盘
128,10:43:01,32.26,-0.04,20,64520,买盘
129,10:43:16,32.3,0.04,4,12920,买盘
130,10:43:28,32.3,0.0,57,184110,买盘
131,10:43:54,32.3,0.0,10,32300,卖盘
132,10:44:31,32.27,-0.03,16,51632,卖盘
133,10:44:46,32.33,0.06,13,42029,买盘
134,10:45:13,32.33,0.0,6,19398,买盘
135,10:46:45,32.35,0.02,11,35583,买盘
136,10:47:46,32.38,0.03,5,16190,买盘
137,10:48:28,32.37,-0.01,11,35597,买盘
138,10:48:42,32.38,0.01,11,35618,买盘
139,10:49:07,32.4,0.02,20,64800,买盘
140,10:49:40,32.38,-0.02,1,3238,卖盘
141,10:49:49,32.38,0.0,8,25904,卖盘
142,10:49:55,32.37,-0.01,7,22659,卖盘
143,10:50:45,32.37,0.0,5,16185,卖盘
144,10:51:09,32.37,0.0,5,16185,卖盘
145,10:51:16,32.4,0.03,10,32396,买盘
146,10:51:22,32.37,-0.03,4,12948,卖盘
147,10:52:46,32.4,0.03,22,71271,买盘
148,10:53:16,32.4,0.0,8,25916,买盘
149,10:54:18,32.35,-0.05,10,32350,买盘
150,10:55:13,32.29,-0.06,7,22603,卖盘
151,10:55:46,32.29,0.0,3,9687,买盘
152,10:56:19,32.29,0.0,1,3229,卖盘
153,10:57:19,32.35,0.06,2,6470,买盘
154,10:59:31,32.35,0.0,25,80875,卖盘
155,11:00:46,32.39,0.04,2,6478,买盘
156,11:01:36,32.35,-0.04,2,6470,卖盘
157,11:01:46,32.39,0.04,5,16187,买盘
158,11:02:21,32.39,0.0,10,32390,卖盘
159,11:03:25,32.27,-0.12,8,25826,卖盘
160,11:03:49,32.27,0.0,20,64540,卖盘
161,11:04:04,32.47,0.2,20,64814,买盘
162,11:09:28,32.3,-0.17,5,16150,买盘
163,11:09:34,32.3,0.0,1,3230,买盘
164,11:09:39,32.3,0.0,1,3230,买盘
165,11:09:46,32.3,0.0,1,3230,买盘
166,11:09:51,32.3,0.0,1,3230,买盘
167,11:09:54,32.3,0.0,1,3230,买盘
168,11:10:25,32.47,0.17,6,19479,买盘
169,11:10:51,32.46,-0.01,3,9738,卖盘
170,11:18:46,32.43,-0.03,3,9729,买盘
171,11:19:21,32.43,0.0,7,22701,卖盘
172,11:19:46,32.43,0.0,2,6486,卖盘
173,11:26:36,32.44,0.01,3,9732,买盘
174,11:28:22,32.43,-0.01,1,3243,卖盘
175,11:29:55,32.44,0.01,6,19464,买盘
176,13:00:07,32.44,0.0,30,97319,买盘
177,13:03:31,32.44,0.0,2,6488,买盘
178,13:03:55,32.43,-0.01,1,3243,卖盘
179,13:04:33,32.43,0.0,20,64862,卖盘
180,13:08:10,32.43,0.0,5,16215,卖盘
181,13:09:30,32.43,0.0,8,25944,卖盘
182,13:09:46,32.43,0.0,5,16215,卖盘
183,13:10:21,32.46,0.03,1,3246,买盘
184,13:10:42,32.4,-0.06,36,116685,卖盘
185,13:10:55,32.4,0.0,1,3240,卖盘
186,13:11:07,32.4,0.0,3,9720,卖盘
187,13:11:46,32.4,0.0,1,3240,买盘
188,13:12:40,32.4,0.0,19,61560,卖盘
189,13:13:18,32.32,-0.08,9,29088,卖盘
190,13:13:24,32.32,0.0,1,3232,买盘
191,13:13:31,32.32,0.0,1,3232,买盘
192,13:13:37,32.32,0.0,1,3232,买盘
193,13:13:42,32.32,0.0,1,3232,买盘
194,13:13:49,32.32,0.0,1,3232,买盘
195,13:13:54,32.32,0.0,1,3232,买盘
196,13:14:01,32.32,0.0,1,3232,买盘
197,13:14:07,32.32,0.0,1,3232,买盘
198,13:14:13,32.32,0.0,1,3232,买盘
199,13:14:19,32.32,0.0,1,3232,买盘
200,13:14:24,32.32,0.0,1,3232,买盘
201,13:17:36,32.4,0.08,1,3240,买盘
202,13:21:25,32.3,-0.1,26,83980,卖盘
203,13:21:40,32.4,0.1,40,129600,买盘
204,13:22:01,32.29,-0.11,62,200207,卖盘
205,13:23:04,32.28,-0.01,2,6456,卖盘
206,13:25:40,32.28,0.0,1,3228,卖盘
207,13:28:21,32.29,0.01,40,129160,卖盘
208,13:28:28,32.39,0.1,2,6478,买盘
209,13:30:42,32.26,-0.13,60,193990,卖盘
210,13:30:46,32.4,0.14,32,103652,买盘
211,13:37:00,32.23,-0.17,30,96705,卖盘
212,13:37:28,32.23,0.0,1,3223,卖盘
213,13:38:46,32.25,0.02,3,9675,卖盘
214,13:39:03,32.24,-0.01,9,29016,卖盘
215,13:39:22,32.4,0.16,11,35637,买盘
216,13:46:04,32.21,-0.19,21,67356,卖盘
217,13:49:04,32.39,0.18,2,6478,买盘
218,13:53:58,32.38,-0.01,30,97140,买盘
219,14:00:28,32.24,-0.14,2,6448,卖盘
220,14:00:51,32.22,-0.02,7,22554,卖盘
221,14:01:06,32.24,0.02,3,9672,买盘
222,14:01:13,32.22,-0.02,3,9666,卖盘
223,14:01:37,32.37,0.15,10,32271,买盘
224,14:04:51,32.21,-0.16,16,51858,卖盘
225,14:05:16,32.21,0.0,2,6442,买盘
226,14:05:22,32.21,0.0,1,3221,买盘
227,14:05:28,32.21,0.0,1,3221,买盘
228,14:05:31,32.21,0.0,1,3221,买盘
229,14:05:33,32.21,0.0,1,3221,买盘
230,14:05:37,32.21,0.0,1,3221,买盘
231,14:05:39,32.21,0.0,1,3221,买盘
232,14:05:42,32.21,0.0,1,3221,买盘
233,14:05:45,32.21,0.0,1,3221,买盘
234,14:05:49,32.21,0.0,4,12562,买盘
235,14:06:04,32.2,-0.01,31,99820,卖盘
236,14:06:28,32.34,0.14,4,12936,买盘
237,14:06:40,32.34,0.0,3,9702,卖盘
238,14:06:43,32.34,0.0,6,19404,卖盘
239,14:06:49,32.34,0.0,1,3234,买盘
240,14:07:28,32.25,-0.09,2,6450,卖盘
241,14:08:01,32.37,0.12,15,48513,买盘
242,14:10:19,32.36,-0.01,1,3236,买盘
243,14:11:16,32.36,0.0,3,9708,买盘
244,14:11:37,32.36,0.0,8,25888,卖盘
245,14:11:58,32.25,-0.11,2,6450,卖盘
246,14:12:01,32.25,0.0,4,12900,买盘
247,14:12:16,32.25,0.0,1,3225,买盘
248,14:12:31,32.21,-0.04,6,19326,卖盘
249,14:12:46,32.21,0.0,2,6442,买盘
250,14:12:49,32.21,0.0,3,9663,买盘
251,14:13:04,32.2,-0.01,34,109480,卖盘
252,14:13:22,32.2,0.0,2,6440,买盘
253,14:13:40,32.18,-0.02,1,3218,卖盘
254,14:13:46,32.18,0.0,1,3218,买盘
255,14:13:52,32.18,0.0,1,3218,买盘
256,14:13:55,32.18,0.0,1,3218,买盘
257,14:14:10,32.18,0.0,7,22526,卖盘
258,14:16:10,32.32,0.14,10,32320,买盘
259,14:16:16,32.35,0.03,17,54984,买盘
260,14:16:19,32.35,0.0,3,9705,卖盘
261,14:16:43,32.32,-0.03,1,3232,卖盘
262,14:17:01,32.32,0.0,1,3232,卖盘
263,14:17:43,32.35,0.03,4,12940,买盘
264,14:18:52,32.35,0.0,3,9705,买盘
265,14:19:10,32.35,0.0,2,6470,买盘
266,14:22:25,32.35,0.0,28,90580,买盘
267,14:24:43,32.35,0.0,2,6470,卖盘
268,14:28:07,32.35,0.0,3,9705,买盘
269,14:30:16,32.32,-0.03,1,3232,卖盘
270,14:31:07,32.32,0.0,1,3232,卖盘
271,14:31:13,32.32,0.0,1,3232,卖盘
272,14:33:13,32.23,-0.09,4,12892,卖盘
273,14:33:28,32.19,-0.04,1,3219,卖盘
274,14:33:46,32.17,-0.02,15,48259,卖盘
275,14:34:01,32.17,0.0,1,3217,卖盘
276,14:34:07,32.19,0.02,27,86913,买盘
277,14:35:01,32.19,0.0,2,6438,卖盘
278,14:35:31,32.2,0.01,1,3220,卖盘
279,14:36:19,32.3,0.1,3,9670,买盘
280,14:43:46,32.2,-0.1,2,6440,卖盘
281,14:44:25,32.2,0.0,1,3220,卖盘
282,14:45:22,32.2,0.0,12,38640,卖盘
283,14:46:37,32.2,0.0,1,3220,卖盘
284,14:46:43,32.2,0.0,1,3220,卖盘
285,14:46:46,32.2,0.0,3,9660,卖盘
286,14:46:49,32.2,0.0,1,3220,卖盘
287,14:46:52,32.2,0.0,4,12880,卖盘
288,14:46:58,32.2,0.0,1,3220,卖盘
289,14:47:01,32.2,0.0,1,3220,卖盘
290,14:47:04,32.2,0.0,1,3220,卖盘
291,14:47:07,32.17,-0.03,4,12868,卖盘
292,14:47:43,32.17,0.0,7,22519,卖盘
293,14:47:49,32.16,-0.01,1,3216,卖盘
294,14:48:13,32.16,0.0,5,16080,卖盘
295,14:49:04,32.16,0.0,1,3216,卖盘
296,14:49:28,32.16,0.0,2,6432,买盘
297,14:49:43,32.17,0.01,3,9651,买盘
298,14:49:49,32.16,-0.01,1,3216,卖盘
299,14:50:13,32.17,0.01,1,3217,买盘
300,14:50:31,32.17,0.0,13,41821,卖盘
301,14:51:55,32.17,0.0,15,48260,卖盘
302,14:52:31,32.29,0.12,20,64532,买盘
303,14:53:25,32.29,0.0,12,38737,买盘
304,14:53:55,32.29,0.0,26,83954,买盘
305,14:54:04,32.2,-0.09,4,12880,卖盘
306,14:55:16,32.2,0.0,4,12880,卖盘
307,14:56:01,32.28,0.08,2,6456,买盘
308,14:56:05,32.2,-0.08,3,9660,卖盘
309,14:56:10,32.29,0.09,5,16145,买盘
310,14:56:13,32.29,0.0,5,16145,买盘
311,14:56:43,32.3,0.01,17,54909,买盘
312,14:56:49,32.29,-0.01,1,3229,卖盘
313,15:00:04,32.24,-0.05,1,3224,卖盘
