,time,price,change,volume,amount,type
0,09:25:04,30.35,-0.1,95,288325,买盘
1,09:30:07,30.3,-0.05,38,115333,卖盘
2,09:30:16,30.2,-0.1,9,27250,卖盘
3,09:30:22,30.3,0.1,3,9090,买盘
4,09:30:37,30.2,-0.1,2,6040,卖盘
5,09:30:46,30.29,0.09,6,18173,买盘
6,09:31:01,30.29,0.0,17,51493,卖盘
7,09:31:05,30.3,0.01,26,78780,买盘
8,09:31:13,30.29,-0.01,2,6059,卖盘
9,09:31:16,30.29,0.0,4,12116,买盘
10,09:31:22,30.28,-0.01,1,3028,中性盘
11,09:31:25,30.22,-0.06,2,6044,卖盘
12,09:31:37,30.21,-0.01,1,3021,卖盘
13,09:31:40,30.21,0.0,1,3021,卖盘
14,09:31:43,30.21,0.0,3,9063,卖盘
15,09:31:46,30.14,-0.07,31,93505,卖盘
16,09:31:58,30.14,0.0,54,162956,卖盘
17,09:32:07,30.12,-0.02,3,9036,卖盘
18,09:32:10,30.12,0.0,1,3012,买盘
19,09:32:13,30.1,-0.02,9,27097,卖盘
20,09:32:19,30.05,-0.05,5,15025,卖盘
21,09:32:28,30.02,-0.03,13,39067,卖盘
22,09:32:37,30.09,0.07,3,9027,卖盘
23,09:32:40,30.11,0.02,21,63231,买盘
24,09:32:46,30.11,0.0,1,3011,卖盘
25,09:32:52,30.09,-0.02,14,42134,卖盘
26,09:32:55,30.14,0.05,4,12056,买盘
27,09:33:10,30.06,-0.08,20,60132,卖盘
28,09:33:13,30.06,0.0,2,6012,买盘
29,09:33:16,30.06,0.0,25,75150,买盘
30,09:33:28,30.06,0.0,5,15030,买盘
31,09:33:31,30.06,0.0,2,6012,卖盘
32,09:33:34,30.01,-0.05,50,150156,卖盘
33,09:33:49,30.01,0.0,2,6002,卖盘
34,09:33:55,30.0,-0.01,42,126020,卖盘
35,09:33:58,29.91,-0.09,8,23952,卖盘
36,09:34:01,29.99,0.08,10,29990,买盘
37,09:34:10,29.91,-0.08,1,2991,卖盘
38,09:34:13,29.91,0.0,4,11964,卖盘
39,09:34:16,29.91,0.0,1,2991,卖盘
40,09:34:25,29.88,-0.03,49,146467,卖盘
41,09:34:37,29.84,-0.04,2,5968,卖盘
42,09:34:40,29.84,0.0,3,8952,卖盘
43,09:34:46,29.62,-0.22,70,208567,卖盘
44,09:34:49,29.5,-0.12,4,11824,卖盘
45,09:34:55,29.5,0.0,1,2950,中性盘
46,09:34:58,28.8,-0.7,13,37702,卖盘
47,09:35:01,29.62,0.82,19,56263,买盘
48,09:35:04,29.0,-0.62,12,34950,卖盘
49,09:35:10,28.99,-0.01,12,34788,中性盘
50,09:35:13,29.0,0.01,9,26100,买盘
51,09:35:25,29.02,0.02,7,20314,卖盘
52,09:35:34,29.11,0.09,1,2911,卖盘
53,09:35:40,29.09,-0.02,2,5818,卖盘
54,09:35:49,29.09,0.0,76,221246,卖盘
55,09:35:52,29.09,0.0,2,5818,买盘
56,09:35:55,29.09,0.0,12,34908,买盘
57,09:35:58,29.09,0.0,3,8727,买盘
58,09:36:01,29.1,0.01,277,805812,买盘
59,09:36:07,29.16,0.06,31,90406,卖盘
60,09:36:25,29.46,0.3,31,91152,买盘
61,09:36:28,29.47,0.01,7,20621,买盘
62,09:36:31,29.46,-0.01,5,14730,卖盘
63,09:36:43,29.46,0.0,8,23568,卖盘
64,09:36:52,29.62,0.16,6,17764,买盘
65,09:36:55,29.46,-0.16,13,38322,卖盘
66,09:36:58,29.6,0.14,3,8880,中性盘
67,09:37:01,29.8,0.2,10,29771,买盘
68,09:37:19,29.76,-0.04,7,20833,卖盘
69,09:37:22,29.76,0.0,1,2976,卖盘
70,09:37:25,29.75,-0.01,3,8927,卖盘
71,09:37:31,29.6,-0.15,2,5920,卖盘
72,09:37:37,29.75,0.15,4,11890,买盘
73,09:37:43,29.77,0.02,9,26777,买盘
74,09:37:46,29.8,0.03,96,286087,买盘
75,09:37:49,29.88,0.08,7,20911,买盘
76,09:37:58,29.4,-0.48,28,83200,卖盘
77,09:38:01,29.97,0.57,1,2997,买盘
78,09:38:04,29.97,0.0,6,17982,买盘
79,09:38:07,29.97,0.0,2,5994,卖盘
80,09:38:16,29.97,0.0,4,11988,买盘
81,09:38:28,29.97,0.0,3,8991,卖盘
82,09:38:34,29.98,0.01,28,83926,买盘
83,09:38:40,29.97,-0.01,105,314763,卖盘
84,09:38:43,29.97,0.0,10,29970,卖盘
85,09:38:49,29.98,0.01,2,5996,卖盘
86,09:38:55,30.0,0.02,5,14994,买盘
87,09:38:58,30.0,0.0,2,6000,买盘
88,09:39:13,30.0,0.0,8,24000,买盘
89,09:39:19,30.0,0.0,5,15000,买盘
90,09:39:22,29.98,-0.02,5,14990,卖盘
91,09:39:28,30.0,0.02,23,68970,买盘
92,09:39:40,30.0,0.0,3,9000,卖盘
93,09:39:49,30.0,0.0,3,9000,卖盘
94,09:40:01,30.15,0.15,3,9045,买盘
95,09:40:04,30.19,0.04,20,60348,买盘
96,09:40:07,30.19,0.0,1,3019,卖盘
97,09:40:13,30.19,0.0,1,3019,卖盘
98,09:40:16,30.19,0.0,7,21136,卖盘
99,09:40:34,30.0,-0.19,3,9000,卖盘
100,09:40:55,30.0,0.0,3,9000,卖盘
101,09:41:13,30.0,0.0,3,9000,卖盘
102,09:41:16,29.76,-0.24,12,35942,卖盘
103,09:41:19,29.76,0.0,1,2976,卖盘
104,09:41:25,29.99,0.23,13,38987,买盘
105,09:41:28,29.65,-0.34,3,8895,卖盘
106,09:41:40,29.65,0.0,8,23723,卖盘
107,09:42:16,29.66,0.01,9,26695,卖盘
108,09:42:55,29.7,0.04,10,29700,卖盘
109,09:43:10,29.68,-0.02,19,56399,卖盘
110,09:43:16,29.68,0.0,4,11872,买盘
111,09:43:19,29.68,0.0,1,2968,买盘
112,09:43:22,29.71,0.03,6,17821,中性盘
113,09:43:34,29.71,0.0,2,5942,卖盘
114,09:44:01,29.71,0.0,1,2971,卖盘
115,09:44:28,29.7,-0.01,6,17822,卖盘
116,09:44:40,29.7,0.0,6,17820,卖盘
117,09:44:46,29.68,-0.02,6,17808,卖盘
118,09:44:49,29.68,0.0,1,2968,卖盘
119,09:44:58,29.66,-0.02,3,8898,卖盘
120,09:45:13,29.66,0.0,1,2966,卖盘
121,09:45:22,29.65,-0.01,5,14825,卖盘
122,09:45:37,29.64,-0.01,10,29638,买盘
123,09:45:46,29.66,0.02,27,80041,买盘
124,09:45:49,29.66,0.0,3,8898,卖盘
125,09:45:52,29.65,-0.01,6,17782,买盘
126,09:45:55,29.65,0.0,2,5930,卖盘
127,09:46:01,29.65,0.0,2,5930,卖盘
128,09:46:16,29.61,-0.04,1,2961,卖盘
129,09:46:34,29.6,-0.01,1,2960,卖盘
130,09:46:40,29.6,0.0,1,2960,中性盘
131,09:47:19,29.59,-0.01,1,2959,卖盘
132,09:47:43,29.59,0.0,5,14795,卖盘
133,09:47:46,29.58,-0.01,2,5916,卖盘
134,09:48:04,29.57,-0.01,8,23656,买盘
135,09:48:46,29.58,0.01,45,133110,买盘
136,09:48:52,29.57,-0.01,1,2957,卖盘
137,09:48:55,29.59,0.02,5,14795,买盘
138,09:49:13,29.6,0.01,13,38480,买盘
139,09:49:16,29.7,0.1,14,41565,买盘
140,09:49:19,29.57,-0.13,1,2957,卖盘
141,09:49:28,29.69,0.12,1,2969,中性盘
142,09:49:34,29.69,0.0,4,11876,买盘
143,09:49:37,29.59,-0.1,1,2959,卖盘
144,09:49:43,29.7,0.11,12,35640,买盘
145,09:50:04,29.61,-0.09,2,5930,卖盘
146,09:50:07,29.7,0.09,1,2970,买盘
147,09:50:13,29.61,-0.09,1,2961,卖盘
148,09:50:40,29.61,0.0,2,5922,卖盘
149,09:50:58,29.68,0.07,2,5935,买盘
150,09:51:07,29.61,-0.07,1,2961,卖盘
151,09:51:25,29.68,0.07,1,2968,买盘
152,09:51:28,29.61,-0.07,2,5922,卖盘
153,09:51:43,29.61,0.0,3,8883,买盘
154,09:51:55,29.67,0.06,1,2967,买盘
155,09:52:07,29.67,0.0,1,2967,买盘
156,09:52:16,29.62,-0.05,1,2962,卖盘
157,09:52:28,29.62,0.0,1,2962,卖盘
158,09:52:34,29.62,0.0,2,5924,卖盘
159,09:52:37,29.7,0.08,15,44515,买盘
160,09:52:40,29.84,0.14,1,2984,买盘
161,09:53:07,29.62,-0.22,2,5924,卖盘
162,09:53:25,29.69,0.07,2,5938,卖盘
163,09:53:37,29.84,0.15,1,2984,买盘
164,09:54:01,29.85,0.01,1,2985,买盘
165,09:54:22,29.7,-0.15,6,17823,卖盘
166,09:54:34,29.7,0.0,10,29700,买盘
167,09:54:43,29.7,0.0,1,2970,买盘
168,09:54:46,29.7,0.0,4,11880,买盘
169,09:54:58,29.7,0.0,1,2970,卖盘
170,09:55:16,29.69,-0.01,3,8907,卖盘
171,09:55:28,29.7,0.01,5,14850,买盘
172,09:55:40,29.7,0.0,24,71280,买盘
173,09:55:46,29.7,0.0,3,8910,卖盘
174,09:56:10,29.83,0.13,47,140171,买盘
175,09:56:16,29.83,0.0,1,2983,卖盘
176,09:56:34,29.83,0.0,8,23864,买盘
177,09:56:40,29.82,-0.01,3,8946,中性盘
178,09:57:52,29.81,-0.01,1,2981,买盘
179,09:58:10,29.82,0.01,25,74527,买盘
180,09:58:46,29.83,0.01,1,2983,卖盘
181,09:59:10,29.83,0.0,6,17898,卖盘
182,09:59:25,29.85,0.02,7,20889,买盘
183,09:59:49,29.9,0.05,7,20915,买盘
184,10:00:13,29.9,0.0,11,32890,买盘
185,10:00:16,29.9,0.0,5,14950,买盘
186,10:00:37,29.9,0.0,8,23918,买盘
187,10:00:52,29.9,0.0,7,20930,买盘
188,10:01:01,29.98,0.08,7,20986,买盘
189,10:01:19,29.9,-0.08,2,5980,卖盘
190,10:01:34,29.98,0.08,12,35976,买盘
191,10:02:01,30.0,0.02,4,11998,买盘
192,10:02:34,29.99,-0.01,1,2999,买盘
193,10:02:37,30.08,0.09,25,75165,买盘
194,10:02:40,30.08,0.0,3,9024,买盘
195,10:03:07,30.2,0.12,51,153985,买盘
196,10:03:10,30.08,-0.12,4,12032,卖盘
197,10:03:37,30.13,0.05,5,15101,卖盘
198,10:04:31,30.19,0.06,8,24152,买盘
199,10:04:33,29.94,-0.25,1,2994,卖盘
200,10:06:58,30.06,0.12,4,12024,买盘
201,10:07:07,30.12,0.06,10,30103,买盘
202,10:07:34,30.19,0.07,4,12072,买盘
203,10:07:52,30.19,0.0,2,6038,买盘
204,10:07:58,30.19,0.0,2,6038,卖盘
205,10:08:10,30.2,0.01,3,9060,买盘
206,10:08:16,30.2,0.0,1,3020,买盘
207,10:08:28,30.2,0.0,5,15100,卖盘
208,10:08:33,30.24,0.04,1,3024,买盘
209,10:08:40,30.2,-0.04,5,15100,卖盘
210,10:08:46,30.25,0.05,2,6049,买盘
211,10:08:52,30.24,-0.01,2,6048,中性盘
212,10:09:07,30.2,-0.04,1,3020,卖盘
213,10:09:21,30.16,-0.04,30,90480,卖盘
214,10:09:31,30.35,0.19,6,18208,买盘
215,10:10:01,30.16,-0.19,1,3016,卖盘
216,10:10:07,30.16,0.0,2,6032,中性盘
217,10:10:55,30.28,0.12,9,27231,买盘
218,10:11:49,30.26,-0.02,16,48383,买盘
219,10:13:43,30.17,-0.09,1,3017,卖盘
220,10:13:49,30.16,-0.01,3,9048,卖盘
221,10:13:55,30.06,-0.1,1,3006,卖盘
222,10:13:58,30.16,0.1,3,9047,买盘
223,10:14:04,30.02,-0.14,7,21014,卖盘
224,10:14:16,30.02,0.0,5,15010,卖盘
225,10:14:28,30.01,-0.01,10,30010,卖盘
226,10:14:31,30.02,0.01,7,21012,买盘
227,10:14:37,30.01,-0.01,5,15005,买盘
228,10:14:43,30.01,0.0,101,303001,买盘
229,10:14:49,30.01,0.0,2,6002,买盘
230,10:15:04,30.0,-0.01,2,6000,买盘
231,10:15:10,29.97,-0.03,12,35964,卖盘
232,10:15:34,29.97,0.0,1,2997,卖盘
233,10:15:49,30.11,0.14,6,18016,买盘
234,10:16:06,29.97,-0.14,3,8991,卖盘
235,10:16:51,29.97,0.0,1,2997,卖盘
236,10:16:58,29.97,0.0,1,2997,买盘
237,10:20:01,30.0,0.03,8,24000,卖盘
238,10:20:30,30.01,0.01,2,6002,卖盘
239,10:20:40,30.04,0.03,1,3004,买盘
240,10:20:52,30.04,0.0,2,6008,卖盘
241,10:21:06,30.04,0.0,12,36048,卖盘
242,10:21:34,30.04,0.0,2,6008,买盘
243,10:21:40,30.01,-0.03,3,9003,卖盘
244,10:21:46,30.01,0.0,5,15005,买盘
245,10:22:46,30.01,0.0,2,6002,卖盘
246,10:24:07,30.02,0.01,1,3002,卖盘
247,10:24:18,30.02,0.0,4,12008,卖盘
248,10:25:01,30.04,0.02,3,9012,买盘
249,10:25:31,30.05,0.01,3,9015,买盘
250,10:25:58,30.01,-0.04,40,120040,卖盘
251,10:26:12,30.03,0.02,3,9009,买盘
252,10:26:55,30.03,0.0,3,9008,买盘
253,10:27:22,30.03,0.0,1,3003,买盘
254,10:28:19,30.01,-0.02,1,3001,卖盘
255,10:28:22,30.01,0.0,2,6002,卖盘
256,10:29:01,30.03,0.02,10,30030,买盘
257,10:29:25,30.01,-0.02,2,6002,卖盘
258,10:30:07,30.01,0.0,1,3001,卖盘
259,10:30:10,30.01,0.0,1,3001,卖盘
260,10:30:19,30.01,0.0,5,15005,卖盘
261,10:30:22,30.01,0.0,34,102034,卖盘
262,10:30:31,30.01,0.0,10,30010,买盘
263,10:30:46,30.02,0.01,1,3002,卖盘
264,10:30:55,30.02,0.0,7,21014,卖盘
265,10:31:16,30.03,0.01,2,6006,卖盘
266,10:31:22,30.0,-0.03,3,9000,卖盘
267,10:31:55,30.0,0.0,2,6000,卖盘
268,10:32:10,30.0,0.0,21,63000,卖盘
269,10:32:25,29.98,-0.02,2,5996,卖盘
270,10:32:55,29.98,0.0,1,2998,卖盘
271,10:33:01,29.98,0.0,20,59960,卖盘
272,10:33:07,29.97,-0.01,28,83943,卖盘
273,10:33:16,29.94,-0.03,9,26946,卖盘
274,10:33:40,29.93,-0.01,1,2993,卖盘
275,10:34:01,29.93,0.0,4,11972,卖盘
276,10:34:07,29.92,-0.01,5,14960,卖盘
277,10:34:24,29.91,-0.01,1,2991,卖盘
278,10:34:31,29.98,0.07,13,38936,买盘
279,10:35:18,29.98,0.0,10,29979,买盘
280,10:35:28,29.91,-0.07,6,17949,卖盘
281,10:35:34,29.98,0.07,10,29980,买盘
282,10:36:07,29.91,-0.07,1,2991,卖盘
283,10:36:28,29.91,0.0,3,8973,卖盘
284,10:37:10,29.91,0.0,9,26919,卖盘
285,10:37:16,29.99,0.08,10,29990,买盘
286,10:39:18,29.92,-0.07,4,11968,卖盘
287,10:41:43,29.92,0.0,2,5984,卖盘
288,10:42:51,29.91,-0.01,1,2991,卖盘
289,10:42:55,29.91,0.0,8,23928,卖盘
290,10:44:04,29.91,0.0,1,2991,卖盘
291,10:44:40,29.91,0.0,1,2991,卖盘
292,10:44:43,29.91,0.0,2,5982,卖盘
293,10:44:46,29.91,0.0,6,17946,卖盘
294,10:44:49,29.91,0.0,5,14955,卖盘
295,10:44:55,29.9,-0.01,1,2990,卖盘
296,10:45:04,29.9,0.0,4,11960,卖盘
297,10:45:09,29.9,0.0,6,17940,卖盘
298,10:45:27,29.9,0.0,20,59800,卖盘
299,10:45:37,29.9,0.0,9,26910,卖盘
300,10:45:40,29.9,0.0,1,2990,中性盘
301,10:46:13,29.84,-0.06,1,2984,卖盘
302,10:46:22,29.84,0.0,1,2984,卖盘
303,10:46:37,29.74,-0.1,6,17847,卖盘
304,10:46:43,29.74,0.0,1,2974,买盘
305,10:47:16,29.73,-0.01,11,32703,卖盘
306,10:47:49,29.71,-0.02,3,8913,卖盘
307,10:48:42,29.7,-0.01,42,124778,卖盘
308,10:48:54,29.64,-0.06,1,2964,卖盘
309,10:49:13,29.58,-0.06,1,2958,卖盘
310,10:49:24,29.51,-0.07,63,185924,卖盘
311,10:49:48,29.51,0.0,3,8853,卖盘
312,10:49:55,29.51,0.0,7,20657,买盘
313,10:49:58,29.5,-0.01,1,2950,卖盘
314,10:50:04,29.51,0.01,3,8853,买盘
315,10:50:07,29.51,0.0,4,11804,买盘
316,10:50:16,29.5,-0.01,10,29502,卖盘
317,10:50:43,29.51,0.01,21,62051,卖盘
318,10:51:13,29.54,0.03,2,5908,卖盘
319,10:51:21,29.51,-0.03,2,5902,卖盘
320,10:51:28,29.54,0.03,4,11816,买盘
321,10:52:07,29.55,0.01,4,11823,卖盘
322,10:52:13,29.52,-0.03,1,2952,卖盘
323,10:52:34,29.52,0.0,6,17712,卖盘
324,10:52:39,29.51,-0.01,2,5903,卖盘
325,10:53:13,29.52,0.01,4,11808,买盘
326,10:53:40,29.52,0.0,2,5904,买盘
327,10:54:09,29.52,0.0,10,29520,买盘
328,10:54:22,29.51,-0.01,44,129851,卖盘
329,10:54:28,29.51,0.0,1,2951,卖盘
330,10:54:43,29.51,0.0,8,23608,卖盘
331,10:54:55,29.51,0.0,1,2951,买盘
332,10:55:01,29.5,-0.01,2,5900,卖盘
333,10:55:07,29.51,0.01,3,8853,买盘
334,10:55:25,29.49,-0.02,10,29490,卖盘
335,10:55:28,29.51,0.02,5,14755,买盘
336,10:55:42,29.48,-0.03,1,2948,卖盘
337,10:55:45,29.47,-0.01,21,61887,卖盘
338,10:55:55,29.47,0.0,5,14713,买盘
339,10:56:39,29.36,-0.11,2,5872,卖盘
340,10:56:58,29.36,0.0,8,23488,卖盘
341,10:57:10,29.36,0.0,1,2936,买盘
342,10:57:16,29.35,-0.01,3,8805,卖盘
343,10:57:52,29.35,0.0,3,9245,卖盘
344,10:57:55,29.35,0.0,1,2935,卖盘
345,10:58:06,29.36,0.01,5,14680,买盘
346,10:58:10,29.36,0.0,5,14680,买盘
347,10:58:13,29.36,0.0,1,2936,卖盘
348,10:59:25,29.36,0.0,4,11745,卖盘
349,11:01:42,29.37,0.01,5,14685,卖盘
350,11:01:46,29.37,0.0,1,2937,卖盘
351,11:01:52,29.47,0.1,30,88398,买盘
352,11:02:19,29.47,0.0,3,8839,买盘
353,11:03:49,29.47,0.0,5,14735,买盘
354,11:04:04,29.34,-0.13,123,361099,卖盘
355,11:04:37,29.34,0.0,2,5868,买盘
356,11:04:43,29.23,-0.11,119,347947,卖盘
357,11:05:04,29.23,0.0,2,5846,买盘
358,11:05:07,29.23,0.0,1,2923,买盘
359,11:05:18,29.23,0.0,3,8767,买盘
360,11:05:25,29.23,0.0,1,2923,买盘
361,11:05:37,29.23,0.0,1,2923,买盘
362,11:05:40,29.23,0.0,16,46767,买盘
363,11:05:46,29.23,0.0,2,5846,买盘
364,11:05:49,29.23,0.0,13,37999,买盘
365,11:06:04,29.23,0.0,5,14615,卖盘
366,11:06:09,29.23,0.0,1,2923,买盘
367,11:06:15,29.23,0.0,3,8769,买盘
368,11:06:31,29.3,0.07,5,14650,买盘
369,11:06:55,29.34,0.04,3,8802,买盘
370,11:07:07,29.34,0.0,58,170172,买盘
371,11:07:12,29.34,0.0,14,41076,买盘
372,11:07:21,29.34,0.0,21,61614,卖盘
373,11:08:01,29.47,0.13,85,250491,买盘
374,11:09:43,29.34,-0.13,5,14670,卖盘
375,11:10:04,29.45,0.11,6,17636,买盘
376,11:11:07,29.32,-0.13,3,8796,卖盘
377,11:12:52,29.47,0.15,25,73665,买盘
378,11:12:55,29.47,0.0,14,41258,卖盘
379,11:17:34,29.53,0.06,5,14758,买盘
380,11:20:46,29.53,0.0,1,2953,中性盘
381,11:21:30,29.62,0.09,1,2962,买盘
382,11:22:22,29.63,0.01,3,8889,买盘
383,11:22:24,29.62,-0.01,2,5924,卖盘
384,11:22:55,29.62,0.0,6,17772,卖盘
385,11:23:28,29.7,0.08,25,74183,买盘
386,11:24:12,29.7,0.0,5,14850,卖盘
387,11:25:10,29.86,0.16,1,2986,买盘
388,11:25:16,29.86,0.0,4,11944,卖盘
389,11:29:37,29.77,-0.09,1,2977,买盘
390,11:30:04,29.71,-0.06,5,14855,卖盘
391,13:00:07,29.7,-0.01,34,101003,卖盘
392,13:00:46,29.7,0.0,4,11880,卖盘
393,13:01:04,29.7,0.0,3,8910,卖盘
394,13:01:36,29.7,0.0,2,5940,卖盘
395,13:01:43,29.7,0.0,2,5940,卖盘
396,13:01:49,29.55,-0.15,5,14778,卖盘
397,13:02:13,29.55,0.0,1,2955,买盘
398,13:02:22,29.53,-0.02,4,11812,卖盘
399,13:04:19,29.69,0.16,2,5938,买盘
400,13:04:25,29.69,0.0,2,5938,卖盘
401,13:04:46,29.68,-0.01,2,5936,买盘
402,13:06:27,29.57,-0.11,3,8871,买盘
403,13:07:04,29.57,0.0,1,2957,卖盘
404,13:11:21,29.55,-0.02,1,2955,卖盘
405,13:12:10,29.55,0.0,2,5910,卖盘
406,13:12:25,29.55,0.0,3,8869,卖盘
407,13:12:40,29.55,0.0,2,5910,卖盘
408,13:12:43,29.55,0.0,7,20685,卖盘
409,13:13:13,29.55,0.0,1,2955,卖盘
410,13:14:00,29.56,0.01,3,8868,买盘
411,13:14:07,29.55,-0.01,1,2955,卖盘
412,13:14:25,29.55,0.0,1,2955,卖盘
413,13:14:54,29.55,0.0,10,29550,卖盘
414,13:15:10,29.56,0.01,1,2956,买盘
415,13:15:51,29.65,0.09,3,8895,买盘
416,13:16:12,29.66,0.01,2,5932,买盘
417,13:17:52,29.66,0.0,1,2966,卖盘
418,13:18:15,29.66,0.0,1,2966,卖盘
419,13:18:54,29.66,0.0,1,2966,买盘
420,13:19:24,29.65,-0.01,1,2965,卖盘
421,13:20:16,29.65,0.0,4,11860,卖盘
422,13:21:01,29.66,0.01,2,5932,买盘
423,13:21:07,29.65,-0.01,1,2965,卖盘
424,13:21:10,29.65,0.0,1,2965,卖盘
425,13:21:15,29.65,0.0,1,2965,卖盘
426,13:21:31,29.66,0.01,6,17796,买盘
427,13:21:40,29.66,0.0,1,2966,卖盘
428,13:22:48,29.67,0.01,1,2967,买盘
429,13:23:34,29.67,0.0,2,5934,买盘
430,13:23:45,29.69,0.02,7,20778,买盘
431,13:23:51,29.69,0.0,2,5938,卖盘
432,13:24:06,29.7,0.01,15,44550,买盘
433,13:24:58,29.7,0.0,5,14850,买盘
434,13:26:15,29.7,0.0,6,17820,买盘
435,13:26:43,29.7,0.0,2,5940,卖盘
436,13:27:48,29.74,0.04,4,11893,买盘
437,13:28:43,29.74,0.0,3,8922,卖盘
438,13:30:31,29.75,0.01,10,29746,买盘
439,13:30:45,29.88,0.13,4,11946,买盘
440,13:31:10,30.0,0.12,5,14999,买盘
441,13:31:30,29.74,-0.26,14,41896,卖盘
442,13:32:21,29.74,0.0,2,5949,卖盘
443,13:32:48,29.96,0.22,2,5992,买盘
444,13:32:58,29.96,0.0,8,23968,卖盘
445,13:33:54,29.78,-0.18,1,2978,卖盘
446,13:34:13,29.76,-0.02,3,8930,卖盘
447,13:34:49,29.8,0.04,1,2980,卖盘
448,13:34:58,29.8,0.0,7,20860,卖盘
449,13:35:01,29.8,0.0,5,14900,卖盘
450,13:35:31,29.9,0.1,10,29900,卖盘
451,13:35:49,29.9,0.0,2,5980,卖盘
452,13:35:58,29.9,0.0,10,29900,卖盘
453,13:36:04,29.9,0.0,5,14950,卖盘
454,13:36:10,29.9,0.0,4,11960,卖盘
455,13:36:12,29.9,0.0,4,11960,卖盘
456,13:36:16,29.9,0.0,1,2990,卖盘
457,13:36:19,29.9,0.0,1,2990,卖盘
458,13:36:21,29.9,0.0,1,2990,卖盘
459,13:36:24,29.9,0.0,1,2990,卖盘
460,13:36:28,29.9,0.0,26,77740,卖盘
461,13:36:30,29.9,0.0,1,2990,卖盘
462,13:36:34,29.9,0.0,1,2990,卖盘
463,13:36:36,29.9,0.0,2,5980,卖盘
464,13:36:40,29.9,0.0,2,5980,卖盘
465,13:36:42,29.9,0.0,6,17940,卖盘
466,13:36:45,29.9,0.0,1,2990,卖盘
467,13:36:49,29.9,0.0,1,2990,卖盘
468,13:36:52,29.9,0.0,1,2990,卖盘
469,13:36:54,29.92,0.02,2,5982,买盘
470,13:36:57,29.9,-0.02,1,2990,卖盘
471,13:37:01,29.9,0.0,1,2990,卖盘
472,13:37:22,29.9,0.0,5,14950,卖盘
473,13:37:34,29.92,0.02,1,2992,买盘
474,13:37:42,29.93,0.01,1,2993,买盘
475,13:38:10,29.9,-0.03,1,2990,卖盘
476,13:39:37,29.92,0.02,1,2992,买盘
477,13:39:58,29.9,-0.02,2,5980,卖盘
478,13:40:25,29.9,0.0,3,8970,卖盘
479,13:40:46,29.9,0.0,7,20930,卖盘
480,13:41:07,29.9,0.0,10,29900,卖盘
481,13:41:22,29.91,0.01,1,2991,卖盘
482,13:41:40,29.91,0.0,1,2991,卖盘
483,13:41:46,29.91,0.0,3,8973,卖盘
484,13:43:22,29.82,-0.09,3,8946,卖盘
485,13:43:28,29.81,-0.01,4,11924,卖盘
486,13:43:33,29.8,-0.01,1,2980,卖盘
487,13:44:31,29.8,0.0,1,2980,卖盘
488,13:45:25,29.8,0.0,1,2980,卖盘
489,13:45:52,29.81,0.01,7,20867,买盘
490,13:45:55,29.81,0.0,2,5962,卖盘
491,13:46:04,29.81,0.0,1,2981,卖盘
492,13:46:16,29.81,0.0,2,5962,卖盘
493,13:46:39,29.8,-0.01,5,14900,卖盘
494,13:47:10,29.8,0.0,6,17880,卖盘
495,13:48:58,29.8,0.0,1,2980,卖盘
496,13:50:42,29.8,0.0,8,23840,卖盘
497,13:50:52,29.8,0.0,1,2980,卖盘
498,13:51:19,29.81,0.01,1,2981,买盘
499,13:52:58,29.8,-0.01,1,2980,卖盘
500,13:53:24,29.81,0.01,3,8943,买盘
501,13:54:07,29.81,0.0,2,5962,买盘
502,13:54:27,29.82,0.01,2,5964,买盘
503,13:55:42,29.81,-0.01,6,17886,卖盘
504,13:57:45,29.8,-0.01,1,2980,卖盘
505,13:57:51,29.82,0.02,2,5964,买盘
506,13:58:12,29.82,0.0,1,2982,卖盘
507,14:01:22,29.82,0.0,1,2982,卖盘
508,14:01:24,29.86,0.04,2,5972,买盘
509,14:02:40,29.83,-0.03,1,2983,卖盘
510,14:04:27,29.82,-0.01,1,2982,卖盘
511,14:04:30,29.82,0.0,4,11928,卖盘
512,14:05:28,29.83,0.01,1,2983,卖盘
513,14:06:19,29.83,0.0,1,2983,卖盘
514,14:06:34,29.83,0.0,2,5966,卖盘
515,14:07:54,29.83,0.0,1,2983,卖盘
516,14:08:16,29.83,0.0,7,20881,卖盘
517,14:09:19,29.83,0.0,1,2983,卖盘
518,14:09:45,29.83,0.0,1,2983,卖盘
519,14:10:04,29.83,0.0,1,2983,卖盘
520,14:11:28,29.83,0.0,1,2983,卖盘
521,14:12:13,29.83,0.0,1,2983,卖盘
522,14:13:04,29.83,0.0,1,2983,卖盘
523,14:13:19,29.83,0.0,1,2983,卖盘
524,14:13:52,29.84,0.01,2,5968,买盘
525,14:13:55,29.84,0.0,1,2984,卖盘
526,14:13:58,29.83,-0.01,1,2983,卖盘
527,14:15:31,29.85,0.02,1,2985,买盘
528,14:16:22,29.85,0.0,2,5970,卖盘
529,14:16:58,29.86,0.01,1,2986,买盘
530,14:18:13,29.85,-0.01,9,26865,卖盘
531,14:18:16,29.85,0.0,6,17910,卖盘
532,14:18:22,29.87,0.02,13,38831,卖盘
533,14:18:25,29.87,0.0,1,2987,卖盘
534,14:18:34,29.87,0.0,1,2987,卖盘
535,14:18:40,29.87,0.0,23,68701,卖盘
536,14:18:42,29.87,0.0,7,20909,买盘
537,14:18:45,29.86,-0.01,1,2986,卖盘
538,14:19:22,29.85,-0.01,1,2985,卖盘
539,14:19:42,29.85,0.0,1,2985,卖盘
540,14:20:16,29.85,0.0,5,14925,卖盘
541,14:20:43,29.85,0.0,1,2985,卖盘
542,14:20:52,29.85,0.0,16,47760,卖盘
543,14:21:00,29.85,0.0,1,2985,卖盘
544,14:21:40,29.85,0.0,1,2985,卖盘
545,14:21:57,29.85,0.0,1,2985,卖盘
546,14:22:13,29.86,0.01,1,2986,买盘
547,14:22:42,29.9,0.04,18,53781,买盘
548,14:22:45,29.86,-0.04,5,14931,卖盘
549,14:23:07,29.86,0.0,10,29860,卖盘
550,14:23:13,29.86,0.0,2,5972,卖盘
551,14:24:13,29.89,0.03,2,5978,买盘
552,14:24:18,29.89,0.0,7,20923,卖盘
553,14:25:04,29.89,0.0,7,20923,卖盘
554,14:25:34,29.9,0.01,71,212290,买盘
555,14:25:49,29.91,0.01,4,11964,买盘
556,14:25:55,29.9,-0.01,1,2990,卖盘
557,14:26:40,29.9,0.0,1,2990,卖盘
558,14:27:10,29.91,0.01,3,8973,买盘
559,14:28:18,29.9,-0.01,12,35882,卖盘
560,14:30:51,29.9,0.0,1,2990,卖盘
561,14:31:43,29.9,0.0,6,17940,卖盘
562,14:32:43,29.9,0.0,1,2990,卖盘
563,14:34:22,29.9,0.0,6,17940,卖盘
564,14:34:25,29.9,0.0,13,38870,卖盘
565,14:34:45,29.9,0.0,15,44850,卖盘
566,14:34:55,29.93,0.03,9,26937,买盘
567,14:35:39,29.96,0.03,3,8986,买盘
568,14:35:52,29.94,-0.02,2,5988,买盘
569,14:36:36,29.96,0.02,14,41944,买盘
570,14:36:46,29.96,0.0,6,17976,卖盘
571,14:36:49,30.0,0.04,8,23985,买盘
572,14:37:18,30.0,0.0,14,42020,卖盘
573,14:37:22,30.88,0.88,132,402429,买盘
574,14:37:25,30.97,0.09,1,3097,卖盘
575,14:37:27,30.97,0.0,15,46455,卖盘
576,14:37:31,30.0,-0.97,3,9000,卖盘
577,14:37:43,32.3,2.3,305,971857,买盘
578,14:37:46,32.3,0.0,1,3230,卖盘
579,14:37:52,30.96,-1.34,3,9288,中性盘
580,14:37:55,30.05,-0.91,12,36060,卖盘
581,14:38:07,30.88,0.83,8,24704,买盘
582,14:38:10,30.88,0.0,6,18528,卖盘
583,14:38:15,30.79,-0.09,1,3079,买盘
584,14:38:19,30.87,0.08,9,27767,买盘
585,14:38:31,30.88,0.01,6,18508,买盘
586,14:38:37,30.88,0.0,4,12352,卖盘
587,14:38:40,30.88,0.0,1,3088,卖盘
588,14:38:46,30.88,0.0,15,46293,买盘
589,14:38:49,30.97,0.09,5,15483,买盘
590,14:38:54,30.97,0.0,5,15458,买盘
591,14:39:18,31.4,0.43,30,93898,买盘
592,14:39:22,30.97,-0.43,50,154874,卖盘
593,14:39:30,31.1,0.13,8,24880,卖盘
594,14:39:39,31.1,0.0,9,27990,卖盘
595,14:39:46,31.31,0.21,2,6261,买盘
596,14:39:52,31.11,-0.2,20,62220,卖盘
597,14:39:55,31.11,0.0,3,9333,卖盘
598,14:39:57,31.11,0.0,8,24888,卖盘
599,14:40:04,31.37,0.26,4,12547,买盘
600,14:40:07,31.11,-0.26,30,93330,卖盘
601,14:40:25,31.12,0.01,15,46680,卖盘
602,14:40:28,31.27,0.15,9,28143,买盘
603,14:40:33,31.12,-0.15,2,6224,买盘
604,14:40:37,31.11,-0.01,11,34225,卖盘
605,14:40:40,31.11,0.0,5,15555,卖盘
606,14:40:42,31.11,0.0,10,31110,卖盘
607,14:40:49,31.1,-0.01,83,258180,卖盘
608,14:40:52,31.1,0.0,7,21770,买盘
609,14:40:58,30.97,-0.13,12,37284,卖盘
610,14:41:04,30.88,-0.09,1,3088,卖盘
611,14:41:07,30.44,-0.44,11,33520,卖盘
612,14:41:10,30.97,0.53,2,6194,买盘
613,14:41:19,30.96,-0.01,6,18528,买盘
614,14:41:52,30.96,0.0,5,15480,买盘
615,14:42:01,30.96,0.0,38,117648,卖盘
616,14:42:04,30.97,0.01,1,3097,买盘
617,14:42:07,30.97,0.0,15,46444,买盘
618,14:42:21,31.07,0.1,45,139545,买盘
619,14:42:31,31.07,0.0,1,3107,买盘
620,14:42:37,31.07,0.0,8,24806,买盘
621,14:42:40,31.07,0.0,9,27963,买盘
622,14:42:46,30.72,-0.35,27,83014,卖盘
623,14:42:58,31.0,0.28,1,3100,买盘
624,14:43:31,31.05,0.05,57,176783,买盘
625,14:44:04,31.07,0.02,26,80729,买盘
626,14:44:55,31.0,-0.07,4,12400,买盘
627,14:45:07,31.0,0.0,2,6199,买盘
628,14:45:10,30.89,-0.11,8,24745,卖盘
629,14:45:16,31.0,0.11,1,3100,买盘
630,14:45:22,30.88,-0.12,6,18529,卖盘
631,14:45:25,30.88,0.0,6,18528,卖盘
632,14:45:37,30.86,-0.02,3,9258,卖盘
633,14:45:40,30.88,0.02,14,43232,买盘
634,14:46:10,30.87,-0.01,3,9261,中性盘
635,14:46:22,30.89,0.02,3,9267,卖盘
636,14:46:37,30.89,0.0,1,3089,卖盘
637,14:46:52,30.99,0.1,17,52663,买盘
638,14:46:55,30.99,0.0,1,3099,卖盘
639,14:47:07,30.99,0.0,3,9297,卖盘
640,14:47:10,31.0,0.01,18,55800,买盘
641,14:47:19,30.99,-0.01,1,3099,卖盘
642,14:47:28,31.0,0.01,18,55800,买盘
643,14:47:52,30.88,-0.12,3,9266,卖盘
644,14:48:52,30.88,0.0,17,52496,卖盘
645,14:49:16,30.86,-0.02,3,9260,卖盘
646,14:49:25,30.86,0.0,4,12344,买盘
647,14:50:25,31.0,0.14,18,55780,买盘
648,14:50:40,31.02,0.02,4,12402,买盘
649,14:50:58,31.02,0.0,7,21714,卖盘
650,14:51:13,31.04,0.02,4,12416,买盘
651,14:51:16,31.03,-0.01,4,12412,卖盘
652,14:51:19,31.04,0.01,11,34136,买盘
653,14:51:22,31.04,0.0,2,6208,卖盘
654,14:51:25,31.05,0.01,72,223422,买盘
655,14:51:34,31.05,0.0,4,12420,买盘
656,14:51:46,31.04,-0.01,1,3104,买盘
657,14:52:04,31.03,-0.01,4,12412,卖盘
658,14:52:07,31.03,0.0,10,31030,卖盘
659,14:52:16,31.04,0.01,17,52766,买盘
660,14:52:22,31.04,0.0,8,24832,卖盘
661,14:52:28,31.02,-0.02,32,99264,卖盘
662,14:52:37,31.02,0.0,11,34122,卖盘
663,14:52:40,31.02,0.0,1,3102,卖盘
664,14:52:55,31.02,0.0,3,9306,卖盘
665,14:52:58,31.02,0.0,2,6204,买盘
666,14:53:10,31.02,0.0,11,34122,买盘
667,14:53:19,31.0,-0.02,1,3100,卖盘
668,14:54:31,31.01,0.01,2,6192,买盘
669,14:54:43,30.91,-0.1,1,3091,卖盘
670,14:54:49,30.91,0.0,1,3091,卖盘
671,14:54:55,30.9,-0.01,14,43270,卖盘
672,14:55:10,30.93,0.03,1,3093,买盘
673,14:55:22,30.9,-0.03,7,21630,卖盘
674,14:55:40,30.9,0.0,12,37080,买盘
675,14:55:43,30.89,-0.01,2,6178,卖盘
676,14:55:46,30.9,0.01,4,12360,买盘
677,14:55:58,30.89,-0.01,3,9267,卖盘
678,14:56:01,30.9,0.01,3,9269,买盘
679,14:56:13,30.9,0.0,6,18540,买盘
680,14:56:22,30.9,0.0,9,27810,买盘
681,14:56:31,30.89,-0.01,1,3089,卖盘
682,14:56:34,31.0,0.11,7,21680,买盘
683,14:56:40,31.0,0.0,1,3100,卖盘
684,14:56:43,31.0,0.0,2,6200,卖盘
685,14:56:46,31.0,0.0,2,6200,卖盘
686,14:56:49,31.0,0.0,1,3100,卖盘
687,14:56:52,31.0,0.0,5,15500,卖盘
688,15:00:04,31.0,0.0,409,1267900,卖盘
