,time,price,change,volume,amount,type
0,09:25:04,10.59,0.96,4863,5149917,卖盘
1,09:30:04,10.59,0.0,253,267927,卖盘
2,09:30:07,10.59,0.0,1815,1922085,卖盘
3,09:30:10,10.59,0.0,472,499848,卖盘
4,09:30:13,10.59,0.0,161,170499,卖盘
5,09:30:16,10.59,0.0,469,496671,卖盘
6,09:30:19,10.59,0.0,35,37065,卖盘
7,09:30:22,10.59,0.0,14,14826,卖盘
8,09:30:25,10.59,0.0,40,42360,卖盘
9,09:30:28,10.59,0.0,65,68835,卖盘
10,09:30:31,10.59,0.0,68,72012,卖盘
11,09:30:34,10.59,0.0,37,39183,卖盘
12,09:30:37,10.59,0.0,8,8472,卖盘
13,09:30:40,10.59,0.0,306,324054,卖盘
14,09:30:43,10.59,0.0,50,52950,卖盘
15,09:30:46,10.59,0.0,369,390771,卖盘
16,09:30:49,10.59,0.0,47,49773,卖盘
17,09:30:52,10.59,0.0,20,21180,卖盘
18,09:30:55,10.59,0.0,214,226626,卖盘
19,09:30:58,10.59,0.0,117,123903,卖盘
20,09:31:01,10.59,0.0,89,94251,卖盘
21,09:31:05,10.59,0.0,40,42360,卖盘
22,09:31:07,10.59,0.0,96,101664,卖盘
23,09:31:10,10.59,0.0,31,32829,卖盘
24,09:31:13,10.59,0.0,1,1059,卖盘
25,09:31:16,10.59,0.0,31,32829,卖盘
26,09:31:19,10.59,0.0,14,14826,卖盘
27,09:31:22,10.59,0.0,71,75189,卖盘
28,09:31:25,10.59,0.0,43,45537,卖盘
29,09:31:28,10.59,0.0,91,96369,卖盘
30,09:31:31,10.59,0.0,18,19062,卖盘
31,09:31:34,10.59,0.0,73,77307,卖盘
32,09:31:37,10.59,0.0,59,62481,卖盘
33,09:31:40,10.59,0.0,5,5295,卖盘
34,09:31:43,10.59,0.0,236,249924,卖盘
35,09:31:46,10.59,0.0,35,37065,卖盘
36,09:31:49,10.59,0.0,8,8472,卖盘
37,09:31:52,10.59,0.0,156,165204,卖盘
38,09:31:55,10.59,0.0,314,332526,卖盘
39,09:31:58,10.59,0.0,5,5295,卖盘
40,09:32:01,10.59,0.0,15,15885,卖盘
41,09:32:07,10.59,0.0,9,9531,卖盘
42,09:32:10,10.59,0.0,39,41301,卖盘
43,09:32:13,10.59,0.0,665,704235,卖盘
44,09:32:16,10.59,0.0,2,2118,卖盘
45,09:32:19,10.59,0.0,44,46596,卖盘
46,09:32:22,10.59,0.0,76,80484,卖盘
47,09:32:25,10.59,0.0,8,8472,卖盘
48,09:32:28,10.59,0.0,20,21180,卖盘
49,09:32:31,10.59,0.0,120,127080,卖盘
50,09:32:34,10.59,0.0,62,65658,卖盘
51,09:32:37,10.59,0.0,2,2118,卖盘
52,09:32:40,10.59,0.0,31,32829,卖盘
53,09:32:43,10.59,0.0,6,6354,卖盘
54,09:32:46,10.59,0.0,6,6354,卖盘
55,09:32:49,10.59,0.0,24,25416,卖盘
56,09:32:52,10.59,0.0,11,11649,卖盘
57,09:32:55,10.59,0.0,25,26475,卖盘
58,09:32:58,10.59,0.0,20,21180,卖盘
59,09:33:01,10.59,0.0,60,63540,卖盘
60,09:33:07,10.59,0.0,38,40242,卖盘
61,09:33:10,10.59,0.0,5,5295,卖盘
62,09:33:13,10.59,0.0,12,12708,卖盘
63,09:33:16,10.59,0.0,2,2118,卖盘
64,09:33:22,10.59,0.0,5,5295,卖盘
65,09:33:28,10.59,0.0,4,4236,卖盘
66,09:33:31,10.59,0.0,25,26475,卖盘
67,09:33:34,10.59,0.0,5,5295,卖盘
68,09:33:40,10.59,0.0,25,26475,卖盘
69,09:33:43,10.59,0.0,65,68835,卖盘
70,09:33:49,10.59,0.0,4,4236,卖盘
71,09:33:52,10.59,0.0,20,21180,卖盘
72,09:33:55,10.59,0.0,20,21180,卖盘
73,09:34:01,10.59,0.0,3,3177,卖盘
74,09:34:04,10.59,0.0,216,228744,卖盘
75,09:34:10,10.59,0.0,1,1059,卖盘
76,09:34:19,10.59,0.0,17,18003,卖盘
77,09:34:25,10.59,0.0,20,21180,卖盘
78,09:34:28,10.59,0.0,2,2118,卖盘
79,09:34:31,10.59,0.0,30,31770,卖盘
80,09:34:34,10.59,0.0,22,23298,卖盘
81,09:34:37,10.59,0.0,7,7413,卖盘
82,09:34:40,10.59,0.0,10,10590,卖盘
83,09:34:43,10.59,0.0,8,8472,卖盘
84,09:34:46,10.59,0.0,40,42360,卖盘
85,09:34:49,10.59,0.0,5,5295,卖盘
86,09:34:55,10.59,0.0,11,11649,卖盘
87,09:35:04,10.59,0.0,12,12708,卖盘
88,09:35:10,10.59,0.0,1,1059,卖盘
89,09:35:19,10.59,0.0,30,31770,卖盘
90,09:35:22,10.59,0.0,7,7413,卖盘
91,09:35:25,10.59,0.0,50,52950,卖盘
92,09:35:28,10.59,0.0,6,6354,卖盘
93,09:35:34,10.59,0.0,31,32829,卖盘
94,09:35:37,10.59,0.0,1,1059,卖盘
95,09:35:49,10.59,0.0,4,4236,卖盘
96,09:35:52,10.59,0.0,5,5295,卖盘
97,09:35:58,10.59,0.0,10,10590,卖盘
98,09:36:04,10.59,0.0,10,10590,卖盘
99,09:36:07,10.59,0.0,27,28593,卖盘
100,09:36:22,10.59,0.0,20,21180,卖盘
101,09:36:25,10.59,0.0,28,29652,卖盘
102,09:36:28,10.59,0.0,2,2118,卖盘
103,09:36:37,10.59,0.0,9,9531,卖盘
104,09:36:40,10.59,0.0,253,267927,卖盘
105,09:36:43,10.59,0.0,7,7413,卖盘
106,09:36:46,10.59,0.0,11,11649,卖盘
107,09:36:49,10.59,0.0,5,5295,卖盘
108,09:36:52,10.59,0.0,10,10590,卖盘
109,09:37:01,10.59,0.0,20,21180,卖盘
110,09:37:04,10.59,0.0,10,10590,卖盘
111,09:37:07,10.59,0.0,7,7413,卖盘
112,09:37:13,10.59,0.0,13,13767,卖盘
113,09:37:31,10.59,0.0,16,16944,卖盘
114,09:37:34,10.59,0.0,2,2118,卖盘
115,09:37:43,10.59,0.0,21,22239,卖盘
116,09:37:49,10.59,0.0,1,1059,卖盘
117,09:37:52,10.59,0.0,14,14826,卖盘
118,09:37:55,10.59,0.0,86,91074,卖盘
119,09:37:58,10.59,0.0,2,2118,卖盘
120,09:38:01,10.59,0.0,30,31770,卖盘
121,09:38:07,10.59,0.0,16,16944,卖盘
122,09:38:13,10.59,0.0,12,12708,卖盘
123,09:38:16,10.59,0.0,5,5295,卖盘
124,09:38:25,10.59,0.0,6,6354,卖盘
125,09:38:28,10.59,0.0,2,2118,卖盘
126,09:38:31,10.59,0.0,1,1059,卖盘
127,09:38:43,10.59,0.0,13,13767,卖盘
128,09:38:46,10.59,0.0,13,13767,卖盘
129,09:38:55,10.59,0.0,406,429954,卖盘
130,09:39:04,10.59,0.0,4,4236,卖盘
131,09:39:13,10.59,0.0,15,15885,卖盘
132,09:39:16,10.59,0.0,1,1059,卖盘
133,09:39:22,10.59,0.0,2,2118,卖盘
134,09:39:25,10.59,0.0,50,52950,卖盘
135,09:39:31,10.59,0.0,39,41301,卖盘
136,09:39:34,10.59,0.0,5,5295,卖盘
137,09:39:40,10.59,0.0,78,82602,卖盘
138,09:39:49,10.59,0.0,40,42360,卖盘
139,09:39:52,10.59,0.0,2,2118,卖盘
140,09:39:55,10.59,0.0,1,1059,卖盘
141,09:39:58,10.59,0.0,2,2118,卖盘
142,09:40:04,10.59,0.0,100,105900,卖盘
143,09:40:10,10.59,0.0,13,13767,卖盘
144,09:40:13,10.59,0.0,30,31770,卖盘
145,09:40:16,10.59,0.0,5,5295,卖盘
146,09:40:31,10.59,0.0,2,2118,卖盘
147,09:40:34,10.59,0.0,41,43419,卖盘
148,09:40:40,10.59,0.0,25,26475,卖盘
149,09:40:52,10.59,0.0,19,20121,卖盘
150,09:41:07,10.59,0.0,1,1059,卖盘
151,09:41:13,10.59,0.0,77,81543,卖盘
152,09:41:19,10.59,0.0,10,10590,卖盘
153,09:41:25,10.59,0.0,1,1059,卖盘
154,09:41:37,10.59,0.0,1,1059,卖盘
155,09:41:40,10.59,0.0,1,1059,卖盘
156,09:41:43,10.59,0.0,1,1059,卖盘
157,09:41:52,10.59,0.0,10,10590,卖盘
158,09:42:10,10.59,0.0,1,1059,卖盘
159,09:42:19,10.59,0.0,25,26475,卖盘
160,09:42:40,10.59,0.0,75,79425,卖盘
161,09:42:43,10.59,0.0,4,4236,卖盘
162,09:42:46,10.59,0.0,4,4236,卖盘
163,09:42:49,10.59,0.0,6,6354,卖盘
164,09:42:58,10.59,0.0,5,5295,卖盘
165,09:43:01,10.59,0.0,7,7413,卖盘
166,09:43:07,10.59,0.0,11,11649,卖盘
167,09:43:22,10.59,0.0,3,3177,卖盘
168,09:43:25,10.59,0.0,5,5295,卖盘
169,09:43:34,10.59,0.0,1,1059,卖盘
170,09:43:55,10.59,0.0,31,32829,卖盘
171,09:44:01,10.59,0.0,5,5295,卖盘
172,09:44:07,10.59,0.0,2,2118,卖盘
173,09:44:10,10.59,0.0,1,1059,卖盘
174,09:44:13,10.59,0.0,20,21180,卖盘
175,09:44:19,10.59,0.0,5,5295,卖盘
176,09:44:22,10.59,0.0,1,1059,卖盘
177,09:44:34,10.59,0.0,1,1059,卖盘
178,09:44:46,10.59,0.0,6,6354,卖盘
179,09:44:55,10.59,0.0,3,3177,卖盘
180,09:44:58,10.59,0.0,19,20121,卖盘
181,09:45:01,10.59,0.0,31,32829,卖盘
182,09:45:10,10.59,0.0,5,5295,卖盘
183,09:45:16,10.59,0.0,1,1059,卖盘
184,09:45:28,10.59,0.0,10,10590,卖盘
185,09:45:37,10.59,0.0,1,1059,卖盘
186,09:45:46,10.59,0.0,1,1059,卖盘
187,09:45:52,10.59,0.0,1,1059,卖盘
188,09:45:55,10.59,0.0,10,10590,卖盘
189,09:46:31,10.59,0.0,1,1059,卖盘
190,09:46:37,10.59,0.0,6,6354,卖盘
191,09:46:40,10.59,0.0,11,11649,卖盘
192,09:47:04,10.59,0.0,1,1059,卖盘
193,09:47:10,10.59,0.0,5,5295,卖盘
194,09:47:16,10.59,0.0,1,1059,卖盘
195,09:47:28,10.59,0.0,6,6354,卖盘
196,09:47:52,10.59,0.0,30,31770,卖盘
197,09:47:58,10.59,0.0,4,4236,卖盘
198,09:48:01,10.59,0.0,3,3177,卖盘
199,09:48:07,10.59,0.0,1,1059,卖盘
200,09:48:10,10.59,0.0,1,1059,卖盘
201,09:48:19,10.59,0.0,2,2118,卖盘
202,09:48:25,10.59,0.0,55,58245,卖盘
203,09:48:40,10.59,0.0,1,1059,卖盘
204,09:48:46,10.59,0.0,20,21180,卖盘
205,09:48:49,10.59,0.0,1,1059,卖盘
206,09:48:55,10.59,0.0,3,3177,卖盘
207,09:49:13,10.59,0.0,2,2118,卖盘
208,09:49:19,10.59,0.0,2,2118,卖盘
209,09:49:31,10.59,0.0,1,1059,卖盘
210,09:49:37,10.59,0.0,1,1059,卖盘
211,09:50:01,10.59,0.0,2,2118,卖盘
212,09:50:04,10.59,0.0,10,10590,卖盘
213,09:50:19,10.59,0.0,1,1059,卖盘
214,09:50:25,10.59,0.0,40,42360,卖盘
215,09:50:37,10.59,0.0,43,45537,卖盘
216,09:50:43,10.59,0.0,5,5295,卖盘
217,09:50:52,10.59,0.0,15,15885,卖盘
218,09:51:10,10.59,0.0,1,1059,卖盘
219,09:51:31,10.59,0.0,5,5295,卖盘
220,09:51:40,10.59,0.0,2,2118,卖盘
221,09:52:01,10.59,0.0,1,1059,卖盘
222,09:52:43,10.59,0.0,1,1059,卖盘
223,09:52:49,10.59,0.0,30,31770,卖盘
224,09:52:52,10.59,0.0,50,52950,卖盘
225,09:53:07,10.59,0.0,10,10590,卖盘
226,09:53:10,10.59,0.0,1,1059,卖盘
227,09:53:16,10.59,0.0,1,1059,卖盘
228,09:53:25,10.59,0.0,2,2118,卖盘
229,09:53:34,10.59,0.0,16,16944,卖盘
230,09:53:37,10.59,0.0,10,10590,卖盘
231,09:53:43,10.59,0.0,2,2118,卖盘
232,09:53:52,10.59,0.0,20,21180,卖盘
233,09:54:16,10.59,0.0,23,24357,卖盘
234,09:54:25,10.59,0.0,1,1059,卖盘
235,09:54:40,10.59,0.0,17,18003,卖盘
236,09:54:43,10.59,0.0,10,10590,卖盘
237,09:54:49,10.59,0.0,5,5295,卖盘
238,09:55:01,10.59,0.0,2,2118,卖盘
239,09:55:10,10.59,0.0,1,1059,卖盘
240,09:55:13,10.59,0.0,10,10590,卖盘
241,09:55:22,10.59,0.0,19,20121,卖盘
242,09:55:37,10.59,0.0,4,4236,卖盘
243,09:55:43,10.59,0.0,6,6354,卖盘
244,09:55:52,10.59,0.0,2,2118,卖盘
245,09:56:01,10.59,0.0,10,10590,卖盘
246,09:56:04,10.59,0.0,1,1059,卖盘
247,09:56:10,10.59,0.0,2,2118,卖盘
248,09:56:28,10.59,0.0,10,10590,卖盘
249,09:56:34,10.59,0.0,1,1059,卖盘
250,09:56:37,10.59,0.0,1,1059,卖盘
251,09:56:58,10.59,0.0,1,1059,卖盘
252,09:57:07,10.59,0.0,108,114372,卖盘
253,09:57:22,10.59,0.0,1,1059,卖盘
254,09:57:40,10.59,0.0,1,1059,卖盘
255,09:57:46,10.59,0.0,1,1059,卖盘
256,09:57:52,10.59,0.0,5,5295,卖盘
257,09:58:01,10.59,0.0,5,5295,卖盘
258,09:58:07,10.59,0.0,99,104841,卖盘
259,09:58:13,10.59,0.0,8,8472,卖盘
260,09:58:16,10.59,0.0,20,21180,卖盘
261,09:58:19,10.59,0.0,84,88956,卖盘
262,09:58:22,10.59,0.0,3,3177,卖盘
263,09:58:31,10.59,0.0,4,4236,卖盘
264,09:58:34,10.59,0.0,15,15885,卖盘
265,09:58:37,10.59,0.0,7,7413,卖盘
266,09:58:40,10.59,0.0,1,1059,卖盘
267,09:58:43,10.59,0.0,80,84720,卖盘
268,09:58:55,10.59,0.0,20,21180,卖盘
269,09:59:06,10.59,0.0,15,15885,卖盘
270,09:59:10,10.59,0.0,40,42360,卖盘
271,09:59:25,10.59,0.0,2,2118,卖盘
272,09:59:28,10.59,0.0,1,1059,卖盘
273,09:59:31,10.59,0.0,5,5295,卖盘
274,09:59:40,10.59,0.0,101,106959,卖盘
275,09:59:43,10.59,0.0,2,2118,卖盘
276,09:59:55,10.59,0.0,212,224508,卖盘
277,10:00:01,10.59,0.0,18,19062,卖盘
278,10:00:13,10.59,0.0,24,25416,卖盘
279,10:00:22,10.59,0.0,10,10590,卖盘
280,10:00:25,10.59,0.0,2,2118,卖盘
281,10:00:40,10.59,0.0,1,1059,卖盘
282,10:00:46,10.59,0.0,50,52950,卖盘
283,10:00:58,10.59,0.0,5,5295,卖盘
284,10:01:07,10.59,0.0,7,7413,卖盘
285,10:01:13,10.59,0.0,1,1059,卖盘
286,10:01:16,10.59,0.0,1,1059,卖盘
287,10:02:05,10.59,0.0,10,10590,卖盘
288,10:02:10,10.59,0.0,6,6354,卖盘
289,10:02:13,10.59,0.0,1,1059,卖盘
290,10:02:16,10.59,0.0,1,1059,卖盘
291,10:02:19,10.59,0.0,3,3177,卖盘
292,10:02:28,10.59,0.0,19,20121,卖盘
293,10:02:43,10.59,0.0,40,42360,卖盘
294,10:03:01,10.59,0.0,5,5295,卖盘
295,10:03:04,10.59,0.0,1,1059,卖盘
296,10:03:16,10.59,0.0,1,1059,卖盘
297,10:03:19,10.59,0.0,28,29652,卖盘
298,10:03:34,10.59,0.0,6,6354,卖盘
299,10:03:37,10.59,0.0,5,5295,卖盘
300,10:03:55,10.59,0.0,1,1059,卖盘
301,10:04:01,10.59,0.0,1,1059,卖盘
302,10:04:07,10.59,0.0,38,40242,卖盘
303,10:04:34,10.59,0.0,10,10590,卖盘
304,10:04:40,10.59,0.0,2,2118,卖盘
305,10:04:55,10.59,0.0,1,1059,卖盘
306,10:04:58,10.59,0.0,2,2118,卖盘
307,10:05:07,10.59,0.0,2,2118,卖盘
308,10:05:13,10.59,0.0,104,110136,卖盘
309,10:05:34,10.59,0.0,7,7413,卖盘
310,10:05:49,10.59,0.0,10,10590,卖盘
311,10:05:58,10.59,0.0,5,5295,卖盘
312,10:06:01,10.59,0.0,5,5295,卖盘
313,10:06:10,10.59,0.0,10,10590,卖盘
314,10:06:13,10.59,0.0,45,47655,卖盘
315,10:06:40,10.59,0.0,1,1059,卖盘
316,10:06:58,10.59,0.0,1,1059,卖盘
317,10:07:01,10.59,0.0,5,5295,卖盘
318,10:07:31,10.59,0.0,2,2118,卖盘
319,10:07:43,10.59,0.0,2,2118,卖盘
320,10:08:01,10.59,0.0,2,2118,卖盘
321,10:08:13,10.59,0.0,5,5295,卖盘
322,10:08:19,10.59,0.0,12,12708,卖盘
323,10:08:22,10.59,0.0,20,21180,卖盘
324,10:08:25,10.59,0.0,50,52950,卖盘
325,10:08:55,10.59,0.0,6,6354,卖盘
326,10:09:04,10.59,0.0,1,1059,卖盘
327,10:09:07,10.59,0.0,20,21180,卖盘
328,10:09:37,10.59,0.0,5,5295,卖盘
329,10:09:40,10.59,0.0,40,42360,卖盘
330,10:09:43,10.59,0.0,1,1059,卖盘
331,10:09:52,10.59,0.0,1,1059,卖盘
332,10:10:19,10.59,0.0,13,13767,卖盘
333,10:10:22,10.59,0.0,8,8472,卖盘
334,10:10:25,10.59,0.0,1,1059,卖盘
335,10:10:31,10.59,0.0,3,3177,卖盘
336,10:10:37,10.59,0.0,20,21180,卖盘
337,10:10:40,10.59,0.0,6,6354,卖盘
338,10:10:46,10.59,0.0,3,3177,卖盘
339,10:10:49,10.59,0.0,1,1059,卖盘
340,10:10:52,10.59,0.0,18,19062,卖盘
341,10:10:55,10.59,0.0,10,10590,卖盘
342,10:11:07,10.59,0.0,1,1059,卖盘
343,10:11:10,10.59,0.0,1,1059,卖盘
344,10:11:16,10.59,0.0,7,7413,卖盘
345,10:11:31,10.59,0.0,5,5295,卖盘
346,10:11:34,10.59,0.0,230,243570,卖盘
347,10:11:43,10.59,0.0,1,1059,卖盘
348,10:12:04,10.59,0.0,16,16944,卖盘
349,10:12:13,10.59,0.0,8,8472,卖盘
350,10:12:40,10.59,0.0,2,2118,卖盘
351,10:12:43,10.59,0.0,16,16944,卖盘
352,10:13:01,10.59,0.0,3,3177,卖盘
353,10:13:43,10.59,0.0,2,2118,卖盘
354,10:13:52,10.59,0.0,1,1059,卖盘
355,10:14:19,10.59,0.0,10,10590,卖盘
356,10:14:52,10.59,0.0,3,3177,卖盘
357,10:14:55,10.59,0.0,1,1059,卖盘
358,10:15:04,10.59,0.0,10,10590,卖盘
359,10:15:49,10.59,0.0,1,1059,卖盘
360,10:16:25,10.59,0.0,2,2118,卖盘
361,10:16:31,10.59,0.0,2,2118,卖盘
362,10:16:34,10.59,0.0,2,2118,卖盘
363,10:16:52,10.59,0.0,1,1059,卖盘
364,10:17:31,10.59,0.0,5,5295,卖盘
365,10:17:55,10.59,0.0,1,1059,卖盘
366,10:18:46,10.59,0.0,5,5295,卖盘
367,10:19:07,10.59,0.0,1,1059,卖盘
368,10:19:22,10.59,0.0,61,64599,卖盘
369,10:19:25,10.59,0.0,1,1059,卖盘
370,10:20:07,10.59,0.0,1,1059,卖盘
371,10:20:10,10.59,0.0,1,1059,卖盘
372,10:20:31,10.59,0.0,1,1059,卖盘
373,10:20:40,10.59,0.0,5,5295,卖盘
374,10:21:10,10.59,0.0,1,1059,卖盘
375,10:21:16,10.59,0.0,2,2118,卖盘
376,10:21:22,10.59,0.0,13,13767,卖盘
377,10:21:25,10.59,0.0,16,16944,卖盘
378,10:22:10,10.59,0.0,13,13767,卖盘
379,10:22:16,10.59,0.0,234,247806,卖盘
380,10:22:19,10.59,0.0,1,1059,卖盘
381,10:22:22,10.59,0.0,9,9531,卖盘
382,10:22:40,10.59,0.0,12,12708,卖盘
383,10:22:43,10.59,0.0,5,5295,卖盘
384,10:23:07,10.59,0.0,1,1059,卖盘
385,10:23:13,10.59,0.0,4,4236,卖盘
386,10:23:25,10.59,0.0,1,1059,卖盘
387,10:23:31,10.59,0.0,4,4236,卖盘
388,10:23:49,10.59,0.0,20,21180,卖盘
389,10:24:07,10.59,0.0,25,26475,卖盘
390,10:24:19,10.59,0.0,10,10590,卖盘
391,10:24:28,10.59,0.0,25,26475,卖盘
392,10:24:40,10.59,0.0,12,12708,卖盘
393,10:25:07,10.59,0.0,1,1059,卖盘
394,10:25:16,10.59,0.0,20,21180,卖盘
395,10:25:34,10.59,0.0,4,4236,卖盘
396,10:25:43,10.59,0.0,1,1059,卖盘
397,10:25:52,10.59,0.0,20,21180,卖盘
398,10:26:31,10.59,0.0,100,105900,卖盘
399,10:26:34,10.59,0.0,20,21180,卖盘
400,10:26:49,10.59,0.0,1,1059,卖盘
401,10:27:13,10.59,0.0,100,105900,卖盘
402,10:28:01,10.59,0.0,8,8472,卖盘
403,10:28:07,10.59,0.0,20,21180,卖盘
404,10:28:22,10.59,0.0,10,10590,卖盘
405,10:29:04,10.59,0.0,4,4236,卖盘
406,10:29:16,10.59,0.0,1,1059,卖盘
407,10:29:46,10.59,0.0,1,1059,卖盘
408,10:30:19,10.59,0.0,1,1059,卖盘
409,10:30:52,10.59,0.0,3,3177,卖盘
410,10:31:19,10.59,0.0,3,3177,卖盘
411,10:31:34,10.59,0.0,1,1059,卖盘
412,10:31:46,10.59,0.0,10,10590,卖盘
413,10:32:07,10.59,0.0,1,1059,卖盘
414,10:32:10,10.59,0.0,30,31770,卖盘
415,10:32:13,10.59,0.0,16,16944,卖盘
416,10:32:46,10.59,0.0,1,1059,卖盘
417,10:33:13,10.59,0.0,6,6354,卖盘
418,10:33:16,10.59,0.0,11,11649,卖盘
419,10:33:40,10.59,0.0,43,45537,卖盘
420,10:33:43,10.59,0.0,2,2118,卖盘
421,10:33:49,10.59,0.0,1,1059,卖盘
422,10:35:00,10.59,0.0,12,12708,卖盘
423,10:35:07,10.59,0.0,5,5295,卖盘
424,10:35:13,10.59,0.0,1,1059,卖盘
425,10:35:22,10.59,0.0,13,13767,卖盘
426,10:35:34,10.59,0.0,9,9531,卖盘
427,10:35:37,10.59,0.0,2,2118,卖盘
428,10:36:16,10.59,0.0,1,1059,卖盘
429,10:36:19,10.59,0.0,75,79425,卖盘
430,10:36:25,10.59,0.0,2,2118,卖盘
431,10:36:28,10.59,0.0,10,10590,卖盘
432,10:36:34,10.59,0.0,1,1059,卖盘
433,10:37:25,10.59,0.0,13,13767,卖盘
434,10:37:28,10.59,0.0,1,1059,卖盘
435,10:37:52,10.59,0.0,30,31770,卖盘
436,10:38:13,10.59,0.0,1,1059,卖盘
437,10:38:16,10.59,0.0,2,2118,卖盘
438,10:38:49,10.59,0.0,1,1059,卖盘
439,10:39:25,10.59,0.0,2,2118,卖盘
440,10:39:52,10.59,0.0,18,19062,卖盘
441,10:40:01,10.59,0.0,1,1059,卖盘
442,10:41:28,10.59,0.0,1,1059,卖盘
443,10:42:16,10.59,0.0,1,1059,卖盘
444,10:42:37,10.59,0.0,1,1059,卖盘
445,10:43:01,10.59,0.0,2,2118,卖盘
446,10:43:37,10.59,0.0,3,3177,卖盘
447,10:43:55,10.59,0.0,1,1059,卖盘
448,10:44:05,10.59,0.0,26,27534,卖盘
449,10:44:31,10.59,0.0,60,63540,卖盘
450,10:45:07,10.59,0.0,2,2118,卖盘
451,10:45:16,10.59,0.0,1,1059,卖盘
452,10:46:43,10.59,0.0,1,1059,卖盘
453,10:47:13,10.59,0.0,10,10590,卖盘
454,10:47:34,10.59,0.0,5,5295,卖盘
455,10:47:52,10.59,0.0,5,5295,卖盘
456,10:47:55,10.59,0.0,1,1059,卖盘
457,10:47:58,10.59,0.0,1,1059,卖盘
458,10:49:13,10.59,0.0,1,1059,卖盘
459,10:49:40,10.59,0.0,1,1059,卖盘
460,10:50:01,10.59,0.0,2,2118,卖盘
461,10:50:43,10.59,0.0,1,1059,卖盘
462,10:50:49,10.59,0.0,2,2118,卖盘
463,10:51:58,10.59,0.0,1,1059,卖盘
464,10:52:36,10.59,0.0,1,1059,卖盘
465,10:52:52,10.59,0.0,20,21180,卖盘
466,10:53:28,10.59,0.0,1,1059,卖盘
467,10:53:40,10.59,0.0,1,1059,卖盘
468,10:54:37,10.59,0.0,1,1059,卖盘
469,10:55:16,10.59,0.0,4,4236,卖盘
470,10:56:09,10.59,0.0,1,1059,卖盘
471,10:56:16,10.59,0.0,1,1059,卖盘
472,10:56:31,10.59,0.0,2,2118,卖盘
473,10:57:25,10.59,0.0,1,1059,卖盘
474,10:58:31,10.59,0.0,4,4236,卖盘
475,10:59:01,10.59,0.0,1,1059,卖盘
476,10:59:25,10.59,0.0,1,1059,卖盘
477,11:00:13,10.59,0.0,1,1059,卖盘
478,11:01:25,10.59,0.0,5,5295,卖盘
479,11:01:37,10.59,0.0,5,5295,卖盘
480,11:01:43,10.59,0.0,1,1059,卖盘
481,11:02:16,10.59,0.0,2,2118,卖盘
482,11:02:28,10.59,0.0,10,10590,卖盘
483,11:02:55,10.59,0.0,1,1059,卖盘
484,11:03:09,10.59,0.0,1,1059,卖盘
485,11:03:25,10.59,0.0,17,18003,卖盘
486,11:04:34,10.59,0.0,1,1059,卖盘
487,11:04:52,10.59,0.0,10,10590,卖盘
488,11:05:07,10.59,0.0,1,1059,卖盘
489,11:05:48,10.59,0.0,1,1059,卖盘
490,11:06:00,10.59,0.0,1,1059,卖盘
491,11:07:07,10.59,0.0,1,1059,卖盘
492,11:07:33,10.59,0.0,1,1059,卖盘
493,11:07:57,10.59,0.0,2,2118,卖盘
494,11:09:04,10.59,0.0,1,1059,卖盘
495,11:09:30,10.59,0.0,2,2118,卖盘
496,11:10:46,10.59,0.0,1,1059,卖盘
497,11:10:49,10.59,0.0,1,1059,卖盘
498,11:11:04,10.59,0.0,60,63540,卖盘
499,11:12:07,10.59,0.0,1,1059,卖盘
500,11:13:07,10.59,0.0,1,1059,卖盘
501,11:13:10,10.59,0.0,3,3177,卖盘
502,11:13:40,10.59,0.0,2,2118,卖盘
503,11:13:43,10.59,0.0,1,1059,卖盘
504,11:14:01,10.59,0.0,10,10590,卖盘
505,11:15:22,10.59,0.0,1,1059,卖盘
506,11:15:55,10.59,0.0,5,5295,卖盘
507,11:16:10,10.59,0.0,1,1059,卖盘
508,11:16:16,10.59,0.0,10,10590,卖盘
509,11:16:22,10.59,0.0,5,5295,卖盘
510,11:16:31,10.59,0.0,1,1059,卖盘
511,11:16:58,10.59,0.0,1,1059,卖盘
512,11:17:22,10.59,0.0,50,52950,卖盘
513,11:18:34,10.59,0.0,1,1059,卖盘
514,11:19:21,10.59,0.0,2,2118,卖盘
515,11:19:28,10.59,0.0,10,10590,卖盘
516,11:20:10,10.59,0.0,1,1059,卖盘
517,11:20:12,10.59,0.0,67,70953,卖盘
518,11:20:52,10.59,0.0,3,3177,卖盘
519,11:21:33,10.59,0.0,1,1059,卖盘
520,11:22:01,10.59,0.0,1,1059,卖盘
521,11:22:13,10.59,0.0,2,2118,卖盘
522,11:22:37,10.59,0.0,1,1059,卖盘
523,11:22:49,10.59,0.0,1,1059,卖盘
524,11:23:19,10.59,0.0,1,1059,卖盘
525,11:23:28,10.59,0.0,2,2118,卖盘
526,11:24:55,10.59,0.0,1,1059,卖盘
527,11:26:40,10.59,0.0,1,1059,卖盘
528,11:28:00,10.59,0.0,11,11649,卖盘
529,11:29:24,10.59,0.0,1,1059,卖盘
530,13:00:05,10.59,0.0,2,2118,卖盘
531,13:00:07,10.59,0.0,32,33888,卖盘
532,13:00:10,10.59,0.0,1,1059,卖盘
533,13:00:13,10.59,0.0,1,1059,卖盘
534,13:00:28,10.59,0.0,13,13767,卖盘
535,13:02:00,10.59,0.0,5,5295,卖盘
536,13:04:37,10.59,0.0,5,5295,卖盘
537,13:06:07,10.59,0.0,1,1059,卖盘
538,13:06:48,10.59,0.0,5,5295,卖盘
539,13:06:57,10.59,0.0,1,1059,卖盘
540,13:07:07,10.59,0.0,16,16944,卖盘
541,13:08:01,10.59,0.0,3,3177,卖盘
542,13:11:07,10.59,0.0,100,105900,卖盘
543,13:11:27,10.59,0.0,2,2118,卖盘
544,13:11:58,10.59,0.0,100,105900,卖盘
545,13:12:10,10.59,0.0,3,3177,卖盘
546,13:12:25,10.59,0.0,50,52950,卖盘
547,13:13:04,10.59,0.0,30,31770,卖盘
548,13:13:16,10.59,0.0,5,5295,卖盘
549,13:13:52,10.59,0.0,1,1059,卖盘
550,13:14:33,10.59,0.0,2,2118,卖盘
551,13:14:45,10.59,0.0,3,3177,卖盘
552,13:15:51,10.59,0.0,5,5295,卖盘
553,13:17:36,10.59,0.0,2,2118,卖盘
554,13:18:30,10.59,0.0,13,13767,卖盘
555,13:19:01,10.59,0.0,4,4236,卖盘
556,13:19:36,10.59,0.0,1,1059,卖盘
557,13:20:42,10.59,0.0,2,2118,卖盘
558,13:20:52,10.59,0.0,17,18003,卖盘
559,13:21:34,10.59,0.0,10,10590,卖盘
560,13:23:40,10.59,0.0,5,5295,卖盘
561,13:26:01,10.59,0.0,10,10590,卖盘
562,13:27:13,10.59,0.0,7,7413,卖盘
563,13:27:37,10.59,0.0,1,1059,卖盘
564,13:28:37,10.59,0.0,1,1059,卖盘
565,13:31:33,10.59,0.0,1,1059,卖盘
566,13:31:48,10.59,0.0,8,8472,卖盘
567,13:34:28,10.59,0.0,1,1059,卖盘
568,13:35:49,10.59,0.0,5,5295,卖盘
569,13:36:34,10.59,0.0,8,8472,卖盘
570,13:36:36,10.59,0.0,7,7413,卖盘
571,13:36:52,10.59,0.0,4,4236,卖盘
572,13:37:27,10.59,0.0,5,5295,卖盘
573,13:38:07,10.59,0.0,1,1059,卖盘
574,13:38:28,10.59,0.0,5,5295,卖盘
575,13:38:31,10.59,0.0,13,13767,卖盘
576,13:39:01,10.59,0.0,3,3177,卖盘
577,13:39:07,10.59,0.0,10,10590,卖盘
578,13:39:19,10.59,0.0,10,10590,卖盘
579,13:40:04,10.59,0.0,9,9531,卖盘
580,13:40:16,10.59,0.0,10,10590,卖盘
581,13:41:07,10.59,0.0,1,1059,卖盘
582,13:41:19,10.59,0.0,20,21180,卖盘
583,13:41:22,10.59,0.0,2,2118,卖盘
584,13:41:36,10.59,0.0,10,10590,卖盘
585,13:41:58,10.59,0.0,8,8472,卖盘
586,13:42:10,10.59,0.0,11,11649,卖盘
587,13:45:28,10.59,0.0,10,10590,卖盘
588,13:45:31,10.59,0.0,4,4236,卖盘
589,13:46:10,10.59,0.0,5,5295,卖盘
590,13:47:31,10.59,0.0,14,14826,卖盘
591,13:47:37,10.59,0.0,30,31770,卖盘
592,13:48:07,10.59,0.0,15,15885,卖盘
593,13:48:13,10.59,0.0,1,1059,卖盘
594,13:51:46,10.59,0.0,6,6354,卖盘
595,13:51:54,10.59,0.0,1,1059,卖盘
596,13:55:07,10.59,0.0,1,1059,卖盘
597,13:55:21,10.59,0.0,3,3177,卖盘
598,13:56:07,10.59,0.0,1,1059,卖盘
599,13:56:46,10.59,0.0,24,25416,卖盘
600,13:58:54,10.59,0.0,2,2118,卖盘
601,14:01:58,10.59,0.0,2,2118,卖盘
602,14:02:40,10.59,0.0,21,22239,卖盘
603,14:07:37,10.59,0.0,1,1059,卖盘
604,14:08:52,10.59,0.0,1,1059,卖盘
605,14:09:01,10.59,0.0,10,10590,卖盘
606,14:12:46,10.59,0.0,2,2118,卖盘
607,14:13:40,10.59,0.0,3,3177,卖盘
608,14:15:43,10.59,0.0,1,1059,卖盘
609,14:15:49,10.59,0.0,1,1059,卖盘
610,14:16:10,10.59,0.0,2,2118,卖盘
611,14:16:16,10.59,0.0,16,16944,卖盘
612,14:16:22,10.59,0.0,13,13767,卖盘
613,14:16:43,10.59,0.0,20,21180,卖盘
614,14:16:46,10.59,0.0,3,3177,卖盘
615,14:16:52,10.59,0.0,10,10590,卖盘
616,14:17:40,10.59,0.0,40,42360,卖盘
617,14:18:37,10.59,0.0,1,1059,卖盘
618,14:18:55,10.59,0.0,5,5295,卖盘
619,14:19:10,10.59,0.0,7,7413,卖盘
620,14:20:07,10.59,0.0,10,10590,卖盘
621,14:20:37,10.59,0.0,1,1059,卖盘
622,14:20:46,10.59,0.0,5,5295,卖盘
623,14:22:37,10.59,0.0,3,3177,卖盘
624,14:23:43,10.59,0.0,5,5295,卖盘
625,14:24:28,10.59,0.0,6,6354,卖盘
626,14:25:10,10.59,0.0,2,2118,卖盘
627,14:25:57,10.59,0.0,3,3177,卖盘
628,14:29:28,10.59,0.0,1,1059,卖盘
629,14:35:13,10.59,0.0,5,5295,卖盘
630,14:36:01,10.59,0.0,5,5295,卖盘
631,14:36:22,10.59,0.0,1,1059,卖盘
632,14:38:07,10.59,0.0,1,1059,卖盘
633,14:39:52,10.59,0.0,2,2118,卖盘
634,14:43:13,10.59,0.0,2,2118,卖盘
635,14:44:01,10.59,0.0,5,5295,卖盘
636,14:47:49,10.59,0.0,5,5295,卖盘
637,14:48:37,10.59,0.0,1,1059,卖盘
638,14:50:19,10.59,0.0,14,14826,卖盘
639,14:50:34,10.59,0.0,30,31770,卖盘
640,14:50:43,10.59,0.0,14,14826,卖盘
641,14:50:52,10.59,0.0,5,5295,卖盘
642,14:51:31,10.59,0.0,4,4236,卖盘
643,14:51:34,10.59,0.0,3,3177,卖盘
644,14:51:43,10.59,0.0,20,21180,卖盘
645,14:52:37,10.59,0.0,5,5295,卖盘
646,14:52:58,10.59,0.0,20,21180,卖盘
647,14:53:01,10.59,0.0,2,2118,卖盘
648,14:53:28,10.59,0.0,5,5295,卖盘
649,14:54:43,10.59,0.0,1,1059,卖盘
650,14:55:43,10.59,0.0,10,10590,卖盘
651,14:56:04,10.59,0.0,4,4236,卖盘
652,14:56:19,10.59,0.0,10,10590,卖盘
653,14:57:04,10.59,0.0,10,10590,卖盘
654,15:00:05,10.59,0.0,11,11649,卖盘
