,time,price,change,volume,amount,type
0,09:25:04,1.64,0.0,790,129560,卖盘
1,09:30:05,1.64,0.0,60,9840,卖盘
2,09:30:07,1.64,0.0,177,29053,卖盘
3,09:30:10,1.64,0.0,169,27716,卖盘
4,09:30:13,1.64,0.0,128,20992,卖盘
5,09:30:25,1.65,0.01,273,45045,买盘
6,09:30:31,1.64,-0.01,61,10004,卖盘
7,09:31:10,1.64,0.0,20,3280,卖盘
8,09:31:25,1.64,0.0,67,10988,卖盘
9,09:31:52,1.64,0.0,18,2952,卖盘
10,09:31:58,1.64,0.0,22,3608,卖盘
11,09:32:25,1.65,0.01,12,1980,买盘
12,09:32:34,1.65,0.0,30,4950,买盘
13,09:32:37,1.65,0.0,115,18975,买盘
14,09:32:49,1.64,-0.01,8,1319,卖盘
15,09:33:01,1.65,0.01,651,107335,买盘
16,09:33:19,1.65,0.0,54,8906,买盘
17,09:33:22,1.65,0.0,8,1320,买盘
18,09:33:25,1.65,0.0,223,36795,买盘
19,09:33:28,1.65,0.0,10,1650,买盘
20,09:33:40,1.65,0.0,100,16500,买盘
21,09:33:46,1.64,-0.01,9,1476,卖盘
22,09:33:49,1.65,0.01,174,28706,买盘
23,09:33:52,1.64,-0.01,84,13776,卖盘
24,09:33:55,1.64,0.0,35,5760,卖盘
25,09:33:58,1.65,0.01,100,16500,买盘
26,09:34:10,1.65,0.0,341,56265,买盘
27,09:34:13,1.65,0.0,181,29865,买盘
28,09:34:19,1.65,0.0,5,821,买盘
29,09:34:37,1.65,0.0,40,6600,买盘
30,09:34:46,1.65,0.0,200,33000,买盘
31,09:34:49,1.64,-0.01,4,656,卖盘
32,09:34:55,1.65,0.01,10,1650,买盘
33,09:34:58,1.65,0.0,1,165,买盘
34,09:35:01,1.64,-0.01,3,492,卖盘
35,09:35:19,1.65,0.01,35,5771,买盘
36,09:35:31,1.65,0.0,127,20955,买盘
37,09:35:46,1.65,0.0,5,825,买盘
38,09:35:49,1.64,-0.01,4,656,卖盘
39,09:36:16,1.64,0.0,8,1312,卖盘
40,09:36:25,1.64,0.0,19,3116,卖盘
41,09:36:43,1.65,0.01,27,4455,买盘
42,09:37:19,1.64,-0.01,2,328,卖盘
43,09:37:40,1.65,0.01,33,5445,买盘
44,09:37:55,1.65,0.0,4,660,买盘
45,09:38:04,1.65,0.0,251,41415,买盘
46,09:38:13,1.64,-0.01,100,16400,卖盘
47,09:38:25,1.65,0.01,35,5775,买盘
48,09:38:28,1.64,-0.01,35,5770,卖盘
49,09:38:31,1.64,0.0,21,3444,卖盘
50,09:38:37,1.65,0.01,3,495,买盘
51,09:38:49,1.65,0.0,188,31020,买盘
52,09:38:52,1.65,0.0,154,25410,买盘
53,09:38:57,1.64,-0.01,150,24600,卖盘
54,09:39:04,1.64,0.0,44,7216,卖盘
55,09:39:19,1.65,0.01,30,4950,买盘
56,09:39:22,1.65,0.0,1,165,买盘
57,09:39:28,1.64,-0.01,10,1640,卖盘
58,09:39:31,1.64,0.0,35,5740,卖盘
59,09:39:46,1.64,0.0,2,328,卖盘
60,09:39:49,1.64,0.0,1,164,卖盘
61,09:39:52,1.64,0.0,1,164,卖盘
62,09:39:58,1.65,0.01,13,2144,买盘
63,09:40:04,1.64,-0.01,33,5412,卖盘
64,09:40:07,1.65,0.01,54,8872,买盘
65,09:40:10,1.64,-0.01,90,14790,卖盘
66,09:40:13,1.64,0.0,117,19188,卖盘
67,09:40:19,1.64,0.0,1,164,卖盘
68,09:40:25,1.64,0.0,23,3772,卖盘
69,09:40:43,1.65,0.01,35,5772,买盘
70,09:40:58,1.65,0.0,62,10230,买盘
71,09:41:12,1.65,0.0,34,5610,买盘
72,09:41:25,1.64,-0.01,18,2952,卖盘
73,09:41:31,1.64,0.0,10,1640,卖盘
74,09:41:39,1.65,0.01,28,4620,买盘
75,09:41:54,1.65,0.0,100,16500,买盘
76,09:42:01,1.65,0.0,2,330,买盘
77,09:42:07,1.64,-0.01,21,3444,卖盘
78,09:42:10,1.65,0.01,20,3300,买盘
79,09:42:28,1.64,-0.01,168,27652,卖盘
80,09:42:39,1.65,0.01,20,3300,买盘
81,09:42:49,1.65,0.0,32,5280,买盘
82,09:42:52,1.65,0.0,100,16500,买盘
83,09:43:10,1.65,0.0,24,3960,买盘
84,09:43:16,1.64,-0.01,20,3280,卖盘
85,09:43:22,1.64,0.0,3,492,卖盘
86,09:43:25,1.65,0.01,412,67980,买盘
87,09:43:28,1.65,0.0,105,17321,买盘
88,09:43:49,1.65,0.0,79,13035,买盘
89,09:44:10,1.65,0.0,89,14642,买盘
90,09:44:15,1.65,0.0,10,1650,买盘
91,09:44:27,1.64,-0.01,10,1640,卖盘
92,09:44:34,1.64,0.0,123,20182,卖盘
93,09:44:43,1.65,0.01,31,5115,买盘
94,09:44:46,1.65,0.0,302,49830,买盘
95,09:44:49,1.64,-0.01,35,5740,卖盘
96,09:45:13,1.65,0.01,14,2310,买盘
97,09:45:42,1.65,0.0,20,3300,买盘
98,09:46:05,1.65,0.0,195,32175,买盘
99,09:46:07,1.65,0.0,30,4950,买盘
100,09:46:28,1.65,0.0,6,990,买盘
101,09:46:37,1.65,0.0,254,41910,买盘
102,09:46:49,1.65,0.0,20,3300,买盘
103,09:46:55,1.64,-0.01,5,820,卖盘
104,09:47:13,1.65,0.01,2,330,买盘
105,09:47:39,1.64,-0.01,225,36900,卖盘
106,09:47:58,1.65,0.01,50,8250,买盘
107,09:48:58,1.65,0.0,21,3465,买盘
108,09:49:49,1.64,-0.01,50,8200,卖盘
109,09:49:54,1.65,0.01,2,330,买盘
110,09:50:01,1.65,0.0,30,4950,买盘
111,09:50:07,1.65,0.0,1,165,买盘
112,09:50:10,1.65,0.0,1,165,买盘
113,09:50:22,1.65,0.0,2,330,买盘
114,09:50:28,1.64,-0.01,44,7216,卖盘
115,09:50:34,1.64,0.0,34,5576,卖盘
116,09:50:37,1.64,0.0,207,33948,卖盘
117,09:50:40,1.64,0.0,5,820,卖盘
118,09:50:58,1.64,0.0,114,18696,卖盘
119,09:51:04,1.64,0.0,35,5740,卖盘
120,09:51:19,1.64,0.0,2,328,卖盘
121,09:51:25,1.64,0.0,7,1148,卖盘
122,09:52:04,1.64,0.0,106,17432,卖盘
123,09:52:13,1.64,0.0,18,2952,卖盘
124,09:52:16,1.64,0.0,23,3792,卖盘
125,09:52:28,1.64,0.0,18,2952,卖盘
126,09:52:40,1.65,0.01,120,19800,买盘
127,09:52:52,1.65,0.0,250,41250,买盘
128,09:53:04,1.64,-0.01,10,1640,卖盘
129,09:53:13,1.65,0.01,140,23100,买盘
130,09:53:37,1.64,-0.01,112,18378,卖盘
131,09:53:52,1.65,0.01,30,4950,买盘
132,09:54:01,1.65,0.0,5,825,买盘
133,09:54:09,1.64,-0.01,5,820,卖盘
134,09:54:52,1.64,0.0,5,820,卖盘
135,09:55:07,1.65,0.01,200,32900,买盘
136,09:55:13,1.64,-0.01,8254,1353656,卖盘
137,09:55:19,1.64,0.0,51,8364,卖盘
138,09:55:22,1.64,0.0,615,100860,卖盘
139,09:55:25,1.64,0.0,5,820,卖盘
140,09:55:28,1.64,0.0,87,14268,卖盘
141,09:55:31,1.64,0.0,18,2952,卖盘
142,09:55:34,1.64,0.0,22,3608,卖盘
143,09:55:37,1.64,0.0,186,30504,卖盘
144,09:55:40,1.64,0.0,2174,356536,卖盘
145,09:55:43,1.64,0.0,510,83640,卖盘
146,09:55:58,1.64,0.0,459,75276,买盘
147,09:56:06,1.63,-0.01,2,326,卖盘
148,09:56:28,1.64,0.01,30,4920,买盘
149,09:56:34,1.63,-0.01,15,2445,卖盘
150,09:56:49,1.63,0.0,7,1141,卖盘
151,09:57:10,1.64,0.01,262,42968,买盘
152,09:57:13,1.64,0.0,262,42968,买盘
153,09:57:22,1.64,0.0,2,328,买盘
154,09:57:43,1.64,0.0,91,14924,买盘
155,09:58:16,1.64,0.0,26,4264,买盘
156,09:58:25,1.64,0.0,59,9646,买盘
157,09:58:28,1.63,-0.01,133,21679,卖盘
158,09:58:37,1.63,0.0,10,1630,卖盘
159,09:58:43,1.64,0.01,2,328,买盘
160,09:58:46,1.63,-0.01,1,163,卖盘
161,09:58:49,1.63,0.0,31,5053,卖盘
162,09:59:06,1.63,0.0,20,3260,卖盘
163,09:59:13,1.63,0.0,6,978,卖盘
164,09:59:16,1.63,0.0,2,326,卖盘
165,09:59:19,1.63,0.0,3,489,卖盘
166,09:59:43,1.63,0.0,100,16300,卖盘
167,09:59:52,1.63,0.0,38,6194,卖盘
168,09:59:55,1.63,0.0,13,2119,卖盘
169,09:59:58,1.63,0.0,100,16300,卖盘
170,10:00:01,1.63,0.0,10,1630,卖盘
171,10:00:07,1.63,0.0,12,1956,卖盘
172,10:00:13,1.63,0.0,67,10921,卖盘
173,10:00:16,1.63,0.0,40,6520,卖盘
174,10:00:22,1.63,0.0,32,5216,卖盘
175,10:00:34,1.64,0.01,50,8200,买盘
176,10:00:40,1.63,-0.01,7,1141,卖盘
177,10:00:43,1.64,0.01,10,1640,买盘
178,10:01:07,1.64,0.0,4,656,买盘
179,10:01:10,1.63,-0.01,112,18256,卖盘
180,10:01:46,1.64,0.01,10,1640,买盘
181,10:02:09,1.64,0.0,16,2624,买盘
182,10:02:13,1.63,-0.01,50,8150,卖盘
183,10:02:19,1.63,0.0,75,12225,卖盘
184,10:02:34,1.63,0.0,14,2282,卖盘
185,10:02:43,1.64,0.01,242,39688,买盘
186,10:03:13,1.64,0.0,30,4920,买盘
187,10:03:16,1.63,-0.01,3,489,卖盘
188,10:03:52,1.64,0.01,270,44280,买盘
189,10:03:55,1.64,0.0,50,8200,买盘
190,10:03:58,1.64,0.0,263,43132,买盘
191,10:04:04,1.64,0.0,3,492,买盘
192,10:04:13,1.63,-0.01,5,815,卖盘
193,10:04:33,1.63,0.0,2,326,卖盘
194,10:04:45,1.63,0.0,5,815,卖盘
195,10:04:49,1.64,0.01,3,492,买盘
196,10:05:22,1.64,0.0,10,1640,买盘
197,10:05:43,1.64,0.0,500,82000,买盘
198,10:05:49,1.64,0.0,3,492,买盘
199,10:06:00,1.63,-0.01,100,16300,卖盘
200,10:06:04,1.63,0.0,20,3260,卖盘
201,10:06:10,1.64,0.01,12,1958,买盘
202,10:06:45,1.63,-0.01,2,326,卖盘
203,10:06:57,1.63,0.0,7,1141,卖盘
204,10:07:07,1.64,0.01,1,164,买盘
205,10:07:19,1.64,0.0,20,3280,买盘
206,10:07:36,1.64,0.0,50,8200,买盘
207,10:07:46,1.64,0.0,39,6396,买盘
208,10:07:58,1.64,0.0,40,6560,买盘
209,10:08:40,1.64,0.0,100,16400,买盘
210,10:08:46,1.63,-0.01,112,18256,卖盘
211,10:08:49,1.64,0.01,22,3602,买盘
212,10:09:19,1.63,-0.01,20,3260,卖盘
213,10:09:25,1.64,0.01,517,84788,买盘
214,10:10:00,1.63,-0.01,500,81500,卖盘
215,10:10:31,1.63,0.0,1,163,卖盘
216,10:10:36,1.64,0.01,305,50020,买盘
217,10:10:49,1.63,-0.01,5,815,卖盘
218,10:11:04,1.64,0.01,373,61172,买盘
219,10:11:34,1.64,0.0,3,492,买盘
220,10:11:42,1.63,-0.01,100,16300,卖盘
221,10:11:49,1.63,0.0,80,13040,卖盘
222,10:11:55,1.63,0.0,1,163,卖盘
223,10:12:31,1.63,0.0,2,326,卖盘
224,10:12:37,1.63,0.0,102,16626,卖盘
225,10:12:43,1.63,0.0,3,489,卖盘
226,10:12:45,1.64,0.01,30,4920,买盘
227,10:12:58,1.63,-0.01,79,12877,卖盘
228,10:13:01,1.63,0.0,10,1630,卖盘
229,10:13:04,1.64,0.01,523,85772,买盘
230,10:13:19,1.64,0.0,6,979,买盘
231,10:13:34,1.64,0.0,100,16400,买盘
232,10:13:40,1.64,0.0,100,16400,买盘
233,10:13:45,1.64,0.0,50,8200,买盘
234,10:13:52,1.63,-0.01,8,1304,卖盘
235,10:14:04,1.64,0.01,27,4428,买盘
236,10:14:19,1.64,0.0,20,3280,买盘
237,10:14:25,1.64,0.0,21,3444,买盘
238,10:14:28,1.64,0.0,2,328,买盘
239,10:14:34,1.64,0.0,110,18040,买盘
240,10:14:43,1.64,0.0,5,820,买盘
241,10:14:45,1.64,0.0,215,35260,买盘
242,10:14:52,1.63,-0.01,2,326,卖盘
243,10:15:10,1.63,0.0,2,326,卖盘
244,10:15:16,1.64,0.01,29,4756,买盘
245,10:15:25,1.63,-0.01,100,16300,卖盘
246,10:15:34,1.64,0.01,200,32800,买盘
247,10:15:46,1.64,0.0,100,16400,买盘
248,10:15:49,1.63,-0.01,3,489,卖盘
249,10:16:07,1.63,0.0,10,1630,卖盘
250,10:16:19,1.64,0.01,32,5248,买盘
251,10:16:34,1.63,-0.01,80,13040,卖盘
252,10:16:40,1.64,0.01,5,820,买盘
253,10:16:43,1.64,0.0,194,31816,买盘
254,10:16:46,1.64,0.0,15,2460,买盘
255,10:16:49,1.64,0.0,50,8200,买盘
256,10:16:52,1.63,-0.01,11,1793,卖盘
257,10:16:55,1.64,0.01,111,18204,买盘
258,10:17:00,1.63,-0.01,5,815,卖盘
259,10:17:09,1.64,0.01,20,3280,买盘
260,10:17:43,1.63,-0.01,47,7690,卖盘
261,10:17:49,1.64,0.01,7,1146,买盘
262,10:18:00,1.64,0.0,14,2296,买盘
263,10:18:58,1.64,0.0,5,820,买盘
264,10:19:01,1.64,0.0,6,984,买盘
265,10:19:16,1.64,0.0,70,11480,买盘
266,10:19:43,1.63,-0.01,3,489,卖盘
267,10:19:45,1.63,0.0,50,8150,卖盘
268,10:19:52,1.64,0.01,72,11808,买盘
269,10:20:10,1.64,0.0,300,49200,买盘
270,10:20:19,1.64,0.0,10,1640,买盘
271,10:20:22,1.64,0.0,132,21648,买盘
272,10:20:40,1.64,0.0,42,6888,买盘
273,10:20:48,1.64,0.0,86,14104,买盘
274,10:20:52,1.64,0.0,6,984,买盘
275,10:20:55,1.64,0.0,25,4100,买盘
276,10:20:58,1.64,0.0,18,2952,买盘
277,10:21:01,1.64,0.0,263,43132,买盘
278,10:21:04,1.64,0.0,8,1312,买盘
279,10:21:06,1.64,0.0,87,14268,买盘
280,10:21:10,1.64,0.0,150,24600,买盘
281,10:21:13,1.63,-0.01,83,13551,卖盘
282,10:21:16,1.64,0.01,109,17876,买盘
283,10:21:19,1.64,0.0,309,50676,买盘
284,10:21:21,1.64,0.0,193,31652,买盘
285,10:21:28,1.64,0.0,60,9840,卖盘
286,10:21:31,1.65,0.01,71,11715,买盘
287,10:22:01,1.64,-0.01,50,8200,卖盘
288,10:22:07,1.65,0.01,70,11550,买盘
289,10:22:09,1.65,0.0,10,1650,买盘
290,10:22:27,1.65,0.0,70,11550,买盘
291,10:22:37,1.64,-0.01,100,16400,卖盘
292,10:22:52,1.65,0.01,67,11055,买盘
293,10:23:01,1.64,-0.01,41,6724,卖盘
294,10:23:07,1.64,0.0,2,328,卖盘
295,10:23:19,1.65,0.01,6,990,买盘
296,10:24:04,1.64,-0.01,100,16400,卖盘
297,10:24:16,1.65,0.01,73,12045,买盘
298,10:24:31,1.65,0.0,72,11880,买盘
299,10:25:07,1.64,-0.01,4,656,卖盘
300,10:25:13,1.65,0.01,64,10560,买盘
301,10:25:16,1.65,0.0,2,330,买盘
302,10:25:28,1.65,0.0,20,3300,买盘
303,10:26:04,1.64,-0.01,9,1476,卖盘
304,10:26:06,1.65,0.01,71,11715,买盘
305,10:27:01,1.65,0.0,70,11550,买盘
306,10:27:28,1.64,-0.01,5,820,卖盘
307,10:27:34,1.65,0.01,89,14685,买盘
308,10:27:55,1.65,0.0,1,165,买盘
309,10:28:34,1.64,-0.01,5,820,卖盘
310,10:28:46,1.65,0.01,4,660,买盘
311,10:28:55,1.65,0.0,64,10560,买盘
312,10:29:13,1.65,0.0,10,1641,买盘
313,10:29:25,1.65,0.0,72,11880,买盘
314,10:29:31,1.64,-0.01,59,9676,卖盘
315,10:29:46,1.65,0.01,132,21720,买盘
316,10:29:52,1.64,-0.01,6,984,卖盘
317,10:30:04,1.65,0.01,359,59123,买盘
318,10:30:07,1.64,-0.01,54,8856,卖盘
319,10:30:09,1.65,0.01,1,165,买盘
320,10:30:13,1.64,-0.01,18,2952,卖盘
321,10:30:16,1.65,0.01,14,2310,买盘
322,10:30:25,1.64,-0.01,1,164,卖盘
323,10:30:37,1.65,0.01,28,4606,买盘
324,10:30:46,1.64,-0.01,9,1476,卖盘
325,10:30:49,1.64,0.0,30,4920,卖盘
326,10:30:57,1.65,0.01,72,11880,买盘
327,10:31:04,1.65,0.0,10,1645,买盘
328,10:31:10,1.64,-0.01,17,2788,卖盘
329,10:31:15,1.65,0.01,1,165,买盘
330,10:31:24,1.64,-0.01,147,24108,卖盘
331,10:31:34,1.64,0.0,94,15416,卖盘
332,10:31:46,1.64,0.0,1,164,卖盘
333,10:31:49,1.64,0.0,8,1312,卖盘
334,10:31:52,1.65,0.01,64,10560,买盘
335,10:31:58,1.65,0.0,21,3448,买盘
336,10:32:04,1.64,-0.01,14,2296,卖盘
337,10:32:19,1.64,0.0,1,164,卖盘
338,10:32:25,1.64,0.0,14,2296,卖盘
339,10:32:27,1.65,0.01,30,4950,买盘
340,10:32:34,1.64,-0.01,44,7216,卖盘
341,10:32:42,1.64,0.0,127,20935,卖盘
342,10:32:46,1.65,0.01,65,10725,买盘
343,10:32:49,1.64,-0.01,237,38868,卖盘
344,10:33:04,1.65,0.01,63,10395,买盘
345,10:33:16,1.64,-0.01,1,164,卖盘
346,10:33:43,1.64,0.0,2,328,卖盘
347,10:34:13,1.64,0.0,10,1640,卖盘
348,10:34:16,1.65,0.01,70,11550,买盘
349,10:34:39,1.64,-0.01,9,1476,卖盘
350,10:34:43,1.65,0.01,6,990,买盘
351,10:34:57,1.65,0.0,13,2145,买盘
352,10:35:13,1.65,0.0,72,11880,买盘
353,10:35:36,1.65,0.0,5,825,买盘
354,10:35:43,1.64,-0.01,9,1476,卖盘
355,10:35:52,1.65,0.01,65,10725,买盘
356,10:35:55,1.65,0.0,8,1320,买盘
357,10:35:58,1.65,0.0,14,2310,买盘
358,10:36:15,1.65,0.0,65,10725,买盘
359,10:36:52,1.65,0.0,10,1650,买盘
360,10:37:13,1.65,0.0,66,10890,买盘
361,10:37:31,1.65,0.0,84,13777,买盘
362,10:37:37,1.65,0.0,40,6600,买盘
363,10:37:54,1.65,0.0,10,1650,买盘
364,10:38:04,1.65,0.0,64,10560,买盘
365,10:38:10,1.65,0.0,6,990,买盘
366,10:38:40,1.65,0.0,5,825,买盘
367,10:38:49,1.64,-0.01,14,2296,卖盘
368,10:39:01,1.64,0.0,3,492,卖盘
369,10:39:04,1.65,0.01,69,11385,买盘
370,10:39:25,1.65,0.0,68,11220,买盘
371,10:40:07,1.64,-0.01,112,18368,卖盘
372,10:40:16,1.64,0.0,73,12038,卖盘
373,10:40:39,1.65,0.01,1,165,买盘
374,10:40:55,1.65,0.0,14,2310,买盘
375,10:41:13,1.64,-0.01,13,2132,卖盘
376,10:41:34,1.65,0.01,1,165,买盘
377,10:42:01,1.65,0.0,30,4950,买盘
378,10:42:25,1.64,-0.01,2,328,卖盘
379,10:42:31,1.64,0.0,12,1970,卖盘
380,10:42:37,1.65,0.01,14,2310,买盘
381,10:43:12,1.65,0.0,2,330,买盘
382,10:43:28,1.65,0.0,24,3946,买盘
383,10:43:37,1.65,0.0,1,165,买盘
384,10:44:16,1.65,0.0,10,1650,买盘
385,10:44:18,1.64,-0.01,5,820,卖盘
386,10:44:22,1.65,0.01,10,1650,买盘
387,10:44:40,1.64,-0.01,17,2788,卖盘
388,10:44:46,1.65,0.01,10,1650,买盘
389,10:45:28,1.64,-0.01,1,164,卖盘
390,10:45:46,1.65,0.01,10,1650,买盘
391,10:45:58,1.64,-0.01,1000,164000,卖盘
392,10:46:07,1.64,0.0,17,2788,卖盘
393,10:46:52,1.64,0.0,8,1312,卖盘
394,10:46:58,1.65,0.01,4,658,买盘
395,10:47:27,1.64,-0.01,3,492,卖盘
396,10:47:33,1.65,0.01,10,1650,买盘
397,10:47:40,1.64,-0.01,100,16400,卖盘
398,10:48:24,1.65,0.01,2,330,买盘
399,10:49:01,1.65,0.0,14,2310,买盘
400,10:49:13,1.64,-0.01,14,2296,卖盘
401,10:49:19,1.65,0.01,99,16335,买盘
402,10:49:22,1.65,0.0,489,80685,买盘
403,10:50:45,1.65,0.0,2,330,买盘
404,10:51:19,1.65,0.0,89,14685,买盘
405,10:51:34,1.65,0.0,3,495,买盘
406,10:51:42,1.65,0.0,10,1650,买盘
407,10:52:07,1.65,0.0,10,1650,买盘
408,10:52:30,1.65,0.0,10,1650,买盘
409,10:52:40,1.65,0.0,1,165,买盘
410,10:52:43,1.65,0.0,10,1650,买盘
411,10:52:57,1.65,0.0,10,1650,买盘
412,10:53:10,1.65,0.0,123,20295,买盘
413,10:53:22,1.64,-0.01,84,13776,卖盘
414,10:53:33,1.65,0.01,20,3300,买盘
415,10:54:00,1.64,-0.01,112,18368,卖盘
416,10:54:37,1.64,0.0,50,8200,卖盘
417,10:54:55,1.65,0.01,449,74083,买盘
418,10:54:58,1.65,0.0,2,330,买盘
419,10:55:01,1.65,0.0,20,3300,买盘
420,10:55:31,1.65,0.0,512,84480,买盘
421,10:55:33,1.64,-0.01,139,22796,卖盘
422,10:55:42,1.65,0.01,1,165,买盘
423,10:55:49,1.65,0.0,1417,233805,买盘
424,10:55:52,1.65,0.0,30,4950,买盘
425,10:55:55,1.65,0.0,209,34485,买盘
426,10:55:58,1.65,0.0,1660,273900,买盘
427,10:56:01,1.65,0.0,680,112200,买盘
428,10:56:04,1.65,0.0,360,59400,买盘
429,10:56:07,1.65,0.0,699,115335,买盘
430,10:56:10,1.65,0.0,40,6600,买盘
431,10:56:12,1.65,0.0,100,16500,买盘
432,10:56:19,1.65,0.0,330,54450,买盘
433,10:56:22,1.65,0.0,611,100815,买盘
434,10:56:25,1.65,0.0,4,660,买盘
435,10:56:28,1.65,0.0,8,1320,买盘
436,10:56:34,1.65,0.0,65,10725,买盘
437,10:57:12,1.66,0.01,16,2656,买盘
438,10:57:49,1.65,-0.01,200,33000,卖盘
439,10:58:16,1.65,0.0,42,6930,卖盘
440,10:58:25,1.65,0.0,1,165,卖盘
441,10:58:30,1.65,0.0,24,3960,卖盘
442,10:58:42,1.65,0.0,15,2475,卖盘
443,10:59:01,1.65,0.0,20,3300,卖盘
444,10:59:12,1.66,0.01,1,166,买盘
445,10:59:19,1.66,0.0,12,1983,买盘
446,10:59:34,1.66,0.0,14,2324,买盘
447,10:59:52,1.66,0.0,23,3818,买盘
448,11:00:58,1.65,-0.01,2,330,卖盘
449,11:01:15,1.65,0.0,18,2970,卖盘
450,11:01:43,1.66,0.01,52,8632,买盘
451,11:01:49,1.66,0.0,163,27058,买盘
452,11:01:52,1.66,0.0,141,23406,买盘
453,11:02:21,1.65,-0.01,31,5115,卖盘
454,11:02:52,1.65,0.0,2,330,卖盘
455,11:03:13,1.65,0.0,100,16500,卖盘
456,11:04:39,1.65,0.0,215,35475,卖盘
457,11:04:51,1.66,0.01,251,41416,买盘
458,11:04:58,1.66,0.0,1,166,买盘
459,11:05:24,1.65,-0.01,9,1485,卖盘
460,11:05:31,1.65,0.0,2,330,卖盘
461,11:05:52,1.66,0.01,4,664,买盘
462,11:06:48,1.66,0.0,1,166,买盘
463,11:07:16,1.65,-0.01,5,825,卖盘
464,11:08:10,1.65,0.0,3,495,卖盘
465,11:08:15,1.66,0.01,180,29880,买盘
466,11:08:28,1.65,-0.01,9,1485,卖盘
467,11:08:52,1.65,0.0,382,63030,卖盘
468,11:08:58,1.65,0.0,18,2970,卖盘
469,11:09:07,1.65,0.0,5,825,卖盘
470,11:09:39,1.65,0.0,300,49500,卖盘
471,11:10:13,1.66,0.01,1,166,买盘
472,11:10:52,1.66,0.0,14,2324,买盘
473,11:11:33,1.65,-0.01,14,2310,卖盘
474,11:11:42,1.65,0.0,8,1320,卖盘
475,11:12:16,1.65,0.0,30,4950,卖盘
476,11:12:31,1.65,0.0,32,5280,卖盘
477,11:12:45,1.65,0.0,5,825,卖盘
478,11:12:54,1.65,0.0,1,165,卖盘
479,11:13:12,1.65,0.0,110,18150,卖盘
480,11:13:18,1.65,0.0,3,495,卖盘
481,11:13:28,1.65,0.0,2,330,卖盘
482,11:13:31,1.66,0.01,4,664,买盘
483,11:13:33,1.65,-0.01,1,165,卖盘
484,11:13:37,1.65,0.0,16,2640,卖盘
485,11:13:42,1.65,0.0,30,4950,卖盘
486,11:14:22,1.65,0.0,20,3300,卖盘
487,11:14:54,1.66,0.01,523,86818,买盘
488,11:14:58,1.65,-0.01,400,66000,卖盘
489,11:15:00,1.65,0.0,100,16500,卖盘
490,11:15:13,1.65,0.0,50,8250,卖盘
491,11:16:07,1.65,0.0,2,330,卖盘
492,11:16:43,1.65,0.0,5,825,卖盘
493,11:17:16,1.65,0.0,76,12540,卖盘
494,11:18:46,1.65,0.0,2,330,卖盘
495,11:19:22,1.65,0.0,201,33166,卖盘
496,11:19:31,1.65,0.0,300,49500,卖盘
497,11:19:36,1.65,0.0,7,1155,卖盘
498,11:19:42,1.65,0.0,10,1650,卖盘
499,11:19:46,1.65,0.0,20,3300,卖盘
500,11:20:52,1.65,0.0,25,4125,卖盘
501,11:20:58,1.65,0.0,1,165,卖盘
502,11:21:04,1.65,0.0,1,165,卖盘
503,11:21:16,1.65,0.0,3,495,卖盘
504,11:21:24,1.65,0.0,3,495,卖盘
505,11:21:27,1.65,0.0,1,165,卖盘
506,11:21:37,1.65,0.0,217,35805,卖盘
507,11:22:10,1.65,0.0,26,4290,买盘
508,11:22:40,1.65,0.0,10,1650,买盘
509,11:23:24,1.65,0.0,3,495,买盘
510,11:24:04,1.65,0.0,1,165,买盘
511,11:24:48,1.65,0.0,1,165,买盘
512,11:25:04,1.65,0.0,170,28050,买盘
513,11:25:37,1.66,0.01,3,498,买盘
514,11:25:43,1.65,-0.01,32,5280,卖盘
515,11:25:55,1.65,0.0,20,3300,买盘
516,11:26:04,1.65,0.0,100,16500,买盘
517,11:26:07,1.65,0.0,28,4620,买盘
518,11:26:24,1.65,0.0,1,165,买盘
519,11:27:12,1.65,0.0,14,2310,买盘
520,11:27:28,1.65,0.0,20,3300,买盘
521,11:28:13,1.65,0.0,30,4950,买盘
522,11:28:19,1.65,0.0,2,330,买盘
523,11:29:09,1.65,0.0,1,165,买盘
524,11:29:54,1.65,0.0,510,84150,买盘
525,11:30:04,1.65,0.0,6,990,买盘
526,13:00:05,1.65,0.0,71,11715,买盘
527,13:00:07,1.64,-0.01,331,54477,卖盘
528,13:00:22,1.64,0.0,43,7052,卖盘
529,13:00:27,1.64,0.0,44,7216,卖盘
530,13:02:39,1.64,0.0,110,18140,卖盘
531,13:02:46,1.64,0.0,3,493,卖盘
532,13:03:34,1.64,0.0,76,12464,卖盘
533,13:04:04,1.64,0.0,113,18601,卖盘
534,13:05:24,1.64,0.0,2,328,卖盘
535,13:06:31,1.65,0.01,4,660,买盘
536,13:06:39,1.65,0.0,8,1320,买盘
537,13:06:46,1.64,-0.01,17,2788,卖盘
538,13:07:04,1.64,0.0,22,3608,卖盘
539,13:08:04,1.64,0.0,2,328,卖盘
540,13:08:34,1.65,0.01,2236,368940,买盘
541,13:09:12,1.65,0.0,264,43560,卖盘
542,13:10:10,1.65,0.0,106,17490,买盘
543,13:10:13,1.65,0.0,21,3465,卖盘
544,13:10:51,1.65,0.0,32,5280,买盘
545,13:10:57,1.65,0.0,16,2640,卖盘
546,13:11:00,1.65,0.0,4,660,卖盘
547,13:11:04,1.65,0.0,5,825,卖盘
548,13:11:07,1.64,-0.01,32,5262,卖盘
549,13:11:18,1.66,0.02,1,166,买盘
550,13:11:36,1.64,-0.02,50,8200,卖盘
551,13:11:39,1.65,0.01,110,18150,买盘
552,13:11:57,1.66,0.01,3,498,买盘
553,13:13:33,1.65,-0.01,8,1320,买盘
554,13:13:46,1.64,-0.01,44,7216,卖盘
555,13:14:04,1.64,0.0,44,7216,卖盘
556,13:15:37,1.65,0.01,13,2145,买盘
557,13:15:58,1.65,0.0,12,1980,买盘
558,13:16:04,1.65,0.0,1,165,买盘
559,13:16:10,1.65,0.0,4,660,买盘
560,13:16:21,1.64,-0.01,304,50156,卖盘
561,13:16:28,1.65,0.01,4,660,买盘
562,13:17:10,1.66,0.01,12,1992,买盘
563,13:17:39,1.65,-0.01,2,330,卖盘
564,13:18:36,1.66,0.01,1,166,买盘
565,13:18:39,1.65,-0.01,2,330,卖盘
566,13:18:54,1.66,0.01,54,8964,买盘
567,13:19:04,1.65,-0.01,9,1485,卖盘
568,13:19:22,1.65,0.0,209,34485,卖盘
569,13:20:16,1.66,0.01,1,166,买盘
570,13:20:58,1.65,-0.01,500,82500,卖盘
571,13:21:04,1.65,0.0,35,5775,卖盘
572,13:21:10,1.65,0.0,20,3300,卖盘
573,13:21:16,1.65,0.0,1,165,卖盘
574,13:21:19,1.65,0.0,2,330,卖盘
575,13:21:34,1.65,0.0,8,1320,卖盘
576,13:21:40,1.65,0.0,35,5775,卖盘
577,13:21:55,1.65,0.0,21,3465,卖盘
578,13:22:01,1.65,0.0,45,7425,卖盘
579,13:22:24,1.65,0.0,2,330,卖盘
580,13:22:37,1.65,0.0,1000,165000,卖盘
581,13:22:43,1.65,0.0,1,165,卖盘
582,13:23:16,1.65,0.0,2,330,卖盘
583,13:23:49,1.65,0.0,4,660,卖盘
584,13:23:55,1.65,0.0,3,495,卖盘
585,13:24:19,1.66,0.01,27,4482,买盘
586,13:24:25,1.65,-0.01,23,3795,卖盘
587,13:24:28,1.65,0.0,30,4950,卖盘
588,13:26:12,1.65,0.0,1,165,卖盘
589,13:26:16,1.65,0.0,1,165,卖盘
590,13:26:33,1.65,0.0,2,330,卖盘
591,13:27:01,1.65,0.0,3,495,卖盘
592,13:27:15,1.65,0.0,35,5775,卖盘
593,13:27:40,1.65,0.0,112,18480,卖盘
594,13:28:04,1.65,0.0,59,9735,卖盘
595,13:28:28,1.65,0.0,1,165,卖盘
596,13:28:31,1.65,0.0,1,165,卖盘
597,13:29:06,1.65,0.0,15,2475,卖盘
598,13:29:09,1.66,0.01,10,1660,买盘
599,13:29:13,1.65,-0.01,2,330,卖盘
600,13:29:16,1.65,0.0,9,1485,卖盘
601,13:30:31,1.65,0.0,20,3300,卖盘
602,13:30:54,1.65,0.0,2,330,卖盘
603,13:31:27,1.65,0.0,10,1650,卖盘
604,13:31:51,1.65,0.0,2,330,卖盘
605,13:32:22,1.65,0.0,20,3300,卖盘
606,13:32:27,1.66,0.01,10,1660,买盘
607,13:32:33,1.65,-0.01,26,4290,卖盘
608,13:33:01,1.65,0.0,1,165,卖盘
609,13:33:19,1.65,0.0,1,165,卖盘
610,13:33:27,1.65,0.0,60,9900,卖盘
611,13:33:46,1.65,0.0,3,495,卖盘
612,13:33:49,1.65,0.0,273,45045,卖盘
613,13:34:07,1.65,0.0,1,165,卖盘
614,13:34:10,1.65,0.0,7,1155,卖盘
615,13:34:22,1.65,0.0,5,825,卖盘
616,13:34:24,1.65,0.0,1,165,卖盘
617,13:34:31,1.65,0.0,2,330,卖盘
618,13:34:34,1.65,0.0,1,165,卖盘
619,13:34:37,1.65,0.0,100,16500,卖盘
620,13:35:27,1.66,0.01,66,10956,买盘
621,13:35:40,1.65,-0.01,9,1485,卖盘
622,13:36:01,1.66,0.01,70,11620,买盘
623,13:36:04,1.65,-0.01,100,16500,卖盘
624,13:36:12,1.66,0.01,65,10790,买盘
625,13:36:45,1.65,-0.01,50,8250,卖盘
626,13:36:48,1.66,0.01,11,1826,买盘
627,13:37:13,1.65,-0.01,1,165,卖盘
628,13:37:15,1.66,0.01,64,10624,买盘
629,13:37:24,1.66,0.0,26,4316,买盘
630,13:37:28,1.66,0.0,65,10790,买盘
631,13:37:30,1.65,-0.01,81,13365,卖盘
632,13:37:46,1.66,0.01,11,1825,买盘
633,13:38:04,1.65,-0.01,3,495,卖盘
634,13:38:19,1.66,0.01,68,11288,买盘
635,13:38:43,1.65,-0.01,10,1650,卖盘
636,13:38:46,1.66,0.01,72,11952,买盘
637,13:39:25,1.65,-0.01,1,165,卖盘
638,13:39:30,1.66,0.01,64,10624,买盘
639,13:39:42,1.65,-0.01,1,165,卖盘
640,13:39:49,1.65,0.0,2,330,卖盘
641,13:40:09,1.66,0.01,70,11620,买盘
642,13:40:43,1.66,0.0,68,11288,买盘
643,13:40:55,1.65,-0.01,1,165,卖盘
644,13:41:01,1.66,0.01,69,11454,买盘
645,13:41:19,1.65,-0.01,1,165,卖盘
646,13:41:24,1.65,0.0,150,24750,卖盘
647,13:41:34,1.66,0.01,95,15770,买盘
648,13:41:46,1.66,0.0,53,8778,买盘
649,13:42:21,1.66,0.0,70,11620,买盘
650,13:42:31,1.66,0.0,1,166,买盘
651,13:42:36,1.65,-0.01,63,10395,卖盘
652,13:42:55,1.66,0.01,69,11454,买盘
653,13:43:04,1.65,-0.01,273,45045,卖盘
654,13:43:07,1.65,0.0,5,825,卖盘
655,13:43:10,1.65,0.0,1,165,卖盘
656,13:43:21,1.65,0.0,3,495,卖盘
657,13:43:28,1.65,0.0,14,2310,卖盘
658,13:43:34,1.66,0.01,73,12118,买盘
659,13:43:43,1.65,-0.01,1,165,卖盘
660,13:43:49,1.65,0.0,2,330,卖盘
661,13:43:51,1.65,0.0,2,330,卖盘
662,13:43:55,1.65,0.0,1,165,卖盘
663,13:43:57,1.65,0.0,272,44880,卖盘
664,13:44:01,1.65,0.0,22,3630,卖盘
665,13:44:10,1.65,0.0,2,330,卖盘
666,13:44:16,1.65,0.0,11,1815,卖盘
667,13:44:19,1.66,0.01,71,11786,买盘
668,13:44:24,1.65,-0.01,1,165,卖盘
669,13:44:27,1.66,0.01,2,332,买盘
670,13:44:36,1.65,-0.01,16,2640,卖盘
671,13:44:39,1.65,0.0,1,165,卖盘
672,13:44:43,1.66,0.01,65,10790,买盘
673,13:44:49,1.65,-0.01,20,3300,卖盘
674,13:44:57,1.65,0.0,1,165,卖盘
675,13:45:07,1.65,0.0,2,330,卖盘
676,13:45:13,1.65,0.0,1,165,卖盘
677,13:45:19,1.66,0.01,71,11784,买盘
678,13:45:46,1.65,-0.01,11,1815,卖盘
679,13:45:51,1.65,0.0,1,165,卖盘
680,13:46:04,1.66,0.01,64,10624,买盘
681,13:46:43,1.66,0.0,73,12118,买盘
682,13:46:46,1.65,-0.01,1,165,卖盘
683,13:46:52,1.65,0.0,1,165,卖盘
684,13:46:57,1.65,0.0,1,165,卖盘
685,13:47:09,1.65,0.0,168,27720,卖盘
686,13:47:12,1.65,0.0,1,165,卖盘
687,13:47:34,1.65,0.0,1,165,卖盘
688,13:47:40,1.66,0.01,67,11122,买盘
689,13:47:52,1.65,-0.01,9,1485,卖盘
690,13:47:57,1.65,0.0,1,165,卖盘
691,13:48:00,1.66,0.01,66,10956,买盘
692,13:48:13,1.66,0.0,523,86818,买盘
693,13:48:49,1.66,0.0,73,12118,买盘
694,13:49:16,1.65,-0.01,113,18645,卖盘
695,13:49:28,1.66,0.01,65,10790,买盘
696,13:49:46,1.66,0.0,11,1826,买盘
697,13:49:57,1.65,-0.01,268,44220,卖盘
698,13:50:24,1.65,0.0,3,495,卖盘
699,13:50:31,1.66,0.01,65,10790,买盘
700,13:50:55,1.66,0.0,12,1992,买盘
701,13:51:01,1.65,-0.01,16,2640,卖盘
702,13:51:10,1.65,0.0,81,13430,卖盘
703,13:51:31,1.65,0.0,3,495,卖盘
704,13:51:40,1.66,0.01,68,11288,买盘
705,13:51:49,1.66,0.0,1,166,买盘
706,13:52:30,1.66,0.0,66,10956,买盘
707,13:52:48,1.65,-0.01,100,16500,卖盘
708,13:52:51,1.66,0.01,72,11952,买盘
709,13:53:28,1.65,-0.01,10,1650,卖盘
710,13:53:30,1.65,0.0,10,1650,卖盘
711,13:53:36,1.66,0.01,65,10790,买盘
712,13:53:54,1.66,0.0,16,2656,买盘
713,13:54:04,1.65,-0.01,15,2475,卖盘
714,13:54:12,1.65,0.0,37,6105,卖盘
715,13:55:16,1.65,0.0,6,990,卖盘
716,13:55:21,1.65,0.0,58,9570,卖盘
717,13:55:43,1.65,0.0,2,330,卖盘
718,13:56:04,1.65,0.0,79,13035,卖盘
719,13:57:00,1.65,0.0,80,13200,卖盘
720,13:57:04,1.65,0.0,40,6600,卖盘
721,13:57:43,1.65,0.0,6,990,卖盘
722,13:58:00,1.66,0.01,4,664,买盘
723,13:58:07,1.65,-0.01,9,1485,卖盘
724,13:58:21,1.65,0.0,2,330,卖盘
725,13:58:28,1.65,0.0,11,1815,卖盘
726,13:58:33,1.65,0.0,42,6930,卖盘
727,13:58:42,1.65,0.0,70,11550,卖盘
728,13:59:10,1.65,0.0,4,660,卖盘
729,13:59:45,1.65,0.0,10,1650,卖盘
730,14:00:28,1.65,0.0,100,16500,卖盘
731,14:00:30,1.66,0.01,9,1494,买盘
732,14:01:15,1.65,-0.01,27,4455,卖盘
733,14:01:25,1.66,0.01,4,664,买盘
734,14:02:15,1.66,0.0,4,664,买盘
735,14:02:22,1.66,0.0,4,664,买盘
736,14:02:39,1.66,0.0,10,1660,买盘
737,14:03:54,1.66,0.0,1,166,买盘
738,14:04:13,1.66,0.0,49,8112,买盘
739,14:04:19,1.65,-0.01,27,4455,卖盘
740,14:04:24,1.65,0.0,1,165,卖盘
741,14:04:46,1.65,0.0,1751,288915,卖盘
742,14:04:52,1.65,0.0,53,8745,卖盘
743,14:05:00,1.65,0.0,20,3300,卖盘
744,14:05:07,1.65,0.0,1,165,卖盘
745,14:05:40,1.65,0.0,10,1650,卖盘
746,14:05:58,1.65,0.0,291,48015,卖盘
747,14:06:15,1.65,0.0,68,11220,卖盘
748,14:06:19,1.65,0.0,7,1155,卖盘
749,14:07:40,1.65,0.0,1,165,卖盘
750,14:08:10,1.65,0.0,1,165,卖盘
751,14:08:13,1.65,0.0,20,3300,卖盘
752,14:08:16,1.65,0.0,53,8745,卖盘
753,14:08:21,1.65,0.0,41,6765,卖盘
754,14:08:28,1.65,0.0,343,56595,卖盘
755,14:08:34,1.65,0.0,11,1815,卖盘
756,14:08:49,1.66,0.01,1,166,买盘
757,14:08:55,1.65,-0.01,9,1485,卖盘
758,14:09:36,1.65,0.0,3,495,卖盘
759,14:10:16,1.66,0.01,1,166,买盘
760,14:10:28,1.66,0.0,300,49800,买盘
761,14:10:31,1.65,-0.01,1,165,卖盘
762,14:10:55,1.65,0.0,30,4950,卖盘
763,14:11:34,1.65,0.0,3,495,卖盘
764,14:11:39,1.65,0.0,11,1815,卖盘
765,14:11:46,1.65,0.0,23,3795,卖盘
766,14:11:49,1.65,0.0,71,11715,卖盘
767,14:11:55,1.65,0.0,100,16500,卖盘
768,14:11:58,1.65,0.0,200,33000,卖盘
769,14:12:07,1.65,0.0,219,36135,卖盘
770,14:12:12,1.65,0.0,3,495,卖盘
771,14:12:16,1.65,0.0,26,4290,卖盘
772,14:12:22,1.66,0.01,7,1162,买盘
773,14:12:28,1.65,-0.01,28,4620,卖盘
774,14:12:39,1.65,0.0,219,36135,卖盘
775,14:13:18,1.65,0.0,100,16500,卖盘
776,14:13:28,1.65,0.0,1,165,卖盘
777,14:14:07,1.65,0.0,1,165,卖盘
778,14:14:12,1.65,0.0,102,16830,卖盘
779,14:14:55,1.65,0.0,5,825,卖盘
780,14:15:01,1.66,0.01,1,166,买盘
781,14:15:04,1.65,-0.01,4,660,卖盘
782,14:15:13,1.66,0.01,27,4482,买盘
783,14:15:19,1.66,0.0,2,332,买盘
784,14:15:30,1.65,-0.01,7,1155,卖盘
785,14:15:36,1.65,0.0,7,1155,卖盘
786,14:15:43,1.65,0.0,23,3795,卖盘
787,14:15:49,1.66,0.01,5,830,买盘
788,14:15:55,1.65,-0.01,9,1485,卖盘
789,14:16:13,1.65,0.0,19,3135,卖盘
790,14:16:16,1.66,0.01,28,4648,买盘
791,14:16:24,1.65,-0.01,3,495,卖盘
792,14:16:52,1.65,0.0,3,495,卖盘
793,14:16:58,1.65,0.0,11,1815,卖盘
794,14:17:16,1.66,0.01,3,498,买盘
795,14:17:31,1.65,-0.01,1,165,卖盘
796,14:18:00,1.66,0.01,1,166,买盘
797,14:18:15,1.65,-0.01,81,13365,卖盘
798,14:19:01,1.66,0.01,9,1494,买盘
799,14:19:07,1.65,-0.01,9,1485,卖盘
800,14:19:10,1.66,0.01,8,1328,买盘
801,14:19:22,1.65,-0.01,4,660,卖盘
802,14:19:31,1.65,0.0,2,330,卖盘
803,14:20:01,1.65,0.0,1,165,卖盘
804,14:20:10,1.65,0.0,1,165,卖盘
805,14:20:22,1.65,0.0,20,3300,卖盘
806,14:20:37,1.65,0.0,2,330,卖盘
807,14:20:43,1.65,0.0,23,3795,卖盘
808,14:20:52,1.65,0.0,4,660,卖盘
809,14:20:57,1.65,0.0,11,1815,卖盘
810,14:21:07,1.65,0.0,9,1485,卖盘
811,14:21:24,1.65,0.0,4,660,卖盘
812,14:22:10,1.65,0.0,2,330,卖盘
813,14:22:16,1.65,0.0,1,165,卖盘
814,14:22:22,1.65,0.0,3,495,卖盘
815,14:22:28,1.65,0.0,1,165,卖盘
816,14:22:46,1.65,0.0,40,6600,卖盘
817,14:22:52,1.65,0.0,17,2805,卖盘
818,14:23:21,1.66,0.01,2,332,买盘
819,14:23:28,1.65,-0.01,70,11550,卖盘
820,14:23:58,1.65,0.0,268,44220,卖盘
821,14:24:04,1.65,0.0,87,14355,卖盘
822,14:24:12,1.65,0.0,310,51150,卖盘
823,14:24:37,1.66,0.01,710,117760,买盘
824,14:24:57,1.65,-0.01,8,1320,卖盘
825,14:25:58,1.65,0.0,169,27885,卖盘
826,14:26:04,1.65,0.0,8,1320,卖盘
827,14:26:28,1.65,0.0,14,2310,卖盘
828,14:26:36,1.65,0.0,3,495,卖盘
829,14:26:42,1.65,0.0,1,165,卖盘
830,14:26:57,1.65,0.0,40,6600,卖盘
831,14:27:04,1.65,0.0,8,1320,卖盘
832,14:27:15,1.65,0.0,10,1650,卖盘
833,14:27:22,1.65,0.0,23,3795,卖盘
834,14:27:27,1.65,0.0,3,495,卖盘
835,14:28:04,1.65,0.0,7,1155,卖盘
836,14:28:13,1.66,0.01,3,498,买盘
837,14:28:19,1.65,-0.01,9,1485,卖盘
838,14:28:22,1.65,0.0,600,99000,卖盘
839,14:28:52,1.65,0.0,73,12045,卖盘
840,14:28:57,1.65,0.0,22,3630,卖盘
841,14:29:07,1.65,0.0,30,4950,卖盘
842,14:29:09,1.66,0.01,151,24916,买盘
843,14:29:43,1.66,0.0,2,332,买盘
844,14:30:12,1.65,-0.01,402,66330,卖盘
845,14:30:21,1.65,0.0,1,165,卖盘
846,14:30:34,1.65,0.0,50,8250,卖盘
847,14:30:37,1.65,0.0,100,16500,卖盘
848,14:30:40,1.65,0.0,23,3795,卖盘
849,14:31:18,1.65,0.0,70,11550,卖盘
850,14:31:37,1.65,0.0,1,165,卖盘
851,14:31:43,1.65,0.0,2,330,卖盘
852,14:31:46,1.65,0.0,82,13530,卖盘
853,14:31:52,1.65,0.0,53,8745,卖盘
854,14:32:04,1.65,0.0,109,17985,卖盘
855,14:32:18,1.65,0.0,4,660,卖盘
856,14:32:31,1.65,0.0,66,10890,卖盘
857,14:32:34,1.65,0.0,4,660,卖盘
858,14:32:52,1.65,0.0,5,825,卖盘
859,14:32:55,1.65,0.0,20,3300,卖盘
860,14:32:58,1.65,0.0,200,33000,卖盘
861,14:33:01,1.65,0.0,30,4950,卖盘
862,14:33:13,1.65,0.0,3,495,卖盘
863,14:33:28,1.65,0.0,50,8250,卖盘
864,14:33:34,1.65,0.0,1,165,卖盘
865,14:33:43,1.65,0.0,4,660,卖盘
866,14:33:49,1.65,0.0,23,3795,卖盘
867,14:33:54,1.65,0.0,30,4950,卖盘
868,14:34:46,1.65,0.0,60,9900,卖盘
869,14:34:52,1.65,0.0,10,1650,卖盘
870,14:35:01,1.65,0.0,59,9735,卖盘
871,14:35:19,1.65,0.0,2,330,卖盘
872,14:35:22,1.65,0.0,5,825,卖盘
873,14:36:22,1.66,0.01,94,15604,买盘
874,14:36:27,1.65,-0.01,9,1485,卖盘
875,14:36:30,1.65,0.0,6,990,卖盘
876,14:36:34,1.66,0.01,50,8300,买盘
877,14:36:54,1.65,-0.01,5,825,卖盘
878,14:37:00,1.65,0.0,1,165,卖盘
879,14:37:46,1.66,0.01,30,4980,买盘
880,14:37:51,1.65,-0.01,13,2145,卖盘
881,14:37:55,1.65,0.0,6,990,卖盘
882,14:38:04,1.65,0.0,23,3795,卖盘
883,14:38:22,1.65,0.0,6,990,卖盘
884,14:38:28,1.65,0.0,50,8250,卖盘
885,14:38:39,1.65,0.0,120,19800,卖盘
886,14:38:58,1.65,0.0,65,10725,卖盘
887,14:39:22,1.65,0.0,5,825,卖盘
888,14:39:25,1.65,0.0,6630,1093950,卖盘
889,14:39:31,1.64,-0.01,80,13127,卖盘
890,14:39:43,1.65,0.01,3,495,买盘
891,14:39:52,1.64,-0.01,6,984,卖盘
892,14:39:55,1.64,0.0,3,492,卖盘
893,14:40:28,1.64,0.0,3,492,卖盘
894,14:40:31,1.64,0.0,12,1968,卖盘
895,14:40:37,1.65,0.01,6,990,买盘
896,14:40:42,1.65,0.0,3,495,买盘
897,14:40:55,1.65,0.0,1,165,买盘
898,14:40:58,1.64,-0.01,6,984,卖盘
899,14:41:19,1.64,0.0,121,19844,卖盘
900,14:41:34,1.64,0.0,67,10988,卖盘
901,14:41:58,1.65,0.01,50,8250,买盘
902,14:42:46,1.65,0.0,50,8250,买盘
903,14:43:10,1.64,-0.01,5,820,卖盘
904,14:43:25,1.65,0.01,1,165,买盘
905,14:43:40,1.64,-0.01,6,984,卖盘
906,14:43:46,1.65,0.01,3,495,买盘
907,14:43:57,1.65,0.0,8,1320,买盘
908,14:44:13,1.65,0.0,3,495,买盘
909,14:44:31,1.65,0.0,6,990,买盘
910,14:44:34,1.65,0.0,3,495,买盘
911,14:44:37,1.65,0.0,610,100650,买盘
912,14:44:40,1.64,-0.01,5,820,卖盘
913,14:44:54,1.64,0.0,100,16400,卖盘
914,14:45:10,1.64,0.0,4,659,卖盘
915,14:45:19,1.64,0.0,15,2460,卖盘
916,14:45:22,1.64,0.0,3,492,卖盘
917,14:45:28,1.65,0.01,3,495,买盘
918,14:45:37,1.64,-0.01,64,10496,卖盘
919,14:45:42,1.64,0.0,6,984,卖盘
920,14:46:07,1.64,0.0,71,11644,卖盘
921,14:46:13,1.65,0.01,2,330,买盘
922,14:46:31,1.64,-0.01,5,820,卖盘
923,14:46:34,1.65,0.01,100,16500,买盘
924,14:47:07,1.65,0.0,120,19800,买盘
925,14:47:25,1.65,0.0,120,19800,买盘
926,14:47:31,1.64,-0.01,6,984,卖盘
927,14:47:52,1.64,0.0,273,44772,卖盘
928,14:48:27,1.64,0.0,17,2788,卖盘
929,14:48:37,1.65,0.01,100,16500,买盘
930,14:48:40,1.65,0.0,4,660,买盘
931,14:48:46,1.64,-0.01,76,12464,卖盘
932,14:48:49,1.64,0.0,2,328,卖盘
933,14:49:22,1.65,0.01,1,165,买盘
934,14:49:28,1.65,0.0,10,1650,买盘
935,14:49:33,1.64,-0.01,20,3280,卖盘
936,14:49:52,1.64,0.0,15,2460,卖盘
937,14:49:55,1.65,0.01,30,4950,买盘
938,14:50:10,1.64,-0.01,350,57700,卖盘
939,14:50:13,1.64,0.0,155,25420,卖盘
940,14:50:22,1.65,0.01,42,6930,买盘
941,14:50:28,1.64,-0.01,2,328,卖盘
942,14:50:33,1.64,0.0,6,984,卖盘
943,14:50:42,1.64,0.0,7,1148,卖盘
944,14:50:46,1.65,0.01,136,22440,买盘
945,14:50:57,1.64,-0.01,3,492,卖盘
946,14:51:16,1.64,0.0,7,1148,卖盘
947,14:51:19,1.64,0.0,60,9840,卖盘
948,14:51:34,1.64,0.0,4,656,卖盘
949,14:51:46,1.64,0.0,2,328,卖盘
950,14:52:01,1.64,0.0,4,656,卖盘
951,14:52:19,1.65,0.01,26,4290,买盘
952,14:52:28,1.64,-0.01,4,656,卖盘
953,14:52:40,1.64,0.0,200,32900,卖盘
954,14:53:13,1.64,0.0,4,656,卖盘
955,14:53:16,1.65,0.01,313,51645,买盘
956,14:53:28,1.65,0.0,18,2970,买盘
957,14:53:37,1.65,0.0,1,165,买盘
958,14:53:40,1.64,-0.01,4,656,卖盘
959,14:53:43,1.65,0.01,28,4620,买盘
960,14:53:52,1.64,-0.01,14,2296,卖盘
961,14:54:04,1.65,0.01,27,4451,买盘
962,14:54:13,1.65,0.0,50,8250,买盘
963,14:54:22,1.65,0.0,65,10725,买盘
964,14:54:37,1.65,0.0,106,17490,买盘
965,14:54:49,1.65,0.0,150,24750,买盘
966,14:55:07,1.65,0.0,681,112285,买盘
967,14:55:25,1.64,-0.01,50,8200,卖盘
968,14:55:46,1.65,0.01,224,36960,买盘
969,14:55:52,1.64,-0.01,184,30280,卖盘
970,14:56:07,1.64,0.0,14,2296,卖盘
971,14:56:10,1.65,0.01,1,165,买盘
972,14:56:16,1.64,-0.01,12,1968,卖盘
973,14:56:19,1.64,0.0,26,4264,卖盘
974,14:56:31,1.65,0.01,1035,170775,买盘
975,14:56:37,1.64,-0.01,49,8036,卖盘
976,14:56:46,1.65,0.01,7,1155,买盘
977,14:56:49,1.64,-0.01,2,328,卖盘
978,14:56:52,1.64,0.0,12,1968,卖盘
979,14:56:55,1.64,0.0,17,2788,卖盘
980,14:56:58,1.64,0.0,8,1312,卖盘
981,14:57:01,1.64,0.0,8,1312,卖盘
982,14:57:04,1.64,0.0,3,492,卖盘
983,15:00:05,1.65,0.01,358,59070,卖盘
