,time,price,change,volume,amount,type
0,09:30:04,5.78,0.02,31,17916,买盘
1,09:30:07,5.76,-0.02,60,34614,卖盘
2,09:30:09,5.78,0.02,36,20808,卖盘
3,09:30:13,5.77,-0.01,11,6347,卖盘
4,09:30:16,5.77,0.0,1,577,卖盘
5,09:30:19,5.77,0.0,3,1731,卖盘
6,09:30:22,5.78,0.01,114,65809,买盘
7,09:30:28,5.78,0.0,22,12703,买盘
8,09:30:33,5.79,0.01,2,1158,买盘
9,09:30:37,5.78,-0.01,53,30634,卖盘
10,09:30:40,5.78,0.0,100,57800,卖盘
11,09:30:43,5.78,0.0,13,7524,卖盘
12,09:30:46,5.78,0.0,24,13872,卖盘
13,09:30:49,5.78,0.0,18,10404,卖盘
14,09:30:51,5.78,0.0,20,11560,买盘
15,09:30:58,5.77,-0.01,34,19618,卖盘
16,09:31:05,5.77,0.0,203,117131,买盘
17,09:31:07,5.76,-0.01,537,310249,卖盘
18,09:31:10,5.76,0.0,5,2881,卖盘
19,09:31:13,5.77,0.01,5,2885,卖盘
20,09:31:16,5.76,-0.01,2,1153,卖盘
21,09:31:19,5.77,0.01,5,2885,买盘
22,09:31:28,5.77,0.0,68,39236,卖盘
23,09:31:31,5.77,0.0,14,8078,买盘
24,09:31:34,5.77,0.0,15,8655,买盘
25,09:31:37,5.77,0.0,57,32889,买盘
26,09:31:40,5.77,0.0,40,23080,买盘
27,09:31:43,5.77,0.0,122,70394,买盘
28,09:31:46,5.76,-0.01,90,51928,卖盘
29,09:31:49,5.77,0.01,6,3461,买盘
30,09:31:51,5.77,0.0,27,15579,买盘
31,09:31:54,5.77,0.0,6,3462,买盘
32,09:31:58,5.77,0.0,21,12117,买盘
33,09:32:04,5.76,-0.01,2,1153,卖盘
34,09:32:09,5.77,0.01,97,55965,买盘
35,09:32:13,5.76,-0.01,1,576,卖盘
36,09:32:16,5.77,0.01,23,13259,买盘
37,09:32:19,5.77,0.0,49,28267,买盘
38,09:32:25,5.77,0.0,64,36931,买盘
39,09:32:28,5.78,0.01,105,60686,买盘
40,09:32:31,5.78,0.0,68,39304,买盘
41,09:32:34,5.77,-0.01,148,85612,卖盘
42,09:32:37,5.79,0.02,28,16212,买盘
43,09:32:43,5.78,-0.01,2,1156,卖盘
44,09:32:46,5.79,0.01,25,14473,买盘
45,09:32:49,5.79,0.0,7,4053,买盘
46,09:32:52,5.79,0.0,10,5790,中性盘
47,09:32:54,5.8,0.01,1,580,买盘
48,09:32:58,5.8,0.0,108,62640,买盘
49,09:33:00,5.8,0.0,8,4640,买盘
50,09:33:04,5.79,-0.01,57,33005,卖盘
51,09:33:10,5.79,0.0,15,8685,买盘
52,09:33:13,5.78,-0.01,142,82167,卖盘
53,09:33:16,5.79,0.01,54,31255,买盘
54,09:33:22,5.79,0.0,95,55005,卖盘
55,09:33:25,5.79,0.0,23,13317,买盘
56,09:33:27,5.79,0.0,3,1737,买盘
57,09:33:31,5.79,0.0,1,579,买盘
58,09:33:34,5.78,-0.01,11,6358,卖盘
59,09:33:49,5.78,0.0,11,6358,卖盘
60,09:33:52,5.78,0.0,3,1734,卖盘
61,09:33:54,5.79,0.01,19,11001,买盘
62,09:34:07,5.78,-0.01,1,578,卖盘
63,09:34:10,5.78,0.0,2,1156,卖盘
64,09:34:13,5.78,0.0,13,7514,卖盘
65,09:34:16,5.78,0.0,2,1156,卖盘
66,09:34:19,5.78,0.0,5,2890,卖盘
67,09:34:28,5.78,0.0,80,46240,卖盘
68,09:34:34,5.78,0.0,13,7517,卖盘
69,09:34:37,5.77,-0.01,7,4042,卖盘
70,09:34:46,5.78,0.01,5,2890,买盘
71,09:34:49,5.77,-0.01,7,4039,卖盘
72,09:34:57,5.77,0.0,4,2308,卖盘
73,09:35:04,5.78,0.01,101,58278,买盘
74,09:35:07,5.78,0.0,5,2890,买盘
75,09:35:10,5.77,-0.01,4,2308,卖盘
76,09:35:12,5.77,0.0,81,46817,卖盘
77,09:35:16,5.77,0.0,2,1154,卖盘
78,09:35:22,5.78,0.01,9,5198,买盘
79,09:35:25,5.77,-0.01,5,2885,卖盘
80,09:35:28,5.77,0.0,15,8669,卖盘
81,09:35:31,5.77,0.0,4,2308,卖盘
82,09:35:34,5.77,0.0,12,6925,卖盘
83,09:35:37,5.77,0.0,3,1731,卖盘
84,09:35:43,5.77,0.0,4,2308,卖盘
85,09:35:55,5.77,0.0,4,2308,卖盘
86,09:36:04,5.77,0.0,5,2886,卖盘
87,09:36:07,5.77,0.0,1,577,卖盘
88,09:36:09,5.77,0.0,179,103283,卖盘
89,09:36:13,5.77,0.0,3,1731,卖盘
90,09:36:22,5.77,0.0,22,12694,卖盘
91,09:36:25,5.78,0.01,1,578,买盘
92,09:36:28,5.77,-0.01,9,5193,卖盘
93,09:36:31,5.77,0.0,200,115400,卖盘
94,09:36:34,5.78,0.01,66,38148,买盘
95,09:36:37,5.77,-0.01,5,2885,卖盘
96,09:36:39,5.77,0.0,2,1154,卖盘
97,09:36:43,5.78,0.01,16,9248,买盘
98,09:36:46,5.77,-0.01,1,577,卖盘
99,09:36:49,5.77,0.0,4,2308,卖盘
100,09:36:52,5.78,0.01,1,578,买盘
101,09:37:01,5.77,-0.01,5,2886,卖盘
102,09:37:04,5.78,0.01,1,578,买盘
103,09:37:10,5.77,-0.01,9,5194,卖盘
104,09:37:13,5.77,0.0,1,577,卖盘
105,09:37:15,5.78,0.01,9,5202,买盘
106,09:37:19,5.77,-0.01,159,91744,卖盘
107,09:37:22,5.77,0.0,4,2308,卖盘
108,09:37:28,5.78,0.01,6,3468,买盘
109,09:37:34,5.77,-0.01,9,5193,卖盘
110,09:37:37,5.77,0.0,3,1732,卖盘
111,09:37:40,5.78,0.01,2,1155,买盘
112,09:37:43,5.77,-0.01,5,2885,卖盘
113,09:37:46,5.78,0.01,6,3468,买盘
114,09:37:51,5.78,0.0,5,2890,买盘
115,09:37:55,5.77,-0.01,5,2886,卖盘
116,09:38:01,5.78,0.01,357,206346,买盘
117,09:38:04,5.78,0.0,6,3468,买盘
118,09:38:07,5.78,0.0,12,6934,买盘
119,09:38:13,5.78,0.0,1,578,买盘
120,09:38:16,5.77,-0.01,75,43345,卖盘
121,09:38:18,5.78,0.01,10,5780,买盘
122,09:38:21,5.79,0.01,1,579,买盘
123,09:38:28,5.78,-0.01,4,2312,卖盘
124,09:38:31,5.79,0.01,1,579,买盘
125,09:38:37,5.78,-0.01,80,46240,卖盘
126,09:38:40,5.78,0.0,8,4624,卖盘
127,09:38:48,5.78,0.0,21,12155,卖盘
128,09:38:55,5.78,0.0,9,5202,卖盘
129,09:39:01,5.78,0.0,4,2312,卖盘
130,09:39:07,5.78,0.0,1,578,卖盘
131,09:39:09,5.78,0.0,21,12156,卖盘
132,09:39:13,5.78,0.0,6,3468,卖盘
133,09:39:16,5.79,0.01,1,579,买盘
134,09:39:19,5.78,-0.01,13,7514,卖盘
135,09:39:34,5.78,0.0,74,42773,卖盘
136,09:39:40,5.78,0.0,75,43350,买盘
137,09:39:46,5.77,-0.01,4,2308,卖盘
138,09:39:52,5.78,0.01,10,5780,买盘
139,09:39:55,5.77,-0.01,4,2308,卖盘
140,09:40:04,5.78,0.01,1,578,买盘
141,09:40:07,5.77,-0.01,4,2308,卖盘
142,09:40:09,5.78,0.01,27,15606,买盘
143,09:40:13,5.77,-0.01,1,577,卖盘
144,09:40:16,5.77,0.0,2,1154,卖盘
145,09:40:19,5.77,0.0,18,10397,卖盘
146,09:40:21,5.78,0.01,3,1734,买盘
147,09:40:24,5.77,-0.01,2,1155,卖盘
148,09:40:28,5.78,0.01,1,578,买盘
149,09:40:31,5.77,-0.01,4,2308,卖盘
150,09:40:37,5.78,0.01,1,578,买盘
151,09:40:40,5.77,-0.01,4,2308,卖盘
152,09:40:46,5.78,0.01,1,578,买盘
153,09:40:48,5.77,-0.01,3,1731,卖盘
154,09:40:52,5.77,0.0,6,3462,卖盘
155,09:40:55,5.78,0.01,28,16184,买盘
156,09:40:58,5.78,0.0,1,578,买盘
157,09:41:04,5.77,-0.01,5,2886,卖盘
158,09:41:07,5.78,0.01,2,1156,买盘
159,09:41:12,5.77,-0.01,1,577,卖盘
160,09:41:16,5.77,0.0,5,2886,卖盘
161,09:41:19,5.77,0.0,1,577,卖盘
162,09:41:25,5.77,0.0,5,2886,卖盘
163,09:41:33,5.78,0.01,2,1156,买盘
164,09:41:37,5.77,-0.01,24,13848,卖盘
165,09:41:43,5.78,0.01,2,1156,买盘
166,09:41:46,5.77,-0.01,6,3462,卖盘
167,09:41:52,5.78,0.01,4,2311,买盘
168,09:41:58,5.78,0.0,58,33520,买盘
169,09:42:01,5.78,0.0,1,578,买盘
170,09:42:04,5.78,0.0,1,578,买盘
171,09:42:10,5.78,0.0,18,10397,买盘
172,09:42:13,5.77,-0.01,2,1154,卖盘
173,09:42:18,5.77,0.0,5,2886,卖盘
174,09:42:22,5.77,0.0,8,4616,卖盘
175,09:42:28,5.78,0.01,1,578,买盘
176,09:42:31,5.77,-0.01,4,2308,卖盘
177,09:42:37,5.78,0.01,1,578,买盘
178,09:42:43,5.77,-0.01,6,3462,卖盘
179,09:42:45,5.78,0.01,1,578,买盘
180,09:42:49,5.78,0.0,5,2890,买盘
181,09:42:51,5.77,-0.01,2,1154,卖盘
182,09:42:55,5.78,0.01,1,578,买盘
183,09:43:00,5.78,0.0,88,50864,买盘
184,09:43:04,5.77,-0.01,6,3464,卖盘
185,09:43:13,5.78,0.01,1,578,买盘
186,09:43:15,5.77,-0.01,5,2885,卖盘
187,09:43:22,5.77,0.0,6,3463,卖盘
188,09:43:25,5.77,0.0,5,2885,卖盘
189,09:43:31,5.77,0.0,4,2309,卖盘
190,09:43:34,5.77,0.0,3,1732,卖盘
191,09:43:37,5.77,0.0,4,2308,卖盘
192,09:43:40,5.77,0.0,84,48469,卖盘
193,09:43:48,5.77,0.0,5,2886,卖盘
194,09:43:52,5.77,0.0,1,577,卖盘
195,09:43:58,5.77,0.0,6,3463,卖盘
196,09:44:01,5.77,0.0,2,1154,卖盘
197,09:44:04,5.78,0.01,1,578,买盘
198,09:44:07,5.78,0.0,1,578,买盘
199,09:44:10,5.77,-0.01,4,2308,卖盘
200,09:44:16,5.78,0.01,53,30634,买盘
201,09:44:22,5.77,-0.01,13,7501,卖盘
202,09:44:24,5.78,0.01,1,578,买盘
203,09:44:31,5.77,-0.01,7,4039,卖盘
204,09:44:33,5.78,0.01,2,1156,买盘
205,09:44:43,5.78,0.0,8,4620,买盘
206,09:44:46,5.78,0.0,52,30056,买盘
207,09:44:52,5.78,0.0,1,578,买盘
208,09:44:54,5.77,-0.01,5,2885,卖盘
209,09:45:01,5.77,0.0,4,2309,卖盘
210,09:45:04,5.77,0.0,5,2886,卖盘
211,09:45:10,5.78,0.01,1,578,买盘
212,09:45:15,5.77,-0.01,4,2308,卖盘
213,09:45:18,5.77,0.0,4,2311,卖盘
214,09:45:22,5.78,0.01,3,1732,买盘
215,09:45:25,5.78,0.0,4,2309,买盘
216,09:45:28,5.77,-0.01,4,2308,卖盘
217,09:45:31,5.77,0.0,1,577,卖盘
218,09:45:34,5.77,0.0,100,57700,卖盘
219,09:45:37,5.77,0.0,5,2886,卖盘
220,09:45:42,5.78,0.01,14,8092,买盘
221,09:45:49,5.77,-0.01,4,2308,卖盘
222,09:45:55,5.77,0.0,1,577,卖盘
223,09:45:57,5.77,0.0,52,30004,卖盘
224,09:46:00,5.77,0.0,1,577,卖盘
225,09:46:04,5.78,0.01,25,14450,买盘
226,09:46:13,5.77,-0.01,4,2308,卖盘
227,09:46:16,5.77,0.0,8,4621,卖盘
228,09:46:22,5.77,0.0,25,14425,卖盘
229,09:46:27,5.77,0.0,2,1154,卖盘
230,09:46:31,5.77,0.0,2,1154,卖盘
231,09:46:33,5.77,0.0,116,66933,卖盘
232,09:46:46,5.77,0.0,4,2308,卖盘
233,09:46:49,5.77,0.0,75,43348,卖盘
234,09:46:55,5.77,0.0,5,2885,卖盘
235,09:46:58,5.77,0.0,2,1154,卖盘
236,09:47:01,5.77,0.0,1,577,卖盘
237,09:47:04,5.78,0.01,1,578,买盘
238,09:47:07,5.77,-0.01,34,19618,卖盘
239,09:47:13,5.77,0.0,1,577,卖盘
240,09:47:18,5.77,0.0,37,21349,卖盘
241,09:47:22,5.78,0.01,73,42194,买盘
242,09:47:27,5.77,-0.01,5,2885,卖盘
243,09:47:30,5.77,0.0,2,1154,卖盘
244,09:47:40,5.76,-0.01,116,66928,卖盘
245,09:47:43,5.77,0.01,20,11540,买盘
246,09:47:49,5.76,-0.01,3,1728,卖盘
247,09:47:52,5.76,0.0,4,2304,卖盘
248,09:47:55,5.77,0.01,5,2885,买盘
249,09:48:01,5.76,-0.01,13,7496,卖盘
250,09:48:04,5.77,0.01,1,577,买盘
251,09:48:13,5.76,-0.01,1,576,卖盘
252,09:48:24,5.76,0.0,10,5760,卖盘
253,09:48:34,5.76,0.0,5,2881,卖盘
254,09:48:45,5.76,0.0,4,2304,卖盘
255,09:48:52,5.76,0.0,2,1152,卖盘
256,09:48:57,5.76,0.0,5,2880,卖盘
257,09:49:01,5.76,0.0,1,576,卖盘
258,09:49:04,5.77,0.01,1,577,买盘
259,09:49:07,5.76,-0.01,6,3456,卖盘
260,09:49:18,5.76,0.0,4,2304,卖盘
261,09:49:25,5.76,0.0,1,576,卖盘
262,09:49:28,5.76,0.0,14,8077,卖盘
263,09:49:31,5.76,0.0,7,4032,卖盘
264,09:49:34,5.77,0.01,1,577,买盘
265,09:49:36,5.76,-0.01,29,16704,卖盘
266,09:49:39,5.76,0.0,3,1728,卖盘
267,09:49:49,5.77,0.01,57,32889,买盘
268,09:49:52,5.77,0.0,21,12113,买盘
269,09:49:55,5.77,0.0,177,102129,买盘
270,09:49:58,5.77,0.0,25,14422,买盘
271,09:50:01,5.76,-0.01,6,3456,卖盘
272,09:50:04,5.77,0.01,57,32885,买盘
273,09:50:07,5.77,0.0,89,51353,买盘
274,09:50:13,5.77,0.0,4,2308,卖盘
275,09:50:16,5.77,0.0,34,19618,卖盘
276,09:50:24,5.77,0.0,15,8655,卖盘
277,09:50:28,5.77,0.0,1,577,卖盘
278,09:50:31,5.77,0.0,67,38659,卖盘
279,09:50:36,5.76,-0.01,4,2304,卖盘
280,09:50:45,5.76,0.0,4,2304,卖盘
281,09:50:52,5.77,0.01,14,8078,买盘
282,09:50:54,5.77,0.0,5,2885,卖盘
283,09:50:57,5.77,0.0,4,2308,卖盘
284,09:51:01,5.77,0.0,1,577,卖盘
285,09:51:04,5.77,0.0,2,1154,卖盘
286,09:51:10,5.77,0.0,4,2308,卖盘
287,09:51:15,5.77,0.0,3,1731,卖盘
288,09:51:19,5.77,0.0,4,2308,卖盘
289,09:51:28,5.77,0.0,3,1731,卖盘
290,09:51:31,5.77,0.0,8,4616,卖盘
291,09:51:43,5.77,0.0,4,2308,卖盘
292,09:51:49,5.77,0.0,3,1731,卖盘
293,09:51:52,5.77,0.0,4,2308,卖盘
294,09:51:55,5.77,0.0,1,577,卖盘
295,09:51:58,5.77,0.0,1,577,卖盘
296,09:52:04,5.77,0.0,4,2308,卖盘
297,09:52:16,5.77,0.0,36,20772,卖盘
298,09:52:22,5.77,0.0,2,1154,卖盘
299,09:52:25,5.77,0.0,1,577,卖盘
300,09:52:28,5.77,0.0,5,2885,卖盘
301,09:52:34,5.78,0.01,2,1156,买盘
302,09:52:37,5.77,-0.01,79,45583,卖盘
303,09:52:49,5.76,-0.01,4,2304,卖盘
304,09:52:51,5.76,0.0,1,576,卖盘
305,09:52:55,5.77,0.01,88,50774,买盘
306,09:53:01,5.76,-0.01,4,2304,卖盘
307,09:53:09,5.76,0.0,4,2304,卖盘
308,09:53:12,5.76,0.0,1,576,卖盘
309,09:53:15,5.77,0.01,23,13268,买盘
310,09:53:18,5.76,-0.01,1,576,卖盘
311,09:53:22,5.77,0.01,6,3667,买盘
312,09:53:34,5.77,0.0,4,2308,卖盘
313,09:53:42,5.77,0.0,4,2308,卖盘
314,09:53:51,5.77,0.0,2,1154,卖盘
315,09:53:55,5.77,0.0,4,2308,卖盘
316,09:54:01,5.77,0.0,27,15579,卖盘
317,09:54:04,5.77,0.0,2,1154,卖盘
318,09:54:07,5.77,0.0,4,2308,卖盘
319,09:54:16,5.77,0.0,4,2308,卖盘
320,09:54:22,5.77,0.0,2,1154,卖盘
321,09:54:25,5.77,0.0,1,577,卖盘
322,09:54:28,5.78,0.01,56,32364,买盘
323,09:54:39,5.77,-0.01,4,2308,卖盘
324,09:54:45,5.77,0.0,4,2308,卖盘
325,09:54:49,5.77,0.0,5,2885,卖盘
326,09:55:00,5.77,0.0,4,2308,卖盘
327,09:55:13,5.77,0.0,4,2308,卖盘
328,09:55:18,5.77,0.0,3,1731,卖盘
329,09:55:25,5.77,0.0,1,577,卖盘
330,09:55:34,5.77,0.0,18,10387,卖盘
331,09:55:46,5.77,0.0,17,9809,卖盘
332,09:55:55,5.77,0.0,4,2308,卖盘
333,09:55:58,5.77,0.0,2,1154,卖盘
334,09:56:01,5.77,0.0,3,1731,卖盘
335,09:56:04,5.78,0.01,1,578,买盘
336,09:56:07,5.77,-0.01,4,2308,卖盘
337,09:56:13,5.77,0.0,10,5770,卖盘
338,09:56:16,5.77,0.0,1,577,卖盘
339,09:56:18,5.77,0.0,6,3462,卖盘
340,09:56:22,5.77,0.0,10,5770,卖盘
341,09:56:25,5.77,0.0,3,1731,卖盘
342,09:56:27,5.77,0.0,4,2308,卖盘
343,09:56:31,5.77,0.0,122,70186,卖盘
344,09:56:34,5.77,0.0,1,577,买盘
345,09:56:40,5.76,-0.01,4,2304,卖盘
346,09:56:52,5.76,0.0,4,2304,卖盘
347,09:57:01,5.76,0.0,4,2304,卖盘
348,09:57:04,5.77,0.01,1,577,买盘
349,09:57:24,5.76,-0.01,4,2304,卖盘
350,09:57:34,5.76,0.0,4,2304,卖盘
351,09:57:46,5.76,0.0,7,4032,卖盘
352,09:57:58,5.76,0.0,4,2304,卖盘
353,09:58:04,5.77,0.01,1,577,买盘
354,09:58:06,5.76,-0.01,4,2304,卖盘
355,09:58:19,5.76,0.0,9,5189,卖盘
356,09:58:31,5.76,0.0,4,2304,卖盘
357,09:58:52,5.76,0.0,4,2304,卖盘
358,09:58:55,5.77,0.01,62,35774,买盘
359,09:59:04,5.76,-0.01,5,2881,卖盘
360,09:59:15,5.76,0.0,4,2304,卖盘
361,09:59:25,5.76,0.0,4,2304,卖盘
362,09:59:37,5.76,0.0,4,2304,卖盘
363,09:59:48,5.76,0.0,4,2304,卖盘
364,09:59:58,5.76,0.0,4,2304,卖盘
365,10:00:04,5.77,0.01,1,577,买盘
366,10:00:10,5.76,-0.01,4,2304,卖盘
367,10:00:22,5.77,0.01,13,7497,买盘
368,10:00:31,5.77,0.0,5,2881,买盘
369,10:00:34,5.77,0.0,198,114454,买盘
370,10:00:40,5.78,0.01,1,578,买盘
371,10:00:49,5.78,0.0,1,578,买盘
372,10:00:55,5.78,0.0,16,9234,买盘
373,10:01:04,5.77,-0.01,4,2308,卖盘
374,10:01:06,5.78,0.01,20,11560,买盘
375,10:01:15,5.77,-0.01,4,2308,卖盘
376,10:01:18,5.78,0.01,1,578,买盘
377,10:01:28,5.78,0.0,109,62998,买盘
378,10:01:37,5.77,-0.01,10,5776,卖盘
379,10:01:46,5.78,0.01,1,578,买盘
380,10:01:49,5.77,-0.01,4,2308,卖盘
381,10:01:52,5.78,0.01,1,578,买盘
382,10:01:55,5.78,0.0,1,578,买盘
383,10:02:01,5.78,0.0,5,2886,买盘
384,10:02:09,5.77,-0.01,4,2308,卖盘
385,10:02:13,5.78,0.01,281,162418,买盘
386,10:02:16,5.78,0.0,1,578,买盘
387,10:02:19,5.79,0.01,304,175713,买盘
388,10:02:22,5.79,0.0,1,579,买盘
389,10:02:34,5.79,0.0,5,2888,买盘
390,10:02:40,5.79,0.0,1,579,买盘
391,10:02:43,5.77,-0.02,5,2886,卖盘
392,10:02:52,5.78,0.01,10,5775,买盘
393,10:02:55,5.77,-0.01,5,2886,卖盘
394,10:02:58,5.78,0.01,1,578,买盘
395,10:03:04,5.78,0.0,2,1156,买盘
396,10:03:06,5.78,0.0,5,2886,买盘
397,10:03:16,5.77,-0.01,4,2308,卖盘
398,10:03:22,5.78,0.01,2,1156,买盘
399,10:03:25,5.77,-0.01,12,6924,卖盘
400,10:03:28,5.77,0.0,4,2308,卖盘
401,10:03:40,5.77,0.0,4,2308,卖盘
402,10:03:42,5.78,0.01,1,578,买盘
403,10:03:46,5.78,0.0,1,578,买盘
404,10:03:49,5.77,-0.01,30,17336,卖盘
405,10:04:00,5.77,0.0,4,2308,卖盘
406,10:04:04,5.78,0.01,2,1156,买盘
407,10:04:10,5.78,0.0,1,578,买盘
408,10:04:13,5.77,-0.01,4,2308,卖盘
409,10:04:18,5.78,0.01,1,578,买盘
410,10:04:24,5.78,0.0,1,578,买盘
411,10:04:34,5.77,-0.01,4,2308,卖盘
412,10:04:36,5.77,0.0,24,13848,卖盘
413,10:04:40,5.78,0.01,1,578,买盘
414,10:04:46,5.78,0.0,20,11556,买盘
415,10:04:49,5.78,0.0,1,578,买盘
416,10:04:55,5.77,-0.01,4,2308,卖盘
417,10:05:04,5.78,0.01,1,578,买盘
418,10:05:07,5.77,-0.01,4,2308,卖盘
419,10:05:16,5.78,0.01,2,1156,买盘
420,10:05:19,5.77,-0.01,4,2308,卖盘
421,10:05:31,5.77,0.0,4,2308,卖盘
422,10:05:37,5.78,0.01,2,1156,买盘
423,10:05:40,5.77,-0.01,4,2308,卖盘
424,10:05:43,5.78,0.01,1,578,买盘
425,10:05:58,5.78,0.0,2,1156,买盘
426,10:06:04,5.77,-0.01,5,2886,卖盘
427,10:06:06,5.77,0.0,1,577,卖盘
428,10:06:12,5.77,0.0,4,2308,卖盘
429,10:06:15,5.77,0.0,10,5770,卖盘
430,10:06:18,5.77,0.0,10,5770,卖盘
431,10:06:25,5.77,0.0,5,2886,卖盘
432,10:06:27,5.78,0.01,1,578,买盘
433,10:06:36,5.78,0.0,5,2886,买盘
434,10:06:46,5.77,-0.01,4,2308,卖盘
435,10:06:55,5.78,0.01,1,578,买盘
436,10:06:58,5.77,-0.01,4,2308,卖盘
437,10:07:01,5.78,0.01,2,1156,买盘
438,10:07:04,5.78,0.0,1,578,买盘
439,10:07:10,5.77,-0.01,4,2308,卖盘
440,10:07:19,5.77,0.0,4,2308,卖盘
441,10:07:24,5.78,0.01,2,1156,买盘
442,10:07:28,5.78,0.0,1,578,买盘
443,10:07:33,5.78,0.0,1,578,买盘
444,10:07:37,5.77,-0.01,152,87704,卖盘
445,10:07:40,5.77,0.0,2,1154,卖盘
446,10:07:43,5.77,0.0,6,3462,卖盘
447,10:07:45,5.77,0.0,4,2308,买盘
448,10:07:51,5.77,0.0,4,2308,卖盘
449,10:08:04,5.77,0.0,4,2308,卖盘
450,10:08:06,5.77,0.0,20,11540,卖盘
451,10:08:13,5.77,0.0,85,48837,卖盘
452,10:08:16,5.76,-0.01,4,2304,卖盘
453,10:08:25,5.76,0.0,4,2304,卖盘
454,10:08:36,5.77,0.01,5,2881,买盘
455,10:08:49,5.76,-0.01,4,2304,卖盘
456,10:08:52,5.77,0.01,2,1154,买盘
457,10:08:55,5.77,0.0,1,577,买盘
458,10:08:58,5.76,-0.01,13,7498,卖盘
459,10:09:01,5.76,0.0,1,576,卖盘
460,10:09:04,5.77,0.01,1,577,买盘
461,10:09:22,5.76,-0.01,5,2881,卖盘
462,10:09:28,5.77,0.01,158,91166,买盘
463,10:09:31,5.76,-0.01,4,2304,卖盘
464,10:09:34,5.77,0.01,1,577,买盘
465,10:09:43,5.76,-0.01,4,2304,卖盘
466,10:09:49,5.77,0.01,1,577,买盘
467,10:09:55,5.76,-0.01,18,10368,卖盘
468,10:10:04,5.76,0.0,5,2881,卖盘
469,10:10:15,5.76,0.0,11,6336,卖盘
470,10:10:27,5.76,0.0,4,2304,卖盘
471,10:10:37,5.76,0.0,4,2304,卖盘
472,10:10:46,5.76,0.0,75,43200,卖盘
473,10:10:49,5.76,0.0,4,2304,卖盘
474,10:11:01,5.76,0.0,4,2304,卖盘
475,10:11:04,5.77,0.01,1,577,买盘
476,10:11:10,5.76,-0.01,100,57600,卖盘
477,10:11:22,5.76,0.0,4,2304,卖盘
478,10:11:34,5.76,0.0,7,4033,卖盘
479,10:11:46,5.76,0.0,4,2304,卖盘
480,10:11:55,5.76,0.0,4,2304,卖盘
481,10:11:58,5.76,0.0,10,5760,卖盘
482,10:12:01,5.76,0.0,77,44352,卖盘
483,10:12:04,5.77,0.01,1,577,买盘
484,10:12:07,5.76,-0.01,4,2304,卖盘
485,10:12:13,5.76,0.0,16,9216,卖盘
486,10:12:19,5.76,0.0,4,2304,卖盘
487,10:12:28,5.76,0.0,4,2304,卖盘
488,10:12:40,5.76,0.0,4,2304,卖盘
489,10:12:49,5.76,0.0,16,9216,卖盘
490,10:12:52,5.76,0.0,4,2304,卖盘
491,10:12:58,5.77,0.01,4,2308,买盘
492,10:13:04,5.77,0.0,1,577,买盘
493,10:13:13,5.76,-0.01,4,2304,卖盘
494,10:13:19,5.76,0.0,10,5760,卖盘
495,10:13:25,5.76,0.0,14,8064,卖盘
496,10:13:33,5.76,0.0,1,576,卖盘
497,10:13:37,5.76,0.0,3,1728,卖盘
498,10:13:46,5.76,0.0,4,2304,卖盘
499,10:13:58,5.76,0.0,4,2304,卖盘
500,10:14:04,5.77,0.01,1,577,买盘
501,10:14:07,5.76,-0.01,4,2304,卖盘
502,10:14:10,5.76,0.0,10,5760,卖盘
503,10:14:19,5.76,0.0,4,2304,卖盘
504,10:14:31,5.76,0.0,4,2304,卖盘
505,10:14:43,5.77,0.01,3,1731,买盘
506,10:14:52,5.76,-0.01,4,2304,卖盘
507,10:14:55,5.77,0.01,78,45006,买盘
508,10:14:58,5.77,0.0,132,76164,买盘
509,10:15:01,5.78,0.01,9,5202,买盘
510,10:15:04,5.77,-0.01,4,2308,卖盘
511,10:15:13,5.77,0.0,4,2308,卖盘
512,10:15:16,5.77,0.0,18,10386,卖盘
513,10:15:19,5.78,0.01,2,1156,买盘
514,10:15:25,5.77,-0.01,14,8088,卖盘
515,10:15:37,5.77,0.0,4,2308,卖盘
516,10:15:46,5.77,0.0,4,2308,卖盘
517,10:15:58,5.77,0.0,21,12117,卖盘
518,10:16:00,5.77,0.0,13,7501,买盘
519,10:16:04,5.77,0.0,8,4616,买盘
520,10:16:10,5.76,-0.01,4,2304,卖盘
521,10:16:13,5.76,0.0,13,7488,卖盘
522,10:16:19,5.76,0.0,4,2304,卖盘
523,10:16:22,5.77,0.01,3,1731,买盘
524,10:16:31,5.76,-0.01,4,2304,卖盘
525,10:16:34,5.77,0.01,2,1154,买盘
526,10:16:52,5.76,-0.01,4,2304,卖盘
527,10:17:04,5.76,0.0,5,2881,卖盘
528,10:17:16,5.76,0.0,4,2304,卖盘
529,10:17:22,5.76,0.0,20,11520,卖盘
530,10:17:25,5.76,0.0,4,2304,卖盘
531,10:17:36,5.76,0.0,4,2304,卖盘
532,10:17:49,5.76,0.0,4,2304,卖盘
533,10:17:52,5.77,0.01,4,2308,买盘
534,10:17:58,5.77,0.0,26,15002,买盘
535,10:18:01,5.76,-0.01,4,2304,卖盘
536,10:18:04,5.77,0.01,1,577,买盘
537,10:18:07,5.77,0.0,1,577,买盘
538,10:18:10,5.76,-0.01,4,2304,卖盘
539,10:18:34,5.76,0.0,4,2304,卖盘
540,10:18:43,5.76,0.0,4,2304,卖盘
541,10:18:55,5.76,0.0,4,2304,卖盘
542,10:18:58,5.76,0.0,295,169920,卖盘
543,10:19:04,5.76,0.0,20,11520,卖盘
544,10:19:07,5.76,0.0,4,2304,卖盘
545,10:19:15,5.76,0.0,4,2304,卖盘
546,10:19:18,5.76,0.0,35,20160,卖盘
547,10:19:25,5.77,0.01,90,51867,买盘
548,10:19:28,5.76,-0.01,4,2304,卖盘
549,10:19:43,5.75,-0.01,2,1151,卖盘
550,10:19:49,5.75,0.0,4,2300,卖盘
551,10:20:01,5.75,0.0,56,32200,卖盘
552,10:20:13,5.75,0.0,4,2301,卖盘
553,10:20:16,5.76,0.01,1,576,卖盘
554,10:20:22,5.75,-0.01,4,2300,卖盘
555,10:20:33,5.75,0.0,4,2300,卖盘
556,10:20:40,5.77,0.02,26,15002,买盘
557,10:20:46,5.75,-0.02,4,2300,卖盘
558,10:20:54,5.75,0.0,4,2300,卖盘
559,10:21:07,5.75,0.0,4,2301,卖盘
560,10:21:10,5.75,0.0,1,575,卖盘
561,10:21:18,5.75,0.0,4,2301,卖盘
562,10:21:28,5.75,0.0,4,2300,卖盘
563,10:21:43,5.75,0.0,53,30475,卖盘
564,10:21:48,5.75,0.0,8,4600,卖盘
565,10:21:52,5.75,0.0,13,7475,卖盘
566,10:22:00,5.75,0.0,4,2300,卖盘
567,10:22:04,5.76,0.01,1,576,买盘
568,10:22:12,5.75,-0.01,4,2300,卖盘
569,10:22:19,5.75,0.0,35,20125,卖盘
570,10:22:25,5.75,0.0,42,24188,卖盘
571,10:22:28,5.76,0.01,4,2304,买盘
572,10:22:31,5.76,0.0,27,15552,卖盘
573,10:22:33,5.75,-0.01,4,2300,卖盘
574,10:22:37,5.75,0.0,23,13225,卖盘
575,10:22:45,5.75,0.0,4,2300,卖盘
576,10:22:57,5.75,0.0,4,2300,卖盘
577,10:23:07,5.75,0.0,4,2300,卖盘
578,10:23:13,5.75,0.0,9,5175,卖盘
579,10:23:22,5.75,0.0,10,5750,卖盘
580,10:23:24,5.75,0.0,30,17250,卖盘
581,10:23:31,5.75,0.0,4,2300,卖盘
582,10:23:40,5.75,0.0,4,2300,卖盘
583,10:23:48,5.76,0.01,26,14976,买盘
584,10:23:52,5.75,-0.01,4,2300,卖盘
585,10:24:04,5.75,0.0,4,2300,卖盘
586,10:24:12,5.75,0.0,4,2300,卖盘
587,10:24:25,5.75,0.0,4,2300,卖盘
588,10:24:37,5.75,0.0,4,2300,卖盘
589,10:24:49,5.75,0.0,4,2300,卖盘
590,10:24:55,5.75,0.0,55,31625,卖盘
591,10:25:04,5.75,0.0,1,575,买盘
592,10:25:06,5.75,0.0,1,575,买盘
593,10:25:10,5.74,-0.01,6,3446,卖盘
594,10:25:21,5.74,0.0,4,2296,卖盘
595,10:25:31,5.75,0.01,21,12075,买盘
596,10:25:43,5.75,0.0,4,2300,卖盘
597,10:25:54,5.75,0.0,4,2300,卖盘
598,10:26:04,5.75,0.0,4,2300,卖盘
599,10:26:16,5.75,0.0,4,2300,卖盘
600,10:26:28,5.74,-0.01,4,2296,卖盘
601,10:26:37,5.74,0.0,4,2297,卖盘
602,10:26:49,5.76,0.02,30,17272,买盘
603,10:27:01,5.74,-0.02,4,2296,卖盘
604,10:27:21,5.75,0.01,4,2300,卖盘
605,10:27:33,5.75,0.0,4,2300,卖盘
606,10:27:43,5.75,0.0,5,2875,卖盘
607,10:27:52,5.76,0.01,8,4608,买盘
608,10:27:55,5.75,-0.01,4,2300,卖盘
609,10:28:07,5.75,0.0,4,2300,卖盘
610,10:28:19,5.76,0.01,28,16128,买盘
611,10:28:28,5.75,-0.01,4,2300,卖盘
612,10:28:39,5.75,0.0,4,2300,卖盘
613,10:28:43,5.75,0.0,1,575,卖盘
614,10:28:49,5.75,0.0,4,2300,卖盘
615,10:29:01,5.75,0.0,4,2300,卖盘
616,10:29:13,5.75,0.0,5,2875,卖盘
617,10:29:21,5.75,0.0,4,2300,卖盘
618,10:29:34,5.75,0.0,4,2300,卖盘
619,10:29:46,5.75,0.0,4,2300,卖盘
620,10:29:52,5.75,0.0,10,5750,卖盘
621,10:29:54,5.75,0.0,4,2300,卖盘
622,10:29:57,5.76,0.01,26,14976,买盘
623,10:30:04,5.76,0.0,8,4608,买盘
624,10:30:19,5.76,0.0,10,5756,买盘
625,10:30:28,5.75,-0.01,4,2300,卖盘
626,10:30:31,5.76,0.01,1,576,买盘
627,10:30:40,5.75,-0.01,4,2300,卖盘
628,10:30:51,5.75,0.0,4,2300,卖盘
629,10:31:04,5.75,0.0,4,2300,卖盘
630,10:31:13,5.75,0.0,4,2300,卖盘
631,10:31:16,5.76,0.01,31,17856,买盘
632,10:31:24,5.75,-0.01,4,2300,卖盘
633,10:31:30,5.76,0.01,27,15552,买盘
634,10:31:37,5.75,-0.01,4,2300,卖盘
635,10:31:40,5.75,0.0,12,6900,卖盘
636,10:31:45,5.75,0.0,4,2300,卖盘
637,10:31:52,5.76,0.01,50,28800,买盘
638,10:31:58,5.75,-0.01,4,2300,卖盘
639,10:32:09,5.75,0.0,4,2300,卖盘
640,10:32:13,5.76,0.01,58,33408,买盘
641,10:32:19,5.75,-0.01,4,2300,卖盘
642,10:32:33,5.76,0.01,8,4608,买盘
643,10:32:42,5.75,-0.01,4,2300,卖盘
644,10:32:46,5.76,0.01,26,14976,买盘
645,10:32:52,5.75,-0.01,12,6908,卖盘
646,10:33:01,5.76,0.01,2,1152,买盘
647,10:33:04,5.75,-0.01,4,2300,卖盘
648,10:33:13,5.76,0.01,35,20160,买盘
649,10:33:16,5.75,-0.01,24,13800,卖盘
650,10:33:22,5.76,0.01,120,69120,买盘
651,10:33:25,5.75,-0.01,8,4604,卖盘
652,10:33:28,5.76,0.01,3,1728,买盘
653,10:33:31,5.76,0.0,2,1152,买盘
654,10:33:34,5.76,0.0,2,1152,买盘
655,10:33:37,5.75,-0.01,9,5180,卖盘
656,10:33:39,5.76,0.01,3,1728,买盘
657,10:33:43,5.76,0.0,3,1728,买盘
658,10:33:46,5.76,0.0,7,4032,买盘
659,10:33:49,5.75,-0.01,5,2876,卖盘
660,10:33:52,5.77,0.02,6,3462,买盘
661,10:33:55,5.77,0.0,1,577,买盘
662,10:33:58,5.76,-0.01,2,1152,卖盘
663,10:34:01,5.76,0.0,2,1152,卖盘
664,10:34:10,5.76,0.0,3,1728,卖盘
665,10:34:19,5.77,0.01,7,4039,买盘
666,10:34:22,5.76,-0.01,1,576,卖盘
667,10:34:24,5.77,0.01,27,15579,买盘
668,10:34:27,5.77,0.0,6,3462,买盘
669,10:34:34,5.77,0.0,7,4035,买盘
670,10:34:40,5.76,-0.01,2,1152,卖盘
671,10:34:43,5.76,0.0,26,14998,卖盘
672,10:34:54,5.76,0.0,4,2304,卖盘
673,10:35:04,5.77,0.01,7,4039,买盘
674,10:35:07,5.76,-0.01,4,2304,卖盘
675,10:35:15,5.76,0.0,4,2304,卖盘
676,10:35:28,5.76,0.0,4,2304,卖盘
677,10:35:40,5.76,0.0,4,2304,卖盘
678,10:35:49,5.76,0.0,3,1728,卖盘
679,10:35:57,5.77,0.01,26,15002,买盘
680,10:36:01,5.77,0.0,8,4612,买盘
681,10:36:12,5.77,0.0,32,18463,买盘
682,10:36:16,5.77,0.0,98,56546,买盘
683,10:36:22,5.77,0.0,4,2308,卖盘
684,10:36:34,5.77,0.0,4,2308,卖盘
685,10:36:37,5.77,0.0,3,1731,卖盘
686,10:36:46,5.77,0.0,4,2308,卖盘
687,10:36:55,5.77,0.0,1,577,卖盘
688,10:36:58,5.77,0.0,3,1731,卖盘
689,10:37:06,5.77,0.0,4,2308,卖盘
690,10:37:19,5.77,0.0,3,1731,卖盘
691,10:37:31,5.77,0.0,1,577,卖盘
692,10:37:34,5.78,0.01,27,15606,买盘
693,10:37:40,5.77,-0.01,4,2308,卖盘
694,10:37:46,5.78,0.01,70,40460,买盘
695,10:37:49,5.78,0.0,12,6936,买盘
696,10:37:52,5.77,-0.01,4,2308,卖盘
697,10:37:57,5.78,0.01,10,5780,买盘
698,10:38:04,5.78,0.0,24,13868,买盘
699,10:38:13,5.77,-0.01,4,2308,卖盘
700,10:38:16,5.78,0.01,33,19074,买盘
701,10:38:21,5.78,0.0,12,6936,买盘
702,10:38:25,5.77,-0.01,4,2308,卖盘
703,10:38:31,5.78,0.01,241,139298,买盘
704,10:38:37,5.78,0.0,20,11560,卖盘
705,10:38:39,5.78,0.0,15,8670,买盘
706,10:38:43,5.78,0.0,55,31790,买盘
707,10:38:46,5.78,0.0,18,10400,买盘
708,10:38:57,5.78,0.0,3,1734,卖盘
709,10:39:10,5.78,0.0,4,2312,卖盘
710,10:39:19,5.78,0.0,1,578,卖盘
711,10:39:31,5.78,0.0,4,2312,卖盘
712,10:39:40,5.79,0.01,8,4632,买盘
713,10:39:43,5.78,-0.01,4,2312,卖盘
714,10:39:52,5.78,0.0,154,89162,卖盘
715,10:40:04,5.78,0.0,4,2312,卖盘
716,10:40:07,5.79,0.01,8,4632,买盘
717,10:40:16,5.79,0.0,154,89162,买盘
718,10:40:22,5.79,0.0,19,11001,买盘
719,10:40:24,5.79,0.0,14,8102,买盘
720,10:40:28,5.79,0.0,3,1737,买盘
721,10:40:34,5.78,-0.01,208,120232,卖盘
722,10:40:37,5.78,0.0,4,2312,卖盘
723,10:40:49,5.78,0.0,4,2312,卖盘
724,10:40:52,5.79,0.01,10,5790,买盘
725,10:40:58,5.78,-0.01,3,1734,卖盘
726,10:41:04,5.78,0.0,9,5202,卖盘
727,10:41:10,5.78,0.0,4,2312,卖盘
728,10:41:21,5.78,0.0,1,578,卖盘
729,10:41:31,5.78,0.0,4,2312,卖盘
730,10:41:43,5.78,0.0,4,2312,卖盘
731,10:41:49,5.79,0.01,23,13317,买盘
732,10:41:52,5.79,0.0,26,15054,买盘
733,10:41:54,5.79,0.0,69,39947,买盘
734,10:41:58,5.79,0.0,2,1158,买盘
735,10:42:01,5.79,0.0,2,1158,买盘
736,10:42:04,5.78,-0.01,6,3470,卖盘
737,10:42:13,5.79,0.01,8,4632,买盘
738,10:42:16,5.78,-0.01,4,2312,卖盘
739,10:42:28,5.78,0.0,4,2312,卖盘
740,10:42:37,5.78,0.0,4,2312,卖盘
741,10:42:46,5.78,0.0,50,28900,卖盘
742,10:42:49,5.78,0.0,23,13294,卖盘
743,10:43:01,5.77,-0.01,4,2308,卖盘
744,10:43:12,5.78,0.01,4,2312,卖盘
745,10:43:16,5.78,0.0,32,18523,卖盘
746,10:43:22,5.78,0.0,2,1156,卖盘
747,10:43:34,5.78,0.0,58,33524,卖盘
748,10:43:37,5.78,0.0,2,1156,买盘
749,10:43:46,5.77,-0.01,4,2308,卖盘
750,10:43:55,5.78,0.01,4,2312,卖盘
751,10:44:07,5.78,0.0,27,15629,卖盘
752,10:44:18,5.78,0.0,3,1734,卖盘
753,10:44:27,5.78,0.0,4,2312,卖盘
754,10:44:40,5.78,0.0,1,578,卖盘
755,10:44:46,5.79,0.01,8,4632,买盘
756,10:44:52,5.78,-0.01,4,2312,卖盘
757,10:44:57,5.79,0.01,26,15054,买盘
758,10:45:01,5.78,-0.01,4,2312,卖盘
759,10:45:12,5.78,0.0,4,2312,卖盘
760,10:45:25,5.78,0.0,4,2312,卖盘
761,10:45:34,5.78,0.0,4,2312,卖盘
762,10:45:46,5.78,0.0,4,2312,卖盘
763,10:45:57,5.78,0.0,3,1734,卖盘
764,10:46:07,5.78,0.0,4,2312,卖盘
765,10:46:18,5.78,0.0,28,16211,卖盘
766,10:46:31,5.77,-0.01,164,94788,卖盘
767,10:46:40,5.77,0.0,4,2308,卖盘
768,10:46:52,5.77,0.0,4,2308,卖盘
769,10:46:57,5.78,0.01,8,4624,买盘
770,10:47:04,5.78,0.0,5,2886,买盘
771,10:47:10,5.77,-0.01,41,23658,卖盘
772,10:47:12,5.77,0.0,4,2308,卖盘
773,10:47:21,5.78,0.01,1,578,买盘
774,10:47:24,5.77,-0.01,5,2886,卖盘
775,10:47:28,5.77,0.0,2,1155,卖盘
776,10:47:36,5.77,0.0,4,2308,卖盘
777,10:47:43,5.78,0.01,1,578,买盘
778,10:47:46,5.77,-0.01,30,17337,卖盘
779,10:47:48,5.78,0.01,4,2312,买盘
780,10:47:52,5.78,0.0,21,12138,买盘
781,10:47:55,5.78,0.0,10,5780,买盘
782,10:47:57,5.77,-0.01,7,4042,卖盘
783,10:48:01,5.78,0.01,4,2312,买盘
784,10:48:04,5.78,0.0,9,5202,买盘
785,10:48:06,5.78,0.0,4,2312,买盘
786,10:48:09,5.78,0.0,4,2311,买盘
787,10:48:19,5.77,-0.01,4,2308,卖盘
788,10:48:31,5.77,0.0,4,2308,卖盘
789,10:48:43,5.77,0.0,4,2308,卖盘
790,10:48:51,5.77,0.0,4,2308,卖盘
791,10:49:04,5.77,0.0,4,2308,卖盘
792,10:49:09,5.78,0.01,11,6358,买盘
793,10:49:13,5.78,0.0,7,4046,买盘
794,10:49:15,5.78,0.0,31,17914,买盘
795,10:49:24,5.77,-0.01,3,1731,卖盘
796,10:49:34,5.79,0.02,7,4053,买盘
797,10:49:37,5.77,-0.02,11,6367,卖盘
798,10:49:49,5.79,0.02,19,10993,买盘
799,10:49:57,5.77,-0.02,4,2308,卖盘
800,10:50:10,5.77,0.0,4,2308,卖盘
801,10:50:21,5.77,0.0,4,2308,卖盘
802,10:50:34,5.77,0.0,4,2308,卖盘
803,10:50:43,5.77,0.0,3,1731,卖盘
804,10:50:46,5.77,0.0,5,2885,卖盘
805,10:50:48,5.79,0.02,26,15054,买盘
806,10:50:55,5.77,-0.02,24,13848,卖盘
807,10:51:06,5.77,0.0,4,2308,卖盘
808,10:51:10,5.79,0.02,50,28950,买盘
809,10:51:16,5.77,-0.02,1,577,卖盘
810,10:51:19,5.78,0.01,2,1156,买盘
811,10:51:27,5.77,-0.01,4,2308,卖盘
812,10:51:39,5.77,0.0,4,2308,卖盘
813,10:51:46,5.79,0.02,8,4632,买盘
814,10:51:49,5.77,-0.02,4,2308,卖盘
815,10:52:01,5.77,0.0,4,2308,卖盘
816,10:52:13,5.77,0.0,4,2308,卖盘
817,10:52:22,5.77,0.0,3,1731,卖盘
818,10:52:24,5.79,0.02,27,15633,买盘
819,10:52:33,5.77,-0.02,1,577,卖盘
820,10:52:46,5.77,0.0,4,2308,卖盘
821,10:52:55,5.77,0.0,4,2308,卖盘
822,10:53:07,5.77,0.0,4,2308,卖盘
823,10:53:19,5.77,0.0,4,2308,卖盘
824,10:53:22,5.78,0.01,43,25166,买盘
825,10:53:28,5.78,0.0,4,2312,卖盘
826,10:53:40,5.79,0.01,30,17366,买盘
827,10:53:43,5.78,-0.01,20,11560,卖盘
828,10:53:52,5.78,0.0,4,2312,卖盘
829,10:53:54,5.78,0.0,1,578,卖盘
830,10:54:00,5.77,-0.01,13,7512,卖盘
831,10:54:04,5.78,0.01,8,4624,中性盘
832,10:54:13,5.77,-0.01,4,2308,卖盘
833,10:54:16,5.78,0.01,8,4624,买盘
834,10:54:25,5.77,-0.01,1,577,卖盘
835,10:54:33,5.77,0.0,4,2308,卖盘
836,10:54:46,5.77,0.0,4,2308,卖盘
837,10:54:57,5.77,0.0,4,2308,卖盘
838,10:55:06,5.77,0.0,4,2308,卖盘
839,10:55:16,5.78,0.01,40,23120,买盘
840,10:55:19,5.77,-0.01,4,2308,卖盘
841,10:55:25,5.78,0.01,17,9826,买盘
842,10:55:27,5.78,0.0,5,2890,卖盘
843,10:55:31,5.78,0.0,3,1734,卖盘
844,10:55:40,5.78,0.0,4,2312,卖盘
845,10:55:52,5.78,0.0,34,19652,卖盘
846,10:56:04,5.78,0.0,1,578,卖盘
847,10:56:07,5.78,0.0,4,2312,卖盘
848,10:56:15,5.77,-0.01,4,2308,卖盘
849,10:56:24,5.77,0.0,4,2308,卖盘
850,10:56:30,5.78,0.01,8,4624,买盘
851,10:56:37,5.77,-0.01,4,2308,卖盘
852,10:56:45,5.78,0.01,26,15028,买盘
853,10:56:49,5.77,-0.01,4,2308,卖盘
854,10:56:58,5.77,0.0,4,2308,卖盘
855,10:57:09,5.77,0.0,38,21926,卖盘
856,10:57:22,5.77,0.0,4,2308,卖盘
857,10:57:31,5.77,0.0,3,1731,卖盘
858,10:57:33,5.78,0.01,25,14450,买盘
859,10:57:43,5.77,-0.01,1,577,卖盘
860,10:57:49,5.77,0.0,4,2308,卖盘
861,10:57:54,5.77,0.0,4,2308,卖盘
862,10:58:04,5.77,0.0,4,2308,卖盘
863,10:58:16,5.77,0.0,10,5776,卖盘
864,10:58:19,5.78,0.01,27,15606,买盘
865,10:58:27,5.77,-0.01,4,2308,卖盘
866,10:58:37,5.77,0.0,4,2308,卖盘
867,10:58:48,5.77,0.0,4,2308,卖盘
868,10:59:01,5.77,0.0,4,2308,卖盘
869,10:59:04,5.78,0.01,8,4624,买盘
870,10:59:10,5.77,-0.01,4,2308,卖盘
871,10:59:21,5.77,0.0,4,2308,卖盘
872,10:59:31,5.77,0.0,51,29427,卖盘
873,10:59:34,5.77,0.0,4,2308,卖盘
874,10:59:43,5.77,0.0,4,2308,卖盘
875,10:59:49,5.78,0.01,26,15028,买盘
876,10:59:55,5.77,-0.01,3,1731,卖盘
877,11:00:07,5.77,0.0,1,577,卖盘
878,11:00:16,5.77,0.0,4,2308,卖盘
879,11:00:21,5.78,0.01,1,578,买盘
880,11:00:27,5.77,-0.01,4,2308,卖盘
881,11:00:37,5.77,0.0,90,51930,卖盘
882,11:00:40,5.77,0.0,4,2308,卖盘
883,11:00:49,5.77,0.0,4,2308,卖盘
884,11:01:00,5.77,0.0,4,2308,卖盘
885,11:01:12,5.77,0.0,4,2308,卖盘
886,11:01:18,5.78,0.01,27,15606,买盘
887,11:01:21,5.77,-0.01,4,2308,卖盘
888,11:01:25,5.78,0.01,8,4624,买盘
889,11:01:33,5.77,-0.01,2,1154,卖盘
890,11:01:46,5.77,0.0,3,1731,卖盘
891,11:01:54,5.77,0.0,2,1154,卖盘
892,11:01:57,5.77,0.0,1,577,卖盘
893,11:02:07,5.77,0.0,4,2308,卖盘
894,11:02:19,5.77,0.0,4,2308,卖盘
895,11:02:22,5.78,0.01,15,8670,买盘
896,11:02:31,5.77,-0.01,4,2308,卖盘
897,11:02:39,5.77,0.0,2,1154,卖盘
898,11:02:42,5.77,0.0,2,1154,卖盘
899,11:02:49,5.78,0.01,26,15028,买盘
900,11:02:52,5.77,-0.01,4,2308,卖盘
901,11:03:04,5.77,0.0,4,2308,卖盘
902,11:03:12,5.77,0.0,2,1154,卖盘
903,11:03:25,5.77,0.0,3,1731,卖盘
904,11:03:36,5.77,0.0,4,2308,卖盘
905,11:03:45,5.77,0.0,2,1154,卖盘
906,11:03:49,5.77,0.0,1,577,卖盘
907,11:03:52,5.78,0.01,7,4046,买盘
908,11:03:58,5.77,-0.01,4,2308,卖盘
909,11:04:09,5.77,0.0,4,2308,卖盘
910,11:04:18,5.78,0.01,27,15606,买盘
911,11:04:22,5.77,-0.01,4,2308,卖盘
912,11:04:31,5.77,0.0,4,2308,卖盘
913,11:04:43,5.77,0.0,4,2308,卖盘
914,11:04:52,5.77,0.0,3,1731,卖盘
915,11:05:04,5.77,0.0,4,2308,卖盘
916,11:05:15,5.77,0.0,4,2308,卖盘
917,11:05:22,5.78,0.01,146,84388,买盘
918,11:05:27,5.78,0.0,2,1156,卖盘
919,11:05:36,5.78,0.0,84,48552,卖盘
920,11:05:48,5.78,0.0,3,1734,卖盘
921,11:05:51,5.79,0.01,26,15054,买盘
922,11:05:58,5.78,-0.01,2,1156,卖盘
923,11:06:01,5.78,0.0,2,1156,卖盘
924,11:06:06,5.78,0.0,2,1156,卖盘
925,11:06:10,5.79,0.01,54,31220,买盘
926,11:06:22,5.77,-0.02,4,2311,卖盘
927,11:06:31,5.77,0.0,4,2308,卖盘
928,11:06:43,5.77,0.0,4,2308,卖盘
929,11:06:55,5.77,0.0,3,1731,卖盘
930,11:07:04,5.77,0.0,3,1731,卖盘
931,11:07:15,5.77,0.0,3,1731,卖盘
932,11:07:18,5.78,0.01,10,5780,买盘
933,11:07:24,5.78,0.0,27,15606,买盘
934,11:07:27,5.77,-0.01,3,1731,卖盘
935,11:07:37,5.77,0.0,4,2308,卖盘
936,11:07:39,5.78,0.01,25,14450,买盘
937,11:07:43,5.78,0.0,73,42194,买盘
938,11:07:45,5.78,0.0,18,10404,买盘
939,11:07:48,5.78,0.0,16,9244,买盘
940,11:07:55,5.78,0.0,14,8092,买盘
941,11:08:00,5.77,-0.01,4,2308,卖盘
942,11:08:10,5.77,0.0,4,2308,卖盘
943,11:08:22,5.77,0.0,4,2308,卖盘
944,11:08:31,5.78,0.01,8,4624,买盘
945,11:08:33,5.77,-0.01,3,1731,卖盘
946,11:08:46,5.78,0.01,46,26584,买盘
947,11:08:54,5.77,-0.01,29,16759,卖盘
948,11:09:07,5.77,0.0,4,2308,卖盘
949,11:09:15,5.77,0.0,37,21349,卖盘
950,11:09:18,5.77,0.0,3,1731,卖盘
951,11:09:27,5.77,0.0,4,2308,卖盘
952,11:09:39,5.77,0.0,3,1731,卖盘
953,11:09:48,5.78,0.01,3,1734,买盘
954,11:09:52,5.77,-0.01,4,2308,卖盘
955,11:10:01,5.77,0.0,4,2308,卖盘
956,11:10:13,5.77,0.0,4,2308,卖盘
957,11:10:22,5.78,0.01,27,15606,买盘
958,11:10:24,5.77,-0.01,4,2308,卖盘
959,11:10:34,5.77,0.0,3,1731,卖盘
960,11:10:46,5.77,0.0,170,98090,卖盘
961,11:10:48,5.77,0.0,5,2885,买盘
962,11:10:52,5.77,0.0,8,4616,买盘
963,11:10:57,5.76,-0.01,3,1728,卖盘
964,11:11:06,5.76,0.0,4,2304,卖盘
965,11:11:18,5.76,0.0,3,1728,卖盘
966,11:11:27,5.76,0.0,20,11520,卖盘
967,11:11:30,5.76,0.0,4,2304,卖盘
968,11:11:40,5.76,0.0,3,1728,卖盘
969,11:11:52,5.76,0.0,4,2304,卖盘
970,11:11:57,5.77,0.01,22,12694,买盘
971,11:12:04,5.77,0.0,4,2308,卖盘
972,11:12:13,5.77,0.0,1,577,卖盘
973,11:12:16,5.77,0.0,6,3462,卖盘
974,11:12:25,5.76,-0.01,3,1728,卖盘
975,11:12:36,5.76,0.0,4,2304,卖盘
976,11:12:46,5.76,0.0,2,1152,卖盘
977,11:12:58,5.76,0.0,4,2304,卖盘
978,11:13:10,5.76,0.0,30,17307,卖盘
979,11:13:19,5.76,0.0,2,1152,卖盘
980,11:13:22,5.77,0.01,10,5768,买盘
981,11:13:31,5.76,-0.01,4,2304,卖盘
982,11:13:42,5.76,0.0,4,2304,卖盘
983,11:13:52,5.76,0.0,1,576,卖盘
984,11:13:55,5.76,0.0,3,1728,卖盘
985,11:14:04,5.76,0.0,4,2304,卖盘
986,11:14:15,5.76,0.0,1,576,卖盘
987,11:14:24,5.76,0.0,4,2304,卖盘
988,11:14:37,5.76,0.0,4,2304,卖盘
989,11:14:48,5.76,0.0,4,2304,卖盘
990,11:14:52,5.76,0.0,5,2880,卖盘
991,11:14:58,5.76,0.0,29,16730,卖盘
992,11:15:10,5.76,0.0,4,2304,卖盘
993,11:15:22,5.76,0.0,4,2304,卖盘
994,11:15:33,5.76,0.0,3,1728,卖盘
995,11:15:40,5.77,0.01,8,4616,买盘
996,11:15:43,5.76,-0.01,4,2304,卖盘
997,11:15:55,5.76,0.0,2,1152,卖盘
998,11:16:07,5.76,0.0,4,2304,卖盘
999,11:16:13,5.77,0.01,27,15579,买盘
1000,11:16:16,5.76,-0.01,4,2304,卖盘
1001,11:16:27,5.76,0.0,3,1728,卖盘
1002,11:16:40,5.76,0.0,4,2304,卖盘
1003,11:16:49,5.76,0.0,14,8064,卖盘
1004,11:17:00,5.76,0.0,4,2304,卖盘
1005,11:17:12,5.76,0.0,3,1728,卖盘
1006,11:17:21,5.76,0.0,4,2304,卖盘
1007,11:17:34,5.76,0.0,2,1152,卖盘
1008,11:17:45,5.76,0.0,4,2304,卖盘
1009,11:17:55,5.76,0.0,3,1728,卖盘
1010,11:17:58,5.77,0.01,9,5193,买盘
1011,11:18:06,5.78,0.01,7,4042,买盘
1012,11:18:13,5.78,0.0,7,4046,买盘
1013,11:18:19,5.77,-0.01,4,2308,卖盘
1014,11:18:21,5.77,0.0,1,577,卖盘
1015,11:18:27,5.77,0.0,3,1731,卖盘
1016,11:18:39,5.77,0.0,4,2308,卖盘
1017,11:18:42,5.77,0.0,6,3462,卖盘
1018,11:18:52,5.77,0.0,12,6924,卖盘
1019,11:18:58,5.75,-0.02,51,29354,卖盘
1020,11:19:01,5.75,0.0,4,2300,卖盘
1021,11:19:13,5.75,0.0,4,2300,卖盘
1022,11:19:19,5.77,0.02,2,1154,买盘
1023,11:19:22,5.77,0.0,2,1154,卖盘
1024,11:19:25,5.75,-0.02,203,116775,卖盘
1025,11:19:33,5.75,0.0,4,2300,卖盘
1026,11:19:42,5.75,0.0,40,23000,卖盘
1027,11:19:45,5.75,0.0,4,2300,卖盘
1028,11:19:58,5.75,0.0,4,2300,卖盘
1029,11:20:06,5.75,0.0,3,1725,卖盘
1030,11:20:18,5.75,0.0,4,2300,卖盘
1031,11:20:30,5.75,0.0,2,1150,卖盘
1032,11:20:36,5.77,0.02,6,3462,买盘
1033,11:20:39,5.76,-0.01,4,2307,卖盘
1034,11:20:48,5.76,0.0,2,1152,卖盘
1035,11:20:51,5.76,0.0,3,1728,卖盘
1036,11:20:57,5.78,0.02,26,15028,买盘
1037,11:21:04,5.76,-0.02,4,2304,卖盘
1038,11:21:12,5.76,0.0,4,2304,卖盘
1039,11:21:25,5.76,0.0,3,1728,卖盘
1040,11:21:37,5.76,0.0,4,2304,卖盘
1041,11:21:49,5.76,0.0,2,1152,卖盘
1042,11:21:57,5.76,0.0,4,2304,卖盘
1043,11:22:09,5.76,0.0,3,1728,卖盘
1044,11:22:12,5.78,0.02,27,15606,买盘
1045,11:22:21,5.76,-0.02,4,2304,卖盘
1046,11:22:30,5.76,0.0,4,2304,卖盘
1047,11:22:43,5.76,0.0,3,1728,卖盘
1048,11:22:55,5.76,0.0,4,2304,卖盘
1049,11:23:01,5.78,0.02,8,4624,买盘
1050,11:23:03,5.76,-0.02,4,2304,卖盘
1051,11:23:16,5.76,0.0,3,1728,卖盘
1052,11:23:27,5.76,0.0,3,1728,卖盘
1053,11:23:36,5.76,0.0,2,1152,卖盘
1054,11:23:39,5.75,-0.01,2,1150,卖盘
1055,11:23:49,5.75,0.0,4,2300,卖盘
1056,11:23:54,5.78,0.03,26,15028,买盘
1057,11:24:00,5.75,-0.03,3,1725,卖盘
1058,11:24:09,5.75,0.0,2,1150,卖盘
1059,11:24:12,5.75,0.0,2,1150,卖盘
1060,11:24:22,5.75,0.0,4,2300,卖盘
1061,11:24:34,5.75,0.0,4,2300,卖盘
1062,11:24:39,5.78,0.03,7,4046,买盘
1063,11:24:43,5.76,-0.02,3,1727,中性盘
1064,11:24:46,5.76,0.0,1,576,卖盘
1065,11:24:55,5.75,-0.01,3,1727,卖盘
1066,11:25:01,5.78,0.03,7,4046,买盘
1067,11:25:06,5.76,-0.02,3,1728,卖盘
1068,11:25:10,5.78,0.02,104,60112,买盘
1069,11:25:16,5.76,-0.02,3,1728,卖盘
1070,11:25:18,5.76,0.0,1,576,卖盘
1071,11:25:25,5.78,0.02,27,15606,买盘
1072,11:25:28,5.76,-0.02,2,1152,卖盘
1073,11:25:34,5.77,0.01,1,577,买盘
1074,11:25:40,5.76,-0.01,12,6920,卖盘
1075,11:25:42,5.77,0.01,129,74433,买盘
1076,11:25:49,5.76,-0.01,3,1728,卖盘
1077,11:25:51,5.76,0.0,26,14976,卖盘
1078,11:26:01,5.76,0.0,4,2304,卖盘
1079,11:26:13,5.76,0.0,4,2304,卖盘
1080,11:26:21,5.76,0.0,3,1728,卖盘
1081,11:26:24,5.76,0.0,1,576,卖盘
1082,11:26:34,5.76,0.0,4,2304,卖盘
1083,11:26:46,5.76,0.0,2,1152,卖盘
1084,11:26:49,5.77,0.01,26,15002,买盘
1085,11:26:54,5.76,-0.01,3,1728,卖盘
1086,11:26:57,5.76,0.0,1,576,卖盘
1087,11:27:07,5.76,0.0,4,2304,卖盘
1088,11:27:12,5.77,0.01,2,1154,买盘
1089,11:27:18,5.76,-0.01,22,12690,卖盘
1090,11:27:28,5.76,0.0,1,576,卖盘
1091,11:27:30,5.76,0.0,2,1152,卖盘
1092,11:27:40,5.76,0.0,1,576,卖盘
1093,11:27:43,5.77,0.01,10,5768,买盘
1094,11:27:51,5.76,-0.01,4,2304,卖盘
1095,11:27:58,5.76,0.0,13,7488,卖盘
1096,11:28:04,5.76,0.0,16,9212,买盘
1097,11:28:12,5.75,-0.01,4,2300,卖盘
1098,11:28:25,5.75,0.0,3,1725,卖盘
1099,11:28:28,5.76,0.01,6,3456,买盘
1100,11:28:36,5.76,0.0,4,2304,卖盘
1101,11:28:45,5.76,0.0,4,2304,卖盘
1102,11:28:58,5.76,0.0,3,1728,卖盘
1103,11:29:09,5.76,0.0,4,2304,卖盘
1104,11:29:19,5.76,0.0,3,1728,卖盘
1105,11:29:30,5.76,0.0,3,1728,卖盘
1106,11:29:42,5.76,0.0,4,2304,卖盘
1107,11:29:45,5.77,0.01,26,15002,买盘
1108,11:29:51,5.76,-0.01,4,2304,卖盘
1109,13:00:05,5.76,0.0,76,43844,卖盘
1110,13:00:07,5.77,0.01,40,23080,买盘
1111,13:00:16,5.77,0.0,4,2308,卖盘
1112,13:00:25,5.77,0.0,4,2308,卖盘
1113,13:00:37,5.77,0.0,4,2308,卖盘
1114,13:00:46,5.78,0.01,38,21964,买盘
1115,13:00:48,5.77,-0.01,4,2308,卖盘
1116,13:00:57,5.77,0.0,3,1731,卖盘
1117,13:01:04,5.77,0.0,30,17310,卖盘
1118,13:01:09,5.77,0.0,4,2308,卖盘
1119,13:01:15,5.78,0.01,27,15606,买盘
1120,13:01:21,5.77,-0.01,4,2308,卖盘
1121,13:01:30,5.77,0.0,4,2308,卖盘
1122,13:01:42,5.77,0.0,3,1731,卖盘
1123,13:01:54,5.77,0.0,104,60008,卖盘
1124,13:02:04,5.77,0.0,4,2308,卖盘
1125,13:02:15,5.77,0.0,3,1731,卖盘
1126,13:02:22,5.78,0.01,5,2890,买盘
1127,13:02:28,5.77,-0.01,3,1731,卖盘
1128,13:02:36,5.77,0.0,4,2308,卖盘
1129,13:02:49,5.77,0.0,37,21383,卖盘
1130,13:03:00,5.77,0.0,4,2308,卖盘
1131,13:03:10,5.77,0.0,4,2308,卖盘
1132,13:03:13,5.77,0.0,100,57700,卖盘
1133,13:03:15,5.77,0.0,100,57700,卖盘
1134,13:03:18,5.77,0.0,64,36928,卖盘
1135,13:03:21,5.77,0.0,8,4616,卖盘
1136,13:03:33,5.77,0.0,4,2308,卖盘
1137,13:03:42,5.77,0.0,7,4044,卖盘
1138,13:03:51,5.77,0.0,10,5770,卖盘
1139,13:03:54,5.77,0.0,4,2308,卖盘
1140,13:04:07,5.77,0.0,4,2308,卖盘
1141,13:04:16,5.77,0.0,11,6347,卖盘
1142,13:04:18,5.77,0.0,161,92897,卖盘
1143,13:04:22,5.77,0.0,92,53115,卖盘
1144,13:04:25,5.77,0.0,67,38659,卖盘
1145,13:04:27,5.76,-0.01,3,1728,卖盘
1146,13:04:40,5.76,0.0,9,5184,卖盘
1147,13:04:51,5.76,0.0,4,2304,卖盘
1148,13:04:54,5.77,0.01,7,4039,买盘
1149,13:05:01,5.76,-0.01,4,2304,卖盘
1150,13:05:12,5.76,0.0,3,1728,卖盘
1151,13:05:24,5.76,0.0,4,2304,卖盘
1152,13:05:30,5.77,0.01,55,31735,买盘
1153,13:05:34,5.76,-0.01,18,10368,卖盘
1154,13:05:37,5.76,0.0,3,1728,卖盘
1155,13:05:46,5.76,0.0,2,1152,卖盘
1156,13:05:57,5.77,0.01,38,21922,买盘
1157,13:06:07,5.76,-0.01,4,2304,卖盘
1158,13:06:18,5.76,0.0,15,8640,卖盘
1159,13:06:24,5.77,0.01,5,2885,买盘
1160,13:06:30,5.76,-0.01,3,1728,卖盘
1161,13:06:39,5.76,0.0,4,2304,卖盘
1162,13:06:42,5.76,0.0,11,6336,卖盘
1163,13:06:51,5.76,0.0,4,2304,卖盘
1164,13:07:04,5.76,0.0,15,8640,卖盘
1165,13:07:13,5.75,-0.01,3,1727,卖盘
1166,13:07:22,5.77,0.02,34,19618,买盘
1167,13:07:24,5.75,-0.02,4,2300,卖盘
1168,13:07:37,5.75,0.0,2,1150,卖盘
1169,13:07:45,5.75,0.0,4,2300,卖盘
1170,13:07:57,5.75,0.0,4,2300,卖盘
1171,13:08:09,5.75,0.0,4,2300,卖盘
1172,13:08:16,5.77,0.02,30,17310,买盘
1173,13:08:18,5.75,-0.02,4,2300,卖盘
1174,13:08:21,5.77,0.02,15,8655,买盘
1175,13:08:30,5.75,-0.02,3,1725,卖盘
1176,13:08:42,5.75,0.0,3,1725,卖盘
1177,13:08:49,5.77,0.02,28,16154,买盘
1178,13:08:52,5.76,-0.01,4,2304,卖盘
1179,13:09:04,5.76,0.0,2,1152,卖盘
1180,13:09:15,5.76,0.0,4,2304,卖盘
1181,13:09:24,5.76,0.0,4,2304,卖盘
1182,13:09:31,5.77,0.01,22,12694,买盘
1183,13:09:37,5.76,-0.01,3,1728,卖盘
1184,13:09:49,5.77,0.01,12,6920,买盘
1185,13:10:00,5.76,-0.01,3,1728,卖盘
1186,13:10:04,5.77,0.01,51,29427,买盘
1187,13:10:07,5.77,0.0,16,9232,买盘
1188,13:10:10,5.77,0.0,4,2308,中性盘
1189,13:10:12,5.78,0.01,26,15028,买盘
1190,13:10:15,5.77,-0.01,2,1154,卖盘
1191,13:10:21,5.76,-0.01,7,4037,卖盘
1192,13:10:24,5.77,0.01,12,6924,买盘
1193,13:10:27,5.77,0.0,2,1154,买盘
1194,13:10:33,5.77,0.0,4,2308,卖盘
1195,13:10:42,5.76,-0.01,12,6920,卖盘
1196,13:10:46,5.76,0.0,223,128448,卖盘
1197,13:10:48,5.76,0.0,50,28800,买盘
1198,13:10:52,5.76,0.0,27,15552,买盘
1199,13:10:55,5.76,0.0,3,1728,卖盘
1200,13:11:06,5.76,0.0,4,2304,卖盘
1201,13:11:16,5.76,0.0,4,2304,卖盘
1202,13:11:27,5.75,-0.01,3,1726,卖盘
1203,13:11:33,5.76,0.01,3,1728,买盘
1204,13:11:36,5.76,0.0,3,1728,买盘
1205,13:11:40,5.76,0.0,7,4028,买盘
1206,13:11:49,5.75,-0.01,4,2300,卖盘
1207,13:11:52,5.77,0.02,18,10385,买盘
1208,13:12:01,5.76,-0.01,4,2304,卖盘
1209,13:12:04,5.77,0.01,8,4616,买盘
1210,13:12:13,5.76,-0.01,2,1152,卖盘
1211,13:12:21,5.76,0.0,9,5189,卖盘
1212,13:12:33,5.76,0.0,4,2304,卖盘
1213,13:12:45,5.76,0.0,3,1728,卖盘
1214,13:12:54,5.76,0.0,4,2304,卖盘
1215,13:13:07,5.76,0.0,4,2304,卖盘
1216,13:13:19,5.77,0.01,30,17306,买盘
1217,13:13:28,5.76,-0.01,3,1728,卖盘
1218,13:13:39,5.76,0.0,4,2304,卖盘
1219,13:13:42,5.77,0.01,10,5770,买盘
1220,13:13:52,5.76,-0.01,4,2304,卖盘
1221,13:14:01,5.76,0.0,2,1152,卖盘
1222,13:14:13,5.76,0.0,4,2304,卖盘
1223,13:14:25,5.76,0.0,9,5189,卖盘
1224,13:14:33,5.76,0.0,4,2304,卖盘
1225,13:14:43,5.77,0.01,8,4616,买盘
1226,13:14:46,5.76,-0.01,3,1728,卖盘
1227,13:14:58,5.76,0.0,4,2304,卖盘
1228,13:15:01,5.77,0.01,27,15579,买盘
1229,13:15:06,5.76,-0.01,4,2304,卖盘
1230,13:15:18,5.76,0.0,3,1728,卖盘
1231,13:15:30,5.76,0.0,4,2304,卖盘
1232,13:15:39,5.76,0.0,2,1152,卖盘
1233,13:15:52,5.76,0.0,4,2304,卖盘
1234,13:16:04,5.76,0.0,3,1728,卖盘
1235,13:16:16,5.76,0.0,4,2304,卖盘
1236,13:16:22,5.77,0.01,5,2885,买盘
1237,13:16:25,5.76,-0.01,29,16730,卖盘
1238,13:16:37,5.76,0.0,4,2304,卖盘
1239,13:16:40,5.77,0.01,24,13848,买盘
1240,13:16:45,5.77,0.0,1,577,买盘
1241,13:16:49,5.76,-0.01,4,2304,卖盘
1242,13:16:55,5.77,0.01,1,577,买盘
1243,13:16:57,5.76,-0.01,2,1152,卖盘
1244,13:17:00,5.77,0.01,8,4616,买盘
1245,13:17:04,5.77,0.0,1,577,买盘
1246,13:17:10,5.76,-0.01,4,2304,卖盘
1247,13:17:16,5.77,0.01,1,577,买盘
1248,13:17:22,5.76,-0.01,4,2304,卖盘
1249,13:17:24,5.77,0.01,1,577,买盘
1250,13:17:30,5.76,-0.01,4,2304,卖盘
1251,13:17:40,5.77,0.01,1,577,买盘
1252,13:17:42,5.76,-0.01,4,2304,卖盘
1253,13:17:48,5.77,0.01,28,16156,买盘
1254,13:17:54,5.76,-0.01,3,1728,卖盘
1255,13:17:58,5.77,0.01,1,577,买盘
1256,13:18:04,5.76,-0.01,4,2304,卖盘
1257,13:18:09,5.77,0.01,1,577,买盘
1258,13:18:16,5.76,-0.01,3,1728,卖盘
1259,13:18:18,5.77,0.01,1,577,买盘
1260,13:18:25,5.77,0.0,5,2885,买盘
1261,13:18:27,5.77,0.0,5,2881,买盘
1262,13:18:36,5.76,-0.01,4,2304,卖盘
1263,13:18:40,5.77,0.01,1,577,买盘
1264,13:18:48,5.76,-0.01,2,1152,卖盘
1265,13:18:51,5.77,0.01,1,577,买盘
1266,13:19:01,5.76,-0.01,5,2881,卖盘
1267,13:19:10,5.76,0.0,4,2304,卖盘
1268,13:19:13,5.77,0.01,1,577,买盘
1269,13:19:21,5.76,-0.01,3,1728,卖盘
1270,13:19:24,5.77,0.01,8,4616,买盘
1271,13:19:31,5.77,0.0,1,577,买盘
1272,13:19:33,5.77,0.0,30,17306,买盘
1273,13:19:43,5.76,-0.01,4,2305,卖盘
1274,13:19:52,5.77,0.01,1,577,买盘
1275,13:19:54,5.76,-0.01,4,2304,卖盘
1276,13:20:04,5.77,0.01,1,577,买盘
1277,13:20:07,5.76,-0.01,4,2304,卖盘
1278,13:20:19,5.77,0.01,8,4613,买盘
1279,13:20:28,5.76,-0.01,3,1728,卖盘
1280,13:20:39,5.76,0.0,4,2304,卖盘
1281,13:20:43,5.77,0.01,1,577,买盘
1282,13:20:46,5.77,0.0,1,577,买盘
1283,13:20:48,5.76,-0.01,5,2880,卖盘
1284,13:20:51,5.76,0.0,4,2304,卖盘
1285,13:20:54,5.77,0.01,27,15579,买盘
1286,13:21:00,5.76,-0.01,3,1728,卖盘
1287,13:21:13,5.76,0.0,4,2304,卖盘
1288,13:21:16,5.76,0.0,20,11520,卖盘
1289,13:21:21,5.76,0.0,2,1152,卖盘
1290,13:21:24,5.76,0.0,1,576,卖盘
1291,13:21:34,5.76,0.0,4,2304,卖盘
1292,13:21:39,5.77,0.01,8,4616,买盘
1293,13:21:46,5.76,-0.01,4,2304,卖盘
1294,13:21:58,5.76,0.0,4,2304,卖盘
1295,13:22:01,5.76,0.0,103,59328,卖盘
1296,13:22:07,5.75,-0.01,3,1725,卖盘
1297,13:22:12,5.76,0.01,13,7488,买盘
1298,13:22:16,5.75,-0.01,10,5750,卖盘
1299,13:22:19,5.76,0.01,34,19581,买盘
1300,13:22:25,5.76,0.0,11,6336,买盘
1301,13:22:30,5.75,-0.01,4,2300,卖盘
1302,13:22:42,5.75,0.0,4,2300,卖盘
1303,13:22:52,5.75,0.0,4,2300,卖盘
1304,13:23:04,5.75,0.0,3,1725,卖盘
1305,13:23:12,5.75,0.0,1,575,卖盘
1306,13:23:16,5.75,0.0,3,1725,卖盘
1307,13:23:25,5.75,0.0,3,1725,卖盘
1308,13:23:36,5.75,0.0,4,2300,卖盘
1309,13:23:49,5.75,0.0,2,1150,卖盘
1310,13:23:52,5.76,0.01,27,15552,买盘
1311,13:23:58,5.75,-0.01,4,2300,卖盘
1312,13:24:10,5.75,0.0,4,2300,卖盘
1313,13:24:15,5.76,0.01,8,4608,买盘
1314,13:24:19,5.75,-0.01,2,1150,卖盘
1315,13:24:21,5.76,0.01,7,4030,买盘
1316,13:24:31,5.76,0.0,5,2876,买盘
1317,13:24:43,5.75,-0.01,3,1725,卖盘
1318,13:24:54,5.75,0.0,3,1725,卖盘
1319,13:25:04,5.75,0.0,4,2300,卖盘
1320,13:25:15,5.75,0.0,2,1150,卖盘
1321,13:25:25,5.75,0.0,27,15551,卖盘
1322,13:25:27,5.75,0.0,3,1725,卖盘
1323,13:25:36,5.75,0.0,4,2300,卖盘
1324,13:25:49,5.75,0.0,4,2300,卖盘
1325,13:26:01,5.75,0.0,4,2300,卖盘
1326,13:26:06,5.76,0.01,3,1728,买盘
1327,13:26:09,5.75,-0.01,4,2300,卖盘
1328,13:26:19,5.76,0.01,5,2880,买盘
1329,13:26:22,5.75,-0.01,3,1725,卖盘
1330,13:26:34,5.75,0.0,4,2300,卖盘
1331,13:26:36,5.75,0.0,5,2875,卖盘
1332,13:26:40,5.76,0.01,8,4608,买盘
1333,13:26:43,5.75,-0.01,3,1725,卖盘
1334,13:26:55,5.76,0.01,31,17852,买盘
1335,13:27:06,5.75,-0.01,4,2300,卖盘
1336,13:27:16,5.75,0.0,3,1725,卖盘
1337,13:27:28,5.75,0.0,3,1725,卖盘
1338,13:27:39,5.75,0.0,4,2300,卖盘
1339,13:27:48,5.75,0.0,4,2300,卖盘
1340,13:28:01,5.75,0.0,4,2300,卖盘
1341,13:28:12,5.75,0.0,3,1725,卖盘
1342,13:28:22,5.75,0.0,35,20156,卖盘
1343,13:28:34,5.75,0.0,3,1725,卖盘
1344,13:28:37,5.76,0.01,3,1728,买盘
1345,13:28:45,5.75,-0.01,4,2300,卖盘
1346,13:28:54,5.75,0.0,11,6332,卖盘
1347,13:29:04,5.76,0.01,8,4608,买盘
1348,13:29:07,5.75,-0.01,4,2300,卖盘
1349,13:29:19,5.75,0.0,4,2300,卖盘
1350,13:29:31,5.75,0.0,3,1725,卖盘
1351,13:29:40,5.75,0.0,3,1725,卖盘
1352,13:29:45,5.76,0.01,27,15552,买盘
1353,13:29:51,5.75,-0.01,4,2300,卖盘
1354,13:30:04,5.75,0.0,4,2300,卖盘
1355,13:30:13,5.75,0.0,4,2300,卖盘
1356,13:30:16,5.75,0.0,200,115000,卖盘
1357,13:30:22,5.76,0.01,5,2880,买盘
1358,13:30:25,5.75,-0.01,3,1725,卖盘
1359,13:30:30,5.75,0.0,374,215050,卖盘
1360,13:30:37,5.74,-0.01,3,1722,卖盘
1361,13:30:46,5.74,0.0,4,2296,卖盘
1362,13:30:58,5.74,0.0,4,2296,卖盘
1363,13:31:10,5.74,0.0,4,2296,卖盘
1364,13:31:13,5.75,0.01,26,14950,买盘
1365,13:31:19,5.74,-0.01,2,1148,卖盘
1366,13:31:30,5.74,0.0,4,2296,卖盘
1367,13:31:34,5.75,0.01,8,4600,买盘
1368,13:31:43,5.74,-0.01,4,2296,卖盘
1369,13:31:51,5.74,0.0,4,2296,卖盘
1370,13:32:04,5.74,0.0,4,2296,卖盘
1371,13:32:07,5.75,0.01,5,2875,买盘
1372,13:32:09,5.74,-0.01,12,6888,卖盘
1373,13:32:16,5.75,0.01,43,24721,买盘
1374,13:32:18,5.75,0.0,5,2875,买盘
1375,13:32:24,5.74,-0.01,3,1722,卖盘
1376,13:32:37,5.74,0.0,3,1722,卖盘
1377,13:32:40,5.75,0.01,63,36225,买盘
1378,13:32:43,5.75,0.0,76,43700,卖盘
1379,13:32:48,5.74,-0.01,4,2296,卖盘
1380,13:32:58,5.74,0.0,4,2296,卖盘
1381,13:33:10,5.74,0.0,3,1722,卖盘
1382,13:33:18,5.74,0.0,21,12074,卖盘
1383,13:33:21,5.74,0.0,2,1148,卖盘
1384,13:33:31,5.74,0.0,4,2296,卖盘
1385,13:33:39,5.75,0.01,7,4025,买盘
1386,13:33:42,5.74,-0.01,4,2296,卖盘
1387,13:33:55,5.74,0.0,3,1722,卖盘
1388,13:34:04,5.74,0.0,4,2296,卖盘
1389,13:34:10,5.74,0.0,8,4592,卖盘
1390,13:34:15,5.74,0.0,10,5741,卖盘
1391,13:34:19,5.75,0.01,59,33925,买盘
1392,13:34:22,5.75,0.0,26,14950,买盘
1393,13:34:27,5.74,-0.01,3,1722,卖盘
1394,13:34:36,5.74,0.0,3,1722,卖盘
1395,13:34:48,5.74,0.0,3,1722,卖盘
1396,13:35:01,5.74,0.0,4,2296,卖盘
1397,13:35:10,5.74,0.0,4,2296,卖盘
1398,13:35:21,5.74,0.0,3,1722,卖盘
1399,13:35:34,5.74,0.0,3,1722,卖盘
1400,13:35:46,5.75,0.01,31,17821,买盘
1401,13:35:52,5.75,0.0,33,18975,买盘
1402,13:35:54,5.74,-0.01,3,1722,卖盘
1403,13:36:06,5.74,0.0,3,1722,卖盘
1404,13:36:13,5.74,0.0,15,8610,卖盘
1405,13:36:16,5.75,0.01,8,4600,买盘
1406,13:36:19,5.74,-0.01,4,2296,卖盘
1407,13:36:22,5.75,0.01,5,2875,买盘
1408,13:36:28,5.74,-0.01,4,2296,卖盘
1409,13:36:31,5.74,0.0,60,34440,卖盘
1410,13:36:40,5.74,0.0,4,2296,卖盘
1411,13:36:52,5.74,0.0,4,2296,卖盘
1412,13:36:55,5.74,0.0,178,102172,卖盘
1413,13:36:58,5.74,0.0,4,2296,卖盘
1414,13:37:01,5.74,0.0,3,1722,卖盘
1415,13:37:07,5.74,0.0,95,54600,卖盘
1416,13:37:12,5.73,-0.01,4,2292,卖盘
1417,13:37:24,5.73,0.0,3,1719,卖盘
1418,13:37:28,5.74,0.01,5,2870,买盘
1419,13:37:31,5.74,0.0,26,14924,买盘
1420,13:37:34,5.73,-0.01,4,2292,卖盘
1421,13:37:46,5.73,0.0,3,1719,卖盘
1422,13:37:58,5.73,0.0,4,2292,卖盘
1423,13:38:06,5.73,0.0,3,1719,卖盘
1424,13:38:19,5.73,0.0,4,2292,卖盘
1425,13:38:22,5.74,0.01,5,2870,买盘
1426,13:38:31,5.74,0.0,6,3440,买盘
1427,13:38:39,5.74,0.0,3,1722,卖盘
1428,13:38:43,5.74,0.0,1,574,卖盘
1429,13:38:52,5.74,0.0,3,1722,卖盘
1430,13:39:04,5.74,0.0,4,2296,卖盘
1431,13:39:10,5.75,0.01,27,15525,买盘
1432,13:39:13,5.74,-0.01,4,2296,卖盘
1433,13:39:25,5.74,0.0,3,1722,卖盘
1434,13:39:37,5.74,0.0,4,2296,卖盘
1435,13:39:46,5.74,0.0,1,574,卖盘
1436,13:39:49,5.74,0.0,2,1148,卖盘
1437,13:39:58,5.74,0.0,4,2296,卖盘
1438,13:40:10,5.74,0.0,3,1722,卖盘
1439,13:40:18,5.74,0.0,9,5171,卖盘
1440,13:40:31,5.74,0.0,30,17246,卖盘
1441,13:40:36,5.74,0.0,25,14350,卖盘
1442,13:40:43,5.73,-0.01,2,1146,卖盘
1443,13:40:51,5.73,0.0,4,2292,卖盘
1444,13:41:04,5.73,0.0,12,6884,卖盘
1445,13:41:16,5.73,0.0,4,2292,卖盘
1446,13:41:28,5.73,0.0,3,1719,卖盘
1447,13:41:31,5.74,0.01,16,9184,买盘
1448,13:41:33,5.74,0.0,81,46494,买盘
1449,13:41:37,5.73,-0.01,4,2292,卖盘
1450,13:41:49,5.74,0.01,4,2296,卖盘
1451,13:41:58,5.75,0.01,27,15525,买盘
1452,13:42:01,5.73,-0.02,4,2293,卖盘
1453,13:42:09,5.73,0.0,3,1719,卖盘
1454,13:42:22,5.75,0.02,8,4597,买盘
1455,13:42:34,5.73,-0.02,3,1721,卖盘
1456,13:42:42,5.73,0.0,4,2292,卖盘
1457,13:42:55,5.73,0.0,4,2292,卖盘
1458,13:43:07,5.74,0.01,3,1721,卖盘
1459,13:43:16,5.73,-0.01,4,2292,卖盘
1460,13:43:25,5.75,0.02,26,14950,买盘
1461,13:43:27,5.73,-0.02,4,2292,卖盘
1462,13:43:40,5.73,0.0,23,13179,卖盘
1463,13:43:46,5.75,0.02,8,4600,买盘
1464,13:43:48,5.73,-0.02,4,2292,卖盘
1465,13:43:51,5.73,0.0,200,114600,卖盘
1466,13:44:00,5.73,0.0,3,1719,卖盘
1467,13:44:13,5.73,0.0,2,1146,卖盘
1468,13:44:22,5.73,0.0,9,5167,卖盘
1469,13:44:33,5.73,0.0,4,2292,卖盘
1470,13:44:42,5.74,0.01,2,1148,买盘
1471,13:44:45,5.74,0.0,4,2296,卖盘
1472,13:44:55,5.74,0.0,3,1722,卖盘
1473,13:45:01,5.75,0.01,27,15525,买盘
1474,13:45:07,5.74,-0.01,4,2296,卖盘
1475,13:45:19,5.74,0.0,4,2296,卖盘
1476,13:45:28,5.74,0.0,4,2296,卖盘
1477,13:45:33,5.75,0.01,7,4025,买盘
1478,13:45:40,5.74,-0.01,3,1722,卖盘
1479,13:45:43,5.74,0.0,24,13776,卖盘
1480,13:45:52,5.75,0.01,28,16078,买盘
1481,13:46:00,5.73,-0.02,4,2292,卖盘
1482,13:46:12,5.73,0.0,4,2292,卖盘
1483,13:46:22,5.75,0.02,31,17825,买盘
1484,13:46:25,5.73,-0.02,4,2292,卖盘
1485,13:46:27,5.73,0.0,1,573,卖盘
1486,13:46:34,5.73,0.0,4,2292,卖盘
1487,13:46:45,5.73,0.0,3,1720,卖盘
1488,13:46:58,5.73,0.0,4,2292,卖盘
1489,13:47:07,5.73,0.0,29,16667,卖盘
1490,13:47:18,5.73,0.0,4,2292,卖盘
1491,13:47:31,5.73,0.0,4,2292,卖盘
1492,13:47:40,5.73,0.0,3,1719,卖盘
1493,13:47:52,5.73,0.0,2,1146,卖盘
1494,13:48:04,5.75,0.02,31,17817,买盘
1495,13:48:13,5.73,-0.02,30,17242,卖盘
1496,13:48:22,5.75,0.02,12,6900,买盘
1497,13:48:24,5.75,0.0,9,5167,买盘
1498,13:48:36,5.73,-0.02,3,1719,卖盘
1499,13:48:48,5.73,0.0,4,2292,卖盘
1500,13:48:57,5.73,0.0,4,2292,卖盘
1501,13:49:10,5.73,0.0,4,2292,卖盘
1502,13:49:21,5.75,0.02,29,16667,买盘
1503,13:49:30,5.75,0.0,30,17242,买盘
1504,13:49:43,5.73,-0.02,4,2292,卖盘
1505,13:49:55,5.73,0.0,2,1146,卖盘
1506,13:50:04,5.73,0.0,3,1719,卖盘
1507,13:50:16,5.73,0.0,4,2292,卖盘
1508,13:50:18,5.75,0.02,24,13800,买盘
1509,13:50:21,5.75,0.0,5,2875,买盘
1510,13:50:28,5.73,-0.02,4,2292,卖盘
1511,13:50:30,5.75,0.02,8,4600,买盘
1512,13:50:37,5.73,-0.02,3,1719,卖盘
1513,13:50:48,5.73,0.0,4,2292,卖盘
1514,13:51:00,5.75,0.02,30,17244,买盘
1515,13:51:10,5.73,-0.02,4,2292,卖盘
1516,13:51:15,5.73,0.0,37,21201,卖盘
1517,13:51:19,5.75,0.02,23,13225,买盘
1518,13:51:22,5.73,-0.02,2,1146,卖盘
1519,13:51:34,5.73,0.0,4,2292,卖盘
1520,13:51:43,5.73,0.0,4,2292,卖盘
1521,13:51:55,5.74,0.01,4,2296,中性盘
1522,13:52:07,5.74,0.0,5,2870,卖盘
1523,13:52:13,5.74,0.0,29,16646,卖盘
1524,13:52:16,5.73,-0.01,4,2292,卖盘
1525,13:52:22,5.74,0.01,28,16077,卖盘
1526,13:52:28,5.73,-0.01,3,1719,卖盘
1527,13:52:34,5.75,0.02,95,54625,买盘
1528,13:52:40,5.75,0.0,13,7471,买盘
1529,13:52:49,5.75,0.0,4,2300,卖盘
1530,13:53:01,5.73,-0.02,49,28167,卖盘
1531,13:53:04,5.75,0.02,8,4600,买盘
1532,13:53:09,5.75,0.0,3,1725,买盘
1533,13:53:13,5.74,-0.01,3,1722,卖盘
1534,13:53:21,5.74,0.0,3,1722,卖盘
1535,13:53:34,5.74,0.0,3,1722,卖盘
1536,13:53:45,5.74,0.0,4,2296,卖盘
1537,13:53:55,5.74,0.0,4,2296,卖盘
1538,13:54:04,5.75,0.01,27,15525,买盘
1539,13:54:06,5.74,-0.01,3,1722,卖盘
1540,13:54:19,5.74,0.0,4,2296,卖盘
1541,13:54:22,5.75,0.01,5,2875,买盘
1542,13:54:28,5.73,-0.02,11,6321,卖盘
1543,13:54:31,5.73,0.0,2,1146,卖盘
1544,13:54:40,5.74,0.01,4,2296,中性盘
1545,13:54:42,5.74,0.0,64,36736,卖盘
1546,13:54:52,5.73,-0.01,2,1146,卖盘
1547,13:55:04,5.73,0.0,3,1719,卖盘
1548,13:55:12,5.73,0.0,4,2292,卖盘
1549,13:55:19,5.75,0.02,26,14950,买盘
1550,13:55:24,5.73,-0.02,4,2292,卖盘
1551,13:55:31,5.73,0.0,8,4584,卖盘
1552,13:55:37,5.73,0.0,4,2292,卖盘
1553,13:55:46,5.73,0.0,4,2292,卖盘
1554,13:55:48,5.75,0.02,8,4600,买盘
1555,13:55:57,5.73,-0.02,4,2292,卖盘
1556,13:56:09,5.73,0.0,4,2292,卖盘
1557,13:56:18,5.73,0.0,4,2292,卖盘
1558,13:56:22,5.75,0.02,5,2875,买盘
1559,13:56:25,5.74,-0.01,3,1722,买盘
1560,13:56:30,5.73,-0.01,2,1146,卖盘
1561,13:56:43,5.73,0.0,4,2292,卖盘
1562,13:56:52,5.73,0.0,29,16644,卖盘
1563,13:57:04,5.73,0.0,5,2866,卖盘
1564,13:57:16,5.73,0.0,4,2292,卖盘
1565,13:57:19,5.73,0.0,15,8595,卖盘
1566,13:57:22,5.74,0.01,38,21812,买盘
1567,13:57:25,5.73,-0.01,7,4014,卖盘
1568,13:57:27,5.74,0.01,3,1722,买盘
1569,13:57:36,5.73,-0.01,3,1719,卖盘
1570,13:57:48,5.73,0.0,4,2292,卖盘
1571,13:57:57,5.73,0.0,4,2292,卖盘
1572,13:58:04,5.74,0.01,3,1722,买盘
1573,13:58:07,5.74,0.0,2,1148,买盘
1574,13:58:10,5.74,0.0,24,13772,买盘
1575,13:58:21,5.74,0.0,9,5171,卖盘
1576,13:58:27,5.75,0.01,26,14950,买盘
1577,13:58:31,5.74,-0.01,1,574,卖盘
1578,13:58:36,5.75,0.01,10,5750,买盘
1579,13:58:42,5.74,-0.01,4,2296,卖盘
1580,13:58:51,5.75,0.01,27,15525,买盘
1581,13:58:54,5.74,-0.01,5,2871,卖盘
1582,13:59:04,5.74,0.0,4,2297,卖盘
1583,13:59:16,5.74,0.0,4,2296,卖盘
1584,13:59:28,5.74,0.0,4,2296,卖盘
1585,13:59:36,5.74,0.0,4,2296,卖盘
1586,13:59:48,5.74,0.0,4,2296,卖盘
1587,13:59:54,5.75,0.01,27,15525,买盘
1588,14:00:01,5.74,-0.01,4,2296,卖盘
1589,14:00:06,5.74,0.0,1,574,卖盘
1590,14:00:10,5.74,0.0,4,2296,卖盘
1591,14:00:13,5.74,0.0,22,12628,卖盘
1592,14:00:21,5.73,-0.01,8,4594,卖盘
1593,14:00:33,5.73,0.0,4,2292,卖盘
1594,14:00:36,5.75,0.02,1,575,买盘
1595,14:00:46,5.73,-0.02,4,2292,卖盘
1596,14:00:55,5.73,0.0,2,1146,卖盘
1597,14:01:06,5.73,0.0,3,1719,卖盘
1598,14:01:19,5.73,0.0,4,2292,卖盘
1599,14:01:28,5.73,0.0,4,2292,卖盘
1600,14:01:31,5.75,0.02,26,14950,买盘
1601,14:01:40,5.73,-0.02,4,2292,卖盘
1602,14:01:42,5.75,0.02,19,10925,买盘
1603,14:01:52,5.73,-0.02,3,1719,卖盘
1604,14:02:01,5.73,0.0,4,2292,卖盘
1605,14:02:04,5.73,0.0,4,2292,卖盘
1606,14:02:13,5.73,0.0,4,2292,卖盘
1607,14:02:19,5.75,0.02,5,2875,买盘
1608,14:02:25,5.73,-0.02,4,2292,卖盘
1609,14:02:31,5.75,0.02,16,9200,买盘
1610,14:02:34,5.73,-0.02,2,1146,卖盘
1611,14:02:46,5.73,0.0,3,1719,卖盘
1612,14:02:57,5.73,0.0,4,2292,卖盘
1613,14:03:03,5.75,0.02,27,15525,买盘
1614,14:03:06,5.73,-0.02,4,2292,卖盘
1615,14:03:13,5.75,0.02,41,23575,买盘
1616,14:03:19,5.73,-0.02,4,2292,卖盘
1617,14:03:31,5.73,0.0,4,2292,卖盘
1618,14:03:39,5.73,0.0,4,2292,卖盘
1619,14:03:52,5.73,0.0,3,1719,卖盘
1620,14:04:04,5.74,0.01,4,2296,卖盘
1621,14:04:12,5.74,0.0,4,2296,卖盘
1622,14:04:22,5.75,0.01,5,2875,买盘
1623,14:04:25,5.75,0.0,27,15524,买盘
1624,14:04:31,5.75,0.0,16,9200,买盘
1625,14:04:36,5.73,-0.02,4,2293,卖盘
1626,14:04:46,5.73,0.0,4,2292,卖盘
1627,14:04:58,5.73,0.0,4,2292,卖盘
1628,14:05:07,5.74,0.01,20,11480,卖盘
1629,14:05:10,5.73,-0.01,3,1719,卖盘
1630,14:05:13,5.75,0.02,15,8625,买盘
1631,14:05:19,5.73,-0.02,4,2292,卖盘
1632,14:05:31,5.73,0.0,4,2292,卖盘
1633,14:05:42,5.73,0.0,4,2292,卖盘
1634,14:05:52,5.74,0.01,48,27597,卖盘
1635,14:06:04,5.73,-0.01,3,1721,卖盘
1636,14:06:16,5.73,0.0,3,1719,卖盘
1637,14:06:22,5.75,0.02,5,2875,买盘
1638,14:06:25,5.74,-0.01,20,11496,中性盘
1639,14:06:28,5.75,0.01,47,27025,买盘
1640,14:06:37,5.75,0.0,19,10921,买盘
1641,14:06:49,5.74,-0.01,4,2296,卖盘
1642,14:06:58,5.75,0.01,9,5175,买盘
1643,14:07:00,5.75,0.0,12,6896,买盘
1644,14:07:10,5.74,-0.01,4,2296,卖盘
1645,14:07:13,5.75,0.01,16,9200,买盘
1646,14:07:16,5.75,0.0,2,1150,买盘
1647,14:07:22,5.74,-0.01,29,16672,卖盘
1648,14:07:33,5.74,0.0,6,3446,卖盘
1649,14:07:43,5.74,0.0,4,2296,卖盘
1650,14:07:55,5.74,0.0,3,1722,卖盘
1651,14:07:57,5.75,0.01,21,12075,买盘
1652,14:08:07,5.74,-0.01,4,2296,卖盘
1653,14:08:09,5.75,0.01,2,1150,买盘
1654,14:08:16,5.74,-0.01,3,1722,卖盘
1655,14:08:22,5.75,0.01,5,2875,买盘
1656,14:08:24,5.75,0.0,1,575,买盘
1657,14:08:28,5.74,-0.01,3,1722,卖盘
1658,14:08:36,5.76,0.02,32,18422,买盘
1659,14:08:40,5.74,-0.02,4,2296,卖盘
1660,14:08:49,5.74,0.0,4,2296,卖盘
1661,14:08:58,5.76,0.02,27,15552,买盘
1662,14:09:01,5.74,-0.02,4,2296,卖盘
1663,14:09:13,5.74,0.0,4,2296,卖盘
1664,14:09:22,5.75,0.01,4,2300,卖盘
1665,14:09:25,5.76,0.01,8,4608,买盘
1666,14:09:34,5.75,-0.01,4,2300,卖盘
1667,14:09:46,5.75,0.0,4,2300,卖盘
1668,14:09:55,5.75,0.0,3,1725,卖盘
1669,14:10:07,5.75,0.0,4,2300,卖盘
1670,14:10:19,5.75,0.0,3,1725,卖盘
1671,14:10:21,5.76,0.01,5,2880,买盘
1672,14:10:27,5.75,-0.01,30,17276,卖盘
1673,14:10:40,5.75,0.0,2,1150,卖盘
1674,14:10:51,5.75,0.0,4,2300,卖盘
1675,14:10:55,5.76,0.01,100,57600,买盘
1676,14:10:58,5.76,0.0,1,576,买盘
1677,14:11:01,5.75,-0.01,5,2876,卖盘
1678,14:11:04,5.76,0.01,187,107712,买盘
1679,14:11:13,5.76,0.0,4,2304,卖盘
1680,14:11:25,5.76,0.0,3,1728,卖盘
1681,14:11:34,5.76,0.0,4,2304,卖盘
1682,14:11:46,5.76,0.0,3,1728,卖盘
1683,14:11:58,5.77,0.01,29,16731,买盘
1684,14:12:07,5.76,-0.01,4,2304,卖盘
1685,14:12:19,5.76,0.0,4,2304,卖盘
1686,14:12:25,5.77,0.01,5,2885,买盘
1687,14:12:31,5.77,0.0,26,14999,买盘
1688,14:12:40,5.76,-0.01,4,2304,卖盘
1689,14:12:52,5.76,0.0,4,2304,卖盘
1690,14:13:04,5.76,0.0,1,576,卖盘
1691,14:13:13,5.76,0.0,36,20768,卖盘
1692,14:13:25,5.76,0.0,4,2304,卖盘
1693,14:13:33,5.77,0.01,261,150597,买盘
1694,14:13:36,5.77,0.0,15,8651,买盘
1695,14:13:39,5.77,0.0,15,8655,买盘
1696,14:13:45,5.77,0.0,3,1731,卖盘
1697,14:13:58,5.77,0.0,4,2308,卖盘
1698,14:14:10,5.76,-0.01,4,2305,卖盘
1699,14:14:13,5.76,0.0,6,3456,卖盘
1700,14:14:22,5.77,0.01,3,1731,卖盘
1701,14:14:24,5.78,0.01,5,2890,买盘
1702,14:14:31,5.77,-0.01,2,1154,卖盘
1703,14:14:43,5.77,0.0,4,2308,卖盘
1704,14:14:52,5.78,0.01,5,2890,买盘
1705,14:14:55,5.77,-0.01,4,2308,卖盘
1706,14:15:01,5.78,0.01,27,15606,买盘
1707,14:15:04,5.77,-0.01,4,2308,卖盘
1708,14:15:15,5.77,0.0,4,2308,卖盘
1709,14:15:28,5.76,-0.01,4,2305,卖盘
1710,14:15:37,5.76,0.0,5,2882,卖盘
1711,14:15:48,5.76,0.0,4,2304,卖盘
1712,14:16:01,5.76,0.0,3,1728,卖盘
1713,14:16:10,5.76,0.0,4,2304,卖盘
1714,14:16:21,5.76,0.0,9,5194,卖盘
1715,14:16:31,5.78,0.02,26,15028,买盘
1716,14:16:34,5.76,-0.02,4,2304,卖盘
1717,14:16:43,5.76,0.0,3,1728,卖盘
1718,14:16:49,5.78,0.02,20,11560,买盘
1719,14:16:52,5.76,-0.02,3,1728,卖盘
1720,14:16:55,5.76,0.0,3,1728,卖盘
1721,14:17:07,5.76,0.0,3,1728,卖盘
1722,14:17:16,5.76,0.0,4,2304,卖盘
1723,14:17:28,5.76,0.0,4,2304,卖盘
1724,14:17:31,5.78,0.02,15,8670,买盘
1725,14:17:39,5.76,-0.02,4,2304,卖盘
1726,14:17:49,5.76,0.0,4,2304,卖盘
1727,14:18:01,5.76,0.0,4,2304,卖盘
1728,14:18:07,5.78,0.02,25,14450,买盘
1729,14:18:13,5.78,0.0,21,12130,买盘
1730,14:18:22,5.76,-0.02,4,2304,卖盘
1731,14:18:24,5.78,0.02,5,2890,买盘
1732,14:18:33,5.76,-0.02,3,1728,卖盘
1733,14:18:46,5.76,0.0,3,1728,卖盘
1734,14:18:55,5.76,0.0,4,2304,卖盘
1735,14:19:07,5.77,0.01,64,36988,卖盘
1736,14:19:09,5.78,0.01,71,40996,买盘
1737,14:19:19,5.76,-0.02,2,1152,卖盘
1738,14:19:28,5.76,0.0,4,2304,卖盘
1739,14:19:31,5.78,0.02,16,9248,买盘
1740,14:19:40,5.76,-0.02,4,2304,卖盘
1741,14:19:49,5.78,0.02,38,21964,买盘
1742,14:19:52,5.76,-0.02,3,1728,卖盘
1743,14:20:04,5.76,0.0,4,2304,卖盘
1744,14:20:13,5.77,0.01,21,12134,中性盘
1745,14:20:16,5.78,0.01,8,4624,买盘
1746,14:20:21,5.78,0.0,87,50286,买盘
1747,14:20:24,5.77,-0.01,21,12134,卖盘
1748,14:20:33,5.78,0.01,250,144500,买盘
1749,14:20:36,5.78,0.0,8,4622,买盘
1750,14:20:40,5.79,0.01,19,11001,买盘
1751,14:20:46,5.78,-0.01,3,1734,卖盘
1752,14:20:57,5.78,0.0,23,13313,卖盘
1753,14:21:01,5.78,0.0,78,45084,卖盘
1754,14:21:04,5.78,0.0,4,2312,买盘
1755,14:21:06,5.78,0.0,19,10982,买盘
1756,14:21:10,5.78,0.0,22,12712,买盘
1757,14:21:16,5.78,0.0,114,65892,买盘
1758,14:21:19,5.78,0.0,4,2312,卖盘
1759,14:21:31,5.78,0.0,80,46317,卖盘
1760,14:21:37,5.79,0.01,10,5790,买盘
1761,14:21:43,5.78,-0.01,4,2312,卖盘
1762,14:21:46,5.79,0.01,22,12738,买盘
1763,14:21:52,5.78,-0.01,15,8670,卖盘
1764,14:22:04,5.78,0.0,2,1156,卖盘
1765,14:22:16,5.78,0.0,4,2312,卖盘
1766,14:22:22,5.79,0.01,5,2895,买盘
1767,14:22:24,5.78,-0.01,4,2312,卖盘
1768,14:22:28,5.78,0.0,3,1734,卖盘
1769,14:22:31,5.79,0.01,11,6369,买盘
1770,14:22:34,5.78,-0.01,10,5780,卖盘
1771,14:22:37,5.78,0.0,4,2312,卖盘
1772,14:22:40,5.79,0.01,31,17949,买盘
1773,14:22:49,5.78,-0.01,4,2312,卖盘
1774,14:22:58,5.78,0.0,18,10404,卖盘
1775,14:23:10,5.78,0.0,67,38726,卖盘
1776,14:23:16,5.78,0.0,9,5202,卖盘
1777,14:23:21,5.78,0.0,4,2312,卖盘
1778,14:23:31,5.77,-0.01,56,32365,卖盘
1779,14:23:43,5.77,0.0,2,1154,卖盘
1780,14:23:55,5.77,0.0,8,4616,卖盘
1781,14:24:04,5.77,0.0,4,2308,卖盘
1782,14:24:15,5.77,0.0,4,2308,卖盘
1783,14:24:22,5.78,0.01,5,2890,买盘
1784,14:24:28,5.78,0.0,13,7511,买盘
1785,14:24:37,5.77,-0.01,4,2308,卖盘
1786,14:24:46,5.78,0.01,52,30056,买盘
1787,14:24:49,5.78,0.0,3,1734,卖盘
1788,14:24:54,5.78,0.0,5,2890,卖盘
1789,14:25:01,5.78,0.0,10,5780,卖盘
1790,14:25:10,5.78,0.0,4,2312,卖盘
1791,14:25:21,5.78,0.0,4,2312,卖盘
1792,14:25:34,5.78,0.0,24,13872,卖盘
1793,14:25:40,5.78,0.0,8,4624,卖盘
1794,14:25:43,5.77,-0.01,3,1731,卖盘
1795,14:25:55,5.77,0.0,4,2308,卖盘
1796,14:26:06,5.77,0.0,4,2308,卖盘
1797,14:26:13,5.78,0.01,5,2890,买盘
1798,14:26:19,5.77,-0.01,1,577,卖盘
1799,14:26:25,5.78,0.01,5,2890,买盘
1800,14:26:28,5.77,-0.01,4,2308,卖盘
1801,14:26:40,5.77,0.0,4,2308,卖盘
1802,14:26:51,5.77,0.0,83,47891,卖盘
1803,14:27:01,5.76,-0.01,4,2304,卖盘
1804,14:27:13,5.77,0.01,8,4612,买盘
1805,14:27:24,5.77,0.0,23,13268,买盘
1806,14:27:31,5.77,0.0,8,4616,买盘
1807,14:27:34,5.76,-0.01,4,2304,卖盘
1808,14:27:46,5.76,0.0,4,2304,卖盘
1809,14:27:51,5.76,0.0,810,466560,卖盘
1810,14:27:55,5.76,0.0,112,64489,买盘
1811,14:27:57,5.76,0.0,3,1728,卖盘
1812,14:28:04,5.77,0.01,12,6924,买盘
1813,14:28:07,5.76,-0.01,2,1152,卖盘
1814,14:28:19,5.76,0.0,6,3456,卖盘
1815,14:28:22,5.77,0.01,10,5765,买盘
1816,14:28:31,5.76,-0.01,4,2304,卖盘
1817,14:28:40,5.76,0.0,4,2304,卖盘
1818,14:28:52,5.78,0.02,44,25424,买盘
1819,14:29:04,5.77,-0.01,4,2308,卖盘
1820,14:29:13,5.77,0.0,4,2308,卖盘
1821,14:29:25,5.77,0.0,3,1731,卖盘
1822,14:29:37,5.77,0.0,4,2308,卖盘
1823,14:29:46,5.77,0.0,2,1154,卖盘
1824,14:29:57,5.77,0.0,1,577,卖盘
1825,14:30:13,5.78,0.01,2,1156,买盘
1826,14:30:21,5.78,0.0,9,5202,买盘
1827,14:31:19,5.78,0.0,25,14450,买盘
1828,14:31:49,5.78,0.0,19,10982,买盘
1829,14:32:04,5.78,0.0,5,2890,卖盘
1830,14:32:07,5.78,0.0,4,2312,卖盘
1831,14:32:13,5.78,0.0,25,14450,买盘
1832,14:32:25,5.79,0.01,5,2893,买盘
1833,14:32:40,5.79,0.0,50,28950,买盘
1834,14:33:19,5.79,0.0,25,14475,买盘
1835,14:33:28,5.78,-0.01,16,9248,卖盘
1836,14:33:42,5.78,0.0,69,39882,卖盘
1837,14:33:46,5.78,0.0,31,17918,买盘
1838,14:33:52,5.78,0.0,17,9826,卖盘
1839,14:34:00,5.78,0.0,1,578,买盘
1840,14:34:04,5.78,0.0,22,12716,买盘
1841,14:34:12,5.78,0.0,5,2890,卖盘
1842,14:34:16,5.78,0.0,15,8670,卖盘
1843,14:34:22,5.79,0.01,5,2895,买盘
1844,14:34:40,5.79,0.0,8,4632,买盘
1845,14:35:01,5.78,-0.01,19,10982,卖盘
1846,14:35:04,5.79,0.01,2,1157,买盘
1847,14:35:06,5.79,0.0,21,12159,买盘
1848,14:35:37,5.78,-0.01,50,28900,卖盘
1849,14:35:40,5.78,0.0,12,6936,买盘
1850,14:35:43,5.78,0.0,38,21964,买盘
1851,14:35:49,5.78,0.0,4,2312,卖盘
1852,14:35:58,5.78,0.0,5,2890,卖盘
1853,14:36:21,5.79,0.01,5,2895,买盘
1854,14:36:54,5.78,-0.01,30,17340,卖盘
1855,14:37:40,5.78,0.0,30,17340,卖盘
1856,14:37:43,5.78,0.0,59,34102,卖盘
1857,14:38:22,5.78,0.0,5,2890,买盘
1858,14:38:25,5.77,-0.01,5,2885,卖盘
1859,14:38:58,5.78,0.01,4,2312,买盘
1860,14:39:25,5.78,0.0,23,13294,买盘
1861,14:39:40,5.78,0.0,64,36992,买盘
1862,14:39:43,5.78,0.0,61,35258,买盘
1863,14:39:45,5.78,0.0,36,20808,买盘
1864,14:40:00,5.78,0.0,35,20230,卖盘
1865,14:40:03,5.78,0.0,28,16184,买盘
1866,14:40:07,5.78,0.0,8,4624,买盘
1867,14:40:10,5.78,0.0,6,3468,买盘
1868,14:40:13,5.77,-0.01,300,173144,卖盘
1869,14:40:25,5.79,0.02,5,2895,买盘
1870,14:40:34,5.78,-0.01,8,4624,买盘
1871,14:40:40,5.78,0.0,1,578,买盘
1872,14:40:43,5.78,0.0,3,1734,买盘
1873,14:41:04,5.78,0.0,1,578,买盘
1874,14:41:16,5.78,0.0,22,12716,买盘
1875,14:41:22,5.78,0.0,4,2312,卖盘
1876,14:42:19,5.78,0.0,20,11560,卖盘
1877,14:42:22,5.79,0.01,5,2895,买盘
1878,14:42:40,5.78,-0.01,30,17340,卖盘
1879,14:42:43,5.78,0.0,10,5780,卖盘
1880,14:42:58,5.78,0.0,31,17918,卖盘
1881,14:43:07,5.78,0.0,76,43928,卖盘
1882,14:43:13,5.78,0.0,3,1734,卖盘
1883,14:43:22,5.79,0.01,30,17370,买盘
1884,14:43:31,5.79,0.0,20,11580,买盘
1885,14:43:34,5.78,-0.01,20,11560,卖盘
1886,14:43:49,5.78,0.0,5,2890,卖盘
1887,14:43:52,5.78,0.0,5,2890,卖盘
1888,14:43:57,5.78,0.0,10,5780,卖盘
1889,14:44:00,5.78,0.0,99,57222,卖盘
1890,14:44:07,5.78,0.0,1,578,买盘
1891,14:44:22,5.78,0.0,20,11560,卖盘
1892,14:44:25,5.79,0.01,5,2895,买盘
1893,14:45:34,5.78,-0.01,9,5210,卖盘
1894,14:46:01,5.79,0.01,53,30687,买盘
1895,14:46:04,5.79,0.0,9,5211,买盘
1896,14:46:12,5.78,-0.01,1,578,卖盘
1897,14:46:25,5.79,0.01,5,2895,买盘
1898,14:46:31,5.79,0.0,2,1158,买盘
1899,14:46:34,5.79,0.0,3,1737,买盘
1900,14:46:43,5.79,0.0,27,15633,买盘
1901,14:46:49,5.79,0.0,27,15633,买盘
1902,14:47:13,5.78,-0.01,7,4051,卖盘
1903,14:47:43,5.79,0.01,3,1737,买盘
1904,14:47:52,5.79,0.0,30,17370,买盘
1905,14:47:58,5.79,0.0,48,27792,买盘
1906,14:48:01,5.79,0.0,37,21423,买盘
1907,14:48:07,5.78,-0.01,12,6936,卖盘
1908,14:48:10,5.78,0.0,1,578,卖盘
1909,14:48:16,5.78,0.0,23,13294,卖盘
1910,14:48:22,5.79,0.01,5,2895,买盘
1911,14:48:40,5.78,-0.01,16,9248,卖盘
1912,14:48:43,5.78,0.0,2,1156,卖盘
1913,14:49:07,5.78,0.0,2,1156,卖盘
1914,14:49:09,5.78,0.0,2,1156,卖盘
1915,14:49:22,5.79,0.01,24,13896,买盘
1916,14:49:43,5.79,0.0,10,5790,买盘
1917,14:50:01,5.79,0.0,3,1737,买盘
1918,14:50:06,5.78,-0.01,1,578,卖盘
1919,14:50:10,5.79,0.01,4,2316,买盘
1920,14:50:13,5.79,0.0,24,13896,买盘
1921,14:50:16,5.79,0.0,5,2895,买盘
1922,14:50:19,5.79,0.0,42,24318,买盘
1923,14:50:25,5.79,0.0,15,8685,买盘
1924,14:50:28,5.79,0.0,21,12141,买盘
1925,14:51:01,5.79,0.0,13,7527,买盘
1926,14:51:04,5.78,-0.01,172,99586,卖盘
1927,14:51:07,5.79,0.01,2,1158,买盘
1928,14:51:13,5.79,0.0,888,514152,买盘
1929,14:51:16,5.79,0.0,1,579,卖盘
1930,14:51:22,5.79,0.0,10,5790,卖盘
1931,14:51:45,5.8,0.01,10,5800,买盘
1932,14:51:48,5.8,0.0,5,2900,买盘
1933,14:52:04,5.8,0.0,2,1160,买盘
1934,14:52:31,5.79,-0.01,3,1737,卖盘
1935,14:52:42,5.8,0.01,76,44080,买盘
1936,14:52:46,5.8,0.0,30,17400,买盘
1937,14:52:51,5.79,-0.01,6,3474,卖盘
1938,14:53:31,5.79,0.0,52,30108,卖盘
1939,14:53:52,5.79,0.0,12,6948,卖盘
1940,14:54:10,5.8,0.01,1,580,买盘
1941,14:54:13,5.79,-0.01,2,1158,卖盘
1942,14:54:19,5.8,0.01,15,8700,买盘
1943,14:54:22,5.8,0.0,40,23200,买盘
1944,14:54:34,5.8,0.0,141,81780,买盘
1945,14:54:39,5.79,-0.01,5,2895,卖盘
1946,14:54:57,5.79,0.0,1,579,卖盘
1947,14:55:13,5.79,0.0,1,579,卖盘
1948,14:55:16,5.79,0.0,1,579,卖盘
1949,14:55:24,5.8,0.01,20,11600,买盘
1950,14:55:45,5.79,-0.01,20,11580,卖盘
1951,14:55:58,5.8,0.01,100,58000,买盘
1952,14:56:13,5.79,-0.01,2,1158,卖盘
1953,14:56:34,5.8,0.01,20,11600,买盘
1954,14:56:37,5.8,0.0,10,5800,买盘
1955,14:56:51,5.8,0.0,60,34800,买盘
1956,15:00:05,5.8,0.0,751,435580,卖盘
