,time,price,change,volume,amount,type
0,09:25:04,9.55,-0.67,4204,4014820,卖盘
1,09:30:04,9.67,0.12,795,761100,买盘
2,09:30:07,9.68,0.01,3015,2901114,买盘
3,09:30:10,9.66,-0.02,1524,1471638,卖盘
4,09:30:13,9.56,-0.1,281,270853,卖盘
5,09:30:15,9.64,0.08,112,107888,卖盘
6,09:30:19,9.65,0.01,440,421241,买盘
7,09:30:22,9.66,0.01,83,80091,买盘
8,09:30:24,9.64,-0.02,31,29939,卖盘
9,09:30:28,9.65,0.01,266,256421,中性盘
10,09:30:31,9.65,0.0,114,110047,卖盘
11,09:30:34,9.64,-0.01,281,271037,卖盘
12,09:30:37,9.64,0.0,243,233864,买盘
13,09:30:40,9.65,0.01,490,472930,买盘
14,09:30:42,9.6,-0.05,547,524061,卖盘
15,09:30:46,9.6,0.0,217,208710,买盘
16,09:30:49,9.6,0.0,107,102710,买盘
17,09:30:52,9.6,0.0,161,154495,买盘
18,09:30:55,9.58,-0.02,52,49844,卖盘
19,09:30:58,9.58,0.0,293,280695,买盘
20,09:31:01,9.58,0.0,104,99592,买盘
21,09:31:04,9.59,0.01,408,390728,买盘
22,09:31:07,9.57,-0.02,128,122545,中性盘
23,09:31:10,9.56,-0.01,332,317529,卖盘
24,09:31:13,9.57,0.01,119,113878,买盘
25,09:31:16,9.58,0.01,540,516610,买盘
26,09:31:19,9.6,0.02,679,649741,买盘
27,09:31:22,9.57,-0.03,164,156852,卖盘
28,09:31:25,9.57,0.0,151,144707,卖盘
29,09:31:28,9.57,0.0,83,79604,卖盘
30,09:31:31,9.6,0.03,215,206390,买盘
31,09:31:34,9.58,-0.02,127,121819,卖盘
32,09:31:37,9.59,0.01,318,304919,买盘
33,09:31:39,9.59,0.0,196,187884,买盘
34,09:31:43,9.59,0.0,123,117957,买盘
35,09:31:46,9.6,0.01,998,957635,买盘
36,09:31:49,9.6,0.0,196,188147,卖盘
37,09:31:51,9.61,0.01,95,91156,买盘
38,09:31:55,9.6,-0.01,56,53793,卖盘
39,09:31:57,9.61,0.01,76,72969,中性盘
40,09:32:01,9.63,0.02,49,47197,买盘
41,09:32:04,9.63,0.0,74,71232,卖盘
42,09:32:07,9.63,0.0,143,137681,卖盘
43,09:32:10,9.64,0.01,162,156126,买盘
44,09:32:13,9.64,0.0,76,73255,买盘
45,09:32:15,9.63,-0.01,206,198513,卖盘
46,09:32:19,9.64,0.01,137,131997,中性盘
47,09:32:22,9.64,0.0,41,39555,卖盘
48,09:32:25,9.66,0.02,31,29929,买盘
49,09:32:27,9.66,0.0,359,346379,买盘
50,09:32:30,9.65,-0.01,1,965,卖盘
51,09:32:34,9.66,0.01,84,81080,买盘
52,09:32:37,9.66,0.0,63,60878,卖盘
53,09:32:40,9.66,0.0,16,15456,卖盘
54,09:32:43,9.67,0.01,150,145039,买盘
55,09:32:46,9.67,0.0,33,31918,卖盘
56,09:32:49,9.67,0.0,70,67691,卖盘
57,09:32:52,9.68,0.01,68,65759,买盘
58,09:32:55,9.67,-0.01,161,155818,卖盘
59,09:32:58,9.68,0.01,86,83241,买盘
60,09:33:01,9.69,0.01,79,76523,买盘
61,09:33:04,9.67,-0.02,574,555463,卖盘
62,09:33:07,9.67,0.0,206,199211,买盘
63,09:33:10,9.7,0.03,235,227707,买盘
64,09:33:12,9.69,-0.01,65,62985,卖盘
65,09:33:16,9.69,0.0,64,62005,卖盘
66,09:33:19,9.67,-0.02,251,242899,卖盘
67,09:33:22,9.69,0.02,218,210847,买盘
68,09:33:25,9.69,0.0,152,147112,买盘
69,09:33:27,9.67,-0.02,97,93822,卖盘
70,09:33:31,9.67,0.0,304,293719,买盘
71,09:33:34,9.66,-0.01,71,68640,卖盘
72,09:33:37,9.66,0.0,729,703286,买盘
73,09:33:40,9.66,0.0,194,186898,买盘
74,09:33:42,9.65,-0.01,121,116565,中性盘
75,09:33:46,9.6,-0.05,105,100887,卖盘
76,09:33:49,9.61,0.01,98,94100,买盘
77,09:33:52,9.61,0.0,125,120125,买盘
78,09:33:55,9.6,-0.01,34,32648,卖盘
79,09:33:58,9.6,0.0,90,86448,卖盘
80,09:34:01,9.59,-0.01,200,191997,卖盘
81,09:34:04,9.6,0.01,464,445434,买盘
82,09:34:06,9.6,0.0,109,104626,买盘
83,09:34:09,9.57,-0.03,205,196556,卖盘
84,09:34:13,9.59,0.02,261,250194,买盘
85,09:34:16,9.59,0.0,54,51778,买盘
86,09:34:19,9.57,-0.02,567,543651,卖盘
87,09:34:22,9.56,-0.01,166,158896,卖盘
88,09:34:24,9.58,0.02,461,441774,买盘
89,09:34:28,9.58,0.0,63,60354,买盘
90,09:34:31,9.57,-0.01,302,289097,卖盘
91,09:34:34,9.57,0.0,857,821465,卖盘
92,09:34:37,9.57,0.0,213,203898,买盘
93,09:34:40,9.58,0.01,191,183017,买盘
94,09:34:43,9.6,0.02,285,273225,买盘
95,09:34:46,9.57,-0.03,265,254133,卖盘
96,09:34:49,9.57,0.0,229,219680,卖盘
97,09:34:51,9.64,0.07,335,321649,买盘
98,09:34:54,9.62,-0.02,80,77094,卖盘
99,09:34:57,9.6,-0.02,137,131573,卖盘
100,09:35:01,9.65,0.05,71,68328,买盘
101,09:35:04,9.64,-0.01,12,11571,中性盘
102,09:35:07,9.63,-0.01,80,77047,中性盘
103,09:35:10,9.65,0.02,11,10612,买盘
104,09:35:13,9.65,0.0,274,264978,买盘
105,09:35:16,9.64,-0.01,215,207262,卖盘
106,09:35:19,9.63,-0.01,17,16364,中性盘
107,09:35:22,9.63,0.0,162,155883,买盘
108,09:35:25,9.64,0.01,84,80970,买盘
109,09:35:27,9.62,-0.02,90,86706,卖盘
110,09:35:30,9.64,0.02,5,4820,买盘
111,09:35:34,9.63,-0.01,450,433130,卖盘
112,09:35:37,9.63,0.0,420,404460,买盘
113,09:35:40,9.63,0.0,220,211759,买盘
114,09:35:42,9.62,-0.01,111,106792,卖盘
115,09:35:46,9.64,0.02,208,200180,买盘
116,09:35:49,9.63,-0.01,53,51039,卖盘
117,09:35:52,9.63,0.0,3,2889,卖盘
118,09:35:55,9.64,0.01,134,129062,买盘
119,09:35:58,9.63,-0.01,86,82875,卖盘
120,09:36:01,9.63,0.0,179,172427,卖盘
121,09:36:04,9.64,0.01,79,76156,买盘
122,09:36:07,9.66,0.02,181,174731,买盘
123,09:36:10,9.66,0.0,141,135891,买盘
124,09:36:13,9.64,-0.02,220,212064,中性盘
125,09:36:16,9.65,0.01,228,219965,买盘
126,09:36:19,9.65,0.0,85,81985,买盘
127,09:36:21,9.65,0.0,155,149550,买盘
128,09:36:24,9.66,0.01,117,112910,买盘
129,09:36:28,9.65,-0.01,249,240396,卖盘
130,09:36:31,9.66,0.01,40,38628,中性盘
131,09:36:34,9.67,0.01,138,133288,买盘
132,09:36:37,9.67,0.0,58,56086,卖盘
133,09:36:39,9.68,0.01,98,94776,买盘
134,09:36:43,9.67,-0.01,14,13538,卖盘
135,09:36:46,9.67,0.0,50,48363,卖盘
136,09:36:49,9.68,0.01,4,3872,买盘
137,09:36:52,9.68,0.0,52,50293,买盘
138,09:36:55,9.67,-0.01,43,41607,卖盘
139,09:36:58,9.67,0.0,88,85121,卖盘
140,09:37:01,9.67,0.0,26,25142,买盘
141,09:37:04,9.66,-0.01,161,155595,卖盘
142,09:37:06,9.67,0.01,260,251287,买盘
143,09:37:10,9.66,-0.01,302,291719,买盘
144,09:37:13,9.66,0.0,238,229747,买盘
145,09:37:15,9.65,-0.01,207,199802,卖盘
146,09:37:19,9.65,0.0,46,44390,买盘
147,09:37:22,9.63,-0.02,182,175359,卖盘
148,09:37:25,9.63,0.0,223,214965,卖盘
149,09:37:27,9.64,0.01,19,18316,买盘
150,09:37:31,9.64,0.0,87,83846,买盘
151,09:37:34,9.63,-0.01,51,49139,卖盘
152,09:37:37,9.64,0.01,201,193606,买盘
153,09:37:40,9.63,-0.01,135,130052,卖盘
154,09:37:43,9.6,-0.03,854,820345,卖盘
155,09:37:46,9.59,-0.01,76,73076,卖盘
156,09:37:48,9.6,0.01,8,7680,买盘
157,09:37:52,9.61,0.01,61,58534,买盘
158,09:37:55,9.6,-0.01,58,55707,卖盘
159,09:37:58,9.61,0.01,37,35554,中性盘
160,09:38:01,9.6,-0.01,31,29793,卖盘
161,09:38:04,9.6,0.0,252,241970,卖盘
162,09:38:07,9.6,0.0,81,77840,卖盘
163,09:38:10,9.61,0.01,115,110412,买盘
164,09:38:13,9.6,-0.01,90,86401,卖盘
165,09:38:16,9.6,0.0,47,45120,买盘
166,09:38:19,9.6,0.0,19,18240,买盘
167,09:38:22,9.59,-0.01,181,173725,卖盘
168,09:38:24,9.59,0.0,235,225477,卖盘
169,09:38:28,9.6,0.01,49,47031,买盘
170,09:38:31,9.59,-0.01,55,52766,卖盘
171,09:38:34,9.59,0.0,91,87256,买盘
172,09:38:37,9.58,-0.01,265,253875,卖盘
173,09:38:40,9.58,0.0,75,71850,买盘
174,09:38:43,9.58,0.0,25,23950,买盘
175,09:38:45,9.57,-0.01,53,50724,卖盘
176,09:38:49,9.57,0.0,408,390498,卖盘
177,09:38:52,9.57,0.0,251,240266,买盘
178,09:38:55,9.56,-0.01,150,143424,卖盘
179,09:38:58,9.56,0.0,693,662879,卖盘
180,09:39:01,9.56,0.0,37,35345,买盘
181,09:39:05,9.55,-0.01,61,58303,卖盘
182,09:39:07,9.56,0.01,325,310418,买盘
183,09:39:10,9.56,0.0,396,378307,买盘
184,09:39:13,9.54,-0.02,26,24822,卖盘
185,09:39:15,9.54,0.0,225,214715,卖盘
186,09:39:19,9.52,-0.02,272,259329,卖盘
187,09:39:22,9.53,0.01,76,72520,买盘
188,09:39:25,9.54,0.01,153,145915,买盘
189,09:39:28,9.51,-0.03,154,146712,卖盘
190,09:39:31,9.5,-0.01,279,265162,卖盘
191,09:39:34,9.52,0.02,133,126542,买盘
192,09:39:37,9.5,-0.02,356,338307,卖盘
193,09:39:40,9.51,0.01,274,260544,买盘
194,09:39:42,9.49,-0.02,293,278416,卖盘
195,09:39:46,9.47,-0.02,116,110081,卖盘
196,09:39:48,9.5,0.03,178,168950,买盘
197,09:39:51,9.45,-0.05,301,284872,卖盘
198,09:39:55,9.46,0.01,297,280752,中性盘
199,09:39:58,9.45,-0.01,134,126803,卖盘
200,09:40:01,9.43,-0.02,277,261784,卖盘
201,09:40:04,9.43,0.0,63,59429,卖盘
202,09:40:07,9.42,-0.01,132,124414,卖盘
203,09:40:10,9.4,-0.02,795,748140,卖盘
204,09:40:13,9.42,0.02,145,136527,买盘
205,09:40:16,9.41,-0.01,268,252228,中性盘
206,09:40:19,9.4,-0.01,539,507194,卖盘
207,09:40:22,9.42,0.02,1017,956348,买盘
208,09:40:25,9.41,-0.01,677,636140,买盘
209,09:40:28,9.42,0.01,843,793863,买盘
210,09:40:31,9.4,-0.02,1448,1361872,卖盘
211,09:40:34,9.43,0.03,982,924508,买盘
212,09:40:37,9.42,-0.01,133,125286,卖盘
213,09:40:40,9.43,0.01,309,291206,买盘
214,09:40:42,9.42,-0.01,379,357365,卖盘
215,09:40:45,9.43,0.01,304,286614,卖盘
216,09:40:49,9.43,0.0,133,125419,卖盘
217,09:40:52,9.43,0.0,125,117939,卖盘
218,09:40:55,9.45,0.02,1273,1203954,买盘
219,09:40:58,9.45,0.0,142,134190,卖盘
220,09:41:01,9.45,0.0,128,120973,卖盘
221,09:41:04,9.46,0.01,224,211687,中性盘
222,09:41:07,9.46,0.0,7,6624,卖盘
223,09:41:09,9.47,0.01,118,111729,买盘
224,09:41:13,9.47,0.0,111,105190,卖盘
225,09:41:16,9.47,0.0,56,53058,卖盘
226,09:41:19,9.47,0.0,34,32198,卖盘
227,09:41:21,9.49,0.02,131,124224,买盘
228,09:41:25,9.5,0.01,515,488957,买盘
229,09:41:27,9.5,0.0,16,15200,卖盘
230,09:41:31,9.51,0.01,8,7608,买盘
231,09:41:34,9.51,0.0,82,77951,买盘
232,09:41:37,9.51,0.0,5,4755,卖盘
233,09:41:40,9.52,0.01,191,181777,买盘
234,09:41:43,9.52,0.0,83,79016,卖盘
235,09:41:46,9.51,-0.01,154,146596,卖盘
236,09:41:48,9.53,0.02,19,18105,买盘
237,09:41:52,9.53,0.0,33,31457,卖盘
238,09:41:55,9.51,-0.02,280,266698,卖盘
239,09:41:58,9.51,0.0,24,22851,卖盘
240,09:42:01,9.53,0.02,69,65768,中性盘
241,09:42:04,9.53,0.0,130,123913,卖盘
242,09:42:06,9.54,0.01,291,277519,买盘
243,09:42:10,9.54,0.0,146,139284,卖盘
244,09:42:13,9.53,-0.01,139,132564,卖盘
245,09:42:15,9.53,0.0,119,113407,卖盘
246,09:42:19,9.54,0.01,89,84898,买盘
247,09:42:22,9.54,0.0,580,553320,买盘
248,09:42:25,9.54,0.0,28,26714,卖盘
249,09:42:28,9.54,0.0,98,93503,卖盘
250,09:42:31,9.54,0.0,145,138377,卖盘
251,09:42:34,9.54,0.0,39,37226,卖盘
252,09:42:37,9.54,0.0,117,111720,买盘
253,09:42:39,9.54,0.0,57,54396,卖盘
254,09:42:43,9.53,-0.01,200,190843,卖盘
255,09:42:46,9.54,0.01,56,53406,中性盘
256,09:42:49,9.54,0.0,16,15264,买盘
257,09:42:52,9.54,0.0,3,2862,买盘
258,09:42:55,9.52,-0.02,151,143886,卖盘
259,09:42:58,9.53,0.01,239,227593,买盘
260,09:43:01,9.53,0.0,49,46697,买盘
261,09:43:04,9.52,-0.01,30,28570,卖盘
262,09:43:06,9.52,0.0,67,63832,卖盘
263,09:43:10,9.53,0.01,327,311522,买盘
264,09:43:13,9.53,0.0,37,35261,卖盘
265,09:43:16,9.51,-0.02,317,301722,卖盘
266,09:43:19,9.53,0.02,134,127600,买盘
267,09:43:22,9.53,0.0,21,20006,买盘
268,09:43:24,9.51,-0.02,233,221560,卖盘
269,09:43:28,9.51,0.0,22,20922,买盘
270,09:43:31,9.51,0.0,26,24726,买盘
271,09:43:34,9.5,-0.01,122,115902,卖盘
272,09:43:37,9.5,0.0,9,8552,卖盘
273,09:43:40,9.5,0.0,16,15200,买盘
274,09:43:43,9.49,-0.01,17,16140,卖盘
275,09:43:46,9.49,0.0,33,31317,卖盘
276,09:43:49,9.5,0.01,45,42727,买盘
277,09:43:55,9.48,-0.02,53,50257,卖盘
278,09:43:58,9.47,-0.01,78,73936,卖盘
279,09:44:00,9.47,0.0,76,71998,卖盘
280,09:44:05,9.47,0.0,58,54932,卖盘
281,09:44:06,9.47,0.0,97,91789,卖盘
282,09:44:10,9.47,0.0,198,187251,买盘
283,09:44:13,9.45,-0.02,10,9450,卖盘
284,09:44:16,9.46,0.01,14,13244,买盘
285,09:44:19,9.47,0.01,233,220516,买盘
286,09:44:22,9.47,0.0,29,27465,卖盘
287,09:44:24,9.46,-0.01,188,177792,卖盘
288,09:44:28,9.46,0.0,181,171211,买盘
289,09:44:31,9.43,-0.03,302,285015,卖盘
290,09:44:34,9.46,0.03,149,140955,买盘
291,09:44:36,9.45,-0.01,135,127688,卖盘
292,09:44:40,9.45,0.0,80,75609,卖盘
293,09:44:43,9.43,-0.02,14,13222,卖盘
294,09:44:46,9.43,0.0,211,199062,卖盘
295,09:44:48,9.45,0.02,44,41599,买盘
296,09:44:52,9.45,0.0,258,243810,卖盘
297,09:44:55,9.46,0.01,174,164478,买盘
298,09:44:58,9.46,0.0,171,161639,买盘
299,09:45:01,9.46,0.0,209,197701,卖盘
300,09:45:04,9.46,0.0,76,71828,卖盘
301,09:45:07,9.45,-0.01,136,128665,中性盘
302,09:45:10,9.45,0.0,224,212089,卖盘
303,09:45:13,9.45,0.0,8,7555,买盘
304,09:45:16,9.45,0.0,114,107759,买盘
305,09:45:18,9.45,0.0,353,333522,买盘
306,09:45:22,9.45,0.0,302,285363,买盘
307,09:45:25,9.45,0.0,15,14175,卖盘
308,09:45:28,9.45,0.0,39,36855,卖盘
309,09:45:31,9.46,0.01,33,31194,买盘
310,09:45:34,9.45,-0.01,403,380843,卖盘
311,09:45:37,9.46,0.01,74,70012,买盘
312,09:45:40,9.46,0.0,64,60548,卖盘
313,09:45:43,9.48,0.02,21,19868,买盘
314,09:45:48,9.46,-0.02,24,22704,卖盘
315,09:45:51,9.48,0.02,198,187432,买盘
316,09:45:55,9.48,0.0,3,2844,卖盘
317,09:45:57,9.46,-0.02,168,159103,卖盘
318,09:46:01,9.48,0.02,48,45452,中性盘
319,09:46:04,9.48,0.0,30,28423,买盘
320,09:46:07,9.48,0.0,26,24640,买盘
321,09:46:10,9.48,0.0,26,24648,买盘
322,09:46:13,9.48,0.0,40,37920,买盘
323,09:46:19,9.47,-0.01,39,36944,卖盘
324,09:46:22,9.48,0.01,23,21794,买盘
325,09:46:25,9.48,0.0,77,72996,买盘
326,09:46:27,9.47,-0.01,67,63507,卖盘
327,09:46:31,9.47,0.0,44,41690,卖盘
328,09:46:34,9.48,0.01,33,31268,买盘
329,09:46:37,9.47,-0.01,89,84323,卖盘
330,09:46:40,9.47,0.0,83,78604,卖盘
331,09:46:43,9.48,0.01,37,35076,买盘
332,09:46:46,9.47,-0.01,51,48307,卖盘
333,09:46:49,9.46,-0.01,196,185582,卖盘
334,09:46:51,9.47,0.01,59,55873,买盘
335,09:46:55,9.47,0.0,116,109831,买盘
336,09:47:01,9.46,-0.01,116,109825,卖盘
337,09:47:04,9.46,0.0,50,47311,卖盘
338,09:47:07,9.47,0.01,1,947,买盘
339,09:47:10,9.46,-0.01,52,49203,卖盘
340,09:47:13,9.46,0.0,21,19866,卖盘
341,09:47:15,9.46,0.0,86,81356,卖盘
342,09:47:19,9.46,0.0,318,300363,买盘
343,09:47:22,9.46,0.0,30,28380,买盘
344,09:47:25,9.46,0.0,3,2838,买盘
345,09:47:28,9.45,-0.01,110,104041,卖盘
346,09:47:31,9.46,0.01,136,128646,买盘
347,09:47:34,9.45,-0.01,94,88923,卖盘
348,09:47:37,9.44,-0.01,88,83088,卖盘
349,09:47:40,9.45,0.01,109,102898,买盘
350,09:47:42,9.43,-0.02,115,108527,卖盘
351,09:47:46,9.43,0.0,179,168861,卖盘
352,09:47:49,9.44,0.01,5,4716,中性盘
353,09:47:52,9.43,-0.01,53,50020,卖盘
354,09:47:55,9.42,-0.01,59,55603,卖盘
355,09:47:57,9.43,0.01,36,33944,买盘
356,09:48:01,9.43,0.0,74,69722,买盘
357,09:48:04,9.42,-0.01,139,130960,卖盘
358,09:48:07,9.42,0.0,9,8478,买盘
359,09:48:10,9.42,0.0,1,942,买盘
360,09:48:12,9.41,-0.01,476,448335,卖盘
361,09:48:16,9.41,0.0,148,139370,卖盘
362,09:48:19,9.41,0.0,95,89399,卖盘
363,09:48:22,9.41,0.0,137,128917,卖盘
364,09:48:25,9.41,0.0,302,284282,买盘
365,09:48:28,9.41,0.0,51,47979,买盘
366,09:48:31,9.4,-0.01,48,45162,卖盘
367,09:48:34,9.41,0.01,282,265339,买盘
368,09:48:37,9.41,0.0,43,40455,买盘
369,09:48:39,9.41,0.0,135,127035,卖盘
370,09:48:43,9.41,0.0,134,126104,卖盘
371,09:48:46,9.41,0.0,289,271843,卖盘
372,09:48:49,9.41,0.0,114,107274,卖盘
373,09:48:52,9.4,-0.01,54,50794,卖盘
374,09:48:55,9.41,0.01,216,203222,买盘
375,09:48:58,9.41,0.0,268,252338,买盘
376,09:49:01,9.41,0.0,111,104455,卖盘
377,09:49:04,9.41,0.0,88,82808,卖盘
378,09:49:06,9.41,0.0,116,109159,卖盘
379,09:49:10,9.42,0.01,103,96926,买盘
380,09:49:13,9.41,-0.01,270,254279,卖盘
381,09:49:16,9.43,0.02,193,181656,买盘
382,09:49:19,9.43,0.0,98,92414,卖盘
383,09:49:21,9.43,0.0,56,52808,卖盘
384,09:49:25,9.45,0.02,398,375445,买盘
385,09:49:27,9.43,-0.02,53,49979,卖盘
386,09:49:31,9.44,0.01,5,4720,卖盘
387,09:49:34,9.46,0.02,49,46297,买盘
388,09:49:37,9.45,-0.01,124,117147,中性盘
389,09:49:40,9.46,0.01,367,346633,买盘
390,09:49:43,9.46,0.0,91,86059,买盘
391,09:49:48,9.44,-0.02,6,5668,卖盘
392,09:49:52,9.46,0.02,36,34012,买盘
393,09:49:54,9.45,-0.01,77,72819,卖盘
394,09:49:57,9.44,-0.01,100,94465,卖盘
395,09:50:01,9.47,0.03,169,159917,买盘
396,09:50:04,9.47,0.0,14,13258,卖盘
397,09:50:06,9.47,0.0,97,91859,卖盘
398,09:50:10,9.46,-0.01,104,98445,卖盘
399,09:50:13,9.48,0.02,49,46430,买盘
400,09:50:16,9.47,-0.01,76,71972,买盘
401,09:50:19,9.47,0.0,33,31207,买盘
402,09:50:25,9.46,-0.01,78,73856,卖盘
403,09:50:27,9.47,0.01,23,21768,买盘
404,09:50:31,9.47,0.0,95,89907,买盘
405,09:50:34,9.47,0.0,48,45456,买盘
406,09:50:37,9.46,-0.01,52,49182,买盘
407,09:50:40,9.47,0.01,206,194848,买盘
408,09:50:43,9.47,0.0,65,61436,买盘
409,09:50:46,9.46,-0.01,149,140954,卖盘
410,09:50:52,9.47,0.01,127,120207,买盘
411,09:50:55,9.47,0.0,201,190229,买盘
412,09:50:58,9.46,-0.01,131,124026,买盘
413,09:51:00,9.47,0.01,224,212092,买盘
414,09:51:04,9.46,-0.01,133,125725,卖盘
415,09:51:07,9.45,-0.01,19,17963,中性盘
416,09:51:10,9.45,0.0,43,40635,买盘
417,09:51:12,9.44,-0.01,230,217466,卖盘
418,09:51:16,9.44,0.0,24,22656,买盘
419,09:51:19,9.44,0.0,44,41536,买盘
420,09:51:22,9.43,-0.01,164,154666,卖盘
421,09:51:25,9.44,0.01,83,78329,买盘
422,09:51:27,9.43,-0.01,149,140628,卖盘
423,09:51:31,9.43,0.0,37,34891,买盘
424,09:51:34,9.43,0.0,31,29233,买盘
425,09:51:37,9.43,0.0,83,78269,买盘
426,09:51:40,9.42,-0.01,64,60290,卖盘
427,09:51:43,9.42,0.0,113,106518,卖盘
428,09:51:45,9.43,0.01,20,18860,中性盘
429,09:51:49,9.43,0.0,171,161253,卖盘
430,09:51:52,9.43,0.0,73,68839,卖盘
431,09:51:55,9.43,0.0,134,126354,卖盘
432,09:51:58,9.43,0.0,1,943,买盘
433,09:52:01,9.43,0.0,59,55637,买盘
434,09:52:04,9.43,0.0,78,73554,买盘
435,09:52:07,9.42,-0.01,45,42400,卖盘
436,09:52:10,9.42,0.0,10,9420,卖盘
437,09:52:12,9.43,0.01,64,60325,买盘
438,09:52:16,9.42,-0.01,462,435526,卖盘
439,09:52:19,9.42,0.0,3,2826,买盘
440,09:52:22,9.42,0.0,177,166734,买盘
441,09:52:24,9.42,0.0,140,131768,买盘
442,09:52:28,9.42,0.0,385,362567,买盘
443,09:52:31,9.41,-0.01,109,102704,卖盘
444,09:52:34,9.42,0.01,22,20724,卖盘
445,09:52:37,9.42,0.0,57,53701,卖盘
446,09:52:40,9.42,0.0,169,159198,卖盘
447,09:52:43,9.43,0.01,104,98000,买盘
448,09:52:46,9.43,0.0,35,33001,买盘
449,09:52:49,9.42,-0.01,196,184740,卖盘
450,09:52:52,9.44,0.02,3,2831,买盘
451,09:52:55,9.44,0.0,183,172752,买盘
452,09:52:57,9.44,0.0,39,36805,买盘
453,09:53:01,9.44,0.0,1,944,卖盘
454,09:53:04,9.43,-0.01,209,197204,卖盘
455,09:53:07,9.44,0.01,54,50976,卖盘
456,09:53:09,9.44,0.0,50,47213,卖盘
457,09:53:13,9.45,0.01,793,748317,买盘
458,09:53:16,9.45,0.0,4,3780,卖盘
459,09:53:19,9.45,0.0,12,11340,卖盘
460,09:53:22,9.46,0.01,8,7568,买盘
461,09:53:25,9.45,-0.01,128,120960,卖盘
462,09:53:28,9.45,0.0,68,64327,卖盘
463,09:53:31,9.46,0.01,22,20807,买盘
464,09:53:34,9.46,0.0,6,5674,买盘
465,09:53:40,9.46,0.0,6,5680,卖盘
466,09:53:43,9.46,0.0,248,234872,卖盘
467,09:53:46,9.47,0.01,21,19887,卖盘
468,09:53:51,9.48,0.01,155,146924,买盘
469,09:53:57,9.49,0.01,18,17079,买盘
470,09:54:01,9.49,0.0,142,134644,买盘
471,09:54:04,9.48,-0.01,13,12331,卖盘
472,09:54:07,9.49,0.01,15,14235,买盘
473,09:54:10,9.5,0.01,159,150908,买盘
474,09:54:13,9.49,-0.01,1,949,卖盘
475,09:54:16,9.49,0.0,61,57889,卖盘
476,09:54:18,9.5,0.01,361,342950,买盘
477,09:54:22,9.49,-0.01,248,235352,卖盘
478,09:54:25,9.5,0.01,15,14248,买盘
479,09:54:28,9.5,0.0,19,18050,买盘
480,09:54:34,9.5,0.0,56,53200,卖盘
481,09:54:36,9.51,0.01,80,76043,买盘
482,09:54:40,9.51,0.0,2,1901,买盘
483,09:54:42,9.51,0.0,59,56072,买盘
484,09:54:46,9.51,0.0,73,69386,买盘
485,09:54:49,9.49,-0.02,58,55083,卖盘
486,09:54:51,9.5,0.01,67,63593,买盘
487,09:54:55,9.5,0.0,25,23750,买盘
488,09:54:58,9.5,0.0,5,4750,买盘
489,09:55:01,9.5,0.0,174,165371,买盘
490,09:55:04,9.5,0.0,4,3800,买盘
491,09:55:07,9.5,0.0,89,84487,买盘
492,09:55:10,9.48,-0.02,86,81528,卖盘
493,09:55:13,9.5,0.02,77,73142,买盘
494,09:55:16,9.5,0.0,24,22785,买盘
495,09:55:19,9.48,-0.02,5,4740,中性盘
496,09:55:22,9.48,0.0,11,10428,卖盘
497,09:55:25,9.48,0.0,49,46452,买盘
498,09:55:27,9.48,0.0,10,9480,买盘
499,09:55:30,9.48,0.0,76,72047,买盘
500,09:55:37,9.48,0.0,2,1895,买盘
501,09:55:39,9.48,0.0,52,49291,买盘
502,09:55:43,9.49,0.01,79,74913,买盘
503,09:55:46,9.48,-0.01,119,112775,卖盘
504,09:55:49,9.48,0.0,10,9480,买盘
505,09:55:51,9.48,0.0,28,26544,买盘
506,09:55:55,9.48,0.0,10,9480,卖盘
507,09:56:01,9.48,0.0,220,208443,卖盘
508,09:56:04,9.48,0.0,198,187704,买盘
509,09:56:07,9.49,0.01,74,70164,买盘
510,09:56:09,9.49,0.0,67,63583,买盘
511,09:56:12,9.49,0.0,44,41716,买盘
512,09:56:16,9.49,0.0,16,15174,买盘
513,09:56:22,9.48,-0.01,123,116613,卖盘
514,09:56:25,9.49,0.01,73,69231,买盘
515,09:56:28,9.49,0.0,19,18031,买盘
516,09:56:30,9.49,0.0,200,189609,买盘
517,09:56:34,9.49,0.0,89,84392,买盘
518,09:56:37,9.49,0.0,1,949,买盘
519,09:56:40,9.49,0.0,19,18031,买盘
520,09:56:43,9.49,0.0,12,11388,卖盘
521,09:56:46,9.49,0.0,8,7592,卖盘
522,09:56:49,9.49,0.0,11,10440,卖盘
523,09:56:52,9.5,0.01,386,366640,买盘
524,09:56:55,9.48,-0.02,12,11382,卖盘
525,09:56:58,9.49,0.01,231,219449,中性盘
526,09:57:01,9.5,0.01,10,9500,卖盘
527,09:57:04,9.5,0.0,116,110200,卖盘
528,09:57:10,9.5,0.0,20,19013,卖盘
529,09:57:12,9.5,0.0,111,105450,卖盘
530,09:57:16,9.51,0.01,1,951,买盘
531,09:57:19,9.5,-0.01,70,66552,卖盘
532,09:57:22,9.51,0.01,11,10461,中性盘
533,09:57:25,9.51,0.0,2,1902,卖盘
534,09:57:28,9.51,0.0,5,4755,卖盘
535,09:57:31,9.51,0.0,127,120777,卖盘
536,09:57:34,9.52,0.01,13,12375,买盘
537,09:57:37,9.51,-0.01,24,22833,卖盘
538,09:57:40,9.52,0.01,65,61880,买盘
539,09:57:42,9.52,0.0,29,27608,买盘
540,09:57:46,9.52,0.0,16,15232,买盘
541,09:57:48,9.52,0.0,20,19040,买盘
542,09:57:52,9.52,0.0,55,52360,买盘
543,09:57:55,9.52,0.0,204,194208,买盘
544,09:57:57,9.52,0.0,68,64736,买盘
545,09:58:01,9.52,0.0,67,63784,买盘
546,09:58:04,9.52,0.0,8,7616,卖盘
547,09:58:10,9.53,0.01,9,8577,买盘
548,09:58:13,9.54,0.01,40,38130,买盘
549,09:58:19,9.53,-0.01,11,10483,卖盘
550,09:58:21,9.55,0.02,28,26722,买盘
551,09:58:25,9.54,-0.01,5,4770,卖盘
552,09:58:28,9.56,0.02,52,49668,买盘
553,09:58:31,9.56,0.0,5,4780,买盘
554,09:58:37,9.56,0.0,19,18161,买盘
555,09:58:40,9.56,0.0,33,31544,买盘
556,09:58:43,9.55,-0.01,42,40149,卖盘
557,09:58:46,9.57,0.02,137,131075,买盘
558,09:58:49,9.56,-0.01,186,177773,卖盘
559,09:58:52,9.56,0.0,100,95600,卖盘
560,09:58:55,9.57,0.01,38,36388,卖盘
561,09:58:58,9.57,0.0,11,10530,卖盘
562,09:59:01,9.59,0.02,25,23958,买盘
563,09:59:04,9.6,0.01,125,119959,买盘
564,09:59:07,9.57,-0.03,98,93881,卖盘
565,09:59:13,9.59,0.02,150,143966,买盘
566,09:59:16,9.6,0.01,123,117979,买盘
567,09:59:19,9.6,0.0,77,73890,买盘
568,09:59:21,9.6,0.0,22,21125,卖盘
569,09:59:24,9.6,0.0,2,1920,卖盘
570,09:59:27,9.6,0.0,63,60481,卖盘
571,09:59:31,9.6,0.0,254,243750,买盘
572,09:59:34,9.59,-0.01,41,39355,卖盘
573,09:59:37,9.6,0.01,58,55630,买盘
574,09:59:40,9.59,-0.01,103,98772,卖盘
575,09:59:43,9.59,0.0,67,64253,买盘
576,09:59:46,9.59,0.0,11,10549,买盘
577,09:59:49,9.58,-0.01,99,94883,卖盘
578,09:59:52,9.59,0.01,70,67072,买盘
579,09:59:55,9.59,0.0,24,23016,买盘
580,09:59:58,9.58,-0.01,85,81439,卖盘
581,10:00:01,9.59,0.01,92,88150,买盘
582,10:00:04,9.58,-0.01,24,22992,买盘
583,10:00:07,9.58,0.0,44,42138,买盘
584,10:00:10,9.58,0.0,16,15328,买盘
585,10:00:13,9.57,-0.01,1,957,卖盘
586,10:00:16,9.58,0.01,22,21076,买盘
587,10:00:21,9.57,-0.01,78,74646,卖盘
588,10:00:25,9.58,0.01,52,49816,买盘
589,10:00:28,9.57,-0.01,46,44022,卖盘
590,10:00:31,9.56,-0.01,25,23910,卖盘
591,10:00:34,9.57,0.01,30,28710,买盘
592,10:00:37,9.56,-0.01,59,56408,卖盘
593,10:00:40,9.56,0.0,7,6688,买盘
594,10:00:42,9.56,0.0,20,19120,买盘
595,10:00:46,9.56,0.0,82,78392,买盘
596,10:00:49,9.56,0.0,30,28680,买盘
597,10:00:52,9.56,0.0,27,25792,买盘
598,10:00:55,9.55,-0.01,11,10505,卖盘
599,10:00:57,9.55,0.0,98,93620,卖盘
600,10:01:00,9.56,0.01,312,298159,买盘
601,10:01:10,9.55,-0.01,72,68761,卖盘
602,10:01:13,9.55,0.0,109,104095,卖盘
603,10:01:16,9.56,0.01,181,172850,买盘
604,10:01:19,9.56,0.0,26,24856,买盘
605,10:01:21,9.56,0.0,61,58306,买盘
606,10:01:25,9.56,0.0,7,6692,买盘
607,10:01:28,9.55,-0.01,30,28650,中性盘
608,10:01:34,9.55,0.0,56,53480,买盘
609,10:01:37,9.55,0.0,33,31515,买盘
610,10:01:40,9.55,0.0,10,9550,买盘
611,10:01:46,9.55,0.0,21,20055,买盘
612,10:01:49,9.54,-0.01,76,72505,卖盘
613,10:01:52,9.54,0.0,26,24793,买盘
614,10:01:54,9.54,0.0,97,92538,买盘
615,10:01:58,9.54,0.0,4,3816,买盘
616,10:02:00,9.54,0.0,26,24779,买盘
617,10:02:04,9.53,-0.01,57,54328,卖盘
618,10:02:07,9.54,0.01,142,135441,买盘
619,10:02:10,9.54,0.0,92,87754,买盘
620,10:02:13,9.53,-0.01,34,32402,卖盘
621,10:02:16,9.53,0.0,41,39102,卖盘
622,10:02:19,9.53,0.0,10,9532,卖盘
623,10:02:22,9.53,0.0,18,17154,买盘
624,10:02:24,9.53,0.0,22,20966,买盘
625,10:02:28,9.53,0.0,39,37167,买盘
626,10:02:31,9.52,-0.01,28,26656,卖盘
627,10:02:34,9.53,0.01,21,20013,买盘
628,10:02:37,9.53,0.0,75,71475,买盘
629,10:02:40,9.52,-0.01,16,15232,卖盘
630,10:02:43,9.53,0.01,21,19995,买盘
631,10:02:49,9.53,0.0,19,18107,买盘
632,10:02:51,9.53,0.0,27,25720,买盘
633,10:02:54,9.53,0.0,44,41932,买盘
634,10:02:57,9.53,0.0,35,33333,卖盘
635,10:03:01,9.53,0.0,13,12384,买盘
636,10:03:04,9.53,0.0,42,40026,卖盘
637,10:03:07,9.54,0.01,52,49608,买盘
638,10:03:10,9.54,0.0,12,11448,买盘
639,10:03:13,9.54,0.0,33,31462,买盘
640,10:03:15,9.55,0.01,9,8594,买盘
641,10:03:19,9.54,-0.01,30,28620,卖盘
642,10:03:22,9.54,0.0,89,84906,买盘
643,10:03:25,9.54,0.0,7,6678,卖盘
644,10:03:28,9.55,0.01,38,36290,买盘
645,10:03:31,9.55,0.0,2,1910,卖盘
646,10:03:34,9.55,0.0,16,15280,卖盘
647,10:03:36,9.55,0.0,74,70673,卖盘
648,10:03:40,9.55,0.0,52,49612,买盘
649,10:03:42,9.55,0.0,16,15280,买盘
650,10:03:46,9.54,-0.01,110,105040,卖盘
651,10:03:49,9.55,0.01,141,134646,买盘
652,10:03:55,9.55,0.0,10,9550,买盘
653,10:03:58,9.55,0.0,19,18145,买盘
654,10:04:01,9.54,-0.01,20,19093,卖盘
655,10:04:03,9.55,0.01,35,33425,买盘
656,10:04:06,9.55,0.0,27,25785,卖盘
657,10:04:13,9.56,0.01,112,107062,买盘
658,10:04:15,9.55,-0.01,22,21010,卖盘
659,10:04:19,9.55,0.0,3,2865,卖盘
660,10:04:24,9.56,0.01,46,43939,买盘
661,10:04:27,9.55,-0.01,13,12416,卖盘
662,10:04:31,9.56,0.01,1,956,卖盘
663,10:04:34,9.56,0.0,90,86040,卖盘
664,10:04:37,9.57,0.01,51,48807,买盘
665,10:04:40,9.57,0.0,102,97611,买盘
666,10:04:43,9.57,0.0,101,96562,买盘
667,10:04:45,9.57,0.0,4,3828,买盘
668,10:04:48,9.57,0.0,109,104313,买盘
669,10:04:51,9.57,0.0,5,4784,买盘
670,10:04:55,9.57,0.0,73,69861,买盘
671,10:05:06,9.58,0.01,31,29698,买盘
672,10:05:10,9.58,0.0,11,10538,买盘
673,10:05:13,9.58,0.0,21,20118,卖盘
674,10:05:16,9.58,0.0,30,28740,卖盘
675,10:05:19,9.58,0.0,6,5748,卖盘
676,10:05:25,9.59,0.01,25,23955,买盘
677,10:05:28,9.59,0.0,40,38360,买盘
678,10:05:30,9.59,0.0,7,6713,买盘
679,10:05:33,9.59,0.0,111,106451,买盘
680,10:05:37,9.6,0.01,56,53737,买盘
681,10:05:40,9.59,-0.01,17,16303,卖盘
682,10:05:43,9.59,0.0,4,3836,卖盘
683,10:05:46,9.59,0.0,29,27833,卖盘
684,10:05:49,9.6,0.01,28,26880,买盘
685,10:05:51,9.6,0.0,39,37440,买盘
686,10:05:55,9.6,0.0,182,174720,买盘
687,10:05:57,9.6,0.0,30,28800,买盘
688,10:06:01,9.61,0.01,88,84439,买盘
689,10:06:04,9.61,0.0,105,100905,买盘
690,10:06:09,9.61,0.0,32,30752,卖盘
691,10:06:13,9.61,0.0,17,16337,卖盘
692,10:06:16,9.6,-0.01,315,302429,卖盘
693,10:06:18,9.62,0.02,154,148119,买盘
694,10:06:22,9.62,0.0,9,8658,卖盘
695,10:06:25,9.62,0.0,13,12506,卖盘
696,10:06:28,9.63,0.01,35,33682,买盘
697,10:06:31,9.63,0.0,39,37548,买盘
698,10:06:34,9.63,0.0,111,106877,买盘
699,10:06:36,9.62,-0.01,164,157826,卖盘
700,10:06:39,9.63,0.01,300,288891,买盘
701,10:06:43,9.63,0.0,107,103041,买盘
702,10:06:46,9.63,0.0,71,68373,卖盘
703,10:06:49,9.63,0.0,15,14445,卖盘
704,10:06:55,9.64,0.01,123,118472,买盘
705,10:06:58,9.65,0.01,145,139920,买盘
706,10:07:04,9.65,0.0,11,10615,买盘
707,10:07:07,9.65,0.0,26,25088,买盘
708,10:07:10,9.65,0.0,67,64654,买盘
709,10:07:13,9.65,0.0,6,5790,买盘
710,10:07:16,9.66,0.01,10,9660,买盘
711,10:07:19,9.69,0.03,463,447994,买盘
712,10:07:21,9.69,0.0,2,1938,卖盘
713,10:07:25,9.69,0.0,27,26163,卖盘
714,10:07:28,9.7,0.01,37,35860,买盘
715,10:07:31,9.7,0.0,72,69710,买盘
716,10:07:34,9.7,0.0,56,54310,买盘
717,10:07:36,9.69,-0.01,49,47537,卖盘
718,10:07:40,9.7,0.01,109,105730,买盘
719,10:07:42,9.7,0.0,32,31042,卖盘
720,10:07:45,9.7,0.0,33,32015,卖盘
721,10:07:49,9.7,0.0,412,399837,卖盘
722,10:07:52,9.7,0.0,124,120324,买盘
723,10:07:55,9.7,0.0,63,61163,买盘
724,10:07:58,9.7,0.0,14,13582,卖盘
725,10:08:01,9.7,0.0,8,7760,买盘
726,10:08:04,9.71,0.01,205,199069,买盘
727,10:08:07,9.69,-0.02,203,196916,卖盘
728,10:08:10,9.69,0.0,443,429259,买盘
729,10:08:13,9.69,0.0,48,46512,买盘
730,10:08:16,9.7,0.01,98,94975,买盘
731,10:08:19,9.7,0.0,42,40715,买盘
732,10:08:22,9.69,-0.01,60,58140,卖盘
733,10:08:25,9.69,0.0,53,51346,买盘
734,10:08:28,9.69,0.0,10,9690,卖盘
735,10:08:31,9.69,0.0,40,38784,卖盘
736,10:08:34,9.69,0.0,55,53295,卖盘
737,10:08:37,9.67,-0.02,93,90024,卖盘
738,10:08:40,9.69,0.02,21,20345,买盘
739,10:08:43,9.69,0.0,42,40664,买盘
740,10:08:46,9.66,-0.03,6,5796,卖盘
741,10:08:49,9.66,0.0,35,33813,卖盘
742,10:08:52,9.66,0.0,21,20281,买盘
743,10:08:55,9.64,-0.02,68,65600,卖盘
744,10:08:58,9.65,0.01,10,9641,买盘
745,10:09:01,9.63,-0.02,46,44318,卖盘
746,10:09:04,9.66,0.03,87,84009,买盘
747,10:09:09,9.63,-0.03,10,9630,卖盘
748,10:09:13,9.65,0.02,1,965,买盘
749,10:09:15,9.65,0.0,47,45325,买盘
750,10:09:19,9.65,0.0,17,16405,卖盘
751,10:09:22,9.65,0.0,21,20250,买盘
752,10:09:25,9.65,0.0,4,3860,买盘
753,10:09:28,9.66,0.01,95,91697,买盘
754,10:09:31,9.65,-0.01,98,94527,卖盘
755,10:09:40,9.66,0.01,5,4830,买盘
756,10:09:42,9.65,-0.01,29,27985,卖盘
757,10:09:46,9.64,-0.01,509,490720,卖盘
758,10:09:52,9.63,-0.01,23,22149,卖盘
759,10:09:55,9.63,0.0,20,19262,卖盘
760,10:09:58,9.63,0.0,29,27927,卖盘
761,10:10:00,9.63,0.0,105,101151,卖盘
762,10:10:04,9.63,0.0,379,365067,卖盘
763,10:10:07,9.64,0.01,51,49128,买盘
764,10:10:16,9.62,-0.02,21,20202,卖盘
765,10:10:22,9.61,-0.01,170,163370,卖盘
766,10:10:24,9.63,0.02,54,51965,买盘
767,10:10:28,9.62,-0.01,19,18278,卖盘
768,10:10:31,9.61,-0.01,151,145160,卖盘
769,10:10:34,9.61,0.0,6,5766,买盘
770,10:10:39,9.61,0.0,32,30752,买盘
771,10:10:43,9.61,0.0,13,12493,买盘
772,10:10:48,9.61,0.0,19,18248,买盘
773,10:10:51,9.6,-0.01,35,33623,卖盘
774,10:10:55,9.61,0.01,19,18249,买盘
775,10:10:58,9.6,-0.01,25,24000,卖盘
776,10:11:01,9.6,0.0,125,120081,卖盘
777,10:11:06,9.6,0.0,42,40320,卖盘
778,10:11:09,9.6,0.0,50,48000,买盘
779,10:11:13,9.6,0.0,116,111360,买盘
780,10:11:16,9.6,0.0,25,24000,买盘
781,10:11:19,9.59,-0.01,8,7672,卖盘
782,10:11:22,9.59,0.0,45,43155,卖盘
783,10:11:25,9.6,0.01,15,14400,买盘
784,10:11:28,9.61,0.01,369,353926,买盘
785,10:11:31,9.6,-0.01,76,72960,卖盘
786,10:11:36,9.61,0.01,3,2883,买盘
787,10:11:42,9.6,-0.01,56,53810,卖盘
788,10:11:46,9.6,0.0,22,21120,买盘
789,10:11:49,9.6,0.0,4,3840,买盘
790,10:11:55,9.59,-0.01,10,9599,卖盘
791,10:12:04,9.6,0.01,11,10560,买盘
792,10:12:07,9.59,-0.01,10,9590,卖盘
793,10:12:10,9.59,0.0,50,47950,卖盘
794,10:12:16,9.6,0.01,15,14400,买盘
795,10:12:22,9.59,-0.01,10,9590,卖盘
796,10:12:25,9.59,0.0,17,16303,卖盘
797,10:12:28,9.59,0.0,5,4795,买盘
798,10:12:36,9.59,0.0,15,14385,买盘
799,10:12:40,9.59,0.0,2,1918,买盘
800,10:12:43,9.58,-0.01,87,83346,卖盘
801,10:12:46,9.59,0.01,76,72863,买盘
802,10:12:49,9.59,0.0,31,29729,卖盘
803,10:12:52,9.59,0.0,1,959,卖盘
804,10:12:55,9.6,0.01,17,16308,买盘
805,10:13:01,9.6,0.0,5,4800,买盘
806,10:13:04,9.59,-0.01,26,24934,卖盘
807,10:13:07,9.58,-0.01,49,46971,卖盘
808,10:13:13,9.59,0.01,1,959,买盘
809,10:13:22,9.58,-0.01,1,958,卖盘
810,10:13:25,9.58,0.0,34,32572,卖盘
811,10:13:28,9.58,0.0,28,26824,买盘
812,10:13:40,9.58,0.0,9,8614,买盘
813,10:13:43,9.58,0.0,66,63176,买盘
814,10:13:46,9.58,0.0,10,9576,买盘
815,10:13:49,9.58,0.0,14,13403,买盘
816,10:13:52,9.58,0.0,160,153280,买盘
817,10:13:54,9.57,-0.01,70,67001,卖盘
818,10:13:58,9.57,0.0,6,5742,买盘
819,10:14:01,9.57,0.0,10,9575,卖盘
820,10:14:04,9.58,0.01,5,4790,买盘
821,10:14:06,9.56,-0.02,63,60272,卖盘
822,10:14:10,9.57,0.01,12,11484,中性盘
823,10:14:13,9.58,0.01,3,2874,中性盘
824,10:14:15,9.56,-0.02,69,65984,卖盘
825,10:14:28,9.56,0.0,87,83172,卖盘
826,10:14:31,9.57,0.01,5,4785,买盘
827,10:14:34,9.56,-0.01,4,3824,卖盘
828,10:14:37,9.56,0.0,13,12428,卖盘
829,10:14:43,9.57,0.01,2,1914,买盘
830,10:14:46,9.56,-0.01,78,74568,卖盘
831,10:14:49,9.56,0.0,56,53536,卖盘
832,10:14:52,9.57,0.01,47,44943,买盘
833,10:14:55,9.56,-0.01,10,9560,卖盘
834,10:14:58,9.56,0.0,69,65964,卖盘
835,10:15:04,9.56,0.0,25,23900,卖盘
836,10:15:07,9.56,0.0,98,93735,买盘
837,10:15:09,9.55,-0.01,146,139450,卖盘
838,10:15:13,9.55,0.0,542,516724,买盘
839,10:15:16,9.55,0.0,33,31515,买盘
840,10:15:19,9.54,-0.01,5,4770,中性盘
841,10:15:22,9.52,-0.02,20,19040,卖盘
842,10:15:28,9.52,0.0,14,13328,买盘
843,10:15:31,9.51,-0.01,10,9510,卖盘
844,10:15:34,9.52,0.01,99,94162,买盘
845,10:15:37,9.51,-0.01,144,136944,卖盘
846,10:15:40,9.51,0.0,21,19971,买盘
847,10:15:46,9.51,0.0,318,302147,买盘
848,10:15:49,9.5,-0.01,67,63650,卖盘
849,10:15:55,9.5,0.0,27,25650,买盘
850,10:15:58,9.49,-0.01,11,10443,卖盘
851,10:16:00,9.49,0.0,111,105423,卖盘
852,10:16:04,9.49,0.0,32,30368,卖盘
853,10:16:07,9.49,0.0,33,31317,卖盘
854,10:16:10,9.49,0.0,51,48399,卖盘
855,10:16:13,9.49,0.0,19,18038,卖盘
856,10:16:16,9.49,0.0,30,28445,买盘
857,10:16:19,9.49,0.0,42,39858,买盘
858,10:16:24,9.49,0.0,31,29419,买盘
859,10:16:27,9.49,0.0,51,48377,买盘
860,10:16:31,9.49,0.0,26,24674,买盘
861,10:16:34,9.49,0.0,104,98655,买盘
862,10:16:37,9.48,-0.01,12,11376,卖盘
863,10:16:40,9.49,0.01,38,36036,买盘
864,10:16:43,9.49,0.0,88,83428,买盘
865,10:16:46,9.49,0.0,46,43654,买盘
866,10:16:49,9.49,0.0,6,5698,买盘
867,10:16:52,9.49,0.0,243,230509,卖盘
868,10:16:58,9.5,0.01,70,66474,买盘
869,10:17:01,9.5,0.0,116,110099,买盘
870,10:17:04,9.5,0.0,98,93099,买盘
871,10:17:07,9.5,0.0,179,170050,卖盘
872,10:17:10,9.5,0.0,23,21850,卖盘
873,10:17:12,9.5,0.0,34,32300,卖盘
874,10:17:15,9.51,0.01,9,8554,买盘
875,10:17:19,9.51,0.0,20,19020,买盘
876,10:17:22,9.5,-0.01,37,35186,卖盘
877,10:17:25,9.51,0.01,102,97002,买盘
878,10:17:28,9.51,0.0,59,56109,卖盘
879,10:17:34,9.52,0.01,107,101763,买盘
880,10:17:37,9.5,-0.02,316,300663,卖盘
881,10:17:39,9.52,0.02,86,81872,买盘
882,10:17:46,9.52,0.0,59,56168,卖盘
883,10:17:49,9.52,0.0,90,85680,卖盘
884,10:17:52,9.52,0.0,86,81872,卖盘
885,10:17:58,9.54,0.02,117,111532,买盘
886,10:18:04,9.54,0.0,34,32436,买盘
887,10:18:07,9.53,-0.01,54,51515,卖盘
888,10:18:10,9.54,0.01,44,41954,买盘
889,10:18:13,9.53,-0.01,21,20015,卖盘
890,10:18:16,9.53,0.0,3,2859,买盘
891,10:18:19,9.53,0.0,27,25730,买盘
892,10:18:22,9.53,0.0,33,31442,买盘
893,10:18:25,9.52,-0.01,222,211349,卖盘
894,10:18:28,9.52,0.0,5,4760,买盘
895,10:18:31,9.51,-0.01,252,239864,卖盘
896,10:18:33,9.52,0.01,45,42826,买盘
897,10:18:36,9.52,0.0,115,109394,买盘
898,10:18:40,9.51,-0.01,15,14270,卖盘
899,10:18:43,9.5,-0.01,677,643208,卖盘
900,10:18:46,9.51,0.01,13,12363,买盘
901,10:18:49,9.5,-0.01,14,13300,卖盘
902,10:18:52,9.51,0.01,41,38955,买盘
903,10:18:55,9.5,-0.01,60,57000,卖盘
904,10:18:58,9.5,0.0,91,86445,买盘
905,10:19:00,9.5,0.0,78,74082,买盘
906,10:19:07,9.51,0.01,33,31353,买盘
907,10:19:10,9.5,-0.01,23,21856,中性盘
908,10:19:13,9.5,0.0,7,6650,卖盘
909,10:19:16,9.5,0.0,7,6650,卖盘
910,10:19:18,9.5,0.0,40,38000,卖盘
911,10:19:22,9.5,0.0,62,58900,买盘
912,10:19:28,9.51,0.01,6,5701,买盘
913,10:19:31,9.5,-0.01,10,9500,卖盘
914,10:19:34,9.5,0.0,20,19005,卖盘
915,10:19:37,9.51,0.01,90,85590,买盘
916,10:19:39,9.51,0.0,92,87492,买盘
917,10:19:43,9.51,0.0,20,19009,卖盘
918,10:19:46,9.51,0.0,35,33285,卖盘
919,10:19:48,9.51,0.0,40,38040,卖盘
920,10:19:52,9.52,0.01,90,85670,买盘
921,10:19:54,9.51,-0.01,7,6657,卖盘
922,10:19:58,9.5,-0.01,150,142525,卖盘
923,10:20:04,9.52,0.02,11,10472,买盘
924,10:20:07,9.52,0.0,26,24752,买盘
925,10:20:15,9.52,0.0,56,53312,卖盘
926,10:20:19,9.53,0.01,221,210580,买盘
927,10:20:22,9.53,0.0,10,9530,卖盘
928,10:20:30,9.54,0.01,35,33390,买盘
929,10:20:37,9.54,0.0,45,42930,卖盘
930,10:20:40,9.55,0.01,5,4775,买盘
931,10:20:43,9.54,-0.01,117,111731,卖盘
932,10:20:46,9.54,0.0,69,65874,卖盘
933,10:20:49,9.55,0.01,10,9546,买盘
934,10:20:52,9.54,-0.01,53,50562,买盘
935,10:20:54,9.55,0.01,5,4775,卖盘
936,10:21:01,9.55,0.0,8,7640,卖盘
937,10:21:04,9.55,0.0,3,2865,中性盘
938,10:21:09,9.54,-0.01,150,143176,卖盘
939,10:21:12,9.55,0.01,53,50614,中性盘
940,10:21:16,9.55,0.0,2,1910,卖盘
941,10:21:19,9.56,0.01,3,2868,买盘
942,10:21:25,9.55,-0.01,29,27714,买盘
943,10:21:31,9.55,0.0,4,3820,卖盘
944,10:21:34,9.56,0.01,93,88889,买盘
945,10:21:36,9.55,-0.01,10,9550,中性盘
946,10:21:40,9.54,-0.01,10,9545,卖盘
947,10:21:43,9.55,0.01,8,7640,买盘
948,10:21:46,9.55,0.0,14,13370,买盘
949,10:21:49,9.54,-0.01,2,1908,卖盘
950,10:21:52,9.54,0.0,65,62039,卖盘
951,10:21:55,9.55,0.01,42,40110,买盘
952,10:21:58,9.55,0.0,20,19100,卖盘
953,10:22:01,9.54,-0.01,10,9540,卖盘
954,10:22:04,9.56,0.02,17,16252,买盘
955,10:22:07,9.56,0.0,123,117427,买盘
956,10:22:10,9.56,0.0,27,25812,卖盘
957,10:22:12,9.55,-0.01,55,52552,卖盘
958,10:22:18,9.56,0.01,9,8604,买盘
959,10:22:21,9.56,0.0,39,37284,卖盘
960,10:22:25,9.57,0.01,13,12437,买盘
961,10:22:31,9.56,-0.01,1,956,中性盘
962,10:22:34,9.57,0.01,48,45936,买盘
963,10:22:37,9.56,-0.01,90,86040,卖盘
964,10:22:43,9.56,0.0,46,43976,卖盘
965,10:22:46,9.56,0.0,10,9560,买盘
966,10:22:48,9.56,0.0,5,4780,买盘
967,10:22:51,9.55,-0.01,94,89778,卖盘
968,10:22:54,9.56,0.01,31,29636,买盘
969,10:22:58,9.55,-0.01,40,38216,卖盘
970,10:23:06,9.55,0.0,154,147070,买盘
971,10:23:10,9.55,0.0,8,7640,买盘
972,10:23:13,9.54,-0.01,57,54418,卖盘
973,10:23:16,9.56,0.02,110,105040,买盘
974,10:23:19,9.56,0.0,27,25812,买盘
975,10:23:21,9.55,-0.01,8,7640,卖盘
976,10:23:28,9.56,0.01,59,56380,买盘
977,10:23:40,9.55,-0.01,10,9550,卖盘
978,10:23:46,9.56,0.01,8,7648,买盘
979,10:23:49,9.56,0.0,1,956,买盘
980,10:23:51,9.56,0.0,36,34415,买盘
981,10:23:58,9.56,0.0,26,24856,买盘
982,10:24:01,9.56,0.0,42,40128,买盘
983,10:24:07,9.55,-0.01,35,33425,卖盘
984,10:24:10,9.55,0.0,26,24830,卖盘
985,10:24:13,9.56,0.01,88,84096,买盘
986,10:24:19,9.55,-0.01,21,20055,买盘
987,10:24:25,9.55,0.0,18,17173,买盘
988,10:24:27,9.55,0.0,4,3820,买盘
989,10:24:30,9.54,-0.01,142,135524,卖盘
990,10:24:34,9.55,0.01,24,22920,买盘
991,10:24:37,9.54,-0.01,86,82061,卖盘
992,10:24:40,9.56,0.02,146,139576,买盘
993,10:24:43,9.56,0.0,3,2868,卖盘
994,10:24:46,9.55,-0.01,165,157681,卖盘
995,10:24:49,9.57,0.02,138,132066,买盘
996,10:24:58,9.57,0.0,1,957,卖盘
997,10:25:04,9.58,0.01,61,58436,买盘
998,10:25:07,9.57,-0.01,93,89001,卖盘
999,10:25:10,9.57,0.0,85,81355,卖盘
1000,10:25:13,9.58,0.01,66,63228,买盘
1001,10:25:19,9.58,0.0,44,42152,卖盘
1002,10:25:22,9.57,-0.01,9,8613,卖盘
1003,10:25:24,9.58,0.01,7,6706,买盘
1004,10:25:31,9.57,-0.01,64,61262,卖盘
1005,10:25:34,9.58,0.01,2,1915,买盘
1006,10:25:36,9.57,-0.01,2,1914,卖盘
1007,10:25:39,9.58,0.01,21,20107,买盘
1008,10:25:42,9.58,0.0,142,136036,买盘
1009,10:25:46,9.58,0.0,7,6706,卖盘
1010,10:25:48,9.57,-0.01,178,170398,卖盘
1011,10:25:51,9.58,0.01,99,94896,买盘
1012,10:26:00,9.58,0.0,4,3832,买盘
1013,10:26:07,9.57,-0.01,11,10527,卖盘
1014,10:26:09,9.57,0.0,30,28710,买盘
1015,10:26:12,9.56,-0.01,12,11478,卖盘
1016,10:26:16,9.56,0.0,35,33460,卖盘
1017,10:26:18,9.56,0.0,16,15296,买盘
1018,10:26:21,9.56,0.0,4,3824,卖盘
1019,10:26:25,9.56,0.0,6,5736,卖盘
1020,10:26:28,9.56,0.0,74,70693,卖盘
1021,10:26:34,9.55,-0.01,6,5730,卖盘
1022,10:26:37,9.55,0.0,11,10505,卖盘
1023,10:26:40,9.55,0.0,86,82130,卖盘
1024,10:26:43,9.56,0.01,119,113764,买盘
1025,10:26:46,9.56,0.0,99,94558,买盘
1026,10:26:48,9.56,0.0,19,18146,买盘
1027,10:26:51,9.56,0.0,16,15296,买盘
1028,10:26:54,9.55,-0.01,37,35335,卖盘
1029,10:26:58,9.54,-0.01,64,61056,卖盘
1030,10:27:07,9.55,0.01,60,57292,买盘
1031,10:27:10,9.54,-0.01,91,86814,卖盘
1032,10:27:13,9.56,0.02,152,145096,买盘
1033,10:27:15,9.56,0.0,3,2868,买盘
1034,10:27:19,9.56,0.0,39,37284,买盘
1035,10:27:25,9.56,0.0,25,23884,买盘
1036,10:27:28,9.55,-0.01,5,4775,中性盘
1037,10:27:31,9.55,0.0,35,33425,买盘
1038,10:27:34,9.56,0.01,20,19110,买盘
1039,10:27:37,9.55,-0.01,20,19100,卖盘
1040,10:27:43,9.55,0.0,1,955,卖盘
1041,10:27:45,9.55,0.0,43,41065,卖盘
1042,10:27:48,9.55,0.0,39,37245,买盘
1043,10:27:54,9.55,0.0,10,9550,买盘
1044,10:27:58,9.55,0.0,35,33425,买盘
1045,10:28:04,9.54,-0.01,7,6678,卖盘
1046,10:28:06,9.55,0.01,92,87859,买盘
1047,10:28:10,9.55,0.0,1,955,卖盘
1048,10:28:22,9.55,0.0,145,138475,卖盘
1049,10:28:28,9.56,0.01,10,9560,买盘
1050,10:28:30,9.55,-0.01,54,51570,卖盘
1051,10:28:34,9.55,0.0,25,23875,卖盘
1052,10:28:37,9.55,0.0,2,1910,买盘
1053,10:28:40,9.55,0.0,25,23875,买盘
1054,10:28:43,9.55,0.0,39,37221,买盘
1055,10:28:46,9.55,0.0,63,60165,买盘
1056,10:28:49,9.54,-0.01,140,133560,卖盘
1057,10:28:52,9.54,0.0,8,7632,买盘
1058,10:28:55,9.54,0.0,7,6678,买盘
1059,10:29:01,9.54,0.0,1,954,买盘
1060,10:29:04,9.54,0.0,121,115434,买盘
1061,10:29:10,9.54,0.0,26,24814,卖盘
1062,10:29:13,9.54,0.0,20,19090,卖盘
1063,10:29:16,9.54,0.0,23,21942,卖盘
1064,10:29:19,9.55,0.01,28,26740,买盘
1065,10:29:22,9.55,0.0,50,47709,买盘
1066,10:29:25,9.55,0.0,21,20055,卖盘
1067,10:29:31,9.55,0.0,1,955,卖盘
1068,10:29:34,9.55,0.0,76,72580,卖盘
1069,10:29:37,9.55,0.0,5,4775,买盘
1070,10:29:39,9.55,0.0,25,23875,买盘
1071,10:29:43,9.55,0.0,20,19100,买盘
1072,10:29:46,9.55,0.0,41,39155,买盘
1073,10:29:48,9.55,0.0,32,30537,买盘
1074,10:29:51,9.55,0.0,9,8595,买盘
1075,10:29:54,9.54,-0.01,138,131702,卖盘
1076,10:29:58,9.54,0.0,39,37217,卖盘
1077,10:30:01,9.55,0.01,80,76400,买盘
1078,10:30:07,9.55,0.0,67,63950,买盘
1079,10:30:10,9.55,0.0,26,24809,买盘
1080,10:30:13,9.55,0.0,18,17190,买盘
1081,10:30:15,9.55,0.0,21,20055,买盘
1082,10:30:19,9.55,0.0,1,955,买盘
1083,10:30:22,9.55,0.0,43,41055,买盘
1084,10:30:25,9.55,0.0,5,4775,买盘
1085,10:30:28,9.55,0.0,16,15280,买盘
1086,10:30:31,9.55,0.0,37,35335,买盘
1087,10:30:34,9.55,0.0,13,12415,买盘
1088,10:30:37,9.55,0.0,10,9550,买盘
1089,10:30:39,9.56,0.01,5,4780,买盘
1090,10:30:46,9.55,-0.01,66,63030,卖盘
1091,10:30:49,9.55,0.0,10,9550,卖盘
1092,10:30:51,9.56,0.01,424,405320,买盘
1093,10:30:58,9.56,0.0,31,29629,买盘
1094,10:31:04,9.56,0.0,7,6692,卖盘
1095,10:31:06,9.57,0.01,12,11484,买盘
1096,10:31:09,9.57,0.0,1,957,买盘
1097,10:31:13,9.57,0.0,10,9570,买盘
1098,10:31:16,9.56,-0.01,15,14340,卖盘
1099,10:31:19,9.57,0.01,10,9570,买盘
1100,10:31:22,9.56,-0.01,46,43986,卖盘
1101,10:31:28,9.57,0.01,9,8605,买盘
1102,10:31:31,9.56,-0.01,59,56404,卖盘
1103,10:31:34,9.56,0.0,3,2868,卖盘
1104,10:31:37,9.57,0.01,163,155968,买盘
1105,10:31:39,9.56,-0.01,35,33468,卖盘
1106,10:31:43,9.56,0.0,12,11472,卖盘
1107,10:31:46,9.56,0.0,11,10516,卖盘
1108,10:31:49,9.57,0.01,304,290857,买盘
1109,10:31:52,9.56,-0.01,15,14340,卖盘
1110,10:31:55,9.57,0.01,9,8613,买盘
1111,10:31:58,9.56,-0.01,11,10516,卖盘
1112,10:32:01,9.57,0.01,89,85173,买盘
1113,10:32:07,9.58,0.01,150,143675,买盘
1114,10:32:10,9.57,-0.01,10,9570,卖盘
1115,10:32:13,9.57,0.0,5,4785,卖盘
1116,10:32:16,9.57,0.0,105,100485,卖盘
1117,10:32:21,9.58,0.01,6,5748,买盘
1118,10:32:25,9.58,0.0,94,89975,买盘
1119,10:32:27,9.58,0.0,50,47868,买盘
1120,10:32:31,9.57,-0.01,4,3828,买盘
1121,10:32:34,9.57,0.0,10,9570,买盘
1122,10:32:37,9.57,0.0,15,14355,买盘
1123,10:32:40,9.57,0.0,40,38280,买盘
1124,10:32:42,9.57,0.0,98,93786,买盘
1125,10:32:45,9.56,-0.01,144,137676,卖盘
1126,10:32:49,9.57,0.01,69,65992,买盘
1127,10:32:52,9.56,-0.01,33,31580,卖盘
1128,10:32:55,9.57,0.01,88,84129,中性盘
1129,10:32:58,9.57,0.0,98,93781,卖盘
1130,10:33:00,9.56,-0.01,138,131941,卖盘
1131,10:33:04,9.56,0.0,6,5736,买盘
1132,10:33:07,9.56,0.0,97,92676,买盘
1133,10:33:10,9.55,-0.01,39,37261,卖盘
1134,10:33:12,9.56,0.01,39,37275,买盘
1135,10:33:15,9.56,0.0,68,64970,买盘
1136,10:33:19,9.57,0.01,16,15301,买盘
1137,10:33:22,9.55,-0.02,62,59210,卖盘
1138,10:33:25,9.55,0.0,7,6685,卖盘
1139,10:33:28,9.55,0.0,26,24835,卖盘
1140,10:33:31,9.56,0.01,222,212199,买盘
1141,10:33:34,9.55,-0.01,96,91772,卖盘
1142,10:33:37,9.55,0.0,18,17190,卖盘
1143,10:33:43,9.55,0.0,15,14322,买盘
1144,10:33:46,9.54,-0.01,7,6679,卖盘
1145,10:33:49,9.54,0.0,8,7632,卖盘
1146,10:33:52,9.54,0.0,2,1908,卖盘
1147,10:33:55,9.54,0.0,50,47700,卖盘
1148,10:33:58,9.54,0.0,46,43894,卖盘
1149,10:34:01,9.54,0.0,40,38192,卖盘
1150,10:34:04,9.55,0.01,115,109757,买盘
1151,10:34:10,9.54,-0.01,59,56333,卖盘
1152,10:34:22,9.54,0.0,1,954,卖盘
1153,10:34:25,9.53,-0.01,64,60992,卖盘
1154,10:34:34,9.53,0.0,22,20966,买盘
1155,10:34:40,9.53,0.0,42,40026,卖盘
1156,10:34:43,9.53,0.0,10,9530,卖盘
1157,10:34:45,9.53,0.0,86,81958,卖盘
1158,10:34:48,9.53,0.0,134,127808,买盘
1159,10:34:55,9.53,0.0,10,9530,买盘
1160,10:34:57,9.53,0.0,74,70453,买盘
1161,10:35:00,9.52,-0.01,30,28560,卖盘
1162,10:35:07,9.52,0.0,228,217056,卖盘
1163,10:35:10,9.53,0.01,43,40971,买盘
1164,10:35:13,9.52,-0.01,28,26656,卖盘
1165,10:35:16,9.52,0.0,25,23800,买盘
1166,10:35:19,9.52,0.0,112,106640,买盘
1167,10:35:22,9.52,0.0,13,12376,买盘
1168,10:35:27,9.51,-0.01,81,77050,卖盘
1169,10:35:30,9.51,0.0,58,55158,卖盘
1170,10:35:37,9.51,0.0,3,2853,卖盘
1171,10:35:40,9.52,0.01,230,218874,买盘
1172,10:35:43,9.52,0.0,2,1904,卖盘
1173,10:35:46,9.51,-0.01,59,56109,买盘
1174,10:35:52,9.51,0.0,46,43712,买盘
1175,10:35:55,9.51,0.0,31,29481,买盘
1176,10:35:57,9.51,0.0,3,2852,买盘
1177,10:36:01,9.5,-0.01,7,6650,卖盘
1178,10:36:04,9.51,0.01,124,117919,买盘
1179,10:36:07,9.5,-0.01,31,29467,卖盘
1180,10:36:10,9.5,0.0,200,190000,卖盘
1181,10:36:13,9.5,0.0,21,19950,卖盘
1182,10:36:16,9.5,0.0,3,2850,卖盘
1183,10:36:18,9.5,0.0,12,11400,卖盘
1184,10:36:21,9.51,0.01,97,92225,买盘
1185,10:36:27,9.5,-0.01,137,130169,卖盘
1186,10:36:30,9.51,0.01,1,951,买盘
1187,10:36:33,9.51,0.0,1,951,卖盘
1188,10:36:37,9.51,0.0,14,13314,卖盘
1189,10:36:40,9.5,-0.01,50,47500,卖盘
1190,10:36:46,9.51,0.01,1,951,买盘
1191,10:36:48,9.51,0.0,63,59883,买盘
1192,10:36:52,9.51,0.0,35,33271,买盘
1193,10:36:55,9.5,-0.01,36,34200,卖盘
1194,10:36:58,9.5,0.0,6,5700,卖盘
1195,10:37:00,9.5,0.0,87,82663,卖盘
1196,10:37:13,9.5,0.0,68,64541,买盘
1197,10:37:22,9.5,0.0,27,25640,买盘
1198,10:37:24,9.49,-0.01,44,41760,卖盘
1199,10:37:28,9.49,0.0,6,5694,买盘
1200,10:37:31,9.48,-0.01,12,11376,卖盘
1201,10:37:34,9.48,0.0,60,56932,卖盘
1202,10:37:37,9.49,0.01,13,12334,买盘
1203,10:37:43,9.48,-0.01,157,148914,卖盘
1204,10:37:46,9.48,0.0,158,149784,卖盘
1205,10:37:49,9.48,0.0,45,42660,买盘
1206,10:37:51,9.47,-0.01,15,14212,卖盘
1207,10:37:55,9.48,0.01,54,51192,买盘
1208,10:37:58,9.48,0.0,6,5687,买盘
1209,10:38:01,9.47,-0.01,167,158154,卖盘
1210,10:38:06,9.47,0.0,5,4735,卖盘
1211,10:38:09,9.47,0.0,25,23679,卖盘
1212,10:38:13,9.47,0.0,44,41661,卖盘
1213,10:38:16,9.47,0.0,66,62502,买盘
1214,10:38:19,9.47,0.0,11,10417,买盘
1215,10:38:22,9.46,-0.01,24,22704,卖盘
1216,10:38:25,9.47,0.01,25,23675,买盘
1217,10:38:28,9.46,-0.01,117,110752,卖盘
1218,10:38:31,9.47,0.01,12,11355,买盘
1219,10:38:34,9.46,-0.01,41,38786,卖盘
1220,10:38:37,9.46,0.0,411,388868,卖盘
1221,10:38:40,9.46,0.0,38,35948,卖盘
1222,10:38:42,9.46,0.0,6,5676,买盘
1223,10:38:45,9.46,0.0,64,60544,买盘
1224,10:38:49,9.46,0.0,128,121088,买盘
1225,10:38:52,9.46,0.0,29,27434,卖盘
1226,10:38:55,9.46,0.0,54,51084,卖盘
1227,10:38:58,9.46,0.0,115,108800,卖盘
1228,10:39:01,9.46,0.0,8,7568,卖盘
1229,10:39:04,9.46,0.0,45,42570,卖盘
1230,10:39:07,9.47,0.01,31,29357,买盘
1231,10:39:10,9.47,0.0,13,12299,买盘
1232,10:39:13,9.47,0.0,21,19887,买盘
1233,10:39:16,9.46,-0.01,29,27435,卖盘
1234,10:39:19,9.47,0.01,12,11364,买盘
1235,10:39:21,9.46,-0.01,5,4732,卖盘
1236,10:39:25,9.46,0.0,114,107939,卖盘
1237,10:39:28,9.47,0.01,137,129739,买盘
1238,10:39:31,9.46,-0.01,471,445566,卖盘
1239,10:39:33,9.47,0.01,76,71932,买盘
1240,10:39:36,9.47,0.0,20,18940,买盘
1241,10:39:42,9.47,0.0,43,40706,买盘
1242,10:39:46,9.46,-0.01,58,54890,卖盘
1243,10:39:49,9.47,0.01,16,15145,买盘
1244,10:39:55,9.46,-0.01,396,374992,卖盘
1245,10:39:58,9.47,0.01,67,63434,买盘
1246,10:40:00,9.46,-0.01,25,23655,卖盘
1247,10:40:04,9.47,0.01,59,55860,买盘
1248,10:40:06,9.47,0.0,30,28410,买盘
1249,10:40:10,9.46,-0.01,10,9468,卖盘
1250,10:40:13,9.46,0.0,2,1892,卖盘
1251,10:40:15,9.47,0.01,201,190332,买盘
1252,10:40:21,9.46,-0.01,48,45451,卖盘
1253,10:40:28,9.48,0.02,25,23700,买盘
1254,10:40:37,9.48,0.0,30,28440,卖盘
1255,10:40:40,9.48,0.0,11,10431,卖盘
1256,10:40:46,9.48,0.0,14,13272,卖盘
1257,10:40:49,9.49,0.01,29,27521,买盘
1258,10:40:52,9.49,0.0,12,11388,买盘
1259,10:40:55,9.48,-0.01,22,20874,卖盘
1260,10:41:01,9.49,0.01,47,44593,买盘
1261,10:41:04,9.48,-0.01,29,27492,卖盘
1262,10:41:16,9.5,0.02,339,321960,买盘
1263,10:41:18,9.51,0.01,23,21868,买盘
1264,10:41:28,9.5,-0.01,6,5700,买盘
1265,10:41:36,9.49,-0.01,35,33230,卖盘
1266,10:41:40,9.5,0.01,7,6650,中性盘
1267,10:41:42,9.5,0.0,2,1900,买盘
1268,10:41:46,9.51,0.01,12,11407,买盘
1269,10:41:49,9.51,0.0,3,2853,买盘
1270,10:41:52,9.5,-0.01,4,3800,卖盘
1271,10:41:55,9.51,0.01,34,32334,买盘
1272,10:41:57,9.51,0.0,47,44663,买盘
1273,10:42:04,9.5,-0.01,3,2850,卖盘
1274,10:42:10,9.51,0.01,77,73172,买盘
1275,10:42:13,9.51,0.0,5,4755,买盘
1276,10:42:16,9.5,-0.01,3,2850,卖盘
1277,10:42:19,9.49,-0.01,2,1898,卖盘
1278,10:42:25,9.51,0.02,40,38013,买盘
1279,10:42:30,9.51,0.0,24,22824,买盘
1280,10:42:36,9.5,-0.01,66,62700,买盘
1281,10:42:40,9.49,-0.01,107,101602,卖盘
1282,10:42:49,9.49,0.0,10,9490,卖盘
1283,10:42:55,9.48,-0.01,55,52162,卖盘
1284,10:42:58,9.49,0.01,13,12337,中性盘
1285,10:43:10,9.48,-0.01,336,318528,卖盘
1286,10:43:13,9.48,0.0,15,14220,买盘
1287,10:43:16,9.49,0.01,85,80587,买盘
1288,10:43:19,9.48,-0.01,179,169692,买盘
1289,10:43:22,9.47,-0.01,13,12312,卖盘
1290,10:43:25,9.47,0.0,42,39774,卖盘
1291,10:43:28,9.47,0.0,6,5682,买盘
1292,10:43:30,9.47,0.0,5,4735,买盘
1293,10:43:34,9.47,0.0,5,4735,买盘
1294,10:43:36,9.47,0.0,193,182731,买盘
1295,10:43:40,9.46,-0.01,2,1892,卖盘
1296,10:43:43,9.46,0.0,509,481514,卖盘
1297,10:43:45,9.46,0.0,30,28380,买盘
1298,10:43:55,9.45,-0.01,403,380835,卖盘
1299,10:43:58,9.45,0.0,76,71829,卖盘
1300,10:44:01,9.45,0.0,128,120960,卖盘
1301,10:44:04,9.46,0.01,45,42542,买盘
1302,10:44:07,9.45,-0.01,568,536788,卖盘
1303,10:44:09,9.45,0.0,447,422425,卖盘
1304,10:44:12,9.45,0.0,455,429975,卖盘
1305,10:44:16,9.45,0.0,38,35882,卖盘
1306,10:44:19,9.45,0.0,10,9450,买盘
1307,10:44:22,9.45,0.0,77,72748,买盘
1308,10:44:24,9.44,-0.01,53,50032,卖盘
1309,10:44:27,9.44,0.0,65,61402,卖盘
1310,10:44:31,9.43,-0.01,20,18865,卖盘
1311,10:44:37,9.43,0.0,50,47191,卖盘
1312,10:44:40,9.43,0.0,32,30176,卖盘
1313,10:44:43,9.43,0.0,43,40559,卖盘
1314,10:44:46,9.43,0.0,23,21689,买盘
1315,10:44:49,9.42,-0.01,192,180926,卖盘
1316,10:44:52,9.42,0.0,174,163880,卖盘
1317,10:44:55,9.42,0.0,1,942,买盘
1318,10:45:01,9.41,-0.01,494,464864,卖盘
1319,10:45:04,9.41,0.0,8,7528,卖盘
1320,10:45:07,9.4,-0.01,90,84614,卖盘
1321,10:45:10,9.41,0.01,1,941,买盘
1322,10:45:13,9.41,0.0,94,88361,买盘
1323,10:45:15,9.4,-0.01,379,356338,卖盘
1324,10:45:18,9.4,0.0,111,104362,卖盘
1325,10:45:21,9.4,0.0,177,166411,卖盘
1326,10:45:24,9.39,-0.01,31,29135,卖盘
1327,10:45:27,9.4,0.01,9,8460,买盘
1328,10:45:31,9.4,0.0,506,474993,买盘
1329,10:45:34,9.38,-0.02,648,606101,卖盘
1330,10:45:37,9.32,-0.06,87,81237,卖盘
1331,10:45:40,9.32,0.0,80,74782,卖盘
1332,10:45:43,9.33,0.01,118,109977,买盘
1333,10:45:46,9.38,0.05,96,89700,买盘
1334,10:45:49,9.31,-0.07,357,332643,卖盘
1335,10:45:51,9.32,0.01,181,168621,买盘
1336,10:45:54,9.32,0.0,452,420806,买盘
1337,10:45:58,9.32,0.0,213,198543,买盘
1338,10:46:01,9.3,-0.02,360,335018,卖盘
1339,10:46:04,9.32,0.02,490,456481,买盘
1340,10:46:07,9.3,-0.02,420,391179,卖盘
1341,10:46:10,9.3,0.0,418,388740,卖盘
1342,10:46:13,9.3,0.0,392,364560,买盘
1343,10:46:16,9.3,0.0,58,53940,买盘
1344,10:46:18,9.3,0.0,207,192438,买盘
1345,10:46:22,9.3,0.0,88,81820,买盘
1346,10:46:25,9.29,-0.01,244,226611,卖盘
1347,10:46:27,9.3,0.01,372,345888,买盘
1348,10:46:31,9.3,0.0,275,255750,卖盘
1349,10:46:34,9.3,0.0,184,171126,卖盘
1350,10:46:37,9.31,0.01,431,401361,买盘
1351,10:46:40,9.32,0.01,93,86596,中性盘
1352,10:46:43,9.31,-0.01,228,212281,卖盘
1353,10:46:46,9.31,0.0,23,21444,卖盘
1354,10:46:49,9.34,0.03,48,44755,中性盘
1355,10:46:51,9.36,0.02,17,15912,卖盘
1356,10:46:54,9.32,-0.04,169,157570,卖盘
1357,10:46:58,9.38,0.06,5,4688,买盘
1358,10:47:01,9.38,0.0,23,21574,买盘
1359,10:47:04,9.38,0.0,177,166301,买盘
1360,10:47:07,9.38,0.0,9,8442,买盘
1361,10:47:10,9.38,0.0,213,199458,卖盘
1362,10:47:13,9.38,0.0,7,6566,卖盘
1363,10:47:16,9.38,0.0,18,16884,卖盘
1364,10:47:18,9.38,0.0,100,93800,卖盘
1365,10:47:21,9.37,-0.01,41,38417,卖盘
1366,10:47:24,9.38,0.01,147,137913,买盘
1367,10:47:27,9.38,0.0,134,125376,买盘
1368,10:47:31,9.38,0.0,20,18760,卖盘
1369,10:47:34,9.37,-0.01,41,38456,卖盘
1370,10:47:37,9.36,-0.01,29,27162,卖盘
1371,10:47:39,9.36,0.0,12,11232,买盘
1372,10:47:43,9.39,0.03,10,9388,买盘
1373,10:47:49,9.37,-0.02,50,46850,卖盘
1374,10:47:51,9.36,-0.01,18,16865,卖盘
1375,10:47:54,9.37,0.01,9,8433,买盘
1376,10:47:57,9.37,0.0,33,30921,买盘
1377,10:48:04,9.36,-0.01,192,179662,卖盘
1378,10:48:07,9.36,0.0,7,6552,买盘
1379,10:48:10,9.35,-0.01,41,38375,卖盘
1380,10:48:13,9.34,-0.01,273,255169,卖盘
1381,10:48:16,9.33,-0.01,14,13073,卖盘
1382,10:48:19,9.35,0.02,21,19632,买盘
1383,10:48:22,9.33,-0.02,206,192308,卖盘
1384,10:48:24,9.33,0.0,34,31732,卖盘
1385,10:48:27,9.33,0.0,24,22392,买盘
1386,10:48:31,9.34,0.01,48,44832,卖盘
1387,10:48:33,9.32,-0.02,566,527540,卖盘
1388,10:48:36,9.35,0.03,31,28980,买盘
1389,10:48:40,9.33,-0.02,130,121290,卖盘
1390,10:48:43,9.33,0.0,2,1866,买盘
1391,10:48:45,9.34,0.01,189,176088,买盘
1392,10:48:48,9.34,0.0,28,26152,买盘
1393,10:48:51,9.33,-0.01,8,7464,卖盘
1394,10:48:54,9.3,-0.03,183,170398,卖盘
1395,10:48:58,9.31,0.01,68,63374,中性盘
1396,10:49:01,9.32,0.01,355,330341,买盘
1397,10:49:04,9.32,0.0,53,49360,买盘
1398,10:49:06,9.3,-0.02,248,230966,卖盘
1399,10:49:09,9.31,0.01,87,81019,中性盘
1400,10:49:13,9.32,0.01,119,110708,中性盘
1401,10:49:16,9.32,0.0,20,18634,买盘
1402,10:49:19,9.31,-0.01,208,193649,卖盘
1403,10:49:22,9.33,0.02,215,200026,买盘
1404,10:49:25,9.33,0.0,165,153945,卖盘
1405,10:49:28,9.33,0.0,2,1866,卖盘
1406,10:49:31,9.32,-0.01,85,79269,卖盘
1407,10:49:34,9.33,0.01,27,25191,中性盘
1408,10:49:37,9.33,0.0,31,28923,买盘
1409,10:49:40,9.33,0.0,53,49439,买盘
1410,10:49:42,9.32,-0.01,115,107198,卖盘
1411,10:49:46,9.33,0.01,187,174338,买盘
1412,10:49:48,9.32,-0.01,33,30763,中性盘
1413,10:49:52,9.32,0.0,14,13048,买盘
1414,10:49:55,9.31,-0.01,337,314034,卖盘
1415,10:49:58,9.32,0.01,113,105216,中性盘
1416,10:50:01,9.33,0.01,174,162173,买盘
1417,10:50:04,9.32,-0.01,45,41940,卖盘
1418,10:50:07,9.32,0.0,40,37285,卖盘
1419,10:50:09,9.31,-0.01,220,204945,卖盘
1420,10:50:13,9.32,0.01,35,32620,买盘
1421,10:50:16,9.32,0.0,211,196518,买盘
1422,10:50:19,9.32,0.0,134,124788,买盘
1423,10:50:21,9.32,0.0,197,183544,卖盘
1424,10:50:25,9.31,-0.01,54,50292,卖盘
1425,10:50:28,9.33,0.02,6,5601,买盘
1426,10:50:31,9.32,-0.01,262,244184,卖盘
1427,10:50:34,9.33,0.01,34,31708,买盘
1428,10:50:36,9.33,0.0,104,96973,买盘
1429,10:50:40,9.35,0.02,261,243343,买盘
1430,10:50:43,9.32,-0.03,83,77409,中性盘
1431,10:50:45,9.35,0.03,5,4675,买盘
1432,10:50:49,9.35,0.0,86,80318,买盘
1433,10:50:52,9.35,0.0,94,87890,买盘
1434,10:50:55,9.33,-0.02,350,326796,卖盘
1435,10:50:58,9.32,-0.01,102,95071,卖盘
1436,10:51:01,9.34,0.02,5,4670,买盘
1437,10:51:04,9.34,0.0,2,1868,买盘
1438,10:51:06,9.33,-0.01,6,5598,卖盘
1439,10:51:09,9.32,-0.01,95,88574,卖盘
1440,10:51:12,9.34,0.02,252,235243,买盘
1441,10:51:16,9.34,0.0,10,9340,卖盘
1442,10:51:18,9.35,0.01,33,30782,买盘
1443,10:51:25,9.33,-0.02,116,108228,卖盘
1444,10:51:28,9.34,0.01,30,27992,买盘
1445,10:51:30,9.35,0.01,100,93500,买盘
1446,10:51:37,9.34,-0.01,1,934,卖盘
1447,10:51:40,9.35,0.01,12,11220,买盘
1448,10:51:43,9.35,0.0,68,63578,买盘
1449,10:51:46,9.35,0.0,78,72930,卖盘
1450,10:51:48,9.35,0.0,3,2805,卖盘
1451,10:51:51,9.35,0.0,256,239389,卖盘
1452,10:52:01,9.36,0.01,69,64678,卖盘
1453,10:52:04,9.38,0.02,83,77700,买盘
1454,10:52:06,9.38,0.0,23,21574,买盘
1455,10:52:13,9.36,-0.02,124,116110,卖盘
1456,10:52:16,9.36,0.0,20,18720,买盘
1457,10:52:18,9.39,0.03,258,242071,买盘
1458,10:52:24,9.38,-0.01,5,4690,买盘
1459,10:52:27,9.38,0.0,4,3752,买盘
1460,10:52:30,9.38,0.0,21,19698,买盘
1461,10:52:34,9.37,-0.01,17,15928,买盘
1462,10:52:37,9.37,0.0,5,4685,买盘
1463,10:52:40,9.37,0.0,30,28110,买盘
1464,10:52:42,9.37,0.0,5,4685,买盘
1465,10:52:45,9.37,0.0,13,12181,买盘
1466,10:52:51,9.39,0.02,107,100306,买盘
1467,10:52:58,9.37,-0.02,50,46850,卖盘
1468,10:53:07,9.37,0.0,81,75937,卖盘
1469,10:53:09,9.37,0.0,6,5622,买盘
1470,10:53:12,9.36,-0.01,5,4680,卖盘
1471,10:53:15,9.37,0.01,11,10307,买盘
1472,10:53:18,9.37,0.0,31,29047,买盘
1473,10:53:22,9.37,0.0,31,29047,买盘
1474,10:53:25,9.37,0.0,35,32795,卖盘
1475,10:53:34,9.38,0.01,9,8442,买盘
1476,10:53:37,9.38,0.0,10,9380,买盘
1477,10:53:39,9.38,0.0,12,11246,买盘
1478,10:53:42,9.38,0.0,18,16884,买盘
1479,10:53:45,9.38,0.0,1,938,买盘
1480,10:53:48,9.4,0.02,373,350300,买盘
1481,10:53:52,9.38,-0.02,5,4690,买盘
1482,10:53:55,9.38,0.0,18,16884,买盘
1483,10:53:57,9.38,0.0,21,19698,卖盘
1484,10:54:00,9.38,0.0,28,26264,买盘
1485,10:54:06,9.38,0.0,32,30036,卖盘
1486,10:54:13,9.38,0.0,313,293804,卖盘
1487,10:54:18,9.38,0.0,25,23450,卖盘
1488,10:54:22,9.38,0.0,34,31925,卖盘
1489,10:54:25,9.39,0.01,92,86380,买盘
1490,10:54:28,9.38,-0.01,22,20647,卖盘
1491,10:54:31,9.38,0.0,156,146341,卖盘
1492,10:54:33,9.41,0.03,229,215387,买盘
1493,10:54:40,9.38,-0.03,98,92049,卖盘
1494,10:54:48,9.41,0.03,9,8469,中性盘
1495,10:54:54,9.38,-0.03,23,21611,卖盘
1496,10:55:01,9.41,0.03,20,18818,买盘
1497,10:55:07,9.41,0.0,1,941,买盘
1498,10:55:15,9.4,-0.01,11,10340,卖盘
1499,10:55:18,9.41,0.01,6,5644,买盘
1500,10:55:31,9.41,0.0,23,21643,买盘
1501,10:55:34,9.41,0.0,1,941,买盘
1502,10:55:36,9.41,0.0,12,11292,买盘
1503,10:55:39,9.4,-0.01,108,101520,卖盘
1504,10:55:46,9.4,0.0,26,24440,买盘
1505,10:55:48,9.4,0.0,9,8460,买盘
1506,10:55:55,9.39,-0.01,2,1878,卖盘
1507,10:56:01,9.4,0.01,22,20676,买盘
1508,10:56:04,9.4,0.0,14,13164,卖盘
1509,10:56:07,9.39,-0.01,14,13152,卖盘
1510,10:56:13,9.39,0.0,10,9390,卖盘
1511,10:56:19,9.39,0.0,38,35682,卖盘
1512,10:56:24,9.4,0.01,113,106158,买盘
1513,10:56:36,9.38,-0.02,10,9380,卖盘
1514,10:56:40,9.38,0.0,79,74103,卖盘
1515,10:56:43,9.38,0.0,2,1876,买盘
1516,10:56:46,9.38,0.0,24,22512,买盘
1517,10:56:49,9.37,-0.01,2,1874,卖盘
1518,10:56:58,9.37,0.0,80,74970,卖盘
1519,10:57:04,9.37,0.0,5,4685,卖盘
1520,10:57:09,9.38,0.01,38,35644,买盘
1521,10:57:13,9.5,0.12,563,532128,买盘
1522,10:57:16,9.5,0.0,3,2850,卖盘
1523,10:57:19,9.5,0.0,5,4750,卖盘
1524,10:57:22,9.5,0.0,23,21850,卖盘
1525,10:57:25,9.5,0.0,10,9500,卖盘
1526,10:57:28,9.5,0.0,44,41800,卖盘
1527,10:57:31,9.5,0.0,16,15200,卖盘
1528,10:57:33,9.51,0.01,20,19013,买盘
1529,10:57:37,9.5,-0.01,137,130153,卖盘
1530,10:57:40,9.5,0.0,59,56066,卖盘
1531,10:57:42,9.5,0.0,178,169202,卖盘
1532,10:57:45,9.5,0.0,46,43700,卖盘
1533,10:57:48,9.5,0.0,85,80756,卖盘
1534,10:57:57,9.48,-0.02,1,948,卖盘
1535,10:58:00,9.48,0.0,1,948,卖盘
1536,10:58:06,9.47,-0.01,1,947,买盘
1537,10:58:09,9.49,0.02,7,6645,中性盘
1538,10:58:13,9.5,0.01,47,44645,买盘
1539,10:58:16,9.5,0.0,90,85500,卖盘
1540,10:58:19,9.5,0.0,68,64600,卖盘
1541,10:58:22,9.5,0.0,113,107350,卖盘
1542,10:58:25,9.5,0.0,13,12347,卖盘
1543,10:58:27,9.5,0.0,3,2850,买盘
1544,10:58:30,9.47,-0.03,28,26516,卖盘
1545,10:58:34,9.45,-0.02,19,17955,中性盘
1546,10:58:37,9.47,0.02,60,56800,买盘
1547,10:58:39,9.54,0.07,883,840191,买盘
1548,10:58:42,9.54,0.0,31,29574,卖盘
1549,10:58:45,9.54,0.0,23,21942,卖盘
1550,10:58:48,9.54,0.0,100,95400,卖盘
1551,10:58:51,9.55,0.01,24,22901,买盘
1552,10:58:54,9.55,0.0,44,42001,买盘
1553,10:58:58,9.54,-0.01,192,183209,卖盘
1554,10:59:01,9.54,0.0,244,232416,卖盘
1555,10:59:04,9.5,-0.04,10,9500,买盘
1556,10:59:07,9.55,0.05,251,239556,买盘
1557,10:59:09,9.55,0.0,8,7640,卖盘
1558,10:59:13,9.55,0.0,131,125105,卖盘
1559,10:59:15,9.55,0.0,249,237796,卖盘
1560,10:59:19,9.55,0.0,381,363855,卖盘
1561,10:59:22,9.51,-0.04,93,88247,买盘
1562,10:59:25,9.51,0.0,5,4755,买盘
1563,10:59:28,9.51,0.0,3,2853,买盘
1564,10:59:31,9.51,0.0,4,3804,买盘
1565,10:59:34,9.5,-0.01,12,11401,卖盘
1566,10:59:36,9.5,0.0,10,9500,买盘
1567,10:59:40,9.5,0.0,3,2850,买盘
1568,10:59:42,9.5,0.0,25,23750,买盘
1569,10:59:45,9.45,-0.05,1,945,卖盘
1570,10:59:49,9.45,0.0,8,7560,买盘
1571,10:59:51,9.45,0.0,105,99225,买盘
1572,10:59:55,9.44,-0.01,29,27377,卖盘
1573,10:59:58,9.44,0.0,2,1888,买盘
1574,11:00:01,9.44,0.0,5,4720,买盘
1575,11:00:04,9.43,-0.01,5,4718,卖盘
1576,11:00:07,9.43,0.0,13,12259,卖盘
1577,11:00:10,9.44,0.01,127,119822,买盘
1578,11:00:13,9.43,-0.01,76,71677,卖盘
1579,11:00:15,9.43,0.0,65,61295,买盘
1580,11:00:21,9.42,-0.01,158,148901,卖盘
1581,11:00:25,9.42,0.0,139,131017,卖盘
1582,11:00:28,9.42,0.0,21,19782,买盘
1583,11:00:31,9.41,-0.01,62,58347,卖盘
1584,11:00:34,9.42,0.01,184,173182,买盘
1585,11:00:37,9.41,-0.01,80,75280,中性盘
1586,11:00:40,9.41,0.0,22,20681,买盘
1587,11:00:42,9.41,0.0,344,323410,买盘
1588,11:00:46,9.4,-0.01,111,104364,卖盘
1589,11:00:49,9.4,0.0,15,14100,买盘
1590,11:00:52,9.38,-0.02,102,95726,卖盘
1591,11:00:55,9.39,0.01,18,16902,中性盘
1592,11:00:58,9.38,-0.01,69,64724,卖盘
1593,11:01:01,9.37,-0.01,124,116251,卖盘
1594,11:01:05,9.42,0.05,1000,939620,买盘
1595,11:01:06,9.37,-0.05,172,161185,卖盘
1596,11:01:10,9.37,0.0,58,54346,卖盘
1597,11:01:13,9.37,0.0,248,232546,卖盘
1598,11:01:16,9.38,0.01,121,113481,买盘
1599,11:01:19,9.36,-0.02,139,130226,卖盘
1600,11:01:22,9.37,0.01,244,228475,卖盘
1601,11:01:25,9.38,0.01,110,103038,买盘
1602,11:01:28,9.38,0.0,268,251320,买盘
1603,11:01:31,9.36,-0.02,71,66508,卖盘
1604,11:01:34,9.37,0.01,331,309829,中性盘
1605,11:01:37,9.35,-0.02,109,102068,卖盘
1606,11:01:39,9.37,0.02,140,131101,买盘
1607,11:01:43,9.36,-0.01,88,82379,卖盘
1608,11:01:46,9.35,-0.01,124,116056,卖盘
1609,11:01:49,9.36,0.01,166,155402,买盘
1610,11:01:55,9.34,-0.02,157,146734,卖盘
1611,11:01:57,9.35,0.01,152,142201,买盘
1612,11:02:00,9.36,0.01,132,123468,买盘
1613,11:02:04,9.35,-0.01,42,39272,卖盘
1614,11:02:06,9.36,0.01,223,208318,买盘
1615,11:02:10,9.35,-0.01,137,127980,中性盘
1616,11:02:13,9.34,-0.01,57,53268,卖盘
1617,11:02:15,9.36,0.02,54,50544,买盘
1618,11:02:18,9.36,0.0,112,104832,卖盘
1619,11:02:21,9.36,0.0,184,172224,卖盘
1620,11:02:24,9.36,0.0,134,125472,卖盘
1621,11:02:27,9.36,0.0,32,29952,卖盘
1622,11:02:31,9.36,0.0,10,9360,买盘
1623,11:02:34,9.36,0.0,176,164678,买盘
1624,11:02:36,9.36,0.0,466,436025,买盘
1625,11:02:40,9.35,-0.01,200,187001,买盘
1626,11:02:43,9.36,0.01,104,97309,中性盘
1627,11:02:46,9.36,0.0,203,189953,卖盘
1628,11:02:49,9.34,-0.02,220,205591,卖盘
1629,11:02:52,9.35,0.01,73,68255,卖盘
1630,11:02:55,9.36,0.01,43,40248,买盘
1631,11:02:58,9.35,-0.01,164,153363,卖盘
1632,11:03:01,9.35,0.0,90,84150,买盘
1633,11:03:04,9.34,-0.01,107,99959,卖盘
1634,11:03:06,9.35,0.01,184,171990,买盘
1635,11:03:10,9.34,-0.01,195,182262,卖盘
1636,11:03:13,9.34,0.0,145,135307,买盘
1637,11:03:15,9.35,0.01,192,179149,买盘
1638,11:03:19,9.33,-0.02,186,173725,卖盘
1639,11:03:22,9.33,0.0,99,92288,买盘
1640,11:03:25,9.38,0.05,272,254270,买盘
1641,11:03:28,9.32,-0.06,158,147448,卖盘
1642,11:03:30,9.33,0.01,125,116625,买盘
1643,11:03:33,9.33,0.0,179,167019,卖盘
1644,11:03:36,9.33,0.0,59,55057,卖盘
1645,11:03:40,9.35,0.02,64,59718,买盘
1646,11:03:43,9.33,-0.02,196,182908,卖盘
1647,11:03:46,9.33,0.0,86,80238,卖盘
1648,11:03:49,9.33,0.0,297,277129,卖盘
1649,11:03:52,9.33,0.0,118,110094,买盘
1650,11:03:55,9.32,-0.01,191,178150,卖盘
1651,11:03:58,9.32,0.0,179,166887,卖盘
1652,11:04:01,9.32,0.0,163,151979,卖盘
1653,11:04:04,9.32,0.0,97,90451,卖盘
1654,11:04:07,9.33,0.01,181,168873,卖盘
1655,11:04:10,9.31,-0.02,82,76356,卖盘
1656,11:04:12,9.32,0.01,2,1864,买盘
1657,11:04:15,9.31,-0.01,93,86593,卖盘
1658,11:04:18,9.31,0.0,200,186219,卖盘
1659,11:04:21,9.32,0.01,93,86626,中性盘
1660,11:04:24,9.31,-0.01,104,96913,卖盘
1661,11:04:28,9.33,0.02,110,102458,买盘
1662,11:04:31,9.31,-0.02,96,89384,买盘
1663,11:04:34,9.31,0.0,17,15827,买盘
1664,11:04:36,9.31,0.0,295,274520,买盘
1665,11:04:40,9.31,0.0,229,213204,卖盘
1666,11:04:43,9.32,0.01,74,68883,买盘
1667,11:04:46,9.31,-0.01,172,160074,卖盘
1668,11:04:49,9.31,0.0,157,146167,卖盘
1669,11:04:52,9.31,0.0,149,138849,卖盘
1670,11:04:55,9.31,0.0,143,133133,卖盘
1671,11:04:58,9.31,0.0,227,211347,卖盘
1672,11:05:01,9.31,0.0,40,37245,卖盘
1673,11:05:04,9.31,0.0,231,215190,卖盘
1674,11:05:07,9.31,0.0,152,141540,卖盘
1675,11:05:10,9.31,0.0,70,65216,卖盘
1676,11:05:12,9.32,0.01,165,153671,买盘
1677,11:05:16,9.31,-0.01,169,157347,卖盘
1678,11:05:19,9.31,0.0,138,128517,买盘
1679,11:05:22,9.31,0.0,470,437189,买盘
1680,11:05:25,9.31,0.0,279,259604,买盘
1681,11:05:28,9.3,-0.01,194,180461,卖盘
1682,11:05:31,9.31,0.01,167,155383,买盘
1683,11:05:34,9.31,0.0,5,4655,卖盘
1684,11:05:37,9.3,-0.01,154,143321,卖盘
1685,11:05:40,9.31,0.01,13,12103,卖盘
1686,11:05:43,9.31,0.0,151,140603,卖盘
1687,11:05:46,9.31,0.0,189,175959,买盘
1688,11:05:49,9.3,-0.01,229,213046,卖盘
1689,11:05:51,9.31,0.01,22,20482,买盘
1690,11:05:55,9.3,-0.01,113,105110,卖盘
1691,11:05:58,9.3,0.0,74,68820,买盘
1692,11:06:00,9.3,0.0,128,119040,买盘
1693,11:06:03,9.3,0.0,179,166338,卖盘
1694,11:06:07,9.29,-0.01,352,327263,卖盘
1695,11:06:09,9.31,0.02,122,113470,买盘
1696,11:06:16,9.29,-0.02,106,98561,卖盘
1697,11:06:22,9.3,0.01,61,56770,中性盘
1698,11:06:24,9.29,-0.01,52,48359,卖盘
1699,11:06:30,9.29,0.0,239,222137,卖盘
1700,11:06:33,9.3,0.01,71,66027,买盘
1701,11:06:36,9.29,-0.01,113,105018,卖盘
1702,11:06:40,9.29,0.0,100,92958,卖盘
1703,11:06:43,9.3,0.01,10,9300,中性盘
1704,11:06:46,9.3,0.0,119,110651,卖盘
1705,11:06:49,9.31,0.01,289,268527,买盘
1706,11:06:51,9.29,-0.02,188,174574,卖盘
1707,11:06:54,9.29,0.0,79,73415,买盘
1708,11:06:57,9.3,0.01,102,94680,买盘
1709,11:07:01,9.3,0.0,16,14874,买盘
1710,11:07:04,9.29,-0.01,134,124507,卖盘
1711,11:07:06,9.29,0.0,84,77967,买盘
1712,11:07:09,9.3,0.01,117,108668,买盘
1713,11:07:12,9.28,-0.02,190,176422,卖盘
1714,11:07:15,9.3,0.02,123,114315,买盘
1715,11:07:18,9.28,-0.02,143,132875,卖盘
1716,11:07:25,9.29,0.01,27,25093,卖盘
1717,11:07:28,9.3,0.01,10,9300,买盘
1718,11:07:31,9.29,-0.01,6,5574,卖盘
1719,11:07:34,9.29,0.0,7,6503,卖盘
1720,11:07:37,9.3,0.01,141,131027,买盘
1721,11:07:40,9.29,-0.01,175,162597,卖盘
1722,11:07:43,9.29,0.0,144,133776,买盘
1723,11:07:46,9.3,0.01,46,42768,买盘
1724,11:07:49,9.29,-0.01,11,10221,卖盘
1725,11:07:52,9.28,-0.01,181,168139,卖盘
1726,11:07:55,9.29,0.01,8,7432,买盘
1727,11:07:58,9.29,0.0,23,21369,卖盘
1728,11:08:01,9.29,0.0,26,24154,卖盘
1729,11:08:05,9.29,0.0,13,12087,卖盘
1730,11:08:07,9.29,0.0,17,15793,卖盘
1731,11:08:10,9.29,0.0,402,373452,卖盘
1732,11:08:13,9.29,0.0,151,140159,买盘
1733,11:08:16,9.28,-0.01,253,234901,卖盘
1734,11:08:19,9.29,0.01,49,45521,买盘
1735,11:08:21,9.3,0.01,2,1860,买盘
1736,11:08:24,9.29,-0.01,32,29728,卖盘
1737,11:08:28,9.29,0.0,50,46450,卖盘
1738,11:08:31,9.29,0.0,24,22276,买盘
1739,11:08:33,9.29,0.0,20,18582,买盘
1740,11:08:37,9.29,0.0,15,13935,买盘
1741,11:08:40,9.29,0.0,45,41803,买盘
1742,11:08:43,9.29,0.0,41,38069,买盘
1743,11:08:46,9.29,0.0,160,148503,买盘
1744,11:08:49,9.29,0.0,19,17648,买盘
1745,11:08:52,9.28,-0.01,7,6498,卖盘
1746,11:08:54,9.29,0.01,128,118912,买盘
1747,11:08:57,9.29,0.0,52,48308,卖盘
1748,11:09:07,9.3,0.01,1,930,买盘
1749,11:09:10,9.3,0.0,39,36270,买盘
1750,11:09:13,9.3,0.0,451,419430,买盘
1751,11:09:15,9.3,0.0,4,3720,卖盘
1752,11:09:18,9.3,0.0,10,9300,卖盘
1753,11:09:22,9.31,0.01,33,30723,买盘
1754,11:09:25,9.31,0.0,52,48412,卖盘
1755,11:09:27,9.31,0.0,3,2793,卖盘
1756,11:09:36,9.33,0.02,36,33588,买盘
1757,11:09:39,9.33,0.0,56,52248,卖盘
1758,11:09:46,9.33,0.0,38,35456,卖盘
1759,11:09:48,9.33,0.0,6,5600,卖盘
1760,11:09:51,9.34,0.01,22,20542,买盘
1761,11:09:55,9.33,-0.01,30,27990,卖盘
1762,11:09:57,9.33,0.0,4,3732,买盘
1763,11:10:01,9.33,0.0,30,27990,买盘
1764,11:10:04,9.33,0.0,21,19593,买盘
1765,11:10:07,9.34,0.01,14,13072,买盘
1766,11:10:10,9.33,-0.01,79,73707,卖盘
1767,11:10:16,9.33,0.0,39,36387,卖盘
1768,11:10:18,9.33,0.0,2,1866,买盘
1769,11:10:21,9.33,0.0,18,16794,卖盘
1770,11:10:28,9.33,0.0,12,11196,买盘
1771,11:10:31,9.33,0.0,14,13062,买盘
1772,11:10:33,9.33,0.0,48,44784,买盘
1773,11:10:36,9.33,0.0,4,3732,卖盘
1774,11:10:39,9.34,0.01,4,3736,买盘
1775,11:10:46,9.32,-0.02,50,46637,卖盘
1776,11:10:49,9.34,0.02,40,37344,买盘
1777,11:10:52,9.34,0.0,8,7472,买盘
1778,11:10:55,9.34,0.0,20,18670,买盘
1779,11:10:58,9.33,-0.01,51,47583,卖盘
1780,11:11:01,9.34,0.01,5,4670,买盘
1781,11:11:04,9.34,0.0,5,4670,买盘
1782,11:11:06,9.33,-0.01,50,46680,卖盘
1783,11:11:09,9.33,0.0,18,16794,买盘
1784,11:11:12,9.33,0.0,2,1866,卖盘
1785,11:11:16,9.34,0.01,5,4670,买盘
1786,11:11:24,9.34,0.0,11,10274,买盘
1787,11:11:27,9.34,0.0,12,11208,买盘
1788,11:11:30,9.34,0.0,7,6538,买盘
1789,11:11:34,9.34,0.0,42,39225,买盘
1790,11:11:37,9.34,0.0,37,34558,买盘
1791,11:11:39,9.34,0.0,39,36420,买盘
1792,11:11:52,9.35,0.01,17,15895,买盘
1793,11:11:55,9.35,0.0,19,17765,买盘
1794,11:11:58,9.34,-0.01,19,17746,卖盘
1795,11:12:00,9.34,0.0,35,32690,卖盘
1796,11:12:04,9.34,0.0,9,8406,卖盘
1797,11:12:07,9.34,0.0,6,5607,卖盘
1798,11:12:10,9.35,0.01,24,22417,买盘
1799,11:12:12,9.34,-0.01,252,235724,卖盘
1800,11:12:18,9.35,0.01,28,26180,卖盘
1801,11:12:21,9.38,0.03,1,938,买盘
1802,11:12:28,9.38,0.0,24,22512,买盘
1803,11:12:34,9.38,0.0,28,26264,买盘
1804,11:12:42,9.38,0.0,47,44086,卖盘
1805,11:12:45,9.39,0.01,1,939,买盘
1806,11:12:49,9.38,-0.01,10,9380,卖盘
1807,11:12:52,9.39,0.01,30,28142,买盘
1808,11:12:54,9.35,-0.04,7,6551,卖盘
1809,11:13:00,9.38,0.03,2,1876,买盘
1810,11:13:04,9.35,-0.03,63,58907,卖盘
1811,11:13:06,9.35,0.0,26,24310,买盘
1812,11:13:09,9.36,0.01,33,30942,买盘
1813,11:13:12,9.36,0.0,18,16848,卖盘
1814,11:13:22,9.36,0.0,22,20592,买盘
1815,11:13:27,9.36,0.0,1,936,卖盘
1816,11:13:31,9.36,0.0,2,1872,卖盘
1817,11:13:34,9.36,0.0,11,10297,卖盘
1818,11:13:37,9.37,0.01,31,29047,买盘
1819,11:13:40,9.37,0.0,85,79645,卖盘
1820,11:13:45,9.36,-0.01,15,14040,卖盘
1821,11:13:52,9.36,0.0,55,51480,卖盘
1822,11:13:54,9.36,0.0,46,43056,买盘
1823,11:14:04,9.36,0.0,128,119685,买盘
1824,11:14:10,9.36,0.0,54,50544,买盘
1825,11:14:12,9.36,0.0,25,23400,卖盘
1826,11:14:19,9.35,-0.01,92,86042,卖盘
1827,11:14:22,9.34,-0.01,40,37370,卖盘
1828,11:14:28,9.33,-0.01,57,53223,卖盘
1829,11:14:36,9.34,0.01,48,44832,卖盘
1830,11:14:43,9.34,0.0,60,56040,卖盘
1831,11:14:51,9.34,0.0,5,4670,买盘
1832,11:14:54,9.34,0.0,44,41096,买盘
1833,11:15:04,9.33,-0.01,17,15862,卖盘
1834,11:15:07,9.34,0.01,15,13998,买盘
1835,11:15:10,9.34,0.0,47,43856,买盘
1836,11:15:13,9.33,-0.01,16,14928,卖盘
1837,11:15:15,9.34,0.01,4,3736,买盘
1838,11:15:19,9.33,-0.01,46,42918,卖盘
1839,11:15:28,9.33,0.0,23,21459,买盘
1840,11:15:31,9.32,-0.01,25,23305,卖盘
1841,11:15:36,9.32,0.0,7,6524,卖盘
1842,11:15:39,9.32,0.0,117,109044,卖盘
1843,11:15:46,9.3,-0.02,106,98623,卖盘
1844,11:15:49,9.31,0.01,78,72681,中性盘
1845,11:15:52,9.31,0.0,10,9310,买盘
1846,11:15:55,9.3,-0.01,20,18600,卖盘
1847,11:15:58,9.31,0.01,30,27920,买盘
1848,11:16:01,9.31,0.0,5,4655,买盘
1849,11:16:04,9.3,-0.01,38,35341,卖盘
1850,11:16:07,9.3,0.0,62,57660,卖盘
1851,11:16:09,9.3,0.0,25,23250,买盘
1852,11:16:12,9.3,0.0,18,16740,买盘
1853,11:16:15,9.3,0.0,1,930,买盘
1854,11:16:19,9.3,0.0,19,17670,买盘
1855,11:16:21,9.3,0.0,36,33479,买盘
1856,11:16:25,9.3,0.0,141,131131,买盘
1857,11:16:28,9.29,-0.01,30,27897,卖盘
1858,11:16:33,9.31,0.02,65,60491,买盘
1859,11:16:37,9.32,0.01,145,134869,买盘
1860,11:16:42,9.32,0.0,3,2796,买盘
1861,11:16:45,9.31,-0.01,42,39102,卖盘
1862,11:16:48,9.31,0.0,36,33516,卖盘
1863,11:16:51,9.3,-0.01,127,118135,卖盘
1864,11:16:54,9.3,0.0,60,55800,买盘
1865,11:16:57,9.3,0.0,41,38130,买盘
1866,11:17:01,9.3,0.0,22,20453,买盘
1867,11:17:04,9.29,-0.01,80,74372,卖盘
1868,11:17:06,9.29,0.0,66,61338,卖盘
1869,11:17:09,9.29,0.0,106,98499,卖盘
1870,11:17:12,9.29,0.0,27,25098,卖盘
1871,11:17:15,9.3,0.01,57,53010,中性盘
1872,11:17:18,9.3,0.0,73,67890,卖盘
1873,11:17:21,9.3,0.0,18,16740,卖盘
1874,11:17:24,9.3,0.0,113,105090,卖盘
1875,11:17:27,9.3,0.0,129,120024,卖盘
1876,11:17:30,9.31,0.01,2,1862,中性盘
1877,11:17:33,9.3,-0.01,35,32560,卖盘
1878,11:17:36,9.32,0.02,64,59566,买盘
1879,11:17:39,9.32,0.0,128,119259,买盘
1880,11:17:42,9.3,-0.02,45,41850,卖盘
1881,11:17:49,9.31,0.01,6,5587,卖盘
1882,11:17:51,9.32,0.01,2,1864,买盘
1883,11:17:55,9.32,0.0,1,932,买盘
1884,11:17:57,9.32,0.0,138,128575,买盘
1885,11:18:01,9.32,0.0,60,55920,卖盘
1886,11:18:09,9.32,0.0,111,103475,卖盘
1887,11:18:12,9.33,0.01,105,97908,买盘
1888,11:18:16,9.33,0.0,10,9330,买盘
1889,11:18:19,9.32,-0.01,9,8388,卖盘
1890,11:18:24,9.32,0.0,67,62427,买盘
1891,11:18:27,9.32,0.0,31,28892,买盘
1892,11:18:31,9.32,0.0,35,32620,买盘
1893,11:18:37,9.32,0.0,5,4660,卖盘
1894,11:18:40,9.32,0.0,34,31688,卖盘
1895,11:18:43,9.32,0.0,113,105401,卖盘
1896,11:18:46,9.32,0.0,47,43804,卖盘
1897,11:18:48,9.33,0.01,63,58779,卖盘
1898,11:18:54,9.34,0.01,43,40162,买盘
1899,11:19:01,9.32,-0.02,133,124028,卖盘
1900,11:19:04,9.34,0.02,45,42016,买盘
1901,11:19:07,9.34,0.0,10,9340,买盘
1902,11:19:09,9.34,0.0,11,10274,买盘
1903,11:19:12,9.33,-0.01,43,40119,卖盘
1904,11:19:16,9.33,0.0,10,9330,卖盘
1905,11:19:18,9.33,0.0,10,9330,买盘
1906,11:19:21,9.33,0.0,11,10263,买盘
1907,11:19:24,9.33,0.0,93,86769,买盘
1908,11:19:27,9.33,0.0,133,124089,卖盘
1909,11:19:36,9.33,0.0,25,23330,卖盘
1910,11:19:40,9.34,0.01,191,178363,买盘
1911,11:19:46,9.34,0.0,1,934,买盘
1912,11:19:48,9.34,0.0,16,14944,买盘
1913,11:19:51,9.34,0.0,5,4670,买盘
1914,11:20:01,9.34,0.0,2,1868,卖盘
1915,11:20:04,9.35,0.01,22,20568,买盘
1916,11:20:07,9.35,0.0,94,87801,买盘
1917,11:20:10,9.35,0.0,23,21505,买盘
1918,11:20:16,9.35,0.0,4,3740,买盘
1919,11:20:18,9.35,0.0,1,935,买盘
1920,11:20:22,9.34,-0.01,40,37390,卖盘
1921,11:20:27,9.35,0.01,30,28050,买盘
1922,11:20:30,9.35,0.0,76,71060,买盘
1923,11:20:40,9.35,0.0,22,20582,卖盘
1924,11:20:46,9.36,0.01,7,6552,买盘
1925,11:20:49,9.36,0.0,3,2808,买盘
1926,11:20:54,9.36,0.0,4,3744,卖盘
1927,11:20:58,9.36,0.0,9,8424,卖盘
1928,11:21:04,9.36,0.0,18,16848,卖盘
1929,11:21:07,9.37,0.01,21,19677,买盘
1930,11:21:10,9.37,0.0,17,15929,买盘
1931,11:21:12,9.37,0.0,24,22488,买盘
1932,11:21:15,9.37,0.0,1,937,卖盘
1933,11:21:18,9.37,0.0,16,14992,卖盘
1934,11:21:21,9.38,0.01,1,938,买盘
1935,11:21:24,9.38,0.0,9,8442,买盘
1936,11:21:28,9.37,-0.01,1,937,卖盘
1937,11:21:30,9.38,0.01,9,8438,买盘
1938,11:21:33,9.38,0.0,1,938,卖盘
1939,11:21:43,9.4,0.02,48,45100,买盘
1940,11:21:46,9.39,-0.01,3,2819,卖盘
1941,11:21:49,9.34,-0.05,655,613503,卖盘
1942,11:21:58,9.37,0.03,7,6559,买盘
1943,11:22:04,9.38,0.01,59,55335,买盘
1944,11:22:07,9.36,-0.02,8,7488,卖盘
1945,11:22:10,9.36,0.0,1,936,买盘
1946,11:22:13,9.36,0.0,1,936,买盘
1947,11:22:16,9.34,-0.02,19,17754,卖盘
1948,11:22:18,9.38,0.04,59,55342,买盘
1949,11:22:25,9.37,-0.01,40,37488,卖盘
1950,11:22:33,9.38,0.01,2,1876,中性盘
1951,11:22:37,9.38,0.0,14,13120,买盘
1952,11:22:39,9.39,0.01,50,46944,买盘
1953,11:22:42,9.37,-0.02,41,38417,卖盘
1954,11:22:48,9.39,0.02,5,4695,买盘
1955,11:22:51,9.39,0.0,54,50691,买盘
1956,11:22:54,9.39,0.0,11,10328,卖盘
1957,11:22:57,9.39,0.0,23,21597,卖盘
1958,11:23:00,9.39,0.0,22,20658,卖盘
1959,11:23:04,9.39,0.0,40,37560,买盘
1960,11:23:07,9.4,0.01,54,50711,买盘
1961,11:23:10,9.37,-0.03,68,63758,卖盘
1962,11:23:13,9.39,0.02,34,31862,买盘
1963,11:23:19,9.39,0.0,1,939,买盘
1964,11:23:21,9.39,0.0,6,5634,买盘
1965,11:23:28,9.4,0.01,10,9400,买盘
1966,11:23:30,9.4,0.0,9,8460,买盘
1967,11:23:33,9.39,-0.01,33,30987,卖盘
1968,11:23:40,9.4,0.01,11,10335,中性盘
1969,11:23:43,9.39,-0.01,17,15967,卖盘
1970,11:23:45,9.39,0.0,14,13146,卖盘
1971,11:23:49,9.41,0.02,42,39507,买盘
1972,11:23:54,9.4,-0.01,25,23518,卖盘
1973,11:24:04,9.41,0.01,8,7528,买盘
1974,11:24:07,9.41,0.0,12,11292,卖盘
1975,11:24:10,9.41,0.0,12,11292,卖盘
1976,11:24:16,9.42,0.01,50,47095,买盘
1977,11:24:21,9.42,0.0,5,4710,卖盘
1978,11:24:24,9.42,0.0,46,43332,卖盘
1979,11:24:27,9.43,0.01,21,19791,买盘
1980,11:24:30,9.43,0.0,9,8487,买盘
1981,11:24:33,9.43,0.0,20,18870,卖盘
1982,11:24:36,9.43,0.0,51,48143,卖盘
1983,11:24:40,9.44,0.01,5,4720,中性盘
1984,11:24:42,9.43,-0.01,110,103738,卖盘
1985,11:24:45,9.43,0.0,59,55637,买盘
1986,11:24:48,9.43,0.0,55,51865,买盘
1987,11:24:51,9.43,0.0,11,10373,买盘
1988,11:24:55,9.43,0.0,51,48093,买盘
1989,11:24:58,9.42,-0.01,6,5655,卖盘
1990,11:25:01,9.44,0.02,6,5664,卖盘
1991,11:25:04,9.42,-0.02,100,94200,卖盘
1992,11:25:06,9.43,0.01,3,2829,卖盘
1993,11:25:09,9.45,0.02,51,48173,买盘
1994,11:25:12,9.43,-0.02,6,5658,卖盘
1995,11:25:18,9.43,0.0,10,9430,买盘
1996,11:25:22,9.42,-0.01,10,9429,卖盘
1997,11:25:28,9.44,0.02,95,89664,买盘
1998,11:25:31,9.42,-0.02,21,19782,卖盘
1999,11:25:34,9.42,0.0,1,942,买盘
2000,11:25:37,9.42,0.0,10,9420,买盘
2001,11:25:49,9.41,-0.01,1,941,卖盘
2002,11:25:51,9.41,0.0,9,8469,买盘
2003,11:25:54,9.41,0.0,3,2823,买盘
2004,11:25:57,9.41,0.0,1,941,买盘
2005,11:26:04,9.4,-0.01,5,4701,卖盘
2006,11:26:06,9.4,0.0,6,5640,卖盘
2007,11:26:10,9.4,0.0,21,19740,卖盘
2008,11:26:13,9.4,0.0,18,16920,卖盘
2009,11:26:21,9.4,0.0,153,143809,买盘
2010,11:26:25,9.38,-0.02,5,4690,卖盘
2011,11:26:30,9.38,0.0,413,388205,卖盘
2012,11:26:42,9.37,-0.01,4,3748,卖盘
2013,11:26:46,9.37,0.0,27,25282,买盘
2014,11:26:52,9.37,0.0,5,4685,买盘
2015,11:26:54,9.36,-0.01,7,6552,卖盘
2016,11:26:57,9.36,0.0,16,14976,卖盘
2017,11:27:04,9.36,0.0,23,21528,买盘
2018,11:27:09,9.35,-0.01,27,25245,卖盘
2019,11:27:13,9.35,0.0,46,43010,买盘
2020,11:27:19,9.35,0.0,130,121550,买盘
2021,11:27:22,9.35,0.0,4,3740,卖盘
2022,11:27:27,9.36,0.01,311,291058,买盘
2023,11:27:30,9.35,-0.01,39,36468,卖盘
2024,11:27:33,9.35,0.0,22,20570,卖盘
2025,11:27:40,9.37,0.02,1,937,买盘
2026,11:27:42,9.35,-0.02,2,1872,卖盘
2027,11:27:51,9.37,0.02,30,28110,买盘
2028,11:27:54,9.37,0.0,12,11244,卖盘
2029,11:27:57,9.37,0.0,10,9370,卖盘
2030,11:28:01,9.35,-0.02,20,18702,卖盘
2031,11:28:04,9.37,0.02,6,5622,买盘
2032,11:28:07,9.38,0.01,9,8442,买盘
2033,11:28:12,9.37,-0.01,4,3749,卖盘
2034,11:28:16,9.41,0.04,11,10346,买盘
2035,11:28:19,9.38,-0.03,30,28140,中性盘
2036,11:28:31,9.38,0.0,1,938,卖盘
2037,11:28:34,9.38,0.0,7,6566,卖盘
2038,11:28:36,9.38,0.0,13,12194,卖盘
2039,11:28:43,9.38,0.0,26,24398,卖盘
2040,11:28:46,9.37,-0.01,28,26257,卖盘
2041,11:28:52,9.39,0.02,7,6573,买盘
2042,11:28:58,9.38,-0.01,12,11256,卖盘
2043,11:29:04,9.41,0.03,34,31948,买盘
2044,11:29:10,9.41,0.0,16,15056,买盘
2045,11:29:24,9.4,-0.01,8,7520,中性盘
2046,11:29:33,9.41,0.01,32,30101,买盘
2047,11:29:37,9.39,-0.02,15,14085,卖盘
2048,11:29:39,9.4,0.01,8,7518,中性盘
2049,11:29:42,9.41,0.01,47,44223,买盘
2050,11:29:45,9.4,-0.01,2,1880,卖盘
2051,11:29:51,9.4,0.0,7,6580,卖盘
2052,11:29:54,9.39,-0.01,24,22571,卖盘
2053,11:29:57,9.4,0.01,123,115620,买盘
2054,11:30:01,9.4,0.0,10,9400,卖盘
2055,11:30:04,9.41,0.01,20,18820,买盘
2056,13:00:04,9.43,0.02,245,230893,买盘
2057,13:00:07,9.41,-0.02,405,381236,卖盘
2058,13:00:10,9.41,0.0,67,63084,卖盘
2059,13:00:24,9.41,0.0,14,13174,卖盘
2060,13:00:34,9.44,0.03,6,5664,买盘
2061,13:00:48,9.42,-0.02,12,11304,卖盘
2062,13:00:51,9.41,-0.01,41,38599,卖盘
2063,13:00:54,9.42,0.01,7,6594,买盘
2064,13:00:57,9.42,0.0,7,6594,买盘
2065,13:01:04,9.41,-0.01,1,941,卖盘
2066,13:01:07,9.42,0.01,3,2826,买盘
2067,13:01:12,9.42,0.0,1,942,卖盘
2068,13:01:34,9.43,0.01,5,4715,买盘
2069,13:01:43,9.43,0.0,2,1886,买盘
2070,13:01:46,9.43,0.0,8,7544,买盘
2071,13:01:49,9.42,-0.01,26,24492,卖盘
2072,13:01:52,9.42,0.0,2,1884,卖盘
2073,13:01:54,9.43,0.01,1,943,买盘
2074,13:02:01,9.43,0.0,3,2829,买盘
2075,13:02:07,9.43,0.0,18,16962,买盘
2076,13:02:12,9.43,0.0,112,105603,买盘
2077,13:02:15,9.43,0.0,5,4715,卖盘
2078,13:02:21,9.44,0.01,6,5664,买盘
2079,13:02:24,9.44,0.0,17,16048,买盘
2080,13:02:30,9.43,-0.01,43,40557,卖盘
2081,13:02:33,9.44,0.01,29,27376,买盘
2082,13:02:36,9.44,0.0,16,15104,卖盘
2083,13:02:45,9.44,0.0,1,944,卖盘
2084,13:02:48,9.45,0.01,62,58590,买盘
2085,13:02:57,9.45,0.0,6,5670,买盘
2086,13:03:00,9.45,0.0,2,1890,买盘
2087,13:03:04,9.45,0.0,5,4725,买盘
2088,13:03:09,9.45,0.0,1,945,卖盘
2089,13:03:18,9.45,0.0,2,1890,卖盘
2090,13:03:21,9.45,0.0,19,17968,卖盘
2091,13:03:30,9.46,0.01,48,45406,买盘
2092,13:03:46,9.47,0.01,32,30304,买盘
2093,13:03:58,9.47,0.0,28,26533,卖盘
2094,13:04:01,9.47,0.0,13,12311,买盘
2095,13:04:04,9.48,0.01,22,20856,买盘
2096,13:04:09,9.48,0.0,17,16116,卖盘
2097,13:04:18,9.48,0.0,32,30336,买盘
2098,13:04:25,9.47,-0.01,19,17993,卖盘
2099,13:04:30,9.47,0.0,22,20834,买盘
2100,13:04:33,9.45,-0.02,32,30244,卖盘
2101,13:04:36,9.46,0.01,5,4730,中性盘
2102,13:04:42,9.46,0.0,2,1892,买盘
2103,13:04:49,9.45,-0.01,1,945,卖盘
2104,13:05:04,9.44,-0.01,2,1888,卖盘
2105,13:05:06,9.44,0.0,94,88736,卖盘
2106,13:05:15,9.43,-0.01,5,4715,卖盘
2107,13:05:19,9.44,0.01,5,4720,买盘
2108,13:05:21,9.45,0.01,206,194509,买盘
2109,13:05:24,9.45,0.0,10,9450,卖盘
2110,13:05:27,9.46,0.01,30,28380,买盘
2111,13:05:34,9.44,-0.02,1,944,卖盘
2112,13:05:37,9.44,0.0,26,24544,买盘
2113,13:05:45,9.44,0.0,2,1888,买盘
2114,13:05:51,9.43,-0.01,3,2829,卖盘
2115,13:05:54,9.43,0.0,13,12259,卖盘
2116,13:06:04,9.42,-0.01,36,33956,卖盘
2117,13:06:09,9.42,0.0,5,4710,卖盘
2118,13:06:19,9.44,0.02,7,6608,买盘
2119,13:06:24,9.42,-0.02,76,71630,卖盘
2120,13:06:30,9.44,0.02,5,4720,买盘
2121,13:06:39,9.44,0.0,1,944,卖盘
2122,13:06:42,9.44,0.0,1,944,卖盘
2123,13:06:45,9.44,0.0,7,6608,中性盘
2124,13:06:55,9.43,-0.01,4,3772,中性盘
2125,13:07:04,9.44,0.01,1,944,买盘
2126,13:07:13,9.44,0.0,2,1888,买盘
2127,13:07:15,9.44,0.0,110,103830,买盘
2128,13:07:30,9.44,0.0,49,46256,买盘
2129,13:07:33,9.44,0.0,1,944,卖盘
2130,13:07:36,9.45,0.01,41,38745,买盘
2131,13:07:42,9.43,-0.02,79,74499,卖盘
2132,13:07:48,9.45,0.02,16,15114,买盘
2133,13:07:51,9.45,0.0,5,4725,买盘
2134,13:08:00,9.45,0.0,10,9450,买盘
2135,13:08:04,9.45,0.0,70,66150,买盘
2136,13:08:09,9.45,0.0,3,2835,买盘
2137,13:08:12,9.45,0.0,5,4725,买盘
2138,13:08:16,9.44,-0.01,10,9440,卖盘
2139,13:08:19,9.45,0.01,7,6615,买盘
2140,13:08:24,9.45,0.0,10,9450,卖盘
2141,13:08:30,9.46,0.01,708,668222,买盘
2142,13:08:45,9.45,-0.01,2,1890,买盘
2143,13:08:52,9.47,0.02,41,38740,买盘
2144,13:09:07,9.45,-0.02,4,3782,卖盘
2145,13:09:10,9.46,0.01,6,5676,买盘
2146,13:09:12,9.45,-0.01,2,1890,卖盘
2147,13:09:16,9.45,0.0,1,945,卖盘
2148,13:09:19,9.45,0.0,10,9450,卖盘
2149,13:09:22,9.45,0.0,4,3780,卖盘
2150,13:09:27,9.45,0.0,1,945,买盘
2151,13:09:30,9.45,0.0,15,14175,买盘
2152,13:09:33,9.45,0.0,14,13230,买盘
2153,13:09:43,9.45,0.0,9,8505,卖盘
2154,13:09:46,9.44,-0.01,9,8496,卖盘
2155,13:09:51,9.45,0.01,1,945,买盘
2156,13:10:01,9.45,0.0,35,33075,买盘
2157,13:10:04,9.45,0.0,10,9450,卖盘
2158,13:10:07,9.45,0.0,14,13230,卖盘
2159,13:10:09,9.44,-0.01,3,2832,卖盘
2160,13:10:16,9.44,0.0,81,76610,卖盘
2161,13:10:22,9.44,0.0,37,34928,卖盘
2162,13:10:24,9.44,0.0,23,21712,卖盘
2163,13:10:31,9.45,0.01,7,6615,卖盘
2164,13:10:37,9.45,0.0,6,5670,买盘
2165,13:10:39,9.45,0.0,9,8505,买盘
2166,13:10:42,9.45,0.0,4,3780,买盘
2167,13:10:45,9.44,-0.01,51,48144,卖盘
2168,13:10:48,9.44,0.0,29,27376,卖盘
2169,13:10:51,9.45,0.01,1,945,买盘
2170,13:10:54,9.44,-0.01,9,8496,卖盘
2171,13:10:57,9.45,0.01,21,19830,买盘
2172,13:11:00,9.44,-0.01,10,9440,卖盘
2173,13:11:04,9.45,0.01,74,69923,买盘
2174,13:11:12,9.43,-0.02,141,132997,卖盘
2175,13:11:19,9.43,0.0,44,41492,卖盘
2176,13:11:22,9.43,0.0,11,10373,买盘
2177,13:11:25,9.43,0.0,3,2829,中性盘
2178,13:11:30,9.44,0.01,22,20751,买盘
2179,13:11:40,9.43,-0.01,64,60352,卖盘
2180,13:11:42,9.43,0.0,10,9430,卖盘
2181,13:11:48,9.43,0.0,8,7544,卖盘
2182,13:12:00,9.43,0.0,10,9430,卖盘
2183,13:12:07,9.44,0.01,35,33030,买盘
2184,13:12:10,9.43,-0.01,23,21689,卖盘
2185,13:12:13,9.44,0.01,4,3776,买盘
2186,13:12:16,9.43,-0.01,12,11327,卖盘
2187,13:12:19,9.44,0.01,26,24544,买盘
2188,13:12:22,9.44,0.0,31,29264,卖盘
2189,13:12:25,9.44,0.0,3,2832,卖盘
2190,13:12:28,9.44,0.0,66,62304,卖盘
2191,13:12:33,9.44,0.0,4,3776,卖盘
2192,13:12:36,9.44,0.0,59,55696,卖盘
2193,13:12:39,9.44,0.0,20,18880,卖盘
2194,13:12:43,9.43,-0.01,17,16041,卖盘
2195,13:12:45,9.44,0.01,7,6608,中性盘
2196,13:12:49,9.44,0.0,2,1888,买盘
2197,13:12:51,9.43,-0.01,2,1886,卖盘
2198,13:13:01,9.43,0.0,124,116932,卖盘
2199,13:13:04,9.44,0.01,12,11328,买盘
2200,13:13:09,9.44,0.0,3,2832,买盘
2201,13:13:15,9.43,-0.01,10,9430,卖盘
2202,13:13:18,9.43,0.0,17,16031,卖盘
2203,13:13:21,9.44,0.01,103,97212,买盘
2204,13:13:24,9.43,-0.01,36,33948,卖盘
2205,13:13:31,9.43,0.0,7,6601,买盘
2206,13:13:37,9.42,-0.01,83,78186,卖盘
2207,13:13:43,9.42,0.0,17,16014,买盘
2208,13:13:46,9.43,0.01,5,4715,买盘
2209,13:13:51,9.42,-0.01,39,36738,卖盘
2210,13:13:57,9.43,0.01,11,10370,买盘
2211,13:14:07,9.42,-0.01,31,29202,卖盘
2212,13:14:10,9.42,0.0,150,141300,卖盘
2213,13:14:12,9.42,0.0,48,45216,买盘
2214,13:14:19,9.42,0.0,11,10362,买盘
2215,13:14:21,9.42,0.0,9,8478,买盘
2216,13:14:28,9.41,-0.01,128,120448,卖盘
2217,13:14:33,9.41,0.0,50,47050,买盘
2218,13:14:36,9.4,-0.01,13,12224,卖盘
2219,13:14:42,9.4,0.0,231,217140,卖盘
2220,13:14:48,9.4,0.0,84,78970,卖盘
2221,13:14:55,9.4,0.0,10,9400,卖盘
2222,13:14:58,9.4,0.0,13,12220,卖盘
2223,13:15:00,9.4,0.0,98,92120,卖盘
2224,13:15:04,9.4,0.0,7,6580,卖盘
2225,13:15:07,9.4,0.0,42,39480,卖盘
2226,13:15:10,9.41,0.01,1,941,买盘
2227,13:15:16,9.41,0.0,222,208690,买盘
2228,13:15:18,9.4,-0.01,2,1880,卖盘
2229,13:15:21,9.4,0.0,86,80840,卖盘
2230,13:15:34,9.4,0.0,17,15980,买盘
2231,13:15:39,9.39,-0.01,43,40377,卖盘
2232,13:15:42,9.39,0.0,23,21597,买盘
2233,13:15:49,9.38,-0.01,5,4690,卖盘
2234,13:15:52,9.38,0.0,88,82544,卖盘
2235,13:15:55,9.38,0.0,2,1876,买盘
2236,13:16:04,9.37,-0.01,1,937,卖盘
2237,13:16:06,9.37,0.0,3,2811,买盘
2238,13:16:09,9.37,0.0,1,937,买盘
2239,13:16:12,9.36,-0.01,28,26209,卖盘
2240,13:16:16,9.36,0.0,1,936,买盘
2241,13:16:19,9.36,0.0,1,936,买盘
2242,13:16:22,9.34,-0.02,49,45813,卖盘
2243,13:16:24,9.36,0.02,44,41184,买盘
2244,13:16:30,9.33,-0.03,234,218657,卖盘
2245,13:16:33,9.34,0.01,20,18680,买盘
2246,13:16:40,9.33,-0.01,37,34533,卖盘
2247,13:16:42,9.34,0.01,1,934,买盘
2248,13:16:45,9.33,-0.01,53,49487,卖盘
2249,13:16:48,9.34,0.01,82,76555,买盘
2250,13:16:54,9.34,0.0,3,2802,卖盘
2251,13:17:01,9.34,0.0,18,16812,卖盘
2252,13:17:04,9.34,0.0,5,4670,卖盘
2253,13:17:07,9.34,0.0,107,99971,卖盘
2254,13:17:09,9.36,0.02,10,9360,买盘
2255,13:17:13,9.36,0.0,7,6552,卖盘
2256,13:17:22,9.37,0.01,11,10307,买盘
2257,13:17:25,9.37,0.0,30,28110,买盘
2258,13:17:28,9.36,-0.01,79,74001,卖盘
2259,13:17:31,9.37,0.01,39,36543,卖盘
2260,13:17:36,9.37,0.0,1,937,卖盘
2261,13:17:42,9.38,0.01,21,19698,买盘
2262,13:17:49,9.37,-0.01,40,37495,卖盘
2263,13:17:51,9.38,0.01,49,45962,买盘
2264,13:17:55,9.38,0.0,10,9380,买盘
2265,13:17:58,9.38,0.0,10,9380,买盘
2266,13:18:06,9.38,0.0,5,4690,卖盘
2267,13:18:13,9.38,0.0,195,182910,卖盘
2268,13:18:19,9.38,0.0,6,5628,买盘
2269,13:18:25,9.38,0.0,5,4690,买盘
2270,13:18:28,9.37,-0.01,12,11246,卖盘
2271,13:18:39,9.37,0.0,20,18755,卖盘
2272,13:18:42,9.37,0.0,26,24378,卖盘
2273,13:18:46,9.37,0.0,32,29984,卖盘
2274,13:18:49,9.37,0.0,15,14065,卖盘
2275,13:18:52,9.37,0.0,46,43131,卖盘
2276,13:18:58,9.38,0.01,1,938,买盘
2277,13:19:04,9.37,-0.01,20,18740,卖盘
2278,13:19:06,9.37,0.0,36,33732,卖盘
2279,13:19:10,9.38,0.01,113,105991,买盘
2280,13:19:22,9.38,0.0,4,3750,买盘
2281,13:19:25,9.38,0.0,10,9380,买盘
2282,13:19:31,9.38,0.0,86,80619,买盘
2283,13:19:37,9.38,0.0,21,19698,买盘
2284,13:19:42,9.38,0.0,2,1876,买盘
2285,13:19:49,9.38,0.0,5,4690,买盘
2286,13:19:52,9.37,-0.01,7,6563,卖盘
2287,13:19:55,9.38,0.01,161,151018,买盘
2288,13:19:58,9.38,0.0,71,66598,卖盘
2289,13:20:01,9.38,0.0,1,938,卖盘
2290,13:20:04,9.38,0.0,6,5628,卖盘
2291,13:20:07,9.39,0.01,2,1878,中性盘
2292,13:20:19,9.4,0.01,5,4700,买盘
2293,13:20:36,9.4,0.0,10,9400,买盘
2294,13:20:40,9.4,0.0,3,2820,买盘
2295,13:20:42,9.39,-0.01,13,12208,卖盘
2296,13:20:46,9.4,0.01,10,9400,买盘
2297,13:20:49,9.39,-0.01,8,7512,卖盘
2298,13:20:55,9.41,0.02,60,56403,买盘
2299,13:21:01,9.4,-0.01,75,70500,卖盘
2300,13:21:04,9.4,0.0,11,10340,卖盘
2301,13:21:06,9.4,0.0,8,7520,卖盘
2302,13:21:09,9.4,0.0,1,940,卖盘
2303,13:21:12,9.41,0.01,12,11292,买盘
2304,13:21:25,9.41,0.0,19,17889,卖盘
2305,13:21:28,9.42,0.01,77,72534,买盘
2306,13:21:34,9.41,-0.01,52,48973,卖盘
2307,13:21:42,9.41,0.0,10,9410,买盘
2308,13:21:49,9.41,0.0,6,5645,买盘
2309,13:21:58,9.4,-0.01,2,1880,卖盘
2310,13:22:06,9.4,0.0,17,15990,卖盘
2311,13:22:10,9.4,0.0,2,1880,卖盘
2312,13:22:13,9.4,0.0,31,29140,卖盘
2313,13:22:19,9.4,0.0,6,5640,买盘
2314,13:22:37,9.39,-0.01,5,4695,卖盘
2315,13:22:43,9.39,0.0,14,13148,卖盘
2316,13:22:55,9.39,0.0,8,7512,买盘
2317,13:22:58,9.39,0.0,9,8451,买盘
2318,13:23:09,9.38,-0.01,8,7504,卖盘
2319,13:23:25,9.38,0.0,47,44098,卖盘
2320,13:23:28,9.38,0.0,30,28140,卖盘
2321,13:23:31,9.38,0.0,12,11256,卖盘
2322,13:23:39,9.37,-0.01,35,32815,卖盘
2323,13:23:42,9.37,0.0,45,42176,卖盘
2324,13:23:49,9.37,0.0,4,3748,卖盘
2325,13:23:52,9.37,0.0,5,4685,卖盘
2326,13:23:57,9.37,0.0,11,10307,卖盘
2327,13:24:04,9.37,0.0,47,44039,卖盘
2328,13:24:06,9.37,0.0,11,10307,买盘
2329,13:24:16,9.36,-0.01,91,85176,卖盘
2330,13:24:21,9.35,-0.01,41,38335,卖盘
2331,13:24:28,9.35,0.0,5,4675,买盘
2332,13:24:31,9.35,0.0,10,9350,买盘
2333,13:24:34,9.34,-0.01,2,1868,卖盘
2334,13:24:40,9.35,0.01,55,51396,买盘
2335,13:24:45,9.34,-0.01,100,93404,卖盘
2336,13:24:48,9.37,0.03,506,473940,买盘
2337,13:24:52,9.34,-0.03,18,16812,卖盘
2338,13:24:57,9.34,0.0,10,9340,买盘
2339,13:25:01,9.34,0.0,9,8406,买盘
2340,13:25:04,9.33,-0.01,145,135291,卖盘
2341,13:25:07,9.34,0.01,30,28020,买盘
2342,13:25:09,9.34,0.0,102,95268,买盘
2343,13:25:15,9.33,-0.01,40,37349,卖盘
2344,13:25:18,9.33,0.0,164,153014,卖盘
2345,13:25:21,9.33,0.0,3,2799,买盘
2346,13:25:24,9.33,0.0,14,13062,买盘
2347,13:25:27,9.34,0.01,108,100803,买盘
2348,13:25:30,9.33,-0.01,1,933,卖盘
2349,13:25:33,9.33,0.0,100,93300,卖盘
2350,13:25:37,9.33,0.0,50,46640,卖盘
2351,13:25:39,9.33,0.0,7,6531,中性盘
2352,13:25:42,9.33,0.0,14,13062,卖盘
2353,13:25:48,9.34,0.01,72,67221,买盘
2354,13:25:58,9.33,-0.01,25,23340,卖盘
2355,13:26:01,9.33,0.0,20,18657,买盘
2356,13:26:04,9.34,0.01,17,15878,买盘
2357,13:26:07,9.33,-0.01,22,20538,卖盘
2358,13:26:09,9.33,0.0,76,70908,卖盘
2359,13:26:12,9.34,0.01,8,7472,买盘
2360,13:26:18,9.34,0.0,11,10274,买盘
2361,13:26:25,9.33,-0.01,127,118491,卖盘
2362,13:26:27,9.33,0.0,30,27990,买盘
2363,13:26:30,9.34,0.01,88,82172,买盘
2364,13:26:36,9.34,0.0,11,10274,卖盘
2365,13:26:39,9.32,-0.02,102,95170,卖盘
2366,13:26:42,9.34,0.02,3,2802,卖盘
2367,13:26:51,9.32,-0.02,13,12119,卖盘
2368,13:26:54,9.34,0.02,5,4670,买盘
2369,13:27:00,9.33,-0.01,19,17712,买盘
2370,13:27:06,9.34,0.01,102,95158,买盘
2371,13:27:09,9.32,-0.02,17,15844,卖盘
2372,13:27:13,9.32,0.0,35,32623,卖盘
2373,13:27:16,9.34,0.02,2,1868,买盘
2374,13:27:19,9.32,-0.02,44,41021,卖盘
2375,13:27:22,9.32,0.0,6,5594,卖盘
2376,13:27:28,9.32,0.0,86,80155,卖盘
2377,13:27:36,9.33,0.01,10,9330,买盘
2378,13:27:39,9.32,-0.01,86,80152,卖盘
2379,13:27:42,9.32,0.0,117,109044,买盘
2380,13:27:45,9.32,0.0,76,70832,买盘
2381,13:27:48,9.32,0.0,30,27960,买盘
2382,13:27:51,9.32,0.0,1,932,买盘
2383,13:27:54,9.31,-0.01,215,200165,卖盘
2384,13:27:57,9.32,0.01,2,1864,买盘
2385,13:28:00,9.32,0.0,17,15844,买盘
2386,13:28:07,9.32,0.0,10,9320,卖盘
2387,13:28:09,9.32,0.0,13,12116,卖盘
2388,13:28:15,9.32,0.0,56,52242,卖盘
2389,13:28:25,9.32,0.0,10,9320,买盘
2390,13:28:28,9.31,-0.01,27,25137,卖盘
2391,13:28:31,9.32,0.01,3,2796,买盘
2392,13:28:34,9.31,-0.01,20,18620,卖盘
2393,13:28:39,9.32,0.01,3,2796,买盘
2394,13:28:42,9.32,0.0,30,27960,买盘
2395,13:28:46,9.33,0.01,24,22367,买盘
2396,13:28:51,9.31,-0.02,23,21413,卖盘
2397,13:28:57,9.33,0.02,40,37299,买盘
2398,13:29:01,9.31,-0.02,6,5590,卖盘
2399,13:29:04,9.31,0.0,30,27930,卖盘
2400,13:29:10,9.34,0.03,42,39198,买盘
2401,13:29:30,9.34,0.0,1,934,买盘
2402,13:29:33,9.33,-0.01,52,48558,卖盘
2403,13:29:36,9.34,0.01,50,46700,买盘
2404,13:29:40,9.33,-0.01,26,24274,卖盘
2405,13:29:48,9.34,0.01,92,85928,买盘
2406,13:30:07,9.36,0.02,88,82208,买盘
2407,13:30:10,9.36,0.0,119,111384,买盘
2408,13:30:12,9.36,0.0,4,3744,卖盘
2409,13:30:19,9.36,0.0,38,35568,卖盘
2410,13:30:22,9.36,0.0,40,37420,买盘
2411,13:30:25,9.36,0.0,3,2808,买盘
2412,13:30:28,9.36,0.0,28,26208,买盘
2413,13:30:31,9.3,-0.06,2010,1871157,卖盘
2414,13:30:34,9.3,0.0,41,38130,买盘
2415,13:30:37,9.3,0.0,72,66960,买盘
2416,13:30:40,9.3,0.0,110,102300,买盘
2417,13:30:46,9.3,0.0,58,53901,买盘
2418,13:30:48,9.29,-0.01,108,100415,卖盘
2419,13:30:51,9.3,0.01,57,53010,买盘
2420,13:30:54,9.3,0.0,328,305020,买盘
2421,13:30:58,9.3,0.0,20,18600,卖盘
2422,13:31:01,9.3,0.0,89,82770,卖盘
2423,13:31:04,9.31,0.01,3,2793,中性盘
2424,13:31:06,9.36,0.05,19,17713,买盘
2425,13:31:21,9.31,-0.05,40,37250,卖盘
2426,13:31:25,9.36,0.05,72,67122,买盘
2427,13:31:34,9.31,-0.05,88,81928,卖盘
2428,13:31:37,9.33,0.02,5,4665,买盘
2429,13:31:40,9.31,-0.02,51,47483,卖盘
2430,13:31:55,9.36,0.05,1,936,买盘
2431,13:32:01,9.33,-0.03,8,7464,卖盘
2432,13:32:07,9.35,0.02,1,935,买盘
2433,13:32:09,9.35,0.0,19,17765,买盘
2434,13:32:19,9.35,0.0,5,4675,卖盘
2435,13:32:22,9.35,0.0,88,82280,卖盘
2436,13:32:25,9.33,-0.02,35,32696,卖盘
2437,13:32:28,9.35,0.02,6,5610,买盘
2438,13:32:33,9.35,0.0,5,4675,买盘
2439,13:32:39,9.34,-0.01,10,9340,买盘
2440,13:32:46,9.33,-0.01,23,21459,卖盘
2441,13:32:48,9.34,0.01,30,28020,买盘
2442,13:32:55,9.33,-0.01,75,69975,卖盘
2443,13:32:58,9.33,0.0,188,175429,卖盘
2444,13:33:01,9.34,0.01,1,934,中性盘
2445,13:33:04,9.34,0.0,2,1868,买盘
2446,13:33:07,9.35,0.01,54,50391,买盘
2447,13:33:10,9.33,-0.02,9,8397,卖盘
2448,13:33:13,9.34,0.01,4,3736,卖盘
2449,13:33:25,9.34,0.0,3,2802,卖盘
2450,13:33:30,9.34,0.0,59,55116,卖盘
2451,13:33:40,9.35,0.01,82,76626,买盘
2452,13:33:43,9.33,-0.02,31,28923,卖盘
2453,13:33:45,9.33,0.0,13,12129,卖盘
2454,13:33:49,9.34,0.01,15,14010,买盘
2455,13:33:51,9.33,-0.01,10,9330,卖盘
2456,13:33:55,9.33,0.0,26,24258,卖盘
2457,13:34:00,9.33,0.0,4,3732,买盘
2458,13:34:06,9.36,0.03,337,314769,买盘
2459,13:34:12,9.32,-0.04,2,1864,卖盘
2460,13:34:25,9.33,0.01,38,35459,卖盘
2461,13:34:27,9.33,0.0,57,53181,卖盘
2462,13:34:33,9.33,0.0,1,933,买盘
2463,13:34:39,9.33,0.0,75,69909,买盘
2464,13:34:42,9.33,0.0,17,15861,买盘
2465,13:34:46,9.33,0.0,86,80204,买盘
2466,13:34:49,9.33,0.0,2,1866,卖盘
2467,13:34:52,9.33,0.0,10,9330,卖盘
2468,13:35:04,9.33,0.0,40,37320,卖盘
2469,13:35:07,9.33,0.0,10,9330,卖盘
2470,13:35:13,9.33,0.0,2,1866,买盘
2471,13:35:16,9.33,0.0,23,21459,买盘
2472,13:35:31,9.34,0.01,10,9340,卖盘
2473,13:35:34,9.34,0.0,5,4670,买盘
2474,13:35:37,9.34,0.0,18,16812,买盘
2475,13:35:42,9.33,-0.01,127,118616,卖盘
2476,13:35:45,9.34,0.01,77,71901,买盘
2477,13:35:49,9.34,0.0,3,2802,卖盘
2478,13:35:55,9.35,0.01,4,3740,买盘
2479,13:36:01,9.35,0.0,25,23375,买盘
2480,13:36:07,9.35,0.0,15,14025,买盘
2481,13:36:10,9.35,0.0,8,7476,买盘
2482,13:36:13,9.35,0.0,8,7480,卖盘
2483,13:36:16,9.34,-0.01,3,2802,卖盘
2484,13:36:19,9.38,0.04,90,84276,买盘
2485,13:36:25,9.34,-0.04,193,180430,卖盘
2486,13:36:34,9.39,0.05,8,7512,买盘
2487,13:36:40,9.35,-0.04,59,55165,卖盘
2488,13:36:46,9.39,0.04,5,4695,买盘
2489,13:36:55,9.36,-0.03,13,12168,卖盘
2490,13:37:06,9.36,0.0,56,52436,卖盘
2491,13:37:10,9.38,0.02,50,46870,买盘
2492,13:37:13,9.36,-0.02,147,137592,卖盘
2493,13:37:16,9.36,0.0,21,19656,买盘
2494,13:37:22,9.36,0.0,5,4680,买盘
2495,13:37:25,9.38,0.02,222,207960,买盘
2496,13:37:28,9.36,-0.02,116,108527,卖盘
2497,13:37:33,9.35,-0.01,17,15895,卖盘
2498,13:37:36,9.36,0.01,3,2808,买盘
2499,13:37:43,9.36,0.0,51,47736,卖盘
2500,13:37:54,9.35,-0.01,49,45860,卖盘
2501,13:38:10,9.38,0.03,10,9376,买盘
2502,13:38:13,9.37,-0.01,2,1874,买盘
2503,13:38:28,9.36,-0.01,16,14976,卖盘
2504,13:38:34,9.37,0.01,35,32795,买盘
2505,13:38:37,9.36,-0.01,50,46800,卖盘
2506,13:38:43,9.36,0.0,215,201240,卖盘
2507,13:38:46,9.36,0.0,65,60840,买盘
2508,13:38:48,9.36,0.0,5,4680,买盘
2509,13:38:51,9.36,0.0,3,2808,买盘
2510,13:38:55,9.36,0.0,20,18720,买盘
2511,13:38:58,9.36,0.0,2,1872,买盘
2512,13:39:01,9.36,0.0,10,9360,买盘
2513,13:39:04,9.36,0.0,68,63605,买盘
2514,13:39:07,9.35,-0.01,5,4675,卖盘
2515,13:39:09,9.35,0.0,31,28985,卖盘
2516,13:39:13,9.36,0.01,4,3744,买盘
2517,13:39:16,9.36,0.0,2,1872,买盘
2518,13:39:19,9.36,0.0,71,66396,买盘
2519,13:39:27,9.36,0.0,1,936,买盘
2520,13:39:31,9.36,0.0,30,28080,买盘
2521,13:39:33,9.36,0.0,24,22464,买盘
2522,13:39:36,9.36,0.0,46,43056,买盘
2523,13:39:40,9.36,0.0,5,4680,卖盘
2524,13:39:43,9.36,0.0,8,7488,卖盘
2525,13:39:46,9.36,0.0,51,47736,卖盘
2526,13:39:51,9.36,0.0,10,9360,卖盘
2527,13:40:01,9.36,0.0,1,936,卖盘
2528,13:40:04,9.36,0.0,21,19656,卖盘
2529,13:40:16,9.36,0.0,12,11232,买盘
2530,13:40:19,9.36,0.0,40,37440,买盘
2531,13:40:22,9.35,-0.01,1,935,卖盘
2532,13:40:24,9.35,0.0,170,158950,卖盘
2533,13:40:27,9.35,0.0,214,200090,卖盘
2534,13:40:30,9.35,0.0,138,129036,卖盘
2535,13:40:36,9.34,-0.01,20,18680,卖盘
2536,13:40:39,9.35,0.01,30,28050,买盘
2537,13:40:45,9.34,-0.01,201,188071,卖盘
2538,13:40:48,9.34,0.0,26,24287,卖盘
2539,13:40:58,9.34,0.0,86,80325,卖盘
2540,13:41:01,9.35,0.01,93,86955,买盘
2541,13:41:09,9.35,0.0,57,53295,卖盘
2542,13:41:12,9.35,0.0,1,935,卖盘
2543,13:41:16,9.35,0.0,20,18700,卖盘
2544,13:41:19,9.35,0.0,4,3740,买盘
2545,13:41:25,9.35,0.0,34,31790,买盘
2546,13:41:31,9.34,-0.01,29,27086,卖盘
2547,13:41:34,9.34,0.0,1,934,买盘
2548,13:41:36,9.34,0.0,33,30822,买盘
2549,13:41:39,9.33,-0.01,161,150214,卖盘
2550,13:41:43,9.34,0.01,27,25204,买盘
2551,13:41:46,9.34,0.0,5,4670,卖盘
2552,13:41:49,9.32,-0.02,44,41008,卖盘
2553,13:41:52,9.32,0.0,53,49409,买盘
2554,13:41:55,9.33,0.01,55,51308,买盘
2555,13:41:58,9.32,-0.01,513,478235,卖盘
2556,13:42:01,9.32,0.0,20,18640,卖盘
2557,13:42:06,9.32,0.0,135,126053,卖盘
2558,13:42:09,9.32,0.0,42,39080,买盘
2559,13:42:12,9.32,0.0,8,7456,买盘
2560,13:42:16,9.32,0.0,12,11184,卖盘
2561,13:42:18,9.32,0.0,44,41008,卖盘
2562,13:42:22,9.32,0.0,8,7459,卖盘
2563,13:42:24,9.33,0.01,56,52212,买盘
2564,13:42:27,9.31,-0.02,89,82947,卖盘
2565,13:42:30,9.32,0.01,46,42872,买盘
2566,13:42:33,9.32,0.0,50,46600,买盘
2567,13:42:36,9.31,-0.01,13,12103,卖盘
2568,13:42:40,9.32,0.01,16,14905,买盘
2569,13:42:42,9.3,-0.02,80,74400,卖盘
2570,13:42:46,9.29,-0.01,84,78085,卖盘
2571,13:42:48,9.3,0.01,102,94936,卖盘
2572,13:42:52,9.3,0.0,8,7440,买盘
2573,13:42:54,9.3,0.0,87,80910,买盘
2574,13:42:57,9.29,-0.01,150,139350,卖盘
2575,13:43:01,9.3,0.01,58,53932,买盘
2576,13:43:07,9.3,0.0,13,12090,买盘
2577,13:43:10,9.29,-0.01,131,121699,卖盘
2578,13:43:16,9.29,0.0,15,13935,买盘
2579,13:43:18,9.29,0.0,70,65001,买盘
2580,13:43:21,9.28,-0.01,163,151268,卖盘
2581,13:43:25,9.29,0.01,202,187593,买盘
2582,13:43:28,9.28,-0.01,361,335100,卖盘
2583,13:43:30,9.28,0.0,12,11147,卖盘
2584,13:43:34,9.28,0.0,86,79808,卖盘
2585,13:43:36,9.28,0.0,121,112361,卖盘
2586,13:43:39,9.28,0.0,17,15777,卖盘
2587,13:43:42,9.27,-0.01,291,269883,卖盘
2588,13:43:45,9.28,0.01,18,16704,买盘
2589,13:43:49,9.28,0.0,1,928,买盘
2590,13:43:52,9.26,-0.02,207,191927,卖盘
2591,13:43:58,9.26,0.0,21,19455,卖盘
2592,13:44:01,9.27,0.01,107,99139,买盘
2593,13:44:04,9.25,-0.02,288,266632,卖盘
2594,13:44:07,9.25,0.0,5,4625,卖盘
2595,13:44:10,9.26,0.01,25,23150,买盘
2596,13:44:12,9.26,0.0,9,8329,买盘
2597,13:44:15,9.25,-0.01,381,352628,卖盘
2598,13:44:18,9.25,0.0,162,149867,卖盘
2599,13:44:22,9.26,0.01,35,32399,中性盘
2600,13:44:24,9.27,0.01,52,48167,买盘
2601,13:44:28,9.25,-0.02,60,55536,卖盘
2602,13:44:31,9.26,0.01,212,196218,卖盘
2603,13:44:34,9.26,0.0,93,86145,买盘
2604,13:44:37,9.27,0.01,738,682750,买盘
2605,13:44:40,9.26,-0.01,11,10186,中性盘
2606,13:44:43,9.26,0.0,24,22222,买盘
2607,13:44:46,9.25,-0.01,145,134147,卖盘
2608,13:44:48,9.26,0.01,62,57376,买盘
2609,13:44:51,9.26,0.0,63,58342,卖盘
2610,13:44:55,9.25,-0.01,137,126744,卖盘
2611,13:44:58,9.26,0.01,101,93432,买盘
2612,13:45:01,9.26,0.0,40,37030,买盘
2613,13:45:04,9.24,-0.02,161,148809,卖盘
2614,13:45:07,9.25,0.01,12,11101,中性盘
2615,13:45:09,9.26,0.01,28,25914,买盘
2616,13:45:12,9.24,-0.02,196,181132,卖盘
2617,13:45:16,9.24,0.0,36,33264,买盘
2618,13:45:19,9.24,0.0,30,27720,买盘
2619,13:45:22,9.24,0.0,50,46170,买盘
2620,13:45:25,9.23,-0.01,422,389590,卖盘
2621,13:45:27,9.23,0.0,196,180972,卖盘
2622,13:45:30,9.24,0.01,44,40656,中性盘
2623,13:45:34,9.23,-0.01,109,100636,卖盘
2624,13:45:37,9.23,0.0,55,50765,卖盘
2625,13:45:40,9.23,0.0,241,222283,买盘
2626,13:45:43,9.23,0.0,165,152292,买盘
2627,13:45:45,9.22,-0.01,52,47958,卖盘
2628,13:45:48,9.22,0.0,684,630700,卖盘
2629,13:45:51,9.23,0.01,100,92220,买盘
2630,13:45:55,9.21,-0.02,902,831619,卖盘
2631,13:45:58,9.22,0.01,103,94966,买盘
2632,13:46:01,9.22,0.0,10,9220,买盘
2633,13:46:04,9.22,0.0,663,610625,买盘
2634,13:46:07,9.21,-0.01,57,52509,卖盘
2635,13:46:09,9.22,0.01,807,743265,买盘
2636,13:46:12,9.21,-0.01,1344,1237846,卖盘
2637,13:46:15,9.21,0.0,279,256959,卖盘
2638,13:46:18,9.21,0.0,756,696307,卖盘
2639,13:46:21,9.21,0.0,213,196103,买盘
2640,13:46:24,9.2,-0.01,117,107740,卖盘
2641,13:46:28,9.21,0.01,593,546010,买盘
2642,13:46:30,9.2,-0.01,549,505259,卖盘
2643,13:46:33,9.21,0.01,119,109545,买盘
2644,13:46:37,9.21,0.0,40,36840,买盘
2645,13:46:40,9.2,-0.01,185,170255,卖盘
2646,13:46:42,9.21,0.01,491,451961,买盘
2647,13:46:45,9.21,0.0,825,759098,买盘
2648,13:46:49,9.21,0.0,255,234700,买盘
2649,13:46:52,9.21,0.0,1174,1080404,买盘
2650,13:46:54,9.21,0.0,240,220889,买盘
2651,13:46:57,9.21,0.0,355,326928,买盘
2652,13:47:00,9.21,0.0,106,97533,买盘
2653,13:47:04,9.2,-0.01,182,167576,卖盘
2654,13:47:07,9.21,0.01,668,615218,买盘
2655,13:47:09,9.21,0.0,243,223716,卖盘
2656,13:47:13,9.21,0.0,54,49734,卖盘
2657,13:47:15,9.22,0.01,147,135449,买盘
2658,13:47:18,9.22,0.0,118,108796,卖盘
2659,13:47:21,9.23,0.01,10,9227,买盘
2660,13:47:24,9.23,0.0,325,299723,买盘
2661,13:47:28,9.24,0.01,5,4618,买盘
2662,13:47:31,9.23,-0.01,220,202993,卖盘
2663,13:47:33,9.23,0.0,28,25844,卖盘
2664,13:47:36,9.25,0.02,4,3697,买盘
2665,13:47:39,9.24,-0.01,5,4620,卖盘
2666,13:47:42,9.25,0.01,22,20350,买盘
2667,13:47:45,9.25,0.0,26,24038,买盘
2668,13:47:49,9.24,-0.01,71,65612,卖盘
2669,13:47:52,9.25,0.01,132,122100,买盘
2670,13:47:55,9.26,0.01,6,5556,买盘
2671,13:47:57,9.26,0.0,1,926,买盘
2672,13:48:01,9.25,-0.01,55,50879,卖盘
2673,13:48:04,9.26,0.01,13,12038,买盘
2674,13:48:07,9.26,0.0,46,42604,卖盘
2675,13:48:10,9.26,0.0,49,45374,卖盘
2676,13:48:13,9.27,0.01,44,40751,买盘
2677,13:48:16,9.27,0.0,22,20394,卖盘
2678,13:48:18,9.27,0.0,9,8339,买盘
2679,13:48:21,9.28,0.01,23,21338,买盘
2680,13:48:24,9.27,-0.01,8,7416,卖盘
2681,13:48:28,9.28,0.01,33,30624,买盘
2682,13:48:31,9.29,0.01,2,1858,买盘
2683,13:48:33,9.29,0.0,7,6503,买盘
2684,13:48:37,9.29,0.0,35,32499,买盘
2685,13:48:39,9.28,-0.01,5,4640,卖盘
2686,13:48:43,9.29,0.01,21,19509,买盘
2687,13:48:46,9.28,-0.01,1,928,卖盘
2688,13:48:49,9.28,0.0,13,12065,卖盘
2689,13:48:52,9.28,0.0,13,12076,卖盘
2690,13:48:55,9.28,0.0,45,41760,卖盘
2691,13:49:04,9.27,-0.01,12,11133,卖盘
2692,13:49:06,9.3,0.03,200,185703,买盘
2693,13:49:13,9.29,-0.01,35,32515,卖盘
2694,13:49:15,9.29,0.0,2,1858,卖盘
2695,13:49:19,9.29,0.0,60,55785,卖盘
2696,13:49:22,9.3,0.01,2,1860,买盘
2697,13:49:25,9.29,-0.01,10,9290,卖盘
2698,13:49:27,9.3,0.01,14,13020,买盘
2699,13:49:34,9.3,0.0,33,30669,买盘
2700,13:49:36,9.29,-0.01,111,103194,卖盘
2701,13:49:39,9.3,0.01,300,278995,买盘
2702,13:49:43,9.29,-0.01,3,2787,买盘
2703,13:49:49,9.29,0.0,21,19501,买盘
2704,13:49:51,9.27,-0.02,79,73274,卖盘
2705,13:49:54,9.27,0.0,10,9270,买盘
2706,13:49:57,9.27,0.0,1,927,买盘
2707,13:50:01,9.26,-0.01,19,17594,卖盘
2708,13:50:04,9.27,0.01,21,19458,买盘
2709,13:50:07,9.26,-0.01,62,57412,卖盘
2710,13:50:10,9.26,0.0,50,46319,卖盘
2711,13:50:13,9.26,0.0,3,2778,卖盘
2712,13:50:16,9.25,-0.01,113,104592,卖盘
2713,13:50:18,9.25,0.0,13,12024,买盘
2714,13:50:22,9.25,0.0,3,2775,买盘
2715,13:50:25,9.25,0.0,10,9250,买盘
2716,13:50:28,9.24,-0.01,165,152461,卖盘
2717,13:50:31,9.24,0.0,45,41580,买盘
2718,13:50:34,9.24,0.0,12,11088,买盘
2719,13:50:37,9.24,0.0,25,23095,买盘
2720,13:50:40,9.23,-0.01,22,20306,卖盘
2721,13:50:42,9.24,0.01,71,65598,买盘
2722,13:50:45,9.23,-0.01,107,98765,卖盘
2723,13:50:48,9.24,0.01,37,34155,买盘
2724,13:50:52,9.23,-0.01,150,138450,卖盘
2725,13:50:55,9.23,0.0,9,8300,买盘
2726,13:50:58,9.22,-0.01,206,190178,卖盘
2727,13:51:01,9.22,0.0,37,34114,卖盘
2728,13:51:04,9.23,0.01,10,9230,买盘
2729,13:51:06,9.22,-0.01,149,137386,卖盘
2730,13:51:09,9.23,0.01,5,4615,买盘
2731,13:51:13,9.23,0.0,5,4611,买盘
2732,13:51:15,9.22,-0.01,23,21224,卖盘
2733,13:51:18,9.23,0.01,44,40591,买盘
2734,13:51:21,9.22,-0.01,136,125415,卖盘
2735,13:51:27,9.23,0.01,62,57226,买盘
2736,13:51:30,9.22,-0.01,7,6454,卖盘
2737,13:51:34,9.22,0.0,11,10148,卖盘
2738,13:51:36,9.23,0.01,10,9230,卖盘
2739,13:51:39,9.23,0.0,6,5538,卖盘
2740,13:51:42,9.23,0.0,36,33228,卖盘
2741,13:51:45,9.24,0.01,41,37873,买盘
2742,13:51:48,9.23,-0.01,12,11087,卖盘
2743,13:51:55,9.22,-0.01,22,20288,卖盘
2744,13:51:57,9.23,0.01,30,27690,买盘
2745,13:52:00,9.23,0.0,124,114444,买盘
2746,13:52:04,9.23,0.0,19,17538,卖盘
2747,13:52:06,9.23,0.0,53,48919,卖盘
2748,13:52:10,9.22,-0.01,176,162274,卖盘
2749,13:52:13,9.23,0.01,7,6461,买盘
2750,13:52:15,9.23,0.0,129,118947,买盘
2751,13:52:19,9.22,-0.01,71,65462,卖盘
2752,13:52:22,9.22,0.0,252,232494,卖盘
2753,13:52:25,9.22,0.0,25,23056,卖盘
2754,13:52:28,9.23,0.01,41,37843,买盘
2755,13:52:31,9.22,-0.01,95,87670,卖盘
2756,13:52:33,9.22,0.0,2,1844,卖盘
2757,13:52:36,9.23,0.01,222,204716,买盘
2758,13:52:39,9.23,0.0,2,1846,买盘
2759,13:52:43,9.23,0.0,20,18460,买盘
2760,13:52:45,9.23,0.0,43,39647,买盘
2761,13:52:49,9.22,-0.01,12,11064,卖盘
2762,13:52:52,9.23,0.01,3,2769,买盘
2763,13:52:55,9.22,-0.01,15,13840,卖盘
2764,13:52:58,9.23,0.01,71,65533,买盘
2765,13:53:01,9.22,-0.01,373,343991,卖盘
2766,13:53:04,9.22,0.0,67,61774,卖盘
2767,13:53:06,9.23,0.01,24,22132,买盘
2768,13:53:09,9.23,0.0,2,1846,卖盘
2769,13:53:13,9.24,0.01,55,50756,买盘
2770,13:53:16,9.24,0.0,26,23999,买盘
2771,13:53:22,9.22,-0.02,5,4610,卖盘
2772,13:53:24,9.23,0.01,47,43336,买盘
2773,13:53:27,9.23,0.0,15,13857,卖盘
2774,13:53:33,9.23,0.0,3,2769,卖盘
2775,13:53:36,9.23,0.0,41,37843,卖盘
2776,13:53:40,9.23,0.0,51,47079,卖盘
2777,13:53:42,9.23,0.0,31,28630,卖盘
2778,13:53:45,9.23,0.0,6,5538,买盘
2779,13:53:48,9.23,0.0,14,12922,卖盘
2780,13:53:51,9.23,0.0,65,59995,买盘
2781,13:53:57,9.23,0.0,19,17546,卖盘
2782,13:54:00,9.23,0.0,50,46150,卖盘
2783,13:54:04,9.23,0.0,7,6461,买盘
2784,13:54:06,9.23,0.0,3,2769,买盘
2785,13:54:10,9.23,0.0,1,923,买盘
2786,13:54:13,9.23,0.0,28,25844,买盘
2787,13:54:16,9.24,0.01,61,56314,买盘
2788,13:54:22,9.23,-0.01,30,27680,中性盘
2789,13:54:27,9.24,0.01,69,63734,买盘
2790,13:54:37,9.23,-0.01,3,2769,卖盘
2791,13:54:40,9.24,0.01,5,4620,买盘
2792,13:54:43,9.24,0.0,5,4618,买盘
2793,13:54:45,9.24,0.0,7,6468,买盘
2794,13:54:48,9.24,0.0,7,6468,买盘
2795,13:54:51,9.23,-0.01,97,89602,卖盘
2796,13:54:55,9.23,0.0,21,19394,卖盘
2797,13:54:58,9.23,0.0,8,7384,卖盘
2798,13:55:00,9.23,0.0,12,11087,卖盘
2799,13:55:04,9.24,0.01,37,34184,买盘
2800,13:55:09,9.23,-0.01,49,45227,卖盘
2801,13:55:12,9.23,0.0,2,1846,卖盘
2802,13:55:19,9.24,0.01,32,29555,买盘
2803,13:55:24,9.24,0.0,11,10164,买盘
2804,13:55:27,9.24,0.0,5,4620,买盘
2805,13:55:30,9.24,0.0,137,126588,买盘
2806,13:55:37,9.25,0.01,19,17565,买盘
2807,13:55:40,9.25,0.0,10,9250,买盘
2808,13:55:45,9.25,0.0,82,75850,买盘
2809,13:55:51,9.25,0.0,53,49025,卖盘
2810,13:55:54,9.25,0.0,5,4625,卖盘
2811,13:55:57,9.26,0.01,5,4630,买盘
2812,13:56:01,9.26,0.0,26,24076,卖盘
2813,13:56:04,9.26,0.0,21,19446,买盘
2814,13:56:07,9.26,0.0,2,1852,买盘
2815,13:56:10,9.25,-0.01,55,50916,卖盘
2816,13:56:16,9.26,0.01,16,14816,买盘
2817,13:56:21,9.26,0.0,76,70336,买盘
2818,13:56:31,9.21,-0.05,1530,1411321,卖盘
2819,13:56:34,9.26,0.05,1,926,买盘
2820,13:56:37,9.25,-0.01,18,16650,卖盘
2821,13:56:39,9.26,0.01,15,13888,买盘
2822,13:56:42,9.26,0.0,46,42596,卖盘
2823,13:56:45,9.26,0.0,5,4630,卖盘
2824,13:56:49,9.26,0.0,34,31484,卖盘
2825,13:56:52,9.26,0.0,61,56486,卖盘
2826,13:56:54,9.23,-0.03,57,52799,卖盘
2827,13:57:04,9.25,0.02,45,41549,买盘
2828,13:57:06,9.25,0.0,25,23056,买盘
2829,13:57:19,9.25,0.0,42,38828,买盘
2830,13:57:21,9.24,-0.01,77,71148,卖盘
