,time,price,change,volume,amount,type
0,09:25:05,8.45,-0.25,1323,1117935,卖盘
1,09:30:04,8.47,0.02,248,209686,买盘
2,09:30:07,8.47,0.0,454,384650,卖盘
3,09:30:10,8.47,0.0,283,239701,卖盘
4,09:30:13,8.47,0.0,25,21175,卖盘
5,09:30:19,8.49,0.02,14,11885,买盘
6,09:30:22,8.47,-0.02,151,127962,卖盘
7,09:30:28,8.47,0.0,15,12705,买盘
8,09:30:31,8.47,0.0,25,21175,买盘
9,09:30:34,8.46,-0.01,106,89731,卖盘
10,09:30:37,8.46,0.0,378,319178,卖盘
11,09:30:40,8.47,0.01,136,115192,买盘
12,09:30:46,8.47,0.0,26,22033,卖盘
13,09:30:49,8.49,0.02,10,8490,买盘
14,09:30:52,8.49,0.0,4,3396,买盘
15,09:30:55,8.49,0.0,1,849,卖盘
16,09:30:58,8.49,0.0,61,51739,卖盘
17,09:31:00,8.48,-0.01,1,848,中性盘
18,09:31:04,8.48,0.0,23,19528,卖盘
19,09:31:07,8.5,0.02,24,20400,买盘
20,09:31:10,8.5,0.0,20,17000,卖盘
21,09:31:16,8.48,-0.02,149,126568,卖盘
22,09:31:19,8.52,0.04,24,20421,买盘
23,09:31:22,8.5,-0.02,8,6800,卖盘
24,09:31:28,8.48,-0.02,15,12730,卖盘
25,09:31:31,8.5,0.02,58,49267,买盘
26,09:31:37,8.48,-0.02,91,77203,卖盘
27,09:31:40,8.5,0.02,11,9350,买盘
28,09:31:43,8.5,0.0,401,340520,买盘
29,09:31:49,8.5,0.0,1,850,卖盘
30,09:31:52,8.5,0.0,44,37400,卖盘
31,09:31:55,8.5,0.0,5,4250,卖盘
32,09:31:58,8.5,0.0,84,71408,卖盘
33,09:32:01,8.5,0.0,80,68000,买盘
34,09:32:05,8.49,-0.01,2,1698,卖盘
35,09:32:07,8.5,0.01,33,28050,买盘
36,09:32:10,8.5,0.0,62,52653,买盘
37,09:32:13,8.49,-0.01,5,4245,卖盘
38,09:32:16,8.49,0.0,33,28006,买盘
39,09:32:18,8.49,0.0,15,12735,买盘
40,09:32:25,8.48,-0.01,23,19504,卖盘
41,09:32:31,8.48,0.0,68,57684,卖盘
42,09:32:34,8.48,0.0,24,20352,卖盘
43,09:32:37,8.48,0.0,16,13579,卖盘
44,09:32:40,8.48,0.0,13,11024,卖盘
45,09:32:43,8.49,0.01,57,48371,买盘
46,09:32:46,8.49,0.0,4,3396,买盘
47,09:32:49,8.49,0.0,5,4245,买盘
48,09:32:52,8.49,0.0,168,142474,买盘
49,09:32:55,8.48,-0.01,333,282505,卖盘
50,09:33:04,8.49,0.01,12,10188,卖盘
51,09:33:07,8.49,0.0,23,19527,卖盘
52,09:33:10,8.5,0.01,70,59500,买盘
53,09:33:13,8.5,0.0,35,30268,买盘
54,09:33:22,8.5,0.0,34,28900,卖盘
55,09:33:25,8.51,0.01,1,851,买盘
56,09:33:31,8.51,0.0,13,11063,买盘
57,09:33:34,8.51,0.0,57,48507,卖盘
58,09:33:37,8.51,0.0,9,7659,买盘
59,09:33:43,8.51,0.0,93,79143,买盘
60,09:33:46,8.51,0.0,28,23828,买盘
61,09:33:48,8.51,0.0,8,6808,买盘
62,09:33:52,8.5,-0.01,34,28930,卖盘
63,09:33:55,8.5,0.0,28,23823,卖盘
64,09:33:58,8.51,0.01,17,14467,买盘
65,09:34:04,8.51,0.0,3,2554,卖盘
66,09:34:10,8.52,0.01,29,24693,买盘
67,09:34:13,8.51,-0.01,50,42550,卖盘
68,09:34:16,8.51,0.0,266,226366,卖盘
69,09:34:19,8.52,0.01,68,57936,买盘
70,09:34:22,8.52,0.0,38,32376,买盘
71,09:34:24,8.52,0.0,10,8520,买盘
72,09:34:28,8.5,-0.02,600,510275,卖盘
73,09:34:31,8.52,0.02,16,13632,买盘
74,09:34:37,8.52,0.0,54,46008,买盘
75,09:34:42,8.52,0.0,52,44304,卖盘
76,09:34:49,8.53,0.01,59,50327,买盘
77,09:34:52,8.52,-0.01,11,9372,卖盘
78,09:34:57,8.53,0.01,10,8530,买盘
79,09:35:00,8.53,0.0,25,21325,买盘
80,09:35:04,8.53,0.0,65,55445,买盘
81,09:35:06,8.52,-0.01,42,35784,卖盘
82,09:35:10,8.53,0.01,151,128803,买盘
83,09:35:16,8.55,0.02,10,8550,买盘
84,09:35:22,8.55,0.0,1,855,买盘
85,09:35:25,8.55,0.0,502,428153,买盘
86,09:35:27,8.53,-0.02,68,58031,中性盘
87,09:35:31,8.53,0.0,18,15354,买盘
88,09:35:34,8.54,0.01,19,16215,买盘
89,09:35:37,8.55,0.01,20,17100,买盘
90,09:35:40,8.54,-0.01,77,65758,卖盘
91,09:35:45,8.55,0.01,73,62410,买盘
92,09:35:49,8.55,0.0,15,12825,卖盘
93,09:35:52,8.58,0.03,20,17145,买盘
94,09:35:58,8.57,-0.01,5,4285,买盘
95,09:36:01,8.58,0.01,52,44571,买盘
96,09:36:04,8.55,-0.03,38,32494,卖盘
97,09:36:10,8.55,0.0,228,195022,卖盘
98,09:36:13,8.55,0.0,67,57285,买盘
99,09:36:19,8.54,-0.01,53,45265,卖盘
100,09:36:22,8.54,0.0,312,266710,卖盘
101,09:36:25,8.53,-0.01,51,43591,卖盘
102,09:36:28,8.53,0.0,21,17913,买盘
103,09:36:30,8.53,0.0,1,853,买盘
104,09:36:34,8.53,0.0,294,250493,买盘
105,09:36:37,8.53,0.0,2,1706,买盘
106,09:36:43,8.53,0.0,10,8530,卖盘
107,09:36:49,8.53,0.0,20,17060,卖盘
108,09:36:55,8.56,0.03,40,34216,买盘
109,09:36:58,8.54,-0.02,5,4270,买盘
110,09:37:04,8.54,0.0,11,9394,卖盘
111,09:37:13,8.54,0.0,31,26474,卖盘
112,09:37:16,8.54,0.0,84,71736,买盘
113,09:37:19,8.55,0.01,5,4275,卖盘
114,09:37:22,8.57,0.02,5,4285,买盘
115,09:37:34,8.55,-0.02,20,17100,卖盘
116,09:37:36,8.5,-0.05,1100,936772,卖盘
117,09:37:52,8.53,0.03,4,3412,卖盘
118,09:37:55,8.5,-0.03,16,13618,卖盘
119,09:38:07,8.53,0.03,4,3412,买盘
120,09:38:10,8.51,-0.02,69,58735,卖盘
121,09:38:16,8.53,0.02,2,1706,卖盘
122,09:38:19,8.5,-0.03,510,433836,卖盘
123,09:38:27,8.53,0.03,56,47741,买盘
124,09:38:31,8.54,0.01,82,69991,买盘
125,09:38:34,8.54,0.0,11,9394,卖盘
126,09:38:37,8.51,-0.03,57,48528,卖盘
127,09:38:43,8.55,0.04,100,85381,买盘
128,09:38:46,8.5,-0.05,500,425000,卖盘
129,09:38:52,8.52,0.02,47,40112,中性盘
130,09:38:58,8.53,0.01,5,4265,买盘
131,09:39:01,8.54,0.01,35,29890,卖盘
132,09:39:04,8.52,-0.02,75,64034,卖盘
133,09:39:07,8.52,0.0,320,272640,卖盘
134,09:39:10,8.52,0.0,9,7668,卖盘
135,09:39:19,8.5,-0.02,162,137489,卖盘
136,09:39:25,8.49,-0.01,22,18698,卖盘
137,09:39:28,8.49,0.0,92,78108,卖盘
138,09:39:31,8.49,0.0,120,101880,卖盘
139,09:39:33,8.49,0.0,20,16980,卖盘
140,09:39:36,8.48,-0.01,138,117024,卖盘
141,09:39:43,8.48,0.0,39,33072,卖盘
142,09:39:46,8.48,0.0,152,128995,卖盘
143,09:39:49,8.48,0.0,10,8480,卖盘
144,09:39:52,8.47,-0.01,211,178867,卖盘
145,09:39:55,8.48,0.01,23,19504,中性盘
146,09:39:58,8.47,-0.01,37,31353,卖盘
147,09:40:04,8.46,-0.01,20,16920,卖盘
148,09:40:07,8.44,-0.02,103,86961,卖盘
149,09:40:10,8.44,0.0,25,21100,卖盘
150,09:40:13,8.44,0.0,37,31228,卖盘
151,09:40:19,8.43,-0.01,37,31248,卖盘
152,09:40:22,8.44,0.01,23,19399,买盘
153,09:40:28,8.44,0.0,7,5908,买盘
154,09:40:31,8.43,-0.01,34,28685,卖盘
155,09:40:34,8.44,0.01,9,7596,中性盘
156,09:40:37,8.44,0.0,3,2532,买盘
157,09:40:40,8.44,0.0,115,96949,买盘
158,09:40:43,8.46,0.02,50,42203,买盘
159,09:40:46,8.45,-0.01,71,59995,中性盘
160,09:40:49,8.45,0.0,4,3380,卖盘
161,09:40:52,8.45,0.0,133,112388,卖盘
162,09:40:55,8.45,0.0,43,36338,卖盘
163,09:40:58,8.45,0.0,20,16914,卖盘
164,09:41:01,8.48,0.03,70,59306,买盘
165,09:41:04,8.45,-0.03,98,82748,中性盘
166,09:41:07,8.46,0.01,21,17761,买盘
167,09:41:13,8.46,0.0,11,9306,卖盘
168,09:41:15,8.46,0.0,15,12690,卖盘
169,09:41:19,8.47,0.01,5,4235,中性盘
170,09:41:25,8.46,-0.01,15,12690,卖盘
171,09:41:28,8.46,0.0,2,1692,卖盘
172,09:41:37,8.47,0.01,16,13552,卖盘
173,09:41:40,8.47,0.0,21,17787,卖盘
174,09:41:46,8.49,0.02,3,2547,买盘
175,09:41:49,8.47,-0.02,32,27104,卖盘
176,09:41:52,8.48,0.01,6,5088,卖盘
177,09:41:55,8.48,0.0,1,848,买盘
178,09:41:58,8.5,0.02,141,119712,买盘
179,09:42:01,8.49,-0.01,37,31631,买盘
180,09:42:04,8.49,0.0,10,8490,卖盘
181,09:42:16,8.49,0.0,10,8490,卖盘
182,09:42:22,8.49,0.0,3,2547,卖盘
183,09:42:25,8.49,0.0,54,45850,卖盘
184,09:42:28,8.49,0.0,114,96862,卖盘
185,09:42:43,8.48,-0.01,20,16963,卖盘
186,09:42:49,8.48,0.0,5,4240,买盘
187,09:42:51,8.47,-0.01,63,53361,卖盘
188,09:42:55,8.49,0.02,70,59395,买盘
189,09:43:01,8.48,-0.01,2,1696,卖盘
190,09:43:10,8.48,0.0,6,5088,卖盘
191,09:43:12,8.48,0.0,81,68702,卖盘
192,09:43:25,8.49,0.01,32,27137,买盘
193,09:43:33,8.48,-0.01,29,24592,卖盘
194,09:43:37,8.49,0.01,2,1698,买盘
195,09:43:43,8.48,-0.01,189,160272,卖盘
196,09:43:46,8.48,0.0,10,8480,买盘
197,09:43:52,8.48,0.0,35,29680,买盘
198,09:43:57,8.47,-0.01,36,30492,卖盘
199,09:44:04,8.47,0.0,65,54801,卖盘
200,09:44:16,8.46,-0.01,42,35532,卖盘
201,09:44:19,8.45,-0.01,120,101458,卖盘
202,09:44:28,8.45,0.0,200,169000,卖盘
203,09:44:31,8.45,0.0,29,24505,卖盘
204,09:44:34,8.44,-0.01,27,22813,卖盘
205,09:44:40,8.45,0.01,113,95485,买盘
206,09:44:43,8.43,-0.02,167,140896,卖盘
207,09:44:46,8.45,0.02,84,70903,买盘
208,09:44:49,8.45,0.0,3,2533,买盘
209,09:44:58,8.44,-0.01,10,8440,卖盘
210,09:45:00,8.44,0.0,20,16880,卖盘
211,09:45:13,8.43,-0.01,57,48051,卖盘
212,09:45:16,8.43,0.0,29,24447,卖盘
213,09:45:19,8.44,0.01,26,21944,买盘
214,09:45:22,8.42,-0.02,126,106175,卖盘
215,09:45:25,8.42,0.0,60,50522,卖盘
216,09:45:31,8.43,0.01,30,25290,买盘
217,09:45:34,8.43,0.0,30,25290,买盘
218,09:45:37,8.42,-0.01,27,22734,卖盘
219,09:45:40,8.42,0.0,70,58950,卖盘
220,09:45:43,8.42,0.0,1,842,买盘
221,09:45:46,8.42,0.0,9,7578,买盘
222,09:45:49,8.42,0.0,10,8420,卖盘
223,09:45:58,8.42,0.0,1,842,卖盘
224,09:46:00,8.42,0.0,48,40443,卖盘
225,09:46:06,8.42,0.0,57,48006,卖盘
226,09:46:10,8.43,0.01,7,5901,买盘
227,09:46:13,8.42,-0.01,21,17692,卖盘
228,09:46:16,8.44,0.02,29,24463,买盘
229,09:46:19,8.44,0.0,3,2532,卖盘
230,09:46:25,8.44,0.0,19,16036,卖盘
231,09:46:28,8.46,0.02,16,13530,买盘
232,09:46:33,8.46,0.0,1,846,卖盘
233,09:46:43,8.49,0.03,44,37356,买盘
234,09:46:46,8.44,-0.05,289,244307,卖盘
235,09:46:51,8.44,0.0,59,49796,买盘
236,09:46:57,8.44,0.0,37,31228,买盘
237,09:47:01,8.44,0.0,7,5907,买盘
238,09:47:04,8.44,0.0,11,9284,买盘
239,09:47:06,8.44,0.0,2,1688,买盘
240,09:47:10,8.44,0.0,79,66676,买盘
241,09:47:25,8.46,0.02,4,3384,买盘
242,09:47:31,8.44,-0.02,99,83574,卖盘
243,09:47:46,8.46,0.02,21,17766,卖盘
244,09:48:04,8.48,0.02,17,14416,买盘
245,09:48:10,8.48,0.0,1,848,买盘
246,09:48:13,8.46,-0.02,20,16958,卖盘
247,09:48:28,8.48,0.02,9,7632,卖盘
248,09:48:31,8.47,-0.01,20,16946,卖盘
249,09:48:34,8.49,0.02,5,4245,买盘
250,09:48:40,8.46,-0.03,26,22020,卖盘
251,09:48:43,8.47,0.01,10,8470,买盘
252,09:48:52,8.46,-0.01,6,5080,卖盘
253,09:48:58,8.46,0.0,16,13536,卖盘
254,09:49:07,8.46,0.0,1,846,卖盘
255,09:49:10,8.45,-0.01,325,274763,卖盘
256,09:49:25,8.45,0.0,19,16055,买盘
257,09:49:31,8.45,0.0,25,21105,买盘
258,09:49:34,8.45,0.0,10,8450,买盘
259,09:49:40,8.43,-0.02,574,484022,卖盘
260,09:49:42,8.44,0.01,22,18580,中性盘
261,09:49:55,8.44,0.0,11,9284,卖盘
262,09:49:58,8.44,0.0,15,12660,卖盘
263,09:50:01,8.44,0.0,5,4220,卖盘
264,09:50:07,8.44,0.0,1,844,卖盘
265,09:50:10,8.44,0.0,20,16880,卖盘
266,09:50:16,8.45,0.01,15,12669,买盘
267,09:50:19,8.43,-0.02,12,10116,卖盘
268,09:50:22,8.45,0.02,31,26168,买盘
269,09:50:34,8.45,0.0,4,3380,卖盘
270,09:50:37,8.45,0.0,6,5070,卖盘
271,09:50:42,8.45,0.0,8,6760,卖盘
272,09:50:52,8.45,0.0,55,46513,卖盘
273,09:50:55,8.46,0.01,5,4230,买盘
274,09:51:01,8.46,0.0,20,16920,买盘
275,09:51:16,8.46,0.0,7,5922,买盘
276,09:51:19,8.45,-0.01,77,65066,卖盘
277,09:51:22,8.46,0.01,24,20302,买盘
278,09:51:31,8.46,0.0,31,26226,卖盘
279,09:51:43,8.46,0.0,5,4229,买盘
280,09:51:46,8.47,0.01,50,42350,买盘
281,09:51:55,8.46,-0.01,129,109134,卖盘
282,09:52:01,8.46,0.0,53,44838,买盘
283,09:52:13,8.42,-0.04,680,573184,卖盘
284,09:52:37,8.41,-0.01,40,33642,卖盘
285,09:52:43,8.39,-0.02,472,396385,卖盘
286,09:52:49,8.39,0.0,10,8390,买盘
287,09:52:52,8.38,-0.01,83,69604,卖盘
288,09:52:55,8.39,0.01,46,38553,买盘
289,09:52:57,8.38,-0.01,51,42745,卖盘
290,09:53:00,8.38,0.0,56,46928,卖盘
291,09:53:04,8.36,-0.02,394,329980,卖盘
292,09:53:07,8.38,0.02,77,64526,买盘
293,09:53:10,8.38,0.0,43,36039,买盘
294,09:53:16,8.38,0.0,62,51956,买盘
295,09:53:19,8.36,-0.02,50,41822,卖盘
296,09:53:22,8.38,0.02,12,10056,买盘
297,09:53:25,8.37,-0.01,24,20111,卖盘
298,09:53:28,8.38,0.01,12,10058,卖盘
299,09:53:34,8.37,-0.01,68,56937,卖盘
300,09:53:37,8.36,-0.01,79,66118,卖盘
301,09:53:46,8.38,0.02,44,36838,买盘
302,09:53:58,8.38,0.0,35,29330,卖盘
303,09:54:07,8.4,0.02,1,840,买盘
304,09:54:10,8.4,0.0,4,3360,买盘
305,09:54:12,8.39,-0.01,10,8391,卖盘
306,09:54:15,8.4,0.01,7,5880,卖盘
307,09:54:19,8.4,0.0,5,4200,卖盘
308,09:54:25,8.41,0.01,11,9245,买盘
309,09:54:28,8.41,0.0,11,9251,买盘
310,09:54:31,8.4,-0.01,4,3361,卖盘
311,09:54:34,8.41,0.01,5,4205,卖盘
312,09:54:43,8.4,-0.01,45,37810,卖盘
313,09:54:48,8.4,0.0,20,16800,卖盘
314,09:54:55,8.41,0.01,15,12615,买盘
315,09:55:04,8.4,-0.01,62,52121,卖盘
316,09:55:16,8.4,0.0,1,840,卖盘
317,09:55:25,8.4,0.0,30,25200,卖盘
318,09:55:36,8.4,0.0,162,136100,卖盘
319,09:55:43,8.4,0.0,19,15960,买盘
320,09:55:46,8.4,0.0,88,73848,买盘
321,09:55:52,8.4,0.0,38,31920,卖盘
322,09:56:00,8.41,0.01,2,1682,买盘
323,09:56:10,8.43,0.02,10,8430,卖盘
324,09:56:16,8.4,-0.03,30,25218,卖盘
325,09:56:25,8.41,0.01,5,4205,买盘
326,09:56:34,8.41,0.0,57,47937,买盘
327,09:56:43,8.4,-0.01,18,15125,卖盘
328,09:56:49,8.4,0.0,60,50400,卖盘
329,09:56:51,8.4,0.0,40,33600,买盘
330,09:56:57,8.4,0.0,234,196510,买盘
331,09:57:04,8.39,-0.01,72,60417,卖盘
332,09:57:16,8.39,0.0,6,5034,卖盘
333,09:57:19,8.4,0.01,2,1680,买盘
334,09:57:22,8.39,-0.01,11,9229,卖盘
335,09:57:28,8.4,0.01,21,17639,买盘
336,09:57:31,8.39,-0.01,3,2517,卖盘
337,09:57:37,8.39,0.0,3,2517,卖盘
338,09:57:39,8.39,0.0,46,38594,卖盘
339,09:57:46,8.36,-0.03,800,669300,卖盘
340,09:57:48,8.39,0.03,1,839,买盘
341,09:57:52,8.38,-0.01,8,6704,买盘
342,09:57:55,8.36,-0.02,3,2508,卖盘
343,09:57:58,8.35,-0.01,993,829247,卖盘
344,09:58:01,8.38,0.03,56,46907,买盘
345,09:58:04,8.36,-0.02,3,2508,卖盘
346,09:58:07,8.34,-0.02,23,19182,卖盘
347,09:58:13,8.34,0.0,3,2502,买盘
348,09:58:16,8.34,0.0,34,28356,买盘
349,09:58:19,8.33,-0.01,78,65020,卖盘
350,09:58:22,8.31,-0.02,630,523794,卖盘
351,09:58:25,8.31,0.0,5,4155,卖盘
352,09:58:28,8.31,0.0,135,112330,卖盘
353,09:58:31,8.31,0.0,50,41550,买盘
354,09:58:34,8.3,-0.01,274,227441,卖盘
355,09:58:36,8.31,0.01,49,40705,买盘
356,09:58:39,8.31,0.0,122,101314,卖盘
357,09:58:43,8.3,-0.01,225,186821,卖盘
358,09:58:46,8.31,0.01,64,53131,中性盘
359,09:58:49,8.31,0.0,27,22437,卖盘
360,09:58:52,8.3,-0.01,442,366861,卖盘
361,09:58:55,8.3,0.0,9,7470,买盘
362,09:59:01,8.3,0.0,71,58910,买盘
363,09:59:04,8.29,-0.01,164,135953,卖盘
364,09:59:07,8.3,0.01,15,12440,买盘
365,09:59:10,8.29,-0.01,42,34818,卖盘
366,09:59:16,8.29,0.0,31,25697,买盘
367,09:59:19,8.29,0.0,41,33989,买盘
368,09:59:22,8.29,0.0,61,50471,买盘
369,09:59:25,8.28,-0.01,34,28154,中性盘
370,09:59:28,8.27,-0.01,96,79455,卖盘
371,09:59:31,8.29,0.02,43,35597,买盘
372,09:59:37,8.29,0.0,34,28175,买盘
373,09:59:39,8.27,-0.02,201,166170,卖盘
374,09:59:43,8.3,0.03,59,48970,买盘
375,09:59:46,8.29,-0.01,62,51372,买盘
376,09:59:49,8.3,0.01,25,20750,买盘
377,09:59:52,8.28,-0.02,256,212417,卖盘
378,09:59:55,8.28,0.0,109,90394,卖盘
379,09:59:58,8.29,0.01,89,73804,中性盘
380,10:00:01,8.2,-0.09,857,704871,卖盘
381,10:00:04,8.2,0.0,2,1640,买盘
382,10:00:07,8.28,0.08,21,17308,买盘
383,10:00:09,8.28,0.0,9,7452,卖盘
384,10:00:13,8.3,0.02,11,9110,买盘
385,10:00:16,8.3,0.0,1,830,买盘
386,10:00:19,8.28,-0.02,101,83658,卖盘
387,10:00:22,8.28,0.0,315,258482,买盘
388,10:00:25,8.3,0.02,31,25696,买盘
389,10:00:28,8.3,0.0,40,33173,卖盘
390,10:00:31,8.29,-0.01,35,29032,卖盘
391,10:00:34,8.29,0.0,12,9948,卖盘
392,10:00:37,8.29,0.0,5,4145,卖盘
393,10:00:40,8.32,0.03,22,18259,买盘
394,10:00:46,8.25,-0.07,17,14028,卖盘
395,10:00:52,8.25,0.0,15,11920,买盘
396,10:00:58,8.29,0.04,6,4974,买盘
397,10:01:01,8.29,0.0,6,4974,买盘
398,10:01:04,8.29,0.0,6,4972,买盘
399,10:01:07,8.28,-0.01,12,9936,买盘
400,10:01:09,8.29,0.01,2,1658,买盘
401,10:01:16,8.29,0.0,5,4145,买盘
402,10:01:19,8.29,0.0,19,15751,买盘
403,10:01:22,8.29,0.0,5,4148,卖盘
404,10:01:24,8.29,0.0,30,24870,卖盘
405,10:01:31,8.3,0.01,7,5810,买盘
406,10:01:40,8.3,0.0,80,66400,卖盘
407,10:01:43,8.32,0.02,42,34904,买盘
408,10:01:46,8.27,-0.05,161,133328,卖盘
409,10:01:55,8.33,0.06,27,22491,中性盘
410,10:02:01,8.34,0.01,40,33360,买盘
411,10:02:04,8.33,-0.01,46,38350,卖盘
412,10:02:07,8.33,0.0,61,50813,买盘
413,10:02:10,8.33,0.0,35,29155,买盘
414,10:02:13,8.33,0.0,20,16660,买盘
415,10:02:15,8.32,-0.01,5,4160,卖盘
416,10:02:24,8.32,0.0,15,12480,卖盘
417,10:02:28,8.32,0.0,50,41600,买盘
418,10:02:31,8.32,0.0,7,5824,买盘
419,10:02:37,8.32,0.0,1,832,买盘
420,10:02:40,8.32,0.0,11,9152,买盘
421,10:02:43,8.3,-0.02,624,518335,卖盘
422,10:02:45,8.3,0.0,100,83000,买盘
423,10:02:48,8.3,0.0,55,45650,买盘
424,10:02:52,8.3,0.0,3,2490,买盘
425,10:02:58,8.3,0.0,115,95138,买盘
426,10:03:07,8.3,0.0,481,399225,买盘
427,10:03:10,8.28,-0.02,2,1656,卖盘
428,10:03:13,8.28,0.0,65,53820,卖盘
429,10:03:16,8.29,0.01,20,16580,买盘
430,10:03:22,8.3,0.01,525,434932,买盘
431,10:03:25,8.3,0.0,10,8300,卖盘
432,10:03:40,8.3,0.0,128,106245,卖盘
433,10:03:48,8.31,0.01,61,50652,买盘
434,10:03:55,8.29,-0.02,7,5803,卖盘
435,10:04:04,8.31,0.02,9,7471,买盘
436,10:04:06,8.3,-0.01,5,4150,卖盘
437,10:04:16,8.31,0.01,22,18266,买盘
438,10:04:22,8.31,0.0,9,7479,买盘
439,10:04:25,8.31,0.0,11,9141,买盘
440,10:04:30,8.31,0.0,37,30747,买盘
441,10:04:34,8.31,0.0,10,8310,卖盘
442,10:04:43,8.32,0.01,20,16640,买盘
443,10:04:49,8.3,-0.02,190,157880,卖盘
444,10:04:52,8.33,0.03,172,143276,买盘
445,10:04:55,8.33,0.0,14,11662,买盘
446,10:05:01,8.36,0.03,112,93632,买盘
447,10:05:15,8.36,0.0,5,4180,卖盘
448,10:05:25,8.36,0.0,7,5852,卖盘
449,10:05:28,8.36,0.0,5,4180,卖盘
450,10:05:40,8.37,0.01,16,13382,买盘
451,10:05:46,8.36,-0.01,5,4180,卖盘
452,10:05:51,8.36,0.0,28,23408,卖盘
453,10:05:58,8.36,0.0,3,2508,卖盘
454,10:06:01,8.36,0.0,2,1672,卖盘
455,10:06:04,8.36,0.0,4,3344,卖盘
456,10:06:31,8.36,0.0,78,65208,卖盘
457,10:06:39,8.36,0.0,1,836,买盘
458,10:06:49,8.35,-0.01,12,10020,卖盘
459,10:07:09,8.34,-0.01,15,12510,卖盘
460,10:07:25,8.34,0.0,5,4170,卖盘
461,10:07:28,8.35,0.01,36,30050,买盘
462,10:07:31,8.35,0.0,1,835,卖盘
463,10:07:43,8.36,0.01,49,40964,买盘
464,10:07:46,8.35,-0.01,4,3340,卖盘
465,10:07:52,8.36,0.01,8,6688,买盘
466,10:08:01,8.35,-0.01,1,835,卖盘
467,10:08:10,8.35,0.0,118,98530,卖盘
468,10:08:16,8.35,0.0,5,4175,买盘
469,10:08:18,8.35,0.0,1,835,买盘
470,10:08:21,8.34,-0.01,2,1668,卖盘
471,10:08:45,8.35,0.01,24,20040,买盘
472,10:08:49,8.34,-0.01,39,32531,卖盘
473,10:08:54,8.34,0.0,10,8340,买盘
474,10:08:58,8.34,0.0,1,834,卖盘
475,10:09:10,8.33,-0.01,31,25841,卖盘
476,10:09:13,8.34,0.01,10,8340,买盘
477,10:09:19,8.33,-0.01,268,223244,卖盘
478,10:09:25,8.33,0.0,2,1666,买盘
479,10:09:37,8.32,-0.01,130,108285,卖盘
480,10:09:46,8.31,-0.01,30,24958,卖盘
481,10:09:49,8.33,0.02,5,4165,买盘
482,10:10:00,8.31,-0.02,3,2493,卖盘
483,10:10:10,8.31,0.0,5,4155,卖盘
484,10:10:13,8.31,0.0,25,20775,卖盘
485,10:10:22,8.32,0.01,10,8320,买盘
486,10:10:25,8.31,-0.01,1,831,买盘
487,10:10:31,8.31,0.0,220,182820,买盘
488,10:10:34,8.3,-0.01,6,4980,卖盘
489,10:10:43,8.3,0.0,50,41500,卖盘
490,10:10:46,8.3,0.0,17,14110,卖盘
491,10:10:49,8.3,0.0,52,43160,卖盘
492,10:10:51,8.3,0.0,30,24900,卖盘
493,10:10:55,8.31,0.01,6,4985,买盘
494,10:11:01,8.31,0.0,20,16620,买盘
495,10:11:04,8.3,-0.01,117,97110,卖盘
496,10:11:07,8.3,0.0,86,71380,卖盘
497,10:11:10,8.3,0.0,66,54780,买盘
498,10:11:13,8.31,0.01,125,103804,买盘
499,10:11:22,8.3,-0.01,28,23240,买盘
500,10:11:25,8.29,-0.01,71,58900,卖盘
501,10:11:28,8.29,0.0,63,52289,卖盘
502,10:11:36,8.3,0.01,20,16600,卖盘
503,10:11:40,8.3,0.0,60,49800,卖盘
504,10:12:01,8.3,0.0,35,29050,卖盘
505,10:12:04,8.3,0.0,2,1660,卖盘
506,10:12:13,8.29,-0.01,3,2487,卖盘
507,10:12:22,8.29,0.0,56,46426,卖盘
508,10:12:24,8.29,0.0,178,147562,卖盘
509,10:12:34,8.28,-0.01,4,3312,卖盘
510,10:12:37,8.29,0.01,125,103622,买盘
511,10:12:40,8.28,-0.01,4,3312,卖盘
512,10:12:46,8.28,0.0,181,149868,卖盘
513,10:12:49,8.25,-0.03,893,737333,卖盘
514,10:12:52,8.2,-0.05,1043,856055,卖盘
515,10:12:55,8.2,0.0,13,10660,买盘
516,10:12:58,8.2,0.0,9,7380,买盘
517,10:13:01,8.2,0.0,83,68060,买盘
518,10:13:04,8.2,0.0,35,28678,买盘
519,10:13:07,8.2,0.0,53,43453,买盘
520,10:13:10,8.21,0.01,10,8210,卖盘
521,10:13:13,8.23,0.02,5,4115,买盘
522,10:13:19,8.2,-0.03,17,13948,卖盘
523,10:13:22,8.23,0.03,20,16451,买盘
524,10:13:25,8.21,-0.02,42,34505,卖盘
525,10:13:28,8.23,0.02,5,4115,买盘
526,10:13:31,8.23,0.0,9,7407,买盘
527,10:13:34,8.22,-0.01,30,24660,卖盘
528,10:13:37,8.23,0.01,102,83943,买盘
529,10:13:39,8.23,0.0,12,9875,买盘
530,10:13:43,8.23,0.0,14,11515,买盘
531,10:13:46,8.23,0.0,36,29628,买盘
532,10:13:49,8.23,0.0,9,7407,买盘
533,10:13:52,8.24,0.01,5,4120,中性盘
534,10:13:55,8.24,0.0,3,2472,卖盘
535,10:13:58,8.28,0.04,15,12420,买盘
536,10:14:01,8.28,0.0,99,81972,买盘
537,10:14:07,8.28,0.0,2,1656,买盘
538,10:14:09,8.28,0.0,43,35604,买盘
539,10:14:19,8.28,0.0,40,33120,卖盘
540,10:14:22,8.28,0.0,15,12420,卖盘
541,10:14:25,8.28,0.0,4,3312,卖盘
542,10:14:28,8.29,0.01,12,9948,买盘
543,10:14:31,8.29,0.0,98,81242,买盘
544,10:14:34,8.29,0.0,31,25699,买盘
545,10:14:37,8.28,-0.01,12,9941,卖盘
546,10:14:46,8.29,0.01,52,43108,买盘
547,10:15:04,8.29,0.0,15,12435,买盘
548,10:15:07,8.29,0.0,25,20725,买盘
549,10:15:19,8.28,-0.01,200,165600,卖盘
550,10:15:22,8.28,0.0,8,6625,卖盘
551,10:15:28,8.28,0.0,10,8280,卖盘
552,10:15:37,8.28,0.0,3,2484,卖盘
553,10:15:40,8.28,0.0,8,6624,卖盘
554,10:15:49,8.28,0.0,2,1656,卖盘
555,10:15:52,8.28,0.0,42,34776,卖盘
556,10:15:55,8.28,0.0,10,8280,卖盘
557,10:16:01,8.28,0.0,13,10764,卖盘
558,10:16:10,8.28,0.0,26,21528,卖盘
559,10:16:13,8.29,0.01,119,98651,买盘
560,10:16:16,8.29,0.0,23,19067,买盘
561,10:16:40,8.29,0.0,20,16580,卖盘
562,10:16:46,8.29,0.0,2,1658,卖盘
563,10:16:51,8.29,0.0,23,19077,卖盘
564,10:17:00,8.29,0.0,4,3316,卖盘
565,10:17:22,8.29,0.0,79,65491,买盘
566,10:17:25,8.29,0.0,13,10777,买盘
567,10:17:34,8.29,0.0,73,60517,买盘
568,10:17:36,8.29,0.0,136,112625,买盘
569,10:17:49,8.29,0.0,5,4145,买盘
570,10:17:55,8.29,0.0,2,1657,买盘
571,10:18:01,8.28,-0.01,5,4140,卖盘
572,10:18:19,8.28,0.0,50,41400,卖盘
573,10:18:25,8.29,0.01,20,16580,买盘
574,10:18:34,8.28,-0.01,1,828,卖盘
575,10:18:49,8.28,0.0,70,57960,卖盘
576,10:19:19,8.28,0.0,37,30636,卖盘
577,10:19:22,8.28,0.0,2,1656,买盘
578,10:19:34,8.28,0.0,1,828,买盘
579,10:19:49,8.27,-0.01,30,24810,卖盘
580,10:19:55,8.27,0.0,17,14059,卖盘
581,10:20:10,8.27,0.0,14,11578,卖盘
582,10:20:16,8.27,0.0,25,20675,卖盘
583,10:20:25,8.27,0.0,20,16540,卖盘
584,10:20:34,8.28,0.01,6,4966,买盘
585,10:20:37,8.27,-0.01,20,16541,卖盘
586,10:20:40,8.27,0.0,10,8270,卖盘
587,10:20:54,8.27,0.0,92,76084,卖盘
588,10:20:57,8.26,-0.01,5,4130,卖盘
589,10:21:10,8.27,0.01,20,16540,买盘
590,10:21:25,8.26,-0.01,11,9086,卖盘
591,10:21:28,8.26,0.0,30,24780,卖盘
592,10:21:31,8.26,0.0,10,8260,卖盘
593,10:21:37,8.27,0.01,10,8270,买盘
594,10:21:40,8.26,-0.01,34,28084,卖盘
595,10:21:49,8.26,0.0,22,18172,卖盘
596,10:21:52,8.26,0.0,100,82600,卖盘
597,10:21:55,8.27,0.01,15,12395,买盘
598,10:21:58,8.26,-0.01,8,6608,卖盘
599,10:22:13,8.26,0.0,9,7434,卖盘
600,10:22:22,8.26,0.0,30,24780,买盘
601,10:22:24,8.27,0.01,34,28099,买盘
602,10:22:27,8.25,-0.02,200,165001,卖盘
603,10:22:30,8.25,0.0,45,37125,卖盘
604,10:22:46,8.26,0.01,2,1652,卖盘
605,10:22:51,8.25,-0.01,27,22301,卖盘
606,10:22:58,8.27,0.02,45,37215,买盘
607,10:23:01,8.27,0.0,30,24810,卖盘
608,10:23:04,8.27,0.0,4,3308,卖盘
609,10:23:10,8.27,0.0,27,22329,卖盘
610,10:23:13,8.27,0.0,10,8270,买盘
611,10:23:16,8.27,0.0,4,3308,卖盘
612,10:23:18,8.27,0.0,40,33085,卖盘
613,10:23:24,8.27,0.0,5,4135,买盘
614,10:23:43,8.27,0.0,70,57835,买盘
615,10:24:01,8.28,0.01,10,8280,买盘
616,10:24:09,8.27,-0.01,35,28975,卖盘
617,10:24:13,8.27,0.0,4,3308,买盘
618,10:24:19,8.28,0.01,15,12420,买盘
619,10:24:34,8.27,-0.01,19,15713,卖盘
620,10:24:37,8.27,0.0,18,14886,买盘
621,10:24:45,8.27,0.0,3,2481,买盘
622,10:25:07,8.27,0.0,31,25637,买盘
623,10:25:10,8.27,0.0,30,24810,卖盘
624,10:25:31,8.28,0.01,30,24840,买盘
625,10:25:34,8.28,0.0,1,828,买盘
626,10:26:16,8.28,0.0,10,8280,卖盘
627,10:26:25,8.28,0.0,6,4968,卖盘
628,10:26:34,8.28,0.0,1,828,卖盘
629,10:26:37,8.24,-0.04,335,276581,卖盘
630,10:26:58,8.27,0.03,7,5789,卖盘
631,10:27:00,8.28,0.01,41,33942,买盘
632,10:27:04,8.27,-0.01,37,30599,卖盘
633,10:27:19,8.24,-0.03,21,17304,卖盘
634,10:27:28,8.26,0.02,14,11564,买盘
635,10:27:37,8.26,0.0,36,29736,买盘
636,10:27:40,8.24,-0.02,34,28042,卖盘
637,10:27:49,8.26,0.02,11,9086,买盘
638,10:28:04,8.24,-0.02,10,8240,卖盘
639,10:28:07,8.24,0.0,2,1648,卖盘
640,10:28:19,8.24,0.0,92,75833,卖盘
641,10:28:25,8.24,0.0,5,4120,买盘
642,10:28:30,8.25,0.01,10,8250,买盘
643,10:28:37,8.25,0.0,25,20625,买盘
644,10:28:40,8.24,-0.01,3,2472,卖盘
645,10:28:43,8.24,0.0,74,60976,卖盘
646,10:28:49,8.24,0.0,20,16480,买盘
647,10:28:52,8.23,-0.01,4,3292,卖盘
648,10:28:55,8.23,0.0,77,63371,卖盘
649,10:28:58,8.23,0.0,20,16460,卖盘
650,10:29:00,8.24,0.01,10,8240,买盘
651,10:29:07,8.23,-0.01,25,20575,卖盘
652,10:29:10,8.23,0.0,3,2469,卖盘
653,10:29:13,8.23,0.0,20,16460,卖盘
654,10:29:15,8.21,-0.02,139,114328,卖盘
655,10:29:28,8.22,0.01,4,3288,卖盘
656,10:29:31,8.22,0.0,5,4110,卖盘
657,10:29:36,8.22,0.0,81,66593,卖盘
658,10:29:43,8.24,0.02,10,8238,买盘
659,10:29:49,8.22,-0.02,5,4110,卖盘
660,10:29:52,8.22,0.0,44,36168,卖盘
661,10:29:55,8.22,0.0,22,18084,卖盘
662,10:30:01,8.23,0.01,10,8230,买盘
663,10:30:04,8.22,-0.01,10,8220,卖盘
664,10:30:10,8.22,0.0,25,20551,卖盘
665,10:30:12,8.23,0.01,17,13991,买盘
666,10:30:15,8.22,-0.01,10,8220,卖盘
667,10:30:25,8.23,0.01,9,7407,买盘
668,10:30:28,8.23,0.0,5,4115,买盘
669,10:30:31,8.23,0.0,38,31274,买盘
670,10:30:46,8.24,0.01,8,6592,买盘
671,10:30:49,8.24,0.0,10,8240,买盘
672,10:30:51,8.23,-0.01,22,18106,卖盘
673,10:31:01,8.24,0.01,113,93112,买盘
674,10:31:04,8.24,0.0,20,16480,买盘
675,10:31:10,8.24,0.0,20,16480,买盘
676,10:31:13,8.24,0.0,58,47792,买盘
677,10:31:16,8.24,0.0,80,65920,买盘
678,10:31:19,8.24,0.0,4,3296,买盘
679,10:31:43,8.24,0.0,100,82400,卖盘
680,10:31:49,8.27,0.03,3,2481,买盘
681,10:32:10,8.23,-0.04,891,733529,卖盘
682,10:32:13,8.23,0.0,39,32097,买盘
683,10:32:21,8.23,0.0,69,56787,买盘
684,10:32:27,8.23,0.0,1,823,买盘
685,10:32:30,8.23,0.0,2,1646,卖盘
686,10:32:46,8.23,0.0,10,8230,卖盘
687,10:32:49,8.23,0.0,30,24702,卖盘
688,10:32:52,8.23,0.0,8,6584,卖盘
689,10:33:07,8.23,0.0,2,1646,卖盘
690,10:33:13,8.24,0.01,20,16480,买盘
691,10:33:16,8.24,0.0,1,824,卖盘
692,10:33:30,8.24,0.0,17,14008,卖盘
693,10:33:36,8.24,0.0,2,1648,卖盘
694,10:33:45,8.24,0.0,6,4944,卖盘
695,10:33:49,8.25,0.01,5,4125,买盘
696,10:33:55,8.25,0.0,1,825,买盘
697,10:34:13,8.24,-0.01,161,132664,卖盘
698,10:34:28,8.23,-0.01,10,8230,卖盘
699,10:34:46,8.23,0.0,2,1646,卖盘
700,10:34:52,8.23,0.0,92,75716,卖盘
701,10:35:01,8.23,0.0,2,1646,买盘
702,10:35:22,8.23,0.0,502,412646,买盘
703,10:35:28,8.23,0.0,117,96291,买盘
704,10:35:33,8.23,0.0,10,8230,卖盘
705,10:35:37,8.24,0.01,11,9064,买盘
706,10:35:39,8.24,0.0,18,14832,买盘
707,10:35:43,8.24,0.0,1,824,买盘
708,10:35:48,8.2,-0.04,1000,820652,卖盘
709,10:35:58,8.2,0.0,128,104960,卖盘
710,10:36:07,8.2,0.0,6,4920,卖盘
711,10:36:13,8.2,0.0,33,27040,买盘
712,10:36:16,8.23,0.03,2,1643,买盘
713,10:36:18,8.24,0.01,30,24692,买盘
714,10:36:22,8.21,-0.03,22,18062,卖盘
715,10:36:24,8.21,0.0,8,6568,卖盘
716,10:36:34,8.21,0.0,4,3284,卖盘
717,10:36:40,8.24,0.03,36,29660,买盘
718,10:36:43,8.22,-0.02,2,1644,卖盘
719,10:36:58,8.22,0.0,145,119476,卖盘
720,10:37:10,8.22,0.0,15,12330,卖盘
721,10:37:19,8.22,0.0,11,9044,卖盘
722,10:37:25,8.22,0.0,64,52608,卖盘
723,10:37:34,8.22,0.0,29,23838,卖盘
724,10:37:37,8.19,-0.03,287,235573,卖盘
725,10:37:45,8.19,0.0,9,7371,卖盘
726,10:37:48,8.22,0.03,399,326804,中性盘
727,10:37:52,8.24,0.02,1,824,买盘
728,10:37:58,8.18,-0.06,878,718217,卖盘
729,10:38:07,8.21,0.03,1,821,买盘
730,10:38:13,8.19,-0.02,3,2458,卖盘
731,10:38:19,8.2,0.01,60,49200,中性盘
732,10:38:22,8.19,-0.01,8,6552,卖盘
733,10:38:24,8.19,0.0,10,8190,买盘
734,10:38:37,8.2,0.01,10,8200,买盘
735,10:38:40,8.13,-0.07,488,398593,卖盘
736,10:38:43,8.2,0.07,19,15580,买盘
737,10:38:49,8.19,-0.01,58,47542,中性盘
738,10:38:51,8.19,0.0,1,819,卖盘
739,10:39:01,8.16,-0.03,14,11436,卖盘
740,10:39:04,8.16,0.0,2,1632,买盘
741,10:39:06,8.14,-0.02,23,18743,卖盘
742,10:39:13,8.16,0.02,21,17136,买盘
743,10:39:21,8.16,0.0,10,8160,卖盘
744,10:39:43,8.18,0.02,23,18811,买盘
745,10:39:58,8.19,0.01,126,103194,买盘
746,10:40:00,8.19,0.0,3,2457,买盘
747,10:40:06,8.2,0.01,1,820,买盘
748,10:40:10,8.2,0.0,1,820,买盘
749,10:40:13,8.2,0.0,1,820,买盘
750,10:40:16,8.2,0.0,40,32762,买盘
751,10:40:33,8.22,0.02,100,82200,买盘
752,10:40:39,8.2,-0.02,6,4925,卖盘
753,10:40:49,8.21,0.01,4,3284,买盘
754,10:40:51,8.21,0.0,3,2463,买盘
755,10:40:55,8.21,0.0,35,28735,买盘
756,10:41:16,8.24,0.03,44,36256,买盘
757,10:41:31,8.24,0.0,25,20600,买盘
758,10:41:37,8.24,0.0,3,2472,买盘
759,10:41:46,8.22,-0.02,65,53530,卖盘
760,10:41:57,8.22,0.0,7,5754,买盘
761,10:42:01,8.21,-0.01,10,8210,卖盘
762,10:42:10,8.21,0.0,40,32840,卖盘
763,10:42:12,8.21,0.0,2,1642,买盘
764,10:42:25,8.21,0.0,5,4105,买盘
765,10:42:27,8.21,0.0,2,1642,买盘
766,10:42:31,8.2,-0.01,72,59111,卖盘
767,10:42:45,8.25,0.05,16,13200,买盘
768,10:43:04,8.25,0.0,2,1650,卖盘
769,10:43:16,8.25,0.0,7,5775,卖盘
770,10:43:25,8.26,0.01,10,8260,买盘
771,10:43:28,8.25,-0.01,20,16500,卖盘
772,10:43:48,8.25,0.0,10,8250,买盘
773,10:44:01,8.25,0.0,41,33825,买盘
774,10:44:43,8.24,-0.01,1,824,买盘
775,10:45:01,8.2,-0.04,81,66420,卖盘
776,10:45:31,8.2,0.0,7,5740,卖盘
777,10:45:34,8.2,0.0,10,8200,卖盘
778,10:45:40,8.23,0.03,1,823,买盘
779,10:45:46,8.2,-0.03,25,20500,卖盘
780,10:46:00,8.22,0.02,5,4110,买盘
781,10:46:07,8.22,0.0,8,6576,买盘
782,10:46:58,8.23,0.01,1,823,卖盘
783,10:47:04,8.23,0.0,111,91353,买盘
784,10:48:07,8.25,0.02,120,99000,买盘
785,10:48:31,8.24,-0.01,8,6592,卖盘
786,10:48:54,8.25,0.01,100,82500,买盘
787,10:48:58,8.24,-0.01,10,8240,卖盘
788,10:49:06,8.25,0.01,128,105600,买盘
789,10:49:13,8.25,0.0,160,132000,买盘
790,10:49:16,8.25,0.0,29,23925,买盘
791,10:49:24,8.25,0.0,10,8250,买盘
792,10:49:34,8.25,0.0,3,2475,买盘
793,10:49:46,8.25,0.0,11,9075,卖盘
794,10:49:49,8.26,0.01,13,10729,买盘
795,10:50:00,8.26,0.0,87,71862,卖盘
796,10:50:04,8.27,0.01,2,1653,买盘
797,10:50:16,8.28,0.01,50,41400,买盘
798,10:50:18,8.27,-0.01,30,24810,卖盘
799,10:50:27,8.28,0.01,10,8280,买盘
800,10:50:51,8.28,0.0,55,45540,买盘
801,10:50:54,8.28,0.0,83,68724,买盘
802,10:51:01,8.28,0.0,2,1656,卖盘
803,10:51:31,8.29,0.01,5,4145,买盘
804,10:51:34,8.28,-0.01,26,21528,卖盘
805,10:51:40,8.29,0.01,64,53025,买盘
806,10:52:22,8.29,0.0,38,31502,买盘
807,10:52:28,8.28,-0.01,6,4968,卖盘
808,10:52:34,8.28,0.0,37,30636,卖盘
809,10:52:55,8.28,0.0,29,24012,卖盘
810,10:52:58,8.28,0.0,23,19044,卖盘
811,10:53:00,8.28,0.0,50,41400,卖盘
812,10:53:04,8.28,0.0,28,23184,卖盘
813,10:53:13,8.27,-0.01,1,827,卖盘
814,10:53:22,8.28,0.01,20,16560,买盘
815,10:54:04,8.28,0.0,5,4140,买盘
816,10:54:07,8.27,-0.01,6,4962,卖盘
817,10:54:22,8.28,0.01,11,9108,买盘
818,10:54:43,8.28,0.0,6,4968,卖盘
819,10:54:52,8.27,-0.01,20,16717,卖盘
820,10:55:01,8.26,-0.01,246,203141,卖盘
821,10:55:06,8.26,0.0,6,4956,买盘
822,10:56:04,8.26,0.0,50,41300,买盘
823,10:56:07,8.25,-0.01,14,11550,卖盘
824,10:56:21,8.25,0.0,6,4950,买盘
825,10:56:25,8.24,-0.01,157,129386,卖盘
826,10:57:37,8.25,0.01,34,28050,卖盘
827,10:57:57,8.26,0.01,8,6608,买盘
828,10:58:09,8.26,0.0,24,19824,买盘
829,10:58:24,8.23,-0.03,300,247145,卖盘
830,10:58:45,8.26,0.03,10,8260,买盘
831,10:58:51,8.25,-0.01,1,825,卖盘
832,11:00:12,8.26,0.01,10,8260,买盘
833,11:00:33,8.26,0.0,5,4130,买盘
834,11:01:30,8.26,0.0,50,41300,买盘
835,11:01:54,8.26,0.0,173,143055,买盘
836,11:02:06,8.28,0.02,1,828,买盘
837,11:02:43,8.27,-0.01,91,75257,卖盘
838,11:02:48,8.27,0.0,6,4959,买盘
839,11:03:00,8.27,0.0,13,10751,买盘
840,11:03:04,8.26,-0.01,172,142082,卖盘
841,11:03:07,8.26,0.0,26,21479,卖盘
842,11:03:09,8.27,0.01,6,4962,买盘
843,11:03:34,8.27,0.0,96,79392,买盘
844,11:03:36,8.26,-0.01,31,25449,卖盘
845,11:04:31,8.26,0.0,10,8260,买盘
846,11:04:43,8.26,0.0,6,4956,买盘
847,11:05:31,8.26,0.0,4,3461,买盘
848,11:06:28,8.27,0.01,10,8270,买盘
849,11:06:57,8.27,0.0,143,118261,买盘
850,11:07:00,8.27,0.0,20,16540,买盘
851,11:07:31,8.27,0.0,1,827,买盘
852,11:07:37,8.27,0.0,104,86008,买盘
853,11:08:15,8.27,0.0,31,25637,卖盘
854,11:08:58,8.27,0.0,33,27277,买盘
855,11:09:01,8.27,0.0,34,28118,卖盘
856,11:09:24,8.27,0.0,5,4135,卖盘
857,11:09:46,8.27,0.0,10,8270,卖盘
858,11:11:30,8.27,0.0,19,15713,卖盘
859,11:11:43,8.28,0.01,84,69552,买盘
860,11:11:54,8.28,0.0,10,8280,卖盘
861,11:11:57,8.29,0.01,3,2487,买盘
862,11:12:28,8.28,-0.01,3,2484,卖盘
863,11:12:34,8.28,0.0,3,2484,卖盘
864,11:12:37,8.28,0.0,3,2484,中性盘
865,11:12:42,8.28,0.0,3,2484,卖盘
866,11:12:51,8.28,0.0,20,16560,买盘
867,11:13:15,8.28,0.0,5,4140,买盘
868,11:13:25,8.27,-0.01,10,8270,卖盘
869,11:14:04,8.27,0.0,35,28945,卖盘
870,11:14:19,8.27,0.0,150,124050,卖盘
871,11:14:22,8.27,0.0,10,8270,卖盘
872,11:14:25,8.27,0.0,6,4962,卖盘
873,11:14:28,8.27,0.0,31,25637,卖盘
874,11:14:36,8.26,-0.01,67,55342,卖盘
875,11:14:40,8.26,0.0,75,61950,卖盘
876,11:15:13,8.26,0.0,28,23128,卖盘
877,11:16:01,8.26,0.0,23,18998,卖盘
878,11:16:43,8.25,-0.01,74,61050,卖盘
879,11:16:54,8.25,0.0,95,78375,卖盘
880,11:16:57,8.25,0.0,32,26400,卖盘
881,11:17:07,8.24,-0.01,74,60976,卖盘
882,11:17:16,8.24,0.0,18,14832,卖盘
883,11:17:18,8.24,0.0,5,4120,卖盘
884,11:17:51,8.24,0.0,5,4120,卖盘
885,11:18:04,8.24,0.0,64,52736,卖盘
886,11:18:19,8.23,-0.01,209,172007,卖盘
887,11:19:07,8.21,-0.02,1,821,卖盘
888,11:19:12,8.21,0.0,22,18062,卖盘
889,11:19:16,8.23,0.02,50,41150,买盘
890,11:19:22,8.21,-0.02,32,26272,卖盘
891,11:19:34,8.21,0.0,4,3284,卖盘
892,11:20:04,8.22,0.01,14,11508,卖盘
893,11:20:09,8.22,0.0,92,75694,卖盘
894,11:20:12,8.22,0.0,37,30414,卖盘
895,11:20:24,8.22,0.0,3,2466,买盘
896,11:20:30,8.22,0.0,10,8220,买盘
897,11:20:37,8.22,0.0,5,4110,买盘
898,11:20:54,8.23,0.01,10,8230,买盘
899,11:21:09,8.23,0.0,15,12345,买盘
900,11:21:12,8.23,0.0,89,73247,卖盘
901,11:21:57,8.23,0.0,95,78185,卖盘
902,11:22:04,8.25,0.02,17,14025,买盘
903,11:22:12,8.23,-0.02,50,41150,卖盘
904,11:23:51,8.23,0.0,2,1646,卖盘
905,11:24:12,8.25,0.02,10,8250,买盘
906,11:24:57,8.25,0.0,4,3300,买盘
907,11:25:10,8.25,0.0,14,11550,买盘
908,11:25:24,8.27,0.02,10,8270,买盘
909,11:25:52,8.25,-0.02,10,8250,卖盘
910,11:25:55,8.27,0.02,32,26464,买盘
911,11:26:01,8.27,0.0,1,827,卖盘
912,11:26:06,8.27,0.0,1,827,卖盘
913,11:26:12,8.27,0.0,1,827,卖盘
914,11:26:16,8.27,0.0,1,827,卖盘
915,11:26:18,8.27,0.0,1,827,卖盘
916,11:26:21,8.27,0.0,1,827,卖盘
917,11:26:25,8.27,0.0,1,827,卖盘
918,11:26:27,8.27,0.0,1,827,卖盘
919,11:26:34,8.28,0.01,13,10764,买盘
920,11:27:27,8.27,-0.01,6,4962,买盘
921,11:27:40,8.25,-0.02,12,9900,卖盘
922,11:28:30,8.26,0.01,3,2478,卖盘
923,11:28:39,8.27,0.01,11,9097,买盘
924,11:28:57,8.27,0.0,1,827,卖盘
925,11:29:09,8.28,0.01,8,6624,买盘
926,11:29:25,8.28,0.0,22,18216,买盘
927,11:29:40,8.28,0.0,11,9108,卖盘
928,11:29:42,8.29,0.01,40,33123,买盘
929,11:29:54,8.29,0.0,70,58030,买盘
930,13:00:04,8.29,0.0,13,10774,买盘
931,13:00:07,8.29,0.0,71,58832,买盘
932,13:00:48,8.28,-0.01,2,1656,卖盘
933,13:00:57,8.29,0.01,2,1658,买盘
934,13:02:07,8.28,-0.01,10,8280,卖盘
935,13:02:10,8.28,0.0,8,6624,卖盘
936,13:02:16,8.28,0.0,4,3312,卖盘
937,13:02:18,8.28,0.0,1,828,卖盘
938,13:02:57,8.27,-0.01,6,4962,卖盘
939,13:03:10,8.27,0.0,1,827,卖盘
940,13:03:22,8.27,0.0,10,8270,卖盘
941,13:03:27,8.28,0.01,39,32292,买盘
942,13:03:48,8.28,0.0,40,33120,买盘
943,13:04:04,8.28,0.0,14,11592,买盘
944,13:05:15,8.27,-0.01,6,4962,卖盘
945,13:05:30,8.27,0.0,1,827,卖盘
946,13:06:07,8.27,0.0,9,7443,卖盘
947,13:06:21,8.27,0.0,2,1654,卖盘
948,13:06:30,8.27,0.0,11,9097,卖盘
949,13:06:51,8.28,0.01,69,57132,买盘
950,13:07:25,8.27,-0.01,3,2481,卖盘
951,13:08:01,8.27,0.0,22,18194,卖盘
952,13:08:12,8.28,0.01,3,2484,买盘
953,13:08:39,8.27,-0.01,22,18194,卖盘
954,13:08:49,8.27,0.0,28,23156,买盘
955,13:08:54,8.27,0.0,35,28945,买盘
956,13:09:25,8.28,0.01,50,41400,买盘
957,13:10:57,8.27,-0.01,45,37215,卖盘
958,13:11:22,8.27,0.0,36,29772,买盘
959,13:11:25,8.27,0.0,50,41350,买盘
960,13:11:49,8.26,-0.01,70,57820,卖盘
961,13:12:27,8.26,0.0,20,16520,卖盘
962,13:12:31,8.26,0.0,10,8260,卖盘
963,13:12:45,8.26,0.0,14,11564,卖盘
964,13:12:51,8.26,0.0,5,4130,卖盘
965,13:12:55,8.25,-0.01,100,82530,卖盘
966,13:13:13,8.26,0.01,5,4130,买盘
967,13:13:22,8.24,-0.02,100,82419,卖盘
968,13:13:52,8.24,0.0,54,44496,卖盘
969,13:14:16,8.24,0.0,30,24720,买盘
970,13:14:24,8.23,-0.01,16,13168,卖盘
971,13:14:45,8.23,0.0,12,9876,卖盘
972,13:14:54,8.24,0.01,56,46144,买盘
973,13:15:10,8.23,-0.01,15,12345,卖盘
974,13:15:22,8.23,0.0,43,35389,卖盘
975,13:16:07,8.23,0.0,53,43619,卖盘
976,13:16:10,8.23,0.0,16,13168,买盘
977,13:16:30,8.22,-0.01,29,23838,卖盘
978,13:16:37,8.23,0.01,64,52672,买盘
979,13:16:46,8.23,0.0,18,14814,买盘
980,13:16:57,8.2,-0.03,568,466091,卖盘
981,13:17:00,8.2,0.0,3,2460,买盘
982,13:17:12,8.19,-0.01,3,2457,卖盘
983,13:17:31,8.2,0.01,100,82000,买盘
984,13:17:52,8.2,0.0,13,10660,买盘
985,13:17:55,8.2,0.0,175,143435,买盘
986,13:17:58,8.2,0.0,50,41000,买盘
987,13:18:07,8.19,-0.01,201,164619,卖盘
988,13:18:10,8.2,0.01,101,82805,买盘
989,13:18:13,8.2,0.0,70,57400,买盘
990,13:18:16,8.2,0.0,3,2460,卖盘
991,13:18:19,8.2,0.0,1,820,卖盘
992,13:18:43,8.21,0.01,10,8210,卖盘
993,13:18:54,8.23,0.02,2,1646,买盘
994,13:19:28,8.23,0.0,3,2469,买盘
995,13:20:27,8.23,0.0,4,3292,卖盘
996,13:20:45,8.23,0.0,11,9053,卖盘
997,13:21:07,8.23,0.0,5,4115,卖盘
998,13:21:52,8.23,0.0,3,2469,买盘
999,13:22:04,8.23,0.0,4,3292,买盘
1000,13:22:13,8.23,0.0,6,4938,买盘
1001,13:22:16,8.23,0.0,48,39504,买盘
1002,13:22:27,8.21,-0.02,105,86245,卖盘
1003,13:22:36,8.21,0.0,6,4926,买盘
1004,13:22:52,8.22,0.01,139,114219,买盘
1005,13:22:55,8.22,0.0,15,12330,卖盘
1006,13:23:16,8.23,0.01,33,27159,买盘
1007,13:23:22,8.23,0.0,25,20575,买盘
1008,13:23:37,8.22,-0.01,53,43566,卖盘
1009,13:24:01,8.22,0.0,15,12330,卖盘
1010,13:24:18,8.25,0.03,193,158999,买盘
1011,13:24:49,8.28,0.03,50,41400,买盘
1012,13:25:55,8.27,-0.01,3,2481,买盘
1013,13:28:06,8.27,0.0,3,2481,买盘
1014,13:28:42,8.24,-0.03,74,60976,卖盘
1015,13:29:25,8.24,0.0,1,824,卖盘
1016,13:29:39,8.27,0.03,10,8270,买盘
1017,13:29:45,8.24,-0.03,20,16480,卖盘
1018,13:30:10,8.24,0.0,1,824,卖盘
1019,13:32:04,8.24,0.0,14,11536,卖盘
1020,13:32:31,8.25,0.01,2,1650,中性盘
1021,13:32:37,8.25,0.0,24,19800,卖盘
1022,13:32:43,8.25,0.0,12,9900,卖盘
1023,13:32:49,8.25,0.0,8,6600,卖盘
1024,13:32:55,8.25,0.0,250,206250,卖盘
1025,13:33:01,8.25,0.0,234,193050,卖盘
1026,13:33:04,8.25,0.0,59,48675,卖盘
1027,13:33:22,8.26,0.01,73,60298,卖盘
1028,13:33:28,8.26,0.0,9,7434,买盘
1029,13:33:40,8.24,-0.02,5,4120,卖盘
1030,13:33:52,8.25,0.01,25,20625,买盘
1031,13:34:00,8.24,-0.01,20,16489,卖盘
1032,13:34:18,8.24,0.0,40,32960,卖盘
1033,13:34:24,8.24,0.0,10,8240,卖盘
1034,13:34:28,8.24,0.0,8,6592,卖盘
1035,13:34:40,8.23,-0.01,5,4115,卖盘
1036,13:34:43,8.24,0.01,10,8240,买盘
1037,13:34:49,8.23,-0.01,2,1646,卖盘
1038,13:34:57,8.22,-0.01,100,82205,卖盘
1039,13:35:07,8.22,0.0,116,95352,卖盘
1040,13:35:16,8.23,0.01,54,44438,买盘
1041,13:35:19,8.23,0.0,30,24690,卖盘
1042,13:35:22,8.23,0.0,1,823,卖盘
1043,13:35:31,8.23,0.0,1,823,卖盘
1044,13:35:46,8.23,0.0,4,3292,卖盘
1045,13:35:52,8.23,0.0,5,4115,卖盘
1046,13:36:06,8.23,0.0,8,6584,卖盘
1047,13:36:27,8.23,0.0,16,13168,卖盘
1048,13:36:36,8.25,0.02,12,9900,买盘
1049,13:37:25,8.24,-0.01,2,1648,中性盘
1050,13:37:37,8.25,0.01,10,8250,买盘
1051,13:37:43,8.24,-0.01,7,5768,卖盘
1052,13:37:54,8.24,0.0,8,6592,买盘
1053,13:38:10,8.24,0.0,31,25544,卖盘
1054,13:38:22,8.23,-0.01,10,8230,卖盘
1055,13:38:28,8.23,0.0,10,8230,卖盘
1056,13:38:34,8.24,0.01,9,7416,买盘
1057,13:38:39,8.23,-0.01,10,8235,卖盘
1058,13:38:48,8.23,0.0,19,15637,卖盘
1059,13:39:10,8.24,0.01,30,24720,卖盘
1060,13:39:15,8.23,-0.01,15,12345,卖盘
1061,13:39:25,8.23,0.0,60,49380,卖盘
1062,13:39:33,8.23,0.0,69,56787,卖盘
1063,13:39:45,8.2,-0.03,199,163245,卖盘
1064,13:40:22,8.2,0.0,1,820,卖盘
1065,13:40:43,8.2,0.0,19,15581,卖盘
1066,13:41:10,8.2,0.0,78,63960,卖盘
1067,13:41:16,8.19,-0.01,1,819,卖盘
1068,13:41:22,8.19,0.0,10,8190,卖盘
1069,13:41:30,8.19,0.0,3,2457,卖盘
1070,13:41:40,8.2,0.01,60,49200,买盘
1071,13:41:43,8.19,-0.01,24,19656,卖盘
1072,13:41:46,8.19,0.0,25,20475,买盘
1073,13:41:52,8.19,0.0,11,9009,买盘
1074,13:41:58,8.19,0.0,10,8190,买盘
1075,13:42:01,8.19,0.0,8,6552,买盘
1076,13:42:13,8.19,0.0,15,12285,卖盘
1077,13:42:19,8.2,0.01,93,76260,买盘
1078,13:42:25,8.2,0.0,7,5740,卖盘
1079,13:42:30,8.2,0.0,10,8200,卖盘
1080,13:43:22,8.23,0.03,4,3292,买盘
1081,13:43:28,8.23,0.0,2,1646,买盘
1082,13:43:43,8.23,0.0,4,3292,买盘
1083,13:44:01,8.24,0.01,1,824,买盘
1084,13:44:27,8.24,0.0,4,3296,买盘
1085,13:44:33,8.24,0.0,1,824,卖盘
1086,13:44:40,8.24,0.0,1,824,卖盘
1087,13:44:43,8.24,0.0,1,824,卖盘
1088,13:44:46,8.24,0.0,1,824,卖盘
1089,13:44:49,8.24,0.0,1,824,卖盘
1090,13:44:52,8.24,0.0,1,824,卖盘
1091,13:44:55,8.24,0.0,1,824,卖盘
1092,13:44:58,8.24,0.0,7,5768,卖盘
1093,13:45:01,8.24,0.0,1,824,卖盘
1094,13:45:04,8.24,0.0,9,7416,卖盘
1095,13:45:10,8.23,-0.01,2,1646,卖盘
1096,13:45:16,8.24,0.01,10,8239,买盘
1097,13:45:25,8.24,0.0,4,3296,买盘
1098,13:45:46,8.25,0.01,129,106425,买盘
1099,13:46:07,8.27,0.02,13,10751,买盘
1100,13:46:10,8.27,0.0,1,827,卖盘
1101,13:46:13,8.27,0.0,6,4962,卖盘
1102,13:46:16,8.27,0.0,5,4135,卖盘
1103,13:46:19,8.27,0.0,3,2481,卖盘
1104,13:46:22,8.28,0.01,10,8280,买盘
1105,13:46:25,8.28,0.0,32,26471,买盘
1106,13:46:43,8.27,-0.01,20,16540,买盘
1107,13:46:49,8.27,0.0,24,19848,卖盘
1108,13:47:06,8.25,-0.02,14,11550,卖盘
1109,13:47:09,8.27,0.02,10,8270,买盘
1110,13:47:27,8.27,0.0,56,46312,买盘
1111,13:47:31,8.27,0.0,16,13232,买盘
1112,13:47:36,8.27,0.0,1,827,卖盘
1113,13:47:39,8.27,0.0,1,827,卖盘
1114,13:47:42,8.28,0.01,52,43051,买盘
1115,13:47:46,8.27,-0.01,2,1655,卖盘
1116,13:47:52,8.28,0.01,6,4968,卖盘
1117,13:48:00,8.28,0.0,28,23184,卖盘
1118,13:48:09,8.28,0.0,86,71208,卖盘
1119,13:48:12,8.28,0.0,10,8280,卖盘
1120,13:48:25,8.28,0.0,5,4140,卖盘
1121,13:48:28,8.28,0.0,50,41400,卖盘
1122,13:48:49,8.28,0.0,4,3312,卖盘
1123,13:48:58,8.28,0.0,28,23184,卖盘
1124,13:49:13,8.29,0.01,40,33150,买盘
1125,13:49:25,8.29,0.0,10,8290,买盘
1126,13:49:49,8.28,-0.01,2,1656,卖盘
1127,13:50:10,8.28,0.0,104,86112,卖盘
1128,13:50:19,8.28,0.0,50,41400,买盘
1129,13:50:22,8.28,0.0,67,55476,买盘
1130,13:50:28,8.28,0.0,8,6624,卖盘
1131,13:50:46,8.28,0.0,100,82800,卖盘
1132,13:50:49,8.28,0.0,11,9108,卖盘
1133,13:51:22,8.28,0.0,50,41400,卖盘
1134,13:51:39,8.28,0.0,81,67068,卖盘
1135,13:51:57,8.28,0.0,100,82800,卖盘
1136,13:52:07,8.29,0.01,10,8290,买盘
1137,13:52:09,8.28,-0.01,3,2484,卖盘
1138,13:52:24,8.29,0.01,48,39792,买盘
1139,13:52:36,8.29,0.0,88,72952,买盘
1140,13:52:49,8.3,0.01,25,20750,买盘
1141,13:52:55,8.29,-0.01,5,4145,卖盘
1142,13:53:01,8.3,0.01,10,8300,买盘
1143,13:53:06,8.3,0.0,150,124500,买盘
1144,13:53:21,8.3,0.0,50,41500,卖盘
1145,13:53:45,8.29,-0.01,100,82900,卖盘
1146,13:54:28,8.3,0.01,2,1660,买盘
1147,13:54:45,8.3,0.0,37,30710,买盘
1148,13:55:01,8.3,0.0,20,16600,卖盘
1149,13:55:07,8.31,0.01,25,20775,买盘
1150,13:55:28,8.31,0.0,27,22437,买盘
1151,13:55:34,8.31,0.0,3,2493,卖盘
1152,13:55:39,8.31,0.0,50,41550,卖盘
1153,13:55:48,8.32,0.01,156,129792,买盘
1154,13:55:52,8.32,0.0,5,4160,卖盘
1155,13:56:16,8.32,0.0,26,21632,卖盘
1156,13:56:28,8.32,0.0,10,8320,卖盘
1157,13:56:33,8.33,0.01,50,41650,买盘
1158,13:56:42,8.33,0.0,50,41650,卖盘
1159,13:56:46,8.34,0.01,37,30858,买盘
1160,13:56:51,8.35,0.01,50,41750,买盘
1161,13:56:58,8.35,0.0,44,36740,买盘
1162,13:57:01,8.35,0.0,50,41750,卖盘
1163,13:57:04,8.34,-0.01,32,26694,卖盘
1164,13:57:13,8.36,0.02,47,39282,买盘
1165,13:57:16,8.35,-0.01,20,16700,卖盘
1166,13:57:19,8.35,0.0,42,35070,买盘
1167,13:57:28,8.35,0.0,58,48430,买盘
1168,13:57:30,8.35,0.0,10,8350,卖盘
1169,13:57:39,8.35,0.0,82,68470,卖盘
1170,13:57:43,8.36,0.01,15,12540,买盘
1171,13:57:51,8.36,0.0,31,25916,买盘
1172,13:57:55,8.36,0.0,13,10858,买盘
1173,13:57:57,8.35,-0.01,5,4175,卖盘
1174,13:58:04,8.36,0.01,50,41800,买盘
1175,13:58:10,8.35,-0.01,10,8350,卖盘
1176,13:58:16,8.36,0.01,22,18392,买盘
1177,13:58:19,8.35,-0.01,108,90221,卖盘
1178,13:58:25,8.37,0.02,63,52728,买盘
1179,13:58:31,8.36,-0.01,75,62700,卖盘
1180,13:58:36,8.37,0.01,10,8370,买盘
1181,13:58:43,8.38,0.01,209,174935,买盘
1182,13:58:46,8.36,-0.02,29,24244,中性盘
1183,13:58:49,8.38,0.02,200,167600,买盘
1184,13:59:04,8.37,-0.01,18,15060,买盘
1185,13:59:06,8.36,-0.01,23,19231,卖盘
1186,13:59:15,8.37,0.01,195,163215,买盘
1187,13:59:18,8.37,0.0,17,14229,卖盘
1188,13:59:28,8.37,0.0,30,25110,卖盘
1189,13:59:31,8.38,0.01,90,75420,买盘
1190,13:59:37,8.38,0.0,5,4190,卖盘
1191,13:59:40,8.38,0.0,43,36035,卖盘
1192,13:59:43,8.35,-0.03,568,474839,卖盘
1193,13:59:45,8.35,0.0,29,24215,买盘
1194,13:59:49,8.35,0.0,58,48430,买盘
1195,14:00:01,8.35,0.0,86,71810,买盘
1196,14:00:07,8.34,-0.01,279,232958,卖盘
1197,14:00:37,8.36,0.02,2,1672,卖盘
1198,14:00:46,8.36,0.0,1,836,卖盘
1199,14:00:49,8.38,0.02,130,108897,买盘
1200,14:00:55,8.36,-0.02,4,3344,卖盘
1201,14:01:18,8.36,0.0,10,8360,卖盘
1202,14:01:31,8.36,0.0,22,18392,卖盘
1203,14:01:37,8.36,0.0,11,9196,卖盘
1204,14:01:43,8.36,0.0,10,8360,卖盘
1205,14:01:49,8.36,0.0,50,41800,卖盘
1206,14:01:54,8.35,-0.01,198,165330,卖盘
1207,14:02:07,8.35,0.0,314,262176,买盘
1208,14:02:27,8.35,0.0,2,1670,买盘
1209,14:03:06,8.35,0.0,5,4175,卖盘
1210,14:03:13,8.35,0.0,6,5010,卖盘
1211,14:03:19,8.36,0.01,2,1672,买盘
1212,14:03:24,8.35,-0.01,5,4175,卖盘
1213,14:03:33,8.36,0.01,8,6688,买盘
1214,14:03:36,8.35,-0.01,64,53440,卖盘
1215,14:03:46,8.35,0.0,99,82665,买盘
1216,14:03:55,8.35,0.0,139,116065,买盘
1217,14:04:01,8.35,0.0,3,2505,卖盘
1218,14:04:09,8.37,0.02,103,86134,买盘
1219,14:04:12,8.38,0.01,100,83800,买盘
1220,14:04:16,8.37,-0.01,10,8370,卖盘
1221,14:04:19,8.37,0.0,5,4185,卖盘
1222,14:04:28,8.38,0.01,129,108057,买盘
1223,14:04:42,8.37,-0.01,318,266645,卖盘
1224,14:05:04,8.36,-0.01,39,32604,卖盘
1225,14:05:16,8.37,0.01,44,36828,买盘
1226,14:05:19,8.36,-0.01,10,8360,卖盘
1227,14:05:25,8.37,0.01,68,56916,买盘
1228,14:05:43,8.37,0.0,95,79515,买盘
1229,14:06:01,8.4,0.03,500,419685,买盘
1230,14:06:10,8.4,0.0,314,263760,买盘
1231,14:06:22,8.41,0.01,43,36131,买盘
1232,14:06:37,8.41,0.0,10,8410,卖盘
1233,14:06:43,8.42,0.01,6,5052,买盘
1234,14:06:46,8.42,0.0,24,20200,买盘
1235,14:06:49,8.42,0.0,16,13472,卖盘
1236,14:06:55,8.42,0.0,3,2526,买盘
1237,14:06:58,8.42,0.0,13,10946,买盘
1238,14:07:00,8.42,0.0,5,4210,卖盘
1239,14:07:04,8.43,0.01,50,42150,买盘
1240,14:07:10,8.42,-0.01,14,11788,卖盘
1241,14:07:22,8.43,0.01,14,11802,买盘
1242,14:07:25,8.42,-0.01,16,13472,卖盘
1243,14:07:31,8.43,0.01,35,29505,买盘
1244,14:07:37,8.43,0.0,12,10116,卖盘
1245,14:07:42,8.43,0.0,4,3372,卖盘
1246,14:07:45,8.44,0.01,35,29518,买盘
1247,14:07:49,8.43,-0.01,4,3372,卖盘
1248,14:07:57,8.43,0.0,22,18546,买盘
1249,14:08:01,8.43,0.0,24,20232,买盘
1250,14:08:04,8.43,0.0,20,16860,卖盘
1251,14:08:07,8.43,0.0,5,4215,卖盘
1252,14:08:10,8.44,0.01,6,5064,买盘
1253,14:08:13,8.43,-0.01,12,10126,卖盘
1254,14:08:16,8.43,0.0,5,4215,卖盘
1255,14:08:22,8.44,0.01,26,21944,买盘
1256,14:08:25,8.43,-0.01,10,8430,卖盘
1257,14:08:31,8.43,0.0,10,8430,卖盘
1258,14:08:34,8.43,0.0,81,68283,卖盘
1259,14:08:49,8.44,0.01,104,87747,买盘
1260,14:08:58,8.44,0.0,10,8440,买盘
1261,14:09:01,8.44,0.0,5,4220,买盘
1262,14:09:07,8.44,0.0,7,5908,买盘
1263,14:09:22,8.43,-0.01,70,59010,卖盘
1264,14:09:28,8.43,0.0,9,7587,买盘
1265,14:09:31,8.43,0.0,15,12645,买盘
1266,14:09:34,8.43,0.0,15,12645,买盘
1267,14:09:40,8.42,-0.01,3,2526,卖盘
1268,14:09:46,8.42,0.0,4,3368,卖盘
1269,14:09:49,8.42,0.0,239,201438,卖盘
1270,14:09:52,8.43,0.01,95,80085,买盘
1271,14:09:55,8.42,-0.01,20,16840,卖盘
1272,14:10:01,8.42,0.0,2,1684,卖盘
1273,14:10:07,8.42,0.0,300,252600,卖盘
1274,14:10:09,8.42,0.0,2,1684,卖盘
1275,14:10:16,8.42,0.0,49,41258,卖盘
1276,14:10:19,8.4,-0.02,3,2524,卖盘
1277,14:10:28,8.42,0.02,5,4210,买盘
1278,14:10:43,8.38,-0.04,331,277684,卖盘
1279,14:11:06,8.38,0.0,15,12570,卖盘
1280,14:11:10,8.41,0.03,2,1682,买盘
1281,14:11:12,8.38,-0.03,50,41900,卖盘
1282,14:12:01,8.38,0.0,1,838,卖盘
1283,14:12:04,8.38,0.0,20,16760,卖盘
1284,14:12:19,8.38,0.0,39,32682,卖盘
1285,14:13:04,8.38,0.0,43,36034,卖盘
1286,14:13:25,8.38,0.0,2,1676,卖盘
1287,14:13:55,8.38,0.0,10,8380,买盘
1288,14:13:58,8.37,-0.01,5,4185,卖盘
1289,14:14:04,8.38,0.01,10,8380,买盘
1290,14:14:10,8.38,0.0,18,15084,卖盘
1291,14:14:46,8.4,0.02,89,74758,买盘
1292,14:14:49,8.4,0.0,10,8400,卖盘
1293,14:15:07,8.41,0.01,179,150539,买盘
1294,14:15:12,8.4,-0.01,22,18501,卖盘
1295,14:15:25,8.4,0.0,478,401520,买盘
1296,14:15:33,8.4,0.0,6,5040,卖盘
1297,14:15:46,8.41,0.01,4,3364,买盘
1298,14:15:52,8.41,0.0,40,33640,卖盘
1299,14:16:04,8.42,0.01,80,67360,买盘
1300,14:16:22,8.41,-0.01,5,4205,卖盘
1301,14:16:37,8.42,0.01,10,8420,买盘
1302,14:16:46,8.41,-0.01,14,11774,卖盘
1303,14:16:54,8.41,0.0,22,18502,卖盘
1304,14:17:04,8.41,0.0,18,15138,卖盘
1305,14:17:16,8.41,0.0,2,1682,买盘
1306,14:17:24,8.4,-0.01,3,2520,卖盘
1307,14:17:30,8.41,0.01,2,1682,买盘
1308,14:17:34,8.4,-0.01,64,53810,卖盘
1309,14:17:37,8.4,0.0,3,2520,卖盘
1310,14:17:42,8.4,0.0,11,9240,买盘
1311,14:17:46,8.4,0.0,13,10920,买盘
1312,14:17:52,8.4,0.0,39,32760,卖盘
1313,14:17:55,8.4,0.0,54,45360,买盘
1314,14:18:01,8.4,0.0,54,45360,买盘
1315,14:18:12,8.4,0.0,9,7560,买盘
1316,14:18:31,8.41,0.01,178,149698,买盘
1317,14:18:49,8.42,0.01,4,3368,买盘
1318,14:19:04,8.42,0.0,22,18524,卖盘
1319,14:19:06,8.42,0.0,10,8420,卖盘
1320,14:19:15,8.42,0.0,24,20208,卖盘
1321,14:19:24,8.42,0.0,25,21050,买盘
1322,14:19:43,8.42,0.0,10,8420,买盘
1323,14:19:49,8.41,-0.01,1,841,卖盘
1324,14:19:54,8.41,0.0,21,17661,卖盘
1325,14:20:19,8.4,-0.01,7,5880,卖盘
1326,14:20:43,8.41,0.01,3,2523,买盘
1327,14:20:46,8.4,-0.01,40,33600,卖盘
1328,14:20:54,8.4,0.0,65,54600,卖盘
1329,14:20:58,8.41,0.01,10,8410,买盘
1330,14:21:10,8.4,-0.01,56,47082,卖盘
1331,14:21:25,8.41,0.01,28,23548,中性盘
1332,14:21:31,8.41,0.0,46,38686,买盘
1333,14:22:10,8.41,0.0,14,11774,卖盘
1334,14:22:27,8.41,0.0,34,28594,买盘
1335,14:22:37,8.41,0.0,10,8410,卖盘
1336,14:23:25,8.41,0.0,1,841,卖盘
1337,14:23:28,8.42,0.01,80,67339,买盘
1338,14:23:31,8.42,0.0,16,13472,买盘
1339,14:23:33,8.41,-0.01,62,52192,卖盘
1340,14:24:19,8.41,0.0,4,3364,卖盘
1341,14:24:21,8.4,-0.01,500,420044,卖盘
1342,14:24:57,8.42,0.02,89,74938,买盘
1343,14:25:12,8.43,0.01,56,47203,买盘
1344,14:25:36,8.44,0.01,51,43044,买盘
1345,14:25:40,8.45,0.01,79,66713,买盘
1346,14:26:01,8.46,0.01,20,16920,买盘
1347,14:26:04,8.46,0.0,47,39762,买盘
1348,14:26:19,8.47,0.01,40,33880,买盘
1349,14:26:22,8.47,0.0,10,8470,卖盘
1350,14:26:28,8.48,0.01,5,4240,买盘
1351,14:26:30,8.48,0.0,8,6784,买盘
1352,14:26:40,8.48,0.0,25,21200,买盘
1353,14:26:43,8.47,-0.01,48,40675,卖盘
1354,14:26:46,8.48,0.01,41,34742,买盘
1355,14:26:55,8.48,0.0,3,2544,卖盘
1356,14:26:58,8.48,0.0,3,2544,卖盘
1357,14:27:01,8.48,0.0,50,42400,卖盘
1358,14:27:06,8.48,0.0,33,27984,卖盘
1359,14:27:10,8.48,0.0,56,47488,卖盘
1360,14:27:12,8.49,0.01,510,433159,买盘
1361,14:27:16,8.47,-0.02,5,4235,卖盘
1362,14:27:22,8.47,0.0,50,42350,买盘
1363,14:27:28,8.46,-0.01,10,8460,卖盘
1364,14:27:36,8.5,0.04,548,465378,买盘
1365,14:27:43,8.46,-0.04,2,1692,卖盘
1366,14:27:46,8.46,0.0,38,32148,卖盘
1367,14:27:49,8.46,0.0,12,10152,买盘
1368,14:27:55,8.46,0.0,34,28764,买盘
1369,14:27:57,8.46,0.0,1,846,买盘
1370,14:28:22,8.46,0.0,20,16920,买盘
1371,14:28:27,8.46,0.0,10,8460,买盘
1372,14:28:31,8.46,0.0,5,4230,买盘
1373,14:28:57,8.46,0.0,50,42300,买盘
1374,14:29:00,8.46,0.0,4,3384,买盘
1375,14:29:19,8.49,0.03,52,44118,买盘
1376,14:29:55,8.49,0.0,32,27168,买盘
1377,14:30:01,8.47,-0.02,5,4235,卖盘
1378,14:30:04,8.49,0.02,6,5094,买盘
1379,14:30:07,8.49,0.0,2,1698,卖盘
1380,14:30:16,8.49,0.0,10,8490,卖盘
1381,14:30:25,8.5,0.01,146,124091,买盘
1382,14:30:27,8.5,0.0,10,8500,卖盘
1383,14:30:31,8.5,0.0,10,8500,卖盘
1384,14:30:40,8.5,0.0,8,6800,卖盘
1385,14:30:52,8.51,0.01,5,4255,买盘
1386,14:30:55,8.5,-0.01,110,93500,卖盘
1387,14:30:57,8.5,0.0,204,173400,卖盘
1388,14:31:00,8.5,0.0,11,9350,卖盘
1389,14:31:07,8.5,0.0,170,144500,卖盘
1390,14:31:10,8.5,0.0,189,160650,卖盘
1391,14:31:25,8.48,-0.02,10,8480,卖盘
1392,14:31:27,8.5,0.02,39,33135,买盘
1393,14:31:31,8.49,-0.01,5,4245,中性盘
1394,14:31:36,8.5,0.01,1,850,买盘
1395,14:31:43,8.47,-0.03,140,118830,卖盘
1396,14:31:58,8.47,0.0,12,10164,卖盘
1397,14:32:04,8.47,0.0,1,847,卖盘
1398,14:32:19,8.47,0.0,11,9317,卖盘
1399,14:32:43,8.48,0.01,110,93280,买盘
1400,14:32:48,8.47,-0.01,83,70301,卖盘
1401,14:33:04,8.47,0.0,37,31339,买盘
1402,14:33:13,8.47,0.0,2,1694,卖盘
1403,14:33:16,8.47,0.0,18,15246,卖盘
1404,14:33:22,8.47,0.0,8,6776,卖盘
1405,14:33:25,8.48,0.01,30,25428,买盘
1406,14:33:33,8.46,-0.02,32,27072,卖盘
1407,14:33:43,8.46,0.0,50,42300,卖盘
1408,14:33:55,8.46,0.0,275,232600,买盘
1409,14:33:57,8.44,-0.02,10,8440,卖盘
1410,14:34:01,8.44,0.0,39,32916,卖盘
1411,14:34:07,8.46,0.02,43,36365,买盘
1412,14:34:10,8.45,-0.01,22,18590,买盘
1413,14:34:16,8.45,0.0,34,28730,卖盘
1414,14:34:21,8.44,-0.01,6,5068,卖盘
1415,14:34:31,8.44,0.0,12,10128,卖盘
1416,14:34:34,8.45,0.01,65,54925,买盘
1417,14:34:37,8.44,-0.01,54,45576,卖盘
1418,14:34:40,8.42,-0.02,40,33692,卖盘
1419,14:34:51,8.45,0.03,45,38013,买盘
1420,14:35:01,8.43,-0.02,10,8430,卖盘
1421,14:35:04,8.43,0.0,30,25290,卖盘
1422,14:35:06,8.42,-0.01,64,53913,卖盘
1423,14:35:10,8.42,0.0,7,5894,买盘
1424,14:35:16,8.41,-0.01,4,3364,卖盘
1425,14:35:19,8.42,0.01,29,24418,买盘
1426,14:35:22,8.41,-0.01,60,50475,卖盘
1427,14:35:37,8.4,-0.01,77,64721,卖盘
1428,14:35:40,8.4,0.0,125,105000,买盘
1429,14:35:51,8.4,0.0,48,40320,买盘
1430,14:35:58,8.41,0.01,7,5887,卖盘
1431,14:36:04,8.41,0.0,2,1682,卖盘
1432,14:36:10,8.42,0.01,15,12630,买盘
1433,14:36:28,8.44,0.02,6,5064,买盘
1434,14:36:46,8.45,0.01,93,78567,买盘
1435,14:37:27,8.45,0.0,98,82795,买盘
1436,14:37:37,8.45,0.0,3,2535,卖盘
1437,14:37:43,8.45,0.0,24,20280,卖盘
1438,14:38:04,8.44,-0.01,10,8440,卖盘
1439,14:38:10,8.45,0.01,19,16055,买盘
1440,14:38:13,8.45,0.0,24,20280,买盘
1441,14:38:25,8.45,0.0,18,15210,卖盘
1442,14:38:27,8.45,0.0,4,3380,卖盘
1443,14:38:37,8.45,0.0,10,8450,卖盘
1444,14:38:46,8.45,0.0,8,6760,卖盘
1445,14:38:55,8.45,0.0,4,3380,卖盘
1446,14:39:07,8.45,0.0,3,2535,卖盘
1447,14:39:28,8.45,0.0,20,16900,卖盘
1448,14:39:49,8.45,0.0,3,2536,卖盘
1449,14:39:54,8.45,0.0,4,3380,卖盘
1450,14:39:57,8.45,0.0,30,25350,卖盘
1451,14:40:04,8.44,-0.01,3,2532,卖盘
1452,14:40:12,8.46,0.02,176,148859,买盘
1453,14:40:18,8.46,0.0,2,1692,卖盘
1454,14:40:28,8.47,0.01,3,2541,买盘
1455,14:40:57,8.47,0.0,7,5929,买盘
1456,14:41:07,8.46,-0.01,5,4230,卖盘
1457,14:41:24,8.46,0.0,1,846,卖盘
1458,14:41:48,8.46,0.0,10,8460,卖盘
1459,14:41:51,8.46,0.0,30,25380,卖盘
1460,14:42:04,8.46,0.0,5,4230,卖盘
1461,14:42:10,8.47,0.01,2,1694,买盘
1462,14:42:22,8.46,-0.01,9,7614,卖盘
1463,14:42:37,8.47,0.01,20,16940,买盘
1464,14:42:43,8.46,-0.01,24,20304,卖盘
1465,14:42:55,8.46,0.0,16,13536,卖盘
1466,14:43:01,8.46,0.0,2,1692,卖盘
1467,14:43:04,8.46,0.0,1,846,买盘
1468,14:43:07,8.46,0.0,9,7614,买盘
1469,14:43:12,8.46,0.0,10,8460,卖盘
1470,14:43:22,8.46,0.0,15,12690,卖盘
1471,14:43:25,8.46,0.0,2,1692,卖盘
1472,14:43:34,8.47,0.01,1,847,买盘
1473,14:43:40,8.46,-0.01,55,46580,卖盘
1474,14:43:46,8.47,0.01,19,16093,买盘
1475,14:43:48,8.47,0.0,10,8470,卖盘
1476,14:43:52,8.48,0.01,123,104296,买盘
1477,14:44:00,8.47,-0.01,23,19481,卖盘
1478,14:44:07,8.48,0.01,1,848,买盘
1479,14:44:10,8.47,-0.01,1,847,买盘
1480,14:44:13,8.49,0.02,143,121332,买盘
1481,14:44:16,8.47,-0.02,12,10162,中性盘
1482,14:44:34,8.48,0.01,1,848,买盘
1483,14:44:49,8.48,0.0,5,4240,买盘
1484,14:45:04,8.48,0.0,66,55968,买盘
1485,14:45:13,8.48,0.0,2,1696,卖盘
1486,14:45:19,8.48,0.0,10,8480,卖盘
1487,14:45:25,8.49,0.01,8,6792,买盘
1488,14:45:31,8.48,-0.01,13,11024,卖盘
1489,14:45:37,8.49,0.01,56,47544,买盘
1490,14:45:43,8.5,0.01,133,112961,买盘
1491,14:46:19,8.49,-0.01,8,6792,买盘
1492,14:46:22,8.49,0.0,3,2547,买盘
1493,14:46:28,8.5,0.01,288,244731,买盘
1494,14:46:37,8.51,0.01,220,187023,买盘
1495,14:46:52,8.49,-0.02,5,4245,买盘
1496,14:47:04,8.5,0.01,121,102850,买盘
1497,14:47:16,8.5,0.0,33,28050,买盘
1498,14:47:24,8.51,0.01,20,17020,买盘
1499,14:47:28,8.5,-0.01,5,4250,卖盘
1500,14:47:31,8.51,0.01,88,74885,买盘
1501,14:47:43,8.51,0.0,195,165945,买盘
1502,14:47:52,8.51,0.0,30,25530,卖盘
1503,14:47:58,8.51,0.0,1,851,卖盘
1504,14:48:04,8.51,0.0,16,13601,买盘
1505,14:48:13,8.51,0.0,1,851,买盘
1506,14:48:15,8.5,-0.01,196,166600,卖盘
1507,14:48:28,8.5,0.0,35,29777,买盘
1508,14:48:31,8.5,0.0,10,8500,卖盘
1509,14:48:40,8.5,0.0,6,5101,卖盘
1510,14:48:48,8.5,0.0,20,17000,卖盘
1511,14:48:52,8.5,0.0,25,21250,卖盘
1512,14:48:54,8.5,0.0,8,6800,卖盘
1513,14:49:07,8.5,0.0,230,195500,卖盘
1514,14:49:10,8.5,0.0,19,16150,卖盘
1515,14:49:13,8.49,-0.01,1,849,卖盘
1516,14:49:25,8.49,0.0,77,65373,卖盘
1517,14:49:28,8.5,0.01,6,5100,买盘
1518,14:49:31,8.49,-0.01,5,4245,卖盘
1519,14:49:34,8.49,0.0,18,15282,卖盘
1520,14:49:45,8.48,-0.01,10,8480,卖盘
1521,14:50:10,8.48,0.0,2,1696,买盘
1522,14:50:13,8.47,-0.01,70,59290,卖盘
1523,14:50:19,8.47,0.0,23,19481,卖盘
1524,14:50:28,8.47,0.0,7,5929,买盘
1525,14:50:31,8.46,-0.01,62,52464,卖盘
1526,14:50:37,8.46,0.0,36,30470,卖盘
1527,14:50:43,8.46,0.0,4,3384,卖盘
1528,14:50:55,8.46,0.0,10,8460,买盘
1529,14:50:58,8.46,0.0,63,53240,买盘
1530,14:51:04,8.45,-0.01,23,19435,卖盘
1531,14:51:07,8.45,0.0,5,4225,卖盘
1532,14:51:10,8.45,0.0,9,7605,卖盘
1533,14:51:22,8.45,0.0,26,21970,卖盘
1534,14:51:28,8.45,0.0,12,10140,卖盘
1535,14:51:46,8.44,-0.01,29,24476,卖盘
1536,14:51:58,8.45,0.01,10,8450,买盘
1537,14:52:18,8.44,-0.01,42,35448,卖盘
1538,14:52:25,8.44,0.0,20,16880,卖盘
1539,14:52:28,8.45,0.01,50,42201,买盘
1540,14:52:46,8.44,-0.01,2,1688,买盘
1541,14:52:49,8.45,0.01,33,27877,买盘
1542,14:52:55,8.45,0.0,9,7605,卖盘
1543,14:52:57,8.46,0.01,80,67680,买盘
1544,14:53:12,8.45,-0.01,98,82825,卖盘
1545,14:53:16,8.47,0.02,111,93937,买盘
1546,14:53:19,8.47,0.0,14,11858,卖盘
1547,14:53:48,8.45,-0.02,139,117625,卖盘
1548,14:54:07,8.44,-0.01,60,50640,卖盘
1549,14:54:10,8.45,0.01,18,15210,买盘
1550,14:54:13,8.43,-0.02,9,7587,卖盘
1551,14:54:16,8.43,0.0,13,10959,卖盘
1552,14:54:22,8.43,0.0,47,39621,卖盘
1553,14:54:30,8.42,-0.01,64,53943,卖盘
1554,14:54:37,8.43,0.01,103,86829,买盘
1555,14:54:43,8.42,-0.01,50,42100,卖盘
1556,14:54:49,8.42,0.0,13,10946,卖盘
1557,14:54:55,8.42,0.0,60,50520,买盘
1558,14:55:01,8.41,-0.01,15,12615,卖盘
1559,14:55:04,8.41,0.0,36,30276,卖盘
1560,14:55:10,8.4,-0.01,300,252000,卖盘
1561,14:55:13,8.4,0.0,159,133560,卖盘
1562,14:55:19,8.4,0.0,26,21840,卖盘
1563,14:55:25,8.42,0.02,216,181786,买盘
1564,14:55:30,8.41,-0.01,60,50504,卖盘
1565,14:55:43,8.42,0.01,10,8420,卖盘
1566,14:55:49,8.42,0.0,15,12630,卖盘
1567,14:55:58,8.42,0.0,5,4210,卖盘
1568,14:56:01,8.43,0.01,49,41307,买盘
1569,14:56:10,8.43,0.0,10,8430,卖盘
1570,14:56:13,8.43,0.0,103,86862,卖盘
1571,14:56:16,8.44,0.01,17,14348,买盘
1572,14:56:25,8.44,0.0,64,54016,卖盘
1573,14:56:34,8.45,0.01,13,10985,买盘
1574,14:56:40,8.44,-0.01,1,844,卖盘
1575,14:56:43,8.44,0.0,59,49846,卖盘
1576,14:56:46,8.44,0.0,11,9284,卖盘
1577,14:57:00,8.44,0.0,24,20250,买盘
1578,14:57:04,8.42,-0.02,15,12631,卖盘
1579,15:00:05,8.43,0.01,914,770502,卖盘
