,time,price,change,volume,amount,type
0,09:25:04,8.02,0.01,10,8020,卖盘
1,09:30:07,8.02,0.0,125,100406,买盘
2,09:30:13,8.01,-0.01,13,10416,卖盘
3,09:30:19,7.95,-0.06,95,75770,卖盘
4,09:30:34,8.02,0.07,1,802,买盘
5,09:30:37,7.96,-0.06,59,46964,卖盘
6,09:30:40,7.97,0.01,52,41395,买盘
7,09:30:49,8.01,0.04,1,801,买盘
8,09:31:05,7.98,-0.03,33,26334,卖盘
9,09:31:10,7.98,0.0,3,2394,买盘
10,09:31:22,8.0,0.02,4,3200,买盘
11,09:31:28,8.0,0.0,50,40000,卖盘
12,09:31:31,8.01,0.01,1,801,买盘
13,09:31:34,8.0,-0.01,37,29603,卖盘
14,09:31:40,8.0,0.0,11,8800,卖盘
15,09:31:49,8.0,0.0,19,15200,买盘
16,09:32:04,8.0,0.0,41,32800,卖盘
17,09:32:07,8.02,0.02,2,1604,买盘
18,09:32:13,8.02,0.0,7,5614,买盘
19,09:32:16,8.02,0.0,23,18446,卖盘
20,09:32:28,8.03,0.01,83,66568,买盘
21,09:32:34,8.02,-0.01,5,4010,卖盘
22,09:32:40,8.02,0.0,20,16040,买盘
23,09:32:49,8.02,0.0,17,13618,买盘
24,09:32:55,8.01,-0.01,11,8821,卖盘
25,09:33:01,8.02,0.01,30,24060,买盘
26,09:33:04,8.01,-0.01,16,12816,卖盘
27,09:33:07,8.01,0.0,52,41652,买盘
28,09:33:13,8.01,0.0,6,4806,买盘
29,09:33:19,8.0,-0.01,44,35234,卖盘
30,09:33:22,8.0,0.0,33,26400,买盘
31,09:33:28,8.0,0.0,2,1600,买盘
32,09:33:37,8.0,0.0,5,4000,买盘
33,09:33:40,7.98,-0.02,22,17556,卖盘
34,09:33:43,8.0,0.02,1,800,买盘
35,09:33:49,8.0,0.0,2,1600,买盘
36,09:33:55,8.0,0.0,1,800,买盘
37,09:34:01,8.0,0.0,3,2400,买盘
38,09:34:04,8.0,0.0,6,4800,买盘
39,09:34:07,8.0,0.0,8,6400,买盘
40,09:34:10,8.0,0.0,14,11190,买盘
41,09:34:12,8.0,0.0,14,11200,买盘
42,09:34:16,7.99,-0.01,60,47940,卖盘
43,09:34:19,7.99,0.0,2,1598,买盘
44,09:34:22,7.99,0.0,3,2397,买盘
45,09:34:34,7.99,0.0,7,5593,买盘
46,09:34:37,7.99,0.0,4,3196,买盘
47,09:34:40,7.99,0.0,13,10387,买盘
48,09:34:45,7.99,0.0,103,82297,买盘
49,09:34:52,7.99,0.0,30,23970,买盘
50,09:34:55,7.98,-0.01,10,7980,卖盘
51,09:34:58,7.99,0.01,5,3995,买盘
52,09:35:01,7.99,0.0,18,14382,买盘
53,09:35:07,8.0,0.01,1,800,买盘
54,09:35:13,8.0,0.0,27,21600,买盘
55,09:35:25,8.0,0.0,6,4800,买盘
56,09:35:31,8.02,0.02,6,4812,买盘
57,09:35:34,8.03,0.01,50,40111,买盘
58,09:35:52,8.03,0.0,1,803,买盘
59,09:36:22,8.02,-0.01,5,4010,买盘
60,09:36:28,8.02,0.0,13,10426,买盘
61,09:36:31,8.02,0.0,7,5614,买盘
62,09:36:34,8.02,0.0,5,4010,买盘
63,09:36:37,8.03,0.01,5,4015,买盘
64,09:36:46,8.03,0.0,108,86724,买盘
65,09:36:52,8.03,0.0,2,1606,买盘
66,09:36:55,8.04,0.01,21,16865,买盘
67,09:37:07,8.04,0.0,6,4824,买盘
68,09:37:13,8.04,0.0,20,16080,买盘
69,09:37:19,8.02,-0.02,94,75429,卖盘
70,09:37:22,8.04,0.02,14,11256,买盘
71,09:37:25,8.05,0.01,14,11272,买盘
72,09:37:37,8.05,0.0,4,3220,买盘
73,09:37:40,8.04,-0.01,14,11248,卖盘
74,09:37:43,8.04,0.0,1,804,买盘
75,09:37:52,8.04,0.0,10,8040,买盘
76,09:38:07,8.04,0.0,1,804,买盘
77,09:38:13,8.05,0.01,20,16085,买盘
78,09:38:31,8.02,-0.03,55,44133,卖盘
79,09:38:49,8.05,0.03,5,4025,买盘
80,09:38:55,8.02,-0.03,197,157994,卖盘
81,09:38:58,8.02,0.0,15,12030,买盘
82,09:39:01,8.02,0.0,8,6416,买盘
83,09:39:04,8.02,0.0,28,22456,买盘
84,09:39:22,8.02,0.0,159,127498,买盘
85,09:39:37,8.05,0.03,1,805,买盘
86,09:39:40,8.02,-0.03,20,16040,卖盘
87,09:39:49,8.05,0.03,1,805,买盘
88,09:40:01,8.05,0.0,11,8855,买盘
89,09:40:10,8.05,0.0,17,13685,买盘
90,09:40:52,8.02,-0.03,4,3208,卖盘
91,09:41:13,8.04,0.02,15,12060,买盘
92,09:41:25,8.04,0.0,1,804,买盘
93,09:41:37,8.04,0.0,1,804,买盘
94,09:42:10,8.05,0.01,300,241449,买盘
95,09:42:49,8.04,-0.01,72,57888,卖盘
96,09:42:55,8.05,0.01,248,199648,买盘
97,09:43:01,8.05,0.0,38,30590,卖盘
98,09:43:05,8.04,-0.01,29,23330,卖盘
99,09:43:28,8.05,0.01,1,805,买盘
100,09:44:04,8.05,0.0,15,12075,买盘
101,09:44:12,8.04,-0.01,10,8040,卖盘
102,09:44:19,8.05,0.01,16,12880,买盘
103,09:44:25,8.05,0.0,14,11270,卖盘
104,09:44:46,8.05,0.0,45,36225,买盘
105,09:45:10,8.05,0.0,1,805,买盘
106,09:45:13,8.04,-0.01,100,80418,卖盘
107,09:45:16,8.05,0.01,8,6440,买盘
108,09:45:34,8.05,0.0,13,10465,买盘
109,09:45:37,8.05,0.0,1,805,买盘
110,09:45:58,8.05,0.0,50,40250,买盘
111,09:46:04,8.05,0.0,29,23345,买盘
112,09:46:16,8.05,0.0,7,5635,卖盘
113,09:46:19,8.05,0.0,3,2415,买盘
114,09:47:07,8.06,0.01,2,1612,买盘
115,09:47:22,8.06,0.0,8,6448,买盘
116,09:47:31,8.06,0.0,120,96720,买盘
117,09:47:36,8.06,0.0,191,153946,买盘
118,09:47:43,8.06,0.0,80,64480,卖盘
119,09:47:48,8.07,0.01,4,3228,买盘
120,09:47:52,8.07,0.0,53,42771,买盘
121,09:47:55,8.07,0.0,3,2421,买盘
122,09:47:58,8.07,0.0,13,10491,买盘
123,09:48:01,8.07,0.0,79,63753,买盘
124,09:48:06,8.07,0.0,9,7263,买盘
125,09:48:10,8.07,0.0,6,4842,买盘
126,09:48:30,8.07,0.0,58,46806,买盘
127,09:48:37,8.07,0.0,20,16140,卖盘
128,09:49:00,8.08,0.01,1,808,买盘
129,09:49:07,8.08,0.0,1,808,买盘
130,09:49:10,8.07,-0.01,37,29859,卖盘
131,09:49:21,8.07,0.0,2,1614,买盘
132,09:49:45,8.07,0.0,4,3228,卖盘
133,09:49:49,8.07,0.0,55,44385,卖盘
134,09:50:06,8.07,0.0,31,25017,卖盘
135,09:50:28,8.07,0.0,62,50034,卖盘
136,09:50:46,8.07,0.0,28,22596,买盘
137,09:50:52,8.07,0.0,1,807,买盘
138,09:51:00,8.06,-0.01,7,5642,卖盘
139,09:51:10,8.07,0.01,126,101682,买盘
140,09:51:40,8.06,-0.01,15,12090,卖盘
141,09:51:55,8.07,0.01,8,6456,买盘
142,09:51:58,8.06,-0.01,10,8060,卖盘
143,09:52:46,8.06,0.0,100,80600,卖盘
144,09:52:52,8.06,0.0,2,1612,卖盘
145,09:52:54,8.06,0.0,2,1612,卖盘
146,09:53:04,8.06,0.0,1,806,买盘
147,09:53:25,8.06,0.0,30,24180,买盘
148,09:53:31,8.06,0.0,17,13702,买盘
149,09:53:34,8.06,0.0,5,4030,卖盘
150,09:53:43,8.06,0.0,3,2418,卖盘
151,09:53:46,8.06,0.0,9,7254,买盘
152,09:54:01,8.05,-0.01,10,8050,卖盘
153,09:54:19,8.05,0.0,20,16100,卖盘
154,09:54:37,8.06,0.01,1,806,买盘
155,09:54:52,8.06,0.0,3,2418,买盘
156,09:54:58,8.07,0.01,164,132326,买盘
157,09:55:22,8.06,-0.01,5,4030,卖盘
158,09:55:40,8.07,0.01,5,4035,买盘
159,09:55:46,8.07,0.0,10,8070,买盘
160,09:56:13,8.05,-0.02,51,41080,卖盘
161,09:56:24,8.07,0.02,1,807,买盘
162,09:56:28,8.05,-0.02,10,8050,卖盘
163,09:56:46,8.05,0.0,10,8050,卖盘
164,09:57:46,8.05,0.0,76,61180,卖盘
165,09:57:52,8.05,0.0,2,1610,买盘
166,09:58:04,8.05,0.0,22,17710,买盘
167,09:58:22,8.06,0.01,83,66814,买盘
168,09:58:31,8.05,-0.01,5,4025,中性盘
169,09:58:49,8.05,0.0,5,4025,买盘
170,09:58:58,8.04,-0.01,10,8046,卖盘
171,09:59:31,8.05,0.01,1,805,卖盘
172,10:00:10,8.06,0.01,6,4836,买盘
173,10:00:13,8.06,0.0,9,7254,买盘
174,10:00:52,8.05,-0.01,3,2415,卖盘
175,10:01:01,8.05,0.0,70,56350,买盘
176,10:01:06,8.05,0.0,46,37030,买盘
177,10:01:19,8.06,0.01,12,9672,买盘
178,10:01:31,8.06,0.0,2,1612,买盘
179,10:01:43,8.06,0.0,76,61256,卖盘
180,10:02:22,8.06,0.0,15,12090,买盘
181,10:02:34,8.06,0.0,4,3224,买盘
182,10:02:43,8.06,0.0,41,33046,买盘
183,10:03:07,8.07,0.01,6,4842,买盘
184,10:03:25,8.07,0.0,3,2421,买盘
185,10:03:31,8.07,0.0,60,48420,买盘
186,10:03:52,8.07,0.0,4,3228,买盘
187,10:04:13,8.07,0.0,25,20175,买盘
188,10:05:01,8.06,-0.01,4,3224,卖盘
189,10:05:37,8.06,0.0,2,1612,卖盘
190,10:05:40,8.06,0.0,5,4030,卖盘
191,10:06:19,8.07,0.01,20,16140,买盘
192,10:06:33,8.07,0.0,1,807,买盘
193,10:06:36,8.06,-0.01,25,20150,卖盘
194,10:07:01,8.05,-0.01,7,5635,卖盘
195,10:07:10,8.05,0.0,25,20125,卖盘
196,10:07:27,8.06,0.01,82,66092,买盘
197,10:07:34,8.06,0.0,20,16120,卖盘
198,10:07:43,8.06,0.0,38,30628,卖盘
199,10:08:16,8.05,-0.01,118,94990,卖盘
200,10:08:19,8.05,0.0,45,36225,买盘
201,10:08:22,8.04,-0.01,19,15276,卖盘
202,10:08:33,8.05,0.01,1,805,买盘
203,10:08:39,8.05,0.0,15,12075,买盘
204,10:09:10,8.04,-0.01,104,83608,卖盘
205,10:09:40,8.03,-0.01,9,7227,卖盘
206,10:10:04,8.03,0.0,10,8030,卖盘
207,10:10:34,8.03,0.0,1,803,买盘
208,10:11:09,8.02,-0.01,2,1604,卖盘
209,10:11:28,8.03,0.01,2,1606,买盘
210,10:12:37,8.0,-0.03,240,192290,卖盘
211,10:12:43,8.0,0.0,52,41600,买盘
212,10:12:46,8.0,0.0,4,3200,买盘
213,10:12:49,8.0,0.0,2,1600,买盘
214,10:12:52,8.0,0.0,40,32000,买盘
215,10:12:55,8.01,0.01,3,2403,中性盘
216,10:13:37,8.01,0.0,6,4806,卖盘
217,10:13:49,8.01,0.0,1,801,卖盘
218,10:14:22,8.01,0.0,30,24030,卖盘
219,10:14:31,8.01,0.0,19,15219,买盘
220,10:14:34,8.01,0.0,1,801,买盘
221,10:14:40,8.01,0.0,4,3204,买盘
222,10:14:46,8.01,0.0,8,6408,买盘
223,10:14:58,8.02,0.01,32,25664,买盘
224,10:15:22,8.02,0.0,5,4010,卖盘
225,10:15:31,8.03,0.01,6,4818,买盘
226,10:15:40,8.03,0.0,10,8030,买盘
227,10:15:46,8.03,0.0,2,1606,买盘
228,10:15:57,8.03,0.0,11,8833,买盘
229,10:16:10,8.03,0.0,50,40150,买盘
230,10:16:13,8.03,0.0,8,6424,买盘
231,10:16:25,8.03,0.0,12,9636,买盘
232,10:16:31,8.03,0.0,37,29711,买盘
233,10:16:52,8.02,-0.01,114,91471,卖盘
234,10:18:25,8.02,0.0,48,38496,卖盘
235,10:19:22,8.02,0.0,1,802,卖盘
236,10:20:13,8.03,0.01,8,6424,买盘
237,10:20:19,8.03,0.0,4,3212,买盘
238,10:20:37,8.03,0.0,10,8030,卖盘
239,10:20:43,8.04,0.01,3,2412,买盘
240,10:20:46,8.03,-0.01,15,12045,卖盘
241,10:21:13,8.03,0.0,14,11242,卖盘
242,10:21:21,8.03,0.0,14,11242,卖盘
243,10:21:25,8.03,0.0,50,40150,买盘
244,10:21:34,8.03,0.0,25,20075,买盘
245,10:22:19,8.02,-0.01,10,8020,卖盘
246,10:22:31,8.02,0.0,34,27268,卖盘
247,10:22:36,8.02,0.0,20,16040,买盘
248,10:23:13,8.02,0.0,1,802,买盘
249,10:23:58,8.02,0.0,27,21654,卖盘
250,10:24:04,8.02,0.0,22,17644,卖盘
251,10:24:13,8.03,0.01,4,3212,买盘
252,10:25:27,8.01,-0.02,6,4806,卖盘
253,10:26:16,8.02,0.01,2,1604,卖盘
254,10:26:48,8.03,0.01,28,22484,买盘
255,10:27:49,8.03,0.0,30,24090,买盘
256,10:28:07,8.03,0.0,1,803,买盘
257,10:28:13,8.03,0.0,1,803,买盘
258,10:28:40,8.03,0.0,4,3212,买盘
259,10:28:46,8.02,-0.01,15,12030,卖盘
260,10:29:30,8.02,0.0,86,68972,卖盘
261,10:30:04,8.02,0.0,20,16040,买盘
262,10:30:07,8.02,0.0,193,154786,买盘
263,10:30:12,8.02,0.0,1,802,买盘
264,10:30:19,8.02,0.0,20,16040,买盘
265,10:30:22,8.01,-0.01,1,801,卖盘
266,10:30:46,8.02,0.01,92,73784,买盘
267,10:30:49,8.01,-0.01,50,40050,卖盘
268,10:30:52,8.02,0.01,5,4010,买盘
269,10:31:07,8.01,-0.01,7,5607,卖盘
270,10:31:28,8.02,0.01,2,1604,买盘
271,10:31:34,8.02,0.0,2,1604,买盘
272,10:31:40,8.02,0.0,77,61754,买盘
273,10:31:43,8.02,0.0,3,2406,买盘
274,10:31:46,8.02,0.0,8,6416,买盘
275,10:31:49,8.02,0.0,5,4010,买盘
276,10:31:52,8.02,0.0,17,13634,买盘
277,10:31:58,8.02,0.0,1,802,买盘
278,10:32:04,8.02,0.0,8,6416,买盘
279,10:32:10,8.02,0.0,3,2406,买盘
280,10:32:19,8.01,-0.01,20,16020,卖盘
281,10:32:46,8.02,0.01,28,22456,买盘
282,10:33:49,8.03,0.01,50,40150,买盘
283,10:34:04,8.03,0.0,1,803,买盘
284,10:34:07,8.03,0.0,119,95557,买盘
285,10:34:40,8.04,0.01,2,1608,买盘
286,10:34:49,8.04,0.0,2,1608,买盘
287,10:35:13,8.04,0.0,10,8040,买盘
288,10:35:25,8.04,0.0,50,40200,买盘
289,10:35:31,8.04,0.0,18,14480,买盘
290,10:35:58,8.05,0.01,30,24150,买盘
291,10:36:34,8.05,0.0,20,16100,卖盘
292,10:37:01,8.05,0.0,16,12880,卖盘
293,10:37:10,8.05,0.0,12,9660,买盘
294,10:38:54,8.04,-0.01,9,7236,卖盘
295,10:39:10,8.04,0.0,206,165685,卖盘
296,10:39:13,8.05,0.01,62,49889,买盘
297,10:39:16,8.06,0.01,136,109554,买盘
298,10:39:36,8.06,0.0,36,29016,买盘
299,10:39:49,8.06,0.0,21,16926,买盘
300,10:40:07,8.07,0.01,4,3228,买盘
301,10:40:12,8.07,0.0,17,13719,买盘
302,10:40:16,8.07,0.0,56,45192,买盘
303,10:40:24,8.07,0.0,9,7263,买盘
304,10:40:46,8.07,0.0,20,16140,买盘
305,10:40:49,8.07,0.0,7,5649,买盘
306,10:40:51,8.07,0.0,12,9684,买盘
307,10:41:04,8.07,0.0,20,16140,买盘
308,10:41:10,8.06,-0.01,28,22560,卖盘
309,10:41:16,8.06,0.0,50,40300,买盘
310,10:41:25,8.07,0.01,43,34687,买盘
311,10:41:49,8.07,0.0,9,7255,卖盘
312,10:41:54,8.08,0.01,185,149474,买盘
313,10:42:22,8.07,-0.01,10,8070,买盘
314,10:42:52,8.07,0.0,50,40350,卖盘
315,10:42:58,8.09,0.02,238,192429,买盘
316,10:43:06,8.08,-0.01,10,8080,卖盘
317,10:43:40,8.08,0.0,22,17776,卖盘
318,10:44:10,8.08,0.0,102,82327,买盘
319,10:44:28,8.07,-0.01,20,16140,卖盘
320,10:44:37,8.07,0.0,23,18561,卖盘
321,10:44:43,8.07,0.0,6,4842,卖盘
322,10:45:10,8.08,0.01,2,1616,买盘
323,10:45:19,8.08,0.0,13,10504,买盘
324,10:45:28,8.08,0.0,57,46056,买盘
325,10:45:52,8.08,0.0,32,25856,买盘
326,10:46:31,8.08,0.0,26,21008,买盘
327,10:47:10,8.08,0.0,14,11312,买盘
328,10:47:48,8.08,0.0,10,8080,买盘
329,10:48:34,8.08,0.0,53,42824,买盘
330,10:48:46,8.08,0.0,68,54944,买盘
331,10:49:07,8.09,0.01,235,190115,买盘
332,10:49:13,8.1,0.01,58,46980,买盘
333,10:49:16,8.09,-0.01,15,12135,卖盘
334,10:49:19,8.1,0.01,10,8100,买盘
335,10:49:21,8.1,0.0,71,57510,买盘
336,10:49:25,8.1,0.0,90,72900,买盘
337,10:49:28,8.1,0.0,14,11340,买盘
338,10:49:31,8.1,0.0,4,3240,买盘
339,10:49:34,8.1,0.0,30,24300,买盘
340,10:49:40,8.1,0.0,61,49410,买盘
341,10:49:43,8.1,0.0,7,5670,买盘
342,10:50:22,8.11,0.01,28,22708,买盘
343,10:50:25,8.1,-0.01,10,8100,卖盘
344,10:50:34,8.09,-0.01,67,54247,卖盘
345,10:50:51,8.09,0.0,20,16180,卖盘
346,10:51:04,8.08,-0.01,4,3234,卖盘
347,10:51:22,8.09,0.01,8,6472,买盘
348,10:51:52,8.08,-0.01,62,50096,卖盘
349,10:52:19,8.07,-0.01,30,24210,卖盘
350,10:52:52,8.06,-0.01,31,24986,卖盘
351,10:53:01,8.06,0.0,19,15314,买盘
352,10:53:19,8.06,0.0,50,40300,卖盘
353,10:53:31,8.06,0.0,10,8060,卖盘
354,10:53:55,8.07,0.01,68,54876,买盘
355,10:54:19,8.1,0.03,249,201585,买盘
356,10:55:31,8.1,0.0,136,110160,买盘
357,10:55:46,8.08,-0.02,1,808,卖盘
358,10:56:18,8.09,0.01,29,23461,买盘
359,10:56:31,8.1,0.01,140,113400,买盘
360,10:56:52,8.1,0.0,28,22680,卖盘
361,10:56:58,8.11,0.01,112,90832,买盘
362,10:57:10,8.11,0.0,50,40550,买盘
363,10:57:25,8.1,-0.01,9,7290,买盘
364,10:57:55,8.1,0.0,50,40500,买盘
365,10:58:06,8.1,0.0,12,9720,买盘
366,10:58:28,8.1,0.0,14,11340,买盘
367,10:58:37,8.1,0.0,9,7290,买盘
368,10:58:46,8.09,-0.01,52,42068,卖盘
369,10:59:10,8.08,-0.01,77,62216,卖盘
370,10:59:13,8.1,0.02,1,810,买盘
371,10:59:34,8.08,-0.02,1,808,卖盘
372,10:59:52,8.08,0.0,17,13736,卖盘
373,11:01:07,8.08,0.0,7,5656,卖盘
374,11:01:13,8.08,0.0,10,8080,买盘
375,11:01:18,8.08,0.0,2,1616,买盘
376,11:01:49,8.09,0.01,49,39632,买盘
377,11:01:55,8.09,0.0,15,12135,卖盘
378,11:02:25,8.1,0.01,5,4050,买盘
379,11:02:28,8.09,-0.01,51,41259,卖盘
380,11:02:58,8.09,0.0,45,36405,卖盘
381,11:03:07,8.07,-0.02,68,55056,卖盘
382,11:03:10,8.07,0.0,4,3228,卖盘
383,11:03:28,8.1,0.03,106,85859,买盘
384,11:04:06,8.13,0.03,252,204626,买盘
385,11:04:19,8.11,-0.02,20,16220,买盘
386,11:04:34,8.13,0.02,242,196746,买盘
387,11:04:45,8.14,0.01,12,9768,买盘
388,11:04:49,8.14,0.0,2,1628,买盘
389,11:04:52,8.14,0.0,5,4070,买盘
390,11:04:55,8.14,0.0,20,16280,卖盘
391,11:05:01,8.15,0.01,30,24450,买盘
392,11:05:07,8.14,-0.01,20,16280,卖盘
393,11:05:10,8.15,0.01,115,93670,买盘
394,11:05:13,8.16,0.01,276,225060,买盘
395,11:05:18,8.17,0.01,13,10621,买盘
396,11:05:31,8.16,-0.01,153,124983,卖盘
397,11:05:37,8.18,0.02,80,65420,买盘
398,11:05:40,8.17,-0.01,10,8170,卖盘
399,11:05:42,8.17,0.0,26,21242,卖盘
400,11:05:46,8.18,0.01,40,32720,买盘
401,11:05:48,8.17,-0.01,2,1634,卖盘
402,11:05:52,8.17,0.0,26,21242,买盘
403,11:05:54,8.17,0.0,2,1634,买盘
404,11:05:58,8.17,0.0,11,8987,买盘
405,11:06:00,8.16,-0.01,13,10609,卖盘
406,11:06:04,8.16,0.0,6,4896,买盘
407,11:06:10,8.15,-0.01,2,1631,卖盘
408,11:06:15,8.16,0.01,12,9792,买盘
409,11:06:18,8.16,0.0,31,25296,买盘
410,11:06:22,8.16,0.0,1,816,卖盘
411,11:06:25,8.15,-0.01,35,28557,卖盘
412,11:06:28,8.14,-0.01,26,21170,卖盘
413,11:06:37,8.14,0.0,70,56980,买盘
414,11:06:40,8.14,0.0,20,16280,买盘
415,11:06:43,8.13,-0.01,6,4878,卖盘
416,11:06:55,8.13,0.0,9,7317,卖盘
417,11:07:04,8.13,0.0,11,8943,买盘
418,11:07:25,8.14,0.01,166,135124,买盘
419,11:07:28,8.14,0.0,218,177452,买盘
420,11:07:33,8.15,0.01,10,8150,买盘
421,11:07:40,8.15,0.0,3,2445,买盘
422,11:07:48,8.15,0.0,17,13855,买盘
423,11:07:54,8.15,0.0,10,8150,卖盘
424,11:08:04,8.15,0.0,30,24450,买盘
425,11:08:16,8.15,0.0,17,13855,买盘
426,11:08:22,8.15,0.0,1,815,买盘
427,11:08:31,8.15,0.0,79,64385,买盘
428,11:08:43,8.15,0.0,3,2445,卖盘
429,11:08:45,8.17,0.02,38,31036,买盘
430,11:08:48,8.15,-0.02,5,4075,卖盘
431,11:08:58,8.15,0.0,8,6520,卖盘
432,11:09:01,8.16,0.01,40,32618,买盘
433,11:09:40,8.14,-0.02,18,14652,买盘
434,11:09:58,8.14,0.0,5,4070,买盘
435,11:10:19,8.15,0.01,5,4075,买盘
436,11:10:25,8.15,0.0,38,30970,买盘
437,11:10:28,8.15,0.0,3,2445,卖盘
438,11:10:30,8.15,0.0,6,4890,卖盘
439,11:10:33,8.15,0.0,1,815,卖盘
440,11:10:40,8.15,0.0,95,77425,卖盘
441,11:10:43,8.15,0.0,5,4075,买盘
442,11:11:30,8.15,0.0,6,4890,买盘
443,11:11:40,8.15,0.0,51,41565,买盘
444,11:11:52,8.15,0.0,7,5705,买盘
445,11:12:07,8.14,-0.01,10,8140,卖盘
446,11:12:19,8.14,0.0,98,79772,卖盘
447,11:12:40,8.14,0.0,54,43956,买盘
448,11:13:07,8.13,-0.01,43,34959,卖盘
449,11:13:19,8.13,0.0,10,8130,卖盘
450,11:13:43,8.14,0.01,24,19517,买盘
451,11:14:27,8.13,-0.01,100,81300,卖盘
452,11:14:37,8.13,0.0,2,1626,卖盘
453,11:14:58,8.12,-0.01,8,6496,卖盘
454,11:15:24,8.11,-0.01,102,82744,卖盘
455,11:15:52,8.08,-0.03,235,190048,卖盘
456,11:16:00,8.08,0.0,26,21008,买盘
457,11:16:03,8.08,0.0,10,8080,买盘
458,11:16:10,8.08,0.0,30,24240,买盘
459,11:16:36,8.08,0.0,160,129400,卖盘
460,11:16:46,8.11,0.03,34,27548,买盘
461,11:17:16,8.1,-0.01,10,8100,卖盘
462,11:17:25,8.06,-0.04,100,80660,卖盘
463,11:17:34,8.1,0.04,9,7290,买盘
464,11:18:01,8.07,-0.03,10,8070,卖盘
465,11:19:10,8.1,0.03,2,1620,买盘
466,11:19:16,8.1,0.0,1,810,买盘
467,11:20:06,8.09,-0.01,20,16180,卖盘
468,11:20:09,8.1,0.01,20,16200,买盘
469,11:20:37,8.1,0.0,5,4050,买盘
470,11:20:45,8.1,0.0,6,4860,买盘
471,11:21:00,8.09,-0.01,6,4854,卖盘
472,11:21:13,8.09,0.0,5,4045,卖盘
473,11:21:16,8.1,0.01,8,6475,买盘
474,11:21:37,8.09,-0.01,7,5663,卖盘
475,11:21:49,8.08,-0.01,6,4848,卖盘
476,11:21:57,8.09,0.01,1,809,买盘
477,11:22:07,8.09,0.0,10,8090,买盘
478,11:22:22,8.08,-0.01,10,8080,卖盘
479,11:22:46,8.09,0.01,1,809,买盘
480,11:23:31,8.09,0.0,13,10517,买盘
481,11:24:19,8.1,0.01,5,4050,买盘
482,11:24:42,8.1,0.0,27,21870,买盘
483,11:25:01,8.09,-0.01,10,8092,卖盘
484,11:25:12,8.11,0.02,36,29196,买盘
485,11:25:25,8.11,0.0,14,11354,买盘
486,11:25:28,8.13,0.02,4,3252,买盘
487,11:26:19,8.13,0.0,90,73170,买盘
488,11:26:22,8.14,0.01,142,115551,买盘
489,11:26:28,8.14,0.0,32,26048,买盘
490,11:26:31,8.15,0.01,70,57050,买盘
491,11:26:40,8.15,0.0,13,10595,买盘
492,11:26:46,8.16,0.01,82,66874,买盘
493,11:26:55,8.17,0.01,206,168245,买盘
494,11:26:58,8.2,0.03,930,761597,买盘
495,11:27:00,8.2,0.0,3,2460,卖盘
496,11:27:04,8.2,0.0,15,12300,卖盘
497,11:27:07,8.2,0.0,1,820,卖盘
498,11:27:10,8.21,0.01,46,37731,买盘
499,11:27:13,8.21,0.0,35,28725,买盘
500,11:27:15,8.2,-0.01,60,49200,卖盘
501,11:27:19,8.19,-0.01,10,8190,买盘
502,11:27:22,8.18,-0.01,6,4908,卖盘
503,11:27:25,8.17,-0.01,43,35166,卖盘
504,11:27:28,8.19,0.02,51,41695,买盘
505,11:27:31,8.17,-0.02,5,4085,中性盘
506,11:27:34,8.16,-0.01,3,2448,卖盘
507,11:27:37,8.16,0.0,11,8976,卖盘
508,11:27:40,8.17,0.01,29,23684,买盘
509,11:27:43,8.16,-0.01,4,3264,卖盘
510,11:27:46,8.18,0.02,100,81779,买盘
511,11:27:52,8.17,-0.01,5,4085,中性盘
512,11:28:10,8.16,-0.01,2,1632,卖盘
513,11:28:16,8.16,0.0,31,25303,卖盘
514,11:28:19,8.16,0.0,40,32640,卖盘
515,11:28:24,8.16,0.0,14,11424,卖盘
516,11:28:31,8.16,0.0,1,816,买盘
517,11:28:39,8.16,0.0,30,24480,买盘
518,11:28:43,8.16,0.0,42,34272,买盘
519,11:28:52,8.17,0.01,5,4085,买盘
520,11:29:16,8.17,0.0,50,40850,买盘
521,11:29:21,8.17,0.0,10,8170,买盘
522,11:29:24,8.2,0.03,85,69593,买盘
523,11:29:54,8.18,-0.02,6,4908,卖盘
524,13:00:05,8.2,0.02,380,311409,买盘
525,13:00:07,8.16,-0.04,140,114864,卖盘
526,13:00:10,8.2,0.04,330,269993,买盘
527,13:00:13,8.18,-0.02,15,12270,卖盘
528,13:00:25,8.18,0.0,80,65440,卖盘
529,13:00:27,8.18,0.0,10,8180,卖盘
530,13:00:31,8.17,-0.01,31,25333,卖盘
531,13:00:33,8.16,-0.01,38,30600,卖盘
532,13:00:37,8.16,0.0,10,8160,买盘
533,13:00:40,8.16,0.0,10,8160,买盘
534,13:01:18,8.14,-0.02,9,7326,卖盘
535,13:01:49,8.14,0.0,35,28475,买盘
536,13:01:54,8.14,0.0,9,7326,买盘
537,13:02:00,8.14,0.0,4,3256,买盘
538,13:02:07,8.14,0.0,60,48840,买盘
539,13:02:16,8.14,0.0,5,4070,买盘
540,13:02:22,8.13,-0.01,60,48780,卖盘
541,13:02:31,8.14,0.01,19,15466,买盘
542,13:03:10,8.13,-0.01,6,4878,卖盘
543,13:03:27,8.14,0.01,6,4884,买盘
544,13:03:45,8.15,0.01,18,14670,买盘
545,13:03:57,8.15,0.0,1,815,买盘
546,13:04:07,8.15,0.0,9,7335,买盘
547,13:04:12,8.2,0.05,312,255926,买盘
548,13:04:19,8.2,0.0,125,102090,卖盘
549,13:04:33,8.15,-0.05,10,8150,卖盘
550,13:04:52,8.19,0.04,100,81805,买盘
551,13:05:43,8.16,-0.03,22,17956,卖盘
552,13:05:57,8.18,0.02,100,81800,买盘
553,13:06:01,8.18,0.0,29,23722,买盘
554,13:06:39,8.17,-0.01,60,49020,买盘
555,13:06:58,8.15,-0.02,53,43212,卖盘
556,13:07:06,8.17,0.02,8,6536,买盘
557,13:07:18,8.18,0.01,209,170874,买盘
558,13:07:57,8.15,-0.03,30,24450,卖盘
559,13:08:04,8.17,0.02,50,40850,买盘
560,13:08:19,8.16,-0.01,14,11424,卖盘
561,13:08:24,8.16,0.0,20,16320,买盘
562,13:08:42,8.16,0.0,4,3264,买盘
563,13:09:01,8.17,0.01,1,817,买盘
564,13:09:24,8.17,0.0,3,2451,买盘
565,13:09:37,8.17,0.0,6,4902,买盘
566,13:09:39,8.16,-0.01,5,4084,卖盘
567,13:09:52,8.17,0.01,3,2451,卖盘
568,13:10:09,8.18,0.01,93,76045,买盘
569,13:10:13,8.18,0.0,4,3272,卖盘
570,13:10:34,8.18,0.0,65,53170,卖盘
571,13:10:36,8.18,0.0,9,7362,卖盘
572,13:10:42,8.18,0.0,66,54003,卖盘
573,13:10:46,8.18,0.0,4,3272,卖盘
574,13:10:48,8.18,0.0,7,5726,买盘
575,13:11:25,8.17,-0.01,5,4085,卖盘
576,13:12:33,8.17,0.0,80,65360,卖盘
577,13:12:42,8.17,0.0,40,32680,卖盘
578,13:12:46,8.17,0.0,21,17157,卖盘
579,13:12:54,8.17,0.0,40,32680,卖盘
580,13:13:01,8.17,0.0,88,71896,买盘
581,13:13:58,8.16,-0.01,10,8160,卖盘
582,13:14:31,8.16,0.0,4,3264,卖盘
583,13:14:33,8.16,0.0,18,14688,卖盘
584,13:14:40,8.16,0.0,24,19584,买盘
585,13:14:43,8.16,0.0,14,11424,卖盘
586,13:15:06,8.17,0.01,8,6536,买盘
587,13:15:13,8.16,-0.01,10,8160,卖盘
588,13:15:40,8.16,0.0,20,16320,卖盘
589,13:15:48,8.17,0.01,58,47386,买盘
590,13:16:04,8.16,-0.01,105,85775,卖盘
591,13:16:07,8.17,0.01,10,8170,买盘
592,13:16:49,8.16,-0.01,25,20400,卖盘
593,13:16:58,8.16,0.0,10,8160,卖盘
594,13:17:49,8.16,0.0,19,15504,卖盘
595,13:19:13,8.16,0.0,8,6528,卖盘
596,13:19:27,8.16,0.0,1,816,买盘
597,13:19:49,8.16,0.0,101,82366,买盘
598,13:20:27,8.16,0.0,5,4080,卖盘
599,13:20:31,8.16,0.0,28,22848,卖盘
600,13:21:42,8.15,-0.01,50,40750,卖盘
601,13:22:01,8.15,0.0,23,18745,卖盘
602,13:22:04,8.15,0.0,2,1630,卖盘
603,13:22:13,8.14,-0.01,166,135201,卖盘
604,13:22:31,8.14,0.0,11,8954,买盘
605,13:22:33,8.14,0.0,37,30118,买盘
606,13:22:46,8.14,0.0,12,9768,买盘
607,13:23:01,8.14,0.0,54,43956,买盘
608,13:24:01,8.13,-0.01,5,4065,卖盘
609,13:24:16,8.13,0.0,1,813,卖盘
610,13:24:21,8.13,0.0,20,16260,卖盘
611,13:24:42,8.13,0.0,10,8130,卖盘
612,13:25:10,8.14,0.01,20,16280,买盘
613,13:25:12,8.14,0.0,5,4070,买盘
614,13:25:46,8.13,-0.01,10,8130,卖盘
615,13:25:49,8.14,0.01,100,81400,买盘
616,13:25:52,8.13,-0.01,73,59349,卖盘
617,13:25:55,8.14,0.01,159,129426,买盘
618,13:26:16,8.15,0.01,5,4075,买盘
619,13:26:18,8.15,0.0,5,4075,买盘
620,13:26:21,8.15,0.0,77,62685,买盘
621,13:26:25,8.15,0.0,2,1630,买盘
622,13:26:52,8.14,-0.01,10,8140,卖盘
623,13:27:18,8.14,0.0,3,2442,买盘
624,13:27:34,8.14,0.0,7,5698,卖盘
625,13:27:52,8.13,-0.01,100,81300,卖盘
626,13:27:58,8.13,0.0,192,156096,卖盘
627,13:28:37,8.13,0.0,26,21138,买盘
628,13:28:58,8.14,0.01,56,45584,买盘
629,13:29:34,8.14,0.0,2,1628,买盘
630,13:29:51,8.14,0.0,6,4884,买盘
631,13:30:31,8.13,-0.01,2,1626,卖盘
632,13:30:49,8.14,0.01,7,5698,买盘
633,13:31:16,8.13,-0.01,3,2439,卖盘
634,13:31:52,8.13,0.0,83,67479,卖盘
635,13:32:13,8.13,0.0,2,1626,卖盘
636,13:33:13,8.14,0.01,12,9757,买盘
637,13:33:16,8.13,-0.01,40,32520,卖盘
638,13:33:18,8.13,0.0,3,2439,卖盘
639,13:34:04,8.14,0.01,109,88726,买盘
640,13:34:19,8.14,0.0,3,2442,卖盘
641,13:34:28,8.14,0.0,2,1628,卖盘
642,13:34:34,8.14,0.0,6,4884,卖盘
643,13:35:07,8.14,0.0,21,17094,卖盘
644,13:35:22,8.1,-0.04,609,494348,卖盘
645,13:35:27,8.1,0.0,1,810,买盘
646,13:35:31,8.1,0.0,90,72900,买盘
647,13:35:34,8.1,0.0,14,11340,卖盘
648,13:35:36,8.09,-0.01,80,64729,卖盘
649,13:36:01,8.09,0.0,200,161814,卖盘
650,13:36:04,8.1,0.01,19,15390,买盘
651,13:36:16,8.09,-0.01,2,1618,卖盘
652,13:36:28,8.09,0.0,25,20225,卖盘
653,13:36:30,8.1,0.01,20,16200,买盘
654,13:36:36,8.1,0.0,1,810,买盘
655,13:36:49,8.1,0.0,12,9720,买盘
656,13:36:55,8.1,0.0,4,3240,买盘
657,13:37:04,8.1,0.0,1,810,买盘
658,13:37:07,8.1,0.0,20,16200,买盘
659,13:37:13,8.09,-0.01,3,2428,卖盘
660,13:37:46,8.1,0.01,90,72900,买盘
661,13:37:51,8.1,0.0,49,39650,买盘
662,13:37:55,8.1,0.0,5,4050,买盘
663,13:37:57,8.1,0.0,10,8100,买盘
664,13:38:19,8.1,0.0,32,25920,买盘
665,13:38:28,8.1,0.0,11,8910,买盘
666,13:38:51,8.1,0.0,2,1620,卖盘
667,13:38:58,8.1,0.0,10,8100,卖盘
668,13:39:16,8.1,0.0,15,12150,卖盘
669,13:39:52,8.1,0.0,1,810,卖盘
670,13:40:27,8.11,0.01,3,2433,买盘
671,13:40:43,8.11,0.0,3,2433,卖盘
672,13:41:30,8.11,0.0,79,64069,卖盘
673,13:41:36,8.11,0.0,1,811,卖盘
674,13:41:49,8.11,0.0,2,1622,卖盘
675,13:41:55,8.11,0.0,2,1622,卖盘
676,13:42:16,8.11,0.0,45,36495,卖盘
677,13:42:46,8.11,0.0,10,8110,卖盘
678,13:42:49,8.11,0.0,2,1622,卖盘
679,13:43:34,8.12,0.01,14,11368,买盘
680,13:43:52,8.11,-0.01,3,2433,卖盘
681,13:44:19,8.12,0.01,10,8120,买盘
682,13:44:40,8.11,-0.01,2,1622,卖盘
683,13:44:42,8.12,0.01,10,8120,买盘
684,13:45:28,8.12,0.0,8,6496,买盘
685,13:45:33,8.11,-0.01,3,2433,卖盘
686,13:45:55,8.11,0.0,13,10543,卖盘
687,13:46:46,8.11,0.0,2,1622,卖盘
688,13:46:48,8.11,0.0,11,8921,卖盘
689,13:46:54,8.11,0.0,25,20275,卖盘
690,13:48:01,8.1,-0.01,3,2430,卖盘
691,13:48:13,8.1,0.0,2,1620,卖盘
692,13:48:40,8.1,0.0,55,44550,卖盘
693,13:48:43,8.1,0.0,50,40500,卖盘
694,13:48:52,8.1,0.0,50,40500,卖盘
695,13:49:21,8.1,0.0,9,7290,卖盘
696,13:49:39,8.09,-0.01,27,21868,卖盘
697,13:50:13,8.09,0.0,3,2427,卖盘
698,13:50:22,8.09,0.0,39,31551,卖盘
699,13:50:34,8.1,0.01,3,2430,买盘
700,13:50:37,8.09,-0.01,26,21041,卖盘
701,13:51:25,8.09,0.0,4,3236,卖盘
702,13:51:27,8.09,0.0,20,16180,卖盘
703,13:51:43,8.07,-0.02,310,250527,卖盘
704,13:52:01,8.08,0.01,66,53328,卖盘
705,13:52:07,8.08,0.0,50,40400,买盘
706,13:52:19,8.08,0.0,20,16160,买盘
707,13:52:24,8.08,0.0,1,808,买盘
708,13:52:28,8.08,0.0,22,17776,买盘
709,13:52:31,8.09,0.01,9,7279,买盘
710,13:52:43,8.09,0.0,6,4854,卖盘
711,13:52:52,8.09,0.0,152,122968,买盘
712,13:52:58,8.1,0.01,10,8100,买盘
713,13:53:04,8.1,0.0,11,8910,卖盘
714,13:53:31,8.09,-0.01,2,1618,卖盘
715,13:54:19,8.1,0.01,30,24300,买盘
716,13:54:31,8.09,-0.01,2,1618,卖盘
717,13:55:13,8.1,0.01,5,4050,买盘
718,13:55:25,8.1,0.0,2,1620,卖盘
719,13:55:40,8.1,0.0,1,810,买盘
720,13:56:33,8.1,0.0,5,4050,卖盘
721,13:57:06,8.1,0.0,2,1620,卖盘
722,13:57:40,8.11,0.01,7,5677,买盘
723,13:57:43,8.11,0.0,10,8110,买盘
724,13:57:54,8.1,-0.01,2,1620,卖盘
725,13:58:25,8.11,0.01,10,8110,买盘
726,13:58:27,8.11,0.0,12,9732,买盘
727,13:58:34,8.1,-0.01,42,34020,卖盘
728,13:58:40,8.11,0.01,10,8110,买盘
729,13:58:48,8.1,-0.01,3,2430,卖盘
730,13:58:54,8.11,0.01,13,10543,买盘
731,13:59:04,8.11,0.0,12,9732,买盘
732,13:59:06,8.11,0.0,2,1622,买盘
733,13:59:22,8.11,0.0,4,3244,买盘
734,13:59:46,8.11,0.0,3,2433,卖盘
735,13:59:55,8.11,0.0,1,811,买盘
736,14:00:04,8.11,0.0,2,1622,卖盘
737,14:00:16,8.11,0.0,27,21897,卖盘
738,14:00:46,8.11,0.0,15,12165,买盘
739,14:00:55,8.1,-0.01,2,1620,卖盘
740,14:01:06,8.11,0.01,9,7299,买盘
741,14:01:13,8.11,0.0,5,4055,卖盘
742,14:01:40,8.11,0.0,3,2433,卖盘
743,14:02:25,8.12,0.01,68,55216,买盘
744,14:02:46,8.12,0.0,3,2436,买盘
745,14:03:10,8.11,-0.01,13,10543,卖盘
746,14:03:19,8.11,0.0,4,3244,买盘
747,14:03:22,8.1,-0.01,2,1620,卖盘
748,14:03:28,8.11,0.01,3,2433,中性盘
749,14:03:55,8.12,0.01,42,34084,买盘
750,14:04:22,8.12,0.0,20,16240,买盘
751,14:04:54,8.13,0.01,279,226794,买盘
752,14:04:58,8.13,0.0,24,19512,卖盘
753,14:05:04,8.13,0.0,37,30081,卖盘
754,14:05:10,8.14,0.01,1,814,买盘
755,14:05:16,8.14,0.0,20,16280,买盘
756,14:05:22,8.14,0.0,8,6512,买盘
757,14:05:28,8.14,0.0,13,10582,买盘
758,14:05:45,8.14,0.0,7,5698,买盘
759,14:05:58,8.13,-0.01,3,2439,卖盘
760,14:06:04,8.14,0.01,14,11396,买盘
761,14:06:31,8.14,0.0,188,153032,买盘
762,14:06:58,8.14,0.0,2,1628,卖盘
763,14:07:04,8.15,0.01,21,17115,买盘
764,14:07:13,8.15,0.0,2,1630,买盘
765,14:07:25,8.15,0.0,4,3260,买盘
766,14:07:28,8.15,0.0,9,7335,买盘
767,14:07:31,8.14,-0.01,2,1628,卖盘
768,14:07:34,8.14,0.0,35,28517,卖盘
769,14:07:52,8.14,0.0,2,1628,卖盘
770,14:09:13,8.14,0.0,53,43142,卖盘
771,14:09:16,8.14,0.0,3,2442,卖盘
772,14:09:54,8.14,0.0,2,1628,卖盘
773,14:10:31,8.14,0.0,3,2442,卖盘
774,14:10:51,8.14,0.0,36,29304,卖盘
775,14:10:55,8.13,-0.01,27,21951,卖盘
776,14:11:01,8.14,0.01,10,8140,买盘
777,14:11:13,8.14,0.0,10,8140,买盘
778,14:11:18,8.14,0.0,8,6512,买盘
779,14:11:25,8.13,-0.01,4,3254,卖盘
780,14:11:45,8.14,0.01,13,10582,买盘
781,14:12:04,8.14,0.0,87,70818,卖盘
782,14:12:37,8.13,-0.01,22,17886,卖盘
783,14:12:58,8.13,0.0,28,22783,卖盘
784,14:14:04,8.13,0.0,3,2439,卖盘
785,14:14:25,8.13,0.0,4,3252,卖盘
786,14:14:46,8.13,0.0,2,1626,卖盘
787,14:15:01,8.13,0.0,220,179060,卖盘
788,14:15:07,8.14,0.01,2,1628,买盘
789,14:15:22,8.14,0.0,90,73260,买盘
790,14:15:25,8.14,0.0,4,3256,买盘
791,14:15:27,8.14,0.0,22,17908,买盘
792,14:15:31,8.14,0.0,5,4070,买盘
793,14:15:34,8.14,0.0,63,51282,买盘
794,14:15:40,8.15,0.01,46,37462,买盘
795,14:15:57,8.14,-0.01,2,1628,卖盘
796,14:16:04,8.15,0.01,3,2445,买盘
797,14:16:28,8.15,0.0,8,6520,买盘
798,14:16:46,8.14,-0.01,28,22792,卖盘
799,14:17:09,8.14,0.0,14,11396,卖盘
800,14:17:12,8.14,0.0,1,814,买盘
801,14:17:19,8.14,0.0,11,8954,买盘
802,14:18:01,8.14,0.0,2,1628,卖盘
803,14:18:34,8.15,0.01,20,16300,买盘
804,14:18:40,8.14,-0.01,3,2442,卖盘
805,14:18:55,8.15,0.01,4,3260,买盘
806,14:18:58,8.15,0.0,2,1630,买盘
807,14:19:07,8.15,0.0,1,815,买盘
808,14:19:12,8.15,0.0,2,1630,买盘
809,14:19:22,8.15,0.0,40,32600,买盘
810,14:19:37,8.15,0.0,4,3260,买盘
811,14:19:39,8.14,-0.01,2,1628,卖盘
812,14:19:42,8.15,0.01,9,7335,买盘
813,14:19:48,8.14,-0.01,1,814,卖盘
814,14:19:51,8.15,0.01,4,3260,买盘
815,14:19:54,8.15,0.0,30,24450,买盘
816,14:19:57,8.15,0.0,65,52975,买盘
817,14:20:06,8.16,0.01,4,3264,买盘
818,14:20:46,8.15,-0.01,5,4075,卖盘
819,14:20:52,8.16,0.01,7,5712,买盘
820,14:21:01,8.15,-0.01,20,16300,卖盘
821,14:21:13,8.16,0.01,2,1632,买盘
822,14:21:16,8.15,-0.01,42,34230,卖盘
823,14:21:25,8.14,-0.01,3,2442,卖盘
824,14:21:28,8.15,0.01,3,2445,买盘
825,14:21:37,8.15,0.0,3,2445,买盘
826,14:22:01,8.14,-0.01,174,141636,卖盘
827,14:22:25,8.14,0.0,1,814,卖盘
828,14:22:43,8.14,0.0,7,5698,卖盘
829,14:22:52,8.14,0.0,13,10582,买盘
830,14:23:04,8.14,0.0,20,16280,卖盘
831,14:23:16,8.14,0.0,9,7326,卖盘
832,14:23:21,8.14,0.0,56,45584,卖盘
833,14:23:34,8.14,0.0,6,4884,卖盘
834,14:23:46,8.14,0.0,41,33374,卖盘
835,14:23:48,8.14,0.0,1,814,卖盘
836,14:24:12,8.14,0.0,20,16280,卖盘
837,14:24:22,8.14,0.0,67,54588,卖盘
838,14:24:46,8.14,0.0,5,4070,卖盘
839,14:24:52,8.14,0.0,12,9768,卖盘
840,14:24:55,8.14,0.0,8,6512,买盘
841,14:25:04,8.14,0.0,2,1628,卖盘
842,14:25:19,8.14,0.0,4,3256,买盘
843,14:25:46,8.14,0.0,60,48840,卖盘
844,14:25:52,8.15,0.01,14,11403,买盘
845,14:26:00,8.14,-0.01,2,1628,卖盘
846,14:26:13,8.15,0.01,6,4890,买盘
847,14:26:30,8.17,0.02,419,341980,买盘
848,14:26:40,8.15,-0.02,16,13040,买盘
849,14:26:46,8.15,0.0,48,39120,买盘
850,14:26:49,8.15,0.0,2,1630,买盘
851,14:26:54,8.15,0.0,12,9780,买盘
852,14:26:57,8.15,0.0,10,8150,买盘
853,14:27:01,8.15,0.0,32,26080,买盘
854,14:27:10,8.16,0.01,1,816,买盘
855,14:27:12,8.16,0.0,1,816,买盘
856,14:27:15,8.16,0.0,5,4080,买盘
857,14:27:28,8.17,0.01,42,34314,买盘
858,14:27:43,8.18,0.01,102,83434,买盘
859,14:28:01,8.18,0.0,6,4908,买盘
860,14:28:04,8.17,-0.01,168,137256,卖盘
861,14:28:13,8.18,0.01,50,40885,买盘
862,14:28:16,8.16,-0.02,1,816,卖盘
863,14:28:19,8.16,0.0,1,816,卖盘
864,14:28:25,8.17,0.01,10,8170,买盘
865,14:28:39,8.17,0.0,6,4902,卖盘
866,14:28:49,8.18,0.01,192,157056,买盘
867,14:29:00,8.18,0.0,20,16360,卖盘
868,14:29:16,8.18,0.0,34,27812,卖盘
869,14:29:19,8.18,0.0,4,3272,卖盘
870,14:29:34,8.18,0.0,20,16360,卖盘
871,14:29:43,8.18,0.0,155,126790,卖盘
872,14:29:55,8.19,0.01,1,819,买盘
873,14:29:58,8.19,0.0,6,4914,买盘
874,14:30:01,8.18,-0.01,2,1636,卖盘
875,14:30:07,8.19,0.01,135,110545,买盘
876,14:30:12,8.19,0.0,200,163800,买盘
877,14:30:15,8.19,0.0,42,34398,买盘
878,14:30:19,8.18,-0.01,1,818,卖盘
879,14:30:28,8.19,0.01,74,60606,买盘
880,14:30:40,8.19,0.0,29,23751,卖盘
881,14:30:49,8.2,0.01,13,10652,买盘
882,14:30:52,8.19,-0.01,20,16380,卖盘
883,14:31:01,8.19,0.0,23,18837,卖盘
884,14:31:12,8.19,0.0,9,7371,买盘
885,14:31:18,8.18,-0.01,4,3272,卖盘
886,14:31:28,8.18,0.0,233,190594,卖盘
887,14:31:34,8.17,-0.01,5,4085,卖盘
888,14:31:40,8.17,0.0,24,19608,卖盘
889,14:31:52,8.17,0.0,19,15523,买盘
890,14:32:00,8.16,-0.01,100,81631,卖盘
891,14:32:18,8.16,0.0,6,4896,卖盘
892,14:32:25,8.17,0.01,5,4085,买盘
893,14:32:31,8.16,-0.01,7,5717,卖盘
894,14:32:43,8.17,0.01,20,16340,买盘
895,14:32:49,8.16,-0.01,6,4896,卖盘
896,14:32:55,8.17,0.01,20,16340,买盘
897,14:33:04,8.16,-0.01,4,3264,卖盘
898,14:33:10,8.16,0.0,2,1632,卖盘
899,14:33:37,8.16,0.0,4,3264,卖盘
900,14:34:04,8.16,0.0,13,10618,卖盘
901,14:34:22,8.16,0.0,10,8160,卖盘
902,14:34:33,8.16,0.0,4,3264,卖盘
903,14:34:37,8.16,0.0,3,2448,卖盘
904,14:34:40,8.17,0.01,38,31046,买盘
905,14:35:04,8.17,0.0,4,3268,卖盘
906,14:35:10,8.18,0.01,12,9816,买盘
907,14:35:25,8.18,0.0,97,79346,买盘
908,14:35:34,8.19,0.01,7,5729,买盘
909,14:35:46,8.2,0.01,400,327751,买盘
910,14:35:52,8.2,0.0,1,820,买盘
911,14:35:55,8.2,0.0,61,50020,买盘
912,14:35:58,8.2,0.0,64,52480,买盘
913,14:36:01,8.2,0.0,31,25420,买盘
914,14:36:04,8.2,0.0,27,22140,买盘
915,14:36:07,8.2,0.0,15,12300,卖盘
916,14:36:22,8.2,0.0,50,41000,卖盘
917,14:36:30,8.2,0.0,30,24600,卖盘
918,14:36:37,8.2,0.0,45,36900,卖盘
919,14:36:42,8.2,0.0,24,19680,卖盘
920,14:36:48,8.2,0.0,89,72939,买盘
921,14:36:52,8.2,0.0,20,16400,买盘
922,14:37:10,8.19,-0.01,23,18837,卖盘
923,14:37:18,8.2,0.01,100,82000,买盘
924,14:37:37,8.19,-0.01,3,2457,卖盘
925,14:37:40,8.19,0.0,5,4095,卖盘
926,14:37:58,8.19,0.0,15,12285,卖盘
927,14:38:07,8.19,0.0,21,17199,卖盘
928,14:38:10,8.19,0.0,15,12285,卖盘
929,14:38:13,8.19,0.0,9,7371,卖盘
930,14:38:19,8.19,0.0,20,16380,卖盘
931,14:38:25,8.2,0.01,22,18028,买盘
932,14:38:43,8.2,0.0,7,5740,买盘
933,14:39:10,8.19,-0.01,8,6552,买盘
934,14:39:46,8.18,-0.01,1,818,卖盘
935,14:39:52,8.18,0.0,19,15542,买盘
936,14:40:22,8.18,0.0,9,7362,买盘
937,14:40:28,8.18,0.0,6,4908,买盘
938,14:40:51,8.18,0.0,67,54806,卖盘
939,14:41:12,8.18,0.0,4,3272,卖盘
940,14:41:19,8.18,0.0,7,5726,买盘
941,14:41:22,8.18,0.0,1,818,卖盘
942,14:41:37,8.18,0.0,40,32720,买盘
943,14:41:43,8.18,0.0,1,818,买盘
944,14:41:52,8.18,0.0,118,96524,买盘
945,14:41:54,8.18,0.0,20,16360,卖盘
946,14:42:01,8.18,0.0,20,16360,卖盘
947,14:42:04,8.18,0.0,1,818,买盘
948,14:42:10,8.19,0.01,212,173526,买盘
949,14:42:18,8.18,-0.01,5,4090,卖盘
950,14:42:34,8.18,0.0,50,40900,卖盘
951,14:42:40,8.18,0.0,24,19632,买盘
952,14:42:55,8.18,0.0,3,2454,买盘
953,14:43:01,8.18,0.0,33,26994,买盘
954,14:43:07,8.18,0.0,17,13906,买盘
955,14:43:10,8.18,0.0,1,818,买盘
956,14:43:31,8.17,-0.01,130,106240,卖盘
957,14:43:55,8.17,0.0,11,8987,卖盘
958,14:44:01,8.17,0.0,15,12255,卖盘
959,14:44:04,8.17,0.0,15,12255,卖盘
960,14:44:06,8.17,0.0,50,40850,卖盘
961,14:44:10,8.17,0.0,15,12255,卖盘
962,14:44:16,8.17,0.0,5,4085,卖盘
963,14:44:19,8.17,0.0,12,9804,卖盘
964,14:44:43,8.17,0.0,8,6536,卖盘
965,14:45:19,8.18,0.01,37,30266,买盘
966,14:45:31,8.18,0.0,46,37628,买盘
967,14:45:34,8.17,-0.01,17,13889,卖盘
968,14:45:40,8.18,0.01,130,106340,买盘
969,14:45:49,8.18,0.0,15,12270,卖盘
970,14:46:01,8.18,0.0,7,5726,买盘
971,14:46:04,8.18,0.0,30,24540,卖盘
972,14:46:09,8.18,0.0,30,24540,卖盘
973,14:46:16,8.18,0.0,3,2454,卖盘
974,14:46:18,8.18,0.0,11,8998,卖盘
975,14:46:34,8.19,0.01,4,3276,买盘
976,14:46:37,8.19,0.0,1,819,买盘
977,14:46:40,8.2,0.01,179,146682,买盘
978,14:46:58,8.2,0.0,405,332100,买盘
979,14:47:07,8.2,0.0,12,9840,卖盘
980,14:47:16,8.2,0.0,3,2460,卖盘
981,14:47:19,8.2,0.0,17,13940,卖盘
982,14:47:22,8.2,0.0,9,7380,卖盘
983,14:47:28,8.21,0.01,4,3284,买盘
984,14:47:31,8.2,-0.01,5,4100,卖盘
985,14:47:34,8.2,0.0,17,13940,卖盘
986,14:47:43,8.2,0.0,10,8200,卖盘
987,14:47:55,8.21,0.01,16,13136,买盘
988,14:48:04,8.2,-0.01,10,8200,卖盘
989,14:48:07,8.2,0.0,1,820,卖盘
990,14:48:19,8.2,0.0,1,820,卖盘
991,14:48:40,8.2,0.0,20,16400,买盘
992,14:48:43,8.19,-0.01,24,19658,卖盘
993,14:48:55,8.19,0.0,10,8190,买盘
994,14:49:13,8.19,0.0,23,18837,买盘
995,14:49:19,8.18,-0.01,10,8180,卖盘
996,14:49:22,8.2,0.02,752,616561,买盘
997,14:49:40,8.2,0.0,146,119720,卖盘
998,14:49:45,8.2,0.0,12,9840,买盘
999,14:50:04,8.2,0.0,15,12300,买盘
1000,14:50:10,8.21,0.01,466,382808,买盘
1001,14:50:13,8.22,0.01,26,21362,买盘
1002,14:50:19,8.22,0.0,17,13974,买盘
1003,14:50:22,8.21,-0.01,10,8210,卖盘
1004,14:50:25,8.22,0.01,13,10686,买盘
1005,14:50:34,8.22,0.0,9,7398,买盘
1006,14:50:37,8.22,0.0,19,15613,买盘
1007,14:50:40,8.22,0.0,55,45210,买盘
1008,14:50:42,8.22,0.0,16,13152,卖盘
1009,14:50:48,8.22,0.0,14,11508,卖盘
1010,14:50:55,8.22,0.0,1,822,卖盘
1011,14:50:58,8.23,0.01,7,5761,买盘
1012,14:51:01,8.23,0.0,158,129984,买盘
1013,14:51:07,8.23,0.0,41,33743,卖盘
1014,14:51:10,8.23,0.0,20,16460,卖盘
1015,14:51:13,8.23,0.0,39,32105,卖盘
1016,14:51:25,8.23,0.0,70,57610,卖盘
1017,14:51:31,8.23,0.0,1,823,卖盘
1018,14:51:42,8.23,0.0,1,823,买盘
1019,14:51:55,8.22,-0.01,13,10686,卖盘
1020,14:52:19,8.23,0.01,22,18106,买盘
1021,14:52:21,8.23,0.0,27,22211,买盘
1022,14:52:25,8.22,-0.01,20,16440,卖盘
1023,14:52:31,8.23,0.01,17,13991,买盘
1024,14:52:33,8.22,-0.01,23,18916,卖盘
1025,14:52:40,8.22,0.0,1,822,卖盘
1026,14:52:49,8.22,0.0,34,27948,卖盘
1027,14:52:52,8.22,0.0,10,8220,卖盘
1028,14:52:55,8.22,0.0,18,14796,卖盘
1029,14:53:19,8.22,0.0,55,45175,买盘
1030,14:53:25,8.22,0.0,8,6576,买盘
1031,14:53:28,8.21,-0.01,73,59765,卖盘
1032,14:53:43,8.21,0.0,5,4105,买盘
1033,14:53:58,8.2,-0.01,6,4920,卖盘
1034,14:54:01,8.2,0.0,3,2460,卖盘
1035,14:54:04,8.21,0.01,4,3284,买盘
1036,14:54:10,8.2,-0.01,56,45940,卖盘
1037,14:54:25,8.2,0.0,30,24600,买盘
1038,14:54:28,8.2,0.0,6,4920,买盘
1039,14:54:31,8.2,0.0,20,16400,买盘
1040,14:54:40,8.2,0.0,4,3280,卖盘
1041,14:54:49,8.2,0.0,3,2460,卖盘
1042,14:54:58,8.19,-0.01,10,8190,卖盘
1043,14:55:04,8.2,0.01,36,29520,买盘
1044,14:55:19,8.2,0.0,3,2460,卖盘
1045,14:55:22,8.2,0.0,132,108365,卖盘
1046,14:55:31,8.21,0.01,20,16658,买盘
1047,14:55:40,8.21,0.0,5,4105,卖盘
1048,14:55:43,8.21,0.0,4,3284,卖盘
1049,14:55:46,8.21,0.0,7,5747,卖盘
1050,14:55:49,8.21,0.0,35,28735,卖盘
1051,14:55:55,8.21,0.0,6,4926,卖盘
1052,14:55:58,8.22,0.01,10,8220,买盘
1053,14:56:01,8.21,-0.01,12,9614,卖盘
1054,14:56:10,8.2,-0.01,142,116440,卖盘
1055,14:56:16,8.2,0.0,5,4100,买盘
1056,14:56:28,8.19,-0.01,80,65520,卖盘
1057,14:56:31,8.2,0.01,25,20500,买盘
1058,14:56:46,8.2,0.0,83,68060,买盘
1059,14:56:49,8.19,-0.01,56,45864,卖盘
1060,14:56:55,8.19,0.0,81,66339,买盘
1061,15:00:05,8.2,0.01,474,388680,卖盘
