,time,price,change,volume,amount,type
0,09:25:05,11.71,0.3,632,740072,卖盘
1,09:30:04,11.71,0.0,5,5855,卖盘
2,09:30:07,11.77,0.06,154,180926,买盘
3,09:30:10,11.75,-0.02,59,69391,卖盘
4,09:30:13,11.75,0.0,14,16450,卖盘
5,09:30:16,11.77,0.02,2,2354,买盘
6,09:30:19,11.75,-0.02,137,161093,卖盘
7,09:30:22,11.75,0.0,95,111625,卖盘
8,09:30:25,11.75,0.0,21,24686,卖盘
9,09:30:28,11.76,0.01,111,130635,中性盘
10,09:30:31,11.75,-0.01,58,68153,卖盘
11,09:30:34,11.75,0.0,18,21150,中性盘
12,09:30:37,11.75,0.0,4,4697,中性盘
13,09:30:40,11.77,0.02,21,24717,买盘
14,09:30:43,11.74,-0.03,10,11749,卖盘
15,09:30:46,11.74,0.0,16,18784,买盘
16,09:30:49,11.73,-0.01,8,9384,卖盘
17,09:30:52,11.74,0.01,4,4694,买盘
18,09:30:55,11.73,-0.01,22,25818,卖盘
19,09:30:58,11.74,0.01,81,95079,买盘
20,09:31:01,11.73,-0.01,180,211140,卖盘
21,09:31:04,11.74,0.01,54,63347,中性盘
22,09:31:07,11.73,-0.01,175,205280,卖盘
23,09:31:10,11.74,0.01,70,82123,买盘
24,09:31:13,11.74,0.0,55,64476,买盘
25,09:31:16,11.72,-0.02,12,14075,卖盘
26,09:31:19,11.71,-0.01,68,79677,卖盘
27,09:31:22,11.72,0.01,38,44539,买盘
28,09:31:25,11.72,0.0,71,83145,买盘
29,09:31:28,11.71,-0.01,57,66747,卖盘
30,09:31:34,11.71,0.0,214,250594,卖盘
31,09:31:37,11.72,0.01,66,77349,买盘
32,09:31:40,11.7,-0.02,121,141789,卖盘
33,09:31:43,11.71,0.01,27,31632,中性盘
34,09:31:46,11.71,0.0,6,7026,卖盘
35,09:31:49,11.7,-0.01,67,78514,卖盘
36,09:31:52,11.7,0.0,95,111150,卖盘
37,09:31:55,11.71,0.01,19,22235,买盘
38,09:31:58,11.71,0.0,108,126375,买盘
39,09:32:01,11.7,-0.01,150,175500,卖盘
40,09:32:04,11.7,0.0,323,377916,卖盘
41,09:32:07,11.7,0.0,53,62010,卖盘
42,09:32:10,11.69,-0.01,26,30416,卖盘
43,09:32:13,11.7,0.01,1,1170,买盘
44,09:32:16,11.69,-0.01,5,5845,卖盘
45,09:32:19,11.68,-0.01,46,53758,卖盘
46,09:32:22,11.68,0.0,10,11681,卖盘
47,09:32:25,11.69,0.01,207,241797,买盘
48,09:32:28,11.68,-0.01,5,5840,卖盘
49,09:32:31,11.68,0.0,220,256960,卖盘
50,09:32:34,11.68,0.0,83,96944,卖盘
51,09:32:37,11.68,0.0,32,37376,卖盘
52,09:32:40,11.68,0.0,204,238324,卖盘
53,09:32:46,11.68,0.0,6,7008,买盘
54,09:32:49,11.6,-0.08,10,11600,卖盘
55,09:32:55,11.61,0.01,103,120158,中性盘
56,09:32:58,11.61,0.0,4,4644,卖盘
57,09:33:01,11.68,0.07,74,86364,买盘
58,09:33:04,11.66,-0.02,2,2332,卖盘
59,09:33:07,11.67,0.01,5,5835,买盘
60,09:33:10,11.68,0.01,26,30358,买盘
61,09:33:13,11.67,-0.01,10,11670,卖盘
62,09:33:16,11.67,0.0,16,18672,卖盘
63,09:33:22,11.68,0.01,324,378385,买盘
64,09:33:25,11.67,-0.01,6,6997,中性盘
65,09:33:28,11.67,0.0,6,7002,卖盘
66,09:33:31,11.67,0.0,29,33868,卖盘
67,09:33:34,11.66,-0.01,132,153928,卖盘
68,09:33:37,11.68,0.02,195,227444,买盘
69,09:33:40,11.66,-0.02,11,12826,中性盘
70,09:33:43,11.67,0.01,20,23340,买盘
71,09:33:46,11.67,0.0,112,130704,买盘
72,09:33:49,11.67,0.0,32,37353,卖盘
73,09:33:52,11.67,0.0,15,17505,卖盘
74,09:33:55,11.66,-0.01,38,44308,卖盘
75,09:33:58,11.67,0.01,134,156321,买盘
76,09:34:01,11.68,0.01,141,164570,买盘
77,09:34:07,11.64,-0.04,1,1164,卖盘
78,09:34:10,11.68,0.04,60,70002,买盘
79,09:34:16,11.66,-0.02,1,1166,买盘
80,09:34:19,11.65,-0.01,43,50132,卖盘
81,09:34:25,11.66,0.01,5,5830,买盘
82,09:34:28,11.66,0.0,20,23331,买盘
83,09:34:31,11.67,0.01,209,243894,买盘
84,09:34:34,11.65,-0.02,119,138738,卖盘
85,09:34:37,11.67,0.02,28,32676,中性盘
86,09:34:43,11.67,0.0,35,40845,卖盘
87,09:34:46,11.68,0.01,31,36208,买盘
88,09:34:49,11.68,0.0,78,91104,买盘
89,09:34:52,11.67,-0.01,97,113199,卖盘
90,09:34:58,11.68,0.01,100,116781,买盘
91,09:35:01,11.66,-0.02,16,18670,中性盘
92,09:35:04,11.66,0.0,1,1166,卖盘
93,09:35:07,11.67,0.01,36,42012,买盘
94,09:35:10,11.67,0.0,64,74718,卖盘
95,09:35:13,11.67,0.0,21,24508,卖盘
96,09:35:16,11.67,0.0,6,7002,卖盘
97,09:35:22,11.68,0.01,43,50224,买盘
98,09:35:25,11.68,0.0,32,37376,卖盘
99,09:35:28,11.68,0.0,3,3504,卖盘
100,09:35:31,11.68,0.0,1,1168,卖盘
101,09:35:37,11.68,0.0,132,154276,卖盘
102,09:35:40,11.68,0.0,2,2336,卖盘
103,09:35:43,11.69,0.01,13,15197,买盘
104,09:35:46,11.69,0.0,10,11690,卖盘
105,09:35:49,11.69,0.0,5,5845,卖盘
106,09:35:55,11.69,0.0,18,21042,买盘
107,09:35:58,11.69,0.0,11,12869,中性盘
108,09:36:01,11.68,-0.01,68,79473,卖盘
109,09:36:05,11.69,0.01,24,28056,买盘
110,09:36:07,11.69,0.0,15,17535,卖盘
111,09:36:10,11.7,0.01,104,121680,买盘
112,09:36:13,11.71,0.01,84,98364,买盘
113,09:36:19,11.71,0.0,18,21078,买盘
114,09:36:24,11.7,-0.01,43,50351,卖盘
115,09:36:28,11.71,0.01,4,4684,买盘
116,09:36:31,11.72,0.01,6,7032,卖盘
117,09:36:34,11.73,0.01,13,15249,买盘
118,09:36:37,11.72,-0.01,13,15236,卖盘
119,09:36:40,11.73,0.01,15,17595,中性盘
120,09:36:43,11.72,-0.01,84,98524,卖盘
121,09:36:46,11.7,-0.02,1,1170,卖盘
122,09:36:49,11.72,0.02,46,53910,买盘
123,09:36:55,11.7,-0.02,9,10530,卖盘
124,09:36:58,11.71,0.01,72,84252,买盘
125,09:37:01,11.69,-0.02,16,18719,卖盘
126,09:37:04,11.69,0.0,105,122745,卖盘
127,09:37:07,11.7,0.01,78,91210,买盘
128,09:37:10,11.72,0.02,240,281168,买盘
129,09:37:13,11.7,-0.02,19,22230,卖盘
130,09:37:16,11.7,0.0,97,113490,买盘
131,09:37:19,11.72,0.02,255,298696,买盘
132,09:37:25,11.7,-0.02,6,7020,卖盘
133,09:37:27,11.72,0.02,348,407848,买盘
134,09:37:31,11.72,0.0,106,124190,买盘
135,09:37:34,11.7,-0.02,25,29254,卖盘
136,09:37:37,11.7,0.0,20,23400,卖盘
137,09:37:40,11.71,0.01,25,29290,中性盘
138,09:37:43,11.71,0.0,7,8197,买盘
139,09:37:46,11.7,-0.01,50,58500,卖盘
140,09:37:49,11.71,0.01,38,44488,买盘
141,09:37:58,11.71,0.0,20,23409,买盘
142,09:38:01,11.71,0.0,5,5855,买盘
143,09:38:04,11.68,-0.03,3,3504,卖盘
144,09:38:06,11.68,0.0,14,16352,卖盘
145,09:38:13,11.68,0.0,55,64241,卖盘
146,09:38:22,11.68,0.0,33,38572,卖盘
147,09:38:28,11.7,0.02,17,19876,买盘
148,09:38:34,11.68,-0.02,4,4672,卖盘
149,09:38:37,11.68,0.0,2,2336,卖盘
150,09:38:40,11.71,0.03,149,174479,买盘
151,09:38:46,11.71,0.0,84,98362,买盘
152,09:39:04,11.72,0.01,6,7032,买盘
153,09:39:07,11.72,0.0,56,65598,买盘
154,09:39:10,11.72,0.0,2,2344,卖盘
155,09:39:13,11.73,0.01,38,44524,买盘
156,09:39:16,11.71,-0.02,14,16394,卖盘
157,09:39:31,11.71,0.0,1,1171,卖盘
158,09:39:37,11.71,0.0,128,150140,卖盘
159,09:39:40,11.71,0.0,74,86654,卖盘
160,09:39:46,11.71,0.0,4,4686,卖盘
161,09:39:58,11.71,0.0,114,133494,卖盘
162,09:40:01,11.71,0.0,40,46840,买盘
163,09:40:04,11.71,0.0,9,10539,买盘
164,09:40:10,11.71,0.0,5,5855,卖盘
165,09:40:13,11.71,0.0,2,2342,卖盘
166,09:40:19,11.71,0.0,53,62064,卖盘
167,09:40:22,11.71,0.0,1,1171,卖盘
168,09:40:25,11.71,0.0,14,16394,卖盘
169,09:40:31,11.72,0.01,1,1172,买盘
170,09:40:34,11.71,-0.01,17,19907,卖盘
171,09:40:37,11.73,0.02,40,46888,买盘
172,09:40:40,11.72,-0.01,20,23440,卖盘
173,09:40:43,11.71,-0.01,15,17565,卖盘
174,09:40:46,11.71,0.0,39,45669,卖盘
175,09:40:49,11.73,0.02,260,304756,买盘
176,09:40:52,11.73,0.0,2,2346,卖盘
177,09:40:55,11.73,0.0,13,15249,卖盘
178,09:40:58,11.73,0.0,30,35190,卖盘
179,09:41:00,11.74,0.01,142,166666,买盘
180,09:41:04,11.74,0.0,16,18773,买盘
181,09:41:07,11.73,-0.01,122,143106,卖盘
182,09:41:10,11.73,0.0,29,34017,卖盘
183,09:41:13,11.74,0.01,25,29326,买盘
184,09:41:16,11.73,-0.01,18,21114,卖盘
185,09:41:19,11.72,-0.01,125,146669,卖盘
186,09:41:22,11.75,0.03,142,166738,买盘
187,09:41:25,11.7,-0.05,4,4680,卖盘
188,09:41:28,11.7,0.0,8,9360,卖盘
189,09:41:40,11.71,0.01,46,53866,买盘
190,09:41:43,11.71,0.0,60,70260,卖盘
191,09:41:52,11.71,0.0,1,1171,卖盘
192,09:41:55,11.71,0.0,4,4684,卖盘
193,09:41:58,11.71,0.0,19,22249,卖盘
194,09:42:10,11.71,0.0,80,93680,买盘
195,09:42:13,11.71,0.0,4,4681,买盘
196,09:42:19,11.7,-0.01,22,25740,卖盘
197,09:42:25,11.69,-0.01,3,3507,卖盘
198,09:42:31,11.7,0.01,1114,1301478,买盘
199,09:42:33,11.7,0.0,5,5850,卖盘
200,09:42:39,11.7,0.0,21,24570,卖盘
201,09:42:52,11.68,-0.02,4,4672,卖盘
202,09:42:55,11.68,0.0,200,233600,卖盘
203,09:42:57,11.68,0.0,2,2336,卖盘
204,09:43:01,11.7,0.02,18,21038,买盘
205,09:43:04,11.68,-0.02,20,23360,卖盘
206,09:43:07,11.68,0.0,5,5840,卖盘
207,09:43:13,11.69,0.01,27,31537,中性盘
208,09:43:19,11.68,-0.01,103,120304,卖盘
209,09:43:25,11.68,0.0,40,46720,卖盘
210,09:43:28,11.68,0.0,1,1168,卖盘
211,09:43:31,11.68,0.0,139,162352,卖盘
212,09:43:34,11.68,0.0,54,63072,卖盘
213,09:43:40,11.68,0.0,50,58400,卖盘
214,09:43:43,11.69,0.01,78,91182,买盘
215,09:43:49,11.69,0.0,25,29225,卖盘
216,09:43:55,11.66,-0.03,100,116813,卖盘
217,09:44:10,11.66,0.0,1,1166,卖盘
218,09:44:12,11.67,0.01,7,8169,买盘
219,09:44:16,11.67,0.0,2,2334,买盘
220,09:44:19,11.67,0.0,29,33843,买盘
221,09:44:22,11.68,0.01,11,12848,买盘
222,09:44:31,11.67,-0.01,10,11670,卖盘
223,09:44:43,11.67,0.0,4,4668,卖盘
224,09:44:52,11.67,0.0,1,1167,卖盘
225,09:44:55,11.67,0.0,21,24507,卖盘
226,09:45:04,11.69,0.02,2,2338,买盘
227,09:45:09,11.67,-0.02,1,1167,卖盘
228,09:45:22,11.68,0.01,10,11680,卖盘
229,09:45:28,11.67,-0.01,4,4668,卖盘
230,09:45:46,11.67,0.0,6,7002,卖盘
231,09:46:04,11.67,0.0,35,40845,卖盘
232,09:46:06,11.68,0.01,7,8176,买盘
233,09:46:10,11.68,0.0,3,3504,卖盘
234,09:46:13,11.68,0.0,1,1168,买盘
235,09:46:21,11.68,0.0,10,11680,买盘
236,09:46:24,11.68,0.0,9,10512,买盘
237,09:46:31,11.67,-0.01,100,116700,卖盘
238,09:46:34,11.67,0.0,31,36177,卖盘
239,09:46:37,11.68,0.01,30,35040,买盘
240,09:46:40,11.67,-0.01,2,2334,卖盘
241,09:46:42,11.67,0.0,47,54849,卖盘
242,09:46:46,11.67,0.0,14,16350,卖盘
243,09:46:48,11.68,0.01,83,96944,买盘
244,09:47:01,11.67,-0.01,85,99242,卖盘
245,09:47:04,11.68,0.01,159,185837,中性盘
246,09:47:10,11.68,0.0,4,4672,买盘
247,09:47:13,11.68,0.0,162,189083,卖盘
248,09:47:22,11.68,0.0,5,5840,买盘
249,09:47:24,11.68,0.0,1,1168,买盘
250,09:47:28,11.68,0.0,8,9344,买盘
251,09:47:34,11.68,0.0,45,52560,买盘
252,09:47:37,11.68,0.0,3,3504,买盘
253,09:47:39,11.68,0.0,5,5840,买盘
254,09:47:43,11.68,0.0,119,138992,买盘
255,09:47:46,11.68,0.0,22,25696,卖盘
256,09:47:55,11.68,0.0,1,1168,卖盘
257,09:48:01,11.68,0.0,18,21024,卖盘
258,09:48:06,11.68,0.0,36,42048,卖盘
259,09:48:13,11.68,0.0,50,58400,买盘
260,09:48:16,11.69,0.01,54,63084,买盘
261,09:48:19,11.67,-0.02,1,1167,卖盘
262,09:48:22,11.67,0.0,19,22173,卖盘
263,09:48:31,11.67,0.0,2,2334,卖盘
264,09:48:36,11.67,0.0,16,18672,卖盘
265,09:48:40,11.67,0.0,24,28009,卖盘
266,09:48:43,11.67,0.0,1,1167,卖盘
267,09:48:46,11.67,0.0,1,1167,卖盘
268,09:48:49,11.67,0.0,1,1167,卖盘
269,09:48:51,11.67,0.0,30,35010,卖盘
270,09:48:58,11.66,-0.01,35,40833,卖盘
271,09:49:01,11.66,0.0,39,45474,卖盘
272,09:49:04,11.66,0.0,46,53636,卖盘
273,09:49:13,11.66,0.0,4,4664,卖盘
274,09:49:22,11.66,0.0,22,25652,卖盘
275,09:49:25,11.66,0.0,5,5830,卖盘
276,09:49:28,11.66,0.0,17,19822,卖盘
277,09:49:31,11.66,0.0,83,96778,卖盘
278,09:49:39,11.66,0.0,18,20988,卖盘
279,09:49:45,11.67,0.01,6,7002,买盘
280,09:49:49,11.66,-0.01,21,24486,卖盘
281,09:49:52,11.66,0.0,76,88616,卖盘
282,09:49:58,11.66,0.0,71,82786,卖盘
283,09:50:01,11.66,0.0,18,20988,卖盘
284,09:50:06,11.66,0.0,1,1166,卖盘
285,09:50:10,11.66,0.0,70,81620,卖盘
286,09:50:22,11.65,-0.01,69,80435,卖盘
287,09:50:31,11.65,0.0,4,4660,卖盘
288,09:50:40,11.65,0.0,17,19805,卖盘
289,09:50:49,11.65,0.0,20,23300,卖盘
290,09:50:55,11.65,0.0,4,4660,卖盘
291,09:51:01,11.65,0.0,80,93200,卖盘
292,09:51:04,11.65,0.0,102,118830,卖盘
293,09:51:07,11.65,0.0,3,3495,卖盘
294,09:51:13,11.65,0.0,100,116500,卖盘
295,09:51:16,11.65,0.0,409,476485,卖盘
296,09:51:18,11.66,0.01,47,54802,买盘
297,09:51:22,11.65,-0.01,125,145625,卖盘
298,09:51:34,11.65,0.0,22,25630,卖盘
299,09:51:37,11.66,0.01,25,29150,买盘
300,09:51:40,11.65,-0.01,17,19805,卖盘
301,09:51:43,11.66,0.01,54,62964,买盘
302,09:51:46,11.67,0.01,155,180745,买盘
303,09:51:49,11.67,0.0,54,63018,买盘
304,09:51:52,11.68,0.01,130,151735,买盘
305,09:51:55,11.7,0.02,131,153244,买盘
306,09:51:58,11.7,0.0,45,52650,买盘
307,09:52:01,11.69,-0.01,118,138042,卖盘
308,09:52:04,11.71,0.02,142,166201,买盘
309,09:52:07,11.72,0.01,72,84364,买盘
310,09:52:13,11.72,0.0,1,1172,卖盘
311,09:52:16,11.73,0.01,10,11730,买盘
312,09:52:19,11.72,-0.01,18,21096,卖盘
313,09:52:28,11.72,0.0,7,8204,卖盘
314,09:52:37,11.72,0.0,10,11720,买盘
315,09:52:40,11.7,-0.02,17,19890,卖盘
316,09:52:43,11.72,0.02,2,2342,买盘
317,09:52:49,11.7,-0.02,1,1170,卖盘
318,09:52:52,11.7,0.0,12,14038,买盘
319,09:52:55,11.7,0.0,3,3511,中性盘
320,09:52:58,11.68,-0.02,1,1168,卖盘
321,09:53:01,11.68,0.0,20,23360,卖盘
322,09:53:04,11.67,-0.01,41,47868,卖盘
323,09:53:06,11.67,0.0,44,51358,卖盘
324,09:53:19,11.7,0.03,10,11700,卖盘
325,09:53:22,11.67,-0.03,2,2334,卖盘
326,09:53:28,11.7,0.03,1,1170,买盘
327,09:53:31,11.7,0.0,126,147420,买盘
328,09:53:37,11.7,0.0,13,15210,买盘
329,09:53:40,11.68,-0.02,18,21024,卖盘
330,09:53:42,11.7,0.02,4,4680,买盘
331,09:53:58,11.69,-0.01,40,46760,中性盘
332,09:54:01,11.68,-0.01,21,24528,卖盘
333,09:54:13,11.68,0.0,4,4672,卖盘
334,09:54:16,11.7,0.02,1,1170,买盘
335,09:54:18,11.68,-0.02,18,21024,卖盘
336,09:54:28,11.68,0.0,1,1168,卖盘
337,09:54:31,11.68,0.0,1,1168,卖盘
338,09:54:39,11.69,0.01,18,21025,买盘
339,09:54:43,11.69,0.0,45,52605,买盘
340,09:54:49,11.68,-0.01,1,1168,卖盘
341,09:54:58,11.69,0.01,10,11690,买盘
342,09:55:01,11.68,-0.01,18,21024,卖盘
343,09:55:04,11.69,0.01,17,19873,买盘
344,09:55:06,11.68,-0.01,243,284243,卖盘
345,09:55:10,11.68,0.0,39,45552,卖盘
346,09:55:13,11.68,0.0,4,4672,卖盘
347,09:55:16,11.68,0.0,10,11680,买盘
348,09:55:21,11.68,0.0,18,21032,卖盘
349,09:55:25,11.68,0.0,2,2336,卖盘
350,09:55:31,11.7,0.02,12,14040,卖盘
351,09:55:43,11.68,-0.02,23,26872,卖盘
352,09:55:46,11.7,0.02,10,11700,买盘
353,09:55:48,11.7,0.0,1,1170,卖盘
354,09:55:52,11.7,0.0,1,1170,卖盘
355,09:56:01,11.7,0.0,42,49164,卖盘
356,09:56:04,11.7,0.0,30,35100,卖盘
357,09:56:06,11.7,0.0,88,103047,卖盘
358,09:56:10,11.71,0.01,20,23420,买盘
359,09:56:16,11.71,0.0,6,7026,卖盘
360,09:56:19,11.71,0.0,7,8197,卖盘
361,09:56:25,11.71,0.0,1,1171,买盘
362,09:56:37,11.71,0.0,20,23420,买盘
363,09:56:39,11.69,-0.02,10,11690,卖盘
364,09:56:42,11.71,0.02,97,113571,买盘
365,09:56:46,11.71,0.0,115,134665,卖盘
366,09:56:49,11.71,0.0,1,1171,卖盘
367,09:56:52,11.71,0.0,1,1171,卖盘
368,09:57:00,11.71,0.0,19,22249,卖盘
369,09:57:07,11.72,0.01,165,193380,买盘
370,09:57:10,11.72,0.0,44,51568,卖盘
371,09:57:13,11.72,0.0,45,52744,卖盘
372,09:57:16,11.73,0.01,5,5865,买盘
373,09:57:22,11.72,-0.01,18,21096,卖盘
374,09:57:34,11.72,0.0,13,15236,卖盘
375,09:57:40,11.72,0.0,47,55084,卖盘
376,09:57:42,11.72,0.0,32,37527,卖盘
377,09:57:46,11.73,0.01,11,12903,买盘
378,09:57:49,11.72,-0.01,13,15236,卖盘
379,09:57:52,11.72,0.0,13,15236,买盘
380,09:57:55,11.72,0.0,2,2344,买盘
381,09:58:01,11.72,0.0,21,24594,买盘
382,09:58:04,11.72,0.0,53,62067,买盘
383,09:58:07,11.71,-0.01,4,4684,中性盘
384,09:58:10,11.71,0.0,15,17565,买盘
385,09:58:13,11.71,0.0,11,12881,买盘
386,09:58:19,11.72,0.01,11,12892,买盘
387,09:58:22,11.71,-0.01,12,14052,卖盘
388,09:58:25,11.72,0.01,8,9370,买盘
389,09:58:28,11.72,0.0,4,4688,买盘
390,09:58:30,11.7,-0.02,21,24575,卖盘
391,09:58:34,11.7,0.0,1,1170,买盘
392,09:58:37,11.72,0.02,11,12892,买盘
393,09:58:40,11.69,-0.03,7,8188,卖盘
394,09:58:43,11.72,0.03,12,14031,买盘
395,09:59:01,11.69,-0.03,19,22216,卖盘
396,09:59:06,11.68,-0.01,45,52563,卖盘
397,09:59:10,11.68,0.0,35,40880,卖盘
398,09:59:13,11.72,0.04,135,158155,买盘
399,09:59:18,11.69,-0.03,1,1169,卖盘
400,09:59:22,11.69,0.0,18,21042,中性盘
401,09:59:25,11.72,0.03,75,87880,买盘
402,09:59:28,11.72,0.0,16,18752,卖盘
403,09:59:31,11.72,0.0,1,1172,卖盘
404,09:59:34,11.72,0.0,16,18764,卖盘
405,09:59:37,11.72,0.0,14,16408,卖盘
406,09:59:40,11.69,-0.03,1,1169,卖盘
407,09:59:43,11.74,0.05,200,234577,买盘
408,09:59:48,11.72,-0.02,13,15236,买盘
409,09:59:52,11.68,-0.04,6,7008,卖盘
410,09:59:55,11.68,0.0,5,5840,卖盘
411,09:59:58,11.68,0.0,1,1168,卖盘
412,10:00:01,11.69,0.01,32,37450,卖盘
413,10:00:13,11.69,0.0,15,17568,卖盘
414,10:00:19,11.69,0.0,1,1169,卖盘
415,10:00:22,11.69,0.0,17,19873,卖盘
416,10:00:31,11.69,0.0,5,5845,卖盘
417,10:00:34,11.73,0.04,11,12903,买盘
418,10:00:37,11.68,-0.05,1,1168,卖盘
419,10:00:39,11.69,0.01,9,10521,中性盘
420,10:00:43,11.73,0.04,12,14036,买盘
421,10:00:49,11.73,0.0,19,22287,卖盘
422,10:00:52,11.73,0.0,4,4692,卖盘
423,10:00:55,11.73,0.0,10,11730,卖盘
424,10:00:58,11.73,0.0,11,12903,买盘
425,10:01:07,11.7,-0.03,2,2340,卖盘
426,10:01:10,11.69,-0.01,47,54970,卖盘
427,10:01:13,11.71,0.02,76,88958,买盘
428,10:01:15,11.73,0.02,100,117216,买盘
429,10:01:19,11.7,-0.03,1,1170,卖盘
430,10:01:22,11.7,0.0,21,24582,卖盘
431,10:01:25,11.69,-0.01,4,4678,卖盘
432,10:01:28,11.69,0.0,1,1169,卖盘
433,10:01:42,11.72,0.03,19,22214,买盘
434,10:01:46,11.71,-0.01,70,81970,中性盘
435,10:01:49,11.69,-0.02,1,1169,卖盘
436,10:01:52,11.73,0.04,50,58646,买盘
437,10:02:01,11.72,-0.01,19,22250,买盘
438,10:02:10,11.72,0.0,11,12892,买盘
439,10:02:12,11.7,-0.02,26,30470,卖盘
440,10:02:16,11.72,0.02,27,31644,买盘
441,10:02:19,11.71,-0.01,13,15223,中性盘
442,10:02:22,11.7,-0.01,17,19890,卖盘
443,10:02:25,11.71,0.01,7,8197,买盘
444,10:02:28,11.72,0.01,38,44531,买盘
445,10:02:31,11.7,-0.02,1,1170,卖盘
446,10:02:39,11.72,0.02,5,5860,中性盘
447,10:02:43,11.72,0.0,4,4688,卖盘
448,10:02:48,11.72,0.0,1,1172,卖盘
449,10:02:55,11.7,-0.02,3,3510,卖盘
450,10:02:58,11.7,0.0,86,100620,卖盘
451,10:03:00,11.7,0.0,30,35100,买盘
452,10:03:10,11.69,-0.01,47,54943,卖盘
453,10:03:13,11.7,0.01,53,61969,买盘
454,10:03:19,11.7,0.0,180,210598,买盘
455,10:03:25,11.71,0.01,1,1171,买盘
456,10:03:37,11.72,0.01,1,1172,买盘
457,10:03:46,11.71,-0.01,47,55049,卖盘
458,10:03:55,11.73,0.02,83,97920,买盘
459,10:04:01,11.72,-0.01,5,5860,卖盘
460,10:04:07,11.73,0.01,10,11730,买盘
461,10:04:10,11.73,0.0,3,3518,买盘
462,10:04:13,11.73,0.0,15,17595,买盘
463,10:04:16,11.73,0.0,48,56304,买盘
464,10:04:19,11.72,-0.01,4,4688,卖盘
465,10:04:22,11.72,0.0,1,1172,卖盘
466,10:04:25,11.73,0.01,27,31671,买盘
467,10:04:28,11.72,-0.01,11,12892,卖盘
468,10:04:31,11.73,0.01,11,12903,买盘
469,10:04:33,11.73,0.0,6,7038,买盘
470,10:04:37,11.72,-0.01,12,14075,卖盘
471,10:04:52,11.73,0.01,15,17589,买盘
472,10:04:55,11.72,-0.01,1,1172,卖盘
473,10:05:07,11.74,0.02,1,1174,买盘
474,10:05:13,11.72,-0.02,49,57428,卖盘
475,10:05:16,11.71,-0.01,42,49213,卖盘
476,10:05:22,11.71,0.0,3,3513,卖盘
477,10:05:25,11.71,0.0,1,1171,卖盘
478,10:05:28,11.72,0.01,10,11720,买盘
479,10:05:36,11.72,0.0,1,1172,卖盘
480,10:05:39,11.71,-0.01,12,14062,卖盘
481,10:05:43,11.73,0.02,30,35166,买盘
482,10:05:46,11.73,0.0,25,29325,买盘
483,10:05:49,11.71,-0.02,54,63234,卖盘
484,10:05:52,11.73,0.02,1,1173,买盘
485,10:05:55,11.71,-0.02,3,3517,卖盘
486,10:05:58,11.71,0.0,5,5855,卖盘
487,10:06:01,11.74,0.03,10,11732,买盘
488,10:06:04,11.73,-0.01,1,1173,中性盘
489,10:06:07,11.73,0.0,22,25827,卖盘
490,10:06:13,11.73,0.0,3,3519,卖盘
491,10:06:18,11.74,0.01,7,8218,买盘
492,10:06:22,11.73,-0.01,1,1173,卖盘
493,10:06:25,11.74,0.01,1,1174,买盘
494,10:06:28,11.74,0.0,19,22306,买盘
495,10:06:34,11.74,0.0,3,3522,买盘
496,10:06:37,11.74,0.0,1,1174,买盘
497,10:06:40,11.74,0.0,60,70410,买盘
498,10:06:43,11.73,-0.01,10,11730,买盘
499,10:06:46,11.72,-0.01,3,3516,卖盘
500,10:06:52,11.73,0.01,2,2346,买盘
501,10:07:01,11.73,0.0,44,51623,卖盘
502,10:07:07,11.73,0.0,2,2345,买盘
503,10:07:10,11.73,0.0,8,9384,买盘
504,10:07:16,11.71,-0.02,78,91366,卖盘
505,10:07:19,11.71,0.0,7,8197,卖盘
506,10:07:27,11.73,0.02,11,12903,买盘
507,10:07:37,11.73,0.0,1,1173,买盘
508,10:07:43,11.73,0.0,5,5865,买盘
509,10:07:46,11.72,-0.01,3,3516,卖盘
510,10:07:49,11.75,0.03,159,186700,买盘
511,10:07:58,11.75,0.0,14,16447,买盘
512,10:08:01,11.75,0.0,198,232650,买盘
513,10:08:04,11.75,0.0,5,5875,卖盘
514,10:08:10,11.75,0.0,5,5875,卖盘
515,10:08:13,11.75,0.0,10,11750,卖盘
516,10:08:16,11.75,0.0,1,1175,卖盘
517,10:08:19,11.76,0.01,28,32916,买盘
518,10:08:28,11.76,0.0,61,71736,买盘
519,10:08:34,11.75,-0.01,11,12925,卖盘
520,10:08:37,11.77,0.02,106,124676,买盘
521,10:08:43,11.76,-0.01,3,3528,卖盘
522,10:08:46,11.76,0.0,12,14112,卖盘
523,10:08:49,11.77,0.01,123,144771,买盘
524,10:08:52,11.76,-0.01,42,49398,卖盘
525,10:08:55,11.76,0.0,21,24706,卖盘
526,10:08:57,11.76,0.0,1,1176,卖盘
527,10:09:01,11.76,0.0,5,5880,卖盘
528,10:09:06,11.76,0.0,8,9408,卖盘
529,10:09:10,11.77,0.01,34,40018,买盘
530,10:09:13,11.76,-0.01,8,9408,卖盘
531,10:09:16,11.75,-0.01,105,123393,卖盘
532,10:09:18,11.75,0.0,42,49350,卖盘
533,10:09:22,11.75,0.0,3,3525,卖盘
534,10:09:25,11.78,0.03,422,497021,买盘
535,10:09:28,11.78,0.0,1,1178,卖盘
536,10:09:31,11.78,0.0,11,12958,卖盘
537,10:09:34,11.78,0.0,53,62434,卖盘
538,10:09:37,11.78,0.0,78,91884,卖盘
539,10:09:40,11.78,0.0,55,64790,卖盘
540,10:09:43,11.78,0.0,110,129580,卖盘
541,10:09:46,11.78,0.0,142,167278,卖盘
542,10:09:49,11.78,0.0,156,183706,卖盘
543,10:09:55,11.74,-0.04,5,5870,卖盘
544,10:09:58,11.74,0.0,3,3522,卖盘
545,10:10:01,11.76,0.02,2,2352,买盘
546,10:10:04,11.78,0.02,123,144814,买盘
547,10:10:07,11.74,-0.04,3,3522,卖盘
548,10:10:09,11.74,0.0,1,1174,卖盘
549,10:10:16,11.74,0.0,20,23480,卖盘
550,10:10:19,11.75,0.01,14,16448,买盘
551,10:10:22,11.75,0.0,14,16450,卖盘
552,10:10:27,11.75,0.0,2,2350,卖盘
553,10:10:43,11.75,0.0,48,56400,卖盘
554,10:10:49,11.76,0.01,1,1176,卖盘
555,10:11:01,11.76,0.0,1,1176,卖盘
556,10:11:10,11.78,0.02,50,58894,买盘
557,10:11:19,11.75,-0.03,44,51730,卖盘
558,10:11:22,11.74,-0.01,107,125714,卖盘
559,10:11:43,11.78,0.04,225,264860,买盘
560,10:11:46,11.78,0.0,4,4712,卖盘
561,10:11:52,11.78,0.0,10,11780,卖盘
562,10:11:57,11.78,0.0,1,1178,卖盘
563,10:12:01,11.78,0.0,6,7068,卖盘
564,10:12:04,11.78,0.0,13,15314,卖盘
565,10:12:07,11.78,0.0,30,35342,卖盘
566,10:12:10,11.78,0.0,13,15314,卖盘
567,10:12:13,11.78,0.0,160,188462,买盘
568,10:12:27,11.75,-0.03,13,15286,卖盘
569,10:12:43,11.75,0.0,1,1175,卖盘
570,10:12:58,11.76,0.01,11,12936,买盘
571,10:13:01,11.75,-0.01,50,58750,卖盘
572,10:13:04,11.76,0.01,6,7056,买盘
573,10:13:06,11.76,0.0,20,23520,卖盘
574,10:13:10,11.76,0.0,70,82320,卖盘
575,10:13:16,11.76,0.0,20,23520,卖盘
576,10:13:19,11.76,0.0,20,23531,卖盘
577,10:13:22,11.75,-0.01,39,45825,卖盘
578,10:13:25,11.76,0.01,10,11760,买盘
579,10:13:31,11.76,0.0,47,55226,买盘
580,10:13:37,11.75,-0.01,3,3526,卖盘
581,10:13:40,11.76,0.01,32,37632,买盘
582,10:13:43,11.75,-0.01,9,10575,卖盘
583,10:13:46,11.77,0.02,52,61175,买盘
584,10:13:49,11.75,-0.02,10,11750,卖盘
585,10:13:52,11.76,0.01,4,4704,卖盘
586,10:14:06,11.76,0.0,12,14112,卖盘
587,10:14:13,11.76,0.0,13,15293,卖盘
588,10:14:15,11.76,0.0,16,18816,卖盘
589,10:14:21,11.76,0.0,68,79928,买盘
590,10:14:28,11.76,0.0,5,5880,买盘
591,10:14:31,11.75,-0.01,15,17633,卖盘
592,10:14:34,11.77,0.02,15,17639,买盘
593,10:14:37,11.76,-0.01,15,17640,卖盘
594,10:14:40,11.77,0.01,25,29415,买盘
595,10:14:52,11.77,0.0,2,2354,买盘
596,10:14:55,11.75,-0.02,4,4706,卖盘
597,10:15:04,11.77,0.02,26,30602,买盘
598,10:15:09,11.77,0.0,5,5885,买盘
599,10:15:13,11.77,0.0,3,3531,买盘
600,10:15:22,11.75,-0.02,46,54075,卖盘
601,10:15:25,11.75,0.0,39,45825,卖盘
602,10:15:43,11.75,0.0,10,11750,卖盘
603,10:15:52,11.75,0.0,1,1175,卖盘
604,10:16:10,11.75,0.0,10,11750,卖盘
605,10:16:13,11.78,0.03,51,60031,买盘
606,10:16:16,11.77,-0.01,20,23540,卖盘
607,10:16:22,11.77,0.0,5,5885,卖盘
608,10:16:28,11.78,0.01,18,21196,买盘
609,10:16:43,11.77,-0.01,25,29425,卖盘
610,10:16:49,11.77,0.0,16,18832,卖盘
611,10:16:58,11.77,0.0,20,23540,买盘
612,10:17:01,11.75,-0.02,10,11750,卖盘
613,10:17:21,11.75,0.0,77,90485,卖盘
614,10:17:25,11.74,-0.01,1,1174,卖盘
615,10:17:28,11.77,0.03,137,161230,买盘
616,10:17:40,11.78,0.01,50,58900,买盘
617,10:17:49,11.77,-0.01,57,67139,卖盘
618,10:17:58,11.8,0.03,450,530623,买盘
619,10:18:22,11.79,-0.01,34,40086,买盘
620,10:18:25,11.78,-0.01,1,1178,卖盘
621,10:18:28,11.78,0.0,17,20026,卖盘
622,10:18:43,11.78,0.0,30,35340,卖盘
623,10:18:52,11.78,0.0,5,5890,卖盘
624,10:19:04,11.78,0.0,1,1178,卖盘
625,10:19:06,11.78,0.0,4,4712,卖盘
626,10:19:13,11.78,0.0,21,24738,卖盘
627,10:19:19,11.78,0.0,2,2356,卖盘
628,10:19:22,11.75,-0.03,44,51715,卖盘
629,10:19:25,11.75,0.0,42,49350,卖盘
630,10:19:30,11.75,0.0,2,2350,买盘
631,10:19:34,11.75,0.0,3,3525,卖盘
632,10:19:43,11.75,0.0,1,1175,买盘
633,10:19:46,11.75,0.0,2,2350,买盘
634,10:19:48,11.75,0.0,1,1175,买盘
635,10:19:58,11.75,0.0,15,17625,买盘
636,10:20:01,11.75,0.0,10,11749,买盘
637,10:20:04,11.75,0.0,19,22325,卖盘
638,10:20:28,11.76,0.01,9,10584,买盘
639,10:20:34,11.76,0.0,11,12936,卖盘
640,10:20:40,11.76,0.0,2,2352,买盘
641,10:20:46,11.76,0.0,19,22344,买盘
642,10:20:58,11.76,0.0,32,37632,卖盘
643,10:21:04,11.76,0.0,6,7056,卖盘
644,10:21:09,11.76,0.0,16,18816,卖盘
645,10:21:13,11.76,0.0,10,11760,买盘
646,10:21:16,11.75,-0.01,1,1175,卖盘
647,10:21:19,11.76,0.01,46,54096,买盘
648,10:21:22,11.76,0.0,100,117600,卖盘
649,10:21:25,11.76,0.0,130,152880,卖盘
650,10:21:28,11.76,0.0,5,5880,卖盘
651,10:21:30,11.76,0.0,1,1176,卖盘
652,10:21:33,11.76,0.0,7,8232,卖盘
653,10:21:37,11.76,0.0,1,1176,卖盘
654,10:21:43,11.76,0.0,4,4704,卖盘
655,10:21:46,11.77,0.01,3,3530,买盘
656,10:21:57,11.77,0.0,2,2354,买盘
657,10:22:06,11.77,0.0,18,21186,买盘
658,10:22:13,11.75,-0.02,1,1175,卖盘
659,10:22:31,11.76,0.01,2,2352,卖盘
660,10:22:40,11.76,0.0,10,11760,卖盘
661,10:22:43,11.76,0.0,36,42336,卖盘
662,10:22:52,11.76,0.0,17,19992,买盘
663,10:23:01,11.76,0.0,13,15288,买盘
664,10:23:10,11.75,-0.01,1,1175,卖盘
665,10:23:22,11.75,0.0,5,5875,卖盘
666,10:23:24,11.75,0.0,46,54050,卖盘
667,10:23:27,11.75,0.0,49,57575,卖盘
668,10:23:37,11.75,0.0,10,11750,卖盘
669,10:23:43,11.75,0.0,23,27025,卖盘
670,10:23:49,11.75,0.0,1,1175,卖盘
671,10:24:19,11.76,0.01,30,35280,买盘
672,10:24:21,11.75,-0.01,9,10575,卖盘
673,10:24:25,11.75,0.0,26,30550,卖盘
674,10:24:28,11.75,0.0,8,9405,卖盘
675,10:24:42,11.75,0.0,6,6627,卖盘
676,10:24:46,11.75,0.0,1,1175,卖盘
677,10:25:16,11.74,-0.01,27,32141,卖盘
678,10:25:22,11.74,0.0,50,58700,卖盘
679,10:25:25,11.74,0.0,9,10566,卖盘
680,10:25:28,11.73,-0.01,85,99709,卖盘
681,10:25:33,11.73,0.0,7,8211,卖盘
682,10:25:43,11.73,0.0,7,8211,卖盘
683,10:25:46,11.75,0.02,76,88848,买盘
684,10:25:55,11.76,0.01,59,69384,买盘
685,10:26:04,11.75,-0.01,17,20985,卖盘
686,10:26:22,11.75,0.0,1,1175,卖盘
687,10:26:25,11.75,0.0,15,17049,卖盘
688,10:26:49,11.75,0.0,10,11750,卖盘
689,10:27:16,11.75,0.0,156,183406,卖盘
690,10:27:18,11.75,0.0,1,1175,卖盘
691,10:27:25,11.75,0.0,4,4700,卖盘
692,10:27:28,11.75,0.0,39,45825,卖盘
693,10:27:31,11.75,0.0,38,44650,卖盘
694,10:27:33,11.75,0.0,18,21150,卖盘
695,10:27:49,11.75,0.0,18,21150,卖盘
696,10:27:55,11.75,0.0,1,1175,卖盘
697,10:28:06,11.75,0.0,1,1175,卖盘
698,10:28:09,11.75,0.0,10,11750,卖盘
699,10:28:28,11.75,0.0,7,8225,卖盘
700,10:28:34,11.76,0.01,5,5880,买盘
701,10:28:37,11.76,0.0,12,14112,买盘
702,10:28:49,11.76,0.0,69,81130,买盘
703,10:28:52,11.75,-0.01,1,1175,卖盘
704,10:29:07,11.75,0.0,8,9400,卖盘
705,10:29:10,11.76,0.01,5,5880,买盘
706,10:29:22,11.76,0.0,50,58800,买盘
707,10:29:27,11.75,-0.01,1,1175,卖盘
708,10:29:31,11.75,0.0,44,51700,卖盘
709,10:29:34,11.73,-0.02,42,49274,卖盘
710,10:30:18,11.74,0.01,14,16440,卖盘
711,10:30:22,11.74,0.0,7,8218,卖盘
712,10:30:28,11.74,0.0,9,10566,卖盘
713,10:30:31,11.74,0.0,21,25167,买盘
714,10:30:34,11.74,0.0,5,5870,买盘
715,10:30:43,11.74,0.0,11,12585,卖盘
716,10:30:46,11.75,0.01,37,43474,买盘
717,10:30:49,11.74,-0.01,5,5871,卖盘
718,10:31:01,11.77,0.03,25,29404,买盘
719,10:31:07,11.75,-0.02,1,1175,卖盘
720,10:31:13,11.75,0.0,4,4700,卖盘
721,10:31:31,11.74,-0.01,96,112874,卖盘
722,10:31:34,11.74,0.0,10,12069,卖盘
723,10:31:39,11.74,0.0,3,3522,买盘
724,10:31:43,11.74,0.0,63,73798,买盘
725,10:32:04,11.75,0.01,1,1175,卖盘
726,10:32:16,11.74,-0.01,8,9392,卖盘
727,10:32:22,11.74,0.0,51,60038,卖盘
728,10:32:31,11.73,-0.01,9,10393,卖盘
729,10:32:34,11.74,0.01,2,2348,买盘
730,10:32:37,11.74,0.0,50,58700,买盘
731,10:32:40,11.73,-0.01,1,1173,卖盘
732,10:32:43,11.73,0.0,13,15249,卖盘
733,10:32:49,11.74,0.01,16,18783,买盘
734,10:33:01,11.74,0.0,33,38578,买盘
735,10:33:10,11.74,0.0,8,9392,卖盘
736,10:33:22,11.74,0.0,29,34210,卖盘
737,10:33:33,11.73,-0.01,85,99705,卖盘
738,10:33:37,11.73,0.0,2,2346,卖盘
739,10:33:40,11.74,0.01,34,39704,买盘
740,10:33:46,11.72,-0.02,23,27010,卖盘
741,10:34:10,11.72,0.0,1,1172,卖盘
742,10:34:16,11.73,0.01,1,1173,卖盘
743,10:34:31,11.74,0.01,2,2184,买盘
744,10:34:40,11.74,0.0,18,21296,卖盘
745,10:34:43,11.74,0.0,5,5706,买盘
746,10:34:46,11.75,0.01,4,4700,买盘
747,10:34:52,11.75,0.0,5,5875,买盘
748,10:34:55,11.75,0.0,55,64625,买盘
749,10:34:58,11.74,-0.01,105,123270,卖盘
750,10:35:13,11.73,-0.01,1,1173,卖盘
751,10:35:16,11.74,0.01,101,118410,买盘
752,10:35:18,11.74,0.0,32,37568,卖盘
753,10:35:22,11.75,0.01,6,7050,买盘
754,10:35:24,11.75,0.0,2,2350,买盘
755,10:35:34,11.74,-0.01,124,145661,卖盘
756,10:35:37,11.74,0.0,57,66929,卖盘
757,10:35:49,11.75,0.01,10,11750,买盘
758,10:35:52,11.74,-0.01,1,1174,卖盘
759,10:36:04,11.75,0.01,39,45825,买盘
760,10:36:10,11.74,-0.01,1,1174,卖盘
761,10:36:19,11.75,0.01,46,54050,买盘
762,10:36:31,11.75,0.0,2,2350,卖盘
763,10:36:49,11.74,-0.01,1,1174,卖盘
764,10:36:58,11.75,0.01,13,15275,买盘
765,10:37:16,11.75,0.0,17,19975,卖盘
766,10:37:22,11.75,0.0,24,28200,买盘
767,10:37:37,11.74,-0.01,93,109256,卖盘
768,10:37:43,11.77,0.03,8,9416,买盘
769,10:37:46,11.75,-0.02,1,1175,中性盘
770,10:37:55,11.74,-0.01,34,40246,卖盘
771,10:38:01,11.75,0.01,1,846,卖盘
772,10:38:10,11.75,0.0,25,29375,卖盘
773,10:38:25,11.75,0.0,1,1175,卖盘
774,10:38:31,11.75,0.0,41,48175,卖盘
775,10:38:40,11.75,0.0,5,5875,卖盘
776,10:38:55,11.75,0.0,5,5875,卖盘
777,10:39:01,11.75,0.0,22,26179,卖盘
778,10:39:07,11.75,0.0,14,16121,买盘
779,10:39:10,11.74,-0.01,38,44648,卖盘
780,10:39:16,11.74,0.0,5,5870,卖盘
781,10:39:19,11.74,0.0,5,5870,卖盘
782,10:39:21,11.74,0.0,3,3522,卖盘
783,10:39:25,11.74,0.0,2,2348,卖盘
784,10:39:28,11.74,0.0,10,11740,卖盘
785,10:39:31,11.74,0.0,1,1174,卖盘
786,10:39:37,11.73,-0.01,39,45758,卖盘
787,10:39:40,11.73,0.0,46,53958,卖盘
788,10:39:49,11.74,0.01,27,31698,卖盘
789,10:39:58,11.74,0.0,1,1174,卖盘
790,10:40:10,11.74,0.0,10,11740,卖盘
791,10:40:13,11.74,0.0,13,15262,卖盘
792,10:40:22,11.74,0.0,2,2348,卖盘
793,10:40:28,11.74,0.0,10,11740,卖盘
794,10:40:43,11.74,0.0,52,61048,卖盘
795,10:40:49,11.74,0.0,38,44612,卖盘
796,10:40:58,11.74,0.0,1,1174,卖盘
797,10:41:28,11.74,0.0,5,5870,卖盘
798,10:41:33,11.74,0.0,1,1174,卖盘
799,10:41:37,11.75,0.01,38,44650,买盘
800,10:41:39,11.74,-0.01,85,99790,卖盘
801,10:41:46,11.74,0.0,10,11740,卖盘
802,10:41:48,11.74,0.0,3,3522,卖盘
803,10:42:10,11.73,-0.01,100,117342,卖盘
804,10:42:34,11.73,0.0,49,57477,卖盘
805,10:42:39,11.73,0.0,1,1173,卖盘
806,10:42:49,11.73,0.0,1,1173,卖盘
807,10:43:07,11.73,0.0,10,11730,卖盘
808,10:43:09,11.73,0.0,2,2347,卖盘
809,10:43:31,11.74,0.01,5,5870,买盘
810,10:43:33,11.73,-0.01,20,23460,卖盘
811,10:43:36,11.73,0.0,31,36527,卖盘
812,10:43:40,11.72,-0.01,44,51568,卖盘
813,10:43:43,11.73,0.01,71,83242,买盘
814,10:44:07,11.72,-0.01,1,1172,卖盘
815,10:44:15,11.72,0.0,100,117200,卖盘
816,10:44:31,11.72,0.0,7,8204,卖盘
817,10:44:43,11.72,0.0,9,10548,卖盘
818,10:44:46,11.72,0.0,1,1172,卖盘
819,10:44:54,11.72,0.0,1,1172,卖盘
820,10:44:58,11.72,0.0,28,32652,卖盘
821,10:45:10,11.71,-0.01,10,11710,卖盘
822,10:45:40,11.71,0.0,1,1171,卖盘
823,10:45:43,11.71,0.0,83,97193,卖盘
824,10:45:46,11.7,-0.01,202,236377,卖盘
825,10:46:10,11.7,0.0,1,1170,卖盘
826,10:46:13,11.7,0.0,30,35100,卖盘
827,10:46:15,11.7,0.0,46,53820,卖盘
828,10:46:22,11.7,0.0,1,1170,卖盘
829,10:46:52,11.7,0.0,19,22230,卖盘
830,10:46:55,11.7,0.0,60,70200,卖盘
831,10:46:58,11.71,0.01,20,23420,买盘
832,10:47:04,11.7,-0.01,41,47970,卖盘
833,10:47:09,11.71,0.01,20,23420,买盘
834,10:47:16,11.7,-0.01,1,1170,卖盘
835,10:47:42,11.7,0.0,45,52650,卖盘
836,10:47:48,11.7,0.0,40,46800,卖盘
837,10:48:12,11.7,0.0,1,1170,卖盘
838,10:48:27,11.71,0.01,48,56173,买盘
839,10:48:34,11.7,-0.01,1,1170,卖盘
840,10:48:52,11.7,0.0,1,1170,卖盘
841,10:48:55,11.71,0.01,15,17565,买盘
842,10:49:09,11.7,-0.01,2,2340,卖盘
843,10:49:25,11.7,0.0,106,124020,卖盘
844,10:49:31,11.7,0.0,32,37440,买盘
845,10:49:42,11.7,0.0,5,5850,买盘
846,10:49:45,11.69,-0.01,159,185947,卖盘
847,10:49:49,11.69,0.0,1,1169,卖盘
848,10:50:06,11.69,0.0,1,1169,卖盘
849,10:50:19,11.69,0.0,5,5845,卖盘
850,10:50:28,11.69,0.0,1,1169,卖盘
851,10:50:37,11.7,0.01,29,33930,买盘
852,10:50:58,11.72,0.02,48,56256,买盘
853,10:51:04,11.72,0.0,1,1172,买盘
854,10:51:10,11.72,0.0,6,7196,买盘
855,10:51:25,11.72,0.0,1,1172,卖盘
856,10:51:46,11.71,-0.01,14,16396,卖盘
857,10:52:01,11.71,0.0,4,4683,买盘
858,10:52:04,11.71,0.0,15,17565,买盘
859,10:52:10,11.71,0.0,27,31617,买盘
860,10:52:19,11.71,0.0,3,3513,买盘
861,10:52:25,11.71,0.0,2,2342,买盘
862,10:52:27,11.71,0.0,3,3513,买盘
863,10:52:40,11.71,0.0,2,2342,买盘
864,10:52:43,11.71,0.0,6,7026,买盘
865,10:52:46,11.7,-0.01,22,25740,卖盘
866,10:52:49,11.7,0.0,1,1170,卖盘
867,10:52:52,11.71,0.01,1,1171,买盘
868,10:52:58,11.71,0.0,4,4683,买盘
869,10:53:19,11.72,0.01,5,5860,买盘
870,10:53:37,11.7,-0.02,1,1170,卖盘
871,10:53:49,11.7,0.0,82,95950,卖盘
872,10:53:51,11.7,0.0,3,3510,卖盘
873,10:54:04,11.7,0.0,6,7020,卖盘
874,10:54:10,11.7,0.0,22,25740,卖盘
875,10:54:33,11.69,-0.01,1,1169,卖盘
876,10:55:13,11.69,0.0,1,1169,卖盘
877,10:55:16,11.7,0.01,11,12870,买盘
878,10:55:31,11.7,0.0,56,65520,买盘
879,10:55:49,11.69,-0.01,40,46791,卖盘
880,10:55:52,11.69,0.0,45,52605,卖盘
881,10:56:10,11.69,0.0,1,1169,卖盘
882,10:56:43,11.71,0.02,3,3513,买盘
883,10:56:49,11.7,-0.01,1,1170,卖盘
884,10:57:16,11.69,-0.01,200,233882,卖盘
885,10:57:25,11.69,0.0,2,2338,卖盘
886,10:57:27,11.69,0.0,11,12859,卖盘
887,10:57:46,11.69,0.0,1,1169,卖盘
888,10:57:49,11.69,0.0,20,23380,卖盘
889,10:57:52,11.68,-0.01,39,45581,卖盘
890,10:57:55,11.68,0.0,40,46720,卖盘
891,10:58:00,11.68,0.0,6,7008,卖盘
892,10:58:22,11.68,0.0,202,235946,卖盘
893,10:58:55,11.69,0.01,23,26887,买盘
894,10:59:01,11.68,-0.01,118,137832,卖盘
895,10:59:07,11.68,0.0,6,7008,买盘
896,10:59:13,11.67,-0.01,5,5835,卖盘
897,10:59:18,11.67,0.0,14,16351,卖盘
898,10:59:22,11.68,0.01,81,94608,买盘
899,10:59:28,11.68,0.0,21,24528,卖盘
900,10:59:46,11.7,0.02,20,23385,买盘
901,10:59:51,11.68,-0.02,41,47888,卖盘
902,10:59:54,11.72,0.04,253,296464,买盘
903,10:59:58,11.68,-0.04,45,52544,卖盘
904,11:00:43,11.69,0.01,12,14028,卖盘
905,11:00:46,11.69,0.0,1,1169,卖盘
906,11:00:58,11.69,0.0,1,1169,卖盘
907,11:01:22,11.69,0.0,10,11690,卖盘
908,11:01:28,11.7,0.01,5,5850,买盘
909,11:01:34,11.69,-0.01,1,1169,卖盘
910,11:01:37,11.69,0.0,5,5845,卖盘
911,11:01:55,11.69,0.0,43,50267,卖盘
912,11:01:57,11.68,-0.01,42,49087,卖盘
913,11:02:13,11.69,0.01,1,1169,卖盘
914,11:02:31,11.69,0.0,9,10520,买盘
915,11:02:49,11.69,0.0,13,15196,买盘
916,11:03:06,11.69,0.0,20,23380,买盘
917,11:03:16,11.7,0.01,9,10530,买盘
918,11:03:19,11.69,-0.01,9,10527,中性盘
919,11:03:22,11.69,0.0,42,49098,卖盘
920,11:03:25,11.7,0.01,7,8190,买盘
921,11:03:28,11.7,0.0,18,21059,买盘
922,11:03:30,11.7,0.0,35,40950,买盘
923,11:03:40,11.69,-0.01,10,11697,卖盘
924,11:03:55,11.69,0.0,44,51436,卖盘
925,11:03:58,11.69,0.0,41,47968,卖盘
926,11:04:06,11.69,0.0,1,1169,卖盘
927,11:04:10,11.71,0.02,24,28091,买盘
928,11:04:19,11.69,-0.02,5,5845,卖盘
929,11:04:25,11.69,0.0,9,10521,卖盘
930,11:04:58,11.71,0.02,47,55037,买盘
931,11:05:01,11.71,0.0,1,1171,卖盘
932,11:05:13,11.71,0.0,5,5855,卖盘
933,11:05:25,11.71,0.0,9,10539,卖盘
934,11:05:39,11.71,0.0,1,1171,卖盘
935,11:05:43,11.72,0.01,1,1172,买盘
936,11:05:58,11.7,-0.02,81,94782,卖盘
937,11:06:01,11.7,0.0,4,4680,卖盘
938,11:06:04,11.72,0.02,22,25784,买盘
939,11:06:22,11.71,-0.01,13,15223,买盘
940,11:06:25,11.72,0.01,20,23421,买盘
941,11:06:37,11.7,-0.02,1,1170,卖盘
942,11:06:49,11.72,0.02,10,11720,买盘
943,11:07:16,11.7,-0.02,1,1170,卖盘
944,11:07:31,11.72,0.02,73,85556,买盘
945,11:07:58,11.7,-0.02,46,53820,卖盘
946,11:08:01,11.7,0.0,39,45630,卖盘
947,11:08:04,11.71,0.01,1,1171,买盘
948,11:08:10,11.71,0.0,9,10539,卖盘
949,11:08:13,11.71,0.0,12,14052,买盘
950,11:08:46,11.71,0.0,7,8197,卖盘
951,11:08:52,11.71,0.0,1,1171,卖盘
952,11:08:55,11.71,0.0,2,2342,卖盘
953,11:09:07,11.72,0.01,4,4688,买盘
954,11:09:22,11.72,0.0,120,140640,买盘
955,11:09:34,11.72,0.0,5,5860,买盘
956,11:09:40,11.72,0.0,24,28128,买盘
957,11:09:43,11.72,0.0,20,23440,买盘
958,11:09:49,11.72,0.0,6,7031,买盘
959,11:09:55,11.72,0.0,35,41020,买盘
960,11:10:01,11.72,0.0,46,53912,卖盘
961,11:10:04,11.71,-0.01,39,45688,卖盘
962,11:10:12,11.72,0.01,10,11720,卖盘
963,11:10:25,11.72,0.0,1,1172,卖盘
964,11:10:27,11.73,0.01,125,146525,买盘
965,11:10:33,11.73,0.0,6,7038,卖盘
966,11:11:10,11.72,-0.01,1,1172,卖盘
967,11:11:21,11.72,0.0,1,1172,卖盘
968,11:11:43,11.71,-0.01,47,55057,卖盘
969,11:11:55,11.73,0.02,3,3519,买盘
970,11:12:01,11.71,-0.02,45,52695,卖盘
971,11:12:04,11.71,0.0,41,48011,卖盘
972,11:12:13,11.72,0.01,8,9376,买盘
973,11:12:19,11.72,0.0,43,50396,卖盘
974,11:12:34,11.72,0.0,11,12892,买盘
975,11:12:40,11.72,0.0,32,37504,卖盘
976,11:12:58,11.72,0.0,1,1172,卖盘
977,11:13:01,11.73,0.01,15,17595,买盘
978,11:13:33,11.72,-0.01,1,1172,卖盘
979,11:14:04,11.72,0.0,82,96104,卖盘
980,11:14:06,11.72,0.0,3,3516,卖盘
981,11:14:12,11.72,0.0,4,4688,卖盘
982,11:14:19,11.72,0.0,16,18752,卖盘
983,11:14:22,11.72,0.0,5,5860,买盘
984,11:14:25,11.72,0.0,38,43956,卖盘
985,11:14:28,11.72,0.0,4,4688,卖盘
986,11:14:31,11.72,0.0,2,2930,卖盘
987,11:15:06,11.72,0.0,42,49224,买盘
988,11:15:13,11.72,0.0,5,5860,买盘
989,11:15:19,11.72,0.0,2,2344,买盘
990,11:15:31,11.71,-0.01,1,1171,卖盘
991,11:16:01,11.71,0.0,200,234200,卖盘
992,11:16:04,11.71,0.0,51,59721,卖盘
993,11:16:07,11.71,0.0,40,46840,卖盘
994,11:17:04,11.71,0.0,1,1171,卖盘
995,11:17:15,11.71,0.0,200,234200,卖盘
996,11:17:18,11.72,0.01,1,1172,买盘
997,11:17:22,11.71,-0.01,2,2342,卖盘
998,11:17:40,11.7,-0.01,1,1170,卖盘
999,11:17:42,11.7,0.0,1,1170,卖盘
1000,11:17:45,11.71,0.01,48,56208,买盘
1001,11:17:48,11.7,-0.01,1,1170,卖盘
1002,11:18:07,11.7,0.0,87,101792,卖盘
1003,11:18:16,11.71,0.01,1,1171,买盘
1004,11:18:37,11.71,0.0,5,5855,买盘
1005,11:18:40,11.7,-0.01,72,84240,卖盘
1006,11:18:43,11.7,0.0,7,8190,买盘
1007,11:19:01,11.69,-0.01,34,39763,卖盘
1008,11:19:18,11.7,0.01,1,1170,卖盘
1009,11:19:33,11.71,0.01,36,42156,买盘
1010,11:20:09,11.7,-0.01,85,99457,卖盘
1011,11:20:19,11.71,0.01,1,1171,买盘
1012,11:20:25,11.71,0.0,2,2342,卖盘
1013,11:20:40,11.71,0.0,7,8197,买盘
1014,11:20:52,11.72,0.01,96,111922,买盘
1015,11:20:54,11.72,0.0,1,1172,卖盘
1016,11:20:57,11.72,0.0,3,4102,卖盘
1017,11:21:09,11.71,-0.01,1,1171,卖盘
1018,11:21:19,11.71,0.0,1,1171,卖盘
1019,11:21:28,11.7,-0.01,123,143910,卖盘
1020,11:21:46,11.71,0.01,56,65549,买盘
1021,11:21:49,11.73,0.02,27,31651,买盘
1022,11:21:52,11.71,-0.02,1,1171,卖盘
1023,11:22:09,11.71,0.0,87,101877,卖盘
1024,11:22:28,11.72,0.01,1,1172,卖盘
1025,11:22:34,11.72,0.0,3,3516,卖盘
1026,11:22:49,11.73,0.01,18,21114,买盘
1027,11:23:12,11.73,0.0,1,1173,买盘
1028,11:23:21,11.73,0.0,2,2346,买盘
1029,11:23:25,11.72,-0.01,1,1172,卖盘
1030,11:23:46,11.73,0.01,6,7038,买盘
1031,11:23:49,11.73,0.0,5,5865,买盘
1032,11:23:52,11.73,0.0,8,9384,买盘
1033,11:23:54,11.73,0.0,14,16422,买盘
1034,11:24:01,11.73,0.0,4,4692,买盘
1035,11:24:04,11.72,-0.01,1,1172,卖盘
1036,11:24:07,11.73,0.01,3,3519,买盘
1037,11:24:13,11.72,-0.01,85,99620,卖盘
1038,11:24:28,11.72,0.0,1,1172,卖盘
1039,11:24:37,11.73,0.01,2,2346,买盘
1040,11:24:39,11.73,0.0,3,3519,买盘
1041,11:24:43,11.73,0.0,4,4692,买盘
1042,11:24:46,11.73,0.0,9,10557,买盘
1043,11:24:49,11.73,0.0,26,30488,买盘
1044,11:24:51,11.73,0.0,15,17595,买盘
1045,11:24:55,11.73,0.0,42,49266,买盘
1046,11:25:01,11.73,0.0,27,31670,买盘
1047,11:25:07,11.73,0.0,28,32844,买盘
1048,11:25:12,11.73,0.0,15,17595,买盘
1049,11:25:16,11.73,0.0,2,2346,买盘
1050,11:25:18,11.73,0.0,9,10557,买盘
1051,11:25:37,11.73,0.0,1,1173,卖盘
1052,11:25:52,11.74,0.01,14,16436,买盘
1053,11:25:57,11.74,0.0,10,11740,卖盘
1054,11:26:00,11.75,0.01,97,113975,买盘
1055,11:26:04,11.75,0.0,15,17625,买盘
1056,11:26:07,11.75,0.0,14,16450,买盘
1057,11:26:13,11.73,-0.02,85,99729,卖盘
1058,11:26:33,11.74,0.01,1,1174,卖盘
1059,11:26:49,11.74,0.0,2,2348,买盘
1060,11:26:55,11.75,0.01,329,386567,买盘
1061,11:27:16,11.75,0.0,1,1175,卖盘
1062,11:27:46,11.76,0.01,39,45864,卖盘
1063,11:27:57,11.76,0.0,40,47040,买盘
1064,11:28:04,11.76,0.0,3,3528,买盘
1065,11:28:10,11.75,-0.01,1,1175,卖盘
1066,11:28:16,11.75,0.0,85,99875,卖盘
1067,11:28:22,11.75,0.0,3,3525,卖盘
1068,11:28:25,11.75,0.0,10,11750,卖盘
1069,11:28:27,11.76,0.01,46,54096,买盘
1070,11:28:30,11.76,0.0,18,21168,买盘
1071,11:28:40,11.75,-0.01,5,5875,卖盘
1072,11:28:46,11.75,0.0,10,11750,卖盘
1073,11:28:52,11.75,0.0,5,5875,卖盘
1074,11:29:09,11.75,0.0,1,1175,卖盘
1075,11:29:19,11.76,0.01,30,35280,买盘
1076,11:29:22,11.77,0.01,105,123516,买盘
1077,11:29:31,11.77,0.0,100,117700,买盘
1078,11:29:46,11.75,-0.02,1,1175,卖盘
1079,11:29:52,11.77,0.02,21,24717,买盘
1080,13:00:04,11.77,0.0,242,285064,卖盘
1081,13:00:07,11.77,0.0,137,161249,买盘
1082,13:00:10,11.78,0.01,71,83624,买盘
1083,13:00:15,11.77,-0.01,45,52980,卖盘
1084,13:00:18,11.76,-0.01,39,45882,卖盘
1085,13:00:22,11.78,0.02,7,8245,买盘
1086,13:00:28,11.78,0.0,5,5890,卖盘
1087,13:00:40,11.78,0.0,3,3534,卖盘
1088,13:00:43,11.78,0.0,4,4712,卖盘
1089,13:00:49,11.78,0.0,10,11780,卖盘
1090,13:00:54,11.78,0.0,6,7068,卖盘
1091,13:01:01,11.78,0.0,15,17670,卖盘
1092,13:01:22,11.76,-0.02,6,7056,卖盘
1093,13:01:28,11.76,0.0,5,5880,卖盘
1094,13:01:40,11.75,-0.01,8,9400,卖盘
1095,13:01:46,11.76,0.01,17,19990,买盘
1096,13:01:52,11.76,0.0,5,5880,卖盘
1097,13:01:54,11.76,0.0,14,16464,卖盘
1098,13:02:01,11.76,0.0,14,16464,卖盘
1099,13:02:04,11.77,0.01,47,55319,买盘
1100,13:02:07,11.76,-0.01,24,28224,卖盘
1101,13:02:13,11.76,0.0,20,23520,卖盘
1102,13:02:19,11.74,-0.02,86,101111,卖盘
1103,13:02:57,11.74,0.0,1,1174,卖盘
1104,13:03:49,11.75,0.01,21,24674,买盘
1105,13:03:55,11.74,-0.01,1,1174,卖盘
1106,13:04:18,11.73,-0.01,46,53995,卖盘
1107,13:04:22,11.73,0.0,20,23460,卖盘
1108,13:04:27,11.72,-0.01,2,2344,卖盘
1109,13:04:30,11.72,0.0,2,2344,卖盘
1110,13:04:33,11.73,0.01,5,5865,买盘
1111,13:04:49,11.73,0.0,16,18765,买盘
1112,13:04:51,11.73,0.0,15,17595,买盘
1113,13:04:54,11.74,0.01,12,14088,买盘
1114,13:05:10,11.73,-0.01,1,1173,卖盘
1115,13:05:28,11.73,0.0,1,1173,卖盘
1116,13:05:48,11.73,0.0,1,1173,卖盘
1117,13:06:06,11.73,0.0,1,1173,卖盘
1118,13:06:13,11.74,0.01,74,86821,买盘
1119,13:06:15,11.73,-0.01,105,123165,卖盘
1120,13:06:21,11.72,-0.01,101,118411,卖盘
1121,13:06:24,11.72,0.0,4,4688,卖盘
1122,13:06:45,11.73,0.01,30,35190,买盘
1123,13:06:51,11.73,0.0,1,1173,买盘
1124,13:07:04,11.73,0.0,1,1173,卖盘
1125,13:07:13,11.74,0.01,1,1174,买盘
1126,13:07:28,11.75,0.01,14,16450,买盘
1127,13:07:46,11.76,0.01,57,67032,买盘
1128,13:07:49,11.76,0.0,2,2352,卖盘
1129,13:08:01,11.76,0.0,1,1176,卖盘
1130,13:08:04,11.77,0.01,20,23540,买盘
1131,13:08:22,11.75,-0.02,51,59981,卖盘
1132,13:08:25,11.75,0.0,41,48175,卖盘
1133,13:08:39,11.75,0.0,1,1175,卖盘
1134,13:08:52,11.76,0.01,33,38808,买盘
1135,13:09:10,11.76,0.0,2,2352,卖盘
1136,13:09:16,11.76,0.0,6,7056,卖盘
1137,13:09:22,11.76,0.0,2,2352,卖盘
1138,13:09:31,11.78,0.02,50,58875,买盘
1139,13:09:36,11.75,-0.03,1,1175,卖盘
1140,13:09:46,11.76,0.01,10,11760,卖盘
1141,13:10:07,11.77,0.01,1,1177,买盘
1142,13:10:13,11.77,0.0,1,1177,卖盘
1143,13:10:21,11.78,0.01,1,1178,买盘
1144,13:10:25,11.77,-0.01,158,186040,卖盘
1145,13:10:28,11.77,0.0,6,7062,卖盘
1146,13:10:30,11.76,-0.01,95,111761,卖盘
1147,13:10:33,11.78,0.02,34,40028,买盘
1148,13:11:01,11.78,0.0,3,3534,买盘
1149,13:11:09,11.77,-0.01,2,2354,卖盘
1150,13:11:12,11.77,0.0,1,1177,卖盘
1151,13:11:22,11.77,0.0,12,14124,卖盘
1152,13:11:40,11.77,0.0,10,11770,卖盘
1153,13:11:49,11.77,0.0,2,2354,卖盘
1154,13:11:58,11.77,0.0,10,11770,卖盘
1155,13:12:01,11.77,0.0,5,5885,卖盘
1156,13:12:28,11.77,0.0,86,101222,卖盘
1157,13:12:34,11.77,0.0,23,27071,卖盘
1158,13:12:46,11.76,-0.01,1,1176,卖盘
1159,13:12:51,11.76,0.0,3,3528,卖盘
1160,13:12:55,11.76,0.0,40,47040,卖盘
1161,13:12:57,11.76,0.0,5,5880,卖盘
1162,13:13:01,11.76,0.0,24,28224,卖盘
1163,13:13:07,11.76,0.0,81,95256,卖盘
1164,13:13:10,11.76,0.0,1,1176,卖盘
1165,13:13:13,11.77,0.01,32,37636,买盘
1166,13:13:25,11.76,-0.01,1,1176,卖盘
1167,13:13:28,11.76,0.0,32,37632,卖盘
1168,13:13:39,11.75,-0.01,12,14100,卖盘
1169,13:13:46,11.75,0.0,1,1175,卖盘
1170,13:13:49,11.75,0.0,2,2350,卖盘
1171,13:13:55,11.75,0.0,21,24675,卖盘
1172,13:14:01,11.75,0.0,36,42301,卖盘
1173,13:14:09,11.75,0.0,20,23500,卖盘
1174,13:14:22,11.74,-0.01,1,1174,卖盘
1175,13:14:28,11.74,0.0,45,52830,卖盘
1176,13:14:30,11.73,-0.01,42,49277,卖盘
1177,13:14:39,11.73,0.0,100,117300,卖盘
1178,13:14:45,11.73,0.0,10,11730,卖盘
1179,13:14:57,11.74,0.01,66,77484,买盘
1180,13:15:01,11.74,0.0,1,1174,卖盘
1181,13:15:09,11.74,0.0,1,1174,卖盘
1182,13:15:18,11.74,0.0,60,70440,卖盘
1183,13:15:28,11.75,0.01,34,39950,买盘
1184,13:15:34,11.75,0.0,113,132953,卖盘
1185,13:15:37,11.75,0.0,3,3525,买盘
1186,13:15:49,11.74,-0.01,1,1174,卖盘
1187,13:15:57,11.74,0.0,1,1174,卖盘
1188,13:16:04,11.78,0.04,100,117678,买盘
1189,13:16:27,11.74,-0.04,21,24654,卖盘
1190,13:16:34,11.74,0.0,1,1174,卖盘
1191,13:17:34,11.75,0.01,1,1175,卖盘
1192,13:17:49,11.75,0.0,2,2350,卖盘
1193,13:18:28,11.75,0.0,2,2350,卖盘
1194,13:18:31,11.75,0.0,1,1175,卖盘
1195,13:18:46,11.75,0.0,5,5875,卖盘
1196,13:18:49,11.75,0.0,10,11750,卖盘
1197,13:19:06,11.75,0.0,14,16450,卖盘
1198,13:19:10,11.75,0.0,1,1175,卖盘
1199,13:19:13,11.75,0.0,34,39950,卖盘
1200,13:19:34,11.76,0.01,1,1176,买盘
1201,13:19:49,11.75,-0.01,11,12925,卖盘
1202,13:19:58,11.75,0.0,5,5875,卖盘
1203,13:20:04,11.75,0.0,6,7050,卖盘
1204,13:20:25,11.75,0.0,55,64675,卖盘
1205,13:20:28,11.75,0.0,1,1175,卖盘
1206,13:20:34,11.76,0.01,22,25872,买盘
1207,13:20:43,11.76,0.0,1,1176,卖盘
1208,13:21:10,11.76,0.0,2,2352,卖盘
1209,13:21:40,11.76,0.0,1,1176,卖盘
1210,13:21:49,11.76,0.0,1,1176,卖盘
1211,13:22:18,11.76,0.0,1,1176,卖盘
1212,13:22:27,11.76,0.0,10,11760,卖盘
1213,13:22:31,11.76,0.0,1,1176,卖盘
1214,13:22:34,11.76,0.0,29,34104,卖盘
1215,13:22:37,11.76,0.0,50,58800,买盘
1216,13:22:55,11.76,0.0,41,48216,买盘
1217,13:23:10,11.76,0.0,2,2352,卖盘
1218,13:23:15,11.76,0.0,6,7056,卖盘
1219,13:23:46,11.76,0.0,5,5880,卖盘
1220,13:23:48,11.76,0.0,1,1176,卖盘
1221,13:23:55,11.76,0.0,97,114072,卖盘
1222,13:23:57,11.76,0.0,30,35280,卖盘
1223,13:24:00,11.76,0.0,14,16464,卖盘
1224,13:24:04,11.76,0.0,30,35280,卖盘
1225,13:24:07,11.76,0.0,38,44688,卖盘
1226,13:24:09,11.75,-0.01,25,29380,卖盘
1227,13:24:13,11.75,0.0,18,21150,卖盘
1228,13:24:16,11.76,0.01,45,52914,买盘
1229,13:24:18,11.76,0.0,23,27048,卖盘
1230,13:24:21,11.76,0.0,2,2352,卖盘
1231,13:24:27,11.76,0.0,4,4704,卖盘
1232,13:24:46,11.75,-0.01,54,63450,卖盘
1233,13:24:49,11.75,0.0,1,1175,卖盘
1234,13:24:51,11.75,0.0,20,23500,卖盘
1235,13:24:58,11.75,0.0,1,1175,卖盘
1236,13:25:04,11.75,0.0,1,1175,卖盘
1237,13:25:07,11.75,0.0,11,12925,卖盘
1238,13:25:24,11.74,-0.01,8,9392,卖盘
1239,13:25:27,11.74,0.0,1,1174,卖盘
1240,13:25:49,11.74,0.0,1,1174,卖盘
1241,13:25:52,11.74,0.0,5,5870,卖盘
1242,13:26:01,11.74,0.0,2,2348,卖盘
1243,13:26:07,11.74,0.0,25,29350,卖盘
1244,13:26:10,11.74,0.0,9,10566,卖盘
1245,13:26:25,11.74,0.0,1,1174,卖盘
1246,13:26:28,11.74,0.0,1,1174,卖盘
1247,13:27:04,11.74,0.0,1,1174,卖盘
1248,13:27:10,11.75,0.01,46,54009,买盘
1249,13:27:13,11.75,0.0,8,9400,买盘
1250,13:27:21,11.75,0.0,19,22325,买盘
1251,13:27:33,11.74,-0.01,10,11740,卖盘
1252,13:27:43,11.75,0.01,11,12925,买盘
1253,13:27:46,11.75,0.0,30,35250,买盘
1254,13:27:49,11.74,-0.01,2,2348,卖盘
1255,13:27:52,11.75,0.01,6,7049,买盘
1256,13:28:01,11.74,-0.01,1,1174,卖盘
1257,13:28:10,11.74,0.0,30,35220,卖盘
1258,13:28:27,11.74,0.0,5,5870,卖盘
1259,13:28:31,11.74,0.0,1,1174,卖盘
1260,13:28:37,11.74,0.0,2,2348,卖盘
1261,13:28:43,11.75,0.01,5,5872,买盘
1262,13:28:58,11.74,-0.01,1,1174,卖盘
1263,13:29:10,11.74,0.0,1,1174,卖盘
1264,13:29:24,11.75,0.01,1,1175,买盘
1265,13:29:27,11.74,-0.01,12,14088,卖盘
1266,13:29:37,11.74,0.0,1,1174,卖盘
1267,13:29:49,11.74,0.0,1,1174,卖盘
1268,13:30:27,11.74,0.0,1,1174,卖盘
1269,13:30:34,11.74,0.0,1,1174,卖盘
1270,13:31:10,11.74,0.0,3,3522,卖盘
1271,13:31:16,11.75,0.01,2,2350,买盘
1272,13:31:22,11.75,0.0,10,11750,买盘
1273,13:31:37,11.75,0.0,300,352500,买盘
1274,13:31:43,11.75,0.0,9,10575,买盘
1275,13:31:49,11.74,-0.01,2,2348,卖盘
1276,13:31:55,11.75,0.01,10,11750,买盘
1277,13:32:04,11.74,-0.01,8,9392,卖盘
1278,13:32:07,11.74,0.0,6,7049,卖盘
1279,13:32:16,11.75,0.01,16,18800,买盘
1280,13:32:28,11.74,-0.01,1,1174,卖盘
1281,13:32:45,11.74,0.0,1,1174,卖盘
1282,13:33:04,11.74,0.0,5,5870,卖盘
1283,13:33:10,11.74,0.0,1,1174,卖盘
1284,13:33:42,11.74,0.0,1,1174,卖盘
1285,13:33:48,11.74,0.0,1,1174,卖盘
1286,13:33:51,11.74,0.0,11,12914,卖盘
1287,13:34:01,11.74,0.0,14,16436,卖盘
1288,13:34:22,11.74,0.0,1,1174,卖盘
1289,13:34:31,11.74,0.0,2,2348,卖盘
1290,13:34:51,11.74,0.0,30,35220,卖盘
1291,13:34:54,11.75,0.01,46,54050,买盘
1292,13:35:18,11.74,-0.01,3,3522,卖盘
1293,13:35:21,11.75,0.01,1,1175,买盘
1294,13:35:49,11.75,0.0,1,1175,卖盘
1295,13:35:52,11.75,0.0,1,1175,卖盘
1296,13:35:58,11.75,0.0,21,24674,买盘
1297,13:36:04,11.75,0.0,12,14100,卖盘
1298,13:36:13,11.76,0.01,11,12936,买盘
1299,13:36:19,11.75,-0.01,13,15275,卖盘
1300,13:36:31,11.75,0.0,2,2350,卖盘
1301,13:36:37,11.75,0.0,6,7050,卖盘
1302,13:36:52,11.75,0.0,1,1175,卖盘
1303,13:36:55,11.75,0.0,15,17625,卖盘
1304,13:37:10,11.75,0.0,1,1175,卖盘
1305,13:37:22,11.75,0.0,2,2350,卖盘
1306,13:37:31,11.75,0.0,1,1175,卖盘
1307,13:37:40,11.75,0.0,8,9400,卖盘
1308,13:37:43,11.75,0.0,3,3525,卖盘
1309,13:37:48,11.75,0.0,2,2350,卖盘
1310,13:38:04,11.75,0.0,94,110450,卖盘
1311,13:38:06,11.75,0.0,31,36425,卖盘
1312,13:38:25,11.75,0.0,11,12925,卖盘
1313,13:38:28,11.75,0.0,1,1175,卖盘
1314,13:38:31,11.75,0.0,8,9400,卖盘
1315,13:38:34,11.75,0.0,33,38775,卖盘
1316,13:39:10,11.74,-0.01,12,14088,卖盘
1317,13:39:24,11.74,0.0,1,1174,卖盘
1318,13:39:34,11.74,0.0,17,19958,卖盘
1319,13:39:48,11.74,0.0,1,1174,卖盘
1320,13:39:55,11.74,0.0,11,12914,卖盘
1321,13:40:01,11.75,0.01,76,89300,买盘
1322,13:40:04,11.75,0.0,1,1175,卖盘
1323,13:40:07,11.75,0.0,4,4700,卖盘
1324,13:40:09,11.74,-0.01,30,35239,卖盘
1325,13:40:16,11.74,0.0,17,19973,卖盘
1326,13:40:22,11.75,0.01,6,7050,买盘
1327,13:40:27,11.74,-0.01,3,3522,卖盘
1328,13:40:31,11.74,0.0,1,1174,卖盘
1329,13:40:34,11.75,0.01,17,19975,买盘
1330,13:40:36,11.75,0.0,1,1175,买盘
1331,13:40:49,11.75,0.0,15,17625,买盘
1332,13:41:01,11.74,-0.01,1,1174,卖盘
1333,13:41:10,11.74,0.0,3,3522,卖盘
1334,13:41:40,11.74,0.0,1,1174,卖盘
1335,13:41:49,11.74,0.0,1,1174,卖盘
1336,13:41:55,11.75,0.01,5,5875,买盘
1337,13:42:04,11.75,0.0,4,4700,买盘
1338,13:42:10,11.74,-0.01,3,3522,卖盘
1339,13:42:31,11.74,0.0,1,1174,卖盘
1340,13:42:37,11.74,0.0,29,34046,卖盘
1341,13:43:04,11.75,0.01,20,23500,买盘
1342,13:43:10,11.74,-0.01,1,1174,卖盘
1343,13:43:13,11.74,0.0,1,1174,卖盘
1344,13:43:16,11.75,0.01,50,58750,买盘
1345,13:43:18,11.74,-0.01,12,14088,卖盘
1346,13:43:31,11.74,0.0,31,36413,卖盘
1347,13:43:37,11.75,0.01,11,12925,买盘
1348,13:43:43,11.75,0.0,7,8225,卖盘
1349,13:43:46,11.75,0.0,10,11750,卖盘
1350,13:43:48,11.75,0.0,1,1175,卖盘
1351,13:43:51,11.75,0.0,23,27025,卖盘
1352,13:43:54,11.75,0.0,18,21150,卖盘
1353,13:44:01,11.75,0.0,9,10575,卖盘
1354,13:44:06,11.75,0.0,12,14100,卖盘
1355,13:44:10,11.75,0.0,8,9400,卖盘
1356,13:44:31,11.74,-0.01,2,2348,卖盘
1357,13:44:48,11.75,0.01,24,28179,买盘
1358,13:45:04,11.74,-0.01,7,8218,卖盘
1359,13:45:10,11.74,0.0,1,1174,卖盘
1360,13:45:25,11.74,0.0,50,58700,卖盘
1361,13:45:36,11.75,0.01,1,1175,买盘
1362,13:45:46,11.74,-0.01,1,1174,卖盘
1363,13:45:49,11.74,0.0,2,2348,卖盘
1364,13:45:52,11.74,0.0,30,35220,卖盘
1365,13:46:19,11.75,0.01,5,5875,买盘
1366,13:46:22,11.74,-0.01,1,1174,卖盘
1367,13:46:31,11.74,0.0,1,1174,卖盘
1368,13:46:37,11.74,0.0,22,25828,卖盘
1369,13:46:43,11.75,0.01,4,4700,买盘
1370,13:46:54,11.75,0.0,17,19975,买盘
1371,13:47:10,11.74,-0.01,1,1174,卖盘
1372,13:47:22,11.74,0.0,1,1174,卖盘
1373,13:47:27,11.75,0.01,1,1175,买盘
1374,13:47:49,11.74,-0.01,1,1174,卖盘
1375,13:47:52,11.74,0.0,1,1174,卖盘
1376,13:47:54,11.75,0.01,50,58750,买盘
1377,13:48:01,11.74,-0.01,1,1174,卖盘
1378,13:48:27,11.74,0.0,3,3522,卖盘
1379,13:48:31,11.74,0.0,1,1174,卖盘
1380,13:48:36,11.74,0.0,3,3522,卖盘
1381,13:48:54,11.74,0.0,1,1174,卖盘
1382,13:49:09,11.74,0.0,1,1174,卖盘
1383,13:49:31,11.75,0.01,1,1175,买盘
1384,13:49:36,11.75,0.0,25,29351,买盘
1385,13:49:40,11.74,-0.01,3,3522,卖盘
1386,13:49:49,11.74,0.0,21,24674,卖盘
1387,13:49:52,11.74,0.0,1,1174,卖盘
1388,13:50:04,11.74,0.0,5,5870,卖盘
1389,13:50:28,11.74,0.0,2,2348,卖盘
1390,13:50:31,11.74,0.0,3,3522,卖盘
1391,13:50:37,11.74,0.0,4,4696,卖盘
1392,13:50:57,11.74,0.0,11,12914,卖盘
1393,13:51:04,11.75,0.01,50,58750,买盘
1394,13:51:10,11.74,-0.01,19,22323,卖盘
1395,13:51:22,11.75,0.01,15,17625,买盘
1396,13:51:25,11.75,0.0,18,21150,买盘
1397,13:51:27,11.75,0.0,14,16449,买盘
1398,13:51:45,11.76,0.01,9,10584,买盘
1399,13:51:49,11.75,-0.01,1,1175,卖盘
1400,13:51:52,11.75,0.0,3,3525,卖盘
1401,13:52:07,11.75,0.0,1,1175,卖盘
1402,13:52:10,11.75,0.0,20,23500,卖盘
1403,13:52:24,11.75,0.0,3,3525,卖盘
1404,13:52:31,11.75,0.0,1,1175,卖盘
1405,13:52:34,11.76,0.01,10,11760,买盘
1406,13:52:37,11.75,-0.01,10,11750,卖盘
1407,13:53:04,11.75,0.0,11,12935,卖盘
1408,13:53:07,11.76,0.01,1,1176,买盘
1409,13:53:10,11.76,0.0,63,74087,买盘
1410,13:53:13,11.76,0.0,49,57624,买盘
1411,13:53:16,11.75,-0.01,19,22325,卖盘
1412,13:53:21,11.76,0.01,110,129360,买盘
1413,13:53:40,11.76,0.0,1,1176,卖盘
1414,13:53:52,11.76,0.0,1,1176,卖盘
1415,13:53:58,11.76,0.0,2,2352,卖盘
1416,13:54:04,11.76,0.0,3,3528,卖盘
1417,13:54:07,11.76,0.0,12,14112,卖盘
1418,13:54:10,11.76,0.0,24,28224,卖盘
1419,13:54:13,11.76,0.0,36,42336,卖盘
1420,13:54:19,11.76,0.0,4,4704,卖盘
1421,13:54:24,11.76,0.0,2,2352,卖盘
1422,13:54:28,11.77,0.01,13,15295,买盘
1423,13:54:31,11.76,-0.01,12,14112,卖盘
1424,13:54:37,11.76,0.0,54,63504,卖盘
1425,13:54:40,11.77,0.01,9,10592,买盘
1426,13:54:45,11.77,0.0,10,11770,买盘
1427,13:54:51,11.77,0.0,9,10593,买盘
1428,13:54:55,11.76,-0.01,10,11760,卖盘
1429,13:55:01,11.77,0.01,7,8239,买盘
1430,13:55:10,11.76,-0.01,2,2352,卖盘
1431,13:55:13,11.76,0.0,57,67039,卖盘
1432,13:55:16,11.76,0.0,1,1176,卖盘
1433,13:55:18,11.76,0.0,121,142396,卖盘
1434,13:55:24,11.76,0.0,8,9408,买盘
1435,13:55:31,11.76,0.0,32,37632,买盘
1436,13:55:34,11.76,0.0,7,8232,买盘
1437,13:55:43,11.75,-0.01,30,35250,卖盘
1438,13:55:46,11.76,0.01,8,9408,买盘
1439,13:55:49,11.76,0.0,54,63504,买盘
1440,13:55:51,11.76,0.0,14,16464,卖盘
1441,13:55:57,11.77,0.01,8,9416,买盘
1442,13:56:04,11.76,-0.01,13,15288,卖盘
1443,13:56:07,11.76,0.0,8,9408,买盘
1444,13:56:10,11.75,-0.01,75,88155,卖盘
1445,13:56:13,11.75,0.0,1,1175,卖盘
1446,13:56:19,11.77,0.02,9,10593,买盘
1447,13:56:31,11.75,-0.02,13,15291,卖盘
1448,13:56:40,11.76,0.01,8,9408,买盘
1449,13:56:43,11.75,-0.01,10,11750,卖盘
1450,13:56:52,11.76,0.01,9,10583,买盘
1451,13:56:58,11.76,0.0,1,1176,买盘
1452,13:57:04,11.75,-0.01,19,22335,卖盘
1453,13:57:07,11.76,0.01,33,38808,买盘
1454,13:57:10,11.75,-0.01,1,1175,卖盘
1455,13:57:13,11.76,0.01,8,9408,买盘
1456,13:57:19,11.76,0.0,2,2352,买盘
1457,13:57:22,11.76,0.0,10,11760,买盘
1458,13:57:25,11.77,0.01,7,8239,买盘
1459,13:57:37,11.77,0.0,8,9416,买盘
1460,13:57:46,11.77,0.0,7,8239,买盘
1461,13:57:49,11.76,-0.01,2,2352,卖盘
1462,13:57:52,11.77,0.01,15,17655,买盘
1463,13:57:58,11.77,0.0,8,9416,买盘
1464,13:58:10,11.76,-0.01,51,59984,卖盘
1465,13:58:13,11.76,0.0,51,60026,卖盘
1466,13:58:18,11.77,0.01,9,10593,买盘
1467,13:58:31,11.77,0.0,9,10592,买盘
1468,13:58:37,11.76,-0.01,19,22344,卖盘
1469,13:58:39,11.77,0.01,59,69443,买盘
1470,13:58:42,11.77,0.0,8,9416,买盘
1471,13:58:45,11.76,-0.01,1,1176,卖盘
1472,13:58:49,11.77,0.01,76,89452,买盘
1473,13:58:52,11.78,0.01,22,25902,买盘
1474,13:58:55,11.77,-0.01,5,5885,卖盘
1475,13:58:58,11.77,0.0,15,17655,卖盘
1476,13:59:01,11.77,0.0,17,20009,买盘
1477,13:59:04,11.77,0.0,8,9416,买盘
1478,13:59:06,11.77,0.0,1,1177,买盘
1479,13:59:09,11.76,-0.01,1,1176,卖盘
1480,13:59:15,11.77,0.01,9,10593,买盘
1481,13:59:25,11.77,0.0,8,9415,买盘
1482,13:59:31,11.76,-0.01,1,1176,卖盘
1483,13:59:37,11.77,0.01,7,8239,买盘
1484,13:59:40,11.77,0.0,33,38811,买盘
1485,13:59:46,11.76,-0.01,2,2352,卖盘
1486,13:59:48,11.77,0.01,8,9416,买盘
1487,13:59:52,11.76,-0.01,2,2352,卖盘
1488,14:00:01,11.77,0.01,8,9416,买盘
1489,14:00:10,11.77,0.0,8,9416,买盘
1490,14:00:22,11.77,0.0,9,10592,买盘
1491,14:00:31,11.76,-0.01,1,1176,卖盘
1492,14:00:33,11.76,0.0,11,12944,卖盘
1493,14:00:42,11.77,0.01,27,31779,买盘
1494,14:00:55,11.77,0.0,9,10593,买盘
1495,14:00:58,11.76,-0.01,3,3528,卖盘
1496,14:01:01,11.76,0.0,43,50568,卖盘
1497,14:01:07,11.77,0.01,7,8239,买盘
1498,14:01:09,11.76,-0.01,1,1176,卖盘
1499,14:01:15,11.77,0.01,7,8239,买盘
1500,14:01:28,11.77,0.0,7,8239,买盘
1501,14:01:39,11.77,0.0,8,9416,买盘
1502,14:01:45,11.76,-0.01,5,5880,卖盘
1503,14:01:49,11.76,0.0,12,14120,卖盘
1504,14:01:58,11.76,0.0,1,1176,卖盘
1505,14:02:01,11.77,0.01,8,9416,买盘
1506,14:02:07,11.76,-0.01,19,22344,卖盘
1507,14:02:13,11.77,0.01,8,9416,买盘
1508,14:02:22,11.77,0.0,9,10593,买盘
1509,14:02:31,11.76,-0.01,1,1176,卖盘
1510,14:02:34,11.76,0.0,9,10592,卖盘
1511,14:02:40,11.76,0.0,4,4704,卖盘
1512,14:02:46,11.77,0.01,8,9416,买盘
1513,14:02:52,11.76,-0.01,6,7056,卖盘
1514,14:02:55,11.77,0.01,9,10593,买盘
1515,14:03:07,11.77,0.0,158,185966,买盘
1516,14:03:09,11.76,-0.01,1,1176,卖盘
1517,14:03:19,11.77,0.01,7,8239,买盘
1518,14:03:22,11.77,0.0,7,8239,买盘
1519,14:03:28,11.77,0.0,7,8239,买盘
1520,14:03:31,11.76,-0.01,5,5882,卖盘
1521,14:03:39,11.77,0.01,8,9416,买盘
1522,14:03:49,11.77,0.0,14,16478,买盘
1523,14:03:52,11.77,0.0,9,10592,买盘
1524,14:03:55,11.76,-0.01,200,235200,卖盘
1525,14:04:01,11.77,0.01,7,8239,买盘
1526,14:04:04,11.77,0.0,72,84744,买盘
1527,14:04:06,11.77,0.0,23,27071,卖盘
1528,14:04:10,11.77,0.0,16,18832,卖盘
1529,14:04:13,11.76,-0.01,64,75328,卖盘
1530,14:04:19,11.76,0.0,4,4703,买盘
1531,14:04:25,11.76,0.0,8,9408,买盘
1532,14:04:31,11.75,-0.01,2,2350,卖盘
1533,14:04:33,11.76,0.01,8,9408,买盘
1534,14:04:43,11.75,-0.01,15,17625,卖盘
1535,14:04:46,11.76,0.01,7,8232,买盘
1536,14:04:49,11.76,0.0,28,32928,买盘
1537,14:04:58,11.76,0.0,7,8232,买盘
1538,14:05:07,11.75,-0.01,70,81670,卖盘
1539,14:05:09,11.75,0.0,1,1175,卖盘
1540,14:05:19,11.76,0.01,7,8232,买盘
1541,14:05:31,11.76,0.0,8,9408,买盘
1542,14:05:39,11.76,0.0,8,9408,买盘
1543,14:05:43,11.75,-0.01,52,61100,卖盘
1544,14:05:52,11.76,0.01,9,10583,买盘
1545,14:06:04,11.76,0.0,7,8232,买盘
1546,14:06:07,11.76,0.0,2,2352,买盘
1547,14:06:10,11.75,-0.01,1,1175,卖盘
1548,14:06:15,11.76,0.01,8,9408,买盘
1549,14:06:19,11.76,0.0,12,14112,买盘
1550,14:06:25,11.76,0.0,8,9408,买盘
1551,14:06:28,11.75,-0.01,25,29375,卖盘
1552,14:06:31,11.75,0.0,98,115738,卖盘
1553,14:06:37,11.75,0.0,8,9400,买盘
1554,14:06:42,11.74,-0.01,29,34046,卖盘
1555,14:06:46,11.74,0.0,7,8218,卖盘
1556,14:06:49,11.74,0.0,33,38750,卖盘
1557,14:06:58,11.74,0.0,8,9392,买盘
1558,14:07:10,11.73,-0.01,9,10565,卖盘
1559,14:07:18,11.73,0.0,1,1173,卖盘
1560,14:07:22,11.73,0.0,27,31678,卖盘
1561,14:07:27,11.73,0.0,10,11730,卖盘
1562,14:07:30,11.74,0.01,7,8218,买盘
1563,14:07:42,11.74,0.0,8,9392,买盘
1564,14:07:52,11.73,-0.01,1,1173,卖盘
1565,14:07:55,11.74,0.01,7,8218,买盘
1566,14:08:04,11.74,0.0,7,8218,买盘
1567,14:08:15,11.73,-0.01,9,10565,卖盘
1568,14:08:28,11.74,0.01,8,9392,买盘
1569,14:08:30,11.73,-0.01,1,1173,卖盘
1570,14:08:37,11.74,0.01,7,8218,买盘
1571,14:08:48,11.74,0.0,8,9392,买盘
1572,14:09:01,11.73,-0.01,17,19950,卖盘
1573,14:09:07,11.74,0.01,17,19958,买盘
1574,14:09:10,11.74,0.0,10,11738,买盘
1575,14:09:16,11.73,-0.01,1,1173,卖盘
1576,14:09:19,11.74,0.01,8,9392,买盘
1577,14:09:21,11.73,-0.01,24,28165,卖盘
1578,14:09:31,11.73,0.0,1,1173,卖盘
1579,14:09:34,11.74,0.01,8,9392,买盘
1580,14:09:37,11.74,0.0,15,17610,买盘
1581,14:09:40,11.74,0.0,5,5870,买盘
1582,14:09:42,11.74,0.0,73,85702,买盘
1583,14:09:49,11.73,-0.01,1,1173,卖盘
1584,14:09:51,11.73,0.0,14,16435,卖盘
1585,14:09:55,11.74,0.01,7,8218,买盘
1586,14:10:01,11.73,-0.01,267,313221,卖盘
1587,14:10:04,11.73,0.0,79,92667,买盘
1588,14:10:07,11.73,0.0,8,9384,买盘
1589,14:10:16,11.73,0.0,8,9384,买盘
1590,14:10:19,11.72,-0.01,15,17580,卖盘
1591,14:10:28,11.74,0.02,32,37544,买盘
1592,14:10:30,11.72,-0.02,77,90251,卖盘
1593,14:10:37,11.72,0.0,10,11720,买盘
1594,14:10:40,11.72,0.0,8,9376,买盘
1595,14:10:43,11.72,0.0,11,12892,买盘
1596,14:10:49,11.72,0.0,9,10547,买盘
1597,14:11:01,11.72,0.0,37,43364,买盘
1598,14:11:10,11.71,-0.01,1,1171,卖盘
1599,14:11:13,11.72,0.01,108,126576,买盘
1600,14:11:16,11.72,0.0,2,2344,买盘
1601,14:11:21,11.74,0.02,8,8798,买盘
1602,14:11:28,11.71,-0.03,1,1758,买盘
1603,14:11:34,11.74,0.03,8,9392,卖盘
1604,14:11:45,11.74,0.0,8,9388,买盘
1605,14:11:52,11.72,-0.02,1,1172,卖盘
1606,14:11:57,11.74,0.02,7,8218,买盘
1607,14:12:07,11.74,0.0,7,8218,买盘
1608,14:12:19,11.74,0.0,22,25828,买盘
1609,14:12:25,11.73,-0.01,1,1173,卖盘
1610,14:12:28,11.72,-0.01,11,12893,卖盘
1611,14:12:31,11.74,0.02,8,9392,买盘
1612,14:12:40,11.74,0.0,11,12908,买盘
1613,14:12:48,11.73,-0.01,1,1173,卖盘
1614,14:12:52,11.74,0.01,9,10565,买盘
1615,14:12:55,11.73,-0.01,8,9384,卖盘
1616,14:12:58,11.74,0.01,5,5869,买盘
1617,14:13:01,11.72,-0.02,1,1172,卖盘
1618,14:13:04,11.74,0.02,9,10566,买盘
1619,14:13:10,11.72,-0.02,44,51568,卖盘
1620,14:13:12,11.73,0.01,8,9384,买盘
1621,14:13:19,11.73,0.0,10,11730,买盘
1622,14:13:25,11.73,0.0,8,9384,买盘
1623,14:13:33,11.72,-0.01,2,2344,卖盘
1624,14:13:36,11.73,0.01,37,43401,买盘
1625,14:13:43,11.73,0.0,3,3519,卖盘
1626,14:13:46,11.74,0.01,7,8218,买盘
1627,14:13:49,11.73,-0.01,2,2346,卖盘
1628,14:13:52,11.73,0.0,1,1173,卖盘
1629,14:13:57,11.74,0.01,8,9392,买盘
1630,14:14:01,11.74,0.0,241,282933,买盘
1631,14:14:07,11.73,-0.01,2,2346,卖盘
1632,14:14:13,11.74,0.01,39,45786,买盘
1633,14:14:16,11.73,-0.01,1,1173,卖盘
1634,14:14:24,11.73,0.0,84,98532,卖盘
1635,14:14:34,11.72,-0.01,2,2344,卖盘
1636,14:14:37,11.72,0.0,1,1172,卖盘
1637,14:14:40,11.73,0.01,76,89148,买盘
1638,14:14:52,11.72,-0.01,2,2344,卖盘
1639,14:14:58,11.73,0.01,9,10557,买盘
1640,14:15:04,11.72,-0.01,2,2344,卖盘
1641,14:15:10,11.72,0.0,1,1172,卖盘
1642,14:15:19,11.72,0.0,2,2344,卖盘
1643,14:15:25,11.73,0.01,231,270820,买盘
1644,14:15:30,11.71,-0.02,23,26975,卖盘
1645,14:15:42,11.72,0.01,20,23440,买盘
1646,14:15:49,11.72,0.0,1,1172,卖盘
1647,14:15:52,11.72,0.0,1,1172,卖盘
1648,14:15:58,11.72,0.0,14,16408,卖盘
1649,14:16:07,11.73,0.01,13,15247,买盘
1650,14:16:09,11.72,-0.01,101,118458,卖盘
1651,14:16:13,11.72,0.0,1,1172,卖盘
1652,14:16:19,11.72,0.0,2,2344,卖盘
1653,14:16:34,11.72,0.0,24,28128,卖盘
1654,14:16:49,11.72,0.0,3,3516,卖盘
1655,14:16:51,11.72,0.0,3,3516,卖盘
1656,14:16:57,11.72,0.0,5,5860,卖盘
1657,14:17:07,11.72,0.0,4,4688,卖盘
1658,14:17:10,11.72,0.0,2,2344,卖盘
1659,14:17:12,11.72,0.0,8,9376,卖盘
1660,14:17:15,11.72,0.0,3,3516,卖盘
1661,14:17:18,11.72,0.0,43,50396,卖盘
1662,14:17:22,11.72,0.0,4,4688,卖盘
1663,14:17:25,11.72,0.0,1,1172,卖盘
1664,14:17:27,11.72,0.0,10,11720,买盘
1665,14:17:36,11.72,0.0,3,3516,卖盘
1666,14:17:49,11.72,0.0,2,2344,卖盘
1667,14:17:52,11.72,0.0,4,4688,卖盘
1668,14:18:00,11.72,0.0,6,7032,卖盘
1669,14:18:06,11.71,-0.01,4,4684,卖盘
1670,14:18:13,11.72,0.01,10,11720,买盘
1671,14:18:19,11.71,-0.01,7,8197,卖盘
1672,14:18:22,11.71,0.0,4,4684,卖盘
1673,14:18:28,11.71,0.0,5,5855,卖盘
1674,14:18:34,11.71,0.0,7,8197,卖盘
1675,14:18:36,11.71,0.0,6,7026,卖盘
1676,14:18:46,11.71,0.0,16,18736,卖盘
1677,14:18:52,11.71,0.0,4,4684,卖盘
1678,14:18:55,11.72,0.01,17,19924,买盘
1679,14:19:01,11.71,-0.01,42,49215,卖盘
1680,14:19:04,11.71,0.0,4,4684,卖盘
1681,14:19:07,11.71,0.0,2,2342,卖盘
1682,14:19:09,11.72,0.01,10,11720,买盘
1683,14:19:19,11.71,-0.01,3,3513,卖盘
1684,14:19:22,11.71,0.0,100,117100,卖盘
1685,14:19:25,11.71,0.0,1,1171,卖盘
1686,14:19:28,11.71,0.0,12,14052,卖盘
1687,14:19:31,11.71,0.0,1,1171,卖盘
1688,14:19:33,11.71,0.0,4,4684,卖盘
1689,14:19:46,11.71,0.0,65,76115,卖盘
1690,14:19:52,11.71,0.0,4,4684,卖盘
1691,14:20:00,11.7,-0.01,9,10530,卖盘
1692,14:20:04,11.71,0.01,2,2342,买盘
1693,14:20:07,11.71,0.0,4,4681,买盘
1694,14:20:19,11.7,-0.01,1,1170,卖盘
1695,14:20:22,11.7,0.0,4,4680,卖盘
1696,14:20:28,11.7,0.0,3,3510,卖盘
1697,14:20:33,11.7,0.0,4,4680,卖盘
1698,14:20:37,11.71,0.01,20,23420,买盘
1699,14:20:52,11.71,0.0,13,15223,卖盘
1700,14:20:55,11.71,0.0,64,74944,卖盘
1701,14:21:01,11.71,0.0,22,25762,卖盘
1702,14:21:04,11.71,0.0,4,4684,卖盘
1703,14:21:10,11.72,0.01,15,17566,买盘
1704,14:21:16,11.71,-0.01,1,1171,卖盘
1705,14:21:19,11.71,0.0,4,4684,卖盘
1706,14:21:22,11.72,0.01,30,35160,买盘
1707,14:21:28,11.72,0.0,55,64415,买盘
1708,14:21:31,11.71,-0.01,4,4684,卖盘
1709,14:21:34,11.71,0.0,7,8197,卖盘
1710,14:21:37,11.71,0.0,3,3513,卖盘
1711,14:21:40,11.71,0.0,10,11711,卖盘
1712,14:21:43,11.71,0.0,10,11710,卖盘
1713,14:21:45,11.71,0.0,2,2342,卖盘
1714,14:21:49,11.71,0.0,57,66747,卖盘
1715,14:21:52,11.7,-0.01,8,9364,卖盘
1716,14:22:04,11.7,0.0,4,4680,卖盘
1717,14:22:10,11.71,0.01,1,1171,买盘
1718,14:22:16,11.71,0.0,35,40985,买盘
1719,14:22:22,11.7,-0.01,4,4680,卖盘
1720,14:22:24,11.71,0.01,8,9368,买盘
1721,14:22:37,11.7,-0.01,3,3510,卖盘
1722,14:22:40,11.71,0.01,160,187254,买盘
1723,14:22:43,11.71,0.0,10,11710,买盘
1724,14:22:49,11.7,-0.01,4,4680,卖盘
1725,14:22:52,11.7,0.0,2,2340,卖盘
1726,14:23:04,11.7,0.0,104,121680,卖盘
1727,14:23:07,11.7,0.0,24,28080,卖盘
1728,14:23:10,11.7,0.0,1,1170,买盘
1729,14:23:16,11.7,0.0,7,8190,买盘
1730,14:23:22,11.69,-0.01,3,3507,卖盘
1731,14:23:30,11.69,0.0,1,1169,卖盘
1732,14:23:34,11.7,0.01,20,23400,买盘
1733,14:23:37,11.69,-0.01,4,4676,卖盘
1734,14:23:40,11.7,0.01,30,35100,买盘
1735,14:23:52,11.69,-0.01,4,4676,卖盘
1736,14:24:01,11.7,0.01,5,5850,买盘
1737,14:24:04,11.69,-0.01,5,5847,卖盘
1738,14:24:21,11.69,0.0,20,23380,卖盘
1739,14:24:25,11.69,0.0,4,4676,卖盘
1740,14:24:28,11.69,0.0,1,1169,卖盘
1741,14:24:36,11.69,0.0,4,4676,卖盘
1742,14:24:39,11.7,0.01,2,2340,买盘
1743,14:24:46,11.7,0.0,30,35100,买盘
1744,14:24:48,11.69,-0.01,39,45591,卖盘
1745,14:24:51,11.69,0.0,3,3507,卖盘
1746,14:24:57,11.69,0.0,10,11690,卖盘
1747,14:25:04,11.7,0.01,56,65520,买盘
1748,14:25:07,11.69,-0.01,17,19873,卖盘
1749,14:25:10,11.69,0.0,4,4676,卖盘
1750,14:25:19,11.7,0.01,30,35100,买盘
1751,14:25:22,11.69,-0.01,24,28056,卖盘
1752,14:25:37,11.69,0.0,3,3507,卖盘
1753,14:25:39,11.69,0.0,43,50268,卖盘
1754,14:25:43,11.69,0.0,5,5845,卖盘
1755,14:25:46,11.69,0.0,5,5845,卖盘
1756,14:25:52,11.69,0.0,4,4676,卖盘
1757,14:25:55,11.69,0.0,1,1169,卖盘
1758,14:26:04,11.69,0.0,1,1169,卖盘
1759,14:26:06,11.69,0.0,4,4676,卖盘
1760,14:26:09,11.69,0.0,2,2339,卖盘
1761,14:26:13,11.7,0.01,60,70200,买盘
1762,14:26:19,11.69,-0.01,4,4676,卖盘
1763,14:26:22,11.7,0.01,20,23400,买盘
1764,14:26:30,11.7,0.0,10,11700,买盘
1765,14:26:37,11.69,-0.01,3,3507,卖盘
1766,14:26:40,11.69,0.0,2,2339,卖盘
1767,14:26:49,11.69,0.0,9,10521,卖盘
1768,14:27:07,11.69,0.0,14,16366,卖盘
1769,14:27:13,11.69,0.0,21,24549,卖盘
1770,14:27:18,11.7,0.01,10,11700,买盘
1771,14:27:22,11.69,-0.01,5,5845,卖盘
1772,14:27:25,11.68,-0.01,414,483782,卖盘
1773,14:27:36,11.67,-0.01,25,29195,卖盘
1774,14:27:49,11.67,0.0,64,74748,卖盘
1775,14:27:58,11.67,0.0,10,11670,卖盘
1776,14:28:04,11.68,0.01,20,23360,买盘
1777,14:28:09,11.67,-0.01,7,8169,卖盘
1778,14:28:16,11.68,0.01,3,3503,买盘
1779,14:28:22,11.67,-0.01,4,4668,卖盘
1780,14:28:25,11.68,0.01,92,107409,买盘
1781,14:28:37,11.67,-0.01,4,4668,卖盘
1782,14:28:51,11.67,0.0,3,3501,卖盘
1783,14:28:57,11.67,0.0,5,5835,卖盘
1784,14:29:01,11.68,0.01,5,5840,买盘
1785,14:29:07,11.67,-0.01,4,4668,卖盘
1786,14:29:13,11.68,0.01,23,26863,买盘
1787,14:29:22,11.67,-0.01,4,4668,卖盘
1788,14:29:31,11.67,0.0,1,1167,卖盘
1789,14:29:34,11.67,0.0,14,16339,卖盘
1790,14:29:37,11.67,0.0,42,49014,卖盘
1791,14:29:49,11.68,0.01,5,5840,买盘
1792,14:29:51,11.67,-0.01,6,7003,卖盘
1793,14:30:04,11.67,0.0,4,4668,卖盘
1794,14:30:07,11.67,0.0,11,12837,卖盘
1795,14:30:22,11.67,0.0,4,4668,卖盘
1796,14:30:25,11.68,0.01,25,29200,买盘
1797,14:30:28,11.67,-0.01,83,96911,卖盘
1798,14:30:31,11.68,0.01,129,150672,买盘
1799,14:30:37,11.68,0.0,3,3504,卖盘
1800,14:30:40,11.69,0.01,1,1169,买盘
1801,14:30:43,11.67,-0.02,313,365415,卖盘
1802,14:30:49,11.66,-0.01,4,4664,卖盘
1803,14:30:58,11.67,0.01,13,15171,买盘
1804,14:31:01,11.66,-0.01,230,268194,卖盘
1805,14:31:04,11.65,-0.01,4,4660,卖盘
1806,14:31:13,11.65,0.0,9,10490,卖盘
1807,14:31:16,11.65,0.0,10,11650,卖盘
1808,14:31:22,11.65,0.0,9,10485,卖盘
1809,14:31:25,11.66,0.01,350,407753,买盘
1810,14:31:28,11.65,-0.01,1,1165,卖盘
1811,14:31:31,11.65,0.0,42,48930,卖盘
1812,14:31:34,11.66,0.01,38,44308,买盘
1813,14:31:37,11.65,-0.01,4,4660,卖盘
1814,14:31:39,11.66,0.01,1,1166,买盘
1815,14:31:48,11.66,0.0,4,4664,买盘
1816,14:31:52,11.65,-0.01,4,4663,卖盘
1817,14:31:58,11.66,0.01,4,4664,买盘
1818,14:32:01,11.69,0.03,4,4676,买盘
1819,14:32:10,11.65,-0.04,3,3495,卖盘
1820,14:32:22,11.65,0.0,15,17479,卖盘
1821,14:32:25,11.65,0.0,3,3495,卖盘
1822,14:32:27,11.66,0.01,3,3498,买盘
1823,14:32:34,11.65,-0.01,34,39620,卖盘
1824,14:32:42,11.66,0.01,31,36146,买盘
1825,14:32:46,11.66,0.0,6,6996,卖盘
1826,14:32:49,11.66,0.0,3,3498,卖盘
1827,14:33:01,11.66,0.0,1,1166,卖盘
1828,14:33:07,11.65,-0.01,31,36144,卖盘
1829,14:33:10,11.66,0.01,2,2332,买盘
1830,14:33:13,11.66,0.0,5,5830,买盘
1831,14:33:21,11.66,0.0,4,4664,卖盘
1832,14:33:37,11.66,0.0,4,4664,卖盘
1833,14:33:46,11.66,0.0,10,11660,卖盘
1834,14:33:52,11.66,0.0,19,22154,卖盘
1835,14:33:55,11.66,0.0,3,3498,卖盘
1836,14:33:58,11.66,0.0,1,1166,卖盘
1837,14:34:01,11.67,0.01,2,2334,买盘
1838,14:34:07,11.67,0.0,22,25670,买盘
1839,14:34:21,11.66,-0.01,52,60680,卖盘
1840,14:34:28,11.66,0.0,4,4664,卖盘
1841,14:34:30,11.66,0.0,27,31482,卖盘
1842,14:34:34,11.67,0.01,66,77022,买盘
1843,14:34:37,11.67,0.0,4,4668,卖盘
1844,14:34:40,11.67,0.0,26,30342,卖盘
1845,14:34:43,11.66,-0.01,29,33834,卖盘
1846,14:34:45,11.66,0.0,46,53636,卖盘
1847,14:34:49,11.66,0.0,4,4664,卖盘
1848,14:35:07,11.66,0.0,4,4664,卖盘
1849,14:35:13,11.66,0.0,38,44308,卖盘
1850,14:35:16,11.66,0.0,30,34980,卖盘
1851,14:35:24,11.66,0.0,4,4664,卖盘
1852,14:35:34,11.66,0.0,15,17490,卖盘
1853,14:35:37,11.66,0.0,5,5830,卖盘
1854,14:35:43,11.66,0.0,57,66462,卖盘
1855,14:35:48,11.66,0.0,5,5830,买盘
1856,14:35:52,11.65,-0.01,18,20980,卖盘
1857,14:36:01,11.65,0.0,13,15146,卖盘
1858,14:36:04,11.65,0.0,3,3495,卖盘
1859,14:36:07,11.65,0.0,27,31455,卖盘
1860,14:36:10,11.65,0.0,9,10485,卖盘
1861,14:36:16,11.65,0.0,12,13980,卖盘
1862,14:36:19,11.65,0.0,8,9320,卖盘
1863,14:36:22,11.65,0.0,6,6990,卖盘
1864,14:36:25,11.65,0.0,11,12815,卖盘
1865,14:36:28,11.65,0.0,6,6990,卖盘
1866,14:36:31,11.65,0.0,85,99025,卖盘
1867,14:36:34,11.65,0.0,36,41940,卖盘
1868,14:36:37,11.63,-0.02,517,601652,卖盘
1869,14:36:46,11.63,0.0,3,3489,卖盘
1870,14:36:52,11.62,-0.01,31,36050,卖盘
1871,14:36:55,11.63,0.01,1,1163,买盘
1872,14:37:01,11.61,-0.02,276,320661,卖盘
1873,14:37:04,11.61,0.0,4,4644,卖盘
1874,14:37:10,11.6,-0.01,674,782128,卖盘
1875,14:37:16,11.6,0.0,336,389723,买盘
1876,14:37:19,11.6,0.0,5,5800,买盘
1877,14:37:22,11.59,-0.01,15,17381,买盘
1878,14:37:25,11.6,0.01,40,46399,买盘
1879,14:37:28,11.6,0.0,7,8120,买盘
1880,14:37:34,11.59,-0.01,73,84584,买盘
1881,14:37:37,11.59,0.0,49,56747,买盘
1882,14:37:43,11.58,-0.01,107,123906,卖盘
1883,14:37:46,11.58,0.0,2,2316,买盘
1884,14:37:49,11.58,0.0,21,24318,买盘
1885,14:37:52,11.57,-0.01,9,10418,卖盘
1886,14:37:58,11.57,0.0,5,5785,卖盘
1887,14:38:04,11.56,-0.01,1,1156,卖盘
1888,14:38:06,11.53,-0.03,22,25401,卖盘
1889,14:38:09,11.56,0.03,2,2312,中性盘
1890,14:38:12,11.56,0.0,30,34700,卖盘
1891,14:38:16,11.56,0.0,9,10404,卖盘
1892,14:38:22,11.57,0.01,11,12727,买盘
1893,14:38:25,11.56,-0.01,13,15037,卖盘
1894,14:38:28,11.56,0.0,15,17340,卖盘
1895,14:38:34,11.56,0.0,6,6936,卖盘
1896,14:38:37,11.57,0.01,11,12724,买盘
1897,14:38:39,11.56,-0.01,19,21973,卖盘
1898,14:38:42,11.56,0.0,6,6941,卖盘
1899,14:38:46,11.57,0.01,3,3470,买盘
1900,14:38:48,11.57,0.0,5,5785,买盘
1901,14:38:52,11.56,-0.01,8,9248,卖盘
1902,14:38:58,11.56,0.0,31,35836,卖盘
1903,14:39:04,11.56,0.0,37,42772,卖盘
1904,14:39:06,11.54,-0.02,4,4619,卖盘
1905,14:39:09,11.56,0.02,22,25432,买盘
1906,14:39:15,11.57,0.01,19,21982,买盘
1907,14:39:18,11.55,-0.02,3,3465,卖盘
1908,14:39:25,11.57,0.02,159,183963,买盘
1909,14:39:31,11.57,0.0,55,63635,买盘
1910,14:39:36,11.57,0.0,95,109970,卖盘
1911,14:39:39,11.57,0.0,4,4628,卖盘
1912,14:39:43,11.57,0.0,1,1157,卖盘
1913,14:39:46,11.58,0.01,40,46320,买盘
1914,14:39:49,11.59,0.01,5,5795,买盘
1915,14:39:52,11.58,-0.01,3,3474,卖盘
1916,14:39:58,11.6,0.02,23,26680,买盘
1917,14:40:01,11.6,0.0,10,11600,买盘
1918,14:40:04,11.6,0.0,47,54520,买盘
1919,14:40:07,11.59,-0.01,25,29009,中性盘
1920,14:40:15,11.6,0.01,14,16240,卖盘
1921,14:40:19,11.6,0.0,1,1160,卖盘
1922,14:40:28,11.62,0.02,41,47613,买盘
1923,14:40:31,11.61,-0.01,10,11610,买盘
1924,14:40:34,11.6,-0.01,2,2321,卖盘
1925,14:40:40,11.61,0.01,51,59191,买盘
1926,14:40:43,11.62,0.01,17,19754,买盘
1927,14:40:55,11.61,-0.01,26,30211,卖盘
1928,14:41:04,11.62,0.01,10,11624,卖盘
1929,14:41:06,11.63,0.01,1,1163,中性盘
1930,14:41:10,11.62,-0.01,4,4648,卖盘
1931,14:41:13,11.62,0.0,3,3486,卖盘
1932,14:41:16,11.63,0.01,10,11626,买盘
1933,14:41:46,11.62,-0.01,18,20916,买盘
1934,14:41:52,11.61,-0.01,11,12771,卖盘
1935,14:41:55,11.62,0.01,32,37184,买盘
1936,14:41:58,11.61,-0.01,11,12771,卖盘
1937,14:42:01,11.62,0.01,1,1162,买盘
1938,14:42:04,11.61,-0.01,7,8127,卖盘
1939,14:42:07,11.61,0.0,1,1161,卖盘
1940,14:42:10,11.61,0.0,7,8127,卖盘
1941,14:42:13,11.61,0.0,3,3483,卖盘
1942,14:42:42,11.6,-0.01,44,51040,卖盘
1943,14:42:52,11.59,-0.01,1,1159,卖盘
1944,14:42:55,11.59,0.0,56,64904,卖盘
1945,14:42:58,11.59,0.0,17,19713,卖盘
1946,14:43:01,11.59,0.0,26,30134,卖盘
1947,14:43:04,11.58,-0.01,36,41688,卖盘
1948,14:43:10,11.59,0.01,121,140139,买盘
1949,14:43:28,11.57,-0.02,34,39338,卖盘
1950,14:43:31,11.58,0.01,12,13896,买盘
1951,14:43:34,11.58,0.0,8,8685,卖盘
1952,14:43:37,11.58,0.0,6,6948,卖盘
1953,14:43:40,11.58,0.0,5,5790,卖盘
1954,14:43:52,11.59,0.01,10,11590,买盘
1955,14:43:55,11.58,-0.01,6,6948,卖盘
1956,14:43:58,11.58,0.0,23,27213,卖盘
1957,14:44:00,11.58,0.0,10,11580,买盘
1958,14:44:12,11.58,0.0,10,11580,买盘
1959,14:44:15,11.57,-0.01,24,27769,卖盘
1960,14:44:25,11.56,-0.01,43,49750,卖盘
1961,14:44:28,11.56,0.0,92,106377,卖盘
1962,14:44:34,11.56,0.0,7,8092,卖盘
1963,14:44:37,11.56,0.0,7,8092,卖盘
1964,14:44:40,11.57,0.01,2,2314,买盘
1965,14:44:42,11.57,0.0,14,16198,买盘
1966,14:44:48,11.58,0.01,42,48636,买盘
1967,14:45:01,11.57,-0.01,19,21983,卖盘
1968,14:45:10,11.57,0.0,22,25452,买盘
1969,14:45:13,11.56,-0.01,52,60142,卖盘
1970,14:45:15,11.57,0.01,35,40461,买盘
1971,14:45:21,11.57,0.0,11,12727,买盘
1972,14:45:37,11.56,-0.01,14,16196,卖盘
1973,14:45:46,11.56,0.0,10,11560,卖盘
1974,14:45:49,11.57,0.01,3,3471,买盘
1975,14:45:55,11.57,0.0,15,17355,买盘
1976,14:46:01,11.57,0.0,1,1157,卖盘
1977,14:46:07,11.57,0.0,14,16198,卖盘
1978,14:46:10,11.57,0.0,22,25455,卖盘
1979,14:46:12,11.57,0.0,3,3471,买盘
1980,14:46:16,11.57,0.0,17,19669,买盘
1981,14:46:19,11.57,0.0,24,27768,买盘
1982,14:46:22,11.57,0.0,10,11570,买盘
1983,14:46:25,11.57,0.0,3,3471,买盘
1984,14:46:40,11.58,0.01,9,10422,买盘
1985,14:46:42,11.58,0.0,3,3474,卖盘
1986,14:46:49,11.58,0.0,28,32424,卖盘
1987,14:46:55,11.58,0.0,4,4632,卖盘
1988,14:46:58,11.59,0.01,20,23180,买盘
1989,14:47:01,11.59,0.0,13,15067,买盘
1990,14:47:07,11.59,0.0,12,13908,卖盘
1991,14:47:13,11.59,0.0,1,1159,卖盘
1992,14:47:19,11.6,0.01,40,46400,买盘
1993,14:47:22,11.6,0.0,7,8120,买盘
1994,14:47:25,11.6,0.0,1,1160,买盘
1995,14:47:28,11.59,-0.01,16,18556,卖盘
1996,14:47:31,11.6,0.01,2,2320,买盘
1997,14:47:37,11.6,0.0,7,8120,卖盘
1998,14:47:40,11.61,0.01,1,1161,买盘
1999,14:47:43,11.61,0.0,7,8127,买盘
2000,14:47:57,11.61,0.0,3,3483,买盘
2001,14:48:04,11.6,-0.01,111,128760,卖盘
2002,14:48:12,11.6,0.0,8,9283,卖盘
2003,14:48:16,11.61,0.01,17,19726,买盘
2004,14:48:19,11.61,0.0,50,58050,买盘
2005,14:48:22,11.6,-0.01,24,27840,卖盘
2006,14:48:25,11.6,0.0,1,1160,买盘
2007,14:48:28,11.6,0.0,7,8120,买盘
2008,14:48:34,11.6,0.0,30,34800,买盘
2009,14:48:37,11.6,0.0,1,1160,买盘
2010,14:49:01,11.6,0.0,4,4640,买盘
2011,14:49:07,11.6,0.0,15,17400,买盘
2012,14:49:10,11.6,0.0,1,1160,卖盘
2013,14:49:12,11.6,0.0,5,5800,卖盘
2014,14:49:16,11.61,0.01,4,4644,买盘
2015,14:49:22,11.61,0.0,20,23220,买盘
2016,14:49:25,11.6,-0.01,44,51040,卖盘
2017,14:49:28,11.6,0.0,1,1160,卖盘
2018,14:49:31,11.6,0.0,20,23200,卖盘
2019,14:49:40,11.6,0.0,26,30160,卖盘
2020,14:49:43,11.6,0.0,2,2320,卖盘
2021,14:49:46,11.6,0.0,94,109042,卖盘
2022,14:49:55,11.6,0.0,87,100920,买盘
2023,14:49:58,11.6,0.0,1,1160,买盘
2024,14:50:01,11.59,-0.01,2,2318,卖盘
2025,14:50:07,11.59,0.0,19,22021,卖盘
2026,14:50:13,11.59,0.0,129,149637,卖盘
2027,14:50:16,11.59,0.0,2,2318,卖盘
2028,14:50:33,11.59,0.0,14,16228,卖盘
2029,14:50:36,11.6,0.01,19,22040,买盘
2030,14:50:40,11.59,-0.01,35,40565,卖盘
2031,14:50:43,11.58,-0.01,138,159942,卖盘
2032,14:51:04,11.58,0.0,13,15057,卖盘
2033,14:51:07,11.59,0.01,7,8108,买盘
2034,14:51:09,11.59,0.0,8,9272,卖盘
2035,14:51:13,11.58,-0.01,20,23160,卖盘
2036,14:51:19,11.59,0.01,101,117059,买盘
2037,14:51:25,11.58,-0.01,3,3476,卖盘
2038,14:51:28,11.59,0.01,401,464759,买盘
2039,14:51:31,11.58,-0.01,5,5790,卖盘
2040,14:51:34,11.58,0.0,105,121595,卖盘
2041,14:51:51,11.59,0.01,23,26657,买盘
2042,14:52:04,11.58,-0.01,2,2316,卖盘
2043,14:52:10,11.59,0.01,3,3477,买盘
2044,14:52:12,11.58,-0.01,4,4632,卖盘
2045,14:52:16,11.58,0.0,6,6948,卖盘
2046,14:52:19,11.58,0.0,133,154134,卖盘
2047,14:52:25,11.58,0.0,4,4632,卖盘
2048,14:52:31,11.58,0.0,6,6948,卖盘
2049,14:52:39,11.59,0.01,3,3477,买盘
2050,14:52:52,11.59,0.0,20,23180,买盘
2051,14:52:55,11.59,0.0,5,5795,买盘
2052,14:52:58,11.59,0.0,4,4636,买盘
2053,14:53:04,11.58,-0.01,44,50962,卖盘
2054,14:53:07,11.59,0.01,57,66063,买盘
2055,14:53:15,11.59,0.0,91,105449,买盘
2056,14:53:31,11.59,0.0,50,57950,卖盘
2057,14:53:34,11.6,0.01,74,85820,买盘
2058,14:53:43,11.58,-0.02,31,35908,卖盘
2059,14:53:46,11.59,0.01,12,13911,卖盘
2060,14:53:49,11.59,0.0,106,122940,卖盘
2061,14:53:52,11.6,0.01,4,4640,买盘
2062,14:53:55,11.6,0.0,30,34800,买盘
2063,14:53:57,11.6,0.0,1,1160,买盘
2064,14:54:04,11.6,0.0,11,12760,买盘
2065,14:54:07,11.59,-0.01,5,5795,卖盘
2066,14:54:13,11.6,0.01,25,29000,买盘
2067,14:54:15,11.59,-0.01,2,2318,卖盘
2068,14:54:22,11.6,0.01,108,125280,买盘
2069,14:54:25,11.6,0.0,37,42920,买盘
2070,14:54:31,11.61,0.01,12,13932,买盘
2071,14:54:34,11.6,-0.01,3,3480,卖盘
2072,14:54:37,11.61,0.01,162,188082,买盘
2073,14:55:01,11.61,0.0,11,12774,卖盘
2074,14:55:13,11.61,0.0,10,11610,卖盘
2075,14:55:34,11.61,0.0,5,5805,卖盘
2076,14:55:46,11.62,0.01,35,40670,卖盘
2077,14:55:52,11.62,0.0,3,3486,卖盘
2078,14:55:55,11.62,0.0,40,46500,卖盘
2079,14:56:04,11.63,0.01,10,11630,买盘
2080,14:56:06,11.63,0.0,8,9304,买盘
2081,14:56:13,11.63,0.0,77,89551,买盘
2082,14:56:22,11.63,0.0,2,2326,卖盘
2083,14:56:31,11.64,0.01,2,2328,买盘
2084,14:56:37,11.63,-0.01,4,4652,卖盘
2085,14:56:46,11.62,-0.01,28,32557,卖盘
2086,14:56:58,11.64,0.02,11,12804,买盘
2087,15:00:04,11.65,0.01,733,853362,卖盘
