,time,price,change,volume,amount,type
0,09:25:04,7.32,0.02,131,95892,买盘
1,09:30:04,7.32,0.0,80,58605,卖盘
2,09:30:07,7.32,0.0,31,22692,卖盘
3,09:30:10,7.31,-0.01,14,10243,卖盘
4,09:30:18,7.32,0.01,30,21960,卖盘
5,09:30:22,7.32,0.0,2,1464,买盘
6,09:30:27,7.32,0.0,6,4392,买盘
7,09:30:30,7.32,0.0,10,7320,买盘
8,09:30:33,7.3,-0.02,42,30660,卖盘
9,09:30:39,7.3,0.0,5,3647,买盘
10,09:30:42,7.27,-0.03,55,40000,卖盘
11,09:30:45,7.27,0.0,4,2908,卖盘
12,09:30:54,7.29,0.02,20,14580,卖盘
13,09:30:57,7.27,-0.02,14,10179,卖盘
14,09:31:00,7.28,0.01,30,21840,买盘
15,09:31:04,7.28,0.0,1,728,买盘
16,09:31:06,7.28,0.0,1,728,买盘
17,09:31:09,7.28,0.0,1,728,买盘
18,09:31:13,7.28,0.0,2,1456,买盘
19,09:31:15,7.28,0.0,1,728,买盘
20,09:31:18,7.28,0.0,1,728,买盘
21,09:31:21,7.28,0.0,22,16016,买盘
22,09:31:25,7.29,0.01,1,729,买盘
23,09:31:28,7.29,0.0,1,729,买盘
24,09:31:33,7.29,0.0,67,48779,买盘
25,09:31:39,7.3,0.01,11,8021,买盘
26,09:31:45,7.31,0.01,5,3655,买盘
27,09:32:12,7.32,0.01,21,15377,卖盘
28,09:32:15,7.32,0.0,36,26352,卖盘
29,09:32:21,7.32,0.0,63,46116,买盘
30,09:32:25,7.31,-0.01,46,33626,卖盘
31,09:32:31,7.32,0.01,13,9516,买盘
32,09:32:33,7.32,0.0,20,14640,卖盘
33,09:32:36,7.33,0.01,49,35881,买盘
34,09:32:39,7.32,-0.01,58,42456,卖盘
35,09:32:48,7.32,0.0,80,58610,卖盘
36,09:32:54,7.33,0.01,50,36650,买盘
37,09:33:04,7.33,0.0,10,7330,买盘
38,09:33:06,7.33,0.0,1,733,买盘
39,09:33:13,7.33,0.0,16,11728,买盘
40,09:33:15,7.32,-0.01,32,23424,卖盘
41,09:33:19,7.34,0.02,47,34483,买盘
42,09:33:28,7.34,0.0,3,2202,卖盘
43,09:33:30,7.34,0.0,26,19084,买盘
44,09:33:42,7.33,-0.01,14,10262,卖盘
45,09:33:48,7.34,0.01,80,58714,买盘
46,09:33:54,7.34,0.0,46,33764,卖盘
47,09:34:06,7.33,-0.01,40,29320,卖盘
48,09:34:12,7.33,0.0,30,21990,卖盘
49,09:34:18,7.33,0.0,12,8796,卖盘
50,09:34:21,7.33,0.0,62,45446,卖盘
51,09:34:27,7.33,0.0,29,21257,买盘
52,09:34:31,7.33,0.0,30,21995,中性盘
53,09:34:37,7.33,0.0,14,10262,买盘
54,09:34:45,7.32,-0.01,93,68076,卖盘
55,09:34:57,7.32,0.0,57,41724,卖盘
56,09:35:00,7.32,0.0,59,43188,卖盘
57,09:35:06,7.31,-0.01,66,48246,卖盘
58,09:35:09,7.31,0.0,6,4386,卖盘
59,09:35:21,7.31,0.0,14,10234,卖盘
60,09:35:28,7.31,0.0,24,17545,卖盘
61,09:35:39,7.33,0.02,13,9529,买盘
62,09:35:48,7.31,-0.02,46,33626,卖盘
63,09:35:55,7.33,0.02,10,7330,买盘
64,09:36:04,7.33,0.0,70,51301,买盘
65,09:36:06,7.32,-0.01,19,13908,卖盘
66,09:36:19,7.33,0.01,36,26388,买盘
67,09:36:30,7.33,0.0,52,38116,买盘
68,09:36:33,7.33,0.0,40,29320,买盘
69,09:37:01,7.33,0.0,23,16859,买盘
70,09:37:09,7.33,0.0,5,3665,买盘
71,09:37:12,7.32,-0.01,27,19764,卖盘
72,09:37:21,7.31,-0.01,67,49012,卖盘
73,09:37:33,7.32,0.01,18,13176,卖盘
74,09:37:43,7.32,0.0,12,8784,买盘
75,09:37:48,7.32,0.0,1,732,卖盘
76,09:38:24,7.33,0.01,2,1466,买盘
77,09:38:30,7.32,-0.01,6,4392,卖盘
78,09:38:33,7.33,0.01,10,7330,买盘
79,09:38:54,7.33,0.0,2,1466,买盘
80,09:39:04,7.33,0.0,48,35184,买盘
81,09:39:12,7.31,-0.02,129,94428,卖盘
82,09:39:24,7.31,0.0,20,14620,卖盘
83,09:39:27,7.33,0.02,10,7330,买盘
84,09:39:33,7.33,0.0,20,14660,买盘
85,09:39:42,7.32,-0.01,10,7320,卖盘
86,09:39:45,7.33,0.01,20,14660,买盘
87,09:39:49,7.32,-0.01,7,5124,中性盘
88,09:39:54,7.33,0.01,12,8796,买盘
89,09:40:13,7.32,-0.01,9,6588,卖盘
90,09:40:21,7.32,0.0,21,15372,买盘
91,09:40:48,7.32,0.0,8,5856,卖盘
92,09:41:09,7.32,0.0,12,8784,买盘
93,09:41:27,7.32,0.0,17,12444,卖盘
94,09:41:30,7.32,0.0,11,8052,卖盘
95,09:41:33,7.32,0.0,30,21960,买盘
96,09:41:43,7.31,-0.01,65,47515,卖盘
97,09:41:54,7.31,0.0,27,19737,卖盘
98,09:42:21,7.31,0.0,65,47576,卖盘
99,09:42:27,7.31,0.0,6,4386,卖盘
100,09:42:39,7.31,0.0,143,104533,卖盘
101,09:42:45,7.31,0.0,36,26316,卖盘
102,09:43:00,7.3,-0.01,23,16790,卖盘
103,09:43:06,7.31,0.01,8,5848,买盘
104,09:43:18,7.31,0.0,10,7310,买盘
105,09:43:22,7.31,0.0,7,5117,买盘
106,09:43:24,7.31,0.0,26,18994,买盘
107,09:43:36,7.32,0.01,26,19032,买盘
108,09:43:39,7.31,-0.01,48,35088,卖盘
109,09:43:42,7.32,0.01,50,36557,买盘
110,09:43:48,7.32,0.0,75,54900,买盘
111,09:43:54,7.32,0.0,3,2196,买盘
112,09:44:00,7.32,0.0,41,30012,买盘
113,09:44:24,7.31,-0.01,11,8041,卖盘
114,09:44:27,7.31,0.0,36,26346,卖盘
115,09:44:45,7.32,0.01,1,732,买盘
116,09:44:58,7.32,0.0,33,24156,买盘
117,09:45:04,7.32,0.0,10,7320,卖盘
118,09:45:10,7.32,0.0,12,8784,卖盘
119,09:45:18,7.32,0.0,1,732,卖盘
120,09:45:27,7.33,0.01,15,10995,买盘
121,09:45:33,7.32,-0.01,5,3660,卖盘
122,09:45:42,7.33,0.01,70,51273,买盘
123,09:45:52,7.31,-0.02,2,1462,卖盘
124,09:46:24,7.33,0.02,42,30786,买盘
125,09:46:27,7.33,0.0,67,49111,买盘
126,09:46:33,7.32,-0.01,5,3660,卖盘
127,09:46:46,7.32,0.0,1,732,卖盘
128,09:46:49,7.33,0.01,15,10995,买盘
129,09:46:54,7.33,0.0,34,24922,卖盘
130,09:47:06,7.33,0.0,6,4398,买盘
131,09:47:09,7.33,0.0,5,3665,买盘
132,09:47:12,7.33,0.0,15,10995,买盘
133,09:47:18,7.33,0.0,5,3665,卖盘
134,09:47:33,7.33,0.0,5,3665,卖盘
135,09:47:36,7.33,0.0,5,3665,卖盘
136,09:47:40,7.33,0.0,1,733,买盘
137,09:48:27,7.33,0.0,70,51310,买盘
138,09:48:30,7.33,0.0,50,36650,买盘
139,09:48:34,7.34,0.01,7,5138,买盘
140,09:48:45,7.34,0.0,30,22020,买盘
141,09:48:48,7.34,0.0,71,52114,买盘
142,09:48:51,7.34,0.0,51,37434,买盘
143,09:48:54,7.34,0.0,111,81474,买盘
144,09:49:00,7.34,0.0,99,72666,买盘
145,09:49:15,7.35,0.01,44,32340,买盘
146,09:49:18,7.35,0.0,5,3675,卖盘
147,09:49:31,7.35,0.0,32,23522,卖盘
148,09:49:57,7.36,0.01,12,8832,买盘
149,09:50:04,7.36,0.0,10,7360,买盘
150,09:50:06,7.36,0.0,24,17664,买盘
151,09:50:13,7.36,0.0,33,24288,买盘
152,09:50:18,7.36,0.0,93,68448,卖盘
153,09:50:21,7.35,-0.01,27,19845,卖盘
154,09:50:36,7.35,0.0,23,16905,买盘
155,09:50:42,7.35,0.0,6,4410,卖盘
156,09:50:45,7.35,0.0,98,72030,卖盘
157,09:50:51,7.35,0.0,9,6615,买盘
158,09:51:04,7.35,0.0,25,18375,买盘
159,09:51:06,7.34,-0.01,3,2202,卖盘
160,09:51:18,7.35,0.01,1,735,买盘
161,09:51:21,7.34,-0.01,50,36700,卖盘
162,09:51:42,7.34,0.0,30,22020,卖盘
163,09:51:45,7.34,0.0,17,12478,卖盘
164,09:51:51,7.34,0.0,8,5872,买盘
165,09:51:57,7.34,0.0,2,1468,卖盘
166,09:52:09,7.34,0.0,2,1468,买盘
167,09:52:22,7.34,0.0,20,14680,买盘
168,09:52:33,7.35,0.01,10,7350,买盘
169,09:52:48,7.35,0.0,56,41160,买盘
170,09:52:57,7.34,-0.01,30,22020,卖盘
171,09:53:18,7.34,0.0,33,24222,卖盘
172,09:53:24,7.34,0.0,13,9542,卖盘
173,09:53:39,7.34,0.0,2,1468,买盘
174,09:53:42,7.34,0.0,3,2202,卖盘
175,09:53:51,7.34,0.0,10,7340,买盘
176,09:53:57,7.34,0.0,64,46976,买盘
177,09:54:00,7.34,0.0,2,1468,卖盘
178,09:54:03,7.34,0.0,8,5872,卖盘
179,09:54:33,7.33,-0.01,12,8796,卖盘
180,09:55:12,7.35,0.02,300,220433,买盘
181,09:55:18,7.34,-0.01,24,17621,中性盘
182,09:55:21,7.35,0.01,20,14700,买盘
183,09:55:24,7.35,0.0,9,6615,买盘
184,09:55:36,7.36,0.01,33,24288,买盘
185,09:55:40,7.36,0.0,50,36800,卖盘
186,09:55:51,7.36,0.0,53,39017,卖盘
187,09:55:57,7.37,0.01,51,37587,买盘
188,09:56:07,7.37,0.0,3,2211,买盘
189,09:56:09,7.38,0.01,20,14760,买盘
190,09:56:12,7.37,-0.01,50,36850,卖盘
191,09:56:15,7.37,0.0,2,1474,卖盘
192,09:56:18,7.37,0.0,20,14740,买盘
193,09:56:22,7.37,0.0,25,18425,买盘
194,09:56:24,7.37,0.0,4,2948,买盘
195,09:56:27,7.36,-0.01,23,16928,卖盘
196,09:56:51,7.36,0.0,33,24273,买盘
197,09:57:15,7.36,0.0,19,13984,买盘
198,09:57:21,7.36,0.0,29,21344,买盘
199,09:57:30,7.36,0.0,77,56672,买盘
200,09:57:39,7.37,0.01,149,109813,买盘
201,09:57:48,7.36,-0.01,50,36800,卖盘
202,09:57:54,7.37,0.01,10,7370,买盘
203,09:57:57,7.37,0.0,11,8107,买盘
204,09:58:00,7.37,0.0,9,6633,买盘
205,09:58:04,7.37,0.0,17,12529,买盘
206,09:58:06,7.37,0.0,7,5159,买盘
207,09:58:12,7.37,0.0,37,27269,买盘
208,09:58:27,7.38,0.01,17,12546,买盘
209,09:58:30,7.38,0.0,20,14760,买盘
210,09:58:36,7.38,0.0,20,14760,买盘
211,09:58:39,7.38,0.0,39,28782,买盘
212,09:58:45,7.39,0.01,24,17714,买盘
213,09:58:48,7.39,0.0,40,29560,买盘
214,09:58:54,7.39,0.0,36,26604,买盘
215,09:58:57,7.39,0.0,29,21431,买盘
216,09:59:04,7.39,0.0,3,2217,买盘
217,09:59:09,7.4,0.01,60,44400,买盘
218,09:59:12,7.39,-0.01,83,61389,卖盘
219,09:59:15,7.4,0.01,132,97596,买盘
220,09:59:25,7.4,0.0,58,42960,卖盘
221,09:59:28,7.4,0.0,20,14800,买盘
222,09:59:31,7.4,0.0,45,33300,买盘
223,09:59:33,7.4,0.0,2,1480,买盘
224,09:59:36,7.4,0.0,12,8880,买盘
225,09:59:39,7.41,0.01,3,2223,买盘
226,09:59:42,7.4,-0.01,1,740,卖盘
227,09:59:45,7.41,0.01,42,31122,买盘
228,09:59:48,7.41,0.0,46,34053,买盘
229,09:59:51,7.41,0.0,20,14820,买盘
230,09:59:54,7.41,0.0,5,3705,买盘
231,09:59:58,7.41,0.0,22,16302,买盘
232,10:00:04,7.42,0.01,47,34874,买盘
233,10:00:09,7.41,-0.01,34,25194,卖盘
234,10:00:12,7.42,0.01,30,22260,买盘
235,10:00:18,7.41,-0.01,95,70450,卖盘
236,10:00:21,7.41,0.0,44,32604,卖盘
237,10:00:24,7.41,0.0,49,36309,卖盘
238,10:00:27,7.41,0.0,73,54106,卖盘
239,10:00:30,7.4,-0.01,67,49629,卖盘
240,10:00:33,7.4,0.0,81,59943,卖盘
241,10:00:37,7.4,0.0,26,19240,卖盘
242,10:00:40,7.4,0.0,22,16280,卖盘
243,10:00:43,7.37,-0.03,103,75995,卖盘
244,10:00:48,7.37,0.0,1,737,卖盘
245,10:00:54,7.39,0.02,2,1478,中性盘
246,10:01:04,7.39,0.0,42,31038,买盘
247,10:01:18,7.39,0.0,10,7390,卖盘
248,10:01:21,7.4,0.01,74,54740,买盘
249,10:01:36,7.4,0.0,27,19980,买盘
250,10:01:48,7.39,-0.01,12,8868,卖盘
251,10:01:54,7.4,0.01,124,91696,买盘
252,10:02:00,7.4,0.0,200,148000,买盘
253,10:02:06,7.4,0.0,10,7400,买盘
254,10:02:09,7.39,-0.01,70,51730,卖盘
255,10:02:16,7.4,0.01,10,7400,买盘
256,10:02:24,7.4,0.0,9,6660,卖盘
257,10:02:30,7.41,0.01,47,34807,买盘
258,10:02:33,7.4,-0.01,11,8140,卖盘
259,10:02:36,7.41,0.01,2,1482,买盘
260,10:02:39,7.41,0.0,1,741,卖盘
261,10:02:42,7.41,0.0,1,741,卖盘
262,10:02:45,7.41,0.0,3,2223,卖盘
263,10:02:48,7.41,0.0,217,160988,卖盘
264,10:02:54,7.41,0.0,1,741,卖盘
265,10:02:57,7.41,0.0,24,17803,卖盘
266,10:03:00,7.41,0.0,13,9633,卖盘
267,10:03:06,7.4,-0.01,9,6660,卖盘
268,10:03:10,7.4,0.0,16,11840,卖盘
269,10:03:13,7.41,0.01,14,10365,买盘
270,10:03:15,7.4,-0.01,7,5180,卖盘
271,10:03:18,7.4,0.0,8,5920,卖盘
272,10:03:21,7.4,0.0,8,5920,卖盘
273,10:03:24,7.41,0.01,91,67431,买盘
274,10:03:30,7.41,0.0,69,51129,卖盘
275,10:03:33,7.4,-0.01,1,740,卖盘
276,10:03:36,7.4,0.0,33,24420,卖盘
277,10:03:39,7.4,0.0,6,4440,卖盘
278,10:03:42,7.4,0.0,10,7400,卖盘
279,10:03:46,7.4,0.0,9,6660,卖盘
280,10:03:49,7.4,0.0,178,131720,卖盘
281,10:03:51,7.4,0.0,43,31820,卖盘
282,10:04:04,7.38,-0.02,6,4428,卖盘
283,10:04:06,7.38,0.0,38,28044,卖盘
284,10:04:09,7.4,0.02,28,20720,买盘
285,10:04:27,7.38,-0.02,20,14760,卖盘
286,10:04:48,7.38,0.0,1,738,卖盘
287,10:04:54,7.38,0.0,20,14760,卖盘
288,10:05:13,7.39,0.01,22,16258,买盘
289,10:05:21,7.39,0.0,13,9607,买盘
290,10:05:24,7.38,-0.01,7,5166,卖盘
291,10:05:27,7.39,0.01,37,27343,买盘
292,10:05:34,7.4,0.01,357,264180,买盘
293,10:05:40,7.4,0.0,7,5180,卖盘
294,10:05:42,7.41,0.01,237,175617,买盘
295,10:05:54,7.41,0.0,65,48165,买盘
296,10:05:58,7.41,0.0,8,5928,卖盘
297,10:06:09,7.41,0.0,9,6669,卖盘
298,10:06:18,7.42,0.01,24,17808,买盘
299,10:06:21,7.42,0.0,26,19292,买盘
300,10:06:25,7.42,0.0,106,78652,买盘
301,10:06:27,7.42,0.0,20,14840,买盘
302,10:06:30,7.42,0.0,6,4452,买盘
303,10:06:33,7.42,0.0,80,59360,买盘
304,10:06:36,7.43,0.01,100,74262,买盘
305,10:06:48,7.43,0.0,55,40859,买盘
306,10:06:57,7.43,0.0,99,73557,买盘
307,10:07:06,7.43,0.0,10,7430,卖盘
308,10:07:09,7.44,0.01,17,12632,买盘
309,10:07:12,7.43,-0.01,40,29720,卖盘
310,10:07:15,7.43,0.0,45,33435,卖盘
311,10:07:18,7.44,0.01,24,17842,买盘
312,10:07:21,7.43,-0.01,183,135969,卖盘
313,10:07:24,7.43,0.0,26,19318,卖盘
314,10:07:30,7.43,0.0,12,8915,买盘
315,10:07:33,7.42,-0.01,1,742,卖盘
316,10:07:36,7.42,0.0,1,742,卖盘
317,10:07:40,7.43,0.01,7,5200,买盘
318,10:07:42,7.43,0.0,16,11887,买盘
319,10:07:51,7.42,-0.01,50,37100,卖盘
320,10:07:54,7.42,0.0,1,742,卖盘
321,10:07:57,7.43,0.01,9,6687,买盘
322,10:08:00,7.43,0.0,120,89154,买盘
323,10:08:07,7.42,-0.01,16,11872,卖盘
324,10:08:22,7.41,-0.01,9,6673,卖盘
325,10:08:27,7.42,0.01,2,1484,买盘
326,10:08:39,7.42,0.0,3,2226,买盘
327,10:08:45,7.41,-0.01,5,3705,卖盘
328,10:08:49,7.42,0.01,28,20776,买盘
329,10:08:57,7.42,0.0,20,14840,卖盘
330,10:09:03,7.42,0.0,27,20059,卖盘
331,10:09:12,7.41,-0.01,200,148200,卖盘
332,10:09:18,7.42,0.01,158,117206,买盘
333,10:09:28,7.42,0.0,5,3710,卖盘
334,10:09:30,7.42,0.0,30,22260,卖盘
335,10:09:33,7.42,0.0,1,742,卖盘
336,10:09:42,7.41,-0.01,22,16306,卖盘
337,10:09:48,7.42,0.01,15,11130,买盘
338,10:10:03,7.42,0.0,21,15582,卖盘
339,10:10:09,7.42,0.0,3,2226,卖盘
340,10:10:12,7.42,0.0,20,14840,买盘
341,10:10:15,7.43,0.01,15,11145,买盘
342,10:10:22,7.43,0.0,130,96510,买盘
343,10:10:27,7.43,0.0,10,7430,买盘
344,10:10:30,7.43,0.0,1,743,买盘
345,10:10:36,7.43,0.0,30,22290,买盘
346,10:10:39,7.41,-0.02,15,11116,卖盘
347,10:10:46,7.42,0.01,50,37100,卖盘
348,10:11:06,7.41,-0.01,11,8151,卖盘
349,10:11:18,7.41,0.0,89,65949,卖盘
350,10:11:33,7.4,-0.01,54,39960,卖盘
351,10:11:36,7.4,0.0,4,2960,买盘
352,10:11:42,7.4,0.0,17,12580,买盘
353,10:11:45,7.39,-0.01,9,6651,卖盘
354,10:11:51,7.4,0.01,19,14043,买盘
355,10:12:00,7.41,0.01,31,22971,买盘
356,10:12:06,7.4,-0.01,15,11100,中性盘
357,10:12:12,7.41,0.01,2,1482,买盘
358,10:12:18,7.41,0.0,50,37050,买盘
359,10:12:24,7.41,0.0,54,40014,买盘
360,10:12:33,7.41,0.0,50,37050,买盘
361,10:12:36,7.41,0.0,47,34847,买盘
362,10:12:46,7.41,0.0,13,9633,卖盘
363,10:12:48,7.43,0.02,47,34866,买盘
364,10:12:57,7.41,-0.02,10,7410,买盘
365,10:13:06,7.42,0.01,53,39326,买盘
366,10:13:15,7.43,0.01,49,36360,买盘
367,10:13:18,7.43,0.0,6,4458,买盘
368,10:13:21,7.43,0.0,101,74866,买盘
369,10:13:52,7.43,0.0,171,127053,买盘
370,10:14:01,7.43,0.0,30,22290,买盘
371,10:14:15,7.43,0.0,5,3715,买盘
372,10:14:18,7.43,0.0,41,30451,买盘
373,10:14:24,7.43,0.0,20,14860,卖盘
374,10:14:30,7.43,0.0,76,56468,卖盘
375,10:14:42,7.43,0.0,119,88417,买盘
376,10:14:45,7.44,0.01,60,44640,买盘
377,10:14:48,7.43,-0.01,10,7430,卖盘
378,10:14:51,7.44,0.01,14,10416,买盘
379,10:14:54,7.44,0.0,350,260400,买盘
380,10:14:57,7.44,0.0,43,31992,买盘
381,10:15:00,7.45,0.01,30,22350,买盘
382,10:15:06,7.45,0.0,131,97585,买盘
383,10:15:09,7.45,0.0,27,20115,买盘
384,10:15:12,7.45,0.0,12,8940,买盘
385,10:15:15,7.45,0.0,187,139315,买盘
386,10:15:21,7.46,0.01,111,82801,买盘
387,10:15:27,7.46,0.0,50,37300,买盘
388,10:15:30,7.46,0.0,20,14920,买盘
389,10:15:33,7.46,0.0,26,19396,买盘
390,10:15:37,7.47,0.01,49,36596,买盘
391,10:15:39,7.48,0.01,60,44880,买盘
392,10:15:42,7.49,0.01,122,91302,买盘
393,10:15:48,7.49,0.0,41,30709,买盘
394,10:15:51,7.48,-0.01,5,3740,卖盘
395,10:15:54,7.49,0.01,15,11235,买盘
396,10:15:57,7.5,0.01,244,182988,买盘
397,10:16:04,7.5,0.0,20,15000,卖盘
398,10:16:10,7.51,0.01,5,3755,买盘
399,10:16:12,7.51,0.0,5,3755,买盘
400,10:16:15,7.52,0.01,18,13521,买盘
401,10:16:18,7.53,0.01,1,753,卖盘
402,10:16:22,7.51,-0.02,87,65504,卖盘
403,10:16:25,7.51,0.0,97,72857,卖盘
404,10:16:28,7.51,0.0,163,122413,卖盘
405,10:16:30,7.51,0.0,94,70659,卖盘
406,10:16:33,7.52,0.01,57,42848,卖盘
407,10:16:36,7.53,0.01,115,86397,买盘
408,10:16:39,7.5,-0.03,23,17250,卖盘
409,10:16:42,7.52,0.02,22,16502,中性盘
410,10:16:45,7.49,-0.03,43,32207,卖盘
411,10:16:49,7.51,0.02,13,9763,买盘
412,10:16:52,7.51,0.0,7,5257,中性盘
413,10:16:55,7.5,-0.01,1,750,卖盘
414,10:16:58,7.5,0.0,1,750,卖盘
415,10:17:01,7.51,0.01,30,22530,中性盘
416,10:17:04,7.52,0.01,151,113350,买盘
417,10:17:06,7.5,-0.02,78,58516,卖盘
418,10:17:09,7.5,0.0,72,54000,买盘
419,10:17:12,7.5,0.0,105,78950,卖盘
420,10:17:15,7.5,0.0,78,58487,买盘
421,10:17:24,7.51,0.01,52,39010,中性盘
422,10:17:27,7.5,-0.01,6,4500,卖盘
423,10:17:30,7.52,0.02,130,97653,买盘
424,10:17:33,7.51,-0.01,10,7510,中性盘
425,10:17:36,7.52,0.01,108,81208,买盘
426,10:17:39,7.51,-0.01,1,751,卖盘
427,10:17:42,7.52,0.01,29,21808,买盘
428,10:17:45,7.51,-0.01,6,4506,卖盘
429,10:17:48,7.51,0.0,39,29324,卖盘
430,10:17:51,7.52,0.01,50,37600,买盘
431,10:17:54,7.52,0.0,280,210550,买盘
432,10:17:57,7.51,-0.01,55,41336,卖盘
433,10:18:00,7.52,0.01,16,12023,买盘
434,10:18:04,7.52,0.0,9,6768,卖盘
435,10:18:09,7.52,0.0,2,1504,卖盘
436,10:18:15,7.53,0.01,19,14307,买盘
437,10:18:18,7.52,-0.01,105,78960,卖盘
438,10:18:21,7.52,0.0,96,72192,买盘
439,10:18:24,7.52,0.0,123,92532,买盘
440,10:18:31,7.52,0.0,18,13536,卖盘
441,10:18:34,7.51,-0.01,15,11265,卖盘
442,10:18:40,7.52,0.01,1,752,买盘
443,10:18:51,7.52,0.0,17,12768,买盘
444,10:18:54,7.51,-0.01,41,30791,卖盘
445,10:18:57,7.51,0.0,118,88718,卖盘
446,10:19:00,7.51,0.0,42,31542,卖盘
447,10:19:06,7.51,0.0,8,6008,买盘
448,10:19:09,7.51,0.0,20,15020,买盘
449,10:19:12,7.51,0.0,1,751,买盘
450,10:19:15,7.51,0.0,13,9763,买盘
451,10:19:18,7.5,-0.01,15,11250,卖盘
452,10:19:21,7.51,0.01,51,38254,买盘
453,10:19:27,7.51,0.0,4,3004,买盘
454,10:19:31,7.5,-0.01,2,1500,卖盘
455,10:19:36,7.5,0.0,162,121503,卖盘
456,10:19:42,7.49,-0.01,38,28462,卖盘
457,10:19:45,7.5,0.01,61,45699,买盘
458,10:19:48,7.49,-0.01,26,19486,卖盘
459,10:19:51,7.5,0.01,2,1500,买盘
460,10:19:54,7.48,-0.02,20,14978,卖盘
461,10:20:04,7.48,0.0,12,8976,卖盘
462,10:20:13,7.46,-0.02,300,224236,卖盘
463,10:20:21,7.46,0.0,16,11936,卖盘
464,10:20:24,7.46,0.0,5,3730,卖盘
465,10:20:54,7.46,0.0,25,18660,卖盘
466,10:21:09,7.48,0.02,3,2244,买盘
467,10:21:12,7.47,-0.01,24,17928,卖盘
468,10:21:18,7.48,0.01,7,5236,买盘
469,10:21:28,7.49,0.01,17,12733,买盘
470,10:21:30,7.49,0.0,20,14980,买盘
471,10:21:33,7.49,0.0,3,2247,卖盘
472,10:21:42,7.5,0.01,16,12000,买盘
473,10:21:48,7.5,0.0,60,45000,买盘
474,10:21:51,7.5,0.0,62,46500,买盘
475,10:21:54,7.5,0.0,35,26275,卖盘
476,10:22:03,7.5,0.0,1,750,卖盘
477,10:22:06,7.51,0.01,44,33044,买盘
478,10:22:15,7.51,0.0,56,42091,卖盘
479,10:22:24,7.52,0.01,163,122908,买盘
480,10:22:27,7.52,0.0,112,84154,卖盘
481,10:22:36,7.53,0.01,38,28611,买盘
482,10:22:42,7.53,0.0,57,42921,买盘
483,10:22:45,7.54,0.01,157,118294,买盘
484,10:22:48,7.53,-0.01,54,40662,买盘
485,10:22:51,7.53,0.0,10,7530,买盘
486,10:22:54,7.52,-0.01,15,11280,卖盘
487,10:22:57,7.52,0.0,174,130848,买盘
488,10:23:00,7.51,-0.01,128,96188,卖盘
489,10:23:03,7.51,0.0,137,102887,卖盘
490,10:23:06,7.51,0.0,25,18775,买盘
491,10:23:09,7.5,-0.01,5,3750,卖盘
492,10:23:15,7.5,0.0,36,27000,卖盘
493,10:23:18,7.5,0.0,1,750,买盘
494,10:23:21,7.5,0.0,18,13500,买盘
495,10:23:24,7.5,0.0,33,24750,卖盘
496,10:23:27,7.49,-0.01,88,65912,卖盘
497,10:23:33,7.48,-0.01,39,29172,卖盘
498,10:23:36,7.48,0.0,265,198274,卖盘
499,10:23:45,7.48,0.0,13,9724,卖盘
500,10:23:57,7.48,0.0,16,11970,卖盘
501,10:24:04,7.48,0.0,1,748,买盘
502,10:24:06,7.47,-0.01,20,14940,卖盘
503,10:24:09,7.46,-0.01,7,5222,卖盘
504,10:24:33,7.46,0.0,51,38046,卖盘
505,10:24:39,7.48,0.02,201,150348,买盘
506,10:24:45,7.49,0.01,3,2247,买盘
507,10:24:48,7.49,0.0,11,8239,中性盘
508,10:24:55,7.49,0.0,25,18725,卖盘
509,10:25:01,7.49,0.0,16,11984,卖盘
510,10:25:06,7.49,0.0,11,8239,卖盘
511,10:25:15,7.49,0.0,10,7490,卖盘
512,10:25:18,7.5,0.01,21,15750,买盘
513,10:25:21,7.49,-0.01,10,7490,卖盘
514,10:25:24,7.5,0.01,100,75000,买盘
515,10:25:39,7.5,0.0,68,50934,买盘
516,10:25:42,7.49,-0.01,21,15748,卖盘
517,10:25:54,7.49,0.0,19,14231,卖盘
518,10:25:57,7.49,0.0,8,5992,买盘
519,10:26:06,7.49,0.0,23,17227,买盘
520,10:26:12,7.48,-0.01,5,3743,卖盘
521,10:26:15,7.5,0.02,18,13500,买盘
522,10:26:21,7.48,-0.02,13,9724,卖盘
523,10:26:51,7.48,0.0,130,97240,卖盘
524,10:26:54,7.48,0.0,20,14960,卖盘
525,10:26:57,7.48,0.0,8,5984,卖盘
526,10:27:00,7.48,0.0,7,5236,买盘
527,10:27:03,7.48,0.0,9,6732,卖盘
528,10:27:09,7.48,0.0,5,3740,卖盘
529,10:27:15,7.48,0.0,7,5236,买盘
530,10:27:18,7.47,-0.01,16,11952,卖盘
531,10:27:21,7.48,0.01,18,13458,买盘
532,10:27:27,7.48,0.0,5,3740,买盘
533,10:27:54,7.47,-0.01,1,747,卖盘
534,10:28:09,7.48,0.01,21,15708,买盘
535,10:28:34,7.48,0.0,10,7480,买盘
536,10:28:39,7.48,0.0,9,6731,买盘
537,10:28:45,7.48,0.0,12,8976,买盘
538,10:28:48,7.48,0.0,21,15708,买盘
539,10:28:51,7.48,0.0,10,7480,买盘
540,10:29:07,7.48,0.0,3,2244,买盘
541,10:29:09,7.48,0.0,54,40392,买盘
542,10:29:21,7.49,0.01,64,47910,买盘
543,10:29:24,7.49,0.0,43,32207,买盘
544,10:29:30,7.48,-0.01,22,16466,卖盘
545,10:29:40,7.48,0.0,5,3740,买盘
546,10:29:42,7.48,0.0,10,7480,买盘
547,10:29:54,7.48,0.0,35,26180,买盘
548,10:30:04,7.49,0.01,200,149800,买盘
549,10:30:10,7.49,0.0,50,37450,买盘
550,10:30:15,7.49,0.0,20,14980,买盘
551,10:30:21,7.49,0.0,9,6741,买盘
552,10:30:24,7.49,0.0,3,2247,买盘
553,10:30:30,7.49,0.0,34,25466,买盘
554,10:30:39,7.5,0.01,80,60000,买盘
555,10:30:48,7.5,0.0,106,79500,买盘
556,10:30:58,7.51,0.01,33,24783,买盘
557,10:31:01,7.51,0.0,1,751,买盘
558,10:31:04,7.51,0.0,10,7510,买盘
559,10:31:15,7.52,0.01,26,19552,买盘
560,10:31:18,7.51,-0.01,10,7510,卖盘
561,10:31:21,7.53,0.02,73,54954,买盘
562,10:31:27,7.53,0.0,69,51957,买盘
563,10:31:30,7.52,-0.01,11,8279,卖盘
564,10:31:39,7.53,0.01,6,4518,买盘
565,10:31:42,7.53,0.0,30,22590,买盘
566,10:31:48,7.53,0.0,20,15060,卖盘
567,10:31:54,7.53,0.0,16,12048,卖盘
568,10:31:57,7.54,0.01,64,48230,买盘
569,10:32:00,7.54,0.0,94,70876,买盘
570,10:32:13,7.54,0.0,6,4524,卖盘
571,10:32:16,7.54,0.0,28,21130,卖盘
572,10:32:19,7.55,0.01,32,24160,买盘
573,10:32:24,7.56,0.01,127,95981,买盘
574,10:32:33,7.56,0.0,23,17391,卖盘
575,10:32:36,7.57,0.01,7,5299,买盘
576,10:32:39,7.57,0.0,11,8327,买盘
577,10:32:42,7.57,0.0,10,7570,买盘
578,10:32:45,7.57,0.0,86,65090,买盘
579,10:32:48,7.57,0.0,18,13626,买盘
580,10:32:51,7.58,0.01,14,10612,买盘
581,10:33:00,7.58,0.0,89,67462,买盘
582,10:33:03,7.57,-0.01,81,61317,卖盘
583,10:33:06,7.57,0.0,30,22710,买盘
584,10:33:10,7.57,0.0,22,16654,买盘
585,10:33:16,7.56,-0.01,20,15120,卖盘
586,10:33:18,7.56,0.0,48,36290,卖盘
587,10:33:21,7.55,-0.01,2,1510,卖盘
588,10:33:27,7.56,0.01,69,52164,买盘
589,10:33:33,7.55,-0.01,184,139071,买盘
590,10:33:36,7.55,0.0,3,2265,卖盘
591,10:33:39,7.57,0.02,7,5294,买盘
592,10:33:42,7.55,-0.02,43,32465,卖盘
593,10:33:45,7.57,0.02,66,49962,买盘
594,10:33:49,7.55,-0.02,10,7550,卖盘
595,10:33:52,7.56,0.01,19,14364,中性盘
596,10:33:55,7.57,0.01,43,32550,买盘
597,10:34:04,7.56,-0.01,8,6048,卖盘
598,10:34:12,7.56,0.0,178,134568,卖盘
599,10:34:27,7.55,-0.01,13,9815,卖盘
600,10:34:31,7.55,0.0,128,96640,卖盘
601,10:34:45,7.54,-0.01,8,6032,卖盘
602,10:34:54,7.54,0.0,8,6032,卖盘
603,10:35:06,7.53,-0.01,16,12054,卖盘
604,10:35:18,7.53,0.0,28,21084,卖盘
605,10:35:24,7.53,0.0,15,11295,卖盘
606,10:35:27,7.53,0.0,9,6777,卖盘
607,10:35:36,7.53,0.0,4,3012,卖盘
608,10:35:43,7.53,0.0,22,16571,卖盘
609,10:35:57,7.53,0.0,21,15813,卖盘
610,10:36:06,7.54,0.01,10,7540,买盘
611,10:36:12,7.54,0.0,10,7540,卖盘
612,10:36:15,7.54,0.0,2,1508,卖盘
613,10:36:21,7.55,0.01,49,36995,买盘
614,10:36:24,7.54,-0.01,5,3770,卖盘
615,10:36:30,7.55,0.01,10,7550,买盘
616,10:36:39,7.55,0.0,42,31710,买盘
617,10:36:42,7.55,0.0,2,1510,买盘
618,10:36:45,7.55,0.0,16,12080,买盘
619,10:36:49,7.55,0.0,20,15100,卖盘
620,10:36:58,7.56,0.01,2,1512,买盘
621,10:37:00,7.56,0.0,196,148176,买盘
622,10:37:06,7.56,0.0,20,15120,卖盘
623,10:37:09,7.56,0.0,2,1512,卖盘
624,10:37:16,7.57,0.01,59,44663,买盘
625,10:37:19,7.56,-0.01,3,2268,卖盘
626,10:37:25,7.56,0.0,14,10584,卖盘
627,10:37:27,7.57,0.01,73,55261,买盘
628,10:37:40,7.58,0.01,224,169792,买盘
629,10:37:46,7.58,0.0,46,34898,卖盘
630,10:37:48,7.59,0.01,13,9867,买盘
631,10:37:54,7.59,0.0,36,27324,买盘
632,10:38:00,7.58,-0.01,11,8338,卖盘
633,10:38:04,7.59,0.01,109,82731,买盘
634,10:38:09,7.59,0.0,35,26565,买盘
635,10:38:12,7.58,-0.01,13,9864,卖盘
636,10:38:15,7.59,0.01,36,27324,买盘
637,10:38:24,7.59,0.0,100,75900,卖盘
638,10:38:27,7.6,0.01,76,57760,买盘
639,10:38:39,7.6,0.0,17,12920,买盘
640,10:38:42,7.6,0.0,8,6077,买盘
641,10:38:45,7.6,0.0,24,18240,买盘
642,10:38:51,7.6,0.0,50,38000,买盘
643,10:38:54,7.59,-0.01,176,133584,卖盘
644,10:38:57,7.6,0.01,3,2280,买盘
645,10:39:04,7.59,-0.01,25,18989,卖盘
646,10:39:06,7.6,0.01,3,2280,买盘
647,10:39:09,7.59,-0.01,52,39468,卖盘
648,10:39:12,7.6,0.01,4,3040,买盘
649,10:39:21,7.59,-0.01,57,43263,卖盘
650,10:39:24,7.58,-0.01,468,354903,卖盘
651,10:39:30,7.58,0.0,2,1516,买盘
652,10:39:39,7.58,0.0,1,758,买盘
653,10:39:43,7.57,-0.01,59,44663,卖盘
654,10:39:51,7.57,0.0,45,34065,买盘
655,10:39:55,7.57,0.0,55,41663,卖盘
656,10:40:12,7.57,0.0,10,7570,卖盘
657,10:40:21,7.57,0.0,10,7570,卖盘
658,10:40:24,7.58,0.01,5,3790,买盘
659,10:40:27,7.57,-0.01,2,1514,卖盘
660,10:40:34,7.57,0.0,20,15140,卖盘
661,10:40:51,7.58,0.01,5,3790,买盘
662,10:40:54,7.58,0.0,9,6822,买盘
663,10:40:57,7.57,-0.01,9,6813,卖盘
664,10:41:00,7.58,0.01,5,3790,买盘
665,10:41:06,7.58,0.0,1,758,买盘
666,10:41:09,7.58,0.0,3,2274,买盘
667,10:41:12,7.58,0.0,152,115216,买盘
668,10:41:21,7.58,0.0,10,7580,卖盘
669,10:41:42,7.59,0.01,50,37950,买盘
670,10:41:51,7.59,0.0,1,759,买盘
671,10:41:58,7.59,0.0,10,7590,买盘
672,10:42:04,7.59,0.0,17,12890,买盘
673,10:42:15,7.58,-0.01,98,74284,卖盘
674,10:42:18,7.58,0.0,9,6826,卖盘
675,10:42:24,7.58,0.0,35,26530,卖盘
676,10:42:36,7.58,0.0,11,8338,卖盘
677,10:42:39,7.58,0.0,30,22740,卖盘
678,10:42:46,7.58,0.0,14,10612,卖盘
679,10:42:48,7.59,0.01,39,29601,买盘
680,10:42:51,7.58,-0.01,50,37900,卖盘
681,10:42:57,7.58,0.0,12,9096,买盘
682,10:43:00,7.58,0.0,8,6064,卖盘
683,10:43:12,7.58,0.0,23,17434,买盘
684,10:43:42,7.58,0.0,42,31836,买盘
685,10:43:46,7.57,-0.01,4,3028,卖盘
686,10:44:00,7.57,0.0,4,3028,卖盘
687,10:44:04,7.57,0.0,2,1514,卖盘
688,10:44:24,7.57,0.0,31,23467,卖盘
689,10:44:27,7.57,0.0,67,50719,卖盘
690,10:44:39,7.57,0.0,28,21192,买盘
691,10:44:42,7.57,0.0,3,2271,买盘
692,10:44:48,7.57,0.0,50,37850,买盘
693,10:45:01,7.57,0.0,20,15140,买盘
694,10:45:04,7.57,0.0,23,17411,买盘
695,10:45:06,7.56,-0.01,6,4536,卖盘
696,10:45:12,7.56,0.0,5,3780,卖盘
697,10:45:16,7.56,0.0,5,3780,卖盘
698,10:45:18,7.56,0.0,4,3024,卖盘
699,10:45:24,7.56,0.0,76,57456,卖盘
700,10:45:30,7.56,0.0,44,33306,卖盘
701,10:45:36,7.56,0.0,13,9828,卖盘
702,10:45:40,7.56,0.0,25,18900,卖盘
703,10:45:48,7.56,0.0,412,311472,卖盘
704,10:45:51,7.56,0.0,60,45360,买盘
705,10:46:01,7.55,-0.01,5,3775,卖盘
706,10:46:04,7.55,0.0,9,6795,中性盘
707,10:46:12,7.55,0.0,4,3020,卖盘
708,10:46:18,7.54,-0.01,20,15080,卖盘
709,10:46:30,7.54,0.0,3,2262,卖盘
710,10:46:42,7.53,-0.01,8,6024,卖盘
711,10:46:54,7.53,0.0,36,27108,卖盘
712,10:46:57,7.54,0.01,5,3770,买盘
713,10:47:00,7.54,0.0,11,8294,卖盘
714,10:47:04,7.54,0.0,2,1508,卖盘
715,10:47:09,7.55,0.01,100,75500,买盘
716,10:47:12,7.54,-0.01,10,7540,卖盘
717,10:47:27,7.54,0.0,10,7540,卖盘
718,10:47:33,7.53,-0.01,19,14322,卖盘
719,10:47:39,7.55,0.02,43,32451,买盘
720,10:47:48,7.56,0.01,37,27972,买盘
721,10:47:51,7.56,0.0,4,3024,卖盘
722,10:48:01,7.56,0.0,9,6804,卖盘
723,10:48:09,7.56,0.0,2,1512,买盘
724,10:48:12,7.56,0.0,12,9072,卖盘
725,10:48:15,7.55,-0.01,43,32481,卖盘
726,10:48:18,7.57,0.02,26,19682,买盘
727,10:48:27,7.55,-0.02,8,6040,卖盘
728,10:48:42,7.55,0.0,5,3775,买盘
729,10:48:51,7.55,0.0,5,3775,卖盘
730,10:49:21,7.55,0.0,1,755,卖盘
731,10:49:33,7.55,0.0,7,5285,买盘
732,10:49:42,7.55,0.0,3,2265,卖盘
733,10:49:45,7.56,0.01,5,3780,买盘
734,10:49:54,7.55,-0.01,10,7550,买盘
735,10:49:57,7.54,-0.01,28,21115,卖盘
736,10:50:36,7.54,0.0,10,7540,卖盘
737,10:50:48,7.53,-0.01,1,753,卖盘
738,10:50:51,7.54,0.01,13,9802,买盘
739,10:51:15,7.54,0.0,7,5278,买盘
740,10:51:42,7.54,0.0,11,8294,卖盘
741,10:51:49,7.54,0.0,2,1508,卖盘
742,10:52:09,7.55,0.01,20,15100,买盘
743,10:52:12,7.54,-0.01,27,20358,卖盘
744,10:52:24,7.55,0.01,17,12835,买盘
745,10:52:45,7.55,0.0,45,33975,买盘
746,10:52:51,7.55,0.0,1,755,卖盘
747,10:52:57,7.55,0.0,35,26425,卖盘
748,10:53:04,7.55,0.0,15,11325,买盘
749,10:53:18,7.55,0.0,5,3775,卖盘
750,10:53:30,7.55,0.0,3,2265,卖盘
751,10:53:45,7.55,0.0,10,7550,卖盘
752,10:53:54,7.55,0.0,10,7550,卖盘
753,10:54:00,7.55,0.0,10,7550,卖盘
754,10:54:03,7.56,0.01,3,2268,买盘
755,10:54:12,7.53,-0.03,238,179510,卖盘
756,10:54:16,7.55,0.02,2,1510,买盘
757,10:54:21,7.55,0.0,100,75500,买盘
758,10:54:25,7.55,0.0,29,21895,买盘
759,10:54:30,7.55,0.0,21,15855,卖盘
760,10:54:39,7.55,0.0,28,21140,买盘
761,10:54:48,7.53,-0.02,5,3765,卖盘
762,10:55:03,7.53,0.0,65,48945,卖盘
763,10:55:10,7.53,0.0,30,22590,卖盘
764,10:55:22,7.53,0.0,151,113703,卖盘
765,10:55:33,7.52,-0.01,100,75200,卖盘
766,10:55:36,7.52,0.0,19,14288,卖盘
767,10:55:51,7.51,-0.01,5,3755,卖盘
768,10:56:00,7.51,0.0,1,751,卖盘
769,10:56:09,7.51,0.0,49,36799,卖盘
770,10:56:24,7.51,0.0,25,18775,卖盘
771,10:56:27,7.51,0.0,6,4506,卖盘
772,10:56:39,7.51,0.0,42,31542,卖盘
773,10:57:00,7.52,0.01,1,752,买盘
774,10:57:06,7.51,-0.01,10,7510,卖盘
775,10:57:09,7.52,0.01,4,3008,买盘
776,10:57:12,7.52,0.0,20,15040,买盘
777,10:57:30,7.53,0.01,11,8283,买盘
778,10:57:48,7.53,0.0,38,28614,买盘
779,10:58:00,7.53,0.0,10,7530,买盘
780,10:58:06,7.52,-0.01,30,22560,卖盘
781,10:58:15,7.52,0.0,1,752,卖盘
782,10:58:33,7.52,0.0,51,38352,卖盘
783,10:58:48,7.51,-0.01,298,223962,卖盘
784,10:59:00,7.51,0.0,50,37550,卖盘
785,10:59:27,7.51,0.0,67,50317,卖盘
786,10:59:30,7.51,0.0,2,1502,卖盘
787,10:59:42,7.51,0.0,21,15771,卖盘
788,10:59:57,7.5,-0.01,146,109500,卖盘
789,11:00:18,7.51,0.01,11,8251,买盘
790,11:00:30,7.5,-0.01,10,7500,卖盘
791,11:00:33,7.51,0.01,4,3004,买盘
792,11:00:36,7.5,-0.01,10,7500,卖盘
793,11:00:42,7.5,0.0,8,6003,卖盘
794,11:00:45,7.51,0.01,5,3755,买盘
795,11:00:54,7.51,0.0,3,2253,买盘
796,11:01:39,7.51,0.0,13,9763,买盘
797,11:01:54,7.51,0.0,42,31542,买盘
798,11:01:57,7.51,0.0,2,1502,买盘
799,11:02:07,7.5,-0.01,125,93751,卖盘
800,11:02:18,7.5,0.0,29,21750,买盘
801,11:02:24,7.5,0.0,2,1500,买盘
802,11:02:27,7.5,0.0,5,3750,买盘
803,11:02:36,7.5,0.0,49,36750,买盘
804,11:02:54,7.5,0.0,30,22500,卖盘
805,11:03:04,7.51,0.01,8,6008,买盘
806,11:03:39,7.5,-0.01,63,47322,卖盘
807,11:03:51,7.5,0.0,30,22500,卖盘
808,11:04:00,7.5,0.0,49,36698,卖盘
809,11:04:18,7.5,0.0,53,39750,买盘
810,11:04:45,7.49,-0.01,100,74900,卖盘
811,11:04:54,7.5,0.01,3,2250,买盘
812,11:05:06,7.49,-0.01,16,11990,卖盘
813,11:05:45,7.49,0.0,20,14980,卖盘
814,11:05:48,7.49,0.0,10,7490,卖盘
815,11:05:51,7.49,0.0,10,7490,买盘
816,11:06:25,7.5,0.01,2,1500,买盘
817,11:06:27,7.47,-0.03,262,195886,卖盘
818,11:07:30,7.48,0.01,10,7480,卖盘
819,11:07:33,7.47,-0.01,9,6723,卖盘
820,11:07:36,7.48,0.01,3,2244,买盘
821,11:07:45,7.48,0.0,2,1496,买盘
822,11:07:48,7.48,0.0,3,2244,买盘
823,11:07:51,7.48,0.0,2,1496,卖盘
824,11:08:00,7.49,0.01,2,1498,买盘
825,11:08:12,7.49,0.0,8,5992,买盘
826,11:08:42,7.5,0.01,4,3000,买盘
827,11:08:45,7.49,-0.01,8,5992,卖盘
828,11:09:30,7.49,0.0,4,2996,买盘
829,11:09:48,7.5,0.01,32,24052,买盘
830,11:09:51,7.5,0.0,4,2948,卖盘
831,11:10:01,7.5,0.0,6,4552,买盘
832,11:10:07,7.51,0.01,28,21028,买盘
833,11:10:18,7.51,0.0,49,36799,卖盘
834,11:10:21,7.51,0.0,1,751,买盘
835,11:10:33,7.51,0.0,11,8261,卖盘
836,11:10:37,7.51,0.0,13,9763,卖盘
837,11:10:39,7.52,0.01,20,15023,买盘
838,11:10:48,7.5,-0.02,20,15000,卖盘
839,11:10:54,7.52,0.02,16,12032,买盘
840,11:11:33,7.5,-0.02,10,7500,卖盘
841,11:11:45,7.5,0.0,2,1500,卖盘
842,11:11:51,7.5,0.0,5,3750,卖盘
843,11:12:04,7.5,0.0,4,3000,卖盘
844,11:12:15,7.5,0.0,53,39750,卖盘
845,11:12:24,7.51,0.01,7,5257,中性盘
846,11:12:42,7.51,0.0,3,2253,买盘
847,11:12:45,7.51,0.0,10,7510,买盘
848,11:13:30,7.5,-0.01,24,17948,卖盘
849,11:13:55,7.49,-0.01,50,37450,卖盘
850,11:13:57,7.49,0.0,19,14231,卖盘
851,11:14:03,7.49,0.0,46,34454,卖盘
852,11:14:42,7.49,0.0,20,14980,卖盘
853,11:14:58,7.49,0.0,22,16478,卖盘
854,11:15:24,7.48,-0.01,5,3740,卖盘
855,11:15:36,7.48,0.0,12,8976,卖盘
856,11:16:12,7.48,0.0,18,13516,卖盘
857,11:16:33,7.48,0.0,32,23936,卖盘
858,11:16:39,7.48,0.0,30,22440,卖盘
859,11:17:00,7.49,0.01,20,14980,买盘
860,11:17:30,7.49,0.0,20,14980,买盘
861,11:17:36,7.49,0.0,50,37450,买盘
862,11:17:45,7.49,0.0,34,25466,买盘
863,11:17:57,7.5,0.01,57,42750,买盘
864,11:18:03,7.5,0.0,38,28500,买盘
865,11:18:33,7.48,-0.02,241,180234,卖盘
866,11:18:36,7.48,0.0,50,37400,买盘
867,11:18:45,7.47,-0.01,5,3735,卖盘
868,11:18:49,7.48,0.01,15,11220,买盘
869,11:18:54,7.48,0.0,74,55404,买盘
870,11:19:00,7.5,0.02,62,46500,买盘
871,11:19:12,7.51,0.01,1,751,买盘
872,11:19:15,7.5,-0.01,15,11250,卖盘
873,11:19:18,7.51,0.01,34,25534,买盘
874,11:19:27,7.51,0.0,10,7510,买盘
875,11:19:42,7.51,0.0,10,7510,卖盘
876,11:19:48,7.52,0.01,31,23312,买盘
877,11:19:57,7.52,0.0,81,60912,卖盘
878,11:20:00,7.53,0.01,57,42921,买盘
879,11:20:06,7.53,0.0,21,15813,卖盘
880,11:20:09,7.53,0.0,15,11303,卖盘
881,11:20:15,7.53,0.0,14,10542,卖盘
882,11:20:18,7.54,0.01,8,6032,买盘
883,11:20:24,7.53,-0.01,42,31626,卖盘
884,11:20:48,7.53,0.0,4,3012,买盘
885,11:20:51,7.53,0.0,4,3012,买盘
886,11:21:25,7.51,-0.02,2,1502,卖盘
887,11:21:33,7.51,0.0,26,19526,卖盘
888,11:21:43,7.52,0.01,9,6768,买盘
889,11:22:01,7.52,0.0,1,752,买盘
890,11:22:07,7.51,-0.01,30,22530,卖盘
891,11:22:10,7.51,0.0,20,15020,卖盘
892,11:22:12,7.52,0.01,20,15040,买盘
893,11:22:31,7.51,-0.01,15,11265,卖盘
894,11:22:34,7.51,0.0,10,7510,卖盘
895,11:22:52,7.51,0.0,20,15020,卖盘
896,11:23:16,7.51,0.0,50,37550,卖盘
897,11:23:33,7.51,0.0,4,3004,卖盘
898,11:23:39,7.5,-0.01,100,75000,卖盘
899,11:24:00,7.5,0.0,10,7500,卖盘
900,11:24:12,7.53,0.03,132,99349,买盘
901,11:24:31,7.5,-0.03,55,41250,卖盘
902,11:24:49,7.51,0.01,7,5257,买盘
903,11:25:21,7.5,-0.01,10,7500,卖盘
904,11:25:31,7.51,0.01,63,47313,买盘
905,11:27:45,7.52,0.01,10,7520,买盘
906,11:28:21,7.53,0.01,113,85089,买盘
907,11:28:27,7.53,0.0,2,1506,买盘
908,11:28:30,7.53,0.0,4,3012,买盘
909,11:28:33,7.53,0.0,60,45180,卖盘
910,11:28:45,7.52,-0.01,100,75200,卖盘
911,11:29:21,7.53,0.01,1,753,买盘
912,11:29:42,7.53,0.0,3,2259,买盘
913,13:00:04,7.53,0.0,160,120430,买盘
914,13:00:07,7.53,0.0,21,15813,卖盘
915,13:00:09,7.53,0.0,20,15060,买盘
916,13:00:21,7.53,0.0,103,77559,买盘
917,13:00:48,7.53,0.0,20,15060,卖盘
918,13:00:54,7.53,0.0,46,34638,卖盘
919,13:00:57,7.53,0.0,21,15813,卖盘
920,13:01:09,7.54,0.01,40,30151,买盘
921,13:01:18,7.54,0.0,34,25636,买盘
922,13:01:30,7.54,0.0,3,2262,买盘
923,13:01:36,7.53,-0.01,9,6777,卖盘
924,13:01:48,7.52,-0.01,2,1504,卖盘
925,13:01:54,7.52,0.0,24,18048,卖盘
926,13:02:18,7.52,0.0,7,5264,卖盘
927,13:02:42,7.52,0.0,1,752,卖盘
928,13:02:48,7.52,0.0,10,7520,卖盘
929,13:02:57,7.52,0.0,81,60912,卖盘
930,13:03:00,7.52,0.0,10,7520,卖盘
931,13:03:06,7.53,0.01,13,9789,买盘
932,13:03:18,7.52,-0.01,10,7520,卖盘
933,13:03:48,7.52,0.0,10,7520,卖盘
934,13:03:54,7.52,0.0,3,2256,卖盘
935,13:04:00,7.52,0.0,10,7520,卖盘
936,13:04:06,7.53,0.01,18,13554,买盘
937,13:04:54,7.52,-0.01,47,35344,卖盘
938,13:05:04,7.52,0.0,6,4512,卖盘
939,13:05:15,7.52,0.0,10,7520,卖盘
940,13:05:43,7.52,0.0,17,12784,卖盘
941,13:05:46,7.52,0.0,3,2256,卖盘
942,13:05:48,7.52,0.0,40,30080,卖盘
943,13:05:57,7.52,0.0,5,3760,卖盘
944,13:06:33,7.52,0.0,7,5264,卖盘
945,13:07:09,7.52,0.0,1,752,买盘
946,13:07:12,7.51,-0.01,10,7510,卖盘
947,13:07:15,7.51,0.0,105,78855,卖盘
948,13:07:33,7.5,-0.01,4,3000,卖盘
949,13:07:36,7.51,0.01,6,4506,买盘
950,13:07:48,7.5,-0.01,11,8250,卖盘
951,13:08:00,7.5,0.0,8,6000,卖盘
952,13:08:09,7.5,0.0,3,2250,卖盘
953,13:08:12,7.5,0.0,39,29250,卖盘
954,13:08:46,7.5,0.0,80,60000,卖盘
955,13:08:49,7.5,0.0,22,16500,卖盘
956,13:09:12,7.5,0.0,2,1500,卖盘
957,13:09:37,7.5,0.0,1,750,卖盘
958,13:09:43,7.5,0.0,8,6000,卖盘
959,13:09:51,7.5,0.0,19,14250,卖盘
960,13:09:54,7.5,0.0,2,1500,卖盘
961,13:10:04,7.5,0.0,78,58500,卖盘
962,13:10:48,7.49,-0.01,8,5992,卖盘
963,13:12:04,7.49,0.0,23,17227,卖盘
964,13:12:24,7.48,-0.01,19,14212,卖盘
965,13:12:45,7.48,0.0,20,14960,卖盘
966,13:13:06,7.48,0.0,59,44132,卖盘
967,13:13:30,7.48,0.0,10,7480,买盘
968,13:13:33,7.47,-0.01,11,8217,卖盘
969,13:13:58,7.48,0.01,35,26180,买盘
970,13:14:00,7.47,-0.01,43,32136,卖盘
971,13:14:25,7.47,0.0,30,22410,卖盘
972,13:14:27,7.47,0.0,90,67230,卖盘
973,13:14:55,7.46,-0.01,69,51474,卖盘
974,13:15:00,7.46,0.0,15,11190,卖盘
975,13:15:06,7.46,0.0,10,7460,卖盘
976,13:15:09,7.46,0.0,41,30586,卖盘
977,13:15:30,7.46,0.0,15,11190,卖盘
978,13:15:36,7.46,0.0,5,3730,卖盘
979,13:15:40,7.47,0.01,1,747,买盘
980,13:15:48,7.46,-0.01,2,1492,卖盘
981,13:16:04,7.47,0.01,200,149400,买盘
982,13:16:12,7.47,0.0,8,5976,买盘
983,13:16:24,7.46,-0.01,6,4476,卖盘
984,13:17:07,7.46,0.0,2,1492,卖盘
985,13:18:18,7.47,0.01,7,5229,买盘
986,13:18:30,7.47,0.0,2,1494,买盘
987,13:18:42,7.49,0.02,7,5243,买盘
988,13:18:57,7.5,0.01,20,15000,买盘
989,13:19:01,7.49,-0.01,21,15729,卖盘
990,13:19:33,7.47,-0.02,9,6723,卖盘
991,13:19:40,7.47,0.0,49,36603,卖盘
992,13:19:57,7.47,0.0,8,5976,买盘
993,13:20:00,7.46,-0.01,80,59680,卖盘
994,13:20:09,7.46,0.0,2,1492,卖盘
995,13:20:21,7.47,0.01,5,3735,买盘
996,13:21:00,7.47,0.0,4,2988,买盘
997,13:21:13,7.47,0.0,1,747,卖盘
998,13:21:21,7.47,0.0,9,6723,买盘
999,13:21:30,7.46,-0.01,20,14928,卖盘
1000,13:21:42,7.46,0.0,60,44775,卖盘
1001,13:21:46,7.49,0.03,36,26964,买盘
1002,13:22:03,7.47,-0.02,4,2988,卖盘
1003,13:22:16,7.46,-0.01,20,14930,卖盘
1004,13:22:36,7.46,0.0,1,746,卖盘
1005,13:22:48,7.45,-0.01,185,137957,卖盘
1006,13:22:51,7.47,0.02,16,11952,买盘
1007,13:23:00,7.48,0.01,1,748,中性盘
1008,13:23:30,7.46,-0.02,56,41809,卖盘
1009,13:24:33,7.46,0.0,10,7460,卖盘
1010,13:24:42,7.45,-0.01,240,178863,卖盘
1011,13:24:51,7.46,0.01,1,746,买盘
1012,13:25:04,7.46,0.0,5,3730,卖盘
1013,13:25:15,7.46,0.0,3,2238,卖盘
1014,13:25:40,7.46,0.0,31,23126,卖盘
1015,13:25:54,7.45,-0.01,10,7450,卖盘
1016,13:26:04,7.46,0.01,6,4476,买盘
1017,13:26:12,7.45,-0.01,3,2235,卖盘
1018,13:26:30,7.45,0.0,7,5215,卖盘
1019,13:26:45,7.45,0.0,11,8195,卖盘
1020,13:27:00,7.45,0.0,2,1490,卖盘
1021,13:27:15,7.44,-0.01,107,79656,卖盘
1022,13:27:33,7.45,0.01,20,14900,卖盘
1023,13:27:54,7.44,-0.01,105,78120,卖盘
1024,13:28:03,7.44,0.0,9,6696,卖盘
1025,13:28:12,7.44,0.0,10,7440,卖盘
1026,13:29:01,7.44,0.0,56,41664,卖盘
1027,13:29:07,7.44,0.0,61,45384,卖盘
1028,13:29:18,7.43,-0.01,5,3715,卖盘
1029,13:29:21,7.44,0.01,10,7440,买盘
1030,13:29:33,7.43,-0.01,39,28977,卖盘
1031,13:29:54,7.43,0.0,5,3715,买盘
1032,13:29:57,7.43,0.0,5,3715,卖盘
1033,13:30:04,7.44,0.01,20,14880,买盘
1034,13:30:09,7.44,0.0,301,223944,买盘
1035,13:30:18,7.44,0.0,8,5952,买盘
1036,13:30:27,7.44,0.0,32,23808,买盘
1037,13:31:06,7.45,0.01,2,1490,买盘
1038,13:31:15,7.45,0.0,43,32035,买盘
1039,13:31:51,7.46,0.01,9,6714,买盘
1040,13:31:54,7.46,0.0,32,23872,买盘
1041,13:32:04,7.47,0.01,23,17181,买盘
1042,13:32:33,7.47,0.0,34,25398,买盘
1043,13:32:42,7.48,0.01,2,1496,买盘
1044,13:32:48,7.47,-0.01,5,3735,卖盘
1045,13:32:54,7.48,0.01,32,23936,买盘
1046,13:32:57,7.48,0.0,100,74800,卖盘
1047,13:33:04,7.48,0.0,44,32912,卖盘
1048,13:33:09,7.47,-0.01,37,27639,卖盘
1049,13:33:12,7.48,0.01,10,7480,买盘
1050,13:33:46,7.48,0.0,8,5984,买盘
1051,13:34:00,7.47,-0.01,1,747,卖盘
1052,13:34:21,7.47,0.0,121,90387,卖盘
1053,13:34:33,7.46,-0.01,20,14920,卖盘
1054,13:34:42,7.46,0.0,30,22380,卖盘
1055,13:34:54,7.46,0.0,18,13428,卖盘
1056,13:34:57,7.46,0.0,5,3730,卖盘
1057,13:35:15,7.46,0.0,6,4476,买盘
1058,13:35:18,7.45,-0.01,33,24585,卖盘
1059,13:35:33,7.45,0.0,7,5215,卖盘
1060,13:35:42,7.45,0.0,13,9685,卖盘
1061,13:35:51,7.45,0.0,13,9685,买盘
1062,13:36:12,7.45,0.0,6,4470,买盘
1063,13:36:28,7.44,-0.01,1,744,卖盘
1064,13:36:36,7.45,0.01,3,2235,买盘
1065,13:36:45,7.45,0.0,19,14155,买盘
1066,13:37:12,7.45,0.0,10,7450,卖盘
1067,13:37:48,7.45,0.0,4,2980,卖盘
1068,13:38:30,7.45,0.0,8,5960,买盘
1069,13:38:45,7.45,0.0,74,55130,买盘
1070,13:39:43,7.45,0.0,10,7450,卖盘
1071,13:40:06,7.45,0.0,2,1490,卖盘
1072,13:40:18,7.45,0.0,2,1490,卖盘
1073,13:40:33,7.46,0.01,1,746,买盘
1074,13:40:45,7.46,0.0,5,3730,买盘
1075,13:41:06,7.45,-0.01,2,1490,卖盘
1076,13:41:55,7.46,0.01,1,746,买盘
1077,13:42:16,7.46,0.0,1,746,买盘
1078,13:42:30,7.46,0.0,50,37300,买盘
1079,13:42:57,7.45,-0.01,17,12665,卖盘
1080,13:43:06,7.45,0.0,40,29800,卖盘
1081,13:43:18,7.45,0.0,50,37250,买盘
1082,13:43:39,7.44,-0.01,24,17856,卖盘
1083,13:43:54,7.44,0.0,4,2976,卖盘
1084,13:44:15,7.44,0.0,11,8184,卖盘
1085,13:44:33,7.44,0.0,8,5952,卖盘
1086,13:44:42,7.45,0.01,9,6705,买盘
1087,13:45:03,7.46,0.01,96,71616,买盘
1088,13:45:30,7.47,0.01,11,8208,买盘
1089,13:45:46,7.46,-0.01,1,746,卖盘
1090,13:46:00,7.46,0.0,8,5968,卖盘
1091,13:46:06,7.46,0.0,4,2984,卖盘
1092,13:47:42,7.46,0.0,1,746,买盘
1093,13:47:45,7.45,-0.01,56,41720,卖盘
1094,13:48:30,7.45,0.0,155,115475,卖盘
1095,13:48:45,7.44,-0.01,1,744,卖盘
1096,13:48:57,7.44,0.0,29,21604,卖盘
1097,13:49:07,7.44,0.0,13,9672,卖盘
1098,13:49:39,7.44,0.0,28,20832,卖盘
1099,13:50:00,7.45,0.01,109,81205,买盘
1100,13:50:25,7.46,0.01,2,1492,买盘
1101,13:50:45,7.46,0.0,15,11190,买盘
1102,13:50:48,7.45,-0.01,10,7450,卖盘
1103,13:51:06,7.46,0.01,10,7460,买盘
1104,13:51:09,7.45,-0.01,10,7450,卖盘
1105,13:52:04,7.46,0.01,38,28348,买盘
1106,13:52:24,7.46,0.0,4,2984,买盘
1107,13:52:54,7.46,0.0,30,22380,卖盘
1108,13:53:12,7.47,0.01,3,2241,买盘
1109,13:53:18,7.46,-0.01,6,4476,卖盘
1110,13:54:01,7.47,0.01,10,7470,买盘
1111,13:54:18,7.46,-0.01,2,1492,卖盘
1112,13:54:39,7.47,0.01,1,747,买盘
1113,13:54:49,7.46,-0.01,43,32078,卖盘
1114,13:54:52,7.47,0.01,44,32861,买盘
1115,13:55:18,7.48,0.01,1,748,买盘
1116,13:55:54,7.48,0.0,28,20944,买盘
1117,13:56:00,7.49,0.01,1,749,买盘
1118,13:56:06,7.48,-0.01,10,7480,卖盘
1119,13:56:36,7.48,0.0,11,8228,卖盘
1120,13:56:57,7.49,0.01,8,5992,买盘
1121,13:57:27,7.49,0.0,1,749,买盘
1122,13:57:30,7.49,0.0,3,2247,买盘
1123,13:57:39,7.47,-0.02,50,37388,卖盘
1124,13:58:30,7.48,0.01,3,2244,卖盘
1125,13:59:51,7.47,-0.01,32,23904,卖盘
1126,14:00:06,7.47,0.0,27,20169,买盘
1127,14:01:00,7.47,0.0,40,29850,买盘
1128,14:01:10,7.46,-0.01,10,7460,卖盘
1129,14:01:25,7.46,0.0,2,1492,卖盘
1130,14:02:10,7.45,-0.01,8,5960,卖盘
1131,14:02:15,7.45,0.0,50,37250,卖盘
1132,14:02:42,7.44,-0.01,89,66216,卖盘
1133,14:02:57,7.43,-0.01,91,67613,卖盘
1134,14:03:16,7.43,0.0,84,62457,卖盘
1135,14:03:54,7.44,0.01,7,5208,买盘
1136,14:04:09,7.43,-0.01,10,7430,卖盘
1137,14:04:24,7.44,0.01,2,1488,买盘
1138,14:04:39,7.44,0.0,9,6696,买盘
1139,14:04:45,7.43,-0.01,30,22290,卖盘
1140,14:05:18,7.44,0.01,1,744,买盘
1141,14:05:42,7.44,0.0,29,21576,买盘
1142,14:06:13,7.44,0.0,8,5952,买盘
1143,14:07:43,7.45,0.01,69,51405,买盘
1144,14:08:04,7.46,0.01,16,11936,买盘
1145,14:08:52,7.45,-0.01,6,4470,卖盘
1146,14:08:55,7.45,0.0,5,3725,卖盘
1147,14:10:06,7.45,0.0,68,50660,卖盘
1148,14:10:27,7.45,0.0,5,3725,买盘
1149,14:10:36,7.45,0.0,5,3725,买盘
1150,14:10:39,7.45,0.0,2,1490,买盘
1151,14:11:04,7.46,0.01,16,11936,买盘
1152,14:11:06,7.46,0.0,59,44014,买盘
1153,14:11:25,7.47,0.01,20,14940,买盘
1154,14:11:27,7.47,0.0,8,5976,买盘
1155,14:11:45,7.47,0.0,42,31374,买盘
1156,14:11:52,7.46,-0.01,34,25378,卖盘
1157,14:11:57,7.47,0.01,1,747,买盘
1158,14:12:04,7.48,0.01,144,107712,买盘
1159,14:12:06,7.47,-0.01,43,32127,卖盘
1160,14:12:30,7.47,0.0,5,3735,买盘
1161,14:12:33,7.47,0.0,10,7470,买盘
1162,14:12:57,7.47,0.0,93,69471,买盘
1163,14:13:21,7.49,0.02,2,1498,买盘
1164,14:14:07,7.49,0.0,55,41195,买盘
1165,14:14:33,7.49,0.0,15,11235,卖盘
1166,14:14:49,7.49,0.0,15,11235,卖盘
1167,14:15:06,7.5,0.01,2,1500,买盘
1168,14:15:09,7.49,-0.01,2,1498,卖盘
1169,14:15:24,7.49,0.0,11,8239,卖盘
1170,14:15:39,7.49,0.0,5,3745,卖盘
1171,14:15:48,7.5,0.01,20,15000,买盘
1172,14:16:06,7.49,-0.01,462,346038,卖盘
1173,14:16:24,7.48,-0.01,4,2992,买盘
1174,14:17:00,7.47,-0.01,12,8964,卖盘
1175,14:18:15,7.47,0.0,8,5976,卖盘
1176,14:18:42,7.48,0.01,7,5236,买盘
1177,14:19:18,7.49,0.01,21,15729,买盘
1178,14:19:27,7.49,0.0,2,1498,买盘
1179,14:19:51,7.49,0.0,94,70406,买盘
1180,14:19:54,7.49,0.0,10,7490,卖盘
1181,14:20:04,7.5,0.01,3,2250,买盘
1182,14:20:10,7.5,0.0,16,12000,买盘
1183,14:20:13,7.5,0.0,5,3750,买盘
1184,14:20:30,7.5,0.0,196,147000,买盘
1185,14:20:36,7.5,0.0,12,9000,买盘
1186,14:20:54,7.5,0.0,66,49500,买盘
1187,14:21:09,7.49,-0.01,5,3745,卖盘
1188,14:21:21,7.5,0.01,40,29965,买盘
1189,14:21:39,7.49,-0.01,2,1498,买盘
1190,14:21:51,7.49,0.0,43,32207,买盘
1191,14:22:04,7.49,0.0,14,10486,卖盘
1192,14:22:06,7.49,0.0,6,4494,卖盘
1193,14:22:09,7.5,0.01,67,50213,买盘
1194,14:22:45,7.49,-0.01,10,7490,买盘
1195,14:23:04,7.48,-0.01,10,7480,卖盘
1196,14:23:15,7.49,0.01,68,50882,买盘
1197,14:23:21,7.48,-0.01,13,9724,卖盘
1198,14:23:36,7.48,0.0,148,110704,卖盘
1199,14:23:55,7.48,0.0,1,748,买盘
1200,14:23:57,7.47,-0.01,76,56772,卖盘
1201,14:24:09,7.48,0.01,5,3740,买盘
1202,14:24:36,7.48,0.0,1,748,买盘
1203,14:24:57,7.49,0.01,50,37450,买盘
1204,14:25:24,7.49,0.0,23,17227,买盘
1205,14:25:28,7.49,0.0,1,749,买盘
1206,14:26:21,7.48,-0.01,17,12716,卖盘
1207,14:26:39,7.47,-0.01,1,747,卖盘
1208,14:26:45,7.48,0.01,2,1496,买盘
1209,14:27:00,7.48,0.0,5,3740,卖盘
1210,14:27:04,7.48,0.0,17,12716,卖盘
1211,14:27:36,7.47,-0.01,50,37350,卖盘
1212,14:27:51,7.48,0.01,93,69564,买盘
1213,14:28:15,7.49,0.01,6,4494,买盘
1214,14:28:24,7.47,-0.02,50,37350,卖盘
1215,14:28:36,7.48,0.01,6,4488,中性盘
1216,14:28:54,7.47,-0.01,75,56025,卖盘
1217,14:29:00,7.48,0.01,50,37400,卖盘
1218,14:29:28,7.48,0.0,10,7480,卖盘
1219,14:29:31,7.49,0.01,20,14980,买盘
1220,14:29:39,7.49,0.0,90,67410,买盘
1221,14:29:51,7.5,0.01,200,150000,买盘
1222,14:30:06,7.5,0.0,10,7500,买盘
1223,14:30:51,7.49,-0.01,10,7490,卖盘
1224,14:31:12,7.49,0.0,10,7490,卖盘
1225,14:31:24,7.49,0.0,84,62916,卖盘
1226,14:31:34,7.49,0.0,5,3745,买盘
1227,14:31:51,7.49,0.0,10,7490,买盘
1228,14:31:57,7.49,0.0,20,14980,买盘
1229,14:32:06,7.49,0.0,12,8988,买盘
1230,14:32:15,7.49,0.0,10,7490,买盘
1231,14:32:27,7.49,0.0,20,14980,买盘
1232,14:32:33,7.48,-0.01,8,5984,卖盘
1233,14:32:48,7.48,0.0,10,7480,卖盘
1234,14:33:21,7.48,0.0,42,31416,卖盘
1235,14:33:46,7.48,0.0,36,26928,买盘
1236,14:33:54,7.48,0.0,64,47872,卖盘
1237,14:33:57,7.48,0.0,1,748,买盘
1238,14:34:06,7.48,0.0,10,7480,卖盘
1239,14:34:21,7.48,0.0,30,22440,卖盘
1240,14:34:27,7.49,0.01,1,749,买盘
1241,14:34:45,7.5,0.01,1000,749810,买盘
1242,14:34:48,7.48,-0.02,8,5984,卖盘
1243,14:34:54,7.49,0.01,100,74900,买盘
1244,14:35:00,7.49,0.0,61,45689,卖盘
1245,14:35:03,7.49,0.0,50,37450,买盘
1246,14:35:09,7.5,0.01,10,7500,买盘
1247,14:35:15,7.5,0.0,21,15750,买盘
1248,14:35:21,7.5,0.0,2,1500,卖盘
1249,14:35:24,7.51,0.01,8,6008,买盘
1250,14:35:31,7.52,0.01,100,75200,买盘
1251,14:35:39,7.52,0.0,75,56400,买盘
1252,14:35:51,7.52,0.0,1,752,买盘
1253,14:35:55,7.52,0.0,36,27072,买盘
1254,14:35:57,7.52,0.0,50,37600,卖盘
1255,14:36:01,7.53,0.01,22,16566,买盘
1256,14:36:06,7.53,0.0,12,9036,买盘
1257,14:36:12,7.52,-0.01,10,7520,买盘
1258,14:36:15,7.51,-0.01,5,3755,卖盘
1259,14:36:18,7.53,0.02,114,85752,买盘
1260,14:36:27,7.53,0.0,65,48945,卖盘
1261,14:36:37,7.54,0.01,60,45225,买盘
1262,14:36:40,7.53,-0.01,10,7530,买盘
1263,14:36:45,7.53,0.0,10,7530,买盘
1264,14:37:00,7.51,-0.02,27,20277,卖盘
1265,14:37:12,7.51,0.0,10,7510,买盘
1266,14:38:04,7.51,0.0,10,7510,买盘
1267,14:38:16,7.5,-0.01,5,3750,卖盘
1268,14:38:25,7.51,0.01,9,6759,买盘
1269,14:38:31,7.5,-0.01,54,40500,卖盘
1270,14:38:36,7.51,0.01,6,4506,买盘
1271,14:39:06,7.51,0.0,1,751,卖盘
1272,14:39:15,7.51,0.0,9,6759,卖盘
1273,14:39:27,7.51,0.0,20,15020,买盘
1274,14:39:45,7.5,-0.01,3,2250,卖盘
1275,14:39:48,7.51,0.01,11,8261,买盘
1276,14:40:27,7.5,-0.01,3,2250,卖盘
1277,14:40:48,7.5,0.0,5,3750,卖盘
1278,14:40:54,7.5,0.0,7,5250,卖盘
1279,14:40:58,7.51,0.01,24,18024,买盘
1280,14:41:04,7.51,0.0,24,18024,卖盘
1281,14:41:06,7.51,0.0,10,7510,卖盘
1282,14:41:12,7.51,0.0,50,37550,卖盘
1283,14:41:21,7.51,0.0,5,3755,卖盘
1284,14:41:24,7.51,0.0,25,18775,卖盘
1285,14:41:36,7.51,0.0,33,24783,卖盘
1286,14:42:21,7.5,-0.01,150,112500,卖盘
1287,14:42:48,7.5,0.0,15,11250,卖盘
1288,14:42:51,7.51,0.01,15,11256,买盘
1289,14:43:12,7.49,-0.02,1,749,卖盘
1290,14:43:15,7.49,0.0,4,2996,卖盘
1291,14:43:27,7.5,0.01,5,3750,买盘
1292,14:43:30,7.49,-0.01,50,37450,卖盘
1293,14:43:34,7.49,0.0,10,7490,卖盘
1294,14:43:57,7.5,0.01,60,45000,买盘
1295,14:44:12,7.5,0.0,15,11250,买盘
1296,14:44:15,7.5,0.0,33,24750,买盘
1297,14:44:21,7.5,0.0,5,3750,卖盘
1298,14:44:27,7.5,0.0,72,54000,买盘
1299,14:44:30,7.5,0.0,10,7500,卖盘
1300,14:44:33,7.5,0.0,13,9750,卖盘
1301,14:45:12,7.5,0.0,100,75000,卖盘
1302,14:45:21,7.5,0.0,150,112500,卖盘
1303,14:45:24,7.5,0.0,10,7500,卖盘
1304,14:45:30,7.51,0.01,257,192757,买盘
1305,14:45:33,7.5,-0.01,160,120000,卖盘
1306,14:45:45,7.51,0.01,4,3004,买盘
1307,14:45:51,7.5,-0.01,19,14250,卖盘
1308,14:45:54,7.5,0.0,15,11250,买盘
1309,14:45:57,7.5,0.0,29,21750,买盘
1310,14:46:00,7.5,0.0,30,22500,买盘
1311,14:46:03,7.5,0.0,7,5250,买盘
1312,14:46:16,7.5,0.0,1,750,卖盘
1313,14:46:24,7.5,0.0,34,25500,卖盘
1314,14:46:27,7.5,0.0,123,92250,买盘
1315,14:46:31,7.5,0.0,6,4500,买盘
1316,14:46:42,7.49,-0.01,180,134820,卖盘
1317,14:46:57,7.5,0.01,10,7500,买盘
1318,14:47:04,7.49,-0.01,17,12733,卖盘
1319,14:47:16,7.49,0.0,3,2247,卖盘
1320,14:47:21,7.49,0.0,5,3745,卖盘
1321,14:47:33,7.49,0.0,5,3745,卖盘
1322,14:47:36,7.49,0.0,91,68159,卖盘
1323,14:47:43,7.49,0.0,16,11984,买盘
1324,14:47:49,7.49,0.0,27,20223,买盘
1325,14:47:51,7.48,-0.01,3,2244,卖盘
1326,14:48:06,7.48,0.0,1,748,卖盘
1327,14:48:18,7.48,0.0,10,7480,卖盘
1328,14:48:24,7.49,0.01,14,10486,买盘
1329,14:48:30,7.49,0.0,29,21721,买盘
1330,14:48:36,7.5,0.01,176,131719,买盘
1331,14:48:48,7.49,-0.01,15,11235,买盘
1332,14:48:51,7.49,0.0,15,11235,卖盘
1333,14:48:57,7.49,0.0,4,2996,买盘
1334,14:49:09,7.49,0.0,20,14980,买盘
1335,14:49:21,7.49,0.0,2,1498,买盘
1336,14:49:27,7.48,-0.01,136,101728,卖盘
1337,14:49:39,7.48,0.0,9,6732,卖盘
1338,14:49:54,7.49,0.01,41,30709,买盘
1339,14:50:00,7.49,0.0,42,31458,卖盘
1340,14:50:06,7.49,0.0,100,74900,买盘
1341,14:50:10,7.49,0.0,30,22470,买盘
1342,14:50:12,7.48,-0.01,56,41893,卖盘
1343,14:50:21,7.49,0.01,3,2247,买盘
1344,14:50:24,7.49,0.0,133,99617,买盘
1345,14:50:45,7.49,0.0,36,26964,买盘
1346,14:50:51,7.49,0.0,1,749,买盘
1347,14:51:00,7.49,0.0,5,3745,买盘
1348,14:51:07,7.49,0.0,30,22470,买盘
1349,14:51:24,7.49,0.0,50,37450,买盘
1350,14:51:31,7.49,0.0,13,9737,买盘
1351,14:51:39,7.49,0.0,54,40446,买盘
1352,14:51:42,7.49,0.0,10,7490,买盘
1353,14:51:51,7.5,0.01,10,7500,买盘
1354,14:51:57,7.5,0.0,23,17250,买盘
1355,14:52:21,7.49,-0.01,9,6741,卖盘
1356,14:52:27,7.49,0.0,62,46438,卖盘
1357,14:52:33,7.49,0.0,15,11235,买盘
1358,14:52:42,7.49,0.0,18,13482,卖盘
1359,14:52:48,7.5,0.01,4,3000,买盘
1360,14:52:54,7.49,-0.01,7,5243,卖盘
1361,14:53:21,7.5,0.01,32,23990,买盘
1362,14:53:24,7.5,0.0,10,7500,买盘
1363,14:53:33,7.5,0.0,35,26250,买盘
1364,14:53:36,7.5,0.0,10,7500,买盘
1365,14:53:39,7.49,-0.01,28,20980,卖盘
1366,14:53:45,7.49,0.0,70,52451,卖盘
1367,14:53:51,7.5,0.01,7,5250,买盘
1368,14:53:57,7.49,-0.01,15,11235,卖盘
1369,14:54:00,7.5,0.01,86,64496,买盘
1370,14:54:13,7.5,0.0,95,71250,买盘
1371,14:54:16,7.49,-0.01,59,44191,卖盘
1372,14:54:34,7.5,0.01,50,37460,买盘
1373,14:54:36,7.5,0.0,6,4500,买盘
1374,14:54:45,7.49,-0.01,3,2247,卖盘
1375,14:54:48,7.49,0.0,61,45749,卖盘
1376,14:54:54,7.5,0.01,34,25500,买盘
1377,14:54:57,7.5,0.0,181,135750,买盘
1378,14:55:03,7.5,0.0,50,37500,卖盘
1379,14:55:06,7.5,0.0,9,6750,卖盘
1380,14:55:09,7.51,0.01,16,12016,买盘
1381,14:55:12,7.51,0.0,25,18775,买盘
1382,14:55:15,7.5,-0.01,2,1500,卖盘
1383,14:55:18,7.5,0.0,200,150000,卖盘
1384,14:55:21,7.5,0.0,10,7500,卖盘
1385,14:55:27,7.5,0.0,60,45000,卖盘
1386,14:55:30,7.5,0.0,51,38250,卖盘
1387,14:55:33,7.5,0.0,10,7500,卖盘
1388,14:55:36,7.51,0.01,6,4506,买盘
1389,14:55:39,7.5,-0.01,7,5250,卖盘
1390,14:55:42,7.5,0.0,80,60000,卖盘
1391,14:55:48,7.5,0.0,37,27750,买盘
1392,14:55:52,7.5,0.0,4,3000,卖盘
1393,14:55:54,7.51,0.01,10,7510,买盘
1394,14:56:01,7.5,-0.01,19,14268,卖盘
1395,14:56:04,7.51,0.01,21,15763,买盘
1396,14:56:09,7.5,-0.01,20,15000,卖盘
1397,14:56:12,7.5,0.0,8,6000,卖盘
1398,14:56:21,7.51,0.01,42,31542,买盘
1399,14:56:27,7.5,-0.01,2,1500,卖盘
1400,14:56:31,7.5,0.0,50,37500,卖盘
1401,14:56:34,7.5,0.0,103,77333,卖盘
1402,14:56:37,7.5,0.0,10,7500,卖盘
1403,14:56:40,7.5,0.0,30,22500,卖盘
1404,14:56:43,7.5,0.0,31,23250,卖盘
1405,14:56:45,7.5,0.0,2,1500,卖盘
1406,14:56:48,7.51,0.01,5,3755,买盘
1407,14:56:57,7.51,0.0,13,9763,买盘
1408,15:00:04,7.51,0.0,819,615069,卖盘
