,time,price,change,volume,amount,type
0,09:25:04,17.52,0.19,121,213148,卖盘
1,09:30:01,17.52,0.0,5,8760,卖盘
2,09:30:04,17.6,0.08,297,522674,买盘
3,09:30:07,17.6,0.0,76,133796,卖盘
4,09:30:10,17.6,0.0,3,5280,卖盘
5,09:30:12,17.6,0.0,2,3520,卖盘
6,09:30:15,17.6,0.0,44,77460,卖盘
7,09:30:19,17.6,0.0,28,49330,卖盘
8,09:30:22,17.6,0.0,25,44000,卖盘
9,09:30:28,17.65,0.05,15,26430,买盘
10,09:30:30,17.6,-0.05,11,19360,卖盘
11,09:30:33,17.65,0.05,59,103900,买盘
12,09:30:37,17.59,-0.06,20,35182,卖盘
13,09:30:40,17.64,0.05,45,79359,买盘
14,09:30:43,17.64,0.0,14,24690,买盘
15,09:30:46,17.63,-0.01,5,8815,买盘
16,09:30:48,17.61,-0.02,12,21132,卖盘
17,09:30:51,17.63,0.02,13,22899,买盘
18,09:31:01,17.64,0.01,5,8820,买盘
19,09:31:04,17.64,0.0,8,14106,买盘
20,09:31:09,17.63,-0.01,25,44085,卖盘
21,09:31:12,17.6,-0.03,183,322237,卖盘
22,09:31:19,17.61,0.01,4,7044,卖盘
23,09:31:22,17.61,0.0,2,3522,卖盘
24,09:31:30,17.6,-0.01,2,3520,卖盘
25,09:31:33,17.6,0.0,64,112640,卖盘
26,09:31:37,17.6,0.0,20,35200,卖盘
27,09:31:40,17.6,0.0,15,26400,卖盘
28,09:31:42,17.61,0.01,94,165502,买盘
29,09:31:46,17.61,0.0,37,65157,卖盘
30,09:31:49,17.6,-0.01,33,58094,卖盘
31,09:31:52,17.6,0.0,31,54561,卖盘
32,09:31:54,17.6,0.0,25,44000,卖盘
33,09:32:01,17.59,-0.01,10,17590,卖盘
34,09:32:03,17.58,-0.01,11,19342,卖盘
35,09:32:07,17.58,0.0,16,28128,卖盘
36,09:32:10,17.57,-0.01,1,1757,卖盘
37,09:32:13,17.6,0.03,68,119612,买盘
38,09:32:16,17.6,0.0,3,5280,卖盘
39,09:32:19,17.6,0.0,43,75680,卖盘
40,09:32:21,17.6,0.0,31,54560,卖盘
41,09:32:25,17.6,0.0,6,10560,卖盘
42,09:32:27,17.61,0.01,76,133825,买盘
43,09:32:30,17.61,0.0,12,21132,卖盘
44,09:32:34,17.61,0.0,4,7044,卖盘
45,09:32:40,17.61,0.0,17,29957,卖盘
46,09:32:42,17.63,0.02,1,1763,中性盘
47,09:32:48,17.65,0.02,10,17650,买盘
48,09:32:52,17.62,-0.03,5,8810,卖盘
49,09:32:54,17.63,0.01,5,8815,买盘
50,09:32:57,17.62,-0.01,3,5286,卖盘
51,09:33:00,17.62,0.0,1,1762,卖盘
52,09:33:04,17.63,0.01,51,89912,买盘
53,09:33:06,17.62,-0.01,40,70480,卖盘
54,09:33:09,17.63,0.01,12,21156,买盘
55,09:33:18,17.63,0.0,5,8815,卖盘
56,09:33:22,17.63,0.0,30,52890,卖盘
57,09:33:24,17.63,0.0,51,89913,卖盘
58,09:33:31,17.63,0.0,5,8815,卖盘
59,09:33:40,17.63,0.0,68,119884,买盘
60,09:33:52,17.61,-0.02,5,8805,卖盘
61,09:33:57,17.61,0.0,22,38742,卖盘
62,09:34:01,17.63,0.02,10,17630,买盘
63,09:34:18,17.61,-0.02,3,5283,卖盘
64,09:34:21,17.61,0.0,7,12327,买盘
65,09:34:24,17.61,0.0,1,1761,卖盘
66,09:34:28,17.6,-0.01,162,285136,卖盘
67,09:34:31,17.6,0.0,50,88008,卖盘
68,09:34:34,17.6,0.0,51,89760,卖盘
69,09:34:37,17.6,0.0,42,73920,卖盘
70,09:34:40,17.6,0.0,35,61600,卖盘
71,09:34:43,17.6,0.0,30,52800,卖盘
72,09:34:45,17.6,0.0,67,117980,卖盘
73,09:34:48,17.6,0.0,95,167200,卖盘
74,09:34:54,17.61,0.01,29,51043,买盘
75,09:35:01,17.61,0.0,2,3522,买盘
76,09:35:04,17.6,-0.01,19,33458,卖盘
77,09:35:09,17.61,0.01,6,10566,卖盘
78,09:35:16,17.61,0.0,41,72201,卖盘
79,09:35:19,17.61,0.0,11,19371,卖盘
80,09:35:25,17.6,-0.01,2,3520,卖盘
81,09:35:27,17.62,0.02,53,93365,买盘
82,09:35:31,17.61,-0.01,10,17607,中性盘
83,09:35:33,17.61,0.0,1,1761,卖盘
84,09:35:36,17.62,0.01,30,52860,买盘
85,09:35:40,17.61,-0.01,15,26415,中性盘
86,09:35:43,17.62,0.01,2,3524,买盘
87,09:35:51,17.62,0.0,7,12334,买盘
88,09:35:58,17.62,0.0,8,14093,买盘
89,09:36:01,17.61,-0.01,2,3522,卖盘
90,09:36:04,17.62,0.01,14,24667,买盘
91,09:36:06,17.61,-0.01,58,102252,卖盘
92,09:36:10,17.62,0.01,4,7048,买盘
93,09:36:13,17.62,0.0,4,7048,卖盘
94,09:36:21,17.63,0.01,16,28201,买盘
95,09:36:25,17.62,-0.01,5,8814,卖盘
96,09:36:28,17.63,0.01,4,7052,买盘
97,09:36:31,17.62,-0.01,2,3524,卖盘
98,09:36:34,17.63,0.01,7,12341,买盘
99,09:36:37,17.61,-0.02,9,15849,卖盘
100,09:36:49,17.61,0.0,10,17610,卖盘
101,09:36:52,17.61,0.0,16,28176,卖盘
102,09:37:01,17.61,0.0,17,29937,买盘
103,09:37:04,17.6,-0.01,31,54560,卖盘
104,09:37:07,17.61,0.01,26,45770,买盘
105,09:37:13,17.61,0.0,1,1761,买盘
106,09:37:25,17.61,0.0,1,1761,卖盘
107,09:37:34,17.6,-0.01,1,1760,卖盘
108,09:37:52,17.61,0.01,19,33459,买盘
109,09:37:54,17.6,-0.01,10,17600,卖盘
110,09:37:58,17.6,0.0,13,22880,卖盘
111,09:38:04,17.61,0.01,7,12327,买盘
112,09:38:16,17.6,-0.01,1,1760,卖盘
113,09:38:21,17.6,0.0,38,66907,卖盘
114,09:38:25,17.61,0.01,45,79205,买盘
115,09:38:27,17.61,0.0,1,1761,卖盘
116,09:38:31,17.61,0.0,1,1761,卖盘
117,09:38:33,17.61,0.0,1,1761,卖盘
118,09:38:37,17.61,0.0,3,5283,卖盘
119,09:38:40,17.61,0.0,19,33459,卖盘
120,09:38:45,17.61,0.0,1,1761,卖盘
121,09:38:49,17.62,0.01,43,75764,买盘
122,09:39:00,17.62,0.0,1,1762,卖盘
123,09:39:03,17.61,-0.01,22,38750,卖盘
124,09:39:07,17.61,0.0,5,8805,卖盘
125,09:39:16,17.6,-0.01,6,10560,卖盘
126,09:39:19,17.62,0.02,14,24668,买盘
127,09:39:25,17.62,0.0,2,3524,卖盘
128,09:39:28,17.62,0.0,12,21144,卖盘
129,09:39:34,17.62,0.0,51,89912,卖盘
130,09:39:42,17.63,0.01,13,22919,买盘
131,09:39:46,17.63,0.0,30,52890,卖盘
132,09:39:49,17.64,0.01,1,1764,买盘
133,09:39:52,17.64,0.0,15,26455,买盘
134,09:39:55,17.64,0.0,41,72324,买盘
135,09:39:58,17.64,0.0,3,5292,卖盘
136,09:40:01,17.64,0.0,3,5292,卖盘
137,09:40:04,17.65,0.01,40,70586,买盘
138,09:40:07,17.64,-0.01,10,17640,中性盘
139,09:40:10,17.64,0.0,20,35280,买盘
140,09:40:12,17.64,0.0,3,5292,买盘
141,09:40:19,17.63,-0.01,3,5289,卖盘
142,09:40:27,17.63,0.0,5,8815,卖盘
143,09:40:30,17.63,0.0,7,12341,卖盘
144,09:40:34,17.64,0.01,6,10583,买盘
145,09:40:40,17.63,-0.01,3,5289,卖盘
146,09:40:46,17.64,0.01,4,7056,买盘
147,09:40:49,17.63,-0.01,15,26445,卖盘
148,09:40:55,17.65,0.02,143,252316,买盘
149,09:40:58,17.66,0.01,80,141250,买盘
150,09:41:01,17.66,0.0,19,33553,买盘
151,09:41:04,17.65,-0.01,1,1765,卖盘
152,09:41:07,17.68,0.03,187,330563,买盘
153,09:41:09,17.69,0.01,27,47763,买盘
154,09:41:13,17.69,0.0,16,28304,买盘
155,09:41:19,17.69,0.0,12,21228,买盘
156,09:41:24,17.7,0.01,4,7080,买盘
157,09:41:27,17.7,0.0,49,86730,买盘
158,09:41:31,17.7,0.0,5,7965,买盘
159,09:41:34,17.7,0.0,1,1770,卖盘
160,09:41:36,17.71,0.01,10,17710,买盘
161,09:41:39,17.7,-0.01,30,53109,卖盘
162,09:41:46,17.78,0.08,21,37318,买盘
163,09:41:49,17.8,0.02,44,78253,买盘
164,09:41:52,17.84,0.04,27,48077,买盘
165,09:41:55,17.8,-0.04,4,7132,中性盘
166,09:41:58,17.85,0.05,16,28544,买盘
167,09:42:01,17.85,0.0,6,10705,买盘
168,09:42:04,17.89,0.04,50,89319,买盘
169,09:42:07,17.9,0.01,10,17896,买盘
170,09:42:09,17.88,-0.02,51,91212,卖盘
171,09:42:13,17.94,0.06,15,26878,买盘
172,09:42:16,17.9,-0.04,4,7160,卖盘
173,09:42:19,17.98,0.08,88,158123,买盘
174,09:42:22,17.95,-0.03,3,5385,中性盘
175,09:42:24,17.9,-0.05,49,87839,卖盘
176,09:42:27,17.9,0.0,28,50180,卖盘
177,09:42:31,17.95,0.05,63,112836,买盘
178,09:42:34,17.9,-0.05,31,55490,中性盘
179,09:42:37,17.96,0.06,21,37682,买盘
180,09:42:40,17.88,-0.08,7,12524,卖盘
181,09:42:43,17.95,0.07,50,89614,买盘
182,09:42:46,17.9,-0.05,4,7160,中性盘
183,09:42:49,17.9,0.0,20,35839,买盘
184,09:42:51,17.95,0.05,40,71755,买盘
185,09:42:55,17.88,-0.07,1,1788,中性盘
186,09:42:58,17.94,0.06,14,25112,买盘
187,09:43:01,17.9,-0.04,10,17900,卖盘
188,09:43:04,17.92,0.02,40,71732,中性盘
189,09:43:06,17.9,-0.02,16,28648,卖盘
190,09:43:10,17.94,0.04,33,59119,买盘
191,09:43:13,17.89,-0.05,9,16125,卖盘
192,09:43:16,17.89,0.0,12,21501,中性盘
193,09:43:18,17.9,0.01,7,12542,中性盘
194,09:43:22,17.9,0.0,14,25060,卖盘
195,09:43:24,17.88,-0.02,37,66212,卖盘
196,09:43:28,17.88,0.0,71,126968,卖盘
197,09:43:31,17.87,-0.01,29,51838,卖盘
198,09:43:37,17.85,-0.02,15,26784,卖盘
199,09:43:39,17.87,0.02,17,30359,买盘
200,09:43:46,17.86,-0.01,23,41057,买盘
201,09:43:48,17.85,-0.01,1,1785,卖盘
202,09:43:51,17.85,0.0,3,5355,买盘
203,09:43:55,17.85,0.0,9,16061,买盘
204,09:44:00,17.85,0.0,13,23201,中性盘
205,09:44:04,17.86,0.01,92,164270,买盘
206,09:44:06,17.9,0.04,9,16108,买盘
207,09:44:10,17.9,0.0,35,62691,卖盘
208,09:44:13,17.93,0.03,15,26895,买盘
209,09:44:16,17.91,-0.02,15,26855,中性盘
210,09:44:22,17.9,-0.01,12,21456,买盘
211,09:44:27,17.92,0.02,59,105674,买盘
212,09:44:31,17.95,0.03,71,127340,买盘
213,09:44:34,17.92,-0.03,16,28681,中性盘
214,09:44:37,17.95,0.03,33,59183,买盘
215,09:44:40,17.95,0.0,18,32310,买盘
216,09:44:43,17.92,-0.03,19,34075,卖盘
217,09:44:46,17.92,0.0,7,12562,卖盘
218,09:44:49,17.91,-0.01,26,46597,卖盘
219,09:44:52,17.92,0.01,152,272490,中性盘
220,09:44:54,17.92,0.0,49,87780,买盘
221,09:44:57,17.9,-0.02,102,182583,卖盘
222,09:45:00,17.88,-0.02,20,35792,中性盘
223,09:45:07,17.86,-0.02,19,33944,卖盘
224,09:45:12,17.86,0.0,30,53580,卖盘
225,09:45:16,17.88,0.02,34,60728,买盘
226,09:45:19,17.86,-0.02,19,33946,卖盘
227,09:45:22,17.86,0.0,2,3572,卖盘
228,09:45:25,17.87,0.01,7,12509,卖盘
229,09:45:27,17.86,-0.01,27,48238,卖盘
230,09:45:30,17.88,0.02,9,16091,买盘
231,09:45:34,17.86,-0.02,4,7144,卖盘
232,09:45:36,17.86,0.0,24,42869,卖盘
233,09:45:39,17.85,-0.01,30,53550,卖盘
234,09:45:43,17.85,0.0,18,32136,卖盘
235,09:45:45,17.81,-0.04,10,17823,卖盘
236,09:45:49,17.81,0.0,22,39200,卖盘
237,09:45:54,17.84,0.03,15,26738,买盘
238,09:45:57,17.84,0.0,3,5350,买盘
239,09:46:01,17.84,0.0,4,7139,卖盘
240,09:46:04,17.84,0.0,1,1784,卖盘
241,09:46:07,17.84,0.0,3,5352,卖盘
242,09:46:09,17.86,0.02,55,98128,买盘
243,09:46:13,17.84,-0.02,6,10706,卖盘
244,09:46:16,17.88,0.04,57,101879,买盘
245,09:46:19,17.84,-0.04,5,8920,卖盘
246,09:46:22,17.88,0.04,27,48256,买盘
247,09:46:25,17.87,-0.01,1,1787,中性盘
248,09:46:27,17.87,0.0,12,21444,卖盘
249,09:46:31,17.88,0.01,4,7152,买盘
250,09:46:33,17.87,-0.01,104,185948,卖盘
251,09:46:37,17.88,0.01,69,123359,买盘
252,09:46:40,17.88,0.0,50,89372,买盘
253,09:46:43,17.87,-0.01,10,17870,中性盘
254,09:46:46,17.87,0.0,13,23226,买盘
255,09:46:48,17.86,-0.01,4,7144,卖盘
256,09:46:52,17.87,0.01,17,30369,买盘
257,09:46:54,17.86,-0.01,3,5360,卖盘
258,09:47:01,17.87,0.01,4,7145,买盘
259,09:47:04,17.87,0.0,31,55397,买盘
260,09:47:10,17.87,0.0,36,64322,卖盘
261,09:47:13,17.86,-0.01,4,7144,卖盘
262,09:47:15,17.84,-0.02,84,150010,卖盘
263,09:47:18,17.84,0.0,3,5352,卖盘
264,09:47:21,17.84,0.0,6,10704,卖盘
265,09:47:25,17.84,0.0,2,3568,卖盘
266,09:47:31,17.84,0.0,1,1784,卖盘
267,09:47:34,17.84,0.0,2,3568,卖盘
268,09:47:37,17.86,0.02,23,41038,买盘
269,09:47:39,17.8,-0.06,259,461324,卖盘
270,09:47:42,17.84,0.04,121,215420,中性盘
271,09:47:55,17.8,-0.04,2,3560,卖盘
272,09:47:57,17.84,0.04,1,1784,买盘
273,09:48:00,17.86,0.02,19,33932,买盘
274,09:48:03,17.86,0.0,15,26790,卖盘
275,09:48:06,17.87,0.01,42,74972,买盘
276,09:48:10,17.86,-0.01,4,7144,卖盘
277,09:48:13,17.85,-0.01,3,5356,卖盘
278,09:48:15,17.85,0.0,2,3570,卖盘
279,09:48:19,17.86,0.01,1,1786,买盘
280,09:48:21,17.86,0.0,1,1786,买盘
281,09:48:24,17.86,0.0,2,3572,买盘
282,09:48:27,17.85,-0.01,21,37506,卖盘
283,09:48:31,17.86,0.01,2,3572,中性盘
284,09:48:33,17.86,0.0,21,37506,卖盘
285,09:48:36,17.86,0.0,1,1786,卖盘
286,09:48:39,17.86,0.0,6,10716,卖盘
287,09:48:43,17.86,0.0,18,32153,卖盘
288,09:48:46,17.87,0.01,12,21437,买盘
289,09:48:48,17.88,0.01,194,346831,买盘
290,09:48:55,17.88,0.0,3,5364,买盘
291,09:48:58,17.88,0.0,2,3576,买盘
292,09:49:01,17.88,0.0,3,5362,买盘
293,09:49:04,17.86,-0.02,23,41133,卖盘
294,09:49:07,17.89,0.03,40,71530,买盘
295,09:49:12,17.89,0.0,10,17890,买盘
296,09:49:16,17.89,0.0,10,17890,买盘
297,09:49:19,17.89,0.0,14,25046,买盘
298,09:49:22,17.88,-0.01,8,14310,卖盘
299,09:49:25,17.88,0.0,8,14311,卖盘
300,09:49:28,17.9,0.02,6,11632,买盘
301,09:49:31,17.89,-0.01,23,41147,卖盘
302,09:49:36,17.89,0.0,4,7156,卖盘
303,09:49:43,17.89,0.0,1,1789,卖盘
304,09:49:46,17.89,0.0,34,59932,卖盘
305,09:49:49,17.88,-0.01,6,10728,卖盘
306,09:49:51,17.88,0.0,15,26821,卖盘
307,09:49:54,17.89,0.01,43,76899,买盘
308,09:49:58,17.86,-0.03,2,3574,卖盘
309,09:50:01,17.86,0.0,1,1786,卖盘
310,09:50:04,17.86,0.0,13,23218,卖盘
311,09:50:10,17.87,0.01,1,1787,买盘
312,09:50:13,17.85,-0.02,50,89280,卖盘
313,09:50:24,17.85,0.0,1,1785,卖盘
314,09:50:28,17.85,0.0,2,3570,卖盘
315,09:50:31,17.85,0.0,10,17850,卖盘
316,09:50:36,17.82,-0.03,6,10692,卖盘
317,09:50:49,17.84,0.02,4,7136,买盘
318,09:51:00,17.83,-0.01,22,39226,卖盘
319,09:51:07,17.83,0.0,1,1783,卖盘
320,09:51:09,17.83,0.0,6,10698,卖盘
321,09:51:12,17.83,0.0,9,16047,卖盘
322,09:51:19,17.84,0.01,5,8920,买盘
323,09:51:22,17.83,-0.01,2,3566,卖盘
324,09:51:25,17.84,0.01,23,41032,买盘
325,09:51:27,17.85,0.01,6,10710,买盘
326,09:51:31,17.85,0.0,21,37467,买盘
327,09:51:34,17.84,-0.01,7,12488,卖盘
328,09:51:40,17.86,0.02,20,35709,买盘
329,09:51:52,17.86,0.0,5,8927,买盘
330,09:51:55,17.85,-0.01,2,3570,卖盘
331,09:51:58,17.85,0.0,1,1785,卖盘
332,09:52:01,17.85,0.0,1,1785,卖盘
333,09:52:04,17.85,0.0,10,17850,卖盘
334,09:52:13,17.85,0.0,5,8925,卖盘
335,09:52:16,17.84,-0.01,84,149879,卖盘
336,09:52:25,17.84,0.0,11,19623,买盘
337,09:52:31,17.83,-0.01,1,1783,卖盘
338,09:52:34,17.83,0.0,2,3566,卖盘
339,09:52:36,17.83,0.0,36,64188,卖盘
340,09:52:40,17.83,0.0,10,17830,卖盘
341,09:52:42,17.83,0.0,24,42792,卖盘
342,09:53:00,17.83,0.0,2,3566,卖盘
343,09:53:04,17.83,0.0,21,37452,卖盘
344,09:53:07,17.83,0.0,7,12481,卖盘
345,09:53:12,17.83,0.0,10,17830,卖盘
346,09:53:16,17.84,0.01,25,44600,买盘
347,09:53:22,17.83,-0.01,30,53490,卖盘
348,09:53:28,17.83,0.0,1,1783,卖盘
349,09:53:34,17.83,0.0,2,3566,卖盘
350,09:53:37,17.83,0.0,29,51707,卖盘
351,09:53:40,17.8,-0.03,275,489734,卖盘
352,09:53:54,17.8,0.0,1,1780,卖盘
353,09:53:58,17.8,0.0,1,1780,卖盘
354,09:54:01,17.8,0.0,8,14240,卖盘
355,09:54:04,17.8,0.0,10,17800,卖盘
356,09:54:06,17.82,0.02,3,5346,买盘
357,09:54:16,17.82,0.0,2,3564,买盘
358,09:54:19,17.82,0.0,39,69458,买盘
359,09:54:24,17.82,0.0,15,26730,卖盘
360,09:54:27,17.8,-0.02,25,44534,卖盘
361,09:54:30,17.82,0.02,3,5346,卖盘
362,09:54:33,17.8,-0.02,20,35600,卖盘
363,09:54:37,17.8,0.0,20,35600,卖盘
364,09:54:49,17.82,0.02,5,8910,买盘
365,09:54:51,17.8,-0.02,53,94340,卖盘
366,09:54:55,17.8,0.0,20,35600,卖盘
367,09:54:57,17.8,0.0,15,26700,卖盘
368,09:55:00,17.8,0.0,2,3560,卖盘
369,09:55:04,17.8,0.0,37,65860,卖盘
370,09:55:07,17.8,0.0,3,5340,卖盘
371,09:55:13,17.8,0.0,12,21360,卖盘
372,09:55:16,17.8,0.0,32,56960,卖盘
373,09:55:18,17.81,0.01,16,28496,买盘
374,09:55:24,17.8,-0.01,1,1780,卖盘
375,09:55:28,17.8,0.0,15,26700,卖盘
376,09:55:31,17.79,-0.01,3,5338,卖盘
377,09:55:34,17.8,0.01,5,8900,买盘
378,09:55:42,17.79,-0.01,20,35580,卖盘
379,09:55:45,17.8,0.01,18,32040,买盘
380,09:55:49,17.79,-0.01,15,26695,卖盘
381,09:55:52,17.8,0.01,7,12460,中性盘
382,09:55:55,17.8,0.0,5,9790,卖盘
383,09:55:57,17.8,0.0,12,20475,卖盘
384,09:56:04,17.79,-0.01,1,1779,卖盘
385,09:56:16,17.79,0.0,20,35580,卖盘
386,09:56:25,17.79,0.0,2,3558,卖盘
387,09:56:28,17.79,0.0,11,19579,卖盘
388,09:56:34,17.79,0.0,24,42696,卖盘
389,09:56:37,17.8,0.01,2,3560,买盘
390,09:56:40,17.8,0.0,1,1780,买盘
391,09:56:46,17.8,0.0,30,53400,买盘
392,09:56:52,17.79,-0.01,2,3558,卖盘
393,09:56:54,17.79,0.0,19,33819,卖盘
394,09:56:58,17.8,0.01,49,88110,买盘
395,09:57:12,17.8,0.0,3,4452,买盘
396,09:57:16,17.8,0.0,5,8900,买盘
397,09:57:19,17.8,0.0,3,5340,买盘
398,09:57:22,17.8,0.0,15,26700,买盘
399,09:57:25,17.79,-0.01,2,3558,卖盘
400,09:57:31,17.8,0.01,1,2670,买盘
401,09:57:36,17.8,0.0,11,19580,卖盘
402,09:57:49,17.81,0.01,26,46306,买盘
403,09:57:54,17.81,0.0,10,17810,买盘
404,09:57:57,17.81,0.0,5,8905,买盘
405,09:58:04,17.81,0.0,38,67678,买盘
406,09:58:13,17.81,0.0,1,1781,买盘
407,09:58:28,17.81,0.0,47,83707,买盘
408,09:58:34,17.81,0.0,1,1781,卖盘
409,09:58:40,17.82,0.01,30,53460,买盘
410,09:58:55,17.83,0.01,8,14264,买盘
411,09:58:58,17.83,0.0,7,12481,买盘
412,09:59:13,17.83,0.0,6,10698,买盘
413,09:59:16,17.83,0.0,1,1783,买盘
414,09:59:25,17.83,0.0,1,1783,卖盘
415,09:59:33,17.83,0.0,10,17830,卖盘
416,09:59:36,17.84,0.01,34,60656,买盘
417,09:59:40,17.83,-0.01,34,60622,卖盘
418,09:59:43,17.83,0.0,13,23179,买盘
419,09:59:55,17.84,0.01,77,136426,买盘
420,10:00:04,17.84,0.0,6,11596,卖盘
421,10:00:13,17.83,-0.01,5,8915,卖盘
422,10:00:30,17.84,0.01,30,53520,买盘
423,10:00:36,17.85,0.01,11,19628,买盘
424,10:00:49,17.83,-0.02,25,44575,买盘
425,10:00:52,17.82,-0.01,40,71300,卖盘
426,10:00:55,17.82,0.0,1,1782,买盘
427,10:01:00,17.81,-0.01,45,80182,卖盘
428,10:01:04,17.81,0.0,25,44525,卖盘
429,10:01:06,17.81,0.0,1,1781,卖盘
430,10:01:18,17.81,0.0,33,58773,卖盘
431,10:01:22,17.81,0.0,22,39182,卖盘
432,10:01:25,17.81,0.0,10,17810,卖盘
433,10:01:28,17.81,0.0,26,46283,买盘
434,10:01:36,17.8,-0.01,23,40940,卖盘
435,10:01:40,17.8,0.0,5,8900,卖盘
436,10:01:55,17.8,0.0,17,29370,卖盘
437,10:01:58,17.79,-0.01,6,10674,卖盘
438,10:02:06,17.8,0.01,32,56958,买盘
439,10:02:15,17.79,-0.01,7,13342,卖盘
440,10:02:22,17.79,0.0,10,17790,卖盘
441,10:02:28,17.8,0.01,7,12460,买盘
442,10:02:30,17.8,0.0,18,31150,买盘
443,10:02:40,17.79,-0.01,35,62282,卖盘
444,10:02:42,17.81,0.02,15,26715,买盘
445,10:02:46,17.81,0.0,4,7124,卖盘
446,10:02:58,17.81,0.0,5,8905,卖盘
447,10:03:01,17.79,-0.02,10,17798,卖盘
448,10:03:06,17.79,0.0,1,1779,卖盘
449,10:03:34,17.79,0.0,25,44475,卖盘
450,10:03:43,17.79,0.0,6,10674,卖盘
451,10:03:45,17.79,0.0,1,1779,卖盘
452,10:03:55,17.79,0.0,50,88950,卖盘
453,10:03:57,17.79,0.0,2,3558,卖盘
454,10:04:07,17.79,0.0,3,5337,卖盘
455,10:04:10,17.79,0.0,2,3558,卖盘
456,10:04:15,17.79,0.0,10,17790,卖盘
457,10:04:19,17.79,0.0,2,3558,卖盘
458,10:04:30,17.79,0.0,8,14232,卖盘
459,10:04:33,17.79,0.0,2,3558,买盘
460,10:04:39,17.8,0.01,12,21360,买盘
461,10:04:43,17.79,-0.01,7,12453,卖盘
462,10:04:46,17.8,0.01,6,10680,买盘
463,10:05:01,17.8,0.0,11,19580,卖盘
464,10:05:04,17.8,0.0,17,30260,卖盘
465,10:05:09,17.79,-0.01,3,5337,卖盘
466,10:05:25,17.8,0.01,15,26700,买盘
467,10:05:28,17.79,-0.01,1,1779,卖盘
468,10:05:34,17.8,0.01,4,7120,买盘
469,10:05:37,17.79,-0.01,13,23127,卖盘
470,10:05:40,17.79,0.0,3,5337,卖盘
471,10:05:48,17.78,-0.01,8,15113,卖盘
472,10:05:51,17.78,0.0,11,19558,卖盘
473,10:05:55,17.79,0.01,2,3558,买盘
474,10:05:58,17.78,-0.01,3,5334,卖盘
475,10:06:01,17.78,0.0,4,7112,卖盘
476,10:06:04,17.78,0.0,2,3556,卖盘
477,10:06:07,17.78,0.0,3,5334,卖盘
478,10:06:13,17.78,0.0,1,1778,卖盘
479,10:06:19,17.78,0.0,26,46228,卖盘
480,10:06:21,17.79,0.01,4,7116,买盘
481,10:06:28,17.78,-0.01,1,1778,卖盘
482,10:06:31,17.78,0.0,4,7112,卖盘
483,10:06:34,17.78,0.0,25,44460,卖盘
484,10:06:37,17.78,0.0,20,35560,卖盘
485,10:06:39,17.78,0.0,6,10668,卖盘
486,10:06:52,17.78,0.0,10,17780,卖盘
487,10:06:55,17.78,0.0,12,21336,卖盘
488,10:06:58,17.78,0.0,5,8890,卖盘
489,10:07:01,17.78,0.0,5,8890,卖盘
490,10:07:06,17.78,0.0,1,1778,卖盘
491,10:07:09,17.78,0.0,5,8890,卖盘
492,10:07:16,17.78,0.0,2,3556,卖盘
493,10:07:21,17.77,-0.01,34,60426,卖盘
494,10:07:24,17.77,0.0,3,5331,卖盘
495,10:07:27,17.78,0.01,4,7112,买盘
496,10:07:45,17.77,-0.01,40,70192,卖盘
497,10:07:48,17.77,0.0,4,7108,卖盘
498,10:08:01,17.71,-0.06,29,51425,卖盘
499,10:08:09,17.7,-0.01,5,8850,卖盘
500,10:08:22,17.71,0.01,2,3542,买盘
501,10:08:34,17.71,0.0,10,17710,卖盘
502,10:08:52,17.72,0.01,2,3544,卖盘
503,10:08:55,17.74,0.02,15,26610,买盘
504,10:09:04,17.74,0.0,12,21282,买盘
505,10:09:07,17.73,-0.01,7,12411,中性盘
506,10:09:10,17.74,0.01,4,7096,买盘
507,10:09:18,17.75,0.01,20,35500,买盘
508,10:09:31,17.75,0.0,5,8875,中性盘
509,10:09:42,17.75,0.0,3,5325,卖盘
510,10:09:49,17.74,-0.01,5,8870,卖盘
511,10:09:55,17.74,0.0,24,42576,卖盘
512,10:10:00,17.74,0.0,25,44350,卖盘
513,10:10:04,17.74,0.0,2,3548,卖盘
514,10:10:07,17.75,0.01,3,5325,买盘
515,10:10:09,17.74,-0.01,9,15974,卖盘
516,10:10:19,17.74,0.0,2,3548,买盘
517,10:10:25,17.75,0.01,25,44375,买盘
518,10:10:33,17.75,0.0,4,7100,卖盘
519,10:10:54,17.76,0.01,1,1776,买盘
520,10:10:57,17.76,0.0,17,30192,买盘
521,10:11:00,17.77,0.01,5,8885,买盘
522,10:11:04,17.77,0.0,32,57752,买盘
523,10:11:13,17.78,0.01,2,3556,买盘
524,10:11:18,17.77,-0.01,5,8885,卖盘
525,10:11:28,17.78,0.01,1,1778,买盘
526,10:11:42,17.78,0.0,6,10668,买盘
527,10:11:46,17.78,0.0,4,7112,卖盘
528,10:11:58,17.79,0.01,6,10674,买盘
529,10:12:00,17.79,0.0,5,8895,买盘
530,10:12:04,17.78,-0.01,39,69342,卖盘
531,10:12:09,17.79,0.01,4,7116,买盘
532,10:12:13,17.79,0.0,7,12453,买盘
533,10:12:18,17.79,0.0,11,19569,卖盘
534,10:12:31,17.79,0.0,3,5337,买盘
535,10:12:34,17.78,-0.01,15,26670,卖盘
536,10:13:04,17.78,0.0,1,1778,卖盘
537,10:13:15,17.78,0.0,12,21336,卖盘
538,10:13:31,17.77,-0.01,27,47090,卖盘
539,10:13:34,17.77,0.0,12,21323,买盘
540,10:13:37,17.76,-0.01,1,1776,卖盘
541,10:13:39,17.76,0.0,1,1776,卖盘
542,10:13:43,17.75,-0.01,26,46150,卖盘
543,10:13:52,17.75,0.0,36,63900,卖盘
544,10:14:04,17.74,-0.01,2,3548,卖盘
545,10:14:13,17.73,-0.01,4,7092,卖盘
546,10:14:16,17.73,0.0,3,5321,卖盘
547,10:14:19,17.73,0.0,30,53190,卖盘
548,10:14:33,17.73,0.0,18,31914,卖盘
549,10:14:36,17.73,0.0,17,30141,卖盘
550,10:14:42,17.74,0.01,19,33703,买盘
551,10:14:55,17.72,-0.02,13,23036,卖盘
552,10:15:03,17.73,0.01,13,23048,买盘
553,10:15:06,17.72,-0.01,12,21264,卖盘
554,10:15:16,17.72,0.0,30,53163,卖盘
555,10:15:18,17.72,0.0,1,1772,卖盘
556,10:15:30,17.72,0.0,5,8860,卖盘
557,10:15:33,17.73,0.01,4,7092,买盘
558,10:15:40,17.71,-0.02,7,12397,卖盘
559,10:15:43,17.72,0.01,2,3544,买盘
560,10:15:46,17.71,-0.01,8,14168,卖盘
561,10:16:04,17.71,0.0,2,3542,卖盘
562,10:16:13,17.72,0.01,29,51369,买盘
563,10:16:42,17.72,0.0,10,17720,卖盘
564,10:16:45,17.73,0.01,6,10638,买盘
565,10:17:04,17.73,0.0,20,35460,买盘
566,10:17:19,17.73,0.0,2,3546,买盘
567,10:17:25,17.73,0.0,14,24822,买盘
568,10:17:28,17.73,0.0,6,10638,卖盘
569,10:17:36,17.74,0.01,5,8870,买盘
570,10:17:39,17.73,-0.01,14,24822,卖盘
571,10:17:49,17.73,0.0,3,5319,买盘
572,10:17:55,17.73,0.0,1,1773,买盘
573,10:18:16,17.73,0.0,25,44320,买盘
574,10:18:39,17.72,-0.01,16,28582,卖盘
575,10:18:42,17.73,0.01,2,3546,买盘
576,10:19:06,17.73,0.0,5,8865,买盘
577,10:19:16,17.72,-0.01,12,21264,卖盘
578,10:19:19,17.72,0.0,1,1542,买盘
579,10:19:28,17.72,0.0,3,5316,买盘
580,10:19:46,17.71,-0.01,1,1771,卖盘
581,10:19:49,17.72,0.01,4,7318,买盘
582,10:19:52,17.72,0.0,5,8860,卖盘
583,10:19:58,17.72,0.0,11,19262,卖盘
584,10:20:04,17.72,0.0,1,1772,买盘
585,10:20:06,17.71,-0.01,1,1771,卖盘
586,10:20:12,17.71,0.0,5,8855,卖盘
587,10:20:16,17.71,0.0,103,182413,卖盘
588,10:20:19,17.71,0.0,15,26565,卖盘
589,10:20:25,17.68,-0.03,39,69913,卖盘
590,10:20:33,17.68,0.0,18,31824,卖盘
591,10:20:36,17.68,0.0,2,3536,卖盘
592,10:20:49,17.66,-0.02,2,3532,卖盘
593,10:20:55,17.69,0.03,9,15911,买盘
594,10:21:01,17.66,-0.03,2,3532,卖盘
595,10:21:10,17.62,-0.04,51,89050,卖盘
596,10:21:13,17.66,0.04,2,3532,买盘
597,10:21:19,17.65,-0.01,9,15885,卖盘
598,10:21:43,17.64,-0.01,18,31752,买盘
599,10:21:46,17.63,-0.01,3,5289,卖盘
600,10:21:49,17.64,0.01,2,3528,买盘
601,10:21:57,17.65,0.01,10,17650,买盘
602,10:22:06,17.65,0.0,5,8825,买盘
603,10:22:18,17.64,-0.01,14,24708,卖盘
604,10:22:24,17.65,0.01,12,21180,买盘
605,10:22:30,17.65,0.0,13,22942,买盘
606,10:22:37,17.65,0.0,5,8825,买盘
607,10:22:49,17.65,0.0,3,5295,卖盘
608,10:22:55,17.65,0.0,9,15885,卖盘
609,10:23:04,17.64,-0.01,7,12350,卖盘
610,10:23:12,17.64,0.0,29,51156,卖盘
611,10:23:18,17.64,0.0,5,8820,买盘
612,10:23:25,17.64,0.0,1,1764,买盘
613,10:23:28,17.63,-0.01,21,37027,卖盘
614,10:23:49,17.64,0.01,5,8820,卖盘
615,10:23:58,17.64,0.0,10,17640,卖盘
616,10:24:04,17.64,0.0,2,3528,卖盘
617,10:24:10,17.65,0.01,4,7060,卖盘
618,10:24:45,17.66,0.01,36,63576,买盘
619,10:25:09,17.66,0.0,1,1766,买盘
620,10:25:22,17.67,0.01,13,22971,买盘
621,10:26:04,17.67,0.0,2,3534,卖盘
622,10:26:46,17.68,0.01,5,8840,卖盘
623,10:26:52,17.69,0.01,7,12383,买盘
624,10:27:16,17.68,-0.01,21,37128,卖盘
625,10:27:22,17.68,0.0,6,10608,买盘
626,10:28:00,17.68,0.0,1,1768,买盘
627,10:28:04,17.67,-0.01,2,3534,卖盘
628,10:28:16,17.67,0.0,33,58311,卖盘
629,10:28:24,17.67,0.0,8,14132,买盘
630,10:28:52,17.66,-0.01,26,45917,卖盘
631,10:29:04,17.66,0.0,5,8830,买盘
632,10:29:13,17.66,0.0,24,42384,买盘
633,10:29:19,17.66,0.0,1,1766,买盘
634,10:29:42,17.65,-0.01,15,26475,卖盘
635,10:30:13,17.65,0.0,1,1765,买盘
636,10:30:31,17.65,0.0,1,1765,买盘
637,10:30:55,17.66,0.01,8,14128,买盘
638,10:31:03,17.66,0.0,6,10596,买盘
639,10:31:22,17.67,0.01,98,173122,买盘
640,10:31:39,17.67,0.0,15,26505,买盘
641,10:31:43,17.67,0.0,1,1767,卖盘
642,10:32:01,17.68,0.01,6,10608,买盘
643,10:32:19,17.69,0.01,12,21223,买盘
644,10:32:43,17.68,-0.01,10,17680,买盘
645,10:32:54,17.68,0.0,10,17680,卖盘
646,10:32:57,17.69,0.01,3,5307,买盘
647,10:33:33,17.69,0.0,39,68991,买盘
648,10:33:37,17.7,0.01,38,68145,买盘
649,10:33:49,17.7,0.0,1,1770,卖盘
650,10:34:04,17.7,0.0,1,1770,卖盘
651,10:34:28,17.71,0.01,1,1771,卖盘
652,10:34:31,17.7,-0.01,12,21241,卖盘
653,10:34:46,17.71,0.01,20,35420,卖盘
654,10:34:49,17.72,0.01,10,17720,买盘
655,10:34:52,17.72,0.0,6,10632,买盘
656,10:34:57,17.7,-0.02,119,210630,卖盘
657,10:35:03,17.7,0.0,30,53105,卖盘
658,10:35:13,17.7,0.0,17,30090,卖盘
659,10:35:16,17.69,-0.01,31,54866,卖盘
660,10:35:22,17.69,0.0,1,884,买盘
661,10:35:27,17.68,-0.01,5,8840,卖盘
662,10:35:46,17.72,0.04,3,5316,买盘
663,10:36:31,17.7,-0.02,5,8850,卖盘
664,10:37:01,17.69,-0.01,1,1769,卖盘
665,10:37:04,17.69,0.0,10,17696,卖盘
666,10:37:15,17.7,0.01,6,10620,卖盘
667,10:37:22,17.7,0.0,8,14160,卖盘
668,10:37:33,17.69,-0.01,5,8845,卖盘
669,10:37:45,17.68,-0.01,9,15920,卖盘
670,10:37:58,17.7,0.02,5,8850,买盘
671,10:38:04,17.71,0.01,17,30102,买盘
672,10:38:19,17.72,0.01,22,38984,买盘
673,10:38:22,17.72,0.0,8,14176,卖盘
674,10:38:58,17.72,0.0,1,1772,卖盘
675,10:39:04,17.72,0.0,2,3544,卖盘
676,10:39:12,17.72,0.0,1,1772,买盘
677,10:39:43,17.71,-0.01,3,5313,卖盘
678,10:39:46,17.72,0.01,17,30112,买盘
679,10:39:52,17.7,-0.02,2,3540,卖盘
680,10:40:01,17.7,0.0,9,15930,卖盘
681,10:40:04,17.71,0.01,5,8855,买盘
682,10:40:06,17.71,0.0,5,8855,卖盘
683,10:40:13,17.69,-0.02,3,5309,卖盘
684,10:40:31,17.69,0.0,4,7076,买盘
685,10:41:04,17.7,0.01,2,3540,卖盘
686,10:41:10,17.71,0.01,2,3542,买盘
687,10:42:04,17.7,-0.01,6,10621,卖盘
688,10:42:07,17.7,0.0,1,1770,卖盘
689,10:43:04,17.7,0.0,2,3540,卖盘
690,10:43:06,17.7,0.0,12,21240,卖盘
691,10:43:09,17.7,0.0,71,125681,卖盘
692,10:43:12,17.69,-0.01,23,40687,卖盘
693,10:43:15,17.69,0.0,5,8845,卖盘
694,10:43:37,17.69,0.0,13,22997,卖盘
695,10:43:49,17.69,0.0,18,31838,买盘
696,10:44:00,17.69,0.0,41,72529,卖盘
697,10:44:18,17.68,-0.01,2,3536,卖盘
698,10:44:28,17.67,-0.01,90,159080,卖盘
699,10:44:31,17.65,-0.02,1,1765,卖盘
700,10:44:34,17.65,0.0,3,5295,卖盘
701,10:44:54,17.65,0.0,7,12355,卖盘
702,10:45:04,17.65,0.0,14,24710,卖盘
703,10:45:15,17.65,0.0,23,40595,卖盘
704,10:45:24,17.65,0.0,14,24710,卖盘
705,10:45:40,17.65,0.0,3,5295,卖盘
706,10:45:51,17.64,-0.01,4,7056,卖盘
707,10:46:03,17.64,0.0,1,1764,卖盘
708,10:46:06,17.64,0.0,1,1764,卖盘
709,10:47:15,17.63,-0.01,6,10578,卖盘
710,10:47:58,17.63,0.0,50,88150,卖盘
711,10:48:04,17.63,0.0,1,1763,卖盘
712,10:48:06,17.63,0.0,1,1763,卖盘
713,10:48:21,17.63,0.0,14,24682,卖盘
714,10:48:24,17.63,0.0,5,8815,买盘
715,10:48:30,17.62,-0.01,4,7048,卖盘
716,10:48:45,17.62,0.0,10,17620,卖盘
717,10:48:49,17.62,0.0,1,2643,卖盘
718,10:49:16,17.61,-0.01,10,17610,卖盘
719,10:49:24,17.61,0.0,21,36981,卖盘
720,10:49:31,17.6,-0.01,27,47520,卖盘
721,10:49:36,17.6,0.0,3,5280,卖盘
722,10:49:51,17.6,0.0,5,8800,卖盘
723,10:49:55,17.58,-0.02,2,3516,卖盘
724,10:50:04,17.58,0.0,3,5274,卖盘
725,10:50:09,17.53,-0.05,15,26338,卖盘
726,10:50:30,17.53,0.0,2,3506,卖盘
727,10:50:33,17.54,0.01,1,1754,买盘
728,10:50:36,17.54,0.0,14,24548,买盘
729,10:50:43,17.53,-0.01,16,28053,卖盘
730,10:50:48,17.54,0.01,2,3508,中性盘
731,10:51:01,17.55,0.01,1,1755,买盘
732,10:51:04,17.55,0.0,5,8775,买盘
733,10:51:06,17.55,0.0,6,10530,买盘
734,10:51:16,17.55,0.0,16,28080,卖盘
735,10:51:28,17.55,0.0,3,5265,买盘
736,10:51:30,17.55,0.0,3,5265,买盘
737,10:51:34,17.55,0.0,1,1755,买盘
738,10:51:42,17.56,0.01,8,14048,买盘
739,10:51:45,17.55,-0.01,5,8777,卖盘
740,10:51:55,17.55,0.0,10,17550,卖盘
741,10:52:00,17.55,0.0,10,17550,卖盘
742,10:52:04,17.56,0.01,1,1756,卖盘
743,10:52:31,17.56,0.0,2,3512,卖盘
744,10:52:46,17.56,0.0,5,8780,卖盘
745,10:52:58,17.56,0.0,2,3512,卖盘
746,10:53:28,17.56,0.0,5,8780,买盘
747,10:53:42,17.56,0.0,4,7024,买盘
748,10:53:46,17.56,0.0,9,15804,买盘
749,10:53:55,17.56,0.0,1,1756,卖盘
750,10:54:04,17.56,0.0,1,1756,卖盘
751,10:54:45,17.56,0.0,30,52680,卖盘
752,10:55:06,17.55,-0.01,1,1755,卖盘
753,10:55:39,17.56,0.01,2,3512,买盘
754,10:56:04,17.58,0.02,9,15820,买盘
755,10:56:30,17.58,0.0,10,17574,买盘
756,10:56:39,17.56,-0.02,1,1756,卖盘
757,10:56:42,17.57,0.01,1,1757,买盘
758,10:57:12,17.57,0.0,2,3514,买盘
759,10:57:27,17.57,0.0,1,1757,买盘
760,10:58:03,17.57,0.0,1,1757,卖盘
761,10:58:34,17.58,0.01,2,3516,买盘
762,10:59:01,17.58,0.0,19,33402,买盘
763,10:59:04,17.56,-0.02,2,3514,卖盘
764,10:59:30,17.56,0.0,10,17560,卖盘
765,10:59:43,17.56,0.0,10,17560,卖盘
766,11:00:19,17.56,0.0,8,14048,卖盘
767,11:00:25,17.55,-0.01,17,29835,卖盘
768,11:00:30,17.55,0.0,3,5265,卖盘
769,11:00:51,17.55,0.0,5,8775,买盘
770,11:01:01,17.55,0.0,22,38594,买盘
771,11:01:51,17.54,-0.01,6,10524,卖盘
772,11:02:46,17.55,0.01,27,47371,买盘
773,11:03:09,17.54,-0.01,4,7016,卖盘
774,11:03:46,17.54,0.0,1,1754,卖盘
775,11:04:07,17.54,0.0,3,5262,卖盘
776,11:04:09,17.54,0.0,1,1754,卖盘
777,11:04:16,17.54,0.0,1,1754,卖盘
778,11:04:57,17.54,0.0,5,8770,卖盘
779,11:05:37,17.54,0.0,17,29818,卖盘
780,11:06:10,17.54,0.0,1,1754,卖盘
781,11:06:34,17.54,0.0,4,7016,卖盘
782,11:07:15,17.55,0.01,9,15795,买盘
783,11:07:24,17.55,0.0,1,1755,买盘
784,11:07:46,17.55,0.0,15,26325,买盘
785,11:08:25,17.57,0.02,7,12299,买盘
786,11:08:30,17.57,0.0,1,1757,买盘
787,11:08:37,17.57,0.0,11,19327,买盘
788,11:08:51,17.57,0.0,1,1757,买盘
789,11:08:54,17.58,0.01,3,5274,买盘
790,11:08:58,17.57,-0.01,4,7028,卖盘
791,11:10:24,17.57,0.0,3,5273,卖盘
792,11:10:27,17.57,0.0,24,42168,卖盘
793,11:10:57,17.56,-0.01,6,10540,卖盘
794,11:11:45,17.57,0.01,30,52710,买盘
795,11:11:51,17.57,0.0,3,5271,买盘
796,11:12:24,17.59,0.02,4,7036,买盘
797,11:12:43,17.57,-0.02,1,1757,卖盘
798,11:13:01,17.58,0.01,10,17580,卖盘
799,11:13:04,17.57,-0.01,22,38654,卖盘
800,11:13:36,17.57,0.0,1,1757,卖盘
801,11:14:15,17.57,0.0,10,17570,买盘
802,11:14:37,17.57,0.0,5,8785,买盘
803,11:15:10,17.57,0.0,10,17570,买盘
804,11:15:42,17.56,-0.01,17,29852,卖盘
805,11:15:45,17.55,-0.01,1,1755,卖盘
806,11:16:06,17.55,0.0,20,35100,卖盘
807,11:16:09,17.55,0.0,1,1755,卖盘
808,11:16:49,17.54,-0.01,10,17540,卖盘
809,11:16:52,17.55,0.01,2,3510,买盘
810,11:16:58,17.55,0.0,1,1755,买盘
811,11:17:01,17.55,0.0,1,1755,买盘
812,11:17:04,17.55,0.0,1,1755,买盘
813,11:17:07,17.55,0.0,1,1755,买盘
814,11:17:30,17.56,0.01,1,1756,买盘
815,11:17:33,17.56,0.0,10,17560,买盘
816,11:17:48,17.56,0.0,3,5268,买盘
817,11:18:33,17.56,0.0,3,5268,买盘
818,11:18:49,17.6,0.04,79,138954,买盘
819,11:19:09,17.6,0.0,6,10565,卖盘
820,11:19:12,17.6,0.0,157,276320,卖盘
821,11:19:16,17.6,0.0,22,38720,卖盘
822,11:19:18,17.6,0.0,9,15840,卖盘
823,11:19:21,17.55,-0.05,3,5265,卖盘
824,11:19:30,17.6,0.05,40,70365,买盘
825,11:19:45,17.61,0.01,7,12327,买盘
826,11:20:42,17.62,0.01,8,13215,买盘
827,11:20:57,17.62,0.0,7,13215,卖盘
828,11:21:27,17.61,-0.01,5,8805,卖盘
829,11:21:45,17.62,0.01,2,3524,买盘
830,11:22:16,17.61,-0.01,10,17610,卖盘
831,11:22:27,17.6,-0.01,13,22880,卖盘
832,11:22:57,17.6,0.0,10,17600,卖盘
833,11:23:00,17.6,0.0,1,1760,卖盘
834,11:23:30,17.61,0.01,3,5283,买盘
835,11:23:33,17.6,-0.01,7,12323,卖盘
836,11:24:06,17.6,0.0,6,10560,卖盘
837,11:24:30,17.6,0.0,2,3520,卖盘
838,11:24:45,17.61,0.01,11,19371,卖盘
839,11:25:15,17.61,0.0,6,10566,卖盘
840,11:26:07,17.61,0.0,8,14088,买盘
841,11:26:27,17.63,0.02,15,26445,买盘
842,11:26:46,17.64,0.01,16,28224,买盘
843,11:26:51,17.63,-0.01,4,7052,卖盘
844,11:27:12,17.65,0.02,57,100588,买盘
845,11:27:33,17.66,0.01,25,44145,买盘
846,11:27:46,17.67,0.01,5,8835,买盘
847,11:27:57,17.67,0.0,4,7068,买盘
848,11:28:06,17.67,0.0,10,17670,买盘
849,11:28:12,17.67,0.0,17,30039,卖盘
850,11:28:18,17.66,-0.01,6,10599,卖盘
851,11:28:21,17.68,0.02,15,26520,买盘
852,11:28:39,17.68,0.0,5,8840,买盘
853,11:28:42,17.68,0.0,11,19448,卖盘
854,11:28:45,17.66,-0.02,2,3532,卖盘
855,11:28:54,17.66,0.0,5,8830,卖盘
856,11:29:00,17.65,-0.01,1,1765,卖盘
857,11:29:13,17.66,0.01,3,5297,买盘
858,11:29:27,17.66,0.0,2,3532,买盘
859,13:00:04,17.65,-0.01,27,47678,卖盘
860,13:00:06,17.68,0.03,6,10608,买盘
861,13:00:18,17.69,0.01,5,8845,买盘
862,13:01:03,17.69,0.0,7,12383,买盘
863,13:01:06,17.69,0.0,8,14152,卖盘
864,13:01:15,17.65,-0.04,4,7068,卖盘
865,13:01:18,17.65,0.0,2,3530,卖盘
866,13:01:55,17.65,0.0,1,1765,卖盘
867,13:02:12,17.66,0.01,1,1766,卖盘
868,13:02:18,17.66,0.0,11,19426,卖盘
869,13:02:24,17.69,0.03,11,19456,买盘
870,13:02:51,17.68,-0.01,10,17680,买盘
871,13:02:54,17.68,0.0,11,19448,买盘
872,13:02:57,17.68,0.0,34,60112,卖盘
873,13:03:03,17.69,0.01,10,17690,买盘
874,13:03:07,17.68,-0.01,3,5304,买盘
875,13:03:15,17.66,-0.02,4,7064,卖盘
876,13:03:39,17.67,0.01,5,8835,买盘
877,13:03:42,17.67,0.0,5,8835,买盘
878,13:03:51,17.66,-0.01,27,47682,卖盘
879,13:03:57,17.65,-0.01,2,3530,卖盘
880,13:04:06,17.65,0.0,4,7060,卖盘
881,13:04:15,17.7,0.05,231,407624,买盘
882,13:04:18,17.7,0.0,8,14160,卖盘
883,13:04:33,17.71,0.01,3,5313,买盘
884,13:04:45,17.71,0.0,10,17710,买盘
885,13:04:48,17.71,0.0,2,3542,买盘
886,13:05:00,17.72,0.01,4,7088,买盘
887,13:05:13,17.72,0.0,5,8860,买盘
888,13:05:18,17.72,0.0,3,5316,买盘
889,13:05:24,17.72,0.0,1,1772,买盘
890,13:05:30,17.71,-0.01,5,8855,卖盘
891,13:05:33,17.71,0.0,7,12397,卖盘
892,13:05:45,17.72,0.01,5,8857,买盘
893,13:06:04,17.72,0.0,40,70868,买盘
894,13:06:18,17.72,0.0,1,1772,买盘
895,13:06:21,17.72,0.0,7,12404,买盘
896,13:06:24,17.7,-0.02,4,7084,卖盘
897,13:06:34,17.71,0.01,14,24781,买盘
898,13:07:10,17.7,-0.01,20,35400,卖盘
899,13:07:30,17.71,0.01,5,8855,买盘
900,13:07:33,17.7,-0.01,111,197355,卖盘
901,13:07:36,17.7,0.0,1,1770,卖盘
902,13:07:39,17.7,0.0,56,98235,卖盘
903,13:07:42,17.7,0.0,12,22125,卖盘
904,13:07:45,17.65,-0.05,2,3530,卖盘
905,13:08:09,17.66,0.01,3,5298,买盘
906,13:08:30,17.66,0.0,5,8830,买盘
907,13:08:33,17.66,0.0,4,7064,买盘
908,13:08:48,17.66,0.0,5,8830,卖盘
909,13:08:57,17.65,-0.01,7,12355,卖盘
910,13:09:04,17.65,0.0,5,8825,卖盘
911,13:09:13,17.65,0.0,100,176500,卖盘
912,13:09:24,17.65,0.0,28,49430,卖盘
913,13:09:27,17.65,0.0,7,12355,卖盘
914,13:09:42,17.65,0.0,30,52950,卖盘
915,13:09:46,17.65,0.0,3,5295,卖盘
916,13:10:04,17.65,0.0,10,17650,卖盘
917,13:10:27,17.69,0.04,36,63684,买盘
918,13:10:33,17.69,0.0,17,30073,卖盘
919,13:11:18,17.68,-0.01,2,3536,买盘
920,13:11:21,17.68,0.0,12,21206,买盘
921,13:11:24,17.69,0.01,396,700388,买盘
922,13:11:28,17.69,0.0,50,88448,买盘
923,13:11:31,17.7,0.01,23,40690,买盘
924,13:11:34,17.7,0.0,6,10620,买盘
925,13:11:37,17.7,0.0,5,8850,买盘
926,13:11:40,17.7,0.0,4,7080,买盘
927,13:11:43,17.7,0.0,5,8850,买盘
928,13:11:46,17.7,0.0,2,3540,买盘
929,13:11:49,17.7,0.0,3,5310,买盘
930,13:11:54,17.69,-0.01,1,1769,买盘
931,13:11:57,17.69,0.0,1,1769,买盘
932,13:12:00,17.69,0.0,1,1769,买盘
933,13:12:04,17.69,0.0,1,1769,买盘
934,13:12:07,17.69,0.0,3,5307,买盘
935,13:12:09,17.69,0.0,3,5307,买盘
936,13:12:12,17.7,0.01,3,5310,买盘
937,13:12:19,17.69,-0.01,6,10606,买盘
938,13:12:21,17.69,0.0,1,1769,买盘
939,13:12:24,17.69,0.0,1,1769,买盘
940,13:12:27,17.69,0.0,1,1769,买盘
941,13:12:31,17.69,0.0,1,1769,买盘
942,13:12:33,17.69,0.0,1,1769,买盘
943,13:12:42,17.67,-0.02,4,7068,卖盘
944,13:12:45,17.67,0.0,2,3534,买盘
945,13:12:48,17.67,0.0,1,1767,买盘
946,13:12:51,17.67,0.0,1,1767,买盘
947,13:12:54,17.67,0.0,1,1767,买盘
948,13:12:57,17.67,0.0,1,1767,买盘
949,13:13:01,17.67,0.0,1,1767,买盘
950,13:13:04,17.67,0.0,1,1767,买盘
951,13:13:09,17.69,0.02,1,1769,买盘
952,13:13:19,17.67,-0.02,3,5301,卖盘
953,13:13:39,17.67,0.0,2,3534,卖盘
954,13:13:42,17.73,0.06,115,203738,买盘
955,13:14:21,17.7,-0.03,10,17700,买盘
956,13:14:28,17.67,-0.03,1,1767,卖盘
957,13:14:46,17.67,0.0,1,1767,卖盘
958,13:15:28,17.68,0.01,2,3536,卖盘
959,13:15:37,17.67,-0.01,5,8835,卖盘
960,13:15:40,17.68,0.01,1,1768,买盘
961,13:15:46,17.68,0.0,5,8840,卖盘
962,13:16:01,17.68,0.0,9,15912,卖盘
963,13:16:10,17.67,-0.01,10,17670,卖盘
964,13:16:33,17.67,0.0,12,21204,卖盘
965,13:16:42,17.66,-0.01,10,17660,卖盘
966,13:17:30,17.66,0.0,9,15896,卖盘
967,13:18:04,17.67,0.01,3,5301,卖盘
968,13:18:09,17.67,0.0,3,5301,卖盘
969,13:18:37,17.66,-0.01,3,5298,卖盘
970,13:18:46,17.66,0.0,4,7064,卖盘
971,13:18:48,17.66,0.0,1,1766,卖盘
972,13:18:55,17.65,-0.01,116,204740,卖盘
973,13:19:01,17.65,0.0,3,5295,卖盘
974,13:19:12,17.65,0.0,17,30005,卖盘
975,13:19:15,17.65,0.0,10,17650,卖盘
976,13:19:24,17.65,0.0,41,72365,卖盘
977,13:19:31,17.65,0.0,10,17650,卖盘
978,13:20:01,17.65,0.0,2,3530,卖盘
979,13:20:09,17.65,0.0,44,77660,卖盘
980,13:20:28,17.65,0.0,6,10590,卖盘
981,13:20:39,17.65,0.0,3,5295,卖盘
982,13:21:01,17.66,0.01,8,14123,买盘
983,13:21:04,17.65,-0.01,10,17650,卖盘
984,13:21:21,17.65,0.0,14,24710,卖盘
985,13:21:25,17.65,0.0,15,26475,卖盘
986,13:21:28,17.65,0.0,9,15885,卖盘
987,13:22:10,17.65,0.0,10,17650,卖盘
988,13:22:30,17.65,0.0,2,3530,卖盘
989,13:22:33,17.68,0.03,76,134311,买盘
990,13:23:06,17.69,0.01,2,3538,买盘
991,13:23:15,17.69,0.0,24,42456,买盘
992,13:23:18,17.69,0.0,5,8845,买盘
993,13:23:24,17.66,-0.03,29,51214,卖盘
994,13:23:37,17.66,0.0,12,21192,买盘
995,13:23:46,17.66,0.0,1,1766,买盘
996,13:23:52,17.66,0.0,5,8830,买盘
997,13:23:54,17.66,0.0,13,22958,买盘
998,13:24:16,17.66,0.0,50,88300,买盘
999,13:24:39,17.65,-0.01,5,8825,卖盘
1000,13:24:43,17.65,0.0,10,17650,卖盘
1001,13:24:46,17.66,0.01,18,31788,买盘
1002,13:24:49,17.66,0.0,35,61810,买盘
1003,13:24:51,17.66,0.0,4,7064,买盘
1004,13:25:30,17.66,0.0,34,60044,买盘
1005,13:25:46,17.66,0.0,1,1766,买盘
1006,13:25:51,17.65,-0.01,1,1765,卖盘
1007,13:26:19,17.65,0.0,4,7060,卖盘
1008,13:26:31,17.66,0.01,34,60044,买盘
1009,13:27:30,17.65,-0.01,80,141200,卖盘
1010,13:27:55,17.65,0.0,8,14120,卖盘
1011,13:27:58,17.65,0.0,1,1765,卖盘
1012,13:28:12,17.65,0.0,1,1765,卖盘
1013,13:28:24,17.65,0.0,40,70600,卖盘
1014,13:28:27,17.65,0.0,12,21180,卖盘
1015,13:28:33,17.65,0.0,3,5295,卖盘
1016,13:29:06,17.65,0.0,48,84720,卖盘
1017,13:29:10,17.65,0.0,2,3530,卖盘
1018,13:29:22,17.65,0.0,1,1765,卖盘
1019,13:29:28,17.65,0.0,1,1765,卖盘
1020,13:29:36,17.65,0.0,18,31770,卖盘
1021,13:29:39,17.65,0.0,20,35300,卖盘
1022,13:29:43,17.65,0.0,1,1765,卖盘
1023,13:29:51,17.65,0.0,7,12355,卖盘
1024,13:30:00,17.65,0.0,23,40595,卖盘
1025,13:30:04,17.65,0.0,17,30005,卖盘
1026,13:30:07,17.65,0.0,4,7060,卖盘
1027,13:30:10,17.61,-0.04,64,112862,卖盘
1028,13:30:43,17.61,0.0,20,35220,卖盘
1029,13:30:46,17.61,0.0,7,12327,卖盘
1030,13:30:58,17.62,0.01,17,29939,买盘
1031,13:31:07,17.61,-0.01,5,8805,卖盘
1032,13:31:12,17.62,0.01,9,15858,买盘
1033,13:31:15,17.61,-0.01,1,1761,卖盘
1034,13:31:19,17.61,0.0,5,8805,卖盘
1035,13:31:49,17.62,0.01,1,1762,买盘
1036,13:32:06,17.61,-0.01,60,105660,卖盘
1037,13:32:22,17.61,0.0,33,58113,卖盘
1038,13:32:24,17.6,-0.01,332,584320,卖盘
1039,13:32:33,17.6,0.0,4,7040,中性盘
1040,13:32:36,17.61,0.01,1,1761,买盘
1041,13:32:49,17.61,0.0,1,1761,买盘
1042,13:33:09,17.55,-0.06,37,64991,卖盘
1043,13:33:25,17.6,0.05,1,1760,买盘
1044,13:33:36,17.55,-0.05,113,197454,卖盘
1045,13:34:09,17.56,0.01,5,8780,卖盘
1046,13:34:13,17.56,0.0,10,17560,买盘
1047,13:34:16,17.56,0.0,7,12297,卖盘
1048,13:34:58,17.56,0.0,16,28096,卖盘
1049,13:35:00,17.57,0.01,3,5271,买盘
1050,13:35:18,17.57,0.0,5,8785,卖盘
1051,13:35:22,17.6,0.03,1,1760,买盘
1052,13:35:28,17.57,-0.03,1,1757,卖盘
1053,13:35:39,17.59,0.02,17,29903,买盘
1054,13:35:43,17.6,0.01,1,1760,买盘
1055,13:36:54,17.6,0.0,55,96781,买盘
1056,13:37:10,17.59,-0.01,6,10554,买盘
1057,13:37:45,17.57,-0.02,8,14056,卖盘
1058,13:37:55,17.57,0.0,2,3514,卖盘
1059,13:38:18,17.57,0.0,1,1757,卖盘
1060,13:38:25,17.57,0.0,5,8785,卖盘
1061,13:38:42,17.58,0.01,4,7032,买盘
1062,13:38:45,17.57,-0.01,19,33383,卖盘
1063,13:38:48,17.57,0.0,4,7028,卖盘
1064,13:38:54,17.6,0.03,92,161875,买盘
1065,13:39:04,17.6,0.0,7,12320,卖盘
1066,13:39:24,17.6,0.0,2,3520,卖盘
1067,13:39:52,17.6,0.0,3,5280,卖盘
1068,13:40:01,17.61,0.01,65,114465,买盘
1069,13:40:12,17.61,0.0,6,10566,买盘
1070,13:40:40,17.61,0.0,5,8805,买盘
1071,13:40:49,17.61,0.0,2,3522,买盘
1072,13:41:01,17.61,0.0,1,1761,买盘
1073,13:41:04,17.61,0.0,1,1761,买盘
1074,13:41:06,17.61,0.0,11,19370,买盘
1075,13:41:16,17.61,0.0,1,1761,买盘
1076,13:41:54,17.62,0.01,3,5286,买盘
1077,13:43:09,17.61,-0.01,2,3522,卖盘
1078,13:44:19,17.61,0.0,13,22893,卖盘
1079,13:44:31,17.6,-0.01,4,7040,卖盘
1080,13:44:34,17.6,0.0,4,7040,卖盘
1081,13:44:36,17.6,0.0,23,40480,卖盘
1082,13:44:39,17.6,0.0,2,3520,卖盘
1083,13:45:10,17.6,0.0,57,100320,卖盘
1084,13:45:13,17.61,0.01,11,19369,买盘
1085,13:45:31,17.61,0.0,1,1761,买盘
1086,13:45:37,17.6,-0.01,7,12324,卖盘
1087,13:45:58,17.6,0.0,12,21120,卖盘
1088,13:46:58,17.6,0.0,8,14080,卖盘
1089,13:47:37,17.6,0.0,91,160160,卖盘
1090,13:47:43,17.6,0.0,5,8800,卖盘
1091,13:47:54,17.6,0.0,7,12320,卖盘
1092,13:48:18,17.6,0.0,9,16720,卖盘
1093,13:48:24,17.6,0.0,8,13200,卖盘
1094,13:48:48,17.6,0.0,6,10560,卖盘
1095,13:49:18,17.6,0.0,21,36980,卖盘
1096,13:49:24,17.61,0.01,1,1761,卖盘
1097,13:49:28,17.62,0.01,14,24668,买盘
1098,13:49:34,17.62,0.0,24,42288,卖盘
1099,13:49:37,17.62,0.0,1,1762,卖盘
1100,13:49:40,17.61,-0.01,1,1761,卖盘
1101,13:49:42,17.61,0.0,1,1761,卖盘
1102,13:49:45,17.63,0.02,10,17629,买盘
1103,13:50:04,17.63,0.0,6,10578,买盘
1104,13:50:27,17.63,0.0,17,29971,买盘
1105,13:51:15,17.62,-0.01,5,8810,卖盘
1106,13:51:39,17.65,0.03,115,202880,买盘
1107,13:52:12,17.66,0.01,22,38852,买盘
1108,13:52:18,17.66,0.0,15,26490,买盘
1109,13:52:30,17.65,-0.01,10,17650,卖盘
1110,13:52:34,17.65,0.0,90,158850,卖盘
1111,13:52:39,17.65,0.0,1,1765,卖盘
1112,13:53:01,17.66,0.01,8,15011,买盘
1113,13:53:21,17.66,0.0,1,883,买盘
1114,13:54:10,17.65,-0.01,1,1765,卖盘
1115,13:54:16,17.65,0.0,60,105900,卖盘
1116,13:54:18,17.67,0.02,5,8830,买盘
1117,13:54:54,17.65,-0.02,30,52950,卖盘
1118,13:55:04,17.65,0.0,5,8825,卖盘
1119,13:55:06,17.65,0.0,87,153556,卖盘
1120,13:55:10,17.65,0.0,9,15885,卖盘
1121,13:56:19,17.65,0.0,62,109417,买盘
1122,13:56:45,17.65,0.0,9,15890,卖盘
1123,13:57:16,17.65,0.0,1,1765,卖盘
1124,13:57:19,17.65,0.0,7,12355,卖盘
1125,13:57:28,17.66,0.01,22,38852,买盘
1126,13:57:31,17.65,-0.01,50,88250,卖盘
1127,13:57:45,17.65,0.0,40,70600,卖盘
1128,13:58:21,17.65,0.0,10,17650,卖盘
1129,13:58:27,17.66,0.01,14,24724,买盘
1130,13:58:34,17.65,-0.01,80,141200,卖盘
1131,13:58:43,17.65,0.0,1,1765,卖盘
1132,13:58:46,17.65,0.0,6,10590,卖盘
1133,13:58:55,17.65,0.0,30,52950,卖盘
1134,13:59:00,17.65,0.0,17,30005,卖盘
1135,13:59:19,17.65,0.0,3,5295,卖盘
1136,13:59:37,17.65,0.0,50,88310,卖盘
1137,13:59:43,17.64,-0.01,16,28239,卖盘
1138,13:59:52,17.64,0.0,5,8820,卖盘
1139,14:00:00,17.67,0.03,35,62722,买盘
1140,14:00:04,17.67,0.0,10,17670,卖盘
1141,14:00:06,17.67,0.0,32,55660,卖盘
1142,14:00:25,17.64,-0.03,11,19404,卖盘
1143,14:00:31,17.64,0.0,3,5292,卖盘
1144,14:00:36,17.61,-0.03,1,1761,卖盘
1145,14:01:01,17.68,0.07,77,136106,买盘
1146,14:01:04,17.61,-0.07,5,8805,卖盘
1147,14:01:19,17.63,0.02,20,35260,卖盘
1148,14:01:48,17.63,0.0,5,8815,卖盘
1149,14:01:57,17.65,0.02,7,12355,卖盘
1150,14:02:01,17.67,0.02,13,22968,买盘
1151,14:02:07,17.67,0.0,12,21204,卖盘
1152,14:02:09,17.67,0.0,10,17670,卖盘
1153,14:02:28,17.67,0.0,41,72447,卖盘
1154,14:03:01,17.67,0.0,3,5299,买盘
1155,14:03:04,17.67,0.0,74,130758,买盘
1156,14:03:18,17.61,-0.06,11,19371,卖盘
1157,14:03:34,17.68,0.07,7,12376,买盘
1158,14:04:00,17.66,-0.02,3,5298,买盘
1159,14:04:03,17.67,0.01,54,95384,买盘
1160,14:04:09,17.67,0.0,5,8835,卖盘
1161,14:04:15,17.67,0.0,15,26505,卖盘
1162,14:05:00,17.68,0.01,43,76003,买盘
1163,14:05:04,17.68,0.0,33,58344,买盘
1164,14:05:25,17.68,0.0,24,42432,买盘
1165,14:05:28,17.65,-0.03,8,14138,卖盘
1166,14:05:31,17.69,0.04,17,30055,买盘
1167,14:05:34,17.69,0.0,67,118523,买盘
1168,14:05:55,17.7,0.01,40,70781,买盘
1169,14:06:01,17.7,0.0,89,157524,买盘
1170,14:06:04,17.71,0.01,53,93863,买盘
1171,14:06:10,17.71,0.0,21,37191,卖盘
1172,14:06:16,17.72,0.01,48,85036,买盘
1173,14:06:19,17.72,0.0,36,63792,买盘
1174,14:06:31,17.72,0.0,10,17720,卖盘
1175,14:06:36,17.73,0.01,5,8865,买盘
1176,14:06:40,17.74,0.01,83,147179,买盘
1177,14:06:45,17.74,0.0,8,14192,买盘
1178,14:06:48,17.74,0.0,1,1774,买盘
1179,14:06:51,17.76,0.02,89,157984,买盘
1180,14:06:55,17.79,0.03,78,138595,买盘
1181,14:07:04,17.8,0.01,44,78222,买盘
1182,14:07:06,17.79,-0.01,27,48051,卖盘
1183,14:07:09,17.79,0.0,39,69385,卖盘
1184,14:07:13,17.77,-0.02,7,12452,卖盘
1185,14:07:36,17.75,-0.02,6,10650,卖盘
1186,14:07:40,17.77,0.02,12,21304,买盘
1187,14:07:43,17.77,0.0,4,7106,买盘
1188,14:07:46,17.75,-0.02,3,5325,卖盘
1189,14:07:48,17.74,-0.01,10,17740,卖盘
1190,14:07:52,17.74,0.0,1,1774,卖盘
1191,14:07:57,17.75,0.01,12,21291,买盘
1192,14:08:03,17.77,0.02,27,47971,买盘
1193,14:08:07,17.77,0.0,20,35540,卖盘
1194,14:08:18,17.79,0.02,8,14232,买盘
1195,14:08:21,17.79,0.0,43,76497,买盘
1196,14:08:27,17.8,0.01,4,7120,买盘
1197,14:08:31,17.8,0.0,56,99629,买盘
1198,14:08:43,17.8,0.0,2,3560,买盘
1199,14:08:46,17.79,-0.01,26,46280,卖盘
1200,14:08:49,17.79,0.0,30,53370,卖盘
1201,14:08:52,17.79,0.0,23,40927,卖盘
1202,14:08:54,17.8,0.01,1,1780,买盘
1203,14:08:58,17.8,0.0,6,10680,买盘
1204,14:09:01,17.8,0.0,20,35600,卖盘
1205,14:09:04,17.83,0.03,76,135407,买盘
1206,14:09:12,17.84,0.01,37,65994,买盘
1207,14:09:16,17.82,-0.02,33,58831,卖盘
1208,14:09:22,17.85,0.03,93,165982,买盘
1209,14:09:31,17.86,0.01,2,3572,买盘
1210,14:09:34,17.85,-0.01,109,194566,卖盘
1211,14:09:37,17.85,0.0,7,12496,卖盘
1212,14:09:39,17.85,0.0,1,1785,卖盘
1213,14:09:43,17.86,0.01,9,16074,买盘
1214,14:09:45,17.86,0.0,9,16074,卖盘
1215,14:09:48,17.87,0.01,32,57181,买盘
1216,14:09:52,17.86,-0.01,1,1786,卖盘
1217,14:09:54,17.87,0.01,10,17870,买盘
1218,14:10:01,17.87,0.0,16,28588,买盘
1219,14:10:04,17.86,-0.01,89,159063,卖盘
1220,14:10:07,17.86,0.0,8,14288,买盘
1221,14:10:13,17.86,0.0,4,7144,买盘
1222,14:10:15,17.85,-0.01,10,17850,卖盘
1223,14:10:21,17.85,0.0,10,17850,卖盘
1224,14:10:34,17.81,-0.04,1,1781,卖盘
1225,14:10:37,17.81,0.0,24,42744,卖盘
1226,14:10:58,17.84,0.03,1,1784,中性盘
1227,14:11:04,17.83,-0.01,3,5349,卖盘
1228,14:11:18,17.81,-0.02,21,37441,卖盘
1229,14:11:24,17.81,0.0,20,35620,卖盘
1230,14:11:27,17.81,0.0,4,7124,卖盘
1231,14:11:36,17.83,0.02,1,1783,买盘
1232,14:11:43,17.82,-0.01,10,17820,卖盘
1233,14:11:46,17.82,0.0,5,8910,卖盘
1234,14:11:51,17.82,0.0,5,8910,卖盘
1235,14:11:54,17.82,0.0,2,3564,卖盘
1236,14:11:58,17.82,0.0,12,21384,卖盘
1237,14:12:01,17.83,0.01,3,5349,买盘
1238,14:12:04,17.84,0.01,83,148021,买盘
1239,14:12:09,17.84,0.0,35,62462,卖盘
1240,14:12:16,17.83,-0.01,17,30311,买盘
1241,14:12:19,17.84,0.01,2,3568,买盘
1242,14:12:28,17.84,0.0,1,1784,买盘
1243,14:12:33,17.84,0.0,16,28544,卖盘
1244,14:12:39,17.81,-0.03,106,188882,卖盘
1245,14:12:46,17.84,0.03,20,35650,买盘
1246,14:12:49,17.84,0.0,23,41032,卖盘
1247,14:12:52,17.84,0.0,17,30328,卖盘
1248,14:13:04,17.84,0.0,54,96316,买盘
1249,14:13:06,17.84,0.0,3,5352,卖盘
1250,14:13:09,17.84,0.0,8,14273,卖盘
1251,14:13:13,17.8,-0.04,14,24968,卖盘
1252,14:13:28,17.81,0.01,4,7124,卖盘
1253,14:13:34,17.8,-0.01,7,12463,卖盘
1254,14:13:58,17.79,-0.01,4,7116,卖盘
1255,14:14:03,17.8,0.01,56,99660,买盘
1256,14:14:10,17.8,0.0,21,37380,卖盘
1257,14:14:16,17.76,-0.04,2,3552,卖盘
1258,14:14:19,17.79,0.03,6,10674,买盘
1259,14:14:28,17.79,0.0,3,5337,卖盘
1260,14:14:42,17.79,0.0,1,1779,卖盘
1261,14:14:46,17.79,0.0,3,5337,卖盘
1262,14:14:57,17.79,0.0,31,55149,卖盘
1263,14:15:00,17.79,0.0,8,14234,卖盘
1264,14:15:04,17.81,0.02,61,108601,买盘
1265,14:15:09,17.81,0.0,15,26715,卖盘
1266,14:15:13,17.81,0.0,7,12473,卖盘
1267,14:15:37,17.81,0.0,13,23153,买盘
1268,14:15:51,17.81,0.0,4,7124,买盘
1269,14:15:57,17.78,-0.03,30,53340,卖盘
1270,14:16:01,17.78,0.0,2,3556,卖盘
1271,14:16:04,17.81,0.03,22,39177,买盘
1272,14:16:10,17.81,0.0,15,26715,卖盘
1273,14:16:13,17.81,0.0,6,10686,卖盘
1274,14:16:16,17.81,0.0,6,10686,卖盘
1275,14:16:28,17.81,0.0,26,46306,卖盘
1276,14:16:40,17.78,-0.03,26,46234,卖盘
1277,14:16:54,17.76,-0.02,2,3552,卖盘
1278,14:17:04,17.77,0.01,39,69265,买盘
1279,14:17:40,17.77,0.0,7,12439,买盘
1280,14:17:43,17.79,0.02,1,1779,买盘
1281,14:17:46,17.79,0.0,11,19549,买盘
1282,14:17:49,17.79,0.0,37,65691,买盘
1283,14:17:58,17.79,0.0,1,1779,买盘
1284,14:18:03,17.8,0.01,14,24912,买盘
1285,14:18:09,17.81,0.01,15,26715,买盘
1286,14:18:12,17.81,0.0,10,17810,买盘
1287,14:18:19,17.82,0.01,19,33843,买盘
1288,14:18:28,17.81,-0.01,15,26715,卖盘
1289,14:18:31,17.81,0.0,8,14248,卖盘
1290,14:18:34,17.81,0.0,1,1781,卖盘
1291,14:18:36,17.81,0.0,11,19591,卖盘
1292,14:18:39,17.81,0.0,2,3562,买盘
1293,14:18:46,17.81,0.0,10,17810,买盘
1294,14:19:04,17.82,0.01,39,69478,买盘
1295,14:19:24,17.81,-0.01,10,17810,卖盘
1296,14:19:39,17.8,-0.01,2,3560,卖盘
1297,14:19:43,17.8,0.0,2,3560,中性盘
1298,14:19:49,17.8,0.0,8,14240,买盘
1299,14:19:55,17.8,0.0,2,3560,卖盘
1300,14:20:06,17.81,0.01,20,35615,买盘
1301,14:20:09,17.81,0.0,18,32058,卖盘
1302,14:20:16,17.8,-0.01,2,3560,卖盘
1303,14:20:37,17.78,-0.02,2,3556,卖盘
1304,14:21:06,17.81,0.03,25,44514,买盘
1305,14:21:12,17.81,0.0,12,21372,卖盘
1306,14:21:25,17.81,0.0,10,17810,买盘
1307,14:21:27,17.81,0.0,2,3562,中性盘
1308,14:21:31,17.81,0.0,3,5343,卖盘
1309,14:21:48,17.8,-0.01,9,16020,卖盘
1310,14:21:55,17.81,0.01,7,12467,买盘
1311,14:22:00,17.81,0.0,9,16029,卖盘
1312,14:22:06,17.82,0.01,37,65929,买盘
1313,14:22:19,17.81,-0.01,3,5341,中性盘
1314,14:22:31,17.8,-0.01,4,7120,卖盘
1315,14:22:34,17.81,0.01,13,23153,买盘
1316,14:22:37,17.79,-0.02,12,21348,卖盘
1317,14:22:43,17.79,0.0,50,88950,卖盘
1318,14:22:46,17.79,0.0,10,17790,卖盘
1319,14:22:51,17.79,0.0,13,23127,卖盘
1320,14:22:57,17.78,-0.01,5,8890,卖盘
1321,14:23:06,17.82,0.04,36,64146,买盘
1322,14:23:10,17.78,-0.04,10,17780,卖盘
1323,14:23:28,17.78,0.0,6,10668,买盘
1324,14:23:33,17.81,0.03,3,5343,买盘
1325,14:23:55,17.81,0.0,2,3562,买盘
1326,14:24:01,17.81,0.0,20,35620,买盘
1327,14:24:04,17.81,0.0,10,17810,买盘
1328,14:24:06,17.81,0.0,36,64116,买盘
1329,14:24:31,17.8,-0.01,8,14240,买盘
1330,14:25:06,17.81,0.01,25,44514,买盘
1331,14:25:09,17.81,0.0,3,5343,卖盘
1332,14:25:25,17.81,0.0,3,5343,卖盘
1333,14:25:31,17.82,0.01,50,89100,买盘
1334,14:25:42,17.82,0.0,10,17820,买盘
1335,14:25:48,17.82,0.0,9,16038,买盘
1336,14:26:04,17.81,-0.01,6,10686,卖盘
1337,14:26:10,17.81,0.0,45,80178,买盘
1338,14:26:13,17.81,0.0,5,8905,买盘
1339,14:26:28,17.81,0.0,1,1781,买盘
1340,14:26:36,17.81,0.0,1,1781,买盘
1341,14:27:10,17.82,0.01,34,60579,买盘
1342,14:27:22,17.8,-0.02,10,17800,卖盘
1343,14:27:34,17.78,-0.02,58,103193,卖盘
1344,14:27:45,17.82,0.04,3,5346,买盘
1345,14:27:54,17.82,0.0,4,7128,买盘
1346,14:28:01,17.82,0.0,4,7128,买盘
1347,14:28:10,17.82,0.0,33,58806,买盘
1348,14:28:19,17.82,0.0,3,5346,买盘
1349,14:28:28,17.8,-0.02,5,8900,卖盘
1350,14:28:30,17.8,0.0,6,10680,卖盘
1351,14:28:34,17.83,0.03,33,58815,买盘
1352,14:28:43,17.82,-0.01,1,1782,买盘
1353,14:28:52,17.8,-0.02,18,32040,卖盘
1354,14:28:55,17.79,-0.01,44,78286,卖盘
1355,14:29:01,17.78,-0.01,104,184912,卖盘
1356,14:29:06,17.77,-0.01,53,94181,卖盘
1357,14:29:09,17.78,0.01,32,56872,买盘
1358,14:29:16,17.75,-0.03,39,69225,卖盘
1359,14:29:22,17.71,-0.04,96,170064,卖盘
1360,14:29:28,17.7,-0.01,28,49560,卖盘
1361,14:29:37,17.7,0.0,45,79660,卖盘
1362,14:29:39,17.7,0.0,5,8850,买盘
1363,14:29:42,17.69,-0.01,14,24766,卖盘
1364,14:29:45,17.69,0.0,43,76087,卖盘
1365,14:29:48,17.69,0.0,10,17690,卖盘
1366,14:29:54,17.7,0.01,20,35400,买盘
1367,14:29:57,17.7,0.0,1,1770,买盘
1368,14:30:01,17.7,0.0,18,31850,买盘
1369,14:30:04,17.7,0.0,3,5310,买盘
1370,14:30:06,17.63,-0.07,24,42312,卖盘
1371,14:30:10,17.75,0.12,32,56700,买盘
1372,14:30:13,17.65,-0.1,8,14124,卖盘
1373,14:30:37,17.69,0.04,1,1769,买盘
1374,14:30:54,17.69,0.0,28,49532,卖盘
1375,14:31:04,17.7,0.01,5,8850,买盘
1376,14:31:06,17.69,-0.01,15,26535,卖盘
1377,14:31:09,17.73,0.04,36,63813,买盘
1378,14:31:13,17.7,-0.03,10,17700,卖盘
1379,14:31:19,17.69,-0.01,13,22997,卖盘
1380,14:31:25,17.63,-0.06,12,21156,卖盘
1381,14:31:28,17.62,-0.01,27,47575,卖盘
1382,14:31:31,17.62,0.0,20,35240,买盘
1383,14:31:34,17.61,-0.01,61,107431,卖盘
1384,14:31:39,17.6,-0.01,51,89766,卖盘
1385,14:31:43,17.61,0.01,23,40494,买盘
1386,14:31:46,17.61,0.0,33,58081,买盘
1387,14:31:49,17.6,-0.01,41,72160,卖盘
1388,14:31:51,17.6,0.0,38,66880,买盘
1389,14:31:54,17.58,-0.02,14,24612,卖盘
1390,14:31:58,17.58,0.0,1,1758,买盘
1391,14:32:01,17.57,-0.01,19,33383,卖盘
1392,14:32:04,17.57,0.0,5,8785,买盘
1393,14:32:06,17.57,0.0,77,135289,买盘
1394,14:32:09,17.58,0.01,70,122986,买盘
1395,14:32:13,17.58,0.0,1,1758,买盘
1396,14:32:16,17.58,0.0,1,1758,买盘
1397,14:32:18,17.58,0.0,1,1758,买盘
1398,14:32:21,17.58,0.0,4,7032,买盘
1399,14:32:24,17.58,0.0,2,3516,买盘
1400,14:32:28,17.58,0.0,65,114270,买盘
1401,14:32:31,17.58,0.0,5,8790,中性盘
1402,14:32:33,17.58,0.0,54,94907,买盘
1403,14:32:39,17.57,-0.01,8,14056,买盘
1404,14:32:42,17.58,0.01,9,15816,买盘
1405,14:33:01,17.58,0.0,19,33400,买盘
1406,14:33:04,17.58,0.0,27,47466,买盘
1407,14:33:09,17.69,0.11,49,86701,买盘
1408,14:33:22,17.69,0.0,3,5307,买盘
1409,14:33:52,17.68,-0.01,5,8840,买盘
1410,14:34:09,17.68,0.0,6,10607,买盘
1411,14:34:12,17.68,0.0,5,8840,卖盘
1412,14:34:16,17.68,0.0,28,49513,卖盘
1413,14:34:33,17.66,-0.02,4,7064,买盘
1414,14:34:40,17.61,-0.05,39,68679,卖盘
1415,14:34:49,17.61,0.0,30,52830,卖盘
1416,14:34:52,17.6,-0.01,66,116162,卖盘
1417,14:35:06,17.6,0.0,1,1760,买盘
1418,14:35:12,17.6,0.0,33,58080,买盘
1419,14:35:25,17.6,0.0,1,1760,买盘
1420,14:35:30,17.6,0.0,8,14080,买盘
1421,14:35:45,17.61,0.01,4,7044,买盘
1422,14:35:48,17.66,0.05,47,82937,买盘
1423,14:35:58,17.66,0.0,51,90066,卖盘
1424,14:36:01,17.67,0.01,4,7068,买盘
1425,14:36:49,17.67,0.0,69,121872,买盘
1426,14:37:01,17.67,0.0,29,51243,卖盘
1427,14:37:06,17.67,0.0,1,1767,买盘
1428,14:37:09,17.68,0.01,3,5302,买盘
1429,14:37:12,17.69,0.01,13,22988,买盘
1430,14:37:15,17.7,0.01,19,33626,卖盘
1431,14:37:18,17.7,0.0,5,8846,买盘
1432,14:37:27,17.69,-0.01,5,8845,卖盘
1433,14:37:34,17.69,0.0,3,5307,卖盘
1434,14:37:40,17.69,0.0,2,3538,卖盘
1435,14:37:43,17.69,0.0,2,3538,买盘
1436,14:37:45,17.69,0.0,12,21238,买盘
1437,14:37:49,17.7,0.01,98,173452,买盘
1438,14:37:52,17.7,0.0,4,7965,买盘
1439,14:38:07,17.71,0.01,20,35420,买盘
1440,14:38:25,17.71,0.0,78,138138,卖盘
1441,14:38:46,17.71,0.0,40,70800,买盘
1442,14:38:49,17.75,0.04,20,35500,买盘
1443,14:38:52,17.75,0.0,21,37275,卖盘
1444,14:38:55,17.75,0.0,3,4438,卖盘
1445,14:38:58,17.75,0.0,11,19525,卖盘
1446,14:39:01,17.75,0.0,6,10650,卖盘
1447,14:39:10,17.78,0.03,3,5334,买盘
1448,14:39:13,17.75,-0.03,2,3550,卖盘
1449,14:39:16,17.75,0.0,25,44375,卖盘
1450,14:39:22,17.75,0.0,131,232525,卖盘
1451,14:39:24,17.75,0.0,1,1775,卖盘
1452,14:39:27,17.75,0.0,6,10650,卖盘
1453,14:39:30,17.75,0.0,11,19525,卖盘
1454,14:39:49,17.77,0.02,37,65715,买盘
1455,14:39:52,17.78,0.01,48,85337,买盘
1456,14:39:55,17.78,0.0,4,7112,卖盘
1457,14:39:58,17.78,0.0,1,1778,卖盘
1458,14:40:01,17.78,0.0,32,56912,卖盘
1459,14:40:07,17.78,0.0,44,78142,买盘
1460,14:40:30,17.79,0.01,18,32022,买盘
1461,14:40:43,17.79,0.0,5,8895,卖盘
1462,14:40:48,17.8,0.01,47,83650,买盘
1463,14:40:52,17.79,-0.01,62,110414,卖盘
1464,14:41:00,17.81,0.02,8,14243,买盘
1465,14:41:16,17.8,-0.01,5,8900,买盘
1466,14:41:25,17.8,0.0,6,10680,卖盘
1467,14:41:28,17.8,0.0,9,16020,卖盘
1468,14:41:37,17.78,-0.02,40,71153,卖盘
1469,14:41:40,17.78,0.0,239,424942,卖盘
1470,14:41:49,17.81,0.03,97,172691,买盘
1471,14:41:55,17.81,0.0,5,8901,买盘
1472,14:42:10,17.8,-0.01,5,8900,买盘
1473,14:42:49,17.79,-0.01,84,149352,买盘
1474,14:42:55,17.79,0.0,13,23127,卖盘
1475,14:43:04,17.8,0.01,60,106795,买盘
1476,14:43:49,17.8,0.0,37,65834,买盘
1477,14:43:51,17.8,0.0,61,108580,买盘
1478,14:44:01,17.8,0.0,32,56959,买盘
1479,14:44:28,17.76,-0.04,14,24878,卖盘
1480,14:44:43,17.78,0.02,3,5334,买盘
1481,14:44:49,17.78,0.0,23,41783,买盘
1482,14:44:52,17.79,0.01,58,103182,买盘
1483,14:45:01,17.79,0.0,12,21348,卖盘
1484,14:45:04,17.79,0.0,1,1779,卖盘
1485,14:45:06,17.79,0.0,5,8895,卖盘
1486,14:45:10,17.79,0.0,22,39138,卖盘
1487,14:45:25,17.78,-0.01,8,14224,卖盘
1488,14:45:34,17.78,0.0,42,73787,卖盘
1489,14:45:37,17.76,-0.02,7,12432,卖盘
1490,14:45:46,17.75,-0.01,5,8875,卖盘
1491,14:45:52,17.78,0.03,98,174244,买盘
1492,14:46:00,17.75,-0.03,28,49700,卖盘
1493,14:46:13,17.76,0.01,6,10656,卖盘
1494,14:46:18,17.76,0.0,8,14208,卖盘
1495,14:46:31,17.75,-0.01,8,14200,卖盘
1496,14:46:34,17.75,0.0,1,1775,卖盘
1497,14:46:43,17.75,0.0,53,94054,卖盘
1498,14:46:52,17.76,0.01,69,122489,买盘
1499,14:46:55,17.76,0.0,12,21312,卖盘
1500,14:47:04,17.76,0.0,2,3552,卖盘
1501,14:47:06,17.76,0.0,10,17760,卖盘
1502,14:47:10,17.77,0.01,14,24851,买盘
1503,14:47:22,17.73,-0.04,22,39070,卖盘
1504,14:47:25,17.73,0.0,7,12411,卖盘
1505,14:47:37,17.73,0.0,5,8865,卖盘
1506,14:47:40,17.73,0.0,2,3546,卖盘
1507,14:47:52,17.77,0.04,40,71060,买盘
1508,14:47:55,17.77,0.0,13,23101,卖盘
1509,14:48:01,17.77,0.0,11,19547,卖盘
1510,14:48:07,17.77,0.0,17,30209,卖盘
1511,14:48:10,17.77,0.0,10,17770,卖盘
1512,14:48:13,17.74,-0.03,26,46142,卖盘
1513,14:48:27,17.77,0.03,1,1777,买盘
1514,14:48:40,17.74,-0.03,10,17740,卖盘
1515,14:48:43,17.76,0.02,2,3552,买盘
1516,14:48:45,17.74,-0.02,3,5322,卖盘
1517,14:48:52,17.77,0.03,98,174127,买盘
1518,14:48:55,17.75,-0.02,2,3550,卖盘
1519,14:49:04,17.74,-0.01,3,5322,卖盘
1520,14:49:07,17.75,0.01,3,5325,买盘
1521,14:49:13,17.74,-0.01,19,33706,卖盘
1522,14:49:21,17.75,0.01,47,83404,买盘
1523,14:49:24,17.75,0.0,10,17750,卖盘
1524,14:49:28,17.75,0.0,12,21300,卖盘
1525,14:49:34,17.77,0.02,65,115491,买盘
1526,14:49:40,17.75,-0.02,68,120774,卖盘
1527,14:49:49,17.8,0.05,302,537288,买盘
1528,14:49:51,17.77,-0.03,18,32864,中性盘
1529,14:50:04,17.78,0.01,60,106777,卖盘
1530,14:50:06,17.8,0.02,21,37366,买盘
1531,14:50:12,17.8,0.0,10,17800,卖盘
1532,14:50:15,17.81,0.01,9,16029,买盘
1533,14:50:19,17.8,-0.01,3,5340,中性盘
1534,14:50:22,17.8,0.0,8,14240,买盘
1535,14:50:24,17.8,0.0,11,19580,买盘
1536,14:50:30,17.8,0.0,51,90803,买盘
1537,14:50:33,17.79,-0.01,16,28464,卖盘
1538,14:50:37,17.79,0.0,2,3558,中性盘
1539,14:50:43,17.79,0.0,8,14232,买盘
1540,14:50:46,17.81,0.02,43,76533,买盘
1541,14:50:48,17.8,-0.01,1,1780,中性盘
1542,14:50:51,17.8,0.0,3,5340,卖盘
1543,14:50:55,17.8,0.0,92,163777,卖盘
1544,14:50:58,17.81,0.01,1,1781,买盘
1545,14:51:01,17.8,-0.01,2,3560,卖盘
1546,14:51:04,17.8,0.0,1,1780,卖盘
1547,14:51:06,17.8,0.0,70,123750,卖盘
1548,14:51:10,17.82,0.02,67,119392,买盘
1549,14:51:16,17.8,-0.02,30,53405,卖盘
1550,14:51:19,17.8,0.0,102,181630,卖盘
1551,14:51:28,17.8,0.0,8,14246,卖盘
1552,14:51:34,17.8,0.0,10,17800,卖盘
1553,14:51:39,17.8,0.0,12,21360,卖盘
1554,14:51:49,17.8,0.0,26,46280,卖盘
1555,14:51:55,17.79,-0.01,46,82760,卖盘
1556,14:52:06,17.76,-0.03,18,31968,卖盘
1557,14:52:10,17.76,0.0,1,1776,卖盘
1558,14:52:22,17.79,0.03,19,32912,买盘
1559,14:52:30,17.79,0.0,1,1779,卖盘
1560,14:52:33,17.79,0.0,1,2668,卖盘
1561,14:52:43,17.77,-0.02,20,35540,卖盘
1562,14:52:46,17.79,0.02,3,5337,买盘
1563,14:52:49,17.77,-0.02,24,42648,卖盘
1564,14:52:54,17.77,0.0,6,10662,买盘
1565,14:53:01,17.77,0.0,24,42656,卖盘
1566,14:53:04,17.77,0.0,10,17770,卖盘
1567,14:53:06,17.79,0.02,43,76497,买盘
1568,14:53:16,17.79,0.0,305,541706,买盘
1569,14:53:22,17.8,0.01,60,106800,买盘
1570,14:53:25,17.8,0.0,20,35590,买盘
1571,14:53:28,17.8,0.0,10,17800,买盘
1572,14:53:31,17.8,0.0,40,71198,买盘
1573,14:53:34,17.81,0.01,8,14245,买盘
1574,14:53:39,17.8,-0.01,1,1780,卖盘
1575,14:53:43,17.8,0.0,20,35600,卖盘
1576,14:53:45,17.81,0.01,14,24934,买盘
1577,14:53:49,17.8,-0.01,44,78358,卖盘
1578,14:53:51,17.81,0.01,2,3562,买盘
1579,14:53:55,17.81,0.0,4,7123,买盘
1580,14:54:00,17.81,0.0,2,3562,买盘
1581,14:54:04,17.8,-0.01,5,8900,卖盘
1582,14:54:06,17.81,0.01,45,80105,买盘
1583,14:54:12,17.81,0.0,7,12467,买盘
1584,14:54:15,17.8,-0.01,3,5340,卖盘
1585,14:54:22,17.81,0.01,19,33839,买盘
1586,14:54:25,17.8,-0.01,37,65867,卖盘
1587,14:54:28,17.82,0.02,84,149629,买盘
1588,14:54:33,17.81,-0.01,11,19591,买盘
1589,14:54:37,17.81,0.0,20,35610,买盘
1590,14:54:39,17.81,0.0,1,1781,买盘
1591,14:54:46,17.81,0.0,6,10686,买盘
1592,14:54:48,17.8,-0.01,14,24920,卖盘
1593,14:54:52,17.81,0.01,25,44525,买盘
1594,14:54:55,17.8,-0.01,6,11576,卖盘
1595,14:54:58,17.81,0.01,23,40962,买盘
1596,14:55:01,17.8,-0.01,20,34710,卖盘
1597,14:55:03,17.8,0.0,13,23140,买盘
1598,14:55:07,17.8,0.0,24,42705,买盘
1599,14:55:10,17.8,0.0,41,72970,买盘
1600,14:55:16,17.8,0.0,16,28468,买盘
1601,14:55:22,17.78,-0.02,2,3556,卖盘
1602,14:55:24,17.8,0.02,14,24912,买盘
1603,14:55:27,17.78,-0.02,16,28448,卖盘
1604,14:55:36,17.77,-0.01,107,190154,卖盘
1605,14:55:40,17.78,0.01,8,14226,卖盘
1606,14:55:43,17.79,0.01,30,53350,买盘
1607,14:55:45,17.78,-0.01,3,5334,卖盘
1608,14:55:48,17.79,0.01,16,28464,买盘
1609,14:55:52,17.79,0.0,4,7116,买盘
1610,14:56:00,17.78,-0.01,5,8890,卖盘
1611,14:56:04,17.78,0.0,20,35560,买盘
1612,14:56:06,17.79,0.01,44,78276,买盘
1613,14:56:10,17.79,0.0,44,78267,买盘
1614,14:56:13,17.79,0.0,28,49812,买盘
1615,14:56:18,17.79,0.0,7,12453,买盘
1616,14:56:22,17.79,0.0,3,5337,买盘
1617,14:56:25,17.79,0.0,3,5337,买盘
1618,14:56:27,17.78,-0.01,6,10668,卖盘
1619,14:56:33,17.77,-0.01,1,1777,卖盘
1620,14:56:43,17.78,0.01,51,90678,买盘
1621,14:56:49,17.78,0.0,3,5334,卖盘
1622,14:56:52,17.78,0.0,19,33782,卖盘
1623,14:56:54,17.78,0.0,153,272255,卖盘
1624,14:56:58,17.78,0.0,2,3556,卖盘
1625,14:57:00,17.79,0.01,14,24902,中性盘
1626,15:00:04,17.78,-0.01,492,875665,买盘
