,time,price,change,volume,amount,type
0,09:25:04,17.71,-0.01,29,51359,卖盘
1,09:30:04,17.7,-0.01,4,7080,卖盘
2,09:30:07,17.7,0.0,10,17698,买盘
3,09:30:10,17.6,-0.1,10,17600,卖盘
4,09:30:16,17.61,0.01,9,15849,中性盘
5,09:30:25,17.7,0.09,1,1770,买盘
6,09:30:34,17.7,0.0,15,26550,买盘
7,09:30:37,17.7,0.0,1,1770,买盘
8,09:30:40,17.61,-0.09,10,17610,卖盘
9,09:30:52,17.7,0.09,2,3540,买盘
10,09:31:01,17.71,0.01,10,17710,买盘
11,09:31:13,17.81,0.1,11,19591,买盘
12,09:31:19,17.81,0.0,1,1781,买盘
13,09:31:22,17.81,0.0,24,42744,买盘
14,09:31:24,17.81,0.0,1,1781,买盘
15,09:31:28,17.81,0.0,2,3562,卖盘
16,09:31:31,17.79,-0.02,1,1779,买盘
17,09:31:43,17.8,0.01,10,17800,买盘
18,09:31:45,17.75,-0.05,5,8875,卖盘
19,09:31:52,17.75,0.0,4,7100,买盘
20,09:32:16,17.75,0.0,1,1775,买盘
21,09:32:37,17.75,0.0,52,92258,买盘
22,09:32:52,17.79,0.04,1,1779,买盘
23,09:32:55,17.79,0.0,1,1779,买盘
24,09:32:57,17.79,0.0,12,21348,买盘
25,09:33:09,17.76,-0.03,30,53301,卖盘
26,09:33:12,17.78,0.02,1,1778,卖盘
27,09:33:16,17.78,0.0,1,1778,卖盘
28,09:33:19,17.79,0.01,17,30243,买盘
29,09:33:30,17.79,0.0,27,48033,买盘
30,09:33:37,17.81,0.02,10,17810,买盘
31,09:33:49,17.79,-0.02,10,17790,卖盘
32,09:33:52,17.79,0.0,4,7116,卖盘
33,09:33:55,17.81,0.02,19,33821,买盘
34,09:33:58,17.81,0.0,2,3562,卖盘
35,09:34:01,17.79,-0.02,69,122792,卖盘
36,09:34:07,17.79,0.0,30,53370,卖盘
37,09:34:10,17.79,0.0,4,7116,卖盘
38,09:34:13,17.79,0.0,4,7116,卖盘
39,09:34:16,17.79,0.0,30,53370,卖盘
40,09:34:37,17.75,-0.04,1,1775,卖盘
41,09:34:43,17.77,0.02,1,1777,中性盘
42,09:34:46,17.77,0.0,1,1777,买盘
43,09:34:49,17.75,-0.02,10,17750,卖盘
44,09:35:01,17.73,-0.02,5,8873,卖盘
45,09:36:25,17.78,0.05,3,5334,买盘
46,09:36:45,17.78,0.0,1,1778,买盘
47,09:36:55,17.78,0.0,1,1778,买盘
48,09:37:04,17.75,-0.03,20,35515,卖盘
49,09:37:16,17.75,0.0,6,10650,卖盘
50,09:37:28,17.78,0.03,9,16002,买盘
51,09:37:43,17.74,-0.04,33,58542,卖盘
52,09:37:46,17.74,0.0,35,62105,卖盘
53,09:37:51,17.77,0.03,1,1777,买盘
54,09:37:55,17.73,-0.04,5,8865,卖盘
55,09:38:06,17.73,0.0,1,1773,买盘
56,09:38:10,17.73,0.0,4,7092,买盘
57,09:38:13,17.73,0.0,6,10638,买盘
58,09:38:21,17.73,0.0,1,1773,买盘
59,09:38:25,17.73,0.0,1,1773,买盘
60,09:38:52,17.72,-0.01,10,17720,买盘
61,09:38:55,17.72,0.0,3,5316,买盘
62,09:38:58,17.72,0.0,15,26580,卖盘
63,09:39:01,17.77,0.05,1,1777,买盘
64,09:39:31,17.73,-0.04,4,7092,卖盘
65,09:39:51,17.76,0.03,1,1776,买盘
66,09:40:04,17.72,-0.04,8,14176,卖盘
67,09:40:06,17.72,0.0,10,17720,买盘
68,09:40:16,17.7,-0.02,22,38950,卖盘
69,09:40:19,17.7,0.0,2,3540,买盘
70,09:40:52,17.66,-0.04,15,26490,卖盘
71,09:40:55,17.66,0.0,2,3532,买盘
72,09:41:10,17.69,0.03,1,1769,买盘
73,09:41:19,17.66,-0.03,8,14128,卖盘
74,09:41:25,17.69,0.03,1,1769,买盘
75,09:41:39,17.65,-0.04,95,167686,卖盘
76,09:41:46,17.69,0.04,4,7076,买盘
77,09:41:55,17.69,0.0,4,7076,买盘
78,09:42:07,17.69,0.0,3,5307,买盘
79,09:42:10,17.69,0.0,1,1769,买盘
80,09:42:13,17.69,0.0,34,60146,买盘
81,09:42:28,17.69,0.0,1,1769,买盘
82,09:42:52,17.68,-0.01,4,7072,买盘
83,09:43:01,17.66,-0.02,10,17673,卖盘
84,09:43:07,17.69,0.03,4,7076,买盘
85,09:43:16,17.68,-0.01,3,5304,买盘
86,09:43:31,17.69,0.01,5,8845,买盘
87,09:43:37,17.69,0.0,10,17690,买盘
88,09:43:49,17.7,0.01,28,49560,买盘
89,09:43:51,17.7,0.0,20,35400,买盘
90,09:43:55,17.7,0.0,1,1770,买盘
91,09:43:58,17.7,0.0,8,14160,买盘
92,09:44:00,17.7,0.0,28,49560,买盘
93,09:44:04,17.7,0.0,43,76110,买盘
94,09:44:07,17.7,0.0,34,60180,买盘
95,09:44:13,17.76,0.06,6,10656,买盘
96,09:44:16,17.76,0.0,16,28416,买盘
97,09:44:22,17.79,0.03,6,10674,买盘
98,09:44:31,17.79,0.0,6,10674,卖盘
99,09:44:43,17.77,-0.02,5,8885,中性盘
100,09:44:52,17.74,-0.03,1,1774,卖盘
101,09:44:55,17.73,-0.01,2,3547,卖盘
102,09:45:04,17.73,0.0,5,8865,卖盘
103,09:45:06,17.74,0.01,11,19514,买盘
104,09:45:16,17.76,0.02,8,14202,买盘
105,09:45:37,17.74,-0.02,9,15966,卖盘
106,09:45:43,17.74,0.0,30,53220,卖盘
107,09:45:49,17.73,-0.01,10,17730,卖盘
108,09:46:03,17.73,0.0,5,8865,卖盘
109,09:46:25,17.73,0.0,3,5319,买盘
110,09:46:34,17.7,-0.03,6,10620,卖盘
111,09:46:46,17.67,-0.03,3,5301,卖盘
112,09:47:04,17.67,0.0,1,1767,买盘
113,09:47:07,17.66,-0.01,21,37087,卖盘
114,09:47:10,17.66,0.0,2,3532,买盘
115,09:47:13,17.66,0.0,2,3532,买盘
116,09:47:16,17.66,0.0,31,54746,买盘
117,09:47:21,17.66,0.0,1,1766,卖盘
118,09:47:51,17.7,0.04,7,12390,买盘
119,09:47:55,17.66,-0.04,14,24732,卖盘
120,09:48:13,17.66,0.0,2,3532,中性盘
121,09:48:25,17.66,0.0,17,30022,卖盘
122,09:48:58,17.7,0.04,1,1770,买盘
123,09:49:16,17.7,0.0,9,15918,买盘
124,09:49:22,17.7,0.0,5,8850,买盘
125,09:49:28,17.7,0.0,1,1770,卖盘
126,09:49:34,17.76,0.06,15,26640,买盘
127,09:49:40,17.77,0.01,10,17770,买盘
128,09:49:42,17.76,-0.01,25,44402,卖盘
129,09:49:45,17.77,0.01,19,33763,买盘
130,09:50:07,17.79,0.02,5,8895,买盘
131,09:50:16,17.79,0.0,6,10674,卖盘
132,09:50:19,17.79,0.0,2,3558,卖盘
133,09:50:28,17.8,0.01,17,30260,买盘
134,09:50:46,17.83,0.03,12,21363,买盘
135,09:51:07,17.8,-0.03,2,3560,卖盘
136,09:51:10,17.83,0.03,11,19613,买盘
137,09:51:15,17.83,0.0,1,1783,买盘
138,09:51:25,17.83,0.0,1,1783,买盘
139,09:51:43,17.83,0.0,8,14264,买盘
140,09:51:49,17.83,0.0,3,5349,买盘
141,09:51:55,17.83,0.0,12,21396,买盘
142,09:52:01,17.83,0.0,10,17830,买盘
143,09:52:04,17.83,0.0,6,10698,卖盘
144,09:52:07,17.81,-0.02,44,78446,卖盘
145,09:52:12,17.81,0.0,1,1781,卖盘
146,09:52:15,17.81,0.0,1,1781,卖盘
147,09:52:19,17.81,0.0,1,1781,卖盘
148,09:52:22,17.81,0.0,1,1781,卖盘
149,09:52:25,17.81,0.0,1,1781,卖盘
150,09:52:27,17.81,0.0,12,21380,卖盘
151,09:52:34,17.81,0.0,5,8905,卖盘
152,09:52:58,17.81,0.0,15,26715,买盘
153,09:53:28,17.81,0.0,30,53430,买盘
154,09:53:43,17.81,0.0,12,21372,买盘
155,09:53:52,17.82,0.01,3,5346,买盘
156,09:54:04,17.82,0.0,3,5346,卖盘
157,09:54:13,17.82,0.0,21,37422,卖盘
158,09:54:19,17.81,-0.01,22,39191,卖盘
159,09:54:22,17.81,0.0,28,49868,卖盘
160,09:54:28,17.82,0.01,1,1782,买盘
161,09:54:52,17.82,0.0,3,5346,买盘
162,09:55:01,17.81,-0.01,1,1781,卖盘
163,09:55:07,17.8,-0.01,15,26700,卖盘
164,09:55:10,17.8,0.0,8,14240,卖盘
165,09:55:12,17.8,0.0,51,90780,卖盘
166,09:55:16,17.79,-0.01,2,3558,卖盘
167,09:55:19,17.79,0.0,3,5337,卖盘
168,09:55:30,17.79,0.0,25,44475,卖盘
169,09:55:52,17.77,-0.02,32,56864,卖盘
170,09:56:15,17.77,0.0,15,26655,买盘
171,09:56:31,17.79,0.02,34,60476,买盘
172,09:56:43,17.8,0.01,17,30260,买盘
173,09:56:52,17.8,0.0,1,2670,卖盘
174,09:56:58,17.79,-0.01,3,4449,卖盘
175,09:57:06,17.79,0.0,7,12453,买盘
176,09:57:39,17.7,-0.09,32,57535,卖盘
177,09:57:58,17.7,0.0,10,17709,卖盘
178,09:58:04,17.79,0.09,5,8895,买盘
179,09:58:54,17.78,-0.01,1,1778,买盘
180,10:00:43,17.79,0.01,10,17790,买盘
181,10:01:18,17.79,0.0,19,33796,买盘
182,10:02:31,17.79,0.0,4,7116,买盘
183,10:03:10,17.76,-0.03,9,15984,卖盘
184,10:03:22,17.76,0.0,6,10656,买盘
185,10:03:31,17.79,0.03,2,3558,买盘
186,10:03:37,17.76,-0.03,10,17760,卖盘
187,10:04:10,17.75,-0.01,5,8875,卖盘
188,10:04:15,17.76,0.01,5,8880,买盘
189,10:04:19,17.75,-0.01,6,10650,卖盘
190,10:04:40,17.72,-0.03,2,3544,卖盘
191,10:04:52,17.75,0.03,3,5325,买盘
192,10:04:55,17.75,0.0,4,7100,买盘
193,10:05:09,17.72,-0.03,1,1772,卖盘
194,10:05:12,17.71,-0.01,7,12399,卖盘
195,10:05:21,17.7,-0.01,35,61973,卖盘
196,10:05:40,17.72,0.02,1,1772,卖盘
197,10:05:51,17.72,0.0,2,3544,买盘
198,10:06:10,17.72,0.0,1,1772,卖盘
199,10:06:16,17.72,0.0,1,1772,卖盘
200,10:06:40,17.7,-0.02,30,53100,卖盘
201,10:06:43,17.7,0.0,11,19474,卖盘
202,10:06:46,17.72,0.02,9,15948,买盘
203,10:07:00,17.7,-0.02,26,45157,卖盘
204,10:07:10,17.7,0.0,13,23030,卖盘
205,10:07:25,17.7,0.0,6,10620,卖盘
206,10:07:31,17.74,0.04,3,5322,买盘
207,10:07:40,17.7,-0.04,3,5310,卖盘
208,10:08:10,17.7,0.0,3,5310,卖盘
209,10:08:16,17.67,-0.03,17,30054,卖盘
210,10:08:40,17.67,0.0,7,12369,卖盘
211,10:09:09,17.67,0.0,9,16786,卖盘
212,10:09:13,17.67,0.0,3,5301,买盘
213,10:09:15,17.67,0.0,72,126270,卖盘
214,10:09:34,17.73,0.06,10,17730,买盘
215,10:09:37,17.73,0.0,9,15957,买盘
216,10:09:40,17.67,-0.06,34,60126,卖盘
217,10:09:54,17.73,0.06,9,15957,买盘
218,10:09:58,17.68,-0.05,3,5305,卖盘
219,10:10:04,17.73,0.05,2,3546,买盘
220,10:10:09,17.68,-0.05,10,17680,卖盘
221,10:10:40,17.69,0.01,9,15921,卖盘
222,10:11:10,17.69,0.0,6,10614,卖盘
223,10:11:40,17.69,0.0,3,5307,卖盘
224,10:12:07,17.69,0.0,1,1769,卖盘
225,10:12:10,17.69,0.0,26,46074,卖盘
226,10:12:16,17.73,0.04,9,15957,买盘
227,10:12:24,17.75,0.02,8,14200,买盘
228,10:12:28,17.75,0.0,20,35500,买盘
229,10:12:40,17.73,-0.02,20,35460,卖盘
230,10:12:46,17.75,0.02,3,5325,买盘
231,10:12:52,17.74,-0.01,3,5322,中性盘
232,10:13:04,17.74,0.0,2,3548,买盘
233,10:13:10,17.73,-0.01,13,23049,卖盘
234,10:13:13,17.74,0.01,2,3548,买盘
235,10:13:25,17.75,0.01,7,12425,买盘
236,10:13:40,17.75,0.0,7,12425,卖盘
237,10:13:43,17.75,0.0,9,15975,卖盘
238,10:14:00,17.74,-0.01,8,14192,卖盘
239,10:14:06,17.74,0.0,2,3548,卖盘
240,10:14:10,17.73,-0.01,11,19506,卖盘
241,10:14:18,17.75,0.02,4,7100,买盘
242,10:14:31,17.69,-0.06,3,5307,卖盘
243,10:14:40,17.69,0.0,5,8845,卖盘
244,10:14:46,17.69,0.0,8,14152,卖盘
245,10:15:04,17.69,0.0,2,3538,买盘
246,10:15:10,17.68,-0.01,9,15912,卖盘
247,10:15:25,17.69,0.01,8,14152,买盘
248,10:15:40,17.73,0.04,38,67262,买盘
249,10:15:48,17.74,0.01,2,3548,买盘
250,10:15:52,17.74,0.0,5,8870,买盘
251,10:15:54,17.74,0.0,15,26610,卖盘
252,10:16:04,17.74,0.0,1,1774,卖盘
253,10:16:06,17.74,0.0,2,3548,卖盘
254,10:16:25,17.73,-0.01,1,1773,买盘
255,10:16:37,17.69,-0.04,3,5307,卖盘
256,10:16:40,17.69,0.0,5,8845,卖盘
257,10:16:52,17.68,-0.01,3,5306,卖盘
258,10:16:58,17.68,0.0,10,17680,卖盘
259,10:17:10,17.68,0.0,2,3536,卖盘
260,10:17:40,17.68,0.0,5,8840,卖盘
261,10:17:43,17.74,0.06,11,19511,买盘
262,10:17:52,17.74,0.0,5,8870,买盘
263,10:18:04,17.74,0.0,2,3548,买盘
264,10:18:10,17.73,-0.01,9,15957,卖盘
265,10:18:13,17.73,0.0,1,1773,卖盘
266,10:18:16,17.73,0.0,1,1773,卖盘
267,10:18:25,17.73,0.0,1,1773,卖盘
268,10:18:39,17.73,0.0,4,7092,卖盘
269,10:18:46,17.73,0.0,3,5319,卖盘
270,10:18:48,17.74,0.01,3,5322,买盘
271,10:18:51,17.73,-0.01,1,1773,卖盘
272,10:19:04,17.73,0.0,2,3546,买盘
273,10:19:09,17.69,-0.04,6,10614,卖盘
274,10:19:40,17.69,0.0,3,5307,卖盘
275,10:20:07,17.69,0.0,5,8845,卖盘
276,10:20:10,17.68,-0.01,20,35360,卖盘
277,10:20:39,17.67,-0.01,47,83071,卖盘
278,10:20:46,17.68,0.01,14,24749,买盘
279,10:20:55,17.68,0.0,6,10608,卖盘
280,10:21:10,17.67,-0.01,17,30040,卖盘
281,10:21:13,17.67,0.0,12,21204,买盘
282,10:21:18,17.65,-0.02,50,88271,卖盘
283,10:21:40,17.66,0.01,1,1766,卖盘
284,10:21:49,17.65,-0.01,10,17652,卖盘
285,10:21:55,17.65,0.0,2,3530,卖盘
286,10:21:58,17.64,-0.01,1,1764,买盘
287,10:22:01,17.64,0.0,3,5292,买盘
288,10:22:04,17.64,0.0,13,22932,买盘
289,10:22:10,17.64,0.0,5,8820,卖盘
290,10:22:22,17.67,0.03,9,15903,买盘
291,10:22:40,17.65,-0.02,2,3530,卖盘
292,10:22:45,17.65,0.0,1,1765,买盘
293,10:22:54,17.67,0.02,14,24738,买盘
294,10:23:04,17.67,0.0,2,3534,买盘
295,10:23:06,17.67,0.0,33,58311,买盘
296,10:23:10,17.67,0.0,10,17664,买盘
297,10:23:13,17.67,0.0,6,10602,买盘
298,10:23:16,17.67,0.0,6,10602,卖盘
299,10:23:22,17.67,0.0,1,1767,买盘
300,10:23:37,17.67,0.0,1,1767,买盘
301,10:23:39,17.67,0.0,3,5301,卖盘
302,10:23:52,17.69,0.02,1,1769,买盘
303,10:24:04,17.69,0.0,7,12383,买盘
304,10:24:10,17.67,-0.02,3,5301,卖盘
305,10:24:40,17.67,0.0,6,10602,卖盘
306,10:24:52,17.69,0.02,1,1769,买盘
307,10:25:04,17.69,0.0,2,3538,买盘
308,10:25:09,17.67,-0.02,9,15903,卖盘
309,10:25:25,17.69,0.02,2,3538,买盘
310,10:25:40,17.67,-0.02,4,7068,卖盘
311,10:25:43,17.69,0.02,2,3538,买盘
312,10:25:51,17.67,-0.02,12,21220,卖盘
313,10:25:54,17.67,0.0,1,1767,买盘
314,10:26:04,17.67,0.0,2,3534,买盘
315,10:26:10,17.66,-0.01,3,5298,卖盘
316,10:26:39,17.66,0.0,3,5298,卖盘
317,10:26:45,17.66,0.0,1,1766,卖盘
318,10:26:48,17.66,0.0,13,22958,卖盘
319,10:27:10,17.66,0.0,1,1766,卖盘
320,10:27:22,17.66,0.0,2,3532,卖盘
321,10:27:36,17.66,0.0,3,5298,买盘
322,10:27:39,17.65,-0.01,18,31780,卖盘
323,10:27:55,17.6,-0.05,201,354121,卖盘
324,10:28:04,17.6,0.0,2,3520,买盘
325,10:28:10,17.6,0.0,6,10550,买盘
326,10:28:16,17.58,-0.02,16,28142,卖盘
327,10:28:19,17.6,0.02,21,37812,买盘
328,10:28:31,17.6,0.0,1,1760,买盘
329,10:28:33,17.58,-0.02,22,38680,卖盘
330,10:28:37,17.6,0.02,2,3520,买盘
331,10:28:39,17.58,-0.02,5,8794,卖盘
332,10:28:42,17.58,0.0,5,8794,卖盘
333,10:28:46,17.58,0.0,18,31655,买盘
334,10:28:48,17.58,0.0,7,12306,买盘
335,10:28:51,17.68,0.1,105,184461,买盘
336,10:29:04,17.68,0.0,2,3536,买盘
337,10:29:10,17.58,-0.1,37,65046,卖盘
338,10:29:22,17.67,0.09,3,5301,买盘
339,10:29:28,17.58,-0.09,16,28128,卖盘
340,10:29:31,17.58,0.0,1,1758,买盘
341,10:29:34,17.58,0.0,3,5274,买盘
342,10:29:36,17.58,0.0,4,7032,买盘
343,10:29:40,17.58,0.0,16,28128,买盘
344,10:29:43,17.58,0.0,5,8792,卖盘
345,10:29:46,17.6,0.02,9,15840,买盘
346,10:29:49,17.65,0.05,20,35300,买盘
347,10:29:51,17.65,0.0,1,1765,买盘
348,10:30:04,17.65,0.0,2,3530,买盘
349,10:30:22,17.65,0.0,2,3530,买盘
350,10:30:31,17.6,-0.05,3,4400,卖盘
351,10:31:04,17.55,-0.05,61,107140,卖盘
352,10:31:16,17.6,0.05,1,1760,卖盘
353,10:31:21,17.64,0.04,5,8820,买盘
354,10:31:25,17.56,-0.08,3,5272,卖盘
355,10:31:31,17.56,0.0,3,5268,卖盘
356,10:31:34,17.56,0.0,3,5268,卖盘
357,10:31:52,17.63,0.07,1,1763,买盘
358,10:32:04,17.62,-0.01,2,3524,买盘
359,10:32:06,17.56,-0.06,4,7024,卖盘
360,10:32:22,17.62,0.06,3,5286,买盘
361,10:32:52,17.62,0.0,1,1762,买盘
362,10:33:04,17.6,-0.02,2,3520,中性盘
363,10:33:07,17.56,-0.04,3,5268,卖盘
364,10:33:16,17.56,0.0,27,47419,卖盘
365,10:33:18,17.56,0.0,2,3512,买盘
366,10:33:22,17.57,0.01,1,1757,买盘
367,10:33:39,17.6,0.03,1,1760,买盘
368,10:33:45,17.56,-0.04,79,138778,卖盘
369,10:33:52,17.6,0.04,4,7040,买盘
370,10:34:10,17.62,0.02,1,1762,买盘
371,10:34:19,17.6,-0.02,3,5280,卖盘
372,10:34:37,17.6,0.0,3,5280,买盘
373,10:34:45,17.6,0.0,10,17600,买盘
374,10:34:52,17.62,0.02,13,22896,买盘
375,10:35:04,17.62,0.0,2,3524,买盘
376,10:35:34,17.6,-0.02,5,8800,卖盘
377,10:35:36,17.58,-0.02,5,8790,卖盘
378,10:35:51,17.6,0.02,10,17598,买盘
379,10:36:04,17.6,0.0,2,3520,买盘
380,10:36:10,17.6,0.0,5,8800,买盘
381,10:36:37,17.6,0.0,6,10560,买盘
382,10:36:46,17.6,0.0,1,1760,买盘
383,10:36:49,17.56,-0.04,25,43920,卖盘
384,10:37:10,17.6,0.04,1,1760,买盘
385,10:37:13,17.6,0.0,1,1760,买盘
386,10:37:19,17.56,-0.04,69,121392,卖盘
387,10:37:24,17.56,0.0,3,5268,卖盘
388,10:37:52,17.6,0.04,5,8800,买盘
389,10:38:04,17.6,0.0,2,3520,买盘
390,10:38:36,17.55,-0.05,100,175541,卖盘
391,10:38:51,17.55,0.0,34,59670,卖盘
392,10:38:58,17.55,0.0,21,37504,卖盘
393,10:39:04,17.55,0.0,2,3510,买盘
394,10:39:19,17.54,-0.01,3,5262,卖盘
395,10:39:31,17.54,0.0,3,5262,卖盘
396,10:39:37,17.54,0.0,14,24553,买盘
397,10:39:48,17.54,0.0,14,24556,买盘
398,10:39:51,17.55,0.01,1,1755,买盘
399,10:39:55,17.55,0.0,27,47381,买盘
400,10:39:58,17.55,0.0,1,1106,卖盘
401,10:40:18,17.55,0.0,10,17550,卖盘
402,10:40:34,17.53,-0.02,19,33312,卖盘
403,10:41:19,17.53,0.0,1,1753,卖盘
404,10:41:22,17.53,0.0,11,19283,卖盘
405,10:41:25,17.55,0.02,4,7020,买盘
406,10:41:31,17.53,-0.02,10,17530,卖盘
407,10:41:40,17.53,0.0,6,10518,卖盘
408,10:42:04,17.55,0.02,2,3510,买盘
409,10:42:21,17.55,0.0,16,28080,买盘
410,10:42:31,17.55,0.0,10,17550,买盘
411,10:42:34,17.53,-0.02,14,24542,卖盘
412,10:42:40,17.53,0.0,5,8765,卖盘
413,10:42:42,17.55,0.02,1,1755,买盘
414,10:43:04,17.59,0.04,2,3518,买盘
415,10:43:57,17.55,-0.04,11,19305,卖盘
416,10:44:04,17.55,0.0,2,3510,买盘
417,10:44:07,17.53,-0.02,16,28048,卖盘
418,10:44:16,17.55,0.02,1,1755,买盘
419,10:44:22,17.55,0.0,1,1755,买盘
420,10:44:43,17.54,-0.01,10,17540,卖盘
421,10:44:48,17.51,-0.03,60,105144,卖盘
422,10:44:57,17.51,0.0,60,105060,卖盘
423,10:45:01,17.53,0.02,6,10518,卖盘
424,10:45:04,17.53,0.0,62,108510,买盘
425,10:45:10,17.5,-0.03,60,105000,卖盘
426,10:45:13,17.51,0.01,7,12257,买盘
427,10:45:16,17.5,-0.01,15,26250,卖盘
428,10:45:22,17.5,0.0,42,73500,卖盘
429,10:45:25,17.5,0.0,58,101500,卖盘
430,10:45:28,17.5,0.0,4,7000,卖盘
431,10:45:31,17.5,0.0,22,38499,买盘
432,10:45:37,17.48,-0.02,41,71670,卖盘
433,10:45:40,17.41,-0.07,36,62757,卖盘
434,10:45:54,17.4,-0.01,46,80058,卖盘
435,10:46:01,17.41,0.01,9,15666,买盘
436,10:46:04,17.41,0.0,14,24374,买盘
437,10:46:07,17.4,-0.01,9,15660,卖盘
438,10:46:10,17.42,0.02,2,3484,买盘
439,10:46:12,17.42,0.0,2,3484,买盘
440,10:46:15,17.42,0.0,2,3484,买盘
441,10:46:19,17.42,0.0,2,3484,买盘
442,10:46:22,17.42,0.0,46,80129,买盘
443,10:46:25,17.42,0.0,33,57486,买盘
444,10:46:31,17.42,0.0,4,6980,卖盘
445,10:46:46,17.43,0.01,19,33117,卖盘
446,10:46:49,17.43,0.0,5,8715,买盘
447,10:46:58,17.49,0.06,3,5247,买盘
448,10:47:01,17.49,0.0,32,55968,买盘
449,10:47:04,17.49,0.0,12,20991,卖盘
450,10:47:09,17.49,0.0,6,10494,卖盘
451,10:47:28,17.47,-0.02,1,1747,中性盘
452,10:47:31,17.47,0.0,2,3494,中性盘
453,10:47:43,17.44,-0.03,21,36628,卖盘
454,10:47:46,17.45,0.01,1,1745,买盘
455,10:47:51,17.47,0.02,1,1747,买盘
456,10:47:55,17.48,0.01,9,15732,买盘
457,10:48:12,17.49,0.01,6,10494,买盘
458,10:48:16,17.49,0.0,17,29733,卖盘
459,10:48:19,17.5,0.01,40,69993,买盘
460,10:48:31,17.5,0.0,1,1750,买盘
461,10:48:42,17.5,0.0,9,15750,买盘
462,10:48:49,17.5,0.0,6,10500,卖盘
463,10:48:55,17.5,0.0,2,3500,卖盘
464,10:49:04,17.5,0.0,2,3500,买盘
465,10:49:10,17.5,0.0,7,12250,买盘
466,10:49:28,17.52,0.02,3,5256,买盘
467,10:49:46,17.52,0.0,1,1752,买盘
468,10:49:49,17.52,0.0,1,1752,买盘
469,10:50:00,17.53,0.01,1,1753,买盘
470,10:50:04,17.53,0.0,2,3506,买盘
471,10:50:22,17.53,0.0,1,1753,买盘
472,10:50:34,17.52,-0.01,7,12264,卖盘
473,10:51:21,17.53,0.01,3,5259,买盘
474,10:51:37,17.53,0.0,12,21036,买盘
475,10:51:40,17.53,0.0,4,7012,买盘
476,10:51:48,17.52,-0.01,37,64840,卖盘
477,10:52:04,17.52,0.0,2,3504,买盘
478,10:52:55,17.52,0.0,1,1752,买盘
479,10:53:04,17.52,0.0,2,3504,买盘
480,10:53:30,17.52,0.0,3,5256,买盘
481,10:53:49,17.51,-0.01,12,21012,卖盘
482,10:53:58,17.51,0.0,1,1751,买盘
483,10:54:04,17.51,0.0,2,3502,买盘
484,10:54:13,17.51,0.0,2,3502,买盘
485,10:54:16,17.51,0.0,1,1751,买盘
486,10:54:25,17.51,0.0,2,3502,买盘
487,10:54:31,17.51,0.0,3,5253,买盘
488,10:55:10,17.51,0.0,5,8755,卖盘
489,10:55:16,17.52,0.01,10,17520,买盘
490,10:55:22,17.51,-0.01,7,12257,卖盘
491,10:55:27,17.52,0.01,15,26280,买盘
492,10:55:40,17.52,0.0,2,3504,卖盘
493,10:56:04,17.52,0.0,2,3504,卖盘
494,10:56:39,17.53,0.01,6,10518,卖盘
495,10:57:01,17.54,0.01,4,7016,买盘
496,10:57:04,17.54,0.0,2,3508,买盘
497,10:57:34,17.53,-0.01,3,5259,卖盘
498,10:57:43,17.53,0.0,17,29801,卖盘
499,10:57:49,17.53,0.0,20,35060,买盘
500,10:57:58,17.53,0.0,25,43820,买盘
501,10:58:01,17.53,0.0,4,7012,买盘
502,10:58:04,17.53,0.0,22,38566,买盘
503,10:58:28,17.53,0.0,3,5259,买盘
504,10:58:36,17.53,0.0,50,87650,买盘
505,10:58:43,17.53,0.0,3,5259,买盘
506,10:58:46,17.53,0.0,38,66604,买盘
507,10:58:55,17.53,0.0,1,1753,买盘
508,10:59:01,17.53,0.0,4,7012,买盘
509,10:59:04,17.53,0.0,11,19283,买盘
510,10:59:12,17.53,0.0,5,8765,买盘
511,10:59:19,17.52,-0.01,4,7008,卖盘
512,10:59:30,17.53,0.01,6,10518,买盘
513,10:59:58,17.53,0.0,1,1753,买盘
514,11:00:07,17.52,-0.01,4,7008,卖盘
515,11:00:34,17.52,0.0,1,1752,买盘
516,11:01:04,17.52,0.0,1,1752,卖盘
517,11:01:45,17.52,0.0,9,15768,卖盘
518,11:01:54,17.52,0.0,1,1752,买盘
519,11:02:45,17.51,-0.01,1,1751,卖盘
520,11:03:45,17.51,0.0,12,21012,卖盘
521,11:03:55,17.51,0.0,5,8755,买盘
522,11:04:06,17.5,-0.01,6,10500,卖盘
523,11:04:09,17.51,0.01,10,17510,买盘
524,11:04:24,17.5,-0.01,1,1750,卖盘
525,11:04:40,17.5,0.0,2,3500,卖盘
526,11:05:01,17.51,0.01,2,3502,买盘
527,11:05:06,17.5,-0.01,3,5251,卖盘
528,11:05:10,17.5,0.0,10,18375,卖盘
529,11:05:22,17.5,0.0,3,5250,卖盘
530,11:05:46,17.52,0.02,20,35026,买盘
531,11:05:55,17.5,-0.02,3,5250,卖盘
532,11:05:58,17.52,0.02,2,3504,买盘
533,11:06:00,17.52,0.0,1,1752,买盘
534,11:06:09,17.52,0.0,1,1752,买盘
535,11:06:31,17.52,0.0,3,5256,买盘
536,11:07:19,17.53,0.01,12,21036,买盘
537,11:07:48,17.53,0.0,16,28048,买盘
538,11:07:55,17.53,0.0,5,8765,买盘
539,11:08:28,17.53,0.0,3,5259,买盘
540,11:08:43,17.53,0.0,10,17530,卖盘
541,11:09:00,17.54,0.01,2,3508,买盘
542,11:09:33,17.54,0.0,1,1754,买盘
543,11:09:45,17.54,0.0,8,14032,买盘
544,11:10:04,17.55,0.01,1,1755,买盘
545,11:11:04,17.55,0.0,15,26325,买盘
546,11:11:22,17.55,0.0,2,3510,买盘
547,11:11:34,17.55,0.0,2,3510,买盘
548,11:11:54,17.55,0.0,57,100035,买盘
549,11:12:04,17.59,0.04,3,5277,买盘
550,11:12:30,17.59,0.0,1,1759,买盘
551,11:13:04,17.59,0.0,2,3518,买盘
552,11:13:36,17.59,0.0,1,1759,买盘
553,11:14:34,17.59,0.0,2,3518,买盘
554,11:15:04,17.61,0.02,1,1761,买盘
555,11:15:15,17.59,-0.02,3,5277,卖盘
556,11:16:04,17.59,0.0,2,3518,买盘
557,11:16:12,17.57,-0.02,1,1757,卖盘
558,11:16:34,17.59,0.02,3,5277,买盘
559,11:16:46,17.59,0.0,1,1759,买盘
560,11:17:33,17.59,0.0,3,5275,买盘
561,11:18:04,17.59,0.0,1,1759,买盘
562,11:18:13,17.59,0.0,10,17590,买盘
563,11:18:42,17.59,0.0,30,52770,买盘
564,11:19:36,17.61,0.02,1,1761,买盘
565,11:20:46,17.59,-0.02,1,1759,卖盘
566,11:20:49,17.58,-0.01,10,17580,卖盘
567,11:20:54,17.57,-0.01,3,5271,卖盘
568,11:21:01,17.57,0.0,1,1757,卖盘
569,11:21:04,17.57,0.0,5,8785,卖盘
570,11:21:37,17.53,-0.04,40,70172,卖盘
571,11:24:06,17.52,-0.01,9,15794,卖盘
572,11:26:21,17.6,0.08,16,28130,买盘
573,11:26:37,17.6,0.0,2,3520,买盘
574,11:26:40,17.54,-0.06,11,19353,卖盘
575,11:27:10,17.61,0.07,2,3522,买盘
576,11:27:33,17.61,0.0,1,1761,买盘
577,11:27:36,17.6,-0.01,6,10560,买盘
578,11:28:07,17.6,0.0,1,1760,买盘
579,11:28:09,17.55,-0.05,11,19310,卖盘
580,11:28:40,17.6,0.05,1,1760,买盘
581,11:29:13,17.56,-0.04,6,10536,卖盘
582,13:00:39,17.59,0.03,4,7036,买盘
583,13:00:43,17.58,-0.01,4,7032,中性盘
584,13:00:54,17.56,-0.02,10,17560,卖盘
585,13:01:09,17.58,0.02,4,7032,买盘
586,13:01:39,17.58,0.0,2,3516,买盘
587,13:02:33,17.56,-0.02,19,33364,卖盘
588,13:03:22,17.58,0.02,11,19338,买盘
589,13:03:54,17.57,-0.01,1,1757,买盘
590,13:03:57,17.56,-0.01,3,5268,卖盘
591,13:04:18,17.56,0.0,4,7024,买盘
592,13:04:49,17.56,0.0,11,19306,买盘
593,13:04:51,17.55,-0.01,2,3510,卖盘
594,13:05:36,17.54,-0.01,30,52620,卖盘
595,13:05:39,17.54,0.0,3,5262,卖盘
596,13:05:42,17.54,0.0,2,3508,卖盘
597,13:05:45,17.54,0.0,3,5262,卖盘
598,13:05:49,17.53,-0.01,8,14028,卖盘
599,13:08:43,17.53,0.0,39,68367,卖盘
600,13:08:46,17.52,-0.01,5,8760,卖盘
601,13:08:49,17.52,0.0,1,1752,卖盘
602,13:08:52,17.52,0.0,1,1752,卖盘
603,13:08:55,17.52,0.0,2,3504,卖盘
604,13:08:58,17.52,0.0,2,3504,卖盘
605,13:09:00,17.52,0.0,2,3504,卖盘
606,13:09:04,17.52,0.0,5,8760,卖盘
607,13:09:07,17.51,-0.01,7,12257,卖盘
608,13:09:09,17.51,0.0,2,3502,卖盘
609,13:09:12,17.51,0.0,2,3502,卖盘
610,13:09:15,17.51,0.0,3,5253,卖盘
611,13:09:19,17.51,0.0,4,7003,卖盘
612,13:09:22,17.51,0.0,2,3502,卖盘
613,13:09:24,17.51,0.0,1,1751,卖盘
614,13:09:27,17.51,0.0,6,10506,卖盘
615,13:09:30,17.51,0.0,2,3501,买盘
616,13:09:36,17.51,0.0,1,1751,买盘
617,13:10:00,17.51,0.0,15,26265,买盘
618,13:10:04,17.5,-0.01,2,3500,卖盘
619,13:10:07,17.5,0.0,5,8750,卖盘
620,13:10:09,17.51,0.01,4,7004,买盘
621,13:10:40,17.51,0.0,7,12257,卖盘
622,13:11:03,17.49,-0.02,21,35855,买盘
623,13:11:24,17.49,0.0,9,15741,买盘
624,13:11:49,17.49,0.0,22,39352,买盘
625,13:12:54,17.51,0.02,12,21012,买盘
626,13:13:28,17.51,0.0,1,1751,买盘
627,13:13:31,17.51,0.0,28,49028,买盘
628,13:13:33,17.51,0.0,2,3502,买盘
629,13:14:46,17.52,0.01,11,19272,买盘
630,13:15:19,17.52,0.0,19,33288,买盘
631,13:16:22,17.51,-0.01,3,5253,卖盘
632,13:16:24,17.51,0.0,3,5253,卖盘
633,13:16:39,17.51,0.0,1,1751,买盘
634,13:16:52,17.51,0.0,11,19261,买盘
635,13:16:57,17.51,0.0,22,38522,卖盘
636,13:17:09,17.52,0.01,22,38544,买盘
637,13:17:24,17.52,0.0,12,21024,卖盘
638,13:17:36,17.53,0.01,15,26295,买盘
639,13:17:40,17.51,-0.02,28,49046,卖盘
640,13:17:43,17.51,0.0,17,29767,买盘
641,13:17:49,17.53,0.02,20,35060,买盘
642,13:17:52,17.53,0.0,1,1753,买盘
643,13:17:55,17.55,0.02,23,40327,买盘
644,13:18:16,17.6,0.05,7,12320,买盘
645,13:19:07,17.6,0.0,3,5280,买盘
646,13:19:13,17.6,0.0,1,1760,买盘
647,13:20:25,17.58,-0.02,3,5274,中性盘
648,13:21:09,17.59,0.01,8,14072,卖盘
649,13:21:13,17.57,-0.02,5,8788,卖盘
650,13:21:19,17.57,0.0,2,3514,卖盘
651,13:21:21,17.57,0.0,1,1757,中性盘
652,13:21:30,17.56,-0.01,1,1756,卖盘
653,13:23:04,17.58,0.02,10,17580,买盘
654,13:23:43,17.56,-0.02,3,5272,卖盘
655,13:24:58,17.56,0.0,1,1756,买盘
656,13:25:34,17.56,0.0,3,5268,买盘
657,13:26:18,17.56,0.0,1,1756,卖盘
658,13:26:21,17.56,0.0,2,3512,卖盘
659,13:26:24,17.56,0.0,1,1756,卖盘
660,13:26:27,17.56,0.0,2,3512,卖盘
661,13:26:31,17.55,-0.01,2,3510,卖盘
662,13:26:46,17.56,0.01,4,7024,买盘
663,13:26:58,17.55,-0.01,2,3510,买盘
664,13:27:13,17.54,-0.01,1,1754,卖盘
665,13:27:46,17.54,0.0,5,8770,买盘
666,13:27:52,17.53,-0.01,10,17530,卖盘
667,13:28:27,17.53,0.0,10,17530,卖盘
668,13:28:40,17.53,0.0,1,1753,卖盘
669,13:28:46,17.53,0.0,1,1753,买盘
670,13:29:12,17.52,-0.01,2,3504,卖盘
671,13:29:19,17.51,-0.01,5,8755,卖盘
672,13:30:16,17.51,0.0,4,7004,卖盘
673,13:30:39,17.52,0.01,1,1752,买盘
674,13:30:51,17.51,-0.01,10,17510,卖盘
675,13:31:07,17.51,0.0,10,17518,卖盘
676,13:31:46,17.51,0.0,17,29767,卖盘
677,13:32:09,17.51,0.0,2,3502,卖盘
678,13:32:12,17.51,0.0,3,5253,卖盘
679,13:32:16,17.51,0.0,3,5253,卖盘
680,13:32:18,17.51,0.0,5,8755,卖盘
681,13:32:22,17.5,-0.01,2,3500,卖盘
682,13:32:25,17.5,0.0,3,5250,卖盘
683,13:32:28,17.5,0.0,2,3500,卖盘
684,13:32:33,17.5,0.0,6,10500,买盘
685,13:32:39,17.5,0.0,4,7000,卖盘
686,13:32:52,17.51,0.01,11,19261,卖盘
687,13:32:54,17.51,0.0,10,17510,卖盘
688,13:32:58,17.5,-0.01,2,3500,卖盘
689,13:33:04,17.5,0.0,14,24500,卖盘
690,13:33:06,17.5,0.0,1,1750,卖盘
691,13:33:09,17.5,0.0,2,3500,买盘
692,13:33:25,17.5,0.0,4,7000,卖盘
693,13:33:28,17.51,0.01,27,47270,买盘
694,13:33:33,17.51,0.0,5,8755,买盘
695,13:33:37,17.51,0.0,6,10506,买盘
696,13:33:49,17.52,0.01,2,3504,买盘
697,13:33:52,17.52,0.0,2,3504,卖盘
698,13:33:55,17.52,0.0,16,28032,卖盘
699,13:33:58,17.51,-0.01,14,24514,卖盘
700,13:34:00,17.5,-0.01,20,35005,卖盘
701,13:34:06,17.5,0.0,1,1750,卖盘
702,13:34:10,17.5,0.0,1,1750,卖盘
703,13:34:13,17.5,0.0,1,1750,卖盘
704,13:34:34,17.5,0.0,21,36770,卖盘
705,13:34:43,17.51,0.01,5,7880,买盘
706,13:34:55,17.51,0.0,15,27140,卖盘
707,13:35:22,17.49,-0.02,6,10494,卖盘
708,13:35:25,17.48,-0.01,25,43708,卖盘
709,13:35:34,17.46,-0.02,33,57638,卖盘
710,13:35:37,17.46,0.0,36,62856,卖盘
711,13:35:40,17.46,0.0,31,54126,卖盘
712,13:35:48,17.45,-0.01,13,22685,卖盘
713,13:35:51,17.46,0.01,10,17460,买盘
714,13:35:58,17.44,-0.02,2,3488,卖盘
715,13:36:04,17.43,-0.01,17,29656,卖盘
716,13:36:13,17.45,0.02,2,3490,买盘
717,13:36:22,17.45,0.0,8,13960,卖盘
718,13:36:43,17.43,-0.02,10,17430,买盘
719,13:36:49,17.41,-0.02,73,127158,卖盘
720,13:36:52,17.46,0.05,1,1746,买盘
721,13:37:43,17.43,-0.03,12,20916,卖盘
722,13:37:58,17.43,0.0,1,1743,买盘
723,13:38:13,17.42,-0.01,61,106262,卖盘
724,13:38:19,17.42,0.0,29,50518,卖盘
725,13:38:25,17.41,-0.01,17,29598,卖盘
726,13:38:28,17.42,0.01,5,8710,中性盘
727,13:38:31,17.42,0.0,23,40066,卖盘
728,13:38:34,17.42,0.0,8,13936,卖盘
729,13:38:36,17.41,-0.01,9,15669,卖盘
730,13:38:40,17.42,0.01,4,6965,买盘
731,13:38:43,17.41,-0.01,5,8705,卖盘
732,13:38:45,17.41,0.0,46,80086,卖盘
733,13:38:48,17.41,0.0,7,12187,卖盘
734,13:38:54,17.42,0.01,1,1742,买盘
735,13:39:01,17.42,0.0,3,5226,卖盘
736,13:39:24,17.42,0.0,14,24388,卖盘
737,13:39:40,17.42,0.0,5,8710,卖盘
738,13:39:46,17.43,0.01,25,43575,买盘
739,13:39:49,17.43,0.0,8,13944,买盘
740,13:39:52,17.43,0.0,7,12201,买盘
741,13:39:55,17.43,0.0,7,12201,买盘
742,13:39:58,17.43,0.0,6,10458,买盘
743,13:40:01,17.43,0.0,38,66234,买盘
744,13:40:10,17.46,0.03,3,5238,买盘
745,13:41:06,17.46,0.0,1,1746,卖盘
746,13:41:10,17.45,-0.01,2,3490,卖盘
747,13:41:28,17.44,-0.01,3,5232,卖盘
748,13:42:01,17.43,-0.01,2,3486,卖盘
749,13:43:34,17.41,-0.02,99,172426,卖盘
750,13:43:46,17.41,0.0,44,76604,卖盘
751,13:45:13,17.42,0.01,3,5226,卖盘
752,13:45:46,17.4,-0.02,166,289017,卖盘
753,13:45:49,17.43,0.03,10,17430,卖盘
754,13:45:58,17.4,-0.03,24,41766,卖盘
755,13:46:01,17.4,0.0,26,45252,卖盘
756,13:46:04,17.4,0.0,129,224460,卖盘
757,13:46:07,17.4,0.0,5,8700,卖盘
758,13:46:10,17.4,0.0,25,43500,卖盘
759,13:46:13,17.4,0.0,23,40020,卖盘
760,13:46:33,17.38,-0.02,66,114736,卖盘
761,13:46:46,17.38,0.0,46,79952,卖盘
762,13:46:58,17.38,0.0,17,29561,卖盘
763,13:47:09,17.38,0.0,71,123398,卖盘
764,13:47:16,17.39,0.01,4,6956,买盘
765,13:47:18,17.38,-0.01,20,34771,卖盘
766,13:47:28,17.38,0.0,50,86900,卖盘
767,13:47:37,17.38,0.0,30,52140,卖盘
768,13:47:46,17.37,-0.01,20,34754,卖盘
769,13:48:04,17.36,-0.01,12,20832,卖盘
770,13:48:10,17.37,0.01,5,8685,买盘
771,13:48:16,17.35,-0.02,25,43381,卖盘
772,13:48:19,17.36,0.01,13,22568,中性盘
773,13:48:31,17.36,0.0,7,12152,买盘
774,13:48:37,17.35,-0.01,20,34705,卖盘
775,13:48:40,17.35,0.0,5,8675,卖盘
776,13:48:49,17.34,-0.01,35,60691,卖盘
777,13:49:01,17.31,-0.03,20,34621,卖盘
778,13:49:10,17.32,0.01,5,8660,卖盘
779,13:49:13,17.32,0.0,1,1732,卖盘
780,13:49:15,17.34,0.02,1,1734,买盘
781,13:49:25,17.32,-0.02,4,6928,卖盘
782,13:49:31,17.32,0.0,42,72744,卖盘
783,13:49:36,17.32,0.0,5,8660,买盘
784,13:49:40,17.34,0.02,16,27744,买盘
785,13:50:16,17.34,0.0,1,1734,卖盘
786,13:51:31,17.35,0.01,11,19085,卖盘
787,13:51:40,17.34,-0.01,1,1734,卖盘
788,13:52:00,17.35,0.01,27,46845,买盘
789,13:52:04,17.35,0.0,7,12145,买盘
790,13:52:16,17.35,0.0,16,27760,买盘
791,13:52:19,17.35,0.0,24,41640,买盘
792,13:52:22,17.35,0.0,5,8675,买盘
793,13:52:25,17.35,0.0,8,13880,卖盘
794,13:52:28,17.35,0.0,6,10410,买盘
795,13:52:30,17.35,0.0,19,32965,买盘
796,13:52:33,17.35,0.0,4,6940,买盘
797,13:52:39,17.35,0.0,5,8675,买盘
798,13:52:49,17.35,0.0,9,15615,买盘
799,13:52:52,17.35,0.0,2,3470,卖盘
800,13:53:40,17.39,0.04,1,1739,买盘
801,13:53:46,17.35,-0.04,39,67665,卖盘
802,13:54:46,17.36,0.01,14,24304,卖盘
803,13:54:54,17.37,0.01,5,8685,买盘
804,13:54:58,17.35,-0.02,3,5205,卖盘
805,13:55:18,17.35,0.0,21,36459,卖盘
806,13:55:27,17.34,-0.01,38,65920,卖盘
807,13:55:37,17.34,0.0,10,17340,卖盘
808,13:56:16,17.33,-0.01,10,17330,卖盘
809,13:56:19,17.35,0.02,18,31200,买盘
810,13:56:21,17.35,0.0,2,3470,卖盘
811,13:56:34,17.32,-0.03,4,6928,卖盘
812,13:56:37,17.32,0.0,18,31176,卖盘
813,13:56:51,17.32,0.0,21,36372,卖盘
814,13:57:10,17.31,-0.01,54,93486,卖盘
815,13:57:22,17.3,-0.01,56,96880,卖盘
816,13:57:31,17.3,0.0,6,10380,卖盘
817,13:57:43,17.3,0.0,66,114180,卖盘
818,13:57:52,17.29,-0.01,5,8645,卖盘
819,13:58:04,17.29,0.0,16,27664,买盘
820,13:58:15,17.28,-0.01,20,34560,卖盘
821,13:58:19,17.27,-0.01,24,41448,卖盘
822,13:58:36,17.25,-0.02,30,51752,卖盘
823,13:58:40,17.26,0.01,10,17260,卖盘
824,13:59:00,17.25,-0.01,1,1725,卖盘
825,13:59:04,17.25,0.0,16,27600,卖盘
826,13:59:18,17.25,0.0,8,13800,买盘
827,13:59:25,17.25,0.0,1,1725,买盘
828,13:59:31,17.25,0.0,1,1725,买盘
829,13:59:46,17.25,0.0,30,51735,买盘
830,13:59:49,17.24,-0.01,1,1724,卖盘
831,13:59:52,17.25,0.01,3,5175,买盘
832,13:59:57,17.25,0.0,1,1725,买盘
833,14:00:06,17.24,-0.01,3,5173,卖盘
834,14:00:16,17.27,0.03,2,3454,买盘
835,14:00:22,17.27,0.0,3,5181,买盘
836,14:00:25,17.25,-0.02,7,12081,卖盘
837,14:00:36,17.25,0.0,7,12075,卖盘
838,14:00:49,17.26,0.01,20,34512,买盘
839,14:00:52,17.26,0.0,6,9493,买盘
840,14:01:01,17.27,0.01,7,12089,中性盘
841,14:01:09,17.31,0.04,3,5193,买盘
842,14:01:25,17.31,0.0,6,10386,卖盘
843,14:01:37,17.31,0.0,7,12117,卖盘
844,14:01:49,17.31,0.0,8,13851,卖盘
845,14:02:01,17.31,0.0,4,6924,卖盘
846,14:02:13,17.29,-0.02,4,6916,卖盘
847,14:02:25,17.28,-0.01,7,12096,卖盘
848,14:02:40,17.28,0.0,3,5184,卖盘
849,14:02:46,17.28,0.0,3,5184,买盘
850,14:02:52,17.27,-0.01,7,12089,卖盘
851,14:03:01,17.28,0.01,5,8640,卖盘
852,14:03:04,17.28,0.0,3,5184,买盘
853,14:03:16,17.28,0.0,2,3456,卖盘
854,14:03:22,17.28,0.0,3,5184,中性盘
855,14:03:28,17.28,0.0,7,12096,卖盘
856,14:03:34,17.29,0.01,6,10374,中性盘
857,14:03:40,17.29,0.0,7,12103,卖盘
858,14:03:52,17.29,0.0,7,12103,卖盘
859,14:04:04,17.3,0.01,1,1730,卖盘
860,14:04:15,17.3,0.0,7,12110,卖盘
861,14:04:28,17.3,0.0,7,12110,卖盘
862,14:04:39,17.31,0.01,7,12117,卖盘
863,14:04:52,17.35,0.04,9,15587,买盘
864,14:05:04,17.31,-0.04,6,10386,卖盘
865,14:05:13,17.35,0.04,2,3470,买盘
866,14:05:15,17.3,-0.05,2,3461,卖盘
867,14:05:34,17.3,0.0,1,1730,卖盘
868,14:06:07,17.29,-0.01,18,31130,卖盘
869,14:06:10,17.3,0.01,6,10380,买盘
870,14:06:15,17.3,0.0,20,34600,买盘
871,14:06:34,17.3,0.0,1,1730,卖盘
872,14:06:40,17.28,-0.02,24,41472,卖盘
873,14:06:43,17.28,0.0,14,24192,卖盘
874,14:06:52,17.27,-0.01,18,31086,卖盘
875,14:06:54,17.26,-0.01,3,5178,卖盘
876,14:07:07,17.26,0.0,17,29342,卖盘
877,14:07:18,17.26,0.0,7,12082,卖盘
878,14:07:22,17.25,-0.01,49,84525,卖盘
879,14:07:40,17.25,0.0,14,24150,卖盘
880,14:07:43,17.25,0.0,5,8625,卖盘
881,14:07:49,17.26,0.01,15,25890,买盘
882,14:07:58,17.25,-0.01,41,70725,卖盘
883,14:08:07,17.25,0.0,6,10350,买盘
884,14:08:10,17.26,0.01,28,48310,买盘
885,14:08:28,17.24,-0.02,2,3448,卖盘
886,14:08:49,17.25,0.01,5,8625,卖盘
887,14:08:55,17.26,0.01,1,1726,买盘
888,14:09:01,17.26,0.0,1,1726,买盘
889,14:09:06,17.26,0.0,1,1726,买盘
890,14:09:13,17.26,0.0,3,5178,卖盘
891,14:09:16,17.3,0.04,15,25942,买盘
892,14:09:40,17.29,-0.01,5,8645,买盘
893,14:09:58,17.29,0.0,5,8645,卖盘
894,14:10:46,17.26,-0.03,3,5178,卖盘
895,14:11:24,17.26,0.0,8,13808,卖盘
896,14:11:46,17.26,0.0,26,44882,卖盘
897,14:11:52,17.26,0.0,6,10356,买盘
898,14:11:54,17.26,0.0,5,8630,买盘
899,14:11:58,17.25,-0.01,40,69000,卖盘
900,14:12:04,17.26,0.01,4,6904,买盘
901,14:12:10,17.25,-0.01,31,53477,卖盘
902,14:12:22,17.25,0.0,10,17250,买盘
903,14:12:25,17.25,0.0,4,6900,买盘
904,14:12:28,17.25,0.0,3,5175,买盘
905,14:12:31,17.25,0.0,2,3450,买盘
906,14:12:37,17.26,0.01,25,43150,买盘
907,14:12:43,17.26,0.0,1,1726,卖盘
908,14:12:46,17.26,0.0,7,12082,买盘
909,14:12:55,17.26,0.0,7,12082,卖盘
910,14:13:06,17.26,0.0,8,13808,卖盘
911,14:13:18,17.26,0.0,7,12082,卖盘
912,14:13:25,17.28,0.02,10,17280,买盘
913,14:13:30,17.26,-0.02,2,3452,卖盘
914,14:13:43,17.26,0.0,7,12082,卖盘
915,14:13:54,17.28,0.02,11,18990,买盘
916,14:14:07,17.26,-0.02,122,210613,卖盘
917,14:14:19,17.26,0.0,7,12082,卖盘
918,14:14:42,17.26,0.0,4,6904,卖盘
919,14:14:55,17.25,-0.01,7,12075,卖盘
920,14:15:07,17.25,0.0,5,8625,卖盘
921,14:15:13,17.25,0.0,2,3450,买盘
922,14:15:21,17.26,0.01,7,12082,卖盘
923,14:15:25,17.26,0.0,2,3452,卖盘
924,14:15:34,17.26,0.0,1,1726,卖盘
925,14:15:46,17.26,0.0,7,12082,卖盘
926,14:15:51,17.26,0.0,3,5178,卖盘
927,14:15:58,17.25,-0.01,7,12075,卖盘
928,14:16:10,17.25,0.0,4,6900,卖盘
929,14:16:22,17.24,-0.01,11,18964,卖盘
930,14:16:33,17.24,0.0,6,10344,卖盘
931,14:16:46,17.24,0.0,5,8620,卖盘
932,14:16:55,17.23,-0.01,20,34460,卖盘
933,14:16:58,17.23,0.0,4,6892,卖盘
934,14:17:06,17.23,0.0,4,6892,买盘
935,14:17:10,17.22,-0.01,7,12054,卖盘
936,14:17:22,17.22,0.0,1,1722,卖盘
937,14:17:34,17.21,-0.01,7,12047,卖盘
938,14:17:46,17.21,0.0,9,15489,卖盘
939,14:17:49,17.21,0.0,1,1721,买盘
940,14:18:12,17.22,0.01,3,5166,卖盘
941,14:18:28,17.21,-0.01,10,17210,卖盘
942,14:18:31,17.22,0.01,51,87822,买盘
943,14:18:34,17.25,0.03,6,10350,买盘
944,14:18:43,17.22,-0.03,4,6888,卖盘
945,14:18:52,17.22,0.0,1,1722,卖盘
946,14:19:04,17.23,0.01,2,3446,卖盘
947,14:19:16,17.22,-0.01,2,3444,卖盘
948,14:19:25,17.23,0.01,7,12061,买盘
949,14:19:28,17.23,0.0,21,36183,买盘
950,14:20:13,17.25,0.02,6,10350,买盘
951,14:20:22,17.26,0.01,3,5178,买盘
952,14:20:25,17.26,0.0,3,5178,卖盘
953,14:20:28,17.26,0.0,1,1726,卖盘
954,14:21:04,17.28,0.02,1,1728,卖盘
955,14:21:12,17.27,-0.01,10,17270,卖盘
956,14:21:16,17.26,-0.01,7,12087,卖盘
957,14:21:46,17.26,0.0,1,1726,卖盘
958,14:21:57,17.27,0.01,10,17270,卖盘
959,14:22:13,17.26,-0.01,8,13808,卖盘
960,14:22:15,17.31,0.05,23,39804,买盘
961,14:22:22,17.25,-0.06,6,10370,卖盘
962,14:24:07,17.26,0.01,9,15534,卖盘
963,14:25:04,17.26,0.0,20,34520,卖盘
964,14:26:31,17.29,0.03,26,44954,买盘
965,14:26:34,17.29,0.0,12,20748,买盘
966,14:26:51,17.29,0.0,2,3458,买盘
967,14:27:16,17.29,0.0,3,5187,卖盘
968,14:28:07,17.3,0.01,7,12110,买盘
969,14:28:10,17.29,-0.01,5,8645,卖盘
970,14:28:19,17.28,-0.01,20,34560,卖盘
971,14:28:24,17.28,0.0,11,19872,卖盘
972,14:28:31,17.29,0.01,3,5187,卖盘
973,14:28:40,17.28,-0.01,35,59616,卖盘
974,14:29:01,17.27,-0.01,23,39721,卖盘
975,14:29:22,17.26,-0.01,20,34520,卖盘
976,14:29:40,17.26,0.0,6,10356,卖盘
977,14:29:58,17.26,0.0,7,12082,卖盘
978,14:30:04,17.25,-0.01,23,39675,卖盘
979,14:30:15,17.25,0.0,5,8625,卖盘
980,14:30:58,17.25,0.0,20,34500,卖盘
981,14:31:10,17.25,0.0,3,5175,卖盘
982,14:31:19,17.24,-0.01,1,1724,卖盘
983,14:31:28,17.23,-0.01,5,8615,卖盘
984,14:31:46,17.22,-0.01,20,34440,卖盘
985,14:32:16,17.22,0.0,6,10328,买盘
986,14:32:25,17.21,-0.01,13,22373,卖盘
987,14:32:31,17.17,-0.04,451,774787,卖盘
988,14:32:37,17.17,0.0,1,1717,买盘
989,14:32:51,17.17,0.0,14,24038,买盘
990,14:33:07,17.17,0.0,2,3434,买盘
991,14:33:13,17.17,0.0,8,13736,买盘
992,14:33:15,17.17,0.0,20,34340,买盘
993,14:33:25,17.15,-0.02,11,18869,卖盘
994,14:33:37,17.17,0.02,6,10302,卖盘
995,14:33:46,17.17,0.0,18,30906,买盘
996,14:33:48,17.16,-0.01,10,17165,卖盘
997,14:33:51,17.17,0.01,10,17170,买盘
998,14:33:58,17.17,0.0,3,5151,买盘
999,14:34:07,17.17,0.0,13,22321,买盘
1000,14:34:09,17.18,0.01,1,1718,买盘
1001,14:34:21,17.17,-0.01,28,48076,卖盘
1002,14:34:25,17.22,0.05,22,37864,买盘
1003,14:34:36,17.22,0.0,2,3444,买盘
1004,14:34:58,17.21,-0.01,3,5163,卖盘
1005,14:35:07,17.22,0.01,4,6888,买盘
1006,14:35:19,17.23,0.01,1,1723,卖盘
1007,14:35:28,17.25,0.02,13,22415,买盘
1008,14:35:31,17.25,0.0,8,13797,买盘
1009,14:35:37,17.25,0.0,4,6900,买盘
1010,14:35:40,17.25,0.0,5,8625,买盘
1011,14:35:55,17.26,0.01,3,5178,买盘
1012,14:36:00,17.27,0.01,5,8635,买盘
1013,14:36:04,17.27,0.0,5,8635,买盘
1014,14:36:07,17.28,0.01,4,6912,买盘
1015,14:36:09,17.26,-0.02,32,55247,卖盘
1016,14:36:13,17.26,0.0,3,5178,买盘
1017,14:36:16,17.26,0.0,3,5178,买盘
1018,14:36:19,17.25,-0.01,5,8625,卖盘
1019,14:36:37,17.24,-0.01,5,8620,卖盘
1020,14:36:40,17.22,-0.02,40,68915,卖盘
1021,14:37:07,17.16,-0.06,17,29190,卖盘
1022,14:37:33,17.18,0.02,5,8590,卖盘
1023,14:37:49,17.16,-0.02,23,39468,卖盘
1024,14:37:58,17.16,0.0,2,3432,卖盘
1025,14:38:01,17.16,0.0,15,25740,卖盘
1026,14:38:37,17.15,-0.01,64,109800,卖盘
1027,14:38:39,17.15,0.0,3,5145,买盘
1028,14:38:55,17.14,-0.01,10,17140,买盘
1029,14:38:58,17.13,-0.01,29,49677,卖盘
1030,14:39:04,17.12,-0.01,15,25680,卖盘
1031,14:39:10,17.02,-0.1,129,220401,卖盘
1032,14:39:19,17.02,0.0,7,11914,卖盘
1033,14:39:22,17.01,-0.01,11,18718,卖盘
1034,14:39:31,17.02,0.01,10,17020,卖盘
1035,14:39:43,17.02,0.0,2,3404,卖盘
1036,14:39:49,17.02,0.0,15,25532,卖盘
1037,14:39:52,17.1,0.08,9,15390,买盘
1038,14:39:55,17.03,-0.07,3,5109,卖盘
1039,14:40:01,17.02,-0.01,16,27239,卖盘
1040,14:40:04,17.02,0.0,9,15318,买盘
1041,14:40:13,17.01,-0.01,59,100391,卖盘
1042,14:40:16,17.02,0.01,1,1702,卖盘
1043,14:40:19,17.02,0.0,4,6808,卖盘
1044,14:40:40,17.02,0.0,22,37436,卖盘
1045,14:40:42,17.01,-0.01,15,25515,卖盘
1046,14:40:46,17.02,0.01,14,23828,买盘
1047,14:40:52,17.09,0.07,23,39307,买盘
1048,14:40:57,17.02,-0.07,10,17069,卖盘
1049,14:41:10,17.09,0.07,50,85470,卖盘
1050,14:41:16,17.09,0.0,10,17090,买盘
1051,14:41:19,17.09,0.0,2,3418,买盘
1052,14:41:22,17.1,0.01,1,1710,买盘
1053,14:41:34,17.13,0.03,2,3426,买盘
1054,14:41:43,17.13,0.0,4,6852,买盘
1055,14:41:49,17.13,0.0,6,10278,卖盘
1056,14:41:52,17.13,0.0,10,17130,买盘
1057,14:42:01,17.09,-0.04,27,46148,卖盘
1058,14:42:04,17.09,0.0,1,1709,买盘
1059,14:42:22,17.08,-0.01,12,20497,中性盘
1060,14:42:28,17.09,0.01,10,17081,买盘
1061,14:42:31,17.09,0.0,5,8545,买盘
1062,14:42:34,17.03,-0.06,17,28954,卖盘
1063,14:42:37,17.05,0.02,16,27330,卖盘
1064,14:42:40,17.04,-0.01,16,27241,买盘
1065,14:42:43,17.04,0.0,1,1704,买盘
1066,14:42:58,17.02,-0.02,18,30636,卖盘
1067,14:43:01,17.01,-0.01,43,73167,卖盘
1068,14:43:06,17.02,0.01,10,17020,买盘
1069,14:43:18,17.03,0.01,2,3406,买盘
1070,14:43:25,17.02,-0.01,27,45962,卖盘
1071,14:43:31,17.04,0.02,20,34044,买盘
1072,14:43:43,17.02,-0.02,12,20424,买盘
1073,14:43:45,17.02,0.0,5,8510,买盘
1074,14:43:55,17.04,0.02,6,10224,买盘
1075,14:44:01,17.04,0.0,1,1704,买盘
1076,14:44:07,17.04,0.0,88,149952,买盘
1077,14:44:40,17.04,0.0,68,115873,卖盘
1078,14:44:55,17.03,-0.01,18,30669,卖盘
1079,14:45:04,17.04,0.01,5,8520,买盘
1080,14:45:07,17.04,0.0,38,64692,买盘
1081,14:45:19,17.04,0.0,2,3408,买盘
1082,14:45:22,17.03,-0.01,2,3406,卖盘
1083,14:45:34,17.03,0.0,29,49359,买盘
1084,14:45:52,17.03,0.0,1,1703,买盘
1085,14:45:55,17.03,0.0,10,17030,买盘
1086,14:45:58,17.02,-0.01,25,42559,卖盘
1087,14:46:06,17.0,-0.02,23,39121,卖盘
1088,14:46:13,17.03,0.03,13,22139,卖盘
1089,14:46:16,17.03,0.0,8,13624,卖盘
1090,14:46:19,17.0,-0.03,153,260127,卖盘
1091,14:46:21,17.0,0.0,15,25500,买盘
1092,14:46:28,17.03,0.03,3,5106,买盘
1093,14:46:34,16.99,-0.04,17,28883,卖盘
1094,14:46:43,16.98,-0.01,18,30564,卖盘
1095,14:46:48,16.99,0.01,15,25476,买盘
1096,14:47:07,16.97,-0.02,27,45826,卖盘
1097,14:47:22,16.97,0.0,85,144245,卖盘
1098,14:47:34,16.98,0.01,31,52612,买盘
1099,14:47:40,16.98,0.0,5,8490,买盘
1100,14:47:43,16.96,-0.02,27,45802,卖盘
1101,14:47:46,16.98,0.02,10,16980,买盘
1102,14:48:00,16.95,-0.03,205,347544,卖盘
1103,14:48:10,16.95,0.0,24,40680,卖盘
1104,14:48:16,16.98,0.03,1,1698,买盘
1105,14:48:22,16.97,-0.01,1,1697,卖盘
1106,14:48:31,16.95,-0.02,20,33900,卖盘
1107,14:48:58,16.95,0.0,15,25425,卖盘
1108,14:49:01,16.95,0.0,10,16950,卖盘
1109,14:49:04,16.98,0.03,10,16980,买盘
1110,14:49:10,16.95,-0.03,6,10170,卖盘
1111,14:49:33,16.96,0.01,2,3392,中性盘
1112,14:49:46,16.98,0.02,10,16980,买盘
1113,14:50:01,16.97,-0.01,2,3394,中性盘
1114,14:50:06,16.97,0.0,1,1697,买盘
1115,14:50:09,16.98,0.01,20,33946,买盘
1116,14:50:22,16.98,0.0,8,13584,买盘
1117,14:50:24,16.97,-0.01,48,81456,卖盘
1118,14:50:28,16.97,0.0,2,3394,买盘
1119,14:50:31,16.97,0.0,6,10182,买盘
1120,14:50:34,16.97,0.0,14,23754,买盘
1121,14:50:37,16.97,0.0,1,1697,买盘
1122,14:50:40,16.98,0.01,3,5094,买盘
1123,14:50:58,16.98,0.0,2,3396,买盘
1124,14:51:04,16.98,0.0,2,3396,卖盘
1125,14:51:16,16.98,0.0,3,5094,卖盘
1126,14:51:21,16.98,0.0,8,13584,买盘
1127,14:51:31,16.98,0.0,4,6792,买盘
1128,14:51:34,16.98,0.0,14,23772,买盘
1129,14:51:37,16.98,0.0,1,1698,买盘
1130,14:51:40,16.98,0.0,11,18678,买盘
1131,14:51:43,16.98,0.0,30,50940,买盘
1132,14:51:49,16.99,0.01,103,174997,买盘
1133,14:51:52,16.99,0.0,12,20388,买盘
1134,14:51:58,16.99,0.0,12,20388,买盘
1135,14:52:28,17.0,0.01,5,8500,卖盘
1136,14:52:30,17.0,0.0,2,3400,卖盘
1137,14:52:33,17.0,0.0,3,5100,买盘
1138,14:52:40,17.0,0.0,1,1700,买盘
1139,14:53:01,17.03,0.03,10,17030,买盘
1140,14:53:04,17.0,-0.03,21,35700,卖盘
1141,14:53:06,17.0,0.0,1,1700,卖盘
1142,14:53:31,17.03,0.03,5,8515,买盘
1143,14:53:43,17.02,-0.01,5,8510,卖盘
1144,14:53:49,17.03,0.01,12,20431,买盘
1145,14:53:58,17.0,-0.03,31,52700,卖盘
1146,14:54:00,17.0,0.0,8,13600,买盘
1147,14:54:04,17.0,0.0,1,1700,买盘
1148,14:54:07,17.0,0.0,6,10200,买盘
1149,14:54:13,17.0,0.0,13,22090,买盘
1150,14:54:16,16.99,-0.01,3,5097,中性盘
1151,14:54:27,16.98,-0.01,9,15282,卖盘
1152,14:54:31,16.98,0.0,16,27168,卖盘
1153,14:54:33,16.98,0.0,3,5094,卖盘
1154,14:54:40,16.99,0.01,5,8495,买盘
1155,14:54:46,16.99,0.0,11,18689,买盘
1156,14:54:49,16.98,-0.01,20,33960,卖盘
1157,14:54:52,16.98,0.0,20,33960,卖盘
1158,14:54:55,16.99,0.01,1,1699,买盘
1159,14:55:01,16.99,0.0,5,8495,买盘
1160,14:55:13,16.99,0.0,31,52669,买盘
1161,14:55:16,16.99,0.0,20,33980,买盘
1162,14:55:19,16.99,0.0,4,6796,买盘
1163,14:55:25,16.99,0.0,32,54368,卖盘
1164,14:55:27,17.0,0.01,21,35685,买盘
1165,14:55:31,16.99,-0.01,10,16990,卖盘
1166,14:55:49,16.99,0.0,5,8495,卖盘
1167,14:55:52,16.98,-0.01,11,18688,卖盘
1168,14:55:55,16.99,0.01,5,8495,中性盘
1169,14:56:04,16.99,0.0,1,1699,买盘
1170,14:56:09,16.99,0.0,2,3398,卖盘
1171,14:56:19,16.99,0.0,2,3398,买盘
1172,14:56:25,16.98,-0.01,15,25472,卖盘
1173,14:56:31,16.98,0.0,16,27168,卖盘
1174,14:56:34,16.98,0.0,17,28866,卖盘
1175,14:56:46,16.98,0.0,5,8490,买盘
1176,14:56:52,16.97,-0.01,9,15273,卖盘
1177,14:56:55,16.98,0.01,7,11886,买盘
1178,14:57:00,16.97,-0.01,10,16970,卖盘
1179,15:00:04,16.96,-0.01,250,424000,卖盘
