,time,price,change,volume,amount,type
0,09:25:04,4.81,0.02,158,75998,卖盘
1,09:30:04,4.82,0.01,266,128000,买盘
2,09:30:07,4.82,0.0,93,44783,买盘
3,09:30:10,4.83,0.01,49,23633,买盘
4,09:30:13,4.82,-0.01,34,16388,卖盘
5,09:30:16,4.82,0.0,11,5302,卖盘
6,09:30:19,4.83,0.01,122,58926,买盘
7,09:30:22,4.83,0.0,54,26082,买盘
8,09:30:25,4.83,0.0,5,2415,买盘
9,09:30:28,4.82,-0.01,5,2410,卖盘
10,09:30:33,4.83,0.01,162,78246,买盘
11,09:30:40,4.83,0.0,16,7728,买盘
12,09:30:48,4.83,0.0,23,11096,买盘
13,09:31:01,4.83,0.0,12,5796,买盘
14,09:31:04,4.83,0.0,66,31828,买盘
15,09:31:10,4.82,-0.01,57,27474,卖盘
16,09:31:19,4.83,0.01,57,27531,买盘
17,09:31:22,4.82,-0.01,5,2410,卖盘
18,09:31:25,4.83,0.01,31,14973,买盘
19,09:31:31,4.82,-0.01,50,24100,卖盘
20,09:31:34,4.83,0.01,59,28497,买盘
21,09:31:36,4.82,-0.01,1,482,卖盘
22,09:31:40,4.83,0.01,18,8683,买盘
23,09:31:43,4.83,0.0,37,17871,买盘
24,09:31:46,4.82,-0.01,62,29886,卖盘
25,09:31:52,4.82,0.0,79,38078,卖盘
26,09:31:55,4.82,0.0,105,50610,卖盘
27,09:31:58,4.82,0.0,16,7712,卖盘
28,09:32:01,4.83,0.01,55,26519,买盘
29,09:32:07,4.82,-0.01,142,68444,卖盘
30,09:32:13,4.82,0.0,46,22172,卖盘
31,09:32:16,4.82,0.0,53,25583,卖盘
32,09:32:19,4.82,0.0,32,15424,卖盘
33,09:32:21,4.82,0.0,21,10133,卖盘
34,09:32:25,4.83,0.01,50,24150,买盘
35,09:32:28,4.83,0.0,80,38610,买盘
36,09:32:30,4.82,-0.01,4,1928,卖盘
37,09:32:40,4.82,0.0,44,21208,卖盘
38,09:32:43,4.83,0.01,123,59325,买盘
39,09:32:48,4.83,0.0,132,63756,买盘
40,09:32:54,4.83,0.0,18,8694,买盘
41,09:32:57,4.83,0.0,18,8694,买盘
42,09:33:01,4.83,0.0,72,34776,买盘
43,09:33:06,4.83,0.0,10,4830,买盘
44,09:33:10,4.83,0.0,12,5796,买盘
45,09:33:13,4.83,0.0,45,21735,买盘
46,09:33:16,4.82,-0.01,14,6761,卖盘
47,09:33:27,4.82,0.0,213,102866,卖盘
48,09:33:34,4.83,0.01,64,30912,买盘
49,09:33:43,4.83,0.0,7,3381,买盘
50,09:33:52,4.82,-0.01,64,30848,卖盘
51,09:33:55,4.82,0.0,11,5302,卖盘
52,09:33:58,4.82,0.0,46,22172,卖盘
53,09:34:01,4.83,0.01,48,23149,买盘
54,09:34:06,4.83,0.0,35,16905,买盘
55,09:34:10,4.82,-0.01,100,48200,卖盘
56,09:34:19,4.82,0.0,26,12532,卖盘
57,09:34:22,4.83,0.01,2,966,买盘
58,09:34:25,4.82,-0.01,14,6748,卖盘
59,09:34:28,4.82,0.0,4,1928,卖盘
60,09:34:31,4.82,0.0,130,62660,卖盘
61,09:34:34,4.82,0.0,28,13496,卖盘
62,09:34:36,4.82,0.0,85,41000,卖盘
63,09:34:40,4.83,0.01,45,21692,买盘
64,09:34:43,4.82,-0.01,148,71338,卖盘
65,09:34:49,4.83,0.01,35,16876,买盘
66,09:34:51,4.82,-0.01,516,248712,卖盘
67,09:34:55,4.82,0.0,22,10604,买盘
68,09:34:58,4.82,0.0,23,11086,卖盘
69,09:35:00,4.82,0.0,2,964,买盘
70,09:35:13,4.82,0.0,1,482,买盘
71,09:35:19,4.82,0.0,100,48200,买盘
72,09:35:25,4.81,-0.01,26,12506,卖盘
73,09:35:37,4.82,0.01,4,1928,买盘
74,09:35:42,4.81,-0.01,201,96681,卖盘
75,09:35:55,4.82,0.01,4,1928,买盘
76,09:36:04,4.82,0.0,78,37596,买盘
77,09:36:06,4.82,0.0,3,1446,买盘
78,09:36:12,4.82,0.0,101,48682,买盘
79,09:36:16,4.82,0.0,14,6748,买盘
80,09:36:21,4.82,0.0,2,964,买盘
81,09:36:25,4.82,0.0,11,5302,买盘
82,09:36:36,4.81,-0.01,18,8664,卖盘
83,09:36:39,4.82,0.01,204,98328,买盘
84,09:36:43,4.81,-0.01,70,33686,卖盘
85,09:36:46,4.81,0.0,218,104916,卖盘
86,09:36:49,4.82,0.01,40,19280,买盘
87,09:36:55,4.82,0.0,30,14460,买盘
88,09:37:01,4.82,0.0,80,38560,买盘
89,09:37:04,4.81,-0.01,136,65416,卖盘
90,09:37:16,4.82,0.01,1,482,买盘
91,09:37:25,4.82,0.0,9,4338,买盘
92,09:37:27,4.82,0.0,55,26500,买盘
93,09:37:30,4.82,0.0,1,482,买盘
94,09:37:33,4.82,0.0,49,23618,买盘
95,09:37:37,4.81,-0.01,16,7696,卖盘
96,09:37:40,4.82,0.01,54,26028,买盘
97,09:37:45,4.81,-0.01,7,3367,卖盘
98,09:37:49,4.82,0.01,1,482,买盘
99,09:37:51,4.82,0.0,108,52056,买盘
100,09:37:54,4.82,0.0,18,8676,买盘
101,09:37:58,4.82,0.0,59,28418,买盘
102,09:38:01,4.81,-0.01,19,9157,卖盘
103,09:38:04,4.82,0.01,65,31330,买盘
104,09:38:07,4.82,0.0,1,482,买盘
105,09:38:15,4.82,0.0,270,130140,买盘
106,09:38:19,4.82,0.0,287,138334,买盘
107,09:38:22,4.82,0.0,43,20726,买盘
108,09:38:25,4.82,0.0,50,24100,买盘
109,09:38:28,4.82,0.0,93,44916,卖盘
110,09:38:34,4.83,0.01,65,31395,买盘
111,09:38:37,4.83,0.0,1,483,买盘
112,09:38:40,4.83,0.0,51,24633,买盘
113,09:38:43,4.83,0.0,32,15449,买盘
114,09:38:54,4.83,0.0,17,8211,买盘
115,09:39:00,4.83,0.0,1,483,买盘
116,09:39:04,4.83,0.0,6,2898,买盘
117,09:39:10,4.83,0.0,1,483,买盘
118,09:39:13,4.83,0.0,200,96600,买盘
119,09:39:25,4.83,0.0,1,483,买盘
120,09:39:31,4.83,0.0,100,48300,买盘
121,09:39:34,4.83,0.0,55,26565,买盘
122,09:39:40,4.83,0.0,311,150213,买盘
123,09:39:43,4.83,0.0,20,9660,买盘
124,09:39:46,4.83,0.0,22,10626,买盘
125,09:39:49,4.83,0.0,3,1449,买盘
126,09:39:52,4.83,0.0,345,166630,买盘
127,09:39:55,4.83,0.0,2,966,卖盘
128,09:39:58,4.83,0.0,5,2415,卖盘
129,09:40:00,4.84,0.01,1,484,买盘
130,09:40:04,4.84,0.0,195,94373,买盘
131,09:40:16,4.84,0.0,165,79860,买盘
132,09:40:19,4.83,-0.01,1,483,卖盘
133,09:40:31,4.84,0.01,1,484,买盘
134,09:40:33,4.84,0.0,64,30976,买盘
135,09:40:37,4.84,0.0,107,51688,买盘
136,09:40:40,4.84,0.0,86,41620,买盘
137,09:40:43,4.83,-0.01,35,16910,卖盘
138,09:40:48,4.83,0.0,2,967,卖盘
139,09:41:04,4.84,0.01,1,484,买盘
140,09:41:07,4.84,0.0,1,484,买盘
141,09:41:13,4.84,0.0,1,484,买盘
142,09:41:16,4.83,-0.01,18,8694,卖盘
143,09:41:19,4.83,0.0,102,49302,卖盘
144,09:41:22,4.83,0.0,27,13044,卖盘
145,09:41:25,4.84,0.01,37,17908,买盘
146,09:41:28,4.83,-0.01,294,142052,卖盘
147,09:41:31,4.83,0.0,254,122682,卖盘
148,09:41:34,4.83,0.0,31,14973,卖盘
149,09:41:36,4.83,0.0,58,28014,卖盘
150,09:41:40,4.83,0.0,12,5796,卖盘
151,09:41:43,4.84,0.01,360,174080,买盘
152,09:41:46,4.83,-0.01,44,21267,卖盘
153,09:41:49,4.83,0.0,30,14490,卖盘
154,09:41:54,4.83,0.0,15,7245,卖盘
155,09:42:04,4.84,0.01,20,9680,买盘
156,09:42:06,4.83,-0.01,70,33810,卖盘
157,09:42:10,4.84,0.01,1,484,买盘
158,09:42:15,4.83,-0.01,307,148581,卖盘
159,09:42:22,4.83,0.0,1,483,卖盘
160,09:42:24,4.84,0.01,1,484,买盘
161,09:42:31,4.83,-0.01,205,99215,卖盘
162,09:42:34,4.84,0.01,56,27104,买盘
163,09:42:39,4.84,0.0,1,484,买盘
164,09:42:49,4.84,0.0,26,12584,买盘
165,09:42:58,4.84,0.0,1,484,买盘
166,09:43:04,4.84,0.0,70,33880,买盘
167,09:43:10,4.84,0.0,211,102124,买盘
168,09:43:13,4.84,0.0,30,14520,买盘
169,09:43:16,4.84,0.0,1,484,买盘
170,09:43:21,4.83,-0.01,6,3334,卖盘
171,09:43:24,4.84,0.01,45,21780,买盘
172,09:43:31,4.84,0.0,2,687,买盘
173,09:43:33,4.84,0.0,72,34788,买盘
174,09:43:46,4.83,0.0,2,856,卖盘
175,09:43:49,4.83,0.0,3,1449,卖盘
176,09:43:52,4.83,0.0,1,353,卖盘
177,09:43:55,4.83,0.0,4,1932,卖盘
178,09:44:00,4.83,0.0,2,980,卖盘
179,09:44:04,4.83,0.0,2,928,卖盘
180,09:44:06,4.84,0.01,7,3388,买盘
181,09:44:10,4.83,-0.01,11,5096,卖盘
182,09:44:13,4.83,0.0,50,24150,卖盘
183,09:44:19,4.83,0.0,3,1372,卖盘
184,09:44:22,4.83,0.0,11,5139,卖盘
185,09:44:25,4.83,0.0,1,798,卖盘
186,09:44:34,4.84,0.01,56,27086,买盘
187,09:44:37,4.83,-0.01,1,382,卖盘
188,09:44:40,4.83,0.0,81,39092,卖盘
189,09:44:46,4.83,0.0,200,96387,卖盘
190,09:44:49,4.83,0.0,201,97291,卖盘
191,09:44:52,4.83,0.0,51,24634,卖盘
192,09:45:01,4.83,0.0,72,34617,卖盘
193,09:45:04,4.84,0.01,62,30008,买盘
194,09:45:06,4.83,-0.01,38,18429,卖盘
195,09:45:09,4.84,0.01,91,43992,买盘
196,09:45:13,4.83,-0.01,2,1005,卖盘
197,09:45:16,4.83,0.0,1,353,卖盘
198,09:45:18,4.84,0.01,13,6292,买盘
199,09:45:24,4.83,0.0,93,44742,卖盘
200,09:45:28,4.83,0.0,16,7946,卖盘
201,09:45:31,4.83,0.0,797,384579,卖盘
202,09:45:33,4.83,0.0,39,18837,买盘
203,09:45:49,4.82,0.0,1,496,卖盘
204,09:45:52,4.82,0.0,22,10504,卖盘
205,09:45:55,4.83,0.01,3,1449,买盘
206,09:46:04,4.82,0.0,37,17660,卖盘
207,09:46:07,4.82,0.0,14,6565,卖盘
208,09:46:10,4.82,0.0,66,31812,卖盘
209,09:46:13,4.82,0.0,1,545,卖盘
210,09:46:19,4.83,0.01,171,82534,买盘
211,09:46:25,4.82,-0.01,1,795,卖盘
212,09:46:28,4.82,0.0,1,251,卖盘
213,09:46:31,4.82,0.0,1,660,卖盘
214,09:46:34,4.82,0.0,1,231,卖盘
215,09:46:36,4.82,0.0,1,824,卖盘
216,09:46:46,4.83,0.01,54,26082,买盘
217,09:46:52,4.83,0.0,54,26082,买盘
218,09:46:55,4.83,0.0,77,37168,买盘
219,09:47:00,4.82,-0.01,212,102384,卖盘
220,09:47:06,4.82,0.0,155,74806,卖盘
221,09:47:10,4.83,0.01,115,55445,买盘
222,09:47:13,4.83,0.0,17,8211,卖盘
223,09:47:15,4.83,0.0,9,4395,卖盘
224,09:47:18,4.83,0.0,5,2415,买盘
225,09:47:22,4.82,-0.01,4,1830,卖盘
226,09:47:34,4.83,0.01,38,18184,买盘
227,09:47:46,4.82,-0.01,1,376,卖盘
228,09:47:49,4.82,0.0,1,612,卖盘
229,09:47:55,4.82,0.0,6,3205,卖盘
230,09:47:57,4.83,0.01,21,10143,买盘
231,09:48:04,4.83,0.0,22,10577,买盘
232,09:48:07,4.82,-0.01,22,10209,卖盘
233,09:48:19,4.82,0.0,2,1066,卖盘
234,09:48:28,4.82,0.0,27,13260,卖盘
235,09:48:30,4.82,0.0,91,43819,卖盘
236,09:48:34,4.83,0.01,101,48783,买盘
237,09:48:36,4.82,-0.01,102,49164,卖盘
238,09:48:40,4.82,0.0,160,77014,卖盘
239,09:48:43,4.82,0.0,426,205313,卖盘
240,09:48:46,4.82,0.0,54,26028,卖盘
241,09:48:49,4.82,0.0,20,9648,卖盘
242,09:48:52,4.82,0.0,17,8194,卖盘
243,09:48:54,4.82,0.0,78,37596,卖盘
244,09:48:58,4.82,0.0,96,46272,卖盘
245,09:49:01,4.82,0.0,116,55899,卖盘
246,09:49:04,4.82,0.0,9,4338,卖盘
247,09:49:09,4.82,0.0,2,1277,卖盘
248,09:49:13,4.82,0.0,10,4820,卖盘
249,09:49:16,4.83,0.01,186,89836,买盘
250,09:49:19,4.82,-0.01,66,31706,卖盘
251,09:49:21,4.82,0.0,8,3856,卖盘
252,09:49:27,4.82,0.0,23,10908,卖盘
253,09:49:34,4.82,0.0,489,235707,卖盘
254,09:49:37,4.82,0.0,1,386,卖盘
255,09:49:39,4.82,0.0,1,824,卖盘
256,09:49:49,4.82,0.0,2,824,卖盘
257,09:49:52,4.82,0.0,100,48200,卖盘
258,09:49:58,4.82,0.0,61,29175,卖盘
259,09:50:01,4.82,0.0,62,30241,买盘
260,09:50:04,4.82,0.0,11,5302,卖盘
261,09:50:07,4.83,0.01,3,1449,买盘
262,09:50:12,4.82,-0.01,11,5418,卖盘
263,09:50:16,4.82,0.0,66,31340,卖盘
264,09:50:19,4.81,-0.01,31,14989,卖盘
265,09:50:22,4.82,0.01,33,15896,买盘
266,09:50:25,4.83,0.01,138,66863,买盘
267,09:50:28,4.83,0.0,189,91272,买盘
268,09:50:31,4.83,0.0,36,17388,买盘
269,09:50:34,4.83,0.0,64,30912,买盘
270,09:50:37,4.83,0.0,340,164059,买盘
271,09:50:40,4.81,-0.02,1,548,卖盘
272,09:50:54,4.83,0.02,50,24150,买盘
273,09:51:00,4.82,-0.01,51,24632,卖盘
274,09:51:04,4.82,0.0,12,5784,卖盘
275,09:51:07,4.82,0.0,22,10604,卖盘
276,09:51:10,4.82,0.0,2,897,卖盘
277,09:51:16,4.82,0.0,26,12489,卖盘
278,09:51:19,4.82,0.0,50,24100,卖盘
279,09:51:28,4.82,0.0,1,675,卖盘
280,09:51:34,4.83,0.01,65,31395,买盘
281,09:51:39,4.82,-0.01,1,328,卖盘
282,09:51:43,4.83,0.01,20,9660,买盘
283,09:51:49,4.82,-0.01,1,651,卖盘
284,09:51:58,4.82,0.0,1,386,卖盘
285,09:52:01,4.82,0.0,54,26028,卖盘
286,09:52:04,4.83,0.01,73,35070,买盘
287,09:52:06,4.82,-0.01,54,26226,卖盘
288,09:52:16,4.83,0.01,14,6418,买盘
289,09:52:22,4.82,-0.01,1,839,卖盘
290,09:52:28,4.82,0.0,2,718,卖盘
291,09:52:34,4.83,0.01,72,34776,买盘
292,09:52:49,4.83,0.0,6,2898,买盘
293,09:52:52,4.82,-0.01,4,1928,卖盘
294,09:53:01,4.83,0.01,33,15939,买盘
295,09:53:07,4.83,0.0,21,10050,买盘
296,09:53:13,4.83,0.0,21,10567,买盘
297,09:53:16,4.83,0.0,4,1932,买盘
298,09:53:18,4.82,-0.01,50,24100,卖盘
299,09:53:22,4.82,0.0,2,762,卖盘
300,09:53:27,4.83,0.01,6,2898,买盘
301,09:53:31,4.82,-0.01,1,554,卖盘
302,09:53:34,4.82,0.0,18,8676,卖盘
303,09:53:42,4.82,0.0,20,9423,卖盘
304,09:53:49,4.82,0.0,1,612,卖盘
305,09:53:55,4.82,0.0,18,8507,卖盘
306,09:54:04,4.83,0.01,37,18059,买盘
307,09:54:06,4.83,0.0,35,16900,买盘
308,09:54:10,4.82,-0.01,1,395,卖盘
309,09:54:19,4.82,0.0,1,419,卖盘
310,09:54:33,4.82,0.0,10,4820,卖盘
311,09:54:37,4.82,0.0,1,193,卖盘
312,09:54:40,4.82,0.0,2,906,卖盘
313,09:54:43,4.82,0.0,620,298860,卖盘
314,09:54:51,4.82,0.0,23,11086,卖盘
315,09:54:54,4.83,0.01,20,9660,买盘
316,09:55:04,4.83,0.0,56,27048,买盘
317,09:55:06,4.82,-0.01,14,6748,卖盘
318,09:55:09,4.82,0.0,1,410,卖盘
319,09:55:13,4.83,0.01,5,2796,买盘
320,09:55:19,4.82,-0.01,70,33740,卖盘
321,09:55:25,4.82,0.0,1,202,卖盘
322,09:55:28,4.82,0.0,12,5784,卖盘
323,09:55:34,4.83,0.01,28,13842,买盘
324,09:55:39,4.82,-0.01,15,7230,卖盘
325,09:55:42,4.82,0.0,1,443,卖盘
326,09:55:48,4.83,0.01,2,816,买盘
327,09:55:51,4.82,-0.01,14,6748,卖盘
328,09:56:01,4.82,0.0,1,323,卖盘
329,09:56:04,4.83,0.01,45,21720,买盘
330,09:56:07,4.82,-0.01,73,35220,卖盘
331,09:56:12,4.83,0.01,35,16891,买盘
332,09:56:15,4.83,0.0,267,128961,买盘
333,09:56:21,4.83,0.0,8,3864,买盘
334,09:56:24,4.83,0.0,45,21425,买盘
335,09:56:31,4.82,-0.01,1,554,卖盘
336,09:56:33,4.82,0.0,16,7905,卖盘
337,09:56:40,4.82,0.0,2,752,卖盘
338,09:56:42,4.82,0.0,2,935,卖盘
339,09:56:46,4.82,0.0,14,6748,卖盘
340,09:56:51,4.82,0.0,117,56394,卖盘
341,09:56:55,4.82,0.0,280,134960,卖盘
342,09:56:58,4.82,0.0,156,75192,卖盘
343,09:57:00,4.82,0.0,123,59296,卖盘
344,09:57:04,4.82,0.0,599,288747,卖盘
345,09:57:07,4.82,0.0,68,32776,卖盘
346,09:57:10,4.83,0.01,139,67005,买盘
347,09:57:16,4.82,-0.01,118,56765,卖盘
348,09:57:19,4.82,0.0,13,6266,卖盘
349,09:57:24,4.82,0.0,16,7775,卖盘
350,09:57:27,4.82,0.0,12,5784,卖盘
351,09:57:31,4.82,0.0,214,103134,卖盘
352,09:57:33,4.83,0.01,51,24633,买盘
353,09:57:37,4.83,0.0,9,4347,买盘
354,09:57:40,4.82,-0.01,49,23654,卖盘
355,09:57:43,4.83,0.01,20,9660,买盘
356,09:57:49,4.82,0.0,3,1036,卖盘
357,09:57:52,4.82,0.0,14,6748,卖盘
358,09:58:01,4.82,0.0,5,2410,卖盘
359,09:58:04,4.82,0.0,14,6748,卖盘
360,09:58:07,4.82,0.0,201,96882,卖盘
361,09:58:10,4.82,0.0,21,10247,卖盘
362,09:58:16,4.82,0.0,17,7770,卖盘
363,09:58:22,4.82,0.0,73,35321,卖盘
364,09:58:24,4.82,0.0,13,6189,卖盘
365,09:58:31,4.82,0.0,6,2858,卖盘
366,09:58:33,4.83,0.01,102,49236,买盘
367,09:58:36,4.82,-0.01,13,6266,卖盘
368,09:58:40,4.83,0.01,17,8201,买盘
369,09:58:42,4.83,0.0,28,13524,买盘
370,09:58:45,4.82,-0.01,12,5784,卖盘
371,09:58:55,4.82,0.0,210,101230,卖盘
372,09:58:58,4.82,0.0,15,6965,卖盘
373,09:59:01,4.83,0.01,36,17388,买盘
374,09:59:06,4.82,-0.01,7,3374,卖盘
375,09:59:10,4.82,0.0,49,23654,卖盘
376,09:59:13,4.81,-0.01,146,70627,卖盘
377,09:59:16,4.82,0.01,54,25999,买盘
378,09:59:22,4.81,-0.01,15,7135,卖盘
379,09:59:31,4.82,0.01,14,6748,卖盘
380,09:59:34,4.82,0.0,6,2892,卖盘
381,09:59:37,4.81,-0.01,31,14806,卖盘
382,09:59:43,4.81,0.0,14,6417,卖盘
383,09:59:45,4.82,0.01,10,4820,买盘
384,09:59:49,4.81,-0.01,962,462722,卖盘
385,09:59:52,4.81,0.0,1,635,卖盘
386,09:59:55,4.81,0.0,13,6253,卖盘
387,10:00:04,4.81,0.0,1,510,卖盘
388,10:00:06,4.82,0.01,29,13964,买盘
389,10:00:09,4.81,-0.01,1,274,卖盘
390,10:00:13,4.81,0.0,20,9620,卖盘
391,10:00:16,4.81,0.0,23,11073,卖盘
392,10:00:18,4.81,0.0,53,25546,卖盘
393,10:00:22,4.82,0.01,10,4820,买盘
394,10:00:25,4.82,0.0,306,147568,买盘
395,10:00:28,4.83,0.01,51,24818,买盘
396,10:00:31,4.83,0.0,67,32069,买盘
397,10:00:34,4.82,-0.01,50,24100,卖盘
398,10:00:37,4.82,0.0,85,41042,卖盘
399,10:00:39,4.82,0.0,5,2829,卖盘
400,10:00:43,4.83,0.01,48,23184,买盘
401,10:00:45,4.82,-0.01,42,19916,卖盘
402,10:00:49,4.81,-0.01,15,7244,卖盘
403,10:00:51,4.82,0.01,59,28284,买盘
404,10:00:54,4.82,0.0,37,17988,卖盘
405,10:01:01,4.82,0.0,77,37196,买盘
406,10:01:09,4.81,-0.01,15,7253,卖盘
407,10:01:16,4.83,0.02,4,1926,买盘
408,10:01:22,4.81,-0.02,15,7239,卖盘
409,10:01:28,4.81,0.0,55,26537,卖盘
410,10:01:31,4.82,0.01,129,61810,买盘
411,10:01:34,4.82,0.0,15,7230,卖盘
412,10:01:42,4.82,0.0,54,26279,卖盘
413,10:01:46,4.82,0.0,13,6150,卖盘
414,10:01:49,4.82,0.0,9,4338,卖盘
415,10:01:54,4.82,0.0,31,15173,卖盘
416,10:01:58,4.82,0.0,47,22654,卖盘
417,10:02:04,4.82,0.0,1,299,卖盘
418,10:02:07,4.82,0.0,14,6748,卖盘
419,10:02:10,4.82,0.0,21,10350,卖盘
420,10:02:13,4.82,0.0,2,742,卖盘
421,10:02:16,4.82,0.0,99,47718,卖盘
422,10:02:19,4.83,0.01,24,11790,买盘
423,10:02:22,4.82,-0.01,1,96,卖盘
424,10:02:24,4.82,0.0,300,144600,卖盘
425,10:02:27,4.82,0.0,14,6748,卖盘
426,10:02:39,4.82,0.0,14,7008,卖盘
427,10:02:42,4.83,0.01,10,4830,买盘
428,10:02:52,4.82,-0.01,15,7013,卖盘
429,10:02:54,4.82,0.0,1,805,卖盘
430,10:03:01,4.82,0.0,14,6748,卖盘
431,10:03:04,4.82,0.0,1,212,卖盘
432,10:03:07,4.82,0.0,1,482,卖盘
433,10:03:10,4.83,0.01,2,966,买盘
434,10:03:13,4.82,-0.01,14,6830,卖盘
435,10:03:16,4.82,0.0,160,77120,卖盘
436,10:03:19,4.83,0.01,55,26565,买盘
437,10:03:25,4.83,0.0,17,8062,买盘
438,10:03:28,4.82,-0.01,7,3374,卖盘
439,10:03:31,4.82,0.0,5,2410,卖盘
440,10:03:34,4.82,0.0,14,7167,卖盘
441,10:03:37,4.82,0.0,22,10604,卖盘
442,10:03:40,4.83,0.01,22,10523,买盘
443,10:03:45,4.82,-0.01,44,21136,卖盘
444,10:03:55,4.82,0.0,42,20115,卖盘
445,10:04:06,4.83,0.01,70,33919,买盘
446,10:04:13,4.82,-0.01,11,5529,卖盘
447,10:04:22,4.83,0.01,11,5313,买盘
448,10:04:25,4.82,-0.01,854,411628,卖盘
449,10:04:28,4.82,0.0,49,23618,卖盘
450,10:04:31,4.82,0.0,203,97846,卖盘
451,10:04:37,4.82,0.0,11,5302,卖盘
452,10:04:40,4.82,0.0,64,30752,卖盘
453,10:04:42,4.83,0.01,10,4830,买盘
454,10:04:46,4.82,-0.01,19,9158,卖盘
455,10:05:01,4.82,0.0,141,67798,卖盘
456,10:05:06,4.82,0.0,27,13014,卖盘
457,10:05:09,4.82,0.0,40,19280,卖盘
458,10:05:13,4.83,0.01,21,10143,买盘
459,10:05:16,4.82,-0.01,2,892,卖盘
460,10:05:22,4.82,0.0,13,6266,卖盘
461,10:05:34,4.82,0.0,73,35256,卖盘
462,10:05:40,4.82,0.0,5,2410,卖盘
463,10:05:49,4.82,0.0,1,516,卖盘
464,10:05:58,4.82,0.0,1,482,卖盘
465,10:06:04,4.82,0.0,17,8194,卖盘
466,10:06:09,4.82,0.0,1,318,卖盘
467,10:06:12,4.82,0.0,135,65070,卖盘
468,10:06:16,4.82,0.0,55,26595,卖盘
469,10:06:19,4.82,0.0,5,2410,卖盘
470,10:06:22,4.82,0.0,100,48200,卖盘
471,10:06:34,4.82,0.0,2,742,卖盘
472,10:06:40,4.82,0.0,1,776,卖盘
473,10:06:42,4.83,0.01,20,9660,买盘
474,10:06:45,4.82,-0.01,13,6114,卖盘
475,10:07:12,4.82,0.0,5,2410,卖盘
476,10:07:18,4.82,0.0,300,144600,卖盘
477,10:07:22,4.82,0.0,2,569,卖盘
478,10:07:28,4.82,0.0,3,1446,卖盘
479,10:07:31,4.82,0.0,70,33740,卖盘
480,10:07:34,4.82,0.0,69,33258,卖盘
481,10:07:36,4.82,0.0,226,108932,卖盘
482,10:07:40,4.82,0.0,35,17039,卖盘
483,10:07:42,4.82,0.0,25,12050,卖盘
484,10:07:45,4.82,0.0,54,26028,卖盘
485,10:07:49,4.82,0.0,60,28920,卖盘
486,10:07:51,4.82,0.0,26,12330,卖盘
487,10:07:58,4.82,0.0,50,24100,买盘
488,10:08:01,4.81,-0.01,18,8903,卖盘
489,10:08:04,4.81,0.0,1,582,卖盘
490,10:08:09,4.82,0.01,21,10122,买盘
491,10:08:30,4.81,-0.01,1,255,卖盘
492,10:08:40,4.81,0.0,1,654,卖盘
493,10:08:49,4.82,0.01,11,5302,买盘
494,10:08:55,4.82,0.0,3,1569,买盘
495,10:09:06,4.81,-0.01,2,905,卖盘
496,10:09:10,4.81,0.0,1,313,卖盘
497,10:09:19,4.82,0.01,3,1446,买盘
498,10:09:22,4.82,0.0,7,3189,买盘
499,10:09:42,4.82,0.01,20,9640,买盘
500,10:09:52,4.82,0.0,4,1928,买盘
501,10:10:01,4.82,0.0,1,482,买盘
502,10:10:10,4.81,0.0,1,289,卖盘
503,10:10:15,4.81,0.0,2974,1430306,卖盘
504,10:10:25,4.81,0.0,40,19253,买盘
505,10:10:27,4.81,0.0,36,17316,买盘
506,10:10:36,4.81,0.0,8,3848,买盘
507,10:10:40,4.8,-0.01,202,97093,卖盘
508,10:10:45,4.8,0.0,9,4320,卖盘
509,10:10:54,4.8,0.0,1,523,卖盘
510,10:11:03,4.81,0.01,73,35113,买盘
511,10:11:07,4.8,-0.01,264,126732,卖盘
512,10:11:12,4.81,0.01,21,10101,买盘
513,10:11:22,4.8,-0.01,21,10244,卖盘
514,10:11:30,4.81,0.01,7,3367,买盘
515,10:11:34,4.8,-0.01,1,192,卖盘
516,10:11:37,4.8,0.0,11,5222,卖盘
517,10:11:49,4.8,0.0,1,653,卖盘
518,10:11:55,4.81,0.01,102,49062,买盘
519,10:11:58,4.81,0.0,72,34632,买盘
520,10:12:00,4.81,0.0,6,2808,买盘
521,10:12:04,4.81,0.0,28,13452,买盘
522,10:12:07,4.8,-0.01,2,764,卖盘
523,10:12:13,4.8,0.0,9,4320,卖盘
524,10:12:16,4.81,0.01,200,96200,买盘
525,10:12:19,4.8,-0.01,1,480,卖盘
526,10:12:21,4.81,0.01,105,50505,买盘
527,10:12:42,4.81,0.0,9,4329,卖盘
528,10:12:46,4.81,0.0,21,10270,卖盘
529,10:12:58,4.81,0.0,1,332,卖盘
530,10:13:10,4.81,0.0,100,48100,卖盘
531,10:13:13,4.81,0.0,18,8658,卖盘
532,10:13:24,4.81,0.0,14,6734,卖盘
533,10:13:30,4.81,0.0,2,794,卖盘
534,10:13:55,4.81,0.0,1,212,卖盘
535,10:14:04,4.82,0.01,16,7798,买盘
536,10:14:07,4.81,-0.01,11,5292,卖盘
537,10:14:13,4.81,0.0,21,10319,卖盘
538,10:14:28,4.81,0.0,1,226,卖盘
539,10:14:33,4.81,0.0,1,645,卖盘
540,10:14:37,4.82,0.01,43,20726,买盘
541,10:14:39,4.81,-0.01,1,202,卖盘
542,10:14:55,4.81,0.0,2,948,卖盘
543,10:15:00,4.81,0.0,3,1387,卖盘
544,10:15:04,4.81,0.0,632,303992,卖盘
545,10:15:07,4.81,0.0,1,736,卖盘
546,10:15:10,4.81,0.0,2,962,卖盘
547,10:15:15,4.81,0.0,110,52910,卖盘
548,10:15:25,4.81,0.0,6,2886,卖盘
549,10:15:36,4.82,0.01,11,5252,买盘
550,10:15:39,4.82,0.0,20,9640,买盘
551,10:15:43,4.81,-0.01,1,481,卖盘
552,10:15:49,4.81,0.0,1,308,卖盘
553,10:15:55,4.81,0.0,3,1443,卖盘
554,10:16:10,4.81,0.0,1,351,卖盘
555,10:16:21,4.81,0.0,36,17316,卖盘
556,10:16:25,4.81,0.0,120,57624,卖盘
557,10:16:31,4.81,0.0,38,18393,卖盘
558,10:16:34,4.81,0.0,27,12987,卖盘
559,10:16:39,4.81,0.0,90,43290,卖盘
560,10:16:43,4.81,0.0,45,21645,卖盘
561,10:16:46,4.81,0.0,31,14911,卖盘
562,10:16:49,4.81,0.0,66,31534,卖盘
563,10:16:52,4.81,0.0,90,43290,卖盘
564,10:16:55,4.81,0.0,68,32708,卖盘
565,10:16:57,4.81,0.0,133,63973,卖盘
566,10:17:01,4.81,0.0,7,3367,卖盘
567,10:17:04,4.81,0.0,50,23968,卖盘
568,10:17:10,4.81,0.0,12,5772,卖盘
569,10:17:13,4.82,0.01,22,10988,买盘
570,10:17:19,4.81,-0.01,2,544,卖盘
571,10:17:31,4.81,0.0,3,1616,卖盘
572,10:17:40,4.81,0.0,30,14474,卖盘
573,10:17:52,4.81,0.0,239,114959,卖盘
574,10:17:58,4.82,0.01,158,76116,买盘
575,10:18:00,4.82,0.0,37,17834,买盘
576,10:18:04,4.82,0.0,54,26028,买盘
577,10:18:07,4.82,0.0,37,17834,买盘
578,10:18:10,4.82,0.0,50,24100,买盘
579,10:18:28,4.81,-0.01,1,260,卖盘
580,10:18:37,4.82,0.01,13,6266,买盘
581,10:18:43,4.82,0.0,20,9640,买盘
582,10:18:49,4.81,-0.01,3,1626,卖盘
583,10:18:51,4.82,0.01,2,964,买盘
584,10:18:58,4.82,0.0,100,48200,买盘
585,10:19:07,4.81,-0.01,2,867,卖盘
586,10:19:16,4.81,0.0,14,6734,卖盘
587,10:19:19,4.81,0.0,1,279,卖盘
588,10:19:22,4.81,0.0,30,14430,卖盘
589,10:19:36,4.82,0.01,2,964,买盘
590,10:19:40,4.81,-0.01,2,866,卖盘
591,10:20:10,4.81,0.0,2,500,卖盘
592,10:20:18,4.81,0.0,1,842,卖盘
593,10:20:25,4.81,0.0,2,1010,卖盘
594,10:20:34,4.81,0.0,1,476,卖盘
595,10:21:19,4.81,0.0,1,322,卖盘
596,10:21:31,4.81,0.0,1,476,卖盘
597,10:21:36,4.81,0.0,2,722,卖盘
598,10:21:39,4.81,0.0,20,9620,卖盘
599,10:21:45,4.81,0.0,9,4329,卖盘
600,10:21:48,4.81,0.0,50,24050,卖盘
601,10:21:54,4.81,0.0,415,199615,卖盘
602,10:21:58,4.81,0.0,21,10500,卖盘
603,10:22:10,4.81,0.0,1,231,卖盘
604,10:22:19,4.81,0.0,2,909,卖盘
605,10:22:22,4.81,0.0,23,11063,卖盘
606,10:22:25,4.81,0.0,20,9620,卖盘
607,10:22:30,4.81,0.0,18,8658,卖盘
608,10:22:37,4.82,0.01,216,104052,买盘
609,10:22:46,4.82,0.0,3,1339,买盘
610,10:22:48,4.81,-0.01,20,9620,卖盘
611,10:23:01,4.81,0.0,1,240,卖盘
612,10:23:04,4.81,0.0,1,495,卖盘
613,10:23:07,4.82,0.01,5,2410,买盘
614,10:23:13,4.81,-0.01,1,702,卖盘
615,10:23:18,4.81,0.0,9,4329,卖盘
616,10:23:22,4.81,0.0,2,702,卖盘
617,10:23:57,4.81,0.0,69,33195,卖盘
618,10:24:00,4.81,0.0,36,17316,卖盘
619,10:24:12,4.81,0.0,1,226,卖盘
620,10:24:22,4.81,0.0,1,471,卖盘
621,10:24:33,4.81,0.0,10,4810,卖盘
622,10:24:40,4.82,0.01,73,35186,买盘
623,10:24:42,4.81,-0.01,66,31746,卖盘
624,10:24:45,4.81,0.0,1,255,卖盘
625,10:24:49,4.81,0.0,10,4810,卖盘
626,10:24:52,4.81,0.0,74,35406,卖盘
627,10:24:58,4.8,-0.01,14,7099,卖盘
628,10:25:06,4.8,0.0,2,715,卖盘
629,10:25:12,4.81,0.01,291,140159,买盘
630,10:25:16,4.81,0.0,2,962,卖盘
631,10:25:25,4.8,-0.01,7,3405,卖盘
632,10:25:27,4.8,0.0,1550,744050,卖盘
633,10:25:36,4.8,0.0,1,336,卖盘
634,10:25:45,4.8,0.0,1,662,卖盘
635,10:25:55,4.8,0.0,1,509,卖盘
636,10:25:58,4.8,0.0,10,4800,卖盘
637,10:26:00,4.81,0.01,3,1412,买盘
638,10:26:10,4.8,-0.01,3,1118,卖盘
639,10:26:16,4.8,0.0,2,979,卖盘
640,10:26:28,4.8,0.0,59,28320,卖盘
641,10:26:46,4.8,0.0,50,24000,卖盘
642,10:26:55,4.8,0.0,26,12480,卖盘
643,10:26:57,4.81,0.01,75,36075,买盘
644,10:27:01,4.81,0.0,67,32227,买盘
645,10:27:18,4.81,0.0,10,4810,买盘
646,10:27:28,4.81,0.0,54,25974,买盘
647,10:27:52,4.81,0.0,15,7210,买盘
648,10:28:01,4.81,0.0,54,25974,买盘
649,10:28:10,4.81,0.0,5,2405,买盘
650,10:28:19,4.81,0.0,19,9139,买盘
651,10:28:25,4.8,-0.01,7,3360,卖盘
652,10:28:28,4.8,0.0,45,21600,卖盘
653,10:28:30,4.8,0.0,46,22080,卖盘
654,10:28:33,4.8,0.0,36,17280,卖盘
655,10:28:37,4.8,0.0,9,4320,卖盘
656,10:28:40,4.81,0.01,19,9139,买盘
657,10:28:46,4.8,-0.01,248,119040,卖盘
658,10:28:52,4.81,0.01,8,3848,买盘
659,10:28:55,4.8,-0.01,1,480,卖盘
660,10:29:01,4.81,0.01,19,9139,买盘
661,10:29:19,4.81,0.0,6,2886,买盘
662,10:29:30,4.8,-0.01,2,960,卖盘
663,10:29:33,4.8,0.0,140,67200,卖盘
664,10:29:42,4.8,0.0,92,44059,卖盘
665,10:29:48,4.8,0.0,76,36480,买盘
666,10:29:51,4.8,0.0,20,9600,买盘
667,10:30:00,4.8,0.0,27,12960,买盘
668,10:30:19,4.8,0.0,18,8640,买盘
669,10:30:25,4.8,0.0,323,155040,买盘
670,10:30:31,4.79,-0.01,542,259660,卖盘
671,10:30:34,4.8,0.01,46,22080,买盘
672,10:30:37,4.8,0.0,16,7680,买盘
673,10:30:40,4.8,0.0,39,18701,买盘
674,10:30:45,4.8,0.0,59,28421,买盘
675,10:30:51,4.8,0.0,6,2880,卖盘
676,10:30:55,4.81,0.01,12,5772,买盘
677,10:31:04,4.8,-0.01,48,23040,卖盘
678,10:31:07,4.8,0.0,96,46080,卖盘
679,10:31:12,4.81,0.01,1,481,买盘
680,10:31:15,4.8,-0.01,6,2880,卖盘
681,10:31:18,4.8,0.0,51,24480,卖盘
682,10:31:21,4.81,0.01,29,13949,买盘
683,10:31:28,4.8,-0.01,15,7200,卖盘
684,10:31:30,4.81,0.01,400,192400,买盘
685,10:31:33,4.81,0.0,110,52910,买盘
686,10:31:36,4.8,-0.01,156,74906,卖盘
687,10:31:39,4.8,0.0,27,12960,卖盘
688,10:31:42,4.8,0.0,13,6240,卖盘
689,10:31:46,4.8,0.0,12,5760,卖盘
690,10:31:52,4.81,0.01,6,2886,买盘
691,10:31:58,4.81,0.0,50,24050,买盘
692,10:32:04,4.81,0.0,25,12025,买盘
693,10:32:07,4.81,0.0,94,45394,买盘
694,10:32:10,4.81,0.0,2,962,卖盘
695,10:32:13,4.81,0.0,27,12987,卖盘
696,10:32:18,4.81,0.0,28,13468,卖盘
697,10:32:25,4.81,0.0,9,4329,卖盘
698,10:32:28,4.82,0.01,24,11568,买盘
699,10:33:09,4.82,0.0,41,19762,买盘
700,10:33:52,4.82,0.0,5,2410,买盘
701,10:34:04,4.82,0.0,3,1446,买盘
702,10:34:06,4.81,-0.01,100,48100,卖盘
703,10:34:42,4.82,0.01,12,5784,买盘
704,10:35:07,4.82,0.0,6,2892,买盘
705,10:35:12,4.82,0.0,4,1928,买盘
706,10:35:43,4.81,-0.01,45,21645,卖盘
707,10:35:55,4.81,0.0,493,237133,卖盘
708,10:36:01,4.81,0.0,1,481,卖盘
709,10:36:04,4.81,0.0,283,135935,卖盘
710,10:36:19,4.8,-0.01,9,4320,卖盘
711,10:36:22,4.81,0.01,1,481,买盘
712,10:36:28,4.8,-0.01,42,20160,卖盘
713,10:36:55,4.81,0.01,39,18759,买盘
714,10:37:01,4.8,-0.01,1,480,卖盘
715,10:37:16,4.81,0.01,11,5291,买盘
716,10:37:19,4.81,0.0,270,129621,买盘
717,10:37:22,4.8,-0.01,30,14400,卖盘
718,10:37:24,4.81,0.01,2,962,买盘
719,10:37:34,4.81,0.0,100,48100,买盘
720,10:38:04,4.81,0.0,6,2886,买盘
721,10:38:30,4.81,0.0,50,24050,买盘
722,10:38:57,4.8,-0.01,18,8640,卖盘
723,10:39:07,4.8,0.0,9,4320,卖盘
724,10:39:22,4.81,0.01,7,3365,买盘
725,10:39:30,4.81,0.0,50,24050,买盘
726,10:40:06,4.81,0.0,14,6734,买盘
727,10:40:18,4.8,-0.01,25,12000,卖盘
728,10:40:30,4.81,0.01,5,2405,买盘
729,10:40:34,4.81,0.0,6,2886,买盘
730,10:41:13,4.8,-0.01,5,2401,卖盘
731,10:41:43,4.81,0.01,2,962,买盘
732,10:41:54,4.8,-0.01,20,9600,卖盘
733,10:42:12,4.8,0.0,50,24000,卖盘
734,10:42:15,4.8,0.0,10,4800,卖盘
735,10:42:39,4.8,0.0,3,1440,卖盘
736,10:43:04,4.8,0.0,311,149280,卖盘
737,10:43:25,4.8,0.0,1,480,卖盘
738,10:43:34,4.81,0.01,29,13949,买盘
739,10:43:36,4.8,-0.01,10,4800,卖盘
740,10:44:01,4.8,0.0,141,67680,卖盘
741,10:44:07,4.8,0.0,18,8640,卖盘
742,10:44:16,4.81,0.01,76,36502,买盘
743,10:44:19,4.8,-0.01,36,17280,卖盘
744,10:44:21,4.8,0.0,16,7680,卖盘
745,10:44:34,4.8,0.0,45,21600,卖盘
746,10:44:36,4.8,0.0,50,24000,卖盘
747,10:44:45,4.8,0.0,97,46560,卖盘
748,10:44:49,4.8,0.0,20,9600,卖盘
749,10:45:04,4.8,0.0,9,4320,卖盘
750,10:45:13,4.8,0.0,5,2400,卖盘
751,10:45:45,4.8,0.0,20,9600,卖盘
752,10:45:49,4.8,0.0,8,3840,卖盘
753,10:45:52,4.8,0.0,36,17280,卖盘
754,10:45:55,4.8,0.0,36,17280,卖盘
755,10:45:58,4.8,0.0,185,88800,卖盘
756,10:46:00,4.8,0.0,135,64800,卖盘
757,10:46:04,4.8,0.0,92,44160,卖盘
758,10:46:07,4.8,0.0,188,90240,卖盘
759,10:46:09,4.8,0.0,31,14779,卖盘
760,10:46:12,4.79,-0.01,11,5269,卖盘
761,10:46:16,4.79,0.0,36,17244,卖盘
762,10:46:18,4.8,0.01,54,25920,买盘
763,10:46:21,4.8,0.0,18,8640,买盘
764,10:46:25,4.8,0.0,18,8640,买盘
765,10:46:37,4.8,0.0,36,17280,买盘
766,10:46:39,4.8,0.0,36,17280,买盘
767,10:46:42,4.8,0.0,6,2880,买盘
768,10:46:46,4.8,0.0,80,38400,买盘
769,10:46:48,4.8,0.0,18,8640,买盘
770,10:46:51,4.81,0.01,111,53318,买盘
771,10:47:01,4.81,0.0,18,8658,买盘
772,10:47:21,4.8,-0.01,1,480,卖盘
773,10:47:24,4.8,0.0,2,960,卖盘
774,10:47:28,4.8,0.0,6,2880,卖盘
775,10:47:30,4.8,0.0,1,480,卖盘
776,10:47:33,4.8,0.0,3,1440,卖盘
777,10:47:39,4.8,0.0,1,480,买盘
778,10:47:46,4.8,0.0,2,960,卖盘
779,10:47:49,4.8,0.0,75,36006,卖盘
780,10:47:52,4.8,0.0,116,55680,卖盘
781,10:47:55,4.8,0.0,6,2880,卖盘
782,10:47:58,4.8,0.0,23,11040,卖盘
783,10:48:01,4.8,0.0,4,1920,卖盘
784,10:48:04,4.8,0.0,26,12480,卖盘
785,10:48:06,4.8,0.0,4,1920,卖盘
786,10:48:10,4.79,-0.01,54,25866,卖盘
787,10:48:21,4.8,0.01,55,26400,买盘
788,10:48:28,4.8,0.0,1,480,卖盘
789,10:48:31,4.81,0.01,16,7696,买盘
790,10:48:43,4.79,-0.02,57,27303,卖盘
791,10:49:16,4.79,0.0,4,1916,卖盘
792,10:49:24,4.81,0.02,24,11537,买盘
793,10:49:39,4.8,-0.01,50,24000,卖盘
794,10:49:43,4.8,0.0,30,14400,买盘
795,10:49:48,4.8,0.0,1,480,买盘
796,10:49:55,4.8,0.0,2,960,买盘
797,10:50:07,4.8,0.0,15,7200,买盘
798,10:50:13,4.8,0.0,55,26400,买盘
799,10:50:19,4.8,0.0,6,2880,买盘
800,10:50:40,4.79,-0.01,10,4790,卖盘
801,10:50:51,4.8,0.01,30,14400,买盘
802,10:51:30,4.8,0.0,36,17280,买盘
803,10:51:40,4.8,0.0,1,480,买盘
804,10:51:43,4.8,0.0,2,960,买盘
805,10:52:12,4.8,0.0,5,2400,买盘
806,10:52:34,4.8,0.0,1,480,买盘
807,10:52:43,4.8,0.0,39,18720,买盘
808,10:52:58,4.8,0.0,36,17280,买盘
809,10:53:07,4.8,0.0,1,480,买盘
810,10:53:13,4.8,0.0,81,38880,买盘
811,10:53:18,4.8,0.0,53,25440,买盘
812,10:53:28,4.8,0.0,11,5280,买盘
813,10:53:42,4.8,0.0,50,24000,买盘
814,10:53:49,4.8,0.0,6,2880,买盘
815,10:53:55,4.8,0.0,26,12480,买盘
816,10:54:01,4.79,-0.01,1,479,卖盘
817,10:54:12,4.8,0.01,7,3360,买盘
818,10:54:33,4.8,0.0,1,480,买盘
819,10:54:37,4.8,0.0,28,13440,买盘
820,10:54:40,4.8,0.0,54,25920,买盘
821,10:54:46,4.8,0.0,100,48000,买盘
822,10:54:49,4.8,0.0,54,25920,买盘
823,10:54:55,4.8,0.0,1,480,买盘
824,10:54:58,4.8,0.0,1,480,买盘
825,10:55:06,4.8,0.0,1,480,买盘
826,10:55:16,4.8,0.0,50,24000,买盘
827,10:55:19,4.79,-0.01,5,2395,卖盘
828,10:55:28,4.8,0.01,2,960,买盘
829,10:55:31,4.8,0.0,9,4320,卖盘
830,10:55:51,4.8,0.0,1,480,买盘
831,10:56:01,4.8,0.0,60,28800,买盘
832,10:56:04,4.8,0.0,10,4800,买盘
833,10:56:06,4.8,0.0,20,9600,买盘
834,10:56:13,4.8,0.0,6,2880,买盘
835,10:56:24,4.79,-0.01,13,6227,卖盘
836,10:56:27,4.8,0.01,40,19200,买盘
837,10:56:30,4.79,-0.01,153,73287,卖盘
838,10:56:36,4.8,0.01,14,6710,买盘
839,10:56:57,4.8,0.0,51,24430,买盘
840,10:57:13,4.8,0.0,258,123840,买盘
841,10:57:22,4.8,0.0,1,480,买盘
842,10:57:31,4.8,0.0,1,480,买盘
843,10:57:43,4.8,0.0,6,2880,买盘
844,10:57:55,4.8,0.0,1,480,买盘
845,10:58:16,4.8,0.0,57,27360,买盘
846,10:58:37,4.81,0.01,1,481,买盘
847,10:58:45,4.8,-0.01,200,96000,卖盘
848,10:58:57,4.81,0.01,1,481,买盘
849,10:59:04,4.81,0.0,48,23088,买盘
850,10:59:10,4.81,0.0,5,2405,买盘
851,10:59:21,4.81,0.0,1,481,买盘
852,10:59:43,4.81,0.0,1,481,买盘
853,11:00:06,4.81,0.0,1,481,买盘
854,11:00:13,4.81,0.0,25,12025,买盘
855,11:00:16,4.81,0.0,1,481,买盘
856,11:00:40,4.81,0.0,7,3367,买盘
857,11:01:01,4.81,0.0,1,481,买盘
858,11:01:04,4.81,0.0,1,481,买盘
859,11:01:18,4.81,0.0,20,9620,买盘
860,11:01:22,4.81,0.0,1,481,买盘
861,11:01:46,4.81,0.0,1,481,买盘
862,11:01:57,4.81,0.0,20,9620,买盘
863,11:02:00,4.8,-0.01,4,1920,卖盘
864,11:02:06,4.81,0.01,1,481,买盘
865,11:02:18,4.81,0.0,1,481,买盘
866,11:02:21,4.81,0.0,501,240981,买盘
867,11:02:39,4.81,0.0,1,481,买盘
868,11:03:00,4.81,0.0,1,481,买盘
869,11:03:06,4.8,-0.01,9,4320,卖盘
870,11:03:25,4.81,0.01,1,481,买盘
871,11:03:31,4.81,0.0,63,30303,买盘
872,11:03:45,4.81,0.0,1,481,买盘
873,11:03:52,4.81,0.0,106,50986,买盘
874,11:04:10,4.81,0.0,1,481,买盘
875,11:04:16,4.81,0.0,1,481,买盘
876,11:04:19,4.81,0.0,1,481,买盘
877,11:04:43,4.81,0.0,1,481,买盘
878,11:04:49,4.81,0.0,2,962,买盘
879,11:04:52,4.81,0.0,300,144300,买盘
880,11:05:04,4.81,0.0,1,481,买盘
881,11:05:09,4.81,0.0,33,15873,买盘
882,11:05:15,4.81,0.0,4,1924,买盘
883,11:05:25,4.81,0.0,1,481,买盘
884,11:05:48,4.8,-0.01,5,2401,卖盘
885,11:05:51,4.81,0.01,10,4810,买盘
886,11:06:10,4.81,0.0,1,481,买盘
887,11:06:16,4.8,-0.01,6,2880,卖盘
888,11:06:30,4.81,0.01,1,481,买盘
889,11:06:42,4.81,0.0,1,481,买盘
890,11:06:48,4.8,-0.01,18,8640,卖盘
891,11:06:55,4.8,0.0,18,8640,卖盘
892,11:07:04,4.81,0.01,64,30721,买盘
893,11:07:07,4.8,-0.01,30,14400,卖盘
894,11:07:09,4.8,0.0,22,10560,卖盘
895,11:07:12,4.8,0.0,13,6240,卖盘
896,11:07:18,4.8,0.0,1,480,卖盘
897,11:07:24,4.8,0.0,35,16800,卖盘
898,11:07:28,4.81,0.01,1,481,买盘
899,11:07:36,4.8,-0.01,9,4320,卖盘
900,11:07:39,4.8,0.0,55,26400,卖盘
901,11:07:48,4.81,0.01,1,481,买盘
902,11:08:09,4.8,-0.01,36,17280,卖盘
903,11:08:19,4.8,0.0,60,28800,卖盘
904,11:09:36,4.8,0.0,7,3360,卖盘
905,11:10:22,4.8,0.0,80,38400,卖盘
906,11:11:04,4.81,0.01,1,481,买盘
907,11:11:51,4.8,-0.01,9,4320,卖盘
908,11:12:04,4.81,0.01,5,2405,买盘
909,11:12:36,4.81,0.0,40,19240,买盘
910,11:12:39,4.81,0.0,85,40885,买盘
911,11:12:55,4.8,-0.01,644,309120,卖盘
912,11:13:03,4.8,0.0,807,387360,卖盘
913,11:13:12,4.8,0.0,241,115680,卖盘
914,11:13:19,4.81,0.01,65,31251,买盘
915,11:13:22,4.81,0.0,9,4329,买盘
916,11:13:24,4.81,0.0,18,8658,买盘
917,11:13:49,4.8,-0.01,116,55680,买盘
918,11:13:57,4.81,0.01,62,29822,买盘
919,11:14:04,4.81,0.0,54,25974,买盘
920,11:14:25,4.81,0.0,108,51948,买盘
921,11:14:37,4.81,0.0,4,1924,买盘
922,11:14:45,4.81,0.0,56,26936,买盘
923,11:14:49,4.81,0.0,79,37999,买盘
924,11:14:52,4.81,0.0,113,54353,买盘
925,11:14:55,4.81,0.0,149,71669,买盘
926,11:14:58,4.81,0.0,111,53391,买盘
927,11:15:01,4.81,0.0,240,115440,买盘
928,11:15:04,4.81,0.0,252,121212,买盘
929,11:15:07,4.81,0.0,188,90428,买盘
930,11:15:10,4.81,0.0,181,87061,买盘
931,11:15:13,4.81,0.0,141,67821,买盘
932,11:15:15,4.81,0.0,263,126503,买盘
933,11:15:19,4.81,0.0,150,72150,买盘
934,11:15:21,4.81,0.0,170,81770,买盘
935,11:15:25,4.81,0.0,201,96681,买盘
936,11:15:27,4.81,0.0,221,106301,买盘
937,11:15:31,4.82,0.01,253,121990,买盘
938,11:15:34,4.82,0.0,110,53020,买盘
939,11:15:37,4.82,0.0,174,83868,买盘
940,11:15:40,4.82,0.0,121,58322,买盘
941,11:15:43,4.81,-0.01,125,60226,卖盘
942,11:15:46,4.82,0.01,87,41934,买盘
943,11:15:49,4.82,0.0,267,128694,买盘
944,11:15:52,4.82,0.0,49,23618,买盘
945,11:15:55,4.82,0.0,76,36632,买盘
946,11:15:58,4.82,0.0,66,31812,买盘
947,11:16:01,4.83,0.01,14,6761,买盘
948,11:16:04,4.83,0.0,7,3381,买盘
949,11:16:07,4.83,0.0,10,4830,买盘
950,11:16:16,4.83,0.0,40,19320,买盘
951,11:16:37,4.83,0.0,8,3864,买盘
952,11:16:43,4.82,-0.01,5,2410,卖盘
953,11:16:52,4.83,0.01,90,43470,买盘
954,11:16:57,4.83,0.0,3,1449,买盘
955,11:17:22,4.82,-0.01,13,6266,卖盘
956,11:17:24,4.83,0.01,1,483,买盘
957,11:17:33,4.83,0.0,5,2415,买盘
958,11:18:04,4.83,0.0,5,2415,买盘
959,11:18:10,4.83,0.0,34,16422,买盘
960,11:18:25,4.83,0.0,1,483,买盘
961,11:18:48,4.82,-0.01,36,17352,卖盘
962,11:18:55,4.83,0.01,100,48300,买盘
963,11:18:57,4.83,0.0,2,966,买盘
964,11:19:00,4.82,-0.01,48,23136,卖盘
965,11:19:07,4.82,0.0,25,12032,买盘
966,11:19:09,4.82,0.0,5,2410,买盘
967,11:19:18,4.82,0.0,151,72782,买盘
968,11:19:22,4.82,0.0,59,28438,卖盘
969,11:19:45,4.82,0.0,3,1446,卖盘
970,11:19:49,4.83,0.01,63,30429,买盘
971,11:19:52,4.83,0.0,56,27048,买盘
972,11:19:55,4.83,0.0,47,22701,买盘
973,11:19:58,4.83,0.0,264,127312,买盘
974,11:20:00,4.83,0.0,36,17388,买盘
975,11:20:04,4.83,0.0,159,76797,买盘
976,11:20:07,4.83,0.0,58,28014,买盘
977,11:20:10,4.83,0.0,78,37674,买盘
978,11:20:12,4.83,0.0,92,44436,买盘
979,11:20:19,4.83,0.0,10,4830,买盘
980,11:20:21,4.83,0.0,12,5796,买盘
981,11:20:24,4.83,0.0,12,5796,买盘
982,11:20:28,4.83,0.0,11,5313,买盘
983,11:20:31,4.83,0.0,12,5796,买盘
984,11:20:40,4.83,0.0,23,11109,买盘
985,11:20:43,4.83,0.0,11,5313,买盘
986,11:20:46,4.83,0.0,157,75786,买盘
987,11:20:48,4.83,0.0,11,5313,买盘
988,11:20:54,4.83,0.0,36,17388,买盘
989,11:20:57,4.82,-0.01,5,2410,卖盘
990,11:21:25,4.82,0.0,21,10123,卖盘
991,11:21:34,4.83,0.01,22,10626,买盘
992,11:21:57,4.82,-0.01,464,223648,卖盘
993,11:22:04,4.82,0.0,65,31330,买盘
994,11:22:07,4.82,0.0,18,8676,卖盘
995,11:22:10,4.82,0.0,51,24582,卖盘
996,11:22:21,4.83,0.01,1,483,买盘
997,11:22:45,4.83,0.0,5,2415,买盘
998,11:22:49,4.83,0.0,1,483,买盘
999,11:22:58,4.83,0.0,8,3864,买盘
1000,11:23:19,4.83,0.0,11,5313,买盘
1001,11:23:25,4.83,0.0,5,2415,买盘
1002,11:23:31,4.82,-0.01,10,4820,卖盘
1003,11:24:09,4.83,0.01,10,4830,买盘
1004,11:24:22,4.83,0.0,1,483,买盘
1005,11:24:25,4.83,0.0,9,4347,买盘
1006,11:24:42,4.82,-0.01,200,96400,卖盘
1007,11:24:55,4.82,0.0,11,5302,卖盘
1008,11:25:10,4.83,0.01,4,1932,买盘
1009,11:25:13,4.82,-0.01,21,10122,卖盘
1010,11:25:21,4.83,0.01,1,483,买盘
1011,11:25:30,4.83,0.0,21,10143,买盘
1012,11:26:04,4.83,0.0,26,12538,买盘
1013,11:26:19,4.83,0.0,87,42021,买盘
1014,11:26:25,4.83,0.0,1,483,买盘
1015,11:26:33,4.82,-0.01,13,6266,卖盘
1016,11:26:40,4.82,0.0,120,57840,卖盘
1017,11:26:43,4.82,0.0,10,4820,卖盘
1018,11:26:46,4.82,0.0,1,482,卖盘
1019,11:26:52,4.82,0.0,30,14460,卖盘
1020,11:27:01,4.81,-0.01,126,60620,卖盘
1021,11:27:04,4.81,0.0,137,65908,卖盘
1022,11:27:07,4.81,0.0,45,21645,卖盘
1023,11:27:10,4.82,0.01,1,482,买盘
1024,11:27:22,4.81,-0.01,7,3367,卖盘
1025,11:27:25,4.81,0.0,11,5291,卖盘
1026,11:27:30,4.81,0.0,18,8658,卖盘
1027,11:27:36,4.81,0.0,11,5291,卖盘
1028,11:27:49,4.81,0.0,144,69264,卖盘
1029,11:27:55,4.82,0.01,1,482,买盘
1030,11:28:04,4.82,0.0,62,29884,买盘
1031,11:28:10,4.82,0.0,6,2892,买盘
1032,11:28:19,4.82,0.0,50,24100,买盘
1033,11:28:24,4.82,0.0,32,15424,买盘
1034,11:28:27,4.82,0.0,53,25546,买盘
1035,11:29:34,4.82,0.0,37,17834,买盘
1036,11:29:36,4.82,0.0,21,10122,买盘
1037,11:29:42,4.81,-0.01,90,43290,卖盘
1038,11:29:51,4.81,0.0,45,21645,卖盘
1039,11:30:04,4.82,0.01,36,17352,买盘
1040,13:00:07,4.82,0.0,172,82866,买盘
1041,13:00:09,4.82,0.0,76,36557,买盘
1042,13:00:16,4.82,0.0,11,5302,买盘
1043,13:01:09,4.82,0.0,1,482,买盘
1044,13:01:15,4.82,0.0,30,14460,买盘
1045,13:01:24,4.82,0.0,20,9640,买盘
1046,13:02:21,4.82,0.0,30,14460,买盘
1047,13:02:24,4.81,-0.01,45,21645,卖盘
1048,13:02:54,4.81,0.0,149,71669,卖盘
1049,13:03:06,4.81,0.0,54,25974,卖盘
1050,13:04:27,4.82,0.01,24,11568,买盘
1051,13:05:00,4.82,0.0,2,964,买盘
1052,13:06:04,4.81,-0.01,58,27898,卖盘
1053,13:06:21,4.81,0.0,1,481,卖盘
1054,13:06:30,4.81,0.0,30,14430,卖盘
1055,13:06:39,4.81,0.0,42,20202,卖盘
1056,13:06:48,4.81,0.0,30,14430,卖盘
1057,13:06:52,4.81,0.0,1,481,卖盘
1058,13:07:39,4.81,0.0,215,103603,卖盘
1059,13:08:00,4.81,0.0,37,17797,卖盘
1060,13:08:04,4.81,0.0,22,10582,卖盘
1061,13:08:09,4.82,0.01,13,6266,买盘
1062,13:08:12,4.82,0.0,54,26028,买盘
1063,13:08:15,4.82,0.0,54,26028,买盘
1064,13:08:36,4.82,0.0,9,4338,买盘
1065,13:09:13,4.81,-0.01,60,28860,卖盘
1066,13:09:18,4.82,0.01,14,6748,买盘
1067,13:09:39,4.82,0.0,20,9640,买盘
1068,13:10:15,4.82,0.0,11,5302,买盘
1069,13:10:30,4.82,0.0,14,6748,买盘
1070,13:10:33,4.81,-0.01,1,481,卖盘
1071,13:10:48,4.82,0.01,4,1928,买盘
1072,13:11:10,4.82,0.0,1,482,买盘
1073,13:12:01,4.82,0.0,14,6748,买盘
1074,13:12:46,4.81,-0.01,9,4329,卖盘
1075,13:13:06,4.81,0.0,9,4329,卖盘
1076,13:13:13,4.82,0.01,14,6748,买盘
1077,13:14:30,4.82,0.0,2,964,买盘
1078,13:14:33,4.82,0.0,13,6266,买盘
1079,13:14:49,4.82,0.0,200,96400,买盘
1080,13:15:16,4.82,0.0,40,19280,买盘
1081,13:15:24,4.82,0.0,300,144600,买盘
1082,13:15:39,4.81,-0.01,31,14911,卖盘
1083,13:15:55,4.82,0.01,14,6748,买盘
1084,13:16:22,4.81,-0.01,20,9620,卖盘
1085,13:16:36,4.82,0.01,300,144600,买盘
1086,13:17:04,4.82,0.0,14,6748,买盘
1087,13:17:22,4.81,-0.01,9,4329,卖盘
1088,13:18:15,4.82,0.01,14,6748,买盘
1089,13:19:31,4.82,0.0,12,5784,买盘
1090,13:19:51,4.82,0.0,14,6748,买盘
1091,13:19:54,4.81,-0.01,10,4810,卖盘
1092,13:20:12,4.81,0.0,54,25974,卖盘
1093,13:20:27,4.81,0.0,1,481,卖盘
1094,13:20:31,4.81,0.0,54,25974,卖盘
1095,13:20:34,4.81,0.0,24,11544,卖盘
1096,13:20:40,4.81,0.0,64,30784,卖盘
1097,13:20:42,4.81,0.0,66,31746,卖盘
1098,13:20:51,4.81,0.0,64,30784,卖盘
1099,13:20:58,4.81,0.0,20,9620,卖盘
1100,13:21:04,4.81,0.0,15,7215,卖盘
1101,13:21:13,4.81,0.0,100,48100,卖盘
1102,13:21:43,4.81,0.0,52,25012,卖盘
1103,13:22:00,4.81,0.0,111,53391,卖盘
1104,13:22:06,4.81,0.0,12,5772,卖盘
1105,13:22:16,4.81,0.0,9,4329,卖盘
1106,13:22:30,4.81,0.0,45,21645,卖盘
1107,13:22:55,4.81,0.0,20,9620,卖盘
1108,13:23:09,4.81,0.0,501,240981,卖盘
1109,13:23:16,4.81,0.0,50,24050,卖盘
1110,13:23:22,4.81,0.0,9,4329,卖盘
1111,13:23:25,4.81,0.0,37,17797,卖盘
1112,13:23:27,4.81,0.0,200,96200,卖盘
1113,13:23:33,4.81,0.0,34,16354,卖盘
1114,13:23:37,4.81,0.0,23,11063,卖盘
1115,13:23:39,4.81,0.0,81,38961,卖盘
1116,13:23:42,4.81,0.0,2,962,卖盘
1117,13:23:46,4.81,0.0,30,14430,卖盘
1118,13:23:48,4.81,0.0,7,3367,卖盘
1119,13:23:51,4.81,0.0,4,1924,卖盘
1120,13:23:54,4.81,0.0,2,962,卖盘
1121,13:23:58,4.81,0.0,2,962,卖盘
1122,13:24:04,4.81,0.0,64,30784,卖盘
1123,13:24:06,4.81,0.0,41,19721,卖盘
1124,13:24:12,4.81,0.0,3,1443,卖盘
1125,13:24:18,4.81,0.0,1,481,卖盘
1126,13:24:21,4.81,0.0,221,106301,卖盘
1127,13:24:57,4.81,0.0,23,11063,买盘
1128,13:25:33,4.81,0.0,7,3367,买盘
1129,13:25:43,4.81,0.0,49,23569,买盘
1130,13:25:48,4.81,0.0,11,5291,买盘
1131,13:25:57,4.8,-0.01,10,4800,卖盘
1132,13:26:21,4.81,0.01,13,6253,买盘
1133,13:26:28,4.8,-0.01,10,4800,卖盘
1134,13:26:48,4.81,0.01,9,4329,买盘
1135,13:26:57,4.8,-0.01,10,4800,卖盘
1136,13:27:27,4.8,0.0,10,4800,卖盘
1137,13:27:39,4.81,0.01,14,6734,买盘
1138,13:27:42,4.81,0.0,5,2405,买盘
1139,13:27:52,4.81,0.0,431,207311,买盘
1140,13:27:58,4.81,0.0,10,4810,卖盘
1141,13:28:04,4.82,0.01,1,482,买盘
1142,13:28:09,4.82,0.0,10,4820,买盘
1143,13:28:24,4.82,0.0,2,964,买盘
1144,13:28:27,4.81,-0.01,18,8658,卖盘
1145,13:28:31,4.81,0.0,1,481,卖盘
1146,13:28:48,4.82,0.01,14,6748,买盘
1147,13:29:01,4.81,-0.01,10,4810,卖盘
1148,13:29:06,4.82,0.01,1,482,买盘
1149,13:29:09,4.82,0.0,4,1928,买盘
1150,13:29:24,4.81,-0.01,10,4810,卖盘
1151,13:29:36,4.82,0.01,12,5784,买盘
1152,13:29:45,4.81,-0.01,30,14430,卖盘
1153,13:29:54,4.81,0.0,10,4810,卖盘
1154,13:30:07,4.81,0.0,83,39925,卖盘
1155,13:30:10,4.81,0.0,62,29805,买盘
1156,13:30:28,4.8,-0.01,11,5280,卖盘
1157,13:30:49,4.81,0.01,380,182780,买盘
1158,13:30:58,4.8,-0.01,10,4800,卖盘
1159,13:31:07,4.81,0.01,1,481,买盘
1160,13:31:10,4.81,0.0,14,6734,买盘
1161,13:31:28,4.8,-0.01,10,4800,卖盘
1162,13:31:36,4.8,0.0,3,1440,卖盘
1163,13:31:58,4.8,0.0,10,4800,卖盘
1164,13:32:06,4.81,0.01,1,481,买盘
1165,13:32:09,4.81,0.0,4,1924,买盘
1166,13:32:19,4.81,0.0,14,6734,买盘
1167,13:32:27,4.8,-0.01,10,4800,卖盘
1168,13:32:42,4.81,0.01,15,7215,买盘
1169,13:33:01,4.8,-0.01,10,4800,卖盘
1170,13:33:06,4.81,0.01,1,481,买盘
1171,13:33:09,4.81,0.0,4,1924,买盘
1172,13:33:12,4.81,0.0,10,4810,买盘
1173,13:33:28,4.8,-0.01,10,4800,卖盘
1174,13:33:34,4.81,0.01,13,6253,买盘
1175,13:33:42,4.81,0.0,320,153920,买盘
1176,13:33:48,4.81,0.0,13,6253,买盘
1177,13:33:54,4.8,-0.01,10,4800,卖盘
1178,13:34:04,4.81,0.01,1,481,买盘
1179,13:34:10,4.81,0.0,6,2884,买盘
1180,13:34:24,4.8,-0.01,10,4800,卖盘
1181,13:35:01,4.8,0.0,10,4800,卖盘
1182,13:35:04,4.81,0.01,2,962,买盘
1183,13:35:10,4.81,0.0,548,263079,买盘
1184,13:35:13,4.81,0.0,199,95719,买盘
1185,13:35:24,4.82,0.01,27,13001,买盘
1186,13:35:31,4.81,-0.01,23,11063,卖盘
1187,13:35:36,4.81,0.0,252,121212,卖盘
1188,13:35:43,4.81,0.0,93,44733,卖盘
1189,13:35:46,4.81,0.0,90,43290,卖盘
1190,13:35:48,4.81,0.0,1,481,买盘
1191,13:36:04,4.81,0.0,32,15392,买盘
1192,13:36:07,4.81,0.0,97,46657,买盘
1193,13:36:09,4.81,0.0,244,117364,买盘
1194,13:36:19,4.81,0.0,62,29822,买盘
1195,13:36:36,4.81,0.0,87,41847,买盘
1196,13:36:43,4.81,0.0,41,19721,卖盘
1197,13:36:45,4.81,0.0,2,962,卖盘
1198,13:36:55,4.81,0.0,1,481,卖盘
1199,13:37:07,4.82,0.01,1,482,买盘
1200,13:37:10,4.82,0.0,4,1928,买盘
1201,13:37:13,4.81,-0.01,10,4810,卖盘
1202,13:37:18,4.81,0.0,158,75998,卖盘
1203,13:37:25,4.8,-0.01,18,8640,卖盘
1204,13:37:49,4.81,0.01,1,481,买盘
1205,13:38:06,4.81,0.0,146,70226,买盘
1206,13:38:16,4.81,0.0,20,9620,卖盘
1207,13:38:25,4.81,0.0,28,13468,卖盘
1208,13:38:42,4.81,0.0,101,48581,卖盘
1209,13:38:55,4.82,0.01,514,247248,买盘
1210,13:39:07,4.82,0.0,30,14460,买盘
1211,13:39:10,4.82,0.0,4,1928,买盘
1212,13:39:12,4.81,-0.01,552,265574,卖盘
1213,13:39:24,4.81,0.0,50,24050,卖盘
1214,13:39:30,4.81,0.0,500,240500,卖盘
1215,13:39:37,4.81,0.0,87,41847,卖盘
1216,13:39:42,4.81,0.0,55,26455,卖盘
1217,13:39:45,4.81,0.0,30,14430,卖盘
1218,13:39:51,4.81,0.0,18,8658,卖盘
1219,13:39:57,4.81,0.0,15,7215,卖盘
1220,13:40:04,4.82,0.01,400,192605,买盘
1221,13:40:09,4.82,0.0,4,1928,买盘
1222,13:40:15,4.81,-0.01,60,28860,卖盘
1223,13:40:37,4.82,0.01,18,8676,买盘
1224,13:40:49,4.82,0.0,18,8676,买盘
1225,13:41:04,4.81,-0.01,20,9620,卖盘
1226,13:41:10,4.82,0.01,17,8194,买盘
1227,13:41:24,4.82,0.0,1,482,买盘
1228,13:41:49,4.82,0.0,45,21690,买盘
1229,13:41:51,4.81,-0.01,20,9620,卖盘
1230,13:42:58,4.81,0.0,30,14430,卖盘
1231,13:43:12,4.81,0.0,10,4810,卖盘
1232,13:43:33,4.81,0.0,6,2886,卖盘
1233,13:43:57,4.81,0.0,19,9139,卖盘
1234,13:44:00,4.81,0.0,10,4810,卖盘
1235,13:44:07,4.8,-0.01,755,362752,卖盘
1236,13:44:19,4.8,0.0,1,480,卖盘
1237,13:44:37,4.8,0.0,36,17280,卖盘
1238,13:44:39,4.8,0.0,54,25920,卖盘
1239,13:44:48,4.8,0.0,500,240000,卖盘
1240,13:44:51,4.8,0.0,64,30730,卖盘
1241,13:44:57,4.81,0.01,100,48100,买盘
1242,13:45:00,4.8,-0.01,100,48000,卖盘
1243,13:45:31,4.8,0.0,1,480,卖盘
1244,13:45:52,4.8,0.0,255,122400,卖盘
1245,13:46:00,4.8,0.0,99,47520,卖盘
1246,13:46:13,4.8,0.0,2740,1315200,卖盘
1247,13:46:18,4.8,0.0,102,48960,卖盘
1248,13:46:25,4.8,0.0,9,4320,买盘
1249,13:46:45,4.79,-0.01,9,4311,卖盘
1250,13:46:55,4.8,0.01,5,2400,买盘
1251,13:46:58,4.79,-0.01,19,9101,卖盘
1252,13:47:18,4.79,0.0,5,2395,卖盘
1253,13:47:28,4.79,0.0,10,4790,卖盘
1254,13:47:36,4.79,0.0,50,23950,卖盘
1255,13:48:16,4.8,0.01,10,4800,买盘
1256,13:48:25,4.79,-0.01,22,10538,卖盘
1257,13:48:34,4.8,0.01,98,47040,买盘
1258,13:49:04,4.8,0.0,9,4320,买盘
1259,13:49:06,4.79,-0.01,11,5269,卖盘
1260,13:49:28,4.79,0.0,100,47900,卖盘
1261,13:49:31,4.8,0.01,9,4320,买盘
1262,13:49:52,4.79,-0.01,1,479,卖盘
1263,13:49:58,4.79,0.0,19,9101,卖盘
1264,13:50:19,4.8,0.01,88,42190,买盘
1265,13:50:31,4.8,0.0,160,76800,买盘
1266,13:50:34,4.8,0.0,9,4320,买盘
1267,13:50:49,4.8,0.0,38,18240,买盘
1268,13:50:51,4.8,0.0,50,24000,买盘
1269,13:51:19,4.8,0.0,38,18240,买盘
1270,13:51:34,4.8,0.0,41,19680,买盘
1271,13:51:36,4.8,0.0,80,38400,买盘
1272,13:51:39,4.81,0.01,8,3848,买盘
1273,13:51:48,4.81,0.0,38,18278,买盘
1274,13:52:04,4.79,-0.02,481,230482,卖盘
1275,13:52:13,4.81,0.02,108,51844,买盘
1276,13:52:25,4.79,-0.02,9,4311,卖盘
1277,13:52:31,4.79,0.0,13,6227,卖盘
1278,13:52:34,4.79,0.0,54,25866,卖盘
1279,13:52:36,4.79,0.0,7,3353,卖盘
1280,13:52:40,4.79,0.0,9,4319,卖盘
1281,13:52:43,4.8,0.01,40,19200,买盘
1282,13:52:57,4.79,-0.01,19,9101,卖盘
1283,13:53:04,4.79,0.0,30,14370,卖盘
1284,13:53:33,4.79,0.0,180,86227,卖盘
1285,13:53:45,4.79,0.0,87,41673,卖盘
1286,13:53:55,4.79,0.0,132,63228,卖盘
1287,13:54:04,4.8,0.01,20,9600,买盘
1288,13:54:16,4.8,0.0,73,35040,买盘
1289,13:54:22,4.8,0.0,3,1440,买盘
1290,13:54:30,4.8,0.0,12,5760,买盘
1291,13:54:49,4.79,-0.01,1,479,卖盘
1292,13:55:00,4.8,0.01,20,9600,买盘
1293,13:55:37,4.79,-0.01,1,479,卖盘
1294,13:55:43,4.8,0.01,54,25920,买盘
1295,13:55:46,4.8,0.0,54,25920,买盘
1296,13:55:52,4.8,0.0,105,50400,买盘
1297,13:55:58,4.79,-0.01,18,8622,卖盘
1298,13:56:07,4.79,0.0,36,17244,卖盘
1299,13:56:16,4.79,0.0,2,958,卖盘
1300,13:56:22,4.8,0.01,18,8640,买盘
1301,13:56:25,4.79,-0.01,7,3353,卖盘
1302,13:56:34,4.79,0.0,41,19639,卖盘
1303,13:56:46,4.8,0.01,20,9600,买盘
1304,13:56:49,4.79,-0.01,6,2874,卖盘
1305,13:56:55,4.79,0.0,10,4790,卖盘
1306,13:57:12,4.8,0.01,54,25920,买盘
1307,13:57:25,4.79,-0.01,8,3832,卖盘
1308,13:57:36,4.79,0.0,20,9580,卖盘
1309,13:57:55,4.8,0.01,15,7200,买盘
1310,13:58:01,4.8,0.0,99,47520,买盘
1311,13:58:24,4.8,0.0,52,24960,买盘
1312,13:58:37,4.79,-0.01,10,4790,卖盘
1313,13:59:01,4.79,0.0,19,9101,卖盘
1314,13:59:12,4.79,0.0,13,6229,卖盘
1315,13:59:33,4.79,0.0,11,5269,卖盘
1316,13:59:36,4.79,0.0,5,2395,卖盘
1317,13:59:40,4.79,0.0,837,400923,卖盘
1318,13:59:51,4.8,0.01,9,4320,买盘
1319,14:00:04,4.79,-0.01,100,47900,卖盘
1320,14:00:10,4.79,0.0,152,72808,卖盘
1321,14:00:19,4.79,0.0,33,15807,卖盘
1322,14:00:22,4.79,0.0,74,35446,卖盘
1323,14:00:30,4.79,0.0,13,6227,卖盘
1324,14:00:36,4.79,0.0,9,4311,卖盘
1325,14:00:43,4.79,0.0,154,73766,卖盘
1326,14:00:46,4.79,0.0,21,10059,卖盘
1327,14:00:49,4.79,0.0,105,50295,卖盘
1328,14:00:52,4.79,0.0,323,154717,卖盘
1329,14:00:55,4.79,0.0,29,13891,卖盘
1330,14:00:58,4.79,0.0,423,202560,卖盘
1331,14:01:01,4.79,0.0,56,26824,卖盘
1332,14:01:04,4.78,-0.01,95,45481,卖盘
1333,14:01:10,4.79,0.01,8,3832,买盘
1334,14:01:13,4.78,-0.01,37,17686,卖盘
1335,14:01:22,4.78,0.0,11,5258,卖盘
1336,14:01:25,4.79,0.01,28,13385,买盘
1337,14:01:30,4.78,-0.01,124,59272,卖盘
1338,14:01:46,4.78,0.0,100,47800,卖盘
1339,14:01:58,4.78,0.0,19,9082,卖盘
1340,14:02:10,4.79,0.01,30,14370,买盘
1341,14:02:13,4.78,-0.01,9,4302,卖盘
1342,14:02:31,4.79,0.01,36,17244,买盘
1343,14:02:46,4.79,0.0,100,47900,买盘
1344,14:02:48,4.79,0.0,55,26345,买盘
1345,14:02:55,4.79,0.0,7,3353,买盘
1346,14:03:10,4.79,0.0,29,13891,买盘
1347,14:03:16,4.79,0.0,79,37841,买盘
1348,14:03:24,4.78,-0.01,9,4302,卖盘
1349,14:03:31,4.79,0.01,5,2395,买盘
1350,14:03:39,4.79,0.0,200,95800,买盘
1351,14:03:43,4.8,0.01,223,106814,买盘
1352,14:03:46,4.79,-0.01,1,479,卖盘
1353,14:03:55,4.8,0.01,54,25920,买盘
1354,14:03:58,4.79,-0.01,2,958,卖盘
1355,14:04:01,4.8,0.01,15,7200,买盘
1356,14:04:06,4.8,0.0,55,26400,买盘
1357,14:04:15,4.8,0.0,17,8160,买盘
1358,14:04:40,4.8,0.0,60,28800,买盘
1359,14:04:46,4.8,0.0,54,25920,买盘
1360,14:04:48,4.79,-0.01,23,11017,卖盘
1361,14:04:52,4.8,0.01,3,1440,买盘
1362,14:05:00,4.79,-0.01,19,9101,卖盘
1363,14:05:04,4.79,0.0,17,8143,卖盘
1364,14:05:16,4.8,0.01,8,3840,买盘
1365,14:05:30,4.79,-0.01,70,33530,卖盘
1366,14:05:52,4.8,0.01,22,10543,买盘
1367,14:06:09,4.79,-0.01,311,149026,卖盘
1368,14:06:16,4.79,0.0,8,3832,买盘
1369,14:06:22,4.79,0.0,73,34967,买盘
1370,14:06:28,4.79,0.0,18,8622,买盘
1371,14:06:40,4.79,0.0,37,17706,买盘
1372,14:06:42,4.79,0.0,10,4790,买盘
1373,14:06:48,4.79,0.0,45,21498,买盘
1374,14:06:55,4.79,0.0,84,40236,卖盘
1375,14:07:19,4.8,0.01,490,234486,买盘
1376,14:07:28,4.79,-0.01,215,102985,卖盘
1377,14:07:31,4.78,-0.01,38,18184,卖盘
1378,14:07:34,4.79,0.01,62,29686,买盘
1379,14:07:45,4.79,0.0,10,4790,买盘
1380,14:07:55,4.79,0.0,133,63707,买盘
1381,14:08:01,4.79,0.0,35,16765,卖盘
1382,14:08:04,4.79,0.0,25,11975,买盘
1383,14:08:09,4.8,0.01,44,21083,买盘
1384,14:08:16,4.79,-0.01,118,56522,买盘
1385,14:08:25,4.78,-0.01,19,9082,卖盘
1386,14:08:31,4.79,0.01,1,479,买盘
1387,14:08:49,4.79,0.0,46,22034,买盘
1388,14:08:52,4.79,0.0,43,20597,买盘
1389,14:08:54,4.79,0.0,120,57480,买盘
1390,14:09:06,4.79,0.0,23,11017,卖盘
1391,14:09:12,4.79,0.0,1,479,卖盘
1392,14:09:22,4.8,0.01,2,960,买盘
1393,14:09:25,4.79,-0.01,92,44068,卖盘
1394,14:09:28,4.79,0.0,32,15328,卖盘
1395,14:09:48,4.79,0.0,90,43110,买盘
1396,14:09:55,4.79,0.0,8,3832,卖盘
1397,14:09:57,4.79,0.0,3,1437,卖盘
1398,14:10:09,4.79,0.0,17,8143,买盘
1399,14:10:15,4.79,0.0,58,27782,卖盘
1400,14:10:21,4.79,0.0,11,5269,卖盘
1401,14:10:25,4.79,0.0,3,1437,卖盘
1402,14:10:28,4.8,0.01,54,25920,买盘
1403,14:10:45,4.8,0.0,18,8640,买盘
1404,14:11:16,4.8,0.0,1,480,买盘
1405,14:11:45,4.79,-0.01,10,4790,卖盘
1406,14:12:19,4.79,0.0,1,479,卖盘
1407,14:12:55,4.79,0.0,6,2874,卖盘
1408,14:13:22,4.79,0.0,18,8622,卖盘
1409,14:13:27,4.8,0.01,30,14400,买盘
1410,14:13:37,4.79,-0.01,3,1437,卖盘
1411,14:13:40,4.79,0.0,50,23990,卖盘
1412,14:13:42,4.8,0.01,18,8640,买盘
1413,14:14:06,4.79,-0.01,71,34010,卖盘
1414,14:14:37,4.8,0.01,1,480,买盘
1415,14:14:45,4.79,-0.01,358,171482,卖盘
1416,14:14:51,4.8,0.01,9,4320,买盘
1417,14:15:04,4.79,-0.01,1,479,卖盘
1418,14:15:21,4.79,0.0,1,479,卖盘
1419,14:15:25,4.79,0.0,11,5269,卖盘
1420,14:15:46,4.79,0.0,14,6706,卖盘
1421,14:15:49,4.79,0.0,32,15328,卖盘
1422,14:16:00,4.79,0.0,17,8143,卖盘
1423,14:16:10,4.79,0.0,45,21555,卖盘
1424,14:16:19,4.8,0.01,9,4320,买盘
1425,14:16:22,4.79,-0.01,10,4790,卖盘
1426,14:17:15,4.79,0.0,223,106817,卖盘
1427,14:17:22,4.79,0.0,108,51740,卖盘
1428,14:17:37,4.79,0.0,178,85262,卖盘
1429,14:18:21,4.79,0.0,496,237592,卖盘
1430,14:18:27,4.79,0.0,54,25826,买盘
1431,14:18:52,4.79,0.0,370,177230,买盘
1432,14:18:58,4.78,-0.01,200,95730,卖盘
1433,14:19:04,4.79,0.01,48,22992,卖盘
1434,14:19:06,4.79,0.0,7,3353,买盘
1435,14:19:16,4.79,0.0,46,22034,买盘
1436,14:19:30,4.79,0.0,10,4790,卖盘
1437,14:19:37,4.78,-0.01,106,50767,卖盘
1438,14:20:25,4.79,0.01,34,16286,卖盘
1439,14:21:10,4.79,0.0,7,3353,买盘
1440,14:21:43,4.78,-0.01,150,71700,卖盘
1441,14:21:49,4.79,0.01,10,4790,买盘
1442,14:21:58,4.79,0.0,11,5269,买盘
1443,14:22:04,4.78,-0.01,40,19140,卖盘
1444,14:22:07,4.79,0.01,12,5748,买盘
1445,14:22:18,4.79,0.0,31,14849,买盘
1446,14:22:31,4.8,0.01,8,3840,买盘
1447,14:23:00,4.8,0.0,3,1440,买盘
1448,14:23:04,4.79,-0.01,1,479,卖盘
1449,14:23:18,4.79,0.0,10,4790,卖盘
1450,14:23:24,4.8,0.01,9,4320,买盘
1451,14:23:51,4.79,-0.01,11,5269,卖盘
1452,14:24:10,4.79,0.0,40,19160,卖盘
1453,14:24:19,4.79,0.0,102,48858,卖盘
1454,14:24:21,4.8,0.01,1,480,买盘
1455,14:24:37,4.8,0.0,5,2400,买盘
1456,14:24:43,4.79,-0.01,40,19160,卖盘
1457,14:24:48,4.79,0.0,14,6706,卖盘
1458,14:24:54,4.79,0.0,61,29219,卖盘
1459,14:25:10,4.79,0.0,10,4790,卖盘
1460,14:25:25,4.79,0.0,27,12933,卖盘
1461,14:26:04,4.79,0.0,100,47900,卖盘
1462,14:26:39,4.8,0.01,1,480,买盘
1463,14:26:48,4.79,-0.01,5,2395,卖盘
1464,14:27:04,4.8,0.01,36,17280,买盘
1465,14:27:07,4.8,0.0,9,4320,买盘
1466,14:27:10,4.8,0.0,9,4320,买盘
1467,14:27:13,4.79,-0.01,9,4311,卖盘
1468,14:27:45,4.8,0.01,10,4800,买盘
1469,14:27:58,4.79,-0.01,117,56043,卖盘
1470,14:28:16,4.79,0.0,470,225430,卖盘
1471,14:28:22,4.79,0.0,482,230878,卖盘
1472,14:28:30,4.79,0.0,104,49816,卖盘
1473,14:28:34,4.79,0.0,5,2395,卖盘
1474,14:28:36,4.79,0.0,82,39278,卖盘
1475,14:28:42,4.78,-0.01,18,8612,卖盘
1476,14:28:45,4.79,0.01,254,121612,买盘
1477,14:28:52,4.78,-0.01,23,11005,卖盘
1478,14:28:55,4.79,0.01,8,3832,买盘
1479,14:29:10,4.78,-0.01,5,2390,卖盘
1480,14:29:18,4.78,0.0,9,4306,卖盘
1481,14:29:25,4.78,0.0,5,2390,卖盘
1482,14:29:30,4.78,0.0,10,4780,卖盘
1483,14:29:39,4.78,0.0,2,956,卖盘
1484,14:29:54,4.79,0.01,301,144179,买盘
1485,14:29:58,4.79,0.0,106,50774,买盘
1486,14:30:10,4.78,-0.01,42,20076,卖盘
1487,14:30:25,4.78,0.0,32,15296,卖盘
1488,14:30:31,4.79,0.01,35,16765,买盘
1489,14:30:49,4.79,0.0,301,144179,买盘
1490,14:30:51,4.79,0.0,699,334821,卖盘
1491,14:31:00,4.79,0.0,233,111607,买盘
1492,14:31:07,4.79,0.0,5,2395,买盘
1493,14:31:10,4.78,-0.01,1,478,卖盘
1494,14:31:16,4.79,0.01,20,9580,买盘
1495,14:31:25,4.79,0.0,50,23948,买盘
1496,14:31:28,4.79,0.0,116,55564,卖盘
1497,14:31:37,4.79,0.0,5,2395,卖盘
1498,14:31:51,4.79,0.0,168,80472,卖盘
1499,14:32:13,4.8,0.01,7,3358,买盘
1500,14:32:19,4.8,0.0,291,139680,买盘
1501,14:32:22,4.8,0.0,8,3840,买盘
1502,14:32:25,4.79,-0.01,2,958,卖盘
1503,14:32:28,4.8,0.01,36,17280,买盘
1504,14:32:40,4.79,-0.01,1,479,卖盘
1505,14:32:43,4.79,0.0,3,1437,卖盘
1506,14:32:57,4.79,0.0,3,1437,卖盘
1507,14:33:07,4.8,0.01,50,24000,买盘
1508,14:33:10,4.79,-0.01,482,230878,卖盘
1509,14:33:22,4.8,0.01,8,3840,买盘
1510,14:33:25,4.79,-0.01,3,1437,卖盘
1511,14:33:39,4.79,0.0,3,1437,卖盘
1512,14:33:43,4.79,0.0,57,27357,卖盘
1513,14:33:45,4.8,0.01,1,480,买盘
1514,14:33:49,4.79,-0.01,2,958,卖盘
1515,14:34:09,4.79,0.0,2,958,卖盘
1516,14:34:22,4.79,0.0,288,137960,卖盘
1517,14:34:28,4.8,0.01,104,49920,买盘
1518,14:34:36,4.79,-0.01,200,95800,卖盘
1519,14:34:40,4.79,0.0,4,1916,卖盘
1520,14:34:43,4.79,0.0,2,958,卖盘
1521,14:35:09,4.79,0.0,5,2395,卖盘
1522,14:35:24,4.8,0.01,379,181550,买盘
1523,14:35:40,4.79,-0.01,6,2874,卖盘
1524,14:35:43,4.79,0.0,1,479,卖盘
1525,14:35:57,4.8,0.01,200,96000,买盘
1526,14:36:04,4.8,0.0,100,48000,买盘
1527,14:36:27,4.8,0.0,1,480,买盘
1528,14:36:31,4.8,0.0,8,3840,买盘
1529,14:36:39,4.8,0.0,216,103679,买盘
1530,14:36:46,4.8,0.0,10,4800,买盘
1531,14:36:48,4.8,0.0,105,50399,买盘
1532,14:36:52,4.79,-0.01,25,11975,卖盘
1533,14:37:10,4.79,0.0,5,2395,卖盘
1534,14:37:27,4.8,0.01,8,3840,买盘
1535,14:37:31,4.8,0.0,8,3840,买盘
1536,14:37:37,4.79,-0.01,2,958,卖盘
1537,14:37:39,4.79,0.0,1,479,卖盘
1538,14:37:58,4.8,0.01,27,12960,买盘
1539,14:38:04,4.8,0.0,62,29748,买盘
1540,14:38:13,4.79,-0.01,315,150885,卖盘
1541,14:38:19,4.8,0.01,293,140640,买盘
1542,14:38:25,4.81,0.01,7,3367,买盘
1543,14:38:27,4.8,-0.01,10,4800,卖盘
1544,14:38:43,4.8,0.0,104,49920,卖盘
1545,14:38:48,4.8,0.0,70,33600,卖盘
1546,14:38:55,4.8,0.0,16,7680,卖盘
1547,14:38:58,4.8,0.0,50,24000,卖盘
1548,14:39:07,4.81,0.01,25,12025,买盘
1549,14:39:10,4.8,-0.01,26,12480,卖盘
1550,14:39:15,4.8,0.0,289,138720,卖盘
1551,14:39:18,4.81,0.01,1,481,买盘
1552,14:39:22,4.8,-0.01,475,228000,卖盘
1553,14:39:43,4.8,0.0,54,25920,买盘
1554,14:39:52,4.8,0.0,20,9600,买盘
1555,14:39:55,4.8,0.0,19,9120,买盘
1556,14:39:58,4.8,0.0,5,2400,买盘
1557,14:40:10,4.79,-0.01,14,6706,卖盘
1558,14:40:22,4.8,0.01,94,45120,买盘
1559,14:40:25,4.8,0.0,1,480,卖盘
1560,14:40:31,4.8,0.0,70,33600,卖盘
1561,14:40:34,4.8,0.0,79,37920,卖盘
1562,14:40:37,4.8,0.0,16,7680,卖盘
1563,14:40:39,4.8,0.0,16,7680,卖盘
1564,14:40:42,4.81,0.01,3,1443,买盘
1565,14:40:55,4.8,-0.01,5,2400,卖盘
1566,14:41:00,4.8,0.0,18,8640,卖盘
1567,14:41:06,4.8,0.0,97,46560,卖盘
1568,14:41:28,4.8,0.0,181,86867,买盘
1569,14:41:34,4.8,0.0,19,9120,卖盘
1570,14:41:37,4.8,0.0,1,480,中性盘
1571,14:41:40,4.8,0.0,23,11040,买盘
1572,14:41:43,4.8,0.0,1,480,卖盘
1573,14:41:45,4.8,0.0,17,8160,卖盘
1574,14:41:55,4.8,0.0,167,80160,买盘
1575,14:42:01,4.8,0.0,30,14400,卖盘
1576,14:42:10,4.8,0.0,69,33120,卖盘
1577,14:42:13,4.8,0.0,9,4320,卖盘
1578,14:42:19,4.8,0.0,125,60000,卖盘
1579,14:42:51,4.8,0.0,54,25920,卖盘
1580,14:42:54,4.8,0.0,18,8640,卖盘
1581,14:43:01,4.81,0.01,22,10582,买盘
1582,14:43:07,4.81,0.0,1,481,买盘
1583,14:43:16,4.81,0.0,10,4810,买盘
1584,14:43:19,4.8,-0.01,17,8160,卖盘
1585,14:43:39,4.8,0.0,5,2400,卖盘
1586,14:43:54,4.8,0.0,24,11520,卖盘
1587,14:44:10,4.8,0.0,121,58080,卖盘
1588,14:44:15,4.81,0.01,10,4810,买盘
1589,14:44:36,4.81,0.0,30,14430,买盘
1590,14:44:40,4.8,-0.01,6,2880,卖盘
1591,14:44:46,4.8,0.0,98,47040,卖盘
1592,14:44:58,4.8,0.0,30,14400,卖盘
1593,14:45:07,4.8,0.0,100,48000,卖盘
1594,14:45:09,4.8,0.0,5,2400,卖盘
1595,14:45:13,4.8,0.0,6,2880,卖盘
1596,14:45:16,4.81,0.01,10,4810,买盘
1597,14:45:33,4.8,-0.01,3,1440,卖盘
1598,14:45:39,4.8,0.0,5,2400,卖盘
1599,14:45:52,4.8,0.0,142,68160,卖盘
1600,14:45:57,4.8,0.0,21,10080,卖盘
1601,14:46:04,4.8,0.0,6,2880,卖盘
1602,14:46:09,4.8,0.0,10,4800,卖盘
1603,14:46:13,4.8,0.0,2,960,卖盘
1604,14:46:16,4.81,0.01,9,4329,买盘
1605,14:46:37,4.8,-0.01,20,9600,卖盘
1606,14:46:40,4.8,0.0,7,3360,卖盘
1607,14:46:54,4.8,0.0,6,2880,卖盘
1608,14:46:58,4.8,0.0,20,9600,卖盘
1609,14:47:10,4.8,0.0,8,3840,卖盘
1610,14:47:13,4.8,0.0,6,2880,卖盘
1611,14:47:16,4.81,0.01,11,5291,买盘
1612,14:47:19,4.8,-0.01,1,480,卖盘
1613,14:47:25,4.81,0.01,41,19721,买盘
1614,14:47:40,4.8,-0.01,7,3360,卖盘
1615,14:47:43,4.8,0.0,102,49004,卖盘
1616,14:47:45,4.8,0.0,6,2880,卖盘
1617,14:47:52,4.81,0.01,100,48100,买盘
1618,14:48:10,4.8,-0.01,9,4320,卖盘
1619,14:48:13,4.8,0.0,26,12500,卖盘
1620,14:48:19,4.81,0.01,44,21164,买盘
1621,14:48:22,4.8,-0.01,1,480,卖盘
1622,14:48:40,4.8,0.0,11,5280,卖盘
1623,14:48:46,4.81,0.01,15,7215,买盘
1624,14:48:52,4.81,0.0,19,9139,买盘
1625,14:49:07,4.81,0.0,54,25974,买盘
1626,14:49:10,4.81,0.0,85,40877,买盘
1627,14:49:13,4.8,-0.01,124,59641,卖盘
1628,14:49:25,4.81,0.01,65,31265,买盘
1629,14:49:28,4.81,0.0,25,12025,买盘
1630,14:49:37,4.81,0.0,172,82732,买盘
1631,14:49:39,4.81,0.0,17,8169,买盘
1632,14:49:42,4.81,0.0,162,77922,买盘
1633,14:49:52,4.81,0.0,13,6253,买盘
1634,14:50:01,4.81,0.0,18,8658,买盘
1635,14:50:07,4.8,-0.01,2,960,卖盘
1636,14:50:10,4.81,0.01,15,7205,买盘
1637,14:50:13,4.8,-0.01,2,960,卖盘
1638,14:50:15,4.81,0.01,101,48490,买盘
1639,14:50:22,4.8,-0.01,53,25440,卖盘
1640,14:50:25,4.8,0.0,20,9609,卖盘
1641,14:50:28,4.81,0.01,100,48100,买盘
1642,14:50:31,4.8,-0.01,112,53760,卖盘
1643,14:50:33,4.81,0.01,25,12025,买盘
1644,14:50:37,4.81,0.0,213,102453,买盘
1645,14:50:40,4.8,-0.01,11,5280,卖盘
1646,14:50:43,4.81,0.01,74,35594,买盘
1647,14:50:49,4.81,0.0,15,7215,买盘
1648,14:50:57,4.81,0.0,1578,759008,买盘
1649,14:51:04,4.81,0.0,84,40404,买盘
1650,14:51:07,4.81,0.0,58,27896,买盘
1651,14:51:09,4.81,0.0,274,131794,买盘
1652,14:51:15,4.81,0.0,2,962,卖盘
1653,14:51:18,4.82,0.01,1,482,买盘
1654,14:51:22,4.82,0.0,8,3856,买盘
1655,14:51:31,4.81,-0.01,30,14430,卖盘
1656,14:51:34,4.81,0.0,684,329004,卖盘
1657,14:51:36,4.81,0.0,1,481,卖盘
1658,14:51:46,4.81,0.0,2,962,卖盘
1659,14:51:55,4.81,0.0,342,164502,卖盘
1660,14:52:01,4.81,0.0,54,25974,卖盘
1661,14:52:13,4.81,0.0,285,137085,卖盘
1662,14:52:22,4.81,0.0,10,4810,买盘
1663,14:52:25,4.8,-0.01,8,3840,卖盘
1664,14:52:34,4.81,0.01,21,10101,买盘
1665,14:52:40,4.81,0.0,50,24050,买盘
1666,14:52:46,4.81,0.0,69,33148,买盘
1667,14:52:54,4.81,0.0,3,1443,买盘
1668,14:53:01,4.81,0.0,50,24050,买盘
1669,14:53:12,4.8,-0.01,1,480,卖盘
1670,14:53:25,4.8,0.0,1,480,卖盘
1671,14:53:28,4.81,0.01,54,25974,买盘
1672,14:53:31,4.81,0.0,54,25974,买盘
1673,14:53:34,4.8,-0.01,94,45174,卖盘
1674,14:53:40,4.8,0.0,67,32214,卖盘
1675,14:53:43,4.81,0.01,76,36556,买盘
1676,14:53:46,4.8,-0.01,150,72050,卖盘
1677,14:53:49,4.81,0.01,575,276575,买盘
1678,14:54:01,4.81,0.0,888,427128,买盘
1679,14:54:04,4.8,-0.01,4,1920,卖盘
1680,14:54:07,4.81,0.01,505,242905,买盘
1681,14:54:12,4.81,0.0,137,65897,卖盘
1682,14:54:16,4.82,0.01,54,26024,买盘
1683,14:54:28,4.81,-0.01,385,185185,卖盘
1684,14:54:31,4.81,0.0,334,160654,卖盘
1685,14:54:34,4.82,0.01,52,25064,买盘
1686,14:54:49,4.82,0.0,3,1446,买盘
1687,14:54:58,4.81,-0.01,443,213363,卖盘
1688,14:55:04,4.82,0.01,50,24100,买盘
1689,14:55:10,4.82,0.0,63,30363,买盘
1690,14:55:19,4.81,-0.01,7,3367,卖盘
1691,14:55:22,4.81,0.0,408,196270,卖盘
1692,14:55:25,4.82,0.01,38,18315,买盘
1693,14:55:43,4.81,-0.01,139,66859,卖盘
1694,14:55:55,4.82,0.01,46,22162,买盘
1695,14:56:04,4.81,-0.01,25,12025,卖盘
1696,14:56:19,4.81,0.0,2,962,卖盘
1697,14:56:21,4.82,0.01,52,25024,买盘
1698,14:56:24,4.82,0.0,26,12532,买盘
1699,14:56:36,4.81,-0.01,23,11063,卖盘
1700,14:56:40,4.82,0.01,31,14942,买盘
1701,14:56:52,4.81,-0.01,74,35648,卖盘
1702,14:56:55,4.82,0.01,54,26028,买盘
1703,14:56:58,4.82,0.0,54,26028,买盘
1704,14:57:00,4.82,0.0,40,19280,买盘
1705,15:00:04,4.82,0.0,990,477180,卖盘
