,time,price,change,volume,amount,type
0,09:25:05,8.81,-0.05,28,24668,卖盘
1,09:30:04,8.84,0.03,25,22048,中性盘
2,09:30:16,8.84,0.0,3,2652,买盘
3,09:30:46,8.84,0.0,5,4420,卖盘
4,09:30:58,8.84,0.0,93,82212,卖盘
5,09:31:36,8.84,0.0,12,10608,买盘
6,09:31:54,8.84,0.0,36,31824,卖盘
7,09:32:07,8.84,0.0,2,1768,卖盘
8,09:32:24,8.81,-0.03,31,27311,卖盘
9,09:32:27,8.83,0.02,27,23841,买盘
10,09:33:07,8.83,0.0,7,6181,卖盘
11,09:33:12,8.83,0.0,60,52980,卖盘
12,09:33:19,8.83,0.0,31,27373,卖盘
13,09:33:28,8.83,0.0,3,2649,卖盘
14,09:33:42,8.82,-0.01,29,25578,卖盘
15,09:34:04,8.84,0.02,34,30028,买盘
16,09:34:07,8.82,-0.02,87,76794,卖盘
17,09:35:40,8.84,0.02,5,4420,卖盘
18,09:36:16,8.82,-0.02,200,176439,卖盘
19,09:36:34,8.82,0.0,139,122698,卖盘
20,09:36:37,8.82,0.0,3,2646,买盘
21,09:36:39,8.82,0.0,8,7056,买盘
22,09:36:49,8.8,-0.02,370,325816,卖盘
23,09:37:04,8.78,-0.02,91,79912,卖盘
24,09:37:07,8.8,0.02,24,21100,买盘
25,09:37:18,8.76,-0.04,47,41172,卖盘
26,09:37:25,8.76,0.0,3,2628,买盘
27,09:37:28,8.75,-0.01,37,32407,卖盘
28,09:37:36,8.76,0.01,13,11399,卖盘
29,09:37:43,8.76,0.0,22,19272,买盘
30,09:37:45,8.76,0.0,2,1752,卖盘
31,09:37:49,8.75,-0.01,25,21877,卖盘
32,09:37:55,8.76,0.01,11,9636,卖盘
33,09:37:57,8.76,0.0,6,5256,买盘
34,09:38:01,8.76,0.0,33,28908,买盘
35,09:38:04,8.77,0.01,2,1754,买盘
36,09:38:07,8.77,0.0,1,877,买盘
37,09:38:12,8.77,0.0,2,1754,买盘
38,09:38:25,8.77,0.0,41,35957,卖盘
39,09:38:37,8.76,-0.01,47,41225,卖盘
40,09:38:43,8.76,0.0,40,35142,卖盘
41,09:38:52,8.78,0.02,24,21068,卖盘
42,09:39:00,8.75,-0.03,349,305608,卖盘
43,09:39:04,8.75,0.0,25,21875,买盘
44,09:39:06,8.75,0.0,30,26250,买盘
45,09:39:09,8.7,-0.05,641,558514,卖盘
46,09:39:13,8.75,0.05,1,875,买盘
47,09:39:16,8.75,0.0,10,8750,买盘
48,09:39:19,8.7,-0.05,639,555930,卖盘
49,09:39:21,8.7,0.0,8,6960,买盘
50,09:39:31,8.7,0.0,7,6105,卖盘
51,09:39:43,8.7,0.0,5,4350,卖盘
52,09:39:46,8.7,0.0,21,18270,卖盘
53,09:39:49,8.7,0.0,99,86190,卖盘
54,09:39:52,8.7,0.0,20,17400,买盘
55,09:39:55,8.7,0.0,7,6090,买盘
56,09:39:58,8.69,-0.01,23,20007,卖盘
57,09:40:01,8.7,0.01,10,8700,买盘
58,09:40:04,8.7,0.0,30,26100,买盘
59,09:40:13,8.7,0.0,31,26970,卖盘
60,09:40:15,8.7,0.0,21,18270,买盘
61,09:40:18,8.7,0.0,100,87000,买盘
62,09:40:22,8.7,0.0,86,74820,买盘
63,09:40:25,8.72,0.02,10,8720,买盘
64,09:40:28,8.72,0.0,10,8720,买盘
65,09:40:30,8.73,0.01,1,873,买盘
66,09:40:34,8.73,0.0,2,1746,买盘
67,09:40:37,8.73,0.0,1,873,买盘
68,09:40:43,8.72,-0.01,50,43600,卖盘
69,09:40:48,8.73,0.01,5,4365,买盘
70,09:40:52,8.72,-0.01,16,13952,卖盘
71,09:40:55,8.72,0.0,10,8720,买盘
72,09:40:57,8.72,0.0,20,17440,买盘
73,09:41:01,8.72,0.0,54,47063,买盘
74,09:41:04,8.72,0.0,20,17440,买盘
75,09:41:07,8.71,-0.01,51,44460,卖盘
76,09:41:15,8.71,0.0,25,21775,卖盘
77,09:41:25,8.72,0.01,4,3488,卖盘
78,09:41:30,8.73,0.01,10,8730,买盘
79,09:41:49,8.73,0.0,50,43650,卖盘
80,09:41:58,8.73,0.0,50,43681,卖盘
81,09:42:04,8.73,0.0,50,43660,卖盘
82,09:42:09,8.78,0.05,30,26340,买盘
83,09:42:12,8.73,-0.05,50,43680,卖盘
84,09:42:30,8.77,0.04,13,11401,买盘
85,09:42:34,8.74,-0.03,41,35868,卖盘
86,09:42:37,8.77,0.03,20,17483,买盘
87,09:42:42,8.74,-0.03,50,43700,卖盘
88,09:43:13,8.75,0.01,8,7000,买盘
89,09:43:22,8.75,0.0,16,14000,买盘
90,09:43:24,8.75,0.0,47,41125,买盘
91,09:43:27,8.76,0.01,80,70030,买盘
92,09:43:34,8.73,-0.03,525,458578,卖盘
93,09:43:52,8.76,0.03,5,4380,买盘
94,09:43:55,8.7,-0.06,300,261488,卖盘
95,09:44:04,8.7,0.0,50,43500,卖盘
96,09:44:06,8.7,0.0,40,34800,卖盘
97,09:44:18,8.74,0.04,2,1748,买盘
98,09:44:33,8.73,-0.01,4,3492,买盘
99,09:44:39,8.72,-0.01,40,34880,卖盘
100,09:44:42,8.73,0.01,10,8730,买盘
101,09:44:45,8.73,0.0,7,6111,买盘
102,09:44:49,8.73,0.0,961,838953,买盘
103,09:44:52,8.74,0.01,29,25346,买盘
104,09:44:58,8.74,0.0,3,2622,买盘
105,09:45:13,8.75,0.01,3,2625,买盘
106,09:45:19,8.72,-0.03,106,92494,卖盘
107,09:45:21,8.74,0.02,5,4370,中性盘
108,09:45:25,8.71,-0.03,300,261329,卖盘
109,09:46:04,8.73,0.02,9,7857,卖盘
110,09:46:10,8.73,0.0,9,7857,买盘
111,09:46:19,8.73,0.0,10,8730,买盘
112,09:46:30,8.73,0.0,26,22698,买盘
113,09:46:36,8.73,0.0,8,6984,买盘
114,09:47:04,8.73,0.0,11,9603,买盘
115,09:47:09,8.73,0.0,2,1746,买盘
116,09:47:12,8.73,0.0,10,8730,买盘
117,09:47:18,8.73,0.0,2,1746,买盘
118,09:47:22,8.73,0.0,33,28809,买盘
119,09:47:28,8.73,0.0,110,95930,买盘
120,09:47:33,8.72,-0.01,41,35752,卖盘
121,09:47:42,8.73,0.01,9,7857,买盘
122,09:47:51,8.72,-0.01,87,75864,卖盘
123,09:47:54,8.75,0.03,130,113718,买盘
124,09:48:04,8.78,0.03,1,878,买盘
125,09:48:51,8.78,0.0,9,7902,买盘
126,09:48:54,8.78,0.0,1,878,卖盘
127,09:48:57,8.78,0.0,2,1756,卖盘
128,09:49:00,8.78,0.0,1,878,卖盘
129,09:49:04,8.78,0.0,61,53558,卖盘
130,09:49:07,8.78,0.0,3,2634,卖盘
131,09:49:10,8.78,0.0,2,1756,卖盘
132,09:49:22,8.76,-0.02,1,876,卖盘
133,09:49:27,8.76,0.0,1,876,卖盘
134,09:49:46,8.75,-0.01,20,17500,卖盘
135,09:49:55,8.75,0.0,2,1750,卖盘
136,09:50:21,8.75,0.0,5,4375,买盘
137,09:50:28,8.75,0.0,5,4375,买盘
138,09:50:36,8.75,0.0,28,24500,买盘
139,09:51:04,8.75,0.0,50,43750,卖盘
140,09:51:27,8.75,0.0,3,2625,卖盘
141,09:51:31,8.76,0.01,19,16639,买盘
142,09:51:43,8.76,0.0,6,5256,卖盘
143,09:51:51,8.76,0.0,16,14016,卖盘
144,09:52:16,8.75,-0.01,61,53375,卖盘
145,09:52:22,8.75,0.0,60,52500,买盘
146,09:52:31,8.75,0.0,32,28000,买盘
147,09:52:36,8.77,0.02,6,5258,买盘
148,09:53:12,8.77,0.0,10,8770,买盘
149,09:53:49,8.77,0.0,20,17540,买盘
150,09:54:34,8.77,0.0,20,17540,买盘
151,09:54:45,8.77,0.0,3,2631,买盘
152,09:54:49,8.77,0.0,29,25432,买盘
153,09:55:12,8.77,0.0,15,13155,买盘
154,09:56:04,8.77,0.0,26,22802,卖盘
155,09:56:15,8.77,0.0,18,15786,卖盘
156,09:56:33,8.75,-0.02,195,170657,卖盘
157,09:56:52,8.75,0.0,37,32375,买盘
158,09:57:22,8.74,-0.01,100,87422,卖盘
159,09:57:30,8.76,0.02,5,4380,买盘
160,09:57:37,8.76,0.0,5,4380,买盘
161,09:57:46,8.76,0.0,16,14016,卖盘
162,09:57:48,8.77,0.01,183,160487,买盘
163,09:58:25,8.77,0.0,3,2631,买盘
164,09:58:49,8.78,0.01,55,48290,卖盘
165,09:58:52,8.78,0.0,2,1756,卖盘
166,09:59:16,8.77,-0.01,42,36834,卖盘
167,09:59:19,8.77,0.0,8,7016,卖盘
168,09:59:52,8.76,-0.01,2,1752,中性盘
169,09:59:55,8.77,0.01,4,3508,买盘
170,10:00:16,8.77,0.0,10,8770,买盘
171,10:01:01,8.76,-0.01,4,3504,买盘
172,10:01:18,8.76,0.0,12,10512,卖盘
173,10:01:24,8.76,0.0,58,50828,卖盘
174,10:01:31,8.76,0.0,2,1752,买盘
175,10:01:34,8.76,0.0,12,10512,买盘
176,10:01:40,8.76,0.0,8,7008,卖盘
177,10:02:16,8.77,0.01,26,22802,买盘
178,10:02:34,8.76,-0.01,20,17526,卖盘
179,10:03:01,8.77,0.01,10,8770,买盘
180,10:03:27,8.78,0.01,6,5268,卖盘
181,10:03:34,8.78,0.0,13,11414,卖盘
182,10:04:36,8.78,0.0,12,10536,卖盘
183,10:04:49,8.78,0.0,15,13170,卖盘
184,10:04:52,8.76,-0.02,617,541253,卖盘
185,10:05:06,8.76,0.0,202,176952,卖盘
186,10:06:16,8.77,0.01,11,9647,卖盘
187,10:06:21,8.77,0.0,2,1754,买盘
188,10:06:46,8.76,-0.01,8,7008,卖盘
189,10:07:16,8.75,-0.01,5,4375,卖盘
190,10:07:19,8.78,0.03,24,21035,买盘
191,10:07:21,8.78,0.0,2,1756,卖盘
192,10:07:24,8.78,0.0,4,3512,卖盘
193,10:07:28,8.78,0.0,4,3512,卖盘
194,10:07:31,8.78,0.0,1,878,卖盘
195,10:07:33,8.78,0.0,1,878,卖盘
196,10:07:37,8.78,0.0,48,42144,卖盘
197,10:07:40,8.78,0.0,1,878,卖盘
198,10:07:42,8.78,0.0,1,878,卖盘
199,10:07:46,8.78,0.0,1,878,卖盘
200,10:07:48,8.78,0.0,1,878,卖盘
201,10:07:51,8.78,0.0,1,878,卖盘
202,10:07:55,8.78,0.0,1,878,卖盘
203,10:07:57,8.78,0.0,10,8780,卖盘
204,10:09:37,8.78,0.0,75,65850,买盘
205,10:09:46,8.78,0.0,20,17560,卖盘
206,10:11:04,8.78,0.0,51,44778,卖盘
207,10:11:06,8.78,0.0,20,17560,卖盘
208,10:11:25,8.78,0.0,29,25462,卖盘
209,10:12:07,8.78,0.0,1,878,买盘
210,10:12:16,8.78,0.0,60,52680,卖盘
211,10:12:19,8.78,0.0,254,223012,卖盘
212,10:12:33,8.79,0.01,6,5274,买盘
213,10:14:06,8.78,-0.01,58,50924,买盘
214,10:14:25,8.78,0.0,159,139602,卖盘
215,10:15:00,8.78,0.0,1,878,卖盘
216,10:15:49,8.78,0.0,14,12292,买盘
217,10:16:00,8.78,0.0,20,17560,卖盘
218,10:16:28,8.78,0.0,77,67606,卖盘
219,10:16:34,8.78,0.0,23,20194,买盘
220,10:17:31,8.79,0.01,15,13185,买盘
221,10:18:13,8.78,-0.01,27,23706,卖盘
222,10:19:46,8.76,-0.02,7,6132,卖盘
223,10:20:09,8.76,0.0,10,8760,卖盘
224,10:20:15,8.76,0.0,10,8760,卖盘
225,10:21:52,8.77,0.01,6,5262,卖盘
226,10:22:07,8.78,0.01,1,878,买盘
227,10:22:46,8.77,-0.01,10,8770,卖盘
228,10:23:13,8.76,-0.01,31,27156,卖盘
229,10:23:34,8.76,0.0,22,19272,卖盘
230,10:23:39,8.77,0.01,39,34203,买盘
231,10:24:39,8.78,0.01,1,878,买盘
232,10:25:46,8.78,0.0,3,2634,买盘
233,10:26:04,8.77,-0.01,10,8770,卖盘
234,10:26:13,8.78,0.01,1,878,买盘
235,10:26:22,8.78,0.0,10,8780,买盘
236,10:26:34,8.77,-0.01,17,14914,卖盘
237,10:26:36,8.77,0.0,2,1754,卖盘
238,10:26:49,8.78,0.01,2,1756,买盘
239,10:26:57,8.78,0.0,2,1756,买盘
240,10:27:07,8.78,0.0,20,17560,买盘
241,10:27:28,8.78,0.0,3,3213,买盘
242,10:27:37,8.78,0.0,17,14347,卖盘
243,10:27:40,8.78,0.0,3,3213,买盘
244,10:28:15,8.78,0.0,16,13469,卖盘
245,10:28:31,8.77,-0.01,87,76299,卖盘
246,10:28:54,8.77,0.0,20,17540,买盘
247,10:29:25,8.77,0.0,5,4385,买盘
248,10:29:28,8.77,0.0,10,8770,买盘
249,10:29:39,8.77,0.0,4,3508,买盘
250,10:30:01,8.77,0.0,90,78930,买盘
251,10:30:10,8.76,-0.01,2,1752,卖盘
252,10:30:25,8.77,0.01,1,877,买盘
253,10:30:30,8.76,-0.01,10,8760,卖盘
254,10:30:33,8.75,-0.01,2,1750,卖盘
255,10:31:12,8.75,0.0,5,4375,卖盘
256,10:31:24,8.75,0.0,2,1750,卖盘
257,10:31:30,8.76,0.01,30,26280,买盘
258,10:32:52,8.76,0.0,30,26280,买盘
259,10:32:58,8.75,-0.01,12,10500,卖盘
260,10:33:24,8.76,0.01,39,34164,买盘
261,10:34:10,8.77,0.01,14,12271,买盘
262,10:34:27,8.76,-0.01,2,1752,卖盘
263,10:34:49,8.76,0.0,12,10514,卖盘
264,10:35:00,8.76,0.0,53,46428,卖盘
265,10:35:03,8.76,0.0,3,2628,卖盘
266,10:35:18,8.76,0.0,2,1752,卖盘
267,10:35:22,8.76,0.0,12,10512,卖盘
268,10:35:28,8.77,0.01,8,7016,买盘
269,10:35:37,8.76,-0.01,2,1752,卖盘
270,10:35:42,8.76,0.0,2,1752,卖盘
271,10:35:48,8.76,0.0,5,4380,卖盘
272,10:36:00,8.76,0.0,3,2628,卖盘
273,10:36:04,8.76,0.0,3,2628,卖盘
274,10:36:10,8.77,0.01,7,6139,买盘
275,10:36:24,8.76,-0.01,50,43800,卖盘
276,10:36:39,8.77,0.01,71,62267,买盘
277,10:37:10,8.76,-0.01,14,12264,卖盘
278,10:37:30,8.76,0.0,7,6132,买盘
279,10:37:36,8.75,-0.01,204,178513,卖盘
280,10:38:28,8.76,0.01,5,4380,卖盘
281,10:38:31,8.76,0.0,2,1752,买盘
282,10:38:42,8.75,-0.01,16,14010,卖盘
283,10:39:28,8.75,0.0,200,175000,卖盘
284,10:39:57,8.75,0.0,30,26250,卖盘
285,10:40:00,8.75,0.0,1,875,卖盘
286,10:40:16,8.75,0.0,2,1750,卖盘
287,10:40:24,8.74,-0.01,91,79574,卖盘
288,10:40:28,8.74,0.0,1,874,买盘
289,10:40:39,8.74,0.0,30,26220,买盘
290,10:40:48,8.73,-0.01,2,1746,卖盘
291,10:40:51,8.74,0.01,15,13110,买盘
292,10:40:55,8.73,-0.01,125,109126,卖盘
293,10:40:58,8.73,0.0,20,17460,卖盘
294,10:41:04,8.74,0.01,303,264533,买盘
295,10:42:13,8.74,0.0,24,20976,卖盘
296,10:43:18,8.74,0.0,30,26220,买盘
297,10:43:24,8.73,-0.01,30,26190,卖盘
298,10:43:55,8.74,0.01,13,11362,买盘
299,10:44:25,8.74,0.0,1,874,买盘
300,10:44:33,8.73,-0.01,10,8730,卖盘
301,10:44:45,8.74,0.01,1,874,买盘
302,10:45:33,8.74,0.0,20,17480,买盘
303,10:46:27,8.74,0.0,5,4370,买盘
304,10:46:51,8.74,0.0,1,874,买盘
305,10:46:57,8.73,-0.01,11,9603,卖盘
306,10:47:03,8.73,0.0,35,30555,卖盘
307,10:47:09,8.73,0.0,30,26190,卖盘
308,10:47:18,8.73,0.0,1,873,卖盘
309,10:47:27,8.73,0.0,22,19206,卖盘
310,10:47:42,8.72,-0.01,55,47960,卖盘
311,10:47:45,8.73,0.01,50,43650,买盘
312,10:47:54,8.73,0.0,2,1746,买盘
313,10:48:04,8.74,0.01,73,63802,买盘
314,10:48:12,8.73,-0.01,7,6111,卖盘
315,10:48:24,8.73,0.0,34,29682,买盘
316,10:48:30,8.73,0.0,4,3492,买盘
317,10:48:36,8.73,0.0,2,1746,买盘
318,10:48:39,8.73,0.0,38,33174,买盘
319,10:48:42,8.73,0.0,5,4365,买盘
320,10:49:09,8.73,0.0,1,873,卖盘
321,10:49:45,8.73,0.0,28,24444,卖盘
322,10:50:04,8.73,0.0,4,3492,卖盘
323,10:50:09,8.73,0.0,8,6984,卖盘
324,10:50:12,8.73,0.0,3,2619,卖盘
325,10:50:24,8.72,-0.01,4,3488,卖盘
326,10:50:39,8.73,0.01,10,8730,买盘
327,10:50:45,8.73,0.0,17,14841,买盘
328,10:50:48,8.73,0.0,10,8730,卖盘
329,10:51:18,8.73,0.0,1,873,卖盘
330,10:51:27,8.73,0.0,10,8730,卖盘
331,10:51:31,8.74,0.01,4,3496,买盘
332,10:51:40,8.74,0.0,1,874,买盘
333,10:51:42,8.74,0.0,10,8740,买盘
334,10:51:57,8.73,-0.01,2,1746,卖盘
335,10:52:22,8.73,0.0,3,2619,卖盘
336,10:52:27,8.73,0.0,50,43650,卖盘
337,10:52:31,8.73,0.0,2,1746,卖盘
338,10:52:34,8.73,0.0,3,2619,卖盘
339,10:52:37,8.73,0.0,1,873,卖盘
340,10:52:40,8.73,0.0,1,873,卖盘
341,10:52:45,8.73,0.0,1,873,卖盘
342,10:52:49,8.73,0.0,1,873,卖盘
343,10:53:10,8.73,0.0,5,4365,卖盘
344,10:53:12,8.73,0.0,31,27063,卖盘
345,10:53:18,8.72,-0.01,17,14824,卖盘
346,10:53:36,8.72,0.0,1,872,卖盘
347,10:53:55,8.72,0.0,20,17440,卖盘
348,10:53:57,8.7,-0.02,1754,1527645,卖盘
349,10:54:01,8.73,0.03,19,16587,买盘
350,10:54:04,8.73,0.0,3,2619,卖盘
351,10:54:07,8.73,0.0,3,2619,卖盘
352,10:54:09,8.73,0.0,3,2619,卖盘
353,10:54:12,8.73,0.0,1,873,卖盘
354,10:54:15,8.74,0.01,16,13983,买盘
355,10:54:25,8.74,0.0,1,874,卖盘
356,10:54:28,8.74,0.0,1,874,卖盘
357,10:54:30,8.74,0.0,1,874,卖盘
358,10:54:33,8.73,-0.01,24,20956,卖盘
359,10:54:54,8.71,-0.02,27,23517,卖盘
360,10:55:00,8.71,0.0,1,871,买盘
361,10:55:19,8.73,0.02,1,873,买盘
362,10:55:37,8.71,-0.02,50,43580,卖盘
363,10:55:40,8.73,0.02,12,10476,买盘
364,10:55:54,8.7,-0.03,180,156638,卖盘
365,10:56:22,8.7,0.0,552,480240,卖盘
366,10:56:28,8.71,0.01,11,9581,卖盘
367,10:56:36,8.71,0.0,11,9581,买盘
368,10:56:51,8.71,0.0,6,5226,买盘
369,10:56:57,8.71,0.0,16,13936,买盘
370,10:57:04,8.7,-0.01,93,80910,卖盘
371,10:57:15,8.71,0.01,2,1742,买盘
372,10:57:48,8.7,-0.01,553,481983,卖盘
373,10:58:00,8.71,0.01,2,1742,买盘
374,10:58:04,8.71,0.0,5,4355,买盘
375,10:58:27,8.71,0.0,46,40066,买盘
376,10:58:36,8.71,0.0,54,47034,卖盘
377,10:58:42,8.71,0.0,10,8710,买盘
378,10:58:45,8.7,-0.01,20,17400,卖盘
379,10:58:48,8.71,0.01,2,1742,买盘
380,10:58:54,8.7,-0.01,6,5220,卖盘
381,10:59:00,8.71,0.01,10,8710,买盘
382,10:59:27,8.71,0.0,10,8710,买盘
383,10:59:36,8.7,-0.01,15,13050,卖盘
384,10:59:39,8.7,0.0,13,11315,卖盘
385,11:00:01,8.7,0.0,79,68730,卖盘
386,11:00:04,8.7,0.0,2,1740,卖盘
387,11:00:06,8.7,0.0,236,205320,卖盘
388,11:00:09,8.7,0.0,13,11310,卖盘
389,11:00:12,8.7,0.0,2,1740,卖盘
390,11:00:18,8.7,0.0,10,8700,卖盘
391,11:00:21,8.7,0.0,1,870,卖盘
392,11:00:28,8.7,0.0,61,53070,卖盘
393,11:00:34,8.7,0.0,191,166170,卖盘
394,11:00:37,8.7,0.0,20,17400,卖盘
395,11:00:39,8.7,0.0,10,8700,卖盘
396,11:00:55,8.71,0.01,1,871,买盘
397,11:01:00,8.7,-0.01,34,29580,卖盘
398,11:01:04,8.68,-0.02,615,534210,卖盘
399,11:01:13,8.68,0.0,100,86800,卖盘
400,11:01:16,8.68,0.0,19,16492,卖盘
401,11:01:21,8.68,0.0,6,5208,卖盘
402,11:01:24,8.68,0.0,146,125947,卖盘
403,11:01:42,8.65,-0.03,769,665656,卖盘
404,11:01:48,8.66,0.01,3,2598,卖盘
405,11:01:55,8.66,0.0,5,4330,买盘
406,11:02:01,8.66,0.0,8,6928,买盘
407,11:02:07,8.66,0.0,10,8660,买盘
408,11:02:15,8.65,-0.01,3,2595,卖盘
409,11:02:25,8.66,0.01,1,866,买盘
410,11:02:30,8.65,-0.01,147,127155,卖盘
411,11:02:34,8.66,0.01,378,327808,买盘
412,11:02:40,8.66,0.0,61,52826,卖盘
413,11:02:49,8.67,0.01,2,1734,买盘
414,11:02:52,8.67,0.0,40,34680,卖盘
415,11:02:58,8.67,0.0,8,6936,卖盘
416,11:03:06,8.67,0.0,9,7803,卖盘
417,11:03:09,8.68,0.01,14,12152,买盘
418,11:03:22,8.69,0.01,10,8690,买盘
419,11:03:37,8.7,0.01,14,12171,买盘
420,11:03:49,8.7,0.0,21,18270,卖盘
421,11:03:51,8.7,0.0,16,13920,卖盘
422,11:03:54,8.71,0.01,100,87100,买盘
423,11:04:04,8.7,-0.01,10,8700,卖盘
424,11:04:13,8.71,0.01,5,4355,买盘
425,11:04:51,8.7,-0.01,22,19140,卖盘
426,11:05:04,8.7,0.0,36,31320,卖盘
427,11:05:12,8.7,0.0,8,6960,卖盘
428,11:05:25,8.7,0.0,100,87000,卖盘
429,11:05:30,8.7,0.0,201,174870,卖盘
430,11:05:52,8.68,-0.02,23,19964,卖盘
431,11:05:55,8.67,-0.01,8,6936,卖盘
432,11:06:06,8.68,0.01,187,162316,买盘
433,11:06:09,8.67,-0.01,48,41646,卖盘
434,11:06:15,8.65,-0.02,100,86585,卖盘
435,11:06:34,8.65,0.0,34,29435,卖盘
436,11:06:37,8.67,0.02,10,8670,买盘
437,11:06:48,8.67,0.0,1,867,卖盘
438,11:07:10,8.67,0.0,13,11271,买盘
439,11:07:34,8.67,0.0,5,4335,买盘
440,11:07:39,8.67,0.0,19,16473,买盘
441,11:07:48,8.67,0.0,10,8670,卖盘
442,11:07:54,8.67,0.0,11,9537,卖盘
443,11:08:00,8.67,0.0,6,5202,卖盘
444,11:08:04,8.66,-0.01,27,23405,卖盘
445,11:08:12,8.65,-0.01,80,69201,卖盘
446,11:08:21,8.65,0.0,100,86500,卖盘
447,11:08:55,8.69,0.04,1,869,买盘
448,11:09:06,8.66,-0.03,10,8660,卖盘
449,11:09:30,8.66,0.0,8,6928,卖盘
450,11:09:54,8.66,0.0,10,8668,卖盘
451,11:09:58,8.69,0.03,12,10428,买盘
452,11:10:24,8.68,-0.01,10,8680,买盘
453,11:11:07,8.68,0.0,1,868,卖盘
454,11:11:12,8.68,0.0,19,16492,卖盘
455,11:11:25,8.68,0.0,1,868,买盘
456,11:11:28,8.66,-0.02,39,33818,卖盘
457,11:11:57,8.69,0.03,11,9559,买盘
458,11:12:28,8.66,-0.03,106,91796,卖盘
459,11:12:31,8.69,0.03,4,3476,买盘
460,11:12:48,8.69,0.0,1,869,买盘
461,11:12:51,8.66,-0.03,133,115178,卖盘
462,11:13:04,8.66,0.0,3,2598,买盘
463,11:13:10,8.66,0.0,6,5196,买盘
464,11:13:34,8.66,0.0,17,14722,买盘
465,11:13:37,8.66,0.0,29,25114,买盘
466,11:13:39,8.66,0.0,12,10392,买盘
467,11:14:22,8.66,0.0,53,45898,卖盘
468,11:14:30,8.66,0.0,10,8660,买盘
469,11:14:34,8.66,0.0,31,26846,买盘
470,11:14:42,8.66,0.0,6,5196,买盘
471,11:15:10,8.68,0.02,10,8680,买盘
472,11:15:34,8.69,0.01,5,4345,买盘
473,11:15:45,8.68,-0.01,20,17360,卖盘
474,11:15:49,8.65,-0.03,50,43279,卖盘
475,11:16:01,8.68,0.03,1,868,买盘
476,11:16:04,8.65,-0.03,120,103800,卖盘
477,11:16:12,8.66,0.01,4,3464,卖盘
478,11:16:22,8.66,0.0,43,37238,买盘
479,11:16:40,8.67,0.01,6,5202,买盘
480,11:16:54,8.67,0.0,8,6936,买盘
481,11:17:01,8.66,-0.01,21,18186,卖盘
482,11:17:13,8.66,0.0,6,5196,买盘
483,11:17:21,8.66,0.0,83,71878,买盘
484,11:17:48,8.67,0.01,87,75429,买盘
485,11:18:06,8.67,0.0,2,1734,买盘
486,11:18:13,8.66,-0.01,30,25980,卖盘
487,11:19:15,8.66,0.0,10,8660,卖盘
488,11:19:24,8.65,-0.01,225,194715,卖盘
489,11:19:36,8.65,0.0,33,28545,卖盘
490,11:19:55,8.65,0.0,5,4325,卖盘
491,11:20:04,8.66,0.01,19,16438,买盘
492,11:20:15,8.65,-0.01,105,90825,卖盘
493,11:20:18,8.65,0.0,10,8650,买盘
494,11:20:21,8.65,0.0,5,4325,买盘
495,11:20:28,8.65,0.0,10,8650,买盘
496,11:20:31,8.64,-0.01,5,4320,卖盘
497,11:20:34,8.64,0.0,20,17280,卖盘
498,11:20:37,8.64,0.0,19,16416,卖盘
499,11:21:01,8.63,-0.01,36,31068,卖盘
500,11:21:07,8.63,0.0,50,43150,卖盘
501,11:21:10,8.62,-0.01,21,18122,卖盘
502,11:21:28,8.62,0.0,5,4310,卖盘
503,11:21:37,8.62,0.0,11,9482,卖盘
504,11:21:46,8.64,0.02,8,6912,买盘
505,11:21:49,8.62,-0.02,50,43100,卖盘
506,11:21:54,8.62,0.0,12,10344,卖盘
507,11:22:01,8.62,0.0,15,12930,卖盘
508,11:22:37,8.63,0.01,4,3452,买盘
509,11:22:40,8.6,-0.03,868,746760,卖盘
510,11:22:46,8.62,0.02,10,8620,买盘
511,11:22:49,8.6,-0.02,16,13760,卖盘
512,11:22:51,8.62,0.02,14,12068,买盘
513,11:23:01,8.6,-0.02,191,164280,卖盘
514,11:23:04,8.6,0.0,1,860,买盘
515,11:23:10,8.6,0.0,2,1720,买盘
516,11:23:19,8.6,0.0,50,43000,买盘
517,11:23:25,8.58,-0.02,78,66924,卖盘
518,11:23:28,8.58,0.0,22,18876,买盘
519,11:23:30,8.58,0.0,11,9438,买盘
520,11:23:33,8.58,0.0,7,6006,买盘
521,11:23:37,8.58,0.0,10,8580,买盘
522,11:23:40,8.58,0.0,71,60918,买盘
523,11:23:42,8.57,-0.01,32,27433,卖盘
524,11:23:46,8.57,0.0,1,857,买盘
525,11:23:49,8.57,0.0,2,1714,买盘
526,11:23:51,8.58,0.01,20,17160,卖盘
527,11:24:01,8.58,0.0,3,2574,买盘
528,11:24:04,8.58,0.0,44,37752,买盘
529,11:24:27,8.61,0.03,4,3444,买盘
530,11:24:46,8.61,0.0,52,44772,卖盘
531,11:25:01,8.61,0.0,73,62843,买盘
532,11:25:25,8.62,0.01,7,6034,买盘
533,11:25:31,8.62,0.0,39,33618,买盘
534,11:25:36,8.62,0.0,30,25860,买盘
535,11:25:42,8.62,0.0,8,6896,卖盘
536,11:25:51,8.63,0.01,2,1726,买盘
537,11:26:28,8.63,0.0,11,9493,买盘
538,11:26:36,8.62,-0.01,28,24136,卖盘
539,11:26:48,8.63,0.01,13,11217,买盘
540,11:27:10,8.63,0.0,1,863,买盘
541,11:27:30,8.63,0.0,33,28479,买盘
542,11:27:49,8.63,0.0,20,17260,买盘
543,11:27:51,8.62,-0.01,24,20688,卖盘
544,11:27:54,8.62,0.0,2,1724,买盘
545,11:27:57,8.62,0.0,4,3448,买盘
546,11:28:07,8.62,0.0,31,26722,买盘
547,11:28:12,8.63,0.01,316,272551,买盘
548,11:28:27,8.63,0.0,9,7767,卖盘
549,11:28:33,8.64,0.01,36,31104,买盘
550,11:28:36,8.63,-0.01,100,86300,卖盘
551,11:28:48,8.64,0.01,92,79488,买盘
552,11:29:39,8.64,0.0,1,864,卖盘
553,13:00:01,8.66,0.02,26,22516,买盘
554,13:00:04,8.66,0.0,260,225056,卖盘
555,13:00:06,8.64,-0.02,2,1728,卖盘
556,13:00:45,8.64,0.0,16,13824,买盘
557,13:02:27,8.64,0.0,32,27648,卖盘
558,13:02:51,8.65,0.01,2,1730,买盘
559,13:03:40,8.65,0.0,69,59685,卖盘
560,13:05:12,8.64,-0.01,23,19872,卖盘
561,13:05:48,8.61,-0.03,301,259385,卖盘
562,13:05:51,8.6,-0.01,58,49880,卖盘
563,13:06:25,8.61,0.01,31,26691,买盘
564,13:06:55,8.61,0.0,19,16359,卖盘
565,13:07:00,8.61,0.0,12,10332,买盘
566,13:07:15,8.6,-0.01,73,62780,卖盘
567,13:07:30,8.6,0.0,5,4300,买盘
568,13:07:37,8.59,-0.01,5,4295,卖盘
569,13:07:51,8.59,0.0,70,60130,卖盘
570,13:07:58,8.59,0.0,73,62707,卖盘
571,13:08:06,8.59,0.0,57,48963,买盘
572,13:08:12,8.59,0.0,14,12026,买盘
573,13:08:18,8.58,-0.01,140,120206,卖盘
574,13:08:34,8.6,0.02,20,17200,买盘
575,13:08:57,8.59,-0.01,5,4295,买盘
576,13:09:03,8.58,-0.01,242,207659,卖盘
577,13:09:18,8.58,0.0,17,14576,买盘
578,13:09:24,8.58,0.0,83,71214,买盘
579,13:09:27,8.53,-0.05,830,710188,卖盘
580,13:09:51,8.58,0.05,9,7722,卖盘
581,13:10:16,8.58,0.0,50,42900,卖盘
582,13:10:37,8.59,0.01,10,8590,买盘
583,13:10:46,8.59,0.0,20,17180,买盘
584,13:10:49,8.59,0.0,7,6013,买盘
585,13:10:52,8.59,0.0,10,8590,买盘
586,13:11:00,8.59,0.0,30,25770,买盘
587,13:11:06,8.59,0.0,19,16321,买盘
588,13:11:09,8.59,0.0,4,3436,买盘
589,13:11:34,8.59,0.0,5,4295,卖盘
590,13:11:55,8.6,0.01,42,36120,买盘
591,13:12:12,8.6,0.0,8,6880,卖盘
592,13:12:25,8.59,-0.01,5,4295,卖盘
593,13:12:30,8.6,0.01,40,34400,买盘
594,13:13:01,8.61,0.01,23,19803,买盘
595,13:13:24,8.61,0.0,15,12915,买盘
596,13:14:07,8.61,0.0,84,72324,买盘
597,13:14:09,8.6,-0.01,50,43000,卖盘
598,13:14:42,8.6,0.0,23,19780,卖盘
599,13:14:45,8.6,0.0,39,33540,买盘
600,13:15:18,8.59,-0.01,56,48124,卖盘
601,13:15:25,8.6,0.01,27,23220,买盘
602,13:15:36,8.6,0.0,5,4300,买盘
603,13:15:45,8.59,-0.01,2,1718,卖盘
604,13:15:57,8.6,0.01,3,2580,买盘
605,13:16:13,8.6,0.0,100,86000,买盘
606,13:16:24,8.6,0.0,23,19780,买盘
607,13:16:36,8.55,-0.05,592,507318,卖盘
608,13:16:46,8.55,0.0,10,8550,买盘
609,13:16:49,8.6,0.05,30,25660,买盘
610,13:17:22,8.6,0.0,20,17200,买盘
611,13:17:40,8.59,-0.01,10,8590,买盘
612,13:17:52,8.57,-0.02,20,17140,卖盘
613,13:18:06,8.59,0.02,4,3436,买盘
614,13:18:22,8.59,0.0,1,859,买盘
615,13:18:37,8.59,0.0,4,3436,卖盘
616,13:18:54,8.57,-0.02,55,47135,卖盘
617,13:19:39,8.57,0.0,25,21430,卖盘
618,13:19:55,8.57,0.0,102,87414,卖盘
619,13:19:58,8.56,-0.01,267,228561,卖盘
620,13:20:07,8.56,0.0,33,28248,买盘
621,13:20:09,8.56,0.0,7,5992,买盘
622,13:20:19,8.56,0.0,53,45318,买盘
623,13:20:22,8.56,0.0,3,2568,买盘
624,13:20:25,8.55,-0.01,10,8550,卖盘
625,13:20:45,8.55,0.0,10,8550,卖盘
626,13:20:49,8.5,-0.05,1640,1395531,卖盘
627,13:20:51,8.5,0.0,60,51000,买盘
628,13:21:07,8.54,0.04,38,32452,卖盘
629,13:21:09,8.56,0.02,2,1712,买盘
630,13:21:18,8.55,-0.01,8,6840,卖盘
631,13:21:22,8.56,0.01,45,38520,买盘
632,13:21:33,8.57,0.01,47,40279,中性盘
633,13:21:45,8.57,0.0,6,5142,卖盘
634,13:21:52,8.57,0.0,3,2571,买盘
635,13:22:00,8.57,0.0,1,857,买盘
636,13:22:06,8.56,-0.01,56,47936,卖盘
637,13:22:16,8.56,0.0,29,24824,买盘
638,13:22:28,8.57,0.01,10,8570,买盘
639,13:22:30,8.57,0.0,45,38565,买盘
640,13:22:33,8.57,0.0,4,3428,买盘
641,13:22:48,8.56,-0.01,31,26537,卖盘
642,13:22:55,8.56,0.0,25,21400,卖盘
643,13:23:06,8.57,0.01,10,8570,买盘
644,13:23:22,8.56,-0.01,9,7704,卖盘
645,13:23:24,8.56,0.0,30,25680,卖盘
646,13:23:55,8.57,0.01,63,53991,买盘
647,13:24:01,8.58,0.01,3,2574,买盘
648,13:24:12,8.58,0.0,11,9438,买盘
649,13:24:28,8.59,0.01,53,45527,买盘
650,13:24:31,8.58,-0.01,58,49764,买盘
651,13:24:46,8.58,0.0,11,9438,卖盘
652,13:25:07,8.59,0.01,56,48104,买盘
653,13:25:18,8.6,0.01,244,209840,买盘
654,13:25:21,8.65,0.05,87,74935,买盘
655,13:25:34,8.63,-0.02,5,4315,买盘
656,13:25:40,8.63,0.0,10,8630,买盘
657,13:25:45,8.63,0.0,5,4315,买盘
658,13:25:54,8.63,0.0,11,9493,买盘
659,13:26:16,8.63,0.0,3,2589,卖盘
660,13:26:36,8.61,-0.02,100,86228,卖盘
661,13:27:22,8.59,-0.02,139,119443,卖盘
662,13:27:36,8.59,0.0,3,2577,买盘
663,13:27:43,8.59,0.0,8,6872,买盘
664,13:27:51,8.6,0.01,12,10320,卖盘
665,13:28:06,8.54,-0.06,286,244797,卖盘
666,13:29:10,8.56,0.02,4,3424,卖盘
667,13:29:25,8.58,0.02,5,4290,买盘
668,13:30:12,8.61,0.03,20,17220,买盘
669,13:30:21,8.6,-0.01,20,17200,买盘
670,13:30:27,8.6,0.0,1,860,卖盘
671,13:30:30,8.6,0.0,1,860,卖盘
672,13:30:33,8.6,0.0,1,860,卖盘
673,13:30:36,8.6,0.0,1,860,卖盘
674,13:30:40,8.6,0.0,1,860,卖盘
675,13:30:43,8.6,0.0,1,860,卖盘
676,13:30:46,8.6,0.0,39,33540,卖盘
677,13:30:48,8.6,0.0,29,24940,买盘
678,13:31:04,8.6,0.0,50,43000,买盘
679,13:31:15,8.6,0.0,7,6020,买盘
680,13:31:30,8.6,0.0,49,42140,卖盘
681,13:31:34,8.61,0.01,10,8609,买盘
682,13:31:54,8.6,-0.01,5,4300,卖盘
683,13:32:58,8.59,-0.01,26,22340,卖盘
684,13:33:04,8.6,0.01,9,7736,买盘
685,13:33:15,8.59,-0.01,20,17180,卖盘
686,13:34:40,8.59,0.0,10,8590,买盘
687,13:34:54,8.59,0.0,20,17180,买盘
688,13:35:21,8.59,0.0,44,37796,卖盘
689,13:36:16,8.58,-0.01,15,12872,卖盘
690,13:36:45,8.59,0.01,22,18898,卖盘
691,13:36:48,8.59,0.0,1,859,卖盘
692,13:36:52,8.59,0.0,1,859,卖盘
693,13:36:55,8.59,0.0,1,859,卖盘
694,13:36:57,8.59,0.0,1,859,卖盘
695,13:37:01,8.59,0.0,3,2577,卖盘
696,13:37:09,8.59,0.0,20,17180,卖盘
697,13:37:52,8.6,0.01,27,23220,买盘
698,13:38:01,8.6,0.0,13,11180,买盘
699,13:38:07,8.6,0.0,11,9460,买盘
700,13:38:18,8.6,0.0,1,860,买盘
701,13:38:42,8.59,-0.01,16,13744,卖盘
702,13:39:06,8.59,0.0,1,859,卖盘
703,13:39:27,8.59,0.0,1,859,卖盘
704,13:39:55,8.59,0.0,12,10308,卖盘
705,13:41:15,8.6,0.01,59,50740,买盘
706,13:41:31,8.6,0.0,71,61060,卖盘
707,13:41:48,8.61,0.01,10,8610,买盘
708,13:43:24,8.61,0.0,54,46494,买盘
709,13:43:48,8.62,0.01,2,1724,买盘
710,13:44:27,8.61,-0.01,11,9471,卖盘
711,13:45:37,8.61,0.0,20,17220,卖盘
712,13:45:54,8.61,0.0,20,17220,卖盘
713,13:46:24,8.6,-0.01,10,8600,卖盘
714,13:46:28,8.6,0.0,5,4300,卖盘
715,13:46:39,8.6,0.0,3,2580,卖盘
716,13:46:49,8.6,0.0,50,43000,卖盘
717,13:46:51,8.6,0.0,9,7740,卖盘
718,13:47:28,8.59,-0.01,6,5154,卖盘
719,13:47:30,8.6,0.01,30,25800,买盘
720,13:47:34,8.6,0.0,7,6020,买盘
721,13:47:36,8.6,0.0,30,25800,卖盘
722,13:47:54,8.6,0.0,40,34400,卖盘
723,13:48:16,8.6,0.0,10,8600,买盘
724,13:48:57,8.6,0.0,12,10320,卖盘
725,13:49:33,8.61,0.01,1,861,买盘
726,13:49:51,8.61,0.0,3,2583,买盘
727,13:50:16,8.6,-0.01,15,12900,卖盘
728,13:50:43,8.6,0.0,115,98900,卖盘
729,13:50:45,8.6,0.0,15,12900,卖盘
730,13:50:54,8.6,0.0,3,2580,卖盘
731,13:51:45,8.6,0.0,20,17200,卖盘
732,13:52:09,8.6,0.0,15,12900,卖盘
733,13:52:15,8.6,0.0,10,8600,卖盘
734,13:52:27,8.59,-0.01,256,219904,卖盘
735,13:52:39,8.58,-0.01,3,2574,卖盘
736,13:53:33,8.59,0.01,8,6872,买盘
737,13:54:01,8.59,0.0,11,9449,买盘
738,13:54:10,8.59,0.0,6,5154,卖盘
739,13:55:10,8.59,0.0,27,23193,卖盘
740,13:56:01,8.6,0.01,5,4300,买盘
741,13:58:22,8.59,-0.01,1,859,卖盘
742,13:58:30,8.59,0.0,28,24052,卖盘
743,13:58:51,8.58,-0.01,1,858,卖盘
744,13:59:12,8.59,0.01,82,70438,买盘
745,13:59:33,8.59,0.0,18,15462,卖盘
746,14:00:10,8.59,0.0,24,20616,买盘
747,14:00:21,8.58,-0.01,3,2574,卖盘
748,14:00:46,8.59,0.01,10,8590,买盘
749,14:00:55,8.59,0.0,10,8590,买盘
750,14:00:57,8.58,-0.01,100,85800,卖盘
751,14:01:12,8.59,0.01,30,25770,买盘
752,14:01:21,8.59,0.0,10,8590,买盘
753,14:01:27,8.59,0.0,2,1718,买盘
754,14:01:31,8.59,0.0,12,10308,买盘
755,14:01:34,8.59,0.0,9,7731,买盘
756,14:01:36,8.59,0.0,15,12885,买盘
757,14:01:43,8.59,0.0,15,12885,买盘
758,14:01:45,8.59,0.0,4,3436,买盘
759,14:01:49,8.59,0.0,15,12885,买盘
760,14:01:51,8.6,0.01,18,15464,买盘
761,14:01:58,8.6,0.0,20,17200,买盘
762,14:02:04,8.6,0.0,1,860,买盘
763,14:02:10,8.6,0.0,20,17200,买盘
764,14:02:24,8.6,0.0,73,62780,买盘
765,14:03:00,8.61,0.01,2,1722,买盘
766,14:03:22,8.61,0.0,50,43050,买盘
767,14:03:27,8.61,0.0,20,17220,买盘
768,14:03:30,8.61,0.0,5,4305,买盘
769,14:03:43,8.62,0.01,75,64650,买盘
770,14:03:52,8.64,0.02,50,43200,买盘
771,14:04:13,8.65,0.01,89,76961,买盘
772,14:04:31,8.66,0.01,102,88331,买盘
773,14:04:36,8.69,0.03,267,231524,买盘
774,14:04:39,8.69,0.0,1,869,卖盘
775,14:04:43,8.69,0.0,1,869,卖盘
776,14:04:46,8.69,0.0,1,869,卖盘
777,14:04:49,8.69,0.0,40,34770,卖盘
778,14:04:52,8.69,0.0,7,6083,买盘
779,14:05:00,8.7,0.01,193,167869,买盘
780,14:05:04,8.7,0.0,1,870,卖盘
781,14:05:06,8.7,0.0,1,870,卖盘
782,14:05:10,8.7,0.0,1,870,卖盘
783,14:05:13,8.7,0.0,1,870,卖盘
784,14:05:15,8.7,0.0,1,870,卖盘
785,14:05:19,8.7,0.0,1,870,卖盘
786,14:05:22,8.7,0.0,1,870,卖盘
787,14:05:25,8.71,0.01,30,26130,买盘
788,14:05:46,8.7,-0.01,50,43490,买盘
789,14:05:48,8.74,0.04,200,174368,买盘
790,14:06:00,8.73,-0.01,20,17460,买盘
791,14:06:04,8.73,0.0,20,17460,买盘
792,14:06:10,8.71,-0.02,12,10452,卖盘
793,14:06:12,8.71,0.0,5,4355,卖盘
794,14:06:16,8.71,0.0,29,25259,卖盘
795,14:06:24,8.7,-0.01,1,870,卖盘
796,14:06:42,8.7,0.0,5,4350,买盘
797,14:07:33,8.7,0.0,55,47840,买盘
798,14:07:45,8.7,0.0,5,4350,卖盘
799,14:07:48,8.7,0.0,2,1740,卖盘
800,14:08:00,8.7,0.0,48,41760,卖盘
801,14:08:27,8.7,0.0,12,10440,买盘
802,14:08:30,8.69,-0.01,81,70389,卖盘
803,14:08:39,8.69,0.0,19,16511,卖盘
804,14:09:45,8.69,0.0,140,121560,买盘
805,14:10:27,8.69,0.0,5,4345,卖盘
806,14:10:37,8.7,0.01,51,44370,买盘
807,14:10:55,8.69,-0.01,10,8690,卖盘
808,14:11:07,8.7,0.01,40,34800,买盘
809,14:11:33,8.7,0.0,10,8700,买盘
810,14:11:48,8.69,-0.01,5,4345,卖盘
811,14:13:06,8.69,0.0,10,8690,卖盘
812,14:13:49,8.69,0.0,5,4345,卖盘
813,14:13:54,8.7,0.01,9,7830,买盘
814,14:13:58,8.69,-0.01,145,126005,卖盘
815,14:14:09,8.69,0.0,44,38236,买盘
816,14:14:13,8.68,-0.01,10,8680,卖盘
817,14:14:48,8.69,0.01,8,6952,买盘
818,14:17:19,8.69,0.0,3,2607,买盘
819,14:18:09,8.69,0.0,13,11297,买盘
820,14:18:18,8.69,0.0,2,1738,买盘
821,14:19:24,8.69,0.0,10,8690,买盘
822,14:19:37,8.69,0.0,6,5214,买盘
823,14:19:57,8.69,0.0,41,35629,买盘
824,14:20:04,8.69,0.0,101,87769,买盘
825,14:20:21,8.69,0.0,30,26070,买盘
826,14:20:57,8.7,0.01,25,21750,买盘
827,14:21:22,8.7,0.0,20,17400,买盘
828,14:21:49,8.7,0.0,16,13920,买盘
829,14:22:01,8.69,-0.01,1,869,卖盘
830,14:22:04,8.7,0.01,13,11310,买盘
831,14:22:55,8.7,0.0,10,8700,买盘
832,14:23:55,8.7,0.0,8,6960,买盘
833,14:24:07,8.7,0.0,7,6090,买盘
834,14:24:28,8.7,0.0,5,4350,买盘
835,14:24:37,8.69,-0.01,3,2607,卖盘
836,14:24:43,8.7,0.01,4,3480,买盘
837,14:25:01,8.7,0.0,20,17400,买盘
838,14:25:13,8.7,0.0,10,8700,买盘
839,14:26:00,8.7,0.0,12,10440,买盘
840,14:26:10,8.7,0.0,53,46110,买盘
841,14:26:15,8.7,0.0,30,26100,买盘
842,14:26:25,8.7,0.0,1,870,买盘
843,14:26:31,8.69,-0.01,6,5214,卖盘
844,14:26:52,8.7,0.01,20,17400,买盘
845,14:26:55,8.7,0.0,1,870,买盘
846,14:27:16,8.69,-0.01,6,5214,卖盘
847,14:27:34,8.69,0.0,4,3476,卖盘
848,14:28:04,8.7,0.01,13,11310,买盘
849,14:28:43,8.7,0.0,20,17400,买盘
850,14:30:19,8.69,-0.01,1,869,卖盘
851,14:31:31,8.69,0.0,1,869,卖盘
852,14:31:42,8.69,0.0,13,11297,卖盘
853,14:32:45,8.7,0.01,1,870,买盘
854,14:33:07,8.69,-0.01,15,13035,卖盘
855,14:33:12,8.7,0.01,131,113970,买盘
856,14:33:18,8.69,-0.01,84,73047,卖盘
857,14:33:22,8.71,0.02,16,13936,买盘
858,14:33:57,8.74,0.03,200,174583,买盘
859,14:35:16,8.73,-0.01,10,8730,买盘
860,14:36:37,8.73,0.0,30,26190,买盘
861,14:37:21,8.72,-0.01,1,872,买盘
862,14:38:19,8.71,-0.01,20,17420,卖盘
863,14:38:22,8.71,0.0,1,871,卖盘
864,14:38:36,8.71,0.0,1,871,卖盘
865,14:38:40,8.71,0.0,8,6968,卖盘
866,14:39:01,8.71,0.0,100,87100,买盘
867,14:39:46,8.7,-0.01,80,69600,卖盘
868,14:40:21,8.69,-0.01,15,13035,卖盘
869,14:40:45,8.69,0.0,20,17380,卖盘
870,14:40:55,8.7,0.01,10,8700,买盘
871,14:42:49,8.69,-0.01,36,31284,卖盘
872,14:43:21,8.69,0.0,7,6083,卖盘
873,14:43:27,8.69,0.0,10,8690,卖盘
874,14:43:34,8.69,0.0,50,43450,卖盘
875,14:43:39,8.69,0.0,8,6952,卖盘
876,14:43:49,8.69,0.0,65,56485,卖盘
877,14:44:04,8.69,0.0,28,24332,卖盘
878,14:44:34,8.69,0.0,10,8690,卖盘
879,14:44:36,8.71,0.02,245,213253,买盘
880,14:44:55,8.71,0.0,5,4355,卖盘
881,14:45:09,8.7,-0.01,22,19140,卖盘
882,14:45:13,8.71,0.01,10,8707,买盘
883,14:45:31,8.7,-0.01,20,17400,买盘
884,14:45:51,8.7,0.0,13,11310,卖盘
885,14:46:01,8.7,0.0,1,870,买盘
886,14:46:04,8.7,0.0,6,5220,买盘
887,14:46:07,8.7,0.0,13,11310,卖盘
888,14:46:28,8.7,0.0,40,34800,卖盘
889,14:46:37,8.69,-0.01,2,1738,卖盘
890,14:46:51,8.7,0.01,26,22620,买盘
891,14:47:54,8.69,-0.01,11,9559,卖盘
892,14:48:27,8.69,0.0,20,17380,卖盘
893,14:48:49,8.7,0.01,57,49540,买盘
894,14:48:52,8.69,-0.01,46,39974,卖盘
895,14:48:55,8.7,0.01,179,155556,买盘
896,14:49:10,8.7,0.0,2,1740,买盘
897,14:49:19,8.69,-0.01,15,13035,卖盘
898,14:49:25,8.69,0.0,11,9559,卖盘
899,14:49:37,8.69,0.0,32,27808,卖盘
900,14:49:54,8.69,0.0,9,7821,卖盘
901,14:50:00,8.7,0.01,1,870,买盘
902,14:50:06,8.69,-0.01,20,17380,卖盘
903,14:50:40,8.69,0.0,10,8690,卖盘
904,14:50:55,8.7,0.01,68,59160,买盘
905,14:51:18,8.69,-0.01,10,8690,卖盘
906,14:51:43,8.69,0.0,2,1738,卖盘
907,14:51:52,8.7,0.01,12,10440,买盘
908,14:52:01,8.69,-0.01,1,869,卖盘
909,14:52:06,8.69,0.0,50,43450,卖盘
910,14:52:10,8.69,0.0,4,3476,卖盘
911,14:52:25,8.69,0.0,4,3476,卖盘
912,14:53:16,8.69,0.0,10,8690,卖盘
913,14:53:34,8.71,0.02,369,321204,买盘
914,14:53:37,8.71,0.0,2,1742,卖盘
915,14:53:57,8.71,0.0,29,25259,卖盘
916,14:54:16,8.7,-0.01,10,8700,中性盘
917,14:54:18,8.71,0.01,10,8710,买盘
918,14:54:25,8.7,-0.01,50,43500,卖盘
919,14:54:49,8.7,0.0,20,17400,卖盘
920,14:55:00,8.7,0.0,44,38280,买盘
921,14:55:25,8.7,0.0,30,26100,买盘
922,14:55:28,8.69,-0.01,27,23463,卖盘
923,14:55:52,8.69,0.0,16,13904,卖盘
924,14:56:04,8.69,0.0,27,23463,卖盘
925,14:56:09,8.69,0.0,99,86031,卖盘
926,14:56:15,8.7,0.01,1,870,买盘
927,14:56:19,8.69,-0.01,10,8690,卖盘
928,14:56:21,8.7,0.01,2,1740,买盘
929,14:56:31,8.7,0.0,15,13050,买盘
930,15:00:04,8.7,0.0,649,564630,卖盘
