,time,price,change,volume,amount,type
0,09:30:07,9.82,-0.1,30,29460,中性盘
1,09:30:10,9.81,-0.01,113,110990,卖盘
2,09:30:22,9.81,0.0,2,1961,买盘
3,09:30:31,9.81,0.0,5,4905,买盘
4,09:30:40,9.8,-0.01,1,980,卖盘
5,09:30:43,9.81,0.01,3,2942,买盘
6,09:30:46,9.81,0.0,2,1962,买盘
7,09:30:52,9.8,-0.01,20,19600,卖盘
8,09:30:55,9.8,0.0,1,980,卖盘
9,09:31:01,9.81,0.01,2,1962,买盘
10,09:31:04,9.8,-0.01,2,1960,卖盘
11,09:31:43,9.81,0.01,32,31380,买盘
12,09:31:46,9.81,0.0,50,49050,买盘
13,09:32:04,9.81,0.0,25,24525,买盘
14,09:32:10,9.82,0.01,1,982,卖盘
15,09:32:31,9.82,0.0,1,982,卖盘
16,09:32:34,9.82,0.0,1,982,卖盘
17,09:32:40,9.82,0.0,1,982,卖盘
18,09:32:58,9.83,0.01,1,983,卖盘
19,09:33:04,9.82,-0.01,57,55983,卖盘
20,09:33:10,9.89,0.07,6,5934,买盘
21,09:33:25,9.82,-0.07,1,982,卖盘
22,09:33:34,9.82,0.0,1,982,卖盘
23,09:33:40,9.82,0.0,1,982,卖盘
24,09:34:04,9.83,0.01,1,983,卖盘
25,09:34:37,9.83,0.0,1,983,卖盘
26,09:35:07,9.83,0.0,2,1966,卖盘
27,09:35:10,9.83,0.0,1,983,卖盘
28,09:35:13,9.87,0.04,16,15752,买盘
29,09:35:22,9.82,-0.05,16,15727,卖盘
30,09:35:25,9.87,0.05,9,8871,买盘
31,09:35:28,9.87,0.0,1,987,卖盘
32,09:35:34,9.82,-0.05,1,982,卖盘
33,09:35:40,9.87,0.05,10,9836,买盘
34,09:35:43,9.83,-0.04,8,7864,中性盘
35,09:36:01,9.83,0.0,2,1966,卖盘
36,09:36:10,9.83,0.0,9,8847,卖盘
37,09:36:16,9.83,0.0,19,18677,卖盘
38,09:36:25,9.84,0.01,1,984,卖盘
39,09:36:28,9.82,-0.02,15,14758,卖盘
40,09:36:31,9.82,0.0,1,982,卖盘
41,09:36:34,9.82,0.0,28,27496,卖盘
42,09:36:40,9.84,0.02,2,1968,买盘
43,09:36:43,9.82,-0.02,45,44190,卖盘
44,09:36:49,9.81,-0.01,1,981,卖盘
45,09:36:52,9.81,0.0,49,48069,卖盘
46,09:37:04,9.82,0.01,9,8838,卖盘
47,09:37:10,9.82,0.0,1,982,卖盘
48,09:37:31,9.82,0.0,1,982,卖盘
49,09:37:37,9.83,0.01,2,1966,买盘
50,09:37:40,9.83,0.0,6,5898,卖盘
51,09:37:43,9.83,0.0,1,983,卖盘
52,09:37:46,9.81,-0.02,100,98147,卖盘
53,09:38:07,9.84,0.03,5,4920,买盘
54,09:38:16,9.82,-0.02,1,982,卖盘
55,09:38:37,9.8,-0.02,64,62793,卖盘
56,09:38:52,9.8,0.0,73,71540,卖盘
57,09:38:55,9.8,0.0,3,2940,买盘
58,09:38:58,9.81,0.01,18,17656,卖盘
59,09:39:04,9.81,0.0,2,1962,卖盘
60,09:39:10,9.81,0.0,1,981,卖盘
61,09:39:16,9.81,0.0,6,5886,卖盘
62,09:39:43,9.84,0.03,19,18681,买盘
63,09:40:13,9.81,-0.03,1,981,卖盘
64,09:40:49,9.81,0.0,3,2943,卖盘
65,09:41:07,9.81,0.0,1,981,卖盘
66,09:41:34,9.82,0.01,1,982,买盘
67,09:41:43,9.81,-0.01,1,981,卖盘
68,09:41:49,9.81,0.0,2,1962,卖盘
69,09:41:55,9.83,0.02,1,983,买盘
70,09:42:01,9.81,-0.02,3,2943,卖盘
71,09:42:07,9.82,0.01,1,982,卖盘
72,09:42:19,9.83,0.01,32,31456,买盘
73,09:42:43,9.83,0.0,1,983,卖盘
74,09:42:58,9.84,0.01,5,4920,买盘
75,09:43:01,9.83,-0.01,3,2949,卖盘
76,09:43:04,9.84,0.01,10,9840,买盘
77,09:43:07,9.83,-0.01,1,983,卖盘
78,09:43:10,9.83,0.0,2,1966,卖盘
79,09:43:31,9.83,0.0,10,9830,卖盘
80,09:43:46,9.83,0.0,1,983,卖盘
81,09:44:13,9.83,0.0,1,983,卖盘
82,09:44:16,9.83,0.0,1,983,卖盘
83,09:44:19,9.83,0.0,2,1966,卖盘
84,09:44:43,9.83,0.0,10,9830,卖盘
85,09:44:46,9.84,0.01,14,13776,买盘
86,09:44:49,9.83,-0.01,1,983,卖盘
87,09:45:04,9.83,0.0,1,983,卖盘
88,09:45:22,9.83,0.0,1,983,卖盘
89,09:45:31,9.84,0.01,15,14760,买盘
90,09:45:37,9.83,-0.01,1,983,卖盘
91,09:45:43,9.84,0.01,1,984,买盘
92,09:45:46,9.84,0.0,1,984,卖盘
93,09:45:49,9.84,0.0,1,984,卖盘
94,09:45:52,9.84,0.0,7,6888,卖盘
95,09:46:07,9.84,0.0,14,13776,卖盘
96,09:46:13,9.84,0.0,1,984,中性盘
97,09:46:16,9.84,0.0,1,984,卖盘
98,09:46:43,9.84,0.0,1,984,卖盘
99,09:46:49,9.84,0.0,9,8856,卖盘
100,09:46:58,9.83,-0.01,16,15754,卖盘
101,09:47:07,9.84,0.01,2,1968,卖盘
102,09:47:13,9.84,0.0,1,984,卖盘
103,09:47:16,9.85,0.01,22,21670,买盘
104,09:47:19,9.86,0.01,20,19716,买盘
105,09:47:31,9.85,-0.01,1,985,卖盘
106,09:47:37,9.86,0.01,10,9860,买盘
107,09:47:43,9.86,0.0,1,986,卖盘
108,09:48:13,9.86,0.0,2,1972,卖盘
109,09:48:16,9.86,0.0,1,986,卖盘
110,09:48:25,9.86,0.0,5,4930,卖盘
111,09:48:28,9.86,0.0,2,1972,卖盘
112,09:48:34,9.85,-0.01,3,2955,卖盘
113,09:48:40,9.84,-0.01,1,984,卖盘
114,09:49:04,9.85,0.01,2,1970,买盘
115,09:49:13,9.84,-0.01,1,984,卖盘
116,09:49:34,9.86,0.02,20,19720,买盘
117,09:49:40,9.84,-0.02,85,83647,卖盘
118,09:49:43,9.84,0.0,18,17712,买盘
119,09:49:46,9.83,-0.01,3,2949,卖盘
120,09:49:55,9.84,0.01,30,29520,买盘
121,09:50:04,9.84,0.0,5,4920,买盘
122,09:50:07,9.83,-0.01,1,983,卖盘
123,09:50:40,9.84,0.01,1,984,卖盘
124,09:51:07,9.84,0.0,3,2952,卖盘
125,09:51:10,9.86,0.02,24,23664,买盘
126,09:51:22,9.87,0.01,1,987,买盘
127,09:51:31,9.87,0.0,30,29610,买盘
128,09:51:34,9.86,-0.01,1,986,卖盘
129,09:51:40,9.86,0.0,1,986,卖盘
130,09:51:49,9.87,0.01,2,1974,买盘
131,09:51:58,9.86,-0.01,1,986,卖盘
132,09:52:04,9.86,0.0,2,1972,卖盘
133,09:52:28,9.86,0.0,14,13804,卖盘
134,09:52:58,9.86,0.0,132,130152,买盘
135,09:53:01,9.86,0.0,2,1972,卖盘
136,09:53:28,9.86,0.0,1,986,卖盘
137,09:53:31,9.86,0.0,1,986,卖盘
138,09:53:34,9.86,0.0,1,986,卖盘
139,09:54:01,9.86,0.0,1,986,卖盘
140,09:54:04,9.87,0.01,8,7896,买盘
141,09:54:34,9.86,-0.01,1,986,卖盘
142,09:54:40,9.87,0.01,10,9870,买盘
143,09:54:49,9.86,-0.01,32,31552,卖盘
144,09:55:01,9.86,0.0,1,986,卖盘
145,09:55:04,9.86,0.0,9,8874,卖盘
146,09:55:06,9.86,0.0,1,986,卖盘
147,09:55:22,9.87,0.01,31,30597,买盘
148,09:55:25,9.87,0.0,39,38493,卖盘
149,09:55:37,9.87,0.0,1,987,卖盘
150,09:55:58,9.87,0.0,1,987,卖盘
151,09:56:19,9.88,0.01,14,13832,买盘
152,09:56:22,9.88,0.0,9,8892,卖盘
153,09:57:01,9.89,0.01,17,16813,买盘
154,09:57:13,9.89,0.0,1,989,买盘
155,09:57:25,9.88,-0.01,1,988,卖盘
156,09:57:40,9.89,0.01,5,4945,买盘
157,09:58:37,9.88,-0.01,15,14820,卖盘
158,09:59:13,9.88,0.0,17,16796,卖盘
159,09:59:19,9.88,0.0,20,19760,卖盘
160,10:01:04,9.89,0.01,15,14835,买盘
161,10:01:28,9.89,0.0,1,989,买盘
162,10:01:31,9.89,0.0,1,989,买盘
163,10:01:43,9.89,0.0,5,4945,买盘
164,10:02:10,9.89,0.0,2,1978,买盘
165,10:02:13,9.9,0.01,46,45539,买盘
166,10:02:37,9.89,-0.01,1,989,卖盘
167,10:03:37,9.89,0.0,1,989,卖盘
168,10:04:04,9.9,0.01,3,2970,买盘
169,10:04:07,9.87,-0.03,109,107673,卖盘
170,10:04:13,9.87,0.0,2,1974,卖盘
171,10:04:37,9.87,0.0,1,987,卖盘
172,10:04:49,9.89,0.02,11,10879,买盘
173,10:05:49,9.87,-0.02,1,987,卖盘
174,10:06:10,9.87,0.0,7,6909,卖盘
175,10:06:31,9.88,0.01,7,6916,买盘
176,10:06:46,9.87,-0.01,1,987,卖盘
177,10:07:07,9.88,0.01,3,2964,买盘
178,10:07:16,9.88,0.0,1,988,卖盘
179,10:07:49,9.88,0.0,5,4940,卖盘
180,10:07:55,9.88,0.0,1,988,卖盘
181,10:08:01,9.87,-0.01,7,6909,卖盘
182,10:08:16,9.87,0.0,1,987,卖盘
183,10:08:21,9.87,0.0,1,987,卖盘
184,10:09:13,9.87,0.0,10,9870,卖盘
185,10:09:24,9.88,0.01,3,2964,买盘
186,10:09:40,9.87,-0.01,1,987,卖盘
187,10:09:46,9.87,0.0,1,987,卖盘
188,10:10:01,9.88,0.01,2,1976,买盘
189,10:10:37,9.87,-0.01,1,987,卖盘
190,10:11:07,9.87,0.0,1,987,卖盘
191,10:11:25,9.87,0.0,20,19740,卖盘
192,10:11:40,9.87,0.0,1,987,卖盘
193,10:11:43,9.87,0.0,11,10857,卖盘
194,10:12:10,9.87,0.0,1,987,卖盘
195,10:12:31,9.87,0.0,10,9870,卖盘
196,10:12:40,9.87,0.0,1,987,卖盘
197,10:13:40,9.87,0.0,1,987,卖盘
198,10:14:07,9.87,0.0,1,987,卖盘
199,10:14:13,9.87,0.0,10,9870,卖盘
200,10:14:28,9.87,0.0,7,6416,卖盘
201,10:14:43,9.87,0.0,5,4935,买盘
202,10:14:46,9.86,-0.01,10,9860,卖盘
203,10:15:04,9.86,0.0,1,986,卖盘
204,10:15:10,9.86,0.0,1,986,卖盘
205,10:15:33,9.86,0.0,3,2958,卖盘
206,10:15:40,9.86,0.0,1,986,卖盘
207,10:16:40,9.86,0.0,1,986,卖盘
208,10:17:13,9.86,0.0,1,986,卖盘
209,10:17:46,9.87,0.01,8,7896,买盘
210,10:18:10,9.87,0.0,1,987,卖盘
211,10:18:16,9.88,0.01,20,19760,买盘
212,10:18:40,9.87,-0.01,1,987,卖盘
213,10:19:37,9.87,0.0,1,987,卖盘
214,10:19:40,9.87,0.0,1,987,卖盘
215,10:19:46,9.86,-0.01,1,986,卖盘
216,10:19:52,9.86,0.0,2,1972,卖盘
217,10:19:58,9.86,0.0,30,29580,卖盘
218,10:20:07,9.86,0.0,67,66062,卖盘
219,10:20:13,9.85,-0.01,10,9850,卖盘
220,10:20:52,9.85,0.0,4,3940,卖盘
221,10:21:07,9.86,0.01,5,4930,买盘
222,10:21:10,9.86,0.0,1,986,卖盘
223,10:21:13,9.86,0.0,4,3944,卖盘
224,10:21:16,9.85,-0.01,4,3940,卖盘
225,10:21:19,9.85,0.0,4,3940,卖盘
226,10:21:40,9.84,-0.01,1,984,卖盘
227,10:21:55,9.84,0.0,8,7872,卖盘
228,10:22:10,9.83,-0.01,37,36392,卖盘
229,10:22:16,9.83,0.0,2,1966,卖盘
230,10:22:28,9.85,0.02,20,19700,买盘
231,10:22:31,9.83,-0.02,31,30473,卖盘
232,10:22:43,9.83,0.0,1,983,卖盘
233,10:23:40,9.85,0.02,173,170896,买盘
234,10:23:43,9.83,-0.02,42,40816,卖盘
235,10:23:46,9.83,0.0,3,2949,买盘
236,10:23:49,9.82,-0.01,4,3929,卖盘
237,10:23:52,9.83,0.01,2,1966,买盘
238,10:24:01,9.81,-0.02,20,19637,卖盘
239,10:24:07,9.83,0.02,61,59963,买盘
240,10:24:10,9.82,-0.01,1,982,卖盘
241,10:24:37,9.83,0.01,1,1474,买盘
242,10:25:13,9.83,0.0,1,983,卖盘
243,10:25:42,9.83,0.0,1,983,卖盘
244,10:26:04,9.83,0.0,8,7372,卖盘
245,10:26:43,9.83,0.0,1,983,卖盘
246,10:27:13,9.83,0.0,6,5898,卖盘
247,10:27:30,9.84,0.01,1,984,买盘
248,10:28:01,9.85,0.01,12,11820,买盘
249,10:28:04,9.85,0.0,1,985,卖盘
250,10:28:07,9.85,0.0,1,985,卖盘
251,10:28:13,9.84,-0.01,2,1968,卖盘
252,10:28:43,9.84,0.0,1,984,卖盘
253,10:29:43,9.84,0.0,1,984,卖盘
254,10:30:13,9.84,0.0,1,984,卖盘
255,10:30:30,9.85,0.01,15,14775,买盘
256,10:31:55,9.84,-0.01,4,3936,卖盘
257,10:31:58,9.84,0.0,21,20664,卖盘
258,10:32:04,9.83,-0.01,6,5898,卖盘
259,10:32:25,9.83,0.0,2,1966,卖盘
260,10:32:28,9.84,0.01,5,4920,买盘
261,10:32:55,9.84,0.0,4,3936,买盘
262,10:33:55,9.84,0.0,12,11808,买盘
263,10:34:39,9.83,-0.01,1,983,卖盘
264,10:35:07,9.81,-0.02,113,110959,卖盘
265,10:35:12,9.81,0.0,5,4905,卖盘
266,10:36:22,9.81,0.0,9,8829,卖盘
267,10:36:25,9.81,0.0,3,2943,买盘
268,10:36:28,9.81,0.0,5,4905,卖盘
269,10:36:43,9.81,0.0,60,58860,卖盘
270,10:36:55,9.81,0.0,2,1962,卖盘
271,10:36:58,9.8,-0.01,25,24500,卖盘
272,10:37:01,9.81,0.01,1,981,买盘
273,10:37:10,9.78,-0.03,8,7824,卖盘
274,10:37:28,9.79,0.01,3,2937,卖盘
275,10:37:31,9.8,0.01,3,2940,买盘
276,10:37:34,9.79,-0.01,2,1958,卖盘
277,10:37:55,9.79,0.0,1,979,卖盘
278,10:38:19,9.79,0.0,47,46013,卖盘
279,10:38:22,9.8,0.01,16,15677,买盘
280,10:38:25,9.8,0.0,2,1960,卖盘
281,10:38:40,9.81,0.01,3,2943,买盘
282,10:39:12,9.81,0.0,3,2943,买盘
283,10:39:54,9.81,0.0,1,981,卖盘
284,10:40:55,9.81,0.0,1,981,卖盘
285,10:41:16,9.82,0.01,28,27496,买盘
286,10:41:55,9.82,0.0,2,1964,卖盘
287,10:42:04,9.82,0.0,8,7856,卖盘
288,10:42:25,9.81,-0.01,11,10791,卖盘
289,10:42:49,9.8,-0.01,20,19600,卖盘
290,10:42:58,9.8,0.0,1,980,卖盘
291,10:43:04,9.78,-0.02,1,978,卖盘
292,10:43:49,9.75,-0.03,67,65459,卖盘
293,10:43:55,9.75,0.0,2,1950,卖盘
294,10:44:31,9.75,0.0,7,6825,卖盘
295,10:44:46,9.78,0.03,5,4889,买盘
296,10:44:52,9.75,-0.03,50,48750,卖盘
297,10:44:58,9.73,-0.02,2,1946,卖盘
298,10:45:34,9.73,0.0,1,973,卖盘
299,10:46:31,9.78,0.05,11,10758,买盘
300,10:46:34,9.76,-0.02,1,976,卖盘
301,10:46:36,9.76,0.0,1,976,卖盘
302,10:46:43,9.75,-0.01,3,2925,卖盘
303,10:47:04,9.78,0.03,8,7824,买盘
304,10:47:34,9.75,-0.03,1,975,卖盘
305,10:48:16,9.77,0.02,11,10727,买盘
306,10:48:22,9.77,0.0,4,3908,卖盘
307,10:48:27,9.75,-0.02,2,1950,卖盘
308,10:48:34,9.73,-0.02,1,973,卖盘
309,10:48:37,9.73,0.0,1,973,卖盘
310,10:48:49,9.75,0.02,2,1950,买盘
311,10:49:37,9.75,0.0,1,975,卖盘
312,10:49:55,9.78,0.03,2,1956,买盘
313,10:49:58,9.78,0.0,20,19560,买盘
314,10:50:37,9.78,0.0,2,1956,卖盘
315,10:50:40,9.78,0.0,1,978,卖盘
316,10:50:46,9.76,-0.02,3,2928,卖盘
317,10:51:07,9.76,0.0,1,976,卖盘
318,10:51:13,9.78,0.02,3,2934,买盘
319,10:51:22,9.78,0.0,18,17604,买盘
320,10:51:58,9.8,0.02,15,14700,买盘
321,10:52:07,9.79,-0.01,8,8326,卖盘
322,10:52:13,9.79,0.0,2,1958,卖盘
323,10:53:07,9.8,0.01,1,980,卖盘
324,10:53:13,9.79,-0.01,2,1958,卖盘
325,10:54:06,9.8,0.01,1,980,卖盘
326,10:54:40,9.82,0.02,1,982,买盘
327,10:55:27,9.8,-0.02,14,13720,卖盘
328,10:55:31,9.8,0.0,5,4900,买盘
329,10:55:36,9.79,-0.01,1,979,卖盘
330,10:56:37,9.79,0.0,1,979,卖盘
331,10:56:40,9.79,0.0,1,979,卖盘
332,10:56:46,9.8,0.01,11,10780,买盘
333,10:57:37,9.79,-0.01,1,979,卖盘
334,10:58:36,9.79,0.0,1,979,卖盘
335,10:59:37,9.79,0.0,1,979,卖盘
336,11:00:15,9.79,0.0,10,9790,卖盘
337,11:00:18,9.79,0.0,7,6853,卖盘
338,11:00:49,9.79,0.0,1,490,买盘
339,11:00:54,9.78,-0.01,7,6846,卖盘
340,11:01:10,9.78,0.0,1,978,卖盘
341,11:01:27,9.77,-0.01,70,68392,卖盘
342,11:01:30,9.77,0.0,2,1954,卖盘
343,11:01:33,9.77,0.0,1,977,卖盘
344,11:01:43,9.76,-0.01,80,78081,卖盘
345,11:01:49,9.76,0.0,1,976,卖盘
346,11:02:10,9.76,0.0,1,976,卖盘
347,11:02:13,9.76,0.0,18,17568,卖盘
348,11:02:30,9.76,0.0,7,6832,卖盘
349,11:02:36,9.75,-0.01,3,2925,卖盘
350,11:03:10,9.75,0.0,1,975,卖盘
351,11:03:37,9.75,0.0,1,975,卖盘
352,11:04:10,9.75,0.0,1,975,卖盘
353,11:04:24,9.76,0.01,10,9760,买盘
354,11:04:40,9.75,-0.01,3,2925,卖盘
355,11:04:42,9.75,0.0,15,14625,卖盘
356,11:04:49,9.74,-0.01,4,3896,卖盘
357,11:04:58,9.74,0.0,2,1948,卖盘
358,11:05:01,9.75,0.01,4,3900,买盘
359,11:05:40,9.75,0.0,1,975,卖盘
360,11:06:10,9.75,0.0,14,13650,卖盘
361,11:06:40,9.74,-0.01,1,974,卖盘
362,11:06:52,9.75,0.01,2,1950,买盘
363,11:06:55,9.74,-0.01,30,29220,卖盘
364,11:07:01,9.73,-0.01,1,973,卖盘
365,11:07:13,9.73,0.0,5,4865,卖盘
366,11:07:31,9.73,0.0,12,11676,卖盘
367,11:07:37,9.73,0.0,10,9730,卖盘
368,11:07:43,9.72,-0.01,1,972,卖盘
369,11:07:46,9.72,0.0,5,4860,卖盘
370,11:07:58,9.6,-0.12,263,253397,卖盘
371,11:08:04,9.72,0.12,5,4822,买盘
372,11:08:19,9.73,0.01,7,6805,买盘
373,11:08:34,9.72,-0.01,2,1944,卖盘
374,11:08:37,9.72,0.0,7,6804,卖盘
375,11:08:46,9.71,-0.01,1,971,卖盘
376,11:08:52,9.71,0.0,2,1942,卖盘
377,11:08:58,9.64,-0.07,1,964,卖盘
378,11:09:07,9.64,0.0,6,5784,卖盘
379,11:09:43,9.66,0.02,1,966,卖盘
380,11:11:13,9.68,0.02,1,968,卖盘
381,11:11:16,9.68,0.0,11,10648,卖盘
382,11:11:22,9.68,0.0,27,26195,卖盘
383,11:12:13,9.68,0.0,1,968,卖盘
384,11:12:31,9.7,0.02,3,2910,买盘
385,11:12:40,9.7,0.0,2,1940,买盘
386,11:12:52,9.7,0.0,8,7760,买盘
387,11:12:55,9.7,0.0,1,970,卖盘
388,11:13:13,9.7,0.0,1,970,卖盘
389,11:13:45,9.7,0.0,11,10670,买盘
390,11:14:10,9.7,0.0,1,970,卖盘
391,11:15:27,9.7,0.0,18,17460,卖盘
392,11:15:34,9.69,-0.01,5,4845,卖盘
393,11:15:43,9.69,0.0,1,969,卖盘
394,11:16:31,9.68,-0.01,24,23236,卖盘
395,11:16:37,9.67,-0.01,2,1934,卖盘
396,11:16:43,9.67,0.0,1,967,卖盘
397,11:16:54,9.65,-0.02,75,72406,卖盘
398,11:17:01,9.68,0.03,67,64850,买盘
399,11:17:04,9.68,0.0,2,1936,卖盘
400,11:17:24,9.72,0.04,100,97200,买盘
401,11:17:43,9.68,-0.04,20,19361,卖盘
402,11:17:49,9.69,0.01,2,1938,买盘
403,11:18:34,9.75,0.06,10,9723,买盘
404,11:18:43,9.69,-0.06,1,969,卖盘
405,11:19:43,9.69,0.0,1,969,卖盘
406,11:20:04,9.68,-0.01,45,43567,卖盘
407,11:21:16,9.67,-0.01,1,967,卖盘
408,11:21:30,9.71,0.04,1,971,买盘
409,11:22:12,9.69,-0.02,1,969,卖盘
410,11:22:40,9.69,0.0,14,13566,卖盘
411,11:22:45,9.69,0.0,2,1938,买盘
412,11:23:01,9.69,0.0,11,10659,买盘
413,11:23:04,9.69,0.0,11,10654,买盘
414,11:23:06,9.69,0.0,8,7752,买盘
415,11:23:16,9.69,0.0,1,969,卖盘
416,11:23:55,9.69,0.0,8,7752,卖盘
417,11:24:04,9.69,0.0,16,15504,买盘
418,11:24:12,9.69,0.0,1,969,卖盘
419,11:24:45,9.7,0.01,30,29100,卖盘
420,11:25:19,9.71,0.01,2,1942,买盘
421,11:25:27,9.7,-0.01,30,29100,卖盘
422,11:25:33,9.71,0.01,33,32043,买盘
423,11:25:43,9.7,-0.01,1,970,卖盘
424,11:26:01,9.71,0.01,16,15536,买盘
425,11:26:34,9.7,-0.01,45,43650,卖盘
426,11:26:43,9.71,0.01,4,3883,买盘
427,11:27:07,9.69,-0.02,27,26168,卖盘
428,11:27:12,9.69,0.0,2,1938,买盘
429,11:27:39,9.69,0.0,27,26163,买盘
430,11:27:46,9.69,0.0,1,969,卖盘
431,11:28:46,9.69,0.0,1,969,卖盘
432,11:29:46,9.69,0.0,4,3882,卖盘
433,13:00:07,9.69,0.0,9,8721,卖盘
434,13:00:31,9.69,0.0,1,969,卖盘
435,13:00:33,9.68,-0.01,1,968,卖盘
436,13:00:43,9.68,0.0,2,1936,卖盘
437,13:00:58,9.68,0.0,10,9680,卖盘
438,13:01:16,9.68,0.0,1,968,卖盘
439,13:02:06,9.68,0.0,12,11616,卖盘
440,13:02:09,9.69,0.01,20,19372,买盘
441,13:02:15,9.67,-0.02,1,967,卖盘
442,13:03:49,9.68,0.01,4,3872,买盘
443,13:03:58,9.67,-0.01,1,967,卖盘
444,13:04:01,9.68,0.01,5,4840,买盘
445,13:05:43,9.68,0.0,37,35816,卖盘
446,13:06:28,9.68,0.0,1,968,卖盘
447,13:08:22,9.68,0.0,27,26136,卖盘
448,13:08:25,9.69,0.01,3,2907,买盘
449,13:08:31,9.67,-0.02,15,14505,卖盘
450,13:08:52,9.68,0.01,1,968,卖盘
451,13:08:57,9.67,-0.01,2,1934,卖盘
452,13:09:58,9.67,0.0,1,967,卖盘
453,13:10:58,9.67,0.0,1,967,卖盘
454,13:11:13,9.67,0.0,4,3868,卖盘
455,13:11:19,9.66,-0.01,1,966,卖盘
456,13:11:25,9.65,-0.01,20,19300,卖盘
457,13:11:52,9.65,0.0,8,7720,卖盘
458,13:12:01,9.65,0.0,7,7238,卖盘
459,13:12:10,9.66,0.01,9,8694,买盘
460,13:12:49,9.67,0.01,12,11604,买盘
461,13:13:18,9.68,0.01,25,24187,买盘
462,13:14:24,9.69,0.01,22,21318,买盘
463,13:14:37,9.7,0.01,5,4850,买盘
464,13:15:28,9.69,-0.01,6,5814,卖盘
465,13:16:07,9.69,0.0,15,14535,卖盘
466,13:17:04,9.69,0.0,57,55233,卖盘
467,13:17:10,9.68,-0.01,3,2904,卖盘
468,13:17:31,9.69,0.01,2,1938,买盘
469,13:19:19,9.68,-0.01,1,968,卖盘
470,13:19:55,9.67,-0.01,1,967,卖盘
471,13:21:55,9.68,0.01,30,29040,卖盘
472,13:22:01,9.67,-0.01,3,2901,卖盘
473,13:23:04,9.69,0.02,2,1938,买盘
474,13:23:34,9.67,-0.02,2,1934,卖盘
475,13:24:16,9.68,0.01,20,19360,买盘
476,13:24:52,9.68,0.0,3,2904,买盘
477,13:24:58,9.68,0.0,13,12584,卖盘
478,13:25:45,9.68,0.0,4,3872,卖盘
479,13:25:52,9.67,-0.01,6,5802,卖盘
480,13:26:33,9.68,0.01,2,1936,买盘
481,13:26:57,9.68,0.0,1,968,买盘
482,13:27:13,9.67,-0.01,1,967,卖盘
483,13:27:57,9.68,0.01,4,3872,买盘
484,13:29:43,9.67,-0.01,12,11604,卖盘
485,13:29:48,9.68,0.01,16,15488,买盘
486,13:29:58,9.68,0.0,9,8712,卖盘
487,13:30:04,9.67,-0.01,6,5802,卖盘
488,13:30:31,9.67,0.0,5,4835,卖盘
489,13:32:36,9.67,0.0,27,26111,卖盘
490,13:33:07,9.68,0.01,21,20328,买盘
491,13:33:25,9.69,0.01,1,969,买盘
492,13:33:34,9.68,-0.01,1,968,卖盘
493,13:33:45,9.68,0.0,32,30976,卖盘
494,13:34:10,9.68,0.0,51,49368,卖盘
495,13:34:19,9.68,0.0,58,56144,卖盘
496,13:34:31,9.68,0.0,17,16456,卖盘
497,13:34:37,9.68,0.0,11,10648,卖盘
498,13:34:42,9.69,0.01,89,86230,买盘
499,13:34:49,9.71,0.02,18,17478,买盘
500,13:35:13,9.69,-0.02,50,48450,卖盘
501,13:35:40,9.71,0.02,12,11652,买盘
502,13:35:49,9.7,-0.01,17,16490,卖盘
503,13:35:52,9.7,0.0,3,2910,买盘
504,13:35:55,9.7,0.0,7,6790,卖盘
505,13:36:25,9.7,0.0,2,1940,买盘
506,13:39:31,9.73,0.03,1,973,买盘
507,13:40:04,9.73,0.0,10,9730,买盘
508,13:41:18,9.73,0.0,6,5838,买盘
509,13:42:37,9.71,-0.02,2,1942,卖盘
510,13:43:04,9.72,0.01,1,972,卖盘
511,13:44:10,9.73,0.01,32,31136,买盘
512,13:44:13,9.72,-0.01,1,972,中性盘
513,13:44:36,9.72,0.0,2,1944,买盘
514,13:45:43,9.72,0.0,28,27216,买盘
515,13:46:01,9.72,0.0,34,33048,买盘
516,13:46:55,9.72,0.0,3,2916,买盘
517,13:47:16,9.73,0.01,58,55948,买盘
518,13:49:10,9.74,0.01,1,974,中性盘
519,13:50:10,9.74,0.0,6,5844,买盘
520,13:50:12,9.74,0.0,4,3896,卖盘
521,13:51:07,9.73,-0.01,1,973,卖盘
522,13:51:40,9.73,0.0,197,191194,买盘
523,13:52:07,9.73,0.0,15,15082,卖盘
524,13:52:25,9.72,-0.01,1,972,中性盘
525,13:52:28,9.73,0.01,7,6324,买盘
526,13:52:37,9.72,-0.01,15,14584,卖盘
527,13:55:04,9.73,0.01,1,973,买盘
528,13:56:01,9.72,-0.01,16,15552,卖盘
529,13:56:04,9.72,0.0,1,1458,卖盘
530,13:58:57,9.71,-0.01,28,27188,买盘
531,14:00:31,9.71,0.0,2,1942,卖盘
532,14:00:46,9.7,-0.01,10,9702,卖盘
533,14:00:49,9.69,-0.01,53,51389,卖盘
534,14:01:40,9.71,0.02,1,971,买盘
535,14:02:42,9.7,-0.01,1,970,卖盘
536,14:03:13,9.7,0.0,41,39770,卖盘
537,14:03:42,9.69,-0.01,10,9690,卖盘
538,14:03:58,9.69,0.0,12,11628,卖盘
539,14:04:01,9.69,0.0,3,2907,卖盘
540,14:04:45,9.69,0.0,1,969,卖盘
541,14:04:52,9.69,0.0,1,969,卖盘
542,14:04:55,9.69,0.0,1,969,卖盘
543,14:05:07,9.69,0.0,21,20349,卖盘
544,14:05:19,9.69,0.0,1,969,卖盘
545,14:05:30,9.69,0.0,135,130815,卖盘
546,14:05:33,9.69,0.0,1,969,卖盘
547,14:06:25,9.68,-0.01,1,968,买盘
548,14:06:28,9.67,-0.01,11,10646,卖盘
549,14:08:55,9.68,0.01,2,1936,买盘
550,14:09:19,9.68,0.0,2,1936,买盘
551,14:09:28,9.69,0.01,2,1938,买盘
552,14:10:22,9.68,-0.01,1,968,卖盘
553,14:10:28,9.69,0.01,5,4845,买盘
554,14:10:49,9.69,0.0,1,969,买盘
555,14:12:10,9.69,0.0,20,19380,买盘
556,14:12:22,9.71,0.02,42,40752,买盘
557,14:13:19,9.72,0.01,4,3888,买盘
558,14:14:00,9.72,0.0,61,59292,买盘
559,14:17:18,9.72,0.0,1,972,买盘
560,14:17:36,9.7,-0.02,1,970,卖盘
561,14:20:07,9.72,0.02,1,972,买盘
562,14:20:43,9.71,-0.01,1,971,买盘
563,14:22:01,9.72,0.01,5,4860,买盘
564,14:22:43,9.7,-0.02,4,3880,卖盘
565,14:23:16,9.7,0.0,34,32980,买盘
566,14:23:28,9.67,-0.03,65,62885,卖盘
567,14:24:04,9.67,0.0,5,4835,卖盘
568,14:26:34,9.69,0.02,10,9690,买盘
569,14:27:18,9.67,-0.02,50,48351,卖盘
570,14:27:52,9.69,0.02,20,19380,买盘
571,14:30:49,9.68,-0.01,1,968,卖盘
572,14:30:52,9.71,0.03,35,33939,买盘
573,14:31:01,9.69,-0.02,1,969,买盘
574,14:34:46,9.69,0.0,2,1939,卖盘
575,14:35:10,9.69,0.0,8,7268,卖盘
576,14:35:25,9.69,0.0,11,10659,卖盘
577,14:35:30,9.69,0.0,5,4845,卖盘
578,14:35:37,9.69,0.0,1,969,卖盘
579,14:36:05,9.72,0.03,61,59218,买盘
580,14:37:01,9.72,0.0,25,24786,买盘
581,14:37:05,9.68,-0.04,30,29064,卖盘
582,14:38:10,9.75,0.07,1,975,买盘
583,14:41:31,9.72,-0.03,5,4860,卖盘
584,14:42:01,9.72,0.0,7,6804,卖盘
585,14:42:10,9.73,0.01,1,973,买盘
586,14:43:01,9.7,-0.03,65,63122,卖盘
587,14:43:16,9.7,0.0,35,33950,卖盘
588,14:43:43,9.7,0.0,37,35890,卖盘
589,14:43:58,9.7,0.0,5,4850,中性盘
590,14:44:16,9.7,0.0,35,33950,卖盘
591,14:44:49,9.69,-0.01,50,48450,卖盘
592,14:45:13,9.69,0.0,23,22287,卖盘
593,14:45:22,9.69,0.0,11,10659,卖盘
594,14:45:43,9.69,0.0,4,3877,卖盘
595,14:45:52,9.69,0.0,2,1938,卖盘
596,14:46:04,9.7,0.01,35,33950,卖盘
597,14:46:07,9.69,-0.01,54,52336,卖盘
598,14:46:25,9.69,0.0,4,3876,卖盘
599,14:47:25,9.69,0.0,36,34884,卖盘
600,14:47:31,9.69,0.0,7,6783,卖盘
601,14:47:37,9.69,0.0,65,62985,卖盘
602,14:48:01,9.69,0.0,19,18411,卖盘
603,14:48:19,9.69,0.0,36,34884,卖盘
604,14:48:31,9.7,0.01,10,9700,卖盘
605,14:48:46,9.7,0.0,1,970,卖盘
606,14:48:58,9.7,0.0,5,4850,卖盘
607,14:49:05,9.7,0.0,1,970,卖盘
608,14:49:25,9.72,0.02,6,5832,买盘
609,14:49:31,9.7,-0.02,7,6790,卖盘
610,14:49:34,9.72,0.02,1,972,中性盘
611,14:50:01,9.7,-0.02,75,72750,卖盘
612,14:50:07,9.69,-0.01,10,9691,卖盘
613,14:50:10,9.69,0.0,1,969,卖盘
614,14:50:19,9.69,0.0,4,3876,卖盘
615,14:50:43,9.69,0.0,1,969,卖盘
616,14:50:49,9.69,0.0,10,9690,卖盘
617,14:51:13,9.69,0.0,1,969,卖盘
618,14:51:22,9.69,0.0,50,48450,卖盘
619,14:51:46,9.69,0.0,1,969,买盘
620,14:51:49,9.68,-0.01,4,3872,卖盘
621,14:52:13,9.68,0.0,20,19360,卖盘
622,14:52:19,9.68,0.0,1,968,卖盘
623,14:52:28,9.68,0.0,8,7744,卖盘
624,14:52:37,9.68,0.0,1,968,卖盘
625,14:52:58,9.68,0.0,13,12584,卖盘
626,14:53:07,9.68,0.0,1,968,卖盘
627,14:53:13,9.69,0.01,11,10659,买盘
628,14:53:37,9.69,0.0,3,2907,卖盘
629,14:53:52,9.69,0.0,16,15504,卖盘
630,14:54:07,9.68,-0.01,1,968,卖盘
631,14:54:13,9.69,0.01,100,96820,买盘
632,14:54:22,9.69,0.0,12,11618,买盘
633,14:54:43,9.69,0.0,20,19380,卖盘
634,14:54:49,9.68,-0.01,26,25168,卖盘
635,14:54:55,9.68,0.0,7,6776,卖盘
636,14:55:13,9.68,0.0,41,39688,买盘
637,14:55:52,9.67,-0.01,98,94766,卖盘
638,14:55:55,9.67,0.0,84,81228,卖盘
639,14:56:19,9.67,0.0,10,9670,卖盘
640,14:56:31,9.68,0.01,2,1936,买盘
641,14:56:40,9.68,0.0,13,12581,买盘
642,14:56:52,9.67,-0.01,13,12108,卖盘
643,14:56:55,9.74,0.07,190,184411,买盘
644,15:00:05,9.76,0.02,323,315248,卖盘
