,time,price,change,volume,amount,type
0,09:25:04,6.38,0.0,75,47850,卖盘
1,09:30:04,6.38,0.0,104,66352,买盘
2,09:30:07,6.39,0.01,10,6390,卖盘
3,09:30:34,6.43,0.04,1,643,买盘
4,09:30:36,6.39,-0.04,50,31950,卖盘
5,09:30:57,6.42,0.03,6,3852,买盘
6,09:31:04,6.41,-0.01,1,641,买盘
7,09:31:07,6.42,0.01,6,3852,卖盘
8,09:31:13,6.42,0.0,3,1926,卖盘
9,09:31:19,6.42,0.0,17,10914,买盘
10,09:31:21,6.42,0.0,3,1926,卖盘
11,09:31:31,6.42,0.0,21,13483,卖盘
12,09:31:36,6.43,0.01,100,64230,买盘
13,09:31:39,6.43,0.0,5,3215,买盘
14,09:31:48,6.43,0.0,1,643,买盘
15,09:31:55,6.43,0.0,10,6430,买盘
16,09:31:57,6.43,0.0,13,8359,买盘
17,09:32:01,6.43,0.0,10,6430,买盘
18,09:32:03,6.42,-0.01,10,6420,卖盘
19,09:32:16,6.42,0.0,2,1284,卖盘
20,09:32:19,6.42,0.0,1,642,买盘
21,09:32:24,6.41,-0.01,14,8974,卖盘
22,09:32:37,6.4,-0.01,5,3200,卖盘
23,09:32:45,6.39,-0.01,50,31979,卖盘
24,09:33:13,6.38,-0.01,50,31930,卖盘
25,09:33:40,6.39,0.01,36,23034,卖盘
26,09:33:43,6.41,0.02,6,3846,买盘
27,09:33:58,6.41,0.0,6,3846,买盘
28,09:34:10,6.4,-0.01,15,9600,买盘
29,09:34:13,6.41,0.01,15,9610,买盘
30,09:34:19,6.39,-0.02,23,14704,卖盘
31,09:34:22,6.39,0.0,30,19170,买盘
32,09:34:37,6.41,0.02,5,3205,买盘
33,09:35:16,6.41,0.0,19,12179,买盘
34,09:35:19,6.4,-0.01,9,5760,卖盘
35,09:35:28,6.42,0.02,16,10262,买盘
36,09:35:33,6.44,0.02,54,34731,买盘
37,09:36:10,6.42,-0.02,2,1284,卖盘
38,09:36:34,6.43,0.01,4,2572,卖盘
39,09:36:39,6.42,-0.01,1,642,卖盘
40,09:36:46,6.43,0.01,4,2572,买盘
41,09:36:49,6.42,-0.01,37,23754,卖盘
42,09:36:54,6.41,-0.01,1,641,卖盘
43,09:37:06,6.41,0.0,1,641,卖盘
44,09:37:46,6.42,0.01,5,3210,买盘
45,09:37:57,6.42,0.0,3,1926,买盘
46,09:38:19,6.42,0.0,5,3210,买盘
47,09:38:22,6.42,0.0,7,4494,买盘
48,09:38:25,6.42,0.0,27,17334,买盘
49,09:38:31,6.41,-0.01,20,12820,卖盘
50,09:38:34,6.41,0.0,8,5137,卖盘
51,09:38:42,6.43,0.02,6,3858,买盘
52,09:38:49,6.4,-0.03,229,146748,卖盘
53,09:38:55,6.39,-0.01,178,113880,卖盘
54,09:39:04,6.38,-0.01,60,38280,卖盘
55,09:39:13,6.39,0.01,10,6390,买盘
56,09:39:22,6.39,0.0,13,8299,买盘
57,09:39:25,6.39,0.0,1,639,买盘
58,09:39:28,6.39,0.0,3,1917,买盘
59,09:39:30,6.39,0.0,5,3195,买盘
60,09:39:33,6.39,0.0,9,5751,买盘
61,09:39:37,6.39,0.0,2,1278,买盘
62,09:39:55,6.42,0.03,3,1926,买盘
63,09:39:58,6.42,0.0,1,642,卖盘
64,09:40:09,6.43,0.01,5,3215,买盘
65,09:40:24,6.4,-0.03,4,2560,卖盘
66,09:40:40,6.4,0.0,39,24960,卖盘
67,09:40:52,6.4,0.0,6,3840,买盘
68,09:40:54,6.39,-0.01,9,5751,卖盘
69,09:41:01,6.39,0.0,62,39618,卖盘
70,09:41:06,6.38,-0.01,1,638,卖盘
71,09:41:09,6.38,0.0,5,3190,卖盘
72,09:41:16,6.39,0.01,109,69563,买盘
73,09:41:31,6.39,0.0,5,3195,买盘
74,09:41:37,6.39,0.0,7,4473,买盘
75,09:41:39,6.39,0.0,3,1917,买盘
76,09:41:55,6.38,-0.01,20,12760,卖盘
77,09:42:06,6.38,0.0,60,38280,卖盘
78,09:42:10,6.39,0.01,6,3834,买盘
79,09:42:13,6.38,-0.01,9,5742,卖盘
80,09:42:16,6.38,0.0,16,10208,卖盘
81,09:42:24,6.39,0.01,25,15975,买盘
82,09:42:34,6.38,-0.01,10,6380,卖盘
83,09:42:37,6.38,0.0,15,9575,卖盘
84,09:42:48,6.39,0.01,8,5112,买盘
85,09:42:54,6.39,0.0,7,4473,买盘
86,09:42:58,6.39,0.0,10,6390,买盘
87,09:43:01,6.38,-0.01,23,14674,卖盘
88,09:43:06,6.38,0.0,50,31900,卖盘
89,09:43:09,6.36,-0.02,1,636,卖盘
90,09:43:25,6.36,0.0,16,10176,卖盘
91,09:43:28,6.36,0.0,21,13356,卖盘
92,09:43:30,6.37,0.01,6,3821,买盘
93,09:43:40,6.36,-0.01,6,3816,卖盘
94,09:43:49,6.36,0.0,36,22906,卖盘
95,09:43:57,6.36,0.0,17,10817,卖盘
96,09:44:06,6.36,0.0,165,104825,卖盘
97,09:44:09,6.36,0.0,9,5721,买盘
98,09:44:28,6.35,-0.01,1,635,卖盘
99,09:44:30,6.35,0.0,8,5085,卖盘
100,09:44:33,6.36,0.01,17,10812,买盘
101,09:44:43,6.36,0.0,3,1908,卖盘
102,09:44:52,6.37,0.01,5,3185,买盘
103,09:45:21,6.37,0.0,10,6370,买盘
104,09:45:25,6.37,0.0,35,22295,买盘
105,09:45:28,6.37,0.0,9,5733,买盘
106,09:45:31,6.37,0.0,24,15288,买盘
107,09:45:40,6.38,0.01,4,2552,买盘
108,09:46:01,6.37,-0.01,42,26754,卖盘
109,09:46:04,6.36,-0.01,9,5725,卖盘
110,09:46:06,6.36,0.0,5,3625,卖盘
111,09:46:19,6.37,0.01,16,10192,买盘
112,09:46:27,6.37,0.0,5,3185,卖盘
113,09:46:30,6.37,0.0,21,13376,买盘
114,09:46:52,6.37,0.0,4,2548,卖盘
115,09:46:54,6.38,0.01,6,3824,买盘
116,09:47:06,6.36,-0.02,17,10812,卖盘
117,09:47:09,6.36,0.0,51,32437,卖盘
118,09:47:25,6.38,0.02,71,45298,买盘
119,09:47:49,6.38,0.0,2,1276,买盘
120,09:48:09,6.36,-0.02,20,12720,卖盘
121,09:48:46,6.36,0.0,6,3816,卖盘
122,09:48:49,6.37,0.01,6,3821,买盘
123,09:48:52,6.36,-0.01,1,636,卖盘
124,09:48:55,6.36,0.0,5,3180,卖盘
125,09:48:58,6.36,0.0,42,26267,卖盘
126,09:49:01,6.35,-0.01,9,5722,卖盘
127,09:49:16,6.35,0.0,58,36830,卖盘
128,09:49:19,6.35,0.0,2,1270,卖盘
129,09:49:24,6.35,0.0,2,1270,卖盘
130,09:49:37,6.35,0.0,26,16828,卖盘
131,09:49:40,6.35,0.0,5,3175,卖盘
132,09:49:45,6.35,0.0,20,12700,卖盘
133,09:49:49,6.35,0.0,34,21430,卖盘
134,09:49:51,6.35,0.0,34,21604,卖盘
135,09:49:54,6.35,0.0,6,3811,卖盘
136,09:49:58,6.35,0.0,3,1905,卖盘
137,09:50:01,6.37,0.02,5,3185,买盘
138,09:50:09,6.35,-0.02,9,5715,卖盘
139,09:50:18,6.36,0.01,1,636,卖盘
140,09:50:40,6.36,0.0,46,29262,卖盘
141,09:50:42,6.35,-0.01,180,114173,卖盘
142,09:50:55,6.35,0.0,3,1905,买盘
143,09:50:57,6.35,0.0,87,55372,买盘
144,09:51:00,6.37,0.02,52,33124,买盘
145,09:51:04,6.36,-0.01,3,1908,卖盘
146,09:51:12,6.37,0.01,8,5096,买盘
147,09:51:16,6.37,0.0,5,3185,买盘
148,09:51:19,6.38,0.01,5,3190,买盘
149,09:51:22,6.36,-0.02,71,45162,卖盘
150,09:51:28,6.36,0.0,30,19080,买盘
151,09:51:46,6.36,0.0,10,6360,买盘
152,09:51:55,6.36,0.0,108,68680,买盘
153,09:52:01,6.36,0.0,66,41976,买盘
154,09:52:04,6.37,0.01,5,3185,买盘
155,09:52:10,6.37,0.0,5,3185,买盘
156,09:52:13,6.37,0.0,2,1274,买盘
157,09:52:15,6.37,0.0,8,5096,买盘
158,09:52:22,6.36,-0.01,70,44520,卖盘
159,09:52:54,6.36,0.0,14,8903,买盘
160,09:53:04,6.36,0.0,2,1272,买盘
161,09:53:19,6.35,-0.01,20,12700,卖盘
162,09:53:22,6.36,0.01,20,12720,买盘
163,09:53:31,6.36,0.0,37,23530,买盘
164,09:53:34,6.36,0.0,5,3180,买盘
165,09:53:37,6.36,0.0,15,9540,买盘
166,09:53:43,6.36,0.0,30,19080,买盘
167,09:53:45,6.36,0.0,16,10176,买盘
168,09:53:48,6.35,-0.01,12,7620,卖盘
169,09:53:55,6.36,0.01,10,6360,买盘
170,09:54:10,6.35,-0.01,43,27305,卖盘
171,09:54:13,6.36,0.01,6,3816,买盘
172,09:54:18,6.36,0.0,7,4452,买盘
173,09:54:25,6.36,0.0,20,12720,买盘
174,09:54:33,6.36,0.0,11,6996,买盘
175,09:54:45,6.36,0.0,30,19080,买盘
176,09:54:54,6.36,0.0,5,3180,买盘
177,09:55:04,6.36,0.0,70,44520,买盘
178,09:55:09,6.36,0.0,10,6360,买盘
179,09:55:13,6.36,0.0,20,12720,买盘
180,09:55:15,6.35,-0.01,69,43815,卖盘
181,09:55:33,6.36,0.01,10,6360,买盘
182,09:55:40,6.38,0.02,20,12746,买盘
183,09:55:55,6.38,0.0,1,638,买盘
184,09:55:58,6.37,-0.01,14,8918,卖盘
185,09:56:28,6.38,0.01,6,3828,买盘
186,09:56:33,6.38,0.0,18,11484,买盘
187,09:57:01,6.38,0.0,3,1914,买盘
188,09:57:04,6.38,0.0,30,19140,买盘
189,09:57:07,6.37,-0.01,32,20414,卖盘
190,09:57:18,6.4,0.03,5,3199,买盘
191,09:57:37,6.41,0.01,7,4486,买盘
192,09:57:58,6.4,-0.01,11,7040,买盘
193,09:58:10,6.4,0.0,7,4480,买盘
194,09:58:42,6.4,0.0,5,3200,买盘
195,09:58:48,6.4,0.0,5,3200,买盘
196,09:58:55,6.4,0.0,8,5120,买盘
197,09:59:12,6.4,0.0,2,1280,买盘
198,09:59:25,6.4,0.0,5,3200,买盘
199,09:59:27,6.4,0.0,5,3200,买盘
200,09:59:48,6.39,-0.01,10,6390,卖盘
201,09:59:52,6.39,0.0,6,3834,卖盘
202,09:59:55,6.39,0.0,1,639,卖盘
203,09:59:58,6.4,0.01,9,5760,买盘
204,10:00:04,6.39,-0.01,2,1278,卖盘
205,10:00:07,6.39,0.0,6,3834,买盘
206,10:00:10,6.39,0.0,13,8301,买盘
207,10:00:13,6.38,-0.01,31,19778,卖盘
208,10:00:34,6.38,0.0,4,2552,卖盘
209,10:00:42,6.39,0.01,8,5112,买盘
210,10:00:46,6.39,0.0,5,3195,买盘
211,10:01:18,6.39,0.0,12,7668,买盘
212,10:01:28,6.39,0.0,5,3195,买盘
213,10:01:30,6.39,0.0,1,639,买盘
214,10:01:40,6.39,0.0,8,5112,买盘
215,10:01:54,6.39,0.0,7,4473,买盘
216,10:02:07,6.39,0.0,6,3834,买盘
217,10:02:58,6.38,-0.01,10,6380,卖盘
218,10:03:52,6.39,0.01,10,6390,买盘
219,10:04:00,6.39,0.0,3,1917,买盘
220,10:04:04,6.39,0.0,8,5112,买盘
221,10:04:06,6.39,0.0,4,2556,买盘
222,10:04:10,6.38,-0.01,11,7018,卖盘
223,10:04:28,6.39,0.01,28,17891,买盘
224,10:04:30,6.39,0.0,19,12141,买盘
225,10:04:37,6.38,-0.01,81,51678,卖盘
226,10:04:40,6.37,-0.01,2,1274,卖盘
227,10:04:43,6.38,0.01,75,47850,买盘
228,10:04:52,6.38,0.0,2,1276,买盘
229,10:04:54,6.37,-0.01,30,19110,卖盘
230,10:05:04,6.37,0.0,8,5096,卖盘
231,10:05:27,6.37,0.0,6,3822,卖盘
232,10:05:36,6.37,0.0,22,14014,卖盘
233,10:05:52,6.38,0.01,15,9570,买盘
234,10:05:54,6.37,-0.01,5,3185,卖盘
235,10:06:12,6.37,0.0,50,31850,卖盘
236,10:06:16,6.37,0.0,2,1274,卖盘
237,10:06:31,6.37,0.0,12,7652,卖盘
238,10:06:36,6.37,0.0,54,34398,卖盘
239,10:06:40,6.38,0.01,5,3190,买盘
240,10:07:09,6.37,-0.01,30,19110,卖盘
241,10:07:18,6.38,0.01,10,6380,买盘
242,10:07:24,6.38,0.0,60,38280,买盘
243,10:07:45,6.38,0.0,27,17226,买盘
244,10:07:55,6.38,0.0,7,4466,买盘
245,10:07:58,6.38,0.0,4,2552,买盘
246,10:08:13,6.38,0.0,10,6380,买盘
247,10:08:19,6.38,0.0,10,6380,买盘
248,10:08:22,6.38,0.0,19,12122,买盘
249,10:08:25,6.37,-0.01,22,14023,卖盘
250,10:08:33,6.37,0.0,10,6370,卖盘
251,10:08:37,6.37,0.0,1,637,卖盘
252,10:08:48,6.38,0.01,21,13397,买盘
253,10:09:31,6.38,0.0,53,33814,买盘
254,10:09:51,6.38,0.0,46,29348,卖盘
255,10:09:55,6.37,-0.01,2,1274,卖盘
256,10:09:57,6.38,0.01,4,2552,买盘
257,10:10:16,6.37,-0.01,1,637,卖盘
258,10:10:19,6.38,0.01,1,638,买盘
259,10:10:33,6.38,0.0,33,21054,买盘
260,10:10:36,6.38,0.0,1,638,买盘
261,10:10:39,6.38,0.0,1,638,买盘
262,10:10:55,6.38,0.0,1,638,买盘
263,10:10:58,6.38,0.0,1,638,买盘
264,10:11:06,6.38,0.0,5,3190,买盘
265,10:11:24,6.38,0.0,1,638,买盘
266,10:11:28,6.38,0.0,4,2552,买盘
267,10:11:31,6.38,0.0,2,1276,买盘
268,10:11:37,6.38,0.0,4,2552,卖盘
269,10:11:39,6.37,-0.01,4,2551,卖盘
270,10:11:49,6.38,0.01,1,638,买盘
271,10:12:03,6.38,0.0,3,1914,买盘
272,10:12:07,6.38,0.0,1,510,卖盘
273,10:12:42,6.39,0.01,5,3195,买盘
274,10:12:57,6.39,0.0,7,4473,买盘
275,10:13:18,6.39,0.0,8,5112,买盘
276,10:13:25,6.39,0.0,5,3195,买盘
277,10:13:28,6.39,0.0,5,3195,买盘
278,10:13:34,6.39,0.0,15,9585,买盘
279,10:13:46,6.39,0.0,13,8307,买盘
280,10:13:55,6.39,0.0,21,13419,买盘
281,10:13:57,6.39,0.0,14,8946,买盘
282,10:15:09,6.39,0.0,94,60066,买盘
283,10:15:13,6.39,0.0,13,8307,买盘
284,10:15:24,6.39,0.0,20,12780,买盘
285,10:15:30,6.39,0.0,1,639,买盘
286,10:15:36,6.39,0.0,100,63900,买盘
287,10:15:39,6.39,0.0,6,3834,买盘
288,10:15:55,6.39,0.0,6,3834,买盘
289,10:15:57,6.39,0.0,8,5112,买盘
290,10:16:04,6.39,0.0,10,6390,买盘
291,10:16:42,6.39,0.0,46,29394,买盘
292,10:17:01,6.39,0.0,6,3834,卖盘
293,10:17:07,6.4,0.01,5,3200,买盘
294,10:17:18,6.4,0.0,10,6400,买盘
295,10:17:31,6.39,-0.01,60,38340,卖盘
296,10:17:58,6.4,0.01,125,80000,买盘
297,10:18:00,6.4,0.0,3,1920,买盘
298,10:18:04,6.4,0.0,1,640,买盘
299,10:18:09,6.4,0.0,5,3200,买盘
300,10:18:19,6.4,0.0,50,32000,买盘
301,10:18:22,6.4,0.0,3,1920,买盘
302,10:18:25,6.4,0.0,10,6400,买盘
303,10:18:28,6.4,0.0,8,5120,买盘
304,10:18:43,6.4,0.0,10,6400,买盘
305,10:19:04,6.4,0.0,1,640,买盘
306,10:19:07,6.4,0.0,5,3648,买盘
307,10:19:24,6.41,0.01,6,3846,买盘
308,10:19:49,6.41,0.0,58,37178,买盘
309,10:19:51,6.42,0.01,13,8346,买盘
310,10:19:54,6.42,0.0,5,3210,买盘
311,10:20:00,6.41,-0.01,1,641,卖盘
312,10:20:22,6.42,0.01,5,3210,买盘
313,10:20:43,6.41,-0.01,30,19230,卖盘
314,10:20:46,6.41,0.0,2,1282,卖盘
315,10:21:19,6.42,0.01,11,7062,买盘
316,10:21:25,6.41,-0.01,36,23076,卖盘
317,10:21:31,6.41,0.0,3,1923,买盘
318,10:21:39,6.41,0.0,5,3205,买盘
319,10:21:52,6.41,0.0,27,17307,买盘
320,10:21:57,6.41,0.0,20,12820,卖盘
321,10:22:15,6.42,0.01,8,5136,买盘
322,10:22:21,6.41,-0.01,50,32050,卖盘
323,10:22:25,6.42,0.01,16,10272,买盘
324,10:22:37,6.42,0.0,5,3210,买盘
325,10:22:51,6.42,0.0,11,7062,买盘
326,10:23:21,6.41,-0.01,8,5128,卖盘
327,10:23:34,6.42,0.01,5,3210,买盘
328,10:23:51,6.42,0.0,150,96300,买盘
329,10:23:55,6.42,0.0,1,642,买盘
330,10:24:01,6.42,0.0,15,9630,买盘
331,10:24:25,6.42,0.0,79,50718,买盘
332,10:25:04,6.42,0.0,2,1284,卖盘
333,10:25:12,6.42,0.0,88,56496,卖盘
334,10:25:33,6.42,0.0,23,14766,买盘
335,10:26:42,6.42,0.0,1,642,买盘
336,10:27:04,6.42,0.0,50,32100,买盘
337,10:27:28,6.42,0.0,26,16692,买盘
338,10:27:55,6.42,0.0,13,8346,买盘
339,10:28:06,6.41,-0.01,5,3205,卖盘
340,10:28:10,6.42,0.01,28,17976,买盘
341,10:28:16,6.42,0.0,76,48792,买盘
342,10:28:19,6.42,0.0,11,7063,卖盘
343,10:28:30,6.43,0.01,10,6430,买盘
344,10:28:33,6.43,0.0,11,7073,买盘
345,10:28:46,6.43,0.0,56,36008,买盘
346,10:29:01,6.43,0.0,5,3215,卖盘
347,10:29:09,6.43,0.0,12,7716,买盘
348,10:29:24,6.44,0.01,9,5796,买盘
349,10:29:36,6.44,0.0,75,48300,买盘
350,10:30:04,6.45,0.01,110,70950,买盘
351,10:30:06,6.45,0.0,14,9030,卖盘
352,10:30:09,6.45,0.0,13,8385,卖盘
353,10:30:25,6.45,0.0,26,16770,买盘
354,10:30:28,6.46,0.01,6,3876,买盘
355,10:30:34,6.46,0.0,25,16130,买盘
356,10:30:37,6.45,-0.01,22,14190,卖盘
357,10:30:43,6.46,0.01,32,20672,买盘
358,10:30:49,6.46,0.0,15,9690,买盘
359,10:30:52,6.45,-0.01,16,10320,卖盘
360,10:31:01,6.45,0.0,5,3225,买盘
361,10:31:04,6.46,0.01,1,646,卖盘
362,10:31:07,6.46,0.0,3,1938,卖盘
363,10:31:10,6.46,0.0,21,13566,卖盘
364,10:31:13,6.46,0.0,10,6460,买盘
365,10:31:19,6.46,0.0,4,2584,买盘
366,10:31:42,6.43,-0.03,18,11598,卖盘
367,10:31:46,6.46,0.03,16,10336,买盘
368,10:32:01,6.45,-0.01,7,4515,中性盘
369,10:32:13,6.45,0.0,20,12900,买盘
370,10:32:16,6.45,0.0,2,1290,卖盘
371,10:32:34,6.45,0.0,5,3225,卖盘
372,10:32:45,6.45,0.0,9,5805,卖盘
373,10:32:49,6.45,0.0,5,3225,卖盘
374,10:33:04,6.45,0.0,5,3225,卖盘
375,10:33:09,6.45,0.0,20,12900,卖盘
376,10:33:57,6.45,0.0,63,40635,买盘
377,10:34:00,6.45,0.0,5,3225,卖盘
378,10:34:16,6.45,0.0,24,15480,卖盘
379,10:34:49,6.44,-0.01,5,3220,卖盘
380,10:35:40,6.43,-0.01,47,30226,卖盘
381,10:36:01,6.43,0.0,8,5144,卖盘
382,10:36:06,6.43,0.0,3,1929,买盘
383,10:37:10,6.43,0.0,9,5787,买盘
384,10:37:19,6.43,0.0,1,643,卖盘
385,10:37:22,6.44,0.01,14,9016,买盘
386,10:37:46,6.43,-0.01,5,3215,中性盘
387,10:38:19,6.42,-0.01,6,3852,卖盘
388,10:38:49,6.43,0.01,3,1929,买盘
389,10:39:19,6.42,-0.01,5,3211,卖盘
390,10:39:24,6.42,0.0,22,14124,卖盘
391,10:39:37,6.42,0.0,4,2568,卖盘
392,10:39:46,6.42,0.0,2,1284,买盘
393,10:40:01,6.42,0.0,6,3852,买盘
394,10:40:06,6.42,0.0,4,2568,买盘
395,10:40:31,6.42,0.0,82,52644,卖盘
396,10:41:06,6.43,0.01,3,1929,买盘
397,10:41:24,6.42,-0.01,15,9630,卖盘
398,10:41:36,6.42,0.0,9,5778,买盘
399,10:41:57,6.43,0.01,6,3858,买盘
400,10:42:07,6.43,0.0,7,4501,买盘
401,10:42:36,6.43,0.0,30,19290,买盘
402,10:42:52,6.42,-0.01,49,31458,卖盘
403,10:43:37,6.42,0.0,1,642,买盘
404,10:43:39,6.42,0.0,1,642,买盘
405,10:43:48,6.42,0.0,1,642,买盘
406,10:44:12,6.42,0.0,1,642,买盘
407,10:44:31,6.41,-0.01,18,11538,卖盘
408,10:44:40,6.41,0.0,1,641,卖盘
409,10:45:31,6.42,0.01,3,1926,买盘
410,10:45:40,6.42,0.0,3,1926,买盘
411,10:45:45,6.42,0.0,21,13482,买盘
412,10:45:51,6.42,0.0,41,26322,买盘
413,10:47:04,6.43,0.01,10,6430,买盘
414,10:47:10,6.43,0.0,5,3215,买盘
415,10:47:37,6.42,-0.01,9,5778,卖盘
416,10:48:16,6.43,0.01,1,643,买盘
417,10:50:16,6.43,0.0,10,6430,买盘
418,10:50:21,6.43,0.0,5,3215,买盘
419,10:51:13,6.43,0.0,26,16718,买盘
420,10:52:00,6.43,0.0,5,3215,买盘
421,10:52:55,6.42,-0.01,2,1091,卖盘
422,10:52:58,6.43,0.01,1,643,买盘
423,10:53:04,6.43,0.0,6,3858,买盘
424,10:53:15,6.43,0.0,9,5787,买盘
425,10:53:57,6.42,-0.01,8,5136,卖盘
426,10:54:27,6.42,0.0,3,1926,卖盘
427,10:54:39,6.42,0.0,1,642,卖盘
428,10:54:58,6.42,0.0,50,32100,卖盘
429,10:55:04,6.43,0.01,5,3215,买盘
430,10:55:07,6.43,0.0,1,643,买盘
431,10:55:21,6.43,0.0,100,64300,买盘
432,10:56:24,6.43,0.0,4,2572,买盘
433,10:57:16,6.44,0.01,6,3864,买盘
434,10:57:33,6.44,0.0,5,3220,买盘
435,10:57:45,6.44,0.0,5,3220,买盘
436,10:57:48,6.44,0.0,1,644,买盘
437,10:57:52,6.44,0.0,1,644,买盘
438,10:58:06,6.43,-0.01,6,3858,卖盘
439,10:58:42,6.43,0.0,5,3215,买盘
440,10:58:54,6.43,0.0,15,9635,买盘
441,10:59:01,6.43,0.0,11,7073,买盘
442,10:59:04,6.43,0.0,1,643,买盘
443,10:59:12,6.43,0.0,58,37294,买盘
444,10:59:37,6.43,0.0,1,643,卖盘
445,11:00:04,6.44,0.01,10,6440,买盘
446,11:00:10,6.44,0.0,6,3864,买盘
447,11:00:12,6.44,0.0,3,1932,买盘
448,11:00:25,6.43,-0.01,7,4501,卖盘
449,11:00:55,6.44,0.01,5,3220,买盘
450,11:01:01,6.43,-0.01,1,643,卖盘
451,11:01:06,6.44,0.01,2,1288,买盘
452,11:01:31,6.45,0.01,5,3225,买盘
453,11:01:58,6.45,0.0,20,12900,买盘
454,11:02:04,6.45,0.0,12,7740,买盘
455,11:02:24,6.45,0.0,5,3225,买盘
456,11:02:43,6.45,0.0,1,645,买盘
457,11:02:46,6.45,0.0,1,645,买盘
458,11:03:13,6.45,0.0,1,645,买盘
459,11:03:15,6.45,0.0,10,6450,买盘
460,11:03:25,6.44,-0.01,44,28336,卖盘
461,11:03:27,6.44,0.0,59,37996,卖盘
462,11:04:10,6.43,-0.01,20,12860,卖盘
463,11:05:55,6.43,0.0,17,10931,卖盘
464,11:06:03,6.43,0.0,6,3858,卖盘
465,11:06:07,6.43,0.0,9,5787,卖盘
466,11:06:16,6.43,0.0,11,7073,卖盘
467,11:06:49,6.43,0.0,3,2250,卖盘
468,11:07:04,6.43,0.0,150,96450,卖盘
469,11:07:07,6.43,0.0,7,4180,卖盘
470,11:07:28,6.43,0.0,24,15754,买盘
471,11:07:34,6.4,-0.03,500,320620,卖盘
472,11:08:27,6.41,0.01,54,34614,卖盘
473,11:08:40,6.41,0.0,5,3205,卖盘
474,11:09:07,6.41,0.0,40,25640,卖盘
475,11:09:22,6.42,0.01,4,2568,买盘
476,11:09:42,6.42,0.0,11,7062,卖盘
477,11:10:46,6.43,0.01,33,21191,买盘
478,11:10:57,6.43,0.0,7,4501,买盘
479,11:11:04,6.43,0.0,6,3858,买盘
480,11:11:07,6.43,0.0,1,643,买盘
481,11:11:18,6.42,-0.01,9,5778,卖盘
482,11:11:21,6.42,0.0,1,642,买盘
483,11:11:27,6.42,0.0,5,3210,买盘
484,11:11:39,6.42,0.0,7,4494,买盘
485,11:12:36,6.42,0.0,1,642,买盘
486,11:12:39,6.42,0.0,2,1284,买盘
487,11:13:00,6.42,0.0,7,4494,买盘
488,11:13:09,6.41,-0.01,1,641,卖盘
489,11:13:15,6.41,0.0,10,6410,卖盘
490,11:13:27,6.41,0.0,15,9615,卖盘
491,11:13:45,6.4,-0.01,7,4480,卖盘
492,11:15:13,6.4,0.0,9,5761,卖盘
493,11:16:09,6.4,0.0,15,9600,卖盘
494,11:16:15,6.4,0.0,2,1280,卖盘
495,11:16:18,6.4,0.0,3,1920,卖盘
496,11:17:04,6.4,0.0,10,6400,卖盘
497,11:17:21,6.41,0.01,11,7051,买盘
498,11:17:27,6.42,0.01,7,4494,买盘
499,11:18:12,6.42,0.0,1,642,买盘
500,11:18:43,6.42,0.0,1,642,买盘
501,11:19:04,6.41,-0.01,9,5769,卖盘
502,11:19:06,6.42,0.01,5,3210,买盘
503,11:19:12,6.42,0.0,7,4494,买盘
504,11:19:55,6.41,-0.01,30,19230,卖盘
505,11:19:57,6.41,0.0,81,51921,卖盘
506,11:20:01,6.41,0.0,6,3846,卖盘
507,11:20:07,6.41,0.0,2,1282,卖盘
508,11:21:04,6.41,0.0,10,6410,卖盘
509,11:21:07,6.41,0.0,1,641,卖盘
510,11:21:10,6.41,0.0,5,3205,卖盘
511,11:21:33,6.41,0.0,8,5128,卖盘
512,11:22:10,6.41,0.0,1,641,买盘
513,11:22:12,6.41,0.0,6,3846,买盘
514,11:22:15,6.41,0.0,10,6410,买盘
515,11:22:40,6.42,0.01,6,3850,买盘
516,11:23:07,6.42,0.0,5,3210,买盘
517,11:23:45,6.42,0.0,5,3210,买盘
518,11:24:42,6.4,-0.02,15,9600,卖盘
519,11:25:18,6.41,0.01,10,6410,中性盘
520,11:25:45,6.41,0.0,2,1282,卖盘
521,11:26:09,6.42,0.01,9,5778,买盘
522,11:28:21,6.42,0.0,10,6420,买盘
523,11:28:39,6.4,-0.02,17,10890,卖盘
524,11:29:04,6.42,0.02,7,4494,买盘
525,11:29:16,6.42,0.0,12,7704,买盘
526,11:29:54,6.42,0.0,16,10272,买盘
527,11:29:57,6.41,-0.01,19,12179,卖盘
528,11:30:01,6.41,0.0,5,3205,买盘
529,13:00:04,6.42,0.01,71,45534,买盘
530,13:00:07,6.41,-0.01,5,3205,卖盘
531,13:00:12,6.41,0.0,4,2564,卖盘
532,13:00:33,6.42,0.01,25,16050,买盘
533,13:00:39,6.42,0.0,1,642,买盘
534,13:01:51,6.42,0.0,9,5778,买盘
535,13:02:24,6.41,-0.01,3,1923,卖盘
536,13:02:39,6.41,0.0,1,641,卖盘
537,13:04:03,6.41,0.0,15,9615,卖盘
538,13:04:12,6.42,0.01,1,642,买盘
539,13:04:19,6.41,-0.01,17,10897,卖盘
540,13:04:22,6.41,0.0,1,641,买盘
541,13:04:24,6.41,0.0,7,4487,买盘
542,13:04:48,6.41,0.0,2,1282,买盘
543,13:05:09,6.41,0.0,1,641,卖盘
544,13:06:00,6.41,0.0,7,4487,买盘
545,13:06:04,6.4,-0.01,5,3200,卖盘
546,13:06:27,6.41,0.01,1,641,卖盘
547,13:06:39,6.4,-0.01,211,135040,卖盘
548,13:07:06,6.41,0.01,5,3205,买盘
549,13:07:30,6.41,0.0,5,3205,买盘
550,13:08:07,6.41,0.0,1,320,卖盘
551,13:09:36,6.41,0.0,1,641,卖盘
552,13:10:04,6.41,0.0,7,4487,卖盘
553,13:11:12,6.42,0.01,5,3210,买盘
554,13:11:22,6.42,0.0,7,4494,买盘
555,13:11:40,6.42,0.0,1,642,买盘
556,13:12:16,6.42,0.0,4,2568,买盘
557,13:12:19,6.42,0.0,29,18618,买盘
558,13:12:33,6.42,0.0,7,4494,买盘
559,13:12:39,6.42,0.0,19,12198,卖盘
560,13:12:58,6.43,0.01,5,3215,买盘
561,13:13:04,6.43,0.0,17,10931,买盘
562,13:14:39,6.43,0.0,10,6430,买盘
563,13:15:13,6.43,0.0,21,13492,买盘
564,13:15:49,6.43,0.0,9,5787,买盘
565,13:16:16,6.43,0.0,1,643,买盘
566,13:17:04,6.42,-0.01,31,19902,卖盘
567,13:17:18,6.43,0.01,7,4501,买盘
568,13:17:25,6.43,0.0,1,643,买盘
569,13:17:36,6.43,0.0,25,16075,买盘
570,13:17:49,6.43,0.0,2,1286,买盘
571,13:17:51,6.42,-0.01,100,64200,卖盘
572,13:18:00,6.43,0.01,32,20576,买盘
573,13:18:13,6.43,0.0,9,5787,买盘
574,13:18:45,6.42,-0.01,33,21218,卖盘
575,13:19:07,6.43,0.01,13,8359,买盘
576,13:19:12,6.43,0.0,21,13503,买盘
577,13:19:31,6.43,0.0,37,23791,买盘
578,13:19:54,6.42,-0.01,15,9630,卖盘
579,13:19:58,6.42,0.0,11,7062,卖盘
580,13:20:01,6.42,0.0,3,1926,卖盘
581,13:20:19,6.42,0.0,5,3210,卖盘
582,13:20:33,6.42,0.0,20,12840,卖盘
583,13:20:37,6.42,0.0,2,1284,卖盘
584,13:21:06,6.43,0.01,7,4501,买盘
585,13:21:13,6.43,0.0,32,20576,买盘
586,13:21:19,6.42,-0.01,10,6420,卖盘
587,13:21:40,6.42,0.0,30,19280,卖盘
588,13:21:46,6.43,0.01,5,3215,买盘
589,13:21:52,6.42,-0.01,4,2568,卖盘
590,13:22:19,6.43,0.01,32,20576,买盘
591,13:22:34,6.43,0.0,1,643,买盘
592,13:22:49,6.43,0.0,5,3215,买盘
593,13:23:01,6.43,0.0,10,6430,买盘
594,13:23:09,6.42,-0.01,80,51360,卖盘
595,13:23:16,6.42,0.0,3,1926,卖盘
596,13:23:28,6.42,0.0,7,4494,买盘
597,13:23:30,6.42,0.0,3,1926,买盘
598,13:24:34,6.42,0.0,5,3210,买盘
599,13:25:57,6.42,0.0,5,3210,买盘
600,13:26:24,6.42,0.0,76,48792,买盘
601,13:27:09,6.43,0.01,1,643,买盘
602,13:27:15,6.43,0.0,3,1929,买盘
603,13:27:18,6.42,-0.01,41,26322,卖盘
604,13:29:37,6.42,0.0,1,642,买盘
605,13:29:39,6.41,-0.01,20,12820,卖盘
606,13:29:42,6.42,0.01,25,16050,买盘
607,13:29:49,6.42,0.0,12,7704,买盘
608,13:30:01,6.42,0.0,10,6420,买盘
609,13:30:09,6.42,0.0,10,6420,买盘
610,13:30:19,6.42,0.0,7,4494,买盘
611,13:30:22,6.41,-0.01,1,641,卖盘
612,13:30:45,6.41,0.0,1,641,卖盘
613,13:30:51,6.42,0.01,36,23112,买盘
614,13:31:01,6.42,0.0,7,4494,买盘
615,13:31:06,6.42,0.0,30,19260,买盘
616,13:31:09,6.42,0.0,1,642,买盘
617,13:31:31,6.41,-0.01,12,7692,卖盘
618,13:31:49,6.42,0.01,196,125832,买盘
619,13:31:55,6.42,0.0,23,14766,卖盘
620,13:32:16,6.43,0.01,6,3858,买盘
621,13:32:27,6.43,0.0,34,21862,买盘
622,13:32:30,6.43,0.0,30,19290,买盘
623,13:32:45,6.42,-0.01,5,3210,卖盘
624,13:32:48,6.43,0.01,15,9645,买盘
625,13:32:52,6.43,0.0,1,643,买盘
626,13:33:10,6.43,0.0,34,21862,买盘
627,13:33:16,6.43,0.0,7,4501,买盘
628,13:33:27,6.42,-0.01,30,19260,卖盘
629,13:33:42,6.43,0.01,5,3215,买盘
630,13:34:04,6.43,0.0,8,5144,买盘
631,13:34:58,6.42,-0.01,38,24419,卖盘
632,13:35:04,6.43,0.01,18,11574,买盘
633,13:35:07,6.43,0.0,1,643,买盘
634,13:35:09,6.43,0.0,14,9002,买盘
635,13:35:15,6.43,0.0,27,17361,买盘
636,13:36:24,6.43,0.0,32,20576,买盘
637,13:36:54,6.43,0.0,11,7073,买盘
638,13:36:58,6.43,0.0,15,9640,买盘
639,13:37:01,6.43,0.0,78,50154,买盘
640,13:37:36,6.43,0.0,8,5144,买盘
641,13:37:51,6.43,0.0,1,643,买盘
642,13:37:54,6.42,-0.01,8,5136,卖盘
643,13:38:12,6.43,0.01,1,643,买盘
644,13:38:21,6.43,0.0,92,59156,买盘
645,13:38:28,6.43,0.0,138,88734,买盘
646,13:38:31,6.43,0.0,3,1929,买盘
647,13:39:01,6.43,0.0,24,15437,卖盘
648,13:39:24,6.44,0.01,83,53452,买盘
649,13:39:28,6.44,0.0,24,15456,卖盘
650,13:39:33,6.45,0.01,92,59279,买盘
651,13:39:36,6.44,-0.01,7,4508,中性盘
652,13:39:43,6.44,0.0,10,6440,买盘
653,13:40:39,6.43,-0.01,4,2572,卖盘
654,13:40:42,6.43,0.0,3,1929,卖盘
655,13:41:43,6.43,0.0,8,5149,卖盘
656,13:42:06,6.44,0.01,1,644,买盘
657,13:42:09,6.44,0.0,7,4508,买盘
658,13:42:39,6.44,0.0,5,3220,买盘
659,13:42:51,6.44,0.0,1,644,买盘
660,13:43:13,6.44,0.0,8,5152,买盘
661,13:43:39,6.44,0.0,5,3220,买盘
662,13:43:45,6.44,0.0,11,7084,买盘
663,13:43:49,6.43,-0.01,5,3215,卖盘
664,13:43:55,6.44,0.01,5,3220,买盘
665,13:44:07,6.44,0.0,5,3220,买盘
666,13:44:55,6.44,0.0,7,4508,买盘
667,13:46:04,6.44,0.0,17,10948,买盘
668,13:46:07,6.44,0.0,2,1287,买盘
669,13:46:21,6.44,0.0,20,12880,买盘
670,13:46:33,6.43,-0.01,3,1929,卖盘
671,13:46:42,6.44,0.01,3,1932,买盘
672,13:46:54,6.44,0.0,6,3864,买盘
673,13:47:10,6.44,0.0,2,1288,买盘
674,13:47:27,6.44,0.0,5,3220,买盘
675,13:47:42,6.44,0.0,7,4508,买盘
676,13:47:49,6.44,0.0,1,644,买盘
677,13:47:52,6.43,-0.01,79,50797,卖盘
678,13:47:54,6.44,0.01,10,6440,买盘
679,13:48:15,6.43,-0.01,39,25077,卖盘
680,13:49:10,6.42,-0.01,8,5136,卖盘
681,13:49:39,6.42,0.0,9,5778,卖盘
682,13:50:09,6.42,0.0,10,6420,卖盘
683,13:50:13,6.43,0.01,8,5144,买盘
684,13:50:42,6.43,0.0,2,1286,买盘
685,13:51:30,6.43,0.0,7,4501,买盘
686,13:51:39,6.43,0.0,2,1286,买盘
687,13:51:42,6.42,-0.01,9,5778,卖盘
688,13:51:51,6.43,0.01,7,4501,买盘
689,13:51:54,6.43,0.0,14,9002,买盘
690,13:51:57,6.43,0.0,6,3858,买盘
691,13:52:00,6.42,-0.01,10,6420,卖盘
692,13:52:21,6.42,0.0,1,642,卖盘
693,13:53:12,6.43,0.01,7,4501,买盘
694,13:53:45,6.43,0.0,20,12860,买盘
695,13:54:03,6.42,-0.01,2,1284,卖盘
696,13:54:10,6.43,0.01,1,643,买盘
697,13:54:19,6.43,0.0,9,5787,买盘
698,13:54:31,6.43,0.0,16,10288,买盘
699,13:54:33,6.42,-0.01,12,7704,卖盘
700,13:54:45,6.43,0.01,10,6430,买盘
701,13:55:18,6.43,0.0,7,4501,买盘
702,13:56:12,6.42,-0.01,20,12840,卖盘
703,13:56:21,6.43,0.01,7,4501,买盘
704,13:56:42,6.43,0.0,7,4501,买盘
705,13:56:49,6.43,0.0,1,643,买盘
706,13:57:09,6.43,0.0,5,3215,买盘
707,13:57:21,6.42,-0.01,1,642,卖盘
708,13:57:27,6.43,0.01,1,643,买盘
709,13:57:45,6.43,0.0,9,5787,买盘
710,13:57:51,6.42,-0.01,15,9630,卖盘
711,13:58:12,6.43,0.01,1,643,买盘
712,13:58:43,6.42,-0.01,24,15408,卖盘
713,13:58:46,6.43,0.01,12,7716,买盘
714,13:58:49,6.42,-0.01,20,12840,卖盘
715,13:58:51,6.42,0.0,1,642,卖盘
716,13:58:54,6.43,0.01,4,2572,买盘
717,13:59:09,6.43,0.0,5,3215,买盘
718,13:59:46,6.43,0.0,1,643,买盘
719,14:00:00,6.43,0.0,7,4501,买盘
720,14:00:18,6.43,0.0,1,643,买盘
721,14:00:57,6.43,0.0,7,4501,买盘
722,14:01:30,6.43,0.0,7,4501,买盘
723,14:01:57,6.42,-0.01,3,1926,卖盘
724,14:02:16,6.4,-0.02,601,385049,卖盘
725,14:02:52,6.42,0.02,8,5135,买盘
726,14:03:12,6.42,0.0,7,4494,买盘
727,14:03:30,6.42,0.0,2,1284,买盘
728,14:03:34,6.42,0.0,3,1926,卖盘
729,14:03:36,6.41,-0.01,1,641,卖盘
730,14:04:07,6.41,0.0,2,1282,卖盘
731,14:04:18,6.41,0.0,4,2564,买盘
732,14:04:28,6.41,0.0,1,641,买盘
733,14:04:31,6.41,0.0,6,3846,卖盘
734,14:04:40,6.41,0.0,3,1923,买盘
735,14:05:00,6.42,0.01,8,5136,买盘
736,14:05:07,6.42,0.0,1,642,买盘
737,14:05:16,6.41,-0.01,3,1923,卖盘
738,14:05:22,6.4,-0.01,38,24320,卖盘
739,14:05:25,6.4,0.0,16,10240,卖盘
740,14:05:45,6.41,0.01,5,3205,买盘
741,14:06:00,6.41,0.0,13,8333,买盘
742,14:06:04,6.41,0.0,1,641,卖盘
743,14:06:19,6.41,0.0,1,641,买盘
744,14:06:37,6.41,0.0,9,5769,买盘
745,14:06:40,6.41,0.0,1,641,卖盘
746,14:06:49,6.4,-0.01,64,40965,卖盘
747,14:06:55,6.4,0.0,45,28800,卖盘
748,14:07:00,6.41,0.01,7,4487,买盘
749,14:07:03,6.4,-0.01,3,1920,卖盘
750,14:07:07,6.4,0.0,4,2560,卖盘
751,14:07:10,6.4,0.0,24,15360,卖盘
752,14:07:22,6.4,0.0,3,1920,买盘
753,14:08:04,6.4,0.0,31,19840,卖盘
754,14:08:07,6.39,-0.01,238,152082,卖盘
755,14:08:34,6.39,0.0,7,4473,买盘
756,14:08:45,6.39,0.0,7,4473,买盘
757,14:08:52,6.39,0.0,5,3195,买盘
758,14:08:55,6.39,0.0,1,639,买盘
759,14:09:16,6.39,0.0,45,28755,买盘
760,14:09:39,6.39,0.0,6,3834,卖盘
761,14:09:52,6.39,0.0,7,4473,买盘
762,14:09:55,6.38,-0.01,17,10857,卖盘
763,14:11:07,6.39,0.01,10,6390,买盘
764,14:11:22,6.4,0.01,5,3199,买盘
765,14:11:37,6.39,-0.01,1,639,卖盘
766,14:11:40,6.39,0.0,1,639,卖盘
767,14:11:42,6.4,0.01,2,1279,买盘
768,14:11:46,6.39,-0.01,1,639,卖盘
769,14:11:49,6.39,0.0,1,639,卖盘
770,14:12:31,6.4,0.01,7,4480,买盘
771,14:12:45,6.4,0.0,5,3200,买盘
772,14:13:07,6.4,0.0,1,640,买盘
773,14:13:16,6.4,0.0,5,3200,买盘
774,14:14:04,6.4,0.0,7,4480,买盘
775,14:14:07,6.4,0.0,5,3200,买盘
776,14:14:21,6.4,0.0,20,12800,买盘
777,14:14:46,6.41,0.01,7,4487,买盘
778,14:15:01,6.41,0.0,5,3205,买盘
779,14:15:37,6.41,0.0,6,3846,买盘
780,14:15:55,6.41,0.0,8,5128,买盘
781,14:16:04,6.41,0.0,5,3205,买盘
782,14:16:19,6.4,-0.01,7,4480,卖盘
783,14:16:22,6.4,0.0,11,7040,卖盘
784,14:16:25,6.4,0.0,28,17920,卖盘
785,14:16:30,6.4,0.0,46,29440,买盘
786,14:16:33,6.4,0.0,4,2560,卖盘
787,14:17:13,6.4,0.0,12,7680,买盘
788,14:17:18,6.4,0.0,1,640,买盘
789,14:17:21,6.4,0.0,5,3200,买盘
790,14:17:43,6.4,0.0,1,640,买盘
791,14:18:00,6.39,-0.01,12,7668,卖盘
792,14:18:55,6.4,0.01,10,6400,买盘
793,14:19:10,6.4,0.0,15,9600,买盘
794,14:19:24,6.4,0.0,10,6400,买盘
795,14:19:46,6.4,0.0,4,2560,买盘
796,14:19:49,6.4,0.0,1,640,卖盘
797,14:20:04,6.39,-0.01,40,25560,卖盘
798,14:20:07,6.4,0.01,20,12800,买盘
799,14:20:13,6.4,0.0,2,1280,买盘
800,14:20:40,6.39,-0.01,61,38979,卖盘
801,14:21:00,6.4,0.01,1,640,买盘
802,14:21:06,6.4,0.0,7,4480,买盘
803,14:21:19,6.41,0.01,11,7047,买盘
804,14:21:49,6.39,-0.02,31,19809,卖盘
805,14:22:07,6.39,0.0,71,45369,卖盘
806,14:22:21,6.39,0.0,9,5751,买盘
807,14:22:40,6.39,0.0,6,3834,买盘
808,14:22:45,6.38,-0.01,16,10208,卖盘
809,14:22:48,6.38,0.0,22,14036,卖盘
810,14:23:16,6.39,0.01,1,639,买盘
811,14:23:30,6.38,-0.01,198,126324,卖盘
812,14:23:55,6.39,0.01,7,4473,买盘
813,14:24:04,6.39,0.0,2,1278,买盘
814,14:24:13,6.38,-0.01,18,11484,卖盘
815,14:24:16,6.38,0.0,46,29348,卖盘
816,14:24:19,6.39,0.01,5,3195,买盘
817,14:24:34,6.39,0.0,1,639,买盘
818,14:24:37,6.4,0.01,24,15360,卖盘
819,14:25:13,6.4,0.0,1,640,买盘
820,14:25:15,6.39,-0.01,29,18531,卖盘
821,14:25:25,6.39,0.0,5,3195,买盘
822,14:25:40,6.4,0.01,7,4480,买盘
823,14:25:52,6.4,0.0,5,3200,买盘
824,14:26:12,6.4,0.0,18,11520,买盘
825,14:26:28,6.39,-0.01,6,3834,卖盘
826,14:26:52,6.39,0.0,7,4473,卖盘
827,14:27:06,6.39,0.0,2,1278,卖盘
828,14:27:09,6.39,0.0,58,37062,卖盘
829,14:27:12,6.39,0.0,9,5751,卖盘
830,14:27:33,6.39,0.0,16,10224,卖盘
831,14:27:36,6.4,0.01,8,5120,买盘
832,14:28:07,6.4,0.0,6,3840,买盘
833,14:28:19,6.39,-0.01,10,6390,卖盘
834,14:28:39,6.39,0.0,11,7029,卖盘
835,14:28:43,6.39,0.0,53,33867,卖盘
836,14:29:09,6.39,0.0,50,31950,卖盘
837,14:29:13,6.39,0.0,10,6390,卖盘
838,14:29:16,6.39,0.0,58,37063,卖盘
839,14:29:19,6.39,0.0,13,8307,买盘
840,14:29:21,6.39,0.0,7,4473,买盘
841,14:30:55,6.38,-0.01,46,29349,卖盘
842,14:30:58,6.38,0.0,7,4466,卖盘
843,14:32:25,6.38,0.0,134,85460,卖盘
844,14:32:46,6.38,0.0,20,12760,买盘
845,14:32:48,6.37,-0.01,13,8281,卖盘
846,14:33:19,6.37,0.0,20,12740,卖盘
847,14:33:25,6.38,0.01,1,638,买盘
848,14:33:30,6.37,-0.01,88,56056,卖盘
849,14:33:37,6.37,0.0,1,637,卖盘
850,14:33:40,6.37,0.0,16,10192,卖盘
851,14:33:52,6.37,0.0,30,19110,卖盘
852,14:34:00,6.37,0.0,1,637,卖盘
853,14:34:28,6.37,0.0,7,4459,卖盘
854,14:34:31,6.37,0.0,98,62426,卖盘
855,14:34:49,6.36,-0.01,277,176220,卖盘
856,14:35:13,6.37,0.01,20,12740,卖盘
857,14:35:19,6.38,0.01,7,4464,买盘
858,14:35:43,6.38,0.0,10,6380,买盘
859,14:35:57,6.38,0.0,3,1914,买盘
860,14:36:04,6.37,-0.01,70,44590,卖盘
861,14:36:28,6.37,0.0,27,17199,买盘
862,14:36:31,6.37,0.0,1,637,卖盘
863,14:36:37,6.38,0.01,15,9570,买盘
864,14:37:16,6.38,0.0,13,8294,买盘
865,14:37:19,6.37,-0.01,50,31850,卖盘
866,14:37:22,6.37,0.0,9,5733,卖盘
867,14:37:28,6.38,0.01,5,3190,买盘
868,14:37:31,6.37,-0.01,5,3185,卖盘
869,14:37:36,6.38,0.01,3,1914,买盘
870,14:38:04,6.37,-0.01,8,5101,卖盘
871,14:38:06,6.38,0.01,3,1912,买盘
872,14:38:10,6.37,-0.01,7,4459,卖盘
873,14:38:12,6.38,0.01,1,638,买盘
874,14:38:36,6.38,0.0,78,49764,买盘
875,14:38:40,6.37,-0.01,30,19110,卖盘
876,14:38:46,6.37,0.0,10,6370,买盘
877,14:38:49,6.37,0.0,13,8281,买盘
878,14:39:12,6.36,-0.01,2,1272,卖盘
879,14:39:24,6.37,0.01,17,10829,买盘
880,14:39:27,6.37,0.0,20,12740,买盘
881,14:39:43,6.37,0.0,3,1911,买盘
882,14:39:49,6.37,0.0,1,637,买盘
883,14:39:52,6.37,0.0,19,12103,买盘
884,14:39:58,6.36,-0.01,106,67416,卖盘
885,14:40:06,6.37,0.01,15,9553,买盘
886,14:40:09,6.37,0.0,19,12088,买盘
887,14:40:42,6.36,-0.01,223,141828,卖盘
888,14:40:46,6.36,0.0,13,8268,买盘
889,14:40:51,6.36,0.0,11,6994,买盘
890,14:40:55,6.36,0.0,1,636,买盘
891,14:41:04,6.36,0.0,19,12084,买盘
892,14:41:15,6.36,0.0,15,9540,买盘
893,14:41:19,6.36,0.0,2,1272,买盘
894,14:41:45,6.37,0.01,11,7007,买盘
895,14:42:28,6.37,0.0,1,637,买盘
896,14:42:40,6.37,0.0,27,17199,买盘
897,14:42:49,6.37,0.0,9,5733,买盘
898,14:42:55,6.37,0.0,9,5733,买盘
899,14:43:01,6.36,-0.01,2,1272,卖盘
900,14:43:25,6.37,0.01,3,1911,买盘
901,14:43:28,6.36,-0.01,21,13362,卖盘
902,14:43:31,6.37,0.01,15,9555,买盘
903,14:43:34,6.36,-0.01,4,2544,卖盘
904,14:43:37,6.36,0.0,20,12720,卖盘
905,14:43:52,6.36,0.0,40,25440,卖盘
906,14:44:04,6.37,0.01,10,6370,买盘
907,14:44:10,6.37,0.0,1,637,买盘
908,14:44:13,6.36,-0.01,5,3180,卖盘
909,14:44:19,6.37,0.01,1,637,买盘
910,14:44:31,6.37,0.0,86,54674,买盘
911,14:44:40,6.37,0.0,5,3185,卖盘
912,14:44:46,6.38,0.01,1,638,买盘
913,14:44:52,6.37,-0.01,10,6370,卖盘
914,14:45:06,6.37,0.0,4,2548,卖盘
915,14:45:09,6.38,0.01,70,44660,买盘
916,14:45:40,6.37,-0.01,5,3185,卖盘
917,14:45:49,6.38,0.01,8,5104,买盘
918,14:45:52,6.37,-0.01,32,20384,卖盘
919,14:45:55,6.37,0.0,3,1911,卖盘
920,14:45:58,6.37,0.0,4,2656,卖盘
921,14:46:00,6.36,-0.01,2,1272,卖盘
922,14:46:10,6.36,0.0,27,17172,卖盘
923,14:46:13,6.36,0.0,13,8268,卖盘
924,14:46:16,6.36,0.0,17,10812,卖盘
925,14:46:27,6.36,0.0,10,6360,卖盘
926,14:46:33,6.36,0.0,9,5724,卖盘
927,14:46:49,6.36,0.0,12,7632,卖盘
928,14:47:21,6.36,0.0,3,1908,卖盘
929,14:47:24,6.36,0.0,5,3180,卖盘
930,14:47:31,6.37,0.01,6,3822,买盘
931,14:47:33,6.36,-0.01,9,5724,卖盘
932,14:47:52,6.36,0.0,30,19080,卖盘
933,14:48:00,6.37,0.01,156,99264,买盘
934,14:48:04,6.37,0.0,5,3185,卖盘
935,14:48:34,6.37,0.0,19,12112,卖盘
936,14:48:40,6.38,0.01,2,1276,买盘
937,14:48:43,6.37,-0.01,2,1274,卖盘
938,14:48:46,6.38,0.01,42,26756,买盘
939,14:48:54,6.37,-0.01,8,5096,卖盘
940,14:49:22,6.37,0.0,40,25480,卖盘
941,14:49:25,6.38,0.01,28,17852,买盘
942,14:49:43,6.38,0.0,15,9565,买盘
943,14:50:01,6.37,-0.01,10,6370,卖盘
944,14:50:04,6.37,0.0,28,17841,卖盘
945,14:50:37,6.37,0.0,4,2548,卖盘
946,14:51:07,6.37,0.0,267,170079,卖盘
947,14:51:09,6.37,0.0,4,2548,卖盘
948,14:51:27,6.37,0.0,47,29939,卖盘
949,14:51:34,6.37,0.0,3,1911,卖盘
950,14:51:40,6.37,0.0,54,34398,卖盘
951,14:51:43,6.37,0.0,4,2548,卖盘
952,14:52:13,6.37,0.0,2,1274,卖盘
953,14:52:18,6.37,0.0,34,21766,卖盘
954,14:52:34,6.36,-0.01,10,6360,卖盘
955,14:52:46,6.36,0.0,8,5088,卖盘
956,14:52:57,6.36,0.0,15,9540,卖盘
957,14:53:01,6.37,0.01,7,4459,买盘
958,14:53:07,6.36,-0.01,5,3180,卖盘
959,14:53:10,6.37,0.01,40,25480,买盘
960,14:53:19,6.37,0.0,11,7007,买盘
961,14:53:31,6.37,0.0,24,15288,买盘
962,14:53:43,6.37,0.0,1,637,买盘
963,14:53:52,6.37,0.0,75,47775,买盘
964,14:53:58,6.37,0.0,15,9555,买盘
965,14:54:09,6.36,-0.01,10,6365,卖盘
966,14:54:12,6.37,0.01,1,637,买盘
967,14:54:19,6.37,0.0,2,1274,买盘
968,14:54:25,6.37,0.0,49,31021,买盘
969,14:54:28,6.37,0.0,2,1465,卖盘
970,14:54:40,6.36,-0.01,16,10180,卖盘
971,14:54:45,6.38,0.02,8,5099,买盘
972,14:54:51,6.37,-0.01,2,1274,买盘
973,14:54:54,6.37,0.0,15,9555,卖盘
974,14:54:57,6.36,-0.01,1,636,卖盘
975,14:55:01,6.37,0.01,25,15925,买盘
976,14:55:28,6.36,-0.01,87,55411,卖盘
977,14:55:40,6.36,0.0,10,6360,卖盘
978,14:55:45,6.37,0.01,10,6370,买盘
979,14:55:51,6.36,-0.01,6,3816,卖盘
980,14:55:55,6.37,0.01,59,37583,买盘
981,14:55:58,6.36,-0.01,11,6996,卖盘
982,14:56:04,6.37,0.01,10,6370,买盘
983,14:56:19,6.37,0.0,20,12740,买盘
984,14:56:25,6.36,-0.01,3,1908,卖盘
985,14:56:31,6.37,0.01,1,637,买盘
986,14:56:34,6.37,0.0,1,637,买盘
987,14:56:37,6.37,0.0,69,43887,买盘
988,14:56:40,6.37,0.0,5,3185,买盘
989,14:56:42,6.36,-0.01,1,636,卖盘
990,14:56:46,6.37,0.01,37,23569,买盘
991,14:56:49,6.36,-0.01,8,5088,卖盘
992,14:57:00,6.37,0.01,18,11466,买盘
993,15:00:04,6.37,0.0,272,173264,卖盘
