,time,price,change,volume,amount,type
0,09:25:04,6.59,0.0,20,13180,卖盘
1,09:30:04,6.58,-0.01,39,26291,卖盘
2,09:31:01,6.58,0.0,1,658,卖盘
3,09:31:07,6.58,0.0,80,52048,卖盘
4,09:31:49,6.56,-0.02,30,19680,卖盘
5,09:31:52,6.56,0.0,19,12474,卖盘
6,09:31:55,6.56,0.0,30,20008,卖盘
7,09:32:01,6.57,0.01,8,5256,买盘
8,09:32:31,6.57,0.0,17,11169,买盘
9,09:32:40,6.57,0.0,3,1971,卖盘
10,09:32:54,6.57,0.0,18,11826,买盘
11,09:33:07,6.57,0.0,15,9855,卖盘
12,09:33:34,6.57,0.0,5,3285,卖盘
13,09:33:37,6.57,0.0,17,11169,卖盘
14,09:33:55,6.57,0.0,18,11826,买盘
15,09:33:58,6.57,0.0,4,2628,买盘
16,09:34:22,6.57,0.0,22,14454,卖盘
17,09:34:25,6.57,0.0,2,1314,卖盘
18,09:34:28,6.57,0.0,20,12943,卖盘
19,09:34:40,6.58,0.01,10,6580,买盘
20,09:34:43,6.57,-0.01,47,30879,卖盘
21,09:34:46,6.58,0.01,12,7896,买盘
22,09:34:55,6.57,-0.01,2,1314,卖盘
23,09:35:01,6.58,0.01,4,2632,买盘
24,09:35:04,6.57,-0.01,48,31733,卖盘
25,09:35:07,6.58,0.01,50,32893,买盘
26,09:35:09,6.57,-0.01,10,6570,买盘
27,09:35:16,6.57,0.0,10,6570,卖盘
28,09:35:19,6.57,0.0,7,4599,买盘
29,09:35:34,6.58,0.01,12,7633,买盘
30,09:35:37,6.58,0.0,33,21714,卖盘
31,09:35:43,6.58,0.0,6,4211,卖盘
32,09:35:52,6.58,0.0,4,2632,买盘
33,09:36:07,6.58,0.0,2,1316,买盘
34,09:36:16,6.58,0.0,164,107474,买盘
35,09:36:28,6.59,0.01,20,13170,买盘
36,09:36:52,6.6,0.01,5,3300,买盘
37,09:37:01,6.6,0.0,8,5280,买盘
38,09:37:06,6.6,0.0,15,9900,卖盘
39,09:37:10,6.6,0.0,3,1980,卖盘
40,09:37:13,6.6,0.0,28,18505,卖盘
41,09:37:33,6.6,0.0,110,72600,买盘
42,09:37:43,6.6,0.0,23,15180,卖盘
43,09:37:49,6.63,0.03,200,132430,买盘
44,09:38:01,6.63,0.0,2,1326,买盘
45,09:38:10,6.63,0.0,11,7283,买盘
46,09:38:19,6.61,-0.02,65,42979,卖盘
47,09:38:21,6.61,0.0,56,37016,卖盘
48,09:38:24,6.61,0.0,11,7271,卖盘
49,09:38:28,6.61,0.0,21,13887,卖盘
50,09:38:39,6.61,0.0,31,20491,买盘
51,09:38:43,6.61,0.0,8,5288,卖盘
52,09:39:01,6.62,0.01,10,6620,买盘
53,09:39:04,6.62,0.0,10,6620,买盘
54,09:39:13,6.62,0.0,4,2648,买盘
55,09:39:16,6.62,0.0,19,12578,买盘
56,09:39:19,6.62,0.0,14,9268,买盘
57,09:39:21,6.62,0.0,17,11254,买盘
58,09:39:31,6.62,0.0,3,1986,买盘
59,09:39:37,6.61,-0.01,50,33050,卖盘
60,09:39:43,6.61,0.0,17,11237,卖盘
61,09:39:55,6.62,0.01,10,6620,买盘
62,09:40:01,6.62,0.0,89,58898,买盘
63,09:40:12,6.62,0.0,50,33100,买盘
64,09:40:16,6.62,0.0,13,8606,买盘
65,09:40:28,6.62,0.0,61,40382,买盘
66,09:40:40,6.63,0.01,17,11271,买盘
67,09:40:43,6.63,0.0,5,3315,买盘
68,09:40:49,6.63,0.0,1,663,买盘
69,09:40:52,6.63,0.0,13,8619,买盘
70,09:40:58,6.63,0.0,21,13923,买盘
71,09:41:12,6.63,0.0,1,663,买盘
72,09:41:16,6.62,-0.01,200,132400,卖盘
73,09:41:22,6.62,0.0,62,41044,卖盘
74,09:41:25,6.61,-0.01,2,1322,卖盘
75,09:41:28,6.61,0.0,21,13881,卖盘
76,09:41:31,6.61,0.0,1,661,卖盘
77,09:41:34,6.61,0.0,18,11898,卖盘
78,09:41:46,6.61,0.0,158,104438,卖盘
79,09:41:49,6.61,0.0,4,2644,卖盘
80,09:41:57,6.61,0.0,7,4627,卖盘
81,09:42:19,6.61,0.0,20,13210,买盘
82,09:42:22,6.61,0.0,15,9915,买盘
83,09:42:25,6.61,0.0,10,6610,买盘
84,09:42:28,6.6,-0.01,16,10560,卖盘
85,09:42:30,6.6,0.0,7,4620,卖盘
86,09:42:36,6.6,0.0,5,3300,买盘
87,09:42:49,6.6,0.0,10,6600,卖盘
88,09:42:51,6.6,0.0,9,5940,卖盘
89,09:43:01,6.6,0.0,12,7920,买盘
90,09:43:07,6.6,0.0,5,3300,买盘
91,09:43:09,6.6,0.0,31,20430,买盘
92,09:43:28,6.6,0.0,10,6600,买盘
93,09:43:37,6.6,0.0,8,5280,买盘
94,09:43:54,6.6,0.0,53,34980,买盘
95,09:44:13,6.61,0.01,13,8593,买盘
96,09:44:25,6.6,-0.01,1,660,卖盘
97,09:44:31,6.61,0.01,8,5288,买盘
98,09:44:43,6.61,0.0,12,7932,卖盘
99,09:45:04,6.6,-0.01,4,2640,卖盘
100,09:45:10,6.61,0.01,57,37677,买盘
101,09:45:30,6.6,-0.01,40,26401,卖盘
102,09:45:34,6.6,0.0,115,75808,买盘
103,09:45:43,6.61,0.01,4,2644,买盘
104,09:45:46,6.61,0.0,20,13220,买盘
105,09:45:54,6.6,-0.01,77,50820,卖盘
106,09:46:01,6.62,0.02,70,46262,买盘
107,09:46:28,6.59,-0.03,83,54697,卖盘
108,09:46:51,6.59,0.0,40,26360,买盘
109,09:46:55,6.58,-0.01,50,32900,卖盘
110,09:47:06,6.58,0.0,18,11844,卖盘
111,09:47:09,6.59,0.01,12,7908,买盘
112,09:47:13,6.58,-0.01,200,131600,卖盘
113,09:47:16,6.58,0.0,20,13160,卖盘
114,09:47:18,6.57,-0.01,19,12483,卖盘
115,09:47:25,6.58,0.01,10,6580,买盘
116,09:47:28,6.58,0.0,14,9212,买盘
117,09:47:42,6.58,0.0,26,17108,卖盘
118,09:48:07,6.57,-0.01,4,2628,卖盘
119,09:48:09,6.57,0.0,2,1314,卖盘
120,09:48:22,6.58,0.01,30,19740,买盘
121,09:48:30,6.57,-0.01,29,19075,卖盘
122,09:48:49,6.57,0.0,1,657,卖盘
123,09:48:52,6.57,0.0,4,2628,卖盘
124,09:49:10,6.57,0.0,3,1971,买盘
125,09:49:13,6.57,0.0,97,63729,买盘
126,09:49:16,6.57,0.0,37,24309,卖盘
127,09:49:36,6.58,0.01,20,13160,买盘
128,09:49:40,6.58,0.0,25,16450,买盘
129,09:49:49,6.59,0.01,15,9885,买盘
130,09:50:04,6.58,-0.01,43,28294,卖盘
131,09:50:09,6.59,0.01,10,6590,买盘
132,09:50:40,6.59,0.0,48,31624,买盘
133,09:51:10,6.59,0.0,222,146298,买盘
134,09:51:21,6.6,0.01,30,19800,买盘
135,09:51:40,6.59,-0.01,10,6590,卖盘
136,09:51:42,6.59,0.0,18,11862,卖盘
137,09:51:45,6.59,0.0,10,6590,买盘
138,09:51:55,6.59,0.0,1,659,买盘
139,09:52:13,6.59,0.0,8,5272,买盘
140,09:52:34,6.59,0.0,12,7908,卖盘
141,09:52:46,6.59,0.0,21,13839,买盘
142,09:52:52,6.59,0.0,25,16475,买盘
143,09:52:55,6.6,0.01,351,231656,买盘
144,09:53:13,6.61,0.01,29,19169,买盘
145,09:53:16,6.62,0.01,30,19860,买盘
146,09:53:27,6.62,0.0,4,2648,买盘
147,09:53:49,6.63,0.01,13,8619,买盘
148,09:54:01,6.62,-0.01,20,13240,卖盘
149,09:54:04,6.62,0.0,48,31776,卖盘
150,09:54:28,6.61,-0.01,4,2644,卖盘
151,09:54:37,6.61,0.0,30,19830,卖盘
152,09:55:03,6.61,0.0,1,661,卖盘
153,09:55:39,6.62,0.01,20,13240,买盘
154,09:55:52,6.61,-0.01,21,13881,卖盘
155,09:55:55,6.61,0.0,9,5949,买盘
156,09:55:58,6.61,0.0,3,1983,买盘
157,09:56:07,6.6,-0.01,7,4620,卖盘
158,09:56:10,6.61,0.01,29,19169,买盘
159,09:56:19,6.62,0.01,160,105867,买盘
160,09:56:22,6.62,0.0,26,17212,卖盘
161,09:56:31,6.62,0.0,114,75482,卖盘
162,09:56:37,6.63,0.01,14,9282,买盘
163,09:56:40,6.62,-0.01,9,5958,卖盘
164,09:57:01,6.62,0.0,20,13240,卖盘
165,09:57:10,6.63,0.01,3,1989,买盘
166,09:57:16,6.62,-0.01,2,1324,卖盘
167,09:57:28,6.63,0.01,1,663,买盘
168,09:57:31,6.62,-0.01,50,33100,卖盘
169,09:57:34,6.62,0.0,16,10606,卖盘
170,09:57:43,6.62,0.0,4,2648,卖盘
171,09:57:49,6.63,0.01,20,13260,买盘
172,09:57:58,6.63,0.0,34,22542,买盘
173,09:58:04,6.62,-0.01,56,37072,卖盘
174,09:58:13,6.68,0.06,497,330318,买盘
175,09:58:25,6.65,-0.03,10,6650,中性盘
176,09:58:40,6.65,0.0,30,19950,买盘
177,09:58:46,6.65,0.0,40,26600,买盘
178,09:58:52,6.67,0.02,19,12673,买盘
179,09:58:54,6.67,0.0,6,4002,买盘
180,09:59:04,6.66,-0.01,1,666,买盘
181,09:59:10,6.65,-0.01,169,112407,卖盘
182,09:59:40,6.67,0.02,20,13337,买盘
183,09:59:51,6.66,-0.01,1,666,卖盘
184,09:59:55,6.64,-0.02,29,19274,卖盘
185,10:00:16,6.65,0.01,14,9310,卖盘
186,10:00:22,6.65,0.0,8,5320,买盘
187,10:00:27,6.65,0.0,11,7315,买盘
188,10:00:33,6.65,0.0,10,6650,买盘
189,10:01:13,6.65,0.0,10,6650,买盘
190,10:01:25,6.64,-0.01,18,11952,卖盘
191,10:01:28,6.64,0.0,4,2656,卖盘
192,10:01:34,6.64,0.0,10,6640,买盘
193,10:01:43,6.64,0.0,1,664,买盘
194,10:01:46,6.64,0.0,9,5976,卖盘
195,10:01:58,6.64,0.0,1,664,买盘
196,10:02:04,6.64,0.0,10,6640,买盘
197,10:02:15,6.64,0.0,3,1992,买盘
198,10:02:28,6.64,0.0,6,3984,买盘
199,10:02:31,6.64,0.0,48,31872,买盘
200,10:02:36,6.63,-0.01,10,6632,卖盘
201,10:03:04,6.63,0.0,27,17911,卖盘
202,10:03:13,6.62,-0.01,4,2648,卖盘
203,10:03:16,6.63,0.01,3,1989,买盘
204,10:03:25,6.63,0.0,2,1326,买盘
205,10:04:04,6.63,0.0,29,19227,买盘
206,10:04:13,6.63,0.0,10,6630,卖盘
207,10:04:25,6.63,0.0,2,1326,卖盘
208,10:04:49,6.64,0.01,2,1328,买盘
209,10:04:52,6.63,-0.01,8,5304,卖盘
210,10:05:04,6.64,0.01,6,3984,买盘
211,10:05:18,6.64,0.0,10,6640,卖盘
212,10:05:28,6.65,0.01,25,16625,买盘
213,10:05:46,6.65,0.0,3,1995,买盘
214,10:05:49,6.64,-0.01,3,1992,卖盘
215,10:06:04,6.64,0.0,9,5976,卖盘
216,10:06:19,6.65,0.01,103,68495,买盘
217,10:06:31,6.65,0.0,23,15295,买盘
218,10:06:43,6.65,0.0,10,6650,卖盘
219,10:06:49,6.65,0.0,15,9975,卖盘
220,10:07:13,6.66,0.01,2,1332,买盘
221,10:07:16,6.65,-0.01,7,4655,卖盘
222,10:07:22,6.66,0.01,28,18648,买盘
223,10:07:27,6.66,0.0,37,24642,买盘
224,10:07:36,6.66,0.0,56,37226,买盘
225,10:07:46,6.64,-0.02,1,664,卖盘
226,10:08:10,6.66,0.02,16,10646,买盘
227,10:08:22,6.66,0.0,100,66600,买盘
228,10:08:39,6.66,0.0,12,7992,买盘
229,10:08:46,6.64,-0.02,2,1328,卖盘
230,10:08:49,6.66,0.02,30,19980,买盘
231,10:09:03,6.66,0.0,32,21287,买盘
232,10:09:07,6.65,-0.01,2,1330,卖盘
233,10:09:10,6.65,0.0,4,2660,买盘
234,10:09:16,6.66,0.01,35,23306,买盘
235,10:09:33,6.65,-0.01,145,96425,买盘
236,10:09:45,6.66,0.01,10,6660,买盘
237,10:09:49,6.65,-0.01,12,7980,卖盘
238,10:10:09,6.66,0.01,3,1998,买盘
239,10:10:16,6.66,0.0,3,1998,买盘
240,10:10:19,6.65,-0.01,96,63840,卖盘
241,10:10:31,6.65,0.0,60,39900,卖盘
242,10:10:43,6.65,0.0,10,6650,买盘
243,10:10:52,6.65,0.0,61,40565,买盘
244,10:10:55,6.65,0.0,1,665,买盘
245,10:10:58,6.65,0.0,2,1330,买盘
246,10:11:04,6.65,0.0,5,3325,买盘
247,10:11:12,6.65,0.0,7,4655,买盘
248,10:11:39,6.65,0.0,20,13300,卖盘
249,10:11:45,6.65,0.0,85,56583,卖盘
250,10:12:16,6.65,0.0,8,5320,卖盘
251,10:12:19,6.65,0.0,21,13965,卖盘
252,10:12:46,6.65,0.0,9,5985,买盘
253,10:12:49,6.65,0.0,4,2660,买盘
254,10:12:55,6.65,0.0,1,665,买盘
255,10:13:22,6.65,0.0,43,28595,买盘
256,10:13:24,6.65,0.0,10,6650,买盘
257,10:13:52,6.65,0.0,3,1995,买盘
258,10:13:55,6.65,0.0,3,1995,买盘
259,10:14:04,6.66,0.01,84,55944,买盘
260,10:14:10,6.65,-0.01,6,3990,卖盘
261,10:14:18,6.65,0.0,5,3325,买盘
262,10:14:25,6.65,0.0,19,12635,买盘
263,10:15:09,6.65,0.0,15,9975,卖盘
264,10:15:25,6.65,0.0,90,59850,卖盘
265,10:15:40,6.65,0.0,10,6650,卖盘
266,10:15:48,6.66,0.01,20,13320,买盘
267,10:16:04,6.65,-0.01,12,7980,卖盘
268,10:16:06,6.65,0.0,15,9975,卖盘
269,10:16:16,6.65,0.0,100,66500,卖盘
270,10:16:19,6.65,0.0,11,7315,卖盘
271,10:16:22,6.65,0.0,5,3325,卖盘
272,10:16:28,6.66,0.01,42,27972,买盘
273,10:16:48,6.66,0.0,35,23310,买盘
274,10:16:51,6.66,0.0,30,19980,买盘
275,10:17:15,6.65,-0.01,16,10640,卖盘
276,10:17:49,6.65,0.0,5,3325,卖盘
277,10:18:04,6.65,0.0,13,8648,卖盘
278,10:18:12,6.65,0.0,27,17955,卖盘
279,10:18:22,6.66,0.01,40,26640,买盘
280,10:18:46,6.66,0.0,10,6660,买盘
281,10:19:10,6.66,0.0,20,13320,买盘
282,10:19:18,6.65,-0.01,20,13300,卖盘
283,10:19:37,6.65,0.0,20,13300,卖盘
284,10:19:49,6.65,0.0,30,19950,卖盘
285,10:19:54,6.65,0.0,20,13300,卖盘
286,10:20:01,6.65,0.0,32,21280,卖盘
287,10:20:18,6.65,0.0,36,23940,卖盘
288,10:20:30,6.65,0.0,40,26600,卖盘
289,10:20:34,6.65,0.0,28,18620,卖盘
290,10:20:40,6.65,0.0,10,6650,买盘
291,10:20:52,6.65,0.0,5,3325,买盘
292,10:21:07,6.64,-0.01,11,7304,卖盘
293,10:21:22,6.64,0.0,29,19256,卖盘
294,10:21:46,6.65,0.01,47,31255,买盘
295,10:22:04,6.65,0.0,10,6650,买盘
296,10:22:07,6.66,0.01,431,286908,买盘
297,10:22:10,6.65,-0.01,1,665,买盘
298,10:22:19,6.65,0.0,8,5320,卖盘
299,10:22:49,6.65,0.0,1,665,买盘
300,10:23:07,6.65,0.0,10,6650,买盘
301,10:23:22,6.67,0.02,395,263168,买盘
302,10:23:31,6.67,0.0,10,6670,卖盘
303,10:23:37,6.67,0.0,1,667,卖盘
304,10:23:40,6.67,0.0,100,66700,卖盘
305,10:23:55,6.65,-0.02,13,8645,卖盘
306,10:23:57,6.66,0.01,3,1998,买盘
307,10:24:01,6.66,0.0,8,5328,卖盘
308,10:24:04,6.66,0.0,2,1332,卖盘
309,10:24:12,6.66,0.0,37,24642,卖盘
310,10:24:15,6.67,0.01,308,205277,买盘
311,10:25:16,6.65,-0.02,7,4655,卖盘
312,10:25:18,6.65,0.0,2,1330,卖盘
313,10:25:43,6.65,0.0,100,66500,卖盘
314,10:25:49,6.65,0.0,5,3325,卖盘
315,10:25:51,6.65,0.0,4,2660,买盘
316,10:26:10,6.65,0.0,10,6650,卖盘
317,10:26:22,6.65,0.0,17,11305,卖盘
318,10:26:43,6.65,0.0,5,3325,买盘
319,10:27:19,6.65,0.0,11,7315,买盘
320,10:27:22,6.65,0.0,30,19950,买盘
321,10:27:55,6.65,0.0,10,6650,买盘
322,10:28:48,6.65,0.0,3,1995,买盘
323,10:29:06,6.64,-0.01,2,1328,卖盘
324,10:30:31,6.65,0.01,3,1995,买盘
325,10:30:37,6.64,-0.01,2,1328,卖盘
326,10:30:58,6.65,0.01,141,93765,买盘
327,10:31:16,6.65,0.0,13,8645,买盘
328,10:31:22,6.65,0.0,68,45220,卖盘
329,10:31:31,6.65,0.0,10,6650,买盘
330,10:31:37,6.64,-0.01,40,26560,卖盘
331,10:32:04,6.65,0.01,50,33250,买盘
332,10:32:19,6.65,0.0,28,18620,买盘
333,10:32:43,6.65,0.0,2,1330,买盘
334,10:32:57,6.65,0.0,30,19950,买盘
335,10:33:19,6.65,0.0,8,5320,买盘
336,10:33:34,6.64,-0.01,1,664,卖盘
337,10:34:04,6.65,0.01,8,5315,买盘
338,10:34:34,6.64,-0.01,214,142096,卖盘
339,10:34:43,6.64,0.0,5,3320,买盘
340,10:35:04,6.63,-0.01,1,663,卖盘
341,10:35:25,6.63,0.0,6,3978,卖盘
342,10:35:34,6.63,0.0,1,663,卖盘
343,10:35:46,6.64,0.01,24,15936,买盘
344,10:35:52,6.63,-0.01,10,6630,卖盘
345,10:36:04,6.64,0.01,27,17927,买盘
346,10:36:13,6.63,-0.01,80,53040,卖盘
347,10:36:22,6.63,0.0,4,2652,卖盘
348,10:36:40,6.63,0.0,19,12597,卖盘
349,10:36:45,6.62,-0.01,23,15226,卖盘
350,10:36:49,6.63,0.01,8,5304,买盘
351,10:36:55,6.64,0.01,1,664,买盘
352,10:37:31,6.63,-0.01,7,4641,卖盘
353,10:38:01,6.63,0.0,1,663,卖盘
354,10:38:04,6.63,0.0,9,5967,卖盘
355,10:38:07,6.63,0.0,50,33150,卖盘
356,10:38:09,6.63,0.0,3,1989,卖盘
357,10:38:12,6.63,0.0,4,2652,卖盘
358,10:38:43,6.63,0.0,1,663,卖盘
359,10:38:58,6.63,0.0,40,26520,买盘
360,10:39:04,6.62,-0.01,10,6620,卖盘
361,10:39:09,6.62,0.0,34,22508,卖盘
362,10:39:22,6.62,0.0,83,54946,卖盘
363,10:39:46,6.62,0.0,34,22508,卖盘
364,10:39:49,6.62,0.0,17,11254,买盘
365,10:39:58,6.62,0.0,13,8606,卖盘
366,10:40:07,6.62,0.0,5,3310,买盘
367,10:40:28,6.63,0.01,5,3315,买盘
368,10:41:16,6.63,0.0,6,3978,买盘
369,10:41:19,6.63,0.0,26,17238,买盘
370,10:41:52,6.64,0.01,15,9960,买盘
371,10:42:16,6.63,-0.01,1,663,卖盘
372,10:42:21,6.63,0.0,23,15249,卖盘
373,10:44:42,6.63,0.0,6,3978,买盘
374,10:45:40,6.62,-0.01,40,26480,卖盘
375,10:46:12,6.63,0.01,20,13260,买盘
376,10:46:16,6.62,-0.01,48,31776,卖盘
377,10:47:13,6.63,0.01,20,13260,买盘
378,10:47:15,6.63,0.0,3,1989,买盘
379,10:47:22,6.63,0.0,76,50321,买盘
380,10:48:09,6.63,0.0,2,1326,卖盘
381,10:50:07,6.64,0.01,3,1992,买盘
382,10:50:27,6.64,0.0,7,4648,买盘
383,10:50:36,6.64,0.0,30,19920,买盘
384,10:51:12,6.64,0.0,10,6640,买盘
385,10:52:04,6.64,0.0,22,14608,买盘
386,10:52:21,6.64,0.0,50,33200,买盘
387,10:53:19,6.64,0.0,2,1328,买盘
388,10:53:25,6.64,0.0,8,5312,买盘
389,10:53:33,6.64,0.0,1,664,买盘
390,10:54:55,6.63,-0.01,20,13260,卖盘
391,10:55:45,6.64,0.01,8,5312,买盘
392,10:56:18,6.64,0.0,12,7968,买盘
393,10:56:24,6.64,0.0,4,2656,买盘
394,10:56:46,6.64,0.0,44,29216,买盘
395,10:57:04,6.64,0.0,129,85656,买盘
396,10:57:18,6.64,0.0,60,39840,卖盘
397,10:57:34,6.64,0.0,30,19920,卖盘
398,10:57:46,6.64,0.0,64,42496,卖盘
399,10:59:04,6.63,-0.01,1,663,卖盘
400,10:59:13,6.64,0.01,5,3318,买盘
401,11:00:15,6.64,0.0,4,2656,买盘
402,11:00:27,6.64,0.0,4,2656,买盘
403,11:00:42,6.64,0.0,3,1992,买盘
404,11:00:46,6.64,0.0,4,2656,买盘
405,11:01:36,6.63,-0.01,9,5967,卖盘
406,11:01:39,6.64,0.01,1,664,买盘
407,11:02:25,6.64,0.0,30,19920,买盘
408,11:02:46,6.64,0.0,13,8632,买盘
409,11:03:10,6.64,0.0,12,7968,买盘
410,11:03:30,6.65,0.01,244,162260,买盘
411,11:04:01,6.66,0.01,194,129197,买盘
412,11:04:06,6.65,-0.01,11,7315,卖盘
413,11:04:31,6.66,0.01,20,13320,买盘
414,11:04:46,6.66,0.0,38,25308,买盘
415,11:05:09,6.67,0.01,50,33350,买盘
416,11:05:24,6.66,-0.01,33,21978,卖盘
417,11:05:27,6.67,0.01,61,40660,买盘
418,11:05:48,6.66,-0.01,30,19980,买盘
419,11:05:52,6.66,0.0,5,3330,买盘
420,11:06:34,6.65,-0.01,10,6650,卖盘
421,11:06:54,6.66,0.01,32,21312,买盘
422,11:07:04,6.66,0.0,4,2664,买盘
423,11:07:16,6.66,0.0,2,1332,买盘
424,11:07:19,6.66,0.0,8,5328,买盘
425,11:07:22,6.66,0.0,7,4662,买盘
426,11:07:25,6.66,0.0,2,1332,买盘
427,11:07:27,6.66,0.0,2,1332,买盘
428,11:07:31,6.66,0.0,2,1332,买盘
429,11:07:57,6.66,0.0,1,666,买盘
430,11:08:01,6.66,0.0,1,666,买盘
431,11:08:09,6.65,-0.01,10,6650,卖盘
432,11:08:22,6.65,0.0,1,665,卖盘
433,11:08:24,6.66,0.01,20,13320,买盘
434,11:08:49,6.66,0.0,20,13320,卖盘
435,11:08:54,6.66,0.0,7,4662,卖盘
436,11:09:07,6.66,0.0,3,1998,买盘
437,11:09:12,6.66,0.0,16,10656,买盘
438,11:09:36,6.65,-0.01,60,39900,卖盘
439,11:09:39,6.66,0.01,14,9324,买盘
440,11:09:46,6.66,0.0,50,33300,卖盘
441,11:09:49,6.66,0.0,1,666,卖盘
442,11:10:24,6.66,0.0,210,139860,卖盘
443,11:10:40,6.66,0.0,44,29304,买盘
444,11:11:34,6.66,0.0,8,5328,买盘
445,11:11:54,6.65,-0.01,3,1995,卖盘
446,11:13:06,6.65,0.0,2,1330,卖盘
447,11:13:54,6.65,0.0,50,33250,卖盘
448,11:13:57,6.65,0.0,12,7980,卖盘
449,11:14:01,6.65,0.0,2,1330,卖盘
450,11:14:27,6.65,0.0,15,9975,卖盘
451,11:14:31,6.65,0.0,3,1995,卖盘
452,11:14:33,6.65,0.0,3,1995,卖盘
453,11:14:51,6.65,0.0,9,5985,卖盘
454,11:15:00,6.65,0.0,3,1995,卖盘
455,11:15:34,6.65,0.0,10,6650,买盘
456,11:17:01,6.65,0.0,12,7980,卖盘
457,11:18:36,6.65,0.0,8,5320,卖盘
458,11:18:39,6.65,0.0,1,665,买盘
459,11:20:33,6.64,-0.01,100,66400,卖盘
460,11:21:12,6.65,0.01,6,3990,买盘
461,11:21:18,6.65,0.0,54,35910,卖盘
462,11:24:24,6.65,0.0,4,2659,买盘
463,11:24:39,6.64,-0.01,1,664,卖盘
464,11:25:12,6.65,0.01,37,24605,买盘
465,11:26:06,6.65,0.0,3,1995,买盘
466,11:26:27,6.65,0.0,12,7980,买盘
467,11:27:33,6.65,0.0,13,8645,买盘
468,11:28:06,6.65,0.0,8,5320,买盘
469,11:28:18,6.64,-0.01,2,1328,卖盘
470,11:29:33,6.64,0.0,14,9296,卖盘
471,13:00:05,6.64,0.0,144,95656,卖盘
472,13:00:07,6.65,0.01,12,7980,买盘
473,13:00:15,6.66,0.01,2,1332,买盘
474,13:00:57,6.65,-0.01,6,3990,卖盘
475,13:01:04,6.65,0.0,2,1330,卖盘
476,13:01:12,6.65,0.0,67,44555,买盘
477,13:01:27,6.65,0.0,2,1330,买盘
478,13:01:57,6.64,-0.01,4,2656,卖盘
479,13:03:12,6.65,0.01,4,2660,买盘
480,13:03:15,6.64,-0.01,10,6640,卖盘
481,13:03:27,6.65,0.01,2,1330,买盘
482,13:03:48,6.65,0.0,2,1330,买盘
483,13:03:51,6.65,0.0,2,1330,买盘
484,13:04:04,6.66,0.01,123,81687,买盘
485,13:04:30,6.66,0.0,44,29304,买盘
486,13:05:03,6.64,-0.02,2,1328,卖盘
487,13:05:06,6.64,0.0,1,664,买盘
488,13:06:10,6.65,0.01,5,3325,买盘
489,13:06:22,6.65,0.0,10,6650,买盘
490,13:06:40,6.65,0.0,8,5320,买盘
491,13:06:54,6.65,0.0,5,3325,买盘
492,13:07:06,6.64,-0.01,3,1992,卖盘
493,13:08:06,6.64,0.0,10,6640,卖盘
494,13:08:12,6.64,0.0,2,1328,卖盘
495,13:08:37,6.65,0.01,10,6650,买盘
496,13:09:10,6.65,0.0,2,1330,买盘
497,13:09:27,6.65,0.0,25,16625,买盘
498,13:09:51,6.65,0.0,9,5985,买盘
499,13:09:54,6.65,0.0,4,2660,买盘
500,13:10:25,6.65,0.0,5,3325,卖盘
501,13:10:27,6.65,0.0,15,9975,买盘
502,13:10:36,6.65,0.0,3,1995,买盘
503,13:12:00,6.65,0.0,1,665,卖盘
504,13:12:13,6.65,0.0,11,7315,卖盘
505,13:12:21,6.64,-0.01,4,2656,卖盘
506,13:12:31,6.66,0.02,216,143842,买盘
507,13:12:54,6.66,0.0,42,27972,买盘
508,13:12:58,6.66,0.0,8,5328,买盘
509,13:13:04,6.66,0.0,43,28638,买盘
510,13:13:07,6.66,0.0,41,27306,买盘
511,13:13:34,6.66,0.0,35,23310,买盘
512,13:13:36,6.66,0.0,31,20646,买盘
513,13:14:06,6.67,0.01,7,4669,买盘
514,13:14:33,6.66,-0.01,49,32634,卖盘
515,13:14:51,6.66,0.0,100,66600,买盘
516,13:14:55,6.66,0.0,26,17316,买盘
517,13:14:58,6.66,0.0,14,9324,买盘
518,13:15:00,6.66,0.0,6,3996,买盘
519,13:16:09,6.66,0.0,20,13320,卖盘
520,13:16:27,6.67,0.01,113,75371,买盘
521,13:17:03,6.66,-0.01,47,31302,卖盘
522,13:17:07,6.66,0.0,1,666,买盘
523,13:17:16,6.66,0.0,1,666,买盘
524,13:17:18,6.66,0.0,6,3996,买盘
525,13:18:43,6.66,0.0,2,1332,卖盘
526,13:18:51,6.66,0.0,10,6660,买盘
527,13:19:37,6.66,0.0,2,1332,买盘
528,13:19:52,6.65,-0.01,5,3325,卖盘
529,13:20:06,6.65,0.0,50,33250,卖盘
530,13:20:16,6.65,0.0,30,19950,卖盘
531,13:21:13,6.66,0.01,35,23310,买盘
532,13:21:33,6.66,0.0,47,31302,买盘
533,13:21:36,6.66,0.0,3,1998,卖盘
534,13:21:48,6.66,0.0,1,666,买盘
535,13:22:16,6.66,0.0,1,666,买盘
536,13:24:00,6.66,0.0,27,17982,买盘
537,13:24:45,6.66,0.0,1,666,买盘
538,13:25:00,6.65,-0.01,6,3990,卖盘
539,13:26:06,6.66,0.01,10,6660,买盘
540,13:27:13,6.66,0.0,75,49950,买盘
541,13:27:21,6.66,0.0,59,39294,买盘
542,13:28:00,6.66,0.0,112,74592,买盘
543,13:28:33,6.66,0.0,10,6660,买盘
544,13:28:51,6.66,0.0,118,78588,买盘
545,13:29:06,6.66,0.0,50,33300,卖盘
546,13:29:09,6.67,0.01,35,23345,买盘
547,13:29:21,6.66,-0.01,20,13320,卖盘
548,13:29:42,6.66,0.0,23,15318,卖盘
549,13:29:45,6.66,0.0,24,15984,卖盘
550,13:30:04,6.65,-0.01,28,18620,卖盘
551,13:32:07,6.65,0.0,3,1995,卖盘
552,13:32:12,6.66,0.01,9,5994,买盘
553,13:33:16,6.65,-0.01,4,2660,卖盘
554,13:33:37,6.66,0.01,13,8658,买盘
555,13:33:54,6.65,-0.01,3,1995,卖盘
556,13:34:01,6.65,0.0,2,1330,卖盘
557,13:34:25,6.65,0.0,3,1995,卖盘
558,13:35:10,6.65,0.0,16,10640,卖盘
559,13:35:16,6.65,0.0,45,29925,卖盘
560,13:35:18,6.65,0.0,20,13300,卖盘
561,13:35:24,6.66,0.01,2,1332,买盘
562,13:35:57,6.65,-0.01,23,15295,卖盘
563,13:36:00,6.65,0.0,5,3325,卖盘
564,13:36:25,6.66,0.01,10,6660,买盘
565,13:36:40,6.65,-0.01,6,3990,卖盘
566,13:37:45,6.64,-0.01,10,6640,卖盘
567,13:38:30,6.64,0.0,30,19920,卖盘
568,13:38:45,6.64,0.0,3,1992,卖盘
569,13:39:03,6.64,0.0,14,9296,卖盘
570,13:39:10,6.64,0.0,3,1992,卖盘
571,13:39:36,6.64,0.0,3,1992,卖盘
572,13:39:48,6.64,0.0,95,63080,卖盘
573,13:40:52,6.65,0.01,50,33250,买盘
574,13:41:19,6.65,0.0,50,33250,买盘
575,13:41:31,6.64,-0.01,60,39840,卖盘
576,13:41:39,6.64,0.0,2,1328,卖盘
577,13:41:58,6.64,0.0,1,664,卖盘
578,13:43:06,6.64,0.0,3,1992,卖盘
579,13:43:13,6.64,0.0,2,1328,卖盘
580,13:43:19,6.64,0.0,28,18592,卖盘
581,13:43:55,6.64,0.0,8,5312,买盘
582,13:44:00,6.64,0.0,10,6640,买盘
583,13:44:09,6.64,0.0,11,7304,买盘
584,13:44:21,6.64,0.0,5,3320,买盘
585,13:45:07,6.64,0.0,50,33200,买盘
586,13:45:16,6.63,-0.01,10,6630,卖盘
587,13:46:04,6.63,0.0,100,66300,卖盘
588,13:46:40,6.63,0.0,44,29175,卖盘
589,13:46:55,6.63,0.0,4,2652,卖盘
590,13:46:57,6.63,0.0,7,4641,卖盘
591,13:47:07,6.63,0.0,4,2652,卖盘
592,13:47:15,6.63,0.0,28,18564,卖盘
593,13:48:07,6.63,0.0,17,11271,买盘
594,13:48:21,6.63,0.0,17,11271,买盘
595,13:48:55,6.63,0.0,3,1989,卖盘
596,13:49:01,6.63,0.0,2,1326,卖盘
597,13:49:31,6.63,0.0,5,3315,卖盘
598,13:51:12,6.64,0.01,35,23240,买盘
599,13:51:58,6.63,-0.01,20,13260,卖盘
600,13:53:00,6.63,0.0,8,5304,卖盘
601,13:53:18,6.64,0.01,3,1992,买盘
602,13:53:22,6.64,0.0,31,20584,买盘
603,13:53:25,6.64,0.0,6,3984,买盘
604,13:53:33,6.64,0.0,6,3984,买盘
605,13:54:04,6.63,-0.01,4,2652,卖盘
606,13:54:12,6.63,0.0,30,19890,卖盘
607,13:56:18,6.63,0.0,20,13260,卖盘
608,13:56:43,6.63,0.0,107,70941,卖盘
609,13:56:55,6.63,0.0,20,13260,买盘
610,13:56:58,6.62,-0.01,3,1986,卖盘
611,13:57:09,6.62,0.0,176,116512,卖盘
612,13:57:12,6.62,0.0,6,3972,卖盘
613,13:57:46,6.62,0.0,51,33762,卖盘
614,13:58:04,6.62,0.0,67,44354,买盘
615,13:58:07,6.61,-0.01,3,1983,卖盘
616,13:58:13,6.61,0.0,5,3305,卖盘
617,13:58:15,6.62,0.01,46,30443,买盘
618,13:58:24,6.62,0.0,20,13240,买盘
619,13:58:52,6.61,-0.01,74,48914,卖盘
620,13:58:58,6.61,0.0,50,33050,卖盘
621,13:59:13,6.61,0.0,10,6610,卖盘
622,13:59:22,6.61,0.0,25,16525,卖盘
623,13:59:27,6.6,-0.01,9,5940,卖盘
624,13:59:31,6.61,0.01,10,6610,买盘
625,13:59:42,6.61,0.0,1,661,买盘
626,13:59:45,6.61,0.0,1,661,买盘
627,13:59:48,6.61,0.0,12,7932,买盘
628,13:59:52,6.61,0.0,3,1983,买盘
629,14:00:22,6.62,0.01,5,3310,买盘
630,14:00:25,6.61,-0.01,1,661,卖盘
631,14:01:27,6.62,0.01,3,1986,买盘
632,14:01:34,6.62,0.0,2,1324,买盘
633,14:01:46,6.62,0.0,7,4634,买盘
634,14:01:49,6.62,0.0,30,19860,买盘
635,14:01:51,6.62,0.0,5,3310,买盘
636,14:01:55,6.62,0.0,2,1324,买盘
637,14:02:03,6.62,0.0,20,13240,买盘
638,14:02:06,6.61,-0.01,10,6617,卖盘
639,14:02:18,6.61,0.0,15,9925,卖盘
640,14:02:27,6.62,0.01,14,9268,买盘
641,14:03:04,6.63,0.01,1,663,买盘
642,14:03:22,6.63,0.0,118,78234,买盘
643,14:03:54,6.62,-0.01,3,1986,卖盘
644,14:04:01,6.63,0.01,2,1326,中性盘
645,14:04:04,6.63,0.0,2,1326,卖盘
646,14:05:30,6.64,0.01,5,3320,买盘
647,14:05:54,6.64,0.0,85,56440,买盘
648,14:09:04,6.63,-0.01,4,2652,卖盘
649,14:09:40,6.63,0.0,25,16575,卖盘
650,14:10:19,6.63,0.0,30,19890,卖盘
651,14:10:27,6.63,0.0,14,9282,卖盘
652,14:10:34,6.64,0.01,20,13280,买盘
653,14:11:45,6.64,0.0,10,6640,买盘
654,14:11:54,6.63,-0.01,15,9945,卖盘
655,14:12:30,6.62,-0.01,3,1986,卖盘
656,14:12:40,6.62,0.0,160,105920,卖盘
657,14:13:06,6.62,0.0,3,1986,卖盘
658,14:13:13,6.62,0.0,2,1324,卖盘
659,14:13:31,6.62,0.0,11,7282,卖盘
660,14:13:52,6.63,0.01,49,32487,买盘
661,14:13:58,6.63,0.0,7,4641,买盘
662,14:14:01,6.63,0.0,1,663,买盘
663,14:15:21,6.63,0.0,10,6630,买盘
664,14:16:30,6.63,0.0,23,15249,买盘
665,14:17:06,6.62,-0.01,3,1986,卖盘
666,14:18:55,6.62,0.0,31,20552,卖盘
667,14:19:01,6.62,0.0,2,1324,卖盘
668,14:19:04,6.62,0.0,10,6620,卖盘
669,14:19:22,6.63,0.01,14,9282,买盘
670,14:19:37,6.63,0.0,2,1326,买盘
671,14:19:39,6.63,0.0,2,1326,卖盘
672,14:20:01,6.63,0.0,10,6630,卖盘
673,14:20:22,6.63,0.0,10,6630,中性盘
674,14:20:34,6.63,0.0,20,13260,买盘
675,14:21:13,6.64,0.01,76,50458,买盘
676,14:21:31,6.64,0.0,25,16600,买盘
677,14:22:04,6.64,0.0,58,38512,买盘
678,14:22:43,6.64,0.0,3,1992,买盘
679,14:22:45,6.64,0.0,2,1328,卖盘
680,14:23:57,6.64,0.0,50,33200,卖盘
681,14:24:04,6.64,0.0,4,2656,卖盘
682,14:25:37,6.64,0.0,1,664,卖盘
683,14:25:52,6.64,0.0,10,6640,卖盘
684,14:26:22,6.64,0.0,20,13280,卖盘
685,14:26:33,6.64,0.0,5,3320,卖盘
686,14:27:01,6.65,0.01,24,15960,买盘
687,14:27:04,6.64,-0.01,3,1992,卖盘
688,14:27:10,6.64,0.0,15,9960,卖盘
689,14:27:27,6.64,0.0,11,7304,买盘
690,14:27:30,6.63,-0.01,10,6630,卖盘
691,14:27:34,6.64,0.01,24,15936,买盘
692,14:27:51,6.64,0.0,80,53120,买盘
693,14:28:07,6.64,0.0,1,664,卖盘
694,14:28:13,6.64,0.0,1,664,卖盘
695,14:28:21,6.64,0.0,10,6640,卖盘
696,14:28:25,6.64,0.0,19,12616,卖盘
697,14:28:40,6.64,0.0,2,1328,卖盘
698,14:29:00,6.65,0.01,10,6650,买盘
699,14:29:10,6.65,0.0,15,9975,买盘
700,14:29:43,6.65,0.0,4,2660,买盘
701,14:29:52,6.65,0.0,12,7980,买盘
702,14:30:19,6.65,0.0,11,7315,买盘
703,14:30:42,6.65,0.0,88,58520,买盘
704,14:30:58,6.65,0.0,60,39900,买盘
705,14:31:06,6.65,0.0,44,29260,买盘
706,14:31:15,6.65,0.0,9,5985,买盘
707,14:31:25,6.65,0.0,42,27930,买盘
708,14:31:28,6.65,0.0,12,7980,买盘
709,14:31:31,6.65,0.0,4,2660,买盘
710,14:31:33,6.65,0.0,7,4655,买盘
711,14:31:36,6.65,0.0,11,7315,买盘
712,14:31:40,6.65,0.0,61,40565,买盘
713,14:31:42,6.65,0.0,18,11970,买盘
714,14:31:45,6.65,0.0,7,4655,买盘
715,14:31:48,6.65,0.0,6,3990,买盘
716,14:31:52,6.65,0.0,7,4655,买盘
717,14:31:54,6.65,0.0,6,3990,买盘
718,14:31:58,6.64,-0.01,9,5982,卖盘
719,14:32:01,6.65,0.01,3,1995,买盘
720,14:32:04,6.65,0.0,4,2660,买盘
721,14:32:06,6.65,0.0,3,1995,买盘
722,14:32:10,6.65,0.0,4,2660,买盘
723,14:32:12,6.65,0.0,3,1995,买盘
724,14:32:15,6.65,0.0,7,4655,买盘
725,14:32:22,6.65,0.0,8,5320,买盘
726,14:32:25,6.65,0.0,5,3325,买盘
727,14:32:27,6.65,0.0,13,8978,买盘
728,14:32:39,6.65,0.0,20,13300,卖盘
729,14:32:48,6.65,0.0,10,6650,卖盘
730,14:33:06,6.65,0.0,30,19950,卖盘
731,14:33:24,6.65,0.0,29,19218,卖盘
732,14:33:40,6.66,0.01,50,33300,买盘
733,14:33:49,6.66,0.0,71,46990,买盘
734,14:35:21,6.66,0.0,30,19974,买盘
735,14:35:24,6.66,0.0,95,63270,买盘
736,14:35:57,6.66,0.0,3,1998,买盘
737,14:36:19,6.64,-0.02,2,1328,卖盘
738,14:36:39,6.65,0.01,13,8645,中性盘
739,14:36:46,6.65,0.0,4,2660,买盘
740,14:36:51,6.65,0.0,77,51135,买盘
741,14:37:13,6.65,0.0,2,1330,买盘
742,14:37:36,6.65,0.0,20,13300,卖盘
743,14:37:39,6.66,0.01,43,28638,买盘
744,14:37:57,6.65,-0.01,99,65835,卖盘
745,14:38:18,6.65,0.0,30,19950,买盘
746,14:38:40,6.65,0.0,6,3990,买盘
747,14:39:10,6.64,-0.01,11,7304,卖盘
748,14:39:40,6.65,0.01,20,13300,买盘
749,14:39:58,6.64,-0.01,19,12616,卖盘
750,14:40:00,6.65,0.01,2,1330,买盘
751,14:40:04,6.65,0.0,43,28595,买盘
752,14:40:06,6.65,0.0,1,665,买盘
753,14:40:10,6.65,0.0,1,665,买盘
754,14:40:25,6.65,0.0,8,5320,买盘
755,14:40:34,6.65,0.0,100,66500,买盘
756,14:40:37,6.65,0.0,6,3990,买盘
757,14:40:40,6.65,0.0,5,3325,买盘
758,14:41:01,6.64,-0.01,35,23240,卖盘
759,14:41:07,6.64,0.0,20,13280,卖盘
760,14:41:24,6.64,0.0,1,664,卖盘
761,14:41:51,6.64,0.0,30,19920,卖盘
762,14:42:06,6.64,0.0,15,9960,卖盘
763,14:42:37,6.64,0.0,224,148404,卖盘
764,14:42:49,6.64,0.0,10,6640,买盘
765,14:43:15,6.63,-0.01,15,9945,卖盘
766,14:43:25,6.63,0.0,3,1989,卖盘
767,14:43:43,6.64,0.01,9,5976,买盘
768,14:43:46,6.64,0.0,39,25896,买盘
769,14:43:49,6.64,0.0,1,664,买盘
770,14:43:54,6.64,0.0,132,87980,买盘
771,14:44:15,6.64,0.0,53,34860,卖盘
772,14:44:25,6.64,0.0,18,11952,买盘
773,14:44:31,6.64,0.0,28,18592,买盘
774,14:44:49,6.64,0.0,8,5312,买盘
775,14:45:00,6.64,0.0,20,13280,买盘
776,14:45:04,6.64,0.0,7,4648,买盘
777,14:45:07,6.64,0.0,61,40504,买盘
778,14:45:13,6.63,-0.01,1,663,卖盘
779,14:45:34,6.64,0.01,3,1992,买盘
780,14:45:37,6.63,-0.01,10,6630,卖盘
781,14:45:54,6.64,0.01,38,25232,买盘
782,14:45:57,6.64,0.0,6,3984,买盘
783,14:46:04,6.64,0.0,123,81672,买盘
784,14:46:07,6.64,0.0,11,7636,买盘
785,14:46:10,6.64,0.0,2,1328,卖盘
786,14:46:16,6.64,0.0,2,1328,卖盘
787,14:46:27,6.64,0.0,22,14608,卖盘
788,14:46:30,6.65,0.01,8,5320,买盘
789,14:46:34,6.64,-0.01,5,3320,卖盘
790,14:46:40,6.65,0.01,14,9310,买盘
791,14:46:49,6.65,0.0,2,1330,买盘
792,14:47:07,6.65,0.0,3,1995,买盘
793,14:47:10,6.65,0.0,64,42560,买盘
794,14:47:13,6.64,-0.01,12,7968,卖盘
795,14:47:31,6.64,0.0,4,2457,卖盘
796,14:47:40,6.65,0.01,2,1330,买盘
797,14:47:49,6.64,-0.01,40,26560,卖盘
798,14:47:58,6.64,0.0,1,664,卖盘
799,14:48:31,6.65,0.01,1,665,买盘
800,14:48:45,6.65,0.0,20,13300,买盘
801,14:49:04,6.65,0.0,15,9975,买盘
802,14:49:19,6.65,0.0,199,132335,买盘
803,14:49:22,6.65,0.0,2,1330,买盘
804,14:49:40,6.64,-0.01,23,15285,卖盘
805,14:49:42,6.65,0.01,5,3325,买盘
806,14:50:01,6.65,0.0,1,665,买盘
807,14:50:04,6.65,0.0,1,665,买盘
808,14:50:07,6.64,-0.01,1,664,卖盘
809,14:50:09,6.64,0.0,1,664,卖盘
810,14:50:13,6.65,0.01,5,3325,买盘
811,14:50:15,6.66,0.01,150,99813,买盘
812,14:50:34,6.65,-0.01,39,25935,买盘
813,14:50:37,6.65,0.0,1,665,买盘
814,14:50:40,6.65,0.0,1,665,买盘
815,14:50:43,6.65,0.0,33,21945,买盘
816,14:50:46,6.65,0.0,35,23275,卖盘
817,14:50:49,6.65,0.0,3,1995,买盘
818,14:51:01,6.65,0.0,50,33250,买盘
819,14:51:07,6.65,0.0,14,9310,买盘
820,14:51:12,6.64,-0.01,31,20614,卖盘
821,14:51:15,6.65,0.01,9,5985,买盘
822,14:51:18,6.65,0.0,2,1330,买盘
823,14:51:25,6.65,0.0,25,16625,卖盘
824,14:51:28,6.66,0.01,102,67932,买盘
825,14:51:34,6.65,-0.01,18,11970,卖盘
826,14:52:21,6.65,0.0,88,58520,卖盘
827,14:52:43,6.65,0.0,20,13300,卖盘
828,14:52:46,6.65,0.0,56,37271,卖盘
829,14:52:52,6.66,0.01,57,37962,买盘
830,14:53:01,6.66,0.0,13,8658,买盘
831,14:53:06,6.66,0.0,20,13320,买盘
832,14:53:21,6.66,0.0,25,16650,买盘
833,14:53:34,6.65,-0.01,12,7980,卖盘
834,14:53:43,6.65,0.0,2,1330,卖盘
835,14:53:49,6.65,0.0,41,27265,卖盘
836,14:53:51,6.65,0.0,116,77140,卖盘
837,14:53:58,6.65,0.0,30,19950,卖盘
838,14:54:01,6.65,0.0,8,5320,卖盘
839,14:54:04,6.65,0.0,2,1330,卖盘
840,14:54:07,6.66,0.01,48,31968,买盘
841,14:54:09,6.65,-0.01,38,25270,卖盘
842,14:54:16,6.65,0.0,6,3991,卖盘
843,14:54:25,6.65,0.0,13,8645,卖盘
844,14:54:40,6.66,0.01,5,3330,买盘
845,14:54:46,6.66,0.0,35,23310,买盘
846,14:54:52,6.65,-0.01,5,3325,卖盘
847,14:54:58,6.66,0.01,10,6660,买盘
848,14:55:04,6.65,-0.01,50,33250,卖盘
849,14:55:15,6.65,0.0,55,36575,卖盘
850,14:55:19,6.65,0.0,20,13300,卖盘
851,14:55:25,6.65,0.0,2,1330,卖盘
852,14:55:28,6.65,0.0,48,31920,卖盘
853,14:55:31,6.66,0.01,28,18648,买盘
854,14:55:37,6.66,0.0,39,25943,买盘
855,14:55:46,6.66,0.0,8,5328,买盘
856,14:55:49,6.65,-0.01,10,6650,卖盘
857,14:55:52,6.65,0.0,2,1330,卖盘
858,14:56:01,6.66,0.01,15,9990,买盘
859,14:56:04,6.66,0.0,15,9990,买盘
860,14:56:10,6.66,0.0,3,1998,买盘
861,14:56:13,6.66,0.0,84,55914,买盘
862,14:56:16,6.66,0.0,21,13986,买盘
863,14:56:22,6.66,0.0,32,21312,买盘
864,14:56:31,6.66,0.0,2,1332,买盘
865,14:56:33,6.66,0.0,15,9990,买盘
866,14:56:40,6.65,-0.01,5,3325,卖盘
867,14:56:43,6.66,0.01,34,22644,买盘
868,14:56:51,6.65,-0.01,5,3325,卖盘
869,14:56:55,6.65,0.0,15,9975,卖盘
870,14:56:58,6.65,0.0,45,29925,卖盘
871,15:00:04,6.66,0.01,585,389610,卖盘
