,time,price,change,volume,amount,type
0,09:30:04,3.57,0.01,226,80481,买盘
1,09:30:06,3.56,-0.01,8,2853,卖盘
2,09:30:12,3.55,-0.01,57,20264,卖盘
3,09:30:16,3.57,0.02,20,7140,买盘
4,09:30:18,3.56,-0.01,22,7832,买盘
5,09:30:21,3.56,0.0,3,1068,买盘
6,09:30:24,3.56,0.0,5,1780,买盘
7,09:30:30,3.56,0.0,1,356,买盘
8,09:30:33,3.55,-0.01,13,4616,卖盘
9,09:30:36,3.55,0.0,7,2485,卖盘
10,09:30:48,3.56,0.01,46,16376,买盘
11,09:31:12,3.57,0.01,12,4284,买盘
12,09:31:15,3.57,0.0,50,17850,买盘
13,09:31:18,3.57,0.0,35,12495,买盘
14,09:31:30,3.58,0.01,29,10382,买盘
15,09:31:45,3.57,-0.01,24,8568,卖盘
16,09:31:48,3.57,0.0,4,1428,买盘
17,09:31:54,3.57,0.0,2,714,买盘
18,09:31:57,3.57,0.0,4,1428,买盘
19,09:32:06,3.57,0.0,12,4284,买盘
20,09:32:37,3.58,0.01,1,358,买盘
21,09:32:39,3.58,0.0,64,22912,买盘
22,09:33:03,3.57,-0.01,19,6783,卖盘
23,09:33:31,3.57,0.0,5,1785,买盘
24,09:33:34,3.57,0.0,14,4998,买盘
25,09:33:39,3.58,0.01,2,716,买盘
26,09:34:09,3.57,-0.01,12,4284,卖盘
27,09:34:39,3.58,0.01,2,716,买盘
28,09:35:15,3.58,0.0,2,716,买盘
29,09:35:18,3.57,-0.01,1,357,卖盘
30,09:35:21,3.57,0.0,45,16066,卖盘
31,09:35:45,3.58,0.01,2,716,买盘
32,09:35:48,3.57,-0.01,21,7497,卖盘
33,09:35:51,3.56,-0.01,50,17800,卖盘
34,09:35:54,3.56,0.0,3,1068,卖盘
35,09:36:06,3.56,0.0,164,58384,卖盘
36,09:36:54,3.57,0.01,3,1071,买盘
37,09:38:15,3.56,-0.01,341,121396,卖盘
38,09:38:30,3.56,0.0,32,11392,买盘
39,09:39:54,3.56,0.0,367,130652,卖盘
40,09:40:04,3.56,0.0,10,3560,买盘
41,09:40:12,3.56,0.0,173,61588,买盘
42,09:40:15,3.57,0.01,15,5355,买盘
43,09:41:00,3.57,0.0,5,1785,买盘
44,09:41:24,3.57,0.0,6,2142,买盘
45,09:41:33,3.57,0.0,15,5355,买盘
46,09:41:54,3.56,-0.01,1,356,卖盘
47,09:42:04,3.57,0.01,22,7854,买盘
48,09:42:12,3.57,0.0,17,6069,买盘
49,09:42:15,3.57,0.0,33,11781,买盘
50,09:42:21,3.57,0.0,4,1428,买盘
51,09:42:27,3.57,0.0,54,19278,买盘
52,09:42:39,3.57,0.0,1,357,买盘
53,09:42:45,3.57,0.0,1,357,买盘
54,09:42:51,3.57,0.0,1,357,买盘
55,09:42:54,3.57,0.0,8,2856,买盘
56,09:43:06,3.57,0.0,1,357,买盘
57,09:43:09,3.57,0.0,2,714,买盘
58,09:43:12,3.57,0.0,2,714,买盘
59,09:43:33,3.57,0.0,2,714,买盘
60,09:43:36,3.57,0.0,22,7854,买盘
61,09:43:39,3.57,0.0,2,714,买盘
62,09:43:45,3.57,0.0,10,3570,买盘
63,09:43:48,3.57,0.0,33,11781,买盘
64,09:43:57,3.57,0.0,2,714,买盘
65,09:44:01,3.57,0.0,51,18207,买盘
66,09:44:04,3.57,0.0,5,1785,买盘
67,09:44:06,3.57,0.0,3,1071,买盘
68,09:44:09,3.57,0.0,2,714,买盘
69,09:44:18,3.57,0.0,3,1071,买盘
70,09:44:21,3.57,0.0,10,3570,买盘
71,09:44:48,3.57,0.0,1,357,买盘
72,09:44:51,3.57,0.0,10,3570,买盘
73,09:44:54,3.57,0.0,1,357,买盘
74,09:45:06,3.57,0.0,1,357,买盘
75,09:45:09,3.57,0.0,50,17850,买盘
76,09:45:12,3.57,0.0,5,1785,买盘
77,09:45:15,3.57,0.0,88,31416,买盘
78,09:45:18,3.57,0.0,25,8925,买盘
79,09:45:22,3.57,0.0,8,2856,买盘
80,09:45:24,3.57,0.0,82,29274,买盘
81,09:45:27,3.57,0.0,4,1428,买盘
82,09:45:31,3.57,0.0,4,1428,买盘
83,09:45:48,3.57,0.0,1,357,买盘
84,09:45:51,3.57,0.0,1,357,买盘
85,09:45:54,3.57,0.0,1,357,买盘
86,09:45:57,3.57,0.0,1,357,买盘
87,09:46:00,3.57,0.0,1,357,买盘
88,09:46:03,3.57,0.0,1,357,买盘
89,09:46:06,3.57,0.0,2,714,买盘
90,09:46:09,3.57,0.0,1,357,买盘
91,09:46:12,3.57,0.0,1,357,买盘
92,09:46:15,3.57,0.0,1,357,买盘
93,09:46:18,3.57,0.0,1,357,买盘
94,09:46:21,3.57,0.0,1,357,买盘
95,09:46:24,3.57,0.0,1,357,买盘
96,09:46:28,3.57,0.0,1,357,买盘
97,09:46:31,3.57,0.0,1,357,买盘
98,09:46:33,3.57,0.0,3,1071,买盘
99,09:46:36,3.57,0.0,6,2142,买盘
100,09:46:39,3.57,0.0,1,357,买盘
101,09:46:42,3.57,0.0,9,3213,买盘
102,09:46:51,3.57,0.0,10,3570,卖盘
103,09:46:54,3.57,0.0,11,3927,卖盘
104,09:47:15,3.57,0.0,30,10710,卖盘
105,09:47:24,3.58,0.01,1,358,买盘
106,09:47:51,3.58,0.0,4,1432,买盘
107,09:47:54,3.58,0.0,2,716,买盘
108,09:48:18,3.58,0.0,50,17900,买盘
109,09:48:21,3.57,-0.01,2,714,卖盘
110,09:48:45,3.58,0.01,1,358,买盘
111,09:48:54,3.58,0.0,100,35800,买盘
112,09:49:04,3.58,0.0,1,358,买盘
113,09:49:12,3.58,0.0,2,716,买盘
114,09:50:00,3.58,0.0,1,358,买盘
115,09:50:27,3.57,-0.01,26,9282,卖盘
116,09:50:30,3.57,0.0,101,36057,卖盘
117,09:50:34,3.57,0.0,2,714,卖盘
118,09:50:36,3.57,0.0,2,714,卖盘
119,09:50:42,3.58,0.01,2,716,买盘
120,09:50:54,3.58,0.0,5,1790,买盘
121,09:51:06,3.57,-0.01,62,22134,卖盘
122,09:51:16,3.57,0.0,133,47481,卖盘
123,09:51:24,3.57,0.0,33,11781,买盘
124,09:51:33,3.57,0.0,7,2499,买盘
125,09:51:45,3.56,-0.01,5,1780,卖盘
126,09:52:03,3.57,0.01,30,10710,买盘
127,09:52:09,3.57,0.0,26,9282,买盘
128,09:52:15,3.57,0.0,1,357,买盘
129,09:52:21,3.57,0.0,73,26061,买盘
130,09:52:45,3.58,0.01,15,5370,买盘
131,09:53:04,3.58,0.0,1,358,买盘
132,09:53:36,3.58,0.0,2,716,买盘
133,09:53:48,3.58,0.0,2,716,买盘
134,09:53:54,3.57,-0.01,226,80682,卖盘
135,09:54:00,3.57,0.0,5,1785,买盘
136,09:54:27,3.57,0.0,1,357,买盘
137,09:55:00,3.57,0.0,1,357,买盘
138,09:55:03,3.57,0.0,3,1071,买盘
139,09:55:30,3.57,0.0,84,29988,买盘
140,09:55:36,3.57,0.0,6,2142,买盘
141,09:55:43,3.56,-0.01,30,10680,卖盘
142,09:56:33,3.56,0.0,23,8188,卖盘
143,09:56:36,3.57,0.01,1,357,买盘
144,09:56:48,3.57,0.0,2,714,买盘
145,09:57:36,3.57,0.0,28,9996,买盘
146,09:58:09,3.57,0.0,2,714,买盘
147,09:58:16,3.57,0.0,1,357,买盘
148,09:58:22,3.57,0.0,2,714,买盘
149,09:58:25,3.57,0.0,2,714,买盘
150,09:58:33,3.56,-0.01,20,7120,卖盘
151,09:58:51,3.57,0.01,13,4641,买盘
152,09:59:21,3.58,0.01,6,2143,买盘
153,09:59:24,3.58,0.0,1,358,买盘
154,09:59:39,3.58,0.0,1,358,买盘
155,09:59:45,3.58,0.0,1,358,买盘
156,09:59:57,3.57,-0.01,2,714,卖盘
157,10:00:33,3.58,0.01,2,716,买盘
158,10:00:39,3.58,0.0,136,48688,买盘
159,10:01:04,3.58,0.0,2,716,买盘
160,10:01:15,3.58,0.0,1,358,买盘
161,10:01:21,3.58,0.0,2,716,买盘
162,10:01:25,3.58,0.0,1,358,买盘
163,10:01:30,3.58,0.0,1,358,买盘
164,10:01:33,3.57,-0.01,35,12495,卖盘
165,10:02:04,3.58,0.01,3,1074,买盘
166,10:02:12,3.58,0.0,20,7160,买盘
167,10:02:36,3.58,0.0,1,358,买盘
168,10:02:45,3.58,0.0,1,358,买盘
169,10:03:04,3.58,0.0,2,716,买盘
170,10:03:24,3.57,-0.01,120,42840,卖盘
171,10:03:40,3.58,0.01,2,716,买盘
172,10:04:03,3.58,0.0,2,716,买盘
173,10:04:15,3.58,0.0,1,358,买盘
174,10:05:04,3.58,0.0,12,4296,买盘
175,10:05:15,3.57,-0.01,621,221697,卖盘
176,10:05:18,3.57,0.0,3,1071,卖盘
177,10:05:30,3.57,0.0,2,714,买盘
178,10:06:00,3.57,0.0,17,6069,买盘
179,10:06:04,3.57,0.0,2,714,买盘
180,10:07:03,3.57,0.0,2,714,买盘
181,10:07:07,3.57,0.0,3,1071,买盘
182,10:07:24,3.57,0.0,84,29988,买盘
183,10:08:04,3.57,0.0,3,1071,买盘
184,10:08:54,3.57,0.0,16,5712,买盘
185,10:09:00,3.56,-0.01,10,3560,卖盘
186,10:09:30,3.57,0.01,13,4641,买盘
187,10:10:03,3.57,0.0,2,714,买盘
188,10:10:22,3.57,0.0,2,714,买盘
189,10:10:33,3.57,0.0,1,357,买盘
190,10:11:03,3.57,0.0,3,1071,买盘
191,10:11:24,3.56,-0.01,113,40228,卖盘
192,10:12:09,3.57,0.01,22,7854,买盘
193,10:12:15,3.57,0.0,1,357,买盘
194,10:13:03,3.57,0.0,2,714,买盘
195,10:13:30,3.57,0.0,18,6426,买盘
196,10:13:36,3.57,0.0,6,2142,买盘
197,10:13:52,3.56,-0.01,36,12816,卖盘
198,10:13:57,3.57,0.01,1,357,买盘
199,10:14:04,3.57,0.0,3,1071,买盘
200,10:14:09,3.57,0.0,2,714,买盘
201,10:14:27,3.56,-0.01,101,35957,卖盘
202,10:14:30,3.56,0.0,46,16395,卖盘
203,10:15:39,3.57,0.01,1,357,买盘
204,10:15:48,3.56,-0.01,268,95408,卖盘
205,10:16:27,3.56,0.0,27,9612,卖盘
206,10:16:39,3.57,0.01,1,357,买盘
207,10:16:57,3.57,0.0,7,2499,买盘
208,10:17:03,3.57,0.0,3,1071,买盘
209,10:17:15,3.57,0.0,3,1071,买盘
210,10:17:21,3.57,0.0,1,357,买盘
211,10:17:24,3.57,0.0,1,357,买盘
212,10:17:45,3.57,0.0,1,357,买盘
213,10:17:48,3.57,0.0,1,357,买盘
214,10:18:04,3.57,0.0,2,714,买盘
215,10:18:48,3.57,0.0,12,4284,买盘
216,10:18:51,3.56,-0.01,200,71200,卖盘
217,10:19:01,3.57,0.01,1,357,买盘
218,10:19:04,3.57,0.0,2,714,买盘
219,10:19:09,3.57,0.0,3,1071,买盘
220,10:19:24,3.57,0.0,5,1785,买盘
221,10:19:30,3.57,0.0,3,1071,买盘
222,10:20:01,3.56,-0.01,200,71200,卖盘
223,10:20:51,3.57,0.01,1,357,买盘
224,10:21:03,3.57,0.0,2,714,买盘
225,10:21:18,3.57,0.0,2,714,买盘
226,10:22:04,3.57,0.0,2,714,买盘
227,10:22:36,3.57,0.0,1,357,买盘
228,10:22:54,3.57,0.0,2,714,买盘
229,10:23:04,3.57,0.0,3,1071,买盘
230,10:23:39,3.56,-0.01,2,712,卖盘
231,10:24:24,3.56,0.0,16,5696,卖盘
232,10:24:31,3.57,0.01,1,357,买盘
233,10:24:49,3.57,0.0,11,3927,买盘
234,10:24:51,3.57,0.0,11,3927,买盘
235,10:25:03,3.57,0.0,2,714,买盘
236,10:26:03,3.57,0.0,3,1071,买盘
237,10:26:21,3.57,0.0,1,357,买盘
238,10:26:33,3.57,0.0,16,5712,买盘
239,10:27:04,3.57,0.0,2,714,买盘
240,10:27:07,3.57,0.0,84,29988,买盘
241,10:27:27,3.56,-0.01,30,10680,卖盘
242,10:27:45,3.56,0.0,20,7120,卖盘
243,10:28:18,3.57,0.01,2,714,买盘
244,10:28:22,3.57,0.0,2,714,买盘
245,10:29:03,3.56,-0.01,13,4631,卖盘
246,10:29:43,3.57,0.01,100,35700,买盘
247,10:30:03,3.57,0.0,2,714,买盘
248,10:30:15,3.57,0.0,2,714,买盘
249,10:30:21,3.57,0.0,452,161368,买盘
250,10:30:33,3.57,0.0,30,10710,卖盘
251,10:30:45,3.57,0.0,6,2142,卖盘
252,10:30:49,3.57,0.0,38,13562,卖盘
253,10:31:03,3.57,0.0,3,1071,买盘
254,10:31:42,3.57,0.0,2,714,买盘
255,10:32:04,3.57,0.0,3,1071,买盘
256,10:32:18,3.57,0.0,1,357,买盘
257,10:32:45,3.56,-0.01,1,356,卖盘
258,10:33:09,3.56,0.0,627,223212,卖盘
259,10:34:00,3.56,0.0,23,8188,买盘
260,10:34:04,3.56,0.0,2,712,买盘
261,10:35:04,3.56,0.0,3,1068,买盘
262,10:35:19,3.56,0.0,30,10680,买盘
263,10:36:04,3.56,0.0,2,712,买盘
264,10:36:12,3.56,0.0,1,356,买盘
265,10:36:15,3.56,0.0,2,712,买盘
266,10:36:30,3.56,0.0,25,8900,买盘
267,10:36:33,3.56,0.0,3,1068,买盘
268,10:37:04,3.56,0.0,2,712,买盘
269,10:37:48,3.56,0.0,1,356,买盘
270,10:37:51,3.56,0.0,1,356,买盘
271,10:37:54,3.56,0.0,29,10324,买盘
272,10:38:04,3.55,-0.01,861,305667,卖盘
273,10:39:12,3.56,0.01,1,356,买盘
274,10:39:15,3.55,-0.01,31,11005,卖盘
275,10:39:57,3.55,0.0,230,81650,卖盘
276,10:40:06,3.55,0.0,1,355,卖盘
277,10:40:24,3.56,0.01,1,356,买盘
278,10:40:31,3.56,0.0,1,356,买盘
279,10:40:51,3.55,-0.01,30,10650,卖盘
280,10:41:42,3.56,0.01,50,17800,买盘
281,10:41:54,3.56,0.0,1,356,买盘
282,10:42:03,3.56,0.0,57,20292,买盘
283,10:42:25,3.56,0.0,52,18512,买盘
284,10:42:27,3.56,0.0,1,356,买盘
285,10:42:36,3.56,0.0,1,356,买盘
286,10:42:42,3.56,0.0,2,712,买盘
287,10:42:46,3.56,0.0,47,16732,买盘
288,10:43:03,3.56,0.0,2,712,买盘
289,10:43:06,3.56,0.0,55,19580,买盘
290,10:43:24,3.56,0.0,52,18512,买盘
291,10:43:33,3.56,0.0,1,356,买盘
292,10:43:45,3.56,0.0,26,9256,买盘
293,10:43:51,3.56,0.0,1,356,买盘
294,10:44:04,3.56,0.0,3,1068,买盘
295,10:44:24,3.56,0.0,1,356,买盘
296,10:44:36,3.56,0.0,2,712,买盘
297,10:44:39,3.56,0.0,3,1068,买盘
298,10:44:42,3.56,0.0,31,11036,买盘
299,10:45:03,3.56,0.0,3,1068,卖盘
300,10:46:15,3.57,0.01,1,357,买盘
301,10:46:39,3.57,0.0,2,714,买盘
302,10:46:48,3.57,0.0,1,357,买盘
303,10:46:51,3.57,0.0,1,357,买盘
304,10:47:04,3.57,0.0,3,1071,买盘
305,10:47:33,3.57,0.0,12,4273,买盘
306,10:47:51,3.57,0.0,6,2142,买盘
307,10:48:04,3.57,0.0,2,714,买盘
308,10:48:09,3.57,0.0,1,357,买盘
309,10:48:45,3.57,0.0,2,714,买盘
310,10:49:04,3.57,0.0,2,714,买盘
311,10:49:06,3.57,0.0,5,1785,买盘
312,10:49:15,3.57,0.0,7,2499,买盘
313,10:49:39,3.57,0.0,2,714,买盘
314,10:50:03,3.57,0.0,3,1071,买盘
315,10:50:13,3.57,0.0,3,1071,买盘
316,10:50:36,3.57,0.0,2,714,买盘
317,10:50:48,3.57,0.0,207,73899,买盘
318,10:51:21,3.58,0.01,1,358,买盘
319,10:51:27,3.57,-0.01,27,9639,卖盘
320,10:51:52,3.58,0.01,1,358,买盘
321,10:51:58,3.57,-0.01,20,7140,卖盘
322,10:52:16,3.57,0.0,66,23562,卖盘
323,10:52:49,3.58,0.01,1,358,买盘
324,10:52:51,3.58,0.0,30,10740,买盘
325,10:53:06,3.58,0.0,2,716,买盘
326,10:53:39,3.58,0.0,12,4296,买盘
327,10:53:54,3.58,0.0,26,9308,买盘
328,10:54:42,3.58,0.0,31,11098,买盘
329,10:55:21,3.57,-0.01,51,18207,卖盘
330,10:55:27,3.57,0.0,9,3213,卖盘
331,10:55:33,3.58,0.01,2,716,买盘
332,10:55:36,3.58,0.0,1,358,买盘
333,10:56:03,3.58,0.0,1,358,买盘
334,10:56:46,3.57,-0.01,3,1071,卖盘
335,10:57:24,3.58,0.01,2,716,买盘
336,10:57:42,3.58,0.0,9,3222,买盘
337,10:57:48,3.58,0.0,15,5370,买盘
338,10:57:54,3.57,-0.01,63,22491,卖盘
339,10:58:18,3.58,0.01,10,3580,买盘
340,10:58:24,3.58,0.0,1,358,买盘
341,10:58:27,3.58,0.0,1,358,买盘
342,10:58:39,3.57,-0.01,10,3570,卖盘
343,10:59:04,3.58,0.01,3,1074,买盘
344,10:59:24,3.58,0.0,2,716,买盘
345,10:59:36,3.59,0.01,2403,861514,买盘
346,10:59:51,3.59,0.0,29,10411,买盘
347,10:59:54,3.58,-0.01,3,1074,中性盘
348,11:00:13,3.58,0.0,157,56206,卖盘
349,11:00:51,3.59,0.01,1,359,买盘
350,11:01:00,3.59,0.0,1,359,买盘
351,11:01:06,3.59,0.0,438,157242,买盘
352,11:01:33,3.59,0.0,46,16514,买盘
353,11:01:57,3.58,-0.01,54,19347,卖盘
354,11:02:33,3.59,0.01,22,7898,买盘
355,11:02:48,3.59,0.0,762,273895,买盘
356,11:03:00,3.6,0.01,8,2880,买盘
357,11:03:09,3.6,0.0,1,360,买盘
358,11:03:24,3.6,0.0,81,29160,买盘
359,11:03:27,3.6,0.0,4,1440,买盘
360,11:03:36,3.6,0.0,10,3600,买盘
361,11:03:39,3.6,0.0,99,35640,买盘
362,11:03:42,3.6,0.0,612,220320,买盘
363,11:03:51,3.61,0.01,40,14440,买盘
364,11:03:54,3.61,0.0,191,68951,买盘
365,11:03:57,3.63,0.02,452,163740,买盘
366,11:04:00,3.65,0.02,463,168775,买盘
367,11:04:03,3.65,0.0,446,162911,买盘
368,11:04:09,3.65,0.0,22,8030,中性盘
369,11:04:13,3.64,-0.01,30,10920,卖盘
370,11:04:15,3.64,0.0,221,80590,卖盘
371,11:04:22,3.65,0.01,37,13471,买盘
372,11:04:24,3.64,-0.01,2,728,卖盘
373,11:04:27,3.65,0.01,17,6205,买盘
374,11:04:30,3.65,0.0,264,96368,买盘
375,11:04:33,3.66,0.01,17,6209,买盘
376,11:04:36,3.67,0.01,24,8780,买盘
377,11:04:39,3.66,-0.01,7,2556,中性盘
378,11:04:43,3.65,-0.01,93,33945,卖盘
379,11:04:45,3.65,0.0,262,95744,卖盘
380,11:04:49,3.65,0.0,204,74442,买盘
381,11:04:51,3.64,-0.01,190,69181,卖盘
382,11:04:54,3.63,-0.01,33,11954,卖盘
383,11:04:57,3.62,-0.01,24,8688,卖盘
384,11:05:00,3.63,0.01,28,10155,买盘
385,11:05:03,3.63,0.0,94,34054,买盘
386,11:05:06,3.63,0.0,22,7986,买盘
387,11:05:09,3.63,0.0,98,35574,买盘
388,11:05:12,3.63,0.0,17,6171,买盘
389,11:05:15,3.64,0.01,55,20020,买盘
390,11:05:18,3.64,0.0,150,54600,买盘
391,11:05:21,3.65,0.01,63,22964,买盘
392,11:05:24,3.64,-0.01,70,25480,卖盘
393,11:05:27,3.65,0.01,31,11310,买盘
394,11:05:31,3.65,0.0,485,177025,买盘
395,11:05:33,3.65,0.0,55,20075,买盘
396,11:05:36,3.68,0.03,511,187537,买盘
397,11:05:42,3.68,0.0,251,92264,买盘
398,11:05:45,3.71,0.03,346,128032,买盘
399,11:05:48,3.72,0.01,13,4836,买盘
400,11:05:51,3.71,-0.01,244,90668,卖盘
401,11:05:54,3.69,-0.02,439,162456,卖盘
402,11:05:57,3.7,0.01,468,173203,买盘
403,11:06:00,3.69,-0.01,76,28048,中性盘
404,11:06:04,3.68,-0.01,417,153543,卖盘
405,11:06:06,3.68,0.0,87,32013,买盘
406,11:06:09,3.69,0.01,4,1474,买盘
407,11:06:12,3.67,-0.02,20,7340,卖盘
408,11:06:15,3.67,0.0,298,109578,卖盘
409,11:06:18,3.68,0.01,104,38198,买盘
410,11:06:21,3.67,-0.01,48,17655,卖盘
411,11:06:25,3.68,0.01,264,97054,买盘
412,11:06:30,3.68,0.0,1,368,买盘
413,11:06:33,3.68,0.0,31,11408,买盘
414,11:06:36,3.68,0.0,365,134470,买盘
415,11:06:39,3.7,0.02,185,68387,买盘
416,11:06:45,3.7,0.0,22,8140,卖盘
417,11:06:48,3.7,0.0,212,78440,买盘
418,11:06:51,3.69,-0.01,31,11439,卖盘
419,11:06:54,3.71,0.02,482,178552,买盘
420,11:06:57,3.74,0.03,442,163958,买盘
421,11:07:00,3.77,0.03,550,206330,买盘
422,11:07:06,3.74,-0.03,253,94676,卖盘
423,11:07:09,3.72,-0.02,480,179960,卖盘
424,11:07:12,3.71,-0.01,232,86273,卖盘
425,11:07:15,3.75,0.04,119,44525,买盘
426,11:07:18,3.71,-0.04,271,100731,卖盘
427,11:07:21,3.72,0.01,86,31957,买盘
428,11:07:24,3.74,0.02,34,12705,买盘
429,11:07:28,3.74,0.0,110,40834,买盘
430,11:07:31,3.72,-0.02,30,11170,卖盘
431,11:07:33,3.72,0.0,74,27522,买盘
432,11:07:36,3.72,0.0,173,64456,卖盘
433,11:07:39,3.73,0.01,2,746,买盘
434,11:07:42,3.72,-0.01,180,66966,卖盘
435,11:07:45,3.72,0.0,236,87792,买盘
436,11:07:48,3.72,0.0,491,182593,买盘
437,11:07:51,3.72,0.0,499,185563,买盘
438,11:07:54,3.73,0.01,95,35344,买盘
439,11:07:57,3.73,0.0,476,177547,买盘
440,11:08:00,3.73,0.0,417,155928,卖盘
441,11:08:04,3.73,0.0,182,67976,卖盘
442,11:08:06,3.74,0.01,289,107856,买盘
443,11:08:09,3.72,-0.02,365,136144,卖盘
444,11:08:15,3.75,0.03,136,50853,买盘
445,11:08:18,3.72,-0.03,198,73806,卖盘
446,11:08:21,3.73,0.01,5,1865,买盘
447,11:08:24,3.73,0.0,15,5595,买盘
448,11:08:27,3.74,0.01,110,41080,买盘
449,11:08:30,3.74,0.0,731,272497,买盘
450,11:08:33,3.74,0.0,225,84061,买盘
451,11:08:36,3.75,0.01,1034,387901,买盘
452,11:08:40,3.79,0.04,469,177103,买盘
453,11:08:42,3.75,-0.04,192,72301,卖盘
454,11:08:45,3.76,0.01,102,38452,中性盘
455,11:08:48,3.76,0.0,24,9024,买盘
456,11:08:51,3.77,0.01,117,44085,买盘
457,11:08:54,3.77,0.0,153,57671,买盘
458,11:08:57,3.77,0.0,26,9797,买盘
459,11:09:00,3.77,0.0,328,123774,买盘
460,11:09:04,3.77,0.0,78,29414,卖盘
461,11:09:07,3.77,0.0,489,184343,卖盘
462,11:09:09,3.76,-0.01,1129,423913,卖盘
463,11:09:12,3.76,0.0,355,133127,买盘
464,11:09:15,3.75,-0.01,524,196568,卖盘
465,11:09:18,3.75,0.0,55,20625,卖盘
466,11:09:22,3.76,0.01,402,150771,买盘
467,11:09:25,3.75,-0.01,287,107763,卖盘
468,11:09:28,3.76,0.01,450,169090,买盘
469,11:09:31,3.75,-0.01,66,24750,卖盘
470,11:09:33,3.75,0.0,4,1500,买盘
471,11:09:36,3.74,-0.01,5,1870,卖盘
472,11:09:39,3.75,0.01,243,91096,买盘
473,11:09:42,3.74,-0.01,259,96866,卖盘
474,11:09:45,3.74,0.0,55,20570,买盘
475,11:09:48,3.73,-0.01,3,1119,卖盘
476,11:09:51,3.73,0.0,162,60426,卖盘
477,11:09:54,3.71,-0.02,921,342607,卖盘
478,11:09:57,3.71,0.0,31,11501,卖盘
479,11:10:00,3.71,0.0,52,19292,卖盘
480,11:10:04,3.71,0.0,55,20405,卖盘
481,11:10:06,3.71,0.0,140,51940,卖盘
482,11:10:09,3.71,0.0,1,371,买盘
483,11:10:12,3.7,-0.01,428,158423,卖盘
484,11:10:18,3.71,0.01,315,116689,买盘
485,11:10:21,3.7,-0.01,157,58229,卖盘
486,11:10:24,3.71,0.01,18,6675,买盘
487,11:10:27,3.71,0.0,137,50827,买盘
488,11:10:31,3.71,0.0,981,363951,买盘
489,11:10:33,3.71,0.0,64,23744,卖盘
490,11:10:42,3.71,0.0,40,14840,卖盘
491,11:10:45,3.71,0.0,8,2972,卖盘
492,11:10:48,3.71,0.0,3,1113,卖盘
493,11:10:51,3.72,0.01,10,3716,买盘
494,11:10:54,3.72,0.0,33,12276,买盘
495,11:11:00,3.72,0.0,128,47662,卖盘
496,11:11:07,3.72,0.0,74,27528,卖盘
497,11:11:09,3.72,0.0,163,60636,买盘
498,11:11:12,3.73,0.01,76,28348,买盘
499,11:11:15,3.72,-0.01,80,29760,卖盘
500,11:11:18,3.73,0.01,211,78630,买盘
501,11:11:24,3.72,-0.01,20,7440,买盘
502,11:11:27,3.72,0.0,39,14508,买盘
503,11:11:30,3.71,-0.01,5,1855,卖盘
504,11:11:33,3.72,0.01,76,28272,买盘
505,11:11:36,3.71,-0.01,424,157444,卖盘
506,11:11:43,3.72,0.01,10,3713,买盘
507,11:11:45,3.72,0.0,18,6696,买盘
508,11:11:51,3.73,0.01,78,29047,买盘
509,11:11:54,3.72,-0.01,100,37200,卖盘
510,11:11:58,3.72,0.0,77,28647,卖盘
511,11:12:06,3.73,0.01,6,2238,买盘
512,11:12:12,3.72,-0.01,81,30132,卖盘
513,11:12:18,3.72,0.0,30,11160,卖盘
514,11:12:21,3.72,0.0,5,1860,卖盘
515,11:12:24,3.72,0.0,288,107209,卖盘
516,11:12:27,3.73,0.01,35,13025,买盘
517,11:12:30,3.73,0.0,16,5958,买盘
518,11:12:33,3.73,0.0,67,24961,买盘
519,11:12:36,3.72,-0.01,39,14508,卖盘
520,11:12:39,3.72,0.0,20,7440,买盘
521,11:12:42,3.72,0.0,718,266408,买盘
522,11:12:45,3.72,0.0,9,3348,买盘
523,11:12:51,3.72,0.0,131,48712,买盘
524,11:12:54,3.72,0.0,12,4464,卖盘
525,11:12:57,3.72,0.0,3,1116,卖盘
526,11:13:03,3.71,-0.01,70,25970,卖盘
527,11:13:09,3.71,0.0,78,28938,卖盘
528,11:13:12,3.71,0.0,33,12243,卖盘
529,11:13:16,3.71,0.0,160,59360,卖盘
530,11:13:18,3.71,0.0,9,3339,卖盘
531,11:13:21,3.71,0.0,100,37170,卖盘
532,11:13:24,3.71,0.0,15,5565,卖盘
533,11:13:27,3.71,0.0,43,15953,卖盘
534,11:13:30,3.71,0.0,108,40068,买盘
535,11:13:36,3.7,-0.01,936,346320,卖盘
536,11:13:42,3.7,0.0,127,46990,卖盘
537,11:13:45,3.7,0.0,202,74740,卖盘
538,11:13:48,3.71,0.01,36,13356,买盘
539,11:13:55,3.7,-0.01,33,12210,卖盘
540,11:13:57,3.71,0.01,35,12965,买盘
541,11:14:03,3.7,-0.01,190,70125,卖盘
542,11:14:06,3.7,0.0,18,6660,买盘
543,11:14:18,3.7,0.0,3,1110,买盘
544,11:14:27,3.69,-0.01,8,2952,卖盘
545,11:14:33,3.69,0.0,20,7380,卖盘
546,11:14:42,3.7,0.01,2,740,买盘
547,11:14:48,3.7,0.0,200,74000,买盘
548,11:14:51,3.69,-0.01,30,11070,卖盘
549,11:14:54,3.7,0.01,50,18500,买盘
550,11:15:01,3.7,0.0,32,11840,买盘
551,11:15:04,3.69,-0.01,268,98892,卖盘
552,11:15:06,3.7,0.01,57,21039,买盘
553,11:15:18,3.69,-0.01,1,369,卖盘
554,11:15:21,3.69,0.0,9,3321,卖盘
555,11:15:24,3.7,0.01,3,1110,买盘
556,11:15:30,3.7,0.0,353,130610,买盘
557,11:15:33,3.7,0.0,88,32560,卖盘
558,11:15:37,3.7,0.0,20,7400,卖盘
559,11:15:39,3.7,0.0,50,18500,卖盘
560,11:15:42,3.71,0.01,5,1855,买盘
561,11:15:48,3.7,-0.01,5,1850,卖盘
562,11:15:54,3.71,0.01,28,10388,买盘
563,11:16:00,3.7,-0.01,20,7410,卖盘
564,11:16:04,3.7,0.0,10,3700,卖盘
565,11:16:06,3.7,0.0,1,370,卖盘
566,11:16:09,3.7,0.0,115,42550,卖盘
567,11:16:21,3.7,0.0,9,3330,卖盘
568,11:16:24,3.7,0.0,40,14800,卖盘
569,11:16:27,3.7,0.0,11,4070,卖盘
570,11:16:33,3.7,0.0,50,18500,卖盘
571,11:16:39,3.7,0.0,50,18500,卖盘
572,11:16:48,3.7,0.0,19,7030,卖盘
573,11:16:51,3.7,0.0,100,37000,卖盘
574,11:16:54,3.71,0.01,6,2226,买盘
575,11:16:57,3.7,-0.01,10,3700,卖盘
576,11:17:03,3.7,0.0,10,3700,卖盘
577,11:17:09,3.7,0.0,14,5180,卖盘
578,11:17:15,3.7,0.0,20,7400,卖盘
579,11:17:18,3.71,0.01,117,43407,买盘
580,11:17:21,3.71,0.0,10,3710,买盘
581,11:17:24,3.7,-0.01,157,58090,卖盘
582,11:17:30,3.71,0.01,20,7420,买盘
583,11:17:33,3.7,-0.01,100,37000,卖盘
584,11:17:36,3.7,0.0,51,18871,卖盘
585,11:17:45,3.7,0.0,11,4070,卖盘
586,11:17:57,3.7,0.0,10,3700,卖盘
587,11:18:06,3.71,0.01,80,29654,买盘
588,11:18:09,3.7,-0.01,169,62530,卖盘
589,11:18:12,3.71,0.01,31,11471,买盘
590,11:18:15,3.7,-0.01,30,11100,卖盘
591,11:18:18,3.7,0.0,24,8880,卖盘
592,11:18:27,3.7,0.0,258,95460,卖盘
593,11:18:34,3.69,-0.01,9,3321,卖盘
594,11:18:51,3.69,0.0,111,40959,卖盘
595,11:19:00,3.7,0.01,5,1850,买盘
596,11:19:06,3.69,-0.01,100,36900,卖盘
597,11:19:09,3.69,0.0,292,107748,卖盘
598,11:19:12,3.69,0.0,110,40590,卖盘
599,11:19:15,3.69,0.0,387,142803,卖盘
600,11:19:18,3.69,0.0,43,15838,买盘
601,11:19:21,3.69,0.0,244,90036,买盘
602,11:19:24,3.69,0.0,3,1107,买盘
603,11:19:27,3.68,-0.01,109,40112,卖盘
604,11:19:30,3.69,0.01,50,18450,买盘
605,11:19:33,3.69,0.0,1,369,买盘
606,11:19:36,3.68,-0.01,334,122912,卖盘
607,11:19:45,3.68,0.0,18,6624,卖盘
608,11:19:48,3.68,0.0,1,368,中性盘
609,11:19:52,3.68,0.0,18,6624,买盘
610,11:20:00,3.68,0.0,64,23552,卖盘
611,11:20:09,3.68,0.0,10,3680,卖盘
612,11:20:12,3.68,0.0,12,4416,卖盘
613,11:20:15,3.69,0.01,10,3690,买盘
614,11:20:18,3.68,-0.01,41,15088,买盘
615,11:20:24,3.68,0.0,147,54096,卖盘
616,11:20:36,3.68,0.0,1,368,买盘
617,11:20:39,3.69,0.01,227,83753,买盘
618,11:20:42,3.69,0.0,20,7380,卖盘
619,11:20:51,3.7,0.01,32,11840,买盘
620,11:21:01,3.69,-0.01,30,11070,卖盘
621,11:21:04,3.69,0.0,31,11439,卖盘
622,11:21:09,3.69,0.0,211,77859,卖盘
623,11:21:18,3.69,0.0,115,42435,卖盘
624,11:21:25,3.69,0.0,136,50184,卖盘
625,11:21:39,3.68,-0.01,50,18400,卖盘
626,11:21:48,3.68,0.0,3,1104,卖盘
627,11:21:51,3.69,0.01,9,3321,买盘
628,11:21:54,3.69,0.0,37,13653,买盘
629,11:22:18,3.68,-0.01,40,14720,卖盘
630,11:22:33,3.68,0.0,6,2208,卖盘
631,11:22:54,3.68,0.0,331,121808,卖盘
632,11:23:06,3.68,0.0,20,7360,卖盘
633,11:23:27,3.68,0.0,10,3680,卖盘
634,11:23:33,3.68,0.0,47,17296,卖盘
635,11:23:45,3.68,0.0,1,368,卖盘
636,11:23:55,3.68,0.0,30,11040,买盘
637,11:23:57,3.69,0.01,128,47199,买盘
638,11:24:15,3.68,-0.01,10,3680,买盘
639,11:24:24,3.68,0.0,18,6624,买盘
640,11:24:27,3.68,0.0,10,3680,卖盘
641,11:24:36,3.68,0.0,60,22080,卖盘
642,11:24:45,3.68,0.0,31,11408,买盘
643,11:24:48,3.67,-0.01,20,7340,卖盘
644,11:24:54,3.68,0.01,21,7728,买盘
645,11:25:06,3.68,0.0,4,1472,卖盘
646,11:25:12,3.68,0.0,4,1472,卖盘
647,11:25:18,3.69,0.01,26,9594,买盘
648,11:25:30,3.68,-0.01,123,45264,卖盘
649,11:25:45,3.69,0.01,5,1845,买盘
650,11:25:51,3.69,0.0,10,3690,买盘
651,11:25:57,3.68,-0.01,19,6992,卖盘
652,11:26:18,3.69,0.01,23,8487,买盘
653,11:26:21,3.69,0.0,30,11070,买盘
654,11:26:33,3.69,0.0,74,27306,买盘
655,11:26:36,3.69,0.0,15,5535,买盘
656,11:26:45,3.69,0.0,64,23616,买盘
657,11:27:33,3.69,0.0,4,1476,买盘
658,11:28:03,3.68,-0.01,8,2946,卖盘
659,11:28:30,3.69,0.01,26,9594,买盘
660,11:28:36,3.69,0.0,92,33948,买盘
661,11:28:39,3.69,0.0,5,1845,买盘
662,11:28:45,3.69,0.0,100,36900,买盘
663,11:28:51,3.69,0.0,15,5535,买盘
664,11:28:57,3.69,0.0,36,13284,买盘
665,11:29:06,3.69,0.0,38,14022,买盘
666,11:29:12,3.69,0.0,9,3321,买盘
667,11:29:24,3.69,0.0,17,6273,买盘
668,11:29:27,3.69,0.0,20,7380,买盘
669,11:29:30,3.69,0.0,37,13653,买盘
670,11:29:33,3.69,0.0,13,4797,买盘
671,11:29:45,3.68,-0.01,354,130272,卖盘
672,11:30:01,3.68,0.0,47,17296,卖盘
673,13:00:03,3.68,0.0,1450,534658,卖盘
674,13:00:06,3.68,0.0,30,11040,买盘
675,13:00:12,3.68,0.0,6,2208,买盘
676,13:00:24,3.67,-0.01,1,367,卖盘
677,13:00:42,3.68,0.01,40,14720,买盘
678,13:00:45,3.68,0.0,1,368,买盘
679,13:00:48,3.68,0.0,10,3680,买盘
680,13:00:51,3.68,0.0,1,368,买盘
681,13:01:03,3.68,0.0,1,368,买盘
682,13:01:06,3.67,-0.01,30,11010,卖盘
683,13:02:07,3.68,0.01,92,33856,买盘
684,13:02:24,3.68,0.0,5,1840,买盘
685,13:02:48,3.68,0.0,1,368,买盘
686,13:03:12,3.68,0.0,129,47472,买盘
687,13:03:15,3.68,0.0,1,368,买盘
688,13:03:21,3.68,0.0,62,22784,买盘
689,13:03:30,3.68,0.0,1,368,买盘
690,13:03:36,3.68,0.0,3,1104,买盘
691,13:03:48,3.68,0.0,8,2944,买盘
692,13:03:57,3.68,0.0,25,9200,买盘
693,13:04:12,3.68,0.0,49,18032,买盘
694,13:04:18,3.67,-0.01,11,4037,卖盘
695,13:04:33,3.67,0.0,111,40737,卖盘
696,13:04:51,3.67,0.0,22,8079,卖盘
697,13:04:54,3.68,0.01,1,368,买盘
698,13:05:09,3.68,0.0,1,368,买盘
699,13:05:18,3.68,0.0,10,3680,买盘
700,13:05:24,3.67,-0.01,3,1101,卖盘
701,13:05:36,3.68,0.01,13,4784,买盘
702,13:05:45,3.67,-0.01,30,11010,卖盘
703,13:06:06,3.67,0.0,1,367,卖盘
704,13:07:09,3.69,0.02,350,129073,买盘
705,13:07:21,3.68,-0.01,1,368,买盘
706,13:07:30,3.68,0.0,14,5152,买盘
707,13:07:36,3.69,0.01,2,738,买盘
708,13:07:39,3.68,-0.01,7,2576,卖盘
709,13:07:48,3.68,0.0,5,1840,买盘
710,13:08:00,3.68,0.0,1,368,买盘
711,13:08:07,3.68,0.0,20,7360,买盘
712,13:08:24,3.68,0.0,1,368,买盘
713,13:08:27,3.68,0.0,42,15456,买盘
714,13:08:39,3.67,-0.01,3,1101,卖盘
715,13:08:48,3.68,0.01,10,3680,买盘
716,13:09:24,3.68,0.0,2,736,买盘
717,13:10:00,3.67,-0.01,50,18350,卖盘
718,13:10:12,3.67,0.0,2,734,卖盘
719,13:10:21,3.67,0.0,25,9175,卖盘
720,13:11:09,3.67,0.0,20,7340,卖盘
721,13:11:33,3.67,0.0,6,2202,卖盘
722,13:11:39,3.67,0.0,7,2569,卖盘
723,13:11:48,3.68,0.01,2,736,买盘
724,13:11:51,3.67,-0.01,1,367,卖盘
725,13:12:18,3.67,0.0,5,1835,卖盘
726,13:12:30,3.68,0.01,2,736,买盘
727,13:12:36,3.67,-0.01,28,10276,卖盘
728,13:12:54,3.68,0.01,1,368,买盘
729,13:12:57,3.67,-0.01,401,147167,卖盘
730,13:13:10,3.67,0.0,3,1101,买盘
731,13:13:15,3.67,0.0,26,9542,买盘
732,13:13:34,3.67,0.0,1,367,买盘
733,13:14:00,3.67,0.0,20,7340,买盘
734,13:14:06,3.68,0.01,3,1104,买盘
735,13:14:33,3.68,0.0,3,1104,买盘
736,13:14:51,3.67,-0.01,33,12111,卖盘
737,13:15:22,3.67,0.0,29,10643,卖盘
738,13:15:30,3.67,0.0,39,14313,买盘
739,13:15:45,3.67,0.0,10,3670,买盘
740,13:15:54,3.67,0.0,10,3670,买盘
741,13:16:15,3.67,0.0,4,1468,买盘
742,13:16:33,3.67,0.0,1,367,买盘
743,13:17:12,3.67,0.0,31,11377,买盘
744,13:17:39,3.67,0.0,26,9542,买盘
745,13:17:42,3.66,-0.01,327,119683,卖盘
746,13:17:51,3.66,0.0,3,1098,卖盘
747,13:18:09,3.66,0.0,211,77226,卖盘
748,13:18:12,3.66,0.0,12,4392,卖盘
749,13:19:04,3.66,0.0,7,2562,卖盘
750,13:19:15,3.67,0.01,1,367,买盘
751,13:19:21,3.66,-0.01,100,36600,卖盘
752,13:19:27,3.66,0.0,15,5490,卖盘
753,13:19:45,3.67,0.01,6,2202,买盘
754,13:20:12,3.66,-0.01,50,18300,卖盘
755,13:21:06,3.66,0.0,60,21960,卖盘
756,13:21:09,3.67,0.01,123,45141,买盘
757,13:21:18,3.67,0.0,7,2569,买盘
758,13:21:45,3.67,0.0,1,367,买盘
759,13:21:48,3.67,0.0,43,15781,买盘
760,13:21:54,3.67,0.0,13,4771,买盘
761,13:21:57,3.67,0.0,6,2202,买盘
762,13:22:01,3.67,0.0,15,5505,买盘
763,13:22:06,3.67,0.0,30,11010,买盘
764,13:22:57,3.66,-0.01,2,732,卖盘
765,13:23:52,3.66,0.0,5,1830,卖盘
766,13:23:55,3.67,0.01,137,50279,买盘
767,13:23:57,3.67,0.0,28,10276,买盘
768,13:24:33,3.68,0.01,1,368,买盘
769,13:25:03,3.68,0.0,13,4784,买盘
770,13:25:10,3.68,0.0,10,3680,买盘
771,13:25:30,3.68,0.0,5,1840,买盘
772,13:25:33,3.68,0.0,357,131376,买盘
773,13:26:42,3.67,-0.01,42,15414,卖盘
774,13:27:00,3.67,0.0,15,5505,卖盘
775,13:27:03,3.67,0.0,42,15414,卖盘
776,13:27:06,3.67,0.0,78,28626,卖盘
777,13:27:42,3.67,0.0,32,11744,买盘
778,13:27:45,3.66,-0.01,44,16104,卖盘
779,13:27:57,3.66,0.0,41,15006,卖盘
780,13:28:06,3.66,0.0,47,17202,卖盘
781,13:28:24,3.66,0.0,47,17202,卖盘
782,13:28:42,3.67,0.01,1,367,买盘
783,13:29:00,3.67,0.0,13,4771,买盘
784,13:29:06,3.66,-0.01,300,109800,卖盘
785,13:29:09,3.66,0.0,17,6222,卖盘
786,13:29:42,3.66,0.0,100,36600,买盘
787,13:30:06,3.65,-0.01,17,6205,卖盘
788,13:30:30,3.65,0.0,55,20075,卖盘
789,13:31:09,3.65,0.0,121,44165,卖盘
790,13:31:24,3.66,0.01,76,27816,买盘
791,13:32:06,3.65,-0.01,137,50005,卖盘
792,13:32:12,3.65,0.0,217,79205,卖盘
793,13:32:27,3.65,0.0,2,730,买盘
794,13:32:36,3.65,0.0,4,1460,买盘
795,13:32:39,3.65,0.0,41,14965,买盘
796,13:32:45,3.64,-0.01,81,29509,卖盘
797,13:32:54,3.65,0.01,36,13140,买盘
798,13:33:21,3.65,0.0,26,9490,买盘
799,13:33:27,3.64,-0.01,300,109200,卖盘
800,13:33:33,3.65,0.01,243,88695,买盘
801,13:33:39,3.65,0.0,27,9855,卖盘
802,13:33:42,3.65,0.0,21,7665,卖盘
803,13:33:51,3.65,0.0,60,21900,卖盘
804,13:34:01,3.65,0.0,1,365,买盘
805,13:34:04,3.65,0.0,5,1825,买盘
806,13:34:06,3.65,0.0,3,1095,买盘
807,13:34:15,3.65,0.0,11,4015,买盘
808,13:34:27,3.65,0.0,21,7665,买盘
809,13:35:06,3.65,0.0,371,135415,卖盘
810,13:35:15,3.66,0.01,66,24147,买盘
811,13:35:18,3.65,-0.01,37,13505,卖盘
812,13:35:21,3.66,0.01,51,18666,买盘
813,13:35:39,3.65,-0.01,5,1825,卖盘
814,13:35:54,3.65,0.0,30,10950,卖盘
815,13:36:13,3.66,0.01,83,30378,买盘
816,13:37:04,3.66,0.0,1,366,买盘
817,13:37:30,3.66,0.0,1,366,买盘
818,13:38:06,3.66,0.0,2,732,买盘
819,13:39:09,3.66,0.0,11,4026,买盘
820,13:39:33,3.66,0.0,1,366,买盘
821,13:40:27,3.65,-0.01,10,3650,卖盘
822,13:40:57,3.65,0.0,11,4015,卖盘
823,13:41:04,3.65,0.0,16,5840,卖盘
824,13:41:06,3.65,0.0,40,14600,卖盘
825,13:42:00,3.66,0.01,1,366,买盘
826,13:42:21,3.66,0.0,400,146400,买盘
827,13:42:24,3.66,0.0,7,2562,买盘
828,13:42:36,3.66,0.0,20,7320,买盘
829,13:43:33,3.66,0.0,126,46116,买盘
830,13:43:48,3.65,-0.01,6,2190,卖盘
831,13:44:09,3.65,0.0,10,3650,卖盘
832,13:44:19,3.66,0.01,13,4758,买盘
833,13:44:27,3.66,0.0,3,1098,买盘
834,13:45:21,3.66,0.0,30,10980,买盘
835,13:45:57,3.65,-0.01,29,10585,卖盘
836,13:46:06,3.65,0.0,41,14965,卖盘
837,13:46:19,3.65,0.0,45,16425,卖盘
838,13:46:24,3.66,0.01,4,1464,买盘
839,13:46:31,3.66,0.0,1,366,买盘
840,13:46:48,3.66,0.0,1,366,买盘
841,13:47:04,3.66,0.0,2,732,买盘
842,13:47:12,3.66,0.0,10,3660,买盘
843,13:47:18,3.66,0.0,22,8052,买盘
844,13:47:36,3.65,-0.01,101,36865,卖盘
845,13:47:39,3.65,0.0,37,13505,卖盘
846,13:47:45,3.65,0.0,50,18250,卖盘
847,13:47:51,3.65,0.0,31,11315,卖盘
848,13:48:00,3.65,0.0,50,18250,卖盘
849,13:48:09,3.65,0.0,45,16425,卖盘
850,13:48:21,3.65,0.0,2,730,卖盘
851,13:48:30,3.66,0.01,18,6588,买盘
852,13:48:33,3.65,-0.01,62,22630,卖盘
853,13:48:57,3.65,0.0,19,6935,卖盘
854,13:49:12,3.66,0.01,86,31476,买盘
855,13:49:15,3.65,-0.01,13,4745,卖盘
856,13:49:18,3.66,0.01,1,366,买盘
857,13:49:48,3.65,-0.01,18,6388,卖盘
858,13:50:06,3.66,0.01,2,732,买盘
859,13:50:27,3.66,0.0,50,18300,买盘
860,13:51:04,3.65,-0.01,40,14600,卖盘
861,13:51:24,3.66,0.01,27,9882,买盘
862,13:51:39,3.65,-0.01,58,21173,卖盘
863,13:51:45,3.66,0.01,54,19764,买盘
864,13:53:06,3.65,-0.01,45,16425,卖盘
865,13:53:12,3.66,0.01,10,3660,买盘
866,13:53:42,3.65,-0.01,12,4380,卖盘
867,13:53:51,3.65,0.0,50,18250,卖盘
868,13:55:09,3.66,0.01,1,366,买盘
869,13:55:18,3.65,-0.01,100,36500,卖盘
870,13:56:00,3.65,0.0,35,12775,卖盘
871,13:56:06,3.65,0.0,1,365,卖盘
872,13:56:18,3.65,0.0,14,5110,卖盘
873,13:56:27,3.66,0.01,30,10980,买盘
874,13:56:30,3.65,-0.01,401,146548,卖盘
875,13:56:33,3.65,0.0,2,730,买盘
876,13:56:36,3.64,-0.01,50,18200,卖盘
877,13:56:42,3.65,0.01,3,1095,买盘
878,13:57:15,3.65,0.0,10,3650,买盘
879,13:57:30,3.64,-0.01,10,3640,卖盘
880,13:58:33,3.64,0.0,8,2912,卖盘
881,13:59:15,3.64,0.0,10,3640,卖盘
882,13:59:24,3.64,0.0,40,14560,卖盘
883,13:59:48,3.64,0.0,5,1820,卖盘
884,14:00:09,3.64,0.0,100,36400,卖盘
885,14:00:27,3.65,0.01,1217,444105,买盘
886,14:00:30,3.65,0.0,221,80482,买盘
887,14:00:33,3.66,0.01,33,12078,买盘
888,14:00:36,3.64,-0.02,530,192923,卖盘
889,14:00:39,3.64,0.0,20,7280,买盘
890,14:00:48,3.64,0.0,6,2184,买盘
891,14:01:16,3.64,0.0,100,36400,买盘
892,14:01:33,3.63,-0.01,3,1090,卖盘
893,14:01:42,3.65,0.02,93,33945,卖盘
894,14:01:54,3.65,0.0,20,7300,卖盘
895,14:01:57,3.65,0.0,34,12410,卖盘
896,14:02:12,3.64,-0.01,33,12012,卖盘
897,14:02:36,3.65,0.01,10,3650,买盘
898,14:04:15,3.64,-0.01,10,3640,卖盘
899,14:04:30,3.65,0.01,1,365,买盘
900,14:04:54,3.65,0.0,6,2190,买盘
901,14:05:34,3.65,0.0,7,2555,买盘
902,14:05:42,3.65,0.0,1,365,买盘
903,14:05:57,3.65,0.0,2,730,买盘
904,14:06:03,3.65,0.0,4,1460,买盘
905,14:06:06,3.64,-0.01,140,50964,卖盘
906,14:06:09,3.65,0.01,264,96360,买盘
907,14:06:13,3.65,0.0,9,3285,买盘
908,14:06:15,3.65,0.0,1,365,买盘
909,14:06:21,3.65,0.0,2,730,买盘
910,14:06:27,3.65,0.0,161,58765,买盘
911,14:06:33,3.65,0.0,15,5475,买盘
912,14:06:39,3.65,0.0,99,36135,买盘
913,14:06:55,3.65,0.0,6,2190,买盘
914,14:07:30,3.65,0.0,1,365,买盘
915,14:09:10,3.64,-0.01,1,364,卖盘
916,14:09:57,3.65,0.01,1,365,买盘
917,14:10:16,3.65,0.0,39,14235,买盘
918,14:11:40,3.64,-0.01,63,22932,卖盘
919,14:11:57,3.64,0.0,68,24752,卖盘
920,14:12:18,3.64,0.0,63,22932,卖盘
921,14:12:40,3.64,0.0,67,24388,卖盘
922,14:12:51,3.65,0.01,1,365,买盘
923,14:13:18,3.65,0.0,4,1460,买盘
924,14:13:21,3.64,-0.01,68,24752,卖盘
925,14:13:42,3.64,0.0,66,24024,卖盘
926,14:13:45,3.64,0.0,8,2912,卖盘
927,14:14:04,3.64,0.0,48,17472,卖盘
928,14:14:09,3.64,0.0,35,12740,卖盘
929,14:15:15,3.64,0.0,430,156520,卖盘
930,14:15:36,3.64,0.0,30,10920,卖盘
931,14:16:27,3.63,-0.01,5,1815,卖盘
932,14:16:30,3.64,0.01,20,7280,买盘
933,14:16:45,3.63,-0.01,54,19602,卖盘
934,14:16:51,3.64,0.01,50,18200,买盘
935,14:17:12,3.64,0.0,3,1092,买盘
936,14:17:46,3.64,0.0,20,7280,买盘
937,14:18:15,3.63,-0.01,1,363,卖盘
938,14:18:51,3.64,0.01,70,25480,买盘
939,14:19:04,3.64,0.0,30,10920,买盘
940,14:19:15,3.64,0.0,20,7280,买盘
941,14:19:45,3.65,0.01,1,365,买盘
942,14:19:48,3.64,-0.01,141,51324,卖盘
943,14:19:57,3.65,0.01,19,6923,买盘
944,14:20:12,3.65,0.0,8,2920,买盘
945,14:20:18,3.65,0.0,9,3285,买盘
946,14:20:36,3.65,0.0,33,12045,买盘
947,14:21:27,3.65,0.0,10,3650,买盘
948,14:21:42,3.64,-0.01,60,21850,卖盘
949,14:23:01,3.64,0.0,203,73892,卖盘
950,14:24:06,3.65,0.01,33,12045,买盘
951,14:24:18,3.64,-0.01,11,4004,卖盘
952,14:24:27,3.65,0.01,1,365,买盘
953,14:24:39,3.64,-0.01,165,60060,卖盘
954,14:25:42,3.65,0.01,138,50370,买盘
955,14:26:15,3.65,0.0,26,9490,买盘
956,14:27:15,3.64,-0.01,30,10920,卖盘
957,14:27:30,3.65,0.01,1,365,买盘
958,14:27:42,3.65,0.0,20,7300,买盘
959,14:28:15,3.65,0.0,1,365,买盘
960,14:28:57,3.64,-0.01,20,7280,卖盘
961,14:29:09,3.65,0.01,45,16425,买盘
962,14:29:37,3.65,0.0,2,730,买盘
963,14:29:54,3.65,0.0,50,18250,买盘
964,14:30:39,3.65,0.0,163,59495,买盘
965,14:30:45,3.65,0.0,18,6570,买盘
966,14:30:51,3.65,0.0,50,18250,卖盘
967,14:30:55,3.65,0.0,30,10950,买盘
968,14:31:04,3.65,0.0,4,1460,买盘
969,14:31:06,3.65,0.0,6,2190,卖盘
970,14:31:19,3.65,0.0,36,13166,卖盘
971,14:31:21,3.64,-0.01,19,6925,卖盘
972,14:32:09,3.65,0.01,16,5840,卖盘
973,14:32:57,3.66,0.01,4,1464,买盘
974,14:33:00,3.65,-0.01,10,3650,卖盘
975,14:33:33,3.65,0.0,10,3650,买盘
976,14:33:40,3.65,0.0,64,23360,买盘
977,14:33:54,3.65,0.0,40,14600,卖盘
978,14:34:24,3.65,0.0,31,11315,买盘
979,14:34:27,3.65,0.0,291,106215,卖盘
980,14:34:30,3.66,0.01,2,732,买盘
981,14:35:04,3.65,-0.01,1,365,卖盘
982,14:35:12,3.66,0.01,125,45675,买盘
983,14:35:30,3.65,-0.01,85,31025,卖盘
984,14:35:33,3.65,0.0,84,30660,买盘
985,14:35:48,3.65,0.0,65,23725,买盘
986,14:36:09,3.65,0.0,4,1460,买盘
987,14:36:24,3.65,0.0,2,730,买盘
988,14:36:27,3.65,0.0,1,365,买盘
989,14:36:30,3.65,0.0,6,2190,买盘
990,14:36:33,3.65,0.0,12,4380,买盘
991,14:36:51,3.65,0.0,23,8395,买盘
992,14:37:33,3.64,-0.01,99,36036,卖盘
993,14:37:54,3.65,0.01,1,365,买盘
994,14:38:00,3.64,-0.01,457,166348,卖盘
995,14:38:15,3.64,0.0,4,1456,买盘
996,14:39:04,3.64,0.0,69,25116,买盘
997,14:39:16,3.64,0.0,20,7280,卖盘
998,14:39:27,3.64,0.0,15,5460,卖盘
999,14:39:36,3.64,0.0,18,6552,卖盘
1000,14:39:52,3.65,0.01,60,21863,买盘
1001,14:40:10,3.64,-0.01,28,10192,买盘
1002,14:40:24,3.64,0.0,15,5460,买盘
1003,14:40:57,3.64,0.0,12,4368,买盘
1004,14:41:15,3.63,-0.01,100,36300,卖盘
1005,14:41:36,3.64,0.01,3,1092,买盘
1006,14:41:42,3.64,0.0,6,2184,买盘
1007,14:42:06,3.64,0.0,259,94276,买盘
1008,14:42:42,3.65,0.01,13,4745,买盘
1009,14:43:48,3.65,0.0,1,365,买盘
1010,14:44:06,3.65,0.0,62,22630,买盘
1011,14:44:12,3.65,0.0,1,365,买盘
1012,14:44:36,3.65,0.0,3,1095,买盘
1013,14:44:43,3.65,0.0,109,39785,买盘
1014,14:44:45,3.65,0.0,189,68985,买盘
1015,14:44:48,3.65,0.0,24,8760,买盘
1016,14:45:15,3.65,0.0,5,1825,卖盘
1017,14:45:28,3.65,0.0,30,10950,卖盘
1018,14:45:30,3.66,0.01,52,19032,买盘
1019,14:45:45,3.65,-0.01,302,110232,卖盘
1020,14:46:00,3.65,0.0,100,36500,卖盘
1021,14:46:36,3.65,0.0,29,10585,卖盘
1022,14:46:54,3.65,0.0,2,730,卖盘
1023,14:47:00,3.66,0.01,2,732,买盘
1024,14:47:06,3.65,-0.01,305,111325,卖盘
1025,14:47:21,3.65,0.0,60,21900,卖盘
1026,14:47:33,3.65,0.0,51,18615,卖盘
1027,14:47:36,3.65,0.0,1,365,买盘
1028,14:47:48,3.65,0.0,16,5840,买盘
1029,14:48:21,3.66,0.01,222,81142,买盘
1030,14:48:27,3.64,-0.02,4,1456,卖盘
1031,14:48:48,3.66,0.02,422,154452,买盘
1032,14:49:00,3.66,0.0,100,36600,卖盘
1033,14:49:03,3.67,0.01,221,81107,买盘
1034,14:49:07,3.66,-0.01,20,7320,卖盘
1035,14:49:16,3.66,0.0,5,1830,卖盘
1036,14:49:39,3.67,0.01,8,2936,买盘
1037,14:49:51,3.67,0.0,99,36333,买盘
1038,14:49:57,3.67,0.0,100,36700,卖盘
1039,14:50:09,3.67,0.0,184,67528,卖盘
1040,14:50:15,3.67,0.0,60,22020,卖盘
1041,14:50:21,3.67,0.0,327,120010,卖盘
1042,14:50:24,3.67,0.0,57,20919,卖盘
1043,14:50:39,3.67,0.0,2,734,买盘
1044,14:50:57,3.67,0.0,134,49178,买盘
1045,14:51:06,3.67,0.0,94,34498,买盘
1046,14:51:21,3.68,0.01,2,736,买盘
1047,14:51:24,3.67,-0.01,227,83309,卖盘
1048,14:51:27,3.67,0.0,25,9190,卖盘
1049,14:51:30,3.68,0.01,64,23537,买盘
1050,14:51:33,3.67,-0.01,90,33030,卖盘
1051,14:51:39,3.67,0.0,30,11010,卖盘
1052,14:51:45,3.67,0.0,19,6973,卖盘
1053,14:52:01,3.67,0.0,10,3670,买盘
1054,14:52:07,3.67,0.0,2,734,买盘
1055,14:52:09,3.67,0.0,18,6606,买盘
1056,14:52:18,3.66,-0.01,24,8784,卖盘
1057,14:52:36,3.66,0.0,4,1464,卖盘
1058,14:52:48,3.66,0.0,446,163414,卖盘
1059,14:52:51,3.66,0.0,2,732,卖盘
1060,14:52:54,3.67,0.01,182,66746,买盘
1061,14:53:04,3.67,0.0,1,367,买盘
1062,14:53:06,3.67,0.0,11,4037,买盘
1063,14:53:09,3.67,0.0,8,2936,买盘
1064,14:53:12,3.66,-0.01,66,24156,卖盘
1065,14:53:30,3.66,0.0,22,8042,买盘
1066,14:53:39,3.66,0.0,5,1830,买盘
1067,14:53:51,3.66,0.0,82,30012,买盘
1068,14:53:54,3.66,0.0,10,3660,买盘
1069,14:54:15,3.66,0.0,18,6588,买盘
1070,14:54:19,3.66,0.0,6,2196,买盘
1071,14:54:42,3.66,0.0,10,3660,买盘
1072,14:54:48,3.66,0.0,11,4026,买盘
1073,14:54:54,3.66,0.0,105,38430,买盘
1074,14:55:12,3.66,0.0,7,2562,买盘
1075,14:55:15,3.66,0.0,2,732,买盘
1076,14:55:36,3.65,-0.01,279,101835,卖盘
1077,14:55:43,3.64,-0.01,2,728,卖盘
1078,14:55:45,3.65,0.01,105,38325,买盘
1079,14:56:00,3.66,0.01,30,10980,买盘
1080,14:56:06,3.65,-0.01,16,5841,卖盘
1081,14:56:15,3.66,0.01,23,8418,买盘
1082,14:56:18,3.66,0.0,27,9882,买盘
1083,14:56:27,3.66,0.0,692,253355,买盘
1084,14:56:33,3.67,0.01,1,367,买盘
1085,14:56:36,3.66,-0.01,185,67795,卖盘
1086,14:56:39,3.66,0.0,6,2013,卖盘
1087,14:56:42,3.66,0.0,1,366,买盘
1088,14:56:45,3.66,0.0,101,36966,买盘
1089,14:56:48,3.66,0.0,3,1281,买盘
1090,14:57:00,3.66,0.0,180,65697,卖盘
1091,15:00:04,3.66,0.0,1354,495747,卖盘
