,time,price,change,volume,amount,type
0,09:30:58,14.14,-0.02,4,5656,买盘
1,09:31:16,14.14,0.0,1,1414,卖盘
2,09:32:52,14.14,0.0,12,16968,买盘
3,09:33:01,14.1,-0.04,4,5640,卖盘
4,09:33:13,14.1,0.0,1,1410,卖盘
5,09:33:22,14.1,0.0,1,1410,卖盘
6,09:33:28,14.1,0.0,10,14100,买盘
7,09:33:43,14.09,-0.01,3,4227,卖盘
8,09:33:52,14.09,0.0,1,1409,卖盘
9,09:34:01,14.09,0.0,2,2818,卖盘
10,09:34:46,14.1,0.01,5,7050,买盘
11,09:35:01,14.07,-0.03,2,2814,卖盘
12,09:36:10,14.07,0.0,10,14070,卖盘
13,09:36:19,14.05,-0.02,3,4215,卖盘
14,09:36:34,14.05,0.0,1,1405,卖盘
15,09:36:46,14.07,0.02,5,7035,买盘
16,09:36:55,14.07,0.0,1,1407,卖盘
17,09:37:04,14.07,0.0,2,2814,卖盘
18,09:38:16,14.1,0.03,4,5640,买盘
19,09:38:37,14.1,0.0,3,4230,买盘
20,09:40:01,14.1,0.0,9,12690,买盘
21,09:40:07,14.14,0.04,6,8484,买盘
22,09:40:19,14.14,0.0,1,1414,买盘
23,09:40:25,14.14,0.0,1,1414,买盘
24,09:40:28,14.14,0.0,1,1414,买盘
25,09:40:31,14.14,0.0,1,1414,买盘
26,09:40:34,14.14,0.0,2,2828,买盘
27,09:40:37,14.14,0.0,1,1414,买盘
28,09:40:40,14.14,0.0,1,1414,买盘
29,09:40:43,14.14,0.0,2,2828,买盘
30,09:40:58,14.15,0.01,1,1415,买盘
31,09:41:01,14.15,0.0,9,12735,买盘
32,09:41:04,14.15,0.0,1,1415,卖盘
33,09:41:40,14.15,0.0,2,2830,卖盘
34,09:43:01,14.15,0.0,1,1415,卖盘
35,09:43:46,14.15,0.0,1,1415,卖盘
36,09:43:52,14.15,0.0,16,22640,卖盘
37,09:44:34,14.1,-0.05,16,22610,卖盘
38,09:44:40,14.1,0.0,10,14100,买盘
39,09:44:43,14.09,-0.01,1,1409,卖盘
40,09:45:10,14.1,0.01,5,7050,买盘
41,09:45:22,14.09,-0.01,2,2818,卖盘
42,09:45:34,14.09,0.0,1,1409,卖盘
43,09:46:22,14.1,0.01,7,9870,买盘
44,09:46:34,14.1,0.0,2,2820,卖盘
45,09:46:45,14.1,0.0,20,28200,卖盘
46,09:46:51,14.1,0.0,1,1410,卖盘
47,09:47:04,14.1,0.0,1,1410,卖盘
48,09:47:37,14.1,0.0,6,8460,买盘
49,09:47:52,14.1,0.0,2,2820,卖盘
50,09:50:37,14.1,0.0,7,9875,卖盘
51,09:50:52,14.1,0.0,2,2820,卖盘
52,09:51:04,14.1,0.0,1,1410,卖盘
53,09:51:13,14.08,-0.02,45,63433,卖盘
54,09:51:16,14.08,0.0,5,7040,买盘
55,09:51:31,14.07,-0.01,2,2814,卖盘
56,09:51:34,14.07,0.0,10,14070,买盘
57,09:51:52,14.06,-0.01,3,4218,卖盘
58,09:52:01,14.05,-0.01,1,1405,卖盘
59,09:52:25,14.06,0.01,1,1406,买盘
60,09:52:34,14.01,-0.05,70,98185,卖盘
61,09:52:43,14.08,0.07,5,7037,买盘
62,09:52:52,14.05,-0.03,1,1405,卖盘
63,09:53:04,14.07,0.02,10,14070,买盘
64,09:55:19,14.02,-0.05,9,12618,卖盘
65,09:55:37,14.07,0.05,3,4221,买盘
66,09:59:13,14.08,0.01,78,109736,买盘
67,10:02:25,14.15,0.07,49,69283,买盘
68,10:02:31,14.15,0.0,1,1415,卖盘
69,10:03:31,14.15,0.0,1,1415,买盘
70,10:04:58,14.09,-0.06,15,21135,卖盘
71,10:05:19,14.09,0.0,1,1409,买盘
72,10:05:31,14.09,0.0,2,2818,买盘
73,10:07:16,14.12,0.03,1,1412,买盘
74,10:08:36,14.08,-0.04,27,38016,卖盘
75,10:10:31,14.08,0.0,1,1408,买盘
76,10:14:52,14.13,0.05,80,112765,买盘
77,10:15:19,14.14,0.01,30,42376,买盘
78,10:18:22,14.06,-0.08,34,47808,卖盘
79,10:18:40,14.06,0.0,6,8436,买盘
80,10:19:28,14.06,0.0,5,7030,买盘
81,10:20:39,14.06,0.0,3,4218,买盘
82,10:20:55,14.06,0.0,8,11248,买盘
83,10:21:01,14.06,0.0,11,15466,买盘
84,10:24:13,14.06,0.0,8,11248,买盘
85,10:24:25,14.06,0.0,25,35150,买盘
86,10:24:55,14.1,0.04,1,1410,卖盘
87,10:25:00,14.1,0.0,2,2820,卖盘
88,10:25:07,14.1,0.0,1,1410,卖盘
89,10:27:25,14.1,0.0,26,36660,卖盘
90,10:28:22,14.09,-0.01,1,1409,买盘
91,10:30:19,14.09,0.0,2,2818,卖盘
92,10:34:06,14.09,0.0,3,4227,买盘
93,10:37:00,14.06,-0.03,1,1406,卖盘
94,10:37:19,14.12,0.06,60,84570,买盘
95,10:38:46,14.09,-0.03,5,7045,卖盘
96,10:39:22,14.06,-0.03,37,52022,卖盘
97,10:39:43,14.09,0.03,5,7045,买盘
98,10:43:28,14.08,-0.01,55,77440,买盘
99,10:43:34,14.08,0.0,5,7040,买盘
100,10:43:40,14.08,0.0,25,35200,买盘
101,10:46:34,14.09,0.01,11,15499,买盘
102,10:47:51,14.13,0.04,10,14130,买盘
103,10:48:27,14.14,0.01,20,28280,买盘
104,10:50:19,14.14,0.0,18,25452,卖盘
105,10:50:52,14.15,0.01,132,186780,买盘
106,10:50:58,14.15,0.0,5,7075,买盘
107,10:51:25,14.16,0.01,2,2832,买盘
108,10:51:58,14.16,0.0,3,4248,买盘
109,10:52:04,14.16,0.0,3,4248,买盘
110,10:52:07,14.16,0.0,6,8496,买盘
111,10:52:10,14.16,0.0,10,14160,买盘
112,10:52:16,14.16,0.0,1,1416,买盘
113,10:52:31,14.16,0.0,6,8496,买盘
114,10:52:49,14.16,0.0,1,1416,买盘
115,10:53:04,14.17,0.01,95,134545,买盘
116,10:53:28,14.16,-0.01,1,1416,买盘
117,10:53:37,14.16,0.0,4,5664,买盘
118,10:53:49,14.18,0.02,46,65153,买盘
119,10:54:07,14.19,0.01,1,1419,买盘
120,10:55:25,14.18,-0.01,12,17016,卖盘
121,10:55:52,14.18,0.0,2,2836,卖盘
122,10:56:52,14.19,0.01,40,56759,买盘
123,10:58:18,14.19,0.0,19,26961,买盘
124,10:59:04,14.2,0.01,83,117860,买盘
125,11:00:04,14.19,-0.01,30,42570,卖盘
126,11:00:34,14.19,0.0,2,2838,卖盘
127,11:01:25,14.2,0.01,1,1420,中性盘
128,11:01:40,14.21,0.01,5,7105,买盘
129,11:02:16,14.23,0.02,24,34150,买盘
130,11:02:51,14.26,0.03,43,61298,买盘
131,11:03:01,14.27,0.01,4,5708,买盘
132,11:03:13,14.28,0.01,5,7140,买盘
133,11:03:15,14.29,0.01,4,5714,买盘
134,11:03:24,14.3,0.01,27,38610,买盘
135,11:03:31,14.29,-0.01,3,4287,卖盘
136,11:03:37,14.33,0.04,1,1433,买盘
137,11:03:49,14.33,0.0,12,17193,买盘
138,11:03:52,14.33,0.0,5,7165,卖盘
139,11:04:06,14.34,0.01,10,14340,买盘
140,11:04:13,14.33,-0.01,50,71650,卖盘
141,11:04:15,14.33,0.0,12,17196,卖盘
142,11:04:22,14.33,0.0,3,4299,卖盘
143,11:04:25,14.33,0.0,60,85980,卖盘
144,11:04:28,14.33,0.0,50,71650,卖盘
145,11:04:37,14.27,-0.06,12,17124,卖盘
146,11:05:04,14.27,0.0,2,2854,卖盘
147,11:05:19,14.27,0.0,4,5708,买盘
148,11:05:21,14.27,0.0,4,5708,买盘
149,11:06:21,14.26,-0.01,15,21390,中性盘
150,11:06:27,14.28,0.02,4,5712,买盘
151,11:06:49,14.28,0.0,5,7140,买盘
152,11:07:15,14.26,-0.02,19,27094,卖盘
153,11:07:36,14.25,-0.01,10,14250,卖盘
154,11:08:04,14.25,0.0,10,14250,买盘
155,11:08:10,14.25,0.0,4,5700,卖盘
156,11:08:33,14.25,0.0,16,22810,卖盘
157,11:08:39,14.25,0.0,1,1425,中性盘
158,11:09:40,14.24,-0.01,50,71200,卖盘
159,11:10:19,14.24,0.0,11,15664,卖盘
160,11:10:40,14.23,-0.01,3,4269,卖盘
161,11:11:13,14.23,0.0,6,8538,卖盘
162,11:11:21,14.24,0.01,7,9968,买盘
163,11:12:25,14.25,0.01,7,9975,买盘
164,11:13:33,14.24,-0.01,2,2848,卖盘
165,11:13:43,14.25,0.01,14,19950,买盘
166,11:15:01,14.26,0.01,76,108345,买盘
167,11:16:25,14.26,0.0,1,1426,卖盘
168,11:16:42,14.26,0.0,37,52762,卖盘
169,11:19:34,14.28,0.02,29,41389,买盘
170,11:20:06,14.28,0.0,10,14280,卖盘
171,11:20:34,14.3,0.02,29,41470,买盘
172,11:21:40,14.3,0.0,3,4290,买盘
173,11:22:28,14.28,-0.02,1,1428,卖盘
174,11:22:34,14.28,0.0,1,1428,卖盘
175,11:22:36,14.3,0.02,21,30030,买盘
176,11:23:33,14.28,-0.02,9,12852,卖盘
177,11:24:13,14.24,-0.04,5,7120,卖盘
178,11:26:01,14.28,0.04,26,37128,买盘
179,11:26:33,14.28,0.0,10,14280,卖盘
180,11:27:16,14.3,0.02,8,11440,买盘
181,11:27:21,14.28,-0.02,50,71400,卖盘
182,11:28:03,14.28,0.0,1,1428,卖盘
183,11:28:55,14.3,0.02,66,94380,买盘
184,11:29:58,14.3,0.0,1,1430,卖盘
185,11:30:01,14.3,0.0,21,30030,卖盘
186,13:00:07,14.24,-0.06,20,28508,卖盘
187,13:02:31,14.3,0.06,45,64346,买盘
188,13:02:52,14.31,0.01,10,14310,买盘
189,13:03:21,14.34,0.03,96,137574,买盘
190,13:03:39,14.35,0.01,13,18645,买盘
191,13:03:42,14.35,0.0,20,28700,买盘
192,13:03:51,14.35,0.0,13,18655,买盘
193,13:04:00,14.35,0.0,50,71717,买盘
194,13:04:40,14.23,-0.12,150,214088,卖盘
195,13:05:27,14.3,0.07,30,42900,卖盘
196,13:05:33,14.36,0.06,39,55961,买盘
197,13:05:39,14.36,0.0,1,1436,卖盘
198,13:05:42,14.36,0.0,1,1436,卖盘
199,13:05:45,14.36,0.0,1,1436,卖盘
200,13:05:48,14.36,0.0,1,1436,卖盘
201,13:05:51,14.36,0.0,1,1436,卖盘
202,13:05:54,14.36,0.0,1,1436,卖盘
203,13:05:57,14.36,0.0,9,12924,卖盘
204,13:06:00,14.36,0.0,1,1436,卖盘
205,13:06:04,14.36,0.0,1,1436,卖盘
206,13:06:13,14.3,-0.06,66,94380,卖盘
207,13:06:31,14.3,0.0,8,11440,买盘
208,13:07:19,14.3,0.0,300,429000,买盘
209,13:07:28,14.23,-0.07,78,111128,卖盘
210,13:08:07,14.23,0.0,80,113842,卖盘
211,13:10:12,14.28,0.05,10,14278,买盘
212,13:11:52,14.25,-0.03,1,1425,卖盘
213,13:12:49,14.25,0.0,20,28500,卖盘
214,13:14:10,14.25,0.0,16,22800,卖盘
215,13:16:06,14.21,-0.04,50,71104,卖盘
216,13:16:31,14.25,0.04,2,2850,买盘
217,13:16:55,14.19,-0.06,120,170344,卖盘
218,13:17:04,14.25,0.06,10,14250,买盘
219,13:19:00,14.25,0.0,35,49875,买盘
220,13:19:06,14.25,0.0,10,14250,卖盘
221,13:22:58,14.26,0.01,5,7130,卖盘
222,13:23:46,14.28,0.02,18,25698,买盘
223,13:25:43,14.28,0.0,2,2856,卖盘
224,13:26:13,14.25,-0.03,50,71250,卖盘
225,13:27:52,14.25,0.0,1,1425,卖盘
226,13:29:10,14.25,0.0,9,12825,买盘
227,13:31:07,14.25,0.0,1,1425,卖盘
228,13:31:54,14.28,0.03,7,9996,买盘
229,13:32:37,14.28,0.0,22,31416,买盘
230,13:35:31,14.25,-0.03,6,8550,卖盘
231,13:36:40,14.2,-0.05,10,14200,卖盘
232,13:38:37,14.21,0.01,1,1421,卖盘
233,13:39:25,14.21,0.0,1,1421,卖盘
234,13:40:21,14.22,0.01,1,1422,卖盘
235,13:45:28,14.22,0.0,2,2844,卖盘
236,13:45:31,14.22,0.0,2,2844,卖盘
237,13:46:39,14.23,0.01,10,14230,买盘
238,13:49:52,14.22,-0.01,15,21330,卖盘
239,13:50:31,14.22,0.0,25,35550,卖盘
240,13:50:40,14.22,0.0,10,14220,卖盘
241,13:51:40,14.21,-0.01,13,18483,卖盘
242,13:53:40,14.24,0.03,14,19936,买盘
243,13:54:21,14.24,0.0,2,2848,买盘
244,13:57:25,14.22,-0.02,1,1422,卖盘
245,13:58:49,14.21,-0.01,7,9947,卖盘
246,13:59:04,14.22,0.01,1,1422,买盘
247,14:00:21,14.25,0.03,21,29925,买盘
248,14:00:43,14.27,0.02,8,11416,买盘
249,14:00:58,14.28,0.01,20,28560,买盘
250,14:01:07,14.28,0.0,20,28560,买盘
251,14:01:10,14.28,0.0,10,14280,买盘
252,14:01:31,14.29,0.01,20,28580,买盘
253,14:01:37,14.29,0.0,30,42870,买盘
254,14:05:24,14.22,-0.07,1,1422,卖盘
255,14:05:30,14.28,0.06,2,2856,买盘
256,14:05:37,14.28,0.0,7,9996,买盘
257,14:05:52,14.28,0.0,3,4284,买盘
258,14:06:31,14.29,0.01,8,11432,买盘
259,14:06:37,14.29,0.0,72,102888,买盘
260,14:07:43,14.29,0.0,5,7145,买盘
261,14:07:45,14.28,-0.01,1,1428,卖盘
262,14:10:10,14.29,0.01,28,40012,买盘
263,14:11:25,14.29,0.0,13,18577,买盘
264,14:11:34,14.28,-0.01,1,1428,卖盘
265,14:12:07,14.28,0.0,1,1428,卖盘
266,14:15:24,14.23,-0.05,20,28460,卖盘
267,14:15:31,14.27,0.04,14,19966,买盘
268,14:18:07,14.27,0.0,19,27113,卖盘
269,14:26:16,14.27,0.0,24,34248,买盘
270,14:26:21,14.27,0.0,2,2854,卖盘
271,14:27:42,14.27,0.0,4,5708,卖盘
272,14:28:45,14.26,-0.01,1,1426,买盘
273,14:28:58,14.27,0.01,3,4281,买盘
274,14:29:49,14.27,0.0,6,8562,买盘
275,14:30:28,14.26,-0.01,1,1426,卖盘
276,14:31:28,14.24,-0.02,1,1424,卖盘
277,14:31:58,14.26,0.02,1,1426,买盘
278,14:32:04,14.24,-0.02,1,1424,卖盘
279,14:32:46,14.24,0.0,10,14240,卖盘
280,14:33:01,14.25,0.01,1,1425,买盘
281,14:37:43,14.24,-0.01,2,2848,卖盘
282,14:39:18,14.24,0.0,6,8544,卖盘
283,14:39:24,14.24,0.0,1,1424,买盘
284,14:40:00,14.23,-0.01,12,17076,卖盘
285,14:40:21,14.23,0.0,62,88226,买盘
286,14:40:25,14.23,0.0,2,2846,买盘
287,14:41:40,14.26,0.03,219,312230,买盘
288,14:41:42,14.26,0.0,2,2852,卖盘
289,14:41:46,14.26,0.0,48,68448,卖盘
290,14:41:58,14.29,0.03,282,402747,买盘
291,14:42:31,14.29,0.0,6,8574,卖盘
292,14:42:36,14.3,0.01,20,28600,买盘
293,14:44:13,14.3,0.0,2,2860,买盘
294,14:44:46,14.29,-0.01,12,17148,卖盘
295,14:45:49,14.3,0.01,300,428892,买盘
296,14:46:25,14.29,-0.01,12,17148,卖盘
297,14:47:10,14.29,0.0,2,2858,卖盘
298,14:47:28,14.29,0.0,2,2858,卖盘
299,14:48:05,14.3,0.01,15,21450,买盘
300,14:48:10,14.29,-0.01,1,1429,卖盘
301,14:48:19,14.29,0.0,2,2858,卖盘
302,14:48:22,14.29,0.0,10,14290,卖盘
303,14:48:24,14.29,0.0,153,218637,卖盘
304,14:48:43,14.29,0.0,10,14290,卖盘
305,14:49:07,14.29,0.0,13,18577,卖盘
306,14:50:58,14.29,0.0,28,40012,买盘
307,14:51:16,14.27,-0.02,20,28554,卖盘
308,14:53:43,14.27,0.0,5,7135,卖盘
309,14:54:31,14.27,0.0,1,1427,卖盘
310,14:54:46,14.28,0.01,9,12852,买盘
311,14:54:55,14.27,-0.01,30,42810,卖盘
312,14:55:22,14.27,0.0,19,27113,买盘
313,14:55:25,14.26,-0.01,56,79874,卖盘
314,14:55:52,14.26,0.0,3,4278,买盘
315,14:56:31,14.26,0.0,21,29946,买盘
316,14:56:37,14.26,0.0,117,166551,买盘
317,14:56:46,14.23,-0.03,57,81276,卖盘
318,14:56:52,14.28,0.05,50,71185,买盘
319,15:00:05,14.28,0.0,322,459816,买盘
