,time,price,change,volume,amount,type
0,09:25:04,3.36,-0.04,1370,460320,卖盘
1,09:30:05,3.36,0.0,103,34608,买盘
2,09:30:07,3.35,-0.01,999,335241,卖盘
3,09:30:10,3.35,0.0,444,149006,卖盘
4,09:30:16,3.35,0.0,10,3350,买盘
5,09:30:19,3.36,0.01,112,37530,买盘
6,09:30:22,3.35,-0.01,50,16750,卖盘
7,09:30:34,3.35,0.0,50,16750,卖盘
8,09:30:37,3.34,-0.01,57,19090,卖盘
9,09:30:52,3.34,0.0,291,97194,卖盘
10,09:30:55,3.34,0.0,63,21042,买盘
11,09:30:58,3.35,0.01,54,18090,买盘
12,09:31:04,3.34,-0.01,56,18704,卖盘
13,09:31:07,3.35,0.01,19,6365,买盘
14,09:31:19,3.35,0.0,50,16750,买盘
15,09:31:22,3.34,-0.01,122,40748,卖盘
16,09:31:25,3.34,0.0,205,68470,卖盘
17,09:31:31,3.34,0.0,60,20040,买盘
18,09:31:34,3.33,-0.01,512,170940,卖盘
19,09:31:46,3.35,0.02,9,3015,买盘
20,09:31:49,3.34,-0.01,287,95848,卖盘
21,09:31:52,3.33,-0.01,1233,410640,卖盘
22,09:31:55,3.33,0.0,49,16317,买盘
23,09:31:58,3.33,0.0,21,6993,买盘
24,09:32:01,3.33,0.0,93,30969,买盘
25,09:32:04,3.33,0.0,304,101232,买盘
26,09:32:07,3.33,0.0,29,9657,卖盘
27,09:32:16,3.33,0.0,60,19980,卖盘
28,09:32:19,3.34,0.01,10,3340,买盘
29,09:32:22,3.33,-0.01,19,6328,卖盘
30,09:32:25,3.33,0.0,15,4995,卖盘
31,09:32:28,3.34,0.01,2,668,买盘
32,09:32:34,3.33,-0.01,20,6660,卖盘
33,09:32:37,3.34,0.01,145,48430,买盘
34,09:32:40,3.34,0.0,8,2672,买盘
35,09:32:46,3.34,0.0,11,3674,卖盘
36,09:32:49,3.33,-0.01,236,78814,卖盘
37,09:32:52,3.34,0.01,23,7682,买盘
38,09:32:55,3.34,0.0,1,334,卖盘
39,09:32:58,3.34,0.0,1,334,卖盘
40,09:33:01,3.34,0.0,6,2004,卖盘
41,09:33:04,3.34,0.0,6,2004,卖盘
42,09:33:07,3.34,0.0,6,2004,卖盘
43,09:33:10,3.34,0.0,4,1336,卖盘
44,09:33:13,3.34,0.0,32,10688,卖盘
45,09:33:16,3.34,0.0,19,6346,卖盘
46,09:33:19,3.34,0.0,13,4342,卖盘
47,09:33:22,3.34,0.0,33,11022,卖盘
48,09:33:25,3.34,0.0,50,16700,卖盘
49,09:33:28,3.34,0.0,58,19372,卖盘
50,09:33:31,3.35,0.01,13,4345,买盘
51,09:33:34,3.34,-0.01,26,8684,卖盘
52,09:33:37,3.34,0.0,49,16369,卖盘
53,09:33:40,3.34,0.0,2,668,卖盘
54,09:33:46,3.34,0.0,2,668,卖盘
55,09:33:49,3.34,0.0,436,145624,卖盘
56,09:33:55,3.34,0.0,1,334,卖盘
57,09:33:58,3.34,0.0,237,79158,卖盘
58,09:34:01,3.34,0.0,8,2672,买盘
59,09:34:21,3.34,0.0,10,3340,买盘
60,09:34:25,3.34,0.0,30,10020,买盘
61,09:34:31,3.34,0.0,100,33400,买盘
62,09:34:37,3.34,0.0,44,14696,买盘
63,09:34:40,3.33,-0.01,60,20030,卖盘
64,09:34:43,3.33,0.0,6,2003,卖盘
65,09:34:46,3.33,0.0,44,14652,卖盘
66,09:34:55,3.34,0.01,133,44422,买盘
67,09:35:04,3.33,-0.01,148,49284,卖盘
68,09:35:06,3.34,0.01,200,66800,买盘
69,09:35:13,3.33,-0.01,626,208458,卖盘
70,09:35:19,3.34,0.01,54,18036,买盘
71,09:35:22,3.34,0.0,100,33400,买盘
72,09:35:28,3.34,0.0,29,9686,买盘
73,09:35:33,3.33,-0.01,10,3330,卖盘
74,09:35:40,3.33,0.0,551,183915,卖盘
75,09:35:43,3.34,0.01,36,12024,买盘
76,09:35:46,3.34,0.0,3,1002,买盘
77,09:35:52,3.34,0.0,325,108550,买盘
78,09:35:55,3.33,-0.01,100,33300,卖盘
79,09:35:57,3.34,0.01,16,5344,买盘
80,09:36:07,3.34,0.0,300,100200,买盘
81,09:36:13,3.34,0.0,8,2672,买盘
82,09:36:16,3.34,0.0,12,4008,卖盘
83,09:36:22,3.34,0.0,1,334,卖盘
84,09:36:40,3.35,0.01,31,10355,买盘
85,09:36:43,3.34,-0.01,388,129592,卖盘
86,09:36:49,3.34,0.0,23,7682,买盘
87,09:36:58,3.34,0.0,29,9686,买盘
88,09:37:07,3.34,0.0,116,38744,买盘
89,09:37:12,3.34,0.0,35,11690,买盘
90,09:37:16,3.34,0.0,36,12024,买盘
91,09:37:19,3.34,0.0,35,11690,卖盘
92,09:37:22,3.34,0.0,25,8350,卖盘
93,09:37:30,3.34,0.0,100,33400,卖盘
94,09:37:37,3.34,0.0,43,14362,卖盘
95,09:37:49,3.34,0.0,61,20374,买盘
96,09:37:52,3.34,0.0,1,334,买盘
97,09:38:01,3.33,-0.01,1,333,卖盘
98,09:38:07,3.33,0.0,21,6993,卖盘
99,09:38:10,3.33,0.0,16,5328,卖盘
100,09:38:16,3.33,0.0,104,34642,卖盘
101,09:38:19,3.34,0.01,111,37013,买盘
102,09:38:28,3.34,0.0,30,10020,买盘
103,09:38:37,3.34,0.0,122,40648,买盘
104,09:38:40,3.33,-0.01,45,15000,卖盘
105,09:38:43,3.34,0.01,35,11657,买盘
106,09:38:46,3.33,-0.01,333,110889,卖盘
107,09:38:52,3.33,0.0,50,16650,卖盘
108,09:38:55,3.33,0.0,3,999,卖盘
109,09:38:58,3.33,0.0,22,7326,卖盘
110,09:39:01,3.33,0.0,79,26307,卖盘
111,09:39:04,3.33,0.0,16,5328,卖盘
112,09:39:07,3.33,0.0,32,10656,卖盘
113,09:39:10,3.33,0.0,25,8325,卖盘
114,09:39:13,3.33,0.0,31,10323,卖盘
115,09:39:16,3.33,0.0,146,48618,卖盘
116,09:39:19,3.33,0.0,34,11322,卖盘
117,09:39:22,3.33,0.0,414,137862,卖盘
118,09:39:24,3.33,0.0,8,2664,买盘
119,09:39:28,3.32,-0.01,121,40172,卖盘
120,09:39:31,3.32,0.0,28,9296,卖盘
121,09:39:34,3.32,0.0,1032,343475,卖盘
122,09:39:37,3.32,0.0,169,56108,卖盘
123,09:39:40,3.32,0.0,34,11288,卖盘
124,09:39:43,3.32,0.0,160,53120,卖盘
125,09:39:46,3.32,0.0,2,664,卖盘
126,09:39:49,3.32,0.0,592,196544,卖盘
127,09:39:52,3.32,0.0,2,664,卖盘
128,09:39:55,3.32,0.0,137,45534,卖盘
129,09:39:57,3.32,0.0,83,27556,卖盘
130,09:40:01,3.32,0.0,25,8300,买盘
131,09:40:04,3.31,-0.01,100,33100,卖盘
132,09:40:16,3.31,0.0,89,29459,卖盘
133,09:40:19,3.31,0.0,8,2655,卖盘
134,09:40:22,3.31,0.0,50,16550,卖盘
135,09:40:25,3.32,0.01,60,19920,买盘
136,09:40:28,3.31,-0.01,484,160171,卖盘
137,09:40:31,3.3,-0.01,1200,396000,卖盘
138,09:40:34,3.31,0.01,10,3310,买盘
139,09:40:37,3.3,-0.01,4,1320,卖盘
140,09:40:40,3.31,0.01,98,32410,买盘
141,09:40:43,3.3,-0.01,84,27730,卖盘
142,09:40:46,3.31,0.01,25,8275,买盘
143,09:40:49,3.31,0.0,20,6620,买盘
144,09:40:52,3.31,0.0,89,29459,买盘
145,09:40:55,3.31,0.0,276,91356,买盘
146,09:40:58,3.31,0.0,16,5296,卖盘
147,09:41:01,3.31,0.0,62,20522,卖盘
148,09:41:04,3.31,0.0,61,20191,买盘
149,09:41:07,3.32,0.01,35,11620,买盘
150,09:41:31,3.32,0.0,115,38180,买盘
151,09:41:40,3.31,-0.01,329,108899,卖盘
152,09:41:49,3.32,0.01,1,332,卖盘
153,09:41:52,3.32,0.0,1,332,卖盘
154,09:41:55,3.32,0.0,281,93292,卖盘
155,09:42:10,3.32,0.0,15,4980,买盘
156,09:42:13,3.32,0.0,100,33200,买盘
157,09:42:16,3.31,-0.01,42,13902,卖盘
158,09:42:25,3.31,0.0,12,3980,卖盘
159,09:42:34,3.32,0.01,80,26560,买盘
160,09:42:46,3.32,0.0,30,9960,买盘
161,09:42:49,3.32,0.0,3,996,买盘
162,09:42:52,3.32,0.0,38,12583,买盘
163,09:43:04,3.32,0.0,8,2654,买盘
164,09:43:13,3.32,0.0,10,3320,买盘
165,09:43:22,3.32,0.0,14,4648,买盘
166,09:43:31,3.32,0.0,10,3320,买盘
167,09:43:37,3.31,-0.01,31,10267,卖盘
168,09:43:43,3.32,0.01,50,16600,买盘
169,09:43:46,3.31,-0.01,3,993,卖盘
170,09:44:07,3.31,0.0,8,2648,卖盘
171,09:44:10,3.31,0.0,108,35756,卖盘
172,09:44:16,3.32,0.01,24,7953,买盘
173,09:44:28,3.31,-0.01,237,78462,卖盘
174,09:44:31,3.31,0.0,132,43692,卖盘
175,09:44:34,3.31,0.0,23,7626,卖盘
176,09:44:55,3.32,0.01,181,59921,买盘
177,09:44:58,3.31,-0.01,119,39389,卖盘
178,09:45:07,3.31,0.0,27,8937,卖盘
179,09:45:34,3.31,0.0,603,199597,卖盘
180,09:45:40,3.31,0.0,211,69841,卖盘
181,09:45:43,3.31,0.0,10,3310,买盘
182,09:45:52,3.3,-0.01,67,22127,卖盘
183,09:45:55,3.31,0.01,12,3972,买盘
184,09:45:58,3.31,0.0,1210,399510,买盘
185,09:46:00,3.31,0.0,24,7944,买盘
186,09:46:04,3.31,0.0,12,3972,买盘
187,09:46:07,3.31,0.0,78,25818,买盘
188,09:46:10,3.3,-0.01,265,87451,卖盘
189,09:46:13,3.3,0.0,144,47520,卖盘
190,09:46:16,3.3,0.0,27,8910,买盘
191,09:46:19,3.3,0.0,65,21450,买盘
192,09:46:22,3.3,0.0,118,38940,买盘
193,09:46:28,3.3,0.0,10,3300,买盘
194,09:46:31,3.3,0.0,3,990,买盘
195,09:46:34,3.3,0.0,5,1650,买盘
196,09:46:37,3.29,-0.01,158,51983,卖盘
197,09:46:40,3.3,0.01,10,3300,买盘
198,09:46:46,3.27,-0.03,600,196954,卖盘
199,09:46:55,3.29,0.02,32,10528,卖盘
200,09:46:58,3.29,0.0,18,5922,卖盘
201,09:47:01,3.29,0.0,20,6580,买盘
202,09:47:07,3.28,-0.01,123,40344,卖盘
203,09:47:10,3.28,0.0,10,3280,买盘
204,09:47:13,3.28,0.0,1,328,买盘
205,09:47:16,3.27,-0.01,125,40900,卖盘
206,09:47:19,3.28,0.01,242,79376,买盘
207,09:47:22,3.26,-0.02,1146,374437,卖盘
208,09:47:28,3.27,0.01,9,2943,买盘
209,09:47:31,3.27,0.0,33,10763,买盘
210,09:47:34,3.27,0.0,132,43039,买盘
211,09:47:37,3.27,0.0,50,16350,卖盘
212,09:47:40,3.26,-0.01,286,93429,卖盘
213,09:47:46,3.27,0.01,14,4578,卖盘
214,09:47:52,3.26,-0.01,125,40815,卖盘
215,09:47:55,3.27,0.01,168,54874,买盘
216,09:48:01,3.27,0.0,51,16677,买盘
217,09:48:04,3.27,0.0,6,1962,买盘
218,09:48:07,3.27,0.0,116,37932,买盘
219,09:48:10,3.26,-0.01,49,16019,卖盘
220,09:48:13,3.27,0.01,40,13080,买盘
221,09:48:16,3.27,0.0,326,106528,买盘
222,09:48:22,3.27,0.0,80,26160,买盘
223,09:48:25,3.27,0.0,100,32673,买盘
224,09:48:28,3.27,0.0,25,8175,卖盘
225,09:48:43,3.28,0.01,243,79704,买盘
226,09:48:49,3.28,0.0,38,12464,买盘
227,09:48:52,3.25,-0.03,1724,562324,卖盘
228,09:49:01,3.29,0.04,50,16450,买盘
229,09:49:04,3.29,0.0,50,16450,买盘
230,09:49:07,3.27,-0.02,30,9810,卖盘
231,09:49:16,3.28,0.01,40,13120,买盘
232,09:49:19,3.27,-0.01,1,327,卖盘
233,09:49:22,3.27,0.0,33,10791,卖盘
234,09:49:25,3.27,0.0,50,16350,买盘
235,09:49:37,3.26,-0.01,103,33578,卖盘
236,09:49:43,3.27,0.01,20,6540,买盘
237,09:49:46,3.27,0.0,80,26160,买盘
238,09:49:55,3.27,0.0,39,12753,买盘
239,09:49:58,3.27,0.0,28,9156,买盘
240,09:50:01,3.27,0.0,39,12720,买盘
241,09:50:04,3.27,0.0,187,61149,买盘
242,09:50:16,3.27,0.0,59,19293,卖盘
243,09:50:19,3.27,0.0,35,11445,卖盘
244,09:50:22,3.27,0.0,136,44472,卖盘
245,09:50:28,3.27,0.0,1,327,买盘
246,09:50:31,3.27,0.0,129,42183,买盘
247,09:50:37,3.27,0.0,13,4251,买盘
248,09:50:40,3.27,0.0,98,32046,买盘
249,09:50:46,3.27,0.0,112,36524,买盘
250,09:50:52,3.26,-0.01,200,65219,卖盘
251,09:50:55,3.27,0.01,20,6540,卖盘
252,09:51:13,3.27,0.0,22,7194,卖盘
253,09:51:16,3.28,0.01,15,4920,买盘
254,09:51:28,3.27,-0.01,2,654,卖盘
255,09:51:31,3.27,0.0,100,32700,卖盘
256,09:51:34,3.27,0.0,36,11772,卖盘
257,09:51:40,3.28,0.01,209,68525,买盘
258,09:51:46,3.27,-0.01,48,15696,卖盘
259,09:51:52,3.27,0.0,110,35970,卖盘
260,09:51:55,3.28,0.01,13,4264,买盘
261,09:51:58,3.27,-0.01,207,67689,卖盘
262,09:52:01,3.28,0.01,19,6232,买盘
263,09:52:04,3.27,-0.01,4,1308,卖盘
264,09:52:06,3.28,0.01,358,117424,买盘
265,09:52:10,3.28,0.0,21,6888,卖盘
266,09:52:13,3.28,0.0,5,1640,卖盘
267,09:52:37,3.28,0.0,29,9512,卖盘
268,09:52:40,3.28,0.0,1,328,卖盘
269,09:52:43,3.28,0.0,72,23678,卖盘
270,09:52:46,3.28,0.0,2,656,卖盘
271,09:52:49,3.29,0.01,1,329,买盘
272,09:53:04,3.29,0.0,93,30596,买盘
273,09:53:18,3.29,0.0,76,25004,买盘
274,09:53:25,3.29,0.0,25,8225,买盘
275,09:53:40,3.29,0.0,6,1974,买盘
276,09:53:43,3.29,0.0,10,3290,买盘
277,09:53:46,3.29,0.0,1,329,买盘
278,09:53:49,3.29,0.0,10,3290,买盘
279,09:53:58,3.29,0.0,10,3290,买盘
280,09:54:04,3.28,-0.01,12,3936,卖盘
281,09:54:06,3.29,0.01,305,100345,买盘
282,09:54:10,3.29,0.0,10,3290,买盘
283,09:54:12,3.28,-0.01,100,32800,卖盘
284,09:54:22,3.28,0.0,15,4920,卖盘
285,09:54:25,3.28,0.0,23,7544,卖盘
286,09:54:28,3.28,0.0,1,328,卖盘
287,09:54:31,3.28,0.0,246,80924,卖盘
288,09:54:34,3.29,0.01,100,32900,买盘
289,09:54:42,3.29,0.0,110,36190,买盘
290,09:54:52,3.28,-0.01,23,7544,卖盘
291,09:54:55,3.29,0.01,11,3619,买盘
292,09:55:34,3.28,-0.01,1400,459200,卖盘
293,09:55:40,3.28,0.0,1,328,卖盘
294,09:55:46,3.28,0.0,1,328,卖盘
295,09:55:48,3.29,0.01,10,3290,买盘
296,09:55:52,3.28,-0.01,11,3608,卖盘
297,09:56:01,3.27,-0.01,900,294300,卖盘
298,09:56:04,3.28,0.01,32,10496,买盘
299,09:56:07,3.27,-0.01,10,3270,卖盘
300,09:56:10,3.26,-0.01,199,64973,卖盘
301,09:56:15,3.27,0.01,45,14715,买盘
302,09:56:19,3.26,-0.01,795,259170,卖盘
303,09:56:22,3.26,0.0,16,5216,买盘
304,09:56:25,3.27,0.01,210,68545,买盘
305,09:56:28,3.25,-0.02,500,162500,卖盘
306,09:56:31,3.26,0.01,20,6520,中性盘
307,09:56:33,3.26,0.0,10,3260,买盘
308,09:56:43,3.26,0.0,316,102988,买盘
309,09:56:49,3.25,-0.01,52,16910,卖盘
310,09:56:52,3.25,0.0,10,3250,卖盘
311,09:56:58,3.25,0.0,50,16250,卖盘
312,09:57:04,3.25,0.0,100,32500,卖盘
313,09:57:07,3.25,0.0,298,97103,卖盘
314,09:57:10,3.25,0.0,300,97500,卖盘
315,09:57:16,3.25,0.0,23,7475,卖盘
316,09:57:19,3.25,0.0,500,162500,卖盘
317,09:57:25,3.26,0.01,56,18256,买盘
318,09:57:28,3.25,-0.01,589,191513,卖盘
319,09:57:34,3.26,0.01,50,16300,卖盘
320,09:57:49,3.27,0.01,51,16657,买盘
321,09:57:54,3.24,-0.03,828,269547,卖盘
322,09:57:58,3.27,0.03,4,1308,买盘
323,09:58:00,3.27,0.0,115,37605,买盘
324,09:58:04,3.27,0.0,1,327,卖盘
325,09:58:07,3.27,0.0,6,1962,卖盘
326,09:58:09,3.27,0.0,13,4251,卖盘
327,09:58:13,3.28,0.01,29,9506,买盘
328,09:58:16,3.27,-0.01,19,6213,卖盘
329,09:58:18,3.27,0.0,5,1635,卖盘
330,09:58:22,3.27,0.0,46,15042,卖盘
331,09:58:25,3.25,-0.02,50,16264,卖盘
332,09:58:37,3.26,0.01,1,326,卖盘
333,09:58:40,3.26,0.0,1,326,卖盘
334,09:58:43,3.26,0.0,1,326,卖盘
335,09:58:46,3.25,-0.01,51,16625,卖盘
336,09:58:55,3.26,0.01,12,3911,买盘
337,09:58:58,3.26,0.0,10,3260,卖盘
338,09:59:06,3.26,0.0,26,8476,卖盘
339,09:59:10,3.27,0.01,50,16350,买盘
340,09:59:16,3.26,-0.01,10,3260,卖盘
341,09:59:19,3.27,0.01,129,42062,买盘
342,09:59:28,3.27,0.0,2,654,买盘
343,09:59:34,3.27,0.0,60,19620,买盘
344,09:59:40,3.27,0.0,200,65400,买盘
345,09:59:43,3.27,0.0,12,3924,买盘
346,09:59:52,3.27,0.0,122,39894,买盘
347,09:59:58,3.27,0.0,20,6540,买盘
348,10:00:00,3.27,0.0,128,41856,买盘
349,10:00:07,3.27,0.0,2,654,买盘
350,10:00:10,3.27,0.0,68,22236,买盘
351,10:00:13,3.27,0.0,124,40548,买盘
352,10:00:28,3.27,0.0,1,327,卖盘
353,10:00:31,3.28,0.01,20,6560,买盘
354,10:00:34,3.27,-0.01,171,55920,卖盘
355,10:00:43,3.28,0.01,300,98400,买盘
356,10:00:55,3.28,0.0,25,8200,买盘
357,10:01:00,3.28,0.0,8,2624,卖盘
358,10:01:07,3.27,-0.01,188,61614,卖盘
359,10:01:16,3.27,0.0,4,1308,卖盘
360,10:01:19,3.27,0.0,26,8502,卖盘
361,10:01:22,3.27,0.0,9,2943,卖盘
362,10:01:24,3.27,0.0,42,13734,卖盘
363,10:01:27,3.28,0.01,28,9168,买盘
364,10:01:31,3.27,-0.01,12,3924,卖盘
365,10:01:34,3.27,0.0,299,97773,卖盘
366,10:01:37,3.27,0.0,28,9156,卖盘
367,10:01:39,3.27,0.0,2,654,卖盘
368,10:01:49,3.27,0.0,30,9810,卖盘
369,10:01:54,3.27,0.0,14,4578,卖盘
370,10:02:04,3.27,0.0,10,3270,卖盘
371,10:02:07,3.27,0.0,37,12099,卖盘
372,10:02:16,3.27,0.0,4,1308,买盘
373,10:02:22,3.27,0.0,30,9810,买盘
374,10:02:25,3.27,0.0,3,981,买盘
375,10:02:43,3.27,0.0,150,49050,卖盘
376,10:02:46,3.28,0.01,37,12136,买盘
377,10:02:49,3.28,0.0,1,328,买盘
378,10:03:22,3.27,-0.01,20,6540,卖盘
379,10:03:34,3.27,0.0,922,301494,卖盘
380,10:03:36,3.28,0.01,76,24868,买盘
381,10:03:39,3.27,-0.01,4,1308,卖盘
382,10:03:43,3.27,0.0,33,10791,卖盘
383,10:03:55,3.27,0.0,57,18639,买盘
384,10:04:07,3.27,0.0,1,327,买盘
385,10:04:16,3.27,0.0,61,19947,买盘
386,10:04:18,3.27,0.0,115,37605,买盘
387,10:04:22,3.26,-0.01,15,4890,卖盘
388,10:04:24,3.27,0.01,143,46761,买盘
389,10:04:33,3.26,-0.01,24,7824,卖盘
390,10:04:40,3.27,0.01,87,28449,买盘
391,10:04:46,3.27,0.0,100,32700,买盘
392,10:04:49,3.27,0.0,2,654,买盘
393,10:04:52,3.27,0.0,22,7194,卖盘
394,10:04:57,3.27,0.0,37,12099,买盘
395,10:05:07,3.27,0.0,13,4251,卖盘
396,10:05:19,3.27,0.0,22,7194,卖盘
397,10:05:28,3.27,0.0,18,5886,卖盘
398,10:05:49,3.26,-0.01,18,5868,卖盘
399,10:05:54,3.27,0.01,15,4905,买盘
400,10:06:04,3.28,0.01,29,9512,买盘
401,10:06:10,3.27,-0.01,70,22890,卖盘
402,10:06:16,3.26,-0.01,140,45652,卖盘
403,10:06:25,3.27,0.01,1,327,卖盘
404,10:06:27,3.27,0.0,3,981,卖盘
405,10:06:31,3.28,0.01,10,3280,买盘
406,10:06:43,3.28,0.0,50,16400,买盘
407,10:07:04,3.28,0.0,30,9840,买盘
408,10:07:19,3.27,-0.01,35,11445,卖盘
409,10:07:34,3.27,0.0,10,3270,卖盘
410,10:07:37,3.28,0.01,10,3280,买盘
411,10:07:58,3.28,0.0,60,19680,买盘
412,10:08:01,3.28,0.0,12,3936,买盘
413,10:08:49,3.28,0.0,51,16728,买盘
414,10:08:52,3.27,-0.01,50,16350,卖盘
415,10:08:55,3.28,0.01,4,1312,买盘
416,10:09:04,3.27,-0.01,37,12099,卖盘
417,10:09:09,3.28,0.01,2,656,买盘
418,10:09:22,3.27,-0.01,70,22890,卖盘
419,10:09:34,3.27,0.0,5,1635,卖盘
420,10:09:49,3.27,0.0,30,9810,卖盘
421,10:09:52,3.27,0.0,9,2943,卖盘
422,10:10:04,3.27,0.0,10,3270,卖盘
423,10:10:06,3.28,0.01,40,13120,买盘
424,10:10:10,3.27,-0.01,599,195873,卖盘
425,10:10:13,3.27,0.0,20,6540,卖盘
426,10:10:19,3.27,0.0,1,327,卖盘
427,10:10:22,3.27,0.0,100,32700,卖盘
428,10:10:34,3.27,0.0,2,654,卖盘
429,10:10:43,3.27,0.0,369,120663,卖盘
430,10:10:46,3.27,0.0,2,654,卖盘
431,10:10:52,3.27,0.0,31,10137,买盘
432,10:10:54,3.27,0.0,22,7194,买盘
433,10:10:58,3.27,0.0,6,1962,买盘
434,10:11:18,3.26,-0.01,20,6520,卖盘
435,10:11:31,3.27,0.01,106,34662,买盘
436,10:11:40,3.27,0.0,20,6540,买盘
437,10:11:43,3.26,-0.01,50,16300,卖盘
438,10:11:46,3.27,0.01,296,96792,买盘
439,10:12:22,3.27,0.0,100,32700,买盘
440,10:12:24,3.27,0.0,40,13080,买盘
441,10:12:31,3.27,0.0,79,25774,买盘
442,10:12:34,3.27,0.0,30,9810,买盘
443,10:12:37,3.27,0.0,83,27141,买盘
444,10:12:46,3.27,0.0,10,3270,买盘
445,10:12:49,3.27,0.0,66,21582,买盘
446,10:12:52,3.27,0.0,20,6540,买盘
447,10:12:54,3.27,0.0,24,7848,买盘
448,10:13:04,3.26,-0.01,301,98426,卖盘
449,10:13:31,3.27,0.01,12,3924,买盘
450,10:13:33,3.27,0.0,10,3270,买盘
451,10:13:43,3.27,0.0,49,15986,买盘
452,10:13:46,3.27,0.0,28,9156,卖盘
453,10:13:52,3.27,0.0,13,4251,买盘
454,10:13:58,3.27,0.0,9,2943,买盘
455,10:14:01,3.27,0.0,36,11772,中性盘
456,10:14:16,3.27,0.0,7,2289,买盘
457,10:14:21,3.27,0.0,4,1308,卖盘
458,10:14:25,3.27,0.0,149,48723,卖盘
459,10:14:43,3.27,0.0,3,981,买盘
460,10:14:58,3.26,-0.01,500,163000,卖盘
461,10:15:10,3.26,0.0,4,1304,卖盘
462,10:15:12,3.26,0.0,500,163000,卖盘
463,10:15:18,3.26,0.0,37,12062,卖盘
464,10:15:22,3.26,0.0,8,2608,卖盘
465,10:15:25,3.26,0.0,11,3587,卖盘
466,10:15:27,3.26,0.0,319,103994,卖盘
467,10:15:31,3.26,0.0,50,16300,买盘
468,10:15:36,3.25,-0.01,656,213200,卖盘
469,10:15:39,3.25,0.0,101,32825,卖盘
470,10:15:43,3.26,0.01,2,652,买盘
471,10:15:46,3.25,-0.01,500,162500,卖盘
472,10:15:52,3.25,0.0,11,3575,卖盘
473,10:15:55,3.26,0.01,143,46618,买盘
474,10:15:57,3.26,0.0,57,18582,卖盘
475,10:16:04,3.26,0.0,21,6846,买盘
476,10:16:10,3.26,0.0,15,4890,买盘
477,10:16:28,3.26,0.0,2,652,买盘
478,10:16:37,3.26,0.0,371,120593,买盘
479,10:16:43,3.25,-0.01,135,43910,卖盘
480,10:16:45,3.25,0.0,22,7150,卖盘
481,10:16:52,3.25,0.0,166,53950,卖盘
482,10:16:55,3.25,0.0,102,33150,买盘
483,10:17:01,3.25,0.0,1,325,买盘
484,10:17:25,3.25,0.0,15,4875,买盘
485,10:17:28,3.25,0.0,1,325,买盘
486,10:17:37,3.25,0.0,9,2925,卖盘
487,10:17:46,3.25,0.0,81,26325,卖盘
488,10:17:52,3.25,0.0,1,325,买盘
489,10:17:55,3.25,0.0,53,17225,买盘
490,10:17:58,3.26,0.01,32,10403,买盘
491,10:18:01,3.25,-0.01,6,1950,卖盘
492,10:18:04,3.25,0.0,50,16250,卖盘
493,10:18:31,3.26,0.01,3,978,买盘
494,10:18:34,3.25,-0.01,400,130000,卖盘
495,10:18:40,3.25,0.0,4,1300,卖盘
496,10:18:43,3.26,0.01,10,3260,买盘
497,10:18:46,3.25,-0.01,21,6825,卖盘
498,10:18:52,3.26,0.01,5,1627,买盘
499,10:18:58,3.25,-0.01,3,975,卖盘
500,10:19:37,3.25,0.0,320,104000,卖盘
501,10:19:43,3.25,0.0,1,325,卖盘
502,10:19:46,3.26,0.01,3,978,买盘
503,10:19:49,3.25,-0.01,50,16250,卖盘
504,10:19:52,3.26,0.01,50,16300,买盘
505,10:20:00,3.25,-0.01,82,26650,卖盘
506,10:20:04,3.25,0.0,46,14950,卖盘
507,10:20:07,3.25,0.0,8,2600,卖盘
508,10:20:09,3.25,0.0,355,115375,卖盘
509,10:20:12,3.25,0.0,810,262474,买盘
510,10:20:19,3.24,-0.01,8,2592,卖盘
511,10:20:22,3.25,0.01,21,6825,买盘
512,10:20:28,3.2,-0.05,5100,1639203,卖盘
513,10:20:40,3.21,0.01,31,9954,卖盘
514,10:20:55,3.24,0.03,33,10691,买盘
515,10:20:57,3.21,-0.03,85,27303,卖盘
516,10:21:01,3.23,0.02,12,3876,中性盘
517,10:21:10,3.23,0.0,58,18734,买盘
518,10:21:13,3.22,-0.01,135,43470,卖盘
519,10:21:21,3.22,0.0,45,14490,卖盘
520,10:21:25,3.23,0.01,388,125324,买盘
521,10:21:43,3.23,0.0,105,33915,卖盘
522,10:21:52,3.23,0.0,2,646,卖盘
523,10:21:55,3.24,0.01,20,6480,买盘
524,10:21:58,3.23,-0.01,200,64600,卖盘
525,10:22:01,3.24,0.01,23,7452,买盘
526,10:22:04,3.24,0.0,20,6480,买盘
527,10:22:10,3.24,0.0,4,1296,买盘
528,10:22:19,3.24,0.0,189,61069,买盘
529,10:22:25,3.24,0.0,76,24606,买盘
530,10:22:28,3.24,0.0,24,7776,买盘
531,10:22:34,3.24,0.0,137,44388,卖盘
532,10:22:37,3.24,0.0,23,7452,卖盘
533,10:22:39,3.24,0.0,1,324,卖盘
534,10:22:55,3.24,0.0,30,9720,买盘
535,10:23:19,3.23,-0.01,61,19763,卖盘
536,10:23:22,3.24,0.01,110,35640,买盘
537,10:23:34,3.24,0.0,200,64800,买盘
538,10:23:48,3.24,0.0,55,17820,买盘
539,10:23:52,3.24,0.0,30,9720,买盘
540,10:24:04,3.24,0.0,10,3240,买盘
541,10:24:06,3.23,-0.01,200,64600,卖盘
542,10:24:22,3.23,0.0,243,78493,卖盘
543,10:24:25,3.23,0.0,41,13243,买盘
544,10:24:28,3.23,0.0,8,2584,卖盘
545,10:24:49,3.23,0.0,20,6460,卖盘
546,10:24:52,3.24,0.01,2,648,买盘
547,10:25:18,3.24,0.0,7,2268,买盘
548,10:25:22,3.24,0.0,87,28188,买盘
549,10:25:28,3.24,0.0,1,324,卖盘
550,10:25:34,3.24,0.0,126,40824,卖盘
551,10:25:40,3.24,0.0,8,2592,卖盘
552,10:25:43,3.24,0.0,65,21060,卖盘
553,10:25:48,3.24,0.0,30,9720,买盘
554,10:25:52,3.24,0.0,9,2916,买盘
555,10:25:58,3.24,0.0,14,4536,卖盘
556,10:26:01,3.24,0.0,84,27216,卖盘
557,10:26:04,3.24,0.0,13,4212,买盘
558,10:26:07,3.24,0.0,2,648,卖盘
559,10:26:10,3.24,0.0,35,11340,卖盘
560,10:26:13,3.24,0.0,1,324,买盘
561,10:26:16,3.23,-0.01,58,18784,卖盘
562,10:26:18,3.23,0.0,2,646,卖盘
563,10:26:25,3.24,0.01,90,29160,买盘
564,10:26:31,3.23,-0.01,80,25860,卖盘
565,10:26:40,3.24,0.01,10,3240,买盘
566,10:26:43,3.24,0.0,200,64800,买盘
567,10:27:00,3.24,0.0,210,68040,买盘
568,10:27:07,3.24,0.0,115,37239,买盘
569,10:27:12,3.23,-0.01,161,52003,卖盘
570,10:27:15,3.24,0.01,50,16200,买盘
571,10:27:34,3.23,-0.01,3,969,卖盘
572,10:27:37,3.23,0.0,3,969,卖盘
573,10:27:40,3.23,0.0,111,35875,卖盘
574,10:27:42,3.23,0.0,5,1615,买盘
575,10:28:01,3.23,0.0,40,12920,买盘
576,10:28:07,3.22,-0.01,369,118818,卖盘
577,10:28:22,3.22,0.0,75,24150,卖盘
578,10:28:24,3.22,0.0,141,45402,卖盘
579,10:28:28,3.22,0.0,42,13492,买盘
580,10:28:40,3.21,-0.01,130,41730,卖盘
581,10:28:43,3.21,0.0,79,25375,卖盘
582,10:28:46,3.2,-0.01,2017,645917,卖盘
583,10:28:49,3.2,0.0,32,10240,买盘
584,10:28:52,3.19,-0.01,84,26816,卖盘
585,10:28:55,3.19,0.0,9,2871,卖盘
586,10:28:58,3.19,0.0,402,128638,卖盘
587,10:29:01,3.19,0.0,245,78155,卖盘
588,10:29:07,3.19,0.0,83,26477,卖盘
589,10:29:10,3.19,0.0,69,22011,买盘
590,10:29:13,3.19,0.0,21,6699,买盘
591,10:29:16,3.19,0.0,46,14658,买盘
592,10:29:19,3.18,-0.01,400,127424,卖盘
593,10:29:21,3.19,0.01,111,35408,买盘
594,10:29:28,3.17,-0.02,205,65160,卖盘
595,10:29:34,3.18,0.01,167,53091,买盘
596,10:29:36,3.18,0.0,26,8457,买盘
597,10:29:39,3.17,-0.01,981,311574,卖盘
598,10:29:42,3.19,0.02,17,5422,买盘
599,10:29:46,3.18,-0.01,35,11130,卖盘
600,10:29:52,3.18,0.0,10,3180,卖盘
601,10:29:55,3.18,0.0,90,28620,卖盘
602,10:30:01,3.18,0.0,23,7314,卖盘
603,10:30:06,3.18,0.0,115,36638,卖盘
604,10:30:10,3.18,0.0,9,2862,卖盘
605,10:30:13,3.18,0.0,241,76668,卖盘
606,10:30:16,3.18,0.0,10,3180,买盘
607,10:30:28,3.18,0.0,463,147234,买盘
608,10:30:43,3.18,0.0,130,41340,卖盘
609,10:30:46,3.18,0.0,100,31800,卖盘
610,10:30:52,3.19,0.01,240,76398,买盘
611,10:30:55,3.19,0.0,3,957,买盘
612,10:30:58,3.18,-0.01,113,36022,卖盘
613,10:31:01,3.19,0.01,14,4466,买盘
614,10:31:04,3.19,0.0,173,55024,买盘
615,10:31:07,3.19,0.0,209,66671,买盘
616,10:31:09,3.19,0.0,3,957,买盘
617,10:31:13,3.19,0.0,107,34133,买盘
618,10:31:16,3.19,0.0,164,52316,卖盘
619,10:31:19,3.19,0.0,2,638,卖盘
620,10:31:28,3.2,0.01,15,4800,买盘
621,10:31:31,3.2,0.0,351,112320,买盘
622,10:31:34,3.19,-0.01,10,3190,卖盘
623,10:31:37,3.2,0.01,94,30080,买盘
624,10:31:42,3.2,0.0,54,17280,买盘
625,10:31:46,3.2,0.0,390,124755,买盘
626,10:31:49,3.2,0.0,436,139520,买盘
627,10:31:55,3.2,0.0,243,77632,买盘
628,10:32:07,3.21,0.01,65,20865,买盘
629,10:32:10,3.21,0.0,15,4815,卖盘
630,10:32:13,3.21,0.0,1,321,卖盘
631,10:32:16,3.21,0.0,57,18297,卖盘
632,10:32:21,3.21,0.0,20,6420,买盘
633,10:32:28,3.21,0.0,89,28569,买盘
634,10:32:31,3.21,0.0,33,10593,买盘
635,10:32:34,3.21,0.0,122,39150,买盘
636,10:32:36,3.21,0.0,18,5778,买盘
637,10:33:04,3.22,0.01,5,1610,买盘
638,10:33:13,3.22,0.0,15,4830,买盘
639,10:33:19,3.21,-0.01,107,34347,卖盘
640,10:33:21,3.21,0.0,4,1284,卖盘
641,10:33:25,3.21,0.0,63,20223,买盘
642,10:33:31,3.21,0.0,1,321,卖盘
643,10:33:43,3.21,0.0,25,8025,卖盘
644,10:33:49,3.21,0.0,141,45261,卖盘
645,10:34:01,3.21,0.0,2,642,买盘
646,10:34:07,3.2,-0.01,120,38400,卖盘
647,10:34:21,3.21,0.01,32,10272,买盘
648,10:34:25,3.21,0.0,8,2568,卖盘
649,10:34:34,3.2,-0.01,500,160000,卖盘
650,10:34:43,3.2,0.0,55,17600,卖盘
651,10:34:48,3.2,0.0,1,320,卖盘
652,10:34:52,3.2,0.0,10,3200,卖盘
653,10:34:55,3.2,0.0,2,640,卖盘
654,10:34:58,3.2,0.0,4,1280,卖盘
655,10:35:16,3.2,0.0,153,49006,卖盘
656,10:35:19,3.21,0.01,51,16371,买盘
657,10:35:22,3.21,0.0,100,32100,买盘
658,10:35:25,3.2,-0.01,211,67671,卖盘
659,10:35:28,3.2,0.0,150,48000,买盘
660,10:35:30,3.2,0.0,12,3840,买盘
661,10:35:33,3.19,-0.01,7,2233,卖盘
662,10:35:40,3.19,0.0,671,214049,卖盘
663,10:35:52,3.19,0.0,1,319,买盘
664,10:35:55,3.19,0.0,55,17545,买盘
665,10:35:58,3.19,0.0,103,32857,买盘
666,10:36:16,3.2,0.01,39,12454,买盘
667,10:36:19,3.2,0.0,200,64000,买盘
668,10:36:22,3.19,-0.01,200,63800,卖盘
669,10:36:25,3.2,0.01,2,640,买盘
670,10:36:43,3.2,0.0,250,80000,买盘
671,10:36:49,3.2,0.0,51,16320,买盘
672,10:36:51,3.2,0.0,30,9600,买盘
673,10:36:55,3.19,-0.01,5,1595,卖盘
674,10:37:04,3.2,0.01,120,38300,买盘
675,10:37:10,3.2,0.0,10,3200,买盘
676,10:37:12,3.2,0.0,4,1280,买盘
677,10:37:15,3.2,0.0,117,37414,买盘
678,10:37:18,3.2,0.0,100,32000,卖盘
679,10:37:52,3.21,0.01,70,22470,买盘
680,10:38:00,3.21,0.0,241,77361,买盘
681,10:38:16,3.22,0.01,51,16422,买盘
682,10:38:42,3.21,-0.01,50,16050,卖盘
683,10:38:48,3.22,0.01,15,4825,买盘
684,10:38:52,3.21,-0.01,7,2247,卖盘
685,10:38:54,3.21,0.0,5,1605,卖盘
686,10:39:07,3.21,0.0,1,321,卖盘
687,10:39:16,3.21,0.0,2,642,卖盘
688,10:39:30,3.21,0.0,20,6420,卖盘
689,10:39:46,3.22,0.01,20,6440,买盘
690,10:40:09,3.21,-0.01,98,31458,卖盘
691,10:40:16,3.21,0.0,8,2568,卖盘
692,10:40:19,3.21,0.0,2,642,卖盘
693,10:40:28,3.22,0.01,26,8372,买盘
694,10:40:37,3.21,-0.01,29,9309,卖盘
695,10:40:40,3.21,0.0,4,1286,卖盘
696,10:40:43,3.21,0.0,48,15424,卖盘
697,10:40:46,3.21,0.0,49,15729,卖盘
698,10:40:51,3.21,0.0,6,1926,卖盘
699,10:40:55,3.21,0.0,9,2889,卖盘
700,10:41:04,3.21,0.0,347,111387,卖盘
701,10:41:16,3.21,0.0,82,26322,买盘
702,10:41:25,3.21,0.0,24,7704,卖盘
703,10:41:37,3.2,-0.01,57,18240,卖盘
704,10:41:40,3.21,0.01,109,34930,买盘
705,10:41:43,3.21,0.0,4,1284,买盘
706,10:41:46,3.21,0.0,50,16050,买盘
707,10:41:55,3.21,0.0,50,16050,买盘
708,10:41:58,3.2,-0.01,1,320,卖盘
709,10:42:04,3.21,0.01,32,10272,买盘
710,10:42:13,3.21,0.0,1,321,卖盘
711,10:42:22,3.22,0.01,20,6440,买盘
712,10:42:28,3.22,0.0,60,19320,买盘
713,10:42:37,3.22,0.0,63,20286,买盘
714,10:42:40,3.21,-0.01,60,19290,卖盘
715,10:42:45,3.21,0.0,16,5138,卖盘
716,10:42:49,3.22,0.01,2,644,买盘
717,10:43:01,3.22,0.0,30,9660,买盘
718,10:43:07,3.22,0.0,86,27692,买盘
719,10:43:10,3.22,0.0,8,2576,买盘
720,10:43:16,3.22,0.0,42,13524,买盘
721,10:43:19,3.22,0.0,200,64400,买盘
722,10:43:25,3.22,0.0,10,3220,买盘
723,10:43:28,3.22,0.0,43,13846,买盘
724,10:43:49,3.22,0.0,2,644,卖盘
725,10:44:04,3.23,0.01,141,45543,买盘
726,10:44:10,3.23,0.0,1,323,卖盘
727,10:44:13,3.23,0.0,4,1292,卖盘
728,10:44:16,3.23,0.0,1,323,买盘
729,10:44:19,3.23,0.0,8,2584,买盘
730,10:44:34,3.23,0.0,100,32300,买盘
731,10:44:46,3.23,0.0,44,14212,买盘
732,10:44:52,3.23,0.0,1,323,卖盘
733,10:44:55,3.23,0.0,102,32946,卖盘
734,10:44:58,3.23,0.0,19,6137,卖盘
735,10:45:01,3.24,0.01,206,66738,买盘
736,10:45:04,3.23,-0.01,12,3876,卖盘
737,10:45:10,3.23,0.0,35,11305,卖盘
738,10:45:13,3.23,0.0,5,1615,卖盘
739,10:45:16,3.23,0.0,6,1938,卖盘
740,10:45:18,3.23,0.0,4,1292,卖盘
741,10:45:34,3.24,0.01,8,2592,买盘
742,10:45:42,3.23,-0.01,63,20349,中性盘
743,10:45:58,3.23,0.0,1,323,买盘
744,10:46:07,3.23,0.0,8,2584,买盘
745,10:46:19,3.23,0.0,5,1615,买盘
746,10:46:31,3.23,0.0,9,2907,买盘
747,10:46:34,3.23,0.0,36,11628,买盘
748,10:47:07,3.23,0.0,29,9367,买盘
749,10:47:25,3.22,-0.01,109,35098,卖盘
750,10:47:28,3.23,0.01,105,33915,买盘
751,10:47:30,3.23,0.0,50,16150,买盘
752,10:47:36,3.22,-0.01,200,64400,卖盘
753,10:47:43,3.23,0.01,150,48450,买盘
754,10:47:51,3.22,-0.01,30,9660,卖盘
755,10:48:09,3.22,0.0,1,322,卖盘
756,10:48:16,3.22,0.0,20,6440,卖盘
757,10:48:25,3.21,-0.01,464,149004,卖盘
758,10:48:28,3.22,0.01,169,54418,买盘
759,10:48:31,3.2,-0.02,398,127473,卖盘
760,10:48:40,3.22,0.02,10,3220,买盘
761,10:48:55,3.21,-0.01,38,12198,卖盘
762,10:49:09,3.21,0.0,15,4815,卖盘
763,10:49:19,3.21,0.0,4,1284,卖盘
764,10:49:27,3.22,0.01,50,16100,买盘
765,10:49:31,3.22,0.0,44,14168,买盘
766,10:49:34,3.21,-0.01,193,62009,卖盘
767,10:49:40,3.21,0.0,7,2247,买盘
768,10:49:49,3.2,-0.01,21,6730,卖盘
769,10:50:07,3.21,0.01,119,38199,卖盘
770,10:50:12,3.23,0.02,1,323,买盘
771,10:50:25,3.23,0.0,331,106913,买盘
772,10:50:33,3.22,-0.01,5,1610,买盘
773,10:50:40,3.22,0.0,50,16100,买盘
774,10:50:55,3.21,-0.01,1,321,卖盘
775,10:50:58,3.22,0.01,198,63756,买盘
776,10:51:07,3.21,-0.01,413,132875,卖盘
777,10:51:22,3.22,0.01,1,322,卖盘
778,10:51:25,3.22,0.0,1,322,卖盘
779,10:51:31,3.22,0.0,1,322,卖盘
780,10:51:34,3.22,0.0,1,322,卖盘
781,10:51:37,3.22,0.0,1,322,卖盘
782,10:51:40,3.22,0.0,1,322,卖盘
783,10:51:43,3.22,0.0,1,322,卖盘
784,10:51:46,3.22,0.0,11,3542,卖盘
785,10:51:49,3.22,0.0,1,322,卖盘
786,10:51:52,3.22,0.0,1,322,卖盘
787,10:51:55,3.22,0.0,40,12880,卖盘
788,10:52:07,3.22,0.0,160,51520,买盘
789,10:52:19,3.23,0.01,1,323,买盘
790,10:52:34,3.22,-0.01,5,1610,卖盘
791,10:52:58,3.23,0.01,30,9690,买盘
792,10:53:16,3.23,0.0,16,5168,买盘
793,10:53:22,3.23,0.0,17,5491,买盘
794,10:53:31,3.23,0.0,31,10012,买盘
795,10:53:40,3.22,-0.01,8,2576,卖盘
796,10:53:43,3.22,0.0,8,2576,卖盘
797,10:53:46,3.22,0.0,20,6440,卖盘
798,10:53:49,3.22,0.0,15,4830,卖盘
799,10:53:52,3.22,0.0,14,4508,卖盘
800,10:53:55,3.22,0.0,16,5152,卖盘
801,10:53:58,3.22,0.0,16,5152,卖盘
802,10:54:01,3.22,0.0,16,5152,卖盘
803,10:54:04,3.22,0.0,14,4508,卖盘
804,10:54:06,3.22,0.0,121,38962,卖盘
805,10:54:12,3.21,-0.01,12,3852,卖盘
806,10:54:31,3.22,0.01,223,71806,买盘
807,10:54:36,3.22,0.0,4,1288,卖盘
808,10:54:40,3.22,0.0,88,28336,卖盘
809,10:54:42,3.22,0.0,64,20608,卖盘
810,10:54:48,3.22,0.0,8,2576,买盘
811,10:54:58,3.22,0.0,15,4825,买盘
812,10:55:04,3.22,0.0,7,2254,买盘
813,10:55:13,3.22,0.0,86,27692,买盘
814,10:55:16,3.22,0.0,31,9982,卖盘
815,10:55:22,3.22,0.0,1,322,卖盘
816,10:55:25,3.22,0.0,51,16422,卖盘
817,10:55:28,3.22,0.0,1,322,卖盘
818,10:55:31,3.22,0.0,1,322,卖盘
819,10:55:34,3.22,0.0,1,322,卖盘
820,10:55:37,3.22,0.0,22,7084,卖盘
821,10:55:40,3.22,0.0,1,322,卖盘
822,10:56:07,3.23,0.01,4,1292,买盘
823,10:56:46,3.22,-0.01,100,32200,卖盘
824,10:57:33,3.22,0.0,30,9660,卖盘
825,10:58:37,3.22,0.0,51,16422,卖盘
826,10:58:42,3.22,0.0,25,8050,卖盘
827,10:58:58,3.22,0.0,5,1610,卖盘
828,10:59:10,3.23,0.01,8,2584,买盘
829,10:59:13,3.23,0.0,10,3230,买盘
830,10:59:16,3.22,-0.01,103,33166,卖盘
831,10:59:34,3.22,0.0,29,9338,卖盘
832,10:59:58,3.23,0.01,2,646,买盘
833,11:00:01,3.23,0.0,10,3230,买盘
834,11:00:10,3.23,0.0,4,1292,买盘
835,11:00:25,3.22,-0.01,414,133330,卖盘
836,11:00:31,3.23,0.01,136,43928,买盘
837,11:00:39,3.23,0.0,30,9690,买盘
838,11:00:49,3.23,0.0,2,646,买盘
839,11:00:52,3.23,0.0,5,1615,买盘
840,11:00:55,3.22,-0.01,795,255990,卖盘
841,11:01:52,3.22,0.0,130,41860,卖盘
842,11:02:28,3.22,0.0,71,22862,卖盘
843,11:02:52,3.22,0.0,566,182252,卖盘
844,11:03:04,3.22,0.0,1,322,买盘
845,11:03:19,3.22,0.0,13,4186,买盘
846,11:04:33,3.21,-0.01,790,253590,卖盘
847,11:04:57,3.22,0.01,5,1610,买盘
848,11:05:10,3.22,0.0,68,21896,买盘
849,11:05:15,3.22,0.0,297,95634,买盘
850,11:05:22,3.22,0.0,46,14812,卖盘
851,11:05:28,3.22,0.0,5,1610,买盘
852,11:05:39,3.22,0.0,25,8050,买盘
853,11:05:52,3.21,-0.01,226,72577,卖盘
854,11:05:54,3.21,0.0,219,70299,卖盘
855,11:06:04,3.22,0.01,1,322,卖盘
856,11:06:09,3.21,-0.01,1,321,卖盘
857,11:06:21,3.21,0.0,79,25359,卖盘
858,11:06:54,3.2,-0.01,39,12483,卖盘
859,11:06:57,3.22,0.02,3,966,买盘
860,11:07:04,3.21,-0.01,3,963,卖盘
861,11:07:13,3.22,0.01,40,12879,买盘
862,11:08:06,3.22,0.0,200,64400,买盘
863,11:08:19,3.21,-0.01,33,10593,卖盘
864,11:08:25,3.21,0.0,18,5778,卖盘
865,11:08:31,3.22,0.01,5,1610,买盘
866,11:08:43,3.21,-0.01,30,9630,卖盘
867,11:08:46,3.2,-0.01,900,288058,卖盘
868,11:09:01,3.2,0.0,100,32000,卖盘
869,11:09:16,3.2,0.0,27,8640,卖盘
870,11:09:19,3.21,0.01,5,1605,买盘
871,11:09:31,3.2,-0.01,57,18240,卖盘
872,11:09:40,3.2,0.0,10,3200,买盘
873,11:09:49,3.2,0.0,93,29760,买盘
874,11:09:51,3.2,0.0,10,3200,卖盘
875,11:10:01,3.21,0.01,62,19902,买盘
876,11:10:28,3.21,0.0,5,1605,买盘
877,11:10:30,3.21,0.0,50,16050,买盘
878,11:10:52,3.2,-0.01,28,8960,卖盘
879,11:11:13,3.2,0.0,45,14400,卖盘
880,11:11:19,3.21,0.01,50,16050,买盘
881,11:11:22,3.21,0.0,18,5778,买盘
882,11:11:37,3.21,0.0,4,1284,卖盘
883,11:12:04,3.22,0.01,4,1288,买盘
884,11:12:09,3.22,0.0,60,19320,买盘
885,11:12:13,3.21,-0.01,40,12840,卖盘
886,11:12:25,3.21,0.0,13,4173,卖盘
887,11:12:34,3.21,0.0,6,1926,卖盘
888,11:12:46,3.21,0.0,30,9630,卖盘
889,11:12:49,3.21,0.0,6,1926,卖盘
890,11:12:52,3.21,0.0,4,1284,卖盘
891,11:12:54,3.21,0.0,4,1284,卖盘
892,11:12:57,3.21,0.0,2,642,卖盘
893,11:13:00,3.21,0.0,2,642,卖盘
894,11:13:07,3.21,0.0,1,321,卖盘
895,11:13:09,3.21,0.0,1,321,卖盘
896,11:13:27,3.21,0.0,3,963,卖盘
897,11:13:31,3.21,0.0,16,5136,卖盘
898,11:13:34,3.22,0.01,12,3864,买盘
899,11:13:37,3.21,-0.01,1,321,卖盘
900,11:13:49,3.21,0.0,10,3210,卖盘
901,11:13:54,3.21,0.0,3,963,卖盘
902,11:15:13,3.21,0.0,20,6420,卖盘
903,11:15:46,3.22,0.01,100,32200,买盘
904,11:15:49,3.22,0.0,38,12228,买盘
905,11:15:51,3.21,-0.01,48,15408,卖盘
906,11:15:57,3.21,0.0,6,1926,卖盘
907,11:16:01,3.21,0.0,2,642,卖盘
908,11:16:04,3.21,0.0,3,963,卖盘
909,11:16:10,3.21,0.0,2,642,卖盘
910,11:16:12,3.21,0.0,1,321,卖盘
911,11:16:16,3.21,0.0,12,3852,卖盘
912,11:16:19,3.21,0.0,7,2247,卖盘
913,11:16:22,3.21,0.0,5,1605,卖盘
914,11:16:25,3.21,0.0,7,2247,卖盘
915,11:16:28,3.21,0.0,5,1605,卖盘
916,11:16:30,3.21,0.0,12,3852,卖盘
917,11:16:33,3.21,0.0,3,963,卖盘
918,11:16:37,3.21,0.0,2,642,卖盘
919,11:16:40,3.21,0.0,36,11556,卖盘
920,11:16:52,3.21,0.0,10,3210,买盘
921,11:17:04,3.2,-0.01,500,160000,卖盘
922,11:17:09,3.2,0.0,32,10240,卖盘
923,11:17:13,3.2,0.0,2,640,卖盘
924,11:17:19,3.2,0.0,1,320,卖盘
925,11:17:22,3.2,0.0,29,9280,卖盘
926,11:17:34,3.19,-0.01,500,159500,卖盘
927,11:17:40,3.19,0.0,8,2552,卖盘
928,11:17:43,3.19,0.0,500,159500,卖盘
929,11:17:49,3.19,0.0,11,3509,卖盘
930,11:17:51,3.19,0.0,135,43065,卖盘
931,11:18:07,3.18,-0.01,1323,420714,卖盘
932,11:18:10,3.18,0.0,66,20988,卖盘
933,11:18:13,3.18,0.0,289,91902,卖盘
934,11:18:16,3.18,0.0,66,20988,买盘
935,11:18:22,3.18,0.0,670,212400,买盘
936,11:18:25,3.18,0.0,6,1908,买盘
937,11:18:28,3.18,0.0,40,12690,买盘
938,11:18:31,3.18,0.0,5,1590,买盘
939,11:18:34,3.18,0.0,43,13674,买盘
940,11:18:40,3.17,-0.01,642,203521,卖盘
941,11:18:42,3.17,0.0,72,22824,买盘
942,11:18:45,3.17,0.0,15,4755,买盘
943,11:18:48,3.17,0.0,27,8559,买盘
944,11:18:52,3.17,0.0,96,30432,买盘
945,11:18:55,3.17,0.0,93,29481,买盘
946,11:18:58,3.16,-0.01,1010,319726,卖盘
947,11:19:03,3.17,0.01,10,3170,卖盘
948,11:19:10,3.17,0.0,60,19020,卖盘
949,11:19:25,3.18,0.01,1,318,买盘
950,11:19:31,3.18,0.0,68,21624,买盘
951,11:19:40,3.18,0.0,117,37206,卖盘
952,11:19:43,3.18,0.0,3,954,卖盘
953,11:19:55,3.19,0.01,474,151206,买盘
954,11:20:10,3.2,0.01,2,640,买盘
955,11:20:21,3.2,0.0,3,960,买盘
956,11:20:25,3.2,0.0,10,3200,买盘
957,11:20:28,3.2,0.0,24,7680,买盘
958,11:20:36,3.2,0.0,50,16000,卖盘
959,11:20:43,3.2,0.0,1,320,卖盘
960,11:20:46,3.2,0.0,12,3840,卖盘
961,11:20:49,3.2,0.0,1,320,卖盘
962,11:20:52,3.2,0.0,5,1600,卖盘
963,11:20:54,3.2,0.0,45,14400,卖盘
964,11:21:10,3.2,0.0,16,5120,买盘
965,11:21:13,3.2,0.0,5,1600,买盘
966,11:21:25,3.19,-0.01,80,25520,卖盘
967,11:21:31,3.2,0.01,6,1920,买盘
968,11:21:37,3.2,0.0,42,13440,买盘
969,11:21:40,3.19,-0.01,50,15950,卖盘
970,11:21:55,3.19,0.0,5,1595,卖盘
971,11:22:28,3.2,0.01,17,5440,买盘
972,11:22:33,3.2,0.0,6,1920,买盘
973,11:22:40,3.2,0.0,45,14400,买盘
974,11:22:46,3.19,-0.01,20,6380,卖盘
975,11:22:49,3.2,0.01,149,47680,买盘
976,11:22:52,3.2,0.0,5,1600,买盘
977,11:22:58,3.2,0.0,3,960,买盘
978,11:23:04,3.2,0.0,9,2880,买盘
979,11:23:25,3.2,0.0,5,1600,买盘
980,11:23:31,3.2,0.0,784,250880,买盘
981,11:23:40,3.2,0.0,3,960,买盘
982,11:23:46,3.2,0.0,21,6720,买盘
983,11:24:06,3.2,0.0,34,10880,买盘
984,11:24:12,3.2,0.0,21,6720,买盘
985,11:24:25,3.2,0.0,5,1600,买盘
986,11:24:34,3.2,0.0,22,7040,买盘
987,11:24:42,3.2,0.0,1,320,买盘
988,11:24:49,3.2,0.0,40,12800,买盘
989,11:25:13,3.2,0.0,6,1920,买盘
990,11:25:22,3.2,0.0,5,1600,买盘
991,11:25:37,3.2,0.0,110,35200,买盘
992,11:25:40,3.2,0.0,4,1280,买盘
993,11:25:43,3.2,0.0,10,3200,买盘
994,11:25:52,3.2,0.0,19,6080,买盘
995,11:26:07,3.2,0.0,38,12160,买盘
996,11:26:13,3.2,0.0,10,3200,买盘
997,11:26:28,3.2,0.0,41,13120,买盘
998,11:26:37,3.2,0.0,54,17280,买盘
999,11:26:43,3.2,0.0,10,3200,买盘
1000,11:26:48,3.2,0.0,45,14400,买盘
1001,11:27:25,3.2,0.0,521,166720,买盘
1002,11:27:43,3.2,0.0,5,1600,卖盘
1003,11:27:45,3.21,0.01,27,8667,买盘
1004,11:27:48,3.21,0.0,49,15729,买盘
1005,11:27:57,3.21,0.0,180,57780,买盘
1006,11:28:01,3.21,0.0,83,26643,买盘
1007,11:28:09,3.21,0.0,150,48150,卖盘
1008,11:28:33,3.22,0.01,5,1610,买盘
1009,11:29:04,3.22,0.0,129,41425,买盘
1010,11:29:07,3.22,0.0,2,644,买盘
1011,11:29:18,3.21,-0.01,10,3210,卖盘
1012,11:29:49,3.21,0.0,12,3852,卖盘
1013,13:00:07,3.21,0.0,257,82749,卖盘
1014,13:01:12,3.22,0.01,10,3220,买盘
1015,13:01:57,3.22,0.0,3,966,买盘
1016,13:02:12,3.22,0.0,5,1610,买盘
1017,13:02:39,3.21,-0.01,14,4494,卖盘
1018,13:03:27,3.21,0.0,65,20865,卖盘
1019,13:03:31,3.22,0.01,35,11270,买盘
1020,13:03:54,3.22,0.0,1,322,买盘
1021,13:04:07,3.22,0.0,1,322,买盘
1022,13:04:28,3.21,-0.01,60,19260,卖盘
1023,13:05:39,3.21,0.0,10,3210,卖盘
1024,13:05:42,3.22,0.01,50,16100,买盘
1025,13:05:58,3.22,0.0,34,10948,买盘
1026,13:06:22,3.22,0.0,50,16100,买盘
1027,13:06:25,3.22,0.0,3,966,买盘
1028,13:08:18,3.22,0.0,30,9660,买盘
1029,13:09:21,3.22,0.0,20,6440,买盘
1030,13:09:30,3.22,0.0,31,9982,买盘
1031,13:09:39,3.22,0.0,22,7084,买盘
1032,13:09:49,3.22,0.0,88,28336,买盘
1033,13:09:58,3.21,-0.01,161,51681,卖盘
1034,13:10:06,3.22,0.01,20,6440,买盘
1035,13:10:34,3.22,0.0,30,9660,买盘
1036,13:10:40,3.22,0.0,33,10626,买盘
1037,13:10:52,3.22,0.0,70,22540,买盘
1038,13:10:58,3.22,0.0,40,12880,买盘
1039,13:11:22,3.22,0.0,10,3220,买盘
1040,13:11:28,3.22,0.0,20,6440,买盘
1041,13:11:37,3.22,0.0,238,76636,买盘
1042,13:11:39,3.22,0.0,150,48300,买盘
1043,13:11:43,3.22,0.0,59,18998,买盘
1044,13:11:46,3.22,0.0,67,21574,买盘
1045,13:11:57,3.23,0.01,100,32300,买盘
1046,13:12:13,3.23,0.0,51,16473,买盘
1047,13:12:19,3.23,0.0,23,7429,买盘
1048,13:12:22,3.23,0.0,24,7752,卖盘
1049,13:12:25,3.23,0.0,1,323,卖盘
1050,13:12:28,3.23,0.0,49,15827,卖盘
1051,13:12:33,3.23,0.0,5,1615,卖盘
1052,13:12:37,3.23,0.0,1,323,卖盘
1053,13:12:40,3.23,0.0,2,646,卖盘
1054,13:12:43,3.24,0.01,36,11655,买盘
1055,13:12:46,3.23,-0.01,7,2261,卖盘
1056,13:12:49,3.23,0.0,4,1292,卖盘
1057,13:12:52,3.23,0.0,4,1292,卖盘
1058,13:12:55,3.23,0.0,5,1615,卖盘
1059,13:12:58,3.23,0.0,5,1615,卖盘
1060,13:13:01,3.24,0.01,21,6785,买盘
1061,13:13:04,3.23,-0.01,4,1292,卖盘
1062,13:13:06,3.23,0.0,2,646,卖盘
1063,13:13:09,3.23,0.0,3,969,卖盘
1064,13:13:12,3.23,0.0,2,646,卖盘
1065,13:13:15,3.23,0.0,22,7126,卖盘
1066,13:13:19,3.23,0.0,4,1292,卖盘
1067,13:13:21,3.23,0.0,2,646,卖盘
1068,13:13:25,3.23,0.0,3,969,卖盘
1069,13:13:28,3.23,0.0,4,1292,卖盘
1070,13:13:30,3.23,0.0,5,1615,卖盘
1071,13:13:34,3.23,0.0,3,969,卖盘
1072,13:13:37,3.23,0.0,4,1292,卖盘
1073,13:13:39,3.23,0.0,4,1292,卖盘
1074,13:13:42,3.23,0.0,4,1292,卖盘
1075,13:13:45,3.23,0.0,4,1292,卖盘
1076,13:13:49,3.23,0.0,4,1292,卖盘
1077,13:13:51,3.23,0.0,7,2261,卖盘
1078,13:13:55,3.23,0.0,5,1615,卖盘
1079,13:13:58,3.23,0.0,7,2261,卖盘
1080,13:14:00,3.23,0.0,6,1938,卖盘
1081,13:14:04,3.23,0.0,7,2261,卖盘
1082,13:14:07,3.23,0.0,4,1292,卖盘
1083,13:14:10,3.23,0.0,33,10659,卖盘
1084,13:14:13,3.23,0.0,5,1615,卖盘
1085,13:14:16,3.23,0.0,18,5814,卖盘
1086,13:14:19,3.23,0.0,5,1615,卖盘
1087,13:14:22,3.23,0.0,6,1938,卖盘
1088,13:14:25,3.23,0.0,87,28101,卖盘
1089,13:14:39,3.23,0.0,63,20349,买盘
1090,13:15:09,3.23,0.0,27,8721,买盘
1091,13:15:18,3.23,0.0,39,12597,买盘
1092,13:15:39,3.23,0.0,52,16796,买盘
1093,13:15:49,3.22,-0.01,7,2254,卖盘
1094,13:15:58,3.23,0.01,10,3230,买盘
1095,13:16:06,3.23,0.0,1,323,买盘
1096,13:16:22,3.23,0.0,20,6460,买盘
1097,13:17:01,3.23,0.0,51,16473,买盘
1098,13:17:10,3.23,0.0,113,36499,买盘
1099,13:17:31,3.22,-0.01,20,6440,卖盘
1100,13:17:52,3.23,0.01,1,323,买盘
1101,13:18:07,3.23,0.0,45,14535,买盘
1102,13:18:16,3.23,0.0,10,3230,买盘
1103,13:18:22,3.23,0.0,50,16150,买盘
1104,13:18:34,3.23,0.0,1,323,买盘
1105,13:18:37,3.23,0.0,30,9690,买盘
1106,13:18:43,3.23,0.0,60,19380,买盘
1107,13:18:48,3.23,0.0,100,32300,买盘
1108,13:18:52,3.22,-0.01,20,6440,卖盘
1109,13:18:54,3.23,0.01,17,5491,买盘
1110,13:19:07,3.23,0.0,60,19380,买盘
1111,13:19:16,3.22,-0.01,67,21574,卖盘
1112,13:19:22,3.22,0.0,33,10626,卖盘
1113,13:19:24,3.22,0.0,26,8404,卖盘
1114,13:19:28,3.22,0.0,3,966,卖盘
1115,13:19:45,3.22,0.0,44,14168,卖盘
1116,13:19:54,3.22,0.0,62,19964,卖盘
1117,13:20:04,3.22,0.0,300,96600,卖盘
1118,13:20:12,3.22,0.0,30,9628,卖盘
1119,13:20:16,3.22,0.0,1,322,买盘
1120,13:20:30,3.22,0.0,2,644,买盘
1121,13:20:55,3.22,0.0,10,3220,买盘
1122,13:21:12,3.22,0.0,32,10304,买盘
1123,13:21:21,3.22,0.0,78,25148,买盘
1124,13:22:04,3.23,0.01,50,16150,买盘
1125,13:22:33,3.23,0.0,100,32300,买盘
1126,13:22:52,3.23,0.0,11,3544,买盘
1127,13:22:58,3.23,0.0,30,9690,买盘
1128,13:23:00,3.23,0.0,9,2907,买盘
1129,13:23:12,3.23,0.0,25,8075,买盘
1130,13:23:25,3.23,0.0,75,24225,卖盘
1131,13:23:31,3.23,0.0,12,3876,买盘
1132,13:23:39,3.22,-0.01,102,32844,卖盘
1133,13:23:52,3.22,0.0,116,37352,卖盘
1134,13:23:55,3.22,0.0,93,29914,卖盘
1135,13:24:07,3.22,0.0,4,1288,买盘
1136,13:24:27,3.22,0.0,2,644,买盘
1137,13:24:37,3.22,0.0,16,5152,买盘
1138,13:24:40,3.21,-0.01,40,12840,卖盘
1139,13:25:04,3.22,0.01,7,2254,买盘
1140,13:25:37,3.22,0.0,5,1610,买盘
1141,13:25:52,3.22,0.0,93,29946,买盘
1142,13:25:57,3.22,0.0,28,9048,买盘
1143,13:26:00,3.21,-0.01,269,86365,卖盘
1144,13:26:04,3.22,0.01,45,14490,买盘
1145,13:26:10,3.22,0.0,57,18354,中性盘
1146,13:26:43,3.22,0.0,300,96600,卖盘
1147,13:26:46,3.23,0.01,53,17119,买盘
1148,13:26:49,3.22,-0.01,6,1932,卖盘
1149,13:26:54,3.22,0.0,95,30623,卖盘
1150,13:27:12,3.23,0.01,15,4845,买盘
1151,13:27:25,3.23,0.0,62,20026,买盘
1152,13:27:28,3.23,0.0,50,16150,买盘
1153,13:27:57,3.23,0.0,35,11275,买盘
1154,13:28:01,3.23,0.0,60,19380,买盘
1155,13:28:04,3.23,0.0,5,1615,买盘
1156,13:28:16,3.23,0.0,10,3230,买盘
1157,13:28:25,3.23,0.0,66,21318,买盘
1158,13:28:40,3.23,0.0,7,2261,买盘
1159,13:29:52,3.23,0.0,10,3230,买盘
1160,13:30:28,3.22,-0.01,18,5796,卖盘
1161,13:30:39,3.23,0.01,687,221901,买盘
1162,13:31:16,3.23,0.0,1,323,卖盘
1163,13:31:22,3.23,0.0,1,323,卖盘
1164,13:31:25,3.23,0.0,1,323,卖盘
1165,13:31:28,3.24,0.01,303,98169,买盘
1166,13:31:31,3.23,-0.01,3,969,卖盘
1167,13:31:37,3.23,0.0,10,3230,卖盘
1168,13:32:07,3.23,0.0,81,26163,卖盘
1169,13:32:19,3.23,0.0,10,3230,买盘
1170,13:32:22,3.23,0.0,11,3553,买盘
1171,13:32:34,3.23,0.0,9,2907,卖盘
1172,13:32:48,3.23,0.0,10,3230,买盘
1173,13:32:55,3.23,0.0,5,1615,买盘
1174,13:33:00,3.23,0.0,14,4522,买盘
1175,13:33:13,3.23,0.0,27,8721,买盘
1176,13:33:46,3.23,0.0,3,969,卖盘
1177,13:34:25,3.23,0.0,3,969,买盘
1178,13:34:37,3.23,0.0,5,1615,买盘
1179,13:34:52,3.23,0.0,15,4845,买盘
1180,13:34:58,3.23,0.0,4,1292,买盘
1181,13:35:16,3.23,0.0,57,18411,卖盘
1182,13:35:30,3.23,0.0,8,2584,买盘
1183,13:36:00,3.24,0.01,1,324,买盘
1184,13:36:04,3.24,0.0,30,9720,买盘
1185,13:36:06,3.23,-0.01,30,9690,卖盘
1186,13:36:10,3.24,0.01,4,1296,买盘
1187,13:36:12,3.24,0.0,16,5184,买盘
1188,13:36:36,3.23,-0.01,3,969,卖盘
1189,13:37:13,3.24,0.01,25,8100,买盘
1190,13:37:37,3.24,0.0,315,102060,买盘
1191,13:37:46,3.24,0.0,30,9720,卖盘
1192,13:37:58,3.24,0.0,200,64800,卖盘
1193,13:38:07,3.24,0.0,8,2592,卖盘
1194,13:38:09,3.24,0.0,20,6480,卖盘
1195,13:38:13,3.24,0.0,1,324,卖盘
1196,13:38:15,3.25,0.01,35,11375,买盘
1197,13:38:22,3.25,0.0,128,41484,买盘
1198,13:38:27,3.24,-0.01,1,324,卖盘
1199,13:38:34,3.24,0.0,1,324,卖盘
1200,13:38:37,3.24,0.0,1,324,卖盘
1201,13:39:33,3.24,0.0,73,23652,卖盘
1202,13:39:39,3.25,0.01,5,1625,买盘
1203,13:39:52,3.24,-0.01,3,972,卖盘
1204,13:39:58,3.25,0.01,60,19500,买盘
1205,13:40:00,3.24,-0.01,1,324,卖盘
1206,13:40:07,3.25,0.01,114,37050,买盘
1207,13:40:37,3.24,-0.01,10,3240,卖盘
1208,13:40:49,3.25,0.01,7,2275,买盘
1209,13:40:55,3.24,-0.01,15,4860,卖盘
1210,13:41:07,3.25,0.01,30,9750,买盘
1211,13:41:13,3.25,0.0,16,5200,买盘
1212,13:41:31,3.25,0.0,92,29900,买盘
1213,13:41:46,3.25,0.0,25,8125,买盘
1214,13:41:48,3.25,0.0,50,16250,买盘
1215,13:41:54,3.25,0.0,60,19500,买盘
1216,13:42:43,3.24,-0.01,19,6174,卖盘
1217,13:43:18,3.25,0.01,120,39000,买盘
1218,13:43:37,3.25,0.0,3,975,买盘
1219,13:43:40,3.25,0.0,1,325,买盘
1220,13:43:58,3.25,0.0,3,975,买盘
1221,13:44:16,3.25,0.0,30,9750,买盘
1222,13:44:34,3.24,-0.01,18,5832,卖盘
1223,13:44:46,3.24,0.0,54,17536,卖盘
1224,13:44:49,3.25,0.01,19,6175,买盘
1225,13:44:57,3.25,0.0,100,32500,买盘
1226,13:45:04,3.25,0.0,30,9750,买盘
1227,13:45:10,3.25,0.0,30,9750,买盘
1228,13:45:31,3.25,0.0,5,1625,买盘
1229,13:45:37,3.25,0.0,2,650,买盘
1230,13:45:40,3.24,-0.01,1,324,卖盘
1231,13:45:43,3.25,0.01,40,12970,买盘
1232,13:46:04,3.25,0.0,2,650,买盘
1233,13:46:16,3.24,-0.01,200,64800,卖盘
1234,13:46:31,3.25,0.01,36,11700,买盘
1235,13:46:49,3.24,-0.01,12,3888,卖盘
1236,13:47:00,3.24,0.0,20,6480,卖盘
1237,13:47:07,3.24,0.0,102,33048,卖盘
1238,13:47:19,3.24,0.0,165,53470,卖盘
1239,13:47:22,3.24,0.0,177,57348,卖盘
1240,13:47:28,3.24,0.0,39,12636,卖盘
1241,13:47:39,3.24,0.0,158,51192,卖盘
1242,13:48:34,3.23,-0.01,15,4845,卖盘
1243,13:49:01,3.24,0.01,18,5832,买盘
1244,13:49:30,3.24,0.0,50,16200,买盘
1245,13:49:33,3.23,-0.01,10,3230,卖盘
1246,13:49:58,3.24,0.01,35,11340,买盘
1247,13:50:15,3.24,0.0,89,28836,买盘
1248,13:50:46,3.24,0.0,36,11664,买盘
1249,13:50:55,3.23,-0.01,16,5168,卖盘
1250,13:50:58,3.24,0.01,7,2268,买盘
1251,13:51:04,3.23,-0.01,100,32300,卖盘
1252,13:51:06,3.24,0.01,10,3240,买盘
1253,13:51:22,3.24,0.0,31,10044,买盘
1254,13:51:25,3.24,0.0,25,8100,买盘
1255,13:51:40,3.24,0.0,162,52488,买盘
1256,13:52:06,3.25,0.01,420,136500,买盘
1257,13:52:19,3.25,0.0,100,32500,买盘
1258,13:52:34,3.25,0.0,91,29575,买盘
1259,13:52:40,3.25,0.0,36,11700,买盘
1260,13:52:43,3.25,0.0,3,975,买盘
1261,13:52:46,3.25,0.0,2,650,买盘
1262,13:52:49,3.25,0.0,88,28600,买盘
1263,13:52:52,3.25,0.0,20,6500,买盘
1264,13:52:55,3.25,0.0,41,13325,买盘
1265,13:53:13,3.26,0.01,387,126162,买盘
1266,13:53:31,3.27,0.01,37,12099,买盘
1267,13:53:34,3.27,0.0,50,16350,买盘
1268,13:53:43,3.27,0.0,20,6540,买盘
1269,13:53:46,3.27,0.0,401,131127,买盘
1270,13:53:52,3.27,0.0,2,654,卖盘
1271,13:54:01,3.27,0.0,61,19947,卖盘
1272,13:54:04,3.27,0.0,5,1635,卖盘
1273,13:54:07,3.27,0.0,5,1635,卖盘
1274,13:54:10,3.27,0.0,3,981,卖盘
1275,13:54:12,3.27,0.0,2,654,卖盘
1276,13:54:16,3.27,0.0,45,14715,卖盘
1277,13:54:25,3.27,0.0,6,1962,卖盘
1278,13:54:28,3.27,0.0,14,4588,卖盘
1279,13:54:31,3.27,0.0,6,1962,卖盘
1280,13:54:34,3.27,0.0,22,7194,卖盘
1281,13:54:40,3.28,0.01,10,3280,买盘
1282,13:54:43,3.28,0.0,22,7216,买盘
1283,13:54:48,3.27,-0.01,50,16350,卖盘
1284,13:54:52,3.28,0.01,20,6560,买盘
1285,13:54:55,3.27,-0.01,224,73248,卖盘
1286,13:55:01,3.28,0.01,24,7872,买盘
1287,13:55:04,3.28,0.0,201,65928,买盘
1288,13:55:10,3.28,0.0,112,36706,买盘
1289,13:55:13,3.28,0.0,29,9512,买盘
1290,13:55:21,3.28,0.0,65,21310,买盘
1291,13:55:49,3.28,0.0,10,3280,买盘
1292,13:56:01,3.28,0.0,2,656,买盘
1293,13:56:04,3.28,0.0,26,8528,买盘
1294,13:56:19,3.28,0.0,611,200408,买盘
1295,13:56:28,3.27,-0.01,20,6540,卖盘
1296,13:56:43,3.27,0.0,10,3270,卖盘
1297,13:57:10,3.28,0.01,4,1312,买盘
1298,13:57:43,3.27,-0.01,30,9810,卖盘
1299,13:57:52,3.27,0.0,90,29430,卖盘
1300,13:58:15,3.28,0.01,283,92613,买盘
1301,13:58:19,3.27,-0.01,23,7521,卖盘
1302,13:58:25,3.27,0.0,43,14061,买盘
1303,13:58:40,3.27,0.0,61,19947,卖盘
1304,13:58:43,3.28,0.01,19,6232,买盘
1305,13:59:07,3.28,0.0,75,24600,买盘
1306,13:59:13,3.27,-0.01,31,10137,卖盘
1307,13:59:27,3.27,0.0,10,3270,卖盘
1308,13:59:58,3.28,0.01,3,984,买盘
1309,14:00:07,3.27,-0.01,40,13080,卖盘
1310,14:00:13,3.28,0.01,2,656,买盘
1311,14:00:22,3.28,0.0,10,3280,买盘
1312,14:00:55,3.27,-0.01,40,13090,卖盘
1313,14:01:10,3.27,0.0,20,6540,卖盘
1314,14:01:31,3.27,0.0,10,3270,卖盘
1315,14:01:37,3.27,0.0,4,1308,卖盘
1316,14:01:46,3.27,0.0,20,6540,卖盘
1317,14:01:49,3.28,0.01,21,6888,买盘
1318,14:01:54,3.28,0.0,92,30176,买盘
1319,14:02:21,3.28,0.0,22,7216,买盘
1320,14:02:31,3.28,0.0,30,9840,买盘
1321,14:02:34,3.28,0.0,219,71832,买盘
1322,14:02:46,3.29,0.01,166,54614,买盘
1323,14:02:58,3.28,-0.01,1,328,卖盘
1324,14:03:10,3.28,0.0,5,1640,卖盘
1325,14:03:31,3.29,0.01,54,17766,买盘
1326,14:03:37,3.28,-0.01,24,7872,卖盘
1327,14:03:40,3.29,0.01,22,7238,买盘
1328,14:03:49,3.29,0.0,25,8225,买盘
1329,14:03:52,3.29,0.0,31,10199,买盘
1330,14:03:55,3.29,0.0,2,658,买盘
1331,14:03:57,3.29,0.0,140,46060,买盘
1332,14:04:07,3.28,-0.01,100,32800,卖盘
1333,14:04:10,3.29,0.01,24,7896,买盘
1334,14:04:16,3.29,0.0,31,10199,买盘
1335,14:04:19,3.29,0.0,766,252014,买盘
1336,14:04:37,3.3,0.01,24,7920,买盘
1337,14:04:52,3.3,0.0,30,9900,买盘
1338,14:04:57,3.3,0.0,200,66000,买盘
1339,14:05:01,3.3,0.0,60,19800,买盘
1340,14:05:04,3.3,0.0,51,16830,买盘
1341,14:05:10,3.29,-0.01,22,7238,卖盘
1342,14:05:13,3.3,0.01,24,7920,买盘
1343,14:05:16,3.3,0.0,5,1650,买盘
1344,14:05:19,3.29,-0.01,10,3290,卖盘
1345,14:05:25,3.29,0.0,3,987,卖盘
1346,14:05:34,3.3,0.01,3,990,买盘
1347,14:05:40,3.29,-0.01,23,7567,卖盘
1348,14:05:43,3.29,0.0,10,3290,卖盘
1349,14:05:49,3.29,0.0,105,34545,卖盘
1350,14:05:51,3.29,0.0,186,61194,卖盘
1351,14:05:58,3.3,0.01,130,42846,买盘
1352,14:06:04,3.29,-0.01,10,3290,买盘
1353,14:06:12,3.29,0.0,327,107583,买盘
1354,14:06:15,3.29,0.0,2,658,卖盘
1355,14:06:18,3.29,0.0,72,23688,卖盘
1356,14:06:34,3.29,0.0,51,16779,卖盘
1357,14:06:42,3.29,0.0,22,7238,卖盘
1358,14:06:49,3.29,0.0,10,3290,卖盘
1359,14:06:55,3.29,0.0,7,2303,卖盘
1360,14:06:58,3.29,0.0,50,16450,卖盘
1361,14:07:01,3.29,0.0,100,32900,卖盘
1362,14:07:04,3.29,0.0,48,15792,卖盘
1363,14:07:10,3.28,-0.01,10,3280,卖盘
1364,14:07:16,3.29,0.01,20,6580,买盘
1365,14:07:22,3.28,-0.01,1202,394256,卖盘
1366,14:07:27,3.27,-0.01,36,11772,卖盘
1367,14:07:37,3.27,0.0,8,2616,卖盘
1368,14:07:40,3.27,0.0,33,10791,卖盘
1369,14:07:49,3.27,0.0,100,32700,卖盘
1370,14:07:52,3.27,0.0,90,29430,卖盘
1371,14:08:16,3.27,0.0,124,40548,卖盘
1372,14:08:28,3.27,0.0,40,13080,买盘
1373,14:08:40,3.27,0.0,10,3270,买盘
1374,14:08:55,3.27,0.0,201,65726,买盘
1375,14:09:07,3.27,0.0,7,2289,买盘
1376,14:09:16,3.27,0.0,20,6540,买盘
1377,14:10:04,3.27,0.0,10,3270,买盘
1378,14:10:13,3.27,0.0,2,654,买盘
1379,14:10:18,3.27,0.0,168,54936,买盘
1380,14:10:22,3.27,0.0,1,327,买盘
1381,14:10:25,3.28,0.01,30,9840,买盘
1382,14:10:40,3.28,0.0,20,6560,买盘
1383,14:10:58,3.27,-0.01,1,327,卖盘
1384,14:11:07,3.27,0.0,9,2943,卖盘
1385,14:11:22,3.27,0.0,94,30738,卖盘
1386,14:11:28,3.27,0.0,1,327,卖盘
1387,14:11:31,3.28,0.01,2,656,买盘
1388,14:11:40,3.27,-0.01,1,327,卖盘
1389,14:11:46,3.28,0.01,20,6560,买盘
1390,14:12:01,3.27,-0.01,107,34996,卖盘
1391,14:12:07,3.28,0.01,13,4264,买盘
1392,14:12:10,3.28,0.0,22,7216,买盘
1393,14:12:19,3.28,0.0,20,6560,买盘
1394,14:12:31,3.28,0.0,19,6232,买盘
1395,14:12:34,3.28,0.0,10,3280,买盘
1396,14:12:51,3.28,0.0,20,6560,买盘
1397,14:13:07,3.28,0.0,20,6560,买盘
1398,14:13:13,3.28,0.0,8,2624,买盘
1399,14:13:19,3.28,0.0,20,6560,买盘
1400,14:13:46,3.27,-0.01,400,130800,卖盘
1401,14:13:51,3.28,0.01,5,1640,买盘
1402,14:14:10,3.28,0.0,15,4920,买盘
1403,14:14:43,3.27,-0.01,51,16727,卖盘
1404,14:14:52,3.28,0.01,20,6560,买盘
1405,14:15:22,3.28,0.0,6,1968,买盘
1406,14:15:27,3.3,0.02,5097,1674510,买盘
1407,14:15:36,3.3,0.0,23,7590,卖盘
1408,14:15:49,3.31,0.01,30,9930,买盘
1409,14:15:52,3.31,0.0,282,93342,买盘
1410,14:16:04,3.32,0.01,29,9628,买盘
1411,14:16:13,3.32,0.0,20,6640,买盘
1412,14:16:16,3.32,0.0,94,31208,买盘
1413,14:16:19,3.32,0.0,5,1660,买盘
1414,14:16:22,3.32,0.0,321,106572,买盘
1415,14:16:30,3.33,0.01,65,21645,买盘
1416,14:16:33,3.33,0.0,100,33300,买盘
1417,14:16:43,3.33,0.0,82,27306,买盘
1418,14:16:46,3.33,0.0,856,285048,买盘
1419,14:16:52,3.33,0.0,60,19980,买盘
1420,14:16:55,3.33,0.0,6,1998,卖盘
1421,14:17:04,3.33,0.0,30,9990,买盘
1422,14:17:12,3.33,0.0,7,2331,买盘
1423,14:17:15,3.32,-0.01,1,332,卖盘
1424,14:17:34,3.34,0.02,1425,475257,买盘
1425,14:17:40,3.34,0.0,100,33400,卖盘
1426,14:17:43,3.32,-0.02,39,12972,卖盘
1427,14:17:49,3.34,0.02,19,6346,买盘
1428,14:17:52,3.32,-0.02,7,2324,卖盘
1429,14:18:01,3.34,0.02,20,6673,买盘
1430,14:18:18,3.33,-0.01,10,3330,卖盘
1431,14:18:31,3.33,0.0,100,33300,卖盘
1432,14:18:40,3.34,0.01,20,6680,买盘
1433,14:18:43,3.33,-0.01,10,3330,卖盘
1434,14:18:49,3.34,0.01,100,33340,买盘
1435,14:18:55,3.33,-0.01,35,11655,卖盘
1436,14:19:01,3.33,0.0,87,28971,卖盘
1437,14:19:06,3.34,0.01,287,95835,买盘
1438,14:19:25,3.33,-0.01,25,8325,卖盘
1439,14:19:31,3.33,0.0,20,6660,买盘
1440,14:19:49,3.33,0.0,30,9990,买盘
1441,14:19:55,3.32,-0.01,10,3320,卖盘
1442,14:20:06,3.32,0.0,236,78352,卖盘
1443,14:20:10,3.32,0.0,515,170980,卖盘
1444,14:20:12,3.32,0.0,161,53452,卖盘
1445,14:20:16,3.32,0.0,84,27903,卖盘
1446,14:20:19,3.33,0.01,286,94983,买盘
1447,14:20:22,3.32,-0.01,29,9628,卖盘
1448,14:20:25,3.32,0.0,623,206836,卖盘
1449,14:20:28,3.32,0.0,71,23572,卖盘
1450,14:20:31,3.32,0.0,31,10292,买盘
1451,14:20:46,3.31,-0.01,1,331,卖盘
1452,14:21:16,3.31,0.0,5,1655,买盘
1453,14:21:19,3.31,0.0,5,1655,买盘
1454,14:22:19,3.3,-0.01,28,9240,卖盘
1455,14:22:31,3.3,0.0,25,8250,卖盘
1456,14:22:43,3.31,0.01,175,57918,买盘
1457,14:22:48,3.3,-0.01,3,990,卖盘
1458,14:22:58,3.31,0.01,50,16550,买盘
1459,14:23:04,3.3,-0.01,119,39270,卖盘
1460,14:23:07,3.3,0.0,290,95700,卖盘
1461,14:23:10,3.31,0.01,10,3310,买盘
1462,14:23:15,3.3,-0.01,45,14880,卖盘
1463,14:23:19,3.31,0.01,1,331,买盘
1464,14:23:22,3.3,-0.01,39,12870,卖盘
1465,14:24:01,3.3,0.0,3,990,卖盘
1466,14:24:16,3.3,0.0,58,19140,卖盘
1467,14:24:19,3.31,0.01,30,9930,买盘
1468,14:24:52,3.31,0.0,20,6620,买盘
1469,14:24:55,3.31,0.0,122,40382,买盘
1470,14:25:07,3.31,0.0,22,7282,买盘
1471,14:25:22,3.31,0.0,34,11254,买盘
1472,14:25:58,3.31,0.0,68,22508,买盘
1473,14:26:12,3.3,-0.01,20,6600,卖盘
1474,14:26:19,3.3,0.0,193,63690,卖盘
1475,14:26:49,3.3,0.0,32,10560,卖盘
1476,14:27:06,3.3,0.0,3,990,卖盘
1477,14:27:10,3.3,0.0,4,1320,卖盘
1478,14:27:24,3.3,0.0,50,16500,卖盘
1479,14:27:31,3.3,0.0,5,1650,卖盘
1480,14:27:52,3.31,0.01,4,1324,买盘
1481,14:27:54,3.3,-0.01,1,330,卖盘
1482,14:28:16,3.31,0.01,31,10261,买盘
1483,14:28:22,3.3,-0.01,6,1980,卖盘
1484,14:28:42,3.31,0.01,23,7613,买盘
1485,14:28:49,3.31,0.0,30,9930,买盘
1486,14:29:24,3.31,0.0,2,662,买盘
1487,14:29:42,3.31,0.0,5,1655,买盘
1488,14:30:16,3.31,0.0,99,32769,买盘
1489,14:30:33,3.31,0.0,10,3310,买盘
1490,14:30:52,3.31,0.0,10,3310,买盘
1491,14:30:57,3.3,-0.01,36,11887,卖盘
1492,14:31:06,3.3,0.0,150,49500,卖盘
1493,14:31:13,3.3,0.0,10,3300,卖盘
1494,14:31:15,3.31,0.01,53,17543,买盘
1495,14:31:19,3.31,0.0,50,16550,买盘
1496,14:31:22,3.3,-0.01,20,6600,卖盘
1497,14:31:31,3.3,0.0,44,14531,卖盘
1498,14:32:13,3.31,0.01,8,2648,买盘
1499,14:32:22,3.3,-0.01,45,14850,卖盘
1500,14:32:52,3.3,0.0,22,7260,卖盘
1501,14:32:55,3.3,0.0,616,203953,卖盘
1502,14:32:58,3.3,0.0,2,660,卖盘
1503,14:33:22,3.3,0.0,20,6600,卖盘
1504,14:33:34,3.31,0.01,55,18205,卖盘
1505,14:33:43,3.31,0.0,1,331,卖盘
1506,14:33:45,3.31,0.0,1,331,卖盘
1507,14:33:49,3.31,0.0,1,331,卖盘
1508,14:33:52,3.31,0.0,1,331,卖盘
1509,14:33:55,3.31,0.0,1,331,卖盘
1510,14:33:58,3.31,0.0,1,331,卖盘
1511,14:34:01,3.31,0.0,1,331,卖盘
1512,14:34:04,3.31,0.0,1,331,卖盘
1513,14:34:19,3.32,0.01,10,3315,买盘
1514,14:34:36,3.32,0.0,11,3652,买盘
1515,14:34:43,3.31,-0.01,3,993,买盘
1516,14:34:45,3.31,0.0,41,13571,买盘
1517,14:34:49,3.31,0.0,100,33100,买盘
1518,14:34:52,3.31,0.0,20,6620,买盘
1519,14:34:58,3.31,0.0,131,43361,买盘
1520,14:35:25,3.31,0.0,5,1655,卖盘
1521,14:35:37,3.32,0.01,218,72376,买盘
1522,14:36:10,3.32,0.0,200,66400,卖盘
1523,14:36:13,3.32,0.0,20,6640,卖盘
1524,14:36:16,3.32,0.0,34,11288,卖盘
1525,14:36:19,3.32,0.0,19,6308,卖盘
1526,14:36:27,3.32,0.0,200,66400,卖盘
1527,14:36:34,3.32,0.0,20,6640,卖盘
1528,14:36:43,3.31,-0.01,578,191449,卖盘
1529,14:36:55,3.31,0.0,8,2648,买盘
1530,14:37:01,3.3,-0.01,200,66000,卖盘
1531,14:37:04,3.3,0.0,20,6600,卖盘
1532,14:37:40,3.3,0.0,40,13200,卖盘
1533,14:37:42,3.3,0.0,156,51480,卖盘
1534,14:37:49,3.3,0.0,157,51810,卖盘
1535,14:37:57,3.3,0.0,233,76890,卖盘
1536,14:38:01,3.31,0.01,10,3310,买盘
1537,14:38:10,3.3,-0.01,72,23760,卖盘
1538,14:38:16,3.31,0.01,16,5288,买盘
1539,14:38:19,3.3,-0.01,10,3300,卖盘
1540,14:38:25,3.3,0.0,374,123420,卖盘
1541,14:38:36,3.3,0.0,39,12870,卖盘
1542,14:38:55,3.3,0.0,65,21450,卖盘
1543,14:38:58,3.3,0.0,87,28710,卖盘
1544,14:39:06,3.3,0.0,56,18480,卖盘
1545,14:39:10,3.3,0.0,78,25740,卖盘
1546,14:39:21,3.3,0.0,8,2640,卖盘
1547,14:39:25,3.3,0.0,250,82500,卖盘
1548,14:39:43,3.29,-0.01,20,6580,卖盘
1549,14:39:46,3.3,0.01,28,9240,买盘
1550,14:39:58,3.29,-0.01,30,9870,卖盘
1551,14:40:04,3.3,0.01,7,2310,买盘
1552,14:40:31,3.29,-0.01,20,6580,卖盘
1553,14:40:52,3.29,0.0,20,6580,卖盘
1554,14:40:55,3.3,0.01,5,1650,买盘
1555,14:41:03,3.3,0.0,18,5940,买盘
1556,14:41:34,3.3,0.0,1,330,买盘
1557,14:42:07,3.29,-0.01,4,1316,卖盘
1558,14:42:10,3.3,0.01,5,1650,买盘
1559,14:42:19,3.3,0.0,18,5940,买盘
1560,14:42:22,3.29,-0.01,88,28952,卖盘
1561,14:42:34,3.29,0.0,6,1974,卖盘
1562,14:42:36,3.3,0.01,100,33000,买盘
1563,14:42:49,3.29,-0.01,29,9541,卖盘
1564,14:43:04,3.29,0.0,27,8883,卖盘
1565,14:43:40,3.29,0.0,25,8225,卖盘
1566,14:43:43,3.29,0.0,14,4606,卖盘
1567,14:43:48,3.29,0.0,45,14805,卖盘
1568,14:44:13,3.29,0.0,92,30268,卖盘
1569,14:44:16,3.29,0.0,469,154301,卖盘
1570,14:44:19,3.29,0.0,78,25662,卖盘
1571,14:44:42,3.29,0.0,104,34216,买盘
1572,14:44:52,3.29,0.0,15,4935,卖盘
1573,14:45:30,3.29,0.0,231,75999,卖盘
1574,14:45:34,3.29,0.0,11,3619,买盘
1575,14:45:42,3.29,0.0,152,50008,买盘
1576,14:45:46,3.29,0.0,19,6251,买盘
1577,14:46:15,3.29,0.0,14,4606,买盘
1578,14:46:25,3.28,-0.01,9,2952,卖盘
1579,14:46:28,3.29,0.01,64,21056,买盘
1580,14:46:31,3.29,0.0,83,27307,卖盘
1581,14:46:34,3.29,0.0,20,6580,卖盘
1582,14:46:43,3.29,0.0,180,59220,卖盘
1583,14:46:46,3.29,0.0,20,6580,卖盘
1584,14:47:13,3.29,0.0,52,17108,卖盘
1585,14:47:19,3.29,0.0,32,10528,卖盘
1586,14:47:22,3.29,0.0,10,3290,卖盘
1587,14:47:49,3.29,0.0,643,212180,卖盘
1588,14:47:52,3.3,0.01,1273,420090,买盘
1589,14:47:55,3.29,-0.01,6,1974,卖盘
1590,14:47:58,3.29,0.0,776,255304,卖盘
1591,14:48:07,3.29,0.0,61,20069,卖盘
1592,14:49:15,3.29,0.0,29,9541,卖盘
1593,14:49:31,3.29,0.0,24,7896,卖盘
1594,14:49:43,3.29,0.0,400,131600,卖盘
1595,14:49:46,3.29,0.0,195,64155,卖盘
1596,14:49:49,3.29,0.0,20,6580,卖盘
1597,14:49:57,3.29,0.0,59,19411,卖盘
1598,14:50:19,3.29,0.0,1,329,买盘
1599,14:50:49,3.29,0.0,4,1316,买盘
1600,14:51:00,3.28,-0.01,10,3280,卖盘
1601,14:51:10,3.28,0.0,50,16400,卖盘
1602,14:51:22,3.28,0.0,1,328,卖盘
1603,14:51:24,3.29,0.01,10,3290,买盘
1604,14:51:34,3.28,-0.01,10,3280,卖盘
1605,14:51:37,3.28,0.0,5,1640,卖盘
1606,14:51:40,3.28,0.0,277,90856,卖盘
1607,14:51:49,3.28,0.0,86,28208,卖盘
1608,14:51:52,3.28,0.0,804,263712,卖盘
1609,14:51:55,3.28,0.0,50,16400,卖盘
1610,14:51:58,3.28,0.0,37,12136,卖盘
1611,14:52:16,3.28,0.0,1,328,买盘
1612,14:52:19,3.28,0.0,5,1640,买盘
1613,14:52:22,3.27,-0.01,469,153995,卖盘
1614,14:52:25,3.28,0.01,5,1640,中性盘
1615,14:52:31,3.28,0.0,46,15088,卖盘
1616,14:52:40,3.28,0.0,7,2296,卖盘
1617,14:52:43,3.28,0.0,54,17712,卖盘
1618,14:52:46,3.28,0.0,10,3280,卖盘
1619,14:52:52,3.29,0.01,208,68432,买盘
1620,14:52:57,3.28,-0.01,29,9512,卖盘
1621,14:53:01,3.29,0.01,96,31584,买盘
1622,14:53:04,3.29,0.0,20,6580,买盘
1623,14:53:07,3.28,-0.01,60,19680,卖盘
1624,14:53:09,3.29,0.01,11,3619,买盘
1625,14:53:19,3.29,0.0,50,16450,买盘
1626,14:53:36,3.29,0.0,5,1645,买盘
1627,14:53:46,3.28,-0.01,234,76752,卖盘
1628,14:54:01,3.28,0.0,40,13120,卖盘
1629,14:54:04,3.28,0.0,60,19680,卖盘
1630,14:54:07,3.29,0.01,32,10528,买盘
1631,14:54:13,3.29,0.0,23,7567,买盘
1632,14:54:22,3.28,-0.01,136,44644,卖盘
1633,14:54:33,3.28,0.0,43,14104,卖盘
1634,14:54:36,3.29,0.01,97,31913,买盘
1635,14:54:40,3.29,0.0,100,32900,买盘
1636,14:54:45,3.29,0.0,126,41354,买盘
1637,14:54:49,3.28,-0.01,117,38376,卖盘
1638,14:54:55,3.29,0.01,96,31584,买盘
1639,14:54:58,3.28,-0.01,18,5904,卖盘
1640,14:55:07,3.29,0.01,10,3290,买盘
1641,14:55:10,3.29,0.0,1,329,买盘
1642,14:55:16,3.29,0.0,40,13160,买盘
1643,14:55:31,3.28,-0.01,93,30504,卖盘
1644,14:55:40,3.28,0.0,49,16072,卖盘
1645,14:55:43,3.28,0.0,10,3280,卖盘
1646,14:55:46,3.28,0.0,29,9512,卖盘
1647,14:55:49,3.28,0.0,20,6560,卖盘
1648,14:55:58,3.29,0.01,3,987,买盘
1649,14:56:01,3.28,-0.01,43,14104,卖盘
1650,14:56:04,3.29,0.01,3,987,买盘
1651,14:56:07,3.28,-0.01,33,10824,卖盘
1652,14:56:13,3.29,0.01,1,329,买盘
1653,14:56:25,3.28,-0.01,7,2296,卖盘
1654,14:56:28,3.29,0.01,48,15792,买盘
1655,14:56:31,3.28,-0.01,188,61664,卖盘
1656,14:56:34,3.29,0.01,179,58891,买盘
1657,14:56:37,3.28,-0.01,15,4920,卖盘
1658,14:56:40,3.29,0.01,37,12173,买盘
1659,14:56:48,3.28,-0.01,86,28208,卖盘
1660,14:57:01,3.28,0.0,30,9840,卖盘
1661,14:57:04,3.29,0.01,115,37835,买盘
1662,15:00:05,3.28,-0.01,1729,567112,卖盘
