,time,price,change,volume,amount,type
0,09:25:05,6.06,-0.09,2167,1313202,卖盘
1,09:30:00,6.05,-0.01,161,97410,卖盘
2,09:30:04,6.03,-0.02,1800,1087754,卖盘
3,09:30:06,6.04,0.01,126,76084,买盘
4,09:30:09,6.04,0.0,25,15093,买盘
5,09:30:13,6.04,0.0,22,13273,买盘
6,09:30:16,6.04,0.0,428,258285,买盘
7,09:30:18,6.03,-0.01,57,34403,卖盘
8,09:30:21,6.04,0.01,181,109145,买盘
9,09:30:24,6.04,0.0,40,24160,卖盘
10,09:30:27,6.05,0.01,21,12692,买盘
11,09:30:31,6.04,-0.01,96,57999,卖盘
12,09:30:34,6.04,0.0,72,43550,卖盘
13,09:30:36,6.05,0.01,183,110699,买盘
14,09:30:39,6.05,0.0,27,16333,买盘
15,09:30:42,6.05,0.0,61,36905,买盘
16,09:30:45,6.05,0.0,154,93116,买盘
17,09:30:48,6.05,0.0,312,188750,买盘
18,09:30:51,6.05,0.0,370,223821,买盘
19,09:30:54,6.06,0.01,634,383615,买盘
20,09:30:57,6.06,0.0,53,32112,买盘
21,09:31:00,6.06,0.0,282,170716,买盘
22,09:31:04,6.06,0.0,56,33936,买盘
23,09:31:06,6.07,0.01,24,14548,买盘
24,09:31:10,6.06,-0.01,565,342102,卖盘
25,09:31:12,6.07,0.01,129,78289,买盘
26,09:31:15,6.06,-0.01,123,74592,卖盘
27,09:31:18,6.07,0.01,11,6671,买盘
28,09:31:21,6.06,-0.01,51,30927,卖盘
29,09:31:24,6.07,0.01,261,158329,买盘
30,09:31:28,6.06,-0.01,291,176346,卖盘
31,09:31:30,6.06,0.0,88,53328,买盘
32,09:31:33,6.06,0.0,109,66054,买盘
33,09:31:36,6.06,0.0,263,159243,买盘
34,09:31:39,6.06,0.0,153,92718,买盘
35,09:31:42,6.06,0.0,287,173922,卖盘
36,09:31:46,6.06,0.0,135,81810,买盘
37,09:31:51,6.06,0.0,85,51510,卖盘
38,09:31:54,6.06,0.0,86,52116,卖盘
39,09:31:57,6.06,0.0,157,95179,卖盘
40,09:32:00,6.06,0.0,430,260190,买盘
41,09:32:04,6.06,0.0,2,1212,卖盘
42,09:32:07,6.06,0.0,123,74560,卖盘
43,09:32:09,6.06,0.0,10,6068,卖盘
44,09:32:12,6.06,0.0,163,98783,卖盘
45,09:32:15,6.06,0.0,238,144179,卖盘
46,09:32:18,6.07,0.01,243,147411,买盘
47,09:32:21,6.05,-0.02,229,138577,卖盘
48,09:32:24,6.07,0.02,248,150327,买盘
49,09:32:27,6.06,-0.01,52,31519,卖盘
50,09:32:30,6.06,0.0,182,110327,卖盘
51,09:32:34,6.07,0.01,128,77618,买盘
52,09:32:36,6.07,0.0,40,24280,买盘
53,09:32:40,6.07,0.0,81,49140,买盘
54,09:32:43,6.06,-0.01,122,73998,卖盘
55,09:32:45,6.07,0.01,2,1214,买盘
56,09:32:48,6.07,0.0,50,30310,买盘
57,09:32:52,6.06,-0.01,464,281439,卖盘
58,09:32:55,6.07,0.01,46,27889,买盘
59,09:33:00,6.07,0.0,26,15782,卖盘
60,09:33:03,6.08,0.01,105,63779,买盘
61,09:33:06,6.06,-0.02,14,8484,卖盘
62,09:33:10,6.08,0.02,120,72929,买盘
63,09:33:13,6.08,0.0,120,72930,买盘
64,09:33:15,6.07,-0.01,119,72277,卖盘
65,09:33:18,6.08,0.01,23,13974,买盘
66,09:33:22,6.08,0.0,165,100320,买盘
67,09:33:24,6.08,0.0,122,74076,买盘
68,09:33:27,6.08,0.0,141,85728,买盘
69,09:33:30,6.08,0.0,218,132390,买盘
70,09:33:34,6.07,-0.01,261,158444,卖盘
71,09:33:36,6.08,0.01,43,26137,买盘
72,09:33:39,6.07,-0.01,62,37648,卖盘
73,09:33:42,6.08,0.01,36,21878,买盘
74,09:33:48,6.08,0.0,73,44375,买盘
75,09:33:52,6.08,0.0,61,37085,买盘
76,09:33:54,6.08,0.0,152,92395,买盘
77,09:33:57,6.08,0.0,59,35872,买盘
78,09:34:00,6.08,0.0,116,70528,买盘
79,09:34:03,6.08,0.0,66,40096,买盘
80,09:34:06,6.08,0.0,72,43776,买盘
81,09:34:10,6.08,0.0,117,71133,买盘
82,09:34:12,6.08,0.0,20,12160,卖盘
83,09:34:15,6.08,0.0,88,53474,买盘
84,09:34:18,6.09,0.01,18,10949,买盘
85,09:34:21,6.08,-0.01,92,55941,卖盘
86,09:34:24,6.07,-0.01,202,122684,卖盘
87,09:34:27,6.08,0.01,22,13376,买盘
88,09:34:31,6.07,-0.01,85,51658,卖盘
89,09:34:34,6.06,-0.01,1286,779809,卖盘
90,09:34:36,6.06,0.0,102,61812,买盘
91,09:34:39,6.06,0.0,513,310378,买盘
92,09:34:42,6.05,-0.01,439,265595,卖盘
93,09:34:45,6.05,0.0,162,98010,买盘
94,09:34:48,6.06,0.01,783,473244,买盘
95,09:34:51,6.04,-0.02,468,282722,卖盘
96,09:34:54,6.04,0.0,125,75500,买盘
97,09:34:57,6.03,-0.01,313,188836,卖盘
98,09:35:00,6.04,0.01,907,546922,买盘
99,09:35:04,6.02,-0.02,137,82717,卖盘
100,09:35:06,6.03,0.01,288,173941,买盘
101,09:35:10,6.03,0.0,35,21110,卖盘
102,09:35:12,6.03,0.0,109,65730,卖盘
103,09:35:15,6.03,0.0,170,102610,卖盘
104,09:35:18,6.03,0.0,343,206729,卖盘
105,09:35:21,6.01,-0.02,2369,1424914,卖盘
106,09:35:24,6.01,0.0,226,135791,买盘
107,09:35:27,6.0,-0.01,1722,1033251,卖盘
108,09:35:30,6.0,0.0,103,61800,买盘
109,09:35:33,6.0,0.0,308,184659,买盘
110,09:35:36,5.99,-0.01,319,191077,卖盘
111,09:35:39,5.98,-0.01,117,70066,卖盘
112,09:35:42,5.98,0.0,222,132869,卖盘
113,09:35:45,5.99,0.01,333,199188,买盘
114,09:35:49,5.98,-0.01,432,258255,卖盘
115,09:35:52,5.98,0.0,239,142922,买盘
116,09:35:55,5.98,0.0,629,376188,买盘
117,09:35:57,5.99,0.01,363,217283,买盘
118,09:36:00,5.99,0.0,421,251939,买盘
119,09:36:04,5.98,-0.01,1115,666937,卖盘
120,09:36:06,5.99,0.01,807,482603,买盘
121,09:36:09,6.0,0.01,196,117501,买盘
122,09:36:13,6.0,0.0,231,138538,买盘
123,09:36:15,6.0,0.0,110,65992,买盘
124,09:36:18,6.0,0.0,367,220484,卖盘
125,09:36:21,6.01,0.01,389,233465,买盘
126,09:36:24,6.01,0.0,151,90732,买盘
127,09:36:27,6.02,0.01,27,16239,买盘
128,09:36:30,6.02,0.0,243,146028,卖盘
129,09:36:33,6.02,0.0,39,23474,卖盘
130,09:36:36,6.03,0.01,32,19259,买盘
131,09:36:39,6.02,-0.01,57,34320,中性盘
132,09:36:42,6.02,0.0,149,89731,卖盘
133,09:36:46,6.03,0.01,103,62104,买盘
134,09:36:48,6.04,0.01,218,131572,买盘
135,09:36:51,6.04,0.0,64,38656,卖盘
136,09:36:54,6.05,0.01,199,120462,买盘
137,09:36:57,6.05,0.0,286,173006,买盘
138,09:37:00,6.05,0.0,256,154757,卖盘
139,09:37:04,6.05,0.0,16,9680,卖盘
140,09:37:06,6.05,0.0,30,18150,买盘
141,09:37:09,6.05,0.0,15,9075,买盘
142,09:37:12,6.03,-0.02,253,152563,卖盘
143,09:37:16,6.05,0.02,123,74215,买盘
144,09:37:18,6.05,0.0,20,12072,买盘
145,09:37:21,6.04,-0.01,44,26555,中性盘
146,09:37:24,6.03,-0.01,250,150750,卖盘
147,09:37:27,6.02,-0.01,241,145182,卖盘
148,09:37:30,6.02,0.0,378,227605,卖盘
149,09:37:33,6.02,0.0,73,43946,卖盘
150,09:37:36,6.0,-0.02,481,289139,卖盘
151,09:37:39,6.02,0.02,40,24040,买盘
152,09:37:42,6.01,-0.01,2,1202,买盘
153,09:37:45,6.01,0.0,121,72787,买盘
154,09:37:48,6.02,0.01,300,180493,买盘
155,09:37:51,6.01,-0.01,199,119740,卖盘
156,09:37:54,6.01,0.0,77,46341,卖盘
157,09:37:57,6.01,0.0,218,131125,卖盘
158,09:38:00,6.02,0.01,89,53542,买盘
159,09:38:04,6.02,0.0,117,70517,卖盘
160,09:38:06,6.02,0.0,124,74715,卖盘
161,09:38:10,6.02,0.0,275,165623,卖盘
162,09:38:13,6.03,0.01,126,75948,买盘
163,09:38:15,6.02,-0.01,331,199464,卖盘
164,09:38:18,6.03,0.01,59,35557,买盘
165,09:38:21,6.03,0.0,2,1206,卖盘
166,09:38:24,6.03,0.0,14,8442,卖盘
167,09:38:27,6.04,0.01,47,28388,买盘
168,09:38:30,6.03,-0.01,43,25970,卖盘
169,09:38:34,6.04,0.01,95,57380,买盘
170,09:38:37,6.04,0.0,3,1812,卖盘
171,09:38:39,6.04,0.0,290,175178,卖盘
172,09:38:42,6.04,0.0,99,59805,卖盘
173,09:38:45,6.04,0.0,152,91884,卖盘
174,09:38:48,6.04,0.0,60,36240,卖盘
175,09:38:51,6.04,0.0,28,16912,买盘
176,09:38:54,6.04,0.0,29,17526,卖盘
177,09:39:00,6.04,0.0,34,20535,买盘
178,09:39:04,6.03,-0.01,142,85706,卖盘
179,09:39:06,6.04,0.01,270,162896,买盘
180,09:39:09,6.04,0.0,135,81540,卖盘
181,09:39:12,6.03,-0.01,81,48847,卖盘
182,09:39:15,6.03,0.0,356,214748,卖盘
183,09:39:18,6.03,0.0,7,4221,买盘
184,09:39:21,6.02,-0.01,27,16254,卖盘
185,09:39:24,6.01,-0.01,559,336486,卖盘
186,09:39:28,6.02,0.01,7,4214,买盘
187,09:39:30,6.02,0.0,2,1204,买盘
188,09:39:33,6.01,-0.01,855,513709,卖盘
189,09:39:36,6.01,0.0,181,108681,买盘
190,09:39:40,6.01,0.0,63,37820,买盘
191,09:39:43,6.0,-0.01,91,54632,卖盘
192,09:39:45,6.0,0.0,104,62400,卖盘
193,09:39:48,6.0,0.0,460,276015,卖盘
194,09:39:51,5.99,-0.01,105,62973,卖盘
195,09:39:54,6.0,0.01,240,143954,买盘
196,09:39:57,6.0,0.0,50,30000,卖盘
197,09:40:00,6.0,0.0,91,54600,卖盘
198,09:40:03,6.0,0.0,225,135027,卖盘
199,09:40:07,6.0,0.0,245,147000,卖盘
200,09:40:10,6.0,0.0,208,124611,买盘
201,09:40:13,5.99,-0.01,99,59330,卖盘
202,09:40:15,6.0,0.01,179,107286,买盘
203,09:40:18,5.99,-0.01,42,25191,卖盘
204,09:40:21,6.0,0.01,3,1800,买盘
205,09:40:24,5.99,-0.01,100,59914,卖盘
206,09:40:27,6.0,0.01,62,37177,买盘
207,09:40:30,5.99,-0.01,50,29965,卖盘
208,09:40:33,5.99,0.0,198,118614,卖盘
209,09:40:37,6.0,0.01,266,159354,买盘
210,09:40:39,6.0,0.0,268,160798,买盘
211,09:40:42,5.99,-0.01,243,145595,卖盘
212,09:40:45,5.99,0.0,65,38968,卖盘
213,09:40:49,6.0,0.01,191,114584,买盘
214,09:40:51,6.0,0.0,148,88733,买盘
215,09:40:54,5.99,-0.01,191,114575,卖盘
216,09:40:57,6.0,0.01,123,73868,买盘
217,09:41:00,6.0,0.0,140,84025,卖盘
218,09:41:03,6.0,0.0,186,111611,卖盘
219,09:41:06,5.99,-0.01,547,327662,卖盘
220,09:41:09,5.99,0.0,313,187467,买盘
221,09:41:12,5.99,0.0,89,53268,买盘
222,09:41:15,5.99,0.0,153,91562,买盘
223,09:41:19,6.0,0.01,16,9585,买盘
224,09:41:22,6.0,0.0,16,9594,买盘
225,09:41:25,5.99,-0.01,58,34752,卖盘
226,09:41:30,5.99,0.0,131,78480,卖盘
227,09:41:33,5.99,0.0,84,50372,卖盘
228,09:41:36,5.99,0.0,121,72479,卖盘
229,09:41:39,6.0,0.01,456,273464,买盘
230,09:41:42,6.0,0.0,152,91200,卖盘
231,09:41:46,6.01,0.01,1005,602299,买盘
232,09:41:48,6.0,-0.01,47,28200,中性盘
233,09:41:51,6.0,0.0,30,18000,买盘
234,09:41:54,6.0,0.0,10,6000,买盘
235,09:41:57,6.0,0.0,126,75493,买盘
236,09:42:01,6.0,0.0,218,130647,买盘
237,09:42:04,6.0,0.0,575,344957,买盘
238,09:42:06,6.0,0.0,90,53935,买盘
239,09:42:09,5.99,-0.01,211,126522,卖盘
240,09:42:12,5.99,0.0,193,115612,卖盘
241,09:42:15,5.99,0.0,498,298314,卖盘
242,09:42:19,5.99,0.0,86,51514,买盘
243,09:42:21,5.98,-0.01,77,46108,卖盘
244,09:42:24,5.98,0.0,101,60430,卖盘
245,09:42:27,5.98,0.0,1120,669816,卖盘
246,09:42:30,5.99,0.01,146,87394,买盘
247,09:42:34,5.99,0.0,118,70569,买盘
248,09:42:36,5.99,0.0,153,91584,买盘
249,09:42:39,5.98,-0.01,154,92100,卖盘
250,09:42:42,5.98,0.0,61,36517,卖盘
251,09:42:45,6.0,0.02,33,19772,买盘
252,09:42:48,5.99,-0.01,22,13178,卖盘
253,09:42:51,5.99,0.0,7,4193,卖盘
254,09:42:54,6.0,0.01,15,8996,买盘
255,09:43:01,6.0,0.0,126,75592,买盘
256,09:43:04,6.0,0.0,89,53369,买盘
257,09:43:06,6.0,0.0,327,196161,买盘
258,09:43:09,6.0,0.0,26,15600,买盘
259,09:43:12,6.0,0.0,121,72600,卖盘
260,09:43:15,6.0,0.0,84,50400,卖盘
261,09:43:19,6.01,0.01,43,25803,买盘
262,09:43:21,6.01,0.0,7,4207,买盘
263,09:43:27,6.01,0.0,56,33656,买盘
264,09:43:30,6.01,0.0,261,156810,买盘
265,09:43:33,6.01,0.0,391,234991,卖盘
266,09:43:36,6.01,0.0,11,6611,卖盘
267,09:43:39,6.02,0.01,80,48160,买盘
268,09:43:42,6.01,-0.01,31,18631,卖盘
269,09:43:45,6.01,0.0,249,149682,卖盘
270,09:43:48,6.01,0.0,83,49883,卖盘
271,09:43:51,6.02,0.01,115,69192,买盘
272,09:43:54,6.02,0.0,32,19264,买盘
273,09:43:57,6.02,0.0,149,89619,买盘
274,09:44:00,6.03,0.01,5,3015,买盘
275,09:44:04,6.02,-0.01,95,57190,卖盘
276,09:44:06,6.03,0.01,26,15678,买盘
277,09:44:09,6.02,-0.01,2,1204,卖盘
278,09:44:12,6.03,0.01,203,122262,买盘
279,09:44:16,6.02,-0.01,546,328742,卖盘
280,09:44:18,6.03,0.01,31,18693,买盘
281,09:44:22,6.03,0.0,48,28944,买盘
282,09:44:25,6.02,-0.01,3,1806,卖盘
283,09:44:27,6.02,0.0,170,102363,卖盘
284,09:44:30,6.01,-0.01,143,85958,卖盘
285,09:44:33,6.02,0.01,58,34916,买盘
286,09:44:36,6.02,0.0,19,11438,买盘
287,09:44:40,6.02,0.0,28,16836,买盘
288,09:44:43,6.02,0.0,78,46952,买盘
289,09:44:45,6.01,-0.01,309,185773,卖盘
290,09:44:48,6.01,0.0,96,57696,买盘
291,09:44:51,6.02,0.01,123,74029,买盘
292,09:44:54,6.02,0.0,21,12642,买盘
293,09:44:57,6.02,0.0,15,9025,买盘
294,09:45:00,6.01,-0.01,100,60100,卖盘
295,09:45:03,6.02,0.01,165,99166,买盘
296,09:45:07,6.01,-0.01,32,19232,卖盘
297,09:45:10,6.02,0.01,132,79411,买盘
298,09:45:12,6.01,-0.01,34,20434,卖盘
299,09:45:15,6.02,0.01,11,6618,买盘
300,09:45:18,6.01,-0.01,280,168280,卖盘
301,09:45:21,6.02,0.01,45,27090,买盘
302,09:45:24,6.01,-0.01,145,87184,卖盘
303,09:45:27,6.02,0.01,1,602,买盘
304,09:45:30,6.02,0.0,735,442446,买盘
305,09:45:33,6.02,0.0,6,3612,卖盘
306,09:45:36,6.03,0.01,235,141490,买盘
307,09:45:43,6.03,0.0,91,54797,买盘
308,09:45:45,6.03,0.0,36,21698,买盘
309,09:45:48,6.03,0.0,109,65668,买盘
310,09:45:51,6.02,-0.01,164,98728,卖盘
311,09:45:54,6.02,0.0,42,25284,买盘
312,09:45:57,6.02,0.0,24,14448,买盘
313,09:46:00,6.02,0.0,18,10836,买盘
314,09:46:03,6.02,0.0,5,3010,买盘
315,09:46:06,6.02,0.0,2,1203,买盘
316,09:46:09,6.01,-0.01,72,43312,卖盘
317,09:46:13,6.01,0.0,6,3611,卖盘
318,09:46:18,6.02,0.01,17,10234,买盘
319,09:46:21,6.02,0.0,120,72200,买盘
320,09:46:24,6.02,0.0,19,11438,买盘
321,09:46:27,6.02,0.0,1,602,卖盘
322,09:46:30,6.02,0.0,6,3612,卖盘
323,09:46:33,6.03,0.01,9,5423,买盘
324,09:46:37,6.03,0.0,46,27703,买盘
325,09:46:40,6.03,0.0,74,44621,买盘
326,09:46:45,6.02,-0.01,162,97554,中性盘
327,09:46:48,6.03,0.01,61,36735,买盘
328,09:46:51,6.03,0.0,25,15075,买盘
329,09:46:54,6.03,0.0,69,41565,买盘
330,09:46:57,6.02,-0.01,183,110271,卖盘
331,09:47:00,6.03,0.01,133,80081,买盘
332,09:47:04,6.03,0.0,1,603,买盘
333,09:47:06,6.02,-0.01,73,43982,卖盘
334,09:47:09,6.03,0.01,30,18090,买盘
335,09:47:12,6.03,0.0,56,33750,买盘
336,09:47:15,6.03,0.0,201,121153,买盘
337,09:47:18,6.02,-0.01,249,149908,卖盘
338,09:47:21,6.03,0.01,11,6633,买盘
339,09:47:24,6.02,-0.01,139,83683,卖盘
340,09:47:27,6.02,0.0,83,49966,买盘
341,09:47:30,6.02,0.0,66,39672,买盘
342,09:47:33,6.02,0.0,4,2408,买盘
343,09:47:37,6.02,0.0,32,19260,买盘
344,09:47:39,6.01,-0.01,39,23477,卖盘
345,09:47:42,6.02,0.01,42,25284,买盘
346,09:47:45,6.02,0.0,51,30702,买盘
347,09:47:48,6.02,0.0,202,121600,买盘
348,09:47:51,6.01,-0.01,235,141274,卖盘
349,09:47:54,6.02,0.01,371,223322,买盘
350,09:48:00,6.01,-0.01,241,144897,卖盘
351,09:48:04,6.02,0.01,63,37926,买盘
352,09:48:06,6.02,0.0,114,68602,卖盘
353,09:48:09,6.02,0.0,20,12040,买盘
354,09:48:15,6.02,0.0,43,25886,买盘
355,09:48:18,6.02,0.0,58,34908,买盘
356,09:48:22,6.02,0.0,30,18060,买盘
357,09:48:25,6.02,0.0,263,158326,买盘
358,09:48:28,6.02,0.0,1,602,卖盘
359,09:48:30,6.02,0.0,146,87923,卖盘
360,09:48:33,6.02,0.0,4,2408,卖盘
361,09:48:36,6.02,0.0,28,16876,卖盘
362,09:48:39,6.02,0.0,125,75255,卖盘
363,09:48:42,6.03,0.01,47,28341,买盘
364,09:48:45,6.03,0.0,5,3015,买盘
365,09:48:48,6.03,0.0,12,7234,买盘
366,09:48:51,6.03,0.0,35,21105,买盘
367,09:48:54,6.03,0.0,319,192347,买盘
368,09:48:57,6.04,0.01,2,1208,买盘
369,09:49:00,6.04,0.0,100,60367,买盘
370,09:49:04,6.02,-0.02,56,33735,卖盘
371,09:49:06,6.03,0.01,3,1809,卖盘
372,09:49:09,6.03,0.0,1,603,卖盘
373,09:49:12,6.04,0.01,14,8454,买盘
374,09:49:19,6.03,-0.01,87,52481,卖盘
375,09:49:22,6.03,0.0,10,6030,买盘
376,09:49:25,6.03,0.0,34,20502,买盘
377,09:49:27,6.04,0.01,291,175592,买盘
378,09:49:30,6.04,0.0,116,70064,卖盘
379,09:49:33,6.03,-0.01,8,4825,卖盘
380,09:49:39,6.04,0.01,23,13892,买盘
381,09:49:42,6.04,0.0,32,19328,买盘
382,09:49:45,6.04,0.0,6,3624,买盘
383,09:49:52,6.04,0.0,5,3020,买盘
384,09:49:55,6.04,0.0,1,604,买盘
385,09:50:00,6.03,-0.01,174,104996,卖盘
386,09:50:06,6.03,0.0,55,33165,卖盘
387,09:50:09,6.04,0.01,117,70443,买盘
388,09:50:13,6.03,-0.01,31,18723,卖盘
389,09:50:16,6.03,0.0,8,4824,卖盘
390,09:50:19,6.03,0.0,36,21708,卖盘
391,09:50:21,6.03,0.0,76,45828,卖盘
392,09:50:24,6.03,0.0,57,34375,卖盘
393,09:50:27,6.03,0.0,3,1809,买盘
394,09:50:30,6.03,0.0,7,4221,买盘
395,09:50:33,6.03,0.0,1,603,买盘
396,09:50:36,6.02,-0.01,17,10250,卖盘
397,09:50:45,6.02,0.0,199,119848,卖盘
398,09:50:48,6.02,0.0,112,67430,卖盘
399,09:50:51,6.03,0.01,36,21681,买盘
400,09:50:54,6.02,-0.01,21,12642,卖盘
401,09:50:57,6.02,0.0,298,179569,卖盘
402,09:51:00,6.03,0.01,10,6030,买盘
403,09:51:03,6.02,-0.01,5,3010,卖盘
404,09:51:06,6.02,0.0,25,15064,卖盘
405,09:51:09,6.02,0.0,2,1204,卖盘
406,09:51:12,6.03,0.01,9,5427,买盘
407,09:51:18,6.02,-0.01,50,30100,卖盘
408,09:51:22,6.02,0.0,9,5418,卖盘
409,09:51:25,6.02,0.0,2,1204,卖盘
410,09:51:30,6.02,0.0,1,602,卖盘
411,09:51:33,6.02,0.0,24,14448,卖盘
412,09:51:36,6.03,0.01,54,32511,买盘
413,09:51:39,6.03,0.0,23,13859,买盘
414,09:51:42,6.02,-0.01,37,22274,卖盘
415,09:51:45,6.02,0.0,51,30703,卖盘
416,09:51:52,6.02,0.0,12,7224,卖盘
417,09:51:58,6.01,-0.01,715,430268,卖盘
418,09:52:00,6.02,0.01,13,7826,中性盘
419,09:52:04,6.01,-0.01,18,10818,卖盘
420,09:52:06,6.02,0.01,122,73444,买盘
421,09:52:12,6.0,-0.02,2327,1397549,卖盘
422,09:52:15,6.02,0.02,54,32508,买盘
423,09:52:18,6.02,0.0,3,1806,买盘
424,09:52:21,6.01,-0.01,16,9616,卖盘
425,09:52:24,6.01,0.0,5,3005,买盘
426,09:52:28,6.01,0.0,3,1803,买盘
427,09:52:30,6.0,-0.01,28,16801,卖盘
428,09:52:33,6.0,0.0,485,291000,卖盘
429,09:52:36,6.0,0.0,69,41450,卖盘
430,09:52:40,6.0,0.0,1292,775586,卖盘
431,09:52:42,6.0,0.0,347,208300,卖盘
432,09:52:45,6.0,0.0,19,11400,买盘
433,09:52:48,6.0,0.0,60,36000,买盘
434,09:52:51,6.0,0.0,100,60000,买盘
435,09:52:54,5.99,-0.01,47,28180,卖盘
436,09:52:57,6.0,0.01,94,56400,买盘
437,09:53:00,5.99,-0.01,218,130775,卖盘
438,09:53:04,6.0,0.01,194,116357,买盘
439,09:53:06,6.0,0.0,264,158400,买盘
440,09:53:09,5.99,-0.01,312,187099,卖盘
441,09:53:12,5.99,0.0,201,120563,卖盘
442,09:53:15,5.99,0.0,6,3594,卖盘
443,09:53:18,5.99,0.0,645,386365,卖盘
444,09:53:22,5.99,0.0,183,109739,卖盘
445,09:53:25,5.99,0.0,460,275540,卖盘
446,09:53:27,5.99,0.0,520,311480,卖盘
447,09:53:30,5.99,0.0,8,4792,卖盘
448,09:53:33,5.99,0.0,37,22180,中性盘
449,09:53:36,5.99,0.0,61,36479,买盘
450,09:53:39,5.98,-0.01,91,54488,卖盘
451,09:53:42,5.99,0.01,679,406043,买盘
452,09:53:46,5.98,-0.01,495,296258,卖盘
453,09:53:48,5.98,0.0,161,96283,卖盘
454,09:53:51,5.99,0.01,63,37691,买盘
455,09:53:54,5.99,0.0,263,157294,买盘
456,09:53:57,5.98,-0.01,472,282279,卖盘
457,09:54:00,5.98,0.0,222,132806,卖盘
458,09:54:04,5.98,0.0,305,182393,卖盘
459,09:54:06,5.98,0.0,26,15548,买盘
460,09:54:09,5.98,0.0,29,17338,买盘
461,09:54:12,5.98,0.0,73,43654,买盘
462,09:54:15,5.97,-0.01,38,22699,卖盘
463,09:54:19,5.99,0.02,6,3593,买盘
464,09:54:22,5.99,0.0,2433,1457367,买盘
465,09:54:24,5.99,0.0,77,46123,卖盘
466,09:54:27,6.0,0.01,479,287193,买盘
467,09:54:30,6.0,0.0,41,24594,买盘
468,09:54:33,6.0,0.0,587,352150,买盘
469,09:54:36,6.0,0.0,32,19200,买盘
470,09:54:39,6.0,0.0,27,16176,买盘
471,09:54:42,6.0,0.0,341,204309,买盘
472,09:54:45,6.0,0.0,73,43800,买盘
473,09:54:48,5.99,-0.01,26,15581,卖盘
474,09:54:51,5.99,0.0,96,57553,买盘
475,09:54:54,5.99,0.0,86,51569,卖盘
476,09:54:57,5.98,-0.01,163,97623,卖盘
477,09:55:00,5.99,0.01,29,17371,买盘
478,09:55:04,5.99,0.0,13,7787,卖盘
479,09:55:06,5.99,0.0,252,150998,卖盘
480,09:55:09,6.0,0.01,343,205777,买盘
481,09:55:12,6.0,0.0,101,60504,买盘
482,09:55:15,5.99,-0.01,4,2396,卖盘
483,09:55:18,6.0,0.01,81,48520,买盘
484,09:55:24,6.0,0.0,30,18000,买盘
485,09:55:27,5.99,-0.01,3,1797,卖盘
486,09:55:30,6.0,0.01,55,33000,买盘
487,09:55:33,5.99,-0.01,32,19183,卖盘
488,09:55:36,6.0,0.01,12,7200,买盘
489,09:55:39,5.99,-0.01,99,59384,卖盘
490,09:55:43,6.0,0.01,31,18595,买盘
491,09:55:46,6.0,0.0,41,24599,买盘
492,09:55:49,6.0,0.0,481,288584,买盘
493,09:55:52,5.99,-0.01,559,335066,卖盘
494,09:55:54,5.99,0.0,13,7788,卖盘
495,09:55:57,6.0,0.01,55,33000,买盘
496,09:56:00,5.99,-0.01,196,117414,卖盘
497,09:56:03,6.0,0.01,5,3000,买盘
498,09:56:06,6.0,0.0,64,38380,买盘
499,09:56:10,6.0,0.0,97,58200,买盘
500,09:56:13,6.0,0.0,183,109724,买盘
501,09:56:15,6.0,0.0,4,2400,买盘
502,09:56:18,6.0,0.0,89,53400,买盘
503,09:56:21,6.0,0.0,157,94200,买盘
504,09:56:24,5.99,-0.01,7,4193,卖盘
505,09:56:27,6.0,0.01,91,54600,买盘
506,09:56:30,6.0,0.0,33,19800,买盘
507,09:56:33,5.99,-0.01,10,5994,卖盘
508,09:56:37,6.0,0.01,109,65350,买盘
509,09:56:40,6.0,0.0,51,30574,买盘
510,09:56:42,6.0,0.0,6,3600,买盘
511,09:56:45,5.99,-0.01,146,87595,卖盘
512,09:56:48,6.0,0.01,36,21600,买盘
513,09:56:51,6.0,0.0,91,54593,买盘
514,09:56:54,6.0,0.0,190,114000,买盘
515,09:56:57,5.99,-0.01,118,70764,卖盘
516,09:57:01,5.99,0.0,29,17391,卖盘
517,09:57:04,5.99,0.0,596,357066,卖盘
518,09:57:06,6.0,0.01,109,65357,买盘
519,09:57:09,6.0,0.0,31,18600,买盘
520,09:57:12,5.99,-0.01,4,2396,卖盘
521,09:57:15,6.0,0.01,154,92263,买盘
522,09:57:19,5.99,-0.01,30,17970,卖盘
523,09:57:21,6.0,0.01,54,32400,买盘
524,09:57:24,6.0,0.0,516,309202,买盘
525,09:57:27,6.0,0.0,103,61712,买盘
526,09:57:30,6.0,0.0,36,21584,买盘
527,09:57:33,6.0,0.0,17,10200,买盘
528,09:57:36,6.0,0.0,101,60600,买盘
529,09:57:39,5.99,-0.01,25,14985,卖盘
530,09:57:42,6.0,0.01,134,80400,买盘
531,09:57:45,5.99,-0.01,50,29985,卖盘
532,09:57:48,6.0,0.01,100,60000,买盘
533,09:57:52,6.0,0.0,12,7194,买盘
534,09:57:54,6.0,0.0,96,57570,买盘
535,09:57:57,6.0,0.0,90,54000,买盘
536,09:58:00,6.0,0.0,42,25184,买盘
537,09:58:03,6.0,0.0,47,28200,买盘
538,09:58:06,6.0,0.0,6,3600,买盘
539,09:58:09,5.99,-0.01,287,172071,卖盘
540,09:58:13,6.0,0.01,205,122898,买盘
541,09:58:15,6.0,0.0,57,34200,买盘
542,09:58:18,6.0,0.0,155,92984,买盘
543,09:58:21,5.99,-0.01,73,43790,卖盘
544,09:58:24,6.0,0.01,165,99000,买盘
545,09:58:27,6.0,0.0,192,115198,买盘
546,09:58:30,6.0,0.0,137,82200,买盘
547,09:58:33,6.0,0.0,107,64200,买盘
548,09:58:36,6.0,0.0,256,153600,买盘
549,09:58:39,6.0,0.0,41,24600,买盘
550,09:58:42,6.0,0.0,168,101090,买盘
551,09:58:48,6.0,0.0,32,19202,卖盘
552,09:58:51,6.01,0.01,89,53489,买盘
553,09:58:54,6.01,0.0,2,1202,卖盘
554,09:58:57,6.01,0.0,1,601,卖盘
555,09:59:00,6.02,0.01,131,78847,买盘
556,09:59:06,6.01,-0.01,40,24040,卖盘
557,09:59:09,6.01,0.0,4,2406,卖盘
558,09:59:12,6.01,0.0,11,6611,买盘
559,09:59:15,6.01,0.0,27,16227,买盘
560,09:59:18,6.01,0.0,6,3606,卖盘
561,09:59:21,6.0,-0.01,15,9011,卖盘
562,09:59:25,6.01,0.01,52,31228,买盘
563,09:59:28,6.01,0.0,27,16227,买盘
564,09:59:30,6.01,0.0,5,3005,买盘
565,09:59:33,6.0,-0.01,336,201620,卖盘
566,09:59:36,6.0,0.0,18,10806,卖盘
567,09:59:39,6.0,0.0,434,260425,卖盘
568,09:59:42,6.01,0.01,5,3005,买盘
569,09:59:45,6.0,-0.01,48,28800,卖盘
570,09:59:49,6.0,0.0,350,209700,卖盘
571,09:59:52,6.0,0.0,14,8700,买盘
572,09:59:55,6.0,0.0,50,30000,卖盘
573,10:00:00,6.0,0.0,64,38400,卖盘
574,10:00:03,6.0,0.0,95,57000,卖盘
575,10:00:06,6.0,0.0,28,16800,卖盘
576,10:00:12,6.01,0.01,14,8403,买盘
577,10:00:15,6.0,-0.01,124,74100,卖盘
578,10:00:21,6.0,0.0,23,13800,买盘
579,10:00:24,6.0,0.0,125,75000,买盘
580,10:00:27,6.0,0.0,160,96000,买盘
581,10:00:30,6.0,0.0,166,99600,买盘
582,10:00:33,5.99,-0.01,154,92350,卖盘
583,10:00:36,5.99,0.0,169,101380,卖盘
584,10:00:39,6.0,0.01,116,69600,买盘
585,10:00:42,6.0,0.0,127,76200,买盘
586,10:00:45,6.0,0.0,167,100195,买盘
587,10:00:48,6.0,0.0,89,53400,买盘
588,10:00:51,6.0,0.0,80,48000,买盘
589,10:00:54,6.01,0.01,61,36625,买盘
590,10:00:57,6.01,0.0,38,22838,买盘
591,10:01:00,6.01,0.0,36,21634,买盘
592,10:01:03,6.0,-0.01,94,56426,卖盘
593,10:01:06,6.0,0.0,183,109820,卖盘
594,10:01:09,6.01,0.01,59,35459,买盘
595,10:01:12,6.01,0.0,13,7813,买盘
596,10:01:15,6.0,-0.01,74,44411,卖盘
597,10:01:18,6.01,0.01,4,2404,买盘
598,10:01:27,6.01,0.0,6,3606,买盘
599,10:01:34,6.0,-0.01,35,21033,卖盘
600,10:01:36,6.0,0.0,216,129601,卖盘
601,10:01:39,6.01,0.01,28,16813,买盘
602,10:01:45,6.0,-0.01,80,48000,卖盘
603,10:01:54,6.01,0.01,37,22210,买盘
604,10:01:57,6.0,-0.01,3,1802,卖盘
605,10:02:04,6.0,0.0,102,61300,卖盘
606,10:02:06,6.01,0.01,7,4205,买盘
607,10:02:09,6.0,-0.01,2,1200,卖盘
608,10:02:18,6.0,0.0,21,12600,卖盘
609,10:02:21,6.01,0.01,27,16201,买盘
610,10:02:24,6.01,0.0,10,6010,买盘
611,10:02:27,6.01,0.0,6,3606,买盘
612,10:02:30,6.0,-0.01,83,49813,卖盘
613,10:02:33,6.0,0.0,7,4200,卖盘
614,10:02:37,6.0,0.0,5,3000,卖盘
615,10:02:45,6.0,0.0,218,130923,卖盘
616,10:02:48,6.0,0.0,8,4800,卖盘
617,10:02:51,6.01,0.01,6,3606,买盘
618,10:03:00,6.01,0.0,12,7212,卖盘
619,10:03:03,6.01,0.0,10,6010,卖盘
620,10:03:18,6.0,-0.01,897,538314,卖盘
621,10:03:21,6.0,0.0,7,4200,买盘
622,10:03:24,6.0,0.0,23,13800,买盘
623,10:03:27,6.0,0.0,98,58797,买盘
624,10:03:30,6.0,0.0,559,335400,买盘
625,10:03:33,6.0,0.0,77,46500,买盘
626,10:03:36,6.01,0.01,30,18027,买盘
627,10:03:39,6.0,-0.01,140,84021,卖盘
628,10:03:42,6.01,0.01,4,2404,买盘
629,10:03:45,6.0,-0.01,7,4205,卖盘
630,10:03:48,6.01,0.01,44,26444,买盘
631,10:03:51,6.0,-0.01,25,15010,卖盘
632,10:03:55,6.0,0.0,40,24000,卖盘
633,10:03:57,6.01,0.01,2,1202,买盘
634,10:04:00,6.0,-0.01,89,53484,卖盘
635,10:04:03,6.0,0.0,2,1200,卖盘
636,10:04:06,6.01,0.01,7,4202,买盘
637,10:04:09,6.01,0.0,132,79282,买盘
638,10:04:12,6.01,0.0,26,15626,买盘
639,10:04:16,6.0,-0.01,25,15000,卖盘
640,10:04:18,6.01,0.01,1,601,买盘
641,10:04:21,6.01,0.0,27,16227,买盘
642,10:04:24,6.0,-0.01,205,123010,卖盘
643,10:04:27,6.0,0.0,87,52282,卖盘
644,10:04:30,6.0,0.0,207,124200,卖盘
645,10:04:33,6.01,0.01,26,15626,买盘
646,10:04:36,6.0,-0.01,22,13200,卖盘
647,10:04:40,6.0,0.0,5,3000,卖盘
648,10:04:42,6.0,0.0,10,6000,卖盘
649,10:04:45,6.0,0.0,3,1800,卖盘
650,10:04:48,6.0,0.0,11,6603,卖盘
651,10:04:51,6.0,0.0,16,9600,卖盘
652,10:04:57,6.01,0.01,14,8414,买盘
653,10:05:00,6.0,-0.01,13,7810,卖盘
654,10:05:04,6.0,0.0,14,8400,卖盘
655,10:05:06,6.01,0.01,44,26444,买盘
656,10:05:09,6.0,-0.01,3,1800,卖盘
657,10:05:12,6.01,0.01,58,34803,买盘
658,10:05:15,6.0,-0.01,2,1200,卖盘
659,10:05:18,6.0,0.0,85,51000,卖盘
660,10:05:22,6.01,0.01,343,206143,买盘
661,10:05:24,6.01,0.0,124,74524,卖盘
662,10:05:27,6.01,0.0,41,24641,卖盘
663,10:05:30,6.02,0.01,5,3010,买盘
664,10:05:33,6.02,0.0,28,16840,买盘
665,10:05:39,6.02,0.0,34,20468,买盘
666,10:05:42,6.01,-0.01,59,35467,卖盘
667,10:05:45,6.02,0.01,27,16254,买盘
668,10:05:48,6.01,-0.01,64,38464,卖盘
669,10:05:51,6.02,0.01,23,13846,买盘
670,10:05:54,6.02,0.0,42,25281,买盘
671,10:05:57,6.02,0.0,2,1204,买盘
672,10:06:00,6.02,0.0,40,24080,买盘
673,10:06:06,6.01,-0.01,2,1202,卖盘
674,10:06:15,6.02,0.01,1,602,买盘
675,10:06:18,6.02,0.0,40,24080,买盘
676,10:06:21,6.02,0.0,30,18060,卖盘
677,10:06:24,6.02,0.0,12,7224,卖盘
678,10:06:27,6.02,0.0,230,138470,卖盘
679,10:06:30,6.01,-0.01,25,15025,卖盘
680,10:06:33,6.02,0.01,38,22876,买盘
681,10:06:36,6.02,0.0,1,602,买盘
682,10:06:39,6.02,0.0,2,1204,买盘
683,10:06:42,6.02,0.0,67,40333,买盘
684,10:06:45,6.02,0.0,149,89698,买盘
685,10:06:48,6.02,0.0,82,49364,卖盘
686,10:06:52,6.02,0.0,27,16254,卖盘
687,10:06:55,6.02,0.0,42,25285,卖盘
688,10:06:58,6.03,0.01,72,43322,买盘
689,10:07:09,6.03,0.0,35,21075,买盘
690,10:07:12,6.03,0.0,10,6030,买盘
691,10:07:16,6.02,-0.01,35,21070,卖盘
692,10:07:18,6.02,0.0,21,12662,卖盘
693,10:07:21,6.03,0.01,28,16864,买盘
694,10:07:24,6.02,-0.01,137,82418,卖盘
695,10:07:27,6.03,0.01,54,32562,买盘
696,10:07:30,6.02,-0.01,11,6622,卖盘
697,10:07:33,6.02,0.0,1,602,买盘
698,10:07:36,6.02,0.0,19,11438,买盘
699,10:07:39,6.01,-0.01,151,90819,卖盘
700,10:07:46,6.02,0.01,20,12040,买盘
701,10:07:48,6.01,-0.01,96,57697,卖盘
702,10:07:54,6.01,0.0,45,27045,卖盘
703,10:08:00,6.02,0.01,7,4208,买盘
704,10:08:03,6.02,0.0,127,76454,买盘
705,10:08:06,6.02,0.0,48,28886,买盘
706,10:08:09,6.01,-0.01,8,4812,卖盘
707,10:08:13,6.01,0.0,61,36661,卖盘
708,10:08:18,6.01,0.0,37,22237,卖盘
709,10:08:21,6.01,0.0,110,66110,卖盘
710,10:08:24,6.02,0.01,5,3010,买盘
711,10:08:30,6.01,-0.01,9,5409,卖盘
712,10:08:33,6.01,0.0,42,25242,卖盘
713,10:08:36,6.01,0.0,17,10217,卖盘
714,10:08:39,6.01,0.0,108,64912,卖盘
715,10:08:42,6.01,0.0,131,78731,卖盘
716,10:08:45,6.02,0.01,10,6020,买盘
717,10:08:48,6.01,-0.01,6,3606,卖盘
718,10:08:57,6.01,0.0,12,7212,卖盘
719,10:09:00,6.01,0.0,30,18030,卖盘
720,10:09:04,6.01,0.0,28,16828,卖盘
721,10:09:06,6.02,0.01,15,9020,买盘
722,10:09:12,6.02,0.0,59,35462,买盘
723,10:09:15,6.01,-0.01,50,30050,卖盘
724,10:09:18,6.01,0.0,17,10232,卖盘
725,10:09:21,6.01,0.0,29,17438,卖盘
726,10:09:24,6.01,0.0,85,51085,卖盘
727,10:09:27,6.01,0.0,227,136453,卖盘
728,10:09:30,6.01,0.0,4,2404,买盘
729,10:09:39,6.0,-0.01,13,7800,卖盘
730,10:09:42,6.0,0.0,6,3600,卖盘
731,10:09:45,6.01,0.01,70,42007,买盘
732,10:09:51,6.0,-0.01,126,75600,卖盘
733,10:09:57,6.0,0.0,2,1200,卖盘
734,10:10:00,6.0,0.0,79,47400,卖盘
735,10:10:04,6.01,0.01,8,4808,买盘
736,10:10:09,6.0,-0.01,7,4200,卖盘
737,10:10:12,6.01,0.01,124,74519,买盘
738,10:10:15,6.0,-0.01,6,3600,卖盘
739,10:10:21,6.0,0.0,1,600,卖盘
740,10:10:24,6.01,0.01,2,1202,买盘
741,10:10:27,6.01,0.0,14,8401,买盘
742,10:10:31,6.01,0.0,20,12020,买盘
743,10:10:34,6.01,0.0,52,31233,买盘
744,10:10:37,6.0,-0.01,22,13220,卖盘
745,10:10:39,6.01,0.01,10,6010,买盘
746,10:10:42,6.01,0.0,20,12020,买盘
747,10:10:48,6.0,-0.01,83,49850,卖盘
748,10:10:51,6.01,0.01,27,16209,买盘
749,10:10:54,6.01,0.0,25,15025,买盘
750,10:10:57,6.0,-0.01,768,460800,卖盘
751,10:11:01,6.01,0.01,20,12020,买盘
752,10:11:04,6.0,-0.01,500,300000,卖盘
753,10:11:06,6.01,0.01,116,69602,买盘
754,10:11:09,5.98,-0.03,4329,2591160,卖盘
755,10:11:12,5.98,0.0,54,32292,买盘
756,10:11:19,5.96,-0.02,4214,2514011,卖盘
757,10:11:24,5.96,0.0,42,25042,卖盘
758,10:11:27,5.96,0.0,84,50074,卖盘
759,10:11:30,5.97,0.01,61,36366,买盘
760,10:11:33,5.96,-0.01,169,100658,卖盘
761,10:11:36,5.96,0.0,276,164309,买盘
762,10:11:39,5.96,0.0,199,118437,买盘
763,10:11:42,5.95,-0.01,303,180388,卖盘
764,10:11:45,5.95,0.0,271,161255,卖盘
765,10:11:48,5.96,0.01,100,59600,买盘
766,10:11:51,5.96,0.0,143,85228,卖盘
767,10:11:54,5.95,-0.01,174,103624,卖盘
768,10:11:57,5.96,0.01,84,50065,卖盘
769,10:12:00,5.96,0.0,39,23259,卖盘
770,10:12:04,5.97,0.01,54,32199,买盘
771,10:12:06,5.97,0.0,102,60795,买盘
772,10:12:09,5.96,-0.01,105,62600,卖盘
773,10:12:13,5.97,0.01,54,32207,买盘
774,10:12:16,5.97,0.0,53,31608,买盘
775,10:12:18,5.97,0.0,198,118097,买盘
776,10:12:21,5.97,0.0,158,94326,卖盘
777,10:12:24,5.97,0.0,33,19701,卖盘
778,10:12:28,5.97,0.0,159,94931,卖盘
779,10:12:31,5.98,0.01,677,404128,买盘
780,10:12:36,5.98,0.0,33,19716,买盘
781,10:12:39,5.98,0.0,30,17939,买盘
782,10:12:43,5.97,-0.01,28,16716,卖盘
783,10:12:45,5.97,0.0,20,11940,卖盘
784,10:12:48,5.97,0.0,20,11940,买盘
785,10:12:51,5.97,0.0,67,39974,买盘
786,10:12:54,5.97,0.0,142,84637,买盘
787,10:12:57,5.96,-0.01,86,51296,卖盘
788,10:13:00,5.97,0.01,173,103219,买盘
789,10:13:04,5.96,-0.01,26,15517,卖盘
790,10:13:06,5.97,0.01,26,15510,买盘
791,10:13:09,5.97,0.0,331,197398,买盘
792,10:13:12,5.97,0.0,249,148422,买盘
793,10:13:16,5.97,0.0,45,26865,卖盘
794,10:13:19,5.96,-0.01,178,106196,卖盘
795,10:13:22,5.97,0.01,20,11940,买盘
796,10:13:25,5.96,-0.01,1,596,卖盘
797,10:13:28,5.96,0.0,83,49470,卖盘
798,10:13:30,5.97,0.01,11,6563,买盘
799,10:13:33,5.97,0.0,22,13134,买盘
800,10:13:36,5.97,0.0,22,13134,买盘
801,10:13:39,5.97,0.0,61,36417,买盘
802,10:13:43,5.97,0.0,57,34007,买盘
803,10:13:45,5.97,0.0,59,35223,买盘
804,10:13:49,5.97,0.0,97,57909,买盘
805,10:13:51,5.97,0.0,22,13134,卖盘
806,10:13:57,5.96,-0.01,200,119293,卖盘
807,10:14:00,5.97,0.01,2,1194,卖盘
808,10:14:04,5.96,-0.01,524,312408,卖盘
809,10:14:06,5.97,0.01,5,2985,卖盘
810,10:14:09,5.97,0.0,10,5970,卖盘
811,10:14:12,5.97,0.0,27,16136,卖盘
812,10:14:15,5.98,0.01,13,7774,买盘
813,10:14:18,5.98,0.0,46,27488,买盘
814,10:14:21,5.98,0.0,25,14950,买盘
815,10:14:25,5.97,-0.01,146,87281,卖盘
816,10:14:30,5.98,0.01,25,14935,买盘
817,10:14:33,5.98,0.0,5,2990,买盘
818,10:14:36,5.98,0.0,537,320712,买盘
819,10:14:42,5.97,-0.01,33,19701,卖盘
820,10:14:45,5.97,0.0,54,32243,卖盘
821,10:14:51,5.98,0.01,6,3588,买盘
822,10:14:55,5.98,0.0,3,1794,买盘
823,10:14:58,5.98,0.0,76,45381,买盘
824,10:15:00,5.97,-0.01,80,47760,卖盘
825,10:15:09,5.97,0.0,257,153429,卖盘
826,10:15:12,5.97,0.0,1,597,卖盘
827,10:15:16,5.97,0.0,66,39402,卖盘
828,10:15:19,5.97,0.0,45,26865,卖盘
829,10:15:21,5.98,0.01,12,7174,买盘
830,10:15:24,5.97,-0.01,124,74028,卖盘
831,10:15:27,5.97,0.0,176,105072,卖盘
832,10:15:30,5.97,0.0,15,8955,买盘
833,10:15:34,5.97,0.0,21,12537,买盘
834,10:15:37,5.97,0.0,210,125200,买盘
835,10:15:40,5.96,-0.01,41,24436,卖盘
836,10:15:42,5.96,0.0,23,13708,卖盘
837,10:15:45,5.96,0.0,10,5960,卖盘
838,10:15:51,5.96,0.0,31,18476,卖盘
839,10:15:54,5.97,0.01,1,597,买盘
840,10:15:57,5.97,0.0,169,100763,买盘
841,10:16:00,5.97,0.0,92,54914,买盘
842,10:16:03,5.97,0.0,95,56635,买盘
843,10:16:06,5.97,0.0,892,531241,买盘
844,10:16:09,5.96,-0.01,60,35770,中性盘
845,10:16:12,5.96,0.0,119,70885,买盘
846,10:16:15,5.96,0.0,11,6555,买盘
847,10:16:18,5.97,0.01,61,36407,买盘
848,10:16:21,5.96,-0.01,27,16092,卖盘
849,10:16:24,5.97,0.01,26,15506,买盘
850,10:16:27,5.96,-0.01,86,51256,卖盘
851,10:16:30,5.96,0.0,145,86420,买盘
852,10:16:36,5.96,0.0,25,14905,卖盘
853,10:16:40,5.97,0.01,1,597,买盘
854,10:16:42,5.96,-0.01,185,110260,卖盘
855,10:16:45,5.97,0.01,80,47713,买盘
856,10:16:48,5.96,-0.01,154,91784,卖盘
857,10:16:51,5.96,0.0,47,28012,卖盘
858,10:16:54,5.96,0.0,92,54832,卖盘
859,10:17:00,5.97,0.01,20,11940,买盘
860,10:17:04,5.97,0.0,117,69749,买盘
861,10:17:06,5.96,-0.01,125,74500,卖盘
862,10:17:09,5.96,0.0,31,18476,卖盘
863,10:17:12,5.96,0.0,72,42912,卖盘
864,10:17:15,5.95,-0.01,258,153760,卖盘
865,10:17:18,5.96,0.01,12,7154,卖盘
866,10:17:22,5.96,0.0,171,101916,卖盘
867,10:17:24,5.96,0.0,2,1192,买盘
868,10:17:28,5.95,-0.01,28,16680,卖盘
869,10:17:30,5.95,0.0,10,5950,卖盘
870,10:17:33,5.96,0.01,43,25595,买盘
871,10:17:36,5.96,0.0,1022,608112,买盘
872,10:17:39,5.96,0.0,2,1192,买盘
873,10:17:42,5.95,-0.01,1078,641116,卖盘
874,10:17:45,5.95,0.0,749,445699,卖盘
875,10:17:49,5.95,0.0,115,68430,卖盘
876,10:17:51,5.95,0.0,89,52955,卖盘
877,10:17:54,5.95,0.0,379,225762,卖盘
878,10:17:57,5.95,0.0,116,69020,买盘
879,10:18:00,5.94,-0.01,542,322052,卖盘
880,10:18:03,5.94,0.0,259,153859,卖盘
881,10:18:06,5.94,0.0,294,174643,卖盘
882,10:18:10,5.94,0.0,71,42179,卖盘
883,10:18:15,5.94,0.0,163,96822,买盘
884,10:18:18,5.94,0.0,153,90540,卖盘
885,10:18:21,5.94,0.0,94,55835,卖盘
886,10:18:24,5.94,0.0,98,58221,卖盘
887,10:18:27,5.94,0.0,131,77829,卖盘
888,10:18:30,5.94,0.0,620,368470,卖盘
889,10:18:33,5.94,0.0,53,31482,买盘
890,10:18:36,5.94,0.0,1096,650060,买盘
891,10:18:39,5.94,0.0,12,7128,卖盘
892,10:18:42,5.94,0.0,36,21384,卖盘
893,10:18:45,5.94,0.0,68,40392,卖盘
894,10:18:48,5.95,0.01,289,171944,买盘
895,10:18:51,5.94,-0.01,582,345989,卖盘
896,10:18:54,5.93,-0.01,327,194018,卖盘
897,10:18:57,5.94,0.01,88,52227,买盘
898,10:19:00,5.95,0.01,193,114622,买盘
899,10:19:03,5.93,-0.02,33,19590,卖盘
900,10:19:06,5.94,0.01,6,3567,卖盘
901,10:19:09,5.95,0.01,47,27934,买盘
902,10:19:12,5.94,-0.01,70,41580,卖盘
903,10:19:15,5.95,0.01,3,1785,买盘
904,10:19:18,5.95,0.0,13,7735,买盘
905,10:19:21,5.94,-0.01,45,26734,卖盘
906,10:19:24,5.95,0.01,103,61228,买盘
907,10:19:27,5.94,-0.01,153,91270,卖盘
908,10:19:30,5.94,0.0,30,17842,卖盘
909,10:19:33,5.95,0.01,41,24395,买盘
910,10:19:36,5.95,0.0,377,224305,买盘
911,10:19:39,5.95,0.0,96,57120,买盘
912,10:19:45,5.95,0.0,265,157675,卖盘
913,10:19:48,5.95,0.0,11,6545,买盘
914,10:19:51,5.95,0.0,115,68425,买盘
915,10:19:54,5.95,0.0,1,595,卖盘
916,10:19:57,5.95,0.0,96,57120,卖盘
917,10:20:00,5.96,0.01,5,2980,买盘
918,10:20:04,5.95,-0.01,65,38728,卖盘
919,10:20:06,5.96,0.01,16,9536,买盘
920,10:20:09,5.96,0.0,36,21436,买盘
921,10:20:13,5.96,0.0,95,56620,买盘
922,10:20:18,5.96,0.0,14,8344,卖盘
923,10:20:21,5.96,0.0,1,596,卖盘
924,10:20:24,5.96,0.0,5,2980,卖盘
925,10:20:27,5.96,0.0,33,19681,卖盘
926,10:20:33,5.96,0.0,4,2384,卖盘
927,10:20:37,5.96,0.0,86,51257,卖盘
928,10:20:40,5.97,0.01,94,56118,买盘
929,10:20:42,5.96,-0.01,52,30992,卖盘
930,10:20:45,5.97,0.01,16,9552,买盘
931,10:20:51,5.96,-0.01,29,17298,卖盘
932,10:20:57,5.97,0.01,40,23880,买盘
933,10:21:01,5.97,0.0,11,6567,买盘
934,10:21:04,5.97,0.0,22,13134,买盘
935,10:21:06,5.97,0.0,5,2985,买盘
936,10:21:09,5.96,-0.01,47,28012,卖盘
937,10:21:12,5.96,0.0,19,11324,卖盘
938,10:21:15,5.97,0.01,70,41790,买盘
939,10:21:19,5.97,0.0,66,39402,买盘
940,10:21:21,5.97,0.0,114,68045,买盘
941,10:21:24,5.97,0.0,132,78793,买盘
942,10:21:27,5.97,0.0,104,62085,买盘
943,10:21:30,5.97,0.0,148,88356,买盘
944,10:21:33,5.97,0.0,128,76416,买盘
945,10:21:36,5.97,0.0,331,197558,买盘
946,10:21:40,5.97,0.0,111,66267,买盘
947,10:21:42,5.97,0.0,103,61491,买盘
948,10:21:45,5.96,-0.01,84,50141,卖盘
949,10:21:48,5.97,0.01,121,72192,买盘
950,10:21:51,5.97,0.0,91,54327,买盘
951,10:21:54,5.96,-0.01,69,41167,卖盘
952,10:21:57,5.97,0.01,74,44162,买盘
953,10:22:00,5.96,-0.01,43,25653,卖盘
954,10:22:04,5.97,0.01,21,12537,买盘
955,10:22:06,5.97,0.0,16,9552,买盘
956,10:22:09,5.97,0.0,45,26865,买盘
957,10:22:12,5.97,0.0,13,7761,买盘
958,10:22:15,5.97,0.0,241,143667,买盘
959,10:22:18,5.97,0.0,106,63282,买盘
960,10:22:21,5.97,0.0,64,38208,买盘
961,10:22:27,5.98,0.01,36,21494,买盘
962,10:22:30,5.97,-0.01,31,18509,卖盘
963,10:22:34,5.96,-0.01,28,16711,卖盘
964,10:22:37,5.97,0.01,329,196413,买盘
965,10:22:40,5.97,0.0,7,4179,买盘
966,10:22:42,5.97,0.0,17,10149,买盘
967,10:22:45,5.97,0.0,10,5970,卖盘
968,10:22:51,5.97,0.0,151,90147,卖盘
969,10:22:54,5.98,0.01,1,598,买盘
970,10:22:58,5.97,-0.01,1,597,卖盘
971,10:23:00,5.97,0.0,26,15522,卖盘
972,10:23:04,5.98,0.01,32,19135,买盘
973,10:23:06,5.98,0.0,8,4777,买盘
974,10:23:09,5.98,0.0,6,3588,买盘
975,10:23:12,5.98,0.0,80,47840,买盘
976,10:23:18,5.97,-0.01,9,5373,卖盘
977,10:23:21,5.98,0.01,72,43056,买盘
978,10:23:24,5.98,0.0,7,4186,买盘
979,10:23:27,5.98,0.0,85,50820,买盘
980,10:23:30,5.97,-0.01,40,23880,卖盘
981,10:23:33,5.98,0.01,70,41860,买盘
982,10:23:36,5.98,0.0,44,26282,买盘
983,10:23:42,5.97,-0.01,33,19719,卖盘
984,10:23:45,5.98,0.01,2,1196,买盘
985,10:23:48,5.97,-0.01,7,4179,卖盘
986,10:23:51,5.98,0.01,10,5980,买盘
987,10:23:54,5.97,-0.01,40,23896,卖盘
988,10:24:00,5.97,0.0,10,5970,卖盘
989,10:24:04,5.97,0.0,177,105669,卖盘
990,10:24:06,5.97,0.0,11,6567,卖盘
991,10:24:09,5.98,0.01,62,37036,买盘
992,10:24:12,5.98,0.0,20,11945,买盘
993,10:24:15,5.98,0.0,83,49561,买盘
994,10:24:19,5.98,0.0,26,15548,买盘
995,10:24:22,5.98,0.0,45,26880,买盘
996,10:24:24,5.98,0.0,47,28090,买盘
997,10:24:28,5.97,-0.01,5,2985,卖盘
998,10:24:30,5.98,0.01,67,40066,买盘
999,10:24:34,5.98,0.0,3,1794,买盘
1000,10:24:36,5.98,0.0,24,14352,买盘
1001,10:24:39,5.98,0.0,5,2990,买盘
1002,10:24:42,5.97,-0.01,30,17920,卖盘
1003,10:24:45,5.97,0.0,45,26908,卖盘
1004,10:24:48,5.97,0.0,15,8955,卖盘
1005,10:24:51,5.98,0.01,72,43056,买盘
1006,10:24:54,5.98,0.0,19,11362,买盘
1007,10:24:57,5.97,-0.01,86,51342,卖盘
1008,10:25:01,5.98,0.01,5,2990,买盘
1009,10:25:04,5.97,-0.01,65,38807,卖盘
1010,10:25:07,5.98,0.01,27,16135,买盘
1011,10:25:12,5.98,0.0,138,82524,买盘
1012,10:25:15,5.98,0.0,26,15548,买盘
1013,10:25:21,5.97,-0.01,15,8960,卖盘
1014,10:25:24,5.97,0.0,26,15525,卖盘
1015,10:25:27,5.98,0.01,61,36478,买盘
1016,10:25:30,5.97,-0.01,14,8367,卖盘
1017,10:25:33,5.98,0.01,19,11362,买盘
1018,10:25:37,5.97,-0.01,176,105178,卖盘
1019,10:25:39,5.98,0.01,27,16122,买盘
1020,10:25:45,5.97,-0.01,1,597,卖盘
1021,10:25:48,5.98,0.01,25,14939,买盘
1022,10:25:54,5.98,0.0,10,5980,卖盘
1023,10:25:57,5.97,-0.01,65,38848,卖盘
1024,10:26:04,5.98,0.01,4,2392,买盘
1025,10:26:06,5.98,0.0,30,17948,买盘
1026,10:26:09,5.98,0.0,11,6578,卖盘
1027,10:26:15,5.98,0.0,2,1196,买盘
1028,10:26:18,5.98,0.0,8,4784,买盘
1029,10:26:21,5.98,0.0,7,4184,买盘
1030,10:26:24,5.97,-0.01,38,22701,卖盘
1031,10:26:31,5.97,0.0,10,5970,卖盘
1032,10:26:34,5.98,0.01,265,158279,买盘
1033,10:26:39,5.97,-0.01,32,19135,卖盘
1034,10:26:43,5.98,0.01,24,14349,买盘
1035,10:26:48,5.98,0.0,2,1196,买盘
1036,10:26:51,5.97,-0.01,10,5974,卖盘
1037,10:26:54,5.97,0.0,22,13136,卖盘
1038,10:26:57,5.97,0.0,11,6568,卖盘
1039,10:27:00,5.98,0.01,100,59800,买盘
1040,10:27:04,5.98,0.0,2,1196,卖盘
1041,10:27:09,5.98,0.0,23,13754,卖盘
1042,10:27:12,5.98,0.0,9,5382,买盘
1043,10:27:15,5.97,-0.01,30,17910,卖盘
1044,10:27:18,5.97,0.0,27,16119,卖盘
1045,10:27:21,5.98,0.01,10,5980,买盘
1046,10:27:24,5.97,-0.01,273,163011,卖盘
1047,10:27:28,5.98,0.01,58,34684,买盘
1048,10:27:33,5.99,0.01,2,1198,买盘
1049,10:27:36,5.99,0.0,2,1198,买盘
1050,10:27:39,5.98,-0.01,10,5980,卖盘
1051,10:27:51,5.98,0.0,51,30500,卖盘
1052,10:27:57,5.98,0.0,37,22126,卖盘
1053,10:28:00,5.98,0.0,2,1196,卖盘
1054,10:28:04,5.99,0.01,20,11980,买盘
1055,10:28:10,5.99,0.0,248,148453,买盘
1056,10:28:13,5.99,0.0,23,13777,买盘
1057,10:28:15,5.99,0.0,26,15574,买盘
1058,10:28:18,5.98,-0.01,257,153927,卖盘
1059,10:28:21,5.98,0.0,18,10764,卖盘
1060,10:28:27,5.99,0.01,8,4792,买盘
1061,10:28:30,5.99,0.0,4,2396,买盘
1062,10:28:33,5.98,-0.01,11,6588,卖盘
1063,10:28:37,5.99,0.01,37,22163,买盘
1064,10:28:39,5.99,0.0,97,58103,买盘
1065,10:28:42,5.99,0.0,61,36527,买盘
1066,10:28:45,5.99,0.0,64,38323,买盘
1067,10:28:48,5.99,0.0,239,143161,买盘
1068,10:28:51,5.99,0.0,16,9584,买盘
1069,10:28:54,5.99,0.0,80,47920,买盘
1070,10:28:57,5.99,0.0,125,74875,买盘
1071,10:29:00,5.99,0.0,5,2995,买盘
1072,10:29:03,5.99,0.0,49,29351,买盘
1073,10:29:07,5.99,0.0,40,23960,卖盘
1074,10:29:09,5.99,0.0,85,50950,卖盘
1075,10:29:12,5.99,0.0,134,80349,卖盘
1076,10:29:15,6.0,0.01,30,18000,买盘
1077,10:29:18,6.0,0.0,399,239398,买盘
1078,10:29:22,6.0,0.0,232,139200,买盘
1079,10:29:25,5.99,-0.01,13,7793,卖盘
1080,10:29:28,6.0,0.01,22,13210,卖盘
1081,10:29:30,6.0,0.0,66,39600,买盘
1082,10:29:39,6.0,0.0,169,101400,买盘
1083,10:29:45,6.01,0.01,545,327538,买盘
1084,10:29:48,6.01,0.0,5,3005,卖盘
1085,10:29:51,6.02,0.01,16,9622,买盘
1086,10:29:55,6.01,-0.01,20,12020,卖盘
1087,10:29:58,6.02,0.01,121,72792,买盘
1088,10:30:04,6.02,0.0,83,49966,买盘
1089,10:30:06,6.02,0.0,29,17449,买盘
1090,10:30:09,6.01,-0.01,5,3005,卖盘
1091,10:30:12,6.02,0.01,186,111971,买盘
1092,10:30:15,6.02,0.0,3,1806,买盘
1093,10:30:24,6.02,0.0,2,1204,买盘
1094,10:30:28,6.02,0.0,106,63766,买盘
1095,10:30:33,6.02,0.0,448,269256,买盘
1096,10:30:36,6.01,-0.01,29,17429,卖盘
1097,10:30:40,6.01,0.0,147,88347,卖盘
1098,10:30:42,6.01,0.0,269,161669,卖盘
1099,10:30:45,6.01,0.0,202,121402,卖盘
1100,10:30:51,6.0,-0.01,10,6000,卖盘
1101,10:30:57,6.0,0.0,151,90602,卖盘
1102,10:31:01,6.0,0.0,313,187800,卖盘
1103,10:31:09,5.99,-0.01,1,599,卖盘
1104,10:31:12,5.99,0.0,10,5990,卖盘
1105,10:31:21,6.0,0.01,50,30000,买盘
1106,10:31:24,6.0,0.0,12,7200,买盘
1107,10:31:27,6.0,0.0,25,14990,买盘
1108,10:31:30,6.0,0.0,7,4200,买盘
1109,10:31:33,6.0,0.0,8,4800,买盘
1110,10:31:36,6.0,0.0,19,11400,买盘
1111,10:31:39,6.0,0.0,10,5997,买盘
1112,10:31:42,6.0,0.0,18,10800,买盘
1113,10:31:45,6.0,0.0,16,9600,买盘
1114,10:31:48,6.0,0.0,12,7200,买盘
1115,10:31:51,5.99,-0.01,19,11381,卖盘
1116,10:32:04,6.0,0.01,7,4200,买盘
1117,10:32:07,6.0,0.0,50,30000,买盘
1118,10:32:24,6.0,0.0,80,47990,买盘
1119,10:32:27,6.0,0.0,4,2400,买盘
1120,10:32:30,6.0,0.0,63,37787,买盘
1121,10:32:33,5.99,-0.01,6,3594,卖盘
1122,10:32:36,6.0,0.01,1,600,买盘
1123,10:32:39,5.99,-0.01,272,163183,卖盘
1124,10:32:46,5.99,0.0,87,52113,卖盘
1125,10:32:48,5.99,0.0,11,6589,卖盘
1126,10:32:51,5.99,0.0,1,599,买盘
1127,10:32:54,5.99,0.0,26,15574,买盘
1128,10:32:57,5.99,0.0,10,5990,买盘
1129,10:33:00,5.99,0.0,12,7188,卖盘
1130,10:33:04,5.99,0.0,40,23930,买盘
1131,10:33:06,5.99,0.0,15,8985,买盘
1132,10:33:09,5.99,0.0,15,8985,卖盘
1133,10:33:12,5.99,0.0,121,72479,买盘
1134,10:33:15,5.98,-0.01,15,8970,卖盘
1135,10:33:18,5.99,0.01,7,4193,买盘
1136,10:33:21,5.98,-0.01,17,10178,卖盘
1137,10:33:36,5.98,0.0,10,5980,卖盘
1138,10:33:39,5.98,0.0,3,1794,卖盘
1139,10:33:51,5.98,0.0,8,4784,卖盘
1140,10:33:57,5.98,0.0,7,4186,卖盘
1141,10:34:00,5.98,0.0,1,598,卖盘
1142,10:34:04,5.98,0.0,35,20930,卖盘
1143,10:34:15,5.98,0.0,5,2990,卖盘
1144,10:34:18,5.99,0.01,220,131620,买盘
1145,10:34:21,5.98,-0.01,57,34086,卖盘
1146,10:34:36,5.98,0.0,99,59202,卖盘
1147,10:34:42,5.98,0.0,30,17941,卖盘
1148,10:34:54,5.99,0.01,20,11980,买盘
1149,10:35:00,5.98,-0.01,14,8372,卖盘
1150,10:35:03,5.98,0.0,31,18538,卖盘
1151,10:35:07,5.98,0.0,5,2990,卖盘
1152,10:35:12,5.98,0.0,92,55016,卖盘
1153,10:35:21,5.98,0.0,77,46047,卖盘
1154,10:35:30,5.98,0.0,10,5980,卖盘
1155,10:35:33,5.98,0.0,251,150098,卖盘
1156,10:35:36,5.98,0.0,33,19734,卖盘
1157,10:35:42,5.98,0.0,20,11960,卖盘
1158,10:35:45,5.98,0.0,99,59202,卖盘
1159,10:35:48,5.98,0.0,3,1794,买盘
1160,10:36:04,5.98,0.0,45,26904,买盘
1161,10:36:10,5.98,0.0,10,5980,卖盘
1162,10:36:12,5.98,0.0,24,14352,卖盘
1163,10:36:18,5.99,0.01,14,8386,买盘
1164,10:36:24,5.99,0.0,1,599,买盘
1165,10:36:27,5.98,-0.01,17,10166,卖盘
1166,10:36:30,5.98,0.0,27,16146,卖盘
1167,10:36:33,5.98,0.0,23,13754,卖盘
1168,10:36:37,5.98,0.0,4,2392,卖盘
1169,10:36:39,5.98,0.0,9,5382,卖盘
1170,10:36:43,5.98,0.0,104,62192,卖盘
1171,10:36:49,5.98,0.0,4,2392,买盘
1172,10:36:51,5.98,0.0,205,122590,买盘
1173,10:36:54,5.97,-0.01,7,4181,卖盘
1174,10:37:00,5.97,0.0,2,1194,卖盘
1175,10:37:10,5.97,0.0,55,32835,卖盘
1176,10:37:12,5.97,0.0,18,10746,卖盘
1177,10:37:21,5.97,0.0,7,4179,卖盘
1178,10:37:24,5.97,0.0,453,270465,卖盘
1179,10:37:27,5.97,0.0,53,31641,卖盘
1180,10:37:33,5.97,0.0,8,4776,卖盘
1181,10:37:36,5.97,0.0,211,125967,卖盘
1182,10:37:39,5.97,0.0,74,44178,卖盘
1183,10:37:45,5.97,0.0,65,38803,买盘
1184,10:37:48,5.97,0.0,25,14925,卖盘
1185,10:37:51,5.97,0.0,5,2985,卖盘
1186,10:38:00,5.97,0.0,20,11940,卖盘
1187,10:38:04,5.97,0.0,8,4776,卖盘
1188,10:38:09,5.97,0.0,17,10149,卖盘
1189,10:38:12,5.97,0.0,16,9552,卖盘
1190,10:38:15,5.98,0.01,500,299000,买盘
1191,10:38:18,5.97,-0.01,9,5373,卖盘
1192,10:38:21,5.98,0.01,5,2990,买盘
1193,10:38:27,5.98,0.0,39,23322,买盘
1194,10:38:37,5.98,0.0,26,15548,卖盘
1195,10:38:39,5.98,0.0,3,1794,买盘
1196,10:38:45,5.98,0.0,74,44252,买盘
1197,10:38:51,5.99,0.01,1,599,买盘
1198,10:38:54,5.99,0.0,2,1198,买盘
1199,10:38:57,5.99,0.0,58,34737,买盘
1200,10:39:00,5.99,0.0,21,12576,买盘
1201,10:39:06,5.99,0.0,4,2396,买盘
1202,10:39:18,5.99,0.0,21,12579,买盘
1203,10:39:24,5.99,0.0,21,12579,买盘
1204,10:39:28,5.99,0.0,50,29945,买盘
1205,10:39:33,5.99,0.0,32,19168,买盘
1206,10:39:39,5.99,0.0,62,37138,买盘
1207,10:39:42,5.99,0.0,1,599,买盘
1208,10:39:45,5.99,0.0,10,5990,买盘
1209,10:39:48,5.98,-0.01,3,1794,卖盘
1210,10:39:51,5.99,0.01,100,59900,买盘
1211,10:39:54,5.98,-0.01,15,8970,卖盘
1212,10:40:03,5.98,0.0,139,83155,卖盘
1213,10:40:06,5.98,0.0,86,51460,卖盘
1214,10:40:09,5.98,0.0,202,120801,卖盘
1215,10:40:16,5.98,0.0,2,1196,卖盘
1216,10:40:19,5.99,0.01,43,25736,买盘
1217,10:40:22,5.99,0.0,15,8985,买盘
1218,10:40:24,5.99,0.0,16,9584,买盘
1219,10:40:30,5.98,-0.01,10,5982,卖盘
1220,10:40:33,5.99,0.01,13,7787,买盘
1221,10:40:36,5.98,-0.01,59,35332,卖盘
1222,10:40:39,5.99,0.01,44,26332,买盘
1223,10:40:42,5.99,0.0,283,169517,买盘
1224,10:40:48,5.99,0.0,57,34143,买盘
1225,10:40:55,6.0,0.01,30,18000,买盘
1226,10:41:00,6.0,0.0,300,180000,买盘
1227,10:41:04,6.0,0.0,15,9000,买盘
1228,10:41:06,5.99,-0.01,194,116386,卖盘
1229,10:41:09,6.0,0.01,344,206400,买盘
1230,10:41:12,6.0,0.0,23,13800,买盘
1231,10:41:15,6.0,0.0,27,16200,卖盘
1232,10:41:18,6.0,0.0,1,600,卖盘
1233,10:41:24,6.01,0.01,55,33055,买盘
1234,10:41:27,6.01,0.0,60,36010,买盘
1235,10:41:30,6.01,0.0,40,24010,买盘
1236,10:41:33,6.01,0.0,12,7212,买盘
1237,10:41:40,6.0,-0.01,2,1200,卖盘
1238,10:41:48,6.0,0.0,69,41400,卖盘
1239,10:41:51,6.0,0.0,21,12601,卖盘
1240,10:41:57,6.0,0.0,126,75601,卖盘
1241,10:42:01,6.0,0.0,128,76800,卖盘
1242,10:42:04,6.0,0.0,20,12000,买盘
1243,10:42:06,6.0,0.0,8,4800,买盘
1244,10:42:15,6.0,0.0,87,52200,买盘
1245,10:42:18,6.0,0.0,7,4200,买盘
1246,10:42:21,5.99,-0.01,3,1797,卖盘
1247,10:42:27,6.0,0.01,5,3000,买盘
1248,10:42:33,5.99,-0.01,2,1198,卖盘
1249,10:42:36,5.99,0.0,19,11381,卖盘
1250,10:42:39,5.99,0.0,81,48519,卖盘
1251,10:42:42,5.99,0.0,3,1797,卖盘
1252,10:42:48,5.99,0.0,65,38955,卖盘
1253,10:42:57,5.99,0.0,6,3594,卖盘
1254,10:43:00,5.99,0.0,10,5990,卖盘
1255,10:43:12,5.99,0.0,10,5990,卖盘
1256,10:43:15,6.0,0.01,9,5400,买盘
1257,10:43:24,6.0,0.0,40,24000,买盘
1258,10:43:27,6.0,0.0,6,3600,买盘
1259,10:43:33,6.0,0.0,6,3600,买盘
1260,10:43:36,6.0,0.0,30,18000,买盘
1261,10:43:39,6.0,0.0,34,20400,买盘
1262,10:43:42,6.0,0.0,8,4800,买盘
1263,10:43:45,6.0,0.0,21,12600,买盘
1264,10:43:48,6.0,0.0,3,1800,买盘
1265,10:43:55,6.0,0.0,23,13796,买盘
1266,10:43:57,5.99,-0.01,9,5399,卖盘
1267,10:44:09,6.0,0.01,16,9600,买盘
1268,10:44:12,5.99,-0.01,64,38336,卖盘
1269,10:44:15,6.0,0.01,1,600,买盘
1270,10:44:24,6.0,0.0,37,22193,买盘
1271,10:44:27,6.0,0.0,1,600,买盘
1272,10:44:30,5.99,-0.01,4,2396,卖盘
1273,10:44:45,6.0,0.01,6,3600,买盘
1274,10:44:51,6.0,0.0,4,2400,买盘
1275,10:44:57,6.0,0.0,85,51000,买盘
1276,10:45:01,6.0,0.0,44,26400,买盘
1277,10:45:04,5.99,-0.01,5,2995,卖盘
1278,10:45:07,5.99,0.0,4,2396,卖盘
1279,10:45:13,5.99,0.0,107,64153,卖盘
1280,10:45:18,6.0,0.01,27,16200,买盘
1281,10:45:21,5.99,-0.01,21,12579,卖盘
1282,10:45:36,5.99,0.0,10,5990,卖盘
1283,10:45:39,6.0,0.01,3,1800,买盘
1284,10:45:42,6.0,0.0,38,22800,买盘
1285,10:46:06,6.0,0.0,10,6000,买盘
1286,10:46:09,5.99,-0.01,4,2396,卖盘
1287,10:46:24,5.99,0.0,111,66585,卖盘
1288,10:46:27,5.99,0.0,20,11980,卖盘
1289,10:46:30,5.99,0.0,3,1797,卖盘
1290,10:46:36,6.0,0.01,19,11400,买盘
1291,10:46:40,5.99,-0.01,11,6589,卖盘
1292,10:46:45,5.99,0.0,14,8386,卖盘
1293,10:46:48,5.99,0.0,15,8990,卖盘
1294,10:46:54,5.99,0.0,113,67687,卖盘
1295,10:47:04,5.99,0.0,45,26955,卖盘
1296,10:47:15,5.99,0.0,32,19168,卖盘
1297,10:47:22,6.0,0.01,15,8986,买盘
1298,10:47:24,5.99,-0.01,18,10782,卖盘
1299,10:47:33,5.99,0.0,361,216239,卖盘
1300,10:47:39,5.99,0.0,37,22151,买盘
1301,10:47:42,5.99,0.0,1,599,买盘
1302,10:47:49,5.98,-0.01,8,4784,卖盘
1303,10:47:52,5.98,0.0,9,5382,卖盘
1304,10:47:55,5.98,0.0,40,23920,卖盘
1305,10:47:57,5.98,0.0,26,15548,卖盘
1306,10:48:09,5.98,0.0,18,10764,卖盘
1307,10:48:12,5.98,0.0,207,123786,卖盘
1308,10:48:15,5.98,0.0,17,10166,买盘
1309,10:48:18,5.98,0.0,53,31698,卖盘
1310,10:48:24,5.98,0.0,5,2990,卖盘
1311,10:48:27,5.97,-0.01,33,19731,卖盘
1312,10:48:39,5.97,0.0,36,21503,卖盘
1313,10:48:51,5.98,0.01,25,14941,买盘
1314,10:48:57,5.98,0.0,14,8372,卖盘
1315,10:49:00,5.98,0.0,2,1196,卖盘
1316,10:49:18,5.98,0.0,24,14367,卖盘
1317,10:49:21,5.98,0.0,12,7176,卖盘
1318,10:49:24,5.99,0.01,24,14372,买盘
1319,10:49:27,5.98,-0.01,6,3588,卖盘
1320,10:49:37,5.99,0.01,45,26955,买盘
1321,10:49:42,5.98,-0.01,10,5980,卖盘
1322,10:49:51,5.99,0.01,5,2995,买盘
1323,10:49:54,5.99,0.0,37,22162,买盘
1324,10:50:00,5.99,0.0,10,5990,买盘
1325,10:50:04,5.99,0.0,83,49717,买盘
1326,10:50:06,5.99,0.0,43,25757,买盘
1327,10:50:09,5.99,0.0,228,136572,买盘
1328,10:50:15,5.99,0.0,90,53910,买盘
1329,10:50:18,5.99,0.0,111,66489,买盘
1330,10:50:21,5.99,0.0,94,56298,买盘
1331,10:50:24,5.99,0.0,106,63494,买盘
1332,10:50:33,6.0,0.01,9,5400,买盘
1333,10:50:39,5.99,-0.01,10,5990,卖盘
1334,10:50:48,5.99,0.0,120,71900,卖盘
1335,10:50:51,6.0,0.01,27,16200,买盘
1336,10:50:54,5.99,-0.01,15,8985,卖盘
1337,10:51:06,6.0,0.01,51,30600,买盘
1338,10:51:09,6.0,0.0,80,47930,买盘
1339,10:51:15,5.99,-0.01,1,599,卖盘
1340,10:51:36,5.99,0.0,100,59999,卖盘
1341,10:51:39,5.99,0.0,152,91172,卖盘
1342,10:51:42,6.0,0.01,5,3000,买盘
1343,10:51:45,6.0,0.0,40,24000,买盘
1344,10:51:48,6.0,0.0,14,8400,买盘
1345,10:51:51,6.0,0.0,107,64200,买盘
1346,10:51:54,6.0,0.0,35,20700,买盘
1347,10:52:06,6.0,0.0,40,24000,卖盘
1348,10:52:22,6.0,0.0,13,7805,卖盘
1349,10:52:24,6.0,0.0,45,27000,卖盘
1350,10:52:27,6.01,0.01,3,1803,买盘
1351,10:52:33,6.0,-0.01,1,600,卖盘
1352,10:52:36,6.0,0.0,42,25200,卖盘
1353,10:52:39,6.0,0.0,8,4800,卖盘
1354,10:52:43,6.01,0.01,10,6304,买盘
1355,10:52:48,6.0,-0.01,14,8400,卖盘
1356,10:52:51,6.01,0.01,5,3005,买盘
1357,10:52:55,6.0,-0.01,153,91800,卖盘
1358,10:52:57,6.0,0.0,5,3000,买盘
1359,10:53:00,6.0,0.0,4,2400,买盘
1360,10:53:04,6.0,0.0,15,9000,买盘
1361,10:53:06,6.0,0.0,8,4800,买盘
1362,10:53:10,6.0,0.0,4,2400,买盘
1363,10:53:13,6.0,0.0,52,31200,买盘
1364,10:53:19,6.0,0.0,125,75000,卖盘
1365,10:53:30,6.0,0.0,23,13800,卖盘
1366,10:53:33,6.01,0.01,124,74524,买盘
1367,10:53:36,6.0,-0.01,86,51600,卖盘
1368,10:53:42,6.01,0.01,1,601,买盘
1369,10:53:45,6.01,0.0,10,6010,买盘
1370,10:53:48,6.0,-0.01,30,18020,卖盘
1371,10:53:54,6.01,0.01,21,12621,买盘
1372,10:53:58,6.0,-0.01,2,1200,卖盘
1373,10:54:06,6.0,0.0,30,18000,卖盘
1374,10:54:15,6.0,0.0,111,66611,卖盘
1375,10:54:18,6.01,0.01,10,6010,买盘
1376,10:54:22,6.01,0.0,1,601,买盘
1377,10:54:24,6.0,-0.01,30,18000,卖盘
1378,10:54:27,6.0,0.0,5,3000,卖盘
1379,10:54:33,6.01,0.01,100,60100,买盘
1380,10:54:39,6.01,0.0,83,49883,买盘
1381,10:54:48,6.01,0.0,21,12621,买盘
1382,10:54:54,6.01,0.0,10,6010,买盘
1383,10:55:00,6.01,0.0,5,3005,买盘
1384,10:55:06,6.01,0.0,3,1803,买盘
1385,10:55:15,6.01,0.0,6,3606,买盘
1386,10:55:18,6.01,0.0,3,1803,买盘
1387,10:55:27,6.01,0.0,30,18030,买盘
1388,10:55:30,6.01,0.0,15,9015,买盘
1389,10:55:34,6.0,-0.01,67,40249,卖盘
1390,10:55:37,6.01,0.01,2,1202,买盘
1391,10:55:40,6.0,-0.01,6,3600,卖盘
1392,10:55:42,6.01,0.01,97,58297,买盘
1393,10:55:45,6.0,-0.01,15,9000,卖盘
1394,10:55:48,6.01,0.01,89,53484,买盘
1395,10:56:09,6.01,0.0,88,52888,买盘
1396,10:56:21,6.01,0.0,39,23424,买盘
1397,10:56:24,6.01,0.0,7,4207,买盘
1398,10:56:27,6.01,0.0,54,32454,买盘
1399,10:56:36,6.01,0.0,27,16207,买盘
1400,10:56:39,6.01,0.0,8,4808,买盘
1401,10:56:42,6.01,0.0,12,7212,买盘
1402,10:56:51,6.0,-0.01,11,6600,卖盘
1403,10:56:54,6.01,0.01,4,2404,买盘
1404,10:57:06,6.01,0.0,271,162871,买盘
1405,10:57:15,6.01,0.0,51,30651,买盘
1406,10:57:21,6.01,0.0,5,3003,买盘
1407,10:57:24,6.0,-0.01,1,600,卖盘
1408,10:57:33,6.01,0.01,1,601,买盘
1409,10:57:39,6.01,0.0,97,58281,买盘
1410,10:57:42,6.01,0.0,27,16227,买盘
1411,10:57:45,6.01,0.0,144,86544,买盘
1412,10:57:48,6.01,0.0,183,109933,买盘
1413,10:57:51,6.01,0.0,23,13823,买盘
1414,10:57:57,6.01,0.0,4,2404,卖盘
1415,10:58:00,6.0,-0.01,5,3000,卖盘
1416,10:58:06,6.01,0.01,8,4808,买盘
1417,10:58:12,6.0,-0.01,200,120000,卖盘
1418,10:58:21,6.01,0.01,30,18030,买盘
1419,10:58:24,6.0,-0.01,20,12000,卖盘
1420,10:58:27,6.0,0.0,6,3600,卖盘
1421,10:58:30,6.0,0.0,280,168000,卖盘
1422,10:58:33,6.0,0.0,10,6000,卖盘
1423,10:58:36,6.0,0.0,20,12000,卖盘
1424,10:58:42,6.0,0.0,3,1800,卖盘
1425,10:58:45,6.0,0.0,32,19200,卖盘
1426,10:58:51,6.0,0.0,150,90000,卖盘
1427,10:59:06,6.0,0.0,343,205800,卖盘
1428,10:59:09,6.0,0.0,6,3600,买盘
1429,10:59:12,6.0,0.0,14,8400,买盘
1430,10:59:18,6.0,0.0,9,5400,买盘
1431,10:59:27,6.0,0.0,11,6593,买盘
1432,10:59:36,6.0,0.0,30,18000,买盘
1433,10:59:39,5.99,-0.01,7,4193,卖盘
1434,10:59:57,5.99,0.0,150,89850,卖盘
1435,11:00:00,6.0,0.01,2,1200,买盘
1436,11:00:04,6.0,0.0,1,600,买盘
1437,11:00:09,5.99,-0.01,35,20965,卖盘
1438,11:00:15,6.0,0.01,81,48600,买盘
1439,11:00:18,6.0,0.0,100,60000,买盘
1440,11:00:21,5.99,-0.01,4,2396,卖盘
1441,11:00:33,5.99,0.0,51,30550,卖盘
1442,11:00:43,6.0,0.01,10,6000,买盘
1443,11:01:07,6.0,0.0,5,3000,买盘
1444,11:01:18,6.0,0.0,36,21600,买盘
1445,11:01:21,5.99,-0.01,51,30584,卖盘
1446,11:01:33,5.99,0.0,2,1198,卖盘
1447,11:01:37,5.99,0.0,30,17970,卖盘
1448,11:01:42,6.0,0.01,2,1200,买盘
1449,11:01:51,6.0,0.0,1,600,买盘
1450,11:01:57,6.0,0.0,10,6000,买盘
1451,11:02:12,6.0,0.0,5,3000,买盘
1452,11:02:21,6.0,0.0,3,1800,买盘
1453,11:02:24,5.99,-0.01,13,7787,卖盘
1454,11:02:39,6.0,0.01,6,3600,买盘
1455,11:02:51,6.0,0.0,30,18000,买盘
1456,11:02:54,6.0,0.0,1,600,买盘
1457,11:03:03,5.99,-0.01,15,8985,卖盘
1458,11:03:06,6.0,0.01,22,13185,买盘
1459,11:03:13,6.0,0.0,10,6000,买盘
1460,11:03:33,5.99,-0.01,1,599,卖盘
1461,11:03:36,5.99,0.0,5,2995,卖盘
1462,11:03:39,5.99,0.0,17,10193,卖盘
1463,11:03:45,5.99,0.0,15,8985,卖盘
1464,11:03:48,5.99,0.0,2,1198,卖盘
1465,11:03:54,5.99,0.0,62,37138,卖盘
1466,11:03:57,5.99,0.0,16,9584,卖盘
1467,11:04:00,5.99,0.0,81,48519,卖盘
1468,11:04:07,5.99,0.0,17,10183,卖盘
1469,11:04:09,5.99,0.0,50,29950,卖盘
1470,11:04:12,5.99,0.0,253,151554,卖盘
1471,11:04:24,5.99,0.0,27,16173,卖盘
1472,11:04:27,5.99,0.0,150,89850,卖盘
1473,11:04:31,6.0,0.01,78,46782,买盘
1474,11:04:51,5.99,-0.01,229,137171,卖盘
1475,11:04:54,5.99,0.0,17,10183,卖盘
1476,11:04:57,5.99,0.0,4,2396,买盘
1477,11:05:04,5.98,-0.01,5,2990,卖盘
1478,11:05:24,5.99,0.01,172,102889,买盘
1479,11:05:27,5.99,0.0,10,5990,买盘
1480,11:05:36,5.99,0.0,5,2995,买盘
1481,11:05:42,5.99,0.0,14,8386,买盘
1482,11:05:45,5.99,0.0,20,11980,买盘
1483,11:05:51,5.98,-0.01,12,7176,卖盘
1484,11:05:54,5.99,0.01,9,5391,买盘
1485,11:06:04,5.98,-0.01,85,50830,卖盘
1486,11:06:06,5.99,0.01,16,9584,买盘
1487,11:06:09,5.98,-0.01,50,29900,卖盘
1488,11:06:12,5.99,0.01,18,10774,买盘
1489,11:06:18,5.98,-0.01,2,1196,卖盘
1490,11:06:21,5.99,0.01,1,599,买盘
1491,11:06:24,5.99,0.0,8,4792,买盘
1492,11:06:30,5.98,-0.01,33,19752,卖盘
1493,11:06:33,5.98,0.0,8,4784,卖盘
1494,11:06:36,5.99,0.01,153,91647,买盘
1495,11:06:39,5.98,-0.01,50,29900,卖盘
1496,11:06:46,5.98,0.0,53,31717,卖盘
1497,11:06:48,5.98,0.0,12,7176,卖盘
1498,11:06:51,5.98,0.0,10,5980,卖盘
1499,11:06:54,5.98,0.0,2,1196,卖盘
1500,11:07:00,5.98,0.0,23,13754,卖盘
1501,11:07:10,5.98,0.0,226,135148,卖盘
1502,11:07:12,5.99,0.01,8,4792,买盘
1503,11:07:27,5.99,0.0,10,5990,买盘
1504,11:07:39,5.99,0.0,2,1198,买盘
1505,11:07:45,5.99,0.0,6,3594,买盘
1506,11:07:48,5.98,-0.01,8,4784,卖盘
1507,11:07:52,5.99,0.01,1,599,买盘
1508,11:07:55,5.99,0.0,26,15558,买盘
1509,11:07:57,5.98,-0.01,2,1196,卖盘
1510,11:08:04,5.98,0.0,8,4791,卖盘
1511,11:08:06,5.99,0.01,146,87309,买盘
1512,11:08:12,5.99,0.0,3,1797,买盘
1513,11:08:30,5.98,-0.01,98,58604,卖盘
1514,11:08:33,5.98,0.0,5,2990,买盘
1515,11:08:45,5.98,0.0,11,6578,买盘
1516,11:08:52,5.98,0.0,14,8372,买盘
1517,11:08:54,5.98,0.0,34,20332,买盘
1518,11:08:57,5.98,0.0,58,34684,卖盘
1519,11:09:00,5.98,0.0,9,5382,卖盘
1520,11:09:03,5.98,0.0,32,19136,卖盘
1521,11:09:15,5.97,-0.01,120,71670,卖盘
1522,11:09:18,5.98,0.01,10,5980,买盘
1523,11:09:21,5.98,0.0,52,31048,买盘
1524,11:09:24,5.97,-0.01,10,5970,卖盘
1525,11:09:27,5.98,0.01,119,71162,买盘
1526,11:09:42,5.98,0.0,32,19136,卖盘
1527,11:09:54,5.98,0.0,113,67563,买盘
1528,11:09:57,5.98,0.0,1,598,买盘
1529,11:10:00,5.98,0.0,30,17940,买盘
1530,11:10:03,5.98,0.0,5,2990,买盘
1531,11:10:06,5.98,0.0,10,5980,买盘
1532,11:10:10,5.98,0.0,12,7165,买盘
1533,11:10:13,5.98,0.0,50,29900,买盘
1534,11:10:21,5.98,0.0,9,5377,买盘
1535,11:10:24,5.97,-0.01,30,17910,卖盘
1536,11:10:27,5.98,0.01,1,598,买盘
1537,11:10:30,5.98,0.0,7,4186,买盘
1538,11:10:39,5.97,-0.01,11,6571,卖盘
1539,11:10:42,5.98,0.01,15,8970,买盘
1540,11:10:45,5.97,-0.01,38,22686,卖盘
1541,11:10:57,5.98,0.01,86,51348,买盘
1542,11:11:00,5.98,0.0,10,5980,买盘
1543,11:11:06,5.98,0.0,5,2990,买盘
1544,11:11:12,5.98,0.0,3,1794,买盘
1545,11:11:15,5.98,0.0,25,14950,买盘
1546,11:11:21,5.98,0.0,27,16146,买盘
1547,11:11:24,5.98,0.0,5,2990,买盘
1548,11:11:39,5.98,0.0,3,1794,买盘
1549,11:11:45,5.98,0.0,89,53222,买盘
1550,11:11:57,5.98,0.0,81,48438,买盘
1551,11:12:06,5.98,0.0,42,25116,卖盘
1552,11:12:09,5.99,0.01,41,24559,买盘
1553,11:12:13,5.99,0.0,6,3594,买盘
1554,11:12:16,5.98,-0.01,3,1794,卖盘
1555,11:12:22,5.98,0.0,3,1794,卖盘
1556,11:12:30,5.98,0.0,2,1196,卖盘
1557,11:12:39,5.98,0.0,110,65780,卖盘
1558,11:12:51,5.98,0.0,271,162058,卖盘
1559,11:12:54,5.98,0.0,2,1196,卖盘
1560,11:13:00,5.98,0.0,13,7784,卖盘
1561,11:13:03,5.98,0.0,104,62192,卖盘
1562,11:13:06,5.97,-0.01,3,1791,卖盘
1563,11:13:12,5.98,0.01,10,5980,买盘
1564,11:13:15,5.98,0.0,10,5980,买盘
1565,11:13:21,5.98,0.0,17,10166,买盘
1566,11:13:24,5.97,-0.01,10,5970,卖盘
1567,11:13:30,5.98,0.01,100,59800,买盘
1568,11:13:39,5.97,-0.01,1,597,卖盘
1569,11:13:42,5.97,0.0,4,2388,卖盘
1570,11:13:51,5.98,0.01,130,77650,买盘
1571,11:13:54,5.98,0.0,7,4186,买盘
1572,11:14:04,5.97,-0.01,2,1194,卖盘
1573,11:14:06,5.98,0.01,62,37076,买盘
1574,11:14:09,5.98,0.0,8,4784,买盘
1575,11:14:12,5.98,0.0,166,99268,买盘
1576,11:14:15,5.98,0.0,7,4186,卖盘
1577,11:14:18,5.98,0.0,36,21528,卖盘
1578,11:14:21,5.98,0.0,101,60398,卖盘
1579,11:14:30,5.97,-0.01,1,597,卖盘
1580,11:14:36,5.97,0.0,3,1791,卖盘
1581,11:14:40,5.98,0.01,116,69302,买盘
1582,11:14:45,5.98,0.0,107,63986,买盘
1583,11:14:48,5.98,0.0,39,23322,卖盘
1584,11:14:51,5.98,0.0,70,41860,卖盘
1585,11:14:54,5.98,0.0,21,12558,卖盘
1586,11:15:09,5.98,0.0,232,138726,买盘
1587,11:15:13,5.97,-0.01,50,29850,卖盘
1588,11:15:24,5.98,0.01,5,2990,买盘
1589,11:15:27,5.98,0.0,2,1196,买盘
1590,11:15:30,5.98,0.0,178,106444,买盘
1591,11:15:33,5.98,0.0,20,11960,卖盘
1592,11:15:39,5.98,0.0,25,14950,卖盘
1593,11:15:42,5.98,0.0,26,15551,卖盘
1594,11:15:45,5.98,0.0,62,37076,卖盘
1595,11:15:48,5.98,0.0,17,10166,卖盘
1596,11:15:54,5.99,0.01,5,2995,买盘
1597,11:15:57,5.98,-0.01,20,11960,卖盘
1598,11:16:00,5.98,0.0,112,66976,卖盘
1599,11:16:04,5.99,0.01,10,5990,买盘
1600,11:16:09,5.99,0.0,5,2995,买盘
1601,11:16:18,5.98,-0.01,40,23920,卖盘
1602,11:16:27,5.98,0.0,10,5980,买盘
1603,11:16:30,5.97,-0.01,13,7761,卖盘
1604,11:16:39,5.97,0.0,25,14925,卖盘
1605,11:16:42,5.98,0.01,6,3588,买盘
1606,11:16:45,5.98,0.0,11,6568,买盘
1607,11:16:48,5.98,0.0,20,11960,买盘
1608,11:16:51,5.98,0.0,1,598,买盘
1609,11:16:54,5.98,0.0,10,5980,买盘
1610,11:17:01,5.97,-0.01,12,7164,卖盘
1611,11:17:15,5.98,0.01,2,1196,买盘
1612,11:17:27,5.97,-0.01,202,120596,卖盘
1613,11:17:30,5.98,0.01,30,17940,买盘
1614,11:17:34,5.97,-0.01,137,81797,卖盘
1615,11:17:36,5.98,0.01,20,11960,买盘
1616,11:17:39,5.98,0.0,50,29900,买盘
1617,11:17:42,5.98,0.0,18,10754,买盘
1618,11:17:45,5.98,0.0,25,14950,买盘
1619,11:17:51,5.97,-0.01,110,65688,卖盘
1620,11:17:55,5.98,0.01,15,8970,买盘
1621,11:18:01,5.98,0.0,17,10166,卖盘
1622,11:18:15,5.98,0.0,39,23322,卖盘
1623,11:18:18,5.99,0.01,20,11980,买盘
1624,11:18:21,5.98,-0.01,2,1196,卖盘
1625,11:18:30,5.99,0.01,30,17950,买盘
1626,11:18:39,5.99,0.0,139,83261,买盘
1627,11:18:42,5.98,-0.01,50,29900,卖盘
1628,11:18:45,5.99,0.01,20,11980,买盘
1629,11:18:51,5.99,0.0,78,46722,买盘
1630,11:18:57,5.99,0.0,10,5990,买盘
1631,11:19:04,5.98,-0.01,4,2392,卖盘
1632,11:19:07,5.98,0.0,2,1196,卖盘
1633,11:19:09,5.99,0.01,5,2995,买盘
1634,11:19:15,5.98,-0.01,17,10167,卖盘
1635,11:19:18,5.98,0.0,72,43121,卖盘
1636,11:19:21,5.99,0.01,2,1198,买盘
1637,11:19:27,5.98,-0.01,7,4186,卖盘
1638,11:19:42,5.99,0.01,4,2396,买盘
1639,11:19:51,5.99,0.0,14,8386,买盘
1640,11:19:54,5.98,-0.01,11,6578,卖盘
1641,11:20:18,5.99,0.01,26,15574,买盘
1642,11:20:27,5.99,0.0,83,49717,买盘
1643,11:20:39,5.98,-0.01,35,20930,卖盘
1644,11:20:48,5.98,0.0,63,37674,卖盘
1645,11:20:54,5.98,0.0,1,598,卖盘
1646,11:21:06,5.98,0.0,23,13754,卖盘
1647,11:21:16,5.98,0.0,126,75348,卖盘
1648,11:21:18,5.98,0.0,8,4784,卖盘
1649,11:21:21,5.98,0.0,50,29900,卖盘
1650,11:21:24,5.99,0.01,28,16772,买盘
1651,11:21:54,5.98,-0.01,6,3588,卖盘
1652,11:22:06,5.98,0.0,62,37126,卖盘
1653,11:22:09,5.98,0.0,274,163852,卖盘
1654,11:22:12,5.98,0.0,43,25714,买盘
1655,11:22:36,5.98,0.0,25,14950,买盘
1656,11:22:51,5.98,0.0,249,148902,买盘
1657,11:23:00,5.98,0.0,151,90298,卖盘
1658,11:23:09,5.98,0.0,26,15543,买盘
1659,11:23:24,5.97,-0.01,20,11940,卖盘
1660,11:23:39,5.98,0.01,20,11960,买盘
1661,11:23:48,5.98,0.0,97,58006,买盘
1662,11:24:06,5.98,0.0,15,8970,卖盘
1663,11:24:09,5.98,0.0,10,5980,卖盘
1664,11:24:18,5.98,0.0,16,9568,卖盘
1665,11:24:24,5.98,0.0,7,4186,卖盘
1666,11:24:31,5.99,0.01,15,8985,买盘
1667,11:24:36,5.99,0.0,79,47321,买盘
1668,11:24:42,5.98,-0.01,10,5980,卖盘
1669,11:24:48,5.99,0.01,82,49118,买盘
1670,11:24:51,5.98,-0.01,1,299,卖盘
1671,11:24:54,5.99,0.01,61,36838,买盘
1672,11:25:00,5.99,0.0,23,13478,卖盘
1673,11:25:12,5.98,-0.01,7,4186,卖盘
1674,11:25:18,5.98,0.0,8,4784,卖盘
1675,11:25:27,5.99,0.01,1,599,买盘
1676,11:25:30,5.98,-0.01,23,13754,卖盘
1677,11:25:36,5.99,0.01,1,599,买盘
1678,11:25:39,5.99,0.0,97,58103,买盘
1679,11:25:48,5.99,0.0,22,13178,买盘
1680,11:25:51,5.98,-0.01,1,598,卖盘
1681,11:25:54,5.99,0.01,5,2995,买盘
1682,11:26:09,5.99,0.0,98,59002,买盘
1683,11:26:12,5.99,0.0,36,21264,卖盘
1684,11:26:15,5.98,-0.01,1,598,卖盘
1685,11:26:33,5.99,0.01,29,17670,买盘
1686,11:26:39,5.99,0.0,12,6888,卖盘
1687,11:26:42,5.99,0.0,11,6888,买盘
1688,11:26:45,5.99,0.0,10,5990,卖盘
1689,11:26:57,5.99,0.0,15,8686,卖盘
1690,11:27:15,6.0,0.01,600,359938,买盘
1691,11:27:18,5.98,-0.02,41,24518,卖盘
1692,11:27:36,5.98,0.0,4,2392,卖盘
1693,11:27:39,5.99,0.01,20,11980,买盘
1694,11:27:42,5.97,-0.02,856,511348,卖盘
1695,11:27:45,5.99,0.02,30,17970,买盘
1696,11:27:48,5.99,0.0,20,11980,买盘
1697,11:27:57,5.98,-0.01,69,41262,卖盘
1698,11:28:04,5.98,0.0,46,27508,买盘
1699,11:28:09,5.98,0.0,5,2990,买盘
1700,11:28:18,5.99,0.01,30,17970,买盘
1701,11:28:42,5.99,0.0,81,48519,买盘
1702,11:28:51,5.98,-0.01,30,17940,卖盘
1703,11:29:03,5.98,0.0,1,598,卖盘
1704,11:29:18,5.98,0.0,5,2990,卖盘
1705,11:29:27,5.98,0.0,6,3588,卖盘
1706,11:29:42,5.98,0.0,100,59800,卖盘
1707,11:29:51,5.98,0.0,97,58021,卖盘
1708,13:00:04,5.98,0.0,286,171028,卖盘
1709,13:00:12,5.98,0.0,20,11945,买盘
1710,13:00:39,5.98,0.0,14,8372,买盘
1711,13:00:42,5.97,-0.01,56,33432,卖盘
1712,13:01:06,5.97,0.0,331,197607,卖盘
1713,13:01:15,5.98,0.01,2,1196,买盘
1714,13:01:18,5.97,-0.01,3,1791,卖盘
1715,13:01:36,5.97,0.0,9,5373,卖盘
1716,13:01:42,5.97,0.0,30,17910,卖盘
1717,13:01:45,5.97,0.0,200,119400,卖盘
1718,13:02:24,5.98,0.01,6,3588,买盘
1719,13:02:30,5.97,-0.01,8,4776,卖盘
1720,13:02:39,5.97,0.0,15,8955,卖盘
1721,13:02:42,5.97,0.0,39,23283,卖盘
1722,13:02:51,5.98,0.01,7,4186,买盘
1723,13:03:00,5.98,0.0,6,3588,买盘
1724,13:03:07,5.97,-0.01,5,2985,卖盘
1725,13:03:10,5.97,0.0,1,597,卖盘
1726,13:03:12,5.98,0.01,102,60936,买盘
1727,13:03:15,5.98,0.0,4,2392,买盘
1728,13:03:18,5.98,0.0,10,5980,买盘
1729,13:03:24,5.98,0.0,11,6578,买盘
1730,13:03:33,5.98,0.0,3,1794,买盘
1731,13:03:36,5.98,0.0,5,2990,买盘
1732,13:03:39,5.98,0.0,297,177606,买盘
1733,13:03:48,5.98,0.0,1,598,卖盘
1734,13:03:51,5.98,0.0,30,17940,卖盘
1735,13:04:00,5.98,0.0,318,190164,卖盘
1736,13:04:27,5.97,-0.01,10,5970,卖盘
1737,13:04:40,5.98,0.01,115,68657,买盘
1738,13:04:42,5.98,0.0,54,32292,买盘
1739,13:04:45,5.97,-0.01,10,5970,卖盘
1740,13:04:54,5.97,0.0,86,51342,卖盘
1741,13:04:57,5.98,0.01,1,598,买盘
1742,13:05:18,5.97,-0.01,7,4179,卖盘
1743,13:05:21,5.97,0.0,1,597,卖盘
1744,13:05:33,5.98,0.01,4,2392,买盘
1745,13:05:42,5.97,-0.01,32,19104,卖盘
1746,13:05:48,5.97,0.0,52,31044,卖盘
1747,13:05:51,5.97,0.0,63,37910,卖盘
1748,13:05:54,5.97,0.0,2,1194,买盘
1749,13:05:57,5.97,0.0,3,1791,买盘
1750,13:06:06,5.97,0.0,20,11940,买盘
1751,13:06:09,5.97,0.0,2,1194,买盘
1752,13:06:12,5.96,-0.01,97,57812,卖盘
1753,13:06:15,5.97,0.01,3,1791,买盘
1754,13:06:33,5.97,0.0,35,20895,买盘
1755,13:06:36,5.97,0.0,174,103580,买盘
1756,13:06:39,5.97,0.0,24,14328,卖盘
1757,13:06:45,5.97,0.0,1,597,卖盘
1758,13:06:48,5.98,0.01,2,1196,买盘
1759,13:07:03,5.98,0.0,418,249964,买盘
1760,13:07:09,5.98,0.0,10,5980,卖盘
1761,13:07:12,5.98,0.0,20,11960,卖盘
1762,13:07:18,5.98,0.0,30,17940,卖盘
1763,13:07:27,5.98,0.0,100,59800,卖盘
1764,13:07:45,5.99,0.01,4,2396,买盘
1765,13:07:48,5.99,0.0,1,599,买盘
1766,13:07:54,5.98,-0.01,134,80132,卖盘
1767,13:08:00,5.98,0.0,10,5980,买盘
1768,13:08:21,5.97,-0.01,18,10746,卖盘
1769,13:08:30,5.97,0.0,16,9552,卖盘
1770,13:08:39,5.98,0.01,6,3588,卖盘
1771,13:08:48,5.97,-0.01,11,6568,卖盘
1772,13:08:57,5.97,0.0,11,6567,卖盘
1773,13:09:04,5.97,0.0,40,23880,卖盘
1774,13:09:09,5.97,0.0,2,1194,卖盘
1775,13:09:15,5.97,0.0,5,2985,卖盘
1776,13:09:18,5.97,0.0,9,5374,卖盘
1777,13:09:51,5.98,0.01,39,23322,买盘
1778,13:09:57,5.97,-0.01,10,5970,卖盘
1779,13:10:00,5.98,0.01,39,23322,买盘
1780,13:10:03,5.97,-0.01,52,31044,卖盘
1781,13:10:18,5.98,0.01,2,1196,买盘
1782,13:10:36,5.98,0.0,500,299000,买盘
1783,13:10:48,5.98,0.0,5,2990,买盘
1784,13:10:51,5.98,0.0,5,2990,买盘
1785,13:10:57,5.98,0.0,26,15532,买盘
1786,13:11:00,5.98,0.0,5,2990,买盘
1787,13:11:04,5.98,0.0,1,598,买盘
1788,13:11:06,5.97,-0.01,450,268650,卖盘
1789,13:11:09,5.98,0.01,1,598,买盘
1790,13:11:15,5.98,0.0,81,48438,买盘
1791,13:11:18,5.97,-0.01,350,208927,卖盘
1792,13:11:22,5.97,0.0,2,1194,买盘
1793,13:11:25,5.97,0.0,10,5970,买盘
1794,13:11:27,5.97,0.0,121,72197,买盘
1795,13:11:30,5.96,-0.01,64,38144,卖盘
1796,13:11:36,5.97,0.01,3,1791,买盘
1797,13:11:39,5.97,0.0,120,71540,买盘
1798,13:11:45,5.97,0.0,10,5970,买盘
1799,13:11:48,5.96,-0.01,10,5960,卖盘
1800,13:11:55,5.97,0.01,20,11940,买盘
1801,13:12:00,5.97,0.0,77,45969,买盘
1802,13:12:15,5.96,-0.01,3,1788,卖盘
1803,13:12:24,5.96,0.0,29,17284,卖盘
1804,13:12:31,5.96,0.0,3,1788,卖盘
1805,13:12:36,5.97,0.01,11,6567,买盘
1806,13:12:39,5.96,-0.01,5,2980,卖盘
1807,13:12:42,5.96,0.0,2,1192,卖盘
1808,13:12:45,5.97,0.01,5,2982,买盘
1809,13:12:48,5.97,0.0,14,8358,买盘
1810,13:12:51,5.96,-0.01,144,85824,卖盘
1811,13:12:58,5.96,0.0,43,25628,卖盘
1812,13:13:04,5.97,0.01,2,1194,买盘
1813,13:13:09,5.96,-0.01,56,33376,卖盘
1814,13:13:15,5.96,0.0,48,28627,卖盘
1815,13:13:18,5.97,0.01,25,14925,买盘
1816,13:13:21,5.96,-0.01,4,2384,卖盘
1817,13:13:24,5.96,0.0,3,1788,卖盘
1818,13:13:33,5.97,0.01,7,4179,买盘
1819,13:13:39,5.96,-0.01,2,1192,卖盘
1820,13:13:42,5.96,0.0,100,59600,卖盘
1821,13:13:48,5.96,0.0,40,23840,卖盘
1822,13:13:51,5.96,0.0,2,1192,卖盘
1823,13:13:57,5.96,0.0,30,17880,卖盘
1824,13:14:06,5.97,0.01,40,23880,买盘
1825,13:14:12,5.96,-0.01,25,14900,卖盘
1826,13:14:18,5.96,0.0,160,95360,卖盘
1827,13:14:21,5.97,0.01,400,238800,买盘
1828,13:14:24,5.96,-0.01,7,4172,卖盘
1829,13:14:27,5.96,0.0,56,33376,卖盘
1830,13:14:30,5.96,0.0,3,1788,卖盘
1831,13:14:33,5.96,0.0,7,4172,卖盘
1832,13:14:42,5.96,0.0,1,596,卖盘
1833,13:14:51,5.96,0.0,142,84632,卖盘
1834,13:14:54,5.96,0.0,17,10132,卖盘
1835,13:15:01,5.97,0.01,9,5373,买盘
1836,13:15:04,5.96,-0.01,16,9537,卖盘
1837,13:15:06,5.97,0.01,208,124175,买盘
1838,13:15:09,5.96,-0.01,98,58436,卖盘
1839,13:15:15,5.96,0.0,11,6566,卖盘
1840,13:15:24,5.96,0.0,100,59600,卖盘
1841,13:15:33,5.96,0.0,75,44700,卖盘
1842,13:15:36,5.96,0.0,5,2980,卖盘
1843,13:15:39,5.97,0.01,9,5371,买盘
1844,13:15:42,5.96,-0.01,104,61984,卖盘
1845,13:15:51,5.96,0.0,7,4172,卖盘
1846,13:16:01,5.96,0.0,99,59004,卖盘
1847,13:16:06,5.97,0.01,64,38149,买盘
1848,13:16:09,5.97,0.0,3,1791,买盘
1849,13:16:12,5.97,0.0,26,15504,买盘
1850,13:16:15,5.96,-0.01,16,9536,卖盘
1851,13:16:21,5.96,0.0,63,37548,卖盘
1852,13:16:37,5.96,0.0,3,1788,卖盘
1853,13:16:40,5.96,0.0,30,17880,卖盘
1854,13:16:45,5.96,0.0,20,11920,卖盘
1855,13:16:51,5.96,0.0,6,3576,卖盘
1856,13:16:54,5.96,0.0,4,2384,卖盘
1857,13:17:00,5.96,0.0,2,1192,卖盘
1858,13:17:06,5.96,0.0,24,14304,卖盘
1859,13:17:09,5.96,0.0,10,5960,卖盘
1860,13:17:12,5.96,0.0,16,9536,卖盘
1861,13:17:18,5.96,0.0,88,52448,卖盘
1862,13:17:21,5.96,0.0,94,56024,卖盘
1863,13:17:24,5.96,0.0,129,76884,卖盘
1864,13:17:33,5.96,0.0,78,46488,卖盘
1865,13:17:39,5.96,0.0,52,30992,卖盘
1866,13:17:42,5.96,0.0,22,13112,卖盘
1867,13:17:49,5.96,0.0,11,6556,买盘
1868,13:17:57,5.96,0.0,9,5364,买盘
1869,13:18:06,5.96,0.0,101,60196,买盘
1870,13:18:12,5.96,0.0,80,47680,买盘
1871,13:18:18,5.96,0.0,59,35164,卖盘
1872,13:18:24,5.96,0.0,3,1788,卖盘
1873,13:18:33,5.96,0.0,5,2980,卖盘
1874,13:18:36,5.97,0.01,10,5965,买盘
1875,13:18:39,5.96,-0.01,7,4172,买盘
1876,13:18:48,5.96,0.0,62,36952,卖盘
1877,13:18:54,5.96,0.0,25,14900,卖盘
1878,13:18:57,5.96,0.0,70,41700,中性盘
1879,13:19:01,5.96,0.0,9,5364,卖盘
1880,13:19:04,5.96,0.0,26,15496,卖盘
1881,13:19:07,5.96,0.0,55,32780,买盘
1882,13:19:10,5.96,0.0,30,17880,买盘
1883,13:19:12,5.96,0.0,51,30396,买盘
1884,13:19:15,5.95,-0.01,12,7140,卖盘
1885,13:19:18,5.96,0.01,26,15496,买盘
1886,13:19:21,5.96,0.0,174,103564,买盘
1887,13:19:24,5.96,0.0,8,4768,买盘
1888,13:19:37,5.96,0.0,10,5960,买盘
1889,13:19:40,5.96,0.0,24,14304,买盘
1890,13:19:51,5.96,0.0,29,17269,买盘
1891,13:19:54,5.95,-0.01,17,10126,卖盘
1892,13:19:57,5.96,0.01,42,25032,买盘
1893,13:20:03,5.96,0.0,90,53640,买盘
1894,13:20:06,5.96,0.0,3,1788,买盘
1895,13:20:18,5.96,0.0,32,19072,卖盘
1896,13:20:30,5.96,0.0,62,36952,卖盘
1897,13:20:33,5.96,0.0,26,15496,卖盘
1898,13:20:39,5.96,0.0,101,60196,卖盘
1899,13:20:42,5.97,0.01,3,1791,买盘
1900,13:21:06,5.96,-0.01,1,596,卖盘
1901,13:21:12,5.97,0.01,5,2985,买盘
1902,13:21:18,5.96,-0.01,10,5960,卖盘
1903,13:21:24,5.96,0.0,100,59600,卖盘
1904,13:21:31,5.97,0.01,29,17307,买盘
1905,13:21:37,5.96,-0.01,40,23840,卖盘
1906,13:21:40,5.96,0.0,19,11324,卖盘
1907,13:21:42,5.96,0.0,3,1788,卖盘
1908,13:21:45,5.96,0.0,105,62580,卖盘
1909,13:21:48,5.97,0.01,7,4179,买盘
1910,13:21:57,5.97,0.0,6,3582,买盘
1911,13:22:00,5.97,0.0,2,1194,买盘
1912,13:22:06,5.97,0.0,15,8945,买盘
1913,13:22:09,5.96,-0.01,20,11920,卖盘
1914,13:22:18,5.97,0.01,5,2985,买盘
1915,13:22:24,5.97,0.0,3,1791,买盘
1916,13:22:36,5.97,0.0,10,5970,买盘
1917,13:22:39,5.96,-0.01,155,92380,卖盘
1918,13:22:42,5.96,0.0,50,29800,卖盘
1919,13:22:48,5.96,0.0,18,10728,卖盘
1920,13:22:52,5.96,0.0,13,7754,卖盘
1921,13:23:00,5.96,0.0,10,5960,卖盘
1922,13:23:04,5.97,0.01,2,1194,买盘
1923,13:23:10,5.97,0.0,477,284769,买盘
1924,13:23:22,5.97,0.0,13,7761,卖盘
1925,13:23:30,5.97,0.0,1,597,卖盘
1926,13:23:36,5.97,0.0,5,2985,卖盘
1927,13:23:51,5.97,0.0,7,4179,卖盘
1928,13:24:00,5.97,0.0,126,75222,卖盘
1929,13:24:12,5.97,0.0,32,19104,卖盘
1930,13:24:15,5.97,0.0,3,1791,买盘
1931,13:24:18,5.97,0.0,33,19701,买盘
1932,13:24:24,5.96,-0.01,1,596,卖盘
1933,13:24:30,5.97,0.01,4,2388,买盘
1934,13:24:33,5.96,-0.01,7,4172,卖盘
1935,13:24:36,5.96,0.0,50,29800,卖盘
1936,13:24:39,5.97,0.01,97,57909,买盘
1937,13:24:45,5.98,0.01,100,59800,买盘
1938,13:24:48,5.97,-0.01,209,124973,卖盘
1939,13:24:51,5.98,0.01,7,4186,买盘
1940,13:24:57,5.98,0.0,54,32342,卖盘
1941,13:25:00,5.99,0.01,5,2995,买盘
1942,13:25:04,5.99,0.0,101,60499,买盘
1943,13:25:06,5.99,0.0,57,34093,买盘
1944,13:25:09,5.99,0.0,163,97637,买盘
1945,13:25:12,5.99,0.0,52,31147,买盘
1946,13:25:15,5.98,-0.01,294,175996,卖盘
1947,13:25:24,5.98,0.0,44,26312,买盘
1948,13:25:27,5.97,-0.01,75,44838,卖盘
1949,13:25:34,5.98,0.01,10,5980,买盘
1950,13:25:37,5.98,0.0,10,5980,买盘
1951,13:25:39,5.97,-0.01,12,7164,卖盘
1952,13:26:15,5.97,0.0,116,69252,卖盘
1953,13:26:21,5.97,0.0,40,23880,卖盘
1954,13:26:24,5.97,0.0,5,2985,卖盘
1955,13:26:28,5.97,0.0,11,6567,卖盘
1956,13:26:30,5.98,0.01,258,154282,买盘
1957,13:26:43,5.99,0.01,20,11980,买盘
1958,13:26:48,5.99,0.0,55,32945,买盘
1959,13:27:18,5.99,0.0,120,71880,买盘
1960,13:27:30,5.99,0.0,1,599,卖盘
1961,13:27:33,5.99,0.0,63,37737,卖盘
1962,13:27:36,5.99,0.0,9,5391,卖盘
1963,13:27:39,5.99,0.0,14,8388,卖盘
1964,13:27:42,6.0,0.01,29,17388,买盘
1965,13:27:46,5.99,-0.01,253,151547,卖盘
1966,13:27:51,5.99,0.0,5,2995,卖盘
1967,13:27:54,5.99,0.0,6,3594,卖盘
1968,13:27:57,6.0,0.01,67,40185,买盘
1969,13:28:00,5.99,-0.01,111,66489,卖盘
1970,13:28:06,5.99,0.0,118,70682,买盘
1971,13:28:09,5.98,-0.01,65,38905,卖盘
1972,13:28:15,5.99,0.01,116,69434,买盘
1973,13:28:18,5.99,0.0,23,13777,买盘
1974,13:28:27,5.98,-0.01,14,8382,卖盘
1975,13:28:33,5.98,0.0,11,6578,卖盘
1976,13:28:54,5.98,0.0,10,5980,卖盘
1977,13:29:00,5.98,0.0,100,59800,卖盘
1978,13:29:09,5.98,0.0,177,105846,卖盘
1979,13:29:18,5.99,0.01,3,1797,买盘
1980,13:29:30,5.99,0.0,2,1198,买盘
1981,13:29:33,5.98,-0.01,76,45448,卖盘
1982,13:29:36,5.98,0.0,70,41910,卖盘
1983,13:29:39,5.99,0.01,92,55108,买盘
1984,13:29:45,5.99,0.0,218,130582,买盘
1985,13:29:57,5.99,0.0,95,56905,买盘
1986,13:30:12,5.99,0.0,19,11377,买盘
1987,13:30:18,5.99,0.0,156,93444,买盘
1988,13:30:24,5.99,0.0,38,22762,买盘
1989,13:30:27,5.99,0.0,13,7787,买盘
1990,13:30:37,5.98,-0.01,4,2392,卖盘
1991,13:31:04,5.99,0.01,204,121996,买盘
1992,13:31:06,5.99,0.0,80,47920,买盘
1993,13:31:15,5.98,-0.01,105,62890,卖盘
1994,13:31:21,5.98,0.0,23,13776,卖盘
1995,13:31:31,5.99,0.01,20,11980,买盘
1996,13:31:33,5.98,-0.01,19,11362,卖盘
1997,13:31:42,5.98,0.0,2,1196,卖盘
1998,13:31:52,5.99,0.01,116,69374,买盘
1999,13:32:04,5.98,-0.01,10,5980,卖盘
2000,13:32:06,5.98,0.0,62,37076,卖盘
2001,13:32:16,5.98,0.0,1,598,卖盘
2002,13:32:19,5.98,0.0,22,13156,卖盘
2003,13:32:24,5.98,0.0,10,5980,卖盘
2004,13:32:27,5.98,0.0,115,68790,卖盘
2005,13:32:36,5.98,0.0,37,22126,卖盘
2006,13:32:42,5.99,0.01,5,2995,买盘
2007,13:32:48,5.98,-0.01,10,5980,卖盘
2008,13:32:54,5.98,0.0,118,70601,卖盘
2009,13:33:00,5.98,0.0,10,5980,卖盘
2010,13:33:06,5.97,-0.01,112,66926,卖盘
2011,13:33:09,5.96,-0.01,1638,976755,卖盘
2012,13:33:12,5.96,0.0,10,5960,买盘
2013,13:33:15,5.96,0.0,100,59600,买盘
2014,13:33:18,5.95,-0.01,137,81589,卖盘
2015,13:33:21,5.96,0.01,72,42897,买盘
2016,13:33:24,5.95,-0.01,183,109029,卖盘
2017,13:33:27,5.96,0.01,66,39336,买盘
2018,13:33:30,5.96,0.0,769,458223,买盘
2019,13:33:33,5.98,0.02,7,4186,买盘
2020,13:33:36,5.98,0.0,57,33990,买盘
2021,13:33:39,5.97,-0.01,11,6571,中性盘
2022,13:33:42,5.97,0.0,23,13720,买盘
2023,13:33:45,5.97,0.0,7,4179,买盘
2024,13:33:48,5.97,0.0,6,3582,买盘
2025,13:33:51,5.97,0.0,2,1194,买盘
2026,13:33:57,5.97,0.0,1,597,买盘
2027,13:34:00,5.97,0.0,42,25036,买盘
2028,13:34:04,5.97,0.0,7,4179,买盘
2029,13:34:06,5.97,0.0,110,65585,买盘
2030,13:34:09,5.96,-0.01,43,25630,卖盘
2031,13:34:12,5.97,0.01,20,11940,买盘
2032,13:34:15,5.97,0.0,4,2388,买盘
2033,13:34:18,5.96,-0.01,20,11920,卖盘
2034,13:34:21,5.96,0.0,20,11920,卖盘
2035,13:34:27,5.97,0.01,27,16098,买盘
2036,13:34:30,5.96,-0.01,10,5960,卖盘
2037,13:34:33,5.95,-0.01,1070,637334,卖盘
2038,13:34:39,5.95,0.0,25,14881,卖盘
2039,13:34:42,5.96,0.01,18,10728,买盘
2040,13:34:54,5.96,0.0,20,11920,卖盘
2041,13:34:57,5.97,0.01,8,4776,买盘
2042,13:35:00,5.96,-0.01,38,22648,卖盘
2043,13:35:04,5.96,0.0,20,11920,卖盘
2044,13:35:09,5.96,0.0,2,1192,卖盘
2045,13:35:12,5.96,0.0,21,12516,卖盘
2046,13:35:15,5.96,0.0,5,2980,卖盘
2047,13:35:18,5.97,0.01,10,5970,买盘
2048,13:35:21,5.96,-0.01,28,16688,卖盘
2049,13:35:24,5.97,0.01,10,5970,买盘
2050,13:35:27,5.96,-0.01,100,59680,卖盘
2051,13:35:30,5.97,0.01,46,27462,买盘
2052,13:35:34,5.96,-0.01,20,11920,卖盘
2053,13:35:36,5.97,0.01,10,5970,买盘
2054,13:35:39,5.96,-0.01,30,17880,卖盘
2055,13:35:45,5.96,0.0,38,22648,卖盘
2056,13:35:51,5.96,0.0,12,7152,卖盘
2057,13:35:54,5.96,0.0,3,1788,卖盘
2058,13:35:57,5.96,0.0,111,66156,卖盘
2059,13:36:00,5.96,0.0,169,100724,卖盘
2060,13:36:06,5.96,0.0,90,53640,卖盘
2061,13:36:10,5.97,0.01,16,9552,买盘
2062,13:36:12,5.97,0.0,5,2985,买盘
2063,13:36:15,5.97,0.0,5,2985,买盘
2064,13:36:18,5.97,0.0,47,28049,买盘
2065,13:36:22,5.97,0.0,5,2985,买盘
2066,13:36:24,5.97,0.0,49,29253,买盘
2067,13:36:27,5.97,0.0,1,597,买盘
2068,13:36:30,5.97,0.0,20,11940,买盘
2069,13:36:36,5.97,0.0,49,29253,买盘
2070,13:36:39,5.97,0.0,81,48357,买盘
2071,13:36:42,5.97,0.0,21,12537,买盘
2072,13:36:48,5.97,0.0,259,154623,买盘
2073,13:37:00,5.97,0.0,6,3582,卖盘
2074,13:37:06,5.97,0.0,110,65670,卖盘
2075,13:37:12,5.97,0.0,8,4776,卖盘
2076,13:37:24,5.97,0.0,3,1791,买盘
2077,13:37:30,5.97,0.0,66,39402,买盘
2078,13:37:34,5.97,0.0,5,2985,买盘
2079,13:37:37,5.96,-0.01,1,596,卖盘
2080,13:37:40,5.97,0.01,18,10746,买盘
2081,13:38:00,5.97,0.0,21,12537,买盘
2082,13:38:06,5.97,0.0,18,10746,买盘
2083,13:38:09,5.97,0.0,114,68038,买盘
2084,13:38:13,5.96,-0.01,5,2980,卖盘
2085,13:38:15,5.97,0.01,42,25074,买盘
2086,13:38:18,5.96,-0.01,11,6556,卖盘
2087,13:38:24,5.97,0.01,1,597,买盘
2088,13:38:30,5.97,0.0,35,20895,买盘
2089,13:39:06,5.97,0.0,33,19701,买盘
2090,13:39:09,5.97,0.0,1,597,买盘
2091,13:39:15,5.96,-0.01,80,47680,卖盘
2092,13:39:18,5.97,0.01,1,597,买盘
2093,13:39:24,5.97,0.0,1,597,买盘
2094,13:39:30,5.96,-0.01,8,4768,卖盘
2095,13:39:42,5.96,0.0,1000,596000,卖盘
2096,13:39:45,5.96,0.0,1,596,卖盘
2097,13:39:51,5.97,0.01,2,1193,买盘
2098,13:39:55,5.96,-0.01,458,272968,卖盘
2099,13:39:57,5.95,-0.01,1027,611100,卖盘
2100,13:40:06,5.95,0.0,63,37485,卖盘
2101,13:40:09,5.96,0.01,68,40473,买盘
2102,13:40:12,5.95,-0.01,15,8925,卖盘
2103,13:40:15,5.95,0.0,12,7140,买盘
2104,13:40:21,5.95,0.0,32,19040,买盘
2105,13:40:24,5.95,0.0,3,1785,买盘
2106,13:40:31,5.95,0.0,28,16660,买盘
2107,13:40:34,5.95,0.0,242,143890,买盘
2108,13:40:36,5.94,-0.01,237,140783,卖盘
2109,13:40:39,5.95,0.01,5,2975,买盘
2110,13:40:42,5.94,-0.01,23,13663,卖盘
2111,13:40:45,5.94,0.0,401,238194,卖盘
2112,13:40:48,5.94,0.0,82,48758,卖盘
2113,13:40:51,5.94,0.0,453,269082,卖盘
2114,13:40:55,5.94,0.0,39,23166,卖盘
2115,13:41:00,5.94,0.0,53,31492,卖盘
2116,13:41:03,5.94,0.0,200,118800,卖盘
2117,13:41:06,5.94,0.0,33,19602,卖盘
2118,13:41:10,5.94,0.0,166,98604,卖盘
2119,13:41:12,5.94,0.0,41,24354,卖盘
2120,13:41:15,5.94,0.0,11,6534,卖盘
2121,13:41:18,5.94,0.0,128,76082,卖盘
2122,13:41:21,5.94,0.0,150,89100,卖盘
2123,13:41:27,5.94,0.0,38,22572,卖盘
2124,13:41:33,5.94,0.0,25,14850,卖盘
2125,13:41:39,5.95,0.01,20,11883,买盘
2126,13:41:42,5.95,0.0,47,27925,买盘
2127,13:41:48,5.94,-0.01,40,23780,卖盘
2128,13:41:51,5.95,0.01,285,169575,买盘
2129,13:41:54,5.95,0.0,66,39270,买盘
2130,13:41:58,5.96,0.01,43,25595,买盘
2131,13:42:01,5.94,-0.02,25,14864,卖盘
2132,13:42:04,5.96,0.02,3,1788,买盘
2133,13:42:06,5.95,-0.01,29,17255,卖盘
2134,13:42:09,5.96,0.01,515,306925,买盘
2135,13:42:12,5.95,-0.01,32,19040,卖盘
2136,13:42:15,5.95,0.0,25,14875,卖盘
2137,13:42:18,5.96,0.01,12,7146,买盘
2138,13:42:27,5.95,-0.01,2,1190,卖盘
2139,13:42:30,5.96,0.01,130,77480,买盘
2140,13:42:33,5.96,0.0,10,5960,卖盘
2141,13:42:39,5.96,0.0,78,46515,卖盘
2142,13:42:48,5.96,0.0,2,1192,卖盘
2143,13:42:57,5.96,0.0,28,16688,卖盘
2144,13:43:00,5.97,0.01,17,10149,买盘
2145,13:43:04,5.96,-0.01,4,2384,卖盘
2146,13:43:06,5.96,0.0,182,108644,卖盘
2147,13:43:09,5.96,0.0,50,29830,卖盘
2148,13:43:12,5.97,0.01,183,109251,买盘
2149,13:43:15,5.96,-0.01,82,48872,卖盘
2150,13:43:18,5.97,0.01,189,113132,买盘
2151,13:43:21,5.97,0.0,20,11940,卖盘
2152,13:43:24,5.96,-0.01,80,47710,卖盘
2153,13:43:27,5.98,0.02,5,2990,买盘
2154,13:43:36,5.98,0.0,398,238004,买盘
2155,13:43:39,5.99,0.01,495,296505,买盘
2156,13:43:42,5.98,-0.01,8,4789,卖盘
2157,13:43:48,5.99,0.01,21,12579,卖盘
2158,13:43:57,6.0,0.01,151,90467,买盘
2159,13:44:00,5.98,-0.02,20,11960,卖盘
2160,13:44:04,6.0,0.02,5,3000,买盘
2161,13:44:09,5.99,-0.01,10,5990,卖盘
2162,13:44:16,6.0,0.01,53,31800,买盘
2163,13:44:18,5.99,-0.01,8,4792,卖盘
2164,13:44:27,5.99,0.0,34,20366,买盘
2165,13:44:33,5.99,0.0,20,11980,买盘
2166,13:44:36,5.99,0.0,6,3594,买盘
2167,13:44:42,5.99,0.0,54,32346,买盘
2168,13:44:46,5.99,0.0,48,28752,买盘
2169,13:44:48,5.99,0.0,10,5990,买盘
2170,13:44:51,5.99,0.0,50,29950,中性盘
2171,13:44:57,5.98,-0.01,16,9582,卖盘
2172,13:45:04,5.99,0.01,11,6589,买盘
2173,13:45:06,5.99,0.0,100,59900,买盘
2174,13:45:12,5.98,-0.01,202,120796,卖盘
2175,13:45:15,5.98,0.0,9,5382,买盘
2176,13:45:18,5.98,0.0,13,7774,买盘
2177,13:45:21,5.98,0.0,36,21528,买盘
2178,13:45:27,5.98,0.0,6,3588,买盘
2179,13:45:30,5.97,-0.01,127,75836,卖盘
2180,13:45:33,5.98,0.01,16,9568,买盘
2181,13:45:39,5.97,-0.01,2,1194,卖盘
2182,13:45:46,5.97,0.0,5,2985,卖盘
2183,13:45:51,5.97,0.0,6,3582,卖盘
2184,13:46:00,5.97,0.0,35,20895,卖盘
2185,13:46:03,5.98,0.01,100,59798,买盘
2186,13:46:07,5.98,0.0,50,29900,买盘
2187,13:46:13,5.97,-0.01,17,10149,买盘
2188,13:46:18,5.97,0.0,60,35820,买盘
2189,13:46:27,5.98,0.01,41,24518,买盘
2190,13:46:33,5.98,0.0,12,7176,买盘
2191,13:46:37,5.97,-0.01,1,597,卖盘
2192,13:46:43,5.98,0.01,31,18538,买盘
2193,13:46:45,5.98,0.0,38,22724,买盘
2194,13:46:48,5.97,-0.01,264,157608,卖盘
2195,13:47:04,5.97,0.0,30,17910,买盘
2196,13:47:06,5.97,0.0,5,2985,买盘
2197,13:47:12,5.96,-0.01,7,4172,卖盘
2198,13:47:15,5.96,0.0,63,37576,卖盘
2199,13:47:18,5.96,0.0,279,166284,卖盘
2200,13:47:21,5.96,0.0,10,5960,卖盘
2201,13:47:30,5.96,0.0,17,10132,卖盘
2202,13:47:33,5.96,0.0,12,7162,卖盘
2203,13:47:45,5.97,0.01,42,25062,买盘
2204,13:47:48,5.97,0.0,100,59700,买盘
2205,13:47:54,5.97,0.0,15,8955,买盘
2206,13:47:57,5.96,-0.01,280,166582,卖盘
2207,13:48:06,5.96,0.0,540,321310,买盘
2208,13:48:09,5.96,0.0,9,5364,买盘
2209,13:48:12,5.96,0.0,1260,748907,买盘
2210,13:48:19,5.96,0.0,299,178502,买盘
2211,13:48:27,5.96,0.0,6,3576,卖盘
2212,13:48:36,5.97,0.01,272,162384,买盘
2213,13:48:42,5.97,0.0,4,2388,卖盘
2214,13:48:45,5.98,0.01,94,56212,买盘
2215,13:48:48,5.97,-0.01,10,5976,卖盘
2216,13:48:51,6.0,0.03,1000,599629,买盘
2217,13:49:00,6.0,0.0,11,6600,买盘
2218,13:49:04,6.0,0.0,3,1800,买盘
2219,13:49:06,6.0,0.0,41,24580,买盘
2220,13:49:09,6.0,0.0,110,65980,买盘
2221,13:49:12,6.01,0.01,989,594215,买盘
2222,13:49:18,6.02,0.01,85,51296,买盘
2223,13:49:21,6.02,0.0,5,3010,买盘
2224,13:49:24,6.02,0.0,88,52976,买盘
2225,13:49:27,6.01,-0.01,57,34304,卖盘
2226,13:49:30,6.02,0.01,248,149296,买盘
2227,13:49:33,6.02,0.0,15,9027,买盘
2228,13:49:36,6.02,0.0,33,19866,买盘
2229,13:49:39,6.01,-0.01,163,98123,卖盘
2230,13:49:42,6.02,0.01,46,27692,买盘
2231,13:49:45,6.02,0.0,26,15510,买盘
2232,13:49:48,6.02,0.0,79,47690,卖盘
2233,13:49:51,6.02,0.0,108,64916,买盘
2234,13:49:54,6.02,0.0,118,71036,买盘
2235,13:49:58,6.02,0.0,10,6020,买盘
2236,13:50:00,6.01,-0.01,48,28853,卖盘
2237,13:50:04,6.02,0.01,3,1806,买盘
2238,13:50:06,6.02,0.0,70,42080,买盘
2239,13:50:09,6.02,0.0,123,74046,买盘
2240,13:50:12,6.02,0.0,12,7224,买盘
2241,13:50:15,6.02,0.0,10,6020,买盘
2242,13:50:18,6.01,-0.01,188,113016,卖盘
2243,13:50:21,6.02,0.01,26,15642,买盘
2244,13:50:24,6.02,0.0,13,7826,买盘
2245,13:50:28,6.02,0.0,99,59598,买盘
2246,13:50:31,6.02,0.0,10,6020,买盘
2247,13:50:34,6.01,-0.01,74,44474,卖盘
2248,13:50:36,6.01,0.0,5,3005,买盘
2249,13:50:39,6.01,0.0,20,12020,买盘
2250,13:50:42,6.0,-0.01,34,20400,卖盘
2251,13:50:48,6.01,0.01,30,18030,买盘
2252,13:50:52,6.01,0.0,20,12020,买盘
2253,13:50:54,6.01,0.0,3,1803,买盘
2254,13:50:57,6.01,0.0,19,11419,买盘
2255,13:51:04,6.01,0.0,116,69716,买盘
2256,13:51:06,6.01,0.0,126,75702,买盘
2257,13:51:18,6.02,0.01,53,31906,买盘
2258,13:51:21,6.01,-0.01,16,9616,卖盘
2259,13:51:24,6.01,0.0,40,24040,卖盘
2260,13:51:27,6.02,0.01,201,121001,买盘
2261,13:51:30,6.02,0.0,50,30100,买盘
2262,13:51:33,6.02,0.0,43,25886,买盘
2263,13:51:36,6.01,-0.01,21,12622,卖盘
2264,13:51:39,6.01,0.0,100,60100,卖盘
2265,13:51:45,6.01,0.0,2,1202,卖盘
2266,13:51:54,6.01,0.0,168,100986,卖盘
2267,13:52:00,6.01,0.0,5,3005,卖盘
2268,13:52:03,6.02,0.01,150,90200,买盘
2269,13:52:06,6.01,-0.01,38,22844,卖盘
2270,13:52:09,6.0,-0.01,50,30000,卖盘
2271,13:52:15,6.01,0.01,232,139213,买盘
2272,13:52:18,6.01,0.0,13,7813,买盘
2273,13:52:24,6.0,-0.01,5,3000,卖盘
2274,13:52:28,6.0,0.0,23,13800,卖盘
2275,13:52:51,6.0,0.0,17,10200,卖盘
2276,13:52:58,6.0,0.0,2,1200,买盘
2277,13:53:01,6.0,0.0,53,31800,买盘
2278,13:53:18,6.0,0.0,8,4800,买盘
2279,13:53:21,5.99,-0.01,16,9590,卖盘
2280,13:53:28,6.0,0.01,10,6000,买盘
2281,13:53:39,6.0,0.0,10,6000,买盘
2282,13:54:06,6.0,0.0,20,12000,买盘
2283,13:54:15,5.99,-0.01,9,5391,卖盘
2284,13:54:21,6.0,0.01,10,6000,买盘
2285,13:54:31,6.0,0.0,35,21000,买盘
2286,13:54:39,6.0,0.0,1,600,买盘
2287,13:54:43,6.0,0.0,17,10200,买盘
2288,13:54:45,6.0,0.0,100,60000,买盘
2289,13:54:51,6.0,0.0,1678,1006800,买盘
2290,13:54:54,6.0,0.0,49,29400,卖盘
2291,13:55:06,6.01,0.01,51,30651,买盘
2292,13:55:09,6.01,0.0,5,3005,买盘
2293,13:55:12,6.01,0.0,30,18030,买盘
2294,13:55:16,6.0,-0.01,85,51048,卖盘
2295,13:55:18,6.01,0.01,25,15025,买盘
2296,13:55:21,6.01,0.0,20,12020,买盘
2297,13:55:27,6.01,0.0,6,3606,买盘
2298,13:55:30,6.01,0.0,19,11419,买盘
2299,13:55:36,6.01,0.0,15,9015,买盘
2300,13:55:42,6.02,0.01,64,38517,买盘
2301,13:55:51,6.01,-0.01,36,21642,卖盘
2302,13:55:58,6.02,0.01,14,8428,买盘
2303,13:56:04,6.02,0.0,63,37883,买盘
2304,13:56:06,6.02,0.0,55,33110,买盘
2305,13:56:12,6.02,0.0,50,30100,买盘
2306,13:56:15,6.01,-0.01,161,96822,卖盘
2307,13:56:18,6.02,0.01,59,35518,买盘
2308,13:56:30,6.02,0.0,141,84882,买盘
2309,13:56:36,6.02,0.0,3,1806,买盘
2310,13:56:54,6.02,0.0,2,1204,买盘
2311,13:56:57,6.02,0.0,10,6020,买盘
2312,13:57:00,6.02,0.0,10,6020,买盘
2313,13:57:03,6.01,-0.01,102,61304,卖盘
2314,13:57:09,6.02,0.01,48,28896,买盘
2315,13:57:12,6.01,-0.01,75,45075,卖盘
2316,13:57:15,6.01,0.0,182,109382,卖盘
2317,13:57:18,6.01,0.0,10,6010,买盘
2318,13:57:21,6.02,0.01,16,9624,买盘
2319,13:57:27,6.01,-0.01,3,1803,中性盘
2320,13:57:30,6.02,0.01,50,30100,买盘
2321,13:57:36,6.02,0.0,8,4816,买盘
2322,13:57:39,6.02,0.0,6,3608,买盘
2323,13:57:42,6.01,-0.01,13,7813,卖盘
2324,13:57:54,6.01,0.0,97,58297,买盘
2325,13:58:00,6.0,-0.01,3,1802,卖盘
2326,13:58:10,6.0,0.0,30,18000,卖盘
2327,13:58:16,6.01,0.01,10,6010,买盘
2328,13:58:24,6.01,0.0,6,3606,买盘
2329,13:58:30,6.0,-0.01,10,6000,卖盘
2330,13:58:39,6.0,0.0,1,600,卖盘
2331,13:58:48,6.01,0.01,6,3601,买盘
2332,13:58:57,6.0,-0.01,19,11400,卖盘
2333,13:59:00,6.01,0.01,3,1803,买盘
2334,13:59:06,6.0,-0.01,67,40205,卖盘
2335,13:59:18,6.01,0.01,6,3605,买盘
2336,13:59:30,6.01,0.0,1,601,买盘
2337,13:59:33,6.0,-0.01,8,4800,卖盘
2338,13:59:54,6.01,0.01,44,26410,买盘
2339,14:00:06,6.01,0.0,36,21636,买盘
2340,14:00:15,6.01,0.0,52,31252,买盘
2341,14:00:27,6.0,-0.01,30,18010,卖盘
2342,14:00:30,6.0,0.0,10,6000,卖盘
2343,14:00:34,6.01,0.01,28,16828,买盘
2344,14:00:40,6.01,0.0,5,3005,买盘
2345,14:00:42,6.01,0.0,239,143637,买盘
2346,14:00:46,6.0,-0.01,129,77400,卖盘
2347,14:00:51,6.01,0.01,5,3005,买盘
2348,14:00:54,6.01,0.0,11,6611,买盘
2349,14:00:57,6.0,-0.01,40,24000,卖盘
2350,14:01:00,6.0,0.0,40,24020,卖盘
2351,14:01:03,6.01,0.01,163,97963,买盘
2352,14:01:06,6.01,0.0,44,26444,卖盘
2353,14:01:12,6.01,0.0,6,3606,卖盘
2354,14:01:18,6.02,0.01,506,304606,买盘
2355,14:01:21,6.02,0.0,12,7224,买盘
2356,14:01:30,6.02,0.0,11,6622,卖盘
2357,14:01:36,6.03,0.01,160,96334,买盘
2358,14:01:42,6.02,-0.01,24,14448,买盘
2359,14:01:45,6.03,0.01,309,186327,买盘
2360,14:01:48,6.03,0.0,3,1809,买盘
2361,14:01:54,6.03,0.0,32,19296,买盘
2362,14:02:00,6.03,0.0,81,48843,买盘
2363,14:02:04,6.01,-0.02,181,109047,卖盘
2364,14:02:06,6.03,0.02,13,7839,买盘
2365,14:02:10,6.01,-0.02,131,78731,卖盘
2366,14:02:12,6.03,0.02,4,2412,买盘
2367,14:02:18,6.02,-0.01,10,6020,中性盘
2368,14:02:27,6.02,0.0,4,2408,买盘
2369,14:02:30,6.02,0.0,10,6020,买盘
2370,14:02:57,6.01,-0.01,4,2404,卖盘
2371,14:03:06,6.01,0.0,16,9616,卖盘
2372,14:03:12,6.02,0.01,12,7224,买盘
2373,14:03:18,6.02,0.0,1,602,买盘
2374,14:03:30,6.01,-0.01,20,12020,卖盘
2375,14:03:33,6.02,0.01,33,19866,买盘
2376,14:03:42,6.02,0.0,24,14448,买盘
2377,14:03:49,6.02,0.0,2,1204,买盘
2378,14:04:03,6.02,0.0,6,3612,买盘
2379,14:04:06,6.02,0.0,5,3010,买盘
2380,14:04:09,6.02,0.0,9,5418,买盘
2381,14:04:16,6.02,0.0,5,3010,买盘
2382,14:04:19,6.02,0.0,10,6020,买盘
2383,14:04:22,6.01,-0.01,20,12020,卖盘
2384,14:04:27,6.01,0.0,20,12020,卖盘
2385,14:04:36,6.01,0.0,10,6010,卖盘
2386,14:04:42,6.01,0.0,17,10217,卖盘
2387,14:04:48,6.01,0.0,98,58898,卖盘
2388,14:04:51,6.01,0.0,10,6010,卖盘
2389,14:04:57,6.01,0.0,103,61926,卖盘
2390,14:05:00,6.01,0.0,20,12020,卖盘
2391,14:05:06,6.01,0.0,88,52888,卖盘
2392,14:05:09,6.0,-0.01,13,7800,卖盘
2393,14:05:24,6.0,0.0,80,48000,卖盘
2394,14:05:30,6.0,0.0,120,72000,卖盘
2395,14:05:40,6.0,0.0,57,34200,卖盘
2396,14:05:57,6.0,0.0,3,1800,卖盘
2397,14:06:12,6.0,0.0,9,5404,卖盘
2398,14:06:21,6.0,0.0,2,1200,卖盘
2399,14:06:33,6.01,0.01,45,27045,买盘
2400,14:06:42,6.0,-0.01,125,75017,卖盘
2401,14:07:07,6.01,0.01,10,6010,卖盘
2402,14:07:09,6.01,0.0,16,9616,卖盘
2403,14:07:18,6.02,0.01,10,6020,买盘
2404,14:07:24,6.01,-0.01,10,6010,卖盘
2405,14:07:30,6.02,0.01,22,13244,买盘
2406,14:07:39,6.02,0.0,15,9030,买盘
2407,14:07:51,6.02,0.0,21,12642,买盘
2408,14:07:57,6.02,0.0,15,9030,买盘
2409,14:08:00,6.02,0.0,15,9030,买盘
2410,14:08:04,6.01,-0.01,131,78861,卖盘
2411,14:08:06,6.02,0.01,43,25886,买盘
2412,14:08:12,6.02,0.0,138,83076,买盘
2413,14:08:15,6.02,0.0,3,1806,买盘
2414,14:08:22,6.03,0.01,10,6030,买盘
2415,14:08:24,6.03,0.0,75,45225,买盘
2416,14:08:27,6.02,-0.01,5,3010,卖盘
2417,14:08:33,6.03,0.01,39,23517,买盘
2418,14:08:36,6.03,0.0,236,142308,买盘
2419,14:08:39,6.03,0.0,155,93465,买盘
2420,14:08:42,6.03,0.0,47,28378,卖盘
2421,14:08:45,6.03,0.0,10,6030,卖盘
2422,14:08:52,6.03,0.0,52,31404,卖盘
2423,14:08:55,6.04,0.01,462,279048,买盘
2424,14:09:00,6.05,0.01,147,88925,买盘
2425,14:09:03,6.04,-0.01,10,6040,卖盘
2426,14:09:06,6.05,0.01,627,379335,买盘
2427,14:09:10,6.05,0.0,172,104060,卖盘
2428,14:09:12,6.06,0.01,51,30906,买盘
2429,14:09:15,6.05,-0.01,13,7865,卖盘
2430,14:09:18,6.05,0.0,330,199707,卖盘
2431,14:09:21,6.05,0.0,95,57475,买盘
2432,14:09:24,6.05,0.0,234,141568,买盘
2433,14:09:27,6.04,-0.01,17,10283,卖盘
2434,14:09:30,6.05,0.01,171,103455,买盘
2435,14:09:34,6.05,0.0,75,45375,卖盘
2436,14:09:37,6.06,0.01,258,156348,买盘
2437,14:09:40,6.06,0.0,112,67862,买盘
2438,14:09:43,6.06,0.0,4,2424,买盘
2439,14:09:46,6.06,0.0,152,92112,买盘
2440,14:09:48,6.05,-0.01,90,54513,卖盘
2441,14:09:52,6.06,0.01,7,4242,买盘
2442,14:09:54,6.06,0.0,115,69657,买盘
2443,14:09:57,6.06,0.0,20,12120,买盘
2444,14:10:00,6.06,0.0,14,8484,买盘
2445,14:10:03,6.06,0.0,101,61106,买盘
2446,14:10:06,6.06,0.0,61,36935,买盘
2447,14:10:09,6.06,0.0,18,10908,买盘
2448,14:10:12,6.05,-0.01,156,94385,卖盘
2449,14:10:16,6.06,0.01,125,75650,买盘
2450,14:10:19,6.05,-0.01,347,210168,卖盘
2451,14:10:22,6.05,0.0,220,133100,卖盘
2452,14:10:25,6.05,0.0,420,254100,卖盘
2453,14:10:27,6.05,0.0,198,119790,卖盘
2454,14:10:33,6.05,0.0,10,6050,买盘
2455,14:10:39,6.04,-0.01,37,22348,卖盘
2456,14:10:45,6.05,0.01,62,37478,买盘
2457,14:10:48,6.04,-0.01,138,83352,卖盘
2458,14:10:52,6.04,0.0,2,1208,买盘
2459,14:10:57,6.04,0.0,4,2416,买盘
2460,14:11:04,6.04,0.0,6,3624,买盘
2461,14:11:09,6.04,0.0,21,12684,买盘
2462,14:11:15,6.04,0.0,90,54360,买盘
2463,14:11:18,6.04,0.0,80,48320,买盘
2464,14:11:21,6.04,0.0,41,24764,买盘
2465,14:11:33,6.05,0.01,10,6050,买盘
2466,14:11:36,6.04,-0.01,5,3020,卖盘
2467,14:11:39,6.05,0.01,2,1210,买盘
2468,14:11:42,6.04,-0.01,15,9060,卖盘
2469,14:11:45,6.04,0.0,10,6040,卖盘
2470,14:11:54,6.04,0.0,100,60400,卖盘
2471,14:11:57,6.04,0.0,163,98452,卖盘
2472,14:12:00,6.04,0.0,25,15100,买盘
2473,14:12:04,6.04,0.0,14,8456,卖盘
2474,14:12:09,6.04,0.0,9,5436,买盘
2475,14:12:12,6.05,0.01,100,60500,买盘
2476,14:12:15,6.04,-0.01,25,15100,卖盘
2477,14:12:18,6.04,0.0,36,21744,买盘
2478,14:12:24,6.04,0.0,5,3020,买盘
2479,14:12:27,6.04,0.0,57,34418,买盘
2480,14:12:30,6.04,0.0,107,64628,买盘
2481,14:12:33,6.04,0.0,68,41072,买盘
2482,14:12:36,6.03,-0.01,22,13286,卖盘
2483,14:12:43,6.04,0.01,48,28992,买盘
2484,14:12:45,6.04,0.0,18,10872,买盘
2485,14:12:51,6.04,0.0,5,3020,卖盘
2486,14:13:00,6.04,0.0,56,33824,卖盘
2487,14:13:06,6.04,0.0,93,56172,卖盘
2488,14:13:12,6.04,0.0,26,15704,买盘
2489,14:13:18,6.04,0.0,20,12080,买盘
2490,14:13:21,6.03,-0.01,39,23517,卖盘
2491,14:13:24,6.04,0.01,64,38656,买盘
2492,14:13:30,6.03,-0.01,13,7844,卖盘
2493,14:13:36,6.04,0.01,126,76104,买盘
2494,14:13:39,6.04,0.0,1,604,买盘
2495,14:13:43,6.03,-0.01,8,4824,卖盘
2496,14:13:45,6.04,0.01,9,5436,买盘
2497,14:13:51,6.04,0.0,20,12080,买盘
2498,14:13:57,6.03,-0.01,100,60300,卖盘
2499,14:14:00,6.03,0.0,64,38642,卖盘
2500,14:14:04,6.03,0.0,139,83817,卖盘
2501,14:14:06,6.04,0.01,15,9050,买盘
2502,14:14:09,6.04,0.0,21,12674,买盘
2503,14:14:12,6.04,0.0,9,5436,买盘
2504,14:14:15,6.03,-0.01,1290,777870,卖盘
2505,14:14:19,6.03,0.0,20,12060,买盘
2506,14:14:21,6.03,0.0,2,1206,买盘
2507,14:14:39,6.02,-0.01,34,20468,卖盘
2508,14:14:42,6.03,0.01,20,12060,买盘
2509,14:14:46,6.02,-0.01,48,28898,卖盘
2510,14:14:48,6.03,0.01,2,1206,买盘
2511,14:14:51,6.02,-0.01,1,602,卖盘
2512,14:15:06,6.03,0.01,4,2412,买盘
2513,14:15:15,6.02,-0.01,5,3010,卖盘
2514,14:15:18,6.02,0.0,78,46976,卖盘
2515,14:15:21,6.03,0.01,6,3618,买盘
2516,14:15:24,6.02,-0.01,30,18080,卖盘
2517,14:15:27,6.02,0.0,128,77156,卖盘
2518,14:15:42,6.03,0.01,1,603,买盘
2519,14:15:48,6.02,-0.01,60,36120,卖盘
2520,14:15:52,6.02,0.0,30,18060,卖盘
2521,14:16:00,6.02,0.0,30,18060,卖盘
2522,14:16:03,6.03,0.01,50,30150,买盘
2523,14:16:24,6.03,0.0,50,30150,买盘
2524,14:16:27,6.03,0.0,1,603,买盘
2525,14:16:33,6.02,-0.01,6,3612,卖盘
2526,14:16:36,6.03,0.01,19,11457,买盘
2527,14:16:51,6.02,-0.01,153,92156,卖盘
2528,14:16:54,6.03,0.01,8,4824,买盘
2529,14:17:00,6.03,0.0,77,46431,买盘
2530,14:17:09,6.03,0.0,50,30150,买盘
2531,14:17:15,6.03,0.0,37,22311,买盘
2532,14:17:18,6.03,0.0,1,603,买盘
2533,14:17:21,6.03,0.0,31,18693,买盘
2534,14:17:24,6.02,-0.01,1,602,卖盘
2535,14:17:27,6.03,0.01,41,24723,买盘
2536,14:17:33,6.03,0.0,27,16281,卖盘
2537,14:17:36,6.03,0.0,18,10854,卖盘
2538,14:17:46,6.03,0.0,7,4221,卖盘
2539,14:17:48,6.03,0.0,45,27135,卖盘
2540,14:17:52,6.03,0.0,16,9648,买盘
2541,14:17:57,6.03,0.0,31,18693,买盘
2542,14:18:12,6.03,0.0,24,14472,买盘
2543,14:18:18,6.03,0.0,56,33768,买盘
2544,14:18:21,6.03,0.0,5,3015,卖盘
2545,14:18:33,6.03,0.0,9,5427,卖盘
2546,14:18:36,6.03,0.0,137,82611,卖盘
2547,14:18:42,6.04,0.01,98,59112,买盘
2548,14:18:51,6.03,-0.01,11,6633,卖盘
2549,14:18:54,6.02,-0.01,14,8439,卖盘
2550,14:19:09,6.01,-0.01,1419,853526,卖盘
2551,14:19:12,6.02,0.01,45,27090,卖盘
2552,14:19:27,6.02,0.0,5,3010,买盘
2553,14:19:36,6.0,-0.02,70,42008,卖盘
2554,14:19:39,6.02,0.02,12,7224,买盘
2555,14:19:42,6.0,-0.02,414,248400,卖盘
2556,14:19:45,6.02,0.02,3,1806,买盘
2557,14:19:54,6.02,0.0,1,602,买盘
2558,14:19:57,6.01,-0.01,15,9015,卖盘
2559,14:20:06,6.01,0.0,8,4808,卖盘
2560,14:20:12,6.01,0.0,85,51145,卖盘
2561,14:20:33,6.0,-0.01,200,120000,卖盘
2562,14:20:36,6.01,0.01,3,1803,买盘
2563,14:20:39,6.01,0.0,12,7212,买盘
2564,14:20:48,6.0,-0.01,227,136200,卖盘
2565,14:20:51,6.01,0.01,13,7810,买盘
2566,14:21:03,6.0,-0.01,60,36010,卖盘
2567,14:21:10,6.0,0.0,5,3000,买盘
2568,14:21:12,6.0,0.0,42,25200,买盘
2569,14:21:18,5.99,-0.01,19,11393,卖盘
2570,14:21:25,6.0,0.01,7,4200,买盘
2571,14:21:33,6.0,0.0,1,600,卖盘
2572,14:21:36,6.01,0.01,41,24641,买盘
2573,14:21:42,6.01,0.0,9,5409,卖盘
2574,14:21:45,6.01,0.0,59,35459,买盘
2575,14:21:48,6.01,0.0,3,1803,卖盘
2576,14:21:54,6.01,0.0,58,34858,卖盘
2577,14:22:00,6.02,0.01,60,36120,买盘
2578,14:22:04,6.01,-0.01,203,122003,卖盘
2579,14:22:06,6.02,0.01,73,43946,买盘
2580,14:22:09,6.02,0.0,4,2408,买盘
2581,14:22:12,6.02,0.0,29,17458,买盘
2582,14:22:21,6.02,0.0,40,24080,卖盘
2583,14:22:24,6.02,0.0,16,9632,卖盘
2584,14:22:30,6.02,0.0,164,98890,卖盘
2585,14:22:36,6.03,0.01,10,6030,买盘
2586,14:22:42,6.02,-0.01,17,10234,卖盘
2587,14:22:45,6.03,0.01,10,6030,买盘
2588,14:22:48,6.02,-0.01,1,602,卖盘
2589,14:23:00,6.02,0.0,59,35527,卖盘
2590,14:23:09,6.02,0.0,2,1204,卖盘
2591,14:23:12,6.02,0.0,34,20468,卖盘
2592,14:23:18,6.02,0.0,43,25886,卖盘
2593,14:23:21,6.03,0.01,200,120600,买盘
2594,14:23:24,6.02,-0.01,16,9632,卖盘
2595,14:23:27,6.02,0.0,8,4816,卖盘
2596,14:23:30,6.02,0.0,92,55384,买盘
2597,14:23:33,6.02,0.0,11,6622,卖盘
2598,14:23:36,6.02,0.0,3,1806,卖盘
2599,14:23:48,6.02,0.0,62,37334,卖盘
2600,14:23:54,6.02,0.0,33,19866,买盘
2601,14:23:57,6.02,0.0,10,6020,买盘
2602,14:24:04,6.02,0.0,5,3010,买盘
2603,14:24:06,6.02,0.0,7,4214,卖盘
2604,14:24:12,6.02,0.0,135,81270,卖盘
2605,14:24:24,6.01,-0.01,185,111185,卖盘
2606,14:24:27,6.01,0.0,4,2404,卖盘
2607,14:24:30,6.01,0.0,5,3005,卖盘
2608,14:24:33,6.03,0.02,300,180829,买盘
2609,14:24:36,6.03,0.0,14,8442,卖盘
2610,14:24:45,6.03,0.0,36,21708,卖盘
2611,14:25:04,6.03,0.0,158,95274,卖盘
2612,14:25:07,6.03,0.0,7,4221,买盘
2613,14:25:15,6.03,0.0,32,19296,买盘
2614,14:25:18,6.03,0.0,1,603,买盘
2615,14:25:24,6.03,0.0,2,1206,买盘
2616,14:25:33,6.02,-0.01,12,7235,卖盘
2617,14:25:42,6.03,0.01,18,10854,买盘
2618,14:25:54,6.02,-0.01,1,602,卖盘
2619,14:25:57,6.03,0.01,37,22311,买盘
2620,14:26:00,6.02,-0.01,17,10234,卖盘
2621,14:26:04,6.03,0.01,2,1205,买盘
2622,14:26:09,6.02,-0.01,6,3612,卖盘
2623,14:26:15,6.03,0.01,49,29547,买盘
2624,14:26:21,6.03,0.0,156,94068,卖盘
2625,14:26:24,6.03,0.0,11,6633,买盘
2626,14:26:30,6.03,0.0,48,28944,买盘
2627,14:26:33,6.03,0.0,10,6030,卖盘
2628,14:26:36,6.03,0.0,78,47034,卖盘
2629,14:26:45,6.03,0.0,55,33162,买盘
2630,14:26:48,6.03,0.0,1,603,卖盘
2631,14:26:52,6.04,0.01,13,7849,买盘
2632,14:26:54,6.03,-0.01,60,36180,卖盘
2633,14:27:12,6.03,0.0,132,79596,卖盘
2634,14:27:15,6.03,0.0,15,9045,买盘
2635,14:27:24,6.03,0.0,10,6030,买盘
2636,14:27:30,6.03,0.0,15,9045,买盘
2637,14:27:33,6.02,-0.01,3,1806,卖盘
2638,14:27:42,6.02,0.0,29,17458,卖盘
2639,14:27:45,6.03,0.01,15,9045,买盘
2640,14:27:49,6.02,-0.01,5,3010,卖盘
2641,14:27:51,6.03,0.01,20,12060,买盘
2642,14:27:54,6.02,-0.01,5,3010,卖盘
2643,14:27:57,6.02,0.0,61,36727,卖盘
2644,14:28:15,6.03,0.01,13,7834,买盘
2645,14:28:21,6.02,-0.01,10,6020,卖盘
2646,14:28:27,6.02,0.0,9,5423,卖盘
2647,14:28:31,6.03,0.01,5,3015,买盘
2648,14:28:33,6.02,-0.01,74,44548,卖盘
2649,14:28:36,6.02,0.0,29,17458,卖盘
2650,14:28:40,6.03,0.01,32,19296,买盘
2651,14:28:43,6.03,0.0,26,15678,买盘
2652,14:28:45,6.03,0.0,265,159775,买盘
2653,14:28:54,6.02,-0.01,68,40936,卖盘
2654,14:29:04,6.02,0.0,1,602,卖盘
2655,14:29:06,6.03,0.01,5,3015,买盘
2656,14:29:18,6.02,-0.01,1,602,卖盘
2657,14:29:24,6.02,0.0,4,2408,卖盘
2658,14:29:30,6.02,0.0,10,6020,卖盘
2659,14:29:37,6.03,0.01,20,12060,买盘
2660,14:29:39,6.02,-0.01,495,297990,卖盘
2661,14:29:45,6.02,0.0,15,9030,买盘
2662,14:29:48,6.02,0.0,20,12040,买盘
2663,14:29:54,6.02,0.0,2,1204,买盘
2664,14:30:00,6.02,0.0,4,2408,买盘
2665,14:30:03,6.02,0.0,3,1806,买盘
2666,14:30:06,6.02,0.0,69,41526,买盘
2667,14:30:10,6.02,0.0,74,44524,买盘
2668,14:30:13,6.02,0.0,8,4815,买盘
2669,14:30:18,6.02,0.0,20,12040,买盘
2670,14:30:22,6.01,-0.01,20,12030,卖盘
2671,14:30:24,6.02,0.01,10,6020,买盘
2672,14:30:27,6.02,0.0,39,23449,买盘
2673,14:30:30,6.01,-0.01,2,1202,卖盘
2674,14:30:39,6.01,0.0,43,25843,卖盘
2675,14:30:46,6.01,0.0,2,1202,卖盘
2676,14:30:49,6.01,0.0,10,6010,卖盘
2677,14:31:00,6.01,0.0,34,20434,卖盘
2678,14:31:03,6.02,0.01,50,30100,买盘
2679,14:31:06,6.02,0.0,2,1204,买盘
2680,14:31:09,6.01,-0.01,10,6010,卖盘
2681,14:31:13,6.02,0.01,1,602,买盘
2682,14:31:15,6.01,-0.01,10,6011,卖盘
2683,14:31:21,6.02,0.01,26,15652,买盘
2684,14:31:24,6.01,-0.01,19,11423,卖盘
2685,14:31:27,6.01,0.0,9,5409,卖盘
2686,14:31:30,6.02,0.01,37,22274,买盘
2687,14:31:33,6.02,0.0,9,5418,买盘
2688,14:31:39,6.02,0.0,136,81872,买盘
2689,14:31:42,6.01,-0.01,27,16227,卖盘
2690,14:31:51,6.02,0.01,100,60200,买盘
2691,14:32:00,6.02,0.0,10,6020,买盘
2692,14:32:06,6.02,0.0,38,22856,买盘
2693,14:32:13,6.01,-0.01,3,1803,卖盘
2694,14:32:16,6.02,0.01,12,7224,买盘
2695,14:32:24,6.02,0.0,258,155316,买盘
2696,14:32:27,6.01,-0.01,6,3606,卖盘
2697,14:32:33,6.01,0.0,241,144841,卖盘
2698,14:32:45,6.01,0.0,289,173689,卖盘
2699,14:32:51,6.01,0.0,105,63105,买盘
2700,14:32:57,6.01,0.0,10,6010,卖盘
2701,14:33:04,6.01,0.0,8,4808,卖盘
2702,14:33:06,6.01,0.0,19,11419,卖盘
2703,14:33:16,6.01,0.0,10,6010,买盘
2704,14:33:18,6.01,0.0,8,4808,买盘
2705,14:33:33,6.01,0.0,2,1202,买盘
2706,14:33:43,6.0,-0.01,13,7800,卖盘
2707,14:33:46,6.0,0.0,1000,600000,卖盘
2708,14:33:49,6.0,0.0,12,7200,卖盘
2709,14:33:51,6.0,0.0,90,54000,卖盘
2710,14:33:54,6.0,0.0,64,38400,卖盘
2711,14:34:00,5.99,-0.01,14,8386,卖盘
2712,14:34:04,5.99,0.0,43,25757,卖盘
2713,14:34:07,5.99,0.0,5,2995,卖盘
2714,14:34:10,5.99,0.0,103,61697,卖盘
2715,14:34:12,5.99,0.0,449,268951,卖盘
2716,14:34:15,6.0,0.01,56,33594,买盘
2717,14:34:18,5.99,-0.01,42,25158,卖盘
2718,14:34:24,5.99,0.0,6,3594,卖盘
2719,14:34:27,5.99,0.0,19,11381,卖盘
2720,14:34:30,5.99,0.0,25,14975,卖盘
2721,14:34:33,5.99,0.0,70,41930,卖盘
2722,14:34:48,5.99,0.0,9,5391,卖盘
2723,14:34:57,5.99,0.0,213,127587,卖盘
2724,14:35:04,5.99,0.0,32,19168,卖盘
2725,14:35:06,5.99,0.0,210,125790,卖盘
2726,14:35:12,5.99,0.0,3,1797,买盘
2727,14:35:15,5.98,-0.01,17,10166,卖盘
2728,14:35:18,5.99,0.01,45,26955,买盘
2729,14:35:24,5.98,-0.01,10,5985,卖盘
2730,14:35:27,5.98,0.0,25,14950,卖盘
2731,14:35:30,5.98,0.0,63,37674,卖盘
2732,14:35:33,5.99,0.01,30,17970,买盘
2733,14:35:36,5.99,0.0,29,17371,买盘
2734,14:35:39,5.99,0.0,168,100632,买盘
2735,14:35:45,6.0,0.01,161,96600,买盘
2736,14:35:48,5.99,-0.01,28,16772,卖盘
2737,14:35:54,5.98,-0.01,155,92731,卖盘
2738,14:36:06,5.99,0.01,12,7188,卖盘
2739,14:36:12,5.99,0.0,20,11980,卖盘
2740,14:36:15,6.0,0.01,218,130498,买盘
2741,14:36:18,6.0,0.0,6,3600,卖盘
2742,14:36:21,6.0,0.0,10,6000,卖盘
2743,14:36:24,6.01,0.01,42,25242,买盘
2744,14:36:27,6.0,-0.01,13,7800,卖盘
2745,14:36:31,6.01,0.01,10,6010,买盘
2746,14:36:36,6.01,0.0,55,33040,买盘
2747,14:36:48,6.01,0.0,3,1803,卖盘
2748,14:36:54,6.02,0.01,25,15050,买盘
2749,14:36:57,6.01,-0.01,36,21656,卖盘
2750,14:37:00,6.02,0.01,1,602,买盘
2751,14:37:07,6.01,-0.01,1,601,卖盘
2752,14:37:09,6.01,0.0,10,6010,卖盘
2753,14:37:12,6.01,0.0,21,12636,卖盘
2754,14:37:15,6.01,0.0,11,6611,卖盘
2755,14:37:18,6.01,0.0,1,601,卖盘
2756,14:37:21,6.01,0.0,61,36661,卖盘
2757,14:37:24,6.01,0.0,216,129816,卖盘
2758,14:37:27,6.01,0.0,66,39666,买盘
2759,14:37:37,6.01,0.0,1016,609630,买盘
2760,14:37:40,6.01,0.0,17,10214,买盘
2761,14:37:42,6.0,-0.01,15,9000,卖盘
2762,14:37:45,6.0,0.0,22,13200,卖盘
2763,14:37:49,6.0,0.0,127,76200,卖盘
2764,14:37:57,6.0,0.0,3,1800,买盘
2765,14:38:00,6.0,0.0,114,68400,买盘
2766,14:38:06,6.0,0.0,1,600,卖盘
2767,14:38:10,6.0,0.0,67,40200,卖盘
2768,14:38:18,6.0,0.0,2,1200,卖盘
2769,14:38:30,6.01,0.01,89,53489,买盘
2770,14:38:36,6.01,0.0,30,18015,买盘
2771,14:38:42,6.01,0.0,17,10217,买盘
2772,14:38:45,6.0,-0.01,10,6000,卖盘
2773,14:38:48,6.01,0.01,7,4207,买盘
2774,14:38:51,6.01,0.0,324,194724,卖盘
2775,14:38:57,6.01,0.0,21,12621,卖盘
2776,14:39:06,6.01,0.0,65,39065,卖盘
2777,14:39:10,6.01,0.0,35,21035,卖盘
2778,14:39:12,6.01,0.0,3,1803,卖盘
2779,14:39:19,6.01,0.0,7,4207,卖盘
2780,14:39:21,6.01,0.0,22,13222,卖盘
2781,14:39:30,6.01,0.0,190,114190,卖盘
2782,14:39:33,6.02,0.01,4,2408,买盘
2783,14:39:45,6.02,0.0,1,602,买盘
2784,14:39:54,6.02,0.0,10,6020,买盘
2785,14:40:00,6.02,0.0,21,12642,买盘
2786,14:40:12,6.01,-0.01,58,34858,卖盘
2787,14:40:15,6.02,0.01,18,10823,买盘
2788,14:40:18,6.0,-0.02,30,18018,卖盘
2789,14:40:21,6.01,0.01,4,2404,买盘
2790,14:40:27,6.01,0.0,10,6010,卖盘
2791,14:40:30,6.01,0.0,10,6010,买盘
2792,14:40:39,6.0,-0.01,14,8400,卖盘
2793,14:40:46,6.01,0.01,1,601,买盘
2794,14:40:51,6.01,0.0,20,12020,买盘
2795,14:40:57,6.01,0.0,13,7813,买盘
2796,14:41:00,6.01,0.0,18,10815,买盘
2797,14:41:06,6.0,-0.01,4,2400,卖盘
2798,14:41:09,6.01,0.01,2,1202,买盘
2799,14:41:24,6.0,-0.01,99,59400,卖盘
2800,14:41:27,6.0,0.0,20,12000,卖盘
2801,14:41:31,6.01,0.01,286,171886,买盘
2802,14:41:36,6.01,0.0,5,3005,卖盘
2803,14:41:45,6.01,0.0,1,601,卖盘
2804,14:41:51,6.01,0.0,37,22237,卖盘
2805,14:41:54,6.01,0.0,31,18631,卖盘
2806,14:41:57,6.02,0.01,33,19836,买盘
2807,14:42:00,6.02,0.0,9,5418,买盘
2808,14:42:03,6.01,-0.01,49,29449,卖盘
2809,14:42:10,6.01,0.0,66,39666,卖盘
2810,14:42:21,6.01,0.0,41,24610,买盘
2811,14:42:24,6.01,0.0,140,84140,买盘
2812,14:42:27,6.01,0.0,5,3005,卖盘
2813,14:42:30,6.01,0.0,56,33656,卖盘
2814,14:42:42,6.01,0.0,7,4207,买盘
2815,14:42:45,6.0,-0.01,2,1200,卖盘
2816,14:42:52,6.0,0.0,20,12000,卖盘
2817,14:42:55,6.01,0.01,22,13220,买盘
2818,14:42:57,6.0,-0.01,15,9000,卖盘
2819,14:43:00,6.01,0.01,26,15618,买盘
2820,14:43:03,6.0,-0.01,40,24000,卖盘
2821,14:43:06,6.01,0.01,9,5409,买盘
2822,14:43:09,6.01,0.0,2,1202,买盘
2823,14:43:12,6.0,-0.01,100,60000,卖盘
2824,14:43:22,6.0,0.0,24,14400,卖盘
2825,14:43:27,6.0,0.0,31,18600,卖盘
2826,14:43:33,6.0,0.0,37,22200,卖盘
2827,14:43:42,6.0,0.0,55,33005,卖盘
2828,14:43:45,6.0,0.0,18,10800,卖盘
2829,14:43:48,6.0,0.0,96,57600,卖盘
2830,14:43:51,6.0,0.0,134,80403,卖盘
2831,14:43:54,6.0,0.0,104,62400,卖盘
2832,14:43:57,6.0,0.0,69,41400,卖盘
2833,14:44:00,6.0,0.0,56,33600,卖盘
2834,14:44:04,6.0,0.0,50,30000,卖盘
2835,14:44:06,6.0,0.0,20,12000,卖盘
2836,14:44:09,6.0,0.0,158,94804,卖盘
2837,14:44:15,6.0,0.0,33,19800,买盘
2838,14:44:18,6.0,0.0,10,6000,卖盘
2839,14:44:21,6.0,0.0,24,14400,卖盘
2840,14:44:24,6.0,0.0,110,66000,卖盘
2841,14:44:27,6.0,0.0,9,5400,买盘
2842,14:44:30,5.99,-0.01,6,3594,卖盘
2843,14:44:33,6.0,0.01,45,27000,买盘
2844,14:44:36,6.01,0.01,500,300500,买盘
2845,14:44:43,6.01,0.0,4,2404,买盘
2846,14:44:45,6.0,-0.01,189,113400,卖盘
2847,14:44:57,6.01,0.01,11,6611,买盘
2848,14:45:06,6.0,-0.01,59,35400,卖盘
2849,14:45:18,6.01,0.01,5,3005,买盘
2850,14:45:30,6.0,-0.01,50,30038,卖盘
2851,14:45:33,6.0,0.0,69,41400,卖盘
2852,14:45:37,6.01,0.01,10,6010,买盘
2853,14:45:39,6.0,-0.01,10,6000,卖盘
2854,14:45:42,6.01,0.01,6,3606,买盘
2855,14:45:45,6.0,-0.01,172,103200,卖盘
2856,14:45:54,6.0,0.0,75,45060,卖盘
2857,14:45:57,6.01,0.01,6,3606,买盘
2858,14:46:00,6.01,0.0,25,15025,买盘
2859,14:46:03,6.01,0.0,259,155659,买盘
2860,14:46:12,6.02,0.01,9,5418,买盘
2861,14:46:19,6.01,-0.01,36,21656,卖盘
2862,14:46:21,6.01,0.0,50,30050,卖盘
2863,14:46:27,6.01,0.0,61,36661,卖盘
2864,14:46:30,6.02,0.01,3,1806,买盘
2865,14:46:33,6.02,0.0,818,492436,买盘
2866,14:46:39,6.02,0.0,50,30100,卖盘
2867,14:46:42,6.02,0.0,50,30100,卖盘
2868,14:46:48,6.02,0.0,11,6622,卖盘
2869,14:46:51,6.02,0.0,173,104146,卖盘
