,time,price,change,volume,amount,type
0,09:25:04,5.45,-0.21,3235,1763075,卖盘
1,09:30:01,5.44,-0.01,3,1632,卖盘
2,09:30:04,5.5,0.06,3025,1651023,买盘
3,09:30:07,5.51,0.01,202,111326,中性盘
4,09:30:10,5.51,0.0,20,11020,卖盘
5,09:30:12,5.53,0.02,2,1105,买盘
6,09:30:16,5.51,-0.02,186,102683,卖盘
7,09:30:18,5.5,-0.01,240,132130,卖盘
8,09:30:21,5.6,0.1,1138,632678,买盘
9,09:30:25,5.53,-0.07,48,26544,中性盘
10,09:30:27,5.54,0.01,13,7202,买盘
11,09:30:30,5.54,0.0,31,17167,买盘
12,09:30:34,5.51,-0.03,26,14373,卖盘
13,09:30:36,5.54,0.03,120,66456,买盘
14,09:30:39,5.53,-0.01,36,19849,中性盘
15,09:30:42,5.6,0.07,672,373827,买盘
16,09:30:45,5.6,0.0,54,30240,卖盘
17,09:30:48,5.6,0.0,893,500050,卖盘
18,09:30:52,5.62,0.02,75,42124,买盘
19,09:30:57,5.6,-0.02,13,7280,买盘
20,09:31:04,5.55,-0.05,710,395585,卖盘
21,09:31:07,5.53,-0.02,25,13843,卖盘
22,09:31:09,5.54,0.01,111,61415,买盘
23,09:31:13,5.54,0.0,1181,651364,买盘
24,09:31:16,5.54,0.0,61,33782,买盘
25,09:31:19,5.53,-0.01,332,183629,卖盘
26,09:31:21,5.55,0.02,130,72221,买盘
27,09:31:25,5.53,-0.02,187,103570,卖盘
28,09:31:28,5.52,-0.01,31,17128,卖盘
29,09:31:31,5.53,0.01,120,66149,买盘
30,09:31:34,5.53,0.0,173,95438,买盘
31,09:31:36,5.53,0.0,148,81457,买盘
32,09:31:43,5.51,-0.02,97,53466,卖盘
33,09:31:49,5.53,0.02,53,29183,买盘
34,09:31:55,5.51,-0.02,261,143943,卖盘
35,09:31:58,5.51,0.0,28,15428,买盘
36,09:32:01,5.5,-0.01,1063,584710,卖盘
37,09:32:03,5.51,0.01,202,111127,买盘
38,09:32:07,5.5,-0.01,141,77555,卖盘
39,09:32:10,5.5,0.0,90,49501,卖盘
40,09:32:13,5.5,0.0,13,7162,卖盘
41,09:32:19,5.5,0.0,1653,909249,卖盘
42,09:32:22,5.51,0.01,6,3306,中性盘
43,09:32:24,5.5,-0.01,23,12662,卖盘
44,09:32:28,5.5,0.0,24,13214,卖盘
45,09:32:31,5.51,0.01,27,14869,买盘
46,09:32:34,5.53,0.02,60,33096,买盘
47,09:32:37,5.53,0.0,178,98218,买盘
48,09:32:40,5.51,-0.02,40,22080,卖盘
49,09:32:43,5.51,0.0,81,44629,买盘
50,09:32:46,5.52,0.01,48,26534,卖盘
51,09:32:48,5.5,-0.02,250,137698,卖盘
52,09:32:52,5.52,0.02,5,2760,中性盘
53,09:33:01,5.51,-0.01,5,2755,卖盘
54,09:33:04,5.5,-0.01,148,81433,卖盘
55,09:33:07,5.52,0.02,30,16560,买盘
56,09:33:09,5.52,0.0,6,3312,买盘
57,09:33:13,5.5,-0.02,14,7711,卖盘
58,09:33:16,5.51,0.01,76,41810,买盘
59,09:33:19,5.5,-0.01,97,53492,卖盘
60,09:33:22,5.5,0.0,20,11000,卖盘
61,09:33:25,5.51,0.01,5,2754,买盘
62,09:33:27,5.51,0.0,4,2204,卖盘
63,09:33:31,5.51,0.0,60,33099,卖盘
64,09:33:34,5.53,0.02,13,7173,买盘
65,09:33:37,5.51,-0.02,3,1653,卖盘
66,09:33:40,5.51,0.0,327,180217,卖盘
67,09:33:43,5.49,-0.02,777,426907,卖盘
68,09:33:45,5.51,0.02,1,551,中性盘
69,09:33:49,5.5,-0.01,29,15959,卖盘
70,09:33:52,5.48,-0.02,696,381507,卖盘
71,09:33:55,5.48,0.0,13,7124,卖盘
72,09:33:58,5.46,-0.02,153,83733,卖盘
73,09:34:01,5.46,0.0,30,16380,卖盘
74,09:34:04,5.46,0.0,23,12572,卖盘
75,09:34:06,5.46,0.0,1,546,卖盘
76,09:34:13,5.46,0.0,52,28392,卖盘
77,09:34:16,5.45,-0.01,421,229658,卖盘
78,09:34:19,5.48,0.03,38,20812,买盘
79,09:34:22,5.45,-0.03,250,136473,卖盘
80,09:34:25,5.48,0.03,20,10960,买盘
81,09:34:28,5.48,0.0,577,314693,买盘
82,09:34:31,5.45,-0.03,20,10900,卖盘
83,09:34:34,5.48,0.03,25,13690,买盘
84,09:34:37,5.48,0.0,72,39456,买盘
85,09:34:40,5.49,0.01,5,2742,买盘
86,09:34:42,5.46,-0.03,48,26313,卖盘
87,09:34:49,5.49,0.03,13,7137,买盘
88,09:34:52,5.48,-0.01,20,10960,卖盘
89,09:34:55,5.49,0.01,82,45018,买盘
90,09:34:58,5.5,0.01,20,10997,买盘
91,09:35:04,5.5,0.0,48,26400,买盘
92,09:35:10,5.5,0.0,35,19300,卖盘
93,09:35:12,5.5,0.0,3,1650,卖盘
94,09:35:16,5.5,0.0,97,53350,卖盘
95,09:35:19,5.5,0.0,77,42276,买盘
96,09:35:22,5.51,0.01,16,8826,卖盘
97,09:35:28,5.51,0.0,4,2204,卖盘
98,09:35:31,5.5,-0.01,32,17600,卖盘
99,09:35:34,5.5,0.0,11,6050,卖盘
100,09:35:36,5.51,0.01,40,22040,买盘
101,09:35:39,5.51,0.0,86,47386,卖盘
102,09:35:42,5.51,0.0,50,27550,卖盘
103,09:35:45,5.51,0.0,52,28652,卖盘
104,09:35:49,5.52,0.01,110,60720,买盘
105,09:35:52,5.51,-0.01,10,5510,卖盘
106,09:35:55,5.51,0.0,40,22070,卖盘
107,09:35:57,5.52,0.01,22,12142,买盘
108,09:36:06,5.52,0.0,80,44160,买盘
109,09:36:10,5.52,0.0,20,11040,买盘
110,09:36:16,5.52,0.0,60,33120,卖盘
111,09:36:19,5.52,0.0,69,38088,卖盘
112,09:36:28,5.52,0.0,2,1104,卖盘
113,09:36:31,5.53,0.01,13,7189,买盘
114,09:36:34,5.53,0.0,37,20444,买盘
115,09:36:36,5.53,0.0,191,105448,买盘
116,09:36:39,5.53,0.0,74,40922,买盘
117,09:36:43,5.53,0.0,15,8295,卖盘
118,09:36:46,5.53,0.0,37,20461,卖盘
119,09:36:49,5.53,0.0,20,11060,卖盘
120,09:36:52,5.54,0.01,81,44834,买盘
121,09:36:54,5.54,0.0,22,12188,卖盘
122,09:36:57,5.54,0.0,20,11080,买盘
123,09:37:01,5.54,0.0,119,65926,买盘
124,09:37:04,5.54,0.0,322,178533,卖盘
125,09:37:06,5.54,0.0,23,12742,卖盘
126,09:37:10,5.51,-0.03,720,397579,卖盘
127,09:37:13,5.51,0.0,3,1653,买盘
128,09:37:15,5.51,0.0,20,11020,买盘
129,09:37:19,5.5,-0.01,2,1100,卖盘
130,09:37:22,5.49,-0.01,935,513547,卖盘
131,09:37:25,5.5,0.01,10,5500,中性盘
132,09:37:27,5.49,-0.01,136,74764,卖盘
133,09:37:30,5.49,0.0,10,5490,卖盘
134,09:37:34,5.49,0.0,6,3294,卖盘
135,09:37:37,5.49,0.0,62,34041,卖盘
136,09:37:39,5.49,0.0,90,49499,卖盘
137,09:37:43,5.49,0.0,8,4392,卖盘
138,09:37:45,5.5,0.01,46,25300,买盘
139,09:37:49,5.5,0.0,34,18699,卖盘
140,09:37:51,5.5,0.0,10,5500,卖盘
141,09:37:55,5.5,0.0,2,1103,卖盘
142,09:37:57,5.54,0.04,31,17153,买盘
143,09:38:01,5.5,-0.04,1,550,卖盘
144,09:38:04,5.53,0.03,26,14378,中性盘
145,09:38:12,5.51,-0.02,14,7722,卖盘
146,09:38:15,5.51,0.0,160,88164,卖盘
147,09:38:19,5.52,0.01,1,552,买盘
148,09:38:24,5.52,0.0,12,6624,卖盘
149,09:38:27,5.52,0.0,33,18229,卖盘
150,09:38:37,5.52,0.0,90,49682,卖盘
151,09:38:42,5.6,0.08,1380,769696,买盘
152,09:38:46,5.6,0.0,8,4480,卖盘
153,09:38:49,5.62,0.02,91,51142,买盘
154,09:38:51,5.62,0.0,4,2248,卖盘
155,09:38:54,5.65,0.03,39,22006,买盘
156,09:38:58,5.66,0.01,120,67840,买盘
157,09:39:01,5.7,0.04,99,56352,买盘
158,09:39:04,5.68,-0.02,57,32422,卖盘
159,09:39:06,5.7,0.02,38,21582,买盘
160,09:39:09,5.66,-0.04,6,3396,卖盘
161,09:39:13,5.68,0.02,33,18744,买盘
162,09:39:15,5.69,0.01,108,61237,买盘
163,09:39:18,5.69,0.0,22,12518,买盘
164,09:39:22,5.66,-0.03,198,112464,卖盘
165,09:39:25,5.69,0.03,29,16487,买盘
166,09:39:28,5.69,0.0,108,61452,卖盘
167,09:39:30,5.68,-0.01,1216,695612,卖盘
168,09:39:37,5.66,-0.02,60,34030,卖盘
169,09:39:39,5.66,0.0,280,158514,卖盘
170,09:39:42,5.66,0.0,448,253612,卖盘
171,09:39:45,5.66,0.0,442,250736,卖盘
172,09:39:48,5.65,-0.01,20,11300,卖盘
173,09:39:51,5.6,-0.05,22,12347,卖盘
174,09:39:55,5.65,0.05,9,5063,买盘
175,09:40:04,5.61,-0.04,122,68754,卖盘
176,09:40:06,5.53,-0.08,188,105049,卖盘
177,09:40:13,5.56,0.03,82,45727,中性盘
178,09:40:22,5.61,0.05,4,2244,买盘
179,09:40:24,5.61,0.0,42,23502,买盘
180,09:40:39,5.61,0.0,6,3366,卖盘
181,09:40:42,5.61,0.0,1,561,卖盘
182,09:40:45,5.61,0.0,20,11220,卖盘
183,09:40:49,5.61,0.0,1,561,卖盘
184,09:40:52,5.62,0.01,40,22473,买盘
185,09:40:54,5.61,-0.01,6,3366,卖盘
186,09:40:58,5.61,0.0,1,561,卖盘
187,09:41:01,5.61,0.0,60,33665,卖盘
188,09:41:04,5.58,-0.03,43,24093,卖盘
189,09:41:06,5.61,0.03,26,14586,买盘
190,09:41:13,5.6,-0.01,36,20166,卖盘
191,09:41:16,5.61,0.01,7,3927,买盘
192,09:41:19,5.6,-0.01,1,560,卖盘
193,09:41:22,5.6,0.0,219,122640,卖盘
194,09:41:24,5.61,0.01,36,20165,买盘
195,09:41:27,5.61,0.0,5,2805,买盘
196,09:41:31,5.61,0.0,20,11220,买盘
197,09:41:37,5.6,-0.01,68,38080,买盘
198,09:41:45,5.6,0.0,1,560,买盘
199,09:41:48,5.6,0.0,22,12320,买盘
200,09:41:52,5.59,-0.01,14,7838,卖盘
201,09:41:58,5.58,-0.01,552,309946,卖盘
202,09:42:10,5.59,0.01,13,7267,卖盘
203,09:42:13,5.61,0.02,11,6171,买盘
204,09:42:18,5.61,0.0,5,2805,买盘
205,09:42:31,5.59,-0.02,7,3913,卖盘
206,09:42:40,5.61,0.02,10,5610,买盘
207,09:42:43,5.58,-0.03,53,29636,卖盘
208,09:42:54,5.58,0.0,156,87077,卖盘
209,09:42:58,5.66,0.08,1337,752189,买盘
210,09:43:09,5.68,0.02,435,246012,买盘
211,09:43:15,5.68,0.0,16,9088,卖盘
212,09:43:19,5.69,0.01,466,264847,买盘
213,09:43:21,5.7,0.01,2,1140,买盘
214,09:43:25,5.69,-0.01,73,41689,卖盘
215,09:43:27,5.69,0.0,569,323298,卖盘
216,09:43:30,5.69,0.0,38,21622,买盘
217,09:43:33,5.68,-0.01,179,101775,中性盘
218,09:43:37,5.68,0.0,10,5680,买盘
219,09:43:40,5.64,-0.04,49,27736,卖盘
220,09:43:45,5.67,0.03,77,43468,买盘
221,09:43:52,5.67,0.0,26,14742,买盘
222,09:43:55,5.67,0.0,14,7938,买盘
223,09:43:58,5.64,-0.03,20,11289,卖盘
224,09:44:01,5.65,0.01,43,24295,买盘
225,09:44:04,5.65,0.0,108,61196,卖盘
226,09:44:06,5.66,0.01,246,138870,中性盘
227,09:44:16,5.66,0.0,54,30468,买盘
228,09:44:18,5.64,-0.02,56,31584,中性盘
229,09:44:22,5.64,0.0,81,45684,买盘
230,09:44:24,5.64,0.0,1,564,买盘
231,09:44:27,5.63,-0.01,60,33780,卖盘
232,09:44:31,5.63,0.0,26,14638,卖盘
233,09:44:33,5.61,-0.02,2,1122,卖盘
234,09:44:36,5.62,0.01,14,7868,中性盘
235,09:44:42,5.61,-0.01,26,14586,卖盘
236,09:44:45,5.62,0.01,1,562,买盘
237,09:44:48,5.62,0.0,3,1686,买盘
238,09:44:55,5.62,0.0,2,1124,买盘
239,09:45:00,5.62,0.0,1,562,卖盘
240,09:45:04,5.63,0.01,12,6756,买盘
241,09:45:09,5.62,-0.01,5,2811,卖盘
242,09:45:12,5.63,0.01,24,13512,买盘
243,09:45:15,5.63,0.0,3,1689,买盘
244,09:45:19,5.63,0.0,35,19705,买盘
245,09:45:21,5.63,0.0,69,38847,买盘
246,09:45:25,5.63,0.0,10,5630,买盘
247,09:45:28,5.63,0.0,28,15773,卖盘
248,09:45:37,5.63,0.0,2,1126,卖盘
249,09:45:48,5.64,0.01,4,2256,卖盘
250,09:45:51,5.66,0.02,28,15823,买盘
251,09:45:55,5.68,0.02,151,85637,买盘
252,09:45:58,5.69,0.01,123,69877,买盘
253,09:46:00,5.7,0.01,98,55860,买盘
254,09:46:06,5.72,0.02,1,572,买盘
255,09:46:09,5.73,0.01,187,106991,买盘
256,09:46:12,5.73,0.0,57,32636,买盘
257,09:46:16,5.71,-0.02,222,126990,卖盘
258,09:46:19,5.7,-0.01,20,11400,中性盘
259,09:46:21,5.75,0.05,600,343278,买盘
260,09:46:24,5.7,-0.05,74,42177,中性盘
261,09:46:28,5.7,0.0,121,68970,买盘
262,09:46:33,5.7,0.0,157,89500,买盘
263,09:46:37,5.7,0.0,53,30210,买盘
264,09:46:39,5.7,0.0,8,4560,买盘
265,09:46:43,5.7,0.0,40,22800,买盘
266,09:46:45,5.66,-0.04,204,115464,卖盘
267,09:46:52,5.67,0.01,221,125736,卖盘
268,09:46:54,5.69,0.02,3,1707,买盘
269,09:46:57,5.67,-0.02,327,185555,卖盘
270,09:47:01,5.69,0.02,101,57469,买盘
271,09:47:07,5.67,-0.02,306,173577,卖盘
272,09:47:09,5.65,-0.02,687,388709,卖盘
273,09:47:15,5.65,0.0,26,14690,买盘
274,09:47:19,5.65,0.0,75,42315,买盘
275,09:47:22,5.66,0.01,110,62163,买盘
276,09:47:25,5.66,0.0,1,566,买盘
277,09:47:28,5.66,0.0,56,31696,买盘
278,09:47:34,5.65,-0.01,97,54805,卖盘
279,09:47:36,5.65,0.0,10,5650,买盘
280,09:47:39,5.64,-0.01,39,22017,卖盘
281,09:47:42,5.65,0.01,1,565,买盘
282,09:47:52,5.65,0.0,10,5650,买盘
283,09:47:55,5.64,-0.01,10,5640,卖盘
284,09:48:01,5.63,-0.01,51,28741,卖盘
285,09:48:04,5.63,0.0,302,170026,卖盘
286,09:48:07,5.65,0.02,21,11852,买盘
287,09:48:12,5.65,0.0,13,7345,买盘
288,09:48:27,5.65,0.0,95,53537,中性盘
289,09:48:34,5.65,0.0,11,6215,买盘
290,09:48:37,5.63,-0.02,81,45603,卖盘
291,09:48:42,5.64,0.01,6,3384,买盘
292,09:48:49,5.64,0.0,23,12972,买盘
293,09:49:03,5.64,0.0,20,11280,买盘
294,09:49:10,5.64,0.0,62,34968,买盘
295,09:49:21,5.64,0.0,22,12408,卖盘
296,09:49:24,5.65,0.01,19,10734,买盘
297,09:49:27,5.65,0.0,1,565,卖盘
298,09:49:31,5.65,0.0,16,9040,卖盘
299,09:49:40,5.65,0.0,3,1695,卖盘
300,09:49:46,5.66,0.01,2,1132,买盘
301,09:49:49,5.65,-0.01,76,42940,卖盘
302,09:49:51,5.66,0.01,706,399522,买盘
303,09:49:57,5.66,0.0,5,2830,买盘
304,09:50:01,5.66,0.0,45,25470,买盘
305,09:50:04,5.66,0.0,73,41318,卖盘
306,09:50:09,5.66,0.0,140,79240,买盘
307,09:50:13,5.66,0.0,4,2264,卖盘
308,09:50:21,5.7,0.04,298,169722,买盘
309,09:50:24,5.7,0.0,20,11400,卖盘
310,09:50:30,5.72,0.02,306,175032,买盘
311,09:50:34,5.74,0.02,257,147404,买盘
312,09:50:37,5.76,0.02,207,119089,买盘
313,09:50:40,5.77,0.01,2,1154,买盘
314,09:50:42,5.76,-0.01,1,576,卖盘
315,09:50:45,5.77,0.01,340,196158,买盘
316,09:50:49,5.76,-0.01,259,149306,卖盘
317,09:50:52,5.76,0.0,25,14400,买盘
318,09:50:55,5.76,0.0,599,345563,买盘
319,09:50:57,5.79,0.03,252,145205,买盘
320,09:51:01,5.75,-0.04,177,102075,卖盘
321,09:51:04,5.77,0.02,103,59387,买盘
322,09:51:06,5.76,-0.01,279,160827,卖盘
323,09:51:09,5.77,0.01,91,52501,中性盘
324,09:51:12,5.73,-0.04,436,251267,卖盘
325,09:51:18,5.72,-0.01,1,572,卖盘
326,09:51:22,5.72,0.0,263,150677,卖盘
327,09:51:25,5.73,0.01,567,324691,买盘
328,09:51:28,5.7,-0.03,150,85723,卖盘
329,09:51:30,5.67,-0.03,94,53574,卖盘
330,09:51:33,5.7,0.03,9,5130,买盘
331,09:51:37,5.67,-0.03,97,54999,卖盘
332,09:51:39,5.67,0.0,116,66108,卖盘
333,09:51:43,5.7,0.03,67,38190,买盘
334,09:51:45,5.7,0.0,70,39900,买盘
335,09:51:57,5.7,0.0,11,6285,卖盘
336,09:52:01,5.73,0.03,50,28642,买盘
337,09:52:04,5.69,-0.04,349,199759,卖盘
338,09:52:06,5.7,0.01,8,4560,中性盘
339,09:52:09,5.74,0.04,89,51078,买盘
340,09:52:12,5.71,-0.03,11,6284,卖盘
341,09:52:15,5.74,0.03,100,57399,买盘
342,09:52:19,5.71,-0.03,2,1142,卖盘
343,09:52:24,5.72,0.01,1,572,买盘
344,09:52:30,5.74,0.02,34,19506,买盘
345,09:52:36,5.7,-0.04,70,39954,卖盘
346,09:53:01,5.7,0.0,2,1140,卖盘
347,09:53:04,5.7,0.0,17,9696,卖盘
348,09:53:06,5.7,0.0,2,1140,卖盘
349,09:53:09,5.73,0.03,43,24600,买盘
350,09:53:13,5.73,0.0,4,2292,买盘
351,09:53:15,5.7,-0.03,534,304376,卖盘
352,09:53:18,5.7,0.0,5,2850,买盘
353,09:53:22,5.7,0.0,3,1710,买盘
354,09:53:24,5.7,0.0,30,17100,买盘
355,09:53:27,5.7,0.0,67,38190,买盘
356,09:53:31,5.7,0.0,46,26188,买盘
357,09:53:34,5.7,0.0,36,20520,买盘
358,09:53:37,5.68,-0.02,17,9670,卖盘
359,09:53:43,5.7,0.02,13,7410,买盘
360,09:53:45,5.72,0.02,196,111782,买盘
361,09:53:48,5.7,-0.02,1,570,卖盘
362,09:53:51,5.7,0.0,1,570,卖盘
363,09:53:55,5.7,0.0,14,7978,卖盘
364,09:53:57,5.7,0.0,8,4560,买盘
365,09:54:01,5.72,0.02,125,71363,买盘
366,09:54:04,5.72,0.0,11,6292,卖盘
367,09:54:07,5.72,0.0,7,4004,卖盘
368,09:54:12,5.7,-0.02,97,55526,卖盘
369,09:54:18,5.72,0.02,11,6274,买盘
370,09:54:27,5.7,-0.02,10,5701,卖盘
371,09:54:31,5.7,0.0,30,17140,卖盘
372,09:54:33,5.72,0.02,10,5720,买盘
373,09:54:36,5.7,-0.02,2,1141,卖盘
374,09:54:45,5.72,0.02,14,8008,买盘
375,09:54:51,5.72,0.0,5,2860,买盘
376,09:54:54,5.7,-0.02,96,54824,卖盘
377,09:54:58,5.71,0.01,23,13133,买盘
378,09:55:01,5.72,0.01,71,40527,买盘
379,09:55:04,5.71,-0.01,25,14295,卖盘
380,09:55:13,5.7,-0.01,283,161393,卖盘
381,09:55:15,5.7,0.0,154,87780,买盘
382,09:55:18,5.7,0.0,47,26755,买盘
383,09:55:21,5.68,-0.02,27,15356,卖盘
384,09:55:25,5.69,0.01,73,41537,中性盘
385,09:55:27,5.69,0.0,12,6828,买盘
386,09:55:33,5.68,-0.01,46,26128,卖盘
387,09:55:40,5.69,0.01,75,42671,买盘
388,09:55:49,5.7,0.01,4,2280,买盘
389,09:55:52,5.7,0.0,1,570,买盘
390,09:56:01,5.7,0.0,10,5700,卖盘
391,09:56:04,5.7,0.0,3,1710,卖盘
392,09:56:12,5.71,0.01,12,6841,买盘
393,09:56:16,5.71,0.0,10,5710,买盘
394,09:56:21,5.69,-0.02,69,39304,卖盘
395,09:56:33,5.7,0.01,8,4560,卖盘
396,09:56:40,5.7,0.0,3,1710,买盘
397,09:57:00,5.7,0.0,5,2850,卖盘
398,09:57:04,5.7,0.0,20,11400,卖盘
399,09:57:09,5.7,0.0,15,8550,卖盘
400,09:57:18,5.69,-0.01,7,3983,卖盘
401,09:57:34,5.69,0.0,10,5690,卖盘
402,09:57:42,5.67,-0.02,482,273874,卖盘
403,09:57:45,5.66,-0.01,11,6226,卖盘
404,09:57:51,5.66,0.0,135,76500,卖盘
405,09:57:54,5.67,0.01,3,1701,买盘
406,09:57:57,5.66,-0.01,37,20942,卖盘
407,09:58:00,5.66,0.0,1,566,买盘
408,09:58:03,5.66,0.0,3,1699,卖盘
409,09:58:06,5.67,0.01,2,1134,买盘
410,09:58:10,5.66,-0.01,21,11900,卖盘
411,09:58:12,5.66,0.0,8,4534,卖盘
412,09:58:15,5.67,0.01,23,13031,买盘
413,09:58:18,5.67,0.0,74,41958,买盘
414,09:58:21,5.65,-0.02,59,33335,卖盘
415,09:58:24,5.65,0.0,41,23165,买盘
416,09:58:28,5.65,0.0,3,1695,卖盘
417,09:58:31,5.7,0.05,52,29614,买盘
418,09:58:39,5.66,-0.04,2,1132,买盘
419,09:58:42,5.66,0.0,2,1132,买盘
420,09:58:45,5.66,0.0,2,1132,买盘
421,09:58:49,5.66,0.0,2,1132,买盘
422,09:58:51,5.66,0.0,10,5652,买盘
423,09:58:55,5.66,0.0,3,1698,买盘
424,09:58:57,5.66,0.0,2,1132,买盘
425,09:59:00,5.66,0.0,2,1132,买盘
426,09:59:04,5.66,0.0,11,6227,买盘
427,09:59:09,5.7,0.04,64,36392,买盘
428,09:59:12,5.7,0.0,7,3990,卖盘
429,09:59:15,5.7,0.0,1,570,卖盘
430,09:59:18,5.7,0.0,177,100958,卖盘
431,09:59:21,5.7,0.0,129,73448,买盘
432,09:59:24,5.7,0.0,19,10830,买盘
433,09:59:40,5.69,-0.01,2,1138,买盘
434,09:59:42,5.67,-0.02,4,2274,卖盘
435,10:00:04,5.68,0.01,13,7384,卖盘
436,10:00:12,5.68,0.0,27,15336,买盘
437,10:00:28,5.69,0.01,12,6826,买盘
438,10:00:31,5.69,0.0,20,11380,买盘
439,10:00:37,5.68,-0.01,28,15904,卖盘
440,10:00:39,5.69,0.01,20,11380,买盘
441,10:00:57,5.69,0.0,113,64284,买盘
442,10:01:04,5.69,0.0,9,5121,买盘
443,10:01:06,5.69,0.0,3,1707,买盘
444,10:01:09,5.69,0.0,40,22760,买盘
445,10:01:12,5.69,0.0,17,9673,买盘
446,10:01:18,5.68,-0.01,126,71568,卖盘
447,10:01:21,5.68,0.0,4,2272,买盘
448,10:01:24,5.68,0.0,38,21584,买盘
449,10:01:30,5.67,-0.01,2,1134,卖盘
450,10:01:33,5.68,0.01,11,6238,买盘
451,10:01:37,5.67,-0.01,13,7371,卖盘
452,10:01:42,5.68,0.01,7,3976,买盘
453,10:01:48,5.67,-0.01,90,51030,卖盘
454,10:01:57,5.65,-0.02,69,39036,卖盘
455,10:02:04,5.66,0.01,30,16980,买盘
456,10:02:27,5.66,0.0,77,43582,买盘
457,10:02:42,5.67,0.01,17,9639,买盘
458,10:02:45,5.66,-0.01,5,2830,卖盘
459,10:02:57,5.66,0.0,21,11886,卖盘
460,10:03:06,5.66,0.0,12,6792,卖盘
461,10:03:09,5.66,0.0,15,8490,卖盘
462,10:03:12,5.66,0.0,2,1132,买盘
463,10:03:33,5.66,0.0,1,566,卖盘
464,10:03:36,5.65,-0.01,235,132792,卖盘
465,10:03:39,5.64,-0.01,22,12408,卖盘
466,10:03:48,5.65,0.01,7,3956,卖盘
467,10:03:54,5.66,0.01,1,566,买盘
468,10:03:57,5.66,0.0,1,566,买盘
469,10:04:00,5.66,0.0,1,566,买盘
470,10:04:03,5.66,0.0,9,5094,买盘
471,10:04:06,5.66,0.0,7,3962,卖盘
472,10:04:28,5.65,-0.01,32,18095,卖盘
473,10:04:30,5.65,0.0,6,3390,卖盘
474,10:04:34,5.65,0.0,10,5650,卖盘
475,10:04:37,5.65,0.0,20,11318,卖盘
476,10:04:39,5.66,0.01,28,15867,中性盘
477,10:04:48,5.65,-0.01,145,81925,卖盘
478,10:04:54,5.65,0.0,21,11865,买盘
479,10:05:04,5.65,0.0,58,32756,买盘
480,10:05:07,5.65,0.0,5,2825,买盘
481,10:05:09,5.65,0.0,12,6780,买盘
482,10:05:12,5.66,0.01,106,59928,买盘
483,10:05:15,5.66,0.0,47,26599,买盘
484,10:05:19,5.66,0.0,301,170366,买盘
485,10:05:22,5.66,0.0,103,58395,卖盘
486,10:05:25,5.68,0.02,2,1136,买盘
487,10:05:30,5.68,0.0,1,568,买盘
488,10:05:33,5.68,0.0,22,12496,买盘
489,10:05:36,5.68,0.0,6,3408,买盘
490,10:05:39,5.68,0.0,8,4544,买盘
491,10:05:42,5.68,0.0,4,2272,买盘
492,10:05:45,5.68,0.0,61,34648,买盘
493,10:05:48,5.66,-0.02,1206,682853,卖盘
494,10:06:01,5.67,0.01,1,567,买盘
495,10:06:04,5.64,-0.03,1200,677163,卖盘
496,10:06:09,5.67,0.03,3,1699,买盘
497,10:06:36,5.66,-0.01,4,2264,买盘
498,10:06:43,5.65,-0.01,7,3955,卖盘
499,10:06:46,5.66,0.01,10,5660,买盘
500,10:06:55,5.66,0.0,413,233208,买盘
501,10:07:00,5.66,0.0,1,566,卖盘
502,10:07:06,5.66,0.0,7,3962,卖盘
503,10:07:09,5.66,0.0,7,3962,卖盘
504,10:07:24,5.66,0.0,1,566,卖盘
505,10:07:39,5.66,0.0,2,1132,卖盘
506,10:07:49,5.67,0.01,5,2835,买盘
507,10:07:55,5.66,-0.01,49,27734,卖盘
508,10:07:57,5.66,0.0,20,11309,买盘
509,10:08:00,5.66,0.0,26,14704,买盘
510,10:08:06,5.64,-0.02,2,1128,卖盘
511,10:08:18,5.64,0.0,8,4512,卖盘
512,10:08:27,5.66,0.02,75,42445,买盘
513,10:08:37,5.66,0.0,4,2264,买盘
514,10:08:48,5.64,-0.02,57,32148,卖盘
515,10:08:54,5.64,0.0,111,62505,买盘
516,10:08:57,5.63,-0.01,2,1126,卖盘
517,10:09:06,5.63,0.0,7,3941,卖盘
518,10:09:09,5.63,0.0,7,3941,卖盘
519,10:09:18,5.63,0.0,74,41662,买盘
520,10:09:22,5.64,0.01,81,45684,买盘
521,10:09:30,5.63,-0.01,8,4504,卖盘
522,10:09:42,5.63,0.0,1,563,卖盘
523,10:09:45,5.63,0.0,5,2815,卖盘
524,10:09:48,5.63,0.0,60,33780,卖盘
525,10:10:04,5.63,0.0,15,8445,卖盘
526,10:10:06,5.62,-0.01,47,26446,卖盘
527,10:10:09,5.63,0.01,7,3941,买盘
528,10:10:27,5.62,-0.01,5,2810,卖盘
529,10:10:33,5.63,0.01,44,24756,买盘
530,10:10:36,5.62,-0.01,5,2810,卖盘
531,10:10:42,5.62,0.0,24,13488,卖盘
532,10:10:51,5.62,0.0,7,3934,卖盘
533,10:10:57,5.62,0.0,54,30348,卖盘
534,10:11:01,5.62,0.0,10,5620,买盘
535,10:11:06,5.62,0.0,31,17401,买盘
536,10:11:16,5.62,0.0,9,5058,买盘
537,10:11:21,5.61,-0.01,20,11220,卖盘
538,10:11:24,5.62,0.01,7,3934,买盘
539,10:11:39,5.61,-0.01,13,7293,卖盘
540,10:11:42,5.61,0.0,10,5610,卖盘
541,10:11:54,5.61,0.0,6,3366,卖盘
542,10:11:57,5.61,0.0,1,561,卖盘
543,10:12:03,5.61,0.0,3,1683,卖盘
544,10:12:10,5.61,0.0,110,61710,卖盘
545,10:12:13,5.61,0.0,20,11220,卖盘
546,10:12:21,5.61,0.0,34,19074,买盘
547,10:12:33,5.6,-0.01,6,3360,卖盘
548,10:12:36,5.6,0.0,5,2800,卖盘
549,10:12:46,5.61,0.01,14,7852,买盘
550,10:13:06,5.61,0.0,6,3366,卖盘
551,10:13:18,5.62,0.01,51,28661,买盘
552,10:13:22,5.61,-0.01,28,15708,卖盘
553,10:13:25,5.61,0.0,8,4488,卖盘
554,10:13:27,5.61,0.0,20,11220,买盘
555,10:13:30,5.61,0.0,31,17370,买盘
556,10:13:33,5.61,0.0,85,47674,买盘
557,10:13:36,5.61,0.0,8,4488,买盘
558,10:13:40,5.61,0.0,1,561,卖盘
559,10:13:48,5.61,0.0,1,561,卖盘
560,10:13:51,5.63,0.02,44,24772,买盘
561,10:14:00,5.64,0.01,10,5640,买盘
562,10:14:18,5.64,0.0,7,3948,买盘
563,10:14:22,5.63,-0.01,5,2815,卖盘
564,10:14:25,5.63,0.0,6,3378,买盘
565,10:14:28,5.63,0.0,2,1126,买盘
566,10:14:39,5.63,0.0,13,7313,买盘
567,10:14:45,5.63,0.0,67,37595,买盘
568,10:15:00,5.6,-0.03,200,112024,卖盘
569,10:15:06,5.6,0.0,12,6720,卖盘
570,10:15:24,5.59,-0.01,30,16790,卖盘
571,10:15:27,5.6,0.01,1,560,卖盘
572,10:15:33,5.59,-0.01,2,1118,卖盘
573,10:15:36,5.6,0.01,11,6160,买盘
574,10:15:39,5.59,-0.01,40,22377,卖盘
575,10:15:48,5.59,0.0,1,559,卖盘
576,10:16:04,5.58,-0.01,101,56440,卖盘
577,10:16:07,5.57,-0.01,41,22858,卖盘
578,10:16:09,5.57,0.0,4,2228,卖盘
579,10:16:12,5.57,0.0,1,557,卖盘
580,10:16:15,5.57,0.0,34,18938,卖盘
581,10:16:21,5.58,0.01,31,17291,买盘
582,10:16:27,5.58,0.0,9,5022,买盘
583,10:16:31,5.57,-0.01,66,36762,卖盘
584,10:16:34,5.57,0.0,5,2785,买盘
585,10:16:37,5.58,0.01,3,1673,中性盘
586,10:16:42,5.58,0.0,53,29574,卖盘
587,10:16:45,5.58,0.0,61,34081,卖盘
588,10:16:48,5.58,0.0,18,10054,卖盘
589,10:16:52,5.59,0.01,44,24596,买盘
590,10:17:00,5.6,0.01,1,560,买盘
591,10:17:12,5.59,-0.01,4,2236,卖盘
592,10:17:15,5.6,0.01,5,2800,买盘
593,10:17:25,5.59,-0.01,10,5590,卖盘
594,10:17:30,5.6,0.01,3,1680,买盘
595,10:17:36,5.6,0.0,2,1120,买盘
596,10:17:42,5.6,0.0,10,5600,买盘
597,10:17:54,5.6,0.0,4,2240,买盘
598,10:18:00,5.6,0.0,10,5600,买盘
599,10:18:04,5.6,0.0,18,10080,买盘
600,10:18:09,5.59,-0.01,3,1677,卖盘
601,10:18:13,5.59,0.0,8,4472,卖盘
602,10:18:16,5.59,0.0,18,10062,卖盘
603,10:18:24,5.6,0.01,151,84557,买盘
604,10:18:36,5.66,0.06,800,452028,买盘
605,10:18:39,5.6,-0.06,10,5600,卖盘
606,10:18:43,5.59,-0.01,3,1678,卖盘
607,10:18:46,5.6,0.01,12,6720,买盘
608,10:19:04,5.6,0.0,7,3920,卖盘
609,10:19:06,5.66,0.06,1,566,买盘
610,10:19:27,5.65,-0.01,7,3955,买盘
611,10:19:33,5.65,0.0,39,22035,买盘
612,10:19:39,5.65,0.0,6,3390,买盘
613,10:19:43,5.65,0.0,6,3390,卖盘
614,10:19:54,5.65,0.0,6,3390,买盘
615,10:19:57,5.63,-0.02,9,5077,卖盘
616,10:20:00,5.63,0.0,2,1126,买盘
617,10:20:25,5.58,-0.05,269,150493,卖盘
618,10:20:27,5.58,0.0,4,2232,买盘
619,10:20:30,5.58,0.0,6,3348,买盘
620,10:20:34,5.58,0.0,8,4464,买盘
621,10:20:37,5.58,0.0,17,9486,买盘
622,10:20:40,5.58,0.0,7,3906,买盘
623,10:20:43,5.58,0.0,25,13950,买盘
624,10:20:45,5.58,0.0,16,8928,买盘
625,10:20:48,5.58,0.0,4,2232,买盘
626,10:20:51,5.58,0.0,15,8370,买盘
627,10:20:54,5.58,0.0,3,1674,买盘
628,10:20:57,5.58,0.0,19,10602,买盘
629,10:21:01,5.57,-0.01,37,20626,卖盘
630,10:21:04,5.57,0.0,107,59599,卖盘
631,10:21:06,5.58,0.01,1,558,买盘
632,10:21:09,5.58,0.0,1,558,买盘
633,10:21:12,5.58,0.0,2,1115,买盘
634,10:21:16,5.58,0.0,34,18969,买盘
635,10:21:19,5.58,0.0,28,15624,卖盘
636,10:21:25,5.58,0.0,7,3906,卖盘
637,10:21:28,5.58,0.0,5,2790,买盘
638,10:21:30,5.58,0.0,11,6138,卖盘
639,10:21:33,5.58,0.0,10,5571,买盘
640,10:21:36,5.58,0.0,1,558,买盘
641,10:21:39,5.58,0.0,2,1116,买盘
642,10:21:42,5.58,0.0,30,16730,买盘
643,10:21:45,5.58,0.0,3,1674,买盘
644,10:21:48,5.58,0.0,26,14508,买盘
645,10:21:57,5.58,0.0,1,558,卖盘
646,10:22:04,5.58,0.0,6,3348,卖盘
647,10:22:45,5.59,0.01,6,3351,买盘
648,10:22:48,5.59,0.0,1,559,卖盘
649,10:23:04,5.59,0.0,13,7267,卖盘
650,10:23:33,5.6,0.01,1,560,买盘
651,10:23:39,5.6,0.0,3,1680,买盘
652,10:24:04,5.6,0.0,6,3360,卖盘
653,10:24:15,5.61,0.01,2,1122,买盘
654,10:24:18,5.61,0.0,12,6732,卖盘
655,10:24:33,5.61,0.0,1,561,卖盘
656,10:25:00,5.61,0.0,1,561,卖盘
657,10:25:04,5.61,0.0,6,3366,卖盘
658,10:25:39,5.61,0.0,39,21879,卖盘
659,10:26:09,5.6,-0.01,1,560,卖盘
660,10:26:27,5.61,0.01,30,16830,买盘
661,10:26:36,5.6,-0.01,7,3920,卖盘
662,10:26:48,5.6,0.0,1,560,卖盘
663,10:26:54,5.61,0.01,2,1122,买盘
664,10:27:12,5.6,-0.01,4,2240,卖盘
665,10:27:18,5.6,0.0,21,11760,卖盘
666,10:27:58,5.6,0.0,3,1680,卖盘
667,10:28:04,5.6,0.0,7,3920,卖盘
668,10:28:21,5.6,0.0,7,3920,卖盘
669,10:28:27,5.6,0.0,11,6165,卖盘
670,10:28:30,5.61,0.01,3,1683,买盘
671,10:28:36,5.61,0.0,25,14025,买盘
672,10:28:39,5.61,0.0,31,17391,买盘
673,10:28:46,5.61,0.0,11,6171,买盘
674,10:28:51,5.61,0.0,20,11220,买盘
675,10:29:00,5.61,0.0,14,7854,买盘
676,10:29:04,5.61,0.0,6,3366,卖盘
677,10:29:06,5.62,0.01,60,33706,买盘
678,10:29:16,5.61,-0.01,10,5610,卖盘
679,10:29:18,5.62,0.01,5,2810,买盘
680,10:29:21,5.62,0.0,5,2810,买盘
681,10:29:24,5.62,0.0,34,19108,买盘
682,10:29:27,5.62,0.0,5,2810,卖盘
683,10:29:33,5.63,0.01,30,16890,买盘
684,10:29:48,5.63,0.0,10,5630,买盘
685,10:29:54,5.63,0.0,11,6193,买盘
686,10:30:01,5.63,0.0,15,8445,买盘
687,10:30:04,5.63,0.0,13,7319,买盘
688,10:30:25,5.63,0.0,2,1126,买盘
689,10:30:31,5.63,0.0,13,7319,买盘
690,10:30:43,5.63,0.0,36,20268,买盘
691,10:31:01,5.63,0.0,10,5630,买盘
692,10:31:07,5.62,-0.01,1,562,卖盘
693,10:31:09,5.63,0.01,1,563,买盘
694,10:31:42,5.63,0.0,21,11823,买盘
695,10:31:46,5.62,-0.01,119,66878,卖盘
696,10:31:52,5.62,0.0,24,13494,卖盘
697,10:31:54,5.62,0.0,33,18546,卖盘
698,10:32:39,5.6,-0.02,582,326051,卖盘
699,10:33:00,5.58,-0.02,205,114455,卖盘
700,10:33:04,5.56,-0.02,207,115385,卖盘
701,10:33:07,5.55,-0.01,200,111158,卖盘
702,10:33:12,5.53,-0.02,200,110932,卖盘
703,10:33:18,5.52,-0.01,200,110515,卖盘
704,10:33:27,5.53,0.01,24,13272,卖盘
705,10:33:30,5.54,0.01,2,1108,卖盘
706,10:33:33,5.54,0.0,5,2770,卖盘
707,10:33:37,5.55,0.01,17,9433,中性盘
708,10:33:39,5.55,0.0,30,16641,买盘
709,10:33:42,5.55,0.0,7,3885,买盘
710,10:33:45,5.54,-0.01,5,2773,卖盘
711,10:33:52,5.55,0.01,12,6661,卖盘
712,10:33:54,5.56,0.01,1,556,买盘
713,10:33:57,5.55,-0.01,14,7771,卖盘
714,10:34:00,5.56,0.01,1,556,买盘
715,10:34:04,5.55,-0.01,6,3331,卖盘
716,10:34:06,5.56,0.01,1,556,买盘
717,10:34:10,5.56,0.0,16,8896,买盘
718,10:34:27,5.56,0.0,101,56156,卖盘
719,10:34:30,5.56,0.0,9,5004,买盘
720,10:34:33,5.56,0.0,20,11120,买盘
721,10:34:37,5.56,0.0,1007,558072,买盘
722,10:34:40,5.56,0.0,228,126768,买盘
723,10:34:48,5.55,-0.01,44,24420,卖盘
724,10:34:51,5.55,0.0,20,11100,买盘
725,10:34:54,5.54,-0.01,10,5540,卖盘
726,10:34:57,5.54,0.0,134,74236,卖盘
727,10:35:00,5.55,0.01,6,3330,买盘
728,10:35:04,5.55,0.0,3,1665,买盘
729,10:35:07,5.54,-0.01,151,83654,卖盘
730,10:35:21,5.54,0.0,81,44874,卖盘
731,10:35:30,5.54,0.0,4,2216,买盘
732,10:35:33,5.54,0.0,18,9972,买盘
733,10:35:42,5.54,0.0,21,11634,买盘
734,10:35:45,5.54,0.0,20,11080,买盘
735,10:35:48,5.54,0.0,164,90784,买盘
736,10:35:51,5.54,0.0,27,14955,买盘
737,10:35:54,5.55,0.01,17,9435,买盘
738,10:36:06,5.55,0.0,84,46620,买盘
739,10:36:09,5.55,0.0,3,1665,买盘
740,10:36:21,5.55,0.0,5,2775,买盘
741,10:36:24,5.54,-0.01,20,11080,卖盘
742,10:36:30,5.55,0.01,17,9435,买盘
743,10:36:33,5.54,-0.01,35,19413,卖盘
744,10:36:39,5.54,0.0,61,33794,卖盘
745,10:36:48,5.55,0.01,3,1664,买盘
746,10:36:57,5.54,-0.01,100,55400,卖盘
747,10:37:00,5.54,0.0,100,55400,卖盘
748,10:37:03,5.53,-0.01,106,58644,卖盘
749,10:37:06,5.53,0.0,102,56409,卖盘
750,10:37:10,5.54,0.01,1,554,卖盘
751,10:37:12,5.52,-0.02,870,480456,卖盘
752,10:37:15,5.52,0.0,74,40848,买盘
753,10:37:18,5.52,0.0,136,74998,买盘
754,10:37:21,5.51,-0.01,7,3857,卖盘
755,10:37:24,5.51,0.0,12,6612,卖盘
756,10:37:27,5.51,0.0,26,14326,卖盘
757,10:37:30,5.51,0.0,31,17081,卖盘
758,10:37:33,5.51,0.0,29,15979,卖盘
759,10:37:45,5.51,0.0,6,3306,卖盘
760,10:37:51,5.51,0.0,1,551,卖盘
761,10:37:55,5.51,0.0,30,16545,卖盘
762,10:37:57,5.51,0.0,145,79915,卖盘
763,10:38:00,5.51,0.0,161,88711,卖盘
764,10:38:03,5.5,-0.01,386,212300,卖盘
765,10:38:06,5.5,0.0,44,24200,卖盘
766,10:38:09,5.5,0.0,8,4402,卖盘
767,10:38:13,5.5,0.0,26,14300,卖盘
768,10:38:16,5.5,0.0,49,26950,买盘
769,10:38:22,5.5,0.0,14,7700,买盘
770,10:38:33,5.51,0.01,39,21480,买盘
771,10:38:39,5.51,0.0,71,39121,买盘
772,10:38:42,5.51,0.0,1,551,买盘
773,10:38:45,5.51,0.0,20,11020,买盘
774,10:38:52,5.51,0.0,6,3306,买盘
775,10:38:54,5.51,0.0,10,5510,卖盘
776,10:39:09,5.51,0.0,15,8265,卖盘
777,10:39:13,5.5,-0.01,193,106310,卖盘
778,10:39:19,5.52,0.02,12,6604,买盘
779,10:39:24,5.52,0.0,9,4964,买盘
780,10:39:28,5.52,0.0,174,95729,买盘
781,10:39:33,5.52,0.0,3,1654,买盘
782,10:39:36,5.52,0.0,10,5520,买盘
783,10:39:39,5.52,0.0,10,5520,买盘
784,10:39:42,5.5,-0.02,89,48950,卖盘
785,10:39:46,5.5,0.0,5,2750,买盘
786,10:39:49,5.49,-0.01,165,90595,卖盘
787,10:39:52,5.5,0.01,16,8800,买盘
788,10:40:03,5.5,0.0,7,3850,卖盘
789,10:40:06,5.52,0.02,10,5518,买盘
790,10:40:09,5.52,0.0,56,30912,买盘
791,10:40:18,5.52,0.0,2,1104,卖盘
792,10:40:21,5.54,0.02,14,7732,买盘
793,10:40:24,5.54,0.0,4,2216,买盘
794,10:40:31,5.54,0.0,1,554,买盘
795,10:40:39,5.53,-0.01,1,553,中性盘
796,10:40:43,5.53,0.0,1,553,买盘
797,10:40:48,5.54,0.01,5,2770,买盘
798,10:40:57,5.53,-0.01,1,553,卖盘
799,10:41:04,5.53,0.0,15,8295,买盘
800,10:41:06,5.52,-0.01,15,8280,卖盘
801,10:41:09,5.53,0.01,20,11060,买盘
802,10:41:12,5.53,0.0,3,1659,买盘
803,10:41:15,5.52,-0.01,154,85008,卖盘
804,10:41:21,5.52,0.0,145,80040,卖盘
805,10:41:24,5.52,0.0,20,11040,买盘
806,10:41:33,5.51,-0.01,7,3858,卖盘
807,10:41:36,5.52,0.01,6,3312,卖盘
808,10:42:04,5.53,0.01,19,10507,买盘
809,10:42:24,5.52,-0.01,100,55200,卖盘
810,10:42:27,5.52,0.0,1,552,卖盘
811,10:42:43,5.53,0.01,14,7742,买盘
812,10:42:46,5.53,0.0,15,8295,卖盘
813,10:42:48,5.53,0.0,68,37604,卖盘
814,10:42:51,5.52,-0.01,57,31481,卖盘
815,10:42:54,5.53,0.01,1,553,买盘
816,10:43:03,5.52,-0.01,13,7176,卖盘
817,10:43:13,5.51,-0.01,98,53998,卖盘
818,10:43:21,5.51,0.0,2,1102,买盘
819,10:43:30,5.5,-0.01,49,26965,卖盘
820,10:43:39,5.5,0.0,54,29720,卖盘
821,10:43:42,5.5,0.0,465,255751,卖盘
822,10:43:54,5.5,0.0,9,4950,卖盘
823,10:44:00,5.5,0.0,1,550,卖盘
824,10:44:04,5.5,0.0,59,32450,卖盘
825,10:44:12,5.5,0.0,5,2750,卖盘
826,10:44:15,5.5,0.0,10,5500,卖盘
827,10:44:21,5.51,0.01,17,9359,买盘
828,10:44:24,5.51,0.0,13,7163,买盘
829,10:44:31,5.51,0.0,12,6612,卖盘
830,10:44:37,5.51,0.0,10,5510,卖盘
831,10:44:52,5.52,0.01,58,31973,买盘
832,10:45:03,5.52,0.0,7,3864,卖盘
833,10:45:06,5.52,0.0,9,4968,卖盘
834,10:45:12,5.55,0.03,99,54923,买盘
835,10:45:15,5.52,-0.03,3,1656,卖盘
836,10:45:24,5.52,0.0,74,41040,卖盘
837,10:45:27,5.55,0.03,15,8325,买盘
838,10:45:31,5.55,0.0,2,1110,卖盘
839,10:45:48,5.56,0.01,7,3890,买盘
840,10:45:51,5.52,-0.04,41,22646,卖盘
841,10:45:54,5.52,0.0,40,22160,卖盘
842,10:45:58,5.51,-0.01,20,11027,卖盘
843,10:46:00,5.51,0.0,20,11042,卖盘
844,10:46:04,5.5,-0.01,26,14311,卖盘
845,10:46:06,5.51,0.01,50,27550,卖盘
846,10:46:09,5.5,-0.01,50,27506,卖盘
847,10:46:12,5.49,-0.01,50,27499,卖盘
848,10:46:15,5.49,0.0,50,27450,卖盘
849,10:46:21,5.49,0.0,68,37337,卖盘
850,10:46:24,5.49,0.0,20,10980,卖盘
851,10:46:31,5.48,-0.01,292,160080,卖盘
852,10:46:37,5.48,0.0,62,33986,卖盘
853,10:46:39,5.47,-0.01,62,33924,卖盘
854,10:46:45,5.47,0.0,137,74989,卖盘
855,10:46:51,5.46,-0.01,462,252433,卖盘
856,10:46:54,5.47,0.01,6,3282,卖盘
857,10:47:04,5.45,-0.02,1219,665141,卖盘
858,10:47:09,5.46,0.01,22,12012,卖盘
859,10:47:15,5.48,0.02,12,6566,买盘
860,10:47:21,5.47,-0.01,30,16419,卖盘
861,10:47:30,5.5,0.03,18,9900,买盘
862,10:47:33,5.48,-0.02,1,548,卖盘
863,10:47:36,5.48,0.0,1,548,卖盘
864,10:47:42,5.5,0.02,4,2200,买盘
865,10:47:48,5.46,-0.04,623,340610,卖盘
866,10:47:51,5.5,0.04,7,3850,买盘
867,10:47:54,5.5,0.0,5,2750,卖盘
868,10:48:03,5.5,0.0,10,5500,卖盘
869,10:48:06,5.5,0.0,7,3844,买盘
870,10:48:12,5.5,0.0,10,5495,买盘
871,10:48:15,5.47,-0.03,13,7125,卖盘
872,10:48:18,5.48,0.01,1,548,买盘
873,10:48:24,5.48,0.0,13,7124,买盘
874,10:48:27,5.47,-0.01,50,27370,卖盘
875,10:48:30,5.47,0.0,214,117072,卖盘
876,10:48:36,5.47,0.0,1,547,买盘
877,10:48:42,5.47,0.0,20,10940,买盘
878,10:48:45,5.46,-0.01,158,86269,卖盘
879,10:48:48,5.47,0.01,10,5470,买盘
880,10:48:51,5.46,-0.01,15,8190,卖盘
881,10:48:57,5.47,0.01,59,32263,买盘
882,10:49:00,5.46,-0.01,33,18050,卖盘
883,10:49:04,5.47,0.01,55,30062,买盘
884,10:49:06,5.47,0.0,19,10390,买盘
885,10:49:09,5.47,0.0,20,10940,买盘
886,10:49:13,5.47,0.0,30,16410,买盘
887,10:49:16,5.47,0.0,23,12581,买盘
888,10:49:19,5.47,0.0,5,2735,买盘
889,10:49:21,5.47,0.0,20,10940,买盘
890,10:49:25,5.47,0.0,100,54700,买盘
891,10:49:28,5.47,0.0,10,5470,买盘
892,10:49:30,5.47,0.0,50,27350,买盘
893,10:49:33,5.47,0.0,47,25709,买盘
894,10:49:36,5.48,0.01,3,1644,买盘
895,10:49:42,5.47,-0.01,7,3829,卖盘
896,10:49:51,5.48,0.01,2,1096,买盘
897,10:49:57,5.48,0.0,75,41099,买盘
898,10:50:00,5.48,0.0,24,13152,买盘
899,10:50:04,5.48,0.0,22,12056,买盘
900,10:50:06,5.47,-0.01,4,2188,卖盘
901,10:50:12,5.48,0.01,10,5480,买盘
902,10:50:15,5.48,0.0,22,12056,买盘
903,10:50:21,5.48,0.0,5,2740,买盘
904,10:50:30,5.5,0.02,40,22000,买盘
905,10:50:39,5.52,0.02,10,5520,买盘
906,10:50:42,5.52,0.0,88,48576,买盘
907,10:50:55,5.51,-0.01,11,6061,卖盘
908,10:51:00,5.52,0.01,1,552,卖盘
909,10:51:04,5.52,0.0,6,3312,卖盘
910,10:51:09,5.53,0.01,4,2212,买盘
911,10:51:15,5.53,0.0,78,43134,卖盘
912,10:51:18,5.53,0.0,186,102904,卖盘
913,10:51:22,5.53,0.0,18,9954,卖盘
914,10:51:24,5.53,0.0,120,66360,卖盘
915,10:51:36,5.53,0.0,3,1659,买盘
916,10:51:45,5.53,0.0,10,5530,卖盘
917,10:51:48,5.53,0.0,15,8295,卖盘
918,10:51:54,5.54,0.01,1,554,买盘
919,10:51:57,5.53,-0.01,9,4977,卖盘
920,10:52:00,5.6,0.07,500,278063,买盘
921,10:52:18,5.58,-0.02,3,1674,买盘
922,10:52:21,5.58,0.0,10,5580,买盘
923,10:52:39,5.62,0.04,580,324511,买盘
924,10:52:42,5.62,0.0,20,11240,卖盘
925,10:52:45,5.62,0.0,216,121392,卖盘
926,10:52:48,5.62,0.0,43,24166,卖盘
927,10:52:51,5.66,0.04,828,467328,买盘
928,10:52:55,5.66,0.0,11,6226,卖盘
929,10:52:57,5.63,-0.03,337,190670,卖盘
930,10:53:04,5.63,0.0,6,3378,卖盘
931,10:53:06,5.63,0.0,3,1689,卖盘
932,10:53:09,5.63,0.0,1,563,卖盘
933,10:53:12,5.63,0.0,1,563,卖盘
934,10:53:15,5.63,0.0,1,563,卖盘
935,10:53:18,5.63,0.0,17,9571,卖盘
936,10:53:22,5.63,0.0,1,563,卖盘
937,10:53:25,5.65,0.02,4,2258,买盘
938,10:53:28,5.63,-0.02,1,563,卖盘
939,10:53:31,5.63,0.0,37,20831,卖盘
940,10:53:34,5.63,0.0,4,2252,买盘
941,10:53:36,5.64,0.01,7,3942,买盘
942,10:53:39,5.63,-0.01,2,1126,卖盘
943,10:53:42,5.64,0.01,13,7332,买盘
944,10:53:45,5.63,-0.01,15,8445,卖盘
945,10:53:48,5.63,0.0,4,2252,卖盘
946,10:53:51,5.63,0.0,2,1126,卖盘
947,10:53:54,5.64,0.01,152,85703,买盘
948,10:53:57,5.65,0.01,53,29893,买盘
949,10:54:00,5.64,-0.01,1,564,卖盘
950,10:54:04,5.63,-0.01,59,33248,卖盘
951,10:54:12,5.63,0.0,88,49544,卖盘
952,10:54:22,5.62,-0.01,5,2810,卖盘
953,10:54:33,5.62,0.0,1,562,买盘
954,10:54:36,5.57,-0.05,25,13925,卖盘
955,10:54:45,5.62,0.05,30,16837,买盘
956,10:54:51,5.57,-0.05,6,3342,卖盘
957,10:54:54,5.57,0.0,37,20712,卖盘
958,10:54:58,5.61,0.04,5,2805,买盘
959,10:55:04,5.57,-0.04,7,3899,卖盘
960,10:55:06,5.61,0.04,7,3927,买盘
961,10:55:12,5.57,-0.04,4,2228,卖盘
962,10:55:15,5.61,0.04,10,5610,买盘
963,10:55:34,5.59,-0.02,6,3354,卖盘
964,10:56:04,5.59,0.0,6,3354,卖盘
965,10:56:24,5.59,0.0,19,10621,卖盘
966,10:56:43,5.58,-0.01,104,58103,卖盘
967,10:57:00,5.58,0.0,151,84258,卖盘
968,10:57:13,5.57,-0.01,175,97475,卖盘
969,10:57:21,5.57,0.0,29,16153,买盘
970,10:57:39,5.57,0.0,8,4456,买盘
971,10:57:45,5.57,0.0,1,557,卖盘
972,10:58:03,5.57,0.0,6,3342,卖盘
973,10:58:06,5.58,0.01,7,3906,买盘
974,10:58:33,5.59,0.01,13,7267,买盘
975,10:58:42,5.59,0.0,3,1677,买盘
976,10:58:57,5.6,0.01,6,3360,买盘
977,10:59:03,5.6,0.0,7,3920,卖盘
978,10:59:06,5.6,0.0,34,19040,卖盘
979,10:59:09,5.6,0.0,9,5040,买盘
980,10:59:27,5.6,0.0,75,42000,买盘
981,10:59:39,5.6,0.0,31,17360,卖盘
982,10:59:42,5.61,0.01,6,3366,买盘
983,10:59:54,5.61,0.0,63,35343,买盘
984,11:00:04,5.62,0.01,30,16860,买盘
985,11:00:15,5.62,0.0,10,5620,买盘
986,11:00:18,5.62,0.0,85,47770,买盘
987,11:00:30,5.62,0.0,2,1124,卖盘
988,11:00:36,5.62,0.0,2,1124,卖盘
989,11:00:52,5.62,0.0,3,1686,卖盘
990,11:00:57,5.64,0.02,1,564,买盘
991,11:01:10,5.63,-0.01,3,1689,买盘
992,11:01:16,5.63,0.0,52,29276,卖盘
993,11:01:19,5.64,0.01,21,11844,买盘
994,11:01:22,5.64,0.0,52,29328,卖盘
995,11:01:28,5.64,0.0,78,43992,卖盘
996,11:01:33,5.64,0.0,2,1128,卖盘
997,11:01:52,5.63,-0.01,5,2815,卖盘
998,11:02:12,5.61,-0.02,12,6732,卖盘
999,11:02:21,5.61,0.0,1,561,买盘
1000,11:02:27,5.61,0.0,10,5610,买盘
1001,11:02:45,5.58,-0.03,45,25118,卖盘
1002,11:02:48,5.57,-0.01,6,3342,卖盘
1003,11:03:10,5.58,0.01,15,8370,买盘
1004,11:03:13,5.58,0.0,2,1116,买盘
1005,11:03:15,5.58,0.0,92,51336,买盘
1006,11:03:18,5.58,0.0,20,11160,买盘
1007,11:03:25,5.57,-0.01,2,1115,卖盘
1008,11:03:40,5.55,-0.02,66,36714,卖盘
1009,11:03:58,5.55,0.0,20,11100,买盘
1010,11:04:01,5.55,0.0,7,3885,买盘
1011,11:04:06,5.54,-0.01,4,2216,买盘
1012,11:04:15,5.54,0.0,26,14404,卖盘
1013,11:04:24,5.54,0.0,3,1662,买盘
1014,11:04:30,5.53,-0.01,2,1107,卖盘
1015,11:04:36,5.54,0.01,142,78668,买盘
1016,11:04:43,5.55,0.01,10,5550,买盘
1017,11:04:46,5.55,0.0,400,222000,买盘
1018,11:04:52,5.55,0.0,96,53280,卖盘
1019,11:05:00,5.56,0.01,34,18904,卖盘
1020,11:05:10,5.56,0.0,1,556,买盘
1021,11:05:12,5.56,0.0,5,2780,买盘
1022,11:05:21,5.56,0.0,45,25020,买盘
1023,11:05:24,5.56,0.0,11,6116,买盘
1024,11:05:27,5.56,0.0,110,61160,买盘
1025,11:06:03,5.56,0.0,99,55044,卖盘
1026,11:06:09,5.55,-0.01,279,154845,卖盘
1027,11:06:27,5.55,0.0,6,3330,买盘
1028,11:06:45,5.55,0.0,4,2220,买盘
1029,11:06:51,5.54,-0.01,25,13850,卖盘
1030,11:06:57,5.54,0.0,10,5540,卖盘
1031,11:07:09,5.54,0.0,1,554,卖盘
1032,11:07:18,5.55,0.01,145,80475,买盘
1033,11:07:27,5.55,0.0,8,4440,买盘
1034,11:07:31,5.55,0.0,94,52170,买盘
1035,11:07:54,5.58,0.03,1,558,买盘
1036,11:08:15,5.57,-0.01,2,1114,买盘
1037,11:08:42,5.55,-0.02,70,38959,卖盘
1038,11:09:36,5.55,0.0,3,1665,卖盘
1039,11:09:39,5.55,0.0,99,54945,卖盘
1040,11:09:45,5.55,0.0,47,26085,买盘
1041,11:09:54,5.55,0.0,3,1665,卖盘
1042,11:10:46,5.55,0.0,6,3330,卖盘
1043,11:11:21,5.55,0.0,35,19429,卖盘
1044,11:12:15,5.55,0.0,10,5550,卖盘
1045,11:13:15,5.56,0.01,10,5560,卖盘
1046,11:13:24,5.56,0.0,6,3336,卖盘
1047,11:13:30,5.57,0.01,2,1114,买盘
1048,11:13:57,5.57,0.0,17,9469,买盘
1049,11:14:16,5.57,0.0,12,6684,卖盘
1050,11:14:36,5.58,0.01,2,1116,买盘
1051,11:15:06,5.58,0.0,5,2790,买盘
1052,11:15:27,5.58,0.0,2,1116,买盘
1053,11:15:42,5.58,0.0,14,7812,买盘
1054,11:16:00,5.58,0.0,10,5580,卖盘
1055,11:16:04,5.59,0.01,29,16205,买盘
1056,11:16:24,5.6,0.01,10,5600,买盘
1057,11:17:18,5.6,0.0,22,12320,买盘
1058,11:17:24,5.6,0.0,179,100240,买盘
1059,11:18:00,5.6,0.0,131,73360,卖盘
1060,11:18:27,5.6,0.0,10,5600,买盘
1061,11:18:33,5.59,-0.01,2,1118,卖盘
1062,11:18:45,5.59,0.0,10,5590,买盘
1063,11:19:12,5.58,-0.01,96,53568,卖盘
1064,11:19:27,5.58,0.0,20,11160,卖盘
1065,11:20:00,5.58,0.0,107,59706,卖盘
1066,11:20:09,5.58,0.0,1,558,买盘
1067,11:20:33,5.57,-0.01,2,1114,卖盘
1068,11:20:48,5.56,-0.01,48,26688,卖盘
1069,11:21:21,5.56,0.0,3,1668,卖盘
1070,11:21:27,5.56,0.0,3,1668,买盘
1071,11:21:40,5.56,0.0,6,3336,卖盘
1072,11:21:49,5.56,0.0,1,556,买盘
1073,11:21:51,5.55,-0.01,2,1110,卖盘
1074,11:21:57,5.55,0.0,14,7770,卖盘
1075,11:22:15,5.56,0.01,3,1668,买盘
1076,11:22:48,5.56,0.0,11,6116,买盘
1077,11:22:57,5.57,0.01,35,19495,买盘
1078,11:23:04,5.57,0.0,15,8355,买盘
1079,11:23:10,5.57,0.0,5,2785,卖盘
1080,11:23:21,5.57,0.0,2,1114,买盘
1081,11:23:24,5.57,0.0,116,64612,买盘
1082,11:23:48,5.59,0.02,2,1118,买盘
1083,11:25:06,5.58,-0.01,5,2790,买盘
1084,11:25:09,5.59,0.01,8,4472,买盘
1085,11:25:24,5.58,-0.01,3,1674,卖盘
1086,11:25:48,5.58,0.0,5,2790,卖盘
1087,11:25:54,5.58,0.0,1,558,买盘
1088,11:26:21,5.57,-0.01,11,6129,卖盘
1089,11:27:51,5.57,0.0,1,557,卖盘
1090,11:28:00,5.57,0.0,46,25624,卖盘
1091,11:28:45,5.57,0.0,6,3342,买盘
1092,11:28:51,5.56,-0.01,10,5560,卖盘
1093,11:29:12,5.57,0.01,23,12811,买盘
1094,11:29:39,5.54,-0.03,306,169773,卖盘
1095,11:29:48,5.56,0.02,153,85065,买盘
1096,13:00:01,5.55,-0.01,1,555,买盘
1097,13:00:04,5.58,0.03,334,185278,买盘
1098,13:01:15,5.6,0.02,12,6715,买盘
1099,13:01:30,5.59,-0.01,2,1118,买盘
1100,13:01:51,5.6,0.01,26,14560,买盘
1101,13:02:09,5.6,0.0,51,28560,卖盘
1102,13:02:42,5.6,0.0,8,4480,买盘
1103,13:02:48,5.58,-0.02,15,8379,卖盘
1104,13:03:18,5.59,0.01,6,3354,买盘
1105,13:05:09,5.59,0.0,3,1677,买盘
1106,13:05:18,5.59,0.0,35,19565,买盘
1107,13:05:21,5.58,-0.01,63,35189,卖盘
1108,13:05:42,5.58,0.0,2,1116,卖盘
1109,13:06:00,5.6,0.02,1,560,买盘
1110,13:06:45,5.6,0.0,1,560,买盘
1111,13:08:00,5.6,0.0,22,12313,买盘
1112,13:08:09,5.59,-0.01,1,559,卖盘
1113,13:09:09,5.59,0.0,2,1118,买盘
1114,13:09:21,5.59,0.0,17,9503,卖盘
1115,13:09:33,5.58,-0.01,13,7254,卖盘
1116,13:09:45,5.58,0.0,5,2790,卖盘
1117,13:10:03,5.58,0.0,1,558,卖盘
1118,13:10:09,5.58,0.0,1,558,卖盘
1119,13:10:36,5.58,0.0,1,558,卖盘
1120,13:11:12,5.58,0.0,1,558,买盘
1121,13:11:22,5.57,-0.01,5,2785,卖盘
1122,13:11:39,5.61,0.04,89,49812,买盘
1123,13:12:00,5.57,-0.04,5,2785,卖盘
1124,13:13:01,5.6,0.03,13,7250,买盘
1125,13:13:15,5.6,0.0,21,11760,卖盘
1126,13:13:36,5.6,0.0,1,560,卖盘
1127,13:14:04,5.6,0.0,238,133300,卖盘
1128,13:14:24,5.58,-0.02,1,558,买盘
1129,13:15:07,5.58,0.0,33,18414,买盘
1130,13:15:12,5.58,0.0,3,1674,卖盘
1131,13:15:15,5.58,0.0,56,31248,卖盘
1132,13:15:42,5.58,0.0,15,8370,卖盘
1133,13:15:51,5.59,0.01,1,559,买盘
1134,13:15:54,5.58,-0.01,28,15624,卖盘
1135,13:16:27,5.58,0.0,28,15624,卖盘
1136,13:16:48,5.58,0.0,83,46314,卖盘
1137,13:16:51,5.59,0.01,93,51987,买盘
1138,13:17:09,5.59,0.0,9,5031,买盘
1139,13:17:30,5.58,-0.01,15,8370,卖盘
1140,13:17:33,5.58,0.0,6,3348,卖盘
1141,13:17:54,5.59,0.01,281,157079,买盘
1142,13:18:13,5.59,0.0,6,3354,买盘
1143,13:18:27,5.59,0.0,153,85527,买盘
1144,13:18:33,5.59,0.0,20,11180,买盘
1145,13:18:39,5.59,0.0,14,7826,买盘
1146,13:19:24,5.59,0.0,1,559,卖盘
1147,13:19:30,5.59,0.0,15,8385,卖盘
1148,13:19:57,5.6,0.01,1,560,买盘
1149,13:20:28,5.59,-0.01,5,2795,卖盘
1150,13:20:33,5.6,0.01,10,5600,买盘
1151,13:20:36,5.6,0.0,19,10640,买盘
1152,13:20:51,5.6,0.0,10,5600,买盘
1153,13:21:04,5.6,0.0,5,2800,买盘
1154,13:21:36,5.59,-0.01,47,26273,卖盘
1155,13:21:46,5.59,0.0,11,6149,卖盘
1156,13:21:57,5.58,-0.01,237,132373,卖盘
1157,13:22:27,5.56,-0.02,42,23352,卖盘
1158,13:22:33,5.58,0.02,5,2788,买盘
1159,13:22:54,5.57,-0.01,15,8355,卖盘
1160,13:23:24,5.57,0.0,1,557,买盘
1161,13:23:27,5.56,-0.01,4,2224,卖盘
1162,13:23:30,5.57,0.01,10,5570,买盘
1163,13:23:33,5.56,-0.01,58,32248,卖盘
1164,13:23:39,5.55,-0.01,84,46620,卖盘
1165,13:23:48,5.54,-0.01,63,34902,卖盘
1166,13:23:54,5.54,0.0,2,1108,买盘
1167,13:24:06,5.53,-0.01,67,37051,卖盘
1168,13:24:09,5.53,0.0,1,553,买盘
1169,13:24:12,5.53,0.0,5,2765,买盘
1170,13:24:39,5.53,0.0,50,27650,买盘
1171,13:24:45,5.53,0.0,21,11594,买盘
1172,13:24:57,5.52,-0.01,40,22098,卖盘
1173,13:25:04,5.54,0.02,2,1108,买盘
1174,13:25:30,5.53,-0.01,2,1106,买盘
1175,13:25:42,5.53,0.0,4,2212,买盘
1176,13:25:45,5.48,-0.05,2000,1097804,卖盘
1177,13:25:54,5.53,0.05,27,14931,买盘
1178,13:25:57,5.53,0.0,19,10507,卖盘
1179,13:26:00,5.53,0.0,24,13272,卖盘
1180,13:26:09,5.53,0.0,30,16590,卖盘
1181,13:26:24,5.52,-0.01,10,5520,卖盘
1182,13:26:30,5.52,0.0,6,3312,卖盘
1183,13:26:42,5.49,-0.03,55,30207,卖盘
1184,13:26:54,5.49,0.0,20,10980,卖盘
1185,13:27:06,5.49,0.0,211,115839,卖盘
1186,13:27:15,5.49,0.0,14,7686,卖盘
1187,13:27:27,5.52,0.03,5,2760,买盘
1188,13:27:36,5.49,-0.03,18,9882,卖盘
1189,13:27:42,5.52,0.03,5,2760,买盘
1190,13:27:45,5.48,-0.04,450,246833,卖盘
1191,13:27:48,5.52,0.04,6,3312,买盘
1192,13:28:09,5.5,-0.02,1,550,买盘
1193,13:28:15,5.49,-0.01,8,4392,卖盘
1194,13:28:19,5.5,0.01,1,550,买盘
1195,13:28:22,5.49,-0.01,30,16479,卖盘
1196,13:28:30,5.49,0.0,6,3296,卖盘
1197,13:29:04,5.5,0.01,1,550,卖盘
1198,13:29:06,5.5,0.0,50,27500,卖盘
1199,13:29:09,5.5,0.0,19,10450,卖盘
1200,13:29:12,5.51,0.01,10,5510,买盘
1201,13:29:15,5.5,-0.01,2,1100,卖盘
1202,13:29:27,5.5,0.0,70,38500,卖盘
1203,13:29:30,5.51,0.01,13,7163,买盘
1204,13:29:42,5.51,0.0,20,11020,买盘
1205,13:29:48,5.51,0.0,32,17632,买盘
1206,13:30:00,5.51,0.0,22,12122,卖盘
1207,13:30:15,5.51,0.0,9,4959,买盘
1208,13:30:30,5.51,0.0,16,8816,卖盘
1209,13:30:36,5.52,0.01,2,1104,买盘
1210,13:30:39,5.52,0.0,20,11040,买盘
1211,13:30:45,5.52,0.0,8,4416,买盘
1212,13:31:04,5.52,0.0,75,41400,买盘
1213,13:31:42,5.52,0.0,5,2760,买盘
1214,13:31:45,5.52,0.0,7,3864,买盘
1215,13:31:55,5.52,0.0,50,27600,买盘
1216,13:31:57,5.51,-0.01,44,24246,卖盘
1217,13:32:21,5.52,0.01,3,1656,买盘
1218,13:32:24,5.51,-0.01,1,551,卖盘
1219,13:32:30,5.51,0.0,15,8265,卖盘
1220,13:32:36,5.52,0.01,10,5520,买盘
1221,13:32:57,5.51,-0.01,10,5510,卖盘
1222,13:33:36,5.52,0.01,10,5520,买盘
1223,13:33:42,5.51,-0.01,90,49670,卖盘
1224,13:33:45,5.52,0.01,32,17637,买盘
1225,13:34:06,5.52,0.0,25,13800,买盘
1226,13:34:12,5.52,0.0,2,1104,买盘
1227,13:34:18,5.52,0.0,10,5520,买盘
1228,13:34:21,5.52,0.0,5,2760,买盘
1229,13:34:27,5.52,0.0,6,3312,买盘
1230,13:34:33,5.52,0.0,1,552,买盘
1231,13:34:39,5.52,0.0,20,11040,买盘
1232,13:34:48,5.52,0.0,2,1104,买盘
1233,13:34:54,5.52,0.0,22,12144,买盘
1234,13:35:00,5.52,0.0,36,19872,买盘
1235,13:35:30,5.52,0.0,120,66240,卖盘
1236,13:35:33,5.51,-0.01,38,20938,卖盘
1237,13:35:49,5.52,0.01,54,29808,买盘
1238,13:35:52,5.51,-0.01,30,16530,卖盘
1239,13:35:54,5.49,-0.02,468,257652,卖盘
1240,13:35:57,5.52,0.03,2,1104,买盘
1241,13:36:09,5.51,-0.01,20,11020,买盘
1242,13:36:24,5.5,-0.01,14,7700,卖盘
1243,13:36:27,5.5,0.0,37,20350,买盘
1244,13:36:30,5.5,0.0,3,1649,买盘
1245,13:36:36,5.49,-0.01,10,5490,卖盘
1246,13:36:39,5.49,0.0,2,1098,卖盘
1247,13:36:45,5.5,0.01,47,25850,买盘
1248,13:36:51,5.5,0.0,5,2750,卖盘
1249,13:36:57,5.5,0.0,1,550,卖盘
1250,13:37:03,5.5,0.0,79,43450,卖盘
1251,13:37:06,5.5,0.0,30,16500,卖盘
1252,13:37:09,5.51,0.01,3,1653,买盘
1253,13:37:15,5.51,0.0,19,10460,买盘
1254,13:37:36,5.5,-0.01,20,11000,卖盘
1255,13:37:42,5.5,0.0,6,3300,卖盘
1256,13:37:45,5.5,0.0,30,16500,卖盘
1257,13:37:54,5.5,0.0,15,8250,卖盘
1258,13:38:15,5.51,0.01,20,11020,买盘
1259,13:38:21,5.51,0.0,112,61712,买盘
1260,13:38:28,5.51,0.0,28,15428,卖盘
1261,13:38:30,5.5,-0.01,34,18720,卖盘
1262,13:38:39,5.5,0.0,4,2200,买盘
1263,13:38:51,5.5,0.0,30,16500,买盘
1264,13:39:01,5.5,0.0,14,7700,买盘
1265,13:39:39,5.5,0.0,30,16500,卖盘
1266,13:39:45,5.5,0.0,16,8800,卖盘
1267,13:40:00,5.5,0.0,7,3850,卖盘
1268,13:40:03,5.5,0.0,3,1650,卖盘
1269,13:40:12,5.51,0.01,2,1102,买盘
1270,13:40:16,5.51,0.0,38,20938,卖盘
1271,13:40:27,5.5,-0.01,12,6600,卖盘
1272,13:40:30,5.51,0.01,1,551,买盘
1273,13:41:04,5.51,0.0,102,56102,买盘
1274,13:41:06,5.51,0.0,10,5510,买盘
1275,13:41:09,5.51,0.0,1,551,卖盘
1276,13:41:45,5.51,0.0,5,2755,卖盘
1277,13:41:57,5.51,0.0,12,6612,卖盘
1278,13:42:24,5.51,0.0,31,17081,卖盘
1279,13:42:33,5.51,0.0,1,551,卖盘
1280,13:42:36,5.51,0.0,2,1102,卖盘
1281,13:42:54,5.51,0.0,10,5510,卖盘
1282,13:43:00,5.51,0.0,1,551,卖盘
1283,13:43:10,5.51,0.0,1,551,卖盘
1284,13:43:12,5.51,0.0,9,4959,卖盘
1285,13:43:15,5.51,0.0,46,25346,卖盘
1286,13:43:39,5.51,0.0,15,8265,卖盘
1287,13:43:49,5.51,0.0,34,18734,卖盘
1288,13:44:00,5.51,0.0,1,551,卖盘
1289,13:44:12,5.51,0.0,1,551,卖盘
1290,13:44:18,5.51,0.0,5,2755,卖盘
1291,13:44:24,5.51,0.0,2,1102,卖盘
1292,13:44:28,5.52,0.01,88,48536,买盘
1293,13:44:31,5.51,-0.01,1,551,卖盘
1294,13:45:00,5.51,0.0,18,9918,卖盘
1295,13:45:03,5.51,0.0,6,3306,卖盘
1296,13:45:06,5.51,0.0,1,551,卖盘
1297,13:45:27,5.51,0.0,64,35264,卖盘
1298,13:45:39,5.51,0.0,27,14877,卖盘
1299,13:45:51,5.51,0.0,32,17632,卖盘
1300,13:46:18,5.52,0.01,8,4416,买盘
1301,13:46:48,5.51,-0.01,2,1102,卖盘
1302,13:47:21,5.51,0.0,133,73283,卖盘
1303,13:47:24,5.51,0.0,1,551,买盘
1304,13:47:42,5.5,-0.01,2,1100,卖盘
1305,13:47:57,5.51,0.01,6,3306,买盘
1306,13:48:24,5.51,0.0,4,2204,买盘
1307,13:48:33,5.5,-0.01,2,1100,卖盘
1308,13:48:36,5.5,0.0,26,14300,卖盘
1309,13:49:00,5.51,0.01,10,5510,买盘
1310,13:49:06,5.51,0.0,3,1653,买盘
1311,13:49:09,5.5,-0.01,8,4400,卖盘
1312,13:49:34,5.5,0.0,2,1100,卖盘
1313,13:49:36,5.51,0.01,1,551,买盘
1314,13:49:39,5.5,-0.01,37,20350,卖盘
1315,13:49:45,5.5,0.0,10,5500,卖盘
1316,13:50:15,5.51,0.01,69,38019,买盘
1317,13:50:51,5.51,0.0,10,5510,买盘
1318,13:51:15,5.5,-0.01,20,11000,卖盘
1319,13:51:39,5.51,0.01,8,4408,买盘
1320,13:52:00,5.51,0.0,5,2755,卖盘
1321,13:52:06,5.52,0.01,16,8831,买盘
1322,13:52:15,5.52,0.0,4,2208,买盘
1323,13:52:49,5.52,0.0,2,1104,买盘
1324,13:52:52,5.51,-0.01,4,2204,卖盘
1325,13:53:00,5.51,0.0,7,3857,卖盘
1326,13:53:21,5.51,0.0,21,11571,卖盘
1327,13:53:57,5.52,0.01,8,4416,买盘
1328,13:54:10,5.52,0.0,10,5520,买盘
1329,13:54:16,5.52,0.0,42,23184,买盘
1330,13:54:18,5.52,0.0,4,2208,买盘
1331,13:54:48,5.52,0.0,582,321264,买盘
1332,13:54:51,5.52,0.0,19,10488,买盘
1333,13:54:54,5.52,0.0,521,287592,买盘
1334,13:54:57,5.52,0.0,8,4416,买盘
1335,13:55:00,5.52,0.0,58,32016,买盘
1336,13:55:03,5.52,0.0,2,1104,买盘
1337,13:55:12,5.52,0.0,8,4416,买盘
1338,13:55:33,5.53,0.01,15,8295,买盘
1339,13:55:39,5.52,-0.01,2,1104,卖盘
1340,13:55:42,5.53,0.01,326,180278,买盘
1341,13:55:45,5.52,-0.01,66,36432,卖盘
1342,13:57:36,5.53,0.01,50,27650,买盘
1343,13:57:51,5.53,0.0,11,6083,买盘
1344,13:58:06,5.53,0.0,6,3318,买盘
1345,13:58:09,5.53,0.0,7,3871,买盘
1346,13:58:21,5.53,0.0,10,5530,买盘
1347,13:58:24,5.53,0.0,60,33180,买盘
1348,13:58:28,5.53,0.0,38,21014,买盘
1349,13:58:30,5.53,0.0,9,4977,买盘
1350,13:58:36,5.52,-0.01,86,47472,卖盘
1351,13:58:39,5.53,0.01,20,11060,买盘
1352,13:58:45,5.53,0.0,37,20461,买盘
1353,13:58:48,5.53,0.0,3,1659,买盘
1354,13:58:51,5.53,0.0,60,33180,买盘
1355,13:58:54,5.53,0.0,41,22673,买盘
1356,13:59:12,5.54,0.01,100,55400,买盘
1357,13:59:24,5.54,0.0,6,3324,买盘
1358,14:00:00,5.53,-0.01,91,50336,卖盘
1359,14:00:21,5.53,0.0,17,9401,买盘
1360,14:00:45,5.53,0.0,10,5530,买盘
1361,14:01:30,5.53,0.0,1,553,买盘
1362,14:02:15,5.53,0.0,31,17143,买盘
1363,14:03:04,5.52,-0.01,10,5520,卖盘
1364,14:03:06,5.53,0.01,73,40369,买盘
1365,14:03:39,5.52,-0.01,1,552,卖盘
1366,14:03:48,5.53,0.01,18,9954,买盘
1367,14:03:52,5.52,-0.01,37,20424,卖盘
1368,14:03:54,5.52,0.0,269,148488,卖盘
1369,14:04:06,5.51,-0.01,30,16530,卖盘
1370,14:04:12,5.51,0.0,17,9367,卖盘
1371,14:04:15,5.51,0.0,57,31407,卖盘
1372,14:04:36,5.52,0.01,19,10488,买盘
1373,14:04:42,5.52,0.0,1,552,买盘
1374,14:05:09,5.51,-0.01,1,551,卖盘
1375,14:05:16,5.51,0.0,229,126179,卖盘
1376,14:05:24,5.52,0.01,45,24840,买盘
1377,14:05:27,5.52,0.0,91,50232,买盘
1378,14:05:39,5.51,-0.01,3,1653,卖盘
1379,14:05:54,5.51,0.0,120,66120,卖盘
1380,14:06:06,5.51,0.0,20,11020,买盘
1381,14:06:18,5.51,0.0,28,15428,买盘
1382,14:06:57,5.51,0.0,36,19836,买盘
1383,14:07:19,5.5,-0.01,1,550,卖盘
1384,14:07:22,5.51,0.01,10,5510,买盘
1385,14:07:24,5.51,0.0,5,2755,卖盘
1386,14:07:27,5.51,0.0,32,17632,卖盘
1387,14:07:30,5.51,0.0,39,21489,卖盘
1388,14:07:36,5.51,0.0,5,2755,买盘
1389,14:07:52,5.5,-0.01,200,110000,卖盘
1390,14:07:57,5.5,0.0,21,11550,卖盘
1391,14:08:01,5.5,0.0,87,47850,卖盘
1392,14:08:15,5.49,-0.01,9,4941,卖盘
1393,14:08:19,5.49,0.0,599,328851,卖盘
1394,14:08:36,5.49,0.0,2,1098,买盘
1395,14:08:42,5.49,0.0,5,2745,买盘
1396,14:08:48,5.48,-0.01,235,128780,卖盘
1397,14:09:00,5.48,0.0,2,1096,卖盘
1398,14:09:06,5.46,-0.02,3879,2120367,卖盘
1399,14:09:16,5.46,0.0,14,7644,卖盘
1400,14:09:19,5.45,-0.01,532,290193,卖盘
1401,14:09:22,5.45,0.0,40,21820,卖盘
1402,14:09:27,5.45,0.0,9,4905,卖盘
1403,14:09:33,5.45,0.0,39,21260,卖盘
1404,14:09:36,5.46,0.01,5,2730,买盘
1405,14:09:39,5.45,-0.01,17,9265,卖盘
1406,14:09:49,5.46,0.01,23,12558,买盘
1407,14:09:58,5.46,0.0,30,16380,卖盘
1408,14:10:01,5.46,0.0,28,15288,卖盘
1409,14:10:06,5.46,0.0,6,3276,买盘
1410,14:10:09,5.46,0.0,35,19110,买盘
1411,14:10:15,5.46,0.0,4,2183,买盘
1412,14:10:21,5.46,0.0,5,2730,买盘
1413,14:10:24,5.46,0.0,3,1638,卖盘
1414,14:10:27,5.47,0.01,6,3279,买盘
1415,14:10:33,5.46,-0.01,5,2730,买盘
1416,14:10:39,5.46,0.0,22,11995,买盘
1417,14:10:42,5.45,-0.01,9,4906,卖盘
1418,14:10:45,5.45,0.0,1,545,卖盘
1419,14:10:49,5.46,0.01,5,2730,买盘
1420,14:10:58,5.45,-0.01,10,5450,卖盘
1421,14:11:00,5.45,0.0,100,54500,卖盘
1422,14:11:03,5.46,0.01,4,2184,卖盘
1423,14:11:09,5.46,0.0,6,3276,买盘
1424,14:11:12,5.46,0.0,10,5460,买盘
1425,14:11:18,5.46,0.0,3,1638,买盘
1426,14:11:21,5.46,0.0,15,8190,买盘
1427,14:11:24,5.46,0.0,10,5460,买盘
1428,14:11:31,5.46,0.0,47,25662,卖盘
1429,14:11:33,5.45,-0.01,11,5995,卖盘
1430,14:11:36,5.46,0.01,18,9828,买盘
1431,14:11:54,5.46,0.0,15,8190,卖盘
1432,14:11:57,5.46,0.0,15,8190,卖盘
1433,14:12:06,5.47,0.01,10,5470,买盘
1434,14:12:12,5.47,0.0,9,4923,买盘
1435,14:12:15,5.47,0.0,50,27350,买盘
1436,14:12:21,5.47,0.0,3,1641,买盘
1437,14:12:24,5.47,0.0,25,13651,买盘
1438,14:12:30,5.47,0.0,10,5470,买盘
1439,14:12:36,5.47,0.0,1,547,买盘
1440,14:12:57,5.47,0.0,1,547,买盘
1441,14:13:21,5.47,0.0,7,3829,买盘
1442,14:13:39,5.47,0.0,38,20786,买盘
1443,14:13:42,5.47,0.0,37,20239,买盘
1444,14:13:48,5.47,0.0,2,1094,买盘
1445,14:13:57,5.47,0.0,3,1641,买盘
1446,14:14:07,5.47,0.0,4,2188,买盘
1447,14:14:18,5.47,0.0,5,2735,买盘
1448,14:14:21,5.47,0.0,49,26803,买盘
1449,14:14:33,5.47,0.0,1,547,卖盘
1450,14:14:36,5.46,-0.01,21,11476,卖盘
1451,14:14:51,5.47,0.01,9,4923,卖盘
1452,14:14:54,5.47,0.0,16,8752,卖盘
1453,14:14:57,5.48,0.01,100,54800,买盘
1454,14:15:01,5.47,-0.01,1,547,卖盘
1455,14:15:06,5.47,0.0,2,1094,卖盘
1456,14:15:21,5.48,0.01,20,10960,买盘
1457,14:15:24,5.47,-0.01,12,6564,卖盘
1458,14:15:27,5.47,0.0,10,5470,卖盘
1459,14:15:30,5.47,0.0,141,77127,卖盘
1460,14:16:12,5.46,-0.01,3,1638,卖盘
1461,14:16:24,5.46,0.0,31,16926,卖盘
1462,14:16:42,5.46,0.0,45,24570,卖盘
1463,14:16:45,5.47,0.01,15,8205,买盘
1464,14:16:48,5.46,-0.01,35,19044,卖盘
1465,14:16:51,5.47,0.01,10,5470,买盘
1466,14:16:54,5.46,-0.01,60,32760,卖盘
1467,14:16:57,5.47,0.01,4,2188,买盘
1468,14:17:24,5.47,0.0,5,2735,买盘
1469,14:17:27,5.47,0.0,6,3282,买盘
1470,14:17:42,5.46,-0.01,45,24570,卖盘
1471,14:17:45,5.47,0.01,5,2735,买盘
1472,14:17:54,5.47,0.0,32,17504,买盘
1473,14:18:06,5.46,-0.01,1,546,卖盘
1474,14:18:12,5.47,0.01,34,18598,买盘
1475,14:18:27,5.48,0.01,542,297016,买盘
1476,14:18:42,5.49,0.01,7,3843,买盘
1477,14:18:57,5.49,0.0,6,3294,买盘
1478,14:19:03,5.5,0.01,32,17600,买盘
1479,14:19:09,5.5,0.0,53,29150,卖盘
1480,14:19:12,5.51,0.01,100,55086,买盘
1481,14:19:27,5.51,0.0,9,4959,买盘
1482,14:19:34,5.51,0.0,30,16530,买盘
1483,14:19:45,5.5,-0.01,5,2750,卖盘
1484,14:19:54,5.51,0.01,5,2755,买盘
1485,14:20:04,5.51,0.0,10,5510,买盘
1486,14:20:09,5.51,0.0,6,3306,买盘
1487,14:20:12,5.5,-0.01,90,49500,卖盘
1488,14:20:18,5.5,0.0,19,10450,卖盘
1489,14:20:31,5.5,0.0,8,4400,买盘
1490,14:20:34,5.49,-0.01,1,549,卖盘
1491,14:21:00,5.49,0.0,57,31293,卖盘
1492,14:21:06,5.49,0.0,57,31293,卖盘
1493,14:21:28,5.48,-0.01,15,8220,卖盘
1494,14:21:51,5.49,0.01,15,8235,买盘
1495,14:22:06,5.48,-0.01,5,2740,卖盘
1496,14:22:15,5.48,0.0,85,46580,卖盘
1497,14:22:28,5.48,0.0,5,2740,卖盘
1498,14:22:33,5.48,0.0,1,548,卖盘
1499,14:22:42,5.48,0.0,20,10960,卖盘
1500,14:23:04,5.48,0.0,8,4384,卖盘
1501,14:23:36,5.49,0.01,24,13176,买盘
1502,14:23:42,5.49,0.0,33,18117,买盘
1503,14:23:51,5.49,0.0,2,1098,卖盘
1504,14:23:57,5.5,0.01,9,4950,买盘
1505,14:24:12,5.49,-0.01,5,2745,卖盘
1506,14:24:42,5.5,0.01,10,5500,买盘
1507,14:24:51,5.49,-0.01,42,23058,卖盘
1508,14:24:57,5.49,0.0,21,11529,卖盘
1509,14:25:04,5.5,0.01,14,7700,买盘
1510,14:25:15,5.5,0.0,4,2200,买盘
1511,14:25:30,5.5,0.0,39,21450,买盘
1512,14:25:37,5.5,0.0,18,9900,买盘
1513,14:25:52,5.49,-0.01,50,27450,卖盘
1514,14:26:00,5.5,0.01,100,55000,买盘
1515,14:26:03,5.5,0.0,7,3850,买盘
1516,14:26:06,5.49,-0.01,19,10431,卖盘
1517,14:26:18,5.5,0.01,2,1100,买盘
1518,14:26:21,5.5,0.0,3,1650,买盘
1519,14:26:30,5.5,0.0,81,44550,买盘
1520,14:26:39,5.5,0.0,5,2750,买盘
1521,14:26:54,5.5,0.0,20,11000,买盘
1522,14:27:09,5.49,-0.01,1,549,卖盘
1523,14:27:15,5.49,0.0,7,3843,卖盘
1524,14:27:21,5.49,0.0,29,15921,卖盘
1525,14:27:24,5.49,0.0,7,3843,卖盘
1526,14:27:49,5.48,-0.01,412,225953,卖盘
1527,14:28:03,5.49,0.01,5,2745,买盘
1528,14:28:15,5.48,-0.01,1,548,卖盘
1529,14:28:36,5.48,0.0,1,548,卖盘
1530,14:28:48,5.48,0.0,22,12056,卖盘
1531,14:29:37,5.48,0.0,2,1096,卖盘
1532,14:29:45,5.48,0.0,2,1096,卖盘
1533,14:29:54,5.49,0.01,366,200621,买盘
1534,14:29:57,5.47,-0.02,7,3832,卖盘
1535,14:30:07,5.48,0.01,5,2740,买盘
1536,14:30:30,5.48,0.0,3,1644,买盘
1537,14:30:42,5.48,0.0,48,26304,卖盘
1538,14:31:00,5.48,0.0,34,18632,买盘
1539,14:31:04,5.48,0.0,17,9316,买盘
1540,14:31:06,5.48,0.0,2,1096,卖盘
1541,14:31:16,5.48,0.0,9,4932,卖盘
1542,14:31:18,5.48,0.0,24,13152,卖盘
1543,14:31:24,5.47,-0.01,144,78768,卖盘
1544,14:31:30,5.48,0.01,157,86036,买盘
1545,14:31:33,5.49,0.01,52,28548,买盘
1546,14:31:39,5.48,-0.01,80,43840,卖盘
1547,14:31:42,5.49,0.01,3,1647,买盘
1548,14:31:54,5.49,0.0,10,5490,买盘
1549,14:31:57,5.49,0.0,17,9333,买盘
1550,14:33:10,5.49,0.0,141,77409,卖盘
1551,14:33:33,5.49,0.0,3,1647,买盘
1552,14:33:40,5.49,0.0,6,3294,买盘
1553,14:34:06,5.47,-0.02,3,1642,卖盘
1554,14:34:12,5.49,0.02,54,29646,买盘
1555,14:34:15,5.48,-0.01,5,2740,卖盘
1556,14:34:18,5.48,0.0,19,10412,卖盘
1557,14:35:06,5.48,0.0,4,2192,买盘
1558,14:35:33,5.49,0.01,4,2196,买盘
1559,14:35:46,5.49,0.0,2,1098,买盘
1560,14:35:54,5.49,0.0,125,68625,买盘
1561,14:36:06,5.49,0.0,53,29097,买盘
1562,14:36:21,5.5,0.01,10,5500,买盘
1563,14:36:27,5.49,-0.01,89,48861,卖盘
1564,14:36:30,5.49,0.0,18,9880,买盘
1565,14:37:03,5.49,0.0,35,19215,买盘
1566,14:37:09,5.5,0.01,35,19250,买盘
1567,14:37:15,5.5,0.0,20,11000,买盘
1568,14:37:24,5.5,0.0,2,1100,买盘
1569,14:37:45,5.5,0.0,5,2750,买盘
1570,14:38:04,5.5,0.0,33,18150,买盘
1571,14:38:27,5.49,-0.01,20,10980,卖盘
1572,14:38:48,5.49,0.0,168,92232,卖盘
1573,14:39:09,5.49,0.0,2,1098,买盘
1574,14:39:42,5.49,0.0,6,3294,买盘
1575,14:39:45,5.49,0.0,6,3294,卖盘
1576,14:39:55,5.49,0.0,10,5490,买盘
1577,14:40:09,5.49,0.0,5,2745,买盘
1578,14:40:13,5.48,-0.01,19,10412,卖盘
1579,14:40:16,5.49,0.01,8,4392,买盘
1580,14:40:27,5.48,-0.01,1,548,卖盘
1581,14:41:00,5.48,0.0,45,24672,卖盘
1582,14:41:04,5.49,0.01,47,25803,买盘
1583,14:41:09,5.49,0.0,30,16470,卖盘
1584,14:41:19,5.49,0.0,25,13725,卖盘
1585,14:41:28,5.49,0.0,60,32940,买盘
1586,14:41:48,5.49,0.0,14,7686,买盘
1587,14:42:06,5.49,0.0,6,3294,卖盘
1588,14:42:09,5.48,-0.01,272,149056,卖盘
1589,14:42:12,5.48,0.0,23,12604,买盘
1590,14:42:15,5.49,0.01,300,164403,买盘
1591,14:42:21,5.49,0.0,8,4392,买盘
1592,14:42:42,5.49,0.0,470,257817,买盘
1593,14:43:04,5.49,0.0,7,3843,买盘
1594,14:43:10,5.48,-0.01,7,3836,卖盘
1595,14:43:12,5.48,0.0,1,548,卖盘
1596,14:43:25,5.49,0.01,9,4941,买盘
1597,14:43:43,5.49,0.0,5,2745,买盘
1598,14:43:46,5.49,0.0,2,1098,买盘
1599,14:44:01,5.49,0.0,65,35685,买盘
1600,14:44:15,5.48,-0.01,3,1644,卖盘
1601,14:44:31,5.48,0.0,150,82200,卖盘
1602,14:44:43,5.48,0.0,3,1644,卖盘
1603,14:44:48,5.48,0.0,35,19180,卖盘
1604,14:44:54,5.48,0.0,50,27400,买盘
1605,14:45:04,5.47,-0.01,362,198014,卖盘
1606,14:45:12,5.48,0.01,17,9316,买盘
1607,14:45:16,5.47,-0.01,7,3829,卖盘
1608,14:45:19,5.48,0.01,6,3288,买盘
1609,14:45:21,5.47,-0.01,27,14769,卖盘
1610,14:45:31,5.47,0.0,61,33367,卖盘
1611,14:45:36,5.48,0.01,112,61376,买盘
1612,14:45:39,5.47,-0.01,4,2188,卖盘
1613,14:45:46,5.47,0.0,4,2188,卖盘
1614,14:45:52,5.47,0.0,1,547,卖盘
1615,14:46:01,5.46,-0.01,91,49735,卖盘
1616,14:46:10,5.46,0.0,42,22932,卖盘
1617,14:46:16,5.46,0.0,30,16380,卖盘
1618,14:46:19,5.46,0.0,55,30030,卖盘
1619,14:46:21,5.46,0.0,13,7102,卖盘
1620,14:46:42,5.46,0.0,8,4368,卖盘
1621,14:46:45,5.46,0.0,21,11466,卖盘
1622,14:46:49,5.46,0.0,17,9282,卖盘
1623,14:46:51,5.47,0.01,10,5470,买盘
1624,14:46:57,5.45,-0.02,1300,708885,卖盘
1625,14:47:01,5.47,0.02,9,4923,买盘
1626,14:47:04,5.45,-0.02,77,42183,卖盘
1627,14:47:07,5.45,0.0,1,545,买盘
1628,14:47:12,5.46,0.01,49,26513,买盘
1629,14:47:19,5.44,-0.02,40,21801,卖盘
1630,14:47:34,5.45,0.01,10,5450,卖盘
1631,14:47:37,5.45,0.0,16,8720,买盘
1632,14:47:42,5.45,0.0,1,545,买盘
1633,14:47:45,5.45,0.0,28,15260,买盘
1634,14:47:49,5.45,0.0,26,14170,卖盘
1635,14:47:52,5.44,-0.01,98,53395,卖盘
1636,14:47:54,5.46,0.02,112,61048,买盘
1637,14:47:57,5.45,-0.01,15,8175,买盘
1638,14:48:00,5.45,0.0,17,9265,买盘
1639,14:48:12,5.45,0.0,56,30520,卖盘
1640,14:48:16,5.46,0.01,59,32214,买盘
1641,14:48:24,5.46,0.0,10,5460,卖盘
1642,14:48:30,5.46,0.0,60,32760,卖盘
1643,14:48:46,5.46,0.0,104,56884,卖盘
1644,14:48:48,5.47,0.01,12,6564,买盘
1645,14:49:00,5.47,0.0,20,10940,买盘
1646,14:49:09,5.46,-0.01,29,15834,卖盘
1647,14:49:21,5.46,0.0,19,10374,买盘
1648,14:49:28,5.46,0.0,30,16380,买盘
1649,14:49:31,5.46,0.0,100,54550,买盘
1650,14:49:33,5.46,0.0,1,546,买盘
1651,14:49:42,5.46,0.0,35,19110,卖盘
1652,14:49:51,5.46,0.0,25,13650,买盘
1653,14:49:54,5.45,-0.01,24,13080,卖盘
1654,14:49:57,5.46,0.01,4,2184,买盘
1655,14:50:04,5.46,0.0,104,56784,买盘
1656,14:50:06,5.46,0.0,78,42588,卖盘
1657,14:50:10,5.46,0.0,10,5460,卖盘
1658,14:50:18,5.47,0.01,11,6007,买盘
1659,14:50:21,5.46,-0.01,5,2730,卖盘
1660,14:50:27,5.46,0.0,101,55146,卖盘
1661,14:50:33,5.47,0.01,5,2735,买盘
1662,14:50:40,5.46,-0.01,40,21840,卖盘
1663,14:50:45,5.46,0.0,269,146939,卖盘
1664,14:50:49,5.46,0.0,10,5460,卖盘
1665,14:50:51,5.46,0.0,60,32760,卖盘
1666,14:51:00,5.46,0.0,53,28938,卖盘
1667,14:51:04,5.46,0.0,8,4368,卖盘
1668,14:51:07,5.45,-0.01,25,13664,卖盘
1669,14:51:21,5.45,0.0,2,1090,卖盘
1670,14:51:24,5.45,0.0,21,11465,卖盘
1671,14:51:31,5.46,0.01,73,39858,卖盘
1672,14:51:37,5.46,0.0,32,17472,卖盘
1673,14:51:40,5.46,0.0,11,6006,买盘
1674,14:51:42,5.46,0.0,18,9828,买盘
1675,14:51:48,5.46,0.0,30,16380,买盘
1676,14:51:52,5.45,-0.01,102,55659,卖盘
1677,14:51:54,5.45,0.0,10,5457,卖盘
1678,14:52:00,5.46,0.01,2,1092,卖盘
1679,14:52:04,5.46,0.0,8,4368,卖盘
1680,14:52:07,5.45,-0.01,43,23448,卖盘
1681,14:52:09,5.45,0.0,8,4360,卖盘
1682,14:52:18,5.46,0.01,10,5460,买盘
1683,14:52:31,5.46,0.0,26,14196,买盘
1684,14:52:37,5.46,0.0,4,2184,买盘
1685,14:52:54,5.46,0.0,5,2730,买盘
1686,14:52:58,5.46,0.0,101,55146,买盘
1687,14:53:01,5.45,-0.01,9,4905,卖盘
1688,14:53:04,5.46,0.01,15,8190,买盘
1689,14:53:07,5.46,0.0,32,17472,买盘
1690,14:53:10,5.46,0.0,65,35490,卖盘
1691,14:53:13,5.45,-0.01,225,122672,卖盘
1692,14:53:15,5.46,0.01,3,1638,卖盘
1693,14:53:24,5.46,0.0,17,9282,卖盘
1694,14:53:27,5.46,0.0,10,5460,买盘
1695,14:53:34,5.46,0.0,110,60050,买盘
1696,14:53:36,5.46,0.0,55,30030,买盘
1697,14:53:40,5.47,0.01,50,27350,买盘
1698,14:53:43,5.46,-0.01,52,28392,卖盘
1699,14:53:48,5.46,0.0,41,22386,卖盘
1700,14:53:52,5.46,0.0,100,54600,卖盘
1701,14:53:57,5.47,0.01,81,44307,买盘
1702,14:54:01,5.47,0.0,102,55792,买盘
1703,14:54:10,5.47,0.0,8,4376,买盘
1704,14:54:12,5.46,-0.01,8,4368,卖盘
1705,14:54:31,5.47,0.01,102,55794,买盘
1706,14:54:33,5.47,0.0,17,9299,买盘
1707,14:54:37,5.46,-0.01,51,27846,卖盘
1708,14:54:45,5.47,0.01,75,41025,买盘
1709,14:54:57,5.47,0.0,97,53059,买盘
1710,14:55:04,5.47,0.0,4,2188,买盘
1711,14:55:16,5.47,0.0,9,4923,买盘
1712,14:55:19,5.46,-0.01,27,14742,卖盘
1713,14:55:22,5.47,0.01,12,6564,买盘
1714,14:55:25,5.47,0.0,27,14769,买盘
1715,14:55:31,5.46,-0.01,12,6552,卖盘
1716,14:55:40,5.45,-0.01,601,327846,卖盘
1717,14:55:45,5.45,0.0,47,25615,买盘
1718,14:55:49,5.45,0.0,407,221411,买盘
1719,14:55:51,5.45,0.0,5,2725,卖盘
1720,14:55:55,5.43,-0.02,407,221343,卖盘
1721,14:55:58,5.43,0.0,30,16290,买盘
1722,14:56:04,5.43,0.0,6,3258,买盘
1723,14:56:06,5.43,0.0,19,10307,买盘
1724,14:56:09,5.42,-0.01,20,10840,卖盘
1725,14:56:19,5.4,-0.02,1303,705066,卖盘
1726,14:56:22,5.4,0.0,115,62100,买盘
1727,14:56:28,5.4,0.0,9,4860,买盘
1728,14:56:34,5.4,0.0,8,4324,卖盘
1729,14:56:40,5.4,0.0,137,74179,卖盘
1730,14:56:43,5.39,-0.01,153,82668,卖盘
1731,14:56:46,5.39,0.0,63,34007,卖盘
1732,14:56:49,5.4,0.01,134,72358,买盘
1733,14:56:52,5.39,-0.01,38,20509,卖盘
1734,14:56:55,5.4,0.01,25,13495,买盘
1735,14:56:58,5.4,0.0,50,27000,买盘
1736,15:00:04,5.48,0.08,6230,3414040,卖盘
