,time,price,change,volume,amount,type
0,09:25:04,5.15,-0.03,68,35020,卖盘
1,09:30:04,5.2,0.05,20,10380,买盘
2,09:30:10,5.19,-0.01,38,19722,买盘
3,09:30:33,5.19,0.0,2,1038,卖盘
4,09:30:40,5.19,0.0,2,1038,卖盘
5,09:30:43,5.24,0.05,105,54622,买盘
6,09:30:46,5.23,-0.01,62,32426,中性盘
7,09:30:58,5.19,-0.04,21,10902,卖盘
8,09:31:01,5.22,0.03,44,22968,买盘
9,09:31:04,5.19,-0.03,101,52419,卖盘
10,09:31:16,5.19,0.0,115,59685,卖盘
11,09:31:22,5.18,-0.01,29,15041,卖盘
12,09:31:31,5.19,0.01,36,18684,买盘
13,09:31:43,5.19,0.0,16,8304,买盘
14,09:31:46,5.19,0.0,19,9861,卖盘
15,09:31:52,5.19,0.0,5,2595,买盘
16,09:31:55,5.19,0.0,38,19722,买盘
17,09:31:57,5.19,0.0,3,1557,买盘
18,09:32:04,5.19,0.0,33,17097,买盘
19,09:32:10,5.19,0.0,32,16578,买盘
20,09:32:25,5.18,-0.01,2,1036,卖盘
21,09:32:52,5.19,0.01,14,7266,买盘
22,09:33:04,5.19,0.0,2,1038,买盘
23,09:33:06,5.19,0.0,2,1038,买盘
24,09:33:09,5.19,0.0,4,2076,买盘
25,09:33:19,5.18,-0.01,50,25900,卖盘
26,09:33:22,5.18,0.0,30,15540,卖盘
27,09:33:25,5.18,0.0,24,12436,卖盘
28,09:33:28,5.18,0.0,3,1554,卖盘
29,09:33:31,5.19,0.01,50,25950,买盘
30,09:33:33,5.18,-0.01,30,15540,卖盘
31,09:33:40,5.18,0.0,23,11914,卖盘
32,09:33:46,5.2,0.02,87,45183,买盘
33,09:33:55,5.2,0.0,13,6760,卖盘
34,09:34:04,5.2,0.0,10,5200,买盘
35,09:34:06,5.21,0.01,110,57292,买盘
36,09:34:22,5.2,-0.01,1,520,买盘
37,09:34:25,5.19,-0.01,41,21279,卖盘
38,09:34:49,5.19,0.0,10,5190,买盘
39,09:34:55,5.19,0.0,17,8819,买盘
40,09:34:57,5.19,0.0,23,11937,卖盘
41,09:35:06,5.19,0.0,3,1557,卖盘
42,09:35:16,5.19,0.0,89,46191,卖盘
43,09:35:22,5.2,0.01,25,12990,买盘
44,09:35:25,5.19,-0.01,37,19203,卖盘
45,09:35:34,5.19,0.0,12,6228,卖盘
46,09:35:40,5.2,0.01,1,520,买盘
47,09:35:52,5.2,0.0,1,520,买盘
48,09:35:54,5.2,0.0,6,3120,买盘
49,09:35:58,5.19,-0.01,10,5190,卖盘
50,09:36:13,5.2,0.01,50,26000,买盘
51,09:36:28,5.2,0.0,20,10400,买盘
52,09:36:31,5.2,0.0,55,28600,买盘
53,09:36:40,5.2,0.0,217,112840,买盘
54,09:36:46,5.2,0.0,5,2600,卖盘
55,09:36:49,5.2,0.0,6,3120,卖盘
56,09:36:55,5.2,0.0,38,19760,卖盘
57,09:37:01,5.2,0.0,83,43160,卖盘
58,09:37:06,5.2,0.0,10,5200,卖盘
59,09:37:12,5.2,0.0,2,1040,买盘
60,09:37:16,5.21,0.01,50,26042,买盘
61,09:37:34,5.21,0.0,33,17193,买盘
62,09:37:43,5.21,0.0,36,18756,买盘
63,09:38:04,5.21,0.0,5,2605,卖盘
64,09:38:16,5.2,-0.01,50,26000,卖盘
65,09:38:19,5.21,0.01,5,2605,买盘
66,09:38:25,5.21,0.0,15,7815,买盘
67,09:38:28,5.2,-0.01,100,52000,卖盘
68,09:38:31,5.21,0.01,5,2605,买盘
69,09:38:39,5.21,0.0,20,10420,买盘
70,09:38:46,5.2,-0.01,50,26000,卖盘
71,09:38:52,5.2,0.0,20,10400,卖盘
72,09:39:10,5.21,0.01,3,1563,买盘
73,09:39:13,5.2,-0.01,30,15600,卖盘
74,09:39:16,5.2,0.0,1,520,卖盘
75,09:39:28,5.21,0.01,83,43173,买盘
76,09:39:30,5.21,0.0,123,64083,买盘
77,09:39:37,5.21,0.0,25,13025,卖盘
78,09:39:49,5.21,0.0,102,53224,卖盘
79,09:39:55,5.21,0.0,10,5210,卖盘
80,09:40:16,5.21,0.0,22,11462,卖盘
81,09:40:19,5.22,0.01,1,522,买盘
82,09:40:24,5.22,0.0,39,20321,买盘
83,09:40:34,5.21,-0.01,123,64083,卖盘
84,09:40:46,5.21,0.0,7,3647,买盘
85,09:40:55,5.21,0.0,10,5210,买盘
86,09:41:01,5.21,0.0,8,4168,买盘
87,09:41:04,5.21,0.0,52,27092,卖盘
88,09:41:07,5.21,0.0,10,5210,卖盘
89,09:41:16,5.21,0.0,50,26080,卖盘
90,09:41:31,5.21,0.0,2,1042,买盘
91,09:41:40,5.2,-0.01,5,2600,卖盘
92,09:41:49,5.2,0.0,1,520,卖盘
93,09:41:58,5.2,0.0,100,52000,卖盘
94,09:42:15,5.2,0.0,421,218920,卖盘
95,09:42:19,5.2,0.0,64,33280,卖盘
96,09:42:21,5.2,0.0,10,5200,买盘
97,09:42:40,5.19,-0.01,297,154143,卖盘
98,09:42:46,5.19,0.0,23,11937,卖盘
99,09:43:07,5.18,-0.01,105,54390,卖盘
100,09:43:19,5.18,0.0,9,4662,卖盘
101,09:43:24,5.18,0.0,64,33152,卖盘
102,09:43:34,5.18,0.0,10,5180,买盘
103,09:43:36,5.17,-0.01,69,35673,卖盘
104,09:43:49,5.18,0.01,2,1036,买盘
105,09:43:55,5.17,-0.01,100,51700,卖盘
106,09:44:01,5.18,0.01,12,6216,买盘
107,09:44:04,5.18,0.0,1,518,买盘
108,09:44:40,5.17,-0.01,4,2068,卖盘
109,09:44:48,5.17,0.0,11,5687,卖盘
110,09:45:04,5.18,0.01,3,1554,买盘
111,09:45:28,5.18,0.0,20,10360,买盘
112,09:45:31,5.18,0.0,1,518,卖盘
113,09:45:49,5.18,0.0,21,10878,卖盘
114,09:45:52,5.17,-0.01,78,40326,卖盘
115,09:46:04,5.18,0.01,114,59052,买盘
116,09:46:18,5.18,0.0,5,2590,买盘
117,09:46:34,5.18,0.0,4,2072,买盘
118,09:46:58,5.17,-0.01,20,10340,卖盘
119,09:47:01,5.18,0.01,6,3108,买盘
120,09:47:06,5.17,-0.01,2,1034,卖盘
121,09:47:28,5.17,0.0,155,80135,卖盘
122,09:47:55,5.16,-0.01,1,516,卖盘
123,09:48:07,5.16,0.0,437,225492,卖盘
124,09:48:22,5.15,-0.01,84,43299,卖盘
125,09:48:43,5.16,0.01,20,10320,卖盘
126,09:48:49,5.16,0.0,6,3096,买盘
127,09:48:57,5.15,-0.01,20,10300,卖盘
128,09:49:01,5.16,0.01,50,25800,买盘
129,09:49:13,5.15,-0.01,43,22145,卖盘
130,09:49:16,5.15,0.0,114,58710,卖盘
131,09:49:22,5.16,0.01,3,1548,买盘
132,09:49:24,5.16,0.0,5,2580,买盘
133,09:49:30,5.15,-0.01,1,515,卖盘
134,09:49:40,5.16,0.01,21,10836,买盘
135,09:49:43,5.15,-0.01,7,3605,卖盘
136,09:49:52,5.15,0.0,5,2575,卖盘
137,09:49:57,5.15,0.0,10,5150,卖盘
138,09:50:01,5.15,0.0,13,6695,卖盘
139,09:50:07,5.15,0.0,7,3605,卖盘
140,09:50:13,5.16,0.01,2,1032,买盘
141,09:50:19,5.16,0.0,88,45408,买盘
142,09:50:22,5.16,0.0,17,8772,买盘
143,09:50:24,5.17,0.01,5,2585,买盘
144,09:50:37,5.17,0.0,5,2585,买盘
145,09:50:39,5.17,0.0,61,31537,买盘
146,09:50:58,5.17,0.0,76,39292,中性盘
147,09:51:16,5.18,0.01,62,32116,买盘
148,09:51:31,5.17,-0.01,3,1551,卖盘
149,09:51:51,5.17,0.0,7,3619,卖盘
150,09:52:04,5.16,-0.01,40,20640,卖盘
151,09:52:55,5.16,0.0,2,1032,卖盘
152,09:54:10,5.16,0.0,41,21156,卖盘
153,09:54:34,5.16,0.0,44,22704,卖盘
154,09:54:46,5.17,0.01,10,5170,买盘
155,09:54:57,5.17,0.0,19,9823,买盘
156,09:55:00,5.17,0.0,1,517,卖盘
157,09:55:04,5.17,0.0,11,5687,买盘
158,09:55:45,5.17,0.0,10,5170,买盘
159,09:55:48,5.17,0.0,1,517,买盘
160,09:56:01,5.17,0.0,27,13959,买盘
161,09:56:13,5.17,0.0,11,5687,卖盘
162,09:56:18,5.17,0.0,3,1551,买盘
163,09:56:21,5.17,0.0,16,8272,买盘
164,09:56:33,5.18,0.01,7,3626,买盘
165,09:56:42,5.18,0.0,5,2590,买盘
166,09:56:52,5.16,-0.02,50,25822,卖盘
167,09:57:09,5.17,0.01,10,5170,买盘
168,09:57:22,5.16,-0.01,8,4128,卖盘
169,09:57:37,5.16,0.0,8,4128,卖盘
170,09:57:58,5.16,0.0,49,25284,卖盘
171,09:58:16,5.16,0.0,1,516,卖盘
172,09:58:27,5.16,0.0,1,516,卖盘
173,09:59:16,5.16,0.0,6,3096,卖盘
174,09:59:19,5.17,0.01,30,15510,买盘
175,10:00:10,5.17,0.0,1,517,买盘
176,10:00:18,5.17,0.0,50,25850,买盘
177,10:00:25,5.17,0.0,63,32571,买盘
178,10:00:40,5.17,0.0,100,51700,卖盘
179,10:00:58,5.18,0.01,181,93758,买盘
180,10:01:01,5.18,0.0,19,9842,卖盘
181,10:01:09,5.18,0.0,7,3626,买盘
182,10:01:19,5.18,0.0,28,14488,买盘
183,10:01:40,5.18,0.0,50,25900,买盘
184,10:02:04,5.18,0.0,25,12950,买盘
185,10:02:21,5.18,0.0,5,2590,买盘
186,10:02:31,5.18,0.0,50,25900,买盘
187,10:03:18,5.18,0.0,5,2590,买盘
188,10:03:28,5.17,-0.01,2,1034,卖盘
189,10:03:55,5.18,0.01,3,1554,买盘
190,10:04:12,5.17,-0.01,28,14476,卖盘
191,10:04:18,5.18,0.01,40,20711,买盘
192,10:04:39,5.16,-0.02,50,25800,卖盘
193,10:05:00,5.16,0.0,40,20640,卖盘
194,10:05:52,5.16,0.0,1,516,卖盘
195,10:05:55,5.17,0.01,79,40843,买盘
196,10:06:30,5.17,0.0,18,9306,卖盘
197,10:06:36,5.17,0.0,13,6721,卖盘
198,10:06:40,5.17,0.0,33,17061,买盘
199,10:08:36,5.16,-0.01,2,1032,卖盘
200,10:09:01,5.16,0.0,1,516,卖盘
201,10:09:52,5.16,0.0,10,5160,卖盘
202,10:10:18,5.16,0.0,4,2064,卖盘
203,10:10:45,5.16,0.0,153,78948,卖盘
204,10:10:48,5.16,0.0,50,25800,卖盘
205,10:11:09,5.16,0.0,170,87720,卖盘
206,10:11:12,5.16,0.0,72,37152,卖盘
207,10:11:16,5.16,0.0,20,10320,卖盘
208,10:11:19,5.16,0.0,50,25800,卖盘
209,10:11:34,5.16,0.0,10,5160,卖盘
210,10:12:13,5.16,0.0,5,2580,卖盘
211,10:12:31,5.16,0.0,42,21672,卖盘
212,10:13:01,5.15,-0.01,3,1545,卖盘
213,10:13:06,5.16,0.01,17,8772,买盘
214,10:13:24,5.15,-0.01,100,51500,卖盘
215,10:13:51,5.15,0.0,100,51500,卖盘
216,10:14:09,5.16,0.01,96,49496,买盘
217,10:14:27,5.16,0.0,5,2580,卖盘
218,10:14:57,5.17,0.01,1,517,买盘
219,10:16:39,5.16,-0.01,65,33540,卖盘
220,10:16:52,5.16,0.0,4,2064,卖盘
221,10:17:04,5.16,0.0,118,60888,卖盘
222,10:17:07,5.16,0.0,2,1032,卖盘
223,10:17:15,5.17,0.01,5,2585,买盘
224,10:18:04,5.16,-0.01,8,4128,卖盘
225,10:18:21,5.17,0.01,100,51700,买盘
226,10:18:28,5.16,-0.01,29,14964,卖盘
227,10:18:39,5.16,0.0,25,12900,卖盘
228,10:19:42,5.17,0.01,2,1034,买盘
229,10:20:00,5.16,-0.01,50,25800,卖盘
230,10:20:18,5.17,0.01,19,9823,买盘
231,10:20:48,5.16,-0.01,9,4644,卖盘
232,10:21:15,5.16,0.0,21,10836,卖盘
233,10:21:31,5.16,0.0,33,17056,卖盘
234,10:21:36,5.16,0.0,20,10320,卖盘
235,10:22:33,5.16,0.0,5,2580,卖盘
236,10:23:04,5.15,-0.01,4,2060,卖盘
237,10:23:25,5.15,0.0,231,118965,卖盘
238,10:23:55,5.15,0.0,10,5150,买盘
239,10:23:58,5.14,-0.01,4,2056,卖盘
240,10:24:00,5.14,0.0,13,6682,卖盘
241,10:24:04,5.14,0.0,211,108454,卖盘
242,10:24:12,5.14,0.0,72,37008,卖盘
243,10:24:16,5.13,-0.01,567,290871,卖盘
244,10:24:22,5.13,0.0,1,513,卖盘
245,10:24:25,5.14,0.01,10,5140,买盘
246,10:24:45,5.15,0.01,229,117880,买盘
247,10:24:57,5.15,0.0,50,25750,卖盘
248,10:25:12,5.15,0.0,19,9785,卖盘
249,10:25:18,5.15,0.0,24,12376,卖盘
250,10:25:30,5.15,0.0,6,3090,卖盘
251,10:25:36,5.15,0.0,55,28325,卖盘
252,10:25:45,5.15,0.0,13,6695,卖盘
253,10:27:00,5.15,0.0,46,23690,卖盘
254,10:27:07,5.17,0.02,210,108432,买盘
255,10:27:51,5.17,0.0,10,5170,买盘
256,10:28:00,5.15,-0.02,3,1545,卖盘
257,10:28:10,5.15,0.0,30,15450,卖盘
258,10:28:12,5.17,0.02,292,150935,买盘
259,10:28:21,5.17,0.0,19,9823,卖盘
260,10:28:24,5.17,0.0,130,67210,卖盘
261,10:29:45,5.15,-0.02,187,96305,卖盘
262,10:29:54,5.18,0.03,2,1036,买盘
263,10:30:06,5.18,0.0,20,10360,买盘
264,10:30:52,5.17,-0.01,46,23759,买盘
265,10:31:00,5.15,-0.02,3,1545,卖盘
266,10:31:36,5.18,0.03,5,2590,买盘
267,10:32:27,5.18,0.0,4,2072,买盘
268,10:32:30,5.18,0.0,10,5180,买盘
269,10:32:51,5.18,0.0,18,9320,买盘
270,10:33:04,5.16,-0.02,4,2064,卖盘
271,10:33:42,5.18,0.02,24,12432,买盘
272,10:33:52,5.16,-0.02,4,2064,卖盘
273,10:34:18,5.18,0.02,20,10360,买盘
274,10:34:30,5.18,0.0,32,16576,买盘
275,10:34:39,5.19,0.01,35,18146,买盘
276,10:34:48,5.17,-0.02,11,5687,卖盘
277,10:34:51,5.17,0.0,59,30503,买盘
278,10:35:15,5.18,0.01,10,5180,卖盘
279,10:35:45,5.19,0.01,6,3114,买盘
280,10:36:30,5.18,-0.01,3,1554,卖盘
281,10:36:33,5.18,0.0,62,32116,卖盘
282,10:36:48,5.18,0.0,3,1554,买盘
283,10:37:04,5.18,0.0,25,12950,买盘
284,10:37:18,5.17,-0.01,10,5170,卖盘
285,10:37:42,5.19,0.02,30,15550,买盘
286,10:37:54,5.19,0.0,200,103700,买盘
287,10:37:57,5.18,-0.01,2,1036,买盘
288,10:38:04,5.17,-0.01,3,1551,卖盘
289,10:38:18,5.18,0.01,4,2072,卖盘
290,10:38:39,5.17,-0.01,3,1551,卖盘
291,10:39:45,5.18,0.01,1,518,卖盘
292,10:41:24,5.17,-0.01,49,25333,卖盘
293,10:42:51,5.18,0.01,38,19684,买盘
294,10:43:00,5.17,-0.01,4,2068,卖盘
295,10:43:22,5.17,0.0,40,20680,卖盘
296,10:43:42,5.17,0.0,104,53768,卖盘
297,10:43:57,5.17,0.0,300,155100,卖盘
298,10:45:30,5.16,-0.01,1,516,卖盘
299,10:47:42,5.16,0.0,10,5160,卖盘
300,10:48:04,5.16,0.0,3,1548,卖盘
301,10:48:48,5.16,0.0,235,121260,卖盘
302,10:49:13,5.16,0.0,39,20124,卖盘
303,10:49:30,5.16,0.0,5,2580,卖盘
304,10:49:45,5.16,0.0,35,18060,卖盘
305,10:50:18,5.16,0.0,11,5676,卖盘
306,10:50:27,5.16,0.0,4,2064,卖盘
307,10:50:40,5.16,0.0,6,3096,买盘
308,10:51:06,5.16,0.0,2,1032,买盘
309,10:51:33,5.16,0.0,32,16512,买盘
310,10:52:27,5.15,-0.01,20,10300,卖盘
311,10:52:33,5.16,0.01,15,7740,买盘
312,10:52:36,5.15,-0.01,50,25750,卖盘
313,10:53:04,5.15,0.0,4,2060,卖盘
314,10:53:27,5.15,0.0,50,25750,卖盘
315,10:54:18,5.15,0.0,9,4635,卖盘
316,10:54:33,5.15,0.0,6,3090,卖盘
317,10:54:42,5.15,0.0,29,14935,卖盘
318,10:54:54,5.16,0.01,15,7740,买盘
319,10:55:48,5.16,0.0,36,18576,买盘
320,10:57:00,5.16,0.0,17,8772,买盘
321,10:57:10,5.16,0.0,3,1548,买盘
322,10:57:36,5.16,0.0,2,1032,买盘
323,10:57:54,5.16,0.0,1,516,买盘
324,10:58:00,5.15,-0.01,3,1545,卖盘
325,10:58:22,5.15,0.0,20,10300,卖盘
326,11:00:00,5.15,0.0,6,3090,卖盘
327,11:01:15,5.15,0.0,83,42745,卖盘
328,11:01:57,5.15,0.0,10,5150,卖盘
329,11:02:06,5.14,-0.01,139,71446,卖盘
330,11:02:42,5.14,0.0,3,1542,卖盘
331,11:02:46,5.15,0.01,91,46865,买盘
332,11:02:51,5.15,0.0,10,5150,卖盘
333,11:03:03,5.14,-0.01,4,2056,卖盘
334,11:03:09,5.14,0.0,473,243122,卖盘
335,11:03:57,5.15,0.01,1,515,买盘
336,11:04:30,5.14,-0.01,184,94682,卖盘
337,11:04:40,5.16,0.02,2,1032,买盘
338,11:05:30,5.17,0.01,30,15510,买盘
339,11:05:45,5.17,0.0,20,10340,买盘
340,11:06:04,5.15,-0.02,36,18550,卖盘
341,11:06:06,5.17,0.02,24,12400,买盘
342,11:06:42,5.16,-0.01,10,5160,买盘
343,11:07:18,5.16,0.0,60,30960,买盘
344,11:07:57,5.16,0.0,20,10320,买盘
345,11:08:03,5.15,-0.01,3,1545,卖盘
346,11:09:03,5.15,0.0,74,38110,卖盘
347,11:09:19,5.15,0.0,72,37080,买盘
348,11:09:27,5.16,0.01,1,516,买盘
349,11:09:33,5.15,-0.01,20,10300,买盘
350,11:13:00,5.15,0.0,4,2060,卖盘
351,11:13:43,5.15,0.0,26,13390,卖盘
352,11:13:48,5.16,0.01,10,5160,买盘
353,11:13:51,5.15,-0.01,10,5155,卖盘
354,11:14:03,5.16,0.01,5,2580,卖盘
355,11:14:39,5.16,0.0,26,13416,卖盘
356,11:14:49,5.17,0.01,40,20680,买盘
357,11:16:27,5.18,0.01,30,15540,买盘
358,11:17:42,5.18,0.0,4,2072,买盘
359,11:18:04,5.17,-0.01,3,1551,卖盘
360,11:18:27,5.17,0.0,51,26367,卖盘
361,11:18:42,5.18,0.01,221,114478,买盘
362,11:20:13,5.18,0.0,73,37814,买盘
363,11:20:33,5.18,0.0,15,7770,中性盘
364,11:21:28,5.16,-0.02,314,162612,卖盘
365,11:22:27,5.18,0.02,78,40404,卖盘
366,11:22:49,5.18,0.0,1,518,卖盘
367,11:23:04,5.18,0.0,4,2072,卖盘
368,11:23:06,5.18,0.0,200,103600,卖盘
369,11:23:21,5.18,0.0,13,6734,卖盘
370,11:23:30,5.18,0.0,6,3108,买盘
371,11:23:39,5.18,0.0,70,36260,卖盘
372,11:23:51,5.18,0.0,2,1036,卖盘
373,11:23:57,5.18,0.0,20,10360,卖盘
374,11:24:03,5.18,0.0,8,4144,卖盘
375,11:24:13,5.18,0.0,261,135198,卖盘
376,11:24:30,5.18,0.0,368,190624,买盘
377,11:24:36,5.19,0.01,257,133375,买盘
378,11:24:51,5.2,0.01,20,10400,买盘
379,11:25:09,5.19,-0.01,20,10380,卖盘
380,11:25:21,5.19,0.0,123,63837,卖盘
381,11:25:49,5.18,-0.01,10,5180,卖盘
382,11:26:22,5.18,0.0,30,15540,卖盘
383,11:26:39,5.18,0.0,330,170940,卖盘
384,11:27:24,5.18,0.0,10,5180,买盘
385,11:27:33,5.18,0.0,6,3108,买盘
386,11:27:39,5.17,-0.01,19,9823,卖盘
387,11:28:00,5.17,0.0,3,1551,卖盘
388,11:29:21,5.18,0.01,43,22274,买盘
389,11:30:01,5.18,0.0,28,14504,买盘
390,13:00:05,5.18,0.0,84,43512,买盘
391,13:00:07,5.18,0.0,7,3626,买盘
392,13:00:54,5.17,-0.01,1,517,卖盘
393,13:01:12,5.18,0.01,65,33670,买盘
394,13:01:21,5.17,-0.01,130,67211,卖盘
395,13:02:04,5.17,0.0,13,6721,卖盘
396,13:02:30,5.17,0.0,1,517,卖盘
397,13:03:03,5.17,0.0,49,25333,卖盘
398,13:03:15,5.17,0.0,138,71346,卖盘
399,13:05:04,5.17,0.0,155,80135,卖盘
400,13:06:42,5.17,0.0,1,517,买盘
401,13:07:09,5.17,0.0,4,2068,买盘
402,13:08:00,5.17,0.0,54,27918,卖盘
403,13:08:12,5.16,-0.01,2,1032,卖盘
404,13:08:21,5.17,0.01,11,5687,买盘
405,13:08:27,5.17,0.0,4,2068,买盘
406,13:08:30,5.17,0.0,219,113223,买盘
407,13:09:42,5.18,0.01,10,5180,买盘
408,13:11:04,5.18,0.0,10,5180,买盘
409,13:12:12,5.18,0.0,22,11396,卖盘
410,13:12:30,5.18,0.0,26,13468,买盘
411,13:13:06,5.18,0.0,34,17612,买盘
412,13:13:15,5.18,0.0,18,9324,买盘
413,13:14:00,5.18,0.0,10,5180,卖盘
414,13:14:24,5.19,0.01,57,29583,买盘
415,13:14:57,5.19,0.0,6,3114,买盘
416,13:15:12,5.19,0.0,23,11937,买盘
417,13:16:27,5.18,-0.01,20,10360,卖盘
418,13:17:09,5.18,0.0,15,7770,卖盘
419,13:17:33,5.18,0.0,9,4662,卖盘
420,13:18:45,5.18,0.0,65,33670,卖盘
421,13:20:45,5.18,0.0,2,1036,卖盘
422,13:21:09,5.18,0.0,2,1036,卖盘
423,13:21:42,5.18,0.0,15,7770,卖盘
424,13:21:45,5.18,0.0,10,5180,卖盘
425,13:21:54,5.18,0.0,20,10360,卖盘
426,13:21:57,5.18,0.0,5,2590,卖盘
427,13:22:00,5.18,0.0,20,10360,卖盘
428,13:22:33,5.17,-0.01,11,5687,卖盘
429,13:22:48,5.18,0.01,9,4662,买盘
430,13:27:09,5.17,-0.01,1,517,卖盘
431,13:28:00,5.18,0.01,94,48692,买盘
432,13:28:45,5.18,0.0,20,10360,买盘
433,13:29:54,5.17,-0.01,252,130289,卖盘
434,13:31:28,5.17,0.0,125,64625,卖盘
435,13:32:39,5.17,0.0,50,25850,卖盘
436,13:33:03,5.17,0.0,7,3619,卖盘
437,13:33:36,5.17,0.0,25,12925,卖盘
438,13:34:33,5.17,0.0,20,10340,卖盘
439,13:34:48,5.17,0.0,30,15510,卖盘
440,13:34:51,5.17,0.0,16,8272,卖盘
441,13:35:18,5.18,0.01,20,10360,买盘
442,13:36:12,5.18,0.0,32,16576,买盘
443,13:36:21,5.18,0.0,20,10360,买盘
444,13:36:55,5.17,-0.01,4,2068,卖盘
445,13:37:00,5.18,0.01,10,5180,买盘
446,13:37:18,5.17,-0.01,1,517,卖盘
447,13:39:01,5.17,0.0,100,51700,卖盘
448,13:39:27,5.17,0.0,17,8789,卖盘
449,13:39:39,5.17,0.0,10,5170,卖盘
450,13:39:54,5.17,0.0,23,11891,卖盘
451,13:40:15,5.17,0.0,140,72380,卖盘
452,13:40:18,5.17,0.0,1,517,买盘
453,13:41:15,5.17,0.0,53,27401,买盘
454,13:42:33,5.17,0.0,79,40843,卖盘
455,13:43:00,5.17,0.0,14,7238,卖盘
456,13:43:21,5.16,-0.01,67,34579,卖盘
457,13:43:33,5.16,0.0,1,516,卖盘
458,13:43:39,5.17,0.01,5,2585,买盘
459,13:44:30,5.17,0.0,1,517,买盘
460,13:45:21,5.16,-0.01,211,108876,卖盘
461,13:47:33,5.17,0.01,32,16544,买盘
462,13:48:18,5.16,-0.01,70,36120,卖盘
463,13:48:48,5.16,0.0,12,6192,卖盘
464,13:49:04,5.16,0.0,10,5160,卖盘
465,13:50:12,5.16,0.0,79,40764,卖盘
466,13:52:51,5.16,0.0,99,51084,卖盘
467,13:53:39,5.15,-0.01,1,515,卖盘
468,13:53:42,5.15,0.0,100,51500,卖盘
469,13:53:45,5.15,0.0,50,25750,卖盘
470,13:53:51,5.15,0.0,137,70555,卖盘
471,13:54:15,5.15,0.0,10,5150,卖盘
472,13:54:18,5.14,-0.01,21,10796,卖盘
473,13:54:42,5.14,0.0,196,100744,卖盘
474,13:55:06,5.14,0.0,113,58082,买盘
475,13:55:24,5.13,-0.01,103,52839,卖盘
476,13:55:27,5.13,0.0,100,51300,卖盘
477,13:55:40,5.13,0.0,29,14877,卖盘
478,13:55:51,5.13,0.0,5,2565,卖盘
479,13:56:04,5.13,0.0,12,6162,卖盘
480,13:56:19,5.14,0.01,23,11800,买盘
481,13:56:22,5.13,-0.01,5,2565,卖盘
482,13:56:24,5.13,0.0,84,43092,卖盘
483,13:57:42,5.14,0.01,2,1028,买盘
484,13:57:48,5.14,0.0,7,3598,买盘
485,13:57:57,5.14,0.0,10,5140,买盘
486,13:58:00,5.13,-0.01,150,76950,卖盘
487,13:58:09,5.13,0.0,9,4617,卖盘
488,13:59:04,5.13,0.0,29,14877,卖盘
489,13:59:27,5.13,0.0,17,8721,卖盘
490,14:00:15,5.13,0.0,2,1026,卖盘
491,14:00:21,5.14,0.01,5,2570,买盘
492,14:00:27,5.14,0.0,102,52428,买盘
493,14:01:15,5.14,0.0,10,5140,买盘
494,14:01:19,5.14,0.0,90,46260,买盘
495,14:01:43,5.14,0.0,88,45232,卖盘
496,14:02:06,5.14,0.0,13,6682,卖盘
497,14:02:24,5.14,0.0,2,1028,买盘
498,14:02:33,5.14,0.0,1,514,卖盘
499,14:02:36,5.14,0.0,97,49858,卖盘
500,14:02:42,5.15,0.01,10,5150,买盘
501,14:02:45,5.14,-0.01,15,7710,卖盘
502,14:03:36,5.13,-0.01,30,15390,卖盘
503,14:05:16,5.13,0.0,1,513,卖盘
504,14:06:10,5.15,0.02,42,21630,买盘
505,14:06:18,5.14,-0.01,3,1542,卖盘
506,14:06:45,5.14,0.0,4,2056,卖盘
507,14:07:06,5.14,0.0,10,5140,买盘
508,14:07:48,5.13,-0.01,8,4106,卖盘
509,14:08:06,5.13,0.0,193,99009,卖盘
510,14:08:09,5.15,0.02,16,8240,买盘
511,14:10:42,5.14,-0.01,20,10280,卖盘
512,14:10:51,5.14,0.0,13,6682,卖盘
513,14:10:58,5.14,0.0,49,25196,卖盘
514,14:11:39,5.15,0.01,58,29870,买盘
515,14:12:15,5.15,0.0,118,60770,买盘
516,14:14:04,5.15,0.0,5,2575,买盘
517,14:15:12,5.15,0.0,245,126175,买盘
518,14:15:51,5.15,0.0,9,4635,卖盘
519,14:16:24,5.15,0.0,5,2575,买盘
520,14:16:33,5.15,0.0,2,1030,买盘
521,14:17:27,5.15,0.0,5,2575,买盘
522,14:18:21,5.15,0.0,82,42230,买盘
523,14:19:09,5.15,0.0,4,2060,卖盘
524,14:19:57,5.15,0.0,1,515,卖盘
525,14:21:18,5.15,0.0,1,515,卖盘
526,14:22:42,5.16,0.01,7,3612,买盘
527,14:24:12,5.16,0.0,136,70176,买盘
528,14:24:21,5.16,0.0,12,6192,买盘
529,14:24:45,5.17,0.01,10,5170,买盘
530,14:24:57,5.16,-0.01,30,15480,卖盘
531,14:25:15,5.16,0.0,28,14448,卖盘
532,14:25:21,5.16,0.0,20,10320,卖盘
533,14:25:48,5.17,0.01,6,3102,买盘
534,14:26:00,5.15,-0.02,9,4636,卖盘
535,14:26:33,5.17,0.02,10,5170,买盘
536,14:28:03,5.15,-0.02,5,2575,卖盘
537,14:28:24,5.15,0.0,10,5150,卖盘
538,14:28:39,5.15,0.0,29,14954,卖盘
539,14:28:54,5.15,0.0,123,63345,卖盘
540,14:29:01,5.15,0.0,12,6180,卖盘
541,14:29:49,5.16,0.01,10,5160,买盘
542,14:30:51,5.15,-0.01,5,2575,卖盘
543,14:30:54,5.15,0.0,47,24205,卖盘
544,14:31:33,5.16,0.01,33,17028,买盘
545,14:31:42,5.16,0.0,26,13416,卖盘
546,14:31:57,5.15,-0.01,12,6180,卖盘
547,14:32:24,5.15,0.0,7,3605,卖盘
548,14:32:36,5.15,0.0,60,30900,卖盘
549,14:32:54,5.15,0.0,14,7210,卖盘
550,14:33:06,5.15,0.0,13,6695,卖盘
551,14:33:39,5.15,0.0,11,5665,卖盘
552,14:34:36,5.15,0.0,33,16995,买盘
553,14:35:54,5.15,0.0,50,25750,卖盘
554,14:36:16,5.15,0.0,37,19055,卖盘
555,14:36:27,5.15,0.0,76,39140,卖盘
556,14:36:39,5.15,0.0,10,5150,买盘
557,14:36:45,5.15,0.0,29,14935,买盘
558,14:37:01,5.14,-0.01,40,20560,卖盘
559,14:37:10,5.15,0.01,34,17510,买盘
560,14:37:42,5.16,0.01,44,22704,买盘
561,14:39:18,5.16,0.0,2,1032,买盘
562,14:39:28,5.16,0.0,104,53664,买盘
563,14:39:52,5.16,0.0,7,3612,卖盘
564,14:40:25,5.16,0.0,60,30960,卖盘
565,14:40:28,5.16,0.0,29,14964,卖盘
566,14:40:42,5.15,-0.01,100,51500,卖盘
567,14:40:46,5.15,0.0,60,30900,卖盘
568,14:41:09,5.14,-0.01,377,193807,卖盘
569,14:41:18,5.14,0.0,11,5654,买盘
570,14:41:22,5.14,0.0,184,94576,买盘
571,14:41:51,5.14,0.0,1,514,卖盘
572,14:42:04,5.15,0.01,76,39140,买盘
573,14:42:07,5.14,-0.01,7,3598,卖盘
574,14:42:39,5.14,0.0,49,25186,卖盘
575,14:42:42,5.14,0.0,10,5140,卖盘
576,14:45:25,5.15,0.01,144,74160,买盘
577,14:45:43,5.16,0.01,100,51600,买盘
578,14:46:06,5.16,0.0,17,8772,买盘
579,14:46:33,5.15,-0.01,2,1030,卖盘
580,14:46:37,5.15,0.0,8,4120,中性盘
581,14:46:51,5.15,0.0,21,10815,卖盘
582,14:46:58,5.15,0.0,10,5150,卖盘
583,14:47:04,5.16,0.01,20,10320,买盘
584,14:47:10,5.16,0.0,307,158404,买盘
585,14:47:13,5.16,0.0,16,8256,卖盘
586,14:48:34,5.16,0.0,11,5676,卖盘
587,14:48:55,5.16,0.0,19,9804,卖盘
588,14:48:58,5.16,0.0,18,9288,卖盘
589,14:49:12,5.16,0.0,10,5160,卖盘
590,14:49:45,5.16,0.0,19,9804,卖盘
591,14:49:49,5.16,0.0,116,59856,卖盘
592,14:49:52,5.16,0.0,29,14964,买盘
593,14:50:01,5.15,-0.01,20,10300,卖盘
594,14:50:04,5.15,0.0,5,2575,卖盘
595,14:50:10,5.15,0.0,37,19055,卖盘
596,14:50:13,5.16,0.01,1,516,买盘
597,14:50:21,5.15,-0.01,20,10300,卖盘
598,14:50:28,5.15,0.0,7,3605,卖盘
599,14:50:40,5.15,0.0,20,10300,卖盘
600,14:50:46,5.16,0.01,2,1032,买盘
601,14:50:49,5.16,0.0,257,132612,买盘
602,14:50:58,5.15,-0.01,7,3605,卖盘
603,14:51:10,5.15,0.0,19,9785,卖盘
604,14:51:19,5.15,0.0,159,82149,卖盘
605,14:51:25,5.14,-0.01,370,190336,卖盘
606,14:51:34,5.15,0.01,20,10300,卖盘
607,14:51:37,5.15,0.0,20,10300,中性盘
608,14:51:45,5.15,0.0,19,9785,卖盘
609,14:51:52,5.15,0.0,20,10300,卖盘
610,14:51:55,5.15,0.0,20,10300,卖盘
611,14:52:12,5.15,0.0,20,10300,卖盘
612,14:52:19,5.16,0.01,35,18075,卖盘
613,14:52:22,5.16,0.0,19,9804,卖盘
614,14:52:31,5.16,0.0,19,9804,卖盘
615,14:52:37,5.16,0.0,4,2064,卖盘
616,14:52:43,5.16,0.0,34,17544,买盘
617,14:52:57,5.16,0.0,2,1032,卖盘
618,14:53:04,5.16,0.0,20,10320,卖盘
619,14:53:07,5.16,0.0,5,2580,卖盘
620,14:53:16,5.16,0.0,19,9804,卖盘
621,14:53:22,5.16,0.0,19,9804,卖盘
622,14:53:28,5.16,0.0,3,1548,卖盘
623,14:53:31,5.16,0.0,151,77916,卖盘
624,14:53:34,5.15,-0.01,20,10300,卖盘
625,14:53:40,5.16,0.01,35,18027,买盘
626,14:53:46,5.16,0.0,14,7224,买盘
627,14:53:51,5.15,-0.01,20,10300,卖盘
628,14:53:58,5.14,-0.01,272,140075,卖盘
629,14:54:13,5.15,0.01,3,1545,卖盘
630,14:54:25,5.14,-0.01,20,10280,卖盘
631,14:54:28,5.15,0.01,17,8755,买盘
632,14:54:37,5.15,0.0,45,23175,卖盘
633,14:54:46,5.14,-0.01,80,41120,卖盘
634,14:54:49,5.15,0.01,30,15450,买盘
635,14:54:51,5.15,0.0,9,4635,买盘
636,14:55:19,5.15,0.0,20,10300,卖盘
637,14:55:31,5.16,0.01,226,116598,买盘
638,14:55:37,5.16,0.0,3,1548,卖盘
639,14:56:13,5.16,0.0,26,13416,卖盘
640,14:56:16,5.17,0.01,165,85305,买盘
641,14:56:39,5.17,0.0,10,5170,买盘
642,14:56:43,5.17,0.0,1,517,买盘
643,14:56:46,5.17,0.0,10,5170,买盘
644,14:56:52,5.17,0.0,20,10340,买盘
645,14:56:55,5.17,0.0,30,15510,买盘
646,15:00:04,5.17,0.0,278,143726,卖盘
