,time,price,change,volume,amount,type
0,09:25:04,12.73,0.0,33,42009,卖盘
1,09:30:04,12.83,0.1,211,269932,中性盘
2,09:30:37,12.78,-0.05,20,25560,卖盘
3,09:30:46,12.78,0.0,24,30672,卖盘
4,09:30:49,12.78,0.0,22,28114,买盘
5,09:30:52,12.78,0.0,100,127780,买盘
6,09:30:55,12.77,-0.01,3,3831,卖盘
7,09:31:03,12.77,0.0,16,20433,卖盘
8,09:31:07,12.76,-0.01,1,1276,卖盘
9,09:31:10,12.76,0.0,1,1276,卖盘
10,09:31:13,12.77,0.01,4,5108,买盘
11,09:31:16,12.75,-0.02,22,28055,卖盘
12,09:31:18,12.76,0.01,26,33113,中性盘
13,09:31:22,12.73,-0.03,35,44555,卖盘
14,09:31:28,12.73,0.0,11,14003,买盘
15,09:31:31,12.75,0.02,20,25478,买盘
16,09:31:33,12.73,-0.02,8,10184,中性盘
17,09:31:37,12.74,0.01,38,48446,中性盘
18,09:31:49,12.77,0.03,12,15324,买盘
19,09:31:55,12.77,0.0,107,136712,卖盘
20,09:31:57,12.78,0.01,9,11502,买盘
21,09:32:01,12.77,-0.01,7,8939,卖盘
22,09:32:04,12.77,0.0,1,1277,卖盘
23,09:32:07,12.77,0.0,3,3831,买盘
24,09:32:15,12.76,-0.01,9,11484,卖盘
25,09:32:19,12.75,-0.01,101,128775,卖盘
26,09:32:28,12.75,0.0,6,7650,卖盘
27,09:32:34,12.76,0.01,22,28072,买盘
28,09:32:37,12.76,0.0,10,12760,卖盘
29,09:32:43,12.76,0.0,10,12760,卖盘
30,09:32:52,12.76,0.0,2,2552,卖盘
31,09:32:55,12.76,0.0,1,1276,买盘
32,09:33:01,12.76,0.0,8,10208,买盘
33,09:33:04,12.76,0.0,9,11484,卖盘
34,09:33:12,12.76,0.0,1,1276,买盘
35,09:33:28,12.75,-0.01,4,5101,卖盘
36,09:33:34,12.76,0.01,50,63800,买盘
37,09:33:37,12.75,-0.01,7,8926,卖盘
38,09:33:40,12.75,0.0,5,6375,卖盘
39,09:33:48,12.77,0.02,50,63828,买盘
40,09:33:52,12.77,0.0,10,12770,卖盘
41,09:33:58,12.77,0.0,14,17885,卖盘
42,09:34:01,12.77,0.0,11,14056,卖盘
43,09:34:15,12.78,0.01,6,7668,买盘
44,09:34:22,12.77,-0.01,4,5108,卖盘
45,09:34:25,12.77,0.0,10,12771,卖盘
46,09:34:34,12.77,0.0,11,14047,买盘
47,09:34:43,12.77,0.0,27,34479,买盘
48,09:34:46,12.77,0.0,6,7662,买盘
49,09:34:49,12.77,0.0,2,2554,买盘
50,09:34:52,12.77,0.0,2,2554,买盘
51,09:34:54,12.77,0.0,2,2554,买盘
52,09:34:57,12.77,0.0,1,1277,买盘
53,09:35:16,12.77,0.0,14,17878,买盘
54,09:35:22,12.78,0.01,7,8946,买盘
55,09:35:31,12.78,0.0,23,29394,买盘
56,09:35:40,12.75,-0.03,47,60000,卖盘
57,09:35:58,12.79,0.04,13,16627,买盘
58,09:36:01,12.75,-0.04,47,59958,卖盘
59,09:36:16,12.78,0.03,3,3834,买盘
60,09:36:25,12.78,0.0,3,3834,买盘
61,09:36:27,12.76,-0.02,2,2552,卖盘
62,09:36:40,12.76,0.0,10,12760,卖盘
63,09:36:42,12.76,0.0,5,6380,卖盘
64,09:36:46,12.75,-0.01,30,38268,卖盘
65,09:37:01,12.75,0.0,96,122400,卖盘
66,09:37:04,12.75,0.0,15,19125,卖盘
67,09:37:06,12.75,0.0,18,22950,卖盘
68,09:37:13,12.73,-0.02,42,53481,卖盘
69,09:37:25,12.7,-0.03,22,27982,卖盘
70,09:37:28,12.7,0.0,63,80031,卖盘
71,09:37:30,12.7,0.0,1,1270,买盘
72,09:37:34,12.69,-0.01,10,12690,买盘
73,09:37:37,12.69,0.0,22,27918,买盘
74,09:37:40,12.68,-0.01,11,13948,卖盘
75,09:37:43,12.69,0.01,1,1269,买盘
76,09:37:46,12.68,-0.01,22,27897,卖盘
77,09:37:49,12.68,0.0,6,7608,买盘
78,09:37:52,12.65,-0.03,5,6337,卖盘
79,09:37:55,12.68,0.03,2,2536,买盘
80,09:37:58,12.68,0.0,3,3804,买盘
81,09:38:01,12.68,0.0,3,3804,买盘
82,09:38:04,12.68,0.0,3,3804,买盘
83,09:38:06,12.68,0.0,10,12662,买盘
84,09:38:09,12.68,0.0,2,2536,买盘
85,09:38:13,12.68,0.0,3,3804,买盘
86,09:38:16,12.68,0.0,3,3804,买盘
87,09:38:24,12.68,0.0,9,11412,买盘
88,09:38:48,12.7,0.02,4,5077,买盘
89,09:39:04,12.74,0.04,2,2548,买盘
90,09:39:34,12.65,-0.09,48,60794,卖盘
91,09:39:55,12.74,0.09,50,63688,买盘
92,09:40:25,12.68,-0.06,5,6340,买盘
93,09:40:40,12.7,0.02,5,6350,卖盘
94,09:40:49,12.7,0.0,23,29210,卖盘
95,09:40:57,12.7,0.0,17,21590,买盘
96,09:41:16,12.66,-0.04,12,15192,卖盘
97,09:41:18,12.66,0.0,4,5064,买盘
98,09:41:22,12.65,-0.01,29,36685,卖盘
99,09:41:27,12.66,0.01,20,25320,买盘
100,09:41:39,12.65,-0.01,4,5060,卖盘
101,09:41:55,12.65,0.0,50,63252,卖盘
102,09:41:58,12.66,0.01,55,69630,买盘
103,09:42:10,12.7,0.04,50,63500,买盘
104,09:42:19,12.66,-0.04,1,1266,卖盘
105,09:43:34,12.66,0.0,1,1266,卖盘
106,09:43:48,12.68,0.02,2,2536,买盘
107,09:44:07,12.72,0.04,39,49514,买盘
108,09:44:58,12.7,-0.02,10,12700,买盘
109,09:45:01,12.7,0.0,1,1270,卖盘
110,09:45:58,12.7,0.0,4,5080,卖盘
111,09:46:10,12.7,0.0,4,5080,卖盘
112,09:46:13,12.7,0.0,2,2540,卖盘
113,09:47:34,12.7,0.0,10,12700,卖盘
114,09:48:31,12.72,0.02,20,25440,买盘
115,09:48:52,12.7,-0.02,3,3810,卖盘
116,09:49:12,12.69,-0.01,10,12694,卖盘
117,09:49:31,12.71,0.02,50,63550,卖盘
118,09:49:37,12.72,0.01,2,2544,买盘
119,09:49:48,12.71,-0.01,3,3813,卖盘
120,09:49:52,12.71,0.0,31,39401,卖盘
121,09:50:00,12.72,0.01,8,10173,买盘
122,09:50:07,12.72,0.0,29,36888,买盘
123,09:50:25,12.73,0.01,10,12730,买盘
124,09:50:34,12.73,0.0,30,38190,买盘
125,09:50:58,12.73,0.0,50,63650,买盘
126,09:51:34,12.72,-0.01,6,7632,卖盘
127,09:51:43,12.71,-0.01,13,16523,卖盘
128,09:51:57,12.7,-0.01,3,3810,卖盘
129,09:52:01,12.7,0.0,2,2540,卖盘
130,09:52:06,12.7,0.0,8,10160,买盘
131,09:52:31,12.71,0.01,10,12710,买盘
132,09:53:06,12.71,0.0,1,1271,买盘
133,09:53:22,12.71,0.0,5,6355,买盘
134,09:53:27,12.7,-0.01,13,16510,卖盘
135,09:55:22,12.7,0.0,20,25400,卖盘
136,09:55:52,12.72,0.02,50,63600,买盘
137,09:56:07,12.69,-0.03,13,16497,卖盘
138,09:56:24,12.69,0.0,7,8883,卖盘
139,09:56:28,12.71,0.02,20,25420,买盘
140,09:57:16,12.69,-0.02,2,2538,卖盘
141,09:57:28,12.68,-0.01,8,10144,卖盘
142,09:57:51,12.68,0.0,29,36772,卖盘
143,09:58:13,12.68,0.0,39,49452,买盘
144,09:58:25,12.68,0.0,5,6340,买盘
145,09:58:34,12.68,0.0,1,1268,买盘
146,09:58:58,12.68,0.0,14,17752,买盘
147,09:59:16,12.68,0.0,3,3804,卖盘
148,09:59:27,12.71,0.03,39,49569,买盘
149,09:59:42,12.71,0.0,25,31775,买盘
150,10:00:12,12.71,0.0,1,1271,买盘
151,10:00:25,12.72,0.01,28,35616,买盘
152,10:00:31,12.71,-0.01,5,6355,卖盘
153,10:01:52,12.73,0.02,5,6365,买盘
154,10:02:22,12.71,-0.02,2,2542,卖盘
155,10:02:34,12.73,0.02,8,10184,买盘
156,10:02:58,12.73,0.0,10,12730,买盘
157,10:03:13,12.73,0.0,20,25460,买盘
158,10:03:22,12.71,-0.02,10,12710,卖盘
159,10:03:28,12.73,0.02,7,8911,买盘
160,10:03:45,12.73,0.0,5,6365,买盘
161,10:04:15,12.73,0.0,7,8911,买盘
162,10:04:22,12.73,0.0,3,3819,卖盘
163,10:04:25,12.72,-0.01,50,63603,卖盘
164,10:04:37,12.74,0.02,30,38220,买盘
165,10:04:52,12.73,-0.01,10,12730,买盘
166,10:05:01,12.73,0.0,20,25460,买盘
167,10:06:22,12.74,0.01,14,17836,买盘
168,10:06:34,12.74,0.0,4,5096,买盘
169,10:06:40,12.74,0.0,8,10192,买盘
170,10:06:49,12.74,0.0,14,17836,买盘
171,10:06:57,12.74,0.0,4,5096,买盘
172,10:07:21,12.75,0.01,43,54825,买盘
173,10:07:34,12.76,0.01,14,17864,买盘
174,10:07:39,12.76,0.0,6,7656,买盘
175,10:07:43,12.76,0.0,35,44660,买盘
176,10:07:51,12.76,0.0,13,16588,买盘
177,10:08:09,12.77,0.01,2,2554,买盘
178,10:08:22,12.77,0.0,34,43418,买盘
179,10:08:28,12.76,-0.01,13,16588,卖盘
180,10:08:34,12.77,0.01,10,12770,买盘
181,10:08:52,12.77,0.0,13,16601,卖盘
182,10:08:58,12.78,0.01,30,38336,买盘
183,10:09:01,12.78,0.0,20,25560,买盘
184,10:09:28,12.76,-0.02,10,12760,卖盘
185,10:09:31,12.76,0.0,7,8932,卖盘
186,10:09:39,12.77,0.01,100,127700,买盘
187,10:10:09,12.77,0.0,3,3831,买盘
188,10:10:13,12.76,-0.01,29,37004,卖盘
189,10:10:19,12.76,0.0,1,1276,买盘
190,10:10:40,12.77,0.01,1,1277,买盘
191,10:10:43,12.77,0.0,1,1277,买盘
192,10:10:46,12.77,0.0,43,54911,买盘
193,10:10:58,12.78,0.01,27,34506,买盘
194,10:11:13,12.79,0.01,5,6395,买盘
195,10:11:16,12.8,0.01,195,249546,买盘
196,10:11:18,12.78,-0.02,4,5112,卖盘
197,10:11:34,12.81,0.03,2,2561,买盘
198,10:11:42,12.82,0.01,60,76890,买盘
199,10:11:45,12.82,0.0,41,52562,买盘
200,10:11:48,12.82,0.0,1,1282,买盘
201,10:11:52,12.81,-0.01,8,10248,卖盘
202,10:11:58,12.81,0.0,32,40992,买盘
203,10:12:04,12.81,0.0,35,44835,买盘
204,10:12:07,12.81,0.0,6,7686,买盘
205,10:12:19,12.81,0.0,13,16653,卖盘
206,10:12:22,12.82,0.01,5,6410,买盘
207,10:12:28,12.81,-0.01,11,14091,卖盘
208,10:12:31,12.81,0.0,6,7686,卖盘
209,10:12:43,12.82,0.01,2,2564,买盘
210,10:12:46,12.81,-0.01,10,12810,卖盘
211,10:12:49,12.81,0.0,10,12810,卖盘
212,10:12:55,12.81,0.0,8,10248,卖盘
213,10:13:01,12.81,0.0,8,10248,卖盘
214,10:13:13,12.8,-0.01,2,2560,卖盘
215,10:13:31,12.8,0.0,3,3840,卖盘
216,10:13:43,12.81,0.01,2,2562,买盘
217,10:13:51,12.8,-0.01,2,2560,卖盘
218,10:14:01,12.8,0.0,10,12800,卖盘
219,10:14:04,12.8,0.0,14,17920,卖盘
220,10:14:16,12.8,0.0,14,17920,卖盘
221,10:14:19,12.81,0.01,69,88389,买盘
222,10:14:28,12.82,0.01,29,37178,买盘
223,10:14:34,12.82,0.0,14,17948,买盘
224,10:14:40,12.82,0.0,26,33332,买盘
225,10:14:42,12.82,0.0,10,12820,买盘
226,10:14:45,12.82,0.0,18,23076,买盘
227,10:14:55,12.83,0.01,62,79546,买盘
228,10:14:58,12.83,0.0,1,1283,买盘
229,10:15:01,12.83,0.0,12,15396,买盘
230,10:15:04,12.83,0.0,13,16687,卖盘
231,10:15:07,12.84,0.01,6,7704,买盘
232,10:15:15,12.84,0.0,143,183612,买盘
233,10:15:18,12.86,0.02,96,123405,买盘
234,10:15:30,12.85,-0.01,25,32145,卖盘
235,10:15:33,12.86,0.01,18,23148,买盘
236,10:15:40,12.85,-0.01,17,21861,卖盘
237,10:15:43,12.87,0.02,172,221305,买盘
238,10:15:52,12.87,0.0,40,51480,买盘
239,10:15:55,12.86,-0.01,20,25725,卖盘
240,10:16:00,12.87,0.01,17,21879,买盘
241,10:16:04,12.87,0.0,70,90090,买盘
242,10:16:13,12.88,0.01,28,36063,买盘
243,10:16:15,12.87,-0.01,3,3861,卖盘
244,10:16:19,12.88,0.01,95,122351,买盘
245,10:16:25,12.88,0.0,11,14168,买盘
246,10:16:28,12.88,0.0,2,2576,买盘
247,10:16:31,12.88,0.0,8,10304,买盘
248,10:16:36,12.88,0.0,21,27048,买盘
249,10:16:39,12.88,0.0,3,3864,买盘
250,10:16:42,12.88,0.0,200,257600,买盘
251,10:16:46,12.88,0.0,7,9015,买盘
252,10:16:49,12.88,0.0,104,133952,买盘
253,10:16:52,12.88,0.0,44,56672,买盘
254,10:16:55,12.88,0.0,74,95608,买盘
255,10:16:58,12.88,0.0,8,10304,卖盘
256,10:17:01,12.88,0.0,11,14178,卖盘
257,10:17:06,12.89,0.01,4,5156,买盘
258,10:17:19,12.9,0.01,6,7740,买盘
259,10:17:22,12.9,0.0,8,10320,买盘
260,10:17:25,12.9,0.0,21,27090,买盘
261,10:17:27,12.89,-0.01,12,15478,卖盘
262,10:17:34,12.9,0.01,27,34830,卖盘
263,10:17:39,12.91,0.01,1,1291,卖盘
264,10:17:43,12.92,0.01,24,30997,买盘
265,10:17:49,12.92,0.0,8,10329,买盘
266,10:17:55,12.92,0.0,1,1292,买盘
267,10:17:58,12.92,0.0,21,27132,买盘
268,10:18:01,12.92,0.0,20,25840,卖盘
269,10:18:07,12.92,0.0,42,54273,卖盘
270,10:18:10,12.92,0.0,20,25840,卖盘
271,10:18:13,12.91,-0.01,13,16783,卖盘
272,10:18:16,12.9,-0.01,8,10320,卖盘
273,10:18:19,12.9,0.0,4,5160,卖盘
274,10:18:22,12.9,0.0,17,21931,卖盘
275,10:18:28,12.9,0.0,55,70950,卖盘
276,10:18:31,12.89,-0.01,8,10312,卖盘
277,10:18:34,12.89,0.0,52,67035,卖盘
278,10:18:37,12.89,0.0,6,7734,买盘
279,10:18:43,12.87,-0.02,31,39870,卖盘
280,10:18:52,12.85,-0.02,136,174954,卖盘
281,10:18:58,12.85,0.0,1,1285,买盘
282,10:19:01,12.85,0.0,10,12850,买盘
283,10:19:04,12.87,0.02,49,63015,买盘
284,10:19:25,12.88,0.01,46,59248,买盘
285,10:19:37,12.89,0.01,8,10312,买盘
286,10:19:42,12.89,0.0,30,38670,买盘
287,10:19:46,12.89,0.0,11,14179,买盘
288,10:19:58,12.9,0.01,5,6450,买盘
289,10:20:01,12.89,-0.01,4,5156,卖盘
290,10:20:04,12.9,0.01,10,12900,买盘
291,10:20:07,12.9,0.0,36,46410,买盘
292,10:20:13,12.89,-0.01,43,55427,卖盘
293,10:20:16,12.9,0.01,143,184447,买盘
294,10:20:19,12.9,0.0,43,55470,卖盘
295,10:20:25,12.92,0.02,109,140789,买盘
296,10:20:27,12.92,0.0,1,1292,卖盘
297,10:20:30,12.9,-0.02,24,30990,卖盘
298,10:20:34,12.93,0.03,19,24567,买盘
299,10:20:36,12.93,0.0,10,12930,卖盘
300,10:20:43,12.93,0.0,1,1293,卖盘
301,10:20:46,12.94,0.01,1,1294,买盘
302,10:20:49,12.93,-0.01,5,6465,卖盘
303,10:20:51,12.93,0.0,3,3879,卖盘
304,10:20:54,12.94,0.01,76,98326,买盘
305,10:20:58,12.93,-0.01,17,21990,卖盘
306,10:21:01,12.93,0.0,14,18102,买盘
307,10:21:04,12.94,0.01,4,5176,中性盘
308,10:21:06,12.94,0.0,31,40114,卖盘
309,10:21:10,12.94,0.0,102,132040,卖盘
310,10:21:16,12.94,0.0,2,2588,卖盘
311,10:21:18,12.94,0.0,69,89286,卖盘
312,10:21:22,12.95,0.01,4,5178,买盘
313,10:21:25,12.94,-0.01,58,75060,卖盘
314,10:21:28,12.95,0.01,45,58261,买盘
315,10:21:31,12.95,0.0,7,9065,买盘
316,10:21:34,12.95,0.0,69,89355,买盘
317,10:21:37,12.96,0.01,156,202176,买盘
318,10:21:39,12.96,0.0,15,19440,买盘
319,10:21:46,12.96,0.0,306,396576,买盘
320,10:21:49,12.96,0.0,14,18144,买盘
321,10:21:52,12.96,0.0,45,58320,买盘
322,10:21:55,12.96,0.0,10,12960,买盘
323,10:21:57,12.96,0.0,24,31104,买盘
324,10:22:00,12.96,0.0,4,5184,卖盘
325,10:22:06,12.99,0.03,118,153200,买盘
326,10:22:10,12.99,0.0,2,2598,卖盘
327,10:22:13,12.96,-0.03,109,141372,卖盘
328,10:22:19,13.0,0.04,69,89668,买盘
329,10:22:25,12.98,-0.02,90,116820,买盘
330,10:22:27,12.96,-0.02,36,46678,卖盘
331,10:22:34,12.98,0.02,22,28521,买盘
332,10:22:37,12.98,0.0,15,19470,买盘
333,10:22:40,12.98,0.0,20,25960,买盘
334,10:22:43,12.98,0.0,10,12980,买盘
335,10:22:46,12.98,0.0,50,64903,卖盘
336,10:22:49,12.96,-0.02,71,92197,卖盘
337,10:22:55,12.98,0.02,30,38949,卖盘
338,10:22:58,12.98,0.0,49,63538,买盘
339,10:23:04,12.97,-0.01,13,16851,中性盘
340,10:23:06,12.98,0.01,67,86960,买盘
341,10:23:09,12.98,0.0,7,9086,卖盘
342,10:23:16,12.99,0.01,38,49359,买盘
343,10:23:19,12.99,0.0,8,10392,买盘
344,10:23:22,12.99,0.0,41,53259,买盘
345,10:23:25,12.99,0.0,1,1299,卖盘
346,10:23:30,12.99,0.0,18,23392,卖盘
347,10:23:34,13.0,0.01,71,92300,买盘
348,10:23:37,13.0,0.0,31,40300,买盘
349,10:23:43,13.01,0.01,4,5204,买盘
350,10:23:45,13.02,0.01,7,9114,买盘
351,10:23:49,13.02,0.0,3,3906,买盘
352,10:23:55,13.02,0.0,5,6510,买盘
353,10:24:01,13.02,0.0,14,18228,买盘
354,10:24:07,13.02,0.0,7,9116,卖盘
355,10:24:10,13.07,0.05,37,48341,买盘
356,10:24:13,13.07,0.0,5,6535,卖盘
357,10:24:16,13.05,-0.02,8,10452,卖盘
358,10:24:19,13.07,0.02,1,1307,中性盘
359,10:24:21,13.08,0.01,57,74464,买盘
360,10:24:25,13.06,-0.02,61,79666,买盘
361,10:24:28,13.08,0.02,213,278477,买盘
362,10:24:31,13.06,-0.02,122,159564,卖盘
363,10:24:34,13.09,0.03,39,51043,买盘
364,10:24:37,13.1,0.01,7,9165,买盘
365,10:24:40,13.1,0.0,154,201557,买盘
366,10:24:42,13.09,-0.01,75,98145,卖盘
367,10:24:46,13.08,-0.01,57,74570,卖盘
368,10:24:49,13.06,-0.02,46,60082,卖盘
369,10:24:52,13.06,0.0,73,95293,买盘
370,10:24:55,13.06,0.0,214,280059,买盘
371,10:24:58,13.06,0.0,5,6530,中性盘
372,10:25:04,13.13,0.07,249,325767,买盘
373,10:25:07,13.06,-0.07,48,62996,卖盘
374,10:25:10,13.07,0.01,32,41824,买盘
375,10:25:13,13.07,0.0,11,14377,买盘
376,10:25:16,13.07,0.0,10,13069,买盘
377,10:25:18,13.07,0.0,3,3921,买盘
378,10:25:22,13.09,0.02,40,52342,买盘
379,10:25:28,13.09,0.0,56,73274,买盘
380,10:25:30,13.09,0.0,34,44476,买盘
381,10:25:33,13.08,-0.01,41,53647,卖盘
382,10:25:36,13.08,0.0,2,2616,卖盘
383,10:25:39,13.09,0.01,128,167392,买盘
384,10:25:42,13.09,0.0,66,86326,卖盘
385,10:25:45,13.09,0.0,20,26148,卖盘
386,10:25:49,13.09,0.0,24,31416,买盘
387,10:25:52,13.07,-0.02,10,13071,卖盘
388,10:25:55,13.08,0.01,49,64050,买盘
389,10:25:58,13.06,-0.02,103,134528,卖盘
390,10:26:01,13.06,0.0,5,6530,中性盘
391,10:26:04,13.07,0.01,13,16991,卖盘
392,10:26:07,13.07,0.0,38,49666,买盘
393,10:26:10,13.06,-0.01,9,11757,卖盘
394,10:26:13,13.06,0.0,119,155393,买盘
395,10:26:16,13.05,-0.01,35,45731,卖盘
396,10:26:18,13.05,0.0,55,71725,买盘
397,10:26:22,13.05,0.0,33,43058,买盘
398,10:26:25,13.05,0.0,31,40455,卖盘
399,10:26:27,13.05,0.0,25,32625,卖盘
400,10:26:30,13.06,0.01,21,27407,买盘
401,10:26:34,13.05,-0.01,1,1305,卖盘
402,10:26:40,13.04,-0.01,32,41744,卖盘
403,10:26:43,13.05,0.01,6,7830,买盘
404,10:26:49,13.05,0.0,5,6525,买盘
405,10:26:52,13.05,0.0,12,15660,买盘
406,10:26:58,13.05,0.0,9,11745,买盘
407,10:27:01,13.04,-0.01,27,35208,卖盘
408,10:27:04,13.05,0.01,28,36515,买盘
409,10:27:06,13.05,0.0,10,13050,买盘
410,10:27:16,13.05,0.0,52,67860,买盘
411,10:27:19,13.05,0.0,36,46980,买盘
412,10:27:22,13.05,0.0,4,5220,卖盘
413,10:27:25,13.05,0.0,8,10440,卖盘
414,10:27:31,13.06,0.01,15,19588,买盘
415,10:27:33,13.05,-0.01,40,52200,卖盘
416,10:27:37,13.06,0.01,20,26114,买盘
417,10:27:42,13.06,0.0,24,31344,买盘
418,10:27:46,13.06,0.0,20,26120,卖盘
419,10:27:48,13.07,0.01,5,6535,买盘
420,10:27:55,13.07,0.0,21,27447,买盘
421,10:27:58,13.09,0.02,100,130761,买盘
422,10:28:07,13.09,0.0,10,13080,买盘
423,10:28:13,13.09,0.0,58,75922,买盘
424,10:28:21,13.1,0.01,34,44540,买盘
425,10:28:25,13.1,0.0,10,13100,卖盘
426,10:28:28,13.12,0.02,1,1312,买盘
427,10:28:31,13.1,-0.02,25,32778,卖盘
428,10:28:40,13.1,0.0,16,20961,卖盘
429,10:28:43,13.12,0.02,61,79979,买盘
430,10:28:46,13.1,-0.02,11,14410,卖盘
431,10:28:48,13.11,0.01,6,7866,中性盘
432,10:28:52,13.11,0.0,16,20978,卖盘
433,10:28:55,13.11,0.0,44,57725,卖盘
434,10:29:01,13.11,0.0,15,19665,卖盘
435,10:29:07,13.11,0.0,17,22287,卖盘
436,10:29:10,13.12,0.01,220,288460,买盘
437,10:29:13,13.12,0.0,5,6560,卖盘
438,10:29:16,13.13,0.01,18,23634,买盘
439,10:29:18,13.12,-0.01,12,15751,卖盘
440,10:29:22,13.13,0.01,7,9191,买盘
441,10:29:24,13.14,0.01,1,1314,买盘
442,10:29:28,13.14,0.0,13,17082,买盘
443,10:29:31,13.14,0.0,28,36787,买盘
444,10:29:33,13.14,0.0,13,17082,买盘
445,10:29:36,13.14,0.0,8,10512,买盘
446,10:29:40,13.14,0.0,8,10512,买盘
447,10:29:43,13.15,0.01,85,111759,买盘
448,10:29:49,13.15,0.0,10,13150,买盘
449,10:29:52,13.15,0.0,19,24987,买盘
450,10:29:58,13.15,0.0,10,13150,卖盘
451,10:30:01,13.16,0.01,15,19740,买盘
452,10:30:04,13.16,0.0,16,21056,卖盘
453,10:30:10,13.2,0.04,35,46146,买盘
454,10:30:13,13.18,-0.02,13,17134,中性盘
455,10:30:18,13.2,0.02,21,27720,买盘
456,10:30:22,13.2,0.0,8,10560,买盘
457,10:30:25,13.2,0.0,19,25089,卖盘
458,10:30:34,13.21,0.01,10,13210,中性盘
459,10:30:37,13.24,0.03,12,15874,买盘
460,10:30:40,13.24,0.0,35,46325,买盘
461,10:30:43,13.24,0.0,44,58237,买盘
462,10:30:46,13.24,0.0,9,11916,买盘
463,10:30:49,13.21,-0.03,20,26420,卖盘
464,10:30:55,13.21,0.0,64,84606,卖盘
465,10:30:58,13.22,0.01,9,11896,买盘
466,10:31:00,13.21,-0.01,14,18497,卖盘
467,10:31:04,13.23,0.02,106,140164,买盘
468,10:31:07,13.22,-0.01,50,66083,中性盘
469,10:31:10,13.22,0.0,25,33050,卖盘
470,10:31:13,13.21,-0.01,43,56809,卖盘
471,10:31:16,13.21,0.0,63,83223,卖盘
472,10:31:19,13.22,0.01,186,245784,买盘
473,10:31:21,13.22,0.0,83,109731,卖盘
474,10:31:24,13.22,0.0,167,220781,卖盘
475,10:31:28,13.2,-0.02,305,402635,卖盘
476,10:31:31,13.2,0.0,1,1320,买盘
477,10:31:34,13.2,0.0,62,81840,买盘
478,10:31:37,13.18,-0.02,68,89716,卖盘
479,10:31:42,13.18,0.0,82,108113,卖盘
480,10:31:49,13.15,-0.03,38,49983,卖盘
481,10:32:00,13.15,0.0,5,6575,中性盘
482,10:32:04,13.17,0.02,15,19737,买盘
483,10:32:10,13.15,-0.02,15,19725,卖盘
484,10:32:13,13.17,0.02,12,15796,买盘
485,10:32:16,13.15,-0.02,35,46025,卖盘
486,10:32:19,13.17,0.02,50,65850,买盘
487,10:32:22,13.18,0.01,16,21048,买盘
488,10:32:27,13.17,-0.01,1,1317,卖盘
489,10:32:33,13.18,0.01,5,6590,买盘
490,10:32:37,13.17,-0.01,34,44798,卖盘
491,10:32:40,13.18,0.01,14,18447,买盘
492,10:32:43,13.19,0.01,23,30305,买盘
493,10:32:46,13.18,-0.01,5,6590,卖盘
494,10:32:49,13.18,0.0,14,18452,卖盘
495,10:32:52,13.18,0.0,15,19770,买盘
496,10:32:55,13.18,0.0,4,5272,买盘
497,10:32:58,13.18,0.0,39,51365,买盘
498,10:33:01,13.17,-0.01,29,38208,卖盘
499,10:33:13,13.15,-0.02,22,28934,卖盘
500,10:33:16,13.15,0.0,22,28950,卖盘
501,10:33:22,13.14,-0.01,126,165564,卖盘
502,10:33:25,13.14,0.0,7,9198,买盘
503,10:33:27,13.14,0.0,10,13140,买盘
504,10:33:31,13.13,-0.01,7,9191,卖盘
505,10:33:34,13.13,0.0,25,32825,卖盘
506,10:33:37,13.13,0.0,120,157560,卖盘
507,10:33:40,13.13,0.0,2,2626,买盘
508,10:33:43,13.12,-0.01,10,13120,卖盘
509,10:33:46,13.12,0.0,29,38048,卖盘
510,10:33:49,13.13,0.01,1,1313,买盘
511,10:33:52,13.13,0.0,1,1313,买盘
512,10:33:55,13.12,-0.01,20,26240,卖盘
513,10:33:58,13.12,0.0,45,59047,卖盘
514,10:34:01,13.11,-0.01,10,13110,卖盘
515,10:34:04,13.13,0.02,155,203263,买盘
516,10:34:07,13.13,0.0,15,19690,买盘
517,10:34:10,13.12,-0.01,69,90578,卖盘
518,10:34:13,13.13,0.01,14,18382,买盘
519,10:34:15,13.13,0.0,15,19695,买盘
520,10:34:19,13.13,0.0,27,35451,买盘
521,10:34:24,13.13,0.0,129,169271,买盘
522,10:34:27,13.12,-0.01,17,22304,卖盘
523,10:34:37,13.12,0.0,11,14432,买盘
524,10:34:40,13.12,0.0,10,13120,买盘
525,10:34:43,13.08,-0.04,94,123139,卖盘
526,10:34:46,13.12,0.04,38,49728,买盘
527,10:34:51,13.12,0.0,20,26240,买盘
528,10:34:57,13.08,-0.04,8,10464,卖盘
529,10:35:01,13.11,0.03,13,17007,买盘
530,10:35:04,13.11,0.0,1,1311,买盘
531,10:35:10,13.09,-0.02,3,3927,卖盘
532,10:35:12,13.11,0.02,32,41921,买盘
533,10:35:16,13.11,0.0,4,5244,卖盘
534,10:35:19,13.12,0.01,3,3936,买盘
535,10:35:24,13.12,0.0,46,60347,买盘
536,10:35:30,13.09,-0.03,32,41894,卖盘
537,10:35:34,13.12,0.03,27,35406,买盘
538,10:35:37,13.12,0.0,22,28864,卖盘
539,10:35:39,13.12,0.0,10,13120,卖盘
540,10:35:45,13.12,0.0,2,2624,卖盘
541,10:35:48,13.09,-0.03,54,70769,卖盘
542,10:35:52,13.13,0.04,1,1313,买盘
543,10:35:55,13.12,-0.01,1,1312,卖盘
544,10:35:58,13.12,0.0,70,91910,卖盘
545,10:36:01,13.09,-0.03,11,14407,卖盘
546,10:36:04,13.1,0.01,42,55086,中性盘
547,10:36:15,13.1,0.0,10,13100,卖盘
548,10:36:18,13.1,0.0,23,30120,买盘
549,10:36:31,13.1,0.0,8,10480,卖盘
550,10:36:34,13.1,0.0,1,1310,卖盘
551,10:36:40,13.09,-0.01,14,18326,卖盘
552,10:36:43,13.09,0.0,4,5236,买盘
553,10:36:55,13.09,0.0,7,9162,买盘
554,10:36:58,13.09,0.0,10,13090,买盘
555,10:37:01,13.08,-0.01,2,2616,卖盘
556,10:37:04,13.09,0.01,12,15708,买盘
557,10:37:07,13.1,0.01,7,9170,买盘
558,10:37:10,13.09,-0.01,3,3927,卖盘
559,10:37:16,13.1,0.01,36,47160,买盘
560,10:37:19,13.1,0.0,9,11790,卖盘
561,10:37:22,13.11,0.01,4,5243,买盘
562,10:38:00,13.13,0.02,4,5252,卖盘
563,10:38:10,13.14,0.01,9,11821,买盘
564,10:38:13,13.13,-0.01,1,1313,卖盘
565,10:38:22,13.13,0.0,1,1313,卖盘
566,10:38:25,13.14,0.01,38,49932,买盘
567,10:38:31,13.14,0.0,20,26280,卖盘
568,10:38:40,13.14,0.0,5,6570,卖盘
569,10:38:43,13.14,0.0,50,65700,卖盘
570,10:38:46,13.15,0.01,30,39444,买盘
571,10:38:49,13.14,-0.01,2,2628,卖盘
572,10:38:51,13.14,0.0,5,6570,卖盘
573,10:38:55,13.15,0.01,13,17090,买盘
574,10:38:58,13.14,-0.01,100,131412,卖盘
575,10:39:07,13.18,0.04,51,67173,买盘
576,10:39:10,13.18,0.0,12,15816,卖盘
577,10:39:13,13.19,0.01,15,19785,买盘
578,10:39:16,13.19,0.0,133,175164,买盘
579,10:39:22,13.2,0.01,17,22438,买盘
580,10:39:24,13.19,-0.01,8,10557,卖盘
581,10:39:28,13.19,0.0,17,22438,卖盘
582,10:39:31,13.19,0.0,3,3957,卖盘
583,10:39:34,13.19,0.0,3,3957,卖盘
584,10:39:55,13.18,-0.01,2,2637,中性盘
585,10:40:13,13.15,-0.03,18,23688,卖盘
586,10:40:21,13.15,0.0,3,3947,卖盘
587,10:40:37,13.15,0.0,30,39450,卖盘
588,10:40:43,13.15,0.0,5,6579,卖盘
589,10:40:52,13.15,0.0,28,36820,卖盘
590,10:41:04,13.14,-0.01,15,19722,卖盘
591,10:41:07,13.15,0.01,24,31560,买盘
592,10:41:10,13.14,-0.01,5,6570,卖盘
593,10:41:13,13.14,0.0,2,2628,卖盘
594,10:41:18,13.14,0.0,6,7886,卖盘
595,10:41:22,13.15,0.01,27,35500,买盘
596,10:41:31,13.14,-0.01,12,15768,卖盘
597,10:41:36,13.14,0.0,2,2628,卖盘
598,10:41:43,13.14,0.0,80,105120,卖盘
599,10:41:46,13.14,0.0,1,1314,卖盘
600,10:41:48,13.14,0.0,13,17092,卖盘
601,10:41:52,13.15,0.01,25,32875,买盘
602,10:41:55,13.14,-0.01,5,6570,卖盘
603,10:41:58,13.15,0.01,3,3945,买盘
604,10:42:01,13.14,-0.01,8,10512,卖盘
605,10:42:04,13.1,-0.04,38,49858,卖盘
606,10:42:07,13.14,0.04,8,10512,中性盘
607,10:42:10,13.14,0.0,10,13140,卖盘
608,10:42:13,13.14,0.0,24,31536,卖盘
609,10:42:22,13.14,0.0,31,40734,卖盘
610,10:42:25,13.14,0.0,27,35478,卖盘
611,10:42:52,13.11,-0.03,6,7866,卖盘
612,10:43:13,13.11,0.0,18,23598,买盘
613,10:43:16,13.1,-0.01,27,35370,卖盘
614,10:43:21,13.1,0.0,16,20960,卖盘
615,10:43:28,13.1,0.0,78,102180,买盘
616,10:43:31,13.1,0.0,42,55020,卖盘
617,10:43:37,13.1,0.0,4,5240,卖盘
618,10:43:40,13.11,0.01,3,3933,买盘
619,10:43:43,13.1,-0.01,25,32750,卖盘
620,10:43:48,13.11,0.01,23,30153,买盘
621,10:44:13,13.12,0.01,8,10496,卖盘
622,10:44:19,13.11,-0.01,40,52440,卖盘
623,10:44:25,13.11,0.0,167,218937,买盘
624,10:44:30,13.11,0.0,28,36708,买盘
625,10:44:43,13.1,-0.01,46,60261,卖盘
626,10:44:49,13.1,0.0,21,27510,卖盘
627,10:44:55,13.1,0.0,6,7860,卖盘
628,10:44:58,13.1,0.0,10,13100,卖盘
629,10:45:07,13.1,0.0,8,10480,卖盘
630,10:45:10,13.1,0.0,26,34060,卖盘
631,10:45:52,13.1,0.0,40,52400,卖盘
632,10:45:55,13.1,0.0,2,2620,卖盘
633,10:45:58,13.1,0.0,3,3930,卖盘
634,10:46:10,13.08,-0.02,50,65447,卖盘
635,10:46:18,13.08,0.0,5,6540,卖盘
636,10:46:22,13.1,0.02,7,9170,买盘
637,10:46:34,13.1,0.0,2,2620,卖盘
638,10:46:55,13.09,-0.01,18,23562,卖盘
639,10:47:09,13.12,0.03,71,93049,买盘
640,10:47:16,13.12,0.0,34,44608,买盘
641,10:47:28,13.13,0.01,8,10504,买盘
642,10:47:37,13.12,-0.01,33,43304,卖盘
643,10:47:49,13.12,0.0,17,22304,买盘
644,10:48:01,13.12,0.0,13,17056,卖盘
645,10:48:25,13.12,0.0,17,22304,买盘
646,10:48:37,13.12,0.0,3,3936,卖盘
647,10:48:46,13.12,0.0,12,15744,卖盘
648,10:49:04,13.12,0.0,26,34112,买盘
649,10:49:07,13.12,0.0,5,6560,卖盘
650,10:49:19,13.12,0.0,7,9184,卖盘
651,10:49:22,13.12,0.0,16,20992,卖盘
652,10:49:49,13.12,0.0,103,135216,卖盘
653,10:49:52,13.12,0.0,1,1312,卖盘
654,10:49:57,13.13,0.01,10,13130,买盘
655,10:50:07,13.12,-0.01,4,5248,卖盘
656,10:50:10,13.12,0.0,20,26240,卖盘
657,10:50:12,13.13,0.01,15,19690,买盘
658,10:50:21,13.12,-0.01,3,3936,卖盘
659,10:50:25,13.12,0.0,2,2624,卖盘
660,10:50:34,13.1,-0.02,19,24908,卖盘
661,10:50:48,13.1,0.0,10,13100,卖盘
662,10:50:52,13.1,0.0,2,2620,卖盘
663,10:51:06,13.13,0.03,103,135207,买盘
664,10:51:13,13.1,-0.03,10,13118,卖盘
665,10:52:01,13.13,0.03,12,15756,买盘
666,10:52:16,13.13,0.0,3,3939,卖盘
667,10:52:22,13.14,0.01,40,52560,买盘
668,10:52:31,13.14,0.0,41,53874,买盘
669,10:52:40,13.13,-0.01,7,9197,卖盘
670,10:52:49,13.15,0.02,37,48655,买盘
671,10:52:52,13.13,-0.02,17,22337,卖盘
672,10:52:57,13.13,0.0,3,3939,买盘
673,10:53:00,13.16,0.03,22,28948,买盘
674,10:53:09,13.15,-0.01,12,15780,买盘
675,10:53:31,13.14,-0.01,7,9198,买盘
676,10:53:37,13.13,-0.01,3,3939,卖盘
677,10:53:45,13.13,0.0,19,24947,买盘
678,10:53:55,13.13,0.0,5,6565,卖盘
679,10:53:58,13.13,0.0,28,36764,卖盘
680,10:54:19,13.1,-0.03,20,26219,卖盘
681,10:54:37,13.1,0.0,6,7860,卖盘
682,10:54:40,13.11,0.01,1,1311,买盘
683,10:54:49,13.1,-0.01,5,6550,卖盘
684,10:55:13,13.1,0.0,2,2620,卖盘
685,10:55:16,13.11,0.01,1,1311,买盘
686,10:55:21,13.1,-0.01,5,6550,卖盘
687,10:55:28,13.11,0.01,30,39330,买盘
688,10:55:31,13.1,-0.01,10,13100,卖盘
689,10:55:34,13.1,0.0,12,15720,卖盘
690,10:55:37,13.1,0.0,97,127070,卖盘
691,10:56:01,13.1,0.0,3,3930,买盘
692,10:56:04,13.09,-0.01,46,60216,卖盘
693,10:56:24,13.08,-0.01,37,48396,卖盘
694,10:56:31,13.08,0.0,35,45780,卖盘
695,10:56:34,13.08,0.0,12,15696,卖盘
696,10:56:40,13.07,-0.01,10,13070,卖盘
697,10:56:57,13.07,0.0,10,13070,卖盘
698,10:57:06,13.07,0.0,19,24833,卖盘
699,10:57:13,13.07,0.0,9,11763,卖盘
700,10:57:19,13.06,-0.01,2,2612,卖盘
701,10:57:31,13.07,0.01,22,28734,买盘
702,10:57:49,13.07,0.0,11,14377,买盘
703,10:58:03,13.08,0.01,3,3924,买盘
704,10:58:09,13.07,-0.01,10,13070,卖盘
705,10:58:16,13.08,0.01,35,45780,买盘
706,10:58:31,13.07,-0.01,45,58821,卖盘
707,10:58:40,13.08,0.01,7,9151,买盘
708,10:58:46,13.07,-0.01,5,6535,买盘
709,10:58:52,13.07,0.0,10,13070,买盘
710,10:58:57,13.07,0.0,6,7842,买盘
711,10:59:37,13.08,0.01,40,52320,卖盘
712,10:59:48,13.09,0.01,51,66759,买盘
713,10:59:51,13.09,0.0,22,28798,买盘
714,10:59:58,13.09,0.0,1,1309,买盘
715,11:00:10,13.09,0.0,11,14399,买盘
716,11:00:37,13.08,-0.01,11,14388,卖盘
717,11:00:43,13.08,0.0,1,1308,卖盘
718,11:01:04,13.08,0.0,5,6540,卖盘
719,11:01:13,13.09,0.01,19,24871,买盘
720,11:02:04,13.06,-0.03,148,193367,卖盘
721,11:02:31,13.06,0.0,10,13060,卖盘
722,11:02:39,13.06,0.0,7,9142,卖盘
723,11:02:54,13.05,-0.01,31,40455,卖盘
724,11:03:13,13.05,0.0,37,48285,卖盘
725,11:03:28,13.05,0.0,29,37845,卖盘
726,11:03:54,13.04,-0.01,13,16952,卖盘
727,11:04:01,13.04,0.0,10,13040,卖盘
728,11:04:09,13.04,0.0,1,1304,卖盘
729,11:04:25,13.04,0.0,1,1304,卖盘
730,11:04:28,13.04,0.0,5,6520,买盘
731,11:04:42,13.03,-0.01,4,5212,卖盘
732,11:04:46,13.04,0.01,21,27384,买盘
733,11:04:55,13.04,0.0,13,16952,卖盘
734,11:04:58,13.04,0.0,2,2608,买盘
735,11:05:01,13.03,-0.01,10,13033,卖盘
736,11:05:24,13.05,0.02,10,13050,买盘
737,11:05:31,13.03,-0.02,9,11727,卖盘
738,11:06:06,13.04,0.01,1,1304,卖盘
739,11:06:12,13.05,0.01,1,1305,买盘
740,11:06:18,13.05,0.0,5,6525,买盘
741,11:06:31,13.05,0.0,48,62640,买盘
742,11:06:36,13.04,-0.01,10,13040,卖盘
743,11:06:49,13.04,0.0,3,3912,卖盘
744,11:07:22,13.04,0.0,7,9128,卖盘
745,11:07:37,13.05,0.01,10,13050,买盘
746,11:07:40,13.05,0.0,10,13042,买盘
747,11:07:49,13.05,0.0,229,298845,买盘
748,11:07:57,13.05,0.0,2,2610,买盘
749,11:08:04,13.05,0.0,5,6525,买盘
750,11:08:25,13.05,0.0,20,26100,买盘
751,11:08:46,13.04,-0.01,1,1304,卖盘
752,11:09:25,13.05,0.01,170,221850,买盘
753,11:09:34,13.05,0.0,9,11745,买盘
754,11:09:40,13.05,0.0,2,2610,买盘
755,11:09:43,13.05,0.0,2,2610,买盘
756,11:09:45,13.05,0.0,22,28710,买盘
757,11:09:48,13.05,0.0,30,39150,买盘
758,11:09:51,13.04,-0.01,20,26080,卖盘
759,11:09:58,13.05,0.01,4,5220,买盘
760,11:10:06,13.05,0.0,3,3915,买盘
761,11:10:10,13.05,0.0,28,36540,买盘
762,11:10:13,13.05,0.0,10,13050,买盘
763,11:10:25,13.05,0.0,10,13050,买盘
764,11:10:28,13.05,0.0,7,9135,买盘
765,11:10:34,13.05,0.0,50,65250,买盘
766,11:10:37,13.05,0.0,38,49590,买盘
767,11:11:01,13.06,0.01,22,28732,买盘
768,11:11:04,13.06,0.0,1,1306,买盘
769,11:11:49,13.08,0.02,10,13080,买盘
770,11:11:58,13.09,0.01,16,20939,买盘
771,11:12:01,13.09,0.0,1,1309,买盘
772,11:12:09,13.07,-0.02,1,1307,卖盘
773,11:12:16,13.07,0.0,1,1307,卖盘
774,11:12:31,13.09,0.02,3,3927,买盘
775,11:12:40,13.09,0.0,3,3927,买盘
776,11:12:46,13.09,0.0,35,45815,买盘
777,11:12:49,13.08,-0.01,3,3924,卖盘
778,11:12:52,13.07,-0.01,27,35289,卖盘
779,11:13:30,13.07,0.0,29,37903,卖盘
780,11:13:46,13.07,0.0,10,13070,买盘
781,11:14:04,13.07,0.0,10,13070,买盘
782,11:14:13,13.06,-0.01,10,13060,卖盘
783,11:14:19,13.06,0.0,2,2612,卖盘
784,11:14:43,13.06,0.0,7,9142,卖盘
785,11:14:49,13.06,0.0,3,3918,卖盘
786,11:14:55,13.07,0.01,28,36596,买盘
787,11:15:01,13.07,0.0,5,6535,卖盘
788,11:15:06,13.07,0.0,5,6535,卖盘
789,11:15:15,13.08,0.01,19,24837,买盘
790,11:15:28,13.09,0.01,4,5236,买盘
791,11:16:13,13.1,0.01,10,13100,买盘
792,11:16:33,13.09,-0.01,20,26180,卖盘
793,11:17:16,13.1,0.01,29,37990,买盘
794,11:17:24,13.1,0.0,4,5240,买盘
795,11:17:34,13.09,-0.01,3,3927,卖盘
796,11:18:01,13.1,0.01,143,187330,买盘
797,11:18:06,13.1,0.0,9,11790,卖盘
798,11:18:13,13.11,0.01,20,26220,买盘
799,11:18:36,13.1,-0.01,32,41920,卖盘
800,11:18:40,13.11,0.01,11,14421,买盘
801,11:19:04,13.11,0.0,3,3933,买盘
802,11:19:16,13.11,0.0,9,11799,买盘
803,11:19:28,13.11,0.0,5,6555,卖盘
804,11:19:58,13.12,0.01,7,9184,买盘
805,11:20:04,13.12,0.0,7,9182,买盘
806,11:20:07,13.12,0.0,5,6560,买盘
807,11:20:36,13.11,-0.01,3,3933,卖盘
808,11:20:46,13.11,0.0,9,11799,卖盘
809,11:21:16,13.09,-0.02,3,3927,卖盘
810,11:21:42,13.09,0.0,15,19641,卖盘
811,11:22:06,13.09,0.0,22,28798,买盘
812,11:22:09,13.08,-0.01,20,26160,卖盘
813,11:22:42,13.08,0.0,10,13080,买盘
814,11:22:46,13.08,0.0,4,5232,卖盘
815,11:22:58,13.08,0.0,4,5232,卖盘
816,11:23:55,13.08,0.0,1,1308,卖盘
817,11:24:07,13.08,0.0,5,6540,卖盘
818,11:24:34,13.08,0.0,3,3924,卖盘
819,11:24:43,13.09,0.01,10,13090,买盘
820,11:25:04,13.09,0.0,3,3927,买盘
821,11:25:06,13.09,0.0,2,2618,买盘
822,11:25:09,13.09,0.0,3,3927,买盘
823,11:25:25,13.08,-0.01,6,7848,卖盘
824,11:25:58,13.07,-0.01,79,103262,卖盘
825,11:26:22,13.07,0.0,15,19625,卖盘
826,11:26:49,13.07,0.0,5,6535,卖盘
827,11:28:40,13.09,0.02,16,20944,买盘
828,11:28:43,13.08,-0.01,31,40548,卖盘
829,11:28:55,13.08,0.0,22,28776,卖盘
830,11:29:04,13.08,0.0,8,10464,买盘
831,11:29:25,13.09,0.01,4,5236,买盘
832,11:29:33,13.09,0.0,8,10472,买盘
833,11:29:46,13.09,0.0,8,10472,买盘
834,11:29:52,13.09,0.0,4,5236,买盘
835,11:30:01,13.1,0.01,8,10480,买盘
836,13:00:05,13.1,0.0,83,108747,买盘
837,13:00:07,13.11,0.01,14,18354,买盘
838,13:00:13,13.1,-0.01,5,6554,卖盘
839,13:00:58,13.1,0.0,15,19650,卖盘
840,13:01:34,13.11,0.01,1,1311,卖盘
841,13:02:25,13.11,0.0,12,15732,买盘
842,13:02:39,13.11,0.0,5,6555,买盘
843,13:02:55,13.11,0.0,10,13110,买盘
844,13:04:25,13.1,-0.01,1,1310,卖盘
845,13:04:46,13.1,0.0,58,75980,卖盘
846,13:05:06,13.1,0.0,1,1310,卖盘
847,13:05:09,13.1,0.0,26,34060,卖盘
848,13:05:39,13.1,0.0,20,26200,卖盘
849,13:06:19,13.11,0.01,1,1311,买盘
850,13:06:24,13.1,-0.01,16,20960,卖盘
851,13:06:31,13.11,0.01,5,6555,买盘
852,13:06:43,13.11,0.0,28,36708,买盘
853,13:07:01,13.11,0.0,6,7866,卖盘
854,13:07:07,13.12,0.01,10,13120,买盘
855,13:07:12,13.12,0.0,5,6560,买盘
856,13:07:16,13.12,0.0,33,43296,买盘
857,13:07:46,13.12,0.0,40,52480,买盘
858,13:07:51,13.12,0.0,1,1312,买盘
859,13:07:55,13.12,0.0,64,83968,买盘
860,13:08:10,13.12,0.0,4,5248,买盘
861,13:08:28,13.12,0.0,3,3936,卖盘
862,13:08:30,13.12,0.0,7,9184,卖盘
863,13:09:01,13.13,0.01,1,1313,买盘
864,13:09:04,13.12,-0.01,5,6560,卖盘
865,13:09:34,13.12,0.0,30,39360,卖盘
866,13:09:43,13.12,0.0,23,30950,卖盘
867,13:09:49,13.12,0.0,15,18906,卖盘
868,13:10:10,13.12,0.0,5,6560,买盘
869,13:10:19,13.11,-0.01,10,13110,卖盘
870,13:10:40,13.12,0.01,2,3398,买盘
871,13:10:48,13.13,0.01,7,9191,买盘
872,13:11:19,13.13,0.0,13,17069,买盘
873,13:11:33,13.12,-0.01,44,56954,卖盘
874,13:11:43,13.11,-0.01,25,32775,卖盘
875,13:12:00,13.12,0.01,5,7334,买盘
876,13:12:55,13.12,0.0,20,26240,卖盘
877,13:12:58,13.13,0.01,82,107666,买盘
878,13:13:25,13.14,0.01,3,3942,买盘
879,13:13:31,13.14,0.0,12,15768,买盘
880,13:13:33,13.14,0.0,486,638604,买盘
881,13:13:46,13.15,0.01,1,1315,买盘
882,13:13:52,13.15,0.0,6,7890,买盘
883,13:13:58,13.15,0.0,7,9205,买盘
884,13:14:01,13.15,0.0,67,88105,买盘
885,13:14:04,13.14,-0.01,34,44676,卖盘
886,13:14:07,13.15,0.01,10,13150,买盘
887,13:14:16,13.15,0.0,9,11835,买盘
888,13:14:18,13.15,0.0,14,18410,买盘
889,13:14:24,13.15,0.0,2,2630,买盘
890,13:14:58,13.15,0.0,2,2630,买盘
891,13:15:05,13.15,0.0,35,46025,买盘
892,13:15:13,13.16,0.01,16,21056,买盘
893,13:15:25,13.15,-0.01,20,26310,卖盘
894,13:15:40,13.15,0.0,2,2630,卖盘
895,13:15:42,13.16,0.01,22,28952,买盘
896,13:15:46,13.16,0.0,9,11844,卖盘
897,13:15:52,13.16,0.0,6,7896,卖盘
898,13:15:55,13.16,0.0,2,2632,卖盘
899,13:16:21,13.15,-0.01,5,6575,卖盘
900,13:16:28,13.15,0.0,5,6575,卖盘
901,13:16:51,13.15,0.0,20,26300,卖盘
902,13:16:55,13.15,0.0,1,1315,卖盘
903,13:17:01,13.15,0.0,5,6575,卖盘
904,13:17:16,13.14,-0.01,32,42060,卖盘
905,13:17:21,13.14,0.0,22,28908,卖盘
906,13:17:52,13.13,-0.01,18,23634,卖盘
907,13:18:07,13.13,0.0,2,2626,买盘
908,13:18:16,13.12,-0.01,30,39360,卖盘
909,13:18:22,13.13,0.01,15,19695,买盘
910,13:18:24,13.12,-0.01,4,5248,卖盘
911,13:18:34,13.13,0.01,20,26260,买盘
912,13:18:40,13.12,-0.01,10,13120,卖盘
913,13:18:43,13.12,0.0,12,15744,买盘
914,13:19:09,13.12,0.0,15,19680,买盘
915,13:19:21,13.11,-0.01,20,26220,卖盘
916,13:19:52,13.12,0.01,11,14430,买盘
917,13:19:57,13.11,-0.01,80,104880,卖盘
918,13:20:00,13.12,0.01,19,24928,买盘
919,13:20:07,13.11,-0.01,66,86526,卖盘
920,13:20:16,13.11,0.0,3,3933,买盘
921,13:20:18,13.11,0.0,10,13110,买盘
922,13:20:22,13.11,0.0,2,2622,买盘
923,13:20:40,13.11,0.0,5,6555,买盘
924,13:20:46,13.11,0.0,9,11799,买盘
925,13:20:52,13.11,0.0,1,1311,买盘
926,13:20:55,13.11,0.0,24,31464,买盘
927,13:22:28,13.13,0.02,24,31512,买盘
928,13:22:58,13.14,0.01,5,6570,买盘
929,13:23:06,13.14,0.0,71,93294,买盘
930,13:23:19,13.15,0.01,6,7890,买盘
931,13:23:27,13.15,0.0,1,1315,买盘
932,13:23:43,13.15,0.0,1,1315,买盘
933,13:23:49,13.15,0.0,9,11835,买盘
934,13:24:07,13.15,0.0,1,1315,买盘
935,13:24:10,13.15,0.0,14,18410,买盘
936,13:24:13,13.15,0.0,7,9205,买盘
937,13:24:24,13.15,0.0,2,2630,卖盘
938,13:24:31,13.15,0.0,5,6575,卖盘
939,13:24:37,13.16,0.01,1,1316,买盘
940,13:24:43,13.16,0.0,4,5264,买盘
941,13:24:48,13.15,-0.01,12,15780,卖盘
942,13:24:52,13.16,0.01,1,1316,买盘
943,13:24:58,13.15,-0.01,20,26300,卖盘
944,13:25:01,13.15,0.0,2,2630,卖盘
945,13:25:04,13.15,0.0,2,2630,卖盘
946,13:25:22,13.15,0.0,10,13150,买盘
947,13:25:25,13.15,0.0,6,7890,买盘
948,13:25:30,13.14,-0.01,7,9198,卖盘
949,13:25:43,13.15,0.01,11,14465,买盘
950,13:26:27,13.14,-0.01,6,7884,卖盘
951,13:26:34,13.14,0.0,30,39420,卖盘
952,13:26:46,13.15,0.01,115,151125,买盘
953,13:26:51,13.14,-0.01,4,5256,卖盘
954,13:26:55,13.14,0.0,2,2628,卖盘
955,13:27:10,13.14,0.0,4,5256,买盘
956,13:27:19,13.14,0.0,45,59130,买盘
957,13:27:22,13.15,0.01,10,13150,买盘
958,13:27:27,13.14,-0.01,7,9198,卖盘
959,13:27:36,13.14,0.0,4,5256,卖盘
960,13:27:52,13.14,0.0,13,17082,卖盘
961,13:28:16,13.14,0.0,15,19710,卖盘
962,13:28:21,13.15,0.01,10,13145,买盘
963,13:28:40,13.14,-0.01,11,14454,卖盘
964,13:28:46,13.13,-0.01,7,9191,卖盘
965,13:29:07,13.13,0.0,29,38080,卖盘
966,13:29:25,13.13,0.0,1,1313,卖盘
967,13:30:07,13.14,0.01,1,1314,买盘
968,13:30:19,13.12,-0.02,200,262455,卖盘
969,13:30:49,13.12,0.0,2,2624,卖盘
970,13:31:04,13.12,0.0,50,65600,卖盘
971,13:31:10,13.12,0.0,10,13120,卖盘
972,13:31:27,13.12,0.0,55,72160,卖盘
973,13:31:57,13.12,0.0,9,11808,卖盘
974,13:32:22,13.12,0.0,3,3936,卖盘
975,13:32:28,13.12,0.0,2,2624,卖盘
976,13:32:48,13.11,-0.01,25,32775,卖盘
977,13:33:13,13.13,0.02,4,5252,买盘
978,13:33:48,13.13,0.0,4,5252,买盘
979,13:33:52,13.11,-0.02,37,48509,卖盘
980,13:34:31,13.1,-0.01,50,65500,卖盘
981,13:35:10,13.1,0.0,16,20960,卖盘
982,13:35:31,13.09,-0.01,15,19635,卖盘
983,13:35:49,13.09,0.0,10,13090,卖盘
984,13:35:55,13.09,0.0,7,9163,卖盘
985,13:36:04,13.09,0.0,20,26180,卖盘
986,13:36:13,13.09,0.0,5,6545,卖盘
987,13:36:21,13.09,0.0,18,23562,卖盘
988,13:36:31,13.08,-0.01,10,13080,卖盘
989,13:36:37,13.08,0.0,50,65400,卖盘
990,13:36:40,13.08,0.0,10,13080,卖盘
991,13:36:46,13.08,0.0,3,3924,卖盘
992,13:37:18,13.08,0.0,5,6540,卖盘
993,13:37:27,13.08,0.0,12,15696,卖盘
994,13:37:30,13.08,0.0,25,32700,卖盘
995,13:37:37,13.09,0.01,21,27469,买盘
996,13:37:39,13.08,-0.01,8,10464,卖盘
997,13:37:45,13.09,0.01,33,43190,买盘
998,13:37:55,13.09,0.0,16,20944,卖盘
999,13:38:07,13.09,0.0,9,11781,卖盘
1000,13:38:22,13.1,0.01,97,127070,买盘
1001,13:38:40,13.09,-0.01,30,39273,卖盘
1002,13:38:49,13.09,0.0,22,28798,卖盘
1003,13:39:12,13.09,0.0,6,7854,买盘
1004,13:39:19,13.09,0.0,2,2618,卖盘
1005,13:39:37,13.09,0.0,5,6545,卖盘
1006,13:39:46,13.09,0.0,4,5236,卖盘
1007,13:40:10,13.09,0.0,1,1309,卖盘
1008,13:40:34,13.09,0.0,23,30107,买盘
1009,13:40:36,13.08,-0.01,152,198893,卖盘
1010,13:40:46,13.08,0.0,18,23544,卖盘
1011,13:40:49,13.08,0.0,5,6540,买盘
1012,13:41:07,13.07,-0.01,1,1307,卖盘
1013,13:41:19,13.07,0.0,413,539791,卖盘
1014,13:41:49,13.05,-0.02,12,15663,卖盘
1015,13:41:54,13.05,0.0,6,7830,卖盘
1016,13:41:58,13.05,0.0,20,26100,卖盘
1017,13:42:19,13.04,-0.01,13,16953,卖盘
1018,13:42:27,13.04,0.0,36,46944,买盘
1019,13:42:34,13.03,-0.01,1,1303,卖盘
1020,13:42:43,13.03,0.0,1,1303,卖盘
1021,13:42:52,13.03,0.0,1,1303,卖盘
1022,13:43:01,13.03,0.0,3,3909,卖盘
1023,13:43:10,13.04,0.01,8,10432,买盘
1024,13:43:27,13.06,0.02,37,48309,买盘
1025,13:43:58,13.07,0.01,20,26140,买盘
1026,13:44:04,13.07,0.0,5,6535,买盘
1027,13:44:49,13.07,0.0,44,57508,买盘
1028,13:45:33,13.07,0.0,8,10456,卖盘
1029,13:46:16,13.08,0.01,3,3924,买盘
1030,13:46:37,13.07,-0.01,7,9149,买盘
1031,13:46:39,13.07,0.0,4,5228,买盘
1032,13:47:19,13.06,-0.01,4,5224,卖盘
1033,13:47:22,13.07,0.01,10,13070,买盘
1034,13:47:54,13.07,0.0,1,1307,卖盘
1035,13:48:10,13.07,0.0,61,79727,卖盘
1036,13:48:42,13.07,0.0,12,15684,卖盘
1037,13:49:07,13.07,0.0,52,67964,卖盘
1038,13:49:10,13.08,0.01,7,9153,买盘
1039,13:49:24,13.08,0.0,1,1308,卖盘
1040,13:50:37,13.08,0.0,2,2616,买盘
1041,13:50:52,13.08,0.0,4,5232,买盘
1042,13:50:55,13.06,-0.02,43,56158,卖盘
1043,13:51:19,13.06,0.0,11,14365,买盘
1044,13:51:25,13.05,-0.01,4,5223,卖盘
1045,13:51:27,13.05,0.0,5,6525,买盘
1046,13:51:34,13.04,-0.01,3,3912,卖盘
1047,13:51:52,13.04,0.0,20,26080,卖盘
1048,13:52:01,13.05,0.01,1,1305,买盘
1049,13:52:12,13.04,-0.01,10,13042,卖盘
1050,13:52:46,13.07,0.03,10,13070,买盘
1051,13:53:10,13.07,0.0,1,1307,买盘
1052,13:53:16,13.07,0.0,10,13070,买盘
1053,13:53:39,13.08,0.01,40,52320,买盘
1054,13:53:45,13.07,-0.01,49,64043,卖盘
1055,13:53:52,13.07,0.0,20,26140,买盘
1056,13:53:55,13.07,0.0,1,1307,买盘
1057,13:53:58,13.07,0.0,9,11763,卖盘
1058,13:54:07,13.06,-0.01,1,1306,买盘
1059,13:54:42,13.07,0.01,20,26140,卖盘
1060,13:55:04,13.07,0.0,5,6535,卖盘
1061,13:55:28,13.08,0.01,3,3924,买盘
1062,13:55:55,13.09,0.01,20,26180,买盘
1063,13:56:10,13.09,0.0,2,2618,买盘
1064,13:56:25,13.1,0.01,5,6550,买盘
1065,13:56:40,13.1,0.0,15,19647,买盘
1066,13:56:57,13.11,0.01,6,7866,买盘
1067,13:57:07,13.1,-0.01,20,26217,卖盘
1068,13:57:25,13.12,0.02,3,3936,买盘
1069,13:58:34,13.12,0.0,2,2624,买盘
1070,14:00:01,13.12,0.0,66,86591,买盘
1071,14:00:04,13.12,0.0,2,2624,卖盘
1072,14:00:09,13.12,0.0,14,18368,卖盘
1073,14:00:19,13.12,0.0,3,3936,卖盘
1074,14:00:24,13.13,0.01,85,111605,买盘
1075,14:00:48,13.13,0.0,6,7878,买盘
1076,14:01:00,13.12,-0.01,25,32810,卖盘
1077,14:01:04,13.12,0.0,21,27552,卖盘
1078,14:01:06,13.12,0.0,7,9184,买盘
1079,14:01:33,13.12,0.0,6,7872,买盘
1080,14:01:40,13.12,0.0,5,6560,卖盘
1081,14:01:52,13.12,0.0,1,1312,卖盘
1082,14:02:01,13.12,0.0,2,2624,卖盘
1083,14:02:04,13.12,0.0,2,2624,卖盘
1084,14:02:15,13.12,0.0,5,6560,卖盘
1085,14:02:19,13.12,0.0,29,38048,卖盘
1086,14:02:34,13.11,-0.01,3,3933,中性盘
1087,14:02:45,13.11,0.0,5,6555,买盘
1088,14:02:52,13.11,0.0,3,3933,买盘
1089,14:03:31,13.12,0.01,20,26240,买盘
1090,14:03:43,13.12,0.0,3,3936,买盘
1091,14:04:21,13.11,-0.01,48,62928,卖盘
1092,14:06:10,13.1,-0.01,19,24890,卖盘
1093,14:06:16,13.11,0.01,15,19665,买盘
1094,14:07:07,13.1,-0.01,14,18340,卖盘
1095,14:07:52,13.1,0.0,10,13100,卖盘
1096,14:08:04,13.1,0.0,1,1310,卖盘
1097,14:08:13,13.09,-0.01,17,22253,卖盘
1098,14:08:31,13.08,-0.01,19,24852,卖盘
1099,14:08:46,13.09,0.01,4,5236,买盘
1100,14:09:04,13.09,0.0,1,1309,卖盘
1101,14:09:39,13.09,0.0,6,7854,买盘
1102,14:09:49,13.09,0.0,4,5236,卖盘
1103,14:10:31,13.1,0.01,2,2620,买盘
1104,14:10:57,13.1,0.0,3,3930,卖盘
1105,14:11:25,13.09,-0.01,1,1309,卖盘
1106,14:12:04,13.1,0.01,10,13100,买盘
1107,14:12:19,13.1,0.0,5,6550,买盘
1108,14:12:34,13.1,0.0,4,5240,卖盘
1109,14:12:45,13.1,0.0,13,17030,卖盘
1110,14:13:43,13.11,0.01,11,14421,买盘
1111,14:13:49,13.1,-0.01,15,19663,卖盘
1112,14:13:52,13.1,0.0,3,3930,卖盘
1113,14:13:55,13.11,0.01,4,5244,买盘
1114,14:14:19,13.1,-0.01,21,27510,卖盘
1115,14:14:34,13.1,0.0,40,52400,卖盘
1116,14:15:19,13.1,0.0,2,2620,卖盘
1117,14:15:21,13.1,0.0,1,1310,卖盘
1118,14:15:54,13.1,0.0,1,1310,卖盘
1119,14:16:13,13.1,0.0,11,14410,卖盘
1120,14:16:55,13.09,-0.01,2,2618,卖盘
1121,14:17:19,13.1,0.01,28,36680,买盘
1122,14:17:49,13.1,0.0,13,17030,卖盘
1123,14:17:55,13.09,-0.01,1,1309,卖盘
1124,14:17:57,13.1,0.01,5,6550,买盘
1125,14:18:04,13.1,0.0,11,14410,买盘
1126,14:18:10,13.09,-0.01,30,39270,卖盘
1127,14:18:31,13.09,0.0,56,73304,卖盘
1128,14:18:46,13.09,0.0,3,3927,买盘
1129,14:18:57,13.08,-0.01,19,24852,卖盘
1130,14:19:06,13.08,0.0,56,73248,卖盘
1131,14:19:13,13.08,0.0,10,13080,买盘
1132,14:19:25,13.07,-0.01,80,104560,卖盘
1133,14:19:31,13.07,0.0,7,9149,卖盘
1134,14:19:45,13.08,0.01,6,7845,买盘
1135,14:19:57,13.08,0.0,8,10464,买盘
1136,14:20:01,13.07,-0.01,1,1307,卖盘
1137,14:20:16,13.06,-0.01,71,92744,卖盘
1138,14:20:52,13.07,0.01,4,5228,买盘
1139,14:21:04,13.07,0.0,8,10456,买盘
1140,14:21:06,13.07,0.0,6,7842,买盘
1141,14:21:10,13.06,-0.01,4,5224,卖盘
1142,14:21:13,13.06,0.0,8,10453,卖盘
1143,14:21:16,13.07,0.01,2,2614,买盘
1144,14:21:34,13.08,0.01,2,2616,买盘
1145,14:21:48,13.07,-0.01,15,19605,卖盘
1146,14:21:58,13.07,0.0,1,1307,买盘
1147,14:22:13,13.07,0.0,2,2614,买盘
1148,14:22:16,13.07,0.0,2,2614,买盘
1149,14:22:46,13.07,0.0,6,7842,卖盘
1150,14:22:52,13.07,0.0,30,39210,买盘
1151,14:22:55,13.06,-0.01,43,56158,卖盘
1152,14:23:30,13.06,0.0,70,91420,卖盘
1153,14:23:37,13.06,0.0,17,22202,买盘
1154,14:23:46,13.06,0.0,1,1306,卖盘
1155,14:23:49,13.06,0.0,5,6530,卖盘
1156,14:24:04,13.05,-0.01,97,126615,卖盘
1157,14:24:07,13.07,0.02,18,23508,买盘
1158,14:24:31,13.05,-0.02,70,91350,卖盘
1159,14:24:39,13.05,0.0,10,13050,买盘
1160,14:25:15,13.05,0.0,3,3915,买盘
1161,14:25:19,13.04,-0.01,38,49552,卖盘
1162,14:26:49,13.05,0.01,56,73080,买盘
1163,14:27:01,13.05,0.0,2,2610,卖盘
1164,14:27:10,13.05,0.0,18,23490,卖盘
1165,14:27:40,13.06,0.01,33,43098,卖盘
1166,14:27:49,13.06,0.0,1,1306,买盘
1167,14:28:01,13.06,0.0,5,6530,买盘
1168,14:28:10,13.06,0.0,1,1306,买盘
1169,14:28:12,13.06,0.0,2,2612,买盘
1170,14:28:33,13.05,-0.01,5,6525,卖盘
1171,14:28:40,13.06,0.01,23,30038,买盘
1172,14:28:58,13.06,0.0,5,6530,卖盘
1173,14:29:25,13.06,0.0,30,39180,卖盘
1174,14:29:28,13.07,0.01,4,5228,买盘
1175,14:29:34,13.06,-0.01,11,14366,卖盘
1176,14:29:43,13.07,0.01,9,11763,买盘
1177,14:29:48,13.07,0.0,100,130700,买盘
1178,14:29:55,13.05,-0.02,60,78349,卖盘
1179,14:30:10,13.05,0.0,7,9135,卖盘
1180,14:30:19,13.07,0.02,7,9149,买盘
1181,14:30:31,13.07,0.0,3,3921,买盘
1182,14:30:52,13.07,0.0,6,7842,卖盘
1183,14:30:54,13.08,0.01,41,53628,买盘
1184,14:30:57,13.08,0.0,4,5232,买盘
1185,14:31:01,13.08,0.0,76,99408,买盘
1186,14:31:07,13.09,0.01,1,1309,卖盘
1187,14:31:12,13.1,0.01,16,20960,买盘
1188,14:31:25,13.1,0.0,8,10480,买盘
1189,14:31:28,13.1,0.0,7,9170,卖盘
1190,14:31:54,13.1,0.0,24,31440,买盘
1191,14:32:07,13.11,0.01,10,13110,买盘
1192,14:32:10,13.1,-0.01,19,24890,卖盘
1193,14:32:19,13.1,0.0,4,5240,买盘
1194,14:32:36,13.08,-0.02,5,6540,卖盘
1195,14:32:49,13.07,-0.01,10,13070,卖盘
1196,14:33:07,13.07,0.0,26,33982,卖盘
1197,14:33:27,13.07,0.0,3,3921,买盘
1198,14:33:37,13.07,0.0,60,78420,买盘
1199,14:34:31,13.07,0.0,96,125472,卖盘
1200,14:34:33,13.07,0.0,10,13070,买盘
1201,14:34:55,13.06,-0.01,10,13060,卖盘
1202,14:35:16,13.06,0.0,8,10448,买盘
1203,14:35:19,13.05,-0.01,10,13057,卖盘
1204,14:35:43,13.06,0.01,10,13060,卖盘
1205,14:36:04,13.06,0.0,10,13060,卖盘
1206,14:36:13,13.07,0.01,10,13070,买盘
1207,14:36:19,13.07,0.0,11,14377,买盘
1208,14:36:39,13.07,0.0,14,18298,买盘
1209,14:36:46,13.06,-0.01,90,117626,卖盘
1210,14:37:46,13.08,0.02,4,5232,买盘
1211,14:37:49,13.08,0.0,11,14368,买盘
1212,14:38:00,13.08,0.0,5,6540,卖盘
1213,14:38:10,13.08,0.0,2,2616,买盘
1214,14:38:39,13.06,-0.02,31,40486,卖盘
1215,14:39:01,13.06,0.0,2,2612,卖盘
1216,14:39:25,13.06,0.0,5,6530,卖盘
1217,14:39:31,13.06,0.0,5,6530,卖盘
1218,14:39:40,13.06,0.0,1,1306,卖盘
1219,14:39:49,13.06,0.0,7,9142,卖盘
1220,14:39:55,13.06,0.0,12,15672,卖盘
1221,14:40:01,13.06,0.0,1,1306,卖盘
1222,14:40:16,13.06,0.0,8,10448,卖盘
1223,14:40:19,13.07,0.01,7,9149,买盘
1224,14:40:22,13.06,-0.01,32,41822,卖盘
1225,14:40:27,13.08,0.02,40,52320,买盘
1226,14:40:31,13.09,0.01,71,92939,买盘
1227,14:40:48,13.08,-0.01,10,13080,卖盘
1228,14:40:52,13.08,0.0,29,37932,卖盘
1229,14:41:49,13.08,0.0,10,13080,买盘
1230,14:41:51,13.08,0.0,14,18312,买盘
1231,14:41:55,13.08,0.0,7,9156,买盘
1232,14:41:58,13.08,0.0,5,6540,买盘
1233,14:42:24,13.07,-0.01,7,9149,卖盘
1234,14:42:37,13.07,0.0,2,2614,买盘
1235,14:42:40,13.06,-0.01,39,50934,卖盘
1236,14:43:00,13.06,0.0,5,6530,卖盘
1237,14:43:13,13.06,0.0,24,31344,卖盘
1238,14:43:19,13.06,0.0,7,9142,买盘
1239,14:43:28,13.07,0.01,20,26140,买盘
1240,14:43:31,13.06,-0.01,21,27426,卖盘
1241,14:43:37,13.07,0.01,6,7842,买盘
1242,14:43:46,13.07,0.0,8,10456,买盘
1243,14:43:52,13.06,-0.01,37,48322,卖盘
1244,14:44:01,13.06,0.0,25,32650,卖盘
1245,14:44:13,13.06,0.0,21,27426,卖盘
1246,14:44:24,13.07,0.01,8,10456,买盘
1247,14:44:33,13.06,-0.01,11,14366,卖盘
1248,14:44:37,13.07,0.01,10,13070,买盘
1249,14:44:51,13.06,-0.01,5,6530,卖盘
1250,14:45:04,13.07,0.01,70,91490,买盘
1251,14:45:19,13.07,0.0,7,9149,买盘
1252,14:45:31,13.07,0.0,2,2614,买盘
1253,14:45:34,13.07,0.0,8,10456,买盘
1254,14:45:37,13.07,0.0,2,2614,买盘
1255,14:45:54,13.07,0.0,7,9149,卖盘
1256,14:46:04,13.07,0.0,8,10456,买盘
1257,14:46:10,13.07,0.0,6,7842,买盘
1258,14:46:25,13.07,0.0,2,2613,买盘
1259,14:46:40,13.07,0.0,50,65350,买盘
1260,14:46:46,13.07,0.0,8,10456,买盘
1261,14:46:49,13.07,0.0,2,2614,买盘
1262,14:46:51,13.06,-0.01,8,10448,卖盘
1263,14:46:55,13.06,0.0,50,65300,卖盘
1264,14:47:07,13.07,0.01,20,26140,买盘
1265,14:47:10,13.06,-0.01,60,78360,卖盘
1266,14:47:33,13.06,0.0,10,13060,卖盘
1267,14:47:39,13.06,0.0,9,11754,中性盘
1268,14:47:43,13.06,0.0,40,52240,卖盘
1269,14:47:52,13.07,0.01,8,10453,买盘
1270,14:48:07,13.07,0.0,50,65350,买盘
1271,14:48:12,13.07,0.0,4,5228,买盘
1272,14:48:16,13.07,0.0,56,73192,买盘
1273,14:48:45,13.07,0.0,6,7841,买盘
1274,14:48:49,13.07,0.0,8,10456,买盘
1275,14:49:07,13.07,0.0,29,37903,卖盘
1276,14:49:31,13.07,0.0,61,79727,卖盘
1277,14:49:37,13.08,0.01,12,15696,买盘
1278,14:49:43,13.07,-0.01,10,13070,卖盘
1279,14:49:52,13.07,0.0,20,26140,卖盘
1280,14:50:01,13.07,0.0,4,5228,卖盘
1281,14:50:19,13.08,0.01,7,9156,买盘
1282,14:50:25,13.08,0.0,5,6540,买盘
1283,14:50:28,13.08,0.0,26,34008,买盘
1284,14:50:37,13.08,0.0,3,3924,买盘
1285,14:50:39,13.08,0.0,25,32700,买盘
1286,14:50:43,13.08,0.0,76,99408,买盘
1287,14:50:45,13.08,0.0,10,13080,买盘
1288,14:50:49,13.09,0.01,13,17012,买盘
1289,14:50:58,13.09,0.0,5,6545,买盘
1290,14:51:01,13.08,-0.01,1,1308,卖盘
1291,14:51:22,13.1,0.02,1,1310,买盘
1292,14:51:24,13.08,-0.02,3,3924,卖盘
1293,14:51:30,13.08,0.0,5,6540,卖盘
1294,14:51:46,13.09,0.01,10,13090,卖盘
1295,14:52:04,13.1,0.01,1,1310,买盘
1296,14:52:07,13.09,-0.01,6,7854,卖盘
1297,14:52:10,13.1,0.01,14,18329,买盘
1298,14:52:15,13.1,0.0,34,44540,买盘
1299,14:52:18,13.08,-0.02,90,117735,卖盘
1300,14:52:25,13.09,0.01,1,1309,卖盘
1301,14:52:28,13.1,0.01,7,9165,买盘
1302,14:52:37,13.1,0.0,5,6550,买盘
1303,14:52:42,13.1,0.0,90,117867,买盘
1304,14:52:46,13.1,0.0,11,14410,买盘
1305,14:52:55,13.08,-0.02,3,3928,卖盘
1306,14:53:07,13.1,0.02,10,13100,买盘
1307,14:53:15,13.08,-0.02,3,3924,卖盘
1308,14:53:19,13.1,0.02,15,19650,买盘
1309,14:53:24,13.08,-0.02,3,3924,卖盘
1310,14:53:27,13.1,0.02,1,1310,买盘
1311,14:53:34,13.09,-0.01,13,17017,卖盘
1312,14:53:36,13.1,0.01,32,41920,买盘
1313,14:53:39,13.09,-0.01,2,2618,卖盘
1314,14:53:48,13.09,0.0,14,18336,卖盘
1315,14:53:52,13.09,0.0,11,14399,买盘
1316,14:53:55,13.09,0.0,6,7854,卖盘
1317,14:54:04,13.09,0.0,64,83776,卖盘
1318,14:54:10,13.09,0.0,20,26180,买盘
1319,14:54:13,13.09,0.0,5,6545,买盘
1320,14:54:18,13.09,0.0,4,5236,买盘
1321,14:54:24,13.09,0.0,4,5236,买盘
1322,14:54:28,13.08,-0.01,9,11778,卖盘
1323,14:54:31,13.09,0.01,23,30107,买盘
1324,14:54:40,13.09,0.0,29,37961,买盘
1325,14:54:43,13.08,-0.01,18,23557,卖盘
1326,14:54:55,13.08,0.0,18,23553,卖盘
1327,14:55:01,13.09,0.01,25,32720,买盘
1328,14:55:04,13.09,0.0,30,39268,卖盘
1329,14:55:07,13.09,0.0,92,120432,卖盘
1330,14:55:16,13.09,0.0,5,6545,卖盘
1331,14:55:19,13.09,0.0,13,17017,卖盘
1332,14:55:22,13.09,0.0,83,108647,卖盘
1333,14:55:31,13.09,0.0,2,2618,卖盘
1334,14:55:34,13.1,0.01,6,7860,买盘
1335,14:55:37,13.09,-0.01,1,1309,卖盘
1336,14:55:40,13.1,0.01,6,7860,买盘
1337,14:55:43,13.09,-0.01,30,39270,卖盘
1338,14:55:45,13.1,0.01,10,13100,买盘
1339,14:55:49,13.09,-0.01,10,13090,卖盘
1340,14:55:52,13.09,0.0,39,51082,卖盘
1341,14:55:55,13.1,0.01,7,9170,买盘
1342,14:56:01,13.1,0.0,68,89080,买盘
1343,14:56:07,13.1,0.0,24,31440,买盘
1344,14:56:10,13.1,0.0,39,51060,买盘
1345,14:56:13,13.1,0.0,91,119210,买盘
1346,14:56:16,13.1,0.0,55,72050,买盘
1347,14:56:19,13.1,0.0,10,13100,卖盘
1348,14:56:22,13.09,-0.01,3,3928,卖盘
1349,14:56:25,13.1,0.01,15,19650,中性盘
1350,14:56:28,13.1,0.0,15,19650,卖盘
1351,14:56:31,13.11,0.01,34,44557,买盘
1352,14:56:34,13.11,0.0,5,6555,买盘
1353,14:56:37,13.1,-0.01,4,5240,卖盘
1354,14:56:40,13.1,0.0,6,7860,买盘
1355,14:56:43,13.12,0.02,97,127177,买盘
1356,14:56:46,13.1,-0.02,19,24895,卖盘
1357,14:56:49,13.1,0.0,10,13100,买盘
1358,14:56:52,13.1,0.0,2,2620,买盘
1359,14:56:58,13.1,0.0,32,41920,卖盘
1360,14:57:00,13.11,0.01,15,19663,买盘
1361,15:00:05,13.1,-0.01,647,847570,卖盘
