,time,price,change,volume,amount,type
0,09:25:04,5.45,-0.07,213,116085,卖盘
1,09:30:07,5.4,-0.05,418,226734,卖盘
2,09:30:10,5.4,0.0,22,11880,买盘
3,09:30:13,5.39,-0.01,14,7547,卖盘
4,09:30:19,5.4,0.01,4,2160,买盘
5,09:30:25,5.39,-0.01,32,17248,卖盘
6,09:30:28,5.4,0.01,208,112252,买盘
7,09:30:31,5.43,0.03,8,4344,买盘
8,09:30:40,5.4,-0.03,15,8100,卖盘
9,09:30:46,5.42,0.02,1,542,买盘
10,09:30:52,5.42,0.0,6,3252,买盘
11,09:30:55,5.38,-0.04,150,80977,卖盘
12,09:30:58,5.4,0.02,100,54000,中性盘
13,09:31:07,5.4,0.0,43,23220,买盘
14,09:31:10,5.4,0.0,5,2700,卖盘
15,09:31:22,5.41,0.01,1,541,卖盘
16,09:31:25,5.41,0.0,1,541,买盘
17,09:31:31,5.42,0.01,142,76964,买盘
18,09:31:37,5.42,0.0,1,542,卖盘
19,09:31:40,5.42,0.0,2,1084,卖盘
20,09:31:43,5.42,0.0,1,542,卖盘
21,09:31:46,5.42,0.0,2,1084,卖盘
22,09:31:52,5.42,0.0,1,542,卖盘
23,09:31:58,5.42,0.0,1,542,卖盘
24,09:32:01,5.42,0.0,26,14092,卖盘
25,09:32:04,5.42,0.0,1,542,买盘
26,09:32:10,5.42,0.0,1,542,买盘
27,09:32:13,5.42,0.0,1,542,买盘
28,09:32:16,5.41,-0.01,44,23804,卖盘
29,09:32:28,5.41,0.0,6,3246,买盘
30,09:32:31,5.42,0.01,91,49260,买盘
31,09:33:01,5.42,0.0,1,542,卖盘
32,09:33:22,5.43,0.01,1,543,买盘
33,09:33:34,5.43,0.0,84,45612,买盘
34,09:33:37,5.42,-0.01,2,1084,卖盘
35,09:33:46,5.43,0.01,91,49413,买盘
36,09:33:48,5.42,-0.01,61,33062,卖盘
37,09:33:52,5.42,0.0,10,5420,买盘
38,09:33:58,5.42,0.0,30,16260,买盘
39,09:34:01,5.43,0.01,50,27149,买盘
40,09:34:04,5.41,-0.02,20,10820,卖盘
41,09:34:07,5.42,0.01,2,1084,中性盘
42,09:34:16,5.42,0.0,1,542,买盘
43,09:34:19,5.42,0.0,2,1084,买盘
44,09:34:31,5.41,-0.01,2,1082,卖盘
45,09:34:37,5.42,0.01,10,5420,买盘
46,09:34:43,5.42,0.0,1,542,买盘
47,09:34:46,5.42,0.0,49,26558,买盘
48,09:34:58,5.43,0.01,1,543,买盘
49,09:35:01,5.43,0.0,6,3258,买盘
50,09:35:10,5.44,0.01,1,544,买盘
51,09:35:19,5.44,0.0,9,4896,买盘
52,09:35:22,5.43,-0.01,157,85251,卖盘
53,09:35:25,5.44,0.01,63,34255,买盘
54,09:35:31,5.42,-0.02,29,15746,卖盘
55,09:35:46,5.43,0.01,42,22806,买盘
56,09:35:52,5.43,0.0,31,16833,卖盘
57,09:36:07,5.43,0.0,51,27693,买盘
58,09:36:13,5.43,0.0,1,543,买盘
59,09:36:19,5.42,-0.01,150,81300,卖盘
60,09:36:25,5.41,-0.01,282,152726,卖盘
61,09:36:28,5.41,0.0,1,541,买盘
62,09:36:46,5.4,-0.01,150,81002,卖盘
63,09:36:52,5.4,0.0,2,1080,买盘
64,09:36:55,5.4,0.0,15,8100,买盘
65,09:37:01,5.4,0.0,17,9180,买盘
66,09:37:10,5.4,0.0,20,10800,卖盘
67,09:37:13,5.41,0.01,22,11902,买盘
68,09:37:16,5.4,-0.01,2,1080,卖盘
69,09:37:22,5.39,-0.01,160,86283,卖盘
70,09:37:25,5.4,0.01,92,49589,中性盘
71,09:37:37,5.4,0.0,2,1080,买盘
72,09:37:46,5.4,0.0,1,540,卖盘
73,09:37:49,5.41,0.01,70,37867,买盘
74,09:37:58,5.39,-0.02,41,22101,卖盘
75,09:38:10,5.4,0.01,4,2160,买盘
76,09:38:13,5.39,-0.01,5,2695,卖盘
77,09:38:19,5.4,0.01,2,1080,买盘
78,09:38:25,5.4,0.0,6,3240,买盘
79,09:38:28,5.4,0.0,10,5400,买盘
80,09:38:31,5.39,-0.01,1,539,卖盘
81,09:38:34,5.39,0.0,1,539,卖盘
82,09:38:37,5.38,-0.01,50,26933,卖盘
83,09:38:40,5.4,0.02,53,28618,买盘
84,09:38:43,5.38,-0.02,36,19398,卖盘
85,09:38:46,5.39,0.01,60,32340,中性盘
86,09:38:49,5.4,0.01,35,18900,买盘
87,09:38:55,5.4,0.0,5,2700,买盘
88,09:38:58,5.41,0.01,15,8105,买盘
89,09:39:07,5.4,-0.01,7,3780,卖盘
90,09:39:10,5.41,0.01,27,14607,买盘
91,09:39:16,5.4,-0.01,8,4320,卖盘
92,09:39:21,5.38,-0.02,93,50128,卖盘
93,09:39:37,5.39,0.01,1,539,买盘
94,09:39:43,5.39,0.0,15,8085,买盘
95,09:39:46,5.39,0.0,11,5929,买盘
96,09:39:52,5.39,0.0,1,539,买盘
97,09:40:01,5.38,-0.01,20,10760,卖盘
98,09:40:07,5.38,0.0,24,12912,卖盘
99,09:40:10,5.39,0.01,6,3234,买盘
100,09:40:13,5.39,0.0,9,4851,买盘
101,09:40:31,5.41,0.02,74,39898,买盘
102,09:40:52,5.41,0.0,1,541,买盘
103,09:41:07,5.41,0.0,1,541,买盘
104,09:41:19,5.41,0.0,6,3246,买盘
105,09:41:37,5.42,0.01,99,53632,买盘
106,09:41:46,5.41,-0.01,1,541,卖盘
107,09:41:52,5.41,0.0,2,1082,卖盘
108,09:42:07,5.41,0.0,17,9206,卖盘
109,09:42:13,5.42,0.01,40,21680,买盘
110,09:42:16,5.43,0.01,1,543,买盘
111,09:42:46,5.42,-0.01,3,1626,卖盘
112,09:42:52,5.43,0.01,148,80364,买盘
113,09:43:01,5.43,0.0,10,5430,卖盘
114,09:43:07,5.43,0.0,3,1629,卖盘
115,09:43:19,5.44,0.01,152,82688,买盘
116,09:43:31,5.45,0.01,1,545,买盘
117,09:43:43,5.45,0.0,533,290485,买盘
118,09:44:09,5.45,0.0,1,545,买盘
119,09:44:22,5.45,0.0,3,1635,买盘
120,09:44:25,5.46,0.01,1,546,买盘
121,09:44:34,5.45,-0.01,2,1090,卖盘
122,09:44:37,5.45,0.0,15,8175,卖盘
123,09:44:40,5.45,0.0,3,1635,买盘
124,09:44:43,5.45,0.0,1,545,买盘
125,09:44:52,5.45,0.0,2,1090,买盘
126,09:44:55,5.45,0.0,2,1090,卖盘
127,09:44:57,5.44,-0.01,19,10341,卖盘
128,09:45:01,5.43,-0.01,98,53300,卖盘
129,09:45:52,5.45,0.02,1,545,卖盘
130,09:45:55,5.45,0.0,1,545,卖盘
131,09:46:07,5.44,-0.01,3,1632,卖盘
132,09:46:40,5.44,0.0,101,54944,卖盘
133,09:46:49,5.44,0.0,13,7072,买盘
134,09:47:04,5.44,0.0,276,150144,买盘
135,09:47:07,5.44,0.0,1,544,买盘
136,09:47:12,5.44,0.0,92,50048,买盘
137,09:47:16,5.44,0.0,1,544,买盘
138,09:47:19,5.44,0.0,21,11404,买盘
139,09:47:22,5.44,0.0,3,1632,买盘
140,09:47:25,5.44,0.0,2,1088,买盘
141,09:47:31,5.44,0.0,3,1632,买盘
142,09:47:37,5.43,-0.01,7,3805,卖盘
143,09:47:55,5.44,0.01,6,3264,买盘
144,09:48:01,5.44,0.0,1,544,买盘
145,09:48:37,5.45,0.01,9,4905,买盘
146,09:48:39,5.44,-0.01,4,2176,卖盘
147,09:48:58,5.45,0.01,3,1635,买盘
148,09:49:04,5.44,-0.01,3,1632,卖盘
149,09:49:10,5.45,0.01,1,545,买盘
150,09:49:16,5.44,-0.01,30,16320,卖盘
151,09:49:51,5.45,0.01,20,10900,买盘
152,09:49:58,5.44,-0.01,57,31008,卖盘
153,09:50:04,5.45,0.01,9,4905,买盘
154,09:50:07,5.44,-0.01,2,1088,卖盘
155,09:50:13,5.45,0.01,29,15805,买盘
156,09:50:31,5.46,0.01,9,4914,买盘
157,09:50:37,5.45,-0.01,2,1090,卖盘
158,09:50:55,5.46,0.01,1,546,买盘
159,09:50:58,5.45,-0.01,2,1090,卖盘
160,09:51:10,5.46,0.01,1,546,买盘
161,09:51:13,5.46,0.0,1,546,买盘
162,09:51:19,5.44,-0.02,200,108919,卖盘
163,09:51:22,5.46,0.02,9,4914,买盘
164,09:51:28,5.45,-0.01,5,2725,买盘
165,09:51:31,5.45,0.0,10,5450,买盘
166,09:51:34,5.44,-0.01,51,27808,卖盘
167,09:51:43,5.46,0.02,2,1092,买盘
168,09:51:54,5.46,0.0,85,46410,买盘
169,09:52:07,5.46,0.0,3,1638,卖盘
170,09:52:16,5.47,0.01,96,52512,买盘
171,09:53:09,5.47,0.0,9,4923,买盘
172,09:53:16,5.47,0.0,145,79315,买盘
173,09:53:21,5.46,-0.01,50,27300,卖盘
174,09:53:25,5.46,0.0,88,48048,卖盘
175,09:54:28,5.45,-0.01,2,1090,卖盘
176,09:54:31,5.45,0.0,57,31065,卖盘
177,09:54:34,5.46,0.01,32,17472,买盘
178,09:54:49,5.46,0.0,79,43134,卖盘
179,09:54:52,5.45,-0.01,13,7085,卖盘
180,09:55:07,5.45,0.0,2,1090,卖盘
181,09:55:13,5.45,0.0,23,12535,卖盘
182,09:55:25,5.45,0.0,16,8720,卖盘
183,09:55:43,5.44,-0.01,55,29920,卖盘
184,09:55:46,5.44,0.0,5,2720,买盘
185,09:56:04,5.45,0.01,4,2180,买盘
186,09:56:22,5.46,0.01,135,73710,买盘
187,09:56:37,5.46,0.0,3,1638,卖盘
188,09:56:58,5.46,0.0,82,44772,卖盘
189,09:57:06,5.46,0.0,79,43134,买盘
190,09:57:10,5.47,0.01,86,47042,买盘
191,09:57:34,5.47,0.0,9,4923,买盘
192,09:57:36,5.47,0.0,65,35555,买盘
193,09:57:52,5.47,0.0,6,3282,买盘
194,09:57:55,5.47,0.0,20,10940,卖盘
195,09:58:06,5.47,0.0,3,1641,卖盘
196,09:58:16,5.48,0.01,276,151248,买盘
197,09:58:28,5.48,0.0,3,1644,买盘
198,09:58:58,5.48,0.0,6,3288,买盘
199,09:59:04,5.48,0.0,9,4932,买盘
200,09:59:37,5.47,-0.01,2,1094,卖盘
201,09:59:52,5.48,0.01,2,1096,买盘
202,10:00:15,5.48,0.0,151,82748,买盘
203,10:00:19,5.48,0.0,50,27400,卖盘
204,10:00:22,5.48,0.0,20,10960,卖盘
205,10:00:30,5.48,0.0,20,10960,卖盘
206,10:00:33,5.49,0.01,9,4941,买盘
207,10:00:49,5.49,0.0,6,3294,买盘
208,10:00:51,5.49,0.0,50,27450,买盘
209,10:00:58,5.48,-0.01,78,42774,卖盘
210,10:01:07,5.48,0.0,2,1098,卖盘
211,10:01:16,5.49,0.01,2,1098,中性盘
212,10:01:36,5.49,0.0,20,10980,卖盘
213,10:01:46,5.49,0.0,5,2745,卖盘
214,10:01:57,5.49,0.0,50,27450,卖盘
215,10:02:07,5.49,0.0,25,13734,卖盘
216,10:02:19,5.49,0.0,28,15372,卖盘
217,10:02:22,5.49,0.0,12,6588,买盘
218,10:02:34,5.48,-0.01,3,1644,卖盘
219,10:02:36,5.49,0.01,1,549,买盘
220,10:02:40,5.49,0.0,3,1647,买盘
221,10:02:43,5.49,0.0,30,16470,买盘
222,10:02:46,5.48,-0.01,96,52608,卖盘
223,10:03:01,5.48,0.0,1,548,卖盘
224,10:03:06,5.48,0.0,1,548,卖盘
225,10:03:37,5.48,0.0,19,10412,卖盘
226,10:03:40,5.48,0.0,28,15353,卖盘
227,10:03:52,5.48,0.0,38,20824,卖盘
228,10:03:58,5.48,0.0,39,21372,卖盘
229,10:04:01,5.49,0.01,2,1098,买盘
230,10:04:04,5.5,0.01,10,5500,买盘
231,10:04:07,5.5,0.0,14,7696,买盘
232,10:04:10,5.48,-0.02,100,54824,卖盘
233,10:04:13,5.5,0.02,117,64350,买盘
234,10:04:28,5.51,0.01,109,60045,买盘
235,10:04:40,5.51,0.0,121,66671,买盘
236,10:05:00,5.51,0.0,12,6612,买盘
237,10:05:07,5.52,0.01,271,149491,买盘
238,10:06:40,5.52,0.0,71,39142,买盘
239,10:06:49,5.52,0.0,60,33120,买盘
240,10:06:55,5.5,-0.02,18,9932,卖盘
241,10:06:58,5.5,0.0,1,550,中性盘
242,10:07:12,5.52,0.02,76,41952,买盘
243,10:07:30,5.53,0.01,21,11613,买盘
244,10:07:34,5.52,-0.01,80,44218,卖盘
245,10:07:54,5.53,0.01,10,5530,买盘
246,10:07:58,5.53,0.0,55,30415,买盘
247,10:08:07,5.54,0.01,79,43696,买盘
248,10:08:16,5.53,-0.01,51,28253,卖盘
249,10:08:19,5.53,0.0,57,31521,买盘
250,10:08:22,5.53,0.0,5,2765,买盘
251,10:08:25,5.54,0.01,106,58687,买盘
252,10:08:28,5.54,0.0,179,99166,卖盘
253,10:08:34,5.53,-0.01,10,5530,卖盘
254,10:08:43,5.53,0.0,21,11613,卖盘
255,10:08:46,5.53,0.0,15,8306,卖盘
256,10:08:49,5.52,-0.01,12,6632,卖盘
257,10:09:04,5.52,0.0,50,27600,卖盘
258,10:09:07,5.52,0.0,1,552,卖盘
259,10:09:10,5.53,0.01,30,16590,买盘
260,10:09:13,5.53,0.0,5,2765,买盘
261,10:09:31,5.53,0.0,10,5530,买盘
262,10:09:37,5.53,0.0,29,16017,买盘
263,10:09:40,5.52,-0.01,20,11040,卖盘
264,10:09:43,5.5,-0.02,33,18168,卖盘
265,10:09:55,5.52,0.02,5,2760,卖盘
266,10:10:01,5.52,0.0,2,1104,卖盘
267,10:10:04,5.53,0.01,33,18249,买盘
268,10:10:06,5.52,-0.01,1,552,卖盘
269,10:10:10,5.52,0.0,2,1104,卖盘
270,10:10:15,5.52,0.0,45,24840,卖盘
271,10:10:25,5.52,0.0,26,14352,卖盘
272,10:10:31,5.52,0.0,2,1104,卖盘
273,10:10:33,5.52,0.0,4,2208,卖盘
274,10:11:04,5.52,0.0,29,15981,买盘
275,10:11:13,5.5,-0.02,2,1100,卖盘
276,10:11:37,5.5,0.0,3,1650,卖盘
277,10:11:51,5.51,0.01,42,23142,买盘
278,10:12:22,5.5,-0.01,5,2750,卖盘
279,10:12:25,5.51,0.01,60,33060,买盘
280,10:12:39,5.51,0.0,9,4959,买盘
281,10:12:46,5.51,0.0,3,1653,买盘
282,10:12:49,5.51,0.0,11,6061,买盘
283,10:13:04,5.5,-0.01,3,1650,卖盘
284,10:13:12,5.51,0.01,13,7163,买盘
285,10:13:37,5.51,0.0,75,41325,买盘
286,10:13:49,5.51,0.0,1,551,买盘
287,10:14:07,5.51,0.0,17,9382,卖盘
288,10:14:28,5.51,0.0,8,4408,卖盘
289,10:14:48,5.51,0.0,50,27550,买盘
290,10:15:00,5.5,-0.01,1,550,卖盘
291,10:15:07,5.5,0.0,1,550,卖盘
292,10:15:31,5.5,0.0,3,1650,卖盘
293,10:15:37,5.5,0.0,2,1100,卖盘
294,10:15:40,5.5,0.0,311,171050,卖盘
295,10:15:43,5.49,-0.01,25,13725,卖盘
296,10:15:46,5.48,-0.01,95,52060,卖盘
297,10:15:49,5.47,-0.01,262,143457,卖盘
298,10:16:00,5.47,0.0,114,62358,卖盘
299,10:16:04,5.46,-0.01,112,61152,卖盘
300,10:16:12,5.47,0.01,5,2735,买盘
301,10:16:28,5.47,0.0,100,54700,买盘
302,10:16:31,5.47,0.0,22,12032,买盘
303,10:16:37,5.47,0.0,39,21333,买盘
304,10:16:42,5.47,0.0,5,2735,卖盘
305,10:16:58,5.47,0.0,207,113232,卖盘
306,10:17:04,5.47,0.0,9,4923,买盘
307,10:17:25,5.47,0.0,3,1641,买盘
308,10:17:34,5.47,0.0,3,1641,卖盘
309,10:17:51,5.47,0.0,2,1094,卖盘
310,10:18:07,5.47,0.0,11,6017,卖盘
311,10:18:10,5.48,0.01,6,3288,买盘
312,10:18:31,5.47,-0.01,205,112135,卖盘
313,10:18:37,5.48,0.01,94,51482,买盘
314,10:18:52,5.49,0.01,1,549,卖盘
315,10:18:58,5.48,-0.01,108,59184,卖盘
316,10:19:07,5.48,0.0,5,2740,卖盘
317,10:19:39,5.5,0.02,100,55000,买盘
318,10:20:01,5.49,-0.01,22,12078,买盘
319,10:20:04,5.49,0.0,9,4941,买盘
320,10:20:34,5.5,0.01,111,60966,买盘
321,10:20:52,5.5,0.0,4,2200,买盘
322,10:20:55,5.5,0.0,44,24200,买盘
323,10:21:07,5.5,0.0,300,165000,买盘
324,10:21:10,5.5,0.0,24,13200,买盘
325,10:21:27,5.51,0.01,10,5510,买盘
326,10:21:34,5.5,-0.01,13,7150,卖盘
327,10:21:37,5.51,0.01,31,17081,买盘
328,10:22:07,5.52,0.01,78,43056,买盘
329,10:22:46,5.53,0.01,1,553,买盘
330,10:23:04,5.52,-0.01,5,2760,卖盘
331,10:24:07,5.52,0.0,1,552,卖盘
332,10:24:19,5.52,0.0,20,11040,卖盘
333,10:24:52,5.52,0.0,58,32016,卖盘
334,10:25:04,5.52,0.0,9,4968,卖盘
335,10:25:07,5.52,0.0,1,552,中性盘
336,10:25:34,5.52,0.0,2,1104,买盘
337,10:25:45,5.52,0.0,249,137448,卖盘
338,10:26:01,5.52,0.0,39,21528,卖盘
339,10:26:07,5.52,0.0,1,552,卖盘
340,10:26:09,5.52,0.0,102,56304,卖盘
341,10:26:12,5.53,0.01,100,55300,买盘
342,10:26:22,5.53,0.0,62,34286,买盘
343,10:26:34,5.53,0.0,4,2212,卖盘
344,10:26:40,5.53,0.0,20,11060,卖盘
345,10:26:49,5.53,0.0,118,65369,卖盘
346,10:27:01,5.53,0.0,49,27097,卖盘
347,10:27:06,5.52,-0.01,1,552,卖盘
348,10:27:12,5.54,0.02,13,7201,买盘
349,10:27:28,5.54,0.0,10,5536,买盘
350,10:27:31,5.54,0.0,5,2770,买盘
351,10:27:55,5.54,0.0,5,2770,买盘
352,10:28:00,5.54,0.0,36,19944,买盘
353,10:28:06,5.53,-0.01,2,1106,卖盘
354,10:28:28,5.53,0.0,19,10507,卖盘
355,10:28:37,5.53,0.0,1,553,买盘
356,10:28:55,5.53,0.0,21,11595,卖盘
357,10:29:06,5.53,0.0,6,3318,卖盘
358,10:29:37,5.52,-0.01,5,2760,卖盘
359,10:29:46,5.52,0.0,88,48576,卖盘
360,10:30:07,5.52,0.0,1,552,卖盘
361,10:31:04,5.52,0.0,21,11592,卖盘
362,10:31:34,5.52,0.0,2,1104,买盘
363,10:31:55,5.52,0.0,2,1104,买盘
364,10:32:10,5.51,-0.01,37,20387,卖盘
365,10:32:19,5.51,0.0,4,2204,卖盘
366,10:32:28,5.52,0.01,1,552,买盘
367,10:32:52,5.51,-0.01,20,11020,卖盘
368,10:33:06,5.51,0.0,1,551,卖盘
369,10:33:37,5.51,0.0,143,78793,卖盘
370,10:33:43,5.52,0.01,109,60111,买盘
371,10:33:46,5.52,0.0,12,6624,买盘
372,10:33:58,5.52,0.0,12,6624,买盘
373,10:34:19,5.52,0.0,2,1104,买盘
374,10:34:43,5.5,-0.02,1,550,卖盘
375,10:34:52,5.52,0.02,2,1104,买盘
376,10:35:16,5.52,0.0,10,5520,买盘
377,10:35:28,5.52,0.0,5,2760,买盘
378,10:36:07,5.51,-0.01,3,1653,卖盘
379,10:37:01,5.51,0.0,1,551,买盘
380,10:37:40,5.51,0.0,5,2755,买盘
381,10:37:46,5.5,-0.01,41,22550,卖盘
382,10:37:54,5.5,0.0,4,2200,卖盘
383,10:38:07,5.5,0.0,1,550,卖盘
384,10:38:55,5.51,0.01,1,551,买盘
385,10:39:19,5.5,-0.01,5,2750,卖盘
386,10:39:43,5.51,0.01,1,551,买盘
387,10:40:22,5.51,0.0,13,7163,买盘
388,10:41:40,5.5,-0.01,1,550,卖盘
389,10:41:42,5.51,0.01,5,2755,买盘
390,10:41:46,5.51,0.0,5,2755,买盘
391,10:41:49,5.5,-0.01,67,36850,卖盘
392,10:42:07,5.5,0.0,2,1100,卖盘
393,10:42:34,5.5,0.0,5,2750,卖盘
394,10:43:07,5.5,0.0,1,550,卖盘
395,10:43:12,5.51,0.01,1,551,买盘
396,10:44:03,5.51,0.0,17,9378,买盘
397,10:44:07,5.51,0.0,1,551,卖盘
398,10:44:16,5.52,0.01,1,552,买盘
399,10:44:55,5.51,-0.01,10,5510,卖盘
400,10:45:07,5.51,0.0,12,6612,卖盘
401,10:46:06,5.51,0.0,1,551,卖盘
402,10:46:13,5.51,0.0,142,78242,卖盘
403,10:46:24,5.52,0.01,1,552,买盘
404,10:46:40,5.51,-0.01,1,540,买盘
405,10:46:52,5.51,0.0,8,4408,买盘
406,10:47:01,5.51,0.0,1,551,买盘
407,10:47:09,5.5,-0.01,17,9350,卖盘
408,10:48:06,5.5,0.0,2,1100,卖盘
409,10:48:10,5.5,0.0,1,550,卖盘
410,10:48:13,5.51,0.01,1,551,买盘
411,10:48:36,5.51,0.0,40,22040,买盘
412,10:48:46,5.51,0.0,9,4970,买盘
413,10:48:49,5.51,0.0,1,540,买盘
414,10:49:01,5.51,0.0,2,1102,买盘
415,10:49:25,5.51,0.0,4,2204,买盘
416,10:50:01,5.51,0.0,1,551,买盘
417,10:50:06,5.5,-0.01,1,550,卖盘
418,10:50:37,5.51,0.01,4,2204,买盘
419,10:50:43,5.51,0.0,5,2755,买盘
420,10:50:46,5.51,0.0,6,3306,买盘
421,10:50:49,5.51,0.0,5,2755,买盘
422,10:50:55,5.51,0.0,3,1653,买盘
423,10:51:13,5.51,0.0,2,1102,买盘
424,10:52:04,5.5,-0.01,1,550,卖盘
425,10:52:39,5.51,0.01,3,1664,买盘
426,10:53:07,5.51,0.0,1,551,卖盘
427,10:53:19,5.53,0.02,198,109326,买盘
428,10:54:06,5.52,-0.01,2,1104,卖盘
429,10:54:16,5.53,0.01,1,553,买盘
430,10:54:28,5.53,0.0,4,2212,买盘
431,10:54:31,5.53,0.0,5,2765,买盘
432,10:54:37,5.53,0.0,1,553,买盘
433,10:55:01,5.53,0.0,20,11060,买盘
434,10:55:07,5.52,-0.01,1,552,卖盘
435,10:55:15,5.53,0.01,1,553,买盘
436,10:55:58,5.52,-0.01,1,552,卖盘
437,10:56:04,5.53,0.01,35,19355,买盘
438,10:56:07,5.52,-0.01,1,552,卖盘
439,10:56:45,5.54,0.02,6,3321,买盘
440,10:57:01,5.54,0.0,28,15512,买盘
441,10:57:07,5.53,-0.01,2,1106,卖盘
442,10:57:54,5.53,0.0,1,553,卖盘
443,10:58:07,5.53,0.0,1,553,卖盘
444,10:58:13,5.53,0.0,10,5530,卖盘
445,10:58:40,5.54,0.01,1,554,买盘
446,10:58:43,5.54,0.0,40,22160,买盘
447,10:58:58,5.54,0.0,50,27700,买盘
448,10:59:07,5.53,-0.01,2,1106,卖盘
449,10:59:10,5.54,0.01,203,112462,买盘
450,10:59:16,5.54,0.0,227,125758,买盘
451,10:59:25,5.53,-0.01,3,1660,卖盘
452,10:59:31,5.53,0.0,7,3883,卖盘
453,11:00:09,5.54,0.01,6,3324,卖盘
454,11:00:13,5.55,0.01,86,47649,买盘
455,11:00:16,5.55,0.0,21,11649,买盘
456,11:00:28,5.55,0.0,20,11100,买盘
457,11:00:40,5.55,0.0,354,196470,买盘
458,11:00:52,5.55,0.0,20,11100,买盘
459,11:01:01,5.55,0.0,30,16650,买盘
460,11:01:04,5.55,0.0,29,16095,买盘
461,11:01:10,5.55,0.0,565,313575,买盘
462,11:01:13,5.56,0.01,5,2779,卖盘
463,11:01:16,5.55,-0.01,2,1110,买盘
464,11:01:34,5.56,0.01,95,53187,买盘
465,11:01:42,5.57,0.01,1,557,买盘
466,11:01:45,5.56,-0.01,10,5560,卖盘
467,11:01:55,5.57,0.01,200,111400,买盘
468,11:01:58,5.56,-0.01,11,6116,卖盘
469,11:02:01,5.57,0.01,204,113628,买盘
470,11:02:04,5.57,0.0,8,4456,买盘
471,11:02:07,5.57,0.0,30,16710,买盘
472,11:02:15,5.57,0.0,161,89677,买盘
473,11:02:19,5.56,-0.01,23,12788,卖盘
474,11:02:22,5.56,0.0,9,5004,卖盘
475,11:02:24,5.57,0.01,10,5569,买盘
476,11:02:27,5.57,0.0,5,2782,买盘
477,11:02:37,5.57,0.0,1,557,买盘
478,11:02:43,5.56,-0.01,16,8896,卖盘
479,11:02:46,5.57,0.01,25,13925,买盘
480,11:03:06,5.57,0.0,75,41775,买盘
481,11:03:13,5.57,0.0,20,11140,买盘
482,11:03:16,5.56,-0.01,10,5560,卖盘
483,11:03:28,5.56,0.0,30,16700,卖盘
484,11:03:31,5.57,0.01,1,557,买盘
485,11:03:58,5.57,0.0,40,22275,买盘
486,11:04:03,5.56,-0.01,315,175451,卖盘
487,11:04:07,5.56,0.0,17,9452,卖盘
488,11:04:10,5.56,0.0,10,5560,买盘
489,11:04:21,5.56,0.0,30,16680,买盘
490,11:04:34,5.56,0.0,9,5004,买盘
491,11:04:37,5.56,0.0,109,60604,买盘
492,11:04:45,5.56,0.0,1,556,卖盘
493,11:05:07,5.57,0.01,26,14482,买盘
494,11:05:22,5.57,0.0,20,11140,买盘
495,11:05:34,5.57,0.0,124,69068,买盘
496,11:05:40,5.58,0.01,18,10044,买盘
497,11:05:49,5.58,0.0,5,2790,买盘
498,11:06:01,5.57,-0.01,15,8360,卖盘
499,11:06:22,5.57,0.0,69,38433,卖盘
500,11:06:31,5.57,0.0,82,45674,卖盘
501,11:06:58,5.56,-0.01,1,556,卖盘
502,11:07:03,5.56,0.0,2,1112,卖盘
503,11:07:07,5.56,0.0,39,21684,卖盘
504,11:07:37,5.56,0.0,19,10564,买盘
505,11:07:43,5.56,0.0,19,10564,买盘
506,11:07:45,5.57,0.01,60,33393,买盘
507,11:07:58,5.57,0.0,38,21166,买盘
508,11:08:00,5.57,0.0,39,21723,买盘
509,11:08:16,5.57,0.0,144,80208,买盘
510,11:08:19,5.57,0.0,4,2228,卖盘
511,11:08:25,5.57,0.0,1,557,卖盘
512,11:08:28,5.56,-0.01,8,4455,卖盘
513,11:08:58,5.56,0.0,50,27800,卖盘
514,11:09:01,5.57,0.01,18,10026,买盘
515,11:09:31,5.56,-0.01,9,5004,卖盘
516,11:09:48,5.56,0.0,15,8340,买盘
517,11:10:10,5.56,0.0,38,21128,卖盘
518,11:10:55,5.56,0.0,15,8340,买盘
519,11:11:45,5.55,-0.01,32,17760,卖盘
520,11:11:48,5.55,0.0,29,16095,卖盘
521,11:12:07,5.55,0.0,28,15540,卖盘
522,11:12:09,5.55,0.0,13,7215,卖盘
523,11:12:43,5.54,-0.01,5,2770,卖盘
524,11:12:51,5.55,0.01,59,32745,中性盘
525,11:13:13,5.55,0.0,1,555,卖盘
526,11:13:40,5.54,-0.01,30,16620,卖盘
527,11:13:54,5.55,0.01,1,555,买盘
528,11:13:58,5.55,0.0,16,8880,卖盘
529,11:14:01,5.55,0.0,30,16650,卖盘
530,11:14:21,5.55,0.0,10,5550,卖盘
531,11:14:28,5.55,0.0,1,555,买盘
532,11:14:31,5.54,-0.01,10,5540,卖盘
533,11:15:07,5.54,0.0,29,16066,卖盘
534,11:15:37,5.55,0.01,10,5550,买盘
535,11:16:10,5.55,0.0,1,555,买盘
536,11:16:12,5.55,0.0,2,1110,卖盘
537,11:16:54,5.54,-0.01,12,6648,卖盘
538,11:17:28,5.54,0.0,1,554,卖盘
539,11:17:40,5.55,0.01,100,55500,买盘
540,11:18:07,5.55,0.0,3,1665,买盘
541,11:19:43,5.55,0.0,1,555,卖盘
542,11:20:10,5.56,0.01,1,556,买盘
543,11:20:19,5.56,0.0,23,12788,买盘
544,11:20:40,5.56,0.0,1,556,买盘
545,11:21:46,5.56,0.0,413,229628,买盘
546,11:21:51,5.56,0.0,5,2780,买盘
547,11:22:13,5.56,0.0,25,13900,买盘
548,11:22:36,5.56,0.0,25,13900,买盘
549,11:22:46,5.56,0.0,1,556,卖盘
550,11:22:55,5.57,0.01,19,10583,买盘
551,11:23:01,5.57,0.0,34,18938,买盘
552,11:23:07,5.57,0.0,19,10583,买盘
553,11:23:10,5.57,0.0,48,26736,买盘
554,11:23:19,5.58,0.01,39,21749,买盘
555,11:23:46,5.58,0.0,154,85932,买盘
556,11:24:12,5.57,-0.01,18,10026,卖盘
557,11:24:25,5.58,0.01,220,122727,买盘
558,11:24:30,5.58,0.0,200,111600,卖盘
559,11:24:34,5.58,0.0,43,23994,卖盘
560,11:24:54,5.58,0.0,50,27900,卖盘
561,11:25:15,5.58,0.0,5,2790,卖盘
562,11:25:43,5.58,0.0,23,12856,卖盘
563,11:26:07,5.59,0.01,10,5590,买盘
564,11:26:10,5.58,-0.01,28,15624,卖盘
565,11:26:21,5.59,0.01,5,2795,买盘
566,11:26:31,5.59,0.0,28,15652,买盘
567,11:26:52,5.59,0.0,10,5590,买盘
568,11:27:13,5.58,-0.01,400,223200,卖盘
569,11:27:19,5.58,0.0,2,1116,卖盘
570,11:27:27,5.59,0.01,8,4472,买盘
571,11:27:49,5.58,-0.01,10,5580,卖盘
572,11:28:13,5.58,0.0,2,1116,卖盘
573,11:28:16,5.58,0.0,11,6138,卖盘
574,11:28:19,5.58,0.0,88,49104,卖盘
575,11:28:22,5.58,0.0,12,6696,买盘
576,11:28:25,5.58,0.0,2,1116,卖盘
577,11:28:31,5.59,0.01,10,5590,买盘
578,11:28:37,5.58,-0.01,10,5580,卖盘
579,11:29:01,5.58,0.0,8,4464,卖盘
580,11:29:22,5.58,0.0,1,558,卖盘
581,11:29:25,5.58,0.0,1,558,卖盘
582,13:00:07,5.59,0.01,212,118396,买盘
583,13:00:10,5.59,0.0,13,7267,买盘
584,13:01:22,5.57,-0.02,43,23951,卖盘
585,13:01:55,5.57,0.0,25,13925,卖盘
586,13:01:58,5.57,0.0,18,10026,买盘
587,13:02:22,5.57,0.0,20,11140,卖盘
588,13:02:39,5.57,0.0,9,5013,卖盘
589,13:02:57,5.58,0.01,6,3348,买盘
590,13:03:07,5.57,-0.01,200,111400,卖盘
591,13:03:13,5.57,0.0,19,10583,卖盘
592,13:03:46,5.57,0.0,4,2228,卖盘
593,13:03:58,5.57,0.0,3,1671,卖盘
594,13:05:04,5.57,0.0,9,5013,卖盘
595,13:05:31,5.57,0.0,1,557,买盘
596,13:05:36,5.57,0.0,1,557,买盘
597,13:06:01,5.57,0.0,10,5570,买盘
598,13:06:13,5.57,0.0,10,5570,买盘
599,13:07:22,5.56,-0.01,245,136220,卖盘
600,13:07:28,5.56,0.0,31,17236,卖盘
601,13:08:09,5.55,-0.01,1,555,卖盘
602,13:08:37,5.57,0.02,6,3337,买盘
603,13:08:43,5.55,-0.02,1,555,卖盘
604,13:09:49,5.55,0.0,1,555,卖盘
605,13:09:57,5.57,0.02,9,5012,买盘
606,13:10:21,5.55,-0.02,2,1110,卖盘
607,13:10:39,5.54,-0.01,89,49375,卖盘
608,13:11:04,5.54,0.0,1,554,卖盘
609,13:13:00,5.54,0.0,2,1108,卖盘
610,13:13:15,5.54,0.0,90,49860,卖盘
611,13:13:52,5.53,-0.01,17,9401,卖盘
612,13:14:10,5.53,0.0,38,21014,卖盘
613,13:14:45,5.54,0.01,6,3324,买盘
614,13:14:58,5.54,0.0,10,5540,买盘
615,13:15:22,5.54,0.0,1,554,买盘
616,13:15:37,5.54,0.0,41,22714,买盘
617,13:16:25,5.54,0.0,20,11080,买盘
618,13:16:28,5.54,0.0,15,8310,买盘
619,13:16:49,5.53,-0.01,131,72443,卖盘
620,13:16:52,5.53,0.0,9,4977,买盘
621,13:17:12,5.53,0.0,1,553,买盘
622,13:17:37,5.53,0.0,10,5530,买盘
623,13:17:58,5.52,-0.01,54,29808,卖盘
624,13:18:22,5.52,0.0,20,11040,卖盘
625,13:18:30,5.52,0.0,1,552,卖盘
626,13:18:52,5.52,0.0,39,21528,卖盘
627,13:19:31,5.51,-0.01,100,55100,卖盘
628,13:19:57,5.51,0.0,18,9918,卖盘
629,13:20:01,5.51,0.0,82,45182,买盘
630,13:20:07,5.51,0.0,1,551,买盘
631,13:20:18,5.51,0.0,4,2204,卖盘
632,13:20:21,5.51,0.0,5,2755,卖盘
633,13:20:43,5.52,0.01,20,11040,买盘
634,13:20:49,5.52,0.0,33,18216,卖盘
635,13:20:51,5.51,-0.01,217,119569,卖盘
636,13:20:54,5.5,-0.01,19,10450,卖盘
637,13:21:01,5.51,0.01,20,11044,卖盘
638,13:21:16,5.5,-0.01,38,20931,卖盘
639,13:21:19,5.5,0.0,39,21450,卖盘
640,13:21:37,5.51,0.01,1,551,卖盘
641,13:21:52,5.52,0.01,50,27600,买盘
642,13:22:12,5.52,0.0,30,16560,买盘
643,13:22:28,5.52,0.0,70,38640,卖盘
644,13:23:01,5.51,-0.01,48,26448,卖盘
645,13:23:12,5.51,0.0,12,6612,卖盘
646,13:23:19,5.5,-0.01,16,8806,卖盘
647,13:23:22,5.5,0.0,2,1100,卖盘
648,13:23:37,5.5,0.0,1,550,卖盘
649,13:24:43,5.51,0.01,1,551,卖盘
650,13:25:15,5.51,0.0,1,551,卖盘
651,13:26:31,5.51,0.0,300,165300,卖盘
652,13:26:33,5.52,0.01,2,1104,买盘
653,13:26:45,5.5,-0.02,279,153480,卖盘
654,13:26:48,5.5,0.0,95,52250,卖盘
655,13:26:52,5.51,0.01,2,1102,卖盘
656,13:26:58,5.49,-0.02,4,2196,卖盘
657,13:27:13,5.5,0.01,5,2750,买盘
658,13:27:25,5.49,-0.01,10,5490,卖盘
659,13:27:31,5.49,0.0,6,3294,卖盘
660,13:27:33,5.49,0.0,3,1647,卖盘
661,13:27:43,5.49,0.0,1,549,卖盘
662,13:27:55,5.49,0.0,3,1647,买盘
663,13:28:04,5.49,0.0,5,2745,卖盘
664,13:28:19,5.5,0.01,8,4400,买盘
665,13:28:24,5.5,0.0,100,55000,买盘
666,13:28:37,5.5,0.0,194,106700,买盘
667,13:28:54,5.51,0.01,10,5510,买盘
668,13:29:07,5.5,-0.01,4,2206,卖盘
669,13:29:33,5.49,-0.01,1,549,卖盘
670,13:29:46,5.49,0.0,1,549,卖盘
671,13:29:51,5.49,0.0,5,2745,卖盘
672,13:30:34,5.5,0.01,4,2200,卖盘
673,13:30:40,5.5,0.0,74,40700,卖盘
674,13:30:55,5.52,0.02,5,2760,买盘
675,13:30:57,5.49,-0.03,2,1099,卖盘
676,13:33:10,5.51,0.02,14,7714,买盘
677,13:33:19,5.51,0.0,12,6612,卖盘
678,13:33:28,5.51,0.0,54,29754,卖盘
679,13:33:31,5.5,-0.01,124,68320,卖盘
680,13:33:43,5.49,-0.01,3,1647,卖盘
681,13:33:58,5.5,0.01,431,237050,买盘
682,13:34:28,5.5,0.0,40,22000,买盘
683,13:34:37,5.5,0.0,6,3300,买盘
684,13:34:54,5.49,-0.01,11,6039,卖盘
685,13:35:07,5.5,0.01,10,5500,买盘
686,13:35:10,5.5,0.0,1,550,买盘
687,13:35:54,5.49,-0.01,9,4941,卖盘
688,13:36:43,5.5,0.01,1,550,买盘
689,13:37:16,5.49,-0.01,20,10980,卖盘
690,13:37:37,5.49,0.0,1,549,卖盘
691,13:37:57,5.5,0.01,8,4400,买盘
692,13:38:18,5.49,-0.01,2,1098,卖盘
693,13:38:52,5.49,0.0,20,10980,卖盘
694,13:38:58,5.49,0.0,49,26901,卖盘
695,13:39:25,5.49,0.0,1,549,卖盘
696,13:39:57,5.5,0.01,5,2750,买盘
697,13:40:24,5.49,-0.01,33,18122,卖盘
698,13:40:28,5.5,0.01,15,8250,中性盘
699,13:40:30,5.51,0.01,74,40750,买盘
700,13:40:55,5.48,-0.03,467,256074,卖盘
701,13:41:01,5.5,0.02,3,1650,买盘
702,13:41:52,5.5,0.0,1,550,买盘
703,13:42:37,5.49,-0.01,11,6039,卖盘
704,13:44:00,5.49,0.0,1,549,卖盘
705,13:44:25,5.49,0.0,2,1098,卖盘
706,13:45:31,5.49,0.0,5,2745,卖盘
707,13:46:49,5.49,0.0,13,7140,卖盘
708,13:47:16,5.5,0.01,75,41250,买盘
709,13:47:42,5.51,0.01,50,27550,买盘
710,13:48:13,5.51,0.0,244,134444,买盘
711,13:50:49,5.52,0.01,5,2760,买盘
712,13:51:21,5.52,0.0,17,9384,买盘
713,13:51:39,5.52,0.0,1,552,卖盘
714,13:51:46,5.52,0.0,32,17664,卖盘
715,13:51:58,5.52,0.0,11,6072,卖盘
716,13:52:06,5.52,0.0,4,2208,卖盘
717,13:52:16,5.52,0.0,2,1104,买盘
718,13:52:19,5.51,-0.01,13,7163,卖盘
719,13:52:22,5.52,0.01,18,9936,买盘
720,13:52:42,5.52,0.0,9,4968,卖盘
721,13:53:21,5.53,0.01,1,553,买盘
722,13:54:24,5.51,-0.02,1,551,卖盘
723,13:54:49,5.51,0.0,1,551,卖盘
724,13:55:24,5.51,0.0,68,37468,卖盘
725,13:56:40,5.51,0.0,132,72732,买盘
726,13:58:27,5.52,0.01,12,6624,买盘
727,13:59:07,5.52,0.0,4,2208,买盘
728,14:00:13,5.51,-0.01,11,6061,卖盘
729,14:00:39,5.5,-0.01,2,1100,卖盘
730,14:00:42,5.5,0.0,10,5500,卖盘
731,14:01:01,5.5,0.0,6,3300,卖盘
732,14:01:13,5.49,-0.01,80,43998,卖盘
733,14:02:40,5.5,0.01,12,6600,卖盘
734,14:02:57,5.48,-0.02,341,186972,卖盘
735,14:03:04,5.48,0.0,120,65760,买盘
736,14:03:09,5.48,0.0,4,2192,买盘
737,14:03:15,5.48,0.0,1,548,买盘
738,14:03:18,5.48,0.0,129,70692,买盘
739,14:04:40,5.5,0.02,1,550,买盘
740,14:06:13,5.48,-0.02,11,6048,卖盘
741,14:06:43,5.49,0.01,10,5490,卖盘
742,14:06:46,5.5,0.01,30,16500,买盘
743,14:06:55,5.5,0.0,2,1100,买盘
744,14:07:00,5.5,0.0,10,5500,买盘
745,14:07:13,5.5,0.0,56,30800,买盘
746,14:07:25,5.51,0.01,10,5510,买盘
747,14:08:07,5.52,0.01,48,26496,买盘
748,14:08:25,5.52,0.0,7,3864,买盘
749,14:08:37,5.52,0.0,50,27600,卖盘
750,14:08:43,5.52,0.0,50,27600,卖盘
751,14:09:24,5.53,0.01,1,553,买盘
752,14:10:04,5.53,0.0,4,2211,买盘
753,14:11:22,5.53,0.0,10,5530,买盘
754,14:12:43,5.53,0.0,3,1659,买盘
755,14:13:01,5.53,0.0,20,11060,买盘
756,14:13:19,5.53,0.0,5,2765,买盘
757,14:15:13,5.53,0.0,1,553,买盘
758,14:15:37,5.53,0.0,13,7189,买盘
759,14:15:48,5.53,0.0,9,4977,买盘
760,14:16:25,5.52,-0.01,3,1656,卖盘
761,14:16:49,5.52,0.0,1,552,卖盘
762,14:17:04,5.53,0.01,6,3318,买盘
763,14:17:07,5.53,0.0,4,2212,卖盘
764,14:17:18,5.53,0.0,1,553,买盘
765,14:18:24,5.55,0.02,199,110313,买盘
766,14:19:07,5.54,-0.01,1,554,卖盘
767,14:19:16,5.54,0.0,1,554,买盘
768,14:19:31,5.54,0.0,8,4432,卖盘
769,14:19:58,5.54,0.0,4,2216,卖盘
770,14:20:10,5.54,0.0,9,4986,买盘
771,14:21:10,5.54,0.0,5,2770,买盘
772,14:21:40,5.53,-0.01,10,5530,卖盘
773,14:23:13,5.53,0.0,30,16590,卖盘
774,14:23:16,5.54,0.01,1,554,买盘
775,14:23:31,5.54,0.0,10,5540,买盘
776,14:24:31,5.54,0.0,20,11080,买盘
777,14:24:46,5.54,0.0,25,13850,买盘
778,14:24:49,5.54,0.0,1,554,买盘
779,14:24:55,5.53,-0.01,8,4424,卖盘
780,14:25:22,5.53,0.0,10,5530,卖盘
781,14:25:49,5.54,0.01,1,554,买盘
782,14:26:43,5.54,0.0,3,1662,买盘
783,14:27:07,5.54,0.0,78,43212,买盘
784,14:28:43,5.54,0.0,3,1663,卖盘
785,14:28:46,5.54,0.0,2,1108,卖盘
786,14:28:52,5.54,0.0,20,11080,卖盘
787,14:29:01,5.54,0.0,1,554,买盘
788,14:29:34,5.54,0.0,130,72020,买盘
789,14:31:01,5.54,0.0,26,14404,买盘
790,14:31:33,5.54,0.0,4,2216,买盘
791,14:32:00,5.54,0.0,1,554,买盘
792,14:32:43,5.54,0.0,50,27700,买盘
793,14:32:46,5.54,0.0,4,2216,买盘
794,14:33:04,5.54,0.0,6,3324,卖盘
795,14:33:07,5.53,-0.01,1,553,卖盘
796,14:33:58,5.53,0.0,441,243873,卖盘
797,14:35:22,5.52,-0.01,20,11040,卖盘
798,14:36:01,5.53,0.01,8,4424,买盘
799,14:36:06,5.52,-0.01,38,20976,卖盘
800,14:36:40,5.52,0.0,4,2208,卖盘
801,14:36:58,5.52,0.0,10,5520,买盘
802,14:38:31,5.52,0.0,20,11040,买盘
803,14:38:37,5.52,0.0,267,147384,买盘
804,14:38:42,5.52,0.0,1,552,买盘
805,14:39:37,5.53,0.01,3,1659,买盘
806,14:39:52,5.53,0.0,44,24332,买盘
807,14:40:04,5.53,0.0,39,21567,买盘
808,14:40:19,5.53,0.0,20,11060,买盘
809,14:40:49,5.53,0.0,6,3318,卖盘
810,14:41:00,5.54,0.01,112,62032,买盘
811,14:41:04,5.54,0.0,20,11080,卖盘
812,14:41:51,5.53,-0.01,33,18249,卖盘
813,14:41:55,5.53,0.0,1,553,买盘
814,14:42:19,5.53,0.0,36,19908,买盘
815,14:42:22,5.53,0.0,62,34286,卖盘
816,14:42:24,5.54,0.01,1,554,买盘
817,14:42:40,5.54,0.0,94,52076,买盘
818,14:42:43,5.54,0.0,7,3878,卖盘
819,14:42:55,5.54,0.0,59,32686,买盘
820,14:43:00,5.54,0.0,17,9418,卖盘
821,14:43:19,5.54,0.0,96,53184,买盘
822,14:43:22,5.54,0.0,24,13296,卖盘
823,14:43:40,5.53,-0.01,882,487746,卖盘
824,14:43:58,5.54,0.01,50,27700,买盘
825,14:44:04,5.53,-0.01,5,2765,卖盘
826,14:44:06,5.54,0.01,1,554,买盘
827,14:44:12,5.54,0.0,22,12188,买盘
828,14:44:28,5.53,-0.01,61,33733,卖盘
829,14:44:49,5.53,0.0,44,24332,卖盘
830,14:45:07,5.54,0.01,1,554,买盘
831,14:46:07,5.54,0.0,35,19390,买盘
832,14:46:10,5.53,-0.01,265,146545,卖盘
833,14:46:19,5.53,0.0,7,3871,卖盘
834,14:46:31,5.54,0.01,80,44320,买盘
835,14:46:49,5.54,0.0,20,11080,卖盘
836,14:47:34,5.54,0.0,2,1108,卖盘
837,14:47:55,5.54,0.0,86,47644,中性盘
838,14:48:00,5.54,0.0,14,7756,买盘
839,14:48:16,5.54,0.0,9,4986,买盘
840,14:49:07,5.54,0.0,8,4432,买盘
841,14:49:15,5.53,-0.01,10,5530,卖盘
842,14:49:21,5.54,0.01,10,5540,买盘
843,14:49:46,5.54,0.0,20,11080,买盘
844,14:49:52,5.53,-0.01,6,3318,卖盘
845,14:49:58,5.53,0.0,100,55300,卖盘
846,14:50:12,5.54,0.01,1,554,买盘
847,14:50:19,5.54,0.0,1,554,买盘
848,14:50:28,5.53,-0.01,408,225624,卖盘
849,14:50:34,5.53,0.0,258,142674,卖盘
850,14:50:36,5.54,0.01,10,5540,买盘
851,14:50:39,5.52,-0.02,22,12144,卖盘
852,14:52:43,5.52,0.0,94,51888,卖盘
853,14:52:46,5.53,0.01,2,1106,买盘
854,14:53:01,5.54,0.01,100,55386,买盘
855,14:53:10,5.52,-0.02,2,1104,卖盘
856,14:53:12,5.51,-0.01,100,55196,卖盘
857,14:54:10,5.52,0.01,5,2760,卖盘
858,14:54:25,5.5,-0.02,109,60021,卖盘
859,14:55:13,5.49,-0.01,26,14274,卖盘
860,14:55:40,5.5,0.01,101,55549,买盘
861,14:55:46,5.49,-0.01,50,27470,卖盘
862,14:55:58,5.5,0.01,17,9350,买盘
863,14:56:01,5.49,-0.01,70,38430,卖盘
864,14:56:04,5.5,0.01,203,111650,买盘
865,14:56:12,5.49,-0.01,200,109800,卖盘
866,14:56:15,5.5,0.01,309,169950,买盘
867,14:56:25,5.5,0.0,15,8250,卖盘
868,14:56:40,5.5,0.0,25,13750,卖盘
869,14:56:42,5.51,0.01,1,551,买盘
870,14:56:46,5.5,-0.01,2,1100,卖盘
871,14:56:49,5.5,0.0,1,550,卖盘
872,14:56:58,5.51,0.01,43,23693,买盘
873,14:57:04,5.5,-0.01,100,55000,卖盘
874,15:00:04,5.5,0.0,55,30250,卖盘
