,time,price,change,volume,amount,type
0,09:25:04,23.07,0.0,5,11535,卖盘
1,09:30:05,23.05,-0.02,8,18440,卖盘
2,09:30:07,23.01,-0.04,6,13809,中性盘
3,09:30:10,23.01,0.0,5,11505,卖盘
4,09:30:16,23.0,-0.01,10,23000,买盘
5,09:30:19,23.04,0.04,5,11504,买盘
6,09:30:22,23.05,0.01,5,11525,买盘
7,09:30:40,23.05,0.0,7,16135,买盘
8,09:30:49,23.04,-0.01,11,25344,卖盘
9,09:31:01,23.04,0.0,3,6912,买盘
10,09:31:07,22.89,-0.15,7,16024,卖盘
11,09:31:22,23.04,0.15,10,23040,买盘
12,09:31:43,23.02,-0.02,3,6906,买盘
13,09:31:46,23.02,0.0,2,4604,买盘
14,09:32:07,22.98,-0.04,2,4596,买盘
15,09:32:10,22.98,0.0,2,4596,买盘
16,09:32:13,22.98,0.0,1,2298,买盘
17,09:32:16,22.98,0.0,1,2298,买盘
18,09:32:19,22.98,0.0,4,9192,买盘
19,09:32:25,22.98,0.0,3,6894,卖盘
20,09:32:28,23.07,0.09,10,23040,买盘
21,09:32:43,22.92,-0.15,10,22920,卖盘
22,09:32:55,23.07,0.15,2,4614,买盘
23,09:33:04,23.07,0.0,4,9228,卖盘
24,09:33:10,23.07,0.0,1,2307,卖盘
25,09:33:16,23.07,0.0,1,2307,卖盘
26,09:33:22,23.07,0.0,2,4614,卖盘
27,09:33:40,23.07,0.0,2,4614,卖盘
28,09:33:52,23.07,0.0,11,25377,买盘
29,09:33:55,23.06,-0.01,6,13838,卖盘
30,09:34:10,23.06,0.0,18,41550,卖盘
31,09:34:31,23.12,0.06,5,11560,买盘
32,09:34:55,23.06,-0.06,5,11530,卖盘
33,09:35:10,23.03,-0.03,30,69126,卖盘
34,09:35:37,23.07,0.04,2,4614,买盘
35,09:35:40,23.08,0.01,6,13845,买盘
36,09:35:52,22.95,-0.13,5,11475,卖盘
37,09:36:58,22.97,0.02,3,6891,卖盘
38,09:37:13,23.07,0.1,5,11535,买盘
39,09:37:58,23.03,-0.04,2,4606,买盘
40,09:38:04,23.03,0.0,2,4606,买盘
41,09:38:16,23.03,0.0,12,27636,买盘
42,09:38:58,23.06,0.03,1,2306,买盘
43,09:39:07,23.07,0.01,28,64596,买盘
44,09:39:13,23.06,-0.01,7,16147,卖盘
45,09:39:16,23.07,0.01,10,23046,买盘
46,09:39:19,23.07,0.0,3,6921,买盘
47,09:39:22,23.07,0.0,1,2307,买盘
48,09:39:25,23.07,0.0,1,2307,买盘
49,09:39:28,23.07,0.0,1,2307,买盘
50,09:39:34,23.07,0.0,1,2307,买盘
51,09:39:37,23.07,0.0,4,9228,买盘
52,09:39:43,23.07,0.0,1,2307,买盘
53,09:39:49,23.07,0.0,3,6921,买盘
54,09:39:52,23.11,0.04,15,34646,买盘
55,09:39:58,23.1,-0.01,1,2310,买盘
56,09:40:01,23.12,0.02,20,46228,买盘
57,09:40:05,23.12,0.0,6,13872,买盘
58,09:40:07,23.13,0.01,7,16187,买盘
59,09:40:13,23.15,0.02,21,48599,买盘
60,09:40:22,23.16,0.01,1,2316,买盘
61,09:40:25,23.16,0.0,11,25476,买盘
62,09:40:28,23.12,-0.04,6,13877,卖盘
63,09:40:31,23.18,0.06,1,2318,买盘
64,09:40:37,23.15,-0.03,1,2315,买盘
65,09:40:40,23.15,0.0,1,2315,买盘
66,09:40:43,23.18,0.03,11,25489,买盘
67,09:41:04,23.15,-0.03,7,16213,卖盘
68,09:41:07,23.18,0.03,20,46360,买盘
69,09:41:19,23.17,-0.01,7,16219,卖盘
70,09:41:31,23.19,0.02,5,11595,买盘
71,09:41:46,23.15,-0.04,110,255161,卖盘
72,09:42:01,23.15,0.0,24,55560,卖盘
73,09:42:13,23.18,0.03,10,23170,买盘
74,09:43:19,23.18,0.03,15,34763,买盘
75,09:43:28,23.17,-0.01,1,2317,买盘
76,09:43:31,23.16,-0.01,5,11580,卖盘
77,09:43:37,23.17,0.01,3,6951,买盘
78,09:43:52,23.17,0.0,2,4634,买盘
79,09:43:55,23.16,-0.01,3,6948,卖盘
80,09:43:58,23.18,0.02,34,78794,买盘
81,09:44:01,23.18,0.0,1,2318,卖盘
82,09:44:13,23.18,0.0,3,6954,卖盘
83,09:44:28,23.18,0.0,7,16226,买盘
84,09:44:46,23.17,-0.01,10,23170,买盘
85,09:44:55,23.18,0.01,24,55627,买盘
86,09:44:58,23.16,-0.02,5,11580,卖盘
87,09:45:01,23.16,0.0,1,2316,卖盘
88,09:45:04,23.16,0.0,14,32424,卖盘
89,09:45:13,23.16,0.0,5,11580,卖盘
90,09:45:16,23.17,0.01,6,13902,买盘
91,09:45:37,23.17,0.0,4,9268,卖盘
92,09:45:43,23.16,-0.01,9,20844,卖盘
93,09:46:04,23.14,-0.02,37,85724,卖盘
94,09:46:22,23.14,0.0,7,16198,卖盘
95,09:46:40,23.15,0.01,12,27780,卖盘
96,09:46:55,23.15,0.0,2,4630,买盘
97,09:47:07,23.16,0.01,8,18528,买盘
98,09:47:16,23.17,0.01,5,11585,买盘
99,09:47:40,23.18,0.01,15,34770,买盘
100,09:47:49,23.18,0.0,18,41737,卖盘
101,09:47:52,23.2,0.02,31,71896,买盘
102,09:47:55,23.2,0.0,3,6960,卖盘
103,09:48:04,23.21,0.01,3,6963,买盘
104,09:48:16,23.21,0.0,1,2321,卖盘
105,09:48:28,23.24,0.03,4,9296,买盘
106,09:48:31,23.24,0.0,2,4648,买盘
107,09:48:43,23.19,-0.05,19,44071,卖盘
108,09:48:55,23.19,0.0,3,6957,买盘
109,09:48:58,23.24,0.05,8,18585,买盘
110,09:49:19,23.23,-0.01,1,2323,买盘
111,09:49:28,23.24,0.01,18,41828,买盘
112,09:49:40,23.2,-0.04,1,2320,卖盘
113,09:49:52,23.23,0.03,10,23230,买盘
114,09:50:01,23.23,0.0,50,116136,买盘
115,09:50:10,23.2,-0.03,1,2320,卖盘
116,09:50:22,23.2,0.0,1,2320,卖盘
117,09:50:40,23.2,0.0,5,11600,卖盘
118,09:50:49,23.2,0.0,1,2320,卖盘
119,09:51:10,23.2,0.0,2,4640,卖盘
120,09:51:13,23.2,0.0,8,18560,卖盘
121,09:51:16,23.19,-0.01,50,115982,卖盘
122,09:51:28,23.19,0.0,21,48699,卖盘
123,09:51:31,23.19,0.0,7,16233,买盘
124,09:51:37,23.18,-0.01,17,39406,卖盘
125,09:51:55,23.18,0.0,5,11590,卖盘
126,09:52:19,23.19,0.01,3,6955,买盘
127,09:52:22,23.18,-0.01,8,19309,卖盘
128,09:52:28,23.19,0.01,6,13914,买盘
129,09:52:31,23.19,0.0,1,2319,买盘
130,09:52:37,23.18,-0.01,1,2318,卖盘
131,09:52:46,23.19,0.01,2,4638,买盘
132,09:52:49,23.19,0.0,16,37093,买盘
133,09:52:51,23.18,-0.01,17,39412,卖盘
134,09:53:04,23.18,0.0,5,11590,卖盘
135,09:53:07,23.18,0.0,2,4636,卖盘
136,09:53:19,23.18,0.0,3,6954,卖盘
137,09:53:22,23.18,0.0,8,18544,卖盘
138,09:53:31,23.19,0.01,5,11595,买盘
139,09:53:34,23.19,0.0,1,2319,卖盘
140,09:53:40,23.19,0.0,1,2319,卖盘
141,09:53:43,23.19,0.0,1,2319,卖盘
142,09:53:48,23.19,0.0,2,4638,卖盘
143,09:53:52,23.2,0.01,7,16236,买盘
144,09:54:01,23.2,0.0,20,46400,买盘
145,09:54:10,23.2,0.0,7,16240,买盘
146,09:54:16,23.18,-0.02,23,52555,卖盘
147,09:54:31,23.18,0.0,1,2318,买盘
148,09:54:37,23.18,0.0,6,14673,买盘
149,09:54:52,23.18,0.0,7,15461,卖盘
150,09:54:58,23.21,0.03,20,46385,买盘
151,09:55:10,23.16,-0.05,13,30118,卖盘
152,09:55:16,23.16,0.0,4,9279,卖盘
153,09:55:34,23.17,0.01,10,23170,卖盘
154,09:56:16,23.17,0.0,6,13902,卖盘
155,09:56:31,23.2,0.03,3,6960,买盘
156,09:56:34,23.2,0.0,3,6960,买盘
157,09:56:37,23.2,0.0,10,23200,卖盘
158,09:56:58,23.21,0.01,11,26297,买盘
159,09:57:01,23.21,0.0,15,34815,卖盘
160,09:57:13,23.21,0.0,4,9284,卖盘
161,09:57:46,23.21,0.0,4,9284,卖盘
162,09:58:28,23.23,0.02,26,60393,买盘
163,09:58:33,23.23,0.0,3,6969,卖盘
164,09:58:58,23.24,0.01,3,6972,买盘
165,09:59:09,23.24,0.0,13,30212,买盘
166,09:59:37,23.24,0.0,1,2324,买盘
167,10:00:01,23.23,-0.01,9,20907,卖盘
168,10:00:07,23.24,0.01,1,2324,买盘
169,10:00:25,23.23,-0.01,2,4646,卖盘
170,10:00:28,23.23,0.0,10,23230,卖盘
171,10:00:52,23.22,-0.01,2,4644,卖盘
172,10:00:55,23.22,0.0,3,6966,卖盘
173,10:01:10,23.22,0.0,20,46440,买盘
174,10:01:13,23.21,-0.01,5,11605,卖盘
175,10:01:24,23.21,0.0,5,11605,卖盘
176,10:01:27,23.21,0.0,13,29407,卖盘
177,10:02:16,23.17,-0.04,20,46361,卖盘
178,10:02:43,23.17,0.0,20,46340,卖盘
179,10:02:46,23.15,-0.02,34,78739,卖盘
180,10:03:16,23.15,0.0,3,6945,卖盘
181,10:03:34,23.14,-0.01,10,23145,卖盘
182,10:03:58,23.15,0.01,1,2315,买盘
183,10:04:28,23.19,0.04,14,32461,买盘
184,10:04:34,23.15,-0.04,11,25505,卖盘
185,10:04:52,23.15,0.0,10,23150,卖盘
186,10:04:58,23.19,0.04,2,4638,买盘
187,10:05:07,23.15,-0.04,3,6945,卖盘
188,10:05:34,23.19,0.04,1,2319,买盘
189,10:06:19,23.15,-0.04,5,11575,卖盘
190,10:06:58,23.14,-0.01,39,90269,卖盘
191,10:07:01,23.18,0.04,2,4636,买盘
192,10:09:07,23.17,-0.01,3,6951,买盘
193,10:09:18,23.17,0.0,2,4634,买盘
194,10:09:22,23.15,-0.02,16,37040,卖盘
195,10:09:28,23.17,0.02,20,46332,买盘
196,10:10:16,23.14,-0.03,5,11570,卖盘
197,10:10:25,23.14,0.0,10,23140,卖盘
198,10:10:55,23.14,0.0,12,27768,买盘
199,10:11:04,23.13,-0.01,10,23130,卖盘
200,10:11:07,23.13,0.0,16,37008,卖盘
201,10:11:09,23.13,0.0,2,4626,买盘
202,10:11:49,23.11,-0.02,9,20799,卖盘
203,10:11:52,23.11,0.0,3,6933,卖盘
204,10:12:01,23.13,0.02,2,4626,买盘
205,10:12:13,23.14,0.01,5,11570,买盘
206,10:12:42,23.14,0.0,3,6942,买盘
207,10:12:55,23.14,0.0,7,16198,卖盘
208,10:13:07,23.16,0.02,1,2316,买盘
209,10:13:13,23.16,0.0,2,4632,卖盘
210,10:14:01,23.17,0.01,9,21618,买盘
211,10:14:13,23.17,0.0,4,8503,卖盘
212,10:14:52,23.16,-0.01,52,120432,卖盘
213,10:15:00,23.14,-0.02,2,4628,卖盘
214,10:15:10,23.16,0.02,4,9264,买盘
215,10:15:30,23.17,0.01,24,56373,买盘
216,10:15:34,23.17,0.0,5,11585,卖盘
217,10:15:45,23.17,0.0,1,2317,卖盘
218,10:16:01,23.17,0.0,20,46340,卖盘
219,10:16:24,23.18,0.01,35,81130,买盘
220,10:16:30,23.17,-0.01,15,33999,卖盘
221,10:16:33,23.18,0.01,18,42480,买盘
222,10:17:01,23.18,0.0,3,6189,卖盘
223,10:17:04,23.19,0.01,10,23187,买盘
224,10:17:58,23.19,0.0,27,62613,买盘
225,10:18:00,23.19,0.0,10,23190,买盘
226,10:18:12,23.19,0.0,1,2319,买盘
227,10:18:43,23.19,0.0,2,4638,买盘
228,10:18:58,23.19,0.0,9,20871,买盘
229,10:19:01,23.19,0.0,5,11595,买盘
230,10:19:09,23.17,-0.02,7,16219,卖盘
231,10:19:55,23.16,-0.01,4,9264,卖盘
232,10:20:04,23.15,-0.01,5,11575,买盘
233,10:20:13,23.15,0.0,2,4630,买盘
234,10:20:18,23.15,0.0,2,4630,买盘
235,10:20:28,23.15,0.0,1,2315,买盘
236,10:20:49,23.15,0.0,11,25465,卖盘
237,10:22:10,23.16,0.01,1,2316,买盘
238,10:23:27,23.17,0.01,1,2317,买盘
239,10:23:45,23.17,0.0,14,32438,卖盘
240,10:23:55,23.18,0.01,4,9272,买盘
241,10:23:58,23.18,0.0,10,23180,卖盘
242,10:24:13,23.19,0.01,20,46380,买盘
243,10:24:25,23.19,0.0,21,48699,买盘
244,10:24:30,23.18,-0.01,11,25498,卖盘
245,10:24:36,23.19,0.01,8,19317,买盘
246,10:25:13,23.2,0.01,3,6960,买盘
247,10:25:16,23.18,-0.02,42,96616,卖盘
248,10:25:27,23.18,0.0,1,2318,买盘
249,10:26:40,23.16,-0.02,1,2316,卖盘
250,10:28:03,23.16,0.0,1,2316,买盘
251,10:29:58,23.14,-0.02,1,2314,卖盘
252,10:30:37,23.11,-0.03,14,32365,卖盘
253,10:30:55,23.11,0.0,2,4622,买盘
254,10:31:00,23.11,0.0,1,2311,买盘
255,10:31:18,23.11,0.0,8,18488,买盘
256,10:31:28,23.11,0.0,15,34665,买盘
257,10:31:34,23.11,0.0,1,2311,买盘
258,10:31:39,23.11,0.0,5,11555,中性盘
259,10:33:48,23.12,0.01,4,9248,卖盘
260,10:34:24,23.12,0.0,3,6936,卖盘
261,10:35:22,23.15,0.03,1,2315,买盘
262,10:36:06,23.12,-0.03,3,6936,卖盘
263,10:36:46,23.1,-0.02,60,138610,卖盘
264,10:37:06,23.1,0.0,4,9240,卖盘
265,10:37:33,23.08,-0.02,5,11540,卖盘
266,10:37:49,23.04,-0.04,4,9224,卖盘
267,10:38:04,23.08,0.04,22,50671,买盘
268,10:38:34,23.08,0.0,9,20772,卖盘
269,10:38:45,23.08,0.0,7,16156,买盘
270,10:39:19,23.01,-0.07,8,18408,卖盘
271,10:39:42,23.0,-0.01,105,241503,卖盘
272,10:39:55,22.98,-0.02,4,9192,卖盘
273,10:39:57,22.98,0.0,5,11490,卖盘
274,10:40:19,22.98,0.0,1,2298,卖盘
275,10:40:37,22.98,0.0,4,9192,买盘
276,10:40:40,22.98,0.0,5,11490,中性盘
277,10:40:46,22.97,-0.01,1,2297,买盘
278,10:40:49,22.97,0.0,1,2297,买盘
279,10:40:52,22.97,0.0,1,2297,买盘
280,10:40:55,22.97,0.0,1,2297,买盘
281,10:40:58,22.97,0.0,2,4594,买盘
282,10:41:01,22.97,0.0,1,2297,买盘
283,10:41:05,22.97,0.0,1,2297,买盘
284,10:41:07,22.97,0.0,1,2297,买盘
285,10:41:10,22.97,0.0,1,2297,买盘
286,10:41:13,22.97,0.0,1,2297,买盘
287,10:41:15,22.97,0.0,1,2297,买盘
288,10:41:28,22.96,-0.01,7,16834,卖盘
289,10:41:46,22.96,0.0,2,4592,卖盘
290,10:42:33,23.0,0.04,2,4600,买盘
291,10:42:39,23.0,0.0,10,23000,买盘
292,10:42:46,23.0,0.0,3,6900,买盘
293,10:42:52,23.0,0.0,5,11500,卖盘
294,10:43:04,23.01,0.01,3,6903,买盘
295,10:43:07,22.98,-0.03,12,27584,卖盘
296,10:43:13,23.01,0.03,25,57525,买盘
297,10:43:16,22.98,-0.03,22,50571,卖盘
298,10:43:30,22.98,0.0,60,137880,买盘
299,10:43:33,22.96,-0.02,25,56642,卖盘
300,10:43:36,22.96,0.0,1,2296,买盘
301,10:43:46,22.96,0.0,5,11480,买盘
302,10:43:55,22.98,0.02,78,179988,买盘
303,10:45:48,23.06,0.08,2,4612,买盘
304,10:47:28,23.06,0.0,1,1153,卖盘
305,10:47:39,23.07,0.01,38,87666,买盘
306,10:47:58,23.08,0.01,3,6924,买盘
307,10:48:13,23.07,-0.01,21,48447,卖盘
308,10:48:37,23.06,-0.01,2,5765,卖盘
309,10:49:27,23.06,0.0,1,2306,买盘
310,10:50:16,23.0,-0.06,18,41400,卖盘
311,10:50:22,23.0,0.0,3,6900,买盘
312,10:50:37,23.0,0.0,9,20700,买盘
313,10:50:40,23.0,0.0,2,4600,买盘
314,10:51:34,23.0,0.0,1,2300,卖盘
315,10:52:07,23.06,0.06,3,6918,买盘
316,10:52:31,23.06,0.0,1,2306,买盘
317,10:52:34,23.06,0.0,5,11530,买盘
318,10:52:37,23.06,0.0,8,17295,买盘
319,10:52:43,23.07,0.01,3,6921,买盘
320,10:53:07,23.08,0.01,32,73849,买盘
321,10:53:22,23.08,0.0,4,9232,买盘
322,10:53:25,23.08,0.0,15,34620,买盘
323,10:53:28,23.08,0.0,10,23080,买盘
324,10:53:49,23.08,0.0,2,4616,买盘
325,10:53:58,23.08,0.0,2,4616,买盘
326,10:54:40,23.1,0.02,1,2310,买盘
327,10:54:58,23.15,0.05,5,11564,买盘
328,10:57:39,23.14,-0.01,14,32387,买盘
329,10:58:04,23.14,0.0,20,46280,买盘
330,10:58:34,23.15,0.01,2,4630,买盘
331,10:58:55,23.15,0.0,5,11575,买盘
332,10:59:04,23.08,-0.07,39,90043,卖盘
333,11:00:04,23.14,0.06,30,69420,买盘
334,11:01:01,23.13,-0.01,3,6939,卖盘
335,11:01:16,23.13,0.0,11,25443,卖盘
336,11:03:16,23.12,-0.01,4,9248,卖盘
337,11:03:24,23.11,-0.01,1,2311,卖盘
338,11:03:27,23.11,0.0,6,13866,卖盘
339,11:03:51,23.12,0.01,26,60112,买盘
340,11:03:57,23.12,0.0,22,50864,卖盘
341,11:04:12,23.12,0.0,5,11560,卖盘
342,11:04:22,23.12,0.0,5,11560,卖盘
343,11:04:46,23.12,0.0,5,11560,卖盘
344,11:05:09,23.14,0.02,10,23140,买盘
345,11:05:15,23.15,0.01,30,69450,买盘
346,11:05:21,23.15,0.0,42,97230,买盘
347,11:05:34,23.15,0.0,8,18520,买盘
348,11:05:40,23.15,0.0,6,13890,卖盘
349,11:05:54,23.16,0.01,4,9264,买盘
350,11:06:07,23.16,0.0,1,2316,买盘
351,11:06:18,23.16,0.0,4,9264,买盘
352,11:06:30,23.15,-0.01,65,150481,卖盘
353,11:07:10,23.12,-0.03,7,16184,卖盘
354,11:07:31,23.11,-0.01,3,6933,卖盘
355,11:07:52,23.09,-0.02,10,23090,卖盘
356,11:09:18,23.1,0.01,5,11550,卖盘
357,11:09:25,23.11,0.01,27,62397,买盘
358,11:09:39,23.15,0.04,14,32410,买盘
359,11:11:18,23.14,-0.01,13,30072,买盘
360,11:11:33,23.14,0.0,10,23135,买盘
361,11:11:36,23.12,-0.02,8,18496,卖盘
362,11:12:31,23.12,0.0,18,41616,买盘
363,11:12:43,23.13,0.01,2,4626,买盘
364,11:13:01,23.13,0.0,5,11565,卖盘
365,11:14:31,23.13,0.0,4,9252,买盘
366,11:15:07,23.13,0.0,8,18504,买盘
367,11:15:16,23.13,0.0,4,9252,卖盘
368,11:16:51,23.12,-0.01,1,2312,卖盘
369,11:17:01,23.13,0.01,2,4626,买盘
370,11:17:30,23.13,0.0,1,2313,买盘
371,11:18:09,23.13,0.0,38,87894,买盘
372,11:18:46,23.13,0.0,26,60138,买盘
373,11:19:12,23.14,0.01,10,23140,买盘
374,11:19:19,23.14,0.0,17,39338,买盘
375,11:19:22,23.14,0.0,4,9256,买盘
376,11:20:12,23.15,0.01,19,43985,买盘
377,11:20:22,23.16,0.01,26,60216,买盘
378,11:20:30,23.17,0.01,12,27804,买盘
379,11:21:00,23.18,0.01,1,2318,买盘
380,11:21:07,23.18,0.0,5,11590,买盘
381,11:21:10,23.17,-0.01,8,18541,卖盘
382,11:21:15,23.19,0.02,8,18552,买盘
383,11:21:27,23.19,0.0,8,18552,买盘
384,11:21:31,23.19,0.0,4,9276,卖盘
385,11:21:58,23.19,0.0,7,16232,买盘
386,11:22:03,23.19,0.0,2,4638,买盘
387,11:22:07,23.19,0.0,64,148416,买盘
388,11:22:15,23.19,0.0,4,9276,买盘
389,11:22:46,23.19,0.0,5,11595,卖盘
390,11:22:51,23.2,0.01,5,11600,买盘
391,11:23:01,23.2,0.0,5,11600,买盘
392,11:23:13,23.2,0.0,9,20880,买盘
393,11:23:30,23.2,0.0,13,30160,买盘
394,11:23:39,23.18,-0.02,1,2318,卖盘
395,11:24:01,23.18,0.0,9,20862,买盘
396,11:24:13,23.18,0.0,70,162260,卖盘
397,11:24:21,23.17,-0.01,5,11585,卖盘
398,11:24:34,23.17,0.0,3,6951,卖盘
399,11:25:10,23.16,-0.01,15,34745,卖盘
400,11:26:04,23.15,-0.01,11,25465,卖盘
401,11:26:10,23.15,0.0,5,11575,买盘
402,11:26:48,23.14,-0.01,3,6942,买盘
403,11:27:00,23.14,0.0,2,4628,买盘
404,11:27:03,23.09,-0.05,34,78558,卖盘
405,11:27:54,23.12,0.03,20,46240,买盘
406,11:28:28,23.17,0.05,3,6951,买盘
407,11:29:52,23.18,0.01,5,11590,买盘
408,13:00:07,23.18,0.0,30,69540,买盘
409,13:00:10,23.18,0.0,5,11584,买盘
410,13:01:46,23.17,-0.01,3,6951,买盘
411,13:02:55,23.16,-0.01,10,23160,卖盘
412,13:03:04,23.18,0.02,3,6954,买盘
413,13:03:21,23.16,-0.02,2,4632,卖盘
414,13:04:27,23.16,0.0,1,2316,买盘
415,13:04:30,23.14,-0.02,5,11570,卖盘
416,13:04:46,23.15,0.01,2,4630,买盘
417,13:05:25,23.14,-0.01,5,11570,卖盘
418,13:05:51,23.14,0.0,10,23140,卖盘
419,13:06:39,23.16,0.02,6,13896,买盘
420,13:07:28,23.12,-0.04,47,108723,卖盘
421,13:08:40,23.13,0.01,10,23130,卖盘
422,13:08:46,23.13,0.0,10,23130,卖盘
423,13:08:55,23.1,-0.03,64,147944,卖盘
424,13:09:01,23.09,-0.01,2,4618,卖盘
425,13:09:22,23.08,-0.01,13,30007,卖盘
426,13:09:46,23.07,-0.01,5,11535,卖盘
427,13:10:34,23.07,0.0,2,4614,卖盘
428,13:10:40,23.08,0.01,2,4616,买盘
429,13:10:43,23.08,0.0,6,13848,买盘
430,13:10:49,23.08,0.0,7,16156,卖盘
431,13:12:34,23.08,0.0,5,11540,卖盘
432,13:12:40,23.12,0.04,1,2312,买盘
433,13:13:01,23.12,0.0,16,36992,卖盘
434,13:13:09,23.12,0.0,4,9248,卖盘
435,13:14:04,23.09,-0.03,1,2309,卖盘
436,13:14:48,23.08,-0.01,1,2308,卖盘
437,13:15:04,23.09,0.01,4,9236,买盘
438,13:15:22,23.09,0.0,15,34635,买盘
439,13:15:40,23.09,0.0,5,11545,卖盘
440,13:16:54,23.08,-0.01,5,11540,卖盘
441,13:17:40,23.09,0.01,4,9236,买盘
442,13:17:43,23.08,-0.01,12,27696,卖盘
443,13:17:54,23.08,0.0,2,4616,买盘
444,13:18:28,23.08,0.0,8,18464,买盘
445,13:20:04,23.07,-0.01,14,32298,卖盘
446,13:21:01,23.07,0.0,1,2307,卖盘
447,13:21:22,23.08,0.01,8,18464,买盘
448,13:21:34,23.08,0.0,1,2308,买盘
449,13:21:51,23.07,-0.01,4,9228,卖盘
450,13:21:55,23.08,0.01,12,27696,买盘
451,13:23:15,23.09,0.01,64,147776,买盘
452,13:23:19,23.09,0.0,12,27708,买盘
453,13:24:01,23.09,0.0,45,103905,买盘
454,13:24:34,23.09,0.0,3,6927,卖盘
455,13:24:42,23.1,0.01,11,25410,买盘
456,13:24:52,23.09,-0.01,36,83124,卖盘
457,13:26:22,23.08,-0.01,30,69265,卖盘
458,13:26:39,23.08,0.0,2,4616,卖盘
459,13:26:43,23.08,0.0,1,2308,卖盘
460,13:26:49,23.09,0.01,5,11545,买盘
461,13:26:52,23.08,-0.01,2,4616,卖盘
462,13:26:57,23.08,0.0,16,36928,卖盘
463,13:27:13,23.02,-0.06,2,4604,卖盘
464,13:27:25,23.01,-0.01,7,16110,卖盘
465,13:27:40,23.01,0.0,3,6903,卖盘
466,13:27:52,23.01,0.0,3,6903,卖盘
467,13:27:54,23.02,0.01,8,18416,买盘
468,13:28:04,23.02,0.0,3,6906,卖盘
469,13:28:19,23.03,0.01,5,11515,卖盘
470,13:28:27,23.03,0.0,6,13818,卖盘
471,13:28:40,23.03,0.0,2,4606,卖盘
472,13:28:42,23.03,0.0,5,11515,买盘
473,13:28:51,23.03,0.0,6,13818,中性盘
474,13:29:07,23.03,0.0,6,13818,卖盘
475,13:29:16,23.03,0.0,7,16121,卖盘
476,13:31:57,23.04,0.01,12,27648,卖盘
477,13:32:09,23.03,-0.01,77,177369,卖盘
478,13:32:48,23.04,0.01,3,6912,卖盘
479,13:35:18,23.12,0.08,2,4624,买盘
480,13:35:54,23.11,-0.01,3,6933,买盘
481,13:36:04,23.06,-0.05,4,9224,卖盘
482,13:37:40,23.06,0.0,4,9224,卖盘
483,13:40:09,23.06,0.0,9,20754,卖盘
484,13:40:45,23.06,0.0,4,9224,买盘
485,13:40:55,23.05,-0.01,48,110640,卖盘
486,13:40:58,23.06,0.01,3,6918,买盘
487,13:41:16,23.06,0.0,1,2306,买盘
488,13:41:18,23.05,-0.01,10,23050,卖盘
489,13:41:22,23.06,0.01,2,4612,买盘
490,13:41:24,23.05,-0.01,18,41490,卖盘
491,13:41:40,23.05,0.0,2,4610,买盘
492,13:42:12,23.06,0.01,30,69180,买盘
493,13:42:36,23.05,-0.01,20,46100,卖盘
494,13:43:43,23.06,0.01,12,27672,买盘
495,13:44:19,23.05,-0.01,31,71458,卖盘
496,13:44:34,23.04,-0.01,9,20736,卖盘
497,13:45:00,23.04,0.0,28,64512,卖盘
498,13:45:58,23.05,0.01,4,9220,卖盘
499,13:48:36,23.05,0.0,7,16135,卖盘
500,13:49:55,23.1,0.05,1,2310,买盘
501,13:49:58,23.05,-0.05,4,9220,卖盘
502,13:51:09,23.05,0.0,1,2305,卖盘
503,13:52:31,23.06,0.01,1,2306,卖盘
504,13:52:58,23.09,0.03,5,11545,买盘
505,13:53:01,23.06,-0.03,5,11539,卖盘
506,13:53:42,23.1,0.04,5,11550,买盘
507,13:54:13,23.11,0.01,19,43909,买盘
508,13:55:13,23.11,0.0,4,9244,买盘
509,13:55:25,23.12,0.01,20,46240,买盘
510,13:55:55,23.13,0.01,10,23130,买盘
511,13:56:18,23.16,0.03,14,32413,买盘
512,13:56:42,23.13,-0.03,14,32382,卖盘
513,13:56:58,23.11,-0.02,22,50842,卖盘
514,13:57:22,23.11,0.0,1,2311,买盘
515,13:57:58,23.1,-0.01,1,2310,买盘
516,13:58:04,23.1,0.0,2,4620,卖盘
517,13:58:34,23.1,0.0,17,39270,卖盘
518,14:00:25,23.1,0.0,4,9240,买盘
519,14:01:13,23.1,0.0,2,4620,买盘
520,14:01:16,23.1,0.0,10,23100,卖盘
521,14:02:16,23.11,0.01,4,9244,买盘
522,14:02:43,23.11,0.0,3,6933,买盘
523,14:03:12,23.11,0.0,1,2311,买盘
524,14:04:12,23.16,0.05,4,9254,买盘
525,14:04:39,23.16,0.0,11,25470,买盘
526,14:05:01,23.16,0.0,13,30108,买盘
527,14:05:19,23.17,0.01,2,4634,买盘
528,14:05:22,23.18,0.01,4,9272,买盘
529,14:05:31,23.19,0.01,22,51018,买盘
530,14:05:34,23.18,-0.01,5,11590,卖盘
531,14:05:49,23.19,0.01,4,9276,买盘
532,14:05:52,23.2,0.01,10,23200,买盘
533,14:06:04,23.2,0.0,4,9280,买盘
534,14:06:10,23.19,-0.01,1,2319,卖盘
535,14:06:28,23.19,0.0,6,13914,买盘
536,14:06:40,23.19,0.0,1,2319,买盘
537,14:06:46,23.18,-0.01,15,34781,卖盘
538,14:06:55,23.2,0.02,54,125270,买盘
539,14:07:07,23.2,0.0,1,2320,卖盘
540,14:07:10,23.2,0.0,7,16240,卖盘
541,14:07:48,23.16,-0.04,13,30120,卖盘
542,14:07:52,23.1,-0.06,13,30048,卖盘
543,14:09:21,23.18,0.08,2,4636,买盘
544,14:10:18,23.13,-0.05,3,6940,卖盘
545,14:11:25,23.13,0.0,1,2313,卖盘
546,14:12:12,23.12,-0.01,3,6936,卖盘
547,14:12:39,23.16,0.04,20,46300,买盘
548,14:12:42,23.16,0.0,3,6948,卖盘
549,14:13:24,23.16,0.0,2,4632,卖盘
550,14:13:46,23.16,0.0,10,23160,卖盘
551,14:13:49,23.18,0.02,2,4636,买盘
552,14:14:24,23.16,-0.02,5,11580,卖盘
553,14:15:09,23.18,0.02,7,16226,买盘
554,14:15:42,23.18,0.0,7,16226,买盘
555,14:15:58,23.2,0.02,62,143797,买盘
556,14:16:25,23.2,0.0,2,4640,买盘
557,14:16:27,23.2,0.0,30,69600,买盘
558,14:16:40,23.21,0.01,17,39452,买盘
559,14:16:54,23.2,-0.01,4,9280,卖盘
560,14:17:06,23.2,0.0,1,2320,卖盘
561,14:17:10,23.2,0.0,33,76560,买盘
562,14:17:15,23.2,0.0,2,4640,买盘
563,14:17:19,23.17,-0.03,8,18536,卖盘
564,14:17:43,23.17,0.0,3,6951,卖盘
565,14:17:57,23.2,0.03,3,6960,买盘
566,14:18:16,23.17,-0.03,1,2317,卖盘
567,14:18:43,23.2,0.03,100,232000,买盘
568,14:18:58,23.2,0.0,1,2320,买盘
569,14:19:12,23.2,0.0,4,9280,卖盘
570,14:19:28,23.21,0.01,17,39442,买盘
571,14:19:37,23.21,0.0,7,16243,买盘
572,14:19:49,23.21,0.0,3,6963,买盘
573,14:19:55,23.21,0.0,16,37136,买盘
574,14:19:57,23.21,0.0,4,9284,卖盘
575,14:20:21,23.2,-0.01,3,6960,买盘
576,14:20:39,23.2,0.0,18,41758,买盘
577,14:21:09,23.2,0.0,21,48715,买盘
578,14:21:34,23.2,0.0,50,116000,买盘
579,14:22:34,23.19,-0.01,2,4638,卖盘
580,14:22:51,23.19,0.0,10,23190,买盘
581,14:23:25,23.18,-0.01,3,6954,卖盘
582,14:23:36,23.18,0.0,9,20862,卖盘
583,14:23:49,23.18,0.0,2,4636,买盘
584,14:24:04,23.17,-0.01,18,41706,卖盘
585,14:24:40,23.16,-0.01,22,50952,卖盘
586,14:24:45,23.12,-0.04,13,30082,卖盘
587,14:25:21,23.12,0.0,5,11560,卖盘
588,14:27:15,23.13,0.01,2,4626,卖盘
589,14:27:19,23.13,0.0,1,2313,卖盘
590,14:28:55,23.15,0.02,6,13890,买盘
591,14:28:58,23.14,-0.01,8,18512,卖盘
592,14:29:04,23.15,0.01,8,18520,买盘
593,14:29:34,23.16,0.01,3,6948,买盘
594,14:29:55,23.16,0.0,10,23160,卖盘
595,14:30:04,23.16,0.0,7,17370,卖盘
596,14:30:22,23.18,0.02,15,34770,买盘
597,14:30:42,23.16,-0.02,4,8106,卖盘
598,14:31:37,23.16,0.0,2,4632,卖盘
599,14:32:01,23.16,0.0,8,17370,卖盘
600,14:32:19,23.14,-0.02,5,11570,卖盘
601,14:32:25,23.14,0.0,2,4628,卖盘
602,14:32:43,23.13,-0.01,17,39321,卖盘
603,14:33:09,23.12,-0.01,1,2312,卖盘
604,14:33:25,23.12,0.0,10,23120,卖盘
605,14:33:42,23.12,0.0,40,92480,卖盘
606,14:33:49,23.12,0.0,3,6936,卖盘
607,14:34:46,23.1,-0.02,14,32340,卖盘
608,14:35:01,23.1,0.0,7,16170,卖盘
609,14:36:28,23.12,0.02,8,18496,买盘
610,14:36:42,23.11,-0.01,1,2311,卖盘
611,14:37:04,23.12,0.01,3,6936,买盘
612,14:37:06,23.11,-0.01,29,67021,卖盘
613,14:37:22,23.13,0.02,16,37008,买盘
614,14:37:49,23.11,-0.02,10,23110,买盘
615,14:37:55,23.11,0.0,5,11555,买盘
616,14:39:07,23.11,0.0,13,30043,买盘
617,14:40:01,23.12,0.01,5,11560,卖盘
618,14:40:52,23.12,0.0,2,4624,卖盘
619,14:40:58,23.13,0.01,3,6939,买盘
620,14:41:22,23.14,0.01,1,2314,买盘
621,14:43:05,23.19,0.05,14,32464,买盘
622,14:43:25,23.19,0.0,11,25509,买盘
623,14:43:28,23.19,0.0,3,6957,买盘
624,14:43:34,23.15,-0.04,3,6945,卖盘
625,14:43:46,23.15,0.0,2,4630,买盘
626,14:43:49,23.19,0.04,1,2319,买盘
627,14:44:13,23.19,0.0,1,2319,买盘
628,14:44:31,23.2,0.01,16,37110,买盘
629,14:45:07,23.21,0.01,25,59173,买盘
630,14:45:16,23.21,0.0,3,6963,卖盘
631,14:45:34,23.22,0.01,19,44110,买盘
632,14:45:43,23.22,0.0,5,11610,卖盘
633,14:45:55,23.22,0.0,1,2322,卖盘
634,14:46:07,23.22,0.0,3,6966,卖盘
635,14:46:10,23.26,0.04,43,99937,买盘
636,14:46:19,23.26,0.0,12,27912,买盘
637,14:46:28,23.26,0.0,3,6978,卖盘
638,14:46:51,23.26,0.0,3,6976,买盘
639,14:47:07,23.26,0.0,6,13954,买盘
640,14:47:13,23.25,-0.01,1,2325,卖盘
641,14:47:16,23.25,0.0,2,4650,卖盘
642,14:47:19,23.25,0.0,2,4650,卖盘
643,14:47:22,23.25,0.0,2,4650,卖盘
644,14:47:25,23.25,0.0,6,13950,卖盘
645,14:47:28,23.23,-0.02,1,2323,卖盘
646,14:47:31,23.23,0.0,1,2323,卖盘
647,14:47:34,23.22,-0.01,7,16256,卖盘
648,14:47:37,23.22,0.0,5,11610,卖盘
649,14:47:39,23.22,0.0,9,20898,卖盘
650,14:47:42,23.22,0.0,9,20898,卖盘
651,14:47:46,23.22,0.0,53,123066,卖盘
652,14:47:49,23.2,-0.02,3,6960,卖盘
653,14:47:55,23.19,-0.01,1,2319,卖盘
654,14:47:58,23.19,0.0,1,2319,卖盘
655,14:48:01,23.19,0.0,1,2319,卖盘
656,14:48:05,23.19,0.0,1,2319,卖盘
657,14:48:07,23.19,0.0,1,2319,卖盘
658,14:48:10,23.19,0.0,1,2319,卖盘
659,14:48:24,23.14,-0.05,54,124972,卖盘
660,14:48:28,23.22,0.08,100,232158,买盘
661,14:49:04,23.22,0.0,10,23215,买盘
662,14:49:34,23.22,0.0,16,37152,买盘
663,14:49:46,23.22,0.0,1,2322,卖盘
664,14:49:49,23.22,0.0,5,11610,卖盘
665,14:50:07,23.22,0.0,10,23220,卖盘
666,14:50:13,23.22,0.0,19,44118,卖盘
667,14:50:19,23.22,0.0,83,192726,卖盘
668,14:50:34,23.21,-0.01,2,4642,卖盘
669,14:50:49,23.2,-0.01,1,2320,卖盘
670,14:50:55,23.2,0.0,2,4640,卖盘
671,14:51:01,23.19,-0.01,1,2319,卖盘
672,14:51:22,23.15,-0.04,4,9260,卖盘
673,14:51:46,23.15,0.0,9,20835,卖盘
674,14:52:01,23.14,-0.01,1,2314,卖盘
675,14:52:13,23.15,0.01,6,13890,买盘
676,14:52:22,23.14,-0.01,11,25464,卖盘
677,14:52:34,23.19,0.05,1,2319,买盘
678,14:52:43,23.19,0.0,7,16233,卖盘
679,14:52:49,23.2,0.01,12,27840,买盘
680,14:53:01,23.2,0.0,16,37120,买盘
681,14:53:05,23.2,0.0,4,9280,卖盘
682,14:53:16,23.2,0.0,6,13920,卖盘
683,14:53:40,23.2,0.0,18,41760,卖盘
684,14:53:52,23.2,0.0,1,2320,卖盘
685,14:54:01,23.2,0.0,2,4640,卖盘
686,14:54:07,23.2,0.0,1,2320,卖盘
687,14:54:13,23.2,0.0,6,13920,买盘
688,14:54:16,23.2,0.0,4,9280,买盘
689,14:54:28,23.2,0.0,5,11600,卖盘
690,14:54:49,23.21,0.01,16,37136,买盘
691,14:55:10,23.19,-0.02,3,6957,卖盘
692,14:55:28,23.17,-0.02,6,13898,买盘
693,14:55:40,23.15,-0.02,6,13890,卖盘
694,14:55:52,23.15,0.0,5,11575,卖盘
695,14:55:58,23.13,-0.02,12,27764,卖盘
696,14:56:01,23.17,0.04,8,18536,买盘
697,14:56:10,23.15,-0.02,13,30113,卖盘
698,14:56:19,23.16,0.01,10,23151,买盘
699,14:56:25,23.17,0.01,3,6951,买盘
700,14:56:31,23.17,0.0,2,4634,卖盘
701,14:56:55,23.2,0.03,8,18560,买盘
702,14:57:05,23.2,0.0,22,51040,买盘
703,15:00:05,23.21,0.01,150,348150,卖盘
