,time,price,change,volume,amount,type
0,09:25:04,5.68,-0.03,1853,1052504,卖盘
1,09:30:01,5.69,0.01,134,76130,买盘
2,09:30:04,5.65,-0.04,2825,1601143,卖盘
3,09:30:07,5.67,0.02,466,264053,买盘
4,09:30:10,5.67,0.0,183,103653,买盘
5,09:30:13,5.67,0.0,358,202967,买盘
6,09:30:16,5.67,0.0,102,57833,买盘
7,09:30:18,5.67,0.0,1003,568635,买盘
8,09:30:22,5.67,0.0,726,411920,买盘
9,09:30:24,5.68,0.01,401,227757,买盘
10,09:30:27,5.69,0.01,672,381787,买盘
11,09:30:31,5.69,0.0,137,78060,卖盘
12,09:30:33,5.7,0.01,189,107565,买盘
13,09:30:36,5.7,0.0,51,29070,买盘
14,09:30:40,5.69,-0.01,107,60944,中性盘
15,09:30:43,5.69,0.0,555,315408,买盘
16,09:30:46,5.69,0.0,434,246985,买盘
17,09:30:48,5.7,0.01,394,224286,买盘
18,09:30:52,5.7,0.0,60,34190,买盘
19,09:30:54,5.7,0.0,29,16530,买盘
20,09:30:58,5.7,0.0,205,116810,买盘
21,09:31:01,5.7,0.0,31,17670,买盘
22,09:31:05,5.7,0.0,666,379615,买盘
23,09:31:06,5.7,0.0,59,33630,卖盘
24,09:31:10,5.7,0.0,250,142500,卖盘
25,09:31:13,5.71,0.01,544,310345,买盘
26,09:31:16,5.7,-0.01,215,122660,中性盘
27,09:31:19,5.71,0.01,119,67943,买盘
28,09:31:22,5.71,0.0,162,92473,卖盘
29,09:31:25,5.71,0.0,418,238678,卖盘
30,09:31:28,5.72,0.01,133,75988,买盘
31,09:31:30,5.71,-0.01,128,73093,卖盘
32,09:31:33,5.71,0.0,120,68520,买盘
33,09:31:36,5.71,0.0,417,238512,买盘
34,09:31:39,5.71,0.0,364,207439,卖盘
35,09:31:43,5.71,0.0,350,200216,买盘
36,09:31:46,5.71,0.0,70,39970,买盘
37,09:31:48,5.71,0.0,132,75372,买盘
38,09:31:52,5.71,0.0,91,51954,买盘
39,09:31:55,5.71,0.0,80,45660,买盘
40,09:31:58,5.71,0.0,566,323186,买盘
41,09:32:01,5.71,0.0,78,44488,买盘
42,09:32:04,5.71,0.0,432,246672,买盘
43,09:32:07,5.71,0.0,165,94215,买盘
44,09:32:10,5.71,0.0,507,289327,买盘
45,09:32:13,5.71,0.0,100,57100,卖盘
46,09:32:16,5.71,0.0,226,129212,卖盘
47,09:32:19,5.71,0.0,55,31405,买盘
48,09:32:22,5.71,0.0,434,247648,买盘
49,09:32:25,5.71,0.0,306,174892,卖盘
50,09:32:27,5.71,0.0,244,139313,买盘
51,09:32:31,5.72,0.01,223,127214,买盘
52,09:32:34,5.72,0.0,14,8008,买盘
53,09:32:37,5.72,0.0,207,118585,买盘
54,09:32:40,5.72,0.0,259,148148,买盘
55,09:32:42,5.73,0.01,856,489652,买盘
56,09:32:45,5.73,0.0,206,117838,买盘
57,09:32:49,5.73,0.0,964,552412,买盘
58,09:32:52,5.74,0.01,23,13199,买盘
59,09:32:55,5.73,-0.01,216,123768,卖盘
60,09:32:58,5.73,0.0,279,159796,买盘
61,09:33:01,5.73,0.0,354,203030,买盘
62,09:33:04,5.74,0.01,123,70549,买盘
63,09:33:07,5.73,-0.01,229,131410,卖盘
64,09:33:10,5.74,0.01,239,137186,买盘
65,09:33:13,5.75,0.01,77,43810,买盘
66,09:33:16,5.75,0.0,377,216558,买盘
67,09:33:19,5.75,0.0,477,273887,买盘
68,09:33:21,5.76,0.01,1523,876205,买盘
69,09:33:24,5.75,-0.01,716,411775,卖盘
70,09:33:28,5.75,0.0,568,326603,卖盘
71,09:33:31,5.75,0.0,870,500235,买盘
72,09:33:34,5.76,0.01,1887,1085796,买盘
73,09:33:37,5.75,-0.01,230,132250,买盘
74,09:33:40,5.76,0.01,796,458127,买盘
75,09:33:43,5.76,0.0,821,472101,买盘
76,09:33:46,5.75,-0.01,827,476284,卖盘
77,09:33:49,5.75,0.0,238,136893,卖盘
78,09:33:52,5.75,0.0,578,333049,卖盘
79,09:33:55,5.76,0.01,212,122030,买盘
80,09:33:58,5.76,0.0,1778,1024079,买盘
81,09:34:01,5.75,-0.01,805,463330,卖盘
82,09:34:04,5.75,0.0,132,75834,买盘
83,09:34:07,5.75,0.0,344,197880,卖盘
84,09:34:09,5.75,0.0,145,83375,买盘
85,09:34:12,5.75,0.0,82,47127,买盘
86,09:34:16,5.74,-0.01,588,337670,卖盘
87,09:34:19,5.74,0.0,86,49378,卖盘
88,09:34:22,5.74,0.0,481,276200,卖盘
89,09:34:25,5.74,0.0,244,140086,卖盘
90,09:34:28,5.74,0.0,179,102723,卖盘
91,09:34:31,5.74,0.0,18,10762,卖盘
92,09:34:34,5.74,0.0,246,141204,买盘
93,09:34:36,5.74,0.0,134,76894,买盘
94,09:34:39,5.74,0.0,16,9184,买盘
95,09:34:43,5.73,-0.01,244,140026,卖盘
96,09:34:46,5.73,0.0,20,11460,卖盘
97,09:34:49,5.73,0.0,246,140958,卖盘
98,09:34:52,5.73,0.0,57,32674,卖盘
99,09:34:55,5.74,0.01,307,175861,买盘
100,09:34:58,5.73,-0.01,218,124989,卖盘
101,09:35:01,5.73,0.0,115,65895,卖盘
102,09:35:04,5.74,0.01,54,30996,买盘
103,09:35:07,5.73,-0.01,428,245284,卖盘
104,09:35:09,5.74,0.01,676,387965,买盘
105,09:35:12,5.73,-0.01,12,6876,卖盘
106,09:35:16,5.74,0.01,65,37310,买盘
107,09:35:19,5.74,0.0,182,104449,买盘
108,09:35:22,5.75,0.01,800,459405,买盘
109,09:35:24,5.74,-0.01,248,142177,卖盘
110,09:35:27,5.74,0.0,89,51094,买盘
111,09:35:30,5.74,0.0,78,44782,卖盘
112,09:35:34,5.74,0.0,138,79236,卖盘
113,09:35:37,5.74,0.0,47,26978,卖盘
114,09:35:40,5.74,0.0,161,92459,卖盘
115,09:35:43,5.74,0.0,156,89615,卖盘
116,09:35:46,5.74,0.0,167,95864,卖盘
117,09:35:49,5.74,0.0,134,76962,卖盘
118,09:35:52,5.74,0.0,374,214452,卖盘
119,09:35:54,5.74,0.0,117,67158,买盘
120,09:35:58,5.74,0.0,127,72898,买盘
121,09:36:01,5.74,0.0,148,84952,买盘
122,09:36:04,5.74,0.0,228,130692,买盘
123,09:36:07,5.74,0.0,199,114175,买盘
124,09:36:10,5.73,-0.01,28,16054,卖盘
125,09:36:12,5.74,0.01,237,135932,买盘
126,09:36:16,5.73,-0.01,415,237807,卖盘
127,09:36:19,5.73,0.0,74,42402,卖盘
128,09:36:22,5.73,0.0,228,130689,卖盘
129,09:36:25,5.73,0.0,90,51570,买盘
130,09:36:27,5.73,0.0,14,8015,买盘
131,09:36:31,5.73,0.0,79,45208,买盘
132,09:36:34,5.73,0.0,381,218109,买盘
133,09:36:37,5.73,0.0,680,388968,买盘
134,09:36:40,5.73,0.0,169,96837,买盘
135,09:36:43,5.73,0.0,29,16617,买盘
136,09:36:46,5.73,0.0,48,27504,买盘
137,09:36:48,5.73,0.0,162,92792,买盘
138,09:36:52,5.73,0.0,182,104276,买盘
139,09:36:55,5.73,0.0,1555,890213,买盘
140,09:36:58,5.72,-0.01,328,187660,卖盘
141,09:37:01,5.72,0.0,44,25168,卖盘
142,09:37:04,5.72,0.0,25,14310,卖盘
143,09:37:07,5.72,0.0,165,94479,卖盘
144,09:37:10,5.72,0.0,61,34892,卖盘
145,09:37:13,5.73,0.01,107,61281,买盘
146,09:37:16,5.72,-0.01,37,21164,卖盘
147,09:37:19,5.72,0.0,93,53259,卖盘
148,09:37:22,5.72,0.0,166,94972,卖盘
149,09:37:25,5.72,0.0,69,39518,卖盘
150,09:37:28,5.72,0.0,19,10868,卖盘
151,09:37:31,5.72,0.0,151,86483,卖盘
152,09:37:34,5.72,0.0,220,125867,卖盘
153,09:37:37,5.72,0.0,89,50914,卖盘
154,09:37:39,5.72,0.0,57,32604,卖盘
155,09:37:43,5.72,0.0,770,440640,卖盘
156,09:37:45,5.72,0.0,161,92153,卖盘
157,09:37:49,5.72,0.0,127,72644,卖盘
158,09:37:52,5.72,0.0,241,137852,卖盘
159,09:37:55,5.72,0.0,226,129164,买盘
160,09:37:58,5.72,0.0,115,65780,买盘
161,09:38:00,5.71,-0.01,112,63983,卖盘
162,09:38:04,5.71,0.0,168,95511,卖盘
163,09:38:06,5.71,0.0,170,97204,卖盘
164,09:38:10,5.71,0.0,105,59955,卖盘
165,09:38:13,5.71,0.0,137,78248,卖盘
166,09:38:16,5.72,0.01,5,2860,买盘
167,09:38:19,5.71,-0.01,25,14283,卖盘
168,09:38:21,5.71,0.0,788,449958,卖盘
169,09:38:25,5.71,0.0,29,16566,卖盘
170,09:38:28,5.71,0.0,162,92509,卖盘
171,09:38:31,5.71,0.0,70,39970,卖盘
172,09:38:34,5.71,0.0,283,161616,卖盘
173,09:38:37,5.71,0.0,200,114657,卖盘
174,09:38:43,5.7,-0.01,129,73647,卖盘
175,09:38:45,5.71,0.01,10,5710,买盘
176,09:38:49,5.71,0.0,16,9132,买盘
177,09:38:52,5.71,0.0,135,77065,买盘
178,09:38:55,5.7,-0.01,52,29690,卖盘
179,09:38:57,5.71,0.01,225,128419,买盘
180,09:39:01,5.71,0.0,598,341390,买盘
181,09:39:04,5.7,-0.01,668,381048,卖盘
182,09:39:07,5.7,0.0,15,8553,卖盘
183,09:39:10,5.71,0.01,144,81756,买盘
184,09:39:13,5.71,0.0,316,180436,卖盘
185,09:39:16,5.71,0.0,391,223047,卖盘
186,09:39:18,5.71,0.0,475,271228,买盘
187,09:39:21,5.71,0.0,250,142570,买盘
188,09:39:25,5.71,0.0,302,172242,买盘
189,09:39:28,5.71,0.0,37,21108,买盘
190,09:39:30,5.7,-0.01,127,72454,卖盘
191,09:39:34,5.7,0.0,193,110050,卖盘
192,09:39:37,5.71,0.01,88,50163,买盘
193,09:39:39,5.71,0.0,74,42206,买盘
194,09:39:43,5.7,-0.01,64,36480,卖盘
195,09:39:46,5.7,0.0,222,126540,卖盘
196,09:39:49,5.7,0.0,155,88350,卖盘
197,09:39:52,5.7,0.0,406,231424,卖盘
198,09:39:55,5.7,0.0,168,95760,卖盘
199,09:39:58,5.7,0.0,265,151060,卖盘
200,09:40:01,5.7,0.0,801,456638,卖盘
201,09:40:04,5.7,0.0,213,121420,买盘
202,09:40:06,5.69,-0.01,67,38175,卖盘
203,09:40:10,5.69,0.0,165,93885,卖盘
204,09:40:13,5.7,0.01,62,35325,买盘
205,09:40:19,5.7,0.0,115,65534,买盘
206,09:40:22,5.69,-0.01,161,91633,卖盘
207,09:40:25,5.7,0.01,377,214890,买盘
208,09:40:28,5.7,0.0,598,340849,买盘
209,09:40:30,5.7,0.0,919,523688,买盘
210,09:40:34,5.7,0.0,118,67260,卖盘
211,09:40:37,5.7,0.0,120,68400,卖盘
212,09:40:40,5.7,0.0,172,98040,卖盘
213,09:40:43,5.7,0.0,59,33630,卖盘
214,09:40:46,5.71,0.01,74,42237,买盘
215,09:40:49,5.7,-0.01,16,9134,卖盘
216,09:40:52,5.71,0.01,392,223821,买盘
217,09:40:55,5.71,0.0,708,403783,买盘
218,09:40:58,5.71,0.0,35,19981,买盘
219,09:41:00,5.71,0.0,98,55959,卖盘
220,09:41:04,5.71,0.0,190,108490,卖盘
221,09:41:07,5.73,0.02,445,254518,买盘
222,09:41:10,5.72,-0.01,7,4006,卖盘
223,09:41:13,5.73,0.01,12,6876,买盘
224,09:41:16,5.73,0.0,55,31515,买盘
225,09:41:19,5.72,-0.01,94,53837,卖盘
226,09:41:22,5.73,0.01,135,77325,买盘
227,09:41:25,5.72,-0.01,1,572,卖盘
228,09:41:28,5.73,0.01,153,87559,买盘
229,09:41:31,5.72,-0.01,107,61295,卖盘
230,09:41:33,5.73,0.01,256,146672,买盘
231,09:41:37,5.73,0.0,60,34340,买盘
232,09:41:40,5.73,0.0,96,54987,买盘
233,09:41:43,5.73,0.0,15,8595,买盘
234,09:41:46,5.73,0.0,210,120330,买盘
235,09:41:49,5.73,0.0,263,150688,买盘
236,09:41:52,5.73,0.0,421,241154,买盘
237,09:41:55,5.73,0.0,117,67037,买盘
238,09:41:58,5.73,0.0,113,64749,买盘
239,09:42:01,5.73,0.0,232,132931,买盘
240,09:42:04,5.73,0.0,45,25775,买盘
241,09:42:07,5.73,0.0,150,85910,买盘
242,09:42:09,5.72,-0.01,253,144918,卖盘
243,09:42:13,5.72,0.0,43,24608,卖盘
244,09:42:16,5.73,0.01,277,158621,买盘
245,09:42:19,5.73,0.0,153,87619,买盘
246,09:42:22,5.72,-0.01,136,77811,卖盘
247,09:42:25,5.72,0.0,897,513111,卖盘
248,09:42:28,5.72,0.0,101,57772,买盘
249,09:42:31,5.72,0.0,75,42900,买盘
250,09:42:34,5.72,0.0,141,80632,买盘
251,09:42:37,5.72,0.0,61,34892,买盘
252,09:42:40,5.72,0.0,87,49703,买盘
253,09:42:42,5.72,0.0,20,11440,买盘
254,09:42:46,5.72,0.0,383,218767,买盘
255,09:42:49,5.72,0.0,131,74823,买盘
256,09:42:52,5.71,-0.01,661,377461,卖盘
257,09:42:54,5.71,0.0,142,81093,卖盘
258,09:42:58,5.7,-0.01,154,87928,卖盘
259,09:43:01,5.71,0.01,87,49670,买盘
260,09:43:04,5.7,-0.01,5,2850,卖盘
261,09:43:10,5.71,0.01,558,318618,买盘
262,09:43:13,5.71,0.0,107,61097,卖盘
263,09:43:16,5.71,0.0,33,18849,卖盘
264,09:43:19,5.71,0.0,90,51390,卖盘
265,09:43:22,5.71,0.0,501,286091,卖盘
266,09:43:25,5.71,0.0,189,107937,买盘
267,09:43:27,5.71,0.0,62,35412,卖盘
268,09:43:31,5.72,0.01,81,46262,买盘
269,09:43:34,5.71,-0.01,812,463547,卖盘
270,09:43:37,5.71,0.0,38,21698,中性盘
271,09:43:40,5.72,0.01,188,107493,买盘
272,09:43:43,5.71,-0.01,554,316866,卖盘
273,09:43:45,5.71,0.0,388,221928,卖盘
274,09:43:49,5.72,0.01,174,99518,买盘
275,09:43:52,5.72,0.0,79,45188,买盘
276,09:43:54,5.72,0.0,148,84656,卖盘
277,09:43:58,5.72,0.0,93,53196,卖盘
278,09:44:01,5.72,0.0,72,41186,卖盘
279,09:44:04,5.72,0.0,329,188215,卖盘
280,09:44:07,5.72,0.0,159,91106,卖盘
281,09:44:10,5.72,0.0,1264,724236,卖盘
282,09:44:13,5.73,0.01,633,362690,买盘
283,09:44:15,5.73,0.0,377,216021,卖盘
284,09:44:19,5.74,0.01,82,47068,买盘
285,09:44:22,5.74,0.0,10047,5794170,买盘
286,09:44:25,5.77,0.03,7,4039,卖盘
287,09:44:28,5.79,0.02,6,3472,买盘
288,09:44:31,5.78,-0.01,95,54841,中性盘
289,09:44:34,5.79,0.01,260,150338,买盘
290,09:44:37,5.78,-0.01,933,540395,中性盘
291,09:44:39,5.79,0.01,382,221065,买盘
292,09:44:43,5.77,-0.02,848,490957,卖盘
293,09:44:46,5.78,0.01,262,151688,中性盘
294,09:44:49,5.79,0.01,230,133075,买盘
295,09:44:52,5.78,-0.01,1024,592625,卖盘
296,09:44:55,5.79,0.01,485,280988,买盘
297,09:44:58,5.79,0.0,697,403808,买盘
298,09:45:01,5.79,0.0,288,166794,卖盘
299,09:45:04,5.8,0.01,799,463172,买盘
300,09:45:06,5.79,-0.01,1044,605330,卖盘
301,09:45:10,5.8,0.01,2039,1181728,买盘
302,09:45:13,5.8,0.0,308,178407,买盘
303,09:45:15,5.8,0.0,287,166279,买盘
304,09:45:18,5.79,-0.01,676,391430,中性盘
305,09:45:22,5.79,0.0,946,548055,买盘
306,09:45:25,5.79,0.0,889,514880,买盘
307,09:45:28,5.79,0.0,937,542574,买盘
308,09:45:30,5.79,0.0,704,407701,买盘
309,09:45:34,5.79,0.0,171,98974,买盘
310,09:45:37,5.79,0.0,1199,693864,买盘
311,09:45:40,5.78,-0.01,459,265542,卖盘
312,09:45:43,5.78,0.0,294,169932,买盘
313,09:45:46,5.77,-0.01,562,324661,卖盘
314,09:45:48,5.78,0.01,218,125984,买盘
315,09:45:52,5.77,-0.01,431,248847,卖盘
316,09:45:55,5.77,0.0,641,370249,卖盘
317,09:45:58,5.77,0.0,331,190990,卖盘
318,09:46:01,5.77,0.0,678,391502,卖盘
319,09:46:04,5.77,0.0,245,141530,中性盘
320,09:46:07,5.78,0.01,246,142137,买盘
321,09:46:10,5.78,0.0,1315,759900,买盘
322,09:46:12,5.78,0.0,115,66528,卖盘
323,09:46:16,5.79,0.01,290,167830,买盘
324,09:46:19,5.78,-0.01,419,242500,卖盘
325,09:46:22,5.79,0.01,3079,1782739,买盘
326,09:46:24,5.79,0.0,269,155794,买盘
327,09:46:27,5.8,0.01,1704,987011,买盘
328,09:46:31,5.79,-0.01,1930,1119158,卖盘
329,09:46:34,5.79,0.0,3126,1812964,卖盘
330,09:46:37,5.81,0.02,7728,4489714,买盘
331,09:46:40,5.83,0.02,3172,1847129,买盘
332,09:46:43,5.82,-0.01,1789,1042845,卖盘
333,09:46:46,5.84,0.02,919,536045,买盘
334,09:46:48,5.83,-0.01,1207,703980,卖盘
335,09:46:52,5.84,0.01,691,403368,买盘
336,09:46:54,5.84,0.0,1723,1006290,买盘
337,09:46:58,5.86,0.02,5724,3351374,买盘
338,09:47:01,5.87,0.01,579,339756,买盘
339,09:47:04,5.87,0.0,1065,625146,买盘
340,09:47:06,5.87,0.0,2268,1331069,卖盘
341,09:47:09,5.86,-0.01,3319,1947612,卖盘
342,09:47:13,5.86,0.0,1357,794872,买盘
343,09:47:16,5.85,-0.01,795,464961,卖盘
344,09:47:18,5.85,0.0,2272,1327471,买盘
345,09:47:22,5.83,-0.02,4054,2361159,卖盘
346,09:47:25,5.84,0.01,2568,1496412,中性盘
347,09:47:28,5.82,-0.02,2039,1189009,中性盘
348,09:47:31,5.84,0.02,1541,897216,买盘
349,09:47:34,5.81,-0.03,453,263562,卖盘
350,09:47:36,5.83,0.02,720,418935,中性盘
351,09:47:39,5.82,-0.01,439,255171,卖盘
352,09:47:42,5.83,0.01,1722,1001632,买盘
353,09:47:46,5.82,-0.01,934,543951,卖盘
354,09:47:49,5.82,0.0,861,501485,卖盘
355,09:47:51,5.82,0.0,1373,799466,卖盘
356,09:47:54,5.82,0.0,1693,985438,买盘
357,09:47:58,5.82,0.0,982,571167,买盘
358,09:48:01,5.82,0.0,581,338067,买盘
359,09:48:04,5.81,-0.01,1099,639268,卖盘
360,09:48:06,5.82,0.01,1290,750580,买盘
361,09:48:10,5.82,0.0,525,305673,卖盘
362,09:48:13,5.83,0.01,578,336414,买盘
363,09:48:16,5.82,-0.01,387,225133,卖盘
364,09:48:19,5.82,0.0,678,394302,买盘
365,09:48:21,5.82,0.0,589,342965,买盘
366,09:48:25,5.83,0.01,1006,586128,买盘
367,09:48:28,5.82,-0.01,723,421292,卖盘
368,09:48:31,5.83,0.01,1353,789134,买盘
369,09:48:34,5.83,0.0,326,190060,卖盘
370,09:48:36,5.83,0.0,330,192132,买盘
371,09:48:39,5.84,0.01,1480,862848,买盘
372,09:48:42,5.84,0.0,1001,584099,买盘
373,09:48:45,5.83,-0.01,594,346765,卖盘
374,09:48:48,5.84,0.01,379,221104,买盘
375,09:48:52,5.84,0.0,2864,1672477,买盘
376,09:48:55,5.84,0.0,2206,1290026,卖盘
377,09:48:57,5.84,0.0,866,505956,卖盘
378,09:49:01,5.84,0.0,1150,672435,卖盘
379,09:49:04,5.85,0.01,1698,992788,买盘
380,09:49:06,5.85,0.0,851,497835,卖盘
381,09:49:10,5.84,-0.01,1797,1050248,卖盘
382,09:49:13,5.84,0.0,2172,1270813,卖盘
383,09:49:16,5.83,-0.01,1063,620258,卖盘
384,09:49:19,5.84,0.01,993,579420,买盘
385,09:49:22,5.83,-0.01,1068,622781,卖盘
386,09:49:25,5.83,0.0,1459,851515,卖盘
387,09:49:28,5.83,0.0,242,141036,买盘
388,09:49:31,5.83,0.0,1111,647983,买盘
389,09:49:34,5.83,0.0,489,284811,买盘
390,09:49:36,5.82,-0.01,990,576574,卖盘
391,09:49:40,5.82,0.0,925,538575,卖盘
392,09:49:43,5.82,0.0,723,420281,卖盘
393,09:49:46,5.82,0.0,364,212488,卖盘
394,09:49:48,5.81,-0.01,184,106974,卖盘
395,09:49:52,5.81,0.0,110,63999,卖盘
396,09:49:55,5.81,0.0,1524,886258,卖盘
397,09:49:57,5.81,0.0,987,574402,卖盘
398,09:50:00,5.81,0.0,441,256505,卖盘
399,09:50:03,5.81,0.0,476,276749,卖盘
400,09:50:07,5.81,0.0,208,120858,卖盘
401,09:50:10,5.81,0.0,247,143677,卖盘
402,09:50:13,5.81,0.0,744,432815,卖盘
403,09:50:15,5.82,0.01,129,74972,买盘
404,09:50:19,5.81,-0.01,840,488165,卖盘
405,09:50:22,5.82,0.01,351,204210,买盘
406,09:50:25,5.82,0.0,1140,663228,买盘
407,09:50:27,5.82,0.0,971,565064,买盘
408,09:50:31,5.83,0.01,401,233494,买盘
409,09:50:33,5.82,-0.01,691,402162,卖盘
410,09:50:37,5.83,0.01,424,246833,买盘
411,09:50:40,5.83,0.0,324,188838,买盘
412,09:50:42,5.83,0.0,306,178378,买盘
413,09:50:46,5.83,0.0,3421,1993861,买盘
414,09:50:49,5.82,-0.01,343,199828,卖盘
415,09:50:52,5.83,0.01,438,255058,买盘
416,09:50:54,5.82,-0.01,819,477391,卖盘
417,09:50:58,5.82,0.0,675,392880,卖盘
418,09:51:01,5.83,0.01,328,191012,买盘
419,09:51:04,5.83,0.0,174,101301,买盘
420,09:51:07,5.83,0.0,774,450672,买盘
421,09:51:10,5.84,0.01,3791,2212829,买盘
422,09:51:12,5.84,0.0,400,233610,卖盘
423,09:51:16,5.83,-0.01,1360,794049,卖盘
424,09:51:19,5.83,0.0,298,173867,卖盘
425,09:51:22,5.84,0.01,246,143617,买盘
426,09:51:25,5.83,-0.01,951,554805,卖盘
427,09:51:28,5.83,0.0,187,109021,买盘
428,09:51:31,5.83,0.0,843,491414,买盘
429,09:51:34,5.83,0.0,339,197612,卖盘
430,09:51:36,5.83,0.0,1816,1059799,买盘
431,09:51:39,5.83,0.0,610,355556,买盘
432,09:51:43,5.83,0.0,801,467073,卖盘
433,09:51:45,5.83,0.0,538,313711,卖盘
434,09:51:48,5.82,-0.01,410,238953,卖盘
435,09:51:51,5.83,0.01,2323,1354309,买盘
436,09:51:54,5.82,-0.01,316,183993,卖盘
437,09:51:57,5.83,0.01,1108,645956,买盘
438,09:52:01,5.82,-0.01,490,285381,卖盘
439,09:52:04,5.82,0.0,647,376908,卖盘
440,09:52:07,5.83,0.01,573,334009,买盘
441,09:52:10,5.83,0.0,1335,778200,买盘
442,09:52:13,5.83,0.0,2027,1181196,买盘
443,09:52:16,5.82,-0.01,1047,609910,卖盘
444,09:52:19,5.83,0.01,419,244123,买盘
445,09:52:22,5.82,-0.01,1007,586632,卖盘
446,09:52:24,5.83,0.01,748,435497,买盘
447,09:52:27,5.82,-0.01,282,164269,卖盘
448,09:52:30,5.82,0.0,262,152520,卖盘
449,09:52:34,5.82,0.0,660,384350,卖盘
450,09:52:37,5.82,0.0,159,92509,卖盘
451,09:52:40,5.82,0.0,135,78570,买盘
452,09:52:43,5.82,0.0,150,87300,买盘
453,09:52:46,5.81,-0.01,356,206894,卖盘
454,09:52:48,5.82,0.01,296,172141,买盘
455,09:52:51,5.82,0.0,352,204843,买盘
456,09:52:54,5.81,-0.01,184,106936,卖盘
457,09:52:57,5.81,0.0,498,289742,卖盘
458,09:53:01,5.82,0.01,217,126230,买盘
459,09:53:04,5.81,-0.01,1216,707647,卖盘
460,09:53:07,5.83,0.02,1043,606432,买盘
461,09:53:09,5.82,-0.01,982,571707,卖盘
462,09:53:13,5.82,0.0,410,238674,卖盘
463,09:53:16,5.83,0.01,3424,1995852,买盘
464,09:53:19,5.84,0.01,912,531869,买盘
465,09:53:21,5.83,-0.01,245,142946,卖盘
466,09:53:25,5.84,0.01,105,61249,买盘
467,09:53:28,5.84,0.0,546,318609,买盘
468,09:53:31,5.84,0.0,821,479337,买盘
469,09:53:34,5.84,0.0,512,298964,买盘
470,09:53:37,5.84,0.0,4049,2364591,买盘
471,09:53:40,5.85,0.01,2720,1590451,买盘
472,09:53:43,5.86,0.01,9776,5722967,买盘
473,09:53:46,5.88,0.02,8809,5174861,买盘
474,09:53:49,5.87,-0.01,254,149202,卖盘
475,09:53:52,5.9,0.03,13892,8187900,买盘
476,09:53:55,5.91,0.01,439,259106,买盘
477,09:53:57,5.91,0.0,3957,2339865,买盘
478,09:54:01,5.93,0.02,904,535321,买盘
479,09:54:04,5.92,-0.01,2001,1185051,卖盘
480,09:54:06,5.94,0.02,2144,1270634,买盘
481,09:54:09,5.94,0.0,1651,980230,买盘
482,09:54:13,5.93,-0.01,2458,1458460,卖盘
483,09:54:15,5.93,0.0,1271,753398,买盘
484,09:54:19,5.91,-0.02,2315,1370722,卖盘
485,09:54:22,5.93,0.02,1993,1179679,买盘
486,09:54:25,5.92,-0.01,1690,1000468,买盘
487,09:54:28,5.93,0.01,2826,1672670,买盘
488,09:54:31,5.91,-0.02,1782,1053798,买盘
489,09:54:34,5.92,0.01,1939,1146747,买盘
490,09:54:36,5.92,0.0,2486,1471084,买盘
491,09:54:40,5.91,-0.01,554,327351,中性盘
492,09:54:43,5.91,0.0,721,425822,买盘
493,09:54:46,5.89,-0.02,740,436755,卖盘
494,09:54:49,5.91,0.02,640,377642,买盘
495,09:54:52,5.89,-0.02,315,185811,卖盘
496,09:54:54,5.9,0.01,751,442626,买盘
497,09:54:58,5.9,0.0,912,537695,买盘
498,09:55:01,5.88,-0.02,396,233453,卖盘
499,09:55:04,5.89,0.01,355,208818,买盘
500,09:55:07,5.89,0.0,393,231399,买盘
501,09:55:10,5.88,-0.01,1040,612293,卖盘
502,09:55:12,5.9,0.02,616,362742,买盘
503,09:55:16,5.88,-0.02,1882,1107586,卖盘
504,09:55:19,5.89,0.01,468,275253,买盘
505,09:55:22,5.88,-0.01,955,562438,中性盘
506,09:55:25,5.88,0.0,286,168302,卖盘
507,09:55:28,5.89,0.01,595,350163,买盘
508,09:55:31,5.89,0.0,1660,977549,买盘
509,09:55:33,5.89,0.0,481,283013,买盘
510,09:55:36,5.88,-0.01,982,577797,卖盘
511,09:55:40,5.87,-0.01,584,343839,卖盘
512,09:55:42,5.89,0.02,416,244599,买盘
513,09:55:46,5.89,0.0,265,156055,买盘
514,09:55:49,5.89,0.0,466,274433,买盘
515,09:55:52,5.89,0.0,560,329612,买盘
516,09:55:55,5.89,0.0,951,559565,买盘
517,09:55:58,5.89,0.0,724,426316,买盘
518,09:56:01,5.89,0.0,1110,653612,卖盘
519,09:56:04,5.89,0.0,924,543871,买盘
520,09:56:07,5.89,0.0,511,300837,买盘
521,09:56:10,5.88,-0.01,1402,825584,卖盘
522,09:56:13,5.89,0.01,503,296190,买盘
523,09:56:16,5.89,0.0,625,368125,卖盘
524,09:56:19,5.89,0.0,775,456768,卖盘
525,09:56:22,5.89,0.0,471,277447,卖盘
526,09:56:25,5.89,0.0,676,398091,卖盘
527,09:56:28,5.89,0.0,525,309425,卖盘
528,09:56:31,5.88,-0.01,458,269649,卖盘
529,09:56:33,5.89,0.01,537,316237,买盘
530,09:56:37,5.89,0.0,1041,612380,买盘
531,09:56:40,5.89,0.0,553,325583,买盘
532,09:56:43,5.89,0.0,504,296449,买盘
533,09:56:46,5.88,-0.01,696,409662,卖盘
534,09:56:48,5.88,0.0,713,419614,卖盘
535,09:56:52,5.88,0.0,809,476068,卖盘
536,09:56:55,5.88,0.0,550,323506,卖盘
537,09:56:57,5.88,0.0,603,355299,卖盘
538,09:57:01,5.88,0.0,635,373291,买盘
539,09:57:04,5.88,0.0,358,210433,买盘
540,09:57:07,5.87,-0.01,406,238646,卖盘
541,09:57:10,5.88,0.01,1286,756552,买盘
542,09:57:13,5.87,-0.01,354,207956,卖盘
543,09:57:15,5.87,0.0,590,346713,卖盘
544,09:57:19,5.87,0.0,77,45223,卖盘
545,09:57:22,5.87,0.0,264,155125,卖盘
546,09:57:24,5.87,0.0,69,40503,卖盘
547,09:57:28,5.87,0.0,731,429165,卖盘
548,09:57:31,5.87,0.0,237,139296,卖盘
549,09:57:34,5.87,0.0,352,206424,买盘
550,09:57:36,5.87,0.0,442,259444,买盘
551,09:57:40,5.87,0.0,257,150787,买盘
552,09:57:42,5.87,0.0,174,102007,买盘
553,09:57:46,5.86,-0.01,1168,684658,卖盘
554,09:57:49,5.86,0.0,207,121336,卖盘
555,09:57:52,5.87,0.01,135,79162,买盘
556,09:57:54,5.87,0.0,267,156565,买盘
557,09:57:57,5.86,-0.01,150,87926,卖盘
558,09:58:00,5.86,0.0,1757,1028473,卖盘
559,09:58:04,5.86,0.0,158,92582,买盘
560,09:58:06,5.86,0.0,1114,652708,买盘
561,09:58:10,5.86,0.0,285,166818,买盘
562,09:58:13,5.86,0.0,665,389644,买盘
563,09:58:16,5.86,0.0,553,323921,买盘
564,09:58:19,5.86,0.0,413,241943,卖盘
565,09:58:22,5.86,0.0,1497,878178,卖盘
566,09:58:25,5.86,0.0,574,336675,卖盘
567,09:58:28,5.87,0.01,1263,741199,买盘
568,09:58:31,5.86,-0.01,252,147899,卖盘
569,09:58:34,5.87,0.01,315,184891,买盘
570,09:58:37,5.86,-0.01,336,197277,卖盘
571,09:58:40,5.87,0.01,176,103232,买盘
572,09:58:43,5.87,0.0,273,160287,买盘
573,09:58:46,5.87,0.0,783,459553,卖盘
574,09:58:49,5.88,0.01,507,297583,买盘
575,09:58:52,5.88,0.0,633,371775,买盘
576,09:58:54,5.87,-0.01,108,63440,卖盘
577,09:58:57,5.88,0.01,255,149835,买盘
578,09:59:00,5.87,-0.01,1435,843178,卖盘
579,09:59:04,5.87,0.0,975,573181,卖盘
580,09:59:06,5.88,0.01,1063,624551,买盘
581,09:59:09,5.88,0.0,1261,740434,买盘
582,09:59:12,5.87,-0.01,1127,662330,中性盘
583,09:59:15,5.87,0.0,839,492965,买盘
584,09:59:19,5.88,0.01,890,522885,买盘
585,09:59:22,5.88,0.0,358,210544,卖盘
586,09:59:25,5.88,0.0,487,286561,买盘
587,09:59:27,5.88,0.0,1000,588366,买盘
588,09:59:31,5.89,0.01,330,194200,买盘
589,09:59:34,5.88,-0.01,256,150531,卖盘
590,09:59:37,5.89,0.01,904,532331,买盘
591,09:59:40,5.88,-0.01,417,245283,卖盘
592,09:59:42,5.88,0.0,178,104664,买盘
593,09:59:45,5.87,-0.01,217,127546,卖盘
594,09:59:49,5.87,0.0,505,296878,卖盘
595,09:59:51,5.87,0.0,96,56368,卖盘
596,09:59:54,5.88,0.01,532,312418,买盘
597,09:59:58,5.87,-0.01,885,519495,卖盘
598,10:00:01,5.87,0.0,172,100964,买盘
599,10:00:04,5.87,0.0,165,96855,买盘
600,10:00:07,5.87,0.0,209,122632,买盘
601,10:00:10,5.87,0.0,523,306887,买盘
602,10:00:13,5.86,-0.01,120,70385,卖盘
603,10:00:16,5.86,0.0,233,136656,卖盘
604,10:00:19,5.86,0.0,680,398867,卖盘
605,10:00:22,5.86,0.0,169,99054,卖盘
606,10:00:25,5.86,0.0,588,344611,卖盘
607,10:00:27,5.87,0.01,286,167732,买盘
608,10:00:30,5.87,0.0,2694,1581054,买盘
609,10:00:34,5.87,0.0,176,103312,卖盘
610,10:00:37,5.87,0.0,206,120922,卖盘
611,10:00:40,5.88,0.01,466,273855,买盘
612,10:00:42,5.88,0.0,346,203126,买盘
613,10:00:46,5.87,-0.01,333,195649,卖盘
614,10:00:49,5.88,0.01,617,362573,买盘
615,10:00:52,5.88,0.0,1807,1062412,买盘
616,10:00:54,5.88,0.0,465,273493,买盘
617,10:00:58,5.88,0.0,1079,634944,卖盘
618,10:01:01,5.89,0.01,1432,843381,买盘
619,10:01:04,5.89,0.0,1085,638994,买盘
620,10:01:07,5.88,-0.01,2226,1311068,卖盘
621,10:01:10,5.9,0.02,743,437608,买盘
622,10:01:12,5.9,0.0,266,156740,买盘
623,10:01:16,5.9,0.0,1613,951620,买盘
624,10:01:19,5.9,0.0,627,369919,买盘
625,10:01:22,5.89,-0.01,2590,1528027,卖盘
626,10:01:24,5.9,0.01,1553,916629,买盘
627,10:01:28,5.9,0.0,429,253218,卖盘
628,10:01:31,5.91,0.01,489,288784,买盘
629,10:01:34,5.91,0.0,1321,780444,买盘
630,10:01:37,5.92,0.01,398,235458,买盘
631,10:01:40,5.92,0.0,571,337768,买盘
632,10:01:43,5.91,-0.01,1430,846459,卖盘
633,10:01:46,5.92,0.01,1140,674666,买盘
634,10:01:49,5.93,0.01,2219,1314104,买盘
635,10:01:52,5.92,-0.01,901,533594,卖盘
636,10:01:55,5.93,0.01,10650,6325621,买盘
637,10:01:58,5.93,0.0,926,550018,卖盘
638,10:02:01,5.94,0.01,635,376815,买盘
639,10:02:04,5.93,-0.01,1285,761927,卖盘
640,10:02:06,5.93,0.0,1374,814751,买盘
641,10:02:10,5.93,0.0,855,506996,买盘
642,10:02:12,5.93,0.0,1253,742561,买盘
643,10:02:16,5.91,-0.02,1503,890315,卖盘
644,10:02:19,5.92,0.01,520,307759,中性盘
645,10:02:22,5.91,-0.01,1632,965240,卖盘
646,10:02:25,5.91,0.0,973,575052,卖盘
647,10:02:28,5.9,-0.01,501,295764,卖盘
648,10:02:31,5.9,0.0,768,453152,卖盘
649,10:02:33,5.9,0.0,896,528328,买盘
650,10:02:37,5.9,0.0,470,276724,买盘
651,10:02:40,5.9,0.0,898,528674,买盘
652,10:02:43,5.89,-0.01,594,349390,卖盘
653,10:02:45,5.88,-0.01,631,371367,卖盘
654,10:02:48,5.88,0.0,454,267146,卖盘
655,10:02:51,5.88,0.0,940,552834,卖盘
656,10:02:55,5.89,0.01,500,293902,买盘
657,10:02:58,5.88,-0.01,610,358716,卖盘
658,10:03:01,5.88,0.0,269,158137,买盘
659,10:03:04,5.88,0.0,1114,654983,买盘
660,10:03:07,5.88,0.0,857,503488,买盘
661,10:03:10,5.88,0.0,2433,1430558,买盘
662,10:03:13,5.87,-0.01,774,454855,卖盘
663,10:03:16,5.89,0.02,231,135664,买盘
664,10:03:18,5.88,-0.01,88,51777,卖盘
665,10:03:22,5.88,0.0,363,213494,卖盘
666,10:03:25,5.88,0.0,123,72432,卖盘
667,10:03:28,5.88,0.0,453,266744,卖盘
668,10:03:31,5.88,0.0,293,172319,卖盘
669,10:03:34,5.88,0.0,366,215444,卖盘
670,10:03:37,5.89,0.01,322,189588,买盘
671,10:03:39,5.88,-0.01,157,92322,卖盘
672,10:03:43,5.88,0.0,2215,1302663,卖盘
673,10:03:46,5.88,0.0,531,312272,买盘
674,10:03:49,5.88,0.0,246,144641,买盘
675,10:03:52,5.88,0.0,260,152851,买盘
676,10:03:55,5.88,0.0,734,431594,买盘
677,10:03:57,5.88,0.0,110,64680,卖盘
678,10:04:01,5.88,0.0,284,167076,卖盘
679,10:04:04,5.88,0.0,360,211743,卖盘
680,10:04:07,5.88,0.0,143,84113,卖盘
681,10:04:09,5.88,0.0,171,100607,卖盘
682,10:04:13,5.88,0.0,2436,1434613,卖盘
683,10:04:16,5.9,0.02,1014,596640,买盘
684,10:04:19,5.9,0.0,496,292544,买盘
685,10:04:22,5.89,-0.01,590,347779,卖盘
686,10:04:25,5.89,0.0,160,94230,买盘
687,10:04:27,5.89,0.0,97,57095,买盘
688,10:04:31,5.89,0.0,221,130090,买盘
689,10:04:33,5.89,0.0,226,133114,买盘
690,10:04:37,5.88,-0.01,160,94141,卖盘
691,10:04:40,5.89,0.01,2275,1339445,买盘
692,10:04:43,5.89,0.0,197,116034,卖盘
693,10:04:46,5.89,0.0,534,314526,卖盘
694,10:04:49,5.89,0.0,1199,706181,买盘
695,10:04:52,5.89,0.0,169,99525,买盘
696,10:04:54,5.89,0.0,170,100120,买盘
697,10:04:57,5.89,0.0,433,254788,买盘
698,10:05:01,5.88,-0.01,623,366619,卖盘
699,10:05:04,5.89,0.01,289,169959,买盘
700,10:05:07,5.88,-0.01,58,34110,卖盘
701,10:05:10,5.89,0.01,383,225286,买盘
702,10:05:13,5.89,0.0,330,194103,买盘
703,10:05:16,5.88,-0.01,695,408660,卖盘
704,10:05:19,5.88,0.0,258,151704,买盘
705,10:05:22,5.88,0.0,622,365736,买盘
706,10:05:25,5.88,0.0,546,320993,买盘
707,10:05:27,5.88,0.0,452,265687,买盘
708,10:05:31,5.88,0.0,296,174018,买盘
709,10:05:34,5.88,0.0,1560,917251,买盘
710,10:05:37,5.87,-0.01,2586,1518392,卖盘
711,10:05:40,5.87,0.0,390,229226,卖盘
712,10:05:43,5.87,0.0,730,428510,卖盘
713,10:05:46,5.88,0.01,300,176277,买盘
714,10:05:49,5.87,-0.01,592,347605,卖盘
715,10:05:52,5.87,0.0,544,319328,买盘
716,10:05:55,5.87,0.0,165,96855,买盘
717,10:05:58,5.87,0.0,430,252341,买盘
718,10:06:01,5.87,0.0,441,258799,买盘
719,10:06:04,5.87,0.0,298,174828,买盘
720,10:06:06,5.86,-0.01,339,199079,卖盘
721,10:06:10,5.87,0.01,95,55771,卖盘
722,10:06:13,5.87,0.0,171,100444,卖盘
723,10:06:16,5.88,0.01,1104,647463,买盘
724,10:06:19,5.87,-0.01,139,81687,卖盘
725,10:06:22,5.88,0.01,439,257932,买盘
726,10:06:25,5.87,-0.01,101,59291,卖盘
727,10:06:27,5.87,0.0,241,141532,卖盘
728,10:06:31,5.88,0.01,351,206045,买盘
729,10:06:34,5.87,-0.01,415,243738,卖盘
730,10:06:37,5.87,0.0,376,220952,卖盘
731,10:06:40,5.88,0.01,151,88762,买盘
732,10:06:43,5.88,0.0,636,373912,买盘
733,10:06:46,5.87,-0.01,97,56960,卖盘
734,10:06:49,5.88,0.01,85,49910,买盘
735,10:06:51,5.87,-0.01,205,120460,卖盘
736,10:06:55,5.88,0.01,328,192764,买盘
737,10:06:57,5.88,0.0,747,438905,买盘
738,10:07:01,5.88,0.0,602,353958,买盘
739,10:07:04,5.88,0.0,387,227501,买盘
740,10:07:07,5.88,0.0,266,156177,买盘
741,10:07:10,5.88,0.0,99,58213,卖盘
742,10:07:12,5.88,0.0,283,166467,卖盘
743,10:07:16,5.88,0.0,76,44728,卖盘
744,10:07:19,5.88,0.0,57,33553,卖盘
745,10:07:21,5.88,0.0,110,64742,卖盘
746,10:07:25,5.88,0.0,27,15886,卖盘
747,10:07:28,5.88,0.0,150,88124,卖盘
748,10:07:31,5.89,0.01,1139,670861,买盘
749,10:07:34,5.89,0.0,498,293342,买盘
750,10:07:36,5.89,0.0,212,124893,买盘
751,10:07:40,5.9,0.01,304,179336,买盘
752,10:07:42,5.89,-0.01,103,60687,卖盘
753,10:07:46,5.9,0.01,227,133930,买盘
754,10:07:49,5.9,0.0,190,112029,买盘
755,10:07:52,5.9,0.0,596,351590,买盘
756,10:07:55,5.9,0.0,1304,769349,买盘
757,10:07:58,5.9,0.0,2053,1212227,买盘
758,10:08:00,5.9,0.0,1621,956360,卖盘
759,10:08:03,5.9,0.0,185,109190,卖盘
760,10:08:07,5.9,0.0,1302,768134,买盘
761,10:08:10,5.9,0.0,332,195887,买盘
762,10:08:13,5.9,0.0,432,254955,卖盘
763,10:08:16,5.9,0.0,783,462010,卖盘
764,10:08:19,5.9,0.0,1351,796247,卖盘
765,10:08:22,5.9,0.0,155,91447,买盘
766,10:08:25,5.89,-0.01,105,61862,卖盘
767,10:08:27,5.9,0.01,524,308957,买盘
768,10:08:31,5.9,0.0,526,310030,买盘
769,10:08:34,5.89,-0.01,3478,2051911,卖盘
770,10:08:37,5.9,0.01,383,225889,买盘
771,10:08:40,5.89,-0.01,253,149205,卖盘
772,10:08:43,5.89,0.0,247,145549,卖盘
773,10:08:46,5.89,0.0,434,255973,卖盘
774,10:08:49,5.89,0.0,444,261710,卖盘
775,10:08:51,5.89,0.0,110,64837,卖盘
776,10:08:55,5.9,0.01,122,71973,买盘
777,10:08:58,5.9,0.0,232,136732,买盘
778,10:09:01,5.9,0.0,537,316688,买盘
779,10:09:04,5.9,0.0,220,129626,买盘
780,10:09:06,5.9,0.0,328,193378,买盘
781,10:09:10,5.89,-0.01,296,174596,卖盘
782,10:09:13,5.89,0.0,90,53081,卖盘
783,10:09:16,5.9,0.01,194,114332,买盘
784,10:09:19,5.9,0.0,117,69020,买盘
785,10:09:22,5.9,0.0,70,41265,买盘
786,10:09:25,5.9,0.0,118,69620,买盘
787,10:09:28,5.9,0.0,139,81955,买盘
788,10:09:31,5.9,0.0,610,359337,买盘
789,10:09:34,5.9,0.0,480,283058,买盘
790,10:09:37,5.89,-0.01,115,67735,卖盘
791,10:09:40,5.89,0.0,521,307250,卖盘
792,10:09:43,5.89,0.0,293,172602,卖盘
793,10:09:46,5.89,0.0,814,479462,卖盘
794,10:09:49,5.88,-0.01,719,423799,卖盘
795,10:09:52,5.89,0.01,16,9424,买盘
796,10:09:55,5.89,0.0,652,383429,买盘
797,10:09:58,5.88,-0.01,246,144890,卖盘
798,10:10:04,5.88,0.0,185,108780,卖盘
799,10:10:07,5.89,0.01,51,30034,买盘
800,10:10:10,5.89,0.0,153,90011,买盘
801,10:10:13,5.88,-0.01,127,74727,卖盘
802,10:10:16,5.89,0.01,1299,764154,买盘
803,10:10:19,5.88,-0.01,46,27050,卖盘
804,10:10:22,5.88,0.0,244,143604,卖盘
805,10:10:25,5.89,0.01,284,167178,买盘
806,10:10:28,5.88,-0.01,173,101744,卖盘
807,10:10:31,5.89,0.01,109,64137,买盘
808,10:10:34,5.88,-0.01,114,67032,卖盘
809,10:10:36,5.88,0.0,512,301538,卖盘
810,10:10:40,5.88,0.0,68,40038,卖盘
811,10:10:43,5.88,0.0,95,55924,卖盘
812,10:10:46,5.88,0.0,140,82320,卖盘
813,10:10:49,5.88,0.0,284,167243,卖盘
814,10:10:52,5.89,0.01,450,264827,买盘
815,10:10:54,5.88,-0.01,48,28224,卖盘
816,10:10:58,5.89,0.01,55,32353,买盘
817,10:11:00,5.89,0.0,53,31212,买盘
818,10:11:04,5.88,-0.01,81,47632,卖盘
819,10:11:06,5.88,0.0,521,306630,卖盘
820,10:11:10,5.89,0.01,536,315445,买盘
821,10:11:13,5.89,0.0,140,82430,买盘
822,10:11:16,5.89,0.0,67,39463,买盘
823,10:11:18,5.88,-0.01,332,195416,卖盘
824,10:11:22,5.89,0.01,90,52965,买盘
825,10:11:25,5.88,-0.01,429,252401,卖盘
826,10:11:28,5.88,0.0,138,81230,卖盘
827,10:11:31,5.89,0.01,655,385231,买盘
828,10:11:34,5.88,-0.01,1094,644006,卖盘
829,10:11:37,5.88,0.0,120,70560,卖盘
830,10:11:40,5.88,0.0,669,393757,卖盘
831,10:11:42,5.88,0.0,244,143465,买盘
832,10:11:46,5.88,0.0,144,84675,买盘
833,10:11:49,5.87,-0.01,528,309964,卖盘
834,10:11:52,5.88,0.01,63,37034,买盘
835,10:11:55,5.88,0.0,102,59956,买盘
836,10:11:58,5.88,0.0,254,149302,买盘
837,10:12:01,5.88,0.0,180,105840,买盘
838,10:12:04,5.88,0.0,95,55860,卖盘
839,10:12:07,5.88,0.0,205,120552,卖盘
840,10:12:10,5.89,0.01,37,21768,买盘
841,10:12:12,5.88,-0.01,112,65866,卖盘
842,10:12:16,5.88,0.0,760,447390,卖盘
843,10:12:18,5.88,0.0,80,47076,卖盘
844,10:12:22,5.88,0.0,13,7648,卖盘
845,10:12:25,5.88,0.0,44,25878,卖盘
846,10:12:28,5.89,0.01,1,589,买盘
847,10:12:31,5.88,-0.01,133,78329,卖盘
848,10:12:34,5.89,0.01,549,323361,买盘
849,10:12:37,5.88,-0.01,433,255007,卖盘
850,10:12:40,5.89,0.01,149,87755,买盘
851,10:12:43,5.9,0.01,771,453937,买盘
852,10:12:46,5.89,-0.01,191,112499,卖盘
853,10:12:49,5.89,0.0,303,178590,卖盘
854,10:12:52,5.89,0.0,128,75392,卖盘
855,10:12:55,5.9,0.01,575,339175,买盘
856,10:12:58,5.89,-0.01,147,86705,卖盘
857,10:13:00,5.9,0.01,129,76098,买盘
858,10:13:04,5.9,0.0,248,146252,买盘
859,10:13:06,5.89,-0.01,44,25926,卖盘
860,10:13:10,5.89,0.0,212,124963,卖盘
861,10:13:13,5.89,0.0,62,36548,卖盘
862,10:13:16,5.89,0.0,228,134352,卖盘
863,10:13:19,5.89,0.0,561,330429,卖盘
864,10:13:22,5.89,0.0,175,103104,卖盘
865,10:13:25,5.89,0.0,210,123732,卖盘
866,10:13:28,5.89,0.0,512,301573,买盘
867,10:13:31,5.89,0.0,87,51243,卖盘
868,10:13:34,5.89,0.0,439,258571,卖盘
869,10:13:37,5.89,0.0,234,137940,卖盘
870,10:13:40,5.89,0.0,2803,1650433,卖盘
871,10:13:43,5.9,0.01,146,86098,买盘
872,10:13:46,5.89,-0.01,166,97817,卖盘
873,10:13:49,5.89,0.0,138,81386,卖盘
874,10:13:52,5.9,0.01,76,44788,买盘
875,10:13:55,5.88,-0.02,46,27084,卖盘
876,10:13:58,5.89,0.01,128,75326,买盘
877,10:14:00,5.89,0.0,69,40641,买盘
878,10:14:04,5.9,0.01,1019,600469,买盘
879,10:14:06,5.89,-0.01,229,134881,买盘
880,10:14:09,5.89,0.0,144,84816,卖盘
881,10:14:12,5.89,0.0,188,110733,卖盘
882,10:14:16,5.89,0.0,246,144886,买盘
883,10:14:19,5.89,0.0,65,38285,买盘
884,10:14:22,5.88,-0.01,225,132497,卖盘
885,10:14:25,5.88,0.0,341,200847,卖盘
886,10:14:28,5.89,0.01,635,373815,买盘
887,10:14:31,5.89,0.0,253,149017,卖盘
888,10:14:34,5.89,0.0,185,108975,卖盘
889,10:14:37,5.88,-0.01,150,88321,卖盘
890,10:14:40,5.89,0.01,396,233233,买盘
891,10:14:43,5.88,-0.01,162,95269,卖盘
892,10:14:46,5.88,0.0,74,43570,卖盘
893,10:14:49,5.89,0.01,165,97160,买盘
894,10:14:52,5.88,-0.01,11,6470,卖盘
895,10:14:55,5.88,0.0,390,229639,卖盘
896,10:14:58,5.89,0.01,132,77676,买盘
897,10:15:00,5.89,0.0,186,109554,买盘
898,10:15:04,5.89,0.0,102,60073,买盘
899,10:15:07,5.88,-0.01,143,84166,卖盘
900,10:15:10,5.89,0.01,500,294500,买盘
901,10:15:13,5.88,-0.01,122,71756,卖盘
902,10:15:15,5.88,0.0,477,280907,卖盘
903,10:15:19,5.89,0.01,19,11182,买盘
904,10:15:22,5.88,-0.01,257,151128,卖盘
905,10:15:25,5.88,0.0,11,6468,卖盘
906,10:15:28,5.89,0.01,120,70609,买盘
907,10:15:31,5.88,-0.01,147,86449,卖盘
908,10:15:34,5.88,0.0,691,406365,卖盘
909,10:15:36,5.88,0.0,524,308117,卖盘
910,10:15:40,5.88,0.0,244,143482,卖盘
911,10:15:43,5.88,0.0,180,105840,卖盘
912,10:15:46,5.88,0.0,1,588,买盘
913,10:15:48,5.87,-0.01,106,62272,卖盘
914,10:15:52,5.88,0.01,268,157579,买盘
915,10:15:54,5.87,-0.01,13,7631,卖盘
916,10:15:57,5.88,0.01,230,135021,买盘
917,10:16:01,5.88,0.0,87,51089,买盘
918,10:16:04,5.87,-0.01,88,51656,卖盘
919,10:16:06,5.87,0.0,76,44642,卖盘
920,10:16:09,5.87,0.0,97,56939,卖盘
921,10:16:13,5.87,0.0,142,83129,卖盘
922,10:16:16,5.87,0.0,210,123353,卖盘
923,10:16:19,5.86,-0.01,555,325771,卖盘
924,10:16:22,5.87,0.01,48,28176,买盘
925,10:16:25,5.87,0.0,45,26394,买盘
926,10:16:28,5.87,0.0,530,311106,买盘
927,10:16:31,5.87,0.0,197,115556,买盘
928,10:16:34,5.87,0.0,155,90885,买盘
929,10:16:36,5.86,-0.01,114,66819,卖盘
930,10:16:39,5.86,0.0,275,161164,卖盘
931,10:16:43,5.86,0.0,57,33448,卖盘
932,10:16:46,5.87,0.01,83,48708,买盘
933,10:16:48,5.86,-0.01,614,360364,卖盘
934,10:16:52,5.86,0.0,268,157188,卖盘
935,10:16:55,5.86,0.0,42,24961,卖盘
936,10:16:58,5.86,0.0,150,88008,卖盘
937,10:17:01,5.87,0.01,298,174792,买盘
938,10:17:04,5.86,-0.01,341,199978,卖盘
939,10:17:06,5.87,0.01,97,56906,买盘
940,10:17:09,5.87,0.0,20,11740,买盘
941,10:17:12,5.87,0.0,35,20539,买盘
942,10:17:16,5.87,0.0,40,23454,买盘
943,10:17:19,5.86,-0.01,22,12913,卖盘
944,10:17:22,5.86,0.0,7,4102,卖盘
945,10:17:25,5.87,0.01,9,5281,买盘
946,10:17:28,5.87,0.0,82,48133,买盘
947,10:17:30,5.86,-0.01,178,104376,卖盘
948,10:17:34,5.86,0.0,79,46354,卖盘
949,10:17:37,5.87,0.01,208,121982,买盘
950,10:17:40,5.87,0.0,157,92020,买盘
951,10:17:43,5.86,-0.01,424,248825,卖盘
952,10:17:45,5.87,0.01,393,230462,买盘
953,10:17:49,5.87,0.0,630,369549,买盘
954,10:17:52,5.87,0.0,43,25241,卖盘
955,10:17:55,5.88,0.01,54,31713,买盘
956,10:17:58,5.87,-0.01,15,8805,卖盘
957,10:18:00,5.88,0.01,115,67525,买盘
958,10:18:04,5.88,0.0,144,84557,买盘
959,10:18:06,5.88,0.0,159,93430,买盘
960,10:18:10,5.88,0.0,73,42882,买盘
961,10:18:13,5.88,0.0,21,12348,买盘
962,10:18:16,5.88,0.0,278,163419,买盘
963,10:18:19,5.88,0.0,99,58175,买盘
964,10:18:22,5.88,0.0,15,8810,买盘
965,10:18:25,5.88,0.0,78,45803,买盘
966,10:18:27,5.88,0.0,174,102276,买盘
967,10:18:30,5.88,0.0,50,29388,买盘
968,10:18:34,5.88,0.0,352,206940,买盘
969,10:18:37,5.88,0.0,18,10584,买盘
970,10:18:40,5.88,0.0,232,136385,买盘
971,10:18:43,5.88,0.0,39,22927,买盘
972,10:18:46,5.88,0.0,130,76439,买盘
973,10:18:48,5.87,-0.01,26,15278,卖盘
974,10:18:51,5.88,0.01,1125,661500,买盘
975,10:18:54,5.87,-0.01,50,29390,卖盘
976,10:18:57,5.88,0.01,403,236953,买盘
977,10:19:01,5.88,0.0,294,172862,买盘
978,10:19:04,5.88,0.0,29,17052,买盘
979,10:19:07,5.87,-0.01,321,188733,卖盘
980,10:19:10,5.87,0.0,792,464908,卖盘
981,10:19:13,5.88,0.01,115,67593,买盘
982,10:19:16,5.88,0.0,64,37624,买盘
983,10:19:18,5.88,0.0,18,10584,买盘
984,10:19:22,5.88,0.0,10,5874,买盘
985,10:19:25,5.87,-0.01,67,39329,卖盘
986,10:19:28,5.87,0.0,58,34083,卖盘
987,10:19:31,5.87,0.0,150,88097,卖盘
988,10:19:33,5.87,0.0,110,64588,卖盘
989,10:19:37,5.88,0.01,224,131683,买盘
990,10:19:39,5.87,-0.01,50,29350,卖盘
991,10:19:43,5.87,0.0,11,6457,卖盘
992,10:19:46,5.87,0.0,41,24087,卖盘
993,10:19:49,5.87,0.0,99,58197,卖盘
994,10:19:52,5.87,0.0,102,59874,卖盘
995,10:19:55,5.87,0.0,154,90398,卖盘
996,10:19:58,5.87,0.0,21,12326,买盘
997,10:20:01,5.87,0.0,50,29350,买盘
998,10:20:04,5.87,0.0,201,117913,买盘
999,10:20:07,5.87,0.0,135,79240,买盘
1000,10:20:10,5.87,0.0,5,2935,买盘
1001,10:20:13,5.87,0.0,39,22893,买盘
1002,10:20:16,5.87,0.0,143,83921,买盘
1003,10:20:18,5.87,0.0,124,72788,买盘
1004,10:20:21,5.87,0.0,52,30524,买盘
1005,10:20:25,5.87,0.0,8,4696,买盘
1006,10:20:27,5.86,-0.01,104,60974,卖盘
1007,10:20:30,5.86,0.0,24,14067,卖盘
1008,10:20:34,5.87,0.01,2,1174,买盘
1009,10:20:37,5.86,-0.01,89,52154,卖盘
1010,10:20:40,5.87,0.01,5,2935,买盘
1011,10:20:42,5.86,-0.01,9,5274,卖盘
1012,10:20:46,5.87,0.01,270,158352,买盘
1013,10:20:48,5.87,0.0,119,69766,买盘
1014,10:20:51,5.87,0.0,13,7621,买盘
1015,10:20:55,5.86,-0.01,60,35160,卖盘
1016,10:20:58,5.87,0.01,61,35781,买盘
1017,10:21:00,5.86,-0.01,558,326990,卖盘
1018,10:21:07,5.87,0.01,1172,687940,买盘
1019,10:21:10,5.87,0.0,17,9979,买盘
1020,10:21:12,5.86,-0.01,103,60393,卖盘
1021,10:21:16,5.86,0.0,45,26370,卖盘
1022,10:21:19,5.87,0.01,130,76291,买盘
1023,10:21:21,5.87,0.0,68,39903,买盘
1024,10:21:25,5.87,0.0,156,91572,买盘
1025,10:21:27,5.86,-0.01,74,43387,卖盘
1026,10:21:31,5.86,0.0,7,4102,卖盘
1027,10:21:33,5.86,0.0,476,278936,卖盘
1028,10:21:37,5.86,0.0,62,36350,卖盘
1029,10:21:40,5.86,0.0,150,87902,卖盘
1030,10:21:43,5.87,0.01,107,62780,买盘
1031,10:21:46,5.87,0.0,77,45134,买盘
1032,10:21:48,5.86,-0.01,20,11720,卖盘
1033,10:21:51,5.86,0.0,111,65052,卖盘
1034,10:21:54,5.86,0.0,5,2930,卖盘
1035,10:21:58,5.86,0.0,577,338122,卖盘
1036,10:22:01,5.86,0.0,205,120154,卖盘
1037,10:22:04,5.86,0.0,20,11726,卖盘
1038,10:22:07,5.85,-0.01,598,350371,卖盘
1039,10:22:10,5.85,0.0,136,79691,卖盘
1040,10:22:13,5.85,0.0,10,5850,卖盘
1041,10:22:16,5.85,0.0,25,14625,卖盘
1042,10:22:18,5.85,0.0,241,141164,卖盘
1043,10:22:21,5.85,0.0,5,2925,卖盘
1044,10:22:25,5.85,0.0,297,173842,卖盘
1045,10:22:28,5.85,0.0,221,129305,卖盘
1046,10:22:31,5.85,0.0,72,42120,卖盘
1047,10:22:34,5.85,0.0,161,94185,卖盘
1048,10:22:37,5.85,0.0,95,55595,卖盘
1049,10:22:40,5.85,0.0,89,52070,卖盘
1050,10:22:42,5.85,0.0,242,141578,卖盘
1051,10:22:46,5.85,0.0,55,32187,卖盘
1052,10:22:49,5.85,0.0,122,71380,卖盘
1053,10:22:52,5.85,0.0,594,347666,卖盘
1054,10:22:55,5.86,0.01,79,46216,买盘
1055,10:22:58,5.85,-0.01,228,133565,卖盘
1056,10:23:00,5.86,0.01,722,422389,买盘
1057,10:23:06,5.85,-0.01,107,62605,卖盘
1058,10:23:09,5.85,0.0,159,93067,卖盘
1059,10:23:13,5.86,0.01,212,124129,买盘
1060,10:23:16,5.85,-0.01,172,100620,卖盘
1061,10:23:19,5.86,0.01,148,86699,买盘
1062,10:23:22,5.85,-0.01,75,43875,卖盘
1063,10:23:25,5.85,0.0,35,20485,卖盘
1064,10:23:28,5.86,0.01,54,31596,买盘
1065,10:23:31,5.86,0.0,4,2344,买盘
1066,10:23:34,5.85,-0.01,84,49140,卖盘
1067,10:23:37,5.85,0.0,297,173952,卖盘
1068,10:23:39,5.85,0.0,24,14040,卖盘
1069,10:23:42,5.85,0.0,50,29255,卖盘
1070,10:23:45,5.85,0.0,264,154612,卖盘
1071,10:23:49,5.85,0.0,124,72594,卖盘
1072,10:23:52,5.86,0.01,96,56240,买盘
1073,10:23:55,5.85,-0.01,222,129870,卖盘
1074,10:23:58,5.85,0.0,143,83657,卖盘
1075,10:24:01,5.85,0.0,272,159120,卖盘
1076,10:24:04,5.85,0.0,162,94822,卖盘
1077,10:24:07,5.86,0.01,78,45708,买盘
1078,10:24:10,5.86,0.0,1023,598630,买盘
1079,10:24:12,5.86,0.0,35,20510,买盘
1080,10:24:16,5.85,-0.01,88,51559,卖盘
1081,10:24:19,5.86,0.01,116,67950,买盘
1082,10:24:21,5.85,-0.01,146,85531,卖盘
1083,10:24:25,5.85,0.0,20,11710,卖盘
1084,10:24:28,5.86,0.01,183,107217,买盘
1085,10:24:31,5.85,-0.01,1,585,卖盘
1086,10:24:34,5.86,0.01,717,420148,买盘
1087,10:24:37,5.85,-0.01,840,491472,卖盘
1088,10:24:40,5.86,0.01,160,93787,卖盘
1089,10:24:42,5.86,0.0,40,23440,卖盘
1090,10:24:45,5.87,0.01,189,110929,买盘
1091,10:24:48,5.87,0.0,19,11146,买盘
1092,10:24:52,5.86,-0.01,27,15822,卖盘
1093,10:24:54,5.86,0.0,230,134975,卖盘
1094,10:24:57,5.86,0.0,47,27542,卖盘
1095,10:25:00,5.87,0.01,6,3522,买盘
1096,10:25:04,5.87,0.0,978,574086,买盘
1097,10:25:07,5.87,0.0,16,9395,卖盘
1098,10:25:09,5.88,0.01,43,25254,买盘
1099,10:25:13,5.88,0.0,334,196278,买盘
1100,10:25:15,5.87,-0.01,40,23480,卖盘
1101,10:25:19,5.88,0.01,242,142296,买盘
1102,10:25:21,5.88,0.0,220,129346,买盘
1103,10:25:24,5.88,0.0,197,115836,买盘
1104,10:25:27,5.87,-0.01,323,189894,卖盘
1105,10:25:30,5.88,0.01,762,448056,买盘
1106,10:25:33,5.87,-0.01,39,22907,卖盘
1107,10:25:36,5.87,0.0,1111,652230,卖盘
1108,10:25:39,5.88,0.01,11,6461,买盘
1109,10:25:42,5.88,0.0,56,32909,买盘
1110,10:25:46,5.88,0.0,18,10584,买盘
1111,10:25:49,5.88,0.0,60,35241,买盘
1112,10:25:52,5.88,0.0,65,38220,买盘
1113,10:25:55,5.88,0.0,86,50561,买盘
1114,10:25:58,5.88,0.0,96,56408,买盘
1115,10:26:00,5.87,-0.01,261,153282,卖盘
1116,10:26:07,5.88,0.01,84,49382,买盘
1117,10:26:10,5.87,-0.01,757,445008,卖盘
1118,10:26:13,5.87,0.0,29,17023,卖盘
1119,10:26:15,5.87,0.0,93,54591,买盘
1120,10:26:19,5.87,0.0,380,223008,买盘
1121,10:26:22,5.87,0.0,13,7631,买盘
1122,10:26:25,5.87,0.0,56,32862,买盘
1123,10:26:28,5.87,0.0,159,93418,买盘
1124,10:26:31,5.87,0.0,69,40498,买盘
1125,10:26:33,5.87,0.0,50,29350,买盘
1126,10:26:36,5.87,0.0,217,127359,买盘
1127,10:26:39,5.86,-0.01,731,429552,卖盘
1128,10:26:42,5.87,0.01,11,6457,买盘
1129,10:26:46,5.86,-0.01,39,22886,卖盘
1130,10:26:49,5.87,0.01,20,11740,买盘
1131,10:26:51,5.87,0.0,48,28138,买盘
1132,10:26:54,5.87,0.0,52,30524,买盘
1133,10:26:58,5.87,0.0,17,9964,买盘
1134,10:27:00,5.86,-0.01,64,37516,卖盘
1135,10:27:03,5.86,0.0,4,2347,卖盘
1136,10:27:07,5.87,0.01,23,13501,买盘
1137,10:27:10,5.86,-0.01,40,23440,卖盘
1138,10:27:13,5.86,0.0,349,204602,卖盘
1139,10:27:16,5.87,0.01,97,56938,买盘
1140,10:27:19,5.86,-0.01,228,133641,卖盘
1141,10:27:22,5.86,0.0,127,74533,卖盘
1142,10:27:25,5.86,0.0,226,132578,卖盘
1143,10:27:27,5.86,0.0,37,21714,卖盘
1144,10:27:30,5.87,0.01,1,587,买盘
1145,10:27:33,5.87,0.0,4,2348,买盘
1146,10:27:37,5.86,-0.01,268,157286,卖盘
1147,10:27:40,5.86,0.0,178,104324,卖盘
1148,10:27:46,5.87,0.01,78,45776,买盘
1149,10:27:49,5.87,0.0,93,54531,买盘
1150,10:27:51,5.86,-0.01,19,11134,卖盘
1151,10:27:55,5.86,0.0,87,50989,卖盘
1152,10:27:57,5.87,0.01,35,20515,买盘
1153,10:28:00,5.87,0.0,951,558236,买盘
1154,10:28:04,5.87,0.0,78,45789,卖盘
1155,10:28:07,5.87,0.0,509,298783,买盘
1156,10:28:09,5.87,0.0,100,58775,卖盘
1157,10:28:12,5.88,0.01,78,45814,买盘
1158,10:28:16,5.87,-0.01,150,88070,卖盘
1159,10:28:19,5.87,0.0,24,14098,卖盘
1160,10:28:21,5.88,0.01,7,4112,买盘
1161,10:28:27,5.87,-0.01,30,17610,卖盘
1162,10:28:31,5.88,0.01,26,15288,买盘
1163,10:28:33,5.87,-0.01,403,236942,卖盘
1164,10:28:37,5.87,0.0,30,17625,卖盘
1165,10:28:40,5.87,0.0,225,132075,卖盘
1166,10:28:42,5.88,0.01,323,189606,买盘
1167,10:28:46,5.88,0.0,91,53483,买盘
1168,10:28:48,5.88,0.0,21,12348,买盘
1169,10:28:51,5.88,0.0,192,112893,买盘
1170,10:28:55,5.88,0.0,232,136382,买盘
1171,10:28:58,5.88,0.0,283,166404,买盘
1172,10:29:01,5.87,-0.01,1788,1049848,卖盘
1173,10:29:04,5.87,0.0,287,168466,买盘
1174,10:29:07,5.87,0.0,6,3522,买盘
1175,10:29:10,5.86,-0.01,104,61018,卖盘
1176,10:29:12,5.87,0.01,114,66918,买盘
1177,10:29:15,5.88,0.01,218,128003,买盘
1178,10:29:19,5.87,-0.01,212,124444,卖盘
1179,10:29:22,5.86,-0.01,92,53914,卖盘
1180,10:29:25,5.87,0.01,42,24654,买盘
1181,10:29:27,5.86,-0.01,97,56899,卖盘
1182,10:29:30,5.87,0.01,185,108595,买盘
1183,10:29:33,5.87,0.0,76,44562,买盘
1184,10:29:37,5.87,0.0,56,32872,买盘
1185,10:29:40,5.86,-0.01,165,96800,卖盘
1186,10:29:43,5.87,0.01,94,55173,买盘
1187,10:29:46,5.86,-0.01,58,33988,卖盘
1188,10:29:48,5.87,0.01,13,7624,买盘
1189,10:29:52,5.87,0.0,360,211059,买盘
1190,10:29:55,5.87,0.0,99,58113,买盘
1191,10:29:57,5.87,0.0,90,52830,买盘
1192,10:30:00,5.87,0.0,20,11740,买盘
1193,10:30:04,5.86,-0.01,30,17580,卖盘
1194,10:30:06,5.86,0.0,39,22866,卖盘
1195,10:30:09,5.87,0.01,137,80419,买盘
1196,10:30:12,5.87,0.0,198,116226,买盘
1197,10:30:16,5.87,0.0,63,36981,买盘
1198,10:30:19,5.86,-0.01,65,38102,卖盘
1199,10:30:21,5.86,0.0,129,75716,卖盘
1200,10:30:25,5.86,0.0,227,133149,卖盘
1201,10:30:28,5.87,0.01,52,30510,买盘
1202,10:30:31,5.86,-0.01,105,61530,卖盘
1203,10:30:34,5.87,0.01,74,43438,买盘
1204,10:30:36,5.87,0.0,30,17610,卖盘
1205,10:30:39,5.87,0.0,21,12327,卖盘
1206,10:30:49,5.87,0.0,10,5870,买盘
1207,10:30:52,5.87,0.0,10,5870,买盘
1208,10:30:54,5.86,-0.01,170,99744,卖盘
1209,10:31:01,5.86,0.0,400,234400,卖盘
1210,10:31:04,5.86,0.0,45,26370,卖盘
1211,10:31:10,5.87,0.01,17,9975,买盘
1212,10:31:13,5.86,-0.01,280,164205,卖盘
1213,10:31:16,5.86,0.0,51,29886,卖盘
1214,10:31:19,5.86,0.0,8,4688,卖盘
1215,10:31:22,5.86,0.0,141,82626,卖盘
1216,10:31:24,5.87,0.01,33,19339,买盘
1217,10:31:28,5.87,0.0,59,34598,买盘
1218,10:31:30,5.86,-0.01,928,544528,卖盘
1219,10:31:34,5.86,0.0,559,327574,卖盘
1220,10:31:37,5.86,0.0,48,28107,买盘
1221,10:31:39,5.85,-0.01,13,7606,卖盘
1222,10:31:43,5.86,0.01,31,18166,买盘
1223,10:31:46,5.85,-0.01,195,114075,卖盘
1224,10:31:48,5.85,0.0,6,3510,卖盘
1225,10:31:52,5.85,0.0,10,5850,卖盘
1226,10:31:55,5.86,0.01,787,461162,买盘
1227,10:31:57,5.86,0.0,38,22235,买盘
1228,10:32:01,5.86,0.0,295,172864,买盘
1229,10:32:04,5.86,0.0,98,57428,卖盘
1230,10:32:07,5.86,0.0,27,15822,卖盘
1231,10:32:10,5.86,0.0,37,21706,卖盘
1232,10:32:13,5.86,0.0,358,209788,卖盘
1233,10:32:15,5.86,0.0,19,11134,卖盘
1234,10:32:18,5.87,0.01,41,24046,买盘
1235,10:32:22,5.87,0.0,22,12893,买盘
1236,10:32:25,5.86,-0.01,139,81454,卖盘
1237,10:32:28,5.86,0.0,21,12306,买盘
1238,10:32:33,5.86,0.0,76,44536,买盘
1239,10:32:36,5.86,0.0,12,7032,买盘
1240,10:32:39,5.85,-0.01,19,11124,卖盘
1241,10:32:42,5.86,0.01,32,18747,买盘
1242,10:32:46,5.86,0.0,57,33402,买盘
1243,10:32:49,5.86,0.0,173,101220,买盘
1244,10:32:52,5.85,-0.01,135,79010,卖盘
1245,10:32:55,5.86,0.01,64,37484,买盘
1246,10:32:58,5.86,0.0,88,51559,买盘
1247,10:33:00,5.85,-0.01,26,15226,卖盘
1248,10:33:04,5.85,0.0,15,8784,卖盘
1249,10:33:09,5.86,0.01,166,97276,买盘
1250,10:33:12,5.86,0.0,48,28128,卖盘
1251,10:33:18,5.85,-0.01,9,5269,卖盘
1252,10:33:21,5.85,0.0,26,15235,卖盘
1253,10:33:25,5.86,0.01,46,26948,买盘
1254,10:33:28,5.85,-0.01,12,7020,卖盘
1255,10:33:31,5.86,0.01,143,83706,买盘
1256,10:33:34,5.85,-0.01,82,48042,卖盘
1257,10:33:42,5.86,0.01,270,158117,买盘
1258,10:33:46,5.85,-0.01,37,21645,卖盘
1259,10:33:49,5.85,0.0,28,16386,卖盘
1260,10:33:52,5.85,0.0,74,43336,卖盘
1261,10:33:55,5.85,0.0,10,5855,卖盘
1262,10:33:57,5.86,0.01,6,3516,买盘
1263,10:34:01,5.85,-0.01,56,32770,卖盘
1264,10:34:04,5.85,0.0,41,23986,卖盘
1265,10:34:07,5.86,0.01,207,121262,买盘
1266,10:34:09,5.86,0.0,66,38662,买盘
1267,10:34:13,5.85,-0.01,390,228524,卖盘
1268,10:34:16,5.85,0.0,104,60943,卖盘
1269,10:34:19,5.85,0.0,11,6435,卖盘
1270,10:34:21,5.85,0.0,85,49800,卖盘
1271,10:34:24,5.85,0.0,132,77240,卖盘
1272,10:34:31,5.86,0.01,22,12892,买盘
1273,10:34:34,5.85,-0.01,6,3510,卖盘
1274,10:34:37,5.85,0.0,209,122265,卖盘
1275,10:34:39,5.85,0.0,56,32760,卖盘
1276,10:34:45,5.85,0.0,228,133413,卖盘
1277,10:34:48,5.85,0.0,27,15795,卖盘
1278,10:34:52,5.85,0.0,88,51480,卖盘
1279,10:34:55,5.86,0.01,200,117090,买盘
1280,10:35:00,5.85,-0.01,139,81408,卖盘
1281,10:35:04,5.86,0.01,7,4102,买盘
1282,10:35:06,5.85,-0.01,21,12290,卖盘
1283,10:35:13,5.86,0.01,35,20507,买盘
1284,10:35:16,5.85,-0.01,35,20475,卖盘
1285,10:35:18,5.85,0.0,1,585,卖盘
1286,10:35:21,5.86,0.01,19,11117,买盘
1287,10:35:24,5.85,-0.01,31,18135,卖盘
1288,10:35:28,5.85,0.0,30,17550,卖盘
1289,10:35:31,5.85,0.0,38,22230,卖盘
1290,10:35:34,5.85,0.0,135,79105,卖盘
1291,10:35:37,5.85,0.0,11,6435,卖盘
1292,10:35:40,5.85,0.0,4,2340,卖盘
1293,10:35:42,5.85,0.0,614,359216,卖盘
1294,10:35:46,5.85,0.0,20,11710,卖盘
1295,10:35:48,5.85,0.0,75,43880,卖盘
1296,10:35:52,5.85,0.0,130,76050,卖盘
1297,10:35:55,5.86,0.01,20,11710,买盘
1298,10:35:58,5.85,-0.01,644,376740,卖盘
1299,10:36:01,5.85,0.0,30,17571,卖盘
1300,10:36:04,5.85,0.0,280,163800,卖盘
1301,10:36:07,5.85,0.0,151,88336,卖盘
1302,10:36:10,5.85,0.0,369,215865,卖盘
1303,10:36:12,5.85,0.0,417,243734,卖盘
1304,10:36:15,5.84,-0.01,103,60152,卖盘
1305,10:36:18,5.85,0.01,2,1170,买盘
1306,10:36:21,5.84,-0.01,25,14603,卖盘
1307,10:36:24,5.84,0.0,114,66632,卖盘
1308,10:36:28,5.85,0.01,36,21034,买盘
1309,10:36:30,5.85,0.0,84,49104,买盘
1310,10:36:33,5.84,-0.01,40,23360,卖盘
1311,10:36:36,5.84,0.0,9,5256,卖盘
1312,10:36:39,5.84,0.0,60,35040,卖盘
1313,10:36:42,5.84,0.0,28,16352,卖盘
1314,10:36:45,5.84,0.0,220,128480,卖盘
1315,10:36:48,5.84,0.0,125,73000,卖盘
1316,10:36:51,5.84,0.0,301,175784,卖盘
1317,10:36:54,5.84,0.0,126,73584,卖盘
1318,10:36:57,5.84,0.0,2485,1451303,卖盘
1319,10:37:00,5.84,0.0,157,91688,卖盘
1320,10:37:04,5.84,0.0,595,347478,买盘
1321,10:37:07,5.84,0.0,75,43800,卖盘
1322,10:37:09,5.84,0.0,144,84096,卖盘
1323,10:37:12,5.85,0.01,312,182216,买盘
1324,10:37:15,5.84,-0.01,360,210240,卖盘
1325,10:37:18,5.84,0.0,86,50237,卖盘
1326,10:37:21,5.84,0.0,39,22776,卖盘
1327,10:37:24,5.84,0.0,44,25696,卖盘
1328,10:37:27,5.84,0.0,430,251120,卖盘
1329,10:37:31,5.84,0.0,1206,704304,卖盘
1330,10:37:34,5.84,0.0,271,158267,卖盘
1331,10:37:36,5.84,0.0,106,61896,买盘
1332,10:37:39,5.83,-0.01,193,112659,卖盘
1333,10:37:43,5.83,0.0,132,76977,卖盘
1334,10:37:46,5.83,0.0,60,34980,卖盘
1335,10:37:49,5.83,0.0,133,77539,卖盘
1336,10:37:52,5.83,0.0,1189,693245,卖盘
1337,10:37:54,5.83,0.0,963,561429,卖盘
1338,10:37:57,5.83,0.0,10,5824,买盘
1339,10:38:01,5.83,0.0,87,50712,买盘
1340,10:38:04,5.83,0.0,166,96629,买盘
1341,10:38:07,5.82,-0.01,117,68097,卖盘
1342,10:38:10,5.82,0.0,2175,1265953,卖盘
1343,10:38:13,5.82,0.0,143,83232,卖盘
1344,10:38:16,5.82,0.0,683,397022,卖盘
1345,10:38:19,5.82,0.0,60,34920,买盘
1346,10:38:22,5.82,0.0,136,79141,买盘
1347,10:38:24,5.81,-0.01,36,20926,卖盘
1348,10:38:27,5.81,0.0,487,282967,卖盘
1349,10:38:30,5.82,0.01,179,104036,买盘
1350,10:38:34,5.81,-0.01,1488,864579,卖盘
1351,10:38:37,5.81,0.0,186,108081,卖盘
1352,10:38:40,5.82,0.01,139,80767,买盘
1353,10:38:43,5.82,0.0,266,154557,买盘
1354,10:38:46,5.81,-0.01,171,99353,卖盘
1355,10:38:49,5.82,0.01,761,442266,买盘
1356,10:38:51,5.81,-0.01,262,152270,卖盘
1357,10:38:55,5.81,0.0,789,458409,卖盘
1358,10:38:58,5.81,0.0,948,551073,卖盘
1359,10:39:01,5.81,0.0,838,486419,买盘
1360,10:39:04,5.81,0.0,373,216810,卖盘
1361,10:39:07,5.82,0.01,708,411407,买盘
1362,10:39:09,5.82,0.0,317,184360,买盘
1363,10:39:12,5.82,0.0,133,77404,买盘
1364,10:39:16,5.81,-0.01,436,253350,卖盘
1365,10:39:18,5.81,0.0,1468,852959,卖盘
1366,10:39:22,5.81,0.0,100,58175,卖盘
1367,10:39:28,5.81,0.0,176,102281,卖盘
1368,10:39:30,5.82,0.01,303,176243,买盘
1369,10:39:33,5.81,-0.01,60,34860,卖盘
1370,10:39:37,5.82,0.01,760,442090,买盘
1371,10:39:39,5.82,0.0,148,86119,买盘
1372,10:39:42,5.82,0.0,441,256642,买盘
1373,10:39:45,5.82,0.0,500,291000,买盘
1374,10:39:48,5.82,0.0,1419,825853,买盘
1375,10:39:51,5.82,0.0,189,110114,买盘
1376,10:39:54,5.82,0.0,43,25026,卖盘
1377,10:39:58,5.83,0.01,10,5830,买盘
1378,10:40:00,5.82,-0.01,88,51294,卖盘
1379,10:40:04,5.83,0.01,18,10482,买盘
1380,10:40:07,5.83,0.0,20,11658,买盘
1381,10:40:10,5.83,0.0,75,43654,买盘
1382,10:40:13,5.82,-0.01,104,60538,卖盘
1383,10:40:15,5.83,0.01,82,47764,买盘
1384,10:40:18,5.83,0.0,40,23320,买盘
1385,10:40:22,5.83,0.0,72,41942,买盘
1386,10:40:25,5.83,0.0,491,285817,买盘
1387,10:40:28,5.83,0.0,288,167858,买盘
1388,10:40:31,5.82,-0.01,306,178158,卖盘
1389,10:40:34,5.82,0.0,145,84401,卖盘
1390,10:40:37,5.82,0.0,47,27375,卖盘
1391,10:40:40,5.83,0.01,791,461148,买盘
1392,10:40:43,5.82,-0.01,52,30284,卖盘
1393,10:40:45,5.83,0.01,93,54157,买盘
1394,10:40:49,5.83,0.0,200,116600,买盘
1395,10:40:52,5.83,0.0,117,68209,买盘
1396,10:40:55,5.83,0.0,74,43142,买盘
1397,10:40:58,5.83,0.0,19,11068,买盘
1398,10:41:01,5.82,-0.01,192,111931,卖盘
1399,10:41:04,5.83,0.01,417,243032,买盘
1400,10:41:09,5.83,0.0,28,16304,买盘
1401,10:41:13,5.83,0.0,276,160908,买盘
1402,10:41:16,5.83,0.0,277,161441,买盘
1403,10:41:19,5.82,-0.01,174,101368,卖盘
1404,10:41:22,5.82,0.0,301,175249,卖盘
1405,10:41:25,5.83,0.01,38,22148,买盘
1406,10:41:28,5.83,0.0,1520,886139,买盘
1407,10:41:31,5.82,-0.01,212,123591,卖盘
1408,10:41:34,5.83,0.01,321,187069,买盘
1409,10:41:37,5.83,0.0,300,174900,卖盘
1410,10:41:40,5.83,0.0,22,12846,卖盘
1411,10:41:43,5.83,0.0,240,140120,卖盘
1412,10:41:46,5.83,0.0,35,20414,卖盘
1413,10:41:49,5.84,0.01,398,232252,买盘
1414,10:41:52,5.83,-0.01,200,116770,卖盘
1415,10:41:55,5.84,0.01,367,214302,买盘
1416,10:41:58,5.84,0.0,232,135477,买盘
1417,10:42:00,5.84,0.0,371,216657,买盘
1418,10:42:04,5.84,0.0,390,227740,买盘
1419,10:42:07,5.85,0.01,102,59670,买盘
1420,10:42:09,5.84,-0.01,10,5842,卖盘
1421,10:42:13,5.84,0.0,332,194216,卖盘
1422,10:42:16,5.84,0.0,9,5256,卖盘
1423,10:42:19,5.85,0.01,70,40950,买盘
1424,10:42:22,5.85,0.0,308,180180,买盘
1425,10:42:24,5.85,0.0,229,133934,买盘
1426,10:42:28,5.85,0.0,288,168473,买盘
1427,10:42:31,5.85,0.0,107,62221,买盘
1428,10:42:34,5.85,0.0,126,73710,卖盘
1429,10:42:37,5.85,0.0,1,585,卖盘
1430,10:42:40,5.86,0.01,239,139944,买盘
1431,10:42:43,5.86,0.0,40,23427,买盘
1432,10:42:46,5.86,0.0,76,44521,买盘
1433,10:42:49,5.86,0.0,26,15234,买盘
1434,10:42:52,5.86,0.0,83,48638,买盘
1435,10:42:55,5.85,-0.01,146,85510,卖盘
1436,10:42:57,5.86,0.01,30,17580,买盘
1437,10:43:01,5.86,0.0,79,46237,买盘
1438,10:43:04,5.85,-0.01,57,33398,卖盘
1439,10:43:07,5.86,0.01,109,63824,买盘
1440,10:43:10,5.86,0.0,314,183994,买盘
1441,10:43:13,5.86,0.0,55,32225,买盘
1442,10:43:16,5.86,0.0,52,30429,买盘
1443,10:43:19,5.85,-0.01,259,151515,卖盘
1444,10:43:22,5.86,0.01,107,62613,买盘
1445,10:43:24,5.85,-0.01,273,159836,卖盘
1446,10:43:28,5.86,0.01,20,11719,买盘
1447,10:43:31,5.85,-0.01,210,122896,卖盘
1448,10:43:33,5.86,0.01,121,70888,买盘
1449,10:43:37,5.85,-0.01,12,7022,卖盘
1450,10:43:39,5.85,0.0,41,23985,卖盘
1451,10:43:46,5.85,0.0,176,102960,卖盘
1452,10:43:49,5.86,0.01,239,139854,买盘
1453,10:43:52,5.85,-0.01,116,68265,卖盘
1454,10:43:58,5.85,0.0,78,45623,买盘
1455,10:44:00,5.84,-0.01,31,18128,卖盘
1456,10:44:04,5.85,0.01,34,19865,买盘
1457,10:44:07,5.85,0.0,5,2925,买盘
1458,10:44:09,5.84,-0.01,21,12264,卖盘
1459,10:44:12,5.84,0.0,23,13432,卖盘
1460,10:44:15,5.85,0.01,34,19890,买盘
1461,10:44:18,5.84,-0.01,63,36812,卖盘
1462,10:44:21,5.85,0.01,50,29250,买盘
1463,10:44:25,5.84,-0.01,4,2336,卖盘
1464,10:44:27,5.84,0.0,60,35055,卖盘
1465,10:44:30,5.84,0.0,851,497813,卖盘
1466,10:44:34,5.85,0.01,352,205679,买盘
1467,10:44:37,5.84,-0.01,18,10512,卖盘
1468,10:44:40,5.84,0.0,418,244249,卖盘
1469,10:44:43,5.85,0.01,49,28665,中性盘
1470,10:44:46,5.85,0.0,8,4680,买盘
1471,10:44:48,5.84,-0.01,207,120910,卖盘
1472,10:44:51,5.85,0.01,55,32175,买盘
1473,10:44:54,5.85,0.0,10,5850,买盘
1474,10:44:57,5.85,0.0,2,1170,买盘
1475,10:45:01,5.84,-0.01,6,3505,卖盘
1476,10:45:04,5.84,0.0,15,8760,卖盘
1477,10:45:07,5.85,0.01,20,11695,买盘
1478,10:45:10,5.84,-0.01,623,363980,卖盘
1479,10:45:13,5.85,0.01,84,49140,买盘
1480,10:45:16,5.84,-0.01,37,21608,卖盘
1481,10:45:19,5.85,0.01,89,51977,买盘
1482,10:45:21,5.84,-0.01,129,75360,卖盘
1483,10:45:25,5.84,0.0,12,7008,买盘
1484,10:45:28,5.84,0.0,1,584,卖盘
1485,10:45:30,5.84,0.0,85,49640,卖盘
1486,10:45:33,5.84,0.0,30,17520,买盘
1487,10:45:37,5.84,0.0,425,248497,买盘
1488,10:45:40,5.84,0.0,36,21024,买盘
1489,10:45:43,5.84,0.0,18,10512,买盘
1490,10:45:45,5.84,0.0,21,12264,买盘
1491,10:45:49,5.84,0.0,10,5840,买盘
1492,10:45:52,5.84,0.0,252,147168,卖盘
1493,10:45:54,5.84,0.0,66,38544,买盘
1494,10:45:57,5.84,0.0,25,14608,卖盘
1495,10:46:00,5.84,0.0,276,161184,卖盘
1496,10:46:04,5.84,0.0,80,46720,卖盘
1497,10:46:10,5.85,0.01,1,585,买盘
1498,10:46:19,5.84,-0.01,21,12283,卖盘
1499,10:46:28,5.84,0.0,10,5840,卖盘
1500,10:46:34,5.85,0.01,9,5265,买盘
1501,10:46:37,5.84,-0.01,70,40880,卖盘
1502,10:46:40,5.83,-0.01,1750,1020483,卖盘
1503,10:46:42,5.83,0.0,34,19822,买盘
1504,10:46:45,5.84,0.01,446,260246,买盘
1505,10:46:48,5.84,0.0,25,14623,卖盘
1506,10:46:52,5.84,0.0,33,19272,卖盘
1507,10:46:58,5.84,0.0,10,5840,卖盘
1508,10:47:04,5.85,0.01,20,11700,买盘
1509,10:47:06,5.84,-0.01,160,93440,卖盘
1510,10:47:09,5.84,0.0,2,1168,卖盘
1511,10:47:12,5.84,0.0,60,35045,卖盘
1512,10:47:16,5.85,0.01,8,4678,买盘
1513,10:47:19,5.84,-0.01,814,475844,卖盘
1514,10:47:22,5.84,0.0,152,88805,卖盘
1515,10:47:25,5.85,0.01,10,5850,买盘
1516,10:47:28,5.85,0.0,100,58500,买盘
1517,10:47:31,5.84,-0.01,74,43242,卖盘
1518,10:47:33,5.84,0.0,432,252288,卖盘
1519,10:47:36,5.84,0.0,38,22192,买盘
1520,10:47:39,5.85,0.01,107,62539,买盘
1521,10:47:42,5.84,-0.01,2,1168,卖盘
1522,10:47:48,5.84,0.0,26,15200,卖盘
1523,10:47:52,5.84,0.0,104,60746,卖盘
1524,10:47:54,5.84,0.0,119,69556,卖盘
1525,10:47:57,5.84,0.0,7,4088,卖盘
1526,10:48:04,5.84,0.0,575,336337,卖盘
1527,10:48:07,5.85,0.01,114,66661,买盘
1528,10:48:10,5.85,0.0,11,6425,买盘
1529,10:48:13,5.84,-0.01,424,247616,卖盘
1530,10:48:16,5.85,0.01,43,25136,买盘
1531,10:48:18,5.85,0.0,45,26325,买盘
1532,10:48:21,5.84,-0.01,110,64343,卖盘
1533,10:48:24,5.84,0.0,563,329271,卖盘
1534,10:48:28,5.84,0.0,22,12848,买盘
1535,10:48:31,5.84,0.0,1010,588840,买盘
1536,10:48:36,5.84,0.0,45,26280,买盘
1537,10:48:39,5.84,0.0,91,53144,买盘
1538,10:48:42,5.84,0.0,18,10512,买盘
1539,10:48:45,5.84,0.0,34,19856,卖盘
1540,10:48:49,5.84,0.0,25,14600,买盘
1541,10:48:52,5.84,0.0,20,11680,卖盘
1542,10:48:55,5.84,0.0,6,3504,卖盘
1543,10:48:58,5.85,0.01,63,36852,买盘
1544,10:49:01,5.85,0.0,67,39171,买盘
1545,10:49:04,5.85,0.0,15,8775,买盘
1546,10:49:07,5.85,0.0,118,68915,买盘
1547,10:49:10,5.84,-0.01,160,93590,卖盘
1548,10:49:13,5.84,0.0,18,10512,中性盘
1549,10:49:16,5.85,0.01,4,2340,买盘
1550,10:49:19,5.84,-0.01,59,34513,卖盘
1551,10:49:21,5.85,0.01,4,2340,买盘
1552,10:49:25,5.85,0.0,149,87135,买盘
1553,10:49:27,5.84,-0.01,13,7592,卖盘
1554,10:49:31,5.84,0.0,241,140930,卖盘
1555,10:49:36,5.85,0.01,150,87610,买盘
1556,10:49:39,5.85,0.0,129,75370,买盘
1557,10:49:42,5.84,-0.01,20,11695,卖盘
1558,10:49:46,5.85,0.01,19,11115,买盘
1559,10:49:52,5.85,0.0,34,19887,买盘
1560,10:49:55,5.84,-0.01,2,1168,卖盘
1561,10:49:58,5.84,0.0,119,69528,卖盘
1562,10:50:01,5.85,0.01,50,29250,买盘
1563,10:50:04,5.84,-0.01,122,71348,卖盘
1564,10:50:07,5.84,0.0,88,51394,卖盘
1565,10:50:09,5.84,0.0,387,226008,卖盘
1566,10:50:12,5.84,0.0,92,53728,买盘
1567,10:50:16,5.84,0.0,10,5840,买盘
1568,10:50:18,5.84,0.0,67,39128,买盘
1569,10:50:22,5.83,-0.01,100,58380,卖盘
1570,10:50:25,5.84,0.01,30,17510,买盘
1571,10:50:28,5.83,-0.01,162,94446,卖盘
1572,10:50:31,5.84,0.01,8,4672,买盘
1573,10:50:34,5.83,-0.01,61,35574,卖盘
1574,10:50:36,5.83,0.0,6,3498,卖盘
1575,10:50:39,5.84,0.01,14,8176,买盘
1576,10:50:42,5.83,-0.01,122,71126,卖盘
1577,10:50:46,5.83,0.0,95,55400,卖盘
1578,10:50:48,5.84,0.01,147,85706,买盘
1579,10:50:51,5.83,-0.01,340,198229,卖盘
1580,10:50:55,5.84,0.01,3,1752,买盘
1581,10:50:58,5.83,-0.01,13,7579,卖盘
1582,10:51:01,5.83,0.0,137,79957,卖盘
1583,10:51:06,5.83,0.0,4,2332,卖盘
1584,10:51:10,5.84,0.01,27,15751,买盘
1585,10:51:13,5.83,-0.01,50,29150,卖盘
1586,10:51:15,5.83,0.0,50,29170,卖盘
1587,10:51:19,5.83,0.0,62,36187,卖盘
1588,10:51:21,5.84,0.01,82,47872,买盘
1589,10:51:31,5.84,0.0,180,105070,买盘
1590,10:51:33,5.84,0.0,135,78805,买盘
1591,10:51:36,5.83,-0.01,101,58883,卖盘
1592,10:51:39,5.84,0.01,79,46126,买盘
1593,10:51:43,5.83,-0.01,101,58883,卖盘
1594,10:51:46,5.83,0.0,80,46640,卖盘
1595,10:51:48,5.83,0.0,25,14575,卖盘
1596,10:51:55,5.84,0.01,3,1752,买盘
1597,10:51:57,5.83,-0.01,11,6413,卖盘
1598,10:52:00,5.84,0.01,24,14010,买盘
1599,10:52:04,5.83,-0.01,13,7580,卖盘
1600,10:52:07,5.84,0.01,156,90994,买盘
1601,10:52:10,5.83,-0.01,226,131759,卖盘
1602,10:52:13,5.84,0.01,80,46700,买盘
1603,10:52:16,5.84,0.0,30,17510,买盘
1604,10:52:18,5.84,0.0,97,56648,买盘
1605,10:52:21,5.83,-0.01,19,11077,卖盘
1606,10:52:24,5.83,0.0,143,83369,卖盘
1607,10:52:27,5.84,0.01,97,56648,买盘
1608,10:52:30,5.84,0.0,161,94024,买盘
1609,10:52:34,5.83,-0.01,16,9330,卖盘
1610,10:52:36,5.83,0.0,68,39682,卖盘
1611,10:52:39,5.84,0.01,160,93390,买盘
1612,10:52:45,5.84,0.0,35,20440,买盘
1613,10:52:49,5.84,0.0,36,21024,买盘
1614,10:52:52,5.84,0.0,287,167614,买盘
1615,10:52:54,5.84,0.0,1,584,卖盘
1616,10:52:58,5.84,0.0,18,10512,卖盘
1617,10:53:01,5.85,0.01,13,7595,买盘
1618,10:53:04,5.85,0.0,8,4680,买盘
1619,10:53:10,5.84,-0.01,27,15768,卖盘
1620,10:53:13,5.85,0.01,10,5850,买盘
1621,10:53:16,5.84,-0.01,22,12848,卖盘
1622,10:53:18,5.84,0.0,29,16936,卖盘
1623,10:53:21,5.85,0.01,150,87693,买盘
1624,10:53:24,5.85,0.0,1,585,买盘
1625,10:53:27,5.84,-0.01,25,14600,卖盘
1626,10:53:30,5.85,0.01,4,2340,买盘
1627,10:53:36,5.85,0.0,105,61425,买盘
1628,10:53:40,5.84,-0.01,1333,778477,卖盘
1629,10:53:42,5.84,0.0,89,51976,买盘
1630,10:53:46,5.83,-0.01,35,20405,卖盘
1631,10:53:49,5.84,0.01,23,13432,买盘
1632,10:53:52,5.84,0.0,170,99280,买盘
1633,10:53:54,5.84,0.0,130,75920,买盘
1634,10:53:58,5.83,-0.01,6,3498,卖盘
1635,10:54:00,5.85,0.02,603,352212,买盘
1636,10:54:04,5.84,-0.01,11,6424,卖盘
1637,10:54:10,5.84,0.0,7,4088,卖盘
1638,10:54:13,5.84,0.0,13,7592,卖盘
1639,10:54:16,5.84,0.0,10,5840,卖盘
1640,10:54:18,5.85,0.01,15,8770,买盘
1641,10:54:21,5.84,-0.01,50,29200,卖盘
1642,10:54:25,5.84,0.0,418,244517,卖盘
1643,10:54:34,5.85,0.01,94,54947,买盘
1644,10:54:36,5.85,0.0,22,12870,买盘
1645,10:54:40,5.85,0.0,159,92955,买盘
1646,10:54:43,5.85,0.0,10,5850,买盘
1647,10:54:46,5.85,0.0,42,24556,买盘
1648,10:54:49,5.85,0.0,14,8190,买盘
1649,10:54:51,5.85,0.0,6,3510,买盘
1650,10:54:55,5.84,-0.01,588,343847,卖盘
1651,10:54:58,5.85,0.01,305,178425,买盘
1652,10:55:01,5.84,-0.01,6,3504,卖盘
1653,10:55:04,5.85,0.01,772,451274,买盘
1654,10:55:07,5.85,0.0,115,67275,卖盘
1655,10:55:10,5.85,0.0,400,234345,卖盘
1656,10:55:12,5.85,0.0,168,98247,买盘
1657,10:55:15,5.85,0.0,115,67275,买盘
1658,10:55:18,5.85,0.0,21,12285,买盘
1659,10:55:21,5.85,0.0,122,71370,买盘
1660,10:55:24,5.85,0.0,112,65520,买盘
1661,10:55:27,5.85,0.0,276,161460,买盘
1662,10:55:30,5.85,0.0,190,111150,买盘
1663,10:55:33,5.85,0.0,7,4093,买盘
1664,10:55:36,5.85,0.0,110,64350,买盘
1665,10:55:39,5.85,0.0,362,211770,买盘
1666,10:55:42,5.85,0.0,10,5850,买盘
1667,10:55:46,5.85,0.0,5,2925,买盘
1668,10:55:48,5.85,0.0,54,31556,买盘
1669,10:55:52,5.85,0.0,110,64330,买盘
1670,10:55:54,5.85,0.0,112,65519,买盘
1671,10:55:57,5.85,0.0,55,31830,买盘
1672,10:56:01,5.86,0.01,24,14044,买盘
1673,10:56:04,5.86,0.0,60,35150,买盘
1674,10:56:07,5.85,-0.01,63,36855,卖盘
1675,10:56:10,5.85,0.0,1,585,卖盘
1676,10:56:13,5.86,0.01,216,126519,买盘
1677,10:56:16,5.85,-0.01,1,585,卖盘
1678,10:56:18,5.85,0.0,26,15229,卖盘
1679,10:56:21,5.86,0.01,3,1758,买盘
1680,10:56:24,5.86,0.0,163,95518,买盘
1681,10:56:27,5.85,-0.01,1514,886035,卖盘
1682,10:56:31,5.85,0.0,22,12870,买盘
1683,10:56:34,5.85,0.0,60,34755,买盘
1684,10:56:37,5.85,0.0,6,3510,卖盘
1685,10:56:40,5.85,0.0,147,86094,卖盘
1686,10:56:43,5.85,0.0,298,174635,卖盘
1687,10:56:45,5.85,0.0,47,27495,买盘
1688,10:56:49,5.85,0.0,85,49725,买盘
1689,10:56:52,5.84,-0.01,20,11680,卖盘
1690,10:56:55,5.85,0.01,62,36270,买盘
1691,10:57:01,5.84,-0.01,301,175829,卖盘
1692,10:57:04,5.84,0.0,131,76631,卖盘
1693,10:57:06,5.84,0.0,61,35624,卖盘
1694,10:57:09,5.85,0.01,1,585,买盘
1695,10:57:12,5.84,-0.01,30,17520,卖盘
1696,10:57:15,5.84,0.0,35,20440,卖盘
1697,10:57:19,5.85,0.01,50,29250,买盘
1698,10:57:21,5.84,-0.01,10,5840,卖盘
1699,10:57:24,5.84,0.0,381,222504,卖盘
1700,10:57:31,5.84,0.0,30,17520,卖盘
1701,10:57:34,5.84,0.0,157,91688,卖盘
1702,10:57:37,5.85,0.01,1,585,买盘
1703,10:57:39,5.85,0.0,494,288555,买盘
1704,10:57:43,5.85,0.0,1,585,买盘
1705,10:57:48,5.85,0.0,16,9360,买盘
1706,10:57:51,5.85,0.0,404,236336,买盘
1707,10:57:55,5.84,-0.01,4,2336,卖盘
1708,10:57:58,5.84,0.0,6,3504,卖盘
1709,10:58:00,5.84,0.0,59,34483,卖盘
1710,10:58:04,5.84,0.0,3,1752,买盘
1711,10:58:07,5.84,0.0,21,12253,买盘
1712,10:58:09,5.84,0.0,9,5256,买盘
1713,10:58:12,5.84,0.0,268,156512,买盘
1714,10:58:15,5.84,0.0,18,10512,卖盘
1715,10:58:18,5.84,0.0,32,18690,卖盘
1716,10:58:21,5.84,0.0,35,20440,卖盘
1717,10:58:24,5.84,0.0,8,4676,卖盘
1718,10:58:28,5.84,0.0,1,584,卖盘
1719,10:58:30,5.84,0.0,23,13432,卖盘
1720,10:58:33,5.84,0.0,57,33288,卖盘
1721,10:58:36,5.84,0.0,3,1752,卖盘
1722,10:58:39,5.84,0.0,39,22776,卖盘
1723,10:58:43,5.84,0.0,172,100618,卖盘
1724,10:58:51,5.84,0.0,100,58400,卖盘
1725,10:59:00,5.85,0.01,12,7020,买盘
1726,10:59:04,5.85,0.0,41,23964,买盘
1727,10:59:06,5.85,0.0,3,1755,买盘
1728,10:59:12,5.84,-0.01,22,12848,卖盘
1729,10:59:19,5.85,0.01,2804,1640340,买盘
1730,10:59:22,5.84,-0.01,27,15768,卖盘
1731,10:59:24,5.84,0.0,65,37970,卖盘
1732,10:59:27,5.85,0.01,8,4677,买盘
1733,10:59:30,5.85,0.0,84,49263,买盘
1734,10:59:33,5.85,0.0,140,81777,卖盘
1735,10:59:39,5.85,0.0,22,12870,买盘
1736,10:59:42,5.85,0.0,84,49140,买盘
1737,10:59:45,5.85,0.0,213,124728,买盘
1738,10:59:48,5.85,0.0,1,585,卖盘
1739,10:59:52,5.85,0.0,3,1755,卖盘
1740,10:59:54,5.85,0.0,174,101790,卖盘
1741,11:00:01,5.85,0.0,7,4095,卖盘
1742,11:00:04,5.85,0.0,25,14625,卖盘
1743,11:00:07,5.86,0.01,16,9367,买盘
1744,11:00:10,5.86,0.0,20,11720,买盘
1745,11:00:12,5.85,-0.01,160,93680,卖盘
1746,11:00:15,5.85,0.0,10,5850,卖盘
1747,11:00:18,5.86,0.01,31,18166,买盘
1748,11:00:21,5.86,0.0,23,13465,买盘
1749,11:00:24,5.86,0.0,128,74980,买盘
1750,11:00:28,5.86,0.0,7,4102,买盘
1751,11:00:30,5.86,0.0,37,21682,买盘
1752,11:00:34,5.85,-0.01,226,132210,卖盘
1753,11:00:37,5.86,0.01,44,25784,买盘
1754,11:00:42,5.85,-0.01,317,185745,卖盘
1755,11:00:45,5.86,0.01,323,189278,买盘
1756,11:00:48,5.85,-0.01,123,72018,卖盘
1757,11:00:55,5.86,0.01,75,43950,买盘
1758,11:01:01,5.86,0.0,57,33398,买盘
1759,11:01:04,5.85,-0.01,6,3510,卖盘
1760,11:01:07,5.86,0.01,21,12306,买盘
1761,11:01:09,5.86,0.0,35,20510,买盘
1762,11:01:15,5.86,0.0,30,17570,买盘
1763,11:01:18,5.86,0.0,21,12306,买盘
1764,11:01:27,5.86,0.0,269,157633,买盘
1765,11:01:31,5.86,0.0,143,83797,买盘
1766,11:01:33,5.86,0.0,11,6446,买盘
1767,11:01:36,5.86,0.0,389,227951,买盘
1768,11:01:39,5.85,-0.01,262,153522,卖盘
1769,11:01:42,5.86,0.01,21,12306,买盘
1770,11:01:45,5.86,0.0,199,116614,买盘
1771,11:01:51,5.86,0.0,120,70320,买盘
1772,11:01:54,5.86,0.0,29,16994,买盘
1773,11:01:57,5.86,0.0,81,47466,买盘
1774,11:02:00,5.85,-0.01,6,3510,卖盘
1775,11:02:04,5.85,0.0,26,15230,卖盘
1776,11:02:07,5.86,0.01,352,206260,买盘
1777,11:02:12,5.85,-0.01,66,38673,卖盘
1778,11:02:15,5.86,0.01,124,72642,买盘
1779,11:02:21,5.86,0.0,209,122468,买盘
1780,11:02:24,5.85,-0.01,13,7610,卖盘
1781,11:02:30,5.86,0.01,194,113614,买盘
1782,11:02:33,5.86,0.0,26,15230,买盘
1783,11:02:36,5.86,0.0,470,275420,买盘
1784,11:02:39,5.86,0.0,94,55084,买盘
1785,11:02:42,5.86,0.0,91,53326,买盘
1786,11:02:48,5.86,0.0,711,416646,卖盘
1787,11:02:51,5.86,0.0,46,26956,买盘
1788,11:02:54,5.86,0.0,8,4688,买盘
1789,11:02:57,5.86,0.0,78,45708,买盘
1790,11:03:01,5.86,0.0,445,260770,买盘
1791,11:03:04,5.86,0.0,108,63308,卖盘
1792,11:03:09,5.86,0.0,19,11134,卖盘
1793,11:03:12,5.86,0.0,1107,648710,卖盘
1794,11:03:15,5.86,0.0,101,59186,买盘
1795,11:03:18,5.86,0.0,20,11720,买盘
1796,11:03:22,5.86,0.0,80,46880,买盘
1797,11:03:24,5.86,0.0,32,18752,买盘
1798,11:03:27,5.86,0.0,236,138296,卖盘
1799,11:03:31,5.86,0.0,286,167596,买盘
1800,11:03:34,5.85,-0.01,10,5857,卖盘
1801,11:03:36,5.86,0.01,32,18754,卖盘
1802,11:03:39,5.86,0.0,77,45122,卖盘
1803,11:03:42,5.88,0.02,4630,2718879,买盘
1804,11:03:45,5.86,-0.02,25,14650,中性盘
1805,11:03:49,5.86,0.0,20,11720,卖盘
1806,11:03:55,5.88,0.02,11,6468,买盘
1807,11:03:57,5.86,-0.02,1018,598570,卖盘
1808,11:04:00,5.88,0.02,22,12916,买盘
1809,11:04:04,5.88,0.0,43,25264,买盘
1810,11:04:06,5.88,0.0,191,112296,买盘
1811,11:04:09,5.87,-0.01,65,38156,卖盘
1812,11:04:12,5.88,0.01,1111,653228,买盘
1813,11:04:15,5.88,0.0,393,230976,买盘
1814,11:04:19,5.87,-0.01,129,75817,卖盘
1815,11:04:21,5.88,0.01,93,54684,买盘
1816,11:04:24,5.87,-0.01,100,58700,卖盘
1817,11:04:28,5.88,0.01,6,3528,买盘
1818,11:04:31,5.88,0.0,55,32330,买盘
1819,11:04:34,5.88,0.0,170,99960,买盘
1820,11:04:36,5.88,0.0,27,15863,买盘
1821,11:04:39,5.88,0.0,61,35858,买盘
1822,11:04:42,5.88,0.0,94,55035,买盘
1823,11:04:46,5.87,-0.01,6,3522,卖盘
1824,11:04:49,5.88,0.01,54,31749,买盘
1825,11:04:51,5.88,0.0,29,17042,买盘
1826,11:04:54,5.88,0.0,174,102306,买盘
1827,11:04:58,5.88,0.0,101,59378,买盘
1828,11:05:01,5.88,0.0,230,135120,买盘
1829,11:05:04,5.87,-0.01,31,18217,卖盘
1830,11:05:06,5.88,0.01,153,89964,买盘
1831,11:05:09,5.88,0.0,201,118123,买盘
1832,11:05:12,5.88,0.0,235,138180,买盘
1833,11:05:15,5.88,0.0,195,114660,买盘
1834,11:05:19,5.88,0.0,74,43512,买盘
1835,11:05:22,5.88,0.0,103,60564,买盘
1836,11:05:24,5.88,0.0,190,111618,买盘
1837,11:05:27,5.87,-0.01,247,145234,卖盘
1838,11:05:30,5.88,0.01,5,2940,买盘
1839,11:05:34,5.87,-0.01,28,16436,卖盘
1840,11:05:37,5.87,0.0,522,306883,卖盘
1841,11:05:39,5.88,0.01,1305,767207,买盘
1842,11:05:42,5.87,-0.01,76,44648,卖盘
1843,11:05:46,5.87,0.0,22,12924,卖盘
1844,11:05:48,5.87,0.0,34,19980,卖盘
1845,11:05:51,5.88,0.01,269,157943,买盘
1846,11:05:54,5.88,0.0,41,24077,买盘
1847,11:05:58,5.87,-0.01,209,122883,卖盘
1848,11:06:00,5.87,0.0,29,17030,卖盘
1849,11:06:04,5.88,0.01,27,15876,买盘
1850,11:06:06,5.87,-0.01,81,47585,卖盘
1851,11:06:10,5.87,0.0,135,79297,卖盘
1852,11:06:12,5.87,0.0,70,41093,卖盘
1853,11:06:19,5.88,0.01,4,2352,买盘
1854,11:06:25,5.87,-0.01,127,74549,卖盘
1855,11:06:28,5.88,0.01,48,28179,买盘
1856,11:06:31,5.87,-0.01,907,532409,卖盘
1857,11:06:33,5.88,0.01,202,118716,买盘
1858,11:06:36,5.87,-0.01,54,31935,卖盘
1859,11:06:43,5.87,0.0,5,2935,买盘
1860,11:06:45,5.87,0.0,8,4696,买盘
1861,11:06:49,5.86,-0.01,121,70929,卖盘
1862,11:06:51,5.86,0.0,130,76186,卖盘
1863,11:06:55,5.86,0.0,233,136538,卖盘
1864,11:06:58,5.86,0.0,288,168771,卖盘
1865,11:07:00,5.86,0.0,578,338708,卖盘
1866,11:07:04,5.86,0.0,3,1758,买盘
1867,11:07:07,5.86,0.0,54,31638,买盘
1868,11:07:09,5.86,0.0,10,5860,买盘
1869,11:07:12,5.85,-0.01,275,160875,卖盘
1870,11:07:18,5.85,0.0,503,294255,卖盘
1871,11:07:21,5.85,0.0,267,156195,卖盘
1872,11:07:24,5.85,0.0,262,153270,卖盘
1873,11:07:28,5.85,0.0,10,5850,买盘
1874,11:07:31,5.85,0.0,10,5850,买盘
1875,11:07:37,5.85,0.0,183,107055,买盘
1876,11:07:39,5.84,-0.01,25,14607,卖盘
1877,11:07:42,5.85,0.01,12,7020,买盘
1878,11:07:45,5.85,0.0,4,2340,买盘
1879,11:07:48,5.85,0.0,170,99450,买盘
1880,11:07:52,5.84,-0.01,34,19876,卖盘
1881,11:07:55,5.85,0.01,14,8190,买盘
1882,11:08:01,5.84,-0.01,7,4088,卖盘
1883,11:08:04,5.84,0.0,20,11680,卖盘
1884,11:08:07,5.84,0.0,11,6424,卖盘
1885,11:08:12,5.85,0.01,10,5850,买盘
1886,11:08:18,5.85,0.0,150,87690,买盘
1887,11:08:21,5.85,0.0,6,3510,买盘
1888,11:08:27,5.85,0.0,111,64935,买盘
1889,11:08:30,5.85,0.0,2,1169,买盘
1890,11:08:33,5.84,-0.01,93,54325,卖盘
1891,11:08:43,5.84,0.0,18,10512,卖盘
1892,11:08:45,5.84,0.0,39,22801,卖盘
1893,11:08:51,5.84,0.0,277,161768,卖盘
1894,11:08:55,5.84,0.0,61,35684,卖盘
1895,11:09:00,5.84,0.0,75,43861,卖盘
1896,11:09:04,5.84,0.0,49,28616,卖盘
1897,11:09:07,5.84,0.0,266,155382,卖盘
1898,11:09:12,5.84,0.0,8,4438,卖盘
1899,11:09:15,5.84,0.0,94,54896,卖盘
1900,11:09:18,5.84,0.0,40,23360,卖盘
1901,11:09:25,5.84,0.0,40,23360,卖盘
1902,11:09:28,5.84,0.0,57,33288,卖盘
1903,11:09:30,5.85,0.01,121,70684,买盘
1904,11:09:36,5.84,-0.01,17,9928,卖盘
1905,11:09:39,5.84,0.0,15,8760,卖盘
1906,11:09:45,5.84,0.0,40,23360,卖盘
1907,11:09:51,5.84,0.0,40,23360,卖盘
1908,11:09:57,5.84,0.0,16,9344,卖盘
1909,11:10:00,5.84,0.0,10,5844,卖盘
1910,11:10:04,5.84,0.0,81,47335,卖盘
1911,11:10:06,5.84,0.0,142,82928,卖盘
1912,11:10:09,5.84,0.0,191,111591,卖盘
1913,11:10:12,5.84,0.0,250,146000,卖盘
1914,11:10:15,5.84,0.0,455,265720,卖盘
1915,11:10:18,5.84,0.0,551,322018,卖盘
1916,11:10:28,5.83,-0.01,40,23320,卖盘
1917,11:10:33,5.84,0.01,13,7592,买盘
1918,11:10:40,5.84,0.0,113,65672,买盘
1919,11:10:42,5.83,-0.01,22,13072,卖盘
1920,11:10:45,5.84,0.01,22,12848,买盘
1921,11:10:48,5.84,0.0,28,16352,买盘
1922,11:10:51,5.84,0.0,50,29200,买盘
1923,11:10:54,5.84,0.0,78,45552,买盘
1924,11:10:57,5.84,0.0,5,2920,买盘
1925,11:11:04,5.83,-0.01,117,68271,卖盘
1926,11:11:06,5.84,0.01,13,7592,买盘
1927,11:11:09,5.83,-0.01,11,6418,卖盘
1928,11:11:12,5.84,0.01,89,51937,买盘
1929,11:11:15,5.83,-0.01,39,22737,卖盘
1930,11:11:19,5.84,0.01,122,71136,买盘
1931,11:11:22,5.84,0.0,30,17520,买盘
1932,11:11:25,5.83,-0.01,67,39083,卖盘
1933,11:11:27,5.83,0.0,24,14006,卖盘
1934,11:11:31,5.83,0.0,33,19239,卖盘
1935,11:11:34,5.83,0.0,17,9911,卖盘
1936,11:11:36,5.83,0.0,2,1166,卖盘
1937,11:11:40,5.84,0.01,240,140120,买盘
1938,11:11:42,5.83,-0.01,116,67628,卖盘
1939,11:11:45,5.83,0.0,504,293837,卖盘
1940,11:11:49,5.83,0.0,18,10494,卖盘
1941,11:11:52,5.83,0.0,151,88033,卖盘
1942,11:11:54,5.83,0.0,38,22154,卖盘
1943,11:11:57,5.83,0.0,205,119515,卖盘
1944,11:12:00,5.83,0.0,322,187726,卖盘
1945,11:12:03,5.83,0.0,29,16907,卖盘
1946,11:12:06,5.83,0.0,127,74041,卖盘
1947,11:12:10,5.84,0.01,176,102616,买盘
1948,11:12:12,5.83,-0.01,103,60049,卖盘
1949,11:12:15,5.83,0.0,50,29150,卖盘
1950,11:12:18,5.84,0.01,272,158579,买盘
1951,11:12:22,5.83,-0.01,20,11660,卖盘
1952,11:12:24,5.83,0.0,445,259435,卖盘
1953,11:12:28,5.83,0.0,13,7579,买盘
1954,11:12:33,5.84,0.01,118,68816,买盘
1955,11:12:37,5.83,-0.01,143,83369,卖盘
1956,11:12:40,5.83,0.0,110,64130,卖盘
1957,11:12:45,5.83,0.0,20,11660,卖盘
1958,11:12:49,5.83,0.0,76,44308,卖盘
1959,11:12:51,5.83,0.0,12,7002,卖盘
1960,11:12:55,5.83,0.0,2,1166,卖盘
1961,11:12:57,5.83,0.0,216,125928,卖盘
1962,11:13:00,5.83,0.0,20,11660,卖盘
1963,11:13:04,5.83,0.0,25,14575,买盘
1964,11:13:06,5.83,0.0,81,47171,买盘
1965,11:13:09,5.83,0.0,70,40813,卖盘
1966,11:13:12,5.82,-0.01,16,9327,卖盘
1967,11:13:15,5.83,0.01,15,8745,买盘
1968,11:13:21,5.82,-0.01,50,29147,卖盘
1969,11:13:24,5.83,0.01,38,22154,买盘
1970,11:13:30,5.83,0.0,50,29150,卖盘
1971,11:13:34,5.82,-0.01,106,61751,卖盘
1972,11:13:37,5.83,0.01,40,23320,买盘
1973,11:13:39,5.83,0.0,197,114851,买盘
1974,11:13:45,5.82,-0.01,36,20985,卖盘
1975,11:13:48,5.83,0.01,532,309647,买盘
1976,11:13:51,5.82,-0.01,109,63455,卖盘
1977,11:13:54,5.82,0.0,4,2328,卖盘
1978,11:13:57,5.83,0.01,282,164366,买盘
1979,11:14:01,5.83,0.0,41,23903,卖盘
1980,11:14:06,5.83,0.0,287,167321,卖盘
1981,11:14:09,5.82,-0.01,7,4074,卖盘
1982,11:14:15,5.82,0.0,146,85012,卖盘
1983,11:14:24,5.82,0.0,210,122220,卖盘
1984,11:14:28,5.82,0.0,10,5820,卖盘
1985,11:14:30,5.83,0.01,8,4664,买盘
1986,11:14:33,5.83,0.0,14,8149,买盘
1987,11:14:36,5.82,-0.01,4,2328,卖盘
1988,11:14:40,5.82,0.0,20,11640,卖盘
1989,11:14:43,5.82,0.0,300,174600,卖盘
1990,11:14:46,5.82,0.0,172,100104,卖盘
1991,11:14:48,5.82,0.0,50,29100,卖盘
1992,11:14:51,5.82,0.0,61,35502,卖盘
1993,11:14:57,5.83,0.01,210,122235,买盘
1994,11:15:00,5.82,-0.01,80,46560,卖盘
1995,11:15:04,5.82,0.0,92,53544,卖盘
1996,11:15:07,5.82,0.0,9,5238,卖盘
1997,11:15:09,5.83,0.01,294,171340,买盘
1998,11:15:15,5.82,-0.01,614,357348,卖盘
1999,11:15:18,5.82,0.0,35,20370,卖盘
2000,11:15:21,5.82,0.0,116,67528,卖盘
2001,11:15:24,5.82,0.0,43,25029,卖盘
2002,11:15:27,5.82,0.0,170,98940,卖盘
2003,11:15:30,5.82,0.0,63,36666,卖盘
2004,11:15:33,5.82,0.0,70,40760,卖盘
2005,11:15:36,5.82,0.0,10,5820,卖盘
2006,11:15:39,5.82,0.0,153,89046,卖盘
2007,11:15:42,5.82,0.0,21,12222,卖盘
2008,11:15:45,5.82,0.0,55,32015,卖盘
2009,11:15:48,5.82,0.0,115,66930,卖盘
2010,11:15:51,5.82,0.0,17,9901,卖盘
2011,11:15:54,5.82,0.0,2,1164,卖盘
2012,11:15:58,5.83,0.01,142,82766,买盘
2013,11:16:00,5.82,-0.01,181,105342,卖盘
2014,11:16:03,5.83,0.01,40,23320,买盘
2015,11:16:06,5.82,-0.01,166,96767,卖盘
2016,11:16:12,5.82,0.0,19,11060,卖盘
2017,11:16:15,5.83,0.01,33,19239,买盘
2018,11:16:18,5.82,-0.01,6,3492,卖盘
2019,11:16:21,5.82,0.0,9,5238,卖盘
2020,11:16:24,5.82,0.0,30,17460,卖盘
2021,11:16:27,5.83,0.01,263,153313,买盘
2022,11:16:30,5.83,0.0,52,30316,买盘
2023,11:16:33,5.83,0.0,83,48309,买盘
2024,11:16:42,5.82,-0.01,11,6402,卖盘
2025,11:16:48,5.82,0.0,57,33179,卖盘
2026,11:16:54,5.82,0.0,100,58200,卖盘
2027,11:16:57,5.82,0.0,35,20370,卖盘
2028,11:17:00,5.83,0.01,75,43676,买盘
2029,11:17:10,5.82,-0.01,12,6989,卖盘
2030,11:17:12,5.82,0.0,1906,1109176,卖盘
2031,11:17:15,5.82,0.0,22,12804,买盘
2032,11:17:18,5.82,0.0,31,18042,买盘
2033,11:17:21,5.82,0.0,210,122166,买盘
2034,11:17:25,5.82,0.0,78,45376,买盘
2035,11:17:27,5.82,0.0,33,19206,买盘
2036,11:17:30,5.81,-0.01,57,33170,卖盘
2037,11:17:33,5.82,0.01,181,105342,买盘
2038,11:17:39,5.82,0.0,104,60644,买盘
2039,11:17:42,5.82,0.0,37,21534,卖盘
2040,11:17:45,5.82,0.0,263,153088,卖盘
2041,11:17:48,5.82,0.0,29,16878,中性盘
2042,11:17:54,5.82,0.0,42,24444,买盘
2043,11:17:57,5.82,0.0,186,108252,卖盘
2044,11:18:00,5.82,0.0,125,72744,买盘
2045,11:18:04,5.82,0.0,40,23280,卖盘
2046,11:18:06,5.82,0.0,13,7566,卖盘
2047,11:18:09,5.83,0.01,4,2332,买盘
2048,11:18:12,5.83,0.0,84,48972,买盘
2049,11:18:18,5.82,-0.01,3,1746,卖盘
2050,11:18:21,5.82,0.0,50,29100,卖盘
2051,11:18:24,5.82,0.0,139,80898,卖盘
2052,11:18:27,5.82,0.0,30,17460,卖盘
2053,11:18:30,5.82,0.0,227,132209,卖盘
2054,11:18:33,5.82,0.0,13,7566,卖盘
2055,11:18:39,5.83,0.01,225,130975,买盘
2056,11:18:42,5.83,0.0,15,8745,买盘
2057,11:18:45,5.82,-0.01,22,12804,卖盘
2058,11:18:48,5.82,0.0,175,101964,卖盘
2059,11:18:51,5.82,0.0,4,2328,卖盘
2060,11:18:54,5.82,0.0,170,98940,卖盘
2061,11:19:00,5.82,0.0,19,11067,卖盘
2062,11:19:03,5.82,0.0,119,69268,卖盘
2063,11:19:06,5.82,0.0,25,14561,卖盘
2064,11:19:09,5.83,0.01,17,9906,买盘
2065,11:19:15,5.82,-0.01,408,237535,卖盘
2066,11:19:19,5.82,0.0,28,16296,卖盘
2067,11:19:21,5.82,0.0,43,25026,卖盘
2068,11:19:24,5.83,0.01,4,2332,买盘
2069,11:19:27,5.82,-0.01,6,3492,卖盘
2070,11:19:36,5.83,0.01,159,92540,买盘
2071,11:19:39,5.83,0.0,3,1749,买盘
2072,11:19:42,5.83,0.0,1,583,买盘
2073,11:19:45,5.82,-0.01,25,14550,卖盘
2074,11:19:48,5.82,0.0,20,11640,卖盘
2075,11:19:51,5.83,0.01,105,61215,买盘
2076,11:19:54,5.82,-0.01,250,145500,卖盘
2077,11:19:57,5.83,0.01,11,6413,买盘
2078,11:20:04,5.83,0.0,18,10487,买盘
2079,11:20:09,5.83,0.0,161,93855,买盘
2080,11:20:12,5.83,0.0,10,5830,买盘
2081,11:20:18,5.83,0.0,143,83286,买盘
2082,11:20:21,5.83,0.0,101,58883,买盘
2083,11:20:33,5.83,0.0,11,6413,买盘
2084,11:20:36,5.82,-0.01,21,12223,卖盘
2085,11:20:39,5.83,0.01,38,22154,买盘
2086,11:20:42,5.83,0.0,3,1749,买盘
2087,11:20:48,5.83,0.0,4,2332,买盘
2088,11:20:51,5.82,-0.01,20,11640,卖盘
2089,11:20:54,5.82,0.0,11,6402,卖盘
2090,11:20:57,5.83,0.01,93,54219,买盘
2091,11:21:01,5.82,-0.01,35,20402,卖盘
2092,11:21:04,5.83,0.01,37,21549,买盘
2093,11:21:06,5.83,0.0,113,65879,买盘
2094,11:21:13,5.83,0.0,87,50721,买盘
2095,11:21:15,5.83,0.0,20,11660,买盘
2096,11:21:21,5.83,0.0,42,24486,买盘
2097,11:21:27,5.83,0.0,100,58300,买盘
2098,11:21:30,5.83,0.0,32,18656,买盘
2099,11:21:33,5.83,0.0,37,21571,买盘
2100,11:21:36,5.82,-0.01,303,176646,卖盘
2101,11:21:39,5.83,0.01,20,11660,买盘
2102,11:21:42,5.83,0.0,1,583,买盘
2103,11:21:45,5.83,0.0,330,192390,买盘
2104,11:21:51,5.83,0.0,21,12243,买盘
2105,11:21:54,5.83,0.0,389,226787,买盘
2106,11:21:57,5.83,0.0,2,1166,买盘
2107,11:22:01,5.82,-0.01,24,13970,卖盘
2108,11:22:04,5.83,0.01,9,5241,买盘
2109,11:22:06,5.82,-0.01,86,50062,卖盘
2110,11:22:09,5.83,0.01,289,168481,买盘
2111,11:22:15,5.83,0.0,33,19239,买盘
2112,11:22:18,5.83,0.0,40,23320,买盘
2113,11:22:21,5.82,-0.01,112,65207,卖盘
2114,11:22:27,5.83,0.01,20,11660,买盘
2115,11:22:30,5.82,-0.01,3050,1775100,卖盘
2116,11:22:33,5.83,0.01,55,32040,买盘
2117,11:22:36,5.83,0.0,54,31482,买盘
2118,11:22:39,5.83,0.0,10,5830,买盘
2119,11:22:45,5.83,0.0,25,14575,买盘
2120,11:22:48,5.82,-0.01,72,41965,卖盘
2121,11:22:51,5.83,0.01,62,36146,买盘
2122,11:22:54,5.82,-0.01,5,2910,卖盘
2123,11:22:57,5.83,0.01,5,2681,买盘
2124,11:23:04,5.82,-0.01,8,4656,卖盘
2125,11:23:09,5.83,0.01,2,1166,买盘
2126,11:23:12,5.83,0.0,9,5247,买盘
2127,11:23:18,5.83,0.0,40,23320,买盘
2128,11:23:28,5.83,0.0,20,11660,买盘
2129,11:23:31,5.82,-0.01,19,11058,卖盘
2130,11:23:36,5.83,0.01,29,16900,买盘
2131,11:23:39,5.82,-0.01,10,5820,卖盘
2132,11:23:42,5.82,0.0,850,494700,卖盘
2133,11:23:48,5.83,0.01,39,22736,买盘
2134,11:23:51,5.82,-0.01,10,5820,卖盘
2135,11:23:57,5.82,0.0,1,582,卖盘
2136,11:24:01,5.83,0.01,85,49490,买盘
2137,11:24:04,5.82,-0.01,251,146319,卖盘
2138,11:24:06,5.82,0.0,441,256662,买盘
2139,11:24:09,5.81,-0.01,29,16869,卖盘
2140,11:24:12,5.81,0.0,1,581,卖盘
2141,11:24:15,5.82,0.01,10,5820,买盘
2142,11:24:19,5.81,-0.01,10,5810,卖盘
2143,11:24:25,5.82,0.01,30,17459,买盘
2144,11:24:28,5.81,-0.01,20,11620,卖盘
2145,11:24:31,5.81,0.0,1,581,卖盘
2146,11:24:34,5.81,0.0,223,129563,卖盘
2147,11:24:37,5.81,0.0,118,68558,卖盘
2148,11:24:39,5.81,0.0,11,6401,卖盘
2149,11:24:42,5.81,0.0,103,59858,卖盘
2150,11:24:45,5.81,0.0,154,89474,卖盘
2151,11:24:49,5.81,0.0,834,485122,卖盘
2152,11:24:52,5.81,0.0,2162,1256122,卖盘
2153,11:24:54,5.81,0.0,30,17430,卖盘
2154,11:24:57,5.81,0.0,229,133049,卖盘
2155,11:25:00,5.81,0.0,2,1162,卖盘
2156,11:25:03,5.81,0.0,3245,1885577,卖盘
2157,11:25:07,5.81,0.0,36,20916,买盘
2158,11:25:10,5.81,0.0,70,40631,买盘
2159,11:25:12,5.8,-0.01,40,23200,卖盘
2160,11:25:16,5.81,0.01,10,5805,买盘
2161,11:25:19,5.8,-0.01,76,44080,卖盘
2162,11:25:21,5.8,0.0,4128,2394244,卖盘
2163,11:25:24,5.8,0.0,281,163017,卖盘
2164,11:25:28,5.8,0.0,1225,710500,卖盘
2165,11:25:30,5.8,0.0,142,82360,卖盘
2166,11:25:33,5.8,0.0,269,156020,卖盘
2167,11:25:36,5.8,0.0,268,155285,买盘
2168,11:25:40,5.8,0.0,1211,702379,买盘
2169,11:25:42,5.8,0.0,34,19720,卖盘
2170,11:25:46,5.8,0.0,209,121220,卖盘
2171,11:25:49,5.8,0.0,88,51040,卖盘
2172,11:25:52,5.8,0.0,203,117740,卖盘
2173,11:25:54,5.8,0.0,108,62670,卖盘
2174,11:25:57,5.8,0.0,11,6380,卖盘
2175,11:26:00,5.8,0.0,205,118900,卖盘
2176,11:26:04,5.8,0.0,96,55680,卖盘
2177,11:26:07,5.8,0.0,87,50460,卖盘
2178,11:26:09,5.8,0.0,1067,618860,卖盘
2179,11:26:12,5.8,0.0,142,82360,卖盘
2180,11:26:15,5.8,0.0,338,196090,卖盘
2181,11:26:19,5.8,0.0,88,51083,卖盘
2182,11:26:22,5.8,0.0,42,24360,卖盘
2183,11:26:25,5.8,0.0,1425,826500,卖盘
2184,11:26:28,5.81,0.01,372,215907,买盘
2185,11:26:31,5.8,-0.01,642,372360,卖盘
2186,11:26:34,5.79,-0.01,90,52199,卖盘
2187,11:26:36,5.81,0.02,143,82980,买盘
2188,11:26:43,5.8,-0.01,56,32480,卖盘
2189,11:26:46,5.81,0.01,30,17429,买盘
2190,11:26:49,5.8,-0.01,382,221560,卖盘
2191,11:26:52,5.8,0.0,106,61480,买盘
2192,11:26:55,5.8,0.0,76,44079,买盘
2193,11:26:57,5.8,0.0,98,56839,买盘
2194,11:27:01,5.8,0.0,543,314930,买盘
2195,11:27:04,5.8,0.0,126,72989,买盘
2196,11:27:07,5.8,0.0,699,405332,买盘
2197,11:27:10,5.8,0.0,203,117689,买盘
2198,11:27:13,5.79,-0.01,90,52151,卖盘
2199,11:27:16,5.8,0.01,109,62872,卖盘
2200,11:27:19,5.8,0.0,172,99760,卖盘
2201,11:27:22,5.8,0.0,173,100340,卖盘
2202,11:27:24,5.8,0.0,8,4640,卖盘
2203,11:27:28,5.8,0.0,17,9860,卖盘
2204,11:27:30,5.81,0.01,9,5229,买盘
2205,11:27:34,5.8,-0.01,49,28420,卖盘
2206,11:27:37,5.81,0.01,7,4067,买盘
2207,11:27:40,5.81,0.0,29,16849,买盘
2208,11:27:42,5.8,-0.01,63,36580,卖盘
2209,11:27:46,5.8,0.0,85,49320,卖盘
2210,11:27:49,5.8,0.0,127,73672,卖盘
2211,11:27:51,5.81,0.01,19,11033,买盘
2212,11:27:54,5.8,-0.01,45,26100,卖盘
2213,11:27:58,5.8,0.0,171,99180,卖盘
2214,11:28:01,5.8,0.0,89,51680,卖盘
2215,11:28:04,5.8,0.0,61,35380,卖盘
2216,11:28:06,5.8,0.0,65,37700,卖盘
2217,11:28:10,5.8,0.0,33,19140,卖盘
2218,11:28:13,5.8,0.0,1,580,卖盘
2219,11:28:16,5.8,0.0,115,66765,卖盘
2220,11:28:22,5.8,0.0,92,53370,卖盘
2221,11:28:24,5.8,0.0,1,580,卖盘
2222,11:28:27,5.8,0.0,6,3480,卖盘
2223,11:28:34,5.8,0.0,15,8701,卖盘
2224,11:28:36,5.8,0.0,11,6380,卖盘
2225,11:28:39,5.8,0.0,30,17410,卖盘
2226,11:28:42,5.81,0.01,31,17981,买盘
2227,11:28:46,5.8,-0.01,81,47011,卖盘
2228,11:28:48,5.8,0.0,52,30160,卖盘
2229,11:28:51,5.81,0.01,33,19173,买盘
2230,11:28:54,5.81,0.0,70,40670,买盘
2231,11:28:57,5.81,0.0,58,33697,买盘
2232,11:29:01,5.81,0.0,128,74368,买盘
2233,11:29:04,5.81,0.0,33,19173,买盘
2234,11:29:07,5.8,-0.01,87,50470,卖盘
2235,11:29:10,5.8,0.0,1,580,卖盘
2236,11:29:13,5.8,0.0,30,17400,卖盘
2237,11:29:15,5.8,0.0,10,5800,卖盘
2238,11:29:19,5.81,0.01,185,107387,买盘
2239,11:29:22,5.79,-0.02,1566,908627,卖盘
2240,11:29:25,5.8,0.01,34,19720,买盘
2241,11:29:28,5.8,0.0,15,8700,买盘
2242,11:29:31,5.8,0.0,155,89900,买盘
2243,11:29:33,5.8,0.0,203,117740,买盘
2244,11:29:36,5.8,0.0,99,57420,买盘
2245,11:29:39,5.79,-0.01,56,32479,卖盘
2246,11:29:42,5.79,0.0,12,6948,卖盘
2247,11:29:45,5.79,0.0,38,22010,卖盘
2248,11:29:48,5.8,0.01,7,4058,买盘
2249,11:29:51,5.8,0.0,111,64380,买盘
2250,11:29:54,5.8,0.0,20,11600,买盘
2251,11:30:01,5.79,-0.01,117,67843,卖盘
2252,13:00:01,5.79,0.0,71,41129,卖盘
2253,13:00:05,5.79,0.0,3353,1942209,卖盘
2254,13:00:07,5.79,0.0,47,27215,卖盘
2255,13:00:10,5.79,0.0,13,7527,卖盘
2256,13:00:12,5.79,0.0,226,130507,卖盘
2257,13:00:15,5.79,0.0,13,7527,卖盘
2258,13:00:18,5.8,0.01,43,24940,买盘
2259,13:00:22,5.79,-0.01,27,15633,卖盘
2260,13:00:25,5.8,0.01,75,43463,买盘
2261,13:00:31,5.8,0.0,2,1160,买盘
2262,13:00:34,5.79,-0.01,71,41113,卖盘
2263,13:00:37,5.8,0.01,196,113649,买盘
2264,13:00:40,5.8,0.0,15,8696,买盘
2265,13:00:43,5.79,-0.01,185,107115,卖盘
2266,13:00:45,5.8,0.01,15,8700,买盘
2267,13:00:51,5.8,0.0,21,12160,买盘
2268,13:00:54,5.79,-0.01,50,28950,卖盘
2269,13:00:57,5.8,0.01,343,198906,买盘
2270,13:01:00,5.79,-0.01,2,1158,卖盘
2271,13:01:04,5.79,0.0,536,310355,卖盘
2272,13:01:06,5.79,0.0,46,26673,卖盘
2273,13:01:09,5.79,0.0,51,29550,卖盘
2274,13:01:13,5.8,0.01,30,17380,买盘
2275,13:01:27,5.8,0.0,54,31308,买盘
2276,13:01:30,5.8,0.0,216,125080,买盘
2277,13:01:33,5.79,-0.01,90,52110,卖盘
2278,13:01:36,5.79,0.0,855,495045,卖盘
2279,13:01:39,5.8,0.01,20,11600,买盘
2280,13:01:42,5.8,0.0,99,57330,买盘
2281,13:01:45,5.79,-0.01,340,197000,卖盘
2282,13:01:48,5.79,0.0,10,5790,卖盘
2283,13:01:51,5.8,0.01,125,72400,买盘
2284,13:01:54,5.79,-0.01,80,46320,卖盘
2285,13:01:57,5.8,0.01,50,29000,买盘
2286,13:02:00,5.8,0.0,300,174000,买盘
2287,13:02:04,5.8,0.0,49,28412,买盘
2288,13:02:06,5.79,-0.01,33,19107,卖盘
2289,13:02:09,5.79,0.0,427,247233,卖盘
2290,13:02:12,5.79,0.0,14,8111,卖盘
2291,13:02:15,5.8,0.01,10,5800,买盘
2292,13:02:18,5.79,-0.01,5,2895,卖盘
2293,13:02:21,5.8,0.01,319,184779,买盘
2294,13:02:24,5.79,-0.01,26,15054,卖盘
2295,13:02:30,5.8,0.01,102,59079,买盘
2296,13:02:33,5.79,-0.01,182,105378,卖盘
2297,13:02:39,5.79,0.0,73,42267,卖盘
2298,13:02:42,5.79,0.0,10,5790,卖盘
2299,13:02:45,5.79,0.0,5,2779,卖盘
2300,13:02:48,5.79,0.0,10,5790,卖盘
2301,13:02:54,5.79,0.0,10,5790,卖盘
2302,13:02:57,5.79,0.0,16,9264,卖盘
2303,13:03:04,5.79,0.0,1,579,卖盘
2304,13:03:07,5.8,0.01,113,65530,买盘
2305,13:03:09,5.79,-0.01,129,74691,卖盘
2306,13:03:12,5.8,0.01,81,46980,买盘
2307,13:03:16,5.8,0.0,20,11600,买盘
2308,13:03:19,5.79,-0.01,22,12740,卖盘
2309,13:03:21,5.79,0.0,30,17370,卖盘
2310,13:03:24,5.79,0.0,100,57900,卖盘
2311,13:03:27,5.79,0.0,34,19686,卖盘
2312,13:03:31,5.79,0.0,29,16791,卖盘
2313,13:03:34,5.8,0.01,9,5220,买盘
2314,13:03:37,5.8,0.0,115,66605,买盘
2315,13:03:39,5.8,0.0,91,52723,买盘
2316,13:03:42,5.79,-0.01,16,9264,卖盘
2317,13:03:45,5.79,0.0,24,13896,卖盘
2318,13:03:48,5.8,0.01,30,17400,买盘
2319,13:03:51,5.79,-0.01,29,16791,卖盘
2320,13:03:54,5.79,0.0,344,199176,卖盘
2321,13:03:57,5.79,0.0,43,24900,卖盘
2322,13:04:00,5.79,0.0,82,47478,卖盘
2323,13:04:04,5.8,0.01,77,44638,买盘
2324,13:04:09,5.8,0.0,20,11600,买盘
2325,13:04:12,5.8,0.0,720,416889,买盘
2326,13:04:15,5.8,0.0,29,16820,买盘
2327,13:04:18,5.79,-0.01,14,8110,卖盘
2328,13:04:21,5.8,0.01,56,32474,买盘
2329,13:04:25,5.8,0.0,31,17974,买盘
2330,13:04:27,5.8,0.0,8,4640,买盘
2331,13:04:30,5.79,-0.01,74,42846,卖盘
2332,13:04:33,5.79,0.0,17,9843,卖盘
2333,13:04:39,5.8,0.01,110,63800,买盘
2334,13:04:42,5.79,-0.01,17,9843,卖盘
2335,13:04:45,5.79,0.0,10,5790,卖盘
2336,13:04:48,5.79,0.0,165,95610,卖盘
2337,13:04:51,5.79,0.0,351,203235,卖盘
2338,13:04:55,5.79,0.0,40,23160,卖盘
2339,13:05:01,5.8,0.01,20,11600,买盘
2340,13:05:04,5.79,-0.01,105,60795,卖盘
2341,13:05:07,5.79,0.0,4,2316,卖盘
2342,13:05:09,5.79,0.0,50,28960,卖盘
2343,13:05:12,5.79,0.0,96,55584,卖盘
2344,13:05:15,5.8,0.01,40,23185,买盘
2345,13:05:19,5.8,0.0,101,58480,买盘
2346,13:05:22,5.79,-0.01,10,5790,卖盘
2347,13:05:25,5.8,0.01,60,34800,买盘
2348,13:05:27,5.8,0.0,133,77115,买盘
2349,13:05:30,5.8,0.0,30,17400,买盘
2350,13:05:33,5.8,0.0,231,133980,买盘
2351,13:05:36,5.8,0.0,1067,618840,买盘
2352,13:05:40,5.8,0.0,76,44080,买盘
2353,13:05:42,5.8,0.0,243,140940,买盘
2354,13:05:46,5.8,0.0,53,30972,买盘
2355,13:05:48,5.8,0.0,50,29000,卖盘
2356,13:05:51,5.81,0.01,6,3486,买盘
2357,13:05:54,5.81,0.0,6,3486,买盘
2358,13:05:57,5.81,0.0,69,40089,买盘
2359,13:06:00,5.81,0.0,35,20305,买盘
2360,13:06:04,5.8,-0.01,7,4060,卖盘
2361,13:06:07,5.8,0.0,106,61514,卖盘
2362,13:06:10,5.8,0.0,13,7540,卖盘
2363,13:06:12,5.81,0.01,2,1162,买盘
2364,13:06:15,5.81,0.0,23,13355,买盘
2365,13:06:18,5.81,0.0,100,58100,买盘
2366,13:06:21,5.81,0.0,16,9296,买盘
2367,13:06:25,5.8,-0.01,248,144066,卖盘
2368,13:06:27,5.81,0.01,70,40650,买盘
2369,13:06:33,5.81,0.0,51,29631,买盘
2370,13:06:37,5.81,0.0,140,81329,买盘
2371,13:06:40,5.81,0.0,16,9296,买盘
2372,13:06:43,5.8,-0.01,1,580,卖盘
2373,13:06:46,5.81,0.01,13,7553,买盘
2374,13:06:49,5.8,-0.01,70,40650,卖盘
2375,13:06:51,5.81,0.01,80,46480,买盘
2376,13:06:54,5.81,0.0,356,206833,买盘
2377,13:06:57,5.81,0.0,99,57287,买盘
2378,13:07:00,5.81,0.0,46,26726,卖盘
2379,13:07:04,5.81,0.0,28,16268,卖盘
2380,13:07:07,5.81,0.0,32,18592,卖盘
2381,13:07:09,5.81,0.0,192,111582,卖盘
2382,13:07:12,5.81,0.0,363,210915,卖盘
2383,13:07:16,5.82,0.01,36,20942,买盘
2384,13:07:19,5.82,0.0,27,15714,买盘
2385,13:07:24,5.82,0.0,105,61040,买盘
2386,13:07:31,5.82,0.0,2,1164,买盘
2387,13:07:33,5.82,0.0,614,357348,买盘
2388,13:07:36,5.82,0.0,9,5238,买盘
2389,13:07:40,5.82,0.0,133,77406,买盘
2390,13:07:42,5.82,0.0,85,49470,买盘
2391,13:07:46,5.82,0.0,38,22116,买盘
2392,13:07:48,5.82,0.0,75,43650,卖盘
2393,13:07:51,5.82,0.0,20,11640,买盘
2394,13:07:55,5.82,0.0,744,432275,买盘
2395,13:07:58,5.82,0.0,28,16292,买盘
2396,13:08:01,5.82,0.0,61,35477,买盘
2397,13:08:04,5.82,0.0,109,63432,买盘
2398,13:08:06,5.82,0.0,126,73332,买盘
2399,13:08:10,5.82,0.0,39,22698,买盘
2400,13:08:13,5.82,0.0,170,98930,买盘
2401,13:08:16,5.81,-0.01,18,10463,卖盘
2402,13:08:18,5.82,0.01,49,28474,买盘
2403,13:08:24,5.82,0.0,27,15704,买盘
2404,13:08:27,5.82,0.0,112,65172,买盘
2405,13:08:33,5.82,0.0,1414,821838,买盘
2406,13:08:37,5.8,-0.02,4,2320,卖盘
2407,13:08:43,5.81,0.01,5,2905,中性盘
2408,13:08:45,5.81,0.0,18,10458,买盘
2409,13:08:51,5.8,-0.01,268,155508,卖盘
2410,13:08:54,5.81,0.01,2,1162,买盘
2411,13:08:57,5.81,0.0,85,49385,买盘
2412,13:09:00,5.8,-0.01,54,31365,卖盘
2413,13:09:04,5.81,0.01,72,41810,买盘
2414,13:09:06,5.81,0.0,386,223930,买盘
2415,13:09:10,5.81,0.0,2,1162,买盘
2416,13:09:13,5.8,-0.01,71,41247,卖盘
2417,13:09:16,5.81,0.01,45,26145,买盘
2418,13:09:18,5.8,-0.01,60,34814,卖盘
2419,13:09:21,5.81,0.01,51,29652,中性盘
2420,13:09:27,5.82,0.01,17,9894,买盘
2421,13:09:30,5.82,0.0,10,5820,买盘
2422,13:09:36,5.81,-0.01,20,11620,卖盘
2423,13:09:43,5.82,0.01,2,1164,买盘
2424,13:09:46,5.81,-0.01,87,50547,卖盘
2425,13:09:48,5.82,0.01,53,30796,买盘
2426,13:09:57,5.81,-0.01,17,9887,卖盘
2427,13:10:00,5.81,0.0,1,581,卖盘
2428,13:10:04,5.81,0.0,44,25601,卖盘
2429,13:10:07,5.82,0.01,11,6402,买盘
2430,13:10:09,5.81,-0.01,184,106938,卖盘
2431,13:10:12,5.82,0.01,14,8139,买盘
2432,13:10:15,5.82,0.0,16,9312,买盘
2433,13:10:21,5.82,0.0,74,43064,买盘
2434,13:10:24,5.82,0.0,37,21528,买盘
2435,13:10:31,5.82,0.0,19,11058,买盘
2436,13:10:34,5.82,0.0,80,46549,买盘
2437,13:10:36,5.82,0.0,138,80190,买盘
2438,13:10:39,5.82,0.0,518,301023,买盘
2439,13:10:42,5.81,-0.01,63,36652,卖盘
2440,13:10:46,5.81,0.0,41,23805,卖盘
2441,13:10:51,5.81,0.0,22,12782,买盘
2442,13:10:54,5.8,-0.01,100,58000,卖盘
2443,13:10:58,5.8,0.0,89,51641,卖盘
2444,13:11:01,5.8,0.0,123,71443,卖盘
2445,13:11:04,5.8,0.0,71,41187,卖盘
2446,13:11:07,5.8,0.0,54,31324,卖盘
2447,13:11:09,5.8,0.0,24,13921,卖盘
2448,13:11:12,5.8,0.0,375,217500,卖盘
2449,13:11:16,5.8,0.0,61,35380,卖盘
2450,13:11:18,5.8,0.0,641,371780,卖盘
2451,13:11:21,5.8,0.0,160,92800,卖盘
2452,13:11:24,5.8,0.0,84,48660,买盘
2453,13:11:31,5.8,0.0,21,12180,买盘
2454,13:11:34,5.79,-0.01,78,45180,卖盘
2455,13:11:36,5.8,0.01,51,29580,买盘
2456,13:11:39,5.8,0.0,529,306300,买盘
2457,13:11:42,5.79,-0.01,137,79363,卖盘
2458,13:11:46,5.79,0.0,11,6369,卖盘
2459,13:11:51,5.79,0.0,461,266947,卖盘
2460,13:11:54,5.79,0.0,390,225810,卖盘
2461,13:11:57,5.8,0.01,14,8120,买盘
2462,13:12:04,5.79,-0.01,26,15054,卖盘
2463,13:12:06,5.79,0.0,5,2895,卖盘
2464,13:12:12,5.79,0.0,38,22022,卖盘
2465,13:12:15,5.8,0.01,50,29000,买盘
2466,13:12:18,5.79,-0.01,10,5790,卖盘
2467,13:12:21,5.8,0.01,41,23762,买盘
2468,13:12:24,5.8,0.0,151,87545,买盘
2469,13:12:27,5.79,-0.01,39,22591,卖盘
2470,13:12:30,5.8,0.01,121,70180,买盘
2471,13:12:33,5.79,-0.01,193,111860,卖盘
2472,13:12:37,5.79,0.0,368,213078,卖盘
2473,13:12:39,5.8,0.01,247,143260,买盘
2474,13:12:42,5.8,0.0,111,64375,买盘
2475,13:12:45,5.8,0.0,219,127019,买盘
2476,13:12:49,5.8,0.0,50,29000,买盘
2477,13:12:52,5.8,0.0,334,193566,买盘
2478,13:12:55,5.8,0.0,5,2900,卖盘
2479,13:12:58,5.81,0.01,1,581,买盘
2480,13:13:04,5.81,0.0,4,2324,买盘
2481,13:13:07,5.81,0.0,6,3486,买盘
2482,13:13:10,5.81,0.0,31,17982,买盘
2483,13:13:13,5.81,0.0,10,5810,买盘
2484,13:13:19,5.81,0.0,27,15687,买盘
2485,13:13:22,5.8,-0.01,94,54521,卖盘
2486,13:13:25,5.8,0.0,24,13920,卖盘
2487,13:13:28,5.81,0.01,12,6972,买盘
2488,13:13:30,5.8,-0.01,72,41828,卖盘
2489,13:13:34,5.81,0.01,34,19754,买盘
2490,13:13:37,5.81,0.0,185,107485,买盘
2491,13:13:39,5.81,0.0,30,17430,买盘
2492,13:13:42,5.81,0.0,67,38917,买盘
2493,13:13:46,5.81,0.0,69,40076,买盘
2494,13:13:48,5.81,0.0,137,79597,买盘
2495,13:13:52,5.81,0.0,106,61935,买盘
2496,13:14:01,5.81,0.0,8,4648,卖盘
2497,13:14:04,5.81,0.0,39,22659,卖盘
2498,13:14:06,5.81,0.0,10,5810,卖盘
2499,13:14:10,5.82,0.01,16,9302,买盘
2500,13:14:13,5.81,-0.01,94,54617,卖盘
2501,13:14:15,5.81,0.0,6,3486,卖盘
2502,13:14:18,5.81,0.0,151,87731,卖盘
2503,13:14:25,5.81,0.0,15,8715,卖盘
2504,13:14:28,5.81,0.0,15,8715,卖盘
2505,13:14:31,5.8,-0.01,23,13341,卖盘
2506,13:14:34,5.81,0.01,156,90635,买盘
2507,13:14:37,5.81,0.0,5,2905,卖盘
2508,13:14:40,5.81,0.0,104,60408,买盘
2509,13:14:42,5.81,0.0,72,41832,买盘
2510,13:14:51,5.81,0.0,22,12782,卖盘
2511,13:15:00,5.81,0.0,65,37815,卖盘
2512,13:15:04,5.81,0.0,122,70901,卖盘
2513,13:15:06,5.81,0.0,33,19173,卖盘
2514,13:15:19,5.81,0.0,30,17430,买盘
2515,13:15:22,5.81,0.0,194,112714,买盘
2516,13:15:24,5.8,-0.01,68,39457,卖盘
2517,13:15:27,5.81,0.01,4,2324,买盘
2518,13:15:30,5.81,0.0,29,16847,买盘
2519,13:15:33,5.81,0.0,9,5229,卖盘
2520,13:15:36,5.81,0.0,1,581,卖盘
2521,13:15:39,5.81,0.0,10,5810,卖盘
2522,13:15:42,5.81,0.0,44,25564,卖盘
2523,13:15:45,5.81,0.0,8,4648,卖盘
2524,13:15:48,5.81,0.0,6,3486,卖盘
2525,13:15:55,5.81,0.0,7,4067,卖盘
2526,13:15:57,5.81,0.0,88,51128,卖盘
2527,13:16:00,5.81,0.0,22,12782,卖盘
2528,13:16:04,5.81,0.0,35,20335,卖盘
2529,13:16:06,5.82,0.01,25,14550,买盘
2530,13:16:10,5.82,0.0,15,8730,买盘
2531,13:16:12,5.82,0.0,13,7555,买盘
2532,13:16:15,5.81,-0.01,12,6972,卖盘
2533,13:16:24,5.82,0.01,9,5238,买盘
2534,13:16:27,5.82,0.0,58,33756,买盘
2535,13:16:31,5.82,0.0,962,559860,买盘
2536,13:16:33,5.81,-0.01,22,12782,卖盘
2537,13:16:36,5.82,0.01,30,17460,买盘
2538,13:16:39,5.81,-0.01,76,44176,卖盘
2539,13:16:43,5.82,0.01,20,11640,买盘
2540,13:16:46,5.81,-0.01,20,11620,卖盘
2541,13:16:48,5.81,0.0,22,12782,卖盘
2542,13:16:51,5.82,0.01,365,212430,买盘
2543,13:16:54,5.82,0.0,5,2910,买盘
2544,13:17:01,5.81,-0.01,109,63346,卖盘
2545,13:17:04,5.82,0.01,95,55290,买盘
2546,13:17:06,5.82,0.0,49,28518,买盘
2547,13:17:09,5.81,-0.01,25,14525,卖盘
2548,13:17:16,5.82,0.01,46,26772,买盘
2549,13:17:18,5.81,-0.01,6,3487,卖盘
2550,13:17:21,5.82,0.01,2,1164,买盘
2551,13:17:24,5.82,0.0,22,12804,买盘
2552,13:17:27,5.82,0.0,103,59893,买盘
2553,13:17:30,5.81,-0.01,1,581,卖盘
2554,13:17:33,5.82,0.01,97,56382,买盘
2555,13:17:36,5.82,0.0,73,42481,买盘
2556,13:17:39,5.81,-0.01,31,18014,卖盘
2557,13:17:42,5.81,0.0,141,81926,卖盘
2558,13:17:45,5.82,0.01,4,2328,买盘
2559,13:17:48,5.82,0.0,202,117564,买盘
2560,13:17:57,5.82,0.0,1,582,买盘
2561,13:18:04,5.81,-0.01,55,31955,卖盘
2562,13:18:09,5.81,0.0,235,136555,卖盘
2563,13:18:12,5.81,0.0,23,13373,卖盘
2564,13:18:16,5.81,0.0,22,12782,卖盘
2565,13:18:18,5.81,0.0,5,2905,卖盘
2566,13:18:24,5.81,0.0,8,4648,卖盘
2567,13:18:33,5.82,0.01,43,25023,买盘
2568,13:18:37,5.81,-0.01,1,581,卖盘
2569,13:18:40,5.81,0.0,26,15126,卖盘
2570,13:18:42,5.82,0.01,103,59946,买盘
2571,13:18:46,5.81,-0.01,338,196378,卖盘
2572,13:18:49,5.82,0.01,24,13958,买盘
2573,13:18:51,5.81,-0.01,24,13962,卖盘
2574,13:18:54,5.81,0.0,21,12201,卖盘
2575,13:18:57,5.81,0.0,3,1743,卖盘
2576,13:19:00,5.81,0.0,120,69720,卖盘
2577,13:19:04,5.81,0.0,22,12782,卖盘
2578,13:19:06,5.81,0.0,63,36631,卖盘
2579,13:19:09,5.81,0.0,26,15106,卖盘
2580,13:19:12,5.81,0.0,29,16849,卖盘
2581,13:19:16,5.82,0.01,113,65674,买盘
2582,13:19:19,5.81,-0.01,43,24983,卖盘
2583,13:19:21,5.81,0.0,64,37184,卖盘
2584,13:19:24,5.81,0.0,300,174300,卖盘
2585,13:19:30,5.81,0.0,20,11620,卖盘
2586,13:19:34,5.81,0.0,2,1162,卖盘
2587,13:19:37,5.81,0.0,20,11620,卖盘
2588,13:19:39,5.81,0.0,20,11620,卖盘
2589,13:19:42,5.81,0.0,67,38928,卖盘
2590,13:19:45,5.81,0.0,130,75530,卖盘
2591,13:19:48,5.81,0.0,128,74368,卖盘
2592,13:19:51,5.81,0.0,230,133630,卖盘
2593,13:19:54,5.81,0.0,38,22078,卖盘
2594,13:19:58,5.81,0.0,4,2324,卖盘
2595,13:20:01,5.81,0.0,74,42994,买盘
2596,13:20:04,5.81,0.0,2,1162,买盘
2597,13:20:06,5.81,0.0,36,20910,买盘
2598,13:20:10,5.81,0.0,15,8715,买盘
2599,13:20:13,5.8,-0.01,301,174630,卖盘
2600,13:20:15,5.8,0.0,8,4640,卖盘
2601,13:20:19,5.81,0.01,97,56357,买盘
2602,13:20:22,5.81,0.0,1141,661781,买盘
2603,13:20:25,5.8,-0.01,24,13920,卖盘
2604,13:20:27,5.8,0.0,667,386860,卖盘
2605,13:20:30,5.8,0.0,318,184523,卖盘
2606,13:20:34,5.8,0.0,17,9860,卖盘
2607,13:20:36,5.8,0.0,135,78300,卖盘
2608,13:20:42,5.8,0.0,112,64962,卖盘
2609,13:20:48,5.8,0.0,134,77720,卖盘
2610,13:20:51,5.8,0.0,40,23200,卖盘
2611,13:20:54,5.8,0.0,308,178560,卖盘
2612,13:21:01,5.79,-0.01,76,44027,卖盘
2613,13:21:03,5.8,0.01,22,12760,买盘
2614,13:21:12,5.8,0.0,46,26680,买盘
2615,13:21:15,5.79,-0.01,35,20278,卖盘
2616,13:21:18,5.79,0.0,2,1158,卖盘
2617,13:21:21,5.79,0.0,346,200351,卖盘
2618,13:21:24,5.79,0.0,4,2316,卖盘
2619,13:21:30,5.79,0.0,11,6369,卖盘
2620,13:21:33,5.79,0.0,113,65427,卖盘
2621,13:21:39,5.79,0.0,58,33593,卖盘
2622,13:21:45,5.79,0.0,66,38214,卖盘
2623,13:21:48,5.8,0.01,15,8690,买盘
2624,13:21:51,5.8,0.0,103,59737,买盘
2625,13:21:54,5.8,0.0,12,6953,买盘
2626,13:22:00,5.8,0.0,3,1740,买盘
2627,13:22:04,5.8,0.0,100,57915,买盘
2628,13:22:06,5.8,0.0,222,128753,买盘
2629,13:22:09,5.8,0.0,2,1160,买盘
2630,13:22:16,5.8,0.0,30,17390,买盘
2631,13:22:21,5.8,0.0,189,109620,买盘
2632,13:22:24,5.8,0.0,10,5795,买盘
2633,13:22:27,5.8,0.0,517,299859,买盘
2634,13:22:30,5.8,0.0,20,11600,买盘
2635,13:22:33,5.79,-0.01,261,151379,卖盘
2636,13:22:36,5.8,0.01,50,29000,买盘
2637,13:22:39,5.8,0.0,5,2900,买盘
2638,13:22:42,5.8,0.0,5,2900,买盘
2639,13:22:45,5.79,-0.01,140,81095,卖盘
2640,13:22:49,5.8,0.01,70,40600,买盘
2641,13:22:51,5.8,0.0,74,42920,卖盘
2642,13:22:54,5.8,0.0,22,12760,卖盘
2643,13:22:57,5.8,0.0,42,24360,卖盘
2644,13:23:04,5.8,0.0,6,3480,卖盘
2645,13:23:06,5.8,0.0,11,6383,卖盘
2646,13:23:10,5.8,0.0,55,31784,卖盘
2647,13:23:12,5.8,0.0,53,30740,卖盘
2648,13:23:15,5.8,0.0,20,11600,卖盘
2649,13:23:18,5.8,0.0,29,16820,卖盘
2650,13:23:25,5.8,0.0,117,68080,卖盘
2651,13:23:27,5.79,-0.01,3,1739,卖盘
2652,13:23:30,5.8,0.01,1,580,买盘
2653,13:23:34,5.79,-0.01,517,299006,卖盘
2654,13:23:36,5.79,0.0,62,35908,卖盘
2655,13:23:39,5.8,0.01,9,5220,买盘
2656,13:23:43,5.8,0.0,550,318451,买盘
2657,13:23:52,5.8,0.0,20,11600,买盘
2658,13:23:55,5.79,-0.01,20,11590,卖盘
2659,13:23:57,5.79,0.0,7,4055,卖盘
2660,13:24:01,5.79,0.0,37,21423,卖盘
2661,13:24:04,5.8,0.01,72,41692,买盘
2662,13:24:07,5.79,-0.01,30,17370,卖盘
2663,13:24:09,5.8,0.01,104,60320,买盘
2664,13:24:12,5.8,0.0,105,60895,买盘
2665,13:24:15,5.79,-0.01,34,19686,卖盘
2666,13:24:18,5.79,0.0,17,9843,卖盘
2667,13:24:24,5.8,0.01,1,580,买盘
2668,13:24:28,5.8,0.0,42,24325,买盘
2669,13:24:30,5.79,-0.01,26,15054,卖盘
2670,13:24:34,5.79,0.0,90,52110,卖盘
2671,13:24:36,5.79,0.0,9,5211,卖盘
2672,13:24:39,5.8,0.01,112,64896,买盘
2673,13:24:42,5.8,0.0,10,5796,买盘
2674,13:24:48,5.8,0.0,48,27840,买盘
2675,13:24:51,5.8,0.0,54,31320,买盘
2676,13:24:55,5.79,-0.01,1,579,卖盘
2677,13:25:06,5.8,0.01,26,15058,买盘
2678,13:25:10,5.79,-0.01,30,17370,卖盘
2679,13:25:12,5.79,0.0,41,23739,卖盘
2680,13:25:16,5.8,0.01,1924,1114020,买盘
2681,13:25:18,5.8,0.0,23,13340,买盘
2682,13:25:21,5.79,-0.01,630,364770,卖盘
2683,13:25:25,5.79,0.0,446,258234,卖盘
2684,13:25:27,5.79,0.0,212,122748,卖盘
2685,13:25:30,5.79,0.0,210,121937,卖盘
2686,13:25:34,5.78,-0.01,78,45094,卖盘
2687,13:25:36,5.79,0.01,554,320755,买盘
2688,13:25:39,5.79,0.0,18,10422,买盘
2689,13:25:42,5.78,-0.01,21,12139,卖盘
2690,13:25:45,5.79,0.01,225,130116,买盘
2691,13:25:48,5.78,-0.01,57,32946,卖盘
2692,13:25:55,5.79,0.01,8,4629,买盘
2693,13:25:58,5.78,-0.01,1,578,卖盘
2694,13:26:01,5.78,0.0,9,5202,卖盘
2695,13:26:04,5.78,0.0,433,250314,卖盘
2696,13:26:06,5.78,0.0,1055,609800,卖盘
2697,13:26:09,5.78,0.0,122,70516,卖盘
2698,13:26:12,5.78,0.0,139,80342,卖盘
2699,13:26:15,5.78,0.0,352,203486,卖盘
2700,13:26:18,5.78,0.0,156,90168,卖盘
2701,13:26:22,5.78,0.0,967,558926,卖盘
2702,13:26:24,5.78,0.0,853,493034,卖盘
2703,13:26:30,5.77,-0.01,78,45022,卖盘
2704,13:26:33,5.77,0.0,60,34660,卖盘
2705,13:26:36,5.77,0.0,11,6356,卖盘
2706,13:26:40,5.77,0.0,30,17310,卖盘
2707,13:26:43,5.77,0.0,60,34620,卖盘
2708,13:26:45,5.78,0.01,28,16184,买盘
2709,13:26:48,5.77,-0.01,20,11540,卖盘
2710,13:26:51,5.77,0.0,429,247533,卖盘
2711,13:26:54,5.77,0.0,94,54151,卖盘
2712,13:26:57,5.77,0.0,1102,635854,卖盘
2713,13:27:00,5.77,0.0,166,95782,卖盘
2714,13:27:04,5.77,0.0,675,389675,卖盘
2715,13:27:07,5.77,0.0,359,207230,卖盘
2716,13:27:10,5.77,0.0,48,27696,买盘
2717,13:27:15,5.76,-0.01,208,119808,卖盘
2718,13:27:19,5.77,0.01,53,30555,买盘
2719,13:27:22,5.76,-0.01,132,76032,卖盘
2720,13:27:25,5.76,0.0,40,23069,卖盘
2721,13:27:28,5.76,0.0,79,45524,卖盘
2722,13:27:31,5.76,0.0,66,38016,卖盘
2723,13:27:34,5.76,0.0,208,120008,卖盘
2724,13:27:37,5.76,0.0,45,25920,卖盘
2725,13:27:40,5.76,0.0,2226,1282201,卖盘
2726,13:27:43,5.76,0.0,56,32257,卖盘
2727,13:27:46,5.76,0.0,179,103106,卖盘
2728,13:27:48,5.77,0.01,43,24801,买盘
2729,13:27:52,5.76,-0.01,93,53568,卖盘
2730,13:27:55,5.76,0.0,144,82947,卖盘
2731,13:27:58,5.76,0.0,310,178600,卖盘
2732,13:28:01,5.76,0.0,70,40320,卖盘
2733,13:28:04,5.77,0.01,111,63958,买盘
2734,13:28:07,5.76,-0.01,538,309888,卖盘
2735,13:28:13,5.76,0.0,820,472340,卖盘
2736,13:28:16,5.77,0.01,45,25933,买盘
2737,13:28:18,5.76,-0.01,579,333545,卖盘
2738,13:28:22,5.77,0.01,480,276584,买盘
2739,13:28:25,5.76,-0.01,70,40330,卖盘
2740,13:28:27,5.76,0.0,1424,820232,卖盘
2741,13:28:31,5.75,-0.01,221,127450,卖盘
2742,13:28:34,5.76,0.01,79,45504,中性盘
2743,13:28:37,5.76,0.0,13,7489,卖盘
2744,13:28:40,5.76,0.0,15,8641,卖盘
2745,13:28:43,5.76,0.0,244,140594,卖盘
2746,13:28:46,5.76,0.0,32,18432,卖盘
2747,13:28:49,5.76,0.0,600,345600,卖盘
2748,13:28:52,5.76,0.0,235,135411,卖盘
2749,13:28:55,5.76,0.0,119,68544,买盘
2750,13:28:57,5.77,0.01,5,2885,买盘
2751,13:29:00,5.77,0.0,32,18452,买盘
2752,13:29:04,5.76,-0.01,55,31680,卖盘
2753,13:29:06,5.77,0.01,347,200219,买盘
2754,13:29:09,5.76,-0.01,224,129149,卖盘
2755,13:29:12,5.77,0.01,208,119915,买盘
2756,13:29:16,5.76,-0.01,14,8074,卖盘
2757,13:29:19,5.76,0.0,74,42664,卖盘
2758,13:29:22,5.76,0.0,248,142848,卖盘
2759,13:29:25,5.77,0.01,40,23054,买盘
2760,13:29:28,5.76,-0.01,1,576,卖盘
2761,13:29:31,5.76,0.0,731,421199,卖盘
2762,13:29:34,5.76,0.0,105,60540,卖盘
2763,13:29:37,5.76,0.0,140,80699,卖盘
2764,13:29:40,5.76,0.0,97,55872,卖盘
2765,13:29:43,5.77,0.01,10,5763,买盘
2766,13:29:46,5.76,-0.01,34,19585,卖盘
2767,13:29:49,5.76,0.0,442,255004,卖盘
2768,13:29:51,5.77,0.01,108,62215,买盘
2769,13:29:55,5.76,-0.01,1487,856561,卖盘
2770,13:29:58,5.77,0.01,132,76158,买盘
2771,13:30:01,5.76,-0.01,39,22464,卖盘
2772,13:30:04,5.77,0.01,15,8655,买盘
2773,13:30:07,5.76,-0.01,270,155586,卖盘
2774,13:30:10,5.76,0.0,130,74934,卖盘
2775,13:30:12,5.77,0.01,245,141124,买盘
2776,13:30:16,5.76,-0.01,57,32832,卖盘
2777,13:30:19,5.76,0.0,125,72000,卖盘
2778,13:30:22,5.77,0.01,39,22467,买盘
2779,13:30:25,5.77,0.0,70,40390,买盘
2780,13:30:27,5.77,0.0,67,38654,买盘
2781,13:30:31,5.76,-0.01,60,34560,卖盘
2782,13:30:34,5.77,0.01,11,6347,买盘
2783,13:30:37,5.76,-0.01,153,88136,卖盘
2784,13:30:40,5.77,0.01,8,4616,买盘
2785,13:30:43,5.77,0.0,125,72115,买盘
