,time,price,change,volume,amount,type
0,09:25:05,10.32,0.02,34,35088,卖盘
1,09:30:04,10.32,0.0,14,14448,卖盘
2,09:30:07,10.3,-0.02,30,30956,卖盘
3,09:30:19,10.33,0.03,11,11363,卖盘
4,09:30:22,10.34,0.01,6,6204,买盘
5,09:30:46,10.34,0.0,33,34122,买盘
6,09:30:52,10.31,-0.03,4,4124,卖盘
7,09:31:10,10.31,0.0,4,4124,卖盘
8,09:31:13,10.3,-0.01,16,16487,卖盘
9,09:31:25,10.34,0.04,6,6204,买盘
10,09:31:43,10.32,-0.02,1,1032,卖盘
11,09:31:46,10.34,0.02,10,10332,买盘
12,09:32:01,10.34,0.0,4,4136,买盘
13,09:32:10,10.34,0.0,50,51700,卖盘
14,09:32:13,10.34,0.0,29,29986,卖盘
15,09:32:28,10.34,0.0,25,25850,卖盘
16,09:32:34,10.35,0.01,10,10347,买盘
17,09:32:49,10.35,0.0,5,5175,买盘
18,09:33:34,10.35,0.0,6,6210,买盘
19,09:34:22,10.35,0.0,10,10350,买盘
20,09:34:31,10.34,-0.01,4,4136,卖盘
21,09:34:40,10.33,-0.01,21,21693,卖盘
22,09:35:16,10.34,0.01,5,5170,买盘
23,09:35:22,10.34,0.0,2,2068,买盘
24,09:35:37,10.34,0.0,18,18612,卖盘
25,09:35:40,10.35,0.01,76,78658,买盘
26,09:36:01,10.37,0.02,10,10370,买盘
27,09:36:13,10.38,0.01,1,1038,买盘
28,09:36:16,10.38,0.0,14,14532,买盘
29,09:36:22,10.38,0.0,8,8304,卖盘
30,09:36:25,10.39,0.01,50,51950,买盘
31,09:36:31,10.39,0.0,20,20780,卖盘
32,09:36:46,10.4,0.01,15,15600,卖盘
33,09:36:52,10.39,-0.01,40,41575,卖盘
34,09:36:55,10.41,0.02,100,104070,买盘
35,09:37:06,10.4,-0.01,2,2080,卖盘
36,09:37:16,10.4,0.0,3,3120,买盘
37,09:37:19,10.41,0.01,7,7287,买盘
38,09:37:25,10.4,-0.01,1,1040,卖盘
39,09:37:28,10.41,0.01,186,193478,买盘
40,09:37:34,10.4,-0.01,17,17680,买盘
41,09:37:37,10.4,0.0,3,3120,买盘
42,09:37:49,10.42,0.02,154,160852,买盘
43,09:37:52,10.42,0.0,8,8336,卖盘
44,09:38:04,10.45,0.03,89,92953,买盘
45,09:38:10,10.45,0.0,18,18810,卖盘
46,09:38:13,10.47,0.02,5,5235,买盘
47,09:38:19,10.47,0.0,29,30363,买盘
48,09:38:25,10.47,0.0,73,76489,卖盘
49,09:38:28,10.47,0.0,5,5235,买盘
50,09:38:34,10.47,0.0,16,16752,卖盘
51,09:38:40,10.45,-0.02,10,10450,卖盘
52,09:38:52,10.47,0.02,17,17799,买盘
53,09:38:55,10.47,0.0,7,7323,买盘
54,09:39:04,10.47,0.0,15,15705,买盘
55,09:39:10,10.46,-0.01,10,10453,买盘
56,09:39:16,10.46,0.0,5,5230,买盘
57,09:39:28,10.38,-0.08,154,160046,卖盘
58,09:39:34,10.38,0.0,62,64356,买盘
59,09:39:37,10.38,0.0,2,2595,买盘
60,09:40:04,10.4,0.02,10,10400,卖盘
61,09:40:07,10.44,0.04,3,3132,买盘
62,09:40:22,10.44,0.0,7,7308,买盘
63,09:40:28,10.46,0.02,42,43932,买盘
64,09:40:49,10.46,0.0,19,19874,买盘
65,09:41:04,10.46,0.0,21,21966,买盘
66,09:41:13,10.45,-0.01,36,37620,卖盘
67,09:41:16,10.44,-0.01,23,24012,卖盘
68,09:41:19,10.44,0.0,8,8352,买盘
69,09:41:31,10.44,0.0,9,9396,买盘
70,09:41:40,10.41,-0.03,5,5205,卖盘
71,09:41:46,10.41,0.0,10,10410,卖盘
72,09:41:55,10.44,0.03,14,14616,买盘
73,09:42:19,10.43,-0.01,3,3129,买盘
74,09:43:22,10.43,0.0,1,1043,卖盘
75,09:43:31,10.44,0.01,10,10440,买盘
76,09:43:43,10.45,0.01,400,417954,买盘
77,09:43:46,10.42,-0.03,32,33374,卖盘
78,09:43:55,10.43,0.01,5,5215,买盘
79,09:44:19,10.45,0.02,21,21945,买盘
80,09:44:34,10.45,0.0,20,20900,买盘
81,09:44:37,10.45,0.0,12,12540,买盘
82,09:44:46,10.45,0.0,6,6270,买盘
83,09:45:04,10.45,0.0,10,10450,买盘
84,09:45:07,10.45,0.0,5,5225,买盘
85,09:45:19,10.45,0.0,12,12540,买盘
86,09:45:28,10.45,0.0,154,161082,卖盘
87,09:45:37,10.45,0.0,1,1045,卖盘
88,09:45:40,10.46,0.01,48,50205,买盘
89,09:45:52,10.45,-0.01,4,4180,买盘
90,09:46:01,10.46,0.01,9,9414,买盘
91,09:46:04,10.45,-0.01,9,9405,卖盘
92,09:46:13,10.45,0.0,44,45980,卖盘
93,09:46:31,10.45,0.0,2,2090,买盘
94,09:46:37,10.44,-0.01,10,10440,卖盘
95,09:46:43,10.44,0.0,16,16704,卖盘
96,09:46:46,10.44,0.0,25,26100,卖盘
97,09:46:55,10.43,-0.01,1,1043,卖盘
98,09:47:01,10.42,-0.01,20,20842,卖盘
99,09:47:07,10.44,0.02,23,23992,买盘
100,09:47:25,10.43,-0.01,9,9387,买盘
101,09:47:52,10.43,0.0,21,21919,卖盘
102,09:47:58,10.44,0.01,17,17748,买盘
103,09:48:34,10.43,-0.01,10,10430,卖盘
104,09:48:37,10.43,0.0,11,11473,卖盘
105,09:48:52,10.43,0.0,12,12516,买盘
106,09:48:58,10.42,-0.01,15,15630,卖盘
107,09:49:19,10.41,-0.01,10,10410,卖盘
108,09:49:22,10.42,0.01,2,2084,买盘
109,09:49:28,10.43,0.01,23,23989,买盘
110,09:49:34,10.42,-0.01,90,93857,卖盘
111,09:50:16,10.4,-0.02,3,3122,卖盘
112,09:50:40,10.4,0.0,15,15600,卖盘
113,09:50:46,10.4,0.0,11,11440,卖盘
114,09:50:58,10.42,0.02,10,10420,买盘
115,09:51:07,10.4,-0.02,14,14560,卖盘
116,09:51:34,10.42,0.02,1,1042,买盘
117,09:51:40,10.42,0.0,27,28134,买盘
118,09:51:46,10.42,0.0,2,2084,买盘
119,09:51:58,10.42,0.0,30,31260,买盘
120,09:52:07,10.42,0.0,1,1042,买盘
121,09:52:28,10.42,0.0,7,7294,买盘
122,09:52:31,10.42,0.0,25,26050,买盘
123,09:52:40,10.42,0.0,18,18756,买盘
124,09:52:49,10.42,0.0,35,36469,买盘
125,09:52:55,10.42,0.0,55,57310,买盘
126,09:53:28,10.43,0.01,10,10430,买盘
127,09:53:43,10.43,0.0,8,8344,卖盘
128,09:53:58,10.44,0.01,4,4176,买盘
129,09:54:01,10.45,0.01,42,43872,买盘
130,09:54:13,10.45,0.0,20,20910,卖盘
131,09:54:22,10.47,0.02,28,29293,买盘
132,09:54:28,10.46,-0.01,5,5230,卖盘
133,09:54:31,10.46,0.0,40,41840,买盘
134,09:54:43,10.46,0.0,11,10983,买盘
135,09:54:52,10.47,0.01,3,3141,买盘
136,09:54:55,10.48,0.01,40,41903,买盘
137,09:55:01,10.47,-0.01,13,13611,中性盘
138,09:55:04,10.47,0.0,5,5235,买盘
139,09:55:10,10.47,0.0,12,12564,买盘
140,09:55:16,10.47,0.0,13,13611,卖盘
141,09:55:19,10.47,0.0,1,1047,买盘
142,09:55:28,10.47,0.0,10,10470,买盘
143,09:55:34,10.46,-0.01,15,15690,卖盘
144,09:55:40,10.45,-0.01,30,31382,卖盘
145,09:56:16,10.47,0.02,13,13611,买盘
146,09:56:28,10.48,0.01,74,77526,买盘
147,09:56:40,10.47,-0.01,3,3141,买盘
148,09:56:43,10.47,0.0,3,3141,买盘
149,09:56:46,10.47,0.0,10,10470,买盘
150,09:56:49,10.47,0.0,5,5235,买盘
151,09:56:58,10.45,-0.02,4,4180,卖盘
152,09:57:04,10.46,0.01,7,7322,买盘
153,09:57:16,10.48,0.02,29,30392,买盘
154,09:57:19,10.48,0.0,5,5240,买盘
155,09:57:34,10.47,-0.01,5,5235,买盘
156,09:57:43,10.47,0.0,7,7329,买盘
157,09:57:55,10.47,0.0,20,20940,买盘
158,09:58:13,10.47,0.0,4,4188,买盘
159,09:58:37,10.47,0.0,16,16752,卖盘
160,09:59:04,10.47,0.0,11,11517,买盘
161,09:59:22,10.47,0.0,56,58632,买盘
162,09:59:28,10.47,0.0,5,5235,卖盘
163,09:59:37,10.47,0.0,15,15705,卖盘
164,09:59:55,10.47,0.0,17,17799,卖盘
165,10:00:10,10.46,-0.01,5,5230,卖盘
166,10:00:22,10.48,0.02,100,104791,买盘
167,10:00:34,10.47,-0.01,10,10470,买盘
168,10:00:43,10.47,0.0,3,3141,买盘
169,10:01:13,10.48,0.01,10,10480,买盘
170,10:01:25,10.48,0.0,6,6288,买盘
171,10:01:31,10.47,-0.01,10,10470,卖盘
172,10:01:37,10.47,0.0,1,1047,卖盘
173,10:01:46,10.48,0.01,3,3144,买盘
174,10:02:10,10.48,0.0,33,34584,买盘
175,10:02:34,10.49,0.01,14,14678,买盘
176,10:02:37,10.48,-0.01,1,1048,买盘
177,10:02:55,10.47,-0.01,2,2094,卖盘
178,10:03:07,10.47,0.0,15,15705,卖盘
179,10:03:10,10.47,0.0,10,10470,卖盘
180,10:03:19,10.47,0.0,100,104700,卖盘
181,10:03:22,10.47,0.0,18,18846,卖盘
182,10:03:25,10.47,0.0,11,11517,卖盘
183,10:03:40,10.47,0.0,3,3141,卖盘
184,10:03:43,10.47,0.0,27,28269,卖盘
185,10:03:58,10.46,-0.01,5,5230,卖盘
186,10:04:10,10.46,0.0,5,5230,买盘
187,10:04:19,10.47,0.01,14,14650,买盘
188,10:05:19,10.48,0.01,45,47120,买盘
189,10:05:46,10.48,0.0,18,18863,买盘
190,10:05:52,10.48,0.0,7,7336,买盘
191,10:06:22,10.47,-0.01,8,8376,买盘
192,10:06:58,10.47,0.0,5,5235,买盘
193,10:07:07,10.46,-0.01,5,5230,卖盘
194,10:07:34,10.48,0.02,39,40872,买盘
195,10:07:52,10.47,-0.01,3,3141,卖盘
196,10:08:13,10.47,0.0,3,3141,卖盘
197,10:08:19,10.47,0.0,1,1047,卖盘
198,10:08:40,10.46,-0.01,10,10460,卖盘
199,10:09:10,10.48,0.02,27,28296,买盘
200,10:09:16,10.46,-0.02,3,3138,卖盘
201,10:09:25,10.47,0.01,8,8376,买盘
202,10:10:49,10.48,0.01,50,52381,买盘
203,10:11:19,10.48,0.0,30,31440,买盘
204,10:11:34,10.47,-0.01,5,5235,卖盘
205,10:11:37,10.48,0.01,16,16768,买盘
206,10:11:49,10.48,0.0,15,15720,卖盘
207,10:12:04,10.48,0.0,38,39824,卖盘
208,10:12:07,10.48,0.0,3,3144,买盘
209,10:12:13,10.48,0.0,9,9432,买盘
210,10:12:58,10.49,0.01,62,65038,买盘
211,10:13:13,10.49,0.0,30,31470,买盘
212,10:13:49,10.49,0.0,28,29372,买盘
213,10:13:58,10.49,0.0,2,2098,卖盘
214,10:14:01,10.49,0.0,10,10490,买盘
215,10:14:07,10.49,0.0,2,2098,买盘
216,10:14:43,10.49,0.0,50,52450,买盘
217,10:14:46,10.49,0.0,5,5245,买盘
218,10:14:49,10.48,-0.01,1,1048,卖盘
219,10:15:07,10.48,0.0,13,13624,卖盘
220,10:15:13,10.49,0.01,58,60842,买盘
221,10:15:28,10.49,0.0,11,11539,买盘
222,10:15:40,10.48,-0.01,45,47199,卖盘
223,10:16:10,10.48,0.0,25,26224,卖盘
224,10:16:49,10.48,0.0,10,10480,卖盘
225,10:16:55,10.48,0.0,4,4192,卖盘
226,10:17:01,10.48,0.0,7,7338,卖盘
227,10:17:07,10.48,0.0,4,4192,卖盘
228,10:17:13,10.48,0.0,10,10480,卖盘
229,10:17:42,10.48,0.0,1,1048,卖盘
230,10:18:07,10.48,0.0,50,52400,买盘
231,10:18:37,10.47,-0.01,51,53460,卖盘
232,10:18:52,10.47,0.0,10,10470,卖盘
233,10:19:15,10.47,0.0,8,8376,卖盘
234,10:19:31,10.49,0.02,46,48254,买盘
235,10:19:37,10.48,-0.01,20,20964,卖盘
236,10:19:49,10.49,0.01,10,10490,买盘
237,10:22:04,10.48,-0.01,6,6288,卖盘
238,10:22:13,10.49,0.01,50,52450,买盘
239,10:22:34,10.48,-0.01,4,4192,卖盘
240,10:22:49,10.49,0.01,2,2098,买盘
241,10:22:55,10.49,0.0,35,37240,买盘
242,10:23:34,10.49,0.0,18,18882,卖盘
243,10:23:37,10.49,0.0,7,6818,卖盘
244,10:23:55,10.49,0.0,6,6294,买盘
245,10:23:58,10.48,-0.01,2,2096,卖盘
246,10:24:25,10.48,0.0,5,5240,卖盘
247,10:24:28,10.49,0.01,6,6294,买盘
248,10:24:34,10.48,-0.01,40,41920,卖盘
249,10:24:40,10.48,0.0,9,9432,卖盘
250,10:24:43,10.48,0.0,16,16768,卖盘
251,10:24:52,10.48,0.0,18,18864,卖盘
252,10:25:19,10.48,0.0,36,37728,卖盘
253,10:25:31,10.49,0.01,50,52424,买盘
254,10:25:49,10.48,-0.01,1,1048,买盘
255,10:26:25,10.48,0.0,1,1048,买盘
256,10:26:34,10.49,0.01,88,92220,买盘
257,10:26:49,10.49,0.0,1,1049,买盘
258,10:27:12,10.48,-0.01,5,5240,卖盘
259,10:27:34,10.49,0.01,27,28308,买盘
260,10:27:42,10.49,0.0,10,10490,买盘
261,10:28:25,10.48,-0.01,6,6288,卖盘
262,10:29:10,10.48,0.0,1,1048,卖盘
263,10:29:22,10.47,-0.01,1,1047,卖盘
264,10:29:24,10.48,0.01,10,10480,买盘
265,10:29:31,10.48,0.0,5,5240,买盘
266,10:29:43,10.47,-0.01,3,3141,卖盘
267,10:29:49,10.48,0.01,2,2096,买盘
268,10:29:52,10.47,-0.01,12,12564,卖盘
269,10:29:58,10.47,0.0,56,58632,卖盘
270,10:30:16,10.47,0.0,55,57580,买盘
271,10:30:19,10.47,0.0,7,7329,买盘
272,10:30:25,10.48,0.01,11,11528,买盘
273,10:30:28,10.48,0.0,43,45064,买盘
274,10:30:31,10.48,0.0,2,2096,买盘
275,10:30:34,10.48,0.0,12,12567,买盘
276,10:30:37,10.48,0.0,7,7336,买盘
277,10:30:43,10.49,0.01,203,212947,买盘
278,10:30:49,10.49,0.0,5,5245,买盘
279,10:30:55,10.49,0.0,2,2098,买盘
280,10:30:58,10.49,0.0,10,11014,买盘
281,10:31:07,10.5,0.01,120,126000,买盘
282,10:31:10,10.5,0.0,13,13639,买盘
283,10:31:19,10.51,0.01,91,95591,买盘
284,10:31:22,10.51,0.0,10,10510,买盘
285,10:31:25,10.51,0.0,21,22071,买盘
286,10:31:28,10.51,0.0,16,16816,买盘
287,10:31:30,10.52,0.01,60,63093,买盘
288,10:31:40,10.52,0.0,16,16832,买盘
289,10:31:43,10.52,0.0,1,1052,买盘
290,10:31:46,10.53,0.01,100,105271,买盘
291,10:31:49,10.53,0.0,48,50544,买盘
292,10:31:52,10.53,0.0,1,1053,卖盘
293,10:31:55,10.54,0.01,20,21080,买盘
294,10:31:58,10.55,0.01,76,80180,买盘
295,10:32:01,10.55,0.0,25,26375,买盘
296,10:32:04,10.58,0.03,73,77138,买盘
297,10:32:07,10.58,0.0,23,24334,买盘
298,10:32:12,10.58,0.0,7,7406,卖盘
299,10:32:16,10.59,0.01,28,29652,买盘
300,10:32:19,10.58,-0.01,6,6348,卖盘
301,10:32:22,10.59,0.01,61,64568,买盘
302,10:32:25,10.59,0.0,29,30701,买盘
303,10:32:28,10.58,-0.01,20,21170,中性盘
304,10:32:31,10.59,0.01,48,50798,买盘
305,10:32:37,10.59,0.0,20,21161,买盘
306,10:32:40,10.6,0.01,87,92157,买盘
307,10:32:43,10.59,-0.01,2,2118,中性盘
308,10:32:46,10.6,0.01,5,5300,买盘
309,10:32:52,10.59,-0.01,19,20131,卖盘
310,10:32:55,10.6,0.01,118,125080,买盘
311,10:32:58,10.6,0.0,9,9540,卖盘
312,10:33:01,10.6,0.0,21,22260,卖盘
313,10:33:04,10.6,0.0,45,47700,卖盘
314,10:33:07,10.61,0.01,21,22271,买盘
315,10:33:10,10.62,0.01,36,38223,买盘
316,10:33:18,10.66,0.04,100,106471,买盘
317,10:33:22,10.63,-0.03,57,60591,卖盘
318,10:33:25,10.64,0.01,2,2128,中性盘
319,10:33:31,10.66,0.02,13,13854,买盘
320,10:33:34,10.66,0.0,92,98072,买盘
321,10:33:36,10.67,0.01,16,17070,买盘
322,10:33:40,10.66,-0.01,50,53300,卖盘
323,10:33:42,10.67,0.01,5,5335,买盘
324,10:33:45,10.66,-0.01,122,130110,卖盘
325,10:33:49,10.66,0.0,32,34094,买盘
326,10:33:52,10.67,0.01,74,78930,买盘
327,10:33:58,10.66,-0.01,23,24509,买盘
328,10:34:01,10.66,0.0,10,10660,买盘
329,10:34:04,10.61,-0.05,187,198565,卖盘
330,10:34:07,10.61,0.0,21,22281,买盘
331,10:34:13,10.61,0.0,7,7427,买盘
332,10:34:19,10.6,-0.01,71,75277,卖盘
333,10:34:22,10.61,0.01,98,103978,买盘
334,10:34:28,10.65,0.04,20,21290,买盘
335,10:34:34,10.61,-0.04,2,2122,卖盘
336,10:34:37,10.62,0.01,6,6372,买盘
337,10:34:40,10.64,0.02,17,18074,买盘
338,10:34:46,10.61,-0.03,61,64751,卖盘
339,10:34:52,10.62,0.01,3,3186,卖盘
340,10:34:54,10.61,-0.01,124,131683,卖盘
341,10:35:01,10.62,0.01,3,3186,卖盘
342,10:35:04,10.62,0.0,97,103014,卖盘
343,10:35:07,10.62,0.0,26,27612,卖盘
344,10:35:19,10.61,-0.01,30,31830,卖盘
345,10:35:22,10.61,0.0,4,4245,卖盘
346,10:35:25,10.61,0.0,7,7427,卖盘
347,10:35:28,10.61,0.0,86,91296,卖盘
348,10:35:34,10.6,-0.01,8,8480,卖盘
349,10:35:37,10.6,0.0,12,12720,卖盘
350,10:35:40,10.6,0.0,22,23320,卖盘
351,10:35:43,10.6,0.0,10,10600,卖盘
352,10:35:46,10.52,-0.08,55,58189,卖盘
353,10:35:52,10.59,0.07,1,1059,买盘
354,10:35:55,10.52,-0.07,21,22099,卖盘
355,10:36:16,10.53,0.01,1,1053,卖盘
356,10:36:19,10.52,-0.01,20,21058,卖盘
357,10:36:40,10.58,0.06,7,7406,买盘
358,10:37:07,10.58,0.0,18,19044,买盘
359,10:37:49,10.55,-0.03,20,21100,卖盘
360,10:37:58,10.55,0.0,15,15825,卖盘
361,10:38:04,10.55,0.0,10,10550,卖盘
362,10:38:09,10.55,0.0,1,1055,卖盘
363,10:38:33,10.55,0.0,1,1055,买盘
364,10:38:40,10.54,-0.01,48,50592,卖盘
365,10:38:55,10.58,0.04,216,228248,买盘
366,10:39:01,10.54,-0.04,15,15810,卖盘
367,10:39:37,10.56,0.02,3,3168,买盘
368,10:39:40,10.56,0.0,1,1056,卖盘
369,10:40:07,10.56,0.0,2,2112,卖盘
370,10:40:16,10.57,0.01,5,5285,买盘
371,10:40:19,10.56,-0.01,1,1056,卖盘
372,10:40:31,10.56,0.0,1,1056,卖盘
373,10:40:42,10.56,0.0,1,1056,卖盘
374,10:40:46,10.56,0.0,10,10560,卖盘
375,10:40:49,10.56,0.0,4,4224,卖盘
376,10:40:52,10.56,0.0,1,1056,卖盘
377,10:41:01,10.56,0.0,5,5280,卖盘
378,10:41:04,10.56,0.0,146,154176,卖盘
379,10:41:07,10.55,-0.01,32,33782,卖盘
380,10:41:22,10.56,0.01,10,10560,卖盘
381,10:41:34,10.56,0.0,20,21120,卖盘
382,10:41:40,10.56,0.0,3,3168,卖盘
383,10:41:49,10.55,-0.01,10,10550,卖盘
384,10:42:01,10.55,0.0,2,2110,卖盘
385,10:42:42,10.55,0.0,20,21100,卖盘
386,10:43:10,10.55,0.0,47,49622,卖盘
387,10:43:22,10.55,0.0,2,2110,卖盘
388,10:43:25,10.55,0.0,64,67520,卖盘
389,10:43:46,10.54,-0.01,3,3162,卖盘
390,10:44:13,10.54,0.0,5,5270,卖盘
391,10:44:28,10.54,0.0,43,45322,卖盘
392,10:44:43,10.53,-0.01,20,21060,卖盘
393,10:44:46,10.53,0.0,75,78975,卖盘
394,10:45:16,10.52,-0.01,10,10520,卖盘
395,10:45:27,10.52,0.0,63,66276,卖盘
396,10:45:40,10.52,0.0,33,34716,买盘
397,10:45:54,10.52,0.0,5,5260,卖盘
398,10:46:01,10.52,0.0,139,146228,卖盘
399,10:46:04,10.52,0.0,10,10520,买盘
400,10:46:09,10.52,0.0,6,6312,买盘
401,10:46:27,10.52,0.0,10,10520,卖盘
402,10:46:34,10.53,0.01,2,2106,买盘
403,10:46:58,10.53,0.0,2,2106,买盘
404,10:47:13,10.54,0.01,82,86421,买盘
405,10:47:40,10.56,0.02,10,10560,买盘
406,10:47:43,10.54,-0.02,26,27404,卖盘
407,10:48:46,10.55,0.01,1,1055,卖盘
408,10:48:52,10.55,0.0,13,13715,卖盘
409,10:49:09,10.56,0.01,7,7392,买盘
410,10:49:16,10.56,0.0,8,8448,买盘
411,10:49:46,10.56,0.0,1,1056,买盘
412,10:49:48,10.56,0.0,2,2112,买盘
413,10:49:55,10.56,0.0,3,3168,买盘
414,10:50:34,10.55,-0.01,5,5275,卖盘
415,10:50:37,10.55,0.0,1,1055,卖盘
416,10:50:40,10.55,0.0,140,147700,卖盘
417,10:50:48,10.55,0.0,11,11605,卖盘
418,10:50:51,10.55,0.0,14,14770,卖盘
419,10:50:54,10.55,0.0,2,2110,卖盘
420,10:51:04,10.55,0.0,46,48530,卖盘
421,10:51:22,10.54,-0.01,2,2108,卖盘
422,10:51:28,10.54,0.0,12,12648,卖盘
423,10:51:31,10.54,0.0,2,2108,卖盘
424,10:51:34,10.54,0.0,10,10540,卖盘
425,10:51:36,10.55,0.01,120,126585,买盘
426,10:51:39,10.54,-0.01,2,2108,卖盘
427,10:51:49,10.55,0.01,6,6325,买盘
428,10:51:55,10.55,0.0,6,6330,买盘
429,10:51:57,10.55,0.0,2,2110,卖盘
430,10:52:10,10.55,0.0,1,1055,卖盘
431,10:52:22,10.55,0.0,9,9495,卖盘
432,10:52:40,10.55,0.0,3,3165,买盘
433,10:53:19,10.54,-0.01,26,27404,卖盘
434,10:53:43,10.55,0.01,3,3165,买盘
435,10:53:55,10.55,0.0,25,26375,买盘
436,10:54:07,10.55,0.0,12,12658,买盘
437,10:54:18,10.54,-0.01,16,16878,卖盘
438,10:55:07,10.54,0.0,10,10540,卖盘
439,10:55:15,10.55,0.01,5,5275,买盘
440,10:55:34,10.55,0.0,3,3165,买盘
441,10:55:37,10.54,-0.01,15,15810,卖盘
442,10:55:45,10.55,0.01,3,3165,买盘
443,10:55:52,10.55,0.0,19,20045,买盘
444,10:55:55,10.55,0.0,4,4220,买盘
445,10:57:09,10.55,0.0,7,7385,买盘
446,10:57:22,10.54,-0.01,2,2108,卖盘
447,10:57:24,10.55,0.01,2,2110,买盘
448,10:58:45,10.54,-0.01,43,45322,卖盘
449,10:58:52,10.54,0.0,10,10540,卖盘
450,10:59:52,10.55,0.01,1,1055,买盘
451,11:00:37,10.54,-0.01,7,7378,卖盘
452,11:00:43,10.55,0.01,11,11605,买盘
453,11:01:37,10.55,0.0,30,31650,买盘
454,11:01:58,10.54,-0.01,20,21080,卖盘
455,11:03:13,10.55,0.01,12,12660,买盘
456,11:03:18,10.54,-0.01,179,188669,卖盘
457,11:03:51,10.54,0.0,3,3162,买盘
458,11:05:49,10.55,0.01,10,10550,买盘
459,11:06:00,10.55,0.0,3,3165,买盘
460,11:06:51,10.55,0.0,13,13715,卖盘
461,11:06:57,10.55,0.0,7,7385,卖盘
462,11:07:25,10.55,0.0,3,3165,买盘
463,11:08:13,10.55,0.0,1,1055,卖盘
464,11:08:19,10.55,0.0,1,528,卖盘
465,11:08:33,10.56,0.01,2,2112,买盘
466,11:09:12,10.56,0.0,8,8448,买盘
467,11:10:01,10.56,0.0,53,55968,买盘
468,11:10:27,10.57,0.01,10,10569,买盘
469,11:11:24,10.57,0.0,146,154320,买盘
470,11:11:28,10.57,0.0,2,2114,卖盘
471,11:11:39,10.58,0.01,15,15870,买盘
472,11:12:04,10.58,0.0,47,49726,买盘
473,11:12:13,10.58,0.0,2,2116,买盘
474,11:12:57,10.57,-0.01,15,15855,卖盘
475,11:13:21,10.57,0.0,4,4229,卖盘
476,11:13:28,10.57,0.0,5,5285,卖盘
477,11:13:30,10.57,0.0,2,2114,卖盘
478,11:13:36,10.57,0.0,15,15855,卖盘
479,11:13:46,10.57,0.0,1,1057,卖盘
480,11:13:55,10.57,0.0,10,10570,卖盘
481,11:14:10,10.58,0.01,106,112148,买盘
482,11:14:16,10.57,-0.01,137,144903,卖盘
483,11:14:45,10.57,0.0,48,50736,卖盘
484,11:14:52,10.57,0.0,5,5285,卖盘
485,11:15:01,10.58,0.01,10,10580,买盘
486,11:15:16,10.58,0.0,1,1058,买盘
487,11:15:34,10.58,0.0,20,21160,买盘
488,11:16:16,10.57,-0.01,10,10570,卖盘
489,11:16:18,10.57,0.0,2,2114,卖盘
490,11:16:28,10.57,0.0,2,2114,卖盘
491,11:16:43,10.57,0.0,2,2114,卖盘
492,11:16:57,10.57,0.0,3,3171,卖盘
493,11:17:13,10.57,0.0,1,1057,卖盘
494,11:17:24,10.56,-0.01,2,2112,卖盘
495,11:17:31,10.56,0.0,3,3168,卖盘
496,11:17:34,10.56,0.0,2,2112,卖盘
497,11:17:51,10.56,0.0,3,3168,卖盘
498,11:18:28,10.56,0.0,17,17952,卖盘
499,11:18:45,10.56,0.0,2,2112,卖盘
500,11:18:54,10.56,0.0,5,5280,卖盘
501,11:19:04,10.56,0.0,4,4224,卖盘
502,11:19:25,10.56,0.0,27,28512,卖盘
503,11:19:28,10.56,0.0,20,21120,卖盘
504,11:19:37,10.56,0.0,1,1056,卖盘
505,11:19:51,10.56,0.0,26,27456,卖盘
506,11:20:21,10.55,-0.01,114,120798,卖盘
507,11:20:55,10.54,-0.01,103,108562,卖盘
508,11:21:24,10.54,0.0,10,10540,卖盘
509,11:22:22,10.54,0.0,4,4216,卖盘
510,11:22:25,10.52,-0.02,410,431812,卖盘
511,11:23:22,10.51,-0.01,70,73580,卖盘
512,11:23:25,10.51,0.0,10,10510,卖盘
513,11:24:00,10.52,0.01,21,22092,买盘
514,11:24:06,10.52,0.0,267,280884,买盘
515,11:24:15,10.52,0.0,30,31560,买盘
516,11:24:34,10.52,0.0,6,6312,买盘
517,11:24:43,10.52,0.0,30,31560,买盘
518,11:24:46,10.52,0.0,23,24196,买盘
519,11:24:49,10.52,0.0,1,1052,买盘
520,11:24:57,10.52,0.0,5,5260,买盘
521,11:25:04,10.52,0.0,18,18936,买盘
522,11:25:10,10.52,0.0,6,6312,买盘
523,11:25:18,10.52,0.0,4,4208,买盘
524,11:25:37,10.52,0.0,5,5260,买盘
525,11:26:10,10.52,0.0,5,5260,买盘
526,11:26:18,10.52,0.0,5,5260,买盘
527,11:26:27,10.52,0.0,31,32612,买盘
528,11:26:45,10.52,0.0,1,1052,买盘
529,11:27:52,10.51,-0.01,7,7357,卖盘
530,11:28:30,10.51,0.0,3,3153,卖盘
531,11:28:46,10.51,0.0,146,153446,卖盘
532,11:29:07,10.5,-0.01,121,127050,卖盘
533,11:29:16,10.5,0.0,30,31500,买盘
534,11:29:25,10.49,-0.01,15,15735,卖盘
535,11:29:30,10.49,0.0,18,18358,买盘
536,11:29:54,10.49,0.0,9,9441,卖盘
537,13:00:07,10.51,0.02,19,19959,买盘
538,13:00:10,10.5,-0.01,1,1050,卖盘
539,13:02:46,10.51,0.01,5,5255,买盘
540,13:03:00,10.51,0.0,5,5255,买盘
541,13:03:09,10.51,0.0,8,8408,买盘
542,13:04:34,10.51,0.0,5,5255,买盘
543,13:06:07,10.5,-0.01,19,19950,卖盘
544,13:06:40,10.5,0.0,5,5250,买盘
545,13:07:43,10.49,-0.01,37,38813,卖盘
546,13:07:55,10.5,0.01,5,5250,买盘
547,13:09:40,10.5,0.0,2,2100,买盘
548,13:09:57,10.5,0.0,3,3150,买盘
549,13:10:13,10.5,0.0,10,10500,卖盘
550,13:10:46,10.52,0.02,7,7364,买盘
551,13:11:19,10.52,0.0,9,9468,买盘
552,13:13:45,10.52,0.0,1,1052,买盘
553,13:14:19,10.52,0.0,95,99940,买盘
554,13:14:28,10.51,-0.01,5,5257,卖盘
555,13:17:13,10.51,0.0,10,10510,卖盘
556,13:17:15,10.55,0.04,1,1055,买盘
557,13:17:42,10.55,0.0,2,2110,买盘
558,13:17:49,10.51,-0.04,31,32581,卖盘
559,13:17:52,10.51,0.0,5,5255,买盘
560,13:18:07,10.51,0.0,10,10510,买盘
561,13:18:16,10.51,0.0,39,40989,买盘
562,13:18:43,10.52,0.01,5,5260,买盘
563,13:18:46,10.52,0.0,3,3156,买盘
564,13:21:42,10.52,0.0,1,1052,卖盘
565,13:23:04,10.52,0.0,10,10520,卖盘
566,13:24:00,10.52,0.0,45,47355,卖盘
567,13:24:09,10.52,0.0,5,5260,卖盘
568,13:24:24,10.52,0.0,6,6312,卖盘
569,13:25:19,10.51,-0.01,28,29428,卖盘
570,13:25:27,10.51,0.0,105,110355,卖盘
571,13:26:09,10.51,0.0,23,24173,卖盘
572,13:27:10,10.5,-0.01,1,1050,卖盘
573,13:27:52,10.51,0.01,30,31510,买盘
574,13:28:00,10.5,-0.01,176,184801,卖盘
575,13:28:22,10.49,-0.01,2,2622,卖盘
576,13:28:34,10.49,0.0,1,524,卖盘
577,13:28:40,10.48,-0.01,110,115814,卖盘
578,13:28:51,10.48,0.0,50,52400,买盘
579,13:29:10,10.48,0.0,40,41396,买盘
580,13:29:19,10.48,0.0,10,10480,卖盘
581,13:29:52,10.49,0.01,7,7868,买盘
582,13:30:18,10.5,0.01,35,36750,买盘
583,13:30:46,10.52,0.02,7,7364,买盘
584,13:30:58,10.52,0.0,82,86264,卖盘
585,13:31:04,10.52,0.0,36,37872,卖盘
586,13:31:07,10.52,0.0,11,11572,卖盘
587,13:31:25,10.5,-0.02,5,5250,卖盘
588,13:31:39,10.5,0.0,1,1050,卖盘
589,13:32:09,10.49,-0.01,19,19931,卖盘
590,13:32:57,10.5,0.01,3,3150,买盘
591,13:33:12,10.49,-0.01,15,15210,卖盘
592,13:33:25,10.48,-0.01,52,54496,卖盘
593,13:33:42,10.48,0.0,10,11004,卖盘
594,13:33:54,10.48,0.0,8,8384,买盘
595,13:34:31,10.48,0.0,3,3144,买盘
596,13:34:36,10.48,0.0,8,7860,买盘
597,13:35:21,10.48,0.0,9,9432,卖盘
598,13:35:37,10.49,0.01,3,3147,买盘
599,13:35:43,10.48,-0.01,15,15720,卖盘
600,13:35:46,10.49,0.01,8,8916,买盘
601,13:36:18,10.5,0.01,5,5250,买盘
602,13:36:22,10.5,0.0,11,11550,买盘
603,13:36:30,10.5,0.0,10,10500,卖盘
604,13:36:33,10.51,0.01,11,11561,买盘
605,13:36:42,10.51,0.0,5,5255,卖盘
606,13:37:07,10.51,0.0,12,12612,卖盘
607,13:37:19,10.5,-0.01,4,4200,卖盘
608,13:37:25,10.5,0.0,25,26250,卖盘
609,13:38:37,10.49,-0.01,32,33044,卖盘
610,13:40:10,10.49,0.0,30,31470,买盘
611,13:40:54,10.47,-0.02,60,62822,卖盘
612,13:41:43,10.46,-0.01,249,260519,卖盘
613,13:42:07,10.46,0.0,2,2092,卖盘
614,13:42:49,10.46,0.0,38,39748,卖盘
615,13:43:16,10.45,-0.01,77,80465,卖盘
616,13:43:22,10.46,0.01,1,1046,买盘
617,13:43:34,10.45,-0.01,5,5225,卖盘
618,13:43:40,10.45,0.0,7,7838,卖盘
619,13:44:10,10.45,0.0,3,2612,买盘
620,13:44:31,10.45,0.0,2,2090,卖盘
621,13:45:34,10.44,-0.01,74,77798,卖盘
622,13:46:55,10.43,-0.01,43,44849,卖盘
623,13:47:12,10.44,0.01,5,5220,买盘
624,13:47:22,10.43,-0.01,37,38591,卖盘
625,13:47:28,10.43,0.0,3,3129,买盘
626,13:47:31,10.43,0.0,6,6258,卖盘
627,13:47:52,10.42,-0.01,48,49495,卖盘
628,13:48:10,10.42,0.0,20,20840,卖盘
629,13:48:13,10.42,0.0,10,10420,卖盘
630,13:48:21,10.43,0.01,1,1564,买盘
631,13:48:37,10.43,0.0,3,3129,卖盘
632,13:48:49,10.43,0.0,2,2086,卖盘
633,13:48:58,10.44,0.01,15,15650,买盘
634,13:49:04,10.43,-0.01,6,6258,卖盘
635,13:50:16,10.43,0.0,88,91784,卖盘
636,13:50:33,10.42,-0.01,3,3126,卖盘
637,13:50:36,10.42,0.0,51,52621,卖盘
638,13:51:10,10.43,0.01,19,19817,买盘
639,13:51:31,10.43,0.0,10,10430,卖盘
640,13:51:43,10.43,0.0,7,7301,买盘
641,13:51:51,10.43,0.0,20,20860,买盘
642,13:52:13,10.43,0.0,3,3129,买盘
643,13:53:15,10.42,-0.01,60,63041,卖盘
644,13:53:27,10.42,0.0,10,10420,卖盘
645,13:53:40,10.42,0.0,41,42201,卖盘
646,13:53:46,10.42,0.0,12,12504,买盘
647,13:54:21,10.43,0.01,4,4172,买盘
648,13:54:37,10.43,0.0,5,5215,买盘
649,13:54:43,10.43,0.0,3,3129,买盘
650,13:54:58,10.42,-0.01,26,27092,卖盘
651,13:55:01,10.43,0.01,9,9387,买盘
652,13:55:15,10.44,0.01,2,2088,买盘
653,13:55:27,10.44,0.0,10,10440,买盘
654,13:55:54,10.44,0.0,3,3654,买盘
655,13:56:27,10.45,0.01,12,12540,买盘
656,13:56:31,10.45,0.0,4,4180,卖盘
657,13:57:40,10.45,0.0,3,3135,卖盘
658,13:58:19,10.45,0.0,5,5225,卖盘
659,13:59:06,10.45,0.0,10,10450,卖盘
660,13:59:25,10.47,0.02,14,14658,买盘
661,13:59:30,10.45,-0.02,40,41800,卖盘
662,14:00:04,10.47,0.02,4,3664,买盘
663,14:00:42,10.47,0.0,1,1570,卖盘
664,14:02:04,10.47,0.0,4,4188,买盘
665,14:02:55,10.47,0.0,40,41356,买盘
666,14:03:19,10.48,0.01,19,19912,买盘
667,14:03:42,10.48,0.0,36,37728,买盘
668,14:04:07,10.48,0.0,1,1048,卖盘
669,14:05:16,10.48,0.0,20,20960,买盘
670,14:06:27,10.49,0.01,10,10490,买盘
671,14:07:40,10.49,0.0,130,136370,卖盘
672,14:07:55,10.5,0.01,10,10500,买盘
673,14:08:04,10.5,0.0,10,10500,买盘
674,14:08:10,10.49,-0.01,3,3147,卖盘
675,14:08:13,10.5,0.01,10,10500,买盘
676,14:08:33,10.49,-0.01,26,27274,卖盘
677,14:09:01,10.5,0.01,2,2100,买盘
678,14:09:25,10.5,0.0,5,5250,买盘
679,14:09:27,10.5,0.0,18,18900,买盘
680,14:09:40,10.5,0.0,1,1050,卖盘
681,14:09:46,10.5,0.0,10,10500,卖盘
682,14:10:07,10.5,0.0,1,1050,卖盘
683,14:10:16,10.5,0.0,15,15750,卖盘
684,14:10:27,10.49,-0.01,8,8396,卖盘
685,14:11:09,10.5,0.01,10,10500,卖盘
686,14:11:37,10.5,0.0,1,1050,卖盘
687,14:11:49,10.49,-0.01,140,146902,卖盘
688,14:12:07,10.49,0.0,2,2098,卖盘
689,14:12:52,10.49,0.0,180,188820,卖盘
690,14:13:34,10.48,-0.01,5,5240,卖盘
691,14:14:31,10.48,0.0,10,10480,卖盘
692,14:14:49,10.48,0.0,15,15720,买盘
693,14:15:49,10.46,-0.02,5,5230,卖盘
694,14:16:12,10.45,-0.01,136,142240,卖盘
695,14:16:18,10.46,0.01,3,3138,买盘
696,14:16:25,10.45,-0.01,32,33443,卖盘
697,14:16:52,10.45,0.0,15,15675,卖盘
698,14:16:58,10.45,0.0,10,10450,卖盘
699,14:17:00,10.45,0.0,6,6270,卖盘
700,14:17:06,10.44,-0.01,4,4179,卖盘
701,14:17:15,10.44,0.0,4,4698,卖盘
702,14:17:18,10.44,0.0,10,10440,买盘
703,14:17:34,10.44,0.0,10,9901,中性盘
704,14:17:52,10.42,-0.02,18,18756,卖盘
705,14:18:33,10.42,0.0,6,6252,卖盘
706,14:18:43,10.45,0.03,109,113845,买盘
707,14:19:28,10.45,0.0,21,21945,卖盘
708,14:20:55,10.43,-0.02,14,14602,卖盘
709,14:20:58,10.44,0.01,50,52200,买盘
710,14:21:01,10.43,-0.01,1,1043,卖盘
711,14:21:12,10.44,0.01,30,31320,买盘
712,14:21:21,10.45,0.01,6,6270,买盘
713,14:21:28,10.45,0.0,12,12540,买盘
714,14:21:36,10.45,0.0,23,24035,买盘
715,14:21:40,10.45,0.0,32,33440,买盘
716,14:21:46,10.45,0.0,12,12540,买盘
717,14:21:55,10.45,0.0,10,10450,卖盘
718,14:22:10,10.46,0.01,1,1046,买盘
719,14:22:13,10.46,0.0,3,3138,买盘
720,14:22:16,10.46,0.0,17,17782,买盘
721,14:22:18,10.48,0.02,65,68120,买盘
722,14:23:04,10.48,0.0,10,10480,买盘
723,14:24:16,10.48,0.0,4,4192,买盘
724,14:24:31,10.48,0.0,38,39824,买盘
725,14:24:49,10.47,-0.01,3,3141,卖盘
726,14:24:52,10.47,0.0,1,1047,卖盘
727,14:25:00,10.47,0.0,2,2094,卖盘
728,14:25:09,10.49,0.02,28,29352,买盘
729,14:25:25,10.47,-0.02,7,7329,卖盘
730,14:25:49,10.48,0.01,7,7336,买盘
731,14:26:15,10.48,0.0,1,1048,卖盘
732,14:26:49,10.48,0.0,20,20960,卖盘
733,14:26:54,10.48,0.0,7,6812,卖盘
734,14:27:25,10.5,0.02,270,283709,买盘
735,14:27:27,10.5,0.0,12,12600,卖盘
736,14:27:40,10.5,0.0,6,6300,卖盘
737,14:28:39,10.5,0.0,1,1050,卖盘
738,14:29:06,10.51,0.01,30,31530,买盘
739,14:29:16,10.5,-0.01,22,23100,卖盘
740,14:29:19,10.5,0.0,10,10500,卖盘
741,14:29:24,10.51,0.01,20,21020,买盘
742,14:29:52,10.5,-0.01,10,10500,卖盘
743,14:29:55,10.51,0.01,3,3153,买盘
744,14:30:16,10.51,0.0,92,96692,买盘
745,14:30:40,10.5,-0.01,67,69825,卖盘
746,14:31:19,10.48,-0.02,1,1048,卖盘
747,14:31:43,10.48,0.0,7,7336,卖盘
748,14:34:19,10.49,0.01,12,12588,卖盘
749,14:34:34,10.48,-0.01,1,1048,卖盘
750,14:36:25,10.49,0.01,1,1049,买盘
751,14:37:07,10.49,0.0,2,2098,买盘
752,14:37:48,10.49,0.0,1,1049,买盘
753,14:38:00,10.49,0.0,7,7341,买盘
754,14:38:16,10.49,0.0,10,10490,买盘
755,14:38:24,10.49,0.0,3,3147,卖盘
756,14:38:31,10.5,0.01,59,61950,买盘
757,14:40:09,10.49,-0.01,7,7343,卖盘
758,14:40:31,10.49,0.0,2,2098,卖盘
759,14:40:34,10.49,0.0,2,2098,卖盘
760,14:41:16,10.49,0.0,5,5245,买盘
761,14:41:21,10.48,-0.01,17,17831,卖盘
762,14:41:24,10.49,0.01,12,12588,买盘
763,14:42:25,10.49,0.0,50,52450,买盘
764,14:42:34,10.49,0.0,50,52450,买盘
765,14:42:43,10.49,0.0,7,7338,买盘
766,14:43:07,10.49,0.0,21,22029,卖盘
767,14:43:22,10.49,0.0,30,31470,卖盘
768,14:43:37,10.5,0.01,3,3150,买盘
769,14:43:40,10.51,0.01,201,211030,买盘
770,14:43:58,10.51,0.0,65,68315,买盘
771,14:44:28,10.5,-0.01,10,10500,买盘
772,14:44:43,10.5,0.0,6,6300,卖盘
773,14:44:49,10.5,0.0,14,14700,卖盘
774,14:44:55,10.51,0.01,7,7355,买盘
775,14:44:58,10.5,-0.01,1,1050,卖盘
776,14:45:01,10.5,0.0,2,2100,卖盘
777,14:45:31,10.5,0.0,4,4725,卖盘
778,14:45:52,10.5,0.0,20,21000,卖盘
779,14:45:58,10.5,0.0,58,60375,卖盘
780,14:46:01,10.5,0.0,52,54600,买盘
781,14:46:13,10.49,-0.01,10,10490,卖盘
782,14:46:25,10.49,0.0,9,9441,卖盘
783,14:46:49,10.5,0.01,1,1050,买盘
784,14:46:55,10.5,0.0,25,26250,卖盘
785,14:47:01,10.51,0.01,1,1051,买盘
786,14:47:07,10.55,0.04,420,442443,买盘
787,14:47:31,10.55,0.0,19,20045,买盘
788,14:47:46,10.55,0.0,5,5275,买盘
789,14:47:52,10.56,0.01,120,126656,买盘
790,14:47:58,10.56,0.0,5,5280,卖盘
791,14:48:05,10.56,0.0,70,73989,卖盘
792,14:48:10,10.57,0.01,1,1057,买盘
793,14:48:13,10.56,-0.01,20,21120,卖盘
794,14:48:19,10.57,0.01,10,10570,买盘
795,14:48:31,10.57,0.0,20,21140,买盘
796,14:48:34,10.56,-0.01,7,7392,卖盘
797,14:48:37,10.56,0.0,46,48576,卖盘
798,14:48:40,10.57,0.01,1,1057,买盘
799,14:48:43,10.56,-0.01,1,1056,卖盘
800,14:48:46,10.56,0.0,28,29568,买盘
801,14:48:55,10.56,0.0,8,8448,卖盘
802,14:48:58,10.56,0.0,2,2111,买盘
803,14:49:22,10.52,-0.04,6,6315,卖盘
804,14:49:37,10.56,0.04,106,111882,买盘
805,14:49:43,10.55,-0.01,2,2110,买盘
806,14:49:55,10.56,0.01,161,170005,买盘
807,14:50:01,10.56,0.0,92,97149,买盘
808,14:50:04,10.55,-0.01,15,15825,卖盘
809,14:50:13,10.55,0.0,10,10550,买盘
810,14:50:22,10.55,0.0,2,2110,买盘
811,14:50:34,10.55,0.0,8,8440,买盘
812,14:50:40,10.55,0.0,6,6330,买盘
813,14:50:58,10.55,0.0,51,53805,买盘
814,14:51:16,10.53,-0.02,142,149558,卖盘
815,14:51:25,10.54,0.01,65,68510,买盘
816,14:51:37,10.55,0.01,84,88585,买盘
817,14:51:49,10.54,-0.01,1,1054,买盘
818,14:51:52,10.54,0.0,45,47430,卖盘
819,14:51:55,10.55,0.01,12,12660,买盘
820,14:52:07,10.54,-0.01,7,7378,卖盘
821,14:52:16,10.54,0.0,40,42160,卖盘
822,14:52:19,10.54,0.0,248,261392,卖盘
823,14:52:28,10.55,0.01,10,10550,买盘
824,14:52:31,10.55,0.0,49,52220,买盘
825,14:52:40,10.55,0.0,7,6858,卖盘
826,14:52:43,10.55,0.0,8,8968,买盘
827,14:52:46,10.55,0.0,1,528,买盘
828,14:52:55,10.54,-0.01,11,11594,卖盘
829,14:52:58,10.55,0.01,1,1055,买盘
830,14:53:01,10.55,0.0,37,39562,买盘
831,14:53:04,10.55,0.0,3,3165,卖盘
832,14:53:07,10.55,0.0,2,2110,卖盘
833,14:53:13,10.55,0.0,3,3165,卖盘
834,14:53:16,10.54,-0.01,39,41124,卖盘
835,14:53:31,10.54,0.0,6,6324,卖盘
836,14:53:34,10.54,0.0,33,34782,卖盘
837,14:53:49,10.54,0.0,5,5270,卖盘
838,14:54:04,10.54,0.0,5,5270,卖盘
839,14:54:07,10.54,0.0,19,20026,卖盘
840,14:54:13,10.55,0.01,10,10550,买盘
841,14:54:19,10.54,-0.01,20,21080,卖盘
842,14:54:28,10.54,0.0,2,2108,卖盘
843,14:54:34,10.54,0.0,18,18972,卖盘
844,14:54:40,10.54,0.0,20,21080,卖盘
845,14:54:46,10.55,0.01,15,15825,买盘
846,14:54:58,10.55,0.0,1,1055,买盘
847,14:55:16,10.54,-0.01,7,7378,卖盘
848,14:55:31,10.54,0.0,38,40052,卖盘
849,14:55:34,10.55,0.01,30,31650,买盘
850,14:55:37,10.54,-0.01,20,21080,卖盘
851,14:55:46,10.55,0.01,5,5275,买盘
852,14:55:58,10.55,0.0,10,10550,买盘
853,14:56:01,10.55,0.0,5,5275,买盘
854,14:56:10,10.54,-0.01,37,38471,卖盘
855,14:56:16,10.54,0.0,2,2108,买盘
856,14:56:19,10.54,0.0,22,23188,买盘
857,14:56:25,10.53,-0.01,15,15795,卖盘
858,14:56:28,10.53,0.0,20,21070,卖盘
859,14:56:34,10.54,0.01,24,25294,买盘
860,14:56:37,10.53,-0.01,19,20007,卖盘
861,14:56:40,10.53,0.0,15,15795,卖盘
862,14:56:43,10.53,0.0,10,10530,卖盘
863,14:56:49,10.53,0.0,23,24219,卖盘
864,14:56:55,10.53,0.0,1,1053,卖盘
865,14:57:03,10.54,0.01,15,15810,买盘
866,15:00:05,10.53,-0.01,563,593366,卖盘
