,time,price,change,volume,amount,type
0,09:25:04,12.21,0.01,9,10989,卖盘
1,09:30:04,12.28,0.07,11,13508,买盘
2,09:30:07,12.28,0.0,2,2456,买盘
3,09:30:37,12.28,0.0,22,27016,买盘
4,09:30:43,12.28,0.0,3,3686,卖盘
5,09:30:46,12.28,0.0,1,1228,卖盘
6,09:30:49,12.28,0.0,1,1228,卖盘
7,09:30:52,12.28,0.0,1,1228,卖盘
8,09:31:01,12.28,0.0,2,2456,卖盘
9,09:31:06,12.33,0.05,47,57951,买盘
10,09:31:09,12.3,-0.03,5,6150,卖盘
11,09:31:34,12.29,-0.01,2,2458,买盘
12,09:31:48,12.29,0.0,20,24580,买盘
13,09:32:12,12.29,0.0,10,12290,卖盘
14,09:32:34,12.34,0.05,1,1234,中性盘
15,09:32:36,12.31,-0.03,1,1231,卖盘
16,09:32:49,12.3,-0.01,4,4920,卖盘
17,09:32:54,12.3,0.0,11,13530,买盘
18,09:32:58,12.29,-0.01,20,24585,卖盘
19,09:33:04,12.29,0.0,1,1229,买盘
20,09:33:49,12.28,-0.01,5,6140,卖盘
21,09:33:58,12.28,0.0,1,1228,买盘
22,09:34:01,12.28,0.0,6,7368,买盘
23,09:34:31,12.29,0.01,3,3687,买盘
24,09:34:34,12.28,-0.01,2,2456,卖盘
25,09:34:49,12.28,0.0,9,11052,卖盘
26,09:34:52,12.29,0.01,6,7374,买盘
27,09:35:16,12.28,-0.01,1,1228,卖盘
28,09:36:06,12.28,0.0,50,61400,卖盘
29,09:36:10,12.28,0.0,17,20876,卖盘
30,09:36:22,12.27,-0.01,13,15951,卖盘
31,09:36:25,12.27,0.0,8,9816,买盘
32,09:36:48,12.25,-0.02,2,2450,卖盘
33,09:37:01,12.26,0.01,1,1226,买盘
34,09:37:04,12.25,-0.01,1,1225,卖盘
35,09:37:06,12.25,0.0,6,7350,卖盘
36,09:37:19,12.25,0.0,8,9800,卖盘
37,09:37:22,12.25,0.0,12,14700,买盘
38,09:37:25,12.25,0.0,4,4900,买盘
39,09:37:48,12.26,0.01,10,12260,买盘
40,09:38:13,12.26,0.0,6,7356,买盘
41,09:38:22,12.26,0.0,1,1226,卖盘
42,09:38:43,12.27,0.01,36,44172,买盘
43,09:39:01,12.28,0.01,109,133852,买盘
44,09:39:04,12.29,0.01,12,14748,买盘
45,09:39:07,12.3,0.01,2,2460,买盘
46,09:39:10,12.3,0.0,1,1230,买盘
47,09:39:13,12.3,0.0,3,3690,买盘
48,09:39:16,12.3,0.0,13,15990,买盘
49,09:39:19,12.3,0.0,7,8610,买盘
50,09:39:22,12.3,0.0,1,1230,买盘
51,09:39:25,12.32,0.02,1,1232,买盘
52,09:39:34,12.35,0.03,50,61688,买盘
53,09:39:40,12.36,0.01,8,9881,买盘
54,09:39:49,12.36,0.0,16,19771,买盘
55,09:40:01,12.37,0.01,11,13607,买盘
56,09:40:07,12.38,0.01,12,14856,买盘
57,09:40:19,12.38,0.0,32,39616,买盘
58,09:40:22,12.37,-0.01,40,49482,卖盘
59,09:40:25,12.39,0.02,6,7434,买盘
60,09:40:34,12.38,-0.01,5,6190,卖盘
61,09:40:37,12.37,-0.01,86,106462,卖盘
62,09:40:52,12.38,0.01,10,12380,买盘
63,09:41:04,12.38,0.0,45,55705,买盘
64,09:41:07,12.38,0.0,8,9898,买盘
65,09:41:13,12.37,-0.01,41,51122,卖盘
66,09:41:18,12.39,0.02,8,9912,买盘
67,09:41:28,12.37,-0.02,8,9903,卖盘
68,09:41:40,12.39,0.02,2,2478,买盘
69,09:41:43,12.38,-0.01,16,19808,卖盘
70,09:41:49,12.39,0.01,49,60711,买盘
71,09:41:55,12.38,-0.01,5,6190,卖盘
72,09:41:57,12.4,0.02,1,1240,买盘
73,09:42:19,12.4,0.0,10,12400,买盘
74,09:42:22,12.39,-0.01,5,6195,卖盘
75,09:42:27,12.38,-0.01,13,16095,卖盘
76,09:42:40,12.4,0.02,40,49581,买盘
77,09:42:55,12.39,-0.01,5,6195,买盘
78,09:43:01,12.38,-0.01,13,16094,卖盘
79,09:43:06,12.38,0.0,8,9904,卖盘
80,09:43:16,12.38,0.0,1,1238,买盘
81,09:43:34,12.38,0.0,3,3714,卖盘
82,09:44:04,12.37,-0.01,1,1237,卖盘
83,09:44:13,12.38,0.01,1,1238,买盘
84,09:44:25,12.38,0.0,35,43330,买盘
85,09:44:30,12.37,-0.01,30,37119,卖盘
86,09:44:46,12.38,0.01,10,12380,卖盘
87,09:45:16,12.38,0.0,1,1238,卖盘
88,09:45:18,12.38,0.0,5,6190,卖盘
89,09:45:25,12.39,0.01,1,1239,买盘
90,09:45:37,12.38,-0.01,5,6190,卖盘
91,09:45:40,12.38,0.0,6,7433,卖盘
92,09:45:46,12.38,0.0,30,37140,卖盘
93,09:46:04,12.38,0.0,15,18570,买盘
94,09:46:06,12.37,-0.01,27,33399,卖盘
95,09:46:09,12.37,0.0,14,17318,卖盘
96,09:46:12,12.38,0.01,5,6190,买盘
97,09:46:25,12.37,-0.01,10,12370,卖盘
98,09:46:28,12.37,0.0,11,13508,卖盘
99,09:46:36,12.37,0.0,10,12370,卖盘
100,09:46:40,12.37,0.0,2,2474,卖盘
101,09:46:57,12.37,0.0,20,24740,卖盘
102,09:47:04,12.37,0.0,41,50717,卖盘
103,09:47:06,12.37,0.0,30,37110,卖盘
104,09:47:12,12.37,0.0,27,33399,卖盘
105,09:47:22,12.38,0.01,3,3714,买盘
106,09:47:25,12.37,-0.01,43,53191,卖盘
107,09:47:28,12.37,0.0,29,35897,卖盘
108,09:47:31,12.36,-0.01,67,82595,卖盘
109,09:47:33,12.35,-0.01,81,100035,卖盘
110,09:47:36,12.35,0.0,78,96330,卖盘
111,09:47:40,12.35,0.0,1,1235,卖盘
112,09:47:43,12.35,0.0,45,55575,卖盘
113,09:48:04,12.33,-0.02,7,8631,买盘
114,09:48:31,12.33,0.0,4,4932,卖盘
115,09:49:04,12.33,0.0,1,1233,买盘
116,09:49:48,12.31,-0.02,2,2462,卖盘
117,09:50:04,12.31,0.0,19,23389,买盘
118,09:50:34,12.33,0.02,1,1233,买盘
119,09:50:36,12.3,-0.03,1,1230,卖盘
120,09:50:49,12.33,0.03,11,13563,买盘
121,09:51:04,12.33,0.0,1,1233,买盘
122,09:51:10,12.31,-0.02,12,14772,卖盘
123,09:51:28,12.33,0.02,42,51712,买盘
124,09:51:49,12.33,0.0,5,6165,买盘
125,09:52:01,12.33,0.0,3,3699,买盘
126,09:52:09,12.33,0.0,1,1739,买盘
127,09:52:42,12.33,0.0,3,3699,卖盘
128,09:53:04,12.33,0.0,1,1233,买盘
129,09:53:25,12.33,0.0,26,32058,买盘
130,09:53:49,12.33,0.0,5,6165,卖盘
131,09:54:25,12.33,0.0,5,6168,卖盘
132,09:54:52,12.3,-0.03,11,13530,卖盘
133,09:55:04,12.33,0.03,8,9864,买盘
134,09:55:13,12.33,0.0,2,2466,卖盘
135,09:55:16,12.35,0.02,33,40747,买盘
136,09:55:22,12.36,0.01,1,1236,买盘
137,09:55:25,12.35,-0.01,1,1235,卖盘
138,09:55:28,12.35,0.0,1,1235,卖盘
139,09:55:31,12.35,0.0,1,1235,卖盘
140,09:55:33,12.35,0.0,1,1235,卖盘
141,09:55:37,12.35,0.0,1,1235,卖盘
142,09:55:40,12.35,0.0,3,3705,卖盘
143,09:55:42,12.35,0.0,1,1235,卖盘
144,09:55:46,12.36,0.01,3,3707,买盘
145,09:56:01,12.36,0.0,5,6176,买盘
146,09:56:07,12.36,0.0,13,16340,买盘
147,09:56:28,12.36,0.0,5,6180,卖盘
148,09:56:54,12.36,0.0,10,12088,卖盘
149,09:57:10,12.35,-0.01,10,12351,卖盘
150,09:57:12,12.35,0.0,6,7410,买盘
151,09:57:31,12.35,0.0,2,2470,买盘
152,09:57:54,12.35,0.0,20,24700,买盘
153,09:58:04,12.33,-0.02,5,6165,卖盘
154,09:58:16,12.33,0.0,1,1233,卖盘
155,09:58:52,12.34,0.01,1,1234,卖盘
156,09:58:58,12.34,0.0,2,2468,卖盘
157,09:59:04,12.33,-0.01,4,4932,卖盘
158,09:59:07,12.33,0.0,3,3699,买盘
159,09:59:46,12.33,0.0,226,278658,买盘
160,10:00:04,12.31,-0.02,4,4924,卖盘
161,10:00:31,12.33,0.02,4,4932,买盘
162,10:01:06,12.33,0.0,1,1233,买盘
163,10:01:13,12.31,-0.02,58,71400,卖盘
164,10:01:40,12.31,0.0,20,24620,买盘
165,10:01:48,12.31,0.0,20,24620,买盘
166,10:01:52,12.31,0.0,1,1231,买盘
167,10:01:55,12.31,0.0,2,2461,买盘
168,10:02:07,12.3,-0.01,2,2733,卖盘
169,10:02:33,12.31,0.01,19,23389,买盘
170,10:02:43,12.31,0.0,1,1231,买盘
171,10:03:15,12.32,0.01,1,1232,卖盘
172,10:03:34,12.32,0.0,19,23408,买盘
173,10:03:46,12.32,0.0,1,1232,买盘
174,10:03:52,12.32,0.0,1,1232,买盘
175,10:04:07,12.32,0.0,2,2464,买盘
176,10:04:36,12.32,0.0,19,23408,买盘
177,10:05:06,12.32,0.0,1,1232,买盘
178,10:05:36,12.34,0.02,15,18482,买盘
179,10:05:39,12.34,0.0,4,4936,买盘
180,10:06:07,12.34,0.0,1,1234,买盘
181,10:06:12,12.34,0.0,1,1234,买盘
182,10:06:40,12.35,0.01,19,23457,买盘
183,10:07:06,12.35,0.0,2,2470,买盘
184,10:07:10,12.35,0.0,17,20995,买盘
185,10:07:37,12.37,0.02,20,24740,买盘
186,10:07:39,12.37,0.0,1,1237,买盘
187,10:07:48,12.37,0.0,10,12370,买盘
188,10:07:51,12.36,-0.01,1,1236,卖盘
189,10:07:54,12.37,0.01,10,12370,买盘
190,10:08:04,12.38,0.01,25,30949,卖盘
191,10:08:07,12.36,-0.02,10,12365,卖盘
192,10:09:07,12.38,0.02,10,12380,买盘
193,10:09:13,12.38,0.0,10,12380,买盘
194,10:10:04,12.38,0.0,7,8344,买盘
195,10:10:21,12.38,0.0,5,6190,卖盘
196,10:10:52,12.39,0.01,9,11151,买盘
197,10:10:55,12.39,0.0,1,1239,买盘
198,10:11:19,12.39,0.0,21,26019,买盘
199,10:11:40,12.39,0.0,13,16107,买盘
200,10:11:55,12.38,-0.01,10,12380,卖盘
201,10:11:58,12.38,0.0,6,7428,卖盘
202,10:12:13,12.37,-0.01,3,3711,卖盘
203,10:12:16,12.35,-0.02,11,13600,卖盘
204,10:12:58,12.35,0.0,1,1235,买盘
205,10:13:01,12.35,0.0,2,2470,买盘
206,10:13:04,12.35,0.0,1,1235,买盘
207,10:13:07,12.35,0.0,2,2470,买盘
208,10:13:40,12.35,0.0,4,4940,买盘
209,10:14:36,12.35,0.0,1,1235,卖盘
210,10:16:24,12.37,0.02,1,1237,买盘
211,10:16:46,12.37,0.0,11,13607,买盘
212,10:16:51,12.36,-0.01,1,1236,卖盘
213,10:17:07,12.36,0.0,1,1236,买盘
214,10:17:09,12.36,0.0,1,1236,买盘
215,10:17:43,12.35,-0.01,14,17290,卖盘
216,10:17:46,12.35,0.0,6,7410,买盘
217,10:17:49,12.35,0.0,5,6175,买盘
218,10:17:57,12.33,-0.02,1,1603,卖盘
219,10:18:39,12.34,0.01,1,1234,卖盘
220,10:19:06,12.34,0.0,1,1234,买盘
221,10:19:49,12.35,0.01,1,1235,买盘
222,10:20:04,12.35,0.0,1,1235,买盘
223,10:20:07,12.35,0.0,2,2470,买盘
224,10:21:07,12.35,0.0,2,2470,买盘
225,10:21:15,12.35,0.0,2,2470,买盘
226,10:21:48,12.35,0.0,2,2470,买盘
227,10:21:52,12.35,0.0,5,6175,买盘
228,10:22:06,12.35,0.0,1,1235,买盘
229,10:22:16,12.35,0.0,3,3705,买盘
230,10:22:19,12.35,0.0,3,3705,买盘
231,10:22:58,12.34,-0.01,7,8638,卖盘
232,10:23:52,12.35,0.01,1,1235,买盘
233,10:24:31,12.34,-0.01,1,1234,卖盘
234,10:24:36,12.35,0.01,1,1235,买盘
235,10:25:19,12.34,-0.01,1,1234,卖盘
236,10:26:21,12.35,0.01,1,1235,买盘
237,10:26:46,12.34,-0.01,2,2468,卖盘
238,10:27:04,12.34,0.0,2,2468,卖盘
239,10:27:15,12.35,0.01,1,1235,买盘
240,10:27:36,12.35,0.0,9,11115,买盘
241,10:28:04,12.35,0.0,2,2470,买盘
242,10:28:09,12.35,0.0,13,16050,买盘
243,10:28:21,12.35,0.0,33,40755,买盘
244,10:28:51,12.35,0.0,6,7410,买盘
245,10:29:04,12.35,0.0,1,1235,买盘
246,10:29:52,12.35,0.0,11,13585,买盘
247,10:30:16,12.36,0.01,1,1236,买盘
248,10:30:22,12.35,-0.01,20,24700,卖盘
249,10:30:51,12.36,0.01,26,32111,买盘
250,10:30:57,12.35,-0.01,33,40755,卖盘
251,10:31:19,12.35,0.0,4,4940,卖盘
252,10:31:51,12.34,-0.01,25,30850,卖盘
253,10:32:13,12.34,0.0,1,1234,卖盘
254,10:32:46,12.33,-0.01,5,6165,卖盘
255,10:33:07,12.33,0.0,2,2466,卖盘
256,10:33:31,12.34,0.01,1,1234,卖盘
257,10:33:34,12.35,0.01,1,1235,买盘
258,10:34:01,12.33,-0.02,25,30825,卖盘
259,10:34:04,12.33,0.0,16,19358,卖盘
260,10:34:43,12.33,0.0,4,5302,买盘
261,10:34:55,12.33,0.0,5,6165,卖盘
262,10:35:10,12.33,0.0,82,101106,卖盘
263,10:35:16,12.33,0.0,3,3699,卖盘
264,10:35:25,12.33,0.0,14,16892,卖盘
265,10:35:46,12.33,0.0,4,5302,买盘
266,10:36:22,12.34,0.01,1,1234,卖盘
267,10:36:34,12.34,0.0,1,1234,卖盘
268,10:37:07,12.33,-0.01,81,99874,卖盘
269,10:37:10,12.33,0.0,1,1233,卖盘
270,10:37:12,12.33,0.0,1,1233,卖盘
271,10:37:37,12.35,0.02,5,6175,买盘
272,10:37:49,12.35,0.0,47,58045,买盘
273,10:37:52,12.33,-0.02,24,29228,卖盘
274,10:37:55,12.33,0.0,1,1233,买盘
275,10:37:58,12.33,0.0,1,1233,买盘
276,10:38:04,12.33,0.0,2,2466,买盘
277,10:38:07,12.31,-0.02,11,13541,卖盘
278,10:38:10,12.31,0.0,12,14772,买盘
279,10:38:13,12.31,0.0,7,8617,买盘
280,10:38:24,12.33,0.02,1,1233,买盘
281,10:39:04,12.33,0.0,1,1233,买盘
282,10:39:36,12.33,0.0,18,22194,买盘
283,10:39:42,12.36,0.03,18,22248,买盘
284,10:39:46,12.35,-0.01,30,37050,卖盘
285,10:40:04,12.35,0.0,2,2470,中性盘
286,10:40:54,12.35,0.0,13,16055,买盘
287,10:41:04,12.35,0.0,1,1235,买盘
288,10:42:04,12.35,0.0,1,1235,买盘
289,10:42:45,12.35,0.0,1,1235,买盘
290,10:42:51,12.35,0.0,1,1235,买盘
291,10:43:16,12.33,-0.02,1,1233,卖盘
292,10:44:46,12.34,0.01,1,1234,卖盘
293,10:44:51,12.33,-0.01,2,2466,卖盘
294,10:45:18,12.33,0.0,2,2466,卖盘
295,10:45:51,12.33,0.0,1,1233,买盘
296,10:46:04,12.33,0.0,1,1233,买盘
297,10:46:10,12.35,0.02,123,151891,买盘
298,10:46:27,12.35,0.0,71,87685,卖盘
299,10:46:31,12.32,-0.03,7,8630,卖盘
300,10:47:04,12.34,0.02,1,1234,买盘
301,10:48:04,12.34,0.0,1,1234,买盘
302,10:48:12,12.34,0.0,5,6170,买盘
303,10:49:04,12.33,-0.01,1,1233,买盘
304,10:49:33,12.33,0.0,1,1233,买盘
305,10:49:45,12.33,0.0,9,11097,买盘
306,10:50:15,12.33,0.0,40,49320,卖盘
307,10:50:54,12.33,0.0,2,2466,卖盘
308,10:52:22,12.33,0.0,8,9864,卖盘
309,10:53:04,12.32,-0.01,16,19713,卖盘
310,10:54:04,12.33,0.01,4,4932,买盘
311,10:54:09,12.33,0.0,1,1233,买盘
312,10:54:21,12.33,0.0,4,4932,买盘
313,10:55:04,12.33,0.0,1,1233,买盘
314,10:55:06,12.33,0.0,1,1233,卖盘
315,10:55:27,12.33,0.0,3,3699,卖盘
316,10:56:04,12.34,0.01,5,6170,买盘
317,10:56:33,12.34,0.0,1,1234,买盘
318,10:56:57,12.32,-0.02,15,18485,卖盘
319,10:57:09,12.33,0.01,1,1233,卖盘
320,10:57:30,12.32,-0.01,8,9856,卖盘
321,10:58:04,12.32,0.0,1,1232,买盘
322,10:58:16,12.31,-0.01,15,18465,卖盘
323,10:58:46,12.31,0.0,3,3693,卖盘
324,10:58:49,12.31,0.0,4,4924,买盘
325,10:59:04,12.32,0.01,2,2464,买盘
326,11:00:30,12.33,0.01,36,44371,买盘
327,11:01:19,12.31,-0.02,1,1231,卖盘
328,11:01:27,12.3,-0.01,18,22140,卖盘
329,11:02:28,12.33,0.03,38,46854,买盘
330,11:03:00,12.34,0.01,41,50589,买盘
331,11:04:16,12.3,-0.04,97,119310,卖盘
332,11:04:19,12.3,0.0,135,166050,买盘
333,11:04:39,12.3,0.0,10,12300,买盘
334,11:06:21,12.3,0.0,1,1230,买盘
335,11:06:30,12.29,-0.01,1,1229,卖盘
336,11:07:00,12.28,-0.01,30,36861,卖盘
337,11:07:09,12.3,0.02,1,1230,买盘
338,11:07:33,12.28,-0.02,30,36840,卖盘
339,11:07:57,12.28,0.0,12,14736,卖盘
340,11:08:00,12.28,0.0,10,12280,卖盘
341,11:08:09,12.28,0.0,3,3684,卖盘
342,11:08:36,12.3,0.02,11,13527,买盘
343,11:09:18,12.3,0.0,1,1230,买盘
344,11:10:04,12.29,-0.01,5,6145,卖盘
345,11:10:07,12.29,0.0,1,1229,买盘
346,11:10:10,12.29,0.0,1,1229,买盘
347,11:10:15,12.29,0.0,3,3687,买盘
348,11:10:30,12.3,0.01,18,22140,买盘
349,11:10:58,12.3,0.0,1,1230,买盘
350,11:11:19,12.29,-0.01,1,1229,卖盘
351,11:11:36,12.3,0.01,9,11070,买盘
352,11:12:01,12.3,0.0,16,19680,买盘
353,11:12:18,12.3,0.0,20,24600,买盘
354,11:12:24,12.3,0.0,2,2460,买盘
355,11:12:45,12.3,0.0,10,12300,买盘
356,11:12:57,12.3,0.0,10,12300,买盘
357,11:13:42,12.3,0.0,19,23370,买盘
358,11:13:45,12.3,0.0,24,29520,买盘
359,11:15:24,12.29,-0.01,9,11061,卖盘
360,11:15:30,12.29,0.0,1,1229,卖盘
361,11:15:33,12.3,0.01,5,6150,买盘
362,11:15:43,12.3,0.0,2,2460,买盘
363,11:16:10,12.3,0.0,50,61500,买盘
364,11:16:15,12.3,0.0,4,4920,买盘
365,11:16:45,12.29,-0.01,22,27046,卖盘
366,11:17:42,12.29,0.0,2,2458,买盘
367,11:19:51,12.29,0.0,8,9832,买盘
368,11:19:54,12.29,0.0,19,23351,买盘
369,11:20:00,12.32,0.03,4,4928,买盘
370,11:20:04,12.34,0.02,1,1234,买盘
371,11:20:09,12.32,-0.02,4,4928,卖盘
372,11:20:25,12.32,0.0,6,7391,买盘
373,11:22:04,12.31,-0.01,3,3693,卖盘
374,11:23:00,12.29,-0.02,1,1229,卖盘
375,11:23:15,12.29,0.0,6,7374,卖盘
376,11:23:42,12.29,0.0,1,1229,买盘
377,11:23:45,12.29,0.0,70,86030,买盘
378,11:23:48,12.29,0.0,46,56534,买盘
379,11:24:06,12.29,0.0,19,23968,卖盘
380,11:24:16,12.3,0.01,21,25830,买盘
381,11:24:30,12.29,-0.01,9,10446,卖盘
382,11:24:33,12.29,0.0,1,1844,买盘
383,11:25:12,12.29,0.0,4,4916,卖盘
384,11:25:15,12.28,-0.01,52,63857,卖盘
385,11:25:58,12.28,0.0,32,39296,买盘
386,11:26:21,12.28,0.0,10,12280,买盘
387,11:26:27,12.28,0.0,7,8596,买盘
388,11:26:33,12.28,0.0,1,1228,买盘
389,11:27:04,12.28,0.0,10,12280,卖盘
390,11:27:13,12.28,0.0,62,76136,卖盘
391,11:27:43,12.28,0.0,30,36840,买盘
392,11:28:30,12.28,0.0,1,1228,卖盘
393,11:28:49,12.28,0.0,15,18420,买盘
394,11:29:09,12.28,0.0,2,2456,卖盘
395,11:29:33,12.28,0.0,24,29472,卖盘
396,11:29:54,12.27,-0.01,3,3681,卖盘
397,13:00:01,12.28,0.01,20,24560,买盘
398,13:00:05,12.34,0.06,116,141594,买盘
399,13:01:33,12.34,0.0,1,1234,买盘
400,13:02:18,12.34,0.0,10,12340,买盘
401,13:03:36,12.34,0.0,56,69104,卖盘
402,13:03:39,12.34,0.0,1,1234,卖盘
403,13:03:42,12.34,0.0,10,12340,卖盘
404,13:03:45,12.34,0.0,6,7404,卖盘
405,13:03:54,12.34,0.0,5,6170,买盘
406,13:04:19,12.34,0.0,19,23446,卖盘
407,13:04:42,12.35,0.01,7,8643,买盘
408,13:04:54,12.35,0.0,2,2470,买盘
409,13:05:01,12.33,-0.02,4,4932,卖盘
410,13:05:36,12.33,0.0,1,1233,买盘
411,13:07:42,12.33,0.0,1,1233,买盘
412,13:10:42,12.33,0.0,1,1233,买盘
413,13:12:18,12.33,0.0,1,1233,买盘
414,13:12:54,12.3,-0.03,1,1230,卖盘
415,13:13:24,12.29,-0.01,2,2458,卖盘
416,13:13:39,12.29,0.0,3,3687,卖盘
417,13:14:18,12.29,0.0,5,6145,买盘
418,13:15:51,12.29,0.0,1,1229,卖盘
419,13:16:18,12.3,0.01,1,1230,买盘
420,13:16:54,12.3,0.0,1,1230,买盘
421,13:18:18,12.33,0.03,3,3699,买盘
422,13:18:30,12.3,-0.03,1,1230,卖盘
423,13:18:33,12.33,0.03,1,1233,买盘
424,13:18:36,12.33,0.0,1,1233,买盘
425,13:18:48,12.3,-0.03,1,1230,卖盘
426,13:19:00,12.33,0.03,1,1233,买盘
427,13:19:18,12.33,0.0,3,3699,买盘
428,13:19:39,12.33,0.0,4,5672,买盘
429,13:20:09,12.34,0.01,3,3702,买盘
430,13:20:33,12.34,0.0,9,11106,买盘
431,13:20:43,12.34,0.0,23,28382,卖盘
432,13:20:52,12.34,0.0,3,3702,买盘
433,13:21:00,12.34,0.0,4,4936,买盘
434,13:22:42,12.35,0.01,1,1235,买盘
435,13:22:57,12.34,-0.01,50,61700,卖盘
436,13:24:09,12.34,0.0,1,1234,卖盘
437,13:24:36,12.35,0.01,38,46904,买盘
438,13:25:00,12.34,-0.01,1,1234,卖盘
439,13:25:09,12.34,0.0,2,2468,卖盘
440,13:25:37,12.35,0.01,1,1235,买盘
441,13:26:15,12.33,-0.02,1,493,买盘
442,13:27:15,12.35,0.02,4,4939,卖盘
443,13:28:04,12.35,0.0,26,31986,买盘
444,13:28:06,12.35,0.0,24,29640,卖盘
445,13:28:21,12.35,0.0,1,1235,买盘
446,13:28:24,12.35,0.0,17,20995,买盘
447,13:28:27,12.35,0.0,2,2470,卖盘
448,13:28:33,12.35,0.0,12,14820,卖盘
449,13:28:39,12.35,0.0,1,1235,买盘
450,13:28:43,12.35,0.0,1,1358,卖盘
451,13:29:09,12.32,-0.03,2,2464,卖盘
452,13:33:30,12.34,0.02,1,1234,买盘
453,13:34:04,12.33,-0.01,4,4932,卖盘
454,13:34:15,12.32,-0.01,11,13552,卖盘
455,13:34:27,12.32,0.0,1,1232,卖盘
456,13:34:39,12.32,0.0,22,27093,买盘
457,13:34:52,12.32,0.0,11,13552,卖盘
458,13:35:27,12.3,-0.02,40,49203,卖盘
459,13:35:49,12.3,0.0,3,3690,卖盘
460,13:36:36,12.29,-0.01,40,49163,卖盘
461,13:36:45,12.3,0.01,10,12300,卖盘
462,13:38:03,12.29,-0.01,4,4916,卖盘
463,13:38:31,12.29,0.0,2,2458,买盘
464,13:39:03,12.29,0.0,24,29373,卖盘
465,13:40:12,12.29,0.0,2,2581,卖盘
466,13:40:30,12.29,0.0,1,1229,买盘
467,13:40:48,12.28,-0.01,2,2456,卖盘
468,13:41:15,12.29,0.01,2,2458,买盘
469,13:41:33,12.29,0.0,1,1229,买盘
470,13:42:27,12.29,0.0,2,2458,买盘
471,13:42:51,12.29,0.0,30,36870,买盘
472,13:42:54,12.29,0.0,1,1229,买盘
473,13:43:03,12.29,0.0,1,1229,买盘
474,13:43:39,12.29,0.0,1,1106,卖盘
475,13:44:48,12.29,0.0,32,39451,卖盘
476,13:45:04,12.29,0.0,1,1229,买盘
477,13:45:22,12.29,0.0,20,24580,买盘
478,13:45:30,12.29,0.0,2,2458,买盘
479,13:46:24,12.28,-0.01,1,1228,卖盘
480,13:46:51,12.29,0.01,10,12290,买盘
481,13:46:54,12.28,-0.01,3,3684,卖盘
482,13:47:27,12.28,0.0,1,1228,卖盘
483,13:48:39,12.29,0.01,8,9831,买盘
484,13:48:45,12.29,0.0,1,1229,买盘
485,13:48:48,12.29,0.0,25,30602,买盘
486,13:49:09,12.33,0.04,27,33199,买盘
487,13:49:19,12.33,0.0,3,3699,买盘
488,13:49:52,12.29,-0.04,10,12290,卖盘
489,13:50:54,12.3,0.01,1,1230,卖盘
490,13:51:04,12.32,0.02,1,1232,买盘
491,13:51:33,12.32,0.0,11,13552,买盘
492,13:51:54,12.32,0.0,1,1232,买盘
493,13:52:04,12.32,0.0,1,1232,买盘
494,13:52:12,12.32,0.0,1,1232,买盘
495,13:52:58,12.31,-0.01,1,1231,卖盘
496,13:53:49,12.31,0.0,3,3693,卖盘
497,13:54:09,12.3,-0.01,27,33210,卖盘
498,13:56:12,12.3,0.0,4,4920,卖盘
499,13:56:48,12.29,-0.01,88,108152,卖盘
500,13:57:21,12.29,0.0,3,3687,买盘
501,13:57:39,12.28,-0.01,100,122800,卖盘
502,13:58:33,12.28,0.0,26,32788,卖盘
503,13:59:54,12.28,0.0,2,1596,买盘
504,14:00:18,12.29,0.01,1,1229,买盘
505,14:00:39,12.29,0.0,2,2458,买盘
506,14:00:54,12.29,0.0,1,1229,买盘
507,14:02:36,12.29,0.0,9,11061,买盘
508,14:02:45,12.29,0.0,1,1229,买盘
509,14:02:48,12.29,0.0,28,34396,买盘
510,14:02:54,12.29,0.0,9,11061,买盘
511,14:02:57,12.34,0.05,1,1234,买盘
512,14:03:28,12.32,-0.02,1,1232,卖盘
513,14:04:21,12.33,0.01,2,2466,中性盘
514,14:04:24,12.33,0.0,4,4932,卖盘
515,14:06:19,12.31,-0.02,3,3693,卖盘
516,14:07:57,12.29,-0.02,20,24584,卖盘
517,14:08:15,12.31,0.02,1,1231,买盘
518,14:08:39,12.31,0.0,10,12310,卖盘
519,14:08:54,12.32,0.01,1,1232,卖盘
520,14:09:04,12.31,-0.01,9,11079,卖盘
521,14:09:16,12.31,0.0,1,1231,买盘
522,14:10:51,12.3,-0.01,3,3690,卖盘
523,14:10:57,12.3,0.0,9,11070,买盘
524,14:11:06,12.28,-0.02,10,12286,卖盘
525,14:11:15,12.3,0.02,1,1230,买盘
526,14:11:18,12.3,0.0,4,4920,买盘
527,14:11:21,12.3,0.0,4,4920,买盘
528,14:11:37,12.31,0.01,4,4924,买盘
529,14:14:27,12.31,0.0,9,11079,买盘
530,14:14:36,12.31,0.0,28,34468,卖盘
531,14:14:55,12.3,-0.01,1,1230,卖盘
532,14:15:01,12.3,0.0,4,4920,买盘
533,14:16:12,12.3,0.0,10,12300,卖盘
534,14:16:15,12.3,0.0,20,24600,买盘
535,14:16:30,12.3,0.0,4,4920,买盘
536,14:17:48,12.3,0.0,20,24600,买盘
537,14:18:21,12.31,0.01,1,1231,买盘
538,14:18:57,12.31,0.0,22,27082,买盘
539,14:19:09,12.32,0.01,20,24640,买盘
540,14:20:12,12.32,0.0,1,1232,买盘
541,14:20:21,12.32,0.0,8,9856,买盘
542,14:21:42,12.33,0.01,1,1233,买盘
543,14:23:06,12.32,-0.01,9,11088,卖盘
544,14:23:16,12.33,0.01,1,1233,买盘
545,14:23:27,12.32,-0.01,10,12320,卖盘
546,14:23:48,12.32,0.0,50,61600,卖盘
547,14:24:28,12.31,-0.01,18,22167,卖盘
548,14:24:55,12.31,0.0,10,12310,买盘
549,14:25:48,12.31,0.0,12,14772,买盘
550,14:26:12,12.32,0.01,1,1232,卖盘
551,14:26:37,12.31,-0.01,12,14772,卖盘
552,14:27:24,12.31,0.0,1,1231,买盘
553,14:28:28,12.31,0.0,1,1231,买盘
554,14:28:36,12.33,0.02,14,17259,买盘
555,14:29:40,12.33,0.0,14,17262,买盘
556,14:30:39,12.34,0.01,14,17263,买盘
557,14:31:25,12.34,0.0,28,34552,买盘
558,14:31:39,12.34,0.0,14,17276,买盘
559,14:32:13,12.3,-0.04,79,97196,卖盘
560,14:32:15,12.3,0.0,10,12300,买盘
561,14:32:39,12.34,0.04,14,17276,买盘
562,14:32:46,12.3,-0.04,2,3198,卖盘
563,14:33:45,12.34,0.04,14,17265,买盘
564,14:34:45,12.34,0.0,14,17276,买盘
565,14:34:57,12.3,-0.04,5,6150,卖盘
566,14:35:48,12.34,0.04,14,17265,买盘
567,14:36:49,12.34,0.0,44,54265,买盘
568,14:37:51,12.34,0.0,14,17276,买盘
569,14:38:51,12.34,0.0,14,17276,买盘
570,14:39:51,12.34,0.0,14,17276,买盘
571,14:40:28,12.33,-0.01,1,1233,买盘
572,14:40:36,12.33,0.0,1,1233,买盘
573,14:40:46,12.33,0.0,1,1233,买盘
574,14:40:55,12.34,0.01,14,17268,买盘
575,14:41:10,12.33,-0.01,1,1233,卖盘
576,14:41:40,12.33,0.0,3,3699,买盘
577,14:41:58,12.34,0.01,14,17276,买盘
578,14:42:28,12.34,0.0,10,12340,买盘
579,14:42:55,12.35,0.01,14,17279,买盘
580,14:43:24,12.35,0.0,20,24700,买盘
581,14:43:37,12.35,0.0,23,28405,买盘
582,14:43:49,12.35,0.0,1,1235,买盘
583,14:44:01,12.35,0.0,14,17290,买盘
584,14:44:52,12.35,0.0,1,1235,买盘
585,14:45:01,12.36,0.01,14,17304,买盘
586,14:45:18,12.36,0.0,1,1236,买盘
587,14:45:24,12.36,0.0,2,2472,买盘
588,14:46:00,12.37,0.01,14,17310,买盘
589,14:46:13,12.37,0.0,42,51944,买盘
590,14:46:16,12.37,0.0,17,21400,买盘
591,14:46:37,12.38,0.01,102,126276,买盘
592,14:46:51,12.39,0.01,20,24780,买盘
593,14:46:58,12.39,0.0,103,127607,买盘
594,14:47:01,12.39,0.0,1,1239,买盘
595,14:47:04,12.4,0.01,14,17347,买盘
596,14:47:07,12.4,0.0,20,24800,买盘
597,14:47:16,12.4,0.0,100,124000,买盘
598,14:47:22,12.4,0.0,61,75631,买盘
599,14:47:37,12.4,0.0,1,1240,买盘
600,14:47:40,12.41,0.01,20,24820,中性盘
601,14:47:48,12.42,0.01,4,4968,买盘
602,14:47:58,12.41,-0.01,5,6208,卖盘
603,14:48:01,12.42,0.01,20,24840,买盘
604,14:48:07,12.42,0.0,33,40953,买盘
605,14:48:12,12.4,-0.02,1,1240,卖盘
606,14:48:24,12.42,0.02,1,1242,买盘
607,14:48:28,12.42,0.0,1,1242,买盘
608,14:48:36,12.42,0.0,17,20568,买盘
609,14:48:40,12.43,0.01,3,3729,买盘
610,14:48:43,12.43,0.0,15,18645,买盘
611,14:48:46,12.42,-0.01,5,6210,卖盘
612,14:48:49,12.42,0.0,10,12420,卖盘
613,14:48:55,12.42,0.0,21,26082,卖盘
614,14:49:04,12.43,0.01,34,42242,买盘
615,14:49:24,12.42,-0.01,15,18630,卖盘
616,14:49:52,12.42,0.0,3,3726,卖盘
617,14:50:01,12.43,0.01,54,67122,买盘
618,14:50:06,12.44,0.01,14,17416,买盘
619,14:50:09,12.43,-0.01,9,11187,卖盘
620,14:50:16,12.43,0.0,17,21131,卖盘
621,14:50:34,12.43,0.0,20,24860,买盘
622,14:51:07,12.43,0.0,14,17402,买盘
623,14:51:13,12.41,-0.02,60,75018,卖盘
624,14:51:25,12.4,-0.01,1,1240,卖盘
625,14:51:40,12.39,-0.01,1,1239,卖盘
626,14:51:57,12.39,0.0,18,22302,卖盘
627,14:52:07,12.39,0.0,53,65646,买盘
628,14:52:10,12.39,0.0,18,22316,卖盘
629,14:52:16,12.39,0.0,18,21757,卖盘
630,14:52:43,12.38,-0.01,13,16643,卖盘
631,14:52:46,12.37,-0.01,1,1237,卖盘
632,14:52:49,12.38,0.01,5,6190,买盘
633,14:52:55,12.38,0.0,10,12380,买盘
634,14:53:28,12.4,0.02,44,54508,买盘
635,14:53:42,12.4,0.0,3,3720,买盘
636,14:54:22,12.4,0.0,5,6200,买盘
637,14:54:39,12.38,-0.02,1,1238,卖盘
638,14:54:43,12.39,0.01,10,12390,买盘
639,14:54:55,12.38,-0.01,1,1238,卖盘
640,14:55:01,12.39,0.01,3,3717,卖盘
641,14:55:07,12.43,0.04,200,248278,买盘
642,14:55:46,12.42,-0.01,16,19872,买盘
643,14:55:57,12.42,0.0,10,12420,买盘
644,14:56:16,12.43,0.01,39,48452,买盘
645,14:56:19,12.42,-0.01,10,12420,卖盘
646,14:56:22,12.43,0.01,2,2486,买盘
647,14:56:27,12.42,-0.01,15,18630,卖盘
648,14:56:39,12.42,0.0,2,2484,买盘
649,14:56:43,12.41,-0.01,1,1241,卖盘
650,14:56:46,12.41,0.0,11,13651,卖盘
651,14:56:52,12.42,0.01,5,6210,买盘
652,14:57:01,12.42,0.0,26,32292,卖盘
653,15:00:04,12.42,0.0,283,351486,卖盘
