,time,price,change,volume,amount,type
0,09:25:04,12.41,-0.11,34,42194,卖盘
1,09:30:04,12.43,0.02,25,31084,中性盘
2,09:30:19,12.45,0.02,3,3735,买盘
3,09:30:31,12.44,-0.01,3,3734,中性盘
4,09:30:34,12.44,0.0,3,3732,买盘
5,09:30:36,12.44,0.0,5,6220,买盘
6,09:32:16,12.42,-0.02,2,2484,买盘
7,09:32:19,12.47,0.05,25,31291,中性盘
8,09:32:22,12.51,0.04,42,52569,中性盘
9,09:32:25,12.54,0.03,15,18783,中性盘
10,09:32:31,12.47,-0.07,1,1247,买盘
11,09:32:42,12.54,0.07,11,13794,买盘
12,09:33:04,12.51,-0.03,1,1251,买盘
13,09:33:34,12.43,-0.08,10,12430,卖盘
14,09:34:43,12.43,0.0,30,37290,卖盘
15,09:34:49,12.45,0.02,10,12450,买盘
16,09:36:04,12.5,0.05,1,1250,买盘
17,09:36:55,12.46,-0.04,6,7476,卖盘
18,09:37:10,12.46,0.0,8,9964,买盘
19,09:37:34,12.46,0.0,50,62300,卖盘
20,09:38:04,12.5,0.04,1,1250,买盘
21,09:38:19,12.46,-0.04,13,16198,卖盘
22,09:38:27,12.42,-0.04,10,12420,卖盘
23,09:38:40,12.42,0.0,9,11178,买盘
24,09:39:04,12.46,0.04,1,1246,买盘
25,09:40:16,12.46,0.0,17,21182,买盘
26,09:42:54,12.47,0.01,16,19952,卖盘
27,09:43:01,12.47,0.0,5,6235,买盘
28,09:43:04,12.46,-0.01,2,2492,卖盘
29,09:45:25,12.46,0.0,12,14952,卖盘
30,09:45:27,12.46,0.0,18,22428,卖盘
31,09:45:30,12.46,0.0,1,1246,卖盘
32,09:45:55,12.46,0.0,11,13706,卖盘
33,09:45:57,12.46,0.0,13,16198,卖盘
34,09:46:10,12.46,0.0,6,7476,卖盘
35,09:49:07,12.46,0.0,10,12460,卖盘
36,09:50:22,12.46,0.0,2,2492,卖盘
37,09:50:40,12.47,0.01,2,2494,买盘
38,09:50:58,12.47,0.0,9,11223,买盘
39,09:51:09,12.53,0.06,8,10012,买盘
40,09:51:16,12.51,-0.02,9,11259,买盘
41,09:51:22,12.51,0.0,1,1251,买盘
42,09:51:24,12.46,-0.05,25,31150,卖盘
43,09:51:31,12.46,0.0,20,24920,买盘
44,09:51:39,12.46,0.0,33,41118,买盘
45,09:53:45,12.49,0.03,11,13739,买盘
46,09:54:57,12.52,0.03,1,1252,买盘
47,09:56:40,12.53,0.01,1,1253,卖盘
48,09:57:15,12.54,0.01,23,28842,买盘
49,09:57:55,12.54,0.0,8,10032,买盘
50,09:58:16,12.53,-0.01,1,1253,卖盘
51,09:58:28,12.53,0.0,7,8771,卖盘
52,09:58:40,12.54,0.01,10,12540,买盘
53,09:59:01,12.54,0.0,1,1254,买盘
54,09:59:12,12.54,0.0,10,12540,卖盘
55,09:59:37,12.54,0.0,8,10032,卖盘
56,09:59:39,12.55,0.01,19,23833,买盘
57,10:00:22,12.55,0.0,1,1255,买盘
58,10:01:10,12.53,-0.02,1,1253,卖盘
59,10:01:13,12.52,-0.01,6,7512,卖盘
60,10:01:22,12.52,0.0,1,1252,卖盘
61,10:01:25,12.52,0.0,1,1252,卖盘
62,10:02:36,12.49,-0.03,9,11241,卖盘
63,10:03:01,12.46,-0.03,1,1246,卖盘
64,10:04:04,12.46,0.0,30,37380,卖盘
65,10:05:09,12.46,0.0,2,2492,买盘
66,10:05:28,12.46,0.0,24,29904,买盘
67,10:05:30,12.46,0.0,2,2492,买盘
68,10:05:55,12.45,-0.01,9,11205,卖盘
69,10:06:19,12.45,0.0,1,1245,买盘
70,10:06:37,12.46,0.01,5,6230,买盘
71,10:06:43,12.46,0.0,51,63546,买盘
72,10:07:06,12.49,0.03,10,12487,买盘
73,10:07:36,12.49,0.0,1,1249,买盘
74,10:07:57,12.49,0.0,2,2498,买盘
75,10:08:22,12.5,0.01,1,1250,买盘
76,10:08:52,12.5,0.0,1,1250,卖盘
77,10:08:58,12.49,-0.01,1,1249,卖盘
78,10:09:01,12.49,0.0,1,1249,卖盘
79,10:09:18,12.5,0.01,14,17500,买盘
80,10:10:16,12.5,0.0,7,8750,买盘
81,10:10:52,12.5,0.0,3,3750,卖盘
82,10:12:31,12.49,-0.01,2,2498,卖盘
83,10:13:58,12.5,0.01,4,5000,卖盘
84,10:14:12,12.51,0.01,5,6255,买盘
85,10:14:45,12.51,0.0,18,22518,买盘
86,10:15:07,12.53,0.02,2,2506,买盘
87,10:15:34,12.53,0.0,1,1253,买盘
88,10:16:40,12.51,-0.02,24,30024,卖盘
89,10:16:48,12.51,0.0,8,10008,卖盘
90,10:17:51,12.5,-0.01,2,2500,卖盘
91,10:18:07,12.5,0.0,10,12500,卖盘
92,10:18:36,12.5,0.0,2,2500,卖盘
93,10:19:28,12.51,0.01,5,6255,买盘
94,10:20:13,12.51,0.0,4,5004,卖盘
95,10:20:40,12.51,0.0,1,1251,卖盘
96,10:21:12,12.5,-0.01,4,5000,卖盘
97,10:21:15,12.51,0.01,5,6255,买盘
98,10:22:13,12.5,-0.01,4,5000,卖盘
99,10:22:28,12.5,0.0,1,1250,卖盘
100,10:22:39,12.5,0.0,4,5000,卖盘
101,10:23:12,12.5,0.0,4,5000,卖盘
102,10:23:27,12.5,0.0,3,3750,卖盘
103,10:23:31,12.5,0.0,4,5000,卖盘
104,10:23:33,12.5,0.0,4,5000,卖盘
105,10:23:40,12.5,0.0,5,6250,卖盘
106,10:24:13,12.47,-0.03,4,4988,卖盘
107,10:24:46,12.48,0.01,5,6239,买盘
108,10:25:12,12.48,0.0,1,1248,卖盘
109,10:25:33,12.47,-0.01,3,3741,卖盘
110,10:25:51,12.48,0.01,2,2496,卖盘
111,10:26:12,12.48,0.0,3,3744,卖盘
112,10:26:33,12.47,-0.01,1,1247,卖盘
113,10:26:45,12.47,0.0,8,9976,卖盘
114,10:27:12,12.47,0.0,3,3741,卖盘
115,10:28:12,12.47,0.0,4,4988,卖盘
116,10:29:12,12.47,0.0,4,4988,卖盘
117,10:29:21,12.47,0.0,3,3741,卖盘
118,10:29:36,12.48,0.01,1,1248,买盘
119,10:29:49,12.47,-0.01,6,7486,卖盘
120,10:31:00,12.48,0.01,3,3744,卖盘
121,10:31:06,12.49,0.01,1,1249,买盘
122,10:31:24,12.49,0.0,1,1249,买盘
123,10:32:36,12.49,0.0,4,4996,卖盘
124,10:32:48,12.5,0.01,5,6250,买盘
125,10:33:06,12.5,0.0,2,2500,买盘
126,10:35:15,12.47,-0.03,16,19954,卖盘
127,10:35:28,12.46,-0.01,1,1246,卖盘
128,10:35:34,12.46,0.0,2,2492,卖盘
129,10:35:40,12.46,0.0,13,16198,卖盘
130,10:35:42,12.46,0.0,20,24920,卖盘
131,10:35:46,12.46,0.0,4,4984,卖盘
132,10:35:49,12.46,0.0,16,19936,卖盘
133,10:35:52,12.45,-0.01,6,7471,卖盘
134,10:35:55,12.45,0.0,2,2490,卖盘
135,10:37:06,12.45,0.0,15,18675,卖盘
136,10:38:06,12.45,0.0,1,1245,卖盘
137,10:38:24,12.45,0.0,2,2490,卖盘
138,10:38:27,12.45,0.0,24,29880,卖盘
139,10:38:42,12.44,-0.01,6,7464,卖盘
140,10:38:58,12.44,0.0,8,9952,卖盘
141,10:39:01,12.44,0.0,15,18660,卖盘
142,10:39:06,12.44,0.0,9,11196,卖盘
143,10:39:27,12.43,-0.01,1,1243,卖盘
144,10:39:42,12.43,0.0,5,6215,卖盘
145,10:41:15,12.44,0.01,2,2488,买盘
146,10:41:27,12.44,0.0,16,19904,卖盘
147,10:41:30,12.44,0.0,2,2488,卖盘
148,10:42:06,12.44,0.0,12,14928,卖盘
149,10:43:24,12.43,-0.01,86,106898,卖盘
150,10:43:27,12.42,-0.01,2,2484,卖盘
151,10:44:09,12.43,0.01,10,12430,买盘
152,10:44:27,12.42,-0.01,10,12420,卖盘
153,10:44:51,12.43,0.01,10,12430,买盘
154,10:45:21,12.43,0.0,4,4972,买盘
155,10:45:33,12.42,-0.01,52,64584,卖盘
156,10:45:36,12.41,-0.01,1,1241,卖盘
157,10:45:58,12.4,-0.01,69,85609,卖盘
158,10:46:33,12.36,-0.04,140,173260,卖盘
159,10:47:09,12.39,0.03,4,4956,买盘
160,10:47:27,12.39,0.0,1,1239,卖盘
161,10:47:54,12.4,0.01,96,119040,买盘
162,10:48:18,12.42,0.02,10,12420,买盘
163,10:49:39,12.41,0.0,2,2358,买盘
164,10:52:07,12.41,0.0,10,12410,买盘
165,10:52:27,12.41,0.0,3,3723,买盘
166,10:52:57,12.41,0.0,6,7570,买盘
167,10:53:40,12.41,0.0,6,7322,卖盘
168,10:54:10,12.41,0.0,16,19856,买盘
169,10:55:19,12.41,0.0,4,4840,卖盘
170,10:55:21,12.41,0.0,1,1241,买盘
171,11:00:49,12.42,0.01,8,9936,买盘
172,11:02:13,12.4,-0.02,141,174793,卖盘
173,11:02:15,12.4,0.0,30,37324,买盘
174,11:02:18,12.4,0.0,2,2480,卖盘
175,11:03:57,12.4,0.0,37,45880,卖盘
176,11:04:18,12.39,-0.01,21,26019,卖盘
177,11:04:30,12.38,-0.01,5,6190,中性盘
178,11:04:36,12.37,-0.01,42,51959,卖盘
179,11:05:03,12.37,0.0,1,1237,卖盘
180,11:05:31,12.39,0.02,1,1239,买盘
181,11:06:27,12.39,0.0,14,17346,买盘
182,11:06:48,12.4,0.01,7,8680,买盘
183,11:07:15,12.41,0.01,2,2482,买盘
184,11:07:18,12.42,0.01,1,1242,买盘
185,11:07:37,12.42,0.0,2,2484,买盘
186,11:10:40,12.43,0.01,5,6215,买盘
187,11:13:04,12.43,0.0,10,12430,卖盘
188,11:13:15,12.43,0.0,1,1243,买盘
189,11:13:39,12.43,0.0,6,7458,卖盘
190,11:14:12,12.42,-0.01,3,3726,卖盘
191,11:14:45,12.41,-0.01,13,16140,卖盘
192,11:16:06,12.42,0.01,11,13662,买盘
193,11:21:04,12.42,0.0,37,45954,卖盘
194,11:25:36,12.41,-0.01,1,1241,卖盘
195,11:25:49,12.41,0.0,2,2482,卖盘
196,11:26:06,12.41,0.0,8,9928,卖盘
197,11:26:15,12.41,0.0,1,1241,卖盘
198,11:26:51,12.41,0.0,3,3723,买盘
199,11:27:06,12.41,0.0,22,27302,卖盘
200,11:27:18,12.41,0.0,15,18615,卖盘
201,11:27:27,12.41,0.0,2,2482,卖盘
202,11:27:30,12.41,0.0,1,1241,卖盘
203,11:28:06,12.41,0.0,1,1241,卖盘
204,11:28:48,12.41,0.0,14,17374,卖盘
205,11:28:51,12.44,0.03,57,71431,买盘
206,11:28:54,12.44,0.0,1,1244,卖盘
207,11:29:07,12.44,0.0,7,8708,卖盘
208,13:00:04,12.44,0.0,32,39876,卖盘
209,13:00:07,12.44,0.0,1,1244,卖盘
210,13:00:09,12.45,0.01,1,1245,买盘
211,13:00:51,12.45,0.0,2,2490,买盘
212,13:01:39,12.45,0.0,1,1245,买盘
213,13:06:33,12.47,0.02,22,27434,买盘
214,13:07:27,12.47,0.0,10,12470,卖盘
215,13:12:34,12.48,0.01,1,1248,买盘
216,13:12:54,12.47,-0.01,1,1247,卖盘
217,13:12:57,12.48,0.01,8,9984,买盘
218,13:15:27,12.48,0.0,4,4992,卖盘
219,13:15:54,12.47,-0.01,9,11223,卖盘
220,13:17:18,12.47,0.0,8,9976,卖盘
221,13:18:36,12.49,0.02,34,42444,买盘
222,13:19:09,12.49,0.0,7,8749,卖盘
223,13:28:18,12.49,0.0,6,7494,卖盘
224,13:29:00,12.49,0.0,42,52458,卖盘
225,13:29:06,12.49,0.0,35,43715,卖盘
226,13:29:12,12.49,0.0,25,31225,卖盘
227,13:29:15,12.49,0.0,3,3747,卖盘
228,13:29:21,12.49,0.0,25,31225,卖盘
229,13:29:27,12.51,0.02,130,162617,买盘
230,13:31:51,12.52,0.01,1,1252,买盘
231,13:32:18,12.52,0.0,6,7512,买盘
232,13:34:12,12.52,0.0,2,2504,卖盘
233,13:34:16,12.52,0.0,1,1252,买盘
234,13:34:39,12.5,-0.02,10,12503,卖盘
235,13:35:24,12.51,0.01,1,1251,买盘
236,13:36:21,12.5,-0.01,4,5000,卖盘
237,13:36:27,12.51,0.01,114,142608,买盘
238,13:37:30,12.51,0.0,17,21267,卖盘
239,13:37:39,12.51,0.0,49,61299,卖盘
240,13:37:42,12.51,0.0,21,26271,卖盘
241,13:37:45,12.47,-0.04,1,1247,卖盘
242,13:37:48,12.47,0.0,1,1247,卖盘
243,13:41:04,12.52,0.05,3,3755,买盘
244,13:41:06,12.52,0.0,13,16276,卖盘
245,13:41:09,12.52,0.0,2,2504,卖盘
246,13:41:12,12.52,0.0,2,2504,卖盘
247,13:41:15,12.52,0.0,1,1252,卖盘
248,13:41:19,12.52,0.0,1,1252,卖盘
249,13:41:21,12.52,0.0,1,1252,卖盘
250,13:41:24,12.52,0.0,1,1252,卖盘
251,13:41:28,12.52,0.0,1,1252,卖盘
252,13:41:31,12.52,0.0,1,1252,卖盘
253,13:41:36,12.52,0.0,7,8764,卖盘
254,13:42:07,12.54,0.02,33,41363,买盘
255,13:42:48,12.55,0.01,26,32610,买盘
256,13:43:06,12.52,-0.03,1,1252,卖盘
257,13:43:37,12.54,0.02,1,1254,买盘
258,13:44:27,12.55,0.01,20,25100,买盘
259,13:44:36,12.54,-0.01,1,1254,买盘
260,13:45:33,12.54,0.0,1,1254,买盘
261,13:45:36,12.55,0.01,88,110416,买盘
262,13:45:49,12.55,0.0,13,16315,卖盘
263,13:45:57,12.55,0.0,5,6275,卖盘
264,13:46:01,12.55,0.0,5,6275,卖盘
265,13:46:04,12.55,0.0,4,5020,卖盘
266,13:46:06,12.55,0.0,2,2510,卖盘
267,13:46:27,12.56,0.01,1,1256,买盘
268,13:47:15,12.55,-0.01,8,10040,卖盘
269,13:47:24,12.55,0.0,20,25100,卖盘
270,13:47:33,12.56,0.01,1,1256,买盘
271,13:47:39,12.55,-0.01,54,67770,卖盘
272,13:48:24,12.55,0.0,1,1255,买盘
273,13:48:36,12.52,-0.03,10,12520,卖盘
274,13:48:42,12.52,0.0,34,42568,卖盘
275,13:49:36,12.54,0.02,1,1254,买盘
276,13:50:03,12.52,-0.02,5,6260,卖盘
277,13:50:27,12.54,0.02,1,1254,买盘
278,13:51:34,12.54,0.0,1,1254,买盘
279,13:52:00,12.52,-0.02,20,25040,卖盘
280,13:52:33,12.52,0.0,13,16276,卖盘
281,13:52:39,12.52,0.0,201,252186,卖盘
282,14:00:27,12.48,-0.04,1,1248,卖盘
283,14:00:39,12.49,0.01,1,1249,买盘
284,14:00:42,12.48,-0.01,11,13728,卖盘
285,14:01:30,12.48,0.0,1,1248,买盘
286,14:02:06,12.47,-0.01,22,27434,卖盘
287,14:02:36,12.48,0.01,1,1248,买盘
288,14:02:45,12.48,0.0,35,43680,买盘
289,14:02:52,12.47,-0.01,20,24941,卖盘
290,14:03:27,12.5,0.03,1,1250,买盘
291,14:04:15,12.5,0.0,1,1250,买盘
292,14:04:39,12.51,0.01,1,1001,卖盘
293,14:04:54,12.52,0.01,1,1252,买盘
294,14:05:09,12.5,-0.02,3,3750,买盘
295,14:05:18,12.5,0.0,4,5000,卖盘
296,14:05:21,12.5,0.0,17,21250,卖盘
297,14:05:34,12.52,0.02,1,1252,买盘
298,14:05:48,12.52,0.0,19,23788,买盘
299,14:06:39,12.52,0.0,1,1252,买盘
300,14:06:48,12.5,-0.02,8,10250,卖盘
301,14:07:33,12.49,-0.01,1,1249,买盘
302,14:08:30,12.49,0.0,1,1249,买盘
303,14:09:04,12.49,0.0,5,6241,买盘
304,14:13:15,12.49,0.0,1,1249,买盘
305,14:14:39,12.47,-0.02,11,13717,卖盘
306,14:14:42,12.45,-0.02,3,3735,卖盘
307,14:16:21,12.47,0.02,10,12470,买盘
308,14:16:49,12.45,-0.02,36,44322,卖盘
309,14:17:00,12.45,0.0,3,3735,卖盘
310,14:17:36,12.48,0.03,1,1248,买盘
311,14:18:30,12.48,0.0,1,1248,买盘
312,14:19:25,12.45,-0.03,60,74700,卖盘
313,14:20:39,12.45,0.0,1,1245,卖盘
314,14:20:45,12.48,0.03,1,1248,买盘
315,14:20:55,12.45,-0.03,32,39591,卖盘
316,14:20:57,12.45,0.0,64,79680,卖盘
317,14:21:30,12.48,0.03,1,1248,买盘
318,14:22:06,12.45,-0.03,1,1245,卖盘
319,14:23:21,12.48,0.03,7,8736,买盘
320,14:24:18,12.48,0.0,5,6240,买盘
321,14:25:09,12.49,0.01,7,8743,买盘
322,14:25:31,12.49,0.0,38,47462,买盘
323,14:25:54,12.49,0.0,1,1249,卖盘
324,14:26:06,12.51,0.02,1,1251,买盘
325,14:26:12,12.51,0.0,15,18765,买盘
326,14:26:19,12.51,0.0,10,12510,买盘
327,14:26:33,12.49,-0.02,16,19984,卖盘
328,14:27:06,12.49,0.0,1,1249,买盘
329,14:28:10,12.49,0.0,5,6245,买盘
330,14:28:33,12.49,0.0,9,11241,买盘
331,14:29:13,12.49,0.0,5,6245,卖盘
332,14:30:45,12.49,0.0,1,1249,卖盘
333,14:31:39,12.5,0.01,1,1250,买盘
334,14:31:42,12.5,0.0,1,1250,买盘
335,14:31:45,12.5,0.0,1,1250,买盘
336,14:31:48,12.5,0.0,1,1250,买盘
337,14:31:54,12.49,-0.01,65,81185,卖盘
338,14:32:01,12.5,0.01,1,1250,买盘
339,14:32:06,12.5,0.0,15,18736,买盘
340,14:32:12,12.51,0.01,10,12510,买盘
341,14:32:42,12.5,-0.01,10,12500,卖盘
342,14:33:24,12.5,0.0,50,62500,买盘
343,14:33:39,12.5,0.0,16,20000,买盘
344,14:33:51,12.5,0.0,3,3750,买盘
345,14:34:04,12.49,-0.01,4,4996,卖盘
346,14:34:10,12.5,0.01,13,16249,买盘
347,14:35:21,12.5,0.0,8,10000,卖盘
348,14:35:39,12.5,0.0,1,1250,买盘
349,14:36:45,12.5,0.0,30,37500,买盘
350,14:37:39,12.49,-0.01,1,1249,卖盘
351,14:38:48,12.5,0.01,40,50000,买盘
352,14:39:00,12.5,0.0,10,12500,买盘
353,14:39:18,12.49,-0.01,57,71193,卖盘
354,14:39:33,12.5,0.01,2,2500,买盘
355,14:39:46,12.49,-0.01,25,31225,卖盘
356,14:40:12,12.49,0.0,37,47087,卖盘
357,14:40:54,12.5,0.01,1,1250,买盘
358,14:41:06,12.49,-0.01,9,11241,卖盘
359,14:41:09,12.49,0.0,32,39968,卖盘
360,14:41:33,12.49,0.0,1,1249,卖盘
361,14:43:13,12.49,0.0,1,1249,卖盘
362,14:43:30,12.5,0.01,1,1250,买盘
363,14:44:15,12.5,0.0,1,1250,买盘
364,14:44:46,12.49,-0.01,16,19984,卖盘
365,14:45:33,12.5,0.01,2,2500,买盘
366,14:45:39,12.5,0.0,5,6250,买盘
367,14:45:46,12.5,0.0,5,6250,买盘
368,14:46:04,12.49,-0.01,4,4996,卖盘
369,14:46:58,12.49,0.0,1,1249,卖盘
370,14:47:34,12.5,0.01,33,40625,买盘
371,14:48:18,12.52,0.02,100,125166,买盘
372,14:48:36,12.52,0.0,2,2504,买盘
373,14:49:00,12.52,0.0,32,40064,买盘
374,14:49:28,12.53,0.01,20,25060,买盘
375,14:49:42,12.54,0.01,23,28842,买盘
376,14:49:55,12.55,0.01,5,6275,买盘
377,14:50:04,12.55,0.0,4,5020,买盘
378,14:50:06,12.54,-0.01,51,63954,卖盘
379,14:50:13,12.55,0.01,1,1255,买盘
380,14:50:28,12.55,0.0,100,125500,买盘
381,14:50:40,12.55,0.0,13,16315,买盘
382,14:50:49,12.54,-0.01,2,2508,卖盘
383,14:50:52,12.54,0.0,2,2508,卖盘
384,14:51:04,12.55,0.01,100,125500,买盘
385,14:51:28,12.55,0.0,54,67770,买盘
386,14:51:36,12.54,-0.01,6,7524,卖盘
387,14:51:51,12.55,0.01,142,178210,买盘
388,14:52:16,12.55,0.0,3,3765,卖盘
389,14:52:21,12.55,0.0,6,7530,卖盘
390,14:52:40,12.55,0.0,11,13815,卖盘
391,14:52:55,12.55,0.0,76,95380,卖盘
392,14:53:04,12.55,0.0,30,37650,卖盘
393,14:53:13,12.55,0.0,11,13805,卖盘
394,14:53:28,12.55,0.0,7,8785,卖盘
395,14:53:33,12.55,0.0,20,25100,卖盘
396,14:53:52,12.55,0.0,15,18825,卖盘
397,14:54:01,12.54,-0.01,75,94081,卖盘
398,14:54:07,12.53,-0.01,1,1253,卖盘
399,14:54:10,12.54,0.01,270,338580,买盘
400,14:54:19,12.54,0.0,2,2508,卖盘
401,14:54:33,12.55,0.01,20,25100,买盘
402,14:54:52,12.54,-0.01,5,6270,卖盘
403,14:55:07,12.55,0.01,14,17570,买盘
404,14:55:34,12.55,0.0,10,12550,买盘
405,14:55:37,12.56,0.01,167,209678,买盘
406,14:55:52,12.6,0.04,223,280745,买盘
407,14:55:55,12.6,0.0,20,25200,买盘
408,14:56:06,12.56,-0.04,2,2512,卖盘
409,14:56:10,12.56,0.0,1,1256,卖盘
410,14:56:25,12.56,0.0,3,3768,卖盘
411,14:56:40,12.57,0.01,3,3771,中性盘
412,14:56:43,12.58,0.01,10,12580,买盘
413,14:56:52,12.58,0.0,4,5032,卖盘
414,14:57:00,12.59,0.01,10,12590,买盘
415,15:00:04,12.58,-0.01,309,388722,卖盘
