,time,price,change,volume,amount,type
0,09:25:04,12.58,0.03,80,100640,买盘
1,09:30:01,12.58,0.0,79,99382,卖盘
2,09:30:10,12.52,-0.06,14,17528,中性盘
3,09:30:22,12.53,0.01,54,67632,卖盘
4,09:30:25,12.55,0.02,7,8785,卖盘
5,09:30:28,12.55,0.0,7,8785,卖盘
6,09:30:31,12.55,0.0,7,8785,卖盘
7,09:30:36,12.53,-0.02,2,2506,卖盘
8,09:30:40,12.53,0.0,2,2506,卖盘
9,09:30:43,12.54,0.01,2,2508,中性盘
10,09:30:46,12.53,-0.01,6,7521,卖盘
11,09:30:49,12.52,-0.01,2,2504,卖盘
12,09:30:52,12.52,0.0,2,2504,卖盘
13,09:30:55,12.51,-0.01,1,1251,卖盘
14,09:31:07,12.52,0.01,21,26292,买盘
15,09:31:27,12.48,-0.04,1,1248,卖盘
16,09:31:30,12.47,-0.01,1,1247,卖盘
17,09:31:40,12.46,-0.01,1,1246,卖盘
18,09:31:45,12.45,-0.01,55,68475,卖盘
19,09:31:52,12.4,-0.05,20,24808,卖盘
20,09:31:54,12.4,0.0,15,18600,买盘
21,09:31:57,12.38,-0.02,16,19829,卖盘
22,09:32:19,12.39,0.01,97,120203,卖盘
23,09:32:54,12.42,0.03,16,19872,卖盘
24,09:33:40,12.45,0.03,10,12450,买盘
25,09:33:43,12.45,0.0,16,19920,买盘
26,09:33:46,12.48,0.03,12,14972,买盘
27,09:33:49,12.47,-0.01,1,1247,中性盘
28,09:34:30,12.51,0.04,1,1251,卖盘
29,09:34:49,12.52,0.01,9,11268,卖盘
30,09:34:55,12.52,0.0,29,36308,卖盘
31,09:35:01,12.53,0.01,1,1253,卖盘
32,09:35:10,12.53,0.0,10,12530,卖盘
33,09:35:22,12.53,0.0,10,12530,卖盘
34,09:35:31,12.55,0.02,1,1255,买盘
35,09:35:34,12.53,-0.02,1,1253,卖盘
36,09:35:46,12.53,0.0,56,70199,卖盘
37,09:35:58,12.53,0.0,1,1253,卖盘
38,09:36:31,12.53,0.0,10,12530,卖盘
39,09:36:33,12.53,0.0,10,12530,卖盘
40,09:36:46,12.52,-0.01,37,46356,卖盘
41,09:37:00,12.55,0.03,3,3765,买盘
42,09:37:30,12.55,0.0,8,10040,买盘
43,09:39:04,12.55,0.0,3,3765,买盘
44,09:40:48,12.51,-0.04,13,16270,卖盘
45,09:41:48,12.51,0.0,10,12510,卖盘
46,09:41:55,12.51,0.0,20,26146,卖盘
47,09:41:58,12.51,0.0,1,1251,卖盘
48,09:42:01,12.51,0.0,12,13886,卖盘
49,09:42:40,12.46,-0.05,15,18695,卖盘
50,09:42:58,12.46,0.0,24,29904,卖盘
51,09:43:01,12.46,0.0,56,69778,卖盘
52,09:43:40,12.49,0.03,10,12490,买盘
53,09:44:04,12.47,-0.02,1,1247,中性盘
54,09:44:07,12.47,0.0,1,1247,中性盘
55,09:44:10,12.47,0.0,1,1247,买盘
56,09:44:12,12.47,0.0,1,1247,买盘
57,09:44:16,12.47,0.0,1,1247,买盘
58,09:44:19,12.47,0.0,1,1247,买盘
59,09:44:21,12.47,0.0,1,1247,买盘
60,09:44:40,12.46,-0.01,1,1246,卖盘
61,09:45:07,12.46,0.0,24,29904,卖盘
62,09:45:09,12.45,-0.01,39,49680,卖盘
63,09:45:22,12.45,0.0,32,39840,卖盘
64,09:45:31,12.45,0.0,5,6225,卖盘
65,09:45:33,12.45,0.0,40,49800,卖盘
66,09:45:48,12.47,0.02,3,3741,买盘
67,09:47:28,12.47,0.0,1,1247,买盘
68,09:47:31,12.47,0.0,1,1247,买盘
69,09:47:39,12.46,-0.01,4,4984,卖盘
70,09:47:43,12.46,0.0,1,1246,买盘
71,09:47:46,12.46,0.0,1,1246,买盘
72,09:48:22,12.45,-0.01,1,1245,卖盘
73,09:48:28,12.46,0.01,10,12460,买盘
74,09:48:34,12.43,-0.03,28,33694,卖盘
75,09:49:00,12.43,0.0,1,1243,买盘
76,09:49:31,12.43,0.0,8,11063,买盘
77,09:51:04,12.43,0.0,2,1367,卖盘
78,09:51:16,12.43,0.0,1,1243,买盘
79,09:51:25,12.43,0.0,1,2362,买盘
80,09:52:21,12.43,0.0,39,47364,卖盘
81,09:52:36,12.43,0.0,10,12430,买盘
82,09:53:19,12.42,-0.01,16,19872,卖盘
83,09:53:27,12.43,0.01,12,16035,买盘
84,09:53:34,12.43,0.0,3,3729,卖盘
85,09:53:40,12.43,0.0,4,4972,卖盘
86,09:54:00,12.43,0.0,9,11187,卖盘
87,09:55:15,12.46,0.03,1,1246,买盘
88,09:55:28,12.46,0.0,3,3738,买盘
89,09:55:37,12.44,-0.02,16,19904,卖盘
90,09:56:04,12.44,0.0,1,1244,买盘
91,09:56:13,12.43,-0.01,13,16159,卖盘
92,09:56:28,12.43,0.0,1,1144,卖盘
93,09:56:33,12.44,0.01,10,12440,买盘
94,09:56:36,12.43,-0.01,57,70851,卖盘
95,09:56:43,12.43,0.0,28,33785,卖盘
96,09:57:28,12.43,0.0,3,3729,买盘
97,09:57:42,12.43,0.0,4,4972,买盘
98,09:58:01,12.41,-0.02,12,14892,卖盘
99,09:58:42,12.41,0.0,44,54604,卖盘
100,09:58:49,12.41,0.0,1,1241,买盘
101,09:58:52,12.4,-0.01,2,2480,卖盘
102,09:59:13,12.4,0.0,14,17360,卖盘
103,09:59:22,12.4,0.0,58,71920,卖盘
104,09:59:40,12.4,0.0,21,26040,卖盘
105,10:00:22,12.4,0.0,2,2480,卖盘
106,10:00:40,12.41,0.01,1,1241,买盘
107,10:00:43,12.4,-0.01,20,24800,卖盘
108,10:01:00,12.4,0.0,4,4960,买盘
109,10:01:06,12.4,0.0,1,1240,卖盘
110,10:01:30,12.4,0.0,2,2480,卖盘
111,10:01:46,12.4,0.0,45,55800,卖盘
112,10:01:48,12.4,0.0,20,24800,买盘
113,10:02:04,12.38,-0.02,5,6190,卖盘
114,10:02:16,12.4,0.02,10,12400,买盘
115,10:02:40,12.4,0.0,10,12400,买盘
116,10:02:49,12.4,0.0,8,9920,买盘
117,10:02:52,12.4,0.0,9,11532,卖盘
118,10:03:04,12.4,0.0,1,1240,卖盘
119,10:03:42,12.4,0.0,12,14508,卖盘
120,10:04:15,12.39,-0.01,17,21063,卖盘
121,10:04:33,12.39,0.0,3,3717,卖盘
122,10:05:37,12.38,-0.01,67,82946,卖盘
123,10:05:43,12.37,-0.01,2,2474,卖盘
124,10:05:49,12.38,0.01,2,2476,买盘
125,10:05:52,12.38,0.0,2,2476,买盘
126,10:06:16,12.38,0.0,1,1238,买盘
127,10:06:22,12.37,-0.01,2,2475,卖盘
128,10:06:25,12.37,0.0,4,4948,卖盘
129,10:06:27,12.37,0.0,3,3711,买盘
130,10:06:31,12.37,0.0,11,13607,买盘
131,10:06:33,12.37,0.0,1,1237,买盘
132,10:06:37,12.37,0.0,14,17318,买盘
133,10:06:39,12.37,0.0,11,13607,买盘
134,10:06:43,12.37,0.0,5,6185,买盘
135,10:06:46,12.37,0.0,10,12370,买盘
136,10:06:49,12.37,0.0,10,12370,买盘
137,10:06:52,12.37,0.0,2,2473,买盘
138,10:06:54,12.37,0.0,20,25754,买盘
139,10:07:09,12.37,0.0,4,4948,卖盘
140,10:07:16,12.37,0.0,1,223,买盘
141,10:07:28,12.4,0.03,16,19818,买盘
142,10:07:49,12.4,0.0,3,3720,买盘
143,10:08:00,12.37,-0.03,2,2474,卖盘
144,10:08:25,12.36,-0.01,235,290524,卖盘
145,10:08:33,12.39,0.03,2,2478,买盘
146,10:09:16,12.37,-0.02,2,2474,卖盘
147,10:09:28,12.37,0.0,34,42058,卖盘
148,10:09:39,12.37,0.0,15,18555,买盘
149,10:09:45,12.36,-0.01,8,9888,卖盘
150,10:10:25,12.36,0.0,12,14832,卖盘
151,10:10:28,12.36,0.0,4,4944,卖盘
152,10:10:46,12.35,-0.01,100,123500,卖盘
153,10:10:57,12.35,0.0,8,9880,卖盘
154,10:11:12,12.36,0.01,198,244474,买盘
155,10:11:18,12.35,-0.01,20,24700,买盘
156,10:11:39,12.35,0.0,20,24700,买盘
157,10:11:54,12.32,-0.03,10,12320,卖盘
158,10:12:18,12.35,0.03,32,39520,买盘
159,10:12:28,12.35,0.0,15,18525,卖盘
160,10:12:48,12.35,0.0,7,8645,卖盘
161,10:13:04,12.35,0.0,3,3705,买盘
162,10:13:45,12.35,0.0,1,1235,卖盘
163,10:13:51,12.35,0.0,30,37050,卖盘
164,10:14:36,12.36,0.01,1,1236,买盘
165,10:14:42,12.36,0.0,2,2472,买盘
166,10:15:24,12.37,0.01,5,6185,卖盘
167,10:15:33,12.36,-0.01,1,1236,卖盘
168,10:16:04,12.36,0.0,1,1236,卖盘
169,10:16:21,12.37,0.01,8,9896,买盘
170,10:16:57,12.37,0.0,9,11133,卖盘
171,10:17:21,12.37,0.0,10,12370,卖盘
172,10:17:24,12.37,0.0,1,1237,卖盘
173,10:17:36,12.37,0.0,2,2474,卖盘
174,10:17:39,12.38,0.01,3,3713,买盘
175,10:18:30,12.37,-0.01,1,1237,卖盘
176,10:19:18,12.37,0.0,2,3216,卖盘
177,10:19:42,12.37,0.0,8,9896,卖盘
178,10:21:18,12.39,0.02,8,9912,买盘
179,10:21:33,12.36,-0.03,20,24734,卖盘
180,10:22:21,12.36,0.0,1,1236,卖盘
181,10:23:25,12.37,0.01,15,18555,卖盘
182,10:24:16,12.37,0.0,15,18555,卖盘
183,10:24:39,12.38,0.01,1,1238,买盘
184,10:25:57,12.37,-0.01,38,47006,卖盘
185,10:26:10,12.38,0.01,1,1238,买盘
186,10:26:42,12.37,-0.01,2,2474,卖盘
187,10:26:49,12.36,-0.01,1,1236,卖盘
188,10:26:54,12.36,0.0,2,2472,卖盘
189,10:28:00,12.36,0.0,14,17304,卖盘
190,10:28:24,12.36,0.0,6,7416,卖盘
191,10:28:30,12.36,0.0,10,12360,卖盘
192,10:28:42,12.36,0.0,2,2472,卖盘
193,10:29:12,12.36,0.0,6,7416,卖盘
194,10:29:15,12.36,0.0,2,2472,卖盘
195,10:29:18,12.36,0.0,2,2472,卖盘
196,10:30:07,12.36,0.0,10,12360,卖盘
197,10:30:30,12.36,0.0,2,2472,卖盘
198,10:30:36,12.36,0.0,25,30900,卖盘
199,10:31:48,12.35,-0.01,10,12356,卖盘
200,10:33:04,12.35,0.0,26,31369,卖盘
201,10:33:09,12.34,-0.01,2,2468,卖盘
202,10:33:15,12.34,0.0,6,7404,卖盘
203,10:33:33,12.35,0.01,31,39026,买盘
204,10:33:51,12.37,0.02,2,2474,买盘
205,10:33:57,12.37,0.0,9,11133,买盘
206,10:34:04,12.37,0.0,3,3711,买盘
207,10:34:15,12.37,0.0,1,1237,买盘
208,10:34:39,12.37,0.0,1,1237,卖盘
209,10:34:42,12.37,0.0,2,2474,卖盘
210,10:35:27,12.38,0.01,5,6190,买盘
211,10:35:43,12.4,0.02,1,1240,买盘
212,10:36:21,12.4,0.0,10,12400,买盘
213,10:36:24,12.39,-0.01,2,2478,卖盘
214,10:37:01,12.39,0.0,2,2478,卖盘
215,10:37:19,12.4,0.01,11,13789,买盘
216,10:40:27,12.42,0.02,29,35394,买盘
217,10:42:06,12.43,0.01,2,2486,卖盘
218,10:43:45,12.45,0.02,30,37330,买盘
219,10:44:06,12.48,0.03,1,1248,买盘
220,10:45:21,12.47,-0.01,2,2494,卖盘
221,10:45:51,12.45,-0.02,10,12450,卖盘
222,10:46:04,12.48,0.03,16,19956,买盘
223,10:46:07,12.48,0.0,49,61152,卖盘
224,10:46:09,12.48,0.0,13,16224,卖盘
225,10:46:42,12.48,0.0,95,118560,卖盘
226,10:46:45,12.48,0.0,23,28704,卖盘
227,10:47:21,12.48,0.0,2,2496,卖盘
228,10:47:33,12.48,0.0,2,2496,卖盘
229,10:47:54,12.48,0.0,33,41184,卖盘
230,10:48:03,12.48,0.0,51,63648,卖盘
231,10:48:42,12.48,0.0,44,54912,卖盘
232,10:49:12,12.48,0.0,26,32448,卖盘
233,10:49:21,12.48,0.0,10,12480,卖盘
234,10:51:03,12.48,0.0,12,14976,卖盘
235,10:51:06,12.48,0.0,1,1248,卖盘
236,10:51:10,12.48,0.0,10,12480,卖盘
237,10:52:24,12.48,0.0,5,6240,卖盘
238,10:52:33,12.48,0.0,2,2496,卖盘
239,10:52:42,12.49,0.01,2,2498,买盘
240,10:53:51,12.52,0.03,8,10016,买盘
241,10:53:57,12.53,0.01,9,11277,买盘
242,10:55:15,12.51,-0.02,3,3753,卖盘
243,10:56:18,12.51,0.0,1,1251,买盘
244,10:56:21,12.5,-0.01,9,11250,卖盘
245,10:56:24,12.5,0.0,28,35000,买盘
246,10:56:27,12.5,0.0,10,12500,买盘
247,10:56:31,12.5,0.0,2,2500,买盘
248,10:56:45,12.5,0.0,2,2500,买盘
249,10:56:55,12.5,0.0,6,7500,买盘
250,10:58:04,12.48,-0.02,54,67392,卖盘
251,10:58:51,12.48,0.0,43,53664,卖盘
252,11:05:45,12.49,0.01,1,1249,买盘
253,11:07:03,12.49,0.0,1,1249,买盘
254,11:07:09,12.49,0.0,4,4996,卖盘
255,11:08:21,12.48,-0.01,123,153507,卖盘
256,11:09:51,12.48,0.0,9,12056,卖盘
257,11:10:43,12.48,0.0,50,62400,卖盘
258,11:10:45,12.48,0.0,8,9984,卖盘
259,11:10:49,12.48,0.0,24,29952,卖盘
260,11:10:52,12.48,0.0,14,17472,卖盘
261,11:10:55,12.48,0.0,39,48672,卖盘
262,11:10:58,12.48,0.0,16,19968,卖盘
263,11:11:01,12.48,0.0,20,24960,卖盘
264,11:11:04,12.48,0.0,5,6240,卖盘
265,11:11:06,12.48,0.0,9,11232,卖盘
266,11:11:09,12.48,0.0,8,9984,卖盘
267,11:11:12,12.48,0.0,8,9984,卖盘
268,11:11:16,12.48,0.0,9,11232,卖盘
269,11:11:18,12.48,0.0,6,7488,卖盘
270,11:11:22,12.48,0.0,36,44928,卖盘
271,11:11:25,12.48,0.0,6,7488,卖盘
272,11:11:27,12.48,0.0,3,3744,卖盘
273,11:11:30,12.48,0.0,6,7488,卖盘
274,11:11:33,12.48,0.0,3,3744,卖盘
275,11:11:36,12.48,0.0,11,13728,卖盘
276,11:11:40,12.48,0.0,12,14976,卖盘
277,11:11:42,12.48,0.0,4,4992,卖盘
278,11:11:46,12.48,0.0,3,3744,卖盘
279,11:11:48,12.48,0.0,2,2496,卖盘
280,11:12:00,12.48,0.0,2,2496,卖盘
281,11:12:06,12.48,0.0,42,52416,卖盘
282,11:12:10,12.48,0.0,23,28704,卖盘
283,11:12:18,12.48,0.0,102,126472,卖盘
284,11:12:43,12.43,-0.05,15,18645,卖盘
285,11:12:54,12.43,0.0,2,2486,卖盘
286,11:13:07,12.43,0.0,7,8701,卖盘
287,11:14:43,12.43,0.0,9,11187,卖盘
288,11:15:30,12.43,0.0,23,28589,卖盘
289,11:17:37,12.41,-0.02,9,11169,卖盘
290,11:17:54,12.4,-0.01,36,44640,卖盘
291,11:19:31,12.42,0.02,1,1242,买盘
292,11:19:34,12.43,0.01,6,7458,买盘
293,11:19:40,12.46,0.03,6,7460,买盘
294,11:19:43,12.46,0.0,3,3738,买盘
295,11:19:48,12.46,0.0,3,3738,买盘
296,11:20:13,12.47,0.01,1,1247,买盘
297,11:20:16,12.47,0.0,2,2494,买盘
298,11:20:21,12.47,0.0,2,2494,买盘
299,11:22:27,12.47,0.0,2,2494,买盘
300,11:22:31,12.47,0.0,3,3741,买盘
301,11:22:33,12.47,0.0,6,7482,买盘
302,11:22:36,12.47,0.0,3,3741,买盘
303,11:22:39,12.47,0.0,5,6235,买盘
304,11:22:42,12.48,0.01,5,6240,买盘
305,11:22:45,12.48,0.0,7,8736,买盘
306,11:22:49,12.48,0.0,4,4992,买盘
307,11:25:18,12.45,-0.03,6,7470,卖盘
308,11:25:21,12.45,0.0,1,1245,买盘
309,11:25:24,12.45,0.0,1,1245,买盘
310,11:25:27,12.45,0.0,1,1245,买盘
311,11:25:30,12.45,0.0,1,1245,买盘
312,11:27:16,12.46,0.01,1,1246,买盘
313,13:00:04,12.47,0.01,186,231677,买盘
314,13:00:07,12.47,0.0,58,72326,卖盘
315,13:00:09,12.47,0.0,1,1247,卖盘
316,13:00:39,12.5,0.03,132,164910,买盘
317,13:03:30,12.5,0.0,13,16250,卖盘
318,13:03:42,12.5,0.0,20,25000,卖盘
319,13:03:45,12.5,0.0,9,11250,卖盘
320,13:05:00,12.5,0.0,2,2500,卖盘
321,13:08:33,12.46,-0.04,4,4984,卖盘
322,13:11:48,12.45,-0.01,2,2490,买盘
323,13:12:30,12.45,0.0,1,1245,卖盘
324,13:16:36,12.39,-0.06,1,1239,卖盘
325,13:18:18,12.4,0.01,6,7440,卖盘
326,13:21:18,12.5,0.1,91,113745,买盘
327,13:21:25,12.5,0.0,2,2500,卖盘
328,13:21:27,12.5,0.0,6,7500,卖盘
329,13:21:30,12.5,0.0,2,2500,卖盘
330,13:21:33,12.5,0.0,2,2500,卖盘
331,13:21:36,12.5,0.0,2,2500,卖盘
332,13:21:40,12.5,0.0,2,2500,卖盘
333,13:21:43,12.5,0.0,12,15000,卖盘
334,13:21:45,12.5,0.0,2,2500,卖盘
335,13:21:48,12.5,0.0,2,2500,卖盘
336,13:21:52,12.5,0.0,2,2500,卖盘
337,13:21:54,12.5,0.0,2,2500,卖盘
338,13:21:57,12.5,0.0,2,2500,卖盘
339,13:22:00,12.5,0.0,1,1250,卖盘
340,13:22:03,12.5,0.0,1,1250,卖盘
341,13:22:06,12.5,0.0,1,1250,卖盘
342,13:22:09,12.5,0.0,1,1250,卖盘
343,13:22:12,12.5,0.0,8,10000,卖盘
344,13:24:45,12.51,0.01,110,137587,买盘
345,13:25:21,12.53,0.02,54,67612,买盘
346,13:26:09,12.55,0.02,100,125480,买盘
347,13:26:24,12.57,0.02,7,8796,买盘
348,13:26:36,12.58,0.01,13,16348,买盘
349,13:26:39,12.6,0.02,7,8809,买盘
350,13:26:45,12.6,0.0,7,8820,买盘
351,13:27:12,12.6,0.0,112,141120,买盘
352,13:27:51,12.6,0.0,15,18900,买盘
353,13:28:06,12.62,0.02,30,37832,买盘
354,13:28:12,12.63,0.01,10,12630,买盘
355,13:28:15,12.62,-0.01,5,6310,卖盘
356,13:28:27,12.64,0.02,6,7583,买盘
357,13:28:30,12.62,-0.02,5,6310,卖盘
358,13:28:33,12.62,0.0,12,15154,卖盘
359,13:28:36,12.64,0.02,7,8848,买盘
360,13:28:42,12.63,-0.01,5,6315,买盘
361,13:28:45,12.63,0.0,1,1263,买盘
362,13:28:48,12.63,0.0,13,16419,买盘
363,13:29:09,12.63,0.0,88,111076,买盘
364,13:29:16,12.62,-0.01,3,3786,卖盘
365,13:29:21,12.62,0.0,10,12620,卖盘
366,13:29:39,12.62,0.0,20,25240,卖盘
367,13:29:42,12.62,0.0,1,1262,卖盘
368,13:29:45,12.62,0.0,10,12620,卖盘
369,13:29:48,12.62,0.0,19,23978,卖盘
370,13:30:42,12.6,-0.02,5,6300,买盘
371,13:30:57,12.6,0.0,20,25200,买盘
372,13:31:04,12.55,-0.05,30,37674,卖盘
373,13:31:06,12.55,0.0,13,16315,卖盘
374,13:31:24,12.55,0.0,2,2510,卖盘
375,13:31:27,12.55,0.0,10,12550,卖盘
376,13:31:45,12.56,0.01,2,2512,买盘
377,13:31:48,12.56,0.0,2,2512,买盘
378,13:31:51,12.56,0.0,3,3768,买盘
379,13:31:55,12.56,0.0,3,3768,买盘
380,13:32:04,12.55,-0.01,28,35979,卖盘
381,13:32:07,12.6,0.05,5,6300,买盘
382,13:32:45,12.6,0.0,4,5040,买盘
383,13:33:36,12.56,-0.04,10,12560,卖盘
384,13:36:24,12.55,-0.01,100,125500,卖盘
385,13:36:55,12.55,0.0,7,8785,卖盘
386,13:40:25,12.56,0.01,5,6280,卖盘
387,13:40:48,12.59,0.03,1,1259,买盘
388,13:41:48,12.58,-0.01,2,2516,买盘
389,13:42:46,12.57,-0.01,2,2514,买盘
390,13:42:48,12.57,0.0,1,1257,卖盘
391,13:42:51,12.57,0.0,1,1257,卖盘
392,13:43:36,12.56,-0.01,10,12560,卖盘
393,13:43:54,12.56,0.0,3,3768,卖盘
394,13:44:21,12.55,-0.01,30,37650,卖盘
395,13:44:42,12.55,0.0,2,2510,卖盘
396,13:45:21,12.55,0.0,2,2510,卖盘
397,13:45:43,12.56,0.01,1,1256,买盘
398,13:45:54,12.56,0.0,10,12560,买盘
399,13:46:18,12.55,-0.01,30,37650,卖盘
400,13:46:48,12.56,0.01,2,2512,买盘
401,13:48:21,12.55,-0.01,2,2510,卖盘
402,13:48:42,12.56,0.01,1,1256,买盘
403,13:49:33,12.55,-0.01,16,20080,卖盘
404,13:49:48,12.55,0.0,100,125500,卖盘
405,13:50:21,12.55,0.0,10,12550,卖盘
406,13:50:48,12.56,0.01,5,6280,买盘
407,13:51:12,12.56,0.0,20,25120,买盘
408,13:51:42,12.56,0.0,3,3768,买盘
409,13:51:45,12.56,0.0,2,2512,买盘
410,13:51:48,12.56,0.0,3,3768,买盘
411,13:51:51,12.56,0.0,5,6280,买盘
412,13:51:54,12.57,0.01,4,5028,买盘
413,13:52:00,12.57,0.0,4,5028,买盘
414,13:52:04,12.57,0.0,5,6285,买盘
415,13:52:06,12.57,0.0,9,11313,买盘
416,13:52:09,12.57,0.0,1,1257,买盘
417,13:52:42,12.57,0.0,1,1257,买盘
418,13:53:21,12.56,-0.01,2,2512,卖盘
419,13:53:48,12.57,0.01,1,1257,买盘
420,13:55:42,12.56,-0.01,26,32656,卖盘
421,13:55:48,12.57,0.01,94,118154,买盘
422,13:56:34,12.56,-0.01,4,5024,卖盘
423,13:57:40,12.57,0.01,4,5028,买盘
424,13:58:03,12.56,-0.01,3,3768,卖盘
425,13:58:24,12.56,0.0,3,3266,卖盘
426,13:58:36,12.56,0.0,37,46974,卖盘
427,13:58:39,12.56,0.0,1,1256,买盘
428,13:58:42,12.56,0.0,1,1256,买盘
429,13:58:45,12.57,0.01,37,46502,买盘
430,13:58:51,12.57,0.0,1,1257,买盘
431,13:59:57,12.57,0.0,65,81705,买盘
432,14:00:45,12.57,0.0,5,6285,买盘
433,14:01:49,12.56,-0.01,2,2512,买盘
434,14:02:01,12.55,-0.01,100,125500,卖盘
435,14:02:27,12.55,0.0,28,35140,卖盘
436,14:02:49,12.57,0.02,52,65341,买盘
437,14:03:24,12.6,0.03,241,303566,买盘
438,14:03:57,12.59,-0.01,5,6295,买盘
439,14:04:51,12.55,-0.04,7,7957,卖盘
440,14:04:57,12.55,0.0,5,6275,买盘
441,14:05:06,12.55,0.0,2,2510,买盘
442,14:05:15,12.54,-0.01,20,25080,卖盘
443,14:05:21,12.55,0.01,8,10743,买盘
444,14:07:00,12.55,0.0,1,1255,卖盘
445,14:07:30,12.59,0.04,41,51619,买盘
446,14:07:42,12.55,-0.04,2,2510,卖盘
447,14:08:03,12.59,0.04,33,41547,买盘
448,14:08:39,12.58,-0.01,1,1258,买盘
449,14:08:42,12.54,-0.04,39,49037,卖盘
450,14:10:25,12.57,0.03,1,1257,买盘
451,14:10:27,12.59,0.02,16,20124,买盘
452,14:10:54,12.54,-0.05,5,6270,卖盘
453,14:11:06,12.54,0.0,10,12540,卖盘
454,14:11:09,12.58,0.04,1,1258,买盘
455,14:13:30,12.54,-0.04,50,61897,卖盘
456,14:14:13,12.57,0.03,40,50176,买盘
457,14:14:36,12.58,0.01,28,35202,买盘
458,14:15:33,12.58,0.0,67,84276,买盘
459,14:16:48,12.56,-0.02,2,2512,买盘
460,14:17:00,12.56,0.0,12,15072,买盘
461,14:18:07,12.54,-0.02,15,18815,卖盘
462,14:18:43,12.52,-0.02,16,20032,卖盘
463,14:19:00,12.5,-0.02,3,3750,卖盘
464,14:19:03,12.5,0.0,7,8750,买盘
465,14:19:06,12.5,0.0,5,6250,买盘
466,14:20:25,12.41,-0.09,40,49683,卖盘
467,14:22:09,12.5,0.09,5,6250,买盘
468,14:23:57,12.5,0.0,5,6250,卖盘
469,14:24:31,12.46,-0.04,5,6230,卖盘
470,14:27:57,12.47,0.01,10,12470,卖盘
471,14:30:19,12.48,0.01,19,23712,卖盘
472,14:30:21,12.47,-0.01,3,3741,卖盘
473,14:30:48,12.55,0.08,10,12538,买盘
474,14:32:03,12.47,-0.08,1,1247,卖盘
475,14:32:30,12.52,0.05,1,1002,卖盘
476,14:34:00,12.48,-0.04,2,2496,卖盘
477,14:34:45,12.51,0.03,2,2502,买盘
478,14:34:48,12.51,0.0,3,3753,买盘
479,14:38:06,12.5,-0.01,1,1250,中性盘
480,14:38:30,12.49,-0.01,8,9992,卖盘
481,14:39:15,12.49,0.0,5,6245,卖盘
482,14:39:48,12.49,0.0,6,7496,卖盘
483,14:40:54,12.52,0.03,1,1252,买盘
484,14:42:15,12.52,0.0,1,1252,买盘
485,14:42:21,12.49,-0.03,10,12490,卖盘
486,14:42:45,12.47,-0.02,18,22708,卖盘
487,14:45:27,12.48,0.01,11,13478,卖盘
488,14:46:00,12.49,0.01,30,37470,中性盘
489,14:46:15,12.48,-0.01,5,6240,卖盘
490,14:46:37,12.46,-0.02,20,24933,卖盘
491,14:47:07,12.47,0.01,1,1247,卖盘
492,14:47:33,12.47,0.0,5,6235,卖盘
493,14:47:49,12.5,0.03,20,25000,买盘
494,14:48:10,12.5,0.0,10,12500,买盘
495,14:49:01,12.48,-0.02,8,9984,卖盘
496,14:49:10,12.46,-0.02,6,7476,卖盘
497,14:49:36,12.48,0.02,1,1248,买盘
498,14:49:46,12.48,0.0,17,21216,买盘
499,14:50:06,12.48,0.0,6,7488,买盘
500,14:50:10,12.48,0.0,1,1248,买盘
501,14:50:45,12.48,0.0,17,21216,买盘
502,14:51:06,12.5,0.02,1,1250,买盘
503,14:51:19,12.5,0.0,3,3750,买盘
504,14:51:51,12.5,0.0,1,1250,买盘
505,14:52:07,12.5,0.0,3,3750,买盘
506,14:53:48,12.49,-0.01,6,7494,买盘
507,14:54:04,12.49,0.0,2,2498,买盘
508,14:54:06,12.49,0.0,3,3747,买盘
509,14:54:24,12.5,0.01,1,1250,买盘
510,14:54:31,12.48,-0.02,16,19979,卖盘
511,14:54:37,12.5,0.02,8,10000,买盘
512,14:54:40,12.5,0.0,19,23750,买盘
513,14:55:39,12.54,0.04,2,2508,买盘
514,14:55:46,12.51,-0.03,4,5004,卖盘
515,14:56:04,12.54,0.03,1,1254,买盘
516,14:56:12,12.54,0.0,5,6270,买盘
517,14:56:16,12.54,0.0,10,12540,卖盘
518,15:00:04,12.52,-0.02,35,43820,卖盘
