,time,price,change,volume,amount,type
0,09:30:07,16.79,0.19,30,50336,买盘
1,09:30:10,16.79,0.0,10,16790,卖盘
2,09:30:25,16.79,0.0,14,23506,卖盘
3,09:30:28,16.79,0.0,5,8395,卖盘
4,09:30:31,16.79,0.0,1,1679,卖盘
5,09:30:34,16.78,-0.01,10,16782,卖盘
6,09:30:40,16.62,-0.16,15,25023,卖盘
7,09:31:10,16.66,0.04,3,4998,卖盘
8,09:31:13,16.76,0.1,10,16760,买盘
9,09:31:28,16.76,0.0,10,16760,买盘
10,09:31:31,16.76,0.0,11,18436,买盘
11,09:31:37,16.76,0.0,15,25140,卖盘
12,09:31:40,16.76,0.0,8,13408,卖盘
13,09:31:43,16.76,0.0,15,25140,卖盘
14,09:31:46,16.79,0.03,16,26844,买盘
15,09:31:49,16.76,-0.03,127,212894,卖盘
16,09:31:52,16.76,0.0,3,5028,卖盘
17,09:32:01,16.8,0.04,20,33524,买盘
18,09:32:10,16.8,0.0,10,16800,买盘
19,09:32:31,16.76,-0.04,10,16760,买盘
20,09:32:34,16.78,0.02,3,5034,买盘
21,09:32:58,16.75,-0.03,2,3350,买盘
22,09:33:01,16.75,0.0,2,3350,买盘
23,09:33:13,16.75,0.0,5,8375,卖盘
24,09:33:28,16.78,0.03,9,15102,买盘
25,09:33:43,16.8,0.02,1,1680,买盘
26,09:33:49,16.78,-0.02,34,57052,卖盘
27,09:33:52,16.78,0.0,2,3356,卖盘
28,09:33:55,16.78,0.0,21,35243,卖盘
29,09:34:25,16.75,-0.03,1,1675,卖盘
30,09:34:34,16.75,0.0,2,3350,卖盘
31,09:34:43,16.74,-0.01,10,16740,卖盘
32,09:34:52,16.74,0.0,8,13392,卖盘
33,09:35:13,16.73,-0.01,8,13384,卖盘
34,09:35:25,16.73,0.0,2,3346,买盘
35,09:35:37,16.72,-0.01,38,63549,卖盘
36,09:35:40,16.72,0.0,10,16720,买盘
37,09:35:43,16.72,0.0,1,1672,买盘
38,09:35:49,16.72,0.0,11,18392,买盘
39,09:36:34,16.73,0.01,2,3346,卖盘
40,09:36:55,16.74,0.01,11,18406,买盘
41,09:36:58,16.75,0.01,8,13400,买盘
42,09:37:16,16.76,0.01,15,25140,买盘
43,09:37:37,16.76,0.0,12,20112,买盘
44,09:37:40,16.75,-0.01,11,18425,卖盘
45,09:37:43,16.74,-0.01,3,5022,卖盘
46,09:38:01,16.74,0.0,14,23436,卖盘
47,09:38:16,16.74,0.0,78,130572,卖盘
48,09:38:25,16.74,0.0,15,25110,卖盘
49,09:38:28,16.74,0.0,1,1674,卖盘
50,09:38:31,16.74,0.0,1,1674,买盘
51,09:38:52,16.74,0.0,1,1674,卖盘
52,09:38:55,16.74,0.0,1,1674,卖盘
53,09:39:05,16.75,0.01,7,11723,买盘
54,09:39:10,16.74,-0.01,1,1674,卖盘
55,09:39:22,16.72,-0.02,5,8360,卖盘
56,09:39:28,16.72,0.0,1,1672,买盘
57,09:39:46,16.69,-0.03,3,5007,卖盘
58,09:39:58,16.69,0.0,3,5009,卖盘
59,09:40:16,16.69,0.0,1,1669,卖盘
60,09:40:25,16.68,-0.01,1,1668,卖盘
61,09:40:49,16.68,0.0,3,5004,买盘
62,09:41:04,16.67,-0.01,10,16670,卖盘
63,09:41:55,16.71,0.04,5,8355,买盘
64,09:42:04,16.71,0.0,20,33420,买盘
65,09:42:13,16.72,0.01,1,1672,买盘
66,09:42:16,16.71,-0.01,1,1671,卖盘
67,09:42:31,16.71,0.0,9,15039,买盘
68,09:43:40,16.71,0.0,16,26736,卖盘
69,09:43:43,16.71,0.0,7,11697,卖盘
70,09:43:46,16.71,0.0,64,106944,卖盘
71,09:44:04,16.67,-0.04,13,21671,卖盘
72,09:44:22,16.67,0.0,11,18337,买盘
73,09:44:37,16.67,0.0,5,8335,买盘
74,09:44:40,16.67,0.0,23,38341,买盘
75,09:46:28,16.72,0.05,31,51800,买盘
76,09:47:04,16.72,0.0,8,13376,买盘
77,09:47:07,16.72,0.0,1,1672,买盘
78,09:47:13,16.72,0.0,2,3344,买盘
79,09:47:22,16.73,0.01,1,1673,买盘
80,09:47:34,16.73,0.0,1,1673,买盘
81,09:48:10,16.73,0.0,2,3346,买盘
82,09:48:31,16.73,0.0,29,48505,买盘
83,09:48:52,16.72,-0.01,21,35112,卖盘
84,09:49:07,16.72,0.0,19,31918,卖盘
85,09:49:13,16.72,0.0,5,8360,买盘
86,09:49:19,16.72,0.0,6,9882,卖盘
87,09:49:49,16.72,0.0,6,10180,买盘
88,09:49:58,16.72,0.0,2,3344,卖盘
89,09:50:01,16.72,0.0,5,8360,买盘
90,09:50:22,16.72,0.0,1,1522,买盘
91,09:50:34,16.72,0.0,1,1672,买盘
92,09:50:46,16.71,-0.01,116,193836,卖盘
93,09:51:19,16.71,0.0,14,23350,买盘
94,09:51:46,16.7,-0.01,11,18370,买盘
95,09:52:07,16.68,-0.02,3,5005,卖盘
96,09:52:28,16.69,0.01,2,3338,买盘
97,09:52:34,16.68,-0.01,4,6675,卖盘
98,09:53:13,16.68,0.0,18,30024,卖盘
99,09:53:52,16.67,-0.01,3,5001,卖盘
100,09:54:07,16.68,0.01,1,1668,买盘
101,09:54:37,16.68,0.0,1,1668,买盘
102,09:54:40,16.69,0.01,17,28373,买盘
103,09:55:10,16.69,0.0,30,50070,卖盘
104,09:55:58,16.69,0.0,6,10014,卖盘
105,09:56:04,16.7,0.01,40,66800,买盘
106,09:56:07,16.69,-0.01,1,1669,卖盘
107,09:56:10,16.68,-0.01,1,1668,卖盘
108,09:56:19,16.69,0.01,1,1669,买盘
109,09:56:37,16.69,0.0,16,26704,买盘
110,09:57:15,16.7,0.01,25,41750,买盘
111,09:58:06,16.69,-0.01,134,223646,卖盘
112,09:59:28,16.69,0.0,32,53408,买盘
113,10:00:31,16.68,-0.01,51,85068,卖盘
114,10:00:40,16.68,0.0,13,21684,买盘
115,10:01:07,16.67,-0.01,2,3334,卖盘
116,10:01:58,16.67,0.0,68,113356,卖盘
117,10:02:07,16.67,0.0,36,60012,卖盘
118,10:02:10,16.67,0.0,13,21671,卖盘
119,10:02:54,16.66,-0.01,15,24990,卖盘
120,10:03:10,16.65,-0.01,3,4995,卖盘
121,10:04:31,16.68,0.03,4,6672,买盘
122,10:04:55,16.67,-0.01,2,3334,卖盘
123,10:05:06,16.67,0.0,1,1667,卖盘
124,10:05:58,16.68,0.01,19,31692,买盘
125,10:06:18,16.68,0.0,25,41700,卖盘
126,10:06:40,16.67,-0.01,4,6668,卖盘
127,10:07:40,16.67,0.0,1,1667,卖盘
128,10:09:16,16.67,0.0,15,25005,卖盘
129,10:10:03,16.67,0.0,3,5001,卖盘
130,10:10:10,16.67,0.0,28,46676,卖盘
131,10:10:39,16.65,-0.02,20,33300,卖盘
132,10:10:58,16.63,-0.02,10,16630,卖盘
133,10:11:22,16.65,0.02,5,8325,买盘
134,10:12:16,16.64,-0.01,5,8320,卖盘
135,10:13:07,16.64,0.0,10,16640,卖盘
136,10:13:13,16.64,0.0,10,16640,买盘
137,10:13:55,16.64,0.0,7,11648,买盘
138,10:14:09,16.65,0.01,2,3330,买盘
139,10:14:34,16.65,0.0,1,1665,买盘
140,10:14:37,16.64,-0.01,16,26624,卖盘
141,10:15:01,16.64,0.0,5,8320,买盘
142,10:15:30,16.64,0.0,5,8320,买盘
143,10:15:46,16.64,0.0,56,93184,买盘
144,10:15:57,16.64,0.0,10,16635,买盘
145,10:17:52,16.65,0.01,4,6660,买盘
146,10:18:19,16.65,0.0,8,13320,买盘
147,10:18:45,16.65,0.0,4,6660,卖盘
148,10:19:04,16.65,0.0,3,4995,买盘
149,10:19:18,16.65,0.0,2,3330,买盘
150,10:20:42,16.65,0.0,3,4995,卖盘
151,10:21:01,16.65,0.0,12,19980,买盘
152,10:22:42,16.65,0.0,2,3330,卖盘
153,10:23:28,16.65,0.0,1,1665,卖盘
154,10:23:55,16.64,-0.01,10,16640,卖盘
155,10:24:34,16.64,0.0,1,1664,卖盘
156,10:25:07,16.65,0.01,3,4995,买盘
157,10:25:22,16.65,0.0,5,8325,卖盘
158,10:25:31,16.65,0.0,10,16650,卖盘
159,10:28:46,16.64,-0.01,2,3328,卖盘
160,10:28:55,16.64,0.0,17,28288,卖盘
161,10:29:06,16.65,0.01,1,1665,买盘
162,10:33:13,16.63,-0.02,14,23282,卖盘
163,10:33:15,16.62,-0.01,4,6648,卖盘
164,10:33:40,16.62,0.0,6,9972,卖盘
165,10:35:55,16.63,0.01,3,4989,买盘
166,10:37:01,16.62,-0.01,25,41550,卖盘
167,10:38:10,16.62,0.0,10,16620,卖盘
168,10:38:25,16.62,0.0,22,36564,卖盘
169,10:38:42,16.62,0.0,9,14958,卖盘
170,10:40:10,16.62,0.0,5,8310,卖盘
171,10:40:13,16.62,0.0,8,13296,卖盘
172,10:40:21,16.62,0.0,6,9972,卖盘
173,10:40:31,16.62,0.0,1,1662,卖盘
174,10:41:22,16.61,-0.01,3,4987,卖盘
175,10:41:37,16.62,0.01,10,16625,卖盘
176,10:43:00,16.62,0.0,23,38226,买盘
177,10:44:55,16.61,-0.01,43,71423,卖盘
178,10:45:07,16.61,0.0,9,14949,买盘
179,10:45:43,16.61,0.0,8,13288,买盘
180,10:46:37,16.61,0.0,16,26576,卖盘
181,10:46:45,16.61,0.0,3,4983,卖盘
182,10:47:18,16.61,0.0,3,4983,卖盘
183,10:49:13,16.61,0.0,10,16610,卖盘
184,10:49:22,16.63,0.02,2,3326,买盘
185,10:49:31,16.61,-0.02,25,41525,卖盘
186,10:50:00,16.61,0.0,8,13288,买盘
187,10:50:07,16.61,0.0,1,1661,买盘
188,10:50:22,16.61,0.0,10,16610,买盘
189,10:50:28,16.61,0.0,2,3322,买盘
190,10:50:33,16.61,0.0,10,16610,买盘
191,10:50:37,16.61,0.0,4,6644,买盘
192,10:51:36,16.63,0.02,19,31597,买盘
193,10:52:09,16.65,0.02,20,33300,买盘
194,10:53:00,16.65,0.0,1,1665,卖盘
195,10:53:55,16.65,0.0,5,8325,买盘
196,10:54:07,16.64,-0.01,18,29952,卖盘
197,10:56:09,16.64,0.0,1,1664,卖盘
198,10:56:21,16.64,0.0,5,8320,卖盘
199,10:56:58,16.64,0.0,4,6656,卖盘
200,10:57:09,16.64,0.0,15,24960,买盘
201,10:57:57,16.61,-0.03,47,78067,卖盘
202,11:00:25,16.63,0.02,1,1663,买盘
203,11:02:13,16.62,-0.01,3,4986,卖盘
204,11:02:33,16.62,0.0,5,8310,卖盘
205,11:03:27,16.62,0.0,26,43212,卖盘
206,11:03:40,16.61,-0.01,5,8305,卖盘
207,11:04:28,16.62,0.01,18,29916,买盘
208,11:05:36,16.62,0.0,14,23268,买盘
209,11:05:52,16.62,0.0,10,16620,买盘
210,11:06:01,16.61,-0.01,10,16610,卖盘
211,11:08:12,16.6,-0.01,30,49800,卖盘
212,11:08:40,16.6,0.0,10,16600,卖盘
213,11:08:46,16.6,0.0,3,4980,卖盘
214,11:08:54,16.6,0.0,9,14940,卖盘
215,11:09:04,16.6,0.0,3,4980,卖盘
216,11:09:07,16.6,0.0,223,370180,卖盘
217,11:09:28,16.58,-0.02,3,4974,卖盘
218,11:10:04,16.58,0.0,6,9948,买盘
219,11:11:49,16.58,0.0,1,1658,买盘
220,11:12:10,16.58,0.0,4,6632,卖盘
221,11:12:27,16.58,0.0,4,6632,买盘
222,11:13:28,16.55,-0.03,30,49654,卖盘
223,11:13:34,16.55,0.0,1,1655,卖盘
224,11:14:07,16.56,0.01,3,4968,买盘
225,11:14:25,16.56,0.0,3,4968,买盘
226,11:14:36,16.56,0.0,2,3312,卖盘
227,11:14:43,16.56,0.0,6,9936,卖盘
228,11:14:52,16.55,-0.01,18,29790,卖盘
229,11:14:57,16.53,-0.02,27,44652,卖盘
230,11:15:07,16.53,0.0,2,3306,卖盘
231,11:15:19,16.53,0.0,5,8265,卖盘
232,11:15:37,16.53,0.0,2,3306,卖盘
233,11:15:39,16.5,-0.03,2,3300,卖盘
234,11:15:46,16.41,-0.09,32,52747,卖盘
235,11:15:58,16.41,0.0,5,8245,卖盘
236,11:16:09,16.54,0.13,3,4962,中性盘
237,11:16:15,16.47,-0.07,19,31293,中性盘
238,11:17:42,16.49,0.02,55,90700,卖盘
239,11:17:55,16.49,0.0,37,61013,买盘
240,11:18:12,16.49,0.0,8,13192,卖盘
241,11:18:15,16.49,0.0,9,14841,买盘
242,11:18:43,16.49,0.0,62,102238,买盘
243,11:18:49,16.49,0.0,5,8245,买盘
244,11:18:58,16.48,-0.01,9,14832,卖盘
245,11:19:42,16.47,-0.01,1,1647,卖盘
246,11:20:15,16.47,0.0,4,6588,卖盘
247,11:20:51,16.46,-0.01,10,16460,卖盘
248,11:21:01,16.47,0.01,5,8235,买盘
249,11:21:58,16.48,0.01,2,3296,买盘
250,11:22:16,16.48,0.0,5,8240,卖盘
251,11:22:18,16.49,0.01,6,9894,买盘
252,11:25:34,16.51,0.02,2,3302,买盘
253,11:25:54,16.51,0.0,8,13208,卖盘
254,11:26:07,16.5,-0.01,27,44560,卖盘
255,11:26:10,16.5,0.0,10,16500,买盘
256,11:26:22,16.5,0.0,18,29700,买盘
257,11:26:28,16.5,0.0,2,3300,卖盘
258,11:26:31,16.49,-0.01,4,6596,卖盘
259,11:26:45,16.49,0.0,23,37947,卖盘
260,11:27:16,16.5,0.01,11,18148,中性盘
261,11:27:34,16.5,0.0,1,1650,买盘
262,11:29:22,16.46,-0.04,18,29660,卖盘
263,13:00:07,16.48,0.02,6,9884,中性盘
264,13:00:10,16.46,-0.02,50,82306,卖盘
265,13:00:15,16.48,0.02,1,1648,买盘
266,13:01:01,16.5,0.02,3,4950,买盘
267,13:01:30,16.5,0.0,1,1650,买盘
268,13:01:33,16.5,0.0,16,26400,买盘
269,13:01:43,16.5,0.0,45,74250,卖盘
270,13:01:57,16.56,0.06,3,4968,买盘
271,13:02:21,16.5,-0.06,25,41250,卖盘
272,13:03:04,16.55,0.05,1,1655,买盘
273,13:03:52,16.5,-0.05,33,54450,卖盘
274,13:03:58,16.5,0.0,30,49500,卖盘
275,13:04:12,16.5,0.0,21,34650,卖盘
276,13:06:24,16.47,-0.03,20,32940,卖盘
277,13:06:37,16.46,-0.01,5,8230,卖盘
278,13:06:46,16.46,0.0,11,18106,卖盘
279,13:07:07,16.45,-0.01,3,4935,卖盘
280,13:07:09,16.46,0.01,32,52672,买盘
281,13:07:33,16.46,0.0,9,14814,卖盘
282,13:07:55,16.47,0.01,9,14823,卖盘
283,13:10:55,16.48,0.01,6,9888,卖盘
284,13:12:48,16.48,0.0,1,1648,买盘
285,13:13:49,16.48,0.0,1,1648,卖盘
286,13:14:34,16.49,0.01,5,8245,卖盘
287,13:18:16,16.49,0.0,6,9894,卖盘
288,13:18:52,16.48,-0.01,5,8240,卖盘
289,13:20:22,16.48,0.0,5,8240,买盘
290,13:21:43,16.49,0.01,5,8245,买盘
291,13:21:45,16.49,0.0,36,59364,买盘
292,13:23:24,16.54,0.05,15,24810,买盘
293,13:23:37,16.54,0.0,10,16540,卖盘
294,13:25:10,16.54,0.0,11,18194,买盘
295,13:27:22,16.53,-0.01,5,8265,买盘
296,13:27:25,16.53,0.0,5,8265,买盘
297,13:29:00,16.53,0.0,1,1653,买盘
298,13:29:19,16.53,0.0,6,9918,买盘
299,13:29:25,16.54,0.01,1,1654,买盘
300,13:29:28,16.54,0.0,5,8270,买盘
301,13:29:58,16.56,0.02,1,1656,买盘
302,13:30:01,16.56,0.0,3,4968,买盘
303,13:30:10,16.56,0.0,30,49680,买盘
304,13:31:07,16.55,-0.01,1,1655,买盘
305,13:31:30,16.55,0.0,5,8275,买盘
306,13:31:36,16.55,0.0,8,13240,买盘
307,13:32:18,16.55,0.0,3,4965,买盘
308,13:32:30,16.53,-0.02,5,8265,卖盘
309,13:34:31,16.53,0.0,15,24795,卖盘
310,13:34:45,16.53,0.0,2,3306,卖盘
311,13:35:40,16.52,-0.01,2,3304,卖盘
312,13:35:51,16.52,0.0,1,1652,卖盘
313,13:36:19,16.51,-0.01,3,4953,卖盘
314,13:36:52,16.52,0.01,1,1652,买盘
315,13:38:28,16.51,-0.01,2,3302,卖盘
316,13:39:33,16.5,-0.01,7,11550,卖盘
317,13:40:06,16.5,0.0,10,16500,卖盘
318,13:40:13,16.5,0.0,1,1650,中性盘
319,13:40:33,16.5,0.0,3,4950,买盘
320,13:40:36,16.49,-0.01,47,77503,卖盘
321,13:40:49,16.49,0.0,4,6744,卖盘
322,13:44:42,16.52,0.03,29,47908,买盘
323,13:47:27,16.51,-0.01,3,4953,中性盘
324,13:47:34,16.5,-0.01,1,1650,卖盘
325,13:47:57,16.5,0.0,15,24750,卖盘
326,13:48:04,16.51,0.01,9,14852,买盘
327,13:48:31,16.5,-0.01,13,21450,卖盘
328,13:48:48,16.5,0.0,34,56100,卖盘
329,13:48:55,16.5,0.0,6,9900,卖盘
330,13:48:57,16.5,0.0,12,19793,买盘
331,13:49:12,16.46,-0.04,106,174489,卖盘
332,13:49:24,16.46,0.0,10,16460,买盘
333,13:49:52,16.42,-0.04,83,136636,卖盘
334,13:51:46,16.45,0.03,3,4935,卖盘
335,13:51:52,16.45,0.0,1,1645,买盘
336,13:52:04,16.42,-0.03,19,31214,卖盘
337,13:52:10,16.45,0.03,7,11515,买盘
338,13:52:16,16.42,-0.03,20,32843,卖盘
339,13:52:37,16.44,0.02,1,1644,买盘
340,13:52:43,16.44,0.0,1,1644,买盘
341,13:52:46,16.44,0.0,1,1644,买盘
342,13:52:49,16.44,0.0,1,1644,买盘
343,13:52:52,16.44,0.0,1,1644,买盘
344,13:54:21,16.45,0.01,6,9870,卖盘
345,13:54:34,16.46,0.01,29,47734,买盘
346,13:55:18,16.47,0.01,18,29645,买盘
347,13:57:33,16.45,-0.02,8,13160,卖盘
348,13:57:37,16.45,0.0,12,19740,买盘
349,13:57:45,16.44,-0.01,19,31236,卖盘
350,13:58:10,16.45,0.01,1,1645,买盘
351,13:58:27,16.45,0.0,59,97055,买盘
352,14:00:52,16.46,0.01,3,4938,卖盘
353,14:01:01,16.46,0.0,10,16460,卖盘
354,14:01:04,16.46,0.0,3,4938,卖盘
355,14:01:58,16.45,-0.01,4,6580,卖盘
356,14:02:04,16.45,0.0,3,4935,卖盘
357,14:02:13,16.45,0.0,5,8225,卖盘
358,14:02:18,16.45,0.0,10,16450,卖盘
359,14:02:25,16.45,0.0,3,4935,卖盘
360,14:02:28,16.44,-0.01,13,21382,卖盘
361,14:02:39,16.44,0.0,16,26304,卖盘
362,14:02:51,16.44,0.0,23,37812,卖盘
363,14:03:01,16.43,-0.01,24,39432,卖盘
364,14:03:19,16.44,0.01,5,8220,卖盘
365,14:03:46,16.43,-0.01,6,9861,卖盘
366,14:04:19,16.43,0.0,6,9858,卖盘
367,14:04:28,16.43,0.0,6,9858,卖盘
368,14:04:30,16.43,0.0,10,16430,卖盘
369,14:04:37,16.44,0.01,2,3288,买盘
370,14:05:34,16.45,0.01,2,3290,买盘
371,14:05:46,16.47,0.02,53,87254,买盘
372,14:05:52,16.47,0.0,1,1647,买盘
373,14:06:34,16.5,0.03,2,3300,买盘
374,14:06:40,16.5,0.0,2,3300,买盘
375,14:07:19,16.53,0.03,10,16530,买盘
376,14:08:04,16.53,0.0,4,6612,卖盘
377,14:08:07,16.53,0.0,2,3306,卖盘
378,14:08:16,16.53,0.0,34,56202,卖盘
379,14:09:25,16.53,0.0,1,1653,买盘
380,14:11:28,16.48,-0.05,4,6592,卖盘
381,14:11:52,16.46,-0.02,1,1646,卖盘
382,14:13:51,16.47,0.01,2,3294,卖盘
383,14:14:34,16.47,0.0,3,4941,卖盘
384,14:19:06,16.53,0.06,2,3306,买盘
385,14:21:37,16.53,0.0,50,82650,买盘
386,14:22:19,16.53,0.0,3,4959,买盘
387,14:22:36,16.53,0.0,1,1653,卖盘
388,14:22:58,16.54,0.01,10,16540,买盘
389,14:23:16,16.54,0.0,3,4962,买盘
390,14:23:37,16.54,0.0,4,6616,买盘
391,14:23:58,16.53,-0.01,20,33060,卖盘
392,14:24:01,16.54,0.01,10,16540,买盘
393,14:24:04,16.53,-0.01,6,9918,卖盘
394,14:24:22,16.58,0.05,135,223661,买盘
395,14:24:27,16.58,0.0,5,8290,卖盘
396,14:24:34,16.58,0.0,11,18238,卖盘
397,14:24:39,16.58,0.0,20,33160,卖盘
398,14:24:43,16.58,0.0,20,33160,卖盘
399,14:24:49,16.58,0.0,54,89532,卖盘
400,14:25:25,16.5,-0.08,10,16572,卖盘
401,14:26:34,16.51,0.01,3,4953,卖盘
402,14:26:52,16.59,0.08,20,33171,买盘
403,14:27:31,16.6,0.01,10,16596,买盘
404,14:28:07,16.6,0.0,4,6640,买盘
405,14:28:19,16.6,0.0,16,26560,卖盘
406,14:28:27,16.6,0.0,3,4980,买盘
407,14:29:46,16.55,-0.05,5,8275,卖盘
408,14:32:46,16.58,0.03,7,11606,卖盘
409,14:32:49,16.54,-0.04,6,9926,卖盘
410,14:34:16,16.54,0.0,1,1654,卖盘
411,14:35:04,16.59,0.05,1,1659,买盘
412,14:36:19,16.55,-0.04,12,19860,卖盘
413,14:37:01,16.54,-0.01,26,43004,卖盘
414,14:39:16,16.54,0.0,1,1654,买盘
415,14:39:22,16.52,-0.02,1,1652,卖盘
416,14:39:39,16.52,0.0,30,49560,卖盘
417,14:41:25,16.57,0.05,1,1657,买盘
418,14:42:30,16.53,-0.04,23,38019,买盘
419,14:42:37,16.57,0.04,65,107559,买盘
420,14:42:46,16.53,-0.04,7,11571,卖盘
421,14:45:13,16.58,0.05,2,3316,买盘
422,14:45:46,16.57,-0.01,10,16570,买盘
423,14:47:34,16.57,0.0,1,1657,买盘
424,14:47:37,16.53,-0.04,22,36366,卖盘
425,14:48:09,16.56,0.03,1,1656,卖盘
426,14:48:43,16.51,-0.05,3,4953,卖盘
427,14:48:49,16.55,0.04,7,11585,买盘
428,14:49:37,16.55,0.0,3,4965,买盘
429,14:49:52,16.55,0.0,6,9930,卖盘
430,14:50:01,16.55,0.0,10,16550,卖盘
431,14:50:10,16.55,0.0,43,71170,卖盘
432,14:50:13,16.55,0.0,18,29790,卖盘
433,14:51:06,16.55,0.0,4,6620,买盘
434,14:51:22,16.51,-0.04,6,9906,卖盘
435,14:51:46,16.54,0.03,1,1654,买盘
436,14:51:49,16.54,0.0,8,13232,卖盘
437,14:51:52,16.54,0.0,1,1654,卖盘
438,14:52:10,16.52,-0.02,9,14868,卖盘
439,14:52:22,16.52,0.0,1,1652,买盘
440,14:52:52,16.52,0.0,2,3304,卖盘
441,14:52:55,16.52,0.0,10,16520,卖盘
442,14:52:58,16.51,-0.01,23,37989,卖盘
443,14:53:19,16.54,0.03,1,1654,买盘
444,14:53:22,16.52,-0.02,8,13231,卖盘
445,14:53:37,16.52,0.0,10,16520,卖盘
446,14:53:49,16.54,0.02,6,9924,买盘
447,14:54:04,16.54,0.0,15,24810,买盘
448,14:54:16,16.52,-0.02,13,21476,卖盘
449,14:54:19,16.52,0.0,54,89208,买盘
450,14:54:22,16.51,-0.01,21,34671,卖盘
451,14:54:25,16.51,0.0,30,49530,卖盘
452,14:54:31,16.51,0.0,39,64389,卖盘
453,14:54:37,16.51,0.0,34,56167,卖盘
454,14:55:01,16.5,-0.01,30,49500,卖盘
455,14:55:07,16.5,0.0,15,24750,卖盘
456,14:55:13,16.5,0.0,22,36300,卖盘
457,14:55:19,16.5,0.0,25,41250,卖盘
458,14:55:25,16.48,-0.02,4,6592,卖盘
459,14:55:28,16.48,0.0,1,1648,卖盘
460,14:55:31,16.49,0.01,18,29682,买盘
461,14:55:34,16.5,0.01,4,6597,买盘
462,14:55:36,16.49,-0.01,1,1649,卖盘
463,14:55:52,16.49,0.0,6,9894,卖盘
464,14:55:55,16.5,0.01,18,29685,买盘
465,14:55:58,16.48,-0.02,2,3296,卖盘
466,14:56:01,16.48,0.0,1,1648,卖盘
467,14:56:04,16.5,0.02,5,8248,买盘
468,14:56:07,16.5,0.0,1,1650,买盘
469,14:56:10,16.48,-0.02,1,1648,卖盘
470,14:56:13,16.5,0.02,6,9900,买盘
471,14:56:16,16.5,0.0,1,1650,卖盘
472,14:56:22,16.5,0.0,8,13200,卖盘
473,14:56:25,16.5,0.0,1,1650,卖盘
474,14:56:28,16.51,0.01,39,64426,中性盘
475,14:56:31,16.51,0.0,1,1651,卖盘
476,14:56:37,16.51,0.0,3,4953,卖盘
477,14:56:49,16.51,0.0,12,19812,卖盘
478,15:00:05,16.5,-0.01,42,69300,卖盘
