,time,price,change,volume,amount,type
0,09:25:05,9.3,-0.22,182,169279,卖盘
1,09:30:04,9.3,0.0,8,7440,卖盘
2,09:30:07,9.35,0.05,296,275857,卖盘
3,09:30:10,9.35,0.0,151,140689,买盘
4,09:30:13,9.31,-0.04,2,1862,卖盘
5,09:30:19,9.35,0.04,76,71060,买盘
6,09:30:22,9.35,0.0,6,5610,买盘
7,09:30:25,9.35,0.0,4,3740,卖盘
8,09:30:34,9.35,0.0,5,4675,卖盘
9,09:30:37,9.38,0.03,5,4690,买盘
10,09:30:40,9.37,-0.01,20,18750,卖盘
11,09:30:46,9.37,0.0,33,30921,买盘
12,09:30:49,9.38,0.01,56,52492,买盘
13,09:30:52,9.4,0.02,227,213662,买盘
14,09:31:01,9.41,0.01,106,99646,买盘
15,09:31:04,9.4,-0.01,2,1880,中性盘
16,09:31:13,9.4,0.0,12,11280,买盘
17,09:31:16,9.41,0.01,50,47009,买盘
18,09:31:19,9.38,-0.03,12,11278,卖盘
19,09:31:22,9.38,0.0,11,10318,卖盘
20,09:31:31,9.38,0.0,11,9924,卖盘
21,09:31:34,9.38,0.0,4,3752,买盘
22,09:31:43,9.38,0.0,11,10308,买盘
23,09:31:46,9.38,0.0,17,15941,买盘
24,09:31:49,9.38,0.0,69,64722,买盘
25,09:31:52,9.38,0.0,3,2814,买盘
26,09:31:55,9.39,0.01,22,21020,买盘
27,09:31:58,9.37,-0.02,9,8441,卖盘
28,09:32:01,9.37,0.0,173,162017,买盘
29,09:32:05,9.37,0.0,4,3748,买盘
30,09:32:07,9.37,0.0,6,5622,买盘
31,09:32:10,9.37,0.0,16,14972,买盘
32,09:32:25,9.38,0.01,1,938,卖盘
33,09:32:28,9.35,-0.03,253,236766,卖盘
34,09:32:40,9.39,0.04,20,18768,买盘
35,09:32:49,9.41,0.02,8,7522,买盘
36,09:32:52,9.38,-0.03,2,1876,卖盘
37,09:32:58,9.38,0.0,18,16884,买盘
38,09:33:01,9.39,0.01,20,18780,卖盘
39,09:33:07,9.38,-0.01,11,10324,卖盘
40,09:33:25,9.39,0.01,25,23475,卖盘
41,09:33:28,9.39,0.0,19,17841,买盘
42,09:33:31,9.39,0.0,16,15024,买盘
43,09:33:34,9.39,0.0,22,20658,买盘
44,09:33:37,9.39,0.0,16,15024,买盘
45,09:33:40,9.39,0.0,23,21597,买盘
46,09:33:43,9.39,0.0,20,18780,买盘
47,09:33:46,9.4,0.01,12,11269,买盘
48,09:33:49,9.4,0.0,10,9400,买盘
49,09:33:52,9.4,0.0,37,34780,买盘
50,09:33:55,9.4,0.0,7,6580,买盘
51,09:33:58,9.4,0.0,15,14100,买盘
52,09:34:01,9.4,0.0,12,11280,买盘
53,09:34:04,9.41,0.01,2,1882,买盘
54,09:34:07,9.41,0.0,20,18810,买盘
55,09:34:10,9.41,0.0,89,83729,买盘
56,09:34:13,9.41,0.0,81,76162,买盘
57,09:34:16,9.41,0.0,47,44227,买盘
58,09:34:19,9.41,0.0,22,20702,买盘
59,09:34:22,9.4,-0.01,75,70556,卖盘
60,09:34:25,9.41,0.01,58,54528,买盘
61,09:34:28,9.41,0.0,19,17879,买盘
62,09:34:37,9.43,0.02,2,1886,买盘
63,09:34:40,9.43,0.0,18,16974,买盘
64,09:34:46,9.42,-0.01,4,3768,卖盘
65,09:34:49,9.43,0.01,10,9429,买盘
66,09:34:55,9.42,-0.01,30,28260,买盘
67,09:34:58,9.42,0.0,1,942,买盘
68,09:35:01,9.42,0.0,16,15072,买盘
69,09:35:04,9.42,0.0,1,942,买盘
70,09:35:07,9.43,0.01,15,14140,买盘
71,09:35:16,9.42,-0.01,5,4710,卖盘
72,09:35:19,9.42,0.0,7,6594,卖盘
73,09:35:31,9.41,-0.01,45,42345,卖盘
74,09:35:34,9.41,0.0,62,58342,卖盘
75,09:35:37,9.41,0.0,10,9410,买盘
76,09:35:40,9.41,0.0,2,1882,买盘
77,09:35:46,9.41,0.0,8,7528,买盘
78,09:35:49,9.4,-0.01,60,56400,卖盘
79,09:35:52,9.4,0.0,7,6580,买盘
80,09:35:55,9.4,0.0,10,9400,买盘
81,09:35:58,9.4,0.0,65,61050,买盘
82,09:36:01,9.39,-0.01,8,7512,卖盘
83,09:36:04,9.39,0.0,27,25353,卖盘
84,09:36:07,9.4,0.01,60,56350,买盘
85,09:36:10,9.39,-0.01,110,103290,卖盘
86,09:36:13,9.39,0.0,3,2818,卖盘
87,09:36:19,9.38,-0.01,30,28140,卖盘
88,09:36:25,9.38,0.0,12,11256,卖盘
89,09:36:28,9.38,0.0,50,46900,卖盘
90,09:36:34,9.37,-0.01,8,7501,卖盘
91,09:36:42,9.39,0.02,5,4695,买盘
92,09:36:46,9.38,-0.01,5,4690,卖盘
93,09:36:52,9.39,0.01,4,3756,买盘
94,09:36:55,9.39,0.0,30,28170,买盘
95,09:36:58,9.38,-0.01,28,26273,卖盘
96,09:37:04,9.39,0.01,3,2817,买盘
97,09:37:10,9.39,0.0,4,3756,买盘
98,09:37:13,9.38,-0.01,102,95678,卖盘
99,09:37:16,9.39,0.01,30,28155,买盘
100,09:37:19,9.38,-0.01,8,7504,卖盘
101,09:37:22,9.4,0.02,394,370174,买盘
102,09:37:28,9.38,-0.02,30,28165,卖盘
103,09:37:34,9.38,0.0,59,55353,卖盘
104,09:37:40,9.42,0.04,100,94117,买盘
105,09:37:49,9.4,-0.02,2,1880,卖盘
106,09:38:04,9.4,0.0,10,9402,卖盘
107,09:38:07,9.41,0.01,10,9410,中性盘
108,09:38:13,9.4,-0.01,21,19740,卖盘
109,09:38:16,9.41,0.01,8,7528,买盘
110,09:38:22,9.41,0.0,3,2823,买盘
111,09:38:27,9.41,0.0,17,15997,卖盘
112,09:38:31,9.41,0.0,20,18820,买盘
113,09:38:37,9.41,0.0,14,13174,买盘
114,09:38:40,9.4,-0.01,33,31020,卖盘
115,09:38:43,9.41,0.01,64,60177,买盘
116,09:39:01,9.4,-0.01,17,15980,卖盘
117,09:39:07,9.4,0.0,5,4700,卖盘
118,09:39:10,9.4,0.0,14,13160,卖盘
119,09:39:13,9.4,0.0,1,940,买盘
120,09:39:16,9.4,0.0,5,4700,买盘
121,09:39:22,9.39,-0.01,100,93900,卖盘
122,09:39:25,9.4,0.01,3,2820,买盘
123,09:39:28,9.39,-0.01,32,30050,卖盘
124,09:39:40,9.39,0.0,40,37560,卖盘
125,09:39:43,9.38,-0.01,124,116331,卖盘
126,09:39:49,9.38,0.0,5,4690,买盘
127,09:39:52,9.37,-0.01,21,19686,卖盘
128,09:39:55,9.36,-0.01,175,163867,卖盘
129,09:40:01,9.37,0.01,2,1874,买盘
130,09:40:04,9.36,-0.01,45,42149,卖盘
131,09:40:07,9.35,-0.01,285,266082,卖盘
132,09:40:10,9.35,0.0,26,24310,买盘
133,09:40:19,9.34,-0.01,18,16812,卖盘
134,09:40:22,9.33,-0.01,7,6533,卖盘
135,09:40:25,9.35,0.02,10,9350,买盘
136,09:40:28,9.34,-0.01,8,7472,卖盘
137,09:40:31,9.35,0.01,452,421561,买盘
138,09:40:34,9.34,-0.01,10,9345,卖盘
139,09:40:37,9.34,0.0,1,934,卖盘
140,09:40:40,9.34,0.0,5,4670,卖盘
141,09:40:46,9.34,0.0,11,10274,买盘
142,09:40:49,9.32,-0.02,47,43834,卖盘
143,09:40:52,9.32,0.0,30,27960,卖盘
144,09:40:55,9.32,0.0,20,18640,买盘
145,09:41:01,9.32,0.0,42,39135,买盘
146,09:41:04,9.32,0.0,67,62444,买盘
147,09:41:07,9.32,0.0,30,27960,卖盘
148,09:41:10,9.31,-0.01,463,431036,卖盘
149,09:41:13,9.31,0.0,20,18620,买盘
150,09:41:16,9.3,-0.01,16,14905,卖盘
151,09:41:19,9.3,0.0,329,306110,卖盘
152,09:41:25,9.28,-0.02,446,414600,卖盘
153,09:41:28,9.31,0.03,15,13970,卖盘
154,09:41:31,9.31,0.0,92,85592,卖盘
155,09:41:33,9.31,0.0,5,4655,卖盘
156,09:41:37,9.31,0.0,28,26068,卖盘
157,09:41:43,9.31,0.0,13,12108,卖盘
158,09:41:46,9.32,0.01,50,46583,买盘
159,09:41:52,9.3,-0.02,38,35343,卖盘
160,09:41:55,9.3,0.0,12,11160,买盘
161,09:41:58,9.31,0.01,105,97665,买盘
162,09:42:04,9.29,-0.02,22,20438,卖盘
163,09:42:07,9.29,0.0,3,2787,买盘
164,09:42:10,9.29,0.0,28,26012,买盘
165,09:42:15,9.28,-0.01,70,64980,卖盘
166,09:42:22,9.29,0.01,46,42734,买盘
167,09:42:25,9.23,-0.06,285,263999,卖盘
168,09:42:28,9.29,0.06,64,59456,买盘
169,09:42:31,9.3,0.01,182,169033,买盘
170,09:42:34,9.3,0.0,70,65100,卖盘
171,09:42:37,9.3,0.0,30,27900,卖盘
172,09:42:46,9.33,0.03,5,4665,买盘
173,09:42:52,9.3,-0.03,20,18991,卖盘
174,09:43:04,9.32,0.02,5,4660,买盘
175,09:43:07,9.33,0.01,11,10248,买盘
176,09:43:19,9.33,0.0,41,38199,买盘
177,09:43:22,9.33,0.0,30,27990,买盘
178,09:43:40,9.33,0.0,22,20526,买盘
179,09:43:46,9.35,0.02,148,138237,买盘
180,09:43:52,9.32,-0.03,139,129634,卖盘
181,09:43:55,9.33,0.01,5,4665,中性盘
182,09:44:01,9.35,0.02,6,5610,买盘
183,09:44:04,9.36,0.01,34,31808,买盘
184,09:44:07,9.36,0.0,5,4680,卖盘
185,09:44:22,9.39,0.03,10,9390,买盘
186,09:44:34,9.39,0.0,20,18780,买盘
187,09:44:36,9.37,-0.02,10,9370,卖盘
188,09:44:49,9.37,0.0,37,34671,卖盘
189,09:44:52,9.36,-0.01,5,4680,买盘
190,09:44:57,9.38,0.02,34,31861,买盘
191,09:45:04,9.35,-0.03,35,32749,卖盘
192,09:45:10,9.38,0.03,4,3752,中性盘
193,09:45:13,9.39,0.01,20,18762,买盘
194,09:45:31,9.36,-0.03,36,33696,卖盘
195,09:45:40,9.36,0.0,39,36504,买盘
196,09:45:46,9.35,-0.01,49,45815,卖盘
197,09:45:49,9.36,0.01,5,4680,买盘
198,09:45:51,9.36,0.0,5,4680,买盘
199,09:45:55,9.36,0.0,1,936,买盘
200,09:45:58,9.35,-0.01,75,70127,卖盘
201,09:46:01,9.36,0.01,3,2808,买盘
202,09:46:04,9.35,-0.01,42,39270,卖盘
203,09:46:07,9.35,0.0,3,2805,卖盘
204,09:46:16,9.35,0.0,25,23375,卖盘
205,09:46:22,9.35,0.0,3,2805,卖盘
206,09:46:28,9.36,0.01,3,2808,买盘
207,09:46:31,9.36,0.0,6,5616,买盘
208,09:46:34,9.35,-0.01,30,28050,卖盘
209,09:46:40,9.35,0.0,36,33654,卖盘
210,09:46:46,9.36,0.01,6,5616,买盘
211,09:46:57,9.35,-0.01,2,1870,卖盘
212,09:47:01,9.35,0.0,29,27126,卖盘
213,09:47:07,9.36,0.01,50,46752,买盘
214,09:47:10,9.36,0.0,10,9360,买盘
215,09:47:16,9.35,-0.01,43,40205,卖盘
216,09:47:18,9.36,0.01,149,139457,买盘
217,09:47:22,9.36,0.0,25,23400,卖盘
218,09:47:40,9.36,0.0,9,8434,卖盘
219,09:47:55,9.35,-0.01,82,76732,卖盘
220,09:47:58,9.38,0.03,24,22493,买盘
221,09:48:01,9.33,-0.05,32,29864,卖盘
222,09:48:10,9.38,0.05,13,12184,买盘
223,09:48:28,9.38,0.0,8,7504,买盘
224,09:48:37,9.38,0.0,3,2814,买盘
225,09:48:55,9.37,-0.01,2,1874,卖盘
226,09:49:01,9.38,0.01,4,3752,买盘
227,09:49:04,9.37,-0.01,2,1874,买盘
228,09:49:07,9.37,0.0,2,1874,买盘
229,09:49:16,9.37,0.0,3,2811,买盘
230,09:49:34,9.36,-0.01,49,45864,卖盘
231,09:49:40,9.33,-0.03,54,50430,卖盘
232,09:49:49,9.36,0.03,80,74880,买盘
233,09:49:55,9.33,-0.03,39,36396,卖盘
234,09:50:07,9.34,0.01,9,8406,卖盘
235,09:50:09,9.34,0.0,6,5604,买盘
236,09:50:22,9.35,0.01,1,935,买盘
237,09:50:31,9.35,0.0,2,1870,买盘
238,09:50:34,9.34,-0.01,13,12144,卖盘
239,09:50:46,9.35,0.01,30,28050,买盘
240,09:50:51,9.35,0.0,41,38335,卖盘
241,09:51:00,9.36,0.01,10,9360,买盘
242,09:51:22,9.36,0.0,102,95472,买盘
243,09:51:25,9.36,0.0,8,7488,买盘
244,09:51:28,9.35,-0.01,101,94435,卖盘
245,09:51:34,9.36,0.01,11,10296,买盘
246,09:51:40,9.34,-0.02,29,27088,卖盘
247,09:51:43,9.36,0.02,20,18720,买盘
248,09:51:52,9.36,0.0,13,12168,卖盘
249,09:51:55,9.34,-0.02,61,57000,卖盘
250,09:52:01,9.33,-0.01,46,42929,卖盘
251,09:52:13,9.35,0.02,4,3740,卖盘
252,09:52:16,9.35,0.0,3,2805,卖盘
253,09:52:19,9.35,0.0,10,9350,买盘
254,09:52:34,9.34,-0.01,5,4670,卖盘
255,09:52:36,9.34,0.0,21,19614,卖盘
256,09:52:51,9.34,0.0,19,17746,买盘
257,09:52:54,9.35,0.01,2,1870,买盘
258,09:52:57,9.33,-0.02,30,27991,卖盘
259,09:53:19,9.34,0.01,15,14010,卖盘
260,09:53:28,9.35,0.01,1,935,买盘
261,09:53:34,9.34,-0.01,1,934,卖盘
262,09:53:42,9.35,0.01,10,9350,买盘
263,09:54:01,9.35,0.0,8,7480,买盘
264,09:54:04,9.35,0.0,30,28045,买盘
265,09:54:07,9.34,-0.01,10,9340,卖盘
266,09:54:09,9.34,0.0,33,30822,卖盘
267,09:54:31,9.34,0.0,55,51370,卖盘
268,09:54:36,9.34,0.0,32,29888,卖盘
269,09:54:40,9.34,0.0,30,28020,中性盘
270,09:54:43,9.34,0.0,20,18680,买盘
271,09:55:01,9.34,0.0,5,4670,卖盘
272,09:55:07,9.34,0.0,29,27086,卖盘
273,09:55:19,9.34,0.0,1,934,卖盘
274,09:55:22,9.35,0.01,11,10285,买盘
275,09:55:28,9.33,-0.02,114,106428,卖盘
276,09:55:33,9.33,0.0,62,57851,卖盘
277,09:55:40,9.34,0.01,14,13076,买盘
278,09:55:55,9.34,0.0,36,33623,买盘
279,09:55:58,9.35,0.01,5,4675,买盘
280,09:56:03,9.34,-0.01,1,934,卖盘
281,09:56:10,9.34,0.0,43,40162,卖盘
282,09:56:16,9.34,0.0,1,934,卖盘
283,09:56:22,9.35,0.01,20,18700,买盘
284,09:56:31,9.35,0.0,13,12155,买盘
285,09:56:37,9.34,-0.01,11,10274,卖盘
286,09:56:49,9.34,0.0,10,9340,卖盘
287,09:56:52,9.35,0.01,113,105655,买盘
288,09:56:54,9.35,0.0,34,31790,卖盘
289,09:56:57,9.36,0.01,36,33696,买盘
290,09:57:01,9.35,-0.01,82,76715,卖盘
291,09:57:04,9.36,0.01,1,936,卖盘
292,09:57:07,9.35,-0.01,31,29009,卖盘
293,09:57:12,9.36,0.01,42,39312,卖盘
294,09:57:16,9.36,0.0,2,1872,买盘
295,09:57:25,9.36,0.0,10,9360,买盘
296,09:57:34,9.36,0.0,17,15912,买盘
297,09:57:37,9.35,-0.01,6,5610,卖盘
298,09:57:40,9.35,0.0,35,32725,卖盘
299,09:57:43,9.35,0.0,38,35530,卖盘
300,09:57:45,9.35,0.0,13,12155,卖盘
301,09:57:49,9.35,0.0,22,20591,卖盘
302,09:57:55,9.35,0.0,39,36465,卖盘
303,09:57:58,9.35,0.0,15,14025,卖盘
304,09:58:10,9.34,-0.01,10,9340,卖盘
305,09:58:19,9.33,-0.01,130,121324,卖盘
306,09:58:25,9.34,0.01,105,97967,买盘
307,09:58:31,9.33,-0.01,9,8397,中性盘
308,09:58:39,9.32,-0.01,40,37318,卖盘
309,09:58:46,9.32,0.0,38,35416,卖盘
310,09:58:49,9.32,0.0,74,68968,卖盘
311,09:58:55,9.32,0.0,42,39119,卖盘
312,09:59:10,9.31,-0.01,16,14896,卖盘
313,09:59:28,9.31,0.0,105,97755,卖盘
314,09:59:31,9.29,-0.02,392,364458,卖盘
315,09:59:34,9.28,-0.01,40,37120,卖盘
316,09:59:37,9.28,0.0,2,1856,买盘
317,09:59:39,9.28,0.0,144,133344,买盘
318,09:59:45,9.25,-0.03,45,41625,卖盘
319,09:59:49,9.26,0.01,61,56503,卖盘
320,09:59:52,9.25,-0.01,130,120342,卖盘
321,09:59:58,9.23,-0.02,223,205894,卖盘
322,10:00:01,9.23,0.0,525,484639,卖盘
323,10:00:04,9.23,0.0,53,48940,卖盘
324,10:00:07,9.24,0.01,231,213327,卖盘
325,10:00:09,9.25,0.01,10,9250,中性盘
326,10:00:13,9.26,0.01,121,111802,买盘
327,10:00:16,9.24,-0.02,35,32350,卖盘
328,10:00:19,9.23,-0.01,79,72980,卖盘
329,10:00:21,9.26,0.03,19,17594,买盘
330,10:00:25,9.24,-0.02,67,61955,卖盘
331,10:00:28,9.26,0.02,10,9260,卖盘
332,10:00:31,9.27,0.01,8,7416,买盘
333,10:00:34,9.26,-0.01,10,9260,卖盘
334,10:00:37,9.27,0.01,10,9270,买盘
335,10:00:43,9.26,-0.01,28,25928,卖盘
336,10:00:52,9.27,0.01,6,5562,买盘
337,10:00:54,9.27,0.0,11,10197,买盘
338,10:00:58,9.27,0.0,52,48204,卖盘
339,10:01:04,9.27,0.0,33,30591,卖盘
340,10:01:07,9.28,0.01,22,20416,买盘
341,10:01:09,9.28,0.0,77,71408,买盘
342,10:01:12,9.28,0.0,1,928,卖盘
343,10:01:16,9.27,-0.01,10,9270,卖盘
344,10:01:19,9.27,0.0,48,44496,卖盘
345,10:01:27,9.28,0.01,18,16704,买盘
346,10:01:37,9.28,0.0,1,928,卖盘
347,10:01:43,9.28,0.0,8,7429,卖盘
348,10:01:52,9.28,0.0,13,12028,卖盘
349,10:01:54,9.28,0.0,1,928,卖盘
350,10:01:58,9.28,0.0,36,33454,卖盘
351,10:02:01,9.29,0.01,20,18521,买盘
352,10:02:04,9.29,0.0,43,39947,卖盘
353,10:02:07,9.3,0.01,17,15796,买盘
354,10:02:13,9.29,-0.01,8,7432,卖盘
355,10:02:16,9.3,0.01,20,18600,买盘
356,10:02:18,9.3,0.0,16,14914,买盘
357,10:02:22,9.32,0.02,65,60426,买盘
358,10:02:34,9.32,0.0,17,15844,卖盘
359,10:02:40,9.32,0.0,43,39980,买盘
360,10:02:46,9.29,-0.03,1,929,卖盘
361,10:03:01,9.29,0.0,10,9293,卖盘
362,10:03:04,9.31,0.02,6,5586,买盘
363,10:03:21,9.31,0.0,7,6517,买盘
364,10:03:25,9.3,-0.01,50,46500,卖盘
365,10:03:28,9.3,0.0,6,5580,买盘
366,10:03:34,9.32,0.02,204,190007,买盘
367,10:03:40,9.28,-0.04,91,84548,卖盘
368,10:03:46,9.28,0.0,24,22272,买盘
369,10:03:49,9.27,-0.01,76,70452,卖盘
370,10:03:51,9.28,0.01,20,18560,买盘
371,10:03:55,9.28,0.0,11,10200,买盘
372,10:04:04,9.28,0.0,38,35231,买盘
373,10:04:10,9.26,-0.02,62,57490,卖盘
374,10:04:16,9.26,0.0,36,33346,卖盘
375,10:04:19,9.26,0.0,87,80627,卖盘
376,10:04:22,9.27,0.01,12,11124,买盘
377,10:04:25,9.27,0.0,78,72264,买盘
378,10:04:28,9.27,0.0,72,66731,买盘
379,10:04:31,9.27,0.0,26,24102,卖盘
380,10:04:34,9.28,0.01,60,55621,买盘
381,10:04:36,9.28,0.0,37,34336,卖盘
382,10:04:43,9.28,0.0,32,29696,卖盘
383,10:04:45,9.29,0.01,11,10219,买盘
384,10:04:52,9.29,0.0,13,12075,买盘
385,10:04:55,9.29,0.0,3,2787,买盘
386,10:04:58,9.29,0.0,33,30656,买盘
387,10:05:00,9.27,-0.02,255,236573,卖盘
388,10:05:04,9.28,0.01,3,2784,中性盘
389,10:05:07,9.28,0.0,152,140961,买盘
390,10:05:15,9.27,-0.01,7,6489,卖盘
391,10:05:18,9.27,0.0,1,927,卖盘
392,10:05:22,9.28,0.01,2,1856,买盘
393,10:05:25,9.27,-0.01,64,59328,卖盘
394,10:05:31,9.27,0.0,49,45423,卖盘
395,10:05:34,9.27,0.0,5,4635,卖盘
396,10:05:36,9.27,0.0,1,927,卖盘
397,10:05:49,9.27,0.0,3,2781,买盘
398,10:05:58,9.26,-0.01,27,25002,卖盘
399,10:06:01,9.27,0.01,21,19467,买盘
400,10:06:10,9.27,0.0,1,927,卖盘
401,10:06:16,9.27,0.0,29,26883,卖盘
402,10:06:19,9.27,0.0,40,37080,卖盘
403,10:06:25,9.28,0.01,13,12064,买盘
404,10:06:28,9.28,0.0,10,9280,买盘
405,10:06:31,9.27,-0.01,44,40788,卖盘
406,10:06:34,9.28,0.01,3,2784,买盘
407,10:06:39,9.27,-0.01,7,6489,卖盘
408,10:06:43,9.27,0.0,35,32453,卖盘
409,10:06:48,9.27,0.0,2,1855,卖盘
410,10:06:58,9.28,0.01,21,19488,买盘
411,10:07:16,9.27,-0.01,92,85284,卖盘
412,10:07:22,9.27,0.0,4,3708,卖盘
413,10:07:25,9.27,0.0,46,42642,卖盘
414,10:07:33,9.27,0.0,1,927,卖盘
415,10:07:39,9.28,0.01,157,145696,买盘
416,10:08:01,9.28,0.0,11,10213,卖盘
417,10:08:19,9.3,0.02,10,9300,买盘
418,10:08:22,9.29,-0.01,2,1858,卖盘
419,10:08:34,9.29,0.0,3,2787,卖盘
420,10:08:37,9.3,0.01,5,4650,买盘
421,10:08:39,9.29,-0.01,1,929,卖盘
422,10:08:54,9.3,0.01,7,6510,买盘
423,10:08:58,9.28,-0.02,92,85427,卖盘
424,10:09:16,9.3,0.02,3,2790,卖盘
425,10:09:30,9.3,0.0,6,5580,卖盘
426,10:09:34,9.3,0.0,11,10230,卖盘
427,10:09:58,9.3,0.0,10,9300,买盘
428,10:10:00,9.3,0.0,14,13020,买盘
429,10:10:13,9.3,0.0,10,9300,买盘
430,10:10:27,9.3,0.0,14,13020,买盘
431,10:10:34,9.29,-0.01,11,10219,卖盘
432,10:10:46,9.28,-0.01,50,46424,卖盘
433,10:10:58,9.28,0.0,4,3712,卖盘
434,10:11:04,9.28,0.0,30,27840,卖盘
435,10:11:10,9.27,-0.01,144,133564,卖盘
436,10:11:13,9.28,0.01,5,4640,买盘
437,10:11:16,9.27,-0.01,134,124218,卖盘
438,10:11:19,9.28,0.01,12,11132,买盘
439,10:11:22,9.27,-0.01,116,107532,卖盘
440,10:11:25,9.26,-0.01,204,188904,卖盘
441,10:11:28,9.26,0.0,2,1852,卖盘
442,10:11:31,9.25,-0.01,554,512894,卖盘
443,10:11:37,9.26,0.01,13,12038,买盘
444,10:11:40,9.25,-0.01,18,16650,卖盘
445,10:11:43,9.24,-0.01,353,326332,卖盘
446,10:11:46,9.24,0.0,2,1848,买盘
447,10:11:55,9.21,-0.03,433,399112,卖盘
448,10:11:58,9.21,0.0,10,9210,买盘
449,10:12:07,9.21,0.0,20,18407,买盘
450,10:12:10,9.2,-0.01,20,18400,卖盘
451,10:12:13,9.21,0.01,22,20262,买盘
452,10:12:16,9.2,-0.01,131,120520,卖盘
453,10:12:19,9.21,0.01,35,32210,买盘
454,10:12:22,9.2,-0.01,92,84640,卖盘
455,10:12:25,9.2,0.0,103,94760,卖盘
456,10:12:28,9.21,0.01,102,93979,买盘
457,10:12:31,9.21,0.0,7,6447,卖盘
458,10:12:34,9.21,0.0,9,8289,卖盘
459,10:12:37,9.22,0.01,10,9220,中性盘
460,10:12:40,9.23,0.01,1,923,买盘
461,10:12:49,9.23,0.0,35,32347,卖盘
462,10:12:55,9.23,0.0,29,26821,卖盘
463,10:12:58,9.25,0.02,6,5550,买盘
464,10:13:01,9.25,0.0,10,9250,买盘
465,10:13:04,9.23,-0.02,10,9230,卖盘
466,10:13:07,9.23,0.0,100,92316,卖盘
467,10:13:13,9.25,0.02,6,5550,买盘
468,10:13:16,9.24,-0.01,18,16632,卖盘
469,10:13:22,9.24,0.0,12,11088,卖盘
470,10:13:25,9.24,0.0,15,13865,卖盘
471,10:13:28,9.24,0.0,33,30492,卖盘
472,10:13:37,9.24,0.0,3,2772,买盘
473,10:13:40,9.24,0.0,26,24011,买盘
474,10:13:43,9.24,0.0,6,5544,买盘
475,10:13:46,9.23,-0.01,75,69289,卖盘
476,10:13:52,9.25,0.02,3,2775,买盘
477,10:14:01,9.25,0.0,5,4625,买盘
478,10:14:04,9.24,-0.01,30,27720,卖盘
479,10:14:07,9.25,0.01,1,925,买盘
480,10:14:09,9.24,-0.01,10,9240,卖盘
481,10:14:13,9.25,0.01,4,3700,买盘
482,10:14:18,9.25,0.0,2,1850,买盘
483,10:14:21,9.25,0.0,6,5550,买盘
484,10:14:25,9.24,-0.01,21,19404,卖盘
485,10:14:31,9.25,0.01,11,10175,买盘
486,10:14:40,9.25,0.0,25,23125,买盘
487,10:14:43,9.25,0.0,28,25890,买盘
488,10:14:46,9.24,-0.01,63,58215,卖盘
489,10:14:51,9.25,0.01,20,18500,买盘
490,10:14:55,9.25,0.0,10,9250,卖盘
491,10:15:01,9.25,0.0,18,16655,卖盘
492,10:15:04,9.25,0.0,3,2775,卖盘
493,10:15:07,9.25,0.0,22,20350,卖盘
494,10:15:16,9.25,0.0,12,11102,卖盘
495,10:15:34,9.25,0.0,4,3700,卖盘
496,10:15:40,9.25,0.0,118,109150,卖盘
497,10:15:43,9.24,-0.01,28,25880,卖盘
498,10:15:52,9.24,0.0,4,3696,卖盘
499,10:16:07,9.24,0.0,10,9240,卖盘
500,10:16:12,9.24,0.0,13,12012,卖盘
501,10:16:16,9.25,0.01,7,6475,买盘
502,10:16:21,9.24,-0.01,24,22176,卖盘
503,10:16:28,9.24,0.0,30,27720,卖盘
504,10:16:34,9.24,0.0,11,10164,卖盘
505,10:16:37,9.24,0.0,49,45276,卖盘
506,10:17:01,9.25,0.01,5,4625,买盘
507,10:17:04,9.24,-0.01,10,9240,卖盘
508,10:17:07,9.25,0.01,5,4625,买盘
509,10:17:10,9.25,0.0,5,4625,买盘
510,10:17:25,9.25,0.0,1,925,买盘
511,10:17:28,9.25,0.0,4,3700,买盘
512,10:17:31,9.25,0.0,10,9250,买盘
513,10:17:34,9.25,0.0,15,13875,买盘
514,10:17:37,9.25,0.0,33,30525,买盘
515,10:17:46,9.24,-0.01,133,122892,卖盘
516,10:17:52,9.25,0.01,17,15725,买盘
517,10:17:58,9.25,0.0,19,17575,卖盘
518,10:18:04,9.25,0.0,5,4625,卖盘
519,10:18:06,9.26,0.01,42,38863,买盘
520,10:18:13,9.25,-0.01,9,8325,卖盘
521,10:18:16,9.25,0.0,1,925,卖盘
522,10:18:30,9.26,0.01,3,2778,买盘
523,10:18:33,9.25,-0.01,6,5550,卖盘
524,10:18:37,9.25,0.0,4,3700,卖盘
525,10:18:40,9.26,0.01,10,9260,买盘
526,10:18:43,9.25,-0.01,141,130425,卖盘
527,10:18:58,9.25,0.0,10,9250,卖盘
528,10:19:00,9.25,0.0,72,66600,卖盘
529,10:19:06,9.25,0.0,26,24050,卖盘
530,10:19:12,9.25,0.0,11,10175,卖盘
531,10:19:15,9.25,0.0,5,4625,卖盘
532,10:19:22,9.25,0.0,5,4625,买盘
533,10:19:34,9.24,-0.01,5,4620,卖盘
534,10:19:46,9.25,0.01,26,24050,买盘
535,10:19:52,9.24,-0.01,4,3696,卖盘
536,10:19:55,9.25,0.01,5,4625,买盘
537,10:20:05,9.24,-0.01,12,11088,卖盘
538,10:20:06,9.25,0.01,1,925,买盘
539,10:20:34,9.24,-0.01,6,5544,卖盘
540,10:20:37,9.25,0.01,5,4625,买盘
541,10:20:43,9.25,0.0,53,49025,买盘
542,10:20:46,9.24,-0.01,63,58212,卖盘
543,10:20:54,9.24,0.0,41,37884,卖盘
544,10:21:01,9.25,0.01,2,1850,买盘
545,10:21:07,9.25,0.0,5,4625,卖盘
546,10:21:15,9.25,0.0,9,8325,卖盘
547,10:21:22,9.24,-0.01,20,18490,卖盘
548,10:21:25,9.24,0.0,1,924,买盘
549,10:21:27,9.26,0.02,30,27780,买盘
550,10:21:31,9.25,-0.01,12,11100,卖盘
551,10:21:34,9.26,0.01,1,926,买盘
552,10:21:40,9.26,0.0,1,926,买盘
553,10:21:43,9.26,0.0,91,84178,买盘
554,10:21:46,9.26,0.0,4,3704,买盘
555,10:21:49,9.27,0.01,35,32417,买盘
556,10:21:57,9.26,-0.01,7,6482,卖盘
557,10:22:07,9.28,0.02,119,110313,买盘
558,10:22:13,9.28,0.0,9,8352,买盘
559,10:22:28,9.29,0.01,15,13935,买盘
560,10:22:31,9.3,0.01,90,83616,买盘
561,10:22:40,9.3,0.0,6,5580,买盘
562,10:22:43,9.3,0.0,17,15810,买盘
563,10:22:46,9.3,0.0,6,5580,买盘
564,10:23:01,9.31,0.01,6,5586,买盘
565,10:23:06,9.3,-0.01,2,1860,卖盘
566,10:23:16,9.31,0.01,3,2793,买盘
567,10:23:22,9.3,-0.01,1,930,卖盘
568,10:23:31,9.3,0.0,12,11162,卖盘
569,10:23:37,9.3,0.0,22,20465,卖盘
570,10:23:40,9.3,0.0,3,2790,买盘
571,10:23:46,9.29,-0.01,10,9290,卖盘
572,10:23:49,9.29,0.0,12,11150,卖盘
573,10:23:58,9.29,0.0,20,18580,卖盘
574,10:24:01,9.29,0.0,6,5574,买盘
575,10:24:07,9.29,0.0,1,929,买盘
576,10:24:16,9.28,-0.01,10,9280,卖盘
577,10:24:22,9.31,0.03,179,166209,买盘
578,10:24:25,9.31,0.0,10,9310,卖盘
579,10:24:34,9.31,0.0,5,4655,卖盘
580,10:24:43,9.32,0.01,29,27028,买盘
581,10:24:51,9.32,0.0,12,11184,卖盘
582,10:24:54,9.32,0.0,15,13980,买盘
583,10:25:01,9.32,0.0,7,6524,买盘
584,10:25:04,9.32,0.0,2,1864,卖盘
585,10:25:07,9.32,0.0,40,37280,卖盘
586,10:25:10,9.32,0.0,5,4660,买盘
587,10:25:16,9.31,-0.01,54,50274,卖盘
588,10:25:34,9.29,-0.02,16,14864,卖盘
589,10:25:40,9.31,0.02,21,19545,买盘
590,10:25:48,9.31,0.0,3,2793,买盘
591,10:26:13,9.3,-0.01,57,53064,卖盘
592,10:26:18,9.3,0.0,25,23273,卖盘
593,10:26:22,9.29,-0.01,10,9290,卖盘
594,10:26:27,9.3,0.01,2,1860,买盘
595,10:26:46,9.29,-0.01,14,13011,卖盘
596,10:26:54,9.3,0.01,60,55800,买盘
597,10:26:58,9.3,0.0,17,15810,买盘
598,10:27:01,9.29,-0.01,11,10219,卖盘
599,10:27:04,9.3,0.01,1,930,买盘
600,10:27:13,9.29,-0.01,19,17651,卖盘
601,10:27:19,9.29,0.0,1,929,买盘
602,10:27:21,9.29,0.0,1,929,买盘
603,10:27:37,9.28,-0.01,7,6496,卖盘
604,10:27:40,9.29,0.01,5,4645,买盘
605,10:28:01,9.3,0.01,11,10220,买盘
606,10:28:04,9.3,0.0,37,34388,买盘
607,10:28:10,9.29,-0.01,23,21380,卖盘
608,10:28:16,9.29,0.0,5,4645,买盘
609,10:28:25,9.29,0.0,3,2787,买盘
610,10:28:37,9.29,0.0,2,1858,卖盘
611,10:28:43,9.29,0.0,1,929,卖盘
612,10:29:04,9.3,0.01,10,9300,卖盘
613,10:29:07,9.3,0.0,2,1860,卖盘
614,10:29:13,9.3,0.0,2,1860,卖盘
615,10:29:16,9.31,0.01,10,9310,买盘
616,10:29:19,9.31,0.0,13,12103,买盘
617,10:29:37,9.31,0.0,2,1862,卖盘
618,10:29:40,9.32,0.01,3,2796,买盘
619,10:29:46,9.32,0.0,30,27960,买盘
620,10:29:49,9.31,-0.01,20,18620,卖盘
621,10:29:55,9.32,0.01,25,23300,买盘
622,10:30:01,9.32,0.0,5,4660,买盘
623,10:30:04,9.3,-0.02,17,15825,卖盘
624,10:30:10,9.32,0.02,2,1864,买盘
625,10:30:25,9.3,-0.02,10,9300,卖盘
626,10:30:40,9.31,0.01,20,18620,卖盘
627,10:30:43,9.3,-0.01,10,9301,卖盘
628,10:30:52,9.3,0.0,10,9300,卖盘
629,10:31:07,9.29,-0.01,1,929,卖盘
630,10:31:10,9.29,0.0,17,15793,买盘
631,10:31:13,9.29,0.0,4,3716,买盘
632,10:31:18,9.28,-0.01,63,58464,卖盘
633,10:31:21,9.29,0.01,78,72412,买盘
634,10:31:28,9.29,0.0,3,2787,卖盘
635,10:31:34,9.29,0.0,35,32515,卖盘
636,10:31:39,9.28,-0.01,1,928,买盘
637,10:31:46,9.28,0.0,13,12064,买盘
638,10:31:49,9.27,-0.01,4,3709,卖盘
639,10:31:55,9.27,0.0,25,23176,卖盘
640,10:32:01,9.27,0.0,1,927,买盘
641,10:32:04,9.27,0.0,4,3708,买盘
642,10:32:07,9.27,0.0,4,3708,买盘
643,10:32:10,9.27,0.0,63,58401,买盘
644,10:32:13,9.25,-0.02,106,98135,卖盘
645,10:32:16,9.27,0.02,3,2781,买盘
646,10:32:19,9.25,-0.02,7,6475,卖盘
647,10:32:22,9.27,0.02,1,927,买盘
648,10:32:25,9.25,-0.02,21,19427,卖盘
649,10:32:28,9.27,0.02,1,927,买盘
650,10:32:33,9.27,0.0,191,176592,买盘
651,10:32:46,9.25,-0.02,61,56425,卖盘
652,10:32:52,9.25,0.0,1,925,买盘
653,10:32:55,9.25,0.0,1,925,买盘
654,10:32:58,9.25,0.0,24,22200,买盘
655,10:33:00,9.25,0.0,51,47125,买盘
656,10:33:04,9.25,0.0,49,45325,买盘
657,10:33:19,9.25,0.0,10,9250,卖盘
658,10:33:42,9.27,0.02,12,11124,买盘
659,10:33:52,9.25,-0.02,15,13879,卖盘
660,10:34:00,9.3,0.05,5,4644,买盘
661,10:34:58,9.26,-0.04,48,44448,卖盘
662,10:35:00,9.3,0.04,5,4650,买盘
663,10:35:13,9.25,-0.05,163,150820,卖盘
664,10:35:31,9.27,0.02,5,4635,卖盘
665,10:35:39,9.26,-0.01,1,926,卖盘
666,10:35:55,9.27,0.01,13,12051,买盘
667,10:36:13,9.26,-0.01,3,2778,卖盘
668,10:36:16,9.26,0.0,4,3704,卖盘
669,10:36:19,9.27,0.01,3,2781,卖盘
670,10:36:31,9.25,-0.02,154,142487,卖盘
671,10:36:43,9.25,0.0,3,2775,买盘
672,10:36:49,9.24,-0.01,6,5545,卖盘
673,10:36:55,9.24,0.0,3,2774,卖盘
674,10:36:58,9.24,0.0,14,12936,卖盘
675,10:37:04,9.24,0.0,2,1848,卖盘
676,10:37:19,9.24,0.0,6,5544,卖盘
677,10:37:31,9.23,-0.01,100,92378,卖盘
678,10:37:37,9.23,0.0,88,81228,卖盘
679,10:37:52,9.23,0.0,51,47073,卖盘
680,10:37:55,9.23,0.0,8,7384,卖盘
681,10:38:12,9.23,0.0,7,6461,卖盘
682,10:38:16,9.23,0.0,10,9230,卖盘
683,10:38:24,9.24,0.01,40,36950,买盘
684,10:38:28,9.24,0.0,4,3696,买盘
685,10:38:31,9.24,0.0,77,71128,买盘
686,10:38:34,9.23,-0.01,30,27700,卖盘
687,10:39:00,9.24,0.01,47,43428,卖盘
688,10:39:04,9.24,0.0,20,18480,卖盘
689,10:39:07,9.24,0.0,25,23100,卖盘
690,10:39:09,9.26,0.02,235,217394,买盘
691,10:39:13,9.26,0.0,10,9260,卖盘
692,10:39:16,9.27,0.01,18,16686,买盘
693,10:39:37,9.3,0.03,1,930,买盘
694,10:39:43,9.3,0.0,25,23250,买盘
695,10:39:58,9.3,0.0,44,40920,买盘
696,10:40:01,9.3,0.0,5,4650,买盘
697,10:40:34,9.3,0.0,3,2790,买盘
698,10:40:46,9.28,-0.02,1,928,卖盘
699,10:40:52,9.3,0.02,1,930,买盘
700,10:40:58,9.3,0.0,26,24178,买盘
701,10:41:01,9.3,0.0,5,4650,买盘
702,10:41:06,9.3,0.0,4,3720,买盘
703,10:41:15,9.3,0.0,2,1860,买盘
704,10:41:22,9.3,0.0,20,18600,买盘
705,10:41:34,9.3,0.0,14,13020,买盘
706,10:41:43,9.3,0.0,10,9300,买盘
707,10:41:46,9.28,-0.02,2,1856,卖盘
708,10:42:01,9.3,0.02,4,3720,买盘
709,10:42:10,9.28,-0.02,10,9280,买盘
710,10:42:22,9.28,0.0,20,18560,买盘
711,10:42:36,9.28,0.0,11,10209,卖盘
712,10:42:43,9.28,0.0,1,928,卖盘
713,10:42:54,9.28,0.0,2,1856,卖盘
714,10:43:00,9.28,0.0,19,17645,卖盘
715,10:43:06,9.28,0.0,5,4640,买盘
716,10:43:09,9.3,0.02,15,13938,买盘
717,10:43:19,9.28,-0.02,3,2784,卖盘
718,10:43:55,9.3,0.02,5,4650,买盘
719,10:44:01,9.28,-0.02,7,6506,卖盘
720,10:44:49,9.29,0.01,10,9290,卖盘
721,10:45:01,9.3,0.01,5,4650,买盘
722,10:45:19,9.3,0.0,3,2790,买盘
723,10:45:57,9.28,-0.02,30,27858,卖盘
724,10:46:15,9.3,0.02,5,4650,买盘
725,10:46:34,9.29,-0.01,11,10219,中性盘
726,10:47:01,9.3,0.01,5,4650,买盘
727,10:47:22,9.29,-0.01,5,4645,卖盘
728,10:47:37,9.29,0.0,5,4645,买盘
729,10:47:39,9.29,0.0,8,7432,买盘
730,10:47:52,9.29,0.0,2,1858,买盘
731,10:48:12,9.3,0.01,13,12090,买盘
732,10:48:46,9.3,0.0,39,36270,买盘
733,10:48:52,9.29,-0.01,12,11148,卖盘
734,10:48:55,9.3,0.01,16,14880,买盘
735,10:49:10,9.3,0.0,10,9300,卖盘
736,10:49:46,9.31,0.01,1,931,买盘
737,10:49:51,9.3,-0.01,1,930,卖盘
738,10:50:01,9.31,0.01,6,5586,买盘
739,10:50:10,9.31,0.0,45,41895,买盘
740,10:50:28,9.31,0.0,2,1862,卖盘
741,10:50:34,9.31,0.0,3,2793,卖盘
742,10:50:37,9.31,0.0,2,1862,买盘
743,10:50:43,9.32,0.01,30,27935,买盘
744,10:50:51,9.32,0.0,4,3728,买盘
745,10:51:01,9.32,0.0,6,5592,买盘
746,10:51:04,9.32,0.0,50,46600,买盘
747,10:51:10,9.32,0.0,10,9320,卖盘
748,10:51:19,9.33,0.01,3,2799,买盘
749,10:51:21,9.33,0.0,3,2799,买盘
750,10:51:25,9.34,0.01,8,7470,买盘
751,10:51:31,9.32,-0.02,5,4660,卖盘
752,10:51:34,9.34,0.02,6,5604,买盘
753,10:51:40,9.34,0.0,6,5604,买盘
754,10:51:46,9.34,0.0,4,3736,卖盘
755,10:51:52,9.35,0.01,2,1869,买盘
756,10:52:01,9.36,0.01,36,33666,买盘
757,10:52:10,9.36,0.0,3,2808,买盘
758,10:52:15,9.36,0.0,8,7488,买盘
759,10:52:19,9.36,0.0,8,7488,卖盘
760,10:52:22,9.36,0.0,18,16848,买盘
761,10:52:39,9.37,0.01,1,937,买盘
762,10:52:43,9.36,-0.01,19,17784,卖盘
763,10:52:52,9.36,0.0,3,2808,买盘
764,10:52:55,9.36,0.0,20,18720,买盘
765,10:52:58,9.35,-0.01,53,49572,卖盘
766,10:53:00,9.35,0.0,46,43016,卖盘
767,10:53:19,9.34,-0.01,12,11208,卖盘
768,10:53:22,9.34,0.0,5,4670,卖盘
769,10:53:25,9.35,0.01,2,1870,买盘
770,10:53:28,9.35,0.0,13,12155,卖盘
771,10:54:01,9.36,0.01,7,6552,买盘
772,10:54:04,9.35,-0.01,20,18700,卖盘
773,10:54:09,9.35,0.0,11,10285,卖盘
774,10:54:12,9.35,0.0,27,25245,卖盘
775,10:54:25,9.35,0.0,14,13090,买盘
776,10:54:33,9.35,0.0,2,1870,买盘
777,10:54:37,9.34,-0.01,12,11208,卖盘
778,10:54:49,9.34,0.0,30,28020,卖盘
779,10:54:55,9.34,0.0,1,1168,卖盘
780,10:55:03,9.34,0.0,12,11208,卖盘
781,10:55:16,9.35,0.01,5,4675,买盘
782,10:55:19,9.35,0.0,2,1870,买盘
783,10:55:22,9.34,-0.01,15,14010,卖盘
784,10:55:37,9.34,0.0,20,18680,卖盘
785,10:55:40,9.34,0.0,1,934,买盘
786,10:56:00,9.34,0.0,35,32690,买盘
787,10:56:12,9.34,0.0,7,6538,卖盘
788,10:56:43,9.35,0.01,1,935,买盘
789,10:57:00,9.35,0.0,5,4675,买盘
790,10:57:10,9.34,-0.01,68,63512,卖盘
791,10:57:21,9.35,0.01,10,9350,买盘
792,10:57:25,9.34,-0.01,28,26152,卖盘
793,10:57:31,9.34,0.0,27,25218,卖盘
794,10:57:33,9.34,0.0,3,2802,卖盘
795,10:57:49,9.34,0.0,7,6538,卖盘
796,10:58:01,9.35,0.01,3,2805,买盘
797,10:58:57,9.34,-0.01,5,4667,买盘
798,10:59:10,9.34,0.0,6,5604,买盘
799,10:59:30,9.34,0.0,6,5604,买盘
800,10:59:58,9.33,-0.01,2,1866,卖盘
801,11:00:07,9.32,-0.01,48,44736,卖盘
802,11:00:10,9.32,0.0,2,1864,买盘
803,11:00:55,9.33,0.01,8,7464,买盘
804,11:01:00,9.33,0.0,4,3732,买盘
805,11:01:24,9.32,-0.01,11,10252,买盘
806,11:01:31,9.32,0.0,3,2796,卖盘
807,11:01:52,9.33,0.01,2,1866,买盘
808,11:02:00,9.33,0.0,4,3732,买盘
809,11:02:36,9.32,-0.01,25,23300,卖盘
810,11:03:06,9.32,0.0,20,18640,卖盘
811,11:03:09,9.32,0.0,6,5592,买盘
812,11:03:31,9.31,-0.01,60,55860,卖盘
813,11:03:37,9.32,0.01,40,37280,买盘
814,11:04:15,9.32,0.0,9,8388,卖盘
815,11:04:51,9.32,0.0,3,2796,买盘
816,11:04:57,9.32,0.0,1,932,卖盘
817,11:05:01,9.32,0.0,2,1864,卖盘
818,11:05:40,9.32,0.0,15,13980,卖盘
819,11:05:54,9.33,0.01,20,18660,买盘
820,11:06:06,9.33,0.0,19,17727,卖盘
821,11:06:10,9.33,0.0,6,5598,买盘
822,11:06:40,9.29,-0.04,377,350563,卖盘
823,11:06:55,9.29,0.0,115,106838,卖盘
824,11:07:28,9.29,0.0,35,32515,卖盘
825,11:08:00,9.32,0.03,6,5592,买盘
826,11:08:30,9.29,-0.03,23,21383,卖盘
827,11:08:36,9.31,0.02,2,1862,买盘
828,11:08:58,9.3,-0.01,20,18600,买盘
829,11:09:01,9.3,0.0,2,1860,买盘
830,11:10:00,9.31,0.01,6,5586,买盘
831,11:10:39,9.3,-0.01,4,3720,买盘
832,11:11:01,9.31,0.01,6,5586,买盘
833,11:11:22,9.31,0.0,11,10241,买盘
834,11:11:48,9.3,-0.01,50,46544,卖盘
835,11:12:00,9.32,0.02,6,5592,买盘
836,11:12:09,9.3,-0.02,1,930,卖盘
837,11:12:25,9.32,0.02,20,18640,买盘
838,11:12:39,9.3,-0.02,1,930,卖盘
839,11:13:01,9.32,0.02,6,5592,买盘
840,11:13:12,9.3,-0.02,1,930,卖盘
841,11:13:43,9.3,0.0,1,930,卖盘
842,11:13:48,9.3,0.0,8,7440,卖盘
843,11:13:52,9.3,0.0,30,27900,卖盘
844,11:13:55,9.3,0.0,137,127410,卖盘
845,11:14:00,9.3,0.0,11,10230,卖盘
846,11:14:09,9.29,-0.01,1,929,卖盘
847,11:14:13,9.29,0.0,2,1858,卖盘
848,11:14:16,9.29,0.0,8,7432,卖盘
849,11:14:19,9.29,0.0,11,10219,卖盘
850,11:14:22,9.29,0.0,1,929,卖盘
851,11:14:25,9.29,0.0,11,10219,卖盘
852,11:14:28,9.29,0.0,8,7432,卖盘
853,11:14:40,9.28,-0.01,16,14848,卖盘
854,11:14:43,9.28,0.0,1,928,卖盘
855,11:14:45,9.28,0.0,18,16704,卖盘
856,11:14:51,9.28,0.0,5,4640,卖盘
857,11:14:55,9.28,0.0,12,11136,卖盘
858,11:15:13,9.27,-0.01,1,927,卖盘
859,11:15:19,9.28,0.01,5,4640,买盘
860,11:15:42,9.27,-0.01,1,927,卖盘
861,11:15:58,9.27,0.0,5,4635,卖盘
862,11:16:01,9.28,0.01,6,5568,买盘
863,11:16:04,9.27,-0.01,7,6489,卖盘
864,11:16:10,9.28,0.01,9,8347,买盘
865,11:16:13,9.28,0.0,1,928,卖盘
866,11:16:31,9.27,-0.01,9,8343,卖盘
867,11:16:33,9.27,0.0,2,1854,买盘
868,11:16:43,9.26,-0.01,22,20393,卖盘
869,11:16:46,9.24,-0.02,142,131389,卖盘
870,11:17:04,9.24,0.0,100,92400,卖盘
871,11:17:16,9.24,0.0,51,47127,卖盘
872,11:17:34,9.24,0.0,30,27785,卖盘
873,11:17:37,9.27,0.03,98,90846,买盘
874,11:17:43,9.27,0.0,1,927,卖盘
875,11:18:01,9.28,0.01,2,1856,买盘
876,11:18:10,9.27,-0.01,1,927,卖盘
877,11:18:13,9.27,0.0,1,927,卖盘
878,11:18:21,9.27,0.0,1,927,卖盘
879,11:18:24,9.27,0.0,3,2781,卖盘
880,11:18:30,9.25,-0.02,1,925,卖盘
881,11:18:43,9.26,0.01,1,926,卖盘
882,11:18:46,9.26,0.0,1,926,卖盘
883,11:18:51,9.26,0.0,1,926,卖盘
884,11:19:00,9.26,0.0,1,926,卖盘
885,11:19:07,9.26,0.0,8,7413,卖盘
886,11:19:12,9.26,0.0,1,926,卖盘
887,11:19:16,9.26,0.0,1,926,卖盘
888,11:19:22,9.26,0.0,1,926,卖盘
889,11:19:27,9.27,0.01,5,4635,买盘
890,11:19:30,9.26,-0.01,4,3704,卖盘
891,11:19:43,9.26,0.0,1,926,卖盘
892,11:19:46,9.26,0.0,1,926,卖盘
893,11:19:49,9.26,0.0,14,12964,卖盘
894,11:19:52,9.26,0.0,1,926,卖盘
895,11:19:55,9.27,0.01,3,2781,买盘
896,11:20:04,9.26,-0.01,1,926,卖盘
897,11:20:09,9.27,0.01,5,4635,买盘
898,11:20:12,9.26,-0.01,1,926,卖盘
899,11:20:16,9.26,0.0,1,926,卖盘
900,11:20:19,9.27,0.01,14,12978,买盘
901,11:20:22,9.27,0.0,1,927,卖盘
902,11:20:34,9.27,0.0,1,927,卖盘
903,11:20:40,9.28,0.01,1,928,买盘
904,11:20:46,9.27,-0.01,39,36153,卖盘
905,11:21:01,9.28,0.01,5,4640,买盘
906,11:21:12,9.28,0.0,40,37120,买盘
907,11:21:16,9.28,0.0,1,928,卖盘
908,11:21:37,9.28,0.0,291,270058,卖盘
909,11:21:46,9.28,0.0,1,928,卖盘
910,11:22:00,9.29,0.01,5,4645,买盘
911,11:22:19,9.28,-0.01,1,928,卖盘
912,11:22:28,9.28,0.0,20,18560,卖盘
913,11:22:34,9.29,0.01,2,1858,买盘
914,11:22:36,9.28,-0.01,24,22272,卖盘
915,11:22:39,9.28,0.0,4,3712,卖盘
916,11:22:46,9.28,0.0,1,928,卖盘
917,11:22:58,9.29,0.01,10,9290,买盘
918,11:23:01,9.29,0.0,5,4645,买盘
919,11:24:01,9.29,0.0,5,4645,买盘
920,11:24:34,9.29,0.0,22,20438,买盘
921,11:24:40,9.29,0.0,9,8361,买盘
922,11:24:43,9.29,0.0,3,2787,买盘
923,11:24:49,9.29,0.0,4,3716,买盘
924,11:25:00,9.29,0.0,5,4645,买盘
925,11:25:16,9.29,0.0,12,11148,买盘
926,11:25:58,9.29,0.0,28,26012,买盘
927,11:26:04,9.29,0.0,1,929,卖盘
928,11:26:40,9.3,0.01,6,5575,买盘
929,11:26:46,9.29,-0.01,135,125415,卖盘
930,11:27:07,9.27,-0.02,37,34315,卖盘
931,11:27:10,9.3,0.03,9,8363,买盘
932,11:27:24,9.28,-0.02,7,6496,卖盘
933,11:27:40,9.28,0.0,9,8352,买盘
934,11:28:04,9.28,0.0,43,39904,卖盘
935,11:28:15,9.27,-0.01,34,31528,卖盘
936,11:28:49,9.27,0.0,1,927,买盘
937,11:28:55,9.27,0.0,1,927,买盘
938,11:29:01,9.26,-0.01,5,4631,卖盘
939,11:29:16,9.26,0.0,1,926,卖盘
940,11:29:42,9.26,0.0,10,9260,卖盘
941,13:00:04,9.28,0.02,5,4640,买盘
942,13:00:07,9.26,-0.02,71,65756,卖盘
943,13:00:09,9.25,-0.01,17,15741,卖盘
944,13:00:18,9.28,0.03,4,3712,买盘
945,13:01:00,9.25,-0.03,4,3700,卖盘
946,13:01:27,9.28,0.03,19,17632,卖盘
947,13:02:00,9.28,0.0,8,7424,卖盘
948,13:03:00,9.28,0.0,8,7424,卖盘
949,13:03:28,9.28,0.0,6,5568,卖盘
950,13:03:30,9.27,-0.01,24,22259,卖盘
951,13:03:42,9.26,-0.01,1,926,买盘
952,13:03:46,9.26,0.0,1,926,买盘
953,13:03:49,9.26,0.0,1,926,买盘
954,13:03:52,9.26,0.0,1,926,买盘
955,13:03:54,9.29,0.03,4,3707,买盘
956,13:04:00,9.25,-0.04,8,7400,卖盘
957,13:04:27,9.28,0.03,6,5568,买盘
958,13:05:00,9.26,-0.02,8,7408,卖盘
959,13:05:12,9.28,0.02,2,1856,买盘
960,13:05:54,9.28,0.0,2,1856,买盘
961,13:06:01,9.26,-0.02,8,7408,卖盘
962,13:06:04,9.28,0.02,1,928,买盘
963,13:06:12,9.28,0.0,22,20416,买盘
964,13:06:30,9.28,0.0,31,28746,买盘
965,13:06:57,9.28,0.0,10,9280,买盘
966,13:07:00,9.28,0.0,20,18544,买盘
967,13:07:09,9.28,0.0,5,4640,卖盘
968,13:07:27,9.28,0.0,45,41760,卖盘
969,13:07:34,9.28,0.0,15,13920,卖盘
970,13:08:01,9.28,0.0,8,7424,卖盘
971,13:08:57,9.28,0.0,10,9280,卖盘
972,13:09:00,9.28,0.0,8,7424,卖盘
973,13:09:18,9.29,0.01,1,929,买盘
974,13:09:34,9.28,-0.01,10,9280,卖盘
975,13:09:40,9.28,0.0,4,3712,卖盘
976,13:09:48,9.29,0.01,30,27870,买盘
977,13:10:00,9.28,-0.01,8,7424,卖盘
978,13:10:07,9.29,0.01,2,1858,买盘
979,13:11:00,9.28,-0.01,8,7424,卖盘
980,13:11:07,9.29,0.01,28,26012,买盘
981,13:11:10,9.29,0.0,8,7432,卖盘
982,13:11:15,9.29,0.0,12,11148,卖盘
983,13:11:22,9.29,0.0,18,16722,卖盘
984,13:11:34,9.29,0.0,20,18580,卖盘
985,13:12:15,9.29,0.0,23,21367,买盘
986,13:13:57,9.29,0.0,1,929,卖盘
987,13:14:10,9.29,0.0,1,929,买盘
988,13:14:16,9.29,0.0,2,1858,买盘
989,13:15:01,9.28,-0.01,10,9280,卖盘
990,13:15:07,9.28,0.0,11,10218,卖盘
991,13:15:10,9.29,0.01,1,929,买盘
992,13:15:25,9.28,-0.01,21,19488,卖盘
993,13:16:01,9.29,0.01,11,10195,买盘
994,13:16:04,9.26,-0.03,10,9260,卖盘
995,13:16:28,9.26,0.0,1,926,卖盘
996,13:16:40,9.29,0.03,5,4645,买盘
997,13:17:00,9.26,-0.03,10,9260,卖盘
998,13:17:10,9.26,0.0,5,4630,卖盘
999,13:17:13,9.26,0.0,5,4630,卖盘
1000,13:17:58,9.27,0.01,6,5562,卖盘
1001,13:18:01,9.27,0.0,8,7416,卖盘
1002,13:18:04,9.29,0.02,3,2787,买盘
1003,13:18:54,9.29,0.0,2,1858,买盘
1004,13:19:01,9.27,-0.02,8,7416,卖盘
1005,13:19:25,9.27,0.0,43,39861,卖盘
1006,13:19:37,9.27,0.0,3,2781,买盘
1007,13:20:01,9.26,-0.01,101,93536,卖盘
1008,13:20:12,9.26,0.0,1,926,买盘
1009,13:20:19,9.26,0.0,10,9260,买盘
1010,13:20:55,9.25,-0.01,1,925,卖盘
1011,13:21:01,9.25,0.0,8,7400,卖盘
1012,13:21:04,9.26,0.01,20,18520,买盘
1013,13:21:10,9.26,0.0,1,926,买盘
1014,13:21:21,9.25,-0.01,5,4625,卖盘
1015,13:21:46,9.25,0.0,31,28676,卖盘
1016,13:21:49,9.26,0.01,2,1852,买盘
1017,13:22:00,9.25,-0.01,8,7400,卖盘
1018,13:22:31,9.25,0.0,2,1850,卖盘
1019,13:22:48,9.26,0.01,4,3704,买盘
1020,13:22:58,9.25,-0.01,97,89725,卖盘
1021,13:23:01,9.25,0.0,7,6475,卖盘
1022,13:23:25,9.26,0.01,10,9260,买盘
1023,13:23:28,9.26,0.0,50,46300,买盘
1024,13:23:42,9.26,0.0,3,2778,买盘
1025,13:23:48,9.25,-0.01,50,46253,卖盘
1026,13:24:30,9.27,0.02,67,62109,买盘
1027,13:24:49,9.27,0.0,2,1854,买盘
1028,13:24:58,9.27,0.0,8,7416,买盘
1029,13:25:01,9.26,-0.01,7,6482,卖盘
1030,13:25:10,9.27,0.01,10,9270,买盘
1031,13:25:55,9.26,-0.01,15,13890,卖盘
1032,13:26:00,9.26,0.0,7,6482,卖盘
1033,13:26:21,9.27,0.01,16,14832,买盘
1034,13:26:57,9.27,0.0,20,18540,卖盘
1035,13:27:57,9.29,0.02,8,7432,买盘
1036,13:28:00,9.27,-0.02,7,6489,卖盘
1037,13:28:13,9.27,0.0,7,6489,卖盘
1038,13:28:16,9.29,0.02,3,2787,买盘
1039,13:29:00,9.28,-0.01,7,6496,卖盘
1040,13:29:36,9.29,0.01,41,38089,买盘
1041,13:29:46,9.29,0.0,18,16722,卖盘
1042,13:30:00,9.29,0.0,7,6503,卖盘
1043,13:30:30,9.28,-0.01,11,10208,卖盘
1044,13:30:46,9.24,-0.04,200,185034,卖盘
1045,13:30:57,9.26,0.02,10,9260,中性盘
1046,13:31:00,9.26,0.0,7,6482,卖盘
1047,13:31:25,9.27,0.01,5,4635,卖盘
1048,13:31:55,9.27,0.0,2,1854,卖盘
1049,13:32:01,9.27,0.0,7,6489,卖盘
1050,13:32:22,9.27,0.0,18,16686,卖盘
1051,13:32:31,9.23,-0.04,415,383660,卖盘
1052,13:32:54,9.23,0.0,17,15691,卖盘
1053,13:33:01,9.23,0.0,8,7384,卖盘
1054,13:33:04,9.23,0.0,68,62764,卖盘
1055,13:33:22,9.23,0.0,70,64610,卖盘
1056,13:33:25,9.23,0.0,131,120913,卖盘
1057,13:33:28,9.23,0.0,12,11076,买盘
1058,13:33:40,9.23,0.0,2,1846,买盘
1059,13:33:43,9.22,-0.01,60,55320,卖盘
1060,13:33:46,9.22,0.0,58,53519,卖盘
1061,13:33:49,9.22,0.0,93,85746,卖盘
1062,13:33:51,9.22,0.0,76,70072,卖盘
1063,13:33:54,9.22,0.0,5,4610,买盘
1064,13:34:00,9.22,0.0,15,13823,买盘
1065,13:34:04,9.21,-0.01,12,11052,卖盘
1066,13:34:10,9.21,0.0,38,34998,卖盘
1067,13:34:15,9.22,0.01,10,9220,买盘
1068,13:34:28,9.22,0.0,43,39606,买盘
1069,13:34:37,9.21,-0.01,48,44229,卖盘
1070,13:34:40,9.22,0.01,5,4610,买盘
1071,13:34:52,9.21,-0.01,62,57114,卖盘
1072,13:34:55,9.22,0.01,1,922,买盘
1073,13:35:00,9.21,-0.01,29,26709,卖盘
1074,13:35:04,9.21,0.0,45,41445,卖盘
1075,13:35:07,9.22,0.01,14,12904,买盘
1076,13:35:13,9.21,-0.01,36,33161,卖盘
1077,13:35:19,9.21,0.0,20,18420,卖盘
1078,13:35:22,9.21,0.0,5,4605,卖盘
1079,13:35:24,9.21,0.0,13,11974,卖盘
1080,13:35:27,9.21,0.0,1,921,卖盘
1081,13:35:34,9.21,0.0,12,11052,卖盘
1082,13:35:52,9.21,0.0,10,9210,卖盘
1083,13:35:58,9.22,0.01,57,52554,买盘
1084,13:36:06,9.21,-0.01,11,10131,卖盘
1085,13:36:10,9.21,0.0,20,18420,卖盘
1086,13:36:13,9.21,0.0,7,6447,卖盘
1087,13:36:15,9.21,0.0,29,26709,卖盘
1088,13:36:22,9.21,0.0,10,9210,买盘
1089,13:36:25,9.18,-0.03,975,896338,卖盘
1090,13:36:31,9.21,0.03,1,921,买盘
1091,13:36:34,9.21,0.0,36,33156,卖盘
1092,13:36:37,9.21,0.0,6,5526,卖盘
1093,13:36:43,9.21,0.0,28,25788,卖盘
1094,13:36:48,9.21,0.0,3,2763,买盘
1095,13:36:51,9.2,-0.01,20,18400,卖盘
1096,13:37:01,9.2,0.0,9,8280,卖盘
1097,13:37:10,9.21,0.01,9,8289,买盘
1098,13:37:15,9.2,-0.01,10,9200,卖盘
1099,13:37:19,9.21,0.01,5,4605,买盘
1100,13:37:22,9.2,-0.01,1,920,卖盘
1101,13:37:24,9.21,0.01,10,9210,买盘
1102,13:37:34,9.2,-0.01,7,6441,卖盘
1103,13:37:40,9.2,0.0,2,1840,买盘
1104,13:37:43,9.2,0.0,10,9200,买盘
1105,13:37:46,9.2,0.0,4,3680,买盘
1106,13:37:52,9.21,0.01,5,4605,买盘
1107,13:38:00,9.2,-0.01,7,6440,卖盘
1108,13:38:04,9.21,0.01,5,4605,买盘
1109,13:38:07,9.21,0.0,2,1842,买盘
1110,13:38:09,9.21,0.0,13,11973,买盘
1111,13:38:19,9.21,0.0,10,9210,卖盘
1112,13:38:28,9.22,0.01,5,4610,买盘
1113,13:38:37,9.22,0.0,3,2766,买盘
1114,13:39:10,9.22,0.0,40,36880,卖盘
1115,13:39:12,9.22,0.0,212,195464,卖盘
1116,13:39:16,9.22,0.0,30,27660,买盘
1117,13:39:19,9.2,-0.02,93,85599,卖盘
1118,13:39:34,9.2,0.0,2,1840,卖盘
1119,13:39:39,9.21,0.01,2,1842,买盘
1120,13:39:48,9.2,-0.01,218,200589,卖盘
1121,13:39:51,9.2,0.0,20,18400,买盘
1122,13:39:55,9.2,0.0,2,1840,买盘
1123,13:40:01,9.19,-0.01,7,6433,卖盘
1124,13:40:04,9.19,0.0,20,18380,卖盘
1125,13:40:06,9.19,0.0,108,99313,卖盘
1126,13:40:09,9.2,0.01,12,11040,卖盘
1127,13:40:52,9.21,0.01,50,46050,买盘
1128,13:40:58,9.21,0.0,1,921,买盘
1129,13:41:01,9.2,-0.01,104,95684,卖盘
1130,13:41:10,9.2,0.0,19,17480,买盘
1131,13:41:31,9.21,0.01,1,921,买盘
1132,13:41:46,9.21,0.0,5,4605,买盘
1133,13:42:04,9.2,-0.01,118,108560,卖盘
1134,13:42:18,9.21,0.01,5,4605,买盘
1135,13:42:25,9.21,0.0,12,11052,买盘
1136,13:42:46,9.21,0.0,7,6447,买盘
1137,13:42:57,9.22,0.01,11,10142,买盘
1138,13:43:04,9.22,0.0,15,13830,买盘
1139,13:43:09,9.22,0.0,7,6454,卖盘
1140,13:43:19,9.23,0.01,4,3692,买盘
1141,13:43:22,9.24,0.01,92,84988,买盘
1142,13:43:30,9.25,0.01,12,11100,买盘
1143,13:43:33,9.24,-0.01,2,1848,卖盘
1144,13:43:40,9.25,0.01,10,9250,买盘
1145,13:43:43,9.25,0.0,8,7400,买盘
1146,13:44:10,9.26,0.01,4,3704,买盘
1147,13:44:25,9.25,-0.01,2,1850,卖盘
1148,13:44:33,9.26,0.01,5,4630,买盘
1149,13:44:43,9.26,0.0,5,4630,买盘
1150,13:44:58,9.26,0.0,3,2778,买盘
1151,13:45:00,9.25,-0.01,4,3700,卖盘
1152,13:45:13,9.25,0.0,23,21280,卖盘
1153,13:45:19,9.25,0.0,35,32375,卖盘
1154,13:45:37,9.25,0.0,4,3700,卖盘
1155,13:45:43,9.26,0.01,52,48152,买盘
1156,13:45:57,9.27,0.01,69,63963,买盘
1157,13:46:10,9.27,0.0,1,779,卖盘
1158,13:46:16,9.27,0.0,30,27958,卖盘
1159,13:46:22,9.2,-0.07,211,194687,卖盘
1160,13:46:25,9.2,0.0,117,107640,买盘
1161,13:46:28,9.2,0.0,180,165600,买盘
1162,13:46:30,9.2,0.0,92,84640,买盘
1163,13:46:51,9.23,0.03,1,923,卖盘
1164,13:46:55,9.23,0.0,2,1846,卖盘
1165,13:46:58,9.23,0.0,2,1846,卖盘
1166,13:47:00,9.23,0.0,7,6461,卖盘
1167,13:47:13,9.26,0.03,10,9260,买盘
1168,13:47:36,9.26,0.0,10,9096,买盘
1169,13:47:46,9.25,-0.01,3,2775,卖盘
1170,13:47:52,9.26,0.01,14,12964,买盘
1171,13:48:00,9.24,-0.02,7,6468,卖盘
1172,13:48:33,9.24,0.0,13,12012,卖盘
1173,13:48:52,9.26,0.02,21,19446,买盘
1174,13:49:00,9.25,-0.01,29,26840,卖盘
1175,13:49:07,9.29,0.04,17,15765,买盘
1176,13:49:09,9.28,-0.01,14,12982,买盘
1177,13:49:19,9.27,-0.01,17,15749,买盘
1178,13:49:24,9.27,0.0,26,24102,卖盘
1179,13:49:27,9.28,0.01,22,20398,买盘
1180,13:49:30,9.28,0.0,26,24126,买盘
1181,13:49:37,9.28,0.0,23,21324,买盘
1182,13:49:46,9.28,0.0,3,2784,买盘
1183,13:49:51,9.28,0.0,26,24128,买盘
1184,13:49:58,9.28,0.0,3,2784,卖盘
1185,13:50:07,9.28,0.0,24,22272,卖盘
1186,13:50:24,9.29,0.01,6,5571,买盘
1187,13:50:40,9.29,0.0,12,11148,买盘
1188,13:50:46,9.29,0.0,17,15793,买盘
1189,13:50:55,9.28,-0.01,14,13002,卖盘
1190,13:51:09,9.29,0.01,6,5574,买盘
1191,13:51:31,9.29,0.0,18,16722,买盘
1192,13:51:49,9.29,0.0,112,103974,买盘
1193,13:51:58,9.29,0.0,17,15793,卖盘
1194,13:52:01,9.29,0.0,1,929,买盘
1195,13:52:18,9.28,-0.01,8,7424,卖盘
1196,13:52:28,9.29,0.01,2,1858,买盘
1197,13:52:34,9.28,-0.01,12,11136,卖盘
1198,13:52:37,9.28,0.0,5,4640,买盘
1199,13:52:46,9.27,-0.01,11,10197,卖盘
1200,13:52:52,9.27,0.0,1,927,买盘
1201,13:52:58,9.26,-0.01,3,2778,卖盘
1202,13:53:01,9.26,0.0,7,6482,卖盘
1203,13:53:07,9.27,0.01,21,19467,买盘
1204,13:53:09,9.27,0.0,7,6489,卖盘
1205,13:53:21,9.27,0.0,22,20394,卖盘
1206,13:53:33,9.27,0.0,30,27810,买盘
1207,13:53:37,9.27,0.0,3,2781,卖盘
1208,13:53:40,9.26,-0.01,70,64825,卖盘
1209,13:53:46,9.25,-0.01,2,1850,买盘
1210,13:53:52,9.25,0.0,2,1850,买盘
1211,13:53:58,9.25,0.0,2,1850,买盘
1212,13:54:01,9.25,0.0,1,925,买盘
1213,13:54:04,9.25,0.0,2,1850,买盘
1214,13:54:07,9.25,0.0,2,1850,买盘
1215,13:54:10,9.25,0.0,1,925,买盘
1216,13:54:12,9.25,0.0,6,5550,买盘
1217,13:54:15,9.25,0.0,11,10175,买盘
1218,13:54:18,9.25,0.0,1,925,买盘
1219,13:54:21,9.25,0.0,3,2773,买盘
1220,13:54:34,9.24,-0.01,4,3698,卖盘
1221,13:54:43,9.25,0.01,4,3700,买盘
1222,13:55:04,9.27,0.02,3,2781,买盘
1223,13:55:06,9.26,-0.01,1,926,卖盘
1224,13:55:21,9.25,-0.01,36,33300,卖盘
1225,13:55:43,9.25,0.0,30,27750,买盘
1226,13:55:58,9.25,0.0,11,10175,买盘
1227,13:56:01,9.24,-0.01,7,6468,卖盘
1228,13:56:04,9.25,0.01,5,4625,买盘
1229,13:56:16,9.25,0.0,10,9250,买盘
1230,13:56:39,9.25,0.0,22,20350,买盘
1231,13:56:46,9.25,0.0,1,925,买盘
1232,13:56:52,9.25,0.0,50,46250,买盘
1233,13:56:55,9.25,0.0,1,925,买盘
1234,13:57:01,9.24,-0.01,7,6468,卖盘
1235,13:57:06,9.25,0.01,20,18500,买盘
1236,13:57:09,9.25,0.0,9,8325,买盘
1237,13:57:37,9.24,-0.01,8,7394,卖盘
1238,13:57:46,9.25,0.01,2,1850,买盘
1239,13:58:28,9.26,0.01,1,926,买盘
1240,13:58:33,9.25,-0.01,2,1850,卖盘
1241,13:58:46,9.26,0.01,2,1852,买盘
1242,13:59:01,9.25,-0.01,5,4625,卖盘
1243,13:59:12,9.25,0.0,6,5550,卖盘
1244,13:59:43,9.25,0.0,30,27750,卖盘
1245,13:59:52,9.25,0.0,3,2775,卖盘
1246,13:59:54,9.25,0.0,2,1850,买盘
1247,13:59:57,9.25,0.0,8,7400,买盘
1248,14:00:00,9.24,-0.01,7,6468,卖盘
1249,14:00:22,9.24,0.0,91,84084,卖盘
1250,14:00:25,9.24,0.0,1,924,买盘
1251,14:00:37,9.23,-0.01,55,50765,卖盘
1252,14:00:40,9.23,0.0,12,11076,买盘
1253,14:00:49,9.23,0.0,5,4615,买盘
1254,14:00:55,9.23,0.0,1,923,买盘
1255,14:01:01,9.22,-0.01,7,6454,卖盘
1256,14:01:10,9.23,0.01,12,11076,买盘
1257,14:01:25,9.22,-0.01,2,1844,卖盘
1258,14:01:31,9.23,0.01,17,15691,买盘
1259,14:01:37,9.24,0.01,126,116986,买盘
1260,14:01:40,9.24,0.0,90,83160,卖盘
1261,14:01:58,9.26,0.02,7,6480,买盘
1262,14:02:18,9.27,0.01,41,37996,买盘
1263,14:02:25,9.27,0.0,12,11124,卖盘
1264,14:02:46,9.28,0.01,32,29695,买盘
1265,14:03:01,9.29,0.01,1,929,买盘
1266,14:03:04,9.28,-0.01,4,3712,卖盘
1267,14:03:28,9.28,0.0,2,1856,买盘
1268,14:03:36,9.28,0.0,42,38976,买盘
1269,14:03:39,9.28,0.0,17,15776,买盘
1270,14:03:43,9.28,0.0,69,63972,买盘
1271,14:03:52,9.29,0.01,15,13928,买盘
1272,14:04:01,9.27,-0.02,7,6489,卖盘
1273,14:04:04,9.28,0.01,1,928,买盘
1274,14:04:06,9.27,-0.01,1,927,卖盘
1275,14:04:09,9.28,0.01,18,16704,买盘
1276,14:04:31,9.28,0.0,5,4640,卖盘
1277,14:04:46,9.29,0.01,14,13006,买盘
1278,14:04:49,9.29,0.0,45,41805,买盘
1279,14:04:52,9.28,-0.01,5,4640,卖盘
1280,14:05:01,9.29,0.01,8,7432,买盘
1281,14:05:04,9.28,-0.01,500,464009,卖盘
1282,14:05:06,9.28,0.0,9,8352,卖盘
1283,14:05:16,9.28,0.0,50,46400,卖盘
1284,14:05:25,9.28,0.0,3,2784,卖盘
1285,14:05:40,9.28,0.0,50,46400,卖盘
1286,14:05:46,9.28,0.0,88,81664,卖盘
1287,14:06:00,9.28,0.0,7,6496,卖盘
1288,14:06:37,9.28,0.0,116,107648,卖盘
1289,14:06:40,9.29,0.01,1,929,买盘
1290,14:06:46,9.29,0.0,40,37160,买盘
1291,14:06:58,9.29,0.0,1,929,买盘
1292,14:07:00,9.29,0.0,4,3716,买盘
1293,14:07:37,9.3,0.01,85,79050,买盘
1294,14:07:58,9.3,0.0,1,930,买盘
1295,14:08:01,9.3,0.0,13,12083,买盘
1296,14:08:13,9.3,0.0,27,25110,买盘
1297,14:08:19,9.3,0.0,10,9300,买盘
1298,14:08:22,9.3,0.0,9,8370,买盘
1299,14:08:34,9.3,0.0,10,9300,卖盘
1300,14:08:37,9.31,0.01,43,40033,买盘
1301,14:08:49,9.32,0.01,97,90404,买盘
1302,14:08:58,9.32,0.0,1,932,买盘
1303,14:09:22,9.31,-0.01,2,1862,卖盘
1304,14:09:25,9.32,0.01,1,932,买盘
1305,14:09:34,9.31,-0.01,2,1862,卖盘
1306,14:09:40,9.32,0.01,1,932,买盘
1307,14:09:43,9.31,-0.01,34,31654,卖盘
1308,14:09:57,9.31,0.0,7,6517,卖盘
1309,14:10:00,9.32,0.01,6,5592,买盘
1310,14:10:09,9.32,0.0,15,13980,买盘
1311,14:10:19,9.31,-0.01,20,18620,卖盘
1312,14:10:22,9.32,0.01,10,9320,买盘
1313,14:10:25,9.32,0.0,6,5592,买盘
1314,14:10:28,9.32,0.0,1,932,买盘
1315,14:10:33,9.32,0.0,19,17708,买盘
1316,14:10:43,9.33,0.01,43,40119,买盘
1317,14:11:01,9.33,0.0,2,1866,卖盘
1318,14:11:04,9.33,0.0,5,4665,买盘
1319,14:11:24,9.33,0.0,5,4665,买盘
1320,14:11:34,9.33,0.0,20,18660,买盘
1321,14:12:01,9.33,0.0,16,14928,买盘
1322,14:12:12,9.33,0.0,12,11196,买盘
1323,14:12:15,9.33,0.0,9,8397,买盘
1324,14:12:19,9.32,-0.01,43,40076,卖盘
1325,14:12:25,9.32,0.0,3,2796,卖盘
1326,14:12:28,9.32,0.0,19,17713,卖盘
1327,14:12:31,9.33,0.01,4,3732,买盘
1328,14:12:34,9.32,-0.01,54,50328,卖盘
1329,14:12:40,9.33,0.01,1,933,买盘
1330,14:12:43,9.32,-0.01,15,14036,卖盘
1331,14:12:46,9.32,0.0,54,50328,卖盘
1332,14:12:49,9.32,0.0,13,12060,卖盘
1333,14:12:52,9.33,0.01,26,24246,买盘
1334,14:12:55,9.33,0.0,3,2799,买盘
1335,14:12:58,9.33,0.0,1,933,买盘
1336,14:13:03,9.33,0.0,20,18660,买盘
1337,14:13:09,9.33,0.0,28,26104,买盘
1338,14:13:16,9.33,0.0,6,5598,买盘
1339,14:13:19,9.32,-0.01,11,10252,卖盘
1340,14:13:25,9.33,0.01,50,46641,买盘
1341,14:13:33,9.32,-0.01,2,1864,卖盘
1342,14:13:36,9.32,0.0,10,9320,卖盘
1343,14:13:58,9.33,0.01,2,1866,买盘
1344,14:14:01,9.32,-0.01,4,3728,卖盘
1345,14:14:04,9.33,0.01,8,7464,买盘
1346,14:14:10,9.32,-0.01,10,9320,卖盘
1347,14:14:12,9.32,0.0,10,9320,卖盘
1348,14:14:15,9.33,0.01,5,4665,买盘
1349,14:14:28,9.32,-0.01,33,30756,卖盘
1350,14:14:31,9.32,0.0,10,9320,买盘
1351,14:14:33,9.32,0.0,8,7456,买盘
1352,14:14:36,9.32,0.0,7,6524,买盘
1353,14:14:40,9.32,0.0,10,9320,买盘
1354,14:14:43,9.33,0.01,21,19591,买盘
1355,14:14:52,9.32,-0.01,30,27970,卖盘
1356,14:14:58,9.33,0.01,47,43846,买盘
1357,14:15:01,9.33,0.0,10,9330,卖盘
1358,14:15:04,9.33,0.0,4,3732,卖盘
1359,14:15:10,9.34,0.01,8,7472,买盘
1360,14:15:15,9.33,-0.01,9,8397,卖盘
1361,14:15:19,9.34,0.01,12,11208,买盘
1362,14:15:22,9.31,-0.03,101,94097,卖盘
1363,14:15:28,9.34,0.03,5,4667,买盘
1364,14:15:48,9.34,0.0,16,14944,买盘
1365,14:15:52,9.34,0.0,3,2802,买盘
1366,14:15:58,9.34,0.0,2,1868,买盘
1367,14:16:01,9.34,0.0,113,105542,买盘
1368,14:16:19,9.34,0.0,15,14010,卖盘
1369,14:16:22,9.35,0.01,1,935,买盘
1370,14:16:25,9.35,0.0,32,29910,买盘
1371,14:16:36,9.36,0.01,277,259192,买盘
1372,14:16:40,9.35,-0.01,26,24320,卖盘
1373,14:16:46,9.35,0.0,5,4675,买盘
1374,14:16:49,9.35,0.0,12,11220,买盘
1375,14:16:57,9.35,0.0,1,935,卖盘
1376,14:17:04,9.37,0.02,12,11244,买盘
1377,14:17:22,9.36,-0.01,3,2808,买盘
1378,14:17:28,9.35,-0.01,1,935,卖盘
1379,14:17:36,9.36,0.01,39,36484,买盘
1380,14:17:42,9.36,0.0,8,7488,买盘
1381,14:17:58,9.37,0.01,5,4685,买盘
1382,14:18:04,9.37,0.0,17,15929,买盘
1383,14:18:07,9.36,-0.01,21,19657,卖盘
1384,14:18:16,9.36,0.0,3,2808,卖盘
1385,14:18:18,9.36,0.0,10,9360,卖盘
1386,14:18:24,9.36,0.0,50,46840,卖盘
1387,14:18:31,9.36,0.0,14,13104,卖盘
1388,14:18:34,9.36,0.0,34,31824,卖盘
1389,14:18:40,9.37,0.01,12,11238,买盘
1390,14:18:52,9.37,0.0,3,2809,买盘
1391,14:18:58,9.36,-0.01,19,17784,卖盘
1392,14:19:18,9.36,0.0,31,28986,买盘
1393,14:19:28,9.35,-0.01,9,8415,卖盘
1394,14:19:31,9.36,0.01,15,14040,买盘
1395,14:19:33,9.36,0.0,10,9360,买盘
1396,14:19:57,9.35,-0.01,122,114070,卖盘
1397,14:20:06,9.35,0.0,9,8411,买盘
1398,14:20:10,9.34,-0.01,5,4670,卖盘
1399,14:20:19,9.34,0.0,10,9340,卖盘
1400,14:20:24,9.34,0.0,2,1868,卖盘
1401,14:20:31,9.34,0.0,15,14010,卖盘
1402,14:20:37,9.34,0.0,2,1868,卖盘
1403,14:20:40,9.34,0.0,10,9341,卖盘
1404,14:20:43,9.34,0.0,5,4670,卖盘
1405,14:20:48,9.34,0.0,4,3736,买盘
1406,14:21:03,9.33,-0.01,31,28923,卖盘
1407,14:21:06,9.34,0.01,1,934,买盘
1408,14:21:10,9.34,0.0,10,9340,买盘
1409,14:21:16,9.33,-0.01,31,28933,卖盘
1410,14:21:19,9.33,0.0,10,9330,卖盘
1411,14:21:21,9.33,0.0,4,3732,卖盘
1412,14:21:25,9.34,0.01,94,87796,买盘
1413,14:21:28,9.33,-0.01,11,10263,卖盘
1414,14:21:31,9.33,0.0,71,66256,卖盘
1415,14:21:37,9.33,0.0,4,3732,买盘
1416,14:21:42,9.33,0.0,50,46650,买盘
1417,14:21:46,9.32,-0.01,9,8388,卖盘
1418,14:21:52,9.33,0.01,25,23325,买盘
1419,14:21:58,9.33,0.0,1,933,买盘
1420,14:22:01,9.33,0.0,43,40119,买盘
1421,14:22:16,9.33,0.0,45,41985,卖盘
1422,14:22:22,9.33,0.0,11,10263,买盘
1423,14:22:34,9.33,0.0,9,8397,卖盘
1424,14:22:42,9.33,0.0,13,12129,卖盘
1425,14:22:49,9.33,0.0,10,9330,卖盘
1426,14:23:07,9.33,0.0,3,2799,卖盘
1427,14:23:09,9.34,0.01,69,64446,买盘
1428,14:23:16,9.34,0.0,3,2802,卖盘
1429,14:24:00,9.34,0.0,68,63512,买盘
1430,14:24:04,9.34,0.0,15,14010,卖盘
1431,14:24:10,9.34,0.0,15,14025,卖盘
1432,14:24:22,9.34,0.0,2,1868,卖盘
1433,14:24:25,9.35,0.01,37,34595,卖盘
1434,14:24:28,9.35,0.0,34,31790,买盘
1435,14:24:34,9.34,-0.01,2,1868,卖盘
1436,14:24:37,9.35,0.01,32,29920,买盘
1437,14:24:46,9.35,0.0,14,13090,买盘
1438,14:24:49,9.35,0.0,24,22440,买盘
1439,14:24:51,9.34,-0.01,20,18680,卖盘
1440,14:24:54,9.35,0.01,2,1870,买盘
1441,14:25:04,9.34,-0.01,9,8406,卖盘
1442,14:25:13,9.35,0.01,6,5607,买盘
1443,14:25:28,9.35,0.0,9,8415,买盘
1444,14:25:30,9.35,0.0,3,2805,买盘
1445,14:25:43,9.35,0.0,46,43010,买盘
1446,14:26:01,9.35,0.0,39,36495,卖盘
1447,14:26:15,9.36,0.01,5,4680,买盘
1448,14:26:28,9.36,0.0,87,81432,买盘
1449,14:26:37,9.36,0.0,1,936,买盘
1450,14:26:46,9.35,-0.01,9,8415,卖盘
1451,14:26:49,9.36,0.01,1,936,买盘
1452,14:26:58,9.36,0.0,12,11232,买盘
1453,14:27:10,9.35,-0.01,1,935,卖盘
1454,14:27:34,9.35,0.0,10,9350,卖盘
1455,14:27:36,9.35,0.0,43,40205,卖盘
1456,14:27:43,9.36,0.01,1,936,买盘
1457,14:27:46,9.35,-0.01,18,16830,卖盘
1458,14:27:52,9.36,0.01,12,11222,买盘
1459,14:27:55,9.36,0.0,15,14026,买盘
1460,14:28:01,9.35,-0.01,4,3740,卖盘
1461,14:28:10,9.36,0.01,1,936,买盘
1462,14:28:19,9.36,0.0,4,3744,买盘
1463,14:28:24,9.35,-0.01,1,935,卖盘
1464,14:28:27,9.35,0.0,13,12167,卖盘
1465,14:28:34,9.35,0.0,17,15895,卖盘
1466,14:28:46,9.36,0.01,14,13095,买盘
1467,14:28:49,9.36,0.0,1,936,买盘
1468,14:29:00,9.36,0.0,50,46800,买盘
1469,14:29:06,9.36,0.0,3,2808,买盘
1470,14:29:25,9.36,0.0,1,936,买盘
1471,14:29:34,9.36,0.0,104,97344,买盘
1472,14:29:40,9.36,0.0,20,18720,卖盘
1473,14:29:49,9.37,0.01,1,937,买盘
1474,14:29:55,9.36,-0.01,19,17784,卖盘
1475,14:30:01,9.37,0.01,21,19657,买盘
1476,14:30:16,9.37,0.0,1,937,买盘
1477,14:30:22,9.36,-0.01,20,18730,卖盘
1478,14:30:30,9.36,0.0,5,4680,卖盘
1479,14:30:33,9.37,0.01,1,937,买盘
1480,14:30:46,9.36,-0.01,18,16848,卖盘
1481,14:30:54,9.36,0.0,20,18720,卖盘
1482,14:31:04,9.36,0.0,10,9361,卖盘
1483,14:31:06,9.37,0.01,5,4685,买盘
1484,14:31:10,9.36,-0.01,2,1872,卖盘
1485,14:31:25,9.35,-0.01,1,935,卖盘
1486,14:31:36,9.35,0.0,11,10285,卖盘
1487,14:31:40,9.35,0.0,10,9350,卖盘
1488,14:31:46,9.35,0.0,10,9350,卖盘
1489,14:31:49,9.36,0.01,10,9360,买盘
1490,14:31:55,9.35,-0.01,15,14025,卖盘
1491,14:31:58,9.35,0.0,20,18700,卖盘
1492,14:32:01,9.35,0.0,1,935,卖盘
1493,14:32:04,9.35,0.0,1,935,卖盘
1494,14:32:13,9.36,0.01,10,9360,买盘
1495,14:32:31,9.36,0.0,21,19656,买盘
1496,14:32:33,9.35,-0.01,85,79515,卖盘
1497,14:32:58,9.36,0.01,15,14040,卖盘
1498,14:33:16,9.36,0.0,10,9360,买盘
1499,14:33:34,9.36,0.0,2,1872,买盘
1500,14:33:37,9.35,-0.01,103,96305,卖盘
1501,14:33:40,9.35,0.0,50,46750,卖盘
1502,14:33:46,9.35,0.0,17,15895,卖盘
1503,14:33:52,9.35,0.0,32,29950,卖盘
1504,14:33:55,9.35,0.0,3,2805,卖盘
1505,14:33:58,9.35,0.0,17,15895,卖盘
1506,14:34:01,9.35,0.0,5,4675,卖盘
1507,14:34:13,9.35,0.0,3,2805,卖盘
1508,14:34:16,9.35,0.0,26,24310,卖盘
1509,14:34:18,9.35,0.0,60,56100,卖盘
1510,14:34:24,9.35,0.0,81,75735,卖盘
1511,14:34:31,9.34,-0.01,8,7472,卖盘
1512,14:34:34,9.34,0.0,6,5604,卖盘
1513,14:34:37,9.34,0.0,20,18680,卖盘
1514,14:34:40,9.34,0.0,2,1868,卖盘
1515,14:34:43,9.34,0.0,26,24284,卖盘
1516,14:35:07,9.33,-0.01,10,9330,卖盘
1517,14:35:12,9.33,0.0,5,4665,卖盘
1518,14:35:16,9.33,0.0,19,17727,卖盘
1519,14:35:21,9.33,0.0,5,4665,卖盘
1520,14:35:36,9.33,0.0,50,46650,卖盘
1521,14:35:40,9.33,0.0,12,11196,卖盘
1522,14:35:43,9.33,0.0,78,72774,卖盘
1523,14:35:54,9.33,0.0,16,14923,买盘
1524,14:36:04,9.33,0.0,11,10263,买盘
1525,14:36:07,9.32,-0.01,3,2796,卖盘
1526,14:36:10,9.32,0.0,3,2796,卖盘
1527,14:36:13,9.32,0.0,73,68036,卖盘
1528,14:36:16,9.33,0.01,30,27990,买盘
1529,14:36:19,9.32,-0.01,8,7456,卖盘
1530,14:36:28,9.32,0.0,7,6524,卖盘
1531,14:36:31,9.31,-0.01,1,931,卖盘
1532,14:36:46,9.31,0.0,9,8379,卖盘
1533,14:36:49,9.31,0.0,14,13034,卖盘
1534,14:36:58,9.32,0.01,12,11184,买盘
1535,14:37:04,9.31,-0.01,21,19551,卖盘
1536,14:37:25,9.32,0.01,44,41008,买盘
1537,14:38:00,9.32,0.0,1,932,卖盘
1538,14:38:07,9.33,0.01,17,15861,买盘
1539,14:38:25,9.33,0.0,2,1866,买盘
1540,14:38:40,9.33,0.0,151,140883,买盘
1541,14:38:55,9.34,0.01,20,18680,买盘
1542,14:39:00,9.34,0.0,1,934,买盘
1543,14:39:04,9.34,0.0,31,28954,买盘
1544,14:39:33,9.33,-0.01,11,10273,卖盘
1545,14:39:36,9.33,0.0,20,18660,卖盘
1546,14:39:39,9.33,0.0,1,933,卖盘
1547,14:39:43,9.34,0.01,1,934,买盘
1548,14:39:46,9.33,-0.01,9,8397,卖盘
1549,14:40:22,9.33,0.0,36,33588,卖盘
1550,14:40:24,9.33,0.0,12,11196,买盘
1551,14:40:33,9.32,-0.01,274,255368,卖盘
1552,14:40:46,9.31,-0.01,9,8379,卖盘
1553,14:40:49,9.32,0.01,3,2796,买盘
1554,14:41:01,9.32,0.0,25,23300,买盘
1555,14:41:31,9.31,-0.01,160,148960,卖盘
1556,14:41:34,9.31,0.0,30,27930,买盘
1557,14:41:40,9.31,0.0,12,11172,买盘
1558,14:41:46,9.3,-0.01,9,8370,卖盘
1559,14:41:54,9.3,0.0,13,12090,卖盘
1560,14:41:57,9.3,0.0,145,134850,卖盘
1561,14:42:06,9.29,-0.01,97,90113,卖盘
1562,14:42:10,9.29,0.0,30,27880,卖盘
1563,14:42:16,9.29,0.0,16,14865,卖盘
1564,14:42:24,9.29,0.0,5,4645,买盘
1565,14:42:28,9.29,0.0,10,9290,买盘
1566,14:42:37,9.28,-0.01,7,6496,卖盘
1567,14:42:40,9.28,0.0,100,92800,卖盘
1568,14:42:42,9.28,0.0,112,103936,买盘
1569,14:42:46,9.28,0.0,24,22272,卖盘
1570,14:42:49,9.28,0.0,2,1856,卖盘
1571,14:43:01,9.28,0.0,10,9280,买盘
1572,14:43:07,9.28,0.0,1,928,买盘
1573,14:43:09,9.27,-0.01,65,60267,卖盘
1574,14:43:19,9.27,0.0,1,927,买盘
1575,14:43:22,9.27,0.0,12,11124,买盘
1576,14:43:25,9.27,0.0,3,2781,买盘
1577,14:43:45,9.27,0.0,9,8343,卖盘
1578,14:43:51,9.28,0.01,22,20416,买盘
1579,14:43:54,9.27,-0.01,15,13915,卖盘
1580,14:44:04,9.28,0.01,2,1856,买盘
1581,14:44:10,9.28,0.0,5,4640,买盘
1582,14:44:13,9.27,-0.01,104,96413,卖盘
1583,14:44:18,9.27,0.0,12,11134,卖盘
1584,14:44:58,9.28,0.01,20,18560,卖盘
1585,14:45:04,9.29,0.01,1,929,买盘
1586,14:45:07,9.29,0.0,38,35302,买盘
1587,14:45:34,9.29,0.0,12,11148,买盘
1588,14:45:46,9.29,0.0,6,5574,买盘
1589,14:46:04,9.3,0.01,20,18600,买盘
1590,14:46:10,9.32,0.02,10,9308,买盘
1591,14:46:30,9.3,-0.02,20,18600,卖盘
1592,14:46:34,9.31,0.01,10,9310,买盘
1593,14:46:49,9.32,0.01,51,47527,买盘
1594,14:47:01,9.32,0.0,5,4660,买盘
1595,14:47:16,9.32,0.0,4,3728,买盘
1596,14:47:19,9.32,0.0,25,23300,买盘
1597,14:47:27,9.32,0.0,13,12116,买盘
1598,14:47:30,9.32,0.0,5,4660,买盘
1599,14:47:46,9.31,-0.01,36,33516,卖盘
1600,14:47:58,9.31,0.0,22,20482,卖盘
1601,14:48:01,9.31,0.0,28,26068,买盘
1602,14:48:13,9.31,0.0,22,20492,卖盘
1603,14:48:18,9.32,0.01,66,61512,买盘
1604,14:48:21,9.32,0.0,1,932,买盘
1605,14:48:24,9.31,-0.01,20,18620,卖盘
1606,14:48:37,9.31,0.0,46,42826,卖盘
1607,14:48:43,9.31,0.0,5,4655,卖盘
1608,14:48:45,9.32,0.01,170,158440,买盘
1609,14:48:49,9.32,0.0,5,4660,卖盘
1610,14:48:51,9.32,0.0,40,37280,卖盘
1611,14:49:07,9.32,0.0,1,932,卖盘
1612,14:49:10,9.33,0.01,4,3732,买盘
1613,14:49:13,9.32,-0.01,1,932,卖盘
1614,14:49:16,9.32,0.0,6,5592,卖盘
1615,14:49:18,9.33,0.01,2,1866,买盘
1616,14:49:22,9.32,-0.01,52,48530,卖盘
1617,14:49:25,9.32,0.0,13,12116,卖盘
1618,14:49:28,9.33,0.01,5,4665,中性盘
1619,14:49:31,9.33,0.0,4,3732,卖盘
1620,14:49:34,9.32,-0.01,7,6524,卖盘
1621,14:49:40,9.33,0.01,3,2799,买盘
1622,14:49:52,9.32,-0.01,59,54988,卖盘
1623,14:50:04,9.32,0.0,52,48464,卖盘
1624,14:50:10,9.33,0.01,27,25181,买盘
1625,14:50:19,9.33,0.0,15,13995,卖盘
1626,14:50:22,9.34,0.01,9,8399,买盘
1627,14:50:34,9.33,-0.01,1,933,卖盘
1628,14:50:37,9.34,0.01,2,1868,买盘
1629,14:50:40,9.33,-0.01,15,13995,卖盘
1630,14:50:49,9.33,0.0,13,12129,卖盘
1631,14:50:55,9.33,0.0,20,18660,卖盘
1632,14:51:01,9.33,0.0,7,6531,买盘
1633,14:51:07,9.32,-0.01,11,10252,卖盘
1634,14:51:12,9.31,-0.01,24,22344,卖盘
1635,14:51:19,9.31,0.0,23,21413,卖盘
1636,14:51:22,9.31,0.0,10,9310,卖盘
1637,14:51:25,9.31,0.0,11,10241,卖盘
1638,14:51:28,9.32,0.01,40,37261,买盘
1639,14:51:31,9.32,0.0,70,65240,买盘
1640,14:51:34,9.31,-0.01,2,1862,卖盘
1641,14:51:46,9.31,0.0,9,8379,卖盘
1642,14:51:49,9.32,0.01,5,4660,买盘
1643,14:51:52,9.31,-0.01,100,93100,卖盘
1644,14:52:19,9.31,0.0,10,9310,卖盘
1645,14:52:25,9.32,0.01,17,15844,买盘
1646,14:52:31,9.32,0.0,17,15844,买盘
1647,14:52:36,9.32,0.0,68,63376,买盘
1648,14:52:46,9.32,0.0,2,1864,买盘
1649,14:52:55,9.32,0.0,3,2796,买盘
1650,14:53:01,9.32,0.0,7,6524,买盘
1651,14:53:04,9.32,0.0,18,16776,买盘
1652,14:53:07,9.32,0.0,19,17708,买盘
1653,14:53:13,9.32,0.0,12,11184,买盘
1654,14:53:16,9.32,0.0,51,47532,买盘
1655,14:53:34,9.32,0.0,20,18640,卖盘
1656,14:53:37,9.32,0.0,13,12116,卖盘
1657,14:53:40,9.33,0.01,21,19593,买盘
1658,14:53:42,9.32,-0.01,22,20524,卖盘
1659,14:53:45,9.33,0.01,20,18660,买盘
1660,14:53:49,9.32,-0.01,30,27960,卖盘
1661,14:54:04,9.33,0.01,59,55046,买盘
1662,14:54:07,9.32,-0.01,82,76424,卖盘
1663,14:54:13,9.33,0.01,58,54152,买盘
1664,14:54:16,9.33,0.0,100,93300,卖盘
1665,14:54:27,9.33,0.0,30,27990,卖盘
1666,14:54:30,9.33,0.0,16,14872,卖盘
1667,14:54:54,9.32,-0.01,11,10252,卖盘
1668,14:54:58,9.32,0.0,31,28892,卖盘
1669,14:55:10,9.32,0.0,3,2796,卖盘
1670,14:55:13,9.32,0.0,4,3728,卖盘
1671,14:55:22,9.32,0.0,5,4660,卖盘
1672,14:55:25,9.33,0.01,168,156793,买盘
1673,14:55:28,9.33,0.0,17,15861,卖盘
1674,14:55:40,9.33,0.0,62,57790,卖盘
1675,14:55:43,9.33,0.0,5,4665,买盘
1676,14:55:49,9.33,0.0,50,46650,买盘
1677,14:55:55,9.33,0.0,63,58834,买盘
1678,14:56:06,9.33,0.0,48,44728,卖盘
1679,14:56:13,9.33,0.0,67,62572,买盘
1680,14:56:16,9.32,-0.01,29,27033,卖盘
1681,14:56:22,9.32,0.0,1,932,卖盘
1682,14:56:28,9.32,0.0,50,46600,卖盘
1683,14:56:34,9.32,0.0,9,8388,买盘
1684,14:56:37,9.32,0.0,1,932,买盘
1685,14:56:40,9.32,0.0,2,1864,中性盘
1686,14:56:46,9.31,-0.01,34,31676,卖盘
1687,14:56:49,9.31,0.0,25,23275,卖盘
1688,14:56:54,9.32,0.01,8,7456,买盘
1689,14:57:04,9.33,0.01,53,49416,买盘
1690,15:00:05,9.33,0.0,552,515016,卖盘
