,time,price,change,volume,amount,type
0,09:25:04,9.61,-0.12,183,175863,卖盘
1,09:30:04,9.6,-0.01,40,38427,卖盘
2,09:30:07,9.62,0.02,211,202761,买盘
3,09:30:10,9.61,-0.01,58,55730,卖盘
4,09:30:13,9.59,-0.02,86,82484,卖盘
5,09:30:19,9.61,0.02,45,43215,买盘
6,09:30:25,9.58,-0.03,10,9589,卖盘
7,09:30:37,9.58,0.0,2,1916,卖盘
8,09:30:40,9.59,0.01,20,19180,买盘
9,09:30:43,9.59,0.0,2,1917,中性盘
10,09:30:46,9.58,-0.01,33,31618,卖盘
11,09:30:52,9.59,0.01,1,959,买盘
12,09:30:58,9.59,0.0,10,9590,买盘
13,09:31:01,9.59,0.0,12,11508,买盘
14,09:31:04,9.59,0.0,4,3836,卖盘
15,09:31:07,9.58,-0.01,35,33559,卖盘
16,09:31:10,9.6,0.02,1,960,买盘
17,09:31:28,9.6,0.0,1,960,买盘
18,09:31:34,9.6,0.0,10,9600,买盘
19,09:31:37,9.6,0.0,5,4800,买盘
20,09:31:43,9.6,0.0,3,2880,买盘
21,09:31:46,9.6,0.0,1,960,买盘
22,09:31:49,9.6,0.0,4,3840,买盘
23,09:31:52,9.6,0.0,1,960,买盘
24,09:31:55,9.6,0.0,5,4800,买盘
25,09:31:58,9.6,0.0,4,3840,买盘
26,09:32:01,9.59,-0.01,50,47950,卖盘
27,09:32:04,9.6,0.01,19,18240,买盘
28,09:32:07,9.59,-0.01,36,34524,卖盘
29,09:32:10,9.59,0.0,68,65262,卖盘
30,09:32:13,9.59,0.0,4,3836,卖盘
31,09:32:22,9.59,0.0,19,18226,卖盘
32,09:32:25,9.59,0.0,25,23975,卖盘
33,09:32:28,9.57,-0.02,238,227994,卖盘
34,09:32:31,9.59,0.02,2,1918,买盘
35,09:32:37,9.57,-0.02,12,11484,卖盘
36,09:32:40,9.57,0.0,18,17229,卖盘
37,09:32:43,9.57,0.0,36,34452,卖盘
38,09:32:46,9.56,-0.01,27,25831,卖盘
39,09:32:49,9.53,-0.03,90,85963,卖盘
40,09:32:55,9.54,0.01,3,2862,卖盘
41,09:32:58,9.52,-0.02,31,29537,卖盘
42,09:33:01,9.53,0.01,2,1906,中性盘
43,09:33:04,9.52,-0.01,27,25712,卖盘
44,09:33:07,9.52,0.0,58,55216,卖盘
45,09:33:10,9.53,0.01,1,953,买盘
46,09:33:13,9.52,-0.01,30,28570,卖盘
47,09:33:19,9.52,0.0,33,31416,买盘
48,09:33:22,9.52,0.0,20,19040,买盘
49,09:33:25,9.52,0.0,5,4760,买盘
50,09:33:28,9.52,0.0,38,36176,买盘
51,09:33:31,9.51,-0.01,85,80915,卖盘
52,09:33:34,9.53,0.02,23,21897,买盘
53,09:33:43,9.53,0.0,12,11436,买盘
54,09:33:46,9.53,0.0,3,2859,买盘
55,09:33:49,9.53,0.0,55,52409,买盘
56,09:33:52,9.54,0.01,7,6674,买盘
57,09:33:55,9.54,0.0,33,31482,买盘
58,09:33:58,9.55,0.01,74,70606,买盘
59,09:34:04,9.56,0.01,5,4780,买盘
60,09:34:07,9.56,0.0,184,175592,卖盘
61,09:34:13,9.56,0.0,10,9560,卖盘
62,09:34:31,9.56,0.0,100,95600,买盘
63,09:34:34,9.54,-0.02,181,172675,卖盘
64,09:34:37,9.54,0.0,4,3816,买盘
65,09:34:43,9.54,0.0,10,9540,买盘
66,09:34:49,9.54,0.0,3,2862,买盘
67,09:34:52,9.54,0.0,55,52470,买盘
68,09:34:55,9.54,0.0,96,91584,买盘
69,09:34:58,9.54,0.0,5,4770,卖盘
70,09:35:07,9.54,0.0,35,33390,卖盘
71,09:35:10,9.55,0.01,1,955,买盘
72,09:35:25,9.55,0.0,13,12415,买盘
73,09:35:28,9.56,0.01,91,86991,买盘
74,09:35:31,9.55,-0.01,3,2865,中性盘
75,09:35:37,9.56,0.01,10,9554,买盘
76,09:35:43,9.54,-0.02,300,286221,卖盘
77,09:35:46,9.56,0.02,213,203601,买盘
78,09:35:49,9.55,-0.01,2,1910,中性盘
79,09:35:52,9.56,0.01,45,43020,买盘
80,09:36:07,9.57,0.01,73,69808,买盘
81,09:36:10,9.56,-0.01,19,18164,卖盘
82,09:36:16,9.56,0.0,5,4780,卖盘
83,09:36:19,9.56,0.0,53,50668,卖盘
84,09:36:22,9.55,-0.01,2,1910,卖盘
85,09:36:25,9.56,0.01,19,18159,买盘
86,09:36:28,9.56,0.0,24,22940,卖盘
87,09:36:31,9.55,-0.01,2,1910,卖盘
88,09:36:34,9.54,-0.01,44,41978,卖盘
89,09:36:37,9.55,0.01,9,8591,买盘
90,09:36:40,9.55,0.0,11,10505,买盘
91,09:36:43,9.54,-0.01,20,19080,卖盘
92,09:36:49,9.53,-0.01,90,85770,卖盘
93,09:36:55,9.53,0.0,68,64805,卖盘
94,09:36:58,9.53,0.0,10,9530,买盘
95,09:37:07,9.52,-0.01,54,51408,卖盘
96,09:37:13,9.52,0.0,7,6664,卖盘
97,09:37:16,9.52,0.0,5,4760,卖盘
98,09:37:22,9.52,0.0,121,115192,卖盘
99,09:37:25,9.53,0.01,230,219002,买盘
100,09:37:31,9.53,0.0,3,2859,卖盘
101,09:37:34,9.53,0.0,15,14295,卖盘
102,09:37:37,9.53,0.0,10,9530,卖盘
103,09:37:40,9.53,0.0,10,9530,卖盘
104,09:37:43,9.52,-0.01,90,85737,卖盘
105,09:37:46,9.52,0.0,4,3808,买盘
106,09:37:49,9.51,-0.01,98,93198,卖盘
107,09:37:52,9.5,-0.01,274,260575,卖盘
108,09:37:55,9.5,0.0,34,32300,卖盘
109,09:37:58,9.5,0.0,100,95000,卖盘
110,09:38:01,9.5,0.0,106,100700,卖盘
111,09:38:04,9.5,0.0,36,34200,卖盘
112,09:38:07,9.48,-0.02,10,9480,卖盘
113,09:38:10,9.48,0.0,1,948,卖盘
114,09:38:13,9.48,0.0,83,78684,卖盘
115,09:38:16,9.48,0.0,14,13272,卖盘
116,09:38:19,9.48,0.0,37,35076,卖盘
117,09:38:22,9.47,-0.01,2,1894,卖盘
118,09:38:25,9.47,0.0,10,9470,买盘
119,09:38:31,9.46,-0.01,12,11352,卖盘
120,09:38:34,9.47,0.01,23,21776,买盘
121,09:38:37,9.46,-0.01,5,4730,卖盘
122,09:38:43,9.45,-0.01,77,72815,卖盘
123,09:38:46,9.45,0.0,8,7565,卖盘
124,09:38:49,9.46,0.01,38,35919,买盘
125,09:38:52,9.46,0.0,51,48246,买盘
126,09:38:58,9.44,-0.02,118,111518,卖盘
127,09:39:01,9.44,0.0,10,9440,买盘
128,09:39:04,9.45,0.01,126,119013,买盘
129,09:39:07,9.43,-0.02,196,185004,卖盘
130,09:39:10,9.47,0.04,51,48203,买盘
131,09:39:13,9.45,-0.02,109,103030,卖盘
132,09:39:16,9.45,0.0,24,22680,卖盘
133,09:39:19,9.44,-0.01,22,20770,卖盘
134,09:39:25,9.45,0.01,47,44415,卖盘
135,09:39:31,9.45,0.0,50,47250,卖盘
136,09:39:37,9.47,0.02,121,114518,买盘
137,09:39:46,9.46,-0.01,5,4730,卖盘
138,09:39:52,9.47,0.01,6,5682,买盘
139,09:39:55,9.47,0.0,6,5682,买盘
140,09:39:58,9.47,0.0,10,9470,卖盘
141,09:40:04,9.48,0.01,5,4740,买盘
142,09:40:07,9.47,-0.01,34,32198,卖盘
143,09:40:10,9.48,0.01,1,948,买盘
144,09:40:13,9.48,0.0,41,38868,买盘
145,09:40:16,9.48,0.0,72,68256,买盘
146,09:40:34,9.5,0.02,2,1900,买盘
147,09:40:46,9.5,0.0,12,11400,卖盘
148,09:41:01,9.49,-0.01,14,13286,卖盘
149,09:41:07,9.48,-0.01,60,56910,卖盘
150,09:41:10,9.49,0.01,22,20878,买盘
151,09:41:13,9.48,-0.01,52,49296,卖盘
152,09:41:19,9.48,0.0,36,34128,卖盘
153,09:41:25,9.48,0.0,12,11376,买盘
154,09:41:28,9.47,-0.01,28,26526,卖盘
155,09:41:31,9.48,0.01,5,4740,卖盘
156,09:41:34,9.47,-0.01,145,137316,卖盘
157,09:41:37,9.46,-0.01,30,28405,卖盘
158,09:41:40,9.46,0.0,12,11355,卖盘
159,09:41:43,9.47,0.01,13,12299,买盘
160,09:41:46,9.44,-0.03,275,259898,卖盘
161,09:41:49,9.45,0.01,1,945,买盘
162,09:41:52,9.45,0.0,9,8504,买盘
163,09:41:55,9.45,0.0,12,11340,买盘
164,09:41:58,9.45,0.0,2,1890,买盘
165,09:42:01,9.45,0.0,4,3780,买盘
166,09:42:04,9.45,0.0,5,4725,买盘
167,09:42:07,9.45,0.0,34,32130,卖盘
168,09:42:13,9.45,0.0,11,10395,卖盘
169,09:42:19,9.46,0.01,81,76542,买盘
170,09:42:25,9.45,-0.01,11,10395,中性盘
171,09:42:28,9.45,0.0,4,3780,买盘
172,09:42:37,9.44,-0.01,43,40616,卖盘
173,09:42:40,9.45,0.01,50,47250,买盘
174,09:42:43,9.44,-0.01,1,944,卖盘
175,09:42:46,9.45,0.01,58,54810,买盘
176,09:42:58,9.44,-0.01,2,1888,卖盘
177,09:43:01,9.46,0.02,12,11352,买盘
178,09:43:07,9.46,0.0,71,67199,卖盘
179,09:43:10,9.48,0.02,1,948,买盘
180,09:43:13,9.47,-0.01,18,17046,卖盘
181,09:43:16,9.47,0.0,3,2841,卖盘
182,09:43:19,9.44,-0.03,90,85086,卖盘
183,09:43:22,9.46,0.02,21,19836,买盘
184,09:43:25,9.46,0.0,25,23642,买盘
185,09:43:28,9.46,0.0,6,5676,买盘
186,09:43:46,9.46,0.0,19,17969,买盘
187,09:43:52,9.45,-0.01,20,18915,卖盘
188,09:43:55,9.45,0.0,13,12296,卖盘
189,09:43:58,9.46,0.01,4,3784,买盘
190,09:44:07,9.45,-0.01,135,127675,卖盘
191,09:44:10,9.45,0.0,99,93555,卖盘
192,09:44:13,9.45,0.0,24,22680,买盘
193,09:44:16,9.45,0.0,50,47250,买盘
194,09:44:25,9.45,0.0,36,34020,买盘
195,09:44:28,9.45,0.0,7,6615,买盘
196,09:44:31,9.45,0.0,53,50085,买盘
197,09:44:34,9.45,0.0,53,50085,买盘
198,09:44:37,9.45,0.0,52,49140,买盘
199,09:44:40,9.45,0.0,15,14175,买盘
200,09:44:43,9.44,-0.01,44,41557,卖盘
201,09:44:49,9.45,0.01,10,9450,买盘
202,09:44:58,9.45,0.0,1,945,买盘
203,09:45:07,9.44,-0.01,35,33040,卖盘
204,09:45:10,9.45,0.01,6,5665,买盘
205,09:45:13,9.44,-0.01,1,944,卖盘
206,09:45:19,9.45,0.01,30,28350,买盘
207,09:45:28,9.45,0.0,4,3777,买盘
208,09:45:34,9.44,-0.01,122,115168,卖盘
209,09:45:37,9.43,-0.01,11,10374,卖盘
210,09:45:39,9.44,0.01,7,6608,买盘
211,09:45:43,9.44,0.0,5,4720,买盘
212,09:45:46,9.44,0.0,25,23600,买盘
213,09:45:49,9.44,0.0,20,18880,买盘
214,09:45:52,9.44,0.0,10,9440,买盘
215,09:45:55,9.43,-0.01,14,13207,卖盘
216,09:46:01,9.43,0.0,13,12259,卖盘
217,09:46:04,9.43,0.0,3,2829,卖盘
218,09:46:07,9.43,0.0,38,35834,卖盘
219,09:46:10,9.43,0.0,95,89635,卖盘
220,09:46:16,9.43,0.0,100,94300,卖盘
221,09:46:22,9.43,0.0,30,28290,卖盘
222,09:46:28,9.44,0.01,3,2832,卖盘
223,09:46:34,9.43,-0.01,3,2829,卖盘
224,09:46:37,9.44,0.01,2,1888,买盘
225,09:46:40,9.43,-0.01,22,20746,卖盘
226,09:46:46,9.42,-0.01,186,175212,卖盘
227,09:46:52,9.42,0.0,38,35796,卖盘
228,09:46:55,9.42,0.0,17,16014,卖盘
229,09:46:58,9.41,-0.01,55,51755,卖盘
230,09:47:01,9.41,0.0,13,12233,卖盘
231,09:47:04,9.41,0.0,520,489320,卖盘
232,09:47:07,9.41,0.0,25,23504,买盘
233,09:47:10,9.4,-0.01,246,231240,卖盘
234,09:47:16,9.39,-0.01,13,12207,卖盘
235,09:47:19,9.4,0.01,10,9398,买盘
236,09:47:28,9.4,0.0,22,20679,买盘
237,09:47:31,9.4,0.0,8,7520,卖盘
238,09:47:34,9.4,0.0,26,24440,卖盘
239,09:47:37,9.4,0.0,35,32837,买盘
240,09:47:43,9.38,-0.02,90,84430,卖盘
241,09:47:49,9.39,0.01,29,27231,买盘
242,09:47:55,9.38,-0.01,105,98571,卖盘
243,09:47:58,9.38,0.0,21,19698,买盘
244,09:48:07,9.37,-0.01,35,32795,卖盘
245,09:48:10,9.38,0.01,20,18760,买盘
246,09:48:13,9.37,-0.01,2,1874,卖盘
247,09:48:16,9.37,0.0,12,11825,卖盘
248,09:48:19,9.38,0.01,63,58997,买盘
249,09:48:25,9.38,0.0,7,6566,买盘
250,09:48:28,9.37,-0.01,18,16868,卖盘
251,09:48:43,9.37,0.0,15,14055,卖盘
252,09:48:46,9.38,0.01,32,30016,买盘
253,09:48:49,9.38,0.0,5,4690,买盘
254,09:48:52,9.37,-0.01,61,57157,卖盘
255,09:48:55,9.37,0.0,30,28110,买盘
256,09:48:58,9.37,0.0,5,4685,买盘
257,09:49:04,9.37,0.0,20,18740,买盘
258,09:49:07,9.36,-0.01,174,162873,卖盘
259,09:49:10,9.37,0.01,10,9370,买盘
260,09:49:19,9.36,-0.01,12,11232,卖盘
261,09:49:25,9.37,0.01,10,9370,买盘
262,09:49:37,9.37,0.0,3,2811,买盘
263,09:49:52,9.37,0.0,18,16866,买盘
264,09:49:55,9.37,0.0,20,18740,买盘
265,09:49:58,9.37,0.0,19,17803,买盘
266,09:50:01,9.37,0.0,1,937,卖盘
267,09:50:07,9.37,0.0,15,14055,卖盘
268,09:50:16,9.37,0.0,16,14992,买盘
269,09:50:19,9.36,-0.01,10,9360,卖盘
270,09:50:22,9.37,0.01,10,9370,买盘
271,09:50:28,9.37,0.0,5,4685,买盘
272,09:50:34,9.36,-0.01,14,13108,卖盘
273,09:50:37,9.37,0.01,59,55283,买盘
274,09:50:40,9.37,0.0,1,937,卖盘
275,09:50:46,9.37,0.0,9,8433,买盘
276,09:50:49,9.37,0.0,98,91876,买盘
277,09:50:52,9.38,0.01,2,1876,买盘
278,09:50:58,9.38,0.0,60,56226,买盘
279,09:51:04,9.38,0.0,46,43148,买盘
280,09:51:07,9.38,0.0,45,42210,卖盘
281,09:51:10,9.38,0.0,25,23460,卖盘
282,09:51:13,9.4,0.02,1,940,买盘
283,09:51:16,9.39,-0.01,2,1878,卖盘
284,09:51:19,9.4,0.01,1,940,买盘
285,09:51:22,9.39,-0.01,1,939,卖盘
286,09:51:31,9.4,0.01,3,2820,买盘
287,09:51:34,9.4,0.0,32,30080,买盘
288,09:51:40,9.4,0.0,64,60160,买盘
289,09:51:43,9.4,0.0,10,9400,买盘
290,09:51:46,9.4,0.0,33,31020,买盘
291,09:51:52,9.41,0.01,11,10351,买盘
292,09:51:55,9.41,0.0,2,1882,买盘
293,09:51:58,9.41,0.0,22,20702,卖盘
294,09:52:01,9.41,0.0,10,9410,卖盘
295,09:52:04,9.4,-0.01,10,9401,卖盘
296,09:52:07,9.41,0.01,45,42345,中性盘
297,09:52:10,9.43,0.02,10,9430,买盘
298,09:52:13,9.41,-0.02,10,9410,卖盘
299,09:52:19,9.43,0.02,22,20746,买盘
300,09:52:28,9.41,-0.02,7,6587,卖盘
301,09:52:37,9.4,-0.01,350,329040,卖盘
302,09:52:40,9.4,0.0,1,940,买盘
303,09:52:43,9.42,0.02,30,28250,买盘
304,09:52:46,9.4,-0.02,49,46069,卖盘
305,09:53:07,9.41,0.01,15,14115,卖盘
306,09:53:13,9.41,0.0,11,10351,买盘
307,09:53:19,9.41,0.0,83,78103,买盘
308,09:53:25,9.4,-0.01,30,28217,卖盘
309,09:53:37,9.42,0.02,1,942,买盘
310,09:53:49,9.42,0.0,10,9420,买盘
311,09:53:52,9.42,0.0,4,3768,买盘
312,09:54:01,9.41,-0.01,5,4705,卖盘
313,09:54:07,9.41,0.0,44,41404,卖盘
314,09:54:10,9.41,0.0,2,1882,卖盘
315,09:54:13,9.42,0.01,20,18840,买盘
316,09:54:16,9.42,0.0,10,9420,买盘
317,09:54:19,9.42,0.0,20,18840,买盘
318,09:54:22,9.42,0.0,5,4710,买盘
319,09:54:25,9.42,0.0,1,942,买盘
320,09:54:28,9.42,0.0,19,17898,买盘
321,09:54:31,9.41,-0.01,3,2825,卖盘
322,09:54:34,9.41,0.0,4,3764,卖盘
323,09:54:37,9.42,0.01,5,4710,中性盘
324,09:54:46,9.41,-0.01,33,31053,卖盘
325,09:54:49,9.42,0.01,3,2826,买盘
326,09:54:52,9.41,-0.01,4,3766,卖盘
327,09:55:07,9.4,-0.01,42,39501,卖盘
328,09:55:13,9.4,0.0,183,172020,卖盘
329,09:55:16,9.41,0.01,5,4705,买盘
330,09:55:25,9.4,-0.01,39,36660,卖盘
331,09:55:34,9.4,0.0,84,78960,卖盘
332,09:55:37,9.4,0.0,142,133480,卖盘
333,09:55:40,9.41,0.01,5,4705,买盘
334,09:55:43,9.4,-0.01,32,30080,卖盘
335,09:55:46,9.41,0.01,118,111038,买盘
336,09:55:52,9.41,0.0,5,4705,买盘
337,09:55:58,9.4,-0.01,10,9400,卖盘
338,09:56:01,9.4,0.0,1,940,卖盘
339,09:56:04,9.4,0.0,15,14100,卖盘
340,09:56:07,9.4,0.0,39,36660,卖盘
341,09:56:22,9.4,0.0,7,6580,买盘
342,09:56:25,9.4,0.0,5,4700,卖盘
343,09:56:40,9.4,0.0,62,58280,卖盘
344,09:56:46,9.4,0.0,20,18800,买盘
345,09:56:55,9.4,0.0,60,56400,买盘
346,09:57:01,9.4,0.0,1,940,买盘
347,09:57:04,9.4,0.0,10,9400,买盘
348,09:57:07,9.39,-0.01,34,31926,卖盘
349,09:57:09,9.4,0.01,51,47940,买盘
350,09:57:13,9.4,0.0,7,6579,买盘
351,09:57:16,9.4,0.0,4,3760,买盘
352,09:57:19,9.31,-0.09,1000,936090,卖盘
353,09:57:22,9.4,0.09,34,31950,买盘
354,09:57:43,9.35,-0.05,10,9350,卖盘
355,09:57:46,9.38,0.03,10,9362,买盘
356,09:57:57,9.33,-0.05,56,52296,卖盘
357,09:58:04,9.37,0.04,1,937,买盘
358,09:58:07,9.35,-0.02,35,32725,卖盘
359,09:58:10,9.35,0.0,3,2805,买盘
360,09:58:16,9.36,0.01,19,17784,卖盘
361,09:58:25,9.37,0.01,10,9370,买盘
362,09:58:28,9.37,0.0,15,14055,买盘
363,09:58:31,9.37,0.0,4,3748,卖盘
364,09:58:49,9.37,0.0,65,60905,卖盘
365,09:58:52,9.38,0.01,5,4690,买盘
366,09:58:58,9.37,-0.01,12,11244,卖盘
367,09:59:04,9.38,0.01,30,28140,买盘
368,09:59:07,9.37,-0.01,28,26236,卖盘
369,09:59:09,9.38,0.01,24,22500,买盘
370,09:59:16,9.37,-0.01,98,91696,中性盘
371,09:59:22,9.36,-0.01,1,936,买盘
372,09:59:25,9.36,0.0,46,43056,买盘
373,09:59:27,9.36,0.0,4,3164,买盘
374,09:59:31,9.36,0.0,22,20592,卖盘
375,09:59:43,9.35,-0.01,100,93532,卖盘
376,09:59:49,9.39,0.04,200,187787,买盘
377,10:00:04,9.41,0.02,200,188004,买盘
378,10:00:07,9.38,-0.03,83,77854,卖盘
379,10:00:09,9.39,0.01,10,9390,买盘
380,10:00:19,9.39,0.0,1,939,买盘
381,10:00:22,9.39,0.0,2,1878,买盘
382,10:00:25,9.39,0.0,116,108917,买盘
383,10:00:28,9.39,0.0,12,11268,买盘
384,10:00:31,9.37,-0.02,5,4685,卖盘
385,10:00:34,9.39,0.02,1,939,中性盘
386,10:00:46,9.37,-0.02,14,13142,卖盘
387,10:00:55,9.38,0.01,5,4690,中性盘
388,10:01:01,9.38,0.0,19,17822,卖盘
389,10:01:04,9.43,0.05,317,298481,买盘
390,10:01:13,9.38,-0.05,1,938,买盘
391,10:01:16,9.38,0.0,5,4690,买盘
392,10:01:28,9.38,0.0,6,5628,买盘
393,10:01:31,9.38,0.0,10,9380,买盘
394,10:01:34,9.37,-0.01,10,9370,卖盘
395,10:01:40,9.37,0.0,12,11255,卖盘
396,10:01:42,9.37,0.0,2,1874,卖盘
397,10:01:45,9.38,0.01,5,4687,买盘
398,10:01:52,9.37,-0.01,31,29055,卖盘
399,10:02:01,9.37,0.0,7,6559,买盘
400,10:02:07,9.36,-0.01,33,30888,卖盘
401,10:02:19,9.37,0.01,102,95574,买盘
402,10:02:31,9.38,0.01,5,4690,买盘
403,10:02:36,9.38,0.0,50,46900,买盘
404,10:02:40,9.38,0.0,2,1876,买盘
405,10:02:42,9.38,0.0,10,9372,买盘
406,10:02:58,9.38,0.0,135,126500,买盘
407,10:03:04,9.38,0.0,24,22512,买盘
408,10:03:07,9.37,-0.01,37,34670,卖盘
409,10:03:10,9.38,0.01,11,10318,买盘
410,10:03:13,9.3,-0.08,1980,1846063,卖盘
411,10:03:16,9.3,0.0,89,82373,买盘
412,10:03:28,9.31,0.01,26,24560,卖盘
413,10:03:31,9.31,0.0,9,8379,买盘
414,10:03:34,9.31,0.0,12,11172,买盘
415,10:03:37,9.31,0.0,35,32585,买盘
416,10:03:40,9.31,0.0,53,48989,买盘
417,10:03:43,9.31,0.0,1,1285,卖盘
418,10:03:45,9.31,0.0,11,9887,买盘
419,10:03:55,9.31,0.0,2,1862,卖盘
420,10:04:04,9.34,0.03,2,1868,买盘
421,10:04:07,9.31,-0.03,41,38173,卖盘
422,10:04:10,9.35,0.04,32,29914,买盘
423,10:04:13,9.35,0.0,3,2805,卖盘
424,10:04:16,9.35,0.0,6,5610,卖盘
425,10:04:34,9.35,0.0,10,9350,卖盘
426,10:04:37,9.35,0.0,64,59851,卖盘
427,10:04:40,9.35,0.0,91,85085,卖盘
428,10:04:43,9.35,0.0,59,55165,卖盘
429,10:04:46,9.35,0.0,79,73866,卖盘
430,10:04:49,9.35,0.0,9,8415,卖盘
431,10:04:52,9.35,0.0,11,10285,卖盘
432,10:04:58,9.35,0.0,1,935,卖盘
433,10:05:00,9.35,0.0,19,17765,卖盘
434,10:05:04,9.35,0.0,10,9350,卖盘
435,10:05:06,9.35,0.0,93,86955,卖盘
436,10:05:09,9.35,0.0,23,21515,卖盘
437,10:05:13,9.35,0.0,23,21506,卖盘
438,10:05:28,9.34,-0.01,40,37380,卖盘
439,10:05:46,9.32,-0.02,30,27981,卖盘
440,10:05:49,9.33,0.01,5,4665,中性盘
441,10:05:55,9.34,0.01,14,13076,买盘
442,10:05:58,9.33,-0.01,22,20526,卖盘
443,10:06:04,9.33,0.0,25,23325,买盘
444,10:06:07,9.32,-0.01,37,34484,卖盘
445,10:06:10,9.33,0.01,6,5598,买盘
446,10:06:13,9.33,0.0,6,5598,买盘
447,10:06:19,9.33,0.0,1,933,卖盘
448,10:06:21,9.34,0.01,42,39228,买盘
449,10:06:28,9.35,0.01,2,1870,买盘
450,10:06:34,9.35,0.0,15,14025,买盘
451,10:06:36,9.34,-0.01,40,37360,卖盘
452,10:06:43,9.35,0.01,3,2805,买盘
453,10:06:46,9.35,0.0,3,2805,买盘
454,10:06:52,9.35,0.0,15,14025,买盘
455,10:06:57,9.35,0.0,12,11220,买盘
456,10:07:04,9.35,0.0,5,4675,买盘
457,10:07:07,9.34,-0.01,34,31756,卖盘
458,10:07:09,9.34,0.0,125,116760,卖盘
459,10:07:13,9.36,0.02,116,108540,买盘
460,10:07:15,9.36,0.0,1,936,买盘
461,10:07:22,9.34,-0.02,90,84124,卖盘
462,10:07:34,9.35,0.01,2,1870,卖盘
463,10:07:37,9.35,0.0,19,17765,卖盘
464,10:07:46,9.35,0.0,4,3740,买盘
465,10:07:52,9.35,0.0,93,86955,买盘
466,10:08:01,9.34,-0.01,70,65397,卖盘
467,10:08:07,9.34,0.0,15,14010,卖盘
468,10:08:22,9.34,0.0,3,2802,买盘
469,10:08:25,9.33,-0.01,33,30789,卖盘
470,10:08:28,9.34,0.01,17,15878,买盘
471,10:08:37,9.34,0.0,3,2802,卖盘
472,10:08:40,9.35,0.01,1,935,买盘
473,10:08:49,9.35,0.0,5,4675,买盘
474,10:09:07,9.34,-0.01,39,36426,卖盘
475,10:09:13,9.35,0.01,32,29920,买盘
476,10:09:19,9.34,-0.01,6,5604,卖盘
477,10:09:25,9.35,0.01,60,56100,买盘
478,10:09:28,9.35,0.0,4,3740,买盘
479,10:09:31,9.35,0.0,4,3740,买盘
480,10:09:34,9.35,0.0,60,56100,买盘
481,10:09:46,9.36,0.01,10,9360,买盘
482,10:09:52,9.36,0.0,164,153504,买盘
483,10:10:01,9.36,0.0,10,9360,买盘
484,10:10:06,9.35,-0.01,36,33660,卖盘
485,10:10:10,9.36,0.01,100,93600,买盘
486,10:10:16,9.36,0.0,78,73008,买盘
487,10:10:19,9.36,0.0,37,34632,买盘
488,10:10:30,9.37,0.01,1,937,买盘
489,10:10:34,9.37,0.0,1,937,中性盘
490,10:10:49,9.37,0.0,6,5622,买盘
491,10:10:57,9.38,0.01,8,7504,买盘
492,10:11:04,9.38,0.0,2,1876,买盘
493,10:11:07,9.37,-0.01,37,34669,卖盘
494,10:11:16,9.39,0.02,3,2815,买盘
495,10:11:25,9.39,0.0,1,939,买盘
496,10:11:37,9.38,-0.01,1,938,卖盘
497,10:11:43,9.38,0.0,1,938,卖盘
498,10:11:46,9.38,0.0,1,938,卖盘
499,10:11:55,9.38,0.0,10,9380,买盘
500,10:11:57,9.38,0.0,5,4690,买盘
501,10:12:01,9.38,0.0,4,3752,买盘
502,10:12:07,9.37,-0.01,33,30921,卖盘
503,10:12:16,9.37,0.0,1,937,卖盘
504,10:12:21,9.38,0.01,2,1876,买盘
505,10:12:24,9.37,-0.01,29,27173,卖盘
506,10:12:40,9.36,-0.01,2,1872,卖盘
507,10:12:45,9.38,0.02,211,197838,买盘
508,10:12:51,9.4,0.02,265,248796,买盘
509,10:12:58,9.37,-0.03,4,3748,卖盘
510,10:13:01,9.36,-0.01,2,1872,卖盘
511,10:13:06,9.36,0.0,34,31824,卖盘
512,10:13:10,9.36,0.0,18,16848,卖盘
513,10:13:16,9.37,0.01,1,937,买盘
514,10:13:19,9.36,-0.01,4,3744,卖盘
515,10:13:22,9.36,0.0,2,1872,卖盘
516,10:13:30,9.37,0.01,3,2811,买盘
517,10:13:40,9.37,0.0,1,937,买盘
518,10:13:42,9.36,-0.01,10,9360,卖盘
519,10:13:45,9.35,-0.01,4,3740,卖盘
520,10:13:49,9.36,0.01,32,29952,买盘
521,10:13:52,9.36,0.0,18,16848,买盘
522,10:14:01,9.36,0.0,81,75809,买盘
523,10:14:04,9.35,-0.01,104,97240,卖盘
524,10:14:06,9.34,-0.01,3,2802,卖盘
525,10:14:13,9.34,0.0,72,67264,卖盘
526,10:14:22,9.34,0.0,90,84096,卖盘
527,10:14:24,9.33,-0.01,5,4665,卖盘
528,10:14:31,9.35,0.02,36,33660,买盘
529,10:14:34,9.35,0.0,66,61710,买盘
530,10:14:37,9.35,0.0,30,28050,卖盘
531,10:14:42,9.36,0.01,21,19656,买盘
532,10:14:46,9.36,0.0,5,4680,买盘
533,10:14:51,9.36,0.0,227,212256,买盘
534,10:15:01,9.37,0.01,157,146879,买盘
535,10:15:07,9.35,-0.02,37,34595,卖盘
536,10:15:10,9.35,0.0,9,8415,卖盘
537,10:15:13,9.35,0.0,52,48730,卖盘
538,10:15:16,9.38,0.03,1,938,买盘
539,10:15:22,9.39,0.01,10,9383,买盘
540,10:15:25,9.38,-0.01,5,4684,中性盘
541,10:15:28,9.38,0.0,32,30028,卖盘
542,10:15:31,9.38,0.0,13,12194,买盘
543,10:15:33,9.38,0.0,25,23378,买盘
544,10:15:37,9.38,0.0,5,4690,买盘
545,10:15:40,9.35,-0.03,17,15895,卖盘
546,10:15:43,9.37,0.02,27,25273,买盘
547,10:15:52,9.38,0.01,10,9380,买盘
548,10:15:58,9.35,-0.03,69,64535,卖盘
549,10:16:01,9.35,0.0,2,1870,买盘
550,10:16:04,9.35,0.0,31,28985,买盘
551,10:16:06,9.34,-0.01,36,33657,卖盘
552,10:16:13,9.37,0.03,20,18740,买盘
553,10:16:22,9.37,0.0,25,23401,买盘
554,10:16:31,9.37,0.0,10,9365,买盘
555,10:16:33,9.37,0.0,1,937,买盘
556,10:16:43,9.37,0.0,2,1874,买盘
557,10:16:48,9.37,0.0,8,7496,买盘
558,10:17:01,9.37,0.0,52,48674,买盘
559,10:17:07,9.36,-0.01,20,18728,卖盘
560,10:17:13,9.35,-0.01,41,38345,卖盘
561,10:17:15,9.34,-0.01,91,85006,卖盘
562,10:17:22,9.34,0.0,12,11208,买盘
563,10:17:28,9.34,0.0,10,9340,买盘
564,10:17:31,9.35,0.01,24,22437,买盘
565,10:17:43,9.35,0.0,7,6545,买盘
566,10:17:48,9.34,-0.01,13,12142,卖盘
567,10:17:52,9.34,0.0,2,1868,买盘
568,10:17:55,9.34,0.0,2,1867,买盘
569,10:18:01,9.34,0.0,3,2802,买盘
570,10:18:04,9.34,0.0,30,28020,买盘
571,10:18:07,9.33,-0.01,57,53221,卖盘
572,10:18:13,9.34,0.01,7,6538,买盘
573,10:18:19,9.33,-0.01,1,933,卖盘
574,10:18:22,9.35,0.02,13,12155,买盘
575,10:18:30,9.35,0.0,13,12155,买盘
576,10:18:40,9.33,-0.02,7,6531,卖盘
577,10:18:43,9.33,0.0,22,20530,卖盘
578,10:18:52,9.35,0.02,6,5610,买盘
579,10:19:01,9.35,0.0,146,136230,买盘
580,10:19:04,9.35,0.0,2,1870,买盘
581,10:19:13,9.33,-0.02,109,101727,卖盘
582,10:19:16,9.33,0.0,10,9330,买盘
583,10:19:28,9.32,-0.01,63,58736,卖盘
584,10:19:31,9.33,0.01,24,22392,买盘
585,10:19:43,9.33,0.0,17,15861,买盘
586,10:19:46,9.32,-0.01,230,214779,卖盘
587,10:19:49,9.33,0.01,10,9330,买盘
588,10:19:52,9.33,0.0,4,3732,买盘
589,10:19:54,9.32,-0.01,23,21017,卖盘
590,10:19:58,9.32,0.0,4,3728,买盘
591,10:20:04,9.32,0.0,48,44736,买盘
592,10:20:07,9.31,-0.01,106,98686,卖盘
593,10:20:10,9.32,0.01,25,23719,买盘
594,10:20:12,9.34,0.02,15,13999,买盘
595,10:20:22,9.37,0.03,41,38337,买盘
596,10:20:31,9.32,-0.05,50,46669,卖盘
597,10:20:34,9.36,0.04,8,7488,买盘
598,10:20:42,9.32,-0.04,48,44799,卖盘
599,10:20:52,9.34,0.02,10,9340,买盘
600,10:21:04,9.32,-0.02,152,141668,卖盘
601,10:21:07,9.31,-0.01,113,105257,卖盘
602,10:21:13,9.32,0.01,30,27960,买盘
603,10:21:18,9.32,0.0,8,7456,买盘
604,10:21:22,9.31,-0.01,43,40033,卖盘
605,10:21:24,9.34,0.03,29,27078,买盘
606,10:21:34,9.34,0.0,66,61533,买盘
607,10:21:43,9.34,0.0,13,12142,买盘
608,10:21:54,9.34,0.0,3,2802,买盘
609,10:22:04,9.32,-0.02,2,1864,卖盘
610,10:22:06,9.32,0.0,41,38212,卖盘
611,10:22:10,9.32,0.0,10,9320,买盘
612,10:22:13,9.32,0.0,1,932,买盘
613,10:22:16,9.32,0.0,2,1864,买盘
614,10:22:22,9.32,0.0,10,9320,买盘
615,10:22:28,9.32,0.0,3,2796,买盘
616,10:22:34,9.32,0.0,3,2796,买盘
617,10:22:43,9.34,0.02,2,1866,买盘
618,10:22:58,9.32,-0.02,81,75492,卖盘
619,10:23:07,9.31,-0.01,34,31654,卖盘
620,10:23:13,9.32,0.01,16,14912,买盘
621,10:23:16,9.33,0.01,7,6525,买盘
622,10:23:22,9.34,0.01,12,11204,买盘
623,10:23:34,9.34,0.0,4,3736,买盘
624,10:23:43,9.34,0.0,1,934,买盘
625,10:23:58,9.34,0.0,10,9340,买盘
626,10:24:07,9.33,-0.01,36,33588,卖盘
627,10:24:10,9.34,0.01,10,9340,买盘
628,10:24:13,9.34,0.0,7,6538,买盘
629,10:24:16,9.33,-0.01,127,118491,卖盘
630,10:24:22,9.33,0.0,65,60645,卖盘
631,10:24:34,9.33,0.0,38,35454,买盘
632,10:24:43,9.33,0.0,18,16794,买盘
633,10:24:49,9.33,0.0,3,2799,买盘
634,10:24:52,9.33,0.0,19,17727,买盘
635,10:25:04,9.33,0.0,5,4665,买盘
636,10:25:07,9.32,-0.01,36,33552,卖盘
637,10:25:09,9.32,0.0,3,2796,买盘
638,10:25:13,9.32,0.0,17,15843,买盘
639,10:25:15,9.32,0.0,96,89381,买盘
640,10:25:19,9.32,0.0,1,932,买盘
641,10:25:22,9.32,0.0,16,14912,买盘
642,10:25:28,9.32,0.0,23,21436,买盘
643,10:25:31,9.31,-0.01,97,90384,卖盘
644,10:25:34,9.32,0.01,25,23299,买盘
645,10:25:40,9.31,-0.01,39,36309,卖盘
646,10:25:43,9.32,0.01,29,27028,买盘
647,10:25:52,9.32,0.0,66,61512,买盘
648,10:26:01,9.32,0.0,4,3728,买盘
649,10:26:04,9.32,0.0,42,39138,买盘
650,10:26:10,9.32,0.0,18,16776,买盘
651,10:26:13,9.32,0.0,22,20492,买盘
652,10:26:19,9.32,0.0,10,9320,买盘
653,10:26:21,9.32,0.0,8,7456,买盘
654,10:26:34,9.32,0.0,3,2796,买盘
655,10:26:37,9.31,-0.01,66,61446,卖盘
656,10:26:40,9.3,-0.01,148,137671,卖盘
657,10:26:46,9.31,0.01,3,2793,买盘
658,10:26:52,9.3,-0.01,26,24180,卖盘
659,10:26:55,9.31,0.01,44,40964,买盘
660,10:26:58,9.31,0.0,50,46550,买盘
661,10:27:04,9.32,0.01,24,22346,买盘
662,10:27:10,9.3,-0.02,31,28830,卖盘
663,10:27:13,9.32,0.02,40,37220,买盘
664,10:27:15,9.3,-0.02,147,136710,卖盘
665,10:27:19,9.32,0.02,1,932,买盘
666,10:27:25,9.3,-0.02,49,45653,卖盘
667,10:27:28,9.3,0.0,1,930,卖盘
668,10:27:34,9.29,-0.01,540,502193,卖盘
669,10:27:37,9.3,0.01,24,22306,中性盘
670,10:27:40,9.3,0.0,48,44640,买盘
671,10:27:43,9.3,0.0,206,191018,买盘
672,10:27:46,9.26,-0.04,413,383253,卖盘
673,10:27:49,9.26,0.0,9,8334,卖盘
674,10:27:52,9.26,0.0,61,56496,卖盘
675,10:27:55,9.25,-0.01,141,130654,卖盘
676,10:27:58,9.26,0.01,38,35218,卖盘
677,10:28:01,9.25,-0.01,123,113809,卖盘
678,10:28:04,9.3,0.05,150,139331,买盘
679,10:28:07,9.26,-0.04,45,41670,卖盘
680,10:28:10,9.26,0.0,55,50930,买盘
681,10:28:13,9.3,0.04,89,82602,买盘
682,10:28:25,9.29,-0.01,48,44571,买盘
683,10:28:28,9.27,-0.02,9,8343,中性盘
684,10:28:31,9.26,-0.01,159,147234,卖盘
685,10:28:34,9.27,0.01,24,22248,买盘
686,10:28:37,9.26,-0.01,49,45374,卖盘
687,10:28:40,9.26,0.0,20,18520,买盘
688,10:28:43,9.27,0.01,51,47258,买盘
689,10:28:52,9.26,-0.01,5,4630,卖盘
690,10:28:55,9.26,0.0,524,484724,买盘
691,10:28:58,9.26,0.0,11,10186,买盘
692,10:29:01,9.26,0.0,26,24070,买盘
693,10:29:04,9.25,-0.01,13,12026,卖盘
694,10:29:13,9.26,0.01,142,131441,买盘
695,10:29:25,9.26,0.0,31,28706,买盘
696,10:29:28,9.25,-0.01,10,9250,卖盘
697,10:29:31,9.26,0.01,168,155735,买盘
698,10:29:34,9.27,0.01,7,6489,买盘
699,10:29:37,9.26,-0.01,84,77812,卖盘
700,10:29:40,9.26,0.0,99,91674,卖盘
701,10:29:43,9.29,0.03,37,34363,买盘
702,10:29:49,9.27,-0.02,8,7416,卖盘
703,10:29:55,9.28,0.01,44,40832,买盘
704,10:30:04,9.27,-0.01,46,42652,卖盘
705,10:30:13,9.27,0.0,9,8343,买盘
706,10:30:16,9.27,0.0,20,18540,买盘
707,10:30:25,9.27,0.0,6,5562,买盘
708,10:30:37,9.26,-0.01,72,66530,卖盘
709,10:30:43,9.26,0.0,5,4630,买盘
710,10:30:46,9.26,0.0,1,926,买盘
711,10:30:52,9.25,-0.01,86,79550,卖盘
712,10:30:55,9.26,0.01,16,14813,买盘
713,10:31:01,9.26,0.0,5,4630,买盘
714,10:31:05,9.27,0.01,21,19633,买盘
715,10:31:13,9.25,-0.02,5,4627,卖盘
716,10:31:16,9.27,0.02,5,4635,买盘
717,10:31:19,9.25,-0.02,11,10177,卖盘
718,10:31:25,9.27,0.02,2,1854,买盘
719,10:31:28,9.27,0.0,5,4635,买盘
720,10:31:34,9.25,-0.02,20,18506,卖盘
721,10:31:37,9.25,0.0,66,61050,卖盘
722,10:31:46,9.27,0.02,18,16686,买盘
723,10:31:49,9.27,0.0,5,4635,买盘
724,10:31:54,9.27,0.0,4,3708,买盘
725,10:32:01,9.26,-0.01,6,5556,卖盘
726,10:32:04,9.26,0.0,1,926,买盘
727,10:32:07,9.26,0.0,10,9260,买盘
728,10:32:13,9.26,0.0,12,11112,买盘
729,10:32:16,9.26,0.0,1,926,买盘
730,10:32:19,9.25,-0.01,5,4625,卖盘
731,10:32:25,9.26,0.01,4,3704,买盘
732,10:32:34,9.26,0.0,101,93427,买盘
733,10:32:37,9.25,-0.01,49,45168,卖盘
734,10:32:43,9.25,0.0,31,28675,买盘
735,10:32:55,9.24,-0.01,36,33290,卖盘
736,10:33:04,9.25,0.01,7,6475,买盘
737,10:33:09,9.24,-0.01,85,78540,卖盘
738,10:33:16,9.25,0.01,58,53806,买盘
739,10:33:19,9.26,0.01,1,926,买盘
740,10:33:22,9.25,-0.01,8,7234,卖盘
741,10:33:24,9.26,0.01,64,59228,买盘
742,10:33:34,9.25,-0.01,14,12950,买盘
743,10:33:46,9.25,0.0,3,2775,买盘
744,10:33:55,9.26,0.01,1,926,买盘
745,10:34:09,9.25,-0.01,12,11100,卖盘
746,10:34:24,9.26,0.01,2,1852,买盘
747,10:34:27,9.25,-0.01,2,1850,卖盘
748,10:34:37,9.25,0.0,35,32386,卖盘
749,10:34:45,9.25,0.0,7,6475,买盘
750,10:34:48,9.24,-0.01,11,10164,卖盘
751,10:34:52,9.24,0.0,45,41580,卖盘
752,10:34:55,9.24,0.0,103,95092,买盘
753,10:35:01,9.24,0.0,14,12932,买盘
754,10:35:04,9.23,-0.01,1,923,卖盘
755,10:35:07,9.23,0.0,31,28642,卖盘
756,10:35:10,9.24,0.01,15,13860,买盘
757,10:35:16,9.24,0.0,20,18470,买盘
758,10:35:25,9.24,0.0,26,24005,买盘
759,10:35:37,9.24,0.0,5,4620,买盘
760,10:35:40,9.23,-0.01,1,923,卖盘
761,10:35:51,9.23,0.0,2,1846,买盘
762,10:35:54,9.24,0.01,116,107127,买盘
763,10:35:58,9.22,-0.02,110,101425,卖盘
764,10:36:04,9.22,0.0,8,7376,卖盘
765,10:36:07,9.22,0.0,46,42412,买盘
766,10:36:09,9.21,-0.01,3,2763,卖盘
767,10:36:16,9.21,0.0,27,24890,卖盘
768,10:36:22,9.21,0.0,8,7371,卖盘
769,10:36:25,9.22,0.01,15,13830,买盘
770,10:36:34,9.22,0.0,66,60841,买盘
771,10:36:37,9.22,0.0,149,137253,买盘
772,10:36:43,9.22,0.0,64,59008,卖盘
773,10:36:46,9.22,0.0,138,127281,卖盘
774,10:36:49,9.24,0.02,1,924,买盘
775,10:36:52,9.24,0.0,10,9240,卖盘
776,10:36:55,9.23,-0.01,40,36920,买盘
777,10:37:04,9.23,0.0,12,11076,中性盘
778,10:37:07,9.25,0.02,11,10174,买盘
779,10:37:16,9.22,-0.03,122,112504,卖盘
780,10:37:18,9.22,0.0,11,10142,买盘
781,10:37:25,9.22,0.0,27,24894,买盘
782,10:37:37,9.22,0.0,17,15674,买盘
783,10:37:46,9.22,0.0,111,102264,买盘
784,10:37:49,9.22,0.0,3,2766,买盘
785,10:37:52,9.22,0.0,127,117094,买盘
786,10:37:55,9.23,0.01,22,20294,买盘
787,10:37:58,9.21,-0.02,150,138150,卖盘
788,10:38:01,9.22,0.01,22,20264,买盘
789,10:38:07,9.24,0.02,48,44333,买盘
790,10:38:13,9.24,0.0,12,11088,卖盘
791,10:38:16,9.24,0.0,14,12936,买盘
792,10:38:25,9.24,0.0,11,10152,买盘
793,10:38:28,9.24,0.0,40,36900,买盘
794,10:38:31,9.24,0.0,63,58212,买盘
795,10:38:37,9.24,0.0,126,116427,卖盘
796,10:38:40,9.24,0.0,41,37884,卖盘
797,10:38:46,9.24,0.0,20,18480,买盘
798,10:38:52,9.24,0.0,34,31416,买盘
799,10:38:55,9.25,0.01,38,35125,买盘
800,10:39:04,9.23,-0.02,31,28613,卖盘
801,10:39:07,9.23,0.0,24,22152,买盘
802,10:39:13,9.23,0.0,5,4615,买盘
803,10:39:15,9.23,0.0,32,29536,买盘
804,10:39:19,9.23,0.0,1,923,买盘
805,10:39:22,9.23,0.0,6,5538,买盘
806,10:39:25,9.23,0.0,4,3692,卖盘
807,10:39:28,9.23,0.0,7,6461,买盘
808,10:39:31,9.23,0.0,2,1846,买盘
809,10:39:37,9.24,0.01,10,9233,买盘
810,10:39:46,9.24,0.0,3,2772,买盘
811,10:39:58,9.24,0.0,1,924,买盘
812,10:40:01,9.24,0.0,34,31416,买盘
813,10:40:04,9.24,0.0,5,4620,卖盘
814,10:40:16,9.25,0.01,8,7400,买盘
815,10:40:22,9.25,0.0,5,4625,买盘
816,10:40:25,9.25,0.0,5,4625,买盘
817,10:40:28,9.25,0.0,2,1850,买盘
818,10:40:34,9.25,0.0,30,27750,买盘
819,10:40:37,9.24,-0.01,52,48050,卖盘
820,10:40:46,9.25,0.01,31,28660,买盘
821,10:40:49,9.23,-0.02,5,4615,卖盘
822,10:40:58,9.23,0.0,103,95114,卖盘
823,10:41:04,9.25,0.02,5,4621,买盘
824,10:41:07,9.25,0.0,1,925,买盘
825,10:41:10,9.22,-0.03,60,55342,卖盘
826,10:41:16,9.25,0.03,33,30525,买盘
827,10:41:19,9.25,0.0,1,925,买盘
828,10:41:28,9.23,-0.02,39,35997,卖盘
829,10:41:31,9.23,0.0,38,35074,买盘
830,10:41:36,9.25,0.02,8,7400,买盘
831,10:41:45,9.25,0.0,9,8325,买盘
832,10:41:55,9.24,-0.01,6,5544,卖盘
833,10:41:58,9.25,0.01,2,1850,买盘
834,10:42:04,9.25,0.0,20,18500,买盘
835,10:42:07,9.25,0.0,2,1850,买盘
836,10:42:16,9.25,0.0,5,4625,买盘
837,10:42:22,9.25,0.0,21,19425,买盘
838,10:42:25,9.25,0.0,221,204425,买盘
839,10:42:28,9.26,0.01,246,227963,买盘
840,10:42:37,9.26,0.0,168,155669,卖盘
841,10:42:46,9.28,0.02,49,45436,买盘
842,10:42:52,9.28,0.0,10,9280,买盘
843,10:42:58,9.28,0.0,10,9280,买盘
844,10:43:04,9.28,0.0,16,14848,买盘
845,10:43:07,9.28,0.0,33,30624,买盘
846,10:43:16,9.28,0.0,28,26003,买盘
847,10:43:18,9.29,0.01,1,929,买盘
848,10:43:28,9.29,0.0,13,12077,买盘
849,10:43:31,9.29,0.0,2,1858,买盘
850,10:43:37,9.29,0.0,18,16724,卖盘
851,10:43:40,9.29,0.0,13,12077,买盘
852,10:43:43,9.29,0.0,85,78901,买盘
853,10:43:46,9.29,0.0,4,3716,买盘
854,10:43:52,9.29,0.0,10,9290,买盘
855,10:43:57,9.3,0.01,21,19517,买盘
856,10:44:04,9.29,-0.01,4,3716,卖盘
857,10:44:07,9.3,0.01,2,1860,买盘
858,10:44:10,9.3,0.0,95,88350,买盘
859,10:44:16,9.31,0.01,15,13955,买盘
860,10:44:19,9.3,-0.01,60,55800,卖盘
861,10:44:28,9.3,0.0,22,20460,买盘
862,10:44:36,9.29,-0.01,79,73407,卖盘
863,10:44:46,9.3,0.01,16,14880,买盘
864,10:44:58,9.3,0.0,23,21390,买盘
865,10:45:04,9.3,0.0,85,79050,买盘
866,10:45:07,9.29,-0.01,79,73406,卖盘
867,10:45:19,9.31,0.02,38,35377,买盘
868,10:45:27,9.31,0.0,7,6517,买盘
869,10:45:37,9.29,-0.02,68,63174,卖盘
870,10:45:49,9.29,0.0,23,21380,卖盘
871,10:45:51,9.29,0.0,2,1859,卖盘
872,10:45:58,9.3,0.01,5,4650,买盘
873,10:46:01,9.3,0.0,16,14870,买盘
874,10:46:04,9.29,-0.01,4,3716,卖盘
875,10:46:07,9.3,0.01,1,930,买盘
876,10:46:10,9.28,-0.02,63,58523,卖盘
877,10:46:16,9.28,0.0,2,1856,卖盘
878,10:46:19,9.3,0.02,17,15810,买盘
879,10:46:27,9.3,0.0,4,3720,买盘
880,10:46:37,9.3,0.0,1,930,买盘
881,10:46:40,9.28,-0.02,64,59392,卖盘
882,10:46:48,9.3,0.02,13,12090,买盘
883,10:46:58,9.28,-0.02,8,7426,卖盘
884,10:47:07,9.3,0.02,2,1860,买盘
885,10:47:10,9.28,-0.02,2,1856,卖盘
886,10:47:16,9.28,0.0,3,2784,卖盘
887,10:47:19,9.28,0.0,6,5551,卖盘
888,10:47:27,9.26,-0.02,554,512960,卖盘
889,10:47:37,9.25,-0.01,126,116660,卖盘
890,10:47:49,9.25,0.0,26,24050,买盘
891,10:47:51,9.25,0.0,5,4625,买盘
892,10:47:54,9.26,0.01,100,92582,买盘
893,10:47:58,9.26,0.0,5,4630,买盘
894,10:48:07,9.26,0.0,22,20372,买盘
895,10:48:16,9.25,-0.01,21,19425,卖盘
896,10:48:18,9.26,0.01,4,3704,买盘
897,10:48:25,9.25,-0.01,13,12025,卖盘
898,10:48:28,9.26,0.01,5,4630,买盘
899,10:48:34,9.26,0.0,53,49078,买盘
900,10:48:37,9.26,0.0,4,3704,买盘
901,10:48:40,9.25,-0.01,107,99017,卖盘
902,10:48:43,9.26,0.01,53,49078,买盘
903,10:48:46,9.26,0.0,53,49078,买盘
904,10:48:49,9.26,0.0,41,38133,买盘
905,10:48:58,9.3,0.04,51,47414,买盘
906,10:49:07,9.29,-0.01,10,9290,买盘
907,10:49:16,9.26,-0.03,48,44448,卖盘
908,10:49:19,9.29,0.03,40,37088,买盘
909,10:49:27,9.29,0.0,18,16722,买盘
910,10:49:31,9.26,-0.03,15,13890,卖盘
911,10:49:37,9.28,0.02,3,2784,中性盘
912,10:49:40,9.26,-0.02,66,61116,卖盘
913,10:49:49,9.26,0.0,217,200976,卖盘
914,10:49:55,9.25,-0.01,10,9250,卖盘
915,10:49:58,9.26,0.01,20,18520,买盘
916,10:50:04,9.26,0.0,1,926,买盘
917,10:50:07,9.29,0.03,39,36135,买盘
918,10:50:12,9.29,0.0,21,19509,卖盘
919,10:50:19,9.29,0.0,8,7432,买盘
920,10:50:28,9.28,-0.01,5,4640,买盘
921,10:50:37,9.28,0.0,1,928,买盘
922,10:50:40,9.25,-0.03,27,25000,卖盘
923,10:50:49,9.26,0.01,1,926,买盘
924,10:50:58,9.26,0.0,113,104530,买盘
925,10:51:01,9.25,-0.01,9,8333,卖盘
926,10:51:04,9.25,0.0,8,7400,卖盘
927,10:51:07,9.25,0.0,110,101665,买盘
928,10:51:10,9.25,0.0,7,6475,买盘
929,10:51:18,9.26,0.01,25,23150,买盘
930,10:51:22,9.26,0.0,3,2778,买盘
931,10:51:28,9.28,0.02,5,4640,买盘
932,10:51:31,9.26,-0.02,2,1852,卖盘
933,10:51:37,9.26,0.0,11,10186,卖盘
934,10:51:40,9.26,0.0,34,31484,卖盘
935,10:51:49,9.26,0.0,11,10186,买盘
936,10:51:57,9.26,0.0,2,1852,买盘
937,10:52:07,9.26,0.0,8,7408,买盘
938,10:52:16,9.26,0.0,1,926,买盘
939,10:52:19,9.26,0.0,2,1852,买盘
940,10:52:31,9.26,0.0,1,926,买盘
941,10:52:37,9.25,-0.01,100,92518,卖盘
942,10:52:49,9.25,0.0,20,18500,买盘
943,10:53:01,9.25,0.0,101,93425,买盘
944,10:53:19,9.26,0.01,21,19446,买盘
945,10:53:21,9.26,0.0,1,926,买盘
946,10:53:28,9.25,-0.01,53,49025,卖盘
947,10:53:31,9.25,0.0,4,3700,买盘
948,10:53:37,9.24,-0.01,74,68385,卖盘
949,10:53:40,9.25,0.01,11,10175,买盘
950,10:53:43,9.24,-0.01,54,49896,卖盘
951,10:53:46,9.24,0.0,9,8316,卖盘
952,10:53:49,9.25,0.01,23,21267,买盘
953,10:53:52,9.24,-0.01,10,9240,卖盘
954,10:53:55,9.24,0.0,7,6468,买盘
955,10:54:01,9.24,0.0,22,20328,买盘
956,10:54:10,9.24,0.0,5,4620,买盘
957,10:54:16,9.24,0.0,13,12012,买盘
958,10:54:19,9.24,0.0,1,924,买盘
959,10:54:24,9.23,-0.01,173,159679,卖盘
960,10:54:31,9.23,0.0,3,2769,买盘
961,10:54:40,9.23,0.0,35,32305,买盘
962,10:54:49,9.23,0.0,7,6461,买盘
963,10:54:57,9.23,0.0,22,20306,买盘
964,10:55:01,9.22,-0.01,71,65464,卖盘
965,10:55:09,9.23,0.01,26,23990,买盘
966,10:55:16,9.23,0.0,52,47986,买盘
967,10:55:19,9.24,0.01,6,5544,买盘
968,10:55:31,9.23,-0.01,41,37854,卖盘
969,10:55:37,9.23,0.0,10,9230,卖盘
970,10:55:39,9.23,0.0,46,42466,卖盘
971,10:55:45,9.23,0.0,2,1828,买盘
972,10:55:48,9.23,0.0,12,11076,买盘
973,10:56:01,9.22,-0.01,152,140146,卖盘
974,10:56:07,9.22,0.0,6,5534,卖盘
975,10:56:10,9.23,0.01,31,28613,买盘
976,10:56:18,9.23,0.0,7,6461,买盘
977,10:56:31,9.23,0.0,2,1846,买盘
978,10:56:43,9.23,0.0,1,923,买盘
979,10:56:48,9.23,0.0,6,5538,买盘
980,10:57:01,9.23,0.0,4,3692,买盘
981,10:57:07,9.23,0.0,1,923,买盘
982,10:57:10,9.23,0.0,1,923,买盘
983,10:57:19,9.23,0.0,38,35074,买盘
984,10:57:22,9.23,0.0,1,923,买盘
985,10:57:31,9.23,0.0,7,6461,买盘
986,10:57:34,9.23,0.0,10,9230,买盘
987,10:57:37,9.22,-0.01,135,124471,卖盘
988,10:57:40,9.23,0.01,2,1846,买盘
989,10:57:49,9.23,0.0,29,26767,买盘
990,10:58:00,9.23,0.0,17,15691,买盘
991,10:58:07,9.23,0.0,10,9230,买盘
992,10:58:10,9.23,0.0,3,2769,买盘
993,10:58:16,9.23,0.0,51,47091,买盘
994,10:58:18,9.24,0.01,3,2772,买盘
995,10:58:31,9.24,0.0,11,10164,买盘
996,10:58:37,9.23,-0.01,29,26749,卖盘
997,10:58:40,9.23,0.0,3,2769,买盘
998,10:58:52,9.23,0.0,6,5538,买盘
999,10:58:58,9.23,0.0,2,1846,买盘
1000,10:59:01,9.23,0.0,4,3692,买盘
1001,10:59:04,9.23,0.0,111,102471,买盘
1002,10:59:10,9.24,0.01,1,924,买盘
1003,10:59:21,9.25,0.01,26,24025,买盘
1004,10:59:31,9.25,0.0,5,4625,买盘
1005,10:59:40,9.24,-0.01,57,52668,卖盘
1006,10:59:43,9.24,0.0,6,5544,买盘
1007,10:59:52,9.25,0.01,13,12022,买盘
1008,10:59:57,9.25,0.0,7,6474,买盘
1009,11:00:01,9.27,0.02,4,3707,买盘
1010,11:00:04,9.25,-0.02,3,2775,卖盘
1011,11:00:10,9.25,0.0,2,1850,买盘
1012,11:00:12,9.25,0.0,7,6475,买盘
1013,11:00:16,9.25,0.0,11,10175,买盘
1014,11:00:19,9.25,0.0,1,925,买盘
1015,11:00:22,9.25,0.0,2,1850,买盘
1016,11:00:25,9.25,0.0,54,49950,买盘
1017,11:00:31,9.25,0.0,3,2775,买盘
1018,11:00:36,9.24,-0.01,66,60984,卖盘
1019,11:00:39,9.25,0.01,35,32375,买盘
1020,11:00:52,9.27,0.02,21,19447,买盘
1021,11:01:01,9.26,-0.01,4,3704,买盘
1022,11:01:04,9.26,0.0,7,6482,买盘
1023,11:01:10,9.26,0.0,2,1852,买盘
1024,11:01:16,9.25,-0.01,5,4625,卖盘
1025,11:01:25,9.25,0.0,11,10176,卖盘
1026,11:01:31,9.26,0.01,1,926,买盘
1027,11:01:37,9.24,-0.02,62,57288,卖盘
1028,11:01:40,9.24,0.0,3,2772,买盘
1029,11:01:43,9.26,0.02,5,4622,买盘
1030,11:01:45,9.23,-0.03,115,106145,卖盘
1031,11:01:52,9.26,0.03,14,12964,买盘
1032,11:01:55,9.23,-0.03,10,9230,卖盘
1033,11:02:01,9.27,0.04,26,24092,买盘
1034,11:02:10,9.25,-0.02,7,6475,买盘
1035,11:02:22,9.25,0.0,1,925,买盘
1036,11:02:28,9.25,0.0,30,27750,买盘
1037,11:02:37,9.25,0.0,51,47140,买盘
1038,11:02:39,9.25,0.0,6,5550,买盘
1039,11:02:43,9.25,0.0,10,9250,买盘
1040,11:02:49,9.24,-0.01,7,6468,卖盘
1041,11:02:51,9.23,-0.01,27,24935,卖盘
1042,11:03:00,9.24,0.01,19,17556,卖盘
1043,11:03:07,9.23,-0.01,59,54467,卖盘
1044,11:03:10,9.25,0.02,3,2775,买盘
1045,11:03:15,9.24,-0.01,7,6468,卖盘
1046,11:03:22,9.25,0.01,13,12025,买盘
1047,11:03:28,9.25,0.0,35,32375,买盘
1048,11:03:30,9.25,0.0,4,3700,买盘
1049,11:03:40,9.25,0.0,73,67460,买盘
1050,11:03:51,9.25,0.0,14,12950,买盘
1051,11:04:01,9.25,0.0,3,2775,买盘
1052,11:04:09,9.25,0.0,21,19405,买盘
1053,11:04:22,9.25,0.0,14,12950,买盘
1054,11:04:25,9.25,0.0,4,3700,买盘
1055,11:04:30,9.25,0.0,3,2775,买盘
1056,11:04:37,9.25,0.0,170,157186,买盘
1057,11:04:43,9.25,0.0,1,925,买盘
1058,11:04:49,9.25,0.0,2,1850,买盘
1059,11:04:51,9.25,0.0,34,31450,买盘
1060,11:05:00,9.25,0.0,7,6475,买盘
1061,11:05:04,9.25,0.0,2,1850,买盘
1062,11:05:09,9.25,0.0,5,4625,买盘
1063,11:05:13,9.26,0.01,24,22202,买盘
1064,11:05:22,9.26,0.0,6,5556,买盘
1065,11:05:25,9.26,0.0,1,926,买盘
1066,11:05:31,9.26,0.0,6,5556,买盘
1067,11:05:37,9.26,0.0,18,16668,买盘
1068,11:05:39,9.26,0.0,68,62968,卖盘
1069,11:05:43,9.27,0.01,2,1854,买盘
1070,11:05:46,9.26,-0.01,44,40744,卖盘
1071,11:05:49,9.26,0.0,24,22224,卖盘
1072,11:05:52,9.26,0.0,19,17611,卖盘
1073,11:05:55,9.25,-0.01,74,68464,卖盘
1074,11:06:00,9.25,0.0,48,44400,卖盘
1075,11:06:04,9.24,-0.01,11,10164,卖盘
1076,11:06:07,9.25,0.01,8,7400,买盘
1077,11:06:10,9.24,-0.01,1,924,卖盘
1078,11:06:13,9.24,0.0,76,70236,卖盘
1079,11:06:22,9.25,0.01,31,28675,买盘
1080,11:06:24,9.24,-0.01,288,266127,卖盘
1081,11:06:31,9.24,0.0,6,5544,买盘
1082,11:06:39,9.24,0.0,24,22176,买盘
1083,11:06:43,9.26,0.02,59,54598,买盘
1084,11:06:51,9.24,-0.02,19,17556,买盘
1085,11:07:01,9.25,0.01,4,3697,买盘
1086,11:07:19,9.24,-0.01,5,4620,买盘
1087,11:07:25,9.24,0.0,1,924,买盘
1088,11:07:27,9.23,-0.01,1,923,卖盘
1089,11:07:30,9.24,0.01,2,1848,买盘
1090,11:07:34,9.24,0.0,7,6468,买盘
1091,11:07:42,9.23,-0.01,77,71073,卖盘
1092,11:07:46,9.24,0.01,22,20328,买盘
1093,11:07:52,9.26,0.02,165,152313,买盘
1094,11:08:01,9.23,-0.03,37,34151,中性盘
1095,11:08:13,9.24,0.01,8,7388,买盘
1096,11:08:22,9.23,-0.01,4,3693,中性盘
1097,11:08:30,9.24,0.01,1,924,买盘
1098,11:09:01,9.23,-0.01,26,23998,卖盘
1099,11:09:12,9.23,0.0,60,55436,卖盘
1100,11:09:22,9.23,0.0,12,11076,买盘
1101,11:09:25,9.23,0.0,3,2769,买盘
1102,11:09:31,9.24,0.01,2,1848,买盘
1103,11:09:43,9.23,-0.01,11,10155,卖盘
1104,11:09:49,9.23,0.0,34,31382,卖盘
1105,11:09:52,9.24,0.01,23,21252,买盘
1106,11:09:58,9.24,0.0,1,924,买盘
1107,11:10:01,9.25,0.01,12,11094,买盘
1108,11:10:13,9.23,-0.02,22,20310,卖盘
1109,11:10:16,9.25,0.02,10,9250,买盘
1110,11:10:22,9.24,-0.01,5,4620,买盘
1111,11:10:31,9.25,0.01,16,14787,买盘
1112,11:10:37,9.24,-0.01,66,60984,卖盘
1113,11:10:43,9.23,-0.01,23,21242,卖盘
1114,11:10:52,9.25,0.02,18,16650,买盘
1115,11:11:00,9.25,0.0,3,2775,买盘
1116,11:11:04,9.24,-0.01,9,8316,卖盘
1117,11:11:10,9.25,0.01,32,29600,买盘
1118,11:11:13,9.24,-0.01,52,48074,卖盘
1119,11:11:22,9.25,0.01,18,16650,买盘
1120,11:11:25,9.25,0.0,1,925,买盘
1121,11:11:31,9.25,0.0,4,3700,买盘
1122,11:11:40,9.24,-0.01,64,59136,卖盘
1123,11:11:43,9.25,0.01,1,925,买盘
1124,11:11:46,9.24,-0.01,1,924,卖盘
1125,11:11:52,9.25,0.01,13,12015,买盘
1126,11:11:55,9.25,0.0,7,6475,买盘
1127,11:12:01,9.23,-0.02,7,6461,卖盘
1128,11:12:04,9.25,0.02,3,2775,买盘
1129,11:12:13,9.25,0.0,3,2775,买盘
1130,11:12:22,9.25,0.0,1,925,买盘
1131,11:12:36,9.24,-0.01,23,21252,卖盘
1132,11:12:40,9.24,0.0,49,45276,买盘
1133,11:12:49,9.23,-0.01,87,80301,卖盘
1134,11:12:52,9.24,0.01,14,12936,买盘
1135,11:12:55,9.23,-0.01,22,20306,卖盘
1136,11:13:04,9.24,0.01,25,23086,买盘
1137,11:13:13,9.24,0.0,15,13840,买盘
1138,11:13:22,9.24,0.0,3,2772,买盘
1139,11:13:25,9.24,0.0,1,924,买盘
1140,11:13:28,9.23,-0.01,1,923,卖盘
1141,11:13:34,9.23,0.0,1,923,买盘
1142,11:14:16,9.23,0.0,50,46150,买盘
1143,11:14:27,9.23,0.0,5,4615,买盘
1144,11:14:34,9.23,0.0,10,9230,买盘
1145,11:14:37,9.23,0.0,5,4615,买盘
1146,11:14:40,9.22,-0.01,132,121686,卖盘
1147,11:14:43,9.22,0.0,3,2766,买盘
1148,11:14:46,9.22,0.0,22,20284,买盘
1149,11:14:48,9.23,0.01,153,141235,买盘
1150,11:14:52,9.24,0.01,33,30492,买盘
1151,11:15:04,9.24,0.0,37,34188,买盘
1152,11:15:07,9.23,-0.01,24,22152,卖盘
1153,11:15:12,9.24,0.01,8,7391,买盘
1154,11:15:22,9.24,0.0,7,6468,买盘
1155,11:15:33,9.24,0.0,1,924,买盘
1156,11:15:54,9.23,-0.01,1,923,卖盘
1157,11:16:01,9.23,0.0,33,30459,卖盘
1158,11:16:07,9.23,0.0,4,3692,卖盘
1159,11:16:13,9.23,0.0,15,13827,卖盘
1160,11:16:22,9.23,0.0,4,3692,买盘
1161,11:16:31,9.21,-0.02,13,11978,卖盘
1162,11:16:33,9.23,0.02,1,923,买盘
1163,11:16:43,9.23,0.0,2,1846,买盘
1164,11:16:51,9.23,0.0,1,923,买盘
1165,11:17:07,9.23,0.0,2,1846,买盘
1166,11:17:16,9.23,0.0,26,23998,买盘
1167,11:17:24,9.18,-0.05,1193,1097136,卖盘
1168,11:17:43,9.18,0.0,238,218484,买盘
1169,11:17:46,9.17,-0.01,14,12838,卖盘
1170,11:17:55,9.18,0.01,81,74358,买盘
1171,11:18:04,9.17,-0.01,21,19273,卖盘
1172,11:18:07,9.18,0.01,133,122094,买盘
1173,11:18:10,9.18,0.0,365,335012,买盘
1174,11:18:13,9.18,0.0,78,71604,买盘
1175,11:18:16,9.17,-0.01,121,111011,卖盘
1176,11:18:18,9.18,0.01,144,132186,买盘
1177,11:18:25,9.23,0.05,139,128282,买盘
1178,11:18:34,9.23,0.0,107,98421,买盘
1179,11:18:46,9.23,0.0,21,19375,买盘
1180,11:18:55,9.23,0.0,5,4615,买盘
1181,11:19:04,9.22,-0.01,1,922,中性盘
1182,11:19:10,9.23,0.01,54,49777,买盘
1183,11:19:24,9.23,0.0,12,11052,买盘
1184,11:19:34,9.22,-0.01,2,1844,中性盘
1185,11:20:04,9.2,-0.02,2,1840,卖盘
1186,11:20:10,9.2,0.0,9,8280,买盘
1187,11:20:16,9.2,0.0,1,920,买盘
1188,11:20:22,9.22,0.02,2,1844,中性盘
1189,11:20:25,9.22,0.0,3,2766,买盘
1190,11:20:34,9.21,-0.01,1,921,中性盘
1191,11:20:49,9.2,-0.01,31,28520,卖盘
1192,11:21:01,9.21,0.01,17,15657,买盘
1193,11:21:04,9.22,0.01,6,5532,买盘
1194,11:21:07,9.21,-0.01,9,8289,卖盘
1195,11:21:10,9.21,0.0,4,3684,卖盘
1196,11:21:16,9.22,0.01,5,4606,买盘
1197,11:21:25,9.22,0.0,3,2766,买盘
1198,11:21:34,9.2,-0.02,51,46920,买盘
1199,11:21:37,9.19,-0.01,54,49626,卖盘
1200,11:21:40,9.2,0.01,305,280546,买盘
1201,11:21:46,9.2,0.0,10,9200,买盘
1202,11:21:49,9.19,-0.01,13,11947,卖盘
1203,11:21:52,9.2,0.01,5,4600,买盘
1204,11:21:55,9.22,0.02,74,68126,买盘
1205,11:22:04,9.23,0.01,18,16608,买盘
1206,11:22:16,9.23,0.0,4,3692,买盘
1207,11:22:24,9.2,-0.03,41,37758,卖盘
1208,11:22:34,9.2,0.0,8,7360,买盘
1209,11:22:36,9.2,0.0,32,29440,买盘
1210,11:22:46,9.22,0.02,2,1844,买盘
1211,11:22:55,9.22,0.0,6,5532,买盘
1212,11:22:57,9.22,0.0,3,2766,买盘
1213,11:23:04,9.23,0.01,9,8300,买盘
1214,11:23:16,9.22,-0.01,2,1844,买盘
1215,11:23:22,9.22,0.0,23,21206,买盘
1216,11:23:25,9.23,0.01,7,6452,买盘
1217,11:23:34,9.23,0.0,6,5535,买盘
1218,11:23:45,9.22,-0.01,7,6456,卖盘
1219,11:23:51,9.23,0.01,5,4611,买盘
1220,11:23:55,9.23,0.0,1,923,买盘
1221,11:24:07,9.22,-0.01,1,922,买盘
1222,11:24:46,9.22,0.0,9,8294,买盘
1223,11:24:54,9.22,0.0,2,1844,买盘
1224,11:25:07,9.22,0.0,1,922,买盘
1225,11:25:24,9.22,0.0,1,922,买盘
1226,11:25:37,9.22,0.0,101,93122,买盘
1227,11:25:46,9.22,0.0,60,55280,买盘
1228,11:25:55,9.22,0.0,19,17518,买盘
1229,11:26:07,9.22,0.0,4,3688,买盘
1230,11:26:16,9.22,0.0,1,922,买盘
1231,11:27:09,9.21,-0.01,12,11070,卖盘
1232,11:27:25,9.22,0.01,10,9220,买盘
1233,11:27:36,9.22,0.0,2,1844,买盘
1234,11:27:45,9.22,0.0,1,922,买盘
1235,11:28:01,9.22,0.0,38,35036,买盘
1236,11:28:09,9.21,-0.01,1,921,卖盘
1237,11:28:16,9.21,0.0,200,184196,卖盘
1238,11:28:22,9.21,0.0,11,10131,买盘
1239,11:28:25,9.21,0.0,40,36840,买盘
1240,11:28:30,9.2,-0.01,2,1840,卖盘
1241,11:28:36,9.21,0.01,10,9210,买盘
1242,11:28:43,9.21,0.0,5,4605,买盘
1243,11:28:46,9.21,0.0,2,1842,买盘
1244,11:28:52,9.21,0.0,96,88434,买盘
1245,11:28:54,9.22,0.01,2,1844,买盘
1246,11:29:06,9.22,0.0,19,17518,买盘
1247,11:29:15,9.22,0.0,4,3688,买盘
1248,11:29:21,9.22,0.0,5,4610,买盘
1249,11:29:25,9.22,0.0,1,922,买盘
1250,11:29:27,9.22,0.0,1,922,买盘
1251,11:29:34,9.22,0.0,3,2766,买盘
1252,11:29:37,9.22,0.0,1,922,买盘
1253,11:29:46,9.22,0.0,2,1844,买盘
1254,11:29:54,9.22,0.0,1,922,买盘
1255,11:29:57,9.22,0.0,10,9220,买盘
1256,13:00:04,9.22,0.0,103,94925,买盘
1257,13:00:07,9.22,0.0,32,29514,买盘
1258,13:00:10,9.22,0.0,100,92220,卖盘
1259,13:00:27,9.23,0.01,47,43346,买盘
1260,13:00:33,9.21,-0.02,31,28551,卖盘
1261,13:00:36,9.23,0.02,9,8307,买盘
1262,13:00:46,9.21,-0.02,1,921,卖盘
1263,13:00:49,9.22,0.01,9,8306,中性盘
1264,13:00:57,9.22,0.0,11,10142,卖盘
1265,13:01:06,9.22,0.0,2,1844,买盘
1266,13:01:16,9.21,-0.01,21,19341,卖盘
1267,13:01:19,9.22,0.01,1,922,买盘
1268,13:01:25,9.21,-0.01,84,77346,卖盘
1269,13:01:27,9.21,0.0,4,3684,买盘
1270,13:01:31,9.21,0.0,7,6447,买盘
1271,13:01:36,9.22,0.01,18,16586,买盘
1272,13:01:45,9.22,0.0,8,7394,买盘
1273,13:01:48,9.23,0.01,5,4615,买盘
1274,13:01:57,9.23,0.0,2,1846,买盘
1275,13:02:07,9.22,-0.01,44,40550,卖盘
1276,13:02:16,9.22,0.0,9,8298,买盘
1277,13:02:28,9.21,-0.01,16,14737,卖盘
1278,13:02:33,9.21,0.0,5,4605,买盘
1279,13:02:36,9.21,0.0,4,3684,买盘
1280,13:02:49,9.21,0.0,1,921,买盘
1281,13:02:52,9.21,0.0,6,5526,买盘
1282,13:02:57,9.21,0.0,1,921,买盘
1283,13:03:07,9.21,0.0,1,921,买盘
1284,13:03:21,9.2,-0.01,22,20240,卖盘
1285,13:03:27,9.21,0.01,6,5521,买盘
1286,13:03:30,9.2,-0.01,41,37720,卖盘
1287,13:03:37,9.21,0.01,6,5526,买盘
1288,13:03:48,9.21,0.0,15,13815,买盘
1289,13:03:57,9.22,0.01,3,2766,买盘
1290,13:04:07,9.22,0.0,1,922,买盘
1291,13:04:28,9.21,-0.01,38,34998,卖盘
1292,13:04:31,9.22,0.01,30,27657,买盘
1293,13:04:36,9.22,0.0,8,7376,买盘
1294,13:04:48,9.22,0.0,7,6448,买盘
1295,13:04:57,9.22,0.0,2,1844,买盘
1296,13:05:09,9.22,0.0,4,3706,买盘
1297,13:05:27,9.21,-0.01,4,3686,卖盘
1298,13:05:30,9.21,0.0,11,10131,买盘
1299,13:05:36,9.23,0.02,30,27632,买盘
1300,13:05:39,9.21,-0.02,8,7368,卖盘
1301,13:05:48,9.23,0.02,8,7384,买盘
1302,13:05:57,9.23,0.0,3,2769,买盘
1303,13:06:07,9.23,0.0,1,923,买盘
1304,13:06:12,9.23,0.0,68,62764,买盘
1305,13:06:19,9.23,0.0,2,1846,卖盘
1306,13:06:25,9.23,0.0,1,923,买盘
1307,13:06:27,9.21,-0.02,56,51604,卖盘
1308,13:06:39,9.24,0.03,11,10155,买盘
1309,13:06:48,9.24,0.0,2,1848,买盘
1310,13:06:57,9.24,0.0,1,924,买盘
1311,13:07:06,9.24,0.0,35,32340,买盘
1312,13:07:15,9.23,-0.01,15,13845,卖盘
1313,13:07:19,9.23,0.0,7,6461,买盘
1314,13:07:25,9.22,-0.01,58,53476,卖盘
1315,13:07:27,9.22,0.0,4,3688,买盘
1316,13:07:37,9.21,-0.01,4,3684,卖盘
1317,13:07:39,9.22,0.01,16,14752,买盘
1318,13:07:48,9.22,0.0,4,3688,买盘
1319,13:07:54,9.22,0.0,5,4610,买盘
1320,13:07:58,9.22,0.0,1,922,买盘
1321,13:08:09,9.22,0.0,1,922,买盘
1322,13:08:12,9.22,0.0,13,11986,买盘
1323,13:08:22,9.21,-0.01,5,4606,卖盘
1324,13:08:28,9.22,0.01,3,2766,买盘
1325,13:08:31,9.22,0.0,44,40527,买盘
1326,13:08:39,9.22,0.0,1,922,买盘
1327,13:08:49,9.22,0.0,9,8298,买盘
1328,13:08:55,9.22,0.0,2,1844,买盘
1329,13:08:58,9.22,0.0,2,1844,买盘
1330,13:09:04,9.22,0.0,5,4610,买盘
1331,13:09:10,9.22,0.0,1,922,买盘
1332,13:09:13,9.22,0.0,3,2766,买盘
1333,13:09:16,9.21,-0.01,4,3684,卖盘
1334,13:09:18,9.22,0.01,10,9220,买盘
1335,13:09:28,9.21,-0.01,45,41449,卖盘
1336,13:09:39,9.22,0.01,9,8298,买盘
1337,13:09:49,9.22,0.0,2,1844,买盘
1338,13:09:51,9.22,0.0,10,9220,买盘
1339,13:09:55,9.22,0.0,3,2766,买盘
1340,13:09:57,9.22,0.0,1,922,买盘
1341,13:10:10,9.22,0.0,22,20284,买盘
1342,13:10:16,9.22,0.0,5,4610,买盘
1343,13:10:19,9.22,0.0,5,4610,买盘
1344,13:10:22,9.22,0.0,60,55320,买盘
1345,13:10:25,9.22,0.0,54,49788,买盘
1346,13:10:28,9.22,0.0,77,71008,买盘
1347,13:10:36,9.23,0.01,47,43381,买盘
1348,13:10:40,9.25,0.02,26,24046,买盘
1349,13:10:43,9.22,-0.03,10,9220,卖盘
1350,13:10:49,9.25,0.03,15,13875,买盘
1351,13:10:52,9.23,-0.02,4,3692,卖盘
1352,13:10:58,9.25,0.02,5,4625,买盘
1353,13:11:01,9.23,-0.02,130,120242,卖盘
1354,13:11:10,9.25,0.02,27,24975,买盘
1355,13:11:16,9.23,-0.02,4,3692,卖盘
1356,13:11:19,9.25,0.02,6,5550,买盘
1357,13:11:25,9.23,-0.02,45,41535,卖盘
1358,13:11:28,9.23,0.0,3,2769,买盘
1359,13:11:40,9.23,0.0,9,8307,买盘
1360,13:11:43,9.23,0.0,16,14768,买盘
1361,13:11:49,9.23,0.0,2,1846,买盘
1362,13:11:58,9.23,0.0,28,25840,买盘
1363,13:12:10,9.24,0.01,5,4620,买盘
1364,13:12:16,9.24,0.0,5,4618,买盘
1365,13:12:18,9.24,0.0,1,924,买盘
1366,13:12:27,9.23,-0.01,20,18460,卖盘
1367,13:12:30,9.23,0.0,9,8307,买盘
1368,13:12:40,9.23,0.0,5,4615,买盘
1369,13:12:43,9.23,0.0,1,923,买盘
1370,13:12:49,9.23,0.0,2,1846,买盘
1371,13:13:04,9.23,0.0,7,6459,买盘
1372,13:13:07,9.23,0.0,5,4615,买盘
1373,13:13:19,9.25,0.02,2,1850,买盘
1374,13:13:30,9.25,0.0,62,57260,买盘
1375,13:13:45,9.25,0.0,1,925,买盘
1376,13:13:49,9.25,0.0,12,11100,买盘
1377,13:13:55,9.23,-0.02,16,14768,卖盘
1378,13:14:01,9.23,0.0,3,2769,买盘
1379,13:14:10,9.23,0.0,4,3692,买盘
1380,13:14:13,9.22,-0.01,3,2767,卖盘
1381,13:14:16,9.23,0.01,14,12922,买盘
1382,13:14:28,9.23,0.0,10,9230,买盘
1383,13:14:31,9.25,0.02,46,42420,买盘
1384,13:14:40,9.24,-0.01,2,1848,买盘
1385,13:14:48,9.25,0.01,14,12950,买盘
1386,13:15:00,9.24,-0.01,3,2772,买盘
1387,13:15:09,9.24,0.0,1,924,买盘
1388,13:15:21,9.22,-0.02,2,1844,卖盘
1389,13:15:31,9.24,0.02,43,39648,买盘
1390,13:15:34,9.22,-0.02,90,82980,卖盘
1391,13:15:40,9.24,0.02,27,24948,买盘
1392,13:15:49,9.24,0.0,5,4620,买盘
1393,13:15:55,9.23,-0.01,7,6461,卖盘
1394,13:16:01,9.22,-0.01,3,2767,卖盘
1395,13:16:10,9.23,0.01,2,1846,买盘
1396,13:16:13,9.23,0.0,12,11076,买盘
1397,13:16:19,9.25,0.02,12,11089,买盘
1398,13:16:27,9.24,-0.01,7,6468,卖盘
1399,13:16:30,9.24,0.0,6,5544,买盘
1400,13:16:40,9.24,0.0,2,1848,买盘
1401,13:16:46,9.24,0.0,16,14784,买盘
1402,13:16:48,9.24,0.0,1,924,买盘
1403,13:16:52,9.24,0.0,19,17556,买盘
1404,13:16:55,9.24,0.0,11,10164,卖盘
1405,13:17:01,9.25,0.01,7,6475,买盘
1406,13:17:07,9.25,0.0,5,4625,买盘
1407,13:17:10,9.25,0.0,3,2775,买盘
1408,13:17:19,9.25,0.0,2,1850,买盘
1409,13:17:22,9.24,-0.01,76,70224,卖盘
1410,13:17:28,9.23,-0.01,15,13845,卖盘
1411,13:17:31,9.23,0.0,3,2769,买盘
1412,13:17:34,9.23,0.0,4,3692,买盘
1413,13:17:40,9.23,0.0,19,17537,买盘
1414,13:17:46,9.22,-0.01,24,22128,卖盘
1415,13:17:49,9.23,0.01,5,4615,买盘
1416,13:18:01,9.24,0.01,6,5542,买盘
1417,13:18:19,9.24,0.0,1,924,买盘
1418,13:18:21,9.23,-0.01,4,3692,卖盘
1419,13:18:28,9.23,0.0,51,47073,买盘
1420,13:18:34,9.23,0.0,22,20306,卖盘
1421,13:18:40,9.24,0.01,11,10164,买盘
1422,13:18:46,9.23,-0.01,50,46150,卖盘
1423,13:18:49,9.24,0.01,7,6468,买盘
1424,13:18:54,9.24,0.0,5,4620,买盘
1425,13:18:58,9.24,0.0,1,924,买盘
1426,13:19:01,9.24,0.0,11,10164,买盘
1427,13:19:07,9.24,0.0,11,10164,卖盘
1428,13:19:10,9.24,0.0,3,2772,买盘
1429,13:19:19,9.24,0.0,3,2772,买盘
1430,13:19:31,9.24,0.0,44,40613,买盘
1431,13:19:39,9.25,0.01,36,33265,买盘
1432,13:19:46,9.23,-0.02,26,23998,卖盘
1433,13:19:49,9.23,0.0,44,40612,买盘
1434,13:19:52,9.25,0.02,7,6475,买盘
1435,13:19:58,9.25,0.0,78,72132,买盘
1436,13:20:01,9.25,0.0,15,13873,买盘
1437,13:20:07,9.25,0.0,5,4625,买盘
1438,13:20:10,9.25,0.0,25,23114,买盘
1439,13:20:16,9.25,0.0,45,41625,买盘
1440,13:20:22,9.24,-0.01,11,10164,买盘
1441,13:20:27,9.24,0.0,5,4620,买盘
1442,13:20:30,9.24,0.0,54,49853,买盘
1443,13:20:34,9.24,0.0,2,1848,买盘
1444,13:20:37,9.24,0.0,10,9240,买盘
1445,13:20:40,9.24,0.0,12,11088,买盘
1446,13:20:46,9.24,0.0,25,23100,买盘
1447,13:20:52,9.24,0.0,5,4620,买盘
1448,13:21:01,9.24,0.0,6,5544,买盘
1449,13:21:10,9.24,0.0,1,924,买盘
1450,13:21:18,9.24,0.0,9,8316,买盘
1451,13:21:31,9.24,0.0,15,13860,卖盘
1452,13:21:39,9.24,0.0,3,2772,买盘
1453,13:21:48,9.24,0.0,13,12012,买盘
1454,13:21:58,9.24,0.0,13,12012,买盘
1455,13:22:01,9.25,0.01,3,2775,买盘
1456,13:22:04,9.23,-0.02,1,923,卖盘
1457,13:22:10,9.25,0.02,3,2775,买盘
1458,13:22:16,9.28,0.03,204,188969,买盘
1459,13:22:19,9.22,-0.06,200,184479,卖盘
1460,13:22:21,9.27,0.05,1,927,买盘
1461,13:22:30,9.26,-0.01,82,75846,买盘
1462,13:22:40,9.25,-0.01,16,14800,买盘
1463,13:22:51,9.25,0.0,46,42550,买盘
1464,13:22:55,9.24,-0.01,2,1848,卖盘
1465,13:23:01,9.26,0.02,9,8334,买盘
1466,13:23:04,9.26,0.0,18,16668,买盘
1467,13:23:07,9.25,-0.01,2,1850,卖盘
1468,13:23:09,9.26,0.01,2,1852,买盘
1469,13:23:13,9.25,-0.01,11,10175,卖盘
1470,13:23:16,9.29,0.04,164,152233,买盘
1471,13:23:22,9.28,-0.01,7,6496,买盘
1472,13:23:25,9.28,0.0,11,10208,卖盘
1473,13:23:31,9.28,0.0,34,31550,买盘
1474,13:23:39,9.28,0.0,9,8352,买盘
1475,13:23:49,9.29,0.01,51,47345,买盘
1476,13:23:52,9.29,0.0,2,1858,买盘
1477,13:23:54,9.27,-0.02,41,38024,卖盘
1478,13:24:01,9.27,0.0,10,9270,买盘
1479,13:24:04,9.26,-0.01,62,57412,卖盘
1480,13:24:07,9.26,0.0,58,53718,卖盘
1481,13:24:10,9.29,0.03,223,206762,买盘
1482,13:24:16,9.31,0.02,178,165379,买盘
1483,13:24:21,9.3,-0.01,32,29756,买盘
1484,13:24:27,9.3,0.0,24,22320,卖盘
1485,13:24:31,9.3,0.0,295,274340,买盘
1486,13:24:40,9.32,0.02,76,70758,买盘
1487,13:24:46,9.31,-0.01,12,11172,买盘
1488,13:24:51,9.31,0.0,48,44688,买盘
1489,13:24:54,9.31,0.0,42,39078,买盘
1490,13:25:00,9.32,0.01,19,17701,买盘
1491,13:25:04,9.31,-0.01,15,13965,卖盘
1492,13:25:07,9.32,0.01,389,362512,买盘
1493,13:25:09,9.32,0.0,174,162180,卖盘
1494,13:25:12,9.33,0.01,29,27046,买盘
1495,13:25:15,9.34,0.01,226,210943,买盘
1496,13:25:18,9.32,-0.02,305,284260,卖盘
1497,13:25:21,9.32,0.0,212,198018,卖盘
1498,13:25:25,9.32,0.0,147,137004,卖盘
1499,13:25:31,9.34,0.02,154,143640,买盘
1500,13:25:34,9.32,-0.02,1,932,买盘
1501,13:25:43,9.31,-0.01,71,66162,卖盘
1502,13:25:52,9.31,0.0,14,13034,买盘
1503,13:26:01,9.31,0.0,33,30706,买盘
1504,13:26:07,9.31,0.0,5,4655,买盘
1505,13:26:13,9.31,0.0,6,5586,买盘
1506,13:26:18,9.31,0.0,116,107996,买盘
1507,13:26:22,9.32,0.01,73,67925,买盘
1508,13:26:31,9.31,-0.01,43,39951,买盘
1509,13:26:43,9.31,0.0,9,8379,买盘
1510,13:26:52,9.31,0.0,27,25137,买盘
1511,13:27:00,9.3,-0.01,10,9305,卖盘
1512,13:27:10,9.3,0.0,11,10240,卖盘
1513,13:27:13,9.31,0.01,2,1862,买盘
1514,13:27:16,9.32,0.01,111,103432,买盘
1515,13:27:22,9.32,0.0,3,2796,买盘
1516,13:27:31,9.32,0.0,64,59579,买盘
1517,13:27:33,9.3,-0.02,83,77190,卖盘
1518,13:27:43,9.32,0.02,13,12116,买盘
1519,13:27:52,9.32,0.0,17,15844,买盘
1520,13:28:00,9.33,0.01,29,27029,买盘
1521,13:28:04,9.31,-0.02,134,124826,卖盘
1522,13:28:10,9.31,0.0,1,931,卖盘
1523,13:28:13,9.32,0.01,8,7454,买盘
1524,13:28:16,9.33,0.01,80,74596,买盘
1525,13:28:22,9.33,0.0,75,69975,买盘
1526,13:28:25,9.32,-0.01,20,18640,买盘
1527,13:28:31,9.33,0.01,31,28913,买盘
1528,13:28:42,9.33,0.0,10,9330,买盘
1529,13:28:52,9.33,0.0,47,43851,买盘
1530,13:28:55,9.32,-0.01,10,9320,卖盘
1531,13:29:00,9.33,0.01,14,13062,买盘
1532,13:29:12,9.33,0.0,3,2799,买盘
1533,13:29:15,9.34,0.01,114,106414,买盘
1534,13:29:31,9.34,0.0,24,22416,买盘
1535,13:29:37,9.34,0.0,10,9340,买盘
1536,13:29:43,9.33,-0.01,5,4665,买盘
1537,13:29:46,9.33,0.0,66,61578,买盘
1538,13:29:52,9.33,0.0,17,15861,买盘
1539,13:30:01,9.34,0.01,16,14932,买盘
1540,13:30:07,9.34,0.0,3,2802,买盘
1541,13:30:12,9.34,0.0,4,3736,买盘
1542,13:30:19,9.34,0.0,196,183170,买盘
1543,13:30:22,9.35,0.01,1,935,买盘
1544,13:30:25,9.34,-0.01,86,80324,卖盘
1545,13:30:31,9.34,0.0,39,36426,买盘
1546,13:30:36,9.34,0.0,13,12142,买盘
1547,13:30:42,9.34,0.0,61,56974,买盘
1548,13:30:52,9.35,0.01,21,19635,买盘
1549,13:31:01,9.35,0.0,9,8415,买盘
1550,13:31:13,9.35,0.0,52,48620,买盘
1551,13:31:16,9.36,0.01,160,149729,买盘
1552,13:31:22,9.36,0.0,11,10296,买盘
1553,13:31:25,9.36,0.0,17,15912,买盘
1554,13:31:31,9.37,0.01,38,35600,买盘
1555,13:31:42,9.37,0.0,8,7496,买盘
1556,13:31:52,9.37,0.0,59,55283,买盘
1557,13:32:04,9.37,0.0,12,11234,买盘
1558,13:32:13,9.35,-0.02,71,66392,卖盘
1559,13:32:19,9.38,0.03,148,138644,买盘
1560,13:32:22,9.38,0.0,14,13132,买盘
1561,13:32:34,9.38,0.0,32,30016,买盘
1562,13:32:43,9.38,0.0,7,6565,买盘
1563,13:32:46,9.38,0.0,9,8442,买盘
1564,13:32:52,9.38,0.0,53,49714,买盘
1565,13:32:54,9.36,-0.02,4,3747,中性盘
1566,13:33:00,9.38,0.02,27,25326,买盘
1567,13:33:04,9.38,0.0,10,9375,买盘
1568,13:33:07,9.37,-0.01,9,8428,中性盘
1569,13:33:13,9.37,0.0,9,8433,买盘
1570,13:33:16,9.38,0.01,172,161319,买盘
1571,13:33:22,9.37,-0.01,3,2811,中性盘
1572,13:33:33,9.38,0.01,35,32819,买盘
1573,13:33:43,9.37,-0.01,17,15936,卖盘
1574,13:33:49,9.37,0.0,23,21551,卖盘
1575,13:33:52,9.37,0.0,55,51535,买盘
1576,13:34:04,9.37,0.0,15,14055,买盘
1577,13:34:10,9.37,0.0,96,89952,买盘
1578,13:34:13,9.37,0.0,3,2811,买盘
1579,13:34:16,9.38,0.01,158,148143,买盘
1580,13:34:22,9.37,-0.01,20,18740,买盘
1581,13:34:28,9.37,0.0,40,37480,买盘
1582,13:34:34,9.39,0.02,36,33785,买盘
1583,13:34:43,9.38,-0.01,8,7504,买盘
1584,13:34:52,9.39,0.01,8,7505,买盘
1585,13:35:04,9.38,-0.01,7,6568,卖盘
1586,13:35:13,9.38,0.0,1,938,买盘
1587,13:35:16,9.39,0.01,206,193430,买盘
1588,13:35:22,9.39,0.0,1,939,买盘
1589,13:35:30,9.38,-0.01,1,938,买盘
1590,13:35:33,9.39,0.01,41,38495,买盘
1591,13:35:43,9.4,0.01,189,177600,买盘
1592,13:35:46,9.38,-0.02,20,18787,卖盘
1593,13:35:49,9.39,0.01,3,2817,买盘
1594,13:35:51,9.39,0.0,48,45072,买盘
1595,13:35:57,9.39,0.0,1,939,买盘
1596,13:36:04,9.4,0.01,14,13150,买盘
1597,13:36:13,9.4,0.0,1,940,买盘
1598,13:36:16,9.44,0.04,255,239935,买盘
1599,13:36:21,9.43,-0.01,46,43404,中性盘
1600,13:36:25,9.37,-0.06,53,49661,卖盘
1601,13:36:33,9.42,0.05,70,65940,买盘
1602,13:36:36,9.43,0.01,100,94292,买盘
1603,13:36:42,9.43,0.0,14,13202,买盘
1604,13:36:49,9.43,0.0,10,9430,买盘
1605,13:36:52,9.43,0.0,70,66010,买盘
1606,13:36:55,9.39,-0.04,4,3756,卖盘
1607,13:37:04,9.42,0.03,17,16014,买盘
1608,13:37:13,9.42,0.0,3,2826,买盘
1609,13:37:18,9.43,0.01,157,147951,买盘
1610,13:37:21,9.42,-0.01,1,942,中性盘
1611,13:37:34,9.43,0.01,32,30147,买盘
1612,13:37:40,9.42,-0.01,3,2828,卖盘
1613,13:37:43,9.41,-0.01,6,5646,买盘
1614,13:37:52,9.41,0.0,11,10351,买盘
1615,13:37:55,9.41,0.0,2,1882,买盘
1616,13:38:04,9.41,0.0,2,1882,买盘
1617,13:38:12,9.41,0.0,1,941,买盘
1618,13:38:15,9.44,0.03,236,222654,买盘
1619,13:38:22,9.44,0.0,53,50022,买盘
1620,13:38:25,9.44,0.0,47,44368,买盘
1621,13:38:34,9.44,0.0,20,18870,买盘
1622,13:38:43,9.44,0.0,4,3773,买盘
1623,13:38:49,9.45,0.01,149,140755,买盘
1624,13:38:55,9.44,-0.01,1,944,买盘
1625,13:39:01,9.45,0.01,8,7556,买盘
1626,13:39:04,9.44,-0.01,45,42510,卖盘
1627,13:39:12,9.45,0.01,12,11335,买盘
1628,13:39:19,9.45,0.0,192,181440,买盘
1629,13:39:22,9.47,0.02,113,106863,买盘
1630,13:39:25,9.47,0.0,2,1894,买盘
1631,13:39:28,9.45,-0.02,5,4725,中性盘
1632,13:39:34,9.47,0.02,62,58684,买盘
1633,13:39:43,9.47,0.0,14,13248,买盘
1634,13:39:49,9.46,-0.01,12,11352,卖盘
1635,13:39:52,9.46,0.0,25,23650,买盘
1636,13:39:54,9.47,0.01,3,2841,买盘
1637,13:39:57,9.46,-0.01,5,4730,卖盘
1638,13:40:00,9.47,0.01,13,12311,买盘
1639,13:40:04,9.47,0.0,8,7576,买盘
1640,13:40:07,9.46,-0.01,5,4730,卖盘
1641,13:40:10,9.46,0.0,160,151420,卖盘
1642,13:40:13,9.47,0.01,6,5682,买盘
1643,13:40:16,9.46,-0.01,236,223256,卖盘
1644,13:40:19,9.46,0.0,50,47299,买盘
1645,13:40:25,9.47,0.01,80,75713,买盘
1646,13:40:28,9.46,-0.01,4,3784,卖盘
1647,13:40:34,9.45,-0.01,45,42552,卖盘
1648,13:40:43,9.45,0.0,10,9450,买盘
1649,13:40:46,9.45,0.0,6,5670,买盘
1650,13:40:48,9.45,0.0,43,40635,买盘
1651,13:40:55,9.45,0.0,3,2835,买盘
1652,13:41:04,9.45,0.0,9,8505,买盘
1653,13:41:10,9.43,-0.02,7,6601,卖盘
1654,13:41:16,9.44,0.01,2,1888,买盘
1655,13:41:22,9.44,0.0,48,45312,买盘
1656,13:41:24,9.45,0.01,6,5666,买盘
1657,13:41:34,9.45,0.0,10,9450,买盘
1658,13:41:37,9.45,0.0,1,945,买盘
1659,13:41:43,9.45,0.0,3,2835,买盘
1660,13:41:46,9.45,0.0,57,53865,买盘
1661,13:41:55,9.44,-0.01,20,18892,卖盘
1662,13:42:04,9.45,0.01,4,3780,买盘
1663,13:42:07,9.45,0.0,20,18900,买盘
1664,13:42:13,9.45,0.0,1,945,买盘
1665,13:42:16,9.46,0.01,20,18907,买盘
1666,13:42:24,9.46,0.0,8,7568,买盘
1667,13:42:34,9.46,0.0,14,13244,买盘
1668,13:42:36,9.46,0.0,3,2838,买盘
1669,13:42:43,9.46,0.0,11,10396,买盘
1670,13:42:46,9.45,-0.01,1,945,中性盘
1671,13:42:55,9.46,0.01,66,62436,买盘
1672,13:43:07,9.44,-0.02,2,1888,卖盘
1673,13:43:16,9.46,0.02,14,13233,买盘
1674,13:43:21,9.44,-0.02,48,45312,卖盘
1675,13:43:24,9.46,0.02,72,68101,买盘
1676,13:43:34,9.46,0.0,24,22682,买盘
1677,13:43:45,9.43,-0.03,7,6614,卖盘
1678,13:43:48,9.43,0.0,36,33948,卖盘
1679,13:43:55,9.43,0.0,13,12259,买盘
1680,13:43:58,9.43,0.0,1,943,买盘
1681,13:44:04,9.45,0.02,10,9450,买盘
1682,13:44:13,9.45,0.0,4,3776,买盘
1683,13:44:16,9.45,0.0,3,2835,买盘
1684,13:44:25,9.45,0.0,11,10395,买盘
1685,13:44:28,9.43,-0.02,137,129459,卖盘
1686,13:44:31,9.45,0.02,190,179550,买盘
1687,13:44:34,9.46,0.01,3,2838,买盘
1688,13:44:37,9.45,-0.01,6,5670,卖盘
1689,13:44:46,9.43,-0.02,88,83181,卖盘
1690,13:44:55,9.46,0.03,143,134882,买盘
1691,13:45:07,9.45,-0.01,29,27405,买盘
1692,13:45:24,9.45,0.0,6,5670,买盘
1693,13:45:28,9.45,0.0,8,7560,买盘
1694,13:45:31,9.43,-0.02,6,5658,卖盘
1695,13:45:34,9.45,0.02,1,945,买盘
1696,13:45:37,9.45,0.0,1,945,买盘
1697,13:45:46,9.45,0.0,3,2835,买盘
1698,13:45:54,9.47,0.02,259,244946,买盘
1699,13:45:57,9.43,-0.04,25,23575,卖盘
1700,13:46:04,9.47,0.04,57,53972,买盘
1701,13:46:16,9.45,-0.02,21,19856,卖盘
1702,13:46:19,9.46,0.01,61,57706,买盘
1703,13:46:22,9.45,-0.01,15,14175,卖盘
1704,13:46:25,9.46,0.01,29,27407,买盘
1705,13:46:33,9.46,0.0,4,3784,买盘
1706,13:46:36,9.47,0.01,21,19887,买盘
1707,13:46:42,9.45,-0.02,50,47250,卖盘
1708,13:46:45,9.46,0.01,5,4730,买盘
1709,13:46:51,9.45,-0.01,55,51975,卖盘
1710,13:46:55,9.45,0.0,105,99354,卖盘
1711,13:47:00,9.45,0.0,20,18900,卖盘
1712,13:47:04,9.47,0.02,55,52030,买盘
1713,13:47:07,9.45,-0.02,1,945,卖盘
1714,13:47:16,9.45,0.0,65,61455,卖盘
1715,13:47:25,9.47,0.02,13,12311,买盘
1716,13:47:28,9.47,0.0,83,78599,买盘
1717,13:47:37,9.46,-0.01,4,3784,买盘
1718,13:47:45,9.46,0.0,17,16082,买盘
1719,13:47:54,9.46,0.0,41,38786,买盘
1720,13:48:04,9.46,0.0,13,12298,买盘
1721,13:48:09,9.45,-0.01,307,290115,卖盘
1722,13:48:16,9.46,0.01,3,2838,买盘
1723,13:48:24,9.47,0.01,62,58682,买盘
1724,13:48:37,9.47,0.0,12,11354,买盘
1725,13:48:45,9.46,-0.01,2,1892,买盘
1726,13:48:55,9.45,-0.01,177,166993,买盘
1727,13:49:06,9.45,0.0,35,33075,买盘
1728,13:49:10,9.45,0.0,4,3780,买盘
1729,13:49:16,9.46,0.01,7,6622,买盘
1730,13:49:22,9.46,0.0,14,13244,买盘
1731,13:49:24,9.46,0.0,2,1892,买盘
1732,13:49:34,9.46,0.0,1,946,买盘
1733,13:49:36,9.46,0.0,4,3784,买盘
1734,13:49:39,9.46,0.0,20,18920,买盘
1735,13:49:42,9.45,-0.01,102,96390,卖盘
1736,13:49:45,9.46,0.01,1,946,买盘
1737,13:49:49,9.46,0.0,2,1892,买盘
1738,13:49:51,9.45,-0.01,9,8505,卖盘
1739,13:49:55,9.45,0.0,127,120117,卖盘
1740,13:49:58,9.46,0.01,8,7568,买盘
1741,13:50:07,9.45,-0.01,78,73738,卖盘
1742,13:50:15,9.46,0.01,18,17028,买盘
1743,13:50:24,9.46,0.0,4,3784,买盘
1744,13:50:27,9.46,0.0,5,4730,买盘
1745,13:50:36,9.46,0.0,1,946,买盘
1746,13:50:43,9.46,0.0,11,10396,买盘
1747,13:50:45,9.47,0.01,11,10404,买盘
1748,13:50:52,9.46,-0.01,11,10406,卖盘
1749,13:50:55,9.47,0.01,29,27463,买盘
1750,13:50:58,9.47,0.0,58,54926,买盘
1751,13:51:04,9.47,0.0,16,15152,买盘
1752,13:51:07,9.46,-0.01,31,29363,卖盘
1753,13:51:10,9.47,0.01,7,6629,中性盘
1754,13:51:12,9.48,0.01,150,142166,买盘
1755,13:51:16,9.48,0.0,59,55932,买盘
1756,13:51:21,9.49,0.01,184,174494,买盘
1757,13:51:25,9.49,0.0,10,9490,买盘
1758,13:51:28,9.49,0.0,178,168882,买盘
1759,13:51:31,9.49,0.0,10,9490,买盘
1760,13:51:34,9.5,0.01,4,3800,买盘
1761,13:51:36,9.5,0.0,68,64600,买盘
1762,13:51:39,9.51,0.01,2,1902,买盘
1763,13:51:42,9.51,0.0,2,1902,买盘
1764,13:51:46,9.53,0.02,56,53317,买盘
1765,13:51:55,9.54,0.01,91,86767,买盘
1766,13:51:57,9.54,0.0,12,11448,买盘
1767,13:52:04,9.53,-0.01,20,19060,卖盘
1768,13:52:07,9.53,0.0,34,32423,卖盘
1769,13:52:10,9.53,0.0,14,13342,买盘
1770,13:52:12,9.53,0.0,8,7608,买盘
1771,13:52:16,9.53,0.0,10,9530,买盘
1772,13:52:25,9.52,-0.01,1,952,买盘
1773,13:52:28,9.52,0.0,7,6664,买盘
1774,13:52:34,9.5,-0.02,151,143450,卖盘
1775,13:52:36,9.51,0.01,1,951,买盘
1776,13:52:39,9.5,-0.01,10,9500,卖盘
1777,13:52:46,9.52,0.02,32,30464,买盘
1778,13:52:49,9.51,-0.01,27,25677,卖盘
1779,13:52:55,9.53,0.02,125,119084,买盘
1780,13:53:04,9.51,-0.02,25,23801,卖盘
1781,13:53:07,9.51,0.0,56,53256,买盘
1782,13:53:10,9.53,0.02,82,78038,买盘
1783,13:53:16,9.54,0.01,36,34340,买盘
1784,13:53:19,9.54,0.0,4,3816,买盘
1785,13:53:22,9.54,0.0,7,6678,买盘
1786,13:53:25,9.54,0.0,3,2862,买盘
1787,13:53:28,9.54,0.0,32,30523,买盘
1788,13:53:31,9.53,-0.01,36,34352,卖盘
1789,13:53:37,9.55,0.02,17,16230,买盘
1790,13:53:43,9.53,-0.02,46,43838,卖盘
1791,13:53:46,9.54,0.01,14,13352,买盘
1792,13:53:48,9.53,-0.01,16,15248,卖盘
1793,13:53:55,9.57,0.04,238,227205,买盘
1794,13:54:01,9.55,-0.02,25,23875,卖盘
1795,13:54:07,9.59,0.04,51,48811,买盘
1796,13:54:10,9.55,-0.04,4,3820,卖盘
1797,13:54:16,9.56,0.01,5,4780,买盘
1798,13:54:18,9.55,-0.01,21,20055,卖盘
1799,13:54:22,9.55,0.0,1,955,买盘
1800,13:54:25,9.55,0.0,3,2865,买盘
1801,13:54:28,9.55,0.0,67,63985,买盘
1802,13:54:37,9.55,0.0,14,13370,买盘
1803,13:54:43,9.54,-0.01,10,9540,中性盘
1804,13:54:45,9.55,0.01,3,2865,买盘
1805,13:54:55,9.58,0.03,217,207659,买盘
1806,13:55:04,9.57,-0.01,3,2871,卖盘
1807,13:55:06,9.58,0.01,43,41185,买盘
1808,13:55:13,9.57,-0.01,2,1914,买盘
1809,13:55:16,9.57,0.0,3,2867,买盘
1810,13:55:21,9.57,0.0,50,47850,买盘
1811,13:55:28,9.57,0.0,17,16259,买盘
1812,13:55:37,9.58,0.01,15,14357,买盘
1813,13:55:46,9.57,-0.01,3,2871,买盘
1814,13:55:49,9.57,0.0,1,957,买盘
1815,13:55:55,9.6,0.03,258,247344,买盘
1816,13:55:58,9.57,-0.03,22,21054,买盘
1817,13:56:07,9.57,0.0,57,54549,买盘
1818,13:56:10,9.54,-0.03,114,109077,卖盘
1819,13:56:16,9.56,0.02,27,25780,买盘
1820,13:56:27,9.56,0.0,68,65008,买盘
1821,13:56:31,9.56,0.0,5,4780,买盘
1822,13:56:40,9.53,-0.03,56,53370,卖盘
1823,13:56:46,9.57,0.04,26,24861,买盘
1824,13:56:55,9.57,0.0,153,146406,买盘
1825,13:56:58,9.57,0.0,5,4785,买盘
1826,13:57:06,9.56,-0.01,32,30582,买盘
1827,13:57:09,9.56,0.0,28,26768,买盘
1828,13:57:16,9.54,-0.02,72,68732,卖盘
1829,13:57:19,9.54,0.0,6,5724,买盘
1830,13:57:22,9.54,0.0,3,2862,买盘
1831,13:57:28,9.54,0.0,48,45792,买盘
1832,13:57:34,9.53,-0.01,56,53374,卖盘
1833,13:57:37,9.53,0.0,16,15295,卖盘
1834,13:57:40,9.57,0.04,1,957,买盘
1835,13:57:46,9.54,-0.03,8,7632,卖盘
1836,13:57:49,9.56,0.02,14,13384,买盘
1837,13:57:55,9.57,0.01,187,178953,买盘
1838,13:57:57,9.56,-0.01,2,1912,买盘
1839,13:58:07,9.57,0.01,40,38280,买盘
1840,13:58:12,9.56,-0.01,8,7648,卖盘
1841,13:58:19,9.57,0.01,8,7656,买盘
1842,13:58:22,9.56,-0.01,12,11472,卖盘
1843,13:58:28,9.56,0.0,12,11472,买盘
1844,13:58:37,9.56,0.0,14,13364,买盘
1845,13:58:40,9.54,-0.02,1,954,卖盘
1846,13:58:43,9.54,0.0,5,4770,卖盘
1847,13:58:48,9.56,0.02,3,2868,买盘
1848,13:58:55,9.59,0.03,260,248774,买盘
1849,13:59:01,9.6,0.01,49,46956,买盘
1850,13:59:07,9.58,-0.02,53,50774,买盘
1851,13:59:16,9.58,0.0,5,4790,买盘
1852,13:59:19,9.58,0.0,20,19160,买盘
1853,13:59:22,9.58,0.0,4,3832,买盘
1854,13:59:25,9.56,-0.02,8,7654,卖盘
1855,13:59:28,9.58,0.02,41,39278,买盘
1856,13:59:31,9.58,0.0,2,1916,买盘
1857,13:59:34,9.58,0.0,6,5748,买盘
1858,13:59:37,9.58,0.0,16,15323,买盘
1859,13:59:42,9.58,0.0,7,6706,买盘
1860,13:59:49,9.58,0.0,52,49816,买盘
1861,13:59:55,9.57,-0.01,213,204308,中性盘
1862,13:59:57,9.57,0.0,4,3826,中性盘
1863,14:00:01,9.6,0.03,21,20136,买盘
1864,14:00:07,9.61,0.01,54,51879,买盘
1865,14:00:19,9.61,0.0,15,14399,买盘
1866,14:00:25,9.6,-0.01,2,1920,卖盘
1867,14:00:27,9.61,0.01,49,47012,买盘
1868,14:00:33,9.6,-0.01,4,3840,买盘
1869,14:00:36,9.61,0.01,10,9602,买盘
1870,14:00:40,9.6,-0.01,1,960,中性盘
1871,14:00:43,9.6,0.0,9,8640,卖盘
1872,14:00:46,9.6,0.0,3,2880,买盘
1873,14:00:49,9.6,0.0,3,2880,买盘
1874,14:00:55,9.62,0.02,220,211447,买盘
1875,14:00:58,9.6,-0.02,13,12483,中性盘
1876,14:01:07,9.62,0.02,66,63438,买盘
1877,14:01:13,9.6,-0.02,12,11521,卖盘
1878,14:01:16,9.6,0.0,1,960,买盘
1879,14:01:25,9.6,0.0,8,7680,卖盘
1880,14:01:27,9.6,0.0,4,3840,买盘
1881,14:01:34,9.6,0.0,20,19200,买盘
1882,14:01:37,9.6,0.0,18,17280,买盘
1883,14:01:40,9.6,0.0,1,960,买盘
1884,14:01:43,9.6,0.0,1,960,买盘
1885,14:01:49,9.6,0.0,58,55680,买盘
1886,14:01:52,9.59,-0.01,11,10549,买盘
1887,14:01:55,9.59,0.0,10,9587,买盘
1888,14:01:58,9.59,0.0,12,11508,买盘
1889,14:02:01,9.59,0.0,7,6713,买盘
1890,14:02:04,9.59,0.0,8,7672,买盘
1891,14:02:07,9.58,-0.01,23,22052,卖盘
1892,14:02:10,9.59,0.01,15,14385,买盘
1893,14:02:13,9.6,0.01,18,17269,买盘
1894,14:02:16,9.58,-0.02,18,17260,卖盘
1895,14:02:19,9.6,0.02,8,7680,买盘
1896,14:02:22,9.6,0.0,5,4800,买盘
1897,14:02:25,9.6,0.0,6,5760,买盘
1898,14:02:28,9.6,0.0,28,26880,买盘
1899,14:02:31,9.6,0.0,35,33600,买盘
1900,14:02:34,9.6,0.0,10,9600,买盘
1901,14:02:37,9.6,0.0,20,19200,买盘
1902,14:02:40,9.6,0.0,45,43200,买盘
1903,14:02:43,9.62,0.02,22,21164,买盘
1904,14:02:46,9.62,0.0,28,26936,买盘
1905,14:02:49,9.62,0.0,32,30784,买盘
1906,14:02:52,9.63,0.01,83,79829,买盘
1907,14:02:55,9.64,0.01,134,129051,买盘
1908,14:02:58,9.64,0.0,19,18315,买盘
1909,14:03:04,9.63,-0.01,1,963,中性盘
1910,14:03:10,9.62,-0.01,5,4810,卖盘
1911,14:03:13,9.63,0.01,4,3852,买盘
1912,14:03:19,9.63,0.0,6,5778,买盘
1913,14:03:31,9.63,0.0,111,106893,买盘
1914,14:03:34,9.63,0.0,4,3852,买盘
1915,14:03:40,9.64,0.01,76,73191,买盘
1916,14:03:43,9.64,0.0,36,34704,买盘
1917,14:03:49,9.64,0.0,38,36632,买盘
1918,14:03:55,9.64,0.0,40,38560,买盘
1919,14:03:58,9.62,-0.02,52,50074,卖盘
1920,14:04:04,9.64,0.02,1,964,买盘
1921,14:04:10,9.64,0.0,34,32776,买盘
1922,14:04:13,9.66,0.02,219,211221,买盘
1923,14:04:16,9.63,-0.03,70,67410,买盘
1924,14:04:19,9.63,0.0,47,45307,卖盘
1925,14:04:25,9.62,-0.01,3,2886,卖盘
1926,14:04:31,9.63,0.01,74,71262,买盘
1927,14:04:34,9.62,-0.01,4,3848,卖盘
1928,14:04:40,9.65,0.03,16,15418,买盘
1929,14:04:43,9.62,-0.03,1,962,中性盘
1930,14:04:46,9.62,0.0,1,962,卖盘
1931,14:04:49,9.64,0.02,3,2891,买盘
1932,14:04:55,9.63,-0.01,5,4815,卖盘
1933,14:04:58,9.62,-0.01,1,962,卖盘
1934,14:05:00,9.63,0.01,1,963,买盘
1935,14:05:07,9.62,-0.01,30,28860,卖盘
1936,14:05:10,9.62,0.0,5,4812,卖盘
1937,14:05:13,9.64,0.02,234,225433,买盘
1938,14:05:19,9.63,-0.01,10,9630,卖盘
1939,14:05:22,9.64,0.01,110,106030,买盘
1940,14:05:25,9.63,-0.01,22,21186,卖盘
1941,14:05:28,9.63,0.0,10,9630,卖盘
1942,14:05:31,9.63,0.0,10,9630,卖盘
1943,14:05:34,9.63,0.0,9,8667,卖盘
1944,14:05:37,9.63,0.0,44,42372,买盘
1945,14:05:40,9.63,0.0,1,963,买盘
1946,14:05:46,9.63,0.0,4,3852,买盘
1947,14:05:52,9.65,0.02,97,93506,买盘
1948,14:05:57,9.61,-0.04,182,175050,卖盘
1949,14:06:01,9.64,0.03,20,19280,买盘
1950,14:06:04,9.63,-0.01,6,5778,中性盘
1951,14:06:07,9.63,0.0,2,1926,卖盘
1952,14:06:10,9.64,0.01,40,38538,买盘
1953,14:06:12,9.65,0.01,184,177471,买盘
1954,14:06:16,9.63,-0.02,21,20223,中性盘
1955,14:06:22,9.62,-0.01,34,32732,卖盘
1956,14:06:31,9.64,0.02,48,46257,买盘
1957,14:06:37,9.62,-0.02,2,1924,卖盘
1958,14:06:40,9.62,0.0,22,21173,卖盘
1959,14:06:43,9.62,0.0,3,2886,卖盘
1960,14:06:46,9.63,0.01,5,4815,买盘
1961,14:06:49,9.63,0.0,20,19250,买盘
1962,14:06:52,9.63,0.0,35,33711,卖盘
1963,14:06:55,9.63,0.0,11,10593,卖盘
1964,14:06:58,9.64,0.01,91,87680,买盘
1965,14:07:01,9.63,-0.01,12,11556,中性盘
1966,14:07:06,9.63,0.0,20,19260,买盘
1967,14:07:10,9.62,-0.01,57,54856,卖盘
1968,14:07:13,9.64,0.02,237,228271,买盘
1969,14:07:18,9.63,-0.01,14,13482,卖盘
1970,14:07:22,9.63,0.0,21,20239,卖盘
1971,14:07:28,9.62,-0.01,106,102030,卖盘
1972,14:07:31,9.64,0.02,50,48190,买盘
1973,14:07:33,9.63,-0.01,1,963,买盘
1974,14:07:37,9.63,0.0,7,6741,买盘
1975,14:07:46,9.63,0.0,4,3852,买盘
1976,14:07:49,9.62,-0.01,10,9620,卖盘
1977,14:07:52,9.64,0.02,37,35664,买盘
1978,14:07:58,9.63,-0.01,10,9630,卖盘
1979,14:08:00,9.64,0.01,10,9640,买盘
1980,14:08:07,9.63,-0.01,4,3852,卖盘
1981,14:08:10,9.62,-0.01,9,8662,卖盘
1982,14:08:13,9.66,0.04,197,190003,买盘
1983,14:08:16,9.62,-0.04,3,2886,卖盘
1984,14:08:21,9.63,0.01,3,2889,买盘
1985,14:08:31,9.63,0.0,40,38520,买盘
1986,14:08:37,9.63,0.0,2,1926,买盘
1987,14:08:40,9.63,0.0,8,7704,买盘
1988,14:08:46,9.63,0.0,17,16371,买盘
1989,14:08:52,9.62,-0.01,8,7699,卖盘
1990,14:08:54,9.62,0.0,41,39442,卖盘
1991,14:09:01,9.63,0.01,5,4815,买盘
1992,14:09:10,9.63,0.0,10,9630,买盘
1993,14:09:13,9.65,0.02,233,224670,买盘
1994,14:09:19,9.62,-0.03,147,141415,卖盘
1995,14:09:21,9.63,0.01,49,47313,买盘
1996,14:09:31,9.66,0.03,39,37674,买盘
1997,14:09:40,9.65,-0.01,8,7720,买盘
1998,14:09:46,9.64,-0.01,90,86671,中性盘
1999,14:09:52,9.64,0.0,3,2892,卖盘
2000,14:10:01,9.65,0.01,41,39565,买盘
2001,14:10:07,9.65,0.0,6,5790,买盘
2002,14:10:10,9.65,0.0,58,55970,买盘
2003,14:10:13,9.68,0.03,217,209773,买盘
2004,14:10:16,9.66,-0.02,74,71415,中性盘
2005,14:10:19,9.66,0.0,33,31922,卖盘
2006,14:10:22,9.66,0.0,38,36724,卖盘
2007,14:10:25,9.68,0.02,4,3872,买盘
2008,14:10:28,9.68,0.0,4,3872,买盘
2009,14:10:34,9.68,0.0,181,175205,买盘
2010,14:10:40,9.68,0.0,16,15488,买盘
2011,14:10:43,9.69,0.01,37,35835,买盘
2012,14:10:49,9.68,-0.01,7,6776,卖盘
2013,14:10:55,9.69,0.01,27,26159,买盘
2014,14:11:01,9.69,0.0,88,85221,买盘
2015,14:11:07,9.68,-0.01,17,16459,卖盘
2016,14:11:13,9.7,0.02,247,239404,买盘
2017,14:11:16,9.67,-0.03,5,4835,卖盘
2018,14:11:25,9.69,0.02,1,969,买盘
2019,14:11:36,9.7,0.01,1,970,买盘
2020,14:11:46,9.68,-0.02,4,3872,卖盘
2021,14:12:07,9.68,0.0,3,2904,卖盘
2022,14:12:10,9.68,0.0,10,9680,卖盘
2023,14:12:13,9.69,0.01,300,291036,买盘
2024,14:12:22,9.69,0.0,1,969,卖盘
2025,14:12:46,9.71,0.02,172,166951,买盘
2026,14:12:49,9.69,-0.02,14,13566,卖盘
2027,14:12:52,9.69,0.0,16,15504,卖盘
2028,14:12:58,9.69,0.0,26,25194,卖盘
2029,14:13:04,9.7,0.01,57,55262,买盘
2030,14:13:13,9.71,0.01,334,323692,买盘
2031,14:13:18,9.69,-0.02,5,4847,卖盘
2032,14:13:37,9.7,0.01,17,16474,买盘
2033,14:13:43,9.69,-0.01,4,3876,卖盘
2034,14:13:46,9.7,0.01,8,7760,买盘
2035,14:13:54,9.69,-0.01,77,74613,卖盘
2036,14:14:01,9.69,0.0,54,52326,卖盘
2037,14:14:13,9.72,0.03,229,222325,买盘
2038,14:14:16,9.69,-0.03,20,19380,卖盘
2039,14:14:25,9.72,0.03,166,161334,买盘
2040,14:14:37,9.69,-0.03,110,106590,卖盘
2041,14:14:55,9.71,0.02,55,53404,买盘
2042,14:14:58,9.69,-0.02,82,79463,卖盘
2043,14:15:00,9.69,0.0,31,30039,卖盘
2044,14:15:07,9.7,0.01,4,3880,卖盘
2045,14:15:12,9.71,0.01,142,137882,买盘
2046,14:15:19,9.71,0.0,32,31070,买盘
2047,14:15:22,9.72,0.01,60,59043,买盘
2048,14:15:25,9.73,0.01,6,5837,买盘
2049,14:15:28,9.73,0.0,45,43785,买盘
2050,14:15:31,9.72,-0.01,84,81649,卖盘
2051,14:15:34,9.72,0.0,2,1196,卖盘
2052,14:15:37,9.72,0.0,8,7776,买盘
2053,14:15:40,9.72,0.0,1,972,买盘
2054,14:15:42,9.72,0.0,1,972,买盘
2055,14:15:46,9.72,0.0,23,22346,买盘
2056,14:15:49,9.71,-0.01,2,1942,卖盘
2057,14:15:55,9.72,0.01,11,10692,买盘
2058,14:16:06,9.71,-0.01,10,9710,卖盘
2059,14:16:13,9.74,0.03,285,277280,买盘
2060,14:16:28,9.74,0.0,73,71096,买盘
2061,14:16:31,9.72,-0.02,27,26288,卖盘
2062,14:16:46,9.74,0.02,4,3893,买盘
2063,14:16:55,9.72,-0.02,69,67193,卖盘
2064,14:16:58,9.74,0.02,23,23152,买盘
2065,14:17:01,9.74,0.0,3,2922,卖盘
2066,14:17:04,9.74,0.0,5,4870,卖盘
2067,14:17:10,9.75,0.01,97,94575,买盘
2068,14:17:13,9.8,0.05,287,280815,买盘
2069,14:17:37,9.78,-0.02,80,78134,买盘
2070,14:17:40,9.78,0.0,7,6846,买盘
2071,14:17:43,9.77,-0.01,18,17596,卖盘
2072,14:17:46,9.76,-0.01,97,94684,卖盘
2073,14:17:55,9.78,0.02,150,146619,买盘
2074,14:17:58,9.77,-0.01,10,9770,卖盘
2075,14:18:01,9.77,0.0,2,1954,买盘
2076,14:18:04,9.76,-0.01,8,7808,卖盘
2077,14:18:07,9.75,-0.01,5,4875,卖盘
2078,14:18:10,9.76,0.01,4,3904,买盘
2079,14:18:12,9.76,0.0,244,238438,买盘
2080,14:18:16,9.77,0.01,39,38046,中性盘
2081,14:18:19,9.76,-0.01,16,15616,卖盘
2082,14:18:31,9.76,0.0,35,34160,卖盘
2083,14:18:37,9.76,0.0,29,28304,卖盘
2084,14:18:43,9.75,-0.01,24,23400,卖盘
2085,14:18:46,9.76,0.01,35,34160,买盘
2086,14:18:49,9.75,-0.01,51,49725,卖盘
2087,14:18:52,9.76,0.01,102,99552,买盘
2088,14:18:55,9.75,-0.01,127,123903,卖盘
2089,14:18:58,9.75,0.0,20,19500,买盘
2090,14:19:01,9.75,0.0,10,9750,买盘
2091,14:19:09,9.75,0.0,11,10725,卖盘
2092,14:19:13,9.78,0.03,235,229575,买盘
2093,14:19:16,9.75,-0.03,5,4875,卖盘
2094,14:19:28,9.76,0.01,100,97600,卖盘
2095,14:19:37,9.77,0.01,109,106443,买盘
2096,14:19:40,9.78,0.01,2,1955,买盘
2097,14:19:43,9.77,-0.01,4,3908,卖盘
2098,14:19:46,9.78,0.01,34,33252,买盘
2099,14:19:58,9.78,0.0,4,3912,买盘
2100,14:20:04,9.79,0.01,71,69454,买盘
2101,14:20:12,9.8,0.01,305,298815,买盘
2102,14:20:16,9.79,-0.01,111,108639,中性盘
2103,14:20:19,9.79,0.0,61,59720,卖盘
2104,14:20:22,9.78,-0.01,30,29342,卖盘
2105,14:20:25,9.79,0.01,3,2937,中性盘
2106,14:20:31,9.79,0.0,5,4895,买盘
2107,14:20:46,9.77,-0.02,25,24425,卖盘
2108,14:20:49,9.77,0.0,78,76206,卖盘
2109,14:20:55,9.78,0.01,22,21516,买盘
2110,14:20:57,9.77,-0.01,120,117240,卖盘
2111,14:21:00,9.77,0.0,32,31274,卖盘
2112,14:21:07,9.77,0.0,148,144596,卖盘
2113,14:21:10,9.78,0.01,20,19560,买盘
2114,14:21:13,9.8,0.02,115,112543,买盘
2115,14:21:22,9.78,-0.02,20,19560,卖盘
2116,14:21:25,9.77,-0.01,170,166090,卖盘
2117,14:21:33,9.78,0.01,20,19560,买盘
2118,14:21:46,9.77,-0.01,100,97700,卖盘
2119,14:21:49,9.78,0.01,109,106502,买盘
2120,14:21:52,9.77,-0.01,4,3908,卖盘
2121,14:21:55,9.8,0.03,399,390751,买盘
2122,14:21:58,9.78,-0.02,54,52762,买盘
2123,14:22:01,9.77,-0.01,30,29310,卖盘
2124,14:22:04,9.82,0.05,108,105870,买盘
2125,14:22:07,9.82,0.0,14,13748,卖盘
2126,14:22:16,9.78,-0.04,144,140832,卖盘
2127,14:22:19,9.78,0.0,50,48900,卖盘
2128,14:22:21,9.8,0.02,876,858424,买盘
2129,14:22:34,9.78,-0.02,141,137970,卖盘
2130,14:22:37,9.8,0.02,52,50958,买盘
2131,14:22:49,9.78,-0.02,1,978,卖盘
2132,14:22:52,9.79,0.01,2,1957,买盘
2133,14:22:55,9.82,0.03,316,309572,买盘
2134,14:22:57,9.78,-0.04,9,8802,中性盘
2135,14:23:01,9.83,0.05,9,8834,买盘
2136,14:23:04,9.78,-0.05,1,978,卖盘
2137,14:23:13,9.78,0.0,33,32274,卖盘
2138,14:23:16,9.79,0.01,1,979,买盘
2139,14:23:24,9.79,0.0,2,1958,买盘
2140,14:23:28,9.79,0.0,13,12727,卖盘
2141,14:23:37,9.8,0.01,78,76440,买盘
2142,14:23:43,9.8,0.0,58,56790,买盘
2143,14:23:52,9.78,-0.02,10,9788,卖盘
2144,14:23:58,9.79,0.01,108,105831,中性盘
2145,14:24:01,9.79,0.0,22,21538,买盘
2146,14:24:07,9.8,0.01,28,27440,买盘
2147,14:24:10,9.78,-0.02,22,21528,卖盘
2148,14:24:19,9.8,0.02,357,350259,买盘
2149,14:24:21,9.8,0.0,2,1960,卖盘
2150,14:24:25,9.78,-0.02,10,9780,卖盘
2151,14:24:28,9.83,0.05,136,133633,买盘
2152,14:24:40,9.8,-0.03,20,19600,卖盘
2153,14:24:43,9.79,-0.01,10,9790,卖盘
2154,14:24:52,9.8,0.01,5,4900,买盘
2155,14:25:07,9.8,0.0,26,25457,买盘
2156,14:25:16,9.79,-0.01,25,24480,卖盘
2157,14:25:28,9.8,0.01,78,76394,买盘
2158,14:25:34,9.79,-0.01,2,1958,卖盘
2159,14:25:40,9.79,0.0,2,1959,卖盘
2160,14:25:43,9.79,0.0,7,6853,卖盘
2161,14:26:01,9.79,0.0,7,6853,买盘
2162,14:26:04,9.8,0.01,280,274391,买盘
2163,14:26:18,9.78,-0.02,2,1956,卖盘
2164,14:26:24,9.78,0.0,68,66504,卖盘
2165,14:26:37,9.79,0.01,133,130197,买盘
2166,14:26:40,9.79,0.0,1,979,卖盘
2167,14:26:43,9.79,0.0,115,112585,卖盘
2168,14:26:58,9.8,0.01,33,32340,买盘
2169,14:27:01,9.79,-0.01,59,57761,卖盘
2170,14:27:19,9.8,0.01,1,980,买盘
2171,14:27:21,9.79,-0.01,10,9790,卖盘
2172,14:27:24,9.79,0.0,16,15664,卖盘
2173,14:27:28,9.79,0.0,12,11748,卖盘
2174,14:27:34,9.79,0.0,24,23496,卖盘
2175,14:27:37,9.79,0.0,21,20559,卖盘
2176,14:27:43,9.8,0.01,11,10780,买盘
2177,14:27:46,9.79,-0.01,2,1958,卖盘
2178,14:27:52,9.78,-0.01,268,262104,卖盘
2179,14:27:58,9.78,0.0,67,65526,卖盘
2180,14:28:13,9.77,-0.01,27,26379,卖盘
2181,14:28:21,9.76,-0.01,10,9760,卖盘
2182,14:28:27,9.77,0.01,21,20517,买盘
2183,14:28:30,9.76,-0.01,27,26352,卖盘
2184,14:28:33,9.76,0.0,5,4880,卖盘
2185,14:28:42,9.76,0.0,1,976,卖盘
2186,14:28:46,9.76,0.0,7,6832,卖盘
2187,14:28:58,9.76,0.0,1,976,买盘
2188,14:29:01,9.75,-0.01,50,48750,卖盘
2189,14:29:04,9.76,0.01,4,3904,买盘
2190,14:29:07,9.75,-0.01,43,41935,卖盘
2191,14:29:10,9.74,-0.01,1,974,卖盘
2192,14:29:13,9.74,0.0,16,15590,卖盘
2193,14:29:24,9.74,0.0,23,22402,卖盘
2194,14:29:42,9.74,0.0,4,3896,买盘
2195,14:29:46,9.74,0.0,37,36003,买盘
2196,14:30:01,9.72,-0.02,20,19440,卖盘
2197,14:30:04,9.73,0.01,20,19460,买盘
2198,14:30:13,9.72,-0.01,5,4860,卖盘
2199,14:30:19,9.73,0.01,10,9730,买盘
2200,14:30:30,9.73,0.0,31,30163,卖盘
2201,14:30:34,9.73,0.0,14,13622,卖盘
2202,14:30:39,9.73,0.0,13,12649,买盘
2203,14:30:52,9.73,0.0,30,29190,买盘
2204,14:30:55,9.72,-0.01,30,29170,卖盘
2205,14:31:01,9.72,0.0,10,9720,卖盘
2206,14:31:25,9.72,0.0,10,9720,卖盘
2207,14:31:34,9.73,0.01,10,9730,买盘
2208,14:31:46,9.73,0.0,2,1946,买盘
2209,14:31:52,9.73,0.0,42,40866,卖盘
2210,14:31:55,9.72,-0.01,10,9729,卖盘
2211,14:31:58,9.73,0.01,10,9730,卖盘
2212,14:32:04,9.73,0.0,47,45731,买盘
2213,14:32:16,9.73,0.0,25,24325,买盘
2214,14:32:24,9.73,0.0,50,48650,卖盘
2215,14:32:30,9.73,0.0,5,4865,卖盘
2216,14:32:33,9.74,0.01,9,8766,买盘
2217,14:32:36,9.73,-0.01,8,7785,卖盘
2218,14:32:55,9.76,0.03,152,147336,买盘
2219,14:32:58,9.76,0.0,33,32208,卖盘
2220,14:33:01,9.76,0.0,2,1952,卖盘
2221,14:33:04,9.76,0.0,1,976,卖盘
2222,14:33:07,9.77,0.01,16,15632,买盘
2223,14:33:10,9.76,-0.01,5,4880,卖盘
2224,14:33:28,9.76,0.0,22,21472,卖盘
2225,14:33:37,9.76,0.0,14,14445,卖盘
2226,14:33:43,9.76,0.0,1,976,买盘
2227,14:33:49,9.76,0.0,30,29280,买盘
2228,14:33:52,9.76,0.0,15,14640,买盘
2229,14:34:19,9.76,0.0,6,5856,买盘
2230,14:34:25,9.73,-0.03,27,26281,卖盘
2231,14:34:28,9.75,0.02,4,3900,买盘
2232,14:34:46,9.73,-0.02,87,84651,卖盘
2233,14:34:55,9.75,0.02,10,9750,买盘
2234,14:35:25,9.76,0.01,3,2928,买盘
2235,14:35:34,9.75,-0.01,5,4875,买盘
2236,14:35:37,9.73,-0.02,333,324233,卖盘
2237,14:35:43,9.76,0.03,1,976,买盘
2238,14:35:49,9.73,-0.03,6,5838,卖盘
2239,14:35:55,9.72,-0.01,19,18468,卖盘
2240,14:35:58,9.73,0.01,21,20433,买盘
2241,14:36:04,9.73,0.0,10,9730,买盘
2242,14:36:06,9.72,-0.01,140,136080,卖盘
2243,14:36:13,9.72,0.0,11,10692,买盘
2244,14:36:28,9.7,-0.02,195,189240,卖盘
2245,14:36:37,9.7,0.0,4,3880,买盘
2246,14:36:40,9.7,0.0,23,22310,买盘
2247,14:36:43,9.7,0.0,3,2910,卖盘
2248,14:36:52,9.7,0.0,10,9700,卖盘
2249,14:36:57,9.7,0.0,11,10680,卖盘
2250,14:37:01,9.7,0.0,1,970,卖盘
2251,14:37:04,9.7,0.0,1,970,卖盘
2252,14:37:07,9.7,0.0,2,1940,卖盘
2253,14:37:10,9.7,0.0,9,8730,卖盘
2254,14:37:13,9.7,0.0,10,9700,买盘
2255,14:37:16,9.71,0.01,4,3884,买盘
2256,14:37:19,9.7,-0.01,1,970,卖盘
2257,14:37:25,9.7,0.0,1,970,卖盘
2258,14:37:27,9.7,0.0,15,14550,卖盘
2259,14:37:31,9.7,0.0,32,31040,卖盘
2260,14:37:34,9.7,0.0,14,13580,卖盘
2261,14:37:40,9.69,-0.01,9,8721,卖盘
2262,14:37:43,9.69,0.0,5,4845,卖盘
2263,14:37:46,9.69,0.0,3,2907,卖盘
2264,14:37:49,9.69,0.0,4,3876,卖盘
2265,14:37:52,9.69,0.0,19,18411,卖盘
2266,14:37:57,9.68,-0.01,12,11617,卖盘
2267,14:38:01,9.69,0.01,6,5812,买盘
2268,14:38:04,9.68,-0.01,1,968,卖盘
2269,14:38:07,9.68,0.0,12,11616,卖盘
2270,14:38:10,9.68,0.0,2,1936,卖盘
2271,14:38:13,9.68,0.0,13,12584,卖盘
2272,14:38:16,9.68,0.0,1,968,卖盘
2273,14:38:19,9.68,0.0,1,968,卖盘
2274,14:38:25,9.67,-0.01,1,967,卖盘
2275,14:38:30,9.67,0.0,5,4835,卖盘
2276,14:38:34,9.67,0.0,38,36746,卖盘
2277,14:38:37,9.67,0.0,10,9670,买盘
2278,14:38:40,9.67,0.0,10,9670,买盘
2279,14:38:43,9.67,0.0,10,9670,买盘
2280,14:38:46,9.66,-0.01,27,26082,卖盘
2281,14:38:52,9.66,0.0,5,4830,卖盘
2282,14:38:55,9.66,0.0,28,27048,卖盘
2283,14:39:01,9.65,-0.01,12,11580,卖盘
2284,14:39:04,9.66,0.01,10,9660,买盘
2285,14:39:07,9.65,-0.01,2,1930,卖盘
2286,14:39:10,9.65,0.0,1,965,卖盘
2287,14:39:19,9.65,0.0,3,2895,卖盘
2288,14:39:22,9.65,0.0,4,3860,卖盘
2289,14:39:28,9.65,0.0,1,965,卖盘
2290,14:39:31,9.65,0.0,2,1930,买盘
2291,14:39:40,9.65,0.0,2,1930,卖盘
2292,14:39:43,9.66,0.01,1,966,买盘
2293,14:39:49,9.66,0.0,21,20286,买盘
2294,14:39:52,9.66,0.0,44,42504,买盘
2295,14:39:55,9.66,0.0,7,6173,买盘
2296,14:40:01,9.67,0.01,1,967,买盘
2297,14:40:12,9.67,0.0,20,19340,买盘
2298,14:40:18,9.67,0.0,48,46382,买盘
2299,14:40:22,9.67,0.0,9,8703,买盘
2300,14:40:25,9.67,0.0,20,19340,买盘
2301,14:40:27,9.67,0.0,15,14505,买盘
2302,14:40:37,9.67,0.0,10,9670,买盘
2303,14:40:40,9.67,0.0,7,6769,买盘
2304,14:40:42,9.67,0.0,5,4835,买盘
2305,14:40:46,9.66,-0.01,5,4831,卖盘
2306,14:40:49,9.67,0.01,5,4835,买盘
2307,14:40:52,9.67,0.0,2,1934,买盘
2308,14:40:58,9.67,0.0,3,2901,买盘
2309,14:41:19,9.67,0.0,6,5802,买盘
2310,14:41:31,9.67,0.0,20,19340,买盘
2311,14:41:34,9.67,0.0,17,16439,卖盘
2312,14:41:37,9.67,0.0,18,17406,卖盘
2313,14:41:43,9.67,0.0,11,10637,买盘
2314,14:41:46,9.67,0.0,1,967,买盘
2315,14:41:52,9.66,-0.01,47,45442,卖盘
2316,14:41:55,9.66,0.0,8,7733,卖盘
2317,14:41:58,9.66,0.0,1,966,卖盘
2318,14:42:07,9.67,0.01,15,14495,买盘
2319,14:42:10,9.66,-0.01,41,40195,卖盘
2320,14:42:16,9.66,0.0,68,65099,买盘
2321,14:42:31,9.66,0.0,34,32844,卖盘
2322,14:42:33,9.66,0.0,29,28603,卖盘
2323,14:42:40,9.65,-0.01,4,3860,卖盘
2324,14:42:46,9.65,0.0,40,38633,卖盘
2325,14:42:49,9.66,0.01,28,26449,买盘
2326,14:43:01,9.66,0.0,2,1932,卖盘
2327,14:43:04,9.66,0.0,2,1932,买盘
2328,14:43:07,9.66,0.0,1,966,卖盘
2329,14:43:13,9.66,0.0,7,6762,卖盘
2330,14:43:15,9.66,0.0,2,1932,卖盘
2331,14:43:25,9.65,-0.01,90,86885,卖盘
2332,14:43:31,9.66,0.01,10,9660,卖盘
2333,14:43:34,9.66,0.0,1,966,卖盘
2334,14:43:37,9.66,0.0,24,23187,卖盘
2335,14:43:39,9.67,0.01,1,967,买盘
2336,14:43:45,9.67,0.0,1,967,卖盘
2337,14:43:49,9.67,0.0,1,967,卖盘
2338,14:43:52,9.67,0.0,1,967,卖盘
2339,14:43:55,9.66,-0.01,33,31885,卖盘
2340,14:44:01,9.65,-0.01,4,3860,卖盘
2341,14:44:06,9.65,0.0,1,965,卖盘
2342,14:44:10,9.65,0.0,2,1930,卖盘
2343,14:44:13,9.65,0.0,6,5790,卖盘
2344,14:44:16,9.65,0.0,1,965,卖盘
2345,14:44:19,9.65,0.0,1,965,卖盘
2346,14:44:22,9.65,0.0,1,965,卖盘
2347,14:44:25,9.65,0.0,1,965,卖盘
2348,14:44:28,9.65,0.0,4,3860,卖盘
2349,14:44:31,9.65,0.0,22,21230,卖盘
2350,14:44:34,9.65,0.0,8,7720,卖盘
2351,14:44:37,9.65,0.0,6,5790,卖盘
2352,14:44:40,9.65,0.0,3,2895,卖盘
2353,14:44:43,9.66,0.01,12,11585,买盘
2354,14:44:45,9.64,-0.02,5,4820,卖盘
2355,14:44:48,9.64,0.0,4,3856,卖盘
2356,14:44:52,9.64,0.0,20,19280,卖盘
2357,14:44:55,9.64,0.0,3,2892,卖盘
2358,14:44:58,9.64,0.0,2,1928,卖盘
2359,14:45:01,9.64,0.0,1,964,卖盘
2360,14:45:04,9.64,0.0,1,964,卖盘
2361,14:45:07,9.64,0.0,24,23136,卖盘
2362,14:45:12,9.64,0.0,1,964,卖盘
2363,14:45:25,9.64,0.0,13,12532,卖盘
2364,14:45:30,9.64,0.0,4,3856,卖盘
2365,14:45:37,9.64,0.0,6,5784,卖盘
2366,14:45:40,9.64,0.0,4,3856,卖盘
2367,14:45:43,9.64,0.0,8,7712,卖盘
2368,14:45:46,9.64,0.0,24,23136,卖盘
2369,14:46:01,9.64,0.0,15,14460,卖盘
2370,14:46:10,9.64,0.0,13,12532,卖盘
2371,14:46:18,9.64,0.0,17,16388,卖盘
2372,14:46:22,9.64,0.0,10,9640,卖盘
2373,14:46:25,9.65,0.01,20,19300,买盘
2374,14:46:31,9.64,-0.01,1,964,卖盘
2375,14:46:34,9.64,0.0,6,5784,卖盘
2376,14:46:40,9.64,0.0,12,11568,卖盘
2377,14:46:58,9.64,0.0,5,4820,卖盘
2378,14:47:10,9.65,0.01,50,48250,买盘
2379,14:47:13,9.65,0.0,67,64655,买盘
2380,14:47:18,9.64,-0.01,37,35668,卖盘
2381,14:47:22,9.64,0.0,14,13496,卖盘
2382,14:47:31,9.65,0.01,5,4825,买盘
2383,14:47:34,9.65,0.0,1,965,买盘
2384,14:47:39,9.65,0.0,10,9645,买盘
2385,14:47:43,9.65,0.0,22,21220,买盘
2386,14:47:52,9.65,0.0,20,19300,买盘
2387,14:47:55,9.64,-0.01,21,20244,卖盘
2388,14:48:01,9.65,0.01,32,30880,买盘
2389,14:48:13,9.64,-0.01,15,14460,卖盘
2390,14:48:15,9.65,0.01,1,965,买盘
2391,14:48:19,9.65,0.0,17,16405,买盘
2392,14:48:34,9.65,0.0,2,1930,买盘
2393,14:48:46,9.65,0.0,8,7720,买盘
2394,14:48:48,9.64,-0.01,119,115304,卖盘
2395,14:48:52,9.64,0.0,5,4820,买盘
2396,14:48:54,9.64,0.0,57,54948,买盘
2397,14:49:13,9.64,0.0,5,4820,买盘
2398,14:49:16,9.63,-0.01,1,963,卖盘
2399,14:49:19,9.63,0.0,6,5778,卖盘
2400,14:49:25,9.64,0.01,1,964,买盘
2401,14:49:28,9.63,-0.01,10,9630,卖盘
2402,14:50:04,9.64,0.01,48,45684,买盘
2403,14:50:10,9.65,0.01,2,1930,买盘
2404,14:50:28,9.64,-0.01,5,4820,卖盘
2405,14:50:31,9.64,0.0,2,1928,卖盘
2406,14:50:34,9.65,0.01,4,3860,买盘
2407,14:50:36,9.64,-0.01,5,5408,卖盘
2408,14:50:40,9.64,0.0,3,2892,买盘
2409,14:50:43,9.64,0.0,9,8676,买盘
2410,14:50:46,9.64,0.0,3,2892,买盘
2411,14:51:01,9.64,0.0,2,1928,买盘
2412,14:51:07,9.64,0.0,1,964,买盘
2413,14:51:10,9.64,0.0,1,964,买盘
2414,14:51:21,9.64,0.0,55,53007,买盘
2415,14:51:25,9.63,-0.01,122,117486,卖盘
2416,14:51:28,9.63,0.0,9,8667,买盘
2417,14:51:34,9.63,0.0,12,11556,买盘
2418,14:51:37,9.63,0.0,20,19260,买盘
2419,14:51:40,9.63,0.0,1,963,买盘
2420,14:51:43,9.63,0.0,14,13487,买盘
2421,14:51:46,9.64,0.01,6,5784,买盘
2422,14:51:49,9.63,-0.01,5,4818,卖盘
2423,14:51:55,9.64,0.01,50,48200,买盘
2424,14:51:58,9.63,-0.01,124,119412,卖盘
2425,14:52:06,9.63,0.0,14,13482,买盘
2426,14:52:10,9.63,0.0,61,58687,买盘
2427,14:52:34,9.64,0.01,86,82898,买盘
2428,14:52:46,9.64,0.0,45,42792,买盘
2429,14:52:49,9.64,0.0,5,5408,卖盘
2430,14:52:57,9.64,0.0,33,31224,买盘
2431,14:53:10,9.64,0.0,52,50716,卖盘
2432,14:53:16,9.63,-0.01,8,7704,卖盘
2433,14:53:22,9.64,0.01,10,9640,中性盘
2434,14:53:25,9.61,-0.03,300,288852,卖盘
2435,14:53:40,9.64,0.03,5,4820,买盘
2436,14:53:52,9.64,0.0,30,28920,卖盘
2437,14:53:58,9.65,0.01,2,1930,买盘
2438,14:54:01,9.64,-0.01,95,91580,卖盘
2439,14:54:16,9.64,0.0,5,4820,买盘
2440,14:54:28,9.64,0.0,5,4820,卖盘
2441,14:54:34,9.64,0.0,11,10604,卖盘
2442,14:54:49,9.65,0.01,7,6755,买盘
2443,14:54:52,9.65,0.0,10,9650,买盘
2444,14:55:07,9.64,-0.01,8,7712,卖盘
2445,14:55:10,9.64,0.0,5,4820,卖盘
2446,14:55:13,9.64,0.0,41,39524,卖盘
2447,14:55:16,9.65,0.01,8,7720,买盘
2448,14:55:19,9.65,0.0,5,4825,买盘
2449,14:55:22,9.64,-0.01,16,15424,卖盘
2450,14:55:31,9.64,0.0,144,138828,卖盘
2451,14:55:34,9.64,0.0,5,4820,卖盘
2452,14:55:43,9.65,0.01,60,57900,买盘
2453,14:55:49,9.68,0.03,98,94772,买盘
2454,14:55:52,9.68,0.0,43,41624,卖盘
2455,14:55:58,9.6,-0.08,357,343901,卖盘
2456,14:56:04,9.65,0.05,5,4825,中性盘
2457,14:56:13,9.65,0.0,3,2898,卖盘
2458,14:56:16,9.65,0.0,15,14475,卖盘
2459,14:56:40,9.65,0.0,1,965,卖盘
2460,14:56:43,9.65,0.0,34,32810,卖盘
2461,14:56:55,9.66,0.01,10,9660,卖盘
2462,14:56:58,9.66,0.0,1,966,卖盘
2463,14:57:01,9.67,0.01,18,17406,买盘
2464,15:00:04,9.67,0.0,300,290100,卖盘
