,time,price,change,volume,amount,type
0,09:25:04,8.78,-0.06,104,91312,卖盘
1,09:30:04,8.75,-0.03,57,49985,卖盘
2,09:30:40,8.74,-0.01,12,10488,卖盘
3,09:30:46,8.73,-0.01,7,6111,卖盘
4,09:30:51,8.73,0.0,1,873,卖盘
5,09:31:04,8.74,0.01,66,57682,买盘
6,09:31:07,8.73,-0.01,1,873,卖盘
7,09:31:09,8.73,0.0,3,2619,买盘
8,09:31:13,8.73,0.0,2,1746,卖盘
9,09:31:15,8.73,0.0,13,11349,买盘
10,09:31:18,8.74,0.01,20,17480,买盘
11,09:31:28,8.74,0.0,2,1748,买盘
12,09:31:30,8.75,0.01,2,1750,买盘
13,09:31:40,8.77,0.02,1,877,买盘
14,09:31:58,8.75,-0.02,2,1750,卖盘
15,09:32:12,8.75,0.0,4,3500,买盘
16,09:32:16,8.75,0.0,10,8750,买盘
17,09:32:25,8.75,0.0,10,8750,买盘
18,09:32:31,8.74,-0.01,5,4370,卖盘
19,09:32:36,8.75,0.01,2,1750,卖盘
20,09:32:40,8.75,0.0,13,11375,卖盘
21,09:32:43,8.74,-0.01,1,874,卖盘
22,09:32:46,8.74,0.0,7,6118,卖盘
23,09:32:55,8.73,-0.01,10,8730,卖盘
24,09:33:01,8.7,-0.03,689,600531,卖盘
25,09:33:16,8.73,0.03,10,8722,买盘
26,09:33:27,8.7,-0.03,2,1740,卖盘
27,09:33:30,8.7,0.0,1,870,卖盘
28,09:33:34,8.7,0.0,10,8700,卖盘
29,09:33:37,8.71,0.01,10,8710,买盘
30,09:33:43,8.7,-0.01,28,24360,卖盘
31,09:33:49,8.71,0.01,191,166171,买盘
32,09:33:58,8.7,-0.01,1,870,卖盘
33,09:34:09,8.7,0.0,9,7830,卖盘
34,09:34:16,8.7,0.0,12,10440,卖盘
35,09:34:21,8.7,0.0,8,6960,卖盘
36,09:34:28,8.7,0.0,1,870,卖盘
37,09:34:36,8.7,0.0,8,6960,卖盘
38,09:34:39,8.7,0.0,1,870,卖盘
39,09:34:43,8.7,0.0,43,37410,卖盘
40,09:34:46,8.71,0.01,12,10451,买盘
41,09:34:52,8.72,0.01,1,872,买盘
42,09:35:06,8.72,0.0,1,872,买盘
43,09:35:16,8.72,0.0,3,2616,买盘
44,09:35:43,8.74,0.02,15,13107,买盘
45,09:35:46,8.73,-0.01,10,8730,卖盘
46,09:35:54,8.74,0.01,1,874,买盘
47,09:36:07,8.74,0.0,47,41078,买盘
48,09:36:16,8.73,-0.01,60,52419,卖盘
49,09:36:18,8.72,-0.01,3,2616,卖盘
50,09:36:22,8.72,0.0,6,5232,卖盘
51,09:36:24,8.72,0.0,3,2616,卖盘
52,09:36:27,8.72,0.0,3,2616,卖盘
53,09:36:31,8.72,0.0,55,47960,卖盘
54,09:36:37,8.72,0.0,23,20053,买盘
55,09:36:40,8.72,0.0,9,7844,买盘
56,09:36:49,8.71,-0.01,1,871,卖盘
57,09:36:55,8.72,0.01,5,4360,买盘
58,09:37:04,8.71,-0.01,3,2613,卖盘
59,09:37:09,8.72,0.01,50,43555,买盘
60,09:37:16,8.71,-0.01,109,94939,卖盘
61,09:37:25,8.71,0.0,20,17409,买盘
62,09:37:27,8.7,-0.01,1,870,卖盘
63,09:37:37,8.7,0.0,20,17400,卖盘
64,09:37:40,8.7,0.0,38,33060,卖盘
65,09:37:43,8.7,0.0,12,10440,卖盘
66,09:37:46,8.7,0.0,6,5220,卖盘
67,09:37:48,8.7,0.0,108,93960,卖盘
68,09:37:52,8.69,-0.01,7,6083,卖盘
69,09:38:00,8.68,-0.01,6,5208,卖盘
70,09:38:04,8.68,0.0,43,37324,卖盘
71,09:38:07,8.68,0.0,26,22568,卖盘
72,09:38:10,8.68,0.0,115,99820,卖盘
73,09:38:13,8.68,0.0,16,13888,卖盘
74,09:38:16,8.68,0.0,2,1736,卖盘
75,09:38:19,8.68,0.0,3,2604,卖盘
76,09:38:22,8.68,0.0,9,7812,卖盘
77,09:38:28,8.67,-0.01,1,867,卖盘
78,09:38:34,8.67,0.0,28,24276,卖盘
79,09:38:37,8.67,0.0,3,2601,卖盘
80,09:38:40,8.67,0.0,6,5202,卖盘
81,09:38:55,8.67,0.0,56,48552,卖盘
82,09:38:58,8.67,0.0,2,1734,卖盘
83,09:39:13,8.69,0.02,13,11285,买盘
84,09:39:21,8.67,-0.02,46,39882,卖盘
85,09:39:24,8.66,-0.01,4,3464,卖盘
86,09:39:28,8.67,0.01,18,15593,买盘
87,09:39:30,8.67,0.0,12,10401,买盘
88,09:39:37,8.66,-0.01,47,40702,卖盘
89,09:39:40,8.67,0.01,2,1734,买盘
90,09:39:46,8.66,-0.01,25,21650,卖盘
91,09:39:51,8.66,0.0,30,25980,卖盘
92,09:39:57,8.67,0.01,10,8670,买盘
93,09:40:07,8.66,-0.01,152,131632,卖盘
94,09:40:25,8.66,0.0,5,4330,买盘
95,09:40:28,8.66,0.0,43,37218,买盘
96,09:40:31,8.66,0.0,3,2598,买盘
97,09:40:34,8.66,0.0,13,11258,买盘
98,09:40:36,8.66,0.0,1,866,买盘
99,09:40:43,8.66,0.0,10,8660,中性盘
100,09:40:46,8.66,0.0,2,1732,买盘
101,09:40:52,8.65,-0.01,1,865,卖盘
102,09:41:04,8.67,0.02,9,7803,买盘
103,09:41:06,8.66,-0.01,2,1732,卖盘
104,09:41:10,8.69,0.03,9,7821,买盘
105,09:41:13,8.66,-0.03,9,7795,卖盘
106,09:41:25,8.66,0.0,338,292709,卖盘
107,09:41:28,8.65,-0.01,169,146185,卖盘
108,09:41:31,8.65,0.0,57,49305,卖盘
109,09:41:34,8.65,0.0,79,68335,卖盘
110,09:41:37,8.65,0.0,37,32005,卖盘
111,09:41:40,8.65,0.0,115,99475,卖盘
112,09:41:43,8.64,-0.01,103,89090,卖盘
113,09:41:46,8.62,-0.02,20,17250,卖盘
114,09:41:49,8.62,0.0,5,4310,卖盘
115,09:41:55,8.62,0.0,1,862,卖盘
116,09:42:01,8.62,0.0,46,39662,卖盘
117,09:42:04,8.62,0.0,164,141368,卖盘
118,09:42:10,8.62,0.0,34,29308,买盘
119,09:42:13,8.61,-0.01,133,114538,卖盘
120,09:42:15,8.62,0.01,22,18964,买盘
121,09:42:19,8.62,0.0,20,17240,买盘
122,09:42:34,8.62,0.0,18,15516,买盘
123,09:42:40,8.62,0.0,85,73270,买盘
124,09:42:46,8.62,0.0,9,7758,买盘
125,09:42:52,8.61,-0.01,109,93852,卖盘
126,09:42:55,8.61,0.0,340,292740,卖盘
127,09:42:58,8.62,0.01,26,22403,买盘
128,09:43:06,8.6,-0.02,17,14620,卖盘
129,09:43:10,8.62,0.02,38,32739,买盘
130,09:43:21,8.62,0.0,5,4310,买盘
131,09:43:34,8.62,0.0,59,50858,买盘
132,09:43:37,8.62,0.0,15,12930,买盘
133,09:43:40,8.62,0.0,10,8620,买盘
134,09:43:46,8.62,0.0,86,74132,买盘
135,09:43:49,8.61,-0.01,1,861,卖盘
136,09:43:52,8.62,0.01,50,43100,买盘
137,09:43:55,8.62,0.0,30,25860,买盘
138,09:43:57,8.62,0.0,10,8620,买盘
139,09:44:00,8.62,0.0,81,69822,买盘
140,09:44:04,8.62,0.0,36,31032,买盘
141,09:44:10,8.62,0.0,6,5172,买盘
142,09:44:28,8.62,0.0,73,62926,买盘
143,09:44:31,8.62,0.0,23,19826,买盘
144,09:44:37,8.61,-0.01,21,18081,卖盘
145,09:44:40,8.62,0.01,20,17240,买盘
146,09:44:43,8.62,0.0,113,97406,买盘
147,09:44:55,8.63,0.01,2,1726,买盘
148,09:45:01,8.63,0.0,1,863,卖盘
149,09:45:10,8.65,0.02,10,8650,买盘
150,09:45:25,8.64,-0.01,11,9936,卖盘
151,09:45:27,8.65,0.01,18,15570,买盘
152,09:45:37,8.65,0.0,1,865,买盘
153,09:45:39,8.64,-0.01,3,2160,卖盘
154,09:45:43,8.63,-0.01,1,863,卖盘
155,09:45:46,8.65,0.02,60,51872,买盘
156,09:45:54,8.65,0.0,48,41495,买盘
157,09:45:57,8.65,0.0,1,865,买盘
158,09:46:13,8.65,0.0,11,9948,买盘
159,09:46:16,8.65,0.0,28,23788,卖盘
160,09:46:21,8.63,-0.02,81,69925,卖盘
161,09:46:28,8.64,0.01,47,40608,中性盘
162,09:46:31,8.63,-0.01,38,32794,卖盘
163,09:46:33,8.62,-0.01,19,16378,卖盘
164,09:46:37,8.62,0.0,2,1724,卖盘
165,09:46:40,8.62,0.0,110,94820,卖盘
166,09:46:45,8.62,0.0,4,3448,卖盘
167,09:46:49,8.62,0.0,8,6896,卖盘
168,09:46:52,8.62,0.0,9,7758,卖盘
169,09:47:01,8.61,-0.01,10,8610,卖盘
170,09:47:04,8.62,0.01,79,68029,买盘
171,09:47:07,8.61,-0.01,88,75806,卖盘
172,09:47:13,8.61,0.0,6,5166,买盘
173,09:47:16,8.61,0.0,15,12914,买盘
174,09:47:28,8.64,0.03,1,864,买盘
175,09:47:43,8.62,-0.02,10,8620,卖盘
176,09:47:54,8.63,0.01,4,3452,中性盘
177,09:47:58,8.62,-0.01,51,43968,卖盘
178,09:48:12,8.63,0.01,9,7767,卖盘
179,09:48:25,8.63,0.0,2,1726,买盘
180,09:48:39,8.64,0.01,9,7776,买盘
181,09:48:55,8.64,0.0,9,7776,买盘
182,09:48:58,8.63,-0.01,24,20712,卖盘
183,09:49:09,8.64,0.01,9,7776,买盘
184,09:49:22,8.63,-0.01,1,863,卖盘
185,09:49:25,8.64,0.01,9,7776,买盘
186,09:49:37,8.63,-0.01,1,863,卖盘
187,09:49:40,8.64,0.01,9,7776,买盘
188,09:49:48,8.64,0.0,12,10368,买盘
189,09:49:52,8.63,-0.01,135,116505,卖盘
190,09:50:16,8.63,0.0,7,6041,卖盘
191,09:50:19,8.63,0.0,1,863,卖盘
192,09:50:28,8.63,0.0,67,57821,卖盘
193,09:50:33,8.63,0.0,12,10356,卖盘
194,09:50:43,8.62,-0.01,46,39652,卖盘
195,09:50:55,8.62,0.0,26,22412,卖盘
196,09:51:01,8.63,0.01,2,1726,买盘
197,09:51:13,8.62,-0.01,7,6037,卖盘
198,09:51:15,8.63,0.01,13,11219,买盘
199,09:51:19,8.62,-0.01,30,25860,卖盘
200,09:51:21,8.63,0.01,9,7767,买盘
201,09:51:28,8.63,0.0,2,1725,买盘
202,09:51:34,8.62,-0.01,25,21550,卖盘
203,09:51:37,8.63,0.01,9,7767,买盘
204,09:51:40,8.62,-0.01,9,7758,卖盘
205,09:51:52,8.63,0.01,9,7767,买盘
206,09:51:54,8.62,-0.01,1,862,卖盘
207,09:52:04,8.63,0.01,9,7767,买盘
208,09:52:19,8.63,0.0,9,7767,买盘
209,09:52:28,8.62,-0.01,1,862,卖盘
210,09:52:34,8.63,0.01,9,7767,买盘
211,09:52:40,8.63,0.0,3,2589,买盘
212,09:52:42,8.63,0.0,10,8630,买盘
213,09:52:49,8.64,0.01,9,7773,买盘
214,09:52:54,8.63,-0.01,15,12945,卖盘
215,09:53:04,8.64,0.01,54,46611,买盘
216,09:53:13,8.63,-0.01,55,47465,卖盘
217,09:53:18,8.62,-0.01,71,61215,卖盘
218,09:53:28,8.64,0.02,13,11231,买盘
219,09:53:34,8.64,0.0,9,7776,买盘
220,09:53:43,8.64,0.0,50,43200,买盘
221,09:53:49,8.64,0.0,16,13824,买盘
222,09:54:04,8.64,0.0,9,7776,买盘
223,09:54:16,8.64,0.0,161,139043,买盘
224,09:54:19,8.64,0.0,20,17280,买盘
225,09:54:25,8.63,-0.01,1,863,卖盘
226,09:54:31,8.63,0.0,7,6041,卖盘
227,09:54:36,8.64,0.01,10,8640,买盘
228,09:54:42,8.64,0.0,9,7776,买盘
229,09:54:49,8.63,-0.01,5,4315,卖盘
230,09:55:10,8.64,0.01,11,9504,买盘
231,09:55:13,8.63,-0.01,1,863,卖盘
232,09:55:19,8.63,0.0,36,31068,卖盘
233,09:55:27,8.64,0.01,20,17280,买盘
234,09:55:31,8.63,-0.01,31,26753,卖盘
235,09:55:42,8.62,-0.01,35,30170,卖盘
236,09:55:55,8.62,0.0,9,7758,卖盘
237,09:56:06,8.61,-0.01,155,133472,卖盘
238,09:56:21,8.61,0.0,1,861,卖盘
239,09:56:52,8.61,0.0,10,8610,卖盘
240,09:57:12,8.63,0.02,20,17256,买盘
241,09:57:24,8.61,-0.02,1,861,卖盘
242,09:57:34,8.63,0.02,13,11219,买盘
243,09:58:04,8.63,0.0,21,18123,买盘
244,09:58:07,8.63,0.0,23,19849,买盘
245,09:58:27,8.62,-0.01,7,6034,卖盘
246,09:58:51,8.63,0.01,22,18986,买盘
247,09:58:57,8.62,-0.01,4,3448,卖盘
248,09:59:16,8.63,0.01,10,8630,买盘
249,09:59:19,8.63,0.0,1,863,买盘
250,09:59:28,8.63,0.0,11,9493,买盘
251,09:59:34,8.62,-0.01,20,17240,卖盘
252,09:59:37,8.63,0.01,3,2589,买盘
253,09:59:39,8.64,0.01,12,10368,买盘
254,09:59:48,8.64,0.0,8,6912,买盘
255,09:59:52,8.64,0.0,13,11232,买盘
256,10:00:13,8.63,-0.01,12,10356,卖盘
257,10:00:15,8.63,0.0,11,9493,卖盘
258,10:00:25,8.63,0.0,7,6041,卖盘
259,10:00:40,8.63,0.0,60,51780,卖盘
260,10:00:43,8.63,0.0,1,863,卖盘
261,10:00:48,8.63,0.0,1,863,卖盘
262,10:00:51,8.63,0.0,10,8630,卖盘
263,10:01:18,8.63,0.0,2,1726,卖盘
264,10:01:33,8.63,0.0,1,863,卖盘
265,10:01:52,8.64,0.01,30,25919,买盘
266,10:01:57,8.63,-0.01,81,69903,卖盘
267,10:02:21,8.63,0.0,3,2589,买盘
268,10:02:51,8.63,0.0,5,4315,买盘
269,10:02:54,8.62,-0.01,2,1724,卖盘
270,10:03:09,8.62,0.0,50,43100,卖盘
271,10:03:18,8.62,0.0,1,862,卖盘
272,10:03:24,8.62,0.0,7,6034,卖盘
273,10:03:28,8.62,0.0,18,15516,卖盘
274,10:03:30,8.62,0.0,13,11206,买盘
275,10:04:33,8.63,0.01,1,863,买盘
276,10:05:06,8.61,-0.02,2,1722,卖盘
277,10:05:36,8.61,0.0,101,86961,卖盘
278,10:05:45,8.62,0.01,11,9482,买盘
279,10:05:48,8.62,0.0,3,2586,卖盘
280,10:06:07,8.62,0.0,2,1724,卖盘
281,10:06:09,8.62,0.0,3,2586,卖盘
282,10:06:33,8.62,0.0,3,2586,卖盘
283,10:06:58,8.62,0.0,30,25860,买盘
284,10:07:01,8.62,0.0,172,148264,中性盘
285,10:07:07,8.62,0.0,2,1724,卖盘
286,10:07:30,8.62,0.0,169,145678,卖盘
287,10:07:34,8.62,0.0,1,862,卖盘
288,10:08:12,8.63,0.01,3,2589,买盘
289,10:08:51,8.63,0.0,33,28479,买盘
290,10:09:06,8.63,0.0,1,863,买盘
291,10:09:12,8.62,-0.01,2,1724,卖盘
292,10:09:21,8.62,0.0,116,99992,卖盘
293,10:09:27,8.63,0.01,1,863,买盘
294,10:09:42,8.62,-0.01,101,87162,卖盘
295,10:09:45,8.62,0.0,1,862,卖盘
296,10:09:57,8.63,0.01,14,12082,买盘
297,10:10:12,8.62,-0.01,1,862,卖盘
298,10:10:16,8.62,0.0,2,1724,卖盘
299,10:10:27,8.62,0.0,23,19826,卖盘
300,10:10:30,8.63,0.01,1,863,买盘
301,10:10:36,8.63,0.0,10,8630,买盘
302,10:10:46,8.62,-0.01,2,1724,卖盘
303,10:10:57,8.63,0.01,16,13808,买盘
304,10:11:04,8.64,0.01,1,864,买盘
305,10:11:16,8.63,-0.01,2,1726,卖盘
306,10:12:01,8.64,0.01,11,9504,买盘
307,10:12:24,8.64,0.0,7,6048,买盘
308,10:12:31,8.63,-0.01,1,863,卖盘
309,10:12:34,8.63,0.0,1,863,卖盘
310,10:12:42,8.64,0.01,400,345600,买盘
311,10:12:45,8.64,0.0,74,63936,买盘
312,10:12:57,8.64,0.0,1,864,卖盘
313,10:13:00,8.64,0.0,1,864,卖盘
314,10:13:16,8.64,0.0,13,11232,卖盘
315,10:13:28,8.64,0.0,1,864,卖盘
316,10:13:31,8.64,0.0,2,1728,卖盘
317,10:13:57,8.64,0.0,14,12096,卖盘
318,10:14:01,8.64,0.0,1,864,卖盘
319,10:14:06,8.64,0.0,35,30240,卖盘
320,10:14:09,8.64,0.0,3,2592,买盘
321,10:14:18,8.64,0.0,2,1728,买盘
322,10:14:31,8.63,-0.01,1,863,卖盘
323,10:14:33,8.63,0.0,1,863,卖盘
324,10:15:01,8.63,0.0,2,1726,卖盘
325,10:15:24,8.64,0.01,1,864,买盘
326,10:15:27,8.63,-0.01,1,863,卖盘
327,10:15:30,8.63,0.0,6,5178,卖盘
328,10:15:33,8.63,0.0,7,6041,卖盘
329,10:15:51,8.64,0.01,9,7776,买盘
330,10:15:57,8.63,-0.01,1,863,卖盘
331,10:16:00,8.63,0.0,1,863,卖盘
332,10:16:30,8.63,0.0,2,1726,卖盘
333,10:16:36,8.65,0.02,13,11245,买盘
334,10:16:57,8.63,-0.02,1,863,卖盘
335,10:17:00,8.63,0.0,1,863,卖盘
336,10:17:24,8.66,0.03,5,4330,买盘
337,10:17:30,8.64,-0.02,2,1728,卖盘
338,10:18:01,8.64,0.0,16,13824,卖盘
339,10:18:30,8.64,0.0,2,1728,卖盘
340,10:18:46,8.66,0.02,52,45032,买盘
341,10:19:01,8.66,0.0,2,1732,卖盘
342,10:19:16,8.66,0.0,9,7794,卖盘
343,10:19:19,8.66,0.0,12,10392,卖盘
344,10:19:21,8.66,0.0,7,6062,卖盘
345,10:19:25,8.67,0.01,5,4335,买盘
346,10:19:30,8.66,-0.01,140,121240,卖盘
347,10:19:40,8.66,0.0,50,43300,卖盘
348,10:19:43,8.66,0.0,50,43300,卖盘
349,10:19:45,8.66,0.0,11,9526,卖盘
350,10:19:54,8.66,0.0,20,17320,卖盘
351,10:20:00,8.66,0.0,3,2598,卖盘
352,10:20:04,8.67,0.01,5,4335,买盘
353,10:20:07,8.66,-0.01,37,32042,卖盘
354,10:20:09,8.64,-0.02,210,181654,卖盘
355,10:20:15,8.63,-0.01,7,6041,卖盘
356,10:20:25,8.63,0.0,109,94067,卖盘
357,10:20:27,8.63,0.0,6,5178,卖盘
358,10:20:30,8.63,0.0,20,17260,卖盘
359,10:20:42,8.63,0.0,66,56958,卖盘
360,10:21:00,8.63,0.0,2,1726,卖盘
361,10:21:27,8.63,0.0,8,6904,卖盘
362,10:21:30,8.63,0.0,2,1726,卖盘
363,10:21:54,8.64,0.01,339,292896,买盘
364,10:21:57,8.64,0.0,1,864,卖盘
365,10:22:00,8.64,0.0,128,110592,卖盘
366,10:22:09,8.64,0.0,14,12096,卖盘
367,10:22:18,8.64,0.0,4,3456,卖盘
368,10:22:30,8.64,0.0,3,2592,卖盘
369,10:23:01,8.64,0.0,2,1728,卖盘
370,10:23:30,8.64,0.0,64,55296,卖盘
371,10:24:00,8.63,-0.01,4,3453,卖盘
372,10:24:22,8.64,0.01,36,31104,买盘
373,10:24:27,8.64,0.0,10,8640,卖盘
374,10:24:30,8.64,0.0,2,1728,卖盘
375,10:24:49,8.66,0.02,8,6928,买盘
376,10:24:51,8.67,0.01,2,1734,买盘
377,10:25:00,8.65,-0.02,2,1730,卖盘
378,10:25:06,8.65,0.0,1,865,卖盘
379,10:25:21,8.65,0.0,2,1730,买盘
380,10:25:31,8.64,-0.01,1,864,卖盘
381,10:25:36,8.64,0.0,20,17280,卖盘
382,10:25:54,8.64,0.0,2,1728,卖盘
383,10:26:01,8.64,0.0,3,2592,卖盘
384,10:26:28,8.64,0.0,1,864,卖盘
385,10:26:31,8.64,0.0,2,1728,卖盘
386,10:26:33,8.66,0.02,9,7794,买盘
387,10:26:42,8.64,-0.02,8,6912,卖盘
388,10:27:00,8.64,0.0,72,62208,卖盘
389,10:27:25,8.65,0.01,2,1730,买盘
390,10:27:39,8.64,-0.01,128,110592,卖盘
391,10:27:54,8.64,0.0,105,90720,卖盘
392,10:27:57,8.64,0.0,2,1728,卖盘
393,10:28:00,8.65,0.01,10,8650,买盘
394,10:28:18,8.64,-0.01,20,17280,卖盘
395,10:28:24,8.64,0.0,32,27648,卖盘
396,10:28:34,8.64,0.0,5,4320,买盘
397,10:28:57,8.64,0.0,13,11232,买盘
398,10:29:07,8.64,0.0,47,40608,卖盘
399,10:29:21,8.64,0.0,50,43200,买盘
400,10:29:24,8.63,-0.01,170,146710,卖盘
401,10:29:28,8.63,0.0,10,8630,买盘
402,10:29:48,8.63,0.0,1,863,买盘
403,10:30:01,8.62,-0.01,138,118956,卖盘
404,10:30:27,8.62,0.0,3,2586,卖盘
405,10:30:30,8.62,0.0,1,862,卖盘
406,10:30:33,8.62,0.0,1,862,卖盘
407,10:30:39,8.62,0.0,10,8620,卖盘
408,10:30:43,8.62,0.0,1,862,卖盘
409,10:30:52,8.62,0.0,2,1724,卖盘
410,10:31:09,8.62,0.0,100,86200,卖盘
411,10:31:13,8.62,0.0,3,2586,卖盘
412,10:31:31,8.62,0.0,13,11206,买盘
413,10:32:13,8.61,-0.01,24,20664,卖盘
414,10:32:31,8.61,0.0,21,18081,卖盘
415,10:32:51,8.61,0.0,15,12925,卖盘
416,10:33:28,8.62,0.01,34,29308,买盘
417,10:34:58,8.62,0.0,20,17240,卖盘
418,10:35:00,8.62,0.0,1,862,卖盘
419,10:35:13,8.62,0.0,67,57754,卖盘
420,10:35:16,8.62,0.0,30,25860,卖盘
421,10:35:21,8.63,0.01,3,2589,买盘
422,10:35:33,8.63,0.0,10,8630,买盘
423,10:36:24,8.62,-0.01,73,62926,卖盘
424,10:36:30,8.62,0.0,125,107750,卖盘
425,10:36:33,8.63,0.01,1,863,买盘
426,10:36:36,8.62,-0.01,30,25860,卖盘
427,10:36:40,8.62,0.0,2,1724,卖盘
428,10:37:06,8.62,0.0,10,8620,卖盘
429,10:37:22,8.62,0.0,41,35342,卖盘
430,10:37:45,8.6,-0.02,251,216107,卖盘
431,10:38:00,8.6,0.0,13,11180,卖盘
432,10:38:04,8.6,0.0,3,2580,卖盘
433,10:38:06,8.6,0.0,24,20640,卖盘
434,10:38:21,8.6,0.0,9,7740,卖盘
435,10:38:42,8.61,0.01,6,5162,买盘
436,10:38:45,8.61,0.0,8,6888,买盘
437,10:39:09,8.61,0.0,90,77430,买盘
438,10:39:27,8.61,0.0,34,29274,买盘
439,10:39:34,8.6,-0.01,106,91162,卖盘
440,10:39:42,8.6,0.0,4,3440,卖盘
441,10:40:00,8.6,0.0,10,8600,卖盘
442,10:40:28,8.62,0.02,3,2586,买盘
443,10:40:54,8.61,-0.01,10,8610,买盘
444,10:40:57,8.61,0.0,30,25830,买盘
445,10:41:18,8.61,0.0,5,4305,买盘
446,10:41:34,8.61,0.0,27,23247,卖盘
447,10:41:52,8.61,0.0,12,10332,买盘
448,10:41:55,8.61,0.0,1,861,买盘
449,10:42:01,8.61,0.0,2,1722,买盘
450,10:42:09,8.61,0.0,4,3444,买盘
451,10:42:13,8.61,0.0,23,19803,买盘
452,10:42:30,8.61,0.0,5,4305,买盘
453,10:42:33,8.6,-0.01,201,172871,卖盘
454,10:42:36,8.61,0.01,70,60270,买盘
455,10:42:42,8.62,0.01,13,11206,买盘
456,10:42:45,8.6,-0.02,46,39597,卖盘
457,10:42:54,8.61,0.01,12,10332,买盘
458,10:43:03,8.61,0.0,10,8610,买盘
459,10:43:18,8.6,-0.01,280,240820,卖盘
460,10:43:33,8.61,0.01,4,3444,卖盘
461,10:43:36,8.61,0.0,14,12054,卖盘
462,10:43:45,8.61,0.0,64,55104,卖盘
463,10:43:55,8.6,-0.01,300,258014,卖盘
464,10:44:16,8.6,0.0,507,436106,卖盘
465,10:44:21,8.6,0.0,550,473007,卖盘
466,10:44:49,8.6,0.0,19,16340,卖盘
467,10:45:00,8.61,0.01,5,4305,买盘
468,10:45:15,8.62,0.01,9,7758,买盘
469,10:45:48,8.63,0.01,4,3452,买盘
470,10:45:51,8.63,0.0,2,1726,买盘
471,10:46:00,8.62,-0.01,100,86200,卖盘
472,10:46:04,8.63,0.01,4,3452,买盘
473,10:46:19,8.64,0.01,1,864,买盘
474,10:46:21,8.64,0.0,5,4320,买盘
475,10:46:24,8.62,-0.02,80,68992,卖盘
476,10:46:48,8.64,0.02,1,864,买盘
477,10:46:51,8.65,0.01,5,4325,买盘
478,10:47:15,8.64,-0.01,1,864,买盘
479,10:47:39,8.64,0.0,2,1728,买盘
480,10:47:42,8.64,0.0,2,1728,卖盘
481,10:48:33,8.64,0.0,1,864,买盘
482,10:48:45,8.62,-0.02,3,2586,卖盘
483,10:48:48,8.62,0.0,1,862,卖盘
484,10:49:18,8.62,0.0,4,3448,卖盘
485,10:49:21,8.64,0.02,28,24192,买盘
486,10:49:24,8.64,0.0,2,1728,卖盘
487,10:49:39,8.64,0.0,10,8640,卖盘
488,10:49:48,8.64,0.0,8,6912,卖盘
489,10:50:16,8.64,0.0,1,864,买盘
490,10:50:18,8.62,-0.02,4,3448,卖盘
491,10:50:45,8.63,0.01,5,4319,卖盘
492,10:50:48,8.6,-0.03,23,19840,卖盘
493,10:50:51,8.63,0.03,6,5178,中性盘
494,10:51:04,8.6,-0.03,32,27521,卖盘
495,10:51:15,8.61,0.01,3,2583,卖盘
496,10:51:18,8.61,0.0,1,861,卖盘
497,10:51:28,8.61,0.0,12,10332,卖盘
498,10:51:34,8.62,0.01,14,12074,卖盘
499,10:51:36,8.61,-0.01,9,7752,卖盘
500,10:51:46,8.61,0.0,3,2583,卖盘
501,10:51:48,8.61,0.0,1,861,卖盘
502,10:51:54,8.61,0.0,10,8610,卖盘
503,10:52:01,8.63,0.02,6,5178,买盘
504,10:52:12,8.61,-0.02,10,8610,买盘
505,10:52:18,8.6,-0.01,21,18071,卖盘
506,10:52:27,8.6,0.0,9,7740,卖盘
507,10:52:48,8.61,0.01,3,2583,卖盘
508,10:53:06,8.62,0.01,1,862,买盘
509,10:53:15,8.61,-0.01,1,861,卖盘
510,10:53:18,8.61,0.0,3,2583,买盘
511,10:53:24,8.61,0.0,21,18061,买盘
512,10:53:31,8.62,0.01,4,3448,买盘
513,10:53:48,8.62,0.0,6,5164,买盘
514,10:54:00,8.61,-0.01,4,3445,中性盘
515,10:54:18,8.6,-0.01,4,3440,卖盘
516,10:54:21,8.61,0.01,2,1722,买盘
517,10:54:30,8.6,-0.01,56,48161,卖盘
518,10:54:33,8.61,0.01,3,2583,买盘
519,10:54:48,8.6,-0.01,4,3440,卖盘
520,10:54:51,8.61,0.01,1,861,买盘
521,10:55:04,8.61,0.0,4,3444,买盘
522,10:55:18,8.6,-0.01,4,3440,卖盘
523,10:55:21,8.61,0.01,2,1722,买盘
524,10:55:33,8.61,0.0,3,2583,买盘
525,10:55:36,8.6,-0.01,176,151361,卖盘
526,10:55:42,8.6,0.0,193,165980,卖盘
527,10:55:45,8.6,0.0,3,2580,卖盘
528,10:55:48,8.6,0.0,1,860,卖盘
529,10:56:00,8.58,-0.02,289,248478,卖盘
530,10:56:04,8.58,0.0,49,41947,卖盘
531,10:56:15,8.57,-0.01,3,2571,卖盘
532,10:56:18,8.57,0.0,1,857,卖盘
533,10:56:33,8.58,0.01,1,858,买盘
534,10:56:45,8.56,-0.02,30,25680,卖盘
535,10:56:52,8.56,0.0,2,1712,买盘
536,10:56:54,8.56,0.0,2,1712,买盘
537,10:56:57,8.56,0.0,10,8560,买盘
538,10:57:12,8.56,0.0,10,8560,卖盘
539,10:57:15,8.56,0.0,16,13696,买盘
540,10:57:18,8.56,0.0,18,15404,买盘
541,10:57:21,8.56,0.0,10,8560,买盘
542,10:57:33,8.55,-0.01,30,25663,卖盘
543,10:57:45,8.55,0.0,3,2573,卖盘
544,10:57:48,8.55,0.0,3,2565,卖盘
545,10:58:09,8.59,0.04,1,859,买盘
546,10:58:18,8.55,-0.04,4,3420,卖盘
547,10:58:33,8.59,0.04,1,859,买盘
548,10:58:45,8.59,0.0,2,1718,买盘
549,10:58:48,8.55,-0.04,3,2565,卖盘
550,10:59:04,8.59,0.04,1,859,买盘
551,10:59:15,8.57,-0.02,1,857,卖盘
552,10:59:18,8.57,0.0,2,1714,卖盘
553,10:59:24,8.58,0.01,5,4288,买盘
554,10:59:33,8.58,0.0,3,2574,买盘
555,10:59:43,8.58,0.0,9,7722,买盘
556,10:59:46,8.57,-0.01,200,171400,卖盘
557,10:59:48,8.56,-0.01,4,3424,卖盘
558,11:00:09,8.57,0.01,1,857,买盘
559,11:00:15,8.56,-0.01,3,2568,卖盘
560,11:00:19,8.57,0.01,2,1713,买盘
561,11:00:33,8.57,0.0,4,3428,买盘
562,11:00:42,8.57,0.0,1,857,卖盘
563,11:00:45,8.57,0.0,3,2571,卖盘
564,11:00:48,8.57,0.0,3,2571,卖盘
565,11:00:55,8.58,0.01,5,4290,买盘
566,11:01:15,8.57,-0.01,1,857,卖盘
567,11:01:18,8.57,0.0,3,2571,卖盘
568,11:01:31,8.58,0.01,23,19734,买盘
569,11:01:48,8.57,-0.01,4,3428,卖盘
570,11:01:55,8.58,0.01,1,858,买盘
571,11:02:00,8.58,0.0,7,6006,买盘
572,11:02:03,8.58,0.0,1,858,买盘
573,11:02:06,8.58,0.0,6,5148,买盘
574,11:02:18,8.57,-0.01,4,3428,卖盘
575,11:02:45,8.58,0.01,12,10296,买盘
576,11:02:48,8.58,0.0,4,3432,卖盘
577,11:03:15,8.59,0.01,2,1718,买盘
578,11:03:19,8.57,-0.02,23,19715,卖盘
579,11:03:34,8.57,0.0,3,2571,卖盘
580,11:03:48,8.57,0.0,4,3428,卖盘
581,11:04:12,8.59,0.02,2,1718,买盘
582,11:04:18,8.57,-0.02,1,857,卖盘
583,11:04:22,8.57,0.0,3,2571,卖盘
584,11:04:27,8.59,0.02,2,1718,买盘
585,11:04:30,8.57,-0.02,13,11163,卖盘
586,11:04:45,8.57,0.0,3,2571,卖盘
587,11:04:48,8.57,0.0,1,857,卖盘
588,11:04:51,8.57,0.0,3,2571,卖盘
589,11:04:57,8.59,0.02,1,859,买盘
590,11:05:00,8.57,-0.02,4,3428,卖盘
591,11:05:12,8.57,0.0,61,52277,卖盘
592,11:05:15,8.56,-0.01,1,856,卖盘
593,11:05:18,8.56,0.0,3,2568,卖盘
594,11:05:25,8.57,0.01,60,51420,买盘
595,11:05:27,8.57,0.0,17,14569,买盘
596,11:05:30,8.57,0.0,1,857,买盘
597,11:05:33,8.57,0.0,9,7713,买盘
598,11:05:39,8.59,0.02,1,859,买盘
599,11:05:45,8.57,-0.02,3,2571,卖盘
600,11:05:49,8.56,-0.01,37,31684,卖盘
601,11:05:51,8.57,0.01,1,857,中性盘
602,11:06:04,8.58,0.01,12,10286,买盘
603,11:06:06,8.57,-0.01,12,10284,卖盘
604,11:06:18,8.57,0.0,1,857,卖盘
605,11:06:21,8.57,0.0,3,2571,卖盘
606,11:06:46,8.58,0.01,10,8580,买盘
607,11:06:48,8.58,0.0,3,2574,卖盘
608,11:06:51,8.58,0.0,4,3432,卖盘
609,11:06:54,8.58,0.0,1,858,买盘
610,11:06:57,8.58,0.0,1,858,卖盘
611,11:07:18,8.57,-0.01,4,3428,卖盘
612,11:07:48,8.57,0.0,1,857,卖盘
613,11:07:51,8.57,0.0,3,2571,卖盘
614,11:08:04,8.59,0.02,1,859,买盘
615,11:08:21,8.57,-0.02,4,3428,卖盘
616,11:08:51,8.57,0.0,3,2571,卖盘
617,11:09:09,8.57,0.0,27,23139,卖盘
618,11:09:12,8.57,0.0,2,1714,买盘
619,11:09:15,8.57,0.0,5,4285,买盘
620,11:09:18,8.56,-0.01,6,5139,卖盘
621,11:09:21,8.56,0.0,1,856,卖盘
622,11:09:36,8.57,0.01,1,857,买盘
623,11:09:40,8.57,0.0,2,1714,买盘
624,11:09:43,8.57,0.0,3,2571,买盘
625,11:09:51,8.56,-0.01,4,3424,卖盘
626,11:09:55,8.57,0.01,4,3428,买盘
627,11:10:10,8.57,0.0,2,1714,买盘
628,11:10:12,8.57,0.0,2,1714,买盘
629,11:10:21,8.57,0.0,3,2571,卖盘
630,11:10:27,8.57,0.0,1,857,买盘
631,11:10:51,8.57,0.0,4,3428,卖盘
632,11:10:57,8.58,0.01,5,4290,买盘
633,11:11:13,8.58,0.0,13,11154,买盘
634,11:11:16,8.58,0.0,4,3432,买盘
635,11:11:21,8.58,0.0,1,858,卖盘
636,11:11:24,8.58,0.0,1,858,买盘
637,11:11:39,8.59,0.01,1,859,买盘
638,11:11:48,8.58,-0.01,3,2574,卖盘
639,11:11:51,8.58,0.0,8,6864,卖盘
640,11:12:21,8.57,-0.01,4,3428,卖盘
641,11:12:24,8.58,0.01,53,45474,买盘
642,11:12:51,8.58,0.0,7,6008,卖盘
643,11:12:54,8.58,0.0,6,5148,卖盘
644,11:13:18,8.59,0.01,1,859,买盘
645,11:13:21,8.58,-0.01,5,4290,卖盘
646,11:13:39,8.59,0.01,17,14603,买盘
647,11:13:51,8.58,-0.01,3,2574,卖盘
648,11:13:54,8.58,0.0,1,858,卖盘
649,11:14:00,8.59,0.01,1,859,买盘
650,11:14:06,8.58,-0.01,11,9438,卖盘
651,11:14:21,8.58,0.0,1,858,卖盘
652,11:14:31,8.59,0.01,189,162351,买盘
653,11:14:55,8.61,0.02,3,2583,买盘
654,11:15:09,8.62,0.01,4,3445,买盘
655,11:15:18,8.62,0.0,3,2586,买盘
656,11:15:21,8.62,0.0,10,8620,买盘
657,11:17:00,8.62,0.0,1,862,买盘
658,11:17:04,8.62,0.0,6,5172,买盘
659,11:17:06,8.62,0.0,1,862,买盘
660,11:17:33,8.6,-0.02,32,27520,卖盘
661,11:17:37,8.6,0.0,1,860,买盘
662,11:17:39,8.6,0.0,6,5160,买盘
663,11:18:45,8.59,-0.01,8,6872,卖盘
664,11:18:52,8.59,0.0,20,17180,卖盘
665,11:18:55,8.6,0.01,1,860,买盘
666,11:19:00,8.6,0.0,1,860,买盘
667,11:19:12,8.6,0.0,3,2580,买盘
668,11:19:27,8.6,0.0,3,2580,买盘
669,11:19:30,8.6,0.0,2,1720,买盘
670,11:19:54,8.59,-0.01,93,79887,卖盘
671,11:20:15,8.6,0.01,9,7733,买盘
672,11:20:18,8.6,0.0,1,860,买盘
673,11:20:27,8.58,-0.02,298,255707,卖盘
674,11:20:31,8.57,-0.01,18,15426,卖盘
675,11:20:36,8.57,0.0,16,13712,卖盘
676,11:20:39,8.57,0.0,3,2571,买盘
677,11:20:43,8.57,0.0,12,10284,买盘
678,11:21:15,8.57,0.0,40,34290,卖盘
679,11:21:18,8.56,-0.01,214,183190,卖盘
680,11:21:28,8.56,0.0,129,110424,买盘
681,11:21:31,8.56,0.0,11,9416,买盘
682,11:21:33,8.56,0.0,1,856,买盘
683,11:21:37,8.56,0.0,43,36808,买盘
684,11:21:42,8.56,0.0,1,856,买盘
685,11:21:51,8.56,0.0,2,1712,买盘
686,11:22:06,8.56,0.0,1,856,买盘
687,11:22:13,8.59,0.03,1,859,中性盘
688,11:22:18,8.55,-0.04,100,85502,卖盘
689,11:22:36,8.59,0.04,6,5154,买盘
690,11:22:46,8.58,-0.01,1,858,买盘
691,11:23:48,8.58,0.0,1,858,买盘
692,11:24:21,8.58,0.0,2,1716,买盘
693,11:25:27,8.58,0.0,2,1716,买盘
694,11:26:03,8.58,0.0,56,48048,买盘
695,11:26:24,8.56,-0.02,10,8560,卖盘
696,11:26:39,8.58,0.02,2,1716,买盘
697,11:27:24,8.56,-0.02,5,4280,卖盘
698,11:27:30,8.58,0.02,60,51480,买盘
699,11:27:48,8.58,0.0,1,858,买盘
700,11:27:51,8.58,0.0,2,1716,买盘
701,11:28:04,8.58,0.0,60,51480,买盘
702,11:28:45,8.55,-0.03,107,91527,卖盘
703,11:28:49,8.58,0.03,2,1716,买盘
704,11:29:00,8.58,0.0,6,5148,买盘
705,11:29:18,8.58,0.0,8,6864,买盘
706,11:29:30,8.6,0.02,8,6870,买盘
707,11:29:33,8.58,-0.02,3,2574,卖盘
708,11:29:48,8.57,-0.01,2,1714,卖盘
709,13:00:04,8.57,0.0,103,88275,买盘
710,13:00:06,8.57,0.0,20,17140,卖盘
711,13:00:30,8.59,0.02,1,859,买盘
712,13:01:09,8.57,-0.02,10,8570,卖盘
713,13:02:39,8.59,0.02,31,26629,买盘
714,13:02:57,8.59,0.0,13,11167,买盘
715,13:03:39,8.59,0.0,3,2577,买盘
716,13:03:48,8.59,0.0,7,6013,买盘
717,13:04:12,8.6,0.01,18,15480,买盘
718,13:04:15,8.59,-0.01,11,9449,卖盘
719,13:04:18,8.6,0.01,10,8600,买盘
720,13:04:24,8.59,-0.01,7,6013,卖盘
721,13:04:42,8.59,0.0,42,36078,买盘
722,13:05:12,8.59,0.0,5,4295,买盘
723,13:05:21,8.59,0.0,1,859,买盘
724,13:05:42,8.59,0.0,11,9449,买盘
725,13:06:00,8.59,0.0,6,5154,买盘
726,13:07:39,8.6,0.01,1,860,买盘
727,13:09:04,8.6,0.0,7,6020,买盘
728,13:09:07,8.6,0.0,11,9460,卖盘
729,13:09:15,8.61,0.01,30,25830,买盘
730,13:09:27,8.61,0.0,10,8610,买盘
731,13:10:36,8.61,0.0,12,10332,买盘
732,13:10:45,8.61,0.0,13,11193,买盘
733,13:10:49,8.61,0.0,5,4305,买盘
734,13:10:57,8.61,0.0,6,5166,卖盘
735,13:11:57,8.62,0.01,13,11206,买盘
736,13:12:07,8.62,0.0,92,79304,买盘
737,13:12:18,8.62,0.0,105,90510,买盘
738,13:12:27,8.64,0.02,13,11232,买盘
739,13:12:40,8.64,0.0,3,2592,买盘
740,13:12:49,8.64,0.0,14,12096,买盘
741,13:13:18,8.64,0.0,10,8640,卖盘
742,13:13:27,8.64,0.0,2,1728,买盘
743,13:13:57,8.63,-0.01,3,2589,买盘
744,13:15:21,8.64,0.01,1,864,买盘
745,13:15:30,8.64,0.0,26,22464,买盘
746,13:16:10,8.65,0.01,11,9515,买盘
747,13:16:34,8.65,0.0,2,1730,买盘
748,13:16:36,8.65,0.0,6,5190,买盘
749,13:16:39,8.66,0.01,110,95230,买盘
750,13:16:55,8.66,0.0,100,86600,买盘
751,13:17:04,8.67,0.01,1,867,买盘
752,13:17:31,8.67,0.0,1,867,买盘
753,13:17:34,8.67,0.0,1,867,买盘
754,13:18:34,8.67,0.0,10,8670,买盘
755,13:19:12,8.67,0.0,8,6936,卖盘
756,13:19:21,8.67,0.0,3,2601,卖盘
757,13:19:24,8.67,0.0,11,9537,卖盘
758,13:19:39,8.68,0.01,1,868,买盘
759,13:19:48,8.68,0.0,20,17360,买盘
760,13:19:54,8.67,-0.01,19,16473,卖盘
761,13:19:58,8.67,0.0,4,3468,卖盘
762,13:20:12,8.67,0.0,15,13006,卖盘
763,13:20:16,8.67,0.0,11,9537,卖盘
764,13:20:18,8.67,0.0,13,11271,卖盘
765,13:21:06,8.66,-0.01,4,3464,卖盘
766,13:21:09,8.66,0.0,2,1732,卖盘
767,13:21:51,8.65,-0.01,2,1730,卖盘
768,13:21:54,8.65,0.0,4,3460,买盘
769,13:21:58,8.66,0.01,1,866,卖盘
770,13:22:18,8.66,0.0,5,4330,卖盘
771,13:22:21,8.66,0.0,1,866,卖盘
772,13:22:24,8.64,-0.02,30,25956,卖盘
773,13:23:04,8.65,0.01,14,12110,买盘
774,13:23:06,8.65,0.0,1,865,卖盘
775,13:23:24,8.64,-0.01,28,24192,卖盘
776,13:24:00,8.65,0.01,1,865,买盘
777,13:24:16,8.64,-0.01,10,8640,卖盘
778,13:25:25,8.64,0.0,20,17280,卖盘
779,13:25:31,8.65,0.01,20,17300,买盘
780,13:25:55,8.65,0.0,1,865,买盘
781,13:26:00,8.65,0.0,13,11245,买盘
782,13:26:12,8.65,0.0,11,9515,买盘
783,13:26:15,8.65,0.0,1,865,买盘
784,13:26:18,8.65,0.0,2,1730,买盘
785,13:27:21,8.66,0.01,42,36372,买盘
786,13:27:27,8.67,0.01,21,18207,买盘
787,13:27:30,8.67,0.0,5,4335,买盘
788,13:27:57,8.66,-0.01,1,866,卖盘
789,13:28:00,8.67,0.01,3,2601,买盘
790,13:28:33,8.66,-0.01,2,1732,卖盘
791,13:29:31,8.67,0.01,8,6936,买盘
792,13:29:33,8.67,0.0,2,1734,买盘
793,13:29:36,8.67,0.0,2,1734,买盘
794,13:29:39,8.67,0.0,2,1734,买盘
795,13:29:45,8.67,0.0,16,13872,买盘
796,13:30:00,8.68,0.01,1,868,买盘
797,13:30:21,8.68,0.0,1,868,买盘
798,13:30:36,8.68,0.0,1,868,买盘
799,13:30:55,8.68,0.0,5,4340,买盘
800,13:31:01,8.68,0.0,3,2604,买盘
801,13:31:06,8.68,0.0,49,42532,买盘
802,13:31:09,8.7,0.02,105,91279,买盘
803,13:31:13,8.7,0.0,2,1740,买盘
804,13:31:24,8.68,-0.02,4,3472,卖盘
805,13:31:30,8.68,0.0,6,5208,买盘
806,13:32:01,8.69,0.01,1,869,买盘
807,13:32:09,8.7,0.01,200,173931,买盘
808,13:32:12,8.71,0.01,87,75724,买盘
809,13:32:15,8.71,0.0,8,6968,买盘
810,13:32:45,8.71,0.0,5,4355,买盘
811,13:32:48,8.71,0.0,3,2613,买盘
812,13:32:51,8.71,0.0,2,1742,买盘
813,13:33:00,8.71,0.0,3,2613,买盘
814,13:33:18,8.71,0.0,1,871,买盘
815,13:33:21,8.71,0.0,2,1742,买盘
816,13:33:36,8.7,-0.01,66,57420,卖盘
817,13:33:42,8.71,0.01,1,871,买盘
818,13:33:48,8.7,-0.01,14,12180,卖盘
819,13:34:24,8.71,0.01,1,871,买盘
820,13:35:01,8.71,0.0,16,13923,买盘
821,13:35:04,8.71,0.0,14,12194,买盘
822,13:35:09,8.7,-0.01,26,22620,卖盘
823,13:35:12,8.7,0.0,9,7830,买盘
824,13:35:15,8.7,0.0,2,1740,买盘
825,13:35:18,8.7,0.0,5,4350,买盘
826,13:35:21,8.71,0.01,1,871,买盘
827,13:35:27,8.71,0.0,3,2613,买盘
828,13:36:09,8.7,-0.01,28,24360,卖盘
829,13:36:21,8.7,0.0,1,870,买盘
830,13:36:24,8.7,0.0,1,870,买盘
831,13:36:27,8.7,0.0,13,11310,买盘
832,13:36:30,8.7,0.0,18,15660,买盘
833,13:36:33,8.7,0.0,3,2610,买盘
834,13:36:36,8.7,0.0,5,4350,买盘
835,13:36:39,8.7,0.0,3,2610,买盘
836,13:36:42,8.7,0.0,8,6960,买盘
837,13:36:45,8.7,0.0,3,2610,买盘
838,13:36:48,8.7,0.0,1,870,买盘
839,13:36:51,8.7,0.0,1,870,买盘
840,13:36:58,8.7,0.0,1,870,卖盘
841,13:37:00,8.7,0.0,1,870,买盘
842,13:37:04,8.7,0.0,3,2610,买盘
843,13:37:06,8.7,0.0,4,3480,买盘
844,13:37:10,8.7,0.0,9,7830,买盘
845,13:37:12,8.7,0.0,15,13050,买盘
846,13:37:15,8.7,0.0,19,16530,买盘
847,13:37:18,8.71,0.01,23,20024,买盘
848,13:37:21,8.71,0.0,18,15678,买盘
849,13:37:24,8.71,0.0,12,10452,买盘
850,13:37:27,8.71,0.0,10,8710,买盘
851,13:37:30,8.71,0.0,9,7839,买盘
852,13:37:34,8.71,0.0,10,8710,买盘
853,13:37:37,8.71,0.0,9,7839,买盘
854,13:37:40,8.7,-0.01,13,11319,卖盘
855,13:37:42,8.71,0.01,11,9577,买盘
856,13:37:46,8.71,0.0,8,6968,买盘
857,13:37:49,8.71,0.0,5,4355,买盘
858,13:37:51,8.72,0.01,12,10459,买盘
859,13:37:55,8.72,0.0,7,6104,买盘
860,13:37:57,8.72,0.0,5,4360,买盘
861,13:38:00,8.72,0.0,6,5232,买盘
862,13:38:03,8.72,0.0,4,3488,买盘
863,13:38:06,8.72,0.0,4,3488,买盘
864,13:38:12,8.72,0.0,1,872,买盘
865,13:38:15,8.72,0.0,1,872,买盘
866,13:38:18,8.71,-0.01,3,2614,卖盘
867,13:38:21,8.72,0.01,1,872,买盘
868,13:38:25,8.72,0.0,1,872,买盘
869,13:38:27,8.72,0.0,1,872,买盘
870,13:38:46,8.72,0.0,22,19164,买盘
871,13:38:52,8.72,0.0,2,1744,买盘
872,13:38:55,8.72,0.0,3,2616,买盘
873,13:38:57,8.71,-0.01,27,23520,卖盘
874,13:39:00,8.71,0.0,3,2613,买盘
875,13:39:04,8.71,0.0,2,1742,买盘
876,13:39:06,8.71,0.0,1,871,买盘
877,13:39:09,8.71,0.0,2,1742,买盘
878,13:39:12,8.71,0.0,1,871,买盘
879,13:39:15,8.71,0.0,7,6097,买盘
880,13:39:18,8.71,0.0,1,871,买盘
881,13:39:21,8.7,-0.01,4,3481,卖盘
882,13:39:24,8.7,0.0,40,34800,买盘
883,13:39:27,8.7,0.0,6,5220,买盘
884,13:39:30,8.7,0.0,1,870,买盘
885,13:39:33,8.72,0.02,2,1743,买盘
886,13:39:36,8.7,-0.02,1,870,卖盘
887,13:39:39,8.7,0.0,4,3480,买盘
888,13:39:43,8.7,0.0,1,870,买盘
889,13:39:45,8.7,0.0,1,870,买盘
890,13:39:48,8.7,0.0,1,870,买盘
891,13:39:57,8.7,0.0,13,11310,中性盘
892,13:40:04,8.7,0.0,37,32190,买盘
893,13:40:27,8.72,0.02,1,872,买盘
894,13:40:39,8.72,0.0,79,68904,买盘
895,13:40:51,8.73,0.01,100,87300,买盘
896,13:40:54,8.73,0.0,1,873,买盘
897,13:40:58,8.73,0.0,2,1746,买盘
898,13:41:15,8.73,0.0,1,873,买盘
899,13:41:18,8.75,0.02,20,17476,买盘
900,13:41:45,8.74,-0.01,5,4370,买盘
901,13:41:54,8.72,-0.02,39,33982,卖盘
902,13:42:01,8.72,0.0,1,872,买盘
903,13:42:21,8.72,0.0,1,872,买盘
904,13:42:34,8.72,0.0,1,872,买盘
905,13:42:42,8.7,-0.02,14,12180,卖盘
906,13:42:45,8.72,0.02,38,33084,买盘
907,13:44:12,8.72,0.0,3,2616,买盘
908,13:44:27,8.72,0.0,2,1744,买盘
909,13:44:39,8.72,0.0,1,872,买盘
910,13:45:21,8.72,0.0,4,3488,买盘
911,13:45:24,8.71,-0.01,12,10452,卖盘
912,13:45:31,8.71,0.0,4,3484,买盘
913,13:45:43,8.71,0.0,3,2613,买盘
914,13:46:15,8.71,0.0,1,871,买盘
915,13:46:36,8.7,-0.01,100,87000,卖盘
916,13:46:39,8.7,0.0,20,17400,卖盘
917,13:46:42,8.7,0.0,8,6960,卖盘
918,13:46:57,8.69,-0.01,12,10428,卖盘
919,13:47:19,8.7,0.01,1,870,买盘
920,13:47:45,8.69,-0.01,36,31284,卖盘
921,13:48:12,8.7,0.01,1,870,买盘
922,13:48:15,8.69,-0.01,10,8690,卖盘
923,13:49:06,8.69,0.0,55,47795,卖盘
924,13:49:09,8.69,0.0,1,869,卖盘
925,13:49:51,8.69,0.0,12,10428,卖盘
926,13:50:21,8.69,0.0,4,3476,卖盘
927,13:50:27,8.69,0.0,22,19118,卖盘
928,13:50:39,8.69,0.0,1,869,买盘
929,13:50:49,8.69,0.0,30,26070,买盘
930,13:50:58,8.7,0.01,2,1740,买盘
931,13:51:04,8.7,0.0,13,11310,买盘
932,13:51:18,8.7,0.0,2,1740,买盘
933,13:51:49,8.69,-0.01,1,869,卖盘
934,13:52:04,8.7,0.01,70,60900,买盘
935,13:52:09,8.69,-0.01,152,132202,卖盘
936,13:52:16,8.71,0.02,1,871,买盘
937,13:52:22,8.71,0.0,49,42679,买盘
938,13:53:21,8.71,0.0,3,2613,买盘
939,13:53:36,8.71,0.0,22,19162,买盘
940,13:53:48,8.71,0.0,1,871,卖盘
941,13:53:57,8.72,0.01,1,872,买盘
942,13:54:01,8.72,0.0,1,872,买盘
943,13:54:09,8.71,-0.01,1,871,卖盘
944,13:54:21,8.72,0.01,1,872,买盘
945,13:54:27,8.72,0.0,1,872,买盘
946,13:54:58,8.71,-0.01,1,871,卖盘
947,13:55:01,8.72,0.01,2,1744,买盘
948,13:55:12,8.72,0.0,1,872,买盘
949,13:55:30,8.71,-0.01,14,12194,卖盘
950,13:55:45,8.72,0.01,1,872,买盘
951,13:56:00,8.72,0.0,2,1744,买盘
952,13:56:18,8.71,-0.01,13,11323,卖盘
953,13:56:30,8.71,0.0,61,53186,卖盘
954,13:56:33,8.71,0.0,24,20904,卖盘
955,13:56:36,8.71,0.0,1,871,卖盘
956,13:56:39,8.71,0.0,2,1742,卖盘
957,13:56:48,8.71,0.0,1,871,买盘
958,13:56:57,8.71,0.0,3,2613,买盘
959,13:57:19,8.7,-0.01,17,14790,卖盘
960,13:57:30,8.7,0.0,15,13050,卖盘
961,13:57:36,8.7,0.0,14,12180,卖盘
962,13:58:45,8.71,0.01,1,871,买盘
963,13:58:51,8.7,-0.01,9,7830,卖盘
964,13:59:21,8.7,0.0,11,9570,买盘
965,13:59:55,8.7,0.0,5,4350,卖盘
966,14:00:16,8.71,0.01,1,871,买盘
967,14:00:18,8.7,-0.01,5,4350,卖盘
968,14:00:30,8.7,0.0,6,5220,卖盘
969,14:01:06,8.7,0.0,9,7830,买盘
970,14:01:09,8.7,0.0,8,6960,买盘
971,14:01:39,8.71,0.01,18,15678,买盘
972,14:01:43,8.71,0.0,7,6097,买盘
973,14:01:45,8.7,-0.01,74,64394,卖盘
974,14:01:49,8.71,0.01,41,35695,买盘
975,14:01:51,8.7,-0.01,4,3480,卖盘
976,14:01:58,8.71,0.01,53,46163,买盘
977,14:02:04,8.72,0.01,1,872,买盘
978,14:02:12,8.72,0.0,100,87200,买盘
979,14:02:15,8.72,0.0,9,7848,买盘
980,14:02:19,8.72,0.0,10,8720,买盘
981,14:02:21,8.72,0.0,41,35778,买盘
982,14:02:25,8.73,0.01,5,4365,买盘
983,14:02:55,8.74,0.01,20,17480,买盘
984,14:03:04,8.74,0.0,25,21850,买盘
985,14:03:07,8.75,0.01,60,52442,买盘
986,14:03:10,8.74,-0.01,1,874,中性盘
987,14:03:18,8.74,0.0,14,12236,卖盘
988,14:03:22,8.74,0.0,3,2622,买盘
989,14:03:24,8.74,0.0,1,874,买盘
990,14:03:31,8.74,0.0,1,874,买盘
991,14:03:37,8.74,0.0,1,874,买盘
992,14:03:40,8.74,0.0,11,9614,买盘
993,14:03:43,8.74,0.0,12,10488,卖盘
994,14:04:07,8.74,0.0,88,76912,买盘
995,14:04:10,8.74,0.0,10,8740,卖盘
996,14:04:12,8.75,0.01,35,30595,买盘
997,14:04:15,8.75,0.0,26,22750,买盘
998,14:04:19,8.74,-0.01,1,874,卖盘
999,14:04:21,8.75,0.01,100,87500,买盘
1000,14:04:30,8.75,0.0,5,4375,买盘
1001,14:04:51,8.75,0.0,1,875,买盘
1002,14:05:00,8.75,0.0,88,77000,买盘
1003,14:05:13,8.76,0.01,1,876,买盘
1004,14:05:46,8.76,0.0,6,5256,中性盘
1005,14:05:48,8.77,0.01,25,21921,买盘
1006,14:05:54,8.77,0.0,25,21925,卖盘
1007,14:05:58,8.76,-0.01,77,67523,卖盘
1008,14:06:15,8.77,0.01,19,16663,买盘
1009,14:06:18,8.76,-0.01,16,14018,卖盘
1010,14:06:46,8.75,-0.01,26,22750,卖盘
1011,14:06:48,8.75,0.0,9,7875,买盘
1012,14:06:54,8.75,0.0,11,9625,买盘
1013,14:07:00,8.75,0.0,14,12250,卖盘
1014,14:07:06,8.75,0.0,3,2625,卖盘
1015,14:07:33,8.76,0.01,5,4380,买盘
1016,14:08:00,8.77,0.01,2,1754,买盘
1017,14:08:15,8.76,-0.01,5,4380,卖盘
1018,14:08:28,8.76,0.0,10,8760,卖盘
1019,14:08:42,8.76,0.0,1,876,买盘
1020,14:08:48,8.75,-0.01,4,3500,卖盘
1021,14:09:00,8.76,0.01,2,1752,买盘
1022,14:09:06,8.75,-0.01,17,14875,卖盘
1023,14:09:15,8.75,0.0,10,8750,买盘
1024,14:09:36,8.74,-0.01,19,16606,卖盘
1025,14:10:18,8.74,0.0,1,874,买盘
1026,14:10:22,8.74,0.0,1,874,买盘
1027,14:10:27,8.74,0.0,10,8740,买盘
1028,14:10:30,8.74,0.0,12,10488,买盘
1029,14:10:33,8.74,0.0,22,19228,买盘
1030,14:10:36,8.74,0.0,11,9614,买盘
1031,14:10:42,8.74,0.0,7,6118,买盘
1032,14:11:00,8.75,0.01,2,1750,买盘
1033,14:11:09,8.74,-0.01,3,2622,卖盘
1034,14:11:21,8.75,0.01,26,22749,买盘
1035,14:11:25,8.75,0.0,2,1750,买盘
1036,14:11:30,8.75,0.0,2,1750,买盘
1037,14:11:33,8.75,0.0,16,14000,买盘
1038,14:11:36,8.75,0.0,8,7000,买盘
1039,14:11:54,8.76,0.01,2,1752,买盘
1040,14:12:06,8.76,0.0,1,876,买盘
1041,14:12:30,8.76,0.0,1,876,买盘
1042,14:12:33,8.76,0.0,48,42027,买盘
1043,14:12:36,8.76,0.0,18,15768,买盘
1044,14:12:57,8.76,0.0,32,28032,卖盘
1045,14:13:01,8.76,0.0,3,2628,买盘
1046,14:13:04,8.77,0.01,20,17531,买盘
1047,14:13:33,8.75,-0.02,5,4375,卖盘
1048,14:13:39,8.77,0.02,1,877,买盘
1049,14:13:54,8.76,-0.01,2,1752,买盘
1050,14:13:57,8.77,0.01,1,877,买盘
1051,14:14:00,8.76,-0.01,9,7886,卖盘
1052,14:14:15,8.75,-0.01,10,8750,卖盘
1053,14:14:30,8.75,0.0,25,21875,卖盘
1054,14:14:37,8.75,0.0,5,4375,卖盘
1055,14:14:57,8.76,0.01,32,28032,买盘
1056,14:15:00,8.77,0.01,1,877,买盘
1057,14:15:06,8.77,0.0,2,1754,买盘
1058,14:15:15,8.77,0.0,2,1754,买盘
1059,14:15:19,8.77,0.0,1,877,买盘
1060,14:15:22,8.77,0.0,39,34203,买盘
1061,14:15:24,8.77,0.0,1,877,买盘
1062,14:15:27,8.77,0.0,43,37711,买盘
1063,14:15:30,8.77,0.0,45,39465,买盘
1064,14:15:33,8.78,0.01,6,5268,买盘
1065,14:15:36,8.78,0.0,2,1756,买盘
1066,14:15:39,8.78,0.0,3,2634,买盘
1067,14:15:42,8.77,-0.01,15,13155,卖盘
1068,14:15:45,8.78,0.01,4,3512,买盘
1069,14:15:55,8.78,0.0,3,2634,买盘
1070,14:16:33,8.78,0.0,175,153650,买盘
1071,14:16:42,8.79,0.01,21,18459,买盘
1072,14:16:45,8.79,0.0,18,15822,买盘
1073,14:16:55,8.79,0.0,22,19338,买盘
1074,14:16:57,8.8,0.01,1,880,买盘
1075,14:17:06,8.8,0.0,25,22000,买盘
1076,14:17:18,8.8,0.0,2,1760,买盘
1077,14:17:37,8.8,0.0,2,1760,买盘
1078,14:17:42,8.79,-0.01,10,8790,卖盘
1079,14:17:51,8.8,0.01,5,4400,买盘
1080,14:17:54,8.8,0.0,6,5280,买盘
1081,14:17:57,8.8,0.0,1,880,买盘
1082,14:18:04,8.8,0.0,5,4400,卖盘
1083,14:18:09,8.81,0.01,3,2643,买盘
1084,14:18:13,8.81,0.0,2,1762,买盘
1085,14:18:15,8.82,0.01,5,4410,买盘
1086,14:18:24,8.82,0.0,185,163170,买盘
1087,14:18:30,8.84,0.02,160,141281,买盘
1088,14:18:34,8.83,-0.01,10,8830,卖盘
1089,14:18:42,8.84,0.01,15,13260,买盘
1090,14:18:48,8.84,0.0,2,1768,买盘
1091,14:18:51,8.83,-0.01,25,22096,卖盘
1092,14:19:00,8.84,0.01,4,3536,买盘
1093,14:19:09,8.85,0.01,1,885,买盘
1094,14:19:13,8.84,-0.01,6,5304,卖盘
1095,14:19:19,8.85,0.01,13,11505,买盘
1096,14:19:21,8.85,0.0,39,34515,买盘
1097,14:19:24,8.85,0.0,25,22125,买盘
1098,14:19:27,8.86,0.01,79,69977,买盘
1099,14:19:30,8.86,0.0,15,13290,卖盘
1100,14:19:33,8.86,0.0,21,18606,卖盘
1101,14:19:36,8.86,0.0,19,16834,卖盘
1102,14:19:40,8.87,0.01,58,51446,买盘
1103,14:19:46,8.87,0.0,13,11531,卖盘
1104,14:19:48,8.87,0.0,20,17740,卖盘
1105,14:19:52,8.87,0.0,20,17740,卖盘
1106,14:20:00,8.87,0.0,20,17740,卖盘
1107,14:20:09,8.87,0.0,30,26610,卖盘
1108,14:20:18,8.86,-0.01,59,52274,卖盘
1109,14:20:24,8.86,0.0,42,37212,买盘
1110,14:20:27,8.85,-0.01,11,9745,卖盘
1111,14:20:31,8.85,0.0,1,885,买盘
1112,14:20:36,8.84,-0.01,25,22100,卖盘
1113,14:20:48,8.84,0.0,5,4420,卖盘
1114,14:21:06,8.84,0.0,166,146744,卖盘
1115,14:21:09,8.84,0.0,1,884,买盘
1116,14:21:36,8.84,0.0,47,41548,买盘
1117,14:21:48,8.84,0.0,103,91052,卖盘
1118,14:21:57,8.84,0.0,1,884,买盘
1119,14:22:15,8.83,-0.01,6,5298,卖盘
1120,14:22:24,8.84,0.01,63,55692,买盘
1121,14:22:27,8.84,0.0,1,884,卖盘
1122,14:22:45,8.83,-0.01,19,16777,卖盘
1123,14:23:09,8.83,0.0,3,2649,卖盘
1124,14:23:18,8.82,-0.01,20,17640,卖盘
1125,14:23:28,8.82,0.0,25,22050,卖盘
1126,14:23:40,8.83,0.01,2,1766,买盘
1127,14:23:43,8.82,-0.01,5,4410,卖盘
1128,14:23:55,8.83,0.01,29,25607,买盘
1129,14:24:00,8.84,0.01,5,4420,买盘
1130,14:24:12,8.84,0.0,26,22984,买盘
1131,14:24:25,8.85,0.01,13,11505,买盘
1132,14:24:27,8.84,-0.01,12,10608,卖盘
1133,14:24:36,8.84,0.0,15,13260,卖盘
1134,14:24:48,8.84,0.0,10,8840,卖盘
1135,14:24:57,8.84,0.0,12,11050,卖盘
1136,14:25:00,8.84,0.0,20,17680,卖盘
1137,14:25:16,8.84,0.0,4,3537,卖盘
1138,14:25:36,8.84,0.0,9,7956,卖盘
1139,14:25:39,8.84,0.0,10,8398,卖盘
1140,14:25:48,8.83,-0.01,71,62693,卖盘
1141,14:25:57,8.84,0.01,70,62293,买盘
1142,14:26:04,8.84,0.0,10,8840,卖盘
1143,14:26:06,8.85,0.01,50,44250,买盘
1144,14:26:09,8.84,-0.01,95,83538,卖盘
1145,14:26:24,8.82,-0.02,10,8820,卖盘
1146,14:26:27,8.83,0.01,6,5298,买盘
1147,14:26:30,8.83,0.0,10,8830,买盘
1148,14:26:36,8.84,0.01,7,6186,买盘
1149,14:26:51,8.82,-0.02,10,8820,卖盘
1150,14:28:00,8.82,0.0,50,44100,卖盘
1151,14:28:03,8.82,0.0,3,2646,卖盘
1152,14:28:42,8.82,0.0,45,39690,卖盘
1153,14:29:09,8.82,0.0,11,9702,卖盘
1154,14:29:24,8.82,0.0,188,164884,买盘
1155,14:30:18,8.79,-0.03,2,1758,卖盘
1156,14:32:09,8.79,0.0,20,17580,卖盘
1157,14:32:21,8.8,0.01,41,36080,买盘
1158,14:33:00,8.8,0.0,8,7040,卖盘
1159,14:33:39,8.81,0.01,18,15858,买盘
1160,14:33:57,8.81,0.0,9,7929,买盘
1161,14:34:12,8.81,0.0,12,10572,买盘
1162,14:35:09,8.81,0.0,4,3524,买盘
1163,14:35:36,8.82,0.01,5,4410,买盘
1164,14:35:45,8.82,0.0,13,11466,买盘
1165,14:36:12,8.83,0.01,13,11467,买盘
1166,14:36:27,8.82,-0.01,30,26460,买盘
1167,14:36:37,8.81,-0.01,1,881,卖盘
1168,14:36:48,8.81,0.0,5,4405,卖盘
1169,14:37:04,8.8,-0.01,80,70400,卖盘
1170,14:37:06,8.8,0.0,1,880,卖盘
1171,14:37:15,8.8,0.0,8,7040,卖盘
1172,14:37:39,8.8,0.0,7,6160,卖盘
1173,14:37:42,8.8,0.0,5,4400,卖盘
1174,14:37:45,8.81,0.01,13,11453,买盘
1175,14:37:48,8.81,0.0,12,10572,卖盘
1176,14:38:06,8.8,-0.01,1,880,卖盘
1177,14:38:48,8.81,0.01,23,20263,买盘
1178,14:38:57,8.8,-0.01,29,25522,卖盘
1179,14:39:00,8.82,0.02,12,10584,买盘
1180,14:39:06,8.8,-0.02,7,6160,卖盘
1181,14:39:48,8.81,0.01,25,22025,买盘
1182,14:40:15,8.8,-0.01,3,2640,卖盘
1183,14:40:31,8.79,-0.01,30,26370,卖盘
1184,14:40:52,8.79,0.0,5,4395,买盘
1185,14:41:51,8.8,0.01,25,22000,买盘
1186,14:41:54,8.8,0.0,1,880,买盘
1187,14:42:00,8.79,-0.01,147,129213,卖盘
1188,14:42:09,8.78,-0.01,1,878,卖盘
1189,14:42:21,8.78,0.0,29,25462,卖盘
1190,14:42:51,8.78,0.0,6,5268,买盘
1191,14:43:04,8.79,0.01,5,4395,买盘
1192,14:43:36,8.79,0.0,18,15822,买盘
1193,14:43:52,8.79,0.0,25,21975,买盘
1194,14:45:27,8.79,0.0,1,879,买盘
1195,14:45:42,8.79,0.0,100,87900,买盘
1196,14:45:45,8.79,0.0,1,879,买盘
1197,14:45:51,8.79,0.0,4,3516,买盘
1198,14:45:54,8.79,0.0,32,28128,买盘
1199,14:46:48,8.79,0.0,4,3516,卖盘
1200,14:46:57,8.79,0.0,6,5274,卖盘
1201,14:47:04,8.8,0.01,5,4400,买盘
1202,14:47:12,8.8,0.0,52,45750,买盘
1203,14:47:18,8.81,0.01,3,2643,买盘
1204,14:47:54,8.8,-0.01,5,4400,卖盘
1205,14:47:57,8.8,0.0,6,5280,卖盘
1206,14:48:00,8.8,0.0,2,1760,买盘
1207,14:48:30,8.8,0.0,2,1760,买盘
1208,14:48:57,8.8,0.0,5,4400,买盘
1209,14:49:01,8.8,0.0,10,8800,卖盘
1210,14:49:25,8.81,0.01,49,43169,买盘
1211,14:49:57,8.81,0.0,3,2643,卖盘
1212,14:50:09,8.82,0.01,1,882,买盘
1213,14:50:12,8.82,0.0,2,1764,买盘
1214,14:50:30,8.81,-0.01,1,881,卖盘
1215,14:51:24,8.82,0.01,10,8820,买盘
1216,14:51:28,8.82,0.0,10,8820,买盘
1217,14:51:37,8.82,0.0,7,6174,买盘
1218,14:51:57,8.82,0.0,10,8820,买盘
1219,14:52:00,8.82,0.0,9,7938,买盘
1220,14:52:06,8.82,0.0,3,2646,卖盘
1221,14:52:09,8.81,-0.01,5,4405,买盘
1222,14:52:48,8.81,0.0,3,2643,买盘
1223,14:53:01,8.81,0.0,101,88981,买盘
1224,14:53:09,8.82,0.01,3,2646,买盘
1225,14:53:12,8.82,0.0,2,1764,买盘
1226,14:53:16,8.81,-0.01,42,37002,卖盘
1227,14:53:21,8.81,0.0,9,7929,买盘
1228,14:53:42,8.82,0.01,2,1764,买盘
1229,14:54:12,8.81,-0.01,25,22025,卖盘
1230,14:54:16,8.82,0.01,2,1764,买盘
1231,14:54:27,8.83,0.01,9,7943,买盘
1232,14:54:45,8.82,-0.01,8,7056,卖盘
1233,14:55:03,8.81,-0.01,6,5286,卖盘
1234,14:55:06,8.82,0.01,2,1764,买盘
1235,14:55:24,8.82,0.0,11,9702,买盘
1236,14:55:31,8.82,0.0,10,8820,买盘
1237,14:55:34,8.82,0.0,2,1764,买盘
1238,14:55:42,8.83,0.01,30,26490,买盘
1239,14:56:00,8.83,0.0,1,883,买盘
1240,14:56:18,8.82,-0.01,10,8820,卖盘
1241,14:56:21,8.82,0.0,22,19416,卖盘
1242,14:56:25,8.82,0.0,28,24696,卖盘
1243,14:56:27,8.82,0.0,20,17640,买盘
1244,14:56:36,8.8,-0.02,4,3526,卖盘
1245,14:56:39,8.8,0.0,1,880,卖盘
1246,14:56:42,8.82,0.02,38,33476,买盘
1247,15:00:04,8.81,-0.01,132,116292,卖盘
