,time,price,change,volume,amount,type
0,09:25:05,12.14,-0.1,29,35206,卖盘
1,09:30:04,12.1,-0.04,52,62980,卖盘
2,09:30:07,12.1,0.0,10,12100,买盘
3,09:30:16,12.07,-0.03,2,2414,卖盘
4,09:30:27,12.08,0.01,18,21744,卖盘
5,09:30:31,12.08,0.0,2,2418,卖盘
6,09:30:40,12.08,0.0,9,10872,卖盘
7,09:30:46,12.07,-0.01,41,49517,卖盘
8,09:30:49,12.1,0.03,11,13284,买盘
9,09:30:55,12.08,-0.02,2,2416,卖盘
10,09:30:58,12.07,-0.01,10,12068,买盘
11,09:31:04,12.1,0.03,15,18150,买盘
12,09:31:07,12.07,-0.03,5,6044,卖盘
13,09:31:10,12.1,0.03,3,3630,买盘
14,09:31:13,12.1,0.0,1,1210,买盘
15,09:31:19,12.1,0.0,2,2420,买盘
16,09:31:22,12.1,0.0,1,1210,买盘
17,09:31:24,12.1,0.0,1,1210,买盘
18,09:31:37,12.1,0.0,5,6050,买盘
19,09:31:49,12.08,-0.02,5,6040,卖盘
20,09:31:55,12.1,0.02,2,2420,买盘
21,09:31:58,12.08,-0.02,3,3624,卖盘
22,09:32:04,12.12,0.04,4,4848,买盘
23,09:32:28,12.1,-0.02,5,6050,买盘
24,09:32:31,12.1,0.0,5,6050,买盘
25,09:32:34,12.1,0.0,1,1210,买盘
26,09:32:37,12.1,0.0,10,12100,买盘
27,09:32:40,12.12,0.02,1,1212,买盘
28,09:32:49,12.11,-0.01,5,6055,卖盘
29,09:33:04,12.14,0.03,41,49748,买盘
30,09:33:07,12.18,0.04,45,54634,买盘
31,09:33:10,12.18,0.0,1,1218,买盘
32,09:33:16,12.14,-0.04,2,2428,卖盘
33,09:33:28,12.18,0.04,2,2436,买盘
34,09:33:30,12.19,0.01,20,24378,买盘
35,09:33:40,12.19,0.0,1,1219,买盘
36,09:33:49,12.19,0.0,1,1219,买盘
37,09:33:58,12.19,0.0,5,6095,买盘
38,09:34:27,12.18,-0.01,6,7308,买盘
39,09:34:31,12.17,-0.01,16,19481,卖盘
40,09:34:34,12.19,0.02,1,1219,买盘
41,09:34:40,12.17,-0.02,1,1217,卖盘
42,09:34:52,12.25,0.08,25,30459,买盘
43,09:35:06,12.2,-0.05,5,6100,中性盘
44,09:35:13,12.21,0.01,18,21962,买盘
45,09:35:15,12.2,-0.01,1,1220,买盘
46,09:35:43,12.17,-0.03,13,15821,卖盘
47,09:36:19,12.16,-0.01,46,55946,卖盘
48,09:36:22,12.16,0.0,1,1216,买盘
49,09:36:37,12.16,0.0,17,20672,买盘
50,09:37:10,12.16,0.0,3,3648,卖盘
51,09:37:19,12.16,0.0,9,10944,卖盘
52,09:37:25,12.16,0.0,1,1216,卖盘
53,09:38:01,12.16,0.0,36,43776,卖盘
54,09:38:04,12.16,0.0,1,1216,买盘
55,09:38:19,12.15,-0.01,1,1215,卖盘
56,09:38:27,12.16,0.01,2,2432,买盘
57,09:38:37,12.15,-0.01,2,2430,卖盘
58,09:39:19,12.15,0.0,2,2430,卖盘
59,09:39:43,12.15,0.0,5,6075,卖盘
60,09:39:46,12.15,0.0,11,13365,卖盘
61,09:39:49,12.16,0.01,8,9721,买盘
62,09:39:52,12.14,-0.02,11,13364,卖盘
63,09:40:03,12.14,0.0,5,6070,卖盘
64,09:40:07,12.15,0.01,13,15786,中性盘
65,09:40:10,12.15,0.0,10,12150,卖盘
66,09:40:13,12.16,0.01,4,4861,买盘
67,09:40:19,12.15,-0.01,3,3646,卖盘
68,09:40:22,12.15,0.0,1,1215,卖盘
69,09:40:24,12.15,0.0,11,13365,卖盘
70,09:40:28,12.15,0.0,8,9716,买盘
71,09:40:31,12.15,0.0,9,10927,买盘
72,09:40:37,12.14,-0.01,2,2428,卖盘
73,09:40:40,12.14,0.0,5,6070,卖盘
74,09:40:52,12.14,0.0,5,6070,卖盘
75,09:40:55,12.14,0.0,2,2429,卖盘
76,09:40:58,12.14,0.0,7,8498,卖盘
77,09:41:04,12.14,0.0,1,1214,卖盘
78,09:41:37,12.14,0.0,38,46132,卖盘
79,09:41:40,12.15,0.01,1,1215,买盘
80,09:41:43,12.14,-0.01,1,1214,卖盘
81,09:42:04,12.15,0.01,1,1215,买盘
82,09:42:07,12.15,0.0,10,12150,卖盘
83,09:42:30,12.16,0.01,9,11674,买盘
84,09:42:34,12.15,-0.01,10,12157,卖盘
85,09:43:31,12.19,0.04,12,14628,买盘
86,09:43:58,12.16,-0.03,13,15808,卖盘
87,09:44:01,12.16,0.0,1,1216,买盘
88,09:44:07,12.15,-0.01,41,49815,卖盘
89,09:44:10,12.16,0.01,1,1216,买盘
90,09:45:07,12.16,0.0,21,25050,买盘
91,09:45:10,12.16,0.0,14,17510,卖盘
92,09:45:19,12.16,0.0,3,3648,买盘
93,09:45:28,12.16,0.0,2,2432,买盘
94,09:45:31,12.16,0.0,1,1216,买盘
95,09:45:52,12.15,-0.01,13,15066,卖盘
96,09:45:55,12.15,0.0,1,1215,买盘
97,09:46:34,12.14,-0.01,20,24280,卖盘
98,09:46:54,12.15,0.01,68,82620,买盘
99,09:46:58,12.15,0.0,24,29137,买盘
100,09:47:01,12.15,0.0,1,1215,买盘
101,09:47:21,12.15,0.0,7,8505,买盘
102,09:48:40,12.15,0.0,1,1215,买盘
103,09:48:45,12.14,-0.01,4,4856,卖盘
104,09:48:58,12.12,-0.02,7,8484,卖盘
105,09:49:01,12.11,-0.01,1,1211,卖盘
106,09:49:58,12.12,0.01,30,36360,卖盘
107,09:50:01,12.14,0.02,1,1214,买盘
108,09:50:22,12.11,-0.03,65,78718,卖盘
109,09:50:25,12.13,0.02,3,3635,买盘
110,09:51:01,12.14,0.01,28,33984,买盘
111,09:51:04,12.14,0.0,1,1214,买盘
112,09:51:07,12.13,-0.01,6,7278,卖盘
113,09:51:28,12.14,0.01,2,2428,买盘
114,09:52:07,12.14,0.0,5,6068,买盘
115,09:52:24,12.13,-0.01,7,8491,卖盘
116,09:54:01,12.13,0.0,49,59437,卖盘
117,09:54:04,12.13,0.0,1,1213,买盘
118,09:56:22,12.12,-0.01,4,4848,卖盘
119,09:56:25,12.12,0.0,1,1212,买盘
120,09:56:54,12.12,0.0,31,37572,买盘
121,09:57:15,12.11,-0.01,10,12113,卖盘
122,09:57:30,12.11,0.0,1,1211,卖盘
123,09:57:46,12.13,0.02,9,10917,买盘
124,09:57:48,12.13,0.0,1,1213,买盘
125,09:58:06,12.13,0.0,19,23047,买盘
126,09:58:09,12.13,0.0,10,12130,卖盘
127,09:59:21,12.13,0.0,1,1213,卖盘
128,10:00:31,12.13,0.0,18,21834,卖盘
129,10:00:34,12.13,0.0,1,1213,买盘
130,10:00:55,12.12,-0.01,2,2424,卖盘
131,10:01:28,12.13,0.01,8,9704,买盘
132,10:01:40,12.13,0.0,5,6065,卖盘
133,10:01:54,12.13,0.0,7,8491,卖盘
134,10:03:19,12.13,0.0,26,31538,卖盘
135,10:03:22,12.14,0.01,1,1214,买盘
136,10:05:00,12.14,0.0,9,11654,买盘
137,10:06:21,12.16,0.02,5,6080,买盘
138,10:06:30,12.16,0.0,8,9728,卖盘
139,10:06:40,12.16,0.0,13,15808,卖盘
140,10:06:42,12.16,0.0,2,2432,买盘
141,10:07:16,12.14,-0.02,25,29622,卖盘
142,10:07:19,12.15,0.01,24,29137,买盘
143,10:08:39,12.15,0.0,2,2430,买盘
144,10:08:46,12.13,-0.02,5,6065,卖盘
145,10:09:10,12.15,0.02,10,12150,买盘
146,10:09:13,12.15,0.0,1,1215,买盘
147,10:09:40,12.15,0.0,6,7290,买盘
148,10:09:46,12.15,0.0,11,14094,买盘
149,10:10:37,12.15,0.0,39,46656,卖盘
150,10:10:40,12.15,0.0,1,1215,买盘
151,10:10:49,12.13,-0.02,10,12130,卖盘
152,10:10:52,12.13,0.0,5,6065,卖盘
153,10:10:54,12.13,0.0,6,7278,卖盘
154,10:10:57,12.13,0.0,4,4852,卖盘
155,10:11:01,12.13,0.0,13,15769,卖盘
156,10:11:04,12.12,-0.01,6,7274,卖盘
157,10:11:07,12.12,0.0,16,19392,卖盘
158,10:11:09,12.12,0.0,14,16968,卖盘
159,10:11:12,12.12,0.0,13,15756,卖盘
160,10:11:16,12.13,0.01,6,8121,买盘
161,10:11:19,12.12,-0.01,12,14544,卖盘
162,10:11:22,12.12,0.0,3,3636,卖盘
163,10:11:33,12.12,0.0,3,2788,卖盘
164,10:11:52,12.11,-0.01,31,37541,卖盘
165,10:11:55,12.12,0.01,6,7272,买盘
166,10:12:01,12.11,-0.01,11,13890,卖盘
167,10:12:07,12.12,0.01,1,1212,买盘
168,10:12:19,12.1,-0.02,70,84711,卖盘
169,10:12:22,12.12,0.02,2,2424,买盘
170,10:12:28,12.1,-0.02,10,12100,卖盘
171,10:12:52,12.1,0.0,4,4271,卖盘
172,10:12:58,12.09,-0.01,15,18135,卖盘
173,10:13:07,12.08,-0.01,6,7248,卖盘
174,10:13:37,12.08,0.0,6,7248,卖盘
175,10:13:43,12.09,0.01,5,6045,买盘
176,10:13:46,12.09,0.0,2,2418,买盘
177,10:14:19,12.11,0.02,16,19376,买盘
178,10:14:46,12.12,0.01,4,4848,买盘
179,10:14:52,12.13,0.01,30,37231,买盘
180,10:14:55,12.15,0.02,1,1215,买盘
181,10:15:10,12.13,-0.02,1,1213,卖盘
182,10:15:16,12.13,0.0,11,13343,卖盘
183,10:15:25,12.13,0.0,1,1213,卖盘
184,10:16:18,12.13,0.0,7,7642,卖盘
185,10:17:12,12.11,-0.02,5,7024,卖盘
186,10:17:42,12.11,0.0,21,25310,卖盘
187,10:17:46,12.13,0.02,1,1213,买盘
188,10:17:52,12.11,-0.02,5,6055,卖盘
189,10:18:06,12.11,0.0,8,9688,卖盘
190,10:18:33,12.11,0.0,27,32697,卖盘
191,10:18:37,12.1,-0.01,12,14531,卖盘
192,10:18:40,12.13,0.03,1,1213,买盘
193,10:19:01,12.13,0.0,8,9704,买盘
194,10:19:04,12.1,-0.03,14,16946,卖盘
195,10:19:43,12.1,0.0,3,2783,卖盘
196,10:20:13,12.1,0.0,27,33517,买盘
197,10:20:16,12.14,0.04,1,1214,买盘
198,10:20:19,12.09,-0.05,12,14508,卖盘
199,10:20:22,12.14,0.05,5,6070,买盘
200,10:20:34,12.09,-0.05,21,25390,卖盘
201,10:20:46,12.09,0.0,19,22971,卖盘
202,10:20:49,12.09,0.0,1,1209,买盘
203,10:21:04,12.09,0.0,16,19344,买盘
204,10:21:13,12.08,-0.01,14,16921,卖盘
205,10:21:36,12.08,0.0,21,25368,卖盘
206,10:21:40,12.14,0.06,1,1214,买盘
207,10:22:04,12.09,-0.05,12,14508,卖盘
208,10:22:22,12.08,-0.01,14,16919,卖盘
209,10:23:54,12.08,0.0,12,14504,卖盘
210,10:23:57,12.14,0.06,1,1214,买盘
211,10:24:54,12.08,-0.06,40,48329,卖盘
212,10:26:22,12.09,0.01,34,41106,卖盘
213,10:26:24,12.14,0.05,1,1214,买盘
214,10:28:37,12.1,-0.04,3,3630,卖盘
215,10:28:43,12.1,0.0,2,2420,卖盘
216,10:29:31,12.1,0.0,6,7260,卖盘
217,10:29:55,12.1,0.0,5,6050,卖盘
218,10:30:10,12.1,0.0,13,15730,买盘
219,10:30:13,12.1,0.0,1,1210,买盘
220,10:30:18,12.1,0.0,5,6050,买盘
221,10:30:25,12.1,0.0,20,24200,买盘
222,10:30:34,12.09,-0.01,6,7254,卖盘
223,10:30:57,12.09,0.0,3,3627,卖盘
224,10:32:16,12.14,0.05,21,25494,买盘
225,10:32:19,12.14,0.0,1,1214,买盘
226,10:32:40,12.14,0.0,1,1214,买盘
227,10:33:27,12.13,-0.01,2,2426,买盘
228,10:36:55,12.11,-0.02,10,12110,卖盘
229,10:37:16,12.1,-0.01,1,1210,卖盘
230,10:38:07,12.1,0.0,2,2420,卖盘
231,10:38:13,12.1,0.0,15,18150,卖盘
232,10:39:04,12.11,0.01,18,21798,买盘
233,10:39:07,12.13,0.02,1,1213,买盘
234,10:39:39,12.11,-0.02,17,20597,卖盘
235,10:40:55,12.11,0.0,5,6055,买盘
236,10:41:40,12.11,0.0,1,1211,买盘
237,10:42:25,12.12,0.01,2,2424,买盘
238,10:42:33,12.12,0.0,3,3636,买盘
239,10:43:40,12.12,0.0,16,19392,卖盘
240,10:43:43,12.13,0.01,1,1213,买盘
241,10:44:37,12.13,0.0,2,2426,买盘
242,10:49:57,12.13,0.0,23,27899,买盘
243,10:50:22,12.13,0.0,10,12130,卖盘
244,10:52:52,12.13,0.0,5,6065,卖盘
245,10:52:55,12.13,0.0,1,1213,买盘
246,10:54:55,12.12,-0.01,11,13332,卖盘
247,10:55:01,12.12,0.0,5,6060,买盘
248,10:56:12,12.11,-0.01,2,2422,卖盘
249,10:57:24,12.1,-0.01,50,60500,卖盘
250,10:57:27,12.1,0.0,2,2419,买盘
251,10:58:10,12.1,0.0,17,20570,买盘
252,10:58:45,12.1,0.0,8,9680,卖盘
253,11:01:54,12.1,0.0,6,7260,卖盘
254,11:01:57,12.11,0.01,1,1211,买盘
255,11:02:06,12.1,-0.01,5,6050,卖盘
256,11:02:18,12.1,0.0,5,6050,卖盘
257,11:02:21,12.1,0.0,8,9680,卖盘
258,11:02:33,12.1,0.0,6,7260,卖盘
259,11:02:45,12.1,0.0,5,6050,卖盘
260,11:02:51,12.12,0.02,26,31499,买盘
261,11:02:55,12.12,0.0,1,1212,买盘
262,11:03:04,12.1,-0.02,5,6050,卖盘
263,11:03:13,12.1,0.0,5,6050,卖盘
264,11:03:28,12.1,0.0,5,6050,卖盘
265,11:03:34,12.09,-0.01,6,7259,卖盘
266,11:03:52,12.09,0.0,6,7254,卖盘
267,11:03:54,12.09,0.0,6,7254,卖盘
268,11:04:04,12.09,0.0,6,7254,卖盘
269,11:04:07,12.09,0.0,6,7254,卖盘
270,11:04:10,12.12,0.03,1,1212,买盘
271,11:04:21,12.09,-0.03,6,7254,卖盘
272,11:04:28,12.09,0.0,5,6045,卖盘
273,11:04:42,12.09,0.0,6,7254,卖盘
274,11:04:52,12.09,0.0,5,6045,卖盘
275,11:05:07,12.09,0.0,6,7254,卖盘
276,11:05:12,12.09,0.0,5,6045,卖盘
277,11:05:27,12.09,0.0,5,6045,卖盘
278,11:05:31,12.1,0.01,1,1210,买盘
279,11:05:34,12.09,-0.01,5,6048,卖盘
280,11:05:51,12.09,0.0,6,7254,卖盘
281,11:05:54,12.12,0.03,1,1212,买盘
282,11:06:00,12.09,-0.03,5,6045,卖盘
283,11:06:15,12.09,0.0,6,7254,卖盘
284,11:06:18,12.09,0.0,6,7254,卖盘
285,11:06:39,12.09,0.0,5,6045,卖盘
286,11:06:42,12.09,0.0,5,6045,卖盘
287,11:06:55,12.09,0.0,6,7254,卖盘
288,11:07:07,12.09,0.0,6,7254,卖盘
289,11:07:15,12.09,0.0,25,30225,卖盘
290,11:07:19,12.12,0.03,1,1212,买盘
291,11:07:25,12.09,-0.03,6,7254,卖盘
292,11:07:37,12.09,0.0,6,7254,卖盘
293,11:07:48,12.09,0.0,140,169260,卖盘
294,11:07:52,12.12,0.03,3,3636,买盘
295,11:07:55,12.09,-0.03,5,6045,卖盘
296,11:08:01,12.09,0.0,5,6045,卖盘
297,11:08:15,12.09,0.0,6,7254,卖盘
298,11:08:18,12.08,-0.01,281,339450,卖盘
299,11:08:21,12.08,0.0,13,15725,卖盘
300,11:08:33,12.08,0.0,5,6040,卖盘
301,11:08:42,12.09,0.01,3,3627,卖盘
302,11:08:45,12.08,-0.01,3,3624,卖盘
303,11:08:48,12.08,0.0,10,12080,卖盘
304,11:08:58,12.08,0.0,6,7248,卖盘
305,11:09:09,12.08,0.0,6,7248,卖盘
306,11:09:19,12.1,0.02,19,22975,买盘
307,11:09:34,12.09,-0.01,6,7254,卖盘
308,11:09:40,12.09,0.0,6,7254,卖盘
309,11:09:49,12.09,0.0,5,6045,卖盘
310,11:10:04,12.09,0.0,5,6045,卖盘
311,11:10:06,12.12,0.03,1,1212,买盘
312,11:10:13,12.09,-0.03,6,7254,卖盘
313,11:10:16,12.09,0.0,21,25389,卖盘
314,11:10:24,12.09,0.0,5,6045,卖盘
315,11:10:39,12.09,0.0,7,8466,卖盘
316,11:10:51,12.1,0.01,5,6050,卖盘
317,11:11:01,12.1,0.0,6,7260,卖盘
318,11:11:04,12.12,0.02,1,1212,买盘
319,11:11:09,12.1,-0.02,5,6050,卖盘
320,11:11:19,12.1,0.0,6,7260,卖盘
321,11:11:30,12.09,-0.01,6,7255,卖盘
322,11:11:39,12.09,0.0,5,6045,卖盘
323,11:11:51,12.09,0.0,6,7254,卖盘
324,11:12:04,12.09,0.0,6,7254,卖盘
325,11:12:16,12.09,0.0,5,6045,卖盘
326,11:12:24,12.09,0.0,6,7254,卖盘
327,11:12:37,12.1,0.01,6,7260,中性盘
328,11:12:39,12.12,0.02,1,1212,买盘
329,11:12:48,12.1,-0.02,5,6050,卖盘
330,11:13:04,12.1,0.0,7,8470,卖盘
331,11:13:07,12.1,0.0,5,6050,卖盘
332,11:13:19,12.1,0.0,5,6050,卖盘
333,11:13:34,12.1,0.0,6,7260,卖盘
334,11:13:49,12.1,0.0,25,30250,卖盘
335,11:13:51,12.11,0.01,2,2422,中性盘
336,11:13:55,12.1,-0.01,51,61710,卖盘
337,11:13:58,12.1,0.0,4,4840,卖盘
338,11:14:10,12.1,0.0,5,6050,卖盘
339,11:14:16,12.1,0.0,5,6050,卖盘
340,11:14:25,12.1,0.0,6,7260,卖盘
341,11:14:33,12.1,0.0,4,4840,卖盘
342,11:14:36,12.1,0.0,6,7260,卖盘
343,11:14:40,12.1,0.0,1,1210,卖盘
344,11:14:46,12.1,0.0,6,7260,卖盘
345,11:14:58,12.1,0.0,6,7260,卖盘
346,11:15:01,12.11,0.01,2,2422,买盘
347,11:15:04,12.1,-0.01,15,18150,卖盘
348,11:15:10,12.1,0.0,5,6050,卖盘
349,11:15:22,12.1,0.0,5,6050,卖盘
350,11:15:37,12.1,0.0,9,10890,卖盘
351,11:15:46,12.1,0.0,6,7260,卖盘
352,11:15:55,12.1,0.0,5,6050,卖盘
353,11:16:07,12.1,0.0,6,7260,卖盘
354,11:16:16,12.1,0.0,5,6050,卖盘
355,11:16:25,12.11,0.01,1,1211,买盘
356,11:16:31,12.11,0.0,6,7266,卖盘
357,11:16:46,12.1,-0.01,5,6053,卖盘
358,11:16:49,12.1,0.0,12,14520,卖盘
359,11:16:51,12.1,0.0,6,7260,卖盘
360,11:17:04,12.1,0.0,6,7260,卖盘
361,11:17:10,12.1,0.0,5,6050,卖盘
362,11:17:13,12.12,0.02,2,2424,买盘
363,11:17:27,12.1,-0.02,6,7260,卖盘
364,11:18:34,12.1,0.0,50,60500,卖盘
365,11:21:18,12.11,0.01,9,10899,卖盘
366,11:21:33,12.1,-0.01,10,12101,卖盘
367,11:21:48,12.1,0.0,9,10890,卖盘
368,11:21:54,12.1,0.0,10,12100,卖盘
369,11:22:09,12.1,0.0,10,12100,卖盘
370,11:22:12,12.12,0.02,2,2424,买盘
371,11:22:18,12.1,-0.02,9,10890,卖盘
372,11:22:28,12.1,0.0,10,12100,卖盘
373,11:22:43,12.1,0.0,8,9680,卖盘
374,11:22:45,12.1,0.0,4,4840,卖盘
375,11:22:51,12.1,0.0,9,10890,卖盘
376,11:23:04,12.1,0.0,10,12100,卖盘
377,11:23:13,12.1,0.0,10,12100,卖盘
378,11:23:22,12.1,0.0,8,9680,卖盘
379,11:23:37,12.1,0.0,10,12100,卖盘
380,11:23:45,12.1,0.0,9,10890,卖盘
381,11:23:55,12.09,-0.01,9,10889,卖盘
382,11:23:57,12.12,0.03,2,2424,买盘
383,11:24:10,12.09,-0.03,9,10881,卖盘
384,11:24:22,12.09,0.0,9,10881,卖盘
385,11:24:31,12.09,0.0,10,12090,卖盘
386,11:24:40,12.09,0.0,10,12090,卖盘
387,11:24:52,12.09,0.0,10,12090,卖盘
388,11:25:04,12.08,-0.01,9,10884,卖盘
389,11:25:15,12.08,0.0,10,12080,卖盘
390,11:25:21,12.08,0.0,9,10872,卖盘
391,11:25:33,12.08,0.0,10,12080,卖盘
392,11:25:48,12.08,0.0,8,9664,卖盘
393,11:25:58,12.08,0.0,9,10872,卖盘
394,11:26:00,12.12,0.04,2,2424,买盘
395,11:26:06,12.08,-0.04,10,12080,卖盘
396,11:26:18,12.08,0.0,11,13288,卖盘
397,11:26:34,12.08,0.0,9,10872,卖盘
398,11:26:43,12.08,0.0,10,12080,卖盘
399,11:26:54,12.08,0.0,10,12080,卖盘
400,11:27:04,12.08,0.0,10,12080,卖盘
401,11:27:18,12.08,0.0,9,10872,卖盘
402,11:27:30,12.08,0.0,9,10872,卖盘
403,11:27:33,12.08,0.0,11,13288,卖盘
404,11:27:45,12.08,0.0,10,12080,卖盘
405,11:27:49,12.12,0.04,2,2424,买盘
406,11:28:04,12.08,-0.04,9,10872,卖盘
407,11:28:15,12.08,0.0,10,12080,卖盘
408,11:28:18,12.08,0.0,9,10872,卖盘
409,11:28:33,12.08,0.0,9,10876,卖盘
410,11:28:45,12.08,0.0,9,10872,卖盘
411,11:28:58,12.09,0.01,9,10881,卖盘
412,11:29:04,12.09,0.0,9,10881,卖盘
413,11:29:06,12.09,0.0,2,2418,卖盘
414,11:29:15,12.09,0.0,8,9672,卖盘
415,11:29:28,12.09,0.0,9,10881,卖盘
416,11:29:42,12.09,0.0,9,10881,卖盘
417,11:29:51,12.08,-0.01,10,12084,卖盘
418,11:29:54,12.11,0.03,2,2422,买盘
419,11:30:01,12.08,-0.03,10,12080,卖盘
420,13:00:04,12.1,0.02,12,14033,中性盘
421,13:00:15,12.08,-0.02,9,10872,卖盘
422,13:00:18,12.08,0.0,10,12080,卖盘
423,13:00:30,12.07,-0.01,25,30184,卖盘
424,13:00:36,12.07,0.0,3,3621,卖盘
425,13:00:45,12.07,0.0,7,8932,卖盘
426,13:00:48,12.06,-0.01,2,2412,卖盘
427,13:00:54,12.06,0.0,6,7236,卖盘
428,13:00:57,12.06,0.0,1,1206,卖盘
429,13:01:04,12.06,0.0,1,1206,卖盘
430,13:01:12,12.06,0.0,32,38592,卖盘
431,13:01:15,12.07,0.01,3,3621,买盘
432,13:01:27,12.07,0.0,14,16898,买盘
433,13:01:45,12.06,-0.01,1,1206,卖盘
434,13:01:57,12.05,-0.01,5,6025,卖盘
435,13:02:45,12.07,0.02,2,2414,买盘
436,13:04:06,12.07,0.0,10,12070,卖盘
437,13:04:12,12.07,0.0,10,12070,卖盘
438,13:04:15,12.07,0.0,74,89318,卖盘
439,13:04:27,12.06,-0.01,9,10854,卖盘
440,13:04:30,12.07,0.01,2,2414,买盘
441,13:04:36,12.06,-0.01,9,10854,卖盘
442,13:04:45,12.05,-0.01,12,14467,卖盘
443,13:04:57,12.05,0.0,9,10845,卖盘
444,13:05:12,12.05,0.0,9,10845,卖盘
445,13:05:21,12.05,0.0,9,10845,卖盘
446,13:05:30,12.05,0.0,10,12050,卖盘
447,13:05:45,12.05,0.0,10,12050,卖盘
448,13:05:54,12.06,0.01,10,12060,卖盘
449,13:06:07,12.05,-0.01,60,72327,卖盘
450,13:06:09,12.07,0.02,12,14466,买盘
451,13:06:24,12.05,-0.02,9,10845,卖盘
452,13:06:30,12.04,-0.01,9,10837,卖盘
453,13:06:39,12.03,-0.01,10,12032,卖盘
454,13:06:45,12.03,0.0,9,10827,卖盘
455,13:06:51,12.03,0.0,10,12030,卖盘
456,13:07:04,12.03,0.0,10,12035,卖盘
457,13:07:09,12.03,0.0,10,12032,卖盘
458,13:07:25,12.03,0.0,9,10842,卖盘
459,13:07:27,12.03,0.0,4,4815,卖盘
460,13:07:36,12.03,0.0,5,6018,卖盘
461,13:07:48,12.03,0.0,9,10827,卖盘
462,13:07:51,12.03,0.0,9,10827,卖盘
463,13:07:55,12.05,0.02,2,2410,买盘
464,13:08:10,12.03,-0.02,8,9624,卖盘
465,13:08:15,12.05,0.02,10,12032,买盘
466,13:08:30,12.05,0.0,9,10845,中性盘
467,13:08:42,12.05,0.0,10,12050,卖盘
468,13:08:51,12.05,0.0,1,1205,卖盘
469,13:09:00,12.03,-0.02,10,12030,卖盘
470,13:09:10,12.03,0.0,9,10827,卖盘
471,13:09:15,12.04,0.01,8,9632,买盘
472,13:09:33,12.09,0.05,24,28930,买盘
473,13:09:36,12.09,0.0,6,7254,卖盘
474,13:09:39,12.09,0.0,2,2418,买盘
475,13:09:51,12.04,-0.05,40,48160,卖盘
476,13:09:57,12.03,-0.01,10,12035,卖盘
477,13:10:03,12.03,0.0,10,12030,卖盘
478,13:10:22,12.03,0.0,10,12030,卖盘
479,13:10:27,12.09,0.06,2,2414,买盘
480,13:10:33,12.05,-0.04,9,10845,卖盘
481,13:10:46,12.03,-0.02,9,10828,卖盘
482,13:10:51,12.03,0.0,9,10827,卖盘
483,13:10:54,12.05,0.02,2,2410,买盘
484,13:11:07,12.04,-0.01,1,1204,中性盘
485,13:11:15,12.03,-0.01,17,20451,卖盘
486,13:11:28,12.03,0.0,10,12031,卖盘
487,13:11:45,12.03,0.0,10,12030,卖盘
488,13:11:58,12.04,0.01,10,12040,买盘
489,13:12:07,12.04,0.0,1,1204,买盘
490,13:12:09,12.04,0.0,8,9632,买盘
491,13:12:12,12.03,-0.01,9,10827,卖盘
492,13:12:15,12.04,0.01,1,1204,买盘
493,13:12:21,12.04,0.0,10,12040,卖盘
494,13:12:27,12.08,0.04,1,1208,买盘
495,13:12:36,12.04,-0.04,6,7224,卖盘
496,13:12:39,12.04,0.0,4,4816,买盘
497,13:12:48,12.05,0.01,9,10845,卖盘
498,13:12:51,12.07,0.02,2,2414,买盘
499,13:12:55,12.03,-0.04,9,10827,卖盘
500,13:13:04,12.03,0.0,8,9624,卖盘
501,13:13:07,12.07,0.04,1,1207,买盘
502,13:13:19,12.04,-0.03,1,1204,卖盘
503,13:13:24,12.02,-0.02,9,10818,卖盘
504,13:13:33,12.02,0.0,10,12020,卖盘
505,13:13:36,12.02,0.0,2,2404,卖盘
506,13:13:39,12.03,0.01,8,9624,买盘
507,13:13:46,12.03,0.0,4,4812,卖盘
508,13:13:57,12.02,-0.01,3,3606,卖盘
509,13:14:07,12.03,0.01,2,2405,买盘
510,13:14:13,12.03,0.0,12,14436,买盘
511,13:14:46,12.03,0.0,1,1203,买盘
512,13:14:48,12.03,0.0,2,2406,买盘
513,13:14:57,12.07,0.04,1,1207,买盘
514,13:15:01,12.03,-0.04,35,42109,卖盘
515,13:15:04,12.03,0.0,3,3609,买盘
516,13:15:07,12.03,0.0,2,2406,买盘
517,13:15:10,12.03,0.0,1,1203,买盘
518,13:15:12,12.03,0.0,1,1203,买盘
519,13:15:15,12.03,0.0,1,1203,买盘
520,13:15:18,12.03,0.0,1,1203,买盘
521,13:15:22,12.03,0.0,1,1203,买盘
522,13:15:25,12.03,0.0,13,15639,买盘
523,13:15:28,12.03,0.0,13,15639,买盘
524,13:15:34,12.03,0.0,30,36090,卖盘
525,13:15:45,12.09,0.06,1,1209,买盘
526,13:15:51,12.09,0.0,1,1209,买盘
527,13:16:28,12.09,0.0,1,1209,买盘
528,13:16:46,12.08,-0.01,1,1208,买盘
529,13:17:16,12.04,-0.04,4,4334,卖盘
530,13:17:27,12.06,0.02,1,1206,买盘
531,13:17:45,12.06,0.0,1,1206,买盘
532,13:17:51,12.05,-0.01,5,6025,卖盘
533,13:18:27,12.05,0.0,1,1205,买盘
534,13:18:37,12.05,0.0,1,1205,买盘
535,13:18:45,12.05,0.0,1,1205,买盘
536,13:18:54,12.04,-0.01,9,10836,卖盘
537,13:19:07,12.03,-0.01,9,10833,卖盘
538,13:19:19,12.04,0.01,9,10836,卖盘
539,13:19:28,12.03,-0.01,10,12032,卖盘
540,13:19:43,12.04,0.01,10,12040,卖盘
541,13:19:55,12.04,0.0,9,10836,卖盘
542,13:20:06,12.05,0.01,10,12041,买盘
543,13:20:09,12.05,0.0,3,3615,买盘
544,13:20:15,12.04,-0.01,10,12040,卖盘
545,13:20:24,12.04,0.0,10,12040,卖盘
546,13:20:27,12.05,0.01,1,1205,买盘
547,13:20:37,12.03,-0.02,10,12032,卖盘
548,13:20:48,12.03,0.0,9,10827,卖盘
549,13:21:04,12.02,-0.01,9,10825,卖盘
550,13:21:07,12.05,0.03,1,1205,买盘
551,13:21:13,12.02,-0.03,8,9616,卖盘
552,13:21:21,12.02,0.0,10,12020,卖盘
553,13:21:27,12.05,0.03,1,1205,买盘
554,13:21:34,12.03,-0.02,11,13233,卖盘
555,13:21:45,12.03,0.0,9,10827,卖盘
556,13:21:55,12.03,0.0,8,9624,卖盘
557,13:22:04,12.03,0.0,9,10827,卖盘
558,13:22:07,12.05,0.02,1,1205,买盘
559,13:22:13,12.03,-0.02,5,6015,卖盘
560,13:22:15,12.03,0.0,10,12030,卖盘
561,13:22:28,12.04,0.01,9,10836,卖盘
562,13:22:36,12.04,0.0,10,12040,卖盘
563,13:22:40,12.05,0.01,3,3615,买盘
564,13:22:45,12.07,0.02,1,1207,买盘
565,13:22:55,12.04,-0.03,9,10836,卖盘
566,13:23:01,12.03,-0.01,9,10828,卖盘
567,13:23:07,12.07,0.04,1,1207,买盘
568,13:23:15,12.03,-0.04,10,12034,卖盘
569,13:23:25,12.03,0.0,9,10827,卖盘
570,13:23:33,12.03,0.0,11,13233,卖盘
571,13:23:45,12.07,0.04,1,1207,买盘
572,13:23:49,12.03,-0.04,9,10827,卖盘
573,13:23:54,12.03,0.0,9,10827,卖盘
574,13:24:01,12.03,0.0,22,26466,卖盘
575,13:24:04,12.03,0.0,10,12030,卖盘
576,13:24:07,12.07,0.04,1,1207,买盘
577,13:24:18,12.03,-0.04,4,4812,卖盘
578,13:24:27,12.02,-0.01,9,10818,卖盘
579,13:24:39,12.02,0.0,1,1202,卖盘
580,13:24:42,12.03,0.01,3,3609,买盘
581,13:24:46,12.03,0.0,10,12021,买盘
582,13:24:51,12.02,-0.01,10,12020,卖盘
583,13:25:04,12.03,0.01,8,9624,卖盘
584,13:25:13,12.03,0.0,10,12030,卖盘
585,13:25:15,12.05,0.02,3,3615,中性盘
586,13:25:21,12.02,-0.03,9,10823,卖盘
587,13:25:27,12.05,0.03,1,1205,买盘
588,13:25:34,12.03,-0.02,9,10827,卖盘
589,13:25:45,12.02,-0.01,9,10822,卖盘
590,13:25:57,12.02,0.0,9,10818,卖盘
591,13:26:12,12.02,0.0,9,10818,卖盘
592,13:26:15,12.02,0.0,9,10818,卖盘
593,13:26:21,12.02,0.0,2,2404,卖盘
594,13:26:28,12.02,0.0,11,13224,卖盘
595,13:26:43,12.02,0.0,8,9616,卖盘
596,13:26:46,12.04,0.02,1,1204,买盘
597,13:26:49,12.02,-0.02,9,10818,卖盘
598,13:27:04,12.02,0.0,39,46942,卖盘
599,13:27:13,12.01,-0.01,10,12011,卖盘
600,13:27:28,12.05,0.04,11,13215,买盘
601,13:27:31,12.05,0.0,3,3615,买盘
602,13:27:34,12.01,-0.04,9,10809,卖盘
603,13:27:46,12.03,0.02,1,1203,中性盘
604,13:27:57,12.03,0.0,12,14426,买盘
605,13:28:06,12.01,-0.02,9,10812,卖盘
606,13:28:28,12.01,0.0,14,16816,卖盘
607,13:28:58,12.01,0.0,5,6005,卖盘
608,13:29:06,12.03,0.02,1,1203,买盘
609,13:29:27,12.03,0.0,1,1203,买盘
610,13:30:07,12.07,0.04,3,3613,买盘
611,13:30:28,12.07,0.0,1,1207,买盘
612,13:31:07,12.05,-0.02,1,1205,买盘
613,13:31:34,12.03,-0.02,6,7218,卖盘
614,13:31:46,12.05,0.02,1,1205,买盘
615,13:32:06,12.05,0.0,1,1205,买盘
616,13:32:31,12.02,-0.03,1,1202,卖盘
617,13:32:34,12.02,0.0,2,2404,卖盘
618,13:32:46,12.04,0.02,1,1204,买盘
619,13:33:01,12.02,-0.02,5,6010,卖盘
620,13:33:07,12.04,0.02,1,1204,买盘
621,13:33:10,12.01,-0.03,14,16826,卖盘
622,13:33:19,12.01,0.0,52,62452,卖盘
623,13:33:43,12.02,0.01,2,2404,买盘
624,13:33:46,12.04,0.02,9,10826,买盘
625,13:34:28,12.04,0.0,1,1204,买盘
626,13:34:36,12.03,-0.01,11,13232,买盘
627,13:34:46,12.03,0.0,1,1203,买盘
628,13:35:13,12.02,-0.01,9,10818,卖盘
629,13:35:21,12.01,-0.01,13,15626,卖盘
630,13:35:27,12.03,0.02,1,1203,买盘
631,13:35:43,12.01,-0.02,9,10809,卖盘
632,13:35:45,12.02,0.01,1,1202,买盘
633,13:35:49,12.01,-0.01,11,13211,卖盘
634,13:35:55,12.0,-0.01,10,12005,卖盘
635,13:35:58,12.0,0.0,9,10800,卖盘
636,13:36:10,12.0,0.0,9,10800,卖盘
637,13:36:16,12.02,0.02,11,13213,买盘
638,13:36:27,12.02,0.0,9,10819,卖盘
639,13:36:34,12.02,0.0,9,10818,卖盘
640,13:36:42,12.01,-0.01,11,13212,卖盘
641,13:36:46,12.03,0.02,1,1203,买盘
642,13:37:04,12.01,-0.02,10,12010,卖盘
643,13:37:13,12.01,0.0,8,9608,卖盘
644,13:37:16,12.03,0.02,3,3609,买盘
645,13:37:27,12.03,0.0,10,12005,买盘
646,13:37:37,12.0,-0.03,9,10800,卖盘
647,13:37:40,12.0,0.0,8,9600,卖盘
648,13:37:54,12.0,0.0,9,10800,卖盘
649,13:38:06,12.0,0.0,10,12003,卖盘
650,13:38:13,12.0,0.0,9,10800,卖盘
651,13:38:25,12.0,0.0,8,9600,卖盘
652,13:38:28,12.03,0.03,1,1203,买盘
653,13:38:34,12.0,-0.03,9,10800,卖盘
654,13:38:39,12.0,0.0,200,240000,卖盘
655,13:38:43,12.0,0.0,55,65998,卖盘
656,13:38:52,11.98,-0.02,22,26852,卖盘
657,13:38:58,11.95,-0.03,25,29895,卖盘
658,13:39:04,11.93,-0.02,10,11930,卖盘
659,13:39:07,11.93,0.0,12,14557,卖盘
660,13:39:15,11.95,0.02,100,119500,买盘
661,13:39:18,11.91,-0.04,15,17638,卖盘
662,13:39:28,11.93,0.02,1,1193,买盘
663,13:39:31,11.91,-0.02,10,11918,卖盘
664,13:39:34,11.91,0.0,8,9530,卖盘
665,13:39:42,11.93,0.02,1,1193,买盘
666,13:39:48,11.93,0.0,9,10737,卖盘
667,13:39:55,11.93,0.0,14,16715,卖盘
668,13:39:58,11.93,0.0,11,13133,卖盘
669,13:40:07,11.96,0.03,1,1196,买盘
670,13:40:09,11.93,-0.03,9,10737,卖盘
671,13:40:13,11.93,0.0,10,11930,卖盘
672,13:40:21,11.93,0.0,9,10737,卖盘
673,13:40:31,11.93,0.0,9,10742,卖盘
674,13:40:43,11.93,0.0,10,11930,卖盘
675,13:40:46,11.96,0.03,6,7161,买盘
676,13:40:55,11.93,-0.03,9,10737,卖盘
677,13:41:06,11.96,0.03,1,1196,买盘
678,13:41:16,11.94,-0.02,9,10749,卖盘
679,13:41:24,11.94,0.0,9,10746,卖盘
680,13:41:30,11.94,0.0,9,10746,卖盘
681,13:41:34,11.96,0.02,4,4784,买盘
682,13:41:36,11.96,0.0,4,4784,买盘
683,13:41:43,11.94,-0.02,8,9562,卖盘
684,13:41:46,11.98,0.04,1,1198,买盘
685,13:41:54,11.94,-0.04,10,11945,卖盘
686,13:41:58,11.94,0.0,10,11940,卖盘
687,13:42:07,11.99,0.05,1,1199,买盘
688,13:42:21,11.94,-0.05,10,11940,卖盘
689,13:42:28,11.95,0.01,10,11950,买盘
690,13:42:31,11.95,0.0,19,22705,卖盘
691,13:42:46,11.99,0.04,1,1199,买盘
692,13:42:55,11.95,-0.04,9,10755,卖盘
693,13:43:00,11.95,0.0,9,10755,卖盘
694,13:43:04,11.99,0.04,2,2398,买盘
695,13:43:06,11.99,0.0,1,1199,买盘
696,13:43:12,11.95,-0.04,10,11950,卖盘
697,13:43:24,11.99,0.04,50,59950,买盘
698,13:43:27,11.95,-0.04,8,9560,卖盘
699,13:43:43,11.95,0.0,16,19120,卖盘
700,13:43:46,11.95,0.0,1,1195,买盘
701,13:43:48,11.94,-0.01,14,16721,卖盘
702,13:43:51,11.95,0.01,4,4780,买盘
703,13:43:57,11.95,0.0,10,11950,买盘
704,13:44:19,11.95,0.0,20,23422,买盘
705,13:44:27,11.95,0.0,10,11954,卖盘
706,13:44:43,11.95,0.0,10,11950,卖盘
707,13:44:46,11.99,0.04,1,1199,买盘
708,13:44:55,11.95,-0.04,4,4780,卖盘
709,13:44:58,11.95,0.0,6,7648,卖盘
710,13:45:04,11.94,-0.01,10,11940,卖盘
711,13:45:16,11.93,-0.01,9,10743,卖盘
712,13:45:25,11.93,0.0,26,31018,卖盘
713,13:45:28,11.95,0.02,1,1195,买盘
714,13:45:36,11.95,0.0,1,1195,买盘
715,13:45:46,11.99,0.04,1,1199,买盘
716,13:46:27,11.99,0.0,1,1199,买盘
717,13:47:07,11.99,0.0,1,1199,买盘
718,13:47:09,11.95,-0.04,20,23900,卖盘
719,13:47:28,11.99,0.04,1,1199,买盘
720,13:47:39,11.95,-0.04,2,2390,卖盘
721,13:48:06,11.99,0.04,1,1199,买盘
722,13:48:28,11.99,0.0,1,1199,买盘
723,13:49:07,11.99,0.0,1,1199,买盘
724,13:49:46,11.99,0.0,1,1199,买盘
725,13:49:54,11.99,0.0,3,3597,买盘
726,13:50:07,11.99,0.0,1,1199,买盘
727,13:50:13,11.99,0.0,5,5995,买盘
728,13:50:40,11.99,0.0,5,5995,买盘
729,13:50:46,12.01,0.02,1,1201,买盘
730,13:50:49,11.99,-0.02,9,10791,卖盘
731,13:51:04,11.99,0.0,7,8393,卖盘
732,13:51:07,11.97,-0.02,1,1197,买盘
733,13:51:13,11.95,-0.02,9,10760,卖盘
734,13:51:22,11.97,0.02,4,4788,买盘
735,13:51:24,11.97,0.0,9,10773,卖盘
736,13:51:46,11.98,0.01,53,63382,买盘
737,13:51:49,11.98,0.0,5,5990,买盘
738,13:52:01,11.95,-0.03,9,10755,卖盘
739,13:52:07,12.01,0.06,1,1201,买盘
740,13:52:24,11.95,-0.06,19,22725,卖盘
741,13:52:28,11.96,0.01,8,9568,中性盘
742,13:52:43,11.96,0.0,10,11960,卖盘
743,13:52:45,12.02,0.06,1,1202,买盘
744,13:53:01,11.98,-0.04,9,10782,卖盘
745,13:53:12,11.98,0.0,8,9584,卖盘
746,13:53:25,11.96,-0.02,10,11972,卖盘
747,13:53:28,11.99,0.03,1,1199,买盘
748,13:53:30,11.95,-0.04,10,11958,卖盘
749,13:53:42,11.95,0.0,9,10755,卖盘
750,13:53:45,11.99,0.04,1,1199,买盘
751,13:53:55,11.95,-0.04,10,11950,卖盘
752,13:53:58,11.95,0.0,10,11950,卖盘
753,13:54:07,11.95,0.0,9,10755,卖盘
754,13:54:15,11.99,0.04,1,1199,买盘
755,13:54:18,11.95,-0.04,15,17977,卖盘
756,13:54:28,11.96,0.01,1,1196,买盘
757,13:54:37,11.95,-0.01,9,10755,卖盘
758,13:54:40,11.96,0.01,1,1196,买盘
759,13:54:43,11.96,0.0,1,1196,买盘
760,13:54:45,11.96,0.0,2,2392,买盘
761,13:54:49,11.95,-0.01,10,11951,卖盘
762,13:55:16,11.95,0.0,9,10755,卖盘
763,13:55:22,11.95,0.0,9,10755,卖盘
764,13:55:28,11.96,0.01,1,1196,买盘
765,13:55:31,11.96,0.0,8,9568,买盘
766,13:55:34,11.95,-0.01,10,11957,卖盘
767,13:55:37,12.0,0.05,4,4800,买盘
768,13:56:07,11.96,-0.04,11,13147,买盘
769,13:56:10,11.96,0.0,8,9568,买盘
770,13:56:13,11.95,-0.01,10,11958,卖盘
771,13:56:24,11.95,0.0,6,7170,卖盘
772,13:56:28,11.95,0.0,1,1195,买盘
773,13:56:30,11.95,0.0,1,1195,买盘
774,13:56:33,11.95,0.0,1,1195,买盘
775,13:56:37,11.94,-0.01,10,11940,卖盘
776,13:56:55,11.99,0.05,30,35930,买盘
777,13:56:57,11.99,0.0,9,10791,卖盘
778,13:57:00,11.99,0.0,9,10791,卖盘
779,13:57:06,12.0,0.01,1,1200,买盘
780,13:57:09,11.99,-0.01,1,1199,卖盘
781,13:57:16,11.99,0.0,9,10791,卖盘
782,13:57:25,11.99,0.0,2,2398,卖盘
783,13:57:28,11.96,-0.03,1,1196,买盘
784,13:57:31,11.94,-0.02,8,9555,卖盘
785,13:57:45,11.94,0.0,11,13134,卖盘
786,13:57:51,11.96,0.02,5,5980,买盘
787,13:57:57,11.93,-0.03,8,9547,卖盘
788,13:58:00,11.94,0.01,4,4776,卖盘
789,13:58:07,11.96,0.02,1,1196,中性盘
790,13:58:19,11.94,-0.02,10,11940,卖盘
791,13:58:36,11.96,0.02,28,32770,买盘
792,13:58:46,12.0,0.04,1,1200,买盘
793,13:58:49,11.96,-0.04,2,3110,卖盘
794,13:58:51,11.96,0.0,1,1196,买盘
795,13:59:01,11.94,-0.02,10,11940,卖盘
796,13:59:04,11.96,0.02,4,4784,买盘
797,13:59:06,11.96,0.0,1,1196,买盘
798,13:59:12,11.94,-0.02,10,11940,卖盘
799,13:59:31,11.94,0.0,10,11940,卖盘
800,13:59:46,11.96,0.02,1,1196,买盘
801,13:59:52,11.94,-0.02,9,10746,卖盘
802,14:00:04,11.93,-0.01,11,13125,卖盘
803,14:00:06,11.96,0.03,1,1196,买盘
804,14:00:16,11.93,-0.03,8,9544,卖盘
805,14:00:28,11.93,0.0,9,10737,卖盘
806,14:00:46,11.96,0.03,11,13120,买盘
807,14:00:52,11.93,-0.03,1,1193,卖盘
808,14:01:07,11.95,0.02,1,1195,买盘
809,14:01:10,11.93,-0.02,9,10737,卖盘
810,14:01:28,11.93,0.0,7,8351,卖盘
811,14:01:45,11.99,0.06,1,1199,买盘
812,14:02:28,11.99,0.0,1,1199,买盘
813,14:02:46,11.99,0.0,1,1199,买盘
814,14:02:49,11.99,0.0,1,1199,买盘
815,14:03:04,11.99,0.0,11,13189,买盘
816,14:03:06,11.99,0.0,8,9832,卖盘
817,14:03:15,11.99,0.0,7,8153,卖盘
818,14:03:27,11.99,0.0,1,1199,买盘
819,14:03:46,11.99,0.0,1,1199,买盘
820,14:04:12,11.99,0.0,10,11990,买盘
821,14:04:28,11.99,0.0,1,1199,买盘
822,14:04:48,12.0,0.01,8,9600,卖盘
823,14:05:04,12.0,0.0,2,2640,买盘
824,14:05:07,12.01,0.01,1,1201,买盘
825,14:05:16,12.0,-0.01,1,1200,卖盘
826,14:05:28,12.01,0.01,1,1201,买盘
827,14:06:06,12.01,0.0,1,1201,买盘
828,14:06:28,12.01,0.0,1,1201,买盘
829,14:06:46,12.01,0.0,15,18015,买盘
830,14:07:01,12.03,0.02,6,7218,买盘
831,14:07:07,12.04,0.01,1,1204,买盘
832,14:07:40,12.04,0.0,11,13244,买盘
833,14:07:46,12.04,0.0,1,1204,买盘
834,14:08:04,12.04,0.0,3,3612,买盘
835,14:08:06,12.05,0.01,1,1205,买盘
836,14:08:39,12.05,0.0,9,10845,买盘
837,14:08:43,12.08,0.03,4,4832,买盘
838,14:08:46,12.08,0.0,1,1208,买盘
839,14:09:01,12.08,0.0,10,12080,买盘
840,14:09:07,12.09,0.01,1,1209,买盘
841,14:09:40,12.08,-0.01,38,45904,卖盘
842,14:09:46,12.06,-0.02,1,1206,中性盘
843,14:10:04,12.05,-0.01,1,1205,卖盘
844,14:10:07,12.06,0.01,1,1206,买盘
845,14:10:25,12.06,0.0,9,10854,买盘
846,14:10:46,12.07,0.01,1,1207,买盘
847,14:10:49,12.07,0.0,8,9656,买盘
848,14:11:25,12.07,0.0,3,3621,卖盘
849,14:11:27,12.08,0.01,1,1208,买盘
850,14:11:46,12.08,0.0,1,1208,买盘
851,14:12:09,12.08,0.0,18,21744,买盘
852,14:12:28,12.08,0.0,1,1208,买盘
853,14:12:46,12.08,0.0,1,1208,买盘
854,14:13:27,12.08,0.0,1,1208,买盘
855,14:13:49,12.07,-0.01,14,16898,卖盘
856,14:13:58,12.07,0.0,1,1207,卖盘
857,14:14:07,12.08,0.01,1,1208,买盘
858,14:14:25,12.07,-0.01,40,48280,卖盘
859,14:14:28,12.08,0.01,4,4829,买盘
860,14:14:36,12.07,-0.01,10,12070,卖盘
861,14:14:39,12.07,0.0,1,1207,卖盘
862,14:14:42,12.07,0.0,1,1207,卖盘
863,14:15:07,12.07,0.0,1,1207,买盘
864,14:15:16,12.05,-0.02,3,3615,卖盘
865,14:15:27,12.05,0.0,1,1205,中性盘
866,14:15:43,12.03,-0.02,10,12030,卖盘
867,14:16:07,12.04,0.01,1,1204,买盘
868,14:16:19,12.03,-0.01,2,2406,卖盘
869,14:16:22,12.03,0.0,1,1203,买盘
870,14:16:24,12.03,0.0,6,7218,买盘
871,14:16:27,12.03,0.0,2,2406,买盘
872,14:16:31,12.02,-0.01,9,10819,卖盘
873,14:16:34,12.03,0.01,1,1203,买盘
874,14:16:48,12.03,0.0,1,1203,买盘
875,14:16:51,12.03,0.0,1,1203,买盘
876,14:16:54,12.03,0.0,1,1203,买盘
877,14:17:06,12.05,0.02,1,1205,买盘
878,14:17:31,12.02,-0.03,1,1202,卖盘
879,14:17:42,12.02,0.0,16,19232,卖盘
880,14:17:46,12.05,0.03,1,1205,买盘
881,14:18:07,12.06,0.01,1,1206,买盘
882,14:18:46,12.07,0.01,1,1207,买盘
883,14:19:07,12.07,0.0,1,1207,买盘
884,14:19:46,12.07,0.0,1,1207,买盘
885,14:19:49,12.06,-0.01,11,13266,卖盘
886,14:20:28,12.07,0.01,1,1207,买盘
887,14:20:46,12.07,0.0,1,1207,买盘
888,14:21:21,12.06,-0.01,14,16884,卖盘
889,14:21:28,12.06,0.0,1,1206,买盘
890,14:21:46,12.06,0.0,1,1206,买盘
891,14:21:55,12.04,-0.02,4,4816,卖盘
892,14:22:27,12.06,0.02,1,1206,买盘
893,14:22:31,12.04,-0.02,8,9632,卖盘
894,14:23:06,12.06,0.02,1,1206,买盘
895,14:23:28,12.06,0.0,1,1206,买盘
896,14:24:06,12.06,0.0,1,1206,买盘
897,14:24:25,12.06,0.0,2,2412,买盘
898,14:24:28,12.06,0.0,1,1206,买盘
899,14:24:55,12.06,0.0,4,4824,买盘
900,14:25:04,12.06,0.0,6,7236,卖盘
901,14:25:07,12.07,0.01,1,1207,买盘
902,14:25:19,12.07,0.0,13,15691,买盘
903,14:25:27,12.08,0.01,1,1208,买盘
904,14:25:40,12.08,0.0,14,16912,买盘
905,14:26:07,12.09,0.01,1,1209,买盘
906,14:26:45,12.09,0.0,6,7254,买盘
907,14:27:06,12.09,0.0,1,1209,买盘
908,14:27:33,12.07,-0.02,7,8449,卖盘
909,14:27:46,12.09,0.02,1,1209,买盘
910,14:28:07,12.09,0.0,1,1209,买盘
911,14:28:46,12.09,0.0,1,1209,买盘
912,14:29:27,12.09,0.0,1,1209,买盘
913,14:29:37,12.07,-0.02,7,8449,卖盘
914,14:29:40,12.09,0.02,5,6045,买盘
915,14:29:46,12.09,0.0,1,1209,买盘
916,14:30:28,12.09,0.0,1,1209,买盘
917,14:30:46,12.09,0.0,1,1209,买盘
918,14:31:28,12.09,0.0,1,1209,买盘
919,14:32:06,12.09,0.0,1,1209,买盘
920,14:32:28,12.09,0.0,1,1209,买盘
921,14:33:00,12.06,-0.03,50,60349,卖盘
922,14:33:06,12.08,0.02,1,1208,买盘
923,14:33:10,12.08,0.0,2,2416,买盘
924,14:33:22,12.03,-0.05,82,98839,卖盘
925,14:33:25,12.06,0.03,6,7236,中性盘
926,14:33:28,12.06,0.0,1,1206,买盘
927,14:34:04,12.03,-0.03,8,9624,卖盘
928,14:34:07,12.04,0.01,1,1204,买盘
929,14:34:28,12.04,0.0,1,1204,买盘
930,14:35:07,12.04,0.0,1,1204,买盘
931,14:35:22,12.03,-0.01,1,1203,卖盘
932,14:35:25,12.03,0.0,2,2406,买盘
933,14:35:46,12.03,0.0,1,1203,买盘
934,14:36:07,12.04,0.01,1,1204,买盘
935,14:36:13,12.02,-0.02,41,49287,卖盘
936,14:36:37,12.06,0.04,5,6030,买盘
937,14:36:46,12.07,0.01,1,1207,买盘
938,14:37:07,12.07,0.0,1,1207,买盘
939,14:37:46,12.07,0.0,1,1207,买盘
940,14:38:27,12.07,0.0,1,1207,买盘
941,14:38:40,12.04,-0.03,1,1204,卖盘
942,14:38:46,12.04,0.0,1,1204,买盘
943,14:38:57,12.03,-0.01,26,31278,卖盘
944,14:39:12,12.03,0.0,5,6015,卖盘
945,14:39:28,12.03,0.0,1,1203,买盘
946,14:39:42,12.02,-0.01,19,22838,卖盘
947,14:39:46,12.03,0.01,1,1203,买盘
948,14:40:10,12.02,-0.01,5,6010,卖盘
949,14:40:16,12.01,-0.01,60,72085,卖盘
950,14:40:28,12.03,0.02,1,1203,买盘
951,14:41:00,12.01,-0.02,12,14412,卖盘
952,14:41:07,12.02,0.01,1,1202,买盘
953,14:41:13,12.02,0.0,3,3606,买盘
954,14:41:25,12.02,0.0,3,3606,买盘
955,14:41:28,12.02,0.0,1,1202,买盘
956,14:42:06,12.02,0.0,1,1202,买盘
957,14:42:25,12.01,-0.01,12,14412,卖盘
958,14:42:27,12.02,0.01,1,1202,买盘
959,14:42:43,12.01,-0.01,9,10809,卖盘
960,14:42:45,12.01,0.0,5,6005,买盘
961,14:42:52,12.0,-0.01,1,1200,卖盘
962,14:42:58,12.01,0.01,1,1201,买盘
963,14:43:07,12.01,0.0,1,1201,买盘
964,14:43:10,12.0,-0.01,1,1200,卖盘
965,14:43:28,12.01,0.01,1,1201,买盘
966,14:43:46,12.01,0.0,1,1201,买盘
967,14:43:52,12.0,-0.01,1,1200,卖盘
968,14:45:13,12.0,0.0,8,9605,卖盘
969,14:45:37,12.0,0.0,14,16800,卖盘
970,14:45:39,12.01,0.01,4,4804,买盘
971,14:45:43,12.0,-0.01,2,2400,卖盘
972,14:45:46,12.01,0.01,2,2402,买盘
973,14:45:49,12.01,0.0,1,1201,买盘
974,14:46:10,12.01,0.0,1,1201,买盘
975,14:46:13,12.0,-0.01,1,1200,卖盘
976,14:46:25,11.95,-0.05,184,220046,卖盘
977,14:46:43,11.96,0.01,4,4784,卖盘
978,14:46:46,11.96,0.0,1,1196,买盘
979,14:46:49,11.94,-0.02,39,46594,卖盘
980,14:46:51,12.01,0.07,9,10789,买盘
981,14:47:04,11.96,-0.05,4,4784,卖盘
982,14:47:10,11.96,0.0,6,7176,卖盘
983,14:47:46,11.96,0.0,8,9568,卖盘
984,14:48:07,12.0,0.04,10,12000,买盘
985,14:48:21,11.98,-0.02,8,9584,卖盘
986,14:48:43,11.98,0.0,5,5990,买盘
987,14:48:57,11.98,0.0,5,5990,卖盘
988,14:50:07,11.99,0.01,1,1199,卖盘
989,14:50:24,11.99,0.0,2,2398,买盘
990,14:50:27,11.98,-0.01,3,3594,卖盘
991,14:50:52,11.99,0.01,3,3597,买盘
992,14:51:49,12.0,0.01,26,31180,买盘
993,14:51:52,12.0,0.0,17,20400,卖盘
994,14:52:28,12.0,0.0,2,2400,买盘
995,14:52:37,12.0,0.0,7,8400,买盘
996,14:53:16,11.96,-0.04,33,39490,卖盘
997,14:53:46,11.97,0.01,12,14364,卖盘
998,14:54:16,11.97,0.0,9,10777,卖盘
999,14:54:28,12.01,0.04,41,49222,买盘
1000,14:54:31,12.02,0.01,8,9600,买盘
1001,14:54:58,11.98,-0.04,1,803,卖盘
1002,14:55:04,12.01,0.03,20,24020,买盘
1003,14:55:22,11.98,-0.03,62,74857,买盘
1004,14:55:25,11.98,0.0,3,3594,买盘
1005,14:55:34,11.98,0.0,5,5595,买盘
1006,14:56:22,11.98,0.0,5,5990,卖盘
1007,14:56:37,12.02,0.04,13,15616,买盘
1008,14:56:43,12.03,0.01,41,49301,买盘
1009,15:00:05,12.02,-0.01,23,27646,卖盘
