,time,price,change,volume,amount,type
0,09:25:04,16.85,0.55,727,1224995,买盘
1,09:30:01,16.9,0.05,39,65805,买盘
2,09:30:04,17.15,0.25,1164,1975480,买盘
3,09:30:07,17.01,-0.14,403,686539,卖盘
4,09:30:10,17.15,0.14,104,177762,买盘
5,09:30:13,17.17,0.02,80,137200,买盘
6,09:30:16,17.13,-0.04,96,164718,中性盘
7,09:30:19,17.17,0.04,94,161417,买盘
8,09:30:22,17.17,0.0,75,128853,卖盘
9,09:30:24,17.17,0.0,39,67000,卖盘
10,09:30:27,17.2,0.03,165,283438,买盘
11,09:30:31,17.2,0.0,180,309217,买盘
12,09:30:33,17.17,-0.03,78,134057,卖盘
13,09:30:36,17.15,-0.02,135,231605,卖盘
14,09:30:40,17.15,0.0,195,334763,卖盘
15,09:30:43,17.17,0.02,95,162961,买盘
16,09:30:46,17.13,-0.04,74,126970,卖盘
17,09:30:48,17.12,-0.01,86,147337,卖盘
18,09:30:52,17.15,0.03,173,296372,买盘
19,09:30:54,17.13,-0.02,126,215875,卖盘
20,09:30:58,17.12,-0.01,47,80471,卖盘
21,09:31:01,17.12,0.0,108,184909,卖盘
22,09:31:05,17.12,0.0,188,322020,卖盘
23,09:31:06,17.12,0.0,468,801581,卖盘
24,09:31:10,17.13,0.01,164,280924,买盘
25,09:31:13,17.13,0.0,135,231256,卖盘
26,09:31:16,17.13,0.0,70,119929,卖盘
27,09:31:19,17.14,0.01,224,383673,中性盘
28,09:31:22,17.14,0.0,43,73702,卖盘
29,09:31:25,17.14,0.0,49,84004,卖盘
30,09:31:28,17.13,-0.01,18,30844,卖盘
31,09:31:30,17.14,0.01,24,41132,买盘
32,09:31:33,17.14,0.0,112,191888,买盘
33,09:31:36,17.13,-0.01,28,47968,卖盘
34,09:31:39,17.1,-0.03,149,254952,卖盘
35,09:31:43,17.12,0.02,28,47936,中性盘
36,09:31:46,17.12,0.0,14,23965,买盘
37,09:31:48,17.1,-0.02,28,47878,卖盘
38,09:31:52,17.1,0.0,49,83786,买盘
39,09:31:55,17.12,0.02,54,92358,买盘
40,09:31:58,17.1,-0.02,27,46179,卖盘
41,09:32:01,17.1,0.0,230,393353,卖盘
42,09:32:04,17.11,0.01,146,249761,买盘
43,09:32:07,17.12,0.01,140,239708,买盘
44,09:32:10,17.1,-0.02,191,326704,卖盘
45,09:32:13,17.1,0.0,64,109524,卖盘
46,09:32:16,17.14,0.04,298,510397,买盘
47,09:32:19,17.12,-0.02,288,493427,买盘
48,09:32:22,17.12,0.0,228,389964,卖盘
49,09:32:25,17.16,0.04,133,228115,买盘
50,09:32:27,17.2,0.04,291,500060,买盘
51,09:32:31,17.2,0.0,116,199696,卖盘
52,09:32:34,17.2,0.0,100,172163,卖盘
53,09:32:37,17.2,0.0,108,185861,卖盘
54,09:32:40,17.2,0.0,126,216786,买盘
55,09:32:42,17.16,-0.04,50,85822,卖盘
56,09:32:45,17.23,0.07,72,123926,买盘
57,09:32:49,17.23,0.0,3,5169,买盘
58,09:32:52,17.2,-0.03,149,256600,卖盘
59,09:32:55,17.24,0.04,106,182671,买盘
60,09:32:58,17.23,-0.01,39,67202,卖盘
61,09:33:01,17.2,-0.03,268,461729,卖盘
62,09:33:04,17.2,0.0,186,319974,买盘
63,09:33:07,17.2,0.0,52,89440,买盘
64,09:33:10,17.2,0.0,157,270039,买盘
65,09:33:13,17.19,-0.01,86,147887,卖盘
66,09:33:16,17.18,-0.01,87,149529,中性盘
67,09:33:19,17.18,0.0,33,56724,中性盘
68,09:33:22,17.17,-0.01,18,30909,卖盘
69,09:33:24,17.16,-0.01,155,265980,卖盘
70,09:33:28,17.15,-0.01,35,60025,卖盘
71,09:33:31,17.15,0.0,20,34294,买盘
72,09:33:34,17.15,0.0,4,6860,买盘
73,09:33:37,17.14,-0.01,9,15431,卖盘
74,09:33:40,17.14,0.0,12,20568,买盘
75,09:33:43,17.11,-0.03,234,400789,卖盘
76,09:33:46,17.12,0.01,158,270426,买盘
77,09:33:49,17.11,-0.01,30,51330,中性盘
78,09:33:52,17.1,-0.01,116,198372,卖盘
79,09:33:55,17.1,0.0,81,138552,卖盘
80,09:33:58,17.1,0.0,40,68449,卖盘
81,09:34:01,17.1,0.0,27,46170,买盘
82,09:34:04,17.09,-0.01,35,59814,卖盘
83,09:34:07,17.09,0.0,55,93959,买盘
84,09:34:09,17.09,0.0,26,44434,买盘
85,09:34:12,17.09,0.0,22,37593,卖盘
86,09:34:16,17.09,0.0,58,99089,卖盘
87,09:34:19,17.06,-0.03,26,44406,卖盘
88,09:34:22,17.06,0.0,12,20467,买盘
89,09:34:25,17.05,-0.01,19,32427,卖盘
90,09:34:28,17.06,0.01,8,13643,中性盘
91,09:34:31,17.1,0.04,204,348458,买盘
92,09:34:34,17.06,-0.04,31,52958,卖盘
93,09:34:36,17.05,-0.01,45,76724,买盘
94,09:34:39,17.06,0.01,5,8530,买盘
95,09:34:43,17.05,-0.01,56,95515,卖盘
96,09:34:46,17.06,0.01,22,37522,买盘
97,09:34:49,17.05,-0.01,30,51159,卖盘
98,09:34:52,17.08,0.03,65,110914,买盘
99,09:34:55,17.05,-0.03,60,102334,卖盘
100,09:34:58,17.08,0.03,30,51220,买盘
101,09:35:01,17.06,-0.02,43,73334,卖盘
102,09:35:04,17.08,0.02,54,92158,买盘
103,09:35:07,17.06,-0.02,18,30714,卖盘
104,09:35:09,17.06,0.0,77,131364,卖盘
105,09:35:12,17.07,0.01,55,93857,买盘
106,09:35:16,17.08,0.01,15,25607,买盘
107,09:35:19,17.08,0.0,20,34160,买盘
108,09:35:22,17.08,0.0,10,17080,买盘
109,09:35:24,17.08,0.0,47,80311,卖盘
110,09:35:27,17.08,0.0,11,18790,卖盘
111,09:35:30,17.07,-0.01,59,100765,卖盘
112,09:35:34,17.07,0.0,32,54624,买盘
113,09:35:37,17.08,0.01,14,23898,买盘
114,09:35:40,17.08,0.0,41,70023,买盘
115,09:35:43,17.08,0.0,11,18783,买盘
116,09:35:46,17.12,0.04,315,538522,买盘
117,09:35:49,17.08,-0.04,1,1708,卖盘
118,09:35:52,17.08,0.0,3,5124,卖盘
119,09:35:54,17.08,0.0,59,100797,卖盘
120,09:35:58,17.12,0.04,16,27392,买盘
121,09:36:01,17.08,-0.04,30,51246,卖盘
122,09:36:04,17.12,0.04,62,106144,买盘
123,09:36:07,17.14,0.02,13,22279,买盘
124,09:36:10,17.13,-0.01,7,11991,卖盘
125,09:36:13,17.12,-0.01,24,41089,卖盘
126,09:36:16,17.13,0.01,73,125039,买盘
127,09:36:19,17.13,0.0,12,20563,买盘
128,09:36:22,17.13,0.0,238,408092,卖盘
129,09:36:25,17.13,0.0,10,17132,卖盘
130,09:36:27,17.14,0.01,149,255314,买盘
131,09:36:31,17.17,0.03,39,66933,买盘
132,09:36:37,17.17,0.0,105,180145,买盘
133,09:36:40,17.18,0.01,38,65257,买盘
134,09:36:43,17.14,-0.04,160,274324,卖盘
135,09:36:46,17.14,0.0,92,157688,买盘
136,09:36:48,17.14,0.0,72,123448,买盘
137,09:36:52,17.18,0.04,160,274765,买盘
138,09:36:55,17.17,-0.01,32,54972,卖盘
139,09:36:58,17.16,-0.01,1,1716,买盘
140,09:37:01,17.18,0.02,40,68605,买盘
141,09:37:04,17.15,-0.03,90,154341,卖盘
142,09:37:07,17.15,0.0,198,339570,买盘
143,09:37:10,17.16,0.01,34,58337,买盘
144,09:37:13,17.16,0.0,7,12023,卖盘
145,09:37:16,17.18,0.02,79,135606,买盘
146,09:37:19,17.17,-0.01,30,51509,中性盘
147,09:37:22,17.17,0.0,21,36045,买盘
148,09:37:25,17.16,-0.01,30,51507,卖盘
149,09:37:28,17.17,0.01,155,265932,买盘
150,09:37:31,17.17,0.0,53,91000,卖盘
151,09:37:34,17.16,-0.01,23,39495,卖盘
152,09:37:37,17.17,0.01,47,80700,买盘
153,09:37:39,17.17,0.0,58,99589,卖盘
154,09:37:43,17.17,0.0,74,127036,买盘
155,09:37:45,17.18,0.01,42,72116,买盘
156,09:37:49,17.17,-0.01,12,20604,中性盘
157,09:37:52,17.18,0.01,410,704285,买盘
158,09:37:55,17.18,0.0,44,75592,卖盘
159,09:37:58,17.18,0.0,98,168365,卖盘
160,09:38:00,17.18,0.0,28,48117,卖盘
161,09:38:04,17.18,0.0,27,46393,卖盘
162,09:38:06,17.18,0.0,88,151199,卖盘
163,09:38:10,17.18,0.0,56,96208,买盘
164,09:38:13,17.18,0.0,69,118536,买盘
165,09:38:16,17.18,0.0,46,78999,买盘
166,09:38:19,17.18,0.0,23,40921,买盘
167,09:38:21,17.17,-0.01,291,500079,卖盘
168,09:38:25,17.17,0.0,77,130849,卖盘
169,09:38:28,17.17,0.0,16,27472,买盘
170,09:38:31,17.16,-0.01,39,66943,卖盘
171,09:38:34,17.17,0.01,92,158216,买盘
172,09:38:37,17.16,-0.01,23,39468,卖盘
173,09:38:40,17.17,0.01,109,187088,买盘
174,09:38:43,17.15,-0.02,81,138915,卖盘
175,09:38:45,17.15,0.0,5,8575,买盘
176,09:38:49,17.15,0.0,2,3430,买盘
177,09:38:52,17.14,-0.01,24,41136,卖盘
178,09:38:55,17.15,0.01,27,46287,买盘
179,09:38:57,17.14,-0.01,6,10286,中性盘
180,09:39:01,17.13,-0.01,34,58264,卖盘
181,09:39:04,17.14,0.01,77,132038,买盘
182,09:39:07,17.13,-0.01,24,41129,卖盘
183,09:39:10,17.13,0.0,22,37686,买盘
184,09:39:13,17.12,-0.01,30,51388,卖盘
185,09:39:16,17.12,0.0,4,6848,卖盘
186,09:39:18,17.13,0.01,35,59924,买盘
187,09:39:21,17.12,-0.01,15,25680,买盘
188,09:39:25,17.12,0.0,25,42800,买盘
189,09:39:28,17.1,-0.02,23,39333,卖盘
190,09:39:31,17.1,0.0,36,61560,卖盘
191,09:39:34,17.09,-0.01,127,217344,卖盘
192,09:39:37,17.11,0.02,42,71847,买盘
193,09:39:39,17.09,-0.02,5,8545,卖盘
194,09:39:43,17.1,0.01,11,18801,买盘
195,09:39:46,17.09,-0.01,62,105968,卖盘
196,09:39:49,17.1,0.01,13,22223,买盘
197,09:39:52,17.1,0.0,64,109430,买盘
198,09:39:55,17.09,-0.01,37,63200,中性盘
199,09:39:58,17.09,0.0,31,52983,卖盘
200,09:40:01,17.08,-0.01,60,102482,卖盘
201,09:40:04,17.09,0.01,48,82070,买盘
202,09:40:06,17.1,0.01,33,56402,买盘
203,09:40:10,17.09,-0.01,40,68376,中性盘
204,09:40:13,17.08,-0.01,60,102584,卖盘
205,09:40:16,17.1,0.02,7,11966,买盘
206,09:40:19,17.08,-0.02,75,128173,卖盘
207,09:40:22,17.09,0.01,21,35884,买盘
208,09:40:25,17.09,0.0,4,6836,买盘
209,09:40:28,17.09,0.0,7,11963,卖盘
210,09:40:30,17.08,-0.01,49,83743,卖盘
211,09:40:34,17.09,0.01,2,3418,中性盘
212,09:40:37,17.08,-0.01,11,18797,卖盘
213,09:40:40,17.1,0.02,43,73500,买盘
214,09:40:43,17.09,-0.01,22,37618,中性盘
215,09:40:46,17.1,0.01,6,10260,买盘
216,09:40:49,17.1,0.0,5,8550,买盘
217,09:40:52,17.1,0.0,68,116280,买盘
218,09:40:55,17.1,0.0,20,34200,卖盘
219,09:40:58,17.11,0.01,8,13686,买盘
220,09:41:00,17.11,0.0,6,10266,中性盘
221,09:41:04,17.12,0.01,50,85540,买盘
222,09:41:07,17.12,0.0,33,56492,买盘
223,09:41:10,17.13,0.01,47,80493,买盘
224,09:41:13,17.12,-0.01,20,34240,卖盘
225,09:41:16,17.14,0.02,263,450750,买盘
226,09:41:19,17.15,0.01,23,39425,买盘
227,09:41:22,17.14,-0.01,99,169753,卖盘
228,09:41:25,17.15,0.01,2,3430,买盘
229,09:41:28,17.16,0.01,29,49764,买盘
230,09:41:31,17.18,0.02,50,85839,买盘
231,09:41:33,17.15,-0.03,36,61767,卖盘
232,09:41:37,17.19,0.04,181,310993,买盘
233,09:41:40,17.18,-0.01,269,462556,卖盘
234,09:41:46,17.2,0.02,48,82551,买盘
235,09:41:49,17.2,0.0,118,202788,买盘
236,09:41:52,17.2,0.0,95,163400,买盘
237,09:41:55,17.2,0.0,328,564172,买盘
238,09:41:58,17.22,0.02,35,60223,买盘
239,09:42:01,17.24,0.02,163,280884,买盘
240,09:42:04,17.25,0.01,86,148289,买盘
241,09:42:07,17.3,0.05,332,573318,买盘
242,09:42:09,17.3,0.0,118,204091,买盘
243,09:42:13,17.38,0.08,436,756485,买盘
244,09:42:16,17.4,0.02,104,180903,买盘
245,09:42:19,17.44,0.04,74,128792,买盘
246,09:42:22,17.47,0.03,55,95929,买盘
247,09:42:25,17.5,0.03,84,146821,买盘
248,09:42:28,17.5,0.0,133,232716,买盘
249,09:42:31,17.55,0.05,187,327441,买盘
250,09:42:34,17.57,0.02,127,222763,买盘
251,09:42:37,17.59,0.02,113,198842,买盘
252,09:42:40,17.65,0.06,64,112853,买盘
253,09:42:42,17.63,-0.02,80,141275,中性盘
254,09:42:46,17.65,0.02,91,160504,买盘
255,09:42:49,17.8,0.15,261,461860,买盘
256,09:42:52,17.88,0.08,1478,2643435,买盘
257,09:42:55,17.93,0.05,3073,5509769,买盘
258,09:42:58,17.93,0.0,31,55583,卖盘
259,09:43:01,17.93,0.0,154,276122,卖盘
260,09:43:04,17.93,0.0,287,514591,卖盘
261,09:43:06,17.93,0.0,185,331705,卖盘
262,09:43:10,17.93,0.0,288,516384,卖盘
263,09:43:13,17.93,0.0,345,618585,卖盘
264,09:43:16,17.93,0.0,100,179300,卖盘
265,09:43:19,17.93,0.0,947,1697971,卖盘
266,09:43:22,17.93,0.0,228,408804,卖盘
267,09:43:25,17.93,0.0,148,265364,卖盘
268,09:43:27,17.93,0.0,350,627550,卖盘
269,09:43:31,17.93,0.0,435,779955,卖盘
270,09:43:34,17.93,0.0,485,869605,卖盘
271,09:43:37,17.93,0.0,1005,1801965,卖盘
272,09:43:40,17.93,0.0,1202,2155186,卖盘
273,09:43:43,17.93,0.0,491,880363,卖盘
274,09:43:45,17.93,0.0,429,769591,卖盘
275,09:43:49,17.93,0.0,634,1136762,卖盘
276,09:43:52,17.93,0.0,335,600655,卖盘
277,09:43:54,17.93,0.0,186,333498,卖盘
278,09:43:58,17.93,0.0,191,342373,卖盘
279,09:44:01,17.93,0.0,442,792506,卖盘
280,09:44:04,17.93,0.0,279,500247,卖盘
281,09:44:07,17.93,0.0,3,5379,卖盘
282,09:44:10,17.93,0.0,49,87857,卖盘
283,09:44:13,17.93,0.0,99,177507,卖盘
284,09:44:15,17.93,0.0,242,433906,卖盘
285,09:44:19,17.93,0.0,12,21516,卖盘
286,09:44:22,17.93,0.0,44,78892,卖盘
287,09:44:25,17.93,0.0,67,120131,卖盘
288,09:44:28,17.93,0.0,75,134475,卖盘
289,09:44:31,17.93,0.0,39,69927,卖盘
290,09:44:34,17.93,0.0,139,249227,卖盘
291,09:44:37,17.93,0.0,107,191851,卖盘
292,09:44:39,17.93,0.0,6,10758,卖盘
293,09:44:43,17.93,0.0,170,304810,卖盘
294,09:44:46,17.93,0.0,78,139854,卖盘
295,09:44:49,17.93,0.0,28,50204,卖盘
296,09:44:52,17.93,0.0,11,19723,卖盘
297,09:44:55,17.93,0.0,41,73513,卖盘
298,09:44:58,17.93,0.0,82,147026,卖盘
299,09:45:01,17.93,0.0,43,77099,卖盘
300,09:45:04,17.93,0.0,12,21516,卖盘
301,09:45:10,17.93,0.0,18,32274,卖盘
302,09:45:13,17.93,0.0,37,66341,卖盘
303,09:45:15,17.93,0.0,56,100408,卖盘
304,09:45:18,17.93,0.0,28,50204,卖盘
305,09:45:22,17.93,0.0,9,16137,卖盘
306,09:45:25,17.93,0.0,91,163163,卖盘
307,09:45:28,17.93,0.0,48,86064,卖盘
308,09:45:30,17.93,0.0,43,77099,卖盘
309,09:45:34,17.93,0.0,100,179300,卖盘
310,09:45:37,17.93,0.0,42,75306,卖盘
311,09:45:40,17.93,0.0,241,432113,卖盘
312,09:45:43,17.93,0.0,82,147026,卖盘
313,09:45:46,17.93,0.0,10,17930,卖盘
314,09:45:48,17.93,0.0,36,64548,卖盘
315,09:45:52,17.93,0.0,32,57376,卖盘
316,09:45:55,17.93,0.0,20,35860,卖盘
317,09:45:58,17.93,0.0,56,100408,卖盘
318,09:46:01,17.93,0.0,94,168542,卖盘
319,09:46:04,17.93,0.0,17,30481,卖盘
320,09:46:07,17.93,0.0,38,68134,卖盘
321,09:46:10,17.93,0.0,124,222332,卖盘
322,09:46:12,17.93,0.0,17,30481,卖盘
323,09:46:16,17.93,0.0,85,152405,卖盘
324,09:46:19,17.93,0.0,24,43032,卖盘
325,09:46:22,17.93,0.0,118,211574,卖盘
326,09:46:24,17.93,0.0,9,16137,卖盘
327,09:46:27,17.93,0.0,71,127303,卖盘
328,09:46:31,17.93,0.0,5,8965,卖盘
329,09:46:34,17.93,0.0,34,60962,卖盘
330,09:46:37,17.93,0.0,103,184679,卖盘
331,09:46:40,17.93,0.0,76,136268,卖盘
332,09:46:43,17.93,0.0,24,43032,卖盘
333,09:46:46,17.93,0.0,4,7172,卖盘
334,09:46:48,17.93,0.0,99,177507,卖盘
335,09:46:52,17.93,0.0,37,66341,卖盘
336,09:46:54,17.93,0.0,12,21516,卖盘
337,09:46:58,17.93,0.0,82,147026,卖盘
338,09:47:01,17.93,0.0,10,17930,卖盘
339,09:47:04,17.93,0.0,34,60962,卖盘
340,09:47:06,17.93,0.0,12,21516,卖盘
341,09:47:09,17.93,0.0,17,30481,卖盘
342,09:47:13,17.93,0.0,100,179300,卖盘
343,09:47:16,17.93,0.0,36,64548,卖盘
344,09:47:18,17.93,0.0,10,17930,卖盘
345,09:47:22,17.93,0.0,13,23309,卖盘
346,09:47:25,17.93,0.0,42,75306,卖盘
347,09:47:28,17.93,0.0,5,8965,卖盘
348,09:47:31,17.93,0.0,10,17930,卖盘
349,09:47:34,17.93,0.0,10,17930,卖盘
350,09:47:46,17.93,0.0,24,43032,卖盘
351,09:47:49,17.93,0.0,2,3586,卖盘
352,09:47:54,17.93,0.0,27,48411,卖盘
353,09:47:58,17.93,0.0,25,44825,卖盘
354,09:48:01,17.93,0.0,10,17930,卖盘
355,09:48:06,17.93,0.0,7,12551,卖盘
356,09:48:10,17.93,0.0,6,10758,卖盘
357,09:48:13,17.93,0.0,9,16137,卖盘
358,09:48:16,17.93,0.0,27,48411,卖盘
359,09:48:19,17.93,0.0,3,5379,卖盘
360,09:48:21,17.93,0.0,74,132682,卖盘
361,09:48:25,17.93,0.0,43,77099,卖盘
362,09:48:28,17.93,0.0,36,64548,卖盘
363,09:48:31,17.93,0.0,5,8965,卖盘
364,09:48:34,17.93,0.0,15,26895,卖盘
365,09:48:36,17.93,0.0,5,8965,卖盘
366,09:48:40,17.93,0.0,15,26895,卖盘
367,09:48:42,17.93,0.0,14,25102,卖盘
368,09:48:45,17.93,0.0,8,14344,卖盘
369,09:48:48,17.93,0.0,3,5379,卖盘
370,09:48:52,17.93,0.0,4,7172,卖盘
371,09:48:55,17.93,0.0,1,1793,卖盘
372,09:48:57,17.93,0.0,11,19723,卖盘
373,09:49:01,17.93,0.0,42,75306,卖盘
374,09:49:04,17.93,0.0,110,197230,卖盘
375,09:49:10,17.93,0.0,191,342463,卖盘
376,09:49:13,17.93,0.0,5,8965,卖盘
377,09:49:16,17.93,0.0,27,48411,卖盘
378,09:49:19,17.93,0.0,13,23309,卖盘
379,09:49:22,17.93,0.0,6,10758,卖盘
380,09:49:25,17.93,0.0,50,89650,卖盘
381,09:49:28,17.93,0.0,15,26895,卖盘
382,09:49:31,17.93,0.0,5,8965,卖盘
383,09:49:34,17.93,0.0,31,55583,卖盘
384,09:49:36,17.93,0.0,10,17930,卖盘
385,09:49:40,17.93,0.0,10,17930,卖盘
386,09:49:43,17.93,0.0,19,34067,卖盘
387,09:49:46,17.93,0.0,2,3586,卖盘
388,09:49:48,17.93,0.0,114,204402,卖盘
389,09:49:52,17.93,0.0,40,71720,卖盘
390,09:49:55,17.93,0.0,26,46618,卖盘
391,09:49:57,17.93,0.0,23,41239,卖盘
392,09:50:00,17.93,0.0,17,30481,卖盘
393,09:50:03,17.93,0.0,37,66341,卖盘
394,09:50:07,17.93,0.0,5,8965,卖盘
395,09:50:10,17.93,0.0,31,55583,卖盘
396,09:50:13,17.93,0.0,14,25102,卖盘
397,09:50:15,17.93,0.0,29,51997,卖盘
398,09:50:19,17.93,0.0,11,19723,卖盘
399,09:50:22,17.93,0.0,7,12551,卖盘
400,09:50:25,17.93,0.0,1,1793,卖盘
401,09:50:27,17.93,0.0,4,7172,卖盘
402,09:50:31,17.93,0.0,15,26895,卖盘
403,09:50:33,17.93,0.0,9,16137,卖盘
404,09:50:42,17.93,0.0,16,28688,卖盘
405,09:50:46,17.93,0.0,20,35860,卖盘
406,09:50:49,17.93,0.0,5,8965,卖盘
407,09:50:54,17.93,0.0,20,35860,卖盘
408,09:50:58,17.93,0.0,18,32274,卖盘
409,09:51:01,17.93,0.0,183,328119,卖盘
410,09:51:04,17.93,0.0,67,120131,卖盘
411,09:51:07,17.93,0.0,26,46618,卖盘
412,09:51:10,17.93,0.0,4,7172,卖盘
413,09:51:12,17.93,0.0,26,46618,卖盘
414,09:51:19,17.93,0.0,10,17930,卖盘
415,09:51:22,17.93,0.0,7,12551,卖盘
416,09:51:25,17.93,0.0,4,7172,卖盘
417,09:51:28,17.93,0.0,30,53790,卖盘
418,09:51:31,17.93,0.0,115,206195,卖盘
419,09:51:34,17.93,0.0,8,14344,卖盘
420,09:51:36,17.93,0.0,10,17930,卖盘
421,09:51:39,17.93,0.0,22,39446,卖盘
422,09:51:45,17.93,0.0,51,91443,卖盘
423,09:51:48,17.93,0.0,1,1793,卖盘
424,09:51:51,17.93,0.0,4,7172,卖盘
425,09:51:57,17.93,0.0,10,17930,卖盘
426,09:52:01,17.93,0.0,30,53790,卖盘
427,09:52:04,17.93,0.0,13,23309,卖盘
428,09:52:10,17.93,0.0,10,17930,卖盘
429,09:52:13,17.93,0.0,10,17930,卖盘
430,09:52:16,17.93,0.0,2,3586,卖盘
431,09:52:19,17.93,0.0,3,5379,卖盘
432,09:52:22,17.93,0.0,3,5379,卖盘
433,09:52:25,17.93,0.0,44,78892,卖盘
434,09:52:27,17.93,0.0,5,8965,卖盘
435,09:52:34,17.93,0.0,23,41239,卖盘
436,09:52:37,17.93,0.0,11,19723,卖盘
437,09:52:46,17.93,0.0,5,8965,卖盘
438,09:52:48,17.93,0.0,2,3586,卖盘
439,09:52:51,17.93,0.0,12,21516,卖盘
440,09:52:54,17.93,0.0,1,1793,卖盘
441,09:52:57,17.93,0.0,5,8965,卖盘
442,09:53:01,17.93,0.0,20,35860,卖盘
443,09:53:04,17.93,0.0,15,26895,卖盘
444,09:53:09,17.93,0.0,10,17930,卖盘
445,09:53:13,17.93,0.0,1,1793,卖盘
446,09:53:16,17.93,0.0,56,100408,卖盘
447,09:53:19,17.93,0.0,34,60962,卖盘
448,09:53:21,17.93,0.0,78,139854,卖盘
449,09:53:25,17.93,0.0,21,37653,卖盘
450,09:53:28,17.93,0.0,2,3586,卖盘
451,09:53:31,17.93,0.0,32,57376,卖盘
452,09:53:34,17.93,0.0,5,8965,卖盘
453,09:53:37,17.93,0.0,5,8965,卖盘
454,09:53:40,17.93,0.0,15,26895,卖盘
455,09:53:43,17.93,0.0,20,35860,卖盘
456,09:53:49,17.93,0.0,28,50204,卖盘
457,09:53:52,17.93,0.0,21,37653,卖盘
458,09:53:55,17.93,0.0,8,14344,卖盘
459,09:53:57,17.93,0.0,13,23309,卖盘
460,09:54:01,17.93,0.0,1,1793,卖盘
461,09:54:06,17.93,0.0,65,116545,卖盘
462,09:54:09,17.93,0.0,20,35860,卖盘
463,09:54:19,17.93,0.0,16,28688,卖盘
464,09:54:25,17.93,0.0,11,19723,卖盘
465,09:54:36,17.93,0.0,11,19723,卖盘
466,09:54:40,17.93,0.0,10,17930,卖盘
467,09:54:43,17.93,0.0,10,17930,卖盘
468,09:54:46,17.93,0.0,10,17930,卖盘
469,09:54:52,17.93,0.0,20,35860,卖盘
470,09:54:58,17.93,0.0,10,17930,卖盘
471,09:55:01,17.93,0.0,4,7172,卖盘
472,09:55:04,17.93,0.0,2,3586,卖盘
473,09:55:07,17.93,0.0,12,21516,卖盘
474,09:55:12,17.93,0.0,7,12551,卖盘
475,09:55:16,17.93,0.0,2,3586,卖盘
476,09:55:19,17.93,0.0,1,1793,卖盘
477,09:55:25,17.93,0.0,5,8965,卖盘
478,09:55:31,17.93,0.0,6,10758,卖盘
479,09:55:40,17.93,0.0,4,7172,卖盘
480,09:55:42,17.93,0.0,1,1793,卖盘
481,09:55:49,17.93,0.0,31,55583,卖盘
482,09:55:52,17.93,0.0,2,3586,卖盘
483,09:56:01,17.93,0.0,10,17930,卖盘
484,09:56:04,17.93,0.0,49,87857,卖盘
485,09:56:10,17.93,0.0,10,17930,卖盘
486,09:56:16,17.93,0.0,7,12551,卖盘
487,09:56:19,17.93,0.0,24,43032,卖盘
488,09:56:22,17.93,0.0,4,7172,卖盘
489,09:56:25,17.93,0.0,26,46618,卖盘
490,09:56:28,17.93,0.0,5,8965,卖盘
491,09:56:37,17.93,0.0,5,8965,卖盘
492,09:56:43,17.93,0.0,55,98615,卖盘
493,09:56:48,17.93,0.0,1,1793,卖盘
494,09:56:52,17.93,0.0,15,26895,卖盘
495,09:57:01,17.93,0.0,33,59169,卖盘
496,09:57:04,17.93,0.0,9,16137,卖盘
497,09:57:13,17.93,0.0,75,134475,卖盘
498,09:57:15,17.93,0.0,2,3586,卖盘
499,09:57:24,17.93,0.0,1,1793,卖盘
500,09:57:31,17.93,0.0,3,5379,卖盘
501,09:57:34,17.93,0.0,9,16137,卖盘
502,09:57:37,17.93,0.0,16,28688,卖盘
503,09:57:49,17.93,0.0,5,8965,卖盘
504,09:57:52,17.93,0.0,10,17930,卖盘
505,09:57:54,17.93,0.0,2,3586,卖盘
506,09:57:57,17.93,0.0,10,17930,卖盘
507,09:58:01,17.93,0.0,20,35860,卖盘
508,09:58:04,17.93,0.0,7,12551,卖盘
509,09:58:06,17.93,0.0,83,148819,卖盘
510,09:58:13,17.93,0.0,1,1793,卖盘
511,09:58:16,17.93,0.0,8,14344,卖盘
512,09:58:19,17.93,0.0,3,5379,卖盘
513,09:58:31,17.93,0.0,11,19723,卖盘
514,09:58:34,17.93,0.0,11,19723,卖盘
515,09:58:37,17.93,0.0,24,43032,卖盘
516,09:58:40,17.93,0.0,8,14344,卖盘
517,09:58:43,17.93,0.0,20,35860,卖盘
518,09:58:46,17.93,0.0,22,39446,卖盘
519,09:58:54,17.93,0.0,48,86064,卖盘
520,09:59:00,17.93,0.0,14,25102,卖盘
521,09:59:04,17.93,0.0,80,143440,卖盘
522,09:59:06,17.93,0.0,3,5379,卖盘
523,09:59:15,17.93,0.0,9,16137,卖盘
524,09:59:19,17.93,0.0,11,19723,卖盘
525,09:59:22,17.93,0.0,11,19723,卖盘
526,09:59:25,17.93,0.0,37,66341,卖盘
527,09:59:31,17.93,0.0,8,14344,卖盘
528,09:59:40,17.93,0.0,2,3586,卖盘
529,09:59:42,17.93,0.0,3,5379,卖盘
530,09:59:45,17.93,0.0,1,1793,卖盘
531,09:59:49,17.93,0.0,110,197230,卖盘
532,09:59:51,17.93,0.0,2,3586,卖盘
533,09:59:54,17.93,0.0,1,1793,卖盘
534,09:59:58,17.93,0.0,13,23309,卖盘
535,10:00:01,17.93,0.0,3,5379,卖盘
536,10:00:04,17.93,0.0,3,5379,卖盘
537,10:00:10,17.93,0.0,52,93236,卖盘
538,10:00:13,17.93,0.0,5,8965,卖盘
539,10:00:19,17.93,0.0,20,35860,卖盘
540,10:00:30,17.93,0.0,10,17930,卖盘
541,10:00:34,17.93,0.0,21,37653,卖盘
542,10:00:37,17.93,0.0,10,17930,卖盘
543,10:00:49,17.93,0.0,2,3586,卖盘
544,10:00:54,17.93,0.0,3,5379,卖盘
545,10:00:58,17.93,0.0,31,55583,卖盘
546,10:01:07,17.93,0.0,20,35860,卖盘
547,10:01:10,17.93,0.0,62,111166,卖盘
548,10:01:16,17.93,0.0,10,17930,卖盘
549,10:01:19,17.93,0.0,1,1793,卖盘
550,10:01:24,17.93,0.0,3,5379,卖盘
551,10:01:28,17.93,0.0,15,26895,卖盘
552,10:01:31,17.93,0.0,9,16137,卖盘
553,10:01:34,17.93,0.0,5,8965,卖盘
554,10:01:37,17.93,0.0,10,17930,卖盘
555,10:01:40,17.93,0.0,12,21516,卖盘
556,10:01:52,17.93,0.0,33,59169,卖盘
557,10:01:55,17.93,0.0,5,8965,卖盘
558,10:02:04,17.93,0.0,3,5379,卖盘
559,10:02:06,17.93,0.0,2,3586,卖盘
560,10:02:10,17.93,0.0,10,17930,卖盘
561,10:02:16,17.93,0.0,8,14344,卖盘
562,10:02:22,17.93,0.0,14,25102,卖盘
563,10:02:31,17.93,0.0,30,53790,卖盘
564,10:02:33,17.93,0.0,10,17930,卖盘
565,10:02:37,17.93,0.0,5,8965,卖盘
566,10:02:40,17.93,0.0,20,35860,卖盘
567,10:02:43,17.93,0.0,2,3586,卖盘
568,10:02:48,17.93,0.0,39,69927,卖盘
569,10:03:01,17.93,0.0,12,21516,卖盘
570,10:03:04,17.93,0.0,8,14344,卖盘
571,10:03:07,17.93,0.0,4,7172,卖盘
572,10:03:10,17.93,0.0,1,1793,卖盘
573,10:03:16,17.93,0.0,4,7172,卖盘
574,10:03:18,17.93,0.0,77,138061,卖盘
575,10:03:28,17.93,0.0,66,118338,卖盘
576,10:03:34,17.93,0.0,11,19723,卖盘
577,10:03:37,17.93,0.0,45,80685,卖盘
578,10:03:46,17.93,0.0,1,1793,卖盘
579,10:03:49,17.93,0.0,29,51997,卖盘
580,10:03:52,17.93,0.0,5,8965,卖盘
581,10:03:55,17.93,0.0,40,71720,卖盘
582,10:03:57,17.93,0.0,25,44825,卖盘
583,10:04:01,17.93,0.0,10,17930,卖盘
584,10:04:07,17.93,0.0,11,19723,卖盘
585,10:04:09,17.93,0.0,23,41239,卖盘
586,10:04:13,17.93,0.0,47,84271,卖盘
587,10:04:19,17.93,0.0,32,57376,卖盘
588,10:04:22,17.93,0.0,1,1793,卖盘
589,10:04:40,17.93,0.0,2,3586,卖盘
590,10:04:52,17.93,0.0,10,17930,卖盘
591,10:05:04,17.93,0.0,29,51997,卖盘
592,10:05:07,17.93,0.0,53,95029,卖盘
593,10:05:22,17.93,0.0,5,8965,卖盘
594,10:05:31,17.93,0.0,6,10758,卖盘
595,10:05:37,17.93,0.0,4,7172,卖盘
596,10:05:43,17.93,0.0,40,71720,卖盘
597,10:05:46,17.93,0.0,20,35860,卖盘
598,10:05:49,17.93,0.0,8,14344,卖盘
599,10:06:01,17.93,0.0,142,254606,卖盘
600,10:06:04,17.93,0.0,1,1793,卖盘
601,10:06:06,17.93,0.0,4,7172,卖盘
602,10:06:27,17.93,0.0,4,7172,卖盘
603,10:07:10,17.93,0.0,12,21516,卖盘
604,10:07:16,17.93,0.0,5,8965,卖盘
605,10:07:19,17.93,0.0,1,1793,卖盘
606,10:07:40,17.93,0.0,10,17930,卖盘
607,10:07:46,17.93,0.0,4,7172,卖盘
608,10:07:58,17.93,0.0,14,25102,卖盘
609,10:08:00,17.93,0.0,5,8965,卖盘
610,10:08:25,17.93,0.0,8,14344,卖盘
611,10:08:43,17.93,0.0,1,1793,卖盘
612,10:08:51,17.93,0.0,15,26895,卖盘
613,10:08:58,17.93,0.0,2,3586,卖盘
614,10:09:04,17.93,0.0,15,26895,卖盘
615,10:09:10,17.93,0.0,10,17930,卖盘
616,10:09:22,17.93,0.0,1,1793,卖盘
617,10:09:25,17.93,0.0,3,5379,卖盘
618,10:09:34,17.93,0.0,9,16137,卖盘
619,10:09:37,17.93,0.0,53,95029,卖盘
620,10:09:40,17.93,0.0,11,19723,卖盘
621,10:09:46,17.93,0.0,39,69927,卖盘
622,10:09:49,17.93,0.0,8,14344,卖盘
623,10:10:01,17.93,0.0,10,17930,卖盘
624,10:10:28,17.93,0.0,32,57376,卖盘
625,10:10:31,17.93,0.0,2,3586,卖盘
626,10:11:06,17.93,0.0,4,7172,卖盘
627,10:11:28,17.93,0.0,5,8965,卖盘
628,10:11:52,17.93,0.0,13,23309,卖盘
629,10:12:04,17.93,0.0,33,59169,卖盘
630,10:12:25,17.93,0.0,7,12551,卖盘
631,10:12:49,17.93,0.0,3,5379,卖盘
632,10:12:58,17.93,0.0,29,51997,卖盘
633,10:13:00,17.93,0.0,12,21516,卖盘
634,10:13:06,17.93,0.0,1,1793,卖盘
635,10:13:10,17.93,0.0,20,35860,卖盘
636,10:13:13,17.93,0.0,57,102201,卖盘
637,10:13:19,17.93,0.0,13,23309,卖盘
638,10:13:25,17.93,0.0,17,30481,卖盘
639,10:13:28,17.93,0.0,20,35860,卖盘
640,10:13:37,17.93,0.0,5,8965,卖盘
641,10:13:40,17.93,0.0,2,3586,卖盘
642,10:13:43,17.93,0.0,10,17930,卖盘
643,10:14:00,17.93,0.0,57,102201,卖盘
644,10:14:06,17.93,0.0,4,7172,卖盘
645,10:14:19,17.93,0.0,15,26895,卖盘
646,10:14:37,17.93,0.0,6,10758,卖盘
647,10:14:55,17.93,0.0,1,1793,卖盘
648,10:15:15,17.93,0.0,2,3586,卖盘
649,10:15:28,17.93,0.0,8,14344,卖盘
650,10:15:40,17.93,0.0,50,89650,卖盘
651,10:15:48,17.93,0.0,20,35860,卖盘
652,10:15:52,17.93,0.0,12,21516,卖盘
653,10:15:54,17.93,0.0,1,1793,卖盘
654,10:15:57,17.93,0.0,2,3586,卖盘
655,10:16:01,17.93,0.0,11,19723,卖盘
656,10:16:06,17.93,0.0,25,44825,卖盘
657,10:16:19,17.93,0.0,10,17930,卖盘
658,10:16:25,17.93,0.0,40,71720,卖盘
659,10:16:34,17.93,0.0,11,19723,卖盘
660,10:16:46,17.93,0.0,1,1793,卖盘
661,10:16:58,17.93,0.0,3,5379,卖盘
662,10:17:04,17.93,0.0,50,89650,卖盘
663,10:17:06,17.93,0.0,15,26895,卖盘
664,10:17:09,17.93,0.0,50,89650,卖盘
665,10:17:16,17.93,0.0,11,19723,卖盘
666,10:17:25,17.93,0.0,5,8965,卖盘
667,10:17:30,17.93,0.0,7,12551,卖盘
668,10:17:40,17.93,0.0,3,5379,卖盘
669,10:17:52,17.93,0.0,8,14344,卖盘
670,10:17:55,17.93,0.0,44,78892,卖盘
671,10:17:58,17.93,0.0,15,26895,卖盘
672,10:18:00,17.93,0.0,1,1793,卖盘
673,10:18:06,17.93,0.0,15,26895,卖盘
674,10:18:16,17.93,0.0,2,3586,卖盘
675,10:18:37,17.93,0.0,6,10758,卖盘
676,10:18:46,17.93,0.0,1,1793,卖盘
677,10:19:10,17.93,0.0,18,32274,卖盘
678,10:19:22,17.93,0.0,4,7172,卖盘
679,10:19:25,17.93,0.0,15,26895,卖盘
680,10:19:31,17.93,0.0,13,23309,卖盘
681,10:19:37,17.93,0.0,10,17930,卖盘
682,10:19:46,17.93,0.0,3,5379,卖盘
683,10:19:49,17.93,0.0,1,1793,卖盘
684,10:19:58,17.93,0.0,82,147026,卖盘
685,10:20:07,17.93,0.0,38,68134,卖盘
686,10:20:10,17.93,0.0,2,3586,卖盘
687,10:20:30,17.93,0.0,2,3586,卖盘
688,10:20:34,17.93,0.0,12,21516,卖盘
689,10:20:37,17.93,0.0,24,43032,卖盘
690,10:20:40,17.93,0.0,2,3586,卖盘
691,10:20:46,17.93,0.0,2,3586,卖盘
692,10:21:00,17.93,0.0,3,5379,卖盘
693,10:21:07,17.93,0.0,10,17930,卖盘
694,10:21:40,17.93,0.0,20,35860,卖盘
695,10:21:48,17.93,0.0,6,10758,卖盘
696,10:22:13,17.93,0.0,3,5379,卖盘
697,10:22:25,17.93,0.0,5,8965,卖盘
698,10:22:52,17.93,0.0,21,37653,卖盘
699,10:23:00,17.93,0.0,4,7172,卖盘
700,10:23:06,17.93,0.0,5,8965,卖盘
701,10:23:09,17.93,0.0,16,28688,卖盘
702,10:23:13,17.93,0.0,4,7172,卖盘
703,10:23:28,17.93,0.0,30,53790,卖盘
704,10:23:42,17.93,0.0,9,16137,卖盘
705,10:23:45,17.93,0.0,30,53790,卖盘
706,10:23:49,17.93,0.0,4,7172,卖盘
707,10:24:28,17.93,0.0,15,26895,卖盘
708,10:24:40,17.93,0.0,14,25102,卖盘
709,10:24:45,17.93,0.0,27,48411,卖盘
710,10:24:54,17.93,0.0,5,8965,卖盘
711,10:24:57,17.93,0.0,2,3586,卖盘
712,10:25:00,17.93,0.0,10,17930,卖盘
713,10:25:04,17.93,0.0,3,5379,卖盘
714,10:25:15,17.93,0.0,2,3586,卖盘
715,10:25:33,17.93,0.0,2,3586,卖盘
716,10:25:55,17.93,0.0,15,26895,卖盘
717,10:26:07,17.93,0.0,3,5379,卖盘
718,10:26:13,17.93,0.0,8,14344,卖盘
719,10:26:25,17.93,0.0,1,1793,卖盘
720,10:26:39,17.93,0.0,1,1793,卖盘
721,10:26:54,17.93,0.0,1,1793,卖盘
722,10:27:04,17.93,0.0,6,10758,卖盘
723,10:27:13,17.93,0.0,5,8965,卖盘
724,10:27:33,17.93,0.0,1,1793,卖盘
725,10:27:43,17.93,0.0,2,3586,卖盘
726,10:27:49,17.93,0.0,3,5379,卖盘
727,10:28:07,17.93,0.0,5,8965,卖盘
728,10:28:27,17.93,0.0,16,28688,卖盘
729,10:28:46,17.93,0.0,5,8965,卖盘
730,10:28:51,17.93,0.0,2,3586,卖盘
731,10:29:01,17.93,0.0,1,1793,卖盘
732,10:29:07,17.93,0.0,10,17930,卖盘
733,10:29:10,17.93,0.0,1,1793,卖盘
734,10:29:12,17.93,0.0,2,3586,卖盘
735,10:29:15,17.93,0.0,3,5379,卖盘
736,10:29:52,17.93,0.0,36,64548,卖盘
737,10:30:04,17.93,0.0,11,19723,卖盘
738,10:30:25,17.93,0.0,24,43032,卖盘
739,10:30:28,17.93,0.0,139,249227,卖盘
740,10:30:49,17.93,0.0,1,1793,卖盘
741,10:30:52,17.93,0.0,1,1793,卖盘
742,10:31:13,17.93,0.0,11,19723,卖盘
743,10:31:22,17.93,0.0,9,16137,卖盘
744,10:31:28,17.93,0.0,1,1793,卖盘
745,10:32:07,17.93,0.0,1,1793,卖盘
746,10:32:19,17.93,0.0,3,5379,卖盘
747,10:32:25,17.93,0.0,14,25102,卖盘
748,10:32:37,17.93,0.0,30,53790,卖盘
749,10:32:39,17.93,0.0,2,3586,卖盘
750,10:32:46,17.93,0.0,10,17930,卖盘
751,10:32:49,17.93,0.0,30,53790,卖盘
752,10:32:52,17.93,0.0,10,17930,卖盘
753,10:32:58,17.93,0.0,3,5379,卖盘
754,10:33:21,17.93,0.0,200,358600,卖盘
755,10:33:28,17.93,0.0,2,3586,卖盘
756,10:33:49,17.93,0.0,5,8965,卖盘
757,10:33:55,17.93,0.0,82,147026,卖盘
758,10:33:58,17.93,0.0,3,5379,卖盘
759,10:34:04,17.93,0.0,40,71720,卖盘
760,10:34:07,17.93,0.0,5,8965,卖盘
761,10:34:28,17.93,0.0,1,1793,卖盘
762,10:34:37,17.93,0.0,3,5379,卖盘
763,10:34:58,17.93,0.0,4,7172,卖盘
764,10:35:06,17.93,0.0,1,1793,卖盘
765,10:35:13,17.93,0.0,3,5379,卖盘
766,10:35:22,17.93,0.0,5,8965,卖盘
767,10:35:28,17.93,0.0,10,17930,卖盘
768,10:35:46,17.93,0.0,3,5379,卖盘
769,10:36:01,17.93,0.0,5,8965,卖盘
770,10:36:04,17.93,0.0,7,12551,卖盘
771,10:36:12,17.93,0.0,15,26895,卖盘
772,10:36:18,17.93,0.0,12,21516,卖盘
773,10:36:21,17.93,0.0,20,35860,卖盘
774,10:36:24,17.93,0.0,6,10758,卖盘
775,10:36:28,17.93,0.0,2,3586,卖盘
776,10:36:33,17.93,0.0,1,1793,卖盘
777,10:36:54,17.93,0.0,1,1793,卖盘
778,10:36:57,17.93,0.0,3,5379,卖盘
779,10:37:12,17.93,0.0,8,14344,卖盘
780,10:37:54,17.93,0.0,1,1793,卖盘
781,10:38:04,17.93,0.0,1,1793,卖盘
782,10:38:16,17.93,0.0,51,91443,卖盘
783,10:38:24,17.93,0.0,4,7172,卖盘
784,10:38:34,17.93,0.0,3,5379,卖盘
785,10:38:37,17.93,0.0,5,8965,卖盘
786,10:38:43,17.93,0.0,2,3586,卖盘
787,10:38:58,17.93,0.0,13,23309,卖盘
788,10:39:04,17.93,0.0,2,3586,卖盘
789,10:39:09,17.93,0.0,2,3586,卖盘
790,10:39:33,17.93,0.0,10,17930,卖盘
791,10:39:37,17.93,0.0,5,8965,卖盘
792,10:39:39,17.93,0.0,2,3586,卖盘
793,10:39:45,17.93,0.0,1,1793,卖盘
794,10:40:04,17.93,0.0,1,1793,卖盘
795,10:40:15,17.93,0.0,3,5379,卖盘
796,10:40:31,17.93,0.0,8,14344,卖盘
797,10:40:34,17.93,0.0,6,10758,卖盘
798,10:40:40,17.93,0.0,30,53790,卖盘
799,10:40:45,17.93,0.0,26,46618,卖盘
800,10:40:55,17.93,0.0,15,26895,卖盘
801,10:41:16,17.93,0.0,7,12551,卖盘
802,10:41:28,17.93,0.0,10,17930,卖盘
803,10:41:34,17.93,0.0,1,1793,卖盘
804,10:41:46,17.93,0.0,4,7172,卖盘
805,10:41:49,17.93,0.0,1,1793,卖盘
806,10:43:01,17.93,0.0,2,3586,卖盘
807,10:43:16,17.93,0.0,1,1793,卖盘
808,10:43:22,17.93,0.0,10,17930,卖盘
809,10:43:33,17.93,0.0,4,7172,卖盘
810,10:43:39,17.93,0.0,10,17930,卖盘
811,10:44:09,17.93,0.0,30,53790,卖盘
812,10:44:15,17.93,0.0,5,8965,卖盘
813,10:44:18,17.93,0.0,2,3586,卖盘
814,10:44:30,17.93,0.0,12,21516,卖盘
815,10:44:37,17.93,0.0,5,8965,卖盘
816,10:44:48,17.93,0.0,11,19723,卖盘
817,10:45:30,17.93,0.0,2,3586,卖盘
818,10:45:54,17.93,0.0,67,120131,卖盘
819,10:46:28,17.93,0.0,1,1793,卖盘
820,10:47:07,17.93,0.0,1,1793,卖盘
821,10:47:46,17.93,0.0,1,1793,卖盘
822,10:47:52,17.93,0.0,13,23309,卖盘
823,10:48:13,17.93,0.0,1,1793,卖盘
824,10:48:28,17.93,0.0,1,1793,卖盘
825,10:48:33,17.93,0.0,1,1793,卖盘
826,10:48:39,17.93,0.0,5,8965,卖盘
827,10:49:36,17.93,0.0,33,59169,卖盘
828,10:49:55,17.93,0.0,8,14344,卖盘
829,10:50:04,17.93,0.0,10,17930,卖盘
830,10:50:22,17.93,0.0,2,3586,卖盘
831,10:50:25,17.93,0.0,5,8965,卖盘
832,10:50:34,17.93,0.0,20,35860,卖盘
833,10:50:40,17.93,0.0,1,1793,卖盘
834,10:51:28,17.93,0.0,2,3586,卖盘
835,10:51:39,17.93,0.0,1,1793,卖盘
836,10:51:46,17.93,0.0,3,5379,卖盘
837,10:52:34,17.93,0.0,2,3586,卖盘
838,10:54:21,17.93,0.0,7,12551,卖盘
839,10:54:30,17.93,0.0,2,3586,卖盘
840,10:54:34,17.93,0.0,2,3586,卖盘
841,10:54:55,17.93,0.0,11,19723,卖盘
842,10:55:01,17.93,0.0,2,3586,卖盘
843,10:55:04,17.93,0.0,2,3586,卖盘
844,10:55:42,17.93,0.0,5,8965,卖盘
845,10:56:04,17.93,0.0,2,3586,卖盘
846,10:57:04,17.93,0.0,2,3586,卖盘
847,10:57:06,17.93,0.0,5,8965,卖盘
848,10:57:34,17.93,0.0,9,16137,卖盘
849,10:58:36,17.93,0.0,9,16137,卖盘
850,10:58:39,17.93,0.0,8,14344,卖盘
851,10:59:42,17.93,0.0,4,7172,卖盘
852,11:00:21,17.93,0.0,55,98615,卖盘
853,11:00:28,17.93,0.0,2,3586,卖盘
854,11:00:34,17.93,0.0,19,34067,卖盘
855,11:00:39,17.93,0.0,4,7172,卖盘
856,11:01:21,17.93,0.0,4,7172,卖盘
857,11:02:12,17.93,0.0,2,3586,卖盘
858,11:02:15,17.93,0.0,10,17930,卖盘
859,11:02:18,17.93,0.0,1,1793,卖盘
860,11:03:04,17.93,0.0,26,46618,卖盘
861,11:04:39,17.93,0.0,1,1793,卖盘
862,11:04:46,17.93,0.0,5,8965,卖盘
863,11:05:01,17.93,0.0,10,17930,卖盘
864,11:05:04,17.93,0.0,10,17930,卖盘
865,11:05:19,17.93,0.0,15,26895,卖盘
866,11:05:54,17.93,0.0,5,8965,卖盘
867,11:06:04,17.93,0.0,8,14344,卖盘
868,11:06:19,17.93,0.0,2,3586,卖盘
869,11:06:55,17.93,0.0,23,41239,卖盘
870,11:07:55,17.93,0.0,9,16137,卖盘
871,11:08:24,17.93,0.0,1,1793,卖盘
872,11:08:48,17.93,0.0,13,23309,卖盘
873,11:09:07,17.93,0.0,4,7172,卖盘
874,11:09:10,17.93,0.0,8,14344,卖盘
875,11:09:22,17.93,0.0,2,3586,卖盘
876,11:10:33,17.93,0.0,1,1793,卖盘
877,11:10:51,17.93,0.0,23,41239,卖盘
878,11:11:04,17.93,0.0,2,3586,卖盘
879,11:11:31,17.93,0.0,2,3586,卖盘
880,11:11:42,17.93,0.0,3,5379,卖盘
881,11:12:28,17.93,0.0,1,1793,卖盘
882,11:12:57,17.93,0.0,2,3586,卖盘
883,11:13:09,17.93,0.0,40,71720,卖盘
884,11:13:24,17.93,0.0,5,8965,卖盘
885,11:14:13,17.93,0.0,2,3586,卖盘
886,11:14:15,17.93,0.0,5,8965,卖盘
887,11:14:24,17.93,0.0,15,26895,卖盘
888,11:15:39,17.93,0.0,7,12551,卖盘
889,11:16:21,17.93,0.0,2,3586,卖盘
890,11:16:30,17.93,0.0,3,5379,卖盘
891,11:16:57,17.93,0.0,99,177507,卖盘
892,11:17:25,17.93,0.0,2,3586,卖盘
893,11:17:57,17.93,0.0,30,53790,卖盘
894,11:18:04,17.93,0.0,1,1793,卖盘
895,11:18:39,17.93,0.0,15,26895,卖盘
896,11:18:48,17.93,0.0,5,8965,卖盘
897,11:20:04,17.93,0.0,3,5379,卖盘
898,11:20:45,17.93,0.0,2,3586,卖盘
899,11:21:15,17.93,0.0,1,1793,卖盘
900,11:21:36,17.93,0.0,4,7172,卖盘
901,11:22:12,17.93,0.0,23,41239,卖盘
902,11:22:27,17.93,0.0,6,10758,卖盘
903,11:22:42,17.93,0.0,17,30481,卖盘
904,11:23:12,17.93,0.0,2,3586,卖盘
905,11:23:15,17.93,0.0,2,3586,卖盘
906,11:23:24,17.93,0.0,10,17930,卖盘
907,11:24:09,17.93,0.0,5,8965,卖盘
908,11:24:31,17.93,0.0,10,17930,卖盘
909,11:24:45,17.93,0.0,5,8965,卖盘
910,11:24:49,17.93,0.0,18,32274,卖盘
911,11:24:52,17.93,0.0,6,10758,卖盘
912,11:25:07,17.93,0.0,1,1793,卖盘
913,11:25:10,17.93,0.0,5,8965,卖盘
914,11:25:30,17.93,0.0,90,161370,卖盘
915,11:25:49,17.93,0.0,20,35860,卖盘
916,11:25:52,17.93,0.0,1,1793,卖盘
917,11:26:00,17.93,0.0,3,5379,卖盘
918,11:26:09,17.93,0.0,7,12551,卖盘
919,11:26:31,17.93,0.0,1,1793,卖盘
920,11:26:34,17.93,0.0,1,1793,卖盘
921,11:26:36,17.93,0.0,6,10758,卖盘
922,11:27:07,17.93,0.0,2,3586,卖盘
923,11:28:10,17.93,0.0,50,89650,卖盘
924,11:29:04,17.93,0.0,4,7172,卖盘
925,11:29:07,17.93,0.0,1,1793,卖盘
926,13:00:05,17.93,0.0,385,690305,卖盘
927,13:00:07,17.93,0.0,2,3586,卖盘
928,13:00:10,17.93,0.0,10,17930,卖盘
929,13:00:57,17.93,0.0,20,35860,卖盘
930,13:01:00,17.93,0.0,20,35860,卖盘
931,13:01:04,17.93,0.0,2,3586,卖盘
932,13:01:16,17.93,0.0,69,123717,卖盘
933,13:01:24,17.93,0.0,5,8965,卖盘
934,13:01:27,17.93,0.0,10,17930,卖盘
935,13:01:51,17.93,0.0,10,17930,卖盘
936,13:02:04,17.93,0.0,5,8965,卖盘
937,13:02:09,17.93,0.0,4,7172,卖盘
938,13:02:12,17.93,0.0,34,60962,卖盘
939,13:02:36,17.93,0.0,10,17930,卖盘
940,13:03:22,17.93,0.0,60,107580,卖盘
941,13:03:37,17.93,0.0,5,8965,卖盘
942,13:03:40,17.93,0.0,5,8965,卖盘
943,13:03:51,17.93,0.0,5,8965,卖盘
944,13:04:13,17.93,0.0,20,35860,卖盘
945,13:04:15,17.93,0.0,1,1793,卖盘
946,13:04:25,17.93,0.0,1,1793,卖盘
947,13:04:30,17.93,0.0,30,53790,卖盘
948,13:05:01,17.93,0.0,10,17930,卖盘
949,13:05:09,17.93,0.0,5,8965,卖盘
950,13:05:19,17.93,0.0,13,23309,卖盘
951,13:05:27,17.93,0.0,3,5379,卖盘
952,13:05:51,17.93,0.0,1,1793,卖盘
953,13:05:54,17.93,0.0,5,8965,卖盘
954,13:06:00,17.93,0.0,2,3586,卖盘
955,13:06:40,17.93,0.0,5,8965,卖盘
956,13:07:04,17.93,0.0,1,1793,卖盘
957,13:07:55,17.93,0.0,15,26895,卖盘
958,13:08:16,17.93,0.0,1,1793,卖盘
959,13:08:22,17.93,0.0,4,7172,卖盘
960,13:09:33,17.93,0.0,5,8965,卖盘
961,13:10:21,17.93,0.0,15,26895,卖盘
962,13:10:42,17.93,0.0,4,7172,卖盘
963,13:10:54,17.93,0.0,2,3586,卖盘
964,13:11:09,17.93,0.0,16,28688,卖盘
965,13:11:16,17.93,0.0,5,8965,卖盘
966,13:11:19,17.93,0.0,30,53790,卖盘
967,13:11:24,17.93,0.0,9,16137,卖盘
968,13:11:42,17.93,0.0,9,16137,卖盘
969,13:11:54,17.93,0.0,1,1793,卖盘
970,13:12:52,17.93,0.0,100,179300,卖盘
971,13:13:01,17.93,0.0,8,14344,卖盘
972,13:13:22,17.93,0.0,14,25102,卖盘
973,13:13:30,17.93,0.0,5,8965,卖盘
974,13:13:42,17.93,0.0,18,32274,卖盘
975,13:14:01,17.93,0.0,10,17930,卖盘
976,13:15:01,17.93,0.0,6,10758,卖盘
977,13:16:00,17.93,0.0,2,3586,卖盘
978,13:16:31,17.93,0.0,5,8965,卖盘
979,13:16:54,17.93,0.0,6,10758,卖盘
980,13:17:12,17.93,0.0,2,3586,卖盘
981,13:17:45,17.93,0.0,5,8965,卖盘
982,13:18:09,17.93,0.0,9,16137,卖盘
983,13:19:51,17.93,0.0,12,21516,卖盘
984,13:20:04,17.93,0.0,12,21516,卖盘
985,13:20:22,17.93,0.0,20,35860,卖盘
986,13:20:57,17.93,0.0,2,3586,卖盘
987,13:21:01,17.93,0.0,11,19723,卖盘
988,13:21:12,17.93,0.0,2,3586,卖盘
989,13:21:15,17.93,0.0,8,14344,卖盘
990,13:21:33,17.93,0.0,3,5379,卖盘
991,13:21:40,17.93,0.0,10,17930,卖盘
992,13:21:51,17.93,0.0,1,1793,卖盘
993,13:21:55,17.93,0.0,15,26895,卖盘
994,13:22:51,17.93,0.0,5,8965,卖盘
995,13:22:54,17.93,0.0,5,8965,卖盘
996,13:23:15,17.93,0.0,3,5379,卖盘
997,13:24:10,17.93,0.0,2,3586,卖盘
998,13:24:13,17.93,0.0,10,17930,卖盘
999,13:24:51,17.93,0.0,2,3586,卖盘
1000,13:24:57,17.93,0.0,1,1793,卖盘
1001,13:25:19,17.93,0.0,2,3586,卖盘
1002,13:25:27,17.93,0.0,1,1793,卖盘
1003,13:25:34,17.93,0.0,36,64548,卖盘
1004,13:25:55,17.93,0.0,4,7172,卖盘
1005,13:26:09,17.93,0.0,1,1793,卖盘
1006,13:26:15,17.93,0.0,1,1793,卖盘
1007,13:26:54,17.93,0.0,15,26895,卖盘
1008,13:27:22,17.93,0.0,19,34067,卖盘
1009,13:27:25,17.93,0.0,7,12551,卖盘
1010,13:27:55,17.93,0.0,1,1793,卖盘
1011,13:28:01,17.93,0.0,5,8965,卖盘
1012,13:28:09,17.93,0.0,46,82478,卖盘
1013,13:28:13,17.93,0.0,5,8965,卖盘
1014,13:28:18,17.93,0.0,5,8965,卖盘
1015,13:28:25,17.93,0.0,88,157784,卖盘
1016,13:28:31,17.93,0.0,1,1793,卖盘
1017,13:28:40,17.93,0.0,100,179300,卖盘
1018,13:28:52,17.93,0.0,2,3586,卖盘
1019,13:29:19,17.93,0.0,348,623964,卖盘
1020,13:29:28,17.93,0.0,20,35860,卖盘
1021,13:29:55,17.93,0.0,1,1793,卖盘
1022,13:30:10,17.93,0.0,5,8965,卖盘
1023,13:30:19,17.93,0.0,10,17930,卖盘
1024,13:30:37,17.93,0.0,44,78892,卖盘
1025,13:30:43,17.93,0.0,3,5379,卖盘
1026,13:31:07,17.93,0.0,5,8965,卖盘
1027,13:31:22,17.93,0.0,126,225918,卖盘
1028,13:31:37,17.93,0.0,11,19723,卖盘
1029,13:31:52,17.93,0.0,1,1793,卖盘
1030,13:31:58,17.93,0.0,2,3586,卖盘
1031,13:32:57,17.93,0.0,5,8965,卖盘
1032,13:33:06,17.93,0.0,1,1793,卖盘
1033,13:33:10,17.93,0.0,1,1793,卖盘
1034,13:33:55,17.93,0.0,201,360393,卖盘
1035,13:33:58,17.93,0.0,5,8965,卖盘
1036,13:34:22,17.93,0.0,2,3586,卖盘
1037,13:34:28,17.93,0.0,5,8965,卖盘
1038,13:34:55,17.93,0.0,6,10758,卖盘
1039,13:35:10,17.93,0.0,5,8965,卖盘
1040,13:36:04,17.93,0.0,40,71720,卖盘
1041,13:36:13,17.93,0.0,22,39446,卖盘
1042,13:36:16,17.93,0.0,5,8965,卖盘
1043,13:36:19,17.93,0.0,1,1793,卖盘
1044,13:36:22,17.93,0.0,3,5379,卖盘
1045,13:36:46,17.93,0.0,14,25102,卖盘
1046,13:36:51,17.93,0.0,2,3586,卖盘
1047,13:37:04,17.93,0.0,2,3586,卖盘
1048,13:37:07,17.93,0.0,4,7172,卖盘
1049,13:37:34,17.93,0.0,69,123717,卖盘
1050,13:37:51,17.93,0.0,7,12551,卖盘
1051,13:38:27,17.93,0.0,80,143440,卖盘
1052,13:38:34,17.93,0.0,6,10758,卖盘
1053,13:38:37,17.93,0.0,2,3586,卖盘
1054,13:38:58,17.93,0.0,10,17930,卖盘
1055,13:39:16,17.93,0.0,8,14344,卖盘
1056,13:39:22,17.93,0.0,1,1793,卖盘
1057,13:39:52,17.93,0.0,13,23309,卖盘
1058,13:40:01,17.93,0.0,6,10758,卖盘
1059,13:40:10,17.93,0.0,18,32274,卖盘
1060,13:40:19,17.93,0.0,40,71720,卖盘
1061,13:40:24,17.93,0.0,2,3586,卖盘
1062,13:40:28,17.93,0.0,2,3586,卖盘
1063,13:40:37,17.93,0.0,1,1793,卖盘
1064,13:41:01,17.93,0.0,3,5379,卖盘
1065,13:41:19,17.93,0.0,15,26895,卖盘
1066,13:41:40,17.93,0.0,5,8965,卖盘
1067,13:42:15,17.93,0.0,5,8965,卖盘
1068,13:42:43,17.93,0.0,30,53790,卖盘
1069,13:43:16,17.93,0.0,2,3586,卖盘
1070,13:43:27,17.93,0.0,3,5379,卖盘
1071,13:43:49,17.93,0.0,10,17930,卖盘
1072,13:44:19,17.93,0.0,40,71720,卖盘
1073,13:44:28,17.93,0.0,1,1793,卖盘
1074,13:44:37,17.93,0.0,3,5379,卖盘
1075,13:44:58,17.93,0.0,43,77099,卖盘
1076,13:45:07,17.93,0.0,10,17930,卖盘
1077,13:45:12,17.93,0.0,2,3586,卖盘
1078,13:45:54,17.93,0.0,1,1793,卖盘
1079,13:46:24,17.93,0.0,5,8965,卖盘
1080,13:46:37,17.93,0.0,1,1793,卖盘
1081,13:46:48,17.93,0.0,128,229504,卖盘
1082,13:47:30,17.93,0.0,1,1793,卖盘
1083,13:47:37,17.93,0.0,20,35860,卖盘
1084,13:48:01,17.93,0.0,7,12551,卖盘
1085,13:48:15,17.93,0.0,7,12551,卖盘
1086,13:48:18,17.93,0.0,3,5379,卖盘
1087,13:48:30,17.93,0.0,5,8965,卖盘
1088,13:48:39,17.93,0.0,1,1793,卖盘
1089,13:49:24,17.93,0.0,2,3586,卖盘
1090,13:50:33,17.93,0.0,7,12551,卖盘
1091,13:50:58,17.93,0.0,10,17930,卖盘
1092,13:51:04,17.93,0.0,1,1793,卖盘
1093,13:52:40,17.93,0.0,3,5379,卖盘
1094,13:53:07,17.93,0.0,3,5379,卖盘
1095,13:53:58,17.93,0.0,8,14344,卖盘
1096,13:55:58,17.93,0.0,11,19723,卖盘
1097,13:56:25,17.93,0.0,1,1793,卖盘
1098,13:57:07,17.93,0.0,8,14344,卖盘
1099,13:57:45,17.93,0.0,4,7172,卖盘
1100,13:58:34,17.93,0.0,1,1793,卖盘
1101,13:59:22,17.93,0.0,1,1793,卖盘
1102,13:59:33,17.93,0.0,1,1793,卖盘
1103,14:00:22,17.93,0.0,10,17930,卖盘
1104,14:00:33,17.93,0.0,1,1793,卖盘
1105,14:01:24,17.93,0.0,173,310189,卖盘
1106,14:01:34,17.93,0.0,1,1793,卖盘
1107,14:01:49,17.93,0.0,6,10758,卖盘
1108,14:01:52,17.93,0.0,2,3586,卖盘
1109,14:02:34,17.93,0.0,1,1793,卖盘
1110,14:02:37,17.93,0.0,4,7172,卖盘
1111,14:03:04,17.93,0.0,1,1793,卖盘
1112,14:03:13,17.93,0.0,1,1793,卖盘
1113,14:03:25,17.93,0.0,5,8965,卖盘
1114,14:03:34,17.93,0.0,1,1793,卖盘
1115,14:04:19,17.93,0.0,1,1793,卖盘
1116,14:05:04,17.93,0.0,6,10758,卖盘
1117,14:05:07,17.93,0.0,5,8965,卖盘
1118,14:05:19,17.93,0.0,1,1793,卖盘
1119,14:05:51,17.93,0.0,1,1793,卖盘
1120,14:06:13,17.93,0.0,2,3586,卖盘
1121,14:06:19,17.93,0.0,1,1793,卖盘
1122,14:06:22,17.93,0.0,115,206195,卖盘
1123,14:06:55,17.93,0.0,1,1793,卖盘
1124,14:07:16,17.93,0.0,23,41239,卖盘
1125,14:07:19,17.93,0.0,1,1793,卖盘
1126,14:07:37,17.93,0.0,1,1793,卖盘
1127,14:08:19,17.93,0.0,1,1793,卖盘
1128,14:08:40,17.93,0.0,20,35860,卖盘
1129,14:08:49,17.93,0.0,20,35860,卖盘
1130,14:09:04,17.93,0.0,1,1793,卖盘
1131,14:09:22,17.93,0.0,1,1793,卖盘
1132,14:10:19,17.93,0.0,2,3586,卖盘
1133,14:11:04,17.93,0.0,1,1793,卖盘
1134,14:11:27,17.93,0.0,1,1793,卖盘
1135,14:12:06,17.93,0.0,5,8965,卖盘
1136,14:12:16,17.93,0.0,79,141647,卖盘
1137,14:13:04,17.93,0.0,7,12551,卖盘
1138,14:13:06,17.93,0.0,4,7172,卖盘
1139,14:13:18,17.93,0.0,9,16137,卖盘
1140,14:13:58,17.93,0.0,3,5379,卖盘
1141,14:14:06,17.93,0.0,1,1793,卖盘
1142,14:14:39,17.93,0.0,8,14344,卖盘
1143,14:15:04,17.93,0.0,1,1793,卖盘
1144,14:15:24,17.93,0.0,1,1793,卖盘
1145,14:15:27,17.93,0.0,10,17930,卖盘
1146,14:15:43,17.93,0.0,4,7172,卖盘
1147,14:15:57,17.93,0.0,40,71720,卖盘
1148,14:16:04,17.93,0.0,1,1793,卖盘
1149,14:16:28,17.93,0.0,10,17930,卖盘
1150,14:16:40,17.93,0.0,5,8965,卖盘
1151,14:16:48,17.93,0.0,3,5379,卖盘
1152,14:17:31,17.93,0.0,4,7172,卖盘
1153,14:17:37,17.93,0.0,10,17930,卖盘
1154,14:17:52,17.93,0.0,1,1793,卖盘
1155,14:18:52,17.93,0.0,1,1793,卖盘
1156,14:19:28,17.93,0.0,2,3586,卖盘
1157,14:19:52,17.93,0.0,1,1793,卖盘
1158,14:20:31,17.93,0.0,1,1793,卖盘
1159,14:20:39,17.93,0.0,4,7172,卖盘
1160,14:20:52,17.93,0.0,1,1793,卖盘
1161,14:20:57,17.93,0.0,1,1793,卖盘
1162,14:21:18,17.93,0.0,1,1793,卖盘
1163,14:21:24,17.93,0.0,3,5379,卖盘
1164,14:21:52,17.93,0.0,1,1793,卖盘
1165,14:22:37,17.93,0.0,2,3586,卖盘
1166,14:22:51,17.93,0.0,1,1793,卖盘
1167,14:23:16,17.93,0.0,3,5379,卖盘
1168,14:23:46,17.93,0.0,7,12551,卖盘
1169,14:24:28,17.93,0.0,5,8965,卖盘
1170,14:24:49,17.93,0.0,7,12551,卖盘
1171,14:25:00,17.93,0.0,3,5379,卖盘
1172,14:25:04,17.93,0.0,7,12551,卖盘
1173,14:25:09,17.93,0.0,4,7172,卖盘
1174,14:25:19,17.93,0.0,10,17930,卖盘
1175,14:25:24,17.93,0.0,4,7172,卖盘
1176,14:25:57,17.93,0.0,22,39446,卖盘
1177,14:26:16,17.93,0.0,1,1793,卖盘
1178,14:26:22,17.93,0.0,1,1793,卖盘
1179,14:26:42,17.93,0.0,1,1793,卖盘
1180,14:27:18,17.93,0.0,175,313775,卖盘
1181,14:28:49,17.93,0.0,1,1793,卖盘
1182,14:28:52,17.93,0.0,1,1793,卖盘
1183,14:29:13,17.93,0.0,10,17930,卖盘
1184,14:29:19,17.93,0.0,1,1793,卖盘
1185,14:30:13,17.93,0.0,3,5379,卖盘
1186,14:30:16,17.93,0.0,3,5379,卖盘
1187,14:30:55,17.93,0.0,4,7172,卖盘
1188,14:31:07,17.93,0.0,2,3586,卖盘
1189,14:31:49,17.93,0.0,25,44825,卖盘
1190,14:32:06,17.93,0.0,10,17930,卖盘
1191,14:33:58,17.93,0.0,5,8965,卖盘
1192,14:36:12,17.93,0.0,5,8965,卖盘
1193,14:36:31,17.93,0.0,5,8965,卖盘
1194,14:38:04,17.93,0.0,12,21516,卖盘
1195,14:39:07,17.93,0.0,6,10758,卖盘
1196,14:40:13,17.93,0.0,4,7172,卖盘
1197,14:40:54,17.93,0.0,3,5379,卖盘
1198,14:41:12,17.93,0.0,2,3586,卖盘
1199,14:41:28,17.93,0.0,3,5379,卖盘
1200,14:42:46,17.93,0.0,3,5379,卖盘
1201,14:42:51,17.93,0.0,2,3586,卖盘
1202,14:43:00,17.93,0.0,24,43032,卖盘
1203,14:43:19,17.93,0.0,3,5379,卖盘
1204,14:43:37,17.93,0.0,2,3586,卖盘
1205,14:43:49,17.93,0.0,1,1793,卖盘
1206,14:43:52,17.93,0.0,2,3586,卖盘
1207,14:44:06,17.93,0.0,1,1793,卖盘
1208,14:44:12,17.93,0.0,2,3586,卖盘
1209,14:44:40,17.93,0.0,3,5379,卖盘
1210,14:45:04,17.93,0.0,10,17930,卖盘
1211,14:45:07,17.93,0.0,4,7172,卖盘
1212,14:46:01,17.93,0.0,1,1793,卖盘
1213,14:46:19,17.93,0.0,10,17930,卖盘
1214,14:46:22,17.93,0.0,90,161370,卖盘
1215,14:46:49,17.93,0.0,3,5379,卖盘
1216,14:47:30,17.93,0.0,1,1793,卖盘
1217,14:47:39,17.93,0.0,50,89650,卖盘
1218,14:47:58,17.93,0.0,4,7172,卖盘
1219,14:48:52,17.93,0.0,5,8965,卖盘
1220,14:49:04,17.93,0.0,2,3586,卖盘
1221,14:49:13,17.93,0.0,5,8965,卖盘
1222,14:49:15,17.93,0.0,10,17930,卖盘
1223,14:49:18,17.93,0.0,1,1793,卖盘
1224,14:49:25,17.93,0.0,8,14344,卖盘
1225,14:49:37,17.93,0.0,5,8965,卖盘
1226,14:49:46,17.93,0.0,4,7172,卖盘
1227,14:49:54,17.93,0.0,5,8965,卖盘
1228,14:50:00,17.93,0.0,1,1793,卖盘
1229,14:50:06,17.93,0.0,2,3586,卖盘
1230,14:50:16,17.93,0.0,6,10758,卖盘
1231,14:50:25,17.93,0.0,1,1793,卖盘
1232,14:50:27,17.93,0.0,10,17930,卖盘
1233,14:50:37,17.93,0.0,10,17930,卖盘
1234,14:50:51,17.93,0.0,4,7172,卖盘
1235,14:50:58,17.93,0.0,1,1793,卖盘
1236,14:51:01,17.93,0.0,1,1793,卖盘
1237,14:51:16,17.93,0.0,2,3586,卖盘
1238,14:51:28,17.93,0.0,20,35860,卖盘
1239,14:51:45,17.93,0.0,5,8965,卖盘
1240,14:51:55,17.93,0.0,2,3586,卖盘
1241,14:52:01,17.93,0.0,7,12551,卖盘
1242,14:52:13,17.93,0.0,14,25102,卖盘
1243,14:52:16,17.93,0.0,1,1793,卖盘
1244,14:52:28,17.93,0.0,5,8965,卖盘
1245,14:52:31,17.93,0.0,8,14344,卖盘
1246,14:53:25,17.93,0.0,7,12551,卖盘
1247,14:53:28,17.93,0.0,3,5379,卖盘
1248,14:53:31,17.93,0.0,7,12551,卖盘
1249,14:53:48,17.93,0.0,5,8965,卖盘
1250,14:54:19,17.93,0.0,2,3586,卖盘
1251,14:54:25,17.93,0.0,39,69927,卖盘
1252,14:54:33,17.93,0.0,3,5379,卖盘
1253,14:54:58,17.93,0.0,10,17930,卖盘
1254,14:55:25,17.93,0.0,30,53790,卖盘
1255,14:55:28,17.93,0.0,6,10758,卖盘
1256,14:56:13,17.93,0.0,13,23309,卖盘
1257,14:56:28,17.93,0.0,3,5379,卖盘
1258,14:56:31,17.93,0.0,15,26895,卖盘
1259,14:56:37,17.93,0.0,9,16137,卖盘
1260,14:56:46,17.93,0.0,5,8965,卖盘
1261,14:56:49,17.93,0.0,10,17930,卖盘
1262,14:57:01,17.93,0.0,10,17930,卖盘
1263,15:00:04,17.93,0.0,98,175714,卖盘
