,time,price,change,volume,amount,type
0,09:25:04,34.45,0.31,46,158470,卖盘
1,09:30:04,34.45,0.0,15,51719,卖盘
2,09:30:07,34.55,0.1,48,165682,买盘
3,09:30:10,34.51,-0.04,1,3451,中性盘
4,09:30:13,34.56,0.05,13,44919,买盘
5,09:30:19,34.56,0.0,1,3456,买盘
6,09:30:22,34.56,0.0,9,31104,买盘
7,09:30:25,34.63,0.07,1,3463,买盘
8,09:30:31,34.56,-0.07,3,10368,卖盘
9,09:30:34,34.62,0.06,6,20772,买盘
10,09:30:43,34.62,0.0,1,3462,买盘
11,09:30:46,34.62,0.0,7,24234,买盘
12,09:30:58,34.62,0.0,2,6924,卖盘
13,09:31:01,34.63,0.01,9,31162,买盘
14,09:31:04,34.63,0.0,1,3463,买盘
15,09:31:07,34.62,-0.01,5,17311,卖盘
16,09:31:13,34.62,0.0,1,3462,买盘
17,09:31:22,34.62,0.0,8,27696,买盘
18,09:31:25,34.6,-0.02,1,3460,中性盘
19,09:31:28,34.6,0.0,1,3460,买盘
20,09:31:31,34.51,-0.09,9,31059,卖盘
21,09:31:34,34.6,0.09,2,6920,买盘
22,09:31:37,34.49,-0.11,2,6898,卖盘
23,09:31:43,34.49,0.0,4,13796,买盘
24,09:31:49,34.49,0.0,5,17245,卖盘
25,09:31:52,34.48,-0.01,3,10345,卖盘
26,09:31:55,34.49,0.01,2,6898,买盘
27,09:31:58,34.48,-0.01,24,85959,卖盘
28,09:32:01,34.48,0.0,33,110584,卖盘
29,09:32:04,34.48,0.0,4,13792,买盘
30,09:32:07,34.48,0.0,1,3448,买盘
31,09:32:10,34.48,0.0,2,6896,买盘
32,09:32:13,34.46,-0.02,6,20676,卖盘
33,09:32:16,34.46,0.0,9,31026,卖盘
34,09:32:19,34.46,0.0,1,3446,卖盘
35,09:32:25,34.46,0.0,4,13784,卖盘
36,09:32:31,34.45,-0.01,2,6890,卖盘
37,09:32:34,34.45,0.0,4,13780,卖盘
38,09:32:49,34.41,-0.04,2,6882,卖盘
39,09:33:01,34.43,0.02,3,10329,买盘
40,09:33:04,34.43,0.0,1,3443,买盘
41,09:33:10,34.43,0.0,11,37868,买盘
42,09:33:19,34.45,0.02,1,3445,买盘
43,09:33:25,34.45,0.0,3,10335,买盘
44,09:33:52,34.43,-0.02,2,6886,卖盘
45,09:34:07,34.43,0.0,13,44759,卖盘
46,09:34:10,34.43,0.0,10,34430,卖盘
47,09:34:13,34.43,0.0,4,13772,卖盘
48,09:34:16,34.43,0.0,14,48222,卖盘
49,09:34:19,34.43,0.0,3,10329,卖盘
50,09:34:22,34.43,0.0,3,10329,卖盘
51,09:34:25,34.42,-0.01,4,13768,卖盘
52,09:34:28,34.42,0.0,1,3442,卖盘
53,09:34:55,34.41,-0.01,9,30969,卖盘
54,09:34:58,34.42,0.01,2,6884,买盘
55,09:35:01,34.42,0.0,3,10326,卖盘
56,09:35:19,34.42,0.0,10,34422,卖盘
57,09:35:40,34.42,0.0,1,3442,卖盘
58,09:36:19,34.42,0.0,1,3442,卖盘
59,09:36:55,34.44,0.02,1,3444,买盘
60,09:37:07,34.4,-0.04,19,65382,卖盘
61,09:37:19,34.4,0.0,15,51600,卖盘
62,09:37:22,34.39,-0.01,1,3439,买盘
63,09:37:28,34.39,0.0,3,10317,买盘
64,09:37:43,34.4,0.01,5,17200,买盘
65,09:37:55,34.4,0.0,2,6880,卖盘
66,09:38:31,34.38,-0.02,26,89400,卖盘
67,09:38:37,34.38,0.0,5,17190,卖盘
68,09:39:10,34.36,-0.02,6,20616,卖盘
69,09:39:37,34.37,0.01,3,10311,买盘
70,09:39:49,34.37,0.0,3,10311,卖盘
71,09:40:34,34.38,0.01,5,17190,买盘
72,09:40:37,34.38,0.0,1,3438,买盘
73,09:41:04,34.38,0.0,3,10314,卖盘
74,09:41:22,34.38,0.0,6,20628,买盘
75,09:41:34,34.36,-0.02,5,17180,卖盘
76,09:42:04,34.4,0.04,13,44702,买盘
77,09:42:22,34.4,0.0,3,10320,卖盘
78,09:42:28,34.4,0.0,1,3440,卖盘
79,09:42:34,34.4,0.0,1,3440,卖盘
80,09:42:37,34.42,0.02,5,17206,买盘
81,09:42:40,34.4,-0.02,2,6880,卖盘
82,09:42:46,34.4,0.0,1,3440,卖盘
83,09:42:49,34.4,0.0,1,3440,卖盘
84,09:42:52,34.4,0.0,1,3440,卖盘
85,09:42:55,34.4,0.0,5,17200,卖盘
86,09:42:58,34.4,0.0,1,3440,卖盘
87,09:44:25,34.31,-0.09,3,10293,卖盘
88,09:44:43,34.31,0.0,1,3431,卖盘
89,09:45:07,34.31,0.0,1,3431,卖盘
90,09:45:13,34.31,0.0,4,13724,卖盘
91,09:45:28,34.31,0.0,2,6862,卖盘
92,09:45:37,34.3,-0.01,1,3430,买盘
93,09:45:43,34.3,0.0,2,6860,买盘
94,09:45:55,34.3,0.0,3,10290,买盘
95,09:46:01,34.3,0.0,3,10290,卖盘
96,09:46:07,34.37,0.07,31,106542,买盘
97,09:47:28,34.32,-0.05,1,3432,卖盘
98,09:48:40,34.34,0.02,3,10302,卖盘
99,09:48:49,34.33,-0.01,4,13732,买盘
100,09:49:13,34.32,-0.01,6,20592,卖盘
101,09:49:37,34.33,0.01,37,126997,买盘
102,09:49:40,34.33,0.0,1,3433,买盘
103,09:50:25,34.33,0.0,1,3433,买盘
104,09:50:31,34.33,0.0,1,3433,买盘
105,09:50:34,34.34,0.01,9,30904,买盘
106,09:50:58,34.37,0.03,1,3437,买盘
107,09:51:34,34.35,-0.02,2,6870,卖盘
108,09:51:37,34.37,0.02,1,3437,买盘
109,09:51:52,34.35,-0.02,1,3435,卖盘
110,09:52:10,34.34,-0.01,6,20604,卖盘
111,09:53:40,34.32,-0.02,3,10296,卖盘
112,09:54:25,34.32,0.0,8,27456,卖盘
113,09:54:46,34.32,0.0,1,3432,卖盘
114,09:54:49,34.32,0.0,2,6864,买盘
115,09:55:10,34.3,-0.02,17,58315,卖盘
116,09:55:52,34.24,-0.06,2,6848,卖盘
117,09:55:55,34.24,0.0,30,102720,买盘
118,09:56:19,34.25,0.01,5,17125,卖盘
119,09:56:31,34.3,0.05,1,3430,买盘
120,09:56:43,34.3,0.0,1,3430,买盘
121,09:57:25,34.3,0.0,1,3430,买盘
122,09:58:01,34.27,-0.03,1,3427,卖盘
123,09:58:42,34.33,0.06,35,120150,买盘
124,09:58:46,34.33,0.0,11,37763,卖盘
125,09:59:01,34.35,0.02,19,65265,买盘
126,09:59:16,34.38,0.03,5,17187,买盘
127,10:00:07,34.33,-0.05,45,154553,卖盘
128,10:00:34,34.36,0.03,11,37796,卖盘
129,10:00:49,34.36,0.0,12,41232,卖盘
130,10:00:52,34.36,0.0,2,6872,卖盘
131,10:01:04,34.33,-0.03,5,17165,卖盘
132,10:01:19,34.36,0.03,1,3436,卖盘
133,10:01:28,34.3,-0.06,4,13720,卖盘
134,10:02:30,34.28,-0.02,4,13713,卖盘
135,10:03:30,34.28,0.0,1,3428,卖盘
136,10:03:52,34.28,0.0,9,30852,买盘
137,10:03:58,34.24,-0.04,27,92448,卖盘
138,10:04:07,34.28,0.04,1,3428,买盘
139,10:04:13,34.39,0.11,2,6878,买盘
140,10:04:25,34.25,-0.14,3,10281,卖盘
141,10:04:46,34.25,0.0,3,10275,买盘
142,10:05:01,34.16,-0.09,30,102509,卖盘
143,10:05:10,34.25,0.09,10,34250,买盘
144,10:05:25,34.14,-0.11,63,215115,卖盘
145,10:05:37,34.14,0.0,10,34140,买盘
146,10:05:40,34.14,0.0,1,3414,买盘
147,10:05:43,34.14,0.0,3,10242,买盘
148,10:06:21,34.12,-0.02,29,99052,卖盘
149,10:06:43,34.13,0.01,10,34136,中性盘
150,10:07:09,34.13,0.0,21,71681,卖盘
151,10:09:01,34.22,0.09,1,3422,卖盘
152,10:09:04,34.24,0.02,3,10272,买盘
153,10:09:37,34.22,-0.02,5,17110,卖盘
154,10:10:07,34.22,0.0,1,3422,买盘
155,10:10:19,34.22,0.0,1,3422,买盘
156,10:10:22,34.21,-0.01,6,20526,卖盘
157,10:10:31,34.22,0.01,4,13688,买盘
158,10:10:46,34.24,0.02,11,37644,买盘
159,10:11:00,34.24,0.0,13,44505,买盘
160,10:11:34,34.25,0.01,2,6850,买盘
161,10:11:36,34.25,0.0,1,3425,买盘
162,10:11:52,34.25,0.0,2,6850,买盘
163,10:12:07,34.25,0.0,1,3425,买盘
164,10:12:16,34.25,0.0,5,17125,买盘
165,10:13:04,34.25,0.0,2,6850,买盘
166,10:13:18,34.36,0.11,1,3436,买盘
167,10:13:58,34.36,0.0,3,10308,买盘
168,10:14:07,34.36,0.0,1,3436,买盘
169,10:15:07,34.36,0.0,1,3436,中性盘
170,10:15:09,34.3,-0.06,2,6860,中性盘
171,10:15:25,34.25,-0.05,9,30825,卖盘
172,10:15:37,34.22,-0.03,2,6844,卖盘
173,10:15:49,34.22,0.0,1,3422,卖盘
174,10:16:52,34.24,0.02,1,3424,卖盘
175,10:17:09,34.22,-0.02,5,17113,卖盘
176,10:18:28,34.34,0.12,18,61668,买盘
177,10:19:04,34.25,-0.09,13,44525,卖盘
178,10:19:07,34.32,0.07,1,3432,买盘
179,10:19:10,34.21,-0.11,1,3421,卖盘
180,10:19:55,34.32,0.11,29,99523,买盘
181,10:20:42,34.33,0.01,2,6866,买盘
182,10:21:06,34.3,-0.03,1,3430,买盘
183,10:21:52,34.3,0.0,2,6860,买盘
184,10:22:06,34.3,0.0,1,3430,买盘
185,10:23:10,34.21,-0.09,3,10263,卖盘
186,10:23:46,34.21,0.0,6,20526,卖盘
187,10:24:13,34.21,0.0,18,61579,卖盘
188,10:24:19,34.28,0.07,1,3428,买盘
189,10:25:04,34.21,-0.07,3,10263,卖盘
190,10:26:43,34.2,-0.01,2,6841,卖盘
191,10:29:52,34.28,0.08,2,6856,买盘
192,10:30:04,34.28,0.0,1,3428,买盘
193,10:30:19,34.28,0.0,1,3428,买盘
194,10:30:39,34.28,0.0,5,17140,买盘
195,10:30:52,34.3,0.02,11,37720,买盘
196,10:31:04,34.3,0.0,2,6860,卖盘
197,10:31:07,34.3,0.0,2,6860,卖盘
198,10:31:09,34.29,-0.01,1,3429,中性盘
199,10:31:13,34.3,0.01,3,10290,买盘
200,10:31:28,34.3,0.0,1,3430,买盘
201,10:31:46,34.3,0.0,4,13720,买盘
202,10:31:52,34.3,0.0,10,34300,卖盘
203,10:32:07,34.3,0.0,2,6860,买盘
204,10:33:04,34.25,-0.05,7,23975,买盘
205,10:33:07,34.27,0.02,1,3427,买盘
206,10:33:19,34.23,-0.04,3,10273,卖盘
207,10:33:46,34.23,0.0,12,41076,买盘
208,10:33:52,34.23,0.0,2,6846,买盘
209,10:34:49,34.29,0.06,1,3429,买盘
210,10:35:06,34.29,0.0,1,3429,买盘
211,10:35:45,34.29,0.0,6,20574,买盘
212,10:37:06,34.29,0.0,1,3429,买盘
213,10:37:42,34.29,0.0,1,3429,买盘
214,10:38:06,34.28,-0.01,1,3428,买盘
215,10:38:15,34.28,0.0,1,3428,买盘
216,10:38:19,34.29,0.01,10,34290,买盘
217,10:38:22,34.32,0.03,2,6864,买盘
218,10:38:25,34.32,0.0,3,10296,买盘
219,10:38:28,34.33,0.01,3,10299,买盘
220,10:38:34,34.35,0.02,5,17172,买盘
221,10:38:37,34.35,0.0,1,3435,买盘
222,10:38:40,34.32,-0.03,4,13733,卖盘
223,10:38:43,34.32,0.0,7,24024,买盘
224,10:38:46,34.35,0.03,3,10305,买盘
225,10:38:48,34.35,0.0,3,10305,买盘
226,10:38:51,34.37,0.02,1,3437,买盘
227,10:38:55,34.37,0.0,1,3437,买盘
228,10:38:58,34.32,-0.05,18,61803,卖盘
229,10:39:01,34.32,0.0,7,24024,买盘
230,10:39:07,34.32,0.0,7,24024,买盘
231,10:39:19,34.32,0.0,4,13728,买盘
232,10:39:52,34.3,-0.02,1,3430,卖盘
233,10:39:58,34.29,-0.01,2,6858,卖盘
234,10:40:01,34.29,0.0,1,3429,卖盘
235,10:40:04,34.29,0.0,1,3429,卖盘
236,10:40:07,34.29,0.0,1,3429,买盘
237,10:42:46,34.29,0.0,5,17145,卖盘
238,10:43:12,34.29,0.0,5,17145,卖盘
239,10:43:19,34.29,0.0,2,6858,卖盘
240,10:43:25,34.29,0.0,4,13716,卖盘
241,10:44:01,34.24,-0.05,3,10272,卖盘
242,10:44:12,34.24,0.0,1,3424,卖盘
243,10:44:31,34.24,0.0,3,10272,买盘
244,10:45:25,34.23,-0.01,2,6846,卖盘
245,10:45:31,34.23,0.0,1,3423,卖盘
246,10:47:24,34.23,0.0,2,6846,卖盘
247,10:47:46,34.21,-0.02,2,6842,卖盘
248,10:48:21,34.2,-0.01,5,17100,卖盘
249,10:49:07,34.2,0.0,1,3420,买盘
250,10:49:55,34.19,-0.01,1,3419,卖盘
251,10:51:07,34.19,0.0,5,17095,卖盘
252,10:51:09,34.14,-0.05,39,133155,卖盘
253,10:52:06,34.14,0.0,1,3414,买盘
254,10:52:16,34.07,-0.07,8,27256,卖盘
255,10:53:16,34.07,0.0,10,34086,卖盘
256,10:54:18,34.07,0.0,5,17035,卖盘
257,10:54:40,34.13,0.06,4,13652,买盘
258,10:55:49,34.13,0.0,4,13652,买盘
259,10:56:06,34.13,0.0,1,3413,中性盘
260,10:57:57,34.14,0.01,1,3414,买盘
261,10:58:06,34.14,0.0,3,10242,买盘
262,10:59:58,34.08,-0.06,18,61357,卖盘
263,11:00:46,34.14,0.06,1,3414,买盘
264,11:01:13,34.07,-0.07,2,6814,卖盘
265,11:01:19,34.07,0.0,15,51105,卖盘
266,11:02:04,34.13,0.06,1,3413,买盘
267,11:03:43,34.13,0.0,33,112629,买盘
268,11:05:10,34.09,-0.04,6,20454,卖盘
269,11:05:19,34.09,0.0,2,6818,买盘
270,11:06:52,34.09,0.0,1,3409,卖盘
271,11:07:06,34.13,0.04,1,3413,买盘
272,11:07:13,34.14,0.01,5,17070,买盘
273,11:09:07,34.14,0.0,6,20484,卖盘
274,11:09:13,34.14,0.0,1,3414,卖盘
275,11:09:43,34.14,0.0,1,3414,卖盘
276,11:10:06,34.14,0.0,4,13656,买盘
277,11:13:25,34.14,0.0,1,3414,买盘
278,11:14:40,34.14,0.0,1,3414,买盘
279,11:16:52,34.12,-0.02,1,3412,卖盘
280,11:17:07,34.14,0.02,10,34140,买盘
281,11:17:48,34.14,0.0,1,3414,买盘
282,11:17:51,34.12,-0.02,1,3412,卖盘
283,11:19:40,34.14,0.02,2,6828,买盘
284,11:21:13,34.17,0.03,1,3417,买盘
285,11:22:04,34.16,-0.01,1,3416,买盘
286,11:22:34,34.17,0.01,2,6834,买盘
287,11:24:31,34.13,-0.04,5,17065,卖盘
288,11:24:54,34.13,0.0,5,17065,买盘
289,11:26:04,34.1,-0.03,7,23879,卖盘
290,11:26:19,34.1,0.0,3,10230,买盘
291,11:26:27,34.16,0.06,1,3416,买盘
292,11:29:22,34.13,-0.03,2,6824,买盘
293,11:29:27,34.13,0.0,1,3413,卖盘
294,11:29:34,34.13,0.0,1,3413,卖盘
295,11:29:39,34.13,0.0,1,3413,卖盘
296,11:29:46,34.13,0.0,1,3413,卖盘
297,13:00:07,34.14,0.01,10,34132,中性盘
298,13:00:46,34.16,0.02,1,3416,买盘
299,13:01:52,34.13,-0.03,1,3413,卖盘
300,13:01:55,34.14,0.01,1,3414,卖盘
301,13:01:57,34.13,-0.01,4,13652,卖盘
302,13:02:00,34.13,0.0,2,6826,卖盘
303,13:02:04,34.13,0.0,1,3413,卖盘
304,13:02:07,34.11,-0.02,1,3411,卖盘
305,13:02:10,34.11,0.0,1,3411,卖盘
306,13:02:12,34.11,0.0,1,3411,卖盘
307,13:02:21,34.09,-0.02,1,3409,卖盘
308,13:02:28,34.09,0.0,1,3409,卖盘
309,13:02:34,34.09,0.0,1,3409,卖盘
310,13:03:49,34.1,0.01,1,3410,卖盘
311,13:03:54,34.09,-0.01,1,3409,卖盘
312,13:07:00,34.09,0.0,2,6818,卖盘
313,13:07:04,34.06,-0.03,23,78364,卖盘
314,13:07:51,34.06,0.0,2,6812,买盘
315,13:10:15,34.06,0.0,1,3406,卖盘
316,13:11:31,33.97,-0.09,72,244680,卖盘
317,13:11:37,34.09,0.12,4,13589,买盘
318,13:14:57,34.0,-0.09,3,10200,卖盘
319,13:15:24,34.0,0.0,12,40800,卖盘
320,13:15:30,33.99,-0.01,1,3399,卖盘
321,13:16:37,33.99,0.0,4,13596,卖盘
322,13:18:16,33.94,-0.05,5,16970,卖盘
323,13:19:37,33.94,0.0,1,3394,卖盘
324,13:19:42,33.94,0.0,1,3394,买盘
325,13:22:01,33.94,0.0,4,13576,卖盘
326,13:22:10,33.94,0.0,5,16970,卖盘
327,13:23:04,33.95,0.01,1,3395,买盘
328,13:23:07,33.95,0.0,3,10185,卖盘
329,13:24:07,34.0,0.05,71,241381,买盘
330,13:24:10,34.0,0.0,4,13600,买盘
331,13:24:16,34.1,0.1,1,3410,买盘
332,13:24:30,33.95,-0.15,20,67911,卖盘
333,13:24:33,33.95,0.0,2,6790,买盘
334,13:25:22,34.1,0.15,1,3410,买盘
335,13:25:36,34.14,0.04,1,3414,买盘
336,13:26:31,34.09,-0.05,1,3409,买盘
337,13:26:39,34.09,0.0,1,3409,卖盘
338,13:26:46,34.1,0.01,1,3410,中性盘
339,13:26:48,34.09,-0.01,1,3409,卖盘
340,13:26:52,34.09,0.0,3,10227,卖盘
341,13:26:55,34.09,0.0,1,3409,卖盘
342,13:26:58,34.09,0.0,1,3409,卖盘
343,13:27:28,34.14,0.05,1,3414,买盘
344,13:27:37,33.95,-0.19,1,6552,卖盘
345,13:27:48,34.14,0.19,14,47791,买盘
346,13:30:37,34.14,0.0,5,17070,买盘
347,13:31:10,33.96,-0.18,16,54336,卖盘
348,13:31:28,33.95,-0.01,5,16975,卖盘
349,13:32:04,34.13,0.18,6,20478,买盘
350,13:32:55,34.13,0.0,1,3413,买盘
351,13:33:01,34.14,0.01,2,6828,买盘
352,13:33:10,34.12,-0.02,3,10236,中性盘
353,13:34:25,34.11,-0.01,2,6822,买盘
354,13:36:21,34.0,-0.11,3,10200,卖盘
355,13:37:06,33.99,-0.01,4,13597,卖盘
356,13:37:16,33.99,0.0,2,6798,买盘
357,13:37:43,33.98,-0.01,1,3398,卖盘
358,13:37:58,33.98,0.0,2,6796,卖盘
359,13:38:22,33.95,-0.03,39,129259,卖盘
360,13:38:40,33.94,-0.01,2,6789,卖盘
361,13:38:45,33.95,0.01,2,6790,买盘
362,13:39:43,33.95,0.0,10,37107,买盘
363,13:40:34,33.98,0.03,3,10194,买盘
364,13:41:01,33.98,0.0,2,6796,买盘
365,13:41:13,33.95,-0.03,15,47768,卖盘
366,13:41:52,33.94,-0.01,8,27152,卖盘
367,13:41:55,33.94,0.0,2,6788,买盘
368,13:42:01,33.94,0.0,5,16970,买盘
369,13:42:04,33.93,-0.01,16,54289,卖盘
370,13:42:28,33.93,0.0,5,16965,买盘
371,13:42:37,33.93,0.0,3,10179,买盘
372,13:42:40,33.93,0.0,5,16965,买盘
373,13:42:43,33.93,0.0,10,33930,买盘
374,13:42:58,33.93,0.0,7,23751,买盘
375,13:43:10,33.93,0.0,1,3393,买盘
376,13:43:15,33.92,-0.01,1,3392,卖盘
377,13:44:01,33.92,0.0,1,3392,买盘
378,13:44:16,33.92,0.0,1,3392,买盘
379,13:44:25,33.92,0.0,2,6784,买盘
380,13:45:10,33.92,0.0,1,3392,卖盘
381,13:45:13,33.92,0.0,1,3392,卖盘
382,13:45:16,33.92,0.0,1,3392,卖盘
383,13:45:19,33.92,0.0,1,3392,卖盘
384,13:46:04,33.91,-0.01,13,44084,卖盘
385,13:46:10,33.9,-0.01,10,33900,卖盘
386,13:46:13,33.9,0.0,3,10170,卖盘
387,13:46:15,33.9,0.0,5,16950,卖盘
388,13:46:18,33.89,-0.01,6,20338,卖盘
389,13:46:21,33.89,0.0,7,23723,卖盘
390,13:46:25,33.88,-0.01,4,13554,卖盘
391,13:46:52,33.88,0.0,14,47437,卖盘
392,13:47:06,33.88,0.0,43,145684,卖盘
393,13:48:04,33.8,-0.08,25,84567,卖盘
394,13:48:24,33.8,0.0,5,16900,买盘
395,13:48:27,33.78,-0.02,2,6756,卖盘
396,13:48:30,33.78,0.0,5,16890,买盘
397,13:49:31,33.78,0.0,3,10134,买盘
398,13:49:40,33.78,0.0,6,20268,买盘
399,13:49:55,33.73,-0.05,6,20241,卖盘
400,13:50:04,33.73,0.0,3,10119,买盘
401,13:50:07,33.73,0.0,1,3373,买盘
402,13:50:10,33.72,-0.01,2,6744,卖盘
403,13:50:28,33.73,0.01,18,60717,卖盘
404,13:50:30,33.77,0.04,2,6754,买盘
405,13:51:25,33.8,0.03,5,16900,买盘
406,13:51:34,33.8,0.0,1,3380,买盘
407,13:51:46,33.8,0.0,10,33800,买盘
408,13:51:48,33.8,0.0,4,13520,买盘
409,13:53:16,33.78,-0.02,3,10136,卖盘
410,13:53:49,33.78,0.0,4,13512,买盘
411,13:55:10,33.81,0.03,1,3381,卖盘
412,13:55:48,33.78,-0.03,151,510145,卖盘
413,13:55:55,33.78,0.0,37,124986,买盘
414,13:56:04,33.78,0.0,74,249972,买盘
415,13:56:12,33.77,-0.01,2,6754,中性盘
416,13:56:55,33.76,-0.01,23,77648,卖盘
417,13:57:13,33.75,-0.01,3,10125,卖盘
418,13:58:01,33.72,-0.03,2,6745,卖盘
419,13:58:37,33.72,0.0,7,23604,卖盘
420,13:58:52,33.71,-0.01,5,16855,卖盘
421,13:59:06,33.7,-0.01,15,50552,卖盘
422,13:59:16,33.7,0.0,1,3370,买盘
423,13:59:19,33.68,-0.02,5,16843,卖盘
424,13:59:28,33.68,0.0,7,23586,卖盘
425,13:59:37,33.66,-0.02,40,134688,卖盘
426,13:59:55,33.62,-0.04,3,10086,卖盘
427,13:59:58,33.65,0.03,6,20190,买盘
428,14:00:07,33.62,-0.03,5,16810,卖盘
429,14:00:16,33.62,0.0,1,3362,买盘
430,14:00:22,33.62,0.0,23,77317,买盘
431,14:00:25,33.6,-0.02,31,104168,卖盘
432,14:00:55,33.65,0.05,4,13460,买盘
433,14:01:01,33.62,-0.03,2,6724,卖盘
434,14:01:19,33.62,0.0,14,47068,卖盘
435,14:02:46,33.62,0.0,9,30258,卖盘
436,14:02:49,33.62,0.0,3,10086,买盘
437,14:02:58,33.62,0.0,3,10086,买盘
438,14:03:04,33.61,-0.01,5,16806,卖盘
439,14:03:28,33.61,0.0,15,50421,卖盘
440,14:03:52,33.63,0.02,3,10089,卖盘
441,14:04:00,33.62,-0.01,6,20172,卖盘
442,14:04:04,33.62,0.0,5,16810,买盘
443,14:04:13,33.61,-0.01,13,43693,卖盘
444,14:04:28,33.62,0.01,14,47068,买盘
445,14:04:34,33.67,0.05,1,3367,中性盘
446,14:04:40,33.68,0.01,3,10104,买盘
447,14:04:46,33.67,-0.01,1,3367,卖盘
448,14:04:55,33.67,0.0,2,6734,买盘
449,14:05:09,33.67,0.0,1,3367,买盘
450,14:05:16,33.68,0.01,5,16837,买盘
451,14:05:22,33.68,0.0,1,3368,买盘
452,14:05:37,33.62,-0.06,10,33621,卖盘
453,14:05:40,33.68,0.06,1,3368,买盘
454,14:05:43,33.68,0.0,3,10104,买盘
455,14:05:46,33.76,0.08,30,101250,买盘
456,14:05:58,33.76,0.0,3,10128,买盘
457,14:06:04,33.76,0.0,9,30384,买盘
458,14:06:10,33.78,0.02,8,27024,买盘
459,14:06:19,33.78,0.0,15,50670,买盘
460,14:06:22,33.78,0.0,2,6756,买盘
461,14:06:25,33.78,0.0,10,33780,买盘
462,14:07:36,33.78,0.0,3,10134,买盘
463,14:07:49,33.76,-0.02,1,3376,卖盘
464,14:08:46,33.76,0.0,7,23632,卖盘
465,14:09:04,33.76,0.0,10,33760,买盘
466,14:09:42,33.76,0.0,15,50640,卖盘
467,14:10:04,33.76,0.0,10,33760,卖盘
468,14:14:55,33.65,-0.11,16,53860,卖盘
469,14:16:06,33.6,-0.05,43,144610,卖盘
470,14:16:13,33.6,0.0,4,13440,买盘
471,14:16:31,33.52,-0.08,5,16760,卖盘
472,14:16:46,33.52,0.0,1,3352,卖盘
473,14:16:58,33.51,-0.01,118,395482,卖盘
474,14:17:00,33.51,0.0,3,10053,买盘
475,14:17:25,33.51,0.0,8,26808,买盘
476,14:17:33,33.5,-0.01,10,33507,卖盘
477,14:17:40,33.5,0.0,1,3350,卖盘
478,14:17:46,33.5,0.0,28,93806,卖盘
479,14:17:55,33.6,0.1,3,10080,买盘
480,14:18:13,33.6,0.0,7,23520,买盘
481,14:18:19,33.6,0.0,2,6720,买盘
482,14:18:58,33.77,0.17,1,3377,买盘
483,14:19:58,33.74,-0.03,1,3374,买盘
484,14:21:16,33.67,-0.07,1,3367,卖盘
485,14:21:31,33.65,-0.02,14,47115,卖盘
486,14:22:13,33.65,0.0,1,3365,买盘
487,14:22:25,33.65,0.0,13,43745,买盘
488,14:23:09,33.65,0.0,3,10096,卖盘
489,14:24:01,33.72,0.07,1,3372,买盘
490,14:24:54,33.67,-0.05,1,3367,卖盘
491,14:26:01,33.67,0.0,2,6734,卖盘
492,14:26:36,33.67,0.0,5,16834,买盘
493,14:27:25,33.67,0.0,1,3367,买盘
494,14:27:43,33.67,0.0,7,23569,卖盘
495,14:27:54,33.67,0.0,3,10101,卖盘
496,14:28:19,33.66,-0.01,1,3366,卖盘
497,14:29:12,33.67,0.01,1,3367,卖盘
498,14:29:46,33.67,0.0,5,16835,卖盘
499,14:29:52,33.7,0.03,5,16850,买盘
500,14:30:40,33.67,-0.03,4,13468,卖盘
501,14:30:46,33.66,-0.01,2,6733,卖盘
502,14:31:01,33.6,-0.06,12,40371,卖盘
503,14:31:13,33.52,-0.08,20,67065,卖盘
504,14:31:49,33.59,0.07,2,6718,卖盘
505,14:32:04,33.54,-0.05,4,13416,卖盘
506,14:32:55,33.53,-0.01,24,80520,卖盘
507,14:33:01,33.53,0.0,10,33530,卖盘
508,14:33:49,33.53,0.0,14,46942,卖盘
509,14:34:01,33.52,-0.01,3,10056,卖盘
510,14:34:13,33.52,0.0,2,6704,卖盘
511,14:34:16,33.5,-0.02,5,16758,卖盘
512,14:34:31,33.5,0.0,3,10050,买盘
513,14:34:40,33.47,-0.03,5,16735,卖盘
514,14:34:46,33.5,0.03,6,20085,买盘
515,14:34:49,33.5,0.0,8,26800,买盘
516,14:35:10,33.5,0.0,21,70380,卖盘
517,14:35:19,33.5,0.0,4,13400,卖盘
518,14:35:25,33.5,0.0,1,3350,买盘
519,14:35:34,33.5,0.0,5,16750,买盘
520,14:35:37,33.47,-0.03,13,43515,卖盘
521,14:36:04,33.5,0.03,1,3350,卖盘
522,14:36:28,33.56,0.06,5,16780,买盘
523,14:36:49,33.51,-0.05,1,3351,卖盘
524,14:36:52,33.56,0.05,3,10068,买盘
525,14:37:10,33.66,0.1,1,3366,买盘
526,14:37:16,33.66,0.0,3,10097,买盘
527,14:37:25,33.66,0.0,2,6732,买盘
528,14:38:01,33.66,0.0,1,3366,买盘
529,14:38:04,33.66,0.0,7,23562,买盘
530,14:38:07,33.66,0.0,3,10098,买盘
531,14:38:13,33.66,0.0,1,3366,买盘
532,14:39:07,33.74,0.08,20,67384,买盘
533,14:39:13,33.75,0.01,1,3375,买盘
534,14:39:25,33.6,-0.15,5,16800,卖盘
535,14:39:31,33.6,0.0,1,3360,买盘
536,14:39:36,33.77,0.17,19,64027,买盘
537,14:40:01,33.58,-0.19,3,10075,卖盘
538,14:40:16,33.58,0.0,1,3358,卖盘
539,14:40:55,33.57,-0.01,6,20142,卖盘
540,14:41:22,33.59,0.02,1,3359,卖盘
541,14:42:10,33.67,0.08,2,6733,买盘
542,14:42:43,33.6,-0.07,3,10080,卖盘
543,14:44:52,33.61,0.01,2,6722,卖盘
544,14:44:58,33.6,-0.01,3,10080,卖盘
545,14:46:04,33.59,-0.01,8,26872,卖盘
546,14:46:10,33.58,-0.01,1,3358,卖盘
547,14:46:37,33.58,0.0,15,50370,卖盘
548,14:46:40,33.58,0.0,1,3358,卖盘
549,14:46:58,33.58,0.0,5,16790,卖盘
550,14:47:04,33.58,0.0,20,67160,卖盘
551,14:47:10,33.58,0.0,15,50371,卖盘
552,14:47:31,33.58,0.0,44,147752,卖盘
553,14:48:04,33.51,-0.07,1,3351,卖盘
554,14:48:25,33.52,0.01,6,20112,卖盘
555,14:48:34,33.51,-0.01,100,335107,卖盘
556,14:48:52,33.51,0.0,8,26808,卖盘
557,14:48:58,33.51,0.0,7,23457,卖盘
558,14:49:10,33.51,0.0,40,134040,卖盘
559,14:49:16,33.5,-0.01,4,13400,卖盘
560,14:49:19,33.5,0.0,3,10050,卖盘
561,14:49:22,33.5,0.0,3,10050,卖盘
562,14:49:25,33.5,0.0,1,3350,卖盘
563,14:49:28,33.5,0.0,1,3350,卖盘
564,14:49:34,33.5,0.0,8,26800,卖盘
565,14:49:46,33.49,-0.01,1,3349,卖盘
566,14:49:52,33.5,0.01,26,87100,买盘
567,14:49:58,33.49,-0.01,1,3349,卖盘
568,14:50:28,33.5,0.01,8,26800,买盘
569,14:50:31,33.5,0.0,13,43550,买盘
570,14:50:49,33.49,-0.01,3,10047,买盘
571,14:51:43,33.53,0.04,10,33530,买盘
572,14:51:55,33.49,-0.04,13,43539,卖盘
573,14:52:16,33.5,0.01,2,6700,卖盘
574,14:52:34,33.5,0.0,36,120600,买盘
575,14:52:46,33.49,-0.01,5,16745,卖盘
576,14:53:01,33.49,0.0,5,16745,买盘
577,14:53:13,33.46,-0.03,1,3346,卖盘
578,14:53:25,33.44,-0.02,5,16722,卖盘
579,14:53:55,33.42,-0.02,1,3342,卖盘
580,14:53:58,33.42,0.0,2,6684,买盘
581,14:54:04,33.43,0.01,1,3343,卖盘
582,14:54:13,33.41,-0.02,5,16705,卖盘
583,14:54:22,33.42,0.01,1,3342,买盘
584,14:54:31,33.41,-0.01,5,16705,卖盘
585,14:54:43,33.41,0.0,9,30069,卖盘
586,14:54:46,33.41,0.0,2,6682,卖盘
587,14:55:13,33.33,-0.08,31,103358,卖盘
588,14:55:34,33.32,-0.01,4,13328,卖盘
589,14:55:40,33.33,0.01,66,219971,买盘
590,14:56:05,33.39,0.06,6,20034,买盘
591,14:56:10,33.34,-0.05,30,100020,卖盘
592,14:56:13,33.35,0.01,10,33350,卖盘
593,14:56:34,33.35,0.0,13,43355,卖盘
594,14:56:40,33.35,0.0,3,10005,买盘
595,14:56:43,33.33,-0.02,3,10003,卖盘
596,14:56:52,33.33,0.0,9,30001,卖盘
597,15:00:04,33.33,0.0,190,633270,卖盘
