,time,price,change,volume,amount,type
0,09:25:05,35.5,0.1,598,2122900,卖盘
1,09:30:04,35.43,-0.07,2,7086,卖盘
2,09:30:07,35.55,0.12,396,1407717,买盘
3,09:30:10,35.55,0.0,64,227520,卖盘
4,09:30:13,35.56,0.01,3,10668,中性盘
5,09:30:16,35.56,0.0,12,42662,买盘
6,09:30:19,35.55,-0.01,27,95988,卖盘
7,09:30:22,35.58,0.03,3,10671,买盘
8,09:30:25,35.57,-0.01,22,78263,买盘
9,09:30:28,35.55,-0.02,8,28440,卖盘
10,09:30:31,35.55,0.0,28,99550,卖盘
11,09:30:34,35.58,0.03,7,24894,买盘
12,09:30:37,35.57,-0.01,2,7113,中性盘
13,09:30:40,35.55,-0.02,22,78231,卖盘
14,09:30:46,35.56,0.01,7,26073,卖盘
15,09:30:49,35.6,0.04,316,1124384,买盘
16,09:30:52,35.6,0.0,26,92560,卖盘
17,09:30:55,35.6,0.0,15,53402,卖盘
18,09:30:58,35.65,0.05,13,46323,买盘
19,09:31:01,35.6,-0.05,11,39170,卖盘
20,09:31:05,35.6,0.0,1,3560,卖盘
21,09:31:10,35.65,0.05,8,28520,买盘
22,09:31:13,35.64,-0.01,10,35646,卖盘
23,09:31:16,35.64,0.0,26,92682,买盘
24,09:31:19,35.6,-0.04,30,106866,卖盘
25,09:31:22,35.65,0.05,25,89109,买盘
26,09:31:25,35.64,-0.01,14,49901,卖盘
27,09:31:28,35.64,0.0,31,110456,买盘
28,09:31:31,35.65,0.01,2,7129,买盘
29,09:31:34,35.65,0.0,2,7130,买盘
30,09:31:37,35.64,-0.01,6,21384,卖盘
31,09:31:40,35.64,0.0,6,21384,买盘
32,09:31:43,35.64,0.0,6,21385,卖盘
33,09:31:46,35.64,0.0,15,53440,买盘
34,09:31:52,35.64,0.0,24,85535,买盘
35,09:31:55,35.64,0.0,10,35640,买盘
36,09:31:58,35.61,-0.03,7,24931,卖盘
37,09:32:01,35.61,0.0,45,160245,买盘
38,09:32:04,35.6,-0.01,136,484160,卖盘
39,09:32:07,35.6,0.0,3,10680,买盘
40,09:32:10,35.6,0.0,13,46266,买盘
41,09:32:13,35.58,-0.02,12,42698,卖盘
42,09:32:19,35.55,-0.03,130,462528,卖盘
43,09:32:22,35.58,0.03,22,78238,买盘
44,09:32:25,35.6,0.02,22,78308,买盘
45,09:32:28,35.55,-0.05,8,28463,卖盘
46,09:32:31,35.58,0.03,22,78276,中性盘
47,09:32:34,35.55,-0.03,17,60435,卖盘
48,09:32:37,35.51,-0.04,3,7209,买盘
49,09:32:40,35.55,0.04,3,10653,买盘
50,09:32:43,35.55,0.0,5,17775,买盘
51,09:32:46,35.5,-0.05,20,71000,卖盘
52,09:32:52,35.55,0.05,5,17773,买盘
53,09:32:55,35.55,0.0,5,17775,买盘
54,09:32:58,35.51,-0.04,14,49716,卖盘
55,09:33:01,35.53,0.02,3,10655,买盘
56,09:33:05,35.55,0.02,19,67517,买盘
57,09:33:07,35.56,0.01,4,17669,买盘
58,09:33:10,35.58,0.02,9,32004,买盘
59,09:33:13,35.53,-0.05,32,110274,卖盘
60,09:33:16,35.53,0.0,13,46189,买盘
61,09:33:19,35.53,0.0,9,31977,买盘
62,09:33:28,35.53,0.0,3,10657,买盘
63,09:33:34,35.53,0.0,145,518631,买盘
64,09:33:37,35.53,0.0,6,21318,卖盘
65,09:33:40,35.53,0.0,8,28424,卖盘
66,09:33:46,35.53,0.0,56,199062,卖盘
67,09:33:52,35.54,0.01,2,7108,买盘
68,09:33:55,35.55,0.01,1,3555,买盘
69,09:33:58,35.53,-0.02,25,88828,卖盘
70,09:34:01,35.54,0.01,17,60418,买盘
71,09:34:07,35.54,0.0,39,138604,买盘
72,09:34:10,35.54,0.0,6,21320,买盘
73,09:34:13,35.54,0.0,28,99512,买盘
74,09:34:16,35.53,-0.01,35,124361,卖盘
75,09:34:19,35.55,0.02,11,39096,买盘
76,09:34:25,35.54,-0.01,13,46205,卖盘
77,09:34:28,35.54,0.0,3,10662,中性盘
78,09:34:31,35.53,-0.01,30,106595,卖盘
79,09:34:34,35.55,0.02,13,46214,买盘
80,09:34:37,35.54,-0.01,2,7109,卖盘
81,09:34:40,35.54,0.0,3,10662,卖盘
82,09:34:43,35.55,0.01,6,21330,买盘
83,09:34:46,35.54,-0.01,313,1112402,卖盘
84,09:34:49,35.55,0.01,30,106650,买盘
85,09:34:52,35.54,-0.01,21,74634,卖盘
86,09:34:55,35.55,0.01,16,56870,买盘
87,09:34:58,35.54,-0.01,40,142183,卖盘
88,09:35:01,35.53,-0.01,97,344647,卖盘
89,09:35:04,35.54,0.01,9,31983,买盘
90,09:35:07,35.53,-0.01,3,10660,中性盘
91,09:35:10,35.5,-0.03,140,497134,卖盘
92,09:35:13,35.55,0.05,15,53325,买盘
93,09:35:22,35.5,-0.05,20,71000,卖盘
94,09:35:25,35.5,0.0,5,17750,买盘
95,09:35:31,35.5,0.0,4,14200,买盘
96,09:35:34,35.49,-0.01,1,3549,卖盘
97,09:35:37,35.5,0.01,29,102950,买盘
98,09:35:40,35.5,0.0,4,14200,卖盘
99,09:35:43,35.5,0.0,1,3550,卖盘
100,09:35:46,35.5,0.0,45,159750,卖盘
101,09:35:49,35.5,0.0,35,124245,卖盘
102,09:35:52,35.5,0.0,3,10650,中性盘
103,09:35:55,35.5,0.0,2,7100,买盘
104,09:35:58,35.49,-0.01,10,35490,卖盘
105,09:36:01,35.49,0.0,2,7098,卖盘
106,09:36:04,35.5,0.01,5,17748,买盘
107,09:36:07,35.47,-0.03,11,39019,卖盘
108,09:36:10,35.47,0.0,14,49658,卖盘
109,09:36:19,35.45,-0.02,5,17725,卖盘
110,09:36:25,35.45,0.0,4,14171,买盘
111,09:36:34,35.45,0.0,43,152341,买盘
112,09:36:37,35.4,-0.05,15,53100,卖盘
113,09:36:40,35.41,0.01,4,14164,买盘
114,09:36:43,35.41,0.0,29,102665,买盘
115,09:36:46,35.4,-0.01,26,92060,卖盘
116,09:36:49,35.44,0.04,70,247810,买盘
117,09:36:52,35.45,0.01,61,216041,买盘
118,09:36:55,35.41,-0.04,11,38941,买盘
119,09:36:58,35.41,0.0,4,14164,卖盘
120,09:37:07,35.44,0.03,2,7088,买盘
121,09:37:10,35.44,0.0,5,17718,买盘
122,09:37:13,35.44,0.0,2,7088,买盘
123,09:37:19,35.41,-0.03,47,166429,卖盘
124,09:37:22,35.44,0.03,3,10630,买盘
125,09:37:25,35.41,-0.03,14,49589,卖盘
126,09:37:28,35.4,-0.01,291,1030143,卖盘
127,09:37:31,35.4,0.0,47,166383,卖盘
128,09:37:34,35.41,0.01,53,187642,中性盘
129,09:37:37,35.4,-0.01,145,513312,卖盘
130,09:37:40,35.38,-0.02,128,453076,卖盘
131,09:37:43,35.37,-0.01,7,24759,买盘
132,09:37:49,35.3,-0.07,10,35300,卖盘
133,09:37:58,35.21,-0.09,5,17605,卖盘
134,09:38:01,35.28,0.07,3,10576,买盘
135,09:38:04,35.21,-0.07,1,3521,卖盘
136,09:38:07,35.21,0.0,1,3521,买盘
137,09:38:10,35.28,0.07,6,21164,买盘
138,09:38:16,35.21,-0.07,68,239890,卖盘
139,09:38:19,35.21,0.0,10,35242,卖盘
140,09:38:22,35.29,0.08,6,21169,买盘
141,09:38:31,35.29,0.0,10,35288,买盘
142,09:38:34,35.3,0.01,11,38822,买盘
143,09:38:37,35.29,-0.01,19,67030,卖盘
144,09:38:40,35.27,-0.02,8,28219,卖盘
145,09:38:43,35.28,0.01,2,7056,买盘
146,09:38:49,35.29,0.01,16,56466,卖盘
147,09:38:52,35.29,0.0,4,14116,卖盘
148,09:38:58,35.3,0.01,24,84798,卖盘
149,09:39:01,35.3,0.0,3,10590,卖盘
150,09:39:04,35.3,0.0,30,105912,卖盘
151,09:39:07,35.35,0.05,17,60075,买盘
152,09:39:10,35.35,0.0,29,102515,卖盘
153,09:39:13,35.31,-0.04,51,180165,卖盘
154,09:39:16,35.36,0.05,2,7072,买盘
155,09:39:19,35.35,-0.01,15,53025,卖盘
156,09:39:22,35.31,-0.04,10,35338,卖盘
157,09:39:25,35.35,0.04,3,10605,买盘
158,09:39:31,35.3,-0.05,17,60030,卖盘
159,09:39:37,35.34,0.04,7,24738,买盘
160,09:39:43,35.3,-0.04,5,17652,卖盘
161,09:39:46,35.3,0.0,20,70600,卖盘
162,09:39:49,35.3,0.0,51,180040,卖盘
163,09:39:52,35.31,0.01,10,35310,卖盘
164,09:39:55,35.31,0.0,2,6604,卖盘
165,09:39:58,35.31,0.0,3,10595,卖盘
166,09:40:01,35.3,-0.01,50,176526,卖盘
167,09:40:04,35.3,0.0,10,35300,卖盘
168,09:40:13,35.35,0.05,21,74184,买盘
169,09:40:16,35.31,-0.04,6,21190,卖盘
170,09:40:19,35.32,0.01,21,74214,中性盘
171,09:40:22,35.35,0.03,10,35350,买盘
172,09:40:25,35.36,0.01,29,102542,买盘
173,09:40:28,35.36,0.0,55,194478,买盘
174,09:40:31,35.36,0.0,25,88398,买盘
175,09:40:34,35.4,0.04,36,126566,买盘
176,09:40:37,35.36,-0.04,8,28303,卖盘
177,09:40:40,35.42,0.06,189,669098,买盘
178,09:40:43,35.42,0.0,2,7084,买盘
179,09:40:46,35.44,0.02,47,166567,买盘
180,09:40:49,35.43,-0.01,20,70883,卖盘
181,09:40:52,35.48,0.05,41,145350,买盘
182,09:40:55,35.46,-0.02,1,3546,中性盘
183,09:40:58,35.48,0.02,14,49676,买盘
184,09:41:01,35.5,0.02,3,10650,买盘
185,09:41:05,35.5,0.0,14,49700,买盘
186,09:41:07,35.48,-0.02,11,39028,卖盘
187,09:41:10,35.49,0.01,10,35481,买盘
188,09:41:16,35.49,0.0,18,63845,买盘
189,09:41:19,35.49,0.0,10,35485,买盘
190,09:41:22,35.48,-0.01,1,3548,买盘
191,09:41:25,35.48,0.0,3,10644,买盘
192,09:41:28,35.48,0.0,3,10644,买盘
193,09:41:31,35.48,0.0,5,17739,买盘
194,09:41:34,35.48,0.0,8,28383,买盘
195,09:41:37,35.47,-0.01,6,21284,中性盘
196,09:41:40,35.45,-0.02,18,63814,卖盘
197,09:41:43,35.47,0.02,35,124145,买盘
198,09:41:46,35.45,-0.02,9,31924,卖盘
199,09:41:49,35.48,0.03,7,24829,买盘
200,09:41:52,35.46,-0.02,10,35446,中性盘
201,09:41:55,35.48,0.02,91,322855,买盘
202,09:41:58,35.48,0.0,16,56768,卖盘
203,09:42:01,35.5,0.02,14,49685,买盘
204,09:42:04,35.5,0.0,8,28400,买盘
205,09:42:07,35.48,-0.02,2,7096,买盘
206,09:42:10,35.44,-0.04,12,42534,卖盘
207,09:42:13,35.44,0.0,11,38984,买盘
208,09:42:16,35.44,0.0,12,42528,买盘
209,09:42:19,35.43,-0.01,18,63790,卖盘
210,09:42:22,35.44,0.01,6,21264,买盘
211,09:42:25,35.44,0.0,10,35440,买盘
212,09:42:28,35.43,-0.01,7,24804,卖盘
213,09:42:31,35.43,0.0,3,10629,买盘
214,09:42:34,35.42,-0.01,1,3542,买盘
215,09:42:37,35.42,0.0,6,21252,买盘
216,09:42:40,35.36,-0.06,62,219260,卖盘
217,09:42:43,35.42,0.06,6,21251,买盘
218,09:42:46,35.43,0.01,4,14172,买盘
219,09:42:49,35.4,-0.03,2,7080,中性盘
220,09:42:52,35.43,0.03,7,24801,买盘
221,09:42:55,35.43,0.0,12,42516,买盘
222,09:42:58,35.43,0.0,4,14172,买盘
223,09:43:01,35.42,-0.01,2,7084,买盘
224,09:43:05,35.44,0.02,4,14175,买盘
225,09:43:07,35.48,0.04,76,269422,买盘
226,09:43:10,35.5,0.02,18,63864,买盘
227,09:43:13,35.51,0.01,11,39052,买盘
228,09:43:16,35.54,0.03,35,124362,买盘
229,09:43:19,35.54,0.0,34,120735,买盘
230,09:43:22,35.5,-0.04,40,142071,买盘
231,09:43:25,35.54,0.04,17,60418,买盘
232,09:43:28,35.54,0.0,9,31983,买盘
233,09:43:31,35.53,-0.01,21,74631,买盘
234,09:43:40,35.54,0.01,20,71038,买盘
235,09:43:43,35.54,0.0,21,74634,买盘
236,09:43:49,35.55,0.01,8,28438,买盘
237,09:43:52,35.55,0.0,35,124424,买盘
238,09:43:55,35.54,-0.01,14,49766,卖盘
239,09:43:58,35.55,0.01,106,376829,买盘
240,09:44:01,35.6,0.05,53,188497,买盘
241,09:44:04,35.6,0.0,4,14240,买盘
242,09:44:10,35.6,0.0,8,28484,卖盘
243,09:44:13,35.6,0.0,2,7120,卖盘
244,09:44:16,35.63,0.03,21,74843,中性盘
245,09:44:19,35.63,0.0,5,17809,买盘
246,09:44:22,35.64,0.01,7,24942,买盘
247,09:44:25,35.63,-0.01,4,14254,中性盘
248,09:44:28,35.64,0.01,7,24945,买盘
249,09:44:31,35.64,0.0,20,71280,买盘
250,09:44:34,35.65,0.01,18,64170,买盘
251,09:44:40,35.65,0.0,2,7130,卖盘
252,09:44:46,35.7,0.05,14,49941,买盘
253,09:44:49,35.69,-0.01,2,7138,中性盘
254,09:44:52,35.66,-0.03,58,206885,卖盘
255,09:44:55,35.69,0.03,1,3569,卖盘
256,09:44:58,35.77,0.08,15,53653,买盘
257,09:45:04,35.78,0.01,5,17890,买盘
258,09:45:07,35.7,-0.08,20,71542,卖盘
259,09:45:10,35.7,0.0,20,71400,卖盘
260,09:45:13,35.77,0.07,18,64386,买盘
261,09:45:16,35.77,0.0,1,3577,买盘
262,09:45:22,35.7,-0.07,17,60693,卖盘
263,09:45:25,35.69,-0.01,22,78539,卖盘
264,09:45:28,35.69,0.0,10,35692,卖盘
265,09:45:34,35.7,0.01,27,96390,买盘
266,09:45:37,35.69,-0.01,2,7138,中性盘
267,09:45:40,35.7,0.01,28,99958,买盘
268,09:45:43,35.66,-0.04,6,21396,卖盘
269,09:45:46,35.66,0.0,23,82018,卖盘
270,09:45:49,35.66,0.0,5,17830,买盘
271,09:45:52,35.66,0.0,5,17830,买盘
272,09:45:55,35.7,0.04,124,442419,买盘
273,09:45:58,35.65,-0.05,5,17829,卖盘
274,09:46:07,35.66,0.01,4,14264,买盘
275,09:46:10,35.66,0.0,1,3566,卖盘
276,09:46:13,35.68,0.02,7,24976,买盘
277,09:46:16,35.65,-0.03,10,35655,卖盘
278,09:46:19,35.66,0.01,6,21395,中性盘
279,09:46:22,35.68,0.02,26,92766,买盘
280,09:46:25,35.68,0.0,1,3568,买盘
281,09:46:28,35.66,-0.02,5,17834,卖盘
282,09:46:31,35.66,0.0,1,3566,卖盘
283,09:46:37,35.66,0.0,14,49928,卖盘
284,09:46:40,35.66,0.0,2,7132,卖盘
285,09:46:43,35.68,0.02,18,64224,买盘
286,09:46:46,35.67,-0.01,10,35670,卖盘
287,09:46:49,35.67,0.0,2,7134,卖盘
288,09:46:52,35.68,0.01,1,3568,买盘
289,09:46:55,35.68,0.0,3,10704,买盘
290,09:46:58,35.67,-0.01,10,35670,卖盘
291,09:47:01,35.68,0.01,3,10702,买盘
292,09:47:04,35.67,-0.01,2,7134,买盘
293,09:47:07,35.67,0.0,2,7134,卖盘
294,09:47:10,35.67,0.0,1,3567,卖盘
295,09:47:13,35.67,0.0,25,89176,卖盘
296,09:47:19,35.67,0.0,24,85608,卖盘
297,09:47:25,35.67,0.0,6,21402,卖盘
298,09:47:28,35.68,0.01,12,42812,买盘
299,09:47:34,35.67,-0.01,2,7134,买盘
300,09:47:37,35.67,0.0,1,3567,卖盘
301,09:47:40,35.68,0.01,11,39246,买盘
302,09:47:49,35.66,-0.02,2,7132,卖盘
303,09:47:51,35.66,0.0,2,7132,卖盘
304,09:47:55,35.68,0.02,10,35674,买盘
305,09:47:58,35.65,-0.03,23,81995,卖盘
306,09:48:10,35.64,-0.01,5,17820,买盘
307,09:48:22,35.6,-0.04,2,7123,卖盘
308,09:48:25,35.63,0.03,2,7126,买盘
309,09:48:34,35.6,-0.03,62,220931,卖盘
310,09:48:37,35.61,0.01,1,3561,中性盘
311,09:48:43,35.6,-0.01,2,7120,卖盘
312,09:48:49,35.6,0.0,15,53400,卖盘
313,09:48:52,35.61,0.01,1,3561,买盘
314,09:48:55,35.6,-0.01,8,28485,卖盘
315,09:48:58,35.61,0.01,6,21362,买盘
316,09:49:01,35.61,0.0,10,35610,卖盘
317,09:49:04,35.61,0.0,7,24927,卖盘
318,09:49:07,35.6,-0.01,42,149555,卖盘
319,09:49:10,35.63,0.03,5,17814,买盘
320,09:49:16,35.6,-0.03,12,42721,卖盘
321,09:49:19,35.6,0.0,1,3560,卖盘
322,09:49:21,35.61,0.01,3,10682,买盘
323,09:49:25,35.54,-0.07,7,24889,卖盘
324,09:49:46,35.59,0.05,5,17795,买盘
325,09:49:49,35.54,-0.05,57,202447,卖盘
326,09:49:52,35.54,0.0,2,7108,买盘
327,09:49:55,35.54,0.0,20,71080,买盘
328,09:49:58,35.53,-0.01,1,3553,中性盘
329,09:50:01,35.5,-0.03,4,14200,卖盘
330,09:50:04,35.5,0.0,19,67450,买盘
331,09:50:10,35.5,0.0,20,70998,买盘
332,09:50:16,35.44,-0.06,21,74437,卖盘
333,09:50:19,35.49,0.05,2,7098,中性盘
334,09:50:22,35.5,0.01,5,17746,买盘
335,09:50:25,35.49,-0.01,10,35490,卖盘
336,09:50:28,35.49,0.0,9,31941,卖盘
337,09:50:37,35.49,0.0,2,7098,卖盘
338,09:50:40,35.49,0.0,10,35494,卖盘
339,09:50:43,35.49,0.0,1,3549,买盘
340,09:50:46,35.49,0.0,2,7098,卖盘
341,09:50:49,35.49,0.0,2,7098,卖盘
342,09:50:52,35.49,0.0,18,63882,卖盘
343,09:50:55,35.49,0.0,1,3549,买盘
344,09:51:01,35.48,-0.01,1,3548,买盘
345,09:51:07,35.47,-0.01,4,14188,卖盘
346,09:51:10,35.47,0.0,1,3547,买盘
347,09:51:13,35.47,0.0,1,3547,买盘
348,09:51:16,35.47,0.0,11,39017,买盘
349,09:51:19,35.46,-0.01,2,7092,中性盘
350,09:51:22,35.47,0.01,1,3547,买盘
351,09:51:28,35.47,0.0,20,70940,买盘
352,09:51:34,35.47,0.0,5,17733,买盘
353,09:51:40,35.47,0.0,8,28376,买盘
354,09:51:43,35.47,0.0,6,21286,卖盘
355,09:51:46,35.46,-0.01,5,17730,买盘
356,09:51:49,35.45,-0.01,11,39005,卖盘
357,09:51:52,35.47,0.02,1,3547,买盘
358,09:52:04,35.45,-0.02,30,106350,卖盘
359,09:52:07,35.47,0.02,11,39015,买盘
360,09:52:10,35.45,-0.02,9,31921,卖盘
361,09:52:16,35.45,0.0,3,10635,买盘
362,09:52:19,35.49,0.04,9,31931,买盘
363,09:52:22,35.47,-0.02,1,3547,中性盘
364,09:52:25,35.49,0.02,7,24843,买盘
365,09:52:34,35.44,-0.05,6,21268,卖盘
366,09:52:37,35.44,0.0,5,17720,卖盘
367,09:52:40,35.44,0.0,11,38984,卖盘
368,09:52:52,35.45,0.01,3,10635,卖盘
369,09:52:58,35.46,0.01,3,10638,买盘
370,09:53:01,35.45,-0.01,18,63818,卖盘
371,09:53:10,35.44,-0.01,6,21268,卖盘
372,09:53:13,35.44,0.0,4,14176,卖盘
373,09:53:19,35.44,0.0,17,60248,卖盘
374,09:53:28,35.43,-0.01,9,31887,卖盘
375,09:53:31,35.43,0.0,5,17715,卖盘
376,09:53:40,35.43,0.0,2,7086,卖盘
377,09:53:49,35.43,0.0,1,3543,卖盘
378,09:53:52,35.4,-0.03,27,95603,卖盘
379,09:53:55,35.43,0.03,1,3543,买盘
380,09:53:58,35.43,0.0,5,17706,买盘
381,09:54:04,35.4,-0.03,1,3540,卖盘
382,09:54:07,35.43,0.03,10,35428,买盘
383,09:54:13,35.41,-0.02,2,7082,买盘
384,09:54:19,35.41,0.0,2,7082,卖盘
385,09:54:22,35.43,0.02,1,3543,买盘
386,09:54:28,35.43,0.0,2,7086,买盘
387,09:54:31,35.42,-0.01,2,7084,买盘
388,09:54:37,35.43,0.01,2,7086,买盘
389,09:54:46,35.43,0.0,4,14170,买盘
390,09:54:49,35.41,-0.02,1,3541,卖盘
391,09:54:52,35.43,0.02,12,42515,买盘
392,09:54:57,35.42,-0.01,1,3542,卖盘
393,09:55:01,35.43,0.01,19,67317,买盘
394,09:55:04,35.42,-0.01,32,113389,卖盘
395,09:55:10,35.44,0.02,33,116939,买盘
396,09:55:13,35.44,0.0,6,21264,买盘
397,09:55:16,35.44,0.0,3,10632,买盘
398,09:55:19,35.45,0.01,3,10634,买盘
399,09:55:22,35.44,-0.01,1,3544,卖盘
400,09:55:28,35.44,0.0,1,3544,卖盘
401,09:55:31,35.45,0.01,4,14179,买盘
402,09:55:37,35.45,0.0,4,14180,买盘
403,09:55:40,35.45,0.0,2,7090,卖盘
404,09:55:46,35.47,0.02,2,7094,买盘
405,09:55:49,35.47,0.0,4,14188,卖盘
406,09:55:58,35.47,0.0,35,124147,卖盘
407,09:56:01,35.47,0.0,1,3547,卖盘
408,09:56:04,35.48,0.01,1,3548,买盘
409,09:56:07,35.47,-0.01,4,14190,卖盘
410,09:56:10,35.42,-0.05,36,127589,卖盘
411,09:56:13,35.48,0.06,3,10643,买盘
412,09:56:31,35.42,-0.06,5,17710,卖盘
413,09:56:34,35.42,0.0,25,88550,卖盘
414,09:56:40,35.43,0.01,1,3543,卖盘
415,09:56:43,35.42,-0.01,10,35420,卖盘
416,09:56:46,35.42,0.0,4,14169,卖盘
417,09:56:49,35.41,-0.01,33,116885,卖盘
418,09:56:52,35.41,0.0,5,17705,卖盘
419,09:56:55,35.42,0.01,4,14165,买盘
420,09:56:58,35.41,-0.01,49,173537,卖盘
421,09:57:01,35.4,-0.01,19,67278,卖盘
422,09:57:04,35.41,0.01,2,7082,买盘
423,09:57:10,35.4,-0.01,15,53100,卖盘
424,09:57:16,35.4,0.0,8,28320,卖盘
425,09:57:19,35.38,-0.02,9,31848,卖盘
426,09:57:28,35.38,0.0,4,14152,卖盘
427,09:57:34,35.36,-0.02,17,60112,卖盘
428,09:57:37,35.36,0.0,7,24754,卖盘
429,09:57:40,35.36,0.0,24,84864,卖盘
430,09:57:46,35.36,0.0,11,38897,卖盘
431,09:57:49,35.36,0.0,62,219233,卖盘
432,09:57:52,35.36,0.0,7,24753,卖盘
433,09:57:55,35.35,-0.01,27,95449,卖盘
434,09:57:57,35.36,0.01,2,7072,买盘
435,09:58:01,35.35,-0.01,2,7070,卖盘
436,09:58:10,35.33,-0.02,9,31813,卖盘
437,09:58:22,35.32,-0.01,5,17660,卖盘
438,09:58:25,35.32,0.0,1,3532,买盘
439,09:58:28,35.32,0.0,210,741517,买盘
440,09:58:31,35.32,0.0,9,31788,买盘
441,09:58:34,35.32,0.0,4,14128,卖盘
442,09:58:40,35.35,0.03,7,24741,买盘
443,09:58:43,35.32,-0.03,3,10596,卖盘
444,09:58:46,35.34,0.02,7,24737,买盘
445,09:58:49,35.33,-0.01,21,74235,中性盘
446,09:58:52,35.32,-0.01,211,745217,卖盘
447,09:58:58,35.33,0.01,35,123758,中性盘
448,09:59:01,35.33,0.0,20,70670,中性盘
449,09:59:13,35.38,0.05,2,7076,卖盘
450,09:59:16,35.44,0.06,6,21254,买盘
451,09:59:19,35.41,-0.03,11,38963,卖盘
452,09:59:22,35.41,0.0,1,3541,卖盘
453,09:59:31,35.44,0.03,1,3544,中性盘
454,09:59:42,35.46,0.02,12,42537,买盘
455,09:59:49,35.46,0.0,9,31914,卖盘
456,10:00:10,35.44,-0.02,6,21258,买盘
457,10:00:25,35.42,-0.02,2,7084,买盘
458,10:00:28,35.41,-0.01,6,21251,卖盘
459,10:00:37,35.42,0.01,48,170005,买盘
460,10:00:40,35.43,0.01,4,14170,买盘
461,10:00:43,35.44,0.01,1,3544,买盘
462,10:00:46,35.48,0.04,9,31918,买盘
463,10:00:49,35.44,-0.04,2,7090,卖盘
464,10:00:58,35.48,0.04,6,21288,买盘
465,10:01:01,35.48,0.0,8,28388,卖盘
466,10:01:13,35.5,0.02,18,63898,买盘
467,10:01:16,35.5,0.0,3,10650,买盘
468,10:01:19,35.5,0.0,2,7100,卖盘
469,10:01:22,35.5,0.0,10,35500,卖盘
470,10:01:25,35.5,0.0,5,17750,卖盘
471,10:01:28,35.5,0.0,12,42600,卖盘
472,10:01:31,35.53,0.03,7,24857,买盘
473,10:01:34,35.55,0.02,10,35548,买盘
474,10:01:40,35.53,-0.02,3,10657,中性盘
475,10:01:46,35.53,0.0,5,17771,卖盘
476,10:01:49,35.55,0.02,10,35550,买盘
477,10:02:04,35.57,0.02,4,14228,买盘
478,10:02:07,35.57,0.0,9,32013,买盘
479,10:02:10,35.55,-0.02,9,31997,卖盘
480,10:02:16,35.58,0.03,51,181455,买盘
481,10:02:22,35.57,-0.01,2,7114,买盘
482,10:02:28,35.58,0.01,2,7115,买盘
483,10:02:31,35.57,-0.01,1,3557,卖盘
484,10:02:40,35.58,0.01,8,28462,买盘
485,10:02:43,35.58,0.0,8,28464,买盘
486,10:02:46,35.58,0.0,1,3558,卖盘
487,10:02:49,35.57,-0.01,29,103162,卖盘
488,10:02:52,35.57,0.0,3,10671,买盘
489,10:02:58,35.58,0.01,5,17790,中性盘
490,10:03:07,35.59,0.01,14,49819,买盘
491,10:03:10,35.59,0.0,8,28472,卖盘
492,10:03:16,35.59,0.0,16,56944,卖盘
493,10:03:19,35.59,0.0,3,10678,卖盘
494,10:03:25,35.59,0.0,40,142397,卖盘
495,10:03:34,35.59,0.0,10,35590,买盘
496,10:03:40,35.58,-0.01,7,24917,卖盘
497,10:03:46,35.6,0.02,12,42716,买盘
498,10:03:49,35.6,0.0,1,3560,卖盘
499,10:03:52,35.58,-0.02,1,3558,卖盘
500,10:04:01,35.6,0.02,1,3560,买盘
501,10:04:10,35.6,0.0,10,35600,买盘
502,10:04:16,35.59,-0.01,2,7118,买盘
503,10:04:19,35.58,-0.01,1,3558,卖盘
504,10:04:40,35.56,-0.02,4,14227,卖盘
505,10:04:46,35.57,0.01,1,3557,卖盘
506,10:04:49,35.57,0.0,2,7114,卖盘
507,10:04:52,35.58,0.01,4,14231,买盘
508,10:05:01,35.58,0.0,2,7116,卖盘
509,10:05:04,35.57,-0.01,30,106710,卖盘
510,10:05:19,35.57,0.0,2,7114,卖盘
511,10:05:22,35.6,0.03,12,42703,买盘
512,10:05:25,35.58,-0.02,17,60508,卖盘
513,10:05:31,35.59,0.01,11,39140,买盘
514,10:05:34,35.59,0.0,18,64069,中性盘
515,10:05:37,35.6,0.01,10,35610,中性盘
516,10:05:40,35.62,0.02,19,67660,买盘
517,10:05:46,35.63,0.01,2,7126,买盘
518,10:05:49,35.64,0.01,57,203033,买盘
519,10:05:52,35.64,0.0,11,39204,卖盘
520,10:06:01,35.65,0.01,13,46343,买盘
521,10:06:04,35.65,0.0,1,3565,买盘
522,10:06:07,35.65,0.0,15,53465,买盘
523,10:06:10,35.65,0.0,7,24955,卖盘
524,10:06:13,35.68,0.03,8,28540,买盘
525,10:06:19,35.68,0.0,2,7136,买盘
526,10:06:25,35.67,-0.01,1,3567,买盘
527,10:06:28,35.68,0.01,5,17839,买盘
528,10:06:31,35.67,-0.01,3,10702,中性盘
529,10:06:37,35.7,0.03,203,724578,买盘
530,10:06:40,35.7,0.0,2,7140,卖盘
531,10:06:43,35.68,-0.02,15,53528,卖盘
532,10:06:52,35.7,0.02,2,7140,买盘
533,10:06:55,35.67,-0.03,1,3567,卖盘
534,10:06:58,35.67,0.0,10,35671,卖盘
535,10:07:01,35.71,0.04,1,3571,中性盘
536,10:07:04,35.71,0.0,1,3571,买盘
537,10:07:07,35.67,-0.04,27,96309,卖盘
538,10:07:10,35.7,0.03,23,82071,买盘
539,10:07:13,35.72,0.02,18,64280,买盘
540,10:07:16,35.72,0.0,16,57152,卖盘
541,10:07:19,35.69,-0.03,20,71430,卖盘
542,10:07:22,35.69,0.0,19,67849,卖盘
543,10:07:25,35.72,0.03,1,3572,中性盘
544,10:07:28,35.7,-0.02,1,3570,卖盘
545,10:07:31,35.75,0.05,37,132218,买盘
546,10:07:34,35.75,0.0,10,35750,卖盘
547,10:07:37,35.75,0.0,2,7150,卖盘
548,10:07:40,35.75,0.0,2,7150,卖盘
549,10:07:43,35.76,0.01,4,14303,买盘
550,10:07:46,35.76,0.0,35,125137,买盘
551,10:07:49,35.76,0.0,20,71511,买盘
552,10:07:52,35.75,-0.01,16,57200,卖盘
553,10:07:55,35.76,0.01,78,278876,买盘
554,10:07:58,35.77,0.01,76,271826,买盘
555,10:08:01,35.76,-0.01,5,17876,中性盘
556,10:08:04,35.76,0.0,10,35760,卖盘
557,10:08:07,35.76,0.0,8,28612,卖盘
558,10:08:10,35.76,0.0,14,50064,卖盘
559,10:08:13,35.77,0.01,24,85838,买盘
560,10:08:16,35.77,0.0,6,21462,买盘
561,10:08:19,35.77,0.0,6,21462,买盘
562,10:08:22,35.77,0.0,12,42924,卖盘
563,10:08:31,35.78,0.01,5,17888,买盘
564,10:08:34,35.78,0.0,5,17890,买盘
565,10:08:37,35.78,0.0,1,3578,买盘
566,10:08:40,35.77,-0.01,3,10732,卖盘
567,10:08:46,35.78,0.01,8,28617,买盘
568,10:08:49,35.77,-0.01,31,110917,卖盘
569,10:08:52,35.78,0.01,27,96605,买盘
570,10:08:55,35.78,0.0,27,96585,买盘
571,10:09:01,35.78,0.0,3,10733,买盘
572,10:09:04,35.79,0.01,15,53679,买盘
573,10:09:07,35.76,-0.03,6,21456,卖盘
574,10:09:10,35.76,0.0,4,14304,卖盘
575,10:09:16,35.76,0.0,6,21457,卖盘
576,10:09:19,35.76,0.0,1,3576,卖盘
577,10:09:22,35.76,0.0,1,3576,卖盘
578,10:09:28,35.76,0.0,12,42912,卖盘
579,10:09:37,35.72,-0.04,1,3572,卖盘
580,10:09:43,35.72,0.0,12,42864,买盘
581,10:09:55,35.71,-0.01,20,71420,买盘
582,10:10:01,35.7,-0.01,12,42840,卖盘
583,10:10:04,35.71,0.01,10,35710,买盘
584,10:10:07,35.7,-0.01,7,24990,卖盘
585,10:10:19,35.69,-0.01,1,3569,买盘
586,10:10:25,35.66,-0.03,7,24962,卖盘
587,10:10:31,35.67,0.01,6,21403,卖盘
588,10:10:37,35.66,-0.01,45,160470,卖盘
589,10:10:46,35.66,0.0,10,35660,买盘
590,10:10:49,35.65,-0.01,8,28520,卖盘
591,10:10:52,35.65,0.0,2,7130,卖盘
592,10:10:55,35.65,0.0,10,35650,卖盘
593,10:11:28,35.61,-0.04,2,7122,买盘
594,10:11:31,35.6,-0.01,1,3560,卖盘
595,10:11:34,35.66,0.06,20,71299,买盘
596,10:11:49,35.67,0.01,7,24964,买盘
597,10:11:52,35.64,-0.03,12,42777,卖盘
598,10:11:55,35.7,0.06,44,156941,买盘
599,10:11:58,35.68,-0.02,4,14272,中性盘
600,10:12:01,35.68,0.0,6,21416,卖盘
601,10:12:04,35.7,0.02,30,107090,买盘
602,10:12:07,35.71,0.01,24,85692,买盘
603,10:12:10,35.7,-0.01,6,21420,中性盘
604,10:12:13,35.68,-0.02,28,99934,卖盘
605,10:12:16,35.68,0.0,6,21408,买盘
606,10:12:19,35.75,0.07,16,57198,买盘
607,10:12:22,35.76,0.01,22,78670,买盘
608,10:12:25,35.76,0.0,10,35753,买盘
609,10:12:28,35.75,-0.01,24,85821,卖盘
610,10:12:31,35.76,0.01,25,89384,买盘
611,10:12:34,35.76,0.0,15,53640,卖盘
612,10:12:37,35.75,-0.01,23,82236,卖盘
613,10:12:40,35.74,-0.01,12,42890,中性盘
614,10:12:43,35.74,0.0,21,75015,买盘
615,10:12:46,35.7,-0.04,25,89252,卖盘
616,10:12:49,35.7,0.0,52,185664,卖盘
617,10:12:52,35.67,-0.03,54,192668,卖盘
618,10:12:55,35.64,-0.03,10,35640,卖盘
619,10:12:58,35.62,-0.02,12,42756,卖盘
620,10:13:01,35.6,-0.02,6,21368,卖盘
621,10:13:07,35.62,0.02,15,53402,买盘
622,10:13:10,35.59,-0.03,1,3559,中性盘
623,10:13:13,35.59,0.0,3,10677,卖盘
624,10:13:16,35.68,0.09,15,53493,买盘
625,10:13:19,35.59,-0.09,5,17798,卖盘
626,10:13:28,35.6,0.01,3,10680,卖盘
627,10:13:31,35.59,-0.01,17,60510,卖盘
628,10:13:34,35.59,0.0,7,24921,卖盘
629,10:13:58,35.58,-0.01,15,53370,卖盘
630,10:14:04,35.59,0.01,25,88954,买盘
631,10:14:13,35.58,-0.01,1,3558,买盘
632,10:14:22,35.57,-0.01,2,7114,卖盘
633,10:14:31,35.57,0.0,2,7114,卖盘
634,10:14:33,35.58,0.01,4,14229,买盘
635,10:14:40,35.58,0.0,1,3558,中性盘
636,10:14:43,35.58,0.0,1,3558,卖盘
637,10:14:52,35.58,0.0,2,7116,卖盘
638,10:14:55,35.59,0.01,1,3559,买盘
639,10:15:01,35.58,-0.01,2,7116,卖盘
640,10:15:10,35.58,0.0,2,7116,卖盘
641,10:15:13,35.58,0.0,1,3558,卖盘
642,10:15:16,35.57,-0.01,3,10671,卖盘
643,10:15:22,35.59,0.02,7,24907,买盘
644,10:15:28,35.58,-0.01,16,56928,卖盘
645,10:15:33,35.58,0.0,4,14232,买盘
646,10:15:40,35.58,0.0,18,64027,买盘
647,10:15:49,35.58,0.0,2,7116,卖盘
648,10:15:52,35.56,-0.02,10,35564,卖盘
649,10:16:10,35.57,0.01,2,7114,卖盘
650,10:16:18,35.58,0.01,2,7115,买盘
651,10:16:22,35.57,-0.01,1,3557,卖盘
652,10:16:25,35.58,0.01,1,3558,买盘
653,10:16:28,35.58,0.0,1,3558,卖盘
654,10:16:31,35.58,0.0,1,3558,卖盘
655,10:16:39,35.58,0.0,2,7116,卖盘
656,10:16:43,35.58,0.0,20,71160,卖盘
657,10:16:45,35.58,0.0,1,3558,买盘
658,10:16:49,35.57,-0.01,2,7114,卖盘
659,10:17:01,35.58,0.01,7,24904,买盘
660,10:17:13,35.58,0.0,2,7116,买盘
661,10:17:19,35.58,0.0,2,7116,中性盘
662,10:17:31,35.58,0.0,2,7116,卖盘
663,10:17:34,35.59,0.01,2,7118,买盘
664,10:17:40,35.59,0.0,1,3559,卖盘
665,10:17:43,35.6,0.01,3,10679,买盘
666,10:17:49,35.6,0.0,1,3560,卖盘
667,10:17:52,35.6,0.0,1,3560,卖盘
668,10:17:58,35.61,0.01,1,3561,买盘
669,10:18:01,35.6,-0.01,2,7120,卖盘
670,10:18:16,35.65,0.05,5,17823,买盘
671,10:18:19,35.65,0.0,17,60590,买盘
672,10:18:27,35.63,-0.02,1,3563,买盘
673,10:18:34,35.62,-0.01,2,7123,买盘
674,10:18:37,35.65,0.03,4,14255,买盘
675,10:18:40,35.61,-0.04,2,7122,卖盘
676,10:18:46,35.61,0.0,19,67663,卖盘
677,10:19:10,35.61,0.0,1,3561,卖盘
678,10:19:12,35.61,0.0,1,3561,卖盘
679,10:19:16,35.62,0.01,2,7124,买盘
680,10:19:22,35.61,-0.01,12,42732,卖盘
681,10:19:31,35.62,0.01,4,14250,中性盘
682,10:19:39,35.62,0.0,2,7124,卖盘
683,10:19:55,35.61,-0.01,7,24927,卖盘
684,10:20:01,35.6,-0.01,15,53401,卖盘
685,10:20:04,35.62,0.02,13,46285,买盘
686,10:20:07,35.61,-0.01,1,3561,中性盘
687,10:20:10,35.6,-0.01,12,42722,卖盘
688,10:20:19,35.59,-0.01,20,71181,卖盘
689,10:20:21,35.59,0.0,2,7118,买盘
690,10:20:24,35.6,0.01,6,21359,买盘
691,10:20:30,35.58,-0.02,11,39139,卖盘
692,10:20:40,35.58,0.0,1,3558,卖盘
693,10:20:43,35.58,0.0,10,35580,卖盘
694,10:20:46,35.59,0.01,10,35590,买盘
695,10:20:51,35.58,-0.01,39,138762,卖盘
696,10:20:55,35.58,0.0,5,17790,卖盘
697,10:20:58,35.58,0.0,2,7116,买盘
698,10:21:07,35.58,0.0,1,3558,买盘
699,10:21:09,35.57,-0.01,2,7114,卖盘
700,10:21:16,35.58,0.01,7,24906,买盘
701,10:21:21,35.57,-0.01,8,28456,卖盘
702,10:21:31,35.57,0.0,2,7114,卖盘
703,10:21:40,35.57,0.0,3,10671,卖盘
704,10:21:43,35.57,0.0,1,3557,卖盘
705,10:21:46,35.58,0.01,7,24906,买盘
706,10:21:51,35.58,0.0,2,7116,卖盘
707,10:22:10,35.57,-0.01,1,3557,卖盘
708,10:22:13,35.57,0.0,1,3557,卖盘
709,10:22:16,35.58,0.01,11,39138,买盘
710,10:22:19,35.58,0.0,6,21348,卖盘
711,10:22:22,35.57,-0.01,11,39137,卖盘
712,10:22:25,35.57,0.0,26,92482,卖盘
713,10:22:34,35.57,0.0,29,103163,卖盘
714,10:22:37,35.57,0.0,9,32011,卖盘
715,10:22:43,35.55,-0.02,30,106672,卖盘
716,10:22:49,35.53,-0.02,30,106634,卖盘
717,10:22:52,35.53,0.0,7,24871,卖盘
718,10:22:54,35.53,0.0,6,21318,卖盘
719,10:23:01,35.5,-0.03,20,71014,卖盘
720,10:23:07,35.5,0.0,1,3550,卖盘
721,10:23:13,35.5,0.0,1,3550,卖盘
722,10:23:16,35.5,0.0,22,78145,卖盘
723,10:23:22,35.51,0.01,2,7102,卖盘
724,10:23:28,35.51,0.0,22,78122,卖盘
725,10:23:31,35.51,0.0,4,14204,卖盘
726,10:23:37,35.51,0.0,2,7102,买盘
727,10:23:40,35.51,0.0,69,244957,买盘
728,10:23:43,35.5,-0.01,2,7100,卖盘
729,10:23:49,35.5,0.0,55,195250,卖盘
730,10:23:58,35.48,-0.02,10,35480,卖盘
731,10:24:10,35.48,0.0,5,17740,卖盘
732,10:24:25,35.46,-0.02,2,7092,卖盘
733,10:24:31,35.45,-0.01,3,10638,卖盘
734,10:24:34,35.45,0.0,1,3545,卖盘
735,10:24:37,35.47,0.02,1,3547,买盘
736,10:24:43,35.47,0.0,2,7094,卖盘
737,10:24:55,35.48,0.01,7,24834,买盘
738,10:25:01,35.45,-0.03,5,17725,卖盘
739,10:25:07,35.48,0.03,5,17738,买盘
740,10:25:18,35.46,-0.02,2,7092,买盘
741,10:25:22,35.46,0.0,2,7092,卖盘
742,10:25:42,35.46,0.0,2,7092,卖盘
743,10:25:49,35.47,0.01,2,7094,买盘
744,10:25:52,35.46,-0.01,2,7092,卖盘
745,10:26:00,35.46,0.0,33,117018,卖盘
746,10:26:13,35.45,-0.01,2,7090,卖盘
747,10:26:22,35.46,0.01,3,10636,买盘
748,10:26:31,35.45,-0.01,1,3545,卖盘
749,10:26:34,35.45,0.0,1,3545,卖盘
750,10:26:43,35.45,0.0,19,67378,卖盘
751,10:26:52,35.45,0.0,2,7090,卖盘
752,10:27:13,35.46,0.01,2,7092,卖盘
753,10:27:22,35.46,0.0,2,7092,中性盘
754,10:27:27,35.47,0.01,2,7094,买盘
755,10:27:31,35.47,0.0,4,14190,卖盘
756,10:27:40,35.51,0.04,17,60347,买盘
757,10:27:43,35.48,-0.03,2,7096,中性盘
758,10:28:04,35.49,0.01,8,28385,买盘
759,10:28:10,35.48,-0.01,8,28384,卖盘
760,10:28:13,35.48,0.0,1,3548,买盘
761,10:28:16,35.48,0.0,1,3548,买盘
762,10:28:19,35.47,-0.01,1,3547,卖盘
763,10:28:22,35.48,0.01,10,35472,买盘
764,10:28:25,35.46,-0.02,7,24826,卖盘
765,10:28:34,35.46,0.0,4,14184,卖盘
766,10:28:43,35.48,0.02,6,21284,买盘
767,10:28:52,35.48,0.0,1,3548,卖盘
768,10:29:01,35.48,0.0,1,3548,买盘
769,10:29:04,35.47,-0.01,2,7094,卖盘
770,10:29:10,35.51,0.04,17,60360,买盘
771,10:29:12,35.47,-0.04,2,7094,卖盘
772,10:29:19,35.49,0.02,1,3549,买盘
773,10:29:22,35.49,0.0,2,7097,买盘
774,10:29:25,35.48,-0.01,1,3548,中性盘
775,10:29:28,35.47,-0.01,23,81583,卖盘
776,10:29:31,35.47,0.0,5,17735,买盘
777,10:29:33,35.47,0.0,6,21282,买盘
778,10:29:40,35.47,0.0,8,28376,买盘
779,10:29:43,35.46,-0.01,2,7092,卖盘
780,10:29:48,35.45,-0.01,19,67371,卖盘
781,10:30:04,35.45,0.0,2,7090,卖盘
782,10:30:06,35.45,0.0,9,31905,卖盘
783,10:30:10,35.45,0.0,1,3545,买盘
784,10:30:13,35.45,0.0,2,7090,买盘
785,10:30:19,35.45,0.0,52,184167,买盘
786,10:30:34,35.43,-0.02,6,21256,买盘
787,10:30:36,35.4,-0.03,27,95580,卖盘
788,10:30:52,35.41,0.01,2,7082,卖盘
789,10:31:07,35.4,-0.01,20,70800,卖盘
790,10:31:10,35.41,0.01,4,14163,买盘
791,10:31:13,35.4,-0.01,1,3540,卖盘
792,10:31:16,35.4,0.0,24,84960,卖盘
793,10:31:22,35.4,0.0,2,7080,卖盘
794,10:31:27,35.4,0.0,6,21240,卖盘
795,10:31:30,35.4,0.0,10,35401,卖盘
796,10:31:40,35.39,-0.01,2,7079,卖盘
797,10:31:42,35.4,0.01,2,7079,买盘
798,10:31:46,35.39,-0.01,4,14156,卖盘
799,10:31:55,35.39,0.0,12,42468,买盘
800,10:31:58,35.39,0.0,5,17695,买盘
801,10:32:07,35.36,-0.03,1,3536,卖盘
802,10:32:10,35.38,0.02,1,3538,买盘
803,10:32:19,35.37,-0.01,2,7074,买盘
804,10:32:22,35.36,-0.01,8,28296,卖盘
805,10:32:33,35.37,0.01,9,31833,卖盘
806,10:32:39,35.36,-0.01,2,7072,卖盘
807,10:32:42,35.37,0.01,17,60129,买盘
808,10:32:46,35.36,-0.01,9,31824,卖盘
809,10:32:51,35.36,0.0,3,10609,卖盘
810,10:32:54,35.36,0.0,36,127296,卖盘
811,10:32:58,35.37,0.01,15,53055,买盘
812,10:33:01,35.37,0.0,1,3537,卖盘
813,10:33:03,35.37,0.0,1,3537,卖盘
814,10:33:10,35.37,0.0,1,3537,卖盘
815,10:33:13,35.37,0.0,1,3537,卖盘
816,10:33:21,35.37,0.0,3,10611,卖盘
817,10:33:28,35.38,0.01,2,7076,买盘
818,10:33:31,35.4,0.02,13,46016,买盘
819,10:33:34,35.38,-0.02,6,21237,卖盘
820,10:33:49,35.45,0.07,23,81480,买盘
821,10:33:52,35.45,0.0,4,14182,卖盘
822,10:34:01,35.45,0.0,27,95715,卖盘
823,10:34:04,35.45,0.0,4,14180,买盘
824,10:34:09,35.48,0.03,1,3548,买盘
825,10:34:19,35.47,-0.01,2,7094,买盘
826,10:34:31,35.45,-0.02,2,7090,卖盘
827,10:34:34,35.45,0.0,6,21270,卖盘
828,10:34:40,35.46,0.01,9,31910,买盘
829,10:34:42,35.46,0.0,1,3546,卖盘
830,10:34:58,35.48,0.02,3,10642,买盘
831,10:35:01,35.48,0.0,1,3548,卖盘
832,10:35:04,35.48,0.0,1,3548,卖盘
833,10:35:09,35.48,0.0,8,28390,卖盘
834,10:35:13,35.53,0.05,17,60357,买盘
835,10:35:16,35.46,-0.07,7,24826,卖盘
836,10:35:21,35.48,0.02,3,10644,买盘
837,10:35:27,35.46,-0.02,10,35460,卖盘
838,10:35:31,35.48,0.02,2,7096,买盘
839,10:35:34,35.47,-0.01,2,7094,买盘
840,10:35:40,35.47,0.0,5,17735,卖盘
841,10:35:42,35.47,0.0,1,3547,卖盘
842,10:35:46,35.47,0.0,3,10641,卖盘
843,10:35:58,35.45,-0.02,2,7091,卖盘
844,10:36:01,35.47,0.02,5,17733,买盘
845,10:36:07,35.45,-0.02,5,17725,卖盘
846,10:36:13,35.45,0.0,2,7090,卖盘
847,10:36:21,35.45,0.0,2,7090,卖盘
848,10:36:24,35.45,0.0,10,35450,卖盘
849,10:36:30,35.45,0.0,2,7090,卖盘
850,10:36:43,35.45,0.0,2,7090,卖盘
851,10:36:51,35.45,0.0,2,7090,卖盘
852,10:36:57,35.45,0.0,1,3545,卖盘
853,10:37:01,35.45,0.0,1,3545,卖盘
854,10:37:04,35.45,0.0,1,3545,卖盘
855,10:37:09,35.45,0.0,2,5318,卖盘
856,10:37:12,35.46,0.01,4,14184,买盘
857,10:37:22,35.46,0.0,5,17730,卖盘
858,10:37:31,35.45,-0.01,3,10636,卖盘
859,10:37:34,35.45,0.0,15,53175,卖盘
860,10:37:43,35.4,-0.05,48,169984,卖盘
861,10:37:55,35.44,0.04,2,7088,买盘
862,10:38:10,35.4,-0.04,10,35400,卖盘
863,10:38:13,35.41,0.01,10,35412,卖盘
864,10:38:16,35.44,0.03,6,21263,买盘
865,10:38:19,35.41,-0.03,5,17705,卖盘
866,10:38:21,35.4,-0.01,60,212437,卖盘
867,10:38:25,35.4,0.0,10,35400,卖盘
868,10:38:37,35.41,0.01,2,7082,买盘
869,10:38:40,35.41,0.0,3,10623,卖盘
870,10:38:43,35.41,0.0,2,7082,卖盘
871,10:38:48,35.4,-0.01,15,54873,卖盘
872,10:38:58,35.39,-0.01,1,3539,卖盘
873,10:39:01,35.39,0.0,12,42468,卖盘
874,10:39:04,35.39,0.0,4,14156,卖盘
875,10:39:13,35.39,0.0,2,7078,卖盘
876,10:39:31,35.38,-0.01,11,38918,卖盘
877,10:39:33,35.38,0.0,1,3538,卖盘
878,10:39:43,35.38,0.0,2,7076,卖盘
879,10:39:51,35.38,0.0,2,7076,卖盘
880,10:40:01,35.38,0.0,3,10616,卖盘
881,10:40:04,35.38,0.0,1,3538,卖盘
882,10:40:10,35.38,0.0,9,31842,卖盘
883,10:40:22,35.37,-0.01,2,7074,卖盘
884,10:40:25,35.38,0.01,2,7076,买盘
885,10:40:31,35.37,-0.01,2,7074,卖盘
886,10:40:34,35.37,0.0,16,56592,卖盘
887,10:40:37,35.37,0.0,2,7074,买盘
888,10:40:40,35.36,-0.01,10,35360,卖盘
889,10:40:42,35.36,0.0,2,7072,卖盘
890,10:40:45,35.37,0.01,10,35370,买盘
891,10:40:52,35.36,-0.01,2,7072,卖盘
892,10:41:01,35.36,0.0,2,7072,卖盘
893,10:41:13,35.36,0.0,2,7072,卖盘
894,10:41:16,35.37,0.01,1,3537,买盘
895,10:41:19,35.36,-0.01,27,95481,卖盘
896,10:41:22,35.37,0.01,9,31827,买盘
897,10:41:25,35.38,0.01,1,3538,买盘
898,10:41:28,35.4,0.02,35,122102,卖盘
899,10:41:31,35.39,-0.01,8,28334,卖盘
900,10:41:34,35.44,0.05,8,28349,买盘
901,10:41:37,35.46,0.02,14,49639,买盘
902,10:41:40,35.46,0.0,1,3546,买盘
903,10:41:43,35.46,0.0,18,65426,买盘
904,10:41:46,35.48,0.02,5,17740,买盘
905,10:41:49,35.49,0.01,5,17745,买盘
906,10:41:52,35.49,0.0,2,7099,卖盘
907,10:41:55,35.53,0.04,12,42624,买盘
908,10:41:58,35.53,0.0,30,106590,买盘
909,10:42:01,35.52,-0.01,9,31976,卖盘
910,10:42:04,35.53,0.01,3,10659,买盘
911,10:42:07,35.53,0.0,6,21318,卖盘
912,10:42:22,35.53,0.0,1,3553,中性盘
913,10:42:25,35.53,0.0,1,3553,中性盘
914,10:42:27,35.54,0.01,2,7108,买盘
915,10:42:34,35.54,0.0,2,7108,卖盘
916,10:42:37,35.53,-0.01,10,35530,卖盘
917,10:42:40,35.6,0.07,5,17786,买盘
918,10:42:42,35.54,-0.06,1,3554,卖盘
919,10:42:45,35.55,0.01,1,3555,卖盘
920,10:42:52,35.64,0.09,10,35622,买盘
921,10:43:24,35.55,-0.09,2,7110,卖盘
922,10:43:31,35.55,0.0,5,17775,卖盘
923,10:43:40,35.56,0.01,9,31991,买盘
924,10:43:43,35.56,0.0,1,3556,卖盘
925,10:43:46,35.56,0.0,1,3556,卖盘
926,10:43:49,35.56,0.0,12,42672,卖盘
927,10:43:52,35.56,0.0,1,3556,卖盘
928,10:43:55,35.56,0.0,1,3556,卖盘
929,10:44:01,35.57,0.01,2,7113,买盘
930,10:44:06,35.55,-0.02,1,3555,卖盘
931,10:44:13,35.56,0.01,6,21334,买盘
932,10:44:22,35.56,0.0,2,7112,买盘
933,10:44:25,35.55,-0.01,2,7111,卖盘
934,10:44:34,35.57,0.02,1,3557,买盘
935,10:44:40,35.54,-0.03,20,71089,卖盘
936,10:44:51,35.54,0.0,4,14216,卖盘
937,10:44:57,35.54,0.0,2,7108,卖盘
938,10:45:21,35.52,-0.02,2,7104,卖盘
939,10:45:31,35.5,-0.02,1,3550,卖盘
940,10:45:34,35.5,0.0,6,21300,买盘
941,10:45:46,35.5,0.0,2,7100,卖盘
942,10:45:51,35.5,0.0,1,3550,买盘
943,10:45:57,35.5,0.0,2,7100,买盘
944,10:46:01,35.5,0.0,10,35500,卖盘
945,10:46:04,35.44,-0.06,12,42564,卖盘
946,10:46:10,35.44,0.0,2,7088,卖盘
947,10:46:16,35.44,0.0,2,7088,卖盘
948,10:46:22,35.44,0.0,5,17720,买盘
949,10:46:31,35.42,-0.02,7,24794,卖盘
950,10:46:46,35.43,0.01,10,35430,卖盘
951,10:46:52,35.45,0.02,6,21276,卖盘
952,10:47:01,35.43,-0.02,6,21270,卖盘
953,10:47:07,35.47,0.04,6,21268,买盘
954,10:47:12,35.44,-0.03,2,7088,卖盘
955,10:47:16,35.44,0.0,10,35440,卖盘
956,10:47:22,35.47,0.03,3,10641,买盘
957,10:47:31,35.45,-0.02,12,42542,卖盘
958,10:47:33,35.47,0.02,4,14184,买盘
959,10:47:46,35.44,-0.03,10,35441,卖盘
960,10:47:49,35.47,0.03,17,60295,买盘
961,10:47:51,35.47,0.0,2,7094,卖盘
962,10:48:00,35.47,0.0,9,31923,卖盘
963,10:48:10,35.48,0.01,3,10643,买盘
964,10:48:12,35.46,-0.02,2,7094,卖盘
965,10:48:16,35.47,0.01,7,24829,卖盘
966,10:48:30,35.47,0.0,2,7094,卖盘
967,10:48:46,35.45,-0.02,8,28362,卖盘
968,10:48:49,35.45,0.0,1,3545,买盘
969,10:48:52,35.42,-0.03,15,53147,卖盘
970,10:48:58,35.42,0.0,9,31894,卖盘
971,10:49:01,35.42,0.0,2,7084,卖盘
972,10:49:04,35.43,0.01,6,21254,买盘
973,10:49:16,35.43,0.0,10,35430,卖盘
974,10:49:28,35.45,0.02,1,3545,买盘
975,10:49:31,35.43,-0.02,15,53161,卖盘
976,10:49:37,35.44,0.01,2,7088,买盘
977,10:49:42,35.45,0.01,2,7090,卖盘
978,10:49:46,35.45,0.0,1,3545,卖盘
979,10:49:52,35.51,0.06,23,81601,买盘
980,10:50:01,35.51,0.0,4,14204,卖盘
981,10:50:13,35.51,0.0,7,24856,买盘
982,10:50:15,35.49,-0.02,7,24843,卖盘
983,10:50:21,35.49,0.0,1,3549,卖盘
984,10:50:25,35.49,0.0,1,3549,卖盘
985,10:50:31,35.49,0.0,9,31941,卖盘
986,10:50:34,35.49,0.0,2,7098,卖盘
987,10:50:40,35.5,0.01,1,3550,买盘
988,10:50:42,35.5,0.0,2,7100,卖盘
989,10:50:46,35.49,-0.01,10,35491,卖盘
990,10:51:01,35.49,0.0,3,10647,卖盘
991,10:51:04,35.49,0.0,1,3549,买盘
992,10:51:16,35.45,-0.04,3,10635,卖盘
993,10:51:25,35.45,0.0,4,14180,买盘
994,10:51:31,35.44,-0.01,8,28363,卖盘
995,10:51:34,35.45,0.01,2,7090,卖盘
996,10:51:40,35.45,0.0,7,24815,卖盘
997,10:51:45,35.45,0.0,4,14181,卖盘
998,10:51:49,35.45,0.0,5,17725,买盘
999,10:51:52,35.44,-0.01,2,7088,卖盘
1000,10:52:00,35.45,0.01,11,38995,卖盘
1001,10:52:04,35.46,0.01,1,3546,中性盘
1002,10:52:13,35.45,-0.01,6,21270,卖盘
1003,10:52:16,35.46,0.01,11,38998,买盘
1004,10:52:21,35.46,0.0,1,3546,中性盘
1005,10:52:31,35.45,-0.01,4,14180,卖盘
1006,10:52:37,35.45,0.0,1,3545,买盘
1007,10:52:43,35.44,-0.01,2,7088,卖盘
1008,10:52:46,35.46,0.02,11,39004,买盘
1009,10:52:52,35.46,0.0,1,3546,卖盘
1010,10:53:01,35.45,-0.01,8,28360,卖盘
1011,10:53:04,35.47,0.02,5,17730,买盘
1012,10:53:13,35.47,0.0,2,7094,卖盘
1013,10:53:16,35.47,0.0,10,35471,卖盘
1014,10:53:21,35.47,0.0,1,3547,卖盘
1015,10:53:24,35.48,0.01,2,7095,买盘
1016,10:53:31,35.47,-0.01,5,17735,卖盘
1017,10:53:37,35.49,0.02,7,24843,买盘
1018,10:53:42,35.48,-0.01,2,7096,卖盘
1019,10:53:46,35.47,-0.01,10,35471,卖盘
1020,10:53:49,35.51,0.04,8,28401,买盘
1021,10:53:52,35.51,0.0,1,3551,卖盘
1022,10:53:55,35.56,0.05,12,42646,买盘
1023,10:54:01,35.53,-0.03,7,24871,卖盘
1024,10:54:07,35.57,0.04,3,10669,买盘
1025,10:54:21,35.52,-0.05,1,3552,卖盘
1026,10:54:28,35.53,0.01,8,28423,买盘
1027,10:54:31,35.51,-0.02,9,31963,卖盘
1028,10:54:33,35.51,0.0,11,39070,卖盘
1029,10:54:46,35.51,0.0,8,28408,卖盘
1030,10:55:01,35.54,0.03,1,3554,卖盘
1031,10:55:04,35.51,-0.03,12,42612,卖盘
1032,10:55:13,35.51,0.0,1,3551,卖盘
1033,10:55:16,35.51,0.0,7,24857,卖盘
1034,10:55:19,35.53,0.02,1,3553,买盘
1035,10:55:30,35.51,-0.02,8,28408,卖盘
1036,10:55:43,35.5,-0.01,2,7100,中性盘
1037,10:55:46,35.47,-0.03,9,31938,卖盘
1038,10:55:48,35.51,0.04,2,7102,买盘
1039,10:55:55,35.51,0.0,1,3551,卖盘
1040,10:56:00,35.45,-0.06,9,31905,卖盘
1041,10:56:16,35.45,0.0,8,28360,卖盘
1042,10:56:31,35.45,0.0,15,53175,卖盘
1043,10:56:34,35.47,0.02,4,14188,买盘
1044,10:56:37,35.47,0.0,1,3547,卖盘
1045,10:56:40,35.45,-0.02,7,24819,卖盘
1046,10:56:46,35.45,0.0,7,24815,中性盘
1047,10:56:58,35.46,0.01,2,7092,买盘
1048,10:57:01,35.45,-0.01,10,35458,卖盘
1049,10:57:04,35.45,0.0,2,7090,卖盘
1050,10:57:16,35.45,0.0,9,31905,卖盘
1051,10:57:19,35.45,0.0,2,7090,卖盘
1052,10:57:24,35.46,0.01,4,14182,买盘
1053,10:57:31,35.45,-0.01,3,10635,卖盘
1054,10:57:43,35.44,-0.01,1,3544,卖盘
1055,10:57:46,35.44,0.0,8,28352,卖盘
1056,10:58:01,35.44,0.0,9,31896,卖盘
1057,10:58:04,35.44,0.0,2,7088,卖盘
1058,10:58:06,35.45,0.01,4,14180,买盘
1059,10:58:12,35.44,-0.01,2,7088,卖盘
1060,10:58:16,35.44,0.0,8,28352,卖盘
1061,10:58:18,35.45,0.01,5,17725,买盘
1062,10:58:21,35.45,0.0,3,10635,买盘
1063,10:58:24,35.45,0.0,2,7090,卖盘
1064,10:58:28,35.49,0.04,7,24831,买盘
1065,10:58:31,35.45,-0.04,9,31905,卖盘
1066,10:58:34,35.45,0.0,1,3545,买盘
1067,10:58:37,35.45,0.0,2,7090,买盘
1068,10:58:43,35.44,-0.01,2,7088,卖盘
1069,10:58:45,35.45,0.01,4,14180,中性盘
1070,10:58:52,35.45,0.0,1,3545,买盘
1071,10:58:55,35.44,-0.01,2,7088,卖盘
1072,10:59:01,35.44,0.0,9,31896,卖盘
1073,10:59:04,35.45,0.01,2,7089,中性盘
1074,10:59:16,35.45,0.0,9,31905,卖盘
1075,10:59:25,35.46,0.01,1,3546,中性盘
1076,10:59:31,35.45,-0.01,9,31914,卖盘
1077,10:59:34,35.45,0.0,5,17725,买盘
1078,10:59:40,35.45,0.0,33,117014,卖盘
1079,10:59:43,35.44,-0.01,16,56713,卖盘
1080,10:59:54,35.45,0.01,2,7090,卖盘
1081,11:00:01,35.44,-0.01,1,3544,卖盘
1082,11:00:13,35.44,0.0,8,28352,卖盘
1083,11:00:16,35.44,0.0,6,21264,卖盘
1084,11:00:21,35.44,0.0,1,3544,卖盘
1085,11:00:25,35.44,0.0,1,3544,卖盘
1086,11:00:31,35.44,0.0,11,38984,卖盘
1087,11:00:33,35.44,0.0,1,3544,卖盘
1088,11:00:43,35.44,0.0,2,7088,卖盘
1089,11:00:45,35.45,0.01,9,31897,买盘
1090,11:00:51,35.44,-0.01,1,3544,卖盘
1091,11:00:55,35.44,0.0,1,3544,卖盘
1092,11:01:01,35.44,0.0,9,31896,卖盘
1093,11:01:04,35.44,0.0,1,3544,卖盘
1094,11:01:10,35.45,0.01,1,3545,买盘
1095,11:01:12,35.44,-0.01,2,7088,卖盘
1096,11:01:15,35.44,0.0,8,28353,卖盘
1097,11:01:19,35.44,0.0,6,21264,卖盘
1098,11:01:21,35.45,0.01,2,7090,中性盘
1099,11:01:24,35.44,-0.01,3,10632,卖盘
1100,11:01:31,35.44,0.0,4,14176,卖盘
1101,11:01:43,35.43,-0.01,1,3543,卖盘
1102,11:01:46,35.43,0.0,1,3543,卖盘
1103,11:01:52,35.42,-0.01,1,3542,卖盘
1104,11:01:55,35.42,0.0,1,3542,卖盘
1105,11:02:01,35.42,0.0,3,10628,卖盘
1106,11:02:12,35.42,0.0,4,14168,买盘
1107,11:02:15,35.41,-0.01,8,28334,卖盘
1108,11:02:18,35.41,0.0,12,42492,卖盘
1109,11:02:31,35.41,0.0,2,7082,卖盘
1110,11:02:37,35.41,0.0,1,3541,买盘
1111,11:02:43,35.42,0.01,9,31876,买盘
1112,11:02:45,35.41,-0.01,6,21246,卖盘
1113,11:02:52,35.41,0.0,2,7083,卖盘
1114,11:02:55,35.41,0.0,1,3541,卖盘
1115,11:02:57,35.4,-0.01,10,35409,卖盘
1116,11:03:01,35.41,0.01,2,7082,中性盘
1117,11:03:04,35.41,0.0,3,10623,买盘
1118,11:03:13,35.4,-0.01,1,3540,卖盘
1119,11:03:15,35.4,0.0,11,38940,卖盘
1120,11:03:19,35.41,0.01,2,7082,买盘
1121,11:03:22,35.43,0.02,6,21256,买盘
1122,11:03:31,35.43,0.0,7,24802,卖盘
1123,11:03:33,35.43,0.0,2,7086,卖盘
1124,11:03:43,35.43,0.0,1,3543,卖盘
1125,11:03:58,35.42,-0.01,2,7084,买盘
1126,11:04:01,35.41,-0.01,8,28330,卖盘
1127,11:04:04,35.41,0.0,2,7082,卖盘
1128,11:04:10,35.41,0.0,16,56660,卖盘
1129,11:04:16,35.41,0.0,9,31869,卖盘
1130,11:04:22,35.4,-0.01,56,198245,卖盘
1131,11:04:25,35.42,0.02,2,7083,买盘
1132,11:04:28,35.41,-0.01,1,3541,买盘
1133,11:04:31,35.41,0.0,7,24787,卖盘
1134,11:04:33,35.41,0.0,2,7082,卖盘
1135,11:04:37,35.4,-0.01,20,70800,卖盘
1136,11:04:39,35.4,0.0,45,159300,卖盘
1137,11:04:46,35.4,0.0,1,3540,买盘
1138,11:04:52,35.39,-0.01,8,28319,卖盘
1139,11:04:55,35.39,0.0,1,3539,卖盘
1140,11:05:04,35.38,-0.01,2,7076,卖盘
1141,11:05:10,35.37,-0.01,3,10612,卖盘
1142,11:05:15,35.37,0.0,8,28296,卖盘
1143,11:05:22,35.37,0.0,14,49519,卖盘
1144,11:05:25,35.37,0.0,1,3537,买盘
1145,11:05:31,35.36,-0.01,8,28288,卖盘
1146,11:05:34,35.37,0.01,12,42442,买盘
1147,11:05:36,35.36,-0.01,10,35362,卖盘
1148,11:05:42,35.37,0.01,7,24758,买盘
1149,11:05:45,35.36,-0.01,7,24752,卖盘
1150,11:05:49,35.36,0.0,10,35360,卖盘
1151,11:05:51,35.36,0.0,2,7072,卖盘
1152,11:06:01,35.36,0.0,9,31824,卖盘
1153,11:06:04,35.36,0.0,2,7072,卖盘
1154,11:06:07,35.37,0.01,23,81348,买盘
1155,11:06:10,35.37,0.0,1,3537,卖盘
1156,11:06:12,35.37,0.0,1,3537,卖盘
1157,11:06:16,35.37,0.0,9,31833,卖盘
1158,11:06:22,35.37,0.0,8,28296,卖盘
1159,11:06:25,35.37,0.0,1,3537,卖盘
1160,11:06:28,35.38,0.01,1,3538,买盘
1161,11:06:30,35.38,0.0,13,45994,卖盘
1162,11:06:34,35.38,0.0,9,31842,卖盘
1163,11:06:37,35.38,0.0,7,24766,卖盘
1164,11:06:40,35.38,0.0,7,24766,卖盘
1165,11:06:42,35.38,0.0,1,3538,卖盘
1166,11:06:45,35.38,0.0,24,84892,卖盘
1167,11:06:52,35.37,-0.01,15,53055,卖盘
1168,11:06:55,35.37,0.0,2,7074,买盘
1169,11:07:01,35.37,0.0,7,24759,卖盘
1170,11:07:04,35.38,0.01,3,10612,买盘
1171,11:07:07,35.38,0.0,51,180377,买盘
1172,11:07:12,35.36,-0.02,2,7072,卖盘
1173,11:07:16,35.36,0.0,6,21216,卖盘
1174,11:07:22,35.36,0.0,1,3536,卖盘
1175,11:07:25,35.36,0.0,1,3536,卖盘
1176,11:07:28,35.35,-0.01,25,88378,卖盘
1177,11:07:31,35.35,0.0,9,31818,卖盘
1178,11:07:37,35.35,0.0,26,91913,卖盘
1179,11:07:39,35.35,0.0,14,49490,卖盘
1180,11:07:42,35.35,0.0,24,84840,卖盘
1181,11:07:45,35.36,0.01,9,31817,买盘
1182,11:07:55,35.33,-0.03,1,3533,卖盘
1183,11:08:01,35.33,0.0,1,3533,买盘
1184,11:08:04,35.31,-0.02,10,35310,卖盘
1185,11:08:07,35.3,-0.01,46,162411,卖盘
1186,11:08:10,35.31,0.01,1,3531,买盘
1187,11:08:13,35.3,-0.01,18,63540,卖盘
1188,11:08:16,35.3,0.0,39,137670,卖盘
1189,11:08:19,35.28,-0.02,103,363960,卖盘
1190,11:08:22,35.28,0.0,12,42336,卖盘
1191,11:08:24,35.29,0.01,3,10585,买盘
1192,11:08:27,35.28,-0.01,34,119952,卖盘
1193,11:08:30,35.28,0.0,4,14112,买盘
1194,11:08:34,35.27,-0.01,27,95229,卖盘
1195,11:08:37,35.27,0.0,82,289214,卖盘
1196,11:08:40,35.22,-0.05,22,77512,卖盘
1197,11:08:43,35.26,0.04,1,3526,中性盘
1198,11:08:55,35.2,-0.06,377,1326684,卖盘
1199,11:09:04,35.23,0.03,1,3523,买盘
1200,11:09:10,35.22,-0.01,15,52830,卖盘
1201,11:09:16,35.21,-0.01,6,21129,卖盘
1202,11:09:19,35.21,0.0,2,7042,买盘
1203,11:09:25,35.2,-0.01,2,7040,卖盘
1204,11:09:28,35.21,0.01,17,59851,买盘
1205,11:09:31,35.2,-0.01,8,28161,卖盘
1206,11:09:34,35.2,0.0,12,42250,卖盘
1207,11:09:37,35.2,0.0,44,155338,卖盘
1208,11:09:40,35.2,0.0,10,35208,卖盘
1209,11:09:43,35.2,0.0,4,14080,卖盘
1210,11:09:46,35.21,0.01,10,35204,买盘
1211,11:09:49,35.21,0.0,7,24189,买盘
1212,11:09:55,35.21,0.0,2,7042,卖盘
1213,11:10:01,35.21,0.0,1,3979,卖盘
1214,11:10:04,35.22,0.01,11,38735,买盘
1215,11:10:06,35.21,-0.01,1,3063,卖盘
1216,11:10:10,35.21,0.0,22,77462,卖盘
1217,11:10:19,35.22,0.01,8,28176,卖盘
1218,11:10:21,35.22,0.0,17,59882,卖盘
1219,11:10:28,35.22,0.0,20,70440,买盘
1220,11:10:31,35.21,-0.01,7,24648,卖盘
1221,11:10:34,35.22,0.01,13,45786,买盘
1222,11:10:37,35.23,0.01,7,24661,卖盘
1223,11:10:40,35.21,-0.02,10,35217,卖盘
1224,11:10:45,35.22,0.01,63,222128,卖盘
1225,11:10:48,35.22,0.0,3,10572,卖盘
1226,11:10:52,35.22,0.0,12,42264,卖盘
1227,11:10:57,35.25,0.03,14,49350,卖盘
1228,11:11:01,35.25,0.0,5,17625,卖盘
1229,11:11:04,35.25,0.0,7,24675,卖盘
1230,11:11:07,35.24,-0.01,9,31714,卖盘
1231,11:11:10,35.26,0.02,2,7052,卖盘
1232,11:11:16,35.23,-0.03,9,31713,卖盘
1233,11:11:18,35.23,0.0,1,3523,买盘
1234,11:11:24,35.23,0.0,4,14094,买盘
1235,11:11:31,35.22,-0.01,6,21136,卖盘
1236,11:11:37,35.23,0.01,4,14092,卖盘
1237,11:11:43,35.22,-0.01,16,56355,卖盘
1238,11:11:46,35.22,0.0,19,66918,卖盘
1239,11:11:49,35.22,0.0,1,3522,卖盘
1240,11:11:52,35.22,0.0,4,14088,卖盘
1241,11:11:55,35.22,0.0,11,38742,卖盘
1242,11:11:57,35.22,0.0,26,91572,买盘
1243,11:12:00,35.21,-0.01,29,102109,卖盘
1244,11:12:03,35.2,-0.01,22,77900,卖盘
1245,11:12:06,35.21,0.01,1,3521,买盘
1246,11:12:10,35.2,-0.01,3,10560,卖盘
1247,11:12:13,35.2,0.0,1,3520,卖盘
1248,11:12:15,35.2,0.0,9,31680,卖盘
1249,11:12:18,35.18,-0.02,16,56288,卖盘
1250,11:12:25,35.21,0.03,13,45765,买盘
1251,11:12:28,35.19,-0.02,1,3519,买盘
1252,11:12:31,35.18,-0.01,8,28144,卖盘
1253,11:12:33,35.18,0.0,1,3518,卖盘
1254,11:12:37,35.18,0.0,11,38698,卖盘
1255,11:12:40,35.19,0.01,10,35184,买盘
1256,11:12:43,35.18,-0.01,12,42216,卖盘
1257,11:12:55,35.17,-0.01,12,42204,卖盘
1258,11:12:57,35.17,0.0,5,17585,卖盘
1259,11:13:00,35.18,0.01,74,260282,买盘
1260,11:13:04,35.18,0.0,16,56288,卖盘
1261,11:13:10,35.17,-0.01,1,3517,买盘
1262,11:13:12,35.16,-0.01,1,3516,卖盘
1263,11:13:15,35.16,0.0,7,24612,卖盘
1264,11:13:18,35.17,0.01,9,31653,买盘
1265,11:13:21,35.15,-0.02,8,28137,卖盘
1266,11:13:24,35.15,0.0,2,7030,卖盘
1267,11:13:28,35.16,0.01,1,3516,买盘
1268,11:13:30,35.15,-0.01,2,7030,卖盘
1269,11:13:34,35.16,0.01,15,52731,买盘
1270,11:13:37,35.15,-0.01,9,31644,卖盘
1271,11:13:43,35.15,0.0,1,3515,买盘
1272,11:13:46,35.13,-0.02,4,14052,卖盘
1273,11:13:48,35.13,0.0,6,21078,买盘
1274,11:13:52,35.13,0.0,6,21078,买盘
1275,11:13:54,35.12,-0.01,15,52693,卖盘
1276,11:13:57,35.13,0.01,2,7025,买盘
1277,11:14:01,35.12,-0.01,7,24585,卖盘
1278,11:14:04,35.12,0.0,2,7025,卖盘
1279,11:14:06,35.12,0.0,14,49169,卖盘
1280,11:14:09,35.12,0.0,2,7024,买盘
1281,11:14:16,35.11,-0.01,13,45643,卖盘
1282,11:14:19,35.12,0.01,83,291475,买盘
1283,11:14:22,35.14,0.02,2,7028,买盘
1284,11:14:24,35.11,-0.03,24,84269,卖盘
1285,11:14:28,35.13,0.02,6,21077,买盘
1286,11:14:31,35.12,-0.01,6,21079,卖盘
1287,11:14:36,35.12,0.0,31,108895,卖盘
1288,11:14:46,35.12,0.0,12,42146,卖盘
1289,11:14:51,35.14,0.02,3,10542,买盘
1290,11:14:54,35.14,0.0,2,7028,卖盘
1291,11:15:01,35.14,0.0,9,31626,卖盘
1292,11:15:07,35.14,0.0,28,98392,买盘
1293,11:15:10,35.2,0.06,1,3520,买盘
1294,11:15:15,35.14,-0.06,6,21084,卖盘
1295,11:15:30,35.15,0.01,8,28120,卖盘
1296,11:15:43,35.16,0.01,1,3516,卖盘
1297,11:15:46,35.16,0.0,34,119491,中性盘
1298,11:15:49,35.15,-0.01,5,17575,买盘
1299,11:15:55,35.15,0.0,4,14058,买盘
1300,11:16:01,35.15,0.0,7,24605,卖盘
1301,11:16:13,35.21,0.06,6,21126,买盘
1302,11:16:16,35.17,-0.04,2,7034,卖盘
1303,11:16:22,35.17,0.0,1,3517,买盘
1304,11:16:24,35.17,0.0,1,3517,买盘
1305,11:16:30,35.16,-0.01,1,3516,卖盘
1306,11:16:36,35.16,0.0,1,3516,买盘
1307,11:16:39,35.15,-0.01,2,7030,卖盘
1308,11:16:42,35.16,0.01,7,24612,买盘
1309,11:16:49,35.15,-0.01,10,35150,卖盘
1310,11:16:58,35.15,0.0,2,7030,卖盘
1311,11:17:00,35.15,0.0,4,14062,卖盘
1312,11:17:04,35.15,0.0,1,3515,买盘
1313,11:17:10,35.14,-0.01,2,7029,卖盘
1314,11:17:12,35.14,0.0,1,3514,卖盘
1315,11:17:19,35.14,0.0,9,31626,卖盘
1316,11:17:25,35.17,0.03,4,14062,买盘
1317,11:17:28,35.17,0.0,5,17585,卖盘
1318,11:17:34,35.17,0.0,4,14068,买盘
1319,11:17:37,35.17,0.0,12,42204,买盘
1320,11:17:39,35.17,0.0,1,3517,卖盘
1321,11:17:43,35.17,0.0,1,3517,卖盘
1322,11:17:48,35.17,0.0,2,7034,卖盘
1323,11:17:54,35.17,0.0,1,3517,买盘
1324,11:18:01,35.15,-0.02,6,21090,卖盘
1325,11:18:04,35.16,0.01,2,7032,买盘
1326,11:18:10,35.16,0.0,3,10550,卖盘
1327,11:18:13,35.16,0.0,1,3516,卖盘
1328,11:18:19,35.16,0.0,9,31644,卖盘
1329,11:18:22,35.16,0.0,3,10549,卖盘
1330,11:18:25,35.16,0.0,10,35160,卖盘
1331,11:18:30,35.17,0.01,8,26342,买盘
1332,11:18:34,35.17,0.0,10,35170,卖盘
1333,11:18:40,35.18,0.01,4,14072,买盘
1334,11:18:48,35.18,0.0,1,3518,卖盘
1335,11:18:54,35.18,0.0,2,7036,买盘
1336,11:19:01,35.17,-0.01,15,52760,卖盘
1337,11:19:04,35.18,0.01,5,17590,中性盘
1338,11:19:09,35.18,0.0,4,14072,买盘
1339,11:19:13,35.18,0.0,1,3518,卖盘
1340,11:19:16,35.18,0.0,9,31662,卖盘
1341,11:19:22,35.18,0.0,2,7036,卖盘
1342,11:19:25,35.19,0.01,1,3519,买盘
1343,11:19:30,35.18,-0.01,10,35180,卖盘
1344,11:19:34,35.18,0.0,1,3518,卖盘
1345,11:19:37,35.19,0.01,1,3519,买盘
1346,11:19:39,35.19,0.0,1,3519,卖盘
1347,11:19:43,35.19,0.0,1,3519,卖盘
1348,11:19:46,35.19,0.0,7,24633,卖盘
1349,11:19:52,35.19,0.0,2,7038,卖盘
1350,11:19:55,35.2,0.01,1,3520,买盘
1351,11:20:01,35.2,0.0,20,70400,买盘
1352,11:20:04,35.19,-0.01,5,17597,卖盘
1353,11:20:16,35.2,0.01,2,7040,卖盘
1354,11:20:19,35.2,0.0,8,28160,买盘
1355,11:20:22,35.2,0.0,2,7040,卖盘
1356,11:20:25,35.22,0.02,75,264128,买盘
1357,11:20:30,35.23,0.01,15,52845,卖盘
1358,11:20:39,35.26,0.03,13,45836,买盘
1359,11:20:43,35.26,0.0,2,7052,卖盘
1360,11:20:46,35.26,0.0,6,21156,卖盘
1361,11:21:01,35.26,0.0,2,7052,卖盘
1362,11:21:04,35.26,0.0,2,7052,买盘
1363,11:21:10,35.26,0.0,1,3526,买盘
1364,11:21:13,35.25,-0.01,2,7051,卖盘
1365,11:21:16,35.36,0.11,1,3536,买盘
1366,11:21:19,35.26,-0.1,5,17630,买盘
1367,11:21:22,35.25,-0.01,2,7050,卖盘
1368,11:21:25,35.26,0.01,5,17630,买盘
1369,11:21:31,35.22,-0.04,10,35220,卖盘
1370,11:21:45,35.23,0.01,1,3523,卖盘
1371,11:21:49,35.34,0.11,8,28206,买盘
1372,11:21:52,35.22,-0.12,1,3522,卖盘
1373,11:21:57,35.22,0.0,1,3522,买盘
1374,11:22:01,35.22,0.0,1,3522,卖盘
1375,11:22:04,35.22,0.0,9,31698,卖盘
1376,11:22:19,35.22,0.0,9,31698,卖盘
1377,11:22:21,35.22,0.0,23,81009,卖盘
1378,11:22:30,35.21,-0.01,6,21126,卖盘
1379,11:22:33,35.22,0.01,23,81002,买盘
1380,11:22:40,35.21,-0.01,5,17605,买盘
1381,11:22:43,35.2,-0.01,2,7040,卖盘
1382,11:22:45,35.2,0.0,9,31680,卖盘
1383,11:22:48,35.2,0.0,8,28160,卖盘
1384,11:22:52,35.2,0.0,2,7041,卖盘
1385,11:22:58,35.21,0.01,4,14083,买盘
1386,11:23:04,35.19,-0.02,12,42228,卖盘
1387,11:23:12,35.2,0.01,2,7040,卖盘
1388,11:23:15,35.21,0.01,11,38731,买盘
1389,11:23:19,35.21,0.0,7,24647,卖盘
1390,11:23:22,35.21,0.0,1,3521,卖盘
1391,11:23:24,35.21,0.0,1,3521,卖盘
1392,11:23:31,35.22,0.01,5,17610,买盘
1393,11:23:34,35.21,-0.01,12,42252,卖盘
1394,11:23:43,35.21,0.0,2,7042,卖盘
1395,11:23:49,35.21,0.0,9,31689,卖盘
1396,11:23:51,35.21,0.0,1,3521,卖盘
1397,11:24:04,35.19,-0.02,10,35190,卖盘
1398,11:24:12,35.19,0.0,2,7038,卖盘
1399,11:24:19,35.19,0.0,10,35190,卖盘
1400,11:24:22,35.19,0.0,11,38709,卖盘
1401,11:24:25,35.19,0.0,8,28152,买盘
1402,11:24:34,35.18,-0.01,13,45734,卖盘
1403,11:24:43,35.18,0.0,2,7036,卖盘
1404,11:24:49,35.18,0.0,7,24626,卖盘
1405,11:24:52,35.18,0.0,1,3518,卖盘
1406,11:24:54,35.18,0.0,7,24626,卖盘
1407,11:24:58,35.18,0.0,19,66842,卖盘
1408,11:25:07,35.17,-0.01,4,14068,卖盘
1409,11:25:10,35.17,0.0,1,3517,卖盘
1410,11:25:12,35.17,0.0,12,42204,卖盘
1411,11:25:18,35.17,0.0,7,24619,卖盘
1412,11:25:33,35.16,-0.01,11,38676,卖盘
1413,11:25:37,35.17,0.01,58,203944,买盘
1414,11:25:43,35.14,-0.03,17,59752,卖盘
1415,11:25:52,35.14,0.0,1,3514,卖盘
1416,11:25:55,35.14,0.0,1,3514,卖盘
1417,11:26:01,35.14,0.0,2,7028,卖盘
1418,11:26:04,35.14,0.0,2,7028,卖盘
1419,11:26:07,35.14,0.0,3,10542,买盘
1420,11:26:12,35.13,-0.01,1,3513,卖盘
1421,11:26:15,35.14,0.01,2,7027,买盘
1422,11:26:21,35.12,-0.02,16,56196,卖盘
1423,11:26:31,35.12,0.0,8,28099,卖盘
1424,11:26:33,35.12,0.0,2,7024,卖盘
1425,11:26:39,35.12,0.0,30,105370,卖盘
1426,11:26:46,35.12,0.0,5,17560,买盘
1427,11:26:49,35.12,0.0,14,49158,买盘
1428,11:26:55,35.11,-0.01,2,7022,卖盘
1429,11:26:58,35.12,0.01,9,31608,买盘
1430,11:27:01,35.11,-0.01,1,3511,卖盘
1431,11:27:04,35.11,0.0,19,66721,卖盘
1432,11:27:07,35.11,0.0,21,73741,卖盘
1433,11:27:13,35.11,0.0,206,723271,卖盘
1434,11:27:16,35.11,0.0,1,3511,卖盘
1435,11:27:19,35.11,0.0,112,391441,卖盘
1436,11:27:21,35.1,-0.01,36,128158,卖盘
1437,11:27:25,35.11,0.01,20,70173,买盘
1438,11:27:28,35.08,-0.03,31,108762,卖盘
1439,11:27:30,35.08,0.0,2,7016,卖盘
1440,11:27:37,35.11,0.03,11,38604,买盘
1441,11:27:43,35.03,-0.08,14,49079,卖盘
1442,11:27:49,35.01,-0.02,14,49016,卖盘
1443,11:27:58,35.0,-0.01,113,395561,卖盘
1444,11:28:04,35.01,0.01,2,7002,买盘
1445,11:28:06,35.02,0.01,8,28009,买盘
1446,11:28:10,35.0,-0.02,10,35006,卖盘
1447,11:28:13,35.0,0.0,20,70000,卖盘
1448,11:28:16,35.02,0.02,5,17508,买盘
1449,11:28:19,35.01,-0.01,13,45529,卖盘
1450,11:28:22,35.0,-0.01,13,45500,卖盘
1451,11:28:34,35.03,0.03,9,31513,买盘
1452,11:28:37,35.02,-0.01,1,3502,买盘
1453,11:28:39,35.02,0.0,1,3502,买盘
1454,11:28:42,35.01,-0.01,3,10504,卖盘
1455,11:28:46,35.04,0.03,1,3504,买盘
1456,11:28:48,35.01,-0.03,11,38514,卖盘
1457,11:28:52,35.05,0.04,1,3505,买盘
1458,11:28:54,35.04,-0.01,3,10513,卖盘
1459,11:29:04,35.04,0.0,6,21027,卖盘
1460,11:29:07,35.05,0.01,6,21030,买盘
1461,11:29:13,35.04,-0.01,1,3504,卖盘
1462,11:29:16,35.04,0.0,1,3504,卖盘
1463,11:29:18,35.05,0.01,15,52565,买盘
1464,11:29:21,35.05,0.0,1,3505,买盘
1465,11:29:25,35.04,-0.01,1,3504,中性盘
1466,11:29:28,35.04,0.0,1,3504,买盘
1467,11:29:34,35.05,0.01,25,87605,买盘
1468,11:29:49,35.08,0.03,1,3508,买盘
1469,11:30:04,35.07,-0.01,4,14026,买盘
1470,13:00:05,35.09,0.02,16,56102,买盘
1471,13:00:07,35.07,-0.02,152,533104,卖盘
1472,13:00:10,35.07,0.0,2,7015,卖盘
1473,13:00:19,35.08,0.01,9,31572,买盘
1474,13:00:22,35.07,-0.01,13,45591,卖盘
1475,13:00:25,35.07,0.0,1,3507,卖盘
1476,13:00:28,35.07,0.0,4,14028,卖盘
1477,13:00:31,35.07,0.0,2,7014,卖盘
1478,13:00:34,35.07,0.0,3,10522,卖盘
1479,13:00:37,35.07,0.0,14,49098,卖盘
1480,13:00:43,35.07,0.0,19,66640,卖盘
1481,13:00:51,35.06,-0.01,5,17530,卖盘
1482,13:00:57,35.02,-0.04,50,175161,卖盘
1483,13:01:04,35.05,0.03,1,3505,中性盘
1484,13:01:07,35.02,-0.03,5,17510,卖盘
1485,13:01:13,35.01,-0.01,1,3501,卖盘
1486,13:01:16,35.01,0.0,1,3501,卖盘
1487,13:01:22,35.01,0.0,12,42012,卖盘
1488,13:01:24,35.0,-0.01,353,1235518,卖盘
1489,13:01:31,35.0,0.0,3,10500,卖盘
1490,13:01:36,35.0,0.0,10,35000,买盘
1491,13:01:43,34.98,-0.02,1,3498,卖盘
1492,13:01:45,34.98,0.0,9,31482,买盘
1493,13:01:49,34.98,0.0,1,3498,买盘
1494,13:01:51,34.94,-0.04,34,118810,卖盘
1495,13:01:58,34.95,0.01,11,38438,买盘
1496,13:02:04,34.94,-0.01,1,3494,买盘
1497,13:02:07,34.93,-0.01,8,27953,卖盘
1498,13:02:18,34.9,-0.03,1,3490,卖盘
1499,13:02:21,34.9,0.0,15,52350,卖盘
1500,13:02:25,34.9,0.0,17,59335,卖盘
1501,13:02:27,34.91,0.01,1,3491,买盘
1502,13:02:30,34.9,-0.01,5,17450,买盘
1503,13:02:33,34.9,0.0,5,17450,买盘
1504,13:02:37,34.9,0.0,26,90740,买盘
1505,13:02:40,34.9,0.0,11,38392,卖盘
1506,13:02:42,34.9,0.0,3,10473,卖盘
1507,13:02:45,34.93,0.03,1,3493,买盘
1508,13:02:48,34.93,0.0,1,3493,买盘
1509,13:02:51,34.9,-0.03,10,34905,卖盘
1510,13:02:54,34.92,0.02,1,3492,买盘
1511,13:02:58,34.93,0.01,2,6985,买盘
1512,13:03:01,34.94,0.01,1,3494,买盘
1513,13:03:04,34.93,-0.01,3,10480,卖盘
1514,13:03:06,34.93,0.0,6,20962,卖盘
1515,13:03:10,34.93,0.0,1,3493,买盘
1516,13:03:12,34.93,0.0,7,24451,买盘
1517,13:03:16,34.93,0.0,12,41916,卖盘
1518,13:03:19,34.96,0.03,11,38426,买盘
1519,13:03:22,34.96,0.0,1,3496,买盘
1520,13:03:25,34.94,-0.02,4,13976,买盘
1521,13:03:28,34.94,0.0,8,27952,买盘
1522,13:03:31,34.94,0.0,3,10482,买盘
1523,13:03:33,34.97,0.03,10,34944,买盘
1524,13:03:37,34.94,-0.03,18,62902,卖盘
1525,13:03:45,34.99,0.05,8,27990,买盘
1526,13:03:51,34.95,-0.04,3,10485,卖盘
1527,13:03:58,34.95,0.0,3,10485,买盘
1528,13:04:00,34.95,0.0,4,13980,买盘
1529,13:04:04,34.95,0.0,2,6990,卖盘
1530,13:04:07,34.95,0.0,2,6993,卖盘
1531,13:04:10,34.94,-0.01,2,6988,卖盘
1532,13:04:13,34.95,0.01,4,13980,买盘
1533,13:04:16,34.95,0.0,6,20970,买盘
1534,13:04:21,34.94,-0.01,15,52423,卖盘
1535,13:04:25,34.94,0.0,5,17473,卖盘
1536,13:04:33,34.94,0.0,15,52411,卖盘
1537,13:04:36,34.94,0.0,2,6988,卖盘
1538,13:04:40,34.94,0.0,15,52410,买盘
1539,13:04:42,34.94,0.0,9,31463,中性盘
1540,13:04:45,34.97,0.03,3,10491,买盘
1541,13:04:48,34.92,-0.05,33,115271,卖盘
1542,13:04:52,34.97,0.05,3,10491,买盘
1543,13:04:55,34.94,-0.03,11,38434,买盘
1544,13:04:58,34.94,0.0,1,3494,买盘
1545,13:05:01,34.94,0.0,1,3494,买盘
1546,13:05:04,34.94,0.0,7,24461,买盘
1547,13:05:06,34.97,0.03,4,13988,买盘
1548,13:05:10,34.92,-0.05,6,20958,卖盘
1549,13:05:12,34.92,0.0,11,38412,买盘
1550,13:05:19,34.96,0.04,1,3496,买盘
1551,13:05:22,34.94,-0.02,12,41930,卖盘
1552,13:05:24,34.94,0.0,26,90870,卖盘
1553,13:05:27,34.94,0.0,1,3494,买盘
1554,13:05:30,34.94,0.0,5,17470,买盘
1555,13:05:33,34.94,0.0,3,10481,买盘
1556,13:05:37,34.92,-0.02,21,73339,卖盘
1557,13:05:40,34.97,0.05,27,92574,买盘
1558,13:05:43,34.94,-0.03,2,6988,卖盘
1559,13:05:55,34.95,0.01,7,24465,卖盘
1560,13:05:57,34.96,0.01,2,6992,买盘
1561,13:06:04,34.95,-0.01,2,6990,卖盘
1562,13:06:07,34.95,0.0,12,41943,卖盘
1563,13:06:12,34.96,0.01,1,3496,中性盘
1564,13:06:18,34.95,-0.01,2,6990,卖盘
1565,13:06:22,34.95,0.0,11,38445,卖盘
1566,13:06:25,34.95,0.0,1,3495,卖盘
1567,13:06:28,34.96,0.01,1,3496,买盘
1568,13:06:33,34.96,0.0,2,6992,中性盘
1569,13:06:37,34.96,0.0,15,52440,卖盘
1570,13:06:40,34.96,0.0,1,3496,卖盘
1571,13:06:43,34.96,0.0,2,6992,卖盘
1572,13:06:46,34.97,0.01,1,3497,买盘
1573,13:06:52,34.96,-0.01,7,24472,卖盘
1574,13:07:04,34.95,-0.01,7,24470,卖盘
1575,13:07:06,34.95,0.0,17,59418,卖盘
1576,13:07:12,34.96,0.01,5,17483,卖盘
1577,13:07:16,34.97,0.01,1,3497,买盘
1578,13:07:21,34.96,-0.01,2,6992,卖盘
1579,13:07:24,34.97,0.01,2,6994,买盘
1580,13:07:33,34.97,0.0,2,6994,卖盘
1581,13:07:36,34.97,0.0,13,45461,卖盘
1582,13:07:40,34.98,0.01,1,3498,买盘
1583,13:07:42,34.98,0.0,2,6995,中性盘
1584,13:07:52,34.98,0.0,7,24486,卖盘
1585,13:07:55,34.99,0.01,21,73473,买盘
1586,13:07:58,35.0,0.01,8,27993,买盘
1587,13:08:04,35.0,0.0,2,7000,卖盘
1588,13:08:06,35.0,0.0,21,73500,卖盘
1589,13:08:10,35.04,0.04,1,3504,买盘
1590,13:08:13,35.04,0.0,3,10512,买盘
1591,13:08:16,35.03,-0.01,2,7006,买盘
1592,13:08:22,35.04,0.01,12,42048,卖盘
1593,13:08:24,35.04,0.0,2,7008,卖盘
1594,13:08:31,35.05,0.01,2,7010,买盘
1595,13:08:34,35.04,-0.01,2,7008,卖盘
1596,13:08:37,35.05,0.01,33,115652,买盘
1597,13:08:40,35.05,0.0,24,84109,买盘
1598,13:08:46,35.04,-0.01,1,3504,买盘
1599,13:08:51,35.01,-0.03,8,28008,卖盘
1600,13:08:58,35.01,0.0,2,7002,买盘
1601,13:09:01,35.01,0.0,2,7002,买盘
1602,13:09:04,35.01,0.0,7,24506,买盘
1603,13:09:07,35.0,-0.01,18,63000,卖盘
1604,13:09:13,35.0,0.0,4,14002,卖盘
1605,13:09:22,35.01,0.01,3,10503,卖盘
1606,13:09:24,35.01,0.0,9,31509,买盘
1607,13:09:33,35.0,-0.01,2,7000,卖盘
1608,13:09:36,35.0,0.0,18,63000,卖盘
1609,13:09:40,35.01,0.01,2,7002,买盘
1610,13:09:43,35.01,0.0,2,7002,卖盘
1611,13:09:46,35.01,0.0,1,3501,卖盘
1612,13:09:55,35.0,-0.01,2,7000,卖盘
1613,13:10:00,35.0,0.0,8,28003,卖盘
1614,13:10:04,35.0,0.0,78,273040,卖盘
1615,13:10:07,35.0,0.0,17,59500,卖盘
1616,13:10:13,35.01,0.01,1,3501,卖盘
1617,13:10:21,35.0,-0.01,12,42000,卖盘
1618,13:10:25,35.01,0.01,3,10501,买盘
1619,13:10:33,35.01,0.0,2,7002,卖盘
1620,13:10:36,35.01,0.0,10,35010,卖盘
1621,13:10:40,35.02,0.01,3,10506,买盘
1622,13:10:43,35.0,-0.02,30,105035,卖盘
1623,13:10:52,34.98,-0.02,30,104940,卖盘
1624,13:11:01,34.96,-0.02,64,223778,卖盘
1625,13:11:04,34.96,0.0,1,3496,卖盘
1626,13:11:07,34.96,0.0,9,31464,卖盘
1627,13:11:10,34.95,-0.01,5,17475,卖盘
1628,13:11:13,34.95,0.0,1,3495,卖盘
1629,13:11:16,34.95,0.0,1,3495,卖盘
1630,13:11:19,34.96,0.01,2,6992,买盘
1631,13:11:22,34.95,-0.01,18,62926,卖盘
1632,13:11:24,34.95,0.0,2,6990,卖盘
1633,13:11:31,34.95,0.0,30,104860,卖盘
1634,13:11:39,34.95,0.0,15,52425,卖盘
1635,13:11:42,34.96,0.01,4,13984,买盘
1636,13:11:45,34.97,0.01,8,27975,买盘
1637,13:11:48,34.96,-0.01,2,6992,卖盘
1638,13:11:52,35.0,0.04,7,24486,买盘
1639,13:11:54,34.96,-0.04,1,3496,买盘
1640,13:12:04,34.95,-0.01,2,6991,卖盘
1641,13:12:06,34.95,0.0,11,38445,中性盘
1642,13:12:09,34.96,0.01,1,3496,买盘
1643,13:12:13,34.96,0.0,6,20976,买盘
1644,13:12:15,34.95,-0.01,22,76897,卖盘
1645,13:12:21,34.94,-0.01,16,55904,卖盘
1646,13:12:24,34.95,0.01,2,6991,中性盘
1647,13:12:37,34.96,0.01,1,3496,卖盘
1648,13:12:39,35.0,0.04,21,73436,买盘
1649,13:12:43,34.97,-0.03,1,3497,中性盘
1650,13:12:45,34.96,-0.01,1,3496,卖盘
1651,13:12:52,34.96,0.0,80,279956,卖盘
1652,13:12:55,35.0,0.04,8,27998,买盘
1653,13:12:58,35.0,0.0,15,52500,买盘
1654,13:13:01,35.0,0.0,22,77000,买盘
1655,13:13:04,35.0,0.0,78,272984,买盘
1656,13:13:07,34.99,-0.01,16,55998,卖盘
1657,13:13:09,35.04,0.05,6,21016,买盘
1658,13:13:13,35.01,-0.03,2,7005,卖盘
1659,13:13:16,35.01,0.0,1,3501,卖盘
1660,13:13:22,35.01,0.0,5,17505,卖盘
1661,13:13:25,35.04,0.03,20,70049,买盘
1662,13:13:31,35.04,0.0,3,10511,买盘
1663,13:13:33,35.02,-0.02,2,7004,卖盘
1664,13:13:37,35.02,0.0,7,24525,卖盘
1665,13:13:42,35.05,0.03,10,35023,买盘
1666,13:13:46,35.05,0.0,1,3505,卖盘
1667,13:13:51,35.05,0.0,7,24535,卖盘
1668,13:14:04,35.04,-0.01,1,3504,卖盘
1669,13:14:10,35.04,0.0,2,7008,买盘
1670,13:14:13,35.04,0.0,10,35040,买盘
1671,13:14:16,35.05,0.01,9,31540,买盘
1672,13:14:21,35.05,0.0,10,35050,卖盘
1673,13:14:25,35.05,0.0,9,31562,卖盘
1674,13:14:37,35.1,0.05,39,136888,买盘
1675,13:14:40,35.11,0.01,5,17555,买盘
1676,13:14:42,35.1,-0.01,16,56160,卖盘
1677,13:14:48,35.11,0.01,27,94795,买盘
1678,13:14:52,35.05,-0.06,13,45567,卖盘
1679,13:14:54,35.1,0.05,2,7020,中性盘
1680,13:15:07,35.05,-0.05,14,49073,卖盘
1681,13:15:10,35.1,0.05,3,10528,买盘
1682,13:15:16,35.09,-0.01,2,7018,卖盘
1683,13:15:19,35.1,0.01,34,119340,买盘
1684,13:15:30,35.1,0.0,60,210584,买盘
1685,13:15:36,35.06,-0.04,17,59602,卖盘
1686,13:15:40,35.1,0.04,25,87746,买盘
1687,13:15:45,35.1,0.0,2,7020,卖盘
1688,13:15:52,35.11,0.01,12,42121,买盘
1689,13:15:55,35.1,-0.01,1,3510,卖盘
1690,13:15:58,35.1,0.0,1,3510,卖盘
1691,13:16:04,35.1,0.0,1,3510,卖盘
1692,13:16:07,35.11,0.01,24,84250,买盘
1693,13:16:13,35.11,0.0,2,7022,买盘
1694,13:16:15,35.11,0.0,4,14042,买盘
1695,13:16:22,35.1,-0.01,13,45631,卖盘
1696,13:16:27,35.1,0.0,7,24571,卖盘
1697,13:16:33,35.1,0.0,1,3510,卖盘
1698,13:16:36,35.1,0.0,5,17551,卖盘
1699,13:16:39,35.1,0.0,6,21060,买盘
1700,13:16:51,35.07,-0.03,12,42085,卖盘
1701,13:16:54,35.07,0.0,1,3507,买盘
1702,13:17:04,35.06,-0.01,2,7012,卖盘
1703,13:17:07,35.06,0.0,11,38566,卖盘
1704,13:17:13,35.07,0.01,1,3507,卖盘
1705,13:17:16,35.07,0.0,1,3507,卖盘
1706,13:17:21,35.07,0.0,2,7015,卖盘
1707,13:17:24,35.07,0.0,14,49099,卖盘
1708,13:17:40,35.07,0.0,14,49098,卖盘
1709,13:17:43,35.07,0.0,1,3507,卖盘
1710,13:17:45,35.07,0.0,1,3507,卖盘
1711,13:17:52,35.07,0.0,12,42084,卖盘
1712,13:17:54,35.07,0.0,2,7014,卖盘
1713,13:17:58,35.08,0.01,2,7016,买盘
1714,13:18:04,35.08,0.0,4,14032,卖盘
1715,13:18:09,35.09,0.01,19,66654,买盘
1716,13:18:13,35.09,0.0,2,7018,卖盘
1717,13:18:19,35.11,0.02,1,3511,买盘
1718,13:18:22,35.09,-0.02,23,80718,卖盘
1719,13:18:28,35.1,0.01,2,7020,买盘
1720,13:18:33,35.09,-0.01,1,3509,卖盘
1721,13:18:36,35.08,-0.01,3,10526,卖盘
1722,13:18:40,35.1,0.02,25,87732,买盘
1723,13:18:43,35.1,0.0,1,3510,卖盘
1724,13:18:45,35.1,0.0,1,3510,卖盘
1725,13:18:54,35.1,0.0,14,49140,卖盘
1726,13:18:58,35.1,0.0,10,35100,卖盘
1727,13:19:04,35.09,-0.01,2,7018,买盘
1728,13:19:06,35.08,-0.01,8,28064,卖盘
1729,13:19:09,35.08,0.0,1,3508,买盘
1730,13:19:13,35.07,-0.01,3,10523,卖盘
1731,13:19:16,35.07,0.0,1,3507,卖盘
1732,13:19:22,35.07,0.0,1,3507,卖盘
1733,13:19:24,35.07,0.0,16,56113,卖盘
1734,13:19:27,35.08,0.01,2,7016,买盘
1735,13:19:31,35.07,-0.01,11,38577,卖盘
1736,13:19:34,35.07,0.0,2,7014,卖盘
1737,13:19:37,35.07,0.0,14,49098,卖盘
1738,13:19:40,35.07,0.0,1,3507,买盘
1739,13:19:43,35.06,-0.01,4,14027,卖盘
1740,13:19:45,35.06,0.0,1,3506,卖盘
1741,13:19:51,35.06,0.0,13,45578,卖盘
1742,13:19:55,35.06,0.0,12,42072,卖盘
1743,13:19:58,35.07,0.01,2,7014,买盘
1744,13:20:04,35.06,-0.01,1,3506,卖盘
1745,13:20:13,35.05,-0.01,5,17528,卖盘
1746,13:20:19,35.06,0.01,8,28048,买盘
1747,13:20:22,35.05,-0.01,3,10515,卖盘
1748,13:20:25,35.05,0.0,4,14020,买盘
1749,13:20:27,35.05,0.0,5,17525,买盘
1750,13:20:33,35.07,0.02,10,35070,买盘
1751,13:20:37,35.06,-0.01,12,42080,卖盘
1752,13:20:42,35.09,0.03,2,7018,买盘
1753,13:20:49,35.05,-0.04,3,10515,卖盘
1754,13:20:52,35.05,0.0,2,7010,买盘
1755,13:20:58,35.05,0.0,8,28040,买盘
1756,13:21:04,35.04,-0.01,8,28057,卖盘
1757,13:21:12,35.04,0.0,2,7008,买盘
1758,13:21:18,35.04,0.0,17,59566,买盘
1759,13:21:22,35.04,0.0,11,38544,卖盘
1760,13:21:25,35.04,0.0,1,3504,卖盘
1761,13:21:28,35.1,0.06,3,10524,买盘
1762,13:21:30,35.04,-0.06,4,14017,卖盘
1763,13:21:37,35.04,0.0,5,17526,卖盘
1764,13:21:40,35.04,0.0,8,28032,买盘
1765,13:21:43,35.09,0.05,1,3509,买盘
1766,13:21:46,35.09,0.0,2,7018,卖盘
1767,13:21:52,35.06,-0.03,2,7012,卖盘
1768,13:21:58,35.06,0.0,2,7012,买盘
1769,13:22:01,35.06,0.0,14,49084,买盘
1770,13:22:04,35.06,0.0,1,3506,卖盘
1771,13:22:06,35.06,0.0,1,3506,卖盘
1772,13:22:09,35.06,0.0,16,56096,卖盘
1773,13:22:13,35.09,0.03,2,7018,买盘
1774,13:22:16,35.09,0.0,2,7018,卖盘
1775,13:22:24,35.09,0.0,2,7018,买盘
1776,13:22:27,35.09,0.0,3,10527,买盘
1777,13:22:36,35.07,-0.02,9,31563,卖盘
1778,13:22:42,35.08,0.01,5,17537,买盘
1779,13:22:46,35.08,0.0,2,7016,卖盘
1780,13:22:52,35.08,0.0,9,31572,卖盘
1781,13:22:55,35.08,0.0,2,7016,买盘
1782,13:22:58,35.08,0.0,2,7016,买盘
1783,13:23:04,35.07,-0.01,1,3507,卖盘
1784,13:23:07,35.07,0.0,3,10521,卖盘
1785,13:23:13,35.07,0.0,6,21042,买盘
1786,13:23:15,35.06,-0.01,2,7012,卖盘
1787,13:23:25,35.06,0.0,17,59602,卖盘
1788,13:23:28,35.08,0.02,2,7016,买盘
1789,13:23:33,35.08,0.0,19,66652,买盘
1790,13:23:39,35.06,-0.02,11,38578,卖盘
1791,13:23:43,35.09,0.03,2,7018,买盘
1792,13:23:55,35.06,-0.03,12,42072,卖盘
1793,13:23:58,35.06,0.0,3,10518,买盘
1794,13:24:10,35.05,-0.01,4,14020,卖盘
1795,13:24:12,35.05,0.0,12,42060,买盘
1796,13:24:16,35.05,0.0,1,3505,买盘
1797,13:24:25,35.04,-0.01,7,24528,卖盘
1798,13:24:27,35.04,0.0,2,7008,买盘
1799,13:24:31,35.04,0.0,5,17520,买盘
1800,13:24:34,35.03,-0.01,1,3503,卖盘
1801,13:24:36,35.03,0.0,1,3503,卖盘
1802,13:24:39,35.03,0.0,13,45539,卖盘
1803,13:24:42,35.04,0.01,2,7008,买盘
1804,13:24:45,35.03,-0.01,2,7007,卖盘
1805,13:24:55,35.02,-0.01,12,42024,卖盘
1806,13:24:58,35.05,0.03,4,14018,买盘
1807,13:25:10,35.02,-0.03,13,45526,卖盘
1808,13:25:12,35.03,0.01,2,7006,买盘
1809,13:25:16,35.03,0.0,2,7006,卖盘
1810,13:25:19,35.02,-0.01,8,28017,卖盘
1811,13:25:25,35.01,-0.01,56,196063,卖盘
1812,13:25:28,35.01,0.0,2,7002,买盘
1813,13:25:30,35.0,-0.01,5,17500,卖盘
1814,13:25:34,35.01,0.01,44,154042,买盘
1815,13:25:37,35.01,0.0,10,35010,买盘
1816,13:25:39,35.0,-0.01,11,38500,卖盘
1817,13:25:42,35.01,0.01,2,7002,买盘
1818,13:25:46,35.0,-0.01,50,175000,卖盘
1819,13:25:55,34.99,-0.01,5,17495,卖盘
1820,13:25:58,34.99,0.0,3,10497,买盘
1821,13:26:04,34.98,-0.01,1,3498,卖盘
1822,13:26:06,34.98,0.0,5,17493,卖盘
1823,13:26:12,34.98,0.0,2,6996,买盘
1824,13:26:16,34.97,-0.01,2,6994,卖盘
1825,13:26:19,34.98,0.01,2,6996,买盘
1826,13:26:25,34.97,-0.01,11,38471,卖盘
1827,13:26:27,35.0,0.03,3,10497,买盘
1828,13:26:34,35.0,0.0,1,3500,卖盘
1829,13:26:36,35.0,0.0,1,3500,卖盘
1830,13:26:40,35.0,0.0,17,59500,卖盘
1831,13:26:43,35.0,0.0,3,10500,买盘
1832,13:26:55,34.97,-0.03,10,34970,卖盘
1833,13:26:58,35.0,0.03,60,209998,买盘
1834,13:27:01,35.0,0.0,33,115500,买盘
1835,13:27:04,35.0,0.0,1,3500,卖盘
1836,13:27:06,35.0,0.0,1,3500,卖盘
1837,13:27:09,35.0,0.0,14,49000,卖盘
1838,13:27:12,35.01,0.01,2,7002,买盘
1839,13:27:16,35.0,-0.01,1,3500,卖盘
1840,13:27:22,34.97,-0.03,17,59476,卖盘
1841,13:27:28,34.99,0.02,2,6998,买盘
1842,13:27:31,34.96,-0.03,23,80430,卖盘
1843,13:27:37,34.96,0.0,17,59432,卖盘
1844,13:27:43,35.0,0.04,2,7000,买盘
1845,13:27:45,35.01,0.01,3,10503,买盘
1846,13:27:48,35.01,0.0,1,3501,卖盘
1847,13:27:55,35.01,0.0,1,3501,卖盘
1848,13:27:58,35.0,-0.01,7,24500,卖盘
1849,13:28:10,34.97,-0.03,4,13988,卖盘
1850,13:28:12,34.97,0.0,3,10491,买盘
1851,13:28:16,35.0,0.03,42,146988,买盘
1852,13:28:22,34.97,-0.03,37,129438,卖盘
1853,13:28:24,35.0,0.03,1,3500,中性盘
1854,13:28:28,35.0,0.0,1,3500,卖盘
1855,13:28:31,35.0,0.0,20,70000,卖盘
1856,13:28:40,35.0,0.0,16,56000,卖盘
1857,13:28:43,35.01,0.01,3,10503,买盘
1858,13:28:46,35.0,-0.01,15,52525,卖盘
1859,13:28:51,35.01,0.01,10,35010,卖盘
1860,13:28:54,35.01,0.0,1,3501,卖盘
1861,13:28:57,35.05,0.04,2,7010,买盘
1862,13:29:00,35.0,-0.05,46,161031,卖盘
1863,13:29:10,35.0,0.0,16,56002,卖盘
1864,13:29:12,35.05,0.05,2,7010,买盘
1865,13:29:16,35.05,0.0,1,3505,卖盘
1866,13:29:18,35.05,0.0,1,3505,卖盘
1867,13:29:28,35.05,0.0,3,10515,买盘
1868,13:29:34,35.05,0.0,2,7008,买盘
1869,13:29:40,35.0,-0.05,10,35001,卖盘
1870,13:29:43,35.04,0.04,2,7008,买盘
1871,13:29:55,35.0,-0.04,11,38500,卖盘
1872,13:29:58,35.03,0.03,3,10507,买盘
1873,13:30:04,35.0,-0.03,136,476000,卖盘
1874,13:30:10,35.0,0.0,15,52500,卖盘
1875,13:30:13,35.02,0.02,3,10506,买盘
1876,13:30:16,35.06,0.04,7,24525,买盘
1877,13:30:19,35.0,-0.06,59,206559,卖盘
1878,13:30:22,35.0,0.0,30,105000,卖盘
1879,13:30:24,35.0,0.0,73,255500,卖盘
1880,13:30:28,35.0,0.0,2,7000,买盘
1881,13:30:31,35.0,0.0,6,21000,买盘
1882,13:30:34,35.0,0.0,3,10500,买盘
1883,13:30:40,34.97,-0.03,8,27976,卖盘
1884,13:30:43,34.97,0.0,2,6994,买盘
1885,13:30:46,34.97,0.0,7,24479,买盘
1886,13:30:49,34.96,-0.01,39,136344,卖盘
1887,13:30:52,34.98,0.02,2,6996,买盘
1888,13:30:54,34.96,-0.02,18,62929,卖盘
1889,13:30:58,34.97,0.01,2,6994,买盘
1890,13:31:01,34.98,0.01,1,3498,卖盘
1891,13:31:04,34.96,-0.02,3,10488,卖盘
1892,13:31:07,34.96,0.0,4,13984,卖盘
1893,13:31:10,34.96,0.0,9,31467,卖盘
1894,13:31:13,34.95,-0.01,81,283097,卖盘
1895,13:31:16,34.96,0.01,1,3496,买盘
1896,13:31:22,34.96,0.0,2,6992,买盘
1897,13:31:25,34.95,-0.01,21,73397,卖盘
1898,13:31:31,34.96,0.01,3,10488,卖盘
1899,13:31:40,34.95,-0.01,18,62910,卖盘
1900,13:31:43,34.99,0.04,10,34982,买盘
1901,13:31:55,34.99,0.0,20,69980,卖盘
1902,13:32:01,35.0,0.01,2,7000,买盘
1903,13:32:04,34.97,-0.03,49,171449,卖盘
1904,13:32:07,35.0,0.03,18,62987,买盘
1905,13:32:09,35.0,0.0,12,42000,卖盘
1906,13:32:13,35.0,0.0,3,10499,买盘
1907,13:32:16,35.0,0.0,3,10500,买盘
1908,13:32:19,34.95,-0.05,91,318052,卖盘
1909,13:32:25,35.0,0.05,35,122433,买盘
1910,13:32:28,34.99,-0.01,2,6998,买盘
1911,13:32:34,35.0,0.01,7,24498,买盘
1912,13:32:37,35.0,0.0,1,3500,卖盘
1913,13:32:40,34.97,-0.03,16,55962,卖盘
1914,13:32:43,35.01,0.04,2,7001,买盘
1915,13:32:54,35.0,-0.01,20,69964,买盘
1916,13:33:00,35.01,0.01,1,3501,买盘
1917,13:33:03,35.01,0.0,2,7002,卖盘
1918,13:33:12,35.01,0.0,2,7002,买盘
1919,13:33:16,35.0,-0.01,29,101539,卖盘
1920,13:33:21,35.0,0.0,2,7000,买盘
1921,13:33:25,34.97,-0.03,11,38467,卖盘
1922,13:33:28,34.99,0.02,2,6998,买盘
1923,13:33:31,35.0,0.01,1,3500,买盘
1924,13:33:34,35.01,0.01,12,42010,买盘
1925,13:33:37,35.01,0.0,1,3501,卖盘
1926,13:33:40,35.07,0.06,22,77033,买盘
1927,13:33:45,35.06,-0.01,2,7013,卖盘
1928,13:33:52,35.08,0.02,7,24556,买盘
1929,13:33:55,35.06,-0.02,9,31554,卖盘
1930,13:33:58,35.06,0.0,8,28048,买盘
1931,13:34:01,35.06,0.0,1,3506,买盘
1932,13:34:10,35.0,-0.06,10,35000,卖盘
1933,13:34:13,35.05,0.05,2,7010,买盘
1934,13:34:16,35.05,0.0,3,10515,卖盘
1935,13:34:25,35.0,-0.05,8,28002,卖盘
1936,13:34:28,35.04,0.04,11,38510,买盘
1937,13:34:34,35.04,0.0,3,10512,买盘
1938,13:34:40,35.0,-0.04,7,24500,卖盘
1939,13:34:43,35.0,0.0,8,28000,买盘
1940,13:34:49,35.0,0.0,3,10500,买盘
1941,13:34:52,34.99,-0.01,15,52497,卖盘
1942,13:34:58,35.01,0.02,2,7002,买盘
1943,13:35:01,35.02,0.01,6,21012,买盘
1944,13:35:10,35.0,-0.02,17,59500,卖盘
1945,13:35:13,35.01,0.01,2,7002,买盘
1946,13:35:16,35.0,-0.01,3,10501,卖盘
1947,13:35:19,35.02,0.02,4,14008,买盘
1948,13:35:25,35.02,0.0,15,52518,买盘
1949,13:35:27,35.01,-0.01,1,3501,卖盘
1950,13:35:34,35.02,0.01,1,3502,卖盘
1951,13:35:36,35.02,0.0,1,3502,卖盘
1952,13:35:43,35.02,0.0,3,10506,买盘
1953,13:35:49,35.02,0.0,11,38522,买盘
1954,13:35:55,35.01,-0.01,11,38511,卖盘
1955,13:35:58,35.02,0.01,3,10505,买盘
1956,13:36:01,35.02,0.0,10,35020,买盘
1957,13:36:04,35.02,0.0,1,3502,卖盘
1958,13:36:07,35.02,0.0,1,3502,卖盘
1959,13:36:10,35.02,0.0,10,35020,卖盘
1960,13:36:12,35.03,0.01,3,10508,买盘
1961,13:36:15,35.02,-0.01,2,7004,卖盘
1962,13:36:22,35.03,0.01,11,38523,买盘
1963,13:36:25,35.02,-0.01,23,80550,卖盘
1964,13:36:28,35.03,0.01,3,10509,买盘
1965,13:36:31,35.02,-0.01,6,21015,卖盘
1966,13:36:34,35.02,0.0,1,3502,卖盘
1967,13:36:37,35.02,0.0,1,3502,卖盘
1968,13:36:40,35.02,0.0,2,7004,卖盘
1969,13:36:43,35.02,0.0,2,7004,买盘
1970,13:36:52,35.01,-0.01,3,10503,卖盘
1971,13:36:54,35.01,0.0,5,17505,卖盘
1972,13:36:58,35.01,0.0,2,7002,买盘
1973,13:37:00,35.01,0.0,5,17505,买盘
1974,13:37:04,35.0,-0.01,2,7000,卖盘
1975,13:37:09,35.0,0.0,11,38500,卖盘
1976,13:37:12,35.01,0.01,3,10502,买盘
1977,13:37:16,35.0,-0.01,2,7000,卖盘
1978,13:37:25,35.0,0.0,1,3500,卖盘
1979,13:37:27,35.0,0.0,6,21000,买盘
1980,13:37:33,34.99,-0.01,1,3499,卖盘
1981,13:37:37,34.99,0.0,1,3499,卖盘
1982,13:37:42,34.99,0.0,7,24493,买盘
1983,13:37:45,34.99,0.0,2,6998,买盘
1984,13:37:48,34.99,0.0,4,13996,买盘
1985,13:37:51,35.01,0.02,4,14002,买盘
1986,13:37:55,34.98,-0.03,16,55977,卖盘
1987,13:37:57,34.99,0.01,1,3499,卖盘
1988,13:38:01,35.02,0.03,2,7004,买盘
1989,13:38:04,35.02,0.0,1,3502,卖盘
1990,13:38:16,35.0,-0.02,3,10502,卖盘
1991,13:38:25,35.0,0.0,10,35000,卖盘
1992,13:38:31,35.01,0.01,2,7001,买盘
1993,13:38:34,35.0,-0.01,1,3500,中性盘
1994,13:38:37,35.0,0.0,1,3500,卖盘
1995,13:38:40,35.0,0.0,16,56000,卖盘
1996,13:38:46,35.01,0.01,3,10503,买盘
1997,13:38:49,35.05,0.04,14,49063,买盘
1998,13:38:55,35.0,-0.05,11,38506,卖盘
1999,13:38:58,35.05,0.05,7,24529,买盘
2000,13:39:01,35.08,0.03,9,31555,买盘
2001,13:39:04,35.05,-0.03,16,56122,中性盘
2002,13:39:07,35.08,0.03,7,24556,买盘
2003,13:39:10,35.09,0.01,19,66554,买盘
2004,13:39:16,35.08,-0.01,2,7016,中性盘
2005,13:39:19,35.1,0.02,1,3510,买盘
2006,13:39:25,35.08,-0.02,1,3508,卖盘
2007,13:39:28,35.08,0.0,9,31572,买盘
2008,13:39:31,35.1,0.02,12,42118,买盘
2009,13:39:34,35.08,-0.02,1,3508,卖盘
2010,13:39:36,35.08,0.0,3,10524,卖盘
2011,13:39:40,35.08,0.0,8,28064,卖盘
2012,13:39:45,35.08,0.0,2,7016,买盘
2013,13:39:55,35.05,-0.03,3,10515,卖盘
2014,13:40:01,35.1,0.05,23,80676,买盘
2015,13:40:06,35.05,-0.05,2,7010,卖盘
2016,13:40:09,35.05,0.0,19,66595,卖盘
2017,13:40:13,35.1,0.05,4,14040,买盘
2018,13:40:16,35.1,0.0,2,7020,买盘
2019,13:40:25,35.05,-0.05,37,129778,卖盘
2020,13:40:31,35.08,0.03,2,7016,买盘
2021,13:40:33,35.08,0.0,8,28064,买盘
2022,13:40:40,35.05,-0.03,14,49071,卖盘
2023,13:40:46,35.08,0.03,12,42094,买盘
2024,13:40:49,35.1,0.02,21,73708,买盘
2025,13:40:55,35.08,-0.02,13,45604,卖盘
2026,13:41:01,35.1,0.02,6,21058,买盘
2027,13:41:06,35.08,-0.02,2,7018,卖盘
2028,13:41:16,35.1,0.02,2,7020,买盘
2029,13:41:19,35.1,0.0,1,3510,买盘
2030,13:41:25,35.1,0.0,27,94763,买盘
2031,13:41:28,35.1,0.0,1,3510,卖盘
2032,13:41:31,35.11,0.01,7,24577,买盘
2033,13:41:37,35.1,-0.01,3,10531,卖盘
2034,13:41:40,35.1,0.0,4,14040,卖盘
2035,13:41:46,35.09,-0.01,4,14038,卖盘
2036,13:41:49,35.11,0.02,7,24572,买盘
2037,13:41:55,35.08,-0.03,16,56143,卖盘
2038,13:41:57,35.08,0.0,3,10524,买盘
2039,13:42:00,35.08,0.0,1,3508,买盘
2040,13:42:04,35.08,0.0,3,10524,买盘
2041,13:42:07,35.07,-0.01,2,7014,中性盘
2042,13:42:09,35.08,0.01,34,119256,买盘
2043,13:42:15,35.1,0.02,3,10530,买盘
2044,13:42:19,35.12,0.02,3,10533,买盘
2045,13:42:25,35.1,-0.02,7,24570,卖盘
2046,13:42:31,35.1,0.0,2,7020,买盘
2047,13:42:34,35.14,0.04,10,35130,买盘
2048,13:42:37,35.14,0.0,12,42163,买盘
2049,13:42:40,35.09,-0.05,12,42153,卖盘
2050,13:42:43,35.09,0.0,1,3509,买盘
2051,13:42:46,35.1,0.01,4,14058,卖盘
2052,13:42:54,35.08,-0.02,11,38598,卖盘
2053,13:42:57,35.18,0.1,3,10552,买盘
2054,13:43:04,35.18,0.0,3,10554,买盘
2055,13:43:10,35.09,-0.09,14,49134,卖盘
2056,13:43:13,35.18,0.09,2,7036,买盘
2057,13:43:25,35.1,-0.08,7,24570,卖盘
2058,13:43:28,35.16,0.06,4,14052,买盘
2059,13:43:46,35.14,-0.02,3,10542,买盘
2060,13:43:52,35.15,0.01,26,91384,买盘
2061,13:43:55,35.15,0.0,1,3515,卖盘
2062,13:43:58,35.15,0.0,1,3515,卖盘
2063,13:44:01,35.17,0.02,2,7034,买盘
2064,13:44:04,35.17,0.0,3,10551,买盘
2065,13:44:13,35.17,0.0,15,52753,买盘
2066,13:44:16,35.16,-0.01,2,7031,中性盘
2067,13:44:19,35.16,0.0,1,3516,卖盘
2068,13:44:25,35.17,0.01,3,10551,买盘
2069,13:44:31,35.17,0.0,3,10549,买盘
2070,13:44:37,35.15,-0.02,2,7030,卖盘
2071,13:44:40,35.16,0.01,3,10548,买盘
2072,13:44:42,35.16,0.0,1,3516,买盘
2073,13:44:46,35.16,0.0,1,3516,中性盘
2074,13:44:49,35.16,0.0,1,3516,卖盘
2075,13:44:55,35.16,0.0,1,3516,卖盘
2076,13:44:58,35.16,0.0,1,3516,卖盘
2077,13:45:01,35.17,0.01,3,10551,买盘
2078,13:45:04,35.17,0.0,9,31653,买盘
2079,13:45:07,35.17,0.0,12,42204,卖盘
2080,13:45:10,35.18,0.01,2,7036,买盘
2081,13:45:16,35.18,0.0,1,3518,中性盘
2082,13:45:18,35.18,0.0,1,3518,卖盘
2083,13:45:28,35.19,0.01,8,28151,买盘
2084,13:45:34,35.2,0.01,8,28160,买盘
2085,13:45:37,35.19,-0.01,4,14076,卖盘
2086,13:45:40,35.2,0.01,5,17600,买盘
2087,13:45:46,35.2,0.0,2,7040,卖盘
2088,13:45:58,35.2,0.0,2,7040,卖盘
2089,13:46:01,35.21,0.01,3,10563,买盘
2090,13:46:04,35.25,0.04,40,140988,买盘
2091,13:46:07,35.21,-0.04,1,3521,卖盘
2092,13:46:09,35.21,0.0,1,3521,卖盘
2093,13:46:16,35.25,0.04,2,7050,买盘
2094,13:46:25,35.24,-0.01,4,14096,买盘
2095,13:46:28,35.26,0.02,5,17630,买盘
2096,13:46:40,35.26,0.0,5,17630,卖盘
2097,13:46:43,35.28,0.02,8,28222,买盘
2098,13:46:46,35.28,0.0,2,7056,卖盘
2099,13:46:49,35.27,-0.01,2,7054,卖盘
2100,13:46:55,35.28,0.01,3,10584,买盘
2101,13:46:57,35.29,0.01,9,31753,买盘
2102,13:47:01,35.29,0.0,1,3529,卖盘
2103,13:47:04,35.3,0.01,3,10590,买盘
2104,13:47:07,35.28,-0.02,8,28224,卖盘
2105,13:47:10,35.3,0.02,3,10586,买盘
2106,13:47:13,35.3,0.0,3,10590,买盘
2107,13:47:16,35.3,0.0,1,3530,卖盘
2108,13:47:19,35.3,0.0,6,21180,卖盘
2109,13:47:22,35.31,0.01,3,10593,买盘
2110,13:47:25,35.31,0.0,1,3531,卖盘
2111,13:47:27,35.31,0.0,1,3531,卖盘
2112,13:47:30,35.32,0.01,2,7064,买盘
2113,13:47:33,35.32,0.0,9,31788,买盘
2114,13:47:37,35.32,0.0,1,3532,卖盘
2115,13:47:46,35.32,0.0,3,10596,卖盘
2116,13:47:55,35.33,0.01,4,14134,卖盘
2117,13:47:58,35.33,0.0,2,7066,卖盘
2118,13:48:01,35.39,0.06,50,176912,买盘
2119,13:48:04,35.34,-0.05,4,14139,卖盘
2120,13:48:07,35.34,0.0,1,3534,卖盘
2121,13:48:09,35.35,0.01,4,14140,买盘
2122,13:48:16,35.35,0.0,2,7070,卖盘
2123,13:48:28,35.33,-0.02,14,49481,卖盘
2124,13:48:30,35.35,0.02,2,7070,中性盘
2125,13:48:33,35.34,-0.01,3,10602,买盘
2126,13:48:36,35.34,0.0,3,10602,买盘
2127,13:48:45,35.34,0.0,4,14138,中性盘
2128,13:48:49,35.34,0.0,2,7068,卖盘
2129,13:48:54,35.34,0.0,9,31806,卖盘
2130,13:48:57,35.34,0.0,3,10602,卖盘
2131,13:49:00,35.34,0.0,3,10604,卖盘
2132,13:49:13,35.34,0.0,7,24738,买盘
2133,13:49:16,35.33,-0.01,2,7066,中性盘
2134,13:49:18,35.3,-0.03,7,24710,卖盘
2135,13:49:31,35.3,0.0,3,10590,买盘
2136,13:49:34,35.29,-0.01,1,3529,卖盘
2137,13:49:37,35.29,0.0,1,3529,卖盘
2138,13:49:43,35.3,0.01,6,21170,买盘
2139,13:49:46,35.33,0.03,2,7065,买盘
2140,13:49:55,35.28,-0.05,7,24696,卖盘
2141,13:49:58,35.28,0.0,19,67032,卖盘
2142,13:50:00,35.31,0.03,2,7062,买盘
2143,13:50:16,35.32,0.01,5,17653,买盘
2144,13:50:19,35.28,-0.04,20,70578,卖盘
2145,13:50:24,35.28,0.0,7,24696,买盘
2146,13:50:27,35.33,0.05,8,28252,买盘
2147,13:50:30,35.33,0.0,8,28264,卖盘
2148,13:50:37,35.28,-0.05,7,24708,卖盘
2149,13:50:43,35.33,0.05,7,24728,买盘
2150,13:50:46,35.33,0.0,2,7065,买盘
2151,13:50:49,35.34,0.01,25,88326,买盘
2152,13:50:52,35.34,0.0,7,24738,买盘
2153,13:50:55,35.33,-0.01,1,3533,中性盘
2154,13:50:58,35.33,0.0,1,3533,卖盘
2155,13:51:01,35.34,0.01,3,10602,买盘
2156,13:51:04,35.33,-0.01,1,3533,卖盘
2157,13:51:07,35.34,0.01,2,7067,买盘
2158,13:51:13,35.33,-0.01,14,49462,卖盘
2159,13:51:16,35.33,0.0,6,21198,买盘
2160,13:51:19,35.33,0.0,4,14132,买盘
2161,13:51:22,35.33,0.0,4,14132,买盘
2162,13:51:28,35.33,0.0,8,28262,买盘
2163,13:51:31,35.33,0.0,2,7066,买盘
2164,13:51:34,35.33,0.0,5,17664,买盘
2165,13:51:37,35.33,0.0,3,10599,买盘
2166,13:51:46,35.35,0.02,3,10604,买盘
2167,13:51:49,35.34,-0.01,1,3534,买盘
2168,13:51:55,35.33,-0.01,2,7066,卖盘
2169,13:52:01,35.35,0.02,2,7070,买盘
2170,13:52:04,35.35,0.0,5,17675,买盘
2171,13:52:07,35.35,0.0,3,10604,买盘
2172,13:52:13,35.34,-0.01,1,3534,买盘
2173,13:52:16,35.35,0.01,12,42420,买盘
2174,13:52:25,35.35,0.0,1,3535,卖盘
2175,13:52:28,35.35,0.0,1,3535,卖盘
2176,13:52:30,35.36,0.01,2,7072,买盘
2177,13:52:34,35.36,0.0,2,7072,卖盘
2178,13:52:46,35.36,0.0,4,14146,卖盘
2179,13:52:49,35.38,0.02,2,7075,买盘
2180,13:52:55,35.37,-0.01,1,3537,卖盘
2181,13:52:58,35.37,0.0,1,3537,卖盘
2182,13:53:01,35.38,0.01,4,14154,买盘
2183,13:53:07,35.39,0.01,15,53085,买盘
2184,13:53:13,35.39,0.0,1,3539,买盘
2185,13:53:16,35.4,0.01,22,77878,买盘
2186,13:53:19,35.39,-0.01,13,46018,卖盘
2187,13:53:22,35.39,0.0,2,7078,卖盘
2188,13:53:25,35.39,0.0,4,14156,卖盘
2189,13:53:28,35.38,-0.01,7,24766,卖盘
2190,13:53:31,35.4,0.02,14,49540,买盘
2191,13:53:34,35.39,-0.01,6,21234,买盘
2192,13:53:37,35.38,-0.01,10,35380,卖盘
2193,13:53:40,35.39,0.01,3,10617,买盘
2194,13:53:43,35.39,0.0,19,67241,卖盘
2195,13:53:49,35.4,0.01,4,14160,买盘
2196,13:54:01,35.4,0.0,9,31860,买盘
2197,13:54:04,35.4,0.0,5,17700,买盘
2198,13:54:10,35.4,0.0,10,35400,买盘
2199,13:54:16,35.4,0.0,3,10620,买盘
2200,13:54:21,35.4,0.0,28,99120,买盘
2201,13:54:25,35.4,0.0,37,130980,买盘
2202,13:54:28,35.4,0.0,19,67257,买盘
2203,13:54:31,35.4,0.0,2,7080,买盘
2204,13:54:34,35.4,0.0,23,81420,买盘
2205,13:54:43,35.39,-0.01,1,3539,卖盘
2206,13:54:46,35.4,0.01,3,10620,买盘
2207,13:54:48,35.4,0.0,8,28320,买盘
2208,13:54:57,35.39,-0.01,2,7079,卖盘
2209,13:55:01,35.4,0.01,54,191150,买盘
2210,13:55:04,35.5,0.1,55,194765,买盘
2211,13:55:09,35.5,0.0,1,3550,卖盘
2212,13:55:13,35.5,0.0,1,3550,卖盘
2213,13:55:15,35.51,0.01,2,7102,买盘
2214,13:55:19,35.55,0.04,37,131473,买盘
2215,13:55:21,35.55,0.0,2,7110,卖盘
2216,13:55:24,35.55,0.0,8,28440,卖盘
2217,13:55:28,35.55,0.0,22,78210,卖盘
2218,13:55:31,35.58,0.03,3,10674,中性盘
2219,13:55:40,35.59,0.01,31,110328,买盘
2220,13:55:43,35.59,0.0,24,85416,买盘
2221,13:55:46,35.65,0.06,7,24935,买盘
2222,13:55:49,35.59,-0.06,10,35632,卖盘
2223,13:55:52,35.59,0.0,1,3559,卖盘
2224,13:55:55,35.68,0.09,39,139087,买盘
2225,13:55:58,35.66,-0.02,7,24920,中性盘
2226,13:56:01,35.69,0.03,88,313416,买盘
2227,13:56:04,35.68,-0.01,3,10704,买盘
2228,13:56:07,35.68,0.0,10,35682,买盘
2229,13:56:10,35.68,0.0,3,10704,卖盘
2230,13:56:13,35.67,-0.01,1,3567,中性盘
2231,13:56:16,35.68,0.01,26,92764,买盘
2232,13:56:19,35.68,0.0,1,3568,卖盘
2233,13:56:22,35.68,0.0,1,3568,卖盘
2234,13:56:25,35.68,0.0,52,185536,卖盘
2235,13:56:28,35.68,0.0,1,3568,卖盘
2236,13:56:31,35.68,0.0,15,53508,卖盘
2237,13:56:34,35.7,0.02,119,424711,买盘
2238,13:56:37,35.7,0.0,59,210630,卖盘
2239,13:56:40,35.72,0.02,4,14284,买盘
2240,13:56:43,35.7,-0.02,16,57120,卖盘
2241,13:56:46,35.7,0.0,11,39274,卖盘
2242,13:56:49,35.72,0.02,29,103542,买盘
2243,13:56:52,35.7,-0.02,2,7140,中性盘
2244,13:57:01,35.7,0.0,4,14280,买盘
2245,13:57:04,35.7,0.0,4,14280,买盘
2246,13:57:16,35.69,-0.01,4,14266,买盘
2247,13:57:24,35.62,-0.07,1,3562,卖盘
2248,13:57:31,35.68,0.06,14,49945,买盘
2249,13:57:34,35.62,-0.06,2,7124,卖盘
2250,13:57:37,35.62,0.0,4,14248,卖盘
2251,13:57:40,35.62,0.0,3,10696,卖盘
2252,13:57:43,35.67,0.05,1,3567,买盘
2253,13:57:45,35.65,-0.02,7,24940,中性盘
2254,13:57:49,35.62,-0.03,8,28496,卖盘
2255,13:57:55,35.67,0.05,12,42787,买盘
2256,13:57:58,35.63,-0.04,1,3563,卖盘
2257,13:58:01,35.62,-0.01,8,28496,买盘
2258,13:58:04,35.62,0.0,3,10686,买盘
2259,13:58:10,35.64,0.02,3,10688,买盘
2260,13:58:13,35.61,-0.03,7,24927,卖盘
2261,13:58:16,35.62,0.01,2,7124,买盘
2262,13:58:19,35.61,-0.01,4,14244,卖盘
2263,13:58:22,35.62,0.01,4,14246,买盘
2264,13:58:25,35.62,0.0,6,21369,买盘
2265,13:58:28,35.61,-0.01,16,56978,卖盘
2266,13:58:31,35.61,0.0,2,7122,买盘
2267,13:58:37,35.61,0.0,1,3561,买盘
2268,13:58:40,35.61,0.0,3,10682,买盘
2269,13:58:43,35.61,0.0,20,71208,买盘
2270,13:58:46,35.61,0.0,12,42732,卖盘
2271,13:58:49,35.61,0.0,5,17805,卖盘
2272,13:58:52,35.61,0.0,10,35610,卖盘
2273,13:58:55,35.61,0.0,10,35610,卖盘
2274,13:58:57,35.6,-0.01,5,17803,卖盘
2275,13:59:01,35.61,0.01,2,7122,买盘
2276,13:59:04,35.62,0.01,9,32055,买盘
2277,13:59:13,35.6,-0.02,4,14240,卖盘
2278,13:59:15,35.6,0.0,5,17800,买盘
2279,13:59:19,35.62,0.02,30,106828,买盘
2280,13:59:31,35.6,-0.02,4,14239,买盘
2281,13:59:43,35.6,0.0,1,3560,买盘
2282,13:59:46,35.6,0.0,6,21356,买盘
2283,14:00:00,35.59,-0.01,2,7118,买盘
2284,14:00:07,35.58,-0.01,3,10674,卖盘
2285,14:00:10,35.59,0.01,4,14236,买盘
2286,14:00:13,35.59,0.0,1,3559,卖盘
2287,14:00:16,35.58,-0.01,14,49826,卖盘
2288,14:00:18,35.59,0.01,5,17795,中性盘
2289,14:00:30,35.6,0.01,2,7120,买盘
2290,14:00:34,35.58,-0.02,2,7118,卖盘
2291,14:00:40,35.58,0.0,26,92508,买盘
2292,14:00:46,35.58,0.0,2,7116,买盘
2293,14:01:01,35.58,0.0,3,10674,买盘
2294,14:01:04,35.58,0.0,7,24906,买盘
2295,14:01:10,35.55,-0.03,5,17775,卖盘
2296,14:01:15,35.56,0.01,5,17780,买盘
2297,14:01:18,35.55,-0.01,10,35550,卖盘
2298,14:01:31,35.56,0.01,4,14224,买盘
2299,14:01:34,35.56,0.0,1,3556,卖盘
2300,14:01:45,35.58,0.02,8,28453,买盘
2301,14:02:01,35.57,-0.01,4,14228,卖盘
2302,14:02:04,35.57,0.0,3,10671,买盘
2303,14:02:07,35.55,-0.02,17,60435,卖盘
2304,14:02:13,35.55,0.0,1,3555,买盘
2305,14:02:16,35.55,0.0,502,1782232,买盘
2306,14:02:25,35.5,-0.05,5,17750,卖盘
2307,14:02:28,35.55,0.05,1,3555,买盘
2308,14:02:31,35.55,0.0,2,7110,买盘
2309,14:02:34,35.5,-0.05,10,35500,卖盘
2310,14:02:43,35.5,0.0,1,3550,卖盘
2311,14:02:46,35.55,0.05,3,10665,买盘
2312,14:02:52,35.5,-0.05,6,21300,卖盘
2313,14:03:01,35.55,0.05,2,7110,买盘
2314,14:03:10,35.5,-0.05,3,10650,卖盘
2315,14:03:16,35.55,0.05,2,7110,买盘
2316,14:03:19,35.5,-0.05,30,106500,卖盘
2317,14:03:31,35.55,0.05,3,10665,买盘
2318,14:03:37,35.5,-0.05,30,106500,卖盘
2319,14:03:46,35.53,0.03,9,31977,买盘
2320,14:03:52,35.5,-0.03,24,85200,卖盘
2321,14:04:00,35.52,0.02,2,7104,买盘
2322,14:04:16,35.5,0.0,30,106180,买盘
2323,14:04:19,35.5,0.0,3,10650,卖盘
2324,14:04:22,35.49,-0.01,5,18068,卖盘
2325,14:04:31,35.49,0.0,3,10646,买盘
2326,14:04:33,35.49,0.0,9,31622,买盘
2327,14:04:40,35.5,0.01,1,3550,买盘
2328,14:04:43,35.49,-0.01,1,3549,卖盘
2329,14:04:46,35.5,0.01,2,7100,买盘
2330,14:04:49,35.5,0.0,5,17750,买盘
2331,14:04:52,35.52,0.02,9,31960,买盘
2332,14:04:57,35.55,0.03,7,24881,买盘
2333,14:05:01,35.53,-0.02,8,28440,中性盘
2334,14:05:04,35.57,0.04,18,64020,买盘
2335,14:05:15,35.57,0.0,2,7114,买盘
2336,14:05:31,35.56,-0.01,2,7112,中性盘
2337,14:05:37,35.57,0.01,5,17782,买盘
2338,14:05:43,35.55,-0.02,1,3555,卖盘
2339,14:05:46,35.55,0.0,10,35562,中性盘
2340,14:05:49,35.54,-0.01,4,14216,卖盘
2341,14:05:52,35.55,0.01,1,3555,买盘
2342,14:06:01,35.55,0.0,2,7110,买盘
2343,14:06:04,35.54,-0.01,4,14219,卖盘
2344,14:06:07,35.54,0.0,2,7108,卖盘
2345,14:06:16,35.55,0.01,8,28440,买盘
2346,14:06:19,35.53,-0.02,7,24871,卖盘
2347,14:06:24,35.52,-0.01,13,46176,卖盘
2348,14:06:28,35.55,0.03,2,7110,买盘
2349,14:06:31,35.55,0.0,3,10665,买盘
2350,14:06:34,35.55,0.0,22,78131,买盘
2351,14:06:43,35.49,-0.06,7,24855,卖盘
2352,14:06:46,35.53,0.04,2,7106,买盘
2353,14:07:01,35.52,-0.01,2,7104,买盘
2354,14:07:10,35.49,-0.03,2,7098,卖盘
2355,14:07:16,35.52,0.03,3,10656,买盘
2356,14:07:19,35.5,-0.02,1,3550,卖盘
2357,14:07:31,35.51,0.01,2,7102,买盘
2358,14:07:34,35.5,-0.01,7,24850,卖盘
2359,14:07:40,35.49,-0.01,15,53235,卖盘
2360,14:07:46,35.5,0.01,7,24845,买盘
2361,14:07:52,35.49,-0.01,3,10647,卖盘
2362,14:07:55,35.49,0.0,2,7098,卖盘
2363,14:07:58,35.49,0.0,6,21613,卖盘
2364,14:08:01,35.49,0.0,3,10647,买盘
2365,14:08:07,35.49,0.0,27,95504,买盘
2366,14:08:10,35.49,0.0,1,3549,卖盘
2367,14:08:13,35.49,0.0,1,3549,卖盘
2368,14:08:15,35.5,0.01,2,7100,买盘
2369,14:08:31,35.5,0.0,2,7100,买盘
2370,14:08:40,35.5,0.0,2,7100,买盘
2371,14:08:46,35.49,-0.01,51,180999,卖盘
2372,14:08:52,35.49,0.0,6,21294,买盘
2373,14:08:57,35.48,-0.01,2,7096,卖盘
2374,14:09:00,35.49,0.01,3,10647,买盘
2375,14:09:04,35.49,0.0,1,3549,买盘
2376,14:09:13,35.49,0.0,7,24843,买盘
2377,14:09:15,35.48,-0.01,12,42576,卖盘
2378,14:09:25,35.48,0.0,7,24836,买盘
2379,14:09:30,35.48,0.0,2,7096,买盘
2380,14:09:46,35.48,0.0,3,10644,买盘
2381,14:09:57,35.45,-0.03,1,3545,买盘
2382,14:10:00,35.45,0.0,2,7090,买盘
2383,14:10:13,35.44,-0.01,4,14176,卖盘
2384,14:10:15,35.44,0.0,2,7088,买盘
2385,14:10:31,35.42,-0.02,2,7084,卖盘
2386,14:10:33,35.44,0.02,3,10632,买盘
2387,14:10:36,35.42,-0.02,14,49588,卖盘
2388,14:10:49,35.42,0.0,2,7084,买盘
2389,14:11:04,35.42,0.0,2,7084,买盘
2390,14:11:16,35.42,0.0,10,35420,买盘
2391,14:11:19,35.42,0.0,3,10626,买盘
2392,14:11:22,35.42,0.0,6,21252,买盘
2393,14:11:24,35.42,0.0,7,24794,买盘
2394,14:11:31,35.41,-0.01,2,7082,卖盘
2395,14:11:33,35.42,0.01,2,7084,买盘
2396,14:11:37,35.42,0.0,21,74382,买盘
2397,14:11:40,35.42,0.0,4,14168,买盘
2398,14:11:43,35.42,0.0,1,3542,卖盘
2399,14:11:49,35.44,0.02,2,7086,买盘
2400,14:11:52,35.42,-0.02,3,10626,中性盘
2401,14:12:00,35.45,0.03,5,17722,买盘
2402,14:12:04,35.44,-0.01,2,7088,买盘
2403,14:12:19,35.44,0.0,6,21266,卖盘
2404,14:12:28,35.45,0.01,2,7090,买盘
2405,14:12:33,35.45,0.0,2,7090,买盘
2406,14:12:36,35.45,0.0,10,35443,买盘
2407,14:12:39,35.45,0.0,2,7090,买盘
2408,14:12:43,35.42,-0.03,1,3542,卖盘
2409,14:12:46,35.44,0.02,1,3544,买盘
2410,14:12:49,35.45,0.01,3,10634,买盘
2411,14:12:54,35.44,-0.01,2,7088,买盘
2412,14:13:01,35.42,-0.02,40,141706,卖盘
2413,14:13:04,35.48,0.06,2,7096,买盘
2414,14:13:13,35.48,0.0,10,35480,买盘
2415,14:13:15,35.47,-0.01,5,17735,中性盘
2416,14:13:19,35.47,0.0,2,7094,买盘
2417,14:13:34,35.46,-0.01,3,10638,买盘
2418,14:13:37,35.46,0.0,4,14184,买盘
2419,14:13:48,35.46,0.0,2,7092,买盘
2420,14:13:51,35.42,-0.04,83,294035,卖盘
2421,14:14:04,35.46,0.04,2,7092,买盘
2422,14:14:12,35.46,0.0,13,46098,买盘
2423,14:14:15,35.47,0.01,5,17733,买盘
2424,14:14:21,35.46,-0.01,1,3546,卖盘
2425,14:14:25,35.46,0.0,1,3546,卖盘
2426,14:14:34,35.47,0.01,2,7094,买盘
2427,14:14:40,35.42,-0.05,9,31885,卖盘
2428,14:14:42,35.46,0.04,12,42524,买盘
2429,14:14:46,35.42,-0.04,8,28362,卖盘
2430,14:14:49,35.42,0.0,3,10634,卖盘
2431,14:14:55,35.42,0.0,2,7084,卖盘
2432,14:15:04,35.46,0.04,4,14184,买盘
2433,14:15:10,35.43,-0.03,1,3543,卖盘
2434,14:15:16,35.47,0.04,8,28373,买盘
2435,14:15:19,35.46,-0.01,2,7092,中性盘
2436,14:15:34,35.46,0.0,2,7092,买盘
2437,14:15:49,35.41,-0.05,43,152285,卖盘
2438,14:16:04,35.46,0.05,12,42540,买盘
2439,14:16:09,35.41,-0.05,2,7082,卖盘
2440,14:16:13,35.42,0.01,14,49575,买盘
2441,14:16:16,35.46,0.04,5,17730,买盘
2442,14:16:28,35.42,-0.04,2,7084,卖盘
2443,14:16:30,35.42,0.0,3,10626,卖盘
2444,14:16:33,35.46,0.04,3,10638,买盘
2445,14:16:49,35.46,0.0,2,7092,买盘
2446,14:16:58,35.46,0.0,1,3546,买盘
2447,14:17:04,35.46,0.0,5,17730,买盘
2448,14:17:07,35.46,0.0,81,287226,买盘
2449,14:17:09,35.46,0.0,9,31914,卖盘
2450,14:17:13,35.46,0.0,3,10636,买盘
2451,14:17:16,35.46,0.0,5,17730,买盘
2452,14:17:19,35.43,-0.03,7,24816,卖盘
2453,14:17:34,35.4,-0.03,32,113329,卖盘
2454,14:17:37,35.45,0.05,7,24815,买盘
2455,14:17:43,35.4,-0.05,11,38940,卖盘
2456,14:17:49,35.45,0.05,2,7090,买盘
2457,14:17:58,35.45,0.0,26,92077,买盘
2458,14:18:04,35.45,0.0,3,10635,买盘
2459,14:18:16,35.45,0.0,5,17722,买盘
2460,14:18:25,35.45,0.0,1,3545,买盘
2461,14:18:33,35.45,0.0,2,7090,买盘
2462,14:18:40,35.45,0.0,1,3545,买盘
2463,14:18:49,35.44,-0.01,6,21267,卖盘
2464,14:19:04,35.45,0.01,5,17725,买盘
2465,14:19:15,35.45,0.0,5,17725,买盘
2466,14:19:18,35.45,0.0,2,7090,买盘
2467,14:19:25,35.45,0.0,2,7090,买盘
2468,14:19:31,35.45,0.0,1,3545,买盘
2469,14:19:34,35.45,0.0,3,10635,买盘
2470,14:19:49,35.45,0.0,2,7090,买盘
2471,14:20:04,35.45,0.0,5,17725,买盘
2472,14:20:12,35.45,0.0,6,21270,买盘
2473,14:20:15,35.44,-0.01,9,31901,卖盘
2474,14:20:18,35.45,0.01,3,10635,买盘
2475,14:20:34,35.45,0.0,2,7090,买盘
2476,14:20:37,35.45,0.0,2,7089,买盘
2477,14:20:40,35.44,-0.01,1,3544,卖盘
2478,14:20:49,35.44,0.0,1,3544,买盘
2479,14:20:58,35.41,-0.03,2,7083,卖盘
2480,14:21:13,35.44,0.03,4,14176,买盘
2481,14:21:16,35.44,0.0,5,17720,买盘
2482,14:21:37,35.42,-0.02,3,10626,卖盘
2483,14:22:01,35.42,0.0,1,3542,卖盘
2484,14:22:04,35.42,0.0,3,10626,买盘
2485,14:22:16,35.42,0.0,8,28336,买盘
2486,14:22:28,35.41,-0.01,5,17705,卖盘
2487,14:22:37,35.42,0.01,1,3542,买盘
2488,14:22:49,35.41,-0.01,20,70820,卖盘
2489,14:23:00,35.4,-0.01,26,92042,卖盘
2490,14:23:10,35.39,-0.01,1,3539,卖盘
2491,14:23:13,35.4,0.01,22,77879,买盘
2492,14:23:16,35.4,0.0,5,17700,买盘
2493,14:23:21,35.39,-0.01,2,7078,卖盘
2494,14:23:31,35.39,0.0,2,7078,卖盘
2495,14:23:37,35.4,0.01,5,17700,买盘
2496,14:23:40,35.39,-0.01,1,3539,卖盘
2497,14:23:43,35.4,0.01,12,42469,买盘
2498,14:23:52,35.39,-0.01,2,7078,卖盘
2499,14:24:00,35.39,0.0,4,14156,卖盘
2500,14:24:04,35.4,0.01,1,3540,买盘
2501,14:24:07,35.4,0.0,12,42480,买盘
2502,14:24:10,35.39,-0.01,2,7078,卖盘
2503,14:24:13,35.4,0.01,3,10620,买盘
2504,14:24:16,35.4,0.0,8,28320,买盘
2505,14:24:21,35.39,-0.01,2,7078,卖盘
2506,14:24:28,35.4,0.01,1,3540,买盘
2507,14:24:31,35.39,-0.01,3,10617,卖盘
2508,14:24:42,35.38,-0.01,2,7076,卖盘
2509,14:24:49,35.39,0.01,4,14156,买盘
2510,14:24:52,35.39,0.0,2,7078,卖盘
2511,14:24:55,35.39,0.0,7,24773,卖盘
2512,14:25:01,35.39,0.0,1,3539,卖盘
2513,14:25:13,35.38,-0.01,2,7076,卖盘
2514,14:25:22,35.38,0.0,2,7076,卖盘
2515,14:25:24,35.42,0.04,50,177003,买盘
2516,14:25:43,35.4,-0.02,1,3540,中性盘
2517,14:25:52,35.39,-0.01,2,7078,中性盘
2518,14:25:54,35.41,0.02,6,21245,买盘
2519,14:25:57,35.41,0.0,1,3541,卖盘
2520,14:26:01,35.41,0.0,1,3541,卖盘
2521,14:26:04,35.42,0.01,4,14167,买盘
2522,14:26:10,35.42,0.0,1,3542,买盘
2523,14:26:13,35.41,-0.01,1,3541,卖盘
2524,14:26:16,35.42,0.01,6,21250,买盘
2525,14:26:22,35.4,-0.02,2,7081,卖盘
2526,14:26:42,35.4,0.0,2,7080,卖盘
2527,14:26:46,35.41,0.01,1,3541,买盘
2528,14:26:52,35.4,-0.01,2,7080,卖盘
2529,14:27:00,35.4,0.0,7,24781,卖盘
2530,14:27:04,35.4,0.0,1,3540,卖盘
2531,14:27:07,35.4,0.0,1,3540,卖盘
2532,14:27:13,35.4,0.0,2,7080,买盘
2533,14:27:18,35.4,0.0,7,24780,买盘
2534,14:27:21,35.39,-0.01,9,31861,卖盘
2535,14:27:25,35.39,0.0,10,35390,卖盘
2536,14:27:37,35.4,0.01,1,3540,买盘
2537,14:27:42,35.39,-0.01,4,14156,卖盘
2538,14:27:48,35.4,0.01,1,3540,买盘
2539,14:27:51,35.4,0.0,2,7080,卖盘
2540,14:28:00,35.41,0.01,8,28327,买盘
2541,14:28:04,35.4,-0.01,1,3540,卖盘
2542,14:28:09,35.42,0.02,9,31878,买盘
2543,14:28:12,35.42,0.0,3,10624,买盘
2544,14:28:15,35.42,0.0,2,7084,买盘
2545,14:28:21,35.42,0.0,32,113404,卖盘
2546,14:28:28,35.43,0.01,18,63774,中性盘
2547,14:28:37,35.43,0.0,15,53145,买盘
2548,14:28:40,35.43,0.0,7,24801,买盘
2549,14:28:42,35.42,-0.01,25,88589,卖盘
2550,14:28:46,35.44,0.02,15,53160,买盘
2551,14:28:49,35.46,0.02,109,386383,买盘
2552,14:28:52,35.46,0.0,22,78006,买盘
2553,14:28:55,35.46,0.0,20,70920,买盘
2554,14:28:57,35.48,0.02,29,102867,买盘
2555,14:29:00,35.47,-0.01,1,3547,卖盘
2556,14:29:04,35.5,0.03,4,14197,买盘
2557,14:29:07,35.5,0.0,1,3550,买盘
2558,14:29:13,35.51,0.01,20,71000,买盘
2559,14:29:19,35.52,0.01,7,24864,买盘
2560,14:29:21,35.52,0.0,1,3552,卖盘
2561,14:29:24,35.52,0.0,5,17760,卖盘
2562,14:29:31,35.52,0.0,5,17760,买盘
2563,14:29:34,35.55,0.03,9,31993,买盘
2564,14:29:40,35.55,0.0,3,10665,卖盘
2565,14:29:42,35.57,0.02,2,7113,买盘
2566,14:29:49,35.56,-0.01,1,3556,买盘
2567,14:29:52,35.55,-0.01,23,81773,卖盘
2568,14:29:55,35.55,0.0,32,113765,卖盘
2569,14:29:58,35.55,0.0,26,92430,买盘
2570,14:30:04,35.54,-0.01,3,10662,买盘
2571,14:30:07,35.54,0.0,6,21324,买盘
2572,14:30:10,35.5,-0.04,9,31966,卖盘
2573,14:30:13,35.48,-0.02,4,14192,中性盘
2574,14:30:19,35.48,0.0,5,17740,买盘
2575,14:30:22,35.47,-0.01,1,3547,卖盘
2576,14:30:25,35.47,0.0,16,56752,卖盘
2577,14:30:28,35.48,0.01,2,7096,买盘
2578,14:30:34,35.48,0.0,2,7096,卖盘
2579,14:30:37,35.48,0.0,21,74508,卖盘
2580,14:30:46,35.48,0.0,1,3548,卖盘
2581,14:31:04,35.48,0.0,2,7096,卖盘
2582,14:31:06,35.5,0.02,5,17748,买盘
2583,14:31:13,35.5,0.0,2,7100,卖盘
2584,14:31:16,35.5,0.0,1,3550,中性盘
2585,14:31:19,35.5,0.0,1,3550,卖盘
2586,14:31:22,35.5,0.0,1,3550,卖盘
2587,14:31:25,35.5,0.0,1,3550,买盘
2588,14:31:34,35.5,0.0,2,7100,中性盘
2589,14:31:40,35.49,-0.01,19,67439,卖盘
2590,14:31:43,35.5,0.01,2,7100,中性盘
2591,14:31:52,35.5,0.0,1,3550,卖盘
2592,14:31:55,35.5,0.0,1,3550,卖盘
2593,14:32:01,35.51,0.01,2,7102,买盘
2594,14:32:04,35.51,0.0,2,7102,卖盘
2595,14:32:10,35.51,0.0,2,7102,卖盘
2596,14:32:13,35.51,0.0,2,7102,卖盘
2597,14:32:16,35.52,0.01,1,3552,买盘
2598,14:32:19,35.52,0.0,1,3552,买盘
2599,14:32:22,35.5,-0.02,120,426074,卖盘
2600,14:32:25,35.52,0.02,4,14205,买盘
2601,14:32:28,35.53,0.01,1,3553,买盘
2602,14:32:30,35.52,-0.01,1,3552,卖盘
2603,14:32:34,35.53,0.01,3,10657,买盘
2604,14:32:37,35.52,-0.01,21,74592,卖盘
2605,14:32:40,35.51,-0.01,4,14204,卖盘
2606,14:32:43,35.53,0.02,25,88801,买盘
2607,14:32:52,35.55,0.02,27,95980,买盘
2608,14:32:55,35.53,-0.02,21,74613,卖盘
2609,14:32:57,35.55,0.02,38,135050,买盘
2610,14:33:01,35.55,0.0,1,3555,卖盘
2611,14:33:04,35.55,0.0,2,7110,卖盘
2612,14:33:22,35.55,0.0,7,24885,卖盘
2613,14:33:30,35.55,0.0,10,35550,卖盘
2614,14:33:39,35.53,-0.02,32,113718,卖盘
2615,14:33:46,35.55,0.02,125,444338,买盘
2616,14:33:49,35.5,-0.05,64,227220,卖盘
2617,14:33:58,35.5,0.0,25,88750,卖盘
2618,14:34:01,35.51,0.01,5,17755,买盘
2619,14:34:04,35.5,-0.01,2,7100,卖盘
2620,14:34:07,35.5,0.0,32,113600,卖盘
2621,14:34:13,35.49,-0.01,4,14196,卖盘
2622,14:34:18,35.48,-0.01,2,7096,卖盘
2623,14:34:22,35.5,0.02,80,283993,买盘
2624,14:34:25,35.5,0.0,1,3550,卖盘
2625,14:34:28,35.5,0.0,44,156200,卖盘
2626,14:34:43,35.42,-0.08,7,24805,卖盘
2627,14:34:46,35.48,0.06,24,85151,买盘
2628,14:35:01,35.47,-0.01,1,3547,买盘
2629,14:35:07,35.47,0.0,3,10639,买盘
2630,14:35:13,35.47,0.0,1,3547,卖盘
2631,14:35:15,35.47,0.0,1,3547,卖盘
2632,14:35:22,35.47,0.0,1,3547,卖盘
2633,14:35:25,35.47,0.0,3,10641,卖盘
2634,14:35:31,35.45,-0.02,240,850801,卖盘
2635,14:35:48,35.46,0.01,1,3546,买盘
2636,14:35:52,35.45,-0.01,1,3545,卖盘
2637,14:35:55,35.45,0.0,1,3545,卖盘
2638,14:35:58,35.45,0.0,15,53175,卖盘
2639,14:36:04,35.45,0.0,1,3545,买盘
2640,14:36:07,35.45,0.0,6,21270,买盘
2641,14:36:10,35.45,0.0,7,24815,卖盘
2642,14:36:13,35.45,0.0,1,3545,卖盘
2643,14:36:15,35.45,0.0,1,3545,卖盘
2644,14:36:19,35.45,0.0,2,7090,卖盘
2645,14:36:22,35.47,0.02,10,35469,买盘
2646,14:36:25,35.45,-0.02,2,7090,卖盘
2647,14:36:34,35.46,0.01,1,3546,中性盘
2648,14:36:37,35.47,0.01,3,10640,买盘
2649,14:36:49,35.48,0.01,5,17735,买盘
2650,14:36:55,35.47,-0.01,5,17737,卖盘
2651,14:37:04,35.46,-0.01,11,38999,买盘
2652,14:37:07,35.47,0.01,1,3547,卖盘
2653,14:37:10,35.45,-0.02,8,28362,卖盘
2654,14:37:13,35.47,0.02,3,10641,买盘
2655,14:37:15,35.45,-0.02,10,35450,卖盘
2656,14:37:33,35.45,0.0,1,3545,卖盘
2657,14:37:37,35.45,0.0,1,3545,卖盘
2658,14:37:42,35.45,0.0,1,3545,卖盘
2659,14:37:46,35.45,0.0,1,3545,卖盘
2660,14:37:52,35.47,0.02,132,468194,买盘
2661,14:37:54,35.47,0.0,2,7094,卖盘
2662,14:37:58,35.45,-0.02,20,70932,卖盘
2663,14:38:19,35.45,0.0,5,17725,卖盘
2664,14:38:22,35.47,0.02,3,10641,买盘
2665,14:38:31,35.45,-0.02,1,3545,卖盘
2666,14:38:34,35.45,0.0,1,3545,卖盘
2667,14:38:40,35.46,0.01,1,3546,买盘
2668,14:38:43,35.46,0.0,3,10637,买盘
2669,14:38:49,35.45,-0.01,1,3545,卖盘
2670,14:39:01,35.45,0.0,1,3545,卖盘
2671,14:39:04,35.46,0.01,3,10637,买盘
2672,14:39:09,35.45,-0.01,4,14181,卖盘
2673,14:39:13,35.46,0.01,2,7092,中性盘
2674,14:39:16,35.46,0.0,3,10638,卖盘
2675,14:39:19,35.46,0.0,7,24822,买盘
2676,14:39:22,35.46,0.0,2,7092,卖盘
2677,14:39:31,35.46,0.0,1,3546,卖盘
2678,14:39:34,35.46,0.0,1,3546,卖盘
2679,14:39:42,35.47,0.01,8,28376,买盘
2680,14:39:52,35.47,0.0,1,3547,卖盘
2681,14:39:55,35.47,0.0,1,3547,卖盘
2682,14:39:58,35.48,0.01,7,24836,买盘
2683,14:40:07,35.46,-0.02,1,3546,卖盘
2684,14:40:13,35.46,0.0,2,7092,卖盘
2685,14:40:15,35.47,0.01,2,7094,买盘
2686,14:40:30,35.48,0.01,1,3548,卖盘
2687,14:40:33,35.48,0.0,1,3548,卖盘
2688,14:40:40,35.49,0.01,2,7098,买盘
2689,14:40:43,35.5,0.01,58,205898,买盘
2690,14:40:46,35.53,0.03,1,3553,买盘
2691,14:41:01,35.54,0.01,30,106591,买盘
2692,14:41:04,35.51,-0.03,2,7102,买盘
2693,14:41:07,35.5,-0.01,14,49702,卖盘
2694,14:41:19,35.54,0.04,11,39086,买盘
2695,14:41:22,35.49,-0.05,177,628313,卖盘
2696,14:41:37,35.47,-0.02,7,24829,卖盘
2697,14:41:43,35.47,0.0,2,7094,卖盘
2698,14:41:51,35.46,-0.01,15,53191,卖盘
2699,14:41:55,35.46,0.0,5,17730,卖盘
2700,14:42:01,35.46,0.0,1,3546,卖盘
2701,14:42:04,35.46,0.0,1,3546,卖盘
2702,14:42:10,35.46,0.0,2,7092,卖盘
2703,14:42:13,35.46,0.0,4,14184,卖盘
2704,14:42:22,35.46,0.0,1,3546,卖盘
2705,14:42:25,35.46,0.0,1,3546,卖盘
2706,14:42:31,35.46,0.0,32,113472,卖盘
2707,14:42:43,35.45,-0.01,2,7090,卖盘
2708,14:42:49,35.45,0.0,9,31905,卖盘
2709,14:43:10,35.43,-0.02,3,10629,卖盘
2710,14:43:13,35.43,0.0,4,14172,卖盘
2711,14:43:19,35.44,0.01,4,14176,买盘
2712,14:43:22,35.43,-0.01,31,109854,卖盘
2713,14:43:24,35.43,0.0,6,21258,卖盘
2714,14:43:33,35.42,-0.01,2,7084,卖盘
2715,14:43:40,35.43,0.01,4,14170,买盘
2716,14:43:43,35.42,-0.01,1,3542,卖盘
2717,14:43:46,35.42,0.0,1,3542,卖盘
2718,14:43:52,35.42,0.0,6,21252,卖盘
2719,14:43:55,35.42,0.0,1,3542,卖盘
2720,14:44:01,35.42,0.0,5,17710,卖盘
2721,14:44:04,35.42,0.0,6,21252,中性盘
2722,14:44:10,35.4,-0.02,92,325696,卖盘
2723,14:44:13,35.4,0.0,5,17700,买盘
2724,14:44:16,35.4,0.0,3,10620,买盘
2725,14:44:22,35.39,-0.01,1,3539,卖盘
2726,14:44:24,35.39,0.0,2,7079,卖盘
2727,14:44:31,35.4,0.01,13,46020,买盘
2728,14:44:34,35.39,-0.01,2,7078,卖盘
2729,14:44:43,35.41,0.02,13,46022,买盘
2730,14:44:46,35.39,-0.02,12,42471,卖盘
2731,14:44:49,35.4,0.01,4,14160,卖盘
2732,14:44:58,35.4,0.0,4,14160,卖盘
2733,14:45:04,35.4,0.0,2,7080,卖盘
2734,14:45:13,35.41,0.01,3,10622,买盘
2735,14:45:16,35.4,-0.01,1,3540,卖盘
2736,14:45:19,35.41,0.01,2,7082,买盘
2737,14:45:22,35.4,-0.01,1,3540,卖盘
2738,14:45:25,35.4,0.0,3,10622,卖盘
2739,14:45:34,35.4,0.0,7,24780,卖盘
2740,14:45:40,35.4,0.0,5,17700,买盘
2741,14:45:43,35.39,-0.01,1,3539,卖盘
2742,14:45:46,35.39,0.0,1,3539,卖盘
2743,14:45:52,35.39,0.0,1,3539,卖盘
2744,14:45:55,35.39,0.0,1,3539,卖盘
2745,14:46:04,35.39,0.0,5,17695,卖盘
2746,14:46:10,35.4,0.01,11,38940,买盘
2747,14:46:13,35.39,-0.01,17,60174,卖盘
2748,14:46:16,35.39,0.0,3,10617,卖盘
2749,14:46:22,35.4,0.01,2,7081,中性盘
2750,14:46:25,35.41,0.01,2,7082,买盘
2751,14:46:43,35.4,-0.01,1,3540,卖盘
2752,14:46:46,35.41,0.01,3,10622,买盘
2753,14:46:52,35.41,0.0,8,28328,卖盘
2754,14:46:54,35.41,0.0,2,7082,卖盘
2755,14:46:57,35.41,0.0,12,42492,卖盘
2756,14:47:01,35.42,0.01,5,17710,买盘
2757,14:47:04,35.41,-0.01,10,35418,卖盘
2758,14:47:13,35.41,0.0,6,21251,卖盘
2759,14:47:16,35.41,0.0,3,10623,卖盘
2760,14:47:22,35.41,0.0,3,10625,卖盘
2761,14:47:25,35.41,0.0,1,3541,卖盘
2762,14:47:28,35.42,0.01,2,7084,买盘
2763,14:47:31,35.42,0.0,3,10626,买盘
2764,14:47:33,35.41,-0.01,2,7082,卖盘
2765,14:47:43,35.41,0.0,1,3541,卖盘
2766,14:47:46,35.41,0.0,1,3541,卖盘
2767,14:47:49,35.42,0.01,5,17710,买盘
2768,14:47:52,35.41,-0.01,1,3541,卖盘
2769,14:47:55,35.41,0.0,5,17705,卖盘
2770,14:47:58,35.41,0.0,6,21246,买盘
2771,14:48:01,35.42,0.01,7,24790,买盘
2772,14:48:04,35.4,-0.02,2,7080,卖盘
2773,14:48:10,35.41,0.01,5,17708,卖盘
2774,14:48:16,35.4,-0.01,51,180543,卖盘
2775,14:48:19,35.4,0.0,12,42480,买盘
2776,14:48:21,35.39,-0.01,1,3539,卖盘
2777,14:48:25,35.39,0.0,11,38929,卖盘
2778,14:48:28,35.39,0.0,7,24773,买盘
2779,14:48:34,35.38,-0.01,2,7076,卖盘
2780,14:48:39,35.39,0.01,1,3539,买盘
2781,14:48:42,35.38,-0.01,2,7076,卖盘
2782,14:48:46,35.38,0.0,1,3538,卖盘
2783,14:48:49,35.39,0.01,5,17695,买盘
2784,14:48:52,35.38,-0.01,2,7076,卖盘
2785,14:48:58,35.38,0.0,3,10614,卖盘
2786,14:49:01,35.39,0.01,40,141560,买盘
2787,14:49:04,35.38,-0.01,19,67222,卖盘
2788,14:49:06,35.39,0.01,49,173366,买盘
2789,14:49:10,35.39,0.0,20,70780,买盘
2790,14:49:12,35.39,0.0,6,21233,买盘
2791,14:49:16,35.38,-0.01,12,42458,卖盘
2792,14:49:21,35.38,0.0,9,31842,卖盘
2793,14:49:25,35.38,0.0,2,7076,买盘
2794,14:49:40,35.37,-0.01,46,162702,卖盘
2795,14:49:58,35.37,0.0,6,21217,买盘
2796,14:50:01,35.38,0.01,1,3538,买盘
2797,14:50:13,35.38,0.0,3,10614,卖盘
2798,14:50:16,35.36,-0.02,30,106098,卖盘
2799,14:50:22,35.36,0.0,2,7072,买盘
2800,14:50:25,35.36,0.0,11,38896,买盘
2801,14:50:28,35.36,0.0,11,38896,买盘
2802,14:50:31,35.36,0.0,33,116688,买盘
2803,14:50:33,35.35,-0.01,34,123091,卖盘
2804,14:50:42,35.35,0.0,32,110223,卖盘
2805,14:50:49,35.35,0.0,3,10605,买盘
2806,14:50:52,35.34,-0.01,2,7068,卖盘
2807,14:50:55,35.33,-0.01,27,97266,卖盘
2808,14:50:58,35.35,0.02,12,42420,买盘
2809,14:51:04,35.33,-0.02,35,121783,卖盘
2810,14:51:07,35.35,0.02,3,10601,买盘
2811,14:51:13,35.35,0.0,2,7070,买盘
2812,14:51:19,35.31,-0.04,4,14130,卖盘
2813,14:51:22,35.35,0.04,6,21196,买盘
2814,14:51:28,35.3,-0.05,23,82428,卖盘
2815,14:51:31,35.35,0.05,1,3535,买盘
2816,14:51:43,35.33,-0.02,4,14132,卖盘
2817,14:51:52,35.31,-0.02,6,21186,卖盘
2818,14:51:58,35.33,0.02,2,7066,买盘
2819,14:52:01,35.33,0.0,21,74193,买盘
2820,14:52:04,35.31,-0.02,3,10593,卖盘
2821,14:52:16,35.35,0.04,10,35350,买盘
2822,14:52:34,35.35,0.0,3,10605,买盘
2823,14:52:43,35.35,0.0,11,38885,买盘
2824,14:52:52,35.35,0.0,34,120190,买盘
2825,14:52:58,35.39,0.04,14,49540,买盘
