,time,price,change,volume,amount,type
0,09:25:04,6.06,0.08,3546,2148876,卖盘
1,09:30:04,6.05,-0.01,1605,971205,卖盘
2,09:30:07,6.06,0.01,2608,1581873,买盘
3,09:30:10,6.07,0.01,611,370368,买盘
4,09:30:13,6.06,-0.01,163,98906,卖盘
5,09:30:15,6.06,0.0,544,329764,卖盘
6,09:30:19,6.07,0.01,410,248820,买盘
7,09:30:22,6.06,-0.01,541,328327,卖盘
8,09:30:25,6.06,0.0,2499,1514410,卖盘
9,09:30:28,6.06,0.0,329,199374,买盘
10,09:30:31,6.06,0.0,401,243006,买盘
11,09:30:34,6.05,-0.01,244,147858,卖盘
12,09:30:37,6.06,0.01,207,125293,买盘
13,09:30:40,6.05,-0.01,285,172411,卖盘
14,09:30:43,6.05,0.0,130,78650,买盘
15,09:30:46,6.05,0.0,731,442281,买盘
16,09:30:49,6.05,0.0,115,69570,买盘
17,09:30:52,6.04,-0.01,253,152957,卖盘
18,09:30:55,6.06,0.02,45,27240,买盘
19,09:30:58,6.05,-0.01,80,48400,卖盘
20,09:31:01,6.06,0.01,289,174952,买盘
21,09:31:04,6.06,0.0,82,49649,买盘
22,09:31:07,6.06,0.0,20,12120,买盘
23,09:31:10,6.05,-0.01,310,187570,卖盘
24,09:31:13,6.06,0.01,91,55129,买盘
25,09:31:16,6.06,0.0,304,184215,买盘
26,09:31:19,6.06,0.0,354,214450,买盘
27,09:31:25,6.04,-0.02,283,171202,卖盘
28,09:31:31,6.05,0.01,66,39958,买盘
29,09:31:34,6.05,0.0,159,96195,买盘
30,09:31:37,6.04,-0.01,331,200202,卖盘
31,09:31:40,6.05,0.01,48,29014,买盘
32,09:31:43,6.05,0.0,49,29626,买盘
33,09:31:46,6.04,-0.01,348,210296,卖盘
34,09:31:49,6.05,0.01,725,438147,买盘
35,09:31:52,6.05,0.0,132,79860,买盘
36,09:31:55,6.03,-0.02,49,29593,卖盘
37,09:31:58,6.05,0.02,14,8470,买盘
38,09:32:01,6.04,-0.01,30,18139,中性盘
39,09:32:04,6.03,-0.01,489,295037,卖盘
40,09:32:07,6.04,0.01,247,148862,买盘
41,09:32:10,6.04,0.0,106,64129,卖盘
42,09:32:13,6.0,-0.04,2692,1617374,卖盘
43,09:32:16,6.0,0.0,131,78600,买盘
44,09:32:19,6.03,0.03,53,31830,买盘
45,09:32:22,6.0,-0.03,241,145245,中性盘
46,09:32:25,6.03,0.03,45,26983,买盘
47,09:32:28,6.04,0.01,62,37412,买盘
48,09:32:31,6.03,-0.01,6,3618,中性盘
49,09:32:34,6.03,0.0,64,38533,卖盘
50,09:32:37,6.03,0.0,9,5427,卖盘
51,09:32:40,6.03,0.0,222,133978,卖盘
52,09:32:43,6.03,0.0,66,39680,买盘
53,09:32:46,6.03,0.0,31,18693,买盘
54,09:32:49,6.03,0.0,283,170473,买盘
55,09:32:52,6.03,0.0,20,12050,买盘
56,09:32:55,6.03,0.0,122,73566,买盘
57,09:32:58,6.01,-0.02,11,6625,卖盘
58,09:33:01,6.01,0.0,39,23439,卖盘
59,09:33:04,6.03,0.02,417,251405,买盘
60,09:33:07,6.03,0.0,12,7236,买盘
61,09:33:10,6.03,0.0,1,603,卖盘
62,09:33:13,6.01,-0.02,20,12052,卖盘
63,09:33:16,6.03,0.02,3,1809,中性盘
64,09:33:19,6.04,0.01,10,6040,买盘
65,09:33:21,6.03,-0.01,25,15075,卖盘
66,09:33:25,6.03,0.0,37,22310,卖盘
67,09:33:28,6.03,0.0,82,49446,卖盘
68,09:33:34,6.04,0.01,513,309543,买盘
69,09:33:37,6.04,0.0,10,6040,买盘
70,09:33:40,6.03,-0.01,210,126838,卖盘
71,09:33:43,6.04,0.01,6,3624,买盘
72,09:33:46,6.0,-0.04,2654,1595627,卖盘
73,09:33:49,6.0,0.0,189,113400,买盘
74,09:33:52,6.0,0.0,36,21600,买盘
75,09:33:55,6.0,0.0,258,154800,买盘
76,09:34:01,6.0,0.0,9,5400,卖盘
77,09:34:06,6.0,0.0,20,12000,卖盘
78,09:34:13,6.03,0.03,5,3015,买盘
79,09:34:16,6.03,0.0,32,19277,买盘
80,09:34:19,6.0,-0.03,51,30600,卖盘
81,09:34:22,6.0,0.0,167,100227,卖盘
82,09:34:25,6.02,0.02,3,1806,买盘
83,09:34:28,6.01,-0.01,437,262740,卖盘
84,09:34:31,6.01,0.0,10,6010,卖盘
85,09:34:34,6.03,0.02,329,198138,买盘
86,09:34:37,6.03,0.0,247,148590,买盘
87,09:34:40,6.03,0.0,233,140268,买盘
88,09:34:43,6.02,-0.01,100,60200,中性盘
89,09:34:46,6.03,0.01,40,24120,买盘
90,09:34:49,6.02,-0.01,62,37335,卖盘
91,09:34:52,6.03,0.01,123,74158,买盘
92,09:34:55,6.02,-0.01,108,65046,卖盘
93,09:34:57,6.03,0.01,346,208385,买盘
94,09:35:01,6.02,-0.01,4,2408,中性盘
95,09:35:04,6.02,0.0,6,3612,卖盘
96,09:35:07,6.02,0.0,12,7224,买盘
97,09:35:10,6.03,0.01,398,239894,买盘
98,09:35:13,6.03,0.0,32,19296,买盘
99,09:35:16,6.02,-0.01,275,165940,卖盘
100,09:35:18,6.03,0.01,114,68742,买盘
101,09:35:22,6.02,-0.01,206,124012,卖盘
102,09:35:25,6.02,0.0,136,81980,卖盘
103,09:35:28,6.02,0.0,17,10234,卖盘
104,09:35:34,6.02,0.0,85,51170,卖盘
105,09:35:37,6.03,0.01,159,95848,买盘
106,09:35:40,6.03,0.0,245,147502,买盘
107,09:35:43,6.02,-0.01,10,6020,卖盘
108,09:35:46,6.02,0.0,34,20468,买盘
109,09:35:48,6.02,0.0,21,12642,买盘
110,09:35:54,6.01,-0.01,265,159480,卖盘
111,09:35:58,6.01,0.0,40,24043,卖盘
112,09:36:01,6.02,0.01,197,118594,买盘
113,09:36:06,6.01,-0.01,4,2404,卖盘
114,09:36:13,6.02,0.01,280,168560,买盘
115,09:36:15,6.02,0.0,74,44518,买盘
116,09:36:18,6.02,0.0,173,104146,买盘
117,09:36:22,6.02,0.0,8,4816,卖盘
118,09:36:28,6.01,-0.01,18,10832,卖盘
119,09:36:34,6.03,0.02,30,18090,买盘
120,09:36:40,6.02,-0.01,51,30702,卖盘
121,09:36:46,6.03,0.01,16,9648,买盘
122,09:36:52,6.03,0.0,10,6030,买盘
123,09:36:58,6.03,0.0,18,10849,买盘
124,09:37:01,6.03,0.0,177,106731,买盘
125,09:37:04,6.03,0.0,127,76500,买盘
126,09:37:07,6.03,0.0,103,62040,买盘
127,09:37:12,6.02,-0.01,159,95822,卖盘
128,09:37:16,6.02,0.0,21,12642,卖盘
129,09:37:19,6.02,0.0,59,35518,买盘
130,09:37:22,6.02,0.0,49,29498,买盘
131,09:37:24,6.02,0.0,243,146283,买盘
132,09:37:28,6.02,0.0,25,15045,买盘
133,09:37:30,6.02,0.0,69,41523,买盘
134,09:37:34,6.02,0.0,63,37926,买盘
135,09:37:40,6.02,0.0,232,139833,卖盘
136,09:37:43,6.02,0.0,9,5418,卖盘
137,09:37:46,6.02,0.0,10,6020,卖盘
138,09:37:48,6.03,0.01,152,91555,买盘
139,09:37:54,6.03,0.0,43,25967,卖盘
140,09:37:58,6.03,0.0,107,64521,卖盘
141,09:38:01,6.04,0.01,83,50035,买盘
142,09:38:04,6.04,0.0,6,3624,买盘
143,09:38:07,6.03,-0.01,7,4221,卖盘
144,09:38:10,6.04,0.01,210,126797,买盘
145,09:38:13,6.02,-0.02,6,3612,卖盘
146,09:38:19,6.03,0.01,10,6030,买盘
147,09:38:22,6.04,0.01,10,6040,买盘
148,09:38:28,6.03,-0.01,12,7236,卖盘
149,09:38:31,6.03,0.0,23,13869,卖盘
150,09:38:34,6.03,0.0,96,57974,卖盘
151,09:38:37,6.03,0.0,33,19899,卖盘
152,09:38:39,6.03,0.0,20,12060,卖盘
153,09:38:43,6.03,0.0,30,18090,卖盘
154,09:38:46,6.04,0.01,222,134088,买盘
155,09:38:58,6.05,0.01,75,45375,买盘
156,09:39:00,6.05,0.0,40,24200,买盘
157,09:39:04,6.05,0.0,150,90720,买盘
158,09:39:07,6.04,-0.01,50,30200,卖盘
159,09:39:10,6.05,0.01,28,16940,买盘
160,09:39:16,6.05,0.0,82,49610,买盘
161,09:39:19,6.05,0.0,48,29040,买盘
162,09:39:21,6.05,0.0,27,16335,卖盘
163,09:39:24,6.05,0.0,180,108800,卖盘
164,09:39:28,6.05,0.0,25,15125,买盘
165,09:39:36,6.05,0.0,103,62315,买盘
166,09:39:40,6.05,0.0,95,57434,买盘
167,09:39:43,6.05,0.0,106,64130,买盘
168,09:39:46,6.05,0.0,80,48400,买盘
169,09:39:49,6.04,-0.01,105,63520,卖盘
170,09:39:55,6.05,0.01,20,12100,买盘
171,09:39:57,6.04,-0.01,3,1812,卖盘
172,09:40:01,6.04,0.0,10,6040,卖盘
173,09:40:04,6.04,0.0,6,3624,卖盘
174,09:40:10,6.05,0.01,46,27830,买盘
175,09:40:12,6.06,0.01,50,30300,买盘
176,09:40:16,6.05,-0.01,252,152460,卖盘
177,09:40:19,6.05,0.0,2,1210,买盘
178,09:40:22,6.05,0.0,121,73085,买盘
179,09:40:24,6.05,0.0,19,11495,买盘
180,09:40:27,6.05,0.0,85,51425,卖盘
181,09:40:31,6.05,0.0,9,5449,卖盘
182,09:40:34,6.05,0.0,50,30250,卖盘
183,09:40:36,6.06,0.01,24,14544,买盘
184,09:40:40,6.05,-0.01,20,12100,卖盘
185,09:40:43,6.06,0.01,50,30280,买盘
186,09:40:46,6.06,0.0,19,11514,买盘
187,09:40:49,6.06,0.0,190,115050,买盘
188,09:40:51,6.06,0.0,248,150288,买盘
189,09:40:54,6.06,0.0,10,6060,买盘
190,09:40:57,6.06,0.0,4,2424,买盘
191,09:41:01,6.06,0.0,121,73326,买盘
192,09:41:04,6.06,0.0,129,78174,买盘
193,09:41:06,6.06,0.0,103,62418,买盘
194,09:41:09,6.06,0.0,498,301658,买盘
195,09:41:13,6.07,0.01,59,35782,买盘
196,09:41:16,6.06,-0.01,10,6060,卖盘
197,09:41:19,6.07,0.01,30,18205,买盘
198,09:41:22,6.07,0.0,169,102436,买盘
199,09:41:24,6.07,0.0,5,3035,买盘
200,09:41:28,6.07,0.0,5,3035,买盘
201,09:41:31,6.07,0.0,47,28512,买盘
202,09:41:34,6.07,0.0,15,9100,买盘
203,09:41:37,6.07,0.0,12,7284,买盘
204,09:41:40,6.07,0.0,40,24280,买盘
205,09:41:43,6.06,-0.01,671,407103,卖盘
206,09:41:46,6.07,0.01,280,169933,买盘
207,09:41:49,6.06,-0.01,33,20018,卖盘
208,09:41:52,6.06,0.0,161,97627,卖盘
209,09:41:55,6.07,0.01,332,201480,买盘
210,09:41:57,6.07,0.0,3,1821,买盘
211,09:42:04,6.06,-0.01,10,6060,卖盘
212,09:42:07,6.06,0.0,20,12130,卖盘
213,09:42:10,6.06,0.0,7,4242,卖盘
214,09:42:13,6.05,-0.01,120,72712,卖盘
215,09:42:15,6.06,0.01,105,63630,买盘
216,09:42:19,6.06,0.0,24,14544,买盘
217,09:42:22,6.06,0.0,30,18180,买盘
218,09:42:24,6.05,-0.01,481,291021,卖盘
219,09:42:28,6.05,0.0,20,12100,买盘
220,09:42:31,6.05,0.0,104,62920,买盘
221,09:42:33,6.05,0.0,4,2420,买盘
222,09:42:40,6.04,-0.01,45,27203,卖盘
223,09:42:42,6.05,0.01,3,1815,买盘
224,09:42:46,6.05,0.0,21,12705,买盘
225,09:42:52,6.04,-0.01,342,206568,卖盘
226,09:42:54,6.04,0.0,47,28388,买盘
227,09:42:58,6.04,0.0,13,7852,买盘
228,09:43:01,6.03,-0.01,14,8442,卖盘
229,09:43:03,6.04,0.01,3,1812,买盘
230,09:43:06,6.03,-0.01,5,3015,卖盘
231,09:43:10,6.03,0.0,40,24120,卖盘
232,09:43:13,6.04,0.01,12,7248,买盘
233,09:43:16,6.04,0.0,2,1208,买盘
234,09:43:19,6.03,-0.01,23,13869,卖盘
235,09:43:22,6.03,0.0,40,24130,卖盘
236,09:43:28,6.03,0.0,183,110415,卖盘
237,09:43:31,6.03,0.0,54,32562,卖盘
238,09:43:34,6.03,0.0,238,143514,卖盘
239,09:43:39,6.02,-0.01,80,48160,卖盘
240,09:43:46,6.02,0.0,140,84355,卖盘
241,09:43:49,6.03,0.01,1,603,买盘
242,09:43:52,6.03,0.0,3,1809,买盘
243,09:43:55,6.03,0.0,11,6633,买盘
244,09:43:58,6.03,0.0,78,47024,买盘
245,09:44:01,6.03,0.0,40,24120,买盘
246,09:44:04,6.03,0.0,77,46381,买盘
247,09:44:06,6.03,0.0,100,60273,买盘
248,09:44:10,6.03,0.0,125,75375,买盘
249,09:44:13,6.03,0.0,140,84410,买盘
250,09:44:18,6.04,0.01,10,6040,买盘
251,09:44:22,6.03,-0.01,26,15678,卖盘
252,09:44:25,6.04,0.01,38,22952,买盘
253,09:44:30,6.04,0.0,15,9060,买盘
254,09:44:37,6.04,0.0,50,30160,买盘
255,09:44:42,6.04,0.0,151,91204,买盘
256,09:44:45,6.04,0.0,70,42280,买盘
257,09:44:48,6.04,0.0,51,30804,买盘
258,09:44:51,6.04,0.0,9,5436,买盘
259,09:44:55,6.03,-0.01,39,23552,卖盘
260,09:44:58,6.04,0.01,98,59192,买盘
261,09:45:06,6.04,0.0,12,7248,卖盘
262,09:45:09,6.04,0.0,1,604,买盘
263,09:45:13,6.04,0.0,30,18120,买盘
264,09:45:16,6.04,0.0,76,45904,买盘
265,09:45:19,6.04,0.0,4,2416,买盘
266,09:45:22,6.04,0.0,15,9060,买盘
267,09:45:25,6.03,-0.01,128,77212,卖盘
268,09:45:28,6.04,0.01,21,12684,买盘
269,09:45:31,6.04,0.0,16,9664,买盘
270,09:45:34,6.04,0.0,6,3624,买盘
271,09:45:37,6.04,0.0,16,9664,买盘
272,09:45:40,6.03,-0.01,151,91091,卖盘
273,09:45:43,6.04,0.01,33,19932,卖盘
274,09:45:52,6.04,0.0,24,14496,卖盘
275,09:45:55,6.05,0.01,10,6050,买盘
276,09:45:58,6.04,-0.01,61,36895,卖盘
277,09:46:00,6.04,0.0,106,64024,卖盘
278,09:46:04,6.04,0.0,13,7852,卖盘
279,09:46:06,6.05,0.01,24,14510,买盘
280,09:46:10,6.05,0.0,210,127050,买盘
281,09:46:13,6.05,0.0,114,68960,买盘
282,09:46:15,6.04,-0.01,152,91808,卖盘
283,09:46:18,6.04,0.0,79,47716,买盘
284,09:46:22,6.05,0.01,213,128802,买盘
285,09:46:25,6.04,-0.01,1,604,卖盘
286,09:46:28,6.05,0.01,7,4235,买盘
287,09:46:31,6.05,0.0,14,8460,买盘
288,09:46:33,6.05,0.0,50,30250,买盘
289,09:46:37,6.05,0.0,17,10280,买盘
290,09:46:39,6.04,-0.01,5,3024,卖盘
291,09:46:43,6.05,0.01,73,44165,买盘
292,09:46:46,6.05,0.0,58,35601,买盘
293,09:46:49,6.05,0.0,3,1815,卖盘
294,09:46:52,6.05,0.0,7,4235,卖盘
295,09:46:55,6.04,-0.01,14,8460,卖盘
296,09:46:58,6.05,0.01,27,16335,买盘
297,09:47:06,6.06,0.01,2,1212,买盘
298,09:47:10,6.06,0.0,1,606,买盘
299,09:47:13,6.06,0.0,38,23018,买盘
300,09:47:15,6.06,0.0,11,6666,买盘
301,09:47:18,6.06,0.0,8,4848,买盘
302,09:47:22,6.05,-0.01,50,30250,卖盘
303,09:47:25,6.05,0.0,139,84110,卖盘
304,09:47:28,6.06,0.01,7,4241,买盘
305,09:47:30,6.05,-0.01,100,60500,卖盘
306,09:47:39,6.06,0.01,133,80548,买盘
307,09:47:43,6.06,0.0,22,13332,买盘
308,09:47:46,6.05,-0.01,65,39330,卖盘
309,09:48:00,6.05,0.0,21,12705,卖盘
310,09:48:07,6.06,0.01,23,13938,买盘
311,09:48:10,6.06,0.0,15,9090,买盘
312,09:48:13,6.06,0.0,249,150864,买盘
313,09:48:25,6.06,0.0,49,29694,买盘
314,09:48:31,6.06,0.0,32,19392,买盘
315,09:48:33,6.06,0.0,13,7878,买盘
316,09:48:37,6.06,0.0,58,35118,买盘
317,09:48:39,6.06,0.0,30,18170,买盘
318,09:48:43,6.06,0.0,1,606,买盘
319,09:48:49,6.05,-0.01,351,212388,卖盘
320,09:48:52,6.06,0.01,48,29088,买盘
321,09:48:55,6.06,0.0,190,115120,买盘
322,09:48:57,6.06,0.0,30,18180,买盘
323,09:49:01,6.05,-0.01,276,167017,卖盘
324,09:49:04,6.06,0.01,8,4848,买盘
325,09:49:07,6.05,-0.01,180,109070,卖盘
326,09:49:10,6.05,0.0,105,63525,卖盘
327,09:49:16,6.05,0.0,119,72007,卖盘
328,09:49:19,6.06,0.01,10,6060,买盘
329,09:49:22,6.05,-0.01,15,9075,卖盘
330,09:49:27,6.05,0.0,29,17548,卖盘
331,09:49:30,6.06,0.01,21,12711,买盘
332,09:49:34,6.05,-0.01,384,232320,卖盘
333,09:49:43,6.05,0.0,1,605,买盘
334,09:49:46,6.05,0.0,16,9670,买盘
335,09:49:49,6.05,0.0,118,71390,买盘
336,09:49:52,6.05,0.0,112,67710,买盘
337,09:49:54,6.05,0.0,62,37510,买盘
338,09:49:57,6.05,0.0,26,15725,买盘
339,09:50:01,6.04,-0.01,286,172793,卖盘
340,09:50:04,6.04,0.0,123,74408,卖盘
341,09:50:07,6.05,0.01,20,12100,买盘
342,09:50:10,6.05,0.0,52,31440,买盘
343,09:50:13,6.05,0.0,28,16940,买盘
344,09:50:16,6.05,0.0,108,65299,买盘
345,09:50:19,6.05,0.0,137,82867,买盘
346,09:50:22,6.05,0.0,189,114343,买盘
347,09:50:24,6.06,0.01,335,202755,买盘
348,09:50:28,6.05,-0.01,231,139948,卖盘
349,09:50:31,6.07,0.02,326,197582,买盘
350,09:50:34,6.06,-0.01,148,89795,卖盘
351,09:50:37,6.07,0.01,245,148568,买盘
352,09:50:40,6.06,-0.01,151,91647,卖盘
353,09:50:43,6.07,0.01,102,61870,买盘
354,09:50:46,6.07,0.0,59,35813,买盘
355,09:50:49,6.07,0.0,78,47346,买盘
356,09:50:52,6.07,0.0,99,60093,买盘
357,09:50:55,6.07,0.0,368,223376,买盘
358,09:50:58,6.08,0.01,134,81395,买盘
359,09:51:00,6.07,-0.01,224,136163,中性盘
360,09:51:04,6.07,0.0,289,175586,卖盘
361,09:51:06,6.07,0.0,145,88015,买盘
362,09:51:09,6.08,0.01,109,66170,买盘
363,09:51:13,6.08,0.0,127,77216,买盘
364,09:51:16,6.07,-0.01,183,111246,卖盘
365,09:51:19,6.07,0.0,166,100893,卖盘
366,09:51:21,6.08,0.01,129,78394,买盘
367,09:51:25,6.07,-0.01,94,57065,卖盘
368,09:51:28,6.08,0.01,511,310683,买盘
369,09:51:31,6.07,-0.01,74,44970,卖盘
370,09:51:33,6.08,0.01,89,54109,买盘
371,09:51:36,6.08,0.0,78,47424,买盘
372,09:51:39,6.08,0.0,11,6688,买盘
373,09:51:43,6.08,0.0,30,18239,买盘
374,09:51:46,6.08,0.0,201,122208,买盘
375,09:51:49,6.08,0.0,334,203072,买盘
376,09:51:52,6.08,0.0,75,45600,买盘
377,09:51:54,6.08,0.0,12,7296,买盘
378,09:52:01,6.08,0.0,3,1824,买盘
379,09:52:04,6.08,0.0,15,9120,买盘
380,09:52:06,6.08,0.0,30,18232,买盘
381,09:52:10,6.08,0.0,75,45600,买盘
382,09:52:13,6.07,-0.01,538,326566,卖盘
383,09:52:16,6.07,0.0,10,6070,买盘
384,09:52:19,6.07,0.0,11,6677,买盘
385,09:52:22,6.07,0.0,144,87427,卖盘
386,09:52:25,6.07,0.0,55,33408,卖盘
387,09:52:30,6.07,0.0,49,29743,卖盘
388,09:52:33,6.07,0.0,23,13961,卖盘
389,09:52:37,6.07,0.0,40,24280,买盘
390,09:52:40,6.07,0.0,120,72840,买盘
391,09:52:43,6.07,0.0,6,3642,买盘
392,09:52:45,6.07,0.0,50,30350,买盘
393,09:52:49,6.06,-0.01,30,18180,卖盘
394,09:52:52,6.07,0.01,38,23066,买盘
395,09:52:55,6.07,0.0,14,8498,买盘
396,09:52:57,6.07,0.0,8,4851,买盘
397,09:53:01,6.07,0.0,9,5463,买盘
398,09:53:10,6.07,0.0,13,7891,买盘
399,09:53:13,6.07,0.0,22,13354,买盘
400,09:53:15,6.06,-0.01,332,201235,卖盘
401,09:53:18,6.06,0.0,81,49086,买盘
402,09:53:22,6.06,0.0,1,606,买盘
403,09:53:25,6.06,0.0,158,95748,买盘
404,09:53:30,6.06,0.0,6,3636,买盘
405,09:53:34,6.06,0.0,1,606,买盘
406,09:53:37,6.07,0.01,39,23635,买盘
407,09:53:40,6.06,-0.01,19,11514,卖盘
408,09:53:42,6.06,0.0,106,64336,卖盘
409,09:53:49,6.06,0.0,17,10302,卖盘
410,09:53:55,6.07,0.01,10,6070,买盘
411,09:53:58,6.06,-0.01,118,71538,卖盘
412,09:54:10,6.07,0.01,30,18190,买盘
413,09:54:12,6.07,0.0,1,607,买盘
414,09:54:16,6.06,-0.01,100,60601,卖盘
415,09:54:19,6.07,0.01,40,24280,买盘
416,09:54:28,6.07,0.0,7,4249,买盘
417,09:54:30,6.07,0.0,21,12747,买盘
418,09:54:34,6.06,-0.01,101,61306,卖盘
419,09:54:36,6.06,0.0,155,93930,卖盘
420,09:54:40,6.06,0.0,91,55146,买盘
421,09:54:43,6.07,0.01,29,17603,买盘
422,09:54:49,6.07,0.0,46,27922,买盘
423,09:54:52,6.06,-0.01,10,6060,卖盘
424,09:55:04,6.07,0.01,23,13939,买盘
425,09:55:10,6.06,-0.01,16,9696,卖盘
426,09:55:12,6.07,0.01,150,91050,买盘
427,09:55:15,6.06,-0.01,31,18807,卖盘
428,09:55:19,6.07,0.01,8,4856,买盘
429,09:55:22,6.07,0.0,150,91050,买盘
430,09:55:28,6.07,0.0,4,2428,买盘
431,09:55:34,6.06,-0.01,24,14548,卖盘
432,09:55:37,6.07,0.01,196,118972,买盘
433,09:55:40,6.07,0.0,14,8498,中性盘
434,09:55:43,6.06,-0.01,52,31524,卖盘
435,09:55:45,6.07,0.01,18,10926,买盘
436,09:55:48,6.06,-0.01,258,156358,卖盘
437,09:55:52,6.07,0.01,20,12140,买盘
438,09:55:58,6.07,0.0,15,9105,买盘
439,09:56:04,6.07,0.0,10,6070,买盘
440,09:56:10,6.07,0.0,3,1821,买盘
441,09:56:13,6.07,0.0,2,1214,买盘
442,09:56:15,6.06,-0.01,19,11515,卖盘
443,09:56:21,6.06,0.0,10,6060,卖盘
444,09:56:24,6.07,0.01,5,3035,买盘
445,09:56:28,6.06,-0.01,8,4848,卖盘
446,09:56:31,6.06,0.0,114,69084,卖盘
447,09:56:34,6.06,0.0,10,6060,卖盘
448,09:56:37,6.06,0.0,18,10908,卖盘
449,09:56:40,6.07,0.01,14,8498,买盘
450,09:56:42,6.06,-0.01,10,6060,卖盘
451,09:56:46,6.06,0.0,19,11514,卖盘
452,09:56:49,6.06,0.0,200,121200,卖盘
453,09:56:52,6.06,0.0,83,50298,卖盘
454,09:56:54,6.06,0.0,149,90294,卖盘
455,09:56:57,6.05,-0.01,823,497924,卖盘
456,09:57:01,6.05,0.0,30,18150,买盘
457,09:57:16,6.04,-0.01,167,100868,卖盘
458,09:57:19,6.05,0.01,55,33272,买盘
459,09:57:22,6.05,0.0,103,62307,买盘
460,09:57:25,6.04,-0.01,92,55640,卖盘
461,09:57:28,6.05,0.01,160,96684,买盘
462,09:57:30,6.05,0.0,445,269220,买盘
463,09:57:33,6.05,0.0,45,27196,卖盘
464,09:57:37,6.06,0.01,17,10302,买盘
465,09:57:40,6.05,-0.01,147,88973,卖盘
466,09:57:42,6.06,0.01,67,40555,买盘
467,09:57:46,6.06,0.0,41,24817,买盘
468,09:57:49,6.06,0.0,12,7272,买盘
469,09:57:52,6.06,0.0,12,7272,买盘
470,09:57:55,6.05,-0.01,551,333367,卖盘
471,09:57:58,6.05,0.0,13,7865,买盘
472,09:58:00,6.05,0.0,2,1210,买盘
473,09:58:03,6.05,0.0,321,194205,买盘
474,09:58:07,6.04,-0.01,283,170977,卖盘
475,09:58:10,6.04,0.0,222,134200,卖盘
476,09:58:13,6.05,0.01,43,26015,买盘
477,09:58:16,6.05,0.0,129,77977,买盘
478,09:58:19,6.05,0.0,93,56260,买盘
479,09:58:22,6.05,0.0,249,150390,买盘
480,09:58:25,6.04,-0.01,123,74377,中性盘
481,09:58:28,6.04,0.0,33,19932,买盘
482,09:58:31,6.03,-0.01,171,103329,卖盘
483,09:58:34,6.04,0.01,88,53234,卖盘
484,09:58:36,6.05,0.01,195,117961,买盘
485,09:58:39,6.03,-0.02,70,42324,卖盘
486,09:58:42,6.05,0.02,69,41745,买盘
487,09:58:45,6.05,0.0,70,42350,买盘
488,09:58:49,6.05,0.0,59,35695,买盘
489,09:58:52,6.05,0.0,82,49610,买盘
490,09:58:55,6.05,0.0,99,59895,买盘
491,09:58:58,6.05,0.0,75,45375,买盘
492,09:59:01,6.05,0.0,211,127455,买盘
493,09:59:04,6.05,0.0,94,56856,买盘
494,09:59:06,6.04,-0.01,52,31469,卖盘
495,09:59:10,6.06,0.02,15,9090,买盘
496,09:59:12,6.06,0.0,47,28482,买盘
497,09:59:16,6.05,-0.01,25,15139,卖盘
498,09:59:19,6.06,0.01,74,44844,买盘
499,09:59:21,6.06,0.0,44,26664,买盘
500,09:59:25,6.06,0.0,59,35754,买盘
501,09:59:28,6.06,0.0,64,38784,买盘
502,09:59:31,6.06,0.0,94,56942,买盘
503,09:59:34,6.05,-0.01,75,45432,买盘
504,09:59:37,6.06,0.01,66,39984,买盘
505,09:59:40,6.06,0.0,63,38178,买盘
506,09:59:42,6.05,-0.01,172,104138,卖盘
507,09:59:45,6.06,0.01,94,56936,买盘
508,09:59:49,6.06,0.0,62,37567,买盘
509,09:59:52,6.06,0.0,63,38178,买盘
510,09:59:55,6.07,0.01,351,212802,买盘
511,09:59:58,6.05,-0.02,68,41186,中性盘
512,10:00:01,6.07,0.02,23,13961,买盘
513,10:00:04,6.07,0.0,37,22459,买盘
514,10:00:07,6.07,0.0,57,34599,买盘
515,10:00:10,6.07,0.0,47,28529,买盘
516,10:00:12,6.07,0.0,41,24887,买盘
517,10:00:16,6.07,0.0,52,31564,买盘
518,10:00:18,6.07,0.0,39,23673,买盘
519,10:00:22,6.07,0.0,138,83766,买盘
520,10:00:25,6.07,0.0,38,23066,卖盘
521,10:00:28,6.08,0.01,841,511525,买盘
522,10:00:34,6.07,-0.01,80,48560,卖盘
523,10:00:40,6.08,0.01,40,24320,买盘
524,10:00:43,6.08,0.0,41,24908,买盘
525,10:00:46,6.08,0.0,440,267945,买盘
526,10:00:49,6.07,-0.01,22,13356,卖盘
527,10:00:52,6.08,0.01,16,9728,买盘
528,10:00:55,6.07,-0.01,36,21858,卖盘
529,10:00:58,6.08,0.01,27,16416,买盘
530,10:01:01,6.08,0.0,56,34048,买盘
531,10:01:04,6.09,0.01,47,28623,买盘
532,10:01:07,6.09,0.0,290,176590,买盘
533,10:01:12,6.09,0.0,45,27398,买盘
534,10:01:15,6.08,-0.01,132,80256,卖盘
535,10:01:19,6.08,0.0,80,48650,卖盘
536,10:01:22,6.08,0.0,86,52288,卖盘
537,10:01:25,6.08,0.0,40,24320,买盘
538,10:01:28,6.09,0.01,59,35925,买盘
539,10:01:31,6.08,-0.01,13,7904,中性盘
540,10:01:34,6.08,0.0,25,15200,买盘
541,10:01:43,6.08,0.0,56,34048,买盘
542,10:01:45,6.08,0.0,76,46208,买盘
543,10:01:48,6.08,0.0,86,52288,买盘
544,10:01:52,6.08,0.0,2,1216,买盘
545,10:01:54,6.08,0.0,319,193792,买盘
546,10:01:58,6.08,0.0,9,5472,买盘
547,10:02:13,6.07,-0.01,33,20031,卖盘
548,10:02:18,6.07,0.0,52,31564,卖盘
549,10:02:21,6.08,0.01,350,212800,买盘
550,10:02:24,6.08,0.0,114,69312,卖盘
551,10:02:37,6.08,0.0,138,83909,卖盘
552,10:02:43,6.08,0.0,226,137408,卖盘
553,10:02:46,6.07,-0.01,500,303895,卖盘
554,10:03:01,6.08,0.01,19,11552,买盘
555,10:03:09,6.08,0.0,10,6080,买盘
556,10:03:13,6.08,0.0,207,125851,买盘
557,10:03:19,6.07,-0.01,108,65593,卖盘
558,10:03:21,6.09,0.02,19,11571,买盘
559,10:03:28,6.08,-0.01,11,6688,买盘
560,10:03:31,6.08,0.0,29,17632,买盘
561,10:03:34,6.08,0.0,9,5472,买盘
562,10:03:37,6.08,0.0,84,51058,买盘
563,10:03:40,6.07,-0.01,5,3035,卖盘
564,10:03:42,6.07,0.0,40,24280,卖盘
565,10:03:46,6.08,0.01,75,45600,买盘
566,10:03:49,6.08,0.0,1,608,买盘
567,10:03:52,6.08,0.0,100,60800,买盘
568,10:03:55,6.08,0.0,5,3040,买盘
569,10:04:06,6.08,0.0,28,17024,买盘
570,10:04:10,6.08,0.0,12,7288,买盘
571,10:04:13,6.07,-0.01,5,3035,卖盘
572,10:04:15,6.07,0.0,3,1821,卖盘
573,10:04:18,6.08,0.01,50,30400,买盘
574,10:04:22,6.08,0.0,40,24320,买盘
575,10:04:25,6.08,0.0,75,45600,买盘
576,10:04:28,6.08,0.0,5,3040,买盘
577,10:04:31,6.07,-0.01,10,6070,卖盘
578,10:04:42,6.07,0.0,16,9712,卖盘
579,10:04:45,6.08,0.01,65,39520,买盘
580,10:04:48,6.07,-0.01,10,6070,卖盘
581,10:04:55,6.08,0.01,105,63781,买盘
582,10:05:04,6.08,0.0,134,81472,买盘
583,10:05:07,6.07,-0.01,51,30957,卖盘
584,10:05:13,6.08,0.01,57,34656,买盘
585,10:05:16,6.08,0.0,12,7296,买盘
586,10:05:19,6.08,0.0,18,10944,买盘
587,10:05:24,6.07,-0.01,44,26751,卖盘
588,10:05:28,6.08,0.01,1,608,买盘
589,10:05:31,6.07,-0.01,7,4249,卖盘
590,10:05:37,6.08,0.01,10,6080,买盘
591,10:05:39,6.07,-0.01,69,41883,卖盘
592,10:05:42,6.07,0.0,16,9712,卖盘
593,10:05:46,6.08,0.01,33,20058,买盘
594,10:05:49,6.08,0.0,132,80151,买盘
595,10:05:52,6.07,-0.01,5,3035,卖盘
596,10:05:58,6.07,0.0,5,3035,卖盘
597,10:06:01,6.07,0.0,6,3642,卖盘
598,10:06:04,6.07,0.0,471,285897,卖盘
599,10:06:06,6.07,0.0,17,10303,买盘
600,10:06:09,6.07,0.0,9,5463,卖盘
601,10:06:25,6.07,0.0,56,33992,买盘
602,10:06:28,6.06,-0.01,84,50904,卖盘
603,10:06:30,6.06,0.0,63,38178,卖盘
604,10:06:42,6.06,0.0,109,66054,卖盘
605,10:06:45,6.05,-0.01,391,236940,卖盘
606,10:06:48,6.06,0.01,30,18180,买盘
607,10:06:55,6.06,0.0,5,3030,买盘
608,10:07:01,6.06,0.0,8,4848,买盘
609,10:07:04,6.06,0.0,142,86052,买盘
610,10:07:10,6.06,0.0,28,16968,买盘
611,10:07:13,6.06,0.0,5,3030,买盘
612,10:07:19,6.06,0.0,1,606,买盘
613,10:07:22,6.06,0.0,93,56278,买盘
614,10:07:25,6.06,0.0,11,6666,买盘
615,10:07:28,6.06,0.0,5,3030,买盘
616,10:07:30,6.06,0.0,49,29694,买盘
617,10:07:46,6.05,-0.01,20,12109,卖盘
618,10:07:51,6.05,0.0,117,70785,卖盘
619,10:07:55,6.05,0.0,183,110715,卖盘
620,10:08:04,6.05,0.0,50,30250,卖盘
621,10:08:06,6.05,0.0,2,1210,卖盘
622,10:08:12,6.06,0.01,6,3636,买盘
623,10:08:19,6.06,0.0,6,3636,买盘
624,10:08:25,6.05,-0.01,57,34485,卖盘
625,10:08:28,6.06,0.01,85,51460,买盘
626,10:08:31,6.06,0.0,40,24240,买盘
627,10:08:34,6.05,-0.01,168,101766,卖盘
628,10:08:36,6.06,0.01,122,73932,买盘
629,10:08:43,6.06,0.0,33,19998,卖盘
630,10:08:46,6.06,0.0,5,3030,卖盘
631,10:08:49,6.06,0.0,21,12726,卖盘
632,10:08:54,6.06,0.0,45,27270,卖盘
633,10:08:57,6.07,0.01,50,30350,买盘
634,10:09:01,6.06,-0.01,112,67872,卖盘
635,10:09:04,6.06,0.0,46,27876,卖盘
636,10:09:18,6.06,0.0,50,30300,卖盘
637,10:09:21,6.07,0.01,137,83039,买盘
638,10:09:28,6.06,-0.01,4,2424,卖盘
639,10:09:31,6.06,0.0,26,15756,买盘
640,10:09:43,6.06,0.0,30,18180,买盘
641,10:09:46,6.05,-0.01,15,9075,卖盘
642,10:09:49,6.05,0.0,2,1210,卖盘
643,10:09:52,6.07,0.02,100,60626,买盘
644,10:09:55,6.06,-0.01,3,1818,买盘
645,10:09:58,6.05,-0.01,11,6665,卖盘
646,10:10:01,6.05,0.0,370,223850,卖盘
647,10:10:13,6.05,0.0,30,18170,卖盘
648,10:10:16,6.05,0.0,10,6050,卖盘
649,10:10:21,6.06,0.01,30,18180,买盘
650,10:10:24,6.06,0.0,15,9090,卖盘
651,10:10:31,6.05,-0.01,679,411397,卖盘
652,10:10:34,6.07,0.02,1,607,买盘
653,10:10:37,6.06,-0.01,3,1818,买盘
654,10:10:40,6.06,0.0,24,14544,买盘
655,10:10:52,6.06,0.0,36,21816,卖盘
656,10:11:01,6.07,0.01,10,6070,买盘
657,10:11:04,6.06,-0.01,5,3030,卖盘
658,10:11:13,6.06,0.0,23,13938,卖盘
659,10:11:15,6.06,0.0,24,14549,卖盘
660,10:11:19,6.06,0.0,100,60600,卖盘
661,10:11:22,6.06,0.0,20,12120,卖盘
662,10:11:25,6.07,0.01,30,18210,买盘
663,10:11:28,6.07,0.0,15,9105,买盘
664,10:11:37,6.07,0.0,3,1821,买盘
665,10:11:40,6.07,0.0,30,18210,买盘
666,10:11:42,6.06,-0.01,1,606,卖盘
667,10:11:48,6.06,0.0,12,7272,卖盘
668,10:11:58,6.07,0.01,58,35156,买盘
669,10:12:09,6.07,0.0,39,23673,买盘
670,10:12:19,6.07,0.0,17,10319,买盘
671,10:12:27,6.07,0.0,10,6070,买盘
672,10:12:43,6.06,-0.01,351,213016,卖盘
673,10:12:45,6.07,0.01,10,6070,买盘
674,10:12:55,6.07,0.0,200,121400,买盘
675,10:12:58,6.07,0.0,24,14568,买盘
676,10:13:12,6.07,0.0,76,46132,买盘
677,10:13:16,6.07,0.0,9,5457,买盘
678,10:13:28,6.06,-0.01,20,12120,卖盘
679,10:13:37,6.06,0.0,260,157560,卖盘
680,10:13:40,6.06,0.0,27,16362,买盘
681,10:13:43,6.06,0.0,10,6060,买盘
682,10:13:46,6.06,0.0,15,9090,买盘
683,10:13:52,6.06,0.0,135,81810,买盘
684,10:13:55,6.06,0.0,27,16362,卖盘
685,10:13:58,6.07,0.01,393,238551,买盘
686,10:14:04,6.07,0.0,65,39455,卖盘
687,10:14:10,6.07,0.0,59,35813,买盘
688,10:14:21,6.06,-0.01,33,19998,卖盘
689,10:14:25,6.07,0.01,40,24280,买盘
690,10:14:33,6.07,0.0,49,29743,买盘
691,10:14:46,6.07,0.0,4,2428,买盘
692,10:14:49,6.06,-0.01,111,67269,卖盘
693,10:14:52,6.06,0.0,20,12120,卖盘
694,10:15:10,6.07,0.01,37,22459,买盘
695,10:15:12,6.07,0.0,23,13961,买盘
696,10:15:22,6.06,-0.01,4,2424,卖盘
697,10:15:25,6.07,0.01,4,2428,买盘
698,10:15:30,6.06,-0.01,17,10302,卖盘
699,10:15:36,6.06,0.0,7,4242,卖盘
700,10:15:46,6.06,0.0,10,6060,卖盘
701,10:15:48,6.07,0.01,155,94080,买盘
702,10:15:52,6.06,-0.01,2,1212,卖盘
703,10:15:58,6.07,0.01,200,121400,买盘
704,10:16:04,6.06,-0.01,100,60600,卖盘
705,10:16:10,6.06,0.0,96,58176,卖盘
706,10:16:13,6.06,0.0,42,25452,卖盘
707,10:16:16,6.07,0.01,105,63735,买盘
708,10:16:31,6.07,0.0,30,18210,买盘
709,10:16:45,6.06,-0.01,110,66760,卖盘
710,10:16:48,6.07,0.01,8,4856,买盘
711,10:16:52,6.07,0.0,202,122614,买盘
712,10:16:55,6.06,-0.01,46,27891,卖盘
713,10:16:57,6.06,0.0,18,10908,卖盘
714,10:17:04,6.06,0.0,23,13938,卖盘
715,10:17:12,6.06,0.0,651,394509,卖盘
716,10:17:16,6.06,0.0,6,3636,买盘
717,10:17:22,6.06,0.0,30,18180,买盘
718,10:17:27,6.06,0.0,1,606,买盘
719,10:17:34,6.06,0.0,100,60600,买盘
720,10:17:37,6.06,0.0,2,1212,买盘
721,10:17:40,6.05,-0.01,50,30250,卖盘
722,10:17:43,6.06,0.01,12,7272,买盘
723,10:17:46,6.06,0.0,20,12120,买盘
724,10:17:58,6.05,-0.01,20,12100,卖盘
725,10:18:01,6.05,0.0,114,68977,卖盘
726,10:18:07,6.05,0.0,71,42955,卖盘
727,10:18:10,6.06,0.01,44,26664,买盘
728,10:18:13,6.06,0.0,50,30300,买盘
729,10:18:16,6.05,-0.01,14,8470,卖盘
730,10:18:22,6.06,0.01,40,24220,买盘
731,10:18:28,6.06,0.0,4,2424,买盘
732,10:18:34,6.06,0.0,1,606,买盘
733,10:18:37,6.06,0.0,20,12110,买盘
734,10:18:40,6.06,0.0,4,2424,买盘
735,10:18:48,6.06,0.0,5,3030,买盘
736,10:18:51,6.05,-0.01,14,8470,卖盘
737,10:18:57,6.05,0.0,38,23010,卖盘
738,10:19:07,6.05,0.0,34,20584,卖盘
739,10:19:16,6.06,0.01,5,3030,买盘
740,10:19:19,6.06,0.0,24,14544,买盘
741,10:19:36,6.06,0.0,11,6666,买盘
742,10:19:40,6.05,-0.01,65,39325,卖盘
743,10:19:45,6.05,0.0,6,3630,卖盘
744,10:19:49,6.05,0.0,3,1815,卖盘
745,10:19:58,6.05,0.0,33,19965,卖盘
746,10:20:01,6.05,0.0,104,62920,卖盘
747,10:20:04,6.05,0.0,50,30250,卖盘
748,10:20:06,6.05,0.0,46,27830,卖盘
749,10:20:19,6.06,0.01,9,5454,买盘
750,10:20:22,6.05,-0.01,16,9680,卖盘
751,10:20:25,6.05,0.0,50,30250,卖盘
752,10:20:31,6.06,0.01,126,76356,买盘
753,10:20:34,6.06,0.0,140,84840,买盘
754,10:20:37,6.05,-0.01,27,16335,卖盘
755,10:20:40,6.05,0.0,7,4235,卖盘
756,10:20:49,6.05,0.0,40,24200,卖盘
757,10:20:55,6.05,0.0,79,47795,卖盘
758,10:21:01,6.06,0.01,261,158166,买盘
759,10:21:06,6.06,0.0,2,1212,卖盘
760,10:21:16,6.06,0.0,14,8484,卖盘
761,10:21:22,6.06,0.0,100,60600,卖盘
762,10:21:25,6.06,0.0,10,6060,卖盘
763,10:21:28,6.07,0.01,3,1821,买盘
764,10:21:45,6.07,0.0,41,24855,买盘
765,10:21:48,6.07,0.0,66,40062,买盘
766,10:21:55,6.07,0.0,6,3642,买盘
767,10:21:58,6.06,-0.01,23,13938,卖盘
768,10:22:10,6.05,-0.01,1138,688856,卖盘
769,10:22:22,6.05,0.0,5,3025,买盘
770,10:22:25,6.05,0.0,30,18150,买盘
771,10:22:34,6.04,-0.01,33,19962,卖盘
772,10:22:40,6.05,0.01,23,13915,买盘
773,10:22:45,6.04,-0.01,108,65232,卖盘
774,10:22:52,6.04,0.0,23,13892,卖盘
775,10:22:55,6.04,0.0,179,108116,卖盘
776,10:22:58,6.05,0.01,10,6043,买盘
777,10:23:04,6.04,-0.01,68,41073,卖盘
778,10:23:07,6.04,0.0,98,59192,卖盘
779,10:23:09,6.04,0.0,5,3020,卖盘
780,10:23:15,6.04,0.0,25,15100,卖盘
781,10:23:18,6.04,0.0,1,604,卖盘
782,10:23:22,6.04,0.0,191,115364,卖盘
783,10:23:25,6.04,0.0,168,101472,卖盘
784,10:23:28,6.04,0.0,50,30206,卖盘
785,10:23:31,6.04,0.0,74,44696,卖盘
786,10:23:34,6.03,-0.01,105,63320,卖盘
787,10:23:37,6.04,0.01,39,23556,买盘
788,10:23:42,6.04,0.0,90,54310,买盘
789,10:23:45,6.03,-0.01,88,53064,卖盘
790,10:23:48,6.03,0.0,46,27738,卖盘
791,10:23:55,6.03,0.0,1204,726012,卖盘
792,10:24:04,6.02,-0.01,165,99335,卖盘
793,10:24:07,6.03,0.01,210,126630,买盘
794,10:24:09,6.02,-0.01,30,18080,卖盘
795,10:24:13,6.02,0.0,3,1806,卖盘
796,10:24:16,6.03,0.01,6,3614,买盘
797,10:24:19,6.02,-0.01,60,36120,卖盘
798,10:24:22,6.02,0.0,56,33712,卖盘
799,10:24:25,6.02,0.0,50,30100,卖盘
800,10:24:28,6.02,0.0,64,38528,卖盘
801,10:24:30,6.03,0.01,604,363637,买盘
802,10:24:33,6.02,-0.01,290,174580,卖盘
803,10:24:36,6.02,0.0,58,34916,买盘
804,10:24:40,6.01,-0.01,75,45141,卖盘
805,10:24:43,6.02,0.01,87,52374,买盘
806,10:24:45,6.02,0.0,54,32474,买盘
807,10:24:49,6.01,-0.01,1904,1144382,卖盘
808,10:24:52,6.01,0.0,104,62504,买盘
809,10:24:55,6.01,0.0,115,69115,买盘
810,10:24:57,6.0,-0.01,16,9600,卖盘
811,10:25:01,6.0,0.0,47,28221,卖盘
812,10:25:04,6.0,0.0,268,160881,卖盘
813,10:25:07,6.01,0.01,59,35450,买盘
814,10:25:09,6.0,-0.01,1365,819040,卖盘
815,10:25:12,6.0,0.0,507,303947,买盘
816,10:25:16,6.0,0.0,160,95907,买盘
817,10:25:19,6.0,0.0,2,1200,买盘
818,10:25:22,6.0,0.0,165,98960,买盘
819,10:25:25,5.99,-0.01,29,17380,卖盘
820,10:25:28,6.0,0.01,97,58180,买盘
821,10:25:30,5.99,-0.01,300,179729,卖盘
822,10:25:33,5.99,0.0,30,17978,卖盘
823,10:25:37,6.0,0.01,8,4801,卖盘
824,10:25:40,6.01,0.01,51,30601,买盘
825,10:25:43,6.0,-0.01,24,14404,卖盘
826,10:25:46,6.01,0.01,164,98539,买盘
827,10:25:49,6.01,0.0,16,9616,卖盘
828,10:25:55,6.01,0.0,45,27045,卖盘
829,10:25:57,6.0,-0.01,20,12003,卖盘
830,10:26:00,6.0,0.0,300,180001,卖盘
831,10:26:04,6.01,0.01,5,3005,中性盘
832,10:26:06,6.01,0.0,7,4205,买盘
833,10:26:09,6.0,-0.01,53,31839,卖盘
834,10:26:12,6.01,0.01,53,31853,中性盘
835,10:26:16,6.01,0.0,15,9015,买盘
836,10:26:22,6.0,-0.01,10,6000,卖盘
837,10:26:25,6.01,0.01,10,6010,买盘
838,10:26:28,6.0,-0.01,14,8400,卖盘
839,10:26:30,6.01,0.01,164,98557,买盘
840,10:26:33,6.0,-0.01,13,7801,卖盘
841,10:26:36,6.01,0.01,4,2404,买盘
842,10:26:40,6.01,0.0,138,82938,买盘
843,10:26:46,6.02,0.01,5,3010,买盘
844,10:26:49,6.02,0.0,85,51089,买盘
845,10:26:52,6.02,0.0,52,31302,买盘
846,10:26:58,6.02,0.0,10,6020,买盘
847,10:27:01,6.01,-0.01,396,237996,卖盘
848,10:27:04,6.01,0.0,2,1202,买盘
849,10:27:07,6.01,0.0,176,105776,买盘
850,10:27:10,6.02,0.01,68,40906,买盘
851,10:27:13,6.02,0.0,10,6020,买盘
852,10:27:16,6.02,0.0,117,70319,买盘
853,10:27:19,6.02,0.0,239,143878,买盘
854,10:27:22,6.02,0.0,10,6020,卖盘
855,10:27:25,6.02,0.0,44,26488,卖盘
856,10:27:27,6.03,0.01,35,21090,买盘
857,10:27:34,6.02,-0.01,5,3010,卖盘
858,10:27:43,6.02,0.0,182,109574,卖盘
859,10:27:45,6.03,0.01,26,15678,买盘
860,10:27:49,6.03,0.0,22,13256,买盘
861,10:27:52,6.02,-0.01,42,25294,卖盘
862,10:27:55,6.03,0.01,1,603,买盘
863,10:27:58,6.03,0.0,19,11439,买盘
864,10:28:01,6.03,0.0,3,1809,买盘
865,10:28:04,6.02,-0.01,40,24080,卖盘
866,10:28:06,6.02,0.0,408,245616,卖盘
867,10:28:10,6.02,0.0,9,5418,卖盘
868,10:28:16,6.01,-0.01,276,166082,卖盘
869,10:28:22,6.02,0.01,9,5418,买盘
870,10:28:27,6.02,0.0,100,60200,买盘
871,10:28:31,6.02,0.0,18,10834,买盘
872,10:28:33,6.02,0.0,21,12632,买盘
873,10:28:37,6.01,-0.01,25,15030,卖盘
874,10:28:40,6.01,0.0,154,92702,卖盘
875,10:28:45,6.02,0.01,6,3612,买盘
876,10:28:48,6.02,0.0,35,21070,买盘
877,10:28:52,6.02,0.0,389,233846,买盘
878,10:28:55,6.01,-0.01,99,59558,卖盘
879,10:29:00,6.01,0.0,69,41474,卖盘
880,10:29:04,6.01,0.0,55,33055,卖盘
881,10:29:13,6.02,0.01,137,82469,买盘
882,10:29:15,6.01,-0.01,460,276606,卖盘
883,10:29:19,6.02,0.01,289,173694,中性盘
884,10:29:25,6.01,-0.01,22,13240,卖盘
885,10:29:27,6.02,0.01,10,6020,买盘
886,10:29:30,6.02,0.0,30,18060,买盘
887,10:29:37,6.02,0.0,206,124012,买盘
888,10:29:43,6.02,0.0,24,14448,买盘
889,10:29:45,6.02,0.0,31,18662,买盘
890,10:29:48,6.02,0.0,82,49364,买盘
891,10:29:52,6.02,0.0,18,10836,买盘
892,10:29:54,6.02,0.0,25,15050,买盘
893,10:30:01,6.02,0.0,118,71036,买盘
894,10:30:06,6.02,0.0,1,602,买盘
895,10:30:09,6.02,0.0,1,602,买盘
896,10:30:13,6.02,0.0,4,2407,买盘
897,10:30:16,6.02,0.0,65,39130,买盘
898,10:30:19,6.02,0.0,100,60200,买盘
899,10:30:22,6.02,0.0,1,602,买盘
900,10:30:24,6.01,-0.01,901,541502,卖盘
901,10:30:27,6.02,0.01,18,10836,买盘
902,10:30:31,6.02,0.0,11,6622,买盘
903,10:30:34,6.02,0.0,2577,1546852,买盘
904,10:30:39,6.01,-0.01,25,15045,卖盘
905,10:30:43,6.02,0.01,4,2408,卖盘
906,10:30:46,6.02,0.0,9,5418,卖盘
907,10:30:49,6.0,-0.02,216,129904,卖盘
908,10:30:54,6.02,0.02,130,78260,卖盘
909,10:30:57,6.02,0.0,526,316652,卖盘
910,10:31:01,6.02,0.0,69,41538,买盘
911,10:31:04,6.02,0.0,30,18060,买盘
912,10:31:13,6.01,-0.01,190,114240,卖盘
913,10:31:16,6.01,0.0,223,134243,卖盘
914,10:31:19,6.01,0.0,11,6631,卖盘
915,10:31:22,6.01,0.0,25,15045,卖盘
916,10:31:34,6.01,0.0,81,48741,卖盘
917,10:31:37,6.01,0.0,40,24040,卖盘
918,10:31:40,6.02,0.01,70,42140,卖盘
919,10:31:42,6.02,0.0,2,1204,卖盘
920,10:31:46,6.02,0.0,140,84280,卖盘
921,10:31:48,6.03,0.01,52,31356,买盘
922,10:31:55,6.03,0.0,10,6030,买盘
923,10:31:58,6.02,-0.01,150,90300,卖盘
924,10:32:01,6.03,0.01,1,603,买盘
925,10:32:07,6.03,0.0,9,5427,买盘
926,10:32:10,6.03,0.0,502,302706,买盘
927,10:32:13,6.03,0.0,20,12060,卖盘
928,10:32:18,6.03,0.0,4,2412,卖盘
929,10:32:21,6.03,0.0,30,18090,卖盘
930,10:32:27,6.04,0.01,170,102680,买盘
931,10:32:30,6.05,0.01,166,100430,买盘
932,10:32:39,6.02,-0.03,1467,885965,卖盘
933,10:32:46,6.06,0.04,160,96960,买盘
934,10:33:07,6.04,-0.02,10,6040,卖盘
935,10:33:10,6.04,0.0,10,6040,买盘
936,10:33:16,6.03,-0.01,89,53725,卖盘
937,10:33:22,6.03,0.0,60,36180,卖盘
938,10:33:25,6.04,0.01,101,60954,买盘
939,10:33:28,6.05,0.01,120,72592,买盘
940,10:33:33,6.02,-0.03,255,153761,卖盘
941,10:33:36,6.03,0.01,18,10854,买盘
942,10:33:40,6.03,0.0,11,6633,买盘
943,10:33:42,6.02,-0.01,10,6020,卖盘
944,10:33:45,6.03,0.01,74,44583,买盘
945,10:33:48,6.02,-0.01,157,94514,卖盘
946,10:33:55,6.02,0.0,273,164346,卖盘
947,10:33:58,6.02,0.0,171,102942,卖盘
948,10:34:00,6.02,0.0,8,4816,卖盘
949,10:34:04,6.02,0.0,11,6622,卖盘
950,10:34:06,6.02,0.0,256,154112,卖盘
951,10:34:10,6.02,0.0,2,1204,卖盘
952,10:34:13,6.02,0.0,1,602,卖盘
953,10:34:16,6.02,0.0,1,602,卖盘
954,10:34:19,6.02,0.0,1,602,卖盘
955,10:34:21,6.02,0.0,2,1204,卖盘
956,10:34:24,6.02,0.0,1,602,卖盘
957,10:34:27,6.02,0.0,1,602,卖盘
958,10:34:31,6.02,0.0,1,602,卖盘
959,10:34:34,6.03,0.01,195,117585,买盘
960,10:34:37,6.02,-0.01,188,113176,卖盘
961,10:34:46,6.02,0.0,18,10836,卖盘
962,10:34:51,6.02,0.0,25,15050,卖盘
963,10:34:55,6.03,0.01,1036,624672,买盘
964,10:35:01,6.03,0.0,108,65041,买盘
965,10:35:04,6.02,-0.01,14,8428,卖盘
966,10:35:09,6.03,0.01,100,60300,买盘
967,10:35:12,6.02,-0.01,29,17458,卖盘
968,10:35:27,6.03,0.01,12,7236,买盘
969,10:35:36,6.02,-0.01,40,24100,卖盘
970,10:35:39,6.03,0.01,10,6030,买盘
971,10:35:43,6.03,0.0,5,3015,买盘
972,10:35:52,6.03,0.0,15,9045,买盘
973,10:35:55,6.03,0.0,30,18090,买盘
974,10:36:01,6.03,0.0,15,9045,买盘
975,10:36:06,6.03,0.0,20,12060,买盘
976,10:36:10,6.02,-0.01,53,31938,卖盘
977,10:36:12,6.03,0.01,20,12060,买盘
978,10:36:19,6.02,-0.01,41,24682,卖盘
979,10:36:21,6.03,0.01,4,2412,买盘
980,10:36:28,6.03,0.0,2,1206,买盘
981,10:36:36,6.03,0.0,20,12060,买盘
982,10:36:43,6.03,0.0,14,8442,买盘
983,10:36:48,6.03,0.0,10,6030,买盘
984,10:36:55,6.03,0.0,6,3618,买盘
985,10:36:58,6.03,0.0,20,12060,买盘
986,10:37:01,6.03,0.0,10,6030,买盘
987,10:37:04,6.03,0.0,50,30150,买盘
988,10:37:07,6.03,0.0,26,15678,买盘
989,10:37:09,6.02,-0.01,4,2408,卖盘
990,10:37:13,6.03,0.01,65,39195,买盘
991,10:37:16,6.02,-0.01,14,8432,卖盘
992,10:37:22,6.03,0.01,54,32562,买盘
993,10:37:25,6.03,0.0,70,42210,买盘
994,10:37:27,6.03,0.0,50,30150,买盘
995,10:37:31,6.03,0.0,100,60300,买盘
996,10:37:37,6.03,0.0,73,44019,买盘
997,10:37:40,6.03,0.0,23,13866,买盘
998,10:37:45,6.03,0.0,5,3015,买盘
999,10:37:48,6.03,0.0,73,44019,买盘
1000,10:38:04,6.03,0.0,10,6030,卖盘
1001,10:38:07,6.03,0.0,39,23517,卖盘
1002,10:38:15,6.04,0.01,8,4832,买盘
1003,10:38:33,6.04,0.0,43,25972,买盘
1004,10:38:37,6.04,0.0,20,12080,买盘
1005,10:38:48,6.04,0.0,10,6040,买盘
1006,10:38:51,6.04,0.0,62,37448,买盘
1007,10:38:58,6.04,0.0,8,4832,卖盘
1008,10:39:00,6.03,-0.01,6,3618,卖盘
1009,10:39:07,6.03,0.0,40,24120,卖盘
1010,10:39:22,6.04,0.01,10,6040,买盘
1011,10:39:25,6.04,0.0,5,3020,买盘
1012,10:39:36,6.03,-0.01,165,99495,卖盘
1013,10:39:48,6.03,0.0,30,18090,卖盘
1014,10:39:54,6.03,0.0,34,20502,卖盘
1015,10:40:04,6.04,0.01,5,3020,买盘
1016,10:40:09,6.03,-0.01,50,30150,卖盘
1017,10:40:13,6.03,0.0,10,6030,卖盘
1018,10:40:21,6.03,0.0,68,41004,卖盘
1019,10:40:24,6.04,0.01,5,3020,买盘
1020,10:40:27,6.03,-0.01,6,3618,卖盘
1021,10:40:37,6.03,0.0,69,41607,卖盘
1022,10:40:46,6.03,0.0,24,14472,卖盘
1023,10:40:49,6.03,0.0,6,3618,买盘
1024,10:40:52,6.03,0.0,5,3015,卖盘
1025,10:40:55,6.02,-0.01,54,32508,卖盘
1026,10:40:58,6.03,0.01,15,9045,买盘
1027,10:41:04,6.02,-0.01,234,140868,卖盘
1028,10:41:09,6.02,0.0,20,12040,卖盘
1029,10:41:13,6.02,0.0,30,18060,卖盘
1030,10:41:21,6.02,0.0,10,6020,卖盘
1031,10:41:28,6.02,0.0,17,10234,卖盘
1032,10:41:34,6.02,0.0,54,32511,卖盘
1033,10:41:40,6.02,0.0,80,48160,卖盘
1034,10:41:43,6.02,0.0,5,3010,卖盘
1035,10:41:52,6.02,0.0,52,31304,卖盘
1036,10:42:00,6.03,0.01,5,3015,买盘
1037,10:42:04,6.03,0.0,10,6030,买盘
1038,10:42:09,6.02,-0.01,12,7224,卖盘
1039,10:42:15,6.03,0.01,140,84420,买盘
1040,10:42:24,6.03,0.0,3,1809,买盘
1041,10:42:42,6.03,0.0,5,3015,买盘
1042,10:42:55,6.02,-0.01,20,12040,卖盘
1043,10:43:01,6.03,0.01,10,6030,买盘
1044,10:43:07,6.02,-0.01,129,77658,卖盘
1045,10:43:12,6.03,0.01,30,18090,买盘
1046,10:43:16,6.03,0.0,5,3015,买盘
1047,10:43:52,6.03,0.0,40,24120,买盘
1048,10:44:19,6.03,0.0,8,4824,买盘
1049,10:44:22,6.02,-0.01,113,68026,卖盘
1050,10:44:24,6.02,0.0,71,42743,卖盘
1051,10:44:27,6.02,0.0,12,7224,卖盘
1052,10:44:36,6.02,0.0,57,34314,卖盘
1053,10:44:42,6.02,0.0,1,602,卖盘
1054,10:44:49,6.02,0.0,165,99330,卖盘
1055,10:44:55,6.02,0.0,48,28896,卖盘
1056,10:45:01,6.02,0.0,40,24080,卖盘
1057,10:45:10,6.02,0.0,89,53578,卖盘
1058,10:45:13,6.02,0.0,116,69832,卖盘
1059,10:45:16,6.02,0.0,8,4816,卖盘
1060,10:45:19,6.03,0.01,174,104805,买盘
1061,10:45:27,6.02,-0.01,50,30100,卖盘
1062,10:45:33,6.02,0.0,87,52374,卖盘
1063,10:45:36,6.03,0.01,206,124212,买盘
1064,10:45:39,6.02,-0.01,104,62608,卖盘
1065,10:45:52,6.02,0.0,6,3612,卖盘
1066,10:46:01,6.02,0.0,92,55384,卖盘
1067,10:46:04,6.02,0.0,10,6020,卖盘
1068,10:46:09,6.02,0.0,5,3010,中性盘
1069,10:46:16,6.02,0.0,29,17468,卖盘
1070,10:46:19,6.02,0.0,8,4816,卖盘
1071,10:46:21,6.02,0.0,1,602,卖盘
1072,10:46:28,6.02,0.0,14,8428,卖盘
1073,10:46:39,6.01,-0.01,30,18030,卖盘
1074,10:46:45,6.01,0.0,44,26444,卖盘
1075,10:46:52,6.02,0.01,20,12040,买盘
1076,10:46:55,6.02,0.0,11,6622,买盘
1077,10:47:01,6.01,-0.01,14,8414,卖盘
1078,10:47:04,6.01,0.0,20,12020,卖盘
1079,10:47:10,6.01,0.0,1146,688746,卖盘
1080,10:47:15,6.01,0.0,49,29449,买盘
1081,10:47:18,6.01,0.0,1,601,买盘
1082,10:47:21,6.0,-0.01,430,258000,卖盘
1083,10:47:25,6.01,0.01,3,1803,买盘
1084,10:47:31,6.0,-0.01,32,19200,卖盘
1085,10:47:34,6.0,0.0,68,40800,卖盘
1086,10:47:37,6.0,0.0,100,60000,卖盘
1087,10:47:40,6.0,0.0,46,27610,卖盘
1088,10:47:42,6.0,0.0,29,17400,卖盘
1089,10:47:49,6.01,0.01,10,6010,买盘
1090,10:47:52,6.0,-0.01,444,266400,卖盘
1091,10:47:55,6.01,0.01,100,60100,买盘
1092,10:47:58,6.0,-0.01,154,92400,卖盘
1093,10:48:01,6.01,0.01,20,12010,买盘
1094,10:48:04,6.0,-0.01,95,57000,卖盘
1095,10:48:06,5.99,-0.01,90,53954,卖盘
1096,10:48:12,6.0,0.01,22,13200,卖盘
1097,10:48:16,5.99,-0.01,50,29950,卖盘
1098,10:48:21,6.0,0.01,73,43800,买盘
1099,10:48:28,5.99,-0.01,52,31180,卖盘
1100,10:48:31,5.99,0.0,4,2396,卖盘
1101,10:48:34,6.0,0.01,108,64702,买盘
1102,10:48:37,5.99,-0.01,75,44925,卖盘
1103,10:48:43,6.0,0.01,33,19800,买盘
1104,10:48:45,5.99,-0.01,9,5391,卖盘
1105,10:48:48,6.0,0.01,227,136200,买盘
1106,10:48:52,5.99,-0.01,24,14390,卖盘
1107,10:48:54,6.0,0.01,17,10198,中性盘
1108,10:48:58,6.0,0.0,12,7200,卖盘
1109,10:49:04,6.0,0.0,40,24000,卖盘
1110,10:49:06,6.0,0.0,10,6000,卖盘
1111,10:49:10,6.0,0.0,34,20400,卖盘
1112,10:49:13,6.0,0.0,20,12000,卖盘
1113,10:49:16,6.01,0.01,7,4207,买盘
1114,10:49:19,6.01,0.0,102,61201,买盘
1115,10:49:25,6.0,-0.01,10,6000,卖盘
1116,10:49:28,6.01,0.01,21,12621,买盘
1117,10:49:30,6.0,-0.01,26,15600,卖盘
1118,10:49:33,6.0,0.0,31,18600,买盘
1119,10:49:37,6.0,0.0,25,15000,买盘
1120,10:49:39,6.0,0.0,33,19800,买盘
1121,10:49:45,6.0,0.0,52,31200,卖盘
1122,10:49:51,6.0,0.0,30,18020,卖盘
1123,10:49:58,6.0,0.0,1,600,卖盘
1124,10:50:01,6.01,0.01,132,79332,买盘
1125,10:50:04,6.0,-0.01,7,4206,卖盘
1126,10:50:07,6.01,0.01,33,19828,买盘
1127,10:50:22,6.0,-0.01,9,5400,卖盘
1128,10:50:36,6.0,0.0,10,6000,卖盘
1129,10:50:52,6.01,0.01,46,27606,买盘
1130,10:50:54,6.0,-0.01,223,133815,卖盘
1131,10:51:01,6.01,0.01,39,23430,买盘
1132,10:51:07,6.01,0.0,21,12621,买盘
1133,10:51:09,6.0,-0.01,330,198025,卖盘
1134,10:51:12,6.0,0.0,10,6000,买盘
1135,10:51:15,6.0,0.0,1,600,买盘
1136,10:51:22,6.0,0.0,10,6000,买盘
1137,10:51:25,6.0,0.0,114,68400,买盘
1138,10:51:34,6.0,0.0,91,54600,卖盘
1139,10:51:43,6.0,0.0,15,9000,卖盘
1140,10:51:46,6.02,0.02,166,99836,买盘
1141,10:51:52,6.01,-0.01,7,4207,买盘
1142,10:51:57,6.01,0.0,8,4808,买盘
1143,10:52:04,6.01,0.0,1,601,卖盘
1144,10:52:19,6.02,0.01,238,143276,买盘
1145,10:52:25,6.02,0.0,6,3612,卖盘
1146,10:52:30,6.02,0.0,67,40334,卖盘
1147,10:52:36,6.02,0.0,109,65618,卖盘
1148,10:52:43,6.01,-0.01,4,2404,卖盘
1149,10:52:49,6.02,0.01,3,1806,买盘
1150,10:53:06,6.02,0.0,21,12642,买盘
1151,10:53:15,6.02,0.0,74,44548,买盘
1152,10:53:25,5.98,-0.04,2926,1752905,卖盘
1153,10:53:31,5.98,0.0,4,2392,买盘
1154,10:53:34,5.98,0.0,34,20332,买盘
1155,10:53:36,5.98,0.0,8,4784,买盘
1156,10:53:51,5.98,0.0,6,3588,卖盘
1157,10:53:55,5.98,0.0,21,12558,卖盘
1158,10:54:04,5.98,0.0,15,8970,卖盘
1159,10:54:07,6.0,0.02,35,21000,买盘
1160,10:54:09,5.99,-0.01,6,3594,卖盘
1161,10:54:13,6.0,0.01,14,8400,买盘
1162,10:54:15,5.99,-0.01,10,5990,中性盘
1163,10:54:25,6.0,0.01,5,3000,买盘
1164,10:54:28,6.0,0.0,5,3000,买盘
1165,10:54:33,5.99,-0.01,8,4792,卖盘
1166,10:54:40,5.99,0.0,30,17970,卖盘
1167,10:54:49,5.99,0.0,15,8985,卖盘
1168,10:54:52,6.0,0.01,46,27600,买盘
1169,10:54:55,5.99,-0.01,51,30589,卖盘
1170,10:55:00,6.0,0.01,5,3000,买盘
1171,10:55:04,6.0,0.0,27,16200,买盘
1172,10:55:06,6.0,0.0,36,21600,买盘
1173,10:55:16,6.01,0.01,4,2404,买盘
1174,10:55:25,6.0,-0.01,1,600,卖盘
1175,10:55:27,6.01,0.01,10,6010,买盘
1176,10:55:30,6.01,0.0,114,68514,买盘
1177,10:55:34,6.0,-0.01,13,7800,卖盘
1178,10:55:37,6.0,0.0,165,99000,卖盘
1179,10:55:39,6.01,0.01,197,118242,买盘
1180,10:55:45,6.0,-0.01,1,600,买盘
1181,10:55:48,6.0,0.0,1,600,买盘
1182,10:55:51,6.0,0.0,39,23400,买盘
1183,10:55:57,6.0,0.0,1,600,卖盘
1184,10:56:01,6.0,0.0,36,21600,卖盘
1185,10:56:07,6.0,0.0,23,13800,卖盘
1186,10:56:12,6.0,0.0,1,600,卖盘
1187,10:56:19,6.01,0.01,9,5409,买盘
1188,10:56:27,6.01,0.0,20,12020,买盘
1189,10:56:39,6.01,0.0,50,30050,买盘
1190,10:56:42,6.01,0.0,20,12020,买盘
1191,10:56:46,6.01,0.0,4,2404,买盘
1192,10:56:52,6.01,0.0,5,3005,买盘
1193,10:56:57,6.01,0.0,11,6611,买盘
1194,10:57:00,6.01,0.0,14,8414,买盘
1195,10:57:10,6.01,0.0,33,19833,卖盘
1196,10:57:15,6.01,0.0,2,1202,买盘
1197,10:57:24,6.01,0.0,6,3606,买盘
1198,10:57:31,6.01,0.0,9,5409,卖盘
1199,10:57:34,6.01,0.0,1,601,卖盘
1200,10:57:40,6.01,0.0,1,601,卖盘
1201,10:57:48,6.01,0.0,12,7212,卖盘
1202,10:57:52,6.01,0.0,19,11419,卖盘
1203,10:58:04,6.02,0.01,64,38510,买盘
1204,10:58:12,6.02,0.0,20,12040,买盘
1205,10:58:16,6.01,-0.01,60,36060,卖盘
1206,10:58:22,6.02,0.01,29,17458,买盘
1207,10:58:27,6.01,-0.01,11,6618,卖盘
1208,10:58:34,6.01,0.0,10,6010,卖盘
1209,10:58:37,6.01,0.0,326,195926,卖盘
1210,10:58:40,6.01,0.0,82,49282,买盘
1211,10:58:51,6.0,-0.01,381,228600,卖盘
1212,10:58:54,6.01,0.01,166,99728,买盘
1213,10:58:57,6.01,0.0,4,2404,买盘
1214,10:59:04,5.99,-0.02,20,11980,卖盘
1215,10:59:10,5.98,-0.01,1240,742003,卖盘
1216,10:59:13,6.0,0.02,16,9600,卖盘
1217,10:59:16,6.0,0.0,19,11382,买盘
1218,10:59:27,5.99,-0.01,52,31148,卖盘
1219,10:59:40,6.0,0.01,6,3600,买盘
1220,10:59:42,5.99,-0.01,103,61697,卖盘
1221,10:59:51,5.99,0.0,50,29950,买盘
1222,10:59:54,5.98,-0.01,95,56852,卖盘
1223,10:59:58,5.99,0.01,8,4792,买盘
1224,11:00:09,5.99,0.0,1,599,卖盘
1225,11:00:19,5.99,0.0,89,53311,卖盘
1226,11:00:22,5.99,0.0,50,29985,卖盘
1227,11:00:39,5.99,0.0,19,11381,卖盘
1228,11:00:43,6.0,0.01,81,48600,买盘
1229,11:00:46,5.99,-0.01,35,20965,卖盘
1230,11:00:49,6.0,0.01,21,12600,买盘
1231,11:00:52,5.99,-0.01,274,164126,卖盘
1232,11:01:07,6.0,0.01,5,3000,买盘
1233,11:01:09,5.99,-0.01,38,22762,卖盘
1234,11:01:12,6.0,0.01,20,12000,买盘
1235,11:01:15,5.99,-0.01,13,7787,卖盘
1236,11:01:22,6.0,0.01,74,44387,买盘
1237,11:01:27,6.0,0.0,4,2400,买盘
1238,11:01:43,5.99,-0.01,26,15590,卖盘
1239,11:01:52,6.0,0.01,100,60000,买盘
1240,11:01:57,5.99,-0.01,90,53920,卖盘
1241,11:02:00,6.0,0.01,20,12000,买盘
1242,11:02:06,5.99,-0.01,4,2396,卖盘
1243,11:02:10,6.0,0.01,29,17400,买盘
1244,11:02:13,6.0,0.0,19,11400,买盘
1245,11:02:33,6.0,0.0,102,61200,买盘
1246,11:02:36,6.0,0.0,116,69600,买盘
1247,11:02:42,6.0,0.0,40,24000,买盘
1248,11:02:46,6.01,0.01,535,321084,买盘
1249,11:02:52,6.0,-0.01,5,3000,卖盘
1250,11:03:04,6.0,0.0,1,600,买盘
1251,11:03:15,6.01,0.01,24,14424,买盘
1252,11:03:28,6.0,-0.01,30,18000,卖盘
1253,11:03:37,6.0,0.0,4,2400,卖盘
1254,11:03:55,6.01,0.01,5,3005,买盘
1255,11:03:58,6.01,0.0,11,6611,买盘
1256,11:04:01,6.01,0.0,33,19833,买盘
1257,11:04:13,6.0,-0.01,8,4800,卖盘
1258,11:04:22,6.01,0.01,4,2404,买盘
1259,11:04:24,6.0,-0.01,116,69600,卖盘
1260,11:04:46,6.0,0.0,135,81050,卖盘
1261,11:04:49,6.0,0.0,1,600,卖盘
1262,11:04:58,6.01,0.01,20,12020,买盘
1263,11:05:04,6.01,0.0,98,58881,买盘
1264,11:05:06,6.0,-0.01,113,67800,卖盘
1265,11:05:22,6.01,0.01,6,3606,买盘
1266,11:05:31,6.0,-0.01,698,418800,卖盘
1267,11:05:40,5.99,-0.01,10,5990,卖盘
1268,11:05:43,6.0,0.01,50,30000,买盘
1269,11:05:46,6.0,0.0,66,39600,买盘
1270,11:05:49,6.0,0.0,11,6600,买盘
1271,11:06:07,6.0,0.0,30,18000,卖盘
1272,11:06:10,6.0,0.0,350,210000,卖盘
1273,11:06:16,6.01,0.01,6,3601,买盘
1274,11:06:21,6.0,-0.01,11,6600,卖盘
1275,11:06:24,6.01,0.01,1,601,买盘
1276,11:06:27,6.0,-0.01,8,4806,卖盘
1277,11:06:31,6.0,0.0,97,58200,卖盘
1278,11:06:40,6.0,0.0,3,1800,卖盘
1279,11:06:48,5.99,-0.01,97,58172,卖盘
1280,11:06:58,6.01,0.02,17,10212,买盘
1281,11:07:01,6.0,-0.01,87,52200,卖盘
1282,11:07:12,6.0,0.0,4,2400,卖盘
1283,11:07:24,6.0,0.0,106,63600,卖盘
1284,11:07:31,6.0,0.0,10,6000,买盘
1285,11:07:34,6.01,0.01,35,21021,买盘
1286,11:07:42,6.0,-0.01,4,2400,卖盘
1287,11:07:45,6.0,0.0,21,12600,买盘
1288,11:07:51,6.0,0.0,14,8400,买盘
1289,11:07:58,6.0,0.0,32,19197,买盘
1290,11:08:06,6.0,0.0,8,4800,买盘
1291,11:08:09,6.0,0.0,33,19800,买盘
1292,11:08:13,6.0,0.0,3,1800,卖盘
1293,11:08:16,5.99,-0.01,30,17970,卖盘
1294,11:08:30,6.0,0.01,20,11985,买盘
1295,11:08:36,6.0,0.0,103,61780,买盘
1296,11:09:04,6.0,0.0,56,33600,卖盘
1297,11:09:12,6.0,0.0,35,21000,卖盘
1298,11:09:19,6.0,0.0,1,600,卖盘
1299,11:09:22,6.0,0.0,5,3000,卖盘
1300,11:09:33,6.01,0.01,5,3005,买盘
1301,11:09:43,6.0,-0.01,3,1800,卖盘
1302,11:09:46,6.01,0.01,328,196816,买盘
1303,11:10:04,6.0,-0.01,100,60050,卖盘
1304,11:10:06,6.0,0.0,15,9000,卖盘
1305,11:10:19,6.01,0.01,135,81135,买盘
1306,11:10:27,6.0,-0.01,4,2400,卖盘
1307,11:10:31,6.01,0.01,35,21035,买盘
1308,11:10:42,6.01,0.0,10,6010,买盘
1309,11:10:46,6.0,-0.01,234,140400,卖盘
1310,11:11:06,6.0,0.0,60,36000,卖盘
1311,11:11:16,6.01,0.01,5,3005,买盘
1312,11:11:19,6.0,-0.01,243,145800,卖盘
1313,11:11:24,6.0,0.0,10,6000,卖盘
1314,11:11:28,6.0,0.0,12,7205,卖盘
1315,11:11:48,6.0,0.0,2,1200,卖盘
1316,11:11:57,6.01,0.01,58,34809,买盘
1317,11:12:12,6.01,0.0,30,18030,买盘
1318,11:12:19,6.01,0.0,1,601,买盘
1319,11:12:21,6.0,-0.01,4,2400,卖盘
1320,11:12:27,6.01,0.01,50,30050,买盘
1321,11:12:36,6.0,-0.01,35,21000,卖盘
1322,11:12:46,6.0,0.0,15,9000,卖盘
1323,11:12:57,6.0,0.0,17,10200,卖盘
1324,11:13:03,6.0,0.0,378,226800,卖盘
1325,11:13:09,6.0,0.0,10,6000,买盘
1326,11:13:18,6.0,0.0,1,600,买盘
1327,11:13:21,6.0,0.0,1,600,买盘
1328,11:13:25,5.99,-0.01,10,5991,卖盘
1329,11:13:28,6.0,0.01,1,600,买盘
1330,11:13:31,6.0,0.0,1,600,买盘
1331,11:13:33,6.0,0.0,1,600,买盘
1332,11:13:36,6.0,0.0,1,600,买盘
1333,11:13:40,6.0,0.0,1,600,买盘
1334,11:13:43,6.0,0.0,74,44400,买盘
1335,11:13:49,6.0,0.0,2,1200,卖盘
1336,11:13:58,6.0,0.0,26,15600,卖盘
1337,11:14:00,6.0,0.0,5,3000,卖盘
1338,11:14:03,6.0,0.0,96,57600,卖盘
1339,11:14:06,6.0,0.0,41,24600,卖盘
1340,11:14:10,6.0,0.0,27,16200,卖盘
1341,11:14:13,6.0,0.0,39,23400,买盘
1342,11:14:16,6.0,0.0,10,6000,买盘
1343,11:14:19,6.0,0.0,12,7200,买盘
1344,11:14:22,6.0,0.0,12,7200,买盘
1345,11:14:24,6.0,0.0,2,1200,买盘
1346,11:14:28,5.99,-0.01,25,14978,卖盘
1347,11:14:31,6.0,0.01,158,94800,买盘
1348,11:14:42,6.01,0.01,3,1803,买盘
1349,11:14:49,6.01,0.0,30,18030,买盘
1350,11:14:55,6.01,0.0,50,30005,买盘
1351,11:14:58,6.01,0.0,5,3005,买盘
1352,11:15:01,6.0,-0.01,40,24019,卖盘
1353,11:15:04,6.01,0.01,63,37863,买盘
1354,11:15:07,6.01,0.0,91,54691,买盘
1355,11:15:10,6.01,0.0,78,46878,买盘
1356,11:15:13,6.01,0.0,112,67312,买盘
1357,11:15:16,6.01,0.0,303,182091,买盘
1358,11:15:18,6.01,0.0,295,177295,买盘
1359,11:15:22,6.0,-0.01,50,30000,卖盘
1360,11:15:24,6.01,0.01,106,63706,买盘
1361,11:15:27,6.01,0.0,410,246320,买盘
1362,11:15:31,6.01,0.0,30,18030,买盘
1363,11:15:34,6.01,0.0,12,7205,买盘
1364,11:15:37,6.01,0.0,311,186611,买盘
1365,11:15:40,6.01,0.0,9,5409,买盘
1366,11:15:43,6.01,0.0,150,90142,买盘
1367,11:15:46,6.01,0.0,31,18631,买盘
1368,11:15:49,6.01,0.0,4,2404,买盘
1369,11:15:55,6.01,0.0,3,1803,买盘
1370,11:15:58,6.01,0.0,21,12621,买盘
1371,11:16:01,6.01,0.0,78,46878,买盘
1372,11:16:04,6.01,0.0,57,34257,买盘
1373,11:16:06,6.01,0.0,1304,783704,买盘
1374,11:16:10,6.01,0.0,5,3005,买盘
1375,11:16:13,6.01,0.0,351,210951,买盘
1376,11:16:16,6.01,0.0,446,268046,买盘
1377,11:16:19,6.01,0.0,213,128013,买盘
1378,11:16:31,6.02,0.01,15,9030,买盘
1379,11:16:36,6.02,0.0,123,74046,买盘
1380,11:16:43,6.02,0.0,52,31304,买盘
1381,11:16:46,6.02,0.0,169,101738,买盘
1382,11:16:58,6.03,0.01,73,44019,买盘
1383,11:17:07,6.04,0.01,20,12080,买盘
1384,11:17:22,6.04,0.0,35,21140,买盘
1385,11:17:27,6.04,0.0,20,12080,买盘
1386,11:17:30,6.04,0.0,1,604,买盘
1387,11:17:33,6.04,0.0,72,43488,买盘
1388,11:17:37,6.05,0.01,422,255188,买盘
1389,11:17:46,6.04,-0.01,80,48320,卖盘
1390,11:17:51,6.04,0.0,100,60400,卖盘
1391,11:17:57,6.04,0.0,50,30230,卖盘
1392,11:18:01,6.04,0.0,55,33220,卖盘
1393,11:18:04,6.04,0.0,30,18120,卖盘
1394,11:18:10,6.05,0.01,32,19360,买盘
1395,11:18:13,6.04,-0.01,30,18120,卖盘
1396,11:18:24,6.05,0.01,3,1815,买盘
1397,11:18:27,6.04,-0.01,20,12080,卖盘
1398,11:18:30,6.05,0.01,9,5445,买盘
1399,11:18:34,6.04,-0.01,40,24160,卖盘
1400,11:18:37,6.04,0.0,20,12080,卖盘
1401,11:18:40,6.04,0.0,30,18120,卖盘
1402,11:18:42,6.04,0.0,76,45904,卖盘
1403,11:18:52,6.05,0.01,100,60490,买盘
1404,11:18:54,6.04,-0.01,30,18120,卖盘
1405,11:19:04,6.05,0.01,30,18150,买盘
1406,11:19:07,6.04,-0.01,90,54360,卖盘
1407,11:19:16,6.04,0.0,100,60400,卖盘
1408,11:19:19,6.05,0.01,22,13310,买盘
1409,11:19:22,6.04,-0.01,102,61608,卖盘
1410,11:19:25,6.04,0.0,9,5436,买盘
1411,11:19:34,6.04,0.0,46,27784,买盘
1412,11:19:39,6.04,0.0,16,9664,买盘
1413,11:19:45,6.03,-0.01,5,3015,卖盘
1414,11:19:49,6.04,0.01,10,6040,买盘
1415,11:19:58,6.03,-0.01,3,1809,卖盘
1416,11:20:04,6.04,0.01,61,36844,买盘
1417,11:20:09,6.04,0.0,30,18120,买盘
1418,11:20:24,6.04,0.0,30,18120,买盘
1419,11:20:34,6.04,0.0,83,50096,买盘
1420,11:20:40,6.03,-0.01,16,9648,卖盘
1421,11:20:52,6.04,0.01,10,6040,买盘
1422,11:21:01,6.05,0.01,197,119022,买盘
1423,11:21:04,6.03,-0.02,96,57909,卖盘
1424,11:21:07,6.05,0.02,20,12100,买盘
1425,11:21:18,6.05,0.0,3,1815,买盘
1426,11:21:22,6.04,-0.01,2,1208,卖盘
1427,11:21:31,6.05,0.01,30,18150,买盘
1428,11:21:37,6.04,-0.01,20,12080,卖盘
1429,11:21:43,6.04,0.0,3,1812,卖盘
1430,11:21:46,6.04,0.0,20,12080,卖盘
1431,11:21:48,6.04,0.0,50,30200,卖盘
1432,11:21:51,6.05,0.01,3,1815,买盘
1433,11:21:55,6.04,-0.01,39,23575,卖盘
1434,11:21:57,6.05,0.01,281,170005,买盘
1435,11:22:19,6.05,0.0,50,30250,买盘
1436,11:22:31,6.05,0.0,18,10890,买盘
1437,11:22:34,6.05,0.0,14,8470,买盘
1438,11:22:37,6.05,0.0,10,6050,买盘
1439,11:22:40,6.05,0.0,10,6050,买盘
1440,11:22:49,6.04,-0.01,2,1208,卖盘
1441,11:23:01,6.05,0.01,81,49005,买盘
1442,11:23:06,6.05,0.0,30,18150,买盘
1443,11:23:09,6.05,0.0,10,6050,买盘
1444,11:23:13,6.05,0.0,7,4235,买盘
1445,11:23:16,6.05,0.0,141,85226,买盘
1446,11:23:19,6.05,0.0,1,605,买盘
1447,11:23:31,6.04,-0.01,10,6040,卖盘
1448,11:23:37,6.04,0.0,6,3624,卖盘
1449,11:23:43,6.04,0.0,9,5436,卖盘
1450,11:23:57,6.05,0.01,16,9680,买盘
1451,11:24:04,6.04,-0.01,5,3020,卖盘
1452,11:24:09,6.05,0.01,3,1815,买盘
1453,11:24:28,6.04,-0.01,33,19932,卖盘
1454,11:24:31,6.05,0.01,20,12100,买盘
1455,11:24:34,6.04,-0.01,100,60400,卖盘
1456,11:24:40,6.04,0.0,33,19932,卖盘
1457,11:24:42,6.04,0.0,50,30200,卖盘
1458,11:24:45,6.04,0.0,939,567156,卖盘
1459,11:25:01,6.04,0.0,2,1208,买盘
1460,11:25:24,6.03,-0.01,29,17487,卖盘
1461,11:25:49,6.03,0.0,72,43416,卖盘
1462,11:25:54,6.03,0.0,9,5429,卖盘
1463,11:26:09,6.04,0.01,18,10872,买盘
1464,11:26:16,6.03,-0.01,5,3015,卖盘
1465,11:26:22,6.04,0.01,11,6644,买盘
1466,11:27:25,6.03,-0.01,25,15075,卖盘
1467,11:27:28,6.03,0.0,1,603,卖盘
1468,11:27:34,6.03,0.0,29,17487,卖盘
1469,11:27:36,6.03,0.0,14,8442,卖盘
1470,11:28:00,6.03,0.0,70,42210,卖盘
1471,11:28:06,6.03,0.0,73,44019,卖盘
1472,11:28:24,6.03,0.0,2,1206,买盘
1473,11:28:27,6.03,0.0,20,12060,买盘
1474,11:28:31,6.03,0.0,10,6030,买盘
1475,11:28:37,6.03,0.0,14,8442,买盘
1476,11:28:49,6.03,0.0,7,4221,买盘
1477,11:29:03,6.02,-0.01,15,9030,卖盘
1478,11:29:31,6.03,0.01,19,11457,买盘
1479,11:29:49,6.02,-0.01,1,602,卖盘
1480,11:29:57,6.02,0.0,19,11438,卖盘
1481,11:30:01,6.02,0.0,60,36130,卖盘
1482,13:00:05,6.08,0.06,4627,2804369,买盘
1483,13:00:07,6.11,0.03,4356,2653087,买盘
1484,13:00:09,6.1,-0.01,202,123337,卖盘
1485,13:00:13,6.11,0.01,11,6721,买盘
1486,13:00:16,6.11,0.0,234,142974,买盘
1487,13:00:19,6.1,-0.01,735,448913,卖盘
1488,13:00:22,6.1,0.0,255,155798,买盘
1489,13:00:24,6.12,0.02,1106,676798,买盘
1490,13:00:28,6.11,-0.01,632,386152,卖盘
1491,13:00:30,6.1,-0.01,150,91500,卖盘
1492,13:00:33,6.11,0.01,306,186966,买盘
1493,13:00:36,6.11,0.0,379,231569,买盘
1494,13:00:39,6.11,0.0,515,314660,买盘
1495,13:00:42,6.11,0.0,367,224202,买盘
1496,13:00:45,6.12,0.01,80,48951,买盘
1497,13:00:48,6.12,0.0,167,102204,买盘
1498,13:00:51,6.12,0.0,484,295870,买盘
1499,13:00:54,6.12,0.0,137,83839,买盘
1500,13:00:57,6.12,0.0,113,69156,卖盘
1501,13:01:00,6.12,0.0,351,214862,卖盘
1502,13:01:04,6.12,0.0,229,140267,卖盘
1503,13:01:07,6.14,0.02,1135,695823,买盘
1504,13:01:09,6.13,-0.01,71,43548,卖盘
1505,13:01:12,6.13,0.0,199,121987,卖盘
1506,13:01:15,6.14,0.01,296,181492,买盘
1507,13:01:19,6.14,0.0,175,107350,买盘
1508,13:01:21,6.13,-0.01,115,70600,卖盘
1509,13:01:24,6.15,0.02,767,471458,买盘
1510,13:01:27,6.14,-0.01,91,55877,卖盘
1511,13:01:30,6.15,0.01,735,451078,买盘
1512,13:01:33,6.14,-0.01,162,99513,中性盘
1513,13:01:37,6.15,0.01,265,162734,买盘
1514,13:01:39,6.15,0.0,674,414483,买盘
1515,13:01:42,6.15,0.0,163,100199,卖盘
1516,13:01:45,6.16,0.01,1618,995095,买盘
1517,13:01:48,6.15,-0.01,71,43698,卖盘
1518,13:01:52,6.15,0.0,292,179777,卖盘
1519,13:01:55,6.16,0.01,354,217981,买盘
1520,13:01:57,6.16,0.0,153,94248,买盘
1521,13:02:00,6.17,0.01,61,37604,买盘
1522,13:02:04,6.16,-0.01,358,220603,卖盘
1523,13:02:07,6.17,0.01,165,101679,买盘
1524,13:02:10,6.16,-0.01,508,313047,卖盘
1525,13:02:13,6.16,0.0,272,167430,买盘
1526,13:02:15,6.17,0.01,812,500084,买盘
1527,13:02:18,6.15,-0.02,876,538872,卖盘
1528,13:02:22,6.15,0.0,178,109470,买盘
1529,13:02:24,6.15,0.0,142,87277,买盘
1530,13:02:27,6.15,0.0,372,228037,买盘
1531,13:02:30,6.14,-0.01,10,6140,中性盘
1532,13:02:34,6.13,-0.01,329,201675,买盘
1533,13:02:37,6.13,0.0,76,46565,买盘
1534,13:02:40,6.13,0.0,124,76011,买盘
1535,13:02:43,6.12,-0.01,296,181194,卖盘
1536,13:02:45,6.13,0.01,79,48388,买盘
1537,13:02:48,6.12,-0.01,19,11632,卖盘
1538,13:02:51,6.13,0.01,162,99186,买盘
1539,13:02:55,6.12,-0.01,177,108395,卖盘
1540,13:02:58,6.12,0.0,29,17751,卖盘
1541,13:03:00,6.12,0.0,217,132854,卖盘
1542,13:03:04,6.12,0.0,49,29988,买盘
1543,13:03:06,6.13,0.01,129,79007,买盘
1544,13:03:09,6.12,-0.01,172,105264,买盘
1545,13:03:13,6.13,0.01,535,327666,买盘
1546,13:03:16,6.13,0.0,60,36780,卖盘
1547,13:03:18,6.13,0.0,85,52125,卖盘
1548,13:03:24,6.14,0.01,208,127622,买盘
1549,13:03:28,6.14,0.0,72,44200,买盘
1550,13:03:31,6.14,0.0,199,122183,买盘
1551,13:03:34,6.14,0.0,110,67540,买盘
1552,13:03:37,6.14,0.0,142,87188,买盘
1553,13:03:39,6.14,0.0,89,54646,卖盘
1554,13:03:42,6.14,0.0,226,138764,买盘
1555,13:03:45,6.15,0.01,22,13524,买盘
1556,13:03:49,6.14,-0.01,425,260958,卖盘
1557,13:03:52,6.14,0.0,282,173148,卖盘
1558,13:03:55,6.15,0.01,116,71336,买盘
1559,13:03:58,6.13,-0.02,411,252341,卖盘
1560,13:04:00,6.14,0.01,161,98854,买盘
1561,13:04:03,6.14,0.0,176,108031,买盘
1562,13:04:06,6.14,0.0,271,166394,买盘
1563,13:04:09,6.14,0.0,520,319184,买盘
1564,13:04:13,6.14,0.0,141,86574,买盘
1565,13:04:15,6.13,-0.01,395,242646,卖盘
1566,13:04:18,6.14,0.01,219,134291,买盘
1567,13:04:21,6.14,0.0,334,205010,买盘
1568,13:04:24,6.14,0.0,5,3070,买盘
1569,13:04:27,6.14,0.0,88,54032,买盘
1570,13:04:30,6.14,0.0,49,30072,买盘
1571,13:04:34,6.13,-0.01,10,6130,卖盘
1572,13:04:37,6.14,0.01,43,26402,买盘
1573,13:04:40,6.13,-0.01,301,184585,卖盘
1574,13:04:42,6.14,0.01,165,101260,买盘
1575,13:04:45,6.13,-0.01,197,120761,卖盘
1576,13:04:49,6.13,0.0,128,78464,买盘
1577,13:04:52,6.13,0.0,15,9195,买盘
1578,13:04:54,6.13,0.0,181,110803,买盘
1579,13:04:57,6.13,0.0,69,42252,买盘
1580,13:05:00,6.13,0.0,137,83879,买盘
1581,13:05:04,6.12,-0.01,96,58802,卖盘
1582,13:05:06,6.12,0.0,157,96185,卖盘
1583,13:05:10,6.13,0.01,184,112767,买盘
1584,13:05:12,6.13,0.0,155,94888,买盘
1585,13:05:15,6.12,-0.01,172,105264,卖盘
1586,13:05:18,6.12,0.0,10,6120,买盘
1587,13:05:21,6.12,0.0,20,12240,买盘
1588,13:05:24,6.12,0.0,34,20808,买盘
1589,13:05:27,6.12,0.0,90,54998,买盘
1590,13:05:31,6.11,-0.01,266,162465,卖盘
1591,13:05:34,6.11,0.0,60,36660,买盘
1592,13:05:40,6.1,-0.01,1,610,卖盘
1593,13:05:43,6.1,0.0,263,160440,卖盘
1594,13:05:45,6.1,0.0,3,1830,买盘
1595,13:05:49,6.1,0.0,35,21350,买盘
1596,13:05:51,6.1,0.0,63,38430,买盘
1597,13:05:57,6.1,0.0,20,12200,卖盘
1598,13:06:00,6.1,0.0,50,30500,卖盘
1599,13:06:04,6.1,0.0,197,120170,卖盘
1600,13:06:07,6.1,0.0,175,106850,卖盘
1601,13:06:09,6.1,0.0,32,19520,买盘
1602,13:06:12,6.1,0.0,332,202520,买盘
1603,13:06:15,6.1,0.0,75,45750,买盘
1604,13:06:18,6.1,0.0,214,130507,买盘
1605,13:06:21,6.11,0.01,20,12220,买盘
1606,13:06:28,6.11,0.0,120,73300,买盘
1607,13:06:31,6.11,0.0,221,135087,买盘
1608,13:06:39,6.12,0.01,74,45278,买盘
1609,13:06:42,6.12,0.0,240,146880,买盘
1610,13:06:45,6.13,0.01,121,74082,买盘
1611,13:06:51,6.12,-0.01,10,6120,卖盘
1612,13:06:54,6.13,0.01,357,218841,买盘
1613,13:06:57,6.13,0.0,50,30650,卖盘
1614,13:07:00,6.13,0.0,23,14112,卖盘
1615,13:07:04,6.14,0.01,77,47258,买盘
1616,13:07:06,6.13,-0.01,133,81536,卖盘
1617,13:07:13,6.15,0.02,299,183644,买盘
1618,13:07:16,6.14,-0.01,326,200288,卖盘
1619,13:07:19,6.15,0.01,47,28894,买盘
1620,13:07:22,6.15,0.0,292,179402,买盘
1621,13:07:25,6.15,0.0,40,24619,买盘
1622,13:07:27,6.15,0.0,215,132225,卖盘
1623,13:07:30,6.15,0.0,115,70725,买盘
1624,13:07:33,6.15,0.0,694,426985,卖盘
1625,13:07:36,6.16,0.01,236,145340,买盘
1626,13:07:40,6.16,0.0,225,138554,买盘
1627,13:07:42,6.15,-0.01,74,45580,卖盘
1628,13:07:45,6.16,0.01,222,136745,买盘
1629,13:07:49,6.16,0.0,195,120070,卖盘
1630,13:07:51,6.16,0.0,76,46840,卖盘
1631,13:07:54,6.17,0.01,931,574429,买盘
1632,13:07:57,6.18,0.01,500,308998,买盘
1633,13:08:01,6.18,0.0,226,139521,买盘
1634,13:08:04,6.18,0.0,227,140223,买盘
1635,13:08:06,6.18,0.0,171,105676,买盘
1636,13:08:09,6.18,0.0,580,358144,买盘
1637,13:08:12,6.17,-0.01,168,103776,卖盘
1638,13:08:15,6.19,0.02,89,55039,买盘
1639,13:08:18,6.18,-0.01,337,208326,卖盘
1640,13:08:21,6.18,0.0,341,210738,卖盘
1641,13:08:24,6.18,0.0,206,127459,卖盘
1642,13:08:28,6.17,-0.01,73,45069,卖盘
1643,13:08:31,6.18,0.01,655,404790,买盘
1644,13:08:33,6.17,-0.01,255,157335,卖盘
1645,13:08:40,6.17,0.0,318,196206,买盘
1646,13:08:42,6.17,0.0,192,118376,买盘
1647,13:08:45,6.16,-0.01,1151,709446,卖盘
1648,13:08:48,6.16,0.0,150,92440,卖盘
1649,13:08:51,6.15,-0.01,641,394300,卖盘
1650,13:08:54,6.16,0.01,8,4928,买盘
1651,13:08:58,6.15,-0.01,227,139636,卖盘
1652,13:09:01,6.15,0.0,40,24600,买盘
1653,13:09:04,6.14,-0.01,29,17806,卖盘
1654,13:09:07,6.15,0.01,56,34440,买盘
1655,13:09:10,6.14,-0.01,47,28894,卖盘
1656,13:09:12,6.15,0.01,56,34400,买盘
1657,13:09:15,6.14,-0.01,95,58390,卖盘
1658,13:09:18,6.15,0.01,94,57742,买盘
1659,13:09:21,6.14,-0.01,112,68768,中性盘
1660,13:09:24,6.14,0.0,166,101924,买盘
1661,13:09:27,6.14,0.0,56,34384,买盘
1662,13:09:30,6.13,-0.01,442,270946,卖盘
1663,13:09:33,6.14,0.01,48,29429,买盘
1664,13:09:36,6.14,0.0,76,46658,买盘
1665,13:09:39,6.13,-0.01,24,14712,买盘
1666,13:09:42,6.13,0.0,110,67449,卖盘
1667,13:09:51,6.13,0.0,19,11647,卖盘
1668,13:09:54,6.13,0.0,300,183900,卖盘
1669,13:09:57,6.13,0.0,3,1839,买盘
1670,13:10:00,6.13,0.0,225,137725,买盘
1671,13:10:04,6.13,0.0,124,76012,买盘
1672,13:10:06,6.13,0.0,43,26359,买盘
1673,13:10:09,6.12,-0.01,394,241433,卖盘
1674,13:10:12,6.13,0.01,120,73560,买盘
1675,13:10:15,6.12,-0.01,77,47191,卖盘
1676,13:10:19,6.13,0.01,9,5517,买盘
1677,13:10:25,6.13,0.0,10,6130,卖盘
1678,13:10:28,6.13,0.0,1,613,卖盘
1679,13:10:33,6.13,0.0,114,69986,卖盘
1680,13:10:36,6.14,0.01,104,63836,买盘
1681,13:10:39,6.14,0.0,23,14122,买盘
1682,13:10:42,6.14,0.0,26,15964,买盘
1683,13:10:45,6.14,0.0,137,84040,买盘
1684,13:10:48,6.13,-0.01,385,236359,卖盘
1685,13:10:51,6.14,0.01,30,18420,买盘
1686,13:10:54,6.14,0.0,12,7368,买盘
1687,13:10:57,6.14,0.0,243,149202,买盘
1688,13:11:00,6.14,0.0,49,30086,买盘
1689,13:11:04,6.14,0.0,208,127568,买盘
1690,13:11:06,6.14,0.0,163,100080,买盘
1691,13:11:09,6.14,0.0,4,2456,买盘
1692,13:11:12,6.14,0.0,111,68162,卖盘
1693,13:11:15,6.14,0.0,42,25788,卖盘
1694,13:11:18,6.15,0.01,137,84120,买盘
1695,13:11:22,6.15,0.0,46,28290,买盘
1696,13:11:27,6.15,0.0,26,15985,买盘
1697,13:11:30,6.15,0.0,158,97169,买盘
1698,13:11:33,6.15,0.0,10,6142,买盘
1699,13:11:37,6.15,0.0,161,99010,买盘
1700,13:11:39,6.15,0.0,113,69449,买盘
1701,13:11:43,6.15,0.0,13,7990,买盘
1702,13:11:45,6.14,-0.01,148,90922,卖盘
1703,13:11:49,6.15,0.01,52,31930,买盘
1704,13:11:52,6.14,-0.01,373,229062,卖盘
1705,13:11:55,6.15,0.01,323,198532,买盘
1706,13:11:58,6.14,-0.01,60,36890,卖盘
1707,13:12:01,6.14,0.0,167,102620,卖盘
1708,13:12:04,6.14,0.0,19,11666,卖盘
1709,13:12:07,6.15,0.01,130,79867,买盘
1710,13:12:10,6.14,-0.01,131,80434,卖盘
1711,13:12:12,6.15,0.01,50,30750,买盘
1712,13:12:15,6.14,-0.01,21,12910,卖盘
1713,13:12:18,6.15,0.01,123,75635,买盘
1714,13:12:22,6.14,-0.01,26,15964,卖盘
1715,13:12:25,6.14,0.0,160,98370,卖盘
1716,13:12:28,6.14,0.0,487,299018,卖盘
1717,13:12:31,6.13,-0.01,85,52169,卖盘
1718,13:12:39,6.14,0.01,63,38682,买盘
1719,13:12:42,6.14,0.0,335,205690,买盘
1720,13:12:46,6.14,0.0,35,21480,买盘
1721,13:12:49,6.13,-0.01,60,36790,卖盘
1722,13:12:52,6.14,0.01,112,68768,买盘
1723,13:12:55,6.14,0.0,132,81048,买盘
1724,13:12:57,6.13,-0.01,12,7356,卖盘
1725,13:13:04,6.13,0.0,320,196460,卖盘
1726,13:13:06,6.13,0.0,83,50879,卖盘
1727,13:13:10,6.13,0.0,1066,655258,卖盘
1728,13:13:16,6.14,0.01,100,61400,卖盘
1729,13:13:19,6.14,0.0,90,55260,卖盘
1730,13:13:25,6.14,0.0,58,35612,卖盘
1731,13:13:27,6.15,0.01,45,27675,买盘
1732,13:13:30,6.14,-0.01,91,55894,卖盘
1733,13:13:33,6.14,0.0,207,127098,买盘
1734,13:13:36,6.15,0.01,6,3687,买盘
1735,13:13:39,6.14,-0.01,57,34998,中性盘
1736,13:13:43,6.14,0.0,33,20262,买盘
1737,13:13:46,6.15,0.01,9,5535,买盘
1738,13:13:48,6.15,0.0,96,59040,买盘
1739,13:13:52,6.14,-0.01,63,38682,卖盘
1740,13:13:55,6.15,0.01,419,257654,买盘
1741,13:13:58,6.15,0.0,22,13561,卖盘
1742,13:14:01,6.15,0.0,53,32584,买盘
1743,13:14:04,6.15,0.0,39,23985,买盘
1744,13:14:06,6.15,0.0,73,44895,买盘
1745,13:14:09,6.14,-0.01,258,158587,卖盘
1746,13:14:12,6.15,0.01,54,33210,买盘
1747,13:14:15,6.15,0.0,5,3075,买盘
1748,13:14:18,6.14,-0.01,5,3070,卖盘
1749,13:14:27,6.14,0.0,37,22725,卖盘
1750,13:14:33,6.15,0.01,9,5535,买盘
1751,13:14:40,6.15,0.0,10,6150,买盘
1752,13:14:45,6.15,0.0,137,84255,买盘
1753,13:14:52,6.15,0.0,102,62730,买盘
1754,13:14:54,6.15,0.0,6,3690,买盘
1755,13:14:57,6.15,0.0,11,6765,买盘
1756,13:15:01,6.15,0.0,16,9840,买盘
1757,13:15:04,6.15,0.0,98,60239,买盘
1758,13:15:09,6.15,0.0,217,133399,买盘
1759,13:15:13,6.16,0.01,21,12931,买盘
1760,13:15:16,6.15,-0.01,42,25830,卖盘
1761,13:15:19,6.16,0.01,1,616,买盘
1762,13:15:24,6.16,0.0,215,132325,买盘
1763,13:15:27,6.15,-0.01,51,31365,卖盘
1764,13:15:31,6.15,0.0,138,84908,卖盘
1765,13:15:34,6.15,0.0,11,6765,买盘
1766,13:15:42,6.15,0.0,45,27675,买盘
1767,13:15:46,6.15,0.0,293,180094,买盘
1768,13:15:49,6.15,0.0,19,11685,买盘
1769,13:15:52,6.14,-0.01,26,15964,卖盘
1770,13:15:55,6.16,0.02,290,178409,买盘
1771,13:15:58,6.15,-0.01,54,33210,中性盘
1772,13:16:01,6.14,-0.01,105,64559,卖盘
1773,13:16:04,6.15,0.01,1,615,买盘
1774,13:16:07,6.15,0.0,5,3075,买盘
1775,13:16:12,6.15,0.0,8,4920,买盘
1776,13:16:15,6.15,0.0,245,150655,买盘
1777,13:16:19,6.15,0.0,84,51660,买盘
1778,13:16:22,6.15,0.0,21,12915,买盘
1779,13:16:24,6.15,0.0,107,65805,卖盘
1780,13:16:36,6.15,0.0,73,44895,买盘
1781,13:16:40,6.15,0.0,372,228780,买盘
1782,13:16:43,6.15,0.0,16,9850,卖盘
1783,13:16:46,6.15,0.0,58,35639,卖盘
1784,13:16:49,6.15,0.0,10,6150,卖盘
1785,13:16:52,6.15,0.0,12,7380,卖盘
1786,13:16:54,6.15,0.0,322,198061,卖盘
1787,13:16:58,6.15,0.0,10,6150,买盘
1788,13:17:04,6.15,0.0,10,6150,买盘
1789,13:17:07,6.15,0.0,178,109439,买盘
1790,13:17:10,6.15,0.0,5,3075,卖盘
1791,13:17:13,6.15,0.0,11,6765,卖盘
1792,13:17:16,6.15,0.0,80,49200,卖盘
1793,13:17:19,6.16,0.01,9,5544,买盘
1794,13:17:22,6.15,-0.01,50,30750,卖盘
1795,13:17:27,6.15,0.0,15,9230,卖盘
1796,13:17:30,6.16,0.01,408,250923,买盘
1797,13:17:33,6.16,0.0,612,376724,买盘
1798,13:17:43,6.15,-0.01,15,9225,买盘
1799,13:17:45,6.16,0.01,66,40608,买盘
1800,13:17:51,6.16,0.0,3,1848,买盘
1801,13:17:54,6.15,-0.01,55,33825,卖盘
1802,13:17:58,6.15,0.0,218,134070,买盘
1803,13:18:01,6.15,0.0,50,30750,买盘
1804,13:18:04,6.15,0.0,69,42426,买盘
1805,13:18:06,6.15,0.0,19,11685,买盘
1806,13:18:09,6.15,0.0,409,251453,买盘
1807,13:18:15,6.15,0.0,31,19081,卖盘
1808,13:18:25,6.15,0.0,95,58475,卖盘
1809,13:18:28,6.15,0.0,111,68268,卖盘
1810,13:18:31,6.15,0.0,306,188190,卖盘
1811,13:18:33,6.15,0.0,5,3075,买盘
1812,13:18:36,6.15,0.0,25,15372,买盘
1813,13:18:42,6.15,0.0,29,17835,买盘
1814,13:18:45,6.15,0.0,80,49200,卖盘
1815,13:18:48,6.15,0.0,5,3075,卖盘
1816,13:18:55,6.15,0.0,212,130381,卖盘
1817,13:19:00,6.15,0.0,9,5535,卖盘
1818,13:19:06,6.16,0.01,43,26483,买盘
1819,13:19:09,6.15,-0.01,17,10455,卖盘
1820,13:19:13,6.16,0.01,41,25254,买盘
1821,13:19:21,6.16,0.0,513,315995,买盘
1822,13:19:24,6.16,0.0,28,17230,买盘
1823,13:19:27,6.16,0.0,61,37576,买盘
1824,13:19:34,6.15,-0.01,163,100245,卖盘
1825,13:19:37,6.16,0.01,128,78848,买盘
1826,13:19:39,6.16,0.0,44,27099,买盘
1827,13:19:43,6.16,0.0,6,3696,买盘
1828,13:19:48,6.15,-0.01,10,6150,卖盘
1829,13:19:51,6.15,0.0,33,20313,卖盘
1830,13:19:58,6.16,0.01,80,49280,买盘
1831,13:20:01,6.16,0.0,20,12320,买盘
1832,13:20:04,6.16,0.0,35,21560,买盘
1833,13:20:10,6.15,-0.01,102,62730,卖盘
1834,13:20:13,6.15,0.0,169,103935,卖盘
1835,13:20:15,6.16,0.01,78,48048,买盘
1836,13:20:19,6.16,0.0,19,11704,买盘
1837,13:20:22,6.16,0.0,11,6776,买盘
1838,13:20:25,6.16,0.0,152,93486,买盘
1839,13:20:28,6.15,-0.01,16,9840,卖盘
1840,13:20:34,6.15,0.0,907,557805,卖盘
1841,13:20:37,6.15,0.0,15,9230,卖盘
1842,13:20:40,6.15,0.0,25,15375,卖盘
1843,13:20:43,6.15,0.0,437,268755,卖盘
1844,13:20:45,6.15,0.0,35,21525,卖盘
1845,13:20:49,6.14,-0.01,380,233560,卖盘
1846,13:20:55,6.15,0.01,100,61500,买盘
1847,13:20:58,6.15,0.0,20,12300,买盘
1848,13:21:01,6.15,0.0,220,135145,买盘
1849,13:21:04,6.14,-0.01,10,6140,卖盘
1850,13:21:06,6.14,0.0,2,1228,卖盘
1851,13:21:09,6.14,0.0,45,27630,卖盘
1852,13:21:13,6.14,0.0,158,97012,卖盘
1853,13:21:16,6.14,0.0,40,24570,卖盘
1854,13:21:19,6.14,0.0,23,14122,卖盘
1855,13:21:22,6.14,0.0,7,4298,买盘
1856,13:21:28,6.13,-0.01,10,6130,卖盘
1857,13:21:31,6.13,0.0,16,9817,卖盘
1858,13:21:34,6.14,0.01,50,30700,买盘
1859,13:21:46,6.14,0.0,3,1842,买盘
1860,13:21:49,6.13,-0.01,203,124439,卖盘
1861,13:21:52,6.14,0.01,5,3070,买盘
1862,13:21:55,6.13,-0.01,82,50266,卖盘
1863,13:22:06,6.13,0.0,215,131795,卖盘
1864,13:22:19,6.13,0.0,25,15325,买盘
1865,13:22:21,6.12,-0.01,47,28801,卖盘
1866,13:22:25,6.13,0.01,10,6130,买盘
1867,13:22:28,6.13,0.0,15,9190,买盘
1868,13:22:30,6.12,-0.01,94,57528,卖盘
1869,13:22:33,6.13,0.01,114,69882,买盘
1870,13:22:40,6.13,0.0,81,49653,买盘
1871,13:22:43,6.12,-0.01,10,6120,卖盘
1872,13:22:46,6.12,0.0,200,122400,卖盘
1873,13:22:49,6.13,0.01,307,188191,买盘
1874,13:22:52,6.12,-0.01,35,21454,卖盘
1875,13:22:55,6.13,0.01,6,3678,买盘
1876,13:22:57,6.13,0.0,19,11647,买盘
1877,13:23:00,6.13,0.0,10,6130,卖盘
1878,13:23:04,6.13,0.0,5,3065,卖盘
1879,13:23:06,6.13,0.0,45,27585,卖盘
1880,13:23:10,6.13,0.0,38,23294,卖盘
1881,13:23:16,6.13,0.0,17,10421,卖盘
1882,13:23:22,6.13,0.0,72,44136,卖盘
1883,13:23:30,6.14,0.01,3,1842,买盘
1884,13:23:33,6.14,0.0,1,614,买盘
1885,13:23:37,6.13,-0.01,45,27585,卖盘
1886,13:23:43,6.13,0.0,85,52105,卖盘
1887,13:23:45,6.13,0.0,3,1839,买盘
1888,13:23:49,6.13,0.0,52,31876,买盘
1889,13:23:54,6.13,0.0,50,30650,买盘
1890,13:23:58,6.13,0.0,20,12260,买盘
1891,13:24:01,6.13,0.0,209,128098,买盘
1892,13:24:04,6.13,0.0,95,58235,卖盘
1893,13:24:07,6.13,0.0,8,4904,卖盘
1894,13:24:09,6.13,0.0,50,30650,卖盘
1895,13:24:12,6.13,0.0,41,25133,买盘
1896,13:24:15,6.14,0.01,98,60131,买盘
1897,13:24:28,6.14,0.0,7,4298,买盘
1898,13:24:31,6.13,-0.01,120,73660,卖盘
1899,13:24:34,6.14,0.01,10,6140,买盘
1900,13:24:36,6.14,0.0,101,62014,买盘
1901,13:24:39,6.14,0.0,105,64419,买盘
1902,13:24:42,6.14,0.0,98,60172,买盘
1903,13:24:45,6.14,0.0,55,33720,买盘
1904,13:24:48,6.14,0.0,16,9824,买盘
1905,13:24:52,6.14,0.0,301,184814,买盘
1906,13:24:55,6.14,0.0,17,10438,卖盘
1907,13:25:00,6.14,0.0,219,134466,卖盘
1908,13:25:04,6.14,0.0,25,15350,买盘
1909,13:25:06,6.14,0.0,10,6140,卖盘
1910,13:25:09,6.14,0.0,4,2456,买盘
1911,13:25:12,6.14,0.0,13,7982,买盘
1912,13:25:16,6.14,0.0,80,49165,卖盘
1913,13:25:19,6.15,0.01,10,6150,买盘
1914,13:25:24,6.14,-0.01,6,3684,卖盘
1915,13:25:33,6.15,0.01,76,46720,买盘
1916,13:25:36,6.15,0.0,81,49755,买盘
1917,13:25:40,6.15,0.0,40,24600,买盘
1918,13:25:43,6.14,-0.01,10,6140,卖盘
1919,13:25:54,6.15,0.01,4,2460,买盘
1920,13:26:04,6.14,-0.01,1,614,卖盘
1921,13:26:06,6.14,0.0,63,38682,卖盘
1922,13:26:09,6.14,0.0,92,56498,卖盘
1923,13:26:16,6.14,0.0,34,20876,卖盘
1924,13:26:19,6.14,0.0,4,2456,卖盘
1925,13:26:24,6.14,0.0,6,3684,卖盘
1926,13:26:31,6.14,0.0,186,114204,卖盘
1927,13:26:37,6.15,0.01,22,13510,买盘
1928,13:26:43,6.14,-0.01,57,34998,卖盘
1929,13:26:46,6.14,0.0,20,12290,卖盘
1930,13:26:51,6.14,0.0,25,15350,卖盘
1931,13:26:54,6.14,0.0,40,24560,卖盘
1932,13:26:57,6.14,0.0,9,5526,卖盘
1933,13:27:01,6.14,0.0,50,30700,卖盘
1934,13:27:07,6.14,0.0,86,52804,卖盘
1935,13:27:10,6.14,0.0,44,27016,买盘
1936,13:27:16,6.14,0.0,24,14746,卖盘
1937,13:27:19,6.14,0.0,10,6140,卖盘
1938,13:27:25,6.14,0.0,80,49120,卖盘
1939,13:27:27,6.14,0.0,15,9210,卖盘
1940,13:27:31,6.14,0.0,35,21490,卖盘
1941,13:27:34,6.14,0.0,2,1228,卖盘
1942,13:27:42,6.14,0.0,20,12280,买盘
1943,13:27:46,6.13,-0.01,40,24520,卖盘
1944,13:27:49,6.13,0.0,76,46588,卖盘
1945,13:27:58,6.14,0.01,98,60172,买盘
1946,13:28:01,6.14,0.0,36,22104,买盘
1947,13:28:09,6.13,-0.01,82,50266,卖盘
1948,13:28:24,6.14,0.01,16,9824,买盘
1949,13:28:31,6.14,0.0,80,49120,买盘
1950,13:28:48,6.14,0.0,4,2456,买盘
1951,13:29:03,6.14,0.0,500,307000,买盘
1952,13:29:09,6.13,-0.01,15,9195,卖盘
1953,13:29:16,6.14,0.01,10,6140,买盘
1954,13:29:19,6.14,0.0,55,33770,买盘
1955,13:29:21,6.14,0.0,7,4298,卖盘
1956,13:29:24,6.14,0.0,2,1228,卖盘
1957,13:29:27,6.14,0.0,97,59558,卖盘
1958,13:29:33,6.14,0.0,12,7368,卖盘
1959,13:29:37,6.15,0.01,120,73780,买盘
1960,13:29:40,6.14,-0.01,51,31314,卖盘
1961,13:29:42,6.14,0.0,22,13508,卖盘
1962,13:29:54,6.15,0.01,273,167722,买盘
1963,13:29:57,6.14,-0.01,50,30700,卖盘
1964,13:30:04,6.14,0.0,15,9210,卖盘
1965,13:30:06,6.15,0.01,4,2460,买盘
1966,13:30:09,6.14,-0.01,83,50962,卖盘
1967,13:30:13,6.14,0.0,28,17192,卖盘
1968,13:30:16,6.15,0.01,1,615,买盘
1969,13:30:19,6.14,-0.01,80,49120,卖盘
1970,13:30:22,6.14,0.0,111,68154,卖盘
1971,13:30:25,6.14,0.0,5,3070,买盘
1972,13:30:30,6.14,0.0,14,8596,买盘
1973,13:30:48,6.13,-0.01,18,11034,卖盘
1974,13:30:55,6.13,0.0,33,20229,卖盘
1975,13:30:58,6.14,0.01,5,3070,买盘
1976,13:31:01,6.14,0.0,15,9210,买盘
1977,13:31:04,6.13,-0.01,6,3678,卖盘
1978,13:31:07,6.14,0.01,240,147360,买盘
1979,13:31:18,6.14,0.0,3,1842,卖盘
1980,13:31:22,6.14,0.0,56,34384,卖盘
1981,13:31:34,6.14,0.0,35,21490,卖盘
1982,13:31:39,6.15,0.01,6,3690,买盘
1983,13:31:42,6.15,0.0,382,234922,买盘
1984,13:31:45,6.15,0.0,10,6150,买盘
1985,13:31:48,6.14,-0.01,30,18420,卖盘
1986,13:31:55,6.15,0.01,10,6150,买盘
1987,13:31:58,6.14,-0.01,554,340638,卖盘
1988,13:32:00,6.15,0.01,434,266910,买盘
1989,13:32:09,6.15,0.0,82,50430,卖盘
1990,13:32:13,6.15,0.0,34,20910,卖盘
1991,13:32:19,6.15,0.0,34,20910,卖盘
1992,13:32:22,6.16,0.01,10,6160,买盘
1993,13:32:25,6.15,-0.01,8,4920,卖盘
1994,13:32:27,6.15,0.0,23,14145,卖盘
1995,13:32:31,6.16,0.01,7,4312,买盘
1996,13:32:49,6.15,-0.01,1,615,卖盘
1997,13:32:51,6.16,0.01,16,9856,买盘
1998,13:33:03,6.16,0.0,5,3080,买盘
1999,13:33:06,6.16,0.0,1,616,买盘
2000,13:33:09,6.15,-0.01,1,615,卖盘
2001,13:33:15,6.15,0.0,24,14780,卖盘
2002,13:33:18,6.16,0.01,99,60984,买盘
2003,13:33:24,6.15,-0.01,3,1845,卖盘
2004,13:33:31,6.16,0.01,109,67136,买盘
2005,13:33:34,6.15,-0.01,42,25830,卖盘
2006,13:33:37,6.16,0.01,84,51744,买盘
2007,13:33:40,6.15,-0.01,284,174744,卖盘
2008,13:33:43,6.15,0.0,10,6150,卖盘
2009,13:33:46,6.16,0.01,425,261426,买盘
2010,13:33:51,6.16,0.0,11,6767,买盘
2011,13:33:57,6.16,0.0,100,61600,买盘
2012,13:34:01,6.15,-0.01,63,38765,卖盘
2013,13:34:04,6.15,0.0,121,74415,卖盘
2014,13:34:06,6.16,0.01,150,92400,买盘
2015,13:34:10,6.15,-0.01,178,109526,卖盘
2016,13:34:13,6.15,0.0,37,22755,卖盘
2017,13:34:16,6.16,0.01,41,25218,买盘
2018,13:34:19,6.16,0.0,30,18480,买盘
2019,13:34:22,6.15,-0.01,25,15375,中性盘
2020,13:34:30,6.15,0.0,1,615,买盘
2021,13:34:34,6.16,0.01,265,163006,买盘
2022,13:34:43,6.15,-0.01,65,39975,卖盘
2023,13:34:46,6.15,0.0,20,12300,卖盘
2024,13:34:48,6.16,0.01,1,616,买盘
2025,13:34:54,6.15,-0.01,43,26445,卖盘
2026,13:34:58,6.15,0.0,30,18450,卖盘
2027,13:35:07,6.16,0.01,47,28925,买盘
2028,13:35:10,6.15,-0.01,29,17835,卖盘
2029,13:35:16,6.16,0.01,46,28313,买盘
2030,13:35:21,6.16,0.0,94,57813,买盘
2031,13:35:24,6.15,-0.01,10,6150,卖盘
2032,13:35:34,6.15,0.0,10,6150,卖盘
2033,13:35:43,6.15,0.0,326,200490,卖盘
2034,13:35:46,6.16,0.01,10,6160,买盘
2035,13:35:49,6.15,-0.01,20,12300,卖盘
2036,13:35:52,6.15,0.0,86,52890,卖盘
2037,13:35:54,6.15,0.0,81,49815,卖盘
2038,13:35:58,6.15,0.0,14,8610,买盘
2039,13:36:01,6.15,0.0,53,32602,卖盘
2040,13:36:07,6.15,0.0,20,12300,买盘
2041,13:36:10,6.14,-0.01,82,50348,卖盘
2042,13:36:12,6.15,0.01,2,1230,买盘
2043,13:36:18,6.15,0.0,40,24600,买盘
2044,13:36:22,6.15,0.0,40,24600,买盘
2045,13:36:27,6.14,-0.01,510,313150,卖盘
2046,13:36:31,6.15,0.01,1,615,买盘
2047,13:36:33,6.15,0.0,84,51660,买盘
2048,13:36:36,6.15,0.0,4,2460,买盘
2049,13:36:40,6.15,0.0,36,22140,买盘
2050,13:36:43,6.15,0.0,110,67560,买盘
2051,13:36:55,6.14,-0.01,189,116046,卖盘
2052,13:37:06,6.14,0.0,132,81048,买盘
2053,13:37:09,6.14,0.0,16,9824,卖盘
2054,13:37:12,6.14,0.0,10,6140,卖盘
2055,13:37:16,6.14,0.0,3,1842,卖盘
2056,13:37:18,6.14,0.0,124,76136,买盘
2057,13:37:34,6.14,0.0,200,122800,卖盘
2058,13:37:37,6.14,0.0,46,28245,卖盘
2059,13:37:40,6.14,0.0,39,23946,卖盘
2060,13:37:46,6.14,0.0,8,4912,买盘
2061,13:37:49,6.14,0.0,134,82276,买盘
2062,13:37:52,6.14,0.0,61,37454,买盘
2063,13:37:54,6.15,0.01,240,147383,买盘
2064,13:38:09,6.14,-0.01,400,245600,卖盘
2065,13:38:19,6.14,0.0,40,24560,卖盘
2066,13:38:22,6.14,0.0,8,4912,卖盘
2067,13:38:28,6.14,0.0,10,6140,卖盘
2068,13:38:30,6.15,0.01,50,30750,买盘
2069,13:38:33,6.14,-0.01,12,7368,卖盘
2070,13:38:36,6.14,0.0,15,9210,卖盘
2071,13:38:39,6.14,0.0,20,12280,卖盘
2072,13:38:49,6.14,0.0,40,24560,卖盘
2073,13:38:51,6.14,0.0,43,26402,卖盘
2074,13:39:12,6.14,0.0,20,12272,买盘
2075,13:39:19,6.13,-0.01,36,22068,卖盘
2076,13:39:21,6.13,0.0,16,9808,卖盘
2077,13:39:30,6.14,0.01,14,8596,买盘
2078,13:39:34,6.13,-0.01,10,6135,卖盘
2079,13:39:37,6.13,0.0,43,26359,卖盘
2080,13:39:43,6.14,0.01,3,1842,买盘
2081,13:39:45,6.13,-0.01,40,24520,卖盘
2082,13:39:55,6.14,0.01,2,1228,买盘
2083,13:40:01,6.13,-0.01,378,231714,卖盘
2084,13:40:10,6.13,0.0,54,33102,卖盘
2085,13:40:12,6.13,0.0,3,1839,买盘
2086,13:40:19,6.13,0.0,50,30650,买盘
2087,13:40:21,6.13,0.0,100,61300,买盘
2088,13:40:28,6.13,0.0,153,93789,卖盘
2089,13:40:31,6.13,0.0,101,61913,卖盘
2090,13:40:34,6.13,0.0,58,35554,卖盘
2091,13:40:37,6.13,0.0,31,19003,卖盘
2092,13:40:43,6.12,-0.01,18,11016,卖盘
2093,13:40:46,6.13,0.01,55,33715,买盘
2094,13:41:01,6.13,0.0,5,3065,买盘
2095,13:41:04,6.12,-0.01,2,1224,卖盘
2096,13:41:10,6.13,0.01,316,193708,买盘
2097,13:41:13,6.13,0.0,23,14099,卖盘
2098,13:41:21,6.13,0.0,82,50266,卖盘
2099,13:41:27,6.13,0.0,80,49040,卖盘
2100,13:41:31,6.13,0.0,6,3678,卖盘
2101,13:41:34,6.13,0.0,25,15325,卖盘
2102,13:41:37,6.13,0.0,92,56396,卖盘
2103,13:41:40,6.13,0.0,20,12277,卖盘
2104,13:41:42,6.13,0.0,97,59461,卖盘
2105,13:41:49,6.13,0.0,5,3065,买盘
2106,13:41:54,6.12,-0.01,77,47184,卖盘
2107,13:42:04,6.12,0.0,5,3060,卖盘
2108,13:42:09,6.12,0.0,82,50184,卖盘
2109,13:42:13,6.12,0.0,18,11016,卖盘
2110,13:42:19,6.13,0.01,9,5517,买盘
2111,13:42:31,6.13,0.0,17,10421,买盘
2112,13:42:39,6.13,0.0,7,4291,买盘
2113,13:42:43,6.12,-0.01,29,17759,卖盘
2114,13:42:49,6.13,0.01,42,25746,买盘
2115,13:42:55,6.13,0.0,38,23294,买盘
2116,13:42:58,6.13,0.0,41,25133,买盘
2117,13:43:01,6.13,0.0,146,89498,买盘
2118,13:43:04,6.13,0.0,39,23907,卖盘
2119,13:43:06,6.13,0.0,52,31876,卖盘
2120,13:43:13,6.13,0.0,7,4291,卖盘
2121,13:43:31,6.13,0.0,48,29424,买盘
2122,13:43:43,6.12,-0.01,18,11016,卖盘
2123,13:43:46,6.13,0.01,22,13468,买盘
2124,13:43:48,6.12,-0.01,35,21420,卖盘
2125,13:43:52,6.13,0.01,32,19616,买盘
2126,13:43:55,6.13,0.0,459,281367,买盘
2127,13:43:58,6.13,0.0,37,22681,买盘
2128,13:44:00,6.12,-0.01,105,64272,卖盘
2129,13:44:06,6.13,0.01,5,3065,卖盘
2130,13:44:09,6.13,0.0,9,5517,卖盘
2131,13:44:13,6.13,0.0,10,6130,买盘
2132,13:44:16,6.13,0.0,20,12260,买盘
2133,13:44:22,6.13,0.0,10,6130,买盘
2134,13:44:27,6.13,0.0,1215,743595,买盘
2135,13:44:33,6.13,0.0,14,8572,买盘
2136,13:44:39,6.13,0.0,50,30650,买盘
2137,13:44:43,6.11,-0.02,18,10998,卖盘
2138,13:44:51,6.13,0.02,32,19616,买盘
2139,13:45:07,6.12,-0.01,10,6120,买盘
2140,13:45:10,6.12,0.0,11,6732,买盘
2141,13:45:13,6.11,-0.01,18,10998,卖盘
2142,13:45:16,6.12,0.01,30,18360,买盘
2143,13:45:19,6.11,-0.01,206,126066,卖盘
2144,13:45:24,6.12,0.01,4,2448,买盘
2145,13:45:27,6.12,0.0,5,3060,卖盘
2146,13:45:34,6.12,0.0,15,9180,中性盘
2147,13:45:37,6.11,-0.01,2,1222,卖盘
2148,13:45:39,6.12,0.01,1,612,买盘
2149,13:45:42,6.12,0.0,84,51408,买盘
2150,13:45:46,6.12,0.0,55,33660,卖盘
2151,13:45:52,6.12,0.0,110,67320,买盘
2152,13:45:58,6.12,0.0,24,14688,卖盘
2153,13:46:01,6.12,0.0,23,14057,卖盘
2154,13:46:04,6.12,0.0,58,35496,卖盘
2155,13:46:07,6.12,0.0,21,12852,买盘
2156,13:46:09,6.11,-0.01,83,50792,卖盘
2157,13:46:13,6.12,0.01,1,612,中性盘
2158,13:46:15,6.12,0.0,5,3060,卖盘
2159,13:46:18,6.12,0.0,42,25704,卖盘
2160,13:46:21,6.12,0.0,73,44676,卖盘
2161,13:46:25,6.12,0.0,20,12240,买盘
2162,13:46:28,6.12,0.0,2,1224,买盘
2163,13:46:34,6.12,0.0,12,7344,买盘
2164,13:46:37,6.11,-0.01,14,8554,卖盘
2165,13:46:42,6.12,0.01,2,1224,买盘
2166,13:46:55,6.12,0.0,9,5508,买盘
2167,13:47:04,6.11,-0.01,10,6110,卖盘
2168,13:47:07,6.11,0.0,23,14053,卖盘
2169,13:47:27,6.11,0.0,30,18350,卖盘
2170,13:47:33,6.11,0.0,516,315276,卖盘
2171,13:47:36,6.12,0.01,70,42790,买盘
2172,13:47:40,6.11,-0.01,168,102648,卖盘
2173,13:47:43,6.12,0.01,30,18337,买盘
2174,13:48:07,6.11,-0.01,32,19555,卖盘
2175,13:48:09,6.11,0.0,92,56212,卖盘
2176,13:48:16,6.11,0.0,111,67821,卖盘
2177,13:48:18,6.11,0.0,5,3055,卖盘
2178,13:48:22,6.11,0.0,12,7332,卖盘
2179,13:48:25,6.11,0.0,77,47047,卖盘
2180,13:48:28,6.11,0.0,116,70876,卖盘
2181,13:48:31,6.12,0.01,9,5508,买盘
2182,13:48:33,6.12,0.0,3,1836,买盘
2183,13:48:37,6.11,-0.01,132,80652,卖盘
2184,13:48:39,6.12,0.01,145,88740,买盘
2185,13:48:42,6.11,-0.01,53,32383,卖盘
2186,13:48:45,6.11,0.0,7,4277,卖盘
2187,13:48:48,6.11,0.0,44,26884,卖盘
2188,13:48:51,6.11,0.0,10,6110,买盘
2189,13:49:01,6.1,-0.01,7,4270,卖盘
2190,13:49:06,6.11,0.01,532,324552,买盘
2191,13:49:09,6.11,0.0,1,611,卖盘
2192,13:49:12,6.1,-0.01,30,18300,卖盘
2193,13:49:19,6.1,0.0,10,6100,卖盘
2194,13:49:25,6.11,0.01,10,6110,买盘
2195,13:49:28,6.1,-0.01,11,6710,卖盘
2196,13:49:33,6.1,0.0,54,32940,卖盘
2197,13:49:39,6.11,0.01,1,611,买盘
2198,13:49:45,6.1,-0.01,18,10980,卖盘
2199,13:49:52,6.11,0.01,46,28106,买盘
2200,13:49:55,6.11,0.0,2,1222,买盘
2201,13:49:58,6.1,-0.01,158,96380,卖盘
2202,13:50:07,6.1,0.0,136,82960,卖盘
2203,13:50:09,6.1,0.0,552,336720,卖盘
2204,13:50:12,6.1,0.0,20,12200,买盘
2205,13:50:18,6.1,0.0,1,610,买盘
2206,13:50:24,6.1,0.0,5,3050,买盘
2207,13:50:31,6.1,0.0,10,6100,买盘
2208,13:50:40,6.1,0.0,75,45750,买盘
2209,13:50:42,6.09,-0.01,316,192469,卖盘
2210,13:50:52,6.1,0.01,49,29890,买盘
2211,13:50:57,6.1,0.0,42,25620,买盘
2212,13:51:04,6.1,0.0,64,39040,卖盘
2213,13:51:07,6.1,0.0,33,20130,卖盘
2214,13:51:22,6.1,0.0,42,25620,卖盘
2215,13:51:25,6.11,0.01,151,92111,买盘
2216,13:51:28,6.11,0.0,22,13442,买盘
2217,13:51:31,6.1,-0.01,15,9150,卖盘
2218,13:51:37,6.1,0.0,50,30500,卖盘
2219,13:51:39,6.1,0.0,52,31720,卖盘
2220,13:51:42,6.11,0.01,556,339716,买盘
2221,13:51:46,6.11,0.0,7,4277,卖盘
2222,13:52:00,6.12,0.01,22,13464,买盘
2223,13:52:03,6.12,0.0,26,15912,买盘
2224,13:52:06,6.12,0.0,24,14688,买盘
2225,13:52:10,6.12,0.0,7,4284,买盘
2226,13:52:16,6.11,-0.01,21,12831,买盘
2227,13:52:18,6.11,0.0,27,16497,买盘
2228,13:52:22,6.11,0.0,5,3055,买盘
2229,13:52:25,6.11,0.0,29,17719,买盘
2230,13:52:37,6.11,0.0,273,166803,卖盘
2231,13:52:43,6.11,0.0,160,97899,卖盘
2232,13:52:49,6.12,0.01,50,30600,买盘
2233,13:52:52,6.12,0.0,8,4896,买盘
2234,13:52:58,6.12,0.0,187,114444,买盘
2235,13:53:07,6.11,-0.01,160,97760,卖盘
2236,13:53:10,6.12,0.01,24,14688,买盘
2237,13:53:13,6.12,0.0,33,20196,买盘
2238,13:53:16,6.11,-0.01,88,53778,卖盘
2239,13:53:19,6.11,0.0,450,274950,买盘
2240,13:53:25,6.1,-0.01,500,305000,卖盘
2241,13:53:28,6.11,0.01,793,484523,买盘
2242,13:53:36,6.11,0.0,20,12220,卖盘
2243,13:53:39,6.12,0.01,7,4284,买盘
2244,13:53:42,6.11,-0.01,80,48880,卖盘
2245,13:53:46,6.11,0.0,123,75153,卖盘
2246,13:53:48,6.11,0.0,69,42159,卖盘
2247,13:53:51,6.11,0.0,107,65377,卖盘
2248,13:53:55,6.11,0.0,63,38496,卖盘
2249,13:53:57,6.11,0.0,51,31161,卖盘
2250,13:54:00,6.1,-0.01,9,5490,卖盘
2251,13:54:07,6.11,0.01,10,6110,买盘
2252,13:54:10,6.1,-0.01,84,51240,卖盘
2253,13:54:19,6.1,0.0,1,610,卖盘
2254,13:54:21,6.1,0.0,105,64050,卖盘
2255,13:54:25,6.1,0.0,96,58591,卖盘
2256,13:54:27,6.11,0.01,31,18935,买盘
2257,13:54:30,6.11,0.0,65,39651,买盘
2258,13:54:34,6.09,-0.02,8,4872,卖盘
2259,13:54:42,6.09,0.0,129,78613,卖盘
2260,13:54:46,6.09,0.0,9,5481,卖盘
2261,13:54:49,6.09,0.0,20,12180,卖盘
2262,13:54:52,6.1,0.01,20,12200,买盘
2263,13:55:16,6.09,-0.01,20,12180,卖盘
2264,13:55:27,6.09,0.0,4,2436,卖盘
2265,13:55:31,6.09,0.0,42,25578,卖盘
2266,13:55:40,6.09,0.0,70,42630,卖盘
2267,13:55:46,6.09,0.0,100,60900,卖盘
2268,13:55:52,6.09,0.0,61,37149,卖盘
2269,13:55:54,6.1,0.01,100,61000,买盘
2270,13:56:06,6.09,-0.01,87,52983,卖盘
2271,13:56:10,6.09,0.0,83,50548,卖盘
2272,13:56:13,6.09,0.0,40,24360,卖盘
2273,13:56:16,6.09,0.0,413,251550,卖盘
2274,13:56:19,6.09,0.0,21,12789,买盘
2275,13:56:22,6.08,-0.01,19,11552,卖盘
2276,13:56:30,6.09,0.01,10,6090,买盘
2277,13:56:33,6.08,-0.01,13,7904,卖盘
2278,13:56:37,6.08,0.0,100,60800,卖盘
2279,13:56:39,6.09,0.01,7,4263,买盘
2280,13:56:46,6.08,-0.01,154,93632,卖盘
2281,13:56:55,6.08,0.0,30,18240,卖盘
2282,13:56:58,6.08,0.0,136,82689,卖盘
2283,13:57:01,6.08,0.0,484,294497,卖盘
2284,13:57:04,6.08,0.0,19,11552,买盘
2285,13:57:09,6.08,0.0,10,6080,买盘
2286,13:57:13,6.08,0.0,177,107616,买盘
2287,13:57:16,6.08,0.0,12,7296,卖盘
2288,13:57:22,6.08,0.0,52,31616,卖盘
2289,13:57:25,6.08,0.0,48,29184,卖盘
2290,13:57:28,6.09,0.01,116,70626,买盘
2291,13:57:30,6.09,0.0,464,282572,买盘
2292,13:57:46,6.1,0.01,235,143118,买盘
2293,13:57:52,6.1,0.0,1,610,买盘
2294,13:57:55,6.09,-0.01,7,4263,卖盘
2295,13:58:01,6.1,0.01,41,25010,买盘
2296,13:58:06,6.1,0.0,10,6100,买盘
2297,13:58:09,6.09,-0.01,82,49938,卖盘
2298,13:58:12,6.1,0.01,365,222650,买盘
2299,13:58:16,6.1,0.0,50,30500,买盘
2300,13:58:19,6.1,0.0,257,156770,买盘
2301,13:58:22,6.1,0.0,12,7320,买盘
2302,13:58:25,6.1,0.0,96,58560,买盘
2303,13:58:45,6.1,0.0,46,28060,卖盘
2304,13:58:49,6.11,0.01,8,4888,买盘
2305,13:58:52,6.11,0.0,106,64766,买盘
2306,13:59:04,6.11,0.0,40,24430,买盘
2307,13:59:09,6.11,0.0,46,28061,买盘
2308,13:59:15,6.1,-0.01,17,10370,卖盘
2309,13:59:18,6.11,0.01,4,2444,买盘
2310,13:59:25,6.11,0.0,4,2444,买盘
2311,13:59:28,6.1,-0.01,22,13420,卖盘
2312,13:59:31,6.11,0.01,4,2444,买盘
2313,13:59:37,6.11,0.0,9,5499,买盘
2314,13:59:40,6.1,-0.01,59,36044,卖盘
2315,13:59:43,6.11,0.01,2,1222,买盘
2316,14:00:04,6.1,-0.01,20,12200,卖盘
2317,14:00:07,6.11,0.01,20,12220,买盘
2318,14:00:10,6.1,-0.01,82,50020,卖盘
2319,14:00:13,6.1,0.0,51,31110,卖盘
2320,14:00:19,6.1,0.0,4,2440,卖盘
2321,14:00:28,6.1,0.0,38,23180,卖盘
2322,14:00:36,6.1,0.0,89,54290,卖盘
2323,14:00:39,6.1,0.0,50,30500,卖盘
2324,14:00:43,6.1,0.0,14,8540,卖盘
2325,14:00:46,6.1,0.0,27,16470,卖盘
2326,14:00:49,6.11,0.01,72,43958,买盘
2327,14:00:52,6.1,-0.01,10,6100,卖盘
2328,14:00:55,6.1,0.0,600,366000,卖盘
2329,14:00:58,6.1,0.0,105,64050,卖盘
2330,14:01:01,6.09,-0.01,73,44457,卖盘
2331,14:01:06,6.08,-0.01,165,100465,卖盘
2332,14:01:10,6.08,0.0,222,134976,卖盘
2333,14:01:16,6.08,0.0,123,74784,卖盘
2334,14:01:24,6.08,0.0,50,30400,卖盘
2335,14:01:28,6.07,-0.01,86,52272,卖盘
2336,14:01:30,6.08,0.01,52,31616,卖盘
2337,14:01:34,6.08,0.0,35,21280,买盘
2338,14:01:36,6.08,0.0,7,4256,买盘
2339,14:01:40,6.08,0.0,22,13356,买盘
2340,14:01:46,6.08,0.0,2,1216,买盘
2341,14:01:49,6.07,-0.01,60,36450,卖盘
2342,14:01:52,6.07,0.0,91,55237,卖盘
2343,14:02:07,6.08,0.01,256,155648,买盘
2344,14:02:10,6.07,-0.01,86,52235,卖盘
2345,14:02:12,6.07,0.0,95,57665,卖盘
2346,14:02:19,6.08,0.01,20,12160,中性盘
2347,14:02:22,6.07,-0.01,105,63796,卖盘
2348,14:02:28,6.08,0.01,16,9728,买盘
2349,14:02:31,6.08,0.0,755,458309,买盘
2350,14:02:34,6.07,-0.01,50,30350,中性盘
2351,14:02:37,6.08,0.01,4,2432,买盘
2352,14:02:39,6.08,0.0,53,32224,买盘
2353,14:02:43,6.08,0.0,38,23104,买盘
2354,14:02:45,6.06,-0.02,46,27927,卖盘
2355,14:02:48,6.08,0.02,27,16416,买盘
2356,14:02:52,6.07,-0.01,78,47346,卖盘
2357,14:02:55,6.08,0.01,75,45568,买盘
2358,14:02:58,6.08,0.0,5,3040,买盘
2359,14:03:01,6.08,0.0,19,11552,买盘
2360,14:03:04,6.08,0.0,22,13376,买盘
2361,14:03:07,6.07,-0.01,193,117175,卖盘
2362,14:03:10,6.08,0.01,110,66795,买盘
2363,14:03:16,6.08,0.0,39,23712,买盘
2364,14:03:19,6.08,0.0,71,43168,买盘
2365,14:03:22,6.08,0.0,54,32832,买盘
2366,14:03:25,6.07,-0.01,3,1821,卖盘
2367,14:03:30,6.08,0.01,53,32224,买盘
2368,14:03:33,6.08,0.0,3,1824,买盘
2369,14:03:36,6.08,0.0,2,1216,买盘
2370,14:03:39,6.09,0.01,837,509324,买盘
2371,14:03:43,6.08,-0.01,5,3040,中性盘
2372,14:03:46,6.08,0.0,6,3648,买盘
2373,14:03:55,6.09,0.01,1,609,买盘
2374,14:03:58,6.09,0.0,53,32277,买盘
2375,14:04:00,6.09,0.0,10,6090,卖盘
2376,14:04:04,6.1,0.01,33,20130,买盘
2377,14:04:09,6.09,-0.01,82,49938,卖盘
2378,14:04:37,6.09,0.0,87,52983,卖盘
2379,14:04:40,6.1,0.01,31,18910,买盘
2380,14:04:43,6.1,0.0,104,63440,买盘
2381,14:04:46,6.1,0.0,2,1220,买盘
2382,14:04:51,6.09,-0.01,84,51208,卖盘
2383,14:04:54,6.1,0.01,44,26840,买盘
2384,14:04:57,6.1,0.0,6,3660,买盘
2385,14:05:00,6.1,0.0,10,6100,卖盘
2386,14:05:09,6.1,0.0,15,9150,卖盘
2387,14:05:13,6.11,0.01,21,12828,买盘
2388,14:05:19,6.11,0.0,12,7332,买盘
2389,14:05:22,6.11,0.0,1,611,买盘
2390,14:05:25,6.1,-0.01,214,130751,卖盘
2391,14:05:34,6.1,0.0,68,41490,卖盘
2392,14:05:37,6.1,0.0,1,610,卖盘
2393,14:05:46,6.1,0.0,30,18300,卖盘
2394,14:05:48,6.1,0.0,46,28060,卖盘
2395,14:05:52,6.11,0.01,270,164970,买盘
2396,14:05:55,6.1,-0.01,52,31720,卖盘
2397,14:05:58,6.11,0.01,12,7332,买盘
2398,14:06:06,6.11,0.0,128,78208,买盘
2399,14:06:10,6.1,-0.01,44,26840,卖盘
2400,14:06:13,6.1,0.0,3,1830,买盘
2401,14:06:16,6.1,0.0,10,6100,买盘
2402,14:06:19,6.1,0.0,13,7930,买盘
2403,14:06:22,6.1,0.0,9,5490,买盘
2404,14:06:31,6.09,-0.01,84,51156,卖盘
2405,14:06:34,6.1,0.01,20,12200,买盘
2406,14:06:43,6.09,-0.01,154,93836,卖盘
2407,14:06:46,6.09,0.0,160,97450,卖盘
2408,14:06:52,6.09,0.0,13,7917,卖盘
2409,14:06:58,6.09,0.0,170,103530,卖盘
2410,14:07:00,6.1,0.01,16,9760,买盘
2411,14:07:09,6.09,-0.01,72,43848,卖盘
2412,14:07:12,6.1,0.01,43,26230,买盘
2413,14:07:15,6.1,0.0,2,1220,买盘
2414,14:07:22,6.1,0.0,5,3050,买盘
2415,14:07:28,6.1,0.0,5,3050,买盘
2416,14:07:31,6.09,-0.01,2,1218,卖盘
2417,14:07:40,6.1,0.01,13,7927,买盘
2418,14:07:42,6.1,0.0,2,1220,买盘
2419,14:07:46,6.1,0.0,181,110410,买盘
2420,14:07:52,6.1,0.0,22,13420,买盘
2421,14:07:55,6.09,-0.01,15,9135,卖盘
2422,14:08:06,6.09,0.0,80,48722,卖盘
2423,14:08:09,6.09,0.0,82,49938,卖盘
2424,14:08:22,6.1,0.01,10,6100,买盘
2425,14:08:24,6.09,-0.01,74,45066,卖盘
2426,14:08:33,6.09,0.0,19,11571,卖盘
2427,14:08:37,6.1,0.01,6,3660,买盘
2428,14:08:39,6.09,-0.01,52,31668,卖盘
2429,14:08:54,6.09,0.0,50,30450,买盘
2430,14:08:57,6.09,0.0,14,8526,买盘
2431,14:09:01,6.09,0.0,15,9135,买盘
2432,14:09:06,6.09,0.0,10,6090,买盘
2433,14:09:13,6.09,0.0,10,6090,买盘
2434,14:09:28,6.09,0.0,5,3045,买盘
2435,14:09:31,6.09,0.0,25,15225,买盘
2436,14:09:37,6.08,-0.01,93,56544,卖盘
2437,14:09:39,6.09,0.01,20,12180,买盘
2438,14:09:46,6.08,-0.01,9,5472,卖盘
2439,14:09:52,6.09,0.01,10,6090,买盘
2440,14:10:04,6.09,0.0,208,126672,买盘
2441,14:10:09,6.09,0.0,83,50547,卖盘
2442,14:10:15,6.09,0.0,10,6090,卖盘
2443,14:10:25,6.1,0.01,589,359290,买盘
2444,14:10:37,6.1,0.0,76,46360,买盘
2445,14:11:10,6.1,0.0,4,2440,买盘
2446,14:11:13,6.1,0.0,15,9150,买盘
2447,14:11:18,6.1,0.0,20,12200,买盘
2448,14:11:34,6.09,-0.01,1,609,卖盘
2449,14:11:40,6.1,0.01,10,6100,买盘
2450,14:11:46,6.1,0.0,1,610,买盘
2451,14:11:52,6.09,-0.01,2,1218,卖盘
2452,14:11:58,6.1,0.01,15,9150,买盘
2453,14:12:01,6.1,0.0,32,19520,买盘
2454,14:12:09,6.09,-0.01,82,49938,卖盘
2455,14:12:12,6.09,0.0,300,182700,卖盘
2456,14:12:15,6.1,0.01,14,8540,买盘
2457,14:12:18,6.09,-0.01,40,24360,卖盘
2458,14:12:28,6.1,0.01,9,5490,买盘
2459,14:12:37,6.1,0.0,53,32330,买盘
2460,14:12:55,6.1,0.0,208,126880,买盘
2461,14:12:58,6.09,-0.01,83,50547,卖盘
2462,14:13:25,6.1,0.01,5,3050,买盘
2463,14:13:34,6.1,0.0,68,41480,买盘
2464,14:13:45,6.1,0.0,2,1220,买盘
2465,14:13:51,6.1,0.0,25,15250,买盘
2466,14:13:54,6.1,0.0,25,15250,买盘
2467,14:14:00,6.09,-0.01,10,6090,卖盘
2468,14:14:04,6.1,0.01,2,1220,买盘
2469,14:14:06,6.1,0.0,40,24400,买盘
2470,14:14:10,6.1,0.0,102,62138,买盘
2471,14:14:16,6.1,0.0,326,198860,买盘
2472,14:14:22,6.1,0.0,5,3050,买盘
2473,14:14:25,6.1,0.0,22,13420,买盘
2474,14:14:28,6.1,0.0,62,37820,卖盘
2475,14:14:31,6.11,0.01,289,176440,买盘
2476,14:14:36,6.1,-0.01,10,6100,卖盘
2477,14:14:40,6.1,0.0,13,7930,卖盘
2478,14:14:42,6.11,0.01,5,3055,买盘
2479,14:14:45,6.11,0.0,32,19552,买盘
2480,14:14:48,6.11,0.0,69,42159,买盘
2481,14:15:01,6.11,0.0,223,136253,买盘
2482,14:15:04,6.11,0.0,10,6110,卖盘
2483,14:15:15,6.11,0.0,200,122200,卖盘
2484,14:15:18,6.11,0.0,4,2444,卖盘
2485,14:15:25,6.12,0.01,21,12852,买盘
2486,14:15:27,6.11,-0.01,40,24440,卖盘
2487,14:15:31,6.11,0.0,47,28717,卖盘
2488,14:15:37,6.12,0.01,10,6119,买盘
2489,14:15:46,6.11,-0.01,35,21404,卖盘
2490,14:16:00,6.11,0.0,20,12220,买盘
2491,14:16:10,6.1,-0.01,84,51240,卖盘
2492,14:16:22,6.11,0.01,100,61010,买盘
2493,14:16:34,6.1,-0.01,18,10980,卖盘
2494,14:16:42,6.11,0.01,10,6110,买盘
2495,14:16:46,6.1,-0.01,104,63540,卖盘
2496,14:16:55,6.1,0.0,30,18300,卖盘
2497,14:16:58,6.1,0.0,9,5492,卖盘
2498,14:17:01,6.1,0.0,21,12810,卖盘
2499,14:17:04,6.1,0.0,165,100658,卖盘
2500,14:17:25,6.1,0.0,9,5490,买盘
2501,14:17:28,6.1,0.0,10,6100,买盘
2502,14:17:30,6.09,-0.01,1,609,卖盘
2503,14:17:43,6.09,0.0,5,3045,卖盘
2504,14:17:57,6.1,0.01,11,6710,买盘
2505,14:18:10,6.09,-0.01,83,50547,卖盘
2506,14:18:21,6.1,0.01,10,6100,买盘
2507,14:18:27,6.09,-0.01,51,31059,卖盘
2508,14:18:33,6.1,0.01,4,2440,买盘
2509,14:18:40,6.1,0.0,116,70760,买盘
2510,14:18:54,6.09,-0.01,70,42630,卖盘
2511,14:18:58,6.09,0.0,20,12180,卖盘
2512,14:19:01,6.09,0.0,83,50547,卖盘
2513,14:19:19,6.1,0.01,10,6100,买盘
2514,14:19:22,6.09,-0.01,112,68212,卖盘
2515,14:19:25,6.09,0.0,77,46961,卖盘
2516,14:19:27,6.09,0.0,21,12789,买盘
2517,14:19:30,6.1,0.01,17,10370,买盘
2518,14:19:33,6.09,-0.01,45,27405,卖盘
2519,14:19:40,6.09,0.0,254,154480,买盘
2520,14:20:00,6.09,0.0,8,4872,卖盘
2521,14:20:04,6.09,0.0,55,33495,卖盘
2522,14:20:10,6.09,0.0,109,66381,卖盘
2523,14:20:22,6.08,-0.01,127,77216,卖盘
2524,14:20:25,6.09,0.01,5,3045,买盘
2525,14:20:37,6.08,-0.01,50,30400,卖盘
2526,14:20:45,6.09,0.01,10,6090,买盘
2527,14:21:13,6.09,0.0,10,6090,买盘
2528,14:21:18,6.09,0.0,10,6090,买盘
2529,14:21:25,6.09,0.0,4,2436,买盘
2530,14:21:28,6.09,0.0,50,30450,买盘
2531,14:21:51,6.08,-0.01,11,6688,卖盘
2532,14:21:58,6.09,0.01,16,9744,买盘
2533,14:22:01,6.08,-0.01,11,6697,卖盘
2534,14:22:10,6.08,0.0,164,99712,卖盘
2535,14:22:13,6.08,0.0,17,10336,卖盘
2536,14:22:19,6.08,0.0,37,22496,卖盘
2537,14:22:24,6.09,0.01,5,3045,买盘
2538,14:22:28,6.08,-0.01,151,91808,卖盘
2539,14:22:46,6.08,0.0,5,3040,卖盘
2540,14:22:52,6.09,0.01,6,3654,买盘
2541,14:22:55,6.08,-0.01,15,9120,卖盘
2542,14:22:58,6.09,0.01,9,5481,买盘
2543,14:23:01,6.08,-0.01,10,6080,卖盘
2544,14:23:03,6.09,0.01,103,62727,买盘
2545,14:23:10,6.08,-0.01,30,18240,卖盘
2546,14:23:24,6.08,0.0,83,50474,卖盘
2547,14:23:30,6.08,0.0,37,22496,卖盘
2548,14:23:34,6.09,0.01,87,52910,买盘
2549,14:23:40,6.08,-0.01,3,1824,卖盘
2550,14:23:48,6.08,0.0,19,11552,卖盘
2551,14:23:57,6.08,0.0,64,38974,卖盘
2552,14:24:04,6.09,0.01,57,34713,买盘
2553,14:24:10,6.08,-0.01,82,49856,卖盘
2554,14:24:22,6.08,0.0,10,6080,卖盘
2555,14:24:24,6.09,0.01,27,16443,买盘
2556,14:24:27,6.09,0.0,38,23118,买盘
2557,14:24:37,6.09,0.0,2,1218,买盘
2558,14:24:40,6.09,0.0,47,28623,买盘
2559,14:24:46,6.08,-0.01,16,9735,卖盘
2560,14:24:57,6.08,0.0,10,6080,卖盘
2561,14:25:01,6.08,0.0,30,18240,卖盘
2562,14:25:04,6.08,0.0,48,29184,卖盘
2563,14:25:06,6.08,0.0,109,66272,卖盘
2564,14:25:09,6.08,0.0,9,5472,卖盘
2565,14:25:13,6.09,0.01,14,8526,买盘
2566,14:25:22,6.08,-0.01,18,10944,卖盘
2567,14:25:27,6.08,0.0,93,56554,卖盘
2568,14:25:34,6.09,0.01,492,299154,买盘
2569,14:25:37,6.09,0.0,100,60900,买盘
2570,14:25:46,6.08,-0.01,5,3040,卖盘
2571,14:26:04,6.09,0.01,20,12180,买盘
2572,14:26:09,6.08,-0.01,164,99793,卖盘
2573,14:26:16,6.09,0.01,12,7308,买盘
2574,14:26:19,6.09,0.0,70,42630,买盘
2575,14:26:37,6.09,0.0,6,3654,买盘
2576,14:26:45,6.09,0.0,4,2436,买盘
2577,14:26:48,6.09,0.0,200,121800,买盘
2578,14:26:52,6.09,0.0,22,13398,买盘
2579,14:26:55,6.09,0.0,10,6090,买盘
2580,14:26:58,6.09,0.0,12,7308,买盘
2581,14:27:31,6.09,0.0,205,124845,买盘
2582,14:27:37,6.09,0.0,125,76088,买盘
2583,14:27:42,6.09,0.0,118,71842,买盘
2584,14:27:45,6.09,0.0,12,7308,买盘
2585,14:27:52,6.09,0.0,84,51156,买盘
2586,14:27:55,6.09,0.0,47,28623,买盘
2587,14:27:57,6.09,0.0,10,6090,买盘
2588,14:28:01,6.09,0.0,75,45675,买盘
2589,14:28:03,6.09,0.0,96,58464,买盘
2590,14:28:06,6.09,0.0,4,2436,买盘
2591,14:28:09,6.08,-0.01,93,56555,卖盘
2592,14:28:13,6.09,0.01,12,7308,买盘
2593,14:28:16,6.09,0.0,60,36535,买盘
2594,14:28:22,6.09,0.0,30,18270,卖盘
2595,14:28:34,6.09,0.0,10,6090,卖盘
2596,14:28:43,6.09,0.0,6,3656,卖盘
2597,14:28:49,6.09,0.0,28,17052,卖盘
2598,14:28:52,6.1,0.01,10,6100,买盘
2599,14:28:55,6.09,-0.01,67,40803,卖盘
2600,14:29:04,6.1,0.01,5,3046,买盘
2601,14:29:10,6.09,-0.01,10,6090,卖盘
2602,14:29:16,6.09,0.0,10,6090,卖盘
2603,14:29:19,6.09,0.0,30,18270,卖盘
2604,14:29:28,6.1,0.01,30,18300,买盘
2605,14:29:31,6.09,-0.01,12,7308,卖盘
2606,14:29:45,6.1,0.01,23,14013,买盘
2607,14:29:49,6.09,-0.01,2,1218,卖盘
2608,14:29:52,6.09,0.0,2,1218,卖盘
2609,14:29:55,6.1,0.01,1,610,买盘
2610,14:30:10,6.09,-0.01,82,49938,卖盘
2611,14:30:12,6.09,0.0,340,207060,卖盘
2612,14:30:15,6.08,-0.01,22,13384,卖盘
2613,14:30:25,6.08,0.0,10,6080,卖盘
2614,14:30:27,6.08,0.0,61,37103,卖盘
2615,14:30:31,6.09,0.01,66,40148,买盘
2616,14:30:52,6.09,0.0,40,24360,买盘
2617,14:30:58,6.09,0.0,218,132762,买盘
2618,14:31:00,6.09,0.0,20,12180,买盘
2619,14:31:04,6.08,-0.01,20,12160,卖盘
2620,14:31:13,6.08,0.0,29,17637,卖盘
2621,14:31:16,6.08,0.0,5,3040,卖盘
2622,14:31:19,6.08,0.0,1,608,卖盘
2623,14:31:24,6.09,0.01,6,3654,买盘
2624,14:31:30,6.09,0.0,2,1218,买盘
2625,14:31:40,6.09,0.0,10,6090,买盘
2626,14:31:46,6.08,-0.01,83,50464,卖盘
2627,14:31:54,6.08,0.0,9,5477,卖盘
2628,14:31:57,6.08,0.0,5,3040,卖盘
2629,14:32:00,6.09,0.01,210,127766,买盘
2630,14:32:04,6.09,0.0,7,4263,买盘
2631,14:32:06,6.08,-0.01,3,1824,卖盘
2632,14:32:09,6.08,0.0,130,79088,卖盘
2633,14:32:13,6.08,0.0,13,7904,卖盘
2634,14:32:16,6.08,0.0,6,3648,卖盘
2635,14:32:22,6.08,0.0,23,13984,卖盘
2636,14:32:30,6.08,0.0,10,6080,卖盘
2637,14:32:36,6.09,0.01,5,3045,买盘
2638,14:32:52,6.08,-0.01,15,9120,卖盘
2639,14:32:58,6.08,0.0,6,3648,卖盘
2640,14:33:06,6.08,0.0,12,7298,卖盘
2641,14:33:09,6.08,0.0,79,48056,卖盘
2642,14:33:13,6.09,0.01,234,142314,买盘
2643,14:33:22,6.08,-0.01,16,9728,卖盘
2644,14:33:25,6.08,0.0,100,60800,卖盘
2645,14:33:28,6.08,0.0,10,6080,卖盘
2646,14:33:30,6.08,0.0,290,176320,卖盘
2647,14:33:37,6.08,0.0,10,6080,卖盘
2648,14:33:40,6.08,0.0,12,7296,卖盘
2649,14:33:46,6.08,0.0,4,2432,卖盘
2650,14:33:51,6.09,0.01,66,40194,买盘
2651,14:34:06,6.09,0.0,5,3045,买盘
2652,14:34:09,6.08,-0.01,93,56544,卖盘
2653,14:34:16,6.08,0.0,6,3648,卖盘
2654,14:34:22,6.09,0.01,66,40191,买盘
2655,14:34:24,6.09,0.0,50,30450,买盘
2656,14:34:27,6.08,-0.01,5,3040,卖盘
2657,14:34:40,6.08,0.0,25,15200,卖盘
2658,14:34:42,6.08,0.0,107,65056,卖盘
2659,14:34:48,6.08,0.0,57,34657,卖盘
2660,14:34:52,6.08,0.0,4,2432,卖盘
2661,14:34:55,6.08,0.0,23,13984,卖盘
2662,14:34:58,6.08,0.0,5,3040,卖盘
2663,14:35:06,6.08,0.0,28,17024,卖盘
2664,14:35:15,6.08,0.0,32,19456,卖盘
2665,14:35:18,6.08,0.0,472,287168,卖盘
2666,14:35:30,6.08,0.0,139,84517,卖盘
2667,14:35:34,6.08,0.0,61,37088,卖盘
2668,14:35:36,6.09,0.01,50,30450,买盘
2669,14:35:46,6.09,0.0,1,609,买盘
2670,14:36:09,6.08,-0.01,82,49856,卖盘
2671,14:36:13,6.08,0.0,312,189696,卖盘
2672,14:36:16,6.08,0.0,11,6688,买盘
2673,14:36:19,6.08,0.0,26,15808,买盘
2674,14:36:27,6.08,0.0,58,35264,买盘
2675,14:36:31,6.07,-0.01,124,75268,卖盘
2676,14:36:37,6.07,0.0,5,3035,卖盘
2677,14:36:40,6.07,0.0,31,18847,卖盘
2678,14:36:43,6.07,0.0,34,20668,卖盘
2679,14:36:46,6.07,0.0,2,1214,卖盘
2680,14:36:49,6.08,0.01,8,4864,买盘
2681,14:36:55,6.07,-0.01,45,27315,卖盘
2682,14:37:01,6.07,0.0,25,15175,卖盘
2683,14:37:07,6.08,0.01,10,6071,买盘
2684,14:37:13,6.08,0.0,256,155648,买盘
2685,14:37:22,6.08,0.0,25,15200,买盘
2686,14:37:24,6.08,0.0,5,3040,买盘
2687,14:37:31,6.08,0.0,12,7296,买盘
2688,14:37:37,6.08,0.0,5,3040,买盘
2689,14:37:40,6.08,0.0,10,6080,买盘
2690,14:37:43,6.08,0.0,2,1216,买盘
2691,14:37:46,6.08,0.0,30,18240,买盘
2692,14:37:51,6.08,0.0,1,608,买盘
2693,14:37:54,6.08,0.0,15,9120,买盘
2694,14:38:01,6.08,0.0,109,66189,买盘
2695,14:38:04,6.08,0.0,9,5472,买盘
2696,14:38:10,6.08,0.0,330,200558,买盘
2697,14:38:13,6.07,-0.01,781,474529,卖盘
2698,14:38:15,6.08,0.01,420,255319,买盘
2699,14:38:34,6.08,0.0,16,9728,卖盘
2700,14:38:37,6.08,0.0,20,12165,卖盘
2701,14:38:39,6.09,0.01,40,24360,买盘
2702,14:38:51,6.09,0.0,116,70644,买盘
2703,14:39:00,6.09,0.0,8,4872,买盘
2704,14:39:04,6.09,0.0,198,120582,买盘
2705,14:39:07,6.09,0.0,54,32886,买盘
2706,14:39:13,6.09,0.0,28,17052,买盘
2707,14:39:16,6.09,0.0,15,9135,买盘
2708,14:39:22,6.09,0.0,439,266975,买盘
2709,14:39:25,6.09,0.0,112,68208,买盘
2710,14:39:33,6.09,0.0,5,3045,卖盘
2711,14:39:39,6.1,0.01,100,61000,买盘
2712,14:39:42,6.09,-0.01,64,38976,卖盘
2713,14:39:48,6.09,0.0,10,6090,买盘
2714,14:39:55,6.09,0.0,36,21924,买盘
2715,14:39:58,6.09,0.0,2,1218,买盘
2716,14:40:04,6.09,0.0,16,9744,买盘
2717,14:40:07,6.09,0.0,44,26796,买盘
2718,14:40:10,6.08,-0.01,82,49856,卖盘
2719,14:40:13,6.09,0.01,10,6090,买盘
2720,14:40:15,6.09,0.0,12,7306,买盘
2721,14:40:22,6.08,-0.01,64,38912,卖盘
2722,14:40:25,6.08,0.0,76,46208,卖盘
2723,14:40:28,6.08,0.0,51,31056,卖盘
2724,14:40:31,6.08,0.0,4,2432,卖盘
2725,14:40:34,6.09,0.01,20,12180,买盘
2726,14:40:49,6.09,0.0,6,3654,买盘
2727,14:40:52,6.08,-0.01,14,8512,卖盘
2728,14:40:55,6.09,0.01,30,18270,买盘
2729,14:41:01,6.09,0.0,161,98049,买盘
2730,14:41:06,6.09,0.0,67,40803,卖盘
2731,14:41:09,6.09,0.0,2,1218,买盘
2732,14:41:22,6.09,0.0,10,6090,买盘
2733,14:41:27,6.09,0.0,5,3045,买盘
2734,14:41:37,6.09,0.0,32,19488,买盘
2735,14:41:46,6.09,0.0,300,182700,买盘
2736,14:41:52,6.09,0.0,50,30450,买盘
2737,14:42:04,6.08,-0.01,40,24320,卖盘
2738,14:42:10,6.08,0.0,207,125856,卖盘
2739,14:42:13,6.08,0.0,188,114439,卖盘
2740,14:42:16,6.08,0.0,46,27968,卖盘
2741,14:42:18,6.09,0.01,2,1218,买盘
2742,14:42:21,6.09,0.0,103,62727,买盘
2743,14:42:24,6.08,-0.01,35,21280,卖盘
2744,14:42:31,6.08,0.0,6,3648,卖盘
2745,14:42:37,6.09,0.01,100,60900,买盘
2746,14:42:43,6.08,-0.01,2,1216,卖盘
2747,14:42:45,6.08,0.0,29,17632,卖盘
2748,14:43:07,6.08,0.0,21,12778,卖盘
2749,14:43:16,6.09,0.01,25,15220,买盘
2750,14:43:19,6.08,-0.01,50,30400,卖盘
2751,14:43:25,6.09,0.01,10,6090,买盘
2752,14:43:28,6.08,-0.01,41,24928,卖盘
2753,14:43:40,6.09,0.01,25,15225,买盘
2754,14:43:43,6.09,0.0,349,212533,买盘
2755,14:43:45,6.09,0.0,7,4263,卖盘
2756,14:44:01,6.1,0.01,55,33528,买盘
2757,14:44:07,6.09,-0.01,4,2436,卖盘
2758,14:44:10,6.09,0.0,111,67599,卖盘
2759,14:44:19,6.09,0.0,10,6090,买盘
2760,14:44:22,6.09,0.0,64,38976,买盘
2761,14:44:25,6.09,0.0,12,7308,卖盘
2762,14:44:27,6.09,0.0,43,26197,卖盘
2763,14:44:30,6.09,0.0,16,9744,卖盘
2764,14:44:49,6.1,0.01,20,12200,买盘
2765,14:44:54,6.09,-0.01,20,12180,卖盘
2766,14:44:58,6.09,0.0,54,32886,卖盘
2767,14:45:07,6.1,0.01,10,6091,买盘
2768,14:45:10,6.1,0.0,20,12200,买盘
2769,14:45:12,6.09,-0.01,20,12180,卖盘
2770,14:45:16,6.09,0.0,20,12180,卖盘
2771,14:45:22,6.09,0.0,7,4263,卖盘
2772,14:45:25,6.09,0.0,16,9744,卖盘
2773,14:45:40,6.1,0.01,56,34145,买盘
2774,14:45:46,6.1,0.0,65,39650,买盘
2775,14:45:55,6.1,0.0,30,18300,买盘
2776,14:45:58,6.09,-0.01,20,12180,卖盘
2777,14:46:06,6.09,0.0,10,6090,卖盘
2778,14:46:09,6.09,0.0,87,52988,卖盘
2779,14:46:16,6.1,0.01,63,38430,买盘
2780,14:46:19,6.09,-0.01,100,60900,卖盘
2781,14:46:25,6.1,0.01,100,61000,买盘
2782,14:46:31,6.09,-0.01,4,2436,卖盘
2783,14:46:34,6.1,0.01,61,37200,买盘
2784,14:46:37,6.1,0.0,5,3050,买盘
2785,14:46:43,6.1,0.0,124,75640,买盘
2786,14:46:46,6.1,0.0,7,4270,买盘
2787,14:46:48,6.1,0.0,252,153596,买盘
2788,14:46:55,6.1,0.0,120,73200,买盘
2789,14:47:04,6.1,0.0,266,162260,买盘
2790,14:47:07,6.1,0.0,201,122581,买盘
2791,14:47:13,6.1,0.0,102,62220,买盘
2792,14:47:16,6.1,0.0,190,115900,买盘
2793,14:47:28,6.11,0.01,25,15275,买盘
2794,14:47:43,6.11,0.0,51,31161,买盘
2795,14:47:46,6.11,0.0,5,3055,买盘
2796,14:47:49,6.11,0.0,46,28106,买盘
2797,14:47:52,6.11,0.0,20,12220,买盘
2798,14:47:58,6.1,-0.01,83,50630,卖盘
2799,14:48:01,6.11,0.01,38,23218,买盘
2800,14:48:07,6.11,0.0,48,29328,买盘
2801,14:48:10,6.1,-0.01,82,50020,卖盘
2802,14:48:13,6.11,0.01,82,50102,买盘
2803,14:48:16,6.1,-0.01,175,106923,卖盘
2804,14:48:19,6.11,0.01,363,221793,买盘
2805,14:48:21,6.1,-0.01,4,2440,卖盘
2806,14:48:25,6.11,0.01,58,35393,买盘
2807,14:48:28,6.11,0.0,35,21382,买盘
2808,14:48:31,6.11,0.0,144,87984,买盘
2809,14:48:34,6.11,0.0,49,29939,买盘
2810,14:48:36,6.11,0.0,53,32383,买盘
2811,14:48:40,6.11,0.0,21,12831,卖盘
2812,14:48:43,6.11,0.0,40,24440,卖盘
2813,14:48:49,6.12,0.01,149,91088,买盘
2814,14:48:58,6.12,0.0,449,274788,买盘
2815,14:49:00,6.11,-0.01,36,21996,卖盘
2816,14:49:07,6.12,0.01,44,26917,买盘
2817,14:49:10,6.12,0.0,689,421668,买盘
2818,14:49:13,6.12,0.0,10,6120,卖盘
2819,14:49:19,6.13,0.01,27,16551,买盘
2820,14:49:30,6.13,0.0,5,3065,买盘
2821,14:49:34,6.13,0.0,10,6130,买盘
2822,14:49:37,6.13,0.0,1,613,买盘
2823,14:49:40,6.13,0.0,496,304048,买盘
2824,14:49:43,6.13,0.0,25,15325,买盘
2825,14:49:45,6.12,-0.01,60,36770,卖盘
2826,14:49:49,6.13,0.01,89,54557,买盘
2827,14:49:52,6.12,-0.01,48,29384,卖盘
2828,14:49:54,6.13,0.01,2,1226,买盘
2829,14:49:58,6.13,0.0,8,4904,买盘
2830,14:50:04,6.13,0.0,9,5517,买盘
2831,14:50:07,6.13,0.0,15,9195,买盘
2832,14:50:10,6.13,0.0,299,183287,买盘
2833,14:50:13,6.13,0.0,69,42297,卖盘
2834,14:50:16,6.13,0.0,5,3065,卖盘
2835,14:50:18,6.13,0.0,20,12260,卖盘
2836,14:50:21,6.13,0.0,139,85207,卖盘
2837,14:50:24,6.13,0.0,48,29430,卖盘
2838,14:50:28,6.13,0.0,9,5517,卖盘
2839,14:50:31,6.14,0.01,198,121392,买盘
2840,14:50:34,6.14,0.0,20,12280,买盘
2841,14:50:37,6.13,-0.01,408,250104,卖盘
2842,14:50:39,6.13,0.0,19,11647,买盘
2843,14:50:46,6.13,0.0,211,129343,买盘
2844,14:50:49,6.13,0.0,35,21455,买盘
2845,14:50:52,6.13,0.0,236,144668,买盘
2846,14:50:55,6.13,0.0,346,212098,卖盘
2847,14:50:58,6.13,0.0,158,96854,卖盘
2848,14:51:00,6.13,0.0,140,85820,卖盘
2849,14:51:04,6.13,0.0,39,23938,卖盘
2850,14:51:07,6.13,0.0,67,41071,卖盘
2851,14:51:13,6.13,0.0,20,12260,买盘
2852,14:51:16,6.13,0.0,130,79690,买盘
2853,14:51:19,6.13,0.0,201,123213,买盘
