,time,price,change,volume,amount,type
0,09:25:04,12.53,-0.04,486,608958,买盘
1,09:30:04,12.53,0.0,366,459747,卖盘
2,09:30:07,12.57,0.04,461,579627,卖盘
3,09:30:10,12.58,0.01,41,51558,买盘
4,09:30:13,12.54,-0.04,1,1254,卖盘
5,09:30:15,12.56,0.02,32,40134,买盘
6,09:30:22,12.56,0.0,13,16328,买盘
7,09:30:25,12.56,0.0,77,96658,买盘
8,09:30:28,12.54,-0.02,6,7524,卖盘
9,09:30:31,12.6,0.06,36,45221,买盘
10,09:30:34,12.56,-0.04,23,28904,卖盘
11,09:30:40,12.56,0.0,10,12560,卖盘
12,09:30:43,12.56,0.0,10,12560,卖盘
13,09:30:46,12.58,0.02,10,12580,买盘
14,09:30:48,12.56,-0.02,2,2512,卖盘
15,09:31:01,12.57,0.01,10,12570,买盘
16,09:31:04,12.56,-0.01,2,2512,卖盘
17,09:31:07,12.56,0.0,40,50240,卖盘
18,09:31:13,12.56,0.0,1,1256,买盘
19,09:31:19,12.55,-0.01,7,8785,买盘
20,09:31:22,12.54,-0.01,93,116622,卖盘
21,09:31:25,12.53,-0.01,2,2506,买盘
22,09:31:31,12.51,-0.02,22,27562,卖盘
23,09:31:34,12.5,-0.01,35,43756,卖盘
24,09:31:37,12.48,-0.02,43,53712,卖盘
25,09:31:40,12.48,0.0,34,42432,卖盘
26,09:31:46,12.47,-0.01,5,6237,卖盘
27,09:31:55,12.46,-0.01,26,32396,卖盘
28,09:31:58,12.47,0.01,114,142064,买盘
29,09:32:01,12.45,-0.02,35,43602,卖盘
30,09:32:04,12.46,0.01,9,11210,买盘
31,09:32:07,12.44,-0.02,88,109556,卖盘
32,09:32:10,12.45,0.01,63,78377,中性盘
33,09:32:16,12.44,-0.01,1,1244,卖盘
34,09:32:19,12.44,0.0,57,70907,卖盘
35,09:32:22,12.44,0.0,19,23618,买盘
36,09:32:25,12.43,-0.01,84,104412,卖盘
37,09:32:31,12.43,0.0,37,45991,卖盘
38,09:32:34,12.42,-0.01,38,47209,卖盘
39,09:32:37,12.42,0.0,23,28566,卖盘
40,09:32:40,12.42,0.0,20,24840,卖盘
41,09:32:43,12.41,-0.01,14,17374,卖盘
42,09:32:46,12.41,0.0,31,38471,卖盘
43,09:32:49,12.4,-0.01,152,188582,卖盘
44,09:32:55,12.36,-0.04,25,30976,卖盘
45,09:33:04,12.36,0.0,22,27192,卖盘
46,09:33:10,12.36,0.0,187,231129,买盘
47,09:33:13,12.36,0.0,14,17299,买盘
48,09:33:16,12.35,-0.01,35,43233,中性盘
49,09:33:19,12.35,0.0,77,95070,买盘
50,09:33:22,12.34,-0.01,44,54296,卖盘
51,09:33:25,12.35,0.01,35,43192,买盘
52,09:33:28,12.35,0.0,13,16055,买盘
53,09:33:31,12.33,-0.02,20,24678,卖盘
54,09:33:34,12.34,0.01,1,1234,买盘
55,09:33:37,12.34,0.0,10,12340,买盘
56,09:33:40,12.34,0.0,48,59232,买盘
57,09:33:43,12.33,-0.01,131,161632,卖盘
58,09:33:45,12.35,0.02,17,20980,买盘
59,09:33:49,12.35,0.0,4,4939,买盘
60,09:33:52,12.36,0.01,1,1236,买盘
61,09:33:55,12.33,-0.03,151,186304,卖盘
62,09:33:58,12.34,0.01,61,75274,买盘
63,09:34:00,12.36,0.02,28,34568,买盘
64,09:34:04,12.36,0.0,4,4944,卖盘
65,09:34:07,12.34,-0.02,13,16042,卖盘
66,09:34:13,12.36,0.02,1,1236,卖盘
67,09:34:19,12.39,0.03,9,11151,买盘
68,09:34:22,12.39,0.0,30,37170,买盘
69,09:34:24,12.42,0.03,155,192334,买盘
70,09:34:31,12.42,0.0,24,29808,卖盘
71,09:34:34,12.42,0.0,21,26082,卖盘
72,09:34:40,12.41,-0.01,20,24839,中性盘
73,09:34:43,12.42,0.01,10,12420,买盘
74,09:34:46,12.42,0.0,20,24840,买盘
75,09:34:52,12.41,-0.01,13,16133,买盘
76,09:34:55,12.4,-0.01,1,1240,卖盘
77,09:34:58,12.41,0.01,154,191045,买盘
78,09:35:01,12.4,-0.01,56,69440,卖盘
79,09:35:04,12.41,0.01,10,12410,买盘
80,09:35:07,12.4,-0.01,5,6200,卖盘
81,09:35:10,12.4,0.0,5,6200,买盘
82,09:35:13,12.38,-0.02,65,80588,卖盘
83,09:35:18,12.38,0.0,4,4952,卖盘
84,09:35:22,12.38,0.0,2,2476,买盘
85,09:35:27,12.38,0.0,34,42075,买盘
86,09:35:31,12.38,0.0,1,1238,买盘
87,09:35:34,12.37,-0.01,56,69321,卖盘
88,09:35:37,12.37,0.0,6,7422,卖盘
89,09:35:43,12.36,-0.01,78,96478,卖盘
90,09:35:55,12.38,0.02,46,56938,买盘
91,09:35:57,12.38,0.0,24,29712,卖盘
92,09:36:04,12.38,0.0,1,1238,卖盘
93,09:36:10,12.38,0.0,2,2476,卖盘
94,09:36:13,12.38,0.0,2,2476,卖盘
95,09:36:22,12.37,-0.01,17,21029,卖盘
96,09:36:25,12.37,0.0,26,32162,卖盘
97,09:36:34,12.37,0.0,21,25977,卖盘
98,09:36:37,12.37,0.0,3,3711,卖盘
99,09:36:40,12.38,0.01,56,69326,买盘
100,09:36:46,12.36,-0.02,6,7416,卖盘
101,09:36:49,12.36,0.0,44,54384,卖盘
102,09:36:55,12.37,0.01,13,16081,卖盘
103,09:36:58,12.37,0.0,1,1237,卖盘
104,09:37:01,12.38,0.01,59,73042,买盘
105,09:37:04,12.37,-0.01,3,3711,卖盘
106,09:37:07,12.38,0.01,3,3714,买盘
107,09:37:10,12.37,-0.01,10,12370,卖盘
108,09:37:19,12.38,0.01,6,7428,买盘
109,09:37:22,12.37,-0.01,2,2474,卖盘
110,09:37:25,12.37,0.0,13,16081,卖盘
111,09:37:28,12.36,-0.01,37,45778,卖盘
112,09:37:34,12.37,0.01,5,6185,买盘
113,09:37:37,12.37,0.0,25,30925,买盘
114,09:37:40,12.36,-0.01,60,74267,卖盘
115,09:37:46,12.38,0.02,166,205508,买盘
116,09:37:49,12.36,-0.02,70,86595,卖盘
117,09:37:52,12.36,0.0,19,23494,卖盘
118,09:37:55,12.39,0.03,7,8673,买盘
119,09:37:58,12.35,-0.04,30,37055,卖盘
120,09:38:01,12.36,0.01,40,49440,卖盘
121,09:38:04,12.39,0.03,15,18572,买盘
122,09:38:13,12.39,0.0,37,45843,买盘
123,09:38:16,12.39,0.0,19,23499,买盘
124,09:38:19,12.39,0.0,20,24780,买盘
125,09:38:22,12.39,0.0,10,12390,买盘
126,09:38:25,12.39,0.0,10,12390,买盘
127,09:38:27,12.35,-0.04,117,144583,卖盘
128,09:38:31,12.39,0.04,50,61942,买盘
129,09:38:37,12.39,0.0,18,22302,买盘
130,09:38:40,12.39,0.0,1,1239,买盘
131,09:38:42,12.37,-0.02,12,14844,卖盘
132,09:38:52,12.36,-0.01,6,7417,卖盘
133,09:38:55,12.4,0.04,318,394233,买盘
134,09:39:07,12.41,0.01,5,6205,买盘
135,09:39:10,12.41,0.0,1,1241,买盘
136,09:39:19,12.41,0.0,10,12410,买盘
137,09:39:25,12.4,-0.01,20,24800,卖盘
138,09:39:28,12.4,0.0,2,2480,卖盘
139,09:39:31,12.4,0.0,7,8680,买盘
140,09:39:40,12.4,0.0,5,6200,卖盘
141,09:39:49,12.4,0.0,5,6200,卖盘
142,09:39:58,12.37,-0.03,13,16110,卖盘
143,09:40:16,12.41,0.04,20,24810,买盘
144,09:40:28,12.38,-0.03,10,12380,卖盘
145,09:40:31,12.41,0.03,69,85603,买盘
146,09:40:37,12.4,-0.01,23,28498,买盘
147,09:40:46,12.41,0.01,1,1241,买盘
148,09:40:49,12.4,-0.01,1,1240,卖盘
149,09:41:13,12.4,0.0,8,9920,卖盘
150,09:41:19,12.4,0.0,9,11160,卖盘
151,09:41:25,12.4,0.0,5,6200,卖盘
152,09:41:28,12.41,0.01,7,8687,买盘
153,09:41:34,12.41,0.0,37,45885,买盘
154,09:41:52,12.4,-0.01,10,12401,卖盘
155,09:41:55,12.4,0.0,2,2480,卖盘
156,09:42:10,12.4,0.0,5,6200,卖盘
157,09:42:13,12.38,-0.02,43,53248,卖盘
158,09:42:15,12.38,0.0,10,12380,买盘
159,09:42:18,12.38,0.0,5,6190,买盘
160,09:42:24,12.38,0.0,20,24760,买盘
161,09:42:28,12.38,0.0,8,9904,买盘
162,09:42:34,12.37,-0.01,10,12370,卖盘
163,09:42:37,12.37,0.0,59,72983,卖盘
164,09:42:55,12.36,-0.01,1,1236,卖盘
165,09:42:58,12.36,0.0,1,1236,卖盘
166,09:43:01,12.36,0.0,1,1236,卖盘
167,09:43:04,12.37,0.01,5,6185,买盘
168,09:43:13,12.37,0.0,201,248677,卖盘
169,09:43:16,12.36,-0.01,77,95173,卖盘
170,09:43:18,12.37,0.01,71,87837,卖盘
171,09:43:22,12.37,0.0,3,3711,买盘
172,09:43:25,12.37,0.0,3,3711,买盘
173,09:43:28,12.38,0.01,5,6190,卖盘
174,09:43:39,12.38,0.0,8,9904,卖盘
175,09:43:42,12.38,0.0,3,3714,卖盘
176,09:44:01,12.38,0.0,58,71804,买盘
177,09:44:04,12.38,0.0,3,3714,买盘
178,09:44:06,12.38,0.0,14,17328,买盘
179,09:44:09,12.38,0.0,6,7425,买盘
180,09:44:13,12.38,0.0,8,9904,买盘
181,09:44:16,12.37,-0.01,32,39584,卖盘
182,09:44:19,12.38,0.01,3,3714,买盘
183,09:44:22,12.38,0.0,2,2476,买盘
184,09:44:31,12.38,0.0,2,2476,买盘
185,09:44:34,12.38,0.0,5,6190,买盘
186,09:44:37,12.37,-0.01,45,55665,卖盘
187,09:44:43,12.37,0.0,12,14844,买盘
188,09:44:49,12.36,-0.01,45,55620,卖盘
189,09:44:58,12.37,0.01,13,16081,买盘
190,09:45:01,12.37,0.0,9,11125,买盘
191,09:45:04,12.37,0.0,3,3711,买盘
192,09:45:28,12.37,0.0,10,12370,买盘
193,09:45:37,12.37,0.0,6,7422,买盘
194,09:45:46,12.37,0.0,25,30925,买盘
195,09:45:49,12.36,-0.01,83,102627,卖盘
196,09:46:06,12.37,0.01,10,12370,卖盘
197,09:46:10,12.37,0.0,1,1237,卖盘
198,09:46:13,12.36,-0.01,28,34634,卖盘
199,09:46:27,12.38,0.02,20,24760,买盘
200,09:46:31,12.38,0.0,32,39592,买盘
201,09:46:36,12.36,-0.02,10,12360,卖盘
202,09:46:45,12.38,0.02,20,24760,买盘
203,09:46:52,12.38,0.0,37,45806,买盘
204,09:46:55,12.38,0.0,5,6190,买盘
205,09:46:58,12.36,-0.02,83,102588,卖盘
206,09:47:10,12.38,0.02,200,247575,买盘
207,09:47:13,12.38,0.0,28,34664,买盘
208,09:47:21,12.38,0.0,18,22284,买盘
209,09:47:34,12.39,0.01,91,112684,买盘
210,09:47:46,12.4,0.01,12,14880,买盘
211,09:47:49,12.41,0.01,5,6205,买盘
212,09:47:55,12.41,0.0,120,148920,买盘
213,09:47:58,12.41,0.0,200,248200,买盘
214,09:48:01,12.41,0.0,213,264333,买盘
215,09:48:04,12.42,0.01,33,40986,买盘
216,09:48:07,12.42,0.0,6,7451,买盘
217,09:48:19,12.45,0.03,8,9960,买盘
218,09:48:22,12.45,0.0,36,44820,买盘
219,09:48:28,12.45,0.0,20,24900,卖盘
220,09:48:31,12.5,0.05,120,149966,买盘
221,09:48:37,12.5,0.0,1,1250,卖盘
222,09:48:43,12.5,0.0,1,1250,卖盘
223,09:48:46,12.5,0.0,42,52544,卖盘
224,09:48:49,12.48,-0.02,3,3744,卖盘
225,09:48:52,12.48,0.0,40,49920,卖盘
226,09:48:55,12.5,0.02,31,38750,买盘
227,09:48:58,12.48,-0.02,4,4992,卖盘
228,09:49:04,12.5,0.02,4,5000,买盘
229,09:49:07,12.48,-0.02,11,13730,卖盘
230,09:49:09,12.48,0.0,15,18720,卖盘
231,09:49:13,12.48,0.0,168,209664,卖盘
232,09:49:16,12.5,0.02,182,227462,买盘
233,09:49:19,12.5,0.0,20,25000,卖盘
234,09:49:22,12.48,-0.02,139,173686,卖盘
235,09:49:31,12.5,0.02,23,28750,买盘
236,09:49:34,12.5,0.0,42,52470,买盘
237,09:49:37,12.5,0.0,27,33750,买盘
238,09:49:42,12.48,-0.02,1,1248,卖盘
239,09:49:45,12.48,0.0,39,48672,卖盘
240,09:49:49,12.49,0.01,1,1249,买盘
241,09:49:52,12.48,-0.01,206,257450,卖盘
242,09:49:58,12.48,0.0,117,146016,买盘
243,09:50:04,12.45,-0.03,27,33615,卖盘
244,09:50:16,12.45,0.0,10,12450,卖盘
245,09:50:19,12.48,0.03,41,51168,买盘
246,09:50:22,12.46,-0.02,23,28658,中性盘
247,09:50:25,12.48,0.02,4,4992,买盘
248,09:50:37,12.46,-0.02,3,3738,卖盘
249,09:50:40,12.46,0.0,1,1246,卖盘
250,09:50:49,12.48,0.02,9,11225,买盘
251,09:51:01,12.48,0.0,24,29952,买盘
252,09:51:06,12.49,0.01,39,48681,买盘
253,09:51:22,12.49,0.0,26,32474,买盘
254,09:51:31,12.5,0.01,156,194970,买盘
255,09:51:37,12.49,-0.01,8,9992,买盘
256,09:51:49,12.5,0.01,2,2500,买盘
257,09:51:52,12.5,0.0,43,53750,买盘
258,09:51:54,12.5,0.0,24,30000,买盘
259,09:51:58,12.5,0.0,15,18750,卖盘
260,09:52:04,12.51,0.01,10,12510,买盘
261,09:52:06,12.51,0.0,2,2502,买盘
262,09:52:10,12.51,0.0,39,48780,买盘
263,09:52:13,12.51,0.0,4,5004,买盘
264,09:52:16,12.51,0.0,1,1251,买盘
265,09:52:19,12.5,-0.01,20,25000,卖盘
266,09:52:31,12.51,0.01,23,28773,买盘
267,09:52:33,12.51,0.0,3,3753,卖盘
268,09:52:43,12.54,0.03,17,21316,买盘
269,09:52:46,12.54,0.0,13,16302,卖盘
270,09:52:57,12.53,-0.01,17,21301,买盘
271,09:53:10,12.51,-0.02,150,187855,卖盘
272,09:53:13,12.53,0.02,10,12530,买盘
273,09:53:15,12.53,0.0,8,10021,买盘
274,09:53:19,12.51,-0.02,64,80070,卖盘
275,09:53:22,12.52,0.01,2,2504,买盘
276,09:53:25,12.54,0.02,74,92731,买盘
277,09:53:28,12.54,0.0,13,16302,卖盘
278,09:53:31,12.52,-0.02,200,250514,卖盘
279,09:53:42,12.55,0.03,5,6275,买盘
280,09:53:46,12.55,0.0,46,57705,买盘
281,09:54:01,12.55,0.0,15,18825,买盘
282,09:54:13,12.55,0.0,8,10040,卖盘
283,09:54:19,12.56,0.01,10,12560,买盘
284,09:54:21,12.56,0.0,10,12560,买盘
285,09:54:25,12.55,-0.01,2,2510,卖盘
286,09:54:28,12.56,0.01,46,57759,买盘
287,09:54:31,12.56,0.0,5,6280,买盘
288,09:54:34,12.56,0.0,6,7536,买盘
289,09:54:39,12.57,0.01,11,13827,买盘
290,09:54:46,12.57,0.0,81,101817,买盘
291,09:54:51,12.57,0.0,27,33939,卖盘
292,09:54:58,12.58,0.01,5,6290,买盘
293,09:55:01,12.57,-0.01,24,30170,卖盘
294,09:55:04,12.57,0.0,1,1257,买盘
295,09:55:07,12.6,0.03,21,26428,买盘
296,09:55:13,12.57,-0.03,3,3771,卖盘
297,09:55:25,12.6,0.03,7,8820,买盘
298,09:55:31,12.59,-0.01,10,12590,买盘
299,09:55:37,12.59,0.0,2,2518,买盘
300,09:55:46,12.59,0.0,2,2518,买盘
301,09:55:52,12.59,0.0,5,6295,买盘
302,09:55:54,12.58,-0.01,147,184961,卖盘
303,09:56:01,12.58,0.0,2,2516,买盘
304,09:56:10,12.58,0.0,54,67932,买盘
305,09:56:16,12.58,0.0,1,1258,卖盘
306,09:56:19,12.58,0.0,29,36482,卖盘
307,09:56:22,12.57,-0.01,3,3771,卖盘
308,09:56:37,12.57,0.0,20,25150,卖盘
309,09:56:40,12.57,0.0,5,6285,卖盘
310,09:56:43,12.57,0.0,29,36453,卖盘
311,09:56:49,12.59,0.02,134,168628,买盘
312,09:56:51,12.59,0.0,2,2518,卖盘
313,09:56:55,12.61,0.02,78,98266,买盘
314,09:56:58,12.61,0.0,1,1261,卖盘
315,09:57:01,12.62,0.01,1,1262,买盘
316,09:57:04,12.62,0.0,1,1262,买盘
317,09:57:07,12.62,0.0,10,12618,买盘
318,09:57:16,12.63,0.01,12,15156,买盘
319,09:57:22,12.63,0.0,2,2526,买盘
320,09:57:25,12.62,-0.01,1,1262,卖盘
321,09:57:28,12.64,0.02,36,45504,买盘
322,09:57:31,12.63,-0.01,3,3789,买盘
323,09:57:40,12.62,-0.01,21,26502,卖盘
324,09:57:43,12.6,-0.02,108,136374,卖盘
325,09:57:46,12.6,0.0,2,2520,买盘
326,09:57:55,12.6,0.0,1,1260,买盘
327,09:57:58,12.57,-0.03,142,178528,卖盘
328,09:58:16,12.57,0.0,10,12570,卖盘
329,09:58:19,12.57,0.0,1,1257,卖盘
330,09:58:34,12.58,0.01,2,2516,卖盘
331,09:58:52,12.59,0.01,22,27698,买盘
332,09:58:58,12.58,-0.01,10,12580,卖盘
333,09:59:01,12.59,0.01,1,1259,买盘
334,09:59:15,12.59,0.0,4,5036,买盘
335,09:59:25,12.6,0.01,10,12600,买盘
336,09:59:40,12.59,-0.01,7,8816,卖盘
337,09:59:46,12.6,0.01,45,56700,买盘
338,09:59:52,12.6,0.0,5,6300,买盘
339,09:59:58,12.6,0.0,16,20160,买盘
340,10:00:09,12.6,0.0,1,1260,卖盘
341,10:00:13,12.6,0.0,2,2520,卖盘
342,10:00:19,12.6,0.0,6,7560,买盘
343,10:00:31,12.59,-0.01,7,8813,卖盘
344,10:00:33,12.6,0.01,9,11340,买盘
345,10:00:40,12.59,-0.01,45,56655,卖盘
346,10:00:43,12.59,0.0,18,22662,卖盘
347,10:00:55,12.59,0.0,58,73022,卖盘
348,10:00:57,12.59,0.0,2,2518,卖盘
349,10:01:04,12.59,0.0,54,68030,卖盘
350,10:01:07,12.59,0.0,25,31475,卖盘
351,10:01:10,12.58,-0.01,9,11322,卖盘
352,10:01:22,12.58,0.0,7,8806,卖盘
353,10:01:25,12.57,-0.01,10,12570,卖盘
354,10:01:34,12.58,0.01,21,26398,买盘
355,10:01:37,12.57,-0.01,9,11313,卖盘
356,10:01:39,12.58,0.01,37,46524,买盘
357,10:01:42,12.58,0.0,36,45288,卖盘
358,10:01:46,12.58,0.0,17,21386,卖盘
359,10:01:55,12.58,0.0,29,36482,卖盘
360,10:02:04,12.58,0.0,1,1258,买盘
361,10:02:10,12.58,0.0,6,7548,卖盘
362,10:02:16,12.58,0.0,6,7548,卖盘
363,10:02:18,12.59,0.01,59,74263,买盘
364,10:02:31,12.57,-0.02,3,3771,卖盘
365,10:02:34,12.55,-0.02,50,62754,卖盘
366,10:02:39,12.55,0.0,20,25100,卖盘
367,10:02:54,12.52,-0.03,30,37582,卖盘
368,10:03:01,12.51,-0.01,4,5004,卖盘
369,10:03:04,12.51,0.0,1,1251,卖盘
370,10:03:07,12.51,0.0,10,12510,卖盘
371,10:03:13,12.5,-0.01,66,82546,卖盘
372,10:03:19,12.5,0.0,8,10000,卖盘
373,10:03:25,12.5,0.0,15,18750,卖盘
374,10:03:34,12.5,0.0,1,1250,卖盘
375,10:03:37,12.5,0.0,7,8750,卖盘
376,10:03:39,12.5,0.0,4,5000,卖盘
377,10:03:58,12.51,0.01,14,17514,卖盘
378,10:04:06,12.51,0.0,2,2502,卖盘
379,10:04:19,12.52,0.01,14,17528,卖盘
380,10:04:21,12.51,-0.01,30,37538,卖盘
381,10:04:40,12.55,0.04,21,26335,买盘
382,10:05:01,12.55,0.0,1,1255,卖盘
383,10:05:07,12.55,0.0,1,1255,卖盘
384,10:05:12,12.55,0.0,2,2510,卖盘
385,10:05:22,12.55,0.0,5,6275,卖盘
386,10:06:13,12.55,0.0,1,1255,卖盘
387,10:06:36,12.55,0.0,1,1255,买盘
388,10:06:55,12.52,-0.03,1,1252,卖盘
389,10:07:13,12.55,0.03,2,2509,买盘
390,10:07:16,12.52,-0.03,5,6260,卖盘
391,10:07:28,12.54,0.02,8,10032,卖盘
392,10:07:43,12.54,0.0,1,1254,买盘
393,10:07:48,12.54,0.0,1,1254,买盘
394,10:08:28,12.53,-0.01,12,15036,卖盘
395,10:08:33,12.54,0.01,15,18810,买盘
396,10:08:40,12.52,-0.02,21,26304,卖盘
397,10:09:04,12.53,0.01,2,2506,卖盘
398,10:09:07,12.53,0.0,17,21301,卖盘
399,10:09:34,12.54,0.01,10,12540,买盘
400,10:09:39,12.54,0.0,3,3762,卖盘
401,10:09:49,12.54,0.0,1,1254,卖盘
402,10:10:04,12.54,0.0,10,12540,买盘
403,10:10:19,12.54,0.0,19,23826,卖盘
404,10:10:34,12.54,0.0,1,1254,卖盘
405,10:10:46,12.55,0.01,17,21335,买盘
406,10:11:13,12.55,0.0,15,18825,卖盘
407,10:11:16,12.55,0.0,10,12559,卖盘
408,10:11:42,12.56,0.01,1,1256,买盘
409,10:11:46,12.56,0.0,15,18834,买盘
410,10:11:49,12.55,-0.01,10,12550,卖盘
411,10:12:04,12.58,0.03,49,61598,买盘
412,10:12:16,12.58,0.0,28,35224,买盘
413,10:12:22,12.58,0.0,21,26418,买盘
414,10:12:31,12.58,0.0,21,26418,买盘
415,10:12:34,12.6,0.02,114,143593,买盘
416,10:12:49,12.61,0.01,16,20176,买盘
417,10:12:55,12.61,0.0,138,174018,买盘
418,10:12:58,12.6,-0.01,11,13865,卖盘
419,10:13:01,12.61,0.01,10,12610,买盘
420,10:13:03,12.61,0.0,20,25220,买盘
421,10:13:13,12.61,0.0,7,8827,买盘
422,10:13:16,12.6,-0.01,5,6301,卖盘
423,10:13:22,12.62,0.02,89,112315,买盘
424,10:13:37,12.61,-0.01,3,3783,买盘
425,10:13:40,12.61,0.0,5,6305,买盘
426,10:13:46,12.61,0.0,12,15132,买盘
427,10:13:58,12.61,0.0,2,2522,卖盘
428,10:14:01,12.61,0.0,15,18915,卖盘
429,10:14:09,12.62,0.01,8,10096,买盘
430,10:14:19,12.61,-0.01,10,12610,卖盘
431,10:14:31,12.62,0.01,110,138820,买盘
432,10:14:33,12.61,-0.01,42,52962,卖盘
433,10:14:52,12.6,-0.01,10,12600,卖盘
434,10:14:55,12.6,0.0,172,217287,卖盘
435,10:15:01,12.6,0.0,53,66823,卖盘
436,10:15:04,12.6,0.0,11,13293,卖盘
437,10:15:18,12.6,0.0,119,149940,买盘
438,10:15:37,12.6,0.0,21,26450,买盘
439,10:15:48,12.6,0.0,6,7560,买盘
440,10:15:55,12.58,-0.02,1,1258,卖盘
441,10:16:04,12.6,0.02,5,6300,买盘
442,10:16:07,12.6,0.0,20,25200,买盘
443,10:16:25,12.59,-0.01,7,8813,买盘
444,10:16:28,12.6,0.01,20,25199,买盘
445,10:16:45,12.6,0.0,1,1260,买盘
446,10:16:52,12.61,0.01,120,151761,买盘
447,10:17:07,12.62,0.01,117,147654,买盘
448,10:17:22,12.64,0.02,30,37883,买盘
449,10:17:34,12.64,0.0,10,12640,买盘
450,10:17:37,12.62,-0.02,1,1262,卖盘
451,10:17:39,12.64,0.02,15,18960,买盘
452,10:17:49,12.64,0.0,1,1264,卖盘
453,10:17:52,12.65,0.01,156,197340,买盘
454,10:17:55,12.66,0.01,2,2532,买盘
455,10:17:58,12.66,0.0,1,1266,买盘
456,10:18:04,12.66,0.0,1,1266,买盘
457,10:18:07,12.66,0.0,4,5064,买盘
458,10:18:10,12.66,0.0,14,17724,买盘
459,10:18:16,12.66,0.0,56,70896,买盘
460,10:18:22,12.66,0.0,20,25320,卖盘
461,10:18:31,12.67,0.01,19,24052,买盘
462,10:18:34,12.65,-0.02,5,6325,卖盘
463,10:18:43,12.67,0.02,11,13919,买盘
464,10:18:46,12.66,-0.01,51,64609,卖盘
465,10:18:49,12.66,0.0,26,32916,卖盘
466,10:18:52,12.67,0.01,9,11401,买盘
467,10:19:01,12.68,0.01,35,44360,买盘
468,10:19:06,12.67,-0.01,6,7602,卖盘
469,10:19:13,12.68,0.01,1,1268,买盘
470,10:19:19,12.68,0.0,30,38040,买盘
471,10:19:21,12.68,0.0,12,15216,卖盘
472,10:19:25,12.69,0.01,51,64718,买盘
473,10:19:28,12.68,-0.01,10,12680,卖盘
474,10:19:37,12.7,0.02,1,1270,买盘
475,10:19:40,12.71,0.01,91,115582,买盘
476,10:19:43,12.72,0.01,1,1272,买盘
477,10:19:52,12.72,0.0,5,6360,买盘
478,10:19:55,12.72,0.0,19,24168,买盘
479,10:19:57,12.72,0.0,9,11449,卖盘
480,10:20:01,12.72,0.0,19,24173,卖盘
481,10:20:04,12.68,-0.04,130,165208,卖盘
482,10:20:10,12.73,0.05,88,111930,买盘
483,10:20:16,12.7,-0.03,12,15240,卖盘
484,10:20:18,12.72,0.02,50,63600,买盘
485,10:20:25,12.7,-0.02,13,16516,卖盘
486,10:20:31,12.71,0.01,28,35598,卖盘
487,10:20:34,12.71,0.0,78,99178,卖盘
488,10:20:37,12.72,0.01,60,76284,买盘
489,10:20:40,12.71,-0.01,17,21597,中性盘
490,10:20:45,12.71,0.0,8,10168,买盘
491,10:20:52,12.71,0.0,3,3811,买盘
492,10:20:55,12.72,0.01,60,76290,买盘
493,10:21:10,12.7,-0.02,1,1270,卖盘
494,10:21:13,12.7,0.0,17,21590,卖盘
495,10:21:16,12.7,0.0,10,12700,买盘
496,10:21:22,12.7,0.0,3,3810,买盘
497,10:21:25,12.7,0.0,7,8890,卖盘
498,10:21:28,12.7,0.0,9,11430,卖盘
499,10:21:46,12.66,-0.04,5,6330,卖盘
500,10:21:49,12.66,0.0,20,25320,卖盘
501,10:21:55,12.66,0.0,60,76050,卖盘
502,10:21:58,12.66,0.0,17,21522,卖盘
503,10:22:16,12.66,0.0,8,10128,卖盘
504,10:22:22,12.66,0.0,38,48108,卖盘
505,10:22:25,12.66,0.0,67,84822,买盘
506,10:22:34,12.65,-0.01,36,45573,卖盘
507,10:22:40,12.66,0.01,2,2532,中性盘
508,10:22:51,12.66,0.0,16,20256,买盘
509,10:22:58,12.67,0.01,22,27874,买盘
510,10:23:04,12.66,-0.01,13,16458,卖盘
511,10:23:10,12.67,0.01,16,20272,买盘
512,10:23:12,12.67,0.0,19,24073,买盘
513,10:23:15,12.66,-0.01,9,11394,卖盘
514,10:23:18,12.66,0.0,16,20256,卖盘
515,10:23:37,12.65,-0.01,3,3795,卖盘
516,10:23:42,12.66,0.01,4,5064,买盘
517,10:23:49,12.65,-0.01,8,10125,卖盘
518,10:23:52,12.66,0.01,21,26586,买盘
519,10:23:58,12.65,-0.01,54,68310,卖盘
520,10:24:06,12.66,0.01,58,73410,买盘
521,10:24:10,12.65,-0.01,10,12650,卖盘
522,10:24:13,12.65,0.0,10,12650,卖盘
523,10:24:21,12.66,0.01,3,3798,买盘
524,10:24:28,12.66,0.0,11,13926,买盘
525,10:24:34,12.66,0.0,11,13926,买盘
526,10:24:43,12.65,-0.01,3,3795,卖盘
527,10:24:46,12.65,0.0,80,101200,卖盘
528,10:24:51,12.65,0.0,1,1265,卖盘
529,10:25:04,12.65,0.0,2,2530,卖盘
530,10:25:10,12.66,0.01,6,7596,买盘
531,10:25:13,12.65,-0.01,74,93610,卖盘
532,10:25:28,12.66,0.01,124,156935,买盘
533,10:25:31,12.64,-0.02,10,12652,卖盘
534,10:25:36,12.65,0.01,23,29095,卖盘
535,10:25:52,12.65,0.0,3,3795,卖盘
536,10:26:01,12.67,0.02,50,63341,买盘
537,10:26:04,12.65,-0.02,3,3795,卖盘
538,10:26:10,12.66,0.01,1,1266,买盘
539,10:26:19,12.65,-0.01,9,11385,卖盘
540,10:26:34,12.65,0.0,10,12650,卖盘
541,10:26:37,12.64,-0.01,33,41742,卖盘
542,10:26:43,12.64,0.0,4,5056,卖盘
543,10:26:58,12.64,0.0,1,1264,卖盘
544,10:27:01,12.63,-0.01,8,10104,卖盘
545,10:27:04,12.63,0.0,51,64463,卖盘
546,10:27:07,12.63,0.0,2,2526,卖盘
547,10:27:10,12.64,0.01,36,45486,买盘
548,10:27:21,12.63,-0.01,3,3789,卖盘
549,10:27:31,12.63,0.0,115,145145,买盘
550,10:27:40,12.62,-0.01,1,1262,卖盘
551,10:27:46,12.62,0.0,4,5051,卖盘
552,10:27:58,12.61,-0.01,10,12610,卖盘
553,10:28:04,12.6,-0.01,220,277273,卖盘
554,10:28:07,12.6,0.0,1,1260,卖盘
555,10:28:13,12.6,0.0,2,2520,卖盘
556,10:28:22,12.6,0.0,5,6300,卖盘
557,10:28:28,12.61,0.01,41,51701,买盘
558,10:28:34,12.6,-0.01,88,110898,卖盘
559,10:28:43,12.6,0.0,2,2520,买盘
560,10:28:46,12.6,0.0,64,80640,买盘
561,10:28:49,12.6,0.0,9,11340,卖盘
562,10:28:52,12.6,0.0,91,114660,卖盘
563,10:29:04,12.59,-0.01,57,71763,卖盘
564,10:29:06,12.6,0.01,70,88200,买盘
565,10:29:10,12.59,-0.01,56,70512,卖盘
566,10:29:37,12.6,0.01,4,5038,买盘
567,10:29:46,12.6,0.0,21,26460,买盘
568,10:30:19,12.61,0.01,24,30264,买盘
569,10:30:24,12.6,-0.01,53,66796,卖盘
570,10:30:46,12.59,-0.01,3,3777,卖盘
571,10:30:52,12.59,0.0,59,74281,卖盘
572,10:30:55,12.6,0.01,4,5039,买盘
573,10:31:22,12.58,-0.02,32,40256,卖盘
574,10:31:28,12.58,0.0,10,12580,卖盘
575,10:31:46,12.58,0.0,10,12580,卖盘
576,10:31:55,12.58,0.0,10,12580,卖盘
577,10:31:57,12.58,0.0,10,12580,卖盘
578,10:32:04,12.57,-0.01,14,17598,卖盘
579,10:32:10,12.57,0.0,5,6285,买盘
580,10:32:30,12.56,-0.01,22,27632,卖盘
581,10:32:34,12.55,-0.01,1,1255,卖盘
582,10:32:37,12.55,0.0,51,64056,卖盘
583,10:32:40,12.54,-0.01,100,125490,卖盘
584,10:32:58,12.55,0.01,1,1255,卖盘
585,10:33:01,12.55,0.0,60,75300,卖盘
586,10:33:19,12.55,0.0,39,48945,卖盘
587,10:33:22,12.55,0.0,1,1255,买盘
588,10:33:40,12.55,0.0,23,28857,买盘
589,10:33:49,12.54,-0.01,19,23826,卖盘
590,10:33:57,12.54,0.0,1,1254,买盘
591,10:34:04,12.53,-0.01,10,12530,卖盘
592,10:34:07,12.53,0.0,6,7518,卖盘
593,10:34:13,12.53,0.0,5,6265,卖盘
594,10:34:21,12.53,0.0,12,15036,卖盘
595,10:34:25,12.53,0.0,9,11277,卖盘
596,10:34:55,12.53,0.0,5,6265,卖盘
597,10:35:01,12.54,0.01,16,20059,买盘
598,10:35:04,12.53,-0.01,30,37590,卖盘
599,10:35:07,12.53,0.0,8,10027,卖盘
600,10:35:34,12.53,0.0,10,12530,卖盘
601,10:35:37,12.53,0.0,3,3759,卖盘
602,10:35:43,12.51,-0.02,100,125144,卖盘
603,10:36:07,12.53,0.02,4,5012,买盘
604,10:36:10,12.51,-0.02,20,25052,卖盘
605,10:36:16,12.51,0.0,1,1251,卖盘
606,10:36:25,12.51,0.0,28,35033,卖盘
607,10:36:28,12.51,0.0,5,6255,卖盘
608,10:36:37,12.51,0.0,21,26271,卖盘
609,10:36:43,12.51,0.0,197,246447,卖盘
610,10:36:54,12.5,-0.01,13,16250,卖盘
611,10:36:58,12.5,0.0,9,11252,卖盘
612,10:37:01,12.5,0.0,9,11250,卖盘
613,10:37:04,12.5,0.0,146,182500,卖盘
614,10:37:10,12.5,0.0,9,11250,买盘
615,10:37:13,12.5,0.0,60,75000,买盘
616,10:37:18,12.49,-0.01,76,94924,卖盘
617,10:37:25,12.49,0.0,5,6245,买盘
618,10:37:34,12.5,0.01,1,1250,卖盘
619,10:37:40,12.49,-0.01,1,1249,买盘
620,10:37:46,12.49,0.0,1,1249,买盘
621,10:37:52,12.49,0.0,1,1249,买盘
622,10:37:55,12.49,0.0,14,17486,买盘
623,10:37:58,12.49,0.0,6,7494,买盘
624,10:38:01,12.5,0.01,2,2499,买盘
625,10:38:04,12.5,0.0,3,3750,买盘
626,10:38:06,12.48,-0.02,14,17485,卖盘
627,10:38:10,12.48,0.0,2,2496,买盘
628,10:38:16,12.48,0.0,1,1248,买盘
629,10:38:22,12.49,0.01,3,3747,买盘
630,10:38:28,12.49,0.0,3,3747,买盘
631,10:38:31,12.5,0.01,1,1250,买盘
632,10:38:34,12.5,0.0,1,1250,买盘
633,10:38:36,12.5,0.0,1,1250,买盘
634,10:38:40,12.51,0.01,1,1251,买盘
635,10:38:43,12.51,0.0,1,1251,买盘
636,10:38:46,12.51,0.0,1,1251,买盘
637,10:38:49,12.51,0.0,1,1251,买盘
638,10:38:52,12.51,0.0,1,1251,买盘
639,10:38:55,12.51,0.0,1,1251,买盘
640,10:38:58,12.51,0.0,4,5004,买盘
641,10:39:22,12.52,0.01,1,1252,卖盘
642,10:39:34,12.55,0.03,6,7530,买盘
643,10:39:42,12.55,0.0,44,55220,买盘
644,10:39:58,12.55,0.0,1,1255,买盘
645,10:40:15,12.55,0.0,21,26355,买盘
646,10:40:18,12.55,0.0,69,86595,买盘
647,10:40:34,12.55,0.0,3,3765,卖盘
648,10:40:42,12.56,0.01,6,7536,买盘
649,10:41:15,12.56,0.0,5,6280,买盘
650,10:41:18,12.56,0.0,98,123068,买盘
651,10:41:25,12.56,0.0,18,22608,买盘
652,10:41:31,12.55,-0.01,5,6275,卖盘
653,10:41:37,12.56,0.01,100,125600,买盘
654,10:41:40,12.56,0.0,27,33907,买盘
655,10:42:19,12.55,-0.01,17,21335,卖盘
656,10:42:58,12.54,-0.01,4,5016,卖盘
657,10:44:01,12.55,0.01,7,8785,买盘
658,10:44:13,12.56,0.01,3,3768,买盘
659,10:44:27,12.55,-0.01,10,12550,卖盘
660,10:44:33,12.56,0.01,14,17584,买盘
661,10:44:49,12.55,-0.01,45,56475,卖盘
662,10:44:52,12.55,0.0,1,1255,卖盘
663,10:45:19,12.53,-0.02,4,5013,卖盘
664,10:45:25,12.55,0.02,17,21335,买盘
665,10:45:27,12.52,-0.03,50,62638,卖盘
666,10:45:37,12.52,0.0,9,11277,卖盘
667,10:45:55,12.53,0.01,45,56385,买盘
668,10:46:00,12.53,0.0,10,12530,卖盘
669,10:46:13,12.53,0.0,4,5012,卖盘
670,10:46:18,12.53,0.0,41,51373,卖盘
671,10:46:31,12.53,0.0,18,22554,买盘
672,10:46:58,12.53,0.0,2,2506,卖盘
673,10:47:19,12.53,0.0,50,62650,买盘
674,10:47:24,12.52,-0.01,20,25040,卖盘
675,10:47:43,12.5,-0.02,74,92569,卖盘
676,10:48:04,12.47,-0.03,41,51152,卖盘
677,10:48:10,12.47,0.0,4,4988,买盘
678,10:48:28,12.49,0.02,1,1249,买盘
679,10:48:37,12.47,-0.02,2,2496,卖盘
680,10:48:40,12.49,0.02,1,1249,买盘
681,10:48:43,12.49,0.0,1,1249,买盘
682,10:48:46,12.49,0.0,1,1249,买盘
683,10:49:07,12.48,-0.01,1,1248,卖盘
684,10:49:09,12.49,0.01,32,39968,中性盘
685,10:49:36,12.48,-0.01,72,89924,卖盘
686,10:50:10,12.48,0.0,3,3744,买盘
687,10:50:16,12.47,-0.01,11,13718,卖盘
688,10:50:21,12.48,0.01,5,6240,买盘
689,10:50:28,12.48,0.0,13,16215,买盘
690,10:50:36,12.48,0.0,1,1248,买盘
691,10:50:42,12.48,0.0,7,8736,买盘
692,10:51:09,12.48,0.0,20,24960,买盘
693,10:51:15,12.47,-0.01,34,42405,卖盘
694,10:51:18,12.48,0.01,5,6240,买盘
695,10:51:22,12.47,-0.01,42,52376,卖盘
696,10:51:25,12.47,0.0,3,3741,买盘
697,10:51:31,12.47,0.0,3,3741,买盘
698,10:51:33,12.47,0.0,3,3741,买盘
699,10:51:37,12.47,0.0,10,12470,买盘
700,10:51:39,12.47,0.0,1,1247,中性盘
701,10:51:43,12.48,0.01,9,11228,买盘
702,10:51:49,12.48,0.0,12,14976,买盘
703,10:51:52,12.46,-0.02,3,3740,卖盘
704,10:51:54,12.48,0.02,1,1248,买盘
705,10:51:57,12.47,-0.01,1,1247,中性盘
706,10:52:01,12.46,-0.01,3,3739,卖盘
707,10:52:04,12.47,0.01,10,12470,买盘
708,10:52:07,12.47,0.0,6,7482,买盘
709,10:52:13,12.47,0.0,1,1247,买盘
710,10:52:15,12.46,-0.01,189,235494,卖盘
711,10:52:19,12.46,0.0,6,7476,买盘
712,10:52:31,12.45,-0.01,180,224100,卖盘
713,10:52:36,12.45,0.0,124,154480,卖盘
714,10:52:39,12.46,0.01,57,71015,买盘
715,10:52:42,12.45,-0.01,62,77205,卖盘
716,10:52:45,12.45,0.0,13,16193,卖盘
717,10:52:48,12.46,0.01,12,14942,买盘
718,10:52:51,12.46,0.0,14,17444,买盘
719,10:52:54,12.45,-0.01,163,202967,卖盘
720,10:52:57,12.45,0.0,1,1245,买盘
721,10:53:01,12.45,0.0,10,12450,买盘
722,10:53:04,12.45,0.0,1,1245,买盘
723,10:53:06,12.45,0.0,7,8715,买盘
724,10:53:09,12.45,0.0,2,2490,买盘
725,10:53:16,12.45,0.0,16,19920,买盘
726,10:53:21,12.46,0.01,16,19936,买盘
727,10:53:24,12.46,0.0,12,14952,买盘
728,10:53:28,12.46,0.0,12,14952,买盘
729,10:53:31,12.45,-0.01,96,119532,卖盘
730,10:53:34,12.45,0.0,7,8715,买盘
731,10:53:37,12.45,0.0,15,18675,买盘
732,10:53:40,12.45,0.0,14,17430,买盘
733,10:53:42,12.45,0.0,3,3735,买盘
734,10:53:52,12.45,0.0,10,12450,买盘
735,10:54:06,12.43,-0.02,27,33561,卖盘
736,10:54:24,12.45,0.02,50,62250,买盘
737,10:54:30,12.43,-0.02,27,33575,卖盘
738,10:54:40,12.45,0.02,5,6222,买盘
739,10:54:45,12.44,-0.01,10,12440,卖盘
740,10:54:57,12.44,0.0,50,62200,卖盘
741,10:55:01,12.44,0.0,33,41052,卖盘
742,10:55:13,12.43,-0.01,9,11187,卖盘
743,10:55:18,12.44,0.01,1,1244,买盘
744,10:55:42,12.45,0.01,2,2490,买盘
745,10:55:55,12.45,0.0,24,29880,买盘
746,10:56:19,12.45,0.0,20,24900,卖盘
747,10:56:28,12.44,-0.01,3,3734,卖盘
748,10:56:31,12.45,0.01,5,6225,买盘
749,10:56:37,12.43,-0.02,55,68389,卖盘
750,10:56:52,12.43,0.0,26,32318,卖盘
751,10:57:00,12.44,0.01,5,6220,买盘
752,10:57:06,12.43,-0.01,129,160347,卖盘
753,10:57:16,12.43,0.0,6,7458,买盘
754,10:57:19,12.43,0.0,6,7457,买盘
755,10:57:22,12.43,0.0,5,6215,买盘
756,10:57:25,12.42,-0.01,5,6210,卖盘
757,10:57:28,12.43,0.01,6,7458,买盘
758,10:57:31,12.42,-0.01,20,24841,卖盘
759,10:57:40,12.43,0.01,12,14916,买盘
760,10:57:52,12.42,-0.01,21,26083,卖盘
761,10:58:13,12.42,0.0,36,44712,卖盘
762,10:58:18,12.45,0.03,7,8707,买盘
763,10:58:40,12.52,0.07,2,2504,买盘
764,10:58:49,12.52,0.0,7,8764,买盘
765,10:59:07,12.46,-0.06,6,7476,卖盘
766,11:00:00,12.5,0.04,1,1250,卖盘
767,11:01:01,12.52,0.02,37,46324,买盘
768,11:01:13,12.55,0.03,35,43925,买盘
769,11:01:34,12.55,0.0,11,13802,买盘
770,11:01:40,12.55,0.0,20,25100,卖盘
771,11:01:58,12.56,0.01,5,6280,买盘
772,11:02:04,12.56,0.0,49,61544,买盘
773,11:02:52,12.54,-0.02,14,17556,买盘
774,11:02:58,12.55,0.01,16,20080,卖盘
775,11:03:10,12.56,0.01,14,17584,买盘
776,11:03:16,12.55,-0.01,5,6275,卖盘
777,11:03:21,12.55,0.0,18,22590,买盘
778,11:03:37,12.55,0.0,32,40160,买盘
779,11:03:57,12.53,-0.02,4,5012,卖盘
780,11:04:03,12.53,0.0,11,13783,卖盘
781,11:04:16,12.54,0.01,62,77709,买盘
782,11:04:22,12.54,0.0,32,40128,买盘
783,11:04:31,12.54,0.0,5,6270,卖盘
784,11:04:43,12.54,0.0,20,25080,卖盘
785,11:04:49,12.55,0.01,192,240960,买盘
786,11:05:12,12.56,0.01,5,6280,买盘
787,11:05:25,12.55,-0.01,18,22590,卖盘
788,11:05:31,12.56,0.01,5,6280,买盘
789,11:06:01,12.56,0.0,90,113040,买盘
790,11:06:24,12.57,0.01,9,11313,买盘
791,11:06:33,12.55,-0.02,50,62760,卖盘
792,11:06:37,12.58,0.03,109,137002,买盘
793,11:07:04,12.57,-0.01,5,6285,卖盘
794,11:07:10,12.57,0.0,4,5028,买盘
795,11:07:18,12.55,-0.02,52,65260,卖盘
796,11:07:25,12.57,0.02,8,10056,买盘
797,11:07:33,12.55,-0.02,1,1255,卖盘
798,11:08:10,12.57,0.02,9,11313,买盘
799,11:08:21,12.57,0.0,6,7542,卖盘
800,11:08:37,12.55,-0.02,17,21335,卖盘
801,11:09:01,12.57,0.02,9,11313,买盘
802,11:09:16,12.58,0.01,1,1258,买盘
803,11:09:46,12.58,0.0,58,72964,买盘
804,11:09:48,12.58,0.0,1,1258,买盘
805,11:09:55,12.58,0.0,21,26418,买盘
806,11:09:57,12.58,0.0,10,12580,买盘
807,11:10:00,12.57,-0.01,2,2514,卖盘
808,11:10:25,12.55,-0.02,15,18825,卖盘
809,11:10:51,12.57,0.02,5,6285,买盘
810,11:11:00,12.57,0.0,10,12570,卖盘
811,11:11:06,12.57,0.0,12,15084,卖盘
812,11:11:12,12.58,0.01,77,96839,买盘
813,11:11:18,12.58,0.0,32,40256,卖盘
814,11:11:24,12.58,0.0,10,12580,卖盘
815,11:11:30,12.59,0.01,119,149821,买盘
816,11:11:55,12.59,0.0,5,6295,卖盘
817,11:12:13,12.6,0.01,19,23940,买盘
818,11:12:19,12.6,0.0,172,216719,买盘
819,11:12:33,12.61,0.01,134,168930,买盘
820,11:12:40,12.61,0.0,100,126100,卖盘
821,11:12:48,12.62,0.01,200,252380,买盘
822,11:12:58,12.59,-0.03,93,117087,卖盘
823,11:13:01,12.6,0.01,137,172582,买盘
824,11:13:04,12.6,0.0,33,41580,卖盘
825,11:13:36,12.6,0.0,1,1260,卖盘
826,11:14:00,12.61,0.01,20,25220,买盘
827,11:14:04,12.61,0.0,98,123578,卖盘
828,11:14:18,12.62,0.01,97,122414,买盘
829,11:14:30,12.63,0.01,1,1263,买盘
830,11:14:57,12.63,0.0,5,6315,买盘
831,11:15:16,12.62,-0.01,103,129986,卖盘
832,11:15:24,12.63,0.01,62,78283,买盘
833,11:15:27,12.6,-0.03,100,126082,卖盘
834,11:15:34,12.62,0.02,13,16406,卖盘
835,11:15:39,12.63,0.01,100,126288,买盘
836,11:15:54,12.6,-0.03,5,6300,卖盘
837,11:16:04,12.61,0.01,5,6305,卖盘
838,11:16:10,12.62,0.01,52,65624,买盘
839,11:16:13,12.62,0.0,10,12620,卖盘
840,11:16:25,12.62,0.0,40,50480,卖盘
841,11:16:27,12.62,0.0,108,136306,卖盘
842,11:16:45,12.61,-0.01,10,12610,卖盘
843,11:17:04,12.62,0.01,3,3786,买盘
844,11:17:06,12.61,-0.01,2,2522,卖盘
845,11:17:13,12.62,0.01,1,1262,买盘
846,11:17:18,12.62,0.0,31,39122,买盘
847,11:17:34,12.63,0.01,10,12630,买盘
848,11:17:40,12.63,0.0,7,8841,买盘
849,11:18:01,12.63,0.0,42,53046,买盘
850,11:18:06,12.63,0.0,119,150297,卖盘
851,11:18:12,12.64,0.01,84,106176,买盘
852,11:18:19,12.63,-0.01,15,18945,卖盘
853,11:18:22,12.64,0.01,116,146624,买盘
854,11:18:34,12.65,0.01,12,15180,买盘
855,11:18:48,12.65,0.0,111,140415,买盘
856,11:18:52,12.65,0.0,24,30373,卖盘
857,11:19:04,12.66,0.01,15,18990,买盘
858,11:19:13,12.66,0.0,10,12660,买盘
859,11:19:22,12.66,0.0,81,102546,买盘
860,11:19:31,12.65,-0.01,10,12650,卖盘
861,11:19:34,12.64,-0.01,60,75907,卖盘
862,11:19:49,12.66,0.02,204,257966,买盘
863,11:20:16,12.65,-0.01,1,1265,买盘
864,11:20:24,12.65,0.0,40,50620,卖盘
865,11:20:27,12.65,0.0,43,54436,卖盘
866,11:20:34,12.66,0.01,184,232924,买盘
867,11:20:37,12.66,0.0,100,126600,买盘
868,11:20:43,12.65,-0.01,15,18975,卖盘
869,11:20:46,12.66,0.01,3,3798,买盘
870,11:20:48,12.66,0.0,14,17724,卖盘
871,11:20:51,12.66,0.0,3,3798,卖盘
872,11:21:06,12.67,0.01,151,191317,买盘
873,11:21:10,12.66,-0.01,5,6330,卖盘
874,11:21:13,12.66,0.0,10,12660,卖盘
875,11:21:25,12.66,0.0,3,3798,卖盘
876,11:21:28,12.67,0.01,5,6335,买盘
877,11:21:40,12.68,0.01,78,98886,买盘
878,11:21:43,12.69,0.01,118,149742,买盘
879,11:21:54,12.68,-0.01,11,13948,卖盘
880,11:22:07,12.69,0.01,37,46953,买盘
881,11:22:25,12.69,0.0,4,5076,卖盘
882,11:22:34,12.7,0.01,224,284480,买盘
883,11:22:36,12.69,-0.01,30,38070,卖盘
884,11:22:40,12.7,0.01,178,226060,买盘
885,11:22:45,12.69,-0.01,24,30462,卖盘
886,11:22:54,12.71,0.02,15,19055,买盘
887,11:23:12,12.71,0.0,83,105493,买盘
888,11:23:16,12.71,0.0,254,322665,卖盘
889,11:23:22,12.73,0.02,299,380300,买盘
890,11:23:25,12.71,-0.02,10,12710,卖盘
891,11:23:28,12.71,0.0,7,8897,卖盘
892,11:23:31,12.71,0.0,51,64859,卖盘
893,11:23:34,12.72,0.01,11,13992,中性盘
894,11:23:36,12.73,0.01,26,33098,买盘
895,11:23:39,12.72,-0.01,8,10176,卖盘
896,11:23:43,12.72,0.0,50,63621,卖盘
897,11:23:46,12.72,0.0,29,36888,卖盘
898,11:23:48,12.73,0.01,92,117114,买盘
899,11:23:51,12.74,0.01,158,201289,买盘
900,11:24:01,12.74,0.0,5,6372,卖盘
901,11:24:06,12.75,0.01,24,30595,买盘
902,11:24:09,12.74,-0.01,28,35672,卖盘
903,11:24:13,12.74,0.0,8,10199,卖盘
904,11:24:16,12.74,0.0,7,8918,卖盘
905,11:24:21,12.74,0.0,62,78994,卖盘
906,11:24:24,12.74,0.0,9,11466,卖盘
907,11:24:30,12.73,-0.01,1,1273,卖盘
908,11:24:33,12.73,0.0,122,155306,卖盘
909,11:24:46,12.73,0.0,55,70015,卖盘
910,11:24:52,12.73,0.0,5,6365,卖盘
911,11:24:54,12.73,0.0,1,1273,卖盘
912,11:24:57,12.73,0.0,24,30552,卖盘
913,11:25:01,12.73,0.0,38,48374,卖盘
914,11:25:04,12.73,0.0,10,12730,卖盘
915,11:25:13,12.73,0.0,81,103113,卖盘
916,11:25:16,12.75,0.02,304,387269,买盘
917,11:25:28,12.73,-0.02,2,2546,买盘
918,11:25:31,12.73,0.0,29,36917,买盘
919,11:25:34,12.75,0.02,29,36941,买盘
920,11:26:03,12.73,-0.02,2,2546,卖盘
921,11:26:10,12.73,0.0,5,6365,卖盘
922,11:26:13,12.74,0.01,34,43316,买盘
923,11:26:16,12.73,-0.01,5,6365,卖盘
924,11:26:22,12.74,0.01,40,50960,买盘
925,11:26:31,12.73,-0.01,4,5092,卖盘
926,11:26:34,12.73,0.0,10,12730,卖盘
927,11:26:39,12.73,0.0,22,28006,卖盘
928,11:26:48,12.73,0.0,36,45828,卖盘
929,11:26:54,12.74,0.01,10,12734,买盘
930,11:26:58,12.73,-0.01,30,38177,中性盘
931,11:27:01,12.73,0.0,5,6365,卖盘
932,11:27:04,12.73,0.0,8,10184,卖盘
933,11:27:10,12.73,0.0,15,19095,卖盘
934,11:27:13,12.75,0.02,74,94306,买盘
935,11:27:25,12.75,0.0,149,189967,买盘
936,11:27:28,12.75,0.0,1,1275,卖盘
937,11:27:33,12.75,0.0,10,12750,卖盘
938,11:27:36,12.76,0.01,28,35728,买盘
939,11:27:39,12.76,0.0,20,25520,买盘
940,11:27:46,12.76,0.0,98,125008,买盘
941,11:27:49,12.76,0.0,73,93148,卖盘
942,11:27:55,12.76,0.0,12,15312,卖盘
943,11:27:57,12.76,0.0,20,25520,卖盘
944,11:28:01,12.76,0.0,3,3828,卖盘
945,11:28:03,12.77,0.01,175,223475,买盘
946,11:28:06,12.77,0.0,10,12770,卖盘
947,11:28:16,12.78,0.01,5,6390,买盘
948,11:28:19,12.78,0.0,90,115020,买盘
949,11:28:22,12.78,0.0,72,92011,买盘
950,11:28:25,12.78,0.0,77,98406,卖盘
951,11:28:28,12.78,0.0,82,104786,买盘
952,11:28:31,12.77,-0.01,5,6385,卖盘
953,11:28:34,12.78,0.01,53,67734,买盘
954,11:28:37,12.78,0.0,10,12780,卖盘
955,11:28:42,12.79,0.01,100,127890,买盘
956,11:28:46,12.78,-0.01,5,6390,卖盘
957,11:28:48,12.78,0.0,17,21728,卖盘
958,11:28:51,12.79,0.01,1,1279,买盘
959,11:28:54,12.79,0.0,5,6395,买盘
960,11:28:58,12.78,-0.01,181,231547,卖盘
961,11:29:01,12.78,0.0,51,65178,卖盘
962,11:29:06,12.8,0.02,68,86928,买盘
963,11:29:15,12.8,0.0,9,11506,买盘
964,11:29:21,12.79,-0.01,1,1279,卖盘
965,11:29:27,12.8,0.01,7,8960,买盘
966,11:29:34,12.8,0.0,8,10240,买盘
967,11:29:37,12.79,-0.01,3,3837,卖盘
968,11:29:43,12.79,0.0,7,8953,买盘
969,11:29:45,12.8,0.01,88,112639,买盘
970,11:29:55,12.81,0.01,128,163966,买盘
971,11:29:58,12.81,0.0,4,5124,卖盘
972,11:30:04,12.82,0.01,1,1282,买盘
973,13:00:04,12.82,0.0,1021,1315583,买盘
974,13:00:07,12.85,0.03,400,513369,买盘
975,13:00:10,12.98,0.13,261,336054,买盘
976,13:00:13,12.84,-0.14,5,6420,卖盘
977,13:00:18,12.99,0.15,400,519391,买盘
978,13:00:21,12.99,0.0,55,71445,买盘
979,13:00:24,12.99,0.0,47,61053,买盘
980,13:00:27,12.98,-0.01,100,129800,卖盘
981,13:00:30,12.98,0.0,16,20768,卖盘
982,13:00:33,12.98,0.0,2,2596,卖盘
983,13:00:36,12.98,0.0,26,33748,中性盘
984,13:00:39,12.98,0.0,8,10384,买盘
985,13:00:42,12.98,0.0,1,1298,买盘
986,13:00:48,12.97,-0.01,4,5188,卖盘
987,13:00:51,12.97,0.0,94,121939,买盘
988,13:00:54,12.95,-0.02,1,1295,买盘
989,13:00:57,12.95,0.0,9,11655,买盘
990,13:01:04,12.97,0.02,20,25940,买盘
991,13:01:10,12.97,0.0,40,51862,买盘
992,13:01:13,12.95,-0.02,26,33670,卖盘
993,13:01:15,12.95,0.0,2,2590,买盘
994,13:01:27,12.93,-0.02,1,1293,买盘
995,13:01:39,12.86,-0.07,3,3859,卖盘
996,13:01:42,12.9,0.04,3,3870,买盘
997,13:01:48,12.86,-0.04,2,2572,卖盘
998,13:01:51,12.86,0.0,5,6430,卖盘
999,13:01:54,12.91,0.05,8,10328,买盘
1000,13:01:58,12.91,0.0,10,12910,卖盘
1001,13:02:01,12.91,0.0,4,5164,卖盘
1002,13:02:04,12.9,-0.01,24,30979,卖盘
1003,13:02:06,12.9,0.0,7,9034,卖盘
1004,13:02:09,12.91,0.01,4,5164,买盘
1005,13:02:13,12.9,-0.01,3,3870,卖盘
1006,13:02:15,12.9,0.0,13,16770,买盘
1007,13:02:19,12.9,0.0,50,64500,买盘
1008,13:02:22,12.87,-0.03,4,5148,卖盘
1009,13:02:24,12.85,-0.02,81,104138,卖盘
1010,13:02:27,12.85,0.0,77,99067,卖盘
1011,13:02:30,12.85,0.0,20,25700,买盘
1012,13:02:37,12.86,0.01,13,16715,买盘
1013,13:02:40,12.85,-0.01,89,114415,卖盘
1014,13:02:43,12.85,0.0,15,19275,买盘
1015,13:02:45,12.82,-0.03,209,268192,卖盘
1016,13:03:00,12.85,0.03,26,33410,卖盘
1017,13:03:04,12.82,-0.03,200,256406,卖盘
1018,13:03:10,12.85,0.03,85,109225,卖盘
1019,13:03:12,12.83,-0.02,1,1283,卖盘
1020,13:03:33,12.83,0.0,2,2566,买盘
1021,13:03:39,12.83,0.0,103,131943,买盘
1022,13:03:42,12.83,0.0,2,2566,卖盘
1023,13:03:45,12.83,0.0,5,6415,卖盘
1024,13:03:51,12.82,-0.01,49,62859,卖盘
1025,13:04:09,12.8,-0.02,19,24320,卖盘
1026,13:04:15,12.8,0.0,17,21760,买盘
1027,13:04:18,12.8,0.0,13,16640,买盘
1028,13:04:21,12.8,0.0,15,19200,买盘
1029,13:04:27,12.78,-0.02,5,6390,卖盘
1030,13:04:34,12.78,0.0,17,21726,卖盘
1031,13:04:40,12.76,-0.02,5,6380,卖盘
1032,13:04:42,12.78,0.02,20,25560,买盘
1033,13:04:45,12.76,-0.02,1,1276,卖盘
1034,13:04:48,12.76,0.0,6,7656,买盘
1035,13:04:54,12.76,0.0,5,6380,卖盘
1036,13:04:57,12.73,-0.03,217,276458,卖盘
1037,13:05:00,12.76,0.03,4,5095,买盘
1038,13:05:06,12.75,-0.01,1,1275,卖盘
1039,13:05:16,12.75,0.0,9,11475,买盘
1040,13:05:48,12.78,0.03,65,82947,买盘
1041,13:06:01,12.75,-0.03,50,63751,卖盘
1042,13:06:04,12.78,0.03,5,6390,买盘
1043,13:06:07,12.75,-0.03,57,72681,卖盘
1044,13:06:13,12.75,0.0,6,7650,买盘
1045,13:06:16,12.73,-0.02,50,63660,卖盘
1046,13:06:24,12.74,0.01,52,66248,卖盘
1047,13:06:27,12.74,0.0,10,12740,卖盘
1048,13:06:31,12.73,-0.01,50,63688,卖盘
1049,13:06:34,12.75,0.02,12,15300,买盘
1050,13:06:36,12.75,0.0,24,30595,买盘
1051,13:06:40,12.73,-0.02,50,63748,卖盘
1052,13:06:46,12.75,0.02,6,7650,买盘
1053,13:06:54,12.75,0.0,24,30660,卖盘
1054,13:06:57,12.71,-0.04,180,229114,卖盘
1055,13:07:00,12.75,0.04,1,1275,买盘
1056,13:07:04,12.71,-0.04,124,158026,卖盘
1057,13:07:09,12.75,0.04,33,41971,买盘
1058,13:07:24,12.75,0.0,1,1275,买盘
1059,13:07:57,12.73,-0.02,10,12730,卖盘
1060,13:08:00,12.74,0.01,6,7644,买盘
1061,13:08:16,12.73,-0.01,44,56013,卖盘
1062,13:08:24,12.71,-0.02,10,12710,卖盘
1063,13:08:33,12.7,-0.01,42,53340,卖盘
1064,13:09:19,12.7,0.0,100,127000,买盘
1065,13:09:30,12.7,0.0,28,35560,买盘
1066,13:09:37,12.69,-0.01,21,26649,卖盘
1067,13:09:39,12.69,0.0,117,148473,买盘
1068,13:09:54,12.69,0.0,10,12690,买盘
1069,13:10:01,12.68,-0.01,20,25360,卖盘
1070,13:10:13,12.68,0.0,6,7608,卖盘
1071,13:10:33,12.69,0.01,6,7614,买盘
1072,13:10:55,12.69,0.0,107,135642,买盘
1073,13:11:01,12.69,0.0,1,1269,买盘
1074,13:11:04,12.69,0.0,8,10152,买盘
1075,13:11:07,12.69,0.0,10,12690,卖盘
1076,13:11:18,12.7,0.01,6,7620,买盘
1077,13:11:31,12.7,0.0,14,17780,买盘
1078,13:11:36,12.7,0.0,11,13970,买盘
1079,13:12:00,12.73,0.03,51,64773,买盘
1080,13:12:13,12.7,-0.03,3,3810,卖盘
1081,13:12:15,12.7,0.0,55,69850,卖盘
1082,13:12:24,12.7,0.0,3,3810,卖盘
1083,13:12:46,12.7,0.0,1,1270,卖盘
1084,13:12:49,12.7,0.0,14,17780,卖盘
1085,13:12:51,12.69,-0.01,78,98982,卖盘
1086,13:12:54,12.7,0.01,2,2540,买盘
1087,13:13:04,12.7,0.0,8,10160,买盘
1088,13:13:06,12.69,-0.01,100,126900,卖盘
1089,13:13:13,12.69,0.0,9,11421,卖盘
1090,13:13:45,12.67,-0.02,10,12670,卖盘
1091,13:13:58,12.67,0.0,51,64623,卖盘
1092,13:14:18,12.65,-0.02,107,135393,卖盘
1093,13:14:37,12.65,0.0,20,25300,卖盘
1094,13:14:43,12.69,0.04,9,11421,买盘
1095,13:14:46,12.69,0.0,1,1269,买盘
1096,13:15:04,12.68,-0.01,32,40576,买盘
1097,13:15:18,12.65,-0.03,5,6325,卖盘
1098,13:15:42,12.66,0.01,60,75980,中性盘
1099,13:15:58,12.67,0.01,28,35476,买盘
1100,13:16:06,12.67,0.0,5,6335,卖盘
1101,13:16:24,12.67,0.0,13,16471,卖盘
1102,13:16:33,12.66,-0.01,50,63300,卖盘
1103,13:16:36,12.66,0.0,2,2532,卖盘
1104,13:16:39,12.66,0.0,20,25320,买盘
1105,13:16:43,12.66,0.0,80,101230,买盘
1106,13:16:48,12.65,-0.01,11,13915,卖盘
1107,13:16:51,12.64,-0.01,6,7584,卖盘
1108,13:17:04,12.64,0.0,8,10112,卖盘
1109,13:17:18,12.65,0.01,2,2530,买盘
1110,13:17:21,12.65,0.0,6,7590,买盘
1111,13:17:25,12.64,-0.01,3,3792,卖盘
1112,13:17:34,12.65,0.01,10,12641,买盘
1113,13:17:45,12.65,0.0,10,12650,买盘
1114,13:17:48,12.65,0.0,1,1265,买盘
1115,13:17:52,12.65,0.0,34,43010,买盘
1116,13:18:04,12.64,-0.01,9,11377,卖盘
1117,13:18:21,12.65,0.01,3,3795,买盘
1118,13:18:42,12.65,0.0,3,3795,买盘
1119,13:18:54,12.65,0.0,44,55660,买盘
1120,13:19:18,12.66,0.01,35,44310,买盘
1121,13:19:28,12.66,0.0,2,2532,买盘
1122,13:20:12,12.67,0.01,5,6335,买盘
1123,13:20:22,12.66,-0.01,28,35448,卖盘
1124,13:20:31,12.65,-0.01,50,63250,卖盘
1125,13:20:49,12.66,0.01,15,18990,买盘
1126,13:21:04,12.66,0.0,7,8862,买盘
1127,13:21:06,12.65,-0.01,44,55661,卖盘
1128,13:21:28,12.65,0.0,13,16445,卖盘
1129,13:21:33,12.65,0.0,5,6325,卖盘
1130,13:21:46,12.66,0.01,20,25320,买盘
1131,13:21:49,12.66,0.0,10,12660,买盘
1132,13:21:58,12.66,0.0,11,13926,买盘
1133,13:22:04,12.66,0.0,2,2532,买盘
1134,13:22:13,12.65,-0.01,10,12650,卖盘
1135,13:22:16,12.65,0.0,10,12650,卖盘
1136,13:22:36,12.65,0.0,12,15180,卖盘
1137,13:22:39,12.65,0.0,4,5060,卖盘
1138,13:22:52,12.66,0.01,20,25320,买盘
1139,13:22:58,12.64,-0.02,65,82175,卖盘
1140,13:23:16,12.64,0.0,4,5056,卖盘
1141,13:23:19,12.62,-0.02,442,557996,卖盘
1142,13:23:21,12.62,0.0,100,126200,卖盘
1143,13:23:25,12.63,0.01,55,69415,中性盘
1144,13:23:28,12.62,-0.01,8,10096,卖盘
1145,13:23:33,12.62,0.0,50,63100,卖盘
1146,13:23:36,12.62,0.0,50,63100,卖盘
1147,13:23:46,12.62,0.0,42,53004,卖盘
1148,13:24:12,12.62,0.0,7,8834,买盘
1149,13:24:31,12.61,-0.01,4,5044,卖盘
1150,13:24:42,12.6,-0.01,19,23955,卖盘
1151,13:24:48,12.6,0.0,2,2520,卖盘
1152,13:25:01,12.6,0.0,30,37800,卖盘
1153,13:25:07,12.6,0.0,3,3780,卖盘
1154,13:25:18,12.61,0.01,41,51701,买盘
1155,13:25:31,12.61,0.0,43,54223,卖盘
1156,13:25:34,12.61,0.0,22,27742,卖盘
1157,13:25:45,12.6,-0.01,1,1260,卖盘
1158,13:26:09,12.62,0.02,50,63072,买盘
1159,13:27:00,12.62,0.0,4,5048,买盘
1160,13:27:24,12.62,0.0,19,23978,卖盘
1161,13:27:40,12.64,0.02,11,13904,买盘
1162,13:27:43,12.64,0.0,11,13904,买盘
1163,13:27:52,12.64,0.0,5,6320,买盘
1164,13:28:30,12.64,0.0,4,5056,买盘
1165,13:28:36,12.64,0.0,12,15168,买盘
1166,13:29:00,12.63,-0.01,10,12630,卖盘
1167,13:29:10,12.62,-0.01,15,18930,卖盘
1168,13:29:30,12.61,-0.01,11,13871,卖盘
1169,13:30:04,12.61,0.0,50,63050,卖盘
1170,13:30:06,12.62,0.01,7,8834,买盘
1171,13:30:13,12.6,-0.02,100,126068,卖盘
1172,13:30:16,12.62,0.02,3,3786,买盘
1173,13:30:21,12.62,0.0,7,8834,卖盘
1174,13:30:31,12.6,-0.02,1,1260,卖盘
1175,13:31:00,12.61,0.01,17,21437,买盘
1176,13:31:04,12.6,-0.01,10,12600,卖盘
1177,13:31:22,12.6,0.0,3,3780,卖盘
1178,13:31:39,12.62,0.02,5,6310,买盘
1179,13:31:45,12.61,-0.01,2,2522,卖盘
1180,13:31:55,12.61,0.0,52,65530,卖盘
1181,13:32:06,12.6,-0.01,39,49140,卖盘
1182,13:32:25,12.6,0.0,15,18896,买盘
1183,13:32:31,12.59,-0.01,7,8813,卖盘
1184,13:32:37,12.6,0.01,12,15120,买盘
1185,13:33:10,12.58,-0.02,2,2516,卖盘
1186,13:33:15,12.6,0.02,4,5040,买盘
1187,13:33:28,12.61,0.01,13,16393,买盘
1188,13:33:33,12.61,0.0,35,44135,买盘
1189,13:33:48,12.61,0.0,5,6305,买盘
1190,13:33:57,12.61,0.0,5,6305,买盘
1191,13:34:00,12.61,0.0,40,50440,买盘
1192,13:34:16,12.62,0.01,20,25240,买盘
1193,13:35:01,12.62,0.0,18,22716,买盘
1194,13:35:09,12.62,0.0,50,63100,卖盘
1195,13:36:00,12.6,-0.02,100,126048,卖盘
1196,13:36:09,12.6,0.0,5,6300,卖盘
1197,13:36:31,12.6,0.0,47,59220,卖盘
1198,13:36:34,12.59,-0.01,5,6295,卖盘
1199,13:36:46,12.58,-0.01,51,64177,卖盘
1200,13:36:58,12.58,0.0,50,62900,卖盘
1201,13:37:04,12.58,0.0,34,42772,卖盘
1202,13:37:13,12.58,0.0,5,6290,卖盘
1203,13:37:27,12.58,0.0,2,2516,卖盘
1204,13:37:58,12.58,0.0,50,62900,卖盘
1205,13:38:07,12.59,0.01,12,15108,买盘
1206,13:38:16,12.59,0.0,8,10072,买盘
1207,13:38:34,12.6,0.01,3,3780,买盘
1208,13:38:43,12.6,0.0,19,23940,卖盘
1209,13:38:52,12.6,0.0,50,63000,卖盘
1210,13:39:16,12.61,0.01,15,18915,买盘
1211,13:39:28,12.61,0.0,4,5044,卖盘
1212,13:39:33,12.61,0.0,1,1261,卖盘
1213,13:39:57,12.62,0.01,5,6310,买盘
1214,13:40:00,12.62,0.0,2,2524,买盘
1215,13:40:03,12.62,0.0,48,60576,买盘
1216,13:40:06,12.61,-0.01,5,6305,卖盘
1217,13:40:12,12.62,0.01,20,25240,买盘
1218,13:40:19,12.62,0.0,134,169108,买盘
1219,13:40:22,12.62,0.0,1,1262,卖盘
1220,13:40:27,12.63,0.01,6,7578,买盘
1221,13:40:34,12.63,0.0,2,2526,买盘
1222,13:40:51,12.64,0.01,20,25280,买盘
1223,13:41:01,12.64,0.0,41,51824,买盘
1224,13:41:22,12.65,0.01,21,26565,买盘
1225,13:41:37,12.65,0.0,76,96090,买盘
1226,13:41:39,12.65,0.0,50,63250,卖盘
1227,13:41:52,12.66,0.01,23,29118,买盘
1228,13:41:55,12.66,0.0,10,12660,买盘
1229,13:42:01,12.65,-0.01,28,35420,卖盘
1230,13:42:04,12.65,0.0,50,63250,卖盘
1231,13:42:09,12.64,-0.01,50,63220,卖盘
1232,13:42:16,12.64,0.0,50,63200,卖盘
1233,13:42:37,12.65,0.01,2,2530,买盘
1234,13:42:39,12.64,-0.01,34,42977,卖盘
1235,13:42:58,12.63,-0.01,25,31599,卖盘
1236,13:43:18,12.63,0.0,14,17682,买盘
1237,13:43:31,12.63,0.0,3,3789,卖盘
1238,13:44:01,12.63,0.0,30,37890,卖盘
1239,13:44:04,12.63,0.0,38,47994,卖盘
1240,13:44:07,12.62,-0.01,100,126200,卖盘
1241,13:44:36,12.6,-0.02,3,3780,卖盘
1242,13:45:04,12.6,0.0,3,3780,卖盘
1243,13:47:04,12.6,0.0,13,16380,卖盘
1244,13:47:10,12.6,0.0,1,1260,卖盘
1245,13:47:16,12.6,0.0,36,45360,卖盘
1246,13:47:43,12.6,0.0,2,2520,买盘
1247,13:47:55,12.58,-0.02,50,62947,卖盘
1248,13:47:57,12.6,0.02,57,71720,买盘
1249,13:48:01,12.6,0.0,3,3780,卖盘
1250,13:48:39,12.58,-0.02,20,25160,卖盘
1251,13:48:51,12.58,0.0,12,15096,卖盘
1252,13:49:22,12.58,0.0,6,7548,买盘
1253,13:49:46,12.57,-0.01,9,11313,卖盘
1254,13:50:01,12.57,0.0,4,5028,买盘
1255,13:50:10,12.56,-0.01,6,7536,卖盘
1256,13:50:19,12.55,-0.01,20,25115,卖盘
1257,13:50:22,12.56,0.01,1,1256,中性盘
1258,13:50:31,12.55,-0.01,28,35140,卖盘
1259,13:50:48,12.55,0.0,25,31375,卖盘
1260,13:50:52,12.55,0.0,16,20080,卖盘
1261,13:50:55,12.56,0.01,15,18840,买盘
1262,13:50:57,12.56,0.0,34,42704,卖盘
1263,13:51:33,12.57,0.01,5,6285,买盘
1264,13:51:39,12.56,-0.01,12,15072,卖盘
1265,13:51:55,12.55,-0.01,40,50209,卖盘
1266,13:52:01,12.55,0.0,10,12550,买盘
1267,13:52:19,12.56,0.01,3,3768,买盘
1268,13:52:46,12.57,0.01,3,3771,卖盘
1269,13:52:49,12.57,0.0,4,5028,卖盘
1270,13:52:58,12.57,0.0,5,6285,卖盘
1271,13:53:30,12.57,0.0,55,69135,买盘
1272,13:53:39,12.57,0.0,26,32682,卖盘
1273,13:53:46,12.57,0.0,19,23883,卖盘
1274,13:54:33,12.56,-0.01,1,1256,卖盘
1275,13:54:43,12.57,0.01,3,3771,买盘
1276,13:54:49,12.56,-0.01,5,6280,卖盘
1277,13:54:54,12.55,-0.01,17,21348,卖盘
1278,13:55:22,12.53,-0.02,21,26341,卖盘
1279,13:55:45,12.53,0.0,22,27572,卖盘
1280,13:55:52,12.53,0.0,10,12530,买盘
1281,13:56:06,12.52,-0.01,11,13772,卖盘
1282,13:56:09,12.52,0.0,6,7512,买盘
1283,13:56:25,12.51,-0.01,3,3753,卖盘
1284,13:56:30,12.5,-0.01,155,193838,卖盘
1285,13:56:40,12.51,0.01,5,6255,买盘
1286,13:56:43,12.5,-0.01,44,55000,卖盘
1287,13:56:46,12.51,0.01,2,2502,买盘
1288,13:56:49,12.5,-0.01,8,10000,卖盘
1289,13:56:52,12.51,0.01,3,3753,买盘
1290,13:56:57,12.5,-0.01,5,6252,卖盘
1291,13:57:00,12.5,0.0,3,3750,卖盘
1292,13:57:04,12.5,0.0,1,1250,买盘
1293,13:57:07,12.5,0.0,22,27500,买盘
1294,13:57:09,12.5,0.0,5,6250,买盘
1295,13:57:16,12.5,0.0,20,25000,买盘
1296,13:57:18,12.5,0.0,28,34992,买盘
1297,13:57:28,12.51,0.01,13,16260,买盘
1298,13:57:40,12.51,0.0,10,12510,卖盘
1299,13:57:45,12.51,0.0,1,1251,买盘
1300,13:57:52,12.51,0.0,9,11259,买盘
1301,13:58:01,12.51,0.0,50,62550,卖盘
1302,13:58:07,12.52,0.01,28,35056,买盘
1303,13:58:34,12.59,0.07,5,6295,买盘
1304,13:58:37,12.52,-0.07,2,2504,卖盘
1305,13:58:46,12.59,0.07,5,6295,买盘
1306,13:58:54,12.52,-0.07,10,12522,卖盘
1307,13:59:46,12.52,0.0,50,62633,卖盘
1308,14:00:19,12.55,0.03,1,1255,卖盘
1309,14:00:46,12.55,0.0,12,15060,买盘
1310,14:00:55,12.55,0.0,2,2510,买盘
1311,14:01:13,12.55,0.0,10,12550,买盘
1312,14:01:16,12.53,-0.02,65,81445,卖盘
1313,14:02:04,12.53,0.0,7,8771,卖盘
1314,14:02:19,12.55,0.02,15,18825,买盘
1315,14:03:10,12.56,0.01,3,3768,卖盘
1316,14:03:58,12.57,0.01,2,2514,买盘
1317,14:04:04,12.55,-0.02,49,61497,卖盘
1318,14:04:24,12.55,0.0,1,1255,买盘
1319,14:04:40,12.5,-0.05,181,226652,卖盘
1320,14:04:43,12.6,0.1,142,178478,买盘
1321,14:04:48,12.56,-0.04,8,10048,中性盘
1322,14:05:07,12.55,-0.01,5,6275,买盘
1323,14:05:13,12.55,0.0,35,43925,卖盘
1324,14:05:28,12.54,-0.01,7,8778,买盘
1325,14:05:37,12.54,0.0,28,35112,买盘
1326,14:05:40,12.54,0.0,1,1254,卖盘
1327,14:06:04,12.51,-0.03,16,20043,卖盘
1328,14:06:10,12.53,0.02,25,31325,买盘
1329,14:06:22,12.55,0.02,10,12550,卖盘
1330,14:06:37,12.5,-0.05,35,43763,卖盘
1331,14:06:46,12.52,0.02,10,12520,卖盘
1332,14:06:55,12.52,0.0,3,3756,卖盘
1333,14:07:12,12.5,-0.02,92,115081,卖盘
1334,14:07:16,12.52,0.02,3,3756,买盘
1335,14:07:25,12.51,-0.01,1,1251,买盘
1336,14:07:34,12.52,0.01,3,3756,买盘
1337,14:07:36,12.52,0.0,7,8764,买盘
1338,14:07:40,12.52,0.0,8,10016,买盘
1339,14:07:43,12.52,0.0,3,3756,买盘
1340,14:07:48,12.51,-0.01,7,8757,卖盘
1341,14:08:28,12.5,-0.01,25,31250,卖盘
1342,14:08:40,12.5,0.0,4,5000,卖盘
1343,14:08:43,12.5,0.0,1,1250,卖盘
1344,14:08:45,12.5,0.0,14,17500,买盘
1345,14:08:48,12.5,0.0,7,8750,卖盘
1346,14:09:19,12.51,0.01,1,1251,买盘
1347,14:10:16,12.51,0.0,1,1251,卖盘
1348,14:10:25,12.51,0.0,3,3753,卖盘
1349,14:10:31,12.52,0.01,3,3756,买盘
1350,14:11:28,12.52,0.0,25,31300,买盘
1351,14:11:57,12.51,-0.01,10,12510,卖盘
1352,14:12:10,12.51,0.0,2,2502,卖盘
1353,14:12:19,12.51,0.0,2,2502,卖盘
1354,14:12:46,12.52,0.01,46,57592,买盘
1355,14:13:07,12.56,0.04,35,43955,买盘
1356,14:13:19,12.57,0.01,13,16341,买盘
1357,14:13:22,12.56,-0.01,15,18840,卖盘
1358,14:13:37,12.52,-0.04,21,26292,卖盘
1359,14:13:49,12.52,0.0,9,11268,买盘
1360,14:14:07,12.52,0.0,70,87640,卖盘
1361,14:14:13,12.52,0.0,17,21284,卖盘
1362,14:14:16,12.51,-0.01,102,127603,卖盘
1363,14:14:31,12.5,-0.01,11,13750,卖盘
1364,14:14:43,12.51,0.01,48,60048,买盘
1365,14:14:49,12.49,-0.02,65,81226,卖盘
1366,14:15:00,12.5,0.01,16,20000,买盘
1367,14:15:04,12.49,-0.01,3,3747,卖盘
1368,14:15:07,12.49,0.0,2,2498,卖盘
1369,14:15:28,12.49,0.0,3,3747,卖盘
1370,14:15:37,12.49,0.0,20,24980,卖盘
1371,14:15:42,12.49,0.0,8,9992,卖盘
1372,14:15:45,12.49,0.0,6,7494,卖盘
1373,14:15:55,12.49,0.0,2,2498,卖盘
1374,14:16:00,12.49,0.0,11,13739,卖盘
1375,14:16:04,12.49,0.0,54,67383,买盘
1376,14:16:12,12.47,-0.02,1,1247,卖盘
1377,14:16:18,12.48,0.01,1,1248,买盘
1378,14:16:22,12.48,0.0,38,47391,买盘
1379,14:16:31,12.47,-0.01,16,19952,卖盘
1380,14:16:40,12.46,-0.01,17,21182,卖盘
1381,14:16:43,12.46,0.0,28,34888,卖盘
1382,14:16:46,12.46,0.0,8,9968,卖盘
1383,14:16:52,12.46,0.0,76,94696,卖盘
1384,14:16:58,12.45,-0.01,5,6225,卖盘
1385,14:17:01,12.45,0.0,17,21165,卖盘
1386,14:17:07,12.45,0.0,7,8715,卖盘
1387,14:17:13,12.45,0.0,28,34860,卖盘
1388,14:17:19,12.45,0.0,1,1245,买盘
1389,14:17:22,12.45,0.0,13,16185,买盘
1390,14:17:25,12.45,0.0,11,13695,买盘
1391,14:17:27,12.45,0.0,12,14940,卖盘
1392,14:17:37,12.45,0.0,5,6225,卖盘
1393,14:17:54,12.48,0.03,10,12480,买盘
1394,14:17:58,12.47,-0.01,20,24952,卖盘
1395,14:18:19,12.49,0.02,1,1249,买盘
1396,14:18:25,12.49,0.0,8,9992,买盘
1397,14:18:31,12.48,-0.01,8,9984,卖盘
1398,14:18:48,12.48,0.0,28,34944,卖盘
1399,14:18:58,12.48,0.0,10,12480,买盘
1400,14:19:19,12.48,0.0,29,36164,买盘
1401,14:19:22,12.47,-0.01,40,49884,卖盘
1402,14:19:31,12.49,0.02,1590,1985720,买盘
1403,14:19:36,12.45,-0.04,240,298813,卖盘
1404,14:19:39,12.45,0.0,4,4980,买盘
1405,14:19:46,12.45,0.0,22,27390,买盘
1406,14:19:49,12.45,0.0,5,6225,买盘
1407,14:19:55,12.45,0.0,12,14940,买盘
1408,14:20:19,12.45,0.0,52,64741,卖盘
1409,14:20:22,12.47,0.02,20,24926,买盘
1410,14:20:31,12.44,-0.03,3,3732,卖盘
1411,14:20:37,12.49,0.05,500,624386,买盘
1412,14:20:43,12.44,-0.05,17,21148,卖盘
1413,14:20:51,12.45,0.01,20,24910,卖盘
1414,14:21:06,12.44,-0.01,20,24880,卖盘
1415,14:21:15,12.45,0.01,112,139440,买盘
1416,14:21:31,12.49,0.04,201,251010,买盘
1417,14:21:37,12.45,-0.04,330,410850,卖盘
1418,14:21:40,12.49,0.04,1498,1871002,买盘
1419,14:21:46,12.45,-0.04,57,71075,卖盘
1420,14:21:52,12.49,0.04,21,26229,卖盘
1421,14:21:54,12.5,0.01,49,61241,买盘
1422,14:22:04,12.5,0.0,10,12500,买盘
1423,14:22:34,12.5,0.0,13,16250,买盘
1424,14:22:42,12.5,0.0,97,121250,买盘
1425,14:22:49,12.51,0.01,1,1251,买盘
1426,14:22:52,12.51,0.0,1,1251,买盘
1427,14:22:55,12.51,0.0,3,3753,买盘
1428,14:23:07,12.45,-0.06,75,93590,卖盘
1429,14:23:10,12.54,0.09,12,15047,买盘
1430,14:23:28,12.55,0.01,10,12550,买盘
1431,14:23:31,12.55,0.0,10,12550,买盘
1432,14:24:01,12.55,0.0,3,3765,买盘
1433,14:24:09,12.55,0.0,2,2510,买盘
1434,14:24:19,12.55,0.0,10,12550,卖盘
1435,14:24:34,12.55,0.0,3,3765,买盘
1436,14:24:37,12.55,0.0,8,10040,买盘
1437,14:24:43,12.55,0.0,9,11293,买盘
1438,14:24:49,12.5,-0.05,70,87522,卖盘
1439,14:25:07,12.5,0.0,31,38750,卖盘
1440,14:25:16,12.55,0.05,16,20080,买盘
1441,14:25:22,12.56,0.01,52,65297,买盘
1442,14:25:37,12.56,0.0,19,23864,买盘
1443,14:26:04,12.57,0.01,1,1257,买盘
1444,14:26:19,12.58,0.01,50,62895,买盘
1445,14:26:37,12.58,0.0,4,5032,买盘
1446,14:26:52,12.58,0.0,10,12580,买盘
1447,14:26:58,12.57,-0.01,15,18855,卖盘
1448,14:27:04,12.57,0.0,11,13827,买盘
1449,14:27:16,12.57,0.0,14,17598,买盘
1450,14:27:33,12.57,0.0,6,7542,卖盘
1451,14:28:04,12.57,0.0,3,3771,买盘
1452,14:28:21,12.57,0.0,4,5028,买盘
1453,14:28:25,12.57,0.0,1,1257,卖盘
1454,14:28:37,12.57,0.0,3,3771,卖盘
1455,14:28:52,12.57,0.0,52,65326,卖盘
1456,14:29:06,12.56,-0.01,16,20096,卖盘
1457,14:29:25,12.56,0.0,4,5024,卖盘
1458,14:29:28,12.56,0.0,2,2512,卖盘
1459,14:29:31,12.56,0.0,5,6280,卖盘
1460,14:29:40,12.56,0.0,58,72848,卖盘
1461,14:31:04,12.52,-0.04,2,2504,卖盘
1462,14:31:06,12.52,0.0,1,1252,卖盘
1463,14:31:22,12.51,-0.01,4,5004,卖盘
1464,14:31:36,12.51,0.0,11,13761,卖盘
1465,14:32:04,12.5,-0.01,1,1250,卖盘
1466,14:32:10,12.5,0.0,106,132500,卖盘
1467,14:32:13,12.5,0.0,2,2500,卖盘
1468,14:32:19,12.51,0.01,14,17514,买盘
1469,14:32:28,12.5,-0.01,10,12500,卖盘
1470,14:32:49,12.5,0.0,20,25000,卖盘
1471,14:32:55,12.5,0.0,1,1250,卖盘
1472,14:32:57,12.48,-0.02,3,3744,卖盘
1473,14:33:06,12.48,0.0,1,1248,卖盘
1474,14:33:15,12.48,0.0,6,7488,卖盘
1475,14:33:19,12.48,0.0,1,1248,买盘
1476,14:33:21,12.48,0.0,10,12480,买盘
1477,14:33:40,12.47,-0.01,60,74820,卖盘
1478,14:33:52,12.47,0.0,29,36163,卖盘
1479,14:34:04,12.46,-0.01,40,49840,卖盘
1480,14:34:13,12.47,0.01,35,43635,买盘
1481,14:34:19,12.46,-0.01,5,6230,卖盘
1482,14:34:28,12.46,0.0,104,129612,卖盘
1483,14:34:40,12.46,0.0,50,62300,卖盘
1484,14:34:49,12.46,0.0,5,6230,买盘
1485,14:34:52,12.45,-0.01,84,104580,卖盘
1486,14:34:55,12.46,0.01,44,54824,买盘
1487,14:34:58,12.46,0.0,10,12460,卖盘
1488,14:35:09,12.46,0.0,10,12460,卖盘
1489,14:35:16,12.48,0.02,1,1248,买盘
1490,14:35:34,12.5,0.02,181,226250,买盘
1491,14:35:43,12.5,0.0,1,1250,卖盘
1492,14:36:04,12.51,0.01,9,11259,买盘
1493,14:36:10,12.5,-0.01,10,12501,卖盘
1494,14:36:18,12.51,0.01,1,1251,买盘
1495,14:36:37,12.5,-0.01,11,13750,卖盘
1496,14:36:43,12.5,0.0,5,6250,卖盘
1497,14:36:46,12.5,0.0,1,1250,卖盘
1498,14:36:49,12.53,0.03,39,48841,买盘
1499,14:37:04,12.53,0.0,5,6265,买盘
1500,14:37:49,12.53,0.0,10,12530,买盘
1501,14:38:04,12.52,-0.01,3,3756,卖盘
1502,14:38:07,12.53,0.01,4,5012,买盘
1503,14:38:19,12.53,0.0,1,1253,买盘
1504,14:38:21,12.52,-0.01,5,6260,卖盘
1505,14:38:31,12.52,0.0,3,3756,卖盘
1506,14:38:34,12.5,-0.02,60,75000,卖盘
1507,14:39:04,12.48,-0.02,4,4992,卖盘
1508,14:39:49,12.48,0.0,12,14976,卖盘
1509,14:39:52,12.48,0.0,4,4992,卖盘
1510,14:40:10,12.48,0.0,19,23712,卖盘
1511,14:40:16,12.48,0.0,5,6240,卖盘
1512,14:40:22,12.5,0.02,6,7500,买盘
1513,14:40:43,12.48,-0.02,13,16224,卖盘
1514,14:41:01,12.48,0.0,101,126048,卖盘
1515,14:41:07,12.48,0.0,2,2496,买盘
1516,14:41:12,12.48,0.0,20,24960,买盘
1517,14:41:16,12.48,0.0,12,14976,买盘
1518,14:41:19,12.46,-0.02,37,46142,卖盘
1519,14:41:22,12.46,0.0,40,49840,卖盘
1520,14:41:28,12.45,-0.01,188,234060,卖盘
1521,14:41:37,12.43,-0.02,146,181589,卖盘
1522,14:41:43,12.45,0.02,19,23650,买盘
1523,14:41:46,12.45,0.0,1,1245,买盘
1524,14:41:48,12.41,-0.04,147,182560,卖盘
1525,14:41:51,12.43,0.02,10,12430,买盘
1526,14:41:55,12.43,0.0,1,1243,卖盘
1527,14:42:01,12.41,-0.02,147,182467,卖盘
1528,14:42:04,12.45,0.04,21,26145,买盘
1529,14:42:07,12.42,-0.03,1,1242,中性盘
1530,14:42:10,12.42,0.0,1,1242,买盘
1531,14:42:13,12.36,-0.06,805,997842,卖盘
1532,14:42:25,12.36,0.0,158,195452,卖盘
1533,14:42:30,12.41,0.05,2,2482,买盘
1534,14:42:34,12.35,-0.06,143,176646,卖盘
1535,14:42:36,12.35,0.0,16,19760,买盘
1536,14:42:43,12.41,0.06,2,2482,买盘
1537,14:42:49,12.41,0.0,86,106726,买盘
1538,14:42:55,12.38,-0.03,5,6190,中性盘
1539,14:42:58,12.38,0.0,5,6190,卖盘
1540,14:43:01,12.37,-0.01,80,98981,卖盘
1541,14:43:04,12.39,0.02,5,6194,买盘
1542,14:43:07,12.39,0.0,2,2478,卖盘
1543,14:43:10,12.37,-0.02,13,16087,卖盘
1544,14:43:12,12.4,0.03,22,27280,买盘
1545,14:43:19,12.37,-0.03,79,97751,卖盘
1546,14:43:25,12.41,0.04,100,124066,买盘
1547,14:43:28,12.41,0.0,59,73219,买盘
1548,14:43:40,12.42,0.01,14,17388,买盘
1549,14:43:52,12.42,0.0,15,18634,卖盘
1550,14:43:58,12.42,0.0,19,23598,卖盘
1551,14:44:00,12.41,-0.01,111,137837,卖盘
1552,14:44:04,12.45,0.04,1,1245,买盘
1553,14:44:07,12.42,-0.03,5,6210,买盘
1554,14:44:10,12.45,0.03,20,24900,买盘
1555,14:44:19,12.45,0.0,3,3735,买盘
1556,14:44:22,12.45,0.0,4,4980,买盘
1557,14:44:25,12.45,0.0,16,19920,卖盘
1558,14:44:40,12.45,0.0,5,6225,卖盘
1559,14:44:45,12.47,0.02,20,24940,买盘
1560,14:44:57,12.45,-0.02,8,9960,卖盘
1561,14:45:21,12.45,0.0,3,3735,卖盘
1562,14:45:28,12.47,0.02,1,1247,卖盘
1563,14:45:46,12.49,0.02,17,21233,买盘
1564,14:45:57,12.47,-0.02,20,24940,卖盘
1565,14:46:18,12.48,0.01,7,8736,中性盘
1566,14:46:31,12.47,-0.01,3,3741,卖盘
1567,14:46:34,12.47,0.0,4,4988,卖盘
1568,14:46:37,12.47,0.0,18,22446,卖盘
1569,14:47:22,12.46,-0.01,11,13706,卖盘
1570,14:47:31,12.45,-0.01,10,12456,卖盘
1571,14:47:40,12.46,0.01,10,12460,买盘
1572,14:47:46,12.46,0.0,2,2492,买盘
1573,14:47:49,12.46,0.0,25,31150,卖盘
1574,14:47:55,12.47,0.01,10,12470,买盘
1575,14:48:01,12.46,-0.01,9,11214,卖盘
1576,14:48:10,12.46,0.0,158,196868,卖盘
1577,14:48:22,12.45,-0.01,5,6225,卖盘
1578,14:48:30,12.45,0.0,273,339885,卖盘
1579,14:48:52,12.45,0.0,42,52290,买盘
1580,14:48:55,12.45,0.0,68,84660,卖盘
1581,14:49:01,12.45,0.0,156,194220,卖盘
1582,14:49:19,12.43,-0.02,71,88253,卖盘
1583,14:49:31,12.42,-0.01,19,23598,卖盘
1584,14:49:34,12.42,0.0,17,21114,买盘
1585,14:49:49,12.42,0.0,15,18630,卖盘
1586,14:49:58,12.41,-0.01,154,191114,卖盘
1587,14:50:00,12.41,0.0,10,12410,买盘
1588,14:50:13,12.41,0.0,15,18610,买盘
1589,14:50:16,12.41,0.0,15,18615,买盘
1590,14:50:18,12.41,0.0,2,2482,买盘
1591,14:50:25,12.41,0.0,5,6205,买盘
1592,14:50:31,12.41,0.0,39,48399,买盘
1593,14:50:48,12.41,0.0,23,28559,卖盘
1594,14:50:51,12.41,0.0,12,14892,卖盘
1595,14:50:55,12.42,0.01,25,31050,买盘
1596,14:50:57,12.41,-0.01,25,31025,卖盘
1597,14:51:04,12.41,0.0,34,42194,卖盘
1598,14:51:10,12.42,0.01,18,22356,买盘
1599,14:51:27,12.42,0.0,17,21114,卖盘
1600,14:51:33,12.42,0.0,6,7452,卖盘
1601,14:51:37,12.42,0.0,2,2484,买盘
1602,14:51:43,12.42,0.0,3,3726,卖盘
1603,14:51:46,12.42,0.0,2,2484,买盘
1604,14:51:49,12.42,0.0,1,1242,买盘
1605,14:51:52,12.42,0.0,9,11178,卖盘
1606,14:51:55,12.43,0.01,1,1243,买盘
1607,14:52:01,12.42,-0.01,5,6210,卖盘
1608,14:52:04,12.43,0.01,1,1243,买盘
1609,14:52:07,12.41,-0.02,50,62087,卖盘
1610,14:52:09,12.43,0.02,1,1243,买盘
1611,14:52:16,12.43,0.0,96,119328,买盘
1612,14:52:25,12.42,-0.01,4,4971,卖盘
1613,14:52:31,12.42,0.0,31,38502,卖盘
1614,14:52:37,12.43,0.01,5,6215,中性盘
1615,14:52:49,12.43,0.0,17,21131,卖盘
1616,14:52:52,12.43,0.0,4,4972,买盘
1617,14:53:01,12.43,0.0,20,24860,买盘
1618,14:53:06,12.43,0.0,12,14916,买盘
1619,14:53:22,12.43,0.0,10,12430,卖盘
1620,14:53:40,12.43,0.0,9,11187,卖盘
1621,14:53:43,12.43,0.0,4,4972,卖盘
1622,14:53:46,12.43,0.0,39,48477,卖盘
1623,14:53:49,12.43,0.0,5,6215,买盘
1624,14:54:01,12.42,-0.01,21,26082,卖盘
1625,14:54:12,12.42,0.0,173,214926,卖盘
1626,14:54:28,12.42,0.0,1,1242,买盘
1627,14:54:34,12.42,0.0,55,68310,买盘
1628,14:54:40,12.41,-0.01,94,116704,卖盘
1629,14:54:43,12.41,0.0,20,24825,卖盘
1630,14:54:49,12.42,0.01,2,2484,中性盘
1631,14:54:55,12.41,-0.01,61,75751,卖盘
1632,14:54:58,12.42,0.01,14,17388,买盘
1633,14:55:01,12.41,-0.01,12,14892,卖盘
1634,14:55:07,12.42,0.01,20,24840,买盘
1635,14:55:10,12.41,-0.01,50,62050,卖盘
1636,14:55:16,12.41,0.0,54,67014,卖盘
1637,14:55:18,12.41,0.0,38,47158,卖盘
1638,14:55:25,12.41,0.0,3,3723,买盘
1639,14:55:31,12.4,-0.01,10,12400,卖盘
1640,14:55:37,12.41,0.01,2,2482,买盘
1641,14:55:42,12.41,0.0,33,40923,买盘
1642,14:55:49,12.4,-0.01,5,6200,卖盘
1643,14:55:58,12.41,0.01,13,16130,买盘
1644,14:56:01,12.4,-0.01,15,18600,卖盘
1645,14:56:07,12.4,0.0,20,24800,买盘
1646,14:56:12,12.4,0.0,10,12400,买盘
1647,14:56:16,12.4,0.0,30,37200,买盘
1648,14:56:22,12.4,0.0,23,28503,买盘
1649,14:56:25,12.39,-0.01,20,24796,卖盘
1650,14:56:37,12.39,0.0,6,7434,卖盘
1651,14:56:40,12.39,0.0,20,24780,买盘
1652,14:56:46,12.38,-0.01,27,33446,卖盘
1653,14:56:51,12.39,0.01,40,49550,买盘
1654,14:56:54,12.39,0.0,34,42102,买盘
1655,14:57:01,12.38,-0.01,35,43330,卖盘
1656,14:57:04,12.38,0.0,3,3714,卖盘
1657,15:00:04,12.37,-0.01,551,681587,卖盘
