,time,price,change,volume,amount,type
0,09:25:04,11.45,0.02,31,35495,卖盘
1,09:30:04,11.46,0.01,42,48566,买盘
2,09:30:06,11.45,-0.01,23,26335,卖盘
3,09:30:10,11.45,0.0,10,11450,卖盘
4,09:30:12,11.46,0.01,10,11460,买盘
5,09:30:16,11.45,-0.01,52,59544,卖盘
6,09:30:18,11.46,0.01,20,22905,买盘
7,09:30:24,11.45,-0.01,33,37790,卖盘
8,09:30:27,11.46,0.01,14,16040,买盘
9,09:30:33,11.46,0.0,97,111068,买盘
10,09:30:36,11.45,-0.01,9,10308,卖盘
11,09:30:40,11.46,0.01,20,22920,买盘
12,09:30:42,11.46,0.0,4,4584,买盘
13,09:30:46,11.46,0.0,3,3438,买盘
14,09:30:48,11.46,0.0,3,3438,买盘
15,09:30:51,11.46,0.0,4,4584,买盘
16,09:31:00,11.46,0.0,86,98556,买盘
17,09:31:04,11.46,0.0,4,4584,买盘
18,09:31:09,11.46,0.0,6,6874,买盘
19,09:31:12,11.46,0.0,19,21774,买盘
20,09:31:15,11.46,0.0,88,100848,买盘
21,09:31:18,11.46,0.0,63,72198,买盘
22,09:31:21,11.45,-0.01,105,119774,卖盘
23,09:31:27,11.45,0.0,30,34350,买盘
24,09:31:33,11.45,0.0,2,2290,买盘
25,09:31:36,11.44,-0.01,22,25168,卖盘
26,09:31:39,11.45,0.01,34,38930,买盘
27,09:31:42,11.45,0.0,3,3435,买盘
28,09:31:45,11.45,0.0,21,24045,买盘
29,09:31:51,11.45,0.0,30,34350,买盘
30,09:31:57,11.45,0.0,20,22900,买盘
31,09:32:04,11.45,0.0,50,57250,买盘
32,09:32:06,11.45,0.0,4,4580,买盘
33,09:32:09,11.45,0.0,5,5725,买盘
34,09:32:12,11.45,0.0,1,1145,买盘
35,09:32:16,11.45,0.0,10,11450,买盘
36,09:32:18,11.45,0.0,41,46916,买盘
37,09:32:21,11.45,0.0,115,131665,买盘
38,09:32:24,11.45,0.0,46,53113,买盘
39,09:32:27,11.46,0.01,7,8022,买盘
40,09:32:33,11.46,0.0,42,47949,买盘
41,09:32:37,11.46,0.0,8,9351,卖盘
42,09:32:42,11.46,0.0,3,3438,买盘
43,09:32:45,11.46,0.0,89,101811,买盘
44,09:32:48,11.47,0.01,10,11470,买盘
45,09:33:00,11.46,-0.01,20,22920,卖盘
46,09:33:04,11.47,0.01,216,247752,买盘
47,09:33:06,11.47,0.0,37,42439,卖盘
48,09:33:09,11.48,0.01,1,1148,买盘
49,09:33:12,11.48,0.0,1,1148,买盘
50,09:33:15,11.48,0.0,3,3444,买盘
51,09:33:18,11.49,0.01,225,258480,买盘
52,09:33:21,11.48,-0.01,9,10332,买盘
53,09:33:34,11.5,0.02,10,11500,买盘
54,09:33:36,11.5,0.0,14,16080,买盘
55,09:33:42,11.49,-0.01,1,1149,买盘
56,09:33:45,11.49,0.0,1,1149,买盘
57,09:33:48,11.5,0.01,50,57492,买盘
58,09:34:00,11.5,0.0,76,87400,买盘
59,09:34:09,11.5,0.0,37,42550,卖盘
60,09:34:15,11.5,0.0,38,43702,卖盘
61,09:34:18,11.5,0.0,15,17253,买盘
62,09:34:22,11.5,0.0,7,8050,买盘
63,09:34:27,11.49,-0.01,2,2298,卖盘
64,09:34:30,11.5,0.01,4,4598,买盘
65,09:34:33,11.49,-0.01,20,22980,卖盘
66,09:34:42,11.5,0.01,4,4600,买盘
67,09:34:45,11.5,0.0,1,1150,买盘
68,09:35:04,11.49,-0.01,8,9192,买盘
69,09:35:06,11.48,-0.01,5,5743,卖盘
70,09:35:09,11.49,0.01,11,12639,买盘
71,09:35:12,11.48,-0.01,6,6889,卖盘
72,09:35:30,11.48,0.0,17,19516,卖盘
73,09:35:36,11.5,0.02,55,63197,买盘
74,09:35:40,11.49,-0.01,1,1149,卖盘
75,09:35:45,11.5,0.01,102,117300,买盘
76,09:35:48,11.5,0.0,3,3450,买盘
77,09:36:00,11.5,0.0,10,11500,买盘
78,09:36:04,11.5,0.0,43,49450,买盘
79,09:36:09,11.51,0.01,4,4604,买盘
80,09:36:12,11.51,0.0,1,1151,买盘
81,09:36:15,11.51,0.0,5,5754,买盘
82,09:36:18,11.51,0.0,3,3453,买盘
83,09:36:27,11.51,0.0,55,63305,买盘
84,09:36:36,11.51,0.0,5,5755,卖盘
85,09:36:39,11.51,0.0,3,3453,买盘
86,09:36:48,11.51,0.0,1,1151,买盘
87,09:37:04,11.5,-0.01,22,25302,卖盘
88,09:37:15,11.5,0.0,50,57500,卖盘
89,09:37:18,11.51,0.01,7,8056,买盘
90,09:37:21,11.5,-0.01,28,32200,卖盘
91,09:37:27,11.51,0.01,117,134636,买盘
92,09:37:30,11.5,-0.01,4,4600,买盘
93,09:37:36,11.49,-0.01,15,17235,卖盘
94,09:37:45,11.5,0.01,4,4600,买盘
95,09:37:48,11.49,-0.01,5,5745,卖盘
96,09:37:51,11.51,0.02,80,92003,买盘
97,09:37:54,11.5,-0.01,24,27600,卖盘
98,09:37:57,11.5,0.0,1,1150,买盘
99,09:38:03,11.5,0.0,4,4600,买盘
100,09:38:15,11.49,-0.01,2,2298,卖盘
101,09:38:18,11.49,0.0,4,4596,买盘
102,09:38:24,11.49,0.0,3,3447,买盘
103,09:38:27,11.49,0.0,2,2298,买盘
104,09:38:30,11.49,0.0,2,2298,买盘
105,09:38:36,11.49,0.0,42,48258,买盘
106,09:38:39,11.48,-0.01,19,21819,卖盘
107,09:38:42,11.49,0.01,47,54003,买盘
108,09:38:51,11.49,0.0,9,10341,买盘
109,09:38:54,11.49,0.0,1,1149,买盘
110,09:38:57,11.49,0.0,21,24129,买盘
111,09:39:04,11.49,0.0,41,47095,买盘
112,09:39:15,11.48,-0.01,300,344400,卖盘
113,09:39:18,11.48,0.0,63,72324,卖盘
114,09:39:21,11.49,0.01,11,12629,买盘
115,09:39:24,11.49,0.0,11,12639,买盘
116,09:39:27,11.49,0.0,7,8039,买盘
117,09:39:39,11.49,0.0,50,57450,买盘
118,09:39:45,11.49,0.0,21,24129,买盘
119,09:39:48,11.49,0.0,8,9192,买盘
120,09:39:54,11.49,0.0,12,13788,买盘
121,09:39:57,11.49,0.0,11,12639,买盘
122,09:40:00,11.49,0.0,2,2298,买盘
123,09:40:18,11.49,0.0,5,5745,买盘
124,09:40:24,11.48,-0.01,7,8036,卖盘
125,09:40:33,11.49,0.01,10,11490,买盘
126,09:40:39,11.49,0.0,46,52854,买盘
127,09:40:42,11.49,0.0,87,99963,卖盘
128,09:40:51,11.5,0.01,27,31027,买盘
129,09:40:55,11.49,-0.01,30,34470,卖盘
130,09:40:58,11.49,0.0,28,32173,卖盘
131,09:41:00,11.48,-0.01,2,2296,卖盘
132,09:41:09,11.49,0.01,44,50556,买盘
133,09:41:12,11.49,0.0,1,1149,买盘
134,09:41:16,11.49,0.0,4,4596,买盘
135,09:41:33,11.49,0.0,4,4596,买盘
136,09:41:36,11.49,0.0,38,43662,买盘
137,09:41:42,11.49,0.0,2,2298,买盘
138,09:41:46,11.49,0.0,3,3447,买盘
139,09:41:48,11.48,-0.01,13,14926,卖盘
140,09:41:55,11.5,0.02,319,366811,买盘
141,09:42:04,11.5,0.0,3,3450,卖盘
142,09:42:06,11.5,0.0,8,9207,卖盘
143,09:42:12,11.51,0.01,16,18405,买盘
144,09:42:15,11.5,-0.01,10,11500,卖盘
145,09:42:18,11.51,0.01,1,1151,买盘
146,09:42:24,11.51,0.0,21,24161,买盘
147,09:42:31,11.5,-0.01,13,14950,卖盘
148,09:42:43,11.51,0.01,2,2302,买盘
149,09:42:46,11.51,0.0,3,3453,买盘
150,09:43:06,11.51,0.0,9,10359,买盘
151,09:43:09,11.51,0.0,10,11510,买盘
152,09:43:12,11.51,0.0,127,146177,买盘
153,09:43:15,11.52,0.01,14,16128,买盘
154,09:43:19,11.52,0.0,6,6912,买盘
155,09:43:21,11.52,0.0,117,134784,买盘
156,09:43:24,11.53,0.01,33,38049,买盘
157,09:43:27,11.53,0.0,22,25366,买盘
158,09:43:33,11.53,0.0,3,3459,卖盘
159,09:43:42,11.54,0.01,2,2308,买盘
160,09:43:45,11.53,-0.01,5,5768,卖盘
161,09:43:48,11.53,0.0,9,10377,卖盘
162,09:43:51,11.53,0.0,2,2306,买盘
163,09:43:54,11.57,0.04,446,514878,买盘
164,09:43:57,11.58,0.01,4,4632,买盘
165,09:44:00,11.57,-0.01,20,23140,卖盘
166,09:44:04,11.57,0.0,2,2314,卖盘
167,09:44:06,11.57,0.0,15,17355,卖盘
168,09:44:09,11.57,0.0,6,6942,卖盘
169,09:44:13,11.57,0.0,9,10413,卖盘
170,09:44:15,11.57,0.0,12,13884,买盘
171,09:44:18,11.57,0.0,5,5785,买盘
172,09:44:21,11.55,-0.02,1,1155,卖盘
173,09:44:27,11.55,0.0,31,35793,卖盘
174,09:44:30,11.55,0.0,19,21945,卖盘
175,09:44:33,11.55,0.0,4,4620,卖盘
176,09:44:36,11.55,0.0,3,3465,买盘
177,09:44:45,11.55,0.0,1,1155,买盘
178,09:44:48,11.54,-0.01,3,3462,买盘
179,09:44:51,11.54,0.0,19,21926,买盘
180,09:44:54,11.54,0.0,1,1154,买盘
181,09:44:57,11.54,0.0,18,20767,买盘
182,09:45:06,11.54,0.0,26,30004,买盘
183,09:45:12,11.55,0.01,3,3465,买盘
184,09:45:15,11.55,0.0,3,3465,买盘
185,09:45:18,11.54,-0.01,34,39266,卖盘
186,09:45:21,11.56,0.02,30,34652,买盘
187,09:45:27,11.56,0.0,53,61265,买盘
188,09:45:33,11.56,0.0,10,11560,买盘
189,09:45:36,11.56,0.0,20,23120,买盘
190,09:45:45,11.56,0.0,14,16184,买盘
191,09:45:48,11.56,0.0,31,35836,买盘
192,09:45:51,11.56,0.0,9,10404,卖盘
193,09:45:54,11.57,0.01,7,8099,买盘
194,09:45:58,11.57,0.0,39,45121,买盘
195,09:46:00,11.57,0.0,11,12727,买盘
196,09:46:03,11.57,0.0,24,27768,买盘
197,09:46:06,11.56,-0.01,5,5780,卖盘
198,09:46:09,11.56,0.0,150,173500,卖盘
199,09:46:12,11.59,0.03,397,459744,买盘
200,09:46:15,11.57,-0.02,2,2314,卖盘
201,09:46:24,11.56,-0.01,17,19652,卖盘
202,09:46:30,11.57,0.01,2,2314,买盘
203,09:46:33,11.59,0.02,2,2318,买盘
204,09:46:39,11.58,-0.01,3,3474,买盘
205,09:46:51,11.57,-0.01,40,46310,卖盘
206,09:46:54,11.58,0.01,13,15054,买盘
207,09:47:04,11.58,0.0,18,20844,买盘
208,09:47:06,11.58,0.0,5,5790,买盘
209,09:47:09,11.58,0.0,1,1158,买盘
210,09:47:24,11.58,0.0,51,59058,买盘
211,09:47:27,11.57,-0.01,2,2314,卖盘
212,09:47:30,11.58,0.01,3,3474,买盘
213,09:47:36,11.57,-0.01,14,16200,卖盘
214,09:47:42,11.57,0.0,1,1157,卖盘
215,09:47:48,11.57,0.0,30,34710,卖盘
216,09:47:57,11.57,0.0,20,23140,卖盘
217,09:48:00,11.58,0.01,10,11580,买盘
218,09:48:04,11.57,-0.01,6,6945,卖盘
219,09:48:06,11.58,0.01,2,2316,买盘
220,09:48:09,11.57,-0.01,10,11570,卖盘
221,09:48:15,11.57,0.0,12,13884,卖盘
222,09:48:18,11.57,0.0,18,20826,卖盘
223,09:48:21,11.58,0.01,3,3474,买盘
224,09:48:24,11.57,-0.01,2,2314,卖盘
225,09:48:30,11.57,0.0,16,18512,买盘
226,09:48:34,11.58,0.01,62,71781,买盘
227,09:48:36,11.58,0.0,3,3474,买盘
228,09:48:39,11.57,-0.01,10,11570,卖盘
229,09:48:45,11.58,0.01,20,23150,买盘
230,09:48:51,11.57,-0.01,17,19669,卖盘
231,09:49:03,11.57,0.0,9,10413,买盘
232,09:49:06,11.57,0.0,2,2314,买盘
233,09:49:12,11.57,0.0,59,68263,买盘
234,09:49:15,11.57,0.0,12,13884,卖盘
235,09:49:24,11.58,0.01,50,57900,买盘
236,09:49:30,11.58,0.0,1,1158,买盘
237,09:49:33,11.58,0.0,3,3474,买盘
238,09:49:36,11.58,0.0,1,1158,买盘
239,09:49:39,11.57,-0.01,3,3471,卖盘
240,09:49:43,11.57,0.0,3,3471,卖盘
241,09:49:45,11.57,0.0,3,3471,卖盘
242,09:49:51,11.57,0.0,2,2314,卖盘
243,09:50:00,11.58,0.01,5,5790,买盘
244,09:50:04,11.58,0.0,2,2316,买盘
245,09:50:07,11.57,-0.01,81,93717,卖盘
246,09:50:18,11.57,0.0,10,11570,买盘
247,09:50:24,11.56,-0.01,60,69360,卖盘
248,09:50:30,11.57,0.01,19,21966,买盘
249,09:50:33,11.57,0.0,3,3471,买盘
250,09:50:37,11.57,0.0,1,1157,买盘
251,09:50:39,11.56,-0.01,31,35837,卖盘
252,09:50:43,11.56,0.0,10,11560,卖盘
253,09:50:49,11.55,-0.01,14,16171,卖盘
254,09:51:00,11.55,0.0,18,20794,卖盘
255,09:51:06,11.55,0.0,1,1155,卖盘
256,09:51:12,11.56,0.01,4,4621,买盘
257,09:51:27,11.56,0.0,2,2312,买盘
258,09:51:30,11.56,0.0,2,2312,买盘
259,09:51:33,11.56,0.0,6,6936,买盘
260,09:51:36,11.56,0.0,4,4624,买盘
261,09:51:39,11.55,-0.01,37,42735,卖盘
262,09:51:42,11.56,0.01,20,23120,买盘
263,09:51:45,11.55,-0.01,5,5775,卖盘
264,09:51:57,11.56,0.01,13,15028,买盘
265,09:52:03,11.56,0.0,3,3468,买盘
266,09:52:06,11.56,0.0,1,1156,买盘
267,09:52:09,11.56,0.0,1,1156,买盘
268,09:52:19,11.55,-0.01,8,9240,卖盘
269,09:52:21,11.55,0.0,2,2310,卖盘
270,09:52:30,11.56,0.01,1,1156,买盘
271,09:52:36,11.56,0.0,1,1156,买盘
272,09:52:40,11.56,0.0,3,3468,买盘
273,09:52:51,11.55,-0.01,2,2310,卖盘
274,09:53:04,11.55,0.0,14,16158,买盘
275,09:53:09,11.55,0.0,3,3465,买盘
276,09:53:18,11.54,-0.01,4,4616,卖盘
277,09:53:21,11.53,-0.01,3,3459,卖盘
278,09:53:30,11.54,0.01,6,6924,买盘
279,09:53:34,11.53,-0.01,6,6920,卖盘
280,09:53:36,11.53,0.0,2,2306,卖盘
281,09:53:39,11.53,0.0,3,3459,卖盘
282,09:53:42,11.53,0.0,3,3459,卖盘
283,09:54:00,11.53,0.0,17,19604,卖盘
284,09:54:06,11.53,0.0,2,2306,买盘
285,09:54:09,11.54,0.01,1,1154,买盘
286,09:54:12,11.5,-0.04,279,321023,卖盘
287,09:54:15,11.5,0.0,2,2300,买盘
288,09:54:18,11.5,0.0,52,59772,买盘
289,09:54:25,11.5,0.0,100,115000,买盘
290,09:54:30,11.5,0.0,33,37950,买盘
291,09:54:33,11.48,-0.02,5,5744,卖盘
292,09:54:36,11.5,0.02,1,1150,买盘
293,09:54:39,11.5,0.0,11,12650,买盘
294,09:54:42,11.5,0.0,40,46000,买盘
295,09:54:45,11.5,0.0,1,1150,买盘
296,09:54:48,11.5,0.0,70,80500,买盘
297,09:54:51,11.5,0.0,1,1150,买盘
298,09:54:54,11.5,0.0,10,11500,买盘
299,09:54:57,11.5,0.0,30,34500,买盘
300,09:55:00,11.54,0.04,5,5770,买盘
301,09:55:09,11.54,0.0,2,2308,买盘
302,09:55:12,11.5,-0.04,12,13800,卖盘
303,09:55:15,11.5,0.0,45,51750,买盘
304,09:55:24,11.5,0.0,10,11500,买盘
305,09:55:30,11.5,0.0,20,23000,买盘
306,09:55:33,11.5,0.0,9,10350,买盘
307,09:55:36,11.5,0.0,1,1150,买盘
308,09:55:46,11.5,0.0,5,5750,买盘
309,09:55:49,11.5,0.0,9,10350,买盘
310,09:55:51,11.5,0.0,542,623153,买盘
311,09:55:54,11.5,0.0,61,70150,买盘
312,09:55:57,11.49,-0.01,25,28729,买盘
313,09:56:00,11.5,0.01,6,6896,买盘
314,09:56:04,11.5,0.0,1,1150,买盘
315,09:56:07,11.5,0.0,5,5750,买盘
316,09:56:09,11.5,0.0,4,4600,买盘
317,09:56:15,11.5,0.0,12,13800,买盘
318,09:56:30,11.53,0.03,37,42541,买盘
319,09:56:33,11.53,0.0,2,2306,买盘
320,09:56:45,11.5,-0.03,10,11500,卖盘
321,09:57:04,11.52,0.02,3,3456,买盘
322,09:57:06,11.52,0.0,2,2304,买盘
323,09:57:27,11.52,0.0,2,2304,买盘
324,09:57:30,11.52,0.0,11,12672,买盘
325,09:57:33,11.53,0.01,3,3458,买盘
326,09:57:36,11.52,-0.01,1,1152,中性盘
327,09:57:40,11.52,0.0,22,25342,买盘
328,09:57:57,11.53,0.01,26,29978,买盘
329,09:58:00,11.53,0.0,6,6918,买盘
330,09:58:12,11.53,0.0,20,23060,买盘
331,09:58:19,11.52,-0.01,8,9216,卖盘
332,09:58:21,11.53,0.01,1,1153,买盘
333,09:58:24,11.53,0.0,22,25366,买盘
334,09:58:30,11.53,0.0,4,4612,买盘
335,09:58:36,11.53,0.0,3,3459,买盘
336,09:58:42,11.53,0.0,10,11530,买盘
337,09:59:06,11.53,0.0,4,4612,买盘
338,09:59:09,11.53,0.0,1,1153,买盘
339,09:59:30,11.53,0.0,1,1153,买盘
340,09:59:33,11.53,0.0,4,4612,买盘
341,09:59:45,11.53,0.0,5,5765,买盘
342,10:00:04,11.53,0.0,2,2306,买盘
343,10:00:06,11.53,0.0,4,4612,买盘
344,10:00:09,11.53,0.0,3,3459,买盘
345,10:00:22,11.53,0.0,2,2306,买盘
346,10:00:30,11.53,0.0,6,6918,买盘
347,10:01:04,11.53,0.0,5,5765,买盘
348,10:01:15,11.52,-0.01,23,26496,卖盘
349,10:01:21,11.53,0.01,2,2306,买盘
350,10:01:31,11.53,0.0,1,1153,买盘
351,10:01:34,11.53,0.0,2,2306,买盘
352,10:01:36,11.53,0.0,1,1153,买盘
353,10:01:39,11.53,0.0,22,25366,买盘
354,10:01:51,11.53,0.0,56,64568,卖盘
355,10:01:54,11.53,0.0,21,24213,卖盘
356,10:02:03,11.53,0.0,60,69180,卖盘
357,10:02:06,11.53,0.0,76,87648,卖盘
358,10:02:37,11.53,0.0,19,21907,卖盘
359,10:02:57,11.53,0.0,1,1153,买盘
360,10:03:04,11.52,-0.01,2,2304,卖盘
361,10:03:09,11.52,0.0,30,34560,卖盘
362,10:03:15,11.52,0.0,38,43776,卖盘
363,10:03:18,11.52,0.0,14,16128,卖盘
364,10:03:25,11.52,0.0,7,7834,卖盘
365,10:03:33,11.52,0.0,31,35712,卖盘
366,10:03:36,11.52,0.0,9,10598,卖盘
367,10:03:40,11.51,-0.01,10,11510,卖盘
368,10:04:48,11.51,0.0,32,36832,卖盘
369,10:04:54,11.52,0.01,10,11520,买盘
370,10:05:00,11.51,-0.01,2,2302,卖盘
371,10:05:21,11.51,0.0,2,2302,卖盘
372,10:05:24,11.52,0.01,1,1152,买盘
373,10:05:27,11.52,0.0,10,11520,买盘
374,10:06:12,11.51,-0.01,33,37983,卖盘
375,10:06:34,11.5,-0.01,14,16100,卖盘
376,10:06:39,11.5,0.0,5,5750,卖盘
377,10:06:42,11.5,0.0,2,2300,卖盘
378,10:06:57,11.5,0.0,24,27619,卖盘
379,10:07:06,11.5,0.0,116,133400,卖盘
380,10:07:12,11.51,0.01,6,6906,买盘
381,10:07:45,11.5,-0.01,1,1150,卖盘
382,10:07:48,11.51,0.01,1,1151,买盘
383,10:08:04,11.5,-0.01,16,18400,卖盘
384,10:08:30,11.5,0.0,22,25300,卖盘
385,10:08:33,11.5,0.0,10,11500,买盘
386,10:08:36,11.49,-0.01,1,1149,卖盘
387,10:08:39,11.5,0.01,48,55200,买盘
388,10:09:04,11.5,0.0,30,34500,卖盘
389,10:09:15,11.5,0.0,9,10350,卖盘
390,10:09:48,11.5,0.0,14,16100,卖盘
391,10:09:57,11.51,0.01,12,13812,买盘
392,10:10:57,11.5,-0.01,48,55200,卖盘
393,10:11:09,11.5,0.0,1,1150,买盘
394,10:11:13,11.49,-0.01,2,2298,卖盘
395,10:11:18,11.49,0.0,16,18384,卖盘
396,10:11:27,11.49,0.0,6,6894,卖盘
397,10:11:39,11.49,0.0,12,13788,卖盘
398,10:11:51,11.49,0.0,7,8043,卖盘
399,10:11:54,11.49,0.0,35,40215,卖盘
400,10:11:57,11.49,0.0,32,36783,买盘
401,10:12:03,11.49,0.0,11,12639,卖盘
402,10:12:13,11.48,-0.01,148,169911,卖盘
403,10:12:15,11.48,0.0,17,19516,卖盘
404,10:12:27,11.48,0.0,11,12628,卖盘
405,10:13:03,11.48,0.0,14,16072,卖盘
406,10:13:09,11.48,0.0,42,48216,卖盘
407,10:13:24,11.47,-0.01,4,4588,卖盘
408,10:14:06,11.48,0.01,5,5740,买盘
409,10:14:27,11.48,0.0,3,3444,买盘
410,10:14:30,11.48,0.0,5,5740,买盘
411,10:14:33,11.48,0.0,6,6888,买盘
412,10:14:36,11.48,0.0,10,11480,买盘
413,10:14:39,11.48,0.0,11,12628,买盘
414,10:14:42,11.48,0.0,23,26404,买盘
415,10:14:45,11.48,0.0,8,9184,买盘
416,10:14:48,11.48,0.0,7,8036,买盘
417,10:14:54,11.48,0.0,1,1148,买盘
418,10:15:21,11.48,0.0,21,24108,卖盘
419,10:15:48,11.48,0.0,130,149241,卖盘
420,10:15:54,11.48,0.0,3,3444,买盘
421,10:15:57,11.48,0.0,10,11480,买盘
422,10:16:00,11.48,0.0,4,4592,买盘
423,10:16:12,11.48,0.0,56,64288,买盘
424,10:16:30,11.5,0.02,26,29900,买盘
425,10:16:48,11.51,0.01,60,69055,买盘
426,10:16:51,11.52,0.01,65,74650,买盘
427,10:17:06,11.53,0.01,98,112994,买盘
428,10:17:24,11.54,0.01,22,25388,买盘
429,10:17:27,11.53,-0.01,10,11530,卖盘
430,10:17:30,11.53,0.0,2,2306,卖盘
431,10:17:39,11.53,0.0,16,18448,卖盘
432,10:17:45,11.54,0.01,3,3462,买盘
433,10:17:48,11.54,0.0,4,4616,卖盘
434,10:18:00,11.54,0.0,5,5770,卖盘
435,10:18:04,11.54,0.0,15,17310,卖盘
436,10:18:12,11.54,0.0,20,23080,买盘
437,10:18:27,11.51,-0.03,63,72774,卖盘
438,10:19:33,11.51,0.0,26,29926,买盘
439,10:20:01,11.5,-0.01,20,23000,卖盘
440,10:20:19,11.48,-0.02,19,21826,卖盘
441,10:20:24,11.51,0.03,1,1151,买盘
442,10:20:45,11.51,0.0,3,3453,买盘
443,10:20:54,11.51,0.0,3,3453,买盘
444,10:21:04,11.49,-0.02,4,4596,卖盘
445,10:21:21,11.49,0.0,21,24129,卖盘
446,10:22:03,11.49,0.0,13,14937,卖盘
447,10:22:06,11.51,0.02,1,1151,买盘
448,10:23:00,11.49,-0.02,1,1149,卖盘
449,10:23:33,11.48,-0.01,16,18378,卖盘
450,10:23:42,11.5,0.02,3,3450,买盘
451,10:25:09,11.5,0.0,1,1150,买盘
452,10:25:12,11.5,0.0,33,37950,买盘
453,10:25:49,11.5,0.0,7,8050,卖盘
454,10:25:54,11.5,0.0,11,12650,卖盘
455,10:26:06,11.5,0.0,8,9200,买盘
456,10:26:15,11.49,-0.01,1,1149,卖盘
457,10:26:42,11.49,0.0,18,20682,卖盘
458,10:27:06,11.49,0.0,5,5745,买盘
459,10:27:33,11.48,-0.01,21,24108,卖盘
460,10:27:54,11.48,0.0,17,19516,卖盘
461,10:27:57,11.49,0.01,11,12635,买盘
462,10:28:12,11.49,0.0,9,10341,买盘
463,10:28:24,11.48,-0.01,29,33292,卖盘
464,10:28:54,11.48,0.0,23,26404,卖盘
465,10:29:04,11.49,0.01,24,27555,买盘
466,10:29:09,11.49,0.0,10,11490,买盘
467,10:29:24,11.49,0.0,2,2298,买盘
468,10:29:46,11.48,-0.01,23,26404,中性盘
469,10:29:51,11.48,0.0,11,12628,卖盘
470,10:29:54,11.49,0.01,3,3447,买盘
471,10:30:49,11.48,-0.01,48,55104,卖盘
472,10:31:06,11.48,0.0,18,20664,卖盘
473,10:31:57,11.49,0.01,10,11490,买盘
474,10:32:00,11.48,-0.01,14,16072,卖盘
475,10:32:15,11.48,0.0,28,32144,卖盘
476,10:32:54,11.48,0.0,5,5740,卖盘
477,10:33:00,11.49,0.01,21,24129,买盘
478,10:33:06,11.48,-0.01,58,66584,卖盘
479,10:33:36,11.48,0.0,15,17220,卖盘
480,10:33:57,11.47,-0.01,2,2294,卖盘
481,10:34:00,11.48,0.01,3,3444,买盘
482,10:34:04,11.48,0.0,9,10332,买盘
483,10:34:18,11.47,-0.01,68,77996,卖盘
484,10:34:33,11.48,0.01,3,3444,买盘
485,10:34:54,11.47,-0.01,5,5735,卖盘
486,10:35:06,11.47,0.0,189,216783,卖盘
487,10:35:18,11.47,0.0,23,26381,买盘
488,10:35:30,11.47,0.0,1,1147,买盘
489,10:35:54,11.48,0.01,15,17220,买盘
490,10:36:15,11.48,0.0,4,4592,买盘
491,10:36:18,11.47,-0.01,12,13764,卖盘
492,10:36:24,11.48,0.01,6,6888,买盘
493,10:36:48,11.48,0.0,3,3444,买盘
494,10:36:51,11.47,-0.01,30,34410,卖盘
495,10:37:09,11.47,0.0,20,22940,卖盘
496,10:37:24,11.47,0.0,14,16058,卖盘
497,10:37:51,11.47,0.0,10,11470,买盘
498,10:37:54,11.47,0.0,1,1147,买盘
499,10:38:00,11.47,0.0,1,1147,买盘
500,10:38:04,11.47,0.0,5,5735,买盘
501,10:38:12,11.47,0.0,5,5735,买盘
502,10:38:18,11.46,-0.01,18,20628,卖盘
503,10:38:36,11.47,0.01,20,22940,买盘
504,10:38:42,11.47,0.0,6,6882,买盘
505,10:38:51,11.47,0.0,6,6882,卖盘
506,10:39:33,11.47,0.0,17,19499,卖盘
507,10:39:45,11.48,0.01,2,2296,买盘
508,10:39:48,11.48,0.0,2,2296,买盘
509,10:39:51,11.48,0.0,2,2296,买盘
510,10:39:54,11.48,0.0,3,3444,买盘
511,10:39:57,11.48,0.0,2,2296,买盘
512,10:40:00,11.48,0.0,2,2296,买盘
513,10:40:04,11.48,0.0,2,2296,买盘
514,10:40:07,11.48,0.0,2,2296,买盘
515,10:40:09,11.48,0.0,2,2296,买盘
516,10:40:12,11.48,0.0,2,2296,买盘
517,10:41:06,11.48,0.0,2,2296,买盘
518,10:41:09,11.48,0.0,3,3444,买盘
519,10:41:12,11.48,0.0,8,9184,买盘
520,10:41:18,11.48,0.0,5,5740,买盘
521,10:41:21,11.48,0.0,3,3444,买盘
522,10:41:27,11.47,-0.01,17,19499,卖盘
523,10:41:36,11.48,0.01,3,3444,买盘
524,10:41:54,11.48,0.0,3,3444,买盘
525,10:41:57,11.48,0.0,17,19516,买盘
526,10:42:18,11.47,-0.01,8,9176,卖盘
527,10:42:21,11.47,0.0,5,5735,卖盘
528,10:42:24,11.47,0.0,14,16058,卖盘
529,10:42:39,11.47,0.0,2,2294,卖盘
530,10:43:07,11.48,0.01,1,1148,买盘
531,10:43:58,11.47,-0.01,1,1147,卖盘
532,10:44:06,11.48,0.01,54,61992,买盘
533,10:44:09,11.48,0.0,1,1148,买盘
534,10:44:15,11.48,0.0,10,11480,买盘
535,10:45:06,11.47,-0.01,5,5735,卖盘
536,10:45:27,11.48,0.01,3,3444,买盘
537,10:45:48,11.47,-0.01,3,3441,卖盘
538,10:46:09,11.48,0.01,1,1148,买盘
539,10:46:18,11.48,0.0,5,5740,买盘
540,10:46:36,11.48,0.0,6,6888,买盘
541,10:46:54,11.47,-0.01,10,11470,卖盘
542,10:46:58,11.48,0.01,7,8036,买盘
543,10:47:18,11.47,-0.01,13,14911,卖盘
544,10:47:39,11.48,0.01,31,35588,买盘
545,10:47:46,11.48,0.0,4,4592,卖盘
546,10:48:00,11.49,0.01,1,1149,买盘
547,10:48:45,11.49,0.0,15,17235,买盘
548,10:48:57,11.49,0.0,60,68940,买盘
549,10:49:45,11.5,0.01,2,2300,买盘
550,10:49:48,11.5,0.0,3,3450,买盘
551,10:49:51,11.5,0.0,2,2300,买盘
552,10:49:54,11.5,0.0,2,2300,买盘
553,10:49:57,11.5,0.0,2,2300,买盘
554,10:50:00,11.5,0.0,2,2300,买盘
555,10:50:03,11.5,0.0,2,2300,买盘
556,10:50:07,11.5,0.0,2,2300,买盘
557,10:50:10,11.5,0.0,5,5750,买盘
558,10:50:12,11.5,0.0,3,3450,买盘
559,10:50:15,11.49,-0.01,15,17235,卖盘
560,10:50:30,11.49,0.0,101,116049,买盘
561,10:50:51,11.49,0.0,2,2298,买盘
562,10:51:57,11.48,-0.01,16,18371,卖盘
563,10:52:03,11.48,0.0,1,1148,卖盘
564,10:53:39,11.5,0.02,1,1150,买盘
565,10:53:42,11.49,-0.01,16,18384,卖盘
566,10:54:01,11.49,0.0,68,78132,卖盘
567,10:54:04,11.49,0.0,12,13788,卖盘
568,10:54:09,11.49,0.0,30,34470,卖盘
569,10:54:18,11.49,0.0,1,1149,买盘
570,10:54:57,11.49,0.0,8,9192,买盘
571,10:55:33,11.48,-0.01,12,13785,卖盘
572,10:55:45,11.5,0.02,2,2300,买盘
573,10:55:48,11.5,0.0,120,138000,买盘
574,10:57:42,11.5,0.0,3,3450,买盘
575,10:57:57,11.5,0.0,16,18400,买盘
576,10:58:21,11.51,0.01,4,4604,买盘
577,10:59:51,11.51,0.0,1,1151,买盘
578,10:59:54,11.51,0.0,1,1151,买盘
579,10:59:57,11.51,0.0,1,1151,买盘
580,11:00:00,11.51,0.0,1,1151,买盘
581,11:00:03,11.51,0.0,1,1151,买盘
582,11:00:06,11.51,0.0,1,1151,买盘
583,11:00:09,11.5,-0.01,2,2301,卖盘
584,11:00:12,11.51,0.01,1,1151,买盘
585,11:00:18,11.5,-0.01,13,14950,卖盘
586,11:00:21,11.51,0.01,4,4604,买盘
587,11:00:33,11.51,0.0,52,59852,买盘
588,11:01:15,11.5,-0.01,3,3450,卖盘
589,11:01:21,11.49,-0.01,101,116121,卖盘
590,11:01:33,11.49,0.0,17,19533,卖盘
591,11:02:33,11.49,0.0,67,76983,卖盘
592,11:02:54,11.5,0.01,11,12650,买盘
593,11:03:21,11.49,-0.01,145,166605,卖盘
594,11:03:33,11.49,0.0,14,16086,卖盘
595,11:04:00,11.49,0.0,100,114900,卖盘
596,11:04:36,11.49,0.0,16,18384,卖盘
597,11:05:03,11.49,0.0,16,18384,卖盘
598,11:05:36,11.5,0.01,5,5750,买盘
599,11:05:51,11.49,-0.01,20,22980,卖盘
600,11:06:48,11.49,0.0,13,14937,卖盘
601,11:07:45,11.49,0.0,3,3447,卖盘
602,11:07:51,11.49,0.0,1,1149,卖盘
603,11:08:19,11.49,0.0,22,25262,卖盘
604,11:08:39,11.48,-0.01,10,11480,卖盘
605,11:08:57,11.48,0.0,29,33292,卖盘
606,11:09:04,11.48,0.0,10,11480,卖盘
607,11:09:48,11.49,0.01,2,2298,买盘
608,11:09:51,11.49,0.0,2,2298,买盘
609,11:09:54,11.49,0.0,2,2298,买盘
610,11:09:57,11.49,0.0,2,2298,买盘
611,11:10:00,11.49,0.0,2,2298,买盘
612,11:10:04,11.48,-0.01,8,8956,卖盘
613,11:10:06,11.49,0.01,2,2298,买盘
614,11:10:09,11.48,-0.01,22,25258,卖盘
615,11:10:12,11.49,0.01,3,3447,买盘
616,11:10:27,11.48,-0.01,19,21812,卖盘
617,11:11:39,11.48,0.0,49,56252,卖盘
618,11:11:45,11.49,0.01,50,57450,买盘
619,11:12:03,11.48,-0.01,14,16072,卖盘
620,11:12:09,11.49,0.01,84,96918,买盘
621,11:12:36,11.49,0.0,35,40215,卖盘
622,11:12:52,11.49,0.0,30,34470,卖盘
623,11:13:30,11.5,0.01,10,11500,买盘
624,11:14:12,11.49,-0.01,3,3447,卖盘
625,11:14:19,11.49,0.0,3,3447,卖盘
626,11:14:30,11.49,0.0,165,189298,卖盘
627,11:14:42,11.49,0.0,3,3447,卖盘
628,11:14:54,11.49,0.0,2,2298,卖盘
629,11:14:57,11.49,0.0,18,20682,卖盘
630,11:15:01,11.49,0.0,2,2298,卖盘
631,11:15:04,11.49,0.0,47,54003,卖盘
632,11:15:07,11.49,0.0,25,28726,卖盘
633,11:15:10,11.49,0.0,3,3447,卖盘
634,11:15:15,11.49,0.0,3,3447,卖盘
635,11:15:18,11.49,0.0,13,14937,卖盘
636,11:15:21,11.49,0.0,30,34470,卖盘
637,11:15:33,11.49,0.0,3,3447,卖盘
638,11:16:04,11.49,0.0,96,110189,卖盘
639,11:16:27,11.48,-0.01,100,114800,卖盘
640,11:16:42,11.48,0.0,10,11480,卖盘
641,11:17:15,11.49,0.01,1,1149,买盘
642,11:17:18,11.49,0.0,13,14937,买盘
643,11:17:21,11.48,-0.01,18,20664,卖盘
644,11:18:18,11.48,0.0,4,4592,卖盘
645,11:18:24,11.48,0.0,92,105616,卖盘
646,11:18:33,11.48,0.0,17,19516,卖盘
647,11:18:51,11.48,0.0,2,2296,卖盘
648,11:19:12,11.48,0.0,5,5740,卖盘
649,11:19:24,11.48,0.0,10,11480,卖盘
650,11:19:27,11.49,0.01,1,1149,买盘
651,11:19:30,11.48,-0.01,274,314782,卖盘
652,11:19:57,11.47,-0.01,13,14922,卖盘
653,11:20:00,11.47,0.0,18,20657,卖盘
654,11:20:03,11.48,0.01,12,13776,买盘
655,11:20:21,11.47,-0.01,30,34410,卖盘
656,11:20:54,11.47,0.0,1,1147,卖盘
657,11:20:58,11.47,0.0,20,22940,卖盘
658,11:21:12,11.47,0.0,9,10323,卖盘
659,11:21:37,11.47,0.0,18,20646,卖盘
660,11:21:45,11.46,-0.01,2,2292,卖盘
661,11:22:30,11.46,0.0,1,1146,卖盘
662,11:22:33,11.47,0.01,6,6882,买盘
663,11:22:42,11.47,0.0,1,1147,买盘
664,11:22:45,11.47,0.0,7,8029,买盘
665,11:22:48,11.46,-0.01,13,14903,卖盘
666,11:23:55,11.47,0.01,1,1147,卖盘
667,11:24:00,11.48,0.01,3,3444,买盘
668,11:24:09,11.48,0.0,20,22960,买盘
669,11:24:48,11.47,-0.01,2,2294,卖盘
670,11:24:57,11.47,0.0,19,21793,卖盘
671,11:25:15,11.47,0.0,2,2294,卖盘
672,11:25:18,11.47,0.0,3,3441,卖盘
673,11:25:48,11.47,0.0,3,3441,卖盘
674,11:25:51,11.47,0.0,1,1147,卖盘
675,11:26:18,11.47,0.0,1,1147,卖盘
676,11:26:21,11.47,0.0,8,9291,卖盘
677,11:26:57,11.48,0.01,22,25256,买盘
678,11:27:04,11.47,-0.01,19,21793,卖盘
679,11:28:00,11.47,0.0,25,28675,卖盘
680,11:28:18,11.48,0.01,18,20647,买盘
681,13:00:03,11.48,0.0,50,57089,买盘
682,13:00:06,11.47,-0.01,3,3441,卖盘
683,13:00:27,11.48,0.01,1,1148,买盘
684,13:01:09,11.48,0.0,8,9184,买盘
685,13:01:27,11.47,-0.01,17,19499,卖盘
686,13:01:57,11.49,0.02,85,97588,买盘
687,13:03:33,11.48,-0.01,15,17220,卖盘
688,13:03:39,11.49,0.01,42,48258,买盘
689,13:05:18,11.48,-0.01,14,16072,卖盘
690,13:06:39,11.48,0.0,1,1148,卖盘
691,13:07:18,11.48,0.0,1,1148,买盘
692,13:07:27,11.47,-0.01,19,21793,卖盘
693,13:07:42,11.47,0.0,10,11470,卖盘
694,13:08:48,11.47,0.0,16,18352,卖盘
695,13:09:09,11.48,0.01,1,1148,买盘
696,13:09:19,11.47,-0.01,3,3441,卖盘
697,13:10:21,11.48,0.01,1,1148,买盘
698,13:10:24,11.48,0.0,1,1148,买盘
699,13:10:27,11.48,0.0,1,1148,买盘
700,13:10:36,11.48,0.0,10,11480,买盘
701,13:10:48,11.47,-0.01,18,20646,卖盘
702,13:10:51,11.48,0.01,2,2296,买盘
703,13:12:09,11.47,-0.01,17,19499,卖盘
704,13:12:30,11.47,0.0,10,11470,卖盘
705,13:12:33,11.47,0.0,13,14911,卖盘
706,13:12:45,11.47,0.0,1,1147,卖盘
707,13:13:19,11.47,0.0,13,14911,卖盘
708,13:13:36,11.48,0.01,1,1148,买盘
709,13:14:06,11.47,-0.01,20,22940,卖盘
710,13:14:15,11.47,0.0,2,2294,卖盘
711,13:14:27,11.47,0.0,17,19499,卖盘
712,13:14:30,11.47,0.0,1,1147,卖盘
713,13:14:45,11.47,0.0,1,1147,卖盘
714,13:15:04,11.47,0.0,6,6882,卖盘
715,13:15:06,11.47,0.0,1,1147,卖盘
716,13:15:15,11.47,0.0,1,1147,卖盘
717,13:15:27,11.48,0.01,20,22960,买盘
718,13:15:45,11.47,-0.01,4,4590,卖盘
719,13:15:48,11.47,0.0,16,18352,卖盘
720,13:15:51,11.48,0.01,20,22960,买盘
721,13:16:06,11.48,0.0,1,1148,买盘
722,13:16:15,11.47,-0.01,21,24107,卖盘
723,13:16:25,11.47,0.0,5,5735,卖盘
724,13:16:36,11.47,0.0,1,1147,卖盘
725,13:16:45,11.47,0.0,1,1147,卖盘
726,13:16:57,11.48,0.01,27,30996,买盘
727,13:17:06,11.48,0.0,5,5740,卖盘
728,13:17:15,11.49,0.01,5,5745,买盘
729,13:17:33,11.48,-0.01,2,2296,卖盘
730,13:18:15,11.48,0.0,1,1148,卖盘
731,13:18:39,11.48,0.0,10,11480,卖盘
732,13:18:45,11.48,0.0,2,2297,卖盘
733,13:19:00,11.48,0.0,1,1148,卖盘
734,13:19:04,11.48,0.0,13,14924,卖盘
735,13:19:15,11.48,0.0,1,1148,卖盘
736,13:19:45,11.48,0.0,13,14924,卖盘
737,13:20:00,11.48,0.0,1,1148,卖盘
738,13:20:04,11.49,0.01,2,2298,买盘
739,13:20:06,11.49,0.0,2,2298,买盘
740,13:20:09,11.49,0.0,2,2298,买盘
741,13:20:12,11.48,-0.01,5,5742,卖盘
742,13:20:15,11.49,0.01,2,2298,买盘
743,13:20:18,11.49,0.0,2,2298,买盘
744,13:20:22,11.48,-0.01,3,3446,卖盘
745,13:20:24,11.49,0.01,2,2298,买盘
746,13:20:27,11.48,-0.01,4,4594,卖盘
747,13:20:31,11.47,-0.01,1,1147,卖盘
748,13:20:45,11.47,0.0,1,1147,卖盘
749,13:20:51,11.48,0.01,10,11480,买盘
750,13:21:06,11.47,-0.01,19,21793,卖盘
751,13:21:16,11.47,0.0,3,3441,卖盘
752,13:21:30,11.48,0.01,2,2295,买盘
753,13:21:45,11.47,-0.01,1,1147,卖盘
754,13:21:48,11.47,0.0,1,1147,卖盘
755,13:22:15,11.47,0.0,1,1147,卖盘
756,13:22:18,11.47,0.0,1,1147,卖盘
757,13:22:21,11.47,0.0,1,1147,卖盘
758,13:22:33,11.47,0.0,65,74605,卖盘
759,13:22:45,11.47,0.0,1,1147,卖盘
760,13:22:51,11.47,0.0,1,1147,卖盘
761,13:23:15,11.47,0.0,2,2294,卖盘
762,13:23:18,11.48,0.01,1,1148,买盘
763,13:23:30,11.47,-0.01,2,2294,卖盘
764,13:24:01,11.47,0.0,2,2294,卖盘
765,13:24:06,11.48,0.01,16,18368,买盘
766,13:24:15,11.47,-0.01,1,1147,卖盘
767,13:24:24,11.47,0.0,2,2294,卖盘
768,13:24:30,11.47,0.0,1,1147,卖盘
769,13:24:36,11.48,0.01,23,26404,买盘
770,13:24:39,11.48,0.0,6,6888,买盘
771,13:24:48,11.47,-0.01,20,22940,卖盘
772,13:25:00,11.47,0.0,1,1147,卖盘
773,13:25:04,11.48,0.01,45,51660,买盘
774,13:25:06,11.47,-0.01,5,5735,卖盘
775,13:25:16,11.47,0.0,25,28675,卖盘
776,13:25:18,11.48,0.01,4,4592,买盘
777,13:25:46,11.48,0.0,15,17220,买盘
778,13:25:49,11.48,0.0,17,19516,买盘
779,13:26:15,11.48,0.0,2,2296,卖盘
780,13:26:18,11.48,0.0,1,1148,卖盘
781,13:26:39,11.48,0.0,3,3444,卖盘
782,13:26:57,11.48,0.0,60,68880,卖盘
783,13:27:15,11.49,0.01,1,1149,买盘
784,13:27:18,11.48,-0.01,1,1148,卖盘
785,13:27:36,11.48,0.0,4,4592,卖盘
786,13:27:42,11.49,0.01,10,11490,买盘
787,13:28:03,11.48,-0.01,14,16072,卖盘
788,13:28:18,11.48,0.0,3,3444,卖盘
789,13:28:33,11.48,0.0,1,1148,卖盘
790,13:28:45,11.48,0.0,3,3444,卖盘
791,13:28:51,11.49,0.01,56,64344,买盘
792,13:28:54,11.49,0.0,2,2298,买盘
793,13:29:00,11.49,0.0,6,6894,买盘
794,13:29:06,11.49,0.0,6,6894,买盘
795,13:29:10,11.49,0.0,3,3447,买盘
796,13:29:13,11.49,0.0,8,9191,买盘
797,13:29:30,11.48,-0.01,7,8036,卖盘
798,13:29:45,11.49,0.01,8,9192,买盘
799,13:29:51,11.49,0.0,36,41364,买盘
800,13:30:06,11.49,0.0,4,4596,买盘
801,13:30:09,11.49,0.0,4,4596,买盘
802,13:30:12,11.49,0.0,5,5745,买盘
803,13:30:15,11.49,0.0,9,11260,买盘
804,13:30:18,11.5,0.01,4,4600,买盘
805,13:30:21,11.5,0.0,4,4600,买盘
806,13:30:24,11.5,0.0,4,4600,买盘
807,13:30:27,11.5,0.0,4,4600,买盘
808,13:30:45,11.49,-0.01,5,5745,卖盘
809,13:31:12,11.49,0.0,5,5745,卖盘
810,13:31:16,11.5,0.01,10,11500,买盘
811,13:31:21,11.49,-0.01,2,2298,卖盘
812,13:31:24,11.49,0.0,10,11490,卖盘
813,13:31:45,11.49,0.0,5,5745,卖盘
814,13:31:51,11.49,0.0,18,20682,卖盘
815,13:31:54,11.5,0.01,27,31050,买盘
816,13:32:18,11.48,-0.02,51,58620,买盘
817,13:32:30,11.5,0.02,8,9200,买盘
818,13:32:48,11.5,0.0,100,115000,买盘
819,13:33:25,11.5,0.0,57,65550,买盘
820,13:34:15,11.49,-0.01,12,13788,卖盘
821,13:35:19,11.5,0.01,3,3450,买盘
822,13:35:24,11.5,0.0,8,9200,买盘
823,13:35:48,11.49,-0.01,13,14937,卖盘
824,13:37:16,11.49,0.0,4,4596,卖盘
825,13:37:18,11.49,0.0,16,18384,卖盘
826,13:37:27,11.49,0.0,13,14937,卖盘
827,13:37:33,11.49,0.0,9,10341,卖盘
828,13:37:39,11.49,0.0,1,1149,卖盘
829,13:37:45,11.49,0.0,3,3447,卖盘
830,13:37:48,11.49,0.0,16,18384,卖盘
831,13:37:51,11.49,0.0,56,64344,卖盘
832,13:38:04,11.49,0.0,4,4596,卖盘
833,13:38:15,11.49,0.0,2,2298,卖盘
834,13:38:45,11.49,0.0,1,1149,卖盘
835,13:38:54,11.49,0.0,20,22980,卖盘
836,13:39:12,11.48,-0.01,70,80428,卖盘
837,13:39:15,11.48,0.0,2,2296,卖盘
838,13:39:45,11.48,0.0,4,4592,卖盘
839,13:39:48,11.48,0.0,1,1148,卖盘
840,13:40:06,11.48,0.0,9,10332,卖盘
841,13:40:09,11.5,0.02,3,3450,买盘
842,13:40:12,11.5,0.0,3,3450,买盘
843,13:40:15,11.49,-0.01,5,5749,卖盘
844,13:40:18,11.5,0.01,5,5750,买盘
845,13:40:21,11.5,0.0,8,9200,买盘
846,13:40:24,11.5,0.0,3,3450,买盘
847,13:40:27,11.5,0.0,3,3450,买盘
848,13:40:36,11.5,0.0,3,3450,买盘
849,13:40:48,11.48,-0.02,14,16081,卖盘
850,13:40:51,11.5,0.02,10,11500,买盘
851,13:41:15,11.48,-0.02,1,1148,卖盘
852,13:41:45,11.49,0.01,2,2298,卖盘
853,13:41:51,11.5,0.01,1,1150,买盘
854,13:42:04,11.49,-0.01,1,1149,卖盘
855,13:42:16,11.49,0.0,1,1149,卖盘
856,13:42:45,11.49,0.0,2,2298,卖盘
857,13:43:04,11.48,-0.01,20,22974,卖盘
858,13:43:15,11.48,0.0,3,3444,卖盘
859,13:43:45,11.48,0.0,2,2296,卖盘
860,13:44:00,11.49,0.01,10,11490,买盘
861,13:44:15,11.48,-0.01,2,2296,卖盘
862,13:44:22,11.48,0.0,1,1148,卖盘
863,13:44:27,11.48,0.0,2,1378,卖盘
864,13:44:33,11.48,0.0,15,17220,卖盘
865,13:44:45,11.48,0.0,2,2296,卖盘
866,13:44:55,11.49,0.01,1,1149,买盘
867,13:45:15,11.48,-0.01,2,2296,卖盘
868,13:45:45,11.48,0.0,2,2296,卖盘
869,13:45:51,11.48,0.0,18,20664,卖盘
870,13:46:00,11.48,0.0,4,4592,卖盘
871,13:46:09,11.48,0.0,10,11480,卖盘
872,13:46:12,11.48,0.0,9,10332,卖盘
873,13:46:15,11.48,0.0,6,6888,卖盘
874,13:46:19,11.48,0.0,5,5740,卖盘
875,13:46:24,11.48,0.0,20,22960,卖盘
876,13:46:27,11.48,0.0,31,35588,卖盘
877,13:46:30,11.48,0.0,23,26404,卖盘
878,13:46:33,11.48,0.0,5,5740,卖盘
879,13:46:37,11.48,0.0,7,8036,卖盘
880,13:46:39,11.48,0.0,4,4592,卖盘
881,13:46:42,11.48,0.0,21,24108,卖盘
882,13:46:45,11.48,0.0,10,11480,卖盘
883,13:46:48,11.48,0.0,4,4592,卖盘
884,13:46:51,11.48,0.0,3,3444,卖盘
885,13:46:57,11.48,0.0,27,30996,卖盘
886,13:47:15,11.47,-0.01,2,2294,卖盘
887,13:47:21,11.47,0.0,1,1147,卖盘
888,13:47:45,11.47,0.0,1,1147,卖盘
889,13:47:48,11.48,0.01,17,19516,买盘
890,13:47:51,11.47,-0.01,1,1147,卖盘
891,13:48:16,11.47,0.0,1,1147,卖盘
892,13:48:18,11.47,0.0,14,16058,卖盘
893,13:48:21,11.47,0.0,1,1147,卖盘
894,13:48:39,11.47,0.0,20,22940,卖盘
895,13:48:45,11.47,0.0,2,2294,卖盘
896,13:48:48,11.48,0.01,21,24108,买盘
897,13:48:51,11.47,-0.01,1,1147,卖盘
898,13:48:54,11.47,0.0,1,1147,卖盘
899,13:48:57,11.47,0.0,7,8029,卖盘
900,13:49:00,11.48,0.01,10,11480,买盘
901,13:49:15,11.47,-0.01,2,2294,卖盘
902,13:49:30,11.47,0.0,11,12617,卖盘
903,13:49:45,11.47,0.0,2,2294,卖盘
904,13:49:48,11.47,0.0,3,3441,卖盘
905,13:49:51,11.47,0.0,1,1147,卖盘
906,13:50:03,11.47,0.0,4,4588,卖盘
907,13:50:06,11.48,0.01,2,2296,买盘
908,13:50:09,11.48,0.0,2,2296,买盘
909,13:50:12,11.47,-0.01,19,21795,卖盘
910,13:50:15,11.47,0.0,5,5738,卖盘
911,13:50:18,11.48,0.01,92,105613,买盘
912,13:50:21,11.49,0.01,8,9192,买盘
913,13:50:30,11.48,-0.01,3,3444,卖盘
914,13:50:45,11.48,0.0,3,3444,卖盘
915,13:51:04,11.48,0.0,4,4592,卖盘
916,13:51:15,11.48,0.0,3,3444,卖盘
917,13:51:30,11.48,0.0,7,8036,卖盘
918,13:51:48,11.48,0.0,3,3444,卖盘
919,13:52:00,11.48,0.0,3,3444,卖盘
920,13:52:06,11.48,0.0,8,9184,买盘
921,13:52:09,11.49,0.01,3,3447,买盘
922,13:52:12,11.49,0.0,3,3447,买盘
923,13:52:15,11.48,-0.01,6,6891,卖盘
924,13:52:18,11.49,0.01,3,3447,买盘
925,13:52:21,11.48,-0.01,1,1148,卖盘
926,13:52:34,11.47,-0.01,13,14912,卖盘
927,13:52:45,11.47,0.0,4,4588,卖盘
928,13:53:00,11.47,0.0,3,3441,卖盘
929,13:53:15,11.47,0.0,5,5735,卖盘
930,13:53:18,11.47,0.0,3,3441,卖盘
931,13:53:30,11.47,0.0,3,3441,卖盘
932,13:53:39,11.47,0.0,7,8029,卖盘
933,13:53:45,11.47,0.0,4,4588,卖盘
934,13:54:00,11.47,0.0,3,3441,卖盘
935,13:54:15,11.47,0.0,3,3441,卖盘
936,13:54:30,11.47,0.0,3,3441,卖盘
937,13:54:45,11.47,0.0,7,8029,卖盘
938,13:54:57,11.47,0.0,18,20646,卖盘
939,13:55:00,11.47,0.0,3,3441,卖盘
940,13:55:03,11.48,0.01,44,50492,买盘
941,13:55:15,11.48,0.0,50,57400,买盘
942,13:55:18,11.47,-0.01,6,6885,卖盘
943,13:55:21,11.48,0.01,5,5740,买盘
944,13:55:24,11.48,0.0,1,1148,买盘
945,13:55:33,11.47,-0.01,3,3441,卖盘
946,13:55:48,11.47,0.0,4,4588,卖盘
947,13:56:00,11.47,0.0,3,3441,卖盘
948,13:56:18,11.47,0.0,3,3441,卖盘
949,13:56:30,11.47,0.0,4,4588,卖盘
950,13:56:45,11.47,0.0,3,3441,卖盘
951,13:56:55,11.47,0.0,3,3441,卖盘
952,13:57:00,11.47,0.0,3,3441,卖盘
953,13:57:18,11.47,0.0,3,3441,卖盘
954,13:57:22,11.47,0.0,10,11470,卖盘
955,13:57:30,11.47,0.0,4,4588,卖盘
956,13:57:36,11.47,0.0,2,2294,卖盘
957,13:57:45,11.47,0.0,3,3441,卖盘
958,13:57:52,11.47,0.0,1,1147,卖盘
959,13:58:00,11.47,0.0,3,3441,卖盘
960,13:58:06,11.48,0.01,1,1148,买盘
961,13:58:13,11.48,0.0,3,3444,买盘
962,13:58:15,11.47,-0.01,3,3441,卖盘
963,13:58:18,11.47,0.0,13,14911,卖盘
964,13:58:30,11.47,0.0,5,5736,卖盘
965,13:58:45,11.47,0.0,3,3441,卖盘
966,13:59:00,11.47,0.0,3,3441,卖盘
967,13:59:18,11.47,0.0,4,4588,卖盘
968,13:59:30,11.47,0.0,3,3441,卖盘
969,13:59:48,11.47,0.0,20,22940,卖盘
970,14:00:04,11.47,0.0,103,118141,卖盘
971,14:00:06,11.46,-0.01,1,1146,卖盘
972,14:00:16,11.46,0.0,6,6876,卖盘
973,14:00:19,11.46,0.0,10,11460,卖盘
974,14:00:22,11.46,0.0,13,14898,卖盘
975,14:00:24,11.46,0.0,17,19482,卖盘
976,14:00:27,11.46,0.0,9,10314,卖盘
977,14:00:30,11.46,0.0,22,25212,卖盘
978,14:00:33,11.46,0.0,35,40110,卖盘
979,14:00:36,11.46,0.0,25,28650,卖盘
980,14:00:39,11.46,0.0,28,32088,卖盘
981,14:00:42,11.46,0.0,19,21774,卖盘
982,14:00:45,11.45,-0.01,15,17181,卖盘
983,14:00:48,11.45,0.0,62,70990,卖盘
984,14:00:51,11.45,0.0,39,44655,卖盘
985,14:00:54,11.45,0.0,29,33205,卖盘
986,14:00:57,11.45,0.0,26,29770,卖盘
987,14:01:00,11.45,0.0,17,19465,卖盘
988,14:01:03,11.44,-0.01,15,17162,卖盘
989,14:01:06,11.44,0.0,18,20592,卖盘
990,14:01:09,11.44,0.0,14,16016,卖盘
991,14:01:12,11.44,0.0,12,13728,卖盘
992,14:01:15,11.44,0.0,14,16016,卖盘
993,14:01:19,11.44,0.0,12,13728,卖盘
994,14:01:21,11.44,0.0,6,6864,卖盘
995,14:01:24,11.44,0.0,2,2288,卖盘
996,14:01:27,11.44,0.0,1,1144,卖盘
997,14:01:30,11.44,0.0,10,11440,卖盘
998,14:01:36,11.43,-0.01,1,1143,卖盘
999,14:01:43,11.43,0.0,11,12573,卖盘
1000,14:01:45,11.43,0.0,1,1143,卖盘
1001,14:01:48,11.43,0.0,3,3429,卖盘
1002,14:01:58,11.43,0.0,3,3429,卖盘
1003,14:02:00,11.43,0.0,15,17155,卖盘
1004,14:02:06,11.43,0.0,75,85725,卖盘
1005,14:02:12,11.43,0.0,20,22860,卖盘
1006,14:02:15,11.43,0.0,22,25155,卖盘
1007,14:02:24,11.43,0.0,8,9144,卖盘
1008,14:02:33,11.43,0.0,3,3429,卖盘
1009,14:02:45,11.43,0.0,5,5715,卖盘
1010,14:02:48,11.43,0.0,5,5715,卖盘
1011,14:03:00,11.43,0.0,4,4572,卖盘
1012,14:03:06,11.43,0.0,1,1143,卖盘
1013,14:03:09,11.43,0.0,2,2286,卖盘
1014,14:03:16,11.43,0.0,4,4572,卖盘
1015,14:03:33,11.43,0.0,53,60629,卖盘
1016,14:03:46,11.43,0.0,4,4572,卖盘
1017,14:03:51,11.44,0.01,7,8008,买盘
1018,14:03:54,11.44,0.0,13,14872,买盘
1019,14:04:04,11.44,0.0,4,4576,卖盘
1020,14:04:16,11.44,0.0,4,4576,卖盘
1021,14:04:21,11.44,0.0,15,17160,卖盘
1022,14:04:30,11.44,0.0,1,1144,卖盘
1023,14:04:33,11.44,0.0,3,3432,卖盘
1024,14:04:45,11.44,0.0,3,3432,买盘
1025,14:04:48,11.44,0.0,3,3432,卖盘
1026,14:04:51,11.46,0.02,36,41256,买盘
1027,14:05:00,11.44,-0.02,4,4576,卖盘
1028,14:05:09,11.44,0.0,5,5720,买盘
1029,14:05:18,11.44,0.0,18,20577,卖盘
1030,14:05:31,11.44,0.0,2,2288,卖盘
1031,14:05:33,11.44,0.0,3,3432,卖盘
1032,14:05:48,11.44,0.0,62,71044,卖盘
1033,14:06:03,11.44,0.0,5,5724,卖盘
1034,14:06:18,11.44,0.0,3,3432,卖盘
1035,14:06:33,11.45,0.01,3,3435,卖盘
1036,14:06:39,11.46,0.01,56,64176,买盘
1037,14:06:45,11.46,0.0,33,37814,买盘
1038,14:06:48,11.47,0.01,1,1147,买盘
1039,14:07:03,11.46,-0.01,3,3438,卖盘
1040,14:07:18,11.46,0.0,3,3438,卖盘
1041,14:07:27,11.47,0.01,3,3441,买盘
1042,14:07:30,11.46,-0.01,3,3438,卖盘
1043,14:07:39,11.46,0.0,30,34380,卖盘
1044,14:07:45,11.46,0.0,4,4584,卖盘
1045,14:08:00,11.47,0.01,8,9176,买盘
1046,14:08:03,11.47,0.0,1,1147,买盘
1047,14:08:06,11.47,0.0,8,9173,买盘
1048,14:08:18,11.46,-0.01,3,3438,卖盘
1049,14:08:33,11.46,0.0,4,4584,卖盘
1050,14:08:45,11.46,0.0,3,3438,卖盘
1051,14:08:51,11.46,0.0,19,21777,卖盘
1052,14:09:00,11.47,0.01,3,3441,买盘
1053,14:09:06,11.46,-0.01,3,3438,卖盘
1054,14:09:16,11.46,0.0,3,3438,卖盘
1055,14:09:18,11.46,0.0,3,3438,卖盘
1056,14:09:33,11.47,0.01,3,3441,买盘
1057,14:09:36,11.46,-0.01,11,12609,卖盘
1058,14:09:46,11.46,0.0,3,3438,卖盘
1059,14:09:48,11.46,0.0,12,13752,卖盘
1060,14:09:52,11.46,0.0,6,6879,卖盘
1061,14:09:54,11.47,0.01,9,10323,买盘
1062,14:09:57,11.47,0.0,3,3441,买盘
1063,14:10:03,11.46,-0.01,6,6876,卖盘
1064,14:10:06,11.47,0.01,3,3441,买盘
1065,14:10:19,11.46,-0.01,6,6876,卖盘
1066,14:10:30,11.46,0.0,3,3438,卖盘
1067,14:10:33,11.46,0.0,4,4584,卖盘
1068,14:10:36,11.46,0.0,4,4584,卖盘
1069,14:10:48,11.46,0.0,3,3438,卖盘
1070,14:10:54,11.46,0.0,3,3438,卖盘
1071,14:11:03,11.46,0.0,20,22920,卖盘
1072,14:11:10,11.46,0.0,3,3438,卖盘
1073,14:11:15,11.46,0.0,4,4584,卖盘
1074,14:11:18,11.46,0.0,3,3438,卖盘
1075,14:11:30,11.46,0.0,4,4584,卖盘
1076,14:11:36,11.46,0.0,4,4584,卖盘
1077,14:11:51,11.46,0.0,6,6876,卖盘
1078,14:11:55,11.46,0.0,14,16044,卖盘
1079,14:12:00,11.46,0.0,6,6879,卖盘
1080,14:12:04,11.46,0.0,7,8025,卖盘
1081,14:12:06,11.47,0.01,4,4588,买盘
1082,14:12:09,11.47,0.0,3,3441,买盘
1083,14:12:22,11.46,-0.01,8,9168,卖盘
1084,14:12:37,11.46,0.0,6,6876,卖盘
1085,14:12:45,11.46,0.0,1,1146,卖盘
1086,14:12:57,11.45,-0.01,21,24045,卖盘
1087,14:13:04,11.45,0.0,18,20610,卖盘
1088,14:13:21,11.45,0.0,8,9160,卖盘
1089,14:13:33,11.45,0.0,3,3435,卖盘
1090,14:13:36,11.45,0.0,3,3435,卖盘
1091,14:13:45,11.45,0.0,3,3435,卖盘
1092,14:13:51,11.45,0.0,3,3435,卖盘
1093,14:14:04,11.45,0.0,6,6870,卖盘
1094,14:14:18,11.46,0.01,33,37818,买盘
1095,14:14:21,11.45,-0.01,4,4580,卖盘
1096,14:14:24,11.45,0.0,4,4580,卖盘
1097,14:14:33,11.45,0.0,3,3435,卖盘
1098,14:14:36,11.45,0.0,6,6873,卖盘
1099,14:14:48,11.45,0.0,3,3435,卖盘
1100,14:14:51,11.45,0.0,3,3435,卖盘
1101,14:15:03,11.45,0.0,7,8015,卖盘
1102,14:15:06,11.45,0.0,18,20610,卖盘
1103,14:15:18,11.45,0.0,3,3435,卖盘
1104,14:15:21,11.45,0.0,4,4580,卖盘
1105,14:15:30,11.45,0.0,12,13749,卖盘
1106,14:15:33,11.45,0.0,3,3435,卖盘
1107,14:15:45,11.45,0.0,6,6870,卖盘
1108,14:15:48,11.45,0.0,1,1145,卖盘
1109,14:15:51,11.45,0.0,1,1145,卖盘
1110,14:16:04,11.45,0.0,4,4580,卖盘
1111,14:16:15,11.45,0.0,5,5725,卖盘
1112,14:16:34,11.45,0.0,3,3435,卖盘
1113,14:16:45,11.45,0.0,5,5725,卖盘
1114,14:17:04,11.45,0.0,4,4580,卖盘
1115,14:17:15,11.45,0.0,3,3435,卖盘
1116,14:17:18,11.45,0.0,11,12595,卖盘
1117,14:17:28,11.46,0.01,50,57300,买盘
1118,14:17:33,11.45,-0.01,3,3435,卖盘
1119,14:17:39,11.46,0.01,3,3438,买盘
1120,14:17:42,11.45,-0.01,1,1145,卖盘
1121,14:17:46,11.45,0.0,3,3435,卖盘
1122,14:18:00,11.45,0.0,4,4580,卖盘
1123,14:18:12,11.45,0.0,1,1145,卖盘
1124,14:18:18,11.45,0.0,3,3435,卖盘
1125,14:18:21,11.46,0.01,87,99702,买盘
1126,14:18:34,11.46,0.0,3,3438,卖盘
1127,14:18:42,11.46,0.0,1,1146,卖盘
1128,14:18:45,11.46,0.0,4,4584,卖盘
1129,14:19:00,11.46,0.0,30,34380,卖盘
1130,14:19:04,11.46,0.0,5,5730,卖盘
1131,14:19:15,11.46,0.0,1,1146,卖盘
1132,14:19:33,11.45,-0.01,3,3435,卖盘
1133,14:19:42,11.45,0.0,1,1145,卖盘
1134,14:19:45,11.45,0.0,4,4580,卖盘
1135,14:20:03,11.45,0.0,3,3435,卖盘
1136,14:20:06,11.45,0.0,10,11450,卖盘
1137,14:20:12,11.45,0.0,1,1145,卖盘
1138,14:20:21,11.45,0.0,3,3435,卖盘
1139,14:20:27,11.45,0.0,20,22900,卖盘
1140,14:20:33,11.45,0.0,16,18320,卖盘
1141,14:20:48,11.45,0.0,4,4580,卖盘
1142,14:21:00,11.45,0.0,3,3435,卖盘
1143,14:21:12,11.45,0.0,1,1145,卖盘
1144,14:21:18,11.45,0.0,3,3435,卖盘
1145,14:21:27,11.45,0.0,15,17175,卖盘
1146,14:21:33,11.44,-0.01,4,4576,卖盘
1147,14:21:39,11.45,0.01,20,22900,买盘
1148,14:21:42,11.45,0.0,2,2289,买盘
1149,14:21:45,11.45,0.0,3,3435,买盘
1150,14:21:48,11.44,-0.01,3,3432,卖盘
1151,14:21:57,11.44,0.0,1,1144,卖盘
1152,14:22:00,11.44,0.0,6,6867,卖盘
1153,14:22:04,11.45,0.01,3,3435,买盘
1154,14:22:06,11.45,0.0,4,4580,买盘
1155,14:22:12,11.45,0.0,4,4580,买盘
1156,14:22:16,11.45,0.0,30,34341,买盘
1157,14:22:19,11.45,0.0,3,3435,买盘
1158,14:22:24,11.46,0.01,1,1146,买盘
1159,14:22:27,11.46,0.0,1,1146,买盘
1160,14:22:31,11.46,0.0,4,4584,买盘
1161,14:22:33,11.45,-0.01,7,8018,卖盘
1162,14:22:36,11.46,0.01,41,46964,买盘
1163,14:22:42,11.47,0.01,3,3441,买盘
1164,14:22:45,11.45,-0.02,72,82444,卖盘
1165,14:22:48,11.47,0.02,50,57258,买盘
1166,14:22:51,11.46,-0.01,3,3438,中性盘
1167,14:23:04,11.46,0.0,3,3438,卖盘
1168,14:23:18,11.47,0.01,13,14908,买盘
1169,14:23:33,11.46,-0.01,4,4584,卖盘
1170,14:23:45,11.46,0.0,3,3438,卖盘
1171,14:23:54,11.47,0.01,11,12617,买盘
1172,14:24:04,11.46,-0.01,3,3438,卖盘
1173,14:24:18,11.46,0.0,23,26378,卖盘
1174,14:24:21,11.47,0.01,50,57350,买盘
1175,14:24:24,11.47,0.0,11,12617,买盘
1176,14:24:27,11.47,0.0,5,5735,买盘
1177,14:24:31,11.47,0.0,15,17205,买盘
1178,14:24:33,11.47,0.0,4,4588,卖盘
1179,14:24:48,11.47,0.0,3,3441,卖盘
1180,14:24:51,11.48,0.01,19,21812,买盘
1181,14:25:00,11.47,-0.01,3,3441,卖盘
1182,14:25:04,11.47,0.0,15,17205,卖盘
1183,14:25:19,11.47,0.0,4,4588,卖盘
1184,14:25:33,11.47,0.0,6,6882,卖盘
1185,14:25:48,11.47,0.0,4,4588,卖盘
1186,14:25:52,11.47,0.0,10,11470,卖盘
1187,14:26:04,11.47,0.0,3,3441,卖盘
1188,14:26:06,11.47,0.0,10,11470,卖盘
1189,14:26:15,11.47,0.0,3,3441,卖盘
1190,14:26:18,11.47,0.0,9,10323,卖盘
1191,14:26:25,11.48,0.01,6,6888,买盘
1192,14:26:27,11.48,0.0,6,6888,买盘
1193,14:26:31,11.48,0.0,8,9184,买盘
1194,14:26:33,11.48,0.0,12,13773,买盘
1195,14:26:36,11.48,0.0,3,3444,买盘
1196,14:26:39,11.49,0.01,206,236495,买盘
1197,14:26:42,11.48,-0.01,2,2296,卖盘
1198,14:26:45,11.49,0.01,6,6894,买盘
1199,14:26:48,11.49,0.0,8,9192,买盘
1200,14:26:51,11.49,0.0,9,10338,买盘
1201,14:26:55,11.49,0.0,11,12639,买盘
1202,14:26:57,11.49,0.0,35,40186,买盘
1203,14:27:01,11.49,0.0,5,5745,买盘
1204,14:27:04,11.49,0.0,12,13785,买盘
1205,14:27:06,11.49,0.0,21,24129,买盘
1206,14:27:09,11.49,0.0,3,3447,买盘
1207,14:27:12,11.49,0.0,263,302187,买盘
1208,14:27:15,11.49,0.0,5,5745,买盘
1209,14:27:18,11.49,0.0,11,12635,买盘
1210,14:27:28,11.49,0.0,3,3447,买盘
1211,14:27:31,11.48,-0.01,3,3444,卖盘
1212,14:27:39,11.49,0.01,3,3447,买盘
1213,14:27:48,11.48,-0.01,3,3444,卖盘
1214,14:27:54,11.48,0.0,44,50512,卖盘
1215,14:28:04,11.47,-0.01,4,4588,卖盘
1216,14:28:10,11.48,0.01,26,29848,买盘
1217,14:28:15,11.48,0.0,5,5740,买盘
1218,14:28:18,11.47,-0.01,34,39029,卖盘
1219,14:28:36,11.49,0.02,7,8040,买盘
1220,14:28:45,11.47,-0.02,3,3441,卖盘
1221,14:29:03,11.47,0.0,4,4591,卖盘
1222,14:29:18,11.47,0.0,3,3441,卖盘
1223,14:29:21,11.47,0.0,2,2294,卖盘
1224,14:29:30,11.49,0.02,26,29874,买盘
1225,14:29:45,11.49,0.0,3,3447,卖盘
1226,14:29:48,11.49,0.0,1,1149,卖盘
1227,14:30:03,11.49,0.0,4,4596,卖盘
1228,14:30:18,11.49,0.0,3,3447,卖盘
1229,14:30:21,11.5,0.01,5,5750,买盘
1230,14:30:27,11.5,0.0,1,1150,买盘
1231,14:30:36,11.5,0.0,12,13794,买盘
1232,14:30:45,11.48,-0.02,5,5740,卖盘
1233,14:30:48,11.48,0.0,3,3444,卖盘
1234,14:30:51,11.48,0.0,10,11480,卖盘
1235,14:31:04,11.48,0.0,4,4592,卖盘
1236,14:31:12,11.49,0.01,4,4596,买盘
1237,14:31:18,11.48,-0.01,3,3444,卖盘
1238,14:31:24,11.48,0.0,21,24108,卖盘
1239,14:31:30,11.48,0.0,11,12628,买盘
1240,14:31:36,11.48,0.0,3,3444,卖盘
1241,14:31:40,11.48,0.0,20,22960,卖盘
1242,14:31:45,11.48,0.0,4,4592,卖盘
1243,14:31:57,11.48,0.0,12,13776,卖盘
1244,14:32:06,11.47,-0.01,3,3441,卖盘
1245,14:32:16,11.47,0.0,10,11470,卖盘
1246,14:32:18,11.47,0.0,3,3441,卖盘
1247,14:32:24,11.47,0.0,10,11470,卖盘
1248,14:32:27,11.47,0.0,1,1147,卖盘
1249,14:32:33,11.47,0.0,13,14911,卖盘
1250,14:32:39,11.47,0.0,3,3441,买盘
1251,14:32:42,11.47,0.0,1,1147,卖盘
1252,14:32:45,11.47,0.0,4,4588,卖盘
1253,14:32:51,11.48,0.01,28,32144,买盘
1254,14:33:03,11.48,0.0,3,3444,卖盘
1255,14:33:16,11.48,0.0,30,34440,卖盘
1256,14:33:19,11.48,0.0,3,3444,卖盘
1257,14:33:22,11.49,0.01,2,2298,买盘
1258,14:33:33,11.48,-0.01,3,3444,卖盘
1259,14:33:48,11.48,0.0,4,4592,卖盘
1260,14:34:07,11.48,0.0,4,4592,卖盘
1261,14:34:18,11.48,0.0,15,17220,卖盘
1262,14:34:21,11.48,0.0,3,3444,卖盘
1263,14:34:24,11.48,0.0,23,26404,卖盘
1264,14:34:33,11.48,0.0,1,1148,卖盘
1265,14:34:39,11.48,0.0,62,71176,卖盘
1266,14:34:42,11.48,0.0,1,1148,卖盘
1267,14:34:58,11.48,0.0,16,18368,卖盘
1268,14:35:30,11.47,-0.01,16,18353,卖盘
1269,14:35:42,11.47,0.0,1,1147,卖盘
1270,14:35:45,11.47,0.0,1,1147,卖盘
1271,14:35:48,11.47,0.0,13,14911,卖盘
1272,14:35:51,11.47,0.0,4,4588,卖盘
1273,14:36:12,11.46,-0.01,2,2292,卖盘
1274,14:36:42,11.46,0.0,1,1146,卖盘
1275,14:37:04,11.46,0.0,17,19482,卖盘
1276,14:37:12,11.46,0.0,1,1146,卖盘
1277,14:37:18,11.47,0.01,1,1147,买盘
1278,14:37:42,11.46,-0.01,4,4584,卖盘
1279,14:37:52,11.46,0.0,5,5730,卖盘
1280,14:38:04,11.46,0.0,3,3438,卖盘
1281,14:38:12,11.46,0.0,1,1146,卖盘
1282,14:38:15,11.46,0.0,5,5730,卖盘
1283,14:38:30,11.46,0.0,3,3438,卖盘
1284,14:38:42,11.46,0.0,1,1146,卖盘
1285,14:38:46,11.46,0.0,8,9168,卖盘
1286,14:38:48,11.46,0.0,12,13752,卖盘
1287,14:39:04,11.46,0.0,3,3438,卖盘
1288,14:39:06,11.46,0.0,7,8022,卖盘
1289,14:39:12,11.46,0.0,1,1146,卖盘
1290,14:39:15,11.46,0.0,4,4584,卖盘
1291,14:39:19,11.46,0.0,23,26358,卖盘
1292,14:39:21,11.46,0.0,11,12606,卖盘
1293,14:39:24,11.46,0.0,10,11461,卖盘
1294,14:39:27,11.46,0.0,3,3438,卖盘
1295,14:39:30,11.46,0.0,9,10314,卖盘
1296,14:39:33,11.46,0.0,6,6876,卖盘
1297,14:39:36,11.46,0.0,32,36672,卖盘
1298,14:39:39,11.46,0.0,5,5730,卖盘
1299,14:39:42,11.46,0.0,2,2292,卖盘
1300,14:39:45,11.46,0.0,4,4584,卖盘
1301,14:39:48,11.45,-0.01,16,18333,卖盘
1302,14:40:00,11.45,0.0,3,3435,卖盘
1303,14:40:12,11.45,0.0,1,1145,卖盘
1304,14:40:15,11.45,0.0,4,4580,卖盘
1305,14:40:30,11.45,0.0,8,9160,卖盘
1306,14:40:33,11.45,0.0,7,8019,卖盘
1307,14:40:36,11.46,0.01,1,1146,买盘
1308,14:40:39,11.45,-0.01,3,3435,卖盘
1309,14:40:45,11.45,0.0,3,3435,卖盘
1310,14:40:57,11.45,0.0,1,1145,卖盘
1311,14:41:03,11.45,0.0,4,4580,卖盘
1312,14:41:18,11.45,0.0,3,3435,卖盘
1313,14:41:27,11.45,0.0,2,2291,卖盘
1314,14:41:30,11.45,0.0,262,299990,卖盘
1315,14:41:42,11.44,-0.01,1,1144,卖盘
1316,14:41:45,11.44,0.0,1,1144,卖盘
1317,14:41:48,11.44,0.0,3,3432,卖盘
1318,14:42:00,11.44,0.0,4,4576,卖盘
1319,14:42:03,11.44,0.0,21,24032,卖盘
1320,14:42:06,11.45,0.01,3,3435,买盘
1321,14:42:12,11.44,-0.01,1,1144,卖盘
1322,14:42:15,11.45,0.01,1,1145,买盘
1323,14:42:18,11.44,-0.01,8,9157,卖盘
1324,14:42:27,11.44,0.0,1,1144,卖盘
1325,14:42:33,11.44,0.0,6,6867,卖盘
1326,14:42:43,11.44,0.0,1,1144,卖盘
1327,14:42:48,11.44,0.0,3,3432,卖盘
1328,14:43:04,11.44,0.0,4,4576,卖盘
1329,14:43:12,11.44,0.0,1,1144,卖盘
1330,14:43:15,11.44,0.0,3,3432,卖盘
1331,14:43:19,11.45,0.01,5,5725,买盘
1332,14:43:33,11.44,-0.01,21,24024,卖盘
1333,14:43:39,11.44,0.0,5,5720,卖盘
1334,14:43:42,11.44,0.0,1,1144,卖盘
1335,14:43:46,11.44,0.0,2,2288,卖盘
1336,14:43:51,11.44,0.0,38,43472,卖盘
1337,14:44:03,11.44,0.0,4,4576,卖盘
1338,14:44:13,11.44,0.0,1,1144,卖盘
1339,14:44:18,11.45,0.01,3,3435,买盘
1340,14:44:21,11.44,-0.01,3,3432,卖盘
1341,14:44:27,11.44,0.0,1,1144,卖盘
1342,14:44:34,11.44,0.0,3,3432,卖盘
1343,14:44:42,11.44,0.0,1,1144,卖盘
1344,14:44:48,11.44,0.0,4,4576,卖盘
1345,14:44:51,11.44,0.0,3,3432,卖盘
1346,14:45:04,11.44,0.0,3,3432,卖盘
1347,14:45:07,11.45,0.01,18,20610,买盘
1348,14:45:12,11.45,0.0,144,164879,买盘
1349,14:45:15,11.45,0.0,5,5725,卖盘
1350,14:45:30,11.45,0.0,3,3435,卖盘
1351,14:45:40,11.45,0.0,10,11450,卖盘
1352,14:45:45,11.45,0.0,4,4580,卖盘
1353,14:45:48,11.45,0.0,1,1145,卖盘
1354,14:46:06,11.45,0.0,3,3435,卖盘
1355,14:46:18,11.45,0.0,1,927,卖盘
1356,14:46:22,11.45,0.0,3,3435,卖盘
1357,14:46:36,11.45,0.0,12,13740,卖盘
1358,14:46:42,11.45,0.0,5,5725,卖盘
1359,14:46:48,11.45,0.0,640,732543,卖盘
1360,14:46:51,11.45,0.0,4,4577,买盘
1361,14:46:57,11.44,-0.01,6,6864,卖盘
1362,14:47:00,11.44,0.0,5,5720,卖盘
1363,14:47:03,11.44,0.0,15,17160,卖盘
1364,14:47:06,11.44,0.0,8,9152,卖盘
1365,14:47:09,11.44,0.0,114,130416,卖盘
1366,14:47:12,11.44,0.0,32,36608,卖盘
1367,14:47:15,11.44,0.0,62,70928,卖盘
1368,14:47:18,11.44,0.0,12,13728,卖盘
1369,14:47:21,11.44,0.0,10,11440,卖盘
1370,14:47:30,11.44,0.0,29,33186,卖盘
1371,14:47:40,11.45,0.01,4,4580,买盘
1372,14:47:43,11.44,-0.01,22,25168,卖盘
1373,14:47:45,11.44,0.0,3,3432,卖盘
1374,14:48:04,11.44,0.0,3,3432,卖盘
1375,14:48:06,11.44,0.0,18,20592,卖盘
1376,14:48:12,11.44,0.0,1,1144,卖盘
1377,14:48:18,11.44,0.0,3,3432,卖盘
1378,14:48:21,11.45,0.01,5,5725,买盘
1379,14:48:33,11.44,-0.01,11,12584,卖盘
1380,14:48:36,11.44,0.0,110,125840,卖盘
1381,14:48:42,11.44,0.0,11,12584,卖盘
1382,14:48:45,11.44,0.0,1,1144,卖盘
1383,14:48:48,11.44,0.0,3,3432,卖盘
1384,14:49:03,11.44,0.0,3,3432,卖盘
1385,14:49:06,11.44,0.0,2,2288,卖盘
1386,14:49:10,11.44,0.0,80,91520,卖盘
1387,14:49:18,11.44,0.0,18,20592,卖盘
1388,14:49:33,11.44,0.0,33,37752,卖盘
1389,14:49:39,11.44,0.0,18,20592,卖盘
1390,14:49:42,11.44,0.0,5,5720,买盘
1391,14:49:45,11.44,0.0,3,3432,卖盘
1392,14:50:04,11.44,0.0,4,4576,卖盘
1393,14:50:09,11.44,0.0,10,11440,卖盘
1394,14:50:12,11.44,0.0,3,3432,卖盘
1395,14:50:18,11.44,0.0,13,14872,卖盘
1396,14:50:24,11.44,0.0,20,22880,卖盘
1397,14:50:30,11.44,0.0,62,70928,卖盘
1398,14:50:34,11.44,0.0,12,13728,卖盘
1399,14:50:42,11.44,0.0,1,1144,卖盘
1400,14:50:51,11.45,0.01,23,26332,买盘
1401,14:50:54,11.45,0.0,1,1145,买盘
1402,14:51:00,11.45,0.0,5,5725,买盘
1403,14:51:06,11.44,-0.01,3,3432,卖盘
1404,14:51:13,11.44,0.0,1,1144,卖盘
1405,14:51:15,11.45,0.01,10,11450,买盘
1406,14:51:18,11.44,-0.01,4,4576,卖盘
1407,14:51:30,11.44,0.0,3,3432,卖盘
1408,14:51:36,11.45,0.01,10,11450,买盘
1409,14:51:45,11.44,-0.01,6,6864,卖盘
1410,14:51:54,11.44,0.0,10,11440,卖盘
1411,14:51:58,11.44,0.0,2,2288,卖盘
1412,14:52:01,11.44,0.0,14,16020,卖盘
1413,14:52:04,11.44,0.0,11,12592,卖盘
1414,14:52:15,11.44,0.0,56,64064,卖盘
1415,14:52:33,11.44,0.0,73,83512,卖盘
1416,14:52:36,11.44,0.0,7,8008,卖盘
1417,14:52:45,11.45,0.01,40,45800,买盘
1418,14:52:48,11.44,-0.01,5,5720,卖盘
1419,14:53:00,11.44,0.0,9,10296,卖盘
1420,14:53:04,11.44,0.0,3,3432,卖盘
1421,14:53:18,11.44,0.0,4,4576,卖盘
1422,14:53:30,11.45,0.01,3,3435,买盘
1423,14:53:33,11.44,-0.01,3,3432,卖盘
1424,14:53:40,11.44,0.0,10,11440,卖盘
1425,14:53:45,11.45,0.01,21,24045,买盘
1426,14:53:51,11.44,-0.01,3,3432,卖盘
1427,14:53:54,11.44,0.0,6,6864,卖盘
1428,14:54:00,11.44,0.0,24,27456,卖盘
1429,14:54:03,11.44,0.0,4,4576,卖盘
1430,14:54:06,11.44,0.0,3,3432,卖盘
1431,14:54:12,11.44,0.0,105,120120,卖盘
1432,14:54:16,11.44,0.0,2,2288,卖盘
1433,14:54:19,11.44,0.0,42,48048,卖盘
1434,14:54:22,11.44,0.0,2,2288,卖盘
1435,14:54:24,11.44,0.0,26,29744,卖盘
1436,14:54:30,11.45,0.01,5,5725,买盘
1437,14:54:37,11.45,0.0,10,11450,买盘
1438,14:54:51,11.45,0.0,36,41220,买盘
1439,14:54:54,11.45,0.0,5,5725,买盘
1440,14:55:04,11.45,0.0,9,10297,买盘
1441,14:55:15,11.44,-0.01,75,85800,卖盘
1442,14:55:18,11.44,0.0,294,336337,卖盘
1443,14:55:21,11.43,-0.01,24,27432,卖盘
1444,14:55:24,11.43,0.0,4,4572,卖盘
1445,14:55:27,11.43,0.0,24,27432,卖盘
1446,14:55:30,11.43,0.0,21,24010,卖盘
1447,14:55:33,11.43,0.0,13,14870,卖盘
1448,14:55:36,11.44,0.01,100,114400,买盘
1449,14:55:42,11.43,-0.01,80,91440,卖盘
1450,14:55:48,11.43,0.0,6,6858,卖盘
1451,14:55:51,11.43,0.0,52,59436,卖盘
1452,14:56:04,11.43,0.0,14,16002,卖盘
1453,14:56:09,11.43,0.0,35,40010,卖盘
1454,14:56:21,11.43,0.0,11,12574,卖盘
1455,14:56:27,11.43,0.0,10,11430,卖盘
1456,14:56:36,11.43,0.0,34,38862,卖盘
1457,14:56:39,11.44,0.01,76,86869,买盘
1458,14:56:45,11.44,0.0,5,5720,买盘
1459,14:56:55,11.43,-0.01,29,33038,卖盘
1460,15:00:04,11.43,0.0,269,307467,卖盘
