,time,price,change,volume,amount,type
0,09:25:05,26.6,0.67,11696,31111360,卖盘
1,09:30:01,26.28,-0.32,562,1487604,卖盘
2,09:30:04,26.2,-0.08,1324,3482383,卖盘
3,09:30:07,26.2,0.0,367,961365,买盘
4,09:30:10,26.2,0.0,64,167611,买盘
5,09:30:13,26.2,0.0,54,141360,买盘
6,09:30:16,26.0,-0.2,2,5200,卖盘
7,09:30:19,26.0,0.0,80,208302,卖盘
8,09:30:22,26.0,0.0,54,140448,买盘
9,09:30:25,25.79,-0.21,120,311728,卖盘
10,09:30:27,26.0,0.21,42,108976,买盘
11,09:30:31,25.66,-0.34,115,295941,卖盘
12,09:30:34,25.66,0.0,86,222021,卖盘
13,09:30:37,26.0,0.34,138,358503,买盘
14,09:30:40,25.68,-0.32,71,183375,中性盘
15,09:30:43,25.7,0.02,21,53972,中性盘
16,09:30:46,25.99,0.29,41,105953,买盘
17,09:30:49,25.9,-0.09,81,209970,卖盘
18,09:30:52,25.9,0.0,110,285166,卖盘
19,09:30:55,25.9,0.0,23,59574,卖盘
20,09:30:58,25.92,0.02,59,152970,中性盘
21,09:31:01,25.92,0.0,34,88158,卖盘
22,09:31:04,25.9,-0.02,47,121878,卖盘
23,09:31:07,25.94,0.04,41,108050,中性盘
24,09:31:10,25.92,-0.02,40,102168,卖盘
25,09:31:13,25.93,0.01,94,243712,买盘
26,09:31:16,25.94,0.01,95,246281,买盘
27,09:31:19,25.75,-0.19,37,95689,卖盘
28,09:31:22,25.94,0.19,71,183969,买盘
29,09:31:24,25.76,-0.18,44,113832,卖盘
30,09:31:28,25.93,0.17,162,420088,买盘
31,09:31:31,25.9,-0.03,59,152710,卖盘
32,09:31:34,25.77,-0.13,31,79904,卖盘
33,09:31:37,25.82,0.05,41,105942,中性盘
34,09:31:39,25.9,0.08,5,12950,买盘
35,09:31:43,25.9,0.0,21,54262,买盘
36,09:31:46,25.82,-0.08,94,243061,卖盘
37,09:31:49,25.83,0.01,24,62029,中性盘
38,09:31:52,25.83,0.0,49,126548,买盘
39,09:31:55,25.83,0.0,52,134295,卖盘
40,09:31:58,25.84,0.01,104,269233,卖盘
41,09:32:00,25.84,0.0,15,38760,卖盘
42,09:32:04,25.93,0.09,36,93276,买盘
43,09:32:07,25.93,0.0,32,82976,卖盘
44,09:32:10,25.94,0.01,38,98537,买盘
45,09:32:13,25.93,-0.01,42,108635,买盘
46,09:32:16,25.94,0.01,39,101151,买盘
47,09:32:19,25.9,-0.04,50,129610,卖盘
48,09:32:22,25.94,0.04,24,62256,买盘
49,09:32:25,25.96,0.02,21,54480,买盘
50,09:32:28,25.93,-0.03,125,324068,卖盘
51,09:32:31,25.94,0.01,70,181391,买盘
52,09:32:34,25.93,-0.01,16,41488,卖盘
53,09:32:37,25.95,0.02,30,77768,买盘
54,09:32:40,25.95,0.0,57,147885,买盘
55,09:32:43,25.96,0.01,107,277593,买盘
56,09:32:46,25.97,0.01,37,96054,买盘
57,09:32:49,25.93,-0.04,218,565824,卖盘
58,09:32:52,25.93,0.0,86,223152,卖盘
59,09:32:55,25.93,0.0,135,350032,买盘
60,09:32:58,25.92,-0.01,107,277379,卖盘
61,09:33:01,25.93,0.01,221,574651,买盘
62,09:33:04,25.93,0.0,38,98537,卖盘
63,09:33:07,25.93,0.0,152,394179,卖盘
64,09:33:10,25.93,0.0,17,44099,卖盘
65,09:33:13,25.93,0.0,31,80383,卖盘
66,09:33:16,25.94,0.01,47,121879,买盘
67,09:33:19,25.99,0.05,50,129824,买盘
68,09:33:22,26.0,0.01,198,514785,买盘
69,09:33:25,25.93,-0.07,135,350377,卖盘
70,09:33:28,26.0,0.07,65,168995,买盘
71,09:33:30,26.0,0.0,16,41600,买盘
72,09:33:34,25.99,-0.01,77,200192,卖盘
73,09:33:37,26.1,0.11,49,127442,买盘
74,09:33:40,26.0,-0.1,17,44212,卖盘
75,09:33:43,26.05,0.05,41,106660,中性盘
76,09:33:46,26.0,-0.05,68,176892,卖盘
77,09:33:49,26.1,0.1,55,143121,买盘
78,09:33:52,26.1,0.0,26,67670,买盘
79,09:33:55,26.1,0.0,59,153860,买盘
80,09:33:58,26.04,-0.06,74,193080,卖盘
81,09:34:01,26.05,0.01,38,98841,中性盘
82,09:34:04,26.1,0.05,68,177069,买盘
83,09:34:06,26.01,-0.09,60,156439,中性盘
84,09:34:10,26.0,-0.01,38,98806,卖盘
85,09:34:13,26.0,0.0,39,101274,买盘
86,09:34:16,26.0,0.0,125,324798,买盘
87,09:34:19,25.93,-0.07,44,114171,卖盘
88,09:34:22,26.0,0.07,64,166388,买盘
89,09:34:25,26.0,0.0,68,176761,买盘
90,09:34:27,26.0,0.0,34,88344,买盘
91,09:34:31,25.94,-0.06,89,231124,卖盘
92,09:34:34,26.0,0.06,46,119402,买盘
93,09:34:37,26.09,0.09,43,111835,买盘
94,09:34:40,25.99,-0.1,44,114608,卖盘
95,09:34:43,25.95,-0.04,27,70093,卖盘
96,09:34:46,25.95,0.0,48,124560,卖盘
97,09:34:49,25.93,-0.02,40,103817,卖盘
98,09:34:52,26.0,0.07,12,31164,买盘
99,09:34:55,26.0,0.0,68,176705,买盘
100,09:34:58,25.93,-0.07,15,38901,卖盘
101,09:35:00,25.93,0.0,23,59658,卖盘
102,09:35:04,25.93,0.0,38,98544,卖盘
103,09:35:06,25.93,0.0,58,150404,卖盘
104,09:35:10,25.93,0.0,13,33709,卖盘
105,09:35:13,25.95,0.02,25,64851,买盘
106,09:35:15,25.94,-0.01,71,184172,卖盘
107,09:35:19,25.93,-0.01,20,51866,卖盘
108,09:35:22,25.93,0.0,30,77879,卖盘
109,09:35:24,25.93,0.0,13,32162,卖盘
110,09:35:27,25.92,-0.01,8,22300,卖盘
111,09:35:34,25.93,0.01,29,75209,卖盘
112,09:35:37,25.93,0.0,55,142615,卖盘
113,09:35:40,25.92,-0.01,19,49264,卖盘
114,09:35:43,25.92,0.0,12,31104,卖盘
115,09:35:45,25.92,0.0,51,132241,卖盘
116,09:35:49,25.93,0.01,52,134868,买盘
117,09:35:52,25.92,-0.01,39,101123,卖盘
118,09:35:55,25.95,0.03,56,145300,买盘
119,09:35:58,25.93,-0.02,30,77818,卖盘
120,09:36:01,25.92,-0.01,16,41477,卖盘
121,09:36:04,25.93,0.01,47,121850,买盘
122,09:36:06,25.98,0.05,45,116856,买盘
123,09:36:10,25.99,0.01,75,194759,买盘
124,09:36:13,25.92,-0.07,46,119494,卖盘
125,09:36:16,25.99,0.07,17,44153,买盘
126,09:36:19,25.99,0.0,22,57169,买盘
127,09:36:22,25.98,-0.01,19,49290,中性盘
128,09:36:24,25.98,0.0,26,67548,买盘
129,09:36:28,25.97,-0.01,33,85651,中性盘
130,09:36:31,25.97,0.0,18,46746,买盘
131,09:36:34,25.96,-0.01,24,62250,买盘
132,09:36:37,25.92,-0.04,49,127118,卖盘
133,09:36:40,25.96,0.04,22,57092,买盘
134,09:36:43,25.92,-0.04,34,88190,卖盘
135,09:36:46,25.94,0.02,26,67444,买盘
136,09:36:49,25.93,-0.01,22,57079,卖盘
137,09:36:52,25.92,-0.01,39,101166,卖盘
138,09:36:55,25.93,0.01,61,158156,卖盘
139,09:36:57,25.93,0.0,39,101109,买盘
140,09:37:01,25.92,-0.01,18,46679,卖盘
141,09:37:04,25.96,0.04,20,51902,买盘
142,09:37:06,25.92,-0.04,60,155669,卖盘
143,09:37:10,25.92,0.0,53,137440,卖盘
144,09:37:13,25.92,0.0,14,36304,卖盘
145,09:37:16,25.95,0.03,25,64845,买盘
146,09:37:19,25.93,-0.02,25,64829,卖盘
147,09:37:21,25.95,0.02,34,88153,买盘
148,09:37:25,25.95,0.0,18,46717,买盘
149,09:37:28,25.92,-0.03,87,225732,卖盘
150,09:37:31,25.92,0.0,42,108899,卖盘
151,09:37:33,25.95,0.03,1,2595,中性盘
152,09:37:37,25.93,-0.02,62,160842,中性盘
153,09:37:40,25.96,0.03,57,147895,买盘
154,09:37:43,25.93,-0.03,28,72645,卖盘
155,09:37:49,25.94,0.01,39,101120,买盘
156,09:37:52,25.94,0.0,39,101130,买盘
157,09:37:54,25.92,-0.02,13,33697,卖盘
158,09:37:58,25.94,0.02,9,23346,买盘
159,09:38:01,25.94,0.0,32,82973,卖盘
160,09:38:04,25.93,-0.01,2,5186,买盘
161,09:38:07,25.93,0.0,14,36290,买盘
162,09:38:10,25.93,0.0,14,36298,买盘
163,09:38:13,25.92,-0.01,6,15552,卖盘
164,09:38:16,25.93,0.01,13,33703,买盘
165,09:38:19,25.93,0.0,14,36283,买盘
166,09:38:22,25.95,0.02,123,318948,买盘
167,09:38:25,25.95,0.0,48,124564,卖盘
168,09:38:27,25.96,0.01,2,5191,买盘
169,09:38:30,25.95,-0.01,36,93420,卖盘
170,09:38:34,25.95,0.0,68,176482,卖盘
171,09:38:37,25.96,0.01,7,18167,买盘
172,09:38:40,25.95,-0.01,25,64875,卖盘
173,09:38:43,25.95,0.0,28,72666,卖盘
174,09:38:46,25.95,0.0,66,171282,卖盘
175,09:38:49,25.95,0.0,8,20760,卖盘
176,09:38:52,25.96,0.01,110,285460,买盘
177,09:38:54,25.96,0.0,24,62281,买盘
178,09:38:58,25.95,-0.01,49,127155,卖盘
179,09:39:01,25.96,0.01,27,70091,买盘
180,09:39:04,25.96,0.0,60,155703,买盘
181,09:39:07,25.95,-0.01,361,936815,卖盘
182,09:39:10,25.96,0.01,11,28558,中性盘
183,09:39:13,25.96,0.0,11,28556,卖盘
184,09:39:15,25.93,-0.03,117,303600,卖盘
185,09:39:22,25.93,0.0,57,147848,卖盘
186,09:39:25,25.94,0.01,3,7782,中性盘
187,09:39:28,25.93,-0.01,21,54453,卖盘
188,09:39:34,25.93,0.0,16,41474,买盘
189,09:39:37,25.93,0.0,23,59639,买盘
190,09:39:40,25.91,-0.02,8,20733,卖盘
191,09:39:43,25.91,0.0,14,36274,卖盘
192,09:39:46,25.93,0.02,8,20734,买盘
193,09:39:49,25.92,-0.01,25,64800,卖盘
194,09:39:52,25.91,-0.01,13,33693,卖盘
195,09:39:55,25.93,0.02,35,90740,买盘
196,09:39:58,25.91,-0.02,9,23319,卖盘
197,09:40:01,25.92,0.01,24,62186,买盘
198,09:40:03,25.93,0.01,9,23321,买盘
199,09:40:07,25.91,-0.02,309,800632,卖盘
200,09:40:10,25.91,0.0,28,72548,卖盘
201,09:40:13,25.93,0.02,47,121783,买盘
202,09:40:16,25.91,-0.02,16,41456,卖盘
203,09:40:19,25.93,0.02,14,36282,买盘
204,09:40:22,25.91,-0.02,31,80323,卖盘
205,09:40:24,25.91,0.0,14,34719,卖盘
206,09:40:28,25.92,0.01,19,50784,买盘
207,09:40:31,25.91,-0.01,19,49243,卖盘
208,09:40:34,25.91,0.0,36,93276,卖盘
209,09:40:37,25.9,-0.01,22,55436,卖盘
210,09:40:40,25.91,0.01,33,85476,买盘
211,09:40:42,25.9,-0.01,127,328932,卖盘
212,09:40:46,25.91,0.01,6,15546,买盘
213,09:40:49,25.9,-0.01,11,28490,卖盘
214,09:40:52,25.9,0.0,505,1307950,卖盘
215,09:40:55,25.89,-0.01,13,33657,卖盘
216,09:40:58,25.89,0.0,65,168285,卖盘
217,09:41:01,25.88,-0.01,11,28468,卖盘
218,09:41:04,25.89,0.01,65,168271,买盘
219,09:41:07,25.86,-0.03,9,23274,卖盘
220,09:41:13,25.85,-0.01,31,80158,卖盘
221,09:41:19,25.81,-0.04,36,94585,卖盘
222,09:41:22,25.85,0.04,10,25844,买盘
223,09:41:25,25.8,-0.05,158,407648,卖盘
224,09:41:28,25.8,0.0,5,11355,卖盘
225,09:41:31,25.78,-0.02,25,66047,卖盘
226,09:41:34,25.76,-0.02,34,87620,卖盘
227,09:41:37,25.76,0.0,12,30922,卖盘
228,09:41:40,25.77,0.01,40,103028,中性盘
229,09:41:43,25.71,-0.06,9,23147,卖盘
230,09:41:46,25.7,-0.01,60,154208,卖盘
231,09:41:49,25.68,-0.02,35,88357,卖盘
232,09:41:52,25.66,-0.02,29,74414,卖盘
233,09:41:55,25.65,-0.01,60,153949,卖盘
234,09:41:57,25.65,0.0,28,71825,卖盘
235,09:42:01,25.65,0.0,3,7695,买盘
236,09:42:04,25.62,-0.03,14,35871,卖盘
237,09:42:07,25.62,0.0,46,117843,买盘
238,09:42:10,25.62,0.0,13,33307,卖盘
239,09:42:13,25.6,-0.02,30,76842,卖盘
240,09:42:16,25.62,0.02,13,33288,买盘
241,09:42:19,25.6,-0.02,34,87079,卖盘
242,09:42:22,25.62,0.02,44,112660,买盘
243,09:42:25,25.58,-0.04,24,61431,卖盘
244,09:42:28,25.6,0.02,56,143295,买盘
245,09:42:30,25.6,0.0,5,12800,买盘
246,09:42:34,25.6,0.0,117,299498,买盘
247,09:42:37,25.6,0.0,62,158658,买盘
248,09:42:39,25.6,0.0,50,127899,买盘
249,09:42:43,25.58,-0.02,49,125412,卖盘
250,09:42:46,25.58,0.0,69,178077,卖盘
251,09:42:49,25.58,0.0,48,122320,卖盘
252,09:42:52,25.6,0.02,37,94761,中性盘
253,09:42:54,25.6,0.0,33,84480,卖盘
254,09:42:57,25.6,0.0,20,51202,卖盘
255,09:43:01,25.61,0.01,35,89647,卖盘
256,09:43:04,25.62,0.01,9,23072,中性盘
257,09:43:07,25.62,0.0,54,138399,卖盘
258,09:43:10,25.64,0.02,31,79456,买盘
259,09:43:13,25.62,-0.02,33,84594,卖盘
260,09:43:15,25.64,0.02,22,56401,卖盘
261,09:43:19,25.62,-0.02,15,38457,卖盘
262,09:43:22,25.64,0.02,7,17953,卖盘
263,09:43:25,25.64,0.0,26,66672,卖盘
264,09:43:28,25.62,-0.02,20,51250,卖盘
265,09:43:31,25.64,0.02,37,94832,买盘
266,09:43:34,25.64,0.0,21,53827,买盘
267,09:43:37,25.64,0.0,13,33332,买盘
268,09:43:39,25.64,0.0,36,92291,买盘
269,09:43:43,25.65,0.01,25,64125,买盘
270,09:43:46,25.64,-0.01,11,28216,卖盘
271,09:43:49,25.64,0.0,30,76932,卖盘
272,09:43:52,25.7,0.06,12,30840,买盘
273,09:43:55,25.65,-0.05,6,15387,卖盘
274,09:43:58,25.65,0.0,22,56436,中性盘
275,09:44:01,25.7,0.05,32,82109,买盘
276,09:44:04,25.7,0.0,2,5140,买盘
277,09:44:07,25.7,0.0,2,5140,买盘
278,09:44:10,25.66,-0.04,25,64158,卖盘
279,09:44:12,25.7,0.04,19,48760,买盘
280,09:44:16,25.66,-0.04,2,5133,中性盘
281,09:44:19,25.66,0.0,7,17968,卖盘
282,09:44:22,25.66,0.0,24,61590,卖盘
283,09:44:25,25.66,0.0,22,56437,买盘
284,09:44:28,25.66,0.0,46,117999,买盘
285,09:44:31,25.66,0.0,6,15395,买盘
286,09:44:33,25.7,0.04,38,97659,买盘
287,09:44:40,25.66,-0.04,2,5132,卖盘
288,09:44:43,25.66,0.0,40,102678,卖盘
289,09:44:46,25.66,0.0,15,38520,卖盘
290,09:44:49,25.69,0.03,9,23126,卖盘
291,09:44:52,25.67,-0.02,13,33404,卖盘
292,09:44:55,25.66,-0.01,32,82139,卖盘
293,09:44:58,25.71,0.05,21,54016,中性盘
294,09:45:01,25.66,-0.05,41,105381,卖盘
295,09:45:04,25.66,0.0,9,23102,卖盘
296,09:45:07,25.76,0.1,11,28314,中性盘
297,09:45:13,25.66,-0.1,10,25674,卖盘
298,09:45:19,25.7,0.04,1,2570,买盘
299,09:45:22,25.69,-0.01,1,2569,卖盘
300,09:45:25,25.7,0.01,8,20560,买盘
301,09:45:31,25.67,-0.03,22,56533,卖盘
302,09:45:33,25.76,0.09,11,28272,买盘
303,09:45:37,25.75,-0.01,65,167392,中性盘
304,09:45:40,25.8,0.05,31,79888,买盘
305,09:45:43,25.8,0.0,28,72319,卖盘
306,09:45:49,25.86,0.06,52,134452,买盘
307,09:45:52,25.8,-0.06,5,12924,卖盘
308,09:45:55,25.9,0.1,26,67300,买盘
309,09:45:58,25.91,0.01,30,77710,买盘
310,09:46:01,25.88,-0.03,43,111430,卖盘
311,09:46:04,25.93,0.05,35,90746,买盘
312,09:46:07,25.95,0.02,46,119326,买盘
313,09:46:09,25.98,0.03,16,41553,买盘
314,09:46:13,25.95,-0.03,12,31141,卖盘
315,09:46:16,26.0,0.05,72,187167,买盘
316,09:46:19,26.0,0.0,12,31200,卖盘
317,09:46:22,26.1,0.1,62,161820,买盘
318,09:46:25,26.14,0.04,27,70537,买盘
319,09:46:28,26.2,0.06,141,369007,买盘
320,09:46:30,26.14,-0.06,44,115028,卖盘
321,09:46:34,26.25,0.11,30,78710,买盘
322,09:46:37,26.3,0.05,120,315374,买盘
323,09:46:40,26.25,-0.05,87,228811,卖盘
324,09:46:43,26.14,-0.11,172,451628,卖盘
325,09:46:46,26.25,0.11,42,110116,买盘
326,09:46:49,26.14,-0.11,12,31423,卖盘
327,09:46:52,26.2,0.06,5,13082,中性盘
328,09:46:54,26.14,-0.06,25,65395,卖盘
329,09:46:58,26.19,0.05,3,7857,中性盘
330,09:47:01,26.14,-0.05,34,88830,卖盘
331,09:47:04,26.0,-0.14,8,20800,卖盘
332,09:47:06,26.0,0.0,46,119676,卖盘
333,09:47:10,26.0,0.0,3,7800,中性盘
334,09:47:16,26.1,0.1,8,20780,买盘
335,09:47:19,26.0,-0.1,13,33800,卖盘
336,09:47:25,26.0,0.0,9,23400,卖盘
337,09:47:31,26.0,0.0,8,20820,卖盘
338,09:47:34,26.0,0.0,5,13000,卖盘
339,09:47:37,26.0,0.0,35,90960,买盘
340,09:47:40,25.94,-0.06,13,33777,卖盘
341,09:47:45,25.94,0.0,24,62267,卖盘
342,09:47:48,26.0,0.06,5,13000,买盘
343,09:47:52,25.93,-0.07,8,20751,卖盘
344,09:47:55,25.8,-0.13,6,15493,卖盘
345,09:47:58,25.8,0.0,5,12900,卖盘
346,09:48:04,25.8,0.0,13,33545,卖盘
347,09:48:10,25.8,0.0,9,23259,卖盘
348,09:48:16,25.94,0.14,8,20765,卖盘
349,09:48:18,25.99,0.05,3,7797,买盘
350,09:48:22,25.94,-0.05,5,12970,卖盘
351,09:48:28,25.99,0.05,14,36321,买盘
352,09:48:31,25.99,0.0,2,5198,买盘
353,09:48:34,25.99,0.0,9,23391,卖盘
354,09:48:37,25.99,0.0,1,2599,卖盘
355,09:48:40,25.99,0.0,8,20792,卖盘
356,09:48:43,26.0,0.01,7,18200,买盘
357,09:48:45,25.99,-0.01,5,12995,卖盘
358,09:48:49,26.0,0.01,17,44200,买盘
359,09:48:51,25.99,-0.01,17,44183,卖盘
360,09:48:55,25.99,0.0,20,51980,买盘
361,09:48:58,25.94,-0.05,9,23351,卖盘
362,09:49:04,25.99,0.05,37,95123,买盘
363,09:49:07,25.96,-0.03,7,18182,卖盘
364,09:49:10,25.94,-0.02,8,20765,卖盘
365,09:49:15,25.99,0.05,16,41520,买盘
366,09:49:19,26.0,0.01,15,39000,买盘
367,09:49:22,26.0,0.0,14,36355,中性盘
368,09:49:25,25.99,-0.01,8,20764,买盘
369,09:49:28,25.94,-0.05,10,25953,卖盘
370,09:49:31,25.89,-0.05,41,107375,卖盘
371,09:49:34,25.94,0.05,6,14526,买盘
372,09:49:37,25.89,-0.05,13,33674,卖盘
373,09:49:39,26.0,0.11,8,20798,买盘
374,09:49:42,25.89,-0.11,9,23338,卖盘
375,09:49:49,25.99,0.1,8,20792,卖盘
376,09:49:52,25.88,-0.11,8,20750,卖盘
377,09:49:55,25.89,0.01,3,7767,中性盘
378,09:49:58,25.89,0.0,2,5178,买盘
379,09:50:01,25.88,-0.01,13,33651,卖盘
380,09:50:07,25.88,0.0,12,31091,卖盘
381,09:50:13,25.88,0.0,11,28499,卖盘
382,09:50:16,25.88,0.0,8,20704,卖盘
383,09:50:19,25.88,0.0,14,36238,卖盘
384,09:50:22,25.97,0.09,6,15582,买盘
385,09:50:25,25.87,-0.1,25,64688,卖盘
386,09:50:28,25.97,0.1,15,38839,买盘
387,09:50:31,25.87,-0.1,12,31048,卖盘
388,09:50:34,25.88,0.01,6,15528,买盘
389,09:50:37,25.88,0.0,10,25872,买盘
390,09:50:40,25.87,-0.01,1,2587,卖盘
391,09:50:43,25.88,0.01,10,25870,买盘
392,09:50:46,25.87,-0.01,9,23290,卖盘
393,09:50:49,25.87,0.0,20,51727,买盘
394,09:50:52,25.87,0.0,5,12935,买盘
395,09:50:55,25.87,0.0,15,38796,买盘
396,09:50:57,25.86,-0.01,17,43963,卖盘
397,09:51:01,25.86,0.0,32,83803,卖盘
398,09:51:07,25.86,0.0,16,41379,买盘
399,09:51:10,25.86,0.0,9,23274,买盘
400,09:51:13,25.86,0.0,31,80153,买盘
401,09:51:16,25.87,0.01,4,9312,买盘
402,09:51:18,25.85,-0.02,22,56888,卖盘
403,09:51:22,25.85,0.0,12,32063,卖盘
404,09:51:25,25.82,-0.03,8,20656,卖盘
405,09:51:28,25.82,0.0,4,10328,卖盘
406,09:51:31,25.85,0.03,21,54243,买盘
407,09:51:34,25.81,-0.04,30,77458,卖盘
408,09:51:40,25.81,0.0,9,23229,卖盘
409,09:51:42,25.82,0.01,21,54209,买盘
410,09:51:46,25.81,-0.01,25,64526,卖盘
411,09:51:49,25.81,0.0,15,38723,卖盘
412,09:51:52,25.8,-0.01,5,12900,卖盘
413,09:51:58,25.8,0.0,23,59350,卖盘
414,09:52:01,25.8,0.0,8,20640,卖盘
415,09:52:04,25.8,0.0,20,51611,卖盘
416,09:52:07,25.8,0.0,13,33540,卖盘
417,09:52:09,25.78,-0.02,20,51586,卖盘
418,09:52:16,25.78,0.0,5,12890,卖盘
419,09:52:19,25.8,0.02,27,69660,买盘
420,09:52:22,25.8,0.0,23,59340,卖盘
421,09:52:24,25.8,0.0,10,25800,买盘
422,09:52:28,25.72,-0.08,12,30919,卖盘
423,09:52:31,25.8,0.08,32,82560,买盘
424,09:52:34,25.81,0.01,53,136730,买盘
425,09:52:37,25.82,0.01,15,38724,买盘
426,09:52:40,25.82,0.0,25,63586,卖盘
427,09:52:43,25.88,0.06,64,165606,买盘
428,09:52:46,25.89,0.01,72,186266,买盘
429,09:52:49,25.9,0.01,9,23310,中性盘
430,09:52:52,25.89,-0.01,9,23308,卖盘
431,09:52:55,25.91,0.02,13,33683,卖盘
432,09:52:57,25.89,-0.02,24,62156,卖盘
433,09:53:01,25.97,0.08,1,2597,买盘
434,09:53:04,25.89,-0.08,5,12946,卖盘
435,09:53:10,25.91,0.02,17,43949,买盘
436,09:53:12,25.9,-0.01,13,33680,卖盘
437,09:53:16,25.77,-0.13,18,46396,中性盘
438,09:53:19,25.91,0.14,51,132002,买盘
439,09:53:22,25.91,0.0,24,62184,卖盘
440,09:53:25,25.91,0.0,14,36274,卖盘
441,09:53:28,25.97,0.06,4,10388,买盘
442,09:53:31,25.76,-0.21,22,56819,卖盘
443,09:53:34,26.0,0.24,118,306701,买盘
444,09:53:37,26.0,0.0,18,46800,卖盘
445,09:53:39,26.1,0.1,352,918711,买盘
446,09:53:42,26.1,0.0,48,125280,卖盘
447,09:53:49,25.91,-0.19,9,23257,买盘
448,09:53:55,25.78,-0.13,13,33582,卖盘
449,09:53:58,25.91,0.13,14,36274,买盘
450,09:54:01,25.91,0.0,18,46638,卖盘
451,09:54:07,25.91,0.0,21,54411,卖盘
452,09:54:10,25.91,0.0,19,49271,卖盘
453,09:54:13,25.81,-0.1,6,15530,卖盘
454,09:54:15,25.91,0.1,9,23319,买盘
455,09:54:19,25.8,-0.11,18,46506,卖盘
456,09:54:25,25.81,0.01,9,23230,卖盘
457,09:54:28,25.92,0.11,40,103611,买盘
458,09:54:31,25.82,-0.1,21,54582,卖盘
459,09:54:37,25.92,0.1,5,12960,卖盘
460,09:54:40,25.82,-0.1,15,38718,卖盘
461,09:54:43,26.0,0.18,29,75129,买盘
462,09:54:46,25.82,-0.18,9,23238,中性盘
463,09:54:49,26.0,0.18,26,67146,买盘
464,09:54:52,25.83,-0.17,14,36162,卖盘
465,09:54:55,25.8,-0.03,21,54221,卖盘
466,09:54:58,25.83,0.03,1,2583,中性盘
467,09:55:01,25.83,0.0,12,30991,买盘
468,09:55:07,25.83,0.0,30,77465,买盘
469,09:55:09,25.82,-0.01,9,23239,卖盘
470,09:55:13,25.82,0.0,12,30971,买盘
471,09:55:16,25.81,-0.01,58,149698,中性盘
472,09:55:19,25.82,0.01,46,118742,买盘
473,09:55:22,25.79,-0.03,70,180576,卖盘
474,09:55:25,25.8,0.01,9,23220,买盘
475,09:55:28,25.79,-0.01,15,38687,卖盘
476,09:55:31,25.8,0.01,19,49020,买盘
477,09:55:34,25.79,-0.01,35,90275,卖盘
478,09:55:37,25.79,0.0,9,23211,卖盘
479,09:55:40,25.8,0.01,9,23220,买盘
480,09:55:43,25.8,0.0,18,46440,卖盘
481,09:55:46,25.79,-0.01,21,54165,卖盘
482,09:55:49,25.79,0.0,9,23211,卖盘
483,09:55:52,25.79,0.0,26,67054,卖盘
484,09:55:58,25.79,0.0,25,64479,卖盘
485,09:56:01,25.79,0.0,16,41274,卖盘
486,09:56:04,25.78,-0.01,27,69611,卖盘
487,09:56:07,25.79,0.01,2,5158,买盘
488,09:56:10,25.77,-0.02,5,12885,卖盘
489,09:56:13,25.78,0.01,1,2578,买盘
490,09:56:16,25.76,-0.02,16,41224,卖盘
491,09:56:19,25.78,0.02,8,20624,买盘
492,09:56:22,25.77,-0.01,44,113333,中性盘
493,09:56:28,25.76,-0.01,8,20608,卖盘
494,09:56:30,25.77,0.01,14,36074,买盘
495,09:56:34,25.76,-0.01,19,48944,卖盘
496,09:56:37,25.76,0.0,5,12880,买盘
497,09:56:40,25.75,-0.01,13,33475,卖盘
498,09:56:43,25.75,0.0,7,18025,卖盘
499,09:56:46,25.75,0.0,20,52533,卖盘
500,09:56:49,25.75,0.0,1,2575,买盘
501,09:56:51,25.74,-0.01,10,25740,卖盘
502,09:56:54,25.74,0.0,16,41144,买盘
503,09:56:57,25.74,0.0,11,28299,买盘
504,09:57:01,25.71,-0.03,1,2571,卖盘
505,09:57:04,25.71,0.0,19,48849,卖盘
506,09:57:07,25.7,-0.01,5,12850,卖盘
507,09:57:10,25.7,0.0,16,41126,卖盘
508,09:57:13,25.7,0.0,16,41120,卖盘
509,09:57:15,25.69,-0.01,41,105364,卖盘
510,09:57:19,25.7,0.01,26,66785,买盘
511,09:57:22,25.68,-0.02,1,2568,买盘
512,09:57:25,25.67,-0.01,13,33371,卖盘
513,09:57:28,25.68,0.01,17,43656,买盘
514,09:57:30,25.67,-0.01,32,82175,卖盘
515,09:57:34,25.66,-0.01,71,182206,卖盘
516,09:57:37,25.65,-0.01,19,48746,卖盘
517,09:57:40,25.65,0.0,1,2565,卖盘
518,09:57:42,25.65,0.0,22,56430,卖盘
519,09:57:46,25.65,0.0,35,89796,卖盘
520,09:57:48,25.65,0.0,42,107730,卖盘
521,09:57:52,25.66,0.01,5,12830,买盘
522,09:57:55,25.65,-0.01,40,102601,卖盘
523,09:57:58,25.65,0.0,10,25655,卖盘
524,09:58:01,25.65,0.0,18,46157,买盘
525,09:58:04,25.64,-0.01,33,84615,卖盘
526,09:58:06,25.66,0.02,22,56438,买盘
527,09:58:09,25.64,-0.02,45,115401,卖盘
528,09:58:13,25.66,0.02,4,10264,卖盘
529,09:58:16,25.64,-0.02,13,33344,卖盘
530,09:58:19,25.63,-0.01,23,58957,卖盘
531,09:58:22,25.64,0.01,50,128199,买盘
532,09:58:28,25.64,0.0,33,84600,买盘
533,09:58:31,25.63,-0.01,9,23067,买盘
534,09:58:33,25.63,0.0,18,46134,买盘
535,09:58:37,25.63,0.0,42,107651,卖盘
536,09:58:39,25.63,0.0,17,43575,卖盘
537,09:58:43,25.62,-0.01,35,89683,卖盘
538,09:58:46,25.63,0.01,10,25630,中性盘
539,09:58:49,25.64,0.01,20,51267,买盘
540,09:58:52,25.63,-0.01,19,48698,卖盘
541,09:58:55,25.64,0.01,25,64080,买盘
542,09:58:58,25.66,0.02,70,179455,买盘
543,09:59:00,25.63,-0.03,13,33324,卖盘
544,09:59:04,25.62,-0.01,80,205020,卖盘
545,09:59:07,25.63,0.01,3,7689,买盘
546,09:59:13,25.63,0.0,32,81998,买盘
547,09:59:16,25.63,0.0,31,79439,买盘
548,09:59:18,25.62,-0.01,74,189648,卖盘
549,09:59:21,25.62,0.0,45,115322,卖盘
550,09:59:25,25.62,0.0,24,61489,卖盘
551,09:59:28,25.62,0.0,23,58927,卖盘
552,09:59:31,25.62,0.0,3,7686,买盘
553,09:59:34,25.61,-0.01,13,33293,卖盘
554,09:59:40,25.61,0.0,20,51220,卖盘
555,09:59:42,25.61,0.0,13,33293,买盘
556,09:59:46,25.61,0.0,33,84499,买盘
557,09:59:49,25.6,-0.01,11,28166,卖盘
558,09:59:52,25.6,0.0,14,35840,卖盘
559,09:59:55,25.6,0.0,23,58882,卖盘
560,09:59:58,25.6,0.0,77,197120,卖盘
561,10:00:01,25.6,0.0,38,97280,卖盘
562,10:00:04,25.6,0.0,79,202240,卖盘
563,10:00:07,25.6,0.0,2,5120,卖盘
564,10:00:10,25.62,0.02,3,7684,买盘
565,10:00:13,25.6,-0.02,47,120320,卖盘
566,10:00:19,25.58,-0.02,18,46055,卖盘
567,10:00:22,25.6,0.02,28,71680,买盘
568,10:00:25,25.58,-0.02,1,2558,卖盘
569,10:00:28,25.58,0.0,54,138132,卖盘
570,10:00:34,25.58,0.0,5,12790,买盘
571,10:00:36,25.58,0.0,14,35803,买盘
572,10:00:39,25.57,-0.01,7,17902,卖盘
573,10:00:43,25.57,0.0,1,2557,买盘
574,10:00:46,25.57,0.0,40,102257,买盘
575,10:00:48,25.56,-0.01,12,30672,卖盘
576,10:00:52,25.57,0.01,18,46013,买盘
577,10:00:55,25.57,0.0,1,2557,买盘
578,10:00:58,25.55,-0.02,1,2555,卖盘
579,10:01:01,25.52,-0.03,28,71519,卖盘
580,10:01:04,25.55,0.03,2,5110,中性盘
581,10:01:07,25.53,-0.02,3,7659,卖盘
582,10:01:10,25.53,0.0,1,2553,中性盘
583,10:01:13,25.52,-0.01,12,30644,卖盘
584,10:01:16,25.52,0.0,29,74060,卖盘
585,10:01:19,25.53,0.01,42,107254,买盘
586,10:01:22,25.52,-0.01,49,125099,卖盘
587,10:01:25,25.53,0.01,9,22977,中性盘
588,10:01:28,25.52,-0.01,56,143051,卖盘
589,10:01:31,25.57,0.05,48,122761,买盘
590,10:01:34,25.6,0.03,76,194012,买盘
591,10:01:37,25.64,0.04,82,210132,买盘
592,10:01:40,25.64,0.0,188,482399,卖盘
593,10:01:43,25.75,0.11,68,176597,买盘
594,10:01:46,25.79,0.04,84,216507,买盘
595,10:01:49,25.8,0.01,25,64502,卖盘
596,10:01:51,25.83,0.03,30,77488,买盘
597,10:01:54,25.9,0.07,16,41440,中性盘
598,10:01:57,25.9,0.0,51,132096,卖盘
599,10:02:01,25.9,0.0,11,28490,卖盘
600,10:02:04,25.9,0.0,13,33670,卖盘
601,10:02:07,25.9,0.0,16,41440,卖盘
602,10:02:10,25.9,0.0,38,98420,卖盘
603,10:02:16,25.8,-0.1,61,157525,卖盘
604,10:02:28,25.8,0.0,14,36120,卖盘
605,10:02:31,25.8,0.0,7,18060,卖盘
606,10:02:34,25.75,-0.05,20,51500,卖盘
607,10:02:37,25.75,0.0,2,5150,卖盘
608,10:02:40,25.75,0.0,15,38625,卖盘
609,10:02:43,25.75,0.0,16,41200,卖盘
610,10:02:46,25.75,0.0,15,37080,卖盘
611,10:02:48,25.75,0.0,12,30900,买盘
612,10:02:54,25.65,-0.1,3,7695,卖盘
613,10:03:00,25.64,-0.01,15,38473,卖盘
614,10:03:04,25.65,0.01,2,5130,买盘
615,10:03:06,25.65,0.0,25,64109,买盘
616,10:03:13,25.7,0.05,26,66682,买盘
617,10:03:16,25.64,-0.06,13,33341,卖盘
618,10:03:19,25.65,0.01,19,48750,卖盘
619,10:03:25,25.66,0.01,12,31823,卖盘
620,10:03:28,25.65,-0.01,13,33355,卖盘
621,10:03:31,25.65,0.0,4,10260,卖盘
622,10:03:33,25.68,0.03,31,79592,买盘
623,10:03:36,25.7,0.02,23,59092,买盘
624,10:03:40,25.68,-0.02,13,33384,卖盘
625,10:03:43,25.68,0.0,16,41090,卖盘
626,10:03:46,25.7,0.02,11,28270,买盘
627,10:03:48,25.7,0.0,9,23130,卖盘
628,10:03:52,25.7,0.0,13,33410,卖盘
629,10:03:55,25.7,0.0,16,41120,卖盘
630,10:03:58,25.7,0.0,2,5140,卖盘
631,10:04:01,25.75,0.05,14,36003,买盘
632,10:04:04,25.7,-0.05,13,33410,卖盘
633,10:04:06,25.7,0.0,16,41120,卖盘
634,10:04:10,25.7,0.0,1,2570,卖盘
635,10:04:13,25.7,0.0,9,23130,卖盘
636,10:04:16,25.7,0.0,13,33450,卖盘
637,10:04:19,25.7,0.0,16,41120,卖盘
638,10:04:22,25.74,0.04,11,28274,中性盘
639,10:04:25,25.7,-0.04,9,23130,卖盘
640,10:04:28,25.7,0.0,13,33418,卖盘
641,10:04:30,25.7,0.0,7,17990,中性盘
642,10:04:40,25.68,-0.02,26,66790,卖盘
643,10:04:43,25.68,0.0,16,41088,卖盘
644,10:04:46,25.7,0.02,1,2570,买盘
645,10:04:49,25.68,-0.02,9,23112,卖盘
646,10:04:52,25.7,0.02,19,48804,买盘
647,10:04:55,25.68,-0.02,4,10272,卖盘
648,10:04:57,25.68,0.0,8,20544,买盘
649,10:05:04,25.66,-0.02,20,51333,卖盘
650,10:05:13,25.66,0.0,9,23094,卖盘
651,10:05:16,25.66,0.0,13,33358,卖盘
652,10:05:19,25.66,0.0,13,33359,卖盘
653,10:05:28,25.65,-0.01,2,5130,卖盘
654,10:05:33,25.6,-0.05,97,247480,卖盘
655,10:05:37,25.6,0.0,21,53248,卖盘
656,10:05:40,25.65,0.05,10,25650,买盘
657,10:05:43,25.6,-0.05,1,2560,卖盘
658,10:05:46,25.6,0.0,9,23040,卖盘
659,10:05:48,25.6,0.0,4,10241,卖盘
660,10:05:52,25.6,0.0,13,33280,卖盘
661,10:05:55,25.6,0.0,24,62464,卖盘
662,10:05:57,25.6,0.0,5,12800,买盘
663,10:06:00,25.58,-0.02,6,15355,卖盘
664,10:06:07,25.58,0.0,8,20464,卖盘
665,10:06:10,25.58,0.0,15,38372,卖盘
666,10:06:13,25.58,0.0,4,10232,卖盘
667,10:06:15,25.6,0.02,33,84451,买盘
668,10:06:18,25.56,-0.04,39,99768,卖盘
669,10:06:25,25.57,0.01,1,2557,卖盘
670,10:06:28,25.55,-0.02,40,102250,卖盘
671,10:06:40,25.56,0.01,4,10224,卖盘
672,10:06:42,25.56,0.0,15,38343,卖盘
673,10:06:45,25.56,0.0,10,25561,卖盘
674,10:06:48,25.56,0.0,57,145724,卖盘
675,10:06:52,25.57,0.01,51,130358,买盘
676,10:06:55,25.58,0.01,45,115094,买盘
677,10:06:58,25.61,0.03,27,68109,买盘
678,10:07:01,25.65,0.04,34,87210,买盘
679,10:07:04,25.7,0.05,127,326066,买盘
680,10:07:07,25.74,0.04,34,87362,买盘
681,10:07:09,25.8,0.06,113,292855,买盘
682,10:07:12,25.85,0.05,52,134329,买盘
683,10:07:16,25.85,0.0,13,33606,卖盘
684,10:07:19,25.9,0.05,147,380711,买盘
685,10:07:22,25.91,0.01,11,28499,中性盘
686,10:07:28,25.93,0.02,25,64812,买盘
687,10:07:31,25.93,0.0,62,160766,卖盘
688,10:07:34,25.92,-0.01,16,41479,卖盘
689,10:07:39,25.95,0.03,64,165977,买盘
690,10:07:43,25.92,-0.03,54,140082,卖盘
691,10:07:46,25.92,0.0,38,98527,卖盘
692,10:07:52,25.92,0.0,3,7776,买盘
693,10:07:55,25.9,-0.02,290,751229,卖盘
694,10:07:58,25.9,0.0,5,12950,买盘
695,10:08:04,25.89,-0.01,48,124272,卖盘
696,10:08:06,25.89,0.0,1,2589,卖盘
697,10:08:10,25.85,-0.04,147,380676,卖盘
698,10:08:13,25.96,0.11,207,536722,买盘
699,10:08:16,25.97,0.01,162,420701,买盘
700,10:08:19,25.98,0.01,75,194834,买盘
701,10:08:21,25.99,0.01,143,371498,买盘
702,10:08:24,26.0,0.01,199,516864,买盘
703,10:08:27,26.0,0.0,13,33800,卖盘
704,10:08:31,25.99,-0.01,78,202773,卖盘
705,10:08:34,25.99,0.0,38,98764,卖盘
706,10:08:37,26.0,0.01,1,2600,卖盘
707,10:08:39,25.99,-0.01,22,57183,卖盘
708,10:08:43,25.99,0.0,25,65501,卖盘
709,10:08:46,25.97,-0.02,136,353202,卖盘
710,10:08:51,25.96,-0.01,16,41536,卖盘
711,10:08:55,25.96,0.0,2,5192,买盘
712,10:08:58,25.96,0.0,7,18172,买盘
713,10:09:01,25.9,-0.06,10,25906,卖盘
714,10:09:04,25.9,0.0,13,33670,卖盘
715,10:09:07,25.9,0.0,2,5180,卖盘
716,10:09:13,25.9,0.0,1,2590,买盘
717,10:09:22,25.88,-0.02,9,23322,卖盘
718,10:09:24,25.88,0.0,13,33644,卖盘
719,10:09:28,25.88,0.0,33,85404,卖盘
720,10:09:37,25.88,0.0,22,56897,买盘
721,10:09:40,25.85,-0.03,26,67210,卖盘
722,10:09:43,25.85,0.0,9,23265,卖盘
723,10:09:46,25.85,0.0,4,10340,卖盘
724,10:09:49,25.85,0.0,16,41363,卖盘
725,10:10:01,25.8,-0.05,14,36120,卖盘
726,10:10:04,25.8,0.0,9,21672,卖盘
727,10:10:10,25.74,-0.06,48,123622,卖盘
728,10:10:12,25.74,0.0,30,78766,卖盘
729,10:10:16,25.7,-0.04,46,116804,卖盘
730,10:10:19,25.7,0.0,14,35980,买盘
731,10:10:22,25.7,0.0,7,17990,买盘
732,10:10:28,25.69,-0.01,4,10276,卖盘
733,10:10:31,25.65,-0.04,64,165729,卖盘
734,10:10:34,25.7,0.05,5,12850,买盘
735,10:10:37,25.7,0.0,2,5140,买盘
736,10:10:54,25.67,-0.03,14,35938,卖盘
737,10:10:57,25.7,0.03,218,559232,买盘
738,10:11:04,25.8,0.1,29,74795,买盘
739,10:11:07,25.9,0.1,566,1465892,买盘
740,10:11:09,25.9,0.0,6,15540,卖盘
741,10:11:19,25.9,0.0,3,7770,卖盘
742,10:11:22,25.9,0.0,2,5180,卖盘
743,10:11:25,25.9,0.0,9,23318,卖盘
744,10:11:28,25.9,0.0,18,46620,卖盘
745,10:11:33,25.92,0.02,2,5184,买盘
746,10:11:37,25.92,0.0,2,5183,买盘
747,10:11:55,25.9,-0.02,15,38750,买盘
748,10:11:58,25.8,-0.1,14,36150,卖盘
749,10:12:01,25.8,0.0,31,79980,卖盘
750,10:12:04,25.8,0.0,11,28380,卖盘
751,10:12:10,25.8,0.0,14,36120,卖盘
752,10:12:13,25.8,0.0,28,72256,卖盘
753,10:12:16,25.71,-0.09,31,79871,卖盘
754,10:12:19,25.8,0.09,15,38602,买盘
755,10:12:22,25.73,-0.07,10,25769,卖盘
756,10:12:25,25.7,-0.03,192,493582,卖盘
757,10:12:28,25.7,0.0,14,35980,卖盘
758,10:12:31,25.7,0.0,42,107946,卖盘
759,10:12:34,25.7,0.0,11,28270,卖盘
760,10:12:36,25.7,0.0,20,51405,卖盘
761,10:12:39,25.7,0.0,15,38560,卖盘
762,10:12:46,25.71,0.01,26,66846,卖盘
763,10:12:49,25.73,0.02,16,41148,中性盘
764,10:12:52,25.73,0.0,10,25730,卖盘
765,10:12:55,25.73,0.0,18,46314,卖盘
766,10:12:58,25.7,-0.03,27,69442,卖盘
767,10:13:01,25.7,0.0,21,53974,卖盘
768,10:13:04,25.68,-0.02,11,28253,卖盘
769,10:13:07,25.71,0.03,15,38532,卖盘
770,10:13:09,25.7,-0.01,25,64223,卖盘
771,10:13:12,25.67,-0.03,25,64199,卖盘
772,10:13:16,25.7,0.03,18,46256,中性盘
773,10:13:19,25.66,-0.04,13,33387,卖盘
774,10:13:22,25.68,0.02,5,12840,中性盘
775,10:13:25,25.68,0.0,23,59079,卖盘
776,10:13:28,25.66,-0.02,23,59036,卖盘
777,10:13:31,25.66,0.0,17,43622,卖盘
778,10:13:34,25.7,0.04,26,66816,买盘
779,10:13:37,25.7,0.0,14,35980,卖盘
780,10:13:39,25.7,0.0,9,23130,卖盘
781,10:13:43,25.69,-0.01,27,69384,卖盘
782,10:13:46,25.67,-0.02,17,43645,卖盘
783,10:13:49,25.66,-0.01,21,53897,卖盘
784,10:13:52,25.68,0.02,20,51360,中性盘
785,10:13:55,25.66,-0.02,27,69312,卖盘
786,10:13:58,25.69,0.03,15,38513,中性盘
787,10:14:01,25.66,-0.03,17,43625,卖盘
788,10:14:04,25.7,0.04,23,59052,买盘
789,10:14:07,25.7,0.0,7,17990,卖盘
790,10:14:10,25.7,0.0,12,30840,卖盘
791,10:14:13,25.7,0.0,6,15420,卖盘
792,10:14:16,25.67,-0.03,11,28258,卖盘
793,10:14:22,25.81,0.14,4,10324,买盘
794,10:14:28,25.81,0.0,1,2581,卖盘
795,10:14:39,25.67,-0.14,12,30841,卖盘
796,10:14:43,25.71,0.04,6,15426,中性盘
797,10:14:46,25.67,-0.04,9,23119,卖盘
798,10:14:55,25.71,0.04,7,17975,买盘
799,10:14:58,25.71,0.0,5,12855,卖盘
800,10:15:01,25.68,-0.03,16,41130,卖盘
801,10:15:04,25.68,0.0,11,28249,卖盘
802,10:15:07,25.68,0.0,11,28248,卖盘
803,10:15:10,25.67,-0.01,5,12837,卖盘
804,10:15:13,25.67,0.0,8,20536,卖盘
805,10:15:16,25.66,-0.01,14,35930,卖盘
806,10:15:19,25.67,0.01,17,43626,中性盘
807,10:15:22,25.66,-0.01,15,38500,卖盘
808,10:15:25,25.75,0.09,32,82294,买盘
809,10:15:27,25.66,-0.09,18,46245,卖盘
810,10:15:31,25.66,0.0,15,38490,卖盘
811,10:15:34,25.65,-0.01,12,30796,卖盘
812,10:15:37,25.66,0.01,11,28230,卖盘
813,10:15:40,25.67,0.01,24,61608,中性盘
814,10:15:43,25.66,-0.01,13,33360,卖盘
815,10:15:46,25.66,0.0,16,41060,卖盘
816,10:15:49,25.81,0.15,17,43643,买盘
817,10:15:52,25.65,-0.16,28,71820,卖盘
818,10:15:55,25.65,0.0,13,33345,卖盘
819,10:15:58,25.65,0.0,27,69259,卖盘
820,10:16:01,25.63,-0.02,14,35902,卖盘
821,10:16:04,25.63,0.0,15,38475,卖盘
822,10:16:07,25.63,0.0,13,33329,卖盘
823,10:16:10,25.61,-0.02,29,74315,卖盘
824,10:16:13,25.61,0.0,12,30734,卖盘
825,10:16:15,25.62,0.01,13,33306,中性盘
826,10:16:18,25.61,-0.01,11,28179,卖盘
827,10:16:22,25.63,0.02,1,2563,买盘
828,10:16:25,25.61,-0.02,22,56344,卖盘
829,10:16:28,25.62,0.01,15,38430,中性盘
830,10:16:31,25.62,0.0,12,30746,卖盘
831,10:16:33,25.63,0.01,4,10252,中性盘
832,10:16:36,25.61,-0.02,11,28180,卖盘
833,10:16:40,25.62,0.01,13,33306,卖盘
834,10:16:43,25.61,-0.01,15,38440,卖盘
835,10:16:46,25.61,0.0,27,69170,卖盘
836,10:16:48,25.61,0.0,12,30734,卖盘
837,10:16:51,25.62,0.01,16,40996,卖盘
838,10:16:55,25.61,-0.01,12,30741,卖盘
839,10:16:58,25.62,0.01,25,64050,卖盘
840,10:17:00,25.61,-0.01,27,69172,卖盘
841,10:17:04,25.61,0.0,22,56355,卖盘
842,10:17:07,25.61,0.0,13,33293,卖盘
843,10:17:10,25.61,0.0,12,30732,卖盘
844,10:17:12,25.69,0.08,60,153841,买盘
845,10:17:16,25.6,-0.09,15,38439,卖盘
846,10:17:18,25.6,0.0,12,30722,卖盘
847,10:17:22,25.6,0.0,14,35842,卖盘
848,10:17:25,25.6,0.0,24,61490,卖盘
849,10:17:28,25.6,0.0,20,51200,卖盘
850,10:17:39,25.61,0.01,12,30732,卖盘
851,10:17:42,25.69,0.08,2,5138,买盘
852,10:17:49,25.69,0.0,6,15414,卖盘
853,10:17:52,25.61,-0.08,21,53818,卖盘
854,10:17:58,25.61,0.0,21,53781,卖盘
855,10:18:06,25.69,0.08,5,12813,买盘
856,10:18:10,25.62,-0.07,16,40999,卖盘
857,10:18:16,25.62,0.0,10,25638,卖盘
858,10:18:19,25.62,0.0,12,30746,卖盘
859,10:18:22,25.62,0.0,13,33306,卖盘
860,10:18:25,25.62,0.0,15,38430,卖盘
861,10:18:27,25.8,0.18,3,7705,买盘
862,10:18:31,25.62,-0.18,12,30744,卖盘
863,10:18:33,25.62,0.0,13,33306,卖盘
864,10:18:37,25.61,-0.01,20,51229,卖盘
865,10:18:43,25.62,0.01,12,30836,卖盘
866,10:18:46,25.61,-0.01,15,38424,卖盘
867,10:18:49,25.61,0.0,19,48659,卖盘
868,10:18:52,25.61,0.0,12,30732,卖盘
869,10:18:58,25.62,0.01,13,33316,卖盘
870,10:19:01,25.62,0.0,19,48678,卖盘
871,10:19:04,25.62,0.0,1,2562,卖盘
872,10:19:06,25.61,-0.01,12,30740,卖盘
873,10:19:10,25.62,0.01,29,74308,卖盘
874,10:19:13,25.61,-0.01,15,38424,卖盘
875,10:19:16,25.62,0.01,13,33306,卖盘
876,10:19:22,25.63,0.01,11,28193,卖盘
877,10:19:28,25.61,-0.02,32,82092,卖盘
878,10:19:31,25.62,0.01,1,2562,中性盘
879,10:19:34,25.62,0.0,21,53790,买盘
880,10:19:37,25.61,-0.01,15,38446,卖盘
881,10:19:40,25.61,0.0,12,30742,卖盘
882,10:19:43,25.8,0.19,14,35886,买盘
883,10:19:46,25.62,-0.18,15,38430,卖盘
884,10:19:49,25.62,0.0,11,28182,卖盘
885,10:19:52,25.62,0.0,6,15372,卖盘
886,10:19:55,25.62,0.0,21,53786,买盘
887,10:19:58,25.62,0.0,15,38434,卖盘
888,10:20:00,25.62,0.0,17,43554,卖盘
889,10:20:04,25.62,0.0,12,30762,卖盘
890,10:20:07,25.65,0.03,8,20520,中性盘
891,10:20:09,25.8,0.15,4,10320,买盘
892,10:20:13,25.81,0.01,26,67105,买盘
893,10:20:16,25.82,0.01,22,56804,中性盘
894,10:20:19,25.8,-0.02,62,160083,卖盘
895,10:20:22,25.85,0.05,16,41360,买盘
896,10:20:25,25.86,0.01,62,160849,买盘
897,10:20:27,25.87,0.01,15,38805,中性盘
898,10:20:31,25.89,0.02,39,100937,买盘
899,10:20:34,25.9,0.01,30,77700,买盘
900,10:20:37,25.91,0.01,11,28497,买盘
901,10:20:40,25.92,0.01,22,57022,买盘
902,10:20:43,25.92,0.0,57,147789,卖盘
903,10:20:46,25.91,-0.01,17,44047,卖盘
904,10:20:49,25.9,-0.01,13,33676,卖盘
905,10:20:52,25.91,0.01,18,46613,买盘
906,10:20:55,25.87,-0.04,23,59549,卖盘
907,10:20:57,25.9,0.03,16,41383,中性盘
908,10:21:01,25.84,-0.06,28,72361,卖盘
909,10:21:04,25.8,-0.04,12,30975,卖盘
910,10:21:07,25.78,-0.02,13,33530,卖盘
911,10:21:13,25.63,-0.15,15,38667,卖盘
912,10:21:16,25.63,0.0,11,28193,卖盘
913,10:21:40,25.64,0.01,12,30772,卖盘
914,10:21:43,25.64,0.0,13,33332,卖盘
915,10:21:46,25.63,-0.01,15,38453,卖盘
916,10:21:49,25.63,0.0,12,30756,卖盘
917,10:21:52,25.64,0.01,13,33332,卖盘
918,10:21:54,25.78,0.14,10,25780,买盘
919,10:22:01,25.83,0.05,2,5166,卖盘
920,10:22:10,25.65,-0.18,35,89775,卖盘
921,10:22:13,25.65,0.0,24,61560,卖盘
922,10:22:16,25.65,0.0,27,69256,卖盘
923,10:22:19,25.65,0.0,15,38475,卖盘
924,10:22:22,25.64,-0.01,15,38460,卖盘
925,10:22:24,25.64,0.0,13,33332,卖盘
926,10:22:27,25.64,0.0,15,38460,卖盘
927,10:22:31,25.63,-0.01,143,366543,卖盘
928,10:22:34,25.63,0.0,10,25635,卖盘
929,10:22:40,25.64,0.01,1,2564,买盘
930,10:22:43,25.66,0.02,2,5130,买盘
931,10:22:46,25.64,-0.02,5,12820,卖盘
932,10:22:52,25.66,0.02,3,7698,买盘
933,10:22:55,25.66,0.0,1,2566,卖盘
934,10:23:04,25.8,0.14,18,46342,买盘
935,10:23:13,25.67,-0.13,3,7701,卖盘
936,10:23:19,25.67,0.0,2,5134,卖盘
937,10:23:24,25.67,0.0,4,10268,买盘
938,10:23:28,25.66,-0.01,8,20533,卖盘
939,10:23:31,25.67,0.01,5,12835,买盘
940,10:23:34,25.67,0.0,2,5134,买盘
941,10:23:37,25.67,0.0,5,12832,买盘
942,10:23:40,25.66,-0.01,3,7698,卖盘
943,10:23:43,25.64,-0.02,2,5128,卖盘
944,10:23:52,25.65,0.01,5,12825,卖盘
945,10:23:54,25.66,0.01,12,30788,买盘
946,10:23:57,25.66,0.0,19,48754,买盘
947,10:24:01,25.66,0.0,1,2566,卖盘
948,10:24:04,25.66,0.0,4,10261,买盘
949,10:24:07,25.66,0.0,2,5132,买盘
950,10:24:12,25.65,-0.01,3,7695,卖盘
951,10:24:15,25.65,0.0,12,30780,中性盘
952,10:24:19,25.65,0.0,10,25650,买盘
953,10:24:22,25.65,0.0,18,46170,买盘
954,10:24:25,25.65,0.0,4,10260,买盘
955,10:24:31,25.65,0.0,161,412803,买盘
956,10:24:34,25.65,0.0,20,51300,买盘
957,10:24:46,25.66,0.01,3,7696,买盘
958,10:24:49,25.66,0.0,1,2566,买盘
959,10:25:16,25.66,0.0,11,28226,卖盘
960,10:25:22,25.66,0.0,11,28232,卖盘
961,10:25:27,25.64,-0.02,13,33344,卖盘
962,10:25:31,25.63,-0.01,43,110222,卖盘
963,10:25:37,25.63,0.0,6,15378,卖盘
964,10:25:43,25.63,0.0,8,20504,卖盘
965,10:25:46,25.63,0.0,30,76890,卖盘
966,10:25:48,25.63,0.0,9,23067,卖盘
967,10:25:54,25.66,0.03,1,2566,买盘
968,10:25:58,25.63,-0.03,6,15378,卖盘
969,10:26:04,25.63,0.0,8,20504,卖盘
970,10:26:07,25.63,0.0,2,4613,卖盘
971,10:26:10,25.62,-0.01,9,23574,卖盘
972,10:26:16,25.62,0.0,82,210099,卖盘
973,10:26:19,25.62,0.0,6,15372,卖盘
974,10:26:24,25.64,0.02,12,30749,买盘
975,10:26:27,25.64,0.0,6,15384,卖盘
976,10:26:31,25.64,0.0,9,23076,卖盘
977,10:26:34,25.64,0.0,44,112818,卖盘
978,10:26:40,25.63,-0.01,6,15381,卖盘
979,10:26:46,25.62,-0.01,8,20500,卖盘
980,10:26:49,25.75,0.13,20,51482,买盘
981,10:26:52,25.62,-0.13,29,74308,卖盘
982,10:27:00,25.62,0.0,6,15372,卖盘
983,10:27:06,25.62,0.0,8,20496,卖盘
984,10:27:13,25.74,0.12,2,5148,中性盘
985,10:27:15,25.62,-0.12,9,23059,卖盘
986,10:27:21,25.62,0.0,6,15372,卖盘
987,10:27:31,25.62,0.0,8,20501,卖盘
988,10:27:37,25.62,0.0,14,35870,卖盘
989,10:27:40,25.62,0.0,3,7686,卖盘
990,10:27:46,25.62,0.0,6,15372,卖盘
991,10:27:51,25.66,0.04,9,23062,买盘
992,10:27:58,25.62,-0.04,50,128102,卖盘
993,10:28:01,25.66,0.04,1,2566,买盘
994,10:28:06,25.62,-0.04,6,15388,卖盘
995,10:28:13,25.73,0.11,10,25642,买盘
996,10:28:16,25.73,0.0,2,5146,买盘
997,10:28:19,25.61,-0.12,9,23056,卖盘
998,10:28:22,25.62,0.01,5,12810,中性盘
999,10:28:28,25.62,0.0,6,15372,卖盘
1000,10:28:31,25.74,0.12,12,30885,买盘
1001,10:28:33,25.62,-0.12,8,20496,卖盘
1002,10:28:40,25.62,0.0,9,23058,卖盘
1003,10:28:46,25.62,0.0,5,12816,卖盘
1004,10:28:49,25.61,-0.01,31,79416,卖盘
1005,10:28:52,25.65,0.04,10,25623,买盘
1006,10:28:54,25.65,0.0,8,20520,卖盘
1007,10:29:01,25.63,-0.02,9,23079,卖盘
1008,10:29:10,25.62,-0.01,6,15375,卖盘
1009,10:29:16,25.62,0.0,9,23070,卖盘
1010,10:29:22,25.64,0.02,12,30798,中性盘
1011,10:29:28,25.64,0.0,1,2564,卖盘
1012,10:29:31,25.62,-0.02,6,15372,卖盘
1013,10:29:37,25.62,0.0,8,20496,卖盘
1014,10:29:43,25.62,0.0,10,25622,卖盘
1015,10:29:46,25.62,0.0,9,23058,卖盘
1016,10:29:52,25.62,0.0,6,15372,卖盘
1017,10:29:55,25.62,0.0,2,5124,卖盘
1018,10:30:01,25.62,0.0,8,20496,卖盘
1019,10:30:04,25.62,0.0,4,10248,卖盘
1020,10:30:07,25.62,0.0,25,64050,卖盘
1021,10:30:10,25.74,0.12,12,30886,买盘
1022,10:30:13,25.63,-0.11,6,15378,中性盘
1023,10:30:18,25.63,0.0,11,28193,卖盘
1024,10:30:22,25.63,0.0,8,20504,卖盘
1025,10:30:28,25.63,0.0,9,23069,卖盘
1026,10:30:31,25.63,0.0,1,2563,卖盘
1027,10:30:36,25.63,0.0,16,41009,卖盘
1028,10:30:43,25.63,0.0,8,20508,卖盘
1029,10:30:49,25.62,-0.01,9,23066,卖盘
1030,10:30:52,25.63,0.01,4,10252,中性盘
1031,10:30:54,25.63,0.0,10,25630,买盘
1032,10:30:57,25.63,0.0,14,35876,买盘
1033,10:31:04,25.62,-0.01,9,23064,卖盘
1034,10:31:07,25.63,0.01,1,2563,买盘
1035,10:31:10,25.62,-0.01,9,23060,卖盘
1036,10:31:12,25.63,0.01,2,5126,中性盘
1037,10:31:16,25.63,0.0,11,28193,买盘
1038,10:31:19,25.62,-0.01,8,20501,卖盘
1039,10:31:25,25.63,0.01,8,20504,卖盘
1040,10:31:28,25.64,0.01,4,10256,买盘
1041,10:31:31,25.62,-0.02,11,28185,卖盘
1042,10:31:34,25.64,0.02,7,17948,买盘
1043,10:31:43,25.63,-0.01,10,25630,卖盘
1044,10:31:51,25.75,0.12,19,48911,买盘
1045,10:31:54,25.63,-0.12,6,15378,卖盘
1046,10:31:58,25.75,0.12,11,28277,买盘
1047,10:32:25,25.74,-0.01,2,5148,中性盘
1048,10:32:40,25.63,-0.11,32,82019,卖盘
1049,10:32:43,25.64,0.01,5,12820,买盘
1050,10:32:49,25.73,0.09,2,5146,买盘
1051,10:33:01,25.73,0.0,41,105493,卖盘
1052,10:33:09,25.72,-0.01,3,7716,买盘
1053,10:33:15,25.71,-0.01,1,2571,买盘
1054,10:33:33,25.65,-0.06,1,2565,卖盘
1055,10:33:45,25.7,0.05,2,5140,买盘
1056,10:33:52,25.67,-0.03,3,7701,卖盘
1057,10:34:01,25.67,0.0,3,7701,买盘
1058,10:34:04,25.66,-0.01,49,125604,中性盘
1059,10:34:10,25.65,-0.01,6,15392,卖盘
1060,10:34:13,25.66,0.01,12,30784,买盘
1061,10:34:25,25.66,0.0,13,33358,卖盘
1062,10:34:36,25.66,0.0,19,48754,卖盘
1063,10:34:40,25.66,0.0,6,15396,卖盘
1064,10:34:49,25.66,0.0,12,30792,卖盘
1065,10:34:52,25.67,0.01,4,10265,买盘
1066,10:35:01,25.67,0.0,1,2567,买盘
1067,10:35:07,25.67,0.0,2,5134,卖盘
1068,10:35:19,25.67,0.0,7,17969,卖盘
1069,10:35:22,25.67,0.0,8,20536,买盘
1070,10:35:24,25.67,0.0,1,2567,卖盘
1071,10:35:27,25.67,0.0,1,2567,卖盘
1072,10:35:40,25.67,0.0,2,5134,卖盘
1073,10:35:46,25.67,0.0,3,7701,卖盘
1074,10:35:54,25.67,0.0,20,51340,卖盘
1075,10:35:58,25.67,0.0,2,5134,卖盘
1076,10:36:01,25.67,0.0,32,82180,卖盘
1077,10:36:10,25.67,0.0,11,28237,卖盘
1078,10:36:15,25.66,-0.01,10,25660,卖盘
1079,10:36:19,25.66,0.0,3,7698,买盘
1080,10:36:22,25.66,0.0,7,17962,买盘
1081,10:36:25,25.66,0.0,2,5132,卖盘
1082,10:36:52,25.66,0.0,49,125734,买盘
1083,10:37:04,25.66,0.0,1,2566,卖盘
1084,10:37:13,25.63,-0.03,20,51261,卖盘
1085,10:37:24,25.63,0.0,13,33319,卖盘
1086,10:37:34,25.75,0.12,261,671603,买盘
1087,10:37:37,25.85,0.1,36,92934,买盘
1088,10:37:40,25.9,0.05,109,282287,买盘
1089,10:37:43,25.96,0.06,379,983039,买盘
1090,10:37:45,25.9,-0.06,390,1012655,卖盘
1091,10:37:49,25.9,0.0,31,80290,卖盘
1092,10:37:51,26.0,0.1,397,1032049,买盘
1093,10:37:54,26.0,0.0,112,291200,卖盘
1094,10:37:57,25.99,-0.01,134,348374,卖盘
1095,10:38:01,25.99,0.0,152,395052,卖盘
1096,10:38:04,25.9,-0.09,33,85479,卖盘
1097,10:38:07,25.9,0.0,32,82880,卖盘
1098,10:38:10,25.85,-0.05,32,82800,卖盘
1099,10:38:15,25.98,0.13,231,598635,买盘
1100,10:38:21,25.85,-0.13,14,36190,卖盘
1101,10:38:24,25.85,0.0,32,82720,卖盘
1102,10:38:27,25.85,0.0,30,77554,卖盘
1103,10:38:31,25.85,0.0,32,82780,卖盘
1104,10:38:34,25.64,-0.21,32,82244,卖盘
1105,10:38:37,25.64,0.0,12,30904,卖盘
1106,10:38:40,25.63,-0.01,34,87213,卖盘
1107,10:38:43,25.62,-0.01,38,97612,卖盘
1108,10:38:46,25.62,0.0,13,33350,卖盘
1109,10:38:48,25.63,0.01,28,71772,卖盘
1110,10:38:51,25.64,0.01,32,82034,卖盘
1111,10:38:55,25.64,0.0,15,38460,卖盘
1112,10:38:58,25.63,-0.01,16,41019,卖盘
1113,10:39:01,25.62,-0.01,32,82029,卖盘
1114,10:39:04,25.63,0.01,31,79499,卖盘
1115,10:39:07,25.63,0.0,16,41008,卖盘
1116,10:39:10,25.62,-0.01,28,71769,卖盘
1117,10:39:13,25.69,0.07,13,33397,中性盘
1118,10:39:15,25.63,-0.06,23,58991,卖盘
1119,10:39:19,25.63,0.0,32,82016,卖盘
1120,10:39:24,25.7,0.07,16,41120,卖盘
1121,10:39:28,25.7,0.0,39,100230,卖盘
1122,10:39:31,25.7,0.0,15,38550,卖盘
1123,10:39:34,25.7,0.0,39,100230,卖盘
1124,10:39:37,25.7,0.0,31,79681,卖盘
1125,10:39:39,25.7,0.0,34,87611,卖盘
1126,10:39:42,25.7,0.0,39,100260,卖盘
1127,10:39:45,25.7,0.0,32,82246,卖盘
1128,10:39:48,25.8,0.1,31,79996,卖盘
1129,10:39:52,25.7,-0.1,115,296580,卖盘
1130,10:39:55,25.7,0.0,32,82250,卖盘
1131,10:39:58,25.7,0.0,31,79691,卖盘
1132,10:40:01,25.86,0.16,19,48878,中性盘
1133,10:40:04,25.7,-0.16,28,72065,卖盘
1134,10:40:06,25.7,0.0,32,82240,卖盘
1135,10:40:09,25.7,0.0,16,41121,卖盘
1136,10:40:13,25.69,-0.01,31,79666,卖盘
1137,10:40:16,25.69,0.0,16,41104,卖盘
1138,10:40:19,25.7,0.01,34,87347,买盘
1139,10:40:22,25.65,-0.05,39,100094,卖盘
1140,10:40:25,25.84,0.19,17,43622,中性盘
1141,10:40:28,25.64,-0.2,31,79485,卖盘
1142,10:40:31,25.64,0.0,16,41024,卖盘
1143,10:40:33,25.64,0.0,28,71792,卖盘
1144,10:40:36,25.64,0.0,39,100014,卖盘
1145,10:40:39,25.64,0.0,15,38460,卖盘
1146,10:40:43,25.63,-0.01,32,82053,卖盘
1147,10:40:46,25.63,0.0,12,30757,卖盘
1148,10:40:49,25.65,0.02,31,79492,中性盘
1149,10:40:52,25.64,-0.01,32,82042,卖盘
1150,10:40:55,25.64,0.0,16,41024,卖盘
1151,10:40:58,25.63,-0.01,31,79480,卖盘
1152,10:41:01,25.8,0.17,21,53925,买盘
1153,10:41:04,25.63,-0.17,33,84674,卖盘
1154,10:41:07,25.63,0.0,13,33321,卖盘
1155,10:41:10,25.84,0.21,37,94892,买盘
1156,10:41:13,25.9,0.06,44,113117,买盘
1157,10:41:15,25.63,-0.27,15,38455,卖盘
1158,10:41:18,25.63,0.0,32,82106,卖盘
1159,10:41:22,25.63,0.0,31,79457,卖盘
1160,10:41:25,25.63,0.0,16,41020,卖盘
1161,10:41:28,25.63,0.0,29,74329,卖盘
1162,10:41:31,25.63,0.0,16,41008,卖盘
1163,10:41:34,25.63,0.0,31,79453,卖盘
1164,10:41:37,25.63,0.0,16,41012,卖盘
1165,10:41:40,25.63,0.0,32,82036,卖盘
1166,10:41:49,25.63,0.0,29,74342,卖盘
1167,10:41:52,25.63,0.0,32,82016,卖盘
1168,10:41:54,25.63,0.0,15,38445,卖盘
1169,10:42:01,25.63,0.0,34,87693,卖盘
1170,10:42:04,25.63,0.0,31,79454,卖盘
1171,10:42:07,25.63,0.0,16,41008,卖盘
1172,10:42:10,25.63,0.0,29,74327,卖盘
1173,10:42:13,25.63,0.0,32,82026,卖盘
1174,10:42:15,25.63,0.0,12,30756,卖盘
1175,10:42:19,25.62,-0.01,31,79451,卖盘
1176,10:42:22,25.63,0.01,32,82000,中性盘
1177,10:42:25,25.63,0.0,13,33319,卖盘
1178,10:42:28,25.62,-0.01,32,82000,卖盘
1179,10:42:31,25.62,0.0,15,38430,卖盘
1180,10:42:33,25.62,0.0,39,99918,卖盘
1181,10:42:36,25.62,0.0,31,79502,卖盘
1182,10:42:40,25.63,0.01,11,28393,中性盘
1183,10:42:43,25.63,0.0,2,5126,卖盘
1184,10:42:46,25.63,0.0,3,7689,买盘
1185,10:42:49,25.62,-0.01,32,81986,卖盘
1186,10:42:52,25.61,-0.01,30,76858,卖盘
1187,10:42:54,25.62,0.01,28,71742,卖盘
1188,10:42:57,25.61,-0.01,16,40979,卖盘
1189,10:43:01,25.87,0.26,17,43563,中性盘
1190,10:43:04,25.61,-0.26,32,81962,卖盘
1191,10:43:07,25.61,0.0,16,40980,卖盘
1192,10:43:09,25.61,0.0,40,102674,卖盘
1193,10:43:13,25.61,0.0,16,40976,卖盘
1194,10:43:16,25.61,0.0,32,81960,卖盘
1195,10:43:19,25.61,0.0,14,35854,卖盘
1196,10:43:22,25.61,0.0,32,81954,卖盘
1197,10:43:25,25.61,0.0,16,40976,卖盘
1198,10:43:27,25.87,0.26,20,51740,买盘
1199,10:43:31,25.61,-0.26,16,40994,卖盘
1200,10:43:34,25.61,0.0,28,71709,卖盘
1201,10:43:37,25.61,0.0,17,43562,卖盘
1202,10:43:40,25.62,0.01,29,74298,卖盘
1203,10:43:43,25.62,0.0,16,41019,卖盘
1204,10:43:45,25.61,-0.01,32,81970,卖盘
1205,10:43:48,25.61,0.0,23,58903,卖盘
1206,10:43:52,25.85,0.24,33,84542,买盘
1207,10:43:55,25.61,-0.24,31,79403,卖盘
1208,10:43:58,25.61,0.0,16,40976,卖盘
1209,10:44:01,25.62,0.01,29,74282,中性盘
1210,10:44:04,25.62,0.0,16,40992,卖盘
1211,10:44:07,25.61,-0.01,32,81982,卖盘
1212,10:44:09,25.61,0.0,33,84561,卖盘
1213,10:44:13,25.61,0.0,23,58915,卖盘
1214,10:44:15,25.61,0.0,32,81952,卖盘
1215,10:44:25,25.62,0.01,16,40992,卖盘
1216,10:44:28,25.62,0.0,60,153742,卖盘
1217,10:44:31,25.61,-0.01,16,40989,卖盘
1218,10:44:34,25.61,0.0,23,58903,卖盘
1219,10:44:37,25.61,0.0,32,81953,卖盘
1220,10:44:43,25.62,0.01,4,10269,中性盘
1221,10:44:46,25.61,-0.01,32,81954,卖盘
1222,10:44:49,25.61,0.0,39,99879,卖盘
1223,10:44:52,25.61,0.0,16,40976,卖盘
1224,10:44:55,25.61,0.0,31,79391,卖盘
1225,10:44:57,25.6,-0.01,33,84520,卖盘
1226,10:45:01,25.6,0.0,29,74256,卖盘
1227,10:45:04,25.6,0.0,23,58880,卖盘
1228,10:45:07,25.6,0.0,56,143910,卖盘
1229,10:45:10,25.6,0.0,16,40960,卖盘
1230,10:45:13,25.6,0.0,30,76800,卖盘
1231,10:45:28,25.82,0.22,12,30974,买盘
1232,10:45:31,25.62,-0.2,1,2562,卖盘
1233,10:45:37,25.81,0.19,2,5162,买盘
1234,10:45:43,25.61,-0.2,26,66601,卖盘
1235,10:45:46,25.61,0.0,32,81952,卖盘
1236,10:45:49,25.6,-0.01,15,38417,卖盘
1237,10:45:52,25.6,0.0,16,40983,卖盘
1238,10:45:55,25.61,0.01,32,81952,卖盘
1239,10:45:58,25.62,0.01,39,99918,卖盘
1240,10:46:01,25.6,-0.02,29,74278,卖盘
1241,10:46:04,25.6,0.0,43,110109,卖盘
1242,10:46:06,25.6,0.0,43,110081,卖盘
1243,10:46:10,25.6,0.0,40,102400,卖盘
1244,10:46:12,25.6,0.0,31,79366,卖盘
1245,10:46:15,25.58,-0.02,43,110066,卖盘
1246,10:46:18,25.58,0.0,27,69070,卖盘
1247,10:46:22,25.58,0.0,43,109994,卖盘
1248,10:46:24,25.58,0.0,44,112596,卖盘
1249,10:46:28,25.58,0.0,51,130638,卖盘
1250,10:46:31,25.58,0.0,41,104888,卖盘
1251,10:46:34,25.59,0.01,51,130509,中性盘
1252,10:46:37,25.57,-0.02,46,117663,卖盘
1253,10:46:40,25.57,0.0,51,130407,卖盘
1254,10:46:43,25.57,0.0,25,63414,卖盘
1255,10:46:46,25.57,0.0,25,63925,买盘
1256,10:46:48,25.57,0.0,41,105323,买盘
1257,10:46:52,25.55,-0.02,28,71547,卖盘
1258,10:46:55,25.55,0.0,25,63875,卖盘
1259,10:46:58,25.55,0.0,16,40882,卖盘
1260,10:47:00,25.53,-0.02,57,145575,卖盘
1261,10:47:04,25.52,-0.01,76,193975,卖盘
1262,10:47:07,25.51,-0.01,55,140348,卖盘
1263,10:47:09,25.53,0.02,82,209206,中性盘
1264,10:47:13,25.55,0.02,318,811038,买盘
1265,10:47:15,25.48,-0.07,58,147847,卖盘
1266,10:47:19,25.5,0.02,26,66233,中性盘
1267,10:47:22,25.46,-0.04,39,98819,卖盘
1268,10:47:25,25.43,-0.03,24,61061,卖盘
1269,10:47:28,25.4,-0.03,17,43198,卖盘
1270,10:47:31,25.4,0.0,44,111760,卖盘
1271,10:47:33,25.3,-0.1,60,152166,卖盘
1272,10:47:36,25.35,0.05,50,126531,买盘
1273,10:47:39,25.27,-0.08,36,91084,卖盘
1274,10:47:42,25.32,0.05,44,111313,中性盘
1275,10:47:46,25.32,0.0,24,60768,卖盘
1276,10:47:49,25.3,-0.02,104,263301,卖盘
1277,10:47:52,25.33,0.03,30,75936,买盘
1278,10:47:55,25.33,0.0,6,15202,卖盘
1279,10:47:58,25.33,0.0,40,101336,卖盘
1280,10:48:01,25.35,0.02,21,53201,买盘
1281,10:48:04,25.57,0.22,69,175032,中性盘
1282,10:48:07,25.35,-0.22,12,30927,卖盘
1283,10:48:12,25.5,0.15,4,10200,买盘
1284,10:48:16,25.5,0.0,4,10200,买盘
1285,10:48:19,25.5,0.0,11,28050,卖盘
1286,10:48:24,25.51,0.01,25,63754,中性盘
1287,10:48:40,25.55,0.04,33,84423,卖盘
1288,10:48:43,25.55,0.0,3,7683,卖盘
1289,10:48:46,25.73,0.18,12,30876,买盘
1290,10:48:49,25.73,0.0,1,2573,卖盘
1291,10:49:00,25.73,0.0,23,59179,卖盘
1292,10:49:04,25.55,-0.18,12,30662,卖盘
1293,10:49:07,25.55,0.0,24,61321,卖盘
1294,10:49:10,25.52,-0.03,18,46000,卖盘
1295,10:49:22,25.52,0.0,5,12760,卖盘
1296,10:49:27,25.54,0.02,3,7662,买盘
1297,10:49:34,25.52,-0.02,17,43389,卖盘
1298,10:49:37,25.53,0.01,10,25530,买盘
1299,10:49:43,25.52,-0.01,29,74020,卖盘
1300,10:49:46,25.52,0.0,2,5104,买盘
1301,10:49:48,25.52,0.0,32,81664,买盘
1302,10:49:54,25.52,0.0,4,10208,卖盘
1303,10:49:58,25.7,0.18,6,15420,买盘
1304,10:50:16,25.6,-0.1,1,2560,卖盘
1305,10:50:22,25.6,0.0,5,12800,卖盘
1306,10:50:31,25.58,-0.02,16,40950,卖盘
1307,10:50:46,25.58,0.0,16,40928,卖盘
1308,10:50:48,25.55,-0.03,25,64061,卖盘
1309,10:50:52,25.55,0.0,13,33224,卖盘
1310,10:50:55,25.55,0.0,16,40880,卖盘
1311,10:50:58,25.52,-0.03,16,40845,卖盘
1312,10:51:01,25.52,0.0,12,30624,卖盘
1313,10:51:04,25.58,0.06,96,245565,买盘
1314,10:51:07,25.55,-0.03,29,74095,卖盘
1315,10:51:10,25.55,0.0,16,40880,卖盘
1316,10:51:12,25.51,-0.04,16,40861,卖盘
1317,10:51:15,25.51,0.0,17,43397,卖盘
1318,10:51:21,25.51,0.0,16,40816,卖盘
1319,10:51:25,25.51,0.0,18,45918,卖盘
1320,10:51:28,25.51,0.0,1,2551,卖盘
1321,10:51:31,25.55,0.04,5,12771,买盘
1322,10:51:43,25.55,0.0,90,230240,中性盘
1323,10:51:45,25.55,0.0,17,43440,卖盘
1324,10:51:49,25.6,0.05,46,117680,买盘
1325,10:51:52,25.56,-0.04,21,53696,卖盘
1326,10:51:54,25.55,-0.01,12,30664,卖盘
1327,10:51:57,25.51,-0.04,56,142918,卖盘
1328,10:52:01,25.51,0.0,16,40831,卖盘
1329,10:52:04,25.55,0.04,15,38273,中性盘
1330,10:52:13,25.51,-0.04,21,53610,卖盘
1331,10:52:22,25.51,0.0,11,28082,卖盘
1332,10:52:24,25.55,0.04,3,7665,买盘
1333,10:52:27,25.55,0.0,5,12775,买盘
1334,10:52:34,25.51,-0.04,32,81637,卖盘
1335,10:52:39,25.51,0.0,29,73992,卖盘
1336,10:52:43,25.51,0.0,16,40823,卖盘
1337,10:52:46,25.51,0.0,16,40816,卖盘
1338,10:52:52,25.51,0.0,4,10204,卖盘
1339,10:52:55,25.51,0.0,36,91842,卖盘
1340,10:52:58,25.51,0.0,21,53581,卖盘
1341,10:53:01,25.5,-0.01,16,40803,卖盘
1342,10:53:04,25.5,0.0,31,79054,卖盘
1343,10:53:10,25.5,0.0,16,40805,卖盘
1344,10:53:16,25.51,0.01,16,40816,卖盘
1345,10:53:19,25.51,0.0,5,12755,卖盘
1346,10:53:22,25.51,0.0,32,81632,卖盘
1347,10:53:28,25.53,0.02,16,40848,买盘
1348,10:53:31,25.51,-0.02,16,40829,卖盘
1349,10:53:33,25.5,-0.01,16,40819,卖盘
1350,10:53:36,25.5,0.0,32,81600,卖盘
1351,10:53:40,25.5,0.0,17,43350,卖盘
1352,10:53:43,25.55,0.05,24,61220,买盘
1353,10:53:46,25.5,-0.05,16,40830,卖盘
1354,10:53:52,25.5,0.0,27,68861,卖盘
1355,10:54:01,25.51,0.01,17,43355,买盘
1356,10:54:04,25.5,-0.01,16,40805,卖盘
1357,10:54:12,25.46,-0.04,34,86659,卖盘
1358,10:54:15,25.45,-0.01,16,40729,卖盘
1359,10:54:19,25.48,0.03,23,58529,中性盘
1360,10:54:25,25.41,-0.07,16,40662,卖盘
1361,10:54:28,25.45,0.04,1,2545,买盘
1362,10:54:31,25.41,-0.04,16,40656,卖盘
1363,10:54:34,25.41,0.0,17,43217,卖盘
1364,10:54:37,25.41,0.0,36,91476,卖盘
1365,10:54:39,25.41,0.0,16,40664,卖盘
1366,10:54:43,25.4,-0.01,33,83846,卖盘
1367,10:54:46,25.4,0.0,105,266700,卖盘
1368,10:54:49,25.41,0.01,1,2541,买盘
1369,10:54:52,25.46,0.05,2,5092,买盘
1370,10:55:01,25.46,0.0,1,2546,买盘
1371,10:55:04,25.4,-0.06,60,152437,卖盘
1372,10:55:16,25.42,0.02,5,12710,卖盘
1373,10:55:27,25.42,0.0,1,2542,买盘
1374,10:55:31,25.42,0.0,31,78802,买盘
1375,10:55:37,25.5,0.08,8,20400,买盘
1376,10:55:46,25.5,0.0,4,10200,卖盘
1377,10:55:55,25.5,0.0,1,2550,买盘
1378,10:55:57,25.5,0.0,15,38250,买盘
1379,10:56:00,25.44,-0.06,7,17820,卖盘
1380,10:56:04,25.44,0.0,3,7632,卖盘
1381,10:56:18,25.44,0.0,20,50891,卖盘
1382,10:56:25,25.45,0.01,13,33093,卖盘
1383,10:56:28,25.46,0.01,20,50902,买盘
1384,10:56:30,25.46,0.0,19,48374,买盘
1385,10:56:34,25.47,0.01,2,5094,卖盘
1386,10:56:43,25.46,-0.01,1,2546,买盘
1387,10:56:46,25.44,-0.02,1,2544,卖盘
1388,10:56:48,25.42,-0.02,34,86483,卖盘
1389,10:56:54,25.42,0.0,9,22878,买盘
1390,10:56:58,25.42,0.0,19,48298,买盘
1391,10:57:01,25.41,-0.01,90,228715,卖盘
1392,10:57:04,25.43,0.02,6,15258,中性盘
1393,10:57:10,25.42,-0.01,12,30504,卖盘
1394,10:57:13,25.42,0.0,13,33046,买盘
1395,10:57:16,25.42,0.0,1,2542,买盘
1396,10:57:19,25.42,0.0,1,2542,买盘
1397,10:57:22,25.42,0.0,41,104222,买盘
1398,10:57:24,25.42,0.0,3,7626,卖盘
1399,10:57:30,25.5,0.08,18,45849,买盘
1400,10:57:37,25.42,-0.08,1,2542,卖盘
1401,10:57:46,25.5,0.08,74,188409,买盘
1402,10:57:54,25.45,-0.05,2,5090,中性盘
1403,10:58:12,25.44,-0.01,1,2544,卖盘
1404,10:58:21,25.47,0.03,7,17817,买盘
1405,10:58:24,25.46,-0.01,1,2546,卖盘
1406,10:58:34,25.46,0.0,13,33098,卖盘
1407,10:58:36,25.47,0.01,40,101878,买盘
1408,10:58:43,25.48,0.01,9,22924,买盘
1409,10:58:48,25.48,0.0,9,22932,买盘
1410,10:58:58,25.47,-0.01,68,173253,卖盘
1411,10:59:01,25.5,0.03,3,7650,买盘
1412,10:59:07,25.5,0.0,20,51000,卖盘
1413,10:59:16,25.53,0.03,2,5106,买盘
1414,10:59:45,25.51,-0.02,2,5102,卖盘
1415,10:59:49,25.55,0.04,15,38301,买盘
1416,11:00:00,25.55,0.0,7,17885,买盘
1417,11:00:07,25.55,0.0,5,12775,卖盘
1418,11:00:09,25.52,-0.03,8,20416,卖盘
1419,11:00:12,25.53,0.01,1,2553,买盘
1420,11:00:31,25.54,0.01,2,5108,卖盘
1421,11:00:36,25.54,0.0,19,48526,买盘
1422,11:00:39,25.54,0.0,12,30648,买盘
1423,11:00:43,25.54,0.0,3,7660,买盘
1424,11:00:46,25.54,0.0,1,2554,买盘
1425,11:00:49,25.54,0.0,2,5108,买盘
1426,11:00:52,25.54,0.0,23,58742,买盘
1427,11:00:55,25.55,0.01,10,25541,买盘
1428,11:01:07,25.54,-0.01,2,5108,卖盘
1429,11:01:16,25.55,0.01,3,7665,买盘
1430,11:01:19,25.54,-0.01,21,53648,卖盘
1431,11:01:24,25.55,0.01,1,2555,中性盘
1432,11:01:37,25.54,-0.01,17,43418,卖盘
1433,11:02:06,25.55,0.01,4,10217,买盘
1434,11:02:10,25.54,-0.01,13,33202,卖盘
1435,11:02:27,25.53,-0.01,44,112342,卖盘
1436,11:02:31,25.54,0.01,1,2554,买盘
1437,11:02:39,25.53,-0.01,1,2553,卖盘
1438,11:02:57,25.53,0.0,1,2553,卖盘
1439,11:03:06,25.53,0.0,34,86802,卖盘
1440,11:03:13,25.53,0.0,4,10212,卖盘
1441,11:03:16,25.54,0.01,7,17876,买盘
1442,11:03:25,25.54,0.0,1,2554,买盘
1443,11:03:28,25.54,0.0,3,7662,买盘
1444,11:03:49,25.53,-0.01,10,25530,卖盘
1445,11:03:55,25.54,0.01,4,10214,买盘
1446,11:04:07,25.54,0.0,1,2554,买盘
1447,11:04:12,25.54,0.0,1,2554,买盘
1448,11:04:15,25.54,0.0,10,25540,买盘
1449,11:04:21,25.54,0.0,2,5108,买盘
1450,11:04:24,25.54,0.0,1,2554,买盘
1451,11:04:28,25.54,0.0,3,7662,买盘
1452,11:04:37,25.54,0.0,15,38310,买盘
1453,11:04:42,25.54,0.0,8,20432,买盘
1454,11:04:52,25.55,0.01,1,2555,买盘
1455,11:04:54,25.6,0.05,2,5120,买盘
1456,11:05:07,25.6,0.0,1,2560,买盘
1457,11:05:39,25.59,-0.01,3,7673,买盘
1458,11:05:46,25.59,0.0,2,5118,买盘
1459,11:05:48,25.59,0.0,1,2559,卖盘
1460,11:05:57,25.59,0.0,3,7677,卖盘
1461,11:06:00,25.6,0.01,2,5120,买盘
1462,11:06:09,25.6,0.0,14,35840,买盘
1463,11:06:18,25.59,-0.01,4,10238,卖盘
1464,11:06:27,25.6,0.01,3,7680,买盘
1465,11:06:36,25.6,0.0,4,10240,买盘
1466,11:06:49,25.6,0.0,5,12800,卖盘
1467,11:06:52,25.6,0.0,6,15360,卖盘
1468,11:06:57,25.6,0.0,16,40960,卖盘
1469,11:07:04,25.61,0.01,9,23049,卖盘
1470,11:07:10,25.61,0.0,5,12805,卖盘
1471,11:07:12,25.6,-0.01,6,15363,卖盘
1472,11:07:19,25.6,0.0,10,25600,卖盘
1473,11:07:25,25.6,0.0,22,56333,卖盘
1474,11:07:27,25.6,0.0,17,43520,卖盘
1475,11:07:31,25.6,0.0,2,5120,卖盘
1476,11:07:34,25.6,0.0,45,115200,卖盘
1477,11:07:37,25.6,0.0,1,2560,卖盘
1478,11:07:39,25.6,0.0,22,56320,卖盘
1479,11:07:45,25.59,-0.01,9,23031,卖盘
1480,11:07:55,25.58,-0.01,17,43497,卖盘
1481,11:07:58,25.6,0.02,10,25591,买盘
1482,11:08:01,25.55,-0.05,8,20455,卖盘
1483,11:08:06,25.55,0.0,9,22995,卖盘
1484,11:08:10,25.55,0.0,1,2555,卖盘
1485,11:08:15,25.54,-0.01,9,22989,卖盘
1486,11:08:22,25.54,0.0,8,20432,卖盘
1487,11:08:25,25.54,0.0,1,2554,卖盘
1488,11:08:28,25.54,0.0,11,28094,卖盘
1489,11:08:33,25.54,0.0,10,25540,卖盘
1490,11:08:37,25.54,0.0,79,201766,卖盘
1491,11:08:39,25.54,0.0,30,76620,卖盘
1492,11:08:42,25.54,0.0,16,40872,卖盘
1493,11:08:52,25.53,-0.01,9,22977,卖盘
1494,11:08:58,25.53,0.0,6,15318,卖盘
1495,11:09:00,25.53,0.0,9,22977,卖盘
1496,11:09:07,25.54,0.01,11,28084,买盘
1497,11:09:12,25.54,0.0,10,25540,卖盘
1498,11:09:22,25.53,-0.01,6,15318,卖盘
1499,11:09:27,25.53,0.0,8,20424,卖盘
1500,11:09:31,25.53,0.0,1,2553,卖盘
1501,11:09:34,25.53,0.0,10,25530,卖盘
1502,11:09:37,25.53,0.0,2,5106,卖盘
1503,11:09:43,25.55,0.02,8,20428,买盘
1504,11:09:49,25.53,-0.02,8,20424,卖盘
1505,11:09:55,25.53,0.0,18,45954,卖盘
1506,11:10:01,25.55,0.02,498,1271462,买盘
1507,11:10:04,25.52,-0.03,8,20410,卖盘
1508,11:10:06,25.54,0.02,5,12766,买盘
1509,11:10:10,25.5,-0.04,17,43392,卖盘
1510,11:10:13,25.52,0.02,2,5104,买盘
1511,11:10:16,25.5,-0.02,13,33165,卖盘
1512,11:10:25,25.5,0.0,27,68850,卖盘
1513,11:10:28,25.5,0.0,2,5100,卖盘
1514,11:10:31,25.5,0.0,9,22927,买盘
1515,11:10:36,25.47,-0.03,9,22932,卖盘
1516,11:10:39,25.54,0.07,5,12770,买盘
1517,11:10:42,25.5,-0.04,5,12750,卖盘
1518,11:10:45,25.46,-0.04,6,15277,卖盘
1519,11:10:51,25.45,-0.01,8,20364,卖盘
1520,11:10:54,25.47,0.02,1,2547,买盘
1521,11:10:58,25.44,-0.03,9,22904,卖盘
1522,11:11:01,25.43,-0.01,8,20350,卖盘
1523,11:11:06,25.43,0.0,6,15264,卖盘
1524,11:11:12,25.43,0.0,8,20344,卖盘
1525,11:11:15,25.42,-0.01,40,101686,卖盘
1526,11:11:19,25.41,-0.01,11,27953,卖盘
1527,11:11:21,25.41,0.0,5,12706,卖盘
1528,11:11:24,25.42,0.01,5,12707,买盘
1529,11:11:27,25.41,-0.01,10,25414,卖盘
1530,11:11:30,25.41,0.0,22,55906,卖盘
1531,11:11:33,25.41,0.0,8,20328,卖盘
1532,11:11:42,25.54,0.13,16,40751,买盘
1533,11:11:46,25.54,0.0,1,2554,卖盘
1534,11:11:48,25.41,-0.13,17,43204,卖盘
1535,11:11:54,25.42,0.01,4,10168,买盘
1536,11:11:57,25.42,0.0,14,35577,买盘
1537,11:12:00,25.42,0.0,3,7626,买盘
1538,11:12:04,25.42,0.0,60,152511,买盘
1539,11:12:06,25.42,0.0,22,55924,卖盘
1540,11:12:13,25.42,0.0,6,15252,卖盘
1541,11:12:19,25.42,0.0,8,20336,卖盘
1542,11:12:24,25.43,0.01,10,25421,中性盘
1543,11:12:28,25.54,0.11,1,2554,买盘
1544,11:12:34,25.43,-0.11,6,15258,卖盘
1545,11:12:37,25.43,0.0,3,7629,卖盘
1546,11:12:39,25.41,-0.02,8,20335,卖盘
1547,11:12:42,25.5,0.09,1,2550,卖盘
1548,11:12:45,25.41,-0.09,9,22869,卖盘
1549,11:12:51,25.41,0.0,8,20336,卖盘
1550,11:12:54,25.41,0.0,6,15246,卖盘
1551,11:13:01,25.42,0.01,8,20336,卖盘
1552,11:13:07,25.42,0.0,15,38123,卖盘
1553,11:13:10,25.42,0.0,26,66092,买盘
1554,11:13:16,25.43,0.01,9,22910,卖盘
1555,11:13:19,25.43,0.0,3,7629,卖盘
1556,11:13:22,25.43,0.0,8,20344,卖盘
1557,11:13:25,25.43,0.0,2,5086,卖盘
1558,11:13:28,25.42,-0.01,9,22878,卖盘
1559,11:13:30,25.5,0.08,3,7650,买盘
1560,11:13:36,25.5,0.0,8,20354,买盘
1561,11:13:40,25.5,0.0,7,17850,买盘
1562,11:13:46,25.43,-0.07,8,20344,卖盘
1563,11:13:51,25.43,0.0,1,2543,卖盘
1564,11:14:04,25.43,0.0,68,172934,卖盘
1565,11:14:13,25.45,0.02,2,5090,卖盘
1566,11:14:16,25.45,0.0,1,2545,买盘
1567,11:14:22,25.45,0.0,2,5090,买盘
1568,11:14:25,25.45,0.0,3,7635,买盘
1569,11:14:31,25.45,0.0,6,15270,买盘
1570,11:14:33,25.45,0.0,53,134885,卖盘
1571,11:14:43,25.49,0.04,1,2549,买盘
1572,11:14:52,25.49,0.0,4,10196,买盘
1573,11:14:58,25.49,0.0,1,2549,买盘
1574,11:15:04,25.49,0.0,2,5098,买盘
1575,11:15:06,25.49,0.0,1,2549,卖盘
1576,11:15:10,25.46,-0.03,9,22917,卖盘
1577,11:15:13,25.5,0.04,21,53550,买盘
1578,11:15:22,25.5,0.0,30,76508,卖盘
1579,11:15:28,25.5,0.0,16,40800,卖盘
1580,11:15:31,25.5,0.0,137,349350,卖盘
1581,11:15:43,25.48,-0.02,8,20384,卖盘
1582,11:15:55,25.48,0.0,3,8665,卖盘
1583,11:15:58,25.5,0.02,60,152994,买盘
1584,11:16:00,25.5,0.0,6,15300,卖盘
1585,11:16:25,25.52,0.02,3,7656,买盘
1586,11:16:28,25.5,-0.02,28,71432,卖盘
1587,11:16:31,25.5,0.0,50,127500,卖盘
1588,11:16:34,25.53,0.03,21,53613,买盘
1589,11:16:36,25.53,0.0,50,127650,卖盘
1590,11:16:39,25.53,0.0,4,10212,卖盘
1591,11:16:43,25.53,0.0,6,15318,卖盘
1592,11:16:49,25.53,0.0,8,20424,卖盘
1593,11:16:55,25.53,0.0,9,22977,卖盘
1594,11:16:57,25.53,0.0,1,2553,卖盘
1595,11:17:04,25.51,-0.02,11,28078,卖盘
1596,11:17:10,25.51,0.0,8,20408,卖盘
1597,11:17:16,25.5,-0.01,9,22950,卖盘
1598,11:17:19,25.5,0.0,2,5100,卖盘
1599,11:17:25,25.5,0.0,15,38250,卖盘
1600,11:17:31,25.48,-0.02,8,20386,卖盘
1601,11:17:40,25.48,0.0,9,22932,卖盘
1602,11:17:46,25.47,-0.01,6,15285,卖盘
1603,11:17:55,25.47,0.0,8,20376,卖盘
1604,11:18:01,25.46,-0.01,9,22919,卖盘
1605,11:18:10,25.46,0.0,6,15276,卖盘
1606,11:18:15,25.46,0.0,14,34626,卖盘
1607,11:18:22,25.46,0.0,20,51929,买盘
1608,11:18:30,25.46,0.0,6,15276,卖盘
1609,11:18:37,25.46,0.0,21,52997,卖盘
1610,11:18:43,25.5,0.04,9,22950,卖盘
1611,11:18:51,25.46,-0.04,126,320699,卖盘
1612,11:18:55,25.46,0.0,8,20368,买盘
1613,11:18:58,25.45,-0.01,8,20870,卖盘
1614,11:19:04,25.45,0.0,10,25455,卖盘
1615,11:19:07,25.45,0.0,12,30031,卖盘
1616,11:19:10,25.45,0.0,2,5090,买盘
1617,11:19:12,25.44,-0.01,8,20354,卖盘
1618,11:19:16,25.44,0.0,21,53425,卖盘
1619,11:19:19,25.43,-0.01,8,20344,卖盘
1620,11:19:21,25.43,0.0,1,2543,卖盘
1621,11:19:24,25.43,0.0,9,22887,卖盘
1622,11:19:30,25.43,0.0,2,5086,卖盘
1623,11:19:33,25.43,0.0,7,17802,卖盘
1624,11:19:37,25.44,0.01,32,81408,买盘
1625,11:19:40,25.44,0.0,8,20352,卖盘
1626,11:19:43,25.44,0.0,14,35616,卖盘
1627,11:19:46,25.44,0.0,10,25441,卖盘
1628,11:19:54,25.45,0.01,7,17815,买盘
1629,11:19:57,25.45,0.0,39,99257,卖盘
1630,11:20:00,25.45,0.0,8,20360,卖盘
1631,11:20:10,25.45,0.0,9,22905,卖盘
1632,11:20:16,25.45,0.0,7,18324,卖盘
1633,11:20:19,25.5,0.05,5,12750,买盘
1634,11:20:24,25.45,-0.05,8,20375,卖盘
1635,11:20:30,25.44,-0.01,41,103827,卖盘
1636,11:20:37,25.45,0.01,46,117070,买盘
1637,11:20:40,25.44,-0.01,6,15264,卖盘
1638,11:20:43,25.45,0.01,1,2545,买盘
1639,11:20:45,25.44,-0.01,8,20352,卖盘
1640,11:20:49,25.45,0.01,5,12725,买盘
1641,11:20:52,25.44,-0.01,9,22896,卖盘
1642,11:20:58,25.44,0.0,15,38174,卖盘
1643,11:21:01,25.45,0.01,41,104339,买盘
1644,11:21:04,25.45,0.0,21,53445,买盘
1645,11:21:06,25.45,0.0,39,99756,买盘
1646,11:21:16,25.45,0.0,9,22905,卖盘
1647,11:21:27,25.52,0.07,3,7656,买盘
1648,11:21:37,25.52,0.0,2,5104,卖盘
1649,11:21:48,25.52,0.0,1,2552,买盘
1650,11:21:58,25.45,-0.07,1,2545,卖盘
1651,11:22:00,25.45,0.0,2,5090,卖盘
1652,11:22:18,25.52,0.07,10,25520,买盘
1653,11:22:31,25.46,-0.06,2,5092,卖盘
1654,11:22:33,25.52,0.06,4,10208,买盘
1655,11:22:39,25.52,0.0,7,17864,买盘
1656,11:22:45,25.52,0.0,5,12760,卖盘
1657,11:22:55,25.52,0.0,1,2552,卖盘
1658,11:22:58,25.53,0.01,1,2553,中性盘
1659,11:23:04,25.54,0.01,4,10215,买盘
1660,11:23:19,25.54,0.0,3,7662,买盘
1661,11:23:27,25.52,-0.02,7,17872,卖盘
1662,11:23:33,25.52,0.0,5,12760,买盘
1663,11:23:42,25.52,0.0,4,10208,买盘
1664,11:23:45,25.48,-0.04,5,12740,卖盘
1665,11:23:55,25.47,-0.01,20,50942,卖盘
1666,11:23:57,25.48,0.01,2,5096,买盘
1667,11:24:19,25.48,0.0,4,10192,卖盘
1668,11:24:24,25.47,-0.01,13,33111,卖盘
1669,11:24:27,25.46,-0.01,61,155326,卖盘
1670,11:24:49,25.46,0.0,47,119670,卖盘
1671,11:24:52,25.48,0.02,5,12738,买盘
1672,11:25:04,25.48,0.0,10,25480,买盘
1673,11:25:24,25.46,-0.02,6,15276,卖盘
1674,11:25:31,25.46,0.0,8,20368,卖盘
1675,11:25:36,25.46,0.0,11,28006,卖盘
1676,11:25:42,25.46,0.0,4,10184,卖盘
1677,11:25:46,25.46,0.0,6,15280,卖盘
1678,11:25:52,25.46,0.0,8,20368,卖盘
1679,11:25:55,25.46,0.0,10,25460,卖盘
1680,11:25:58,25.46,0.0,9,22914,卖盘
1681,11:26:06,25.46,0.0,6,15276,卖盘
1682,11:26:12,25.46,0.0,8,20368,卖盘
1683,11:26:18,25.46,0.0,9,22914,卖盘
1684,11:26:24,25.46,0.0,8,20368,中性盘
1685,11:26:27,25.45,-0.01,6,15270,卖盘
1686,11:26:34,25.45,0.0,8,20363,卖盘
1687,11:26:40,25.45,0.0,9,22905,卖盘
1688,11:26:45,25.45,0.0,15,38175,卖盘
1689,11:26:48,25.46,0.01,6,15276,卖盘
1690,11:26:54,25.45,-0.01,8,20362,卖盘
1691,11:27:00,25.45,0.0,9,22905,卖盘
1692,11:27:10,25.48,0.03,6,15288,中性盘
1693,11:27:13,25.45,-0.03,28,70775,卖盘
1694,11:27:16,25.44,-0.01,8,20352,卖盘
1695,11:27:21,25.44,0.0,9,22896,卖盘
1696,11:27:27,25.45,0.01,3,7635,买盘
1697,11:27:30,25.44,-0.01,14,35622,卖盘
1698,11:27:33,25.45,0.01,21,53431,买盘
1699,11:27:39,25.43,-0.02,8,20349,卖盘
1700,11:27:43,25.44,0.01,1,2544,买盘
1701,11:27:45,25.45,0.01,10,25442,买盘
1702,11:27:49,25.41,-0.04,31,78815,卖盘
1703,11:27:51,25.41,0.0,10,25410,卖盘
1704,11:27:54,25.44,0.03,7,17808,中性盘
1705,11:27:57,25.41,-0.03,1,2541,卖盘
1706,11:28:04,25.4,-0.01,12,30482,卖盘
1707,11:28:07,25.4,0.0,32,81280,卖盘
1708,11:28:09,25.4,0.0,96,243993,卖盘
1709,11:28:12,25.4,0.0,27,69596,卖盘
1710,11:28:15,25.39,-0.01,13,33016,卖盘
1711,11:28:18,25.39,0.0,14,35546,卖盘
1712,11:28:21,25.39,0.0,25,63475,卖盘
1713,11:28:24,25.38,-0.01,16,40614,卖盘
1714,11:28:27,25.38,0.0,18,44669,卖盘
1715,11:28:36,25.37,-0.01,7,17764,卖盘
1716,11:28:40,25.38,0.01,14,35531,买盘
1717,11:28:42,25.36,-0.02,15,38047,卖盘
1718,11:29:00,25.37,0.01,7,17756,买盘
1719,11:29:04,25.36,-0.01,52,131872,卖盘
1720,11:29:06,25.36,0.0,3,7609,卖盘
1721,11:29:09,25.36,0.0,1,2536,买盘
1722,11:29:15,25.35,-0.01,26,65920,卖盘
1723,11:29:21,25.35,0.0,18,45602,买盘
1724,11:29:25,25.31,-0.04,53,134822,卖盘
1725,11:29:28,25.31,0.0,23,58234,卖盘
1726,11:29:30,25.31,0.0,62,157087,卖盘
1727,11:29:33,25.31,0.0,21,53151,卖盘
1728,11:29:37,25.31,0.0,16,40496,卖盘
1729,11:29:39,25.3,-0.01,39,98751,卖盘
1730,11:29:42,25.3,0.0,24,60720,卖盘
1731,11:29:45,25.3,0.0,122,308154,卖盘
1732,11:29:48,25.3,0.0,5,12650,买盘
1733,11:29:51,25.27,-0.03,37,93548,卖盘
1734,11:29:54,25.29,0.02,22,55614,买盘
1735,11:29:57,25.29,0.0,7,17685,买盘
1736,11:30:01,25.26,-0.03,68,171785,卖盘
1737,13:00:04,25.26,0.0,301,760008,卖盘
1738,13:00:07,25.26,0.0,13,32836,买盘
1739,13:00:09,25.22,-0.04,7,17654,卖盘
1740,13:00:21,25.25,0.03,1,2525,买盘
1741,13:00:24,25.26,0.01,10,25257,买盘
1742,13:00:30,25.28,0.02,5,12640,买盘
1743,13:00:36,25.29,0.01,5,12645,买盘
1744,13:00:39,25.23,-0.06,19,48004,卖盘
1745,13:00:42,25.23,0.0,12,30285,卖盘
1746,13:00:45,25.23,0.0,16,40379,卖盘
1747,13:00:48,25.2,-0.03,14,35309,卖盘
1748,13:00:51,25.24,0.04,12,30288,卖盘
1749,13:00:54,25.24,0.0,16,40389,卖盘
1750,13:00:57,25.2,-0.04,28,70597,卖盘
1751,13:01:00,25.24,0.04,10,25240,中性盘
1752,13:01:04,25.24,0.0,22,55498,买盘
1753,13:01:06,25.19,-0.05,164,413280,卖盘
1754,13:01:09,25.18,-0.01,19,47855,卖盘
1755,13:01:12,25.2,0.02,32,80608,买盘
1756,13:01:15,25.18,-0.02,16,40296,卖盘
1757,13:01:18,25.2,0.02,25,62968,买盘
1758,13:01:21,25.2,0.0,21,52920,买盘
1759,13:01:24,25.2,0.0,16,40320,卖盘
1760,13:01:27,25.19,-0.01,20,50386,卖盘
1761,13:01:30,25.2,0.01,27,68046,卖盘
1762,13:01:33,25.18,-0.02,17,42813,卖盘
1763,13:01:36,25.2,0.02,12,30250,卖盘
1764,13:01:39,25.2,0.0,16,40320,卖盘
1765,13:01:42,25.2,0.0,18,45360,卖盘
1766,13:01:46,25.18,-0.02,16,40289,卖盘
1767,13:01:48,25.18,0.0,30,75546,卖盘
1768,13:01:51,25.16,-0.02,17,42794,卖盘
1769,13:01:54,25.14,-0.02,20,50318,卖盘
1770,13:01:57,25.13,-0.01,16,40222,卖盘
1771,13:02:00,25.1,-0.03,18,45212,卖盘
1772,13:02:04,25.09,-0.01,24,60236,卖盘
1773,13:02:07,25.09,0.0,9,22581,买盘
1774,13:02:09,25.09,0.0,8,20088,卖盘
1775,13:02:12,25.09,0.0,32,80225,买盘
1776,13:02:16,25.1,0.01,30,75300,买盘
1777,13:02:18,25.09,-0.01,42,105388,卖盘
1778,13:02:21,25.1,0.01,6,15055,中性盘
1779,13:02:24,25.1,0.0,8,20080,卖盘
1780,13:02:30,25.1,0.0,16,40173,卖盘
1781,13:02:33,25.1,0.0,5,12550,卖盘
1782,13:02:36,25.1,0.0,18,45180,卖盘
1783,13:02:39,25.1,0.0,23,57780,卖盘
1784,13:02:42,25.09,-0.01,30,75299,卖盘
1785,13:02:45,25.12,0.03,38,95432,买盘
1786,13:02:48,25.1,-0.02,21,52723,卖盘
1787,13:02:51,25.09,-0.01,12,30108,卖盘
1788,13:02:54,25.1,0.01,14,35152,卖盘
1789,13:02:57,25.12,0.02,12,30144,买盘
1790,13:03:00,25.09,-0.03,35,87881,卖盘
1791,13:03:07,25.15,0.06,22,55295,买盘
1792,13:03:10,25.12,-0.03,12,30162,卖盘
1793,13:03:12,25.1,-0.02,16,40230,卖盘
1794,13:03:15,25.18,0.08,7,17620,买盘
1795,13:03:19,25.1,-0.08,15,37700,卖盘
1796,13:03:21,25.18,0.08,4,10072,买盘
1797,13:03:24,25.1,-0.08,14,35150,卖盘
1798,13:03:27,25.11,0.01,16,40176,中性盘
1799,13:03:30,25.1,-0.01,13,32662,卖盘
1800,13:03:33,25.2,0.1,52,131048,买盘
1801,13:03:39,25.2,0.0,21,52920,卖盘
1802,13:03:42,25.2,0.0,25,62905,买盘
1803,13:03:45,25.21,0.01,32,80672,卖盘
1804,13:03:51,25.12,-0.09,42,105696,卖盘
1805,13:03:54,25.27,0.15,15,37760,买盘
1806,13:03:57,25.27,0.0,17,42725,买盘
1807,13:04:00,25.13,-0.14,13,32696,卖盘
1808,13:04:06,25.27,0.14,5,12635,买盘
1809,13:04:09,25.27,0.0,17,42759,中性盘
1810,13:04:12,25.27,0.0,1,2527,卖盘
1811,13:04:15,25.28,0.01,16,40434,买盘
1812,13:04:18,25.27,-0.01,1,2527,卖盘
1813,13:04:21,25.28,0.01,29,73286,买盘
1814,13:04:24,25.28,0.0,10,25280,买盘
1815,13:04:27,25.28,0.0,24,60638,买盘
1816,13:04:30,25.15,-0.13,32,80591,卖盘
1817,13:04:36,25.14,-0.01,13,32694,卖盘
1818,13:04:40,25.14,0.0,31,77936,卖盘
1819,13:04:42,25.14,0.0,16,40224,卖盘
1820,13:04:45,25.14,0.0,13,32685,卖盘
1821,13:04:48,25.25,0.11,35,88157,中性盘
1822,13:04:51,25.14,-0.11,12,30169,卖盘
1823,13:04:54,25.11,-0.03,23,57793,卖盘
1824,13:04:57,25.1,-0.01,28,70312,卖盘
1825,13:05:00,25.1,0.0,16,40160,卖盘
1826,13:05:04,25.1,0.0,15,37650,卖盘
1827,13:05:07,25.09,-0.01,34,85324,卖盘
1828,13:05:09,25.09,0.0,20,50185,卖盘
1829,13:05:12,25.1,0.01,12,30119,买盘
1830,13:05:15,25.11,0.01,4,10041,买盘
1831,13:05:21,25.14,0.03,91,228339,买盘
1832,13:05:27,25.14,0.0,5,12570,卖盘
1833,13:05:30,25.14,0.0,3,7542,买盘
1834,13:05:36,25.11,-0.03,28,70364,卖盘
1835,13:05:39,25.15,0.04,13,32694,中性盘
1836,13:05:45,25.2,0.05,18,45273,买盘
1837,13:05:48,25.12,-0.08,9,22608,卖盘
1838,13:05:51,25.12,0.0,16,40210,卖盘
1839,13:05:54,25.2,0.08,6,15119,买盘
1840,13:05:57,25.14,-0.06,35,87971,卖盘
1841,13:06:04,25.06,-0.08,16,40100,卖盘
1842,13:06:07,25.1,0.04,17,42610,中性盘
1843,13:06:10,25.06,-0.04,16,40132,卖盘
1844,13:06:12,25.15,0.09,14,35093,买盘
1845,13:06:15,25.07,-0.08,16,40113,卖盘
1846,13:06:21,25.07,0.0,17,42619,卖盘
1847,13:06:24,25.07,0.0,10,25070,卖盘
1848,13:06:27,25.06,-0.01,12,30082,卖盘
1849,13:06:30,25.06,0.0,5,12534,卖盘
1850,13:06:33,25.07,0.01,173,433562,买盘
1851,13:06:36,25.07,0.0,29,72703,买盘
1852,13:06:39,25.06,-0.01,34,85220,卖盘
1853,13:06:42,25.06,0.0,50,125300,买盘
1854,13:06:45,25.06,0.0,1,2506,买盘
1855,13:06:51,25.06,0.0,6,15036,买盘
1856,13:06:54,25.06,0.0,4,10024,卖盘
1857,13:06:57,25.08,0.02,6,15042,买盘
1858,13:07:00,25.06,-0.02,17,42602,卖盘
1859,13:07:04,25.06,0.0,7,17542,买盘
1860,13:07:06,25.06,0.0,12,30072,买盘
1861,13:07:09,25.05,-0.01,20,50115,卖盘
1862,13:07:12,25.05,0.0,13,32567,卖盘
1863,13:07:15,25.04,-0.01,48,120271,卖盘
1864,13:07:19,25.04,0.0,5,12520,买盘
1865,13:07:22,25.05,0.01,56,140280,买盘
1866,13:07:25,25.06,0.01,1,2506,买盘
1867,13:07:27,25.06,0.0,2,5013,卖盘
1868,13:07:31,25.07,0.01,18,45126,买盘
1869,13:07:34,25.07,0.0,50,125478,买盘
1870,13:07:40,25.07,0.0,37,92808,卖盘
1871,13:07:46,25.15,0.08,6,15090,买盘
1872,13:07:48,25.09,-0.06,2,5018,中性盘
1873,13:07:58,25.14,0.05,43,107918,买盘
1874,13:08:04,25.14,0.0,13,32682,买盘
1875,13:08:07,25.15,0.01,9,22631,买盘
1876,13:08:10,25.14,-0.01,45,113130,卖盘
1877,13:08:13,25.14,0.0,22,55301,买盘
1878,13:08:15,25.14,0.0,1,2514,买盘
1879,13:08:18,25.14,0.0,6,15084,买盘
1880,13:08:21,25.12,-0.02,13,32656,卖盘
1881,13:08:27,25.12,0.0,22,55264,买盘
1882,13:08:30,25.11,-0.01,24,60272,卖盘
1883,13:08:36,25.09,-0.02,5,12545,卖盘
1884,13:08:42,25.09,0.0,60,150540,买盘
1885,13:08:46,25.08,-0.01,13,32612,卖盘
1886,13:08:48,25.08,0.0,4,10030,买盘
1887,13:08:51,25.07,-0.01,5,12538,卖盘
1888,13:08:57,25.09,0.02,15,37635,卖盘
1889,13:09:00,25.09,0.0,6,15055,卖盘
1890,13:09:04,25.1,0.01,12,30120,买盘
1891,13:09:10,25.09,-0.01,20,50184,卖盘
1892,13:09:12,25.1,0.01,3,7530,中性盘
1893,13:09:21,25.1,0.0,7,17570,买盘
1894,13:09:27,25.1,0.0,1,2510,买盘
1895,13:09:30,25.09,-0.01,39,97851,卖盘
1896,13:09:33,25.1,0.01,24,60221,买盘
1897,13:09:39,25.1,0.0,12,30120,卖盘
1898,13:09:42,25.1,0.0,5,12550,卖盘
1899,13:09:45,25.11,0.01,22,55242,买盘
1900,13:09:48,25.1,-0.01,9,22590,卖盘
1901,13:09:51,25.1,0.0,51,128015,卖盘
1902,13:09:54,25.1,0.0,1,2510,买盘
1903,13:09:57,25.07,-0.03,124,310889,卖盘
1904,13:10:00,25.07,0.0,47,117829,买盘
1905,13:10:03,25.06,-0.01,1,2506,卖盘
1906,13:10:10,25.06,0.0,10,25061,卖盘
1907,13:10:13,25.07,0.01,1,2507,买盘
1908,13:10:16,25.07,0.0,35,87724,买盘
1909,13:10:19,25.05,-0.02,126,315670,卖盘
1910,13:10:22,25.04,-0.01,47,117310,卖盘
1911,13:10:25,25.04,0.0,50,125220,卖盘
1912,13:10:27,25.01,-0.03,50,125125,卖盘
1913,13:10:33,25.04,0.03,17,42531,买盘
1914,13:10:36,25.04,0.0,17,42523,买盘
1915,13:10:43,25.04,0.0,23,57592,卖盘
1916,13:10:46,25.07,0.03,127,317903,买盘
1917,13:10:48,25.03,-0.04,3,7510,中性盘
1918,13:10:51,25.07,0.04,4,10025,买盘
1919,13:10:54,25.07,0.0,13,32591,卖盘
1920,13:11:10,25.07,0.0,5,12535,买盘
1921,13:11:12,25.04,-0.03,47,117698,卖盘
1922,13:11:15,25.04,0.0,11,27544,买盘
1923,13:11:18,25.07,0.03,13,32591,买盘
1924,13:11:22,25.04,-0.03,11,27555,卖盘
1925,13:11:25,25.06,0.02,10,25052,买盘
1926,13:11:33,25.06,0.0,17,42602,买盘
1927,13:11:39,25.05,-0.01,1,2505,买盘
1928,13:11:42,25.04,-0.01,1,2504,卖盘
1929,13:11:45,25.06,0.02,16,40082,买盘
1930,13:11:49,25.04,-0.02,48,120204,卖盘
1931,13:11:52,25.03,-0.01,27,67581,卖盘
1932,13:11:58,25.03,0.0,25,62590,卖盘
1933,13:12:01,25.03,0.0,46,115118,卖盘
1934,13:12:09,25.03,0.0,16,40044,买盘
1935,13:12:15,25.02,-0.01,30,75083,卖盘
1936,13:12:24,25.03,0.01,2,5006,买盘
1937,13:12:27,25.03,0.0,8,20019,买盘
1938,13:12:31,25.03,0.0,4,10012,买盘
1939,13:12:33,25.03,0.0,13,32539,买盘
1940,13:12:36,25.03,0.0,11,27533,买盘
1941,13:12:39,25.03,0.0,14,35046,卖盘
1942,13:12:42,25.04,0.01,13,32552,买盘
1943,13:12:45,25.04,0.0,4,10016,卖盘
1944,13:12:55,25.03,-0.01,74,185296,卖盘
1945,13:12:58,25.05,0.02,5,13024,买盘
1946,13:13:01,25.04,-0.01,11,27047,卖盘
1947,13:13:04,25.04,0.0,11,28045,买盘
1948,13:13:10,25.06,0.02,19,47614,买盘
1949,13:13:12,25.05,-0.01,14,34569,卖盘
1950,13:13:15,25.05,0.0,1,2505,买盘
1951,13:13:21,25.06,0.01,9,23049,买盘
1952,13:13:24,25.05,-0.01,3,7515,卖盘
1953,13:13:28,25.06,0.01,4,10024,买盘
1954,13:13:33,25.07,0.01,7,17548,买盘
1955,13:13:39,25.07,0.0,1,2507,买盘
1956,13:13:43,25.07,0.0,1,2507,买盘
1957,13:13:48,25.07,0.0,1,2507,卖盘
1958,13:13:51,25.08,0.01,5,12540,买盘
1959,13:13:54,25.1,0.02,4,10038,买盘
1960,13:13:57,25.1,0.0,4,10040,买盘
1961,13:14:01,25.1,0.0,11,27610,买盘
1962,13:14:10,25.17,0.07,8,20112,买盘
1963,13:14:24,25.17,0.0,1,2517,买盘
1964,13:14:27,25.17,0.0,4,10068,卖盘
1965,13:14:30,25.11,-0.06,2,5022,卖盘
1966,13:14:33,25.17,0.06,1,2517,买盘
1967,13:14:36,25.17,0.0,3,7551,买盘
1968,13:14:39,25.17,0.0,2,5034,卖盘
1969,13:14:46,25.17,0.0,2,5034,买盘
1970,13:14:48,25.17,0.0,4,10066,买盘
1971,13:14:51,25.17,0.0,4,10068,买盘
1972,13:14:54,25.16,-0.01,6,15097,中性盘
1973,13:14:57,25.17,0.01,7,17593,买盘
1974,13:15:01,25.17,0.0,15,37744,买盘
1975,13:15:04,25.17,0.0,6,15102,买盘
1976,13:15:07,25.17,0.0,7,17619,买盘
1977,13:15:10,25.17,0.0,10,25167,买盘
1978,13:15:12,25.17,0.0,5,12585,买盘
1979,13:15:15,25.18,0.01,11,27683,买盘
1980,13:15:18,25.11,-0.07,41,102993,卖盘
1981,13:15:22,25.18,0.07,3,7554,买盘
1982,13:15:25,25.18,0.0,21,52868,买盘
1983,13:15:28,25.2,0.02,4,10076,买盘
1984,13:15:30,25.2,0.0,4,10080,买盘
1985,13:15:34,25.2,0.0,6,15120,买盘
1986,13:15:37,25.23,0.03,7,17649,买盘
1987,13:15:39,25.23,0.0,4,10092,买盘
1988,13:15:42,25.23,0.0,4,10092,买盘
1989,13:15:45,25.24,0.01,4,10094,买盘
1990,13:15:48,25.24,0.0,12,30282,买盘
1991,13:15:51,25.22,-0.02,8,20184,卖盘
1992,13:15:55,25.22,0.0,6,15132,买盘
1993,13:15:58,25.23,0.01,15,37832,买盘
1994,13:16:04,25.24,0.01,7,17668,卖盘
1995,13:16:07,25.24,0.0,20,50465,买盘
1996,13:16:09,25.25,0.01,3,7575,买盘
1997,13:16:16,25.23,-0.02,1,2523,买盘
1998,13:16:19,25.23,0.0,1,2523,买盘
1999,13:16:22,25.28,0.05,5,12627,买盘
2000,13:16:24,25.23,-0.05,16,40409,卖盘
2001,13:16:28,25.23,0.0,22,55562,卖盘
2002,13:16:31,25.3,0.07,6,15166,买盘
2003,13:16:33,25.29,-0.01,3,7587,中性盘
2004,13:16:37,25.29,0.0,10,25290,买盘
2005,13:16:40,25.26,-0.03,33,83347,买盘
2006,13:16:42,25.26,0.0,17,42942,买盘
2007,13:16:46,25.26,0.0,7,17682,买盘
2008,13:16:52,25.25,-0.01,11,27785,卖盘
2009,13:16:54,25.26,0.01,10,25260,买盘
2010,13:16:58,25.25,-0.01,20,50500,卖盘
2011,13:17:00,25.25,0.0,8,20200,买盘
2012,13:17:04,25.25,0.0,5,12625,买盘
2013,13:17:07,25.25,0.0,9,22725,买盘
2014,13:17:10,25.25,0.0,5,12625,卖盘
2015,13:17:13,25.26,0.01,26,65671,买盘
2016,13:17:19,25.26,0.0,20,50520,卖盘
2017,13:17:22,25.26,0.0,6,15156,中性盘
2018,13:17:24,25.26,0.0,4,10104,买盘
2019,13:17:27,25.26,0.0,2,5052,中性盘
2020,13:17:31,25.28,0.02,6,15168,买盘
2021,13:17:37,25.3,0.02,8,20235,买盘
2022,13:17:45,25.3,0.0,8,20240,买盘
2023,13:17:49,25.3,0.0,2,5060,卖盘
2024,13:17:52,25.31,0.01,7,17713,买盘
2025,13:17:55,25.3,-0.01,7,17710,卖盘
2026,13:17:58,25.32,0.02,7,17719,买盘
2027,13:18:01,25.32,0.0,1,2532,卖盘
2028,13:18:13,25.3,-0.02,55,139168,卖盘
2029,13:18:16,25.31,0.01,8,20241,买盘
2030,13:18:18,25.29,-0.02,1,2529,卖盘
2031,13:18:24,25.29,0.0,6,15174,卖盘
2032,13:18:30,25.29,0.0,4,10116,买盘
2033,13:18:37,25.29,0.0,6,15168,买盘
2034,13:18:45,25.21,-0.08,2,5042,卖盘
2035,13:18:48,25.21,0.0,6,15141,买盘
2036,13:18:57,25.26,0.05,4,10104,买盘
2037,13:19:04,25.21,-0.05,9,22689,卖盘
2038,13:19:10,25.26,0.05,4,10104,买盘
2039,13:19:13,25.21,-0.05,7,17668,卖盘
2040,13:19:24,25.26,0.05,4,10104,买盘
2041,13:19:37,25.26,0.0,4,10104,买盘
2042,13:19:40,25.26,0.0,4,10104,买盘
2043,13:19:43,25.21,-0.05,8,20184,卖盘
2044,13:19:46,25.21,0.0,11,27731,卖盘
2045,13:19:49,25.21,0.0,4,10084,买盘
2046,13:19:55,25.2,-0.01,33,83179,卖盘
2047,13:20:00,25.19,-0.01,3,7557,卖盘
2048,13:20:04,25.19,0.0,17,42827,卖盘
2049,13:20:06,25.19,0.0,3,7557,买盘
2050,13:20:09,25.18,-0.01,19,47847,卖盘
2051,13:20:12,25.19,0.01,4,10076,买盘
2052,13:20:18,25.19,0.0,4,10075,买盘
2053,13:20:24,25.15,-0.04,3,7545,卖盘
2054,13:20:27,25.18,0.03,3,7554,卖盘
2055,13:20:31,25.18,0.0,7,17623,卖盘
2056,13:20:37,25.18,0.0,4,10072,买盘
2057,13:20:45,25.18,0.0,4,10072,买盘
2058,13:20:52,25.16,-0.02,6,15104,卖盘
2059,13:20:55,25.16,0.0,12,30214,卖盘
2060,13:20:58,25.16,0.0,5,12580,卖盘
2061,13:21:01,25.16,0.0,1,2516,卖盘
2062,13:21:04,25.16,0.0,5,12588,卖盘
2063,13:21:07,25.16,0.0,32,80512,卖盘
2064,13:21:10,25.16,0.0,4,10064,买盘
2065,13:21:21,25.15,-0.01,8,20120,卖盘
2066,13:21:24,25.16,0.01,9,22636,买盘
2067,13:21:27,25.16,0.0,12,30192,买盘
2068,13:21:34,25.16,0.0,29,72964,买盘
2069,13:21:37,25.16,0.0,6,15096,买盘
2070,13:21:40,25.19,0.03,3,7555,买盘
2071,13:21:42,25.2,0.01,12,30240,买盘
2072,13:21:45,25.2,0.0,16,40320,买盘
2073,13:21:51,25.2,0.0,16,40320,买盘
2074,13:21:55,25.2,0.0,19,47881,卖盘
2075,13:21:58,25.2,0.0,6,15120,买盘
2076,13:22:04,25.2,0.0,4,10080,买盘
2077,13:22:13,25.25,0.05,5,12625,买盘
2078,13:22:15,25.19,-0.06,6,15114,卖盘
2079,13:22:19,25.25,0.06,7,17657,买盘
2080,13:22:22,25.2,-0.05,1,2520,卖盘
2081,13:22:31,25.24,0.04,7,17668,买盘
2082,13:22:36,25.24,0.0,5,12620,卖盘
2083,13:22:40,25.25,0.01,5,12622,买盘
2084,13:22:42,25.24,-0.01,17,42924,中性盘
2085,13:22:52,25.21,-0.03,5,12617,卖盘
2086,13:22:55,25.21,0.0,4,10084,买盘
2087,13:22:58,25.21,0.0,4,10084,买盘
2088,13:23:01,25.21,0.0,9,22689,买盘
2089,13:23:04,25.2,-0.01,46,115933,卖盘
2090,13:23:07,25.2,0.0,4,10080,买盘
2091,13:23:12,25.2,0.0,4,10077,买盘
2092,13:23:16,25.2,0.0,5,12600,买盘
2093,13:23:22,25.2,0.0,12,30240,买盘
2094,13:23:25,25.19,-0.01,9,22675,卖盘
2095,13:23:28,25.19,0.0,4,10078,卖盘
2096,13:23:31,25.2,0.01,7,17640,买盘
2097,13:23:39,25.21,0.01,5,12605,买盘
2098,13:23:45,25.26,0.05,4,10104,买盘
2099,13:23:49,25.22,-0.04,1,2522,卖盘
2100,13:23:51,25.25,0.03,4,10100,买盘
2101,13:24:01,25.25,0.0,4,10100,买盘
2102,13:24:04,25.25,0.0,4,10100,买盘
2103,13:24:07,25.25,0.0,2,5050,买盘
2104,13:24:10,25.25,0.0,3,7575,买盘
2105,13:24:13,25.24,-0.01,4,10096,中性盘
2106,13:24:18,25.24,0.0,4,10096,买盘
2107,13:24:24,25.23,-0.01,7,17661,卖盘
2108,13:24:27,25.24,0.01,6,15144,买盘
2109,13:24:30,25.24,0.0,4,10096,买盘
2110,13:24:39,25.24,0.0,4,10096,买盘
2111,13:24:42,25.24,0.0,4,10096,买盘
2112,13:24:46,25.24,0.0,4,10096,买盘
2113,13:24:48,25.24,0.0,2,5048,买盘
2114,13:24:52,25.24,0.0,2,5047,买盘
2115,13:24:55,25.24,0.0,26,65624,买盘
2116,13:25:00,25.24,0.0,9,22716,买盘
2117,13:25:07,25.22,-0.02,1,2522,卖盘
2118,13:25:09,25.24,0.02,4,10096,买盘
2119,13:25:13,25.24,0.0,4,10096,买盘
2120,13:25:15,25.24,0.0,5,12620,买盘
2121,13:25:24,25.24,0.0,11,27768,卖盘
2122,13:25:27,25.22,-0.02,6,15132,卖盘
2123,13:25:30,25.24,0.02,3,7572,买盘
2124,13:25:34,25.24,0.0,5,12620,买盘
2125,13:25:37,25.22,-0.02,21,52962,卖盘
2126,13:25:45,25.23,0.01,18,45398,买盘
2127,13:25:48,25.23,0.0,22,55506,卖盘
2128,13:25:52,25.24,0.01,4,10096,买盘
2129,13:25:57,25.23,-0.01,11,27753,卖盘
2130,13:26:06,25.22,-0.01,9,22702,卖盘
2131,13:26:18,25.22,0.0,4,10088,买盘
2132,13:26:21,25.21,-0.01,3,7563,卖盘
2133,13:26:24,25.21,0.0,6,15126,卖盘
2134,13:26:30,25.2,-0.01,15,37800,卖盘
2135,13:26:33,25.2,0.0,28,70572,卖盘
2136,13:26:37,25.18,-0.02,6,15109,卖盘
2137,13:26:46,25.18,0.0,5,12596,卖盘
2138,13:26:49,25.18,0.0,1,2518,买盘
2139,13:26:54,25.18,0.0,6,15108,卖盘
2140,13:26:58,25.18,0.0,2,5036,买盘
2141,13:27:01,25.18,0.0,4,10072,买盘
2142,13:27:09,25.18,0.0,12,30216,买盘
2143,13:27:15,25.18,0.0,1,2518,买盘
2144,13:27:18,25.17,-0.01,26,65446,卖盘
2145,13:27:21,25.2,0.03,5,12591,买盘
2146,13:27:25,25.16,-0.04,14,35224,卖盘
2147,13:27:28,25.2,0.04,5,12597,买盘
2148,13:27:31,25.17,-0.03,3,7552,卖盘
2149,13:27:39,25.2,0.03,13,32760,买盘
2150,13:27:42,25.22,0.02,11,27706,买盘
2151,13:27:54,25.22,0.0,15,37830,卖盘
2152,13:28:06,25.16,-0.06,5,12580,卖盘
2153,13:28:09,25.22,0.06,4,10088,买盘
2154,13:28:25,25.22,0.0,8,20176,买盘
2155,13:28:30,25.22,0.0,33,83186,买盘
2156,13:28:36,25.22,0.0,4,10088,买盘
2157,13:28:39,25.22,0.0,13,32786,买盘
2158,13:28:45,25.23,0.01,13,32799,买盘
2159,13:28:49,25.22,-0.01,18,45409,卖盘
2160,13:28:52,25.23,0.01,21,52969,买盘
2161,13:28:54,25.23,0.0,3,7569,买盘
2162,13:28:58,25.22,-0.01,1,2522,买盘
2163,13:29:01,25.23,0.01,3,7569,买盘
2164,13:29:04,25.23,0.0,5,12615,卖盘
2165,13:29:06,25.24,0.01,6,15144,买盘
2166,13:29:09,25.25,0.01,40,101000,买盘
2167,13:29:13,25.25,0.0,1,2525,买盘
2168,13:29:19,25.25,0.0,1,2525,买盘
2169,13:29:25,25.27,0.02,20,50537,买盘
2170,13:29:33,25.26,-0.01,4,10104,买盘
2171,13:29:39,25.26,0.0,6,15154,买盘
2172,13:29:45,25.26,0.0,12,30312,买盘
2173,13:29:52,25.26,0.0,10,25260,卖盘
2174,13:29:54,25.27,0.01,3,7581,买盘
2175,13:29:57,25.27,0.0,5,12635,买盘
2176,13:30:00,25.26,-0.01,14,35364,卖盘
2177,13:30:07,25.26,0.0,2,5052,卖盘
2178,13:30:10,25.27,0.01,4,10108,买盘
2179,13:30:13,25.27,0.0,22,55594,买盘
2180,13:30:16,25.28,0.01,1,2528,买盘
2181,13:30:22,25.27,-0.01,7,17689,卖盘
2182,13:30:28,25.27,0.0,4,10108,买盘
2183,13:30:30,25.27,0.0,7,17688,买盘
2184,13:30:43,25.27,0.0,4,10108,买盘
2185,13:30:45,25.27,0.0,30,75810,买盘
2186,13:30:49,25.28,0.01,20,50558,买盘
2187,13:30:54,25.27,-0.01,2,5054,中性盘
2188,13:30:58,25.28,0.01,21,53088,买盘
2189,13:31:00,25.28,0.0,2,5056,买盘
2190,13:31:04,25.28,0.0,50,126400,买盘
2191,13:31:07,25.28,0.0,2,5056,买盘
2192,13:31:09,25.28,0.0,4,10112,买盘
2193,13:31:12,25.28,0.0,4,10112,买盘
2194,13:31:22,25.29,0.01,11,27819,买盘
2195,13:31:31,25.29,0.0,85,214969,卖盘
2196,13:31:34,25.29,0.0,6,15174,买盘
2197,13:31:42,25.32,0.03,10,25320,买盘
2198,13:31:52,25.32,0.0,4,10128,买盘
2199,13:31:58,25.3,-0.02,10,25311,卖盘
2200,13:32:04,25.33,0.03,7,17731,买盘
2201,13:32:06,25.33,0.0,5,12664,买盘
2202,13:32:13,25.33,0.0,2,5065,买盘
2203,13:32:16,25.33,0.0,3,7599,卖盘
2204,13:32:19,25.34,0.01,1,2534,买盘
2205,13:32:22,25.33,-0.01,10,25339,卖盘
2206,13:32:25,25.34,0.01,6,15204,买盘
2207,13:32:27,25.34,0.0,6,15203,买盘
2208,13:32:31,25.34,0.0,6,16218,买盘
2209,13:32:34,25.35,0.01,5,12675,买盘
2210,13:32:40,25.35,0.0,11,27883,买盘
2211,13:32:43,25.35,0.0,5,12675,买盘
2212,13:32:46,25.36,0.01,12,30421,买盘
2213,13:32:54,25.37,0.01,9,22833,买盘
2214,13:32:58,25.36,-0.01,2,5072,卖盘
2215,13:33:04,25.36,0.0,4,10144,买盘
2216,13:33:07,25.36,0.0,12,30430,买盘
2217,13:33:10,25.36,0.0,15,38038,买盘
2218,13:33:12,25.36,0.0,4,10144,卖盘
2219,13:33:15,25.36,0.0,5,12680,卖盘
2220,13:33:19,25.36,0.0,2,5072,买盘
2221,13:33:25,25.37,0.01,31,78625,买盘
2222,13:33:27,25.35,-0.02,24,60840,卖盘
2223,13:33:30,25.36,0.01,21,53241,买盘
2224,13:33:34,25.35,-0.01,10,25356,卖盘
2225,13:33:37,25.35,0.0,3,7605,买盘
2226,13:33:40,25.35,0.0,2,5070,买盘
2227,13:33:43,25.35,0.0,9,22815,买盘
2228,13:33:46,25.33,-0.02,8,20270,卖盘
2229,13:33:49,25.36,0.03,7,17750,买盘
2230,13:33:55,25.36,0.0,4,10144,买盘
2231,13:33:58,25.36,0.0,9,22820,买盘
2232,13:34:01,25.37,0.01,11,27907,买盘
2233,13:34:04,25.37,0.0,3,7611,卖盘
2234,13:34:07,25.37,0.0,2,5074,卖盘
2235,13:34:10,25.36,-0.01,25,63430,卖盘
2236,13:34:13,25.37,0.01,16,40588,买盘
2237,13:34:15,25.37,0.0,25,63425,卖盘
2238,13:34:19,25.34,-0.03,51,129334,卖盘
2239,13:34:31,25.36,0.02,24,60864,中性盘
2240,13:34:34,25.35,-0.01,32,81120,卖盘
2241,13:34:36,25.34,-0.01,29,73495,卖盘
2242,13:34:40,25.34,0.0,7,17738,买盘
2243,13:34:43,25.35,0.01,16,40548,买盘
2244,13:34:46,25.33,-0.02,33,83607,卖盘
2245,13:34:49,25.34,0.01,14,35480,中性盘
2246,13:34:51,25.35,0.01,20,50700,卖盘
2247,13:34:54,25.36,0.01,12,30432,买盘
2248,13:34:57,25.37,0.01,9,22827,买盘
2249,13:35:04,25.38,0.01,9,22835,买盘
2250,13:35:07,25.35,-0.03,7,17755,卖盘
2251,13:35:10,25.35,0.0,18,45630,买盘
2252,13:35:16,25.35,0.0,8,20280,买盘
2253,13:35:21,25.37,0.02,7,17759,买盘
2254,13:35:25,25.35,-0.02,2,5070,卖盘
2255,13:35:34,25.37,0.02,4,10148,买盘
2256,13:35:40,25.36,-0.01,5,12679,买盘
2257,13:35:49,25.37,0.01,7,17757,买盘
2258,13:35:52,25.35,-0.02,11,27887,卖盘
2259,13:35:55,25.35,0.0,2,5070,买盘
2260,13:35:58,25.35,0.0,11,27885,买盘
2261,13:36:01,25.35,0.0,9,22815,卖盘
2262,13:36:04,25.37,0.02,5,12685,买盘
2263,13:36:06,25.37,0.0,3,7611,买盘
2264,13:36:10,25.37,0.0,17,43116,买盘
2265,13:36:13,25.38,0.01,6,15228,买盘
2266,13:36:16,25.37,-0.01,5,12685,卖盘
2267,13:36:22,25.36,-0.01,6,15216,买盘
2268,13:36:24,25.37,0.01,8,20290,买盘
2269,13:36:27,25.37,0.0,4,10148,买盘
2270,13:36:37,25.36,-0.01,10,25360,买盘
2271,13:36:42,25.36,0.0,17,43099,买盘
2272,13:36:46,25.34,-0.02,17,43106,卖盘
2273,13:36:49,25.34,0.0,25,63350,卖盘
2274,13:36:55,25.33,-0.01,18,45594,卖盘
2275,13:36:58,25.34,0.01,37,93651,买盘
2276,13:37:04,25.3,-0.04,1,2530,卖盘
2277,13:37:16,25.3,0.0,14,35420,卖盘
2278,13:37:19,25.3,0.0,25,63258,卖盘
2279,13:37:22,25.3,0.0,6,15180,买盘
2280,13:37:34,25.3,0.0,5,12650,买盘
2281,13:37:40,25.28,-0.02,30,75850,卖盘
2282,13:37:48,25.27,-0.01,22,55602,卖盘
2283,13:37:52,25.26,-0.01,11,27795,卖盘
2284,13:38:01,25.27,0.01,5,12635,买盘
2285,13:38:04,25.26,-0.01,20,50525,卖盘
2286,13:38:06,25.27,0.01,9,22759,卖盘
2287,13:38:09,25.27,0.0,1,2527,卖盘
2288,13:38:13,25.27,0.0,20,50564,卖盘
2289,13:38:22,25.27,0.0,6,15162,买盘
2290,13:38:25,25.27,0.0,6,15162,买盘
2291,13:38:28,25.3,0.03,23,58130,买盘
2292,13:38:30,25.28,-0.02,2,5056,卖盘
2293,13:38:34,25.3,0.02,3,7590,买盘
2294,13:38:39,25.33,0.03,10,25321,买盘
2295,13:38:45,25.34,0.01,10,25340,买盘
2296,13:38:48,25.34,0.0,19,48146,买盘
2297,13:38:52,25.36,0.02,4,10144,买盘
2298,13:38:55,25.34,-0.02,15,38030,卖盘
2299,13:38:58,25.37,0.03,19,48203,买盘
2300,13:39:07,25.38,0.01,10,25379,买盘
2301,13:39:12,25.38,0.0,4,10152,买盘
2302,13:39:28,25.37,-0.01,2,5074,买盘
2303,13:39:34,25.37,0.0,3,7611,卖盘
2304,13:39:37,25.38,0.01,3,7614,买盘
2305,13:39:40,25.37,-0.01,7,17759,卖盘
2306,13:39:42,25.36,-0.01,1,2536,卖盘
2307,13:39:46,25.35,-0.01,6,15210,卖盘
2308,13:39:58,25.36,0.01,2,5072,买盘
2309,13:40:01,25.36,0.0,1,2536,卖盘
2310,13:40:04,25.38,0.02,97,246171,买盘
2311,13:40:07,25.36,-0.02,3,7608,中性盘
2312,13:40:13,25.35,-0.01,5,12675,卖盘
2313,13:40:16,25.35,0.0,8,20298,卖盘
2314,13:40:19,25.34,-0.01,9,22807,卖盘
2315,13:40:31,25.35,0.01,15,38035,卖盘
2316,13:40:37,25.35,0.0,25,63375,卖盘
2317,13:40:43,25.34,-0.01,2,5068,卖盘
2318,13:40:46,25.34,0.0,6,15208,卖盘
2319,13:40:49,25.34,0.0,2,5068,卖盘
2320,13:40:55,25.34,0.0,4,10136,卖盘
2321,13:40:58,25.34,0.0,40,101363,卖盘
2322,13:41:13,25.33,-0.01,1,2533,买盘
2323,13:41:19,25.33,0.0,19,48127,卖盘
2324,13:41:22,25.34,0.01,6,15204,买盘
2325,13:41:30,25.34,0.0,4,10136,买盘
2326,13:41:43,25.34,0.0,1,2534,买盘
2327,13:41:46,25.34,0.0,4,10136,买盘
2328,13:41:51,25.34,0.0,4,10136,买盘
2329,13:41:54,25.33,-0.01,19,48127,卖盘
2330,13:41:58,25.34,0.01,3,7602,买盘
2331,13:42:01,25.34,0.0,4,10136,买盘
2332,13:42:07,25.33,-0.01,29,73457,卖盘
2333,13:42:10,25.33,0.0,4,10132,买盘
2334,13:42:13,25.33,0.0,4,10132,买盘
2335,13:42:19,25.33,0.0,7,17731,买盘
2336,13:42:21,25.31,-0.02,21,53161,卖盘
2337,13:42:31,25.31,0.0,27,68352,卖盘
2338,13:42:43,25.31,0.0,13,32903,卖盘
2339,13:42:46,25.31,0.0,24,60744,卖盘
2340,13:42:55,25.3,-0.01,2,5060,卖盘
2341,13:42:58,25.31,0.01,50,126507,买盘
2342,13:43:00,25.31,0.0,11,27841,买盘
2343,13:43:04,25.3,-0.01,15,37959,卖盘
2344,13:43:12,25.31,0.01,3,7593,卖盘
2345,13:43:16,25.31,0.0,11,27841,卖盘
2346,13:43:24,25.31,0.0,5,12655,买盘
2347,13:43:33,25.31,0.0,4,10124,卖盘
2348,13:43:37,25.31,0.0,1,2531,卖盘
2349,13:43:40,25.32,0.01,22,55701,买盘
2350,13:43:46,25.32,0.0,5,12660,买盘
2351,13:43:48,25.33,0.01,23,58259,买盘
2352,13:43:55,25.33,0.0,4,10132,买盘
2353,13:43:57,25.33,0.0,15,37995,买盘
2354,13:44:00,25.33,0.0,39,98787,买盘
2355,13:44:05,25.33,0.0,2,5066,买盘
2356,13:44:09,25.34,0.01,1,2534,买盘
2357,13:44:13,25.34,0.0,47,119098,买盘
2358,13:44:16,25.35,0.01,1,2535,买盘
2359,13:44:19,25.35,0.0,3,7605,买盘
2360,13:44:22,25.35,0.0,54,136890,买盘
2361,13:44:25,25.36,0.01,3,7608,中性盘
2362,13:44:30,25.38,0.02,47,119286,买盘
2363,13:44:40,25.39,0.01,10,25390,买盘
2364,13:44:43,25.4,0.01,1,2540,买盘
2365,13:44:55,25.43,0.03,11,27973,买盘
2366,13:45:04,25.44,0.01,2,5088,卖盘
2367,13:45:10,25.5,0.06,20,51000,买盘
2368,13:45:13,25.5,0.0,38,96858,买盘
2369,13:45:16,25.5,0.0,1,2550,卖盘
2370,13:45:19,25.5,0.0,11,28050,卖盘
2371,13:45:21,25.5,0.0,10,25508,卖盘
2372,13:45:25,25.52,0.02,13,33156,买盘
2373,13:45:33,25.54,0.02,51,130196,买盘
2374,13:45:36,25.54,0.0,2,5108,卖盘
2375,13:45:40,25.55,0.01,16,40880,买盘
2376,13:45:43,25.56,0.01,3,7668,买盘
2377,13:45:46,25.55,-0.01,2,5110,卖盘
2378,13:45:55,25.56,0.01,7,17892,买盘
2379,13:46:00,25.57,0.01,10,25564,买盘
2380,13:46:07,25.57,0.0,5,12785,卖盘
2381,13:46:10,25.61,0.04,16,40963,买盘
2382,13:46:13,25.6,-0.01,14,35840,卖盘
2383,13:46:16,25.6,0.0,48,122922,卖盘
2384,13:46:19,25.6,0.0,33,84489,卖盘
2385,13:46:22,25.61,0.01,7,17926,买盘
2386,13:46:25,25.61,0.0,3,7683,卖盘
2387,13:46:27,25.68,0.07,8,20544,买盘
2388,13:46:30,25.68,0.0,1,2568,卖盘
2389,13:46:33,25.68,0.0,35,89910,卖盘
2390,13:46:37,25.7,0.02,2,5140,买盘
2391,13:46:39,25.68,-0.02,30,77040,卖盘
2392,13:46:43,25.7,0.02,5,12844,买盘
2393,13:46:45,25.69,-0.01,4,10276,买盘
2394,13:46:48,25.68,-0.01,9,23112,中性盘
2395,13:46:55,25.68,0.0,38,97633,卖盘
2396,13:46:58,25.69,0.01,3,7707,中性盘
2397,13:47:01,25.68,-0.01,40,102720,卖盘
2398,13:47:07,25.7,0.02,23,59105,买盘
2399,13:47:09,25.68,-0.02,32,82206,卖盘
2400,13:47:12,25.68,0.0,1,2568,买盘
2401,13:47:30,25.64,-0.04,3,7692,卖盘
2402,13:47:34,25.65,0.01,6,15387,买盘
2403,13:47:36,25.64,-0.01,7,17950,卖盘
2404,13:47:39,25.64,0.0,2,5128,卖盘
2405,13:47:42,25.64,0.0,9,23076,卖盘
2406,13:47:46,25.64,0.0,12,30768,卖盘
2407,13:47:49,25.64,0.0,21,53844,卖盘
2408,13:47:52,25.64,0.0,1,2564,买盘
2409,13:47:55,25.63,-0.01,1,2563,卖盘
2410,13:47:58,25.64,0.01,16,41024,买盘
2411,13:48:01,25.63,-0.01,40,102552,卖盘
2412,13:48:04,25.64,0.01,8,20511,买盘
2413,13:48:07,25.64,0.0,3,7692,买盘
2414,13:48:09,25.64,0.0,3,7692,卖盘
2415,13:48:12,25.64,0.0,1,2564,卖盘
2416,13:48:16,25.65,0.01,8,20520,买盘
2417,13:48:22,25.66,0.01,14,35917,买盘
2418,13:48:25,25.66,0.0,7,17965,卖盘
2419,13:48:28,25.63,-0.03,61,156486,卖盘
2420,13:48:31,25.67,0.04,2,5134,买盘
2421,13:48:43,25.66,-0.01,1,2566,买盘
2422,13:48:46,25.66,0.0,16,41056,买盘
2423,13:48:49,25.66,0.0,1,2566,卖盘
2424,13:48:52,25.66,0.0,4,10264,卖盘
2425,13:48:55,25.67,0.01,17,43625,买盘
2426,13:48:57,25.67,0.0,61,156587,买盘
2427,13:49:01,25.67,0.0,45,115515,买盘
2428,13:49:04,25.67,0.0,66,169417,买盘
2429,13:49:07,25.67,0.0,40,102621,买盘
2430,13:49:12,25.67,0.0,16,41072,买盘
2431,13:49:16,25.67,0.0,3,7701,卖盘
2432,13:49:18,25.69,0.02,18,46234,买盘
2433,13:49:25,25.7,0.01,13,33410,买盘
2434,13:49:28,25.71,0.01,5,12855,买盘
2435,13:49:34,25.73,0.02,3,7719,买盘
2436,13:49:36,25.73,0.0,19,48883,买盘
2437,13:49:40,25.73,0.0,10,25730,卖盘
2438,13:49:46,25.73,0.0,1,2573,卖盘
2439,13:49:48,25.74,0.01,7,18018,买盘
2440,13:49:52,25.74,0.0,2,5148,买盘
2441,13:49:54,25.79,0.05,79,203525,买盘
2442,13:50:04,25.73,-0.06,5,12865,买盘
2443,13:50:10,25.74,0.01,4,10296,卖盘
2444,13:50:13,25.79,0.05,22,56732,买盘
2445,13:50:16,25.73,-0.06,2,5147,卖盘
2446,13:50:19,25.78,0.05,20,51532,买盘
2447,13:50:22,25.73,-0.05,50,128650,卖盘
2448,13:50:25,25.73,0.0,2,5146,卖盘
2449,13:50:28,25.73,0.0,37,95204,卖盘
2450,13:50:34,25.73,0.0,3,7719,卖盘
2451,13:50:40,25.66,-0.07,40,102790,卖盘
2452,13:51:01,25.73,0.07,1,2573,买盘
2453,13:51:04,25.67,-0.06,2,5134,卖盘
2454,13:51:10,25.67,0.0,1,2567,卖盘
2455,13:51:18,25.73,0.06,6,15437,买盘
2456,13:51:39,25.68,-0.05,3,7704,卖盘
2457,13:51:43,25.71,0.03,1,2571,买盘
2458,13:51:52,25.69,-0.02,11,28259,卖盘
2459,13:51:55,25.69,0.0,6,15416,卖盘
2460,13:51:57,25.69,0.0,5,12845,卖盘
2461,13:52:04,25.69,0.0,25,64225,卖盘
2462,13:52:10,25.71,0.02,6,15423,买盘
2463,13:52:12,25.7,-0.01,1,2570,卖盘
2464,13:52:24,25.69,-0.01,2,5138,卖盘
2465,13:52:28,25.7,0.01,4,10280,买盘
2466,13:52:31,25.69,-0.01,8,20552,卖盘
2467,13:52:36,25.69,0.0,2,5138,卖盘
2468,13:52:43,25.7,0.01,13,33407,买盘
2469,13:52:55,25.7,0.0,2,5140,卖盘
2470,13:52:58,25.7,0.0,2,5140,卖盘
2471,13:53:07,25.7,0.0,7,17990,卖盘
2472,13:53:10,25.7,0.0,6,15420,卖盘
2473,13:53:12,25.7,0.0,1,2570,买盘
2474,13:53:21,25.69,-0.01,4,10276,卖盘
2475,13:53:25,25.69,0.0,2,5138,卖盘
2476,13:53:30,25.69,0.0,1,2569,卖盘
2477,13:53:33,25.69,0.0,1,2569,卖盘
2478,13:53:37,25.69,0.0,4,10276,卖盘
2479,13:53:42,25.69,0.0,3,7707,卖盘
2480,13:53:51,25.68,-0.01,9,23112,卖盘
2481,13:53:58,25.67,-0.01,12,30804,卖盘
2482,13:54:01,25.67,0.0,5,12835,买盘
2483,13:54:15,25.66,-0.01,8,20528,买盘
2484,13:54:18,25.67,0.01,13,33361,买盘
2485,13:54:22,25.67,0.0,9,23099,买盘
2486,13:54:25,25.67,0.0,7,17969,买盘
2487,13:54:28,25.65,-0.02,19,48749,卖盘
2488,13:54:34,25.65,0.0,8,20520,买盘
2489,13:54:37,25.63,-0.02,15,38465,卖盘
2490,13:54:40,25.63,0.0,6,15378,买盘
2491,13:54:43,25.63,0.0,5,12815,买盘
2492,13:54:45,25.62,-0.01,5,12812,卖盘
2493,13:54:49,25.63,0.01,8,20504,买盘
2494,13:54:52,25.62,-0.01,2,5124,卖盘
2495,13:55:00,25.6,-0.02,5,12800,卖盘
2496,13:55:12,25.56,-0.04,1,2556,卖盘
2497,13:55:19,25.56,0.0,15,38340,卖盘
2498,13:55:24,25.56,0.0,32,81792,卖盘
2499,13:55:31,25.58,0.02,2,5114,买盘
2500,13:55:34,25.56,-0.02,32,81792,卖盘
2501,13:55:37,25.56,0.0,4,10224,卖盘
2502,13:55:42,25.53,-0.03,7,17883,卖盘
2503,13:55:48,25.53,0.0,4,10212,卖盘
2504,13:56:33,25.48,-0.05,4,10192,卖盘
2505,13:56:40,25.52,0.04,11,28040,买盘
2506,13:56:55,25.51,-0.01,3,7653,买盘
2507,13:57:09,25.51,0.0,6,15306,买盘
2508,13:57:13,25.49,-0.02,23,58662,卖盘
2509,13:57:16,25.51,0.02,1,2551,中性盘
2510,13:57:22,25.51,0.0,8,20408,买盘
2511,13:57:28,25.51,0.0,2,5102,卖盘
2512,13:57:31,25.51,0.0,7,17857,卖盘
2513,13:57:34,25.52,0.01,8,20416,买盘
2514,13:57:39,25.53,0.01,20,51058,买盘
2515,13:57:45,25.53,0.0,1,2553,买盘
2516,13:57:51,25.53,0.0,4,10212,买盘
2517,13:57:54,25.53,0.0,14,35742,买盘
2518,13:57:57,25.53,0.0,2,5106,买盘
2519,13:58:07,25.53,0.0,25,63825,卖盘
2520,13:58:16,25.53,0.0,6,15318,买盘
2521,13:58:28,25.53,0.0,1,2553,买盘
2522,13:58:40,25.54,0.01,1,2554,买盘
2523,13:58:43,25.54,0.0,2,5108,卖盘
2524,13:59:06,25.55,0.01,1,2555,买盘
2525,13:59:09,25.56,0.01,6,15336,买盘
2526,13:59:21,25.55,-0.01,9,23000,卖盘
2527,13:59:34,25.55,0.0,14,35770,买盘
2528,13:59:36,25.56,0.01,4,10224,买盘
2529,13:59:43,25.55,-0.01,16,40886,卖盘
2530,13:59:52,25.55,0.0,5,12775,卖盘
2531,13:59:55,25.55,0.0,3,7665,买盘
2532,14:00:01,25.55,0.0,6,15330,买盘
2533,14:00:06,25.55,0.0,2,5110,买盘
2534,14:00:12,25.55,0.0,4,10220,卖盘
2535,14:00:25,25.56,0.01,4,10223,买盘
2536,14:00:40,25.54,-0.02,24,61324,卖盘
2537,14:00:49,25.54,0.0,7,17878,卖盘
2538,14:01:01,25.54,0.0,3,7662,买盘
2539,14:01:13,25.54,0.0,100,255400,买盘
2540,14:01:18,25.53,-0.01,3,7659,卖盘
2541,14:01:25,25.53,0.0,2,5106,买盘
2542,14:01:31,25.53,0.0,2,5106,卖盘
2543,14:02:04,25.52,-0.01,10,25520,卖盘
2544,14:02:16,25.52,0.0,4,10208,卖盘
2545,14:02:24,25.52,0.0,1,2552,买盘
2546,14:02:30,25.51,-0.01,20,51022,卖盘
2547,14:02:51,25.51,0.0,2,5102,卖盘
2548,14:02:57,25.5,-0.01,15,38250,卖盘
2549,14:03:01,25.51,0.01,11,28061,买盘
2550,14:03:06,25.5,-0.01,4,10200,卖盘
2551,14:03:09,25.5,0.0,7,17850,卖盘
2552,14:03:12,25.5,0.0,5,12750,卖盘
2553,14:03:19,25.5,0.0,4,10200,卖盘
2554,14:03:22,25.5,0.0,1,2550,卖盘
2555,14:03:24,25.5,0.0,19,48450,卖盘
2556,14:03:42,25.49,-0.01,5,12745,卖盘
2557,14:03:49,25.48,-0.01,8,20384,卖盘
2558,14:03:55,25.45,-0.03,16,40729,卖盘
2559,14:04:16,25.44,-0.01,11,27984,卖盘
2560,14:04:28,25.44,0.0,5,12720,买盘
2561,14:04:31,25.42,-0.02,6,15252,卖盘
2562,14:04:40,25.41,-0.01,2,5082,卖盘
2563,14:04:45,25.4,-0.01,4,10160,卖盘
2564,14:04:48,25.41,0.01,1,2541,买盘
2565,14:04:55,25.41,0.0,1,2541,买盘
2566,14:04:58,25.4,-0.01,15,38100,卖盘
2567,14:05:01,25.4,0.0,2,5080,买盘
2568,14:05:04,25.4,0.0,9,22860,买盘
2569,14:05:07,25.4,0.0,7,17780,买盘
2570,14:05:10,25.4,0.0,23,58413,买盘
2571,14:05:13,25.39,-0.01,2,5078,卖盘
2572,14:05:16,25.41,0.02,12,30473,买盘
2573,14:05:22,25.41,0.0,9,22869,买盘
2574,14:05:28,25.4,-0.01,1,2540,中性盘
2575,14:05:31,25.42,0.02,11,27962,卖盘
2576,14:05:33,25.4,-0.02,5,12700,卖盘
2577,14:05:36,25.4,0.0,2,5080,卖盘
2578,14:05:46,25.4,0.0,2,5080,卖盘
2579,14:05:49,25.42,0.02,36,91476,买盘
2580,14:05:55,25.42,0.0,12,30494,买盘
2581,14:06:00,25.45,0.03,6,15270,买盘
2582,14:06:04,25.43,-0.02,9,21361,卖盘
2583,14:06:10,25.43,0.0,2,5086,卖盘
2584,14:06:16,25.45,0.02,3,7635,买盘
2585,14:06:18,25.45,0.0,14,35630,买盘
2586,14:06:33,25.45,0.0,7,17815,卖盘
2587,14:06:36,25.45,0.0,5,12735,卖盘
2588,14:06:40,25.45,0.0,1,2545,买盘
2589,14:06:42,25.45,0.0,1,2545,买盘
2590,14:06:49,25.45,0.0,10,25450,买盘
2591,14:06:52,25.44,-0.01,3,7632,卖盘
2592,14:06:58,25.45,0.01,3,7635,买盘
2593,14:07:10,25.45,0.0,2,5090,卖盘
2594,14:07:18,25.45,0.0,7,17818,卖盘
2595,14:07:25,25.5,0.05,13,33130,买盘
2596,14:07:37,25.5,0.0,16,40800,买盘
2597,14:07:40,25.5,0.0,10,25500,买盘
2598,14:07:48,25.46,-0.04,24,61104,卖盘
2599,14:08:01,25.46,0.0,3,7638,买盘
2600,14:08:04,25.46,0.0,9,22914,买盘
2601,14:08:15,25.48,0.02,2,5096,卖盘
2602,14:08:19,25.48,0.0,11,28028,卖盘
2603,14:08:22,25.48,0.0,1,2548,买盘
2604,14:08:25,25.5,0.02,50,127500,买盘
2605,14:08:28,25.47,-0.03,24,61139,卖盘
2606,14:08:39,25.5,0.03,8,20379,买盘
2607,14:08:43,25.47,-0.03,3,7641,中性盘
2608,14:08:49,25.47,0.0,3,7641,买盘
2609,14:08:52,25.47,0.0,11,28017,买盘
2610,14:09:04,25.46,-0.01,2,5092,卖盘
2611,14:09:10,25.46,0.0,20,50920,卖盘
2612,14:09:13,25.46,0.0,4,10184,卖盘
2613,14:09:16,25.46,0.0,19,48374,卖盘
2614,14:09:19,25.47,0.01,11,28007,买盘
2615,14:09:24,25.46,-0.01,4,10184,买盘
2616,14:09:34,25.46,0.0,5,12730,中性盘
2617,14:09:43,25.46,0.0,5,12730,买盘
2618,14:09:49,25.45,-0.01,4,10180,卖盘
2619,14:09:55,25.45,0.0,22,55990,卖盘
2620,14:10:01,25.45,0.0,2,5090,卖盘
2621,14:10:09,25.45,0.0,7,17815,卖盘
2622,14:10:16,25.44,-0.01,54,137422,卖盘
2623,14:10:19,25.44,0.0,25,63598,买盘
2624,14:10:22,25.44,0.0,2,5088,买盘
2625,14:10:46,25.43,-0.01,2,5086,卖盘
2626,14:10:55,25.43,0.0,11,27973,卖盘
2627,14:11:04,25.44,0.01,27,68686,买盘
2628,14:11:10,25.4,-0.04,11,27940,卖盘
2629,14:11:13,25.44,0.04,2,5088,买盘
2630,14:11:25,25.43,-0.01,5,12715,卖盘
2631,14:11:31,25.44,0.01,2,5088,买盘
2632,14:11:43,25.43,-0.01,5,12715,卖盘
2633,14:11:46,25.43,0.0,11,27973,买盘
2634,14:11:51,25.4,-0.03,14,35566,卖盘
2635,14:12:04,25.43,0.03,6,15258,买盘
2636,14:12:09,25.43,0.0,3,7629,买盘
2637,14:12:12,25.4,-0.03,21,52835,卖盘
2638,14:12:36,25.4,0.0,36,91965,卖盘
2639,14:12:46,25.41,0.01,1,2541,卖盘
2640,14:12:49,25.41,0.0,5,12705,卖盘
2641,14:13:16,25.45,0.04,1,2545,卖盘
2642,14:13:25,25.45,0.0,4,10180,买盘
2643,14:13:30,25.44,-0.01,9,22896,卖盘
2644,14:13:39,25.45,0.01,9,22905,买盘
2645,14:13:43,25.47,0.02,34,86598,买盘
2646,14:13:49,25.5,0.03,38,96864,买盘
2647,14:14:04,25.5,0.0,4,10200,买盘
2648,14:14:13,25.5,0.0,2,5100,买盘
2649,14:14:19,25.5,0.0,4,10200,买盘
2650,14:14:25,25.5,0.0,37,94350,买盘
2651,14:14:31,25.51,0.01,10,25510,买盘
2652,14:14:34,25.51,0.0,1,2551,买盘
2653,14:14:36,25.51,0.0,3,7653,买盘
2654,14:14:39,25.51,0.0,1,2551,买盘
2655,14:14:46,25.5,-0.01,9,22955,卖盘
2656,14:14:55,25.51,0.01,7,17857,买盘
2657,14:14:58,25.51,0.0,11,28061,买盘
2658,14:15:01,25.51,0.0,7,17857,买盘
2659,14:15:04,25.51,0.0,24,61224,买盘
2660,14:15:10,25.51,0.0,12,30612,买盘
2661,14:15:13,25.51,0.0,4,10204,买盘
2662,14:15:21,25.51,0.0,4,10204,卖盘
2663,14:15:31,25.51,0.0,16,40816,卖盘
2664,14:15:40,25.5,-0.01,61,155550,卖盘
2665,14:15:48,25.51,0.01,49,124999,买盘
2666,14:15:52,25.5,-0.01,50,127500,卖盘
2667,14:15:58,25.5,0.0,5,12750,卖盘
2668,14:16:04,25.5,0.0,8,20402,卖盘
2669,14:16:07,25.5,0.0,3,7650,卖盘
2670,14:16:09,25.5,0.0,2,5100,卖盘
2671,14:16:13,25.51,0.01,3,7653,买盘
2672,14:16:19,25.5,-0.01,8,20400,卖盘
2673,14:16:27,25.5,0.0,5,12750,卖盘
2674,14:16:31,25.5,0.0,4,10200,卖盘
2675,14:16:54,25.48,-0.02,8,20384,卖盘
2676,14:16:57,25.48,0.0,5,12740,买盘
2677,14:17:06,25.47,-0.01,3,7642,卖盘
2678,14:17:16,25.47,0.0,16,40752,卖盘
2679,14:17:21,25.47,0.0,2,5094,卖盘
2680,14:17:24,25.48,0.01,6,15288,买盘
2681,14:17:33,25.47,-0.01,1,2547,卖盘
2682,14:17:36,25.48,0.01,23,58604,买盘
2683,14:18:04,25.5,0.02,17,43350,买盘
2684,14:18:31,25.51,0.01,44,112244,买盘
2685,14:18:34,25.51,0.0,11,28061,买盘
2686,14:18:40,25.51,0.0,11,28061,卖盘
2687,14:18:51,25.51,0.0,10,25514,卖盘
2688,14:18:57,25.51,0.0,6,15306,买盘
2689,14:19:09,25.5,-0.01,1,2550,卖盘
2690,14:19:19,25.51,0.01,2,5102,买盘
2691,14:19:25,25.51,0.0,13,33173,卖盘
2692,14:19:28,25.51,0.0,2,5102,卖盘
2693,14:19:34,25.51,0.0,1,2551,卖盘
2694,14:19:37,25.52,0.01,14,35728,买盘
2695,14:20:04,25.51,-0.01,2,5104,卖盘
2696,14:20:21,25.5,-0.01,21,53565,卖盘
2697,14:20:30,25.54,0.04,3,7660,买盘
2698,14:20:34,25.51,-0.03,1,2551,卖盘
2699,14:20:37,25.5,-0.01,3,7650,卖盘
2700,14:20:49,25.5,0.0,29,73950,卖盘
2701,14:21:06,25.5,0.0,55,140250,卖盘
2702,14:21:10,25.5,0.0,2,5100,卖盘
2703,14:21:13,25.5,0.0,6,15300,卖盘
2704,14:21:21,25.51,0.01,27,68864,买盘
2705,14:21:34,25.51,0.0,14,35710,买盘
2706,14:21:37,25.5,-0.01,1,2550,中性盘
2707,14:22:16,25.5,0.0,2,5100,买盘
2708,14:22:22,25.5,0.0,5,12750,买盘
2709,14:22:27,25.48,-0.02,17,43323,卖盘
2710,14:22:43,25.48,0.0,7,17844,卖盘
2711,14:22:51,25.46,-0.02,18,45844,卖盘
2712,14:22:55,25.45,-0.01,3,7641,卖盘
2713,14:23:16,25.46,0.01,1,2546,卖盘
2714,14:23:31,25.45,-0.01,5,12725,卖盘
2715,14:23:36,25.46,0.01,1,2546,买盘
2716,14:23:39,25.45,-0.01,2,5090,卖盘
2717,14:23:48,25.45,0.0,48,122202,卖盘
2718,14:24:06,25.41,-0.04,57,144939,卖盘
2719,14:24:18,25.43,0.02,1,2543,卖盘
2720,14:24:25,25.43,0.0,8,20347,卖盘
2721,14:24:28,25.44,0.01,3,7632,买盘
2722,14:24:43,25.45,0.01,16,40718,买盘
2723,14:24:46,25.45,0.0,3,7635,买盘
2724,14:24:51,25.45,0.0,2,5090,买盘
2725,14:24:55,25.45,0.0,1,2545,买盘
2726,14:24:57,25.44,-0.01,21,53424,卖盘
2727,14:25:04,25.44,0.0,14,35616,买盘
2728,14:25:10,25.44,0.0,13,33063,买盘
2729,14:25:22,25.44,0.0,14,35612,买盘
2730,14:25:27,25.44,0.0,11,27984,买盘
2731,14:25:36,25.43,-0.01,14,35602,卖盘
2732,14:25:43,25.43,0.0,1,2543,卖盘
2733,14:25:49,25.41,-0.02,38,96566,卖盘
2734,14:25:52,25.41,0.0,23,58443,卖盘
2735,14:25:55,25.41,0.0,1,2541,买盘
2736,14:26:00,25.41,0.0,1,2541,买盘
2737,14:26:04,25.4,-0.01,4,10160,卖盘
2738,14:26:07,25.4,0.0,5,12700,卖盘
2739,14:26:10,25.41,0.01,25,63525,买盘
2740,14:26:24,25.41,0.0,7,17787,卖盘
2741,14:26:28,25.41,0.0,7,17787,买盘
2742,14:26:33,25.4,-0.01,26,66040,卖盘
2743,14:26:36,25.4,0.0,26,66040,卖盘
2744,14:26:39,25.41,0.01,16,40645,买盘
2745,14:26:49,25.41,0.0,4,10164,买盘
2746,14:26:58,25.4,-0.01,1,2540,卖盘
2747,14:27:04,25.4,0.0,83,210820,卖盘
2748,14:27:09,25.39,-0.01,4,10156,卖盘
2749,14:27:16,25.39,0.0,4,10156,卖盘
2750,14:27:19,25.4,0.01,22,55880,买盘
2751,14:27:22,25.39,-0.01,2,5078,卖盘
2752,14:27:28,25.39,0.0,11,27937,卖盘
2753,14:27:37,25.39,0.0,18,45697,买盘
2754,14:27:43,25.39,0.0,31,78709,卖盘
2755,14:27:46,25.38,-0.01,2,5076,卖盘
2756,14:27:52,25.39,0.01,19,48241,买盘
2757,14:27:54,25.39,0.0,6,15996,卖盘
2758,14:27:57,25.39,0.0,29,73631,卖盘
2759,14:28:01,25.39,0.0,31,78712,卖盘
2760,14:28:04,25.4,0.01,20,50785,买盘
2761,14:28:07,25.39,-0.01,6,15234,卖盘
2762,14:28:13,25.39,0.0,5,12695,卖盘
2763,14:28:15,25.39,0.0,16,40624,卖盘
2764,14:28:19,25.39,0.0,4,10156,卖盘
2765,14:28:34,25.4,0.01,2,5080,买盘
2766,14:28:37,25.4,0.0,5,12700,买盘
2767,14:28:43,25.4,0.0,9,22860,买盘
2768,14:28:46,25.4,0.0,62,157480,买盘
2769,14:28:49,25.4,0.0,10,25400,卖盘
2770,14:28:52,25.4,0.0,5,12700,中性盘
2771,14:29:04,25.4,0.0,8,20327,卖盘
2772,14:29:27,25.4,0.0,5,12700,卖盘
2773,14:29:33,25.4,0.0,5,12700,卖盘
2774,14:29:43,25.41,0.01,58,147330,买盘
2775,14:30:22,25.4,-0.01,10,25400,卖盘
2776,14:30:28,25.39,-0.01,11,27929,卖盘
2777,14:30:39,25.39,0.0,13,33007,卖盘
2778,14:30:42,25.39,0.0,127,322482,卖盘
2779,14:30:49,25.39,0.0,11,27929,卖盘
2780,14:30:51,25.39,0.0,1,2539,卖盘
2781,14:30:55,25.39,0.0,100,253138,卖盘
2782,14:31:04,25.38,-0.01,8,20304,卖盘
2783,14:31:16,25.37,-0.01,2,5074,卖盘
2784,14:31:19,25.37,0.0,5,12685,买盘
2785,14:31:22,25.36,-0.01,1,2536,卖盘
2786,14:31:28,25.36,0.0,13,32968,卖盘
2787,14:31:34,25.35,-0.01,10,25350,卖盘
