,time,price,change,volume,amount,type
0,09:30:04,14.3,0.0,2,2860,卖盘
1,09:30:10,14.3,0.0,16,22880,买盘
2,09:30:13,14.25,-0.05,3,4275,卖盘
3,09:30:25,14.3,0.05,6,8580,买盘
4,09:30:34,14.3,0.0,2,2859,买盘
5,09:30:37,14.3,0.0,1,1430,买盘
6,09:30:52,14.3,0.0,2,2860,买盘
7,09:31:04,14.3,0.0,1,1430,买盘
8,09:31:07,14.28,-0.02,4,5712,卖盘
9,09:31:13,14.28,0.0,2,2856,买盘
10,09:31:19,14.25,-0.03,17,24227,卖盘
11,09:31:25,14.25,0.0,13,18525,买盘
12,09:31:43,14.28,0.03,2,2856,买盘
13,09:31:49,14.25,-0.03,3,4275,卖盘
14,09:31:58,14.25,0.0,3,4275,买盘
15,09:32:07,14.28,0.03,1,1428,买盘
16,09:32:10,14.28,0.0,2,2856,买盘
17,09:32:13,14.25,-0.03,10,14251,卖盘
18,09:32:16,14.28,0.03,5,7140,买盘
19,09:32:19,14.28,0.0,2,2856,买盘
20,09:32:25,14.28,0.0,11,15708,卖盘
21,09:32:40,14.3,0.02,4,5720,买盘
22,09:32:43,14.3,0.0,2,2860,买盘
23,09:32:58,14.3,0.0,31,44330,买盘
24,09:33:07,14.3,0.0,39,55770,卖盘
25,09:33:13,14.35,0.05,1,1435,买盘
26,09:33:22,14.35,0.0,1,1435,买盘
27,09:33:28,14.36,0.01,10,14356,买盘
28,09:33:31,14.35,-0.01,2,2870,中性盘
29,09:33:37,14.35,0.0,11,15785,卖盘
30,09:33:40,14.35,0.0,26,37310,卖盘
31,09:33:43,14.34,-0.01,15,21510,买盘
32,09:33:46,14.3,-0.04,24,34378,卖盘
33,09:33:49,14.31,0.01,1,1431,中性盘
34,09:33:52,14.3,-0.01,10,14300,卖盘
35,09:33:55,14.33,0.03,58,82982,买盘
36,09:34:04,14.33,0.0,5,7164,买盘
37,09:34:07,14.31,-0.02,31,44361,卖盘
38,09:34:10,14.31,0.0,3,4293,买盘
39,09:34:13,14.31,0.0,2,2862,买盘
40,09:34:31,14.3,-0.01,133,190190,卖盘
41,09:34:34,14.3,0.0,5,7150,买盘
42,09:34:37,14.28,-0.02,2,2856,卖盘
43,09:34:43,14.3,0.02,2,2860,买盘
44,09:34:46,14.3,0.0,10,14296,买盘
45,09:34:52,14.28,-0.02,4,5714,卖盘
46,09:34:55,14.27,-0.01,6,8563,卖盘
47,09:35:13,14.27,0.0,2,2854,卖盘
48,09:35:19,14.27,0.0,18,25686,卖盘
49,09:35:22,14.25,-0.02,8,11404,卖盘
50,09:35:25,14.25,0.0,2,2850,卖盘
51,09:35:28,14.25,0.0,6,8550,卖盘
52,09:35:31,14.21,-0.04,15,21340,卖盘
53,09:35:34,14.21,0.0,4,5684,卖盘
54,09:35:37,14.21,0.0,5,7105,卖盘
55,09:35:40,14.19,-0.02,44,62506,卖盘
56,09:35:43,14.2,0.01,1,1420,中性盘
57,09:35:49,14.19,-0.01,11,15609,卖盘
58,09:35:58,14.18,-0.01,4,5672,卖盘
59,09:36:07,14.16,-0.02,5,7080,卖盘
60,09:36:22,14.16,0.0,3,4248,卖盘
61,09:36:25,14.18,0.02,2,2836,买盘
62,09:36:31,14.16,-0.02,19,26904,卖盘
63,09:36:37,14.16,0.0,5,7080,买盘
64,09:36:40,14.16,0.0,12,16992,买盘
65,09:36:43,14.18,0.02,14,19852,买盘
66,09:36:49,14.17,-0.01,29,41091,卖盘
67,09:36:52,14.17,0.0,69,97773,买盘
68,09:37:04,14.18,0.01,4,5672,卖盘
69,09:37:07,14.19,0.01,5,7095,买盘
70,09:37:16,14.19,0.0,1,1419,买盘
71,09:37:22,14.2,0.01,13,18448,买盘
72,09:37:28,14.19,-0.01,20,28399,卖盘
73,09:37:31,14.2,0.01,7,9940,中性盘
74,09:37:34,14.19,-0.01,10,14190,卖盘
75,09:37:49,14.19,0.0,2,2838,卖盘
76,09:37:58,14.27,0.08,2,2854,买盘
77,09:38:19,14.21,-0.06,1,1421,卖盘
78,09:38:22,14.19,-0.02,31,44017,卖盘
79,09:38:31,14.27,0.08,1,1427,买盘
80,09:38:49,14.26,-0.01,1,1426,买盘
81,09:38:52,14.26,0.0,2,2852,买盘
82,09:39:13,14.26,0.0,17,24242,买盘
83,09:39:19,14.27,0.01,17,24257,买盘
84,09:39:22,14.27,0.0,2,2854,买盘
85,09:39:34,14.26,-0.01,2,2852,卖盘
86,09:39:37,14.27,0.01,2,2854,买盘
87,09:39:49,14.27,0.0,1,1427,买盘
88,09:40:07,14.26,-0.01,1,1426,卖盘
89,09:40:19,14.26,0.0,1,1426,买盘
90,09:40:25,14.26,0.0,150,213900,买盘
91,09:40:31,14.27,0.01,3,4281,买盘
92,09:40:34,14.26,-0.01,17,24244,卖盘
93,09:40:37,14.27,0.01,17,24259,买盘
94,09:40:43,14.27,0.0,1,1427,买盘
95,09:40:46,14.27,0.0,10,14270,买盘
96,09:40:55,14.27,0.0,2,2854,买盘
97,09:40:58,14.27,0.0,11,15697,买盘
98,09:41:04,14.3,0.03,1,1430,买盘
99,09:41:16,14.3,0.0,9,12870,买盘
100,09:41:28,14.31,0.01,1,1431,买盘
101,09:41:34,14.31,0.0,4,5724,买盘
102,09:41:37,14.31,0.0,1,1431,买盘
103,09:41:43,14.31,0.0,1,1431,买盘
104,09:41:49,14.31,0.0,13,18603,买盘
105,09:41:55,14.35,0.04,30,42999,买盘
106,09:42:04,14.35,0.0,1,1435,买盘
107,09:42:07,14.35,0.0,2,2870,买盘
108,09:42:16,14.35,0.0,4,5740,买盘
109,09:42:19,14.35,0.0,1,1435,买盘
110,09:42:25,14.35,0.0,1,1435,买盘
111,09:42:28,14.35,0.0,1,1435,买盘
112,09:42:37,14.35,0.0,5,7175,买盘
113,09:42:46,14.35,0.0,11,15785,买盘
114,09:42:49,14.35,0.0,2,2870,买盘
115,09:42:52,14.32,-0.03,5,7160,卖盘
116,09:42:55,14.35,0.03,2,2870,买盘
117,09:43:10,14.35,0.0,1,1435,买盘
118,09:43:16,14.35,0.0,5,7175,买盘
119,09:43:19,14.35,0.0,1,1435,买盘
120,09:43:37,14.33,-0.02,5,7169,卖盘
121,09:44:07,14.34,0.01,1,1434,买盘
122,09:44:22,14.33,-0.01,5,7165,卖盘
123,09:44:25,14.34,0.01,1,1434,买盘
124,09:44:31,14.34,0.0,4,5736,买盘
125,09:44:34,14.34,0.0,17,24378,买盘
126,09:44:40,14.35,0.01,24,34440,买盘
127,09:44:43,14.35,0.0,9,12915,买盘
128,09:44:46,14.35,0.0,30,43036,买盘
129,09:44:49,14.34,-0.01,11,15783,卖盘
130,09:44:52,14.35,0.01,3,4305,买盘
131,09:44:55,14.35,0.0,7,10041,买盘
132,09:45:01,14.35,0.0,1,1435,买盘
133,09:45:04,14.35,0.0,15,21525,买盘
134,09:45:28,14.36,0.01,1,1436,买盘
135,09:45:34,14.35,-0.01,11,15785,卖盘
136,09:45:37,14.35,0.0,1,1435,买盘
137,09:45:49,14.33,-0.02,3,4299,卖盘
138,09:46:04,14.35,0.02,2,2870,买盘
139,09:46:25,14.34,-0.01,8,11472,卖盘
140,09:46:28,14.34,0.0,1,1434,买盘
141,09:46:37,14.34,0.0,3,4302,买盘
142,09:46:40,14.34,0.0,1,1434,买盘
143,09:46:46,14.34,0.0,1,1434,买盘
144,09:46:49,14.34,0.0,2,2868,买盘
145,09:46:52,14.34,0.0,2,2868,买盘
146,09:46:55,14.34,0.0,2,2868,买盘
147,09:46:58,14.35,0.01,35,50225,买盘
148,09:47:04,14.36,0.01,7,10052,买盘
149,09:47:07,14.36,0.0,7,10052,买盘
150,09:47:10,14.36,0.0,4,5744,买盘
151,09:47:13,14.36,0.0,3,4308,买盘
152,09:47:16,14.36,0.0,10,14360,买盘
153,09:47:19,14.37,0.01,9,12933,买盘
154,09:47:28,14.39,0.02,1,1439,买盘
155,09:47:43,14.4,0.01,50,72000,买盘
156,09:47:49,14.42,0.02,2,2884,买盘
157,09:47:52,14.42,0.0,18,25956,买盘
158,09:47:55,14.42,0.0,11,15862,买盘
159,09:47:58,14.43,0.01,10,14426,买盘
160,09:48:04,14.43,0.0,14,20192,买盘
161,09:48:07,14.45,0.02,9,13005,买盘
162,09:48:13,14.43,-0.02,16,23090,卖盘
163,09:48:16,14.43,0.0,1,1443,卖盘
164,09:48:19,14.46,0.03,2,2892,买盘
165,09:48:22,14.46,0.0,10,14460,买盘
166,09:48:25,14.45,-0.01,6,8670,卖盘
167,09:48:28,14.46,0.01,30,43380,买盘
168,09:48:31,14.47,0.01,20,28940,买盘
169,09:48:34,14.46,-0.01,55,79532,卖盘
170,09:48:37,14.46,0.0,9,13014,卖盘
171,09:48:40,14.47,0.01,25,36159,买盘
172,09:48:43,14.47,0.0,53,76661,买盘
173,09:48:49,14.46,-0.01,94,135924,卖盘
174,09:48:55,14.47,0.01,62,89681,买盘
175,09:48:58,14.47,0.0,3,4341,买盘
176,09:49:01,14.5,0.03,110,159435,买盘
177,09:49:07,14.5,0.0,3,4350,卖盘
178,09:49:13,14.52,0.02,9,13066,买盘
179,09:49:16,14.5,-0.02,232,336430,卖盘
180,09:49:19,14.51,0.01,2,2902,中性盘
181,09:49:22,14.5,-0.01,17,24657,卖盘
182,09:49:25,14.5,0.0,41,59450,卖盘
183,09:49:28,14.52,0.02,98,142069,买盘
184,09:49:31,14.5,-0.02,38,55144,中性盘
185,09:49:37,14.46,-0.04,1,1446,买盘
186,09:49:43,14.46,0.0,11,15906,买盘
187,09:49:46,14.46,0.0,5,7230,买盘
188,09:49:49,14.46,0.0,2,2892,买盘
189,09:49:52,14.45,-0.01,4,5780,卖盘
190,09:49:55,14.46,0.01,8,11568,买盘
191,09:50:16,14.48,0.02,6,8688,买盘
192,09:50:19,14.46,-0.02,25,36160,卖盘
193,09:50:25,14.48,0.02,6,8688,买盘
194,09:50:28,14.48,0.0,3,4344,买盘
195,09:50:31,14.48,0.0,5,7240,卖盘
196,09:50:37,14.48,0.0,8,11584,卖盘
197,09:50:40,14.49,0.01,4,5793,买盘
198,09:50:46,14.5,0.01,3,4349,买盘
199,09:50:49,14.49,-0.01,3,4347,买盘
200,09:50:52,14.49,0.0,3,4347,买盘
201,09:50:55,14.52,0.03,111,161016,买盘
202,09:51:01,14.49,-0.03,10,14490,卖盘
203,09:51:10,14.49,0.0,10,14499,卖盘
204,09:51:13,14.51,0.02,3,4353,买盘
205,09:51:16,14.51,0.0,20,29020,卖盘
206,09:51:19,14.51,0.0,6,8706,卖盘
207,09:51:22,14.51,0.0,7,10157,卖盘
208,09:51:25,14.51,0.0,4,5804,卖盘
209,09:51:28,14.51,0.0,1,1451,买盘
210,09:51:31,14.51,0.0,38,55107,买盘
211,09:51:34,14.51,0.0,17,24664,买盘
212,09:51:37,14.51,0.0,45,65295,买盘
213,09:51:40,14.5,-0.01,5,7250,卖盘
214,09:51:46,14.51,0.01,38,55138,买盘
215,09:51:49,14.52,0.01,2,2904,买盘
216,09:51:52,14.51,-0.01,18,26118,卖盘
217,09:51:55,14.51,0.0,17,24667,买盘
218,09:52:01,14.52,0.01,4,5808,买盘
219,09:52:04,14.51,-0.01,30,43540,卖盘
220,09:52:07,14.52,0.01,50,72599,买盘
221,09:52:16,14.51,-0.01,1,1451,买盘
222,09:52:19,14.51,0.0,22,31922,买盘
223,09:52:22,14.51,0.0,50,72550,买盘
224,09:52:25,14.51,0.0,2,2902,买盘
225,09:52:28,14.51,0.0,8,11608,中性盘
226,09:52:31,14.5,-0.01,100,145000,卖盘
227,09:52:40,14.51,0.01,2,2902,买盘
228,09:52:43,14.5,-0.01,22,31900,卖盘
229,09:52:46,14.5,0.0,44,63830,卖盘
230,09:52:49,14.5,0.0,3,4351,卖盘
231,09:52:52,14.51,0.01,6,8706,买盘
232,09:52:58,14.5,-0.01,37,53669,卖盘
233,09:53:01,14.5,0.0,1,1450,卖盘
234,09:53:10,14.5,0.0,2,2900,买盘
235,09:53:13,14.49,-0.01,14,20296,卖盘
236,09:53:22,14.49,0.0,16,23184,卖盘
237,09:53:25,14.49,0.0,1,1449,买盘
238,09:53:28,14.47,-0.02,2,2894,卖盘
239,09:53:34,14.47,0.0,3,4341,卖盘
240,09:53:46,14.46,-0.01,23,33258,卖盘
241,09:53:52,14.46,0.0,20,28920,卖盘
242,09:53:55,14.49,0.03,2,2896,买盘
243,09:53:58,14.46,-0.03,50,72300,卖盘
244,09:54:04,14.46,0.0,1,1446,卖盘
245,09:54:10,14.47,0.01,11,15917,买盘
246,09:54:13,14.46,-0.01,15,21690,卖盘
247,09:54:22,14.46,0.0,3,4338,卖盘
248,09:54:25,14.47,0.01,1,1447,买盘
249,09:54:34,14.45,-0.02,2,2890,卖盘
250,09:54:40,14.46,0.01,41,59286,买盘
251,09:54:46,14.45,-0.01,18,26010,卖盘
252,09:54:49,14.46,0.01,2,2892,买盘
253,09:54:52,14.46,0.0,11,15905,买盘
254,09:54:55,14.43,-0.03,7,10113,卖盘
255,09:55:04,14.46,0.03,28,40488,买盘
256,09:55:19,14.43,-0.03,20,28860,卖盘
257,09:55:49,14.46,0.03,7,10117,买盘
258,09:56:16,14.46,0.0,8,11568,买盘
259,09:56:19,14.46,0.0,2,2892,买盘
260,09:56:25,14.45,-0.01,9,13005,卖盘
261,09:56:43,14.46,0.01,6,8674,买盘
262,09:56:46,14.41,-0.05,200,288552,卖盘
263,09:56:52,14.45,0.04,1,1445,买盘
264,09:57:13,14.45,0.0,2,2890,买盘
265,09:57:19,14.45,0.0,2,2890,买盘
266,09:57:25,14.45,0.0,1,1445,买盘
267,09:57:52,14.43,-0.02,1,1443,买盘
268,09:57:55,14.41,-0.02,10,14410,卖盘
269,09:58:13,14.41,0.0,12,17292,卖盘
270,09:58:40,14.42,0.01,21,30282,卖盘
271,09:58:43,14.44,0.02,316,455365,买盘
272,09:58:49,14.38,-0.06,57,82303,卖盘
273,09:58:52,14.45,0.07,1,1445,买盘
274,09:59:52,14.42,-0.03,1,1442,卖盘
275,10:00:01,14.42,0.0,2,2884,买盘
276,10:00:25,14.42,0.0,1,1442,买盘
277,10:00:28,14.42,0.0,1,1442,买盘
278,10:00:43,14.41,-0.01,10,14410,买盘
279,10:00:49,14.41,0.0,1,1441,买盘
280,10:01:10,14.41,0.0,1,1441,买盘
281,10:01:13,14.42,0.01,20,28839,买盘
282,10:01:28,14.42,0.0,12,17304,买盘
283,10:01:34,14.42,0.0,5,7210,买盘
284,10:01:46,14.42,0.0,2,2884,买盘
285,10:01:52,14.42,0.0,1,1442,买盘
286,10:01:55,14.45,0.03,40,57800,买盘
287,10:02:16,14.45,0.0,22,31790,买盘
288,10:02:22,14.45,0.0,17,24565,买盘
289,10:02:25,14.45,0.0,1,1445,买盘
290,10:02:37,14.45,0.0,8,11560,卖盘
291,10:02:49,14.46,0.01,15,21690,买盘
292,10:03:46,14.47,0.01,1,1447,卖盘
293,10:03:52,14.47,0.0,10,14470,卖盘
294,10:03:55,14.48,0.01,1,1448,买盘
295,10:04:10,14.46,-0.02,77,111389,卖盘
296,10:04:46,14.46,0.0,4,5784,卖盘
297,10:04:52,14.46,0.0,1,1446,卖盘
298,10:05:07,14.46,0.0,3,4338,卖盘
299,10:05:13,14.46,0.0,1,1446,卖盘
300,10:05:34,14.46,0.0,1,1446,卖盘
301,10:05:43,14.46,0.0,20,28920,卖盘
302,10:06:04,14.46,0.0,21,30366,卖盘
303,10:06:10,14.47,0.01,1,1447,买盘
304,10:06:13,14.46,-0.01,8,11570,卖盘
305,10:06:16,14.47,0.01,3,4342,中性盘
306,10:06:22,14.46,-0.01,21,30366,卖盘
307,10:06:28,14.46,0.0,29,41934,卖盘
308,10:06:34,14.46,0.0,7,10122,卖盘
309,10:06:40,14.45,-0.01,8,11560,卖盘
310,10:06:46,14.45,0.0,13,18785,卖盘
311,10:07:25,14.42,-0.03,7,10094,卖盘
312,10:08:01,14.4,-0.02,5,7200,卖盘
313,10:08:04,14.4,0.0,4,5760,卖盘
314,10:08:10,14.42,0.02,3,4326,买盘
315,10:08:16,14.4,-0.02,4,5760,卖盘
316,10:08:31,14.4,0.0,38,54721,卖盘
317,10:08:49,14.4,0.0,4,5760,卖盘
318,10:08:58,14.4,0.0,10,14400,买盘
319,10:09:10,14.4,0.0,10,14400,买盘
320,10:09:49,14.4,0.0,20,28800,买盘
321,10:09:58,14.4,0.0,6,8640,买盘
322,10:10:40,14.4,0.0,77,110880,卖盘
323,10:10:46,14.4,0.0,1,1440,买盘
324,10:10:58,14.4,0.0,9,12960,买盘
325,10:11:04,14.39,-0.01,29,41731,卖盘
326,10:11:10,14.38,-0.01,64,92032,卖盘
327,10:11:28,14.38,0.0,62,89156,卖盘
328,10:11:40,14.37,-0.01,55,79035,卖盘
329,10:11:46,14.38,0.01,46,66147,买盘
330,10:12:04,14.39,0.01,16,23024,买盘
331,10:12:37,14.39,0.0,5,7195,卖盘
332,10:13:58,14.4,0.01,12,17280,卖盘
333,10:15:58,14.4,0.0,20,28800,买盘
334,10:16:19,14.4,0.0,20,28800,买盘
335,10:16:34,14.39,-0.01,12,17268,卖盘
336,10:16:43,14.4,0.01,10,14400,买盘
337,10:17:37,14.4,0.0,8,11520,卖盘
338,10:18:04,14.39,-0.01,8,11512,卖盘
339,10:18:31,14.4,0.01,1,1440,买盘
340,10:18:49,14.39,-0.01,17,24479,卖盘
341,10:18:52,14.39,0.0,7,10073,卖盘
342,10:19:19,14.39,0.0,16,23024,卖盘
343,10:19:46,14.4,0.01,7,10079,买盘
344,10:20:10,14.39,-0.01,22,31658,卖盘
345,10:20:31,14.38,-0.01,3,4314,卖盘
346,10:20:43,14.38,0.0,32,46016,卖盘
347,10:20:46,14.37,-0.01,8,11496,卖盘
348,10:21:16,14.36,-0.01,70,100520,卖盘
349,10:21:22,14.36,0.0,61,87596,卖盘
350,10:21:34,14.36,0.0,9,12924,卖盘
351,10:21:49,14.34,-0.02,30,43046,卖盘
352,10:21:55,14.36,0.02,2,2872,买盘
353,10:22:04,14.34,-0.02,7,10038,卖盘
354,10:22:13,14.35,0.01,2,2870,卖盘
355,10:22:16,14.35,0.0,27,38745,卖盘
356,10:22:19,14.36,0.01,1,1436,买盘
357,10:22:40,14.36,0.0,16,22976,买盘
358,10:22:43,14.35,-0.01,2,2870,卖盘
359,10:22:46,14.36,0.01,5,7180,买盘
360,10:22:55,14.35,-0.01,1,1435,卖盘
361,10:22:58,14.33,-0.02,109,156301,卖盘
362,10:23:01,14.32,-0.01,1,1432,买盘
363,10:23:31,14.32,0.0,2,2864,买盘
364,10:23:37,14.32,0.0,9,12884,买盘
365,10:23:43,14.32,0.0,46,65872,买盘
366,10:24:19,14.35,0.03,3,4305,买盘
367,10:24:25,14.35,0.0,4,5740,买盘
368,10:24:37,14.35,0.0,1,1435,买盘
369,10:24:43,14.35,0.0,10,14350,买盘
370,10:24:49,14.35,0.0,1,1435,买盘
371,10:25:16,14.36,0.01,15,21540,买盘
372,10:25:42,14.36,0.0,2,2872,卖盘
373,10:27:13,14.36,0.0,11,15796,买盘
374,10:27:15,14.36,0.0,24,34464,买盘
375,10:27:34,14.36,0.0,10,14360,买盘
376,10:27:58,14.36,0.0,15,21540,买盘
377,10:28:07,14.36,0.0,7,10052,卖盘
378,10:28:13,14.36,0.0,13,18668,卖盘
379,10:28:24,14.36,0.0,23,33028,卖盘
380,10:28:43,14.35,-0.01,1,1435,卖盘
381,10:28:55,14.36,0.01,5,7180,卖盘
382,10:29:19,14.35,-0.01,1,1435,卖盘
383,10:29:34,14.35,0.0,13,18655,卖盘
384,10:30:40,14.35,0.0,5,7175,买盘
385,10:30:49,14.34,-0.01,3,4302,卖盘
386,10:30:52,14.34,0.0,37,53078,卖盘
387,10:30:57,14.34,0.0,4,5736,卖盘
388,10:31:22,14.34,0.0,2,2868,买盘
389,10:31:24,14.33,-0.01,1,1433,卖盘
390,10:31:43,14.33,0.0,55,78815,卖盘
391,10:31:55,14.33,0.0,5,7165,卖盘
392,10:32:07,14.31,-0.02,49,70142,卖盘
393,10:33:42,14.32,0.01,19,27208,买盘
394,10:34:01,14.32,0.0,20,28640,买盘
395,10:34:16,14.32,0.0,2,2864,买盘
396,10:34:22,14.32,0.0,4,5728,买盘
397,10:34:34,14.32,0.0,2,2864,卖盘
398,10:34:43,14.33,0.01,16,22928,买盘
399,10:34:52,14.32,-0.01,1,1432,卖盘
400,10:34:55,14.33,0.01,4,5732,买盘
401,10:35:10,14.3,-0.03,76,108747,卖盘
402,10:35:55,14.3,0.0,8,11440,卖盘
403,10:35:58,14.3,0.0,1,1430,中性盘
404,10:36:04,14.3,0.0,1,1430,卖盘
405,10:36:13,14.28,-0.02,2,2856,卖盘
406,10:36:28,14.3,0.02,8,11440,买盘
407,10:36:37,14.3,0.0,2,2860,卖盘
408,10:36:46,14.28,-0.02,8,11426,卖盘
409,10:36:49,14.28,0.0,1,1428,卖盘
410,10:36:55,14.28,0.0,2,2856,卖盘
411,10:37:04,14.28,0.0,8,11424,卖盘
412,10:37:10,14.27,-0.01,8,11416,卖盘
413,10:37:13,14.26,-0.01,15,21397,卖盘
414,10:37:22,14.26,0.0,13,18538,卖盘
415,10:37:31,14.25,-0.01,5,7125,卖盘
416,10:37:43,14.25,0.0,23,32775,卖盘
417,10:37:52,14.21,-0.04,20,28421,卖盘
418,10:37:58,14.25,0.04,10,14243,买盘
419,10:38:22,14.26,0.01,6,8556,买盘
420,10:38:25,14.26,0.0,1,1426,买盘
421,10:38:49,14.32,0.06,5,7160,买盘
422,10:39:22,14.27,-0.05,4,5708,卖盘
423,10:39:37,14.31,0.04,186,266166,卖盘
424,10:41:13,14.28,-0.03,3,4284,买盘
425,10:41:55,14.27,-0.01,4,5708,卖盘
426,10:42:16,14.28,0.01,1,1428,买盘
427,10:42:52,14.27,-0.01,2,2854,买盘
428,10:42:57,14.26,-0.01,28,39937,卖盘
429,10:43:13,14.25,-0.01,5,7125,中性盘
430,10:43:25,14.24,-0.01,35,49845,卖盘
431,10:43:37,14.24,0.0,5,7120,买盘
432,10:43:40,14.24,0.0,3,4272,买盘
433,10:43:49,14.24,0.0,1,1424,买盘
434,10:43:58,14.23,-0.01,18,25614,卖盘
435,10:44:01,14.23,0.0,12,17072,买盘
436,10:44:07,14.23,0.0,1,1423,买盘
437,10:44:13,14.21,-0.02,60,85274,卖盘
438,10:44:16,14.24,0.03,8,11388,买盘
439,10:44:28,14.28,0.04,6,8556,买盘
440,10:44:31,14.22,-0.06,5,7113,卖盘
441,10:45:28,14.22,0.0,10,14224,卖盘
442,10:46:10,14.23,0.01,10,14230,卖盘
443,10:46:37,14.27,0.04,1,1427,买盘
444,10:47:49,14.27,0.0,12,17124,买盘
445,10:47:55,14.27,0.0,1,1427,卖盘
446,10:48:01,14.27,0.0,3,4281,卖盘
447,10:48:04,14.27,0.0,4,5708,卖盘
448,10:48:07,14.27,0.0,2,2854,卖盘
449,10:48:10,14.27,0.0,7,9989,卖盘
450,10:48:13,14.27,0.0,4,5708,卖盘
451,10:48:16,14.27,0.0,2,2854,卖盘
452,10:48:19,14.27,0.0,3,4281,卖盘
453,10:48:21,14.27,0.0,1,1427,卖盘
454,10:48:24,14.27,0.0,1,1427,卖盘
455,10:48:27,14.27,0.0,1,1427,卖盘
456,10:48:31,14.27,0.0,1,1427,卖盘
457,10:48:34,14.27,0.0,1,1427,卖盘
458,10:48:37,14.27,0.0,1,1427,卖盘
459,10:48:40,14.27,0.0,16,22832,卖盘
460,10:48:49,14.25,-0.02,14,19950,卖盘
461,10:49:46,14.27,0.02,18,25686,买盘
462,10:49:58,14.28,0.01,2,2856,买盘
463,10:50:04,14.28,0.0,1,1428,买盘
464,10:50:07,14.27,-0.01,3,4281,卖盘
465,10:50:10,14.28,0.01,4,5712,买盘
466,10:50:16,14.28,0.0,20,28560,买盘
467,10:50:31,14.28,0.0,25,35700,买盘
468,10:50:34,14.28,0.0,4,5712,买盘
469,10:50:40,14.28,0.0,36,51408,买盘
470,10:50:49,14.28,0.0,12,17136,买盘
471,10:50:55,14.28,0.0,7,9996,买盘
472,10:51:13,14.28,0.0,74,105672,买盘
473,10:52:33,14.31,0.03,1,1431,卖盘
474,10:52:36,14.33,0.02,9,12897,买盘
475,10:52:40,14.31,-0.02,3,4293,卖盘
476,10:53:16,14.33,0.02,6,8598,买盘
477,10:53:24,14.34,0.01,1,1434,买盘
478,10:53:43,14.34,0.0,1,1434,买盘
479,10:53:58,14.35,0.01,13,18655,卖盘
480,10:54:16,14.39,0.04,22,31649,买盘
481,10:54:40,14.38,-0.01,6,8628,买盘
482,10:54:46,14.35,-0.03,12,17220,卖盘
483,10:54:48,14.35,0.0,8,11480,卖盘
484,10:54:55,14.34,-0.01,4,5736,卖盘
485,10:55:01,14.33,-0.01,2,2866,卖盘
486,10:55:31,14.33,0.0,10,14330,卖盘
487,10:56:04,14.33,0.0,10,14330,卖盘
488,10:56:55,14.33,0.0,5,7165,卖盘
489,10:57:34,14.33,0.0,13,18629,买盘
490,10:59:43,14.33,0.0,19,27227,卖盘
491,10:59:52,14.33,0.0,2,2866,卖盘
492,10:59:55,14.33,0.0,35,50155,卖盘
493,11:00:01,14.33,0.0,1,1433,卖盘
494,11:00:04,14.33,0.0,1,1433,卖盘
495,11:00:10,14.33,0.0,24,34392,卖盘
496,11:00:34,14.31,-0.02,1,1431,卖盘
497,11:00:36,14.31,0.0,1,1431,卖盘
498,11:00:40,14.31,0.0,3,4293,卖盘
499,11:02:33,14.31,0.0,10,14310,买盘
500,11:02:55,14.3,-0.01,1,1430,卖盘
501,11:03:31,14.29,-0.01,4,5716,卖盘
502,11:04:04,14.3,0.01,2,2860,买盘
503,11:04:37,14.3,0.0,2,2860,买盘
504,11:04:55,14.3,0.0,4,5720,卖盘
505,11:05:37,14.3,0.0,10,14300,卖盘
506,11:06:00,14.3,0.0,6,8580,卖盘
507,11:06:52,14.3,0.0,20,28600,卖盘
508,11:07:16,14.29,-0.01,5,7145,买盘
509,11:07:55,14.27,-0.02,43,61373,卖盘
510,11:07:58,14.28,0.01,8,11424,买盘
511,11:08:01,14.29,0.01,5,7145,卖盘
512,11:08:04,14.29,0.0,1,1429,卖盘
513,11:08:22,14.29,0.0,1,1429,买盘
514,11:08:37,14.27,-0.02,24,34248,卖盘
515,11:09:07,14.27,0.0,3,4281,卖盘
516,11:10:19,14.27,0.0,14,19978,卖盘
517,11:10:43,14.3,0.03,1,1430,买盘
518,11:12:22,14.3,0.0,1,1430,买盘
519,11:12:31,14.28,-0.02,5,7140,卖盘
520,11:13:13,14.28,0.0,7,9996,卖盘
521,11:13:51,14.28,0.0,12,17136,卖盘
522,11:14:04,14.28,0.0,6,8568,买盘
523,11:14:49,14.28,0.0,10,14280,卖盘
524,11:15:13,14.28,0.0,1,1428,卖盘
525,11:15:19,14.28,0.0,4,5712,卖盘
526,11:15:25,14.27,-0.01,4,5708,卖盘
527,11:15:34,14.27,0.0,2,2854,卖盘
528,11:15:37,14.26,-0.01,71,101309,卖盘
529,11:15:43,14.26,0.0,13,18538,卖盘
530,11:15:46,14.26,0.0,36,51336,卖盘
531,11:15:49,14.26,0.0,7,9982,卖盘
532,11:15:52,14.26,0.0,21,29946,卖盘
533,11:15:55,14.25,-0.01,64,91200,卖盘
534,11:16:06,14.25,0.0,4,5700,卖盘
535,11:16:10,14.26,0.01,2,2852,买盘
536,11:16:28,14.25,-0.01,49,69825,卖盘
537,11:16:46,14.26,0.01,2,2852,买盘
538,11:17:07,14.25,-0.01,30,42750,卖盘
539,11:18:06,14.26,0.01,1,1426,买盘
540,11:18:28,14.26,0.0,18,25668,买盘
541,11:18:34,14.26,0.0,1,1426,买盘
542,11:19:28,14.26,0.0,10,14260,卖盘
543,11:21:21,14.28,0.02,6,8568,买盘
544,11:21:58,14.28,0.0,20,28560,买盘
545,11:23:31,14.28,0.0,1,1428,买盘
546,11:23:37,14.27,-0.01,13,18554,卖盘
547,11:25:43,14.3,0.03,5,7150,买盘
548,11:26:28,14.3,0.0,9,12870,买盘
549,11:26:40,14.29,-0.01,3,4287,卖盘
550,11:26:52,14.29,0.0,4,5716,卖盘
551,11:27:07,14.28,-0.01,31,44268,卖盘
552,11:27:19,14.28,0.0,5,7140,买盘
553,11:29:00,14.27,-0.01,6,8562,卖盘
554,11:29:22,14.26,-0.01,7,9982,卖盘
555,13:00:07,14.26,0.0,77,109851,卖盘
556,13:00:25,14.27,0.01,70,99890,卖盘
557,13:01:22,14.26,-0.01,2,2852,卖盘
558,13:01:37,14.26,0.0,31,44206,卖盘
559,13:02:39,14.25,-0.01,1,1425,卖盘
560,13:03:03,14.25,0.0,1,1425,卖盘
561,13:03:10,14.25,0.0,8,11400,卖盘
562,13:03:16,14.25,0.0,5,7125,卖盘
563,13:03:49,14.25,0.0,98,139650,卖盘
564,13:03:55,14.24,-0.01,2,2848,卖盘
565,13:04:46,14.24,0.0,4,5696,卖盘
566,13:05:19,14.22,-0.02,7,9962,卖盘
567,13:05:37,14.22,0.0,33,46926,卖盘
568,13:05:49,14.22,0.0,10,14220,卖盘
569,13:06:01,14.21,-0.01,3,4263,卖盘
570,13:06:10,14.21,0.0,16,22736,卖盘
571,13:06:19,14.21,0.0,100,142100,卖盘
572,13:06:34,14.2,-0.01,24,34080,卖盘
573,13:06:40,14.2,0.0,74,105080,卖盘
574,13:06:51,14.2,0.0,34,48280,卖盘
575,13:07:01,14.21,0.01,23,32662,买盘
576,13:07:04,14.21,0.0,7,9947,买盘
577,13:07:22,14.2,-0.01,7,9940,卖盘
578,13:07:31,14.2,0.0,22,31240,卖盘
579,13:07:40,14.2,0.0,10,14200,卖盘
580,13:07:43,14.21,0.01,20,28420,买盘
581,13:07:49,14.21,0.0,1,1421,买盘
582,13:07:54,14.21,0.0,1,1421,买盘
583,13:08:01,14.2,-0.01,26,36928,卖盘
584,13:08:07,14.2,0.0,10,14200,卖盘
585,13:08:10,14.21,0.01,10,14210,买盘
586,13:08:22,14.21,0.0,2,2842,买盘
587,13:08:28,14.21,0.0,3,4263,买盘
588,13:08:36,14.2,-0.01,1,1420,卖盘
589,13:09:09,14.2,0.0,6,8520,卖盘
590,13:09:46,14.21,0.01,10,14210,买盘
591,13:09:55,14.21,0.0,10,14210,买盘
592,13:10:04,14.21,0.0,28,39788,买盘
593,13:10:28,14.21,0.0,18,25578,卖盘
594,13:10:55,14.21,0.0,1,1421,卖盘
595,13:11:21,14.2,-0.01,5,7103,卖盘
596,13:11:40,14.22,0.02,1,1422,买盘
597,13:11:58,14.22,0.0,18,25615,卖盘
598,13:12:04,14.22,0.0,9,12798,买盘
599,13:12:16,14.22,0.0,41,58316,卖盘
600,13:12:22,14.22,0.0,4,5688,买盘
601,13:12:28,14.22,0.0,5,7110,买盘
602,13:12:31,14.22,0.0,4,5688,卖盘
603,13:14:10,14.24,0.02,1,1424,中性盘
604,13:15:04,14.24,0.0,10,14240,卖盘
605,13:16:04,14.24,0.0,4,5696,卖盘
606,13:16:13,14.28,0.04,33,47123,买盘
607,13:16:16,14.24,-0.04,8,11392,卖盘
608,13:16:19,14.24,0.0,15,21360,卖盘
609,13:16:31,14.24,0.0,2,2848,卖盘
610,13:17:07,14.25,0.01,5,7125,卖盘
611,13:17:25,14.25,0.0,4,5700,买盘
612,13:17:40,14.25,0.0,2,2850,卖盘
613,13:17:58,14.25,0.0,1,1425,买盘
614,13:18:13,14.24,-0.01,12,17088,卖盘
615,13:18:18,14.23,-0.01,8,11384,卖盘
616,13:18:34,14.22,-0.01,3,4266,卖盘
617,13:18:52,14.22,0.0,4,5688,卖盘
618,13:19:19,14.22,0.0,9,12798,卖盘
619,13:19:22,14.22,0.0,11,15642,卖盘
620,13:19:46,14.21,-0.01,6,8526,卖盘
621,13:19:55,14.2,-0.01,11,15621,卖盘
622,13:20:13,14.2,0.0,1,1420,卖盘
623,13:20:16,14.2,0.0,23,32660,卖盘
624,13:20:22,14.2,0.0,2,2840,卖盘
625,13:20:31,14.2,0.0,19,26980,买盘
626,13:20:46,14.18,-0.02,26,36869,卖盘
627,13:20:52,14.15,-0.03,200,283188,卖盘
628,13:21:40,14.17,0.02,2,2834,买盘
629,13:21:49,14.16,-0.01,1,1416,卖盘
630,13:21:52,14.17,0.01,5,7085,买盘
631,13:21:55,14.15,-0.02,5,7079,卖盘
632,13:21:58,14.17,0.02,1,1417,买盘
633,13:22:04,14.18,0.01,2,2836,买盘
634,13:22:07,14.18,0.0,19,26942,买盘
635,13:22:10,14.17,-0.01,13,18421,卖盘
636,13:22:13,14.18,0.01,4,5672,买盘
637,13:22:19,14.17,-0.01,6,8505,卖盘
638,13:22:22,14.18,0.01,9,12762,买盘
639,13:22:39,14.16,-0.02,19,26926,卖盘
640,13:22:46,14.19,0.03,5,7095,卖盘
641,13:23:46,14.18,-0.01,59,83713,卖盘
642,13:24:04,14.18,0.0,10,14180,买盘
643,13:24:37,14.16,-0.02,40,56658,卖盘
644,13:25:07,14.16,0.0,10,12758,买盘
645,13:25:13,14.16,0.0,2,2832,买盘
646,13:25:19,14.15,-0.01,50,70750,卖盘
647,13:25:22,14.15,0.0,2,2830,买盘
648,13:25:31,14.16,0.01,20,28314,买盘
649,13:25:49,14.16,0.0,4,7066,买盘
650,13:26:46,14.16,0.0,3,4248,卖盘
651,13:26:52,14.16,0.0,5,7080,卖盘
652,13:26:55,14.17,0.01,8,11336,买盘
653,13:27:10,14.17,0.0,15,21255,卖盘
654,13:27:46,14.18,0.01,6,8508,买盘
655,13:28:04,14.18,0.0,2,2836,买盘
656,13:28:07,14.17,-0.01,2,2834,卖盘
657,13:28:09,14.18,0.01,4,5672,买盘
658,13:28:13,14.18,0.0,8,11344,买盘
659,13:28:34,14.18,0.0,2,2836,买盘
660,13:29:43,14.18,0.0,1,1418,卖盘
661,13:30:04,14.18,0.0,6,8508,卖盘
662,13:31:13,14.18,0.0,17,24111,卖盘
663,13:32:46,14.18,0.0,7,9926,卖盘
664,13:33:31,14.18,0.0,3,4254,买盘
665,13:33:34,14.17,-0.01,10,14170,卖盘
666,13:34:01,14.17,0.0,10,14170,卖盘
667,13:34:22,14.17,0.0,6,8502,卖盘
668,13:34:58,14.17,0.0,70,99192,卖盘
669,13:35:25,14.19,0.02,87,123406,买盘
670,13:36:04,14.17,-0.02,10,14172,卖盘
671,13:36:10,14.18,0.01,1,1418,买盘
672,13:36:16,14.18,0.0,1,1418,买盘
673,13:36:22,14.17,-0.01,20,28346,卖盘
674,13:36:46,14.18,0.01,2,2836,卖盘
675,13:36:49,14.19,0.01,12,17028,买盘
676,13:36:57,14.17,-0.02,5,7085,卖盘
677,13:37:04,14.18,0.01,3,4254,买盘
678,13:37:13,14.19,0.01,8,11352,买盘
679,13:37:22,14.19,0.0,5,7095,买盘
680,13:37:28,14.17,-0.02,3,4252,卖盘
681,13:37:37,14.18,0.01,13,18434,买盘
682,13:38:13,14.17,-0.01,4,5668,卖盘
683,13:38:22,14.18,0.01,1,1418,买盘
684,13:38:37,14.18,0.0,58,82244,买盘
685,13:39:13,14.19,0.01,16,22704,买盘
686,13:39:31,14.19,0.0,37,52503,买盘
687,13:39:37,14.19,0.0,8,11352,买盘
688,13:39:58,14.2,0.01,2,2840,买盘
689,13:40:10,14.2,0.0,25,35500,买盘
690,13:40:21,14.23,0.03,1,1423,买盘
691,13:40:28,14.21,-0.02,3,4263,卖盘
692,13:41:10,14.23,0.02,19,27037,买盘
693,13:41:31,14.25,0.02,6,8550,买盘
694,13:42:51,14.25,0.0,5,7125,卖盘
695,13:42:58,14.27,0.02,5,7131,买盘
696,13:43:04,14.2,-0.07,31,44083,卖盘
697,13:43:16,14.21,0.01,1,1421,卖盘
698,13:44:46,14.26,0.05,1,1426,买盘
699,13:44:55,14.26,0.0,24,34224,买盘
700,13:45:16,14.26,0.0,19,27094,买盘
701,13:46:37,14.26,0.0,2,2852,卖盘
702,13:46:39,14.27,0.01,10,14270,买盘
703,13:46:49,14.26,-0.01,25,35650,卖盘
704,13:47:52,14.25,-0.01,1,1425,卖盘
705,13:49:46,14.25,0.0,60,85500,买盘
706,13:49:57,14.24,-0.01,5,7120,卖盘
707,13:50:07,14.24,0.0,4,5696,卖盘
708,13:50:12,14.23,-0.01,1,1423,卖盘
709,13:50:19,14.23,0.0,2,2846,卖盘
710,13:50:34,14.24,0.01,37,52688,买盘
711,13:50:52,14.24,0.0,30,42720,买盘
712,13:50:55,14.22,-0.02,50,71100,卖盘
713,13:50:58,14.24,0.02,5,7120,买盘
714,13:51:16,14.22,-0.02,30,42660,卖盘
715,13:53:57,14.25,0.03,23,32775,买盘
716,13:55:10,14.27,0.02,23,32798,买盘
717,13:56:04,14.24,-0.03,7,9968,卖盘
718,13:56:13,14.27,0.03,7,9985,买盘
719,13:56:16,14.22,-0.05,11,15647,卖盘
720,13:58:06,14.22,0.0,21,29862,卖盘
721,13:58:22,14.25,0.03,19,27075,买盘
722,13:58:28,14.25,0.0,2,2850,卖盘
723,13:59:28,14.27,0.02,68,97036,买盘
724,13:59:31,14.27,0.0,11,15697,卖盘
725,13:59:52,14.29,0.02,2,2858,买盘
726,14:00:10,14.27,-0.02,8,11416,卖盘
727,14:00:31,14.27,0.0,12,17124,买盘
728,14:00:49,14.2,-0.07,68,96786,卖盘
729,14:00:55,14.2,0.0,6,8520,买盘
730,14:01:00,14.27,0.07,50,71168,买盘
731,14:02:37,14.25,-0.02,8,11400,中性盘
732,14:03:01,14.25,0.0,2,2850,买盘
733,14:03:13,14.2,-0.05,170,241474,卖盘
734,14:04:16,14.2,0.0,3,4260,卖盘
735,14:06:46,14.25,0.05,74,105350,买盘
736,14:08:34,14.24,-0.01,24,34176,买盘
737,14:08:55,14.23,-0.01,6,8538,卖盘
738,14:09:13,14.24,0.01,20,28480,买盘
739,14:09:25,14.25,0.01,10,14250,买盘
740,14:10:10,14.27,0.02,26,37096,买盘
741,14:10:25,14.28,0.01,5,7140,买盘
742,14:10:28,14.27,-0.01,16,22842,卖盘
743,14:10:31,14.29,0.02,25,35725,买盘
744,14:10:43,14.31,0.02,65,92954,买盘
745,14:10:46,14.31,0.0,2,2862,买盘
746,14:10:52,14.31,0.0,64,91584,买盘
747,14:10:55,14.35,0.04,23,33005,买盘
748,14:11:01,14.34,-0.01,1,1434,买盘
749,14:11:19,14.31,-0.03,9,12879,卖盘
750,14:11:28,14.32,0.01,8,11456,卖盘
751,14:11:34,14.34,0.02,3,4286,买盘
752,14:11:37,14.33,-0.01,1,1433,中性盘
753,14:11:40,14.33,0.0,31,44423,卖盘
754,14:11:48,14.33,0.0,11,15763,卖盘
755,14:12:04,14.34,0.01,5,7170,买盘
756,14:12:07,14.34,0.0,41,58794,买盘
757,14:12:19,14.35,0.01,70,100394,买盘
758,14:12:31,14.35,0.0,2,2870,买盘
759,14:12:34,14.35,0.0,45,64575,买盘
760,14:12:43,14.35,0.0,5,7175,买盘
761,14:12:58,14.35,0.0,2,2870,买盘
762,14:13:01,14.35,0.0,10,14350,买盘
763,14:13:10,14.35,0.0,35,50220,买盘
764,14:13:19,14.34,-0.01,30,43020,卖盘
765,14:13:22,14.35,0.01,6,7706,买盘
766,14:13:34,14.35,0.0,1,1435,卖盘
767,14:13:37,14.36,0.01,12,17232,买盘
768,14:13:39,14.37,0.01,9,12933,买盘
769,14:13:43,14.37,0.0,3,4311,买盘
770,14:13:49,14.36,-0.01,5,7180,卖盘
771,14:13:52,14.37,0.01,5,7185,买盘
772,14:14:06,14.36,-0.01,20,28720,卖盘
773,14:14:10,14.37,0.01,11,15802,买盘
774,14:14:13,14.37,0.0,17,24429,买盘
775,14:14:31,14.35,-0.02,17,24425,卖盘
776,14:14:40,14.37,0.02,3,4311,买盘
777,14:14:43,14.37,0.0,1,1437,买盘
778,14:14:46,14.38,0.01,16,22998,买盘
779,14:14:48,14.37,-0.01,4,5748,中性盘
780,14:14:52,14.37,0.0,5,7185,买盘
781,14:14:55,14.37,0.0,16,22992,买盘
782,14:14:58,14.37,0.0,26,37368,卖盘
783,14:15:01,14.38,0.01,19,27322,买盘
784,14:15:04,14.38,0.0,14,20132,买盘
785,14:15:10,14.38,0.0,8,11504,卖盘
786,14:15:13,14.38,0.0,5,7190,卖盘
787,14:15:16,14.38,0.0,3,4314,中性盘
788,14:15:19,14.39,0.01,7,10067,买盘
789,14:15:22,14.39,0.0,10,14390,买盘
790,14:15:28,14.4,0.01,138,198658,买盘
791,14:15:30,14.4,0.0,2,2880,卖盘
792,14:15:46,14.42,0.02,5,7210,买盘
793,14:15:51,14.42,0.0,88,126896,买盘
794,14:15:58,14.42,0.0,2,2884,卖盘
795,14:16:01,14.43,0.01,64,92342,买盘
796,14:16:04,14.43,0.0,2,2886,买盘
797,14:16:13,14.42,-0.01,2,2884,卖盘
798,14:16:22,14.42,0.0,14,20188,买盘
799,14:16:37,14.4,-0.02,13,18720,卖盘
800,14:16:40,14.39,-0.01,7,10078,卖盘
801,14:16:46,14.39,0.0,5,7195,买盘
802,14:16:49,14.39,0.0,8,11512,买盘
803,14:16:52,14.4,0.01,2,2880,买盘
804,14:17:01,14.4,0.0,9,12960,买盘
805,14:17:04,14.4,0.0,93,133920,买盘
806,14:17:09,14.4,0.0,6,8640,卖盘
807,14:17:13,14.4,0.0,1,1440,卖盘
808,14:17:16,14.4,0.0,5,7200,卖盘
809,14:17:40,14.4,0.0,1,1440,卖盘
810,14:17:43,14.4,0.0,19,27360,卖盘
811,14:17:49,14.4,0.0,1,1440,买盘
812,14:17:58,14.4,0.0,15,21600,买盘
813,14:18:06,14.4,0.0,1,1440,买盘
814,14:18:25,14.4,0.0,7,10080,买盘
815,14:18:34,14.4,0.0,50,72000,买盘
816,14:18:52,14.37,-0.03,8,11496,卖盘
817,14:18:58,14.37,0.0,10,14370,卖盘
818,14:19:04,14.39,0.02,44,63316,买盘
819,14:19:16,14.39,0.0,3,4317,卖盘
820,14:19:22,14.4,0.01,5,7200,买盘
821,14:19:31,14.4,0.0,75,108000,买盘
822,14:19:34,14.4,0.0,9,12955,买盘
823,14:20:37,14.4,0.0,30,43180,买盘
824,14:20:40,14.35,-0.05,220,316619,卖盘
825,14:21:01,14.33,-0.02,5,7165,卖盘
826,14:21:07,14.33,0.0,1,1433,卖盘
827,14:21:19,14.33,0.0,6,8598,卖盘
828,14:21:28,14.35,0.02,31,44481,买盘
829,14:21:37,14.35,0.0,146,209510,买盘
830,14:22:10,14.33,-0.02,1,1433,卖盘
831,14:22:13,14.35,0.02,2,2870,买盘
832,14:22:52,14.34,-0.01,20,28695,卖盘
833,14:23:25,14.3,-0.04,88,125915,卖盘
834,14:24:22,14.3,0.0,18,25740,卖盘
835,14:24:25,14.3,0.0,10,14300,买盘
836,14:24:37,14.29,-0.01,20,28580,卖盘
837,14:24:43,14.29,0.0,10,14290,买盘
838,14:24:49,14.29,0.0,44,62876,买盘
839,14:24:52,14.29,0.0,1,1429,买盘
840,14:25:28,14.29,0.0,79,112891,买盘
841,14:25:36,14.29,0.0,6,8574,买盘
842,14:25:39,14.29,0.0,5,7145,买盘
843,14:25:43,14.29,0.0,10,14290,买盘
844,14:25:46,14.29,0.0,3,4287,买盘
845,14:25:52,14.28,-0.01,7,9996,卖盘
846,14:26:40,14.28,0.0,38,53364,卖盘
847,14:26:46,14.28,0.0,11,16608,卖盘
848,14:26:58,14.27,-0.01,7,9989,卖盘
849,14:27:34,14.25,-0.02,6,8550,卖盘
850,14:27:37,14.25,0.0,3,4275,买盘
851,14:28:04,14.25,0.0,20,28500,买盘
852,14:28:10,14.24,-0.01,1,1424,卖盘
853,14:28:16,14.24,0.0,13,18512,卖盘
854,14:28:37,14.24,0.0,3,4272,卖盘
855,14:28:49,14.24,0.0,3,4272,买盘
856,14:28:58,14.24,0.0,14,19945,卖盘
857,14:29:07,14.25,0.01,1,271,卖盘
858,14:30:28,14.28,0.03,12,17136,买盘
859,14:30:34,14.28,0.0,2,2856,买盘
860,14:30:37,14.28,0.0,20,28560,买盘
861,14:30:52,14.27,-0.01,2,2854,卖盘
862,14:31:40,14.3,0.02,5,7150,买盘
863,14:31:55,14.29,-0.01,5,7145,卖盘
864,14:31:58,14.3,0.01,4,5720,买盘
865,14:32:04,14.3,0.0,3,4290,买盘
866,14:32:51,14.29,-0.01,2,2858,卖盘
867,14:33:01,14.29,0.0,8,11432,卖盘
868,14:33:28,14.28,-0.01,4,5712,卖盘
869,14:33:34,14.29,0.01,6,8574,买盘
870,14:33:55,14.29,0.0,2,2857,买盘
871,14:34:07,14.28,-0.01,5,7140,卖盘
872,14:34:10,14.28,0.0,35,49452,卖盘
873,14:34:52,14.28,0.0,5,7140,买盘
874,14:34:55,14.27,-0.01,5,7135,卖盘
875,14:35:04,14.28,0.01,2,2856,买盘
876,14:35:07,14.28,0.0,8,11952,买盘
877,14:35:13,14.28,0.0,9,12852,卖盘
878,14:35:19,14.28,0.0,1,900,买盘
879,14:35:55,14.28,0.0,42,60504,买盘
880,14:35:58,14.3,0.02,25,35746,买盘
881,14:36:01,14.31,0.01,4,5723,买盘
882,14:36:10,14.31,0.0,2,2862,买盘
883,14:36:13,14.31,0.0,10,14310,买盘
884,14:36:16,14.33,0.02,4,5732,买盘
885,14:36:28,14.33,0.0,4,5732,卖盘
886,14:36:31,14.31,-0.02,8,11456,卖盘
887,14:36:46,14.33,0.02,12,17176,买盘
888,14:36:52,14.33,0.0,18,25794,买盘
889,14:37:07,14.33,0.0,15,21495,买盘
890,14:37:16,14.33,0.0,8,11464,买盘
891,14:37:25,14.33,0.0,2,2866,买盘
892,14:37:49,14.35,0.02,26,37310,买盘
893,14:38:01,14.35,0.0,10,14350,买盘
894,14:38:04,14.33,-0.02,5,7165,卖盘
895,14:38:25,14.35,0.02,5,7175,买盘
896,14:38:34,14.34,-0.01,10,14340,卖盘
897,14:38:52,14.38,0.04,1,1438,买盘
898,14:39:16,14.38,0.0,1,1438,买盘
899,14:39:40,14.38,0.0,4,5751,买盘
900,14:39:46,14.31,-0.07,144,206235,卖盘
901,14:39:55,14.31,0.0,50,71550,买盘
902,14:40:01,14.31,0.0,2,2862,买盘
903,14:40:52,14.35,0.04,3,4305,买盘
904,14:40:58,14.35,0.0,10,14350,卖盘
905,14:41:05,14.35,0.0,3,4305,卖盘
906,14:41:10,14.35,0.0,7,10045,买盘
907,14:41:19,14.33,-0.02,6,8575,卖盘
908,14:41:28,14.33,0.0,2,2866,卖盘
909,14:41:31,14.35,0.02,18,25830,买盘
910,14:41:43,14.35,0.0,50,71750,卖盘
911,14:41:48,14.36,0.01,26,37324,买盘
912,14:41:52,14.36,0.0,7,10052,卖盘
913,14:42:10,14.35,-0.01,13,18655,买盘
914,14:42:13,14.35,0.0,2,2870,卖盘
915,14:42:19,14.35,0.0,16,22960,卖盘
916,14:42:22,14.33,-0.02,50,71650,卖盘
917,14:42:25,14.36,0.03,17,24404,买盘
918,14:43:55,14.36,0.0,200,287200,买盘
919,14:44:22,14.36,0.0,20,28710,买盘
920,14:44:31,14.34,-0.02,50,71700,卖盘
921,14:45:13,14.36,0.02,8,11487,买盘
922,14:45:16,14.34,-0.02,19,27246,卖盘
923,14:45:28,14.33,-0.01,2,2866,卖盘
924,14:45:31,14.33,0.0,3,4299,卖盘
925,14:45:43,14.33,0.0,6,8598,卖盘
926,14:45:49,14.33,0.0,22,31526,卖盘
927,14:46:16,14.32,-0.01,5,7160,卖盘
928,14:46:19,14.32,0.0,6,8592,卖盘
929,14:46:22,14.32,0.0,13,18616,卖盘
930,14:46:34,14.32,0.0,4,5728,买盘
931,14:47:04,14.31,-0.01,13,18603,卖盘
932,14:47:13,14.31,0.0,15,21465,卖盘
933,14:47:19,14.31,0.0,40,57240,卖盘
934,14:47:34,14.31,0.0,123,176013,买盘
935,14:47:40,14.31,0.0,226,323406,卖盘
936,14:47:43,14.32,0.01,10,14320,买盘
937,14:47:46,14.34,0.02,267,382803,买盘
938,14:48:01,14.4,0.06,352,506205,买盘
939,14:48:19,14.4,0.0,25,36000,买盘
940,14:48:22,14.4,0.0,6,8640,买盘
941,14:48:25,14.4,0.0,3,4320,买盘
942,14:48:28,14.4,0.0,5,7200,买盘
943,14:48:46,14.42,0.02,160,230472,买盘
944,14:49:01,14.43,0.01,1,1443,买盘
945,14:49:05,14.42,-0.01,15,21644,卖盘
946,14:49:10,14.44,0.02,7,10108,买盘
947,14:49:13,14.45,0.01,18,25995,买盘
948,14:49:16,14.44,-0.01,35,50567,卖盘
949,14:49:19,14.44,0.0,19,27437,卖盘
950,14:49:22,14.44,0.0,6,8664,买盘
951,14:49:25,14.45,0.01,20,28900,买盘
952,14:49:28,14.45,0.0,1,1445,买盘
953,14:49:31,14.44,-0.01,1,1444,卖盘
954,14:49:34,14.44,0.0,20,28880,卖盘
955,14:49:37,14.45,0.01,32,46210,买盘
956,14:49:40,14.45,0.0,6,8670,买盘
957,14:49:43,14.45,0.0,5,7225,买盘
958,14:49:46,14.44,-0.01,16,23104,卖盘
959,14:49:49,14.44,0.0,45,64980,卖盘
960,14:49:52,14.45,0.01,98,141529,买盘
961,14:49:58,14.43,-0.02,82,118326,卖盘
962,14:50:07,14.43,0.0,86,124098,卖盘
963,14:50:10,14.42,-0.01,281,405325,卖盘
964,14:50:13,14.35,-0.07,73,104888,卖盘
965,14:50:19,14.35,0.0,3,4319,卖盘
966,14:50:40,14.36,0.01,7,10052,卖盘
967,14:50:49,14.41,0.05,10,14410,买盘
968,14:51:01,14.41,0.0,1,1441,买盘
969,14:51:25,14.4,-0.01,10,14399,买盘
970,14:51:31,14.36,-0.04,3,4308,卖盘
971,14:51:52,14.35,-0.01,214,307189,卖盘
972,14:52:16,14.36,0.01,158,226895,卖盘
973,14:52:37,14.37,0.01,2,2874,中性盘
974,14:52:40,14.36,-0.01,60,86168,卖盘
975,14:52:43,14.39,0.03,86,123739,买盘
976,14:52:52,14.37,-0.02,5,7185,中性盘
977,14:53:01,14.39,0.02,10,14390,买盘
978,14:53:04,14.39,0.0,9,12951,买盘
979,14:53:22,14.39,0.0,10,14390,买盘
980,14:53:28,14.39,0.0,97,139583,买盘
981,14:53:40,14.39,0.0,5,7195,买盘
982,14:53:43,14.39,0.0,38,54662,买盘
983,14:53:52,14.38,-0.01,6,8628,卖盘
984,14:53:55,14.38,0.0,6,8631,卖盘
985,14:54:01,14.38,0.0,7,10066,卖盘
986,14:54:07,14.38,0.0,1,1438,买盘
987,14:54:13,14.37,-0.01,13,18681,卖盘
988,14:54:16,14.38,0.01,7,10066,买盘
989,14:54:25,14.38,0.0,8,11504,买盘
990,14:54:28,14.38,0.0,3,4314,买盘
991,14:54:34,14.37,-0.01,19,27303,卖盘
992,14:54:37,14.38,0.01,9,12942,买盘
993,14:54:52,14.37,-0.01,30,43120,卖盘
994,14:55:07,14.36,-0.01,20,28720,卖盘
995,14:55:16,14.36,0.0,2,2872,买盘
996,14:55:22,14.36,0.0,10,14360,买盘
997,14:55:25,14.35,-0.01,25,35875,卖盘
998,14:55:28,14.35,0.0,76,109070,卖盘
999,14:55:34,14.35,0.0,3,4305,买盘
1000,14:55:46,14.35,0.0,30,43050,买盘
1001,14:55:49,14.34,-0.01,35,50190,卖盘
1002,14:55:58,14.34,0.0,73,104610,卖盘
1003,14:56:07,14.34,0.0,9,12978,卖盘
1004,14:56:10,14.34,0.0,14,20004,买盘
1005,14:56:13,14.34,0.0,39,55926,卖盘
1006,14:56:16,14.34,0.0,10,14340,卖盘
1007,14:56:22,14.35,0.01,3,4305,买盘
1008,14:56:25,14.35,0.0,15,21511,买盘
1009,14:56:28,14.34,-0.01,43,61776,卖盘
1010,14:56:31,14.36,0.02,33,47298,买盘
1011,14:56:37,14.36,0.0,3,4308,买盘
1012,14:56:40,14.35,-0.01,25,35877,卖盘
1013,14:56:49,14.35,0.0,19,27265,买盘
1014,14:56:58,14.35,0.0,19,27265,卖盘
1015,14:57:01,14.35,0.0,22,31570,卖盘
1016,15:00:05,14.4,0.05,697,1003637,卖盘
