,time,price,change,volume,amount,type
0,09:25:04,14.14,-0.11,166,234724,卖盘
1,09:30:00,14.14,0.0,286,404393,买盘
2,09:30:04,14.14,0.0,905,1278809,买盘
3,09:30:06,14.13,-0.01,1,1413,买盘
4,09:30:09,14.12,-0.01,1,1412,买盘
5,09:30:12,14.12,0.0,21,29650,买盘
6,09:30:15,14.13,0.01,14,19782,买盘
7,09:30:19,14.13,0.0,20,28260,买盘
8,09:30:22,14.1,-0.03,6,8472,卖盘
9,09:30:24,14.09,-0.01,7,9864,卖盘
10,09:30:27,14.13,0.04,69,98347,买盘
11,09:30:30,14.13,0.0,3,3222,卖盘
12,09:30:36,14.13,0.0,22,31086,买盘
13,09:30:39,14.13,0.0,6,8478,卖盘
14,09:30:42,14.13,0.0,10,14130,买盘
15,09:30:48,14.14,0.01,35,49480,买盘
16,09:30:54,14.08,-0.06,1,1408,卖盘
17,09:30:57,14.13,0.05,2,2826,买盘
18,09:31:04,14.13,0.0,22,31083,买盘
19,09:31:06,14.14,0.01,100,141350,买盘
20,09:31:15,14.16,0.02,37,52353,买盘
21,09:31:18,14.13,-0.03,5,7065,中性盘
22,09:31:21,14.1,-0.03,3,4230,卖盘
23,09:31:24,14.1,0.0,22,31020,买盘
24,09:31:27,14.1,0.0,3,4230,卖盘
25,09:31:30,14.1,0.0,11,15510,卖盘
26,09:31:33,14.1,0.0,37,52170,卖盘
27,09:31:37,14.1,0.0,30,42319,中性盘
28,09:31:39,14.1,0.0,52,73282,卖盘
29,09:31:43,14.09,-0.01,3,4227,卖盘
30,09:31:45,14.1,0.01,18,25386,卖盘
31,09:31:48,14.1,0.0,6,8460,卖盘
32,09:31:51,14.1,0.0,4,5642,卖盘
33,09:31:54,14.1,0.0,31,43721,卖盘
34,09:31:57,14.08,-0.02,3,4226,卖盘
35,09:32:01,14.12,0.04,35,49346,买盘
36,09:32:04,14.1,-0.02,9,12690,卖盘
37,09:32:06,14.1,0.0,14,19740,卖盘
38,09:32:09,14.08,-0.02,17,23941,卖盘
39,09:32:12,14.09,0.01,79,111240,买盘
40,09:32:19,14.1,0.01,3,4230,买盘
41,09:32:24,14.07,-0.03,40,56348,卖盘
42,09:32:27,14.09,0.02,3,4227,中性盘
43,09:32:33,14.11,0.02,10,14086,买盘
44,09:32:39,14.09,-0.02,1,1409,中性盘
45,09:32:42,14.1,0.01,20,28200,买盘
46,09:32:48,14.12,0.02,14,19767,买盘
47,09:32:51,14.15,0.03,141,198930,买盘
48,09:32:54,14.1,-0.05,4,5640,买盘
49,09:32:58,14.14,0.04,12,16971,中性盘
50,09:33:06,14.15,0.01,36,50933,买盘
51,09:33:18,14.15,0.0,25,35327,买盘
52,09:33:24,14.08,-0.07,43,60584,卖盘
53,09:33:27,14.15,0.07,54,76346,买盘
54,09:33:36,14.1,-0.05,5,7050,卖盘
55,09:33:42,14.15,0.05,10,14150,买盘
56,09:33:51,14.1,-0.05,8,11283,卖盘
57,09:33:54,14.15,0.05,10,14150,买盘
58,09:33:57,14.15,0.0,78,110370,买盘
59,09:34:00,14.14,-0.01,19,26845,卖盘
60,09:34:09,14.14,0.0,48,67872,买盘
61,09:34:18,14.14,0.0,9,12726,卖盘
62,09:34:27,14.14,0.0,31,43834,卖盘
63,09:34:30,14.14,0.0,13,18390,卖盘
64,09:34:33,14.15,0.01,13,18395,买盘
65,09:34:36,14.15,0.0,1,1415,卖盘
66,09:34:40,14.17,0.02,44,62314,买盘
67,09:34:43,14.16,-0.01,6,8499,中性盘
68,09:34:48,14.2,0.04,170,241390,买盘
69,09:34:51,14.2,0.0,4,6461,买盘
70,09:34:54,14.24,0.04,29,41101,中性盘
71,09:35:04,14.23,-0.01,6,8538,买盘
72,09:35:06,14.23,0.0,1,1423,买盘
73,09:35:09,14.23,0.0,6,8538,买盘
74,09:35:12,14.23,0.0,25,35575,买盘
75,09:35:15,14.24,0.01,56,79691,买盘
76,09:35:18,14.24,0.0,21,29887,买盘
77,09:35:25,14.25,0.01,68,96875,买盘
78,09:35:27,14.25,0.0,45,64657,买盘
79,09:35:30,14.25,0.0,1,1425,卖盘
80,09:35:40,14.25,0.0,15,21375,卖盘
81,09:35:42,14.25,0.0,55,78375,卖盘
82,09:35:45,14.23,-0.02,41,57777,买盘
83,09:35:54,14.25,0.02,100,142477,买盘
84,09:35:57,14.23,-0.02,1,1423,中性盘
85,09:36:04,14.23,0.0,30,42690,卖盘
86,09:36:06,14.23,0.0,22,31306,卖盘
87,09:36:09,14.24,0.01,13,18511,买盘
88,09:36:12,14.24,0.0,19,27073,卖盘
89,09:36:15,14.25,0.01,121,172403,买盘
90,09:36:19,14.25,0.0,15,21375,卖盘
91,09:36:21,14.25,0.0,3,4275,卖盘
92,09:36:24,14.25,0.0,41,58425,卖盘
93,09:36:27,14.26,0.01,73,104076,买盘
94,09:36:30,14.26,0.0,8,11408,卖盘
95,09:36:33,14.26,0.0,24,34224,卖盘
96,09:36:36,14.26,0.0,109,155434,卖盘
97,09:36:42,14.27,0.01,86,122717,买盘
98,09:36:45,14.27,0.0,30,42810,卖盘
99,09:36:48,14.27,0.0,104,148474,买盘
100,09:36:51,14.28,0.01,165,235505,买盘
101,09:36:54,14.29,0.01,129,184338,买盘
102,09:36:57,14.27,-0.02,20,28543,卖盘
103,09:37:04,14.26,-0.01,795,1135161,卖盘
104,09:37:06,14.24,-0.02,3,4274,卖盘
105,09:37:12,14.3,0.06,180,256878,买盘
106,09:37:16,14.3,0.0,95,136408,卖盘
107,09:37:18,14.33,0.03,6,8583,买盘
108,09:37:21,14.3,-0.03,8,11440,卖盘
109,09:37:24,14.33,0.03,4,5732,买盘
110,09:37:33,14.3,-0.03,212,302602,卖盘
111,09:37:36,14.28,-0.02,7,9996,卖盘
112,09:37:39,14.3,0.02,3,4290,买盘
113,09:37:42,14.3,0.0,24,34320,买盘
114,09:37:46,14.26,-0.04,1,1426,中性盘
115,09:37:48,14.29,0.03,26,37154,买盘
116,09:37:51,14.26,-0.03,3,4278,卖盘
117,09:37:54,14.29,0.03,29,41375,买盘
118,09:37:58,14.26,-0.03,5,7130,卖盘
119,09:38:03,14.26,0.0,4,5704,卖盘
120,09:38:06,14.2,-0.06,155,220752,卖盘
121,09:38:09,14.23,0.03,1,1423,买盘
122,09:38:12,14.2,-0.03,19,27015,卖盘
123,09:38:15,14.2,0.0,8,11360,卖盘
124,09:38:21,14.2,0.0,90,127865,卖盘
125,09:38:24,14.2,0.0,17,24140,卖盘
126,09:38:27,14.22,0.02,1,1422,卖盘
127,09:38:36,14.22,0.0,17,24174,卖盘
128,09:38:39,14.22,0.0,10,14220,卖盘
129,09:38:45,14.22,0.0,78,110917,卖盘
130,09:38:48,14.22,0.0,20,28440,买盘
131,09:38:51,14.22,0.0,3,4265,买盘
132,09:38:54,14.2,-0.02,7,9946,卖盘
133,09:39:00,14.22,0.02,31,44056,买盘
134,09:39:06,14.23,0.01,2,2846,买盘
135,09:39:10,14.23,0.0,23,32729,买盘
136,09:39:13,14.23,0.0,1,1423,卖盘
137,09:39:15,14.23,0.0,6,8538,卖盘
138,09:39:18,14.23,0.0,4,5690,买盘
139,09:39:21,14.22,-0.01,4,5691,卖盘
140,09:39:24,14.2,-0.02,36,51150,卖盘
141,09:39:27,14.23,0.03,4,5692,买盘
142,09:39:30,14.24,0.01,2,2848,买盘
143,09:39:33,14.24,0.0,1,1424,买盘
144,09:39:36,14.24,0.0,2,2848,买盘
145,09:39:39,14.25,0.01,62,88348,买盘
146,09:39:42,14.25,0.0,20,28501,买盘
147,09:39:48,14.28,0.03,6,8556,买盘
148,09:39:51,14.25,-0.03,2,2850,卖盘
149,09:39:54,14.25,0.0,3,4275,买盘
150,09:39:57,14.28,0.03,4,5709,买盘
151,09:40:06,14.27,-0.01,2,2854,买盘
152,09:40:09,14.25,-0.02,2,2850,卖盘
153,09:40:12,14.27,0.02,1,1427,买盘
154,09:40:21,14.27,0.0,27,38524,买盘
155,09:40:24,14.27,0.0,9,12843,卖盘
156,09:40:27,14.28,0.01,7,9994,买盘
157,09:40:30,14.27,-0.01,25,35675,卖盘
158,09:40:39,14.25,-0.02,2,2850,卖盘
159,09:40:42,14.27,0.02,5,7135,中性盘
160,09:40:45,14.27,0.0,4,5708,卖盘
161,09:40:48,14.27,0.0,3,4281,卖盘
162,09:40:55,14.26,-0.01,27,38502,卖盘
163,09:40:57,14.27,0.01,22,31393,买盘
164,09:41:00,14.26,-0.01,10,14260,卖盘
165,09:41:04,14.29,0.03,80,114237,买盘
166,09:41:06,14.29,0.0,49,69985,买盘
167,09:41:09,14.27,-0.02,33,47107,卖盘
168,09:41:12,14.3,0.03,16,22870,买盘
169,09:41:16,14.27,-0.03,10,14272,卖盘
170,09:41:18,14.3,0.03,22,31427,买盘
171,09:41:21,14.3,0.0,132,188752,买盘
172,09:41:24,14.3,0.0,59,84429,买盘
173,09:41:28,14.3,0.0,16,22875,卖盘
174,09:41:30,14.3,0.0,38,54342,卖盘
175,09:41:33,14.3,0.0,23,32890,卖盘
176,09:41:36,14.29,-0.01,10,14301,卖盘
177,09:41:39,14.29,0.0,6,8574,卖盘
178,09:41:42,14.29,0.0,5,7148,卖盘
179,09:41:45,14.32,0.03,46,65848,买盘
180,09:41:48,14.29,-0.03,9,12861,卖盘
181,09:41:51,14.29,0.0,36,51444,卖盘
182,09:41:54,14.27,-0.02,5,7135,卖盘
183,09:41:57,14.27,0.0,43,61367,卖盘
184,09:42:01,14.27,0.0,44,62811,卖盘
185,09:42:04,14.32,0.05,63,90116,买盘
186,09:42:10,14.27,-0.05,16,22835,卖盘
187,09:42:13,14.32,0.05,57,81570,买盘
188,09:42:16,14.3,-0.02,100,143000,中性盘
189,09:42:18,14.27,-0.03,11,15697,卖盘
190,09:42:21,14.27,0.0,1,1427,卖盘
191,09:42:24,14.27,0.0,17,24259,卖盘
192,09:42:33,14.29,0.02,5,7145,买盘
193,09:42:39,14.29,0.0,1,1429,卖盘
194,09:42:43,14.31,0.02,70,100148,买盘
195,09:42:45,14.31,0.0,9,12869,买盘
196,09:42:48,14.29,-0.02,8,11432,卖盘
197,09:43:01,14.31,0.02,69,98609,买盘
198,09:43:04,14.3,-0.01,35,50095,卖盘
199,09:43:06,14.3,0.0,7,10010,卖盘
200,09:43:12,14.3,0.0,18,25740,卖盘
201,09:43:15,14.32,0.02,61,87321,买盘
202,09:43:18,14.3,-0.02,45,64350,卖盘
203,09:43:22,14.29,-0.01,5,7147,卖盘
204,09:43:24,14.3,0.01,113,161588,买盘
205,09:43:30,14.28,-0.02,3,4284,卖盘
206,09:43:39,14.28,0.0,2,2856,卖盘
207,09:43:42,14.29,0.01,2,2858,中性盘
208,09:43:45,14.3,0.01,61,87227,买盘
209,09:43:51,14.29,-0.01,3,4288,卖盘
210,09:43:54,14.28,-0.01,30,42852,卖盘
211,09:43:57,14.3,0.02,72,102765,买盘
212,09:44:04,14.3,0.0,6,8575,买盘
213,09:44:06,14.3,0.0,1,1430,买盘
214,09:44:09,14.3,0.0,7,10006,买盘
215,09:44:12,14.3,0.0,57,81532,买盘
216,09:44:21,14.3,0.0,4,5720,买盘
217,09:44:24,14.3,0.0,63,90085,买盘
218,09:44:30,14.3,0.0,26,37180,卖盘
219,09:44:33,14.31,0.01,39,55809,买盘
220,09:44:36,14.3,-0.01,23,32908,卖盘
221,09:44:40,14.31,0.01,26,37189,买盘
222,09:44:42,14.3,-0.01,27,38612,卖盘
223,09:44:46,14.3,0.0,4,5720,卖盘
224,09:44:48,14.31,0.01,12,17164,买盘
225,09:44:51,14.31,0.0,8,11444,买盘
226,09:44:54,14.3,-0.01,9,12870,卖盘
227,09:44:57,14.3,0.0,11,15730,卖盘
228,09:45:00,14.3,0.0,4,5720,中性盘
229,09:45:06,14.29,-0.01,8,11432,卖盘
230,09:45:16,14.28,-0.01,7,9996,卖盘
231,09:45:19,14.3,0.02,222,317415,买盘
232,09:45:22,14.3,0.0,32,45760,卖盘
233,09:45:24,14.3,0.0,22,31460,卖盘
234,09:45:27,14.29,-0.01,117,167295,卖盘
235,09:45:30,14.29,0.0,7,10003,卖盘
236,09:45:33,14.27,-0.02,14,19989,卖盘
237,09:45:37,14.29,0.02,10,14283,买盘
238,09:45:43,14.28,-0.01,8,11429,卖盘
239,09:45:45,14.27,-0.01,31,44151,卖盘
240,09:45:54,14.27,0.0,2,2940,卖盘
241,09:46:04,14.26,-0.01,7,9982,卖盘
242,09:46:06,14.25,-0.01,19,27089,卖盘
243,09:46:09,14.25,0.0,30,42760,卖盘
244,09:46:12,14.25,0.0,20,28500,卖盘
245,09:46:15,14.25,0.0,31,44175,卖盘
246,09:46:27,14.26,0.01,25,35650,买盘
247,09:46:30,14.26,0.0,35,49910,卖盘
248,09:46:36,14.26,0.0,4,5704,卖盘
249,09:46:45,14.29,0.03,66,94275,买盘
250,09:46:48,14.3,0.01,95,135844,买盘
251,09:46:51,14.3,0.0,4,5720,卖盘
252,09:46:54,14.3,0.0,34,48624,卖盘
253,09:46:57,14.31,0.01,91,130152,买盘
254,09:47:01,14.3,-0.01,33,47190,卖盘
255,09:47:04,14.3,0.0,137,195910,卖盘
256,09:47:06,14.29,-0.01,47,67163,卖盘
257,09:47:09,14.3,0.01,28,40015,买盘
258,09:47:18,14.27,-0.03,20,28560,卖盘
259,09:47:21,14.29,0.02,12,17148,买盘
260,09:47:28,14.29,0.0,10,14293,卖盘
261,09:47:33,14.29,0.0,14,20006,卖盘
262,09:47:36,14.29,0.0,81,115749,卖盘
263,09:47:39,14.3,0.01,1,1430,买盘
264,09:47:42,14.3,0.0,54,77218,买盘
265,09:47:49,14.29,-0.01,4,5716,卖盘
266,09:47:51,14.3,0.01,1,1430,买盘
267,09:47:54,14.3,0.0,54,77220,买盘
268,09:47:57,14.29,-0.01,12,17148,卖盘
269,09:48:00,14.3,0.01,9,12870,买盘
270,09:48:03,14.3,0.0,24,34320,买盘
271,09:48:06,14.29,-0.01,2,2858,卖盘
272,09:48:09,14.29,0.0,14,20006,买盘
273,09:48:12,14.29,0.0,13,18577,买盘
274,09:48:15,14.3,0.01,92,131557,买盘
275,09:48:18,14.31,0.01,251,358954,买盘
276,09:48:21,14.31,0.0,204,291923,买盘
277,09:48:24,14.31,0.0,66,94439,买盘
278,09:48:27,14.3,-0.01,78,111581,卖盘
279,09:48:30,14.32,0.02,49,70143,买盘
280,09:48:33,14.33,0.01,41,58746,买盘
281,09:48:36,14.31,-0.02,168,240724,卖盘
282,09:48:39,14.3,-0.01,17,24354,卖盘
283,09:48:43,14.3,0.0,62,88660,买盘
284,09:48:45,14.3,0.0,43,61529,买盘
285,09:48:48,14.3,0.0,32,45872,卖盘
286,09:48:51,14.34,0.04,24,34416,买盘
287,09:48:54,14.34,0.0,27,38709,买盘
288,09:48:57,14.35,0.01,32,45896,买盘
289,09:49:00,14.33,-0.02,8,11471,卖盘
290,09:49:09,14.3,-0.03,3,4290,卖盘
291,09:49:16,14.34,0.04,13,18642,买盘
292,09:49:18,14.33,-0.01,4,5732,中性盘
293,09:49:21,14.3,-0.03,11,15770,卖盘
294,09:49:25,14.34,0.04,9,12903,买盘
295,09:49:30,14.3,-0.04,45,64354,卖盘
296,09:49:39,14.32,0.02,3,4296,买盘
297,09:49:48,14.31,-0.01,4,5724,中性盘
298,09:49:54,14.3,-0.01,115,164452,卖盘
299,09:49:58,14.33,0.03,40,57200,买盘
300,09:50:04,14.33,0.0,8,11458,买盘
301,09:50:09,14.33,0.0,24,34388,买盘
302,09:50:19,14.32,-0.01,4,5728,卖盘
303,09:50:22,14.32,0.0,12,17195,卖盘
304,09:50:24,14.34,0.02,4,5736,买盘
305,09:50:27,14.32,-0.02,9,12888,卖盘
306,09:50:30,14.33,0.01,4,5729,买盘
307,09:50:33,14.34,0.01,6,8601,买盘
308,09:50:36,14.33,-0.01,5,7165,卖盘
309,09:50:42,14.34,0.01,15,21502,买盘
310,09:50:45,14.34,0.0,112,160607,买盘
311,09:50:48,14.33,-0.01,10,14338,卖盘
312,09:50:52,14.32,-0.01,24,34373,卖盘
313,09:50:54,14.33,0.01,157,225018,买盘
314,09:51:00,14.34,0.01,5,7170,买盘
315,09:51:04,14.33,-0.01,34,48746,卖盘
316,09:51:06,14.33,0.0,4,5732,卖盘
317,09:51:09,14.34,0.01,6,8604,买盘
318,09:51:12,14.35,0.01,16,22949,买盘
319,09:51:18,14.36,0.01,484,694729,买盘
320,09:51:21,14.34,-0.02,51,73134,卖盘
321,09:51:24,14.36,0.02,43,61159,买盘
322,09:51:27,14.38,0.02,1167,1672828,买盘
323,09:51:33,14.4,0.02,137,197086,买盘
324,09:51:36,14.4,0.0,175,251920,买盘
325,09:51:42,14.42,0.02,10,14420,买盘
326,09:51:45,14.43,0.01,21,30283,买盘
327,09:51:49,14.44,0.01,73,105361,买盘
328,09:51:51,14.44,0.0,35,50540,卖盘
329,09:51:54,14.43,-0.01,4,5772,卖盘
330,09:51:57,14.42,-0.01,9,12982,卖盘
331,09:52:00,14.43,0.01,38,54834,买盘
332,09:52:03,14.42,-0.01,4,5768,买盘
333,09:52:10,14.42,0.0,16,23070,买盘
334,09:52:12,14.42,0.0,94,135408,买盘
335,09:52:15,14.41,-0.01,13,18738,卖盘
336,09:52:18,14.41,0.0,56,80696,卖盘
337,09:52:22,14.42,0.01,116,167057,买盘
338,09:52:27,14.43,0.01,452,651819,买盘
339,09:52:31,14.38,-0.05,8,11504,卖盘
340,09:52:33,14.38,0.0,14,20132,买盘
341,09:52:36,14.38,0.0,10,14380,买盘
342,09:52:39,14.37,-0.01,2,2874,买盘
343,09:52:42,14.41,0.04,16,23024,买盘
344,09:52:45,14.38,-0.03,5,7202,卖盘
345,09:52:48,14.38,0.0,7,10070,卖盘
346,09:52:51,14.38,0.0,20,28786,卖盘
347,09:52:54,14.38,0.0,1,1438,卖盘
348,09:52:57,14.37,-0.01,17,24445,卖盘
349,09:53:01,14.37,0.0,11,15807,买盘
350,09:53:04,14.4,0.03,6,8640,买盘
351,09:53:18,14.39,-0.01,8,11512,买盘
352,09:53:21,14.39,0.0,1,1439,卖盘
353,09:53:24,14.4,0.01,5,7200,买盘
354,09:53:27,14.39,-0.01,13,18708,卖盘
355,09:53:33,14.39,0.0,8,11517,卖盘
356,09:53:39,14.39,0.0,4,5756,卖盘
357,09:53:43,14.4,0.01,140,201490,买盘
358,09:53:45,14.39,-0.01,12,17268,卖盘
359,09:53:48,14.39,0.0,4,5756,卖盘
360,09:53:51,14.39,0.0,3,4317,卖盘
361,09:53:54,14.39,0.0,2,2878,卖盘
362,09:53:57,14.39,0.0,37,53243,卖盘
363,09:54:00,14.39,0.0,44,63316,卖盘
364,09:54:04,14.39,0.0,17,24463,卖盘
365,09:54:06,14.38,-0.01,29,41702,卖盘
366,09:54:09,14.4,0.02,200,287873,买盘
367,09:54:12,14.38,-0.02,3,4314,买盘
368,09:54:18,14.38,0.0,4,5752,卖盘
369,09:54:22,14.38,0.0,7,10071,卖盘
370,09:54:28,14.37,-0.01,26,37370,卖盘
371,09:54:36,14.37,0.0,1,1437,卖盘
372,09:54:39,14.38,0.01,8,11504,买盘
373,09:54:42,14.38,0.0,12,17256,卖盘
374,09:54:49,14.37,-0.01,7,10062,卖盘
375,09:54:54,14.38,0.01,19,27310,买盘
376,09:54:57,14.37,-0.01,5,7185,卖盘
377,09:55:10,14.36,-0.01,4,5744,卖盘
378,09:55:12,14.37,0.01,42,60354,买盘
379,09:55:15,14.38,0.01,2,2876,买盘
380,09:55:18,14.37,-0.01,4,5748,卖盘
381,09:55:24,14.38,0.01,53,76213,买盘
382,09:55:30,14.38,0.0,10,14376,买盘
383,09:55:33,14.37,-0.01,1,1437,卖盘
384,09:55:36,14.38,0.01,49,70453,买盘
385,09:55:39,14.36,-0.02,4,5744,卖盘
386,09:55:45,14.37,0.01,3,4311,卖盘
387,09:55:48,14.37,0.0,4,5748,卖盘
388,09:55:51,14.38,0.01,5,7190,买盘
389,09:55:55,14.38,0.0,76,109290,买盘
390,09:55:57,14.38,0.0,20,28760,卖盘
391,09:56:04,14.34,-0.04,254,364649,卖盘
392,09:56:10,14.33,-0.01,4,5732,卖盘
393,09:56:13,14.34,0.01,104,149136,买盘
394,09:56:15,14.34,0.0,45,64530,买盘
395,09:56:18,14.34,0.0,5,7166,买盘
396,09:56:21,14.31,-0.03,1,1431,卖盘
397,09:56:24,14.34,0.03,12,17208,买盘
398,09:56:36,14.34,0.0,23,32978,买盘
399,09:56:39,14.34,0.0,31,44450,买盘
400,09:56:42,14.34,0.0,88,126192,买盘
401,09:56:45,14.35,0.01,1,1435,买盘
402,09:56:48,14.36,0.01,7,10055,卖盘
403,09:56:52,14.38,0.02,9,12942,买盘
404,09:56:55,14.39,0.01,4,5756,买盘
405,09:56:57,14.39,0.0,7,10073,买盘
406,09:57:00,14.38,-0.01,4,5752,买盘
407,09:57:09,14.39,0.01,24,34532,买盘
408,09:57:12,14.39,0.0,15,21585,买盘
409,09:57:15,14.36,-0.03,73,104883,卖盘
410,09:57:19,14.35,-0.01,16,22972,卖盘
411,09:57:22,14.35,0.0,1,1435,卖盘
412,09:57:24,14.36,0.01,26,37336,买盘
413,09:57:27,14.36,0.0,69,99030,买盘
414,09:57:33,14.36,0.0,7,10052,买盘
415,09:57:37,14.36,0.0,46,66051,买盘
416,09:57:40,14.35,-0.01,24,34443,卖盘
417,09:57:42,14.35,0.0,21,30135,买盘
418,09:57:45,14.34,-0.01,5,7170,卖盘
419,09:57:49,14.34,0.0,13,18642,卖盘
420,09:57:57,14.34,0.0,58,83111,买盘
421,09:58:03,14.35,0.01,1,1435,买盘
422,09:58:06,14.34,-0.01,6,8604,卖盘
423,09:58:10,14.34,0.0,268,384313,卖盘
424,09:58:16,14.32,-0.02,2,2864,卖盘
425,09:58:18,14.33,0.01,4,5732,中性盘
426,09:58:21,14.33,0.0,3,4299,卖盘
427,09:58:24,14.33,0.0,1,1433,买盘
428,09:58:27,14.33,0.0,18,25794,买盘
429,09:58:40,14.33,0.0,2,2866,卖盘
430,09:58:48,14.33,0.0,10,14326,买盘
431,09:58:54,14.33,0.0,6,8598,买盘
432,09:58:57,14.33,0.0,2,2866,卖盘
433,09:59:00,14.33,0.0,42,60186,卖盘
434,09:59:06,14.33,0.0,9,12892,买盘
435,09:59:09,14.33,0.0,25,35825,卖盘
436,09:59:15,14.31,-0.02,425,609413,卖盘
437,09:59:19,14.35,0.04,2,2870,中性盘
438,09:59:21,14.39,0.04,13,18683,买盘
439,09:59:24,14.39,0.0,4,5756,买盘
440,09:59:33,14.38,-0.01,2,2875,买盘
441,09:59:39,14.38,0.0,10,14380,买盘
442,09:59:42,14.38,0.0,15,21566,买盘
443,09:59:48,14.4,0.02,500,719831,买盘
444,09:59:58,14.33,-0.07,500,716615,卖盘
445,10:00:06,14.4,0.07,9,12952,买盘
446,10:00:09,14.39,-0.01,5,7195,卖盘
447,10:00:12,14.4,0.01,4,5757,买盘
448,10:00:18,14.35,-0.05,1,1435,卖盘
449,10:00:24,14.34,-0.01,28,40154,卖盘
450,10:00:27,14.35,0.01,20,28696,买盘
451,10:00:30,14.37,0.02,32,45900,买盘
452,10:00:36,14.36,-0.01,2,2872,卖盘
453,10:00:40,14.38,0.02,25,35910,买盘
454,10:00:42,14.38,0.0,1,1438,卖盘
455,10:00:46,14.37,-0.01,6,8622,卖盘
456,10:00:48,14.37,0.0,15,21555,卖盘
457,10:00:51,14.33,-0.04,209,299623,卖盘
458,10:00:57,14.32,-0.01,38,54416,卖盘
459,10:01:00,14.32,0.0,8,11450,买盘
460,10:01:04,14.3,-0.02,12,17177,卖盘
461,10:01:09,14.3,0.0,4,5720,卖盘
462,10:01:12,14.31,0.01,1,1431,买盘
463,10:01:15,14.3,-0.01,62,88660,卖盘
464,10:01:19,14.3,0.0,94,134601,卖盘
465,10:01:25,14.33,0.03,295,422646,买盘
466,10:01:28,14.33,0.0,4,5732,卖盘
467,10:01:33,14.33,0.0,22,31526,卖盘
468,10:01:39,14.33,0.0,9,12897,卖盘
469,10:01:42,14.34,0.01,8,11472,买盘
470,10:01:45,14.34,0.0,3,4302,买盘
471,10:01:48,14.34,0.0,7,10038,买盘
472,10:01:52,14.34,0.0,2,2868,卖盘
473,10:01:54,14.37,0.03,194,278205,买盘
474,10:01:58,14.3,-0.07,269,385432,卖盘
475,10:02:04,14.33,0.03,5,7161,买盘
476,10:02:06,14.33,0.0,122,174766,买盘
477,10:02:09,14.33,0.0,18,25786,买盘
478,10:02:12,14.33,0.0,9,12897,买盘
479,10:02:19,14.33,0.0,1,1433,买盘
480,10:02:21,14.33,0.0,7,10027,买盘
481,10:02:27,14.32,-0.01,1,1432,中性盘
482,10:02:30,14.33,0.01,119,170522,买盘
483,10:02:36,14.33,0.0,1,1433,买盘
484,10:02:39,14.32,-0.01,4,5728,卖盘
485,10:02:42,14.33,0.01,31,44423,买盘
486,10:02:48,14.32,-0.01,4,5728,卖盘
487,10:02:52,14.33,0.01,9,12897,买盘
488,10:02:57,14.32,-0.01,7,10027,卖盘
489,10:03:06,14.33,0.01,3,4299,买盘
490,10:03:09,14.33,0.0,33,47284,买盘
491,10:03:13,14.33,0.0,1,1433,卖盘
492,10:03:21,14.36,0.03,8,11484,买盘
493,10:03:24,14.36,0.0,1,1436,卖盘
494,10:03:27,14.36,0.0,28,40160,买盘
495,10:03:36,14.37,0.01,15,21548,买盘
496,10:03:39,14.36,-0.01,1,1436,卖盘
497,10:03:42,14.37,0.01,4,5742,买盘
498,10:03:48,14.35,-0.02,1,1435,卖盘
499,10:03:51,14.36,0.01,1,1436,买盘
500,10:03:54,14.31,-0.05,187,267687,卖盘
501,10:03:57,14.3,-0.01,23,32909,卖盘
502,10:04:00,14.31,0.01,35,50085,买盘
503,10:04:03,14.31,0.0,145,207495,买盘
504,10:04:06,14.31,0.0,54,77274,买盘
505,10:04:09,14.31,0.0,73,104459,买盘
506,10:04:12,14.31,0.0,86,123066,买盘
507,10:04:18,14.3,-0.01,5,7151,卖盘
508,10:04:21,14.31,0.01,7,10017,买盘
509,10:04:24,14.36,0.05,22,31592,买盘
510,10:04:33,14.35,-0.01,9,12915,买盘
511,10:04:39,14.35,0.0,2,2870,买盘
512,10:04:43,14.35,0.0,10,14346,买盘
513,10:04:51,14.33,-0.02,6,8594,买盘
514,10:04:54,14.33,0.0,4,5732,买盘
515,10:04:57,14.33,0.0,6,8598,买盘
516,10:05:00,14.33,0.0,38,54420,买盘
517,10:05:06,14.35,0.02,6,8606,买盘
518,10:05:09,14.33,-0.02,62,88864,卖盘
519,10:05:15,14.35,0.02,4,5740,买盘
520,10:05:18,14.36,0.01,23,33014,买盘
521,10:05:21,14.36,0.0,8,11486,买盘
522,10:05:25,14.3,-0.06,382,546596,卖盘
523,10:05:28,14.3,0.0,33,47186,买盘
524,10:05:30,14.36,0.06,132,188979,买盘
525,10:05:33,14.36,0.0,43,61748,买盘
526,10:05:36,14.36,0.0,9,12924,买盘
527,10:05:40,14.37,0.01,45,64629,买盘
528,10:05:42,14.35,-0.02,58,83230,卖盘
529,10:05:45,14.37,0.02,63,90477,买盘
530,10:05:48,14.34,-0.03,54,77586,卖盘
531,10:05:54,14.37,0.03,23,33023,买盘
532,10:05:57,14.38,0.01,64,92005,买盘
533,10:06:01,14.37,-0.01,5,7185,买盘
534,10:06:06,14.38,0.01,33,47447,买盘
535,10:06:09,14.38,0.0,19,27314,买盘
536,10:06:19,14.38,0.0,3,4314,买盘
537,10:06:21,14.38,0.0,19,27322,买盘
538,10:06:24,14.38,0.0,1,1438,买盘
539,10:06:30,14.39,0.01,36,51648,买盘
540,10:06:33,14.3,-0.09,401,573683,卖盘
541,10:06:36,14.3,0.0,55,78650,买盘
542,10:06:39,14.3,0.0,66,94380,买盘
543,10:06:43,14.3,0.0,20,28600,买盘
544,10:06:46,14.29,-0.01,4,5716,卖盘
545,10:06:48,14.3,0.01,39,55770,买盘
546,10:06:51,14.3,0.0,1,1430,买盘
547,10:06:54,14.3,0.0,1,1430,买盘
548,10:06:57,14.3,0.0,18,25736,买盘
549,10:07:00,14.29,-0.01,19,27151,卖盘
550,10:07:03,14.3,0.01,26,37180,买盘
551,10:07:06,14.29,-0.01,35,50046,卖盘
552,10:07:09,14.3,0.01,2,2860,买盘
553,10:07:12,14.3,0.0,449,642069,买盘
554,10:07:21,14.36,0.06,70,100516,买盘
555,10:07:27,14.36,0.0,117,167408,买盘
556,10:07:33,14.36,0.0,30,43080,买盘
557,10:07:39,14.35,-0.01,34,48790,买盘
558,10:07:42,14.35,0.0,9,12915,买盘
559,10:07:45,14.31,-0.04,14,20050,卖盘
560,10:07:48,14.31,0.0,35,50109,买盘
561,10:07:51,14.34,0.03,4,5736,卖盘
562,10:07:54,14.35,0.01,10,14350,买盘
563,10:08:00,14.35,0.0,38,54418,买盘
564,10:08:03,14.35,0.0,12,17220,买盘
565,10:08:06,14.35,0.0,1,1435,买盘
566,10:08:09,14.35,0.0,32,45916,买盘
567,10:08:12,14.35,0.0,202,288985,买盘
568,10:08:15,14.35,0.0,3,4305,买盘
569,10:08:18,14.35,0.0,25,35871,买盘
570,10:08:21,14.33,-0.02,32,45908,卖盘
571,10:08:24,14.33,0.0,10,14338,卖盘
572,10:08:27,14.33,0.0,2,2866,卖盘
573,10:08:30,14.34,0.01,18,25792,买盘
574,10:08:33,14.34,0.0,2,2868,卖盘
575,10:08:36,14.34,0.0,7,10038,买盘
576,10:08:39,14.34,0.0,32,45903,买盘
577,10:08:42,14.32,-0.02,10,14320,卖盘
578,10:08:46,14.31,-0.01,8,11452,卖盘
579,10:08:48,14.31,0.0,34,48656,卖盘
580,10:08:51,14.34,0.03,15,21489,买盘
581,10:08:54,14.32,-0.02,16,22895,买盘
582,10:08:57,14.31,-0.01,9,12879,买盘
583,10:09:00,14.31,0.0,2,2862,买盘
584,10:09:03,14.32,0.01,3,4296,卖盘
585,10:09:06,14.32,0.0,15,21480,卖盘
586,10:09:09,14.34,0.02,31,44422,买盘
587,10:09:15,14.34,0.0,13,18642,买盘
588,10:09:21,14.31,-0.03,3,4297,卖盘
589,10:09:24,14.33,0.02,2,2866,买盘
590,10:09:30,14.34,0.01,23,32929,买盘
591,10:09:36,14.33,-0.01,37,53021,卖盘
592,10:09:39,14.34,0.01,5,7170,买盘
593,10:09:42,14.35,0.01,37,53082,买盘
594,10:09:45,14.34,-0.01,15,21520,中性盘
595,10:09:48,14.34,0.0,3,4302,卖盘
596,10:09:51,14.36,0.02,15,21533,买盘
597,10:09:57,14.36,0.0,1,1436,买盘
598,10:10:00,14.33,-0.03,17,24370,卖盘
599,10:10:06,14.36,0.03,5,7179,买盘
600,10:10:09,14.34,-0.02,4,5736,买盘
601,10:10:12,14.33,-0.01,43,61712,卖盘
602,10:10:16,14.36,0.03,1,1436,买盘
603,10:10:18,14.33,-0.03,67,96037,卖盘
604,10:10:21,14.33,0.0,21,30093,买盘
605,10:10:24,14.33,0.0,26,37258,买盘
606,10:10:27,14.33,0.0,98,140430,买盘
607,10:10:33,14.36,0.03,12,17230,买盘
608,10:10:36,14.36,0.0,28,40204,买盘
609,10:10:39,14.33,-0.03,6,8598,卖盘
610,10:10:42,14.37,0.04,31,44537,买盘
611,10:10:45,14.34,-0.03,1,1434,中性盘
612,10:10:48,14.37,0.03,9,12929,买盘
613,10:10:57,14.37,0.0,25,35881,买盘
614,10:11:00,14.34,-0.03,29,41632,卖盘
615,10:11:03,14.37,0.03,7,10059,买盘
616,10:11:06,14.37,0.0,6,8612,买盘
617,10:11:09,14.33,-0.04,319,457323,卖盘
618,10:11:12,14.33,0.0,40,57320,买盘
619,10:11:16,14.32,-0.01,4,5728,卖盘
620,10:11:19,14.33,0.01,65,93145,买盘
621,10:11:21,14.33,0.0,280,401240,买盘
622,10:11:27,14.36,0.03,17,24408,买盘
623,10:11:30,14.33,-0.03,25,35825,卖盘
624,10:11:33,14.37,0.04,17,24427,买盘
625,10:11:54,14.34,-0.03,1,1434,买盘
626,10:11:57,14.34,0.0,5,7166,买盘
627,10:12:00,14.37,0.03,50,71820,买盘
628,10:12:19,14.35,-0.02,11,15776,中性盘
629,10:12:22,14.36,0.01,19,27282,买盘
630,10:12:24,14.35,-0.01,2,2869,中性盘
631,10:12:27,14.34,-0.01,4,5736,卖盘
632,10:12:30,14.34,0.0,50,71763,卖盘
633,10:12:36,14.36,0.02,4,5744,买盘
634,10:12:48,14.35,-0.01,5,7171,买盘
635,10:12:54,14.35,0.0,9,12915,买盘
636,10:12:57,14.34,-0.01,3,4302,卖盘
637,10:13:00,14.35,0.01,34,48817,买盘
638,10:13:04,14.36,0.01,4,5741,买盘
639,10:13:09,14.35,-0.01,3,4305,买盘
640,10:13:15,14.36,0.01,10,14359,买盘
641,10:13:18,14.35,-0.01,8,11476,买盘
642,10:13:21,14.35,0.0,1,1435,中性盘
643,10:13:24,14.35,0.0,12,17220,卖盘
644,10:13:28,14.34,-0.01,4,5736,卖盘
645,10:13:30,14.36,0.02,31,44513,买盘
646,10:13:36,14.34,-0.02,7,10041,卖盘
647,10:13:48,14.35,0.01,52,74616,买盘
648,10:13:51,14.35,0.0,3,4305,卖盘
649,10:13:54,14.35,0.0,2,2870,卖盘
650,10:13:57,14.35,0.0,4,5740,卖盘
651,10:14:00,14.35,0.0,52,74655,卖盘
652,10:14:04,14.36,0.01,5,7178,买盘
653,10:14:06,14.36,0.0,86,123496,买盘
654,10:14:18,14.36,0.0,21,30172,卖盘
655,10:14:25,14.36,0.0,6,9765,卖盘
656,10:14:28,14.36,0.0,72,102312,卖盘
657,10:14:31,14.36,0.0,32,45952,买盘
658,10:14:33,14.35,-0.01,2,2870,卖盘
659,10:14:36,14.35,0.0,4,5740,卖盘
660,10:14:45,14.36,0.01,4,5744,买盘
661,10:14:48,14.35,-0.01,5,7175,卖盘
662,10:14:54,14.36,0.01,15,21540,买盘
663,10:14:57,14.35,-0.01,170,243953,卖盘
664,10:15:00,14.35,0.0,38,54530,买盘
665,10:15:06,14.35,0.0,29,41611,买盘
666,10:15:13,14.35,0.0,5,7175,买盘
667,10:15:15,14.35,0.0,82,117670,买盘
668,10:15:19,14.35,0.0,5,7171,买盘
669,10:15:27,14.34,-0.01,4,5736,卖盘
670,10:15:30,14.34,0.0,22,31548,卖盘
671,10:15:33,14.35,0.01,34,48790,买盘
672,10:15:37,14.34,-0.01,4,5736,卖盘
673,10:15:39,14.35,0.01,39,55965,买盘
674,10:15:45,14.35,0.0,100,143500,买盘
675,10:15:48,14.34,-0.01,4,5736,卖盘
676,10:15:52,14.34,0.0,1,1434,买盘
677,10:16:06,14.33,-0.01,51,73083,卖盘
678,10:16:09,14.34,0.01,13,18629,买盘
679,10:16:12,14.36,0.02,41,58841,买盘
680,10:16:24,14.34,-0.02,9,12906,卖盘
681,10:16:27,14.34,0.0,4,5736,卖盘
682,10:16:33,14.34,0.0,32,45888,卖盘
683,10:16:36,14.33,-0.01,4,5732,卖盘
684,10:16:39,14.33,0.0,8,11464,卖盘
685,10:16:42,14.36,0.03,31,44507,买盘
686,10:16:48,14.33,-0.03,5,7165,卖盘
687,10:16:54,14.33,0.0,74,106042,买盘
688,10:16:57,14.33,0.0,4,5732,卖盘
689,10:17:00,14.33,0.0,5,7165,卖盘
690,10:17:04,14.32,-0.01,24,34369,卖盘
691,10:17:06,14.33,0.01,4,5732,卖盘
692,10:17:09,14.33,0.0,4,5732,卖盘
693,10:17:12,14.35,0.02,31,44473,买盘
694,10:17:15,14.35,0.0,96,137577,买盘
695,10:17:19,14.33,-0.02,4,5732,卖盘
696,10:17:36,14.33,0.0,4,5732,卖盘
697,10:17:42,14.35,0.02,32,45916,买盘
698,10:17:48,14.33,-0.02,1,1433,卖盘
699,10:17:57,14.33,0.0,4,5732,卖盘
700,10:18:00,14.34,0.01,4,5736,买盘
701,10:18:04,14.34,0.0,1,1434,卖盘
702,10:18:06,14.34,0.0,4,5736,卖盘
703,10:18:12,14.35,0.01,31,44485,买盘
704,10:18:18,14.34,-0.01,4,5736,卖盘
705,10:18:21,14.35,0.01,3,4305,买盘
706,10:18:27,14.34,-0.01,4,5736,卖盘
707,10:18:30,14.34,0.0,23,32986,卖盘
708,10:18:36,14.34,0.0,5,7170,卖盘
709,10:18:39,14.34,0.0,4,5736,卖盘
710,10:18:42,14.36,0.02,31,44497,买盘
711,10:18:45,14.34,-0.02,14,20076,卖盘
712,10:18:48,14.34,0.0,1,1434,卖盘
713,10:18:54,14.34,0.0,2,2868,卖盘
714,10:18:57,14.34,0.0,4,5736,卖盘
715,10:19:00,14.35,0.01,3,4305,买盘
716,10:19:09,14.34,-0.01,4,5736,卖盘
717,10:19:12,14.35,0.01,1,1435,买盘
718,10:19:15,14.35,0.0,35,50225,买盘
719,10:19:18,14.35,0.0,14,20090,买盘
720,10:19:22,14.35,0.0,2,2870,卖盘
721,10:19:28,14.35,0.0,19,27265,卖盘
722,10:19:30,14.35,0.0,5,7175,买盘
723,10:19:36,14.34,-0.01,5,7170,卖盘
724,10:19:39,14.34,0.0,4,5736,卖盘
725,10:19:42,14.35,0.01,34,48790,买盘
726,10:19:48,14.34,-0.01,68,97570,卖盘
727,10:19:57,14.34,0.0,504,723236,卖盘
728,10:20:01,14.34,0.0,1,1434,卖盘
729,10:20:04,14.34,0.0,27,38718,卖盘
730,10:20:07,14.36,0.02,40,57434,买盘
731,10:20:09,14.36,0.0,32,45948,买盘
732,10:20:18,14.35,-0.01,79,113365,卖盘
733,10:20:21,14.36,0.01,10,14360,买盘
734,10:20:27,14.35,-0.01,18,25844,卖盘
735,10:20:34,14.36,0.01,100,144749,买盘
736,10:20:40,14.36,0.0,4,5744,卖盘
737,10:20:42,14.37,0.01,50,71850,买盘
738,10:20:48,14.36,-0.01,6,8616,卖盘
739,10:20:54,14.37,0.01,5,7185,买盘
740,10:20:57,14.36,-0.01,4,5744,卖盘
741,10:21:01,14.36,0.0,5,7184,卖盘
742,10:21:06,14.36,0.0,153,219985,卖盘
743,10:21:09,14.36,0.0,4,5744,卖盘
744,10:21:18,14.38,0.02,16,23004,买盘
745,10:21:21,14.36,-0.02,2,2873,卖盘
746,10:21:30,14.4,0.04,118,169804,买盘
747,10:21:33,14.36,-0.04,21,30166,卖盘
748,10:21:48,14.36,0.0,1,1436,卖盘
749,10:21:51,14.38,0.02,8,11500,买盘
750,10:21:54,14.38,0.0,14,20132,卖盘
751,10:22:00,14.37,-0.01,2,2874,卖盘
752,10:22:06,14.37,0.0,4,5748,卖盘
753,10:22:15,14.38,0.01,4,5752,买盘
754,10:22:18,14.37,-0.01,12,16224,卖盘
755,10:22:21,14.38,0.01,12,17256,买盘
756,10:22:24,14.38,0.0,7,10066,买盘
757,10:22:28,14.38,0.0,15,21570,买盘
758,10:22:33,14.38,0.0,10,14380,卖盘
759,10:22:36,14.38,0.0,14,20136,卖盘
760,10:22:39,14.39,0.01,4,5754,买盘
761,10:22:42,14.39,0.0,4,5755,买盘
762,10:22:48,14.37,-0.02,1,1437,卖盘
763,10:22:51,14.37,0.0,1,1437,卖盘
764,10:22:54,14.38,0.01,1,1438,买盘
765,10:22:57,14.37,-0.01,4,5748,卖盘
766,10:23:04,14.37,0.0,26,37362,卖盘
767,10:23:06,14.38,0.01,8,11500,买盘
768,10:23:09,14.38,0.0,7,10066,买盘
769,10:23:12,14.37,-0.01,10,14370,卖盘
770,10:23:15,14.36,-0.01,11,15804,卖盘
771,10:23:18,14.36,0.0,6,8616,卖盘
772,10:23:21,14.36,0.0,56,80416,卖盘
773,10:23:27,14.36,0.0,142,203912,卖盘
774,10:23:30,14.36,0.0,69,98955,卖盘
775,10:23:33,14.35,-0.01,92,132020,卖盘
776,10:23:36,14.35,0.0,47,67445,卖盘
777,10:23:40,14.35,0.0,103,147835,卖盘
778,10:23:43,14.36,0.01,71,101931,买盘
779,10:23:45,14.36,0.0,2,2872,买盘
780,10:23:48,14.34,-0.02,283,405942,卖盘
781,10:23:51,14.33,-0.01,9,12897,卖盘
782,10:23:54,14.34,0.01,44,63096,买盘
783,10:23:57,14.34,0.0,104,149132,买盘
784,10:24:04,14.34,0.0,9,12906,买盘
785,10:24:06,14.33,-0.01,7,10034,卖盘
786,10:24:09,14.33,0.0,93,133303,卖盘
787,10:24:19,14.32,-0.01,37,52984,卖盘
788,10:24:21,14.32,0.0,3,4296,卖盘
789,10:24:27,14.32,0.0,4,5728,卖盘
790,10:24:33,14.32,0.0,20,28643,卖盘
791,10:24:39,14.32,0.0,1,1432,卖盘
792,10:24:48,14.32,0.0,5,7160,卖盘
793,10:24:57,14.32,0.0,4,5728,卖盘
794,10:25:06,14.32,0.0,4,5728,卖盘
795,10:25:09,14.33,0.01,14,20052,买盘
796,10:25:18,14.33,0.0,1,1433,卖盘
797,10:25:27,14.32,-0.01,4,5728,卖盘
798,10:25:36,14.32,0.0,2,2864,卖盘
799,10:25:39,14.32,0.0,6,8592,卖盘
800,10:25:48,14.32,0.0,4,5728,卖盘
801,10:25:57,14.32,0.0,19,27208,卖盘
802,10:26:00,14.32,0.0,11,15752,卖盘
803,10:26:04,14.32,0.0,26,37232,卖盘
804,10:26:06,14.32,0.0,10,14320,卖盘
805,10:26:09,14.33,0.01,11,15759,买盘
806,10:26:18,14.32,-0.01,4,5728,卖盘
807,10:26:27,14.32,0.0,4,5728,卖盘
808,10:26:30,14.33,0.01,1,1433,买盘
809,10:26:40,14.32,-0.01,4,5728,卖盘
810,10:26:48,14.32,0.0,28,40123,卖盘
811,10:26:51,14.33,0.01,1,1433,卖盘
812,10:27:15,14.33,0.0,39,55887,卖盘
813,10:27:21,14.33,0.0,4,5732,买盘
814,10:27:27,14.33,0.0,1,1433,卖盘
815,10:27:30,14.33,0.0,3,4299,买盘
816,10:27:33,14.32,-0.01,15,21480,卖盘
817,10:27:36,14.33,0.01,5,7165,买盘
818,10:27:39,14.32,-0.01,4,5731,卖盘
819,10:27:42,14.33,0.01,1,1433,中性盘
820,10:27:48,14.33,0.0,4,5732,卖盘
821,10:27:54,14.35,0.02,8,11476,买盘
822,10:27:57,14.35,0.0,4,5740,卖盘
823,10:28:09,14.35,0.0,7,10045,卖盘
824,10:28:12,14.36,0.01,4,5744,买盘
825,10:28:16,14.36,0.0,1,1436,买盘
826,10:28:18,14.35,-0.01,4,5740,卖盘
827,10:28:27,14.35,0.0,4,5740,卖盘
828,10:28:30,14.35,0.0,5,7175,卖盘
829,10:28:33,14.36,0.01,3,4308,买盘
830,10:28:37,14.36,0.0,8,11617,买盘
831,10:28:39,14.36,0.0,4,5744,卖盘
832,10:28:48,14.36,0.0,4,5744,卖盘
833,10:28:57,14.36,0.0,9,12924,卖盘
834,10:29:00,14.35,-0.01,171,245259,卖盘
835,10:29:04,14.33,-0.02,25,35832,卖盘
836,10:29:09,14.34,0.01,1,1434,中性盘
837,10:29:15,14.34,0.0,3,4302,买盘
838,10:29:18,14.33,-0.01,4,5733,卖盘
839,10:29:24,14.35,0.02,32,45920,买盘
840,10:29:28,14.35,0.0,4,5740,卖盘
841,10:29:33,14.35,0.0,2,2870,卖盘
842,10:29:39,14.35,0.0,4,5740,卖盘
843,10:29:45,14.35,0.0,84,120540,卖盘
844,10:29:48,14.36,0.01,8,11484,买盘
845,10:29:51,14.35,-0.01,5,7175,卖盘
846,10:29:57,14.35,0.0,8,11484,卖盘
847,10:30:00,14.36,0.01,4,5744,买盘
848,10:30:07,14.35,-0.01,74,106190,卖盘
849,10:30:18,14.35,0.0,10,14346,买盘
850,10:30:21,14.35,0.0,4,5740,买盘
851,10:30:27,14.35,0.0,41,58833,买盘
852,10:30:30,14.34,-0.01,4,5736,买盘
853,10:30:33,14.35,0.01,1,1435,买盘
854,10:30:36,14.35,0.0,19,27238,买盘
855,10:30:42,14.34,-0.01,4,5736,买盘
856,10:30:48,14.34,0.0,4,5736,卖盘
857,10:30:57,14.34,0.0,4,5736,卖盘
858,10:31:00,14.35,0.01,4,5740,买盘
859,10:31:09,14.35,0.0,22,31566,买盘
860,10:31:12,14.35,0.0,4,5740,买盘
861,10:31:18,14.34,-0.01,2,2868,卖盘
862,10:31:27,14.33,-0.01,1,1433,卖盘
863,10:31:30,14.34,0.01,6,8600,买盘
864,10:31:40,14.34,0.0,1,1434,卖盘
865,10:31:42,14.35,0.01,34,48787,买盘
866,10:31:48,14.35,0.0,10,14350,卖盘
867,10:31:55,14.35,0.0,7,10049,卖盘
868,10:31:58,14.36,0.01,4,5744,买盘
869,10:32:01,14.35,-0.01,4,5740,卖盘
870,10:32:04,14.35,0.0,21,30135,卖盘
871,10:32:06,14.35,0.0,19,27265,卖盘
872,10:32:09,14.35,0.0,9,12915,卖盘
873,10:32:12,14.35,0.0,1,1435,买盘
874,10:32:19,14.35,0.0,4,5740,卖盘
875,10:32:21,14.36,0.01,4,5744,买盘
876,10:32:24,14.35,-0.01,5,7175,卖盘
877,10:32:30,14.36,0.01,11,15792,买盘
878,10:32:40,14.35,-0.01,4,5740,卖盘
879,10:32:46,14.35,0.0,1,1435,卖盘
880,10:32:48,14.35,0.0,5,7175,卖盘
881,10:32:51,14.35,0.0,28,40180,卖盘
882,10:32:54,14.34,-0.01,1,1434,卖盘
883,10:32:57,14.34,0.0,1,1434,卖盘
884,10:33:00,14.34,0.0,5,7170,卖盘
885,10:33:03,14.34,0.0,60,86070,卖盘
886,10:33:06,14.35,0.01,5,7175,买盘
887,10:33:10,14.34,-0.01,4,5736,卖盘
888,10:33:18,14.34,0.0,4,5736,卖盘
889,10:33:21,14.34,0.0,3,4302,卖盘
890,10:33:30,14.34,0.0,3,4302,卖盘
891,10:33:33,14.33,-0.01,17,24361,卖盘
892,10:33:39,14.33,0.0,5,7168,卖盘
893,10:33:45,14.35,0.02,3,4305,买盘
894,10:33:49,14.35,0.0,5,7171,买盘
895,10:33:52,14.36,0.01,3,4306,买盘
896,10:33:58,14.36,0.0,6,8616,买盘
897,10:34:00,14.35,-0.01,1,1435,中性盘
898,10:34:04,14.34,-0.01,1,1434,卖盘
899,10:34:06,14.34,0.0,1,1434,卖盘
900,10:34:09,14.34,0.0,9,12907,卖盘
901,10:34:12,14.36,0.02,43,61740,买盘
902,10:34:15,14.35,-0.01,34,48757,中性盘
903,10:34:18,14.35,0.0,27,38745,卖盘
904,10:34:22,14.37,0.02,107,153650,买盘
905,10:34:24,14.35,-0.02,2,2870,卖盘
906,10:34:27,14.35,0.0,33,47355,卖盘
907,10:34:33,14.34,-0.01,106,152004,卖盘
908,10:34:36,14.33,-0.01,1,1433,卖盘
909,10:34:39,14.34,0.01,95,136230,买盘
910,10:34:42,14.35,0.01,2,2870,买盘
911,10:34:45,14.35,0.0,1,1435,卖盘
912,10:34:48,14.35,0.0,18,25830,卖盘
913,10:34:57,14.35,0.0,1,1435,买盘
914,10:35:01,14.34,-0.01,4,5737,卖盘
915,10:35:04,14.33,-0.01,41,58799,卖盘
916,10:35:06,14.35,0.02,54,77487,买盘
917,10:35:09,14.35,0.0,16,22960,卖盘
918,10:35:12,14.35,0.0,22,31570,卖盘
919,10:35:18,14.35,0.0,43,61705,买盘
920,10:35:30,14.33,-0.02,12,17196,卖盘
921,10:35:36,14.34,0.01,1,1434,买盘
922,10:35:39,14.33,-0.01,7,10031,卖盘
923,10:35:42,14.34,0.01,3,4301,买盘
924,10:35:46,14.33,-0.01,1,1433,卖盘
925,10:35:49,14.32,-0.01,6,8592,卖盘
926,10:35:51,14.32,0.0,4,5728,卖盘
927,10:35:54,14.32,0.0,5,7163,卖盘
928,10:35:57,14.32,0.0,2,2864,卖盘
929,10:36:00,14.32,0.0,4,5728,卖盘
930,10:36:04,14.33,0.01,2,2865,买盘
931,10:36:09,14.32,-0.01,4,5728,卖盘
932,10:36:12,14.32,0.0,2,2865,卖盘
933,10:36:18,14.32,0.0,5,7160,卖盘
934,10:36:22,14.33,0.01,1,1433,买盘
935,10:36:28,14.32,-0.01,4,5728,卖盘
936,10:36:33,14.33,0.01,8,11464,买盘
937,10:36:36,14.32,-0.01,33,47256,卖盘
938,10:36:42,14.33,0.01,7,10031,买盘
939,10:36:45,14.32,-0.01,8,11456,卖盘
940,10:36:48,14.32,0.0,38,54421,卖盘
941,10:36:51,14.32,0.0,7,10024,买盘
942,10:36:57,14.31,-0.01,4,5724,卖盘
943,10:37:03,14.34,0.03,69,98899,买盘
944,10:37:12,14.33,-0.01,1,1433,买盘
945,10:37:18,14.33,0.0,48,68780,买盘
946,10:37:28,14.33,0.0,4,5732,卖盘
947,10:37:33,14.34,0.01,5,7170,买盘
948,10:37:39,14.33,-0.01,4,5732,卖盘
949,10:37:45,14.34,0.01,16,22944,买盘
950,10:37:49,14.33,-0.01,5,7165,卖盘
951,10:37:51,14.34,0.01,69,99806,买盘
952,10:37:57,14.34,0.0,5,7170,卖盘
953,10:38:06,14.34,0.0,15,21510,卖盘
954,10:38:09,14.34,0.0,4,5736,卖盘
955,10:38:12,14.34,0.0,1,1434,卖盘
956,10:38:15,14.34,0.0,6,7744,卖盘
957,10:38:18,14.35,0.01,108,155838,买盘
958,10:38:27,14.35,0.0,4,5740,卖盘
959,10:38:30,14.35,0.0,5,7175,卖盘
960,10:38:33,14.35,0.0,20,28700,卖盘
961,10:38:39,14.35,0.0,4,5740,卖盘
962,10:38:48,14.35,0.0,4,5740,卖盘
963,10:38:54,14.35,0.0,39,55965,卖盘
964,10:38:57,14.35,0.0,4,5740,卖盘
965,10:39:04,14.35,0.0,5,7175,卖盘
966,10:39:06,14.35,0.0,53,76055,卖盘
967,10:39:09,14.35,0.0,4,5740,卖盘
968,10:39:12,14.35,0.0,64,90979,卖盘
969,10:39:18,14.33,-0.02,4,5732,卖盘
970,10:39:27,14.33,0.0,4,5732,卖盘
971,10:39:36,14.32,-0.01,17,24353,卖盘
972,10:39:45,14.31,-0.01,1,1431,卖盘
973,10:39:48,14.31,0.0,4,5724,卖盘
974,10:39:51,14.31,0.0,21,30051,卖盘
975,10:39:57,14.31,0.0,4,5724,卖盘
976,10:40:00,14.31,0.0,6,8586,卖盘
977,10:40:10,14.31,0.0,4,5724,卖盘
978,10:40:18,14.31,0.0,4,5724,卖盘
979,10:40:22,14.32,0.01,70,100240,买盘
980,10:40:24,14.31,-0.01,604,864328,卖盘
981,10:40:28,14.32,0.01,272,389786,买盘
982,10:40:30,14.32,0.0,3,4296,卖盘
983,10:40:36,14.32,0.0,29,41242,卖盘
984,10:40:48,14.31,-0.01,4,5724,卖盘
985,10:40:57,14.31,0.0,4,5724,卖盘
986,10:41:06,14.3,-0.01,15,21451,卖盘
987,10:41:09,14.3,0.0,1020,1458600,卖盘
988,10:41:12,14.29,-0.01,15,21435,卖盘
989,10:41:18,14.29,0.0,4,5716,卖盘
990,10:41:21,14.3,0.01,17,24310,买盘
991,10:41:27,14.29,-0.01,54,77216,卖盘
992,10:41:30,14.29,0.0,49,70021,卖盘
993,10:41:36,14.29,0.0,10,14290,卖盘
994,10:41:39,14.29,0.0,4,5716,卖盘
995,10:41:42,14.28,-0.01,10,14280,卖盘
996,10:41:48,14.28,0.0,4,5712,卖盘
997,10:41:51,14.28,0.0,1,1428,卖盘
998,10:41:54,14.3,0.02,57,81467,买盘
999,10:41:57,14.3,0.0,4,5720,卖盘
1000,10:42:01,14.3,0.0,3,4290,卖盘
1001,10:42:04,14.3,0.0,7,10010,卖盘
1002,10:42:06,14.3,0.0,18,25740,卖盘
1003,10:42:09,14.28,-0.02,126,180180,卖盘
1004,10:42:15,14.28,0.0,40,57120,卖盘
1005,10:42:27,14.28,0.0,4,5712,卖盘
1006,10:42:30,14.28,0.0,5,7140,卖盘
1007,10:42:36,14.3,0.02,89,127234,买盘
1008,10:42:40,14.3,0.0,28,40040,卖盘
1009,10:42:46,14.3,0.0,102,145863,卖盘
1010,10:42:48,14.29,-0.01,4,5716,卖盘
1011,10:42:57,14.29,0.0,1,1429,卖盘
1012,10:43:06,14.29,0.0,1,1429,买盘
1013,10:43:09,14.28,-0.01,4,5712,卖盘
1014,10:43:18,14.28,0.0,4,5712,卖盘
1015,10:43:27,14.28,0.0,6,8570,卖盘
1016,10:43:30,14.29,0.01,6,8574,买盘
1017,10:43:39,14.28,-0.01,4,5712,卖盘
1018,10:43:48,14.28,0.0,8,11428,卖盘
1019,10:43:51,14.28,0.0,1,1428,卖盘
1020,10:43:54,14.28,0.0,65,92820,卖盘
1021,10:44:00,14.27,-0.01,4,5708,卖盘
1022,10:44:06,14.28,0.01,112,159911,买盘
1023,10:44:09,14.28,0.0,4,5712,卖盘
1024,10:44:27,14.29,0.01,4,5716,买盘
1025,10:44:30,14.29,0.0,4,5716,卖盘
1026,10:44:39,14.29,0.0,14,20006,卖盘
1027,10:44:45,14.28,-0.01,200,285613,卖盘
1028,10:44:48,14.3,0.02,13,18590,买盘
1029,10:44:58,14.29,-0.01,3,4287,买盘
1030,10:45:01,14.28,-0.01,4,5712,卖盘
1031,10:45:09,14.28,0.0,6,8568,卖盘
1032,10:45:19,14.27,-0.01,4,5708,卖盘
1033,10:45:21,14.28,0.01,1,1428,买盘
1034,10:45:24,14.28,0.0,1,1428,买盘
1035,10:45:30,14.28,0.0,4,5712,卖盘
1036,10:45:36,14.28,0.0,28,39984,卖盘
1037,10:45:40,14.3,0.02,108,154430,买盘
1038,10:45:48,14.3,0.0,4,5720,卖盘
1039,10:45:51,14.3,0.0,6,8580,卖盘
1040,10:46:00,14.31,0.01,5,7151,买盘
1041,10:46:06,14.32,0.01,6,8587,买盘
1042,10:46:15,14.31,-0.01,2,2862,买盘
1043,10:46:18,14.3,-0.01,4,5720,卖盘
1044,10:46:24,14.3,0.0,7,10010,卖盘
1045,10:46:31,14.32,0.02,12,17174,买盘
1046,10:46:36,14.3,-0.02,3,4290,卖盘
1047,10:46:39,14.35,0.05,100,143406,买盘
1048,10:47:03,14.33,-0.02,2,2866,买盘
1049,10:47:07,14.31,-0.02,17,24330,卖盘
1050,10:47:12,14.32,0.01,4,5728,买盘
1051,10:47:18,14.32,0.0,9,12888,卖盘
1052,10:47:24,14.32,0.0,1,1432,买盘
1053,10:47:30,14.3,-0.02,30,42900,卖盘
1054,10:47:33,14.3,0.0,3,4290,卖盘
1055,10:47:39,14.3,0.0,4,5720,卖盘
1056,10:47:42,14.3,0.0,30,42900,卖盘
1057,10:47:45,14.32,0.02,14,20043,买盘
1058,10:47:48,14.31,-0.01,2,2862,中性盘
1059,10:47:54,14.3,-0.01,30,42900,卖盘
1060,10:48:00,14.3,0.0,4,5720,卖盘
1061,10:48:06,14.3,0.0,30,42900,卖盘
1062,10:48:09,14.3,0.0,4,5720,卖盘
1063,10:48:15,14.3,0.0,31,44330,卖盘
1064,10:48:18,14.3,0.0,1,1430,买盘
1065,10:48:30,14.28,-0.02,34,48552,卖盘
1066,10:48:36,14.28,0.0,29,41412,卖盘
1067,10:48:39,14.28,0.0,6,8568,卖盘
1068,10:48:46,14.28,0.0,28,39984,买盘
1069,10:48:49,14.28,0.0,1,1428,卖盘
1070,10:48:51,14.28,0.0,33,47124,卖盘
1071,10:49:00,14.28,0.0,4,5712,卖盘
1072,10:49:04,14.28,0.0,30,42840,卖盘
1073,10:49:06,14.29,0.01,39,55731,买盘
1074,10:49:09,14.28,-0.01,4,5712,卖盘
1075,10:49:13,14.29,0.01,8,11432,买盘
1076,10:49:15,14.29,0.0,30,42870,卖盘
1077,10:49:21,14.29,0.0,4,5716,卖盘
1078,10:49:27,14.3,0.01,71,101500,买盘
1079,10:49:30,14.29,-0.01,4,5716,卖盘
1080,10:49:39,14.29,0.0,12,17148,卖盘
1081,10:49:48,14.29,0.0,24,34296,买盘
1082,10:49:51,14.28,-0.01,32,45714,卖盘
1083,10:50:00,14.29,0.01,25,35725,卖盘
1084,10:50:06,14.28,-0.01,20,28560,卖盘
1085,10:50:09,14.3,0.02,19,27153,买盘
1086,10:50:12,14.29,-0.01,4,5716,卖盘
1087,10:50:18,14.29,0.0,27,38583,买盘
1088,10:50:21,14.28,-0.01,4,5712,卖盘
1089,10:50:24,14.28,0.0,40,57131,卖盘
1090,10:50:36,14.28,0.0,30,42840,卖盘
1091,10:50:39,14.28,0.0,4,5712,卖盘
1092,10:50:45,14.3,0.02,40,57196,买盘
1093,10:50:48,14.28,-0.02,30,42840,卖盘
1094,10:50:54,14.29,0.01,4,5716,买盘
1095,10:51:01,14.29,0.0,34,48586,卖盘
1096,10:51:12,14.29,0.0,34,48586,卖盘
1097,10:51:21,14.29,0.0,4,5716,卖盘
1098,10:51:24,14.29,0.0,24,34296,卖盘
1099,10:51:30,14.28,-0.01,4,5712,卖盘
1100,10:51:33,14.29,0.01,10,14290,买盘
1101,10:51:36,14.28,-0.01,57,81396,卖盘
1102,10:51:39,14.28,0.0,4,5712,卖盘
1103,10:51:45,14.28,0.0,44,62858,卖盘
1104,10:51:57,14.28,0.0,13,18564,卖盘
1105,10:52:00,14.28,0.0,21,29988,买盘
1106,10:52:09,14.28,0.0,34,48552,卖盘
1107,10:52:18,14.28,0.0,4,5712,卖盘
1108,10:52:21,14.28,0.0,60,85680,卖盘
1109,10:52:30,14.28,0.0,4,5712,卖盘
1110,10:52:33,14.28,0.0,12,17136,卖盘
1111,10:52:39,14.27,-0.01,4,5708,卖盘
1112,10:52:46,14.27,0.0,30,42810,卖盘
1113,10:52:48,14.27,0.0,4,5708,卖盘
1114,10:52:57,14.29,0.02,58,82795,买盘
1115,10:53:00,14.27,-0.02,4,5708,卖盘
1116,10:53:06,14.27,0.0,24,34248,卖盘
1117,10:53:09,14.27,0.0,40,57080,卖盘
1118,10:53:18,14.27,0.0,16,22832,卖盘
1119,10:53:21,14.27,0.0,44,62788,卖盘
1120,10:53:30,14.27,0.0,34,48518,卖盘
1121,10:53:40,14.27,0.0,4,5708,卖盘
1122,10:53:45,14.28,0.01,68,97041,买盘
1123,10:53:48,14.28,0.0,2,2856,卖盘
1124,10:53:51,14.28,0.0,4,5712,买盘
1125,10:53:54,14.28,0.0,11,15715,卖盘
1126,10:53:57,14.28,0.0,8,11424,买盘
1127,10:54:01,14.28,0.0,9,12848,买盘
1128,10:54:04,14.28,0.0,5,7140,买盘
1129,10:54:06,14.28,0.0,37,52806,买盘
1130,10:54:09,14.27,-0.01,5,7136,卖盘
1131,10:54:15,14.29,0.02,4,5716,买盘
1132,10:54:18,14.27,-0.02,31,44239,卖盘
1133,10:54:21,14.29,0.02,8,11428,买盘
1134,10:54:27,14.29,0.0,1,1429,买盘
1135,10:54:30,14.28,-0.01,4,5715,卖盘
1136,10:54:33,14.29,0.01,14,20006,买盘
1137,10:54:36,14.27,-0.02,16,22832,卖盘
1138,10:54:39,14.28,0.01,4,5712,中性盘
1139,10:54:42,14.29,0.01,31,44255,买盘
1140,10:54:45,14.29,0.0,11,15719,买盘
1141,10:54:48,14.29,0.0,8,11428,买盘
1142,10:54:54,14.28,-0.01,15,21420,卖盘
1143,10:54:57,14.28,0.0,8,11424,买盘
1144,10:55:00,14.28,0.0,11,15704,买盘
1145,10:55:06,14.27,-0.01,32,45672,卖盘
1146,10:55:15,14.28,0.01,30,42840,卖盘
1147,10:55:19,14.28,0.0,4,5712,卖盘
1148,10:55:31,14.28,0.0,34,48552,卖盘
1149,10:55:33,14.28,0.0,5,7140,卖盘
1150,10:55:39,14.28,0.0,34,48552,卖盘
1151,10:55:48,14.28,0.0,4,5712,卖盘
1152,10:55:51,14.28,0.0,30,42840,卖盘
1153,10:56:00,14.28,0.0,4,5712,卖盘
1154,10:56:03,14.28,0.0,2,2856,卖盘
1155,10:56:06,14.27,-0.01,41,58521,卖盘
1156,10:56:09,14.28,0.01,8,11420,买盘
1157,10:56:15,14.27,-0.01,30,42810,卖盘
1158,10:56:18,14.27,0.0,4,5708,卖盘
1159,10:56:27,14.27,0.0,30,42810,卖盘
1160,10:56:30,14.27,0.0,4,5708,卖盘
1161,10:56:39,14.28,0.01,34,48522,买盘
1162,10:56:49,14.28,0.0,30,42840,卖盘
1163,10:56:51,14.28,0.0,2,2856,中性盘
1164,10:57:00,14.27,-0.01,34,48518,卖盘
1165,10:57:03,14.28,0.01,2,2856,买盘
1166,10:57:09,14.28,0.0,4,5712,卖盘
1167,10:57:12,14.28,0.0,30,42840,卖盘
1168,10:57:21,14.28,0.0,4,5712,卖盘
1169,10:57:24,14.28,0.0,30,42840,卖盘
1170,10:57:30,14.27,-0.01,4,5708,卖盘
1171,10:57:36,14.27,0.0,44,62802,卖盘
1172,10:57:39,14.27,0.0,39,55655,卖盘
1173,10:57:48,14.27,0.0,30,42810,卖盘
1174,10:57:51,14.27,0.0,4,5708,卖盘
1175,10:57:54,14.28,0.01,5,7140,买盘
1176,10:57:57,14.3,0.02,99,142700,买盘
1177,10:58:00,14.3,0.0,34,48620,卖盘
1178,10:58:09,14.3,0.0,4,5720,卖盘
1179,10:58:12,14.3,0.0,30,42900,卖盘
1180,10:58:18,14.31,0.01,1,1431,买盘
1181,10:58:21,14.3,-0.01,34,47476,卖盘
1182,10:58:27,14.29,-0.01,10,14290,卖盘
1183,10:58:30,14.29,0.0,4,5716,卖盘
1184,10:58:33,14.28,-0.01,30,42840,卖盘
1185,10:58:39,14.28,0.0,18,25704,卖盘
1186,10:58:45,14.28,0.0,9,12852,卖盘
1187,10:58:51,14.27,-0.01,4,5708,卖盘
1188,10:58:57,14.27,0.0,30,42810,卖盘
1189,10:59:00,14.28,0.01,26,37124,买盘
1190,10:59:04,14.28,0.0,28,39984,卖盘
1191,10:59:06,14.27,-0.01,36,51380,卖盘
1192,10:59:09,14.27,0.0,38,54230,卖盘
1193,10:59:12,14.27,0.0,1,1427,卖盘
1194,10:59:15,14.27,0.0,154,219758,卖盘
1195,10:59:21,14.26,-0.01,34,48484,卖盘
1196,10:59:24,14.27,0.01,9,12843,买盘
1197,10:59:27,14.27,0.0,4,5708,买盘
1198,10:59:30,14.26,-0.01,18,25671,卖盘
1199,10:59:33,14.26,0.0,36,51336,卖盘
1200,10:59:39,14.25,-0.01,4,5700,卖盘
1201,10:59:45,14.25,0.0,30,42750,卖盘
1202,10:59:52,14.25,0.0,13,18525,卖盘
1203,10:59:55,14.25,0.0,36,51306,卖盘
1204,10:59:57,14.26,0.01,8,11408,买盘
1205,11:00:00,14.25,-0.01,4,5700,卖盘
1206,11:00:06,14.25,0.0,30,42750,卖盘
1207,11:00:09,14.26,0.01,5,7126,买盘
1208,11:00:15,14.26,0.0,1,1426,买盘
1209,11:00:18,14.25,-0.01,30,42750,卖盘
1210,11:00:21,14.25,0.0,4,5700,卖盘
1211,11:00:27,14.26,0.01,10,14260,买盘
1212,11:00:30,14.25,-0.01,35,49876,卖盘
1213,11:00:33,14.26,0.01,1,1426,买盘
1214,11:00:36,14.25,-0.01,24,34200,卖盘
1215,11:00:42,14.25,0.0,34,48456,卖盘
1216,11:00:48,14.27,0.02,1,1427,买盘
1217,11:00:51,14.26,-0.01,4,5704,卖盘
1218,11:00:54,14.26,0.0,31,44206,卖盘
1219,11:01:00,14.26,0.0,4,5704,卖盘
1220,11:01:06,14.26,0.0,30,42780,卖盘
1221,11:01:09,14.26,0.0,5,7130,卖盘
1222,11:01:19,14.26,0.0,11,15686,卖盘
1223,11:01:21,14.26,0.0,3,4278,买盘
1224,11:01:27,14.25,-0.01,1,1425,卖盘
1225,11:01:30,14.25,0.0,34,48450,卖盘
1226,11:01:33,14.25,0.0,30,42750,卖盘
1227,11:01:39,14.25,0.0,34,48450,卖盘
1228,11:01:45,14.26,0.01,1,1426,买盘
1229,11:01:48,14.26,0.0,2,2852,买盘
1230,11:01:51,14.25,-0.01,37,52728,卖盘
1231,11:02:00,14.26,0.01,8,11408,买盘
1232,11:02:03,14.26,0.0,20,28520,卖盘
1233,11:02:09,14.25,-0.01,19,27075,卖盘
1234,11:02:12,14.26,0.01,3,4278,买盘
1235,11:02:15,14.25,-0.01,44,62721,卖盘
1236,11:02:21,14.25,0.0,4,5700,卖盘
1237,11:02:25,14.26,0.01,6,8556,买盘
1238,11:02:27,14.25,-0.01,31,44175,卖盘
1239,11:02:31,14.26,0.01,9,12830,买盘
1240,11:02:34,14.26,0.0,10,14260,买盘
1241,11:02:39,14.25,-0.01,36,51303,卖盘
1242,11:02:43,14.25,0.0,1,1425,卖盘
1243,11:02:45,14.25,0.0,53,75525,卖盘
1244,11:02:48,14.25,0.0,38,54150,卖盘
1245,11:02:51,14.25,0.0,130,185250,卖盘
1246,11:02:54,14.24,-0.01,53,75472,卖盘
1247,11:02:57,14.21,-0.03,63,89542,卖盘
1248,11:03:01,14.21,0.0,5,7105,卖盘
1249,11:03:04,14.21,0.0,5,7105,卖盘
1250,11:03:06,14.21,0.0,49,69616,买盘
1251,11:03:09,14.2,-0.01,15,21300,卖盘
1252,11:03:12,14.21,0.01,14,19890,买盘
1253,11:03:15,14.2,-0.01,70,99495,卖盘
1254,11:03:18,14.23,0.03,17,24191,买盘
1255,11:03:21,14.2,-0.03,4,5680,卖盘
1256,11:03:24,14.2,0.0,30,42600,卖盘
1257,11:03:27,14.2,0.0,26,36920,卖盘
1258,11:03:30,14.23,0.03,1,1423,买盘
1259,11:03:36,14.22,-0.01,52,73844,买盘
1260,11:03:39,14.24,0.02,106,150820,买盘
1261,11:03:43,14.2,-0.04,13,18500,卖盘
1262,11:03:45,14.21,0.01,4,5684,买盘
1263,11:03:48,14.24,0.03,10,14240,卖盘
1264,11:04:00,14.21,-0.03,30,42630,卖盘
1265,11:04:06,14.22,0.01,1,1422,买盘
1266,11:04:09,14.22,0.0,1,1422,买盘
1267,11:04:12,14.21,-0.01,23,32684,卖盘
1268,11:04:15,14.21,0.0,14,19894,买盘
1269,11:04:22,14.22,0.01,1,1422,买盘
1270,11:04:25,14.21,-0.01,18,25578,买盘
1271,11:04:27,14.21,0.0,23,32684,买盘
1272,11:04:30,14.2,-0.01,10,14206,卖盘
1273,11:04:33,14.21,0.01,10,14210,买盘
1274,11:04:36,14.2,-0.01,31,44023,卖盘
1275,11:04:43,14.2,0.0,10,14200,卖盘
1276,11:04:49,14.2,0.0,30,42600,卖盘
1277,11:04:57,14.2,0.0,6,8521,卖盘
1278,11:05:00,14.21,0.01,37,52547,买盘
1279,11:05:09,14.2,-0.01,24,34084,卖盘
1280,11:05:15,14.21,0.01,37,52577,买盘
1281,11:05:18,14.21,0.0,7,9947,买盘
1282,11:05:21,14.2,-0.01,4,5683,卖盘
1283,11:05:24,14.21,0.01,3,4263,买盘
1284,11:05:27,14.21,0.0,12,17051,买盘
1285,11:05:31,14.21,0.0,20,28420,买盘
1286,11:05:34,14.21,0.0,30,42630,卖盘
1287,11:05:37,14.22,0.01,1,1422,买盘
1288,11:05:39,14.22,0.0,1,1422,买盘
1289,11:05:42,14.22,0.0,9,12794,买盘
1290,11:05:45,14.21,-0.01,30,42631,卖盘
1291,11:05:48,14.22,0.01,5,7109,买盘
1292,11:05:51,14.23,0.01,7,9961,买盘
1293,11:05:54,14.25,0.02,9,12815,买盘
1294,11:05:57,14.23,-0.02,30,42690,卖盘
1295,11:06:00,14.24,0.01,9,12822,中性盘
1296,11:06:04,14.25,0.01,3,4275,卖盘
1297,11:06:06,14.25,0.0,1,1425,买盘
1298,11:06:09,14.22,-0.03,26,36990,卖盘
1299,11:06:13,14.22,0.0,4,5688,买盘
1300,11:06:16,14.25,0.03,4,5700,买盘
1301,11:06:21,14.23,-0.02,2,2846,卖盘
1302,11:06:24,14.23,0.0,12,17076,买盘
1303,11:06:27,14.22,-0.01,1,1422,卖盘
1304,11:06:30,14.23,0.01,20,28456,买盘
1305,11:06:34,14.22,-0.01,30,42661,卖盘
1306,11:06:37,14.24,0.02,2,2848,买盘
1307,11:06:40,14.22,-0.02,18,25602,卖盘
1308,11:06:42,14.23,0.01,7,9961,买盘
1309,11:06:45,14.23,0.0,37,52621,买盘
1310,11:06:51,14.22,-0.01,4,5688,卖盘
1311,11:06:54,14.22,0.0,19,27020,卖盘
1312,11:06:57,14.22,0.0,13,18486,买盘
1313,11:07:00,14.21,-0.01,4,5687,卖盘
1314,11:07:07,14.21,0.0,30,42630,卖盘
1315,11:07:10,14.21,0.0,1,1421,卖盘
1316,11:07:15,14.21,0.0,3,4263,买盘
1317,11:07:18,14.21,0.0,29,41213,卖盘
1318,11:07:21,14.23,0.02,4,5686,买盘
1319,11:07:24,14.23,0.0,5,7115,买盘
1320,11:07:27,14.22,-0.01,6,8537,卖盘
1321,11:07:30,14.22,0.0,3,4267,卖盘
1322,11:07:33,14.23,0.01,3,4267,买盘
1323,11:07:37,14.23,0.0,3,4269,买盘
1324,11:07:39,14.22,-0.01,3,4267,卖盘
1325,11:07:42,14.22,0.0,1,1422,买盘
1326,11:07:45,14.23,0.01,4,5691,买盘
1327,11:07:48,14.23,0.0,1,1423,买盘
1328,11:07:51,14.22,-0.01,1,1422,中性盘
1329,11:07:54,14.24,0.02,7,9960,买盘
1330,11:07:57,14.24,0.0,5,7120,买盘
1331,11:08:00,14.24,0.0,1,1424,买盘
1332,11:08:06,14.23,-0.01,1,1423,买盘
1333,11:08:09,14.22,-0.01,27,38396,卖盘
1334,11:08:13,14.23,0.01,1,1423,买盘
1335,11:08:16,14.24,0.01,3,4272,买盘
1336,11:08:18,14.23,-0.01,3,4270,卖盘
1337,11:08:21,14.23,0.0,4,5692,卖盘
1338,11:08:24,14.24,0.01,20,28480,买盘
1339,11:08:27,14.24,0.0,10,14239,买盘
1340,11:08:30,14.24,0.0,24,34176,卖盘
1341,11:08:40,14.24,0.0,4,5696,卖盘
1342,11:08:51,14.24,0.0,4,5696,卖盘
1343,11:08:54,14.25,0.01,2,2850,买盘
1344,11:08:57,14.25,0.0,2,2850,买盘
1345,11:09:00,14.24,-0.01,5,7121,卖盘
1346,11:09:06,14.25,0.01,10,14250,买盘
1347,11:09:09,14.24,-0.01,6,8548,卖盘
1348,11:09:12,14.25,0.01,9,12823,买盘
1349,11:09:21,14.24,-0.01,5,7121,卖盘
1350,11:09:27,14.24,0.0,1,1424,卖盘
1351,11:09:30,14.24,0.0,4,5696,卖盘
1352,11:09:36,14.25,0.01,10,14250,买盘
1353,11:09:39,14.24,-0.01,36,51271,卖盘
1354,11:09:42,14.25,0.01,8,11396,买盘
1355,11:09:51,14.24,-0.01,4,5696,卖盘
1356,11:10:00,14.24,0.0,4,5696,卖盘
1357,11:10:06,14.24,0.0,8,11392,卖盘
1358,11:10:09,14.24,0.0,7,9968,卖盘
1359,11:10:12,14.24,0.0,4,5696,卖盘
1360,11:10:16,14.25,0.01,14,19950,买盘
1361,11:10:21,14.24,-0.01,4,5696,卖盘
1362,11:10:24,14.25,0.01,4,5700,买盘
1363,11:10:27,14.24,-0.01,15,21374,卖盘
1364,11:10:30,14.24,0.0,11,15671,卖盘
1365,11:10:43,14.25,0.01,51,72671,买盘
1366,11:10:51,14.25,0.0,4,5700,卖盘
1367,11:11:00,14.25,0.0,4,5700,卖盘
1368,11:11:06,14.26,0.01,20,28520,买盘
1369,11:11:09,14.25,-0.01,24,34208,卖盘
1370,11:11:12,14.26,0.01,9,12830,买盘
1371,11:11:15,14.26,0.0,2,2852,买盘
1372,11:11:21,14.26,0.0,4,5704,卖盘
1373,11:11:28,14.26,0.0,20,28520,卖盘
1374,11:11:30,14.26,0.0,4,5704,卖盘
1375,11:11:42,14.27,0.01,25,35671,买盘
1376,11:11:45,14.27,0.0,26,37102,卖盘
1377,11:11:51,14.27,0.0,3,4281,卖盘
1378,11:12:00,14.26,-0.01,4,5704,卖盘
1379,11:12:04,14.26,0.0,5,7130,卖盘
1380,11:12:09,14.27,0.01,19,27113,买盘
1381,11:12:30,14.27,0.0,5,7135,买盘
1382,11:12:33,14.27,0.0,3,4281,买盘
1383,11:12:39,14.26,-0.01,22,31372,卖盘
1384,11:12:45,14.27,0.01,51,72777,买盘
1385,11:12:54,14.27,0.0,20,28540,买盘
1386,11:13:06,14.27,0.0,6,8562,买盘
1387,11:13:27,14.26,-0.01,20,28520,卖盘
1388,11:13:43,14.27,0.01,83,118407,买盘
1389,11:14:07,14.27,0.0,8,11416,卖盘
1390,11:14:09,14.27,0.0,21,29967,卖盘
1391,11:14:18,14.28,0.01,1,1428,买盘
1392,11:14:30,14.27,-0.01,7,9989,卖盘
1393,11:14:45,14.28,0.01,47,67116,买盘
1394,11:14:57,14.29,0.01,25,35706,买盘
1395,11:15:10,14.28,-0.01,1,1428,卖盘
1396,11:15:21,14.28,0.0,13,18564,卖盘
1397,11:15:39,14.27,-0.01,25,35675,卖盘
1398,11:15:42,14.27,0.0,20,28540,卖盘
1399,11:15:45,14.27,0.0,14,19978,卖盘
1400,11:15:48,14.28,0.01,72,102789,买盘
1401,11:16:12,14.27,-0.01,1,1427,卖盘
1402,11:16:15,14.27,0.0,2,2854,卖盘
1403,11:16:18,14.27,0.0,1,1427,买盘
1404,11:16:21,14.27,0.0,11,15697,卖盘
1405,11:16:27,14.29,0.02,100,142834,买盘
1406,11:16:48,14.28,-0.01,6,8568,买盘
1407,11:16:57,14.29,0.01,8,11432,买盘
1408,11:17:01,14.3,0.01,10,14294,买盘
1409,11:17:09,14.28,-0.02,27,38556,卖盘
1410,11:17:21,14.28,0.0,22,31416,卖盘
1411,11:17:39,14.29,0.01,10,14290,买盘
1412,11:17:48,14.29,0.0,6,8574,买盘
1413,11:18:06,14.3,0.01,27,39754,买盘
1414,11:18:09,14.3,0.0,4,5720,卖盘
1415,11:18:12,14.31,0.01,1,1431,买盘
1416,11:18:30,14.3,-0.01,52,74360,卖盘
1417,11:18:42,14.3,0.0,26,37180,卖盘
1418,11:18:48,14.3,0.0,19,27170,卖盘
1419,11:18:51,14.31,0.01,31,44361,买盘
1420,11:18:54,14.31,0.0,4,5724,卖盘
1421,11:18:57,14.31,0.0,1,1431,卖盘
1422,11:19:03,14.31,0.0,8,11448,卖盘
1423,11:19:13,14.31,0.0,10,14310,卖盘
1424,11:19:21,14.32,0.01,10,14320,买盘
1425,11:19:36,14.31,-0.01,30,42930,卖盘
1426,11:19:51,14.31,0.0,46,65826,买盘
1427,11:19:54,14.31,0.0,5,7155,卖盘
1428,11:20:12,14.31,0.0,39,55785,买盘
1429,11:20:15,14.31,0.0,2,2862,卖盘
1430,11:20:21,14.31,0.0,14,20034,卖盘
1431,11:20:24,14.31,0.0,3,4293,卖盘
1432,11:20:33,14.32,0.01,23,32936,买盘
1433,11:20:36,14.3,-0.02,12,17160,卖盘
1434,11:20:45,14.3,0.0,2,2860,卖盘
1435,11:20:51,14.32,0.02,38,54416,买盘
1436,11:20:54,14.32,0.0,4,5728,卖盘
1437,11:21:04,14.32,0.0,2,2864,卖盘
1438,11:21:37,14.33,0.01,54,77380,买盘
1439,11:21:42,14.33,0.0,22,31526,卖盘
1440,11:21:45,14.34,0.01,30,43020,买盘
1441,11:21:54,14.34,0.0,92,131928,买盘
1442,11:21:58,14.34,0.0,10,14340,买盘
1443,11:22:15,14.34,0.0,28,40151,买盘
1444,11:22:30,14.34,0.0,18,25812,卖盘
1445,11:22:48,14.34,0.0,14,20076,卖盘
1446,11:22:54,14.35,0.01,64,91840,买盘
1447,11:22:57,14.35,0.0,200,287000,买盘
1448,11:23:03,14.35,0.0,150,215250,买盘
1449,11:23:06,14.35,0.0,10,14350,买盘
1450,11:23:09,14.35,0.0,1,1435,买盘
1451,11:23:12,14.34,-0.01,22,31549,卖盘
1452,11:23:27,14.35,0.01,8,11480,卖盘
1453,11:23:30,14.35,0.0,6,8610,卖盘
1454,11:23:45,14.34,-0.01,2,2868,买盘
1455,11:23:48,14.35,0.01,21,30135,买盘
1456,11:23:51,14.34,-0.01,20,28680,卖盘
1457,11:23:54,14.35,0.01,50,71750,买盘
1458,11:24:00,14.34,-0.01,6,8605,卖盘
1459,11:24:03,14.36,0.02,30,43052,买盘
1460,11:24:06,14.34,-0.02,4,5736,买盘
1461,11:24:12,14.34,0.0,2,2868,卖盘
1462,11:24:30,14.35,0.01,174,249690,买盘
1463,11:24:42,14.35,0.0,20,28700,卖盘
1464,11:24:48,14.35,0.0,106,152110,卖盘
1465,11:24:57,14.35,0.0,6,8610,买盘
1466,11:25:15,14.35,0.0,21,30135,卖盘
1467,11:25:18,14.36,0.01,1,1436,买盘
1468,11:25:24,14.36,0.0,20,28720,买盘
1469,11:25:27,14.36,0.0,30,43080,买盘
1470,11:25:30,14.36,0.0,5,7180,卖盘
1471,11:25:49,14.36,0.0,33,47392,卖盘
1472,11:25:57,14.36,0.0,31,44516,买盘
1473,11:26:00,14.36,0.0,16,22976,卖盘
1474,11:26:04,14.36,0.0,13,18668,卖盘
1475,11:26:06,14.35,-0.01,4,5740,卖盘
1476,11:26:09,14.35,0.0,4,5740,买盘
1477,11:26:12,14.34,-0.01,18,25812,卖盘
1478,11:26:18,14.34,0.0,11,15774,卖盘
1479,11:26:21,14.34,0.0,10,14340,卖盘
1480,11:26:24,14.34,0.0,5,7170,卖盘
1481,11:26:30,14.34,0.0,1,1434,卖盘
1482,11:26:39,14.34,0.0,10,14340,卖盘
1483,11:26:42,14.34,0.0,17,24378,卖盘
1484,11:26:45,14.34,0.0,1,1434,卖盘
1485,11:26:48,14.33,-0.01,69,98907,卖盘
1486,11:26:57,14.33,0.0,35,50155,买盘
1487,11:27:00,14.33,0.0,10,14330,卖盘
1488,11:27:04,14.33,0.0,5,7165,卖盘
1489,11:27:09,14.33,0.0,5,7165,买盘
1490,11:27:24,14.35,0.02,105,150575,买盘
1491,11:27:39,14.35,0.0,4,5740,买盘
1492,11:27:42,14.35,0.0,4,5740,买盘
1493,11:27:45,14.31,-0.04,22,31468,卖盘
1494,11:27:48,14.31,0.0,9,12879,买盘
1495,11:27:57,14.34,0.03,30,43020,买盘
1496,11:28:09,14.34,0.0,11,15774,卖盘
1497,11:28:24,14.34,0.0,9,12906,卖盘
1498,11:28:27,14.34,0.0,30,43020,卖盘
1499,11:28:30,14.34,0.0,4,5736,买盘
1500,11:28:33,14.34,0.0,3,4302,卖盘
1501,11:28:36,14.34,0.0,7,10038,卖盘
1502,11:28:45,14.34,0.0,5,7170,买盘
1503,11:28:54,14.3,-0.04,10,14309,卖盘
1504,11:28:57,14.31,0.01,6,8586,买盘
1505,11:29:00,14.34,0.03,50,71700,买盘
1506,11:29:12,14.3,-0.04,23,32890,卖盘
1507,11:29:27,14.33,0.03,5,7165,买盘
1508,11:29:42,14.33,0.0,3,4299,买盘
1509,11:29:45,14.31,-0.02,1,1431,卖盘
1510,11:29:57,14.31,0.0,2,2862,卖盘
1511,11:30:00,14.34,0.03,100,143346,买盘
1512,13:00:00,14.31,-0.03,20,28620,卖盘
1513,13:00:04,14.34,0.03,308,441954,买盘
1514,13:00:06,14.34,0.0,1,1434,卖盘
1515,13:00:33,14.34,0.0,52,74568,卖盘
1516,13:00:36,14.34,0.0,20,28680,卖盘
1517,13:00:39,14.34,0.0,8,11472,卖盘
1518,13:00:42,14.34,0.0,21,30114,卖盘
1519,13:00:48,14.34,0.0,20,28680,卖盘
1520,13:00:51,14.34,0.0,13,18642,卖盘
1521,13:00:54,14.34,0.0,48,68832,卖盘
1522,13:00:57,14.34,0.0,52,74568,卖盘
1523,13:01:04,14.34,0.0,12,17208,买盘
1524,13:01:06,14.34,0.0,8,11472,卖盘
1525,13:01:09,14.34,0.0,4,5736,卖盘
1526,13:01:27,14.35,0.01,9,12915,买盘
1527,13:01:30,14.35,0.0,14,20090,买盘
1528,13:01:36,14.35,0.0,2,2869,买盘
1529,13:01:39,14.34,-0.01,4,5738,卖盘
1530,13:01:51,14.35,0.01,3,4305,买盘
1531,13:01:54,14.34,-0.01,2,2868,卖盘
1532,13:01:57,14.35,0.01,18,25830,买盘
1533,13:02:04,14.36,0.01,50,71800,买盘
1534,13:02:06,14.35,-0.01,1,1435,卖盘
1535,13:02:12,14.35,0.0,20,28700,卖盘
1536,13:02:15,14.33,-0.02,38,54491,卖盘
1537,13:02:18,14.35,0.02,8,11470,中性盘
1538,13:02:21,14.36,0.01,66,94776,买盘
1539,13:02:30,14.35,-0.01,1,1435,买盘
1540,13:02:39,14.36,0.01,2,2871,买盘
1541,13:02:42,14.35,-0.01,2,2870,买盘
1542,13:02:45,14.35,0.0,1,1435,卖盘
1543,13:03:04,14.35,0.0,23,33005,买盘
1544,13:03:06,14.36,0.01,10,14360,买盘
1545,13:03:09,14.36,0.0,19,27283,买盘
1546,13:03:15,14.36,0.0,3,4308,买盘
1547,13:03:21,14.36,0.0,3,4308,买盘
1548,13:03:24,14.35,-0.01,5,7175,卖盘
1549,13:03:27,14.35,0.0,114,163590,卖盘
1550,13:03:30,14.35,0.0,3,4305,买盘
1551,13:03:33,14.35,0.0,3,4305,买盘
1552,13:03:36,14.33,-0.02,2,2868,卖盘
1553,13:03:42,14.35,0.02,10,14350,买盘
1554,13:03:45,14.33,-0.02,20,28660,卖盘
1555,13:03:54,14.35,0.02,5,7173,买盘
1556,13:04:04,14.35,0.0,3,4305,买盘
1557,13:04:06,14.35,0.0,13,18655,买盘
1558,13:04:09,14.36,0.01,20,28703,买盘
1559,13:04:12,14.36,0.0,4,5743,买盘
1560,13:04:18,14.36,0.0,3,4308,买盘
1561,13:04:21,14.33,-0.03,50,71688,卖盘
1562,13:04:25,14.36,0.03,1,1436,买盘
1563,13:04:27,14.35,-0.01,10,14350,卖盘
1564,13:04:30,14.35,0.0,4,5740,买盘
1565,13:04:33,14.35,0.0,5,7175,卖盘
1566,13:04:39,14.36,0.01,4,5743,买盘
1567,13:04:42,14.36,0.0,1,1436,买盘
1568,13:04:57,14.36,0.0,2,2872,买盘
1569,13:05:06,14.36,0.0,50,71800,买盘
1570,13:05:09,14.36,0.0,124,178064,买盘
1571,13:05:12,14.36,0.0,1,1436,卖盘
1572,13:05:15,14.36,0.0,51,73236,卖盘
1573,13:05:18,14.36,0.0,28,40210,卖盘
1574,13:05:21,14.36,0.0,15,21528,买盘
1575,13:05:27,14.36,0.0,7,10034,买盘
1576,13:05:39,14.36,0.0,2,2871,买盘
1577,13:05:48,14.35,-0.01,3,4305,买盘
1578,13:05:51,14.35,0.0,2,2870,买盘
1579,13:06:07,14.35,0.0,50,71750,买盘
1580,13:06:10,14.33,-0.02,1,1433,卖盘
1581,13:06:12,14.33,0.0,4,5736,卖盘
1582,13:06:18,14.35,0.02,2,2870,买盘
1583,13:06:27,14.35,0.0,6,8610,买盘
1584,13:06:33,14.35,0.0,2,2870,买盘
1585,13:06:45,14.33,-0.02,45,64485,卖盘
1586,13:06:48,14.35,0.02,3,4305,买盘
1587,13:07:00,14.33,-0.02,14,20062,卖盘
1588,13:07:09,14.35,0.02,40,57400,买盘
1589,13:07:12,14.35,0.0,10,14350,卖盘
1590,13:07:15,14.35,0.0,32,45920,买盘
1591,13:07:24,14.35,0.0,1,1435,卖盘
1592,13:07:27,14.35,0.0,10,14350,卖盘
1593,13:07:33,14.36,0.01,4,5744,买盘
1594,13:07:45,14.36,0.0,30,43080,买盘
1595,13:07:51,14.36,0.0,6,8616,买盘
1596,13:07:54,14.36,0.0,46,66056,买盘
1597,13:08:00,14.36,0.0,30,43080,买盘
1598,13:08:03,14.36,0.0,11,15796,买盘
1599,13:08:06,14.36,0.0,19,27298,卖盘
1600,13:08:09,14.36,0.0,51,73286,卖盘
1601,13:08:15,14.37,0.01,23,33018,买盘
1602,13:08:18,14.36,-0.01,3,4310,中性盘
1603,13:08:24,14.37,0.01,14,20114,买盘
1604,13:08:27,14.36,-0.01,6,8616,买盘
1605,13:08:57,14.36,0.0,4,5744,卖盘
1606,13:09:00,14.36,0.0,3,4308,卖盘
1607,13:09:03,14.36,0.0,4,5744,卖盘
1608,13:09:07,14.36,0.0,7,10052,买盘
1609,13:09:10,14.37,0.01,56,80471,买盘
1610,13:09:33,14.37,0.0,25,34617,买盘
1611,13:09:36,14.37,0.0,9,12933,卖盘
1612,13:09:39,14.37,0.0,14,20118,卖盘
1613,13:09:42,14.37,0.0,13,19989,卖盘
1614,13:09:45,14.37,0.0,26,37338,买盘
1615,13:09:48,14.37,0.0,1,1437,买盘
1616,13:09:54,14.37,0.0,20,28740,买盘
1617,13:09:57,14.37,0.0,19,27303,买盘
1618,13:10:00,14.37,0.0,9,12933,买盘
1619,13:10:04,14.38,0.01,69,99207,买盘
1620,13:10:06,14.37,-0.01,23,33055,卖盘
1621,13:10:09,14.36,-0.01,4,5748,卖盘
1622,13:10:12,14.37,0.01,2,2874,买盘
1623,13:10:18,14.38,0.01,5,7190,买盘
1624,13:10:27,14.38,0.0,20,28760,买盘
1625,13:10:48,14.36,-0.02,5,7182,卖盘
1626,13:10:57,14.37,0.01,9,12933,买盘
1627,13:11:00,14.37,0.0,1,1437,卖盘
1628,13:11:06,14.38,0.01,5,7187,买盘
1629,13:11:10,14.36,-0.02,1,1436,卖盘
1630,13:11:13,14.37,0.01,7,10059,买盘
1631,13:11:16,14.37,0.0,18,25866,卖盘
1632,13:11:24,14.37,0.0,4,5748,卖盘
1633,13:11:30,14.37,0.0,11,15807,卖盘
1634,13:11:33,14.37,0.0,1,1437,卖盘
1635,13:11:36,14.38,0.01,20,28760,买盘
1636,13:11:42,14.38,0.0,8,11504,买盘
1637,13:11:48,14.37,-0.01,26,37365,卖盘
1638,13:11:57,14.37,0.0,11,15807,买盘
1639,13:12:07,14.37,0.0,4,5748,买盘
1640,13:12:09,14.36,-0.01,1,1436,卖盘
1641,13:12:12,14.37,0.01,22,31614,买盘
1642,13:12:42,14.36,-0.01,189,271451,卖盘
1643,13:12:45,14.36,0.0,23,33028,卖盘
1644,13:12:54,14.36,0.0,10,14360,卖盘
1645,13:12:57,14.36,0.0,26,37336,卖盘
1646,13:13:04,14.36,0.0,1,1436,卖盘
1647,13:13:06,14.36,0.0,9,12924,卖盘
1648,13:13:09,14.36,0.0,4,5744,卖盘
1649,13:13:15,14.36,0.0,12,17232,买盘
1650,13:13:21,14.37,0.01,1,1437,买盘
1651,13:13:30,14.37,0.0,1,1437,买盘
1652,13:14:03,14.36,-0.01,26,37336,卖盘
1653,13:14:10,14.36,0.0,1,1436,卖盘
1654,13:14:13,14.37,0.01,20,28740,买盘
1655,13:14:15,14.36,-0.01,54,77594,卖盘
1656,13:14:36,14.36,0.0,7,10052,卖盘
1657,13:14:42,14.36,0.0,7,10052,卖盘
1658,13:14:57,14.36,0.0,1,1436,买盘
1659,13:15:04,14.36,0.0,6,8616,买盘
1660,13:15:06,14.36,0.0,2,2872,卖盘
1661,13:15:09,14.36,0.0,5,7184,卖盘
1662,13:15:15,14.37,0.01,50,71850,买盘
1663,13:15:24,14.37,0.0,9,12933,买盘
1664,13:15:27,14.36,-0.01,12,17232,卖盘
1665,13:15:33,14.35,-0.01,13,18655,卖盘
1666,13:15:39,14.36,0.01,4,5744,买盘
1667,13:15:42,14.36,0.0,1,1436,买盘
1668,13:15:45,14.35,-0.01,21,30135,卖盘
1669,13:16:00,14.35,0.0,5,7175,卖盘
1670,13:16:03,14.35,0.0,10,14350,卖盘
1671,13:16:18,14.36,0.01,27,38772,买盘
1672,13:16:21,14.36,0.0,16,22976,卖盘
1673,13:16:48,14.37,0.01,25,35925,买盘
1674,13:16:54,14.37,0.0,9,12933,买盘
1675,13:16:57,14.36,-0.01,14,20104,卖盘
1676,13:17:04,14.35,-0.01,12,17222,卖盘
1677,13:17:06,14.36,0.01,5,7180,中性盘
1678,13:17:18,14.36,0.0,37,53104,买盘
1679,13:17:30,14.36,0.0,2,2872,卖盘
1680,13:17:51,14.37,0.01,1,1437,买盘
1681,13:17:57,14.37,0.0,9,12933,买盘
1682,13:18:18,14.37,0.0,34,48858,买盘
1683,13:18:21,14.37,0.0,16,22992,卖盘
1684,13:18:27,14.35,-0.02,21,30139,卖盘
1685,13:18:33,14.36,0.01,1,1436,卖盘
1686,13:18:39,14.36,0.0,7,10052,买盘
1687,13:18:42,14.35,-0.01,3,4305,卖盘
1688,13:18:45,14.36,0.01,12,17232,买盘
1689,13:18:48,14.36,0.0,30,43080,卖盘
1690,13:18:51,14.38,0.02,173,247450,买盘
1691,13:18:54,14.38,0.0,27,40135,卖盘
1692,13:18:57,14.36,-0.02,4,5744,卖盘
1693,13:19:00,14.37,0.01,32,45984,卖盘
1694,13:19:04,14.37,0.0,27,38799,卖盘
1695,13:19:06,14.35,-0.02,87,124922,卖盘
1696,13:19:09,14.35,0.0,134,192290,卖盘
1697,13:19:12,14.35,0.0,41,58835,卖盘
1698,13:19:15,14.35,0.0,3,4305,卖盘
1699,13:19:18,14.34,-0.01,3,4302,卖盘
1700,13:19:21,14.35,0.01,15,21522,买盘
1701,13:19:24,14.35,0.0,45,64582,卖盘
1702,13:19:28,14.34,-0.01,1,1434,卖盘
1703,13:19:33,14.34,0.0,28,40152,卖盘
1704,13:19:39,14.34,0.0,5,7170,卖盘
1705,13:19:42,14.35,0.01,6,8610,买盘
1706,13:20:04,14.35,0.0,2,2870,卖盘
1707,13:20:18,14.35,0.0,66,94710,卖盘
1708,13:20:21,14.36,0.01,34,48824,买盘
1709,13:20:24,14.37,0.01,25,35907,中性盘
1710,13:20:39,14.38,0.01,32,46001,买盘
1711,13:20:45,14.35,-0.03,1,1435,卖盘
1712,13:20:54,14.35,0.0,1,1435,卖盘
1713,13:21:00,14.35,0.0,4,5740,卖盘
1714,13:21:03,14.35,0.0,8,11480,卖盘
1715,13:21:21,14.36,0.01,51,73236,买盘
1716,13:21:24,14.35,-0.01,6,8615,卖盘
1717,13:21:28,14.37,0.02,9,12933,买盘
1718,13:21:30,14.35,-0.02,4,5740,卖盘
1719,13:21:36,14.35,0.0,2,2870,卖盘
1720,13:21:48,14.35,0.0,25,35875,卖盘
1721,13:22:06,14.35,0.0,11,15785,卖盘
1722,13:22:12,14.36,0.01,78,112008,买盘
1723,13:22:24,14.37,0.01,15,21555,买盘
1724,13:22:27,14.36,-0.01,29,41644,卖盘
1725,13:22:52,14.36,0.0,4,5744,买盘
1726,13:22:57,14.36,0.0,7,10052,买盘
1727,13:23:18,14.35,-0.01,19,27266,卖盘
1728,13:23:27,14.35,0.0,4,5740,卖盘
1729,13:23:30,14.36,0.01,13,18658,买盘
1730,13:23:33,14.36,0.0,71,101956,买盘
1731,13:24:39,14.36,0.0,10,14360,买盘
1732,13:24:48,14.35,-0.01,24,34440,卖盘
1733,13:24:51,14.36,0.01,1,1436,买盘
1734,13:24:54,14.36,0.0,8,11488,买盘
1735,13:24:57,14.35,-0.01,3,4305,卖盘
1736,13:25:12,14.35,0.0,7,10045,卖盘
1737,13:25:24,14.35,0.0,3,4305,卖盘
1738,13:25:36,14.35,0.0,1,1435,卖盘
1739,13:25:39,14.35,0.0,29,41615,卖盘
1740,13:25:42,14.36,0.01,35,50232,买盘
1741,13:25:52,14.36,0.0,443,636148,买盘
1742,13:26:00,14.36,0.0,9,12924,卖盘
1743,13:26:03,14.36,0.0,14,20104,卖盘
1744,13:26:15,14.36,0.0,30,43080,卖盘
1745,13:26:18,14.35,-0.01,19,27271,卖盘
1746,13:26:30,14.36,0.01,1,1436,买盘
1747,13:26:36,14.36,0.0,12,17232,买盘
1748,13:26:42,14.36,0.0,11,15796,买盘
1749,13:26:45,14.36,0.0,4,5744,买盘
1750,13:26:48,14.36,0.0,1,1436,买盘
1751,13:27:16,14.35,-0.01,25,35875,卖盘
1752,13:27:21,14.36,0.01,7,10052,买盘
1753,13:27:27,14.37,0.01,100,143675,买盘
1754,13:27:48,14.35,-0.02,25,35875,卖盘
1755,13:28:12,14.36,0.01,2,2872,买盘
1756,13:28:15,14.35,-0.01,5,7175,卖盘
1757,13:28:18,14.36,0.01,9,12924,买盘
1758,13:28:48,14.36,0.0,41,58876,买盘
1759,13:28:51,14.36,0.0,9,12924,卖盘
1760,13:29:18,14.35,-0.01,19,27265,卖盘
1761,13:29:24,14.37,0.02,10,14370,买盘
1762,13:30:24,14.37,0.0,9,12933,买盘
1763,13:30:27,14.37,0.0,5,7185,买盘
1764,13:30:33,14.37,0.0,1,1437,买盘
1765,13:30:48,14.35,-0.02,24,34440,卖盘
1766,13:31:07,14.36,0.01,8,11481,买盘
1767,13:31:10,14.35,-0.01,9,12915,卖盘
1768,13:31:12,14.36,0.01,9,12924,买盘
1769,13:31:42,14.36,0.0,20,28720,买盘
1770,13:31:48,14.35,-0.01,1,1435,卖盘
1771,13:31:54,14.36,0.01,7,10052,买盘
1772,13:32:00,14.35,-0.01,4,5743,卖盘
1773,13:32:12,14.36,0.01,2,2872,买盘
1774,13:32:18,14.35,-0.01,22,31570,卖盘
1775,13:32:30,14.35,0.0,25,35875,卖盘
1776,13:32:33,14.35,0.0,1,1435,卖盘
1777,13:32:42,14.36,0.01,15,21540,买盘
1778,13:32:45,14.35,-0.01,1,1435,卖盘
1779,13:32:48,14.35,0.0,32,45928,卖盘
1780,13:32:54,14.35,0.0,3,4305,卖盘
1781,13:33:00,14.36,0.01,64,91904,买盘
1782,13:33:04,14.36,0.0,16,22976,卖盘
1783,13:33:27,14.37,0.01,18,25864,买盘
1784,13:33:30,14.37,0.0,2,2874,买盘
1785,13:33:33,14.37,0.0,1,1437,买盘
1786,13:33:36,14.37,0.0,53,76161,买盘
1787,13:33:42,14.36,-0.01,24,34464,卖盘
1788,13:33:48,14.36,0.0,22,31592,卖盘
1789,13:34:09,14.36,0.0,8,11488,卖盘
1790,13:34:12,14.37,0.01,17,24414,买盘
1791,13:34:15,14.36,-0.01,49,70364,卖盘
1792,13:34:18,14.35,-0.01,13,18655,卖盘
1793,13:34:21,14.35,0.0,11,15792,卖盘
1794,13:34:27,14.36,0.01,1,1436,买盘
1795,13:34:30,14.34,-0.02,27,38718,卖盘
1796,13:34:36,14.34,0.0,1,1434,卖盘
1797,13:34:39,14.36,0.02,10,14357,买盘
1798,13:34:42,14.36,0.0,10,14360,买盘
1799,13:34:45,14.36,0.0,1,1436,买盘
1800,13:34:57,14.35,-0.01,1,1435,中性盘
1801,13:35:06,14.35,0.0,5,7175,买盘
1802,13:35:09,14.36,0.01,162,232610,买盘
1803,13:35:12,14.37,0.01,28,40216,买盘
1804,13:35:15,14.36,-0.01,18,25848,卖盘
1805,13:35:18,14.34,-0.02,19,27246,卖盘
1806,13:35:33,14.34,0.0,1,1434,卖盘
1807,13:35:45,14.34,0.0,3,4302,卖盘
1808,13:35:54,14.33,-0.01,6,8598,卖盘
1809,13:36:00,14.34,0.01,7,10038,买盘
1810,13:36:09,14.33,-0.01,3,4299,卖盘
1811,13:36:24,14.33,0.0,21,30093,卖盘
1812,13:36:30,14.33,0.0,1,1433,卖盘
1813,13:36:51,14.33,0.0,17,24361,卖盘
1814,13:36:54,14.33,0.0,5,7165,卖盘
1815,13:36:57,14.33,0.0,10,14338,卖盘
1816,13:37:00,14.34,0.01,30,43020,买盘
1817,13:37:15,14.35,0.01,46,65978,买盘
1818,13:37:18,14.35,0.0,40,57400,卖盘
1819,13:37:21,14.35,0.0,19,27265,卖盘
1820,13:37:24,14.33,-0.02,1,1433,卖盘
1821,13:37:42,14.34,0.01,1,1434,卖盘
1822,13:37:48,14.34,0.0,12,17216,卖盘
1823,13:38:06,14.35,0.01,200,286913,买盘
1824,13:38:21,14.33,-0.02,15,21495,卖盘
1825,13:38:27,14.33,0.0,1,1433,卖盘
1826,13:38:33,14.34,0.01,7,10038,买盘
1827,13:38:36,14.33,-0.01,10,14330,卖盘
1828,13:39:00,14.33,0.0,10,14330,卖盘
1829,13:39:06,14.33,0.0,3,4299,卖盘
1830,13:39:12,14.34,0.01,5,7170,买盘
1831,13:39:18,14.34,0.0,7,10038,买盘
1832,13:39:27,14.33,-0.01,22,31526,卖盘
1833,13:39:51,14.31,-0.02,28,40092,卖盘
1834,13:39:54,14.33,0.02,2,2866,买盘
1835,13:40:12,14.31,-0.02,9,12879,卖盘
1836,13:40:19,14.32,0.01,9,12888,买盘
1837,13:40:21,14.32,0.0,1,1432,买盘
1838,13:40:28,14.32,0.0,4,5726,买盘
1839,13:40:48,14.3,-0.02,2,2860,卖盘
1840,13:41:15,14.34,0.04,235,336715,买盘
1841,13:41:21,14.34,0.0,29,41510,买盘
1842,13:41:28,14.3,-0.04,1,1430,卖盘
1843,13:41:31,14.3,0.0,13,18590,卖盘
1844,13:41:39,14.3,0.0,3,4294,卖盘
1845,13:42:18,14.34,0.04,9,12906,买盘
1846,13:42:30,14.3,-0.04,1,1430,卖盘
1847,13:42:36,14.33,0.03,1,1433,买盘
1848,13:42:40,14.33,0.0,2,2866,买盘
1849,13:42:45,14.33,0.0,3,4299,买盘
1850,13:42:48,14.33,0.0,13,18618,买盘
1851,13:42:51,14.3,-0.03,29,41470,卖盘
1852,13:43:30,14.31,0.01,1,1431,卖盘
1853,13:43:37,14.31,0.0,52,74432,卖盘
1854,13:43:54,14.33,0.02,13,18629,买盘
1855,13:44:21,14.3,-0.03,20,28600,卖盘
1856,13:44:24,14.33,0.03,29,41557,买盘
1857,13:44:27,14.33,0.0,9,12897,买盘
1858,13:44:36,14.3,-0.03,1,1430,卖盘
1859,13:44:54,14.3,0.0,10,14312,卖盘
1860,13:44:58,14.32,0.02,2,2864,买盘
1861,13:45:04,14.32,0.0,13,18616,买盘
1862,13:45:24,14.32,0.0,38,54416,买盘
1863,13:45:30,14.32,0.0,9,12888,买盘
1864,13:45:33,14.32,0.0,35,50120,买盘
1865,13:45:39,14.32,0.0,4,5728,卖盘
1866,13:45:45,14.32,0.0,17,24344,卖盘
1867,13:45:51,14.3,-0.02,24,34320,卖盘
1868,13:45:54,14.32,0.02,9,12888,买盘
1869,13:46:09,14.32,0.0,1,1432,买盘
1870,13:46:12,14.32,0.0,3,4296,买盘
1871,13:46:15,14.32,0.0,7,10024,买盘
1872,13:46:18,14.32,0.0,3,4296,买盘
1873,13:46:21,14.32,0.0,3,4296,买盘
1874,13:46:24,14.3,-0.02,12,17182,卖盘
1875,13:46:30,14.32,0.02,3,4296,买盘
1876,13:46:36,14.32,0.0,3,4296,买盘
1877,13:46:42,14.32,0.0,3,4296,买盘
1878,13:46:45,14.32,0.0,3,4296,买盘
1879,13:46:48,14.34,0.02,235,336891,买盘
1880,13:46:55,14.34,0.0,10,14340,买盘
1881,13:47:01,14.34,0.0,7,10028,买盘
1882,13:47:21,14.32,-0.02,30,42944,买盘
1883,13:47:24,14.32,0.0,1,1432,卖盘
1884,13:47:33,14.34,0.02,3,4302,买盘
1885,13:47:42,14.34,0.0,3,4302,买盘
1886,13:47:48,14.34,0.0,7,10038,买盘
1887,13:47:52,14.34,0.0,8,11472,买盘
1888,13:47:58,14.34,0.0,6,8604,买盘
1889,13:48:06,14.34,0.0,2,2868,买盘
1890,13:48:09,14.34,0.0,3,4302,买盘
1891,13:48:15,14.34,0.0,14,20076,买盘
1892,13:48:24,14.34,0.0,1,1434,买盘
1893,13:48:30,14.34,0.0,7,10035,买盘
1894,13:48:33,14.32,-0.02,2,2864,卖盘
1895,13:48:36,14.31,-0.01,1,1431,卖盘
1896,13:48:42,14.33,0.02,3,4299,买盘
1897,13:48:51,14.31,-0.02,16,22896,卖盘
1898,13:48:54,14.33,0.02,14,20062,买盘
1899,13:48:57,14.33,0.0,1,1433,买盘
1900,13:49:12,14.33,0.0,1,1433,买盘
1901,13:49:19,14.33,0.0,7,10029,买盘
1902,13:49:25,14.33,0.0,17,24361,买盘
1903,13:49:39,14.31,-0.02,1,1431,卖盘
1904,13:49:42,14.31,0.0,2,1717,卖盘
1905,13:50:00,14.33,0.02,1,1433,买盘
1906,13:50:09,14.33,0.0,7,10031,买盘
1907,13:50:21,14.3,-0.03,22,31473,卖盘
1908,13:50:24,14.33,0.03,2,2866,买盘
1909,13:50:27,14.33,0.0,5,7162,买盘
1910,13:50:30,14.33,0.0,1,1433,买盘
1911,13:51:12,14.3,-0.03,20,28600,卖盘
1912,13:51:18,14.33,0.03,10,14326,买盘
1913,13:51:24,14.3,-0.03,1,1430,卖盘
1914,13:51:31,14.32,0.02,20,28640,卖盘
1915,13:51:36,14.3,-0.02,14,20020,卖盘
1916,13:51:48,14.32,0.02,1,1432,买盘
1917,13:51:51,14.3,-0.02,20,28600,卖盘
1918,13:51:54,14.32,0.02,7,10024,买盘
1919,13:52:06,14.3,-0.02,20,28600,卖盘
1920,13:52:27,14.3,0.0,1,1430,卖盘
1921,13:52:48,14.3,0.0,24,34320,卖盘
1922,13:52:54,14.31,0.01,10,14319,中性盘
1923,13:52:57,14.31,0.0,7,10017,卖盘
1924,13:53:00,14.31,0.0,5,7155,卖盘
1925,13:53:09,14.32,0.01,5,7160,买盘
1926,13:53:12,14.32,0.0,24,34368,买盘
1927,13:53:15,14.32,0.0,1,1432,买盘
1928,13:53:18,14.32,0.0,77,110264,买盘
1929,13:53:21,14.32,0.0,75,107400,买盘
1930,13:53:24,14.32,0.0,1,1432,卖盘
1931,13:53:27,14.33,0.01,4,5732,买盘
1932,13:53:45,14.33,0.0,2,2866,买盘
1933,13:53:51,14.33,0.0,146,209218,买盘
1934,13:53:55,14.33,0.0,1,1433,卖盘
1935,13:54:04,14.34,0.01,3,4302,买盘
1936,13:54:18,14.33,-0.01,15,21495,卖盘
1937,13:54:21,14.33,0.0,5,7165,买盘
1938,13:54:27,14.34,0.01,280,401515,买盘
1939,13:54:30,14.34,0.0,11,15774,卖盘
1940,13:54:33,14.34,0.0,8,11479,卖盘
1941,13:54:54,14.33,-0.01,15,21507,卖盘
1942,13:55:12,14.33,0.0,1,1433,买盘
1943,13:55:18,14.33,0.0,7,10031,买盘
1944,13:55:21,14.32,-0.01,1,1432,卖盘
1945,13:55:39,14.32,0.0,1,1432,卖盘
1946,13:55:57,14.33,0.01,2,2866,买盘
1947,13:56:04,14.33,0.0,7,10031,买盘
1948,13:56:12,14.31,-0.02,28,40090,卖盘
1949,13:56:21,14.31,0.0,24,34390,卖盘
1950,13:56:30,14.31,0.0,13,18603,卖盘
1951,13:56:37,14.31,0.0,1,1431,卖盘
1952,13:56:45,14.31,0.0,6,8586,卖盘
1953,13:56:51,14.31,0.0,32,45806,卖盘
1954,13:57:12,14.33,0.02,2,2866,买盘
1955,13:57:15,14.33,0.0,3,4299,买盘
1956,13:57:19,14.31,-0.02,40,57240,卖盘
1957,13:57:21,14.31,0.0,1,1431,卖盘
1958,13:57:27,14.33,0.02,3,4299,买盘
1959,13:57:30,14.31,-0.02,1,1431,卖盘
1960,13:57:36,14.33,0.02,7,10031,买盘
1961,13:57:42,14.31,-0.02,15,21465,卖盘
1962,13:57:49,14.32,0.01,1,1432,卖盘
1963,13:57:52,14.31,-0.01,66,94450,卖盘
1964,13:58:04,14.34,0.03,251,359767,买盘
1965,13:58:06,14.34,0.0,25,35850,卖盘
1966,13:58:09,14.34,0.0,2,2868,卖盘
1967,13:58:12,14.34,0.0,8,11472,卖盘
1968,13:58:15,14.34,0.0,11,15774,卖盘
1969,13:58:18,14.34,0.0,59,84606,卖盘
1970,13:58:21,14.34,0.0,70,100380,卖盘
1971,13:58:24,14.34,0.0,82,117579,卖盘
1972,13:58:33,14.31,-0.03,1,1431,卖盘
1973,13:58:48,14.33,0.02,4,5732,买盘
1974,13:58:51,14.33,0.0,11,15763,买盘
1975,13:58:57,14.33,0.0,20,28660,卖盘
1976,13:59:04,14.33,0.0,10,14330,卖盘
1977,13:59:06,14.33,0.0,3,4299,卖盘
1978,13:59:10,14.34,0.01,7,10038,买盘
1979,13:59:12,14.31,-0.03,16,22908,卖盘
1980,13:59:36,14.31,0.0,1,1431,卖盘
1981,13:59:54,14.34,0.03,40,57335,买盘
1982,14:00:00,14.34,0.0,8,11472,买盘
1983,14:00:18,14.32,-0.02,5,7160,买盘
1984,14:00:24,14.31,-0.01,1,1431,卖盘
1985,14:00:36,14.31,0.0,1,1431,卖盘
1986,14:00:42,14.32,0.01,31,44377,买盘
1987,14:00:48,14.34,0.02,9,12902,买盘
1988,14:01:09,14.34,0.0,1,1434,买盘
1989,14:01:18,14.34,0.0,31,44454,买盘
1990,14:01:24,14.33,-0.01,1,1433,卖盘
1991,14:01:30,14.33,0.0,45,64505,卖盘
1992,14:01:33,14.33,0.0,1,1433,卖盘
1993,14:01:36,14.34,0.01,10,14340,买盘
1994,14:01:57,14.34,0.0,8,11471,买盘
1995,14:02:16,14.32,-0.02,16,22912,卖盘
1996,14:02:21,14.34,0.02,10,14333,买盘
1997,14:02:24,14.32,-0.02,2,2864,卖盘
1998,14:02:55,14.33,0.01,45,64485,买盘
1999,14:03:03,14.32,-0.01,1,1432,卖盘
2000,14:03:09,14.33,0.01,7,10031,买盘
2001,14:03:12,14.33,0.0,12,17196,买盘
2002,14:03:30,14.33,0.0,5,7165,卖盘
2003,14:03:45,14.32,-0.01,16,22913,卖盘
2004,14:03:51,14.34,0.02,7,10038,买盘
2005,14:04:30,14.32,-0.02,1,1432,卖盘
2006,14:04:33,14.33,0.01,109,156197,买盘
2007,14:04:39,14.33,0.0,17,24368,卖盘
2008,14:04:45,14.34,0.01,4,5736,买盘
2009,14:05:09,14.34,0.0,43,61662,买盘
2010,14:05:12,14.34,0.0,68,97512,买盘
2011,14:05:15,14.34,0.0,86,123324,买盘
2012,14:05:18,14.34,0.0,3,4302,买盘
2013,14:05:27,14.34,0.0,7,10038,买盘
2014,14:05:34,14.33,-0.01,1,1433,卖盘
2015,14:05:39,14.34,0.01,172,246648,买盘
2016,14:05:57,14.34,0.0,23,32982,买盘
2017,14:06:00,14.34,0.0,47,67398,买盘
2018,14:06:18,14.34,0.0,2,2868,卖盘
2019,14:06:24,14.35,0.01,9,12915,买盘
2020,14:06:27,14.34,-0.01,20,28680,卖盘
2021,14:06:30,14.34,0.0,1,1434,卖盘
2022,14:06:36,14.34,0.0,8,11472,卖盘
2023,14:07:00,14.35,0.01,300,430415,买盘
2024,14:07:06,14.33,-0.02,8,11464,卖盘
2025,14:07:12,14.34,0.01,7,10038,买盘
2026,14:07:27,14.33,-0.01,4,5735,卖盘
2027,14:07:33,14.34,0.01,3,4302,买盘
2028,14:07:45,14.34,0.0,19,27246,买盘
2029,14:07:48,14.34,0.0,24,34416,卖盘
2030,14:07:54,14.35,0.01,7,10045,买盘
2031,14:08:09,14.35,0.0,50,71750,买盘
2032,14:08:12,14.36,0.01,7,10049,买盘
2033,14:08:18,14.35,-0.01,1,1435,买盘
2034,14:08:30,14.35,0.0,34,48789,买盘
2035,14:08:36,14.35,0.0,24,34440,买盘
2036,14:08:42,14.36,0.01,7,10052,买盘
2037,14:09:00,14.36,0.0,10,14360,买盘
2038,14:09:24,14.34,-0.02,1,1434,卖盘
2039,14:09:30,14.36,0.02,7,10052,买盘
2040,14:09:48,14.36,0.0,6,8616,买盘
2041,14:09:51,14.36,0.0,15,21540,买盘
2042,14:09:57,14.36,0.0,199,285764,买盘
2043,14:10:21,14.36,0.0,30,43080,卖盘
2044,14:10:27,14.36,0.0,36,51696,卖盘
2045,14:10:30,14.35,-0.01,2,3444,卖盘
2046,14:10:36,14.35,0.0,14,20090,卖盘
2047,14:10:39,14.35,0.0,1,1435,卖盘
2048,14:10:45,14.36,0.01,1,1436,买盘
2049,14:10:48,14.35,-0.01,7,10045,卖盘
2050,14:11:06,14.36,0.01,11,15796,买盘
2051,14:11:09,14.36,0.0,26,37336,买盘
2052,14:11:12,14.37,0.01,7,10059,买盘
2053,14:11:19,14.37,0.0,192,275904,买盘
2054,14:11:25,14.36,-0.01,15,21540,卖盘
2055,14:11:30,14.36,0.0,13,18668,卖盘
2056,14:11:33,14.36,0.0,1,1436,卖盘
2057,14:11:36,14.37,0.01,1,1437,卖盘
2058,14:11:39,14.37,0.0,2,2874,卖盘
2059,14:11:48,14.37,0.0,2,2874,卖盘
2060,14:11:51,14.37,0.0,2,2874,买盘
2061,14:12:03,14.36,-0.01,28,40213,卖盘
2062,14:12:06,14.37,0.01,3,4311,买盘
2063,14:12:12,14.37,0.0,18,25866,买盘
2064,14:12:18,14.36,-0.01,1,1436,卖盘
2065,14:12:27,14.36,0.0,1,1436,卖盘
2066,14:12:30,14.37,0.01,89,127893,买盘
2067,14:12:36,14.36,-0.01,4,5744,卖盘
2068,14:12:42,14.37,0.01,50,71850,买盘
2069,14:13:00,14.36,-0.01,18,25848,卖盘
2070,14:13:06,14.37,0.01,9,12933,买盘
2071,14:13:12,14.36,-0.01,3,4308,卖盘
2072,14:13:15,14.37,0.01,6,8622,买盘
2073,14:13:24,14.37,0.0,15,21555,买盘
2074,14:13:33,14.36,-0.01,1,1436,卖盘
2075,14:13:36,14.36,0.0,38,54568,卖盘
2076,14:13:48,14.36,0.0,120,172320,卖盘
2077,14:13:52,14.37,0.01,8,11490,买盘
2078,14:13:54,14.36,-0.01,8,11495,卖盘
2079,14:14:00,14.36,0.0,47,67492,卖盘
2080,14:14:04,14.37,0.01,22,31604,买盘
2081,14:14:24,14.36,-0.01,71,101956,卖盘
2082,14:14:39,14.37,0.01,18,25866,买盘
2083,14:14:46,14.37,0.0,8,11496,买盘
2084,14:14:57,14.37,0.0,4,5748,买盘
2085,14:15:06,14.36,-0.01,17,24412,卖盘
2086,14:15:36,14.37,0.01,2,2874,买盘
2087,14:15:42,14.36,-0.01,10,14369,卖盘
2088,14:15:55,14.36,0.0,42,60312,卖盘
2089,14:15:58,14.36,0.0,10,14360,卖盘
2090,14:16:06,14.36,0.0,7,10052,卖盘
2091,14:16:09,14.36,0.0,13,18668,卖盘
2092,14:16:12,14.37,0.01,203,291711,买盘
2093,14:16:27,14.36,-0.01,22,31594,卖盘
2094,14:16:30,14.36,0.0,1,1436,卖盘
2095,14:16:33,14.36,0.0,32,45959,卖盘
2096,14:16:39,14.36,0.0,23,33028,卖盘
2097,14:16:43,14.36,0.0,10,14360,卖盘
2098,14:16:54,14.36,0.0,3,4308,卖盘
2099,14:17:09,14.36,0.0,15,21540,卖盘
2100,14:17:15,14.37,0.01,7,10059,买盘
2101,14:17:22,14.37,0.0,3,4311,买盘
2102,14:17:24,14.37,0.0,2,2874,买盘
2103,14:17:33,14.36,-0.01,12,17232,卖盘
2104,14:17:36,14.37,0.01,25,35925,买盘
2105,14:17:43,14.36,-0.01,3,4310,卖盘
2106,14:18:06,14.36,0.0,28,40208,卖盘
2107,14:18:12,14.37,0.01,13,18676,买盘
2108,14:18:18,14.36,-0.01,31,44517,卖盘
2109,14:18:21,14.36,0.0,2,2872,卖盘
2110,14:18:27,14.37,0.01,300,431100,买盘
2111,14:18:33,14.37,0.0,13,18681,买盘
2112,14:18:36,14.36,-0.01,10,14360,卖盘
2113,14:18:42,14.37,0.01,67,96854,买盘
2114,14:18:45,14.37,0.0,5,7185,卖盘
2115,14:18:57,14.37,0.0,43,61791,卖盘
2116,14:19:00,14.37,0.0,10,14370,卖盘
2117,14:19:04,14.38,0.01,8,11504,买盘
2118,14:19:09,14.37,-0.01,7,10061,卖盘
2119,14:19:33,14.37,0.0,25,35925,卖盘
2120,14:19:36,14.37,0.0,1,1437,卖盘
2121,14:19:39,14.37,0.0,6,7760,卖盘
2122,14:19:42,14.37,0.0,10,14370,卖盘
2123,14:19:45,14.37,0.0,1,1437,卖盘
2124,14:19:48,14.38,0.01,10,14377,买盘
2125,14:19:57,14.38,0.0,110,158180,买盘
2126,14:20:06,14.38,0.0,12,17256,买盘
2127,14:20:09,14.38,0.0,3,4314,买盘
2128,14:20:27,14.38,0.0,11,15818,买盘
2129,14:20:34,14.38,0.0,7,10066,买盘
2130,14:20:36,14.37,-0.01,1,1437,卖盘
2131,14:20:39,14.38,0.01,3,4314,买盘
2132,14:20:55,14.39,0.01,500,719190,买盘
2133,14:20:57,14.38,-0.01,1,1438,买盘
2134,14:21:00,14.41,0.03,531,764722,买盘
2135,14:21:03,14.42,0.01,4,5766,买盘
2136,14:21:06,14.41,-0.01,43,61963,卖盘
2137,14:21:12,14.43,0.02,69,99499,买盘
2138,14:21:15,14.42,-0.01,10,14420,买盘
2139,14:21:18,14.42,0.0,7,10094,买盘
2140,14:21:21,14.42,0.0,21,30282,买盘
2141,14:21:27,14.43,0.01,20,28860,买盘
2142,14:21:33,14.42,-0.01,19,27398,买盘
2143,14:21:36,14.42,0.0,2,2884,卖盘
2144,14:21:39,14.42,0.0,3,4326,买盘
2145,14:21:42,14.42,0.0,7,10093,买盘
2146,14:21:48,14.42,0.0,5,7210,买盘
2147,14:21:54,14.42,0.0,8,11536,买盘
2148,14:22:00,14.41,-0.01,3,4323,卖盘
2149,14:22:04,14.41,0.0,7,10087,卖盘
2150,14:22:06,14.42,0.01,9,12976,买盘
2151,14:22:33,14.41,0.0,51,73203,卖盘
2152,14:22:36,14.4,-0.01,5,7200,卖盘
2153,14:22:48,14.39,-0.01,3,4317,卖盘
2154,14:22:51,14.39,0.0,21,30219,买盘
2155,14:22:54,14.4,0.01,7,10080,买盘
2156,14:23:09,14.39,-0.01,20,28780,买盘
2157,14:23:12,14.39,0.0,19,27341,买盘
2158,14:23:15,14.38,-0.01,22,31636,卖盘
2159,14:23:18,14.39,0.01,10,14390,买盘
2160,14:23:21,14.39,0.0,80,115120,买盘
2161,14:23:24,14.39,0.0,41,58999,卖盘
2162,14:23:27,14.4,0.01,10,14400,买盘
2163,14:23:33,14.39,-0.01,3,4317,卖盘
2164,14:23:36,14.4,0.01,112,161277,买盘
2165,14:23:39,14.4,0.0,7,10080,买盘
2166,14:23:54,14.39,-0.01,1,1439,卖盘
2167,14:24:06,14.39,0.0,17,24463,卖盘
2168,14:24:28,14.39,0.0,20,28780,卖盘
2169,14:24:33,14.4,0.01,8,11520,买盘
2170,14:24:42,14.4,0.0,13,18710,买盘
2171,14:25:06,14.39,-0.01,8,11512,卖盘
2172,14:25:15,14.39,0.0,2,2878,卖盘
2173,14:25:18,14.4,0.01,9,12960,买盘
2174,14:25:21,14.4,0.0,8,11520,买盘
2175,14:25:28,14.39,-0.01,5,7195,卖盘
2176,14:25:37,14.39,0.0,14,20146,卖盘
2177,14:25:57,14.4,0.01,3,4320,买盘
2178,14:26:01,14.39,-0.01,5,7197,卖盘
2179,14:26:22,14.4,0.01,20,28785,买盘
2180,14:26:27,14.4,0.0,10,14400,买盘
2181,14:26:30,14.39,-0.01,12,17268,卖盘
2182,14:26:33,14.39,0.0,1,1439,卖盘
2183,14:26:42,14.39,0.0,7,10073,卖盘
2184,14:26:51,14.39,0.0,18,25902,买盘
2185,14:26:54,14.39,0.0,5,7195,买盘
2186,14:27:03,14.39,0.0,70,100730,买盘
2187,14:27:06,14.38,-0.01,19,27322,卖盘
2188,14:27:15,14.39,0.01,7,10073,买盘
2189,14:27:24,14.39,0.0,30,43170,买盘
2190,14:27:30,14.38,-0.01,5,7190,卖盘
2191,14:27:48,14.39,0.01,20,28780,买盘
2192,14:28:12,14.38,-0.01,11,15818,卖盘
2193,14:28:15,14.39,0.01,20,28780,买盘
2194,14:28:18,14.39,0.0,40,57560,买盘
2195,14:28:24,14.39,0.0,21,30219,买盘
2196,14:28:27,14.39,0.0,20,28780,买盘
2197,14:28:30,14.39,0.0,63,90604,买盘
2198,14:28:36,14.38,-0.01,18,25884,卖盘
2199,14:28:39,14.39,0.01,50,71950,买盘
2200,14:28:42,14.39,0.0,12,17268,买盘
2201,14:28:51,14.38,-0.01,5,7190,卖盘
2202,14:29:00,14.38,0.0,20,28760,卖盘
2203,14:29:06,14.39,0.01,7,10073,买盘
2204,14:29:10,14.39,0.0,9,12951,买盘
2205,14:29:27,14.39,0.0,109,156781,买盘
2206,14:29:30,14.39,0.0,28,40292,买盘
2207,14:29:34,14.39,0.0,10,14390,买盘
2208,14:29:36,14.38,-0.01,1,1438,卖盘
2209,14:29:40,14.39,0.01,10,14390,买盘
2210,14:29:42,14.39,0.0,41,58999,买盘
2211,14:29:48,14.4,0.01,345,496759,买盘
2212,14:29:54,14.4,0.0,7,10080,买盘
2213,14:30:06,14.38,-0.02,2,2876,卖盘
2214,14:30:09,14.39,0.01,17,24463,卖盘
2215,14:30:33,14.39,0.0,12,17271,卖盘
2216,14:30:42,14.4,0.01,16,23040,买盘
2217,14:30:48,14.39,-0.01,19,27348,卖盘
2218,14:30:57,14.4,0.01,1,1440,买盘
2219,14:31:04,14.4,0.0,4,5760,买盘
2220,14:31:12,14.4,0.0,1,1440,买盘
2221,14:31:18,14.4,0.0,2,2880,买盘
2222,14:31:21,14.4,0.0,1,1440,买盘
2223,14:31:24,14.39,-0.01,2,2878,卖盘
2224,14:31:30,14.4,0.01,7,10080,买盘
2225,14:31:33,14.4,0.0,7,10080,买盘
2226,14:31:36,14.39,-0.01,54,77706,卖盘
2227,14:31:42,14.39,0.0,1,1439,卖盘
2228,14:31:45,14.39,0.0,2,2878,卖盘
2229,14:31:52,14.39,0.0,10,14390,卖盘
2230,14:32:12,14.39,0.0,10,14390,卖盘
2231,14:32:21,14.39,0.0,3,4317,卖盘
2232,14:32:30,14.4,0.01,8,11520,买盘
2233,14:32:48,14.39,-0.01,5,7198,卖盘
2234,14:33:00,14.39,0.0,6,8634,卖盘
2235,14:33:06,14.4,0.01,7,10080,买盘
2236,14:33:10,14.39,-0.01,25,35975,卖盘
2237,14:33:24,14.39,0.0,11,15829,卖盘
2238,14:33:27,14.39,0.0,11,15829,卖盘
2239,14:33:30,14.39,0.0,30,43170,卖盘
2240,14:33:36,14.39,0.0,27,38863,卖盘
2241,14:33:48,14.4,0.01,7,10080,买盘
2242,14:33:51,14.39,-0.01,22,31672,卖盘
2243,14:33:54,14.38,-0.01,413,594612,卖盘
2244,14:34:06,14.38,0.0,31,44578,卖盘
2245,14:34:27,14.38,0.0,12,17260,卖盘
2246,14:34:36,14.38,0.0,200,287600,卖盘
2247,14:34:39,14.38,0.0,22,31636,卖盘
2248,14:34:42,14.39,0.01,48,69032,买盘
2249,14:34:45,14.38,-0.01,7,10066,卖盘
2250,14:35:09,14.38,0.0,1,1438,卖盘
2251,14:35:12,14.39,0.01,10,14390,买盘
2252,14:35:18,14.38,-0.01,10,14380,卖盘
2253,14:35:21,14.38,0.0,204,293352,卖盘
2254,14:35:30,14.38,0.0,17,24453,卖盘
2255,14:35:33,14.39,0.01,4,5756,买盘
2256,14:35:36,14.38,-0.01,15,21829,卖盘
2257,14:35:57,14.38,0.0,79,113343,卖盘
2258,14:36:06,14.38,0.0,5,7190,买盘
2259,14:36:10,14.37,-0.01,17,24429,卖盘
2260,14:36:15,14.37,0.0,7,10655,卖盘
2261,14:36:18,14.38,0.01,1,1438,买盘
2262,14:36:24,14.38,0.0,42,60655,买盘
2263,14:36:27,14.38,0.0,48,68765,卖盘
2264,14:36:30,14.38,0.0,127,182626,买盘
2265,14:36:33,14.37,-0.01,2,2874,卖盘
2266,14:36:39,14.38,0.01,2,2876,买盘
2267,14:36:43,14.37,-0.01,261,375495,卖盘
2268,14:36:54,14.37,0.0,51,73287,卖盘
2269,14:37:00,14.38,0.01,7,10066,买盘
2270,14:37:18,14.38,0.0,61,87718,买盘
2271,14:37:33,14.39,0.01,159,228995,买盘
2272,14:37:36,14.39,0.0,209,300751,卖盘
2273,14:37:39,14.39,0.0,25,35975,卖盘
2274,14:37:42,14.4,0.01,2,2880,买盘
2275,14:37:45,14.39,-0.01,219,314882,卖盘
2276,14:37:48,14.4,0.01,7,10079,买盘
2277,14:37:51,14.37,-0.03,181,260139,卖盘
2278,14:38:06,14.39,0.02,128,184192,买盘
2279,14:38:12,14.37,-0.02,39,56043,卖盘
2280,14:38:36,14.37,0.0,74,106338,卖盘
2281,14:38:42,14.38,0.01,8,11504,卖盘
2282,14:39:00,14.36,-0.02,84,120676,卖盘
2283,14:39:06,14.36,0.0,27,38772,卖盘
2284,14:39:27,14.36,0.0,3,4308,卖盘
2285,14:39:33,14.37,0.01,48,68936,买盘
2286,14:39:39,14.36,-0.01,273,392028,卖盘
2287,14:39:42,14.38,0.02,159,228441,买盘
2288,14:39:45,14.38,0.0,24,34512,卖盘
2289,14:39:48,14.38,0.0,6,8628,卖盘
2290,14:40:21,14.38,0.0,342,491796,卖盘
2291,14:40:25,14.38,0.0,11,15818,卖盘
2292,14:40:27,14.38,0.0,12,17256,卖盘
2293,14:40:33,14.38,0.0,11,15818,卖盘
2294,14:40:36,14.38,0.0,2,2876,卖盘
2295,14:40:39,14.38,0.0,17,24446,卖盘
2296,14:40:42,14.38,0.0,43,61834,卖盘
2297,14:40:48,14.38,0.0,8,11504,买盘
2298,14:40:51,14.38,0.0,1,1438,买盘
2299,14:41:06,14.37,-0.01,11,15807,卖盘
2300,14:41:09,14.37,0.0,20,28740,卖盘
2301,14:41:36,14.37,0.0,40,57480,卖盘
2302,14:41:39,14.37,0.0,1,1437,买盘
2303,14:42:04,14.37,0.0,7,10059,买盘
2304,14:42:06,14.37,0.0,14,20096,买盘
2305,14:42:09,14.37,0.0,32,45936,买盘
2306,14:42:15,14.37,0.0,1,1437,买盘
2307,14:42:21,14.36,-0.01,5,7180,卖盘
2308,14:42:39,14.36,0.0,1,1436,买盘
2309,14:42:42,14.36,0.0,7,10047,买盘
2310,14:42:48,14.36,0.0,1,1436,买盘
2311,14:42:51,14.35,-0.01,1,1435,卖盘
2312,14:43:06,14.35,0.0,7,10045,卖盘
2313,14:43:09,14.36,0.01,13,18658,买盘
2314,14:43:33,14.36,0.0,101,145036,买盘
2315,14:43:36,14.36,0.0,1,1436,卖盘
2316,14:43:39,14.36,0.0,20,28720,卖盘
2317,14:43:45,14.36,0.0,34,48834,卖盘
2318,14:43:48,14.36,0.0,5,7180,卖盘
2319,14:43:57,14.37,0.01,101,145135,买盘
2320,14:44:04,14.37,0.0,3,4311,卖盘
2321,14:44:06,14.37,0.0,10,14370,卖盘
2322,14:44:09,14.38,0.01,3,4314,买盘
2323,14:44:12,14.37,-0.01,1,1437,卖盘
2324,14:44:31,14.38,0.01,94,135172,买盘
2325,14:44:34,14.39,0.01,3,4317,买盘
2326,14:44:42,14.38,-0.01,305,438595,卖盘
2327,14:44:45,14.38,0.0,8,11504,卖盘
2328,14:44:48,14.38,0.0,2,2876,卖盘
2329,14:44:51,14.38,0.0,6,8628,卖盘
2330,14:45:03,14.37,-0.01,142,204054,卖盘
2331,14:45:10,14.37,0.0,30,43116,卖盘
2332,14:45:39,14.37,0.0,20,28740,卖盘
2333,14:45:45,14.38,0.01,14,20132,买盘
2334,14:45:54,14.38,0.0,12,17256,买盘
2335,14:46:00,14.38,0.0,2,2876,买盘
2336,14:46:06,14.38,0.0,6,8628,买盘
2337,14:46:12,14.38,0.0,1,1438,买盘
2338,14:46:15,14.37,-0.01,1,1437,卖盘
2339,14:46:27,14.37,0.0,482,692634,卖盘
2340,14:46:30,14.37,0.0,1,1437,买盘
2341,14:46:34,14.36,-0.01,8,11488,卖盘
2342,14:46:51,14.37,0.01,84,120708,买盘
2343,14:47:04,14.37,0.0,10,14370,卖盘
2344,14:47:09,14.38,0.01,20,28760,买盘
2345,14:47:19,14.38,0.0,6,8628,买盘
2346,14:47:28,14.38,0.0,1,1438,买盘
2347,14:47:36,14.38,0.0,1,1438,买盘
2348,14:47:48,14.38,0.0,11,15818,买盘
2349,14:48:01,14.38,0.0,1,1438,买盘
2350,14:48:04,14.37,-0.01,10,14370,卖盘
2351,14:48:09,14.38,0.01,20,28760,买盘
2352,14:48:12,14.37,-0.01,6,8622,卖盘
2353,14:48:42,14.37,0.0,45,64665,卖盘
2354,14:49:00,14.38,0.01,327,470226,买盘
2355,14:49:12,14.39,0.01,27,38853,买盘
2356,14:49:18,14.38,-0.01,602,866276,卖盘
2357,14:49:24,14.39,0.01,48,69072,买盘
2358,14:49:36,14.39,0.0,1,1439,买盘
2359,14:49:55,14.38,-0.01,10,14380,卖盘
2360,14:49:57,14.39,0.01,5,7195,买盘
2361,14:50:04,14.39,0.0,3,4317,买盘
2362,14:50:06,14.38,-0.01,13,18119,卖盘
2363,14:50:09,14.38,0.0,26,37388,卖盘
2364,14:50:12,14.38,0.0,7,10066,卖盘
2365,14:50:18,14.39,0.01,3,4317,买盘
2366,14:50:21,14.38,-0.01,1,1438,卖盘
2367,14:50:36,14.39,0.01,10,14390,买盘
2368,14:50:51,14.39,0.0,5,7195,买盘
2369,14:50:57,14.38,-0.01,4,5752,卖盘
2370,14:51:06,14.38,0.0,7,10066,卖盘
2371,14:51:09,14.38,0.0,31,44578,卖盘
2372,14:51:12,14.38,0.0,1,1021,卖盘
2373,14:51:15,14.38,0.0,7,10066,卖盘
2374,14:51:18,14.38,0.0,72,103536,卖盘
2375,14:51:21,14.39,0.01,47,67633,买盘
2376,14:51:30,14.38,-0.01,16,23008,卖盘
2377,14:51:33,14.39,0.01,17,24463,买盘
2378,14:51:39,14.38,-0.01,20,28760,卖盘
2379,14:51:42,14.38,0.0,58,83404,卖盘
2380,14:51:45,14.39,0.01,10,14390,买盘
2381,14:51:48,14.39,0.0,20,28780,买盘
2382,14:52:00,14.38,-0.01,2,2876,卖盘
2383,14:52:06,14.38,0.0,8,11504,卖盘
2384,14:52:12,14.38,0.0,100,143800,卖盘
2385,14:52:15,14.39,0.01,8,11508,买盘
2386,14:52:27,14.39,0.0,20,28780,买盘
2387,14:52:33,14.39,0.0,20,28780,买盘
2388,14:52:39,14.39,0.0,4,5756,买盘
2389,14:52:42,14.38,-0.01,10,14380,卖盘
2390,14:52:48,14.39,0.01,2,2878,买盘
2391,14:52:54,14.38,-0.01,40,57520,卖盘
2392,14:53:00,14.38,0.0,5,7190,卖盘
2393,14:53:04,14.38,0.0,3,4314,卖盘
2394,14:53:06,14.38,0.0,2,2876,卖盘
2395,14:53:09,14.38,0.0,44,63305,卖盘
2396,14:53:12,14.39,0.01,10,14390,买盘
2397,14:53:15,14.36,-0.03,272,392074,卖盘
2398,14:53:24,14.38,0.02,1,1438,中性盘
2399,14:53:27,14.36,-0.02,20,28720,卖盘
2400,14:53:39,14.36,0.0,1,1436,卖盘
2401,14:53:54,14.38,0.02,9,11792,买盘
2402,14:54:01,14.38,0.0,3,4314,卖盘
2403,14:54:04,14.38,0.0,5,7190,卖盘
2404,14:54:06,14.38,0.0,14,20132,卖盘
2405,14:54:09,14.36,-0.02,30,43132,卖盘
2406,14:54:15,14.38,0.02,26,37368,买盘
2407,14:54:18,14.38,0.0,2,2876,卖盘
2408,14:54:21,14.38,0.0,3,4314,卖盘
2409,14:54:24,14.38,0.0,54,77652,卖盘
2410,14:54:33,14.38,0.0,170,244460,卖盘
2411,14:54:36,14.38,0.0,1,1438,买盘
2412,14:54:42,14.38,0.0,1,1438,买盘
2413,14:54:52,14.38,0.0,178,255964,买盘
2414,14:55:00,14.38,0.0,23,33074,卖盘
2415,14:55:04,14.38,0.0,86,123733,卖盘
2416,14:55:09,14.38,0.0,10,14380,卖盘
2417,14:55:12,14.38,0.0,1,1438,卖盘
2418,14:55:21,14.38,0.0,22,31636,卖盘
2419,14:55:28,14.39,0.01,15,21575,买盘
2420,14:55:30,14.39,0.0,54,77706,买盘
2421,14:55:34,14.38,-0.01,5,7190,卖盘
2422,14:55:45,14.39,0.01,46,66194,买盘
2423,14:55:51,14.39,0.0,26,38421,买盘
2424,14:55:57,14.39,0.0,25,35975,卖盘
2425,14:56:00,14.39,0.0,3,4317,卖盘
2426,14:56:03,14.39,0.0,15,21585,卖盘
2427,14:56:06,14.39,0.0,31,44609,卖盘
2428,14:56:09,14.4,0.01,100,144000,买盘
2429,14:56:12,14.4,0.0,211,303839,买盘
2430,14:56:15,14.39,-0.01,23,33097,卖盘
2431,14:56:27,14.39,0.0,31,44637,卖盘
2432,14:56:36,14.4,0.01,289,416160,买盘
2433,14:56:40,14.4,0.0,7,10076,买盘
2434,14:56:42,14.4,0.0,20,28800,买盘
2435,14:56:48,14.39,-0.01,38,53683,卖盘
2436,14:56:51,14.39,0.0,17,25470,买盘
2437,15:00:04,14.39,0.0,308,442205,卖盘
