,time,price,change,volume,amount,type
0,09:25:04,5.8,0.04,595,345100,卖盘
1,09:30:04,5.78,-0.02,1269,735748,卖盘
2,09:30:06,5.79,0.01,372,215345,买盘
3,09:30:09,5.79,0.0,176,101903,买盘
4,09:30:12,5.79,0.0,98,56742,买盘
5,09:30:15,5.79,0.0,71,41069,买盘
6,09:30:19,5.79,0.0,80,46320,买盘
7,09:30:22,5.78,-0.01,274,158413,卖盘
8,09:30:25,5.78,0.0,144,83332,卖盘
9,09:30:30,5.78,0.0,28,16184,卖盘
10,09:30:33,5.77,-0.01,164,94782,卖盘
11,09:30:37,5.78,0.01,27,15606,买盘
12,09:30:40,5.78,0.0,4,2312,买盘
13,09:30:43,5.78,0.0,38,21964,买盘
14,09:30:46,5.78,0.0,16,9248,卖盘
15,09:30:48,5.79,0.01,25,14475,买盘
16,09:30:51,5.79,0.0,62,35886,买盘
17,09:30:55,5.79,0.0,43,24859,买盘
18,09:30:57,5.79,0.0,6,3474,买盘
19,09:31:01,5.79,0.0,100,57895,买盘
20,09:31:04,5.78,-0.01,54,31212,卖盘
21,09:31:06,5.78,0.0,180,104040,卖盘
22,09:31:12,5.78,0.0,65,37570,买盘
23,09:31:16,5.77,-0.01,44,25420,卖盘
24,09:31:19,5.78,0.01,499,287961,买盘
25,09:31:22,5.78,0.0,228,131784,买盘
26,09:31:24,5.76,-0.02,414,239030,卖盘
27,09:31:27,5.76,0.0,20,11520,买盘
28,09:31:30,5.76,0.0,98,56448,买盘
29,09:31:33,5.75,-0.01,140,80500,卖盘
30,09:31:37,5.75,0.0,10,5750,买盘
31,09:31:40,5.75,0.0,38,21880,卖盘
32,09:31:42,5.75,0.0,18,10350,买盘
33,09:31:46,5.75,0.0,66,37950,买盘
34,09:31:49,5.76,0.01,4,2304,买盘
35,09:31:54,5.75,-0.01,66,38070,卖盘
36,09:31:58,5.76,0.01,46,26552,中性盘
37,09:32:01,5.77,0.01,9,5193,中性盘
38,09:32:03,5.77,0.0,20,11540,买盘
39,09:32:07,5.78,0.01,89,51403,买盘
40,09:32:10,5.77,-0.01,62,35774,卖盘
41,09:32:12,5.77,0.0,25,14425,卖盘
42,09:32:16,5.78,0.01,62,35836,买盘
43,09:32:21,5.78,0.0,33,19059,买盘
44,09:32:30,5.78,0.0,120,69360,买盘
45,09:32:34,5.78,0.0,32,18496,买盘
46,09:32:36,5.78,0.0,8,4624,卖盘
47,09:32:40,5.78,0.0,85,49130,卖盘
48,09:32:42,5.78,0.0,4,2312,卖盘
49,09:32:46,5.78,0.0,49,28322,卖盘
50,09:32:54,5.78,0.0,12,6936,卖盘
51,09:32:57,5.78,0.0,9,5207,卖盘
52,09:33:00,5.79,0.01,2,1158,买盘
53,09:33:04,5.78,-0.01,273,157794,卖盘
54,09:33:06,5.78,0.0,171,98838,买盘
55,09:33:12,5.78,0.0,56,32368,买盘
56,09:33:22,5.78,0.0,100,57800,卖盘
57,09:33:24,5.79,0.01,18,10410,买盘
58,09:33:27,5.78,-0.01,18,10404,卖盘
59,09:33:31,5.78,0.0,15,8670,卖盘
60,09:33:33,5.79,0.01,1,579,买盘
61,09:33:40,5.78,-0.01,22,12716,卖盘
62,09:33:43,5.78,0.0,77,44506,卖盘
63,09:33:46,5.78,0.0,18,10394,买盘
64,09:33:49,5.78,0.0,98,56644,买盘
65,09:33:57,5.78,0.0,26,15028,买盘
66,09:34:01,5.78,0.0,68,39302,买盘
67,09:34:07,5.77,-0.01,50,28850,卖盘
68,09:34:10,5.78,0.01,7,4041,买盘
69,09:34:13,5.78,0.0,131,75718,买盘
70,09:34:16,5.78,0.0,90,51987,买盘
71,09:34:18,5.78,0.0,221,127728,买盘
72,09:34:24,5.77,-0.01,23,13271,卖盘
73,09:34:28,5.77,0.0,606,349662,卖盘
74,09:34:31,5.76,-0.01,21,12114,卖盘
75,09:34:34,5.76,0.0,3,1728,卖盘
76,09:34:37,5.76,0.0,40,23040,卖盘
77,09:34:40,5.76,0.0,30,17282,卖盘
78,09:34:48,5.76,0.0,63,36305,卖盘
79,09:34:51,5.76,0.0,9,5184,卖盘
80,09:34:54,5.76,0.0,81,46656,卖盘
81,09:34:57,5.76,0.0,6,3456,买盘
82,09:35:01,5.76,0.0,48,27623,买盘
83,09:35:04,5.76,0.0,1,576,买盘
84,09:35:06,5.76,0.0,20,11520,买盘
85,09:35:09,5.76,0.0,5,2880,买盘
86,09:35:13,5.76,0.0,46,26496,买盘
87,09:35:16,5.76,0.0,8,4608,卖盘
88,09:35:22,5.76,0.0,14,8064,卖盘
89,09:35:25,5.77,0.01,37,21348,买盘
90,09:35:27,5.77,0.0,11,6342,买盘
91,09:35:33,5.77,0.0,6,3462,买盘
92,09:35:36,5.76,-0.01,17,9792,卖盘
93,09:35:40,5.77,0.01,7,4038,买盘
94,09:35:46,5.77,0.0,34,19618,买盘
95,09:35:51,5.76,-0.01,10,5760,卖盘
96,09:35:58,5.77,0.01,15,8647,买盘
97,09:36:01,5.76,-0.01,22,12673,卖盘
98,09:36:04,5.77,0.01,5,2885,买盘
99,09:36:06,5.76,-0.01,66,38016,卖盘
100,09:36:21,5.76,0.0,12,6912,买盘
101,09:36:25,5.76,0.0,10,5760,买盘
102,09:36:28,5.76,0.0,6,3456,买盘
103,09:36:31,5.76,0.0,42,24152,买盘
104,09:36:37,5.76,0.0,3,1728,买盘
105,09:36:39,5.75,-0.01,135,77625,卖盘
106,09:36:43,5.76,0.01,3,1728,买盘
107,09:36:46,5.75,-0.01,4,2300,卖盘
108,09:36:49,5.75,0.0,8,4600,卖盘
109,09:36:55,5.75,0.0,100,57500,卖盘
110,09:36:57,5.75,0.0,1,575,卖盘
111,09:37:01,5.76,0.01,8,4602,买盘
112,09:37:04,5.76,0.0,6,3456,买盘
113,09:37:06,5.75,-0.01,69,39675,卖盘
114,09:37:09,5.75,0.0,20,11500,买盘
115,09:37:13,5.75,0.0,38,21850,买盘
116,09:37:16,5.75,0.0,68,39100,卖盘
117,09:37:19,5.75,0.0,99,56925,卖盘
118,09:37:22,5.75,0.0,33,18975,买盘
119,09:37:25,5.75,0.0,33,18975,卖盘
120,09:37:28,5.76,0.01,1,576,买盘
121,09:37:31,5.75,-0.01,535,308047,卖盘
122,09:37:37,5.75,0.0,58,33350,卖盘
123,09:37:49,5.76,0.01,403,232228,卖盘
124,09:37:52,5.76,0.0,11,6336,买盘
125,09:38:00,5.76,0.0,71,40875,买盘
126,09:38:04,5.76,0.0,57,32826,买盘
127,09:38:07,5.76,0.0,178,102528,卖盘
128,09:38:13,5.76,0.0,56,32256,买盘
129,09:38:16,5.76,0.0,172,99072,买盘
130,09:38:21,5.76,0.0,66,38016,买盘
131,09:38:25,5.76,0.0,6,3456,买盘
132,09:38:27,5.76,0.0,39,22464,买盘
133,09:38:31,5.76,0.0,29,16684,买盘
134,09:38:33,5.76,0.0,3,1728,买盘
135,09:38:42,5.76,0.0,9,5184,卖盘
136,09:38:45,5.77,0.01,3,1731,买盘
137,09:38:55,5.77,0.0,5,2885,买盘
138,09:39:00,5.77,0.0,2,1154,买盘
139,09:39:13,5.76,-0.01,9,5184,卖盘
140,09:39:16,5.76,0.0,147,84672,卖盘
141,09:39:19,5.76,0.0,33,19008,买盘
142,09:39:25,5.76,0.0,16,9216,买盘
143,09:39:28,5.76,0.0,90,51840,买盘
144,09:39:31,5.76,0.0,17,9793,卖盘
145,09:39:34,5.76,0.0,31,17856,卖盘
146,09:39:36,5.75,-0.01,239,137495,卖盘
147,09:39:39,5.76,0.01,37,21312,中性盘
148,09:39:49,5.77,0.01,76,43812,买盘
149,09:39:52,5.77,0.0,1,577,买盘
150,09:39:55,5.76,-0.01,2,1152,卖盘
151,09:40:01,5.76,0.0,48,27656,卖盘
152,09:40:12,5.77,0.01,20,11540,买盘
153,09:40:16,5.76,-0.01,20,11520,卖盘
154,09:40:19,5.76,0.0,24,13824,卖盘
155,09:40:24,5.77,0.01,10,5770,买盘
156,09:40:27,5.77,0.0,1,577,买盘
157,09:40:34,5.77,0.0,5,2885,买盘
158,09:40:36,5.77,0.0,447,257919,买盘
159,09:40:40,5.76,-0.01,567,326962,卖盘
160,09:40:43,5.78,0.02,79,45662,买盘
161,09:40:46,5.77,-0.01,10,5770,卖盘
162,09:40:51,5.77,0.0,12,6924,卖盘
163,09:41:01,5.78,0.01,110,63487,买盘
164,09:41:04,5.77,-0.01,115,66361,卖盘
165,09:41:07,5.78,0.01,1,578,买盘
166,09:41:09,5.78,0.0,37,21386,买盘
167,09:41:16,5.78,0.0,35,20230,买盘
168,09:41:22,5.78,0.0,6,3468,买盘
169,09:41:31,5.78,0.0,8,4624,买盘
170,09:41:46,5.78,0.0,107,61846,买盘
171,09:41:49,5.77,-0.01,220,126940,卖盘
172,09:41:55,5.78,0.01,70,40460,买盘
173,09:41:58,5.78,0.0,6,3468,买盘
174,09:42:13,5.77,-0.01,233,134441,卖盘
175,09:42:16,5.77,0.0,5,2885,买盘
176,09:42:24,5.77,0.0,5,2885,买盘
177,09:42:27,5.77,0.0,2,1154,买盘
178,09:42:31,5.76,-0.01,2,1152,卖盘
179,09:42:37,5.76,0.0,22,12672,卖盘
180,09:42:46,5.76,0.0,73,42048,卖盘
181,09:42:49,5.76,0.0,17,9792,卖盘
182,09:42:51,5.76,0.0,61,35136,卖盘
183,09:42:55,5.77,0.01,106,61062,买盘
184,09:42:58,5.76,-0.01,10,5761,卖盘
185,09:43:01,5.76,0.0,15,8640,卖盘
186,09:43:04,5.76,0.0,9,5184,卖盘
187,09:43:06,5.77,0.01,34,19618,买盘
188,09:43:10,5.76,-0.01,134,77184,卖盘
189,09:43:13,5.76,0.0,50,28800,买盘
190,09:43:21,5.76,0.0,1,576,中性盘
191,09:43:28,5.77,0.01,10,5770,买盘
192,09:43:31,5.77,0.0,6,3462,买盘
193,09:43:33,5.77,0.0,17,9809,买盘
194,09:43:42,5.77,0.0,20,11540,买盘
195,09:43:48,5.76,-0.01,44,25344,卖盘
196,09:43:51,5.76,0.0,44,25344,卖盘
197,09:43:57,5.76,0.0,1,576,买盘
198,09:44:00,5.76,0.0,29,16704,买盘
199,09:44:04,5.76,0.0,6,3456,买盘
200,09:44:06,5.75,-0.01,4,2300,卖盘
201,09:44:18,5.75,0.0,82,47150,卖盘
202,09:44:24,5.75,0.0,186,106950,卖盘
203,09:44:27,5.76,0.01,116,66702,买盘
204,09:44:34,5.76,0.0,8,4608,买盘
205,09:44:40,5.74,-0.02,301,172910,卖盘
206,09:44:54,5.73,-0.01,158,90636,卖盘
207,09:44:57,5.74,0.01,6,3444,买盘
208,09:45:00,5.73,-0.01,14,8022,卖盘
209,09:45:04,5.74,0.01,152,87248,买盘
210,09:45:12,5.74,0.0,80,45920,卖盘
211,09:45:22,5.75,0.01,136,78200,买盘
212,09:45:25,5.74,-0.01,48,27554,卖盘
213,09:45:27,5.75,0.01,22,12638,买盘
214,09:45:45,5.75,0.0,10,5750,卖盘
215,09:45:49,5.75,0.0,30,17250,卖盘
216,09:45:54,5.76,0.01,2,1152,买盘
217,09:46:01,5.76,0.0,235,135130,买盘
218,09:46:07,5.75,-0.01,29,16675,买盘
219,09:46:09,5.75,0.0,80,46000,买盘
220,09:46:13,5.75,0.0,4,2300,买盘
221,09:46:16,5.75,0.0,67,38525,买盘
222,09:46:27,5.76,0.01,7,4032,买盘
223,09:46:31,5.75,-0.01,2,1150,卖盘
224,09:46:54,5.74,-0.01,20,11488,卖盘
225,09:47:04,5.76,0.02,8,4608,买盘
226,09:47:07,5.75,-0.01,6,3450,卖盘
227,09:47:25,5.75,0.0,142,81650,卖盘
228,09:47:28,5.75,0.0,8,4600,买盘
229,09:47:31,5.75,0.0,36,20700,买盘
230,09:47:39,5.75,0.0,19,10925,买盘
231,09:47:55,5.75,0.0,50,28750,中性盘
232,09:48:00,5.76,0.01,6,3456,买盘
233,09:48:03,5.76,0.0,223,128433,买盘
234,09:48:06,5.76,0.0,9,5184,卖盘
235,09:48:10,5.76,0.0,21,12096,卖盘
236,09:48:19,5.76,0.0,17,9792,卖盘
237,09:48:24,5.77,0.01,2,1154,买盘
238,09:48:31,5.77,0.0,6,3462,买盘
239,09:48:33,5.76,-0.01,33,19008,卖盘
240,09:48:43,5.77,0.01,3,1731,买盘
241,09:48:52,5.76,-0.01,72,41472,卖盘
242,09:48:58,5.76,0.0,2,1153,卖盘
243,09:49:04,5.76,0.0,14,8069,卖盘
244,09:49:09,5.76,0.0,18,10368,卖盘
245,09:49:16,5.76,0.0,6,3456,买盘
246,09:49:31,5.76,0.0,72,41472,卖盘
247,09:49:33,5.76,0.0,24,13824,买盘
248,09:49:40,5.76,0.0,4,2304,买盘
249,09:49:46,5.77,0.01,3,1731,买盘
250,09:49:54,5.76,-0.01,32,18434,卖盘
251,09:49:58,5.77,0.01,6,3462,买盘
252,09:50:24,5.76,-0.01,8,4614,卖盘
253,09:50:28,5.76,0.0,108,62209,卖盘
254,09:50:31,5.77,0.01,2,1154,买盘
255,09:50:34,5.77,0.0,22,12682,买盘
256,09:50:39,5.77,0.0,81,46737,买盘
257,09:50:46,5.76,-0.01,23,13248,卖盘
258,09:50:51,5.76,0.0,25,14400,卖盘
259,09:50:57,5.77,0.01,14,8078,买盘
260,09:51:00,5.77,0.0,8,4616,买盘
261,09:51:16,5.76,-0.01,80,46080,卖盘
262,09:51:19,5.77,0.01,39,22503,买盘
263,09:51:31,5.77,0.0,22,12674,买盘
264,09:51:34,5.77,0.0,6,3462,买盘
265,09:51:40,5.76,-0.01,170,97920,卖盘
266,09:51:58,5.77,0.01,7,4039,买盘
267,09:52:01,5.76,-0.01,94,54144,卖盘
268,09:52:06,5.76,0.0,15,8640,卖盘
269,09:52:16,5.76,0.0,40,23040,卖盘
270,09:52:18,5.76,0.0,33,19008,卖盘
271,09:52:27,5.76,0.0,21,12102,卖盘
272,09:52:31,5.77,0.01,12,6914,买盘
273,09:52:36,5.77,0.0,85,49000,买盘
274,09:52:46,5.76,-0.01,100,57600,卖盘
275,09:52:52,5.76,0.0,1,576,卖盘
276,09:52:55,5.76,0.0,35,20166,卖盘
277,09:52:57,5.76,0.0,1,576,买盘
278,09:53:04,5.76,0.0,70,40320,买盘
279,09:53:12,5.76,0.0,7,4032,买盘
280,09:53:25,5.76,0.0,8,4608,买盘
281,09:53:28,5.76,0.0,100,57600,买盘
282,09:53:30,5.76,0.0,14,8064,买盘
283,09:53:46,5.75,-0.01,20,11500,卖盘
284,09:53:58,5.75,0.0,1,575,卖盘
285,09:54:04,5.76,0.01,40,23040,买盘
286,09:54:09,5.75,-0.01,58,33350,卖盘
287,09:54:22,5.76,0.01,20,11520,买盘
288,09:54:27,5.76,0.0,1,576,买盘
289,09:54:30,5.76,0.0,12,6912,买盘
290,09:54:33,5.76,0.0,5,2880,买盘
291,09:54:40,5.75,-0.01,10,5750,卖盘
292,09:54:46,5.76,0.01,29,16704,买盘
293,09:54:51,5.76,0.0,2,1152,买盘
294,09:55:00,5.76,0.0,1,576,买盘
295,09:55:04,5.76,0.0,6,3456,买盘
296,09:55:28,5.76,0.0,8,4608,买盘
297,09:55:34,5.76,0.0,78,44928,买盘
298,09:55:37,5.76,0.0,2,1152,买盘
299,09:55:49,5.76,0.0,361,207936,买盘
300,09:55:55,5.77,0.01,40,23048,买盘
301,09:56:10,5.76,-0.01,15,8640,卖盘
302,09:56:13,5.77,0.01,8,4613,买盘
303,09:56:19,5.77,0.0,15,8655,买盘
304,09:56:22,5.77,0.0,5,2885,买盘
305,09:56:25,5.77,0.0,3,1731,买盘
306,09:56:28,5.77,0.0,8,4616,买盘
307,09:56:52,5.78,0.01,361,208322,买盘
308,09:57:27,5.78,0.0,12,6936,买盘
309,09:57:34,5.77,-0.01,1,577,卖盘
310,09:57:46,5.77,0.0,30,17310,卖盘
311,09:57:48,5.78,0.01,136,78608,买盘
312,09:57:57,5.77,-0.01,334,193018,卖盘
313,09:58:13,5.77,0.0,50,28850,卖盘
314,09:58:21,5.77,0.0,30,17310,卖盘
315,09:58:28,5.77,0.0,45,25965,卖盘
316,09:58:34,5.78,0.01,73,42179,买盘
317,09:58:36,5.77,-0.01,305,175985,卖盘
318,09:58:40,5.77,0.0,113,65201,买盘
319,09:58:46,5.77,0.0,82,47314,买盘
320,09:59:13,5.77,0.0,15,8655,卖盘
321,09:59:19,5.77,0.0,28,16156,卖盘
322,09:59:22,5.77,0.0,80,46195,卖盘
323,09:59:27,5.77,0.0,129,74433,卖盘
324,09:59:46,5.77,0.0,28,16156,卖盘
325,09:59:49,5.77,0.0,6,3462,卖盘
326,09:59:52,5.77,0.0,22,12694,卖盘
327,10:00:04,5.77,0.0,52,30004,卖盘
328,10:00:09,5.77,0.0,24,13848,买盘
329,10:00:46,5.76,-0.01,10,5760,卖盘
330,10:00:49,5.77,0.01,2,1154,买盘
331,10:01:25,5.77,0.0,4,2308,买盘
332,10:01:40,5.77,0.0,50,28850,买盘
333,10:01:46,5.76,-0.01,15,8640,卖盘
334,10:01:58,5.76,0.0,8,4608,卖盘
335,10:02:13,5.76,0.0,339,195564,卖盘
336,10:02:15,5.77,0.01,5,2885,买盘
337,10:02:42,5.76,-0.01,302,173954,卖盘
338,10:02:46,5.76,0.0,140,80642,卖盘
339,10:02:52,5.76,0.0,43,24768,买盘
340,10:02:58,5.76,0.0,5,2880,买盘
341,10:03:06,5.75,-0.01,38,21880,卖盘
342,10:03:16,5.76,0.01,10,5760,买盘
343,10:03:21,5.76,0.0,182,104884,买盘
344,10:03:27,5.76,0.0,20,11520,卖盘
345,10:03:48,5.77,0.01,34,19618,买盘
346,10:03:57,5.77,0.0,17,9809,买盘
347,10:04:01,5.76,-0.01,1,576,卖盘
348,10:04:07,5.77,0.01,106,61162,买盘
349,10:04:15,5.77,0.0,55,31735,买盘
350,10:04:19,5.76,-0.01,6,3456,卖盘
351,10:04:27,5.77,0.01,331,190987,买盘
352,10:04:39,5.77,0.0,197,113852,卖盘
353,10:04:43,5.77,0.0,21,12117,买盘
354,10:04:48,5.77,0.0,11,6347,卖盘
355,10:05:04,5.77,0.0,87,50199,买盘
356,10:05:07,5.77,0.0,1,577,买盘
357,10:05:25,5.77,0.0,5,2885,买盘
358,10:05:43,5.76,-0.01,16,9216,卖盘
359,10:05:48,5.76,0.0,50,28800,卖盘
360,10:05:55,5.76,0.0,35,20160,卖盘
361,10:05:58,5.75,-0.01,250,143871,卖盘
362,10:06:07,5.76,0.01,12,6912,买盘
363,10:06:34,5.76,0.0,241,138816,买盘
364,10:06:42,5.75,-0.01,2,1150,卖盘
365,10:07:19,5.75,0.0,40,23000,卖盘
366,10:07:27,5.75,0.0,14,8060,卖盘
367,10:07:34,5.76,0.01,3,1728,买盘
368,10:07:40,5.76,0.0,1,576,买盘
369,10:07:45,5.76,0.0,36,20736,买盘
370,10:07:58,5.76,0.0,6,3456,卖盘
371,10:08:04,5.76,0.0,7,4032,买盘
372,10:08:46,5.76,0.0,44,25344,买盘
373,10:08:52,5.76,0.0,55,31680,卖盘
374,10:09:18,5.76,0.0,3,1728,卖盘
375,10:09:31,5.76,0.0,14,8064,卖盘
376,10:09:34,5.76,0.0,10,5760,买盘
377,10:09:37,5.76,0.0,31,17856,买盘
378,10:09:39,5.76,0.0,2,1152,买盘
379,10:09:45,5.76,0.0,7,4032,买盘
380,10:09:49,5.76,0.0,58,33408,买盘
381,10:09:51,5.76,0.0,46,26504,卖盘
382,10:09:55,5.77,0.01,10,5770,买盘
383,10:09:57,5.77,0.0,11,6347,买盘
384,10:10:00,5.77,0.0,10,5770,买盘
385,10:10:04,5.77,0.0,10,5770,买盘
386,10:10:07,5.77,0.0,10,5770,买盘
387,10:10:09,5.77,0.0,10,5770,买盘
388,10:10:13,5.77,0.0,10,5770,买盘
389,10:10:25,5.77,0.0,39,22503,买盘
390,10:10:31,5.76,-0.01,10,5760,卖盘
391,10:10:36,5.77,0.01,78,45006,买盘
392,10:10:40,5.77,0.0,16,9232,买盘
393,10:10:48,5.78,0.01,637,367599,买盘
394,10:10:51,5.78,0.0,127,73406,买盘
395,10:10:54,5.78,0.0,697,402866,买盘
396,10:10:57,5.79,0.01,342,197781,买盘
397,10:11:00,5.8,0.01,402,233051,买盘
398,10:11:04,5.8,0.0,171,99180,买盘
399,10:11:07,5.81,0.01,84,48804,买盘
400,10:11:10,5.82,0.01,70,40740,买盘
401,10:11:13,5.82,0.0,1,582,买盘
402,10:11:15,5.83,0.01,86,50063,买盘
403,10:11:18,5.82,-0.01,27,15736,中性盘
404,10:11:21,5.82,0.0,69,40158,买盘
405,10:11:24,5.81,-0.01,84,48821,卖盘
406,10:11:28,5.81,0.0,8,4648,买盘
407,10:11:31,5.82,0.01,486,282571,买盘
408,10:11:34,5.81,-0.01,2,1162,买盘
409,10:11:36,5.8,-0.01,11,6380,卖盘
410,10:11:39,5.81,0.01,22,12782,买盘
411,10:11:42,5.81,0.0,105,61005,买盘
412,10:11:46,5.81,0.0,207,120267,买盘
413,10:11:49,5.8,-0.01,837,487454,卖盘
414,10:11:52,5.82,0.02,10,5820,卖盘
415,10:11:55,5.81,-0.01,133,77403,卖盘
416,10:11:58,5.82,0.01,77,44814,买盘
417,10:12:00,5.81,-0.01,1,581,卖盘
418,10:12:09,5.81,0.0,10,5810,卖盘
419,10:12:13,5.8,-0.01,25,14512,卖盘
420,10:12:15,5.8,0.0,14,8120,卖盘
421,10:12:18,5.81,0.01,100,58100,买盘
422,10:12:22,5.8,-0.01,6,3480,卖盘
423,10:12:28,5.8,0.0,73,42340,卖盘
424,10:12:31,5.81,0.01,219,127232,买盘
425,10:12:34,5.8,-0.01,5,2900,卖盘
426,10:12:37,5.81,0.01,35,20335,买盘
427,10:12:49,5.8,-0.01,75,43500,卖盘
428,10:12:52,5.8,0.0,1,580,卖盘
429,10:12:58,5.8,0.0,25,14500,卖盘
430,10:13:04,5.8,0.0,1,580,卖盘
431,10:13:06,5.81,0.01,189,109802,买盘
432,10:13:09,5.8,-0.01,108,62640,卖盘
433,10:13:15,5.8,0.0,5,2900,买盘
434,10:13:22,5.8,0.0,233,135140,买盘
435,10:13:34,5.81,0.01,227,131887,买盘
436,10:13:37,5.81,0.0,5,2905,卖盘
437,10:13:49,5.8,-0.01,50,29000,买盘
438,10:14:00,5.79,-0.01,50,28950,卖盘
439,10:14:06,5.79,0.0,58,33582,卖盘
440,10:14:13,5.79,0.0,20,11580,买盘
441,10:14:19,5.79,0.0,20,11580,买盘
442,10:14:30,5.79,0.0,34,19686,买盘
443,10:14:33,5.79,0.0,120,69480,买盘
444,10:14:42,5.78,-0.01,162,93636,卖盘
445,10:14:45,5.78,0.0,8,4624,买盘
446,10:14:49,5.78,0.0,6,3468,买盘
447,10:14:52,5.78,0.0,24,13872,买盘
448,10:15:13,5.78,0.0,82,47396,卖盘
449,10:15:18,5.78,0.0,18,10404,买盘
450,10:15:36,5.79,0.01,65,37635,买盘
451,10:15:40,5.78,-0.01,7,4046,卖盘
452,10:15:43,5.77,-0.01,312,180117,卖盘
453,10:16:06,5.78,0.01,7,4046,买盘
454,10:16:09,5.78,0.0,6,3468,买盘
455,10:16:13,5.78,0.0,5,2890,买盘
456,10:16:16,5.78,0.0,22,12716,买盘
457,10:17:04,5.79,0.01,30,17370,买盘
458,10:17:19,5.78,-0.01,27,15606,卖盘
459,10:17:33,5.78,0.0,5,2890,买盘
460,10:17:36,5.78,0.0,20,11560,买盘
461,10:17:46,5.78,0.0,7,4046,买盘
462,10:17:49,5.78,0.0,6,3468,买盘
463,10:17:52,5.78,0.0,6,3468,买盘
464,10:18:06,5.78,0.0,20,11560,买盘
465,10:18:16,5.77,-0.01,300,173100,卖盘
466,10:18:18,5.78,0.01,12,6936,买盘
467,10:18:36,5.78,0.0,2,1156,买盘
468,10:19:13,5.77,-0.01,60,34620,卖盘
469,10:19:58,5.76,-0.01,14,8064,卖盘
470,10:20:12,5.76,0.0,674,388224,卖盘
471,10:20:16,5.77,0.01,71,40941,买盘
472,10:20:19,5.77,0.0,39,22503,卖盘
473,10:20:22,5.75,-0.02,6,3450,卖盘
474,10:20:55,5.76,0.01,51,29376,卖盘
475,10:20:58,5.76,0.0,21,12096,买盘
476,10:21:10,5.75,-0.01,4,2300,卖盘
477,10:21:16,5.76,0.01,50,28800,买盘
478,10:21:22,5.75,-0.01,69,39675,卖盘
479,10:21:24,5.76,0.01,32,18429,买盘
480,10:21:30,5.76,0.0,5,2880,买盘
481,10:22:13,5.76,0.0,60,34560,卖盘
482,10:22:18,5.77,0.01,80,46160,买盘
483,10:22:27,5.76,-0.01,68,39168,卖盘
484,10:22:49,5.76,0.0,30,17280,买盘
485,10:22:58,5.76,0.0,49,28224,买盘
486,10:23:07,5.76,0.0,1,576,卖盘
487,10:23:10,5.76,0.0,1,576,买盘
488,10:23:15,5.76,0.0,25,14400,卖盘
489,10:23:22,5.76,0.0,4,2304,卖盘
490,10:24:07,5.77,0.01,26,15002,买盘
491,10:24:34,5.76,-0.01,27,15552,卖盘
492,10:24:39,5.76,0.0,32,18432,买盘
493,10:24:45,5.76,0.0,1,576,卖盘
494,10:25:16,5.76,0.0,5,2880,卖盘
495,10:25:52,5.76,0.0,37,21312,卖盘
496,10:26:04,5.77,0.01,11,6347,买盘
497,10:26:13,5.76,-0.01,280,161280,卖盘
498,10:26:19,5.76,0.0,78,44928,买盘
499,10:26:30,5.76,0.0,144,82944,买盘
500,10:26:46,5.77,0.01,202,116554,买盘
501,10:27:37,5.76,-0.01,84,48384,卖盘
502,10:27:39,5.76,0.0,40,23040,卖盘
503,10:27:46,5.76,0.0,20,11520,买盘
504,10:27:48,5.76,0.0,21,12096,买盘
505,10:28:13,5.76,0.0,1,576,卖盘
506,10:28:16,5.76,0.0,90,51840,卖盘
507,10:29:13,5.76,0.0,16,9216,卖盘
508,10:29:52,5.77,0.01,57,32852,买盘
509,10:30:13,5.78,0.01,7,4046,买盘
510,10:30:18,5.78,0.0,5,2890,买盘
511,10:30:21,5.78,0.0,22,12716,买盘
512,10:31:43,5.77,-0.01,10,5770,卖盘
513,10:31:58,5.77,0.0,5,2885,买盘
514,10:32:46,5.77,0.0,17,9809,买盘
515,10:33:01,5.77,0.0,100,57700,买盘
516,10:34:01,5.77,0.0,33,19041,买盘
517,10:34:22,5.76,-0.01,18,10368,卖盘
518,10:35:09,5.76,0.0,30,17280,卖盘
519,10:35:25,5.76,0.0,6,3456,卖盘
520,10:35:43,5.77,0.01,2,1154,买盘
521,10:35:57,5.77,0.0,12,6924,买盘
522,10:36:04,5.76,-0.01,200,115200,卖盘
523,10:36:33,5.77,0.01,5,2885,买盘
524,10:36:51,5.77,0.0,50,28850,买盘
525,10:37:04,5.77,0.0,4,2308,买盘
526,10:37:06,5.77,0.0,44,25388,买盘
527,10:37:09,5.77,0.0,21,12117,卖盘
528,10:37:15,5.77,0.0,32,18464,卖盘
529,10:37:31,5.78,0.01,70,40460,买盘
530,10:37:33,5.78,0.0,5,2890,买盘
531,10:37:37,5.78,0.0,12,6936,买盘
532,10:37:52,5.78,0.0,5,2890,买盘
533,10:37:55,5.78,0.0,10,5780,买盘
534,10:38:12,5.78,0.0,259,149702,买盘
535,10:38:15,5.78,0.0,3,1734,买盘
536,10:38:19,5.78,0.0,60,34680,买盘
537,10:38:31,5.78,0.0,4,2312,买盘
538,10:38:48,5.78,0.0,132,76296,买盘
539,10:38:54,5.78,0.0,196,113288,买盘
540,10:39:15,5.78,0.0,54,31212,卖盘
541,10:39:24,5.78,0.0,2,1156,卖盘
542,10:39:27,5.78,0.0,10,5780,卖盘
543,10:39:37,5.78,0.0,2,1156,卖盘
544,10:39:40,5.79,0.01,53,30680,买盘
545,10:39:43,5.78,-0.01,10,5780,卖盘
546,10:39:46,5.78,0.0,20,11579,卖盘
547,10:39:49,5.79,0.01,17,9843,买盘
548,10:39:52,5.79,0.0,19,11001,买盘
549,10:39:55,5.79,0.0,21,12159,买盘
550,10:39:58,5.78,-0.01,18,10421,卖盘
551,10:40:01,5.78,0.0,25,14473,卖盘
552,10:40:04,5.78,0.0,21,12156,卖盘
553,10:40:16,5.78,0.0,15,8670,卖盘
554,10:40:19,5.78,0.0,11,6358,卖盘
555,10:40:22,5.78,0.0,86,49708,卖盘
556,10:40:25,5.77,-0.01,30,17330,卖盘
557,10:40:40,5.77,0.0,47,27165,卖盘
558,10:40:45,5.78,0.01,54,31212,买盘
559,10:40:48,5.78,0.0,4,2312,卖盘
560,10:40:51,5.78,0.0,1,578,卖盘
561,10:40:54,5.78,0.0,1,578,卖盘
562,10:40:57,5.78,0.0,4,2312,卖盘
563,10:41:00,5.78,0.0,124,71672,卖盘
564,10:41:04,5.78,0.0,32,18496,卖盘
565,10:41:12,5.77,-0.01,100,57700,卖盘
566,10:41:15,5.77,0.0,2,1154,卖盘
567,10:41:18,5.77,0.0,25,14435,卖盘
568,10:41:25,5.77,0.0,300,173100,卖盘
569,10:41:28,5.77,0.0,5,2885,卖盘
570,10:41:31,5.77,0.0,2,1154,卖盘
571,10:41:34,5.77,0.0,1,577,卖盘
572,10:41:36,5.77,0.0,29,16733,卖盘
573,10:41:48,5.78,0.01,35,20205,买盘
574,10:42:21,5.77,-0.01,37,21382,卖盘
575,10:42:24,5.77,0.0,30,17310,买盘
576,10:42:30,5.77,0.0,34,19618,买盘
577,10:42:40,5.76,-0.01,3,1728,卖盘
578,10:43:06,5.77,0.01,9,5193,买盘
579,10:44:34,5.77,0.0,6,3462,买盘
580,10:44:49,5.76,-0.01,7,4032,卖盘
581,10:45:07,5.76,0.0,35,20160,卖盘
582,10:45:13,5.76,0.0,3,1728,卖盘
583,10:45:22,5.76,0.0,67,38592,卖盘
584,10:45:43,5.76,0.0,5,2880,卖盘
585,10:46:06,5.76,0.0,500,288000,卖盘
586,10:46:09,5.76,0.0,3,1728,中性盘
587,10:47:24,5.75,-0.01,4,2300,卖盘
588,10:47:28,5.76,0.01,120,69120,买盘
589,10:47:34,5.75,-0.01,10,5750,卖盘
590,10:48:06,5.76,0.01,11,6331,买盘
591,10:48:30,5.76,0.0,17,9792,买盘
592,10:48:33,5.76,0.0,33,19008,卖盘
593,10:48:57,5.75,-0.01,10,5750,卖盘
594,10:49:01,5.76,0.01,5,2880,买盘
595,10:49:36,5.76,0.0,15,8640,买盘
596,10:49:48,5.77,0.01,3,1731,买盘
597,10:49:51,5.77,0.0,3,1731,买盘
598,10:49:55,5.76,-0.01,15,8643,中性盘
599,10:49:58,5.77,0.01,13,7501,买盘
600,10:50:00,5.77,0.0,4,2308,买盘
601,10:50:04,5.76,-0.01,9,5188,中性盘
602,10:50:07,5.77,0.01,4,2308,买盘
603,10:50:09,5.76,-0.01,52,29956,中性盘
604,10:50:13,5.77,0.01,6,3462,买盘
605,10:50:24,5.75,-0.02,351,201825,卖盘
606,10:50:46,5.75,0.0,3,1725,卖盘
607,10:51:01,5.75,0.0,10,5750,卖盘
608,10:51:04,5.76,0.01,50,28800,中性盘
609,10:51:13,5.75,-0.01,20,11500,卖盘
610,10:52:06,5.76,0.01,3,1728,买盘
611,10:52:15,5.75,-0.01,10,5750,卖盘
612,10:52:18,5.76,0.01,28,16128,买盘
613,10:52:31,5.77,0.01,40,23066,买盘
614,10:52:40,5.76,-0.01,20,11520,中性盘
615,10:53:01,5.76,0.0,60,34560,买盘
616,10:53:42,5.75,-0.01,35,20125,卖盘
617,10:54:45,5.76,0.01,16,9216,买盘
618,10:55:21,5.76,0.0,15,8640,买盘
619,10:55:43,5.76,0.0,14,8064,买盘
620,10:55:46,5.76,0.0,15,8640,买盘
621,10:55:54,5.76,0.0,25,14400,买盘
622,10:56:06,5.75,-0.01,5,2875,卖盘
623,10:56:21,5.76,0.01,1,576,买盘
624,10:56:33,5.76,0.0,25,14400,买盘
625,10:56:36,5.76,0.0,14,8064,买盘
626,10:56:42,5.76,0.0,4,2304,卖盘
627,10:57:04,5.76,0.0,33,19008,卖盘
628,10:57:06,5.76,0.0,115,66240,卖盘
629,10:57:36,5.77,0.01,26,14977,买盘
630,10:57:54,5.75,-0.02,17,9775,卖盘
631,10:58:03,5.75,0.0,12,6900,卖盘
632,10:58:19,5.76,0.01,1,576,买盘
633,10:58:30,5.75,-0.01,160,92000,卖盘
634,10:58:39,5.76,0.01,22,12672,买盘
635,10:58:45,5.75,-0.01,10,5750,卖盘
636,10:58:48,5.76,0.01,200,115200,买盘
637,10:58:51,5.75,-0.01,250,143750,卖盘
638,10:59:39,5.75,0.0,19,10925,卖盘
639,10:59:42,5.75,0.0,10,5750,卖盘
640,10:59:45,5.75,0.0,74,42614,卖盘
641,10:59:48,5.76,0.01,17,9792,买盘
642,10:59:51,5.76,0.0,17,9792,买盘
643,10:59:54,5.76,0.0,17,9792,买盘
644,10:59:58,5.76,0.0,17,9792,买盘
645,11:00:01,5.76,0.0,17,9792,买盘
646,11:00:04,5.76,0.0,17,9792,买盘
647,11:00:07,5.76,0.0,19,10944,买盘
648,11:01:45,5.75,-0.01,6,3450,卖盘
649,11:02:01,5.75,0.0,3,1725,卖盘
650,11:03:12,5.75,0.0,30,17250,卖盘
651,11:03:25,5.75,0.0,196,112648,卖盘
652,11:03:27,5.75,0.0,2,1150,买盘
653,11:03:39,5.74,-0.01,45,25830,卖盘
654,11:04:01,5.75,0.01,10,5750,买盘
655,11:04:16,5.74,-0.01,1,574,卖盘
656,11:04:55,5.75,0.01,20,11500,买盘
657,11:04:57,5.74,-0.01,43,24682,卖盘
658,11:05:15,5.74,0.0,10,5740,卖盘
659,11:05:31,5.74,0.0,40,22960,卖盘
660,11:05:37,5.74,0.0,6,3444,卖盘
661,11:05:45,5.74,0.0,2,1148,卖盘
662,11:06:00,5.75,0.01,90,51802,买盘
663,11:06:04,5.74,-0.01,7,4025,卖盘
664,11:06:07,5.75,0.01,5,2875,卖盘
665,11:06:31,5.75,0.0,27,15525,买盘
666,11:06:34,5.75,0.0,10,5750,买盘
667,11:06:36,5.75,0.0,32,18400,买盘
668,11:06:39,5.75,0.0,2,1150,买盘
669,11:07:04,5.75,0.0,20,11500,卖盘
670,11:07:06,5.75,0.0,2,1150,卖盘
671,11:07:10,5.75,0.0,10,5750,卖盘
672,11:07:27,5.74,-0.01,39,22386,卖盘
673,11:08:12,5.74,0.0,2,1148,卖盘
674,11:08:15,5.74,0.0,220,126272,卖盘
675,11:08:39,5.74,0.0,50,28700,买盘
676,11:08:42,5.74,0.0,52,29900,买盘
677,11:09:01,5.75,0.01,46,26450,买盘
678,11:09:04,5.75,0.0,106,60950,卖盘
679,11:09:13,5.74,-0.01,5,2870,卖盘
680,11:09:16,5.74,0.0,183,104990,卖盘
681,11:09:21,5.74,0.0,15,8610,买盘
682,11:09:24,5.74,0.0,45,25830,买盘
683,11:09:45,5.74,0.0,17,9758,买盘
684,11:09:48,5.74,0.0,17,9758,买盘
685,11:09:51,5.74,0.0,104,59696,买盘
686,11:09:54,5.74,0.0,32,18368,买盘
687,11:09:57,5.74,0.0,39,22386,买盘
688,11:10:00,5.74,0.0,22,12628,买盘
689,11:10:04,5.74,0.0,12,6888,买盘
690,11:10:06,5.74,0.0,14,8088,买盘
691,11:10:12,5.74,0.0,59,33866,卖盘
692,11:10:33,5.75,0.01,11,6325,买盘
693,11:11:01,5.75,0.0,48,27600,买盘
694,11:11:09,5.75,0.0,30,17250,买盘
695,11:11:12,5.75,0.0,12,6900,卖盘
696,11:11:15,5.75,0.0,6,3450,卖盘
697,11:11:18,5.75,0.0,7,4025,卖盘
698,11:11:21,5.75,0.0,2,1150,卖盘
699,11:11:24,5.75,0.0,2,1150,卖盘
700,11:11:27,5.75,0.0,3,1725,卖盘
701,11:11:48,5.75,0.0,68,39100,买盘
702,11:11:57,5.75,0.0,25,14375,买盘
703,11:12:30,5.75,0.0,12,6900,买盘
704,11:12:54,5.75,0.0,14,8050,卖盘
705,11:14:27,5.75,0.0,45,25875,买盘
706,11:14:37,5.75,0.0,19,10925,卖盘
707,11:15:48,5.74,-0.01,10,5740,卖盘
708,11:15:51,5.74,0.0,7,4018,卖盘
709,11:16:30,5.74,0.0,85,48790,卖盘
710,11:16:33,5.74,0.0,2,1096,卖盘
711,11:16:36,5.74,0.0,1,626,买盘
712,11:16:46,5.75,0.01,50,28750,买盘
713,11:16:55,5.74,-0.01,34,19516,卖盘
714,11:17:01,5.75,0.01,3,1725,买盘
715,11:17:15,5.75,0.0,85,48875,买盘
716,11:17:18,5.75,0.0,15,8625,卖盘
717,11:17:24,5.75,0.0,35,20125,买盘
718,11:17:30,5.75,0.0,65,37375,卖盘
719,11:17:57,5.75,0.0,1,575,买盘
720,11:18:00,5.75,0.0,20,11500,买盘
721,11:18:04,5.74,-0.01,25,14350,卖盘
722,11:18:27,5.75,0.01,118,67765,买盘
723,11:18:30,5.74,-0.01,3,1670,卖盘
724,11:19:09,5.74,0.0,12,6888,卖盘
725,11:19:33,5.75,0.01,45,25875,买盘
726,11:19:36,5.74,-0.01,8,4592,卖盘
727,11:20:24,5.75,0.01,4,2300,买盘
728,11:21:18,5.74,-0.01,66,37884,卖盘
729,11:21:51,5.75,0.01,10,5750,买盘
730,11:22:00,5.75,0.0,10,5750,买盘
731,11:22:24,5.74,-0.01,12,6888,卖盘
732,11:22:36,5.74,0.0,13,7410,卖盘
733,11:22:42,5.74,0.0,8,4592,买盘
734,11:22:45,5.74,0.0,30,17220,买盘
735,11:22:54,5.73,-0.01,504,288801,卖盘
736,11:22:57,5.73,0.0,3,1719,买盘
737,11:23:00,5.73,0.0,2,1146,买盘
738,11:23:12,5.73,0.0,11,6303,卖盘
739,11:23:21,5.73,0.0,6,3438,买盘
740,11:23:24,5.73,0.0,14,8022,买盘
741,11:23:33,5.73,0.0,5,2865,买盘
742,11:23:36,5.73,0.0,3,1719,买盘
743,11:23:39,5.73,0.0,2,1146,买盘
744,11:23:42,5.73,0.0,31,17763,买盘
745,11:23:45,5.73,0.0,28,16044,买盘
746,11:23:51,5.74,0.01,4,2296,买盘
747,11:24:24,5.74,0.0,30,17220,买盘
748,11:24:27,5.73,-0.01,150,85950,卖盘
749,11:25:00,5.73,0.0,10,5730,卖盘
750,11:25:18,5.73,0.0,6,3438,卖盘
751,11:25:30,5.73,0.0,66,37818,卖盘
752,11:25:45,5.73,0.0,100,57300,卖盘
753,11:25:48,5.73,0.0,12,6876,卖盘
754,11:25:51,5.73,0.0,12,6876,卖盘
755,11:25:54,5.73,0.0,8,4584,卖盘
756,11:25:57,5.73,0.0,2,1146,卖盘
757,11:26:07,5.73,0.0,5,2865,卖盘
758,11:26:15,5.72,-0.01,126,72072,卖盘
759,11:26:24,5.72,0.0,2,1144,卖盘
760,11:26:42,5.72,0.0,26,14872,卖盘
761,11:26:45,5.72,0.0,34,19448,卖盘
762,11:26:48,5.72,0.0,40,22880,卖盘
763,11:27:03,5.72,0.0,53,30316,卖盘
764,11:27:06,5.72,0.0,37,21164,卖盘
765,11:27:21,5.72,0.0,30,17160,卖盘
766,11:27:24,5.72,0.0,2,1144,买盘
767,11:27:30,5.72,0.0,6,3432,卖盘
768,11:27:33,5.72,0.0,6,3432,买盘
769,11:27:45,5.72,0.0,81,46332,买盘
770,11:27:48,5.72,0.0,128,73216,买盘
771,11:28:04,5.72,0.0,40,22880,卖盘
772,11:28:15,5.72,0.0,17,9724,卖盘
773,11:28:24,5.72,0.0,89,50908,卖盘
774,11:28:57,5.72,0.0,37,21164,卖盘
775,11:29:03,5.73,0.01,44,25212,买盘
776,11:29:13,5.72,-0.01,5,2860,卖盘
777,11:29:36,5.72,0.0,30,17160,卖盘
778,11:29:45,5.73,0.01,1,573,买盘
779,11:29:49,5.73,0.0,3,1719,买盘
780,13:00:04,5.72,-0.01,63,36080,卖盘
781,13:00:36,5.73,0.01,118,67614,买盘
782,13:01:03,5.73,0.0,3,1719,卖盘
783,13:01:21,5.73,0.0,12,6876,卖盘
784,13:01:51,5.73,0.0,167,95691,卖盘
785,13:02:15,5.73,0.0,26,14898,卖盘
786,13:02:18,5.73,0.0,10,5730,买盘
787,13:02:24,5.72,-0.01,20,11440,卖盘
788,13:02:33,5.73,0.01,12,6876,买盘
789,13:02:39,5.73,0.0,9,5157,买盘
790,13:02:54,5.72,-0.01,8,4576,卖盘
791,13:03:07,5.72,0.0,53,30316,卖盘
792,13:03:18,5.73,0.01,5,2865,买盘
793,13:03:37,5.73,0.0,2,1146,买盘
794,13:04:21,5.73,0.0,88,50424,买盘
795,13:04:39,5.73,0.0,15,8595,卖盘
796,13:05:13,5.73,0.0,13,7449,卖盘
797,13:05:15,5.73,0.0,57,32661,卖盘
798,13:05:24,5.72,-0.01,50,28600,卖盘
799,13:05:30,5.72,0.0,13,7436,卖盘
800,13:05:42,5.73,0.01,11,6303,买盘
801,13:05:49,5.72,-0.01,10,5720,卖盘
802,13:05:54,5.72,0.0,82,46904,卖盘
803,13:06:27,5.72,0.0,17,9724,卖盘
804,13:07:21,5.72,0.0,39,22308,卖盘
805,13:07:30,5.72,0.0,167,95524,卖盘
806,13:08:06,5.71,-0.01,25,14276,卖盘
807,13:08:09,5.72,0.01,2,1144,买盘
808,13:08:24,5.71,-0.01,60,34260,卖盘
809,13:08:33,5.71,0.0,70,39970,卖盘
810,13:08:54,5.71,0.0,27,15417,卖盘
811,13:09:27,5.71,0.0,110,62910,卖盘
812,13:09:33,5.72,0.01,5,2860,中性盘
813,13:09:57,5.72,0.0,14,8008,买盘
814,13:10:00,5.72,0.0,20,11440,买盘
815,13:10:04,5.72,0.0,26,14872,买盘
816,13:10:07,5.72,0.0,15,8588,卖盘
817,13:10:09,5.72,0.0,9,5148,买盘
818,13:10:12,5.72,0.0,9,5148,买盘
819,13:10:15,5.72,0.0,9,5148,买盘
820,13:10:18,5.72,0.0,47,26872,买盘
821,13:10:21,5.71,-0.01,32,18283,卖盘
822,13:10:24,5.71,0.0,28,16000,卖盘
823,13:10:27,5.72,0.01,13,7436,买盘
824,13:10:36,5.72,0.0,6,3432,买盘
825,13:10:39,5.72,0.0,3,1716,买盘
826,13:10:42,5.72,0.0,1,572,买盘
827,13:10:49,5.72,0.0,3,1716,买盘
828,13:11:31,5.71,-0.01,60,34260,卖盘
829,13:11:33,5.72,0.01,43,24596,买盘
830,13:11:49,5.72,0.0,7,4004,卖盘
831,13:11:51,5.72,0.0,18,10296,买盘
832,13:12:09,5.71,-0.01,29,16559,卖盘
833,13:12:27,5.71,0.0,79,45109,卖盘
834,13:12:39,5.71,0.0,130,74230,卖盘
835,13:12:42,5.71,0.0,3,1713,卖盘
836,13:12:48,5.71,0.0,41,23411,卖盘
837,13:12:51,5.71,0.0,9,5139,卖盘
838,13:12:54,5.71,0.0,11,6281,卖盘
839,13:13:16,5.71,0.0,40,22840,买盘
840,13:13:19,5.7,-0.01,20,11400,卖盘
841,13:13:37,5.7,0.0,14,7980,卖盘
842,13:13:51,5.7,0.0,22,12540,卖盘
843,13:14:04,5.7,0.0,5,2850,卖盘
844,13:14:21,5.7,0.0,100,57000,卖盘
845,13:14:30,5.71,0.01,1,571,买盘
846,13:14:57,5.7,-0.01,10,5700,卖盘
847,13:15:57,5.7,0.0,100,57000,卖盘
848,13:16:04,5.7,0.0,5,2850,卖盘
849,13:16:06,5.7,0.0,20,11400,卖盘
850,13:16:24,5.7,0.0,52,29640,卖盘
851,13:16:30,5.7,0.0,4,2280,卖盘
852,13:17:00,5.7,0.0,30,17100,卖盘
853,13:17:04,5.7,0.0,21,11970,卖盘
854,13:17:12,5.7,0.0,100,57000,卖盘
855,13:17:30,5.7,0.0,14,7980,卖盘
856,13:17:33,5.7,0.0,59,33630,卖盘
857,13:18:15,5.71,0.01,10,5710,买盘
858,13:18:40,5.71,0.0,88,50248,买盘
859,13:18:43,5.71,0.0,10,5710,买盘
860,13:18:46,5.71,0.0,13,7423,买盘
861,13:18:48,5.71,0.0,13,7423,买盘
862,13:18:51,5.71,0.0,32,18272,买盘
863,13:19:09,5.71,0.0,38,21698,卖盘
864,13:19:15,5.71,0.0,28,15988,买盘
865,13:19:24,5.72,0.01,80,45706,买盘
866,13:19:39,5.7,-0.02,100,57055,卖盘
867,13:19:45,5.72,0.02,50,28600,买盘
868,13:19:58,5.71,-0.01,10,5710,买盘
869,13:20:01,5.71,0.0,8,4568,买盘
870,13:20:04,5.72,0.01,5,2858,买盘
871,13:20:06,5.72,0.0,12,6864,买盘
872,13:20:09,5.72,0.0,16,9152,买盘
873,13:20:12,5.72,0.0,12,6864,卖盘
874,13:20:19,5.72,0.0,10,5720,中性盘
875,13:20:45,5.71,-0.01,20,11420,买盘
876,13:20:49,5.72,0.01,2,1144,卖盘
877,13:21:04,5.71,-0.01,4,2284,卖盘
878,13:21:06,5.72,0.01,7,4004,买盘
879,13:21:12,5.72,0.0,3,1716,卖盘
880,13:21:15,5.72,0.0,3,1716,卖盘
881,13:21:25,5.72,0.0,2,1144,卖盘
882,13:21:31,5.72,0.0,5,2860,卖盘
883,13:21:45,5.72,0.0,7,4004,买盘
884,13:21:51,5.71,-0.01,14,7994,卖盘
885,13:22:01,5.71,0.0,4,2284,卖盘
886,13:22:21,5.71,0.0,80,45680,卖盘
887,13:22:24,5.71,0.0,9,5139,卖盘
888,13:22:33,5.71,0.0,95,54245,卖盘
889,13:22:46,5.71,0.0,20,11420,买盘
890,13:22:49,5.71,0.0,21,11991,卖盘
891,13:22:55,5.71,0.0,56,31976,卖盘
892,13:23:34,5.71,0.0,2,1142,买盘
893,13:23:39,5.7,-0.01,61,34770,卖盘
894,13:23:46,5.71,0.01,30,17130,买盘
895,13:23:57,5.71,0.0,12,6852,买盘
896,13:24:07,5.7,-0.01,19,10830,卖盘
897,13:24:13,5.7,0.0,95,54150,卖盘
898,13:24:27,5.71,0.01,6,3426,买盘
899,13:24:54,5.7,-0.01,5,2850,卖盘
900,13:25:10,5.7,0.0,60,34200,卖盘
901,13:25:12,5.7,0.0,58,33060,卖盘
902,13:25:22,5.7,0.0,2,1140,买盘
903,13:25:25,5.7,0.0,7,3990,买盘
904,13:25:27,5.7,0.0,9,5130,买盘
905,13:25:51,5.7,0.0,1,570,买盘
906,13:25:54,5.7,0.0,1,570,买盘
907,13:26:09,5.7,0.0,10,5700,买盘
908,13:26:12,5.7,0.0,20,11400,卖盘
909,13:26:19,5.7,0.0,44,25080,卖盘
910,13:26:22,5.69,-0.01,20,11380,卖盘
911,13:26:31,5.69,0.0,30,17070,卖盘
912,13:26:34,5.69,0.0,10,5690,卖盘
913,13:26:37,5.7,0.01,22,12540,买盘
914,13:26:39,5.69,-0.01,100,56900,卖盘
915,13:27:06,5.7,0.01,52,29640,买盘
916,13:27:30,5.7,0.0,20,11400,买盘
917,13:27:33,5.7,0.0,20,11400,买盘
918,13:27:43,5.69,-0.01,9,5121,卖盘
919,13:27:51,5.7,0.01,2,1140,买盘
920,13:27:55,5.69,-0.01,50,28450,卖盘
921,13:28:09,5.69,0.0,34,19346,卖盘
922,13:28:12,5.69,0.0,47,26743,卖盘
923,13:28:21,5.69,0.0,65,36985,卖盘
924,13:28:30,5.68,-0.01,75,42600,卖盘
925,13:28:33,5.68,0.0,272,154568,卖盘
926,13:28:36,5.69,0.01,11,6259,买盘
927,13:28:46,5.68,-0.01,8,4544,卖盘
928,13:28:49,5.68,0.0,35,19880,卖盘
929,13:28:51,5.68,0.0,127,72136,卖盘
930,13:28:55,5.69,0.01,10,5685,买盘
931,13:29:04,5.68,-0.01,54,30672,买盘
932,13:29:10,5.68,0.0,1,568,买盘
933,13:29:15,5.67,-0.01,15,8505,卖盘
934,13:29:43,5.69,0.02,17,9651,买盘
935,13:29:49,5.67,-0.02,100,56700,卖盘
936,13:29:58,5.68,0.01,10,5680,卖盘
937,13:30:00,5.67,-0.01,74,41994,卖盘
938,13:30:04,5.68,0.01,21,11928,买盘
939,13:30:07,5.68,0.0,44,24992,买盘
940,13:30:10,5.65,-0.03,601,340356,卖盘
941,13:30:24,5.65,0.0,7,3955,卖盘
942,13:30:33,5.65,0.0,32,18080,卖盘
943,13:30:39,5.65,0.0,460,259960,卖盘
944,13:30:43,5.64,-0.01,25,14110,卖盘
945,13:30:46,5.65,0.01,5,2825,买盘
946,13:30:48,5.66,0.01,17,9622,买盘
947,13:30:55,5.66,0.0,25,14150,买盘
948,13:30:57,5.67,0.01,68,38556,买盘
949,13:31:00,5.66,-0.01,13,7355,中性盘
950,13:31:18,5.66,0.0,10,5660,卖盘
951,13:31:40,5.67,0.01,2,1134,买盘
952,13:31:49,5.66,-0.01,5,2830,卖盘
953,13:31:52,5.67,0.01,20,11340,买盘
954,13:31:55,5.67,0.0,50,28350,买盘
955,13:31:58,5.67,0.0,17,9639,买盘
956,13:32:01,5.67,0.0,256,144897,买盘
957,13:32:04,5.67,0.0,50,28350,买盘
958,13:32:06,5.67,0.0,5,2835,买盘
959,13:32:12,5.67,0.0,2,1134,买盘
960,13:32:16,5.67,0.0,4,2268,买盘
961,13:32:28,5.66,-0.01,1,566,卖盘
962,13:32:31,5.67,0.01,1,567,买盘
963,13:32:46,5.67,0.0,66,37378,买盘
964,13:32:57,5.68,0.01,100,56800,买盘
965,13:33:00,5.67,-0.01,17,9639,卖盘
966,13:33:04,5.67,0.0,10,5670,买盘
967,13:33:06,5.67,0.0,5,2835,买盘
968,13:33:09,5.67,0.0,68,38556,买盘
969,13:33:18,5.67,0.0,21,11907,卖盘
970,13:33:21,5.67,0.0,2,1134,买盘
971,13:33:28,5.67,0.0,3,1701,中性盘
972,13:33:30,5.67,0.0,4,2268,卖盘
973,13:33:46,5.67,0.0,73,41391,卖盘
974,13:33:48,5.67,0.0,47,26649,卖盘
975,13:33:51,5.67,0.0,18,10206,买盘
976,13:33:55,5.67,0.0,4,2268,卖盘
977,13:33:57,5.68,0.01,13,7374,买盘
978,13:34:13,5.69,0.01,60,34140,买盘
979,13:34:16,5.68,-0.01,50,28400,中性盘
980,13:34:22,5.69,0.01,22,12518,买盘
981,13:34:28,5.68,-0.01,10,5680,中性盘
982,13:34:39,5.68,0.0,100,56800,中性盘
983,13:34:42,5.67,-0.01,9,5103,卖盘
984,13:34:52,5.68,0.01,2,1136,买盘
985,13:35:06,5.67,-0.01,65,36855,卖盘
986,13:35:12,5.67,0.0,2,1134,买盘
987,13:35:18,5.67,0.0,2,1134,买盘
988,13:35:31,5.66,-0.01,50,28300,卖盘
989,13:35:34,5.66,0.0,38,21508,卖盘
990,13:35:45,5.66,0.0,50,28300,卖盘
991,13:35:55,5.67,0.01,10,5670,买盘
992,13:35:58,5.66,-0.01,142,80372,卖盘
993,13:36:07,5.66,0.0,50,28300,买盘
994,13:36:10,5.66,0.0,6,3396,买盘
995,13:36:13,5.66,0.0,24,13584,买盘
996,13:36:16,5.65,-0.01,70,39609,卖盘
997,13:36:19,5.65,0.0,39,22059,卖盘
998,13:36:25,5.65,0.0,77,43544,卖盘
999,13:36:33,5.65,0.0,15,8477,卖盘
1000,13:36:36,5.66,0.01,1,566,买盘
1001,13:36:39,5.66,0.0,2,1132,买盘
1002,13:36:42,5.66,0.0,15,8490,买盘
1003,13:36:45,5.66,0.0,1,566,卖盘
1004,13:36:48,5.66,0.0,16,9056,买盘
1005,13:36:52,5.66,0.0,3,1698,买盘
1006,13:36:54,5.66,0.0,1,566,卖盘
1007,13:37:00,5.66,0.0,5,2830,卖盘
1008,13:37:22,5.66,0.0,16,9056,卖盘
1009,13:37:31,5.67,0.01,15,8495,买盘
1010,13:37:37,5.67,0.0,4,2268,买盘
1011,13:37:45,5.67,0.0,7,3969,买盘
1012,13:37:55,5.67,0.0,6,3402,买盘
1013,13:38:04,5.67,0.0,19,10773,买盘
1014,13:38:18,5.67,0.0,20,11340,买盘
1015,13:38:21,5.67,0.0,17,9639,买盘
1016,13:38:45,5.67,0.0,19,10774,卖盘
1017,13:38:48,5.67,0.0,30,17010,买盘
1018,13:39:16,5.66,-0.01,172,97352,卖盘
1019,13:39:27,5.65,-0.01,186,105090,卖盘
1020,13:39:33,5.65,0.0,20,11300,买盘
1021,13:39:36,5.65,0.0,11,6215,买盘
1022,13:39:39,5.65,0.0,15,8475,买盘
1023,13:39:49,5.66,0.01,21,11886,买盘
1024,13:39:52,5.66,0.0,61,34511,买盘
1025,13:39:55,5.66,0.0,214,121124,买盘
1026,13:39:58,5.65,-0.01,196,110784,卖盘
1027,13:40:01,5.67,0.02,33,18671,买盘
1028,13:40:04,5.65,-0.02,40,22617,卖盘
1029,13:40:52,5.67,0.02,2,1134,中性盘
1030,13:40:54,5.67,0.0,18,10206,买盘
1031,13:40:57,5.67,0.0,4,2268,卖盘
1032,13:41:01,5.67,0.0,1,567,买盘
1033,13:41:04,5.67,0.0,19,10773,买盘
1034,13:41:09,5.68,0.01,1,568,买盘
1035,13:41:12,5.68,0.0,40,22720,买盘
1036,13:41:19,5.67,-0.01,12,6804,卖盘
1037,13:41:21,5.68,0.01,32,18176,买盘
1038,13:41:24,5.68,0.0,51,28968,卖盘
1039,13:41:54,5.68,0.0,2,1136,卖盘
1040,13:42:01,5.69,0.01,12,6824,买盘
1041,13:42:28,5.69,0.0,101,57469,买盘
1042,13:42:45,5.68,-0.01,21,11928,卖盘
1043,13:42:49,5.69,0.01,34,19346,买盘
1044,13:42:51,5.68,-0.01,2,1136,中性盘
1045,13:42:58,5.68,0.0,57,32410,中性盘
1046,13:43:07,5.68,0.0,130,73840,中性盘
1047,13:43:25,5.69,0.01,4,2276,买盘
1048,13:43:28,5.67,-0.02,10,5670,卖盘
1049,13:43:55,5.68,0.01,2,1136,买盘
1050,13:44:12,5.68,0.0,30,17040,买盘
1051,13:44:39,5.68,0.0,50,28400,中性盘
1052,13:45:13,5.67,-0.01,147,83349,卖盘
1053,13:45:31,5.66,-0.01,12,6792,卖盘
1054,13:45:43,5.66,0.0,20,11320,卖盘
1055,13:45:48,5.66,0.0,30,16980,卖盘
1056,13:46:01,5.66,0.0,1,566,卖盘
1057,13:46:27,5.67,0.01,38,21546,买盘
1058,13:47:58,5.67,0.0,50,28350,卖盘
1059,13:48:39,5.67,0.0,23,13041,卖盘
1060,13:49:00,5.68,0.01,4,2272,买盘
1061,13:50:07,5.67,-0.01,19,10773,卖盘
1062,13:50:09,5.68,0.01,5,2840,买盘
1063,13:50:19,5.67,-0.01,9,5103,卖盘
1064,13:50:51,5.67,0.0,104,58968,卖盘
1065,13:51:28,5.66,-0.01,17,9622,卖盘
1066,13:51:39,5.66,0.0,10,5660,卖盘
1067,13:51:48,5.67,0.01,7,3969,买盘
1068,13:52:16,5.67,0.0,30,17010,买盘
1069,13:52:36,5.66,-0.01,10,5660,卖盘
1070,13:52:48,5.66,0.0,11,6226,卖盘
1071,13:52:51,5.67,0.01,10,5670,买盘
1072,13:53:04,5.66,-0.01,119,67354,卖盘
1073,13:53:06,5.66,0.0,132,74712,卖盘
1074,13:53:09,5.66,0.0,16,9056,买盘
1075,13:53:34,5.65,-0.01,10,5650,卖盘
1076,13:54:16,5.65,0.0,1,565,卖盘
1077,13:54:34,5.65,0.0,71,40115,卖盘
1078,13:54:45,5.65,0.0,31,17515,卖盘
1079,13:54:48,5.65,0.0,18,10183,卖盘
1080,13:54:54,5.65,0.0,100,56500,卖盘
1081,13:55:04,5.65,0.0,6,3390,卖盘
1082,13:55:19,5.65,0.0,66,37290,卖盘
1083,13:55:25,5.65,0.0,10,5650,卖盘
1084,13:55:28,5.65,0.0,5,2825,买盘
1085,13:55:33,5.65,0.0,4,2260,买盘
1086,13:55:42,5.65,0.0,10,5650,卖盘
1087,13:56:19,5.66,0.01,10,5660,买盘
1088,13:56:30,5.66,0.0,5,2830,买盘
1089,13:56:55,5.63,-0.03,900,507802,卖盘
1090,13:57:04,5.65,0.02,5,2825,买盘
1091,13:57:07,5.65,0.0,1,565,卖盘
1092,13:57:42,5.65,0.0,4,2260,买盘
1093,13:57:45,5.65,0.0,28,15820,买盘
1094,13:57:49,5.65,0.0,9,5085,卖盘
1095,13:58:01,5.65,0.0,24,13560,卖盘
1096,13:58:24,5.65,0.0,5,2825,买盘
1097,13:58:30,5.64,-0.01,34,19176,卖盘
1098,13:58:43,5.65,0.01,30,16950,买盘
1099,13:58:54,5.65,0.0,29,16385,买盘
1100,13:59:06,5.65,0.0,8,4520,卖盘
1101,13:59:37,5.65,0.0,10,5650,中性盘
1102,13:59:49,5.64,-0.01,20,11280,卖盘
1103,13:59:52,5.65,0.01,20,11290,买盘
1104,14:00:04,5.65,0.0,4,2260,买盘
1105,14:00:06,5.64,-0.01,58,32716,卖盘
1106,14:00:09,5.65,0.01,7,3955,买盘
1107,14:00:13,5.65,0.0,7,3955,买盘
1108,14:00:16,5.65,0.0,9,5085,买盘
1109,14:00:19,5.65,0.0,53,29945,买盘
1110,14:00:22,5.65,0.0,9,5085,买盘
1111,14:00:25,5.65,0.0,19,10735,买盘
1112,14:00:28,5.65,0.0,10,5650,买盘
1113,14:00:36,5.64,-0.01,20,11280,卖盘
1114,14:00:48,5.65,0.01,44,24860,买盘
1115,14:00:52,5.65,0.0,12,6780,卖盘
1116,14:00:55,5.65,0.0,35,19775,卖盘
1117,14:00:58,5.65,0.0,6,3390,卖盘
1118,14:01:04,5.65,0.0,17,9605,买盘
1119,14:01:24,5.65,0.0,16,9040,买盘
1120,14:01:27,5.65,0.0,64,36160,卖盘
1121,14:01:42,5.64,-0.01,23,12972,卖盘
1122,14:01:45,5.64,0.0,169,95316,卖盘
1123,14:02:01,5.64,0.0,87,49068,买盘
1124,14:02:09,5.64,0.0,13,7332,卖盘
1125,14:02:25,5.64,0.0,4,2256,买盘
1126,14:02:36,5.64,0.0,100,56400,买盘
1127,14:02:43,5.63,-0.01,5,2815,卖盘
1128,14:02:46,5.63,0.0,20,11260,卖盘
1129,14:02:58,5.64,0.01,10,5640,买盘
1130,14:03:04,5.63,-0.01,374,210862,卖盘
1131,14:03:16,5.63,0.0,6,3378,卖盘
1132,14:03:21,5.63,0.0,24,13512,卖盘
1133,14:03:24,5.63,0.0,1,563,卖盘
1134,14:03:31,5.63,0.0,274,154462,卖盘
1135,14:03:34,5.63,0.0,181,101903,卖盘
1136,14:03:37,5.63,0.0,6,3378,卖盘
1137,14:03:40,5.6,-0.03,810,454867,卖盘
1138,14:03:58,5.6,0.0,371,207760,卖盘
1139,14:04:00,5.61,0.01,10,5610,买盘
1140,14:04:07,5.6,-0.01,537,300720,卖盘
1141,14:04:09,5.6,0.0,96,53765,卖盘
1142,14:04:15,5.6,0.0,5,2800,买盘
1143,14:04:21,5.6,0.0,10,5600,买盘
1144,14:04:24,5.6,0.0,25,14000,买盘
1145,14:04:34,5.6,0.0,2,1120,卖盘
1146,14:04:36,5.61,0.01,363,203460,买盘
1147,14:04:39,5.61,0.0,3,1683,买盘
1148,14:04:43,5.6,-0.01,55,30837,卖盘
1149,14:04:46,5.61,0.01,104,58344,买盘
1150,14:04:52,5.61,0.0,68,38148,买盘
1151,14:04:57,5.61,0.0,12,6732,卖盘
1152,14:05:00,5.61,0.0,145,81345,卖盘
1153,14:05:04,5.61,0.0,1,561,买盘
1154,14:05:09,5.61,0.0,24,13464,买盘
1155,14:05:12,5.61,0.0,40,22440,卖盘
1156,14:05:22,5.62,0.01,2,1124,买盘
1157,14:05:25,5.62,0.0,20,11240,买盘
1158,14:05:28,5.62,0.0,13,7306,买盘
1159,14:05:31,5.62,0.0,6,3372,买盘
1160,14:05:34,5.62,0.0,14,7868,买盘
1161,14:05:37,5.62,0.0,11,6182,买盘
1162,14:05:55,5.63,0.01,12,6756,买盘
1163,14:06:01,5.63,0.0,1,563,买盘
1164,14:06:04,5.63,0.0,50,28150,买盘
1165,14:06:07,5.63,0.0,21,11804,买盘
1166,14:06:16,5.63,0.0,4,2252,买盘
1167,14:06:19,5.62,-0.01,17,9554,卖盘
1168,14:06:22,5.63,0.01,2,1126,买盘
1169,14:06:31,5.63,0.0,88,49544,买盘
1170,14:06:36,5.61,-0.02,438,245857,卖盘
1171,14:06:40,5.61,0.0,51,28611,买盘
1172,14:06:42,5.61,0.0,3,1683,买盘
1173,14:06:45,5.61,0.0,12,6732,买盘
1174,14:06:51,5.61,0.0,66,37026,买盘
1175,14:07:06,5.62,0.01,37,20794,卖盘
1176,14:07:40,5.62,0.0,28,15736,卖盘
1177,14:07:43,5.63,0.01,1,563,买盘
1178,14:07:46,5.63,0.0,13,7319,买盘
1179,14:08:00,5.63,0.0,3,1689,卖盘
1180,14:08:10,5.63,0.0,53,29839,卖盘
1181,14:08:15,5.63,0.0,10,5630,卖盘
1182,14:08:21,5.63,0.0,7,3941,卖盘
1183,14:08:27,5.64,0.01,1,564,买盘
1184,14:08:37,5.64,0.0,10,5640,买盘
1185,14:08:43,5.64,0.0,100,56400,买盘
1186,14:08:46,5.63,-0.01,10,5635,中性盘
1187,14:08:48,5.63,0.0,3,1689,买盘
1188,14:08:52,5.63,0.0,30,16890,买盘
1189,14:09:16,5.63,0.0,1,563,卖盘
1190,14:09:18,5.63,0.0,9,5067,卖盘
1191,14:09:31,5.62,-0.01,1,562,卖盘
1192,14:09:37,5.62,0.0,1,562,卖盘
1193,14:10:10,5.63,0.01,10,5630,卖盘
1194,14:10:18,5.63,0.0,14,7882,卖盘
1195,14:10:28,5.63,0.0,47,26461,买盘
1196,14:10:42,5.63,0.0,10,5630,买盘
1197,14:10:45,5.63,0.0,29,16327,买盘
1198,14:10:48,5.63,0.0,21,11823,卖盘
1199,14:10:51,5.63,0.0,10,5630,买盘
1200,14:11:01,5.64,0.01,20,11261,买盘
1201,14:11:13,5.64,0.0,14,7896,买盘
1202,14:11:51,5.63,-0.01,19,10697,卖盘
1203,14:12:06,5.64,0.01,3,1692,买盘
1204,14:12:19,5.64,0.0,18,10152,买盘
1205,14:12:36,5.64,0.0,51,28714,买盘
1206,14:12:39,5.64,0.0,93,52452,买盘
1207,14:12:43,5.63,-0.01,16,9008,卖盘
1208,14:12:55,5.62,-0.01,2,1124,卖盘
1209,14:13:04,5.63,0.01,13,7319,买盘
1210,14:13:13,5.62,-0.01,7,3934,卖盘
1211,14:13:19,5.62,0.0,5,2810,卖盘
1212,14:13:21,5.62,0.0,2,1124,卖盘
1213,14:13:24,5.62,0.0,10,5623,卖盘
1214,14:13:31,5.62,0.0,7,3934,卖盘
1215,14:13:37,5.62,0.0,4,2248,卖盘
1216,14:13:46,5.62,0.0,345,193890,卖盘
1217,14:13:52,5.61,-0.01,1,561,卖盘
1218,14:13:55,5.61,0.0,26,14586,卖盘
1219,14:13:58,5.62,0.01,1,562,买盘
1220,14:14:03,5.62,0.0,6,3372,买盘
1221,14:14:06,5.61,-0.01,19,10659,卖盘
1222,14:14:19,5.62,0.01,3,1686,买盘
1223,14:14:28,5.62,0.0,10,5620,买盘
1224,14:14:30,5.61,-0.01,4,2244,卖盘
1225,14:14:36,5.61,0.0,205,115005,卖盘
1226,14:14:49,5.6,-0.01,17,9530,卖盘
1227,14:14:55,5.6,0.0,16,8967,卖盘
1228,14:14:57,5.6,0.0,238,133280,卖盘
1229,14:15:00,5.61,0.01,129,72302,买盘
1230,14:15:04,5.59,-0.02,60,33583,卖盘
1231,14:15:06,5.6,0.01,31,17360,买盘
1232,14:15:13,5.59,-0.01,76,42484,卖盘
1233,14:15:19,5.6,0.01,1,560,买盘
1234,14:15:25,5.59,-0.01,64,35775,卖盘
1235,14:15:28,5.6,0.01,110,61508,买盘
1236,14:15:34,5.58,-0.02,78,43524,卖盘
1237,14:15:43,5.59,0.01,2,1118,卖盘
1238,14:15:45,5.59,0.0,41,22919,买盘
1239,14:16:04,5.58,-0.01,20,11160,卖盘
1240,14:16:10,5.59,0.01,122,68198,买盘
1241,14:16:13,5.58,-0.01,70,39060,卖盘
1242,14:16:16,5.58,0.0,68,37944,卖盘
1243,14:16:19,5.57,-0.01,19,10593,卖盘
1244,14:16:22,5.56,-0.01,400,222585,卖盘
1245,14:16:25,5.57,0.01,5,2785,中性盘
1246,14:16:28,5.57,0.0,85,47221,买盘
1247,14:16:31,5.56,-0.01,11,6116,买盘
1248,14:16:33,5.57,0.01,17,9456,买盘
1249,14:16:37,5.57,0.0,23,12811,买盘
1250,14:16:40,5.57,0.0,5,2785,买盘
1251,14:16:46,5.57,0.0,3,1671,买盘
1252,14:16:48,5.57,0.0,50,27849,买盘
1253,14:16:54,5.57,0.0,3,1671,卖盘
1254,14:16:57,5.57,0.0,56,31192,卖盘
1255,14:17:00,5.58,0.01,8,4464,买盘
1256,14:17:04,5.57,-0.01,144,80208,卖盘
1257,14:17:06,5.57,0.0,16,8912,买盘
1258,14:17:10,5.57,0.0,44,24520,卖盘
1259,14:17:13,5.57,0.0,18,10026,买盘
1260,14:17:16,5.58,0.01,5,2790,买盘
1261,14:17:21,5.58,0.0,168,93744,买盘
1262,14:17:25,5.58,0.0,106,59173,卖盘
1263,14:17:33,5.59,0.01,100,55900,买盘
1264,14:17:36,5.58,-0.01,82,45756,卖盘
1265,14:17:40,5.58,0.0,128,71424,买盘
1266,14:17:46,5.58,0.0,7,3906,买盘
1267,14:17:49,5.58,0.0,7,3906,买盘
1268,14:17:52,5.58,0.0,292,162936,买盘
1269,14:17:57,5.58,0.0,18,10044,卖盘
1270,14:18:03,5.58,0.0,280,156340,卖盘
1271,14:18:06,5.58,0.0,45,25110,买盘
1272,14:18:09,5.58,0.0,70,39060,买盘
1273,14:18:12,5.59,0.01,25,13975,买盘
1274,14:18:19,5.59,0.0,96,53664,买盘
1275,14:18:22,5.59,0.0,142,79378,买盘
1276,14:18:25,5.59,0.0,190,106210,买盘
1277,14:18:28,5.6,0.01,28,15656,买盘
1278,14:18:31,5.58,-0.02,41,22889,卖盘
1279,14:18:39,5.6,0.02,34,19040,买盘
1280,14:18:42,5.6,0.0,50,28000,买盘
1281,14:18:49,5.6,0.0,30,16800,买盘
1282,14:19:01,5.6,0.0,25,14000,买盘
1283,14:19:04,5.6,0.0,11,6160,买盘
1284,14:19:09,5.61,0.01,20,11220,买盘
1285,14:19:22,5.61,0.0,66,37026,买盘
1286,14:19:24,5.61,0.0,28,15708,买盘
1287,14:19:33,5.61,0.0,8,4488,卖盘
1288,14:19:43,5.61,0.0,3,1683,买盘
1289,14:19:46,5.61,0.0,1,561,买盘
1290,14:19:55,5.61,0.0,6,3366,买盘
1291,14:19:57,5.61,0.0,5,2805,买盘
1292,14:20:00,5.61,0.0,4,2244,中性盘
1293,14:20:12,5.62,0.01,4,2248,买盘
1294,14:20:31,5.62,0.0,55,30910,卖盘
1295,14:20:39,5.61,-0.01,6,3366,卖盘
1296,14:20:42,5.61,0.0,100,56100,卖盘
1297,14:20:49,5.62,0.01,22,12364,买盘
1298,14:21:01,5.62,0.0,42,23604,买盘
1299,14:21:18,5.62,0.0,10,5620,买盘
1300,14:21:27,5.61,-0.01,6,3371,卖盘
1301,14:21:42,5.62,0.01,56,31472,买盘
1302,14:22:04,5.61,-0.01,285,159896,卖盘
1303,14:22:06,5.61,0.0,19,10659,卖盘
1304,14:22:19,5.62,0.01,7,3934,买盘
1305,14:22:34,5.62,0.0,2,1124,买盘
1306,14:22:37,5.62,0.0,10,5620,买盘
1307,14:22:43,5.61,-0.01,41,23001,卖盘
1308,14:22:46,5.62,0.01,5,2810,买盘
1309,14:22:57,5.62,0.0,3,1686,买盘
1310,14:23:31,5.61,-0.01,21,11781,买盘
1311,14:23:42,5.61,0.0,131,73491,卖盘
1312,14:23:52,5.61,0.0,19,10659,买盘
1313,14:23:58,5.6,-0.01,20,11200,卖盘
1314,14:24:09,5.6,0.0,13,7280,卖盘
1315,14:24:31,5.61,0.01,81,45441,买盘
1316,14:24:34,5.6,-0.01,100,56032,卖盘
1317,14:24:37,5.61,0.01,12,6732,买盘
1318,14:24:40,5.6,-0.01,64,35840,卖盘
1319,14:24:43,5.6,0.0,20,11200,买盘
1320,14:24:58,5.6,0.0,6,3360,买盘
1321,14:25:01,5.6,0.0,4,2240,买盘
1322,14:25:13,5.6,0.0,9,5040,买盘
1323,14:25:48,5.6,0.0,14,7840,卖盘
1324,14:26:19,5.59,-0.01,24,13416,卖盘
1325,14:26:27,5.6,0.01,1,560,买盘
1326,14:26:39,5.6,0.0,51,28560,买盘
1327,14:26:49,5.6,0.0,50,28000,买盘
1328,14:26:52,5.6,0.0,11,6160,卖盘
1329,14:27:04,5.6,0.0,26,14560,卖盘
1330,14:27:18,5.61,0.01,20,11220,买盘
1331,14:27:28,5.6,-0.01,134,75040,卖盘
1332,14:27:40,5.61,0.01,20,11220,买盘
1333,14:27:51,5.61,0.0,211,118231,买盘
1334,14:27:54,5.61,0.0,3,1683,卖盘
1335,14:27:57,5.61,0.0,53,29733,卖盘
1336,14:28:01,5.61,0.0,31,17391,卖盘
1337,14:28:04,5.61,0.0,32,17973,卖盘
1338,14:28:07,5.61,0.0,37,20765,卖盘
1339,14:28:12,5.6,-0.01,1,560,卖盘
1340,14:28:25,5.61,0.01,7,3927,买盘
1341,14:28:43,5.6,-0.01,40,22400,卖盘
1342,14:28:49,5.61,0.01,17,9537,买盘
1343,14:28:55,5.61,0.0,5,2805,买盘
1344,14:28:58,5.6,-0.01,106,59463,卖盘
1345,14:29:12,5.61,0.01,10,5610,卖盘
1346,14:29:25,5.62,0.01,1,562,买盘
1347,14:29:34,5.61,-0.01,10,5610,卖盘
1348,14:30:04,5.61,0.0,52,29172,卖盘
1349,14:30:06,5.61,0.0,2,1122,卖盘
1350,14:30:19,5.61,0.0,19,10659,买盘
1351,14:30:34,5.6,-0.01,221,123844,卖盘
1352,14:30:43,5.6,0.0,1,560,卖盘
1353,14:30:46,5.6,0.0,12,6730,卖盘
1354,14:30:48,5.6,0.0,105,58800,卖盘
1355,14:30:54,5.59,-0.01,133,74347,卖盘
1356,14:31:01,5.59,0.0,161,89999,卖盘
1357,14:31:06,5.58,-0.01,154,85932,卖盘
1358,14:31:09,5.58,0.0,172,95976,卖盘
1359,14:31:13,5.58,0.0,106,59148,卖盘
1360,14:31:19,5.58,0.0,100,55800,买盘
1361,14:31:25,5.57,-0.01,21,11707,卖盘
1362,14:31:28,5.57,0.0,26,14482,卖盘
1363,14:31:39,5.58,0.01,12,6687,买盘
1364,14:31:43,5.57,-0.01,40,22280,卖盘
1365,14:31:51,5.57,0.0,93,51801,卖盘
1366,14:31:54,5.57,0.0,5,2785,卖盘
1367,14:32:01,5.57,0.0,5,2786,卖盘
1368,14:32:04,5.57,0.0,40,22280,卖盘
1369,14:32:09,5.57,0.0,10,5570,卖盘
1370,14:32:18,5.56,-0.01,55,30634,卖盘
1371,14:32:24,5.57,0.01,6,3342,买盘
1372,14:32:28,5.57,0.0,15,8355,买盘
1373,14:32:31,5.57,0.0,1,557,买盘
1374,14:32:33,5.57,0.0,6,3342,买盘
1375,14:32:37,5.57,0.0,28,15596,买盘
1376,14:32:39,5.57,0.0,123,68420,买盘
1377,14:32:42,5.57,0.0,30,16710,买盘
1378,14:32:49,5.57,0.0,68,37876,买盘
1379,14:32:52,5.56,-0.01,5,2780,卖盘
1380,14:33:06,5.57,0.01,30,16710,卖盘
1381,14:33:09,5.57,0.0,3,1671,卖盘
1382,14:33:12,5.57,0.0,6,3342,卖盘
1383,14:33:16,5.58,0.01,20,11160,买盘
1384,14:33:25,5.57,-0.01,10,5570,卖盘
1385,14:33:28,5.57,0.0,11,6127,卖盘
1386,14:33:31,5.57,0.0,36,20052,卖盘
1387,14:33:34,5.57,0.0,33,18381,卖盘
1388,14:33:37,5.57,0.0,122,67954,卖盘
1389,14:33:39,5.57,0.0,49,27293,卖盘
1390,14:33:43,5.56,-0.01,53,29511,卖盘
1391,14:33:46,5.56,0.0,4,2224,卖盘
1392,14:33:49,5.57,0.01,10,5567,买盘
1393,14:33:52,5.56,-0.01,12,6672,卖盘
1394,14:33:55,5.56,0.0,11,6116,卖盘
1395,14:33:58,5.56,0.0,31,17236,卖盘
1396,14:34:01,5.57,0.01,51,28377,买盘
1397,14:34:06,5.57,0.0,41,22837,买盘
1398,14:34:16,5.57,0.0,4,2228,买盘
1399,14:34:18,5.57,0.0,20,11140,买盘
1400,14:34:22,5.57,0.0,7,3899,买盘
1401,14:34:27,5.57,0.0,13,7241,买盘
1402,14:34:33,5.57,0.0,1,557,卖盘
1403,14:34:36,5.57,0.0,1,557,卖盘
1404,14:34:40,5.57,0.0,4,2228,卖盘
1405,14:34:42,5.57,0.0,2,1114,卖盘
1406,14:34:46,5.57,0.0,3,1671,卖盘
1407,14:34:49,5.57,0.0,3,1671,卖盘
1408,14:34:52,5.57,0.0,22,12273,卖盘
1409,14:34:55,5.57,0.0,2,1114,卖盘
1410,14:34:58,5.57,0.0,2,1114,卖盘
1411,14:35:04,5.57,0.0,1,557,卖盘
1412,14:35:06,5.57,0.0,3,1671,卖盘
1413,14:35:10,5.57,0.0,44,24508,卖盘
1414,14:35:12,5.57,0.0,20,11140,买盘
1415,14:35:15,5.57,0.0,15,8355,买盘
1416,14:35:25,5.57,0.0,4,2228,卖盘
1417,14:35:27,5.57,0.0,5,2785,卖盘
1418,14:35:33,5.57,0.0,31,17267,卖盘
1419,14:35:36,5.57,0.0,9,5013,买盘
1420,14:35:43,5.57,0.0,9,5013,买盘
1421,14:35:45,5.57,0.0,21,11697,买盘
1422,14:35:48,5.57,0.0,6,3342,买盘
1423,14:35:52,5.57,0.0,2,1114,买盘
1424,14:35:55,5.57,0.0,225,125120,买盘
1425,14:35:58,5.56,-0.01,26,14456,卖盘
1426,14:36:04,5.56,0.0,25,13900,买盘
1427,14:36:13,5.57,0.01,20,11140,买盘
1428,14:36:16,5.57,0.0,30,16710,卖盘
1429,14:36:21,5.57,0.0,7,3899,买盘
1430,14:36:30,5.57,0.0,31,17267,买盘
1431,14:36:40,5.56,-0.01,67,37252,卖盘
1432,14:36:46,5.56,0.0,4,2224,卖盘
1433,14:37:06,5.57,0.01,139,77423,买盘
1434,14:37:09,5.57,0.0,20,11140,卖盘
1435,14:37:25,5.58,0.01,152,84816,买盘
1436,14:37:30,5.58,0.0,9,5022,卖盘
1437,14:37:43,5.59,0.01,154,86086,买盘
1438,14:37:45,5.59,0.0,30,16770,买盘
1439,14:37:49,5.59,0.0,105,58695,买盘
1440,14:37:52,5.59,0.0,248,138632,买盘
1441,14:38:07,5.59,0.0,19,10621,卖盘
1442,14:38:13,5.6,0.01,17,9520,买盘
1443,14:38:16,5.6,0.0,13,7280,卖盘
1444,14:38:19,5.6,0.0,8,4480,买盘
1445,14:38:21,5.6,0.0,99,55440,买盘
1446,14:38:25,5.6,0.0,5,2800,买盘
1447,14:38:27,5.6,0.0,21,11760,买盘
1448,14:38:43,5.6,0.0,1,560,卖盘
1449,14:38:52,5.61,0.01,102,57132,买盘
1450,14:38:55,5.6,-0.01,11,6160,中性盘
1451,14:39:06,5.6,0.0,72,40320,卖盘
1452,14:39:10,5.6,0.0,5,2800,买盘
1453,14:39:13,5.6,0.0,36,20160,买盘
1454,14:39:22,5.6,0.0,10,5600,买盘
1455,14:39:30,5.6,0.0,3,1680,买盘
1456,14:39:42,5.6,0.0,103,57680,买盘
1457,14:39:46,5.59,-0.01,10,5590,卖盘
1458,14:39:49,5.6,0.01,20,11200,买盘
1459,14:39:52,5.6,0.0,31,17360,买盘
1460,14:39:55,5.6,0.0,10,5600,买盘
1461,14:40:19,5.6,0.0,8,4480,买盘
1462,14:40:22,5.6,0.0,31,17360,卖盘
1463,14:40:24,5.6,0.0,19,10640,卖盘
1464,14:40:33,5.6,0.0,44,24640,买盘
1465,14:40:36,5.6,0.0,10,5600,买盘
1466,14:40:58,5.6,0.0,12,6720,买盘
1467,14:41:04,5.59,-0.01,62,34658,卖盘
1468,14:41:06,5.59,0.0,116,64620,卖盘
1469,14:41:22,5.58,-0.01,12,6696,卖盘
1470,14:41:31,5.58,0.0,8,4464,卖盘
1471,14:41:37,5.58,0.0,20,11160,卖盘
1472,14:41:43,5.59,0.01,69,38795,买盘
1473,14:41:58,5.6,0.01,50,28000,买盘
1474,14:42:12,5.59,-0.01,3,1677,卖盘
1475,14:42:18,5.59,0.0,3,1677,卖盘
1476,14:42:24,5.59,0.0,42,23478,卖盘
1477,14:42:37,5.6,0.01,26,14560,买盘
1478,14:42:55,5.6,0.0,6,3360,买盘
1479,14:42:58,5.6,0.0,1,560,买盘
1480,14:43:06,5.59,-0.01,30,16770,卖盘
1481,14:43:12,5.59,0.0,42,23254,卖盘
1482,14:43:15,5.59,0.0,4,2236,买盘
1483,14:43:21,5.59,0.0,10,5590,买盘
1484,14:43:24,5.58,-0.01,3,1674,卖盘
1485,14:43:28,5.59,0.01,10,5590,买盘
1486,14:43:31,5.57,-0.02,497,277235,卖盘
1487,14:43:43,5.58,0.01,113,62943,买盘
1488,14:43:49,5.55,-0.03,500,277981,卖盘
1489,14:43:54,5.58,0.03,2,1116,买盘
1490,14:44:15,5.56,-0.02,44,24464,卖盘
1491,14:44:28,5.58,0.02,17,9486,买盘
1492,14:45:04,5.56,-0.02,35,19460,卖盘
1493,14:45:10,5.58,0.02,20,11160,买盘
1494,14:45:25,5.57,-0.01,26,14482,卖盘
1495,14:45:28,5.56,-0.01,25,13900,卖盘
1496,14:45:31,5.57,0.01,12,6684,买盘
1497,14:45:37,5.57,0.0,52,28964,卖盘
1498,14:45:40,5.57,0.0,21,11697,卖盘
1499,14:45:43,5.57,0.0,13,7241,卖盘
1500,14:45:48,5.57,0.0,21,11697,买盘
1501,14:45:55,5.56,-0.01,8,4448,卖盘
1502,14:45:58,5.57,0.01,50,27850,买盘
1503,14:46:04,5.57,0.0,56,31192,卖盘
1504,14:46:07,5.57,0.0,19,10583,卖盘
1505,14:46:10,5.56,-0.01,50,27845,卖盘
1506,14:46:13,5.57,0.01,5,2785,卖盘
1507,14:46:15,5.57,0.0,5,2785,卖盘
1508,14:46:18,5.56,-0.01,257,142892,卖盘
1509,14:46:21,5.56,0.0,3,1668,买盘
1510,14:46:24,5.56,0.0,20,11120,买盘
1511,14:46:27,5.55,-0.01,500,277500,卖盘
1512,14:46:31,5.55,0.0,156,86630,卖盘
1513,14:46:34,5.55,0.0,25,13875,卖盘
1514,14:46:37,5.55,0.0,218,120990,卖盘
1515,14:46:40,5.55,0.0,20,11100,卖盘
1516,14:46:43,5.55,0.0,28,15540,卖盘
1517,14:46:45,5.55,0.0,28,15540,卖盘
1518,14:46:48,5.55,0.0,57,31585,卖盘
1519,14:46:52,5.55,0.0,1,555,买盘
1520,14:46:58,5.55,0.0,64,35520,买盘
1521,14:47:04,5.55,0.0,21,11635,买盘
1522,14:47:06,5.54,-0.01,57,31578,卖盘
1523,14:47:10,5.53,-0.01,39,21571,卖盘
1524,14:47:13,5.54,0.01,28,15512,买盘
1525,14:47:16,5.53,-0.01,2,1106,卖盘
1526,14:47:22,5.53,0.0,38,21014,卖盘
1527,14:47:25,5.53,0.0,9,4977,卖盘
1528,14:47:28,5.53,0.0,21,11613,卖盘
1529,14:47:34,5.53,0.0,22,12166,卖盘
1530,14:47:37,5.53,0.0,49,27097,卖盘
1531,14:47:40,5.53,0.0,12,6636,卖盘
1532,14:47:43,5.53,0.0,240,132879,卖盘
1533,14:47:49,5.53,0.0,10,5530,卖盘
1534,14:47:52,5.54,0.01,1,554,买盘
1535,14:47:55,5.53,-0.01,163,90149,卖盘
1536,14:48:01,5.54,0.01,10,5540,买盘
1537,14:48:07,5.54,0.0,4,2216,买盘
1538,14:48:10,5.53,-0.01,28,15484,卖盘
1539,14:48:25,5.53,0.0,14,7742,卖盘
1540,14:48:31,5.53,0.0,10,5530,买盘
1541,14:48:34,5.53,0.0,6,3318,买盘
1542,14:48:37,5.53,0.0,32,17696,买盘
1543,14:48:43,5.53,0.0,74,40922,卖盘
1544,14:48:45,5.53,0.0,16,8848,卖盘
1545,14:48:55,5.53,0.0,128,70784,卖盘
1546,14:48:58,5.53,0.0,28,15484,买盘
1547,14:49:00,5.53,0.0,13,7189,卖盘
1548,14:49:04,5.53,0.0,127,70231,卖盘
1549,14:49:07,5.53,0.0,1,553,买盘
1550,14:49:10,5.53,0.0,13,7189,买盘
1551,14:49:13,5.53,0.0,1,553,买盘
1552,14:49:16,5.53,0.0,34,18802,买盘
1553,14:49:21,5.53,0.0,50,27650,卖盘
1554,14:49:28,5.54,0.01,73,40442,买盘
1555,14:49:31,5.53,-0.01,35,19355,卖盘
1556,14:49:42,5.53,0.0,50,27660,卖盘
1557,14:49:46,5.54,0.01,102,56408,买盘
1558,14:49:49,5.53,-0.01,78,43134,卖盘
1559,14:49:51,5.53,0.0,2,1106,买盘
1560,14:49:54,5.54,0.01,2,1108,买盘
1561,14:50:01,5.54,0.0,67,37118,买盘
1562,14:50:04,5.54,0.0,96,53186,卖盘
1563,14:50:06,5.54,0.0,94,52076,卖盘
1564,14:50:09,5.54,0.0,21,11634,卖盘
1565,14:50:12,5.54,0.0,22,12190,卖盘
1566,14:50:19,5.54,0.0,110,60940,卖盘
1567,14:50:24,5.54,0.0,51,28254,买盘
1568,14:50:27,5.54,0.0,10,5540,买盘
1569,14:50:30,5.54,0.0,21,11634,买盘
1570,14:50:37,5.55,0.01,2,1110,买盘
1571,14:50:40,5.54,-0.01,5,2770,卖盘
1572,14:50:43,5.55,0.01,2,1110,买盘
1573,14:50:48,5.55,0.0,13,7215,买盘
1574,14:50:51,5.55,0.0,13,7215,买盘
1575,14:50:55,5.55,0.0,180,99900,买盘
1576,14:50:58,5.55,0.0,20,11100,卖盘
1577,14:51:04,5.56,0.01,25,13880,买盘
1578,14:51:06,5.56,0.0,2,1112,买盘
1579,14:51:12,5.55,-0.01,7,3887,卖盘
1580,14:51:16,5.55,0.0,39,21683,卖盘
1581,14:51:22,5.55,0.0,11,6105,卖盘
1582,14:51:25,5.55,0.0,13,7215,卖盘
1583,14:51:28,5.56,0.01,87,48335,买盘
1584,14:51:31,5.54,-0.02,25,13876,卖盘
1585,14:51:37,5.57,0.03,20,11140,买盘
1586,14:51:43,5.54,-0.03,35,19404,卖盘
1587,14:51:49,5.56,0.02,34,18904,买盘
1588,14:51:55,5.56,0.0,132,73185,买盘
1589,14:52:04,5.56,0.0,200,111200,买盘
1590,14:52:06,5.54,-0.02,35,19390,买盘
1591,14:52:10,5.54,0.0,12,6648,买盘
1592,14:52:13,5.54,0.0,1,554,买盘
1593,14:52:19,5.54,0.0,18,9972,买盘
1594,14:52:28,5.55,0.01,3,1665,卖盘
1595,14:52:43,5.55,0.0,206,114330,买盘
1596,14:52:49,5.56,0.01,11,6111,买盘
1597,14:52:52,5.55,-0.01,18,9990,买盘
1598,14:52:54,5.55,0.0,90,49950,买盘
1599,14:52:57,5.55,0.0,1,555,买盘
1600,14:53:01,5.54,-0.01,110,60950,卖盘
1601,14:53:04,5.55,0.01,136,75480,买盘
1602,14:53:06,5.55,0.0,4,2220,买盘
1603,14:53:09,5.55,0.0,6,3330,卖盘
1604,14:53:13,5.55,0.0,18,9990,买盘
1605,14:53:16,5.54,-0.01,74,40996,卖盘
1606,14:53:19,5.55,0.01,48,26605,买盘
1607,14:53:22,5.54,-0.01,80,44320,中性盘
1608,14:53:28,5.55,0.01,37,20499,买盘
1609,14:53:34,5.55,0.0,121,67125,买盘
1610,14:53:36,5.55,0.0,45,24975,买盘
1611,14:53:45,5.53,-0.02,565,312492,卖盘
1612,14:53:58,5.52,-0.01,17,9384,卖盘
1613,14:54:00,5.53,0.01,7,3871,买盘
1614,14:54:04,5.53,0.0,3,1657,中性盘
1615,14:54:10,5.53,0.0,83,45835,买盘
1616,14:54:15,5.52,-0.01,67,37024,卖盘
1617,14:54:22,5.52,0.0,22,12149,卖盘
1618,14:54:30,5.53,0.01,20,11060,买盘
1619,14:54:37,5.53,0.0,6,3318,买盘
1620,14:54:42,5.52,-0.01,51,28152,卖盘
1621,14:54:46,5.52,0.0,50,27600,卖盘
1622,14:54:48,5.51,-0.01,264,145797,卖盘
1623,14:54:55,5.52,0.01,20,11040,卖盘
1624,14:54:58,5.5,-0.02,657,361681,卖盘
1625,14:55:03,5.53,0.03,1,553,买盘
1626,14:55:07,5.5,-0.03,50,27500,卖盘
1627,14:55:16,5.52,0.02,45,24796,买盘
1628,14:55:24,5.51,-0.01,55,30305,卖盘
1629,14:55:31,5.51,0.0,15,8265,买盘
1630,14:55:33,5.5,-0.01,417,229334,卖盘
1631,14:55:40,5.49,-0.01,169,92872,卖盘
1632,14:55:43,5.49,0.0,110,60419,买盘
1633,14:55:45,5.49,0.0,52,28529,卖盘
1634,14:55:52,5.49,0.0,53,29097,买盘
1635,14:55:54,5.48,-0.01,97,53156,卖盘
1636,14:55:57,5.48,0.0,3,1644,买盘
1637,14:56:00,5.48,0.0,52,28371,卖盘
1638,14:56:06,5.48,0.0,1,548,买盘
1639,14:56:10,5.45,-0.03,160,87300,卖盘
1640,14:56:13,5.45,0.0,98,53435,卖盘
1641,14:56:22,5.46,0.01,54,29484,卖盘
1642,14:56:25,5.45,-0.01,48,26160,卖盘
1643,14:56:27,5.45,0.0,220,119634,卖盘
1644,14:56:30,5.45,0.0,42,22890,买盘
1645,14:56:33,5.45,0.0,1,545,买盘
1646,14:56:37,5.45,0.0,225,121975,买盘
1647,14:56:40,5.45,0.0,73,39785,买盘
1648,14:56:43,5.4,-0.05,101,54566,卖盘
1649,14:56:46,5.4,0.0,30,16200,卖盘
1650,14:56:49,5.45,0.05,25,13565,买盘
1651,14:56:52,5.42,-0.03,230,125258,卖盘
1652,14:56:54,5.44,0.02,60,32540,中性盘
1653,14:56:58,5.42,-0.02,15,8140,卖盘
1654,14:57:00,5.44,0.02,4,2176,买盘
1655,15:00:04,5.44,0.0,2610,1419840,卖盘
