,time,price,change,volume,amount,type
0,09:25:04,6.31,0.01,650,410150,买盘
1,09:30:04,6.36,0.05,262,166143,买盘
2,09:30:07,6.35,-0.01,8,5080,卖盘
3,09:30:10,6.33,-0.02,131,83126,卖盘
4,09:30:16,6.33,0.0,11,6963,卖盘
5,09:30:19,6.33,0.0,14,8862,卖盘
6,09:30:22,6.33,0.0,20,12660,卖盘
7,09:30:25,6.33,0.0,4,2532,卖盘
8,09:30:27,6.34,0.01,6,3804,卖盘
9,09:30:30,6.34,0.0,18,11412,卖盘
10,09:30:33,6.33,-0.01,25,15825,卖盘
11,09:30:37,6.33,0.0,10,6330,卖盘
12,09:30:40,6.32,-0.01,296,187117,卖盘
13,09:30:43,6.32,0.0,27,17064,买盘
14,09:30:46,6.32,0.0,50,31600,买盘
15,09:30:52,6.31,-0.01,20,12620,卖盘
16,09:30:55,6.32,0.01,10,6320,卖盘
17,09:30:57,6.31,-0.01,60,37860,卖盘
18,09:31:01,6.32,0.01,88,55601,买盘
19,09:31:06,6.3,-0.02,30,18900,卖盘
20,09:31:10,6.31,0.01,10,6310,买盘
21,09:31:13,6.31,0.0,45,28439,卖盘
22,09:31:16,6.31,0.0,168,106008,卖盘
23,09:31:22,6.31,0.0,12,7572,卖盘
24,09:31:25,6.31,0.0,37,23357,卖盘
25,09:31:34,6.31,0.0,174,109794,买盘
26,09:31:36,6.31,0.0,4,2524,卖盘
27,09:31:43,6.31,0.0,13,8203,卖盘
28,09:31:46,6.31,0.0,96,60576,卖盘
29,09:31:49,6.32,0.01,1,632,买盘
30,09:31:52,6.32,0.0,178,112496,买盘
31,09:31:54,6.32,0.0,20,12640,卖盘
32,09:31:58,6.32,0.0,2,1264,卖盘
33,09:32:01,6.33,0.01,85,53798,买盘
34,09:32:09,6.33,0.0,20,12660,买盘
35,09:32:12,6.33,0.0,38,24025,买盘
36,09:32:16,6.3,-0.03,185,116650,卖盘
37,09:32:19,6.33,0.03,10,6330,买盘
38,09:32:22,6.33,0.0,101,63933,买盘
39,09:32:25,6.32,-0.01,15,9480,中性盘
40,09:32:31,6.32,0.0,10,6320,买盘
41,09:32:34,6.32,0.0,18,11376,买盘
42,09:32:37,6.32,0.0,15,9480,买盘
43,09:32:40,6.32,0.0,64,40448,买盘
44,09:32:43,6.32,0.0,43,27176,买盘
45,09:33:01,6.33,0.01,15,9495,买盘
46,09:33:04,6.32,-0.01,19,12008,卖盘
47,09:33:19,6.32,0.0,7,4424,卖盘
48,09:33:22,6.32,0.0,1,632,卖盘
49,09:33:24,6.32,0.0,222,140399,卖盘
50,09:33:34,6.32,0.0,38,24016,买盘
51,09:33:37,6.32,0.0,2,1264,卖盘
52,09:33:40,6.32,0.0,1,632,卖盘
53,09:33:43,6.32,0.0,10,6320,卖盘
54,09:33:45,6.34,0.02,241,152725,买盘
55,09:33:49,6.34,0.0,19,12046,卖盘
56,09:33:51,6.32,-0.02,182,115288,卖盘
57,09:33:55,6.32,0.0,2,1264,卖盘
58,09:33:58,6.32,0.0,1,632,卖盘
59,09:34:01,6.34,0.02,24,15200,买盘
60,09:34:04,6.32,-0.02,3,1896,卖盘
61,09:34:09,6.33,0.01,10,6330,买盘
62,09:34:19,6.32,-0.01,8,5056,卖盘
63,09:34:22,6.32,0.0,20,12640,卖盘
64,09:34:25,6.33,0.01,9,5697,买盘
65,09:34:33,6.33,0.0,17,10761,买盘
66,09:34:37,6.33,0.0,25,15825,买盘
67,09:34:46,6.33,0.0,76,48108,买盘
68,09:34:52,6.33,0.0,22,13926,买盘
69,09:34:55,6.33,0.0,2,1266,卖盘
70,09:35:01,6.34,0.01,4,2536,买盘
71,09:35:04,6.33,-0.01,3,1899,卖盘
72,09:35:06,6.33,0.0,33,20889,卖盘
73,09:35:10,6.33,0.0,175,110780,卖盘
74,09:35:13,6.33,0.0,10,6330,买盘
75,09:35:25,6.33,0.0,5,3165,买盘
76,09:35:31,6.33,0.0,15,9495,买盘
77,09:35:36,6.33,0.0,46,29118,买盘
78,09:35:40,6.33,0.0,44,27852,买盘
79,09:35:46,6.33,0.0,315,199395,卖盘
80,09:35:49,6.34,0.01,21,13314,买盘
81,09:36:07,6.33,-0.01,140,88730,卖盘
82,09:36:13,6.34,0.01,13,8242,买盘
83,09:36:16,6.34,0.0,10,6340,买盘
84,09:36:24,6.33,-0.01,9,5697,卖盘
85,09:36:31,6.34,0.01,16,10138,买盘
86,09:36:39,6.34,0.0,83,52622,买盘
87,09:36:43,6.33,-0.01,5,3165,卖盘
88,09:36:48,6.34,0.01,3,1902,买盘
89,09:36:51,6.34,0.0,27,17118,买盘
90,09:36:58,6.34,0.0,10,6340,买盘
91,09:37:04,6.33,-0.01,30,18990,卖盘
92,09:37:13,6.33,0.0,150,94950,卖盘
93,09:37:16,6.33,0.0,15,9495,卖盘
94,09:37:22,6.33,0.0,50,31650,卖盘
95,09:37:25,6.33,0.0,6,3798,卖盘
96,09:37:28,6.33,0.0,3,1899,买盘
97,09:37:40,6.32,-0.01,80,50560,卖盘
98,09:37:57,6.32,0.0,72,45504,卖盘
99,09:38:01,6.33,0.01,35,22155,买盘
100,09:38:04,6.32,-0.01,201,127032,卖盘
101,09:38:10,6.32,0.0,6,3792,买盘
102,09:38:12,6.32,0.0,1,632,买盘
103,09:38:21,6.32,0.0,2,1264,卖盘
104,09:38:24,6.33,0.01,60,37980,买盘
105,09:38:31,6.33,0.0,56,35448,买盘
106,09:38:34,6.33,0.0,34,21522,卖盘
107,09:38:37,6.34,0.01,106,67071,买盘
108,09:38:42,6.32,-0.02,37,23394,卖盘
109,09:38:45,6.32,0.0,26,16432,买盘
110,09:38:49,6.32,0.0,4,2528,买盘
111,09:38:55,6.32,0.0,30,18960,卖盘
112,09:38:58,6.32,0.0,28,17696,买盘
113,09:39:04,6.32,0.0,19,12008,买盘
114,09:39:06,6.31,-0.01,94,59327,卖盘
115,09:39:12,6.32,0.01,5,3160,卖盘
116,09:39:24,6.3,-0.02,684,431498,卖盘
117,09:39:28,6.32,0.02,32,20224,买盘
118,09:39:34,6.32,0.0,1,632,买盘
119,09:39:37,6.3,-0.02,2,1260,卖盘
120,09:39:46,6.31,0.01,143,90100,买盘
121,09:39:52,6.3,-0.01,3,1890,卖盘
122,09:39:57,6.29,-0.01,189,118983,卖盘
123,09:40:04,6.3,0.01,33,20790,买盘
124,09:40:13,6.3,0.0,148,93171,买盘
125,09:40:16,6.29,-0.01,1,629,卖盘
126,09:40:19,6.3,0.01,78,49071,买盘
127,09:40:22,6.3,0.0,4,2520,买盘
128,09:40:24,6.3,0.0,7,4410,买盘
129,09:40:28,6.29,-0.01,30,18882,卖盘
130,09:40:34,6.3,0.01,13,8190,买盘
131,09:40:37,6.29,-0.01,13,8184,卖盘
132,09:40:42,6.3,0.01,2,1260,中性盘
133,09:40:46,6.3,0.0,9,5670,买盘
134,09:40:48,6.3,0.0,18,11340,买盘
135,09:40:51,6.3,0.0,18,11340,买盘
136,09:41:01,6.3,0.0,22,13860,卖盘
137,09:41:06,6.3,0.0,28,17640,卖盘
138,09:41:10,6.3,0.0,84,52920,买盘
139,09:41:13,6.3,0.0,70,44100,卖盘
140,09:41:19,6.3,0.0,104,65569,卖盘
141,09:41:25,6.31,0.01,157,99067,买盘
142,09:41:37,6.31,0.0,160,100960,买盘
143,09:41:46,6.31,0.0,22,13882,卖盘
144,09:42:01,6.31,0.0,1,631,卖盘
145,09:42:04,6.31,0.0,2,1262,卖盘
146,09:42:06,6.32,0.01,52,32864,买盘
147,09:42:09,6.32,0.0,39,24648,卖盘
148,09:42:19,6.31,-0.01,23,14518,卖盘
149,09:42:28,6.32,0.01,5,3160,买盘
150,09:42:31,6.32,0.0,61,38552,买盘
151,09:42:34,6.32,0.0,2,1264,买盘
152,09:42:39,6.32,0.0,10,6320,买盘
153,09:42:43,6.32,0.0,14,8848,买盘
154,09:42:46,6.3,-0.02,306,193028,卖盘
155,09:42:57,6.3,0.0,5,3150,卖盘
156,09:43:15,6.3,0.0,39,24570,卖盘
157,09:43:19,6.3,0.0,12,7560,卖盘
158,09:43:37,6.3,0.0,8,5040,卖盘
159,09:43:46,6.3,0.0,3,1890,卖盘
160,09:43:57,6.31,0.01,100,63100,买盘
161,09:44:01,6.31,0.0,16,10096,买盘
162,09:44:09,6.31,0.0,228,143868,卖盘
163,09:44:13,6.31,0.0,15,9465,卖盘
164,09:44:19,6.31,0.0,84,53004,卖盘
165,09:44:22,6.31,0.0,3,1893,买盘
166,09:44:45,6.3,-0.01,20,12600,卖盘
167,09:44:49,6.3,0.0,49,30870,卖盘
168,09:44:52,6.31,0.01,22,13882,买盘
169,09:44:54,6.31,0.0,40,25240,买盘
170,09:45:04,6.31,0.0,3,1893,买盘
171,09:45:07,6.31,0.0,62,39122,买盘
172,09:45:25,6.32,0.01,40,25280,买盘
173,09:45:31,6.31,-0.01,13,8203,卖盘
174,09:45:39,6.31,0.0,10,6310,卖盘
175,09:45:43,6.31,0.0,3,1893,卖盘
176,09:45:49,6.32,0.01,50,31600,买盘
177,09:45:52,6.33,0.01,471,297901,买盘
178,09:46:04,6.33,0.0,31,19623,买盘
179,09:46:06,6.32,-0.01,1,632,卖盘
180,09:46:15,6.32,0.0,43,27176,卖盘
181,09:46:18,6.33,0.01,2,1266,买盘
182,09:46:25,6.33,0.0,1,633,买盘
183,09:46:31,6.33,0.0,2,1266,买盘
184,09:46:43,6.34,0.01,106,67173,买盘
185,09:46:58,6.34,0.0,4,2536,买盘
186,09:47:04,6.34,0.0,39,25354,买盘
187,09:47:10,6.34,0.0,67,41860,卖盘
188,09:47:13,6.34,0.0,20,12680,买盘
189,09:47:16,6.34,0.0,66,41844,买盘
190,09:47:19,6.34,0.0,50,31700,买盘
191,09:47:24,6.32,-0.02,144,91111,卖盘
192,09:47:30,6.32,0.0,100,63200,卖盘
193,09:48:04,6.33,0.01,195,123435,卖盘
194,09:48:09,6.34,0.01,241,152709,买盘
195,09:48:16,6.34,0.0,20,12680,买盘
196,09:48:19,6.33,-0.01,5,3165,卖盘
197,09:48:22,6.34,0.01,12,7608,买盘
198,09:48:28,6.33,-0.01,138,87392,卖盘
199,09:48:31,6.34,0.01,10,6340,中性盘
200,09:48:37,6.35,0.01,41,26012,买盘
201,09:48:46,6.34,-0.01,20,12680,卖盘
202,09:48:49,6.34,0.0,56,35519,卖盘
203,09:48:52,6.34,0.0,11,6974,卖盘
204,09:48:55,6.34,0.0,101,64034,卖盘
205,09:48:58,6.35,0.01,17,10781,买盘
206,09:49:01,6.35,0.0,26,16503,买盘
207,09:49:07,6.34,-0.01,100,63400,卖盘
208,09:49:09,6.34,0.0,4,2536,卖盘
209,09:49:13,6.34,0.0,2,1268,卖盘
210,09:49:18,6.35,0.01,26,16487,买盘
211,09:49:21,6.34,-0.01,124,78616,买盘
212,09:49:28,6.34,0.0,76,48184,卖盘
213,09:49:37,6.34,0.0,6,3804,买盘
214,09:49:40,6.34,0.0,30,19020,买盘
215,09:49:43,6.35,0.01,31,19685,买盘
216,09:49:46,6.34,-0.01,20,12680,卖盘
217,09:49:49,6.33,-0.01,10,6330,卖盘
218,09:49:52,6.33,0.0,2,1266,卖盘
219,09:49:55,6.34,0.01,60,38040,买盘
220,09:50:09,6.34,0.0,112,71008,买盘
221,09:50:16,6.33,-0.01,29,18357,卖盘
222,09:50:37,6.33,0.0,60,37980,卖盘
223,09:50:46,6.34,0.01,1,634,买盘
224,09:50:52,6.33,-0.01,55,34815,卖盘
225,09:50:58,6.34,0.01,134,84956,买盘
226,09:51:04,6.34,0.0,205,129970,卖盘
227,09:51:06,6.33,-0.01,89,56338,卖盘
228,09:51:10,6.33,0.0,1,633,买盘
229,09:51:37,6.33,0.0,40,25320,卖盘
230,09:51:39,6.34,0.01,2,1268,买盘
231,09:51:46,6.33,-0.01,20,12660,卖盘
232,09:51:55,6.34,0.01,1,634,买盘
233,09:51:58,6.34,0.0,2,1268,买盘
234,09:52:06,6.34,0.0,26,16484,买盘
235,09:52:10,6.34,0.0,43,27262,买盘
236,09:52:13,6.34,0.0,3,1902,卖盘
237,09:52:16,6.35,0.01,10,6350,买盘
238,09:52:19,6.34,-0.01,17,10778,卖盘
239,09:52:22,6.35,0.01,20,12700,买盘
240,09:52:28,6.34,-0.01,10,6340,卖盘
241,09:52:40,6.35,0.01,359,228566,买盘
242,09:52:55,6.36,0.01,3,1908,买盘
243,09:52:58,6.35,-0.01,10,6350,卖盘
244,09:53:06,6.36,0.01,108,68688,买盘
245,09:53:10,6.36,0.0,30,19080,买盘
246,09:53:16,6.36,0.0,19,12084,买盘
247,09:53:18,6.36,0.0,5,3180,买盘
248,09:53:21,6.37,0.01,39,24812,买盘
249,09:53:34,6.36,-0.01,30,19090,卖盘
250,09:53:40,6.37,0.01,37,23563,买盘
251,09:53:42,6.36,-0.01,88,55988,卖盘
252,09:53:46,6.36,0.0,105,66780,买盘
253,09:53:51,6.35,-0.01,263,166376,卖盘
254,09:53:54,6.35,0.0,15,9525,买盘
255,09:54:04,6.35,0.0,48,30480,买盘
256,09:54:07,6.35,0.0,112,71749,买盘
257,09:54:19,6.36,0.01,1,636,买盘
258,09:54:21,6.35,-0.01,107,67945,卖盘
259,09:54:27,6.36,0.01,9,5724,买盘
260,09:54:34,6.36,0.0,20,12720,买盘
261,09:54:37,6.36,0.0,5,3180,买盘
262,09:54:43,6.36,0.0,10,6360,买盘
263,09:54:46,6.36,0.0,4,2544,买盘
264,09:54:49,6.36,0.0,46,29256,买盘
265,09:54:52,6.36,0.0,43,27348,卖盘
266,09:54:57,6.36,0.0,44,27984,买盘
267,09:55:01,6.36,0.0,100,63600,卖盘
268,09:55:04,6.36,0.0,23,14628,卖盘
269,09:55:13,6.36,0.0,30,19080,买盘
270,09:55:24,6.36,0.0,3,1908,买盘
271,09:55:30,6.36,0.0,11,6996,买盘
272,09:55:40,6.35,-0.01,54,34290,卖盘
273,09:55:49,6.36,0.01,2,1272,买盘
274,09:55:52,6.35,-0.01,4,2540,卖盘
275,09:55:58,6.36,0.01,15,9540,买盘
276,09:56:01,6.35,-0.01,15,9525,卖盘
277,09:56:13,6.36,0.01,58,36832,买盘
278,09:56:16,6.36,0.0,1,636,买盘
279,09:56:19,6.35,-0.01,32,20320,卖盘
280,09:56:22,6.35,0.0,50,31750,卖盘
281,09:56:31,6.35,0.0,30,19050,卖盘
282,09:56:40,6.35,0.0,10,6350,卖盘
283,09:56:46,6.35,0.0,30,19050,卖盘
284,09:56:48,6.35,0.0,124,78740,卖盘
285,09:57:01,6.35,0.0,33,20955,卖盘
286,09:57:04,6.35,0.0,32,20320,买盘
287,09:57:07,6.33,-0.02,2130,1348890,卖盘
288,09:57:09,6.36,0.03,70,44513,买盘
289,09:57:22,6.36,0.0,1,636,买盘
290,09:57:37,6.35,-0.01,5,3175,中性盘
291,09:58:10,6.35,0.0,20,12700,买盘
292,09:58:28,6.34,-0.01,23,14595,卖盘
293,09:58:33,6.34,0.0,11,6974,卖盘
294,09:58:37,6.35,0.01,201,127635,买盘
295,09:58:40,6.34,-0.01,40,25365,卖盘
296,09:58:43,6.34,0.0,8,5072,卖盘
297,09:58:46,6.34,0.0,2,1268,买盘
298,09:58:55,6.34,0.0,2,1268,卖盘
299,09:59:04,6.34,0.0,120,76080,买盘
300,09:59:06,6.34,0.0,102,64668,买盘
301,09:59:09,6.34,0.0,3,1902,卖盘
302,09:59:22,6.35,0.01,15,9525,买盘
303,09:59:40,6.35,0.0,3,1905,买盘
304,09:59:43,6.35,0.0,3,1905,买盘
305,09:59:49,6.35,0.0,63,40005,买盘
306,09:59:52,6.35,0.0,3,1905,买盘
307,09:59:55,6.35,0.0,127,80645,买盘
308,10:00:01,6.35,0.0,30,19050,买盘
309,10:00:04,6.35,0.0,10,6350,卖盘
310,10:00:07,6.35,0.0,5,3175,买盘
311,10:00:13,6.36,0.01,2,1272,买盘
312,10:00:22,6.35,-0.01,22,13970,买盘
313,10:00:31,6.35,0.0,10,6350,卖盘
314,10:00:40,6.36,0.01,20,12720,买盘
315,10:00:43,6.35,-0.01,18,11430,卖盘
316,10:00:46,6.35,0.0,25,15875,买盘
317,10:00:49,6.35,0.0,7,4445,买盘
318,10:00:51,6.35,0.0,15,9525,买盘
319,10:00:54,6.35,0.0,18,11430,买盘
320,10:01:00,6.34,-0.01,63,39942,卖盘
321,10:01:19,6.35,0.01,40,25400,买盘
322,10:01:31,6.35,0.0,3,1905,买盘
323,10:01:48,6.35,0.0,3,1905,卖盘
324,10:02:01,6.35,0.0,467,296945,卖盘
325,10:02:16,6.36,0.01,30,19080,买盘
326,10:02:19,6.35,-0.01,169,107315,卖盘
327,10:02:54,6.35,0.0,1,635,买盘
328,10:03:15,6.35,0.0,3,1905,买盘
329,10:03:25,6.35,0.0,69,43815,买盘
330,10:03:31,6.35,0.0,188,119380,买盘
331,10:03:43,6.35,0.0,12,7620,卖盘
332,10:03:46,6.35,0.0,18,11430,买盘
333,10:03:49,6.35,0.0,2,1270,买盘
334,10:03:52,6.35,0.0,16,10160,卖盘
335,10:04:04,6.35,0.0,253,160274,卖盘
336,10:04:06,6.36,0.01,58,36884,买盘
337,10:04:25,6.35,-0.01,50,31750,卖盘
338,10:04:52,6.35,0.0,28,17780,卖盘
339,10:05:01,6.35,0.0,25,15875,卖盘
340,10:05:10,6.35,0.0,20,12700,卖盘
341,10:05:13,6.35,0.0,10,6350,卖盘
342,10:05:19,6.35,0.0,11,6993,卖盘
343,10:05:25,6.35,0.0,12,7620,卖盘
344,10:05:27,6.35,0.0,6,4191,卖盘
345,10:05:36,6.34,-0.01,20,12680,卖盘
346,10:05:52,6.35,0.01,5,3175,买盘
347,10:06:06,6.34,-0.01,50,31700,卖盘
348,10:06:12,6.34,0.0,14,8876,卖盘
349,10:06:21,6.35,0.01,6,3810,买盘
350,10:06:31,6.35,0.0,20,12319,买盘
351,10:06:34,6.35,0.0,10,6731,卖盘
352,10:06:43,6.35,0.0,7,4445,买盘
353,10:06:46,6.35,0.0,4,2540,买盘
354,10:07:01,6.35,0.0,14,8890,买盘
355,10:07:16,6.34,-0.01,4,2536,卖盘
356,10:07:18,6.35,0.01,90,57150,买盘
357,10:07:24,6.35,0.0,1,635,买盘
358,10:07:33,6.35,0.0,5,3175,买盘
359,10:08:04,6.34,-0.01,18,11412,卖盘
360,10:08:07,6.35,0.01,152,96520,买盘
361,10:08:22,6.34,-0.01,35,22190,卖盘
362,10:08:30,6.34,0.0,110,69740,卖盘
363,10:08:39,6.35,0.01,300,190500,买盘
364,10:08:58,6.35,0.0,32,19939,买盘
365,10:09:22,6.35,0.0,10,6350,卖盘
366,10:09:24,6.35,0.0,8,5080,卖盘
367,10:09:43,6.35,0.0,75,48006,卖盘
368,10:09:49,6.35,0.0,20,12700,买盘
369,10:09:58,6.34,-0.01,11,6974,卖盘
370,10:10:13,6.34,0.0,15,9510,卖盘
371,10:10:15,6.35,0.01,5,3175,买盘
372,10:10:28,6.34,-0.01,27,17118,卖盘
373,10:10:58,6.34,0.0,10,6340,卖盘
374,10:11:01,6.34,0.0,8,5072,卖盘
375,10:11:13,6.34,0.0,36,22824,卖盘
376,10:11:49,6.34,0.0,85,53890,卖盘
377,10:12:10,6.34,0.0,37,23458,买盘
378,10:12:13,6.34,0.0,63,39942,买盘
379,10:12:18,6.33,-0.01,11,6964,卖盘
380,10:12:31,6.34,0.01,14,8876,买盘
381,10:12:37,6.34,0.0,5,3170,卖盘
382,10:12:39,6.34,0.0,31,19654,卖盘
383,10:12:43,6.34,0.0,15,9130,买盘
384,10:12:45,6.34,0.0,65,41210,卖盘
385,10:12:49,6.34,0.0,27,17498,卖盘
386,10:12:55,6.34,0.0,52,32968,买盘
387,10:13:07,6.33,-0.01,199,125967,卖盘
388,10:13:10,6.33,0.0,1,633,买盘
389,10:13:21,6.33,0.0,50,31650,卖盘
390,10:13:31,6.33,0.0,10,6330,卖盘
391,10:13:34,6.33,0.0,24,15192,卖盘
392,10:13:37,6.33,0.0,57,36081,卖盘
393,10:14:01,6.34,0.01,3,1902,买盘
394,10:14:04,6.33,-0.01,72,45576,卖盘
395,10:14:06,6.33,0.0,5,3165,卖盘
396,10:14:13,6.34,0.01,12,7597,买盘
397,10:14:31,6.33,-0.01,3,1899,卖盘
398,10:14:34,6.33,0.0,97,61401,卖盘
399,10:14:48,6.33,0.0,5,3165,卖盘
400,10:15:22,6.33,0.0,10,6330,卖盘
401,10:15:40,6.34,0.01,30,19020,买盘
402,10:15:42,6.33,-0.01,163,103179,卖盘
403,10:15:46,6.33,0.0,1,633,买盘
404,10:15:55,6.33,0.0,23,14559,买盘
405,10:15:58,6.33,0.0,21,13293,买盘
406,10:16:13,6.33,0.0,20,12660,卖盘
407,10:16:19,6.33,0.0,30,18990,卖盘
408,10:16:33,6.33,0.0,5,3165,买盘
409,10:16:49,6.33,0.0,63,39879,买盘
410,10:16:51,6.32,-0.01,60,37957,卖盘
411,10:16:58,6.32,0.0,11,6952,卖盘
412,10:17:21,6.33,0.01,10,6330,买盘
413,10:17:25,6.32,-0.01,145,91640,卖盘
414,10:17:43,6.32,0.0,20,12640,卖盘
415,10:18:04,6.33,0.01,28,17724,买盘
416,10:18:30,6.32,-0.01,14,8848,卖盘
417,10:18:34,6.33,0.01,69,43677,买盘
418,10:18:42,6.33,0.0,21,13293,买盘
419,10:18:52,6.33,0.0,18,11394,买盘
420,10:19:10,6.33,0.0,32,20256,卖盘
421,10:19:15,6.34,0.01,96,60864,买盘
422,10:19:31,6.33,-0.01,8,5064,卖盘
423,10:19:34,6.33,0.0,19,12040,卖盘
424,10:19:48,6.33,0.0,97,61401,卖盘
425,10:19:55,6.33,0.0,10,6330,买盘
426,10:20:07,6.33,0.0,12,7596,卖盘
427,10:20:12,6.33,0.0,10,6330,卖盘
428,10:20:15,6.33,0.0,12,7596,卖盘
429,10:20:19,6.33,0.0,15,9495,卖盘
430,10:20:21,6.34,0.01,1,634,买盘
431,10:20:28,6.34,0.0,2,1268,买盘
432,10:20:33,6.34,0.0,88,55762,买盘
433,10:20:37,6.34,0.0,8,5072,买盘
434,10:20:49,6.33,-0.01,40,25320,卖盘
435,10:20:58,6.34,0.01,100,63400,买盘
436,10:21:06,6.34,0.0,58,36392,买盘
437,10:21:54,6.35,0.01,149,94615,买盘
438,10:21:57,6.34,-0.01,2,1268,卖盘
439,10:22:04,6.35,0.01,9,5715,买盘
440,10:22:07,6.35,0.0,9,5715,卖盘
441,10:22:12,6.35,0.0,12,7620,卖盘
442,10:22:22,6.35,0.0,60,38100,卖盘
443,10:22:25,6.35,0.0,32,20320,卖盘
444,10:22:37,6.35,0.0,5,3175,卖盘
445,10:22:40,6.35,0.0,3,1905,卖盘
446,10:22:43,6.36,0.01,30,19080,买盘
447,10:22:48,6.35,-0.01,115,73025,卖盘
448,10:23:00,6.35,0.0,22,13970,卖盘
449,10:23:07,6.35,0.0,2,1270,卖盘
450,10:23:13,6.36,0.01,6,3816,买盘
451,10:23:16,6.35,-0.01,4,2540,卖盘
452,10:23:21,6.36,0.01,1,636,买盘
453,10:23:28,6.35,-0.01,25,15875,卖盘
454,10:23:33,6.35,0.0,65,41304,卖盘
455,10:23:37,6.35,0.0,100,63578,卖盘
456,10:23:46,6.35,0.0,10,6350,卖盘
457,10:23:52,6.35,0.0,25,15875,卖盘
458,10:24:00,6.35,0.0,109,69215,卖盘
459,10:24:34,6.34,-0.01,10,6340,卖盘
460,10:24:37,6.34,0.0,3,1902,卖盘
461,10:24:40,6.34,0.0,15,9510,卖盘
462,10:24:49,6.34,0.0,18,11412,卖盘
463,10:24:52,6.34,0.0,1,634,卖盘
464,10:25:09,6.35,0.01,25,15855,买盘
465,10:25:13,6.34,-0.01,10,6340,卖盘
466,10:25:18,6.34,0.0,30,19020,卖盘
467,10:25:33,6.35,0.01,300,190500,买盘
468,10:26:06,6.35,0.0,4,2540,买盘
469,10:26:21,6.35,0.0,78,49530,买盘
470,10:26:31,6.35,0.0,15,9525,买盘
471,10:26:34,6.35,0.0,32,20320,买盘
472,10:27:01,6.35,0.0,21,13335,卖盘
473,10:27:04,6.35,0.0,9,5715,卖盘
474,10:27:37,6.36,0.01,25,15900,买盘
475,10:27:43,6.35,-0.01,16,10160,卖盘
476,10:27:49,6.35,0.0,22,13970,卖盘
477,10:28:13,6.35,0.0,15,9525,买盘
478,10:28:16,6.35,0.0,156,99060,买盘
479,10:28:22,6.35,0.0,30,19050,卖盘
480,10:28:30,6.35,0.0,5,3175,卖盘
481,10:28:52,6.35,0.0,96,60960,卖盘
482,10:28:55,6.35,0.0,10,6350,卖盘
483,10:29:01,6.35,0.0,40,25400,卖盘
484,10:29:04,6.35,0.0,10,6350,卖盘
485,10:29:06,6.36,0.01,69,43884,买盘
486,10:29:13,6.35,-0.01,30,19050,卖盘
487,10:29:19,6.35,0.0,10,6350,卖盘
488,10:29:22,6.35,0.0,50,31750,卖盘
489,10:29:28,6.35,0.0,25,15875,卖盘
490,10:29:34,6.35,0.0,5,3175,卖盘
491,10:29:52,6.35,0.0,112,71120,卖盘
492,10:30:01,6.35,0.0,11,6985,卖盘
493,10:30:10,6.35,0.0,25,15875,买盘
494,10:30:21,6.35,0.0,24,15240,卖盘
495,10:31:03,6.34,-0.01,3,1902,卖盘
496,10:31:37,6.34,0.0,3,1902,卖盘
497,10:31:43,6.34,0.0,192,121728,卖盘
498,10:31:46,6.34,0.0,2,1268,卖盘
499,10:32:04,6.34,0.0,10,6340,买盘
500,10:32:10,6.34,0.0,3,1902,买盘
501,10:32:46,6.34,0.0,2,1268,买盘
502,10:32:49,6.33,-0.01,33,20889,卖盘
503,10:33:00,6.33,0.0,152,96216,卖盘
504,10:33:10,6.33,0.0,50,31650,卖盘
505,10:33:12,6.33,0.0,181,114573,卖盘
506,10:33:16,6.33,0.0,4,2532,买盘
507,10:33:18,6.33,0.0,3,1899,买盘
508,10:33:28,6.33,0.0,1,633,买盘
509,10:34:01,6.32,-0.01,60,37920,卖盘
510,10:34:04,6.32,0.0,46,29072,卖盘
511,10:34:10,6.32,0.0,12,7584,卖盘
512,10:34:16,6.32,0.0,5,3160,卖盘
513,10:34:28,6.32,0.0,2,1264,卖盘
514,10:34:33,6.33,0.01,94,59502,买盘
515,10:34:43,6.32,-0.01,2,1264,卖盘
516,10:34:46,6.33,0.01,6,3798,买盘
517,10:35:22,6.33,0.0,72,45576,买盘
518,10:35:25,6.32,-0.01,5,3160,卖盘
519,10:35:27,6.33,0.01,2,1266,买盘
520,10:35:46,6.32,-0.01,10,6320,卖盘
521,10:35:57,6.32,0.0,20,12640,卖盘
522,10:36:25,6.33,0.01,50,31650,买盘
523,10:36:30,6.33,0.0,16,10128,买盘
524,10:36:34,6.32,-0.01,200,126400,卖盘
525,10:37:15,6.32,0.0,50,31640,卖盘
526,10:38:06,6.32,0.0,287,181384,卖盘
527,10:38:12,6.32,0.0,22,13904,卖盘
528,10:38:16,6.32,0.0,20,12640,卖盘
529,10:38:24,6.34,0.02,12,7608,买盘
530,10:38:28,6.34,0.0,45,28530,卖盘
531,10:38:30,6.34,0.0,2,1268,卖盘
532,10:38:34,6.34,0.0,1,634,卖盘
533,10:38:36,6.34,0.0,1,634,卖盘
534,10:38:39,6.34,0.0,4,2536,卖盘
535,10:38:42,6.34,0.0,1,634,卖盘
536,10:38:46,6.34,0.0,14,8876,卖盘
537,10:39:09,6.34,0.0,14,8876,买盘
538,10:39:21,6.32,-0.02,5,3160,卖盘
539,10:39:31,6.32,0.0,2,1264,卖盘
540,10:39:51,6.32,0.0,3,1896,卖盘
541,10:39:55,6.32,0.0,1,632,卖盘
542,10:40:00,6.33,0.01,13,8229,买盘
543,10:40:04,6.33,0.0,15,9495,卖盘
544,10:40:21,6.33,0.0,10,6330,卖盘
545,10:40:34,6.33,0.0,1,633,卖盘
546,10:40:49,6.33,0.0,35,22155,买盘
547,10:41:09,6.33,0.0,1,633,买盘
548,10:41:13,6.32,-0.01,50,31600,卖盘
549,10:41:19,6.32,0.0,200,126400,卖盘
550,10:41:25,6.32,0.0,133,84056,卖盘
551,10:42:01,6.32,0.0,30,18960,买盘
552,10:42:06,6.31,-0.01,40,25240,卖盘
553,10:42:55,6.31,0.0,10,6310,卖盘
554,10:43:07,6.31,0.0,71,44801,卖盘
555,10:43:12,6.31,0.0,33,20823,卖盘
556,10:43:16,6.31,0.0,47,29657,卖盘
557,10:43:18,6.31,0.0,10,6310,卖盘
558,10:43:22,6.31,0.0,12,7572,卖盘
559,10:43:30,6.31,0.0,21,13251,卖盘
560,10:43:34,6.31,0.0,50,31550,卖盘
561,10:43:45,6.32,0.01,63,39816,买盘
562,10:43:55,6.31,-0.01,150,94650,卖盘
563,10:43:58,6.32,0.01,4,2528,买盘
564,10:44:01,6.32,0.0,186,117431,买盘
565,10:44:37,6.31,-0.01,43,27165,卖盘
566,10:44:55,6.31,0.0,4,2524,卖盘
567,10:45:12,6.31,0.0,9,5679,卖盘
568,10:45:51,6.31,0.0,101,63731,卖盘
569,10:46:01,6.3,-0.01,20,12600,卖盘
570,10:46:13,6.3,0.0,33,20790,卖盘
571,10:46:16,6.3,0.0,458,288540,卖盘
572,10:46:25,6.3,0.0,20,12600,卖盘
573,10:46:33,6.3,0.0,19,11970,买盘
574,10:46:42,6.3,0.0,2,1260,卖盘
575,10:46:51,6.31,0.01,134,84554,买盘
576,10:47:06,6.31,0.0,1,631,买盘
577,10:47:12,6.3,-0.01,103,64890,卖盘
578,10:47:15,6.3,0.0,69,43470,买盘
579,10:47:33,6.3,0.0,20,12600,卖盘
580,10:47:46,6.31,0.01,30,18930,买盘
581,10:47:55,6.31,0.0,96,60559,买盘
582,10:47:58,6.3,-0.01,30,18900,卖盘
583,10:48:16,6.31,0.01,86,54266,买盘
584,10:48:22,6.31,0.0,4,2524,卖盘
585,10:48:42,6.31,0.0,246,155226,卖盘
586,10:48:46,6.31,0.0,29,18299,买盘
587,10:48:54,6.31,0.0,47,29657,买盘
588,10:48:58,6.31,0.0,27,17037,买盘
589,10:49:09,6.31,0.0,57,35967,卖盘
590,10:49:16,6.32,0.01,27,17064,买盘
591,10:49:19,6.32,0.0,4,2528,卖盘
592,10:49:40,6.32,0.0,10,6320,卖盘
593,10:49:54,6.33,0.01,5,3165,买盘
594,10:49:58,6.33,0.0,4,2532,买盘
595,10:50:21,6.33,0.0,1,633,买盘
596,10:50:31,6.31,-0.02,10,6328,卖盘
597,10:51:04,6.32,0.01,5,3160,买盘
598,10:51:12,6.31,-0.01,35,22085,卖盘
599,10:52:06,6.33,0.02,35,22155,买盘
600,10:52:30,6.32,-0.01,30,18960,买盘
601,10:52:33,6.32,0.0,18,11376,买盘
602,10:52:49,6.33,0.01,10,6330,买盘
603,10:52:57,6.33,0.0,3,1899,买盘
604,10:53:10,6.32,-0.01,9,5688,卖盘
605,10:53:15,6.33,0.01,10,6330,买盘
606,10:53:45,6.33,0.0,102,64566,买盘
607,10:53:48,6.33,0.0,17,10761,买盘
608,10:54:15,6.33,0.0,72,45576,卖盘
609,10:54:31,6.32,-0.01,201,127032,卖盘
610,10:55:04,6.32,0.0,30,18960,买盘
611,10:55:06,6.32,0.0,121,76472,买盘
612,10:55:51,6.33,0.01,15,9495,买盘
613,10:56:12,6.33,0.0,26,16458,买盘
614,10:56:24,6.33,0.0,58,36714,买盘
615,10:56:27,6.32,-0.01,7,4424,卖盘
616,10:57:28,6.33,0.01,20,12660,买盘
617,10:58:04,6.32,-0.01,40,25280,卖盘
618,10:58:21,6.33,0.01,6,3798,买盘
619,10:58:24,6.32,-0.01,18,11376,卖盘
620,10:58:27,6.33,0.01,61,38613,买盘
621,10:58:39,6.33,0.0,3,1899,买盘
622,10:58:57,6.33,0.0,86,54438,买盘
623,10:59:09,6.33,0.0,66,41778,卖盘
624,11:00:13,6.32,-0.01,10,6320,卖盘
625,11:00:27,6.32,0.0,200,126400,卖盘
626,11:00:49,6.32,0.0,9,5688,卖盘
627,11:00:55,6.32,0.0,134,84688,卖盘
628,11:01:01,6.32,0.0,10,6320,买盘
629,11:01:40,6.31,-0.01,15,9465,卖盘
630,11:02:33,6.31,0.0,50,31550,卖盘
631,11:02:54,6.31,0.0,14,8834,卖盘
632,11:03:06,6.31,0.0,50,31550,卖盘
633,11:03:13,6.31,0.0,10,6310,卖盘
634,11:04:01,6.31,0.0,29,18299,卖盘
635,11:04:24,6.32,0.01,1,632,买盘
636,11:04:27,6.31,-0.01,101,63831,卖盘
637,11:04:30,6.32,0.01,106,66992,买盘
638,11:05:06,6.33,0.01,12,7596,买盘
639,11:05:18,6.32,-0.01,5,3160,卖盘
640,11:05:33,6.32,0.0,1,632,卖盘
641,11:05:54,6.33,0.01,27,17091,买盘
642,11:06:01,6.32,-0.01,38,24016,卖盘
643,11:07:18,6.33,0.01,138,87354,买盘
644,11:07:21,6.33,0.0,30,18990,买盘
645,11:08:00,6.33,0.0,9,5697,卖盘
646,11:08:04,6.33,0.0,2,1266,卖盘
647,11:08:06,6.33,0.0,4,2532,卖盘
648,11:08:36,6.32,-0.01,15,9480,卖盘
649,11:08:45,6.32,0.0,31,19592,卖盘
650,11:08:54,6.33,0.01,129,81657,买盘
651,11:09:04,6.32,-0.01,1,632,卖盘
652,11:09:18,6.33,0.01,5,3165,买盘
653,11:11:15,6.32,-0.01,32,20224,卖盘
654,11:11:33,6.32,0.0,20,12640,卖盘
655,11:11:39,6.32,0.0,50,31600,卖盘
656,11:11:51,6.32,0.0,16,10112,卖盘
657,11:11:58,6.32,0.0,11,6952,卖盘
658,11:12:15,6.32,0.0,176,111232,卖盘
659,11:12:18,6.32,0.0,318,200976,卖盘
660,11:12:36,6.32,0.0,100,63200,买盘
661,11:12:52,6.31,-0.01,16,10096,卖盘
662,11:12:57,6.32,0.01,21,13272,买盘
663,11:13:15,6.32,0.0,22,13904,买盘
664,11:14:06,6.31,-0.01,15,9465,卖盘
665,11:14:12,6.31,0.0,95,59945,卖盘
666,11:14:22,6.32,0.01,55,34710,买盘
667,11:14:39,6.31,-0.01,21,13251,卖盘
668,11:14:42,6.31,0.0,1,631,卖盘
669,11:14:51,6.31,0.0,6,3786,卖盘
670,11:14:57,6.31,0.0,20,12620,卖盘
671,11:15:01,6.31,0.0,217,136927,卖盘
672,11:15:24,6.31,0.0,2,1262,买盘
673,11:15:33,6.31,0.0,6,3786,买盘
674,11:15:46,6.3,-0.01,2,1260,卖盘
675,11:15:49,6.31,0.01,138,87078,买盘
676,11:16:04,6.31,0.0,48,30288,买盘
677,11:16:10,6.31,0.0,34,21454,买盘
678,11:16:15,6.31,0.0,11,6941,买盘
679,11:16:19,6.3,-0.01,5,3150,卖盘
680,11:16:31,6.31,0.01,42,26502,买盘
681,11:16:45,6.31,0.0,50,31550,卖盘
682,11:16:48,6.31,0.0,28,17668,卖盘
683,11:17:00,6.3,-0.01,19,11970,卖盘
684,11:17:06,6.31,0.01,73,46063,买盘
685,11:17:15,6.31,0.0,25,15775,卖盘
686,11:17:27,6.31,0.0,20,12620,卖盘
687,11:17:33,6.31,0.0,46,29026,卖盘
688,11:17:45,6.32,0.01,11,6952,买盘
689,11:17:54,6.31,-0.01,8,5048,卖盘
690,11:18:12,6.32,0.01,3,1896,买盘
691,11:19:06,6.31,-0.01,30,18930,卖盘
692,11:19:09,6.31,0.0,1,631,卖盘
693,11:20:06,6.31,0.0,15,9465,卖盘
694,11:20:39,6.31,0.0,416,262496,卖盘
695,11:20:48,6.31,0.0,60,37860,买盘
696,11:21:04,6.31,0.0,20,12620,买盘
697,11:21:45,6.31,0.0,7,4417,买盘
698,11:22:06,6.3,-0.01,60,37800,卖盘
699,11:22:27,6.3,0.0,17,10710,卖盘
700,11:22:33,6.31,0.01,13,8203,买盘
701,11:23:06,6.31,0.0,11,6941,买盘
702,11:23:33,6.31,0.0,3,1893,买盘
703,11:23:42,6.32,0.01,260,164259,买盘
704,11:24:27,6.32,0.0,50,31600,买盘
705,11:24:57,6.31,-0.01,90,56790,卖盘
706,11:26:39,6.31,0.0,172,108532,卖盘
707,11:26:51,6.31,0.0,184,116104,卖盘
708,11:27:15,6.31,0.0,195,123045,买盘
709,11:27:24,6.31,0.0,9,5679,买盘
710,11:27:57,6.31,0.0,20,12620,卖盘
711,11:28:07,6.31,0.0,55,34705,卖盘
712,11:28:10,6.31,0.0,96,60576,买盘
713,11:28:42,6.3,-0.01,9,5670,卖盘
714,11:28:45,6.3,0.0,6,3780,卖盘
715,11:29:12,6.3,0.0,3,1890,卖盘
716,11:29:15,6.3,0.0,199,125444,卖盘
717,11:29:30,6.3,0.0,512,322560,卖盘
718,11:29:33,6.3,0.0,5,3150,买盘
719,11:29:45,6.3,0.0,20,12600,买盘
720,13:00:00,6.3,0.0,164,103317,买盘
721,13:00:04,6.3,0.0,71,44730,买盘
722,13:00:21,6.31,0.01,7,4417,买盘
723,13:00:24,6.31,0.0,12,7572,买盘
724,13:02:30,6.31,0.0,3,1893,买盘
725,13:02:39,6.32,0.01,166,104912,买盘
726,13:03:04,6.32,0.0,17,10744,买盘
727,13:03:07,6.32,0.0,1,632,卖盘
728,13:03:09,6.32,0.0,1,632,卖盘
729,13:03:12,6.32,0.0,4,2528,卖盘
730,13:03:39,6.32,0.0,38,24016,卖盘
731,13:04:21,6.32,0.0,8,5056,卖盘
732,13:04:27,6.32,0.0,10,6320,卖盘
733,13:04:45,6.33,0.01,41,25953,买盘
734,13:05:51,6.32,-0.01,9,5688,卖盘
735,13:05:57,6.32,0.0,11,6952,卖盘
736,13:06:15,6.31,-0.01,8,5048,卖盘
737,13:06:21,6.32,0.01,47,29704,买盘
738,13:06:30,6.31,-0.01,8,5048,卖盘
739,13:06:51,6.31,0.0,297,187407,买盘
740,13:08:24,6.3,-0.01,1,630,卖盘
741,13:08:39,6.3,0.0,20,12600,卖盘
742,13:08:42,6.3,0.0,16,10080,卖盘
743,13:09:12,6.3,0.0,108,68040,卖盘
744,13:09:16,6.3,0.0,50,31500,卖盘
745,13:09:36,6.3,0.0,3,1890,卖盘
746,13:10:06,6.3,0.0,1,630,卖盘
747,13:10:36,6.3,0.0,87,54810,卖盘
748,13:10:54,6.29,-0.01,289,181781,卖盘
749,13:10:57,6.29,0.0,4,2516,卖盘
750,13:11:21,6.29,0.0,11,6919,卖盘
751,13:11:30,6.28,-0.01,315,197820,卖盘
752,13:11:39,6.28,0.0,1,628,买盘
753,13:11:42,6.28,0.0,63,39564,买盘
754,13:11:45,6.28,0.0,456,286349,买盘
755,13:12:36,6.29,0.01,4,2516,卖盘
756,13:12:39,6.29,0.0,19,11951,买盘
757,13:12:42,6.29,0.0,4,2516,买盘
758,13:13:00,6.3,0.01,8,5040,买盘
759,13:13:19,6.29,-0.01,31,19499,卖盘
760,13:13:48,6.3,0.01,16,10080,买盘
761,13:14:33,6.3,0.0,120,75600,买盘
762,13:15:07,6.3,0.0,16,10080,买盘
763,13:15:33,6.31,0.01,58,36543,买盘
764,13:15:51,6.3,-0.01,10,6300,买盘
765,13:15:57,6.3,0.0,10,6300,买盘
766,13:16:09,6.3,0.0,7,4410,买盘
767,13:16:18,6.29,-0.01,19,11967,卖盘
768,13:16:27,6.3,0.01,14,8820,买盘
769,13:16:33,6.3,0.0,10,6300,买盘
770,13:16:51,6.3,0.0,16,10080,买盘
771,13:17:12,6.3,0.0,236,148680,卖盘
772,13:17:42,6.31,0.01,1,631,买盘
773,13:17:45,6.3,-0.01,15,9450,卖盘
774,13:18:30,6.29,-0.01,120,75484,卖盘
775,13:18:51,6.27,-0.02,554,347957,卖盘
776,13:19:15,6.28,0.01,5,3140,卖盘
777,13:19:21,6.28,0.0,30,18840,卖盘
778,13:19:33,6.28,0.0,8,5024,卖盘
779,13:19:48,6.28,0.0,14,8792,买盘
780,13:19:51,6.28,0.0,15,9420,卖盘
781,13:20:09,6.28,0.0,1,628,卖盘
782,13:20:39,6.29,0.01,1,629,买盘
783,13:20:57,6.29,0.0,19,11951,买盘
784,13:21:00,6.28,-0.01,120,75360,卖盘
785,13:21:06,6.28,0.0,32,20096,买盘
786,13:21:16,6.28,0.0,31,19450,买盘
787,13:22:13,6.28,0.0,1,628,卖盘
788,13:22:30,6.29,0.01,71,44659,买盘
789,13:22:33,6.29,0.0,10,6290,买盘
790,13:22:40,6.29,0.0,16,10064,买盘
791,13:22:46,6.29,0.0,6,3774,卖盘
792,13:22:49,6.27,-0.02,200,125515,卖盘
793,13:23:01,6.29,0.02,32,20128,买盘
794,13:23:16,6.29,0.0,11,6919,买盘
795,13:23:19,6.29,0.0,11,6919,买盘
796,13:23:30,6.29,0.0,78,49062,卖盘
797,13:23:37,6.28,-0.01,6,3768,卖盘
798,13:23:58,6.28,0.0,63,39564,卖盘
799,13:24:01,6.29,0.01,4,2516,买盘
800,13:24:04,6.29,0.0,35,22015,买盘
801,13:24:09,6.29,0.0,29,18241,买盘
802,13:24:15,6.29,0.0,156,98124,买盘
803,13:24:22,6.29,0.0,128,80490,买盘
804,13:24:31,6.29,0.0,72,45290,卖盘
805,13:24:54,6.29,0.0,60,37740,卖盘
806,13:25:10,6.29,0.0,84,52836,卖盘
807,13:25:19,6.29,0.0,40,25160,买盘
808,13:25:22,6.29,0.0,50,31450,买盘
809,13:25:30,6.29,0.0,331,208199,买盘
810,13:25:36,6.29,0.0,172,108188,买盘
811,13:25:52,6.3,0.01,100,63000,买盘
812,13:25:58,6.29,-0.01,20,12580,卖盘
813,13:26:07,6.29,0.0,81,50949,卖盘
814,13:26:27,6.3,0.01,4,2520,买盘
815,13:26:31,6.3,0.0,4,2520,买盘
816,13:26:34,6.29,-0.01,100,62900,卖盘
817,13:27:04,6.3,0.01,72,45360,买盘
818,13:27:46,6.3,0.0,51,32130,买盘
819,13:27:51,6.29,-0.01,3,1887,卖盘
820,13:28:22,6.3,0.01,27,17010,买盘
821,13:28:54,6.3,0.0,50,31500,卖盘
822,13:29:00,6.3,0.0,17,10710,卖盘
823,13:29:06,6.3,0.0,12,7560,买盘
824,13:29:22,6.3,0.0,41,25830,买盘
825,13:29:27,6.3,0.0,16,10080,买盘
826,13:29:30,6.3,0.0,7,4410,买盘
827,13:30:07,6.3,0.0,21,13230,卖盘
828,13:30:16,6.3,0.0,100,63000,卖盘
829,13:30:31,6.3,0.0,6,3780,卖盘
830,13:30:54,6.3,0.0,7,4410,卖盘
831,13:30:57,6.3,0.0,10,6300,卖盘
832,13:31:01,6.3,0.0,38,23940,卖盘
833,13:31:04,6.3,0.0,68,42840,卖盘
834,13:31:10,6.3,0.0,8,5040,卖盘
835,13:31:45,6.3,0.0,30,18900,买盘
836,13:32:00,6.3,0.0,24,15100,买盘
837,13:32:33,6.3,0.0,20,12600,买盘
838,13:32:45,6.29,-0.01,306,192474,卖盘
839,13:33:10,6.3,0.01,10,6300,买盘
840,13:33:15,6.29,-0.01,2,1258,卖盘
841,13:33:18,6.29,0.0,110,69190,卖盘
842,13:33:45,6.29,0.0,35,22015,卖盘
843,13:35:25,6.29,0.0,10,6290,卖盘
844,13:35:48,6.3,0.01,71,44669,买盘
845,13:36:24,6.29,-0.01,33,20757,卖盘
846,13:36:33,6.29,0.0,50,31450,卖盘
847,13:36:37,6.29,0.0,24,15106,卖盘
848,13:36:42,6.29,0.0,6,3774,买盘
849,13:37:12,6.29,0.0,11,6919,卖盘
850,13:37:30,6.29,0.0,7,4403,卖盘
851,13:37:33,6.29,0.0,2,1258,卖盘
852,13:37:43,6.29,0.0,1,629,卖盘
853,13:38:39,6.29,0.0,102,64158,卖盘
854,13:38:58,6.29,0.0,48,30148,买盘
855,13:39:04,6.28,-0.01,30,18840,卖盘
856,13:39:12,6.29,0.01,64,40256,买盘
857,13:39:25,6.29,0.0,19,11951,卖盘
858,13:39:39,6.29,0.0,22,13838,卖盘
859,13:39:42,6.29,0.0,1,629,卖盘
860,13:39:45,6.3,0.01,75,47250,买盘
861,13:40:24,6.29,-0.01,24,15096,卖盘
862,13:40:36,6.29,0.0,21,13209,卖盘
863,13:41:15,6.29,0.0,16,10064,卖盘
864,13:41:27,6.29,0.0,117,73593,卖盘
865,13:41:54,6.29,0.0,53,33337,买盘
866,13:42:07,6.29,0.0,18,11322,卖盘
867,13:42:21,6.3,0.01,20,12600,买盘
868,13:42:42,6.3,0.0,1,630,买盘
869,13:44:30,6.29,-0.01,5,3145,卖盘
870,13:44:40,6.3,0.01,70,44100,买盘
871,13:45:00,6.27,-0.03,808,507448,卖盘
872,13:45:06,6.29,0.02,4,2516,卖盘
873,13:45:10,6.29,0.0,4,2516,卖盘
874,13:45:12,6.29,0.0,4,2516,卖盘
875,13:45:15,6.29,0.0,4,2516,卖盘
876,13:45:18,6.29,0.0,14,8806,卖盘
877,13:45:39,6.27,-0.02,71,44517,卖盘
878,13:46:34,6.28,0.01,3,1884,买盘
879,13:47:09,6.27,-0.01,426,267102,卖盘
880,13:47:13,6.26,-0.01,52,32602,卖盘
881,13:47:33,6.27,0.01,18,11278,买盘
882,13:47:45,6.27,0.0,29,18183,买盘
883,13:47:51,6.27,0.0,10,6270,买盘
884,13:47:54,6.26,-0.01,200,125200,卖盘
885,13:48:04,6.26,0.0,83,51958,卖盘
886,13:48:06,6.26,0.0,19,11894,卖盘
887,13:48:18,6.26,0.0,43,26918,卖盘
888,13:48:37,6.26,0.0,38,23788,卖盘
889,13:48:45,6.26,0.0,15,9390,卖盘
890,13:48:51,6.28,0.02,4306,2699860,买盘
891,13:48:54,6.28,0.0,22,13816,买盘
892,13:48:57,6.28,0.0,3,1884,买盘
893,13:49:00,6.28,0.0,15,9418,买盘
894,13:49:04,6.28,0.0,18,11304,买盘
895,13:49:06,6.29,0.01,30,18870,买盘
896,13:49:09,6.29,0.0,4,2516,买盘
897,13:49:12,6.3,0.01,1062,668386,买盘
898,13:49:16,6.31,0.01,72,45432,买盘
899,13:49:18,6.33,0.02,88,55621,买盘
900,13:49:21,6.34,0.01,921,583234,买盘
901,13:49:24,6.35,0.01,385,244146,买盘
902,13:49:27,6.36,0.01,455,289116,买盘
903,13:49:30,6.37,0.01,581,369871,买盘
904,13:49:33,6.37,0.0,97,61789,买盘
905,13:49:36,6.38,0.01,351,223793,买盘
906,13:49:39,6.39,0.01,323,206087,买盘
907,13:49:42,6.4,0.01,420,268445,买盘
908,13:49:45,6.4,0.0,794,507560,买盘
909,13:49:48,6.41,0.01,385,246416,买盘
910,13:49:51,6.42,0.01,160,102675,买盘
911,13:49:54,6.43,0.01,295,189431,买盘
912,13:49:57,6.44,0.01,86,55364,买盘
913,13:50:00,6.44,0.0,276,177803,买盘
914,13:50:04,6.45,0.01,511,329422,买盘
915,13:50:06,6.45,0.0,434,280041,买盘
916,13:50:09,6.48,0.03,317,204659,买盘
917,13:50:12,6.46,-0.02,379,245168,卖盘
918,13:50:15,6.46,0.0,588,379575,买盘
919,13:50:19,6.45,-0.01,584,376956,卖盘
920,13:50:22,6.46,0.01,489,315629,买盘
921,13:50:24,6.45,-0.01,479,309007,卖盘
922,13:50:28,6.44,-0.01,384,247375,卖盘
923,13:50:30,6.45,0.01,251,161328,买盘
924,13:50:33,6.37,-0.08,539,344814,卖盘
925,13:50:36,6.41,0.04,73,46712,买盘
926,13:50:39,6.44,0.03,309,198430,买盘
927,13:50:42,6.43,-0.01,141,90590,买盘
928,13:50:45,6.44,0.01,335,215685,买盘
929,13:50:48,6.42,-0.02,83,53251,卖盘
930,13:50:52,6.42,0.0,81,52012,买盘
931,13:50:54,6.41,-0.01,156,100151,卖盘
932,13:50:58,6.42,0.01,144,92388,买盘
933,13:51:01,6.42,0.0,242,155205,买盘
934,13:51:04,6.41,-0.01,149,95573,卖盘
935,13:51:07,6.41,0.0,246,157641,买盘
936,13:51:09,6.41,0.0,61,39028,买盘
937,13:51:12,6.4,-0.01,84,53663,中性盘
938,13:51:15,6.38,-0.02,200,127886,卖盘
939,13:51:18,6.38,0.0,392,250576,卖盘
940,13:51:21,6.4,0.02,187,119616,买盘
941,13:51:24,6.4,0.0,42,26918,卖盘
942,13:51:27,6.41,0.01,182,116635,买盘
943,13:51:30,6.41,0.0,120,76868,买盘
944,13:51:34,6.42,0.01,276,177116,买盘
945,13:51:36,6.41,-0.01,238,152845,卖盘
946,13:51:39,6.43,0.02,309,198667,买盘
947,13:51:42,6.43,0.0,171,109895,买盘
948,13:51:46,6.44,0.01,191,122977,买盘
949,13:51:49,6.43,-0.01,335,215672,卖盘
950,13:51:52,6.44,0.01,237,152468,买盘
951,13:51:54,6.45,0.01,394,253961,买盘
952,13:51:57,6.44,-0.01,135,86977,中性盘
953,13:52:00,6.44,0.0,172,110787,买盘
954,13:52:04,6.45,0.01,246,158592,买盘
955,13:52:07,6.44,-0.01,753,485245,卖盘
956,13:52:09,6.44,0.0,204,131487,卖盘
957,13:52:12,6.44,0.0,557,358491,买盘
958,13:52:15,6.44,0.0,561,360754,买盘
959,13:52:18,6.43,-0.01,143,91868,中性盘
960,13:52:21,6.41,-0.02,792,508341,卖盘
961,13:52:25,6.43,0.02,100,64300,买盘
962,13:52:28,6.4,-0.03,180,115232,卖盘
963,13:52:31,6.4,0.0,365,233253,买盘
964,13:52:34,6.4,0.0,220,140740,买盘
965,13:52:36,6.38,-0.02,226,144430,卖盘
966,13:52:40,6.38,0.0,129,82302,买盘
967,13:52:42,6.41,0.03,368,235205,买盘
968,13:52:48,6.41,0.0,24,15384,卖盘
969,13:52:51,6.42,0.01,205,131499,买盘
970,13:52:54,6.4,-0.02,102,65552,卖盘
971,13:52:58,6.4,0.0,65,41678,卖盘
972,13:53:01,6.42,0.02,11,7060,买盘
973,13:53:04,6.42,0.0,79,50718,买盘
974,13:53:06,6.42,0.0,200,128400,买盘
975,13:53:09,6.42,0.0,472,303303,买盘
976,13:53:12,6.43,0.01,30,19287,买盘
977,13:53:15,6.43,0.0,79,50749,买盘
978,13:53:18,6.43,0.0,409,262750,买盘
979,13:53:22,6.43,0.0,269,172865,买盘
980,13:53:25,6.43,0.0,171,109885,买盘
981,13:53:27,6.42,-0.01,220,141389,卖盘
982,13:53:30,6.42,0.0,70,44947,卖盘
983,13:53:33,6.42,0.0,74,47509,卖盘
984,13:53:36,6.42,0.0,633,406423,卖盘
985,13:53:39,6.42,0.0,159,102225,卖盘
986,13:53:42,6.42,0.0,108,69409,卖盘
987,13:53:45,6.43,0.01,80,51370,买盘
988,13:53:48,6.42,-0.01,60,38550,卖盘
989,13:53:51,6.42,0.0,114,73188,卖盘
990,13:53:54,6.42,0.0,16,10272,买盘
991,13:53:57,6.43,0.01,206,132278,买盘
992,13:54:01,6.42,-0.01,5,3210,中性盘
993,13:54:04,6.42,0.0,101,64841,买盘
994,13:54:06,6.42,0.0,35,22450,买盘
995,13:54:10,6.42,0.0,43,27601,买盘
996,13:54:15,6.42,0.0,36,23112,买盘
997,13:54:19,6.41,-0.01,262,167947,卖盘
998,13:54:21,6.42,0.01,40,25680,买盘
999,13:54:24,6.41,-0.01,54,34628,卖盘
1000,13:54:27,6.42,0.01,3,1926,买盘
1001,13:54:31,6.42,0.0,86,55212,买盘
1002,13:54:36,6.41,-0.01,123,78900,卖盘
1003,13:54:39,6.41,0.0,234,150164,卖盘
1004,13:54:42,6.41,0.0,1,641,卖盘
1005,13:54:45,6.41,0.0,235,150807,卖盘
1006,13:54:48,6.41,0.0,139,89099,卖盘
1007,13:54:58,6.4,-0.01,20,12800,卖盘
1008,13:55:00,6.41,0.01,57,36485,买盘
1009,13:55:04,6.4,-0.01,3,1920,卖盘
1010,13:55:10,6.4,0.0,8,5123,卖盘
1011,13:55:12,6.41,0.01,32,20512,买盘
1012,13:55:18,6.41,0.0,11,7049,买盘
1013,13:55:21,6.41,0.0,65,41665,买盘
1014,13:55:30,6.41,0.0,5,3205,卖盘
1015,13:55:33,6.41,0.0,41,26281,卖盘
1016,13:55:36,6.42,0.01,14,8988,买盘
1017,13:55:42,6.42,0.0,49,31458,买盘
1018,13:55:45,6.42,0.0,6,3852,买盘
1019,13:55:49,6.42,0.0,40,25680,买盘
1020,13:55:52,6.41,-0.01,20,12820,卖盘
1021,13:55:55,6.41,0.0,482,309186,卖盘
1022,13:55:58,6.41,0.0,1,641,买盘
1023,13:56:00,6.41,0.0,94,60304,卖盘
1024,13:56:03,6.41,0.0,7,4487,买盘
1025,13:56:07,6.42,0.01,13,8338,买盘
1026,13:56:09,6.42,0.0,2,1284,买盘
1027,13:56:12,6.41,-0.01,20,12820,卖盘
1028,13:56:15,6.41,0.0,100,64100,卖盘
1029,13:56:19,6.42,0.01,62,39784,买盘
1030,13:56:21,6.41,-0.01,92,58972,卖盘
1031,13:56:24,6.42,0.01,10,6420,买盘
1032,13:56:27,6.41,-0.01,47,30142,卖盘
1033,13:56:31,6.41,0.0,10,6410,卖盘
1034,13:56:36,6.41,0.0,15,9615,卖盘
1035,13:56:39,6.41,0.0,3,1923,卖盘
1036,13:56:42,6.42,0.01,17,10899,买盘
1037,13:56:45,6.42,0.0,2,1284,买盘
1038,13:56:49,6.42,0.0,10,6420,买盘
1039,13:56:52,6.41,-0.01,15,9615,卖盘
1040,13:56:55,6.42,0.01,158,101426,买盘
1041,13:57:00,6.41,-0.01,53,33973,卖盘
1042,13:57:04,6.41,0.0,3,1923,卖盘
1043,13:57:07,6.4,-0.01,668,427749,卖盘
1044,13:57:09,6.42,0.02,65,41709,买盘
1045,13:57:12,6.42,0.0,38,24362,买盘
1046,13:57:22,6.41,-0.01,1,641,买盘
1047,13:57:24,6.4,-0.01,43,27520,卖盘
1048,13:57:27,6.41,0.01,142,90969,买盘
1049,13:57:33,6.41,0.0,10,6410,买盘
1050,13:57:49,6.4,-0.01,10,6400,卖盘
1051,13:57:52,6.41,0.01,461,295341,买盘
1052,13:57:55,6.4,-0.01,208,133319,卖盘
1053,13:58:04,6.4,0.0,44,28141,买盘
1054,13:58:10,6.4,0.0,22,14080,买盘
1055,13:58:13,6.4,0.0,10,6400,卖盘
1056,13:58:18,6.41,0.01,61,39063,买盘
1057,13:58:21,6.41,0.0,50,32050,买盘
1058,13:58:31,6.4,-0.01,23,14720,卖盘
1059,13:58:33,6.4,0.0,50,32030,卖盘
1060,13:58:37,6.4,0.0,23,14720,卖盘
1061,13:58:39,6.4,0.0,110,70400,卖盘
1062,13:58:43,6.4,0.0,52,33280,卖盘
1063,13:58:46,6.4,0.0,28,17920,卖盘
1064,13:58:48,6.4,0.0,23,14720,卖盘
1065,13:58:54,6.4,0.0,20,12800,买盘
1066,13:58:57,6.4,0.0,3,1920,买盘
1067,13:59:01,6.39,-0.01,9,5751,卖盘
1068,13:59:09,6.4,0.01,120,76800,买盘
1069,13:59:12,6.39,-0.01,123,78607,卖盘
1070,13:59:15,6.4,0.01,30,19200,买盘
1071,13:59:19,6.4,0.0,92,58880,买盘
1072,13:59:30,6.41,0.01,30,19230,买盘
1073,13:59:33,6.4,-0.01,44,28195,卖盘
1074,13:59:36,6.4,0.0,10,6400,卖盘
1075,13:59:39,6.41,0.01,100,64100,买盘
1076,13:59:43,6.41,0.0,83,53202,买盘
1077,13:59:45,6.42,0.01,180,115460,买盘
1078,13:59:55,6.42,0.0,137,87948,买盘
1079,13:59:58,6.41,-0.01,20,12820,卖盘
1080,14:00:01,6.42,0.01,67,42979,买盘
1081,14:00:09,6.42,0.0,109,69968,买盘
1082,14:00:16,6.42,0.0,70,44889,买盘
1083,14:00:19,6.41,-0.01,96,61546,卖盘
1084,14:00:30,6.4,-0.01,201,128641,卖盘
1085,14:00:33,6.4,0.0,176,112774,卖盘
1086,14:00:39,6.4,0.0,6,3840,卖盘
1087,14:00:45,6.4,0.0,22,14080,买盘
1088,14:00:55,6.4,0.0,10,6400,买盘
1089,14:01:01,6.39,-0.01,2,1278,卖盘
1090,14:01:04,6.4,0.01,239,152728,买盘
1091,14:01:07,6.39,-0.01,103,65817,卖盘
1092,14:01:10,6.39,0.0,5,3195,买盘
1093,14:01:16,6.39,0.0,10,6390,买盘
1094,14:01:19,6.39,0.0,41,26174,买盘
1095,14:01:22,6.38,-0.01,16,10209,卖盘
1096,14:01:25,6.38,0.0,19,12122,卖盘
1097,14:01:28,6.38,0.0,3,1914,卖盘
1098,14:01:30,6.38,0.0,100,63800,卖盘
1099,14:01:34,6.38,0.0,76,48488,卖盘
1100,14:01:37,6.38,0.0,20,12760,卖盘
1101,14:01:40,6.38,0.0,20,12760,卖盘
1102,14:01:43,6.37,-0.01,92,58666,卖盘
1103,14:01:49,6.37,0.0,68,43366,卖盘
1104,14:01:54,6.37,0.0,5,3185,卖盘
1105,14:02:04,6.37,0.0,28,17836,卖盘
1106,14:02:07,6.37,0.0,23,14651,卖盘
1107,14:02:22,6.37,0.0,48,30576,卖盘
1108,14:02:34,6.37,0.0,75,47775,卖盘
1109,14:02:36,6.38,0.01,27,17221,买盘
1110,14:02:58,6.37,-0.01,290,185003,卖盘
1111,14:03:01,6.37,0.0,12,7644,卖盘
1112,14:03:16,6.39,0.02,60,38340,买盘
1113,14:03:24,6.39,0.0,23,14697,卖盘
1114,14:03:30,6.37,-0.02,451,287657,卖盘
1115,14:04:01,6.39,0.02,34,21722,买盘
1116,14:04:10,6.37,-0.02,12,7654,卖盘
1117,14:04:12,6.37,0.0,200,127517,卖盘
1118,14:04:22,6.39,0.02,15,9585,买盘
1119,14:04:37,6.38,-0.01,1,638,卖盘
1120,14:04:40,6.38,0.0,14,8932,卖盘
1121,14:04:46,6.39,0.01,5,3195,买盘
1122,14:04:55,6.39,0.0,100,63900,买盘
1123,14:05:01,6.39,0.0,48,30672,买盘
1124,14:05:04,6.38,-0.01,11,7019,卖盘
1125,14:05:06,6.39,0.01,65,41535,买盘
1126,14:05:09,6.39,0.0,14,8946,买盘
1127,14:05:12,6.39,0.0,1,639,卖盘
1128,14:05:16,6.4,0.01,13,8320,买盘
1129,14:05:19,6.39,-0.01,50,31950,卖盘
1130,14:05:28,6.4,0.01,4,2560,买盘
1131,14:05:37,6.4,0.0,128,81920,买盘
1132,14:05:40,6.4,0.0,30,19200,买盘
1133,14:05:52,6.4,0.0,81,51920,卖盘
1134,14:05:55,6.41,0.01,11,7051,买盘
1135,14:06:04,6.41,0.0,33,21153,买盘
1136,14:06:09,6.41,0.0,10,6410,买盘
1137,14:06:13,6.41,0.0,12,7692,买盘
1138,14:06:22,6.41,0.0,21,13461,买盘
1139,14:06:25,6.41,0.0,50,32050,买盘
1140,14:06:28,6.41,0.0,50,32050,买盘
1141,14:06:31,6.41,0.0,10,6410,买盘
1142,14:06:39,6.41,0.0,10,6410,买盘
1143,14:06:49,6.41,0.0,10,6410,买盘
1144,14:06:57,6.4,-0.01,251,160640,卖盘
1145,14:07:04,6.41,0.01,35,22410,买盘
1146,14:07:07,6.41,0.0,249,159434,买盘
1147,14:07:22,6.41,0.0,20,12820,买盘
1148,14:07:25,6.4,-0.01,10,6400,卖盘
1149,14:07:28,6.4,0.0,45,28800,买盘
1150,14:07:31,6.4,0.0,20,12800,卖盘
1151,14:07:34,6.4,0.0,9,5760,卖盘
1152,14:07:37,6.4,0.0,5,3200,卖盘
1153,14:07:39,6.4,0.0,16,10240,卖盘
1154,14:07:43,6.4,0.0,8,5120,买盘
1155,14:07:55,6.39,-0.01,100,63900,卖盘
1156,14:08:15,6.4,0.01,30,19200,买盘
1157,14:08:18,6.4,0.0,53,33892,买盘
1158,14:08:25,6.4,0.0,16,10240,买盘
1159,14:08:27,6.4,0.0,12,7680,卖盘
1160,14:08:31,6.4,0.0,43,27520,卖盘
1161,14:08:36,6.4,0.0,1,640,卖盘
1162,14:08:40,6.41,0.01,14,8974,买盘
1163,14:08:46,6.4,-0.01,11,7040,卖盘
1164,14:08:49,6.4,0.0,6,3840,卖盘
1165,14:08:52,6.4,0.0,52,33280,卖盘
1166,14:08:55,6.4,0.0,4,2560,卖盘
1167,14:08:58,6.4,0.0,4,2560,卖盘
1168,14:09:01,6.4,0.0,68,43520,卖盘
1169,14:09:04,6.4,0.0,9,5760,买盘
1170,14:09:06,6.4,0.0,13,8320,卖盘
1171,14:09:10,6.4,0.0,4,2560,卖盘
1172,14:09:13,6.4,0.0,7,4480,卖盘
1173,14:09:16,6.4,0.0,5,3200,卖盘
1174,14:09:19,6.4,0.0,49,31401,卖盘
1175,14:09:39,6.4,0.0,30,19208,卖盘
1176,14:09:46,6.4,0.0,10,6400,卖盘
1177,14:10:00,6.4,0.0,6,3840,买盘
1178,14:10:12,6.41,0.01,10,6410,买盘
1179,14:10:22,6.4,-0.01,40,25600,卖盘
1180,14:10:25,6.4,0.0,39,24960,卖盘
1181,14:10:31,6.4,0.0,17,10880,卖盘
1182,14:10:36,6.4,0.0,100,64000,卖盘
1183,14:10:42,6.4,0.0,4,2560,卖盘
1184,14:10:48,6.4,0.0,3,1920,买盘
1185,14:10:58,6.4,0.0,5,3200,卖盘
1186,14:11:25,6.4,0.0,46,29440,卖盘
1187,14:11:43,6.4,0.0,36,23040,买盘
1188,14:11:46,6.4,0.0,21,13440,买盘
1189,14:11:55,6.4,0.0,3,1920,卖盘
1190,14:12:01,6.4,0.0,20,12800,卖盘
1191,14:12:09,6.4,0.0,5,3200,卖盘
1192,14:12:33,6.4,0.0,27,17280,卖盘
1193,14:12:37,6.4,0.0,15,9600,卖盘
1194,14:12:40,6.4,0.0,40,25600,卖盘
1195,14:12:43,6.41,0.01,213,136533,买盘
1196,14:12:49,6.4,-0.01,18,11524,卖盘
1197,14:12:54,6.41,0.01,18,11538,买盘
1198,14:13:34,6.4,-0.01,4,2560,卖盘
1199,14:13:36,6.4,0.0,50,32010,卖盘
1200,14:13:45,6.4,0.0,8,5120,卖盘
1201,14:13:48,6.4,0.0,285,182422,卖盘
1202,14:14:12,6.4,0.0,4,2560,买盘
1203,14:14:21,6.39,-0.01,2,1278,卖盘
1204,14:14:31,6.4,0.01,118,75520,买盘
1205,14:14:45,6.4,0.0,9,5760,卖盘
1206,14:14:48,6.4,0.0,12,7680,卖盘
1207,14:15:00,6.4,0.0,5,3200,卖盘
1208,14:15:12,6.4,0.0,30,19200,卖盘
1209,14:15:15,6.41,0.01,50,32050,买盘
1210,14:15:24,6.4,-0.01,3,1920,卖盘
1211,14:15:31,6.4,0.0,25,16000,卖盘
1212,14:15:39,6.4,0.0,31,19840,卖盘
1213,14:15:55,6.39,-0.01,213,136504,卖盘
1214,14:15:58,6.4,0.01,5,3200,中性盘
1215,14:16:09,6.39,-0.01,200,127883,卖盘
1216,14:16:12,6.39,0.0,36,23004,卖盘
1217,14:16:21,6.4,0.01,10,6400,卖盘
1218,14:16:27,6.4,0.0,7,4480,中性盘
1219,14:16:40,6.4,0.0,12,7680,卖盘
1220,14:16:58,6.4,0.0,28,17920,买盘
1221,14:17:01,6.4,0.0,55,35200,卖盘
1222,14:17:07,6.4,0.0,3,1920,卖盘
1223,14:17:09,6.4,0.0,10,6400,卖盘
1224,14:17:16,6.4,0.0,5,3200,卖盘
1225,14:17:19,6.4,0.0,10,6400,卖盘
1226,14:17:22,6.4,0.0,20,12800,卖盘
1227,14:17:34,6.41,0.01,51,32646,买盘
1228,14:17:42,6.4,-0.01,30,19200,卖盘
1229,14:18:00,6.4,0.0,142,90880,卖盘
1230,14:18:10,6.4,0.0,5,3200,买盘
1231,14:18:13,6.4,0.0,60,38400,买盘
1232,14:18:19,6.4,0.0,10,6400,买盘
1233,14:18:24,6.4,0.0,15,9600,买盘
1234,14:18:28,6.4,0.0,37,23680,买盘
1235,14:18:34,6.4,0.0,3,1920,卖盘
1236,14:18:43,6.4,0.0,41,26240,卖盘
1237,14:18:49,6.4,0.0,12,7680,卖盘
1238,14:19:00,6.4,0.0,9,5760,卖盘
1239,14:19:07,6.41,0.01,1,641,买盘
1240,14:19:09,6.41,0.0,45,28845,买盘
1241,14:19:19,6.41,0.0,40,25640,买盘
1242,14:19:22,6.41,0.0,100,64090,买盘
1243,14:19:33,6.41,0.0,263,168683,卖盘
1244,14:20:00,6.42,0.01,122,78324,买盘
1245,14:20:13,6.41,-0.01,19,12179,卖盘
1246,14:20:16,6.42,0.01,50,32100,买盘
1247,14:20:21,6.42,0.0,5,3210,买盘
1248,14:20:27,6.41,-0.01,50,32070,卖盘
1249,14:20:31,6.42,0.01,121,77682,买盘
1250,14:20:36,6.42,0.0,62,39804,买盘
1251,14:20:43,6.42,0.0,50,32100,买盘
1252,14:20:46,6.42,0.0,27,17334,买盘
1253,14:20:51,6.42,0.0,11,7062,买盘
1254,14:20:55,6.42,0.0,87,55854,买盘
1255,14:20:57,6.42,0.0,2,1284,买盘
1256,14:21:12,6.41,-0.01,50,32050,卖盘
1257,14:21:25,6.41,0.0,50,32050,卖盘
1258,14:21:28,6.41,0.0,4,2564,卖盘
1259,14:21:34,6.42,0.01,200,128400,买盘
1260,14:21:52,6.42,0.0,11,7052,买盘
1261,14:21:55,6.42,0.0,27,17334,买盘
1262,14:22:01,6.42,0.0,30,19260,买盘
1263,14:22:06,6.41,-0.01,10,6410,卖盘
1264,14:22:09,6.42,0.01,4,2568,买盘
1265,14:22:13,6.41,-0.01,28,17948,卖盘
1266,14:22:16,6.41,0.0,110,70582,卖盘
1267,14:22:25,6.42,0.01,136,87312,买盘
1268,14:22:31,6.42,0.0,20,12840,买盘
1269,14:22:37,6.42,0.0,104,66744,买盘
1270,14:22:49,6.42,0.0,20,12840,卖盘
1271,14:22:54,6.42,0.0,36,23112,卖盘
1272,14:23:07,6.41,-0.01,79,50689,卖盘
1273,14:23:13,6.42,0.01,83,53286,买盘
1274,14:23:15,6.43,0.01,34,21845,买盘
1275,14:23:22,6.42,-0.01,30,19260,卖盘
1276,14:23:25,6.42,0.0,5,3210,卖盘
1277,14:23:39,6.42,0.0,9,5778,卖盘
1278,14:23:46,6.42,0.0,20,12840,卖盘
1279,14:23:52,6.42,0.0,24,15408,卖盘
1280,14:24:01,6.42,0.0,20,12840,卖盘
1281,14:24:06,6.43,0.01,80,51440,买盘
1282,14:24:09,6.43,0.0,8,5144,买盘
1283,14:24:13,6.42,-0.01,34,21829,卖盘
1284,14:24:16,6.42,0.0,4,2568,卖盘
1285,14:24:19,6.42,0.0,221,141882,卖盘
1286,14:24:21,6.42,0.0,51,32742,买盘
1287,14:24:31,6.42,0.0,20,12840,买盘
1288,14:24:43,6.42,0.0,108,69371,买盘
1289,14:24:46,6.42,0.0,1,642,买盘
1290,14:24:54,6.42,0.0,15,9630,买盘
1291,14:24:58,6.41,-0.01,4,2564,卖盘
1292,14:25:04,6.42,0.01,2,1284,买盘
1293,14:25:19,6.41,-0.01,60,38460,卖盘
1294,14:25:24,6.41,0.0,10,6410,卖盘
1295,14:25:33,6.42,0.01,50,32100,买盘
1296,14:25:49,6.41,-0.01,2,1282,卖盘
1297,14:26:10,6.41,0.0,30,19230,卖盘
1298,14:26:22,6.41,0.0,193,123713,卖盘
1299,14:26:28,6.41,0.0,20,12820,卖盘
1300,14:26:31,6.41,0.0,143,91663,卖盘
1301,14:26:40,6.41,0.0,8,5128,卖盘
1302,14:26:51,6.42,0.01,1,642,买盘
1303,14:26:55,6.41,-0.01,2,1282,卖盘
1304,14:26:58,6.41,0.0,30,19230,卖盘
1305,14:27:10,6.41,0.0,67,42947,卖盘
1306,14:27:22,6.41,0.0,58,37183,卖盘
1307,14:27:28,6.41,0.0,7,4487,买盘
1308,14:27:45,6.41,0.0,3,1923,卖盘
1309,14:28:01,6.41,0.0,10,6410,买盘
1310,14:28:07,6.41,0.0,45,28845,买盘
1311,14:28:22,6.41,0.0,6,3846,买盘
1312,14:28:46,6.4,-0.01,10,6400,卖盘
1313,14:29:04,6.41,0.01,10,6410,买盘
1314,14:29:07,6.41,0.0,24,15384,买盘
1315,14:29:34,6.41,0.0,50,32050,买盘
1316,14:29:37,6.4,-0.01,264,168960,卖盘
1317,14:29:58,6.39,-0.01,9,5751,卖盘
1318,14:30:07,6.4,0.01,5,3200,买盘
1319,14:30:13,6.4,0.0,10,6400,买盘
1320,14:30:22,6.4,0.0,5,3200,买盘
1321,14:30:28,6.4,0.0,13,8320,买盘
1322,14:30:31,6.4,0.0,10,6400,买盘
1323,14:30:37,6.4,0.0,4,2560,买盘
1324,14:31:07,6.4,0.0,1,640,买盘
1325,14:31:22,6.39,-0.01,20,12790,卖盘
1326,14:31:43,6.39,0.0,13,8307,卖盘
1327,14:31:46,6.4,0.01,41,26240,买盘
1328,14:31:55,6.4,0.0,100,64000,买盘
1329,14:32:04,6.39,-0.01,39,24921,卖盘
1330,14:32:28,6.4,0.01,8,5120,买盘
1331,14:32:34,6.39,-0.01,24,15336,卖盘
1332,14:32:49,6.39,0.0,1,639,卖盘
1333,14:32:58,6.39,0.0,20,12780,卖盘
1334,14:33:09,6.39,0.0,84,53677,卖盘
1335,14:33:12,6.39,0.0,9,5751,卖盘
1336,14:33:58,6.4,0.01,100,64000,买盘
1337,14:34:18,6.4,0.0,163,104320,买盘
1338,14:34:27,6.41,0.01,3,1923,买盘
1339,14:34:34,6.4,-0.01,27,17280,卖盘
1340,14:34:43,6.4,0.0,24,15360,买盘
1341,14:34:49,6.4,0.0,6,3840,中性盘
1342,14:34:54,6.4,0.0,94,60160,买盘
1343,14:34:58,6.4,0.0,22,14094,卖盘
1344,14:35:06,6.4,0.0,11,7040,卖盘
1345,14:35:10,6.4,0.0,1,640,卖盘
1346,14:35:12,6.4,0.0,10,6400,卖盘
1347,14:35:24,6.4,0.0,11,7040,卖盘
1348,14:35:28,6.4,0.0,9,5760,卖盘
1349,14:35:31,6.4,0.0,8,5120,卖盘
1350,14:35:37,6.4,0.0,84,53760,卖盘
1351,14:35:49,6.4,0.0,20,12800,买盘
1352,14:35:52,6.39,-0.01,15,9585,卖盘
1353,14:35:58,6.39,0.0,36,23004,卖盘
1354,14:36:01,6.39,0.0,136,87004,卖盘
1355,14:36:04,6.39,0.0,100,63900,卖盘
1356,14:36:07,6.39,0.0,3,1917,卖盘
1357,14:36:09,6.39,0.0,19,12141,卖盘
1358,14:36:12,6.4,0.01,55,35169,买盘
1359,14:36:16,6.39,-0.01,10,6390,卖盘
1360,14:36:22,6.39,0.0,2,1278,卖盘
1361,14:36:25,6.39,0.0,47,30033,卖盘
1362,14:36:27,6.39,0.0,107,68373,卖盘
1363,14:37:12,6.38,-0.01,20,12760,卖盘
1364,14:37:19,6.38,0.0,600,382800,卖盘
1365,14:37:21,6.38,0.0,7,4466,卖盘
1366,14:37:28,6.38,0.0,2,1276,卖盘
1367,14:37:31,6.39,0.01,7,4473,买盘
1368,14:37:37,6.38,-0.01,22,14036,卖盘
1369,14:37:52,6.39,0.01,135,86265,买盘
1370,14:38:10,6.38,-0.01,46,29348,卖盘
1371,14:38:13,6.38,0.0,23,14664,买盘
1372,14:38:31,6.38,0.0,140,89320,卖盘
1373,14:39:07,6.38,0.0,10,6380,卖盘
1374,14:39:09,6.38,0.0,2,1276,卖盘
1375,14:39:22,6.38,0.0,30,19140,卖盘
1376,14:39:49,6.39,0.01,5,3195,买盘
1377,14:39:55,6.38,-0.01,10,6380,卖盘
1378,14:40:07,6.38,0.0,13,8294,卖盘
1379,14:40:28,6.38,0.0,18,11484,卖盘
1380,14:40:40,6.39,0.01,50,31950,买盘
1381,14:40:42,6.39,0.0,7,4473,买盘
1382,14:40:45,6.39,0.0,4,2556,买盘
1383,14:40:49,6.39,0.0,7,4473,卖盘
1384,14:40:52,6.39,0.0,1,639,卖盘
1385,14:41:36,6.39,0.0,27,17253,卖盘
1386,14:41:51,6.39,0.0,143,91377,卖盘
1387,14:42:22,6.39,0.0,30,19170,卖盘
1388,14:42:25,6.39,0.0,10,6390,卖盘
1389,14:42:31,6.39,0.0,1,639,卖盘
1390,14:42:34,6.39,0.0,1,639,卖盘
1391,14:42:52,6.39,0.0,15,9585,卖盘
1392,14:43:04,6.39,0.0,51,32589,卖盘
1393,14:43:13,6.39,0.0,3,1917,卖盘
1394,14:43:31,6.4,0.01,40,25600,买盘
1395,14:43:36,6.4,0.0,50,32000,买盘
1396,14:43:40,6.4,0.0,65,41600,买盘
1397,14:43:49,6.39,-0.01,74,47286,卖盘
1398,14:43:55,6.4,0.01,26,16640,买盘
1399,14:44:07,6.39,-0.01,80,51120,卖盘
1400,14:44:10,6.4,0.01,10,6400,买盘
1401,14:44:16,6.39,-0.01,16,10224,卖盘
1402,14:45:04,6.39,0.0,400,255600,卖盘
1403,14:45:10,6.39,0.0,1,639,卖盘
1404,14:45:12,6.39,0.0,3,1917,卖盘
1405,14:45:18,6.39,0.0,17,10863,卖盘
1406,14:45:28,6.38,-0.01,25,15950,卖盘
1407,14:45:34,6.38,0.0,85,54230,卖盘
1408,14:45:40,6.38,0.0,35,22330,卖盘
1409,14:45:43,6.38,0.0,5,3190,买盘
1410,14:45:46,6.38,0.0,2,1276,买盘
1411,14:45:57,6.37,-0.01,13,8281,卖盘
1412,14:46:04,6.38,0.01,40,25520,买盘
1413,14:46:10,6.38,0.0,40,25520,买盘
1414,14:46:13,6.38,0.0,39,24882,买盘
1415,14:46:18,6.37,-0.01,11,7007,卖盘
1416,14:46:22,6.38,0.01,22,14036,买盘
1417,14:46:25,6.38,0.0,30,19140,买盘
1418,14:46:34,6.37,-0.01,3,1911,卖盘
1419,14:46:40,6.38,0.01,80,51040,买盘
1420,14:46:42,6.37,-0.01,1,637,卖盘
1421,14:46:49,6.38,0.01,3,1914,买盘
1422,14:46:55,6.38,0.0,2,1276,买盘
1423,14:47:01,6.38,0.0,2,1276,卖盘
1424,14:47:04,6.38,0.0,18,11484,卖盘
1425,14:47:13,6.38,0.0,20,12760,卖盘
1426,14:47:19,6.38,0.0,42,26796,卖盘
1427,14:47:40,6.38,0.0,5,3190,卖盘
1428,14:47:43,6.39,0.01,20,12780,买盘
1429,14:47:46,6.38,-0.01,16,10208,卖盘
1430,14:47:49,6.38,0.0,2,1276,卖盘
1431,14:47:51,6.38,0.0,1,568,卖盘
1432,14:47:55,6.38,0.0,55,35090,卖盘
1433,14:48:00,6.39,0.01,10,6390,买盘
1434,14:48:04,6.38,-0.01,3,1914,卖盘
1435,14:48:16,6.39,0.01,33,21084,买盘
1436,14:48:19,6.38,-0.01,1,638,卖盘
1437,14:48:52,6.38,0.0,23,14674,卖盘
1438,14:48:55,6.38,0.0,7,4466,卖盘
1439,14:49:10,6.39,0.01,26,16614,买盘
1440,14:49:13,6.38,-0.01,18,11484,卖盘
1441,14:49:16,6.38,0.0,2,1276,卖盘
1442,14:49:22,6.38,0.0,1,638,卖盘
1443,14:49:28,6.39,0.01,10,6390,买盘
1444,14:49:33,6.39,0.0,90,57510,买盘
1445,14:49:43,6.39,0.0,37,23643,买盘
1446,14:49:45,6.39,0.0,5,3195,买盘
1447,14:50:01,6.39,0.0,5,3195,买盘
1448,14:50:10,6.39,0.0,31,19809,买盘
1449,14:50:16,6.38,-0.01,1,638,卖盘
1450,14:50:21,6.38,0.0,3,1914,卖盘
1451,14:50:25,6.38,0.0,70,44660,卖盘
1452,14:50:31,6.38,0.0,4,2552,卖盘
1453,14:50:34,6.38,0.0,324,206712,卖盘
1454,14:50:40,6.38,0.0,20,12760,卖盘
1455,14:50:43,6.38,0.0,11,7018,卖盘
1456,14:50:46,6.38,0.0,353,225214,卖盘
1457,14:50:52,6.38,0.0,6,3828,卖盘
1458,14:50:57,6.38,0.0,2,1276,卖盘
1459,14:51:00,6.38,0.0,8,5174,卖盘
1460,14:51:13,6.38,0.0,67,42746,买盘
1461,14:51:19,6.38,0.0,32,20414,买盘
1462,14:51:27,6.38,0.0,71,45298,买盘
1463,14:51:31,6.38,0.0,48,30619,买盘
1464,14:51:40,6.38,0.0,21,13398,买盘
1465,14:51:43,6.38,0.0,52,33176,买盘
1466,14:51:46,6.38,0.0,64,40762,买盘
1467,14:51:49,6.38,0.0,49,31332,卖盘
1468,14:52:04,6.38,0.0,58,36934,买盘
1469,14:52:07,6.37,-0.01,47,29964,卖盘
1470,14:52:16,6.38,0.01,49,31262,买盘
1471,14:52:21,6.37,-0.01,28,17856,卖盘
1472,14:52:25,6.38,0.01,42,26794,买盘
1473,14:52:28,6.37,-0.01,549,349820,卖盘
1474,14:52:34,6.37,0.0,2,1274,卖盘
1475,14:52:37,6.38,0.01,138,87909,买盘
1476,14:52:40,6.38,0.0,80,51040,卖盘
1477,14:52:43,6.38,0.0,21,13393,买盘
1478,14:52:45,6.38,0.0,4,2549,买盘
1479,14:52:48,6.38,0.0,23,14674,买盘
1480,14:52:55,6.38,0.0,5,3190,买盘
1481,14:53:01,6.38,0.0,113,72094,买盘
1482,14:53:07,6.37,-0.01,45,28665,卖盘
1483,14:53:15,6.37,0.0,3,1911,卖盘
1484,14:53:31,6.37,0.0,9,5733,卖盘
1485,14:53:34,6.37,0.0,1,637,卖盘
1486,14:53:40,6.38,0.01,50,31880,买盘
1487,14:53:42,6.37,-0.01,22,14014,卖盘
1488,14:53:49,6.37,0.0,18,11466,卖盘
1489,14:53:51,6.38,0.01,13,8291,买盘
1490,14:54:04,6.37,-0.01,2,1274,卖盘
1491,14:54:25,6.38,0.01,101,64438,买盘
1492,14:54:28,6.38,0.0,237,151206,买盘
1493,14:54:34,6.38,0.0,100,63800,买盘
1494,14:54:37,6.38,0.0,110,70180,买盘
1495,14:54:40,6.38,0.0,6,3828,买盘
1496,14:54:43,6.38,0.0,12,7656,买盘
1497,14:54:45,6.38,0.0,31,19778,买盘
1498,14:54:49,6.38,0.0,7,4466,买盘
1499,14:54:52,6.38,0.0,1,638,买盘
1500,14:54:58,6.38,0.0,37,23606,买盘
1501,14:55:01,6.38,0.0,36,22968,买盘
1502,14:55:04,6.38,0.0,75,47850,买盘
1503,14:55:07,6.38,0.0,51,32538,买盘
1504,14:55:10,6.37,-0.01,45,28665,卖盘
1505,14:55:16,6.38,0.01,10,6380,买盘
1506,14:55:34,6.38,0.0,326,207667,买盘
1507,14:55:36,6.37,-0.01,90,57330,卖盘
1508,14:55:40,6.37,0.0,512,326341,卖盘
1509,14:55:43,6.37,0.0,2,1204,买盘
1510,14:55:46,6.37,0.0,20,12740,卖盘
1511,14:55:55,6.37,0.0,50,31850,卖盘
1512,14:55:58,6.37,0.0,63,40131,卖盘
1513,14:56:01,6.38,0.01,48,30616,买盘
1514,14:56:04,6.37,-0.01,50,31850,卖盘
1515,14:56:07,6.38,0.01,41,26158,买盘
1516,14:56:10,6.37,-0.01,11,7007,卖盘
1517,14:56:13,6.38,0.01,17,10843,买盘
1518,14:56:16,6.37,-0.01,20,12740,卖盘
1519,14:56:40,6.37,0.0,147,93639,卖盘
1520,14:56:43,6.37,0.0,30,19110,卖盘
1521,14:56:49,6.38,0.01,8,5104,买盘
1522,14:56:55,6.37,-0.01,38,24239,卖盘
1523,14:56:58,6.38,0.01,50,31900,买盘
1524,14:57:00,6.37,-0.01,42,26754,卖盘
1525,15:00:05,6.38,0.01,1373,875974,卖盘
