,time,price,change,volume,amount,type
0,09:25:04,6.22,0.06,102,63444,卖盘
1,09:30:04,6.23,0.01,206,128249,买盘
2,09:30:06,6.23,0.0,22,13706,卖盘
3,09:30:10,6.24,0.01,77,48039,买盘
4,09:30:13,6.23,-0.01,15,9345,卖盘
5,09:30:15,6.23,0.0,475,296045,卖盘
6,09:30:22,6.23,0.0,201,125223,买盘
7,09:30:25,6.22,-0.01,74,46052,卖盘
8,09:30:31,6.24,0.02,73,45434,买盘
9,09:30:33,6.23,-0.01,4,2492,卖盘
10,09:30:36,6.23,0.0,16,9968,卖盘
11,09:30:40,6.22,-0.01,1,622,卖盘
12,09:30:43,6.22,0.0,21,13073,卖盘
13,09:30:45,6.22,0.0,17,10590,卖盘
14,09:30:48,6.22,0.0,3,1868,卖盘
15,09:30:52,6.22,0.0,27,16794,卖盘
16,09:30:55,6.22,0.0,10,6220,买盘
17,09:30:58,6.22,0.0,12,7464,买盘
18,09:31:01,6.22,0.0,12,7464,买盘
19,09:31:10,6.22,0.0,30,18660,买盘
20,09:31:12,6.22,0.0,70,43540,买盘
21,09:31:22,6.19,-0.03,88,54534,卖盘
22,09:31:25,6.22,0.03,14,8702,买盘
23,09:31:43,6.21,-0.01,24,14904,买盘
24,09:32:04,6.2,-0.01,38,23576,卖盘
25,09:32:30,6.21,0.01,5,3105,卖盘
26,09:32:33,6.21,0.0,106,65826,买盘
27,09:32:40,6.21,0.0,5,3105,卖盘
28,09:32:48,6.22,0.01,24,14928,买盘
29,09:32:52,6.22,0.0,74,46020,买盘
30,09:32:54,6.22,0.0,21,13062,买盘
31,09:32:57,6.22,0.0,23,14306,卖盘
32,09:33:04,6.23,0.01,79,49217,买盘
33,09:33:16,6.23,0.0,48,29904,买盘
34,09:33:25,6.23,0.0,10,6230,买盘
35,09:33:27,6.23,0.0,10,6230,买盘
36,09:33:30,6.22,-0.01,40,24899,卖盘
37,09:33:36,6.22,0.0,32,19904,买盘
38,09:33:43,6.22,0.0,11,6842,买盘
39,09:33:46,6.21,-0.01,168,104484,卖盘
40,09:33:52,6.22,0.01,4,2488,卖盘
41,09:34:04,6.22,0.0,50,31118,卖盘
42,09:34:06,6.22,0.0,1,622,买盘
43,09:34:10,6.22,0.0,2,1244,买盘
44,09:34:12,6.21,-0.01,17,10557,卖盘
45,09:34:19,6.22,0.01,14,8698,买盘
46,09:34:25,6.21,-0.01,300,186300,卖盘
47,09:34:28,6.21,0.0,45,27945,卖盘
48,09:34:31,6.21,0.0,32,19872,卖盘
49,09:34:34,6.22,0.01,39,24233,买盘
50,09:34:43,6.21,-0.01,7,4347,买盘
51,09:34:49,6.21,0.0,3,1863,买盘
52,09:35:04,6.2,-0.01,729,451980,卖盘
53,09:35:13,6.19,-0.01,1,619,卖盘
54,09:35:15,6.19,0.0,1,619,卖盘
55,09:35:31,6.19,0.0,30,18570,买盘
56,09:35:34,6.19,0.0,5,3095,卖盘
57,09:35:40,6.19,0.0,3,1857,卖盘
58,09:35:42,6.19,0.0,11,6809,买盘
59,09:35:46,6.19,0.0,8,4952,买盘
60,09:35:55,6.19,0.0,26,16094,卖盘
61,09:35:58,6.19,0.0,27,16713,买盘
62,09:36:01,6.19,0.0,26,16094,买盘
63,09:36:04,6.2,0.01,62,38440,买盘
64,09:36:10,6.21,0.01,2,1242,买盘
65,09:36:12,6.2,-0.01,15,9307,卖盘
66,09:36:16,6.2,0.0,8,4960,卖盘
67,09:36:28,6.21,0.01,151,93771,买盘
68,09:36:34,6.22,0.01,11,6838,买盘
69,09:36:39,6.21,-0.01,10,6210,中性盘
70,09:36:46,6.21,0.0,58,36018,买盘
71,09:36:49,6.21,0.0,4,2484,卖盘
72,09:36:52,6.21,0.0,4,2484,买盘
73,09:36:55,6.21,0.0,3,1863,买盘
74,09:37:06,6.21,0.0,26,16146,买盘
75,09:37:37,6.21,0.0,10,6210,卖盘
76,09:38:01,6.22,0.01,30,18660,买盘
77,09:38:07,6.22,0.0,3,1866,买盘
78,09:38:09,6.22,0.0,115,71530,买盘
79,09:38:13,6.23,0.01,2,1246,买盘
80,09:38:15,6.23,0.0,12,7476,买盘
81,09:38:19,6.23,0.0,51,31773,买盘
82,09:38:22,6.23,0.0,15,9333,买盘
83,09:38:28,6.23,0.0,15,9345,买盘
84,09:38:31,6.23,0.0,95,59185,买盘
85,09:38:34,6.22,-0.01,47,29234,卖盘
86,09:38:37,6.23,0.01,132,82236,买盘
87,09:38:40,6.24,0.01,306,190938,买盘
88,09:38:49,6.24,0.0,15,9360,买盘
89,09:38:54,6.24,0.0,10,6240,卖盘
90,09:39:00,6.25,0.01,76,47500,买盘
91,09:39:04,6.24,-0.01,3,1872,卖盘
92,09:39:13,6.25,0.01,1,625,买盘
93,09:39:16,6.24,-0.01,27,16850,卖盘
94,09:39:22,6.24,0.0,14,8740,卖盘
95,09:39:25,6.24,0.0,117,73017,卖盘
96,09:39:28,6.24,0.0,81,50544,买盘
97,09:39:31,6.24,0.0,63,39312,买盘
98,09:39:46,6.24,0.0,10,6240,买盘
99,09:39:49,6.24,0.0,44,27456,买盘
100,09:39:52,6.24,0.0,31,19344,卖盘
101,09:39:55,6.24,0.0,3,1872,买盘
102,09:40:04,6.23,-0.01,20,12470,卖盘
103,09:40:07,6.23,0.0,108,67284,卖盘
104,09:40:10,6.24,0.01,2,1248,买盘
105,09:40:13,6.24,0.0,3,1872,买盘
106,09:40:16,6.23,-0.01,55,34265,卖盘
107,09:40:27,6.23,0.0,10,6230,买盘
108,09:40:31,6.23,0.0,1,623,买盘
109,09:40:33,6.21,-0.02,200,124329,卖盘
110,09:40:37,6.23,0.02,10,6230,买盘
111,09:40:40,6.23,0.0,1,623,买盘
112,09:40:58,6.23,0.0,185,115255,买盘
113,09:41:19,6.24,0.01,20,12480,买盘
114,09:41:21,6.23,-0.01,5,3115,卖盘
115,09:41:43,6.24,0.01,8,4992,买盘
116,09:41:46,6.24,0.0,9,5616,买盘
117,09:41:54,6.23,-0.01,20,12460,卖盘
118,09:42:01,6.23,0.0,173,107779,卖盘
119,09:42:04,6.23,0.0,30,18690,买盘
120,09:42:10,6.23,0.0,10,6230,买盘
121,09:42:22,6.24,0.01,193,120432,买盘
122,09:42:28,6.24,0.0,19,11856,卖盘
123,09:42:31,6.24,0.0,44,27456,卖盘
124,09:42:39,6.24,0.0,25,15600,卖盘
125,09:42:46,6.24,0.0,56,34991,中性盘
126,09:42:55,6.25,0.01,64,39937,买盘
127,09:43:04,6.25,0.0,26,16250,买盘
128,09:43:07,6.24,-0.01,50,31215,卖盘
129,09:43:16,6.24,0.0,59,36816,买盘
130,09:43:19,6.24,0.0,21,13104,买盘
131,09:43:24,6.24,0.0,35,21840,卖盘
132,09:43:28,6.25,0.01,3,1875,买盘
133,09:43:33,6.25,0.0,59,36875,买盘
134,09:43:37,6.25,0.0,33,20625,买盘
135,09:43:40,6.25,0.0,134,83700,买盘
136,09:43:43,6.25,0.0,75,46875,卖盘
137,09:43:52,6.25,0.0,5,3125,买盘
138,09:44:00,6.24,-0.01,3,1872,卖盘
139,09:44:04,6.25,0.01,50,31250,买盘
140,09:44:06,6.23,-0.02,88,54961,卖盘
141,09:44:16,6.25,0.02,300,187436,买盘
142,09:44:22,6.23,-0.02,50,31150,卖盘
143,09:44:30,6.24,0.01,14,8736,买盘
144,09:44:37,6.24,0.0,3,1872,买盘
145,09:44:40,6.25,0.01,75,46857,买盘
146,09:44:46,6.24,-0.01,5,3120,中性盘
147,09:45:04,6.24,0.0,10,6240,卖盘
148,09:45:06,6.25,0.01,5,3125,买盘
149,09:45:13,6.24,-0.01,30,18720,卖盘
150,09:45:18,6.25,0.01,123,76845,买盘
151,09:45:31,6.25,0.0,18,11250,买盘
152,09:45:33,6.23,-0.02,8,4988,卖盘
153,09:45:40,6.25,0.02,9,5625,买盘
154,09:45:46,6.25,0.0,98,61234,买盘
155,09:45:55,6.23,-0.02,4,2492,卖盘
156,09:46:04,6.24,0.01,1,624,买盘
157,09:46:13,6.24,0.0,10,6240,买盘
158,09:46:19,6.23,-0.01,13,8099,卖盘
159,09:46:22,6.24,0.01,106,66144,买盘
160,09:46:28,6.24,0.0,94,58586,买盘
161,09:46:40,6.23,-0.01,10,6230,卖盘
162,09:46:46,6.24,0.01,3,1872,买盘
163,09:46:52,6.23,-0.01,200,124600,卖盘
164,09:47:00,6.23,0.0,34,21182,卖盘
165,09:47:10,6.23,0.0,151,94073,卖盘
166,09:47:13,6.23,0.0,1,623,卖盘
167,09:47:15,6.24,0.01,28,17472,买盘
168,09:47:18,6.24,0.0,2,1248,买盘
169,09:47:25,6.24,0.0,40,24960,买盘
170,09:47:27,6.24,0.0,25,15600,买盘
171,09:47:49,6.24,0.0,2,1248,卖盘
172,09:47:57,6.25,0.01,26,16250,买盘
173,09:48:01,6.25,0.0,8,5000,买盘
174,09:48:07,6.24,-0.01,11,6864,卖盘
175,09:48:28,6.25,0.01,40,25000,买盘
176,09:48:36,6.25,0.0,12,7490,买盘
177,09:48:49,6.25,0.0,20,12500,买盘
178,09:48:52,6.24,-0.01,10,6240,卖盘
179,09:49:01,6.24,0.0,18,11232,卖盘
180,09:49:07,6.24,0.0,24,14976,卖盘
181,09:49:27,6.24,0.0,18,11232,卖盘
182,09:49:34,6.24,0.0,208,129792,卖盘
183,09:49:37,6.23,-0.01,8,4984,卖盘
184,09:49:39,6.23,0.0,2,1246,卖盘
185,09:49:43,6.23,0.0,30,18690,卖盘
186,09:49:46,6.23,0.0,351,218673,卖盘
187,09:49:49,6.23,0.0,32,19936,卖盘
188,09:49:55,6.22,-0.01,12,7464,卖盘
189,09:50:01,6.22,0.0,84,52252,卖盘
190,09:50:04,6.23,0.01,9,5607,买盘
191,09:50:12,6.23,0.0,4,2492,买盘
192,09:50:19,6.23,0.0,8,4984,买盘
193,09:50:22,6.22,-0.01,16,9966,卖盘
194,09:50:27,6.22,0.0,24,14928,卖盘
195,09:50:34,6.23,0.01,9,5607,买盘
196,09:50:37,6.22,-0.01,35,21770,卖盘
197,09:50:51,6.23,0.01,20,12460,买盘
198,09:51:00,6.23,0.0,100,62300,买盘
199,09:51:07,6.23,0.0,76,47965,买盘
200,09:51:10,6.23,0.0,18,11214,卖盘
201,09:51:12,6.22,-0.01,474,294410,卖盘
202,09:51:22,6.22,0.0,70,43540,买盘
203,09:51:25,6.21,-0.01,21,13041,卖盘
204,09:51:31,6.21,0.0,45,27965,卖盘
205,09:51:34,6.22,0.01,20,12440,买盘
206,09:51:37,6.22,0.0,55,34826,买盘
207,09:51:49,6.23,0.01,44,27412,买盘
208,09:51:58,6.23,0.0,10,6230,卖盘
209,09:52:04,6.24,0.01,284,177027,买盘
210,09:52:06,6.24,0.0,3,1872,买盘
211,09:52:19,6.23,-0.01,10,6230,卖盘
212,09:52:28,6.23,0.0,10,6230,卖盘
213,09:52:31,6.23,0.0,11,6853,卖盘
214,09:53:04,6.23,0.0,7,4361,买盘
215,09:53:13,6.23,0.0,203,126461,买盘
216,09:53:16,6.23,0.0,40,24920,卖盘
217,09:53:22,6.24,0.01,11,6864,买盘
218,09:53:25,6.24,0.0,1,624,买盘
219,09:53:27,6.23,-0.01,10,6230,卖盘
220,09:54:01,6.23,0.0,35,21805,卖盘
221,09:54:13,6.23,0.0,12,7476,卖盘
222,09:54:16,6.24,0.01,10,6240,买盘
223,09:54:19,6.23,-0.01,92,57364,卖盘
224,09:54:40,6.24,0.01,2,1248,买盘
225,09:55:06,6.23,-0.01,95,59185,卖盘
226,09:55:15,6.23,0.0,106,66038,买盘
227,09:55:22,6.23,0.0,37,23051,买盘
228,09:55:34,6.23,0.0,19,11837,卖盘
229,09:55:42,6.23,0.0,4,2492,卖盘
230,09:55:55,6.23,0.0,22,13706,卖盘
231,09:56:21,6.23,0.0,253,157619,卖盘
232,09:56:42,6.23,0.0,23,14331,卖盘
233,09:56:49,6.23,0.0,65,40495,卖盘
234,09:57:10,6.23,0.0,11,6853,买盘
235,09:57:19,6.23,0.0,3,1869,买盘
236,09:57:31,6.22,-0.01,4,2488,卖盘
237,09:57:55,6.22,0.0,225,139950,卖盘
238,09:58:36,6.22,0.0,18,11196,卖盘
239,09:58:52,6.22,0.0,25,15550,卖盘
240,09:58:58,6.23,0.01,8,4984,买盘
241,09:59:04,6.22,-0.01,11,6842,卖盘
242,09:59:25,6.22,0.0,69,42918,卖盘
243,09:59:43,6.22,0.0,18,11196,卖盘
244,09:59:55,6.22,0.0,2,1244,卖盘
245,10:00:01,6.23,0.01,60,37380,买盘
246,10:00:18,6.22,-0.01,2,1244,卖盘
247,10:00:25,6.23,0.01,10,6230,买盘
248,10:00:31,6.23,0.0,17,10591,买盘
249,10:00:34,6.23,0.0,310,193130,买盘
250,10:01:07,6.24,0.01,4,2496,买盘
251,10:01:09,6.24,0.0,11,6864,买盘
252,10:01:15,6.24,0.0,5,3120,买盘
253,10:01:19,6.24,0.0,264,164736,买盘
254,10:01:22,6.24,0.0,280,174720,买盘
255,10:01:25,6.24,0.0,201,125424,买盘
256,10:01:28,6.24,0.0,1263,788112,买盘
257,10:01:31,6.25,0.01,149,93125,买盘
258,10:01:34,6.25,0.0,4,2500,买盘
259,10:01:46,6.25,0.0,10,6250,买盘
260,10:01:49,6.25,0.0,12,7500,买盘
261,10:01:52,6.25,0.0,200,125000,买盘
262,10:01:54,6.25,0.0,60,37500,卖盘
263,10:02:04,6.25,0.0,60,37500,买盘
264,10:02:07,6.24,-0.01,71,44353,卖盘
265,10:02:13,6.25,0.01,243,151875,买盘
266,10:02:19,6.25,0.0,37,23125,买盘
267,10:02:22,6.25,0.0,4,2500,卖盘
268,10:02:24,6.26,0.01,400,250400,买盘
269,10:02:37,6.26,0.0,41,25666,买盘
270,10:02:39,6.26,0.0,19,11894,买盘
271,10:02:42,6.26,0.0,14,8764,买盘
272,10:02:45,6.26,0.0,12,7512,买盘
273,10:02:52,6.25,-0.01,2,1250,卖盘
274,10:03:01,6.25,0.0,40,25000,卖盘
275,10:03:19,6.25,0.0,34,21250,卖盘
276,10:03:22,6.25,0.0,63,39375,卖盘
277,10:03:31,6.24,-0.01,76,47534,卖盘
278,10:03:37,6.26,0.02,52,32552,买盘
279,10:03:40,6.26,0.0,1,626,买盘
280,10:03:48,6.26,0.0,62,38812,买盘
281,10:03:55,6.25,-0.01,20,12500,卖盘
282,10:03:58,6.25,0.0,27,16899,卖盘
283,10:04:04,6.25,0.0,19,11875,卖盘
284,10:04:10,6.25,0.0,7,4375,买盘
285,10:04:13,6.25,0.0,143,89375,买盘
286,10:04:16,6.25,0.0,28,17500,买盘
287,10:04:18,6.25,0.0,1,625,买盘
288,10:04:25,6.25,0.0,123,76875,买盘
289,10:04:39,6.26,0.01,243,152118,买盘
290,10:04:52,6.26,0.0,10,6260,买盘
291,10:04:55,6.26,0.0,22,13772,买盘
292,10:04:57,6.26,0.0,5,3130,买盘
293,10:05:04,6.26,0.0,61,38186,买盘
294,10:05:06,6.25,-0.01,10,6250,卖盘
295,10:05:16,6.25,0.0,6,3750,卖盘
296,10:05:25,6.26,0.01,35,21910,买盘
297,10:06:04,6.26,0.0,21,13126,买盘
298,10:06:06,6.26,0.0,20,12520,买盘
299,10:06:09,6.26,0.0,50,31300,买盘
300,10:06:36,6.25,-0.01,230,143750,卖盘
301,10:06:42,6.25,0.0,13,8125,卖盘
302,10:06:52,6.25,0.0,20,12500,卖盘
303,10:06:55,6.25,0.0,50,31260,卖盘
304,10:07:01,6.25,0.0,33,20625,卖盘
305,10:07:04,6.26,0.01,15,9390,买盘
306,10:07:06,6.25,-0.01,76,47500,卖盘
307,10:07:10,6.25,0.0,102,63750,卖盘
308,10:07:18,6.25,0.0,1,625,买盘
309,10:07:25,6.25,0.0,5,3125,买盘
310,10:07:28,6.24,-0.01,3,1872,卖盘
311,10:07:55,6.24,0.0,6,3744,卖盘
312,10:08:04,6.24,0.0,14,8736,卖盘
313,10:08:06,6.25,0.01,5,3125,买盘
314,10:08:09,6.24,-0.01,10,6240,卖盘
315,10:08:22,6.24,0.0,100,62400,卖盘
316,10:08:27,6.24,0.0,9,5616,卖盘
317,10:08:55,6.24,0.0,10,6240,卖盘
318,10:08:58,6.24,0.0,10,6240,卖盘
319,10:09:01,6.24,0.0,101,63024,卖盘
320,10:09:06,6.24,0.0,1,624,买盘
321,10:09:19,6.24,0.0,5,3120,卖盘
322,10:09:34,6.24,0.0,23,14352,卖盘
323,10:09:42,6.24,0.0,5,3120,买盘
324,10:09:48,6.23,-0.01,10,6230,卖盘
325,10:09:55,6.23,0.0,7,4361,卖盘
326,10:10:48,6.23,0.0,15,9345,卖盘
327,10:10:54,6.23,0.0,24,14952,卖盘
328,10:10:58,6.23,0.0,104,64892,卖盘
329,10:11:28,6.23,0.0,5,3115,卖盘
330,10:11:30,6.23,0.0,19,11837,卖盘
331,10:11:57,6.24,0.01,5,3120,卖盘
332,10:12:07,6.25,0.01,300,187500,买盘
333,10:12:19,6.25,0.0,10,6250,买盘
334,10:12:42,6.25,0.0,5,3125,买盘
335,10:12:46,6.25,0.0,14,8750,买盘
336,10:13:13,6.25,0.0,15,9375,买盘
337,10:13:19,6.24,-0.01,1,624,卖盘
338,10:13:28,6.24,0.0,19,11856,卖盘
339,10:13:33,6.25,0.01,32,20000,买盘
340,10:13:52,6.25,0.0,31,19375,买盘
341,10:14:21,6.25,0.0,2,1250,买盘
342,10:14:25,6.25,0.0,39,24375,买盘
343,10:14:49,6.25,0.0,10,6250,买盘
344,10:15:10,6.24,-0.01,71,44304,卖盘
345,10:15:22,6.24,0.0,2,1248,卖盘
346,10:15:43,6.24,0.0,18,11232,卖盘
347,10:15:49,6.25,0.01,27,16875,买盘
348,10:15:58,6.25,0.0,1,625,买盘
349,10:16:10,6.25,0.0,100,62500,买盘
350,10:16:19,6.25,0.0,43,26875,买盘
351,10:16:34,6.25,0.0,5,3125,买盘
352,10:17:01,6.25,0.0,200,125000,买盘
353,10:17:04,6.25,0.0,1,625,买盘
354,10:17:06,6.25,0.0,3,1875,买盘
355,10:17:13,6.25,0.0,150,93750,买盘
356,10:17:19,6.25,0.0,6,3750,买盘
357,10:17:27,6.24,-0.01,30,18720,卖盘
358,10:17:34,6.24,0.0,5,3120,卖盘
359,10:17:43,6.24,0.0,7,4368,卖盘
360,10:18:45,6.24,0.0,4,2496,卖盘
361,10:18:58,6.24,0.0,50,31200,卖盘
362,10:19:01,6.24,0.0,36,22464,卖盘
363,10:19:10,6.24,0.0,3,1872,卖盘
364,10:19:31,6.24,0.0,50,31200,卖盘
365,10:19:48,6.25,0.01,15,9375,买盘
366,10:20:22,6.25,0.0,3,1875,买盘
367,10:20:28,6.24,-0.01,10,6240,卖盘
368,10:20:31,6.24,0.0,1,624,卖盘
369,10:20:39,6.24,0.0,10,6240,卖盘
370,10:20:43,6.24,0.0,10,6240,卖盘
371,10:20:46,6.25,0.01,5,3125,买盘
372,10:20:54,6.24,-0.01,62,38688,卖盘
373,10:20:57,6.24,0.0,7,4368,买盘
374,10:21:36,6.24,0.0,15,9360,买盘
375,10:21:39,6.24,0.0,57,35568,买盘
376,10:22:07,6.24,0.0,56,34944,卖盘
377,10:22:27,6.24,0.0,10,6240,卖盘
378,10:22:58,6.24,0.0,50,31200,卖盘
379,10:23:04,6.25,0.01,200,125000,买盘
380,10:23:07,6.25,0.0,88,55000,买盘
381,10:23:28,6.25,0.0,4,2500,买盘
382,10:23:34,6.25,0.0,22,13750,买盘
383,10:24:25,6.25,0.0,20,12500,买盘
384,10:24:28,6.25,0.0,19,11875,买盘
385,10:24:42,6.25,0.0,108,67500,买盘
386,10:24:58,6.24,-0.01,20,12480,卖盘
387,10:25:01,6.25,0.01,43,26875,买盘
388,10:25:06,6.24,-0.01,20,12480,卖盘
389,10:25:25,6.25,0.01,19,11857,买盘
390,10:25:48,6.24,-0.01,200,124800,卖盘
391,10:25:52,6.24,0.0,20,12480,卖盘
392,10:25:58,6.25,0.01,24,15000,买盘
393,10:26:04,6.24,-0.01,10,6240,卖盘
394,10:26:10,6.24,0.0,70,43680,卖盘
395,10:26:19,6.24,0.0,95,59280,卖盘
396,10:26:52,6.24,0.0,173,107952,卖盘
397,10:27:01,6.23,-0.01,14,8722,卖盘
398,10:27:07,6.23,0.0,6,3738,卖盘
399,10:27:18,6.23,0.0,1,623,卖盘
400,10:27:43,6.23,0.0,3,1869,卖盘
401,10:28:25,6.23,0.0,16,9968,卖盘
402,10:28:37,6.23,0.0,19,11837,卖盘
403,10:28:55,6.24,0.01,95,59274,买盘
404,10:29:04,6.24,0.0,10,6240,买盘
405,10:29:12,6.23,-0.01,21,13083,卖盘
406,10:29:19,6.24,0.01,13,8112,买盘
407,10:29:27,6.24,0.0,28,17472,卖盘
408,10:29:30,6.24,0.0,15,9360,卖盘
409,10:29:42,6.24,0.0,3,1872,买盘
410,10:29:55,6.24,0.0,3,1872,买盘
411,10:29:58,6.23,-0.01,15,9345,卖盘
412,10:30:07,6.24,0.01,1,624,买盘
413,10:30:12,6.24,0.0,25,15600,买盘
414,10:30:25,6.24,0.0,70,43680,买盘
415,10:30:27,6.24,0.0,3,1872,买盘
416,10:30:31,6.24,0.0,5,3120,买盘
417,10:30:43,6.24,0.0,8,4992,卖盘
418,10:30:45,6.24,0.0,10,6240,买盘
419,10:30:57,6.24,0.0,5,3120,卖盘
420,10:31:09,6.24,0.0,4,2496,卖盘
421,10:31:21,6.25,0.01,118,73750,买盘
422,10:31:30,6.25,0.0,50,31250,买盘
423,10:31:36,6.25,0.0,208,130000,买盘
424,10:31:52,6.25,0.0,5,3125,卖盘
425,10:33:03,6.26,0.01,108,67574,买盘
426,10:33:07,6.25,-0.01,1,625,卖盘
427,10:33:46,6.26,0.01,156,97656,买盘
428,10:34:04,6.26,0.0,13,8138,买盘
429,10:34:16,6.26,0.0,1,626,买盘
430,10:34:19,6.26,0.0,86,53836,买盘
431,10:34:25,6.26,0.0,200,125200,买盘
432,10:34:27,6.26,0.0,25,15650,买盘
433,10:34:55,6.26,0.0,7,4382,买盘
434,10:34:58,6.26,0.0,16,10016,买盘
435,10:35:09,6.25,-0.01,100,62500,卖盘
436,10:35:43,6.25,0.0,10,6250,卖盘
437,10:36:06,6.26,0.01,250,156500,买盘
438,10:36:12,6.26,0.0,5,3130,买盘
439,10:36:15,6.26,0.0,2,1252,买盘
440,10:36:31,6.26,0.0,100,62600,买盘
441,10:36:36,6.26,0.0,100,62600,买盘
442,10:36:46,6.26,0.0,20,12520,买盘
443,10:36:48,6.26,0.0,10,6260,买盘
444,10:36:52,6.26,0.0,24,15024,买盘
445,10:36:58,6.26,0.0,88,55088,卖盘
446,10:37:01,6.26,0.0,12,7512,买盘
447,10:37:06,6.26,0.0,12,7512,卖盘
448,10:37:10,6.26,0.0,6,3756,卖盘
449,10:37:19,6.26,0.0,5,3130,买盘
450,10:37:22,6.26,0.0,20,12520,买盘
451,10:37:31,6.26,0.0,50,31300,买盘
452,10:37:33,6.26,0.0,5,3130,买盘
453,10:37:42,6.26,0.0,35,21910,买盘
454,10:37:51,6.25,-0.01,100,62500,卖盘
455,10:37:54,6.26,0.01,50,31300,买盘
456,10:38:06,6.26,0.0,95,59470,买盘
457,10:38:27,6.26,0.0,10,6260,买盘
458,10:38:30,6.26,0.0,5,3130,买盘
459,10:38:37,6.26,0.0,16,10016,买盘
460,10:38:39,6.26,0.0,10,6260,买盘
461,10:38:46,6.25,-0.01,60,37500,卖盘
462,10:38:48,6.26,0.01,20,12520,买盘
463,10:39:04,6.26,0.0,2,1252,买盘
464,10:39:07,6.25,-0.01,52,32500,卖盘
465,10:39:22,6.25,0.0,6,3750,卖盘
466,10:39:48,6.25,0.0,45,28125,卖盘
467,10:39:54,6.25,0.0,8,5000,卖盘
468,10:40:09,6.25,0.0,66,41250,卖盘
469,10:40:12,6.25,0.0,8,5000,买盘
470,10:40:18,6.25,0.0,36,22500,买盘
471,10:40:40,6.25,0.0,10,6250,卖盘
472,10:40:48,6.25,0.0,37,23125,卖盘
473,10:42:10,6.25,0.0,50,31250,买盘
474,10:42:18,6.25,0.0,10,6250,买盘
475,10:42:24,6.25,0.0,4,2500,买盘
476,10:43:00,6.25,0.0,38,23750,买盘
477,10:43:22,6.26,0.01,89,55714,买盘
478,10:43:25,6.25,-0.01,10,6250,卖盘
479,10:43:30,6.25,0.0,32,20022,卖盘
480,10:43:36,6.25,0.0,7,4375,卖盘
481,10:43:39,6.25,0.0,13,8125,买盘
482,10:43:57,6.25,0.0,17,10625,卖盘
483,10:44:10,6.24,-0.01,7,4368,卖盘
484,10:44:25,6.24,0.0,5,3120,卖盘
485,10:44:28,6.24,0.0,132,82368,卖盘
486,10:44:30,6.25,0.01,10,6250,买盘
487,10:44:33,6.24,-0.01,242,151008,卖盘
488,10:44:48,6.23,-0.01,5,3115,卖盘
489,10:45:00,6.23,0.0,1,623,卖盘
490,10:45:09,6.23,0.0,15,9345,卖盘
491,10:45:49,6.24,0.01,10,6240,买盘
492,10:45:51,6.24,0.0,11,6864,买盘
493,10:45:58,6.23,-0.01,19,11837,卖盘
494,10:46:36,6.23,0.0,1,623,卖盘
495,10:46:42,6.23,0.0,10,6230,卖盘
496,10:46:45,6.23,0.0,23,14329,卖盘
497,10:46:48,6.24,0.01,10,6240,买盘
498,10:46:51,6.23,-0.01,2,1246,卖盘
499,10:47:18,6.23,0.0,15,9345,卖盘
500,10:47:52,6.24,0.01,11,6864,买盘
501,10:48:01,6.23,-0.01,40,24920,卖盘
502,10:48:13,6.23,0.0,50,31160,卖盘
503,10:48:36,6.24,0.01,10,6240,买盘
504,10:48:48,6.23,-0.01,16,9968,卖盘
505,10:49:06,6.23,0.0,60,37380,卖盘
506,10:49:46,6.23,0.0,20,12460,卖盘
507,10:49:51,6.24,0.01,11,6864,买盘
508,10:49:55,6.23,-0.01,8,4984,卖盘
509,10:49:58,6.23,0.0,40,24920,卖盘
510,10:50:04,6.24,0.01,6,3744,买盘
511,10:50:19,6.23,-0.01,35,21805,卖盘
512,10:51:10,6.23,0.0,27,16821,卖盘
513,10:51:27,6.23,0.0,25,15575,卖盘
514,10:52:49,6.24,0.01,17,10608,买盘
515,10:53:04,6.24,0.0,37,23088,买盘
516,10:53:42,6.23,-0.01,50,31150,卖盘
517,10:53:46,6.23,0.0,12,7476,卖盘
518,10:53:51,6.24,0.01,20,12480,买盘
519,10:54:33,6.24,0.0,4,2496,买盘
520,10:55:01,6.24,0.0,48,29952,买盘
521,10:55:10,6.24,0.0,5,3120,买盘
522,10:55:22,6.24,0.0,40,24960,买盘
523,10:55:42,6.24,0.0,26,16224,买盘
524,10:55:45,6.24,0.0,4,2496,买盘
525,10:55:54,6.24,0.0,13,8112,卖盘
526,10:56:24,6.24,0.0,6,3744,买盘
527,10:56:49,6.24,0.0,2,1248,卖盘
528,10:57:30,6.24,0.0,75,46800,卖盘
529,10:57:36,6.24,0.0,25,15600,买盘
530,10:57:52,6.24,0.0,5,3120,卖盘
531,10:58:22,6.24,0.0,5,3120,卖盘
532,10:58:25,6.24,0.0,3,1872,卖盘
533,10:58:27,6.24,0.0,26,16224,卖盘
534,10:58:39,6.24,0.0,74,46176,买盘
535,10:59:00,6.24,0.0,5,3120,卖盘
536,10:59:18,6.24,0.0,162,101088,卖盘
537,10:59:48,6.24,0.0,10,6240,卖盘
538,11:00:04,6.24,0.0,25,15600,卖盘
539,11:02:18,6.24,0.0,113,70512,卖盘
540,11:02:42,6.24,0.0,40,24960,卖盘
541,11:02:46,6.24,0.0,1,624,卖盘
542,11:02:48,6.24,0.0,90,56160,卖盘
543,11:02:54,6.24,0.0,21,13104,卖盘
544,11:03:06,6.24,0.0,20,12480,买盘
545,11:03:12,6.23,-0.01,3,1869,卖盘
546,11:03:31,6.24,0.01,98,61152,买盘
547,11:03:34,6.24,0.0,10,6240,买盘
548,11:03:36,6.24,0.0,2,1248,买盘
549,11:03:57,6.24,0.0,39,24336,卖盘
550,11:04:04,6.24,0.0,27,16848,卖盘
551,11:05:42,6.24,0.0,26,16224,卖盘
552,11:05:51,6.24,0.0,33,20592,卖盘
553,11:06:07,6.25,0.01,24,15000,买盘
554,11:06:16,6.25,0.0,32,20000,买盘
555,11:06:45,6.24,-0.01,20,12480,卖盘
556,11:07:21,6.24,0.0,19,11856,卖盘
557,11:07:48,6.24,0.0,5,3120,卖盘
558,11:08:27,6.24,0.0,15,9360,卖盘
559,11:09:30,6.24,0.0,15,9360,卖盘
560,11:10:15,6.25,0.01,75,46869,买盘
561,11:10:39,6.25,0.0,11,6875,买盘
562,11:10:42,6.25,0.0,1,625,买盘
563,11:10:51,6.25,0.0,12,7500,买盘
564,11:11:09,6.25,0.0,10,6250,买盘
565,11:11:15,6.25,0.0,120,75000,买盘
566,11:11:18,6.25,0.0,8,5000,买盘
567,11:11:21,6.25,0.0,14,8750,买盘
568,11:11:24,6.25,0.0,3,1875,买盘
569,11:11:28,6.25,0.0,5,3125,买盘
570,11:11:31,6.25,0.0,2,1250,买盘
571,11:11:33,6.25,0.0,2,1250,卖盘
572,11:11:48,6.25,0.0,50,31250,买盘
573,11:11:57,6.25,0.0,8,5000,买盘
574,11:12:09,6.25,0.0,10,6250,卖盘
575,11:12:12,6.26,0.01,8,5008,买盘
576,11:12:15,6.25,-0.01,10,6250,卖盘
577,11:12:54,6.24,-0.01,40,24960,卖盘
578,11:13:09,6.26,0.02,19,11894,买盘
579,11:13:19,6.25,-0.01,4,2500,买盘
580,11:13:22,6.25,0.0,1,625,买盘
581,11:13:24,6.25,0.0,4,2500,买盘
582,11:13:27,6.24,-0.01,101,63025,卖盘
583,11:13:30,6.26,0.02,52,32548,买盘
584,11:13:55,6.25,-0.01,1,625,卖盘
585,11:13:57,6.26,0.01,55,34430,买盘
586,11:14:04,6.26,0.0,3,1878,买盘
587,11:14:19,6.25,-0.01,50,31250,卖盘
588,11:14:48,6.26,0.01,1,626,买盘
589,11:14:52,6.26,0.0,138,86388,买盘
590,11:14:58,6.26,0.0,2,1252,买盘
591,11:15:01,6.26,0.0,38,23788,买盘
592,11:15:04,6.26,0.0,90,56340,买盘
593,11:15:07,6.26,0.0,330,206580,买盘
594,11:15:10,6.26,0.0,62,38812,买盘
595,11:15:13,6.26,0.0,48,30055,卖盘
596,11:15:15,6.26,0.0,1,626,买盘
597,11:15:19,6.26,0.0,8,5008,买盘
598,11:15:25,6.27,0.01,20,12540,买盘
599,11:15:27,6.26,-0.01,91,57027,卖盘
600,11:15:31,6.26,0.0,41,25675,卖盘
601,11:15:34,6.26,0.0,5,3130,卖盘
602,11:15:37,6.27,0.01,5,3135,买盘
603,11:15:40,6.27,0.0,400,250800,买盘
604,11:15:43,6.27,0.0,23,14421,买盘
605,11:15:46,6.27,0.0,125,78375,买盘
606,11:15:49,6.28,0.01,41,25748,买盘
607,11:15:52,6.28,0.0,9,5652,买盘
608,11:15:55,6.28,0.0,10,6280,买盘
609,11:15:58,6.28,0.0,98,61544,买盘
610,11:16:01,6.28,0.0,5,3140,买盘
611,11:16:04,6.28,0.0,3,1884,买盘
612,11:16:07,6.28,0.0,2,1256,买盘
613,11:16:13,6.27,-0.01,39,24453,卖盘
614,11:16:31,6.27,0.0,17,10659,卖盘
615,11:16:34,6.28,0.01,25,15697,买盘
616,11:16:43,6.26,-0.02,20,12520,卖盘
617,11:16:45,6.27,0.01,19,11913,买盘
618,11:16:52,6.27,0.0,35,21945,买盘
619,11:17:07,6.27,0.0,7,4389,卖盘
620,11:17:28,6.27,0.0,42,26343,卖盘
621,11:17:30,6.28,0.01,100,62800,买盘
622,11:17:40,6.28,0.0,20,12560,买盘
623,11:17:48,6.28,0.0,107,67196,买盘
624,11:17:51,6.27,-0.01,10,6270,卖盘
625,11:17:54,6.28,0.01,30,18840,买盘
626,11:17:57,6.28,0.0,50,31400,买盘
627,11:18:01,6.28,0.0,33,20724,买盘
628,11:18:04,6.28,0.0,106,66568,买盘
629,11:18:16,6.28,0.0,1,628,卖盘
630,11:18:21,6.28,0.0,1,628,卖盘
631,11:18:33,6.29,0.01,208,130832,买盘
632,11:18:36,6.3,0.01,44,27696,买盘
633,11:18:39,6.29,-0.01,13,8177,卖盘
634,11:18:57,6.29,0.0,180,113220,买盘
635,11:19:04,6.29,0.0,31,19499,买盘
636,11:19:09,6.29,0.0,30,18870,买盘
637,11:19:24,6.29,0.0,5,3145,买盘
638,11:19:27,6.29,0.0,19,11951,买盘
639,11:19:30,6.29,0.0,100,62900,买盘
640,11:19:39,6.29,0.0,18,11322,买盘
641,11:19:52,6.28,-0.01,20,12560,卖盘
642,11:19:55,6.28,0.0,50,31400,卖盘
643,11:19:58,6.28,0.0,5,3140,卖盘
644,11:20:04,6.29,0.01,22,13838,买盘
645,11:20:21,6.28,-0.01,7,4396,卖盘
646,11:20:28,6.29,0.01,10,6290,买盘
647,11:20:31,6.29,0.0,43,27047,买盘
648,11:20:34,6.29,0.0,40,25160,买盘
649,11:20:40,6.29,0.0,6,3774,买盘
650,11:20:46,6.28,-0.01,7,4396,卖盘
651,11:20:51,6.28,0.0,50,31400,卖盘
652,11:20:57,6.29,0.01,13,8177,买盘
653,11:21:12,6.29,0.0,50,31450,买盘
654,11:21:34,6.29,0.0,75,47175,买盘
655,11:21:39,6.29,0.0,10,6290,买盘
656,11:22:04,6.29,0.0,241,151589,买盘
657,11:22:07,6.29,0.0,113,71077,卖盘
658,11:22:12,6.28,-0.01,9,5657,卖盘
659,11:22:37,6.28,0.0,11,6908,卖盘
660,11:22:39,6.29,0.01,10,6290,买盘
661,11:22:57,6.3,0.01,604,380195,买盘
662,11:23:09,6.3,0.0,1,630,卖盘
663,11:23:16,6.3,0.0,50,31500,买盘
664,11:23:37,6.29,-0.01,30,18870,买盘
665,11:23:43,6.29,0.0,1,629,卖盘
666,11:23:46,6.28,-0.01,6,3772,卖盘
667,11:24:09,6.29,0.01,10,6290,买盘
668,11:24:24,6.29,0.0,23,14467,买盘
669,11:24:36,6.29,0.0,13,8177,买盘
670,11:24:57,6.29,0.0,22,13838,买盘
671,11:25:12,6.29,0.0,50,31450,买盘
672,11:25:19,6.29,0.0,10,6290,买盘
673,11:25:24,6.28,-0.01,20,12560,卖盘
674,11:25:30,6.28,0.0,9,5652,卖盘
675,11:25:45,6.29,0.01,19,11951,买盘
676,11:26:00,6.29,0.0,120,75480,买盘
677,11:26:09,6.29,0.0,92,57868,买盘
678,11:26:16,6.29,0.0,20,12580,卖盘
679,11:26:19,6.29,0.0,1,629,卖盘
680,11:26:24,6.29,0.0,73,45917,卖盘
681,11:26:42,6.29,0.0,200,125800,买盘
682,11:26:57,6.28,-0.01,8,5024,卖盘
683,11:27:04,6.29,0.01,218,137122,买盘
684,11:27:10,6.29,0.0,328,206312,卖盘
685,11:27:12,6.29,0.0,40,25160,卖盘
686,11:27:16,6.29,0.0,4,2516,卖盘
687,11:27:19,6.29,0.0,15,9435,卖盘
688,11:27:27,6.29,0.0,10,6290,买盘
689,11:27:30,6.28,-0.01,10,6280,卖盘
690,11:27:36,6.29,0.01,1,629,买盘
691,11:28:01,6.29,0.0,14,8806,买盘
692,11:28:06,6.29,0.0,1,629,买盘
693,11:28:15,6.28,-0.01,177,111156,卖盘
694,11:28:18,6.29,0.01,49,30821,买盘
695,11:28:21,6.28,-0.01,4,2512,卖盘
696,11:28:24,6.28,0.0,24,15072,卖盘
697,11:28:27,6.28,0.0,26,16334,卖盘
698,11:28:36,6.29,0.01,2,1258,买盘
699,11:28:39,6.28,-0.01,3,1884,卖盘
700,11:29:00,6.28,0.0,10,6280,卖盘
701,11:29:06,6.28,0.0,2,1256,卖盘
702,11:29:25,6.29,0.01,6,3774,买盘
703,11:29:36,6.28,-0.01,46,28888,卖盘
704,11:30:01,6.29,0.01,30,18870,买盘
705,13:00:05,6.29,0.0,459,288711,买盘
706,13:00:54,6.29,0.0,20,12580,卖盘
707,13:01:00,6.3,0.01,16,10080,买盘
708,13:01:21,6.3,0.0,32,20160,买盘
709,13:01:30,6.3,0.0,5,3150,买盘
710,13:01:33,6.3,0.0,50,31500,买盘
711,13:02:12,6.29,-0.01,14,8806,卖盘
712,13:02:24,6.29,0.0,46,28934,卖盘
713,13:04:09,6.29,0.0,3,1887,买盘
714,13:04:24,6.29,0.0,15,9435,买盘
715,13:04:27,6.29,0.0,146,91834,买盘
716,13:04:34,6.28,-0.01,457,286996,卖盘
717,13:04:51,6.28,0.0,30,18840,买盘
718,13:04:54,6.27,-0.01,10,6270,卖盘
719,13:05:00,6.27,0.0,20,12540,卖盘
720,13:06:36,6.27,0.0,19,11913,卖盘
721,13:06:54,6.28,0.01,10,6280,买盘
722,13:07:33,6.28,0.0,20,12560,买盘
723,13:07:36,6.27,-0.01,300,188100,卖盘
724,13:08:12,6.27,0.0,12,7524,卖盘
725,13:08:58,6.28,0.01,13,8164,买盘
726,13:09:04,6.28,0.0,3,1884,买盘
727,13:09:15,6.28,0.0,1,628,买盘
728,13:09:33,6.28,0.0,24,15072,卖盘
729,13:09:45,6.28,0.0,12,7536,买盘
730,13:10:06,6.27,-0.01,20,12540,卖盘
731,13:10:15,6.28,0.01,20,12560,买盘
732,13:10:22,6.28,0.0,1,628,买盘
733,13:10:42,6.28,0.0,16,10048,买盘
734,13:10:45,6.28,0.0,2,1256,卖盘
735,13:10:54,6.27,-0.01,10,6272,卖盘
736,13:11:19,6.27,0.0,61,38247,卖盘
737,13:11:37,6.27,0.0,1,627,卖盘
738,13:12:04,6.27,0.0,153,95931,卖盘
739,13:12:27,6.27,0.0,3,1881,买盘
740,13:12:39,6.27,0.0,4,2507,买盘
741,13:12:45,6.26,-0.01,8,5008,卖盘
742,13:13:09,6.26,0.0,20,12520,卖盘
743,13:14:27,6.27,0.01,50,31350,买盘
744,13:14:36,6.26,-0.01,200,125200,卖盘
745,13:14:39,6.26,0.0,15,9390,卖盘
746,13:14:45,6.26,0.0,72,45072,卖盘
747,13:14:54,6.26,0.0,28,17528,买盘
748,13:15:24,6.25,-0.01,563,352047,卖盘
749,13:15:27,6.25,0.0,7,4375,买盘
750,13:15:30,6.25,0.0,6,3750,买盘
751,13:15:33,6.25,0.0,24,15000,买盘
752,13:15:49,6.27,0.02,4,2508,买盘
753,13:15:55,6.27,0.0,9,5643,买盘
754,13:16:16,6.27,0.0,30,18810,买盘
755,13:16:21,6.26,-0.01,100,62600,卖盘
756,13:16:33,6.25,-0.01,38,23750,卖盘
757,13:16:40,6.25,0.0,1,625,卖盘
758,13:16:45,6.26,0.01,354,221604,买盘
759,13:17:00,6.26,0.0,6,3756,买盘
760,13:17:07,6.26,0.0,40,25040,买盘
761,13:17:09,6.27,0.01,6,3762,买盘
762,13:17:57,6.27,0.0,3,1881,买盘
763,13:18:27,6.27,0.0,6,3764,卖盘
764,13:18:55,6.28,0.01,20,12560,买盘
765,13:19:04,6.28,0.0,10,6280,买盘
766,13:20:07,6.28,0.0,20,12560,买盘
767,13:20:09,6.28,0.0,14,8792,买盘
768,13:20:15,6.27,-0.01,1,627,卖盘
769,13:20:48,6.27,0.0,13,8151,卖盘
770,13:21:19,6.26,-0.01,317,198763,卖盘
771,13:21:30,6.26,0.0,40,25040,卖盘
772,13:22:13,6.25,-0.01,101,63197,卖盘
773,13:22:16,6.25,0.0,500,312500,卖盘
774,13:22:52,6.24,-0.01,600,374453,卖盘
775,13:23:24,6.26,0.02,5,3130,卖盘
776,13:23:42,6.27,0.01,3,1881,买盘
777,13:23:51,6.27,0.0,14,8778,买盘
778,13:23:57,6.27,0.0,19,11913,卖盘
779,13:24:30,6.27,0.0,10,6270,买盘
780,13:24:39,6.27,0.0,18,11286,买盘
781,13:26:31,6.26,-0.01,50,31300,卖盘
782,13:26:36,6.26,0.0,5,3130,卖盘
783,13:28:36,6.26,0.0,14,8764,卖盘
784,13:28:39,6.26,0.0,1,626,卖盘
785,13:28:52,6.27,0.01,5,3135,买盘
786,13:29:24,6.27,0.0,63,39501,买盘
787,13:29:36,6.27,0.0,497,311619,买盘
788,13:29:39,6.27,0.0,11,6897,买盘
789,13:30:13,6.27,0.0,4,2508,买盘
790,13:30:34,6.27,0.0,30,18810,买盘
791,13:30:49,6.27,0.0,15,9405,买盘
792,13:30:54,6.27,0.0,1,627,买盘
793,13:31:33,6.26,-0.01,10,6260,卖盘
794,13:31:45,6.27,0.01,50,31350,买盘
795,13:31:55,6.27,0.0,2,1254,买盘
796,13:32:00,6.26,-0.01,24,15024,卖盘
797,13:32:22,6.26,0.0,53,33178,卖盘
798,13:33:00,6.24,-0.02,2040,1274472,卖盘
799,13:33:04,6.24,0.0,6,3744,买盘
800,13:33:09,6.23,-0.01,4,2492,卖盘
801,13:33:12,6.24,0.01,1183,738192,买盘
802,13:33:16,6.24,0.0,551,343824,买盘
803,13:33:18,6.24,0.0,37,23088,买盘
804,13:33:21,6.24,0.0,217,135408,买盘
805,13:33:54,6.25,0.01,12,7500,卖盘
806,13:33:57,6.24,-0.01,5,3120,卖盘
807,13:34:04,6.25,0.01,10,6250,买盘
808,13:34:06,6.25,0.0,18,11250,买盘
809,13:35:10,6.25,0.0,19,11875,卖盘
810,13:35:30,6.25,0.0,10,6250,卖盘
811,13:35:33,6.26,0.01,20,12520,买盘
812,13:35:39,6.26,0.0,43,26918,买盘
813,13:35:43,6.25,-0.01,23,14375,卖盘
814,13:35:45,6.26,0.01,23,14398,买盘
815,13:35:48,6.26,0.0,90,56340,买盘
816,13:35:51,6.26,0.0,14,8764,买盘
817,13:35:58,6.26,0.0,5,3130,买盘
818,13:36:04,6.26,0.0,12,7512,买盘
819,13:36:12,6.26,0.0,13,8138,买盘
820,13:37:06,6.25,-0.01,8,5000,卖盘
821,13:37:13,6.26,0.01,10,6260,买盘
822,13:37:15,6.26,0.0,5,3130,买盘
823,13:37:39,6.26,0.0,19,11894,买盘
824,13:38:12,6.25,-0.01,10,6250,卖盘
825,13:38:39,6.26,0.01,70,43760,买盘
826,13:39:18,6.26,0.0,15,9390,买盘
827,13:39:21,6.26,0.0,48,30048,买盘
828,13:39:30,6.26,0.0,2,1252,买盘
829,13:39:36,6.25,-0.01,1,625,卖盘
830,13:39:45,6.25,0.0,6,3750,卖盘
831,13:40:13,6.26,0.01,2,1252,买盘
832,13:40:34,6.26,0.0,37,23162,买盘
833,13:41:37,6.25,-0.01,10,6250,卖盘
834,13:42:10,6.26,0.01,31,19406,买盘
835,13:42:43,6.26,0.0,14,8764,买盘
836,13:43:30,6.26,0.0,5,3130,买盘
837,13:44:07,6.25,-0.01,232,145000,卖盘
838,13:44:24,6.26,0.01,25,15650,买盘
839,13:45:18,6.25,-0.01,65,40625,卖盘
840,13:45:24,6.26,0.01,1,626,买盘
841,13:45:34,6.25,-0.01,20,12500,卖盘
842,13:45:54,6.25,0.0,38,23750,卖盘
843,13:46:28,6.25,0.0,60,37500,卖盘
844,13:46:34,6.25,0.0,12,7500,卖盘
845,13:46:39,6.25,0.0,7,4375,卖盘
846,13:46:42,6.25,0.0,4,2500,卖盘
847,13:46:45,6.24,-0.01,166,103590,卖盘
848,13:47:54,6.25,0.01,12,7500,卖盘
849,13:48:06,6.26,0.01,20,12520,买盘
850,13:48:15,6.25,-0.01,50,31250,卖盘
851,13:48:28,6.26,0.01,2,1252,买盘
852,13:48:39,6.26,0.0,2,1252,买盘
853,13:48:42,6.25,-0.01,2,1250,卖盘
854,13:49:55,6.25,0.0,1,625,卖盘
855,13:50:04,6.25,0.0,6,3750,卖盘
856,13:51:00,6.25,0.0,124,77610,卖盘
857,13:51:04,6.25,0.0,10,6250,卖盘
858,13:51:07,6.25,0.0,3,1875,卖盘
859,13:51:42,6.25,0.0,16,10000,卖盘
860,13:51:52,6.25,0.0,8,5000,卖盘
861,13:52:00,6.26,0.01,1,626,买盘
862,13:52:34,6.26,0.0,89,55714,买盘
863,13:52:46,6.26,0.0,50,31300,买盘
864,13:52:48,6.26,0.0,9,5634,买盘
865,13:52:51,6.26,0.0,1,626,卖盘
866,13:52:55,6.26,0.0,40,25040,买盘
867,13:53:00,6.25,-0.01,19,11875,卖盘
868,13:53:07,6.25,0.0,2,1250,卖盘
869,13:53:10,6.26,0.01,3,1878,买盘
870,13:53:25,6.25,-0.01,1,625,卖盘
871,13:53:39,6.25,0.0,78,48750,卖盘
872,13:53:51,6.25,0.0,26,16250,卖盘
873,13:53:58,6.25,0.0,60,37500,卖盘
874,13:54:01,6.25,0.0,1,625,卖盘
875,13:54:04,6.25,0.0,12,7500,卖盘
876,13:54:07,6.25,0.0,50,31250,卖盘
877,13:54:10,6.25,0.0,34,21250,卖盘
878,13:54:13,6.25,0.0,32,20000,卖盘
879,13:54:16,6.25,0.0,56,35000,卖盘
880,13:54:19,6.25,0.0,116,72500,卖盘
881,13:54:22,6.25,0.0,53,33125,卖盘
882,13:54:24,6.25,0.0,36,22500,卖盘
883,13:54:27,6.25,0.0,230,143750,卖盘
884,13:54:30,6.25,0.0,3,1875,买盘
885,13:54:49,6.25,0.0,16,10000,买盘
886,13:55:04,6.25,0.0,3,1875,买盘
887,13:56:58,6.24,-0.01,666,415584,卖盘
888,13:57:01,6.24,0.0,23,14352,卖盘
889,13:57:04,6.24,0.0,6,3744,卖盘
890,13:57:21,6.24,0.0,38,23712,卖盘
891,13:57:39,6.24,0.0,1,624,卖盘
892,13:58:01,6.25,0.01,18,11233,买盘
893,13:58:10,6.25,0.0,233,145625,买盘
894,13:58:33,6.25,0.0,40,25000,买盘
895,13:58:58,6.25,0.0,8,5000,卖盘
896,13:59:15,6.25,0.0,12,7500,卖盘
897,13:59:22,6.26,0.01,5,3130,买盘
898,13:59:36,6.26,0.0,4,2504,买盘
899,13:59:57,6.25,-0.01,4,2500,卖盘
900,14:00:10,6.25,0.0,1,625,卖盘
901,14:00:19,6.26,0.01,5,3130,买盘
902,14:00:24,6.25,-0.01,27,16876,卖盘
903,14:00:27,6.24,-0.01,5,3120,卖盘
904,14:00:39,6.24,0.0,25,15601,卖盘
905,14:01:10,6.25,0.01,5,3125,买盘
906,14:01:46,6.24,-0.01,32,19968,卖盘
907,14:01:55,6.23,-0.01,149,92827,卖盘
908,14:02:06,6.23,0.0,29,18067,卖盘
909,14:02:21,6.23,0.0,10,6230,卖盘
910,14:02:46,6.23,0.0,20,12460,卖盘
911,14:03:28,6.23,0.0,10,6230,卖盘
912,14:03:33,6.23,0.0,20,12460,卖盘
913,14:03:49,6.24,0.01,99,61776,买盘
914,14:03:52,6.24,0.0,1,624,买盘
915,14:03:55,6.24,0.0,251,156604,买盘
916,14:03:58,6.24,0.0,7,4368,买盘
917,14:04:01,6.24,0.0,9,5616,买盘
918,14:04:04,6.26,0.02,290,181330,买盘
919,14:04:18,6.24,-0.02,40,24960,卖盘
920,14:04:22,6.26,0.02,10,6260,买盘
921,14:04:31,6.26,0.0,11,6886,买盘
922,14:04:37,6.24,-0.02,12,7498,卖盘
923,14:04:46,6.25,0.01,10,6250,买盘
924,14:05:33,6.25,0.0,1,625,买盘
925,14:06:19,6.25,0.0,15,9375,买盘
926,14:06:42,6.25,0.0,33,20625,买盘
927,14:07:25,6.25,0.0,4,2500,买盘
928,14:08:51,6.24,-0.01,5,3120,卖盘
929,14:09:16,6.24,0.0,9,5616,卖盘
930,14:09:42,6.24,0.0,2,1248,卖盘
931,14:10:12,6.24,0.0,5,3120,卖盘
932,14:10:37,6.24,0.0,45,28080,卖盘
933,14:10:45,6.25,0.01,44,27500,买盘
934,14:11:01,6.25,0.0,5,3125,买盘
935,14:12:07,6.24,-0.01,9,5616,卖盘
936,14:12:39,6.25,0.01,136,85000,买盘
937,14:13:03,6.25,0.0,15,9375,买盘
938,14:13:16,6.25,0.0,118,73750,买盘
939,14:13:25,6.26,0.01,73,45698,买盘
940,14:13:54,6.26,0.0,3,1878,买盘
941,14:13:57,6.26,0.0,10,6260,买盘
942,14:14:12,6.26,0.0,10,6260,买盘
943,14:15:16,6.26,0.0,55,34430,买盘
944,14:16:30,6.25,-0.01,1,625,卖盘
945,14:16:55,6.25,0.0,18,11250,卖盘
946,14:17:09,6.25,0.0,14,8750,卖盘
947,14:18:21,6.25,0.0,7,4375,卖盘
948,14:18:42,6.26,0.01,10,6260,买盘
949,14:18:46,6.26,0.0,1,626,买盘
950,14:19:51,6.25,-0.01,7,4375,卖盘
951,14:20:04,6.25,0.0,10,6250,卖盘
952,14:20:16,6.25,0.0,10,6250,卖盘
953,14:20:19,6.25,0.0,240,150000,卖盘
954,14:20:51,6.25,0.0,26,16250,买盘
955,14:21:04,6.26,0.01,10,6260,买盘
956,14:21:07,6.25,-0.01,1,625,卖盘
957,14:21:19,6.25,0.0,36,22500,卖盘
958,14:21:21,6.25,0.0,4,2500,买盘
959,14:21:25,6.25,0.0,26,16250,卖盘
960,14:21:27,6.25,0.0,1,625,买盘
961,14:21:34,6.24,-0.01,17,10608,卖盘
962,14:21:37,6.24,0.0,20,12480,卖盘
963,14:22:34,6.24,0.0,35,21840,卖盘
964,14:22:43,6.25,0.01,5,3125,买盘
965,14:22:54,6.25,0.0,1,625,买盘
966,14:23:27,6.24,-0.01,1,624,卖盘
967,14:23:42,6.24,0.0,4,2496,卖盘
968,14:25:28,6.24,0.0,5,3120,卖盘
969,14:25:34,6.25,0.01,1,625,买盘
970,14:25:42,6.25,0.0,1,625,买盘
971,14:26:28,6.24,-0.01,19,11856,卖盘
972,14:26:37,6.25,0.01,30,18750,买盘
973,14:26:39,6.24,-0.01,70,43680,卖盘
974,14:26:46,6.24,0.0,20,12480,卖盘
975,14:26:51,6.24,0.0,1,624,卖盘
976,14:26:55,6.25,0.01,50,31250,买盘
977,14:27:04,6.25,0.0,1,625,买盘
978,14:27:21,6.25,0.0,5,3125,买盘
979,14:27:45,6.25,0.0,1,625,买盘
980,14:27:48,6.25,0.0,40,25000,买盘
981,14:28:33,6.25,0.0,5,3125,买盘
982,14:28:45,6.24,-0.01,17,10608,卖盘
983,14:28:55,6.25,0.01,4,2500,买盘
984,14:28:58,6.24,-0.01,2,1248,卖盘
985,14:29:18,6.24,0.0,193,120432,卖盘
986,14:29:34,6.24,0.0,30,18720,买盘
987,14:29:51,6.24,0.0,5,3120,买盘
988,14:30:10,6.23,-0.01,58,36134,卖盘
989,14:30:51,6.23,0.0,35,21805,卖盘
990,14:31:45,6.24,0.01,35,21840,买盘
991,14:31:51,6.23,-0.01,6,3738,卖盘
992,14:32:00,6.24,0.01,60,37440,买盘
993,14:32:04,6.24,0.0,20,12480,买盘
994,14:32:13,6.24,0.0,100,62400,买盘
995,14:32:19,6.24,0.0,10,6240,买盘
996,14:32:33,6.24,0.0,1,624,买盘
997,14:32:36,6.24,0.0,115,71760,买盘
998,14:32:40,6.24,0.0,24,14976,买盘
999,14:33:10,6.24,0.0,20,12480,卖盘
1000,14:33:25,6.24,0.0,20,12480,卖盘
1001,14:33:55,6.24,0.0,2,1248,卖盘
1002,14:34:04,6.25,0.01,200,125000,买盘
1003,14:34:06,6.24,-0.01,1,624,卖盘
1004,14:34:09,6.24,0.0,19,11856,卖盘
1005,14:34:15,6.25,0.01,112,70000,买盘
1006,14:34:19,6.24,-0.01,5,3120,卖盘
1007,14:34:22,6.25,0.01,44,27500,买盘
1008,14:34:33,6.25,0.0,36,22500,买盘
1009,14:34:46,6.24,-0.01,20,12480,卖盘
1010,14:34:52,6.25,0.01,5,3125,买盘
1011,14:34:58,6.25,0.0,385,240625,买盘
1012,14:35:01,6.26,0.01,197,123322,买盘
1013,14:35:04,6.27,0.01,600,375654,买盘
1014,14:35:12,6.27,0.0,69,43263,买盘
1015,14:35:15,6.27,0.0,268,168036,买盘
1016,14:35:28,6.28,0.01,467,293276,买盘
1017,14:35:31,6.28,0.0,228,143184,买盘
1018,14:35:36,6.28,0.0,22,13816,买盘
1019,14:35:40,6.28,0.0,19,11932,买盘
1020,14:35:43,6.28,0.0,73,45844,买盘
1021,14:35:45,6.28,0.0,88,55264,买盘
1022,14:35:49,6.28,0.0,80,50240,买盘
1023,14:35:52,6.28,0.0,30,18840,买盘
1024,14:35:57,6.27,-0.01,12,7524,卖盘
1025,14:36:01,6.27,0.0,274,172022,卖盘
1026,14:36:04,6.28,0.01,6,3768,买盘
1027,14:36:06,6.27,-0.01,20,12540,卖盘
1028,14:36:09,6.27,0.0,50,31350,卖盘
1029,14:36:19,6.27,0.0,116,72732,买盘
1030,14:36:22,6.27,0.0,16,10022,买盘
1031,14:36:42,6.27,0.0,1,627,买盘
1032,14:36:46,6.27,0.0,70,43890,买盘
1033,14:36:48,6.27,0.0,10,6270,卖盘
1034,14:36:58,6.28,0.01,29,18212,买盘
1035,14:37:04,6.28,0.0,3,1884,买盘
1036,14:37:07,6.28,0.0,66,41425,买盘
1037,14:37:16,6.27,-0.01,12,7524,卖盘
1038,14:37:31,6.28,0.01,144,90432,买盘
1039,14:37:34,6.28,0.0,8,5024,买盘
1040,14:37:39,6.28,0.0,9,5652,买盘
1041,14:37:43,6.27,-0.01,10,6270,卖盘
1042,14:37:48,6.28,0.01,140,87920,买盘
1043,14:37:52,6.28,0.0,5,3140,卖盘
1044,14:38:13,6.28,0.0,56,35168,卖盘
1045,14:38:19,6.28,0.0,10,6280,卖盘
1046,14:38:27,6.29,0.01,9,5661,买盘
1047,14:38:48,6.29,0.0,5,3145,买盘
1048,14:38:55,6.28,-0.01,40,25157,卖盘
1049,14:38:57,6.29,0.01,5,3145,买盘
1050,14:39:00,6.28,-0.01,3,1884,卖盘
1051,14:39:07,6.28,0.0,150,94200,卖盘
1052,14:39:13,6.28,0.0,69,43382,卖盘
1053,14:39:15,6.28,0.0,16,10048,卖盘
1054,14:39:18,6.28,0.0,30,18840,卖盘
1055,14:39:22,6.28,0.0,30,18840,卖盘
1056,14:39:28,6.28,0.0,98,61544,卖盘
1057,14:39:30,6.28,0.0,173,108644,卖盘
1058,14:40:04,6.28,0.0,51,31997,买盘
1059,14:40:07,6.28,0.0,20,12560,买盘
1060,14:40:10,6.27,-0.01,40,25080,卖盘
1061,14:40:42,6.27,0.0,34,21318,卖盘
1062,14:40:46,6.27,0.0,20,12540,卖盘
1063,14:40:57,6.27,0.0,7,4389,卖盘
1064,14:41:04,6.27,0.0,30,18810,卖盘
1065,14:41:16,6.28,0.01,20,12560,买盘
1066,14:41:22,6.27,-0.01,20,12540,卖盘
1067,14:41:37,6.28,0.01,30,18840,买盘
1068,14:41:43,6.29,0.01,500,314141,买盘
1069,14:41:48,6.29,0.0,17,10693,买盘
1070,14:41:54,6.29,0.0,32,20128,买盘
1071,14:42:28,6.28,-0.01,4,2512,卖盘
1072,14:42:31,6.29,0.01,786,494394,买盘
1073,14:42:34,6.29,0.0,90,56610,卖盘
1074,14:42:37,6.29,0.0,588,370402,卖盘
1075,14:42:40,6.29,0.0,3,1887,买盘
1076,14:42:43,6.29,0.0,54,33966,买盘
1077,14:42:46,6.29,0.0,1,629,买盘
1078,14:43:01,6.29,0.0,3,1887,买盘
1079,14:43:07,6.29,0.0,31,19499,买盘
1080,14:43:13,6.29,0.0,25,15725,买盘
1081,14:43:16,6.29,0.0,3,1887,卖盘
1082,14:43:19,6.29,0.0,10,6290,卖盘
1083,14:43:22,6.29,0.0,7,4403,卖盘
1084,14:43:25,6.29,0.0,10,6290,卖盘
1085,14:43:28,6.29,0.0,14,8806,卖盘
1086,14:43:33,6.28,-0.01,2,1256,卖盘
1087,14:43:36,6.29,0.01,3,1887,买盘
1088,14:43:46,6.29,0.0,29,18234,买盘
1089,14:43:58,6.29,0.0,2,1258,买盘
1090,14:44:07,6.29,0.0,110,69190,买盘
1091,14:44:10,6.29,0.0,50,31450,买盘
1092,14:44:19,6.28,-0.01,38,23872,卖盘
1093,14:44:25,6.29,0.01,30,18870,买盘
1094,14:44:36,6.29,0.0,80,50320,买盘
1095,14:44:40,6.29,0.0,35,22015,买盘
1096,14:44:43,6.28,-0.01,262,164536,卖盘
1097,14:44:48,6.28,0.0,3,1884,卖盘
1098,14:45:04,6.29,0.01,2,1258,买盘
1099,14:45:07,6.29,0.0,269,169201,买盘
1100,14:45:09,6.29,0.0,3,1887,卖盘
1101,14:45:13,6.29,0.0,18,11330,卖盘
1102,14:45:19,6.29,0.0,58,36482,卖盘
1103,14:45:22,6.29,0.0,29,18241,买盘
1104,14:45:25,6.3,0.01,1,630,买盘
1105,14:45:28,6.29,-0.01,4,2516,卖盘
1106,14:45:31,6.29,0.0,88,55352,卖盘
1107,14:45:39,6.29,0.0,34,21386,卖盘
1108,14:45:43,6.29,0.0,15,9435,卖盘
1109,14:46:04,6.29,0.0,50,31450,买盘
1110,14:46:06,6.29,0.0,10,6290,买盘
1111,14:46:09,6.28,-0.01,1,628,卖盘
1112,14:46:13,6.29,0.01,30,18870,买盘
1113,14:46:16,6.29,0.0,33,20757,买盘
1114,14:46:28,6.29,0.0,10,6290,卖盘
1115,14:46:33,6.3,0.01,20,12590,买盘
1116,14:46:40,6.29,-0.01,87,54723,卖盘
1117,14:46:43,6.29,0.0,10,6290,卖盘
1118,14:46:51,6.29,0.0,10,6290,卖盘
1119,14:46:58,6.29,0.0,20,12580,卖盘
1120,14:47:01,6.29,0.0,5,3145,卖盘
1121,14:47:13,6.29,0.0,10,6290,卖盘
1122,14:47:19,6.3,0.01,307,193410,买盘
1123,14:47:21,6.3,0.0,47,29610,买盘
1124,14:47:28,6.29,-0.01,7,4403,卖盘
1125,14:47:31,6.3,0.01,3,1890,买盘
1126,14:47:34,6.3,0.0,200,126000,买盘
1127,14:47:40,6.29,-0.01,6,3774,卖盘
1128,14:47:52,6.3,0.01,7,4410,买盘
1129,14:47:58,6.3,0.0,5,3150,买盘
1130,14:48:04,6.29,-0.01,163,102574,卖盘
1131,14:48:07,6.3,0.01,6,3780,买盘
1132,14:48:13,6.3,0.0,43,27083,买盘
1133,14:48:16,6.3,0.0,5,3150,买盘
1134,14:48:22,6.29,-0.01,23,14467,卖盘
1135,14:48:24,6.29,0.0,1,629,卖盘
1136,14:48:28,6.29,0.0,48,30232,卖盘
1137,14:48:31,6.3,0.01,5,3150,买盘
1138,14:48:40,6.29,-0.01,18,11322,卖盘
1139,14:48:43,6.3,0.01,10,6300,买盘
1140,14:48:46,6.29,-0.01,70,44030,卖盘
1141,14:48:49,6.29,0.0,58,36530,卖盘
1142,14:48:55,6.3,0.01,27,17000,买盘
1143,14:48:57,6.3,0.0,2,1260,买盘
1144,14:49:01,6.3,0.0,3,1890,买盘
1145,14:49:04,6.3,0.0,12,7560,买盘
1146,14:49:10,6.29,-0.01,10,6290,卖盘
1147,14:49:13,6.29,0.0,39,24531,卖盘
1148,14:49:19,6.29,0.0,10,6290,卖盘
1149,14:49:25,6.29,0.0,10,6290,卖盘
1150,14:49:33,6.29,0.0,5,3145,卖盘
1151,14:49:37,6.3,0.01,3,1890,买盘
1152,14:49:39,6.29,-0.01,74,46546,卖盘
1153,14:49:42,6.29,0.0,2,1258,卖盘
1154,14:49:49,6.3,0.01,10,6300,买盘
1155,14:49:55,6.29,-0.01,3,1887,卖盘
1156,14:50:10,6.29,0.0,51,32079,卖盘
1157,14:50:13,6.29,0.0,1,629,卖盘
1158,14:50:15,6.29,0.0,200,125800,卖盘
1159,14:50:19,6.29,0.0,1,629,卖盘
1160,14:50:22,6.29,0.0,86,54094,卖盘
1161,14:50:24,6.29,0.0,22,13838,买盘
1162,14:50:28,6.29,0.0,1,629,买盘
1163,14:50:31,6.29,0.0,24,15096,买盘
1164,14:50:33,6.29,0.0,183,115107,卖盘
1165,14:50:40,6.29,0.0,27,16983,买盘
1166,14:50:43,6.29,0.0,5,3145,卖盘
1167,14:50:46,6.29,0.0,28,17612,卖盘
1168,14:50:49,6.29,0.0,10,6290,卖盘
1169,14:50:54,6.29,0.0,54,33966,卖盘
1170,14:50:57,6.29,0.0,20,12580,卖盘
1171,14:51:07,6.29,0.0,39,24531,卖盘
1172,14:51:09,6.3,0.01,39,24547,买盘
1173,14:51:25,6.29,-0.01,8,5032,卖盘
1174,14:51:28,6.3,0.01,20,12600,买盘
1175,14:51:34,6.29,-0.01,19,11954,卖盘
1176,14:51:40,6.3,0.01,77,48510,买盘
1177,14:51:49,6.29,-0.01,11,6919,卖盘
1178,14:52:01,6.3,0.01,47,29610,买盘
1179,14:52:07,6.29,-0.01,76,47877,卖盘
1180,14:52:22,6.3,0.01,5,3150,买盘
1181,14:52:25,6.3,0.0,5,3146,买盘
1182,14:52:31,6.3,0.0,47,29590,买盘
1183,14:52:34,6.3,0.0,4,2520,买盘
1184,14:52:36,6.3,0.0,20,12600,买盘
1185,14:52:54,6.3,0.0,113,71190,买盘
1186,14:52:58,6.29,-0.01,13,8177,卖盘
1187,14:53:07,6.29,0.0,36,22679,卖盘
1188,14:53:18,6.3,0.01,19,11960,买盘
1189,14:53:28,6.3,0.0,6,3780,买盘
1190,14:53:37,6.29,-0.01,10,6290,卖盘
1191,14:53:43,6.29,0.0,7,4408,卖盘
1192,14:53:49,6.29,0.0,22,13838,卖盘
1193,14:53:51,6.29,0.0,22,13838,卖盘
1194,14:53:54,6.3,0.01,62,39060,买盘
1195,14:53:57,6.3,0.0,3,1890,买盘
1196,14:54:01,6.3,0.0,100,63000,买盘
1197,14:54:07,6.29,-0.01,429,269851,卖盘
1198,14:54:09,6.29,0.0,3,1887,买盘
1199,14:54:12,6.29,0.0,12,7548,卖盘
1200,14:54:16,6.29,0.0,35,22015,买盘
1201,14:54:19,6.29,0.0,84,52836,买盘
1202,14:54:22,6.29,0.0,1,629,卖盘
1203,14:54:25,6.29,0.0,286,179894,卖盘
1204,14:54:28,6.29,0.0,64,40256,买盘
1205,14:54:34,6.29,0.0,46,28934,买盘
1206,14:54:37,6.29,0.0,3,1887,买盘
1207,14:54:39,6.29,0.0,37,23273,买盘
1208,14:54:46,6.29,0.0,28,17612,卖盘
1209,14:54:49,6.29,0.0,5,3145,卖盘
1210,14:54:52,6.3,0.01,30,18900,买盘
1211,14:54:58,6.29,-0.01,19,11951,卖盘
1212,14:55:00,6.29,0.0,80,50320,卖盘
1213,14:55:04,6.29,0.0,1,629,卖盘
1214,14:55:07,6.3,0.01,5,3150,买盘
1215,14:55:13,6.29,-0.01,70,44030,卖盘
1216,14:55:16,6.29,0.0,17,10693,卖盘
1217,14:55:19,6.3,0.01,32,20140,买盘
1218,14:55:28,6.3,0.0,48,30240,买盘
1219,14:55:37,6.3,0.0,70,44058,买盘
1220,14:55:40,6.3,0.0,6,3780,买盘
1221,14:55:49,6.3,0.0,300,189000,买盘
1222,14:55:55,6.3,0.0,12,7560,买盘
1223,14:55:57,6.3,0.0,64,40320,买盘
1224,14:56:00,6.3,0.0,3,1890,买盘
1225,14:56:04,6.3,0.0,44,27720,买盘
1226,14:56:07,6.3,0.0,20,12600,买盘
1227,14:56:10,6.29,-0.01,58,36525,卖盘
1228,14:56:13,6.3,0.01,3,1890,买盘
1229,14:56:19,6.3,0.0,17,10700,买盘
1230,14:56:27,6.3,0.0,276,173850,买盘
1231,14:56:31,6.3,0.0,5,3150,买盘
1232,14:56:36,6.3,0.0,6,3780,买盘
1233,14:56:43,6.3,0.0,110,69300,买盘
1234,14:56:45,6.3,0.0,100,63000,卖盘
1235,14:56:48,6.3,0.0,66,41580,卖盘
1236,14:56:52,6.3,0.0,37,23310,卖盘
1237,14:56:58,6.3,0.0,52,32790,卖盘
1238,14:57:00,6.3,0.0,137,86368,卖盘
1239,15:00:04,6.3,0.0,1299,818370,卖盘
