,time,price,change,volume,amount,type
0,09:30:04,24.07,0.0,22,52860,买盘
1,09:30:10,23.98,-0.09,6,14398,卖盘
2,09:30:31,24.0,0.02,8,19200,卖盘
3,09:30:51,24.0,0.0,2,4800,买盘
4,09:30:55,24.0,0.0,10,24000,买盘
5,09:30:58,24.0,0.0,16,38400,买盘
6,09:31:01,24.0,0.0,2,4800,买盘
7,09:31:22,24.0,0.0,9,21600,买盘
8,09:31:34,24.01,0.01,11,26411,卖盘
9,09:31:37,23.99,-0.02,3,7197,卖盘
10,09:31:45,24.04,0.05,1,2404,买盘
11,09:32:07,23.99,-0.05,2,4798,卖盘
12,09:32:10,23.99,0.0,1,2399,买盘
13,09:32:12,23.99,0.0,2,4798,买盘
14,09:32:25,23.99,0.0,15,35973,买盘
15,09:32:28,23.99,0.0,5,11995,卖盘
16,09:32:31,23.98,-0.01,2,4796,卖盘
17,09:32:34,23.98,0.0,26,62348,卖盘
18,09:32:46,23.96,-0.02,6,14376,卖盘
19,09:33:04,23.83,-0.13,12,28624,卖盘
20,09:33:22,23.96,0.13,1,2396,买盘
21,09:33:34,23.96,0.0,2,4792,买盘
22,09:33:49,23.89,-0.07,1,2389,卖盘
23,09:34:19,23.9,0.01,3,7170,卖盘
24,09:34:22,23.9,0.0,1,2390,买盘
25,09:34:34,23.95,0.05,2,4789,中性盘
26,09:34:43,23.94,-0.01,1,2394,买盘
27,09:34:55,23.94,0.0,6,14364,买盘
28,09:35:04,23.91,-0.03,2,4782,卖盘
29,09:35:22,23.91,0.0,35,83655,买盘
30,09:35:52,23.91,0.0,2,4782,卖盘
31,09:35:57,23.91,0.0,3,7173,卖盘
32,09:36:13,23.9,-0.01,5,11950,卖盘
33,09:36:19,23.9,0.0,2,4780,买盘
34,09:36:34,23.9,0.0,2,4780,卖盘
35,09:36:37,23.9,0.0,4,9560,买盘
36,09:37:00,23.91,0.01,5,11955,卖盘
37,09:37:16,23.95,0.04,11,26345,买盘
38,09:37:25,23.95,0.0,21,50295,买盘
39,09:37:37,23.95,0.0,5,11975,卖盘
40,09:37:49,23.94,-0.01,5,11970,买盘
41,09:38:34,23.97,0.03,2,4794,买盘
42,09:38:46,23.95,-0.02,2,4790,卖盘
43,09:38:49,23.95,0.0,2,4790,买盘
44,09:38:57,23.95,0.0,2,4790,卖盘
45,09:39:01,23.95,0.0,5,11975,买盘
46,09:39:07,23.95,0.0,6,14370,买盘
47,09:39:13,23.94,-0.01,9,21546,卖盘
48,09:39:16,23.94,0.0,11,26334,买盘
49,09:39:22,23.93,-0.01,2,4786,卖盘
50,09:39:25,23.94,0.01,1,2394,买盘
51,09:39:34,23.93,-0.01,17,40681,卖盘
52,09:39:49,23.93,0.0,53,126772,买盘
53,09:39:58,23.93,0.0,5,11965,买盘
54,09:40:01,23.9,-0.03,32,76510,卖盘
55,09:40:04,23.89,-0.01,15,35848,卖盘
56,09:40:07,23.89,0.0,2,4778,买盘
57,09:40:13,23.9,0.01,1,2390,买盘
58,09:40:19,23.91,0.01,2,4782,买盘
59,09:40:28,23.88,-0.03,2,4776,卖盘
60,09:40:37,23.88,0.0,20,47760,卖盘
61,09:40:43,23.88,0.0,20,47760,卖盘
62,09:40:46,23.88,0.0,10,23880,卖盘
63,09:40:49,23.86,-0.02,1,2386,卖盘
64,09:40:52,23.86,0.0,1,2386,卖盘
65,09:41:13,23.88,0.02,4,9551,买盘
66,09:41:16,23.88,0.0,6,14328,买盘
67,09:41:21,23.86,-0.02,4,9544,卖盘
68,09:41:25,23.85,-0.01,6,14315,卖盘
69,09:41:28,23.85,0.0,1,2385,卖盘
70,09:41:31,23.85,0.0,1,2385,卖盘
71,09:41:34,23.85,0.0,1,2385,卖盘
72,09:41:37,23.85,0.0,1,2385,卖盘
73,09:41:46,23.85,0.0,15,35775,卖盘
74,09:41:48,23.86,0.01,1,2386,买盘
75,09:41:51,23.85,-0.01,7,16695,卖盘
76,09:41:55,23.84,-0.01,1,2384,卖盘
77,09:42:01,23.83,-0.01,1,2383,卖盘
78,09:42:04,23.83,0.0,25,59578,卖盘
79,09:42:07,23.83,0.0,7,16681,卖盘
80,09:42:09,23.83,0.0,5,11915,卖盘
81,09:42:13,23.8,-0.03,31,73809,卖盘
82,09:42:16,23.8,0.0,7,16660,卖盘
83,09:42:19,23.8,0.0,11,26189,卖盘
84,09:42:22,23.8,0.0,6,14280,卖盘
85,09:42:25,23.8,0.0,2,4760,卖盘
86,09:42:31,23.81,0.01,2,4762,买盘
87,09:42:33,23.81,0.0,37,88091,买盘
88,09:42:37,23.81,0.0,16,38096,卖盘
89,09:42:45,23.81,0.0,52,123825,卖盘
90,09:42:49,23.83,0.02,1,2383,买盘
91,09:42:52,23.81,-0.02,30,71454,卖盘
92,09:43:01,23.85,0.04,8,19080,买盘
93,09:43:04,23.81,-0.04,8,19048,卖盘
94,09:43:10,23.85,0.04,1,2385,买盘
95,09:43:18,23.83,-0.02,2,4766,卖盘
96,09:43:24,23.82,-0.01,8,19056,卖盘
97,09:43:27,23.82,0.0,5,11910,买盘
98,09:43:30,23.85,0.03,3,7155,买盘
99,09:43:34,23.86,0.01,2,4772,买盘
100,09:43:40,23.88,0.02,7,16716,买盘
101,09:43:43,23.88,0.0,7,16716,买盘
102,09:43:54,23.89,0.01,4,9556,买盘
103,09:44:04,23.9,0.01,2,4780,买盘
104,09:44:09,23.91,0.01,40,95622,买盘
105,09:44:12,23.91,0.0,2,4782,卖盘
106,09:44:18,23.93,0.02,14,33502,买盘
107,09:44:25,23.93,0.0,1,2393,买盘
108,09:44:31,23.91,-0.02,26,62166,卖盘
109,09:44:37,23.91,0.0,5,11955,买盘
110,09:44:46,23.91,0.0,2,4782,买盘
111,09:44:58,23.9,-0.01,26,62140,卖盘
112,09:45:09,23.9,0.0,2,4780,买盘
113,09:45:19,23.9,0.0,2,4780,买盘
114,09:45:25,23.9,0.0,3,7170,卖盘
115,09:46:04,23.9,0.0,15,35850,卖盘
116,09:46:06,23.9,0.0,2,4780,买盘
117,09:46:16,23.86,-0.04,1,2386,卖盘
118,09:46:28,23.86,0.0,9,21474,买盘
119,09:46:33,23.92,0.06,2,4782,买盘
120,09:46:54,23.92,0.0,2,4784,卖盘
121,09:47:04,23.92,0.0,2,4784,买盘
122,09:47:39,23.92,0.0,4,9568,买盘
123,09:47:49,23.92,0.0,2,4784,买盘
124,09:47:55,23.92,0.0,1,2392,买盘
125,09:47:58,23.92,0.0,1,2392,买盘
126,09:48:01,23.92,0.0,19,45397,买盘
127,09:48:04,23.93,0.01,41,98088,买盘
128,09:48:06,23.92,-0.01,12,28704,中性盘
129,09:48:13,23.93,0.01,2,4786,买盘
130,09:48:22,23.93,0.0,1,2393,买盘
131,09:48:28,23.93,0.0,5,11965,买盘
132,09:48:33,23.92,-0.01,6,14352,卖盘
133,09:48:37,23.93,0.01,1,2393,买盘
134,09:48:40,23.92,-0.01,2,4784,卖盘
135,09:48:51,23.93,0.01,2,4786,买盘
136,09:48:55,23.93,0.0,2,4786,买盘
137,09:48:57,23.93,0.0,2,4786,买盘
138,09:49:04,23.93,0.0,3,7179,买盘
139,09:49:06,23.93,0.0,2,4786,买盘
140,09:49:16,23.93,0.0,49,117257,买盘
141,09:49:25,23.95,0.02,10,23941,买盘
142,09:49:40,23.95,0.0,1,2395,买盘
143,09:49:43,23.95,0.0,4,9580,买盘
144,09:49:46,23.94,-0.01,2,4788,买盘
145,09:49:49,23.94,0.0,1,2394,买盘
146,09:49:52,23.94,0.0,1,2394,买盘
147,09:49:55,23.94,0.0,1,2394,买盘
148,09:49:58,23.94,0.0,5,11970,买盘
149,09:50:00,23.95,0.01,2,4790,买盘
150,09:50:12,23.94,-0.01,1,2394,买盘
151,09:50:19,23.94,0.0,1,2394,买盘
152,09:50:34,23.94,0.0,1,2394,买盘
153,09:50:37,23.94,0.0,2,4788,买盘
154,09:50:45,23.94,0.0,3,7182,买盘
155,09:50:49,23.94,0.0,1,2394,买盘
156,09:50:52,23.94,0.0,1,2394,买盘
157,09:50:55,23.94,0.0,1,2394,买盘
158,09:51:06,23.94,0.0,2,4788,买盘
159,09:51:10,23.94,0.0,2,4788,买盘
160,09:51:16,23.95,0.01,2,4790,买盘
161,09:51:25,23.92,-0.03,11,26313,卖盘
162,09:51:28,23.93,0.01,2,4786,买盘
163,09:51:36,23.93,0.0,4,9572,买盘
164,09:51:40,23.93,0.0,1,2393,买盘
165,09:51:43,23.92,-0.01,7,16744,卖盘
166,09:51:49,23.93,0.01,1,2393,买盘
167,09:51:52,23.92,-0.01,3,7176,卖盘
168,09:51:55,23.92,0.0,2,4784,买盘
169,09:52:04,23.92,0.0,3,7176,买盘
170,09:52:06,23.92,0.0,1,2392,卖盘
171,09:52:13,23.93,0.01,1,2393,买盘
172,09:52:16,23.92,-0.01,5,11960,卖盘
173,09:52:25,23.92,0.0,2,4784,卖盘
174,09:52:31,23.92,0.0,1,2392,卖盘
175,09:52:34,23.93,0.01,1,2393,买盘
176,09:52:37,23.92,-0.01,1,2392,卖盘
177,09:52:45,23.93,0.01,2,4786,买盘
178,09:52:51,23.93,0.0,2,4786,买盘
179,09:53:07,23.93,0.0,2,4786,买盘
180,09:53:10,23.93,0.0,1,2393,买盘
181,09:53:15,23.92,-0.01,6,14352,卖盘
182,09:53:19,23.92,0.0,1,2392,卖盘
183,09:53:22,23.93,0.01,3,7179,买盘
184,09:53:25,23.92,-0.01,5,11960,卖盘
185,09:53:31,23.92,0.0,3,7176,卖盘
186,09:53:36,23.93,0.01,4,9572,买盘
187,09:53:49,23.94,0.01,1,2394,买盘
188,09:54:04,23.92,-0.02,12,28704,卖盘
189,09:54:07,23.94,0.02,1,2394,买盘
190,09:54:12,23.92,-0.02,1,2392,卖盘
191,09:54:16,23.94,0.02,1,2394,买盘
192,09:54:25,23.92,-0.02,6,14352,卖盘
193,09:54:27,23.91,-0.01,1,2391,买盘
194,09:54:34,23.91,0.0,14,33474,买盘
195,09:54:40,23.91,0.0,18,43038,卖盘
196,09:54:43,23.91,0.0,2,4782,买盘
197,09:54:46,23.94,0.03,1,2394,买盘
198,09:54:58,23.94,0.0,1,2394,买盘
199,09:55:04,23.94,0.0,4,9576,买盘
200,09:55:10,23.9,-0.04,5,11950,卖盘
201,09:55:18,23.93,0.03,1,2393,买盘
202,09:55:22,23.93,0.0,2,4786,买盘
203,09:55:34,23.93,0.0,1,2393,买盘
204,09:55:40,23.93,0.0,11,26323,买盘
205,09:55:55,23.93,0.0,2,4785,买盘
206,09:55:58,23.9,-0.03,1,2390,卖盘
207,09:56:06,23.89,-0.01,4,9556,卖盘
208,09:56:16,23.9,0.01,4,9560,买盘
209,09:56:25,23.9,0.0,1,2390,卖盘
210,09:56:49,23.9,0.0,1,2390,卖盘
211,09:57:09,23.93,0.03,2,4786,买盘
212,09:57:40,23.9,-0.03,2,4780,卖盘
213,09:57:49,23.93,0.03,10,23930,买盘
214,09:58:27,23.9,-0.03,20,47800,卖盘
215,09:58:34,23.9,0.0,1,2390,卖盘
216,09:58:42,23.92,0.02,2,4784,买盘
217,09:58:55,23.9,-0.02,3,7174,卖盘
218,09:58:58,23.89,-0.01,2,4778,卖盘
219,09:59:34,23.89,0.0,1,2389,卖盘
220,09:59:37,23.89,0.0,3,7167,买盘
221,09:59:49,23.89,0.0,5,11945,买盘
222,09:59:52,23.89,0.0,1,2389,买盘
223,09:59:55,23.88,-0.01,13,31045,卖盘
224,10:00:06,23.93,0.05,2,4783,买盘
225,10:00:10,23.88,-0.05,2,4776,卖盘
226,10:00:13,23.88,0.0,1,2388,买盘
227,10:00:25,23.87,-0.01,12,28644,卖盘
228,10:00:43,23.86,-0.01,1,2386,卖盘
229,10:00:52,23.87,0.01,2,4774,买盘
230,10:00:58,23.87,0.0,4,9548,买盘
231,10:01:04,23.87,0.0,23,54899,买盘
232,10:01:16,23.87,0.0,2,4774,买盘
233,10:01:40,23.87,0.0,14,33418,买盘
234,10:01:43,23.87,0.0,7,16709,买盘
235,10:01:52,23.87,0.0,12,28644,买盘
236,10:01:54,23.87,0.0,1,2387,买盘
237,10:02:04,23.87,0.0,2,4774,卖盘
238,10:02:07,23.88,0.01,1,2388,买盘
239,10:02:10,23.88,0.0,2,4776,买盘
240,10:02:13,23.87,-0.01,4,9548,卖盘
241,10:02:19,23.88,0.01,4,9551,买盘
242,10:02:25,23.88,0.0,2,4776,买盘
243,10:02:55,23.9,0.02,4,9560,卖盘
244,10:03:10,23.88,-0.02,2,4776,买盘
245,10:03:22,23.87,-0.01,2,4774,卖盘
246,10:03:25,23.87,0.0,3,7161,卖盘
247,10:03:31,23.86,-0.01,4,9544,卖盘
248,10:03:37,23.86,0.0,15,35790,卖盘
249,10:03:39,23.87,0.01,2,4773,买盘
250,10:03:43,23.86,-0.01,6,14316,卖盘
251,10:03:46,23.87,0.01,4,9545,买盘
252,10:03:55,23.85,-0.02,12,28620,卖盘
253,10:04:22,23.85,0.0,7,16695,卖盘
254,10:04:25,23.85,0.0,1,2385,卖盘
255,10:04:31,23.85,0.0,6,14310,卖盘
256,10:04:43,23.86,0.01,5,11930,买盘
257,10:04:52,23.87,0.01,2,4774,买盘
258,10:04:55,23.87,0.0,3,7161,买盘
259,10:05:04,23.87,0.0,5,11935,买盘
260,10:05:19,23.88,0.01,3,7164,买盘
261,10:05:28,23.92,0.04,5,11960,买盘
262,10:05:31,23.92,0.0,2,4784,卖盘
263,10:06:01,23.94,0.02,2,4787,买盘
264,10:06:37,23.93,-0.01,3,7179,买盘
265,10:06:48,23.92,-0.01,1,2392,卖盘
266,10:07:12,23.9,-0.02,1,2390,卖盘
267,10:07:16,23.9,0.0,2,4780,买盘
268,10:07:28,23.9,0.0,9,21510,买盘
269,10:07:31,23.89,-0.01,17,40613,卖盘
270,10:07:33,23.89,0.0,2,4778,买盘
271,10:07:39,23.89,0.0,6,14334,买盘
272,10:07:55,23.88,-0.01,2,4776,卖盘
273,10:08:04,23.88,0.0,3,7164,卖盘
274,10:08:07,23.88,0.0,11,26268,买盘
275,10:08:25,23.88,0.0,6,14328,买盘
276,10:08:55,23.88,0.0,6,14325,买盘
277,10:09:19,23.88,0.0,6,14328,买盘
278,10:09:28,23.88,0.0,5,11940,卖盘
279,10:09:49,23.89,0.01,2,4778,买盘
280,10:09:51,23.88,-0.01,4,9552,卖盘
281,10:10:10,23.88,0.0,1,2388,卖盘
282,10:10:58,23.88,0.0,8,19104,卖盘
283,10:11:00,23.89,0.01,1,2389,买盘
284,10:11:04,23.88,-0.01,30,71640,卖盘
285,10:11:22,23.9,0.02,2,4780,买盘
286,10:11:27,23.9,0.0,2,4780,买盘
287,10:11:37,23.89,-0.01,2,4778,卖盘
288,10:11:45,23.89,0.0,5,11945,买盘
289,10:11:52,23.9,0.01,4,9560,买盘
290,10:12:06,23.9,0.0,5,11950,买盘
291,10:12:18,23.9,0.0,2,4780,买盘
292,10:12:28,23.89,-0.01,12,28668,卖盘
293,10:13:09,23.89,0.0,8,19112,买盘
294,10:13:40,23.9,0.01,1,2390,买盘
295,10:13:42,23.9,0.0,2,4780,买盘
296,10:14:10,23.89,-0.01,17,40614,卖盘
297,10:14:46,23.88,-0.01,20,47760,卖盘
298,10:14:58,23.88,0.0,15,35820,卖盘
299,10:15:25,23.87,-0.01,2,4774,卖盘
300,10:15:28,23.87,0.0,1,2387,卖盘
301,10:15:46,23.87,0.0,1,2387,卖盘
302,10:16:01,23.87,0.0,1,2387,卖盘
303,10:16:04,23.87,0.0,20,47740,卖盘
304,10:16:06,23.88,0.01,2,4776,买盘
305,10:16:12,23.87,-0.01,3,7161,卖盘
306,10:16:19,23.87,0.0,10,23870,卖盘
307,10:16:25,23.87,0.0,1,2387,卖盘
308,10:16:49,23.87,0.0,5,11935,卖盘
309,10:17:34,23.88,0.01,2,4776,买盘
310,10:18:07,23.88,0.0,21,50148,买盘
311,10:18:12,23.88,0.0,1,2388,买盘
312,10:18:16,23.88,0.0,1,2388,买盘
313,10:18:19,23.88,0.0,3,7164,买盘
314,10:19:18,23.88,0.0,2,4776,买盘
315,10:19:28,23.88,0.0,2,4776,买盘
316,10:19:34,23.87,-0.01,1,2387,卖盘
317,10:20:28,23.87,0.0,5,11935,卖盘
318,10:20:34,23.88,0.01,2,4776,买盘
319,10:21:04,23.88,0.0,5,11940,买盘
320,10:21:15,23.88,0.0,2,4776,买盘
321,10:21:40,23.87,-0.01,4,9548,卖盘
322,10:21:43,23.88,0.01,5,11940,买盘
323,10:21:49,23.87,-0.01,10,23870,卖盘
324,10:21:54,23.87,0.0,2,4774,卖盘
325,10:22:19,23.88,0.01,2,4776,买盘
326,10:22:46,23.86,-0.02,100,238625,卖盘
327,10:23:07,23.86,0.0,5,11930,卖盘
328,10:23:52,23.85,-0.01,24,57242,卖盘
329,10:23:57,23.86,0.01,2,4772,买盘
330,10:24:01,23.85,-0.01,6,14310,卖盘
331,10:24:49,23.85,0.0,12,28627,卖盘
332,10:25:55,23.88,0.03,11,26268,买盘
333,10:26:03,23.89,0.01,2,4778,买盘
334,10:26:19,23.89,0.0,30,71670,买盘
335,10:26:31,23.89,0.0,2,4778,买盘
336,10:26:46,23.89,0.0,20,47780,买盘
337,10:26:49,23.89,0.0,30,71670,买盘
338,10:27:10,23.9,0.01,10,23900,买盘
339,10:27:12,23.9,0.0,7,16730,买盘
340,10:27:46,23.9,0.0,1,2390,买盘
341,10:28:28,23.9,0.0,1,2390,买盘
342,10:28:43,23.92,0.02,30,71760,买盘
343,10:28:46,23.94,0.02,2,4788,买盘
344,10:29:10,23.94,0.0,2,4788,买盘
345,10:29:27,23.94,0.0,5,11968,买盘
346,10:29:33,23.95,0.01,1,2395,买盘
347,10:29:52,23.94,-0.01,9,21546,卖盘
348,10:29:55,23.95,0.01,5,11975,买盘
349,10:29:58,23.94,-0.01,8,19152,卖盘
350,10:31:04,23.9,-0.04,2,4780,卖盘
351,10:31:27,23.9,0.0,2,4780,卖盘
352,10:31:34,23.9,0.0,22,52580,卖盘
353,10:31:43,23.9,0.0,5,11950,买盘
354,10:31:52,23.9,0.0,1,2390,买盘
355,10:32:22,23.9,0.0,2,4780,买盘
356,10:32:30,23.9,0.0,5,11950,买盘
357,10:32:48,23.89,-0.01,2,4778,买盘
358,10:33:04,23.89,0.0,1,2389,买盘
359,10:33:07,23.9,0.01,1,2390,买盘
360,10:33:16,23.9,0.0,3,7170,买盘
361,10:33:22,23.9,0.0,4,9560,买盘
362,10:33:42,23.89,-0.01,7,16724,卖盘
363,10:34:04,23.89,0.0,5,11945,买盘
364,10:34:16,23.87,-0.02,9,21490,卖盘
365,10:34:34,23.87,0.0,19,45353,买盘
366,10:35:25,23.9,0.03,1,2390,买盘
367,10:35:28,23.9,0.0,3,7170,买盘
368,10:35:31,23.9,0.0,4,9560,买盘
369,10:35:34,23.93,0.03,1,2393,买盘
370,10:35:37,23.94,0.01,1,2394,买盘
371,10:35:40,23.94,0.0,1,2394,买盘
372,10:35:43,23.95,0.01,39,93402,买盘
373,10:35:55,23.96,0.01,3,7188,卖盘
374,10:35:58,23.97,0.01,3,7190,买盘
375,10:36:01,23.97,0.0,11,26367,买盘
376,10:36:04,23.98,0.01,40,95905,买盘
377,10:36:10,23.98,0.0,1,2398,买盘
378,10:36:16,23.98,0.0,6,14388,买盘
379,10:36:19,23.99,0.01,2,4797,买盘
380,10:36:28,24.01,0.02,1,2401,买盘
381,10:36:34,24.01,0.0,50,120050,买盘
382,10:36:37,24.01,0.0,5,12005,买盘
383,10:36:40,24.01,0.0,6,14406,买盘
384,10:37:07,24.0,-0.01,5,12000,中性盘
385,10:37:22,24.01,0.01,2,4801,买盘
386,10:37:34,24.01,0.0,37,88827,买盘
387,10:37:37,24.02,0.01,1,2402,买盘
388,10:37:46,24.02,0.0,5,12010,买盘
389,10:37:48,24.02,0.0,2,4804,买盘
390,10:37:54,24.02,0.0,1,2402,买盘
391,10:38:07,24.02,0.0,1,2402,买盘
392,10:38:22,24.02,0.0,48,115260,买盘
393,10:38:30,24.02,0.0,1,2402,卖盘
394,10:38:36,24.02,0.0,5,12010,卖盘
395,10:38:40,24.02,0.0,2,4804,卖盘
396,10:39:01,24.0,-0.02,23,55200,卖盘
397,10:39:36,23.99,-0.01,2,4798,买盘
398,10:40:01,23.98,-0.01,4,9592,卖盘
399,10:40:22,23.98,0.0,2,4796,买盘
400,10:40:28,23.98,0.0,7,16786,买盘
401,10:40:48,23.98,0.0,3,7194,买盘
402,10:41:31,24.02,0.04,2,4804,买盘
403,10:41:39,24.02,0.0,8,19216,买盘
404,10:42:09,24.03,0.01,13,31239,买盘
405,10:42:19,24.02,-0.01,12,28831,卖盘
406,10:42:30,24.03,0.01,10,24030,卖盘
407,10:42:40,24.03,0.0,3,7211,中性盘
408,10:43:00,24.03,0.0,4,9612,买盘
409,10:43:04,24.03,0.0,21,50457,买盘
410,10:43:18,24.04,0.01,45,108180,买盘
411,10:43:28,24.04,0.0,5,12020,卖盘
412,10:43:39,24.04,0.0,4,9616,买盘
413,10:43:48,24.04,0.0,5,12020,卖盘
414,10:44:07,24.04,0.0,29,69716,卖盘
415,10:44:13,24.04,0.0,6,14424,卖盘
416,10:44:22,24.04,0.0,25,60100,卖盘
417,10:44:25,24.04,0.0,4,9616,卖盘
418,10:44:52,24.03,-0.01,2,4806,买盘
419,10:45:40,24.03,0.0,1,2403,买盘
420,10:45:54,24.03,0.0,7,16821,买盘
421,10:46:07,24.0,-0.03,6,14400,卖盘
422,10:46:13,23.99,-0.01,20,47980,卖盘
423,10:46:16,23.99,0.0,19,45581,卖盘
424,10:47:10,24.0,0.01,10,24000,买盘
425,10:47:30,23.97,-0.03,7,16779,卖盘
426,10:48:12,23.97,0.0,6,14382,卖盘
427,10:48:57,23.97,0.0,17,40749,卖盘
428,10:49:18,23.97,0.0,1,2397,买盘
429,10:49:49,23.96,-0.01,19,45524,卖盘
430,10:49:52,23.97,0.01,4,9588,买盘
431,10:50:04,23.96,-0.01,7,16778,卖盘
432,10:50:42,23.95,-0.01,9,21555,卖盘
433,10:52:39,23.96,0.01,19,45517,买盘
434,10:52:46,23.93,-0.03,10,23935,卖盘
435,10:52:48,23.96,0.03,20,47899,买盘
436,10:54:00,23.96,0.0,13,31148,买盘
437,10:55:39,23.95,-0.01,10,23950,买盘
438,10:56:18,23.95,0.0,4,9580,买盘
439,10:56:25,23.95,0.0,1,2395,买盘
440,10:56:28,23.96,0.01,32,76644,买盘
441,10:56:31,23.96,0.0,2,4792,买盘
442,10:56:34,23.98,0.02,40,95846,买盘
443,10:56:37,23.98,0.0,2,4796,买盘
444,10:56:40,24.0,0.02,12,28778,买盘
445,10:56:43,24.0,0.0,7,16790,买盘
446,10:56:46,24.0,0.0,1,2400,买盘
447,10:57:01,24.0,0.0,1,2400,买盘
448,10:57:07,24.02,0.02,1,2402,买盘
449,10:57:34,24.02,0.0,2,4804,买盘
450,10:59:25,24.01,-0.01,3,7203,卖盘
451,10:59:34,24.02,0.01,11,26422,买盘
452,11:00:34,24.02,0.0,30,72060,卖盘
453,11:00:36,24.02,0.0,1,2402,卖盘
454,11:00:39,24.01,-0.01,2,4802,卖盘
455,11:00:48,24.01,0.0,3,7203,卖盘
456,11:01:15,24.01,0.0,2,4802,买盘
457,11:01:33,23.98,-0.03,11,26378,卖盘
458,11:01:54,23.91,-0.07,110,263280,卖盘
459,11:04:42,23.98,0.07,2,4796,买盘
460,11:05:01,23.98,0.0,5,11990,卖盘
461,11:05:04,23.98,0.0,47,112746,卖盘
462,11:05:07,23.98,0.0,2,4796,买盘
463,11:05:10,23.98,0.0,11,26378,买盘
464,11:05:28,23.98,0.0,1,2398,卖盘
465,11:06:01,23.98,0.0,44,105512,卖盘
466,11:06:07,23.94,-0.04,1,2394,卖盘
467,11:06:18,23.94,0.0,9,21546,卖盘
468,11:06:31,23.94,0.0,5,11970,买盘
469,11:06:34,23.94,0.0,1,2394,买盘
470,11:06:39,23.93,-0.01,8,19144,卖盘
471,11:06:49,23.92,-0.01,11,26312,卖盘
472,11:06:52,23.93,0.01,2,4786,买盘
473,11:07:06,23.97,0.04,4,9588,买盘
474,11:07:24,23.98,0.01,2,4796,买盘
475,11:07:48,23.98,0.0,1,2398,买盘
476,11:08:16,23.97,-0.01,5,11985,卖盘
477,11:08:58,23.97,0.0,7,16779,卖盘
478,11:09:18,23.97,0.0,59,141423,卖盘
479,11:10:49,23.93,-0.04,2,4786,卖盘
480,11:11:10,23.93,0.0,1,2393,卖盘
481,11:11:12,23.93,0.0,1,2393,卖盘
482,11:11:31,23.94,0.01,2,4788,买盘
483,11:11:43,23.93,-0.01,11,26323,卖盘
484,11:11:46,23.93,0.0,3,7179,卖盘
485,11:11:52,23.94,0.01,11,26334,买盘
486,11:12:04,23.91,-0.03,64,153095,卖盘
487,11:12:18,23.9,-0.01,20,47800,卖盘
488,11:12:24,23.9,0.0,5,11950,卖盘
489,11:13:00,23.9,0.0,6,14340,卖盘
490,11:13:19,23.9,0.0,2,4780,卖盘
491,11:13:31,23.9,0.0,1,2390,卖盘
492,11:13:46,23.88,-0.02,2,4776,卖盘
493,11:13:48,23.88,0.0,1,2388,买盘
494,11:14:10,23.87,-0.01,1,2387,卖盘
495,11:14:12,23.87,0.0,1,2387,买盘
496,11:14:22,23.87,0.0,1,2387,卖盘
497,11:14:25,23.87,0.0,1,2387,买盘
498,11:14:55,23.87,0.0,1,2387,卖盘
499,11:14:57,23.87,0.0,14,33418,卖盘
500,11:15:07,23.86,-0.01,3,7158,卖盘
501,11:15:10,23.86,0.0,11,26246,卖盘
502,11:15:13,23.86,0.0,4,9544,卖盘
503,11:15:19,23.87,0.01,7,16704,买盘
504,11:15:34,23.86,-0.01,32,76352,卖盘
505,11:15:37,23.85,-0.01,4,9540,卖盘
506,11:15:46,23.85,0.0,8,19080,卖盘
507,11:16:01,23.85,0.0,20,47700,卖盘
508,11:16:10,23.84,-0.01,64,152626,卖盘
509,11:16:40,23.85,0.01,10,23850,买盘
510,11:16:43,23.83,-0.02,8,19070,卖盘
511,11:17:15,23.84,0.01,2,4768,卖盘
512,11:17:25,23.84,0.0,37,88208,卖盘
513,11:17:28,23.84,0.0,8,19072,卖盘
514,11:17:31,23.84,0.0,1,2384,买盘
515,11:17:34,23.84,0.0,4,9536,买盘
516,11:17:40,23.84,0.0,1,2384,中性盘
517,11:17:55,23.85,0.01,1,2385,买盘
518,11:17:57,23.84,-0.01,17,40528,卖盘
519,11:18:04,23.84,0.0,5,11920,卖盘
520,11:18:13,23.83,-0.01,3,7149,卖盘
521,11:18:16,23.84,0.01,11,26224,买盘
522,11:18:22,23.84,0.0,4,9536,买盘
523,11:18:37,23.84,0.0,7,16688,卖盘
524,11:19:30,23.86,0.02,28,66808,买盘
525,11:19:34,23.87,0.01,4,9548,买盘
526,11:19:51,23.9,0.03,7,16730,买盘
527,11:21:28,23.92,0.02,9,21536,卖盘
528,11:21:39,23.92,0.0,5,11960,卖盘
529,11:21:46,23.92,0.0,1,2392,卖盘
530,11:21:48,23.93,0.01,2,4786,买盘
531,11:22:13,23.93,0.0,3,7179,买盘
532,11:22:45,23.93,0.0,2,4786,买盘
533,11:23:07,23.93,0.0,10,23930,买盘
534,11:23:10,23.93,0.0,5,11965,买盘
535,11:23:19,23.93,0.0,2,4786,买盘
536,11:26:27,23.94,0.01,2,4788,买盘
537,11:26:30,23.93,-0.01,1,2393,卖盘
538,11:26:57,23.93,0.0,1,2393,卖盘
539,11:27:04,23.92,-0.01,1,2392,卖盘
540,11:27:12,23.84,-0.08,25,59699,卖盘
541,11:27:19,23.93,0.09,1,2393,买盘
542,11:28:15,23.92,-0.01,1,2392,买盘
543,11:28:21,23.86,-0.06,1,2386,卖盘
544,11:29:15,23.86,0.0,3,7158,买盘
545,11:29:48,23.86,0.0,2,4772,卖盘
546,13:00:04,23.82,-0.04,101,240729,卖盘
547,13:00:15,23.91,0.09,1,2391,买盘
548,13:00:39,23.91,0.0,1,2391,买盘
549,13:01:06,23.91,0.0,10,23910,买盘
550,13:01:27,23.91,0.0,25,59775,卖盘
551,13:01:30,23.91,0.0,18,43038,卖盘
552,13:03:15,23.91,0.0,1,2391,卖盘
553,13:03:42,23.91,0.0,3,7173,卖盘
554,13:06:00,23.91,0.0,4,9564,卖盘
555,13:06:24,23.92,0.01,1,2392,买盘
556,13:06:57,23.92,0.0,9,21528,买盘
557,13:07:03,23.91,-0.01,95,227160,卖盘
558,13:07:30,23.86,-0.05,1,2386,卖盘
559,13:08:00,23.86,0.0,1,2386,卖盘
560,13:08:37,23.9,0.04,1,2390,买盘
561,13:08:51,23.9,0.0,1,2390,买盘
562,13:09:22,23.88,-0.02,2,4776,买盘
563,13:10:45,23.86,-0.02,1,2386,卖盘
564,13:11:27,23.86,0.0,6,14316,买盘
565,13:11:45,23.86,0.0,4,9544,卖盘
566,13:11:48,23.88,0.02,2,4776,买盘
567,13:12:57,23.88,0.0,2,4776,买盘
568,13:13:06,23.88,0.0,2,4776,买盘
569,13:13:21,23.87,-0.01,1,2387,卖盘
570,13:14:22,23.87,0.0,3,7161,买盘
571,13:14:27,23.87,0.0,7,16709,买盘
572,13:14:51,23.88,0.01,2,4776,买盘
573,13:14:55,23.87,-0.01,3,7161,卖盘
574,13:15:45,23.85,-0.02,3,7155,卖盘
575,13:16:12,23.85,0.0,4,9540,卖盘
576,13:16:15,23.85,0.0,13,31005,卖盘
577,13:16:27,23.85,0.0,2,4770,买盘
578,13:16:36,23.84,-0.01,1,2384,卖盘
579,13:16:48,23.82,-0.02,3,7146,卖盘
580,13:17:04,23.82,0.0,25,59550,卖盘
581,13:17:07,23.84,0.02,13,30982,买盘
582,13:17:16,23.84,0.0,2,4768,卖盘
583,13:17:28,23.85,0.01,2,4770,买盘
584,13:18:06,23.84,-0.01,2,4767,买盘
585,13:18:10,23.85,0.01,2,4769,买盘
586,13:18:34,23.84,-0.01,1,2384,买盘
587,13:18:52,23.84,0.0,2,4768,买盘
588,13:19:07,23.83,-0.01,1,2383,卖盘
589,13:19:16,23.83,0.0,2,4766,卖盘
590,13:19:46,23.84,0.01,10,23840,买盘
591,13:19:48,23.83,-0.01,5,11915,卖盘
592,13:19:51,23.83,0.0,10,23830,卖盘
593,13:20:22,23.84,0.01,2,4768,买盘
594,13:20:57,23.84,0.0,10,23840,买盘
595,13:21:00,23.84,0.0,1,2384,买盘
596,13:21:04,23.84,0.0,1,2384,买盘
597,13:22:15,23.84,0.0,26,62002,卖盘
598,13:22:19,23.84,0.0,2,4768,买盘
599,13:22:30,23.85,0.01,3,7155,买盘
600,13:22:37,23.85,0.0,11,26235,买盘
601,13:23:01,23.85,0.0,2,4770,买盘
602,13:23:09,23.85,0.0,1,2385,买盘
603,13:23:31,23.85,0.0,7,16695,买盘
604,13:24:04,23.85,0.0,1,2385,买盘
605,13:24:21,23.84,-0.01,16,38144,卖盘
606,13:24:57,23.84,0.0,1,2384,买盘
607,13:25:06,23.83,-0.01,1,2383,卖盘
608,13:26:04,23.84,0.01,12,28608,买盘
609,13:26:27,23.85,0.01,10,23850,买盘
610,13:26:30,23.85,0.0,7,16695,买盘
611,13:26:48,23.87,0.02,2,4774,买盘
612,13:28:18,23.86,-0.01,1,2386,买盘
613,13:28:52,23.85,-0.01,4,9543,卖盘
614,13:28:58,23.85,0.0,2,4770,买盘
615,13:29:01,23.85,0.0,1,2385,买盘
616,13:29:33,23.87,0.02,2,4774,买盘
617,13:29:54,23.85,-0.02,1,2385,卖盘
618,13:30:30,23.85,0.0,4,9540,买盘
619,13:30:46,23.85,0.0,1,2385,卖盘
620,13:31:09,23.85,0.0,1,2385,卖盘
621,13:31:21,23.84,-0.01,2,4768,卖盘
622,13:31:28,23.84,0.0,6,14305,卖盘
623,13:31:43,23.84,0.0,6,14304,买盘
624,13:31:46,23.84,0.0,2,4768,买盘
625,13:31:49,23.83,-0.01,65,154895,卖盘
626,13:31:57,23.83,0.0,1,2383,买盘
627,13:32:07,23.83,0.0,10,23830,买盘
628,13:32:10,23.82,-0.01,1,2382,卖盘
629,13:32:19,23.82,0.0,1,2382,卖盘
630,13:32:22,23.83,0.01,2,4766,买盘
631,13:32:37,23.81,-0.02,16,38111,卖盘
632,13:33:13,23.82,0.01,1,2382,买盘
633,13:33:19,23.81,-0.01,13,30953,卖盘
634,13:33:24,23.81,0.0,2,4762,卖盘
635,13:33:31,23.81,0.0,1,2381,卖盘
636,13:33:37,23.81,0.0,62,147622,卖盘
637,13:33:42,23.8,-0.01,221,525974,卖盘
638,13:33:55,23.79,-0.01,11,26169,卖盘
639,13:34:04,23.79,0.0,4,9516,卖盘
640,13:34:13,23.78,-0.01,16,38048,卖盘
641,13:34:16,23.77,-0.01,24,57048,卖盘
642,13:34:22,23.76,-0.01,12,28513,卖盘
643,13:34:31,23.75,-0.01,4,9500,卖盘
644,13:34:43,23.75,0.0,1,2375,卖盘
645,13:34:46,23.75,0.0,6,14250,卖盘
646,13:34:51,23.75,0.0,3,7125,卖盘
647,13:34:54,23.77,0.02,2,4754,买盘
648,13:34:57,23.75,-0.02,5,11875,卖盘
649,13:35:06,23.75,0.0,10,23762,卖盘
650,13:35:16,23.72,-0.03,9,21348,卖盘
651,13:35:19,23.72,0.0,3,7116,卖盘
652,13:35:25,23.75,0.03,9,21375,买盘
653,13:35:37,23.74,-0.01,15,35588,买盘
654,13:35:42,23.74,0.0,5,11870,买盘
655,13:35:48,23.74,0.0,2,4748,买盘
656,13:35:51,23.74,0.0,1,2374,买盘
657,13:36:16,23.72,-0.02,9,21351,卖盘
658,13:36:31,23.76,0.04,1,2376,买盘
659,13:37:07,23.77,0.01,2,4754,买盘
660,13:37:37,23.76,-0.01,8,19009,卖盘
661,13:37:51,23.76,0.0,4,9504,卖盘
662,13:38:04,23.75,-0.01,1,2375,卖盘
663,13:38:18,23.74,-0.01,2,4748,卖盘
664,13:38:21,23.74,0.0,2,4748,买盘
665,13:38:43,23.74,0.0,1,2374,买盘
666,13:38:48,23.72,-0.02,50,118600,卖盘
667,13:39:04,23.72,0.0,7,16606,卖盘
668,13:39:10,23.72,0.0,1,2372,卖盘
669,13:39:36,23.72,0.0,7,16604,卖盘
670,13:39:40,23.72,0.0,6,14232,卖盘
671,13:39:43,23.74,0.02,2,4748,买盘
672,13:39:52,23.72,-0.02,1,2372,卖盘
673,13:40:18,23.74,0.02,2,4748,买盘
674,13:40:28,23.74,0.0,21,49854,买盘
675,13:40:36,23.74,0.0,3,7122,卖盘
676,13:40:43,23.75,0.01,3,7125,买盘
677,13:40:46,23.75,0.0,12,28500,买盘
678,13:40:48,23.75,0.0,12,28493,买盘
679,13:40:51,23.75,0.0,1,2375,买盘
680,13:40:54,23.75,0.0,1,2375,买盘
681,13:41:09,23.75,0.0,7,16625,买盘
682,13:41:12,23.75,0.0,1,2375,买盘
683,13:41:15,23.75,0.0,12,28500,买盘
684,13:41:33,23.76,0.01,19,45144,买盘
685,13:41:55,23.76,0.0,25,59400,卖盘
686,13:42:07,23.76,0.0,1,2376,卖盘
687,13:42:25,23.77,0.01,36,85572,买盘
688,13:42:31,23.76,-0.01,2,4752,卖盘
689,13:42:37,23.77,0.01,2,4754,买盘
690,13:43:12,23.75,-0.02,4,9500,卖盘
691,13:43:19,23.77,0.02,2,4754,买盘
692,13:43:30,23.75,-0.02,3,7125,卖盘
693,13:43:48,23.75,0.0,1,2375,卖盘
694,13:44:18,23.74,-0.01,38,90231,卖盘
695,13:44:57,23.74,0.0,4,9496,卖盘
696,13:45:01,23.77,0.03,1,2377,买盘
697,13:45:27,23.74,-0.03,20,47480,卖盘
698,13:45:40,23.74,0.0,2,4748,卖盘
699,13:45:49,23.74,0.0,25,59363,卖盘
700,13:45:55,23.74,0.0,8,18992,卖盘
701,13:46:10,23.74,0.0,11,26114,买盘
702,13:46:22,23.73,-0.01,10,23730,卖盘
703,13:46:36,23.73,0.0,9,21357,卖盘
704,13:46:42,23.73,0.0,6,14238,卖盘
705,13:46:52,23.73,0.0,1,2373,卖盘
706,13:46:55,23.72,-0.01,123,291760,卖盘
707,13:47:19,23.71,-0.01,1,2371,卖盘
708,13:47:28,23.7,-0.01,66,156420,卖盘
709,13:47:31,23.68,-0.02,43,101852,卖盘
710,13:47:49,23.66,-0.02,9,21294,卖盘
711,13:47:58,23.63,-0.03,8,18912,卖盘
712,13:48:00,23.63,0.0,2,4726,卖盘
713,13:48:09,23.63,0.0,2,4726,买盘
714,13:48:19,23.65,0.02,1,2365,买盘
715,13:48:28,23.65,0.0,8,18920,买盘
716,13:48:31,23.63,-0.02,4,9452,卖盘
717,13:48:34,23.63,0.0,1,2363,买盘
718,13:48:36,23.63,0.0,5,11815,买盘
719,13:48:46,23.62,-0.01,13,30714,卖盘
720,13:48:49,23.63,0.01,7,16541,中性盘
721,13:48:52,23.62,-0.01,9,21258,卖盘
722,13:48:55,23.62,0.0,1,2362,买盘
723,13:49:01,23.62,0.0,12,28335,买盘
724,13:49:09,23.61,-0.01,2,4722,中性盘
725,13:49:13,23.62,0.01,3,7086,买盘
726,13:49:15,23.6,-0.02,29,68448,卖盘
727,13:49:18,23.62,0.02,10,23618,买盘
728,13:49:31,23.62,0.0,10,23620,买盘
729,13:49:33,23.6,-0.02,21,49560,卖盘
730,13:49:39,23.6,0.0,10,23600,买盘
731,13:49:51,23.6,0.0,24,56650,卖盘
732,13:50:13,23.6,0.0,7,16524,卖盘
733,13:50:24,23.6,0.0,7,16520,卖盘
734,13:50:28,23.6,0.0,3,7080,买盘
735,13:50:30,23.57,-0.03,25,58945,卖盘
736,13:50:33,23.6,0.03,8,18874,买盘
737,13:50:42,23.6,0.0,12,28320,卖盘
738,13:50:46,23.6,0.0,8,18880,买盘
739,13:50:48,23.61,0.01,1,2361,中性盘
740,13:51:04,23.6,-0.01,27,63729,卖盘
741,13:51:06,23.61,0.01,20,47220,卖盘
742,13:51:12,23.62,0.01,73,172426,买盘
743,13:51:25,23.65,0.03,1,2365,买盘
744,13:51:31,23.65,0.0,2,4730,买盘
745,13:51:43,23.64,-0.01,1,2364,买盘
746,13:51:49,23.64,0.0,10,23640,卖盘
747,13:51:52,23.65,0.01,1,2365,买盘
748,13:51:55,23.65,0.0,5,11825,买盘
749,13:52:01,23.65,0.0,11,26015,买盘
750,13:52:25,23.7,0.05,1,2370,买盘
751,13:52:31,23.7,0.0,9,21330,买盘
752,13:52:37,23.71,0.01,6,14226,买盘
753,13:52:40,23.71,0.0,1,2371,买盘
754,13:53:04,23.71,0.0,2,4742,买盘
755,13:53:10,23.71,0.0,10,23710,买盘
756,13:53:13,23.71,0.0,1,2371,买盘
757,13:53:25,23.74,0.03,6,14244,买盘
758,13:54:16,23.71,-0.03,1,2371,卖盘
759,13:54:28,23.72,0.01,1,2372,卖盘
760,13:54:55,23.71,-0.01,20,47420,卖盘
761,13:55:13,23.72,0.01,2,4744,买盘
762,13:55:36,23.71,-0.01,20,47420,卖盘
763,13:56:28,23.71,0.0,30,71130,卖盘
764,13:56:40,23.72,0.01,1,2372,买盘
765,13:56:43,23.71,-0.01,6,14226,卖盘
766,13:57:13,23.72,0.01,2,4744,买盘
767,13:57:28,23.72,0.0,2,4744,买盘
768,13:57:31,23.75,0.03,3,7125,买盘
769,13:57:49,23.74,-0.01,4,9496,买盘
770,13:57:52,23.72,-0.02,2,4744,卖盘
771,13:57:54,23.71,-0.01,25,59275,卖盘
772,13:58:15,23.71,0.0,1,2371,卖盘
773,13:58:24,23.71,0.0,6,14226,卖盘
774,13:58:42,23.72,0.01,2,4744,买盘
775,13:58:46,23.75,0.03,2,4750,买盘
776,13:58:49,23.71,-0.04,33,78243,卖盘
777,13:59:10,23.71,0.0,5,11855,买盘
778,13:59:13,23.71,0.0,10,23710,买盘
779,14:00:09,23.71,0.0,2,4742,买盘
780,14:01:01,23.73,0.02,4,9492,买盘
781,14:01:10,23.73,0.0,1,2373,卖盘
782,14:01:13,23.71,-0.02,25,59285,卖盘
783,14:01:21,23.71,0.0,7,16597,卖盘
784,14:01:27,23.71,0.0,2,4742,买盘
785,14:01:40,23.71,0.0,21,49791,买盘
786,14:01:42,23.73,0.02,2,4746,买盘
787,14:02:04,23.71,-0.02,6,14226,卖盘
788,14:02:10,23.71,0.0,22,52162,卖盘
789,14:02:24,23.7,-0.01,1,2370,卖盘
790,14:02:58,23.65,-0.05,28,66226,卖盘
791,14:03:07,23.63,-0.02,4,9452,卖盘
792,14:03:22,23.65,0.02,2,4730,买盘
793,14:03:43,23.65,0.0,2,4730,买盘
794,14:04:13,23.63,-0.02,2,4726,卖盘
795,14:05:19,23.65,0.02,2,4730,买盘
796,14:05:24,23.65,0.0,2,4730,买盘
797,14:05:40,23.65,0.0,12,28365,买盘
798,14:05:49,23.65,0.0,4,9460,买盘
799,14:05:52,23.65,0.0,2,4730,买盘
800,14:05:55,23.65,0.0,1,2365,买盘
801,14:06:06,23.65,0.0,2,4730,买盘
802,14:06:28,23.65,0.0,2,4730,买盘
803,14:06:58,23.65,0.0,7,16555,买盘
804,14:07:33,23.65,0.0,2,4730,买盘
805,14:07:36,23.64,-0.01,4,9456,卖盘
806,14:07:40,23.64,0.0,2,4728,卖盘
807,14:07:49,23.64,0.0,3,7093,卖盘
808,14:08:07,23.64,0.0,1,2364,卖盘
809,14:08:13,23.64,0.0,1,2364,卖盘
810,14:08:16,23.64,0.0,6,14184,卖盘
811,14:09:01,23.64,0.0,12,28368,卖盘
812,14:09:34,23.64,0.0,1,2364,卖盘
813,14:09:46,23.64,0.0,2,4728,卖盘
814,14:09:55,23.63,-0.01,4,9452,卖盘
815,14:10:04,23.64,0.01,2,4728,买盘
816,14:10:09,23.63,-0.01,1,2363,卖盘
817,14:10:25,23.64,0.01,30,70920,买盘
818,14:10:28,23.63,-0.01,9,21273,卖盘
819,14:10:43,23.64,0.01,10,23640,买盘
820,14:10:46,23.64,0.0,11,26004,买盘
821,14:10:49,23.64,0.0,1,2364,买盘
822,14:11:10,23.64,0.0,1,2364,买盘
823,14:11:13,23.65,0.01,47,111154,买盘
824,14:11:30,23.66,0.01,1,2366,卖盘
825,14:12:01,23.69,0.03,1,2369,买盘
826,14:12:28,23.7,0.01,8,18960,买盘
827,14:12:37,23.7,0.0,2,4740,卖盘
828,14:12:48,23.7,0.0,8,18960,买盘
829,14:13:06,23.7,0.0,3,7110,买盘
830,14:13:49,23.7,0.0,2,4740,买盘
831,14:13:57,23.7,0.0,15,35550,买盘
832,14:14:00,23.66,-0.04,2,4732,卖盘
833,14:14:16,23.64,-0.02,2,4729,卖盘
834,14:14:37,23.66,0.02,2,4732,卖盘
835,14:15:04,23.66,0.0,3,7098,买盘
836,14:15:21,23.67,0.01,1,2367,中性盘
837,14:15:34,23.66,-0.01,7,16562,卖盘
838,14:16:28,23.7,0.04,10,23699,买盘
839,14:16:58,23.7,0.0,11,26062,买盘
840,14:17:16,23.7,0.0,5,11850,卖盘
841,14:17:19,23.71,0.01,1,2371,买盘
842,14:17:34,23.71,0.0,1,2371,买盘
843,14:17:40,23.71,0.0,5,11855,买盘
844,14:18:04,23.7,-0.01,2,4740,买盘
845,14:18:28,23.67,-0.03,3,7101,卖盘
846,14:18:40,23.67,0.0,1,2367,买盘
847,14:18:51,23.66,-0.01,45,106470,卖盘
848,14:19:10,23.65,-0.01,1,2365,卖盘
849,14:19:30,23.65,0.0,4,9457,买盘
850,14:19:43,23.66,0.01,6,14196,买盘
851,14:20:55,23.65,-0.01,1,2365,买盘
852,14:20:57,23.67,0.02,91,215396,买盘
853,14:21:13,23.7,0.03,1,2370,买盘
854,14:21:19,23.69,-0.01,2,4738,卖盘
855,14:21:52,23.7,0.01,1,2370,买盘
856,14:22:01,23.71,0.01,5,11855,买盘
857,14:22:07,23.66,-0.05,41,97069,卖盘
858,14:22:18,23.65,-0.01,1,2365,卖盘
859,14:22:22,23.66,0.01,2,4732,买盘
860,14:22:28,23.66,0.0,1,2366,买盘
861,14:22:34,23.66,0.0,2,4732,买盘
862,14:22:43,23.66,0.0,9,21294,买盘
863,14:22:52,23.65,-0.01,3,7095,卖盘
864,14:22:58,23.65,0.0,4,9460,买盘
865,14:23:01,23.66,0.01,18,42587,买盘
866,14:23:09,23.66,0.0,4,9464,买盘
867,14:23:22,23.64,-0.02,86,203464,卖盘
868,14:23:25,23.64,0.0,2,4728,买盘
869,14:24:12,23.66,0.02,2,4732,卖盘
870,14:25:01,23.7,0.04,80,189589,买盘
871,14:25:13,23.68,-0.02,10,23680,卖盘
872,14:25:21,23.7,0.02,6,14220,买盘
873,14:25:36,23.7,0.0,4,9480,买盘
874,14:25:46,23.68,-0.02,44,104268,卖盘
875,14:25:58,23.67,-0.01,1,2367,卖盘
876,14:26:09,23.68,0.01,2,4736,买盘
877,14:26:31,23.67,-0.01,9,21303,卖盘
878,14:26:37,23.7,0.03,17,40280,买盘
879,14:26:43,23.7,0.0,3,7110,卖盘
880,14:26:55,23.7,0.0,10,23700,买盘
881,14:27:12,23.69,-0.01,6,14214,买盘
882,14:27:34,23.7,0.01,2,4740,买盘
883,14:27:36,23.7,0.0,1,2370,买盘
884,14:27:43,23.7,0.0,4,9480,卖盘
885,14:27:51,23.7,0.0,45,106650,买盘
886,14:27:55,23.69,-0.01,6,14218,卖盘
887,14:28:30,23.71,0.02,6,14226,买盘
888,14:28:43,23.7,-0.01,3,7110,卖盘
889,14:29:04,23.7,0.0,3,7110,买盘
890,14:29:07,23.7,0.0,30,71100,买盘
891,14:29:19,23.7,0.0,1,2370,买盘
892,14:29:31,23.7,0.0,35,82950,买盘
893,14:29:40,23.7,0.0,4,9480,买盘
894,14:30:30,23.73,0.03,5,11865,买盘
895,14:30:43,23.75,0.02,50,118714,买盘
896,14:30:55,23.75,0.0,17,40375,买盘
897,14:31:01,23.75,0.0,5,11875,买盘
898,14:31:13,23.75,0.0,28,66500,买盘
899,14:31:40,23.77,0.02,1,2377,买盘
900,14:31:58,23.77,0.0,4,9508,买盘
901,14:32:15,23.77,0.0,4,9508,买盘
902,14:32:18,23.77,0.0,1,2377,买盘
903,14:32:55,23.77,0.0,1,2377,卖盘
904,14:33:07,23.77,0.0,2,4754,买盘
905,14:33:13,23.75,-0.02,8,19000,卖盘
906,14:33:18,23.75,0.0,17,40375,卖盘
907,14:33:34,23.75,0.0,2,4750,卖盘
908,14:36:01,23.76,0.01,21,49896,卖盘
909,14:36:04,23.77,0.01,10,23770,买盘
910,14:36:10,23.77,0.0,6,14262,卖盘
911,14:36:19,23.77,0.0,9,21393,卖盘
912,14:36:21,23.74,-0.03,7,16633,卖盘
913,14:37:06,23.76,0.02,7,16632,买盘
914,14:37:28,23.77,0.01,10,23770,买盘
915,14:37:37,23.77,0.0,4,9508,卖盘
916,14:37:57,23.77,0.0,3,7131,买盘
917,14:38:04,23.77,0.0,2,4754,买盘
918,14:38:16,23.76,-0.01,1,2376,卖盘
919,14:39:31,23.77,0.01,2,4754,买盘
920,14:39:36,23.76,-0.01,1,2376,卖盘
921,14:39:43,23.76,0.0,2,4752,买盘
922,14:39:52,23.75,-0.01,6,14250,卖盘
923,14:40:43,23.75,0.0,6,14250,卖盘
924,14:41:01,23.73,-0.02,5,11869,卖盘
925,14:41:28,23.73,0.0,1,2373,卖盘
926,14:41:31,23.73,0.0,2,4746,卖盘
927,14:41:37,23.73,0.0,4,9492,卖盘
928,14:41:58,23.73,0.0,5,11865,买盘
929,14:42:04,23.73,0.0,4,9492,卖盘
930,14:42:07,23.73,0.0,2,4746,买盘
931,14:42:43,23.73,0.0,1,2373,卖盘
932,14:43:07,23.72,-0.01,6,14232,卖盘
933,14:43:31,23.72,0.0,8,18976,卖盘
934,14:43:42,23.72,0.0,3,7116,卖盘
935,14:43:55,23.71,-0.01,5,11855,卖盘
936,14:44:04,23.71,0.0,7,16597,卖盘
937,14:44:16,23.71,0.0,27,63994,买盘
938,14:44:25,23.71,0.0,3,7113,买盘
939,14:44:36,23.71,0.0,3,7113,买盘
940,14:45:01,23.7,-0.01,1,2370,买盘
941,14:45:04,23.7,0.0,3,7110,买盘
942,14:45:10,23.69,-0.01,10,23695,卖盘
943,14:46:04,23.7,0.01,2,4740,买盘
944,14:46:06,23.7,0.0,4,9480,卖盘
945,14:46:15,23.7,0.0,15,35550,卖盘
946,14:46:18,23.71,0.01,5,11855,买盘
947,14:46:28,23.7,-0.01,3,7110,卖盘
948,14:46:45,23.7,0.0,10,23700,卖盘
949,14:47:01,23.71,0.01,4,9484,买盘
950,14:47:07,23.72,0.01,1,2372,买盘
951,14:47:16,23.74,0.02,10,23737,买盘
952,14:47:34,23.72,-0.02,1,2372,卖盘
953,14:47:37,23.74,0.02,20,47480,买盘
954,14:48:07,23.72,-0.02,3,7116,卖盘
955,14:48:10,23.74,0.02,3,7122,买盘
956,14:48:18,23.74,0.0,3,7122,卖盘
957,14:48:45,23.73,-0.01,5,11865,买盘
958,14:48:48,23.73,0.0,30,71190,买盘
959,14:48:55,23.73,0.0,1,2373,买盘
960,14:49:01,23.73,0.0,4,9492,买盘
961,14:49:16,23.73,0.0,10,23730,买盘
962,14:49:27,23.73,0.0,2,4746,买盘
963,14:49:31,23.73,0.0,12,28476,买盘
964,14:49:40,23.75,0.02,1,2375,买盘
965,14:49:46,23.73,-0.02,3,7119,卖盘
966,14:49:49,23.73,0.0,4,9492,买盘
967,14:49:52,23.73,0.0,1,2373,买盘
968,14:50:06,23.74,0.01,2,4748,买盘
969,14:50:16,23.74,0.0,3,7122,买盘
970,14:50:30,23.74,0.0,2,4748,买盘
971,14:50:45,23.75,0.01,2,4750,买盘
972,14:50:52,23.75,0.0,2,4750,买盘
973,14:51:00,23.75,0.0,2,4750,买盘
974,14:51:10,23.74,-0.01,1,2374,卖盘
975,14:51:13,23.75,0.01,7,16625,买盘
976,14:51:18,23.75,0.0,1,2375,卖盘
977,14:51:22,23.75,0.0,7,16625,卖盘
978,14:51:37,23.75,0.0,23,54646,卖盘
979,14:51:43,23.75,0.0,5,11875,卖盘
980,14:51:46,23.75,0.0,1,2375,卖盘
981,14:51:49,23.75,0.0,10,23750,卖盘
982,14:52:10,23.75,0.0,9,21375,卖盘
983,14:52:13,23.76,0.01,3,7126,买盘
984,14:52:31,23.78,0.02,17,40426,买盘
985,14:52:37,23.78,0.0,8,19024,卖盘
986,14:52:49,23.78,0.0,5,11890,卖盘
987,14:53:13,23.77,-0.01,2,4754,中性盘
988,14:53:22,23.76,-0.01,4,9505,卖盘
989,14:53:37,23.76,0.0,6,14256,买盘
990,14:53:49,23.76,0.0,1,2376,卖盘
991,14:54:01,23.76,0.0,19,45144,卖盘
992,14:54:13,23.75,-0.01,1,2375,卖盘
993,14:54:19,23.76,0.01,16,38016,买盘
994,14:54:21,23.75,-0.01,23,54636,卖盘
995,14:54:37,23.76,0.01,6,14256,卖盘
996,14:54:39,23.76,0.0,1,2376,卖盘
997,14:54:42,23.76,0.0,2,4752,卖盘
998,14:54:54,23.76,0.0,8,19008,卖盘
999,14:54:58,23.76,0.0,19,45144,卖盘
1000,14:55:07,23.76,0.0,25,59400,买盘
1001,14:55:10,23.76,0.0,1,2376,买盘
1002,14:55:13,23.76,0.0,1,2376,买盘
1003,14:55:16,23.78,0.02,22,52304,买盘
1004,14:55:31,23.79,0.01,1,2379,买盘
1005,14:55:34,23.78,-0.01,1,2378,卖盘
1006,14:55:37,23.79,0.01,24,57096,买盘
1007,14:55:49,23.8,0.01,2,4760,买盘
1008,14:55:54,23.79,-0.01,5,11895,卖盘
1009,14:56:04,23.8,0.01,40,95200,买盘
1010,14:56:07,23.8,0.0,49,116620,买盘
1011,14:56:13,23.8,0.0,13,30948,卖盘
1012,14:56:28,23.8,0.0,30,71400,卖盘
1013,14:56:34,23.82,0.02,19,45234,买盘
1014,14:56:37,23.8,-0.02,2,4760,卖盘
1015,14:56:42,23.8,0.0,2,4760,卖盘
1016,14:56:52,23.8,0.0,1,2380,卖盘
1017,14:56:55,23.79,-0.01,38,90441,卖盘
1018,14:57:00,23.79,0.0,50,118950,卖盘
1019,15:00:04,23.8,0.01,144,342720,卖盘
