,time,price,change,volume,amount,type
0,09:25:05,5.66,-0.01,7,3962,卖盘
1,09:30:04,5.66,0.0,100,56600,买盘
2,09:30:07,5.65,-0.01,12,6770,买盘
3,09:30:30,5.65,0.0,10,5650,卖盘
4,09:30:39,5.65,0.0,20,11300,卖盘
5,09:30:43,5.66,0.01,32,18111,买盘
6,09:30:57,5.66,0.0,25,14150,买盘
7,09:31:06,5.66,0.0,40,22640,卖盘
8,09:31:36,5.66,0.0,19,10754,买盘
9,09:32:04,5.67,0.01,5,2835,买盘
10,09:32:15,5.67,0.0,1,567,买盘
11,09:32:18,5.66,-0.01,70,39620,卖盘
12,09:32:21,5.65,-0.01,13,7355,卖盘
13,09:32:24,5.65,0.0,1,565,卖盘
14,09:32:27,5.65,0.0,1,565,卖盘
15,09:32:30,5.65,0.0,1,565,卖盘
16,09:32:33,5.65,0.0,1,565,卖盘
17,09:32:36,5.65,0.0,1,565,卖盘
18,09:32:39,5.65,0.0,16,9042,卖盘
19,09:32:48,5.62,-0.03,476,267787,卖盘
20,09:33:15,5.65,0.03,5,2825,买盘
21,09:33:18,5.62,-0.03,124,69688,卖盘
22,09:33:48,5.63,0.01,10,5630,卖盘
23,09:34:06,5.63,0.0,20,11260,卖盘
24,09:34:15,5.65,0.02,1,565,买盘
25,09:35:06,5.65,0.0,53,29935,买盘
26,09:35:24,5.64,-0.01,10,5640,卖盘
27,09:35:27,5.65,0.01,5,2825,买盘
28,09:36:18,5.64,-0.01,20,11280,卖盘
29,09:36:30,5.63,-0.01,20,11272,卖盘
30,09:37:27,5.64,0.01,5,2820,卖盘
31,09:37:52,5.64,0.0,1,564,买盘
32,09:38:27,5.65,0.01,2,1130,买盘
33,09:38:30,5.65,0.0,2,1130,买盘
34,09:39:15,5.64,-0.01,124,69943,卖盘
35,09:39:18,5.64,0.0,4,2256,买盘
36,09:39:27,5.64,0.0,50,28200,买盘
37,09:40:09,5.63,-0.01,50,28150,卖盘
38,09:40:22,5.63,0.0,100,56300,卖盘
39,09:40:33,5.63,0.0,18,10134,卖盘
40,09:40:40,5.63,0.0,15,8445,卖盘
41,09:40:42,5.63,0.0,16,9008,买盘
42,09:40:45,5.63,0.0,69,38847,买盘
43,09:40:51,5.63,0.0,366,206058,卖盘
44,09:40:57,5.63,0.0,10,5630,买盘
45,09:41:06,5.63,0.0,20,11260,买盘
46,09:41:09,5.63,0.0,44,24772,买盘
47,09:41:12,5.63,0.0,263,148063,买盘
48,09:41:15,5.63,0.0,73,41099,买盘
49,09:41:18,5.63,0.0,20,11260,买盘
50,09:41:21,5.63,0.0,202,113726,买盘
51,09:41:30,5.65,0.02,1,565,买盘
52,09:41:33,5.65,0.0,1,565,买盘
53,09:41:36,5.65,0.0,1,565,买盘
54,09:41:39,5.65,0.0,1,565,买盘
55,09:41:43,5.64,-0.01,4,2257,卖盘
56,09:41:48,5.64,0.0,22,12408,买盘
57,09:41:51,5.64,0.0,9,5076,买盘
58,09:41:54,5.64,0.0,1,564,买盘
59,09:41:57,5.64,0.0,20,11280,买盘
60,09:42:06,5.64,0.0,5,2820,买盘
61,09:42:09,5.64,0.0,3,1692,买盘
62,09:42:21,5.64,0.0,10,5640,买盘
63,09:42:24,5.64,0.0,19,10716,买盘
64,09:42:30,5.64,0.0,6,3384,买盘
65,09:42:33,5.64,0.0,1,564,买盘
66,09:42:42,5.64,0.0,4,2256,买盘
67,09:42:48,5.64,0.0,20,11280,买盘
68,09:42:52,5.64,0.0,3,1692,买盘
69,09:42:55,5.63,-0.01,150,84452,卖盘
70,09:43:06,5.64,0.01,1,564,买盘
71,09:43:16,5.64,0.0,1,564,买盘
72,09:43:18,5.64,0.0,7,3948,买盘
73,09:43:33,5.64,0.0,8,4512,买盘
74,09:43:36,5.64,0.0,30,16920,买盘
75,09:43:39,5.64,0.0,44,24816,买盘
76,09:43:42,5.64,0.0,26,14664,买盘
77,09:43:48,5.65,0.01,1,565,买盘
78,09:43:51,5.65,0.0,1,565,买盘
79,09:43:54,5.65,0.0,1,565,买盘
80,09:43:58,5.65,0.0,1,565,买盘
81,09:44:06,5.65,0.0,20,11300,买盘
82,09:44:15,5.65,0.0,1,565,买盘
83,09:44:18,5.65,0.0,1,565,买盘
84,09:44:21,5.65,0.0,1,565,买盘
85,09:44:25,5.65,0.0,1,565,买盘
86,09:44:28,5.65,0.0,1,565,买盘
87,09:44:30,5.65,0.0,1,565,买盘
88,09:45:40,5.66,0.01,423,239418,买盘
89,09:46:06,5.67,0.01,10,5670,买盘
90,09:46:09,5.67,0.0,7,3969,买盘
91,09:46:21,5.67,0.0,9,5103,买盘
92,09:46:48,5.68,0.01,36,20448,买盘
93,09:47:22,5.68,0.0,22,12496,买盘
94,09:47:33,5.68,0.0,10,5680,买盘
95,09:47:42,5.68,0.0,1,568,买盘
96,09:48:06,5.68,0.0,3,1704,买盘
97,09:48:12,5.68,0.0,40,22720,买盘
98,09:48:15,5.68,0.0,30,17040,买盘
99,09:48:54,5.68,0.0,25,14200,买盘
100,09:48:57,5.68,0.0,11,6248,买盘
101,09:49:00,5.68,0.0,2,1136,买盘
102,09:49:33,5.68,0.0,20,11360,卖盘
103,09:49:51,5.69,0.01,50,28450,买盘
104,09:50:15,5.69,0.0,6,3414,买盘
105,09:50:57,5.69,0.0,2,1138,买盘
106,09:51:16,5.68,-0.01,144,81792,卖盘
107,09:51:45,5.68,0.0,19,10792,卖盘
108,09:51:48,5.68,0.0,5,2840,卖盘
109,09:51:57,5.67,-0.01,34,19278,卖盘
110,09:52:16,5.68,0.01,9,5112,买盘
111,09:52:42,5.68,0.0,11,6248,买盘
112,09:52:45,5.68,0.0,61,34648,卖盘
113,09:52:49,5.68,0.0,21,11928,买盘
114,09:53:12,5.68,0.0,50,28400,买盘
115,09:53:37,5.68,0.0,5,2840,卖盘
116,09:53:48,5.69,0.01,117,66573,买盘
117,09:53:54,5.68,-0.01,15,8520,卖盘
118,09:54:15,5.7,0.02,73,41587,买盘
119,09:54:19,5.68,-0.02,36,20472,卖盘
120,09:54:27,5.69,0.01,18,10242,买盘
121,09:54:34,5.69,0.0,5,2845,买盘
122,09:55:15,5.7,0.01,40,22800,买盘
123,09:55:54,5.69,-0.01,156,88764,卖盘
124,09:56:33,5.7,0.01,18,10260,买盘
125,09:56:36,5.7,0.0,33,18810,卖盘
126,09:56:46,5.7,0.0,1,570,买盘
127,09:57:00,5.7,0.0,5,2850,买盘
128,09:57:22,5.7,0.0,5,2850,买盘
129,09:57:37,5.7,0.0,10,5700,买盘
130,09:58:19,5.7,0.0,37,21090,买盘
131,09:58:40,5.7,0.0,5,2850,买盘
132,09:59:30,5.69,-0.01,33,18777,卖盘
133,09:59:42,5.69,0.0,30,17070,卖盘
134,09:59:46,5.69,0.0,194,110386,卖盘
135,09:59:54,5.69,0.0,52,29588,买盘
136,10:00:03,5.69,0.0,30,17070,卖盘
137,10:00:16,5.69,0.0,54,30726,卖盘
138,10:00:18,5.69,0.0,6,3414,买盘
139,10:00:27,5.69,0.0,5,2845,买盘
140,10:00:55,5.66,-0.03,699,396457,卖盘
141,10:01:06,5.66,0.0,274,155084,卖盘
142,10:03:21,5.68,0.02,15,8520,买盘
143,10:03:24,5.68,0.0,15,8520,卖盘
144,10:04:30,5.68,0.0,3,1704,买盘
145,10:04:52,5.68,0.0,4,2272,买盘
146,10:05:00,5.68,0.0,35,19880,买盘
147,10:06:36,5.67,-0.01,18,10206,卖盘
148,10:06:42,5.68,0.01,39,22152,买盘
149,10:06:46,5.67,-0.01,20,11340,卖盘
150,10:08:30,5.67,0.0,1,567,卖盘
151,10:08:42,5.67,0.0,1,567,卖盘
152,10:09:18,5.68,0.01,8,4544,买盘
153,10:09:37,5.68,0.0,17,9656,买盘
154,10:09:48,5.67,-0.01,21,11907,卖盘
155,10:10:45,5.67,0.0,5,2835,卖盘
156,10:11:30,5.67,0.0,60,34020,卖盘
157,10:11:48,5.67,0.0,10,5670,卖盘
158,10:12:27,5.67,0.0,45,25515,卖盘
159,10:12:42,5.67,0.0,30,17010,卖盘
160,10:12:48,5.68,0.01,10,5680,买盘
161,10:12:58,5.68,0.0,2,1136,买盘
162,10:13:30,5.68,0.0,6,3408,买盘
163,10:15:12,5.67,-0.01,181,102627,卖盘
164,10:15:21,5.67,0.0,28,15876,卖盘
165,10:18:06,5.68,0.01,6,3408,买盘
166,10:18:21,5.67,-0.01,5,2835,卖盘
167,10:18:36,5.67,0.0,7,3969,卖盘
168,10:18:45,5.67,0.0,115,65205,卖盘
169,10:19:06,5.67,0.0,6,3402,卖盘
170,10:19:36,5.68,0.01,1,568,买盘
171,10:20:39,5.68,0.0,2,1136,买盘
172,10:20:42,5.68,0.0,12,6816,买盘
173,10:21:24,5.68,0.0,9,5112,买盘
174,10:22:30,5.67,-0.01,175,99225,卖盘
175,10:23:36,5.67,0.0,1,567,买盘
176,10:24:21,5.67,0.0,10,5670,买盘
177,10:25:12,5.67,0.0,148,83916,买盘
178,10:26:00,5.67,0.0,2,1134,卖盘
179,10:26:12,5.67,0.0,203,115101,卖盘
180,10:26:39,5.66,-0.01,229,129614,卖盘
181,10:27:06,5.67,0.01,10,5670,买盘
182,10:27:18,5.66,-0.01,20,11320,卖盘
183,10:27:42,5.66,0.0,33,18678,卖盘
184,10:28:06,5.66,0.0,6,3397,卖盘
185,10:30:39,5.67,0.01,161,91287,买盘
186,10:31:12,5.68,0.01,11,6248,买盘
187,10:31:18,5.68,0.0,29,16472,买盘
188,10:32:42,5.68,0.0,338,191984,买盘
189,10:33:36,5.68,0.0,1,568,买盘
190,10:36:04,5.67,-0.01,1,567,卖盘
191,10:39:27,5.67,0.0,19,10773,卖盘
192,10:39:33,5.67,0.0,50,28350,卖盘
193,10:41:33,5.67,0.0,5,2835,卖盘
194,10:41:54,5.67,0.0,7,3969,卖盘
195,10:42:09,5.67,0.0,8,4536,卖盘
196,10:45:30,5.67,0.0,5,2835,卖盘
197,10:45:51,5.67,0.0,10,5670,卖盘
198,10:46:30,5.67,0.0,1,567,卖盘
199,10:47:54,5.67,0.0,1,567,卖盘
200,10:49:30,5.67,0.0,82,46494,卖盘
201,10:50:33,5.67,0.0,75,42525,卖盘
202,10:51:09,5.67,0.0,124,70308,卖盘
203,10:51:42,5.67,0.0,5,2835,买盘
204,10:52:09,5.67,0.0,2,1134,买盘
205,10:55:04,5.66,-0.01,10,5660,卖盘
206,10:55:24,5.66,0.0,30,16980,卖盘
207,10:55:30,5.66,0.0,30,16980,卖盘
208,10:55:42,5.66,0.0,60,33960,卖盘
209,10:56:09,5.66,0.0,146,82636,卖盘
210,10:56:16,5.67,0.01,10,5670,买盘
211,10:56:30,5.67,0.0,4,2268,买盘
212,10:58:45,5.67,0.0,1,567,买盘
213,10:58:48,5.67,0.0,10,5670,买盘
214,10:59:18,5.67,0.0,20,11340,买盘
215,10:59:39,5.67,0.0,30,17010,买盘
216,11:00:06,5.66,-0.01,4,2264,卖盘
217,11:00:12,5.66,0.0,2,1132,卖盘
218,11:00:51,5.66,0.0,50,28300,卖盘
219,11:01:06,5.66,0.0,59,33394,卖盘
220,11:01:09,5.66,0.0,1,566,卖盘
221,11:01:12,5.66,0.0,1,566,卖盘
222,11:01:31,5.66,0.0,10,5660,卖盘
223,11:01:51,5.66,0.0,4,2264,卖盘
224,11:02:27,5.66,0.0,37,20942,卖盘
225,11:02:34,5.66,0.0,1,566,买盘
226,11:03:18,5.66,0.0,1,566,买盘
227,11:04:00,5.66,0.0,26,14716,买盘
228,11:04:18,5.65,-0.01,25,14125,卖盘
229,11:04:30,5.66,0.01,30,16980,买盘
230,11:04:48,5.65,-0.01,19,10735,卖盘
231,11:05:09,5.65,0.0,10,5650,卖盘
232,11:05:24,5.65,0.0,3,1695,卖盘
233,11:05:30,5.65,0.0,3,1695,卖盘
234,11:05:39,5.65,0.0,56,31640,卖盘
235,11:06:12,5.65,0.0,200,113000,卖盘
236,11:06:15,5.65,0.0,137,77405,卖盘
237,11:06:31,5.65,0.0,2,1130,卖盘
238,11:06:33,5.65,0.0,400,226000,卖盘
239,11:06:36,5.65,0.0,90,50850,卖盘
240,11:06:39,5.65,0.0,33,18645,卖盘
241,11:06:42,5.65,0.0,19,10735,卖盘
242,11:07:04,5.65,0.0,85,48025,卖盘
243,11:07:18,5.65,0.0,7,3955,买盘
244,11:07:24,5.65,0.0,18,10170,买盘
245,11:07:33,5.65,0.0,13,7345,买盘
246,11:07:36,5.65,0.0,9,5085,买盘
247,11:08:28,5.64,-0.01,147,82921,卖盘
248,11:08:33,5.65,0.01,2,1130,买盘
249,11:08:42,5.64,-0.01,412,232368,卖盘
250,11:09:04,5.64,0.0,264,148664,买盘
251,11:09:15,5.64,0.0,2,1128,买盘
252,11:12:12,5.64,0.0,6,3384,卖盘
253,11:12:15,5.64,0.0,10,5640,买盘
254,11:12:28,5.64,0.0,20,11280,买盘
255,11:12:42,5.64,0.0,40,22560,买盘
256,11:12:51,5.64,0.0,20,11280,卖盘
257,11:13:15,5.64,0.0,10,5640,买盘
258,11:13:19,5.65,0.01,1,565,卖盘
259,11:13:22,5.65,0.0,1,565,卖盘
260,11:14:12,5.65,0.0,22,12430,卖盘
261,11:14:15,5.63,-0.02,80,45040,卖盘
262,11:14:21,5.63,0.0,96,54060,卖盘
263,11:15:07,5.65,0.02,6,3390,买盘
264,11:15:51,5.65,0.0,3,1695,买盘
265,11:15:54,5.65,0.0,1,565,卖盘
266,11:15:57,5.65,0.0,2,1130,卖盘
267,11:16:40,5.65,0.0,6,3390,买盘
268,11:17:12,5.64,-0.01,3,1692,卖盘
269,11:18:12,5.64,0.0,11,6204,卖盘
270,11:18:30,5.63,-0.01,70,39410,卖盘
271,11:19:00,5.63,0.0,28,15764,卖盘
272,11:19:45,5.63,0.0,9,5067,买盘
273,11:19:51,5.63,0.0,10,5630,买盘
274,11:20:04,5.63,0.0,3,1689,买盘
275,11:22:30,5.65,0.02,6,3390,买盘
276,11:22:57,5.65,0.0,5,2825,买盘
277,11:23:00,5.65,0.0,14,7910,买盘
278,11:23:15,5.63,-0.02,29,16337,卖盘
279,11:23:45,5.64,0.01,10,5640,买盘
280,11:24:12,5.65,0.01,9,5085,买盘
281,11:26:30,5.64,-0.01,7,3948,卖盘
282,11:26:33,5.64,0.0,7,3948,卖盘
283,13:00:04,5.64,0.0,95,53600,卖盘
284,13:02:24,5.64,0.0,20,11280,卖盘
285,13:02:57,5.64,0.0,1,564,卖盘
286,13:03:12,5.64,0.0,29,16356,卖盘
287,13:04:45,5.65,0.01,220,124300,买盘
288,13:04:54,5.64,-0.01,16,9030,卖盘
289,13:05:09,5.65,0.01,35,19775,买盘
290,13:07:15,5.64,-0.01,300,169200,卖盘
291,13:07:36,5.64,0.0,39,21996,卖盘
292,13:09:24,5.64,0.0,2,1128,卖盘
293,13:10:12,5.63,-0.01,18,10134,卖盘
294,13:11:06,5.63,0.0,1,563,卖盘
295,13:11:36,5.63,0.0,25,14080,卖盘
296,13:11:48,5.63,0.0,18,10134,卖盘
297,13:11:55,5.63,0.0,126,70938,卖盘
298,13:12:04,5.63,0.0,80,45040,卖盘
299,13:12:21,5.63,0.0,167,94021,卖盘
300,13:13:45,5.63,0.0,35,19705,卖盘
301,13:14:22,5.63,0.0,2,1126,买盘
302,13:17:15,5.62,-0.01,91,51142,卖盘
303,13:17:18,5.63,0.01,20,11260,买盘
304,13:17:48,5.63,0.0,3,1689,买盘
305,13:18:12,5.63,0.0,4,2252,买盘
306,13:19:27,5.63,0.0,10,5630,买盘
307,13:19:55,5.63,0.0,39,21957,买盘
308,13:20:31,5.63,0.0,100,56300,买盘
309,13:20:36,5.63,0.0,18,10134,买盘
310,13:20:39,5.63,0.0,111,62493,买盘
311,13:20:45,5.63,0.0,58,32654,买盘
312,13:20:48,5.63,0.0,5,2815,买盘
313,13:21:00,5.63,0.0,46,25898,买盘
314,13:21:30,5.63,0.0,63,35469,卖盘
315,13:21:36,5.63,0.0,2,1126,买盘
316,13:21:39,5.63,0.0,37,20831,买盘
317,13:21:51,5.63,0.0,8,4504,卖盘
318,13:21:54,5.63,0.0,1,563,卖盘
319,13:22:00,5.63,0.0,9,5067,卖盘
320,13:22:06,5.62,-0.01,202,113524,卖盘
321,13:22:30,5.62,0.0,10,5620,卖盘
322,13:22:33,5.62,0.0,56,31472,卖盘
323,13:22:42,5.63,0.01,76,42788,买盘
324,13:23:42,5.63,0.0,7,3941,卖盘
325,13:24:06,5.64,0.01,4,2256,买盘
326,13:24:09,5.64,0.0,2,1128,买盘
327,13:25:12,5.63,-0.01,21,11823,卖盘
328,13:25:15,5.63,0.0,14,7882,卖盘
329,13:25:18,5.63,0.0,1,563,买盘
330,13:25:39,5.63,0.0,50,28150,买盘
331,13:25:48,5.63,0.0,50,28150,买盘
332,13:26:04,5.63,0.0,20,11260,买盘
333,13:26:07,5.63,0.0,1,563,买盘
334,13:26:15,5.62,-0.01,15,8430,卖盘
335,13:26:30,5.63,0.01,4,2252,买盘
336,13:27:09,5.64,0.01,18,10152,买盘
337,13:30:06,5.63,-0.01,2,1126,卖盘
338,13:30:33,5.63,0.0,6,3378,卖盘
339,13:30:54,5.64,0.01,30,16920,买盘
340,13:30:57,5.64,0.0,2,1128,买盘
341,13:32:15,5.64,0.0,60,33840,买盘
342,13:32:30,5.64,0.0,10,5640,买盘
343,13:33:48,5.64,0.0,8,4512,买盘
344,13:38:57,5.63,-0.01,15,8445,卖盘
345,13:40:58,5.64,0.01,8,4512,买盘
346,13:41:04,5.64,0.0,4,2256,买盘
347,13:41:33,5.64,0.0,18,10152,买盘
348,13:44:45,5.64,0.0,5,2820,买盘
349,13:45:48,5.63,-0.01,33,18579,卖盘
350,13:46:27,5.64,0.01,2,1128,买盘
351,13:47:15,5.64,0.0,4,2256,买盘
352,13:47:45,5.64,0.0,2,1128,买盘
353,13:48:39,5.64,0.0,10,5640,买盘
354,13:49:00,5.63,-0.01,3,1689,卖盘
355,13:49:25,5.64,0.01,20,11280,买盘
356,13:49:27,5.63,-0.01,193,108659,卖盘
357,13:49:31,5.64,0.01,10,5640,买盘
358,13:49:48,5.64,0.0,10,5640,买盘
359,13:50:54,5.63,-0.01,17,9571,卖盘
360,13:54:21,5.63,0.0,101,56863,卖盘
361,13:54:36,5.63,0.0,90,50670,卖盘
362,13:54:51,5.63,0.0,33,18579,卖盘
363,13:56:28,5.64,0.01,1,564,买盘
364,13:56:45,5.63,-0.01,60,33780,卖盘
365,13:57:57,5.64,0.01,60,33840,买盘
366,13:58:07,5.63,-0.01,58,32654,卖盘
367,13:58:10,5.64,0.01,5,2820,买盘
368,13:58:48,5.63,-0.01,21,11823,卖盘
369,13:59:36,5.63,0.0,10,5630,买盘
370,14:00:03,5.62,-0.01,18,10116,卖盘
371,14:00:06,5.62,0.0,3,1686,卖盘
372,14:01:00,5.62,0.0,10,5620,卖盘
373,14:01:15,5.62,0.0,405,227610,卖盘
374,14:01:24,5.62,0.0,47,26414,卖盘
375,14:01:31,5.62,0.0,6,3372,买盘
376,14:01:36,5.62,0.0,23,12926,买盘
377,14:01:39,5.62,0.0,7,3934,买盘
378,14:01:42,5.62,0.0,9,5058,买盘
379,14:01:45,5.62,0.0,8,4496,买盘
380,14:01:51,5.62,0.0,5,2810,买盘
381,14:02:04,5.62,0.0,50,28100,买盘
382,14:02:15,5.62,0.0,76,42712,买盘
383,14:02:36,5.62,0.0,2,1124,买盘
384,14:02:42,5.62,0.0,7,3934,买盘
385,14:03:39,5.62,0.0,41,23042,买盘
386,14:03:51,5.62,0.0,20,11240,买盘
387,14:03:54,5.62,0.0,31,17422,买盘
388,14:04:15,5.62,0.0,4,2248,买盘
389,14:04:27,5.62,0.0,1,562,买盘
390,14:04:30,5.62,0.0,11,6182,买盘
391,14:04:42,5.62,0.0,20,11240,买盘
392,14:04:45,5.62,0.0,40,22480,买盘
393,14:04:51,5.62,0.0,7,3934,买盘
394,14:05:09,5.62,0.0,2,1124,买盘
395,14:05:13,5.62,0.0,9,5058,买盘
396,14:05:36,5.62,0.0,2,1124,买盘
397,14:06:12,5.62,0.0,9,5058,买盘
398,14:06:54,5.62,0.0,40,22480,买盘
399,14:07:45,5.62,0.0,70,39340,买盘
400,14:07:54,5.62,0.0,1,562,买盘
401,14:09:09,5.62,0.0,10,5620,买盘
402,14:09:18,5.62,0.0,100,56200,买盘
403,14:09:21,5.62,0.0,129,72498,买盘
404,14:09:24,5.62,0.0,31,17422,买盘
405,14:10:09,5.62,0.0,2,1124,买盘
406,14:10:24,5.62,0.0,100,56200,买盘
407,14:10:34,5.62,0.0,2,1124,买盘
408,14:10:42,5.62,0.0,36,20232,买盘
409,14:11:21,5.62,0.0,20,11240,买盘
410,14:11:36,5.62,0.0,13,7306,买盘
411,14:12:04,5.62,0.0,26,14612,买盘
412,14:12:18,5.62,0.0,50,28100,买盘
413,14:12:45,5.62,0.0,8,4496,买盘
414,14:12:51,5.62,0.0,18,10116,买盘
415,14:13:39,5.62,0.0,10,5620,买盘
416,14:14:25,5.62,0.0,80,44960,买盘
417,14:16:12,5.62,0.0,5,2810,买盘
418,14:16:15,5.61,-0.01,12,6733,卖盘
419,14:16:22,5.61,0.0,6,3366,卖盘
420,14:16:24,5.62,0.01,66,37092,买盘
421,14:16:40,5.62,0.0,50,28100,买盘
422,14:17:49,5.62,0.0,1,562,买盘
423,14:18:00,5.62,0.0,5,2810,买盘
424,14:18:04,5.62,0.0,277,155674,买盘
425,14:18:06,5.62,0.0,100,56200,买盘
426,14:18:09,5.62,0.0,83,46613,买盘
427,14:18:27,5.62,0.0,2,1124,买盘
428,14:18:31,5.61,-0.01,40,22440,卖盘
429,14:19:12,5.61,0.0,19,10659,卖盘
430,14:19:42,5.62,0.01,5,2810,买盘
431,14:19:45,5.62,0.0,33,18546,买盘
432,14:19:48,5.61,-0.01,65,36465,卖盘
433,14:20:06,5.62,0.01,68,38216,买盘
434,14:20:12,5.62,0.0,30,16860,买盘
435,14:20:15,5.62,0.0,194,109028,买盘
436,14:20:18,5.62,0.0,50,28100,买盘
437,14:20:31,5.63,0.01,1,563,买盘
438,14:20:39,5.63,0.0,42,23646,买盘
439,14:20:43,5.63,0.0,10,5630,买盘
440,14:21:07,5.63,0.0,30,16890,买盘
441,14:21:12,5.63,0.0,300,168900,买盘
442,14:21:15,5.63,0.0,3,1689,买盘
443,14:21:42,5.63,0.0,10,5630,买盘
444,14:21:57,5.63,0.0,352,198176,买盘
445,14:22:12,5.63,0.0,47,26461,卖盘
446,14:23:18,5.63,0.0,35,19705,卖盘
447,14:23:21,5.64,0.01,202,113928,买盘
448,14:23:57,5.64,0.0,512,288768,买盘
449,14:24:18,5.65,0.01,12,6780,买盘
450,14:24:22,5.65,0.0,490,276850,买盘
451,14:24:39,5.66,0.01,516,292056,买盘
452,14:25:18,5.67,0.01,25,14175,买盘
453,14:25:39,5.67,0.0,30,17010,买盘
454,14:25:42,5.67,0.0,176,99792,买盘
455,14:25:51,5.67,0.0,15,8505,买盘
456,14:26:12,5.67,0.0,119,67473,买盘
457,14:26:24,5.67,0.0,1,567,卖盘
458,14:26:42,5.67,0.0,10,5670,卖盘
459,14:26:48,5.67,0.0,50,28350,卖盘
460,14:27:25,5.67,0.0,69,39123,卖盘
461,14:27:51,5.67,0.0,18,10206,买盘
462,14:28:12,5.67,0.0,12,6804,买盘
463,14:28:18,5.67,0.0,1,567,买盘
464,14:28:21,5.67,0.0,1,567,买盘
465,14:28:30,5.67,0.0,22,12474,买盘
466,14:28:54,5.67,0.0,4,2268,买盘
467,14:28:57,5.67,0.0,1,567,买盘
468,14:29:24,5.64,-0.03,1000,565086,卖盘
469,14:30:48,5.65,0.01,2,1130,卖盘
470,14:31:09,5.66,0.01,1,566,买盘
471,14:31:49,5.66,0.0,1,566,买盘
472,14:32:04,5.64,-0.02,300,169281,卖盘
473,14:32:15,5.66,0.02,3,1698,买盘
474,14:32:42,5.66,0.0,2,1132,买盘
475,14:33:51,5.66,0.0,6,3396,买盘
476,14:33:57,5.66,0.0,10,5660,买盘
477,14:34:18,5.66,0.0,1,566,买盘
478,14:36:21,5.65,-0.01,18,10170,卖盘
479,14:37:51,5.65,0.0,40,22600,卖盘
480,14:38:19,5.65,0.0,30,16950,卖盘
481,14:38:36,5.65,0.0,45,25425,卖盘
482,14:38:51,5.65,0.0,14,7910,买盘
483,14:40:18,5.65,0.0,39,22035,卖盘
484,14:41:01,5.65,0.0,30,16950,卖盘
485,14:41:15,5.65,0.0,78,44070,卖盘
486,14:44:13,5.65,0.0,8,4520,买盘
487,14:46:55,5.65,0.0,52,29380,卖盘
488,14:47:01,5.65,0.0,228,128820,卖盘
489,14:47:10,5.65,0.0,5,2825,买盘
490,14:47:33,5.64,-0.01,10,5640,卖盘
491,14:47:39,5.64,0.0,50,28200,卖盘
492,14:47:51,5.64,0.0,28,15792,卖盘
493,14:48:12,5.64,0.0,16,9024,卖盘
494,14:49:57,5.64,0.0,182,102648,卖盘
495,14:50:12,5.64,0.0,34,19176,买盘
496,14:50:24,5.64,0.0,1,564,买盘
497,14:50:48,5.64,0.0,34,19176,买盘
498,14:50:55,5.64,0.0,29,16356,买盘
499,14:51:01,5.64,0.0,47,26508,买盘
500,14:51:09,5.64,0.0,26,14664,买盘
501,14:51:12,5.64,0.0,47,26508,买盘
502,14:52:09,5.65,0.01,5,2825,买盘
503,14:53:42,5.65,0.01,23,12995,买盘
504,14:53:57,5.64,-0.01,10,5640,卖盘
505,14:54:24,5.64,0.0,6,3384,卖盘
506,14:54:30,5.65,0.01,10,5650,买盘
507,14:54:54,5.65,0.0,2,1130,卖盘
508,14:55:33,5.65,0.0,10,5650,买盘
509,14:55:48,5.65,0.0,1,565,买盘
510,14:55:51,5.65,0.0,2,1130,卖盘
511,14:55:54,5.65,0.0,2,1130,卖盘
512,14:55:57,5.65,0.0,2,1130,卖盘
513,14:56:06,5.65,0.0,4,2260,中性盘
514,14:56:09,5.65,0.0,3,1695,买盘
515,14:56:48,5.65,0.0,1,565,买盘
516,15:00:04,5.64,-0.01,390,219949,卖盘
