,time,price,change,volume,amount,type
0,09:25:04,7.0,-0.03,396,277200,卖盘
1,09:30:04,7.01,0.01,80,56031,买盘
2,09:30:07,7.0,-0.01,572,400278,卖盘
3,09:30:10,7.0,0.0,81,56700,买盘
4,09:30:13,7.0,0.0,7,4900,买盘
5,09:30:16,7.0,0.0,29,20300,买盘
6,09:30:19,7.0,0.0,200,140000,买盘
7,09:30:22,7.0,0.0,9,6300,买盘
8,09:30:25,7.0,0.0,108,75593,买盘
9,09:30:28,7.0,0.0,25,17500,买盘
10,09:30:31,6.99,-0.01,273,190827,卖盘
11,09:30:34,7.01,0.02,13,9113,买盘
12,09:30:37,7.01,0.0,2,1402,买盘
13,09:30:43,7.01,0.0,37,25917,买盘
14,09:30:46,7.01,0.0,8,5608,买盘
15,09:30:49,7.0,-0.01,1,700,卖盘
16,09:30:52,7.01,0.01,10,7010,买盘
17,09:30:55,7.01,0.0,105,73530,买盘
18,09:30:58,7.01,0.0,191,133891,买盘
19,09:31:07,7.01,0.0,21,14924,买盘
20,09:31:10,7.01,0.0,22,15422,卖盘
21,09:31:13,7.03,0.02,41,28803,买盘
22,09:31:19,7.03,0.0,2,1406,买盘
23,09:31:25,7.02,-0.01,2,1404,买盘
24,09:31:28,7.02,0.0,2,1404,买盘
25,09:31:31,7.02,0.0,37,25974,买盘
26,09:31:34,7.01,-0.01,7,4910,卖盘
27,09:31:37,7.01,0.0,81,56782,卖盘
28,09:31:43,7.02,0.01,46,32292,买盘
29,09:31:46,7.03,0.01,3,2529,买盘
30,09:31:49,7.02,-0.01,7,4914,卖盘
31,09:31:52,7.02,0.0,6,4212,卖盘
32,09:31:58,7.03,0.01,47,33041,买盘
33,09:32:01,7.03,0.0,24,16872,买盘
34,09:32:07,7.03,0.0,55,38665,买盘
35,09:32:10,7.03,0.0,32,22496,买盘
36,09:32:13,7.03,0.0,7,4921,卖盘
37,09:32:16,7.04,0.01,52,36558,买盘
38,09:32:19,7.03,-0.01,14,9849,卖盘
39,09:32:25,7.04,0.01,23,16189,买盘
40,09:32:28,7.03,-0.01,50,35150,卖盘
41,09:32:34,7.04,0.01,15,10560,买盘
42,09:32:37,7.05,0.01,52,36654,买盘
43,09:32:40,7.04,-0.01,5,2957,卖盘
44,09:32:43,7.04,0.0,50,35200,卖盘
45,09:32:46,7.04,0.0,19,13394,卖盘
46,09:32:49,7.04,0.0,101,71204,卖盘
47,09:32:52,7.05,0.01,16,11278,买盘
48,09:32:55,7.05,0.0,88,62040,买盘
49,09:32:58,7.05,0.0,16,11280,卖盘
50,09:33:01,7.06,0.01,29,20447,买盘
51,09:33:04,7.05,-0.01,21,14805,卖盘
52,09:33:07,7.06,0.01,24,16937,买盘
53,09:33:10,7.05,-0.01,16,11285,卖盘
54,09:33:13,7.05,0.0,306,215730,卖盘
55,09:33:16,7.05,0.0,115,81268,中性盘
56,09:33:19,7.05,0.0,122,85925,卖盘
57,09:33:22,7.05,0.0,82,57810,买盘
58,09:33:25,7.05,0.0,5,3525,买盘
59,09:33:28,7.05,0.0,50,35250,买盘
60,09:33:31,7.05,0.0,85,59925,买盘
61,09:33:34,7.05,0.0,50,35250,买盘
62,09:33:37,7.05,0.0,26,18330,卖盘
63,09:33:40,7.05,0.0,63,44373,卖盘
64,09:33:43,7.05,0.0,7,4935,买盘
65,09:33:46,7.05,0.0,10,7050,买盘
66,09:33:49,7.05,0.0,5,3525,买盘
67,09:33:52,7.05,0.0,5,3525,买盘
68,09:33:55,7.05,0.0,51,35945,买盘
69,09:34:01,7.05,0.0,20,14094,买盘
70,09:34:04,7.05,0.0,360,253800,买盘
71,09:34:07,7.04,-0.01,13,9161,卖盘
72,09:34:10,7.05,0.01,66,46958,买盘
73,09:34:13,7.04,-0.01,52,36645,卖盘
74,09:34:16,7.05,0.01,27,19035,买盘
75,09:34:19,7.05,0.0,117,82398,买盘
76,09:34:22,7.04,-0.01,25,17603,卖盘
77,09:34:25,7.05,0.01,11,7749,买盘
78,09:34:28,7.04,-0.01,10,7040,卖盘
79,09:34:31,7.04,0.0,12,8073,卖盘
80,09:34:37,7.04,0.0,162,114208,卖盘
81,09:34:40,7.04,0.0,61,42944,卖盘
82,09:34:43,7.05,0.01,100,70500,买盘
83,09:34:46,7.04,-0.01,101,71104,卖盘
84,09:34:49,7.05,0.01,1,705,买盘
85,09:34:52,7.04,-0.01,3,2112,卖盘
86,09:34:55,7.05,0.01,41,28885,买盘
87,09:34:58,7.04,-0.01,142,99968,卖盘
88,09:35:01,7.04,0.0,12,8448,卖盘
89,09:35:04,7.04,0.0,15,11074,卖盘
90,09:35:07,7.04,0.0,127,89402,买盘
91,09:35:10,7.04,0.0,10,7040,买盘
92,09:35:13,7.04,0.0,60,41721,买盘
93,09:35:16,7.04,0.0,11,7744,卖盘
94,09:35:19,7.03,-0.01,112,78738,买盘
95,09:35:25,7.03,0.0,16,11248,卖盘
96,09:35:28,7.03,0.0,47,33041,卖盘
97,09:35:31,7.04,0.01,45,31680,买盘
98,09:35:34,7.04,0.0,3,2112,卖盘
99,09:35:37,7.04,0.0,2,1408,买盘
100,09:35:40,7.04,0.0,15,10560,买盘
101,09:35:43,7.04,0.0,8,5632,买盘
102,09:35:46,7.04,0.0,214,150656,买盘
103,09:35:49,7.04,0.0,3,2112,卖盘
104,09:35:52,7.04,0.0,3,2112,卖盘
105,09:35:55,7.04,0.0,64,45056,卖盘
106,09:36:01,7.03,-0.01,36,25319,卖盘
107,09:36:04,7.04,0.01,5,3520,买盘
108,09:36:07,7.03,-0.01,2,1406,卖盘
109,09:36:10,7.04,0.01,18,12668,买盘
110,09:36:16,7.04,0.0,6,4219,买盘
111,09:36:25,7.04,0.0,405,285093,买盘
112,09:36:31,7.04,0.0,19,13376,买盘
113,09:36:37,7.04,0.0,64,45056,买盘
114,09:36:40,7.04,0.0,9,6336,买盘
115,09:36:43,7.04,0.0,101,71104,买盘
116,09:36:46,7.03,-0.01,1,703,卖盘
117,09:36:49,7.04,0.01,54,38016,买盘
118,09:36:52,7.04,0.0,104,73270,卖盘
119,09:36:55,7.04,0.0,10,7040,卖盘
120,09:36:58,7.04,0.0,1,704,买盘
121,09:37:04,7.04,0.0,3,2110,买盘
122,09:37:07,7.04,0.0,20,14080,买盘
123,09:37:10,7.04,0.0,30,21120,买盘
124,09:37:19,7.04,0.0,4,2816,买盘
125,09:37:22,7.04,0.0,2,1408,买盘
126,09:37:25,7.04,0.0,4,2816,买盘
127,09:37:28,7.03,-0.01,8,5624,卖盘
128,09:37:34,7.04,0.01,6,4224,买盘
129,09:37:37,7.03,-0.01,187,131633,卖盘
130,09:37:46,7.04,0.01,25,17600,买盘
131,09:37:49,7.04,0.0,9,6336,卖盘
132,09:37:52,7.04,0.0,17,11968,卖盘
133,09:37:55,7.04,0.0,2,1408,买盘
134,09:37:58,7.04,0.0,9,6330,买盘
135,09:38:01,7.03,-0.01,15,10545,卖盘
136,09:38:04,7.03,0.0,31,21803,卖盘
137,09:38:16,7.04,0.01,89,62627,买盘
138,09:38:19,7.04,0.0,83,58433,卖盘
139,09:38:22,7.04,0.0,128,90112,卖盘
140,09:38:25,7.04,0.0,78,54912,卖盘
141,09:38:28,7.03,-0.01,1022,718979,卖盘
142,09:38:31,7.03,0.0,1,703,买盘
143,09:38:34,7.03,0.0,23,16155,买盘
144,09:38:37,7.02,-0.01,46,32292,卖盘
145,09:38:43,7.03,0.01,49,34408,买盘
146,09:38:46,7.0,-0.03,631,442147,卖盘
147,09:38:52,7.02,0.02,17,11934,买盘
148,09:38:55,7.01,-0.01,11,7703,中性盘
149,09:38:58,7.0,-0.01,7,4900,卖盘
150,09:39:01,7.01,0.01,79,55311,买盘
151,09:39:04,7.01,0.0,7,4907,买盘
152,09:39:07,7.0,-0.01,35,24500,卖盘
153,09:39:10,7.0,0.0,20,14002,卖盘
154,09:39:13,7.0,0.0,36,25217,卖盘
155,09:39:16,7.0,0.0,14,9800,卖盘
156,09:39:22,7.01,0.01,2,1402,买盘
157,09:39:28,7.01,0.0,13,9113,买盘
158,09:39:31,7.01,0.0,9,6306,买盘
159,09:39:34,7.01,0.0,234,163823,买盘
160,09:39:37,7.01,0.0,21,14721,买盘
161,09:39:40,7.01,0.0,38,26608,买盘
162,09:39:46,7.01,0.0,2,1402,买盘
163,09:39:49,7.0,-0.01,384,269283,卖盘
164,09:39:52,7.0,0.0,70,49009,买盘
165,09:39:55,7.0,0.0,13,9100,买盘
166,09:39:58,7.0,0.0,21,14700,买盘
167,09:40:01,6.99,-0.01,2,1398,卖盘
168,09:40:07,6.99,0.0,3,2097,卖盘
169,09:40:10,7.0,0.01,154,107679,买盘
170,09:40:13,7.0,0.0,48,33600,买盘
171,09:40:16,6.99,-0.01,119,83222,卖盘
172,09:40:19,7.0,0.01,96,67249,买盘
173,09:40:22,7.01,0.01,16,11213,买盘
174,09:40:25,7.01,0.0,66,46244,买盘
175,09:40:28,7.0,-0.01,45,31529,卖盘
176,09:40:31,7.0,0.0,15,10508,卖盘
177,09:40:37,7.0,0.0,19,13301,卖盘
178,09:40:40,7.0,0.0,39,27329,卖盘
179,09:40:43,7.01,0.01,66,46266,买盘
180,09:40:46,7.0,-0.01,164,114800,卖盘
181,09:40:49,7.01,0.01,126,88203,买盘
182,09:40:55,7.01,0.0,107,74907,买盘
183,09:41:01,7.0,-0.01,20,14016,卖盘
184,09:41:04,7.0,0.0,4,2803,卖盘
185,09:41:07,7.01,0.01,6,4201,买盘
186,09:41:13,7.01,0.0,146,102353,买盘
187,09:41:16,7.02,0.01,10,7020,买盘
188,09:41:19,7.01,-0.01,18,12618,卖盘
189,09:41:22,7.01,0.0,60,42060,卖盘
190,09:41:25,7.02,0.01,1,702,买盘
191,09:41:28,7.01,-0.01,3,2103,卖盘
192,09:41:31,7.01,0.0,2,1402,卖盘
193,09:41:34,7.01,0.0,7,4907,卖盘
194,09:41:37,7.01,0.0,14,9818,买盘
195,09:41:40,7.0,-0.01,59,41300,卖盘
196,09:41:43,7.01,0.01,16,11216,买盘
197,09:41:46,7.01,0.0,4,2804,卖盘
198,09:41:49,7.01,0.0,15,10515,买盘
199,09:41:52,7.01,0.0,11,7711,买盘
200,09:41:55,7.01,0.0,65,45539,买盘
201,09:41:58,7.01,0.0,19,13314,卖盘
202,09:42:01,7.01,0.0,2,1402,卖盘
203,09:42:04,7.01,0.0,6,4206,卖盘
204,09:42:07,7.01,0.0,8,5608,卖盘
205,09:42:13,7.01,0.0,2,1402,卖盘
206,09:42:16,7.02,0.01,44,30888,买盘
207,09:42:19,7.01,-0.01,2,1402,卖盘
208,09:42:22,7.01,0.0,9,6309,卖盘
209,09:42:25,7.02,0.01,30,21050,买盘
210,09:42:28,7.01,-0.01,13,9113,卖盘
211,09:42:31,7.0,-0.01,9,6306,卖盘
212,09:42:34,7.01,0.01,1,701,中性盘
213,09:42:37,7.01,0.0,20,14020,买盘
214,09:42:40,7.02,0.01,231,162142,买盘
215,09:42:46,7.02,0.0,188,131976,卖盘
216,09:42:52,7.01,-0.01,32,22446,卖盘
217,09:42:55,7.01,0.0,22,15422,买盘
218,09:42:58,7.01,0.0,1,701,买盘
219,09:43:05,7.01,0.0,14,9814,卖盘
220,09:43:10,7.01,0.0,27,18927,买盘
221,09:43:13,7.01,0.0,36,25236,买盘
222,09:43:16,7.01,0.0,45,31545,买盘
223,09:43:19,7.02,0.01,99,69497,买盘
224,09:43:22,7.02,0.0,52,36504,买盘
225,09:43:25,7.01,-0.01,52,36503,卖盘
226,09:43:28,7.03,0.02,24,16846,买盘
227,09:43:31,7.03,0.0,4,2811,买盘
228,09:43:34,7.02,-0.01,13,9132,卖盘
229,09:43:37,7.01,-0.01,46,32267,卖盘
230,09:43:43,7.03,0.02,16,11248,买盘
231,09:43:46,7.02,-0.01,12,8424,卖盘
232,09:43:58,7.02,0.0,14,9828,买盘
233,09:44:01,7.02,0.0,104,73008,买盘
234,09:44:07,7.03,0.01,32,22496,买盘
235,09:44:13,7.03,0.0,16,11248,买盘
236,09:44:16,7.03,0.0,662,465360,买盘
237,09:44:25,7.04,0.01,18,12672,买盘
238,09:44:28,7.04,0.0,2,1408,买盘
239,09:44:34,7.03,-0.01,2,1406,卖盘
240,09:44:37,7.04,0.01,63,44352,买盘
241,09:44:40,7.04,0.0,1,704,买盘
242,09:44:43,7.04,0.0,1,704,买盘
243,09:44:49,7.03,-0.01,40,28120,卖盘
244,09:44:52,7.03,0.0,24,16872,卖盘
245,09:45:04,7.04,0.01,17,11961,买盘
246,09:45:07,7.03,-0.01,24,16872,卖盘
247,09:45:13,7.03,0.0,54,37991,卖盘
248,09:45:16,7.03,0.0,118,83052,卖盘
249,09:45:19,7.04,0.01,3,2112,买盘
250,09:45:22,7.04,0.0,2,1408,买盘
251,09:45:25,7.04,0.0,12,8448,买盘
252,09:45:28,7.04,0.0,96,67584,买盘
253,09:45:31,7.04,0.0,461,324444,买盘
254,09:45:34,7.05,0.01,89,62660,买盘
255,09:45:40,7.05,0.0,121,85225,买盘
256,09:45:43,7.04,-0.01,1,704,卖盘
257,09:45:46,7.05,0.01,8,5640,买盘
258,09:45:49,7.04,-0.01,7,4930,卖盘
259,09:45:55,7.05,0.01,141,99405,买盘
260,09:45:58,7.05,0.0,11,7755,买盘
261,09:46:01,7.04,-0.01,24,16896,卖盘
262,09:46:04,7.04,0.0,2,1408,卖盘
263,09:46:10,7.05,0.01,4,2817,买盘
264,09:46:13,7.05,0.0,15,10575,买盘
265,09:46:16,7.04,-0.01,3,2112,卖盘
266,09:46:19,7.04,0.0,3,2112,卖盘
267,09:46:22,7.05,0.01,34,23937,买盘
268,09:46:25,7.04,-0.01,6,4224,卖盘
269,09:46:28,7.05,0.01,70,49334,买盘
270,09:46:34,7.04,-0.01,28,19717,卖盘
271,09:46:37,7.04,0.0,14,9856,卖盘
272,09:46:40,7.04,0.0,31,21824,卖盘
273,09:46:43,7.03,-0.01,30,21090,卖盘
274,09:46:46,7.04,0.01,37,26033,买盘
275,09:46:49,7.04,0.0,14,9856,买盘
276,09:46:52,7.04,0.0,122,85886,买盘
277,09:47:10,7.04,0.0,170,119680,买盘
278,09:47:22,7.04,0.0,93,65430,买盘
279,09:47:28,7.04,0.0,11,7744,卖盘
280,09:47:31,7.04,0.0,4,2816,卖盘
281,09:47:34,7.03,-0.01,32,22510,卖盘
282,09:47:39,7.04,0.01,14,9856,买盘
283,09:47:46,7.03,-0.01,3,2109,卖盘
284,09:47:49,7.03,0.0,28,19684,卖盘
285,09:47:55,7.03,0.0,4,2812,卖盘
286,09:47:58,7.03,0.0,11,7734,卖盘
287,09:48:01,7.03,0.0,22,15466,卖盘
288,09:48:07,7.03,0.0,71,49913,卖盘
289,09:48:10,7.03,0.0,2,1406,卖盘
290,09:48:13,7.03,0.0,100,70300,卖盘
291,09:48:16,7.03,0.0,19,13357,卖盘
292,09:48:25,7.04,0.01,573,403392,买盘
293,09:48:28,7.04,0.0,231,162626,卖盘
294,09:48:31,7.05,0.01,13,9165,买盘
295,09:48:37,7.05,0.0,422,297090,买盘
296,09:48:43,7.05,0.0,50,35250,买盘
297,09:48:46,7.05,0.0,1,705,买盘
298,09:48:58,7.04,-0.01,2,1408,买盘
299,09:49:01,7.04,0.0,4,2816,买盘
300,09:49:04,7.04,0.0,1,704,卖盘
301,09:49:10,7.05,0.01,5,3525,买盘
302,09:49:13,7.05,0.0,5,3525,买盘
303,09:49:19,7.04,-0.01,42,29578,卖盘
304,09:49:22,7.05,0.01,5,3525,买盘
305,09:49:25,7.04,-0.01,126,88712,卖盘
306,09:49:28,7.04,0.0,11,7744,卖盘
307,09:49:34,7.04,0.0,3,2112,买盘
308,09:49:37,7.04,0.0,13,9152,买盘
309,09:49:40,7.04,0.0,52,36608,卖盘
310,09:49:43,7.04,0.0,98,68900,中性盘
311,09:49:49,7.04,0.0,14,9856,买盘
312,09:49:55,7.04,0.0,5,3520,买盘
313,09:49:58,7.04,0.0,50,35200,买盘
314,09:50:34,7.03,-0.01,3,2111,卖盘
315,09:50:42,7.03,0.0,29,20387,卖盘
316,09:50:46,7.04,0.01,2,1408,买盘
317,09:50:55,7.03,-0.01,80,56290,卖盘
318,09:51:01,7.04,0.01,23,16185,买盘
319,09:51:13,7.04,0.0,10,7040,买盘
320,09:51:16,7.04,0.0,81,56953,买盘
321,09:51:19,7.03,-0.01,53,37259,卖盘
322,09:51:40,7.04,0.01,41,28824,买盘
323,09:51:46,7.03,-0.01,100,70300,卖盘
324,09:51:58,7.03,0.0,6,4218,卖盘
325,09:52:04,7.03,0.0,13,9151,卖盘
326,09:52:13,7.04,0.01,575,404785,买盘
327,09:52:19,7.05,0.01,32,22560,买盘
328,09:52:22,7.05,0.0,4,2820,买盘
329,09:52:25,7.05,0.0,37,26080,买盘
330,09:52:28,7.05,0.0,42,29582,买盘
331,09:52:31,7.04,-0.01,9,6336,卖盘
332,09:52:34,7.05,0.01,3,2115,买盘
333,09:52:37,7.05,0.0,209,147344,买盘
334,09:52:40,7.05,0.0,1017,716985,买盘
335,09:52:43,7.05,0.0,83,58502,买盘
336,09:52:46,7.05,0.0,102,71910,买盘
337,09:52:49,7.05,0.0,240,169200,买盘
338,09:52:52,7.05,0.0,79,55695,买盘
339,09:52:54,7.05,0.0,36,25380,买盘
340,09:52:57,7.05,0.0,28,19740,买盘
341,09:53:01,7.05,0.0,131,92355,买盘
342,09:53:04,7.05,0.0,53,37210,买盘
343,09:53:07,7.05,0.0,39,27495,卖盘
344,09:53:10,7.06,0.01,53,37405,买盘
345,09:53:13,7.06,0.0,34,23988,买盘
346,09:53:16,7.06,0.0,22,15515,买盘
347,09:53:18,7.05,-0.01,44,31036,卖盘
348,09:53:22,7.06,0.01,246,173671,买盘
349,09:53:25,7.06,0.0,119,83989,卖盘
350,09:53:28,7.06,0.0,75,52958,卖盘
351,09:53:31,7.06,0.0,432,305392,卖盘
352,09:53:34,7.06,0.0,27,19062,卖盘
353,09:53:37,7.05,-0.01,59,41641,卖盘
354,09:53:40,7.06,0.01,105,74130,买盘
355,09:53:43,7.06,0.0,38,26815,买盘
356,09:53:46,7.07,0.01,220,155316,买盘
357,09:53:49,7.06,-0.01,66,46593,卖盘
358,09:53:52,7.06,0.0,15,10582,买盘
359,09:53:55,7.06,0.0,35,24695,买盘
360,09:53:58,7.06,0.0,111,78356,买盘
361,09:54:01,7.07,0.01,119,84105,买盘
362,09:54:04,7.07,0.0,54,38178,卖盘
363,09:54:07,7.07,0.0,28,19796,卖盘
364,09:54:10,7.08,0.01,25,17683,买盘
365,09:54:12,7.08,0.0,54,38226,买盘
366,09:54:15,7.08,0.0,217,153630,买盘
367,09:54:18,7.07,-0.01,15,10605,卖盘
368,09:54:22,7.07,0.0,130,91910,卖盘
369,09:54:25,7.08,0.01,9,6369,买盘
370,09:54:28,7.07,-0.01,46,32533,卖盘
371,09:54:31,7.08,0.01,36,25485,买盘
372,09:54:34,7.07,-0.01,13,9191,卖盘
373,09:54:37,7.08,0.01,19,13443,买盘
374,09:54:40,7.08,0.0,30,21238,买盘
375,09:54:43,7.07,-0.01,38,26894,卖盘
376,09:54:46,7.08,0.01,67,47409,买盘
377,09:54:49,7.07,-0.01,15,10605,卖盘
378,09:54:52,7.07,0.0,15,10605,卖盘
379,09:54:58,7.07,0.0,7,4945,买盘
380,09:55:04,7.06,-0.01,9,6360,卖盘
381,09:55:07,7.07,0.01,39,27573,买盘
382,09:55:10,7.07,0.0,19,13433,卖盘
383,09:55:13,7.07,0.0,43,30401,卖盘
384,09:55:16,7.06,-0.01,5,3530,卖盘
385,09:55:19,7.06,0.0,9,6354,卖盘
386,09:55:22,7.07,0.01,21,14836,买盘
387,09:55:25,7.07,0.0,19,13431,买盘
388,09:55:28,7.06,-0.01,33,23320,卖盘
389,09:55:31,7.06,0.0,5,3530,卖盘
390,09:55:33,7.06,0.0,8,5648,卖盘
391,09:55:37,7.06,0.0,1,706,卖盘
392,09:55:40,7.07,0.01,11,7776,买盘
393,09:55:43,7.06,-0.01,1,706,卖盘
394,09:55:46,7.07,0.01,19,13425,买盘
395,09:55:52,7.06,-0.01,4,2824,卖盘
396,09:55:55,7.07,0.01,14,9898,买盘
397,09:55:57,7.06,-0.01,5,3530,卖盘
398,09:56:01,7.06,0.0,17,12002,卖盘
399,09:56:04,7.06,0.0,39,27554,卖盘
400,09:56:07,7.06,0.0,6,4236,卖盘
401,09:56:10,7.06,0.0,9,6354,卖盘
402,09:56:13,7.06,0.0,1,706,卖盘
403,09:56:16,7.06,0.0,102,72012,卖盘
404,09:56:19,7.07,0.01,39,27573,买盘
405,09:56:22,7.06,-0.01,49,34614,卖盘
406,09:56:25,7.06,0.0,29,20474,卖盘
407,09:56:28,7.06,0.0,14,9884,卖盘
408,09:56:31,7.07,0.01,42,29667,买盘
409,09:56:34,7.06,-0.01,2,1412,卖盘
410,09:56:36,7.06,0.0,17,12002,卖盘
411,09:56:40,7.06,0.0,1,706,卖盘
412,09:56:43,7.06,0.0,45,31770,卖盘
413,09:56:46,7.06,0.0,154,108734,卖盘
414,09:56:49,7.06,0.0,18,12708,买盘
415,09:56:52,7.05,-0.01,43,30315,卖盘
416,09:56:55,7.05,0.0,4,2820,卖盘
417,09:56:58,7.05,0.0,10,7050,卖盘
418,09:57:01,7.05,0.0,40,28210,卖盘
419,09:57:04,7.05,0.0,18,12690,卖盘
420,09:57:07,7.05,0.0,43,30315,卖盘
421,09:57:10,7.06,0.01,12,8221,买盘
422,09:57:13,7.05,-0.01,19,13670,卖盘
423,09:57:16,7.05,0.0,4,2707,卖盘
424,09:57:19,7.05,0.0,6,4181,卖盘
425,09:57:22,7.05,0.0,61,43174,卖盘
426,09:57:25,7.05,0.0,33,22976,卖盘
427,09:57:28,7.05,0.0,29,20652,卖盘
428,09:57:31,7.05,0.0,11,7642,卖盘
429,09:57:34,7.06,0.01,16,11133,买盘
430,09:57:36,7.06,0.0,72,50710,买盘
431,09:57:40,7.05,-0.01,44,31415,卖盘
432,09:57:43,7.05,0.0,23,16419,卖盘
433,09:57:46,7.05,0.0,15,10575,卖盘
434,09:57:49,7.05,0.0,404,284171,卖盘
435,09:57:52,7.05,0.0,3,2707,卖盘
436,09:57:55,7.05,0.0,16,11277,买盘
437,09:57:58,7.05,0.0,5,3525,买盘
438,09:58:04,7.04,-0.01,6,4226,卖盘
439,09:58:10,7.04,0.0,14,9856,卖盘
440,09:58:13,7.05,0.01,23,16195,买盘
441,09:58:16,7.04,-0.01,14,9856,卖盘
442,09:58:22,7.05,0.01,13,9165,买盘
443,09:58:25,7.05,0.0,20,14100,买盘
444,09:58:28,7.05,0.0,30,21150,买盘
445,09:58:34,7.05,0.0,12,8453,买盘
446,09:58:37,7.05,0.0,24,16920,买盘
447,09:58:40,7.04,-0.01,51,35925,卖盘
448,09:58:43,7.05,0.01,6,4230,买盘
449,09:58:46,7.05,0.0,84,59170,买盘
450,09:58:49,7.04,-0.01,25,17610,卖盘
451,09:58:52,7.05,0.01,319,224895,买盘
452,09:58:55,7.04,-0.01,30,21137,卖盘
453,09:58:58,7.05,0.01,73,51465,买盘
454,09:59:01,7.05,0.0,35,24675,买盘
455,09:59:04,7.05,0.0,45,31725,买盘
456,09:59:06,7.05,0.0,17,11985,买盘
457,09:59:10,7.05,0.0,70,49350,买盘
458,09:59:13,7.05,0.0,23,16214,卖盘
459,09:59:16,7.05,0.0,84,59220,买盘
460,09:59:19,7.06,0.01,55,38792,买盘
461,09:59:22,7.05,-0.01,21,14805,卖盘
462,09:59:25,7.05,0.0,18,12690,买盘
463,09:59:27,7.05,0.0,32,22564,中性盘
464,09:59:31,7.05,0.0,14,9870,中性盘
465,09:59:33,7.04,-0.01,9,6343,卖盘
466,09:59:37,7.06,0.02,19,13411,买盘
467,09:59:43,7.05,-0.01,10,7050,中性盘
468,09:59:49,7.05,0.0,6,4230,卖盘
469,09:59:54,7.05,0.0,1,705,卖盘
470,09:59:58,7.05,0.0,7,4935,卖盘
471,10:00:01,7.05,0.0,42,29610,卖盘
472,10:00:04,7.05,0.0,2,1410,卖盘
473,10:00:07,7.05,0.0,13,9165,卖盘
474,10:00:16,7.05,0.0,18,12690,买盘
475,10:00:19,7.05,0.0,8,5640,卖盘
476,10:00:22,7.06,0.01,35,24705,买盘
477,10:00:25,7.05,-0.01,1,705,卖盘
478,10:00:28,7.05,0.0,16,11289,卖盘
479,10:00:31,7.05,0.0,1,705,买盘
480,10:00:34,7.05,0.0,13,9165,中性盘
481,10:00:37,7.06,0.01,16,11283,买盘
482,10:00:40,7.06,0.0,11,7757,买盘
483,10:00:42,7.06,0.0,59,41480,买盘
484,10:00:46,7.05,-0.01,64,45150,卖盘
485,10:00:49,7.06,0.01,40,28227,买盘
486,10:00:52,7.05,-0.01,27,19043,卖盘
487,10:00:55,7.06,0.01,116,81886,买盘
488,10:00:58,7.06,0.0,15,10584,买盘
489,10:01:01,7.06,0.0,43,30326,买盘
490,10:01:04,7.06,0.0,4,2821,买盘
491,10:01:07,7.06,0.0,15,10577,中性盘
492,10:01:10,7.07,0.01,6,4242,买盘
493,10:01:13,7.05,-0.02,15,10587,卖盘
494,10:01:16,7.06,0.01,2,1412,卖盘
495,10:01:19,7.06,0.0,4,2824,卖盘
496,10:01:22,7.07,0.01,15,10605,买盘
497,10:01:25,7.07,0.0,2,1413,买盘
498,10:01:28,7.06,-0.01,3,2118,卖盘
499,10:01:34,7.06,0.0,23,16259,卖盘
500,10:01:40,7.06,0.0,9,6354,卖盘
501,10:01:43,7.07,0.01,3,2121,买盘
502,10:01:45,7.06,-0.01,3,2118,卖盘
503,10:01:49,7.06,0.0,1,706,卖盘
504,10:01:52,7.07,0.01,6,4242,买盘
505,10:01:55,7.07,0.0,15,10604,买盘
506,10:01:58,7.07,0.0,2,1413,买盘
507,10:02:01,7.07,0.0,231,163314,买盘
508,10:02:07,7.07,0.0,166,117362,买盘
509,10:02:09,7.07,0.0,12,8484,卖盘
510,10:02:13,7.07,0.0,44,31108,卖盘
511,10:02:16,7.07,0.0,3,2121,卖盘
512,10:02:19,7.08,0.01,20,14150,买盘
513,10:02:22,7.08,0.0,54,38232,买盘
514,10:02:25,7.07,-0.01,25,17695,卖盘
515,10:02:28,7.08,0.01,44,31116,买盘
516,10:02:30,7.08,0.0,213,150793,买盘
517,10:02:33,7.08,0.0,47,33230,买盘
518,10:02:37,7.07,-0.01,69,48792,卖盘
519,10:02:40,7.08,0.01,111,78555,买盘
520,10:02:43,7.08,0.0,34,24056,买盘
521,10:02:46,7.07,-0.01,36,25452,卖盘
522,10:02:49,7.08,0.01,14,9901,买盘
523,10:02:51,7.07,-0.01,8,5656,卖盘
524,10:02:55,7.08,0.01,16,11325,买盘
525,10:02:58,7.08,0.0,26,18404,买盘
526,10:03:01,7.07,-0.01,25,17695,卖盘
527,10:03:04,7.08,0.01,27,19110,买盘
528,10:03:07,7.08,0.0,48,33960,买盘
529,10:03:10,7.08,0.0,27,19109,买盘
530,10:03:13,7.07,-0.01,53,37476,卖盘
531,10:03:16,7.07,0.0,5,3535,卖盘
532,10:03:19,7.08,0.01,64,45294,买盘
533,10:03:21,7.08,0.0,101,71507,买盘
534,10:03:25,7.08,0.0,55,38925,买盘
535,10:03:28,7.07,-0.01,23,16261,卖盘
536,10:03:31,7.08,0.01,71,50248,买盘
537,10:03:34,7.07,-0.01,4,2828,卖盘
538,10:03:37,7.07,0.0,18,12726,卖盘
539,10:03:40,7.08,0.01,10,7080,买盘
540,10:03:43,7.07,-0.01,52,36812,卖盘
541,10:03:46,7.07,0.0,3,2121,卖盘
542,10:03:49,7.07,0.0,21,14852,卖盘
543,10:03:52,7.08,0.01,21,14867,买盘
544,10:03:55,7.08,0.0,6,4243,买盘
545,10:03:57,7.08,0.0,36,25484,买盘
546,10:04:01,7.07,-0.01,3,2121,卖盘
547,10:04:04,7.08,0.01,10,7072,买盘
548,10:04:07,7.07,-0.01,2,1414,卖盘
549,10:04:10,7.08,0.01,16,11326,买盘
550,10:04:13,7.07,-0.01,16,11312,卖盘
551,10:04:16,7.07,0.0,4,2828,卖盘
552,10:04:19,7.08,0.01,24,16977,买盘
553,10:04:22,7.08,0.0,34,24068,买盘
554,10:04:25,7.07,-0.01,8,5656,卖盘
555,10:04:28,7.08,0.01,22,15568,买盘
556,10:04:31,7.07,-0.01,149,105343,卖盘
557,10:04:34,7.06,-0.01,51,35653,卖盘
558,10:04:37,7.08,0.02,349,246940,买盘
559,10:04:40,7.07,-0.01,77,54439,买盘
560,10:04:43,7.07,0.0,106,74868,卖盘
561,10:04:46,7.07,0.0,3,2121,卖盘
562,10:04:49,7.06,-0.01,35,24740,卖盘
563,10:04:52,7.08,0.02,175,123869,买盘
564,10:04:55,7.06,-0.02,8,5648,卖盘
565,10:04:57,7.06,0.0,58,40959,卖盘
566,10:05:01,7.07,0.01,32,22622,买盘
567,10:05:04,7.06,-0.01,48,33922,卖盘
568,10:05:07,7.07,0.01,25,17675,买盘
569,10:05:10,7.07,0.0,48,33924,买盘
570,10:05:13,7.07,0.0,14,9888,买盘
571,10:05:16,7.07,0.0,27,19078,买盘
572,10:05:19,7.07,0.0,75,53001,买盘
573,10:05:22,7.08,0.01,78,55214,买盘
574,10:05:25,7.08,0.0,103,72902,买盘
575,10:05:28,7.08,0.0,56,39629,买盘
576,10:05:31,7.08,0.0,210,148650,买盘
577,10:05:34,7.09,0.01,125,88565,买盘
578,10:05:37,7.08,-0.01,127,89883,卖盘
579,10:05:40,7.08,0.0,96,67968,买盘
580,10:05:43,7.08,0.0,45,31826,中性盘
581,10:05:46,7.07,-0.01,22,15554,卖盘
582,10:05:49,7.08,0.01,16,11333,卖盘
583,10:05:52,7.08,0.0,53,37524,卖盘
584,10:05:55,7.08,0.0,4,2832,中性盘
585,10:05:58,7.08,0.0,12,8496,卖盘
586,10:06:01,7.09,0.01,643,455887,买盘
587,10:06:04,7.09,0.0,24,17012,买盘
588,10:06:07,7.09,0.0,208,147303,买盘
589,10:06:10,7.09,0.0,42,29772,买盘
590,10:06:13,7.09,0.0,57,40358,买盘
591,10:06:16,7.09,0.0,10,7081,买盘
592,10:06:19,7.09,0.0,19,13457,卖盘
593,10:06:25,7.08,-0.01,4,2832,卖盘
594,10:06:28,7.09,0.01,193,136837,买盘
595,10:06:31,7.09,0.0,146,103513,买盘
596,10:06:34,7.09,0.0,163,115511,买盘
597,10:06:37,7.09,0.0,78,55269,买盘
598,10:06:40,7.09,0.0,92,65271,卖盘
599,10:06:43,7.1,0.01,29,20573,买盘
600,10:06:46,7.1,0.0,29,20563,买盘
601,10:06:49,7.1,0.0,9,6384,买盘
602,10:06:52,7.09,-0.01,7,4963,卖盘
603,10:06:55,7.1,0.01,3,2128,买盘
604,10:06:58,7.09,-0.01,1,709,卖盘
605,10:07:01,7.1,0.01,10,7099,买盘
606,10:07:04,7.1,0.0,6,4260,买盘
607,10:07:07,7.1,0.0,63,44725,买盘
608,10:07:10,7.1,0.0,20,14199,买盘
609,10:07:13,7.09,-0.01,68,48260,卖盘
610,10:07:16,7.1,0.01,43,30524,买盘
611,10:07:19,7.1,0.0,52,36904,买盘
612,10:07:22,7.1,0.0,28,19870,买盘
613,10:07:25,7.1,0.0,23,16312,买盘
614,10:07:28,7.1,0.0,116,82354,买盘
615,10:07:31,7.1,0.0,48,34074,买盘
616,10:07:34,7.1,0.0,95,67419,买盘
617,10:07:37,7.1,0.0,28,19869,买盘
618,10:07:40,7.1,0.0,132,93701,买盘
619,10:07:43,7.09,-0.01,100,70990,卖盘
620,10:07:46,7.1,0.01,77,54643,买盘
621,10:07:49,7.1,0.0,80,56766,买盘
622,10:07:52,7.09,-0.01,36,25524,卖盘
623,10:07:55,7.1,0.01,44,31224,买盘
624,10:07:58,7.09,-0.01,12,8508,卖盘
625,10:08:01,7.09,0.0,9,6381,卖盘
626,10:08:04,7.09,0.0,39,27651,卖盘
627,10:08:07,7.09,0.0,2,1418,卖盘
628,10:08:10,7.09,0.0,8,5672,卖盘
629,10:08:16,7.09,0.0,2,1418,卖盘
630,10:08:19,7.1,0.01,30,21300,买盘
631,10:08:22,7.1,0.0,4,2840,买盘
632,10:08:25,7.09,-0.01,12,8508,卖盘
633,10:08:28,7.09,0.0,1,709,卖盘
634,10:08:31,7.09,0.0,3,2127,卖盘
635,10:08:34,7.1,0.01,118,83780,买盘
636,10:08:37,7.09,-0.01,10,7090,卖盘
637,10:08:40,7.09,0.0,26,18434,卖盘
638,10:08:43,7.09,0.0,7,4963,卖盘
639,10:08:46,7.1,0.01,99,70261,买盘
640,10:08:49,7.1,0.0,17,12058,买盘
641,10:08:52,7.1,0.0,28,19861,买盘
642,10:08:55,7.09,-0.01,4,2836,卖盘
643,10:08:58,7.09,0.0,20,14180,卖盘
644,10:09:01,7.09,0.0,48,34032,卖盘
645,10:09:04,7.1,0.01,702,498416,买盘
646,10:09:07,7.1,0.0,175,124250,卖盘
647,10:09:10,7.09,-0.01,70,49676,卖盘
648,10:09:13,7.09,0.0,106,75254,卖盘
649,10:09:16,7.09,0.0,114,80836,卖盘
650,10:09:19,7.09,0.0,46,32634,卖盘
651,10:09:21,7.09,0.0,23,16307,卖盘
652,10:09:25,7.09,0.0,14,9926,卖盘
653,10:09:28,7.09,0.0,47,33323,卖盘
654,10:09:31,7.09,0.0,25,17725,卖盘
655,10:09:34,7.09,0.0,16,11344,卖盘
656,10:09:37,7.09,0.0,25,17725,卖盘
657,10:09:40,7.09,0.0,3,2127,卖盘
658,10:09:43,7.09,0.0,10,7090,卖盘
659,10:09:46,7.09,0.0,87,61683,卖盘
660,10:09:52,7.09,0.0,44,31179,买盘
661,10:09:58,7.09,0.0,16,11335,买盘
662,10:10:04,7.09,0.0,39,27643,买盘
663,10:10:07,7.08,-0.01,5,3540,卖盘
664,10:10:10,7.09,0.01,70,49573,买盘
665,10:10:13,7.08,-0.01,4,2832,卖盘
666,10:10:16,7.08,0.0,14,9912,卖盘
667,10:10:19,7.08,0.0,45,31861,卖盘
668,10:10:22,7.08,0.0,24,16992,卖盘
669,10:10:25,7.08,0.0,35,24780,卖盘
670,10:10:28,7.09,0.01,55,38947,买盘
671,10:10:31,7.08,-0.01,22,15576,卖盘
672,10:10:34,7.08,0.0,46,32568,卖盘
673,10:10:37,7.08,0.0,2,1416,买盘
674,10:10:40,7.07,-0.01,15,10605,卖盘
675,10:10:43,7.07,0.0,1,707,卖盘
676,10:10:46,7.08,0.01,9,6369,买盘
677,10:10:49,7.08,0.0,50,35400,买盘
678,10:10:52,7.08,0.0,4,2830,买盘
679,10:10:55,7.08,0.0,18,12734,买盘
680,10:10:58,7.08,0.0,8,5664,卖盘
681,10:11:01,7.07,-0.01,13,9192,卖盘
682,10:11:04,7.08,0.01,6,4248,买盘
683,10:11:06,7.08,0.0,9,6372,卖盘
684,10:11:13,7.08,0.0,66,46726,买盘
685,10:11:16,7.08,0.0,28,19824,卖盘
686,10:11:19,7.08,0.0,19,13452,卖盘
687,10:11:22,7.08,0.0,104,73632,卖盘
688,10:11:25,7.08,0.0,26,18408,卖盘
689,10:11:27,7.08,0.0,37,26207,卖盘
690,10:11:31,7.09,0.01,14,9921,买盘
691,10:11:34,7.08,-0.01,7,4956,卖盘
692,10:11:37,7.08,0.0,4,2832,卖盘
693,10:11:39,7.09,0.01,7,4962,买盘
694,10:11:43,7.09,0.0,46,32613,买盘
695,10:11:46,7.09,0.0,57,40377,买盘
696,10:11:49,7.09,0.0,28,19843,买盘
697,10:11:52,7.09,0.0,41,29032,买盘
698,10:11:55,7.08,-0.01,27,19137,卖盘
699,10:11:58,7.08,0.0,10,7082,卖盘
700,10:12:01,7.09,0.01,13,9212,买盘
701,10:12:04,7.09,0.0,179,126889,买盘
702,10:12:07,7.08,-0.01,33,23402,卖盘
703,10:12:10,7.08,0.0,54,38241,卖盘
704,10:12:12,7.09,0.01,24,17010,买盘
705,10:12:16,7.09,0.0,32,22688,卖盘
706,10:12:19,7.09,0.0,29,20561,卖盘
707,10:12:22,7.1,0.01,68,48232,买盘
708,10:12:25,7.09,-0.01,38,26942,卖盘
709,10:12:28,7.09,0.0,134,94971,卖盘
710,10:12:31,7.08,-0.01,18,12744,卖盘
711,10:12:34,7.08,0.0,57,40356,卖盘
712,10:12:37,7.08,0.0,16,11328,卖盘
713,10:12:40,7.08,0.0,11,7788,卖盘
714,10:12:43,7.08,0.0,6,4248,卖盘
715,10:12:45,7.08,0.0,31,21948,卖盘
716,10:12:49,7.08,0.0,33,23364,卖盘
717,10:12:52,7.09,0.01,43,30446,买盘
718,10:12:55,7.08,-0.01,38,26919,卖盘
719,10:12:58,7.09,0.01,52,36819,买盘
720,10:13:01,7.09,0.0,54,38235,买盘
721,10:13:04,7.08,-0.01,51,36108,卖盘
722,10:13:07,7.08,0.0,52,36774,买盘
723,10:13:10,7.07,-0.01,24,16975,卖盘
724,10:13:13,7.07,0.0,11,7777,卖盘
725,10:13:16,7.07,0.0,6,4242,卖盘
726,10:13:19,7.07,0.0,3,2121,卖盘
727,10:13:22,7.07,0.0,1,707,卖盘
728,10:13:25,7.08,0.01,79,55932,买盘
729,10:13:28,7.07,-0.01,1,707,卖盘
730,10:13:31,7.07,0.0,29,20510,卖盘
731,10:13:34,7.07,0.0,1,707,卖盘
732,10:13:37,7.07,0.0,49,34663,卖盘
733,10:13:40,7.07,0.0,1,707,卖盘
734,10:13:43,7.07,0.0,109,77063,卖盘
735,10:13:46,7.07,0.0,1,707,卖盘
736,10:13:49,7.07,0.0,35,24745,卖盘
737,10:13:52,7.07,0.0,1,707,卖盘
738,10:13:55,7.08,0.01,14,9905,买盘
739,10:13:58,7.08,0.0,15,10620,买盘
740,10:14:01,7.07,-0.01,53,37471,卖盘
741,10:14:04,7.07,0.0,3,2121,卖盘
742,10:14:06,7.07,0.0,10,7070,卖盘
743,10:14:09,7.07,0.0,1,707,卖盘
744,10:14:13,7.07,0.0,2,1414,卖盘
745,10:14:19,7.08,0.01,1,708,买盘
746,10:14:25,7.07,-0.01,1,707,卖盘
747,10:14:28,7.08,0.01,1,708,买盘
748,10:14:40,7.07,-0.01,3,2121,卖盘
749,10:14:43,7.08,0.01,45,31860,买盘
750,10:14:46,7.07,-0.01,4,2828,卖盘
751,10:14:49,7.08,0.01,36,25474,买盘
752,10:14:52,7.08,0.0,37,26196,买盘
753,10:14:55,7.08,0.0,38,26896,买盘
754,10:14:58,7.07,-0.01,7,4949,卖盘
755,10:15:01,7.07,0.0,8,5656,卖盘
756,10:15:03,7.07,0.0,24,16988,卖盘
757,10:15:07,7.07,0.0,8,5656,卖盘
758,10:15:10,7.07,0.0,9,6363,卖盘
759,10:15:13,7.07,0.0,2,1414,卖盘
760,10:15:16,7.07,0.0,2,1414,卖盘
761,10:15:22,7.07,0.0,1,707,卖盘
762,10:15:31,7.07,0.0,3,2121,卖盘
763,10:15:34,7.07,0.0,10,7070,卖盘
764,10:15:36,7.07,0.0,9,6363,卖盘
765,10:15:40,7.08,0.01,45,31843,买盘
766,10:15:43,7.07,-0.01,2,1414,卖盘
767,10:15:46,7.07,0.0,9,6363,卖盘
768,10:15:49,7.07,0.0,11,7787,卖盘
769,10:15:51,7.07,0.0,1,707,卖盘
770,10:15:54,7.07,0.0,6,4242,卖盘
771,10:16:01,7.07,0.0,3,2123,卖盘
772,10:16:07,7.07,0.0,1,707,卖盘
773,10:16:10,7.07,0.0,52,36764,卖盘
774,10:16:16,7.07,0.0,18,12726,卖盘
775,10:16:22,7.07,0.0,4,2828,卖盘
776,10:16:25,7.08,0.01,6,4248,买盘
777,10:16:28,7.07,-0.01,1,707,卖盘
778,10:16:31,7.08,0.01,2,1415,买盘
779,10:16:36,7.07,-0.01,5,3535,卖盘
780,10:16:40,7.07,0.0,85,60144,卖盘
781,10:16:43,7.07,0.0,1,707,卖盘
782,10:16:46,7.08,0.01,32,22639,买盘
783,10:16:48,7.07,-0.01,1,707,卖盘
784,10:16:52,7.08,0.01,11,7782,买盘
785,10:16:58,7.08,0.0,107,75749,买盘
786,10:17:01,7.08,0.0,58,41064,买盘
787,10:17:04,7.07,-0.01,22,15554,卖盘
788,10:17:06,7.07,0.0,16,11312,卖盘
789,10:17:10,7.07,0.0,5,3535,卖盘
790,10:17:12,7.08,0.01,39,27609,买盘
791,10:17:16,7.07,-0.01,1,707,卖盘
792,10:17:19,7.07,0.0,8,5656,卖盘
793,10:17:25,7.07,0.0,2,1414,卖盘
794,10:17:30,7.08,0.01,15,10620,买盘
795,10:17:37,7.07,-0.01,3,2121,卖盘
796,10:17:40,7.08,0.01,17,12021,买盘
797,10:17:43,7.07,-0.01,1,707,卖盘
798,10:17:46,7.08,0.01,11,7785,买盘
799,10:17:49,7.07,-0.01,3,2121,卖盘
800,10:17:52,7.07,0.0,2,1414,卖盘
801,10:17:55,7.07,0.0,1,707,卖盘
802,10:18:01,7.07,0.0,1,707,卖盘
803,10:18:16,7.08,0.01,1,708,买盘
804,10:18:19,7.08,0.0,24,16992,买盘
805,10:18:24,7.07,-0.01,10,7070,卖盘
806,10:18:30,7.07,0.0,2,1414,卖盘
807,10:18:40,7.07,0.0,15,10605,卖盘
808,10:18:46,7.08,0.01,11,7785,买盘
809,10:18:51,7.08,0.0,7,4954,买盘
810,10:18:54,7.07,-0.01,1,707,卖盘
811,10:18:58,7.08,0.01,4,2830,买盘
812,10:19:04,7.07,-0.01,1,707,卖盘
813,10:19:10,7.07,0.0,2,1414,卖盘
814,10:19:15,7.08,0.01,5,3540,买盘
815,10:19:18,7.07,-0.01,3,2121,卖盘
816,10:19:22,7.07,0.0,4,2828,卖盘
817,10:19:25,7.07,0.0,1,707,卖盘
818,10:19:28,7.07,0.0,1,707,卖盘
819,10:19:31,7.08,0.01,8,5664,买盘
820,10:19:34,7.08,0.0,18,12744,买盘
821,10:19:37,7.07,-0.01,2,1414,卖盘
822,10:19:40,7.07,0.0,3,2121,卖盘
823,10:19:43,7.07,0.0,1,707,卖盘
824,10:19:46,7.07,0.0,40,28280,卖盘
825,10:19:49,7.08,0.01,11,7787,买盘
826,10:19:52,7.07,-0.01,8,5656,卖盘
827,10:19:55,7.07,0.0,28,19796,卖盘
828,10:19:58,7.08,0.01,7,4955,买盘
829,10:20:01,7.07,-0.01,51,36057,卖盘
830,10:20:04,7.07,0.0,1,707,卖盘
831,10:20:07,7.07,0.0,25,17675,卖盘
832,10:20:13,7.07,0.0,5,3535,卖盘
833,10:20:19,7.07,0.0,1,707,卖盘
834,10:20:22,7.07,0.0,100,70700,卖盘
835,10:20:25,7.07,0.0,34,24038,卖盘
836,10:20:28,7.07,0.0,94,66458,卖盘
837,10:20:31,7.07,0.0,29,20511,卖盘
838,10:20:34,7.07,0.0,19,13433,卖盘
839,10:20:37,7.07,0.0,5,3535,卖盘
840,10:20:40,7.07,0.0,11,7777,卖盘
841,10:20:43,7.07,0.0,1,707,卖盘
842,10:20:45,7.07,0.0,202,142814,卖盘
843,10:20:49,7.06,-0.01,137,96857,卖盘
844,10:20:51,7.06,0.0,7,4942,卖盘
845,10:20:55,7.06,0.0,27,19062,卖盘
846,10:20:58,7.06,0.0,2,1412,卖盘
847,10:21:00,7.06,0.0,10,7060,卖盘
848,10:21:04,7.06,0.0,1,706,卖盘
849,10:21:07,7.06,0.0,2,1412,卖盘
850,10:21:16,7.06,0.0,125,88250,卖盘
851,10:21:22,7.06,0.0,94,66364,卖盘
852,10:21:25,7.06,0.0,67,47319,卖盘
853,10:21:27,7.06,0.0,26,18356,卖盘
854,10:21:31,7.06,0.0,13,9178,卖盘
855,10:21:34,7.06,0.0,11,7766,卖盘
856,10:21:37,7.06,0.0,2,1588,卖盘
857,10:21:40,7.06,0.0,3,2196,卖盘
858,10:21:43,7.06,0.0,1,812,卖盘
859,10:21:46,7.06,0.0,14,9390,卖盘
860,10:21:52,7.06,0.0,8,5909,卖盘
861,10:21:58,7.07,0.01,16,11140,买盘
862,10:22:01,7.07,0.0,50,35350,买盘
863,10:22:04,7.06,-0.01,4,3226,卖盘
864,10:22:07,7.07,0.01,16,11302,买盘
865,10:22:10,7.06,-0.01,8,5669,卖盘
866,10:22:13,7.06,0.0,5,3325,卖盘
867,10:22:15,7.06,0.0,24,16718,卖盘
868,10:22:18,7.06,0.0,4,3135,卖盘
869,10:22:21,7.06,0.0,8,5224,卖盘
870,10:22:25,7.06,0.0,6,4427,卖盘
871,10:22:28,7.06,0.0,2,1228,卖盘
872,10:22:31,7.06,0.0,66,47013,卖盘
873,10:22:34,7.06,0.0,32,22684,卖盘
874,10:22:36,7.06,0.0,103,72626,卖盘
875,10:22:40,7.06,0.0,17,11826,卖盘
876,10:22:43,7.07,0.01,44,31359,买盘
877,10:22:46,7.06,-0.01,9,6255,卖盘
878,10:22:48,7.06,0.0,18,12369,卖盘
879,10:22:52,7.06,0.0,68,48389,卖盘
880,10:22:55,7.06,0.0,277,195393,卖盘
881,10:22:58,7.06,0.0,21,14777,卖盘
882,10:23:01,7.06,0.0,58,41112,卖盘
883,10:23:04,7.05,-0.01,29,20621,卖盘
884,10:23:07,7.05,0.0,17,11985,卖盘
885,10:23:10,7.05,0.0,73,51465,卖盘
886,10:23:13,7.05,0.0,4,2820,卖盘
887,10:23:16,7.05,0.0,32,22560,卖盘
888,10:23:19,7.05,0.0,19,13395,卖盘
889,10:23:22,7.05,0.0,6,4230,卖盘
890,10:23:25,7.05,0.0,4,2820,卖盘
891,10:23:28,7.05,0.0,1,705,卖盘
892,10:23:31,7.05,0.0,1,705,卖盘
893,10:23:37,7.05,0.0,2,1410,卖盘
894,10:23:40,7.05,0.0,17,11985,卖盘
895,10:23:43,7.05,0.0,1,705,卖盘
896,10:23:46,7.06,0.01,12,8469,买盘
897,10:23:49,7.05,-0.01,3,2115,卖盘
898,10:23:52,7.05,0.0,14,9870,卖盘
899,10:23:55,7.05,0.0,1,705,卖盘
900,10:23:58,7.05,0.0,2,1410,卖盘
901,10:24:01,7.06,0.01,19,13401,买盘
902,10:24:07,7.06,0.0,344,242520,买盘
903,10:24:10,7.06,0.0,47,33182,卖盘
904,10:24:13,7.06,0.0,86,60716,卖盘
905,10:24:16,7.06,0.0,9,6354,卖盘
906,10:24:18,7.06,0.0,17,12002,卖盘
907,10:24:21,7.06,0.0,2,1412,卖盘
908,10:24:25,7.06,0.0,8,5648,卖盘
909,10:24:28,7.06,0.0,1,706,卖盘
910,10:24:31,7.06,0.0,1,706,卖盘
911,10:24:34,7.07,0.01,8,5655,买盘
912,10:24:37,7.06,-0.01,1,706,卖盘
913,10:24:40,7.06,0.0,1,706,卖盘
914,10:24:43,7.06,0.0,1,706,卖盘
915,10:24:54,7.07,0.01,14,9898,买盘
916,10:25:00,7.06,-0.01,4,2824,卖盘
917,10:25:07,7.06,0.0,1,706,卖盘
918,10:25:10,7.06,0.0,3,2118,卖盘
919,10:25:15,7.06,0.0,1,706,卖盘
920,10:25:18,7.06,0.0,3,2118,卖盘
921,10:25:22,7.06,0.0,1,706,卖盘
922,10:25:24,7.06,0.0,24,16944,卖盘
923,10:25:28,7.06,0.0,3,2118,卖盘
924,10:25:30,7.06,0.0,5,3530,卖盘
925,10:25:34,7.06,0.0,1,706,卖盘
926,10:25:36,7.06,0.0,1,706,卖盘
927,10:25:42,7.07,0.01,1,707,买盘
928,10:26:16,7.07,0.0,1,707,买盘
929,10:26:22,7.06,-0.01,1,706,卖盘
930,10:26:25,7.06,0.0,44,31064,卖盘
931,10:26:28,7.07,0.01,45,31815,买盘
932,10:26:31,7.07,0.0,12,8475,买盘
933,10:26:34,7.07,0.0,100,70686,买盘
934,10:26:37,7.07,0.0,87,61507,买盘
935,10:26:39,7.06,-0.01,51,36006,卖盘
936,10:26:42,7.06,0.0,47,33182,卖盘
937,10:26:46,7.06,0.0,46,32476,卖盘
938,10:26:49,7.06,0.0,24,16944,卖盘
939,10:26:52,7.06,0.0,50,35310,卖盘
940,10:26:54,7.06,0.0,5,3530,卖盘
941,10:26:58,7.06,0.0,10,7060,卖盘
942,10:27:00,7.06,0.0,1,706,卖盘
943,10:27:03,7.06,0.0,2,1412,卖盘
944,10:27:07,7.06,0.0,44,31064,卖盘
945,10:27:10,7.06,0.0,1,706,卖盘
946,10:27:13,7.06,0.0,36,25416,卖盘
947,10:27:16,7.06,0.0,1,706,卖盘
948,10:27:19,7.06,0.0,17,12002,卖盘
949,10:27:25,7.06,0.0,3,2118,卖盘
950,10:27:28,7.06,0.0,40,28240,卖盘
951,10:27:30,7.06,0.0,1,706,卖盘
952,10:27:33,7.06,0.0,30,21180,卖盘
953,10:27:40,7.07,0.01,36,25446,买盘
954,10:27:46,7.06,-0.01,7,4942,卖盘
955,10:27:49,7.06,0.0,24,16944,卖盘
956,10:27:52,7.06,0.0,2,1412,卖盘
957,10:27:55,7.06,0.0,32,22592,卖盘
958,10:28:01,7.07,0.01,12,8478,买盘
959,10:28:07,7.06,-0.01,13,9178,卖盘
960,10:28:10,7.06,0.0,2,1412,卖盘
961,10:28:13,7.07,0.01,148,104588,买盘
962,10:28:15,7.06,-0.01,1,706,卖盘
963,10:28:19,7.06,0.0,35,24710,卖盘
964,10:28:22,7.06,0.0,20,14137,卖盘
965,10:28:25,7.06,0.0,7,4942,卖盘
966,10:28:27,7.07,0.01,14,9894,买盘
967,10:28:31,7.06,-0.01,1,706,卖盘
968,10:28:33,7.06,0.0,34,24004,卖盘
969,10:28:37,7.06,0.0,2,1412,卖盘
970,10:28:40,7.06,0.0,7,4942,卖盘
971,10:28:46,7.06,0.0,2,1412,卖盘
972,10:28:55,7.07,0.01,65,45942,买盘
973,10:29:01,7.06,-0.01,19,13414,卖盘
974,10:29:07,7.06,0.0,4,2824,卖盘
975,10:29:10,7.07,0.01,19,13433,买盘
976,10:29:12,7.06,-0.01,1,706,卖盘
977,10:29:15,7.06,0.0,3,2118,卖盘
978,10:29:19,7.06,0.0,1,706,卖盘
979,10:29:22,7.07,0.01,1,707,买盘
980,10:29:25,7.07,0.0,12,8484,买盘
981,10:29:28,7.06,-0.01,1,706,卖盘
982,10:29:30,7.06,0.0,2,1412,卖盘
983,10:29:33,7.07,0.01,37,26159,买盘
984,10:29:37,7.07,0.0,6,4241,买盘
985,10:29:40,7.06,-0.01,7,4942,卖盘
986,10:29:43,7.06,0.0,3,2118,卖盘
987,10:29:46,7.06,0.0,2,1412,卖盘
988,10:29:52,7.06,0.0,4,2824,卖盘
989,10:29:55,7.07,0.01,2,1414,买盘
990,10:29:58,7.07,0.0,64,45248,买盘
991,10:30:01,7.06,-0.01,3,2120,卖盘
992,10:30:04,7.06,0.0,19,13414,卖盘
993,10:30:09,7.06,0.0,4,2824,卖盘
994,10:30:12,7.06,0.0,1,706,卖盘
995,10:30:16,7.06,0.0,1,706,卖盘
996,10:30:22,7.06,0.0,78,55068,卖盘
997,10:30:28,7.07,0.01,18,12710,买盘
998,10:30:31,7.06,-0.01,20,14120,卖盘
999,10:30:34,7.06,0.0,3,2118,卖盘
1000,10:30:36,7.06,0.0,4,2824,卖盘
1001,10:30:39,7.06,0.0,1,706,卖盘
1002,10:30:42,7.07,0.01,100,70699,买盘
1003,10:30:49,7.06,-0.01,28,19768,卖盘
1004,10:30:52,7.07,0.01,36,25452,买盘
1005,10:30:55,7.07,0.0,22,15554,卖盘
1006,10:30:58,7.07,0.0,7,4949,卖盘
1007,10:31:01,7.07,0.0,17,12019,卖盘
1008,10:31:04,7.07,0.0,2,1414,卖盘
1009,10:31:07,7.07,0.0,5,3535,卖盘
1010,10:31:10,7.07,0.0,315,222705,卖盘
1011,10:31:13,7.08,0.01,5,3535,买盘
1012,10:31:16,7.07,-0.01,16,11297,中性盘
1013,10:31:19,7.06,-0.01,1,706,卖盘
1014,10:31:22,7.07,0.01,53,37465,买盘
1015,10:31:28,7.06,-0.01,10,7060,卖盘
1016,10:31:34,7.06,0.0,2,1412,卖盘
1017,10:31:37,7.07,0.01,11,7776,买盘
1018,10:31:40,7.06,-0.01,9,6354,卖盘
1019,10:31:43,7.07,0.01,6,4238,买盘
1020,10:31:46,7.06,-0.01,2,1412,卖盘
1021,10:31:48,7.06,0.0,1,706,卖盘
1022,10:31:55,7.06,0.0,1,706,卖盘
1023,10:32:07,7.06,0.0,4,2824,卖盘
1024,10:32:13,7.06,0.0,1,706,卖盘
1025,10:32:19,7.07,0.01,46,32522,买盘
1026,10:32:25,7.06,-0.01,14,9884,卖盘
1027,10:32:31,7.06,0.0,3,2118,卖盘
1028,10:32:37,7.07,0.01,4,2828,买盘
1029,10:32:40,7.06,-0.01,2,1412,卖盘
1030,10:32:42,7.06,0.0,18,12708,卖盘
1031,10:32:46,7.06,0.0,1,706,卖盘
1032,10:32:49,7.06,0.0,3,2118,卖盘
1033,10:32:52,7.06,0.0,3,2118,卖盘
1034,10:32:55,7.06,0.0,1,706,卖盘
1035,10:32:58,7.07,0.01,26,18381,买盘
1036,10:33:04,7.06,-0.01,5,3530,卖盘
1037,10:33:10,7.06,0.0,1,706,卖盘
1038,10:33:25,7.06,0.0,14,9884,卖盘
1039,10:33:31,7.06,0.0,3,2118,卖盘
1040,10:33:34,7.06,0.0,1,706,卖盘
1041,10:33:37,7.06,0.0,1,706,卖盘
1042,10:33:57,7.06,0.0,5,3530,卖盘
1043,10:34:04,7.06,0.0,1,706,卖盘
1044,10:34:13,7.06,0.0,2,1412,卖盘
1045,10:34:19,7.06,0.0,1,706,卖盘
1046,10:34:22,7.06,0.0,2,1412,卖盘
1047,10:34:40,7.07,0.01,4,2828,买盘
1048,10:34:43,7.06,-0.01,2,1412,卖盘
1049,10:34:45,7.06,0.0,1,706,卖盘
1050,10:34:52,7.06,0.0,1,706,卖盘
1051,10:35:04,7.07,0.01,10,7070,买盘
1052,10:35:07,7.07,0.0,7,4948,买盘
1053,10:35:09,7.06,-0.01,2,1412,卖盘
1054,10:35:13,7.06,0.0,1,706,卖盘
1055,10:35:16,7.06,0.0,32,22602,卖盘
1056,10:35:21,7.06,0.0,11,7766,卖盘
1057,10:35:27,7.07,0.01,32,22622,买盘
1058,10:35:31,7.06,-0.01,5,3531,卖盘
1059,10:35:34,7.06,0.0,20,14120,卖盘
1060,10:35:37,7.06,0.0,1,706,卖盘
1061,10:35:40,7.06,0.0,4,2824,卖盘
1062,10:35:42,7.06,0.0,2,1412,卖盘
1063,10:35:46,7.07,0.01,2,1413,买盘
1064,10:35:49,7.06,-0.01,2,1412,卖盘
1065,10:35:52,7.06,0.0,4,2824,卖盘
1066,10:35:55,7.06,0.0,2,1412,卖盘
1067,10:35:58,7.06,0.0,16,11296,卖盘
1068,10:36:01,7.06,0.0,100,70600,卖盘
1069,10:36:04,7.06,0.0,3,2118,卖盘
1070,10:36:07,7.07,0.01,47,33202,买盘
1071,10:36:10,7.06,-0.01,53,37418,卖盘
1072,10:36:13,7.06,0.0,9,6354,卖盘
1073,10:36:16,7.06,0.0,26,18356,卖盘
1074,10:36:19,7.06,0.0,2,1412,卖盘
1075,10:36:22,7.06,0.0,5,3530,卖盘
1076,10:36:28,7.06,0.0,1,706,卖盘
1077,10:36:34,7.06,0.0,1,706,卖盘
1078,10:36:39,7.06,0.0,12,8472,卖盘
1079,10:36:42,7.06,0.0,20,14120,卖盘
1080,10:36:45,7.06,0.0,2,1412,卖盘
1081,10:36:48,7.06,0.0,29,20474,卖盘
1082,10:36:51,7.06,0.0,1,706,卖盘
1083,10:36:54,7.06,0.0,5,3530,卖盘
1084,10:36:58,7.06,0.0,1,706,卖盘
1085,10:37:00,7.06,0.0,1,706,卖盘
1086,10:37:18,7.06,0.0,4,2824,卖盘
1087,10:37:24,7.06,0.0,1,706,卖盘
1088,10:37:28,7.06,0.0,15,10590,卖盘
1089,10:37:31,7.06,0.0,18,12708,卖盘
1090,10:37:33,7.06,0.0,14,9884,卖盘
1091,10:37:36,7.06,0.0,9,6354,卖盘
1092,10:37:40,7.06,0.0,38,26828,卖盘
1093,10:37:43,7.06,0.0,68,48008,卖盘
1094,10:37:46,7.06,0.0,59,41654,卖盘
1095,10:37:49,7.06,0.0,100,70600,卖盘
1096,10:37:52,7.06,0.0,133,93898,卖盘
1097,10:37:55,7.05,-0.01,130,91909,卖盘
1098,10:38:01,7.06,0.01,53,37381,买盘
1099,10:38:04,7.05,-0.01,50,35250,卖盘
1100,10:38:07,7.05,0.0,10,7050,卖盘
1101,10:38:10,7.05,0.0,10,7050,卖盘
1102,10:38:12,7.05,0.0,2,1410,卖盘
1103,10:38:16,7.05,0.0,29,20445,卖盘
1104,10:38:19,7.05,0.0,1,705,卖盘
1105,10:38:22,7.05,0.0,20,14102,卖盘
1106,10:38:28,7.05,0.0,9,6345,卖盘
1107,10:38:30,7.05,0.0,4,2820,卖盘
1108,10:38:34,7.05,0.0,2,1410,卖盘
1109,10:38:40,7.05,0.0,1,705,卖盘
1110,10:38:43,7.05,0.0,6,4230,卖盘
1111,10:38:46,7.05,0.0,2,1410,卖盘
1112,10:38:49,7.05,0.0,1,705,卖盘
1113,10:38:52,7.05,0.0,1,705,卖盘
1114,10:38:55,7.05,0.0,513,361678,卖盘
1115,10:39:01,7.05,0.0,185,130572,卖盘
1116,10:39:07,7.05,0.0,58,40446,卖盘
1117,10:39:09,7.05,0.0,594,418770,卖盘
1118,10:39:12,7.05,0.0,16,11731,卖盘
1119,10:39:16,7.05,0.0,262,184703,卖盘
1120,10:39:18,7.05,0.0,70,49350,卖盘
1121,10:39:22,7.05,0.0,165,116128,卖盘
1122,10:39:25,7.05,0.0,25,17703,卖盘
1123,10:39:30,7.05,0.0,100,70500,买盘
1124,10:39:34,7.05,0.0,162,114210,卖盘
1125,10:39:37,7.05,0.0,2,1410,买盘
1126,10:39:43,7.05,0.0,4,2820,买盘
1127,10:39:51,7.04,-0.01,58,40832,卖盘
1128,10:39:58,7.05,0.01,22,15510,买盘
1129,10:40:01,7.04,-0.01,4,2816,卖盘
1130,10:40:04,7.04,0.0,28,19712,卖盘
1131,10:40:07,7.04,0.0,15,10560,卖盘
1132,10:40:13,7.04,0.0,188,132352,卖盘
1133,10:40:18,7.04,0.0,435,306240,卖盘
1134,10:40:22,7.04,0.0,55,38720,买盘
1135,10:40:25,7.05,0.01,560,394800,买盘
1136,10:40:28,7.04,-0.01,16,11264,卖盘
1137,10:40:37,7.05,0.01,1,705,买盘
1138,10:40:40,7.04,-0.01,29,20416,卖盘
1139,10:41:01,7.05,0.01,3,2115,买盘
1140,10:41:04,7.05,0.0,15,10575,买盘
1141,10:41:13,7.04,-0.01,1,704,卖盘
1142,10:41:16,7.05,0.01,20,14100,买盘
1143,10:41:19,7.05,0.0,2,1410,买盘
1144,10:41:22,7.05,0.0,36,25380,买盘
1145,10:41:25,7.05,0.0,22,15510,买盘
1146,10:41:28,7.05,0.0,68,47940,买盘
1147,10:41:31,7.06,0.01,193,136086,买盘
1148,10:41:34,7.06,0.0,74,52206,买盘
1149,10:41:37,7.06,0.0,148,104410,买盘
1150,10:41:40,7.06,0.0,38,26814,买盘
1151,10:41:43,7.06,0.0,124,87495,买盘
1152,10:41:46,7.06,0.0,22,15532,买盘
1153,10:41:49,7.06,0.0,34,24004,卖盘
1154,10:41:52,7.06,0.0,5,3530,卖盘
1155,10:41:55,7.07,0.01,229,161896,买盘
1156,10:41:58,7.06,-0.01,1,706,卖盘
1157,10:42:01,7.06,0.0,56,39536,卖盘
1158,10:42:04,7.07,0.01,7,4948,买盘
1159,10:42:07,7.06,-0.01,16,11296,卖盘
1160,10:42:09,7.06,0.0,1,706,卖盘
1161,10:42:12,7.06,0.0,3,2118,卖盘
1162,10:42:16,7.07,0.01,2,1413,买盘
1163,10:42:22,7.06,-0.01,1,706,卖盘
1164,10:42:37,7.07,0.01,425,300475,买盘
1165,10:42:43,7.06,-0.01,137,96857,卖盘
1166,10:42:49,7.08,0.02,57,40329,买盘
1167,10:42:55,7.07,-0.01,17,12014,卖盘
1168,10:43:01,7.07,0.0,3,2121,卖盘
1169,10:43:07,7.07,0.0,1,707,卖盘
1170,10:43:31,7.08,0.01,7,4956,买盘
1171,10:43:37,7.07,-0.01,1,707,卖盘
1172,10:43:46,7.07,0.0,1,707,卖盘
1173,10:43:52,7.07,0.0,86,60802,卖盘
1174,10:43:58,7.07,0.0,17,12019,卖盘
1175,10:44:00,7.07,0.0,3,2121,卖盘
1176,10:44:04,7.08,0.01,6,4245,买盘
1177,10:44:06,7.07,-0.01,32,22624,卖盘
1178,10:44:10,7.07,0.0,1,707,卖盘
1179,10:44:13,7.07,0.0,25,17675,卖盘
1180,10:44:16,7.07,0.0,6,4242,买盘
1181,10:44:18,7.07,0.0,9,6363,卖盘
1182,10:44:21,7.07,0.0,8,5656,卖盘
1183,10:44:28,7.06,-0.01,1,706,卖盘
1184,10:44:40,7.07,0.01,4,2828,买盘
1185,10:44:46,7.07,0.0,3,2120,买盘
1186,10:44:51,7.06,-0.01,1,706,卖盘
1187,10:45:16,7.07,0.01,10,7070,买盘
1188,10:45:21,7.06,-0.01,2,1412,卖盘
1189,10:45:25,7.06,0.0,3,2118,卖盘
1190,10:45:30,7.06,0.0,1,706,卖盘
1191,10:45:34,7.07,0.01,10,7070,买盘
1192,10:45:40,7.06,-0.01,2,1412,卖盘
1193,10:45:43,7.06,0.0,78,55068,卖盘
1194,10:45:46,7.07,0.01,12,8483,买盘
1195,10:45:49,7.06,-0.01,57,40242,卖盘
1196,10:45:52,7.06,0.0,3,2118,卖盘
1197,10:45:54,7.06,0.0,47,33182,卖盘
1198,10:45:57,7.06,0.0,31,21886,卖盘
1199,10:46:00,7.06,0.0,11,7766,卖盘
1200,10:46:04,7.06,0.0,44,31081,卖盘
1201,10:46:07,7.06,0.0,10,7060,卖盘
1202,10:46:10,7.06,0.0,13,9178,卖盘
1203,10:46:13,7.06,0.0,2,1412,卖盘
1204,10:46:16,7.06,0.0,198,139788,卖盘
1205,10:46:21,7.06,0.0,48,33888,卖盘
1206,10:46:28,7.06,0.0,34,24004,卖盘
1207,10:46:31,7.06,0.0,47,33182,卖盘
1208,10:46:34,7.06,0.0,7,4942,卖盘
1209,10:46:37,7.06,0.0,10,7060,卖盘
1210,10:46:40,7.06,0.0,1,706,卖盘
1211,10:46:43,7.06,0.0,2,1412,卖盘
1212,10:46:45,7.07,0.01,30,21210,买盘
1213,10:46:48,7.06,-0.01,11,7766,卖盘
1214,10:46:52,7.06,0.0,7,4942,卖盘
1215,10:46:55,7.06,0.0,2,1412,卖盘
1216,10:46:58,7.06,0.0,1,706,卖盘
1217,10:47:01,7.06,0.0,1,706,卖盘
1218,10:47:16,7.07,0.01,11,7777,买盘
1219,10:47:19,7.07,0.0,102,72114,买盘
1220,10:47:22,7.06,-0.01,85,60010,卖盘
1221,10:47:25,7.06,0.0,38,26840,卖盘
1222,10:47:28,7.06,0.0,17,12002,卖盘
1223,10:47:30,7.07,0.01,59,41861,买盘
1224,10:47:33,7.07,0.0,11,7773,买盘
1225,10:47:36,7.05,-0.02,27,19055,卖盘
1226,10:47:39,7.07,0.02,203,143515,买盘
1227,10:47:42,7.06,-0.01,7,4937,中性盘
1228,10:47:46,7.05,-0.01,85,60001,卖盘
1229,10:47:48,7.07,0.02,272,192303,买盘
1230,10:47:52,7.06,-0.01,17,12002,卖盘
1231,10:47:55,7.06,0.0,34,23992,中性盘
1232,10:47:57,7.06,0.0,11,7762,买盘
1233,10:48:00,7.05,-0.01,39,27525,卖盘
1234,10:48:04,7.06,0.01,36,25416,卖盘
1235,10:48:07,7.06,0.0,10,7060,卖盘
1236,10:48:10,7.06,0.0,7,4942,卖盘
1237,10:48:13,7.05,-0.01,6,4234,卖盘
1238,10:48:16,7.08,0.03,13,9198,买盘
1239,10:48:18,7.06,-0.02,2,1411,中性盘
1240,10:48:21,7.06,0.0,8,5648,卖盘
1241,10:48:28,7.07,0.01,3,2121,卖盘
1242,10:48:34,7.07,0.0,1,707,卖盘
1243,10:48:39,7.08,0.01,72,50976,买盘
1244,10:48:42,7.08,0.0,2,1416,买盘
1245,10:48:45,7.07,-0.01,14,9898,卖盘
1246,10:48:49,7.07,0.0,1,707,卖盘
1247,10:48:52,7.06,-0.01,44,31082,卖盘
1248,10:48:58,7.06,0.0,31,21886,卖盘
1249,10:49:04,7.06,0.0,18,12708,卖盘
1250,10:49:10,7.06,0.0,3,2118,卖盘
1251,10:49:13,7.07,0.01,79,55853,买盘
1252,10:49:16,7.06,-0.01,1,706,卖盘
1253,10:49:18,7.06,0.0,16,11296,卖盘
1254,10:49:21,7.07,0.01,6,4242,买盘
1255,10:49:25,7.06,-0.01,3,2118,卖盘
1256,10:49:28,7.06,0.0,1,706,卖盘
1257,10:49:31,7.06,0.0,1,706,卖盘
1258,10:49:39,7.07,0.01,90,63630,买盘
1259,10:49:42,7.07,0.0,1,707,买盘
1260,10:49:45,7.06,-0.01,25,17650,卖盘
1261,10:49:52,7.06,0.0,5,3530,卖盘
1262,10:49:58,7.06,0.0,1,706,卖盘
1263,10:50:01,7.06,0.0,2,1412,卖盘
1264,10:50:04,7.07,0.01,6,4241,买盘
1265,10:50:07,7.06,-0.01,5,3530,卖盘
1266,10:50:09,7.06,0.0,1,706,卖盘
1267,10:50:13,7.07,0.01,22,15553,买盘
1268,10:50:18,7.07,0.0,6,4237,买盘
1269,10:50:21,7.07,0.0,22,15538,买盘
1270,10:50:25,7.06,-0.01,1,706,卖盘
1271,10:50:28,7.06,0.0,4,2824,卖盘
1272,10:50:31,7.06,0.0,1,706,卖盘
1273,10:50:36,7.06,0.0,1,706,卖盘
1274,10:50:46,7.07,0.01,2,1414,买盘
1275,10:51:10,7.07,0.0,72,50904,买盘
1276,10:51:13,7.06,-0.01,4,2824,卖盘
1277,10:51:16,7.06,0.0,20,14120,卖盘
1278,10:51:22,7.06,0.0,4,2824,卖盘
1279,10:51:28,7.06,0.0,1,706,卖盘
1280,10:51:34,7.07,0.01,1,707,买盘
1281,10:51:40,7.06,-0.01,22,15532,卖盘
1282,10:51:46,7.06,0.0,4,2824,卖盘
1283,10:51:52,7.06,0.0,1,706,卖盘
1284,10:52:01,7.06,0.0,22,15532,卖盘
1285,10:52:04,7.06,0.0,26,18356,卖盘
1286,10:52:07,7.06,0.0,21,14826,卖盘
1287,10:52:10,7.06,0.0,19,13414,卖盘
1288,10:52:13,7.06,0.0,4,2824,卖盘
1289,10:52:16,7.06,0.0,13,9178,卖盘
1290,10:52:22,7.06,0.0,3,2118,卖盘
1291,10:52:24,7.07,0.01,500,353500,买盘
1292,10:52:27,7.06,-0.01,1,706,卖盘
1293,10:52:31,7.07,0.01,138,97450,买盘
1294,10:52:37,7.06,-0.01,27,19062,卖盘
1295,10:52:43,7.06,0.0,11,7766,卖盘
1296,10:52:49,7.06,0.0,2,1412,卖盘
1297,10:52:58,7.07,0.01,150,106050,买盘
1298,10:53:04,7.07,0.0,41,28952,买盘
1299,10:53:10,7.06,-0.01,9,6354,卖盘
1300,10:53:16,7.06,0.0,1,706,卖盘
1301,10:53:22,7.06,0.0,1,706,卖盘
1302,10:53:24,7.06,0.0,1,706,卖盘
1303,10:53:27,7.07,0.01,15,10605,买盘
1304,10:53:30,7.07,0.0,78,55146,买盘
1305,10:53:34,7.07,0.0,15,10602,买盘
1306,10:53:37,7.07,0.0,84,59367,买盘
1307,10:53:40,7.06,-0.01,3,2118,卖盘
1308,10:53:42,7.06,0.0,16,11296,卖盘
1309,10:53:46,7.07,0.01,191,135036,买盘
1310,10:53:49,7.06,-0.01,3,2118,卖盘
1311,10:53:52,7.07,0.01,51,36010,买盘
1312,10:53:55,7.08,0.01,25,17685,买盘
1313,10:53:58,7.08,0.0,14,9889,买盘
1314,10:54:00,7.07,-0.01,10,7066,买盘
1315,10:54:04,7.07,0.0,4,2828,卖盘
1316,10:54:07,7.07,0.0,4,2828,卖盘
1317,10:54:10,7.07,0.0,1,707,卖盘
1318,10:54:13,7.07,0.0,1,707,卖盘
1319,10:54:16,7.07,0.0,2,1414,卖盘
1320,10:54:18,7.06,-0.01,1,395,卖盘
1321,10:54:25,7.06,0.0,1,706,卖盘
1322,10:54:31,7.06,0.0,3,2118,卖盘
1323,10:54:34,7.07,0.01,167,118066,买盘
1324,10:54:36,7.07,0.0,11,7777,卖盘
1325,10:54:40,7.06,-0.01,55,38876,卖盘
1326,10:54:43,7.06,0.0,2,1412,卖盘
1327,10:54:46,7.06,0.0,11,7766,卖盘
1328,10:54:49,7.06,0.0,15,10599,卖盘
1329,10:54:51,7.06,0.0,3,2118,卖盘
1330,10:54:55,7.07,0.01,7,4946,买盘
1331,10:54:58,7.06,-0.01,12,8472,卖盘
1332,10:55:01,7.07,0.01,29,20489,买盘
1333,10:55:04,7.06,-0.01,2,1412,卖盘
1334,10:55:07,7.06,0.0,6,4236,卖盘
1335,10:55:10,7.06,0.0,10,7060,卖盘
1336,10:55:13,7.06,0.0,6,4236,卖盘
1337,10:55:15,7.06,0.0,2,1412,卖盘
1338,10:55:18,7.06,0.0,2,1412,卖盘
1339,10:55:42,7.07,0.01,14,9898,买盘
1340,10:55:49,7.06,-0.01,3,2118,卖盘
1341,10:55:54,7.06,0.0,1,706,卖盘
1342,10:56:01,7.07,0.01,6,4239,买盘
1343,10:56:07,7.07,0.0,35,24730,买盘
1344,10:56:13,7.06,-0.01,7,4942,卖盘
1345,10:56:18,7.06,0.0,2,1412,卖盘
1346,10:56:21,7.06,0.0,3,2118,卖盘
1347,10:56:25,7.07,0.01,60,42399,买盘
1348,10:56:28,7.07,0.0,28,19796,卖盘
1349,10:56:31,7.07,0.0,55,38885,卖盘
1350,10:56:33,7.06,-0.01,7,4944,卖盘
1351,10:56:37,7.06,0.0,2,1412,卖盘
1352,10:56:40,7.07,0.01,58,40968,买盘
1353,10:56:45,7.06,-0.01,62,43772,卖盘
1354,10:56:49,7.06,0.0,22,15532,卖盘
1355,10:56:52,7.06,0.0,18,12708,卖盘
1356,10:56:55,7.06,0.0,243,171558,卖盘
1357,10:56:58,7.06,0.0,8,5648,卖盘
1358,10:57:01,7.06,0.0,251,177206,卖盘
1359,10:57:04,7.06,0.0,6,4239,卖盘
1360,10:57:06,7.06,0.0,193,136258,卖盘
1361,10:57:09,7.06,0.0,7,4942,卖盘
1362,10:57:12,7.06,0.0,46,32476,卖盘
1363,10:57:16,7.06,0.0,17,12002,卖盘
1364,10:57:19,7.05,-0.01,78,55353,卖盘
1365,10:57:24,7.05,0.0,16,11280,卖盘
1366,10:57:27,7.05,0.0,15,10575,卖盘
1367,10:57:31,7.05,0.0,27,19035,卖盘
1368,10:57:34,7.06,0.01,5,3527,买盘
1369,10:57:37,7.05,-0.01,5,3525,卖盘
1370,10:57:40,7.05,0.0,1,705,卖盘
1371,10:57:43,7.05,0.0,1,705,卖盘
1372,10:57:45,7.07,0.02,465,328638,买盘
1373,10:57:48,7.07,0.0,16,11312,卖盘
1374,10:57:52,7.07,0.0,137,96859,卖盘
1375,10:57:55,7.07,0.0,3,2121,卖盘
1376,10:57:58,7.07,0.0,28,19796,卖盘
1377,10:58:01,7.07,0.0,3,2121,卖盘
1378,10:58:04,7.07,0.0,11,7777,卖盘
1379,10:58:07,7.07,0.0,8,5659,卖盘
1380,10:58:09,7.07,0.0,2,1414,卖盘
1381,10:58:12,7.07,0.0,21,14847,卖盘
1382,10:58:16,7.07,0.0,30,21210,卖盘
1383,10:58:18,7.07,0.0,5,3535,卖盘
1384,10:58:21,7.07,0.0,6,4242,卖盘
1385,10:58:24,7.08,0.01,19,13451,买盘
1386,10:58:28,7.08,0.0,27,19115,买盘
1387,10:58:31,7.08,0.0,10,7076,买盘
1388,10:58:33,7.07,-0.01,5,3535,卖盘
1389,10:58:36,7.07,0.0,57,40299,卖盘
1390,10:58:39,7.07,0.0,1,707,卖盘
1391,10:58:43,7.08,0.01,49,34651,买盘
1392,10:58:46,7.07,-0.01,1,707,卖盘
1393,10:58:48,7.07,0.0,9,6363,卖盘
1394,10:58:51,7.07,0.0,1,707,卖盘
1395,10:58:55,7.07,0.0,1,707,卖盘
1396,10:58:58,7.07,0.0,1,707,卖盘
1397,10:59:06,7.07,0.0,11,7777,卖盘
1398,10:59:13,7.06,-0.01,2,1412,卖盘
1399,10:59:19,7.06,0.0,1,706,卖盘
1400,10:59:57,7.06,0.0,50,35300,卖盘
1401,11:00:01,7.06,0.0,2,1412,卖盘
1402,11:00:04,7.06,0.0,16,11296,卖盘
1403,11:00:07,7.07,0.01,3,2121,买盘
1404,11:00:10,7.06,-0.01,6,4236,卖盘
1405,11:00:13,7.06,0.0,1,706,卖盘
1406,11:00:16,7.06,0.0,1,706,卖盘
1407,11:00:21,7.06,0.0,1,706,卖盘
1408,11:00:25,7.06,0.0,2,1413,卖盘
1409,11:00:58,7.07,0.01,53,37471,买盘
1410,11:01:01,7.07,0.0,7,4949,卖盘
1411,11:01:07,7.06,-0.01,1,706,卖盘
1412,11:01:16,7.07,0.01,20,14140,买盘
1413,11:01:21,7.06,-0.01,4,2824,卖盘
1414,11:01:28,7.06,0.0,1,706,卖盘
1415,11:01:49,7.06,0.0,5,3530,卖盘
1416,11:01:52,7.07,0.01,1,707,买盘
1417,11:01:55,7.06,-0.01,1,706,卖盘
1418,11:01:57,7.06,0.0,1,706,卖盘
1419,11:02:00,7.06,0.0,3,2118,卖盘
1420,11:02:04,7.07,0.01,15,10605,买盘
1421,11:02:07,7.06,-0.01,4,2824,卖盘
1422,11:02:09,7.06,0.0,7,4942,卖盘
1423,11:02:12,7.07,0.01,3,2121,买盘
1424,11:02:15,7.06,-0.01,2,1412,卖盘
1425,11:02:21,7.06,0.0,1,706,卖盘
1426,11:02:24,7.07,0.01,13,9191,买盘
1427,11:02:31,7.06,-0.01,8,5648,卖盘
1428,11:02:36,7.07,0.01,31,21916,买盘
1429,11:02:39,7.08,0.01,92,65123,买盘
1430,11:02:43,7.08,0.0,39,27605,买盘
1431,11:02:46,7.07,-0.01,4,2828,卖盘
1432,11:02:48,7.06,-0.01,6,4237,卖盘
1433,11:02:52,7.07,0.01,15,10605,买盘
1434,11:02:55,7.07,0.0,4,2826,买盘
1435,11:02:58,7.06,-0.01,3,2118,卖盘
1436,11:03:04,7.06,0.0,1,706,卖盘
1437,11:03:42,7.07,0.01,12,8484,买盘
1438,11:03:48,7.07,0.0,7,4946,买盘
1439,11:03:55,7.06,-0.01,25,17650,卖盘
1440,11:03:58,7.07,0.01,7,4949,买盘
1441,11:04:01,7.07,0.0,25,17670,买盘
1442,11:04:04,7.06,-0.01,3,2118,卖盘
1443,11:04:06,7.07,0.01,155,109580,买盘
1444,11:04:10,7.06,-0.01,5,3530,卖盘
1445,11:04:13,7.06,0.0,39,27534,卖盘
1446,11:04:16,7.07,0.01,12,8483,买盘
1447,11:04:19,7.07,0.0,11,7777,卖盘
1448,11:04:22,7.07,0.0,24,16968,卖盘
1449,11:04:25,7.07,0.0,77,54439,卖盘
1450,11:04:28,7.07,0.0,7,4949,卖盘
1451,11:04:31,7.06,-0.01,29,20416,卖盘
1452,11:04:36,7.07,0.01,34,24032,买盘
1453,11:04:40,7.08,0.01,13,9201,买盘
1454,11:04:42,7.07,-0.01,8,5656,卖盘
1455,11:04:46,7.07,0.0,2,1414,卖盘
1456,11:04:49,7.07,0.0,2,1414,卖盘
1457,11:04:52,7.06,-0.01,1083,764914,卖盘
1458,11:04:58,7.05,-0.01,281,198131,卖盘
1459,11:05:04,7.05,0.0,86,60653,卖盘
1460,11:05:07,7.06,0.01,23,16238,买盘
1461,11:05:09,7.05,-0.01,19,13395,卖盘
1462,11:05:13,7.06,0.01,505,356525,买盘
1463,11:05:15,7.05,-0.01,4,2820,卖盘
1464,11:05:19,7.06,0.01,244,172085,买盘
1465,11:05:22,7.06,0.0,1,706,卖盘
1466,11:05:25,7.06,0.0,92,64952,卖盘
1467,11:05:31,7.06,0.0,18,12708,卖盘
1468,11:05:34,7.06,0.0,395,278948,卖盘
1469,11:05:37,7.06,0.0,14,9884,买盘
1470,11:05:39,7.05,-0.01,99,69800,卖盘
1471,11:05:42,7.05,0.0,3,2115,卖盘
1472,11:05:46,7.05,0.0,19,13395,卖盘
1473,11:05:48,7.05,0.0,1,705,卖盘
1474,11:05:51,7.05,0.0,4,2820,卖盘
1475,11:05:54,7.06,0.01,203,143125,买盘
1476,11:05:58,7.05,-0.01,1,705,卖盘
1477,11:06:00,7.05,0.0,73,51487,卖盘
1478,11:06:04,7.05,0.0,4,2820,卖盘
1479,11:06:07,7.06,0.01,15,10576,买盘
1480,11:06:09,7.05,-0.01,4,2820,卖盘
1481,11:06:13,7.05,0.0,65,45825,卖盘
1482,11:06:15,7.05,0.0,13,9165,卖盘
1483,11:06:19,7.05,0.0,18,12690,卖盘
1484,11:06:22,7.05,0.0,40,28200,卖盘
1485,11:06:25,7.06,0.01,17,11995,买盘
1486,11:06:28,7.05,-0.01,9,6345,卖盘
1487,11:06:31,7.05,0.0,53,37365,卖盘
1488,11:06:33,7.05,0.0,15,10575,卖盘
1489,11:06:36,7.05,0.0,42,29610,卖盘
1490,11:06:40,7.05,0.0,30,21150,卖盘
1491,11:06:43,7.06,0.01,215,151721,买盘
1492,11:06:46,7.05,-0.01,70,49354,中性盘
1493,11:06:49,7.05,0.0,10,7050,卖盘
1494,11:06:51,7.04,-0.01,31,21824,卖盘
1495,11:07:04,7.05,0.01,15,10575,买盘
1496,11:07:06,7.04,-0.01,15,10560,卖盘
1497,11:07:09,7.04,0.0,4,2818,卖盘
1498,11:07:22,7.05,0.01,11,7755,买盘
1499,11:07:25,7.04,-0.01,74,52160,卖盘
1500,11:07:31,7.05,0.01,18,12690,买盘
1501,11:07:34,7.05,0.0,10,7050,买盘
1502,11:07:42,7.05,0.0,3,2115,买盘
1503,11:07:45,7.05,0.0,14,9870,买盘
1504,11:08:04,7.05,0.0,9,6343,买盘
1505,11:08:10,7.04,-0.01,3,2112,卖盘
1506,11:08:13,7.05,0.01,10,7050,买盘
1507,11:08:18,7.04,-0.01,125,88002,卖盘
1508,11:08:21,7.04,0.0,4,2816,卖盘
1509,11:08:31,7.04,0.0,300,211200,卖盘
1510,11:08:40,7.04,0.0,40,28160,卖盘
1511,11:08:49,7.05,0.01,13,9165,买盘
1512,11:09:07,7.05,0.0,1,705,买盘
1513,11:09:10,7.04,-0.01,68,47872,卖盘
1514,11:09:13,7.04,0.0,23,16192,卖盘
1515,11:09:18,7.04,0.0,8,5632,卖盘
1516,11:09:40,7.03,-0.01,747,525226,卖盘
1517,11:09:49,7.05,0.02,3,2115,买盘
1518,11:09:55,7.04,-0.01,2,1408,买盘
1519,11:10:04,7.03,-0.01,34,23902,卖盘
1520,11:10:07,7.04,0.01,24,16896,买盘
1521,11:10:09,7.03,-0.01,2,1406,卖盘
1522,11:10:13,7.03,0.0,415,291745,卖盘
1523,11:10:18,7.03,0.0,10,7030,买盘
1524,11:10:25,7.03,0.0,28,19684,买盘
1525,11:10:31,7.03,0.0,16,11248,买盘
1526,11:10:39,7.03,0.0,7,4921,买盘
1527,11:10:42,7.03,0.0,259,182077,买盘
1528,11:10:46,7.03,0.0,1,703,买盘
1529,11:10:48,7.03,0.0,32,22496,买盘
1530,11:10:57,7.03,0.0,28,19684,买盘
1531,11:11:01,7.02,-0.01,31,21781,卖盘
1532,11:11:04,7.02,0.0,45,31614,卖盘
1533,11:11:07,7.02,0.0,35,24570,卖盘
1534,11:11:09,7.03,0.01,26,18257,买盘
1535,11:11:12,7.03,0.0,2,1406,卖盘
1536,11:11:16,7.03,0.0,57,40071,卖盘
1537,11:11:31,7.03,0.0,3,2109,卖盘
1538,11:11:34,7.03,0.0,82,57717,卖盘
1539,11:11:43,7.03,0.0,72,50616,卖盘
1540,11:11:49,7.05,0.02,8,5635,买盘
1541,11:11:54,7.04,-0.01,20,14080,买盘
1542,11:12:04,7.04,0.0,2,1408,卖盘
1543,11:12:09,7.04,0.0,5,3520,卖盘
1544,11:12:24,7.05,0.01,10,7050,买盘
1545,11:12:28,7.05,0.0,5,3525,买盘
1546,11:12:37,7.04,-0.01,50,35200,卖盘
1547,11:12:55,7.04,0.0,88,61954,卖盘
1548,11:13:04,7.04,0.0,9,6336,买盘
1549,11:13:37,7.04,0.0,214,150656,买盘
1550,11:13:43,7.05,0.01,1301,917204,买盘
1551,11:13:48,7.05,0.0,42,29610,买盘
1552,11:13:52,7.04,-0.01,7,4928,卖盘
1553,11:13:57,7.05,0.01,3,2115,买盘
1554,11:14:04,7.04,-0.01,3,2112,卖盘
1555,11:14:06,7.05,0.01,1,705,买盘
1556,11:14:09,7.04,-0.01,4,2816,卖盘
1557,11:14:19,7.04,0.0,3,2112,卖盘
1558,11:14:22,7.05,0.01,7,4935,买盘
1559,11:14:33,7.05,0.0,41,28905,买盘
1560,11:14:46,7.04,-0.01,100,70400,卖盘
1561,11:15:13,7.05,0.01,2,1410,买盘
1562,11:15:15,7.04,-0.01,1,704,卖盘
1563,11:15:18,7.05,0.01,4,2820,买盘
1564,11:15:27,7.05,0.0,12,8460,买盘
1565,11:16:03,7.04,-0.01,43,30313,卖盘
1566,11:16:06,7.04,0.0,11,7754,卖盘
1567,11:16:09,7.04,0.0,3,2112,卖盘
1568,11:16:13,7.05,0.01,102,71910,买盘
1569,11:16:16,7.04,-0.01,21,14784,卖盘
1570,11:16:19,7.05,0.01,470,331329,买盘
1571,11:16:21,7.04,-0.01,56,39481,卖盘
1572,11:16:24,7.05,0.01,23,16215,买盘
1573,11:16:34,7.04,-0.01,6,4224,卖盘
1574,11:16:42,7.04,0.0,2,1408,卖盘
1575,11:17:10,7.05,0.01,39,27495,买盘
1576,11:17:19,7.05,0.0,43,30315,买盘
1577,11:17:22,7.05,0.0,18,12690,买盘
1578,11:17:25,7.05,0.0,3,2115,买盘
1579,11:17:54,7.04,-0.01,3,2112,卖盘
1580,11:18:04,7.04,0.0,83,58513,卖盘
1581,11:18:10,7.04,0.0,5,3520,卖盘
1582,11:18:18,7.05,0.01,14,9870,买盘
1583,11:18:24,7.04,-0.01,2,1408,卖盘
1584,11:18:27,7.05,0.01,3,2115,买盘
1585,11:18:33,7.04,-0.01,2,1408,卖盘
1586,11:18:36,7.04,0.0,2,1408,卖盘
1587,11:18:51,7.04,0.0,1,704,卖盘
1588,11:19:52,7.05,0.01,24,16920,买盘
1589,11:20:04,7.04,-0.01,3,2112,卖盘
1590,11:20:06,7.05,0.01,2,1410,买盘
1591,11:20:09,7.05,0.0,1,705,买盘
1592,11:20:12,7.04,-0.01,2,1408,卖盘
1593,11:20:24,7.05,0.01,1,705,买盘
1594,11:20:45,7.05,0.0,6,4230,买盘
1595,11:20:52,7.05,0.0,3,2115,买盘
1596,11:21:22,7.04,-0.01,197,138793,卖盘
1597,11:21:34,7.06,0.02,3,2117,买盘
1598,11:21:57,7.04,-0.02,1,704,卖盘
1599,11:22:04,7.04,0.0,2,1408,卖盘
1600,11:22:06,7.05,0.01,3,2115,买盘
1601,11:22:09,7.05,0.0,14,9870,买盘
1602,11:22:13,7.05,0.0,11,7755,卖盘
1603,11:22:16,7.05,0.0,3,2115,卖盘
1604,11:22:19,7.05,0.0,2,1410,卖盘
1605,11:22:22,7.05,0.0,1,705,卖盘
1606,11:22:28,7.05,0.0,1,705,卖盘
1607,11:22:30,7.05,0.0,20,14100,卖盘
1608,11:22:36,7.05,0.0,7,4935,买盘
1609,11:23:04,7.05,0.0,1,705,买盘
1610,11:23:12,7.05,0.0,4,2820,买盘
1611,11:23:33,7.04,-0.01,1,704,卖盘
1612,11:23:55,7.04,0.0,3,2112,卖盘
1613,11:24:01,7.04,0.0,7,4934,卖盘
1614,11:24:06,7.04,0.0,3,2112,卖盘
1615,11:24:12,7.04,0.0,3,2112,卖盘
1616,11:24:15,7.05,0.01,3,2115,买盘
1617,11:24:19,7.04,-0.01,6,4224,卖盘
1618,11:24:28,7.04,0.0,1,704,卖盘
1619,11:24:31,7.05,0.01,1,705,买盘
1620,11:24:52,7.04,-0.01,1,704,卖盘
1621,11:24:57,7.04,0.0,27,19008,卖盘
1622,11:25:03,7.04,0.0,36,25344,卖盘
1623,11:25:10,7.04,0.0,35,24641,卖盘
1624,11:25:12,7.04,0.0,31,21824,卖盘
1625,11:25:19,7.04,0.0,19,13379,卖盘
1626,11:25:22,7.04,0.0,10,7040,卖盘
1627,11:25:25,7.04,0.0,53,37312,卖盘
1628,11:25:28,7.04,0.0,32,22528,卖盘
1629,11:25:30,7.04,0.0,50,35200,卖盘
1630,11:25:33,7.04,0.0,125,88000,卖盘
1631,11:25:36,7.04,0.0,51,35904,卖盘
1632,11:25:40,7.04,0.0,46,32384,卖盘
1633,11:25:43,7.04,0.0,71,49984,卖盘
1634,11:25:46,7.04,0.0,34,23936,卖盘
1635,11:25:49,7.04,0.0,40,28160,卖盘
1636,11:25:52,7.04,0.0,77,54208,卖盘
1637,11:25:55,7.03,-0.01,2,1406,卖盘
1638,11:26:00,7.04,0.01,23,16192,买盘
1639,11:26:06,7.03,-0.01,2,1406,卖盘
1640,11:26:09,7.04,0.01,16,11263,买盘
1641,11:26:12,7.03,-0.01,2,1406,卖盘
1642,11:26:19,7.04,0.01,3,2112,买盘
1643,11:26:22,7.04,0.0,49,34496,买盘
1644,11:26:36,7.03,-0.01,1,703,卖盘
1645,11:26:43,7.04,0.01,6,4224,买盘
1646,11:26:46,7.03,-0.01,1,703,卖盘
1647,11:27:10,7.04,0.01,1,704,买盘
1648,11:27:19,7.03,-0.01,2,1406,卖盘
1649,11:27:25,7.04,0.01,5,3520,买盘
1650,11:27:28,7.03,-0.01,6,4221,卖盘
1651,11:27:31,7.04,0.01,14,9856,买盘
1652,11:27:40,7.04,0.0,140,98560,买盘
1653,11:27:43,7.04,0.0,1,704,卖盘
1654,11:27:52,7.05,0.01,1,705,买盘
1655,11:28:06,7.04,-0.01,3,2112,卖盘
1656,11:28:13,7.04,0.0,5,3520,卖盘
1657,11:28:16,7.04,0.0,7,4928,卖盘
1658,11:28:19,7.04,0.0,3,2112,卖盘
1659,11:28:22,7.04,0.0,3,2112,卖盘
1660,11:28:25,7.04,0.0,7,4931,卖盘
1661,11:28:28,7.04,0.0,12,8448,卖盘
1662,11:28:31,7.04,0.0,11,7744,卖盘
1663,11:28:33,7.04,0.0,29,20416,卖盘
1664,11:28:37,7.04,0.0,19,13376,卖盘
1665,11:28:40,7.04,0.0,39,27468,卖盘
1666,11:28:43,7.04,0.0,8,5632,卖盘
1667,11:28:45,7.04,0.0,1,704,卖盘
1668,11:28:54,7.04,0.0,150,105248,卖盘
1669,11:29:01,7.05,0.01,2,1410,买盘
1670,11:29:10,7.04,-0.01,1,704,卖盘
1671,11:29:31,7.04,0.0,5,3520,卖盘
1672,11:29:39,7.04,0.0,4,2819,卖盘
1673,11:29:46,7.04,0.0,39,27456,卖盘
1674,13:00:05,7.05,0.01,11,7747,买盘
1675,13:00:07,7.05,0.0,471,331610,买盘
1676,13:00:10,7.04,-0.01,72,50688,卖盘
1677,13:00:13,7.05,0.01,72,50653,买盘
1678,13:00:18,7.03,-0.02,93,65387,卖盘
1679,13:00:22,7.03,0.0,146,102638,卖盘
1680,13:00:25,7.03,0.0,137,96311,卖盘
1681,13:00:28,7.04,0.01,39,27425,买盘
1682,13:00:31,7.03,-0.01,41,28823,卖盘
1683,13:00:34,7.03,0.0,127,89281,卖盘
1684,13:00:37,7.03,0.0,117,82251,卖盘
1685,13:00:40,7.03,0.0,42,29526,卖盘
1686,13:00:43,7.04,0.01,43,30250,买盘
1687,13:00:46,7.03,-0.01,26,18278,卖盘
1688,13:00:49,7.03,0.0,2,1406,卖盘
1689,13:00:52,7.03,0.0,15,10545,卖盘
1690,13:00:54,7.03,0.0,3,2109,卖盘
1691,13:01:07,7.03,0.0,50,35150,卖盘
1692,13:01:13,7.02,-0.01,2,1405,卖盘
1693,13:01:16,7.03,0.01,5,3515,买盘
1694,13:01:27,7.02,-0.01,10,7020,卖盘
1695,13:01:40,7.03,0.01,2,1406,买盘
1696,13:01:42,7.02,-0.01,1,702,卖盘
1697,13:02:07,7.02,0.0,3,2106,卖盘
1698,13:02:12,7.02,0.0,5,3510,卖盘
1699,13:02:15,7.03,0.01,3,2109,买盘
1700,13:02:21,7.03,0.0,15,10545,买盘
1701,13:02:30,7.03,0.0,5,3515,买盘
1702,13:02:45,7.02,-0.01,8,5616,卖盘
1703,13:03:04,7.03,0.01,212,149036,买盘
1704,13:03:12,7.03,0.0,3,2109,买盘
1705,13:03:16,7.03,0.0,5,3515,买盘
1706,13:03:19,7.04,0.01,20,14071,买盘
1707,13:03:42,7.02,-0.02,22,15444,卖盘
1708,13:03:46,7.04,0.02,20,14080,买盘
1709,13:04:07,7.02,-0.02,3,2107,卖盘
1710,13:04:13,7.03,0.01,5,3515,买盘
1711,13:04:16,7.03,0.0,13,9136,买盘
1712,13:04:18,7.02,-0.01,8,5616,卖盘
1713,13:04:43,7.02,0.0,31,21783,卖盘
1714,13:04:45,7.03,0.01,42,29526,买盘
1715,13:04:48,7.03,0.0,1,703,买盘
1716,13:04:55,7.03,0.0,23,16169,买盘
1717,13:04:58,7.03,0.0,3,2109,买盘
1718,13:05:01,7.03,0.0,3,2109,买盘
1719,13:05:07,7.03,0.0,32,22496,买盘
1720,13:05:10,7.03,0.0,23,16169,买盘
1721,13:05:13,7.03,0.0,1,703,买盘
1722,13:05:15,7.02,-0.01,1,702,卖盘
1723,13:05:19,7.03,0.01,7,4921,买盘
1724,13:05:24,7.03,0.0,70,49540,买盘
1725,13:05:42,7.04,0.01,12,8448,买盘
1726,13:05:48,7.04,0.0,50,35200,买盘
1727,13:05:54,7.04,0.0,10,7040,买盘
1728,13:06:07,7.03,-0.01,3,2109,卖盘
1729,13:06:16,7.04,0.01,53,37309,买盘
1730,13:06:25,7.04,0.0,3,2112,买盘
1731,13:06:33,7.04,0.0,14,9856,买盘
1732,13:06:49,7.03,-0.01,9,6327,卖盘
1733,13:06:54,7.03,0.0,1,703,卖盘
1734,13:07:09,7.04,0.01,3,2112,买盘
1735,13:07:19,7.04,0.0,1,704,买盘
1736,13:07:28,7.04,0.0,3,2112,买盘
1737,13:07:48,7.04,0.0,2,1408,买盘
1738,13:08:06,7.03,-0.01,12,8436,卖盘
1739,13:08:10,7.03,0.0,35,24605,卖盘
1740,13:08:13,7.04,0.01,1,704,买盘
1741,13:08:16,7.03,-0.01,4,2812,卖盘
1742,13:08:19,7.04,0.01,10,7040,买盘
1743,13:08:25,7.04,0.0,3,2112,买盘
1744,13:08:37,7.03,-0.01,11,7733,卖盘
1745,13:08:43,7.04,0.01,16,11264,买盘
1746,13:09:00,7.04,0.0,20,14080,买盘
1747,13:09:06,7.03,-0.01,5,3515,卖盘
1748,13:09:13,7.04,0.01,10,7040,买盘
1749,13:09:27,7.03,-0.01,9,6327,卖盘
1750,13:09:33,7.04,0.01,6,4224,买盘
1751,13:09:36,7.04,0.0,3,2112,买盘
1752,13:09:40,7.04,0.0,14,9856,买盘
1753,13:09:46,7.04,0.0,21,14784,买盘
1754,13:09:51,7.04,0.0,1,704,买盘
1755,13:10:03,7.03,-0.01,9,6335,卖盘
1756,13:10:07,7.03,0.0,52,36556,卖盘
1757,13:10:16,7.03,0.0,3,2109,卖盘
1758,13:10:28,7.03,0.0,13,9139,卖盘
1759,13:10:37,7.03,0.0,5,3518,卖盘
1760,13:10:42,7.04,0.01,2,1408,买盘
1761,13:10:45,7.03,-0.01,9,6327,卖盘
1762,13:10:49,7.03,0.0,4,2812,卖盘
1763,13:10:51,7.03,0.0,20,14060,卖盘
1764,13:10:58,7.03,0.0,13,9139,卖盘
1765,13:11:04,7.03,0.0,2,1406,卖盘
1766,13:11:07,7.03,0.0,18,12654,卖盘
1767,13:11:18,7.03,0.0,78,54834,卖盘
1768,13:11:21,7.04,0.01,8,5625,买盘
1769,13:11:24,7.04,0.0,93,65472,买盘
1770,13:11:31,7.04,0.0,23,16192,买盘
1771,13:11:34,7.04,0.0,38,26752,买盘
1772,13:11:43,7.04,0.0,9,6336,买盘
1773,13:11:46,7.04,0.0,21,14784,买盘
1774,13:11:51,7.04,0.0,21,14784,买盘
1775,13:11:54,7.03,-0.01,1,703,卖盘
1776,13:11:57,7.03,0.0,4,2460,卖盘
1777,13:12:04,7.04,0.01,15,10560,买盘
1778,13:12:06,7.03,-0.01,3,2109,卖盘
1779,13:12:16,7.03,0.0,3,2109,卖盘
1780,13:12:30,7.04,0.01,15,10560,买盘
1781,13:12:34,7.04,0.0,18,12672,买盘
1782,13:12:39,7.04,0.0,80,56320,买盘
1783,13:12:42,7.04,0.0,18,12672,买盘
1784,13:12:45,7.04,0.0,18,12672,买盘
1785,13:12:49,7.03,-0.01,73,51357,卖盘
1786,13:12:52,7.05,0.02,44,30980,买盘
1787,13:12:55,7.04,-0.01,5,3520,卖盘
1788,13:12:58,7.04,0.0,10,7040,买盘
1789,13:13:01,7.04,0.0,1,704,买盘
1790,13:13:04,7.04,0.0,2,1408,买盘
1791,13:13:07,7.04,0.0,1,704,买盘
1792,13:13:10,7.04,0.0,12,8448,买盘
1793,13:13:13,7.04,0.0,1,704,卖盘
1794,13:13:22,7.05,0.01,1,705,买盘
1795,13:13:25,7.05,0.0,317,223838,买盘
1796,13:13:28,7.05,0.0,35,24675,卖盘
1797,13:13:31,7.06,0.01,63,44438,买盘
1798,13:13:34,7.06,0.0,5,3528,买盘
1799,13:13:36,7.05,-0.01,4,2820,卖盘
1800,13:13:42,7.06,0.01,20,14120,买盘
1801,13:13:49,7.06,0.0,20,14120,买盘
1802,13:13:52,7.05,-0.01,131,92472,卖盘
1803,13:13:58,7.05,0.0,8,5640,卖盘
1804,13:14:07,7.05,0.0,2,1410,卖盘
1805,13:14:10,7.06,0.01,65,45890,买盘
1806,13:14:13,7.05,-0.01,21,14805,卖盘
1807,13:14:16,7.05,0.0,5,3525,卖盘
1808,13:14:18,7.05,0.0,23,16231,卖盘
1809,13:14:22,7.05,0.0,3,2115,卖盘
1810,13:14:25,7.06,0.01,26,18351,买盘
1811,13:14:28,7.05,-0.01,17,11985,卖盘
1812,13:14:31,7.05,0.0,22,15510,卖盘
1813,13:14:37,7.05,0.0,13,9168,卖盘
1814,13:14:42,7.06,0.01,1,706,买盘
1815,13:14:45,7.05,-0.01,9,6345,卖盘
1816,13:14:48,7.06,0.01,4,2824,买盘
1817,13:15:19,7.06,0.0,35,24710,买盘
1818,13:15:22,7.06,0.0,1,706,买盘
1819,13:15:27,7.05,-0.01,1,705,卖盘
1820,13:15:34,7.06,0.01,1,706,买盘
1821,13:15:36,7.06,0.0,3,2118,买盘
1822,13:15:52,7.06,0.0,9,6354,买盘
1823,13:15:57,7.06,0.0,10,7060,买盘
1824,13:16:00,7.05,-0.01,5,3525,卖盘
1825,13:16:04,7.06,0.01,8,5648,买盘
1826,13:16:06,7.05,-0.01,3,2115,卖盘
1827,13:16:16,7.05,0.0,4,2820,卖盘
1828,13:16:33,7.06,0.01,1,706,买盘
1829,13:16:36,7.06,0.0,2,1412,买盘
1830,13:16:43,7.05,-0.01,9,6349,卖盘
1831,13:17:01,7.05,0.0,4,2820,卖盘
1832,13:17:04,7.05,0.0,3,1784,卖盘
1833,13:17:30,7.06,0.01,3,2118,买盘
1834,13:17:33,7.06,0.0,20,14120,买盘
1835,13:17:37,7.06,0.0,11,7766,买盘
1836,13:17:40,7.06,0.0,1,706,买盘
1837,13:17:43,7.06,0.0,3,2118,买盘
1838,13:17:45,7.06,0.0,20,14120,买盘
1839,13:17:48,7.06,0.0,42,29652,买盘
1840,13:17:51,7.05,-0.01,9,6345,卖盘
1841,13:17:54,7.05,0.0,10,7050,卖盘
1842,13:18:07,7.05,0.0,2,1410,卖盘
1843,13:18:16,7.05,0.0,4,2820,卖盘
1844,13:18:27,7.05,0.0,11,7755,卖盘
1845,13:18:30,7.05,0.0,1,705,卖盘
1846,13:18:33,7.05,0.0,83,58515,卖盘
1847,13:18:40,7.06,0.01,19,13407,买盘
1848,13:18:42,7.06,0.0,3,2118,买盘
1849,13:18:46,7.05,-0.01,11,7756,卖盘
1850,13:18:51,7.05,0.0,184,129720,卖盘
1851,13:18:57,7.05,0.0,41,28915,卖盘
1852,13:19:00,7.05,0.0,1,705,卖盘
1853,13:19:04,7.05,0.0,43,30315,卖盘
1854,13:19:07,7.05,0.0,1,705,卖盘
1855,13:19:09,7.06,0.01,8,5570,买盘
1856,13:19:13,7.05,-0.01,49,34545,卖盘
1857,13:19:19,7.05,0.0,24,16969,卖盘
1858,13:19:22,7.04,-0.01,1,704,卖盘
1859,13:19:30,7.05,0.01,50,35250,买盘
1860,13:19:34,7.05,0.0,1,705,买盘
1861,13:19:40,7.04,-0.01,12,8448,卖盘
1862,13:19:48,7.05,0.01,3,2115,买盘
1863,13:19:58,7.04,-0.01,40,28160,卖盘
1864,13:20:04,7.04,0.0,30,21120,卖盘
1865,13:20:06,7.04,0.0,25,17613,卖盘
1866,13:20:10,7.04,0.0,1,704,卖盘
1867,13:20:16,7.04,0.0,16,11264,卖盘
1868,13:20:19,7.03,-0.01,3,2109,卖盘
1869,13:20:39,7.05,0.02,1,705,买盘
1870,13:20:42,7.04,-0.01,4,2816,卖盘
1871,13:20:46,7.04,0.0,12,8448,卖盘
1872,13:20:49,7.05,0.01,3,2115,买盘
1873,13:20:55,7.04,-0.01,31,21824,卖盘
1874,13:21:04,7.05,0.01,51,35925,买盘
1875,13:21:24,7.04,-0.01,9,6336,卖盘
1876,13:21:40,7.05,0.01,7,4930,买盘
1877,13:21:46,7.04,-0.01,1,704,卖盘
1878,13:21:48,7.04,0.0,33,23245,卖盘
1879,13:21:52,7.05,0.01,13,9153,买盘
1880,13:22:04,7.04,-0.01,9,6336,卖盘
1881,13:22:06,7.04,0.0,2,1408,卖盘
1882,13:22:16,7.04,0.0,97,68288,卖盘
1883,13:22:19,7.04,0.0,5,3517,买盘
1884,13:22:22,7.04,0.0,18,12672,买盘
1885,13:22:33,7.04,0.0,1,704,买盘
1886,13:22:42,7.04,0.0,10,7040,买盘
1887,13:22:52,7.03,-0.01,15,10548,卖盘
1888,13:23:07,7.04,0.01,40,28160,买盘
1889,13:23:25,7.03,-0.01,48,33788,卖盘
1890,13:23:34,7.03,0.0,1,703,卖盘
1891,13:23:39,7.03,0.0,52,36606,卖盘
1892,13:23:43,7.04,0.01,2,1408,买盘
1893,13:23:58,7.03,-0.01,12,8436,卖盘
1894,13:24:07,7.04,0.01,3,2112,买盘
1895,13:24:10,7.03,-0.01,3,2109,卖盘
1896,13:24:16,7.03,0.0,500,351500,卖盘
1897,13:24:18,7.03,0.0,4,2812,卖盘
1898,13:24:24,7.03,0.0,93,65400,卖盘
1899,13:24:28,7.04,0.01,20,14076,买盘
1900,13:24:37,7.03,-0.01,1,703,买盘
1901,13:24:39,7.03,0.0,1,703,买盘
1902,13:24:42,7.02,-0.01,9,6318,卖盘
1903,13:24:48,7.03,0.01,35,24605,买盘
1904,13:24:58,7.03,0.0,3,2109,买盘
1905,13:25:01,7.03,0.0,22,15454,买盘
1906,13:25:06,7.03,0.0,71,49913,买盘
1907,13:25:19,7.02,-0.01,80,56160,卖盘
1908,13:25:36,7.03,0.01,21,14763,买盘
1909,13:25:51,7.03,0.0,10,7030,买盘
1910,13:26:01,7.02,-0.01,503,353109,卖盘
1911,13:26:09,7.03,0.01,46,32336,买盘
1912,13:26:12,7.03,0.0,5,3515,买盘
1913,13:26:19,7.02,-0.01,17,11934,卖盘
1914,13:26:43,7.03,0.01,2,1406,买盘
1915,13:26:46,7.03,0.0,1,703,买盘
1916,13:26:54,7.02,-0.01,1,702,卖盘
1917,13:27:04,7.02,0.0,29,20361,卖盘
1918,13:27:15,7.02,0.0,67,47041,卖盘
1919,13:27:22,7.02,0.0,14,9828,卖盘
1920,13:27:28,7.02,0.0,21,14742,卖盘
1921,13:27:31,7.03,0.01,356,250268,买盘
1922,13:27:37,7.03,0.0,36,25308,卖盘
1923,13:27:40,7.03,0.0,10,7030,卖盘
1924,13:27:46,7.03,0.0,33,23228,卖盘
1925,13:27:58,7.03,0.0,8,5624,卖盘
1926,13:28:04,7.03,0.0,5,3515,卖盘
1927,13:28:07,7.03,0.0,9,6330,卖盘
1928,13:28:10,7.03,0.0,2,1406,卖盘
1929,13:28:13,7.03,0.0,14,9842,卖盘
1930,13:28:15,7.03,0.0,13,9139,卖盘
1931,13:28:18,7.03,0.0,15,10545,卖盘
1932,13:28:22,7.03,0.0,494,347303,卖盘
1933,13:28:28,7.03,0.0,30,21090,买盘
1934,13:28:37,7.02,-0.01,5,3510,卖盘
1935,13:28:40,7.02,0.0,2,1404,卖盘
1936,13:28:43,7.03,0.01,2,1406,买盘
1937,13:28:48,7.02,-0.01,20,14040,卖盘
1938,13:29:01,7.02,0.0,24,16848,卖盘
1939,13:29:09,7.03,0.01,3,2109,买盘
1940,13:29:19,7.03,0.0,9,6327,买盘
1941,13:29:28,7.02,-0.01,13,9126,卖盘
1942,13:29:40,7.03,0.01,1,703,买盘
1943,13:29:43,7.03,0.0,37,25981,买盘
1944,13:29:46,7.02,-0.01,30,21060,卖盘
1945,13:29:51,7.02,0.0,2,1404,卖盘
1946,13:29:55,7.02,0.0,75,52656,卖盘
1947,13:29:58,7.02,0.0,33,23166,卖盘
1948,13:30:01,7.02,0.0,33,23166,卖盘
1949,13:30:04,7.02,0.0,33,23166,卖盘
1950,13:30:07,7.02,0.0,61,42825,卖盘
1951,13:30:10,7.02,0.0,25,17550,卖盘
1952,13:30:13,7.02,0.0,27,18954,卖盘
1953,13:30:16,7.02,0.0,144,101114,卖盘
1954,13:30:19,7.03,0.01,45,31612,买盘
1955,13:30:21,7.03,0.0,37,26005,买盘
1956,13:30:25,7.02,-0.01,7,4914,卖盘
1957,13:30:31,7.02,0.0,40,28080,卖盘
1958,13:30:37,7.03,0.01,1,703,买盘
1959,13:30:40,7.02,-0.01,40,28080,卖盘
1960,13:30:43,7.02,0.0,15,10530,卖盘
1961,13:30:46,7.03,0.01,21,14763,买盘
1962,13:30:51,7.02,-0.01,5,3511,卖盘
1963,13:31:13,7.03,0.01,107,75131,买盘
1964,13:31:16,7.02,-0.01,5,3510,卖盘
1965,13:31:19,7.02,0.0,1,702,卖盘
1966,13:31:22,7.03,0.01,14,9841,买盘
1967,13:31:25,7.02,-0.01,1,702,卖盘
1968,13:31:28,7.02,0.0,5,3510,卖盘
1969,13:31:34,7.02,0.0,41,28782,卖盘
1970,13:31:40,7.02,0.0,2,1404,买盘
1971,13:31:55,7.01,-0.01,12,8423,卖盘
1972,13:32:01,7.01,0.0,1,701,卖盘
1973,13:32:10,7.02,0.01,15,10528,买盘
1974,13:32:13,7.01,-0.01,15,10515,卖盘
1975,13:32:19,7.01,0.0,3,2103,卖盘
1976,13:32:22,7.01,0.0,8,5608,卖盘
1977,13:32:25,7.02,0.01,12,8424,买盘
1978,13:32:34,7.02,0.0,1,702,买盘
1979,13:32:36,7.02,0.0,80,56145,买盘
1980,13:32:51,7.01,-0.01,10,7010,卖盘
1981,13:32:55,7.02,0.01,6,4212,买盘
1982,13:33:06,7.02,0.0,1,702,买盘
1983,13:33:09,7.01,-0.01,1,701,卖盘
1984,13:33:15,7.02,0.01,3,2106,买盘
1985,13:33:19,7.01,-0.01,40,28040,卖盘
1986,13:33:27,7.02,0.01,30,21060,买盘
1987,13:33:34,7.02,0.0,111,77813,买盘
1988,13:33:37,7.02,0.0,3,2105,买盘
1989,13:33:40,7.02,0.0,44,30888,买盘
1990,13:33:42,7.02,0.0,12,8424,买盘
1991,13:33:46,7.02,0.0,15,10530,买盘
1992,13:33:48,7.01,-0.01,150,105207,卖盘
1993,13:33:52,7.02,0.01,26,18252,买盘
1994,13:33:55,7.02,0.0,21,14742,买盘
1995,13:34:04,7.02,0.0,10,7020,买盘
1996,13:34:07,7.02,0.0,3,2106,买盘
1997,13:34:10,7.01,-0.01,3,2103,卖盘
1998,13:34:13,7.02,0.01,4,2807,买盘
1999,13:34:15,7.01,-0.01,16,11230,卖盘
2000,13:34:18,7.01,0.0,23,16143,卖盘
2001,13:34:28,7.02,0.01,15,10530,买盘
2002,13:34:37,7.02,0.0,4,2808,买盘
2003,13:34:40,7.02,0.0,5,3510,买盘
2004,13:34:43,7.02,0.0,10,7020,买盘
2005,13:34:49,7.02,0.0,1,702,买盘
2006,13:34:52,7.02,0.0,2,1404,买盘
2007,13:34:55,7.02,0.0,71,49842,买盘
2008,13:34:57,7.02,0.0,10,7020,买盘
2009,13:35:04,7.02,0.0,29,20358,买盘
2010,13:35:07,7.01,-0.01,1,701,卖盘
2011,13:35:10,7.02,0.01,1,702,买盘
2012,13:35:13,7.02,0.0,20,14040,买盘
2013,13:35:16,7.02,0.0,23,16146,买盘
2014,13:35:22,7.02,0.0,15,10530,买盘
2015,13:35:28,7.01,-0.01,139,97577,卖盘
2016,13:35:33,7.02,0.01,83,58266,买盘
2017,13:35:36,7.01,-0.01,15,10515,卖盘
2018,13:35:40,7.02,0.01,11,7722,买盘
2019,13:35:49,7.02,0.0,50,35100,买盘
2020,13:35:52,7.02,0.0,22,15426,买盘
2021,13:36:07,7.01,-0.01,6,4206,卖盘
2022,13:36:10,7.01,0.0,3,2104,卖盘
2023,13:36:13,7.01,0.0,103,72304,卖盘
2024,13:36:15,7.01,0.0,97,67997,卖盘
2025,13:36:19,7.01,0.0,8,5611,卖盘
2026,13:36:22,7.01,0.0,58,40706,卖盘
2027,13:36:25,7.02,0.01,2,1404,买盘
2028,13:36:28,7.01,-0.01,4,2804,卖盘
2029,13:36:34,7.02,0.01,8,5616,买盘
2030,13:36:42,7.02,0.0,30,21060,买盘
2031,13:36:46,7.01,-0.01,80,56080,卖盘
2032,13:36:57,7.02,0.01,1,702,买盘
2033,13:37:00,7.01,-0.01,29,20329,卖盘
2034,13:37:04,7.02,0.01,11,7722,买盘
2035,13:37:07,7.01,-0.01,1,701,卖盘
2036,13:37:16,7.01,0.0,2,1402,卖盘
2037,13:37:22,7.02,0.01,42,29484,买盘
2038,13:37:24,7.02,0.0,35,24570,买盘
2039,13:37:30,7.02,0.0,1,702,买盘
2040,13:37:40,7.02,0.0,11,7722,买盘
2041,13:37:42,7.02,0.0,37,25974,买盘
2042,13:37:45,7.01,-0.01,12,8412,卖盘
2043,13:37:48,7.02,0.01,10,7020,买盘
2044,13:38:10,7.01,-0.01,3,2103,卖盘
2045,13:38:13,7.02,0.01,2,1404,买盘
2046,13:38:16,7.01,-0.01,1,701,卖盘
2047,13:38:18,7.01,0.0,11,7711,卖盘
2048,13:38:22,7.02,0.01,3,2106,买盘
2049,13:38:24,7.02,0.0,255,178776,买盘
2050,13:38:31,7.01,-0.01,12,8412,卖盘
2051,13:38:34,7.02,0.01,33,23166,买盘
2052,13:38:43,7.02,0.0,102,71604,买盘
2053,13:38:46,7.02,0.0,75,52638,买盘
2054,13:38:49,7.02,0.0,116,81432,买盘
2055,13:38:52,7.02,0.0,1,702,买盘
2056,13:38:55,7.02,0.0,4,2808,买盘
2057,13:38:57,7.03,0.01,25,17571,买盘
2058,13:39:00,7.03,0.0,21,14763,买盘
2059,13:39:04,7.03,0.0,42,29526,买盘
2060,13:39:07,7.03,0.0,21,14763,买盘
2061,13:39:09,7.03,0.0,21,14763,买盘
2062,13:39:16,7.02,-0.01,4,2808,卖盘
2063,13:39:19,7.02,0.0,2,1404,卖盘
2064,13:39:22,7.03,0.01,16,11247,买盘
2065,13:39:25,7.03,0.0,3,2109,买盘
2066,13:39:28,7.02,-0.01,3,2106,卖盘
2067,13:39:31,7.02,0.0,1,702,卖盘
2068,13:39:34,7.03,0.01,4,2812,买盘
2069,13:39:37,7.02,-0.01,1,702,卖盘
2070,13:39:40,7.03,0.01,12,8436,买盘
2071,13:39:43,7.03,0.0,6,4217,买盘
2072,13:39:45,7.03,0.0,124,87160,买盘
2073,13:39:49,7.02,-0.01,34,23868,卖盘
2074,13:39:52,7.03,0.01,170,119485,买盘
2075,13:39:55,7.02,-0.01,7,4914,卖盘
2076,13:39:58,7.04,0.02,106,74499,买盘
2077,13:40:01,7.03,-0.01,10,7030,卖盘
2078,13:40:04,7.03,0.0,22,15466,卖盘
2079,13:40:07,7.03,0.0,2,1406,卖盘
2080,13:40:10,7.03,0.0,8,5625,卖盘
2081,13:40:13,7.04,0.01,53,37312,买盘
2082,13:40:16,7.03,-0.01,3,2109,卖盘
2083,13:40:19,7.03,0.0,10,7030,卖盘
2084,13:40:22,7.03,0.0,17,11951,卖盘
2085,13:40:28,7.04,0.01,3,2112,买盘
2086,13:40:34,7.03,-0.01,500,351500,卖盘
2087,13:40:40,7.04,0.01,1,704,买盘
2088,13:40:43,7.03,-0.01,185,130055,卖盘
2089,13:41:01,7.03,0.0,354,248862,买盘
2090,13:41:07,7.03,0.0,1,703,买盘
2091,13:41:10,7.03,0.0,2,1406,买盘
2092,13:41:13,7.03,0.0,13,9139,买盘
2093,13:41:16,7.02,-0.01,3,2107,卖盘
2094,13:41:19,7.03,0.01,1,703,买盘
2095,13:41:25,7.03,0.0,21,14763,买盘
2096,13:41:28,7.03,0.0,3,2109,买盘
2097,13:41:31,7.03,0.0,21,14763,买盘
2098,13:41:33,7.03,0.0,9,6327,买盘
2099,13:41:40,7.03,0.0,2,1406,买盘
2100,13:41:46,7.03,0.0,22,15466,买盘
2101,13:41:49,7.03,0.0,3,2108,买盘
2102,13:41:52,7.03,0.0,34,23902,买盘
2103,13:41:55,7.03,0.0,28,19684,买盘
2104,13:42:04,7.02,-0.01,19,13350,卖盘
2105,13:42:07,7.03,0.01,30,21090,买盘
2106,13:42:09,7.02,-0.01,4,2808,卖盘
2107,13:42:18,7.03,0.01,3,2109,买盘
2108,13:42:22,7.02,-0.01,3,2106,卖盘
2109,13:42:31,7.03,0.01,63,44289,买盘
2110,13:42:34,7.02,-0.01,13,9136,卖盘
2111,13:42:43,7.03,0.01,1,703,买盘
2112,13:42:46,7.03,0.0,1,703,买盘
2113,13:42:48,7.03,0.0,32,22496,买盘
2114,13:43:01,7.03,0.0,4,2812,买盘
2115,13:43:16,7.02,-0.01,2,1404,卖盘
2116,13:43:22,7.03,0.01,15,10544,买盘
2117,13:43:28,7.02,-0.01,7,4914,卖盘
2118,13:43:31,7.03,0.01,15,10545,买盘
2119,13:43:33,7.02,-0.01,1,702,卖盘
2120,13:43:36,7.02,0.0,6,4215,卖盘
2121,13:43:43,7.03,0.01,4,2810,买盘
2122,13:44:01,7.02,-0.01,24,16848,卖盘
2123,13:44:04,7.03,0.01,1,703,买盘
2124,13:44:06,7.02,-0.01,5,3510,卖盘
2125,13:44:09,7.02,0.0,2,1404,卖盘
2126,13:44:13,7.02,0.0,3,2106,卖盘
2127,13:44:16,7.02,0.0,82,57564,卖盘
2128,13:44:22,7.02,0.0,21,14742,卖盘
2129,13:44:28,7.02,0.0,4,2808,卖盘
2130,13:44:31,7.02,0.0,20,14040,卖盘
2131,13:44:34,7.02,0.0,1,702,卖盘
2132,13:44:37,7.02,0.0,13,9129,卖盘
2133,13:44:43,7.03,0.01,4,2809,买盘
2134,13:44:55,7.02,-0.01,80,56231,卖盘
2135,13:45:01,7.02,0.0,16,11232,卖盘
2136,13:45:04,7.03,0.01,10,7030,买盘
2137,13:45:07,7.02,-0.01,7,4914,卖盘
2138,13:45:10,7.02,0.0,2,1404,卖盘
2139,13:45:13,7.02,0.0,1,702,卖盘
2140,13:45:15,7.02,0.0,7,4919,卖盘
2141,13:45:19,7.02,0.0,1,702,卖盘
2142,13:45:21,7.02,0.0,2,1405,卖盘
2143,13:45:28,7.02,0.0,1,702,卖盘
2144,13:45:31,7.02,0.0,12,8424,卖盘
2145,13:45:34,7.02,0.0,11,7722,卖盘
2146,13:45:37,7.03,0.01,18,12639,买盘
2147,13:45:40,7.02,-0.01,2,1404,卖盘
2148,13:45:42,7.03,0.01,17,11935,买盘
2149,13:45:49,7.02,-0.01,96,67392,卖盘
2150,13:45:54,7.03,0.01,23,16150,买盘
2151,13:46:00,7.02,-0.01,9,6318,卖盘
2152,13:46:04,7.02,0.0,6,4212,卖盘
2153,13:46:06,7.03,0.01,13,9136,买盘
2154,13:46:09,7.02,-0.01,5,3510,卖盘
2155,13:46:12,7.02,0.0,2,1404,卖盘
2156,13:46:16,7.02,0.0,1,702,卖盘
2157,13:46:19,7.02,0.0,11,7722,卖盘
2158,13:46:22,7.02,0.0,3,2106,卖盘
2159,13:46:25,7.02,0.0,2,1404,卖盘
2160,13:46:28,7.02,0.0,1,702,卖盘
2161,13:46:40,7.03,0.01,4,2812,买盘
2162,13:46:43,7.02,-0.01,15,10530,卖盘
2163,13:46:45,7.02,0.0,1,702,卖盘
2164,13:46:49,7.03,0.01,6,4215,买盘
2165,13:46:54,7.02,-0.01,2,1404,卖盘
2166,13:46:57,7.02,0.0,35,24570,卖盘
2167,13:47:01,7.02,0.0,1,702,卖盘
2168,13:47:04,7.02,0.0,28,19656,卖盘
2169,13:47:10,7.03,0.01,23,16162,买盘
2170,13:47:16,7.02,-0.01,4,2808,卖盘
2171,13:47:22,7.02,0.0,1,702,卖盘
2172,13:47:31,7.03,0.01,2,1406,买盘
2173,13:47:33,7.02,-0.01,299,209898,卖盘
2174,13:47:37,7.02,0.0,1,702,卖盘
2175,13:47:40,7.03,0.01,106,74459,买盘
2176,13:47:43,7.02,-0.01,13,9126,卖盘
2177,13:47:46,7.02,0.0,22,15445,卖盘
2178,13:47:49,7.02,0.0,2,1404,卖盘
2179,13:47:52,7.02,0.0,5,3510,卖盘
2180,13:47:58,7.02,0.0,1,702,卖盘
2181,13:48:01,7.02,0.0,70,49140,卖盘
2182,13:48:04,7.03,0.01,38,26714,买盘
2183,13:48:07,7.02,-0.01,15,10531,卖盘
2184,13:48:09,7.03,0.01,63,44279,买盘
2185,13:48:12,7.02,-0.01,3,2106,卖盘
2186,13:48:15,7.03,0.01,15,10532,买盘
2187,13:48:18,7.02,-0.01,2,1404,卖盘
2188,13:48:22,7.02,0.0,5,3510,卖盘
2189,13:48:24,7.03,0.01,74,52011,买盘
2190,13:48:28,7.02,-0.01,1,702,卖盘
2191,13:48:31,7.02,0.0,14,9828,卖盘
2192,13:48:33,7.02,0.0,1,702,卖盘
2193,13:48:36,7.02,0.0,2,1404,卖盘
2194,13:48:40,7.03,0.01,3,2108,买盘
2195,13:48:42,7.03,0.0,3,2109,买盘
2196,13:48:46,7.02,-0.01,1,702,卖盘
2197,13:48:52,7.03,0.01,10,7030,买盘
2198,13:48:58,7.02,-0.01,3,2457,卖盘
2199,13:49:04,7.03,0.01,6,4217,买盘
2200,13:49:10,7.02,-0.01,271,190512,卖盘
2201,13:49:15,7.02,0.0,56,39313,卖盘
2202,13:49:22,7.02,0.0,12,8424,卖盘
2203,13:49:28,7.02,0.0,2,1404,卖盘
2204,13:49:43,7.03,0.01,13,9127,买盘
2205,13:49:46,7.02,-0.01,9,6318,卖盘
2206,13:49:49,7.02,0.0,3,2106,卖盘
2207,13:49:52,7.02,0.0,7,4917,卖盘
2208,13:49:55,7.02,0.0,21,14742,卖盘
2209,13:49:57,7.03,0.01,40,28118,买盘
2210,13:50:00,7.02,-0.01,4,2808,卖盘
2211,13:50:04,7.02,0.0,8,5616,卖盘
2212,13:50:07,7.02,0.0,31,21762,卖盘
2213,13:50:10,7.02,0.0,3,2106,卖盘
2214,13:50:12,7.02,0.0,10,7020,卖盘
2215,13:50:18,7.03,0.01,14,9840,买盘
2216,13:50:21,7.03,0.0,32,22493,买盘
2217,13:50:25,7.02,-0.01,54,37929,卖盘
2218,13:50:28,7.02,0.0,106,74512,卖盘
2219,13:50:31,7.03,0.01,69,48496,买盘
2220,13:50:34,7.03,0.0,127,89204,买盘
2221,13:50:36,7.02,-0.01,38,26688,卖盘
2222,13:50:39,7.03,0.01,167,117375,买盘
2223,13:50:42,7.03,0.0,29,20380,买盘
2224,13:50:46,7.03,0.0,85,59721,买盘
2225,13:50:49,7.04,0.01,760,534304,买盘
2226,13:50:52,7.04,0.0,127,89304,买盘
2227,13:50:55,7.05,0.01,206,144874,买盘
2228,13:50:58,7.04,-0.01,32,22502,卖盘
2229,13:51:01,7.04,0.0,19,13376,卖盘
2230,13:51:04,7.04,0.0,22,15488,买盘
2231,13:51:07,7.04,0.0,17,11964,买盘
2232,13:51:10,7.04,0.0,6,4224,卖盘
2233,13:51:13,7.04,0.0,4,2816,卖盘
2234,13:51:15,7.05,0.01,4,2818,买盘
2235,13:51:19,7.05,0.0,7,4934,买盘
2236,13:51:22,7.05,0.0,29,20444,买盘
2237,13:51:25,7.04,-0.01,21,14804,卖盘
2238,13:51:28,7.05,0.01,7,4929,买盘
2239,13:51:31,7.05,0.0,14,9866,买盘
2240,13:51:34,7.04,-0.01,8,5638,卖盘
2241,13:51:37,7.05,0.01,44,31018,买盘
2242,13:51:40,7.05,0.0,12,8458,买盘
2243,13:51:43,7.05,0.0,62,43701,买盘
2244,13:51:46,7.05,0.0,4,2818,买盘
2245,13:51:49,7.05,0.0,19,13382,买盘
2246,13:51:52,7.05,0.0,50,35250,买盘
2247,13:51:55,7.05,0.0,42,29606,买盘
2248,13:51:58,7.05,0.0,138,97280,买盘
2249,13:52:01,7.05,0.0,24,16920,卖盘
2250,13:52:04,7.06,0.01,73,51504,买盘
2251,13:52:07,7.05,-0.01,16,11280,卖盘
2252,13:52:10,7.06,0.01,35,24692,买盘
2253,13:52:13,7.05,-0.01,126,88831,卖盘
2254,13:52:16,7.05,0.0,15,10575,买盘
2255,13:52:19,7.05,0.0,78,54990,卖盘
2256,13:52:21,7.05,0.0,5,3525,卖盘
2257,13:52:25,7.05,0.0,22,15510,卖盘
2258,13:52:28,7.05,0.0,1,705,卖盘
2259,13:52:31,7.05,0.0,4,2820,卖盘
2260,13:52:34,7.05,0.0,50,35250,卖盘
2261,13:52:37,7.05,0.0,1,705,卖盘
2262,13:52:40,7.05,0.0,10,7050,卖盘
2263,13:52:43,7.06,0.01,1,706,买盘
2264,13:52:46,7.06,0.0,112,79060,买盘
2265,13:52:52,7.05,-0.01,33,23268,卖盘
2266,13:52:55,7.05,0.0,95,66975,卖盘
2267,13:52:58,7.05,0.0,15,10575,买盘
2268,13:53:01,7.04,-0.01,19,13376,卖盘
2269,13:53:04,7.05,0.01,5,3522,买盘
2270,13:53:07,7.05,0.0,20,14096,买盘
2271,13:53:10,7.04,-0.01,1,704,卖盘
2272,13:53:13,7.05,0.01,14,9866,买盘
2273,13:53:16,7.05,0.0,19,13393,买盘
2274,13:53:19,7.05,0.0,4,2820,卖盘
2275,13:53:22,7.05,0.0,10,7050,卖盘
2276,13:53:25,7.06,0.01,419,295813,买盘
2277,13:53:28,7.04,-0.02,23,16196,卖盘
2278,13:53:30,7.04,0.0,331,233503,卖盘
2279,13:53:34,7.04,0.0,6,4224,卖盘
2280,13:53:37,7.06,0.02,109,76887,买盘
2281,13:53:40,7.06,0.0,4,2822,买盘
2282,13:53:43,7.05,-0.01,21,14805,卖盘
2283,13:53:46,7.05,0.0,1,705,卖盘
2284,13:53:49,7.05,0.0,210,148250,卖盘
2285,13:53:51,7.05,0.0,4,2823,卖盘
2286,13:53:54,7.05,0.0,70,49350,卖盘
2287,13:54:01,7.06,0.01,128,90354,买盘
2288,13:54:07,7.05,-0.01,32,22560,卖盘
2289,13:54:10,7.05,0.0,2,1410,卖盘
2290,13:54:13,7.06,0.01,26,18350,买盘
2291,13:54:16,7.05,-0.01,1,705,卖盘
2292,13:54:19,7.05,0.0,7,4936,卖盘
2293,13:54:22,7.05,0.0,5,3525,卖盘
2294,13:54:25,7.05,0.0,32,22560,卖盘
2295,13:54:28,7.05,0.0,1,705,卖盘
2296,13:54:31,7.05,0.0,56,39480,卖盘
2297,13:54:34,7.05,0.0,578,407493,卖盘
2298,13:54:37,7.05,0.0,31,21855,买盘
2299,13:54:40,7.05,0.0,172,121144,买盘
2300,13:54:43,7.05,0.0,21,14799,买盘
2301,13:54:46,7.04,-0.01,48,33792,卖盘
2302,13:54:49,7.05,0.01,41,28901,买盘
2303,13:54:52,7.04,-0.01,63,44352,卖盘
2304,13:54:55,7.04,0.0,28,19729,卖盘
2305,13:54:58,7.04,0.0,12,8448,卖盘
2306,13:55:01,7.04,0.0,6,4224,卖盘
2307,13:55:04,7.05,0.01,45,31700,买盘
2308,13:55:07,7.05,0.0,41,28904,买盘
2309,13:55:10,7.04,-0.01,9,6336,卖盘
2310,13:55:12,7.04,0.0,9,6336,卖盘
2311,13:55:16,7.05,0.01,140,98698,买盘
2312,13:55:19,7.04,-0.01,2,1408,卖盘
2313,13:55:22,7.04,0.0,34,23936,卖盘
2314,13:55:25,7.05,0.01,6,4229,买盘
2315,13:55:28,7.05,0.0,41,28899,买盘
2316,13:55:31,7.05,0.0,8,5636,买盘
2317,13:55:34,7.04,-0.01,15,10562,卖盘
2318,13:55:36,7.05,0.01,33,23264,买盘
2319,13:55:40,7.05,0.0,7,4932,买盘
2320,13:55:43,7.05,0.0,106,74722,买盘
2321,13:55:46,7.05,0.0,46,32429,买盘
2322,13:55:49,7.05,0.0,78,54968,买盘
2323,13:55:52,7.06,0.01,84,59215,买盘
2324,13:55:55,7.05,-0.01,55,38775,卖盘
2325,13:55:58,7.06,0.01,32,22569,买盘
2326,13:56:01,7.06,0.0,39,27523,买盘
2327,13:56:04,7.06,0.0,219,154607,买盘
2328,13:56:07,7.05,-0.01,48,33861,卖盘
2329,13:56:10,7.05,0.0,70,49362,卖盘
2330,13:56:13,7.05,0.0,10,7050,卖盘
2331,13:56:16,7.05,0.0,14,9870,卖盘
2332,13:56:19,7.06,0.01,3,2116,买盘
2333,13:56:22,7.05,-0.01,6,4230,卖盘
2334,13:56:25,7.06,0.01,10,7060,买盘
2335,13:56:28,7.06,0.0,57,40236,买盘
2336,13:56:31,7.05,-0.01,2,1410,卖盘
2337,13:56:33,7.05,0.0,12,8460,卖盘
2338,13:56:36,7.06,0.01,193,136258,买盘
2339,13:56:40,7.05,-0.01,3,2115,卖盘
2340,13:56:43,7.06,0.01,93,65612,买盘
2341,13:56:46,7.05,-0.01,77,54358,卖盘
2342,13:56:49,7.06,0.01,33,23280,买盘
2343,13:56:52,7.05,-0.01,21,14805,卖盘
2344,13:56:55,7.05,0.0,9,6345,卖盘
2345,13:56:58,7.06,0.01,8,5643,买盘
2346,13:57:01,7.05,-0.01,4,2821,卖盘
2347,13:57:04,7.06,0.01,50,35294,买盘
2348,13:57:07,7.05,-0.01,25,17625,卖盘
2349,13:57:10,7.06,0.01,71,50101,买盘
2350,13:57:13,7.06,0.0,11,7756,买盘
2351,13:57:16,7.05,-0.01,14,9870,卖盘
2352,13:57:18,7.05,0.0,2,1410,卖盘
2353,13:57:22,7.05,0.0,3,2115,卖盘
2354,13:57:28,7.05,0.0,1,705,卖盘
2355,13:57:31,7.06,0.01,12,8472,买盘
2356,13:57:37,7.05,-0.01,3,2115,卖盘
2357,13:57:40,7.06,0.01,23,16238,买盘
2358,13:57:43,7.05,-0.01,30,21150,卖盘
2359,13:57:46,7.06,0.01,10,7055,买盘
2360,13:57:49,7.05,-0.01,41,28905,卖盘
2361,13:57:52,7.05,0.0,2,1410,卖盘
2362,13:57:55,7.05,0.0,32,22560,卖盘
2363,13:57:58,7.05,0.0,13,9165,卖盘
2364,13:58:01,7.05,0.0,250,176487,卖盘
2365,13:58:04,7.05,0.0,7,4936,卖盘
2366,13:58:07,7.05,0.0,61,43005,卖盘
2367,13:58:10,7.06,0.01,33,23296,买盘
2368,13:58:13,7.05,-0.01,47,33135,卖盘
2369,13:58:16,7.05,0.0,8,5641,卖盘
2370,13:58:19,7.05,0.0,26,18330,卖盘
2371,13:58:21,7.05,0.0,32,22560,卖盘
2372,13:58:25,7.05,0.0,11,7755,卖盘
2373,13:58:28,7.05,0.0,32,22560,卖盘
2374,13:58:31,7.05,0.0,25,17626,卖盘
2375,13:58:34,7.05,0.0,8,5640,卖盘
2376,13:58:37,7.05,0.0,19,13395,卖盘
2377,13:58:39,7.05,0.0,1,705,卖盘
2378,13:58:43,7.06,0.01,6,4232,买盘
2379,13:58:46,7.06,0.0,33,23298,买盘
2380,13:58:49,7.05,-0.01,7,4935,卖盘
2381,13:58:52,7.06,0.01,12,8466,买盘
2382,13:58:55,7.05,-0.01,26,18330,卖盘
2383,13:58:58,7.05,0.0,2,1410,卖盘
2384,13:59:00,7.05,0.0,6,4231,卖盘
2385,13:59:04,7.06,0.01,4,2823,买盘
2386,13:59:07,7.06,0.0,35,24676,买盘
2387,13:59:10,7.05,-0.01,1,705,卖盘
2388,13:59:13,7.06,0.01,8,5641,买盘
2389,13:59:18,7.06,0.0,46,32475,买盘
2390,13:59:25,7.05,-0.01,37,26085,卖盘
2391,13:59:28,7.06,0.01,109,76954,买盘
2392,13:59:31,7.05,-0.01,7,4935,卖盘
2393,13:59:33,7.05,0.0,27,19035,卖盘
2394,13:59:37,7.05,0.0,1,705,卖盘
2395,13:59:40,7.06,0.01,20,14101,买盘
2396,13:59:43,7.05,-0.01,24,16920,卖盘
2397,13:59:46,7.06,0.01,5,3526,买盘
2398,13:59:49,7.05,-0.01,6,4230,卖盘
2399,13:59:52,7.05,0.0,1,705,卖盘
2400,13:59:55,7.05,0.0,24,16920,卖盘
2401,14:00:01,7.06,0.01,32,22587,买盘
2402,14:00:04,7.05,-0.01,13,9168,卖盘
2403,14:00:07,7.05,0.0,16,11280,卖盘
2404,14:00:10,7.05,0.0,11,7755,卖盘
2405,14:00:13,7.05,0.0,3,2115,卖盘
2406,14:00:16,7.05,0.0,16,11280,卖盘
2407,14:00:19,7.05,0.0,1,705,卖盘
2408,14:00:21,7.05,0.0,16,11280,卖盘
2409,14:00:24,7.05,0.0,1,705,卖盘
2410,14:00:27,7.05,0.0,3,2115,卖盘
2411,14:00:31,7.05,0.0,1,705,卖盘
2412,14:00:40,7.05,0.0,16,11281,卖盘
2413,14:00:43,7.06,0.01,1,706,买盘
2414,14:00:46,7.05,-0.01,4,2820,卖盘
2415,14:00:49,7.06,0.01,77,54326,买盘
2416,14:00:51,7.05,-0.01,7,4941,卖盘
2417,14:00:55,7.05,0.0,43,30315,卖盘
2418,14:00:58,7.06,0.01,4,2821,买盘
2419,14:01:01,7.06,0.0,39,27525,买盘
2420,14:01:04,7.06,0.0,29,20472,买盘
2421,14:01:07,7.06,0.0,28,19760,买盘
2422,14:01:10,7.06,0.0,6,4231,买盘
2423,14:01:13,7.06,0.0,56,39530,买盘
2424,14:01:16,7.06,0.0,16,11295,买盘
2425,14:01:18,7.05,-0.01,17,11985,卖盘
2426,14:01:21,7.05,0.0,4,2820,卖盘
2427,14:01:24,7.05,0.0,27,19035,卖盘
2428,14:01:28,7.05,0.0,1,705,卖盘
2429,14:01:31,7.05,0.0,6,4231,卖盘
2430,14:01:34,7.05,0.0,15,10575,卖盘
2431,14:01:37,7.05,0.0,2,1410,卖盘
2432,14:01:40,7.05,0.0,20,14100,卖盘
2433,14:01:43,7.06,0.01,20,14120,买盘
2434,14:01:45,7.05,-0.01,8,5642,卖盘
2435,14:01:49,7.05,0.0,4,2820,卖盘
2436,14:01:52,7.05,0.0,6,4230,卖盘
2437,14:01:55,7.05,0.0,9,6345,卖盘
2438,14:01:58,7.05,0.0,8,5641,卖盘
2439,14:02:00,7.05,0.0,13,9165,卖盘
2440,14:02:04,7.05,0.0,14,9870,卖盘
2441,14:02:07,7.05,0.0,9,6345,卖盘
2442,14:02:10,7.06,0.01,6,4234,买盘
2443,14:02:13,7.05,-0.01,4,2820,卖盘
2444,14:02:16,7.05,0.0,2,1411,卖盘
2445,14:02:19,7.05,0.0,1,705,卖盘
2446,14:02:22,7.05,0.0,5,3525,卖盘
2447,14:02:24,7.05,0.0,20,14100,卖盘
2448,14:02:28,7.06,0.01,16,11295,买盘
2449,14:02:31,7.05,-0.01,5,3526,卖盘
2450,14:02:34,7.05,0.0,3,2115,卖盘
2451,14:02:37,7.05,0.0,2,1411,卖盘
2452,14:02:40,7.05,0.0,1,705,卖盘
2453,14:02:43,7.06,0.01,7,4942,买盘
2454,14:02:49,7.05,-0.01,2,1410,卖盘
2455,14:02:52,7.05,0.0,8,5640,卖盘
2456,14:02:55,7.05,0.0,23,16215,卖盘
2457,14:02:57,7.06,0.01,514,362381,买盘
2458,14:03:01,7.05,-0.01,9,6345,卖盘
2459,14:03:04,7.05,0.0,54,38105,卖盘
2460,14:03:07,7.05,0.0,41,28772,买盘
2461,14:03:10,7.05,0.0,17,11520,买盘
2462,14:03:13,7.04,-0.01,12,8462,卖盘
2463,14:03:16,7.04,0.0,4,3069,卖盘
2464,14:03:19,7.04,0.0,3,2196,卖盘
2465,14:03:21,7.04,0.0,2,964,卖盘
2466,14:03:25,7.04,0.0,24,17100,卖盘
2467,14:03:31,7.04,0.0,7,5287,卖盘
2468,14:03:34,7.05,0.01,2,1410,买盘
2469,14:03:37,7.04,-0.01,3,1816,卖盘
2470,14:03:43,7.05,0.01,4,3002,买盘
2471,14:03:46,7.04,-0.01,19,13376,卖盘
2472,14:03:49,7.04,0.0,1,303,卖盘
2473,14:03:52,7.04,0.0,9,6287,卖盘
2474,14:03:55,7.04,0.0,24,16896,卖盘
2475,14:03:57,7.05,0.01,23,16071,买盘
2476,14:04:01,7.05,0.0,8,5929,买盘
2477,14:04:04,7.04,-0.01,6,4330,卖盘
2478,14:04:06,7.04,0.0,47,32914,卖盘
2479,14:04:10,7.04,0.0,1,1112,卖盘
2480,14:04:13,7.05,0.01,21,14632,买盘
2481,14:04:16,7.05,0.0,1,705,买盘
2482,14:04:18,7.04,-0.01,43,30219,卖盘
2483,14:04:21,7.05,0.01,10,7050,买盘
2484,14:04:24,7.04,-0.01,41,28428,卖盘
2485,14:04:28,7.04,0.0,2,1880,卖盘
2486,14:04:30,7.04,0.0,12,8525,卖盘
2487,14:04:33,7.05,0.01,2,1409,买盘
2488,14:04:36,7.04,-0.01,35,24769,卖盘
2489,14:04:40,7.04,0.0,1,77,卖盘
2490,14:04:43,7.04,0.0,10,7484,卖盘
2491,14:04:49,7.05,0.01,58,40364,买盘
2492,14:04:52,7.04,-0.01,1,704,卖盘
2493,14:04:55,7.04,0.0,19,13974,卖盘
2494,14:04:58,7.05,0.01,44,30997,买盘
2495,14:05:00,7.05,0.0,33,23027,买盘
2496,14:05:04,7.04,-0.01,113,79841,卖盘
2497,14:05:07,7.04,0.0,10,7047,卖盘
2498,14:05:10,7.04,0.0,34,23563,卖盘
2499,14:05:12,7.04,0.0,13,9212,卖盘
2500,14:05:16,7.05,0.01,13,9479,买盘
2501,14:05:19,7.05,0.0,8,4973,买盘
2502,14:05:22,7.04,-0.01,3,2323,卖盘
2503,14:05:25,7.04,0.0,2,1837,卖盘
2504,14:05:28,7.04,0.0,24,16396,卖盘
2505,14:05:31,7.04,0.0,1,880,卖盘
2506,14:05:34,7.04,0.0,6,4499,卖盘
2507,14:05:36,7.04,0.0,24,16897,卖盘
2508,14:05:39,7.04,0.0,4,2527,卖盘
2509,14:05:43,7.04,0.0,7,5231,卖盘
2510,14:05:45,7.05,0.01,21,14219,买盘
2511,14:05:48,7.04,-0.01,1,1239,卖盘
2512,14:05:51,7.04,0.0,606,426638,卖盘
2513,14:05:57,7.04,0.0,182,127868,卖盘
2514,14:06:01,7.04,0.0,47,33011,买盘
2515,14:06:04,7.04,0.0,51,35573,卖盘
2516,14:06:07,7.03,-0.01,12,8881,卖盘
2517,14:06:10,7.03,0.0,46,32394,卖盘
2518,14:06:13,7.03,0.0,48,33603,卖盘
2519,14:06:16,7.03,0.0,38,26521,卖盘
2520,14:06:18,7.03,0.0,59,41820,卖盘
2521,14:06:21,7.03,0.0,46,32338,卖盘
2522,14:06:25,7.03,0.0,38,26714,卖盘
2523,14:06:28,7.03,0.0,22,15234,卖盘
2524,14:06:30,7.03,0.0,121,84796,卖盘
2525,14:06:33,7.03,0.0,23,16830,卖盘
2526,14:06:37,7.04,0.01,359,252209,买盘
2527,14:06:40,7.03,-0.01,9,6329,卖盘
2528,14:06:42,7.03,0.0,94,66082,卖盘
2529,14:06:46,7.03,0.0,41,28862,卖盘
2530,14:06:49,7.03,0.0,26,18280,卖盘
2531,14:06:52,7.03,0.0,9,6327,卖盘
2532,14:06:55,7.03,0.0,11,7733,卖盘
2533,14:06:58,7.03,0.0,29,20387,卖盘
2534,14:07:01,7.03,0.0,2,1891,卖盘
2535,14:07:04,7.03,0.0,54,37957,卖盘
2536,14:07:10,7.03,0.0,17,11656,卖盘
2537,14:07:16,7.03,0.0,4,2988,卖盘
2538,14:07:19,7.04,0.01,3,2112,买盘
2539,14:07:22,7.03,-0.01,2,935,卖盘
2540,14:07:24,7.03,0.0,1,900,卖盘
2541,14:07:28,7.03,0.0,73,51468,卖盘
2542,14:07:34,7.03,0.0,15,10545,卖盘
2543,14:07:40,7.03,0.0,3,2109,卖盘
2544,14:07:46,7.03,0.0,2,1407,卖盘
2545,14:07:52,7.03,0.0,19,13357,卖盘
2546,14:07:55,7.03,0.0,2,1406,卖盘
2547,14:07:58,7.03,0.0,7,4921,卖盘
2548,14:08:04,7.03,0.0,32,22526,卖盘
2549,14:08:06,7.04,0.01,50,35200,买盘
2550,14:08:10,7.04,0.0,14,9850,买盘
2551,14:08:12,7.03,-0.01,15,10548,卖盘
2552,14:08:16,7.04,0.01,12,8445,买盘
2553,14:08:19,7.03,-0.01,3,2109,卖盘
2554,14:08:21,7.04,0.01,11,7742,买盘
2555,14:08:25,7.03,-0.01,26,18278,卖盘
2556,14:08:28,7.04,0.01,68,47850,买盘
2557,14:08:31,7.03,-0.01,5,3515,卖盘
2558,14:08:33,7.03,0.0,17,11902,卖盘
2559,14:08:37,7.03,0.0,1,893,卖盘
2560,14:08:40,7.03,0.0,6,4021,卖盘
2561,14:08:43,7.04,0.01,48,33792,买盘
2562,14:08:46,7.03,-0.01,3,2519,卖盘
2563,14:08:49,7.03,0.0,15,10489,卖盘
2564,14:08:52,7.03,0.0,1,703,卖盘
2565,14:08:55,7.03,0.0,14,9490,卖盘
2566,14:08:58,7.03,0.0,22,15466,卖盘
2567,14:09:00,7.03,0.0,6,4478,卖盘
2568,14:09:04,7.03,0.0,6,4330,卖盘
2569,14:09:06,7.03,0.0,2,1040,卖盘
2570,14:09:10,7.03,0.0,2,1821,卖盘
2571,14:09:12,7.04,0.01,22,14861,买盘
2572,14:09:19,7.04,0.01,28,19810,买盘
2573,14:09:22,7.04,0.0,3,2112,买盘
2574,14:09:25,7.04,0.0,29,20239,买盘
2575,14:09:28,7.04,0.0,26,18359,买盘
2576,14:09:31,7.03,-0.01,9,6306,卖盘
2577,14:09:33,7.03,0.0,7,5237,卖盘
2578,14:09:36,7.03,0.0,3,1905,卖盘
2579,14:09:39,7.04,0.01,30,20921,买盘
2580,14:09:42,7.03,-0.01,2,1562,卖盘
2581,14:09:46,7.03,0.0,9,6362,卖盘
2582,14:09:51,7.03,0.0,14,9779,卖盘
2583,14:09:54,7.03,0.0,15,10545,卖盘
2584,14:09:57,7.03,0.0,27,19234,卖盘
2585,14:10:00,7.03,0.0,5,3121,卖盘
2586,14:10:03,7.03,0.0,7,5413,卖盘
2587,14:10:06,7.03,0.0,2,872,卖盘
2588,14:10:10,7.03,0.0,602,423754,卖盘
2589,14:10:13,7.03,0.0,41,28882,卖盘
2590,14:10:15,7.03,0.0,162,113893,卖盘
2591,14:10:22,7.02,-0.01,78,54139,卖盘
2592,14:10:25,7.02,0.0,7,4917,卖盘
2593,14:10:28,7.02,0.0,41,29056,卖盘
2594,14:10:31,7.02,0.0,2,1713,卖盘
2595,14:10:34,7.02,0.0,13,8592,卖盘
2596,14:10:36,7.03,0.01,6,4217,买盘
2597,14:10:39,7.02,-0.01,2,1404,卖盘
2598,14:10:42,7.03,0.01,2,1405,买盘
2599,14:10:45,7.03,0.0,7,4918,买盘
2600,14:10:52,7.02,-0.01,21,14742,卖盘
2601,14:10:57,7.02,0.0,5,3510,卖盘
2602,14:11:04,7.02,0.0,1,702,卖盘
2603,14:11:07,7.03,0.01,1,703,买盘
2604,14:11:22,7.02,-0.01,13,9126,卖盘
2605,14:11:25,7.02,0.0,23,16146,卖盘
2606,14:11:27,7.03,0.01,33,23659,买盘
2607,14:11:31,7.02,-0.01,10,6546,卖盘
2608,14:11:33,7.02,0.0,10,7224,卖盘
2609,14:11:36,7.02,0.0,3,1881,卖盘
2610,14:11:40,7.03,0.01,6,4222,买盘
2611,14:11:43,7.03,0.0,24,17008,买盘
2612,14:11:46,7.02,-0.01,2,1825,卖盘
2613,14:11:49,7.02,0.0,8,5237,卖盘
2614,14:11:51,7.02,0.0,1,744,卖盘
2615,14:11:54,7.02,0.0,11,7554,卖盘
2616,14:11:57,7.02,0.0,24,16876,卖盘
2617,14:12:00,7.02,0.0,3,2183,卖盘
2618,14:12:04,7.02,0.0,7,5188,卖盘
2619,14:12:10,7.02,0.0,3,1930,卖盘
2620,14:12:13,7.02,0.0,2,1404,卖盘
2621,14:12:16,7.03,0.01,17,12119,买盘
2622,14:12:19,7.02,-0.01,1,828,卖盘
2623,14:12:22,7.02,0.0,5,3349,卖盘
2624,14:12:25,7.02,0.0,2,1404,卖盘
2625,14:12:28,7.02,0.0,2,1032,卖盘
2626,14:12:31,7.02,0.0,4,2930,卖盘
2627,14:12:36,7.03,0.01,2,1700,买盘
2628,14:12:43,7.02,-0.01,10,6488,卖盘
2629,14:12:49,7.02,0.0,3,2057,卖盘
2630,14:12:51,7.03,0.01,12,8436,买盘
2631,14:12:55,7.02,-0.01,21,14903,卖盘
2632,14:12:57,7.02,0.0,26,18406,卖盘
2633,14:13:00,7.03,0.01,208,146279,买盘
2634,14:13:04,7.03,0.0,293,205973,买盘
2635,14:13:07,7.02,-0.01,147,103300,卖盘
2636,14:13:09,7.03,0.01,36,25308,买盘
2637,14:13:12,7.03,0.0,39,27388,买盘
2638,14:13:15,7.02,-0.01,8,5616,卖盘
2639,14:13:19,7.03,0.01,24,16865,买盘
2640,14:13:22,7.02,-0.01,2,1404,卖盘
2641,14:13:25,7.02,0.0,5,3511,卖盘
2642,14:13:28,7.03,0.01,34,23902,买盘
2643,14:13:31,7.03,0.0,4,2811,买盘
2644,14:13:34,7.02,-0.01,7,4914,卖盘
2645,14:13:37,7.03,0.01,11,7732,买盘
2646,14:13:39,7.03,0.0,3,2108,买盘
2647,14:13:42,7.02,-0.01,3,2106,卖盘
2648,14:13:46,7.03,0.01,5,3514,买盘
2649,14:13:49,7.03,0.0,3,2108,买盘
2650,14:13:52,7.02,-0.01,1,702,卖盘
2651,14:13:55,7.02,0.0,22,15444,卖盘
2652,14:13:58,7.03,0.01,32,22496,买盘
2653,14:14:01,7.02,-0.01,5,3510,卖盘
2654,14:14:04,7.02,0.0,6,4212,卖盘
2655,14:14:07,7.03,0.01,28,19683,买盘
2656,14:14:09,7.02,-0.01,1,702,卖盘
2657,14:14:12,7.02,0.0,41,28814,卖盘
2658,14:14:18,7.02,0.0,58,40716,卖盘
2659,14:14:21,7.03,0.01,27,18981,买盘
2660,14:14:25,7.02,-0.01,38,26676,卖盘
2661,14:14:28,7.02,0.0,33,23192,卖盘
2662,14:14:31,7.02,0.0,11,7722,卖盘
2663,14:14:34,7.02,0.0,106,74415,卖盘
2664,14:14:37,7.03,0.01,3,2107,买盘
2665,14:14:39,7.02,-0.01,45,31590,卖盘
2666,14:14:43,7.02,0.0,30,21064,卖盘
2667,14:14:46,7.02,0.0,16,11232,卖盘
2668,14:14:49,7.02,0.0,10,7020,卖盘
2669,14:14:52,7.02,0.0,177,124050,卖盘
2670,14:14:55,7.02,0.0,9,6318,卖盘
2671,14:14:58,7.02,0.0,37,25974,卖盘
2672,14:15:01,7.02,0.0,40,28107,卖盘
2673,14:15:04,7.02,0.0,7,4914,卖盘
2674,14:15:07,7.02,0.0,32,22464,卖盘
2675,14:15:10,7.02,0.0,170,119341,卖盘
2676,14:15:13,7.02,0.0,6,4212,卖盘
2677,14:15:16,7.02,0.0,46,32292,卖盘
2678,14:15:18,7.02,0.0,1,702,卖盘
2679,14:15:22,7.02,0.0,9,6318,卖盘
2680,14:15:24,7.02,0.0,69,48438,卖盘
2681,14:15:27,7.02,0.0,1,702,卖盘
2682,14:15:31,7.02,0.0,14,9828,卖盘
2683,14:15:34,7.03,0.01,33,23199,买盘
2684,14:15:36,7.03,0.0,6,4215,买盘
2685,14:15:39,7.03,0.0,27,18955,买盘
2686,14:15:42,7.03,0.0,2,1405,买盘
2687,14:15:46,7.02,-0.01,6,4212,卖盘
2688,14:15:49,7.02,0.0,1,702,卖盘
2689,14:15:52,7.02,0.0,1,702,卖盘
2690,14:15:55,7.02,0.0,23,16146,卖盘
2691,14:15:57,7.03,0.01,6,4218,买盘
2692,14:16:00,7.02,-0.01,5,3510,卖盘
2693,14:16:04,7.02,0.0,1,702,卖盘
2694,14:16:06,7.02,0.0,1,702,卖盘
2695,14:16:13,7.02,0.0,3,2106,卖盘
2696,14:16:16,7.03,0.01,36,25308,买盘
2697,14:16:18,7.03,0.0,10,7030,买盘
2698,14:16:22,7.02,-0.01,7,4914,卖盘
2699,14:16:24,7.02,0.0,29,20358,卖盘
2700,14:16:28,7.02,0.0,2,1404,卖盘
2701,14:16:31,7.02,0.0,6,4212,卖盘
2702,14:16:34,7.03,0.01,31,21783,买盘
2703,14:16:36,7.03,0.0,6,4217,买盘
2704,14:16:40,7.03,0.0,7,4915,买盘
2705,14:16:42,7.02,-0.01,2,1404,卖盘
2706,14:16:45,7.02,0.0,1,702,卖盘
2707,14:16:51,7.02,0.0,42,29484,卖盘
2708,14:16:55,7.02,0.0,2,1404,卖盘
2709,14:16:58,7.02,0.0,8,5616,卖盘
2710,14:17:04,7.02,0.0,2,1404,卖盘
2711,14:17:09,7.03,0.01,23,16169,买盘
2712,14:17:16,7.03,0.0,19,13352,买盘
2713,14:17:22,7.02,-0.01,4,2808,卖盘
2714,14:17:25,7.02,0.0,42,29835,卖盘
2715,14:17:27,7.02,0.0,1,702,卖盘
2716,14:17:31,7.02,0.0,8,5616,卖盘
2717,14:17:37,7.02,0.0,23,16167,卖盘
2718,14:17:40,7.03,0.01,6,4216,买盘
2719,14:17:43,7.03,0.0,8,5619,买盘
2720,14:17:46,7.02,-0.01,24,16851,卖盘
2721,14:17:48,7.03,0.01,4,2811,买盘
2722,14:17:52,7.02,-0.01,5,3510,卖盘
2723,14:17:55,7.03,0.01,34,23882,买盘
2724,14:17:58,7.02,-0.01,23,16146,卖盘
2725,14:18:01,7.02,0.0,7,4914,卖盘
2726,14:18:04,7.02,0.0,228,160056,卖盘
2727,14:18:06,7.02,0.0,2,1404,卖盘
2728,14:18:09,7.03,0.01,60,42135,买盘
2729,14:18:13,7.02,-0.01,49,34423,卖盘
2730,14:18:16,7.02,0.0,12,8424,卖盘
2731,14:18:18,7.02,0.0,10,7020,卖盘
2732,14:18:22,7.02,0.0,2,1404,卖盘
2733,14:18:24,7.02,0.0,6,4212,卖盘
2734,14:18:30,7.02,0.0,2,1404,卖盘
2735,14:18:42,7.02,0.0,29,20378,卖盘
2736,14:18:46,7.03,0.01,2,1406,买盘
2737,14:18:49,7.02,-0.01,6,4212,卖盘
2738,14:18:52,7.03,0.01,3,2109,买盘
2739,14:18:55,7.03,0.0,31,21770,买盘
2740,14:18:58,7.02,-0.01,1,702,卖盘
2741,14:19:01,7.02,0.0,6,4212,卖盘
2742,14:19:04,7.02,0.0,8,5616,卖盘
2743,14:19:07,7.02,0.0,2,1404,卖盘
2744,14:19:10,7.03,0.01,4,2810,买盘
2745,14:19:12,7.02,-0.01,1,702,卖盘
2746,14:19:18,7.03,0.01,112,78724,买盘
2747,14:19:25,7.02,-0.01,42,29504,卖盘
2748,14:19:31,7.02,0.0,9,6319,卖盘
2749,14:19:37,7.02,0.0,2,1404,卖盘
2750,14:19:39,7.03,0.01,22,15466,买盘
2751,14:19:42,7.02,-0.01,1,702,卖盘
2752,14:19:45,7.03,0.01,7,4917,买盘
2753,14:19:52,7.03,0.0,46,32336,买盘
2754,14:19:55,7.03,0.0,26,18278,买盘
2755,14:19:58,7.02,-0.01,111,78022,卖盘
2756,14:20:01,7.02,0.0,5,3510,卖盘
2757,14:20:04,7.02,0.0,32,22464,卖盘
2758,14:20:06,7.02,0.0,1,702,卖盘
2759,14:20:09,7.02,0.0,7,4914,卖盘
2760,14:20:13,7.03,0.01,15,10545,买盘
2761,14:20:15,7.02,-0.01,3,2106,卖盘
2762,14:20:18,7.03,0.01,15,10542,买盘
2763,14:20:21,7.02,-0.01,1,702,卖盘
2764,14:20:25,7.03,0.01,21,14760,买盘
2765,14:20:28,7.02,-0.01,4,2808,卖盘
2766,14:20:31,7.02,0.0,4,2808,卖盘
2767,14:20:34,7.02,0.0,2,1404,卖盘
2768,14:20:37,7.03,0.01,2,1405,买盘
2769,14:20:39,7.03,0.0,20,14060,买盘
2770,14:20:42,7.02,-0.01,1,702,卖盘
2771,14:20:46,7.02,0.0,104,73107,卖盘
2772,14:20:52,7.03,0.01,46,32317,买盘
2773,14:20:58,7.02,-0.01,9,6318,卖盘
2774,14:21:01,7.03,0.01,300,210900,买盘
2775,14:21:04,7.02,-0.01,39,27378,卖盘
2776,14:21:06,7.02,0.0,60,42120,卖盘
2777,14:21:09,7.03,0.01,27,18974,买盘
2778,14:21:13,7.02,-0.01,51,35833,卖盘
2779,14:21:16,7.02,0.0,6,4212,卖盘
2780,14:21:18,7.03,0.01,60,42206,买盘
2781,14:21:21,7.03,0.0,9,6327,卖盘
2782,14:21:24,7.03,0.0,27,18981,卖盘
2783,14:21:27,7.03,0.0,2,1406,卖盘
2784,14:21:31,7.03,0.0,35,24605,卖盘
2785,14:21:37,7.03,0.0,1,703,买盘
2786,14:21:40,7.03,0.0,2,1406,买盘
2787,14:21:43,7.02,-0.01,1,702,卖盘
2788,14:21:49,7.03,0.01,17,11950,买盘
2789,14:21:51,7.03,0.0,7,4921,卖盘
2790,14:21:55,7.03,0.0,8,5624,卖盘
2791,14:21:58,7.03,0.0,14,9842,买盘
2792,14:22:01,7.03,0.0,13,9137,买盘
2793,14:22:04,7.02,-0.01,3,2106,卖盘
2794,14:22:07,7.03,0.01,82,57644,买盘
2795,14:22:09,7.03,0.0,2,1405,买盘
2796,14:22:12,7.03,0.0,17,11935,买盘
2797,14:22:15,7.02,-0.01,4,2808,卖盘
2798,14:22:19,7.02,0.0,11,7725,卖盘
2799,14:22:22,7.02,0.0,1,702,卖盘
2800,14:22:25,7.02,0.0,2,1404,卖盘
2801,14:22:28,7.02,0.0,14,9838,卖盘
2802,14:22:31,7.02,0.0,1,702,卖盘
2803,14:22:34,7.02,0.0,3,2106,卖盘
2804,14:22:43,7.03,0.01,1,703,买盘
2805,14:22:48,7.02,-0.01,1,702,卖盘
2806,14:22:52,7.02,0.0,5,3513,卖盘
2807,14:22:57,7.02,0.0,1,702,卖盘
2808,14:23:19,7.03,0.01,3,2109,买盘
2809,14:23:24,7.03,0.0,21,14762,买盘
2810,14:23:31,7.02,-0.01,4,2808,卖盘
2811,14:23:37,7.02,0.0,1,702,卖盘
2812,14:23:40,7.03,0.01,10,7030,买盘
2813,14:23:43,7.02,-0.01,4,2808,卖盘
2814,14:23:46,7.02,0.0,11,7245,卖盘
2815,14:23:49,7.02,0.0,1,702,卖盘
2816,14:23:52,7.03,0.01,5,3513,买盘
2817,14:23:57,7.02,-0.01,1,702,卖盘
2818,14:24:00,7.02,0.0,1001,702702,卖盘
2819,14:24:07,7.03,0.01,263,184689,买盘
2820,14:24:13,7.03,0.0,64,44939,买盘
2821,14:24:15,7.02,-0.01,2,1404,卖盘
2822,14:24:19,7.02,0.0,32,22464,卖盘
2823,14:24:24,7.02,0.0,6,4212,卖盘
2824,14:24:28,7.02,0.0,4,2808,卖盘
2825,14:24:31,7.02,0.0,2,1404,卖盘
2826,14:24:37,7.02,0.0,1,702,卖盘
2827,14:24:40,7.03,0.01,1,703,买盘
2828,14:24:42,7.03,0.0,19,13348,买盘
2829,14:24:49,7.02,-0.01,6,4212,卖盘
2830,14:24:52,7.03,0.01,4,2812,买盘
2831,14:24:55,7.02,-0.01,36,25272,卖盘
2832,14:24:57,7.03,0.01,4,2811,买盘
2833,14:25:01,7.02,-0.01,7,4914,卖盘
2834,14:25:04,7.02,0.0,1,702,卖盘
2835,14:25:07,7.02,0.0,1,702,卖盘
2836,14:25:09,7.02,0.0,1,702,卖盘
2837,14:25:40,7.02,0.0,1,702,卖盘
2838,14:25:42,7.03,0.01,1,703,买盘
2839,14:25:48,7.02,-0.01,1,702,卖盘
2840,14:25:54,7.02,0.0,47,32994,卖盘
2841,14:25:57,7.03,0.01,3,2109,买盘
2842,14:26:01,7.02,-0.01,9,6318,卖盘
2843,14:26:04,7.02,0.0,1,702,卖盘
2844,14:26:07,7.02,0.0,1,702,卖盘
2845,14:26:10,7.02,0.0,1,702,卖盘
2846,14:26:16,7.02,0.0,3,2106,卖盘
2847,14:26:22,7.02,0.0,1,702,卖盘
2848,14:26:28,7.02,0.0,5,3510,卖盘
2849,14:26:34,7.02,0.0,3,2106,卖盘
2850,14:26:42,7.03,0.01,2,1406,买盘
2851,14:26:49,7.02,-0.01,3,2106,卖盘
2852,14:26:55,7.02,0.0,45,31590,卖盘
2853,14:26:58,7.03,0.01,3,2109,买盘
2854,14:27:00,7.03,0.0,24,16863,买盘
2855,14:27:04,7.02,-0.01,1,702,卖盘
2856,14:27:07,7.02,0.0,5,3510,卖盘
2857,14:27:10,7.03,0.01,1,703,买盘
2858,14:27:13,7.03,0.0,7,4920,买盘
2859,14:27:18,7.03,0.0,23,16167,买盘
2860,14:27:21,7.03,0.0,27,18981,买盘
2861,14:27:25,7.02,-0.01,4,2808,卖盘
2862,14:27:27,7.02,0.0,9,6321,卖盘
2863,14:27:30,7.02,0.0,1000,702000,卖盘
2864,14:27:34,7.02,0.0,12,8434,卖盘
2865,14:27:36,7.02,0.0,127,89709,卖盘
2866,14:27:39,7.02,0.0,16,11232,买盘
2867,14:27:42,7.02,0.0,63,44226,买盘
2868,14:27:45,7.02,0.0,100,70200,买盘
2869,14:27:48,7.02,0.0,72,50544,买盘
2870,14:27:52,7.02,0.0,46,32292,买盘
2871,14:27:55,7.01,-0.01,49,34350,卖盘
2872,14:27:57,7.02,0.01,56,39312,买盘
2873,14:28:01,7.02,0.0,116,81432,买盘
2874,14:28:04,7.02,0.0,47,32994,买盘
2875,14:28:07,7.02,0.0,48,33666,买盘
2876,14:28:10,7.03,0.01,43,30211,买盘
2877,14:28:13,7.02,-0.01,66,46334,卖盘
2878,14:28:16,7.02,0.0,11,7722,卖盘
2879,14:28:19,7.02,0.0,13,9126,卖盘
2880,14:28:22,7.02,0.0,6,4214,卖盘
2881,14:28:25,7.02,0.0,4,2808,卖盘
2882,14:28:28,7.03,0.01,116,81545,买盘
2883,14:28:31,7.02,-0.01,1,702,卖盘
2884,14:28:34,7.03,0.01,34,23879,买盘
2885,14:28:40,7.03,0.0,600,421793,买盘
2886,14:28:43,7.03,0.0,9,6327,买盘
2887,14:28:46,7.02,-0.01,130,91269,卖盘
2888,14:28:49,7.03,0.01,81,56941,买盘
2889,14:28:52,7.03,0.0,60,42168,卖盘
2890,14:28:55,7.03,0.0,44,30943,买盘
2891,14:28:58,7.03,0.0,44,30932,卖盘
2892,14:29:01,7.04,0.01,12,8439,买盘
2893,14:29:04,7.03,-0.01,8,5624,卖盘
2894,14:29:07,7.04,0.01,95,66877,买盘
2895,14:29:10,7.03,-0.01,1,703,卖盘
2896,14:29:13,7.04,0.01,33,23213,买盘
2897,14:29:16,7.04,0.0,50,35199,买盘
2898,14:29:19,7.03,-0.01,6,4218,卖盘
2899,14:29:22,7.04,0.01,82,57718,买盘
2900,14:29:25,7.03,-0.01,1,703,卖盘
2901,14:29:28,7.03,0.0,17,11951,卖盘
2902,14:29:31,7.04,0.01,3,2112,买盘
2903,14:29:34,7.03,-0.01,4,2813,卖盘
2904,14:29:37,7.03,0.0,1,703,卖盘
2905,14:29:40,7.03,0.0,1,703,卖盘
2906,14:29:43,7.04,0.01,5,3520,买盘
2907,14:29:46,7.04,0.0,180,126720,买盘
2908,14:29:49,7.04,0.0,5,3519,买盘
2909,14:29:52,7.04,0.0,38,26716,买盘
2910,14:29:55,7.04,0.0,72,50687,买盘
2911,14:29:57,7.04,0.0,40,28160,卖盘
2912,14:30:01,7.04,0.0,70,49280,卖盘
2913,14:30:04,7.04,0.0,3,2112,买盘
2914,14:30:07,7.03,-0.01,14,9842,卖盘
2915,14:30:09,7.03,0.0,1,703,卖盘
2916,14:30:13,7.03,0.0,3,2109,卖盘
