,time,price,change,volume,amount,type
0,09:25:04,4.56,-0.01,464,211584,卖盘
1,09:30:07,4.57,0.01,97,44670,买盘
2,09:30:10,4.56,-0.01,7,3196,卖盘
3,09:30:13,4.57,0.01,4,1828,买盘
4,09:30:16,4.57,0.0,114,52098,买盘
5,09:30:19,4.56,-0.01,192,87194,卖盘
6,09:30:22,4.57,0.01,107,48883,买盘
7,09:30:25,4.56,-0.01,4,1824,卖盘
8,09:30:28,4.56,0.0,9,4104,买盘
9,09:30:31,4.57,0.01,103,47068,买盘
10,09:30:37,4.56,-0.01,52,23712,卖盘
11,09:30:39,4.57,0.01,63,28791,买盘
12,09:31:07,4.57,0.0,173,79427,买盘
13,09:31:15,4.58,0.01,84,38472,中性盘
14,09:31:22,4.58,0.0,28,12824,买盘
15,09:31:28,4.59,0.01,8,3672,买盘
16,09:31:31,4.58,-0.01,9,4122,中性盘
17,09:31:34,4.58,0.0,5,2290,买盘
18,09:31:37,4.59,0.01,105,48149,买盘
19,09:31:49,4.57,-0.02,32,14624,卖盘
20,09:31:55,4.58,0.01,166,75898,买盘
21,09:31:58,4.57,-0.01,2,914,卖盘
22,09:32:01,4.57,0.0,9,4113,卖盘
23,09:32:04,4.57,0.0,1,457,买盘
24,09:32:06,4.58,0.01,66,30198,买盘
25,09:32:10,4.58,0.0,55,25188,买盘
26,09:32:13,4.58,0.0,2,916,卖盘
27,09:32:15,4.58,0.0,35,16036,卖盘
28,09:32:19,4.58,0.0,9,4122,中性盘
29,09:32:25,4.58,0.0,23,10534,买盘
30,09:32:33,4.58,0.0,35,16030,买盘
31,09:32:37,4.58,0.0,60,27488,买盘
32,09:32:40,4.59,0.01,62,28458,买盘
33,09:32:52,4.58,-0.01,11,5038,卖盘
34,09:32:55,4.58,0.0,1,458,卖盘
35,09:32:58,4.58,0.0,2,916,卖盘
36,09:33:04,4.59,0.01,40,18360,买盘
37,09:33:06,4.59,0.0,7,3213,买盘
38,09:33:19,4.58,-0.01,2,916,卖盘
39,09:33:22,4.58,0.0,5,2290,卖盘
40,09:33:25,4.59,0.01,54,24782,买盘
41,09:33:28,4.58,-0.01,31,14198,卖盘
42,09:33:31,4.58,0.0,20,9160,卖盘
43,09:33:33,4.58,0.0,4,1832,卖盘
44,09:33:36,4.58,0.0,39,17862,卖盘
45,09:33:43,4.58,0.0,25,11450,买盘
46,09:33:49,4.58,0.0,3,1374,买盘
47,09:33:52,4.57,-0.01,3,1371,卖盘
48,09:33:55,4.57,0.0,7,3201,卖盘
49,09:33:58,4.57,0.0,27,12364,卖盘
50,09:34:01,4.58,0.01,73,33434,买盘
51,09:34:04,4.58,0.0,65,29770,卖盘
52,09:34:06,4.58,0.0,1,458,卖盘
53,09:34:09,4.58,0.0,39,17862,卖盘
54,09:34:12,4.58,0.0,39,17862,卖盘
55,09:34:16,4.58,0.0,2,916,卖盘
56,09:34:19,4.58,0.0,21,9618,卖盘
57,09:34:22,4.58,0.0,42,19236,卖盘
58,09:34:25,4.58,0.0,4,1832,卖盘
59,09:34:28,4.58,0.0,82,37556,卖盘
60,09:34:31,4.58,0.0,93,42594,卖盘
61,09:34:33,4.59,0.01,18,8259,买盘
62,09:34:40,4.57,-0.02,4,1828,卖盘
63,09:34:52,4.57,0.0,9,4113,卖盘
64,09:34:55,4.58,0.01,37,16946,买盘
65,09:35:04,4.58,0.0,9,4122,买盘
66,09:35:09,4.58,0.0,2,916,买盘
67,09:35:13,4.57,-0.01,122,55754,卖盘
68,09:35:16,4.57,0.0,17,7769,卖盘
69,09:35:22,4.57,0.0,3,1371,卖盘
70,09:35:24,4.57,0.0,5,2285,卖盘
71,09:35:34,4.58,0.01,5,2290,买盘
72,09:35:37,4.57,-0.01,9,4113,卖盘
73,09:35:43,4.57,0.0,1,457,卖盘
74,09:35:46,4.57,0.0,4,1828,卖盘
75,09:35:49,4.57,0.0,47,21479,卖盘
76,09:35:52,4.57,0.0,11,5027,买盘
77,09:35:54,4.57,0.0,3,1371,买盘
78,09:36:13,4.57,0.0,60,27410,买盘
79,09:36:15,4.57,0.0,4,1828,买盘
80,09:36:22,4.56,-0.01,41,18696,卖盘
81,09:36:28,4.56,0.0,51,23302,卖盘
82,09:36:31,4.56,0.0,11,5016,卖盘
83,09:36:34,4.56,0.0,50,22800,卖盘
84,09:36:37,4.56,0.0,35,15960,卖盘
85,09:36:43,4.56,0.0,48,21888,买盘
86,09:36:46,4.56,0.0,8,3648,卖盘
87,09:36:48,4.56,0.0,16,7296,卖盘
88,09:36:55,4.56,0.0,10,4560,卖盘
89,09:36:58,4.56,0.0,83,37848,卖盘
90,09:37:04,4.57,0.01,48,21936,买盘
91,09:37:07,4.56,-0.01,6,2736,卖盘
92,09:37:10,4.57,0.01,6,2742,买盘
93,09:37:13,4.57,0.0,60,27394,买盘
94,09:37:18,4.57,0.0,1,457,买盘
95,09:37:34,4.56,-0.01,7,3192,卖盘
96,09:37:37,4.57,0.01,27,12332,买盘
97,09:37:39,4.56,-0.01,45,20520,卖盘
98,09:38:04,4.56,0.0,6,2736,卖盘
99,09:38:07,4.56,0.0,6,2736,卖盘
100,09:38:12,4.57,0.01,31,14167,买盘
101,09:38:34,4.56,-0.01,4,1824,卖盘
102,09:38:39,4.56,0.0,2,912,卖盘
103,09:38:58,4.57,0.01,1,457,买盘
104,09:39:01,4.56,-0.01,6,2736,卖盘
105,09:39:04,4.56,0.0,6,2736,卖盘
106,09:39:09,4.57,0.01,57,26005,买盘
107,09:39:13,4.57,0.0,31,14167,买盘
108,09:39:24,4.57,0.0,100,45700,买盘
109,09:39:28,4.56,-0.01,109,49704,卖盘
110,09:39:31,4.57,0.01,7,3199,买盘
111,09:39:34,4.56,-0.01,4,1824,卖盘
112,09:39:37,4.56,0.0,16,7311,卖盘
113,09:39:40,4.56,0.0,1,456,卖盘
114,09:39:43,4.57,0.01,16,7312,买盘
115,09:39:45,4.56,-0.01,30,13680,卖盘
116,09:39:49,4.57,0.01,15,6855,买盘
117,09:39:52,4.58,0.01,1,458,买盘
118,09:39:58,4.57,-0.01,50,22850,卖盘
119,09:40:01,4.57,0.0,47,21479,卖盘
120,09:40:10,4.58,0.01,76,34796,买盘
121,09:40:13,4.58,0.0,31,14198,买盘
122,09:40:19,4.58,0.0,8,3664,买盘
123,09:40:30,4.58,0.0,4,1832,买盘
124,09:40:37,4.57,-0.01,8,3656,卖盘
125,09:40:43,4.57,0.0,11,5027,卖盘
126,09:40:55,4.58,0.01,20,9160,买盘
127,09:40:57,4.58,0.0,20,9160,买盘
128,09:41:01,4.57,-0.01,15,6855,卖盘
129,09:41:07,4.58,0.01,60,27480,买盘
130,09:41:10,4.58,0.0,8,3664,买盘
131,09:41:13,4.58,0.0,33,15145,卖盘
132,09:41:15,4.58,0.0,7,2976,买盘
133,09:41:19,4.58,0.0,23,10533,买盘
134,09:41:22,4.58,0.0,3,1374,买盘
135,09:41:25,4.58,0.0,2,916,买盘
136,09:41:28,4.58,0.0,23,10534,买盘
137,09:41:31,4.57,-0.01,14,6408,卖盘
138,09:41:34,4.57,0.0,6,2742,卖盘
139,09:41:52,4.58,0.01,1,458,买盘
140,09:41:58,4.58,0.0,9,4117,买盘
141,09:42:04,4.58,0.0,12,5496,买盘
142,09:42:12,4.58,0.0,31,14198,买盘
143,09:42:16,4.58,0.0,3,1374,买盘
144,09:42:22,4.58,0.0,2,916,买盘
145,09:42:24,4.57,-0.01,60,27470,卖盘
146,09:42:30,4.58,0.01,41,18778,卖盘
147,09:42:34,4.58,0.0,3,1374,买盘
148,09:42:36,4.58,0.0,1,458,买盘
149,09:42:40,4.58,0.0,2,916,买盘
150,09:42:55,4.57,-0.01,22,10054,卖盘
151,09:42:58,4.57,0.0,10,4570,卖盘
152,09:43:06,4.57,0.0,13,5941,卖盘
153,09:43:09,4.57,0.0,90,41130,卖盘
154,09:43:13,4.58,0.01,31,14198,买盘
155,09:43:16,4.57,-0.01,4,1828,卖盘
156,09:43:25,4.58,0.01,15,6858,买盘
157,09:43:28,4.57,-0.01,3,1371,卖盘
158,09:43:31,4.57,0.0,106,48442,卖盘
159,09:43:33,4.57,0.0,5,2285,中性盘
160,09:43:40,4.56,-0.01,10,4560,卖盘
161,09:43:43,4.57,0.01,15,6855,买盘
162,09:43:55,4.56,-0.01,1,456,卖盘
163,09:44:01,4.56,0.0,13,5928,卖盘
164,09:44:12,4.57,0.01,35,15995,买盘
165,09:44:24,4.56,-0.01,1,456,卖盘
166,09:44:27,4.56,0.0,21,9576,卖盘
167,09:44:31,4.56,0.0,9,4104,卖盘
168,09:44:34,4.56,0.0,40,18240,卖盘
169,09:44:43,4.57,0.01,25,11425,买盘
170,09:44:58,4.56,-0.01,13,5928,卖盘
171,09:45:06,4.56,0.0,43,19608,卖盘
172,09:45:10,4.56,0.0,41,18696,卖盘
173,09:45:13,4.56,0.0,119,54295,卖盘
174,09:45:15,4.56,0.0,270,123120,卖盘
175,09:45:22,4.56,0.0,21,9572,买盘
176,09:45:25,4.55,-0.01,8,3643,卖盘
177,09:45:30,4.55,0.0,9,4095,卖盘
178,09:45:34,4.55,0.0,2,910,卖盘
179,09:45:37,4.55,0.0,36,16380,卖盘
180,09:45:43,4.56,0.01,6,2735,买盘
181,09:45:45,4.55,-0.01,16,7280,卖盘
182,09:45:55,4.55,0.0,4,1820,卖盘
183,09:45:58,4.55,0.0,27,12285,卖盘
184,09:46:00,4.55,0.0,7,3185,卖盘
185,09:46:04,4.55,0.0,1,455,卖盘
186,09:46:06,4.55,0.0,206,93730,卖盘
187,09:46:10,4.55,0.0,19,8645,卖盘
188,09:46:13,4.55,0.0,58,26421,卖盘
189,09:46:16,4.54,-0.01,17,7725,卖盘
190,09:46:22,4.54,0.0,3,1362,卖盘
191,09:46:25,4.54,0.0,87,39502,卖盘
192,09:46:28,4.54,0.0,19,8626,卖盘
193,09:46:31,4.54,0.0,23,10442,卖盘
194,09:46:34,4.55,0.01,55,25025,买盘
195,09:46:36,4.54,-0.01,19,8636,卖盘
196,09:46:55,4.54,0.0,9,4086,卖盘
197,09:46:57,4.54,0.0,8,3632,卖盘
198,09:47:01,4.54,0.0,67,30418,卖盘
199,09:47:04,4.54,0.0,41,18614,卖盘
200,09:47:07,4.55,0.01,49,22250,买盘
201,09:47:10,4.55,0.0,125,56774,买盘
202,09:47:13,4.54,-0.01,63,28602,卖盘
203,09:47:16,4.54,0.0,356,161624,卖盘
204,09:47:19,4.54,0.0,3,1362,买盘
205,09:47:22,4.53,-0.01,12,5436,卖盘
206,09:47:25,4.54,0.01,24,10896,买盘
207,09:47:27,4.54,0.0,5,2266,买盘
208,09:47:30,4.53,-0.01,19,8608,卖盘
209,09:47:36,4.54,0.01,1,454,买盘
210,09:47:49,4.53,-0.01,300,135900,卖盘
211,09:47:55,4.53,0.0,3,1359,卖盘
212,09:47:57,4.53,0.0,9,4077,卖盘
213,09:48:01,4.53,0.0,48,21744,卖盘
214,09:48:04,4.53,0.0,46,20838,卖盘
215,09:48:10,4.53,0.0,28,12684,买盘
216,09:48:22,4.54,0.01,4,1816,买盘
217,09:48:25,4.53,-0.01,109,49377,卖盘
218,09:48:31,4.53,0.0,47,21309,卖盘
219,09:48:37,4.52,-0.01,1,452,卖盘
220,09:48:40,4.53,0.01,95,43035,买盘
221,09:48:49,4.53,0.0,81,36693,买盘
222,09:48:51,4.53,0.0,48,21744,买盘
223,09:48:54,4.52,-0.01,52,23545,卖盘
224,09:48:58,4.53,0.01,50,22650,买盘
225,09:49:01,4.53,0.0,10,4525,买盘
226,09:49:07,4.53,0.0,24,10872,卖盘
227,09:49:13,4.53,0.0,253,114609,买盘
228,09:49:19,4.53,0.0,12,5436,卖盘
229,09:49:22,4.53,0.0,155,70219,卖盘
230,09:49:24,4.53,0.0,170,77010,卖盘
231,09:49:28,4.53,0.0,57,25821,卖盘
232,09:49:31,4.53,0.0,9,4079,卖盘
233,09:49:34,4.53,0.0,65,29445,卖盘
234,09:49:46,4.52,-0.01,1,452,卖盘
235,09:49:55,4.52,0.0,5,2260,卖盘
236,09:49:58,4.52,0.0,6,2712,卖盘
237,09:50:01,4.52,0.0,61,27572,卖盘
238,09:50:04,4.53,0.01,13,5879,买盘
239,09:50:09,4.52,-0.01,518,234138,卖盘
240,09:50:12,4.53,0.01,20,9060,买盘
241,09:50:25,4.52,-0.01,9,4068,卖盘
242,09:50:28,4.52,0.0,8,3616,卖盘
243,09:50:31,4.52,0.0,4,1808,卖盘
244,09:50:37,4.52,0.0,17,7697,卖盘
245,09:50:40,4.52,0.0,7,3168,卖盘
246,09:50:49,4.52,0.0,8,3616,买盘
247,09:50:52,4.52,0.0,90,40680,买盘
248,09:50:54,4.51,-0.01,108,48757,卖盘
249,09:50:58,4.51,0.0,313,141163,卖盘
250,09:51:01,4.51,0.0,5,2255,卖盘
251,09:51:09,4.51,0.0,15,6765,卖盘
252,09:51:16,4.51,0.0,153,69065,卖盘
253,09:51:22,4.51,0.0,341,153791,卖盘
254,09:51:25,4.51,0.0,76,34276,买盘
255,09:51:28,4.51,0.0,14,6310,买盘
256,09:51:31,4.51,0.0,1,451,买盘
257,09:51:34,4.5,-0.01,70,31500,卖盘
258,09:51:40,4.5,0.0,618,278037,卖盘
259,09:51:46,4.5,0.0,327,147213,卖盘
260,09:51:52,4.49,-0.01,10,4492,卖盘
261,09:51:55,4.49,0.0,61,27478,卖盘
262,09:51:58,4.49,0.0,13,5837,卖盘
263,09:52:01,4.5,0.01,53,23850,买盘
264,09:52:04,4.5,0.0,50,22500,卖盘
265,09:52:06,4.5,0.0,62,27925,卖盘
266,09:52:10,4.5,0.0,138,62100,卖盘
267,09:52:13,4.5,0.0,37,16619,中性盘
268,09:52:16,4.51,0.01,550,248031,买盘
269,09:52:19,4.51,0.0,22,9910,买盘
270,09:52:22,4.5,-0.01,142,64039,卖盘
271,09:52:25,4.51,0.01,46,20741,买盘
272,09:52:27,4.5,-0.01,26,11700,中性盘
273,09:52:31,4.5,0.0,41,18451,卖盘
274,09:52:34,4.5,0.0,15,6750,买盘
275,09:52:40,4.51,0.01,49,22099,买盘
276,09:52:43,4.5,-0.01,71,31950,卖盘
277,09:52:46,4.51,0.01,2,902,买盘
278,09:52:55,4.5,-0.01,56,25246,卖盘
279,09:52:58,4.5,0.0,3,1350,卖盘
280,09:53:01,4.5,0.0,9,4050,卖盘
281,09:53:04,4.5,0.0,68,30600,卖盘
282,09:53:07,4.5,0.0,18,8100,卖盘
283,09:53:10,4.5,0.0,221,99450,卖盘
284,09:53:13,4.5,0.0,97,43650,中性盘
285,09:53:19,4.5,0.0,15,6667,买盘
286,09:53:22,4.5,0.0,119,53640,卖盘
287,09:53:25,4.51,0.01,46,20729,买盘
288,09:53:31,4.5,-0.01,12,5389,买盘
289,09:53:34,4.5,0.0,50,22500,卖盘
290,09:53:37,4.5,0.0,6,2700,卖盘
291,09:53:43,4.5,0.0,1,450,卖盘
292,09:53:46,4.5,0.0,21,9450,卖盘
293,09:53:52,4.51,0.01,15,6761,买盘
294,09:53:55,4.5,-0.01,105,47281,卖盘
295,09:54:01,4.5,0.0,27,12150,卖盘
296,09:54:07,4.5,0.0,100,45000,卖盘
297,09:54:10,4.5,0.0,5,2250,买盘
298,09:54:13,4.5,0.0,1,450,买盘
299,09:54:15,4.5,0.0,1,450,买盘
300,09:54:19,4.5,0.0,21,9450,买盘
301,09:54:22,4.5,0.0,101,45450,买盘
302,09:54:24,4.49,-0.01,33,14817,卖盘
303,09:54:27,4.5,0.01,30,13495,买盘
304,09:54:31,4.49,-0.01,10,4491,卖盘
305,09:54:37,4.5,0.01,4,1800,买盘
306,09:54:40,4.49,-0.01,27,12123,卖盘
307,09:54:43,4.5,0.01,3,1350,买盘
308,09:54:46,4.49,-0.01,10,4490,卖盘
309,09:54:51,4.5,0.01,43,19350,买盘
310,09:54:58,4.49,-0.01,11,4939,卖盘
311,09:55:01,4.5,0.01,18,8097,买盘
312,09:55:04,4.49,-0.01,39,17511,卖盘
313,09:55:07,4.5,0.01,286,128700,买盘
314,09:55:10,4.5,0.0,64,28800,卖盘
315,09:55:16,4.5,0.0,2,900,卖盘
316,09:55:19,4.5,0.0,3,1350,卖盘
317,09:55:22,4.5,0.0,487,219150,卖盘
318,09:55:25,4.5,0.0,62,27900,买盘
319,09:55:28,4.49,-0.01,12,5397,卖盘
320,09:55:31,4.5,0.01,13,5838,买盘
321,09:55:36,4.5,0.0,11,4949,买盘
322,09:55:43,4.5,0.0,4,1800,买盘
323,09:55:46,4.49,-0.01,69,30982,卖盘
324,09:55:52,4.5,0.01,75,33750,买盘
325,09:55:54,4.5,0.0,22,9900,卖盘
326,09:55:58,4.5,0.0,15,6750,卖盘
327,09:56:01,4.5,0.0,2,900,卖盘
328,09:56:04,4.51,0.01,893,402653,买盘
329,09:56:06,4.51,0.0,4,1804,卖盘
330,09:56:13,4.5,-0.01,396,178372,卖盘
331,09:56:19,4.52,0.02,2,904,买盘
332,09:56:25,4.52,0.0,5,2260,买盘
333,09:56:28,4.51,-0.01,22,9922,卖盘
334,09:56:30,4.52,0.01,8,3616,买盘
335,09:56:40,4.52,0.0,304,137408,买盘
336,09:56:46,4.52,0.0,22,9944,买盘
337,09:56:54,4.52,0.0,9,4072,卖盘
338,09:56:58,4.53,0.01,18,8140,买盘
339,09:57:13,4.53,0.0,107,48471,买盘
340,09:57:19,4.53,0.0,2,906,买盘
341,09:57:22,4.53,0.0,2,906,买盘
342,09:57:25,4.52,-0.01,26,11768,卖盘
343,09:57:27,4.52,0.0,11,4972,卖盘
344,09:57:34,4.53,0.01,2,906,买盘
345,09:57:37,4.53,0.0,19,8607,买盘
346,09:57:46,4.53,0.0,7,3171,卖盘
347,09:57:52,4.53,0.0,2,906,卖盘
348,09:57:55,4.53,0.0,17,7701,卖盘
349,09:58:01,4.53,0.0,141,63963,买盘
350,09:58:04,4.53,0.0,3,1359,中性盘
351,09:58:06,4.54,0.01,153,69462,买盘
352,09:58:09,4.52,-0.02,297,134747,卖盘
353,09:58:16,4.54,0.02,88,39952,买盘
354,09:58:19,4.55,0.01,3,1363,买盘
355,09:58:22,4.55,0.0,210,95464,买盘
356,09:58:25,4.54,-0.01,4,1816,卖盘
357,09:58:30,4.54,0.0,11,4994,买盘
358,09:58:37,4.57,0.03,200,91095,买盘
359,09:58:52,4.56,-0.01,250,113980,买盘
360,09:58:55,4.54,-0.02,4,1816,卖盘
361,09:58:58,4.56,0.02,6,2728,买盘
362,09:59:01,4.54,-0.02,9,4086,卖盘
363,09:59:15,4.54,0.0,18,8172,卖盘
364,09:59:25,4.53,-0.01,10,4531,卖盘
365,09:59:28,4.53,0.0,7,3171,卖盘
366,09:59:37,4.54,0.01,1,454,中性盘
367,09:59:39,4.55,0.01,10,4550,买盘
368,09:59:52,4.54,-0.01,14,6356,中性盘
369,09:59:55,4.53,-0.01,6,2718,卖盘
370,09:59:58,4.53,0.0,18,8154,卖盘
371,10:00:15,4.53,0.0,20,9060,卖盘
372,10:00:18,4.53,0.0,58,26274,卖盘
373,10:00:25,4.53,0.0,118,53620,卖盘
374,10:00:31,4.53,0.0,10,4530,卖盘
375,10:00:52,4.55,0.02,1,455,买盘
376,10:00:58,4.53,-0.02,26,11800,卖盘
377,10:01:00,4.55,0.02,6,2730,买盘
378,10:01:06,4.55,0.0,15,6799,买盘
379,10:01:22,4.55,0.0,38,17216,买盘
380,10:01:25,4.53,-0.02,3,1359,卖盘
381,10:01:28,4.53,0.0,12,5436,卖盘
382,10:01:55,4.53,0.0,19,8607,卖盘
383,10:01:58,4.53,0.0,11,4983,卖盘
384,10:02:04,4.55,0.02,11,5005,买盘
385,10:02:10,4.54,-0.01,1,454,买盘
386,10:02:12,4.54,0.0,13,5902,买盘
387,10:02:16,4.54,0.0,8,3632,买盘
388,10:02:28,4.53,-0.01,13,5889,卖盘
389,10:02:31,4.54,0.01,2,908,买盘
390,10:02:33,4.54,0.0,1,454,买盘
391,10:02:37,4.53,-0.01,12,5436,卖盘
392,10:02:52,4.53,0.0,2,907,卖盘
393,10:02:55,4.53,0.0,12,5436,卖盘
394,10:02:57,4.53,0.0,7,3171,卖盘
395,10:03:01,4.53,0.0,47,21301,卖盘
396,10:03:04,4.53,0.0,13,5889,卖盘
397,10:03:09,4.54,0.01,58,26332,买盘
398,10:03:13,4.54,0.0,3,1362,卖盘
399,10:03:22,4.55,0.01,120,54564,买盘
400,10:03:28,4.54,-0.01,4,1816,中性盘
401,10:03:31,4.54,0.0,2,908,买盘
402,10:03:33,4.54,0.0,4,1816,买盘
403,10:03:36,4.54,0.0,3,1362,卖盘
404,10:03:40,4.55,0.01,19,8645,买盘
405,10:03:43,4.57,0.02,131,59739,买盘
406,10:03:49,4.54,-0.03,9,4086,卖盘
407,10:03:55,4.55,0.01,1,455,卖盘
408,10:04:04,4.56,0.01,26,11841,买盘
409,10:04:07,4.55,-0.01,1,455,买盘
410,10:04:19,4.55,0.0,1,455,买盘
411,10:04:27,4.54,-0.01,8,3632,卖盘
412,10:04:31,4.54,0.0,11,5001,卖盘
413,10:04:33,4.54,0.0,10,4540,卖盘
414,10:04:40,4.55,0.01,35,15924,买盘
415,10:04:43,4.54,-0.01,1,454,卖盘
416,10:04:46,4.54,0.0,19,8626,卖盘
417,10:05:04,4.53,-0.01,6,2718,卖盘
418,10:05:07,4.54,0.01,23,10429,买盘
419,10:05:10,4.54,0.0,2,907,买盘
420,10:05:25,4.54,0.0,59,26728,买盘
421,10:05:28,4.53,-0.01,8,3624,卖盘
422,10:05:31,4.53,0.0,6,2718,卖盘
423,10:05:36,4.54,0.01,1,454,买盘
424,10:05:49,4.54,0.0,31,14054,买盘
425,10:05:54,4.54,0.0,1,454,买盘
426,10:05:57,4.53,-0.01,14,6342,卖盘
427,10:06:07,4.53,0.0,40,18131,卖盘
428,10:06:19,4.54,0.01,9,4086,买盘
429,10:06:22,4.54,0.0,1,454,买盘
430,10:06:25,4.53,-0.01,48,21748,卖盘
431,10:06:28,4.53,0.0,4,1812,卖盘
432,10:06:31,4.53,0.0,2,907,卖盘
433,10:06:34,4.53,0.0,18,8158,卖盘
434,10:06:36,4.54,0.01,4,1816,买盘
435,10:06:58,4.53,-0.01,7,3175,卖盘
436,10:07:00,4.53,0.0,17,7701,卖盘
437,10:07:04,4.53,0.0,68,30859,卖盘
438,10:07:07,4.53,0.0,18,8170,卖盘
439,10:07:10,4.54,0.01,12,5448,买盘
440,10:07:13,4.54,0.0,1,454,买盘
441,10:07:16,4.54,0.0,283,128445,买盘
442,10:07:19,4.54,0.0,5,2270,买盘
443,10:07:21,4.55,0.01,34,15470,买盘
444,10:07:24,4.54,-0.01,1,454,卖盘
445,10:07:28,4.54,0.0,10,4540,卖盘
446,10:07:31,4.55,0.01,1,455,买盘
447,10:07:34,4.55,0.0,1,455,买盘
448,10:07:46,4.54,-0.01,27,12167,卖盘
449,10:07:55,4.54,0.0,3,1362,卖盘
450,10:07:58,4.54,0.0,1,454,卖盘
451,10:08:01,4.54,0.0,17,7718,卖盘
452,10:08:07,4.55,0.01,175,79625,买盘
453,10:08:10,4.55,0.0,11,5005,买盘
454,10:08:13,4.55,0.0,4,1820,买盘
455,10:08:16,4.55,0.0,2,910,买盘
456,10:08:25,4.54,-0.01,3,1362,卖盘
457,10:08:27,4.55,0.01,1,455,买盘
458,10:08:31,4.54,-0.01,19,8633,卖盘
459,10:08:33,4.55,0.01,1,455,买盘
460,10:08:37,4.55,0.0,19,8645,买盘
461,10:08:43,4.55,0.0,1,455,买盘
462,10:08:58,4.54,-0.01,3,1362,卖盘
463,10:09:01,4.54,0.0,1,454,卖盘
464,10:09:07,4.55,0.01,41,18655,买盘
465,10:09:13,4.55,0.0,23,10475,卖盘
466,10:09:24,4.56,0.01,5,2278,买盘
467,10:09:28,4.55,-0.01,8,3640,卖盘
468,10:09:31,4.55,0.0,12,5460,卖盘
469,10:09:37,4.55,0.0,287,130592,卖盘
470,10:09:40,4.56,0.01,10,4560,买盘
471,10:09:43,4.55,-0.01,10,4550,卖盘
472,10:09:46,4.55,0.0,1,455,买盘
473,10:09:48,4.55,0.0,7,3185,买盘
474,10:09:58,4.54,-0.01,6,2724,卖盘
475,10:10:01,4.54,0.0,6,2724,卖盘
476,10:10:04,4.54,0.0,21,9534,卖盘
477,10:10:06,4.55,0.01,2,910,买盘
478,10:10:31,4.54,-0.01,12,5448,卖盘
479,10:10:37,4.55,0.01,17,7735,买盘
480,10:10:49,4.55,0.0,17,7735,买盘
481,10:10:58,4.55,0.0,15,6824,买盘
482,10:11:01,4.54,-0.01,10,4540,卖盘
483,10:11:04,4.55,0.01,1,455,买盘
484,10:11:06,4.54,-0.01,13,5902,卖盘
485,10:11:10,4.55,0.01,2,910,买盘
486,10:11:13,4.55,0.0,2,910,买盘
487,10:11:16,4.55,0.0,2,910,买盘
488,10:11:19,4.55,0.0,86,39130,买盘
489,10:11:27,4.55,0.0,21,9555,买盘
490,10:11:31,4.55,0.0,12,5460,卖盘
491,10:11:40,4.55,0.0,15,6825,卖盘
492,10:11:58,4.55,0.0,2,910,卖盘
493,10:12:06,4.56,0.01,1,456,买盘
494,10:12:31,4.55,-0.01,12,5460,卖盘
495,10:12:37,4.54,-0.01,34,15466,卖盘
496,10:12:40,4.54,0.0,2,908,卖盘
497,10:12:43,4.54,0.0,300,136200,卖盘
498,10:12:46,4.56,0.02,15,6840,买盘
499,10:12:49,4.55,-0.01,14,6370,卖盘
500,10:12:54,4.54,-0.01,54,24566,卖盘
501,10:13:04,4.55,0.01,9,4089,买盘
502,10:13:13,4.55,0.0,1,455,买盘
503,10:13:30,4.54,-0.01,5,2270,卖盘
504,10:13:34,4.55,0.01,57,25911,买盘
505,10:13:36,4.55,0.0,1,455,卖盘
506,10:13:39,4.55,0.0,69,31395,卖盘
507,10:13:46,4.55,0.0,12,5460,卖盘
508,10:13:48,4.55,0.0,179,81445,卖盘
509,10:13:57,4.55,0.0,1,455,买盘
510,10:14:01,4.54,-0.01,13,5902,卖盘
511,10:14:07,4.54,0.0,9,4086,卖盘
512,10:14:18,4.53,-0.01,1,453,卖盘
513,10:14:31,4.53,0.0,9,4077,卖盘
514,10:14:34,4.53,0.0,12,5436,卖盘
515,10:14:46,4.53,0.0,10,4530,卖盘
516,10:15:01,4.53,0.0,1,453,卖盘
517,10:15:04,4.53,0.0,2,906,卖盘
518,10:15:10,4.54,0.01,33,14958,买盘
519,10:15:34,4.53,-0.01,14,6342,卖盘
520,10:15:58,4.54,0.01,3,1362,买盘
521,10:16:01,4.53,-0.01,15,6795,卖盘
522,10:16:06,4.54,0.01,15,6805,买盘
523,10:16:28,4.54,0.0,7,3178,买盘
524,10:16:31,4.53,-0.01,5,2265,卖盘
525,10:16:34,4.53,0.0,12,5436,卖盘
526,10:16:37,4.54,0.01,3,1362,买盘
527,10:16:40,4.53,-0.01,21,9513,卖盘
528,10:16:43,4.54,0.01,20,9080,买盘
529,10:16:49,4.54,0.0,54,24516,买盘
530,10:16:55,4.54,0.0,13,5902,卖盘
531,10:16:58,4.54,0.0,6,2724,买盘
532,10:17:01,4.54,0.0,4,1816,卖盘
533,10:17:07,4.54,0.0,19,8626,卖盘
534,10:17:10,4.54,0.0,17,7718,卖盘
535,10:17:31,4.53,-0.01,13,5889,卖盘
536,10:17:37,4.54,0.01,3,1362,买盘
537,10:17:55,4.54,0.0,1,454,买盘
538,10:17:58,4.54,0.0,2,908,买盘
539,10:18:07,4.54,0.0,16,7249,买盘
540,10:18:13,4.53,-0.01,9,4077,卖盘
541,10:18:16,4.54,0.01,10,4540,买盘
542,10:18:31,4.53,-0.01,19,8607,卖盘
543,10:18:37,4.53,0.0,17,7701,卖盘
544,10:18:39,4.53,0.0,46,20838,卖盘
545,10:18:46,4.53,0.0,51,23103,卖盘
546,10:18:49,4.54,0.01,19,8608,买盘
547,10:18:52,4.53,-0.01,10,4530,卖盘
548,10:18:58,4.54,0.01,3,1360,买盘
549,10:19:00,4.52,-0.02,4,1808,卖盘
550,10:19:04,4.52,0.0,47,21244,卖盘
551,10:19:07,4.54,0.02,9,4079,买盘
552,10:19:12,4.54,0.0,3,1360,买盘
553,10:19:28,4.52,-0.02,19,8588,卖盘
554,10:19:34,4.52,0.0,16,7232,卖盘
555,10:19:40,4.53,0.01,45,20385,中性盘
556,10:19:45,4.54,0.01,21,9514,买盘
557,10:19:48,4.54,0.0,19,8626,买盘
558,10:19:51,4.54,0.0,35,15866,买盘
559,10:19:55,4.54,0.0,11,4994,买盘
560,10:19:57,4.54,0.0,15,6810,买盘
561,10:20:01,4.53,-0.01,16,7261,卖盘
562,10:20:04,4.54,0.01,4,1816,买盘
563,10:20:07,4.54,0.0,25,11350,买盘
564,10:20:10,4.54,0.0,21,9534,买盘
565,10:20:12,4.54,0.0,6,2724,买盘
566,10:20:16,4.53,-0.01,30,13590,卖盘
567,10:20:19,4.54,0.01,1,454,买盘
568,10:20:21,4.53,-0.01,4,1812,卖盘
569,10:20:25,4.52,-0.01,59,26718,卖盘
570,10:20:30,4.52,0.0,8,3630,卖盘
571,10:20:33,4.52,0.0,12,5424,卖盘
572,10:20:39,4.52,0.0,45,20340,卖盘
573,10:20:42,4.54,0.02,1,454,买盘
574,10:20:45,4.54,0.0,3,1362,买盘
575,10:21:04,4.53,-0.01,2,906,卖盘
576,10:21:10,4.54,0.01,10,4540,买盘
577,10:21:21,4.54,0.0,3,1362,买盘
578,10:21:25,4.53,-0.01,10,4530,卖盘
579,10:21:30,4.53,0.0,23,10419,卖盘
580,10:21:34,4.53,0.0,12,5436,卖盘
581,10:21:40,4.54,0.01,53,24015,买盘
582,10:21:46,4.53,-0.01,4,1812,卖盘
583,10:21:49,4.54,0.01,20,9080,买盘
584,10:21:52,4.53,-0.01,40,18120,卖盘
585,10:21:58,4.54,0.01,3,1362,买盘
586,10:22:04,4.53,-0.01,1,453,卖盘
587,10:22:07,4.54,0.01,1,454,买盘
588,10:22:19,4.54,0.0,3,1362,买盘
589,10:22:25,4.54,0.0,11,4994,买盘
590,10:22:31,4.52,-0.02,53,24007,卖盘
591,10:22:37,4.53,0.01,14,6342,买盘
592,10:22:40,4.52,-0.01,45,20346,卖盘
593,10:22:52,4.52,0.0,2,904,卖盘
594,10:22:55,4.52,0.0,10,4520,卖盘
595,10:22:58,4.53,0.01,3,1359,买盘
596,10:23:01,4.52,-0.01,36,16272,卖盘
597,10:23:07,4.53,0.01,10,4530,买盘
598,10:23:19,4.53,0.0,58,26233,买盘
599,10:23:24,4.5,-0.03,867,390831,卖盘
600,10:23:30,4.51,0.01,19,8569,卖盘
601,10:23:34,4.53,0.02,15,6754,买盘
602,10:23:39,4.5,-0.03,46,20707,卖盘
603,10:23:49,4.51,0.01,24,10824,中性盘
604,10:23:55,4.52,0.01,3,1356,买盘
605,10:24:01,4.51,-0.01,130,58630,卖盘
606,10:24:04,4.51,0.0,1,451,卖盘
607,10:24:07,4.53,0.02,10,4526,买盘
608,10:24:12,4.52,-0.01,3,1356,买盘
609,10:24:31,4.52,0.0,1,452,买盘
610,10:24:34,4.51,-0.01,22,9932,卖盘
611,10:24:40,4.51,0.0,46,20746,卖盘
612,10:24:46,4.52,0.01,16,7232,买盘
613,10:24:49,4.51,-0.01,40,18040,卖盘
614,10:24:58,4.52,0.01,2,904,买盘
615,10:25:04,4.51,-0.01,18,8118,卖盘
616,10:25:07,4.52,0.01,1,452,买盘
617,10:25:10,4.52,0.0,9,4068,买盘
618,10:25:27,4.52,0.0,1,452,买盘
619,10:25:33,4.51,-0.01,21,9471,卖盘
620,10:25:39,4.51,0.0,51,23006,卖盘
621,10:25:46,4.52,0.01,3,1356,买盘
622,10:25:52,4.51,-0.01,35,15785,卖盘
623,10:25:58,4.52,0.01,3,1356,买盘
624,10:26:04,4.51,-0.01,22,9922,卖盘
625,10:26:07,4.52,0.01,1,452,买盘
626,10:26:10,4.52,0.0,9,4068,买盘
627,10:26:18,4.51,-0.01,58,26175,卖盘
628,10:26:30,4.52,0.01,10,4520,买盘
629,10:26:34,4.51,-0.01,23,10373,卖盘
630,10:26:40,4.51,0.0,54,24363,卖盘
631,10:26:46,4.51,0.0,20,9020,卖盘
632,10:26:51,4.51,0.0,35,15785,卖盘
633,10:26:57,4.52,0.01,3,1356,买盘
634,10:27:04,4.51,-0.01,26,11726,卖盘
635,10:27:10,4.52,0.01,9,4068,买盘
636,10:27:21,4.52,0.0,7,3164,买盘
637,10:27:25,4.52,0.0,3,1356,买盘
638,10:27:34,4.51,-0.01,23,10373,卖盘
639,10:27:37,4.52,0.01,24,10848,买盘
640,10:27:40,4.51,-0.01,45,20295,卖盘
641,10:27:45,4.51,0.0,35,15785,卖盘
642,10:27:49,4.52,0.01,17,7684,买盘
643,10:27:51,4.52,0.0,57,25723,买盘
644,10:27:58,4.52,0.0,3,1356,买盘
645,10:28:01,4.52,0.0,20,9040,买盘
646,10:28:04,4.51,-0.01,27,12177,卖盘
647,10:28:07,4.52,0.01,10,4529,中性盘
648,10:28:10,4.53,0.01,18,8154,买盘
649,10:28:19,4.52,-0.01,13,5883,中性盘
650,10:28:34,4.51,-0.01,16,7216,卖盘
651,10:28:40,4.51,0.0,46,20746,卖盘
652,10:28:49,4.52,0.01,1,452,卖盘
653,10:28:55,4.52,0.0,11,4972,买盘
654,10:28:58,4.52,0.0,2,904,卖盘
655,10:29:01,4.52,0.0,4,1808,中性盘
656,10:29:06,4.51,-0.01,19,8579,卖盘
657,10:29:10,4.52,0.01,9,4068,买盘
658,10:29:13,4.52,0.0,17,7684,买盘
659,10:29:16,4.52,0.0,23,10396,买盘
660,10:29:19,4.51,-0.01,40,18040,卖盘
661,10:29:25,4.52,0.01,25,11300,买盘
662,10:29:28,4.52,0.0,100,45200,买盘
663,10:29:31,4.51,-0.01,6,2706,卖盘
664,10:29:34,4.51,0.0,12,5412,卖盘
665,10:29:40,4.51,0.0,548,247149,卖盘
666,10:29:45,4.51,0.0,3,1353,卖盘
667,10:29:52,4.52,0.01,36,16272,买盘
668,10:29:55,4.52,0.0,62,28024,买盘
669,10:29:58,4.52,0.0,46,20829,卖盘
670,10:30:04,4.51,-0.01,136,61336,卖盘
671,10:30:07,4.52,0.01,9,4068,买盘
672,10:30:12,4.52,0.0,1,452,买盘
673,10:30:21,4.52,0.0,4,1808,买盘
674,10:30:33,4.5,-0.02,13,5850,卖盘
675,10:30:37,4.52,0.02,1,452,买盘
676,10:30:40,4.5,-0.02,3,1350,卖盘
677,10:30:43,4.5,0.0,46,20700,卖盘
678,10:30:57,4.51,0.01,14,6314,卖盘
679,10:31:01,4.51,0.0,6,2706,买盘
680,10:31:04,4.5,-0.01,211,95144,卖盘
681,10:31:07,4.51,0.01,1,451,买盘
682,10:31:10,4.51,0.0,10,4510,买盘
683,10:31:34,4.5,-0.01,68,30652,卖盘
684,10:31:37,4.51,0.01,6,2705,中性盘
685,10:31:43,4.51,0.0,49,22099,买盘
686,10:31:48,4.51,0.0,47,21197,卖盘
687,10:31:55,4.56,0.05,3000,1365350,买盘
688,10:32:04,4.51,-0.05,17,7667,卖盘
689,10:32:10,4.55,0.04,8,3639,买盘
690,10:32:19,4.51,-0.04,10,4510,卖盘
691,10:32:34,4.52,0.01,19,8588,卖盘
692,10:32:43,4.52,0.0,47,21244,卖盘
693,10:32:55,4.52,0.0,3,1356,卖盘
694,10:33:04,4.52,0.0,20,9040,卖盘
695,10:33:07,4.53,0.01,3,1357,买盘
696,10:33:10,4.53,0.0,11,4983,买盘
697,10:33:34,4.52,-0.01,22,9944,卖盘
698,10:33:36,4.53,0.01,47,21257,买盘
699,10:33:43,4.52,-0.01,46,20792,卖盘
700,10:33:48,4.52,0.0,41,18532,卖盘
701,10:34:04,4.52,0.0,28,12664,卖盘
702,10:34:06,4.53,0.01,10,4530,买盘
703,10:34:19,4.53,0.0,29,13137,买盘
704,10:34:24,4.53,0.0,1,453,卖盘
705,10:34:33,4.53,0.0,26,11791,卖盘
706,10:34:43,4.53,0.0,45,20385,卖盘
707,10:34:48,4.53,0.0,4,1812,卖盘
708,10:34:51,4.53,0.0,1,453,卖盘
709,10:34:58,4.53,0.0,51,23103,卖盘
710,10:35:04,4.53,0.0,4,1812,卖盘
711,10:35:07,4.53,0.0,3,1359,卖盘
712,10:35:09,4.53,0.0,47,21300,卖盘
713,10:35:12,4.53,0.0,1,453,卖盘
714,10:35:15,4.54,0.01,16,7262,买盘
715,10:35:18,4.52,-0.02,41,18532,卖盘
716,10:35:22,4.53,0.01,8,3624,买盘
717,10:35:34,4.53,0.0,50,22650,买盘
718,10:35:37,4.53,0.0,3,1359,卖盘
719,10:35:43,4.53,0.0,57,25821,卖盘
720,10:35:58,4.53,0.0,12,5436,买盘
721,10:36:04,4.52,-0.01,6,2712,卖盘
722,10:36:07,4.52,0.0,7,3165,卖盘
723,10:36:10,4.52,0.0,36,16291,卖盘
724,10:36:34,4.52,0.0,18,8136,卖盘
725,10:36:40,4.52,0.0,61,27592,卖盘
726,10:36:43,4.51,-0.01,47,21232,卖盘
727,10:36:46,4.53,0.02,17,7701,买盘
728,10:37:07,4.52,-0.01,11,4973,卖盘
729,10:37:10,4.52,0.0,21,9501,卖盘
730,10:37:16,4.51,-0.01,55,24810,卖盘
731,10:37:34,4.51,0.0,12,5412,卖盘
732,10:37:37,4.51,0.0,3,1353,卖盘
733,10:37:40,4.52,0.01,39,17628,买盘
734,10:37:43,4.51,-0.01,46,20746,卖盘
735,10:37:46,4.52,0.01,30,13560,买盘
736,10:37:52,4.52,0.0,4,1808,买盘
737,10:37:55,4.52,0.0,42,18984,买盘
738,10:37:58,4.53,0.01,7,3171,买盘
739,10:38:01,4.54,0.01,13,5893,买盘
740,10:38:10,4.52,-0.02,22,9962,卖盘
741,10:38:13,4.54,0.02,11,4974,买盘
742,10:38:16,4.52,-0.02,10,4520,中性盘
743,10:38:31,4.52,0.0,2,904,卖盘
744,10:38:34,4.52,0.0,1,452,卖盘
745,10:38:36,4.52,0.0,10,4520,买盘
746,10:38:40,4.52,0.0,1,452,买盘
747,10:38:43,4.52,0.0,45,20340,卖盘
748,10:39:06,4.53,0.01,2,905,买盘
749,10:39:09,4.52,-0.01,30,13568,卖盘
750,10:39:34,4.52,0.0,12,5424,卖盘
751,10:39:40,4.52,0.0,2,904,卖盘
752,10:39:43,4.52,0.0,53,23956,卖盘
753,10:39:49,4.53,0.01,20,9054,买盘
754,10:39:52,4.52,-0.01,46,20752,买盘
755,10:39:55,4.52,0.0,50,22600,买盘
756,10:39:58,4.53,0.01,12,5436,买盘
757,10:40:00,4.53,0.0,12,5436,买盘
758,10:40:04,4.53,0.0,13,5889,买盘
759,10:40:07,4.52,-0.01,14,6340,卖盘
760,10:40:09,4.52,0.0,28,12666,卖盘
761,10:40:33,4.52,0.0,4,1808,卖盘
762,10:40:37,4.52,0.0,1,452,买盘
763,10:40:40,4.52,0.0,8,3616,买盘
764,10:40:43,4.51,-0.01,47,21198,卖盘
765,10:40:46,4.52,0.01,1,452,买盘
766,10:41:00,4.51,-0.01,9,4059,卖盘
767,10:41:06,4.52,0.01,9,4068,买盘
768,10:41:09,4.51,-0.01,17,7667,卖盘
769,10:41:16,4.52,0.01,17,7684,买盘
770,10:41:22,4.51,-0.01,41,18491,卖盘
771,10:41:30,4.51,0.0,12,5412,卖盘
772,10:41:33,4.51,0.0,12,5412,卖盘
773,10:41:43,4.51,0.0,84,37884,卖盘
774,10:42:00,4.52,0.01,57,25753,买盘
775,10:42:04,4.52,0.0,148,66896,卖盘
776,10:42:07,4.52,0.0,1,452,买盘
777,10:42:10,4.52,0.0,28,12637,买盘
778,10:42:13,4.51,-0.01,8,3608,卖盘
779,10:42:16,4.52,0.01,20,9040,买盘
780,10:42:31,4.51,-0.01,1,451,卖盘
781,10:42:34,4.51,0.0,15,6765,卖盘
782,10:42:37,4.52,0.01,11,4972,买盘
783,10:42:42,4.51,-0.01,47,21197,卖盘
784,10:42:49,4.51,0.0,52,23469,卖盘
785,10:42:51,4.51,0.0,41,18491,卖盘
786,10:42:58,4.52,0.01,13,5876,买盘
787,10:43:00,4.51,-0.01,40,18040,卖盘
788,10:43:03,4.51,0.0,4,1804,卖盘
789,10:43:07,4.52,0.01,9,4068,买盘
790,10:43:09,4.51,-0.01,17,7667,卖盘
791,10:43:13,4.52,0.01,4,1808,买盘
792,10:43:22,4.52,0.0,45,20340,买盘
793,10:43:33,4.51,-0.01,12,5412,卖盘
794,10:43:37,4.51,0.0,1,451,卖盘
795,10:43:42,4.51,0.0,45,20295,卖盘
796,10:44:01,4.51,0.0,44,19844,卖盘
797,10:44:07,4.52,0.01,1,452,买盘
798,10:44:10,4.51,-0.01,17,7667,卖盘
799,10:44:18,4.52,0.01,17,7684,买盘
800,10:44:22,4.51,-0.01,81,36531,卖盘
801,10:44:33,4.51,0.0,12,5412,卖盘
802,10:44:43,4.51,0.0,84,37884,卖盘
803,10:44:46,4.51,0.0,10,4510,卖盘
804,10:45:01,4.51,0.0,8,3608,卖盘
805,10:45:04,4.51,0.0,2,902,卖盘
806,10:45:06,4.52,0.01,10,4520,买盘
807,10:45:09,4.51,-0.01,2,902,卖盘
808,10:45:21,4.51,0.0,5,2255,卖盘
809,10:45:33,4.51,0.0,25,11275,卖盘
810,10:45:37,4.51,0.0,5,2255,卖盘
811,10:45:40,4.5,-0.01,35,15782,卖盘
812,10:45:46,4.51,0.01,63,28366,买盘
813,10:45:49,4.51,0.0,3,1353,买盘
814,10:45:52,4.5,-0.01,41,18450,卖盘
815,10:45:54,4.52,0.02,13,5868,买盘
816,10:45:58,4.52,0.0,5,2260,买盘
817,10:46:04,4.5,-0.02,1,450,卖盘
818,10:46:07,4.51,0.01,9,4059,卖盘
819,10:46:10,4.52,0.01,8,3616,买盘
820,10:46:34,4.51,-0.01,16,7216,卖盘
821,10:46:46,4.51,0.0,45,20295,卖盘
822,10:47:04,4.51,0.0,1,451,卖盘
823,10:47:07,4.53,0.02,27,12195,买盘
824,10:47:16,4.52,-0.01,10,4520,买盘
825,10:47:22,4.51,-0.01,26,11726,卖盘
826,10:47:28,4.51,0.0,10,4510,买盘
827,10:47:33,4.5,-0.01,17,7656,卖盘
828,10:47:36,4.51,0.01,1,451,中性盘
829,10:47:39,4.51,0.0,1,451,买盘
830,10:47:42,4.5,-0.01,56,25210,卖盘
831,10:47:46,4.51,0.01,1,451,买盘
832,10:47:51,4.51,0.0,12,5412,买盘
833,10:48:06,4.52,0.01,1,452,买盘
834,10:48:10,4.52,0.0,10,4520,买盘
835,10:48:34,4.51,-0.01,12,5412,卖盘
836,10:48:39,4.51,0.0,84,37884,卖盘
837,10:48:42,4.5,-0.01,56,25211,卖盘
838,10:48:48,4.51,0.01,20,9020,买盘
839,10:48:51,4.5,-0.01,5,2250,卖盘
840,10:49:04,4.5,0.0,2,900,卖盘
841,10:49:09,4.51,0.01,9,4059,买盘
842,10:49:18,4.51,0.0,32,14432,买盘
843,10:49:21,4.51,0.0,2,902,卖盘
844,10:49:34,4.51,0.0,15,6765,卖盘
845,10:49:37,4.52,0.01,14,6327,买盘
846,10:49:45,4.51,-0.01,45,20295,卖盘
847,10:49:51,4.51,0.0,12,5423,卖盘
848,10:49:58,4.51,0.0,72,32481,卖盘
849,10:50:04,4.5,-0.01,14,6312,卖盘
850,10:50:07,4.51,0.01,1,451,买盘
851,10:50:10,4.51,0.0,25,11275,买盘
852,10:50:13,4.51,0.0,16,7216,买盘
853,10:50:16,4.51,0.0,34,15334,买盘
854,10:50:19,4.5,-0.01,42,18901,卖盘
855,10:50:21,4.5,0.0,25,11274,卖盘
856,10:50:24,4.51,0.01,22,9922,买盘
857,10:50:27,4.51,0.0,35,15785,买盘
858,10:50:30,4.51,0.0,25,11275,买盘
859,10:50:33,4.51,0.0,55,24792,买盘
860,10:50:36,4.51,0.0,12,5412,买盘
861,10:50:40,4.51,0.0,28,12628,买盘
862,10:50:43,4.51,0.0,1,451,买盘
863,10:50:46,4.5,-0.01,47,21152,卖盘
864,10:50:49,4.51,0.01,31,13981,买盘
865,10:50:52,4.51,0.0,11,4961,卖盘
866,10:50:55,4.51,0.0,3,1353,买盘
867,10:51:00,4.5,-0.01,5,2250,卖盘
868,10:51:04,4.5,0.0,1,450,卖盘
869,10:51:13,4.51,0.01,116,52316,买盘
870,10:51:34,4.51,0.0,12,5412,卖盘
871,10:51:46,4.51,0.0,47,21197,卖盘
872,10:52:07,4.53,0.02,10,4530,买盘
873,10:52:13,4.51,-0.02,5,2255,卖盘
874,10:52:22,4.51,0.0,1,451,卖盘
875,10:52:34,4.51,0.0,47,21197,卖盘
876,10:52:46,4.51,0.0,45,20295,卖盘
877,10:52:52,4.51,0.0,1,451,卖盘
878,10:52:58,4.5,-0.01,32,14427,卖盘
879,10:53:04,4.51,0.01,8,3609,中性盘
880,10:53:07,4.52,0.01,2,903,买盘
881,10:53:13,4.52,0.0,9,4068,买盘
882,10:53:15,4.52,0.0,30,13555,买盘
883,10:53:21,4.51,-0.01,1,451,卖盘
884,10:53:34,4.51,0.0,1,451,卖盘
885,10:53:43,4.51,0.0,25,11275,买盘
886,10:53:46,4.5,-0.01,238,107190,卖盘
887,10:53:49,4.51,0.01,3,1353,卖盘
888,10:53:51,4.51,0.0,1,451,卖盘
889,10:53:54,4.52,0.01,41,18502,买盘
890,10:54:04,4.5,-0.02,1,450,卖盘
891,10:54:07,4.52,0.02,20,9032,买盘
892,10:54:21,4.5,-0.02,5,2250,卖盘
893,10:54:25,4.51,0.01,15,6765,买盘
894,10:54:31,4.51,0.0,1,451,买盘
895,10:54:34,4.5,-0.01,44,19805,卖盘
896,10:54:37,4.5,0.0,5,2252,卖盘
897,10:54:39,4.51,0.01,1,451,买盘
898,10:54:43,4.51,0.0,1,451,买盘
899,10:54:46,4.51,0.0,46,20701,买盘
900,10:54:49,4.51,0.0,1,451,买盘
901,10:55:01,4.51,0.0,3,1353,买盘
902,10:55:07,4.51,0.0,1,451,买盘
903,10:55:10,4.51,0.0,45,20295,买盘
904,10:55:28,4.51,0.0,5,2255,卖盘
905,10:55:33,4.51,0.0,16,7216,卖盘
906,10:55:39,4.51,0.0,9,4059,买盘
907,10:55:45,4.5,-0.01,46,20700,卖盘
908,10:55:52,4.5,0.0,1,450,卖盘
909,10:56:04,4.5,0.0,1200,540000,卖盘
910,10:56:06,4.5,0.0,12,5401,卖盘
911,10:56:10,4.5,0.0,6,2700,卖盘
912,10:56:28,4.5,0.0,10,4500,卖盘
913,10:56:31,4.5,0.0,5,2250,卖盘
914,10:56:34,4.5,0.0,39,17550,卖盘
915,10:56:37,4.5,0.0,431,193950,卖盘
916,10:56:43,4.49,-0.01,1,449,卖盘
917,10:56:46,4.49,0.0,45,20205,卖盘
918,10:56:52,4.5,0.01,4,1798,买盘
919,10:57:04,4.5,0.0,55,24750,买盘
920,10:57:06,4.49,-0.01,8,3592,卖盘
921,10:57:10,4.5,0.01,9,4050,买盘
922,10:57:16,4.49,-0.01,10,4490,卖盘
923,10:57:22,4.49,0.0,7,3143,卖盘
924,10:57:34,4.49,0.0,36,16164,卖盘
925,10:57:37,4.49,0.0,2,898,卖盘
926,10:57:40,4.49,0.0,31,13919,卖盘
927,10:57:43,4.49,0.0,5,2245,卖盘
928,10:57:46,4.49,0.0,45,20205,卖盘
929,10:58:01,4.5,0.01,1,450,买盘
930,10:58:04,4.49,-0.01,186,83514,卖盘
931,10:58:06,4.5,0.01,12,5399,买盘
932,10:58:12,4.5,0.0,1,450,买盘
933,10:58:31,4.5,0.0,30,13500,买盘
934,10:58:36,4.49,-0.01,32,14368,卖盘
935,10:58:42,4.5,0.01,1,450,买盘
936,10:58:46,4.49,-0.01,51,22899,卖盘
937,10:59:01,4.49,0.0,31,13919,卖盘
938,10:59:04,4.49,0.0,11,4939,卖盘
939,10:59:07,4.49,0.0,1,449,卖盘
940,10:59:12,4.5,0.01,9,4050,买盘
941,10:59:16,4.5,0.0,10,4500,买盘
942,10:59:33,4.49,-0.01,27,12123,卖盘
943,10:59:36,4.49,0.0,3,1347,卖盘
944,10:59:46,4.49,0.0,45,20205,卖盘
945,10:59:51,4.49,0.0,52,23348,卖盘
946,10:59:58,4.49,0.0,27,12123,卖盘
947,11:00:04,4.5,0.01,1,450,买盘
948,11:00:07,4.49,-0.01,10,4493,卖盘
949,11:00:10,4.5,0.01,9,4050,买盘
950,11:00:16,4.49,-0.01,266,119434,卖盘
951,11:00:27,4.49,0.0,134,60166,买盘
952,11:00:31,4.49,0.0,50,22450,买盘
953,11:00:34,4.48,-0.01,27,12096,卖盘
954,11:00:36,4.48,0.0,1,448,卖盘
955,11:00:40,4.49,0.01,34,15266,买盘
956,11:00:43,4.49,0.0,48,21552,买盘
957,11:00:46,4.48,-0.01,45,20177,卖盘
958,11:00:58,4.5,0.02,14,6290,买盘
959,11:01:01,4.5,0.0,151,67950,买盘
960,11:01:04,4.5,0.0,9,4050,卖盘
961,11:01:09,4.5,0.0,9,4050,买盘
962,11:01:25,4.5,0.0,2,900,买盘
963,11:01:28,4.5,0.0,2,900,买盘
964,11:01:34,4.49,-0.01,27,12123,卖盘
965,11:01:37,4.5,0.01,34,15300,买盘
966,11:01:42,4.5,0.0,16,7200,卖盘
967,11:01:46,4.49,-0.01,47,21103,卖盘
968,11:02:00,4.49,0.0,7,3145,卖盘
969,11:02:06,4.5,0.01,2,900,卖盘
970,11:02:09,4.49,-0.01,33,14843,卖盘
971,11:02:19,4.5,0.01,2,900,买盘
972,11:02:22,4.5,0.0,26,11700,买盘
973,11:02:34,4.49,-0.01,27,12123,卖盘
974,11:02:37,4.49,0.0,24,10776,卖盘
975,11:02:46,4.49,0.0,46,20654,卖盘
976,11:03:06,4.5,0.01,9,4050,买盘
977,11:03:12,4.49,-0.01,5,2245,卖盘
978,11:03:34,4.49,0.0,27,12123,卖盘
979,11:03:37,4.5,0.01,71,31949,买盘
980,11:03:46,4.49,-0.01,46,20654,卖盘
981,11:04:09,4.5,0.01,33,14847,买盘
982,11:04:13,4.5,0.0,9,4050,买盘
983,11:04:16,4.49,-0.01,5,2245,卖盘
984,11:04:22,4.5,0.01,4,1800,买盘
985,11:04:34,4.49,-0.01,27,12123,卖盘
986,11:04:37,4.5,0.01,291,130950,买盘
987,11:04:40,4.5,0.0,31,13950,卖盘
988,11:04:43,4.51,0.01,7,3152,买盘
989,11:04:46,4.5,-0.01,47,21151,卖盘
990,11:04:49,4.51,0.01,12,5402,买盘
991,11:04:52,4.51,0.0,3,1353,买盘
992,11:05:09,4.51,0.0,17,7658,买盘
993,11:05:12,4.51,0.0,10,4510,买盘
994,11:05:22,4.5,-0.01,5,2250,卖盘
995,11:05:34,4.51,0.01,15,6765,买盘
996,11:05:40,4.5,-0.01,3,1350,卖盘
997,11:05:43,4.51,0.01,25,11275,买盘
998,11:05:46,4.5,-0.01,45,20250,卖盘
999,11:06:09,4.51,0.01,10,4510,买盘
1000,11:06:21,4.5,-0.01,3,1350,卖盘
1001,11:06:28,4.51,0.01,38,17133,买盘
1002,11:06:33,4.5,-0.01,1,450,卖盘
1003,11:06:37,4.5,0.0,7,3150,卖盘
1004,11:06:39,4.51,0.01,7,3153,买盘
1005,11:06:43,4.51,0.0,22,9911,买盘
1006,11:06:46,4.5,-0.01,46,20700,卖盘
1007,11:06:52,4.5,0.0,12,5400,卖盘
1008,11:07:01,4.5,0.0,18,8100,卖盘
1009,11:07:07,4.5,0.0,31,13950,卖盘
1010,11:07:09,4.51,0.01,10,4509,买盘
1011,11:07:12,4.5,-0.01,5,2250,卖盘
1012,11:07:21,4.5,0.0,14,6300,卖盘
1013,11:07:31,4.5,0.0,5,2250,卖盘
1014,11:07:33,4.5,0.0,5,2250,卖盘
1015,11:07:36,4.5,0.0,27,12150,卖盘
1016,11:07:42,4.5,0.0,11,4950,卖盘
1017,11:07:48,4.5,0.0,45,20250,卖盘
1018,11:07:51,4.5,0.0,8,3600,卖盘
1019,11:07:54,4.5,0.0,32,14400,卖盘
1020,11:08:01,4.5,0.0,25,11250,卖盘
1021,11:08:04,4.5,0.0,30,13500,卖盘
1022,11:08:06,4.5,0.0,12,5400,卖盘
1023,11:08:09,4.5,0.0,22,9909,卖盘
1024,11:08:13,4.5,0.0,8,3600,卖盘
1025,11:08:21,4.5,0.0,24,10800,卖盘
1026,11:08:30,4.5,0.0,10,4503,卖盘
1027,11:08:33,4.5,0.0,43,19353,卖盘
1028,11:08:36,4.5,0.0,2,900,买盘
1029,11:08:40,4.5,0.0,7,3150,买盘
1030,11:08:43,4.5,0.0,30,13479,买盘
1031,11:08:46,4.49,-0.01,47,21103,卖盘
1032,11:08:49,4.5,0.01,1,450,买盘
1033,11:08:52,4.5,0.0,13,5847,卖盘
1034,11:08:55,4.5,0.0,9,4050,买盘
1035,11:08:57,4.5,0.0,27,12150,买盘
1036,11:09:00,4.5,0.0,18,8100,买盘
1037,11:09:04,4.5,0.0,4,1800,买盘
1038,11:09:07,4.5,0.0,16,7200,卖盘
1039,11:09:10,4.51,0.01,9,4059,买盘
1040,11:09:34,4.5,-0.01,27,12150,卖盘
1041,11:09:40,4.5,0.0,57,25650,卖盘
1042,11:09:46,4.49,-0.01,28,12595,卖盘
1043,11:09:48,4.49,0.0,46,20654,卖盘
1044,11:09:51,4.5,0.01,91,40950,买盘
1045,11:09:55,4.5,0.0,27,12150,买盘
1046,11:09:58,4.5,0.0,18,8100,买盘
1047,11:10:01,4.5,0.0,65,29250,买盘
1048,11:10:06,4.51,0.01,78,35147,买盘
1049,11:10:10,4.51,0.0,11,4970,卖盘
1050,11:10:13,4.51,0.0,12,5412,卖盘
1051,11:10:16,4.51,0.0,8,3608,卖盘
1052,11:10:22,4.51,0.0,3,1353,买盘
1053,11:10:25,4.51,0.0,71,32021,买盘
1054,11:10:33,4.51,0.0,4,1804,卖盘
1055,11:10:36,4.51,0.0,29,13079,卖盘
1056,11:10:40,4.51,0.0,130,58759,卖盘
1057,11:10:46,4.52,0.01,131,59212,买盘
1058,11:10:49,4.51,-0.01,143,64590,卖盘
1059,11:10:52,4.52,0.01,16,7227,买盘
1060,11:11:09,4.53,0.01,10,4530,买盘
1061,11:11:13,4.52,-0.01,11,4972,卖盘
1062,11:11:22,4.52,0.0,60,27120,卖盘
1063,11:11:37,4.52,0.0,27,12204,卖盘
1064,11:11:40,4.52,0.0,7,3164,卖盘
1065,11:11:49,4.51,-0.01,53,23946,卖盘
1066,11:11:58,4.51,0.0,5,2255,卖盘
1067,11:12:01,4.51,0.0,10,4510,卖盘
1068,11:12:07,4.53,0.02,8,3624,买盘
1069,11:12:10,4.51,-0.02,6,2706,卖盘
1070,11:12:13,4.53,0.02,1,453,买盘
1071,11:12:15,4.53,0.0,1,453,买盘
1072,11:12:37,4.51,-0.02,58,26210,卖盘
1073,11:12:46,4.52,0.01,8,3616,买盘
1074,11:12:52,4.51,-0.01,45,20297,卖盘
1075,11:13:00,4.52,0.01,1,452,卖盘
1076,11:13:10,4.51,-0.01,7,3157,卖盘
1077,11:13:13,4.52,0.01,9,4068,买盘
1078,11:13:16,4.51,-0.01,1,451,卖盘
1079,11:13:18,4.52,0.01,2,904,买盘
1080,11:13:37,4.51,-0.01,14,6314,卖盘
1081,11:13:40,4.52,0.01,13,5873,买盘
1082,11:13:52,4.51,-0.01,74,33374,卖盘
1083,11:14:00,4.51,0.0,10,4510,卖盘
1084,11:14:04,4.52,0.01,5,2260,买盘
1085,11:14:06,4.52,0.0,1,452,买盘
1086,11:14:09,4.51,-0.01,20,9030,卖盘
1087,11:14:12,4.51,0.0,5,2255,卖盘
1088,11:14:33,4.52,0.01,15,6780,买盘
1089,11:14:40,4.51,-0.01,6,2706,卖盘
1090,11:14:43,4.51,0.0,3,1353,卖盘
1091,11:14:52,4.51,0.0,47,21197,卖盘
1092,11:14:58,4.51,0.0,32,14432,卖盘
1093,11:15:01,4.51,0.0,10,4510,卖盘
1094,11:15:09,4.52,0.01,9,4068,买盘
1095,11:15:12,4.51,-0.01,4,1804,卖盘
1096,11:15:16,4.51,0.0,5,2255,卖盘
1097,11:15:24,4.52,0.01,11,4972,买盘
1098,11:15:33,4.52,0.0,2,904,买盘
1099,11:15:37,4.52,0.0,4,1808,买盘
1100,11:15:43,4.51,-0.01,1,451,卖盘
1101,11:15:51,4.51,0.0,45,20295,卖盘
1102,11:15:55,4.52,0.01,8,3616,买盘
1103,11:15:58,4.51,-0.01,32,14432,卖盘
1104,11:16:04,4.51,0.0,10,4510,卖盘
1105,11:16:06,4.51,0.0,12,5421,卖盘
1106,11:16:22,4.51,0.0,7,3157,卖盘
1107,11:16:43,4.51,0.0,5,2255,卖盘
1108,11:16:52,4.51,0.0,48,21648,卖盘
1109,11:16:58,4.51,0.0,32,14432,卖盘
1110,11:17:01,4.51,0.0,10,4510,卖盘
1111,11:17:06,4.52,0.01,9,4068,买盘
1112,11:17:13,4.51,-0.01,7,3157,卖盘
1113,11:17:22,4.51,0.0,3,1353,卖盘
1114,11:17:28,4.51,0.0,5,2255,卖盘
1115,11:17:42,4.51,0.0,4,1804,卖盘
1116,11:17:52,4.51,0.0,49,22099,卖盘
1117,11:17:58,4.51,0.0,41,18491,卖盘
1118,11:18:00,4.51,0.0,10,4510,卖盘
1119,11:18:07,4.52,0.01,9,4068,买盘
1120,11:18:10,4.51,-0.01,2,902,卖盘
1121,11:18:21,4.51,0.0,1,451,卖盘
1122,11:18:31,4.51,0.0,6,2707,卖盘
1123,11:18:43,4.51,0.0,3,1353,卖盘
1124,11:18:48,4.51,0.0,45,20295,卖盘
1125,11:18:51,4.51,0.0,34,15334,卖盘
1126,11:19:04,4.51,0.0,10,4510,卖盘
1127,11:19:07,4.52,0.01,8,3616,买盘
1128,11:19:13,4.51,-0.01,1,451,卖盘
1129,11:19:21,4.51,0.0,2,902,卖盘
1130,11:19:39,4.51,0.0,54,24354,卖盘
1131,11:19:42,4.51,0.0,5,2255,卖盘
1132,11:19:48,4.51,0.0,32,14432,卖盘
1133,11:19:52,4.51,0.0,48,21647,卖盘
1134,11:20:01,4.51,0.0,7,3157,中性盘
1135,11:20:07,4.52,0.01,9,4065,买盘
1136,11:20:12,4.5,-0.02,4,1800,卖盘
1137,11:20:16,4.52,0.02,10,4514,买盘
1138,11:20:22,4.52,0.0,35,15789,买盘
1139,11:20:25,4.52,0.0,4,1808,买盘
1140,11:20:40,4.51,-0.01,14,6326,卖盘
1141,11:20:43,4.51,0.0,4,1804,卖盘
1142,11:20:46,4.51,0.0,9,4063,卖盘
1143,11:20:49,4.51,0.0,46,20746,卖盘
1144,11:21:00,4.51,0.0,10,4510,卖盘
1145,11:21:10,4.52,0.01,9,4068,买盘
1146,11:21:42,4.51,-0.01,4,1804,卖盘
1147,11:21:45,4.52,0.01,3,1356,买盘
1148,11:21:48,4.51,-0.01,32,14432,卖盘
1149,11:21:51,4.5,-0.01,50,22529,卖盘
1150,11:22:01,4.5,0.0,10,4501,卖盘
1151,11:22:07,4.52,0.02,9,4068,买盘
1152,11:22:13,4.5,-0.02,2,900,卖盘
1153,11:22:22,4.5,0.0,1,450,卖盘
1154,11:22:43,4.51,0.01,2,902,卖盘
1155,11:22:49,4.5,-0.01,32,14430,卖盘
1156,11:22:52,4.51,0.01,49,22053,中性盘
1157,11:22:58,4.5,-0.01,5,2253,卖盘
1158,11:23:10,4.51,0.01,10,4510,买盘
1159,11:23:13,4.5,-0.01,11,4960,卖盘
1160,11:23:15,4.51,0.01,4,1804,买盘
1161,11:23:28,4.51,0.0,31,13981,买盘
1162,11:23:40,4.51,0.0,45,20295,卖盘
1163,11:23:45,4.51,0.0,15,6765,买盘
1164,11:23:51,4.5,-0.01,46,20700,卖盘
1165,11:23:58,4.51,0.01,5,2255,买盘
1166,11:24:01,4.5,-0.01,15,6750,卖盘
1167,11:24:12,4.5,0.0,14,6309,卖盘
1168,11:24:22,4.5,0.0,2,900,卖盘
1169,11:24:37,4.5,0.0,31,13950,卖盘
1170,11:24:43,4.5,0.0,2,900,卖盘
1171,11:24:52,4.5,0.0,47,21150,卖盘
1172,11:25:00,4.5,0.0,10,4500,卖盘
1173,11:25:05,4.51,0.01,4,1804,买盘
1174,11:25:07,4.5,-0.01,4,1800,卖盘
1175,11:25:10,4.51,0.01,9,4059,买盘
1176,11:25:12,4.5,-0.01,5,2250,卖盘
1177,11:25:19,4.51,0.01,1,451,买盘
1178,11:25:21,4.5,-0.01,197,88650,卖盘
1179,11:25:40,4.5,0.0,154,69300,卖盘
1180,11:25:46,4.49,-0.01,32,14368,卖盘
1181,11:25:52,4.49,0.0,49,22001,卖盘
1182,11:25:55,4.49,0.0,10,4490,卖盘
1183,11:25:58,4.5,0.01,8,3600,买盘
1184,11:26:01,4.49,-0.01,10,4490,卖盘
1185,11:26:10,4.5,0.01,9,4050,买盘
1186,11:26:13,4.49,-0.01,16,7184,卖盘
1187,11:26:15,4.49,0.0,5,2245,卖盘
1188,11:26:21,4.49,0.0,2,898,卖盘
1189,11:26:42,4.5,0.01,103,46350,买盘
1190,11:26:51,4.5,0.0,47,21150,卖盘
1191,11:27:01,4.5,0.0,10,4500,卖盘
1192,11:27:07,4.51,0.01,9,4059,买盘
1193,11:27:13,4.5,-0.01,5,2250,卖盘
1194,11:27:22,4.5,0.0,4,1800,卖盘
1195,11:27:52,4.5,0.0,76,34200,卖盘
1196,11:28:01,4.5,0.0,4,1800,卖盘
1197,11:28:06,4.51,0.01,9,4059,买盘
1198,11:28:22,4.5,-0.01,2,900,卖盘
1199,11:28:27,4.5,0.0,4,1800,卖盘
1200,11:28:36,4.5,0.0,3,1350,卖盘
1201,11:28:42,4.5,0.0,85,38250,卖盘
1202,11:28:52,4.5,0.0,5,2250,卖盘
1203,11:28:58,4.5,0.0,1,450,卖盘
1204,11:29:01,4.51,0.01,1,451,买盘
1205,11:29:09,4.51,0.0,9,4059,买盘
1206,11:29:13,4.5,-0.01,6,2700,卖盘
1207,11:29:16,4.5,0.0,1,450,卖盘
1208,11:29:22,4.51,0.01,28,12601,买盘
1209,11:29:31,4.51,0.0,1,451,买盘
1210,11:29:46,4.5,-0.01,12,5400,卖盘
1211,11:29:48,4.5,0.0,94,42300,卖盘
1212,13:00:05,4.49,-0.01,833,374035,卖盘
1213,13:00:07,4.51,0.02,311,139959,买盘
1214,13:00:09,4.5,-0.01,18,8113,卖盘
1215,13:00:13,4.5,0.0,26,11700,卖盘
1216,13:00:15,4.5,0.0,2,900,卖盘
1217,13:01:04,4.5,0.0,40,18000,卖盘
1218,13:01:07,4.5,0.0,30,13500,卖盘
1219,13:01:09,4.5,0.0,10,4500,买盘
1220,13:01:22,4.49,-0.01,45,20212,卖盘
1221,13:01:51,4.49,0.0,1,449,卖盘
1222,13:01:54,4.49,0.0,5,2245,卖盘
1223,13:02:07,4.5,0.01,9,4050,买盘
1224,13:02:21,4.49,-0.01,32,14368,卖盘
1225,13:02:52,4.49,0.0,6,2694,卖盘
1226,13:02:54,4.49,0.0,4,1796,卖盘
1227,13:03:07,4.5,0.01,8,3600,买盘
1228,13:03:22,4.49,-0.01,32,14368,卖盘
1229,13:03:54,4.49,0.0,5,2245,卖盘
1230,13:04:07,4.5,0.01,9,4050,买盘
1231,13:04:21,4.49,-0.01,31,13919,卖盘
1232,13:04:24,4.49,0.0,1,449,卖盘
1233,13:04:55,4.49,0.0,7,3143,卖盘
1234,13:05:07,4.5,0.01,2,900,买盘
1235,13:05:09,4.5,0.0,50,22500,买盘
1236,13:05:12,4.49,-0.01,50,22450,卖盘
1237,13:05:21,4.5,0.01,14,6300,买盘
1238,13:05:24,4.49,-0.01,9,4041,卖盘
1239,13:05:46,4.49,0.0,3,1347,卖盘
1240,13:05:54,4.49,0.0,8,3592,卖盘
1241,13:06:21,4.49,0.0,31,13919,卖盘
1242,13:06:24,4.49,0.0,2,898,卖盘
1243,13:07:22,4.49,0.0,31,13919,卖盘
1244,13:07:27,4.5,0.01,10,4500,买盘
1245,13:07:46,4.5,0.0,13,5850,买盘
1246,13:07:55,4.49,-0.01,6,2694,卖盘
1247,13:08:07,4.49,0.0,31,13919,卖盘
1248,13:08:24,4.49,0.0,11,4939,卖盘
1249,13:08:55,4.49,0.0,1,449,卖盘
1250,13:08:58,4.5,0.01,1,450,买盘
1251,13:09:04,4.49,-0.01,30,13470,卖盘
1252,13:09:25,4.49,0.0,5,2245,卖盘
1253,13:09:54,4.49,0.0,2,898,卖盘
1254,13:10:00,4.49,0.0,30,13470,卖盘
1255,13:10:04,4.5,0.01,2,900,买盘
1256,13:10:07,4.5,0.0,3,1350,买盘
1257,13:10:10,4.5,0.0,3,1350,买盘
1258,13:10:12,4.5,0.0,3,1350,买盘
1259,13:10:15,4.5,0.0,4,1800,买盘
1260,13:10:19,4.5,0.0,3,1350,买盘
1261,13:10:22,4.5,0.0,3,1350,买盘
1262,13:10:25,4.5,0.0,5,2250,买盘
1263,13:10:27,4.49,-0.01,8,3595,卖盘
1264,13:10:31,4.5,0.01,4,1800,买盘
1265,13:10:39,4.49,-0.01,9,4041,卖盘
1266,13:10:55,4.49,0.0,3,1347,卖盘
1267,13:10:57,4.49,0.0,2,898,卖盘
1268,13:11:00,4.49,0.0,30,13470,卖盘
1269,13:11:21,4.5,0.01,1,450,买盘
1270,13:11:27,4.5,0.0,9,4045,买盘
1271,13:11:45,4.49,-0.01,230,103270,卖盘
1272,13:11:52,4.49,0.0,30,13470,卖盘
1273,13:11:57,4.49,0.0,6,2694,卖盘
1274,13:12:04,4.5,0.01,13,5850,买盘
1275,13:12:07,4.5,0.0,12,5400,买盘
1276,13:12:10,4.5,0.0,13,5850,买盘
1277,13:12:13,4.5,0.0,13,5850,买盘
1278,13:12:16,4.49,-0.01,48,21565,卖盘
1279,13:12:18,4.5,0.01,14,6300,买盘
1280,13:12:22,4.5,0.0,14,6300,买盘
1281,13:12:25,4.5,0.0,15,6750,买盘
1282,13:12:27,4.49,-0.01,17,7648,卖盘
1283,13:12:30,4.5,0.01,17,7650,买盘
1284,13:12:34,4.49,-0.01,5,2245,卖盘
1285,13:12:37,4.49,0.0,2,898,买盘
1286,13:12:40,4.49,0.0,22,9899,卖盘
1287,13:12:43,4.49,0.0,22,9878,买盘
1288,13:12:45,4.49,0.0,24,10776,买盘
1289,13:12:49,4.48,-0.01,47,21073,卖盘
1290,13:12:51,4.49,0.01,1,449,买盘
1291,13:12:58,4.48,-0.01,4,1792,卖盘
1292,13:13:06,4.49,0.01,37,16613,买盘
1293,13:13:16,4.49,0.0,40,17960,买盘
1294,13:13:19,4.49,0.0,64,28736,买盘
1295,13:13:22,4.49,0.0,33,14817,卖盘
1296,13:13:27,4.49,0.0,6,2694,卖盘
1297,13:13:30,4.49,0.0,8,3592,卖盘
1298,13:13:58,4.49,0.0,5,2245,卖盘
1299,13:14:13,4.5,0.01,64,28800,买盘
1300,13:14:25,4.5,0.0,9,4050,买盘
1301,13:14:57,4.5,0.0,4,1800,买盘
1302,13:15:04,4.49,-0.01,11,4939,卖盘
1303,13:15:06,4.5,0.01,5,2250,买盘
1304,13:15:13,4.49,-0.01,2,898,卖盘
1305,13:15:27,4.5,0.01,15,6750,买盘
1306,13:15:36,4.49,-0.01,29,13021,卖盘
1307,13:16:04,4.49,0.0,11,4939,卖盘
1308,13:16:09,4.49,0.0,10,4490,卖盘
1309,13:16:22,4.49,0.0,29,13021,卖盘
1310,13:16:25,4.5,0.01,2,900,买盘
1311,13:16:43,4.5,0.0,5,2250,买盘
1312,13:16:49,4.49,-0.01,14,6286,卖盘
1313,13:16:58,4.5,0.01,8,3600,买盘
1314,13:17:04,4.49,-0.01,11,4939,卖盘
1315,13:17:06,4.49,0.0,30,13470,卖盘
1316,13:17:09,4.49,0.0,10,4490,卖盘
1317,13:17:16,4.49,0.0,31,13919,卖盘
1318,13:17:22,4.49,0.0,2,898,卖盘
1319,13:17:39,4.49,0.0,20,8980,卖盘
1320,13:17:58,4.49,0.0,11,4939,卖盘
1321,13:18:04,4.49,0.0,11,4939,卖盘
1322,13:18:18,4.49,0.0,11,4939,卖盘
1323,13:18:21,4.5,0.01,8,3600,买盘
1324,13:18:24,4.48,-0.02,31,13914,卖盘
1325,13:18:27,4.49,0.01,6,2694,买盘
1326,13:18:31,4.49,0.0,3,1347,卖盘
1327,13:18:40,4.5,0.01,12,5397,买盘
1328,13:18:43,4.49,-0.01,12,5388,卖盘
1329,13:18:45,4.5,0.01,10,4500,买盘
1330,13:19:04,4.49,-0.01,11,4939,卖盘
1331,13:19:12,4.49,0.0,2,898,卖盘
1332,13:19:21,4.49,0.0,29,13021,卖盘
1333,13:19:24,4.5,0.01,4,1800,买盘
1334,13:19:40,4.49,-0.01,18,8082,卖盘
1335,13:19:42,4.5,0.01,60,27000,买盘
1336,13:19:46,4.49,-0.01,12,5388,卖盘
1337,13:20:00,4.5,0.01,4,1800,买盘
1338,13:20:07,4.49,-0.01,15,6982,卖盘
1339,13:20:10,4.5,0.01,3,1350,买盘
1340,13:20:13,4.49,-0.01,20,8988,卖盘
1341,13:20:15,4.49,0.0,31,13919,卖盘
1342,13:20:22,4.49,0.0,2,898,卖盘
1343,13:20:36,4.49,0.0,100,44900,卖盘
1344,13:20:43,4.49,0.0,11,4939,卖盘
1345,13:20:52,4.5,0.01,61,27450,买盘
1346,13:20:55,4.5,0.0,6,2700,买盘
1347,13:21:04,4.49,-0.01,11,4939,卖盘
1348,13:21:13,4.5,0.01,30,13500,买盘
1349,13:21:22,4.49,-0.01,2,898,卖盘
1350,13:21:46,4.49,0.0,24,10776,卖盘
1351,13:22:04,4.49,0.0,11,4939,卖盘
1352,13:22:07,4.5,0.01,32,14373,买盘
1353,13:22:15,4.5,0.0,3,1350,买盘
1354,13:22:31,4.49,-0.01,3,1347,卖盘
1355,13:22:39,4.5,0.01,31,13950,买盘
1356,13:23:07,4.49,-0.01,38,17062,卖盘
1357,13:23:10,4.49,0.0,18,8082,卖盘
1358,13:23:31,4.49,0.0,2,898,卖盘
1359,13:23:48,4.49,0.0,4,1796,卖盘
1360,13:23:51,4.49,0.0,27,12123,卖盘
1361,13:24:06,4.49,0.0,11,4939,卖盘
1362,13:24:09,4.49,0.0,18,8082,卖盘
1363,13:24:15,4.5,0.01,54,24300,买盘
1364,13:24:25,4.49,-0.01,2,898,卖盘
1365,13:24:36,4.49,0.0,24,10776,卖盘
1366,13:25:07,4.5,0.01,12,5389,买盘
1367,13:25:09,4.49,-0.01,8,3592,卖盘
1368,13:25:22,4.49,0.0,23,10327,卖盘
1369,13:25:40,4.49,0.0,2,898,卖盘
1370,13:25:51,4.5,0.01,2,900,买盘
1371,13:25:58,4.49,-0.01,23,10327,卖盘
1372,13:26:01,4.5,0.01,10,4500,买盘
1373,13:26:07,4.49,-0.01,11,4939,卖盘
1374,13:26:09,4.49,0.0,21,9429,卖盘
1375,13:26:28,4.49,0.0,2,898,卖盘
1376,13:26:37,4.5,0.01,107,48150,买盘
1377,13:27:07,4.49,-0.01,25,11225,卖盘
1378,13:27:09,4.49,0.0,2,898,卖盘
1379,13:27:31,4.5,0.01,7,3150,买盘
1380,13:27:37,4.49,-0.01,23,10327,卖盘
1381,13:28:06,4.49,0.0,27,12123,卖盘
1382,13:28:10,4.49,0.0,14,6286,卖盘
1383,13:28:28,4.5,0.01,1,450,买盘
1384,13:28:31,4.49,-0.01,13,5847,卖盘
1385,13:28:36,4.49,0.0,29,13021,卖盘
1386,13:28:39,4.49,0.0,9,4041,卖盘
1387,13:28:43,4.5,0.01,40,18000,买盘
1388,13:28:46,4.5,0.0,20,9000,买盘
1389,13:29:06,4.5,0.0,204,91789,买盘
1390,13:29:09,4.5,0.0,11,4950,卖盘
1391,13:29:16,4.51,0.01,9,4059,买盘
1392,13:29:25,4.51,0.0,10,4510,买盘
1393,13:29:28,4.5,-0.01,2,900,卖盘
1394,13:29:33,4.51,0.01,30,13530,买盘
1395,13:30:07,4.5,-0.01,11,4950,卖盘
1396,13:30:13,4.5,0.0,15,6750,卖盘
1397,13:30:16,4.5,0.0,16,7200,卖盘
1398,13:30:25,4.5,0.0,14,6300,卖盘
1399,13:30:34,4.5,0.0,543,244350,卖盘
1400,13:30:48,4.49,-0.01,2,898,卖盘
1401,13:30:52,4.5,0.01,100,45000,买盘
1402,13:31:06,4.49,-0.01,11,4939,卖盘
1403,13:31:12,4.48,-0.01,553,248051,卖盘
1404,13:31:27,4.49,0.01,2,898,卖盘
1405,13:32:07,4.49,0.0,11,4939,卖盘
1406,13:32:09,4.5,0.01,5,2250,买盘
1407,13:32:12,4.48,-0.02,36,16143,卖盘
1408,13:32:21,4.49,0.01,1,449,买盘
1409,13:32:25,4.49,0.0,1,449,买盘
1410,13:32:28,4.49,0.0,1,449,买盘
1411,13:32:31,4.49,0.0,2,898,买盘
1412,13:32:36,4.49,0.0,35,15715,卖盘
1413,13:33:06,4.49,0.0,11,4939,卖盘
1414,13:33:34,4.5,0.01,13,5850,买盘
1415,13:33:40,4.49,-0.01,2,898,卖盘
1416,13:34:07,4.49,0.0,4,1796,卖盘
1417,13:34:13,4.49,0.0,36,16164,卖盘
1418,13:34:28,4.5,0.01,2,900,买盘
1419,13:34:31,4.49,-0.01,2,898,卖盘
1420,13:34:39,4.5,0.01,2,900,买盘
1421,13:34:49,4.49,-0.01,10,4490,卖盘
1422,13:34:58,4.49,0.0,1,449,卖盘
1423,13:35:07,4.49,0.0,35,15715,卖盘
1424,13:35:49,4.49,0.0,2,898,卖盘
1425,13:36:00,4.5,0.01,1,450,买盘
1426,13:36:07,4.49,-0.01,35,15715,卖盘
1427,13:36:10,4.49,0.0,21,9429,卖盘
1428,13:36:30,4.5,0.01,5,2250,买盘
1429,13:36:34,4.49,-0.01,2,898,卖盘
1430,13:37:07,4.49,0.0,35,15715,卖盘
1431,13:37:12,4.49,0.0,2,898,卖盘
1432,13:37:19,4.49,0.0,14,6286,卖盘
1433,13:38:07,4.49,0.0,35,15715,卖盘
1434,13:38:18,4.5,0.01,2,900,买盘
1435,13:38:21,4.5,0.0,3,1350,买盘
1436,13:38:37,4.5,0.0,60,27000,买盘
1437,13:38:40,4.49,-0.01,3,1347,卖盘
1438,13:38:45,4.49,0.0,10,4490,卖盘
1439,13:39:06,4.49,0.0,35,15715,卖盘
1440,13:39:25,4.49,0.0,2,898,卖盘
1441,13:39:43,4.49,0.0,82,36818,卖盘
1442,13:39:51,4.49,0.0,43,19307,卖盘
1443,13:39:54,4.49,0.0,1,449,买盘
1444,13:39:58,4.48,-0.01,68,30497,卖盘
1445,13:40:01,4.49,0.01,10,4490,买盘
1446,13:40:10,4.49,0.0,1,449,买盘
1447,13:40:25,4.48,-0.01,500,224000,卖盘
1448,13:40:28,4.48,0.0,2,896,卖盘
1449,13:40:34,4.48,0.0,9,4032,卖盘
1450,13:40:43,4.49,0.01,1,449,买盘
1451,13:40:58,4.49,0.0,10,4490,买盘
1452,13:41:00,4.49,0.0,4,1796,买盘
1453,13:41:04,4.48,-0.01,35,15680,卖盘
1454,13:41:27,4.49,0.01,393,176457,买盘
1455,13:41:31,4.49,0.0,2,898,卖盘
1456,13:42:00,4.5,0.01,3,1350,买盘
1457,13:42:04,4.5,0.0,19,8550,买盘
1458,13:42:07,4.5,0.0,19,8550,买盘
1459,13:42:10,4.5,0.0,20,8999,买盘
1460,13:42:13,4.5,0.0,25,11250,买盘
1461,13:42:49,4.49,-0.01,2,898,卖盘
1462,13:43:01,4.5,0.01,1,450,买盘
1463,13:43:09,4.5,0.0,8,3597,买盘
1464,13:43:31,4.49,-0.01,10,4490,卖盘
1465,13:43:49,4.5,0.01,5,2250,买盘
1466,13:43:52,4.5,0.0,35,15692,买盘
1467,13:44:01,4.49,-0.01,2,898,卖盘
1468,13:44:16,4.49,0.0,4,1796,买盘
1469,13:44:22,4.49,0.0,1,449,买盘
1470,13:44:34,4.49,0.0,5,2245,买盘
1471,13:44:37,4.48,-0.01,2,896,卖盘
1472,13:44:51,4.48,0.0,34,15232,卖盘
1473,13:45:13,4.48,0.0,300,134400,卖盘
1474,13:45:18,4.49,0.01,5,2245,买盘
1475,13:45:46,4.48,-0.01,2,896,卖盘
1476,13:45:52,4.48,0.0,34,15232,卖盘
1477,13:46:07,4.48,0.0,13,5824,卖盘
1478,13:46:13,4.48,0.0,2,896,卖盘
1479,13:46:43,4.48,0.0,32,13933,卖盘
1480,13:46:46,4.48,0.0,79,35392,卖盘
1481,13:46:49,4.47,-0.01,35,15649,卖盘
1482,13:47:27,4.48,0.01,20,8960,卖盘
1483,13:47:33,4.48,0.0,18,8064,卖盘
1484,13:47:39,4.48,0.0,37,16576,卖盘
1485,13:48:10,4.48,0.0,26,11648,卖盘
1486,13:48:37,4.48,0.0,34,15232,卖盘
1487,13:48:43,4.49,0.01,37,16613,买盘
1488,13:49:01,4.49,0.0,30,13470,买盘
1489,13:49:25,4.49,0.0,28,12570,买盘
1490,13:49:31,4.48,-0.01,5,2240,卖盘
1491,13:49:36,4.49,0.01,35,15681,买盘
1492,13:50:13,4.48,-0.01,2,896,卖盘
1493,13:50:37,4.48,0.0,34,15232,卖盘
1494,13:50:39,4.49,0.01,108,48492,买盘
1495,13:50:42,4.49,0.0,37,16613,卖盘
1496,13:50:46,4.49,0.0,5,2245,卖盘
1497,13:50:49,4.49,0.0,5,2245,买盘
1498,13:51:07,4.52,0.03,179,80490,买盘
1499,13:51:25,4.49,-0.03,10,4490,买盘
1500,13:51:28,4.49,0.0,2,898,卖盘
1501,13:51:36,4.51,0.02,12,5412,买盘
1502,13:51:49,4.49,-0.02,2,898,卖盘
1503,13:52:00,4.51,0.02,3,1353,买盘
1504,13:52:06,4.51,0.0,7,3157,买盘
1505,13:52:16,4.51,0.0,1,451,买盘
1506,13:52:25,4.49,-0.02,3,1350,卖盘
1507,13:52:51,4.5,0.01,327,147150,买盘
1508,13:52:58,4.5,0.0,9,4050,卖盘
1509,13:53:19,4.51,0.01,113,50962,买盘
1510,13:53:24,4.51,0.0,92,41492,卖盘
1511,13:53:27,4.51,0.0,12,5412,买盘
1512,13:53:37,4.5,-0.01,21,9450,卖盘
1513,13:53:40,4.5,0.0,1,450,买盘
1514,13:53:42,4.5,0.0,5,2250,买盘
1515,13:54:01,4.49,-0.01,3,1347,卖盘
1516,13:54:04,4.49,0.0,208,93592,卖盘
1517,13:54:16,4.5,0.01,135,60750,买盘
1518,13:54:18,4.49,-0.01,114,51436,卖盘
1519,13:54:27,4.5,0.01,17,7650,卖盘
1520,13:54:33,4.5,0.0,12,5400,买盘
1521,13:54:40,4.51,0.01,112,50480,买盘
1522,13:54:45,4.51,0.0,3,1353,卖盘
1523,13:54:51,4.51,0.0,1,451,卖盘
1524,13:55:00,4.51,0.0,28,12628,卖盘
1525,13:55:04,4.51,0.0,170,76670,买盘
1526,13:55:07,4.51,0.0,11,4961,买盘
1527,13:55:21,4.51,0.0,5,2255,买盘
1528,13:55:24,4.52,0.01,88,39735,买盘
1529,13:55:46,4.49,-0.03,2,899,卖盘
1530,13:56:19,4.51,0.02,488,220000,买盘
1531,13:56:22,4.5,-0.01,3,1350,卖盘
1532,13:56:25,4.51,0.01,43,19393,卖盘
1533,13:56:33,4.51,0.0,4,1804,卖盘
1534,13:56:54,4.51,0.0,16,7216,卖盘
1535,13:57:01,4.49,-0.02,2,898,卖盘
1536,13:57:40,4.51,0.02,186,83886,买盘
1537,13:57:51,4.51,0.0,2,902,卖盘
1538,13:58:07,4.51,0.0,188,84974,卖盘
1539,13:58:30,4.52,0.01,150,67711,买盘
1540,13:58:57,4.5,-0.02,3,1350,卖盘
1541,13:59:19,4.52,0.02,100,45200,买盘
1542,13:59:28,4.5,-0.02,2,900,卖盘
1543,13:59:37,4.52,0.02,3,1356,买盘
1544,14:00:21,4.5,-0.02,33,14851,卖盘
1545,14:01:04,4.5,0.0,2,900,卖盘
1546,14:01:07,4.52,0.02,4,1808,买盘
1547,14:01:19,4.5,-0.02,2,900,卖盘
1548,14:01:36,4.52,0.02,37,16658,买盘
1549,14:01:40,4.5,-0.02,9,4050,卖盘
1550,14:01:58,4.51,0.01,4,1804,卖盘
1551,14:02:04,4.5,-0.01,37,16654,卖盘
1552,14:02:07,4.51,0.01,4,1804,买盘
1553,14:02:31,4.5,-0.01,2,900,卖盘
1554,14:03:21,4.5,0.0,33,14850,卖盘
1555,14:04:01,4.5,0.0,2,900,卖盘
1556,14:04:04,4.51,0.01,3,1353,买盘
1557,14:04:22,4.5,-0.01,33,14850,卖盘
1558,14:04:25,4.5,0.0,22,9900,卖盘
1559,14:04:30,4.51,0.01,1,451,买盘
1560,14:04:36,4.51,0.0,2,902,买盘
1561,14:04:51,4.51,0.0,2,902,买盘
1562,14:05:18,4.51,0.0,1,451,买盘
1563,14:05:21,4.5,-0.01,35,15750,卖盘
1564,14:06:07,4.5,0.0,33,14850,卖盘
1565,14:06:13,4.51,0.01,2,902,买盘
1566,14:06:19,4.51,0.0,1,451,买盘
1567,14:06:22,4.51,0.0,20,9020,买盘
1568,14:06:25,4.5,-0.01,2,900,卖盘
1569,14:06:31,4.51,0.01,9,4059,买盘
1570,14:06:40,4.5,-0.01,32,14400,卖盘
1571,14:06:45,4.5,0.0,4,1800,买盘
1572,14:06:49,4.5,0.0,67,30150,买盘
1573,14:06:52,4.5,0.0,55,24750,卖盘
1574,14:06:55,4.5,0.0,9,4050,买盘
1575,14:07:04,4.5,0.0,2,855,买盘
1576,14:07:46,4.5,0.0,5,2250,卖盘
1577,14:07:49,4.5,0.0,2,900,卖盘
1578,14:08:37,4.5,0.0,31,13950,卖盘
1579,14:08:49,4.5,0.0,2,900,卖盘
1580,14:09:13,4.5,0.0,10,4500,卖盘
1581,14:09:19,4.51,0.01,16,7216,买盘
1582,14:09:25,4.5,-0.01,2,900,卖盘
1583,14:09:51,4.49,-0.01,31,13934,卖盘
1584,14:10:37,4.49,0.0,30,13483,卖盘
1585,14:10:46,4.5,0.01,3,1350,卖盘
1586,14:10:51,4.5,0.0,68,30600,卖盘
1587,14:10:57,4.5,0.0,4,1800,买盘
1588,14:11:00,4.5,0.0,43,19350,买盘
1589,14:11:07,4.5,0.0,19,8550,卖盘
1590,14:11:16,4.5,0.0,11,4950,买盘
1591,14:11:28,4.5,0.0,4,1800,卖盘
1592,14:11:30,4.51,0.01,4,1804,买盘
1593,14:11:40,4.5,-0.01,2,900,卖盘
1594,14:11:49,4.5,0.0,30,13500,卖盘
1595,14:11:55,4.5,0.0,15,6750,卖盘
1596,14:12:07,4.5,0.0,30,13500,卖盘
1597,14:12:10,4.5,0.0,1,450,中性盘
1598,14:12:13,4.5,0.0,2,900,买盘
1599,14:12:40,4.49,-0.01,2,898,卖盘
1600,14:12:43,4.5,0.01,2,900,买盘
1601,14:12:55,4.5,0.0,7,3150,买盘
1602,14:13:01,4.49,-0.01,30,13470,卖盘
1603,14:13:13,4.5,0.01,1,450,买盘
1604,14:13:19,4.5,0.0,5,2250,买盘
1605,14:13:25,4.49,-0.01,422,189478,卖盘
1606,14:13:34,4.49,0.0,200,89800,卖盘
1607,14:13:52,4.5,0.01,32,14370,买盘
1608,14:14:01,4.5,0.0,204,91800,买盘
1609,14:14:07,4.5,0.0,29,13050,买盘
1610,14:14:10,4.5,0.0,130,58500,买盘
1611,14:14:13,4.5,0.0,30,13500,买盘
1612,14:14:19,4.5,0.0,30,13500,买盘
1613,14:14:40,4.5,0.0,103,46350,买盘
1614,14:14:49,4.5,0.0,2,900,卖盘
1615,14:14:51,4.49,-0.01,962,432468,卖盘
1616,14:14:55,4.49,0.0,4,1796,买盘
1617,14:14:58,4.49,0.0,1,449,买盘
1618,14:15:01,4.49,0.0,7,3143,买盘
1619,14:15:04,4.49,0.0,25,11225,买盘
1620,14:15:07,4.49,0.0,11,4939,买盘
1621,14:15:10,4.49,0.0,260,116516,买盘
1622,14:15:19,4.5,0.01,110,49500,中性盘
1623,14:15:22,4.5,0.0,28,12600,买盘
1624,14:15:25,4.5,0.0,15,6750,买盘
1625,14:15:31,4.5,0.0,226,101700,买盘
1626,14:15:58,4.5,0.0,2,900,卖盘
1627,14:16:12,4.5,0.0,136,61200,卖盘
1628,14:16:19,4.5,0.0,1,450,买盘
1629,14:16:55,4.49,-0.01,3,1347,卖盘
1630,14:17:22,4.49,0.0,17,7633,卖盘
1631,14:17:52,4.49,0.0,23,10327,卖盘
1632,14:18:04,4.49,0.0,2,898,卖盘
1633,14:18:07,4.5,0.01,100,45000,买盘
1634,14:18:28,4.49,-0.01,5,2248,卖盘
1635,14:18:30,4.5,0.01,1,450,买盘
1636,14:18:34,4.49,-0.01,22,9878,卖盘
1637,14:18:37,4.49,0.0,6,2694,卖盘
1638,14:18:52,4.49,0.0,15,6735,卖盘
1639,14:18:58,4.5,0.01,3,1350,买盘
1640,14:19:42,4.49,-0.01,4,1796,卖盘
1641,14:19:52,4.49,0.0,2,898,卖盘
1642,14:19:58,4.49,0.0,1,449,卖盘
1643,14:20:07,4.5,0.01,1,450,买盘
1644,14:20:10,4.49,-0.01,1,449,卖盘
1645,14:20:13,4.5,0.01,200,90000,买盘
1646,14:20:16,4.5,0.0,40,18000,买盘
1647,14:20:19,4.5,0.0,1,450,买盘
1648,14:20:22,4.49,-0.01,2,898,卖盘
1649,14:20:24,4.49,0.0,61,27389,卖盘
1650,14:20:28,4.5,0.01,4,1800,买盘
1651,14:20:31,4.49,-0.01,12,5388,卖盘
1652,14:20:37,4.5,0.01,2,900,买盘
1653,14:20:43,4.49,-0.01,24,10776,卖盘
1654,14:20:55,4.49,0.0,8,3592,卖盘
1655,14:21:13,4.49,0.0,5,2248,卖盘
1656,14:21:33,4.49,0.0,1,449,卖盘
1657,14:21:37,4.49,0.0,19,8531,卖盘
1658,14:21:43,4.49,0.0,1,449,卖盘
1659,14:21:52,4.49,0.0,5,2245,卖盘
1660,14:21:57,4.49,0.0,3,1347,卖盘
1661,14:22:00,4.5,0.01,2,900,买盘
1662,14:22:04,4.49,-0.01,2,898,卖盘
1663,14:22:10,4.49,0.0,27,12123,卖盘
1664,14:22:13,4.49,0.0,1,449,卖盘
1665,14:22:22,4.49,0.0,10,4490,卖盘
1666,14:22:27,4.49,0.0,10,4490,卖盘
1667,14:22:30,4.49,0.0,14,6286,卖盘
1668,14:22:34,4.49,0.0,4,1796,卖盘
1669,14:22:39,4.49,0.0,20,8980,卖盘
1670,14:22:42,4.5,0.01,9,4042,买盘
1671,14:22:51,4.49,-0.01,32,14368,卖盘
1672,14:22:58,4.5,0.01,103,46350,买盘
1673,14:23:04,4.49,-0.01,14,6286,卖盘
1674,14:23:10,4.5,0.01,4,1800,买盘
1675,14:23:13,4.49,-0.01,40,17960,卖盘
1676,14:23:16,4.5,0.01,2,900,买盘
1677,14:23:22,4.49,-0.01,18,8082,卖盘
1678,14:23:30,4.49,0.0,1,449,卖盘
1679,14:23:43,4.49,0.0,5,2245,卖盘
1680,14:23:55,4.5,0.01,3,1348,买盘
1681,14:23:58,4.5,0.0,1,450,买盘
1682,14:24:01,4.49,-0.01,2,898,卖盘
1683,14:24:13,4.5,0.01,5,2249,买盘
1684,14:24:22,4.49,-0.01,4,1796,卖盘
1685,14:24:28,4.49,0.0,4,1796,卖盘
1686,14:24:34,4.49,0.0,27,12123,卖盘
1687,14:24:37,4.5,0.01,4,1800,买盘
1688,14:24:42,4.49,-0.01,10,4490,卖盘
1689,14:24:52,4.49,0.0,2,898,卖盘
1690,14:25:04,4.49,0.0,3,1347,卖盘
1691,14:25:13,4.5,0.01,2,899,买盘
1692,14:25:22,4.49,-0.01,1,449,卖盘
1693,14:25:31,4.5,0.01,3,1350,买盘
1694,14:25:43,4.49,-0.01,1,449,卖盘
1695,14:25:49,4.5,0.01,28,12573,买盘
1696,14:25:52,4.49,-0.01,1,449,卖盘
1697,14:25:55,4.49,0.0,2,898,卖盘
1698,14:26:04,4.49,0.0,8,3592,卖盘
1699,14:26:13,4.49,0.0,3,1347,卖盘
1700,14:26:19,4.49,0.0,2,898,卖盘
1701,14:26:28,4.5,0.01,2,900,买盘
1702,14:26:33,4.49,-0.01,1,449,卖盘
1703,14:26:43,4.49,0.0,1,449,卖盘
1704,14:26:52,4.49,0.0,1,449,卖盘
1705,14:26:58,4.49,0.0,26,11674,卖盘
1706,14:27:13,4.49,0.0,8,3592,卖盘
1707,14:27:19,4.5,0.01,1,450,买盘
1708,14:27:21,4.49,-0.01,2,898,卖盘
1709,14:27:27,4.5,0.01,15,6750,买盘
1710,14:27:34,4.49,-0.01,1,449,卖盘
1711,14:27:43,4.49,0.0,5,2245,卖盘
1712,14:27:45,4.5,0.01,2,900,买盘
1713,14:27:52,4.49,-0.01,1,449,卖盘
1714,14:27:58,4.49,0.0,28,12572,卖盘
1715,14:28:04,4.49,0.0,1,449,卖盘
1716,14:28:12,4.49,0.0,3,1347,卖盘
1717,14:28:18,4.5,0.01,10,4500,买盘
1718,14:28:34,4.5,0.0,4,1800,买盘
1719,14:28:40,4.5,0.0,9,4050,买盘
1720,14:28:42,4.5,0.0,285,128250,买盘
1721,14:28:52,4.5,0.0,50,22500,买盘
1722,14:29:04,4.5,0.0,50,22500,买盘
1723,14:29:13,4.5,0.0,28,12600,买盘
1724,14:29:43,4.51,0.01,3,1353,买盘
1725,14:29:52,4.51,0.0,3,1353,买盘
1726,14:30:01,4.5,-0.01,4,1801,卖盘
1727,14:30:12,4.5,0.0,14,6300,卖盘
1728,14:30:31,4.5,0.0,428,192200,买盘
1729,14:30:33,4.5,0.0,2,900,买盘
1730,14:30:58,4.49,-0.01,15,6735,卖盘
1731,14:31:04,4.48,-0.01,56,25133,卖盘
1732,14:31:28,4.49,0.01,57,25593,卖盘
1733,14:31:37,4.48,-0.01,8,3584,卖盘
1734,14:31:52,4.48,0.0,2,896,卖盘
1735,14:31:58,4.48,0.0,26,11648,卖盘
1736,14:32:43,4.49,0.01,50,22450,买盘
1737,14:32:49,4.49,0.0,31,13893,买盘
1738,14:32:52,4.49,0.0,50,22450,买盘
1739,14:32:57,4.49,0.0,1,449,买盘
1740,14:33:04,4.48,-0.01,12,5378,卖盘
1741,14:33:28,4.48,0.0,25,11200,卖盘
1742,14:33:43,4.49,0.01,5,2245,买盘
1743,14:33:48,4.48,-0.01,26,11648,卖盘
1744,14:33:52,4.49,0.01,2,898,买盘
1745,14:34:28,4.49,0.0,3,1347,买盘
1746,14:34:37,4.49,0.0,2,898,买盘
1747,14:34:43,4.48,-0.01,26,11648,卖盘
1748,14:35:25,4.48,0.0,4,1792,卖盘
1749,14:35:28,4.48,0.0,20,8960,卖盘
1750,14:35:36,4.48,0.0,25,11200,卖盘
1751,14:35:43,4.49,0.01,1,449,买盘
1752,14:36:01,4.49,0.0,3,1347,买盘
1753,14:36:24,4.49,0.0,1,449,买盘
1754,14:36:27,4.48,-0.01,10,4480,卖盘
1755,14:36:34,4.48,0.0,226,101248,卖盘
1756,14:36:36,4.49,0.01,2,898,买盘
1757,14:37:15,4.48,-0.01,10,4480,卖盘
1758,14:37:37,4.48,0.0,25,11200,卖盘
1759,14:37:43,4.49,0.01,10,4490,买盘
1760,14:37:52,4.49,0.0,38,17062,买盘
1761,14:38:01,4.49,0.0,3,1347,买盘
1762,14:38:04,4.49,0.0,98,44002,买盘
1763,14:38:07,4.49,0.0,25,11225,卖盘
1764,14:38:13,4.49,0.0,42,18858,卖盘
1765,14:38:15,4.5,0.01,3,1350,买盘
1766,14:38:22,4.49,-0.01,7,3143,卖盘
1767,14:38:25,4.49,0.0,100,44900,卖盘
1768,14:38:34,4.49,0.0,14,6286,卖盘
1769,14:38:40,4.49,0.0,32,14368,卖盘
1770,14:38:52,4.49,0.0,44,19756,卖盘
1771,14:38:57,4.49,0.0,29,13024,卖盘
1772,14:39:04,4.49,0.0,13,5837,卖盘
1773,14:39:13,4.49,0.0,9,4041,卖盘
1774,14:39:22,4.49,0.0,3,1347,卖盘
1775,14:39:30,4.49,0.0,62,27838,卖盘
1776,14:39:39,4.49,0.0,20,8980,中性盘
1777,14:39:49,4.49,0.0,91,40859,卖盘
1778,14:39:52,4.48,-0.01,6,2688,卖盘
1779,14:40:01,4.49,0.01,29,13021,卖盘
1780,14:40:07,4.49,0.0,22,9878,卖盘
1781,14:40:13,4.49,0.0,3,1347,卖盘
1782,14:40:19,4.48,-0.01,27,12096,卖盘
1783,14:40:22,4.49,0.01,17,7617,买盘
1784,14:40:31,4.48,-0.01,8,3584,卖盘
1785,14:40:40,4.48,0.0,10,4341,卖盘
1786,14:40:52,4.48,0.0,2,896,卖盘
1787,14:41:01,4.48,0.0,1,448,卖盘
1788,14:41:10,4.48,0.0,1,448,卖盘
1789,14:41:16,4.48,0.0,27,12096,卖盘
1790,14:41:31,4.48,0.0,8,3584,卖盘
1791,14:41:37,4.49,0.01,5,2245,买盘
1792,14:41:43,4.49,0.0,6,2694,买盘
1793,14:41:52,4.48,-0.01,25,11220,卖盘
1794,14:42:01,4.48,0.0,1,448,卖盘
1795,14:42:04,4.49,0.01,49,22001,买盘
1796,14:42:09,4.48,-0.01,10,4480,卖盘
1797,14:42:13,4.48,0.0,110,49290,卖盘
1798,14:42:16,4.48,0.0,26,11648,卖盘
1799,14:42:31,4.49,0.01,3,1347,买盘
1800,14:42:52,4.49,0.0,5,2245,买盘
1801,14:43:04,4.49,0.0,6,2694,买盘
1802,14:43:16,4.49,0.0,23,10327,买盘
1803,14:43:19,4.49,0.0,1,449,买盘
1804,14:43:21,4.49,0.0,2,898,买盘
1805,14:43:28,4.48,-0.01,30,13440,卖盘
1806,14:43:37,4.49,0.01,8,3592,买盘
1807,14:44:07,4.48,-0.01,25,11200,卖盘
1808,14:44:12,4.49,0.01,20,8980,买盘
1809,14:44:16,4.49,0.0,1,449,买盘
1810,14:44:34,4.48,-0.01,13,5834,卖盘
1811,14:44:37,4.49,0.01,6,2694,买盘
1812,14:44:45,4.49,0.0,3,1347,买盘
1813,14:45:01,4.48,-0.01,200,89600,卖盘
1814,14:45:07,4.48,0.0,35,15680,卖盘
1815,14:45:13,4.48,0.0,8,3584,卖盘
1816,14:45:19,4.48,0.0,290,129920,卖盘
1817,14:45:25,4.48,0.0,24,10752,卖盘
1818,14:45:30,4.48,0.0,300,134400,卖盘
1819,14:45:37,4.48,0.0,6,2827,卖盘
1820,14:45:39,4.48,0.0,1,448,买盘
1821,14:45:43,4.47,-0.01,1,447,卖盘
1822,14:45:52,4.48,0.01,42,18677,买盘
1823,14:46:00,4.48,0.0,30,13440,卖盘
1824,14:46:13,4.48,0.0,2,896,卖盘
1825,14:46:16,4.49,0.01,44,19716,买盘
1826,14:46:28,4.48,-0.01,6,2688,卖盘
1827,14:46:31,4.49,0.01,2,898,买盘
1828,14:46:37,4.48,-0.01,1,448,卖盘
1829,14:46:43,4.48,0.0,1,448,卖盘
1830,14:46:49,4.48,0.0,249,111741,卖盘
1831,14:46:51,4.47,-0.01,23,10281,卖盘
1832,14:46:55,4.48,0.01,657,294336,卖盘
1833,14:47:01,4.48,0.0,4,1792,卖盘
1834,14:47:04,4.48,0.0,6,2518,买盘
1835,14:47:07,4.48,0.0,22,9856,卖盘
1836,14:47:13,4.48,0.0,1,448,卖盘
1837,14:47:18,4.48,0.0,46,20608,卖盘
1838,14:47:37,4.49,0.01,4,1795,买盘
1839,14:47:43,4.48,-0.01,1,448,卖盘
1840,14:47:52,4.48,0.0,1,448,卖盘
1841,14:48:01,4.48,0.0,15,6720,卖盘
1842,14:48:13,4.48,0.0,8,3584,卖盘
1843,14:48:43,4.48,0.0,2,896,卖盘
1844,14:48:57,4.49,0.01,3,1347,买盘
1845,14:49:04,4.48,-0.01,6,2688,卖盘
1846,14:49:09,4.49,0.01,1,449,买盘
1847,14:49:15,4.48,-0.01,1,448,卖盘
1848,14:49:22,4.49,0.01,566,254114,买盘
1849,14:49:28,4.49,0.0,19,8531,买盘
1850,14:49:34,4.49,0.0,11,4939,买盘
1851,14:49:43,4.48,-0.01,1,448,卖盘
1852,14:49:49,4.48,0.0,6,2688,卖盘
1853,14:49:52,4.49,0.01,13,5837,买盘
1854,14:49:55,4.49,0.0,6,2694,卖盘
1855,14:50:04,4.49,0.0,1,449,卖盘
1856,14:50:06,4.49,0.0,3,1347,卖盘
1857,14:50:13,4.49,0.0,39,17514,卖盘
1858,14:50:15,4.49,0.0,5,2245,卖盘
1859,14:50:28,4.49,0.0,2,898,卖盘
1860,14:50:37,4.49,0.0,3,1347,卖盘
1861,14:50:43,4.49,0.0,1,449,卖盘
1862,14:50:52,4.49,0.0,52,23348,卖盘
1863,14:50:55,4.49,0.0,3,1347,买盘
1864,14:50:58,4.49,0.0,2,898,买盘
1865,14:51:04,4.48,-0.01,1,448,卖盘
1866,14:51:07,4.48,0.0,3,1344,卖盘
1867,14:51:18,4.48,0.0,1,448,卖盘
1868,14:51:28,4.49,0.01,43,19307,买盘
1869,14:51:34,4.48,-0.01,1,448,卖盘
1870,14:51:37,4.48,0.0,432,194394,卖盘
1871,14:51:54,4.48,0.0,62,27815,卖盘
1872,14:52:07,4.49,0.01,2,898,卖盘
1873,14:52:25,4.48,-0.01,14,6274,卖盘
1874,14:52:55,4.49,0.01,46,20654,卖盘
1875,14:52:57,4.5,0.01,34,15300,买盘
1876,14:53:01,4.49,-0.01,19,8531,卖盘
1877,14:53:06,4.5,0.01,5,2250,买盘
1878,14:53:13,4.5,0.0,233,104850,买盘
1879,14:53:22,4.5,0.0,3,1350,买盘
1880,14:53:40,4.5,0.0,10,4500,买盘
1881,14:53:43,4.49,-0.01,1,449,卖盘
1882,14:54:10,4.5,0.01,82,36900,买盘
1883,14:54:13,4.49,-0.01,9,4049,卖盘
1884,14:54:19,4.5,0.01,4,1800,卖盘
1885,14:54:25,4.49,-0.01,7,3146,卖盘
1886,14:54:28,4.51,0.02,255,115005,买盘
1887,14:54:31,4.51,0.0,13,5863,卖盘
1888,14:54:37,4.51,0.0,24,10824,卖盘
1889,14:54:40,4.5,-0.01,26,11702,卖盘
1890,14:54:42,4.51,0.01,3,1353,买盘
1891,14:54:46,4.51,0.0,3,1353,买盘
1892,14:54:52,4.5,-0.01,47,21150,卖盘
1893,14:54:55,4.5,0.0,2,900,卖盘
1894,14:55:04,4.5,0.0,1,450,卖盘
1895,14:55:07,4.51,0.01,12,5412,买盘
1896,14:55:10,4.51,0.0,1,451,买盘
1897,14:55:13,4.51,0.0,9,4057,买盘
1898,14:55:25,4.51,0.0,208,93808,买盘
1899,14:55:37,4.5,-0.01,5,2250,卖盘
1900,14:55:42,4.5,0.0,5,2250,卖盘
1901,14:56:01,4.5,0.0,47,21150,卖盘
1902,14:56:06,4.51,0.01,5,2255,买盘
1903,14:56:09,4.5,-0.01,39,17550,卖盘
1904,14:56:13,4.51,0.01,65,29315,买盘
1905,14:56:31,4.52,0.01,367,165884,买盘
1906,14:56:37,4.5,-0.02,74,33300,卖盘
1907,14:56:43,4.5,0.0,26,11700,买盘
1908,14:56:49,4.5,0.0,1,450,卖盘
1909,14:56:52,4.49,-0.01,39,17531,卖盘
1910,14:56:55,4.5,0.01,9,4050,买盘
1911,15:00:04,4.52,0.02,121,54692,卖盘
