,time,price,change,volume,amount,type
0,09:25:04,4.22,-0.05,504,212688,卖盘
1,09:30:05,4.23,0.01,40,16920,买盘
2,09:30:07,4.24,0.01,217,91802,中性盘
3,09:30:09,4.25,0.01,73,31012,买盘
4,09:30:13,4.24,-0.01,10,4240,卖盘
5,09:30:16,4.25,0.01,38,16150,买盘
6,09:30:19,4.27,0.02,212,90441,买盘
7,09:30:22,4.27,0.0,98,41846,买盘
8,09:30:28,4.27,0.0,99,42242,买盘
9,09:30:31,4.27,0.0,21,8967,卖盘
10,09:30:34,4.28,0.01,157,67196,买盘
11,09:30:37,4.27,-0.01,38,16261,卖盘
12,09:30:40,4.28,0.01,127,54310,买盘
13,09:30:42,4.3,0.02,758,325865,买盘
14,09:30:46,4.3,0.0,13,5590,卖盘
15,09:30:49,4.3,0.0,142,60643,卖盘
16,09:30:58,4.28,-0.02,25,10700,买盘
17,09:31:04,4.29,0.01,14,6006,买盘
18,09:31:07,4.29,0.0,2,858,买盘
19,09:31:10,4.28,-0.01,2,856,买盘
20,09:31:16,4.27,-0.01,22,9394,卖盘
21,09:31:25,4.27,0.0,20,8540,卖盘
22,09:31:27,4.27,0.0,10,4270,买盘
23,09:31:34,4.25,-0.02,100,42500,卖盘
24,09:31:37,4.27,0.02,15,6407,买盘
25,09:31:40,4.27,0.0,11,4697,卖盘
26,09:31:43,4.27,0.0,13,5551,卖盘
27,09:31:52,4.25,-0.02,8,3404,卖盘
28,09:32:01,4.25,0.0,150,63750,卖盘
29,09:32:04,4.27,0.02,225,96034,买盘
30,09:32:07,4.27,0.0,15,6407,卖盘
31,09:32:10,4.27,0.0,140,59780,卖盘
32,09:32:13,4.27,0.0,204,87108,卖盘
33,09:32:16,4.27,0.0,5,2135,买盘
34,09:32:25,4.25,-0.02,3,1275,卖盘
35,09:32:37,4.25,0.0,3,1277,卖盘
36,09:32:40,4.25,0.0,1,425,卖盘
37,09:32:49,4.25,0.0,22,9350,卖盘
38,09:32:52,4.25,0.0,33,14025,卖盘
39,09:32:55,4.25,0.0,5,2125,买盘
40,09:32:58,4.25,0.0,47,19975,买盘
41,09:33:01,4.25,0.0,29,12325,买盘
42,09:33:05,4.26,0.01,131,55784,买盘
43,09:33:07,4.26,0.0,69,29396,卖盘
44,09:33:09,4.26,0.0,221,94148,卖盘
45,09:33:13,4.27,0.01,4,1708,买盘
46,09:33:19,4.26,-0.01,2,852,卖盘
47,09:33:21,4.26,0.0,236,100546,卖盘
48,09:33:25,4.26,0.0,8,3408,买盘
49,09:33:37,4.26,0.0,12,5112,买盘
50,09:33:40,4.26,0.0,2,852,买盘
51,09:33:49,4.25,-0.01,187,79560,卖盘
52,09:34:06,4.26,0.01,2,852,买盘
53,09:34:10,4.26,0.0,2,852,买盘
54,09:34:19,4.26,0.0,97,41322,买盘
55,09:34:22,4.24,-0.02,800,340033,卖盘
56,09:34:31,4.26,0.02,1,426,中性盘
57,09:34:34,4.25,-0.01,10,4250,卖盘
58,09:34:43,4.26,0.01,3,1278,卖盘
59,09:34:46,4.26,0.0,4,1704,买盘
60,09:34:49,4.24,-0.02,4,1700,卖盘
61,09:35:06,4.26,0.02,2,852,买盘
62,09:35:19,4.25,-0.01,2,850,卖盘
63,09:35:25,4.25,0.0,144,61200,卖盘
64,09:35:28,4.25,0.0,20,8500,买盘
65,09:35:30,4.25,0.0,3,1275,买盘
66,09:35:36,4.25,0.0,62,26350,买盘
67,09:35:43,4.25,0.0,71,30175,买盘
68,09:35:46,4.25,0.0,30,12750,中性盘
69,09:35:49,4.25,0.0,2,850,卖盘
70,09:36:04,4.25,0.0,43,18275,卖盘
71,09:36:07,4.26,0.01,182,77475,买盘
72,09:36:13,4.26,0.0,56,23856,卖盘
73,09:36:16,4.24,-0.02,79,33648,卖盘
74,09:36:25,4.24,0.0,5,2120,卖盘
75,09:36:28,4.24,0.0,4,1696,卖盘
76,09:36:37,4.25,0.01,28,12112,买盘
77,09:36:40,4.25,0.0,34,14450,卖盘
78,09:36:43,4.26,0.01,3,1278,买盘
79,09:36:46,4.25,-0.01,301,127632,卖盘
80,09:37:01,4.24,-0.01,300,127200,卖盘
81,09:37:04,4.24,0.0,52,21836,卖盘
82,09:37:07,4.24,0.0,2,848,买盘
83,09:37:22,4.23,-0.01,311,131624,卖盘
84,09:37:27,4.24,0.01,38,16078,买盘
85,09:37:34,4.22,-0.02,1236,521624,卖盘
86,09:37:37,4.24,0.02,2,848,买盘
87,09:37:43,4.24,0.0,80,33920,买盘
88,09:37:49,4.24,0.0,1,424,买盘
89,09:37:51,4.22,-0.02,85,35870,卖盘
90,09:37:58,4.26,0.04,177,75338,买盘
91,09:38:00,4.24,-0.02,98,41843,中性盘
92,09:38:43,4.24,0.0,12,5088,卖盘
93,09:39:01,4.24,0.0,4,1696,卖盘
94,09:39:04,4.24,0.0,18,7632,卖盘
95,09:39:07,4.26,0.02,2,851,买盘
96,09:39:13,4.24,-0.02,1,424,卖盘
97,09:39:15,4.24,0.0,6,2544,卖盘
98,09:39:22,4.25,0.01,5,2125,买盘
99,09:39:25,4.24,-0.01,1,424,卖盘
100,09:39:31,4.25,0.01,23,9757,买盘
101,09:39:37,4.25,0.0,3,1275,买盘
102,09:39:40,4.24,-0.01,18,7641,卖盘
103,09:39:49,4.24,0.0,33,14204,卖盘
104,09:40:01,4.25,0.01,2,850,买盘
105,09:40:04,4.25,0.0,11,4665,买盘
106,09:40:10,4.24,-0.01,20,8480,卖盘
107,09:40:13,4.24,0.0,50,21200,卖盘
108,09:40:19,4.24,0.0,9,3819,卖盘
109,09:40:31,4.25,0.01,31,13175,买盘
110,09:40:37,4.24,-0.01,9,3816,卖盘
111,09:40:51,4.25,0.01,16,6800,买盘
112,09:41:13,4.25,0.0,1,425,买盘
113,09:41:25,4.24,-0.01,8,3392,卖盘
114,09:41:34,4.25,0.01,18,7650,买盘
115,09:41:43,4.24,-0.01,4,1696,卖盘
116,09:41:46,4.25,0.01,56,23800,买盘
117,09:41:49,4.25,0.0,2,850,卖盘
118,09:41:51,4.25,0.0,42,17850,卖盘
119,09:41:58,4.24,-0.01,27,11452,卖盘
120,09:42:34,4.24,0.0,6,2544,卖盘
121,09:42:58,4.24,0.0,27,11448,卖盘
122,09:43:43,4.25,0.01,48,20400,买盘
123,09:43:55,4.25,0.0,6,2550,买盘
124,09:44:10,4.24,-0.01,17,7208,卖盘
125,09:44:34,4.24,0.0,46,19504,卖盘
126,09:44:36,4.24,0.0,78,33072,卖盘
127,09:44:40,4.24,0.0,1,212,买盘
128,09:44:49,4.23,-0.01,16,6768,卖盘
129,09:44:58,4.23,0.0,1,423,卖盘
130,09:45:01,4.23,0.0,8,3384,卖盘
131,09:45:10,4.23,0.0,7,2961,卖盘
132,09:45:16,4.23,0.0,7,2961,卖盘
133,09:45:19,4.23,0.0,1,423,卖盘
134,09:45:24,4.23,0.0,22,9306,卖盘
135,09:45:31,4.23,0.0,104,43992,卖盘
136,09:45:42,4.22,-0.01,203,85766,卖盘
137,09:46:01,4.23,0.01,2,846,买盘
138,09:46:13,4.22,-0.01,98,41362,卖盘
139,09:46:28,4.25,0.03,202,85688,买盘
140,09:46:30,4.22,-0.03,118,49804,卖盘
141,09:46:34,4.26,0.04,99,42093,买盘
142,09:46:37,4.22,-0.04,86,36292,卖盘
143,09:46:58,4.24,0.02,3,1272,买盘
144,09:47:13,4.25,0.01,22,9350,买盘
145,09:47:31,4.25,0.0,76,32300,买盘
146,09:47:58,4.25,0.0,1,425,买盘
147,09:48:13,4.24,-0.01,1,424,卖盘
148,09:48:31,4.24,0.0,2,848,卖盘
149,09:48:46,4.24,0.0,66,27984,卖盘
150,09:48:52,4.23,-0.01,22,9306,卖盘
151,09:49:01,4.23,0.0,1,423,卖盘
152,09:49:04,4.23,0.0,1,423,卖盘
153,09:49:19,4.23,0.0,4,1692,卖盘
154,09:49:25,4.25,0.02,170,72245,买盘
155,09:49:28,4.23,-0.02,6,2538,卖盘
156,09:49:42,4.23,0.0,7,2961,卖盘
157,09:49:49,4.23,0.0,105,44415,卖盘
158,09:50:07,4.23,0.0,120,50760,卖盘
159,09:50:25,4.23,0.0,1,423,卖盘
160,09:50:28,4.23,0.0,18,7614,卖盘
161,09:50:31,4.24,0.01,2,848,买盘
162,09:50:34,4.23,-0.01,14,5922,卖盘
163,09:50:37,4.23,0.0,89,37647,卖盘
164,09:50:49,4.23,0.0,7,2961,卖盘
165,09:50:54,4.23,0.0,48,20304,卖盘
166,09:51:01,4.23,0.0,46,19458,卖盘
167,09:51:04,4.22,-0.01,32,13536,卖盘
168,09:51:07,4.24,0.02,31,13144,买盘
169,09:51:10,4.24,0.0,19,8056,卖盘
170,09:51:16,4.23,-0.01,200,84600,卖盘
171,09:51:25,4.24,0.01,11,4664,买盘
172,09:51:27,4.24,0.0,27,11448,卖盘
173,09:51:31,4.24,0.0,31,13144,卖盘
174,09:51:34,4.24,0.0,1,424,卖盘
175,09:51:37,4.24,0.0,5,2120,卖盘
176,09:51:40,4.24,0.0,9,3816,卖盘
177,09:52:19,4.23,-0.01,2,846,卖盘
178,09:52:28,4.23,0.0,2,846,卖盘
179,09:52:33,4.23,0.0,1,423,卖盘
180,09:52:37,4.23,0.0,1,423,卖盘
181,09:52:40,4.23,0.0,2,846,卖盘
182,09:52:55,4.23,0.0,2,846,卖盘
183,09:53:13,4.24,0.01,24,10176,买盘
184,09:53:37,4.23,-0.01,41,17351,卖盘
185,09:53:43,4.23,0.0,1,423,卖盘
186,09:54:04,4.23,0.0,6,2538,卖盘
187,09:54:10,4.23,0.0,600,253800,卖盘
188,09:54:43,4.22,-0.01,2,844,卖盘
189,09:54:46,4.22,0.0,3,1266,卖盘
190,09:54:51,4.22,0.0,3,1266,卖盘
191,09:55:25,4.22,0.0,47,19834,卖盘
192,09:55:37,4.22,0.0,3,1266,卖盘
193,09:55:49,4.23,0.01,3,1269,买盘
194,09:55:52,4.22,-0.01,4,1688,卖盘
195,09:55:58,4.22,0.0,3,1266,卖盘
196,09:56:12,4.22,0.0,7,2954,卖盘
197,09:56:16,4.23,0.01,10,4230,买盘
198,09:56:24,4.23,0.0,5,2115,买盘
199,09:56:31,4.22,-0.01,2,844,卖盘
200,09:56:40,4.23,0.01,20,8460,买盘
201,09:56:43,4.22,-0.01,1,422,卖盘
202,09:56:46,4.22,0.0,1,422,卖盘
203,09:56:57,4.22,0.0,2,844,卖盘
204,09:57:07,4.22,0.0,12,5074,卖盘
205,09:57:16,4.22,0.0,1087,458714,卖盘
206,09:57:19,4.22,0.0,24,10128,买盘
207,09:57:22,4.21,-0.01,5,2105,卖盘
208,09:57:28,4.21,0.0,2,842,卖盘
209,09:57:46,4.21,0.0,1,421,卖盘
210,09:57:49,4.21,0.0,2,842,卖盘
211,09:57:52,4.21,0.0,12,5052,卖盘
212,09:57:55,4.21,0.0,7,2951,卖盘
213,09:57:58,4.21,0.0,2035,856735,卖盘
214,09:58:04,4.21,0.0,3,1263,卖盘
215,09:58:07,4.21,0.0,52,21892,卖盘
216,09:58:10,4.21,0.0,33,13893,卖盘
217,09:58:13,4.2,-0.01,16,6734,卖盘
218,09:58:18,4.21,0.01,4,1684,买盘
219,09:58:22,4.2,-0.01,1,420,卖盘
220,09:58:25,4.21,0.01,44,18524,买盘
221,09:58:34,4.2,-0.01,2,840,卖盘
222,09:58:43,4.21,0.01,4,1684,买盘
223,09:58:46,4.21,0.0,132,55572,买盘
224,09:58:52,4.21,0.0,5,2109,卖盘
225,09:58:54,4.21,0.0,1,421,卖盘
226,09:59:01,4.21,0.0,37,15577,卖盘
227,09:59:04,4.21,0.0,3,1263,卖盘
228,09:59:07,4.22,0.01,2,844,买盘
229,09:59:09,4.21,-0.01,4,1684,卖盘
230,09:59:13,4.22,0.01,10,4220,买盘
231,09:59:16,4.21,-0.01,272,114512,卖盘
232,09:59:19,4.22,0.01,380,160004,买盘
233,09:59:22,4.22,0.0,76,32065,买盘
234,09:59:25,4.22,0.0,15,6330,买盘
235,09:59:28,4.21,-0.01,2,842,卖盘
236,09:59:34,4.21,0.0,20,8420,卖盘
237,09:59:49,4.22,0.01,3,1266,买盘
238,09:59:52,4.21,-0.01,5,2105,卖盘
239,09:59:57,4.21,0.0,3,1263,卖盘
240,10:00:01,4.21,0.0,16,6748,卖盘
241,10:00:07,4.21,0.0,15,6315,卖盘
242,10:00:10,4.21,0.0,3,1263,卖盘
243,10:00:28,4.22,0.01,3,1266,买盘
244,10:00:31,4.21,-0.01,4,1684,卖盘
245,10:00:52,4.21,0.0,4,1684,卖盘
246,10:00:58,4.22,0.01,16,6752,买盘
247,10:01:04,4.22,0.0,9,3798,卖盘
248,10:01:25,4.22,0.0,77,32494,买盘
249,10:01:46,4.23,0.01,20,8460,买盘
250,10:01:52,4.22,-0.01,11,5056,卖盘
251,10:02:04,4.23,0.01,6,2538,买盘
252,10:02:13,4.22,-0.01,78,32502,卖盘
253,10:02:19,4.22,0.0,5,2110,买盘
254,10:02:22,4.22,0.0,10,4220,买盘
255,10:02:33,4.21,-0.01,6,2526,卖盘
256,10:02:37,4.21,0.0,3,1263,卖盘
257,10:04:07,4.21,0.0,100,42100,卖盘
258,10:04:34,4.22,0.01,30,12660,买盘
259,10:04:51,4.21,-0.01,6,2526,卖盘
260,10:04:58,4.21,0.0,2,842,卖盘
261,10:05:01,4.22,0.01,30,12660,买盘
262,10:05:07,4.21,-0.01,50,21050,卖盘
263,10:05:10,4.21,0.0,49,20629,卖盘
264,10:05:55,4.21,0.0,2,842,卖盘
265,10:05:58,4.22,0.01,100,42200,买盘
266,10:06:01,4.21,-0.01,75,31575,卖盘
267,10:06:09,4.22,0.01,80,33710,买盘
268,10:06:13,4.22,0.0,5,2110,买盘
269,10:06:19,4.23,0.01,79,33404,买盘
270,10:07:04,4.22,-0.01,24,10128,卖盘
271,10:07:10,4.21,-0.01,1,421,卖盘
272,10:07:28,4.22,0.01,29,12238,卖盘
273,10:07:34,4.23,0.01,100,42300,买盘
274,10:07:40,4.22,-0.01,427,181012,中性盘
275,10:07:43,4.23,0.01,1,423,中性盘
276,10:08:19,4.23,0.0,10,4230,买盘
277,10:08:40,4.21,-0.02,101,42529,卖盘
278,10:09:04,4.22,0.01,58,24476,买盘
279,10:09:06,4.22,0.0,1,422,卖盘
280,10:09:10,4.22,0.0,5,2110,卖盘
281,10:10:07,4.21,-0.01,15,6315,卖盘
282,10:10:28,4.22,0.01,4,1688,买盘
283,10:10:36,4.21,-0.01,15,6315,卖盘
284,10:10:40,4.23,0.02,50,21121,买盘
285,10:11:40,4.21,-0.02,13,5473,卖盘
286,10:11:52,4.22,0.01,33,13926,买盘
287,10:11:55,4.22,0.0,97,40934,卖盘
288,10:11:58,4.21,-0.01,10,4210,卖盘
289,10:12:07,4.22,0.01,54,22788,买盘
290,10:12:46,4.21,-0.01,6,2530,卖盘
291,10:13:04,4.22,0.01,10,4220,买盘
292,10:13:16,4.22,0.0,57,24054,买盘
293,10:13:25,4.22,0.0,36,15192,买盘
294,10:14:04,4.22,0.0,19,8018,卖盘
295,10:14:07,4.22,0.0,1,422,卖盘
296,10:14:10,4.22,0.0,32,13504,卖盘
297,10:14:34,4.21,-0.01,557,234575,卖盘
298,10:14:37,4.2,-0.01,6,2520,卖盘
299,10:14:40,4.21,0.01,6,2526,买盘
300,10:14:43,4.21,0.0,20,8420,买盘
301,10:14:46,4.21,0.0,1,421,买盘
302,10:14:49,4.21,0.0,23,9683,买盘
303,10:14:52,4.21,0.0,1,421,买盘
304,10:14:55,4.21,0.0,1,421,买盘
305,10:15:07,4.21,0.0,2,842,买盘
306,10:15:10,4.2,-0.01,32,13440,卖盘
307,10:15:13,4.21,0.01,246,103566,买盘
308,10:15:18,4.21,0.0,1,421,买盘
309,10:15:25,4.21,0.0,1,421,买盘
310,10:15:39,4.2,-0.01,9,3780,卖盘
311,10:15:43,4.21,0.01,7,2947,买盘
312,10:16:06,4.21,0.0,2,842,卖盘
313,10:16:09,4.22,0.01,3,1266,卖盘
314,10:16:12,4.21,-0.01,32,13472,卖盘
315,10:16:40,4.21,0.0,18,7578,卖盘
316,10:16:52,4.21,0.0,1,421,卖盘
317,10:17:01,4.22,0.01,58,24476,买盘
318,10:17:09,4.21,-0.01,32,13472,卖盘
319,10:17:16,4.22,0.01,4,1688,买盘
320,10:17:19,4.22,0.0,36,15192,买盘
321,10:17:43,4.21,-0.01,8,3368,卖盘
322,10:17:46,4.22,0.01,5,2110,买盘
323,10:18:10,4.21,-0.01,32,13472,卖盘
324,10:18:13,4.22,0.01,33,13926,买盘
325,10:18:19,4.22,0.0,10,4220,买盘
326,10:18:22,4.22,0.0,44,18568,买盘
327,10:19:04,4.23,0.01,10,4230,买盘
328,10:19:06,4.22,-0.01,2,844,卖盘
329,10:19:13,4.22,0.0,32,13504,卖盘
330,10:19:49,4.22,0.0,1,422,卖盘
331,10:19:52,4.23,0.01,13,5499,买盘
332,10:20:06,4.22,-0.01,15,6330,卖盘
333,10:20:09,4.22,0.0,42,17734,卖盘
334,10:20:16,4.23,0.01,1,423,买盘
335,10:20:24,4.23,0.0,20,8460,买盘
336,10:20:28,4.22,-0.01,5,2110,卖盘
337,10:20:40,4.23,0.01,13,5499,买盘
338,10:21:13,4.22,-0.01,32,13504,卖盘
339,10:21:16,4.23,0.01,20,8460,买盘
340,10:21:27,4.23,0.0,6,2538,买盘
341,10:21:31,4.22,-0.01,5,2110,卖盘
342,10:21:40,4.22,0.0,18,7596,卖盘
343,10:21:51,4.23,0.01,7,2961,买盘
344,10:22:01,4.22,-0.01,1,422,卖盘
345,10:22:07,4.22,0.0,2,844,卖盘
346,10:22:09,4.22,0.0,32,13504,卖盘
347,10:22:27,4.23,0.01,11,4653,买盘
348,10:22:34,4.22,-0.01,9,3798,卖盘
349,10:22:43,4.22,0.0,10,4220,卖盘
350,10:22:46,4.22,0.0,1,422,卖盘
351,10:22:58,4.22,0.0,30,12660,卖盘
352,10:23:06,4.22,0.0,2,844,卖盘
353,10:23:10,4.22,0.0,32,13504,卖盘
354,10:23:16,4.23,0.01,8,3384,买盘
355,10:23:36,4.22,-0.01,18,7596,卖盘
356,10:23:57,4.23,0.01,8,3384,买盘
357,10:24:07,4.23,0.0,200,84600,买盘
358,10:24:09,4.22,-0.01,32,13504,卖盘
359,10:24:19,4.23,0.01,15,6345,买盘
360,10:24:34,4.23,0.0,10,4230,买盘
361,10:24:42,4.22,-0.01,52,21944,卖盘
362,10:24:46,4.22,0.0,51,21522,卖盘
363,10:25:07,4.22,0.0,2,844,卖盘
364,10:25:10,4.22,0.0,37,15619,卖盘
365,10:26:01,4.23,0.01,8,3384,买盘
366,10:26:04,4.22,-0.01,165,69630,卖盘
367,10:26:10,4.22,0.0,72,30424,卖盘
368,10:26:25,4.23,0.01,22,9306,买盘
369,10:26:43,4.23,0.0,7,2961,买盘
370,10:26:52,4.22,-0.01,15,6330,卖盘
371,10:27:07,4.22,0.0,2,844,卖盘
372,10:27:16,4.23,0.01,13,5499,买盘
373,10:27:22,4.22,-0.01,3,1266,卖盘
374,10:27:31,4.22,0.0,1,422,卖盘
375,10:28:01,4.23,0.01,5,2115,买盘
376,10:28:07,4.23,0.0,8,3384,买盘
377,10:28:10,4.23,0.0,5,2115,买盘
378,10:28:34,4.22,-0.01,1,422,卖盘
379,10:28:52,4.23,0.01,10,4230,买盘
380,10:29:10,4.22,-0.01,32,13504,卖盘
381,10:29:31,4.23,0.01,11,4653,买盘
382,10:29:37,4.22,-0.01,171,72162,卖盘
383,10:29:43,4.22,0.0,62,26164,买盘
384,10:29:45,4.21,-0.01,8,3368,卖盘
385,10:29:52,4.22,0.01,41,17302,买盘
386,10:30:04,4.21,-0.01,58,24418,卖盘
387,10:30:06,4.21,0.0,15,6315,卖盘
388,10:30:10,4.21,0.0,32,13472,卖盘
389,10:30:13,4.21,0.0,8,3368,卖盘
390,10:30:18,4.22,0.01,5,2110,买盘
391,10:30:28,4.21,-0.01,138,58098,卖盘
392,10:30:31,4.22,0.01,72,30333,买盘
393,10:30:39,4.22,0.0,10,4214,买盘
394,10:30:43,4.22,0.0,92,38824,买盘
395,10:30:46,4.21,-0.01,11,4631,卖盘
396,10:30:54,4.21,0.0,43,18103,卖盘
397,10:31:01,4.22,0.01,5,2110,买盘
398,10:31:07,4.21,-0.01,200,84200,卖盘
399,10:31:13,4.22,0.01,42,17692,买盘
400,10:31:31,4.22,0.0,100,42200,买盘
401,10:31:36,4.22,0.0,5,2110,买盘
402,10:31:40,4.21,-0.01,49,20629,卖盘
403,10:31:43,4.21,0.0,43,18103,卖盘
404,10:32:04,4.22,0.01,7,2954,买盘
405,10:32:12,4.21,-0.01,32,13472,卖盘
406,10:32:16,4.22,0.01,11,4642,买盘
407,10:32:37,4.21,-0.01,20,8420,卖盘
408,10:33:07,4.22,0.01,2,844,买盘
409,10:33:12,4.21,-0.01,32,13472,卖盘
410,10:33:19,4.22,0.01,10,4220,买盘
411,10:33:21,4.22,0.0,20,8440,买盘
412,10:33:40,4.22,0.0,21,8862,买盘
413,10:33:52,4.23,0.01,241,102068,买盘
414,10:34:13,4.21,-0.02,32,13472,卖盘
415,10:34:16,4.22,0.01,9,3798,买盘
416,10:34:21,4.22,0.0,10,4220,买盘
417,10:34:46,4.22,0.0,30,12660,买盘
418,10:34:49,4.22,0.0,168,70896,买盘
419,10:34:52,4.23,0.01,5,2115,买盘
420,10:35:13,4.22,-0.01,32,13504,卖盘
421,10:35:34,4.22,0.0,15,6330,卖盘
422,10:35:46,4.23,0.01,14,5922,买盘
423,10:35:49,4.23,0.0,201,85023,买盘
424,10:35:52,4.23,0.0,5,2115,买盘
425,10:36:06,4.23,0.0,2,846,卖盘
426,10:36:13,4.23,0.0,29,12267,卖盘
427,10:36:19,4.24,0.01,11,4661,买盘
428,10:36:43,4.23,-0.01,5,2115,中性盘
429,10:36:58,4.24,0.01,6,2544,买盘
430,10:37:04,4.24,0.0,70,29680,买盘
431,10:37:13,4.23,-0.01,32,13536,卖盘
432,10:37:16,4.23,0.0,6,2538,卖盘
433,10:37:31,4.23,0.0,5,2115,卖盘
434,10:37:45,4.23,0.0,7,2961,卖盘
435,10:38:00,4.24,0.01,11,4664,买盘
436,10:38:12,4.23,-0.01,32,13536,卖盘
437,10:38:16,4.24,0.01,10,4240,买盘
438,10:38:25,4.24,0.0,8,3392,买盘
439,10:38:33,4.24,0.0,24,10176,买盘
440,10:38:37,4.23,-0.01,15,6345,卖盘
441,10:38:40,4.23,0.0,16,6768,卖盘
442,10:38:49,4.23,0.0,6,2538,卖盘
443,10:39:07,4.23,0.0,2,846,卖盘
444,10:39:12,4.23,0.0,32,13536,卖盘
445,10:39:34,4.23,0.0,37,15651,卖盘
446,10:39:43,4.24,0.01,10,4240,买盘
447,10:39:52,4.24,0.0,100,42400,买盘
448,10:40:04,4.23,-0.01,18,7614,卖盘
449,10:40:06,4.23,0.0,18,7614,卖盘
450,10:40:13,4.23,0.0,1,423,买盘
451,10:40:16,4.22,-0.01,15,6330,卖盘
452,10:40:19,4.22,0.0,15,6330,卖盘
453,10:40:37,4.22,0.0,62,26164,卖盘
454,10:40:40,4.22,0.0,1,422,卖盘
455,10:40:48,4.22,0.0,156,65964,卖盘
456,10:41:01,4.22,0.0,106,44394,卖盘
457,10:41:07,4.22,0.0,1,422,卖盘
458,10:41:09,4.22,0.0,106,44732,卖盘
459,10:41:13,4.22,0.0,32,13504,卖盘
460,10:41:37,4.22,0.0,5,2110,卖盘
461,10:41:55,4.23,0.01,50,21150,买盘
462,10:42:04,4.22,-0.01,15,6330,卖盘
463,10:42:12,4.22,0.0,62,26164,卖盘
464,10:42:22,4.23,0.01,124,52452,买盘
465,10:43:01,4.22,-0.01,46,19412,卖盘
466,10:43:12,4.22,0.0,32,13504,卖盘
467,10:43:19,4.22,0.0,233,98533,卖盘
468,10:43:33,4.24,0.02,68,28823,买盘
469,10:43:49,4.22,-0.02,1,422,卖盘
470,10:44:13,4.22,0.0,32,13504,卖盘
471,10:44:15,4.23,0.01,17,7191,买盘
472,10:44:21,4.23,0.0,39,16497,买盘
473,10:44:34,4.23,0.0,23,9729,买盘
474,10:44:40,4.23,0.0,7,2961,卖盘
475,10:44:43,4.23,0.0,24,10152,卖盘
476,10:44:54,4.23,0.0,28,11844,卖盘
477,10:44:58,4.23,0.0,15,6345,卖盘
478,10:45:01,4.23,0.0,15,6345,卖盘
479,10:45:07,4.23,0.0,15,6345,买盘
480,10:45:13,4.22,-0.01,32,13504,卖盘
481,10:45:22,4.23,0.01,16,6768,买盘
482,10:45:24,4.22,-0.01,64,27008,卖盘
483,10:45:33,4.23,0.01,4,1692,买盘
484,10:45:52,4.22,-0.01,8,3376,卖盘
485,10:46:00,4.22,0.0,12,5064,卖盘
486,10:46:04,4.22,0.0,11,4642,卖盘
487,10:46:06,4.22,0.0,11,4642,卖盘
488,10:46:12,4.22,0.0,32,13504,卖盘
489,10:46:19,4.23,0.01,80,33840,买盘
490,10:46:25,4.23,0.0,6,2538,买盘
491,10:46:31,4.23,0.0,57,24100,买盘
492,10:46:34,4.22,-0.01,1,422,卖盘
493,10:46:49,4.22,0.0,8,3376,卖盘
494,10:46:58,4.22,0.0,24,10128,卖盘
495,10:47:13,4.22,0.0,32,13504,卖盘
496,10:47:16,4.22,0.0,56,23632,卖盘
497,10:47:19,4.23,0.01,36,15228,买盘
498,10:47:28,4.22,-0.01,47,19834,卖盘
499,10:47:34,4.22,0.0,26,10972,卖盘
500,10:47:43,4.22,0.0,28,11816,卖盘
501,10:47:49,4.22,0.0,8,3376,卖盘
502,10:48:01,4.23,0.01,6,2538,买盘
503,10:48:13,4.22,-0.01,32,13504,卖盘
504,10:48:19,4.23,0.01,5,2115,买盘
505,10:48:21,4.22,-0.01,1,422,卖盘
506,10:48:34,4.22,0.0,26,10972,卖盘
507,10:48:40,4.22,0.0,24,10128,卖盘
508,10:48:49,4.22,0.0,9,3798,卖盘
509,10:48:58,4.22,0.0,1,422,卖盘
510,10:49:04,4.22,0.0,10,4220,卖盘
511,10:49:13,4.22,0.0,6,2532,卖盘
512,10:49:18,4.22,0.0,62,26164,卖盘
513,10:49:33,4.22,0.0,26,10972,卖盘
514,10:49:37,4.22,0.0,1,422,卖盘
515,10:49:48,4.22,0.0,8,3376,卖盘
516,10:49:55,4.22,0.0,10,4220,卖盘
517,10:50:06,4.22,0.0,15,6330,卖盘
518,10:50:09,4.22,0.0,6,2532,卖盘
519,10:50:13,4.22,0.0,32,13504,卖盘
520,10:50:25,4.22,0.0,24,10128,卖盘
521,10:50:34,4.22,0.0,25,10550,卖盘
522,10:50:48,4.22,0.0,8,3376,卖盘
523,10:50:58,4.22,0.0,34,14348,卖盘
524,10:51:01,4.22,0.0,24,10128,卖盘
525,10:51:13,4.22,0.0,32,13504,卖盘
526,10:51:37,4.22,0.0,26,10972,卖盘
527,10:51:49,4.22,0.0,8,3376,卖盘
528,10:51:52,4.22,0.0,2,844,卖盘
529,10:51:57,4.22,0.0,14,5908,卖盘
530,10:52:04,4.21,-0.01,31,13059,卖盘
531,10:52:07,4.21,0.0,4,1684,卖盘
532,10:52:12,4.21,0.0,32,13472,卖盘
533,10:52:31,4.21,0.0,1,421,卖盘
534,10:52:33,4.21,0.0,14,5895,卖盘
535,10:52:37,4.22,0.01,30,12634,买盘
536,10:52:40,4.22,0.0,3,1266,买盘
537,10:52:43,4.22,0.0,3,1266,买盘
538,10:52:45,4.22,0.0,2,844,买盘
539,10:52:49,4.21,-0.01,10,4212,卖盘
540,10:52:51,4.22,0.01,2,844,买盘
541,10:52:54,4.22,0.0,2,844,买盘
542,10:53:07,4.21,-0.01,26,10948,卖盘
543,10:53:09,4.22,0.01,26,10948,买盘
544,10:53:12,4.22,0.0,52,21912,买盘
545,10:53:19,4.22,0.0,53,22366,买盘
546,10:53:34,4.22,0.0,26,10972,卖盘
547,10:53:36,4.22,0.0,21,8862,卖盘
548,10:53:49,4.22,0.0,9,3798,卖盘
549,10:54:00,4.22,0.0,49,20678,卖盘
550,10:54:07,4.22,0.0,32,13504,卖盘
551,10:54:13,4.21,-0.01,32,13472,卖盘
552,10:54:34,4.22,0.01,27,11394,卖盘
553,10:54:39,4.22,0.0,39,16458,卖盘
554,10:54:46,4.22,0.0,18,7600,卖盘
555,10:54:49,4.22,0.0,8,3376,卖盘
556,10:54:55,4.24,0.02,173,73199,买盘
557,10:55:00,4.21,-0.03,91,38333,卖盘
558,10:55:04,4.23,0.02,1,423,买盘
559,10:55:07,4.22,-0.01,2,845,卖盘
560,10:55:12,4.22,0.0,37,15619,卖盘
561,10:55:16,4.23,0.01,17,7191,买盘
562,10:55:19,4.22,-0.01,20,8440,卖盘
563,10:55:25,4.22,0.0,8,3376,卖盘
564,10:55:28,4.23,0.01,35,14795,买盘
565,10:55:33,4.22,-0.01,44,18568,卖盘
566,10:55:40,4.22,0.0,12,5064,卖盘
567,10:55:46,4.23,0.01,5,2115,买盘
568,10:55:49,4.23,0.0,25,10567,买盘
569,10:55:55,4.22,-0.01,15,6330,卖盘
570,10:56:13,4.22,0.0,38,16042,卖盘
571,10:56:18,4.22,0.0,59,24938,卖盘
572,10:56:25,4.22,0.0,26,10978,卖盘
573,10:56:31,4.23,0.01,62,26226,买盘
574,10:56:34,4.22,-0.01,26,10990,卖盘
575,10:56:37,4.22,0.0,33,13926,卖盘
576,10:56:40,4.23,0.01,10,4230,买盘
577,10:56:43,4.23,0.0,38,16061,买盘
578,10:56:49,4.23,0.0,17,7191,卖盘
579,10:57:06,4.23,0.0,2,846,卖盘
580,10:57:12,4.23,0.0,246,104058,卖盘
581,10:57:19,4.22,-0.01,122,51484,卖盘
582,10:57:37,4.24,0.02,48,20326,买盘
583,10:57:43,4.22,-0.02,24,10128,卖盘
584,10:58:12,4.22,0.0,32,13504,卖盘
585,10:58:19,4.22,0.0,16,6752,卖盘
586,10:58:25,4.22,0.0,20,8440,卖盘
587,10:58:30,4.22,0.0,9,3798,卖盘
588,10:58:37,4.22,0.0,25,10550,卖盘
589,10:58:40,4.22,0.0,14,5908,卖盘
590,10:58:43,4.22,0.0,13,5486,卖盘
591,10:59:01,4.22,0.0,7,2954,卖盘
592,10:59:04,4.23,0.01,3,1269,买盘
593,10:59:07,4.23,0.0,1,825,卖盘
594,10:59:13,4.23,0.0,32,13536,卖盘
595,10:59:19,4.23,0.0,18,7614,卖盘
596,10:59:22,4.23,0.0,46,19056,卖盘
597,10:59:27,4.23,0.0,23,9707,买盘
598,10:59:31,4.23,0.0,1,423,买盘
599,10:59:34,4.23,0.0,1,423,买盘
600,10:59:37,4.23,0.0,27,11395,买盘
601,10:59:39,4.23,0.0,1,423,买盘
602,10:59:42,4.23,0.0,24,10137,买盘
603,10:59:55,4.22,-0.01,11,4652,卖盘
604,11:00:01,4.22,0.0,17,7187,卖盘
605,11:00:04,4.22,0.0,28,11816,卖盘
606,11:00:09,4.23,0.01,16,6768,卖盘
607,11:00:13,4.23,0.0,32,13536,卖盘
608,11:00:19,4.23,0.0,16,6768,卖盘
609,11:00:33,4.24,0.01,69,29256,买盘
610,11:00:37,4.23,-0.01,42,17766,卖盘
611,11:00:40,4.23,0.0,34,14382,卖盘
612,11:00:46,4.23,0.0,21,8883,卖盘
613,11:01:13,4.23,0.0,32,13536,卖盘
614,11:01:16,4.23,0.0,8,3384,卖盘
615,11:01:18,4.23,0.0,16,6768,卖盘
616,11:01:34,4.23,0.0,15,6345,卖盘
617,11:01:40,4.23,0.0,11,4653,卖盘
618,11:02:13,4.23,0.0,32,13536,卖盘
619,11:02:18,4.23,0.0,16,6768,卖盘
620,11:02:36,4.23,0.0,60,25380,卖盘
621,11:02:43,4.23,0.0,30,12690,卖盘
622,11:02:57,4.23,0.0,2,846,卖盘
623,11:03:00,4.23,0.0,5,2115,卖盘
624,11:03:03,4.23,0.0,16,6768,卖盘
625,11:03:07,4.23,0.0,1,423,卖盘
626,11:03:10,4.22,-0.01,17,7181,卖盘
627,11:03:13,4.22,0.0,15,6330,卖盘
628,11:03:19,4.22,0.0,10,4220,卖盘
629,11:03:25,4.23,0.01,1,423,买盘
630,11:03:33,4.22,-0.01,142,59924,卖盘
631,11:03:39,4.22,0.0,106,44740,卖盘
632,11:03:46,4.22,0.0,17,7174,卖盘
633,11:03:49,4.23,0.01,30,12690,买盘
634,11:03:55,4.22,-0.01,15,6330,卖盘
635,11:04:03,4.22,0.0,41,17302,卖盘
636,11:04:09,4.23,0.01,61,25783,买盘
637,11:04:13,4.22,-0.01,41,17311,卖盘
638,11:04:16,4.22,0.0,20,8440,卖盘
639,11:04:19,4.22,0.0,66,27852,卖盘
640,11:04:21,4.23,0.01,14,5684,买盘
641,11:04:25,4.22,-0.01,37,15614,卖盘
642,11:04:31,4.23,0.01,9,3807,买盘
643,11:04:40,4.22,-0.01,11,4642,卖盘
644,11:04:45,4.22,0.0,2,844,卖盘
645,11:04:49,4.22,0.0,8,3376,卖盘
646,11:04:58,4.22,0.0,108,45576,卖盘
647,11:05:04,4.23,0.01,128,54086,买盘
648,11:05:10,4.23,0.0,35,14771,中性盘
649,11:05:16,4.22,-0.01,38,16054,卖盘
650,11:05:21,4.23,0.01,20,8441,买盘
651,11:05:25,4.24,0.01,20,8477,买盘
652,11:05:27,4.24,0.0,12,5088,买盘
653,11:05:31,4.22,-0.02,17,7174,卖盘
654,11:05:34,4.24,0.02,12,5088,买盘
655,11:05:37,4.22,-0.02,4,1688,卖盘
656,11:05:43,4.23,0.01,1,423,卖盘
657,11:05:46,4.23,0.0,1,423,卖盘
658,11:06:13,4.23,0.0,33,13934,卖盘
659,11:06:22,4.23,0.0,1,423,买盘
660,11:06:30,4.22,-0.01,6,2532,卖盘
661,11:06:34,4.22,0.0,13,5486,卖盘
662,11:06:40,4.23,0.01,5,2140,买盘
663,11:06:43,4.23,0.0,5,2115,卖盘
664,11:06:58,4.23,0.0,29,12267,卖盘
665,11:07:01,4.23,0.0,2,846,卖盘
666,11:07:12,4.23,0.0,3,1269,卖盘
667,11:07:15,4.23,0.0,12,5076,卖盘
668,11:07:19,4.24,0.01,1,424,买盘
669,11:07:22,4.24,0.0,5,2120,买盘
670,11:07:34,4.23,-0.01,6,2538,卖盘
671,11:07:40,4.24,0.01,3,1272,买盘
672,11:07:43,4.23,-0.01,2,846,卖盘
673,11:07:58,4.23,0.0,12,5076,卖盘
674,11:08:04,4.24,0.01,3,1272,买盘
675,11:08:07,4.24,0.0,1,424,买盘
676,11:08:13,4.23,-0.01,2,846,卖盘
677,11:08:21,4.23,0.0,1,423,卖盘
678,11:08:33,4.23,0.0,6,2538,卖盘
679,11:08:40,4.24,0.01,4,1696,买盘
680,11:08:43,4.23,-0.01,1,423,卖盘
681,11:08:46,4.23,0.0,4,1692,卖盘
682,11:08:52,4.23,0.0,200,84600,卖盘
683,11:08:57,4.23,0.0,3,1269,卖盘
684,11:09:01,4.23,0.0,1,423,卖盘
685,11:09:04,4.23,0.0,3,1269,卖盘
686,11:09:13,4.23,0.0,1,423,卖盘
687,11:09:19,4.23,0.0,12,5076,卖盘
688,11:09:22,4.23,0.0,1,423,卖盘
689,11:09:25,4.23,0.0,44,18587,卖盘
690,11:09:30,4.22,-0.01,2,844,卖盘
691,11:09:33,4.22,0.0,6,2532,卖盘
692,11:09:40,4.23,0.01,3,1269,买盘
693,11:09:42,4.22,-0.01,1,422,卖盘
694,11:09:51,4.22,0.0,1,422,卖盘
695,11:10:01,4.22,0.0,1,422,卖盘
696,11:10:10,4.22,0.0,3,1266,卖盘
697,11:10:13,4.22,0.0,6,2532,卖盘
698,11:10:18,4.22,0.0,2,844,卖盘
699,11:10:21,4.23,0.01,2,846,买盘
700,11:10:25,4.23,0.0,12,5076,买盘
701,11:10:28,4.23,0.0,5,2115,买盘
702,11:10:34,4.22,-0.01,98,41474,卖盘
703,11:10:40,4.24,0.02,3,1272,买盘
704,11:10:43,4.23,-0.01,1,423,中性盘
705,11:10:51,4.22,-0.01,16,6752,卖盘
706,11:11:33,4.22,0.0,6,2532,卖盘
707,11:11:39,4.23,0.01,6,2538,买盘
708,11:11:46,4.23,0.0,10,4230,买盘
709,11:11:57,4.22,-0.01,3,1266,卖盘
710,11:12:04,4.22,0.0,14,5911,卖盘
711,11:12:12,4.22,0.0,1,422,卖盘
712,11:12:30,4.22,0.0,2,844,卖盘
713,11:12:37,4.23,0.01,3,1269,买盘
714,11:12:39,4.22,-0.01,6,2532,卖盘
715,11:12:48,4.22,0.0,18,7596,卖盘
716,11:12:57,4.22,0.0,2,844,卖盘
717,11:13:04,4.23,0.01,43,18189,买盘
718,11:13:39,4.22,-0.01,9,3798,卖盘
719,11:13:45,4.23,0.01,5,2114,买盘
720,11:14:40,4.22,-0.01,6,2532,卖盘
721,11:14:45,4.23,0.01,107,45261,买盘
722,11:14:48,4.22,-0.01,18,7596,卖盘
723,11:15:16,4.23,0.01,1,423,卖盘
724,11:15:21,4.23,0.0,5,2118,卖盘
725,11:15:25,4.23,0.0,5,2115,卖盘
726,11:15:28,4.24,0.01,103,43672,买盘
727,11:15:40,4.23,-0.01,2,846,卖盘
728,11:15:45,4.23,0.0,4,1692,买盘
729,11:15:48,4.23,0.0,5,2115,中性盘
730,11:16:07,4.24,0.01,5,2120,买盘
731,11:16:10,4.24,0.0,278,117872,买盘
732,11:16:13,4.24,0.0,22,9328,卖盘
733,11:16:30,4.24,0.0,3,1271,买盘
734,11:16:40,4.23,-0.01,6,2538,卖盘
735,11:16:46,4.24,0.01,3,1272,买盘
736,11:16:49,4.23,-0.01,14,5922,卖盘
737,11:17:07,4.23,0.0,2,846,卖盘
738,11:17:12,4.23,0.0,31,13113,卖盘
739,11:17:19,4.23,0.0,16,6768,买盘
740,11:17:46,4.22,-0.01,6,2532,卖盘
741,11:17:52,4.23,0.01,4,1692,买盘
742,11:18:42,4.22,-0.01,4,1688,卖盘
743,11:18:46,4.22,0.0,6,2532,卖盘
744,11:18:49,4.23,0.01,6,2538,买盘
745,11:19:13,4.22,-0.01,3,1266,卖盘
746,11:19:18,4.23,0.01,3,1269,买盘
747,11:19:36,4.23,0.0,5,2115,买盘
748,11:19:42,4.22,-0.01,2,844,卖盘
749,11:19:46,4.22,0.0,6,2532,卖盘
750,11:20:07,4.22,0.0,17,7174,卖盘
751,11:20:10,4.22,0.0,19,8018,卖盘
752,11:20:13,4.22,0.0,10,4226,卖盘
753,11:20:25,4.22,0.0,2,844,卖盘
754,11:20:31,4.23,0.01,1,423,买盘
755,11:20:40,4.22,-0.01,1,422,卖盘
756,11:20:42,4.22,0.0,2,844,卖盘
757,11:20:45,4.22,0.0,6,2532,卖盘
758,11:20:58,4.23,0.01,3,1269,买盘
759,11:21:13,4.22,-0.01,2,844,卖盘
760,11:21:19,4.23,0.01,4,1692,买盘
761,11:21:43,4.22,-0.01,2,844,卖盘
762,11:21:46,4.22,0.0,6,2532,卖盘
763,11:21:49,4.23,0.01,3,1269,买盘
764,11:22:04,4.22,-0.01,2,844,卖盘
765,11:22:10,4.22,0.0,22,9284,卖盘
766,11:22:13,4.22,0.0,3,1266,卖盘
767,11:22:18,4.23,0.01,3,1269,买盘
768,11:22:34,4.23,0.0,100,42300,买盘
769,11:22:43,4.22,-0.01,4,1688,卖盘
770,11:22:49,4.22,0.0,9,3801,卖盘
771,11:23:12,4.22,0.0,2,844,卖盘
772,11:23:15,4.23,0.01,100,42300,买盘
773,11:23:18,4.23,0.0,3,1269,买盘
774,11:23:42,4.22,-0.01,2,844,卖盘
775,11:23:48,4.22,0.0,9,3801,卖盘
776,11:24:06,4.23,0.01,17,7178,买盘
777,11:24:42,4.24,0.01,3,1272,买盘
778,11:24:49,4.23,-0.01,9,3810,卖盘
779,11:24:51,4.23,0.0,2,846,卖盘
780,11:25:16,4.24,0.01,223,94552,买盘
781,11:25:22,4.25,0.01,4,1700,买盘
782,11:25:25,4.24,-0.01,2,848,卖盘
783,11:25:48,4.24,0.0,6,2544,卖盘
784,11:25:55,4.25,0.01,3,1275,买盘
785,11:26:49,4.24,-0.01,6,2544,卖盘
786,11:26:52,4.25,0.01,6,2550,买盘
787,11:26:54,4.24,-0.01,15,6360,卖盘
788,11:27:04,4.24,0.0,4,1696,卖盘
789,11:27:07,4.24,0.0,5,2120,卖盘
790,11:27:12,4.24,0.0,1,424,卖盘
791,11:27:19,4.25,0.01,3,1275,买盘
792,11:27:34,4.24,-0.01,5,2120,卖盘
793,11:27:54,4.24,0.0,6,2544,卖盘
794,11:28:00,4.25,0.01,4,1700,买盘
795,11:28:13,4.24,-0.01,1,424,卖盘
796,11:28:21,4.24,0.0,5,2120,卖盘
797,11:28:27,4.25,0.01,3,1275,买盘
798,11:28:39,4.24,-0.01,2,848,卖盘
799,11:28:42,4.24,0.0,4,1696,卖盘
800,11:28:54,4.24,0.0,6,2544,卖盘
801,11:29:00,4.25,0.01,4,1700,买盘
802,11:29:12,4.24,-0.01,3,1272,卖盘
803,11:29:18,4.24,0.0,100,42400,卖盘
804,11:29:22,4.25,0.01,355,150874,买盘
805,11:29:31,4.24,-0.01,5,2120,卖盘
806,11:29:36,4.25,0.01,3,1275,买盘
807,11:29:42,4.24,-0.01,3,1272,卖盘
808,11:29:54,4.24,0.0,6,2544,卖盘
809,11:29:57,4.25,0.01,27,11475,买盘
810,11:30:01,4.25,0.0,3,1275,买盘
811,13:00:04,4.24,-0.01,48,20352,卖盘
812,13:00:07,4.24,0.0,64,27136,卖盘
813,13:00:10,4.24,0.0,21,8884,买盘
814,13:00:12,4.23,-0.01,3,1269,卖盘
815,13:00:21,4.23,0.0,34,14382,卖盘
816,13:00:27,4.23,0.0,18,7614,卖盘
817,13:00:39,4.23,0.0,14,5922,卖盘
818,13:00:42,4.23,0.0,7,2961,卖盘
819,13:01:10,4.23,0.0,6,2538,卖盘
820,13:01:13,4.23,0.0,6,2538,卖盘
821,13:01:21,4.23,0.0,15,6345,卖盘
822,13:01:39,4.23,0.0,2,846,卖盘
823,13:01:42,4.23,0.0,19,8037,卖盘
824,13:02:04,4.23,0.0,3,1269,卖盘
825,13:02:09,4.23,0.0,12,5076,卖盘
826,13:02:12,4.23,0.0,1,423,卖盘
827,13:02:15,4.23,0.0,1,423,卖盘
828,13:02:24,4.23,0.0,15,6345,卖盘
829,13:02:39,4.24,0.01,1,424,买盘
830,13:02:42,4.23,-0.01,11,4653,卖盘
831,13:02:46,4.23,0.0,14,5922,卖盘
832,13:02:55,4.24,0.01,63,26712,买盘
833,13:03:00,4.23,-0.01,63,26686,卖盘
834,13:03:10,4.23,0.0,6,2538,卖盘
835,13:03:46,4.23,0.0,17,7191,卖盘
836,13:04:04,4.23,0.0,18,7614,卖盘
837,13:04:09,4.23,0.0,6,2538,卖盘
838,13:04:33,4.23,0.0,15,6345,卖盘
839,13:04:42,4.23,0.0,1,423,卖盘
840,13:05:06,4.23,0.0,14,5922,卖盘
841,13:05:13,4.23,0.0,1,423,卖盘
842,13:05:16,4.23,0.0,6,2538,卖盘
843,13:05:27,4.23,0.0,2,846,卖盘
844,13:05:42,4.23,0.0,3,1269,卖盘
845,13:06:12,4.23,0.0,22,9306,卖盘
846,13:06:15,4.23,0.0,3,1269,卖盘
847,13:06:39,4.23,0.0,16,6768,卖盘
848,13:06:43,4.23,0.0,3,1269,卖盘
849,13:06:45,4.23,0.0,7,2961,卖盘
850,13:06:48,4.24,0.01,13,5512,买盘
851,13:06:54,4.23,-0.01,15,6345,卖盘
852,13:07:00,4.23,0.0,22,9306,卖盘
853,13:07:10,4.23,0.0,3,1269,卖盘
854,13:07:12,4.24,0.01,9,3815,买盘
855,13:07:28,4.23,-0.01,23,9729,卖盘
856,13:07:37,4.23,0.0,1,423,卖盘
857,13:07:58,4.23,0.0,15,6345,卖盘
858,13:08:01,4.23,0.0,14,5922,卖盘
859,13:08:07,4.23,0.0,14,5922,卖盘
860,13:08:18,4.23,0.0,3,1269,卖盘
861,13:08:27,4.23,0.0,2,846,卖盘
862,13:08:42,4.23,0.0,15,6345,卖盘
863,13:08:45,4.23,0.0,2,846,卖盘
864,13:09:06,4.23,0.0,14,5922,卖盘
865,13:09:54,4.23,0.0,15,6345,卖盘
866,13:10:00,4.24,0.01,1,424,买盘
867,13:10:10,4.23,-0.01,14,5922,卖盘
868,13:10:16,4.23,0.0,15,6345,卖盘
869,13:10:19,4.24,0.01,63,26712,买盘
870,13:10:25,4.23,-0.01,2,846,卖盘
871,13:11:07,4.23,0.0,21,8883,卖盘
872,13:11:21,4.23,0.0,100,42300,卖盘
873,13:11:24,4.23,0.0,19,8037,卖盘
874,13:11:49,4.23,0.0,15,6345,卖盘
875,13:11:57,4.23,0.0,17,7191,卖盘
876,13:12:01,4.23,0.0,2,846,卖盘
877,13:12:04,4.23,0.0,25,10575,卖盘
878,13:12:07,4.23,0.0,14,5922,卖盘
879,13:12:40,4.23,0.0,6,2538,卖盘
880,13:13:03,4.22,-0.01,15,6336,卖盘
881,13:13:09,4.22,0.0,29,12245,卖盘
882,13:13:33,4.22,0.0,14,5908,卖盘
883,13:13:46,4.22,0.0,21,8862,卖盘
884,13:13:49,4.22,0.0,15,6330,卖盘
885,13:14:04,4.22,0.0,121,51032,卖盘
886,13:14:06,4.22,0.0,14,5908,卖盘
887,13:14:33,4.22,0.0,51,21522,卖盘
888,13:14:48,4.22,0.0,22,9284,卖盘
889,13:15:04,4.22,0.0,20,8440,卖盘
890,13:15:28,4.22,0.0,31,13087,卖盘
891,13:15:31,4.22,0.0,43,18146,卖盘
892,13:15:34,4.22,0.0,15,6330,卖盘
893,13:15:54,4.22,0.0,27,11394,卖盘
894,13:16:00,4.22,0.0,2,844,卖盘
895,13:16:04,4.22,0.0,14,5908,卖盘
896,13:16:10,4.22,0.0,80,33760,卖盘
897,13:16:16,4.23,0.01,74,31302,买盘
898,13:16:31,4.22,-0.01,62,26184,卖盘
899,13:16:34,4.23,0.01,1,423,买盘
900,13:16:39,4.22,-0.01,36,15196,卖盘
901,13:16:57,4.22,0.0,50,21100,卖盘
902,13:17:04,4.22,0.0,121,51079,卖盘
903,13:17:10,4.22,0.0,43,18146,卖盘
904,13:17:15,4.22,0.0,10,4220,卖盘
905,13:17:31,4.22,0.0,41,17302,卖盘
906,13:17:37,4.22,0.0,1,422,卖盘
907,13:17:55,4.23,0.01,10,4230,买盘
908,13:18:12,4.22,-0.01,7,2954,卖盘
909,13:18:19,4.23,0.01,10,4230,买盘
910,13:18:22,4.23,0.0,2,846,买盘
911,13:18:31,4.22,-0.01,42,17724,卖盘
912,13:18:46,4.22,0.0,2,844,卖盘
913,13:18:52,4.22,0.0,2,844,卖盘
914,13:18:58,4.22,0.0,1,422,卖盘
915,13:19:01,4.22,0.0,14,5908,卖盘
916,13:19:31,4.22,0.0,42,17724,卖盘
917,13:20:01,4.22,0.0,14,5908,卖盘
918,13:20:07,4.22,0.0,1,422,卖盘
919,13:20:15,4.23,0.01,8,3384,买盘
920,13:20:24,4.22,-0.01,3,1266,卖盘
921,13:20:28,4.22,0.0,4,1688,卖盘
922,13:20:31,4.22,0.0,41,17302,卖盘
923,13:20:42,4.23,0.01,10,4230,买盘
924,13:21:01,4.22,-0.01,134,56644,卖盘
925,13:21:04,4.22,0.0,16,6752,卖盘
926,13:21:10,4.22,0.0,8,3376,卖盘
927,13:21:31,4.22,0.0,42,17724,卖盘
928,13:21:34,4.23,0.01,41,17343,买盘
929,13:21:37,4.23,0.0,2,846,卖盘
930,13:21:39,4.22,-0.01,35,14789,卖盘
931,13:21:46,4.23,0.01,8,3384,买盘
932,13:21:55,4.22,-0.01,10,4220,卖盘
933,13:22:01,4.22,0.0,35,14770,卖盘
934,13:22:30,4.22,0.0,41,17302,卖盘
935,13:22:52,4.23,0.01,58,24534,买盘
936,13:23:00,4.22,-0.01,14,5908,卖盘
937,13:23:30,4.22,0.0,42,17724,卖盘
938,13:23:42,4.22,0.0,13,5486,卖盘
939,13:23:49,4.22,0.0,2,844,卖盘
940,13:23:58,4.23,0.01,2,846,买盘
941,13:24:01,4.22,-0.01,14,5908,卖盘
942,13:24:04,4.22,0.0,95,40090,卖盘
943,13:24:09,4.22,0.0,7,2954,卖盘
944,13:24:19,4.22,0.0,5,2110,卖盘
945,13:24:21,4.23,0.01,39,16497,买盘
946,13:24:33,4.23,0.0,7,2961,买盘
947,13:24:46,4.23,0.0,35,14805,卖盘
948,13:24:58,4.23,0.0,14,5922,卖盘
949,13:25:19,4.23,0.0,40,17026,卖盘
950,13:25:25,4.23,0.0,3,1269,卖盘
951,13:25:27,4.23,0.0,10,4230,卖盘
952,13:25:48,4.23,0.0,35,14805,卖盘
953,13:25:58,4.23,0.0,14,5922,卖盘
954,13:26:04,4.23,0.0,16,6582,卖盘
955,13:26:10,4.23,0.0,9,3807,卖盘
956,13:26:30,4.22,-0.01,47,19838,卖盘
957,13:26:40,4.22,0.0,4,1781,卖盘
958,13:26:57,4.22,0.0,14,5908,卖盘
959,13:27:04,4.22,0.0,2,844,卖盘
960,13:27:16,4.22,0.0,22,9284,卖盘
961,13:27:18,4.22,0.0,92,38824,卖盘
962,13:27:40,4.22,0.0,49,20678,卖盘
963,13:27:52,4.23,0.01,5,2115,买盘
964,13:27:58,4.22,-0.01,128,54016,卖盘
965,13:28:12,4.22,0.0,54,22788,卖盘
966,13:28:43,4.22,0.0,28,11816,卖盘
967,13:28:49,4.22,0.0,2,844,卖盘
968,13:28:55,4.22,0.0,1,422,卖盘
969,13:28:58,4.22,0.0,14,5908,卖盘
970,13:29:13,4.22,0.0,66,27966,卖盘
971,13:29:25,4.22,0.0,195,82176,买盘
972,13:29:28,4.21,-0.01,105,44277,卖盘
973,13:29:46,4.22,0.01,10,4220,买盘
974,13:29:58,4.21,-0.01,58,24468,卖盘
975,13:30:13,4.21,0.0,3,1263,卖盘
976,13:30:16,4.21,0.0,7,2947,卖盘
977,13:30:25,4.23,0.02,1,423,买盘
978,13:30:58,4.21,-0.02,14,5894,卖盘
979,13:31:04,4.21,0.0,3,1263,卖盘
980,13:31:09,4.21,0.0,2,842,卖盘
981,13:31:13,4.22,0.01,41,17302,买盘
982,13:31:15,4.22,0.0,1,422,卖盘
983,13:31:18,4.21,-0.01,17,7165,卖盘
984,13:31:57,4.21,0.0,14,5894,卖盘
985,13:32:04,4.22,0.01,17,7172,买盘
986,13:32:07,4.22,0.0,4,1688,买盘
987,13:32:51,4.22,0.0,4,1687,买盘
988,13:32:58,4.21,-0.01,7,2947,卖盘
989,13:33:01,4.21,0.0,6,2526,卖盘
990,13:33:07,4.22,0.01,24,10128,买盘
991,13:33:22,4.22,0.0,5,2110,买盘
992,13:33:30,4.22,0.0,9,3798,卖盘
993,13:33:33,4.22,0.0,11,4642,卖盘
994,13:33:46,4.22,0.0,54,22788,买盘
995,13:33:58,4.22,0.0,105,44373,卖盘
996,13:35:16,4.23,0.01,10,4230,买盘
997,13:35:24,4.22,-0.01,2,844,卖盘
998,13:35:52,4.23,0.01,10,4230,买盘
999,13:36:01,4.23,0.0,13,5499,买盘
1000,13:36:15,4.22,-0.01,13,5486,卖盘
1001,13:36:24,4.22,0.0,17,7184,卖盘
1002,13:36:51,4.23,0.01,30,12690,买盘
1003,13:37:07,4.22,-0.01,4,1688,卖盘
1004,13:37:09,4.22,0.0,11,4651,卖盘
1005,13:37:12,4.23,0.01,5,2115,买盘
1006,13:37:16,4.22,-0.01,3,1266,卖盘
1007,13:37:25,4.23,0.01,13,5499,买盘
1008,13:37:30,4.22,-0.01,105,44327,卖盘
1009,13:37:51,4.22,0.0,1,422,卖盘
1010,13:38:25,4.23,0.01,9,3807,买盘
1011,13:38:46,4.22,-0.01,3,1266,卖盘
1012,13:38:52,4.23,0.01,160,67405,买盘
1013,13:39:04,4.24,0.01,12,5088,卖盘
1014,13:39:19,4.24,0.0,10,4240,买盘
1015,13:39:27,4.22,-0.02,98,41366,卖盘
1016,13:39:31,4.23,0.01,1,423,中性盘
1017,13:39:58,4.24,0.01,6,2544,买盘
1018,13:40:06,4.23,-0.01,43,18189,中性盘
1019,13:40:19,4.23,0.0,4,1692,买盘
1020,13:40:24,4.22,-0.01,2,844,卖盘
1021,13:40:27,4.22,0.0,1,51,卖盘
1022,13:40:31,4.23,0.01,11,4653,买盘
1023,13:40:40,4.23,0.0,50,21150,买盘
1024,13:41:16,4.23,0.0,6,2538,买盘
1025,13:41:19,4.22,-0.01,18,7596,卖盘
1026,13:41:25,4.22,0.0,2,844,卖盘
1027,13:41:49,4.23,0.01,47,19881,买盘
1028,13:41:52,4.23,0.0,1,423,卖盘
1029,13:41:58,4.24,0.01,8,3392,买盘
1030,13:42:01,4.23,-0.01,4,1692,卖盘
1031,13:42:10,4.24,0.01,64,27086,买盘
1032,13:42:16,4.23,-0.01,4,1692,买盘
1033,13:42:22,4.22,-0.01,57,24240,卖盘
1034,13:42:39,4.23,0.01,41,17343,买盘
1035,13:42:58,4.23,0.0,25,10575,买盘
1036,13:43:28,4.22,-0.01,91,38402,卖盘
1037,13:43:31,4.24,0.02,9,3815,卖盘
1038,13:43:52,4.24,0.0,5,2120,买盘
1039,13:44:01,4.22,-0.02,15,6330,卖盘
1040,13:44:36,4.22,0.0,6,2532,卖盘
1041,13:44:42,4.22,0.0,13,5486,卖盘
1042,13:44:52,4.23,0.01,20,8460,买盘
1043,13:44:54,4.23,0.0,5,2115,买盘
1044,13:45:13,4.22,-0.01,3,1266,卖盘
1045,13:45:24,4.24,0.02,9,3810,买盘
1046,13:45:31,4.22,-0.02,2,844,卖盘
1047,13:45:45,4.24,0.02,1,424,买盘
1048,13:46:04,4.22,-0.02,3,1266,卖盘
1049,13:46:10,4.22,0.0,2,844,卖盘
1050,13:46:18,4.24,0.02,7,2968,买盘
1051,13:46:34,4.24,0.0,3,1272,买盘
1052,13:46:37,4.24,0.0,12,5088,买盘
1053,13:46:48,4.22,-0.02,105,44327,卖盘
1054,13:47:06,4.22,0.0,2,844,卖盘
1055,13:47:28,4.23,0.01,4,1692,买盘
1056,13:47:36,4.23,0.0,6,2538,买盘
1057,13:48:00,4.23,0.0,4,1692,买盘
1058,13:48:04,4.23,0.0,5,2115,买盘
1059,13:48:33,4.23,0.0,6,2538,买盘
1060,13:48:51,4.22,-0.01,3,1266,卖盘
1061,13:49:15,4.22,0.0,56,23632,卖盘
1062,13:49:21,4.23,0.01,15,6345,买盘
1063,13:49:27,4.23,0.0,13,5499,卖盘
1064,13:49:37,4.24,0.01,8,3392,买盘
1065,13:49:46,4.23,-0.01,5,2221,卖盘
1066,13:49:49,4.24,0.01,16,6783,买盘
1067,13:49:58,4.24,0.0,24,10165,买盘
1068,13:50:00,4.23,-0.01,1,317,买盘
1069,13:50:31,4.22,-0.01,2,844,卖盘
1070,13:50:43,4.24,0.02,10,4237,买盘
1071,13:51:19,4.22,-0.02,15,6330,卖盘
1072,13:51:22,4.24,0.02,42,17808,买盘
1073,13:51:28,4.22,-0.02,100,42111,卖盘
1074,13:51:37,4.24,0.02,6,2541,买盘
1075,13:51:42,4.24,0.0,42,17779,买盘
1076,13:52:07,4.22,-0.02,4,1688,卖盘
1077,13:52:16,4.22,0.0,3,1266,卖盘
1078,13:52:24,4.23,0.01,14,5922,买盘
1079,13:52:51,4.23,0.0,6,2538,买盘
1080,13:53:01,4.22,-0.01,87,36714,卖盘
1081,13:53:10,4.22,0.0,21,8862,卖盘
1082,13:53:25,4.22,0.0,24,10128,卖盘
1083,13:53:40,4.23,0.01,12,5076,买盘
1084,13:54:13,4.23,0.0,5,2115,买盘
1085,13:54:21,4.22,-0.01,11,4642,卖盘
1086,13:54:25,4.23,0.01,6,2538,买盘
1087,13:55:07,4.22,0.0,1,422,卖盘
1088,13:55:10,4.22,0.0,24,10128,卖盘
1089,13:55:21,4.22,0.0,1,422,卖盘
1090,13:55:25,4.23,0.01,3,1269,买盘
1091,13:56:01,4.21,-0.02,467,196991,卖盘
1092,13:56:16,4.22,0.01,10,4220,中性盘
1093,13:56:19,4.21,-0.01,3,1263,卖盘
1094,13:56:24,4.21,0.0,2,842,卖盘
1095,13:56:31,4.22,0.01,69,29118,买盘
1096,13:56:34,4.22,0.0,1,422,卖盘
1097,13:56:48,4.23,0.01,3,1268,买盘
1098,13:56:51,4.22,-0.01,2,844,卖盘
1099,13:56:57,4.22,0.0,80,33760,卖盘
1100,13:57:07,4.22,0.0,5,2110,卖盘
1101,13:57:34,4.23,0.01,4,1692,买盘
1102,13:57:46,4.22,-0.01,1,422,卖盘
1103,13:58:01,4.22,0.0,11,4642,卖盘
1104,13:58:39,4.22,0.0,4,1688,卖盘
1105,13:59:06,4.22,0.0,1,422,卖盘
1106,13:59:15,4.23,0.01,30,12690,买盘
1107,14:00:13,4.23,0.0,9,3804,买盘
1108,14:00:21,4.22,-0.01,1,422,卖盘
1109,14:00:33,4.23,0.01,19,8037,买盘
1110,14:00:46,4.22,-0.01,27,11394,卖盘
1111,14:01:04,4.22,0.0,3,1266,卖盘
1112,14:01:09,4.22,0.0,2,844,卖盘
1113,14:01:12,4.23,0.01,15,6345,买盘
1114,14:02:52,4.22,-0.01,11,4642,卖盘
1115,14:03:04,4.22,0.0,13,5486,卖盘
1116,14:03:16,4.23,0.01,16,6768,买盘
1117,14:04:07,4.22,-0.01,1,422,卖盘
1118,14:05:16,4.23,0.01,15,6345,买盘
1119,14:05:22,4.22,-0.01,2,844,卖盘
1120,14:05:37,4.23,0.01,3,1269,买盘
1121,14:06:22,4.22,-0.01,1,422,卖盘
1122,14:07:07,4.22,0.0,4,1688,卖盘
1123,14:07:16,4.22,0.0,3,1266,卖盘
1124,14:07:34,4.22,0.0,1,422,卖盘
1125,14:08:04,4.23,0.01,5,2115,买盘
1126,14:08:12,4.22,-0.01,11,4642,卖盘
1127,14:08:21,4.22,0.0,1,422,卖盘
1128,14:08:25,4.22,0.0,10,4220,卖盘
1129,14:08:49,4.23,0.01,5,2115,买盘
1130,14:09:07,4.22,-0.01,1,422,卖盘
1131,14:09:52,4.22,0.0,1,422,卖盘
1132,14:10:57,4.22,0.0,18,7596,卖盘
1133,14:11:19,4.22,0.0,3,1266,卖盘
1134,14:11:21,4.22,0.0,1,422,卖盘
1135,14:11:25,4.22,0.0,2,844,卖盘
1136,14:11:49,4.22,0.0,14,5908,卖盘
1137,14:12:19,4.22,0.0,1,422,卖盘
1138,14:12:22,4.22,0.0,1,422,卖盘
1139,14:12:52,4.22,0.0,1,422,卖盘
1140,14:13:06,4.22,0.0,11,4642,卖盘
1141,14:13:22,4.22,0.0,1,422,卖盘
1142,14:13:52,4.22,0.0,14,5908,卖盘
1143,14:14:07,4.22,0.0,1,422,卖盘
1144,14:14:16,4.22,0.0,25,10550,卖盘
1145,14:14:19,4.22,0.0,10,4220,卖盘
1146,14:14:46,4.22,0.0,1,422,卖盘
1147,14:15:13,4.22,0.0,3,1266,卖盘
1148,14:15:27,4.22,0.0,2,844,卖盘
1149,14:15:36,4.22,0.0,1,422,卖盘
1150,14:15:46,4.22,0.0,15,6330,卖盘
1151,14:16:04,4.22,0.0,1,422,卖盘
1152,14:16:18,4.22,0.0,40,17007,卖盘
1153,14:16:24,4.22,0.0,30,12660,卖盘
1154,14:16:43,4.22,0.0,1,422,卖盘
1155,14:17:00,4.22,0.0,1,422,卖盘
1156,14:17:52,4.23,0.01,10,4230,买盘
1157,14:17:57,4.22,-0.01,11,4642,卖盘
1158,14:18:00,4.22,0.0,2,844,卖盘
1159,14:18:16,4.23,0.01,10,4230,买盘
1160,14:18:46,4.23,0.0,12,5076,买盘
1161,14:19:07,4.22,-0.01,1,422,卖盘
1162,14:19:10,4.23,0.01,107,45261,买盘
1163,14:19:19,4.22,-0.01,13,5486,卖盘
1164,14:20:21,4.22,0.0,1,422,卖盘
1165,14:22:07,4.22,0.0,4,1688,卖盘
1166,14:22:16,4.22,0.0,3,1266,卖盘
1167,14:22:22,4.22,0.0,2,844,卖盘
1168,14:23:21,4.22,0.0,11,4642,卖盘
1169,14:23:31,4.22,0.0,5,2110,卖盘
1170,14:23:49,4.22,0.0,4,1688,卖盘
1171,14:23:58,4.22,0.0,3,1266,卖盘
1172,14:24:04,4.23,0.01,10,4230,买盘
1173,14:24:07,4.22,-0.01,1,422,卖盘
1174,14:24:13,4.22,0.0,6,2532,卖盘
1175,14:25:31,4.23,0.01,5,2115,买盘
1176,14:25:37,4.22,-0.01,3,1266,卖盘
1177,14:25:48,4.22,0.0,5,2110,卖盘
1178,14:25:58,4.22,0.0,2,844,卖盘
1179,14:26:18,4.22,0.0,1,422,卖盘
1180,14:26:22,4.22,0.0,5,2110,卖盘
1181,14:26:25,4.22,0.0,1,422,卖盘
1182,14:26:31,4.22,0.0,4,1688,卖盘
1183,14:26:42,4.21,-0.01,1618,681939,卖盘
1184,14:26:52,4.21,0.0,36,15166,卖盘
1185,14:26:57,4.22,0.01,55,23210,买盘
1186,14:27:07,4.21,-0.01,31,13073,卖盘
1187,14:27:13,4.22,0.01,30,12660,买盘
1188,14:27:28,4.21,-0.01,125,52625,卖盘
1189,14:27:34,4.21,0.0,1,421,卖盘
1190,14:27:42,4.22,0.01,58,24476,买盘
1191,14:27:49,4.22,0.0,16,6767,卖盘
1192,14:27:51,4.22,0.0,9,3798,卖盘
1193,14:27:55,4.22,0.0,198,83556,卖盘
1194,14:28:16,4.22,0.0,29,12238,卖盘
1195,14:28:46,4.22,0.0,9,3798,卖盘
1196,14:29:22,4.22,0.0,34,14348,卖盘
1197,14:29:34,4.22,0.0,8,3376,卖盘
1198,14:30:00,4.22,0.0,1,422,卖盘
1199,14:30:04,4.22,0.0,1,422,卖盘
1200,14:30:12,4.22,0.0,8,3376,卖盘
1201,14:30:45,4.22,0.0,5,2110,卖盘
1202,14:31:00,4.22,0.0,9,3798,卖盘
1203,14:31:04,4.22,0.0,11,4642,卖盘
1204,14:31:19,4.23,0.01,10,4230,买盘
1205,14:31:57,4.23,0.0,1,423,买盘
1206,14:32:07,4.22,-0.01,1,422,卖盘
1207,14:32:55,4.23,0.01,10,4230,买盘
1208,14:33:04,4.23,0.0,10,4230,买盘
1209,14:33:21,4.22,-0.01,20,8440,卖盘
1210,14:33:46,4.23,0.01,2,846,买盘
1211,14:34:51,4.23,0.0,14,5922,买盘
1212,14:35:01,4.22,-0.01,13,5486,卖盘
1213,14:35:34,4.23,0.01,6,2538,买盘
1214,14:35:39,4.23,0.0,160,67680,买盘
1215,14:36:16,4.22,-0.01,9,3798,卖盘
1216,14:37:01,4.22,0.0,17,7174,卖盘
1217,14:37:09,4.22,0.0,1,422,卖盘
1218,14:37:21,4.22,0.0,391,165002,卖盘
1219,14:38:15,4.22,0.0,11,4642,卖盘
1220,14:39:10,4.22,0.0,1,304,卖盘
1221,14:39:16,4.22,0.0,2,844,卖盘
1222,14:39:24,4.22,0.0,8,3376,卖盘
1223,14:39:46,4.22,0.0,572,241384,卖盘
1224,14:39:52,4.22,0.0,31,13082,卖盘
1225,14:39:57,4.22,0.0,29,12238,卖盘
1226,14:40:16,4.22,0.0,10,4220,卖盘
1227,14:40:42,4.22,0.0,1,422,卖盘
1228,14:40:49,4.22,0.0,50,21100,卖盘
1229,14:40:52,4.23,0.01,171,72333,买盘
1230,14:40:55,4.22,-0.01,16,6752,卖盘
1231,14:42:10,4.22,0.0,1,422,卖盘
1232,14:42:13,4.22,0.0,1,422,卖盘
1233,14:42:22,4.22,0.0,360,151920,卖盘
1234,14:42:27,4.22,0.0,15,6330,卖盘
1235,14:44:09,4.22,0.0,6,2532,卖盘
1236,14:44:15,4.22,0.0,22,9284,卖盘
1237,14:44:19,4.22,0.0,5,2110,卖盘
1238,14:44:43,4.22,0.0,25,10550,卖盘
1239,14:44:45,4.22,0.0,5,2110,卖盘
1240,14:44:58,4.23,0.01,461,195003,买盘
1241,14:45:09,4.23,0.0,3,1269,买盘
1242,14:45:25,4.22,-0.01,66,27852,卖盘
1243,14:45:28,4.24,0.02,168,71215,买盘
1244,14:46:04,4.22,-0.02,5,2110,卖盘
1245,14:46:10,4.22,0.0,1,422,卖盘
1246,14:46:40,4.23,0.01,123,52029,买盘
1247,14:46:46,4.22,-0.01,1,422,卖盘
1248,14:46:54,4.23,0.01,15,6345,卖盘
1249,14:47:16,4.23,0.0,5,2115,买盘
1250,14:47:22,4.24,0.01,925,392199,买盘
1251,14:48:10,4.23,-0.01,5,2115,买盘
1252,14:48:49,4.23,0.0,5,2115,卖盘
1253,14:48:58,4.23,0.0,8,3384,卖盘
1254,14:49:22,4.23,0.0,1,423,卖盘
1255,14:49:28,4.23,0.0,15,6345,卖盘
1256,14:49:34,4.25,0.02,380,161157,买盘
1257,14:49:39,4.23,-0.02,5,2115,卖盘
1258,14:50:07,4.23,0.0,1,423,卖盘
1259,14:50:12,4.23,0.0,27,11421,卖盘
1260,14:50:19,4.24,0.01,2,848,买盘
1261,14:50:40,4.23,-0.01,80,33840,卖盘
1262,14:50:43,4.24,0.01,106,44944,买盘
1263,14:50:46,4.23,-0.01,7,2961,卖盘
1264,14:50:49,4.23,0.0,3,1269,卖盘
1265,14:51:10,4.24,0.01,216,91584,买盘
1266,14:51:40,4.24,0.0,29,12291,买盘
1267,14:51:46,4.24,0.0,672,285409,买盘
1268,14:51:57,4.24,0.0,3,1272,买盘
1269,14:52:01,4.24,0.0,30,12720,买盘
1270,14:52:10,4.23,-0.01,5,2115,卖盘
1271,14:52:16,4.23,0.0,4,1692,卖盘
1272,14:52:43,4.24,0.01,1,424,买盘
1273,14:52:46,4.23,-0.01,4,1692,卖盘
1274,14:53:19,4.23,0.0,1,423,卖盘
1275,14:53:34,4.24,0.01,12,5088,买盘
1276,14:53:49,4.24,0.0,27,11448,买盘
1277,14:53:52,4.23,-0.01,4,1692,卖盘
1278,14:54:31,4.23,0.0,1,423,卖盘
1279,14:55:10,4.23,0.0,100,42300,卖盘
1280,14:55:19,4.23,0.0,20,8460,卖盘
1281,14:55:24,4.24,0.01,1,424,买盘
1282,14:56:16,4.23,-0.01,4,1692,卖盘
1283,14:56:24,4.23,0.0,1,423,卖盘
1284,14:56:40,4.23,0.0,2,846,卖盘
1285,14:56:51,4.23,0.0,6,2538,卖盘
1286,15:00:04,4.24,0.01,366,155443,卖盘
