,time,price,change,volume,amount,type
0,09:30:04,4.47,0.02,15,6705,买盘
1,09:30:07,4.43,-0.04,152,67336,卖盘
2,09:30:46,4.45,0.02,1,445,卖盘
3,09:31:05,4.45,0.0,8,3560,卖盘
4,09:31:43,4.45,0.0,17,7565,卖盘
5,09:32:01,4.45,0.0,20,8900,买盘
6,09:32:40,4.43,-0.02,63,27941,卖盘
7,09:33:07,4.43,0.0,162,71766,卖盘
8,09:33:10,4.43,0.0,16,7088,卖盘
9,09:33:46,4.45,0.02,10,4450,买盘
10,09:34:25,4.44,-0.01,24,10656,卖盘
11,09:34:31,4.43,-0.01,101,44743,卖盘
12,09:35:05,4.43,0.0,50,22150,卖盘
13,09:35:22,4.44,0.01,20,8880,买盘
14,09:35:28,4.43,-0.01,507,224619,卖盘
15,09:36:01,4.43,0.0,14,6202,卖盘
16,09:36:37,4.44,0.01,20,8880,买盘
17,09:36:52,4.44,0.0,22,9768,买盘
18,09:37:40,4.44,0.0,13,5772,买盘
19,09:37:43,4.44,0.0,15,6660,买盘
20,09:38:04,4.44,0.0,9,3996,买盘
21,09:38:16,4.44,0.0,11,4884,买盘
22,09:42:13,4.43,-0.01,34,15062,卖盘
23,09:42:25,4.43,0.0,67,29681,卖盘
24,09:42:43,4.44,0.01,5,2220,买盘
25,09:43:40,4.44,0.0,84,37296,买盘
26,09:44:16,4.44,0.0,5,2220,卖盘
27,09:44:28,4.44,0.0,6,2664,买盘
28,09:44:52,4.43,-0.01,1,443,卖盘
29,09:45:46,4.43,0.0,19,8417,卖盘
30,09:45:58,4.43,0.0,500,221500,卖盘
31,09:46:10,4.43,0.0,69,30567,卖盘
32,09:46:37,4.42,-0.01,325,143650,卖盘
33,09:46:42,4.42,0.0,250,110500,卖盘
34,09:47:04,4.42,0.0,51,22542,卖盘
35,09:47:13,4.42,0.0,10,4420,卖盘
36,09:47:16,4.42,0.0,33,14586,卖盘
37,09:47:43,4.42,0.0,17,7514,买盘
38,09:48:25,4.42,0.0,17,7514,卖盘
39,09:48:28,4.42,0.0,100,44200,卖盘
40,09:48:31,4.42,0.0,20,8840,卖盘
41,09:48:37,4.42,0.0,132,58344,卖盘
42,09:48:52,4.42,0.0,85,37570,卖盘
43,09:49:16,4.42,0.0,20,8840,买盘
44,09:49:22,4.41,-0.01,29,12795,卖盘
45,09:50:22,4.42,0.01,2,884,买盘
46,09:50:48,4.42,0.0,215,95030,买盘
47,09:51:01,4.42,0.0,210,92820,买盘
48,09:51:04,4.42,0.0,3,1324,买盘
49,09:51:07,4.42,0.0,6,2652,买盘
50,09:51:10,4.42,0.0,1,442,买盘
51,09:51:12,4.42,0.0,18,7956,买盘
52,09:51:18,4.41,-0.01,4,1764,卖盘
53,09:51:28,4.42,0.01,13,5746,买盘
54,09:51:31,4.42,0.0,2,884,买盘
55,09:51:40,4.42,0.0,3,1326,买盘
56,09:52:04,4.42,0.0,100,44200,卖盘
57,09:52:30,4.42,0.0,40,17680,卖盘
58,09:52:52,4.42,0.0,16,7072,卖盘
59,09:53:01,4.43,0.01,6,2658,买盘
60,09:53:16,4.43,0.0,4,1772,买盘
61,09:54:34,4.42,-0.01,2,884,卖盘
62,09:54:58,4.42,0.0,10,4420,卖盘
63,09:55:19,4.42,0.0,38,16796,卖盘
64,09:56:52,4.42,0.0,50,22100,卖盘
65,09:57:22,4.42,0.0,7,3094,卖盘
66,09:57:24,4.42,0.0,50,22100,卖盘
67,09:57:31,4.42,0.0,6,2652,卖盘
68,09:58:00,4.42,0.0,50,22100,卖盘
69,09:58:07,4.42,0.0,17,7514,卖盘
70,09:58:15,4.42,0.0,7,3094,卖盘
71,09:58:19,4.42,0.0,8,3536,卖盘
72,09:58:22,4.42,0.0,17,7514,卖盘
73,09:59:01,4.42,0.0,39,17238,卖盘
74,09:59:21,4.42,0.0,22,9724,买盘
75,09:59:55,4.42,0.0,10,4420,买盘
76,10:00:10,4.42,0.0,138,60996,卖盘
77,10:00:19,4.42,0.0,9,3978,卖盘
78,10:01:18,4.43,0.01,9,3987,买盘
79,10:01:28,4.43,0.0,2,886,买盘
80,10:02:19,4.42,-0.01,10,4420,卖盘
81,10:02:40,4.43,0.01,30,13290,买盘
82,10:03:55,4.42,-0.01,29,12818,卖盘
83,10:04:30,4.43,0.01,10,4430,买盘
84,10:04:49,4.42,-0.01,7,3094,卖盘
85,10:05:01,4.43,0.01,2,886,买盘
86,10:05:04,4.42,-0.01,52,22984,卖盘
87,10:05:12,4.42,0.0,100,44200,卖盘
88,10:05:28,4.42,0.0,30,13260,卖盘
89,10:05:49,4.42,0.0,1,442,卖盘
90,10:06:22,4.43,0.01,100,44300,买盘
91,10:07:37,4.42,-0.01,74,32708,卖盘
92,10:07:52,4.42,0.0,7,3094,买盘
93,10:08:01,4.42,0.0,5,2210,买盘
94,10:08:16,4.42,0.0,3,1326,买盘
95,10:08:25,4.42,0.0,2,884,买盘
96,10:08:34,4.41,-0.01,200,88200,卖盘
97,10:08:40,4.42,0.01,100,44200,买盘
98,10:09:15,4.42,0.0,7,3094,买盘
99,10:09:19,4.41,-0.01,9,3969,卖盘
100,10:10:04,4.41,0.0,55,24255,卖盘
101,10:10:48,4.41,0.0,59,26019,卖盘
102,10:10:52,4.41,0.0,59,26019,卖盘
103,10:11:07,4.41,0.0,38,16758,卖盘
104,10:11:13,4.41,0.0,50,22050,卖盘
105,10:11:34,4.42,0.01,117,51714,买盘
106,10:11:49,4.41,-0.01,5,2205,卖盘
107,10:12:00,4.41,0.0,60,26460,卖盘
108,10:12:49,4.42,0.01,60,26520,买盘
109,10:16:46,4.41,-0.01,100,44100,卖盘
110,10:17:25,4.42,0.01,2,884,买盘
111,10:17:49,4.42,0.0,317,139809,买盘
112,10:17:58,4.42,0.0,25,11050,买盘
113,10:18:10,4.42,0.0,13,5746,买盘
114,10:18:16,4.41,-0.01,6,2646,卖盘
115,10:18:25,4.42,0.01,6,2652,买盘
116,10:18:39,4.42,0.0,5,2210,买盘
117,10:19:30,4.41,-0.01,15,6615,卖盘
118,10:19:33,4.41,0.0,10,4410,卖盘
119,10:19:52,4.41,0.0,14,6174,卖盘
120,10:19:54,4.41,0.0,10,4410,卖盘
121,10:20:10,4.41,0.0,6,2646,卖盘
122,10:20:19,4.42,0.01,1,442,买盘
123,10:21:06,4.41,-0.01,18,7938,卖盘
124,10:21:52,4.41,0.0,173,76293,卖盘
125,10:22:07,4.41,0.0,200,88200,卖盘
126,10:22:58,4.41,0.0,436,192276,卖盘
127,10:23:52,4.41,0.0,90,39690,卖盘
128,10:24:43,4.42,0.01,5,2210,买盘
129,10:24:55,4.42,0.0,158,69836,买盘
130,10:25:07,4.42,0.0,2,884,买盘
131,10:25:13,4.42,0.0,8,3536,买盘
132,10:25:25,4.42,0.0,4,1768,买盘
133,10:25:30,4.42,0.0,3,1326,买盘
134,10:25:40,4.42,0.0,3,1326,买盘
135,10:25:49,4.42,0.0,2,884,买盘
136,10:25:54,4.41,-0.01,2,882,卖盘
137,10:26:01,4.42,0.01,2,884,买盘
138,10:26:25,4.42,0.0,4,1768,买盘
139,10:26:31,4.42,0.0,1,442,买盘
140,10:27:07,4.42,0.0,3,1326,买盘
141,10:27:10,4.41,-0.01,137,60417,卖盘
142,10:27:16,4.42,0.01,5,2210,买盘
143,10:27:22,4.41,-0.01,8,3528,卖盘
144,10:28:37,4.41,0.0,7,3087,卖盘
145,10:28:40,4.41,0.0,2,882,卖盘
146,10:28:54,4.42,0.01,27,11934,买盘
147,10:30:07,4.41,-0.01,881,388521,卖盘
148,10:30:18,4.41,0.0,4,1764,卖盘
149,10:30:25,4.41,0.0,25,11025,卖盘
150,10:31:04,4.41,0.0,6,2646,卖盘
151,10:31:16,4.42,0.01,91,40222,买盘
152,10:34:28,4.41,-0.01,60,26460,卖盘
153,10:34:34,4.41,0.0,1,441,卖盘
154,10:34:55,4.41,0.0,24,10584,卖盘
155,10:35:07,4.41,0.0,6,2646,买盘
156,10:35:13,4.41,0.0,5,2205,买盘
157,10:35:22,4.41,0.0,7,3085,买盘
158,10:35:24,4.41,0.0,8,3528,买盘
159,10:35:36,4.41,0.0,13,5723,买盘
160,10:35:40,4.41,0.0,2,882,买盘
161,10:35:58,4.41,0.0,3,1323,买盘
162,10:36:07,4.41,0.0,5,2205,买盘
163,10:36:19,4.41,0.0,10,4410,买盘
164,10:36:22,4.41,0.0,4,1764,买盘
165,10:36:34,4.41,0.0,10,4410,买盘
166,10:36:43,4.41,0.0,41,18081,买盘
167,10:36:55,4.41,0.0,16,7056,买盘
168,10:37:07,4.41,0.0,15,6615,买盘
169,10:37:16,4.41,0.0,4,1764,买盘
170,10:37:21,4.41,0.0,2,882,买盘
171,10:38:09,4.4,-0.01,150,66000,卖盘
172,10:39:13,4.41,0.01,2,881,买盘
173,10:39:45,4.4,-0.01,4,1763,卖盘
174,10:40:16,4.4,0.0,30,13200,卖盘
175,10:41:40,4.4,0.0,61,26840,卖盘
176,10:42:19,4.4,0.0,10,4400,卖盘
177,10:42:48,4.4,0.0,52,22880,卖盘
178,10:42:55,4.4,0.0,30,13200,卖盘
179,10:43:10,4.41,0.01,200,88200,买盘
180,10:43:18,4.4,-0.01,21,9240,卖盘
181,10:44:19,4.4,0.0,10,4400,卖盘
182,10:45:13,4.4,0.0,456,200640,卖盘
183,10:45:16,4.4,0.0,195,85800,卖盘
184,10:45:22,4.4,0.0,8,3520,卖盘
185,10:45:25,4.4,0.0,699,307560,卖盘
186,10:45:31,4.4,0.0,95,41800,卖盘
187,10:45:34,4.4,0.0,4,1760,卖盘
188,10:45:37,4.4,0.0,36,15840,卖盘
189,10:45:40,4.4,0.0,109,47960,卖盘
190,10:45:43,4.4,0.0,34,14960,卖盘
191,10:45:46,4.4,0.0,57,25080,卖盘
192,10:45:49,4.4,0.0,59,25960,卖盘
193,10:45:52,4.4,0.0,187,82280,卖盘
194,10:45:54,4.4,0.0,83,36520,卖盘
195,10:45:58,4.4,0.0,98,43120,卖盘
196,10:46:01,4.4,0.0,56,24640,卖盘
197,10:46:04,4.4,0.0,79,34760,卖盘
198,10:46:07,4.4,0.0,25,11154,卖盘
199,10:46:10,4.4,0.0,45,19800,卖盘
200,10:46:22,4.4,0.0,43,18920,卖盘
201,10:46:25,4.4,0.0,133,58520,卖盘
202,10:46:28,4.4,0.0,105,46200,卖盘
203,10:46:31,4.4,0.0,12,5280,卖盘
204,10:46:34,4.4,0.0,127,55880,卖盘
205,10:46:37,4.4,0.0,18,7920,卖盘
206,10:46:40,4.4,0.0,59,25960,卖盘
207,10:46:42,4.4,0.0,228,100320,卖盘
208,10:46:46,4.4,0.0,18,7766,卖盘
209,10:47:16,4.4,0.0,51,22440,买盘
210,10:47:25,4.39,-0.01,20,8780,卖盘
211,10:47:46,4.39,0.0,160,70240,卖盘
212,10:48:07,4.39,0.0,50,21950,卖盘
213,10:48:16,4.39,0.0,176,77264,卖盘
214,10:48:28,4.39,0.0,10,4390,买盘
215,10:48:31,4.38,-0.01,430,188340,卖盘
216,10:48:36,4.39,0.01,10,4390,买盘
217,10:48:40,4.39,0.0,14,6146,买盘
218,10:50:25,4.39,0.0,30,13170,卖盘
219,10:50:46,4.39,0.0,17,7463,卖盘
220,10:50:55,4.39,0.0,13,5707,买盘
221,10:50:58,4.39,0.0,1,439,卖盘
222,10:51:04,4.39,0.0,3,1317,卖盘
223,10:51:55,4.39,0.0,50,21950,卖盘
224,10:52:28,4.4,0.01,208,91674,买盘
225,10:53:10,4.4,0.0,6,2640,卖盘
226,10:53:13,4.41,0.01,2,882,买盘
227,10:53:16,4.41,0.0,3,1323,买盘
228,10:53:25,4.41,0.0,1,441,买盘
229,10:53:37,4.41,0.0,7,3087,买盘
230,10:54:22,4.4,-0.01,1,440,卖盘
231,10:54:43,4.41,0.01,18,7938,买盘
232,10:54:49,4.4,-0.01,213,93720,卖盘
233,10:55:04,4.4,0.0,2,880,卖盘
234,10:55:13,4.4,0.0,170,74800,卖盘
235,10:55:31,4.4,0.0,341,150040,卖盘
236,10:55:37,4.4,0.0,176,77286,卖盘
237,10:55:52,4.39,-0.01,48,21072,卖盘
238,10:55:57,4.39,0.0,16,7024,卖盘
239,10:56:55,4.4,0.01,9,3960,买盘
240,10:58:07,4.4,0.0,3,1320,买盘
241,10:58:10,4.4,0.0,5,2200,买盘
242,10:59:10,4.4,0.0,2,880,买盘
243,10:59:28,4.4,0.0,3,1320,买盘
244,10:59:36,4.4,0.0,5,2200,买盘
245,11:00:21,4.4,0.0,3,1320,买盘
246,11:00:30,4.4,0.0,2,880,买盘
247,11:00:40,4.39,-0.01,8,3512,卖盘
248,11:01:25,4.39,0.0,13,5707,卖盘
249,11:02:28,4.4,0.01,73,32120,买盘
250,11:02:37,4.39,-0.01,50,21950,卖盘
251,11:03:16,4.4,0.01,10,4400,买盘
252,11:04:31,4.4,0.0,75,33000,买盘
253,11:05:37,4.4,0.0,4,1760,买盘
254,11:06:40,4.4,0.0,23,10120,买盘
255,11:07:37,4.4,0.0,4,1760,买盘
256,11:07:42,4.4,0.0,3,1320,买盘
257,11:07:52,4.4,0.0,4,1760,买盘
258,11:08:04,4.4,0.0,5,2200,买盘
259,11:08:16,4.4,0.0,6,2640,买盘
260,11:08:19,4.4,0.0,37,16280,买盘
261,11:08:24,4.4,0.0,10,4400,买盘
262,11:08:30,4.4,0.0,18,7919,买盘
263,11:08:46,4.4,0.0,12,5280,买盘
264,11:08:52,4.39,-0.01,10,4390,卖盘
265,11:08:57,4.4,0.01,3,1320,买盘
266,11:09:06,4.4,0.0,2,880,买盘
267,11:09:13,4.4,0.0,1,440,买盘
268,11:09:33,4.4,0.0,2,880,买盘
269,11:09:39,4.39,-0.01,10,4390,卖盘
270,11:10:13,4.39,0.0,1,439,卖盘
271,11:10:18,4.39,0.0,21,9219,卖盘
272,11:10:24,4.39,0.0,10,4390,卖盘
273,11:10:51,4.4,0.01,2,880,买盘
274,11:11:16,4.4,0.0,3,1320,买盘
275,11:11:25,4.4,0.0,40,17600,买盘
276,11:11:34,4.4,0.0,82,36080,买盘
277,11:11:43,4.4,0.0,4,1760,买盘
278,11:11:52,4.4,0.0,4,1760,买盘
279,11:12:00,4.4,0.0,2,880,买盘
280,11:12:10,4.4,0.0,1,440,买盘
281,11:12:13,4.4,0.0,75,33154,买盘
282,11:12:16,4.4,0.0,1,440,卖盘
283,11:13:13,4.4,0.0,9,3960,卖盘
284,11:13:31,4.4,0.0,88,38566,卖盘
285,11:13:51,4.4,0.0,60,26400,买盘
286,11:13:58,4.4,0.0,2,880,买盘
287,11:14:07,4.4,0.0,5,2200,买盘
288,11:14:12,4.4,0.0,3,1320,买盘
289,11:14:15,4.4,0.0,50,22000,买盘
290,11:14:18,4.4,0.0,25,11000,买盘
291,11:14:22,4.4,0.0,6,2640,买盘
292,11:14:31,4.4,0.0,19,8360,买盘
293,11:14:37,4.4,0.0,44,19514,买盘
294,11:15:12,4.4,0.0,27,11880,卖盘
295,11:16:00,4.41,0.01,16,7056,买盘
296,11:16:40,4.41,0.0,25,11025,买盘
297,11:17:19,4.41,0.0,25,11025,买盘
298,11:17:22,4.41,0.0,1,441,买盘
299,11:17:42,4.41,0.0,189,83349,买盘
300,11:17:57,4.41,0.0,2,882,买盘
301,11:18:07,4.41,0.0,2,882,买盘
302,11:18:15,4.41,0.0,5,2205,买盘
303,11:18:22,4.41,0.0,33,14553,买盘
304,11:18:25,4.41,0.0,3,1323,买盘
305,11:18:40,4.41,0.0,3,1323,买盘
306,11:18:54,4.41,0.0,3,1323,买盘
307,11:19:10,4.41,0.0,12,5292,买盘
308,11:20:18,4.41,0.0,3,1323,买盘
309,11:20:21,4.4,-0.01,99,43560,卖盘
310,11:20:49,4.41,0.01,2,882,买盘
311,11:21:16,4.41,0.0,5,2205,买盘
312,11:21:30,4.41,0.0,3,1323,买盘
313,11:21:40,4.4,-0.01,10,4400,卖盘
314,11:22:22,4.4,0.0,20,8800,卖盘
315,11:24:54,4.4,0.0,45,19800,卖盘
316,11:26:13,4.4,0.0,11,4840,卖盘
317,11:28:43,4.41,0.01,1,441,买盘
318,11:29:24,4.4,-0.01,13,5720,卖盘
319,13:00:07,4.4,0.0,196,86240,卖盘
320,13:00:10,4.4,0.0,336,147686,卖盘
321,13:01:24,4.39,-0.01,1,439,卖盘
322,13:01:51,4.39,0.0,2,878,卖盘
323,13:02:25,4.39,0.0,100,43900,卖盘
324,13:02:54,4.39,0.0,4,1756,卖盘
325,13:03:27,4.39,0.0,100,43900,卖盘
326,13:04:31,4.39,0.0,25,10975,卖盘
327,13:05:04,4.39,0.0,10,4390,卖盘
328,13:05:12,4.39,0.0,10,4390,卖盘
329,13:06:01,4.39,0.0,10,4390,卖盘
330,13:06:37,4.39,0.0,100,43900,卖盘
331,13:11:52,4.39,0.0,5,2195,卖盘
332,13:12:16,4.39,0.0,12,5268,卖盘
333,13:13:12,4.4,0.01,3,1320,买盘
334,13:16:28,4.39,-0.01,24,10536,卖盘
335,13:16:42,4.39,0.0,31,13609,卖盘
336,13:17:22,4.39,0.0,20,8780,卖盘
337,13:18:07,4.4,0.01,5,2200,买盘
338,13:18:09,4.4,0.0,7,3080,买盘
339,13:18:19,4.4,0.0,2,880,买盘
340,13:18:25,4.4,0.0,10,4400,买盘
341,13:18:31,4.4,0.0,45,19800,买盘
342,13:19:22,4.4,0.0,6,2640,买盘
343,13:20:16,4.4,0.0,400,176000,买盘
344,13:21:19,4.4,0.0,6,2640,买盘
345,13:22:52,4.39,-0.01,2,878,卖盘
346,13:23:36,4.39,0.0,8,3512,卖盘
347,13:23:49,4.4,0.01,32,14080,买盘
348,13:24:10,4.4,0.0,15,6600,买盘
349,13:24:21,4.4,0.0,7,3080,买盘
350,13:27:54,4.39,-0.01,15,6585,卖盘
351,13:28:01,4.39,0.0,16,7024,卖盘
352,13:28:16,4.39,0.0,100,43900,卖盘
353,13:28:57,4.4,0.01,75,33000,买盘
354,13:29:30,4.39,-0.01,20,8780,卖盘
355,13:30:13,4.39,0.0,100,43900,卖盘
356,13:30:43,4.39,0.0,377,165503,卖盘
357,13:30:46,4.39,0.0,25,10975,卖盘
358,13:32:28,4.4,0.01,1,440,买盘
359,13:32:39,4.4,0.0,2,880,买盘
360,13:34:06,4.4,0.0,24,10560,买盘
361,13:34:43,4.39,-0.01,65,28535,卖盘
362,13:35:07,4.39,0.0,50,21950,卖盘
363,13:35:31,4.39,0.0,50,21950,卖盘
364,13:35:34,4.39,0.0,121,53119,卖盘
365,13:35:43,4.39,0.0,5,2195,卖盘
366,13:37:34,4.39,0.0,10,4390,卖盘
367,13:37:46,4.39,0.0,9,3951,卖盘
368,13:37:49,4.39,0.0,13,5707,卖盘
369,13:39:22,4.39,0.0,2,878,买盘
370,13:39:28,4.39,0.0,3,1317,买盘
371,13:40:28,4.39,0.0,5,2195,买盘
372,13:40:46,4.38,-0.01,50,21900,卖盘
373,13:41:49,4.38,0.0,100,43800,卖盘
374,13:42:16,4.39,0.01,3,1317,买盘
375,13:42:28,4.39,0.0,2,878,买盘
376,13:43:25,4.39,0.0,212,93068,买盘
377,13:43:39,4.39,0.0,29,12731,买盘
378,13:43:51,4.39,0.0,26,11568,卖盘
379,13:43:58,4.39,0.0,5,2195,卖盘
380,13:44:01,4.39,0.0,135,59265,卖盘
381,13:44:07,4.39,0.0,11,4829,卖盘
382,13:44:25,4.39,0.0,1,439,卖盘
383,13:44:49,4.39,0.0,194,85166,卖盘
384,13:44:58,4.39,0.0,50,21950,卖盘
385,13:45:19,4.39,0.0,2,878,卖盘
386,13:45:22,4.4,0.01,5,2200,买盘
387,13:45:25,4.4,0.0,1,440,买盘
388,13:45:30,4.39,-0.01,97,42429,卖盘
389,13:46:13,4.39,0.0,34,14897,买盘
390,13:46:52,4.38,-0.01,10,4380,卖盘
391,13:47:04,4.38,0.0,10,4380,卖盘
392,13:47:22,4.39,0.01,264,116050,买盘
393,13:47:28,4.39,0.0,50,21950,卖盘
394,13:47:34,4.39,0.0,4,1756,卖盘
395,13:47:39,4.39,0.0,2,878,卖盘
396,13:47:46,4.39,0.0,166,72720,卖盘
397,13:47:52,4.38,-0.01,1122,491778,卖盘
398,13:47:57,4.38,0.0,34,14892,卖盘
399,13:48:04,4.38,0.0,8,3504,卖盘
400,13:48:07,4.38,0.0,1,438,卖盘
401,13:48:10,4.38,0.0,3,1314,卖盘
402,13:48:13,4.38,0.0,43,18834,卖盘
403,13:48:16,4.38,0.0,27,11484,卖盘
404,13:48:52,4.37,-0.01,36,15732,卖盘
405,13:49:04,4.38,0.01,21,9540,买盘
406,13:49:25,4.38,0.0,138,60444,卖盘
407,13:49:31,4.38,0.0,1,438,卖盘
408,13:49:40,4.38,0.0,110,47843,卖盘
409,13:49:52,4.37,-0.01,382,166934,卖盘
410,13:49:58,4.36,-0.01,170,74155,卖盘
411,13:50:13,4.36,0.0,35,15260,卖盘
412,13:50:40,4.37,0.01,10,4370,卖盘
413,13:50:46,4.36,-0.01,100,43640,卖盘
414,13:51:25,4.37,0.01,2,874,买盘
415,13:51:40,4.37,0.0,4,1748,买盘
416,13:51:54,4.37,0.0,88,38456,买盘
417,13:52:16,4.37,0.0,119,52003,买盘
418,13:52:28,4.37,0.0,118,51566,买盘
419,13:52:30,4.37,0.0,2,874,买盘
420,13:52:46,4.37,0.0,21,9177,买盘
421,13:52:49,4.36,-0.01,180,78480,卖盘
422,13:52:52,4.37,0.01,118,51566,买盘
423,13:53:00,4.37,0.0,1,437,买盘
424,13:53:06,4.37,0.0,7,3055,买盘
425,13:53:16,4.37,0.0,8,3496,买盘
426,13:53:28,4.37,0.0,8,3496,买盘
427,13:53:40,4.37,0.0,123,53751,买盘
428,13:53:42,4.37,0.0,7,3059,买盘
429,13:53:52,4.37,0.0,100,43700,买盘
430,13:54:22,4.37,0.0,5,2185,卖盘
431,13:54:28,4.37,0.0,1,437,卖盘
432,13:54:34,4.37,0.0,1,437,卖盘
433,13:54:43,4.37,0.0,1,437,卖盘
434,13:54:48,4.37,0.0,1,437,卖盘
435,13:54:52,4.37,0.0,1,437,卖盘
436,13:54:55,4.37,0.0,1,437,卖盘
437,13:54:58,4.37,0.0,1,437,卖盘
438,13:55:01,4.37,0.0,1,437,卖盘
439,13:55:04,4.37,0.0,1,437,卖盘
440,13:55:07,4.37,0.0,2,874,卖盘
441,13:55:15,4.37,0.0,143,62491,卖盘
442,13:55:22,4.37,0.0,1,437,卖盘
443,13:55:27,4.37,0.0,1,437,卖盘
444,13:55:34,4.37,0.0,15,6555,卖盘
445,13:55:37,4.37,0.0,9,3933,买盘
446,13:55:46,4.37,0.0,3,1311,买盘
447,13:55:55,4.37,0.0,10,4370,买盘
448,13:55:58,4.37,0.0,4,1748,买盘
449,13:56:04,4.37,0.0,20,8740,买盘
450,13:56:06,4.37,0.0,3,1311,买盘
451,13:56:21,4.37,0.0,5,2185,买盘
452,13:56:24,4.37,0.0,12,5244,买盘
453,13:56:34,4.37,0.0,1,437,卖盘
454,13:56:39,4.37,0.0,1,437,卖盘
455,13:57:37,4.37,0.0,1,437,卖盘
456,13:57:52,4.37,0.0,10,4370,卖盘
457,13:57:58,4.37,0.0,1,437,卖盘
458,13:58:01,4.37,0.0,1,437,卖盘
459,13:58:04,4.37,0.0,1,437,卖盘
460,13:58:07,4.37,0.0,1,437,卖盘
461,13:58:10,4.37,0.0,2,874,卖盘
462,13:58:13,4.37,0.0,8,3496,卖盘
463,13:58:16,4.38,0.01,3,1313,买盘
464,13:58:19,4.37,-0.01,1,437,卖盘
465,13:58:24,4.37,0.0,2,874,卖盘
466,13:58:33,4.37,0.0,1,437,卖盘
467,13:58:40,4.37,0.0,2,874,卖盘
468,13:58:43,4.37,0.0,1,437,卖盘
469,13:58:46,4.37,0.0,22,9614,卖盘
470,13:58:49,4.37,0.0,1,437,卖盘
471,13:58:52,4.37,0.0,1,437,卖盘
472,13:58:54,4.37,0.0,21,9177,卖盘
473,14:00:28,4.37,0.0,2,874,买盘
474,14:00:36,4.37,0.0,5,2185,买盘
475,14:00:42,4.37,0.0,4,1748,买盘
476,14:00:55,4.37,0.0,26,11362,买盘
477,14:01:01,4.37,0.0,2,874,卖盘
478,14:01:06,4.37,0.0,2,874,卖盘
479,14:01:13,4.37,0.0,2,874,卖盘
480,14:01:19,4.37,0.0,14,6118,卖盘
481,14:01:40,4.36,-0.01,128,55808,卖盘
482,14:02:43,4.36,0.0,5,2180,卖盘
483,14:03:28,4.37,0.01,10,4370,买盘
484,14:04:04,4.37,0.0,1,437,买盘
485,14:04:10,4.37,0.0,2,874,买盘
486,14:04:19,4.37,0.0,3,1311,买盘
487,14:04:25,4.36,-0.01,8,3488,卖盘
488,14:04:28,4.37,0.01,4,1748,买盘
489,14:04:46,4.36,-0.01,20,8720,卖盘
490,14:05:15,4.37,0.01,4,1748,买盘
491,14:05:46,4.37,0.0,5,2185,买盘
492,14:06:01,4.37,0.0,20,8740,买盘
493,14:06:07,4.36,-0.01,10,4360,卖盘
494,14:06:43,4.37,0.01,2,874,买盘
495,14:07:04,4.37,0.0,350,152950,买盘
496,14:07:46,4.36,-0.01,10,4360,卖盘
497,14:08:19,4.37,0.01,5,2185,买盘
498,14:08:31,4.36,-0.01,10,4360,卖盘
499,14:08:34,4.37,0.01,3,1311,买盘
500,14:08:55,4.37,0.0,15,6555,买盘
501,14:09:01,4.37,0.0,3,1311,买盘
502,14:09:34,4.36,-0.01,8,3488,卖盘
503,14:09:37,4.36,0.0,6,2616,卖盘
504,14:09:40,4.36,0.0,23,10028,卖盘
505,14:09:43,4.36,0.0,17,7412,卖盘
506,14:09:45,4.36,0.0,41,17876,卖盘
507,14:09:49,4.36,0.0,48,20928,卖盘
508,14:09:52,4.36,0.0,44,19184,卖盘
509,14:09:55,4.36,0.0,49,21364,卖盘
510,14:09:58,4.36,0.0,298,129928,卖盘
511,14:10:07,4.36,0.0,1,436,卖盘
512,14:10:31,4.36,0.0,7,3052,卖盘
513,14:11:24,4.36,0.0,287,125132,卖盘
514,14:11:54,4.36,0.0,6,2616,买盘
515,14:12:22,4.36,0.0,5,2180,买盘
516,14:12:28,4.35,-0.01,16,6960,卖盘
517,14:12:43,4.36,0.01,4,1744,买盘
518,14:13:21,4.35,-0.01,368,160080,卖盘
519,14:13:34,4.35,0.0,20,8700,卖盘
520,14:13:43,4.36,0.01,33,14388,买盘
521,14:13:58,4.35,-0.01,5,2175,卖盘
522,14:14:07,4.35,0.0,10,4350,卖盘
523,14:14:28,4.35,0.0,200,87000,卖盘
524,14:14:31,4.35,0.0,70,30450,卖盘
525,14:14:48,4.35,0.0,38,16530,卖盘
526,14:15:00,4.35,0.0,329,143115,卖盘
527,14:15:13,4.35,0.0,24,10440,卖盘
528,14:15:58,4.35,0.0,388,168780,卖盘
529,14:16:22,4.35,0.0,32,13920,买盘
530,14:16:46,4.35,0.0,604,262140,买盘
531,14:16:49,4.35,0.0,23,10005,买盘
532,14:16:52,4.35,0.0,98,42630,买盘
533,14:17:19,4.34,-0.01,6,2604,卖盘
534,14:17:34,4.34,0.0,34,14756,卖盘
535,14:17:36,4.34,0.0,20,8680,卖盘
536,14:18:28,4.34,0.0,1,781,卖盘
537,14:18:45,4.34,0.0,5,2170,卖盘
538,14:18:52,4.35,0.01,5,2175,买盘
539,14:19:04,4.35,0.0,1,435,买盘
540,14:19:06,4.35,0.0,20,8700,买盘
541,14:19:16,4.35,0.0,1,435,买盘
542,14:19:25,4.35,0.0,50,21750,买盘
543,14:19:28,4.34,-0.01,20,8680,卖盘
544,14:19:31,4.35,0.01,13,5655,买盘
545,14:19:34,4.35,0.0,4,1740,买盘
546,14:19:40,4.35,0.0,16,6960,买盘
547,14:19:58,4.35,0.0,10,4350,买盘
548,14:20:15,4.35,0.0,21,9135,买盘
549,14:20:18,4.35,0.0,171,74385,买盘
550,14:20:37,4.35,0.0,1,435,卖盘
551,14:21:06,4.36,0.01,25,10900,买盘
552,14:21:36,4.36,0.0,2,872,买盘
553,14:21:54,4.36,0.0,4,1744,买盘
554,14:22:04,4.36,0.0,6,2616,买盘
555,14:22:13,4.36,0.0,28,12208,买盘
556,14:22:15,4.36,0.0,1,436,买盘
557,14:22:19,4.36,0.0,109,47524,买盘
558,14:22:52,4.36,0.0,4,1744,买盘
559,14:22:55,4.36,0.0,30,13080,买盘
560,14:23:04,4.36,0.0,3,1308,买盘
561,14:23:24,4.36,0.0,1,436,买盘
562,14:24:43,4.36,0.0,50,21800,买盘
563,14:25:43,4.36,0.0,15,6540,买盘
564,14:25:49,4.36,0.0,1,436,买盘
565,14:25:57,4.35,-0.01,26,11310,卖盘
566,14:26:55,4.36,0.01,8,3488,买盘
567,14:27:01,4.36,0.0,2,872,买盘
568,14:27:24,4.36,0.0,4,1742,买盘
569,14:27:28,4.36,0.0,50,21800,买盘
570,14:28:46,4.35,-0.01,23,10005,卖盘
571,14:29:19,4.36,0.01,7,3052,买盘
572,14:30:25,4.35,-0.01,350,152250,卖盘
573,14:30:28,4.35,0.0,97,42195,卖盘
574,14:31:01,4.36,0.01,5,2180,买盘
575,14:31:13,4.35,-0.01,30,13050,卖盘
576,14:31:34,4.36,0.01,5,2180,买盘
577,14:33:01,4.35,-0.01,13,5655,卖盘
578,14:33:39,4.36,0.01,5,2180,买盘
579,14:33:42,4.35,-0.01,84,36560,卖盘
580,14:34:07,4.35,0.0,40,17400,卖盘
581,14:34:12,4.35,0.0,10,4350,卖盘
582,14:36:13,4.35,0.0,35,15225,卖盘
583,14:36:19,4.36,0.01,4,1744,买盘
584,14:37:16,4.36,0.0,55,23980,买盘
585,14:37:22,4.36,0.0,3,1308,买盘
586,14:37:28,4.36,0.0,19,8284,买盘
587,14:37:58,4.36,0.0,650,283304,买盘
588,14:38:19,4.36,0.0,5,2180,卖盘
589,14:38:25,4.37,0.01,4,1748,买盘
590,14:38:42,4.37,0.0,2,874,买盘
591,14:38:49,4.37,0.0,1,437,买盘
592,14:39:10,4.37,0.0,68,29716,买盘
593,14:39:34,4.37,0.0,1,437,买盘
594,14:39:37,4.37,0.0,33,14421,买盘
595,14:39:43,4.36,-0.01,2,872,卖盘
596,14:39:52,4.37,0.01,24,10488,买盘
597,14:39:55,4.37,0.0,3,1311,买盘
598,14:40:01,4.37,0.0,140,61180,卖盘
599,14:40:10,4.37,0.0,15,6555,卖盘
600,14:40:16,4.36,-0.01,100,43675,卖盘
601,14:40:28,4.37,0.01,2,874,卖盘
602,14:40:34,4.37,0.0,1,437,卖盘
603,14:40:58,4.36,-0.01,90,39240,卖盘
604,14:41:13,4.36,0.0,50,21800,卖盘
605,14:41:34,4.36,0.0,4,1744,卖盘
606,14:41:49,4.35,-0.01,41,17839,卖盘
607,14:42:10,4.35,0.0,20,8700,卖盘
608,14:43:40,4.36,0.01,2,872,买盘
609,14:43:43,4.36,0.0,20,8720,买盘
610,14:43:58,4.36,0.0,2,872,买盘
611,14:44:13,4.35,-0.01,30,13050,卖盘
612,14:44:19,4.35,0.0,26,11310,卖盘
613,14:44:25,4.35,0.0,26,11324,卖盘
614,14:44:46,4.35,0.0,334,145290,卖盘
615,14:44:52,4.35,0.0,77,33495,卖盘
616,14:44:55,4.36,0.01,31,13491,买盘
617,14:44:58,4.35,-0.01,15,6525,卖盘
618,14:45:10,4.35,0.0,15,6525,卖盘
619,14:45:16,4.36,0.01,16,6975,买盘
620,14:45:19,4.35,-0.01,1,435,卖盘
621,14:45:25,4.35,0.0,15,6525,卖盘
622,14:45:37,4.35,0.0,15,6525,卖盘
623,14:45:43,4.35,0.0,10,4350,卖盘
624,14:45:55,4.35,0.0,15,6525,卖盘
625,14:46:07,4.35,0.0,60,26100,卖盘
626,14:46:10,4.35,0.0,15,6525,卖盘
627,14:46:13,4.35,0.0,50,21750,卖盘
628,14:46:16,4.35,0.0,11,4785,卖盘
629,14:46:19,4.36,0.01,7,3052,买盘
630,14:46:22,4.35,-0.01,20,8700,卖盘
631,14:46:31,4.35,0.0,23,10005,卖盘
632,14:46:37,4.35,0.0,15,6525,卖盘
633,14:46:55,4.35,0.0,15,6525,卖盘
634,14:47:07,4.35,0.0,25,10875,卖盘
635,14:47:10,4.35,0.0,30,13050,卖盘
636,14:47:13,4.35,0.0,1,435,卖盘
637,14:47:19,4.35,0.0,1,435,卖盘
638,14:47:22,4.36,0.01,27,11756,买盘
639,14:47:34,4.35,-0.01,4,1740,卖盘
640,14:47:37,4.35,0.0,15,6525,卖盘
641,14:47:40,4.35,0.0,100,43500,卖盘
642,14:47:43,4.35,0.0,149,64911,卖盘
643,14:47:46,4.34,-0.01,87,37758,卖盘
644,14:47:49,4.34,0.0,15,6510,卖盘
645,14:48:04,4.35,0.01,5,2175,买盘
646,14:48:07,4.34,-0.01,16,6944,卖盘
647,14:48:10,4.35,0.01,4,1740,买盘
648,14:48:16,4.34,-0.01,51,22134,卖盘
649,14:48:19,4.35,0.01,6,2609,买盘
650,14:48:22,4.34,-0.01,16,6944,卖盘
651,14:48:31,4.35,0.01,15,6520,买盘
652,14:48:34,4.34,-0.01,15,6510,卖盘
653,14:48:37,4.35,0.01,15,6525,买盘
654,14:48:49,4.34,-0.01,16,6944,卖盘
655,14:48:52,4.35,0.01,100,43500,买盘
656,14:49:10,4.34,-0.01,200,86800,卖盘
657,14:49:19,4.35,0.01,6,2605,买盘
658,14:49:25,4.34,-0.01,11,4774,卖盘
659,14:49:28,4.35,0.01,20,8700,买盘
660,14:49:34,4.35,0.0,10,4350,买盘
661,14:49:40,4.34,-0.01,2,868,卖盘
662,14:49:43,4.34,0.0,15,6510,卖盘
663,14:49:49,4.34,0.0,5,2170,卖盘
664,14:49:58,4.34,0.0,15,6510,卖盘
665,14:50:04,4.34,0.0,5,2170,卖盘
666,14:50:10,4.34,0.0,15,6510,卖盘
667,14:50:19,4.35,0.01,30,13022,买盘
668,14:50:22,4.34,-0.01,2,868,卖盘
669,14:50:25,4.35,0.01,10,4350,买盘
670,14:50:28,4.34,-0.01,15,6510,卖盘
671,14:50:31,4.35,0.01,5,2175,买盘
672,14:50:34,4.34,-0.01,10,4153,卖盘
673,14:50:37,4.35,0.01,11,4785,买盘
674,14:50:40,4.34,-0.01,4,1736,卖盘
675,14:50:43,4.34,0.0,15,6510,卖盘
676,14:50:55,4.34,0.0,15,6510,卖盘
677,14:51:10,4.34,0.0,16,6944,卖盘
678,14:51:25,4.34,0.0,5,2170,卖盘
679,14:51:28,4.34,0.0,15,6510,卖盘
680,14:51:31,4.35,0.01,90,39150,买盘
681,14:51:37,4.35,0.0,100,43500,买盘
682,14:51:55,4.35,0.0,30,13050,买盘
683,14:52:04,4.34,-0.01,3,1302,卖盘
684,14:52:10,4.34,0.0,30,13033,卖盘
685,14:52:13,4.34,0.0,2,868,卖盘
686,14:52:16,4.34,0.0,5,2170,卖盘
687,14:52:28,4.34,0.0,15,6510,卖盘
688,14:52:34,4.34,0.0,10,4340,卖盘
689,14:52:40,4.35,0.01,10,4350,买盘
690,14:52:49,4.35,0.0,50,21750,买盘
691,14:53:04,4.34,-0.01,100,43400,卖盘
692,14:53:10,4.34,0.0,1,434,卖盘
693,14:53:19,4.34,0.0,42,18228,卖盘
694,14:53:22,4.34,0.0,3,1302,卖盘
695,14:53:25,4.34,0.0,15,6510,卖盘
696,14:53:40,4.34,0.0,15,6510,卖盘
697,14:53:55,4.34,0.0,15,6510,卖盘
698,14:53:58,4.34,0.0,25,10850,卖盘
699,14:54:07,4.35,0.01,21,9134,买盘
700,14:54:10,4.34,-0.01,1,434,卖盘
701,14:54:13,4.34,0.0,15,6510,卖盘
702,14:54:16,4.34,0.0,114,49476,卖盘
703,14:54:22,4.34,0.0,1,434,卖盘
704,14:54:25,4.34,0.0,78,33852,卖盘
705,14:54:28,4.34,0.0,15,6510,卖盘
706,14:54:31,4.35,0.01,5,2175,买盘
707,14:54:40,4.34,-0.01,15,6510,卖盘
708,14:54:52,4.34,0.0,10,4340,卖盘
709,14:54:55,4.34,0.0,15,6510,卖盘
710,14:55:07,4.34,0.0,1,434,卖盘
711,14:55:10,4.34,0.0,15,6510,卖盘
712,14:55:19,4.34,0.0,4,1736,卖盘
713,14:55:22,4.34,0.0,15,6510,卖盘
714,14:55:34,4.35,0.01,50,21750,买盘
715,14:55:40,4.34,-0.01,15,6510,卖盘
716,14:55:43,4.34,0.0,20,8680,卖盘
717,14:55:55,4.34,0.0,65,28210,卖盘
718,14:56:01,4.35,0.01,25,10875,买盘
719,14:56:07,4.34,-0.01,20,8680,卖盘
720,14:56:16,4.34,0.0,6,2604,卖盘
721,14:56:22,4.34,0.0,16,6944,卖盘
722,14:56:28,4.34,0.0,1,434,卖盘
723,14:56:31,4.34,0.0,17,7378,卖盘
724,14:56:34,4.34,0.0,1,434,卖盘
725,14:56:37,4.34,0.0,17,7378,卖盘
726,14:56:55,4.34,0.0,10,4340,卖盘
727,15:00:04,4.34,0.0,473,205282,卖盘
