,time,price,change,volume,amount,type
0,09:25:04,4.42,0.02,1,442,卖盘
1,09:30:04,4.42,0.0,129,57018,买盘
2,09:30:07,4.42,0.0,75,33091,买盘
3,09:30:10,4.42,0.0,239,105638,买盘
4,09:30:16,4.42,0.0,48,21508,卖盘
5,09:30:34,4.42,0.0,113,49654,卖盘
6,09:31:25,4.41,-0.01,8,3528,卖盘
7,09:31:58,4.41,0.0,3,1323,卖盘
8,09:32:25,4.41,0.0,3,1323,买盘
9,09:32:31,4.41,0.0,1,441,买盘
10,09:32:37,4.41,0.0,2,882,买盘
11,09:32:43,4.41,0.0,1,441,买盘
12,09:32:49,4.41,0.0,3,1323,买盘
13,09:32:55,4.41,0.0,3,1323,买盘
14,09:33:01,4.41,0.0,1,441,买盘
15,09:33:07,4.41,0.0,3,1323,买盘
16,09:33:10,4.41,0.0,2,882,买盘
17,09:33:13,4.41,0.0,3,1323,买盘
18,09:33:16,4.41,0.0,27,11907,买盘
19,09:33:19,4.41,0.0,1,441,买盘
20,09:34:01,4.4,-0.01,10,4400,卖盘
21,09:34:15,4.4,0.0,65,28623,卖盘
22,09:34:31,4.41,0.01,1,441,买盘
23,09:34:34,4.41,0.0,2,882,买盘
24,09:34:52,4.41,0.0,1,441,买盘
25,09:34:57,4.41,0.0,54,23794,买盘
26,09:35:04,4.4,-0.01,40,17600,卖盘
27,09:35:13,4.41,0.01,5,2205,买盘
28,09:35:58,4.4,-0.01,60,26400,卖盘
29,09:36:01,4.4,0.0,245,107800,卖盘
30,09:36:28,4.41,0.01,16,7056,买盘
31,09:36:40,4.41,0.0,249,109809,卖盘
32,09:36:46,4.41,0.0,26,11466,卖盘
33,09:36:49,4.41,0.0,20,8820,卖盘
34,09:36:52,4.41,0.0,39,17199,卖盘
35,09:36:54,4.41,0.0,153,67473,卖盘
36,09:37:04,4.4,-0.01,32,14080,卖盘
37,09:37:07,4.4,0.0,23,10120,卖盘
38,09:37:25,4.4,0.0,47,20970,卖盘
39,09:37:37,4.4,0.0,64,28160,卖盘
40,09:38:48,4.4,0.0,142,62580,卖盘
41,09:39:21,4.4,0.0,20,8800,卖盘
42,09:39:43,4.41,0.01,100,44100,买盘
43,09:39:55,4.4,-0.01,50,22000,卖盘
44,09:40:31,4.4,0.0,34,14960,卖盘
45,09:40:40,4.41,0.01,1,441,买盘
46,09:41:13,4.4,-0.01,125,55000,卖盘
47,09:42:46,4.4,0.0,5,2200,卖盘
48,09:43:01,4.4,0.0,72,31680,卖盘
49,09:43:34,4.41,0.01,2,882,买盘
50,09:43:40,4.4,-0.01,2,880,卖盘
51,09:43:46,4.4,0.0,3,1320,卖盘
52,09:43:49,4.4,0.0,317,139480,卖盘
53,09:43:55,4.4,0.0,78,34320,卖盘
54,09:44:13,4.4,0.0,5,2200,卖盘
55,09:44:16,4.4,0.0,5,2200,卖盘
56,09:44:25,4.4,0.0,205,90200,卖盘
57,09:44:31,4.4,0.0,29,12760,卖盘
58,09:44:34,4.4,0.0,200,88000,卖盘
59,09:44:43,4.4,0.0,22,9680,卖盘
60,09:44:46,4.4,0.0,3,1320,卖盘
61,09:44:48,4.4,0.0,72,31680,卖盘
62,09:45:16,4.4,0.0,4,1760,卖盘
63,09:45:19,4.4,0.0,71,31240,卖盘
64,09:45:46,4.4,0.0,4,1760,卖盘
65,09:46:06,4.4,0.0,100,44000,卖盘
66,09:46:13,4.4,0.0,25,11000,卖盘
67,09:46:16,4.4,0.0,5,2200,卖盘
68,09:46:45,4.4,0.0,4,1760,卖盘
69,09:46:52,4.4,0.0,73,32120,卖盘
70,09:47:16,4.4,0.0,5,2200,卖盘
71,09:47:19,4.41,0.01,63,27783,买盘
72,09:47:22,4.4,-0.01,11,4840,卖盘
73,09:47:24,4.4,0.0,40,17600,卖盘
74,09:47:43,4.4,0.0,60,26400,卖盘
75,09:48:10,4.41,0.01,1,441,买盘
76,09:48:16,4.4,-0.01,30,13200,卖盘
77,09:48:58,4.41,0.01,5,2205,买盘
78,09:49:34,4.41,0.0,181,79821,买盘
79,09:50:42,4.41,0.0,15,6615,卖盘
80,09:51:34,4.41,0.0,90,39690,卖盘
81,09:53:16,4.41,0.0,182,80262,卖盘
82,09:53:27,4.41,0.0,50,22050,卖盘
83,09:53:30,4.41,0.0,30,13230,卖盘
84,09:53:55,4.41,0.0,1,441,卖盘
85,09:54:39,4.4,-0.01,25,11000,卖盘
86,09:55:04,4.4,0.0,100,44000,卖盘
87,09:55:22,4.4,0.0,4,1760,卖盘
88,09:55:40,4.41,0.01,1,441,买盘
89,09:56:45,4.4,-0.01,5,2200,卖盘
90,09:57:22,4.4,0.0,30,13200,卖盘
91,09:57:46,4.4,0.0,4,1760,卖盘
92,09:57:51,4.4,0.0,103,45320,卖盘
93,09:58:16,4.4,0.0,3,1320,卖盘
94,09:58:46,4.4,0.0,6,2640,卖盘
95,09:59:16,4.4,0.0,4,1760,卖盘
96,09:59:46,4.4,0.0,5,2200,卖盘
97,09:59:58,4.41,0.01,334,147294,买盘
98,10:00:25,4.41,0.0,60,26460,卖盘
99,10:00:34,4.41,0.0,1,441,卖盘
100,10:00:46,4.41,0.0,50,22050,卖盘
101,10:00:55,4.41,0.0,48,21168,卖盘
102,10:00:58,4.41,0.0,27,11907,卖盘
103,10:01:16,4.41,0.0,10,4410,卖盘
104,10:03:04,4.41,0.0,10,4410,卖盘
105,10:03:16,4.42,0.01,6,2652,买盘
106,10:03:19,4.42,0.0,1,442,买盘
107,10:03:31,4.41,-0.01,2,882,卖盘
108,10:04:25,4.41,0.0,43,18963,卖盘
109,10:05:16,4.4,-0.01,4,1760,卖盘
110,10:05:28,4.41,0.01,60,26460,买盘
111,10:05:46,4.4,-0.01,4,1760,卖盘
112,10:06:01,4.41,0.01,29,12789,买盘
113,10:06:06,4.41,0.0,7,3087,买盘
114,10:06:40,4.42,0.01,2,883,买盘
115,10:06:46,4.4,-0.02,5,2200,卖盘
116,10:07:10,4.41,0.01,58,25578,买盘
117,10:07:16,4.41,0.0,18,7938,卖盘
118,10:07:36,4.41,0.0,18,7938,卖盘
119,10:07:46,4.4,-0.01,4,1760,卖盘
120,10:08:15,4.4,0.0,4,1760,卖盘
121,10:08:19,4.4,0.0,14,6160,卖盘
122,10:08:25,4.41,0.01,100,44100,买盘
123,10:08:31,4.41,0.0,3,1323,买盘
124,10:08:37,4.41,0.0,3,1323,买盘
125,10:08:39,4.41,0.0,2,882,买盘
126,10:08:46,4.41,0.0,3,1323,卖盘
127,10:09:16,4.41,0.0,5,2205,卖盘
128,10:09:34,4.41,0.0,8,3530,卖盘
129,10:09:48,4.42,0.01,2,884,买盘
130,10:09:52,4.42,0.0,10,4420,买盘
131,10:10:22,4.42,0.0,21,9282,买盘
132,10:10:40,4.42,0.0,13,5746,买盘
133,10:10:46,4.42,0.0,1,442,买盘
134,10:12:19,4.41,-0.01,30,13230,卖盘
135,10:12:40,4.41,0.0,42,18522,卖盘
136,10:12:49,4.41,0.0,30,13230,卖盘
137,10:14:42,4.41,0.0,1,441,卖盘
138,10:15:57,4.42,0.01,50,22100,买盘
139,10:16:19,4.42,0.0,200,88400,买盘
140,10:16:25,4.42,0.0,8,3536,买盘
141,10:16:31,4.42,0.0,5,2210,买盘
142,10:16:34,4.42,0.0,11,4862,买盘
143,10:18:43,4.41,-0.01,176,77632,卖盘
144,10:20:49,4.42,0.01,110,48620,买盘
145,10:20:52,4.41,-0.01,20,8820,卖盘
146,10:21:18,4.41,0.0,166,73206,卖盘
147,10:22:34,4.41,0.0,42,18522,卖盘
148,10:22:46,4.41,0.0,12,5292,卖盘
149,10:23:06,4.41,0.0,50,22050,卖盘
150,10:23:19,4.42,0.01,50,22100,买盘
151,10:23:27,4.41,-0.01,14,6174,卖盘
152,10:23:40,4.42,0.01,1,442,买盘
153,10:24:42,4.41,-0.01,280,123480,卖盘
154,10:25:07,4.41,0.0,40,17657,卖盘
155,10:25:16,4.41,0.0,1,441,卖盘
156,10:25:28,4.41,0.0,123,54243,卖盘
157,10:25:58,4.41,0.0,307,135387,卖盘
158,10:26:10,4.41,0.0,26,11466,卖盘
159,10:26:34,4.41,0.0,206,90846,卖盘
160,10:27:31,4.42,0.01,6,2652,买盘
161,10:27:33,4.42,0.0,35,15470,买盘
162,10:27:37,4.42,0.0,41,18122,买盘
163,10:27:40,4.42,0.0,129,57018,买盘
164,10:27:42,4.42,0.0,4,1768,买盘
165,10:27:46,4.42,0.0,12,5304,买盘
166,10:27:52,4.42,0.0,100,44200,买盘
167,10:27:55,4.41,-0.01,107,47187,卖盘
168,10:28:04,4.42,0.01,1,442,买盘
169,10:28:28,4.42,0.0,3,1326,买盘
170,10:28:31,4.42,0.0,1,442,买盘
171,10:28:37,4.42,0.0,74,32708,买盘
172,10:28:46,4.42,0.0,61,26962,买盘
173,10:28:52,4.42,0.0,38,16796,买盘
174,10:29:01,4.42,0.0,468,206856,买盘
175,10:29:43,4.42,0.0,70,30940,卖盘
176,10:29:58,4.43,0.01,2,886,买盘
177,10:30:07,4.43,0.0,10,4430,买盘
178,10:30:19,4.43,0.0,694,307442,买盘
179,10:30:34,4.43,0.0,34,15062,卖盘
180,10:30:49,4.44,0.01,100,44400,买盘
181,10:31:00,4.44,0.0,20,8880,买盘
182,10:31:10,4.44,0.0,220,97680,买盘
183,10:31:13,4.44,0.0,130,57720,买盘
184,10:31:19,4.44,0.0,50,22200,卖盘
185,10:31:34,4.45,0.01,274,121673,买盘
186,10:31:58,4.44,-0.01,35,15540,卖盘
187,10:32:00,4.44,0.0,10,4440,买盘
188,10:32:04,4.45,0.01,50,22223,买盘
189,10:32:25,4.44,-0.01,51,22644,买盘
190,10:32:27,4.44,0.0,9,3996,买盘
191,10:32:37,4.44,0.0,1,444,卖盘
192,10:32:40,4.44,0.0,10,4440,买盘
193,10:32:43,4.44,0.0,71,31524,买盘
194,10:33:40,4.44,0.0,1,444,卖盘
195,10:34:16,4.45,0.01,49,21805,买盘
196,10:34:46,4.44,-0.01,2,888,卖盘
197,10:34:48,4.45,0.01,6,2670,买盘
198,10:35:12,4.45,0.0,38,16910,买盘
199,10:35:28,4.44,-0.01,50,22200,卖盘
200,10:35:40,4.44,0.0,10,4440,卖盘
201,10:35:48,4.44,0.0,10,4440,卖盘
202,10:35:58,4.44,0.0,82,36408,卖盘
203,10:36:01,4.45,0.01,8,3560,买盘
204,10:36:07,4.44,-0.01,25,11100,卖盘
205,10:36:10,4.43,-0.01,40,17727,卖盘
206,10:36:22,4.45,0.02,11,4893,买盘
207,10:37:07,4.44,-0.01,20,8880,买盘
208,10:37:40,4.43,-0.01,10,4430,卖盘
209,10:37:51,4.44,0.01,100,44400,买盘
210,10:38:04,4.44,0.0,30,13320,买盘
211,10:39:37,4.44,0.0,50,22200,买盘
212,10:40:01,4.44,0.0,100,44400,买盘
213,10:40:04,4.44,0.0,15,6660,买盘
214,10:40:07,4.44,0.0,13,5772,买盘
215,10:40:10,4.44,0.0,3,1332,买盘
216,10:40:13,4.44,0.0,1,444,买盘
217,10:40:16,4.44,0.0,2,888,买盘
218,10:40:18,4.44,0.0,2,888,买盘
219,10:40:37,4.44,0.0,100,44400,买盘
220,10:40:43,4.44,0.0,1,444,买盘
221,10:40:46,4.43,-0.01,61,27074,卖盘
222,10:40:54,4.44,0.01,1,444,买盘
223,10:41:04,4.44,0.0,3,1332,买盘
224,10:41:43,4.44,0.0,12,5328,卖盘
225,10:42:01,4.44,0.0,8,3552,买盘
226,10:42:13,4.44,0.0,4,1776,买盘
227,10:42:43,4.44,0.0,200,88800,买盘
228,10:42:49,4.44,0.0,1,444,买盘
229,10:43:04,4.44,0.0,20,8880,买盘
230,10:43:31,4.44,0.0,39,17316,卖盘
231,10:43:43,4.44,0.0,10,4440,买盘
232,10:43:46,4.44,0.0,2,888,买盘
233,10:43:48,4.44,0.0,1,444,买盘
234,10:43:52,4.44,0.0,2,888,买盘
235,10:43:54,4.44,0.0,1,444,买盘
236,10:43:58,4.44,0.0,1,444,买盘
237,10:44:01,4.44,0.0,1,444,买盘
238,10:44:25,4.44,0.0,1,444,买盘
239,10:44:49,4.44,0.0,20,8880,买盘
240,10:44:55,4.44,0.0,1,444,买盘
241,10:45:01,4.44,0.0,1,444,买盘
242,10:45:07,4.44,0.0,1,444,买盘
243,10:45:10,4.44,0.0,1,444,买盘
244,10:45:13,4.44,0.0,1,444,买盘
245,10:45:16,4.44,0.0,1,444,买盘
246,10:45:18,4.44,0.0,31,13764,买盘
247,10:45:21,4.44,0.0,1,444,买盘
248,10:45:24,4.44,0.0,1,444,买盘
249,10:45:28,4.44,0.0,20,8880,买盘
250,10:45:36,4.44,0.0,30,13320,卖盘
251,10:46:22,4.44,0.0,20,8880,卖盘
252,10:46:42,4.45,0.01,30,13350,买盘
253,10:47:22,4.45,0.0,2,890,买盘
254,10:48:10,4.45,0.0,100,44500,买盘
255,10:48:46,4.45,0.0,33,14685,买盘
256,10:48:49,4.45,0.0,10,4450,买盘
257,10:49:01,4.45,0.0,117,52065,买盘
258,10:49:37,4.45,0.0,10,4450,买盘
259,10:49:52,4.45,0.0,10,4450,买盘
260,10:50:25,4.45,0.0,8,3560,买盘
261,10:52:04,4.45,0.0,14,6230,买盘
262,10:53:13,4.44,-0.01,9,3996,卖盘
263,10:53:37,4.44,0.0,6,2664,卖盘
264,10:54:04,4.44,0.0,4,1776,卖盘
265,10:54:22,4.44,0.0,151,67044,卖盘
266,10:54:46,4.44,0.0,5,2220,卖盘
267,10:55:46,4.44,0.0,481,213564,卖盘
268,10:56:13,4.44,0.0,143,63492,卖盘
269,10:56:22,4.44,0.0,19,8436,买盘
270,10:56:28,4.44,0.0,11,4884,卖盘
271,10:56:31,4.44,0.0,10,4440,买盘
272,10:57:46,4.43,-0.01,61,27023,卖盘
273,10:58:31,4.44,0.01,2,888,买盘
274,10:58:40,4.44,0.0,1,444,买盘
275,10:58:46,4.44,0.0,1,444,买盘
276,10:58:49,4.44,0.0,7,3108,买盘
277,10:58:55,4.44,0.0,21,9304,买盘
278,10:58:58,4.44,0.0,1,444,买盘
279,10:59:04,4.44,0.0,11,4884,买盘
280,10:59:07,4.44,0.0,4,1776,买盘
281,10:59:10,4.44,0.0,1,444,买盘
282,10:59:13,4.44,0.0,1,444,买盘
283,10:59:16,4.44,0.0,35,15540,买盘
284,10:59:25,4.44,0.0,12,5328,卖盘
285,10:59:34,4.44,0.0,50,22200,卖盘
286,10:59:43,4.44,0.0,20,8880,卖盘
287,11:00:28,4.44,0.0,1,444,卖盘
288,11:00:58,4.45,0.01,20,8900,买盘
289,11:01:13,4.44,-0.01,55,24420,卖盘
290,11:01:15,4.45,0.01,20,8900,买盘
291,11:01:18,4.45,0.0,260,115700,买盘
292,11:01:52,4.45,0.0,70,31150,买盘
293,11:01:54,4.44,-0.01,30,13320,卖盘
294,11:03:04,4.45,0.01,36,16020,买盘
295,11:03:31,4.45,0.0,7,3115,买盘
296,11:03:34,4.45,0.0,12,5340,买盘
297,11:03:37,4.45,0.0,3,1335,买盘
298,11:03:40,4.45,0.0,4,1780,买盘
299,11:03:43,4.45,0.0,3,1335,买盘
300,11:03:45,4.45,0.0,5,2225,买盘
301,11:03:49,4.45,0.0,14,6230,买盘
302,11:03:52,4.45,0.0,10,4450,买盘
303,11:03:54,4.45,0.0,7,3115,买盘
304,11:03:58,4.45,0.0,8,3560,买盘
305,11:04:01,4.45,0.0,36,16020,买盘
306,11:04:04,4.45,0.0,9,4005,买盘
307,11:04:07,4.45,0.0,2,890,买盘
308,11:04:09,4.45,0.0,8,3560,买盘
309,11:04:13,4.45,0.0,3,1335,买盘
310,11:04:16,4.45,0.0,3,1335,买盘
311,11:04:19,4.45,0.0,3,1335,买盘
312,11:04:22,4.45,0.0,3,1335,买盘
313,11:04:25,4.45,0.0,6,2670,买盘
314,11:04:28,4.45,0.0,4,1780,买盘
315,11:05:24,4.46,0.01,25,11150,买盘
316,11:05:43,4.46,0.0,21,9366,买盘
317,11:05:52,4.46,0.0,5,2230,买盘
318,11:06:12,4.45,-0.01,11,4905,卖盘
319,11:06:31,4.45,0.0,50,22250,卖盘
320,11:06:43,4.46,0.01,91,40586,买盘
321,11:06:55,4.46,0.0,9,4014,买盘
322,11:08:31,4.45,-0.01,20,8900,卖盘
323,11:08:39,4.45,0.0,123,54735,卖盘
324,11:08:42,4.46,0.01,57,25422,买盘
325,11:09:21,4.45,-0.01,100,44500,卖盘
326,11:09:31,4.46,0.01,235,104810,买盘
327,11:09:43,4.45,-0.01,115,51175,卖盘
328,11:10:13,4.45,0.0,164,72980,卖盘
329,11:10:37,4.46,0.01,137,61068,买盘
330,11:10:55,4.45,-0.01,930,413850,买盘
331,11:11:01,4.46,0.01,2,892,买盘
332,11:11:07,4.46,0.0,2,892,买盘
333,11:13:33,4.46,0.0,6,2676,买盘
334,11:13:46,4.46,0.0,500,223000,买盘
335,11:13:52,4.46,0.0,30,13380,买盘
336,11:14:01,4.46,0.0,26,11596,买盘
337,11:14:19,4.46,0.0,7,3122,买盘
338,11:14:40,4.46,0.0,93,41478,买盘
339,11:14:43,4.46,0.0,45,20070,卖盘
340,11:15:37,4.46,0.0,39,17394,买盘
341,11:15:40,4.46,0.0,25,11150,买盘
342,11:15:54,4.46,0.0,41,18286,买盘
343,11:16:07,4.47,0.01,1,447,买盘
344,11:17:16,4.46,-0.01,44,19624,卖盘
345,11:17:22,4.47,0.01,3,1341,买盘
346,11:18:19,4.47,0.0,25,11175,买盘
347,11:18:40,4.46,-0.01,167,74482,卖盘
348,11:20:21,4.46,0.0,8,3568,卖盘
349,11:20:24,4.46,0.0,24,10704,卖盘
350,11:21:19,4.46,0.0,30,13380,卖盘
351,11:21:28,4.46,0.0,7,3122,卖盘
352,11:22:22,4.46,0.0,10,4460,卖盘
353,11:22:31,4.47,0.01,135,60345,买盘
354,11:22:34,4.47,0.0,129,57663,买盘
355,11:24:40,4.47,0.0,2,894,买盘
356,11:25:12,4.47,0.0,99,44247,买盘
357,11:25:19,4.47,0.0,14,6258,买盘
358,11:25:22,4.47,0.0,2,894,买盘
359,11:25:25,4.47,0.0,8,3576,买盘
360,11:25:27,4.46,-0.01,20,8920,卖盘
361,11:25:43,4.47,0.01,17,7599,买盘
362,11:26:10,4.46,-0.01,10,4460,卖盘
363,11:26:40,4.47,0.01,27,12069,买盘
364,11:27:52,4.47,0.0,60,26820,买盘
365,11:27:55,4.47,0.0,59,26373,买盘
366,11:27:57,4.47,0.0,1,447,买盘
367,11:28:00,4.47,0.0,15,6705,买盘
368,11:28:04,4.47,0.0,12,5364,买盘
369,11:28:06,4.47,0.0,32,14304,买盘
370,11:28:10,4.47,0.0,56,24997,买盘
371,11:28:13,4.47,0.0,17,7599,买盘
372,11:28:15,4.47,0.0,8,3576,买盘
373,11:28:19,4.47,0.0,10,4470,买盘
374,11:28:22,4.47,0.0,7,3129,买盘
375,11:28:27,4.47,0.0,1,447,买盘
376,11:28:34,4.47,0.0,16,7152,买盘
377,11:28:45,4.47,0.0,48,21456,买盘
378,11:28:52,4.47,0.0,22,9834,买盘
379,11:29:22,4.47,0.0,5,2235,买盘
380,11:29:34,4.47,0.0,100,44700,买盘
381,11:29:46,4.47,0.0,2,894,买盘
382,11:29:49,4.47,0.0,168,75096,买盘
383,11:29:57,4.47,0.0,57,25479,买盘
384,13:00:07,4.48,0.01,214,95811,买盘
385,13:00:10,4.47,-0.01,14,6258,卖盘
386,13:00:21,4.48,0.01,24,10752,买盘
387,13:00:55,4.48,0.0,321,143499,买盘
388,13:00:58,4.47,-0.01,175,78225,卖盘
389,13:01:22,4.48,0.01,567,254016,买盘
390,13:01:43,4.48,0.0,50,22400,卖盘
391,13:01:48,4.49,0.01,10,4490,买盘
392,13:01:54,4.49,0.0,52,23348,买盘
393,13:02:01,4.48,-0.01,50,22400,卖盘
394,13:02:19,4.49,0.01,10,4490,买盘
395,13:02:49,4.49,0.0,84,37716,买盘
396,13:02:51,4.48,-0.01,3,1344,卖盘
397,13:03:01,4.48,0.0,15,6720,卖盘
398,13:03:15,4.48,0.0,6,2688,卖盘
399,13:03:18,4.48,0.0,1,448,卖盘
400,13:03:43,4.48,0.0,485,217280,卖盘
401,13:03:49,4.48,0.0,60,26880,卖盘
402,13:03:58,4.48,0.0,20,8960,卖盘
403,13:04:01,4.48,0.0,100,44800,卖盘
404,13:04:07,4.48,0.0,10,4480,卖盘
405,13:04:10,4.49,0.01,38,17062,买盘
406,13:04:13,4.48,-0.01,86,38528,卖盘
407,13:05:43,4.48,0.0,20,8960,买盘
408,13:06:37,4.47,-0.01,1,447,卖盘
409,13:07:37,4.47,0.0,68,30396,卖盘
410,13:07:40,4.49,0.02,1946,872906,买盘
411,13:08:01,4.49,0.0,774,347759,卖盘
412,13:08:13,4.49,0.0,35,15715,买盘
413,13:08:24,4.49,0.0,1,449,买盘
414,13:08:57,4.48,-0.01,43,19264,买盘
415,13:09:19,4.48,0.0,6,2688,卖盘
416,13:09:46,4.49,0.01,20,8980,买盘
417,13:09:49,4.48,-0.01,49,21952,卖盘
418,13:09:52,4.48,0.0,124,55552,卖盘
419,13:10:01,4.48,0.0,10,4480,卖盘
420,13:10:16,4.48,0.0,30,13440,卖盘
421,13:10:24,4.49,0.01,170,76330,买盘
422,13:10:28,4.48,-0.01,60,26880,卖盘
423,13:10:31,4.49,0.01,10,4490,买盘
424,13:11:49,4.49,0.0,10,4490,买盘
425,13:11:51,4.48,-0.01,323,144704,卖盘
426,13:12:16,4.48,0.0,50,22400,卖盘
427,13:12:22,4.47,-0.01,260,116315,卖盘
428,13:12:43,4.47,0.0,6,2682,卖盘
429,13:12:45,4.48,0.01,22,9856,买盘
430,13:13:07,4.47,-0.01,998,446106,卖盘
431,13:13:55,4.47,0.0,29,12963,买盘
432,13:14:10,4.47,0.0,9,4023,买盘
433,13:14:24,4.46,-0.01,4,1784,卖盘
434,13:14:34,4.46,0.0,45,20070,卖盘
435,13:16:01,4.46,0.0,3,1338,卖盘
436,13:16:21,4.47,0.01,2,894,买盘
437,13:16:25,4.46,-0.01,99,44154,卖盘
438,13:17:03,4.47,0.01,2,894,买盘
439,13:17:16,4.47,0.0,50,22350,买盘
440,13:17:19,4.46,-0.01,469,209174,卖盘
441,13:17:25,4.47,0.01,5,2235,买盘
442,13:18:16,4.47,0.0,44,19668,买盘
443,13:19:37,4.46,-0.01,2,892,卖盘
444,13:19:46,4.46,0.0,2,892,卖盘
445,13:19:55,4.46,0.0,23,10258,卖盘
446,13:21:45,4.46,0.0,50,22300,卖盘
447,13:23:46,4.47,0.01,55,24585,买盘
448,13:24:46,4.46,-0.01,7,3122,卖盘
449,13:24:58,4.47,0.01,23,10281,买盘
450,13:25:30,4.47,0.0,10,4470,买盘
451,13:26:58,4.47,0.0,10,4470,买盘
452,13:27:25,4.47,0.0,10,4470,买盘
453,13:28:25,4.47,0.0,10,4470,买盘
454,13:28:52,4.47,0.0,30,13410,买盘
455,13:32:04,4.47,0.0,200,89400,买盘
456,13:32:19,4.47,0.0,1,447,买盘
457,13:33:22,4.47,0.0,3,1341,买盘
458,13:33:31,4.47,0.0,30,13410,买盘
459,13:34:37,4.47,0.0,50,22350,买盘
460,13:35:04,4.47,0.0,10,4470,买盘
461,13:35:10,4.47,0.0,23,10281,买盘
462,13:35:13,4.47,0.0,10,4470,买盘
463,13:37:07,4.46,-0.01,150,66900,卖盘
464,13:37:43,4.46,0.0,34,15164,卖盘
465,13:37:55,4.46,0.0,90,40140,卖盘
466,13:38:04,4.46,0.0,3,1338,卖盘
467,13:38:07,4.46,0.0,20,8920,卖盘
468,13:38:22,4.46,0.0,10,4460,卖盘
469,13:38:58,4.46,0.0,2,892,卖盘
470,13:39:01,4.46,0.0,57,25422,卖盘
471,13:39:31,4.46,0.0,12,5352,卖盘
472,13:39:52,4.46,0.0,64,28544,卖盘
473,13:40:07,4.46,0.0,47,20962,卖盘
474,13:40:37,4.46,0.0,20,8920,卖盘
475,13:40:43,4.46,0.0,133,59318,卖盘
476,13:41:19,4.46,0.0,150,66900,卖盘
477,13:41:27,4.46,0.0,123,54858,卖盘
478,13:41:49,4.46,0.0,34,15164,卖盘
479,13:42:22,4.46,0.0,3,1338,卖盘
480,13:42:43,4.46,0.0,2,892,卖盘
481,13:42:52,4.46,0.0,7,3122,卖盘
482,13:43:07,4.46,0.0,3,1338,卖盘
483,13:43:10,4.46,0.0,23,10258,卖盘
484,13:43:49,4.47,0.01,415,185505,买盘
485,13:44:46,4.47,0.0,39,17433,买盘
486,13:45:10,4.47,0.0,18,8046,买盘
487,13:46:34,4.46,-0.01,1464,652944,卖盘
488,13:46:46,4.45,-0.01,27,12015,卖盘
489,13:46:52,4.45,0.0,4,1780,卖盘
490,13:47:10,4.44,-0.01,473,210365,卖盘
491,13:47:34,4.45,0.01,20,8900,买盘
492,13:47:46,4.45,0.0,100,44500,买盘
493,13:47:54,4.45,0.0,78,34772,买盘
494,13:48:01,4.45,0.0,20,8900,卖盘
495,13:48:42,4.45,0.0,41,18245,卖盘
496,13:48:49,4.45,0.0,7,3115,卖盘
497,13:48:55,4.45,0.0,2,890,卖盘
498,13:49:31,4.45,0.0,13,5785,卖盘
499,13:49:40,4.46,0.01,10,4460,买盘
500,13:50:18,4.45,-0.01,6,2670,卖盘
501,13:51:04,4.45,0.0,24,10680,卖盘
502,13:51:10,4.45,0.0,2,890,卖盘
503,13:52:07,4.45,0.0,100,44500,卖盘
504,13:53:01,4.45,0.0,30,13350,卖盘
505,13:55:04,4.45,0.0,308,137060,卖盘
506,13:55:52,4.45,0.0,400,178000,卖盘
507,13:56:42,4.45,0.0,142,63052,卖盘
508,13:58:28,4.45,0.0,2,890,卖盘
509,13:58:34,4.45,0.0,4,1780,卖盘
510,13:58:58,4.46,0.01,100,44600,买盘
511,13:59:01,4.46,0.0,7,3122,买盘
512,13:59:46,4.46,0.0,200,89200,买盘
513,14:01:00,4.46,0.0,28,12488,买盘
514,14:01:13,4.46,0.0,20,8920,买盘
515,14:01:16,4.46,0.0,90,40140,买盘
516,14:01:19,4.46,0.0,17,7582,买盘
517,14:01:25,4.46,0.0,80,35680,买盘
518,14:01:40,4.46,0.0,33,14718,买盘
519,14:02:04,4.45,-0.01,5,2225,卖盘
520,14:04:13,4.46,0.01,7,3122,买盘
521,14:04:40,4.46,0.0,100,44600,买盘
522,14:05:06,4.46,0.0,3,1338,买盘
523,14:05:22,4.46,0.0,10,4460,买盘
524,14:06:16,4.46,0.0,21,9366,买盘
525,14:06:34,4.45,-0.01,1,445,卖盘
526,14:07:00,4.46,0.01,1,446,买盘
527,14:07:27,4.45,-0.01,5,2225,卖盘
528,14:07:52,4.45,0.0,22,9790,卖盘
529,14:07:58,4.45,0.0,2,890,卖盘
530,14:08:19,4.45,0.0,50,22250,卖盘
531,14:08:31,4.46,0.01,68,30328,买盘
532,14:09:43,4.46,0.0,18,8028,买盘
533,14:09:52,4.45,-0.01,1538,684486,卖盘
534,14:10:46,4.44,-0.01,2,888,卖盘
535,14:12:43,4.45,0.01,130,57850,买盘
536,14:13:16,4.45,0.0,13,5785,买盘
537,14:13:40,4.45,0.0,12,5340,买盘
538,14:14:55,4.45,0.0,6,2670,买盘
539,14:15:37,4.44,-0.01,2,888,卖盘
540,14:15:45,4.45,0.01,79,35155,买盘
541,14:16:16,4.44,-0.01,10,4440,卖盘
542,14:17:19,4.44,0.0,200,88800,卖盘
543,14:17:34,4.44,0.0,26,11544,卖盘
544,14:18:06,4.45,0.01,13,5785,买盘
545,14:18:19,4.44,-0.01,100,44400,卖盘
546,14:18:43,4.44,0.0,165,73260,卖盘
547,14:19:00,4.44,0.0,28,12432,卖盘
548,14:19:06,4.44,0.0,37,16428,卖盘
549,14:19:13,4.44,0.0,6,2664,卖盘
550,14:19:19,4.44,0.0,2,888,卖盘
551,14:19:51,4.44,0.0,5,2220,卖盘
552,14:19:57,4.44,0.0,4,1776,卖盘
553,14:20:01,4.44,0.0,75,33300,卖盘
554,14:20:07,4.44,0.0,65,28860,卖盘
555,14:20:13,4.44,0.0,88,39072,卖盘
556,14:20:19,4.44,0.0,70,31080,卖盘
557,14:20:40,4.44,0.0,12,5328,买盘
558,14:22:58,4.44,0.0,12,5328,买盘
559,14:23:37,4.43,-0.01,70,31010,卖盘
560,14:23:43,4.43,0.0,48,21264,卖盘
561,14:24:33,4.43,0.0,25,11075,卖盘
562,14:24:52,4.43,0.0,3,1329,卖盘
563,14:25:27,4.43,0.0,12,5316,卖盘
564,14:26:45,4.44,0.01,100,44400,买盘
565,14:26:55,4.43,-0.01,20,8860,卖盘
566,14:27:04,4.43,0.0,64,28352,卖盘
567,14:27:22,4.43,0.0,36,15948,卖盘
568,14:27:25,4.44,0.01,135,59940,买盘
569,14:27:55,4.44,0.0,61,27084,卖盘
570,14:27:58,4.43,-0.01,5,2219,卖盘
571,14:28:31,4.44,0.01,30,13320,卖盘
572,14:28:58,4.44,0.0,20,8880,卖盘
573,14:29:10,4.44,0.0,1,444,买盘
574,14:29:28,4.44,0.0,5,2220,买盘
575,14:29:34,4.44,0.0,25,11100,买盘
576,14:29:43,4.44,0.0,4,1776,卖盘
577,14:29:55,4.44,0.0,7,3108,卖盘
578,14:30:04,4.44,0.0,19,8436,卖盘
579,14:30:10,4.44,0.0,1,444,买盘
580,14:30:12,4.44,0.0,1,444,买盘
581,14:30:15,4.44,0.0,1,444,买盘
582,14:30:19,4.44,0.0,1,444,买盘
583,14:30:22,4.44,0.0,1,444,买盘
584,14:30:25,4.44,0.0,3,1332,买盘
585,14:30:34,4.44,0.0,2,888,买盘
586,14:30:40,4.44,0.0,10,4440,买盘
587,14:30:55,4.44,0.0,11,4884,买盘
588,14:31:04,4.44,0.0,15,6660,买盘
589,14:32:49,4.44,0.0,13,5772,卖盘
590,14:32:55,4.44,0.0,22,9768,卖盘
591,14:32:58,4.44,0.0,20,8880,买盘
592,14:33:04,4.44,0.0,10,4440,买盘
593,14:33:33,4.44,0.0,1,444,买盘
594,14:33:37,4.44,0.0,25,11100,买盘
595,14:33:52,4.44,0.0,17,7548,卖盘
596,14:34:07,4.45,0.01,3,1335,买盘
597,14:35:13,4.45,0.0,8,3560,买盘
598,14:35:19,4.45,0.0,7,3115,买盘
599,14:35:27,4.44,-0.01,13,5772,卖盘
600,14:35:33,4.44,0.0,1,444,卖盘
601,14:35:52,4.44,0.0,15,6660,卖盘
602,14:36:04,4.44,0.0,30,13320,卖盘
603,14:36:19,4.44,0.0,5,2220,卖盘
604,14:38:55,4.44,0.0,26,11544,卖盘
605,14:39:51,4.44,0.0,25,11100,卖盘
606,14:40:10,4.44,0.0,6,2664,卖盘
607,14:40:33,4.44,0.0,7,3108,卖盘
608,14:41:06,4.44,0.0,20,8880,卖盘
609,14:41:31,4.44,0.0,80,35520,卖盘
610,14:41:37,4.44,0.0,75,33300,卖盘
611,14:41:51,4.44,0.0,262,116328,卖盘
612,14:42:37,4.44,0.0,153,67932,卖盘
613,14:43:28,4.44,0.0,10,4440,买盘
614,14:43:46,4.44,0.0,2,888,买盘
615,14:43:58,4.44,0.0,4,1776,买盘
616,14:44:10,4.44,0.0,1,444,买盘
617,14:44:19,4.44,0.0,3,1332,买盘
618,14:44:28,4.44,0.0,4,1776,买盘
619,14:44:33,4.44,0.0,2,888,买盘
620,14:44:46,4.44,0.0,3,1332,买盘
621,14:44:54,4.44,0.0,4,1776,买盘
622,14:45:10,4.44,0.0,3,1332,买盘
623,14:45:19,4.44,0.0,5,2220,买盘
624,14:45:24,4.43,-0.01,1,443,卖盘
625,14:45:58,4.44,0.01,20,8880,买盘
626,14:46:01,4.43,-0.01,1,443,卖盘
627,14:46:04,4.44,0.01,19,8436,买盘
628,14:46:16,4.44,0.0,2,888,买盘
629,14:46:19,4.44,0.0,5,2220,买盘
630,14:46:43,4.43,-0.01,5,2215,卖盘
631,14:47:07,4.44,0.01,4,1776,买盘
632,14:47:13,4.43,-0.01,501,221944,卖盘
633,14:47:22,4.44,0.01,4,1776,买盘
634,14:47:49,4.44,0.0,1,444,买盘
635,14:47:52,4.44,0.0,3,1332,买盘
636,14:48:07,4.44,0.0,18,7992,买盘
637,14:48:12,4.44,0.0,1,444,买盘
638,14:48:16,4.44,0.0,1,444,买盘
639,14:48:19,4.44,0.0,5,2220,买盘
640,14:49:10,4.44,0.0,1,444,买盘
641,14:49:13,4.44,0.0,23,10212,买盘
642,14:49:16,4.44,0.0,55,24420,买盘
643,14:49:19,4.43,-0.01,12,5316,卖盘
644,14:49:27,4.44,0.01,5,2220,买盘
645,14:50:10,4.44,0.0,1,444,买盘
646,14:50:13,4.44,0.0,11,4884,买盘
647,14:50:15,4.44,0.0,474,209986,买盘
648,14:50:22,4.44,0.0,1,444,买盘
649,14:50:43,4.43,-0.01,36,15948,卖盘
650,14:51:07,4.44,0.01,2,888,买盘
651,14:51:16,4.44,0.0,5,2220,买盘
652,14:51:52,4.44,0.0,10,4440,买盘
653,14:52:04,4.44,0.0,26,11544,买盘
654,14:52:07,4.44,0.0,1,444,买盘
655,14:52:10,4.44,0.0,1,444,买盘
656,14:52:13,4.44,0.0,5,2220,买盘
657,14:52:16,4.44,0.0,1,444,买盘
658,14:52:22,4.44,0.0,1,444,买盘
659,14:52:31,4.43,-0.01,12,5316,卖盘
660,14:52:52,4.44,0.01,20,8880,买盘
661,14:53:19,4.44,0.0,4,1776,买盘
662,14:53:27,4.44,0.0,10,4440,买盘
663,14:53:34,4.43,-0.01,157,69551,卖盘
664,14:53:43,4.44,0.01,460,204240,买盘
665,14:54:01,4.43,-0.01,86,38159,卖盘
666,14:54:07,4.44,0.01,64,28416,买盘
667,14:54:10,4.44,0.0,6,2664,买盘
668,14:54:13,4.43,-0.01,2,886,卖盘
669,14:54:19,4.44,0.01,81,35964,买盘
670,14:54:40,4.44,0.0,7,3108,卖盘
671,14:54:46,4.45,0.01,1,445,买盘
672,14:55:04,4.45,0.0,40,17800,买盘
673,14:55:10,4.45,0.0,6,2670,买盘
674,14:55:13,4.45,0.0,1,445,买盘
675,14:55:16,4.44,-0.01,30,13320,卖盘
676,14:55:25,4.44,0.0,35,15540,卖盘
677,14:55:28,4.44,0.0,36,15984,买盘
678,14:56:19,4.43,-0.01,18,7974,卖盘
679,14:56:25,4.44,0.01,30,13320,买盘
680,14:56:37,4.44,0.0,12,5328,买盘
681,15:00:05,4.45,0.01,222,98790,卖盘
