,time,price,change,volume,amount,type
0,09:25:04,4.79,0.09,275,131725,买盘
1,09:30:04,4.82,0.03,266,127715,买盘
2,09:30:07,4.79,-0.03,175,83914,卖盘
3,09:30:10,4.81,0.02,142,68158,买盘
4,09:30:13,4.8,-0.01,2,960,卖盘
5,09:30:16,4.81,0.01,50,24050,买盘
6,09:30:19,4.88,0.07,743,360452,买盘
7,09:30:21,4.81,-0.07,34,16354,买盘
8,09:30:36,4.81,0.0,34,16385,卖盘
9,09:30:39,4.84,0.03,49,23678,买盘
10,09:30:46,4.82,-0.02,100,48200,卖盘
11,09:30:48,4.85,0.03,35,16965,买盘
12,09:30:51,4.85,0.0,4,1940,卖盘
13,09:30:54,4.84,-0.01,110,53288,卖盘
14,09:31:04,4.84,0.0,6,2904,卖盘
15,09:31:07,4.82,-0.02,38,18360,卖盘
16,09:31:09,4.81,-0.01,64,30828,卖盘
17,09:31:13,4.85,0.04,63,30548,买盘
18,09:31:15,4.85,0.0,10,4850,卖盘
19,09:31:18,4.85,0.0,10,4850,卖盘
20,09:31:22,4.85,0.0,16,7760,卖盘
21,09:31:25,4.85,0.0,37,17945,卖盘
22,09:31:27,4.85,0.0,38,18430,卖盘
23,09:31:30,4.85,0.0,30,14550,卖盘
24,09:31:36,4.85,0.0,20,9698,买盘
25,09:31:43,4.85,0.0,51,24735,买盘
26,09:31:46,4.82,-0.03,21,10122,卖盘
27,09:31:48,4.82,0.0,20,9670,卖盘
28,09:31:55,4.82,0.0,8,3856,卖盘
29,09:32:00,4.84,0.02,7,3388,买盘
30,09:32:10,4.82,-0.02,50,24100,卖盘
31,09:32:18,4.82,0.0,50,24100,卖盘
32,09:32:21,4.82,0.0,107,51674,卖盘
33,09:32:30,4.82,0.0,10,4820,卖盘
34,09:32:33,4.82,0.0,130,62660,卖盘
35,09:32:36,4.82,0.0,72,34738,卖盘
36,09:32:42,4.82,0.0,84,40488,卖盘
37,09:32:51,4.82,0.0,60,28920,买盘
38,09:32:54,4.81,-0.01,19,9139,卖盘
39,09:33:04,4.81,0.0,41,19721,卖盘
40,09:33:09,4.81,0.0,103,49546,卖盘
41,09:33:18,4.82,0.01,10,4820,买盘
42,09:33:25,4.81,-0.01,2,962,卖盘
43,09:33:27,4.81,0.0,3,1443,卖盘
44,09:33:39,4.81,0.0,31,14911,卖盘
45,09:33:52,4.8,-0.01,100,48000,卖盘
46,09:34:00,4.8,0.0,15,7200,卖盘
47,09:34:04,4.8,0.0,62,29760,卖盘
48,09:34:27,4.8,0.0,46,22080,买盘
49,09:34:33,4.8,0.0,1,480,卖盘
50,09:34:39,4.81,0.01,50,24050,买盘
51,09:34:42,4.8,-0.01,10,4800,卖盘
52,09:34:51,4.8,0.0,10,4800,卖盘
53,09:34:57,4.8,0.0,30,14400,卖盘
54,09:35:12,4.8,0.0,175,84000,卖盘
55,09:35:24,4.79,-0.01,57,27303,卖盘
56,09:35:28,4.79,0.0,100,47900,买盘
57,09:35:43,4.78,-0.01,166,79348,卖盘
58,09:35:45,4.79,0.01,24,11476,买盘
59,09:35:48,4.78,-0.01,61,29158,卖盘
60,09:35:51,4.78,0.0,103,49234,卖盘
61,09:36:00,4.77,-0.01,1,477,卖盘
62,09:36:09,4.78,0.01,10,4780,买盘
63,09:36:15,4.78,0.0,32,15296,买盘
64,09:36:18,4.78,0.0,33,15762,买盘
65,09:36:21,4.78,0.0,9,4302,买盘
66,09:36:30,4.78,0.0,10,4780,买盘
67,09:36:48,4.78,0.0,1,478,买盘
68,09:36:57,4.78,0.0,30,14340,买盘
69,09:37:00,4.77,-0.01,22,10494,卖盘
70,09:37:04,4.78,0.01,4,1912,买盘
71,09:37:09,4.77,-0.01,10,4770,卖盘
72,09:37:15,4.77,0.0,24,11448,卖盘
73,09:37:27,4.77,0.0,16,7632,卖盘
74,09:37:51,4.77,0.0,53,25281,卖盘
75,09:38:03,4.78,0.01,150,71700,买盘
76,09:38:15,4.77,-0.01,10,4770,卖盘
77,09:38:21,4.77,0.0,23,10971,卖盘
78,09:38:31,4.78,0.01,10,4780,买盘
79,09:38:37,4.77,-0.01,5,2385,卖盘
80,09:38:39,4.78,0.01,50,23900,买盘
81,09:38:42,4.78,0.0,37,17686,买盘
82,09:38:45,4.78,0.0,4,1912,买盘
83,09:38:48,4.78,0.0,11,5258,买盘
84,09:38:52,4.78,0.0,9,4302,买盘
85,09:38:54,4.78,0.0,15,7170,买盘
86,09:38:57,4.78,0.0,18,8604,买盘
87,09:39:01,4.78,0.0,66,31548,买盘
88,09:39:03,4.78,0.0,36,17208,买盘
89,09:39:06,4.78,0.0,67,32026,买盘
90,09:39:09,4.78,0.0,10,4780,买盘
91,09:39:13,4.78,0.0,25,11950,买盘
92,09:39:15,4.79,0.01,7,3353,买盘
93,09:39:18,4.79,0.0,3,1437,买盘
94,09:39:21,4.79,0.0,3,1437,买盘
95,09:39:42,4.79,0.0,121,57959,买盘
96,09:39:46,4.79,0.0,34,16263,买盘
97,09:39:51,4.78,-0.01,6,2869,卖盘
98,09:39:54,4.79,0.01,23,11017,买盘
99,09:40:45,4.8,0.01,27,12960,买盘
100,09:41:13,4.79,-0.01,16,7664,卖盘
101,09:41:16,4.79,0.0,101,48460,卖盘
102,09:41:21,4.79,0.0,6,2875,卖盘
103,09:41:27,4.79,0.0,5,2395,卖盘
104,09:41:33,4.8,0.01,110,52800,买盘
105,09:41:36,4.8,0.0,8,3840,买盘
106,09:41:40,4.79,-0.01,10,4790,卖盘
107,09:41:45,4.79,0.0,5,2395,卖盘
108,09:41:49,4.79,0.0,26,12454,卖盘
109,09:41:54,4.79,0.0,5,2395,卖盘
110,09:42:04,4.79,0.0,15,7185,卖盘
111,09:42:09,4.79,0.0,3,1437,卖盘
112,09:42:12,4.79,0.0,2,958,卖盘
113,09:42:16,4.79,0.0,10,4790,卖盘
114,09:42:18,4.8,0.01,1,480,买盘
115,09:42:24,4.8,0.0,31,14870,买盘
116,09:42:39,4.8,0.0,51,24480,买盘
117,09:42:48,4.79,-0.01,29,13891,卖盘
118,09:42:51,4.79,0.0,16,7664,卖盘
119,09:43:06,4.79,0.0,5,2395,卖盘
120,09:43:15,4.79,0.0,20,9580,卖盘
121,09:43:30,4.79,0.0,100,47900,卖盘
122,09:43:33,4.79,0.0,20,9580,卖盘
123,09:43:40,4.79,0.0,6,2874,卖盘
124,09:43:42,4.79,0.0,2,958,卖盘
125,09:43:45,4.79,0.0,17,8143,卖盘
126,09:44:06,4.79,0.0,34,16286,卖盘
127,09:44:09,4.79,0.0,70,33530,卖盘
128,09:44:12,4.79,0.0,7,3353,卖盘
129,09:44:15,4.79,0.0,23,11017,卖盘
130,09:44:18,4.8,0.01,1,480,买盘
131,09:44:21,4.79,-0.01,6,2874,卖盘
132,09:44:24,4.79,0.0,13,6227,卖盘
133,09:44:27,4.78,-0.01,304,145420,卖盘
134,09:44:31,4.78,0.0,138,65964,买盘
135,09:44:36,4.78,0.0,1,478,买盘
136,09:44:45,4.78,0.0,15,7170,买盘
137,09:45:00,4.78,0.0,10,4780,买盘
138,09:45:16,4.78,0.0,10,4780,买盘
139,09:45:27,4.77,-0.01,13,6201,卖盘
140,09:45:48,4.77,0.0,20,9540,卖盘
141,09:45:51,4.78,0.01,21,10038,买盘
142,09:45:54,4.77,-0.01,50,23850,卖盘
143,09:46:04,4.77,0.0,5,2385,卖盘
144,09:46:15,4.77,0.0,44,20988,卖盘
145,09:46:21,4.77,0.0,75,35776,卖盘
146,09:46:24,4.77,0.0,50,23850,卖盘
147,09:46:27,4.77,0.0,25,11925,卖盘
148,09:46:31,4.77,0.0,1,477,卖盘
149,09:46:39,4.78,0.01,21,10038,买盘
150,09:47:00,4.77,-0.01,7,3339,卖盘
151,09:47:04,4.77,0.0,5,2385,卖盘
152,09:47:18,4.77,0.0,20,9540,卖盘
153,09:47:24,4.77,0.0,82,39114,卖盘
154,09:47:28,4.77,0.0,1,477,卖盘
155,09:47:39,4.78,0.01,47,22466,买盘
156,09:47:42,4.78,0.0,32,15296,买盘
157,09:47:57,4.77,-0.01,24,11469,卖盘
158,09:48:04,4.77,0.0,6,2862,卖盘
159,09:48:13,4.77,0.0,16,7637,卖盘
160,09:48:18,4.78,0.01,9,4302,买盘
161,09:48:21,4.78,0.0,1,478,买盘
162,09:48:31,4.78,0.0,21,10038,买盘
163,09:48:40,4.77,-0.01,26,12402,卖盘
164,09:48:55,4.78,0.01,47,22466,买盘
165,09:48:58,4.78,0.0,32,15296,买盘
166,09:49:04,4.77,-0.01,13,6201,卖盘
167,09:49:30,4.78,0.01,21,10038,买盘
168,09:49:45,4.77,-0.01,2,954,卖盘
169,09:50:04,4.77,0.0,5,2385,卖盘
170,09:50:21,4.78,0.01,1,478,买盘
171,09:50:24,4.77,-0.01,4,1908,卖盘
172,09:50:27,4.77,0.0,3,1431,卖盘
173,09:51:04,4.77,0.0,6,2862,卖盘
174,09:51:18,4.77,0.0,324,154548,卖盘
175,09:51:21,4.76,-0.01,3,1428,卖盘
176,09:51:27,4.77,0.01,217,103509,买盘
177,09:51:39,4.77,0.0,2,954,买盘
178,09:51:42,4.77,0.0,86,41022,买盘
179,09:51:46,4.77,0.0,15,7155,买盘
180,09:51:48,4.77,0.0,19,9063,买盘
181,09:51:54,4.77,0.0,33,15718,买盘
182,09:52:10,4.76,-0.01,102,48552,卖盘
183,09:52:19,4.77,0.01,20,9540,买盘
184,09:52:21,4.77,0.0,1,477,买盘
185,09:52:24,4.76,-0.01,1,476,卖盘
186,09:52:34,4.76,0.0,1,476,卖盘
187,09:52:37,4.76,0.0,15,7140,卖盘
188,09:53:04,4.76,0.0,5,2380,卖盘
189,09:53:12,4.77,0.01,21,10017,买盘
190,09:53:15,4.77,0.0,28,13356,买盘
191,09:53:21,4.76,-0.01,4,1904,卖盘
192,09:53:27,4.77,0.01,7,3339,买盘
193,09:53:39,4.77,0.0,14,6678,买盘
194,09:53:45,4.77,0.0,21,10017,买盘
195,09:53:51,4.77,0.0,30,14310,买盘
196,09:54:00,4.77,0.0,10,4770,买盘
197,09:54:03,4.76,-0.01,6,2856,卖盘
198,09:54:21,4.77,0.01,101,48177,买盘
199,09:54:24,4.77,0.0,4,1908,买盘
200,09:54:36,4.76,-0.01,5,2380,卖盘
201,09:54:39,4.76,0.0,10,4760,卖盘
202,09:54:42,4.76,0.0,116,55216,卖盘
203,09:54:48,4.76,0.0,15,7140,卖盘
204,09:54:57,4.76,0.0,15,7140,卖盘
205,09:55:00,4.76,0.0,2,952,卖盘
206,09:55:04,4.76,0.0,21,10016,卖盘
207,09:55:12,4.76,0.0,32,15232,卖盘
208,09:55:18,4.76,0.0,4,1904,卖盘
209,09:55:31,4.76,0.0,94,44744,卖盘
210,09:55:45,4.76,0.0,1,476,卖盘
211,09:56:04,4.76,0.0,1,476,卖盘
212,09:56:15,4.77,0.01,47,22419,买盘
213,09:56:21,4.77,0.0,1,477,买盘
214,09:56:33,4.76,-0.01,8,3808,卖盘
215,09:56:36,4.77,0.01,10,4770,买盘
216,09:56:48,4.77,0.0,21,10017,买盘
217,09:56:54,4.77,0.0,57,27189,买盘
218,09:56:57,4.76,-0.01,5,2380,卖盘
219,09:57:00,4.77,0.01,185,88245,买盘
220,09:57:04,4.77,0.0,12,5724,买盘
221,09:57:21,4.78,0.01,67,32026,买盘
222,09:57:24,4.78,0.0,80,38240,买盘
223,09:57:39,4.78,0.0,64,30592,买盘
224,09:57:55,4.78,0.0,100,47800,买盘
225,09:58:03,4.79,0.01,34,16279,买盘
226,09:58:13,4.79,0.0,64,30656,买盘
227,09:58:15,4.79,0.0,10,4790,买盘
228,09:58:24,4.79,0.0,47,22513,买盘
229,09:58:27,4.79,0.0,10,4790,买盘
230,09:58:30,4.79,0.0,47,22513,买盘
231,09:58:57,4.78,-0.01,20,9560,卖盘
232,09:59:00,4.79,0.01,47,22513,买盘
233,09:59:04,4.78,-0.01,1,478,卖盘
234,09:59:21,4.78,0.0,2,956,卖盘
235,09:59:24,4.79,0.01,1,479,买盘
236,09:59:39,4.78,-0.01,10,4780,卖盘
237,09:59:42,4.79,0.01,21,10059,买盘
238,10:00:24,4.79,0.0,137,65523,买盘
239,10:00:27,4.79,0.0,32,15328,买盘
240,10:00:33,4.79,0.0,169,80951,买盘
241,10:00:42,4.79,0.0,48,22992,卖盘
242,10:00:45,4.79,0.0,111,53169,卖盘
243,10:01:00,4.79,0.0,17,8143,买盘
244,10:01:24,4.79,0.0,1,479,买盘
245,10:01:33,4.78,-0.01,22,10536,卖盘
246,10:01:51,4.78,0.0,77,36841,卖盘
247,10:02:04,4.78,0.0,1,478,卖盘
248,10:02:22,4.78,0.0,10,4780,卖盘
249,10:02:36,4.79,0.01,151,72329,买盘
250,10:02:45,4.8,0.01,14,6720,买盘
251,10:02:48,4.8,0.0,10,4800,买盘
252,10:02:52,4.79,-0.01,1,479,卖盘
253,10:02:57,4.79,0.0,23,11020,卖盘
254,10:03:04,4.79,0.0,74,35481,卖盘
255,10:03:21,4.79,0.0,14,6706,买盘
256,10:03:24,4.79,0.0,1,479,买盘
257,10:03:33,4.79,0.0,51,24429,买盘
258,10:03:39,4.8,0.01,32,15360,买盘
259,10:03:42,4.79,-0.01,48,23038,卖盘
260,10:03:48,4.79,0.0,2,958,卖盘
261,10:03:51,4.8,0.01,100,48000,买盘
262,10:03:54,4.8,0.0,33,15840,买盘
263,10:03:57,4.79,-0.01,2,958,卖盘
264,10:04:03,4.79,0.0,1,479,卖盘
265,10:04:21,4.8,0.01,15,7200,买盘
266,10:04:51,4.8,0.0,20,9600,买盘
267,10:04:54,4.8,0.0,1,480,买盘
268,10:05:04,4.8,0.0,61,29270,买盘
269,10:05:09,4.8,0.0,50,24000,买盘
270,10:05:12,4.8,0.0,10,4800,买盘
271,10:05:19,4.79,-0.01,3,1437,卖盘
272,10:05:24,4.8,0.01,3,1438,买盘
273,10:05:39,4.79,-0.01,47,22520,卖盘
274,10:05:42,4.79,0.0,2,958,卖盘
275,10:05:52,4.79,0.0,35,16765,卖盘
276,10:06:00,4.79,0.0,25,11985,卖盘
277,10:06:03,4.79,0.0,1,479,卖盘
278,10:06:18,4.79,0.0,17,8143,卖盘
279,10:06:28,4.79,0.0,20,9580,卖盘
280,10:06:31,4.8,0.01,22,10560,买盘
281,10:06:36,4.8,0.0,9,4320,买盘
282,10:06:39,4.8,0.0,14,6720,买盘
283,10:06:51,4.79,-0.01,2,958,卖盘
284,10:07:03,4.79,0.0,1,479,卖盘
285,10:07:24,4.8,0.01,1,480,买盘
286,10:07:42,4.8,0.0,9,4320,买盘
287,10:07:45,4.8,0.0,9,4320,买盘
288,10:08:06,4.8,0.0,58,27840,买盘
289,10:08:13,4.8,0.0,10,4800,买盘
290,10:08:21,4.8,0.0,14,6720,买盘
291,10:08:24,4.8,0.0,10,4800,买盘
292,10:08:27,4.8,0.0,10,4800,买盘
293,10:08:45,4.8,0.0,100,48000,买盘
294,10:09:04,4.79,-0.01,1,479,卖盘
295,10:09:09,4.79,0.0,18,8622,卖盘
296,10:09:15,4.8,0.01,14,6707,买盘
297,10:09:18,4.8,0.0,10,4800,买盘
298,10:09:27,4.79,-0.01,16,7665,卖盘
299,10:09:51,4.79,0.0,1,479,卖盘
300,10:09:55,4.79,0.0,30,14370,卖盘
301,10:09:57,4.79,0.0,1,479,卖盘
302,10:10:12,4.79,0.0,45,21555,卖盘
303,10:10:19,4.79,0.0,26,12454,卖盘
304,10:10:27,4.79,0.0,33,15807,卖盘
305,10:10:45,4.79,0.0,8,3832,卖盘
306,10:11:15,4.79,0.0,9,4311,卖盘
307,10:11:18,4.8,0.01,1,480,买盘
308,10:11:24,4.8,0.0,1,480,买盘
309,10:11:46,4.79,-0.01,7,3353,卖盘
310,10:11:48,4.8,0.01,1,480,买盘
311,10:11:51,4.79,-0.01,135,64665,卖盘
312,10:11:54,4.79,0.0,200,95800,卖盘
313,10:12:06,4.79,0.0,5,2395,买盘
314,10:12:15,4.78,-0.01,8,3824,卖盘
315,10:12:18,4.79,0.01,2,958,买盘
316,10:12:21,4.78,-0.01,5,2390,卖盘
317,10:12:31,4.79,0.01,29,13891,买盘
318,10:12:45,4.78,-0.01,9,4302,卖盘
319,10:13:00,4.79,0.01,8,3832,买盘
320,10:13:16,4.78,-0.01,9,4302,卖盘
321,10:13:18,4.78,0.0,48,22944,卖盘
322,10:13:24,4.79,0.01,4,1916,买盘
323,10:13:42,4.79,0.0,14,6706,买盘
324,10:13:46,4.78,-0.01,9,4302,卖盘
325,10:13:48,4.78,0.0,1,478,卖盘
326,10:13:51,4.79,0.01,47,22513,买盘
327,10:13:57,4.79,0.0,58,27782,买盘
328,10:14:12,4.79,0.0,2,958,买盘
329,10:14:15,4.78,-0.01,92,44060,卖盘
330,10:14:21,4.79,0.01,58,27782,买盘
331,10:14:34,4.78,-0.01,44,21046,卖盘
332,10:14:39,4.79,0.01,58,27782,买盘
333,10:14:42,4.79,0.0,203,97037,买盘
334,10:14:45,4.78,-0.01,8,3824,卖盘
335,10:14:49,4.79,0.01,36,17244,买盘
336,10:14:52,4.79,0.0,11,5269,买盘
337,10:14:55,4.79,0.0,47,22513,买盘
338,10:15:00,4.79,0.0,50,23950,卖盘
339,10:15:03,4.78,-0.01,193,92296,卖盘
340,10:15:06,4.78,0.0,27,12906,买盘
341,10:15:16,4.77,-0.01,2,954,卖盘
342,10:15:43,4.79,0.02,25,11989,卖盘
343,10:15:49,4.79,0.0,5,2395,卖盘
344,10:15:51,4.8,0.01,15,7199,买盘
345,10:15:55,4.79,-0.01,1,479,卖盘
346,10:16:12,4.79,0.0,10,4790,卖盘
347,10:16:22,4.8,0.01,50,24000,买盘
348,10:16:33,4.8,0.0,30,14400,买盘
349,10:16:45,4.8,0.0,38,18240,买盘
350,10:16:49,4.79,-0.01,5,2395,卖盘
351,10:16:51,4.8,0.01,133,63840,买盘
352,10:17:03,4.8,0.0,30,14400,买盘
353,10:17:12,4.8,0.0,147,70560,买盘
354,10:17:15,4.8,0.0,179,85920,买盘
355,10:17:18,4.81,0.01,20,9620,买盘
356,10:17:30,4.8,-0.01,6,2880,卖盘
357,10:17:49,4.81,0.01,1,481,买盘
358,10:17:54,4.81,0.0,42,20202,买盘
359,10:17:57,4.81,0.0,30,14430,买盘
360,10:18:00,4.81,0.0,20,9620,买盘
361,10:18:06,4.81,0.0,40,19240,买盘
362,10:18:21,4.82,0.01,1,482,买盘
363,10:18:33,4.81,-0.01,20,9620,卖盘
364,10:18:46,4.81,0.0,5,2405,卖盘
365,10:18:51,4.82,0.01,8,3856,买盘
366,10:18:57,4.81,-0.01,5,2405,卖盘
367,10:19:00,4.82,0.01,6,2892,买盘
368,10:19:06,4.82,0.0,37,17834,买盘
369,10:19:09,4.82,0.0,50,24100,买盘
370,10:19:16,4.81,-0.01,25,12025,卖盘
371,10:19:42,4.81,0.0,3,1443,卖盘
372,10:19:51,4.81,0.0,5,2405,卖盘
373,10:20:04,4.81,0.0,103,49543,卖盘
374,10:20:21,4.81,0.0,5,2405,卖盘
375,10:20:30,4.81,0.0,3,1443,卖盘
376,10:21:09,4.81,0.0,2,962,卖盘
377,10:21:18,4.81,0.0,20,9620,卖盘
378,10:21:30,4.81,0.0,7,3367,卖盘
379,10:21:33,4.82,0.01,30,14460,买盘
380,10:21:42,4.81,-0.01,8,3848,卖盘
381,10:21:45,4.82,0.01,1,482,买盘
382,10:21:52,4.81,-0.01,1,481,卖盘
383,10:21:54,4.81,0.0,8,3848,卖盘
384,10:22:03,4.81,0.0,9,4331,卖盘
385,10:22:06,4.82,0.01,36,17352,买盘
386,10:22:12,4.81,-0.01,8,3848,卖盘
387,10:22:24,4.81,0.0,8,3848,卖盘
388,10:22:36,4.81,0.0,8,3848,卖盘
389,10:22:48,4.81,0.0,7,3367,卖盘
390,10:22:54,4.81,0.0,176,84656,卖盘
391,10:23:00,4.8,-0.01,39,18750,卖盘
392,10:23:10,4.8,0.0,7,3360,卖盘
393,10:23:21,4.8,0.0,7,3360,卖盘
394,10:23:30,4.8,0.0,8,3840,卖盘
395,10:23:42,4.81,0.01,8,3841,买盘
396,10:23:54,4.8,-0.01,8,3840,卖盘
397,10:24:06,4.8,0.0,7,3360,卖盘
398,10:24:18,4.8,0.0,9,4320,卖盘
399,10:24:21,4.81,0.01,20,9620,买盘
400,10:24:28,4.8,-0.01,8,3840,卖盘
401,10:24:33,4.81,0.01,20,9620,买盘
402,10:24:39,4.8,-0.01,7,3360,卖盘
403,10:24:51,4.8,0.0,8,3840,卖盘
404,10:24:54,4.81,0.01,3,1443,买盘
405,10:25:00,4.8,-0.01,8,3840,卖盘
406,10:25:09,4.8,0.0,4,1920,卖盘
407,10:25:13,4.8,0.0,7,3360,卖盘
408,10:25:18,4.8,0.0,321,154080,卖盘
409,10:25:33,4.79,-0.01,8,3832,卖盘
410,10:25:45,4.79,0.0,508,243333,卖盘
411,10:25:48,4.8,0.01,1,480,买盘
412,10:25:54,4.79,-0.01,8,3832,卖盘
413,10:26:04,4.79,0.0,45,21555,卖盘
414,10:26:09,4.79,0.0,10,4790,买盘
415,10:26:15,4.78,-0.01,7,3346,卖盘
416,10:26:27,4.78,0.0,8,3824,卖盘
417,10:26:42,4.78,0.0,7,3346,卖盘
418,10:26:51,4.78,0.0,7,3346,卖盘
419,10:27:00,4.78,0.0,18,8604,卖盘
420,10:27:04,4.79,0.01,1,479,买盘
421,10:27:06,4.79,0.0,1,479,买盘
422,10:27:09,4.79,0.0,16,7664,买盘
423,10:27:12,4.79,0.0,7,3353,卖盘
424,10:27:21,4.8,0.01,5,2400,买盘
425,10:27:25,4.79,-0.01,7,3353,卖盘
426,10:27:33,4.79,0.0,7,3353,卖盘
427,10:27:36,4.8,0.01,50,24000,买盘
428,10:27:45,4.8,0.0,9,4312,买盘
429,10:27:57,4.79,-0.01,8,3832,卖盘
430,10:28:06,4.79,0.0,8,3832,卖盘
431,10:28:19,4.79,0.0,8,3832,卖盘
432,10:28:24,4.79,0.0,12,5748,卖盘
433,10:28:30,4.79,0.0,9,4313,卖盘
434,10:28:33,4.79,0.0,1,479,卖盘
435,10:28:39,4.79,0.0,8,3832,卖盘
436,10:28:42,4.79,0.0,5,2395,卖盘
437,10:28:46,4.79,0.0,3,1437,卖盘
438,10:28:51,4.79,0.0,11,5269,卖盘
439,10:28:54,4.79,0.0,11,5269,卖盘
440,10:29:00,4.78,-0.01,8,3824,卖盘
441,10:29:16,4.78,0.0,7,3346,卖盘
442,10:29:21,4.79,0.01,9,4305,买盘
443,10:29:25,4.78,-0.01,8,3824,卖盘
444,10:29:33,4.78,0.0,7,3346,卖盘
445,10:29:42,4.78,0.0,5,2390,卖盘
446,10:29:45,4.79,0.01,1,479,买盘
447,10:29:48,4.78,-0.01,9,4302,卖盘
448,10:29:57,4.78,0.0,14,6692,卖盘
449,10:30:09,4.78,0.0,8,3824,卖盘
450,10:30:15,4.79,0.01,43,20597,买盘
451,10:30:18,4.8,0.01,1,480,买盘
452,10:30:21,4.79,-0.01,8,3832,卖盘
453,10:30:33,4.79,0.0,8,3832,卖盘
454,10:30:36,4.79,0.0,1,479,卖盘
455,10:30:42,4.79,0.0,7,3353,卖盘
456,10:30:48,4.79,0.0,30,14370,卖盘
457,10:30:57,4.78,-0.01,8,3824,卖盘
458,10:31:04,4.78,0.0,8,3824,卖盘
459,10:31:09,4.79,0.01,8,3832,买盘
460,10:31:13,4.8,0.01,1,480,买盘
461,10:31:16,4.79,-0.01,21,10059,卖盘
462,10:31:28,4.79,0.0,8,3832,卖盘
463,10:31:36,4.8,0.01,50,24000,买盘
464,10:31:39,4.79,-0.01,9,4311,卖盘
465,10:31:45,4.8,0.01,1,480,买盘
466,10:31:51,4.79,-0.01,86,41224,卖盘
467,10:32:04,4.79,0.0,8,3832,卖盘
468,10:32:09,4.79,0.0,9,4311,卖盘
469,10:32:12,4.79,0.0,2,958,卖盘
470,10:32:21,4.79,0.0,7,3353,卖盘
471,10:32:30,4.79,0.0,7,3353,卖盘
472,10:32:45,4.79,0.0,8,3832,卖盘
473,10:32:54,4.79,0.0,8,3832,卖盘
474,10:33:06,4.79,0.0,8,3832,卖盘
475,10:33:16,4.79,0.0,7,3353,卖盘
476,10:33:28,4.79,0.0,8,3832,卖盘
477,10:33:33,4.79,0.0,5,2395,卖盘
478,10:33:42,4.79,0.0,8,3832,卖盘
479,10:33:45,4.8,0.01,6,2875,买盘
480,10:33:48,4.79,-0.01,7,3353,卖盘
481,10:33:51,4.8,0.01,40,19200,买盘
482,10:34:01,4.79,-0.01,8,3832,卖盘
483,10:34:04,4.79,0.0,5,2395,卖盘
484,10:34:09,4.8,0.01,10,4800,买盘
485,10:34:12,4.79,-0.01,7,3353,卖盘
486,10:34:18,4.79,0.0,11,5269,卖盘
487,10:34:21,4.79,0.0,2,958,卖盘
488,10:34:24,4.79,0.0,38,18202,卖盘
489,10:34:27,4.78,-0.01,6,2868,卖盘
490,10:34:33,4.78,0.0,7,3346,卖盘
491,10:34:43,4.78,0.0,8,3824,卖盘
492,10:34:54,4.78,0.0,8,3824,卖盘
493,10:34:57,4.79,0.01,3,1437,买盘
494,10:35:04,4.79,0.0,14,6706,买盘
495,10:35:09,4.79,0.0,20,9573,买盘
496,10:35:12,4.8,0.01,3,1439,买盘
497,10:35:15,4.79,-0.01,8,3832,卖盘
498,10:35:21,4.8,0.01,82,39360,买盘
499,10:35:27,4.79,-0.01,9,4311,卖盘
500,10:35:36,4.8,0.01,58,27840,买盘
501,10:35:42,4.79,-0.01,8,3832,卖盘
502,10:35:48,4.8,0.01,1,480,买盘
503,10:35:51,4.79,-0.01,7,3353,卖盘
504,10:36:04,4.79,0.0,14,6706,卖盘
505,10:36:12,4.79,0.0,18,8632,卖盘
506,10:36:24,4.79,0.0,8,3832,卖盘
507,10:36:28,4.8,0.01,10,4800,买盘
508,10:36:37,4.8,0.0,9,4313,买盘
509,10:36:48,4.79,-0.01,9,4312,卖盘
510,10:36:57,4.79,0.0,22,10538,卖盘
511,10:37:00,4.79,0.0,56,26824,卖盘
512,10:37:09,4.79,0.0,8,3832,卖盘
513,10:37:21,4.79,0.0,7,3353,卖盘
514,10:37:25,4.79,0.0,7,3353,卖盘
515,10:37:27,4.79,0.0,100,47900,卖盘
516,10:37:30,4.79,0.0,7,3353,卖盘
517,10:37:36,4.79,0.0,51,24429,卖盘
518,10:37:39,4.79,0.0,8,3832,卖盘
519,10:37:48,4.79,0.0,8,3832,卖盘
520,10:37:54,4.79,0.0,54,25866,卖盘
521,10:38:03,4.79,0.0,21,10069,卖盘
522,10:38:13,4.79,0.0,8,3832,卖盘
523,10:38:18,4.79,0.0,52,24908,卖盘
524,10:38:21,4.79,0.0,22,10538,买盘
525,10:38:25,4.78,-0.01,8,3824,卖盘
526,10:38:30,4.79,0.01,10,4790,买盘
527,10:38:36,4.78,-0.01,20,9574,卖盘
528,10:38:42,4.78,0.0,408,195024,卖盘
529,10:38:45,4.78,0.0,5,2390,卖盘
530,10:38:58,4.77,-0.01,23,10986,卖盘
531,10:39:01,4.79,0.02,15,7185,买盘
532,10:39:06,4.77,-0.02,26,12402,卖盘
533,10:39:18,4.77,0.0,8,3816,卖盘
534,10:39:31,4.77,0.0,7,3339,卖盘
535,10:39:42,4.77,0.0,7,3339,卖盘
536,10:39:54,4.77,0.0,7,3339,卖盘
537,10:40:00,4.77,0.0,26,12402,卖盘
538,10:40:06,4.77,0.0,7,3339,卖盘
539,10:40:15,4.77,0.0,8,3816,卖盘
540,10:40:24,4.77,0.0,7,3339,卖盘
541,10:40:36,4.77,0.0,7,3339,卖盘
542,10:40:48,4.77,0.0,9,4294,卖盘
543,10:41:00,4.77,0.0,20,9540,卖盘
544,10:41:06,4.77,0.0,5,2385,卖盘
545,10:41:12,4.77,0.0,8,3816,卖盘
546,10:41:21,4.77,0.0,195,93202,卖盘
547,10:41:30,4.77,0.0,31,14797,卖盘
548,10:41:42,4.77,0.0,8,3816,卖盘
549,10:41:57,4.77,0.0,9,4293,卖盘
550,10:42:00,4.77,0.0,100,47700,卖盘
551,10:42:04,4.78,0.01,3,1434,买盘
552,10:42:06,4.77,-0.01,7,3339,卖盘
553,10:42:15,4.77,0.0,7,3339,卖盘
554,10:42:28,4.77,0.0,7,3339,卖盘
555,10:42:36,4.77,0.0,1,477,卖盘
556,10:42:39,4.77,0.0,7,3339,卖盘
557,10:42:42,4.77,0.0,40,19080,卖盘
558,10:42:48,4.77,0.0,4,1909,卖盘
559,10:42:51,4.78,0.01,72,34416,买盘
560,10:43:09,4.78,0.0,10,4780,买盘
561,10:43:36,4.78,0.0,1,478,买盘
562,10:44:27,4.78,0.0,80,38240,买盘
563,10:44:31,4.78,0.0,20,9560,买盘
564,10:44:36,4.78,0.0,7,3346,买盘
565,10:44:39,4.78,0.0,13,6214,买盘
566,10:44:54,4.78,0.0,21,10038,买盘
567,10:45:06,4.78,0.0,21,10038,买盘
568,10:45:21,4.77,-0.01,200,95400,卖盘
569,10:45:24,4.77,0.0,6,2862,卖盘
570,10:45:33,4.78,0.01,25,11950,买盘
571,10:45:58,4.78,0.0,15,7170,卖盘
572,10:46:04,4.78,0.0,75,35850,卖盘
573,10:46:06,4.78,0.0,2,956,卖盘
574,10:46:51,4.79,0.01,1,479,买盘
575,10:46:54,4.78,-0.01,7,3346,卖盘
576,10:47:04,4.79,0.01,12,5748,买盘
577,10:47:15,4.79,0.0,20,9580,买盘
578,10:48:30,4.78,-0.01,10,4780,卖盘
579,10:48:54,4.79,0.01,1,479,买盘
580,10:49:06,4.78,-0.01,7,3351,卖盘
581,10:49:15,4.78,0.0,12,5736,卖盘
582,10:49:36,4.78,0.0,7,3346,卖盘
583,10:50:04,4.78,0.0,1,478,卖盘
584,10:50:06,4.78,0.0,143,68354,卖盘
585,10:50:27,4.77,-0.01,12,5724,卖盘
586,10:50:48,4.78,0.01,1,478,买盘
587,10:51:00,4.77,-0.01,4,1908,卖盘
588,10:51:06,4.77,0.0,105,50085,卖盘
589,10:51:18,4.77,0.0,8,3816,卖盘
590,10:52:06,4.78,0.01,130,62140,买盘
591,10:52:21,4.77,-0.01,1,477,卖盘
592,10:52:27,4.78,0.01,68,32504,买盘
593,10:52:48,4.78,0.0,32,15296,买盘
594,10:53:00,4.78,0.0,76,36328,买盘
595,10:53:13,4.79,0.01,63,30177,买盘
596,10:53:24,4.79,0.0,2,958,买盘
597,10:53:30,4.79,0.0,9,4311,买盘
598,10:53:58,4.78,-0.01,23,10996,卖盘
599,10:54:06,4.78,0.0,2,956,卖盘
600,10:54:12,4.78,0.0,1,478,卖盘
601,10:54:42,4.78,0.0,1,478,卖盘
602,10:55:12,4.78,0.0,1,478,卖盘
603,10:55:33,4.78,0.0,10,4780,卖盘
604,10:55:42,4.79,0.01,64,30656,买盘
605,10:55:45,4.79,0.0,106,50774,买盘
606,10:55:54,4.78,-0.01,7,3346,卖盘
607,10:56:48,4.78,0.0,3,1434,卖盘
608,10:57:00,4.79,0.01,82,39278,买盘
609,10:57:03,4.79,0.0,84,40229,买盘
610,10:57:57,4.79,0.0,24,11496,卖盘
611,10:58:06,4.8,0.01,17,8160,买盘
612,10:58:51,4.8,0.0,107,51360,买盘
613,10:58:57,4.8,0.0,41,19680,买盘
614,10:59:06,4.81,0.01,82,39442,买盘
615,10:59:09,4.81,0.0,57,27417,买盘
616,10:59:15,4.81,0.0,41,19721,买盘
617,10:59:18,4.81,0.0,51,24531,买盘
618,10:59:37,4.82,0.01,6,2892,买盘
619,11:00:03,4.81,-0.01,208,100255,卖盘
620,11:00:12,4.81,0.0,5,2405,卖盘
621,11:00:24,4.81,0.0,2,962,卖盘
622,11:00:30,4.81,0.0,27,12989,卖盘
623,11:00:36,4.82,0.01,6,2892,买盘
624,11:00:42,4.81,-0.01,1,481,中性盘
625,11:01:04,4.81,0.0,10,4810,买盘
626,11:01:45,4.8,-0.01,3,1440,卖盘
627,11:02:45,4.8,0.0,1,480,买盘
628,11:03:10,4.8,0.0,51,24480,买盘
629,11:03:33,4.8,0.0,300,144000,卖盘
630,11:04:13,4.81,0.01,19,9139,买盘
631,11:04:43,4.81,0.0,21,10101,买盘
632,11:04:54,4.81,0.0,125,60125,买盘
633,11:04:57,4.81,0.0,82,39442,买盘
634,11:05:09,4.81,0.0,1,481,买盘
635,11:05:30,4.81,0.0,5,2405,买盘
636,11:05:42,4.8,-0.01,14,6720,卖盘
637,11:06:15,4.8,0.0,4,1920,卖盘
638,11:06:42,4.8,0.0,94,45120,卖盘
639,11:06:48,4.81,0.01,1,481,买盘
640,11:07:09,4.81,0.0,67,32227,买盘
641,11:08:00,4.81,0.0,21,10101,卖盘
642,11:08:16,4.81,0.0,23,11063,买盘
643,11:08:27,4.81,0.0,14,6734,买盘
644,11:08:49,4.82,0.01,1,482,买盘
645,11:08:55,4.81,-0.01,15,7215,卖盘
646,11:10:18,4.82,0.01,3,1446,买盘
647,11:10:30,4.81,-0.01,5,2405,卖盘
648,11:10:45,4.82,0.01,5,2410,买盘
649,11:10:48,4.82,0.0,1,482,买盘
650,11:10:57,4.82,0.0,10,4820,买盘
651,11:11:45,4.82,0.0,5,2410,买盘
652,11:11:57,4.81,-0.01,390,187590,卖盘
653,11:12:00,4.82,0.01,100,48188,买盘
654,11:12:13,4.8,-0.02,1,480,卖盘
655,11:12:46,4.81,0.01,1,481,买盘
656,11:13:09,4.81,0.0,35,16835,买盘
657,11:14:48,4.81,0.0,1,481,买盘
658,11:15:24,4.8,-0.01,29,13920,卖盘
659,11:15:45,4.81,0.01,1,481,买盘
660,11:15:58,4.8,-0.01,15,7200,卖盘
661,11:16:46,4.81,0.01,39,18759,买盘
662,11:17:04,4.8,-0.01,20,9600,卖盘
663,11:17:24,4.81,0.01,40,19240,买盘
664,11:17:33,4.8,-0.01,1,480,卖盘
665,11:17:36,4.81,0.01,38,18278,买盘
666,11:17:48,4.82,0.01,1,482,买盘
667,11:18:07,4.81,-0.01,17,8177,卖盘
668,11:19:30,4.81,0.0,42,20202,卖盘
669,11:19:48,4.82,0.01,1,482,买盘
670,11:20:15,4.82,0.0,12,5784,买盘
671,11:20:54,4.82,0.0,3,1446,买盘
672,11:21:12,4.82,0.0,20,9640,买盘
673,11:21:49,4.82,0.0,1,482,买盘
674,11:22:43,4.82,0.0,28,13496,买盘
675,11:23:42,4.82,0.0,253,121946,买盘
676,11:23:48,4.83,0.01,1,483,买盘
677,11:24:15,4.82,-0.01,1,482,卖盘
678,11:24:24,4.82,0.0,2,964,卖盘
679,11:25:06,4.82,0.0,55,26510,卖盘
680,11:25:09,4.83,0.01,300,144826,买盘
681,11:25:18,4.83,0.0,91,43953,买盘
682,11:25:33,4.84,0.01,200,96800,买盘
683,11:25:39,4.83,-0.01,1,483,卖盘
684,11:25:42,4.85,0.02,500,242488,买盘
685,11:25:51,4.85,0.0,6,2910,买盘
686,11:25:54,4.85,0.0,15,7275,卖盘
687,11:26:33,4.84,-0.01,10,4840,买盘
688,11:27:09,4.84,0.0,23,11132,买盘
689,11:27:18,4.84,0.0,55,26620,买盘
690,11:27:33,4.84,0.0,1,484,卖盘
691,11:27:46,4.85,0.01,7,3395,买盘
692,11:27:51,4.85,0.0,11,5335,买盘
693,11:28:21,4.85,0.0,7,3395,买盘
694,11:28:37,4.84,-0.01,9,4356,卖盘
695,11:28:40,4.85,0.01,112,54320,买盘
696,11:28:46,4.84,-0.01,10,4840,卖盘
697,11:29:12,4.85,0.01,15,7270,买盘
698,11:29:33,4.85,0.0,86,41710,买盘
699,11:29:46,4.85,0.0,8,3880,卖盘
700,11:29:51,4.86,0.01,8,3888,买盘
701,11:29:54,4.85,-0.01,24,11640,卖盘
702,13:00:04,4.86,0.01,233,113018,买盘
703,13:00:07,4.85,-0.01,4,1940,卖盘
704,13:00:39,4.85,0.0,5,2425,买盘
705,13:01:12,4.85,0.0,7,3395,买盘
706,13:01:15,4.84,-0.01,9,4356,卖盘
707,13:01:21,4.84,0.0,10,4840,卖盘
708,13:01:34,4.85,0.01,1,485,买盘
709,13:01:37,4.83,-0.02,46,22252,卖盘
710,13:01:45,4.83,0.0,12,5800,卖盘
711,13:02:12,4.83,0.0,12,5796,卖盘
712,13:02:18,4.84,0.01,21,10162,买盘
713,13:02:21,4.84,0.0,7,3388,卖盘
714,13:02:27,4.83,-0.01,12,5796,卖盘
715,13:02:30,4.83,0.0,26,12558,卖盘
716,13:02:45,4.83,0.0,77,37194,卖盘
717,13:03:16,4.83,0.0,1,483,卖盘
718,13:03:27,4.84,0.01,1,484,买盘
719,13:03:30,4.82,-0.02,30,14464,卖盘
720,13:03:42,4.84,0.02,10,4840,买盘
721,13:03:46,4.83,-0.01,30,14490,卖盘
722,13:03:54,4.83,0.0,11,5313,买盘
723,13:03:57,4.83,0.0,22,10626,买盘
724,13:04:09,4.83,0.0,11,5313,卖盘
725,13:05:00,4.83,0.0,72,34776,买盘
726,13:05:03,4.82,-0.01,12,5784,卖盘
727,13:05:12,4.82,0.0,54,26028,卖盘
728,13:05:15,4.82,0.0,6,2892,卖盘
729,13:05:24,4.82,0.0,260,125320,卖盘
730,13:05:39,4.82,0.0,3,1446,卖盘
731,13:05:57,4.82,0.0,1,482,卖盘
732,13:06:42,4.83,0.01,3,1449,买盘
733,13:07:24,4.83,0.0,55,26565,买盘
734,13:08:33,4.83,0.0,50,24150,买盘
735,13:09:04,4.82,-0.01,11,5302,卖盘
736,13:09:09,4.82,0.0,100,48200,卖盘
737,13:09:43,4.83,0.01,9,4347,买盘
738,13:10:39,4.83,0.0,10,4830,买盘
739,13:11:24,4.83,0.0,93,44919,买盘
740,13:11:27,4.83,0.0,20,9660,买盘
741,13:11:39,4.83,0.0,3,1449,买盘
742,13:12:01,4.83,0.0,39,18837,卖盘
743,13:12:21,4.83,0.0,66,31878,卖盘
744,13:13:00,4.82,-0.01,8,3856,卖盘
745,13:13:19,4.82,0.0,15,7230,卖盘
746,13:13:21,4.82,0.0,10,4820,卖盘
747,13:13:24,4.82,0.0,5,2410,卖盘
748,13:13:30,4.83,0.01,30,14490,买盘
749,13:13:33,4.82,-0.01,35,16870,卖盘
750,13:13:45,4.83,0.01,102,49266,买盘
751,13:14:15,4.83,0.0,72,34776,买盘
752,13:14:27,4.83,0.0,280,135190,买盘
753,13:14:36,4.82,-0.01,200,96400,卖盘
754,13:14:42,4.82,0.0,2,964,卖盘
755,13:14:51,4.82,0.0,2,964,卖盘
756,13:14:54,4.82,0.0,2,964,卖盘
757,13:15:00,4.81,-0.01,30,14453,卖盘
758,13:15:36,4.81,0.0,5,2405,卖盘
759,13:15:39,4.82,0.01,1,482,买盘
760,13:15:48,4.82,0.0,2,964,买盘
761,13:16:48,4.82,0.0,1,482,买盘
762,13:16:54,4.82,0.0,64,30848,买盘
763,13:17:06,4.81,-0.01,8,3848,卖盘
764,13:17:24,4.82,0.01,5,2410,买盘
765,13:17:36,4.81,-0.01,1,481,卖盘
766,13:17:48,4.81,0.0,1,481,卖盘
767,13:18:03,4.81,0.0,8,3848,卖盘
768,13:18:06,4.81,0.0,1,481,卖盘
769,13:18:12,4.82,0.01,33,15905,买盘
770,13:18:15,4.82,0.0,48,23136,买盘
771,13:18:36,4.82,0.0,2,964,卖盘
772,13:19:15,4.82,0.0,5,2410,卖盘
773,13:19:33,4.83,0.01,384,185878,买盘
774,13:19:48,4.83,0.0,2,966,卖盘
775,13:20:31,4.83,0.0,16,7322,卖盘
776,13:20:40,4.82,-0.01,2,964,卖盘
777,13:21:00,4.83,0.01,5,2415,买盘
778,13:21:06,4.82,-0.01,1,482,卖盘
779,13:21:18,4.83,0.01,241,116403,买盘
780,13:21:21,4.82,-0.01,20,9640,卖盘
781,13:21:36,4.82,0.0,13,6266,卖盘
782,13:22:01,4.83,0.01,58,28420,买盘
783,13:22:04,4.83,0.0,24,11592,卖盘
784,13:22:06,4.83,0.0,11,5313,卖盘
785,13:22:15,4.84,0.01,1,484,买盘
786,13:22:21,4.83,-0.01,4,1932,卖盘
787,13:22:36,4.83,0.0,1,483,卖盘
788,13:23:06,4.84,0.01,200,96800,买盘
789,13:23:15,4.83,-0.01,1,483,卖盘
790,13:23:18,4.82,-0.01,14,6758,卖盘
791,13:23:36,4.82,0.0,17,8194,卖盘
792,13:23:51,4.82,0.0,47,22654,卖盘
793,13:24:06,4.82,0.0,53,25546,卖盘
794,13:24:21,4.82,0.0,2,964,卖盘
795,13:24:33,4.84,0.02,102,49368,买盘
796,13:24:36,4.84,0.0,25,12100,卖盘
797,13:24:39,4.84,0.0,4,1936,卖盘
798,13:24:42,4.84,0.0,17,8228,卖盘
799,13:24:45,4.84,0.0,1,484,卖盘
800,13:24:48,4.84,0.0,4,1936,卖盘
801,13:24:51,4.84,0.0,22,10648,卖盘
802,13:24:54,4.84,0.0,2,968,卖盘
803,13:24:57,4.85,0.01,33,15977,买盘
804,13:25:04,4.82,-0.03,30,14460,卖盘
805,13:25:06,4.82,0.0,17,8194,卖盘
806,13:25:10,4.82,0.0,25,12050,卖盘
807,13:25:37,4.83,0.01,3,1449,卖盘
808,13:25:54,4.84,0.01,9,4356,买盘
809,13:26:00,4.82,-0.02,25,12067,卖盘
810,13:26:06,4.82,0.0,5,2410,卖盘
811,13:26:42,4.83,0.01,10,4830,买盘
812,13:27:04,4.82,-0.01,28,13496,卖盘
813,13:27:06,4.82,0.0,25,12050,卖盘
814,13:27:45,4.83,0.01,6,2898,买盘
815,13:27:55,4.82,-0.01,20,9640,卖盘
816,13:28:00,4.83,0.01,76,36708,买盘
817,13:28:04,4.83,0.0,1,483,买盘
818,13:28:30,4.83,0.0,20,9648,买盘
819,13:29:37,4.83,0.0,1,483,卖盘
820,13:30:00,4.84,0.01,1,484,买盘
821,13:30:33,4.83,-0.01,8,3864,卖盘
822,13:30:39,4.83,0.0,35,16905,买盘
823,13:31:16,4.84,0.01,2,968,买盘
824,13:31:27,4.83,-0.01,10,4830,卖盘
825,13:31:30,4.83,0.0,13,6279,卖盘
826,13:32:00,4.84,0.01,1,484,买盘
827,13:32:27,4.83,-0.01,27,13051,卖盘
828,13:32:30,4.84,0.01,7,3388,买盘
829,13:33:00,4.83,-0.01,1,483,卖盘
830,13:33:51,4.83,0.0,10,4830,卖盘
831,13:33:57,4.83,0.0,6,2898,卖盘
832,13:34:00,4.84,0.01,1,484,买盘
833,13:34:24,4.83,-0.01,1,483,卖盘
834,13:34:27,4.83,0.0,20,9660,卖盘
835,13:34:42,4.84,0.01,3,1452,买盘
836,13:35:30,4.83,-0.01,20,9660,卖盘
837,13:35:45,4.83,0.0,7,3381,卖盘
838,13:35:57,4.83,0.0,4,1932,卖盘
839,13:36:04,4.84,0.01,1,484,买盘
840,13:36:21,4.84,0.0,3,1452,买盘
841,13:36:24,4.84,0.0,100,48400,买盘
842,13:36:33,4.83,-0.01,32,15456,卖盘
843,13:36:42,4.82,-0.01,20,9652,卖盘
844,13:36:45,4.82,0.0,1,482,卖盘
845,13:37:00,4.82,0.0,1,482,卖盘
846,13:37:19,4.83,0.01,11,5313,买盘
847,13:37:27,4.82,-0.01,2,964,卖盘
848,13:37:39,4.82,0.0,4,1928,卖盘
849,13:37:57,4.83,0.01,25,12075,买盘
850,13:38:00,4.83,0.0,1,483,买盘
851,13:38:06,4.83,0.0,3,1449,买盘
852,13:38:39,4.82,-0.01,4,1928,卖盘
853,13:39:15,4.82,0.0,13,6266,卖盘
854,13:40:00,4.82,0.0,226,108705,卖盘
855,13:40:04,4.83,0.01,39,18799,买盘
856,13:40:21,4.82,-0.01,4,1928,卖盘
857,13:40:27,4.83,0.01,84,40572,买盘
858,13:40:45,4.83,0.0,1,483,卖盘
859,13:40:51,4.83,0.0,3,1449,卖盘
860,13:40:54,4.83,0.0,1,483,卖盘
861,13:41:07,4.83,0.0,1,483,卖盘
862,13:41:13,4.83,0.0,5,2415,卖盘
863,13:41:18,4.83,0.0,30,14490,卖盘
864,13:41:24,4.83,0.0,1,483,卖盘
865,13:41:42,4.84,0.01,20,9680,买盘
866,13:41:45,4.83,-0.01,21,10143,卖盘
867,13:41:51,4.83,0.0,1,483,卖盘
868,13:41:57,4.83,0.0,1,483,卖盘
869,13:42:04,4.84,0.01,1,484,买盘
870,13:42:06,4.83,-0.01,9,4347,卖盘
871,13:42:12,4.83,0.0,12,5796,卖盘
872,13:42:30,4.83,0.0,90,43470,卖盘
873,13:42:43,4.82,-0.01,15,7230,卖盘
874,13:43:06,4.83,0.01,1,483,买盘
875,13:43:27,4.82,-0.01,6,2892,卖盘
876,13:43:33,4.82,0.0,30,14460,卖盘
877,13:43:45,4.82,0.0,8,3856,卖盘
878,13:43:51,4.82,0.0,150,72300,卖盘
879,13:43:54,4.82,0.0,27,13014,卖盘
880,13:44:04,4.82,0.0,4,1928,卖盘
881,13:44:21,4.82,0.0,4,1928,卖盘
882,13:44:39,4.82,0.0,7,3374,卖盘
883,13:44:48,4.82,0.0,11,5302,卖盘
884,13:45:03,4.82,0.0,158,75978,卖盘
885,13:45:06,4.81,-0.01,26,12507,卖盘
886,13:45:51,4.82,0.01,14,6744,买盘
887,13:46:45,4.81,-0.01,8,3848,卖盘
888,13:46:57,4.82,0.01,42,20244,买盘
889,13:47:06,4.82,0.0,1,482,买盘
890,13:47:36,4.81,-0.01,1,481,卖盘
891,13:47:54,4.81,0.0,20,9620,卖盘
892,13:48:18,4.81,0.0,4,1924,卖盘
893,13:48:45,4.81,0.0,4,1924,卖盘
894,13:48:54,4.81,0.0,50,24050,卖盘
895,13:49:06,4.82,0.01,1,482,买盘
896,13:49:16,4.81,-0.01,1,481,卖盘
897,13:49:19,4.81,0.0,20,9620,卖盘
898,13:49:48,4.81,0.0,8,3848,卖盘
899,13:50:09,4.81,0.0,20,9620,卖盘
900,13:50:12,4.81,0.0,11,5299,卖盘
901,13:50:31,4.81,0.0,4,1924,卖盘
902,13:50:42,4.82,0.01,300,144600,买盘
903,13:50:45,4.81,-0.01,43,20683,卖盘
904,13:51:06,4.82,0.01,1,482,买盘
905,13:51:12,4.82,0.0,15,7230,买盘
906,13:51:24,4.82,0.0,3,1446,卖盘
907,13:51:45,4.82,0.0,1,482,卖盘
908,13:52:00,4.82,0.0,26,12532,卖盘
909,13:52:04,4.82,0.0,41,19762,买盘
910,13:52:21,4.82,0.0,2,964,卖盘
911,13:52:27,4.82,0.0,32,15424,卖盘
912,13:53:06,4.83,0.01,1,483,买盘
913,13:53:12,4.82,-0.01,1,482,卖盘
914,13:53:30,4.82,0.0,1,482,卖盘
915,13:53:57,4.82,0.0,1,482,卖盘
916,13:54:15,4.82,0.0,5,2410,卖盘
917,13:54:34,4.83,0.01,10,4830,买盘
918,13:54:48,4.82,-0.01,4,1928,卖盘
919,13:54:51,4.82,0.0,2,964,卖盘
920,13:55:06,4.83,0.01,1,483,买盘
921,13:55:09,4.83,0.0,40,19320,买盘
922,13:55:21,4.83,0.0,300,144900,买盘
923,13:55:42,4.83,0.0,74,35921,买盘
924,13:55:54,4.84,0.01,20,9680,买盘
925,13:56:49,4.84,0.0,10,4840,买盘
926,13:57:04,4.83,-0.01,1,483,卖盘
927,13:57:07,4.84,0.01,1,484,买盘
928,13:57:30,4.83,-0.01,59,28318,卖盘
929,13:57:39,4.83,0.0,3,1449,买盘
930,13:57:57,4.83,0.0,56,27227,买盘
931,13:58:04,4.83,0.0,5,2415,卖盘
932,13:58:12,4.83,0.0,7,3381,卖盘
933,13:58:36,4.84,0.01,10,4840,买盘
934,13:58:57,4.84,0.0,3,1452,买盘
935,13:59:24,4.84,0.0,30,14510,买盘
936,13:59:33,4.83,-0.01,5,2415,卖盘
937,13:59:51,4.83,0.0,8,3864,卖盘
938,14:00:21,4.83,0.0,3,1449,卖盘
939,14:01:27,4.83,0.0,9,4347,卖盘
940,14:01:30,4.84,0.01,1,484,买盘
941,14:01:42,4.83,-0.01,4,1932,卖盘
942,14:02:01,4.83,0.0,1,483,卖盘
943,14:02:46,4.83,0.0,7,3381,卖盘
944,14:03:03,4.83,0.0,119,57298,卖盘
945,14:03:46,4.82,-0.01,1,482,卖盘
946,14:04:00,4.82,0.0,25,12050,卖盘
947,14:04:04,4.82,0.0,3,1446,卖盘
948,14:04:33,4.83,0.01,3,1449,买盘
949,14:04:54,4.82,-0.01,17,8194,卖盘
950,14:05:00,4.82,0.0,4,1928,卖盘
951,14:05:09,4.82,0.0,2,964,卖盘
952,14:05:27,4.82,0.0,7,3374,卖盘
953,14:05:30,4.82,0.0,40,19280,卖盘
954,14:06:18,4.83,0.01,10,4830,买盘
955,14:06:33,4.83,0.0,29,14007,买盘
956,14:07:09,4.82,-0.01,55,26510,卖盘
957,14:07:27,4.82,0.0,7,3374,卖盘
958,14:07:45,4.82,0.0,10,4820,卖盘
959,14:08:48,4.82,0.0,10,4820,卖盘
960,14:08:51,4.82,0.0,20,9640,卖盘
961,14:08:54,4.83,0.01,12,5795,买盘
962,14:09:15,4.82,-0.01,8,3856,卖盘
963,14:10:00,4.83,0.01,13,6279,买盘
964,14:10:15,4.82,-0.01,8,3856,卖盘
965,14:10:45,4.82,0.0,4,1928,卖盘
966,14:11:03,4.82,0.0,1,482,卖盘
967,14:11:48,4.82,0.0,4,1928,卖盘
968,14:12:12,4.82,0.0,50,24100,卖盘
969,14:12:15,4.83,0.01,490,236849,买盘
970,14:12:19,4.83,0.0,2,966,卖盘
971,14:12:42,4.83,0.0,20,9660,卖盘
972,14:12:45,4.82,-0.01,21,10126,卖盘
973,14:12:51,4.83,0.01,1,483,卖盘
974,14:13:24,4.83,0.0,1,483,卖盘
975,14:13:27,4.83,0.0,1,483,卖盘
976,14:13:39,4.83,0.0,19,9177,卖盘
977,14:13:42,4.82,-0.01,7,3374,卖盘
978,14:13:45,4.82,0.0,4,1928,卖盘
979,14:13:57,4.83,0.01,13,6279,买盘
980,14:14:01,4.83,0.0,1,483,卖盘
981,14:14:04,4.83,0.0,1,483,卖盘
982,14:14:06,4.83,0.0,8,3864,卖盘
983,14:14:12,4.83,0.0,4,1932,卖盘
984,14:14:15,4.83,0.0,9,4347,卖盘
985,14:14:58,4.83,0.0,2,966,卖盘
986,14:15:21,4.83,0.0,10,4830,卖盘
987,14:15:24,4.83,0.0,9,4347,卖盘
988,14:15:54,4.83,0.0,7,3381,卖盘
989,14:15:57,4.83,0.0,2,966,卖盘
990,14:16:00,4.83,0.0,8,3864,卖盘
991,14:16:03,4.83,0.0,1,483,卖盘
992,14:16:06,4.83,0.0,47,22701,卖盘
993,14:16:09,4.82,-0.01,23,11093,卖盘
994,14:16:54,4.82,0.0,75,36150,卖盘
995,14:17:04,4.83,0.01,1,483,买盘
996,14:17:30,4.82,-0.01,4,1928,卖盘
997,14:17:48,4.82,0.0,700,337400,卖盘
998,14:17:51,4.81,-0.01,132,63619,卖盘
999,14:18:09,4.81,0.0,6,2886,卖盘
1000,14:18:15,4.81,0.0,2,962,卖盘
1001,14:18:27,4.81,0.0,15,7215,卖盘
1002,14:18:42,4.82,0.01,33,15906,买盘
1003,14:18:48,4.82,0.0,6,2892,卖盘
1004,14:18:55,4.82,0.0,8,3856,卖盘
1005,14:19:15,4.82,0.0,1,482,卖盘
1006,14:19:37,4.82,0.0,35,16870,卖盘
1007,14:19:40,4.82,0.0,17,8194,卖盘
1008,14:19:54,4.82,0.0,10,4820,卖盘
1009,14:20:30,4.82,0.0,2,964,卖盘
1010,14:21:12,4.82,0.0,30,14460,卖盘
1011,14:21:27,4.82,0.0,1,482,卖盘
1012,14:21:45,4.82,0.0,26,12532,卖盘
1013,14:21:51,4.82,0.0,25,12050,卖盘
1014,14:21:55,4.82,0.0,2,964,卖盘
1015,14:22:00,4.82,0.0,14,6748,卖盘
1016,14:22:30,4.82,0.0,1,482,卖盘
1017,14:22:45,4.82,0.0,1,482,卖盘
1018,14:22:51,4.82,0.0,1,482,卖盘
1019,14:23:18,4.83,0.01,230,111088,买盘
1020,14:23:22,4.81,-0.02,47,22631,卖盘
1021,14:23:30,4.81,0.0,2,962,卖盘
1022,14:24:45,4.82,0.01,10,4820,卖盘
1023,14:25:00,4.81,-0.01,1,481,卖盘
1024,14:25:16,4.81,0.0,1,481,卖盘
1025,14:25:21,4.82,0.01,2,964,买盘
1026,14:26:15,4.82,0.0,88,42416,买盘
1027,14:26:18,4.82,0.0,25,12050,卖盘
1028,14:26:21,4.82,0.0,21,10122,卖盘
1029,14:26:33,4.82,0.0,40,19280,卖盘
1030,14:27:15,4.82,0.0,7,3374,卖盘
1031,14:28:13,4.82,0.0,91,43862,卖盘
1032,14:29:24,4.81,-0.01,8,3848,卖盘
1033,14:29:39,4.82,0.01,50,24100,买盘
1034,14:30:15,4.81,-0.01,1,481,卖盘
1035,14:32:09,4.81,0.0,10,4810,卖盘
1036,14:32:30,4.81,0.0,5,2405,卖盘
1037,14:32:46,4.82,0.01,180,86760,买盘
1038,14:33:06,4.81,-0.01,10,4810,卖盘
1039,14:33:21,4.81,0.0,100,48100,卖盘
1040,14:33:40,4.82,0.01,46,22172,买盘
1041,14:34:27,4.82,0.0,25,12050,卖盘
1042,14:34:48,4.82,0.0,12,5784,卖盘
1043,14:34:51,4.82,0.0,30,14460,卖盘
1044,14:35:01,4.82,0.0,32,15454,卖盘
1045,14:35:15,4.82,0.0,15,7230,卖盘
1046,14:35:24,4.82,0.0,27,13014,卖盘
1047,14:35:27,4.81,-0.01,27,12987,卖盘
1048,14:35:36,4.82,0.01,29,13978,买盘
1049,14:35:39,4.82,0.0,4,1928,卖盘
1050,14:35:45,4.81,-0.01,25,12025,卖盘
1051,14:36:06,4.81,0.0,7,3367,卖盘
1052,14:36:09,4.81,0.0,29,13949,卖盘
1053,14:36:45,4.81,0.0,25,12025,卖盘
1054,14:36:54,4.82,0.01,50,24100,买盘
1055,14:37:36,4.82,0.0,113,54466,买盘
1056,14:37:39,4.81,-0.01,19,9139,卖盘
1057,14:38:00,4.82,0.01,31,14941,买盘
1058,14:38:16,4.81,-0.01,20,9620,卖盘
1059,14:38:31,4.81,0.0,5,2405,卖盘
1060,14:39:12,4.81,0.0,8,3848,卖盘
1061,14:39:25,4.81,0.0,35,16835,卖盘
1062,14:39:27,4.81,0.0,17,8177,卖盘
1063,14:39:46,4.81,0.0,23,11063,卖盘
1064,14:39:48,4.81,0.0,40,19240,卖盘
1065,14:40:00,4.81,0.0,43,20683,卖盘
1066,14:40:04,4.81,0.0,18,8658,卖盘
1067,14:40:09,4.81,0.0,2,962,卖盘
1068,14:40:15,4.81,0.0,55,26455,卖盘
1069,14:40:18,4.81,0.0,100,48100,卖盘
1070,14:40:21,4.81,0.0,29,13949,卖盘
1071,14:40:39,4.81,0.0,6,2886,卖盘
1072,14:40:57,4.81,0.0,1,481,卖盘
1073,14:41:00,4.81,0.0,10,4810,卖盘
1074,14:41:09,4.82,0.01,30,14460,买盘
1075,14:41:15,4.81,-0.01,8,3848,卖盘
1076,14:41:18,4.81,0.0,49,23569,卖盘
1077,14:41:21,4.81,0.0,18,8658,卖盘
1078,14:41:30,4.81,0.0,100,48100,卖盘
1079,14:41:33,4.81,0.0,17,8177,卖盘
1080,14:41:58,4.81,0.0,1,481,卖盘
1081,14:42:06,4.81,0.0,1,481,卖盘
1082,14:42:18,4.81,0.0,75,36075,卖盘
1083,14:42:21,4.81,0.0,14,6734,卖盘
1084,14:42:27,4.82,0.01,1,482,买盘
1085,14:42:45,4.81,-0.01,75,36075,卖盘
1086,14:42:48,4.81,0.0,13,6253,卖盘
1087,14:43:00,4.82,0.01,25,12050,买盘
1088,14:43:12,4.81,-0.01,105,50505,卖盘
1089,14:43:15,4.81,0.0,17,8177,卖盘
1090,14:43:21,4.81,0.0,19,9139,卖盘
1091,14:43:25,4.81,0.0,27,12987,卖盘
1092,14:43:36,4.81,0.0,5,2405,卖盘
1093,14:43:45,4.81,0.0,10,4810,卖盘
1094,14:43:48,4.81,0.0,4,1924,卖盘
1095,14:43:57,4.81,0.0,13,6253,卖盘
1096,14:44:00,4.81,0.0,39,18759,卖盘
1097,14:44:22,4.8,-0.01,12,5760,卖盘
1098,14:44:42,4.8,0.0,59,28320,卖盘
1099,14:44:54,4.8,0.0,3,1440,卖盘
1100,14:45:15,4.8,0.0,6,2880,卖盘
1101,14:45:27,4.8,0.0,1,480,卖盘
1102,14:45:45,4.8,0.0,8,3840,卖盘
1103,14:45:54,4.8,0.0,1,480,卖盘
1104,14:46:06,4.8,0.0,20,9600,卖盘
1105,14:46:09,4.8,0.0,21,10080,卖盘
1106,14:46:36,4.8,0.0,8,3840,卖盘
1107,14:46:42,4.8,0.0,10,4800,卖盘
1108,14:46:48,4.8,0.0,175,84000,卖盘
1109,14:46:51,4.8,0.0,35,16800,卖盘
1110,14:47:00,4.8,0.0,1,480,卖盘
1111,14:47:19,4.81,0.01,50,24050,买盘
1112,14:47:28,4.81,0.0,10,4810,买盘
1113,14:48:00,4.8,-0.01,1,480,卖盘
1114,14:48:04,4.81,0.01,88,42328,买盘
1115,14:48:06,4.81,0.0,155,74555,买盘
1116,14:48:30,4.82,0.01,12,5784,买盘
1117,14:49:34,4.81,-0.01,12,5772,卖盘
1118,14:49:46,4.82,0.01,2,964,买盘
1119,14:50:30,4.81,-0.01,7,3367,卖盘
1120,14:50:36,4.82,0.01,54,26028,买盘
1121,14:50:57,4.81,-0.01,10,4810,卖盘
1122,14:51:15,4.82,0.01,8,3856,买盘
1123,14:51:45,4.82,0.0,25,12045,买盘
1124,14:51:51,4.82,0.0,286,137852,买盘
1125,14:52:00,4.82,0.0,3,1446,买盘
1126,14:52:04,4.82,0.0,6,2892,买盘
1127,14:52:39,4.81,-0.01,1,481,卖盘
1128,14:53:00,4.82,0.01,4,1928,买盘
1129,14:53:09,4.81,-0.01,30,14430,卖盘
1130,14:53:28,4.82,0.01,2,964,买盘
1131,14:53:54,4.81,-0.01,10,4810,卖盘
1132,14:53:57,4.82,0.01,15,7230,买盘
1133,14:54:15,4.82,0.0,300,144600,买盘
1134,14:54:18,4.81,-0.01,60,28860,卖盘
1135,14:54:27,4.82,0.01,13,6266,买盘
1136,14:54:36,4.82,0.0,676,325832,买盘
1137,14:54:42,4.81,-0.01,34,16378,卖盘
1138,14:54:45,4.82,0.01,1,482,卖盘
1139,14:54:48,4.83,0.01,127,61341,买盘
1140,14:55:09,4.83,0.0,13,6279,买盘
1141,14:55:18,4.83,0.0,10,4830,买盘
1142,14:55:30,4.83,0.0,15,7240,买盘
1143,14:55:39,4.83,0.0,10,4830,买盘
1144,14:55:45,4.83,0.0,18,8694,买盘
1145,14:55:51,4.82,-0.01,21,10142,卖盘
1146,14:55:57,4.83,0.01,3,1449,买盘
1147,14:56:06,4.82,-0.01,15,7230,卖盘
1148,14:56:10,4.82,0.0,281,135667,卖盘
1149,14:56:12,4.82,0.0,38,18316,卖盘
1150,14:56:15,4.82,0.0,31,14942,卖盘
1151,14:56:18,4.82,0.0,17,8194,卖盘
1152,14:56:21,4.82,0.0,1,482,卖盘
1153,14:56:24,4.82,0.0,1,482,卖盘
1154,14:56:39,4.82,0.0,21,10122,卖盘
1155,14:56:42,4.82,0.0,5,2410,卖盘
1156,14:56:48,4.82,0.0,5,2410,卖盘
1157,15:00:04,4.82,0.0,294,141708,卖盘
