,time,price,change,volume,amount,type
0,09:25:04,5.69,0.01,74,42106,卖盘
1,09:30:05,5.7,0.01,80,45600,卖盘
2,09:30:07,5.71,0.01,7,3997,卖盘
3,09:30:10,5.72,0.01,1,572,买盘
4,09:30:18,5.76,0.04,59,33798,买盘
5,09:30:22,5.7,-0.06,20,11400,卖盘
6,09:30:25,5.69,-0.01,121,68849,卖盘
7,09:30:28,5.69,0.0,47,26743,卖盘
8,09:30:31,5.69,0.0,21,11939,中性盘
9,09:30:49,5.66,-0.03,3,1698,卖盘
10,09:30:52,5.65,-0.01,4,2260,中性盘
11,09:30:54,5.65,0.0,8,4520,买盘
12,09:30:58,5.65,0.0,3,1695,买盘
13,09:31:01,5.66,0.01,3,1698,买盘
14,09:31:07,5.66,0.0,3,1698,买盘
15,09:31:10,5.7,0.04,7,3966,买盘
16,09:31:13,5.7,0.0,9,5130,买盘
17,09:31:16,5.72,0.02,1,572,卖盘
18,09:31:52,5.72,0.0,1,572,卖盘
19,09:32:01,5.76,0.04,26,14976,买盘
20,09:32:16,5.75,-0.01,20,11495,买盘
21,09:32:25,5.72,-0.03,2,1144,卖盘
22,09:32:28,5.75,0.03,11,6313,买盘
23,09:32:31,5.75,0.0,3,1725,卖盘
24,09:32:34,5.75,0.0,3,1725,卖盘
25,09:32:37,5.75,0.0,1,575,卖盘
26,09:32:40,5.75,0.0,1,575,卖盘
27,09:32:43,5.75,0.0,1,575,卖盘
28,09:32:46,5.74,-0.01,1,574,卖盘
29,09:32:49,5.74,0.0,1,574,卖盘
30,09:32:52,5.74,0.0,1,574,卖盘
31,09:32:55,5.74,0.0,1,574,卖盘
32,09:32:58,5.74,0.0,1,574,卖盘
33,09:33:01,5.74,0.0,1,574,卖盘
34,09:33:05,5.74,0.0,1,574,卖盘
35,09:33:07,5.74,0.0,1,574,卖盘
36,09:33:09,5.74,0.0,1,574,卖盘
37,09:33:13,5.74,0.0,1,574,卖盘
38,09:33:15,5.74,0.0,1,574,卖盘
39,09:33:18,5.74,0.0,59,33866,卖盘
40,09:33:37,5.78,0.04,103,59246,买盘
41,09:34:37,5.72,-0.06,5,2860,卖盘
42,09:35:19,5.75,0.03,2,1150,卖盘
43,09:35:34,5.73,-0.02,1,573,卖盘
44,09:35:40,5.72,-0.01,1,572,买盘
45,09:35:46,5.72,0.0,1,572,买盘
46,09:36:28,5.76,0.04,11,6328,买盘
47,09:38:19,5.75,-0.01,59,33907,买盘
48,09:39:07,5.69,-0.06,200,113800,卖盘
49,09:40:28,5.69,0.0,4,2276,卖盘
50,09:40:52,5.69,0.0,35,19915,买盘
51,09:41:25,5.69,0.0,31,17639,买盘
52,09:41:37,5.68,-0.01,33,18748,卖盘
53,09:42:01,5.68,0.0,5,2840,卖盘
54,09:42:18,5.69,0.01,1,569,买盘
55,09:42:48,5.69,0.0,5,2845,卖盘
56,09:42:58,5.72,0.03,68,38896,买盘
57,09:43:33,5.7,-0.02,24,13680,卖盘
58,09:43:40,5.7,0.0,41,23370,买盘
59,09:45:37,5.69,-0.01,33,18777,卖盘
60,09:46:22,5.69,0.0,5,2845,卖盘
61,09:46:37,5.69,0.0,17,9673,买盘
62,09:46:49,5.69,0.0,1,569,买盘
63,09:47:54,5.7,0.01,26,14820,买盘
64,09:50:10,5.72,0.02,16,9152,卖盘
65,09:50:43,5.72,0.0,10,5720,卖盘
66,09:50:54,5.71,-0.01,76,43396,卖盘
67,09:51:21,5.71,0.0,1,571,买盘
68,09:51:46,5.71,0.0,1,571,买盘
69,09:52:10,5.7,-0.01,1,570,卖盘
70,09:52:22,5.68,-0.02,42,23856,卖盘
71,09:52:40,5.68,0.0,18,10224,买盘
72,09:53:16,5.68,0.0,65,36920,卖盘
73,09:53:40,5.69,0.01,10,5690,买盘
74,09:53:46,5.69,0.0,6,3414,买盘
75,09:55:04,5.69,0.0,14,7966,买盘
76,09:55:16,5.67,-0.02,10,5670,中性盘
77,09:56:28,5.66,-0.01,48,27168,卖盘
78,09:56:42,5.66,0.0,11,6226,卖盘
79,09:57:40,5.67,0.01,25,14155,买盘
80,09:57:49,5.66,-0.01,5,2830,买盘
81,09:59:06,5.69,0.03,1,569,买盘
82,10:00:07,5.66,-0.03,21,11886,卖盘
83,10:00:19,5.66,0.0,40,22640,卖盘
84,10:00:55,5.67,0.01,42,23814,中性盘
85,10:01:07,5.66,-0.01,85,48110,卖盘
86,10:01:39,5.66,0.0,63,35658,卖盘
87,10:01:49,5.66,0.0,10,5660,卖盘
88,10:02:09,5.66,0.0,11,6226,卖盘
89,10:03:19,5.66,0.0,30,16980,卖盘
90,10:04:40,5.66,0.0,119,67354,卖盘
91,10:05:06,5.65,-0.01,4,2260,卖盘
92,10:05:46,5.65,0.0,12,6780,卖盘
93,10:05:49,5.65,0.0,23,12995,卖盘
94,10:06:09,5.65,0.0,30,16950,买盘
95,10:07:00,5.65,0.0,1,565,买盘
96,10:10:51,5.65,0.0,18,10170,买盘
97,10:11:01,5.65,0.0,20,11300,买盘
98,10:11:18,5.61,-0.04,90,50557,卖盘
99,10:12:25,5.65,0.04,16,9040,买盘
100,10:13:31,5.63,-0.02,8,4504,卖盘
101,10:16:52,5.65,0.02,92,51980,买盘
102,10:18:48,5.63,-0.02,58,32654,卖盘
103,10:19:01,5.65,0.02,50,28245,买盘
104,10:19:25,5.65,0.0,6,3390,买盘
105,10:20:43,5.65,0.0,5,2825,买盘
106,10:21:16,5.65,0.0,42,23730,买盘
107,10:22:49,5.66,0.01,18,10188,买盘
108,10:24:01,5.67,0.01,1,567,买盘
109,10:29:55,5.66,-0.01,10,5660,卖盘
110,10:30:22,5.66,0.0,10,5660,卖盘
111,10:30:28,5.66,0.0,10,5660,卖盘
112,10:30:31,5.66,0.0,7,3962,卖盘
113,10:31:01,5.65,-0.01,9,5085,卖盘
114,10:31:34,5.65,0.0,15,8475,卖盘
115,10:31:46,5.66,0.01,4,2264,买盘
116,10:32:04,5.66,0.0,10,5660,卖盘
117,10:32:43,5.66,0.0,1,566,卖盘
118,10:35:28,5.68,0.02,10,5680,买盘
119,10:36:19,5.68,0.0,4,2272,买盘
120,10:39:04,5.68,0.0,6,3408,买盘
121,10:39:39,5.68,0.0,10,5680,买盘
122,10:40:13,5.68,0.0,3,1704,买盘
123,10:40:16,5.68,0.0,5,2840,卖盘
124,10:40:19,5.68,0.0,2,1136,卖盘
125,10:40:22,5.68,0.0,4,2272,卖盘
126,10:41:49,5.69,0.01,1,569,买盘
127,10:42:16,5.69,0.0,4,2276,买盘
128,10:45:30,5.69,0.0,68,38692,买盘
129,10:47:46,5.69,0.0,1,569,买盘
130,10:50:07,5.69,0.0,10,5690,买盘
131,10:50:58,5.68,-0.01,28,15904,卖盘
132,10:51:54,5.61,-0.07,118,66445,卖盘
133,10:52:33,5.66,0.05,1,566,卖盘
134,10:52:37,5.66,0.0,9,5094,买盘
135,10:53:34,5.64,-0.02,4,2256,卖盘
136,10:54:28,5.69,0.05,6,3414,买盘
137,10:55:37,5.69,0.0,3,1707,买盘
138,10:55:39,5.66,-0.03,20,11320,卖盘
139,10:55:43,5.69,0.03,15,8535,买盘
140,10:57:04,5.69,0.0,10,5690,买盘
141,10:58:19,5.69,0.0,40,22760,买盘
142,11:00:27,5.69,0.0,1,569,买盘
143,11:01:07,5.69,0.0,8,4552,买盘
144,11:03:13,5.69,0.0,35,19915,买盘
145,11:03:57,5.7,0.01,1,570,买盘
146,11:07:58,5.7,0.0,4,2280,买盘
147,11:08:52,5.69,-0.01,7,3983,卖盘
148,11:08:54,5.69,0.0,2,1138,卖盘
149,11:22:15,5.7,0.01,2,1140,买盘
150,11:24:39,5.7,0.0,5,2850,买盘
151,11:24:48,5.72,0.02,37,21144,买盘
152,11:24:52,5.69,-0.03,4,2276,卖盘
153,11:24:58,5.74,0.05,11,6303,买盘
154,11:29:33,5.73,-0.01,6,3438,买盘
155,11:29:36,5.73,0.0,1,573,买盘
156,13:00:04,5.7,-0.03,12,6840,卖盘
157,13:00:09,5.7,0.0,3,1710,卖盘
158,13:00:12,5.7,0.0,8,4560,卖盘
159,13:00:15,5.7,0.0,3,1710,卖盘
160,13:00:57,5.68,-0.02,5,2840,卖盘
161,13:01:57,5.67,-0.01,15,8505,卖盘
162,13:02:57,5.68,0.01,6,3408,卖盘
163,13:03:00,5.68,0.0,9,5112,买盘
164,13:03:57,5.67,-0.01,15,8505,卖盘
165,13:04:57,5.67,0.0,15,8505,卖盘
166,13:05:57,5.66,-0.01,15,8490,卖盘
167,13:06:57,5.67,0.01,15,8505,卖盘
168,13:07:04,5.72,0.05,7,4004,买盘
169,13:07:58,5.67,-0.05,15,8505,卖盘
170,13:08:57,5.66,-0.01,15,8508,卖盘
171,13:09:57,5.66,0.0,15,8490,卖盘
172,13:10:57,5.68,0.02,13,7384,卖盘
173,13:11:57,5.67,-0.01,15,8505,卖盘
174,13:12:24,5.69,0.02,3,1707,卖盘
175,13:12:27,5.7,0.01,17,9686,买盘
176,13:12:30,5.69,-0.01,2,1139,卖盘
177,13:12:58,5.67,-0.02,15,8505,卖盘
178,13:13:28,5.69,0.02,3,1707,卖盘
179,13:13:57,5.67,-0.02,15,8505,卖盘
180,13:14:28,5.67,0.0,5,2835,卖盘
181,13:14:51,5.69,0.02,3,1707,买盘
182,13:14:57,5.68,-0.01,10,5680,卖盘
183,13:15:42,5.69,0.01,4,2276,买盘
184,13:15:58,5.67,-0.02,13,7371,卖盘
185,13:16:57,5.66,-0.01,15,8490,卖盘
186,13:17:57,5.69,0.03,17,9628,买盘
187,13:18:46,5.69,0.0,7,3983,买盘
188,13:18:49,5.69,0.0,3,1707,买盘
189,13:18:58,5.66,-0.03,7,3962,卖盘
190,13:19:28,5.69,0.03,4,2276,买盘
191,13:19:58,5.66,-0.03,15,8490,卖盘
192,13:20:06,5.69,0.03,1,569,买盘
193,13:20:58,5.69,0.0,16,9074,买盘
194,13:21:42,5.69,0.0,1,569,买盘
195,13:21:58,5.67,-0.02,5,2835,卖盘
196,13:22:57,5.66,-0.01,15,8490,卖盘
197,13:23:58,5.67,0.01,15,8505,卖盘
198,13:24:27,5.7,0.03,78,44396,买盘
199,13:25:13,5.71,0.01,1,571,买盘
200,13:25:58,5.7,-0.01,15,8550,卖盘
201,13:26:01,5.7,0.0,1,570,卖盘
202,13:26:04,5.7,0.0,1,570,卖盘
203,13:26:07,5.7,0.0,1,570,卖盘
204,13:26:09,5.7,0.0,1,570,卖盘
205,13:26:12,5.7,0.0,1,570,卖盘
206,13:26:16,5.7,0.0,1,570,卖盘
207,13:26:19,5.7,0.0,1,570,卖盘
208,13:26:22,5.7,0.0,1,570,卖盘
209,13:26:24,5.7,0.0,1,570,卖盘
210,13:26:27,5.7,0.0,1,570,卖盘
211,13:26:30,5.7,0.0,1,570,卖盘
212,13:26:34,5.7,0.0,1,570,卖盘
213,13:26:57,5.7,0.0,11,6270,卖盘
214,13:27:18,5.71,0.01,14,7994,买盘
215,13:27:58,5.69,-0.02,15,8535,卖盘
216,13:28:46,5.69,0.0,11,6259,卖盘
217,13:28:58,5.69,0.0,15,8535,卖盘
218,13:29:57,5.69,0.0,15,8535,卖盘
219,13:30:58,5.69,0.0,15,8535,卖盘
220,13:31:12,5.69,0.0,4,2276,卖盘
221,13:31:57,5.69,0.0,15,8535,卖盘
222,13:32:58,5.69,0.0,15,8535,卖盘
223,13:33:58,5.69,0.0,4,2276,卖盘
224,13:34:57,5.68,-0.01,3,1704,卖盘
225,13:35:58,5.66,-0.02,15,8490,卖盘
226,13:36:58,5.66,0.0,15,8490,卖盘
227,13:37:58,5.66,0.0,15,8490,卖盘
228,13:38:57,5.66,0.0,15,8490,卖盘
229,13:39:58,5.67,0.01,15,8505,卖盘
230,13:40:58,5.67,0.0,15,8505,卖盘
231,13:41:58,5.67,0.0,15,8505,卖盘
232,13:42:58,5.67,0.0,15,8505,卖盘
233,13:43:58,5.66,-0.01,15,8490,卖盘
234,13:44:57,5.66,0.0,15,8490,卖盘
235,13:45:57,5.67,0.01,15,8505,卖盘
236,13:46:58,5.67,0.0,15,8505,卖盘
237,13:47:57,5.67,0.0,15,8505,卖盘
238,13:48:40,5.69,0.02,5,2845,买盘
239,13:48:57,5.67,-0.02,15,8505,卖盘
240,13:49:57,5.67,0.0,11,6237,卖盘
241,13:50:58,5.66,-0.01,15,8490,卖盘
242,13:51:57,5.66,0.0,15,8490,卖盘
243,13:52:30,5.66,0.0,25,14150,卖盘
244,13:52:58,5.66,0.0,15,8490,卖盘
245,13:53:58,5.66,0.0,15,8490,卖盘
246,13:54:57,5.66,0.0,15,8490,卖盘
247,13:55:58,5.66,0.0,4,2264,卖盘
248,13:56:57,5.65,-0.01,16,9040,卖盘
249,13:57:10,5.68,0.03,1,568,买盘
250,13:57:58,5.65,-0.03,14,7910,卖盘
251,13:58:57,5.65,0.0,15,8475,卖盘
252,13:59:15,5.65,0.0,40,22600,卖盘
253,13:59:51,5.65,0.0,31,17515,卖盘
254,13:59:57,5.65,0.0,15,8475,卖盘
255,14:00:57,5.65,0.0,15,8475,卖盘
256,14:01:55,5.67,0.02,5,2835,卖盘
257,14:02:00,5.67,0.0,7,3969,买盘
258,14:02:58,5.65,-0.02,16,9040,卖盘
259,14:03:55,5.65,0.0,10,5650,卖盘
260,14:03:57,5.65,0.0,16,9040,卖盘
261,14:04:58,5.65,0.0,16,9040,卖盘
262,14:05:57,5.65,0.0,16,9040,卖盘
263,14:06:37,5.65,0.0,10,5650,卖盘
264,14:06:57,5.65,0.0,5,2825,卖盘
265,14:07:58,5.65,0.0,16,9040,卖盘
266,14:08:01,5.69,0.04,7,3979,买盘
267,14:08:57,5.65,-0.04,16,9040,卖盘
268,14:09:57,5.65,0.0,16,9040,卖盘
269,14:10:24,5.69,0.04,106,60314,买盘
270,14:11:10,5.65,-0.04,30,16950,卖盘
271,14:11:55,5.7,0.05,89,50730,买盘
272,14:12:58,5.65,-0.05,16,9040,卖盘
273,14:13:58,5.65,0.0,16,9040,卖盘
274,14:14:58,5.65,0.0,16,9040,卖盘
275,14:15:58,5.65,0.0,16,9040,卖盘
276,14:16:58,5.65,0.0,16,9040,卖盘
277,14:17:57,5.65,0.0,16,9040,卖盘
278,14:18:42,5.68,0.03,41,23288,买盘
279,14:18:45,5.68,0.0,1,568,卖盘
280,14:18:49,5.68,0.0,1,568,卖盘
281,14:18:52,5.68,0.0,1,568,卖盘
282,14:18:54,5.68,0.0,1,568,卖盘
283,14:18:58,5.68,0.0,1,568,卖盘
284,14:19:01,5.68,0.0,1,568,卖盘
285,14:19:10,5.68,0.0,1,568,卖盘
286,14:19:12,5.68,0.0,1,568,卖盘
287,14:19:15,5.68,0.0,1,568,卖盘
288,14:19:19,5.68,0.0,1,568,卖盘
289,14:19:21,5.68,0.0,1,568,卖盘
290,14:19:25,5.68,0.0,1,568,卖盘
291,14:19:28,5.68,0.0,1,568,卖盘
292,14:19:30,5.68,0.0,1,568,卖盘
293,14:19:33,5.68,0.0,2,1136,卖盘
294,14:19:36,5.68,0.0,1,568,卖盘
295,14:19:40,5.68,0.0,1,568,卖盘
296,14:19:43,5.68,0.0,1,568,卖盘
297,14:19:45,5.68,0.0,1,568,卖盘
298,14:19:49,5.68,0.0,1,568,卖盘
299,14:19:51,5.68,0.0,1,568,卖盘
300,14:19:54,5.68,0.0,1,568,卖盘
301,14:19:58,5.68,0.0,15,8520,卖盘
302,14:20:52,5.68,0.0,1,568,卖盘
303,14:20:54,5.68,0.0,1,568,卖盘
304,14:20:57,5.68,0.0,7,3976,卖盘
305,14:21:57,5.65,-0.03,16,9040,卖盘
306,14:22:12,5.69,0.04,7,3983,买盘
307,14:22:57,5.65,-0.04,16,9040,卖盘
308,14:23:58,5.65,0.0,16,9040,卖盘
309,14:24:57,5.66,0.01,16,9056,中性盘
310,14:25:58,5.66,0.0,16,9056,卖盘
311,14:26:57,5.66,0.0,16,9056,卖盘
312,14:27:58,5.66,0.0,16,9056,卖盘
313,14:28:57,5.66,0.0,16,9056,卖盘
314,14:29:57,5.66,0.0,16,9056,卖盘
315,14:30:57,5.66,0.0,16,9056,卖盘
316,14:31:57,5.66,0.0,16,9056,卖盘
317,14:32:58,5.66,0.0,16,9056,卖盘
318,14:33:54,5.66,0.0,1,566,卖盘
319,14:33:58,5.66,0.0,16,9056,卖盘
320,14:34:58,5.66,0.0,16,9056,卖盘
321,14:35:57,5.67,0.01,16,9072,卖盘
322,14:36:58,5.67,0.0,16,9072,卖盘
323,14:37:25,5.69,0.02,6,3414,买盘
324,14:37:58,5.67,-0.02,16,9072,卖盘
325,14:38:01,5.69,0.02,87,49503,买盘
326,14:38:04,5.69,0.0,2,1138,卖盘
327,14:38:07,5.69,0.0,1,569,卖盘
328,14:38:09,5.69,0.0,1,569,卖盘
329,14:38:12,5.69,0.0,1,569,卖盘
330,14:38:16,5.69,0.0,1,569,卖盘
331,14:38:19,5.69,0.0,1,569,卖盘
332,14:38:22,5.69,0.0,6,3414,卖盘
333,14:38:49,5.69,0.0,46,26174,买盘
334,14:38:52,5.69,0.0,19,10811,卖盘
335,14:38:58,5.69,0.0,16,9104,卖盘
336,14:39:43,5.69,0.0,3,1707,卖盘
337,14:39:57,5.69,0.0,16,9104,卖盘
338,14:40:19,5.7,0.01,100,57000,买盘
339,14:40:46,5.7,0.0,102,58140,买盘
340,14:40:58,5.69,-0.01,15,8535,卖盘
341,14:41:37,5.7,0.01,30,17100,买盘
342,14:41:57,5.69,-0.01,15,8535,卖盘
343,14:42:37,5.7,0.01,100,57000,买盘
344,14:42:43,5.7,0.0,35,19950,买盘
345,14:42:52,5.7,0.0,4,2280,买盘
346,14:42:58,5.69,-0.01,15,8535,卖盘
347,14:43:01,5.7,0.01,144,82080,买盘
348,14:43:28,5.7,0.0,4,2280,买盘
349,14:43:57,5.69,-0.01,115,65535,卖盘
350,14:44:24,5.7,0.01,100,57000,买盘
351,14:44:52,5.7,0.0,500,285000,买盘
352,14:44:57,5.69,-0.01,15,8535,卖盘
353,14:45:36,5.7,0.01,500,285000,买盘
354,14:45:39,5.69,-0.01,1,569,卖盘
355,14:45:46,5.7,0.01,300,171000,买盘
356,14:45:58,5.69,-0.01,15,8535,卖盘
357,14:46:43,5.7,0.01,4,2280,买盘
358,14:46:51,5.7,0.0,39,22230,买盘
359,14:46:57,5.69,-0.01,15,8535,卖盘
360,14:47:01,5.7,0.01,64,36480,买盘
361,14:47:15,5.7,0.0,31,17670,买盘
362,14:47:57,5.69,-0.01,15,8535,卖盘
363,14:48:16,5.69,0.0,5,2845,卖盘
364,14:48:58,5.69,0.0,15,8535,卖盘
365,14:49:13,5.69,0.0,15,8535,卖盘
366,14:49:28,5.69,0.0,20,11380,卖盘
367,14:49:58,5.69,0.0,15,8535,卖盘
368,14:50:57,5.69,0.0,15,8535,卖盘
369,14:51:25,5.7,0.01,30,17100,买盘
370,14:51:42,5.7,0.0,84,47880,买盘
371,14:51:51,5.7,0.0,73,41610,买盘
372,14:51:57,5.7,0.0,19,10815,买盘
373,14:52:57,5.69,-0.01,15,8535,卖盘
374,14:53:31,5.69,0.0,68,38692,卖盘
375,14:53:57,5.69,0.0,15,8535,卖盘
376,14:54:58,5.69,0.0,15,8535,卖盘
377,14:55:15,5.69,0.0,40,22760,卖盘
378,14:55:25,5.69,0.0,4,2276,卖盘
379,14:55:46,5.7,0.01,40,22800,买盘
380,14:55:54,5.69,-0.01,15,8535,卖盘
381,14:56:01,5.7,0.01,62,35340,买盘
382,14:56:22,5.7,0.0,63,35910,买盘
383,14:56:49,5.69,-0.01,4,2276,卖盘
384,14:56:58,5.7,0.01,10,5700,买盘
385,15:00:04,5.7,0.0,454,258780,卖盘
