,time,price,change,volume,amount,type
0,09:25:04,5.81,0.0,37,21497,买盘
1,09:30:04,5.81,0.0,97,56345,买盘
2,09:30:24,5.85,0.04,1,585,买盘
3,09:30:43,5.83,-0.02,39,22737,卖盘
4,09:30:51,5.85,0.02,3,1755,买盘
5,09:31:04,5.85,0.0,5,2925,买盘
6,09:32:04,5.82,-0.03,24,13972,卖盘
7,09:32:46,5.83,0.01,8,4664,买盘
8,09:33:34,5.83,0.0,28,16324,买盘
9,09:34:06,5.83,0.0,35,20405,买盘
10,09:34:57,5.81,-0.02,12,6972,卖盘
11,09:35:22,5.83,0.02,10,5830,买盘
12,09:36:40,5.82,-0.01,4,2328,卖盘
13,09:37:27,5.83,0.01,30,17490,买盘
14,09:37:43,5.83,0.0,84,48972,卖盘
15,09:38:13,5.83,0.0,14,8162,买盘
16,09:38:16,5.82,-0.01,1,582,卖盘
17,09:38:19,5.83,0.01,2,1166,买盘
18,09:38:57,5.84,0.01,5,2920,买盘
19,09:39:30,5.85,0.01,51,29835,买盘
20,09:39:51,5.85,0.0,17,9945,买盘
21,09:40:24,5.83,-0.02,5,2915,卖盘
22,09:40:45,5.84,0.01,17,9928,买盘
23,09:40:48,5.85,0.01,11,6435,买盘
24,09:41:12,5.85,0.0,2,1170,买盘
25,09:41:16,5.84,-0.01,14,8181,卖盘
26,09:41:19,5.84,0.0,12,7008,卖盘
27,09:41:25,5.84,0.0,2,1168,卖盘
28,09:41:39,5.84,0.0,26,15184,卖盘
29,09:41:43,5.85,0.01,1,585,买盘
30,09:41:46,5.85,0.0,2,1170,买盘
31,09:42:57,5.85,0.0,5,2925,卖盘
32,09:43:16,5.85,0.0,32,18720,买盘
33,09:43:52,5.84,-0.01,50,29200,卖盘
34,09:46:03,5.85,0.01,1,585,买盘
35,09:46:24,5.85,0.0,30,17550,买盘
36,09:47:58,5.87,0.02,1,587,买盘
37,09:48:16,5.88,0.01,34,19992,买盘
38,09:48:21,5.88,0.0,37,21756,买盘
39,09:48:37,5.89,0.01,4,2356,买盘
40,09:48:55,5.88,-0.01,1,588,买盘
41,09:49:04,5.89,0.01,113,66538,买盘
42,09:49:31,5.88,-0.01,1,588,卖盘
43,09:49:39,5.87,-0.01,31,18198,卖盘
44,09:49:57,5.87,0.0,10,5870,卖盘
45,09:50:30,5.86,-0.01,1,586,卖盘
46,09:50:37,5.86,0.0,30,17580,卖盘
47,09:50:40,5.86,0.0,12,7032,卖盘
48,09:51:09,5.86,0.0,167,97862,卖盘
49,09:51:19,5.86,0.0,20,11720,卖盘
50,09:51:21,5.87,0.01,10,5870,买盘
51,09:51:25,5.87,0.0,5,2935,卖盘
52,09:52:51,5.87,0.0,6,3522,买盘
53,09:53:15,5.87,0.0,1,587,卖盘
54,09:53:51,5.87,0.0,68,39916,卖盘
55,09:54:04,5.87,0.0,5,2935,买盘
56,09:54:12,5.87,0.0,5,2935,买盘
57,09:54:16,5.86,-0.01,1,586,卖盘
58,09:54:49,5.86,0.0,150,87900,卖盘
59,09:57:30,5.88,0.02,46,27028,买盘
60,09:58:06,5.86,-0.02,4,2344,卖盘
61,09:58:16,5.86,0.0,10,5860,卖盘
62,09:58:37,5.88,0.02,18,10584,买盘
63,09:59:43,5.86,-0.02,100,58600,卖盘
64,10:01:48,5.86,0.0,38,22268,卖盘
65,10:03:31,5.87,0.01,31,18151,买盘
66,10:05:58,5.85,-0.02,49,28665,卖盘
67,10:06:13,5.84,-0.01,26,15184,卖盘
68,10:07:13,5.85,0.01,10,5850,买盘
69,10:07:24,5.85,0.0,10,5850,买盘
70,10:07:57,5.85,0.0,51,29835,买盘
71,10:09:25,5.85,0.0,64,37440,卖盘
72,10:10:25,5.86,0.01,19,11134,买盘
73,10:13:28,5.86,0.0,10,5860,买盘
74,10:15:48,5.86,0.0,8,4683,买盘
75,10:15:51,5.86,0.0,20,11720,买盘
76,10:17:13,5.84,-0.02,5,2920,卖盘
77,10:19:04,5.86,0.02,2,1172,买盘
78,10:21:06,5.86,0.0,9,5274,买盘
79,10:23:13,5.86,0.0,5,2930,卖盘
80,10:30:39,5.85,-0.01,22,12870,卖盘
81,10:30:58,5.85,0.0,1,585,卖盘
82,10:31:57,5.87,0.02,14,8218,买盘
83,10:32:04,5.86,-0.01,5,2930,卖盘
84,10:33:18,5.87,0.01,4,2348,买盘
85,10:33:48,5.87,0.0,17,9979,买盘
86,10:34:10,5.85,-0.02,36,21060,卖盘
87,10:34:13,5.85,0.0,12,7020,卖盘
88,10:35:55,5.85,0.0,2,1170,卖盘
89,10:36:45,5.85,0.0,2,1170,卖盘
90,10:36:58,5.85,0.0,6,3510,买盘
91,10:39:13,5.86,0.01,11,6446,卖盘
92,10:39:24,5.85,-0.01,1,585,卖盘
93,10:40:15,5.85,0.0,42,24570,卖盘
94,10:40:55,5.84,-0.01,5,2920,卖盘
95,10:41:22,5.84,0.0,36,21024,卖盘
96,10:41:25,5.83,-0.01,12,6998,卖盘
97,10:44:21,5.83,0.0,17,9911,卖盘
98,10:51:46,5.83,0.0,3,1749,买盘
99,10:55:30,5.85,0.02,7,4095,买盘
100,11:01:12,5.85,0.0,1,585,买盘
101,11:02:16,5.84,-0.01,1,584,卖盘
102,11:08:21,5.84,0.0,60,35040,卖盘
103,11:08:36,5.84,0.0,24,14016,卖盘
104,11:09:06,5.83,-0.01,51,29733,卖盘
105,11:09:15,5.84,0.01,6,3504,买盘
106,11:11:00,5.83,-0.01,14,8162,卖盘
107,11:11:45,5.82,-0.01,3,1746,卖盘
108,11:17:30,5.81,-0.01,41,23857,卖盘
109,11:17:36,5.83,0.02,6,3498,买盘
110,11:24:45,5.82,-0.01,7,4074,买盘
111,11:25:21,5.81,-0.01,43,24983,卖盘
112,11:26:09,5.8,-0.01,13,7540,卖盘
113,11:27:21,5.8,0.0,1,580,买盘
114,11:27:24,5.8,0.0,3,1740,买盘
115,11:27:27,5.8,0.0,69,40020,买盘
116,11:27:30,5.81,0.01,15,8703,买盘
117,11:27:42,5.81,0.0,1,581,买盘
118,11:27:45,5.81,0.0,1,581,买盘
119,11:27:48,5.81,0.0,1,581,买盘
120,11:27:51,5.81,0.0,1,581,买盘
121,11:28:36,5.81,0.0,46,26726,买盘
122,11:29:15,5.8,-0.01,3,1740,买盘
123,11:29:36,5.79,-0.01,1,579,卖盘
124,13:00:04,5.81,0.02,132,76622,买盘
125,13:08:30,5.83,0.02,10,5830,买盘
126,13:09:57,5.84,0.01,6,3501,买盘
127,13:11:15,5.82,-0.02,10,5820,卖盘
128,13:12:42,5.84,0.02,30,17516,买盘
129,13:12:45,5.82,-0.02,11,6402,卖盘
130,13:16:18,5.84,0.02,8,4672,买盘
131,13:22:04,5.84,0.0,6,3504,买盘
132,13:26:21,5.82,-0.02,3,1746,卖盘
133,13:29:39,5.84,0.02,32,18688,买盘
134,13:30:07,5.84,0.0,12,7008,卖盘
135,13:36:51,5.83,-0.01,5,2915,卖盘
136,13:37:37,5.83,0.0,10,5830,卖盘
137,13:40:10,5.83,0.0,10,5830,卖盘
138,13:41:12,5.84,0.01,10,5840,买盘
139,13:44:42,5.83,-0.01,10,5830,卖盘
140,13:50:51,5.83,0.0,10,5830,卖盘
141,13:55:03,5.84,0.01,8,4672,买盘
142,13:57:55,5.83,-0.01,11,6413,卖盘
143,13:59:12,5.82,-0.01,3,1746,卖盘
144,13:59:22,5.82,0.0,39,22698,卖盘
145,13:59:25,5.82,0.0,92,53544,卖盘
146,14:01:00,5.82,0.0,6,3492,卖盘
147,14:01:43,5.81,-0.01,100,58100,卖盘
148,14:02:01,5.81,0.0,11,6391,卖盘
149,14:06:00,5.81,0.0,1,581,买盘
150,14:06:03,5.81,0.0,1,581,买盘
151,14:06:06,5.81,0.0,29,16849,买盘
152,14:06:09,5.81,0.0,1,581,买盘
153,14:06:13,5.81,0.0,1,581,买盘
154,14:06:16,5.81,0.0,1,581,买盘
155,14:06:19,5.81,0.0,1,581,买盘
156,14:06:22,5.81,0.0,1,581,买盘
157,14:07:16,5.8,-0.01,17,9860,卖盘
158,14:07:19,5.82,0.02,23,13344,买盘
159,14:10:12,5.8,-0.02,30,17400,卖盘
160,14:15:48,5.8,0.0,3,1740,卖盘
161,14:16:27,5.8,0.0,10,5800,卖盘
162,14:18:10,5.81,0.01,20,11620,买盘
163,14:18:46,5.8,-0.01,1,580,卖盘
164,14:19:22,5.81,0.01,6,3486,卖盘
165,14:23:10,5.81,0.0,1,581,卖盘
166,14:23:34,5.81,0.0,1,581,卖盘
167,14:24:10,5.82,0.01,10,5820,买盘
168,14:25:39,5.81,-0.01,2,1162,卖盘
169,14:25:42,5.81,0.0,1,581,买盘
170,14:25:45,5.81,0.0,1,581,买盘
171,14:25:49,5.81,0.0,1,581,买盘
172,14:25:52,5.81,0.0,1,581,买盘
173,14:25:55,5.81,0.0,1,581,买盘
174,14:25:58,5.81,0.0,3,1743,买盘
175,14:26:31,5.81,0.0,20,11620,卖盘
176,14:27:01,5.82,0.01,142,82644,买盘
177,14:31:16,5.82,0.0,20,11640,买盘
178,14:31:55,5.82,0.0,25,14550,卖盘
179,14:32:04,5.82,0.0,3,1746,卖盘
180,14:33:34,5.81,-0.01,37,21497,卖盘
181,14:35:30,5.81,0.0,14,8134,卖盘
182,14:36:58,5.81,0.0,20,11620,卖盘
183,14:38:49,5.81,0.0,2,1162,卖盘
184,14:39:07,5.81,0.0,36,20916,卖盘
185,14:39:52,5.8,-0.01,1,580,卖盘
186,14:40:31,5.8,0.0,99,57420,卖盘
187,14:43:25,5.82,0.02,1,582,买盘
188,14:47:10,5.81,-0.01,30,17430,买盘
189,14:47:31,5.8,-0.01,1,580,卖盘
190,14:49:13,5.82,0.02,7,4074,买盘
191,14:51:01,5.81,-0.01,14,8134,买盘
192,14:51:22,5.81,0.0,6,3486,卖盘
193,14:52:01,5.81,0.0,28,16268,卖盘
194,14:52:04,5.81,0.0,132,76692,卖盘
195,14:52:25,5.81,0.0,20,11620,买盘
196,14:52:42,5.8,-0.01,88,51045,卖盘
197,14:53:49,5.8,0.0,16,9280,买盘
198,14:53:57,5.8,0.0,97,56260,卖盘
199,14:54:03,5.8,0.0,7,4060,卖盘
200,14:54:06,5.8,0.0,7,4060,买盘
201,14:54:40,5.81,0.01,4,2324,买盘
202,14:54:57,5.8,-0.01,30,17400,卖盘
203,14:55:10,5.8,0.0,24,13920,卖盘
204,14:55:25,5.8,0.0,36,20870,买盘
205,14:55:40,5.8,0.0,10,5800,卖盘
206,14:56:01,5.81,0.01,59,34279,买盘
207,14:56:04,5.8,-0.01,5,2900,卖盘
208,14:56:10,5.8,0.0,2,1160,卖盘
209,14:56:18,5.8,0.0,3,1740,卖盘
210,14:56:52,5.82,0.02,3,1746,买盘
211,15:00:04,5.88,0.06,700,411600,卖盘
