,time,price,change,volume,amount,type
0,09:25:04,6.75,-0.15,157,105975,卖盘
1,09:30:04,6.74,-0.01,85,57094,卖盘
2,09:30:07,6.71,-0.03,50,33550,卖盘
3,09:30:10,6.74,0.03,38,25562,买盘
4,09:30:16,6.71,-0.03,1,671,买盘
5,09:30:19,6.71,0.0,12,8052,买盘
6,09:30:21,6.71,0.0,27,18119,卖盘
7,09:30:25,6.74,0.03,5,3370,买盘
8,09:30:33,6.73,-0.01,2,1346,买盘
9,09:30:46,6.71,-0.02,4,2684,卖盘
10,09:30:58,6.71,0.0,34,22813,买盘
11,09:31:01,6.71,0.0,2,1342,卖盘
12,09:31:04,6.72,0.01,1,672,买盘
13,09:31:10,6.73,0.01,47,31631,买盘
14,09:31:22,6.73,0.0,16,10768,卖盘
15,09:31:31,6.73,0.0,15,10095,卖盘
16,09:31:43,6.74,0.01,200,134800,买盘
17,09:31:46,6.74,0.0,4,2696,买盘
18,09:31:49,6.73,-0.01,6,4038,卖盘
19,09:31:52,6.74,0.01,2,1348,买盘
20,09:32:01,6.75,0.01,12,8100,买盘
21,09:32:04,6.75,0.0,2,1350,买盘
22,09:32:10,6.75,0.0,1,675,卖盘
23,09:32:31,6.77,0.02,8,5416,买盘
24,09:32:34,6.77,0.0,9,6093,买盘
25,09:32:46,6.77,0.0,11,7447,买盘
26,09:32:48,6.77,0.0,41,27757,买盘
27,09:32:51,6.78,0.01,5,3390,买盘
28,09:33:28,6.78,0.0,46,31188,买盘
29,09:33:31,6.78,0.0,3,2034,卖盘
30,09:33:34,6.78,0.0,1,678,卖盘
31,09:33:43,6.78,0.0,50,33900,卖盘
32,09:33:46,6.8,0.02,1,680,买盘
33,09:34:01,6.77,-0.03,9,6093,卖盘
34,09:34:04,6.77,0.0,5,3385,买盘
35,09:34:07,6.77,0.0,10,6770,买盘
36,09:34:13,6.77,0.0,55,37235,买盘
37,09:34:16,6.77,0.0,2,1354,买盘
38,09:34:19,6.77,0.0,18,12186,买盘
39,09:34:25,6.77,0.0,16,10832,卖盘
40,09:34:58,6.76,-0.01,13,8788,卖盘
41,09:35:01,6.76,0.0,12,8112,卖盘
42,09:35:13,6.75,-0.01,39,26362,卖盘
43,09:35:19,6.77,0.02,1,677,买盘
44,09:35:28,6.75,-0.02,7,4725,卖盘
45,09:35:31,6.75,0.0,48,32400,卖盘
46,09:35:34,6.75,0.0,11,7435,卖盘
47,09:35:45,6.75,0.0,7,4725,卖盘
48,09:36:04,6.75,0.0,5,3375,卖盘
49,09:36:09,6.76,0.01,5,3380,买盘
50,09:36:16,6.75,-0.01,13,8775,卖盘
51,09:36:25,6.76,0.01,67,45285,买盘
52,09:36:28,6.76,0.0,32,21632,买盘
53,09:36:31,6.75,-0.01,25,16875,卖盘
54,09:36:34,6.76,0.01,2,1352,买盘
55,09:36:37,6.75,-0.01,41,27675,卖盘
56,09:36:57,6.74,-0.01,6,4044,卖盘
57,09:37:07,6.74,0.0,8,5392,卖盘
58,09:37:19,6.74,0.0,5,3370,卖盘
59,09:37:24,6.74,0.0,20,13480,卖盘
60,09:37:28,6.74,0.0,9,6066,卖盘
61,09:37:40,6.74,0.0,28,18882,卖盘
62,09:37:48,6.74,0.0,98,66052,卖盘
63,09:37:52,6.74,0.0,1,674,卖盘
64,09:37:54,6.74,0.0,1,674,卖盘
65,09:37:58,6.74,0.0,67,45158,卖盘
66,09:38:07,6.74,0.0,20,13480,买盘
67,09:38:10,6.73,-0.01,28,18844,卖盘
68,09:38:16,6.73,0.0,33,22209,卖盘
69,09:38:25,6.73,0.0,63,42399,卖盘
70,09:38:46,6.74,0.01,6,4044,买盘
71,09:38:49,6.74,0.0,4,2696,卖盘
72,09:39:10,6.74,0.0,8,5392,买盘
73,09:39:16,6.74,0.0,1,674,卖盘
74,09:39:28,6.74,0.0,29,19546,卖盘
75,09:39:31,6.74,0.0,58,39092,卖盘
76,09:39:34,6.74,0.0,8,5392,卖盘
77,09:39:37,6.74,0.0,44,29656,卖盘
78,09:39:45,6.74,0.0,16,10784,卖盘
79,09:39:49,6.73,-0.01,46,30958,卖盘
80,09:40:01,6.73,0.0,59,39707,卖盘
81,09:40:06,6.74,0.01,11,7414,买盘
82,09:40:13,6.74,0.0,2,1348,卖盘
83,09:40:19,6.75,0.01,10,6750,买盘
84,09:40:22,6.75,0.0,5,3375,买盘
85,09:40:28,6.74,-0.01,13,8762,卖盘
86,09:40:43,6.74,0.0,1,674,卖盘
87,09:40:45,6.74,0.0,1,674,卖盘
88,09:41:01,6.75,0.01,157,105972,买盘
89,09:41:04,6.76,0.01,1,676,买盘
90,09:41:13,6.76,0.0,15,10140,卖盘
91,09:41:49,6.75,-0.01,10,6750,卖盘
92,09:41:52,6.75,0.0,24,16200,卖盘
93,09:41:55,6.75,0.0,1,675,卖盘
94,09:42:03,6.75,0.0,7,4725,卖盘
95,09:42:24,6.75,0.0,36,24300,卖盘
96,09:42:28,6.75,0.0,20,13500,买盘
97,09:42:31,6.75,0.0,10,6750,买盘
98,09:42:34,6.74,-0.01,43,28982,卖盘
99,09:42:37,6.75,0.01,5,3375,买盘
100,09:42:40,6.74,-0.01,8,5396,卖盘
101,09:42:58,6.74,0.0,20,13480,卖盘
102,09:43:07,6.74,0.0,67,45158,卖盘
103,09:43:10,6.74,0.0,6,4044,卖盘
104,09:43:19,6.74,0.0,2,1348,卖盘
105,09:43:28,6.74,0.0,20,13480,卖盘
106,09:43:46,6.75,0.01,9,6075,买盘
107,09:44:25,6.75,0.0,23,15525,买盘
108,09:44:30,6.74,-0.01,2,1348,卖盘
109,09:44:34,6.75,0.01,23,15525,买盘
110,09:44:49,6.75,0.0,5,3375,买盘
111,09:44:55,6.74,-0.01,63,42462,卖盘
112,09:44:58,6.73,-0.01,7,4711,卖盘
113,09:45:16,6.73,0.0,5,3365,卖盘
114,09:45:19,6.73,0.0,13,8749,卖盘
115,09:45:27,6.74,0.01,42,28308,买盘
116,09:45:37,6.74,0.0,5,3370,买盘
117,09:45:39,6.74,0.0,4,2696,买盘
118,09:45:43,6.74,0.0,3,2022,买盘
119,09:45:46,6.74,0.0,7,4718,买盘
120,09:45:49,6.74,0.0,8,5392,买盘
121,09:45:52,6.74,0.0,11,7414,买盘
122,09:45:54,6.74,0.0,50,33700,买盘
123,09:46:31,6.74,0.0,1,674,卖盘
124,09:46:52,6.74,0.0,26,17524,卖盘
125,09:47:01,6.75,0.01,5,3374,买盘
126,09:47:07,6.74,-0.01,50,33700,卖盘
127,09:47:13,6.74,0.0,9,6066,卖盘
128,09:47:31,6.74,0.0,1,674,卖盘
129,09:47:43,6.74,0.0,10,6740,卖盘
130,09:47:46,6.75,0.01,6,4047,买盘
131,09:47:49,6.74,-0.01,5,3370,卖盘
132,09:47:55,6.74,0.0,2,1348,卖盘
133,09:47:57,6.74,0.0,1,674,卖盘
134,09:48:04,6.75,0.01,10,6750,买盘
135,09:48:25,6.75,0.0,5,3375,买盘
136,09:48:28,6.74,-0.01,18,12139,卖盘
137,09:48:37,6.74,0.0,3,2022,卖盘
138,09:48:43,6.75,0.01,24,16195,买盘
139,09:48:49,6.75,0.0,50,33750,买盘
140,09:48:58,6.74,-0.01,1,674,卖盘
141,09:49:06,6.74,0.0,3,2022,卖盘
142,09:49:09,6.74,0.0,5,3370,卖盘
143,09:49:13,6.75,0.01,57,38475,买盘
144,09:49:19,6.75,0.0,2,1350,买盘
145,09:49:21,6.75,0.0,10,6750,买盘
146,09:49:25,6.75,0.0,24,16200,买盘
147,09:49:37,6.76,0.01,13,8788,买盘
148,09:49:43,6.74,-0.02,5,3370,卖盘
149,09:49:49,6.76,0.02,118,79768,买盘
150,09:50:04,6.76,0.0,2,1352,买盘
151,09:50:25,6.76,0.0,1,676,卖盘
152,09:50:48,6.76,0.0,2,1352,卖盘
153,09:50:55,6.76,0.0,1,676,卖盘
154,09:50:58,6.78,0.02,150,101656,买盘
155,09:51:09,6.78,0.0,26,17628,买盘
156,09:51:37,6.78,0.0,65,44070,卖盘
157,09:51:55,6.75,-0.03,1,675,卖盘
158,09:52:04,6.79,0.04,17,11541,买盘
159,09:52:07,6.8,0.01,8,5440,买盘
160,09:52:10,6.79,-0.01,13,8827,卖盘
161,09:52:13,6.79,0.0,15,10185,买盘
162,09:52:22,6.79,0.0,9,6111,买盘
163,09:52:25,6.79,0.0,5,3395,卖盘
164,09:52:31,6.79,0.0,5,3395,卖盘
165,09:52:37,6.79,0.0,21,14259,卖盘
166,09:52:46,6.8,0.01,100,67967,买盘
167,09:52:52,6.78,-0.02,46,31188,卖盘
168,09:52:55,6.78,0.0,9,6102,卖盘
169,09:52:58,6.78,0.0,17,11526,卖盘
170,09:53:01,6.78,0.0,4,2712,卖盘
171,09:53:22,6.77,-0.01,2,1354,卖盘
172,09:53:24,6.77,0.0,28,18956,卖盘
173,09:53:28,6.77,0.0,1,677,卖盘
174,09:53:30,6.77,0.0,6,4062,卖盘
175,09:53:33,6.76,-0.01,10,6760,卖盘
176,09:53:39,6.76,0.0,3,2028,中性盘
177,09:53:46,6.75,-0.01,20,13510,卖盘
178,09:53:52,6.75,0.0,1,675,卖盘
179,09:54:01,6.75,0.0,3,2025,卖盘
180,09:54:04,6.77,0.02,16,10821,买盘
181,09:54:22,6.75,-0.02,2,1350,卖盘
182,09:54:25,6.76,0.01,30,20280,买盘
183,09:54:39,6.75,-0.01,30,20250,卖盘
184,09:54:52,6.75,0.0,1,675,卖盘
185,09:54:54,6.75,0.0,5,3375,卖盘
186,09:55:04,6.76,0.01,77,52052,买盘
187,09:55:10,6.76,0.0,23,15548,卖盘
188,09:55:40,6.76,0.0,15,10140,买盘
189,09:56:10,6.76,0.0,1,676,卖盘
190,09:56:19,6.76,0.0,25,16900,卖盘
191,09:56:22,6.76,0.0,1,676,买盘
192,09:56:28,6.76,0.0,2,1352,买盘
193,09:56:49,6.75,-0.01,2,1350,卖盘
194,09:56:51,6.76,0.01,21,14196,买盘
195,09:56:54,6.76,0.0,3,2028,卖盘
196,09:56:58,6.76,0.0,27,18252,卖盘
197,09:57:19,6.75,-0.01,1,675,卖盘
198,09:57:25,6.76,0.01,27,18230,买盘
199,09:57:39,6.76,0.0,2,1352,买盘
200,09:57:49,6.75,-0.01,23,15525,卖盘
201,09:58:09,6.75,0.0,23,15525,卖盘
202,09:58:16,6.75,0.0,4,2700,卖盘
203,09:58:27,6.75,0.0,24,16200,卖盘
204,09:58:40,6.75,0.0,121,81675,卖盘
205,09:58:46,6.74,-0.01,1,674,卖盘
206,09:58:48,6.74,0.0,14,9436,卖盘
207,09:58:52,6.75,0.01,10,6750,买盘
208,09:59:01,6.75,0.0,2,1350,买盘
209,09:59:16,6.74,-0.01,1,674,卖盘
210,09:59:22,6.74,0.0,2,1348,卖盘
211,09:59:25,6.75,0.01,246,166050,买盘
212,09:59:34,6.75,0.0,10,6750,卖盘
213,09:59:55,6.76,0.01,43,29068,买盘
214,09:59:58,6.77,0.01,31,20981,买盘
215,10:00:22,6.75,-0.02,15,10125,卖盘
216,10:00:40,6.75,0.0,56,37800,卖盘
217,10:00:52,6.75,0.0,5,3375,卖盘
218,10:00:55,6.76,0.01,49,33124,买盘
219,10:01:19,6.76,0.0,1,676,买盘
220,10:01:25,6.75,-0.01,26,17550,卖盘
221,10:01:31,6.75,0.0,28,18900,卖盘
222,10:02:13,6.75,0.0,42,28389,卖盘
223,10:02:16,6.76,0.01,6,4056,买盘
224,10:02:39,6.75,-0.01,76,51300,卖盘
225,10:02:43,6.75,0.0,4,2700,卖盘
226,10:02:46,6.75,0.0,32,21600,卖盘
227,10:02:54,6.74,-0.01,120,80880,卖盘
228,10:02:57,6.74,0.0,6,4044,卖盘
229,10:03:04,6.75,0.01,91,61425,买盘
230,10:03:10,6.76,0.01,1,676,买盘
231,10:03:12,6.75,-0.01,2,1350,卖盘
232,10:03:28,6.75,0.0,3,2025,卖盘
233,10:03:45,6.75,0.0,1,675,卖盘
234,10:04:01,6.75,0.0,3,2025,卖盘
235,10:04:13,6.75,0.0,111,74925,卖盘
236,10:04:16,6.75,0.0,5,3375,卖盘
237,10:04:28,6.75,0.0,18,12150,卖盘
238,10:04:43,6.75,0.0,1,675,买盘
239,10:04:48,6.75,0.0,8,5400,买盘
240,10:04:51,6.76,0.01,8,5408,买盘
241,10:04:55,6.75,-0.01,1,675,卖盘
242,10:04:58,6.75,0.0,2,1350,卖盘
243,10:05:04,6.75,0.0,2,1350,卖盘
244,10:05:19,6.75,0.0,1,675,卖盘
245,10:05:28,6.75,0.0,1,675,卖盘
246,10:05:42,6.76,0.01,1,676,买盘
247,10:05:45,6.75,-0.01,87,58725,卖盘
248,10:06:28,6.74,-0.01,2,1348,卖盘
249,10:07:10,6.75,0.01,20,13500,买盘
250,10:07:40,6.75,0.0,20,13500,买盘
251,10:07:52,6.74,-0.01,20,13480,卖盘
252,10:07:55,6.75,0.01,18,12148,买盘
253,10:08:04,6.74,-0.01,102,68848,卖盘
254,10:08:45,6.74,0.0,8,5392,卖盘
255,10:08:49,6.74,0.0,68,45832,卖盘
256,10:09:00,6.74,0.0,5,3370,卖盘
257,10:09:09,6.74,0.0,47,31678,卖盘
258,10:09:13,6.74,0.0,59,39766,卖盘
259,10:09:16,6.74,0.0,1,674,卖盘
260,10:09:18,6.74,0.0,47,31678,卖盘
261,10:09:43,6.75,0.01,17,11473,买盘
262,10:10:10,6.74,-0.01,20,13480,卖盘
263,10:10:12,6.74,0.0,20,13480,卖盘
264,10:10:27,6.74,0.0,7,4718,卖盘
265,10:10:31,6.74,0.0,2,1348,卖盘
266,10:10:43,6.74,0.0,48,32352,卖盘
267,10:10:46,6.74,0.0,3,2022,卖盘
268,10:10:49,6.74,0.0,4,2696,卖盘
269,10:10:55,6.74,0.0,36,24264,卖盘
270,10:10:58,6.74,0.0,28,18872,卖盘
271,10:11:01,6.74,0.0,22,14828,卖盘
272,10:11:04,6.74,0.0,8,5392,卖盘
273,10:11:09,6.74,0.0,1,674,卖盘
274,10:11:19,6.73,-0.01,63,42460,卖盘
275,10:11:22,6.74,0.01,15,10110,买盘
276,10:11:39,6.73,-0.01,29,19517,卖盘
277,10:11:43,6.73,0.0,149,100277,卖盘
278,10:11:51,6.73,0.0,204,137292,卖盘
279,10:12:49,6.73,0.0,50,33650,买盘
280,10:12:57,6.72,-0.01,2,1344,卖盘
281,10:13:13,6.72,0.0,7,4704,卖盘
282,10:13:31,6.72,0.0,25,16800,卖盘
283,10:13:39,6.72,0.0,2,1344,卖盘
284,10:13:45,6.72,0.0,26,17472,卖盘
285,10:14:13,6.72,0.0,1,672,卖盘
286,10:14:24,6.72,0.0,12,8064,卖盘
287,10:14:28,6.73,0.01,10,6730,买盘
288,10:14:34,6.72,-0.01,7,4709,卖盘
289,10:14:37,6.72,0.0,2,1344,卖盘
290,10:14:40,6.72,0.0,14,9408,卖盘
291,10:14:51,6.72,0.0,5,3360,卖盘
292,10:14:55,6.73,0.01,50,33616,买盘
293,10:14:58,6.72,-0.01,38,25536,卖盘
294,10:15:01,6.73,0.01,1,673,买盘
295,10:15:07,6.72,-0.01,4,2688,卖盘
296,10:15:10,6.72,0.0,74,49728,卖盘
297,10:15:13,6.72,0.0,73,49056,卖盘
298,10:15:16,6.72,0.0,89,59808,卖盘
299,10:15:19,6.72,0.0,46,30912,卖盘
300,10:15:28,6.71,-0.01,67,44977,卖盘
301,10:15:30,6.72,0.01,3,2016,买盘
302,10:16:07,6.72,0.0,1,672,买盘
303,10:16:12,6.71,-0.01,2,1342,卖盘
304,10:16:16,6.72,0.01,20,13440,买盘
305,10:16:22,6.71,-0.01,12,8062,卖盘
306,10:16:37,6.71,0.0,200,134200,卖盘
307,10:16:46,6.71,0.0,1,671,卖盘
308,10:16:52,6.71,0.0,2,1342,卖盘
309,10:17:07,6.71,0.0,17,11407,卖盘
310,10:17:16,6.71,0.0,209,140239,卖盘
311,10:17:19,6.7,-0.01,45,30150,卖盘
312,10:17:22,6.7,0.0,2,1340,卖盘
313,10:17:34,6.71,0.01,51,34221,买盘
314,10:17:40,6.71,0.0,4,2684,卖盘
315,10:17:42,6.71,0.0,30,20130,卖盘
316,10:18:19,6.71,0.0,3,2013,卖盘
317,10:18:25,6.71,0.0,100,67100,卖盘
318,10:18:49,6.71,0.0,2,1342,卖盘
319,10:19:13,6.71,0.0,21,14091,卖盘
320,10:19:19,6.71,0.0,2,1342,卖盘
321,10:19:25,6.71,0.0,5,3355,卖盘
322,10:19:28,6.71,0.0,2,1342,卖盘
323,10:19:49,6.71,0.0,2,1342,卖盘
324,10:20:10,6.71,0.0,5,3355,卖盘
325,10:20:13,6.72,0.01,16,10752,买盘
326,10:20:16,6.71,-0.01,2,1342,卖盘
327,10:20:33,6.72,0.01,11,7392,买盘
328,10:20:42,6.72,0.0,15,10080,买盘
329,10:20:45,6.71,-0.01,3,2013,卖盘
330,10:21:03,6.72,0.01,21,14112,买盘
331,10:21:06,6.72,0.0,63,42336,买盘
332,10:21:16,6.72,0.0,1,672,卖盘
333,10:21:46,6.72,0.0,2,1344,卖盘
334,10:22:04,6.73,0.01,43,28939,买盘
335,10:22:13,6.73,0.0,2,1346,卖盘
336,10:22:16,6.73,0.0,2,1346,卖盘
337,10:22:37,6.74,0.01,10,6740,买盘
338,10:22:40,6.74,0.0,16,10784,买盘
339,10:23:13,6.73,-0.01,3,2019,卖盘
340,10:23:16,6.74,0.01,20,13480,买盘
341,10:23:19,6.73,-0.01,14,9422,卖盘
342,10:23:40,6.74,0.01,4,2696,买盘
343,10:23:43,6.74,0.0,5,3368,买盘
344,10:24:13,6.73,-0.01,2,1346,卖盘
345,10:24:25,6.73,0.0,3,2019,卖盘
346,10:24:30,6.73,0.0,59,39707,卖盘
347,10:24:37,6.73,0.0,15,10095,买盘
348,10:24:43,6.73,0.0,90,60570,买盘
349,10:24:49,6.73,0.0,31,20863,卖盘
350,10:25:04,6.73,0.0,2,1346,卖盘
351,10:25:22,6.73,0.0,4,2692,卖盘
352,10:25:25,6.73,0.0,16,10768,卖盘
353,10:25:31,6.73,0.0,16,10768,买盘
354,10:25:39,6.73,0.0,3,2019,卖盘
355,10:25:54,6.73,0.0,1,673,卖盘
356,10:26:10,6.73,0.0,2,1346,卖盘
357,10:26:25,6.74,0.01,3,2022,买盘
358,10:26:40,6.73,-0.01,2,1346,卖盘
359,10:26:49,6.73,0.0,10,6730,卖盘
360,10:27:09,6.73,0.0,2,1346,卖盘
361,10:27:25,6.74,0.01,10,6740,买盘
362,10:27:40,6.73,-0.01,2,1346,卖盘
363,10:27:49,6.74,0.01,18,12132,买盘
364,10:28:06,6.73,-0.01,8,5389,卖盘
365,10:28:25,6.73,0.0,12,8076,卖盘
366,10:28:37,6.73,0.0,47,31631,卖盘
367,10:28:58,6.74,0.01,16,10784,买盘
368,10:29:00,6.73,-0.01,17,11441,卖盘
369,10:29:04,6.74,0.01,10,6740,买盘
370,10:29:06,6.73,-0.01,31,20863,卖盘
371,10:29:24,6.74,0.01,4,2696,买盘
372,10:29:33,6.74,0.0,3,2022,卖盘
373,10:29:43,6.74,0.0,8,5392,卖盘
374,10:30:04,6.74,0.0,19,12806,卖盘
375,10:30:13,6.75,0.01,83,56025,买盘
376,10:30:19,6.74,-0.01,20,13480,卖盘
377,10:30:25,6.74,0.0,5,3370,卖盘
378,10:31:01,6.73,-0.01,11,7403,卖盘
379,10:31:07,6.74,0.01,19,12806,买盘
380,10:31:10,6.74,0.0,2,1348,卖盘
381,10:31:31,6.74,0.0,1,674,卖盘
382,10:31:58,6.73,-0.01,137,92295,卖盘
383,10:32:21,6.74,0.01,27,18198,买盘
384,10:32:24,6.74,0.0,1,674,卖盘
385,10:33:01,6.74,0.0,2,1348,卖盘
386,10:33:04,6.74,0.0,6,4044,卖盘
387,10:33:27,6.74,0.0,2,1348,卖盘
388,10:33:37,6.74,0.0,2,1348,卖盘
389,10:34:16,6.75,0.01,300,202500,买盘
390,10:34:19,6.75,0.0,62,41850,买盘
391,10:34:22,6.76,0.01,23,15548,买盘
392,10:34:25,6.76,0.0,47,31772,买盘
393,10:34:40,6.76,0.0,28,18948,卖盘
394,10:34:55,6.76,0.0,3,2028,卖盘
395,10:34:58,6.77,0.01,10,6770,买盘
396,10:35:28,6.77,0.0,10,6770,买盘
397,10:35:31,6.78,0.01,17,11526,卖盘
398,10:35:52,6.75,-0.03,12,8100,卖盘
399,10:35:55,6.76,0.01,3,2028,买盘
400,10:35:58,6.75,-0.01,20,13500,卖盘
401,10:36:01,6.74,-0.01,20,13480,卖盘
402,10:36:04,6.75,0.01,12,8100,买盘
403,10:36:18,6.75,0.0,2,1350,卖盘
404,10:36:31,6.75,0.0,2,1350,卖盘
405,10:37:18,6.76,0.01,1,676,买盘
406,10:37:24,6.76,0.0,10,6760,买盘
407,10:37:54,6.76,0.0,2,1352,买盘
408,10:38:04,6.76,0.0,1,676,买盘
409,10:38:28,6.75,-0.01,1,675,卖盘
410,10:38:37,6.75,0.0,55,37125,卖盘
411,10:38:40,6.76,0.01,1,676,买盘
412,10:39:12,6.76,0.0,15,10140,买盘
413,10:39:16,6.77,0.01,15,10153,买盘
414,10:39:33,6.76,-0.01,1,676,买盘
415,10:39:36,6.76,0.0,1,676,买盘
416,10:39:49,6.76,0.0,1,676,买盘
417,10:39:54,6.76,0.0,9,6084,卖盘
418,10:41:25,6.76,0.0,7,4732,买盘
419,10:41:40,6.75,-0.01,8,5400,卖盘
420,10:41:42,6.76,0.01,25,16900,买盘
421,10:41:57,6.77,0.01,15,10152,买盘
422,10:43:15,6.75,-0.02,14,9450,卖盘
423,10:43:28,6.76,0.01,10,6760,买盘
424,10:43:49,6.76,0.0,21,14196,买盘
425,10:44:00,6.76,0.0,17,11492,卖盘
426,10:45:34,6.76,0.0,18,12168,买盘
427,10:46:58,6.76,0.0,40,27040,买盘
428,10:47:01,6.75,-0.01,5,3379,卖盘
429,10:47:16,6.76,0.01,7,4726,买盘
430,10:47:49,6.76,0.0,1,676,买盘
431,10:48:28,6.75,-0.01,10,6750,卖盘
432,10:49:16,6.76,0.01,15,10140,买盘
433,10:49:40,6.76,0.0,23,15548,买盘
434,10:49:55,6.76,0.0,1,676,买盘
435,10:51:01,6.76,0.0,75,50700,买盘
436,10:51:31,6.75,-0.01,30,20250,卖盘
437,10:51:34,6.76,0.01,16,10816,买盘
438,10:51:57,6.77,0.01,15,10152,买盘
439,10:52:24,6.77,0.0,2,1354,买盘
440,10:52:34,6.77,0.0,52,35204,买盘
441,10:53:57,6.76,-0.01,7,4732,买盘
442,10:54:06,6.77,0.01,12,8124,买盘
443,10:55:10,6.78,0.01,10,6780,买盘
444,10:55:31,6.78,0.0,8,5424,买盘
445,10:57:28,6.78,0.0,15,10170,买盘
446,10:57:57,6.78,0.0,4,2712,买盘
447,10:58:40,6.77,-0.01,18,12186,卖盘
448,10:58:43,6.77,0.0,1,677,卖盘
449,10:59:07,6.77,0.0,6,4062,卖盘
450,10:59:22,6.77,0.0,2,1354,卖盘
451,10:59:25,6.77,0.0,20,13540,卖盘
452,10:59:39,6.77,0.0,4,2708,卖盘
453,10:59:43,6.76,-0.01,5,3380,卖盘
454,11:00:13,6.78,0.02,87,58981,买盘
455,11:00:22,6.76,-0.02,7,4732,卖盘
456,11:00:43,6.78,0.02,194,131484,买盘
457,11:01:22,6.78,0.0,8,5424,卖盘
458,11:02:13,6.79,0.01,12,8146,买盘
459,11:02:40,6.79,0.0,3,2037,买盘
460,11:02:54,6.79,0.0,121,82159,买盘
461,11:03:42,6.79,0.0,15,10185,买盘
462,11:03:49,6.79,0.0,15,10185,买盘
463,11:04:01,6.78,-0.01,19,12882,卖盘
464,11:04:40,6.78,0.0,6,4068,卖盘
465,11:04:48,6.78,0.0,2,1356,卖盘
466,11:05:04,6.78,0.0,3,2034,卖盘
467,11:05:13,6.78,0.0,31,21018,卖盘
468,11:05:18,6.78,0.0,50,33900,卖盘
469,11:05:22,6.78,0.0,32,21696,卖盘
470,11:05:25,6.78,0.0,31,21018,卖盘
471,11:06:55,6.77,-0.01,5,3385,卖盘
472,11:07:01,6.77,0.0,8,5416,卖盘
473,11:07:04,6.77,0.0,2,1354,卖盘
474,11:07:07,6.77,0.0,51,34527,卖盘
475,11:07:10,6.77,0.0,15,10155,卖盘
476,11:07:13,6.77,0.0,24,16248,卖盘
477,11:07:22,6.76,-0.01,11,7436,卖盘
478,11:07:31,6.76,0.0,2,1352,卖盘
479,11:07:40,6.77,0.01,15,10155,买盘
480,11:07:58,6.76,-0.01,27,18272,卖盘
481,11:08:00,6.75,-0.01,70,47250,卖盘
482,11:09:28,6.75,0.0,6,4050,卖盘
483,11:09:39,6.75,0.0,70,47250,卖盘
484,11:09:42,6.75,0.0,3,2025,买盘
485,11:09:45,6.75,0.0,3,2025,买盘
486,11:10:10,6.75,0.0,10,6750,买盘
487,11:10:31,6.75,0.0,2,1350,中性盘
488,11:10:46,6.75,0.0,2,1350,中性盘
489,11:11:04,6.74,-0.01,10,6740,卖盘
490,11:12:12,6.75,0.01,3,2025,买盘
491,11:12:22,6.75,0.0,21,14175,买盘
492,11:12:54,6.75,0.0,1,675,中性盘
493,11:13:27,6.75,0.0,1,675,中性盘
494,11:13:37,6.75,0.0,3,2025,中性盘
495,11:13:40,6.75,0.0,2,1350,卖盘
496,11:14:04,6.76,0.01,10,6760,买盘
497,11:14:28,6.76,0.0,1,676,买盘
498,11:15:15,6.76,0.0,15,10140,买盘
499,11:15:37,6.76,0.0,15,10140,买盘
500,11:15:39,6.76,0.0,4,2704,买盘
501,11:16:06,6.77,0.01,2,1354,卖盘
502,11:16:28,6.77,0.0,2,1354,卖盘
503,11:16:34,6.78,0.01,18,12204,买盘
504,11:17:31,6.77,-0.01,8,5416,卖盘
505,11:17:34,6.78,0.01,2,1356,买盘
506,11:17:48,6.77,-0.01,3,2031,卖盘
507,11:17:51,6.79,0.02,15,10177,买盘
508,11:18:57,6.77,-0.02,20,13540,买盘
509,11:19:45,6.77,0.0,7,4739,买盘
510,11:20:33,6.77,0.0,3,2031,卖盘
511,11:20:37,6.79,0.02,15,10183,买盘
512,11:21:16,6.79,0.0,5,3395,买盘
513,11:21:19,6.79,0.0,2,1358,买盘
514,11:21:46,6.79,0.0,40,27160,买盘
515,11:22:00,6.79,0.0,40,27160,卖盘
516,11:22:10,6.79,0.0,13,8827,卖盘
517,11:22:12,6.79,0.0,7,4753,卖盘
518,11:22:30,6.78,-0.01,4,2712,买盘
519,11:22:43,6.78,0.0,1,678,卖盘
520,11:24:49,6.79,0.01,27,18333,买盘
521,11:25:01,6.79,0.0,1,679,卖盘
522,11:25:16,6.79,0.0,30,20370,卖盘
523,11:25:34,6.8,0.01,1,680,买盘
524,11:25:37,6.79,-0.01,6,4074,卖盘
525,11:25:43,6.79,0.0,51,34629,卖盘
526,11:26:10,6.79,0.0,75,50925,买盘
527,11:26:24,6.79,0.0,5,3395,卖盘
528,11:27:37,6.79,0.0,22,14938,卖盘
529,11:29:01,6.8,0.01,13,8840,买盘
530,11:29:30,6.78,-0.02,2,1357,卖盘
531,11:29:42,6.8,0.02,100,68000,买盘
532,13:00:04,6.8,0.0,230,156400,买盘
533,13:00:34,6.8,0.0,39,26520,卖盘
534,13:00:37,6.8,0.0,38,25840,卖盘
535,13:00:39,6.79,-0.01,12,8148,卖盘
536,13:00:55,6.79,0.0,9,6111,卖盘
537,13:00:58,6.79,0.0,29,19691,卖盘
538,13:01:01,6.79,0.0,5,3395,卖盘
539,13:01:04,6.79,0.0,1,679,卖盘
540,13:01:07,6.78,-0.01,6,4070,卖盘
541,13:01:19,6.78,0.0,115,77970,卖盘
542,13:01:28,6.78,0.0,1,678,买盘
543,13:01:30,6.78,0.0,2,1356,买盘
544,13:01:37,6.77,-0.01,211,142848,卖盘
545,13:01:51,6.76,-0.01,13,8788,卖盘
546,13:01:55,6.76,0.0,33,22308,买盘
547,13:02:16,6.75,-0.01,8,5400,卖盘
548,13:02:36,6.76,0.01,10,6760,卖盘
549,13:02:51,6.76,0.0,11,7437,卖盘
550,13:02:54,6.77,0.01,1,677,买盘
551,13:02:57,6.77,0.0,5,3385,买盘
552,13:03:01,6.77,0.0,5,3385,买盘
553,13:03:04,6.77,0.0,3,2031,买盘
554,13:03:06,6.77,0.0,2,1354,卖盘
555,13:03:10,6.77,0.0,4,2708,买盘
556,13:03:12,6.77,0.0,5,3385,买盘
557,13:03:18,6.76,-0.01,9,6088,卖盘
558,13:03:30,6.78,0.02,35,23719,买盘
559,13:03:33,6.78,0.0,5,3390,卖盘
560,13:04:18,6.77,-0.01,2,1354,卖盘
561,13:04:21,6.77,0.0,1,677,买盘
562,13:04:25,6.77,0.0,2,1354,买盘
563,13:04:27,6.77,0.0,3,2031,买盘
564,13:04:30,6.77,0.0,3,2031,买盘
565,13:04:33,6.77,0.0,1,677,买盘
566,13:04:48,6.77,0.0,5,3385,卖盘
567,13:05:04,6.76,-0.01,20,13530,卖盘
568,13:05:33,6.76,0.0,12,8112,卖盘
569,13:05:46,6.76,0.0,14,9464,卖盘
570,13:06:42,6.76,0.0,12,8112,卖盘
571,13:07:00,6.76,0.0,10,6760,卖盘
572,13:08:30,6.76,0.0,22,14872,卖盘
573,13:09:19,6.76,0.0,2,1352,卖盘
574,13:10:25,6.75,-0.01,10,6752,卖盘
575,13:10:55,6.75,0.0,2,1350,卖盘
576,13:10:57,6.76,0.01,24,16215,买盘
577,13:11:52,6.76,0.0,9,6084,买盘
578,13:12:07,6.75,-0.01,20,13500,卖盘
579,13:13:07,6.76,0.01,1,676,买盘
580,13:13:36,6.76,0.0,40,27040,买盘
581,13:13:40,6.77,0.01,15,10155,买盘
582,13:14:39,6.76,-0.01,10,6760,卖盘
583,13:15:19,6.76,0.0,6,4056,卖盘
584,13:16:19,6.76,0.0,63,42588,卖盘
585,13:16:55,6.76,0.0,5,3380,买盘
586,13:16:57,6.75,-0.01,11,7427,卖盘
587,13:17:24,6.76,0.01,2,1352,买盘
588,13:18:07,6.76,0.0,10,6760,卖盘
589,13:18:15,6.76,0.0,3,2028,卖盘
590,13:18:24,6.77,0.01,3,2031,买盘
591,13:18:27,6.76,-0.01,58,39208,卖盘
592,13:18:40,6.76,0.0,5,3380,卖盘
593,13:18:48,6.76,0.0,3,2028,卖盘
594,13:19:46,6.77,0.01,3,2031,买盘
595,13:21:33,6.76,-0.01,2,1352,卖盘
596,13:22:36,6.76,0.0,1,676,卖盘
597,13:22:49,6.76,0.0,5,3380,卖盘
598,13:22:55,6.76,0.0,17,11492,卖盘
599,13:23:07,6.76,0.0,2,1352,卖盘
600,13:23:19,6.76,0.0,11,7436,卖盘
601,13:23:25,6.76,0.0,9,6084,卖盘
602,13:24:28,6.76,0.0,30,20280,卖盘
603,13:24:42,6.76,0.0,23,15548,卖盘
604,13:24:45,6.76,0.0,2,1352,卖盘
605,13:25:12,6.76,0.0,7,4732,卖盘
606,13:25:16,6.76,0.0,12,8112,卖盘
607,13:25:34,6.75,-0.01,16,10813,卖盘
608,13:25:46,6.75,0.0,3,2025,卖盘
609,13:25:48,6.75,0.0,3,2025,卖盘
610,13:25:51,6.76,0.01,22,14872,买盘
611,13:26:22,6.76,0.0,2,1352,卖盘
612,13:26:24,6.77,0.01,7,4739,买盘
613,13:27:37,6.76,-0.01,7,4732,卖盘
614,13:27:55,6.76,0.0,3,2028,卖盘
615,13:28:04,6.76,0.0,2,1352,卖盘
616,13:29:19,6.76,0.0,16,10816,卖盘
617,13:29:36,6.75,-0.01,2,1350,卖盘
618,13:29:40,6.75,0.0,5,3375,卖盘
619,13:30:12,6.76,0.01,4,2704,买盘
620,13:30:19,6.76,0.0,23,15548,买盘
621,13:30:25,6.75,-0.01,11,7428,卖盘
622,13:30:54,6.76,0.01,7,4732,卖盘
623,13:31:04,6.76,0.0,1,676,卖盘
624,13:31:10,6.76,0.0,1,676,卖盘
625,13:31:54,6.77,0.01,7,4739,买盘
626,13:32:07,6.77,0.0,1,677,买盘
627,13:32:24,6.76,-0.01,5,3380,卖盘
628,13:34:09,6.77,0.01,8,5416,买盘
629,13:34:19,6.76,-0.01,1,676,卖盘
630,13:34:24,6.76,0.0,2,1352,卖盘
631,13:34:52,6.76,0.0,1,676,卖盘
632,13:34:57,6.76,0.0,1,676,卖盘
633,13:35:07,6.77,0.01,130,88010,买盘
634,13:35:09,6.77,0.0,6,4062,买盘
635,13:35:19,6.77,0.0,2,1354,买盘
636,13:35:31,6.76,-0.01,20,13520,卖盘
637,13:35:36,6.77,0.01,5,3385,买盘
638,13:35:45,6.77,0.0,18,12186,买盘
639,13:35:52,6.77,0.0,30,20310,买盘
640,13:35:57,6.77,0.0,30,20310,买盘
641,13:36:07,6.76,-0.01,5,3380,卖盘
642,13:36:13,6.77,0.01,38,25726,买盘
643,13:36:52,6.78,0.01,46,31188,买盘
644,13:36:58,6.78,0.0,40,27120,卖盘
645,13:37:19,6.78,0.0,26,17628,买盘
646,13:37:24,6.78,0.0,1,678,卖盘
647,13:37:31,6.79,0.01,50,33949,买盘
648,13:37:43,6.78,-0.01,1,678,卖盘
649,13:37:49,6.79,0.01,2,1358,买盘
650,13:37:52,6.79,0.0,90,61110,卖盘
651,13:37:55,6.78,-0.01,172,116778,卖盘
652,13:37:58,6.78,0.0,22,14916,卖盘
653,13:38:00,6.78,0.0,9,6102,卖盘
654,13:38:04,6.78,0.0,5,3390,卖盘
655,13:38:06,6.78,0.0,3,2034,卖盘
656,13:38:10,6.78,0.0,40,27120,卖盘
657,13:38:13,6.78,0.0,3,2034,卖盘
658,13:38:16,6.78,0.0,5,3390,卖盘
659,13:38:55,6.77,-0.01,32,21664,卖盘
660,13:39:21,6.76,-0.01,7,4732,卖盘
661,13:39:28,6.76,0.0,40,27040,卖盘
662,13:39:31,6.77,0.01,13,8882,买盘
663,13:40:01,6.77,0.0,1,677,卖盘
664,13:40:27,6.77,0.0,1,677,卖盘
665,13:40:37,6.78,0.01,33,22374,买盘
666,13:40:55,6.78,0.0,1,678,卖盘
667,13:41:19,6.78,0.0,2,1356,卖盘
668,13:41:28,6.79,0.01,50,33950,买盘
669,13:41:43,6.79,0.0,24,16295,买盘
670,13:41:57,6.79,0.0,100,67900,卖盘
671,13:42:00,6.79,0.0,2,1358,卖盘
672,13:42:34,6.79,0.0,34,23086,买盘
673,13:42:43,6.79,0.0,11,7469,卖盘
674,13:42:49,6.79,0.0,161,109289,买盘
675,13:43:33,6.77,-0.02,11,7447,卖盘
676,13:43:51,6.77,0.0,5,3385,卖盘
677,13:43:54,6.78,0.01,27,18306,买盘
678,13:43:58,6.78,0.0,1,678,卖盘
679,13:44:48,6.78,0.0,5,3390,卖盘
680,13:45:01,6.79,0.01,16,10864,买盘
681,13:45:18,6.79,0.0,99,67221,卖盘
682,13:45:48,6.77,-0.02,1,677,卖盘
683,13:46:07,6.78,0.01,2,1356,买盘
684,13:47:12,6.79,0.01,88,59752,买盘
685,13:47:43,6.79,0.0,1,679,卖盘
686,13:47:52,6.8,0.01,44,29920,买盘
687,13:48:18,6.8,0.0,149,101320,买盘
688,13:48:21,6.8,0.0,10,6800,买盘
689,13:48:24,6.8,0.0,50,34000,买盘
690,13:48:49,6.8,0.0,9,6120,买盘
691,13:48:52,6.79,-0.01,86,58397,卖盘
692,13:49:24,6.79,0.0,77,52283,买盘
693,13:49:45,6.79,0.0,11,7469,卖盘
694,13:49:52,6.79,0.0,21,14259,卖盘
695,13:49:57,6.79,0.0,2,1358,卖盘
696,13:50:25,6.8,0.01,15,10200,买盘
697,13:50:30,6.8,0.0,117,79560,买盘
698,13:50:42,6.8,0.0,5,3400,买盘
699,13:51:12,6.8,0.0,5,3400,买盘
700,13:51:36,6.8,0.0,15,10200,买盘
701,13:51:46,6.8,0.0,32,21760,卖盘
702,13:52:06,6.78,-0.02,1,678,卖盘
703,13:52:10,6.79,0.01,19,12890,买盘
704,13:52:30,6.77,-0.02,89,60253,卖盘
705,13:52:43,6.77,0.0,1,677,卖盘
706,13:53:45,6.77,0.0,38,25726,卖盘
707,13:53:52,6.76,-0.01,1,676,卖盘
708,13:53:58,6.77,0.01,16,10832,买盘
709,13:55:04,6.77,0.0,2,1354,卖盘
710,13:55:09,6.77,0.0,127,85979,卖盘
711,13:55:24,6.76,-0.01,1,676,卖盘
712,13:55:27,6.76,0.0,1,676,卖盘
713,13:55:46,6.76,0.0,1,676,卖盘
714,13:56:28,6.78,0.02,14,9488,买盘
715,13:56:37,6.74,-0.04,622,419972,卖盘
716,13:57:57,6.75,0.01,1,675,卖盘
717,13:58:27,6.75,0.0,13,8775,卖盘
718,13:58:37,6.75,0.0,6,4050,买盘
719,13:58:39,6.77,0.02,14,9470,买盘
720,13:59:24,6.75,-0.02,5,3375,卖盘
721,13:59:42,6.74,-0.01,53,35722,卖盘
722,14:00:01,6.74,0.0,21,14154,卖盘
723,14:01:01,6.74,0.0,125,84250,卖盘
724,14:01:04,6.74,0.0,42,28308,卖盘
725,14:01:40,6.73,-0.01,30,20190,卖盘
726,14:01:49,6.74,0.01,6,4044,买盘
727,14:01:54,6.73,-0.01,1,673,卖盘
728,14:02:09,6.73,0.0,2,1346,卖盘
729,14:02:40,6.74,0.01,5,3370,买盘
730,14:02:43,6.73,-0.01,32,21536,卖盘
731,14:03:09,6.74,0.01,3,2022,买盘
732,14:03:16,6.74,0.0,4,2696,买盘
733,14:03:19,6.74,0.0,1,674,卖盘
734,14:03:55,6.74,0.0,1,674,卖盘
735,14:04:12,6.74,0.0,27,18198,卖盘
736,14:04:34,6.74,0.0,1,674,卖盘
737,14:04:37,6.74,0.0,1,674,卖盘
738,14:06:07,6.75,0.01,9,6075,买盘
739,14:06:22,6.75,0.0,20,13500,买盘
740,14:06:25,6.77,0.02,14,9478,买盘
741,14:06:58,6.75,-0.02,2,1350,卖盘
742,14:07:52,6.76,0.01,3,2028,买盘
743,14:08:16,6.76,0.0,8,5408,买盘
744,14:08:22,6.76,0.0,18,12168,买盘
745,14:08:49,6.76,0.0,2,1352,卖盘
746,14:08:52,6.76,0.0,1,676,卖盘
747,14:09:28,6.77,0.01,21,14217,买盘
748,14:09:31,6.76,-0.01,26,17589,卖盘
749,14:09:46,6.76,0.0,27,18252,卖盘
750,14:09:58,6.75,-0.01,42,28350,卖盘
751,14:10:27,6.75,0.0,4,2700,卖盘
752,14:10:49,6.75,0.0,1,675,卖盘
753,14:11:25,6.76,0.01,11,7436,买盘
754,14:11:37,6.77,0.01,1,677,买盘
755,14:12:04,6.77,0.0,4,2708,买盘
756,14:12:06,6.77,0.0,5,3385,买盘
757,14:12:49,6.76,-0.01,1,676,卖盘
758,14:13:25,6.78,0.02,14,9486,买盘
759,14:13:28,6.76,-0.02,1,676,卖盘
760,14:13:36,6.77,0.01,14,9478,卖盘
761,14:14:24,6.77,0.0,10,6770,买盘
762,14:14:58,6.76,-0.01,1,676,卖盘
763,14:15:21,6.76,0.0,20,13520,卖盘
764,14:15:28,6.75,-0.01,123,83050,卖盘
765,14:15:34,6.75,0.0,67,45225,买盘
766,14:15:37,6.75,0.0,12,8100,买盘
767,14:15:39,6.75,0.0,3,2025,买盘
768,14:15:42,6.75,0.0,2,1350,买盘
769,14:15:55,6.75,0.0,1,675,买盘
770,14:16:34,6.75,0.0,1,675,卖盘
771,14:16:58,6.75,0.0,1,675,卖盘
772,14:17:04,6.75,0.0,24,16200,卖盘
773,14:17:40,6.74,-0.01,200,134824,卖盘
774,14:18:04,6.78,0.04,25,16905,买盘
775,14:18:51,6.77,-0.01,2,1354,买盘
776,14:19:00,6.75,-0.02,1,675,卖盘
777,14:19:04,6.77,0.02,13,8799,买盘
778,14:19:31,6.76,-0.01,5,3380,买盘
779,14:20:01,6.77,0.01,12,8117,买盘
780,14:20:43,6.75,-0.02,1,675,卖盘
781,14:21:04,6.77,0.02,12,8122,买盘
782,14:21:25,6.75,-0.02,30,20250,卖盘
783,14:21:48,6.76,0.01,9,6084,卖盘
784,14:21:51,6.76,0.0,34,22966,买盘
785,14:22:04,6.77,0.01,13,8801,买盘
786,14:22:55,6.76,-0.01,1,676,卖盘
787,14:23:04,6.77,0.01,12,8124,买盘
788,14:23:31,6.77,0.0,32,21664,买盘
789,14:23:33,6.77,0.0,1,677,卖盘
790,14:23:37,6.77,0.0,10,6770,卖盘
791,14:23:43,6.77,0.0,16,10832,买盘
792,14:24:04,6.78,0.01,12,8136,买盘
793,14:24:46,6.78,0.0,50,33900,买盘
794,14:25:00,6.77,-0.01,1,677,卖盘
795,14:25:04,6.78,0.01,13,8814,买盘
796,14:25:28,6.77,-0.01,7,4739,卖盘
797,14:25:40,6.77,0.0,48,32496,卖盘
798,14:26:01,6.78,0.01,12,8136,买盘
799,14:26:34,6.77,-0.01,461,312097,卖盘
800,14:26:39,6.76,-0.01,1,676,卖盘
801,14:27:04,6.77,0.01,12,8124,买盘
802,14:28:04,6.76,-0.01,39,26377,卖盘
803,14:28:16,6.76,0.0,4,2704,卖盘
804,14:29:04,6.77,0.01,12,8124,买盘
805,14:29:07,6.76,-0.01,42,28392,卖盘
806,14:29:19,6.76,0.0,28,18928,买盘
807,14:29:34,6.76,0.0,10,6760,卖盘
808,14:29:37,6.77,0.01,26,17602,买盘
809,14:29:55,6.77,0.0,5,3385,卖盘
810,14:30:04,6.78,0.01,12,8136,买盘
811,14:30:18,6.77,-0.01,271,183467,卖盘
812,14:30:21,6.76,-0.01,2,1352,卖盘
813,14:30:39,6.76,0.0,5,3380,卖盘
814,14:31:04,6.77,0.01,13,8801,买盘
815,14:31:21,6.76,-0.01,5,3380,卖盘
816,14:31:49,6.77,0.01,6,4062,买盘
817,14:32:04,6.77,0.0,12,8124,买盘
818,14:32:10,6.75,-0.02,9,6078,卖盘
819,14:32:39,6.75,0.0,9,6075,卖盘
820,14:32:42,6.75,0.0,1,675,卖盘
821,14:32:54,6.75,0.0,250,168750,卖盘
822,14:32:58,6.75,0.0,2,1350,卖盘
823,14:33:04,6.76,0.01,12,8112,买盘
824,14:33:10,6.75,-0.01,9,6075,卖盘
825,14:33:39,6.75,0.0,9,6075,卖盘
826,14:34:01,6.76,0.01,13,8788,买盘
827,14:34:10,6.77,0.01,201,136038,买盘
828,14:34:39,6.77,0.0,9,6093,卖盘
829,14:34:58,6.77,0.0,107,72439,卖盘
830,14:35:01,6.78,0.01,215,145567,买盘
831,14:35:09,6.75,-0.03,9,6075,卖盘
832,14:35:39,6.75,0.0,9,6075,卖盘
833,14:35:58,6.77,0.02,343,232196,买盘
834,14:36:04,6.77,0.0,82,55526,卖盘
835,14:36:07,6.77,0.0,87,58899,卖盘
836,14:36:10,6.75,-0.02,9,6075,卖盘
837,14:36:40,6.75,0.0,9,6075,卖盘
838,14:37:04,6.78,0.03,13,8805,买盘
839,14:37:10,6.75,-0.03,9,6075,卖盘
840,14:37:27,6.75,0.0,16,10800,卖盘
841,14:37:39,6.74,-0.01,9,6068,卖盘
842,14:37:43,6.77,0.03,2,1354,买盘
843,14:37:54,6.78,0.01,10,6780,买盘
844,14:38:04,6.78,0.0,232,157076,买盘
845,14:38:10,6.77,-0.01,9,6093,卖盘
846,14:38:31,6.77,0.0,56,37912,卖盘
847,14:38:39,6.77,0.0,9,6093,卖盘
848,14:38:46,6.77,0.0,200,135400,卖盘
849,14:38:49,6.77,0.0,4,2708,卖盘
850,14:39:01,6.76,-0.01,1,676,买盘
851,14:39:04,6.77,0.01,12,8122,买盘
852,14:39:10,6.74,-0.03,9,6066,卖盘
853,14:39:40,6.74,0.0,9,6066,卖盘
854,14:40:04,6.77,0.03,13,8801,买盘
855,14:40:10,6.75,-0.02,9,6075,卖盘
856,14:40:12,6.76,0.01,1,676,买盘
857,14:40:34,6.76,0.0,1,676,买盘
858,14:40:40,6.75,-0.01,9,6075,卖盘
859,14:40:43,6.76,0.01,1,676,买盘
860,14:40:46,6.76,0.0,1,676,买盘
861,14:41:01,6.76,0.0,5,3380,买盘
862,14:41:04,6.77,0.01,12,8122,买盘
863,14:41:10,6.75,-0.02,9,6075,卖盘
864,14:41:22,6.76,0.01,100,67600,卖盘
865,14:41:39,6.75,-0.01,9,6075,卖盘
866,14:42:01,6.76,0.01,3,2028,买盘
867,14:42:04,6.76,0.0,14,9476,卖盘
868,14:42:10,6.75,-0.01,9,6080,卖盘
869,14:42:13,6.76,0.01,5,3380,买盘
870,14:42:18,6.76,0.0,2,1352,卖盘
871,14:42:30,6.76,0.0,17,11492,卖盘
872,14:42:40,6.75,-0.01,9,6081,卖盘
873,14:42:55,6.75,0.0,5,3375,卖盘
874,14:43:04,6.77,0.02,13,8801,买盘
875,14:43:10,6.75,-0.02,11,7425,卖盘
876,14:43:39,6.75,0.0,9,6075,卖盘
877,14:44:04,6.77,0.02,12,8118,买盘
878,14:44:10,6.75,-0.02,9,6075,卖盘
879,14:44:28,6.75,0.0,315,212625,卖盘
880,14:44:46,6.75,0.0,9,6075,卖盘
881,14:44:51,6.75,0.0,4,2700,卖盘
882,14:45:01,6.77,0.02,15,10152,买盘
883,14:45:04,6.76,-0.01,2,1352,卖盘
884,14:45:27,6.77,0.01,121,81917,买盘
885,14:45:43,6.78,0.01,24,16272,买盘
886,14:45:55,6.78,0.0,150,101700,买盘
887,14:46:01,6.79,0.01,13,8823,买盘
888,14:46:34,6.78,-0.01,17,11526,卖盘
889,14:46:43,6.78,0.0,6,4068,买盘
890,14:47:00,6.78,0.0,12,8136,买盘
891,14:47:46,6.78,0.0,32,21696,买盘
892,14:47:49,6.77,-0.01,150,101598,卖盘
893,14:48:01,6.79,0.02,12,8143,买盘
894,14:48:22,6.77,-0.02,6,4062,卖盘
895,14:48:37,6.78,0.01,22,14916,买盘
896,14:48:42,6.78,0.0,182,123396,卖盘
897,14:48:48,6.77,-0.01,188,127276,卖盘
898,14:49:34,6.77,0.0,200,135400,卖盘
899,14:50:04,6.77,0.0,20,13540,卖盘
900,14:50:31,6.77,0.0,2,1354,卖盘
901,14:50:34,6.77,0.0,67,45359,卖盘
902,14:50:39,6.78,0.01,21,14228,买盘
903,14:50:49,6.78,0.0,10,6780,买盘
904,14:51:04,6.78,0.0,10,6780,买盘
905,14:51:16,6.78,0.0,44,29832,买盘
906,14:51:22,6.77,-0.01,392,265384,卖盘
907,14:51:25,6.78,0.01,50,33900,买盘
908,14:51:37,6.78,0.0,6,4068,买盘
909,14:51:40,6.78,0.0,1,678,卖盘
910,14:51:43,6.78,0.0,26,17628,卖盘
911,14:51:55,6.78,0.0,9,6102,买盘
912,14:52:04,6.78,0.0,10,6780,买盘
913,14:52:09,6.78,0.0,1,678,买盘
914,14:52:22,6.78,0.0,20,13560,买盘
915,14:52:27,6.78,0.0,18,12204,买盘
916,14:52:46,6.78,0.0,206,139493,买盘
917,14:52:48,6.77,-0.01,2,1354,卖盘
918,14:52:52,6.78,0.01,20,13560,买盘
919,14:52:54,6.77,-0.01,7,4739,卖盘
920,14:53:04,6.77,0.0,2,1354,卖盘
921,14:53:18,6.78,0.01,27,18306,买盘
922,14:53:25,6.78,0.0,14,9492,卖盘
923,14:53:28,6.78,0.0,2,1356,卖盘
924,14:53:55,6.78,0.0,22,14916,卖盘
925,14:53:57,6.78,0.0,15,10170,卖盘
926,14:54:01,6.78,0.0,31,21007,买盘
927,14:54:04,6.78,0.0,44,29832,买盘
928,14:54:13,6.78,0.0,8,5424,买盘
929,14:54:15,6.78,0.0,4,2712,买盘
930,14:54:22,6.77,-0.01,10,6770,卖盘
931,14:54:25,6.78,0.01,28,18983,买盘
932,14:54:27,6.78,0.0,2,1356,卖盘
933,14:54:33,6.78,0.0,3,2034,卖盘
934,14:54:37,6.78,0.0,1,678,卖盘
935,14:54:40,6.77,-0.01,1,677,卖盘
936,14:55:06,6.78,0.01,48,32540,买盘
937,14:55:22,6.78,0.0,13,8814,卖盘
938,14:55:25,6.78,0.0,69,46782,卖盘
939,14:55:28,6.78,0.0,1,678,卖盘
940,14:55:30,6.78,0.0,15,10170,卖盘
941,14:55:33,6.78,0.0,37,25086,卖盘
942,14:55:40,6.76,-0.02,58,39229,卖盘
943,14:55:46,6.76,0.0,68,45968,卖盘
944,14:56:13,6.77,0.01,11,7447,买盘
945,14:56:15,6.77,0.0,2,1354,买盘
946,14:56:19,6.77,0.0,24,16248,买盘
947,14:56:22,6.77,0.0,36,24372,买盘
948,14:56:34,6.78,0.01,20,13560,买盘
949,14:56:36,6.77,-0.01,5,3385,卖盘
950,14:56:39,6.77,0.0,1,677,卖盘
951,14:56:52,6.77,0.0,48,32496,卖盘
952,14:56:58,6.78,0.01,6,4068,买盘
953,14:57:00,6.78,0.0,17,11526,卖盘
954,15:00:04,6.77,-0.01,161,108997,卖盘
