,time,price,change,volume,amount,type
0,09:25:05,9.1,-0.1,5,4550,卖盘
1,09:30:07,9.09,-0.01,107,97206,卖盘
2,09:30:10,9.09,0.0,11,9999,买盘
3,09:30:13,9.09,0.0,2,1818,买盘
4,09:30:19,9.08,-0.01,3,2723,买盘
5,09:30:25,9.07,-0.01,20,18130,买盘
6,09:30:28,9.08,0.01,1,908,买盘
7,09:30:34,9.08,0.0,10,9080,买盘
8,09:30:43,9.08,0.0,1,908,买盘
9,09:30:46,9.08,0.0,5,4540,买盘
10,09:30:49,9.08,0.0,4,3632,买盘
11,09:30:52,9.07,-0.01,36,32652,卖盘
12,09:30:58,9.08,0.01,37,33596,买盘
13,09:31:04,9.08,0.0,1,908,买盘
14,09:31:07,9.07,-0.01,3,2721,卖盘
15,09:31:10,9.08,0.01,17,15436,买盘
16,09:31:13,9.09,0.01,1,909,买盘
17,09:31:28,9.09,0.0,1,909,买盘
18,09:31:34,9.08,-0.01,1,908,卖盘
19,09:31:40,9.08,0.0,4,3632,卖盘
20,09:31:43,9.09,0.01,23,20905,买盘
21,09:31:46,9.08,-0.01,2,1816,卖盘
22,09:31:49,9.08,0.0,3,2724,卖盘
23,09:31:52,9.08,0.0,9,8172,卖盘
24,09:31:55,9.08,0.0,23,20884,卖盘
25,09:31:58,9.08,0.0,1,908,买盘
26,09:32:07,9.07,-0.01,15,13605,卖盘
27,09:32:10,9.07,0.0,10,9070,买盘
28,09:32:13,9.07,0.0,1,907,买盘
29,09:32:16,9.07,0.0,6,5442,买盘
30,09:32:22,9.06,-0.01,1,906,卖盘
31,09:32:25,9.07,0.01,5,4535,买盘
32,09:32:28,9.07,0.0,1,907,买盘
33,09:32:34,9.06,-0.01,40,36270,卖盘
34,09:32:37,9.07,0.01,30,27210,买盘
35,09:32:40,9.07,0.0,2,1814,买盘
36,09:32:43,9.07,0.0,21,19048,卖盘
37,09:32:46,9.08,0.01,32,29048,买盘
38,09:32:49,9.08,0.0,47,42676,买盘
39,09:32:52,9.08,0.0,8,7264,买盘
40,09:32:55,9.09,0.01,1,909,买盘
41,09:32:58,9.12,0.03,2,1821,买盘
42,09:33:01,9.12,0.0,14,12768,买盘
43,09:33:04,9.08,-0.04,2,1816,卖盘
44,09:33:07,9.09,0.01,44,40008,中性盘
45,09:33:10,9.09,0.0,2,1818,买盘
46,09:33:13,9.14,0.05,3,2742,买盘
47,09:33:16,9.1,-0.04,1,910,卖盘
48,09:33:25,9.13,0.03,6,5478,买盘
49,09:33:28,9.13,0.0,1,913,买盘
50,09:33:34,9.12,-0.01,1,912,卖盘
51,09:33:37,9.12,0.0,8,7296,卖盘
52,09:33:42,9.12,0.0,4,3649,卖盘
53,09:33:58,9.12,0.0,5,4560,买盘
54,09:34:04,9.11,-0.01,2,1822,中性盘
55,09:34:07,9.12,0.01,1,912,买盘
56,09:34:13,9.12,0.0,1,912,买盘
57,09:34:16,9.12,0.0,1,912,买盘
58,09:34:19,9.12,0.0,27,24624,买盘
59,09:34:21,9.12,0.0,1,912,买盘
60,09:34:24,9.11,-0.01,2,1823,卖盘
61,09:34:28,9.12,0.01,14,12768,买盘
62,09:34:31,9.12,0.0,8,7296,买盘
63,09:34:34,9.12,0.0,2,1824,卖盘
64,09:34:43,9.14,0.02,1,914,买盘
65,09:34:52,9.13,-0.01,28,25564,买盘
66,09:34:58,9.14,0.01,1,914,中性盘
67,09:35:06,9.14,0.0,7,6398,买盘
68,09:35:10,9.12,-0.02,32,29212,卖盘
69,09:35:13,9.13,0.01,34,31075,中性盘
70,09:35:15,9.13,0.0,19,17347,买盘
71,09:35:19,9.13,0.0,5,4565,买盘
72,09:35:22,9.12,-0.01,10,9120,卖盘
73,09:35:25,9.13,0.01,6,5477,买盘
74,09:35:27,9.13,0.0,21,19162,买盘
75,09:35:31,9.12,-0.01,6,5472,卖盘
76,09:35:34,9.11,-0.01,38,34654,卖盘
77,09:35:37,9.12,0.01,18,16402,买盘
78,09:35:42,9.13,0.01,1,913,买盘
79,09:35:55,9.1,-0.03,1,910,卖盘
80,09:35:58,9.12,0.02,2,1822,买盘
81,09:36:04,9.1,-0.02,1,910,卖盘
82,09:36:13,9.12,0.02,1,912,买盘
83,09:36:19,9.11,-0.01,1,911,中性盘
84,09:36:27,9.11,0.0,2,1822,买盘
85,09:36:33,9.11,0.0,1,911,卖盘
86,09:36:40,9.11,0.0,1,911,卖盘
87,09:36:42,9.12,0.01,1,912,买盘
88,09:36:57,9.12,0.0,1,912,买盘
89,09:37:00,9.11,-0.01,2,1822,卖盘
90,09:37:07,9.11,0.0,2,1822,卖盘
91,09:37:13,9.12,0.01,1,912,买盘
92,09:37:19,9.1,-0.02,2,1821,卖盘
93,09:37:25,9.12,0.02,37,33706,买盘
94,09:37:28,9.12,0.0,1,912,买盘
95,09:37:36,9.11,-0.01,25,22775,买盘
96,09:37:42,9.1,-0.01,3,2731,卖盘
97,09:37:46,9.11,0.01,25,22775,买盘
98,09:37:49,9.11,0.0,6,5466,买盘
99,09:37:54,9.11,0.0,5,4555,买盘
100,09:37:58,9.11,0.0,1,911,买盘
101,09:38:04,9.1,-0.01,14,12740,卖盘
102,09:38:06,9.11,0.01,5,4555,买盘
103,09:38:10,9.11,0.0,60,54660,买盘
104,09:38:13,9.11,0.0,1,911,买盘
105,09:38:16,9.11,0.0,2,1822,买盘
106,09:38:27,9.12,0.01,2,1823,买盘
107,09:38:43,9.14,0.02,1,914,买盘
108,09:38:51,9.11,-0.03,2,1822,卖盘
109,09:38:54,9.11,0.0,3,2733,卖盘
110,09:38:57,9.12,0.01,3,2734,中性盘
111,09:39:01,9.11,-0.01,3,2733,卖盘
112,09:39:07,9.1,-0.01,1,910,卖盘
113,09:39:10,9.1,0.0,3,2730,卖盘
114,09:39:13,9.1,0.0,7,6371,卖盘
115,09:39:15,9.1,0.0,1,910,卖盘
116,09:39:25,9.09,-0.01,1,909,卖盘
117,09:39:28,9.1,0.01,10,9097,买盘
118,09:39:31,9.09,-0.01,16,14544,卖盘
119,09:39:34,9.09,0.0,40,36360,卖盘
120,09:39:40,9.08,-0.01,41,37228,卖盘
121,09:39:43,9.09,0.01,1,909,买盘
122,09:39:46,9.09,0.0,54,49082,买盘
123,09:39:49,9.08,-0.01,1,908,卖盘
124,09:39:52,9.07,-0.01,11,9985,卖盘
125,09:39:54,9.09,0.02,60,54530,买盘
126,09:39:58,9.08,-0.01,1,908,中性盘
127,09:40:00,9.08,0.0,1,908,买盘
128,09:40:03,9.07,-0.01,20,18140,卖盘
129,09:40:13,9.07,0.0,1,907,买盘
130,09:40:16,9.06,-0.01,25,22670,卖盘
131,09:40:21,9.06,0.0,15,13590,卖盘
132,09:40:24,9.05,-0.01,1,905,卖盘
133,09:40:28,9.06,0.01,1,906,买盘
134,09:40:31,9.06,0.0,10,9060,买盘
135,09:40:40,9.06,0.0,25,22650,买盘
136,09:40:43,9.03,-0.03,81,73229,卖盘
137,09:40:46,9.06,0.03,3,2718,买盘
138,09:40:49,9.06,0.0,2,1812,买盘
139,09:40:55,9.06,0.0,53,47918,买盘
140,09:40:57,9.06,0.0,17,15402,买盘
141,09:41:01,9.06,0.0,12,10872,买盘
142,09:41:04,9.06,0.0,11,9966,买盘
143,09:41:07,9.07,0.01,40,36250,买盘
144,09:41:12,9.13,0.06,1,913,买盘
145,09:41:25,9.11,-0.02,7,6375,买盘
146,09:41:28,9.11,0.0,1,911,买盘
147,09:41:40,9.1,-0.01,2,1820,卖盘
148,09:41:43,9.1,0.0,2,1821,卖盘
149,09:41:46,9.1,0.0,3,2730,卖盘
150,09:41:52,9.09,-0.01,3,2727,卖盘
151,09:41:55,9.09,0.0,2,1818,卖盘
152,09:41:57,9.09,0.0,1,909,中性盘
153,09:42:04,9.04,-0.05,40,36200,卖盘
154,09:42:09,9.08,0.04,2,1816,买盘
155,09:42:13,9.08,0.0,1,908,买盘
156,09:42:25,9.07,-0.01,9,8170,卖盘
157,09:42:27,9.06,-0.01,1,906,买盘
158,09:42:30,9.06,0.0,76,68856,买盘
159,09:42:34,9.07,0.01,4,3628,买盘
160,09:42:40,9.08,0.01,1,908,买盘
161,09:42:43,9.08,0.0,1,908,买盘
162,09:42:52,9.08,0.0,30,27240,买盘
163,09:42:57,9.08,0.0,6,5448,买盘
164,09:43:01,9.08,0.0,4,3632,买盘
165,09:43:10,9.09,0.01,1,909,买盘
166,09:43:13,9.1,0.01,1,910,买盘
167,09:43:19,9.07,-0.03,16,14524,卖盘
168,09:43:25,9.09,0.02,5,4545,中性盘
169,09:43:28,9.1,0.01,1,910,买盘
170,09:43:31,9.11,0.01,5,4554,买盘
171,09:43:36,9.1,-0.01,1,910,买盘
172,09:43:43,9.11,0.01,1,911,买盘
173,09:43:49,9.09,-0.02,4,3636,卖盘
174,09:43:58,9.12,0.03,7,6376,买盘
175,09:44:04,9.11,-0.01,1,911,中性盘
176,09:44:12,9.11,0.0,1,911,买盘
177,09:44:28,9.11,0.0,1,911,买盘
178,09:44:43,9.11,0.0,1,911,买盘
179,09:44:57,9.11,0.0,1,911,买盘
180,09:45:01,9.09,-0.02,1,909,卖盘
181,09:45:13,9.11,0.02,1,911,买盘
182,09:45:27,9.09,-0.02,2,1820,卖盘
183,09:45:30,9.11,0.02,6,5466,买盘
184,09:45:43,9.11,0.0,1,911,买盘
185,09:45:58,9.11,0.0,1,911,买盘
186,09:46:07,9.09,-0.02,1,909,卖盘
187,09:46:13,9.11,0.02,1,911,买盘
188,09:46:28,9.11,0.0,1,911,买盘
189,09:46:37,9.1,-0.01,1,910,卖盘
190,09:46:43,9.11,0.01,56,51016,买盘
191,09:46:57,9.13,0.02,1,913,买盘
192,09:47:04,9.1,-0.03,1,910,中性盘
193,09:47:13,9.13,0.03,1,913,买盘
194,09:47:28,9.13,0.0,1,913,买盘
195,09:47:42,9.13,0.0,1,913,买盘
196,09:47:58,9.12,-0.01,2,1824,卖盘
197,09:48:01,9.11,-0.01,1,911,卖盘
198,09:48:13,9.13,0.02,1,913,买盘
199,09:48:25,9.13,0.0,6,5478,买盘
200,09:48:28,9.13,0.0,36,32868,买盘
201,09:48:43,9.11,-0.02,17,15489,卖盘
202,09:48:58,9.12,0.01,1,912,买盘
203,09:49:04,9.11,-0.01,1,911,卖盘
204,09:49:12,9.12,0.01,1,912,买盘
205,09:49:28,9.12,0.0,1,912,买盘
206,09:49:34,9.12,0.0,1,912,买盘
207,09:49:42,9.12,0.0,1,912,买盘
208,09:49:55,9.13,0.01,1,913,买盘
209,09:49:58,9.14,0.01,1,914,买盘
210,09:50:01,9.13,-0.01,2,1826,卖盘
211,09:50:03,9.13,0.0,2,1826,卖盘
212,09:50:06,9.13,0.0,2,1826,卖盘
213,09:50:09,9.13,0.0,1,913,卖盘
214,09:50:13,9.13,0.0,1,913,买盘
215,09:50:27,9.14,0.01,1,914,买盘
216,09:50:42,9.14,0.0,1,914,买盘
217,09:50:58,9.14,0.0,3,2742,买盘
218,09:51:03,9.13,-0.01,2,1827,卖盘
219,09:51:10,9.13,0.0,1,913,卖盘
220,09:51:13,9.14,0.01,1,914,买盘
221,09:51:28,9.14,0.0,7,6398,买盘
222,09:51:42,9.13,-0.01,1,913,买盘
223,09:51:58,9.13,0.0,5,4565,买盘
224,09:52:01,9.13,0.0,1,913,卖盘
225,09:52:04,9.13,0.0,1,913,卖盘
226,09:52:07,9.13,0.0,2,1826,卖盘
227,09:52:09,9.13,0.0,1,913,卖盘
228,09:52:13,9.13,0.0,6,5479,卖盘
229,09:52:16,9.13,0.0,11,10043,卖盘
230,09:52:21,9.12,-0.01,2,1824,卖盘
231,09:52:24,9.12,0.0,3,2736,卖盘
232,09:52:28,9.12,0.0,1,912,买盘
233,09:52:34,9.11,-0.01,1,911,卖盘
234,09:52:43,9.12,0.01,1,912,买盘
235,09:52:57,9.12,0.0,6,5472,买盘
236,09:53:12,9.12,0.0,1,912,买盘
237,09:53:28,9.12,0.0,1,912,买盘
238,09:53:36,9.11,-0.01,1,911,卖盘
239,09:53:42,9.12,0.01,2,1824,买盘
240,09:53:58,9.12,0.0,1,912,买盘
241,09:54:04,9.12,0.0,26,23712,买盘
242,09:54:12,9.13,0.01,23,20955,买盘
243,09:54:15,9.13,0.0,46,41998,买盘
244,09:54:28,9.14,0.01,2,1826,买盘
245,09:54:42,9.13,-0.01,15,13695,中性盘
246,09:54:52,9.14,0.01,32,29248,买盘
247,09:54:58,9.16,0.02,1,916,买盘
248,09:55:07,9.16,0.0,7,6412,买盘
249,09:55:09,9.16,0.0,4,3664,买盘
250,09:55:12,9.16,0.0,1,916,买盘
251,09:55:16,9.15,-0.01,1,915,卖盘
252,09:55:22,9.16,0.01,1,916,买盘
253,09:55:28,9.16,0.0,1,916,买盘
254,09:55:31,9.16,0.0,18,16488,买盘
255,09:55:36,9.15,-0.01,1,915,卖盘
256,09:55:39,9.16,0.01,13,11907,买盘
257,09:55:43,9.17,0.01,1,917,买盘
258,09:55:46,9.15,-0.02,5,4575,卖盘
259,09:55:49,9.15,0.0,12,10980,卖盘
260,09:55:52,9.15,0.0,6,5490,卖盘
261,09:55:58,9.16,0.01,6,5496,买盘
262,09:56:04,9.15,-0.01,6,5490,买盘
263,09:56:13,9.16,0.01,1,916,买盘
264,09:56:27,9.15,-0.01,1,915,买盘
265,09:56:37,9.13,-0.02,1,913,卖盘
266,09:56:43,9.15,0.02,1,915,买盘
267,09:56:57,9.15,0.0,1,915,买盘
268,09:57:13,9.15,0.0,1,915,买盘
269,09:57:27,9.15,0.0,20,18300,买盘
270,09:57:30,9.13,-0.02,1,913,卖盘
271,09:57:42,9.15,0.02,1,915,买盘
272,09:57:45,9.15,0.0,1,915,买盘
273,09:57:58,9.15,0.0,1,915,买盘
274,09:58:04,9.13,-0.02,4,3652,卖盘
275,09:58:13,9.13,0.0,2,1826,买盘
276,09:58:16,9.13,0.0,1,913,买盘
277,09:58:19,9.13,0.0,3,2739,买盘
278,09:58:25,9.13,0.0,1,913,买盘
279,09:58:28,9.12,-0.01,3,2738,卖盘
280,09:58:30,9.13,0.01,1,913,买盘
281,09:58:37,9.13,0.0,1,913,买盘
282,09:58:43,9.13,0.0,1,913,买盘
283,09:58:57,9.13,0.0,1,913,买盘
284,09:59:00,9.13,0.0,5,4565,买盘
285,09:59:13,9.13,0.0,1,913,买盘
286,09:59:18,9.13,0.0,2,1826,买盘
287,09:59:21,9.13,0.0,10,9130,买盘
288,09:59:25,9.13,0.0,1,913,中性盘
289,09:59:31,9.13,0.0,4,3652,买盘
290,09:59:37,9.12,-0.01,1,912,卖盘
291,10:00:25,9.14,0.02,3,2742,买盘
292,10:00:27,9.14,0.0,3,2742,卖盘
293,10:00:31,9.12,-0.02,14,12768,卖盘
294,10:00:43,9.12,0.0,1,912,卖盘
295,10:00:52,9.14,0.02,1,914,买盘
296,10:01:01,9.14,0.0,1,914,买盘
297,10:01:43,9.12,-0.02,1,912,卖盘
298,10:01:57,9.14,0.02,5,4570,买盘
299,10:02:01,9.14,0.0,10,9140,买盘
300,10:02:34,9.13,-0.01,1,913,卖盘
301,10:02:37,9.14,0.01,3,2742,买盘
302,10:03:10,9.13,-0.01,1,913,卖盘
303,10:03:28,9.14,0.01,6,5484,买盘
304,10:03:43,9.14,0.0,10,9140,买盘
305,10:04:25,9.13,-0.01,1,913,卖盘
306,10:04:31,9.13,0.0,2,1826,卖盘
307,10:04:36,9.13,0.0,2,1826,卖盘
308,10:04:40,9.13,0.0,2,1826,卖盘
309,10:04:43,9.13,0.0,2,1826,卖盘
310,10:04:45,9.13,0.0,2,1826,卖盘
311,10:04:49,9.13,0.0,2,1826,卖盘
312,10:04:51,9.13,0.0,2,1826,卖盘
313,10:04:54,9.13,0.0,2,1826,卖盘
314,10:04:57,9.13,0.0,7,6396,卖盘
315,10:05:00,9.13,0.0,2,1826,卖盘
316,10:05:04,9.13,0.0,2,1826,卖盘
317,10:05:06,9.12,-0.01,5,4564,卖盘
318,10:05:36,9.12,0.0,5,4564,卖盘
319,10:06:27,9.13,0.01,3,2739,买盘
320,10:06:34,9.13,0.0,3,2739,卖盘
321,10:06:42,9.12,-0.01,3,2736,卖盘
322,10:06:45,9.12,0.0,1,912,卖盘
323,10:06:52,9.12,0.0,3,2736,卖盘
324,10:06:55,9.12,0.0,7,6384,卖盘
325,10:07:12,9.12,0.0,2,1824,卖盘
326,10:07:16,9.12,0.0,1,912,卖盘
327,10:07:19,9.12,0.0,2,1824,卖盘
328,10:07:22,9.12,0.0,2,1824,卖盘
329,10:07:25,9.12,0.0,3,2736,卖盘
330,10:07:27,9.12,0.0,18,16416,卖盘
331,10:07:31,9.13,0.01,4,3649,买盘
332,10:07:34,9.12,-0.01,2,1824,卖盘
333,10:07:36,9.12,0.0,15,13680,卖盘
334,10:07:49,9.12,0.0,10,9120,买盘
335,10:07:55,9.12,0.0,1,912,买盘
336,10:08:04,9.11,-0.01,100,91104,卖盘
337,10:08:22,9.12,0.01,20,18240,卖盘
338,10:09:04,9.12,0.0,56,51072,卖盘
339,10:09:16,9.11,-0.01,7,6377,卖盘
340,10:09:34,9.09,-0.02,17,15463,卖盘
341,10:09:52,9.1,0.01,1,910,卖盘
342,10:10:46,9.08,-0.02,1,908,卖盘
343,10:10:49,9.08,0.0,7,6356,卖盘
344,10:10:52,9.08,0.0,48,43584,卖盘
345,10:10:54,9.08,0.0,4,3632,卖盘
346,10:10:57,9.08,0.0,23,20884,卖盘
347,10:11:01,9.08,0.0,3,2724,卖盘
348,10:11:07,9.08,0.0,1,908,卖盘
349,10:11:16,9.06,-0.02,2,1812,卖盘
350,10:11:19,9.06,0.0,1,906,卖盘
351,10:11:25,9.06,0.0,1,906,卖盘
352,10:11:27,9.06,0.0,1,906,卖盘
353,10:11:33,9.06,0.0,1,906,卖盘
354,10:11:46,9.06,0.0,2,1812,卖盘
355,10:11:48,9.06,0.0,1,906,卖盘
356,10:11:58,9.06,0.0,18,16308,卖盘
357,10:12:04,9.06,0.0,1,906,卖盘
358,10:12:16,9.06,0.0,2,1812,卖盘
359,10:12:22,9.06,0.0,24,21744,卖盘
360,10:12:25,9.06,0.0,4,3624,卖盘
361,10:12:28,9.06,0.0,58,52548,卖盘
362,10:12:46,9.05,-0.01,4,3626,卖盘
363,10:12:49,9.08,0.03,7,6353,买盘
364,10:12:52,9.05,-0.03,34,30770,卖盘
365,10:13:04,9.05,0.0,59,53395,卖盘
366,10:13:16,9.05,0.0,2,1810,卖盘
367,10:13:31,9.07,0.02,5,4535,买盘
368,10:13:36,9.06,-0.01,24,21748,卖盘
369,10:13:43,9.09,0.03,2,1818,买盘
370,10:13:46,9.08,-0.01,18,16364,卖盘
371,10:13:49,9.08,0.0,1,908,卖盘
372,10:13:52,9.08,0.0,2,1816,卖盘
373,10:14:16,9.1,0.02,2,1820,卖盘
374,10:14:46,9.1,0.0,1,910,卖盘
375,10:14:49,9.1,0.0,1,910,卖盘
376,10:14:55,9.11,0.01,3,2733,买盘
377,10:15:10,9.11,0.0,62,56482,卖盘
378,10:15:19,9.1,-0.01,2,1820,卖盘
379,10:15:22,9.1,0.0,42,38220,卖盘
380,10:15:25,9.1,0.0,4,3640,卖盘
381,10:15:27,9.1,0.0,2,1820,卖盘
382,10:15:34,9.09,-0.01,1,909,卖盘
383,10:15:49,9.09,0.0,3,2727,卖盘
384,10:16:18,9.09,0.0,2,1818,卖盘
385,10:16:28,9.06,-0.03,78,70739,卖盘
386,10:16:46,9.05,-0.01,3,2715,卖盘
387,10:17:51,9.05,0.0,17,15385,卖盘
388,10:18:24,9.05,0.0,7,6335,卖盘
389,10:18:27,9.05,0.0,1,905,卖盘
390,10:18:37,9.05,0.0,50,45250,卖盘
391,10:18:43,9.05,0.0,1,905,卖盘
392,10:18:46,9.05,0.0,4,3620,买盘
393,10:18:49,9.05,0.0,5,4525,卖盘
394,10:18:58,9.05,0.0,3,2715,卖盘
395,10:19:18,9.05,0.0,1,905,卖盘
396,10:19:25,9.05,0.0,2,1810,卖盘
397,10:19:55,9.05,0.0,2,1810,卖盘
398,10:20:00,9.06,0.01,2,1812,买盘
399,10:20:07,9.06,0.0,2,1812,买盘
400,10:20:13,9.06,0.0,2,1812,买盘
401,10:20:19,9.05,-0.01,25,22625,卖盘
402,10:20:27,9.05,0.0,3,2715,卖盘
403,10:20:43,9.05,0.0,1,905,卖盘
404,10:21:04,9.05,0.0,1,905,卖盘
405,10:21:13,9.05,0.0,14,12670,卖盘
406,10:21:43,9.06,0.01,3,2717,买盘
407,10:22:01,9.05,-0.01,6,5430,卖盘
408,10:22:13,9.06,0.01,87,78822,买盘
409,10:22:18,9.06,0.0,450,407700,买盘
410,10:22:25,9.06,0.0,96,86976,买盘
411,10:22:27,9.05,-0.01,23,20836,卖盘
412,10:22:31,9.06,0.01,82,74292,买盘
413,10:22:34,9.06,0.0,164,148584,买盘
414,10:22:46,9.09,0.03,1,909,买盘
415,10:22:48,9.09,0.0,5,4545,买盘
416,10:23:01,9.07,-0.02,2,1814,买盘
417,10:23:04,9.07,0.0,1,907,买盘
418,10:23:10,9.09,0.02,1,909,卖盘
419,10:23:21,9.07,-0.02,1,907,卖盘
420,10:23:25,9.09,0.02,1,909,买盘
421,10:23:28,9.07,-0.02,2,1814,卖盘
422,10:23:55,9.09,0.02,3,2729,卖盘
423,10:23:57,9.09,0.0,1,909,卖盘
424,10:24:07,9.11,0.02,30,27329,买盘
425,10:24:28,9.1,-0.01,2,1820,卖盘
426,10:24:31,9.1,0.0,55,50050,卖盘
427,10:24:43,9.09,-0.01,1,909,卖盘
428,10:24:54,9.09,0.0,2,1818,卖盘
429,10:24:57,9.09,0.0,2,1818,卖盘
430,10:25:10,9.09,0.0,20,18180,卖盘
431,10:25:24,9.09,0.0,2,1818,卖盘
432,10:25:54,9.08,-0.01,2,1816,卖盘
433,10:26:24,9.08,0.0,1,908,卖盘
434,10:26:27,9.08,0.0,1,908,卖盘
435,10:26:34,9.08,0.0,25,22700,卖盘
436,10:26:40,9.08,0.0,1,908,卖盘
437,10:26:43,9.08,0.0,1,908,卖盘
438,10:26:54,9.08,0.0,17,15451,卖盘
439,10:26:57,9.08,0.0,1,908,卖盘
440,10:27:28,9.08,0.0,2,1816,卖盘
441,10:27:43,9.08,0.0,1,908,卖盘
442,10:27:49,9.08,0.0,44,39952,卖盘
443,10:27:58,9.08,0.0,3,2722,买盘
444,10:28:04,9.09,0.01,10,9090,买盘
445,10:28:28,9.09,0.0,3,2727,卖盘
446,10:28:43,9.09,0.0,1,909,卖盘
447,10:28:58,9.1,0.01,52,47318,买盘
448,10:29:01,9.1,0.0,6,5460,买盘
449,10:29:07,9.1,0.0,2,1820,卖盘
450,10:29:18,9.1,0.0,10,9109,卖盘
451,10:29:28,9.1,0.0,2,1820,卖盘
452,10:29:34,9.1,0.0,30,27300,卖盘
453,10:29:42,9.1,0.0,1,910,卖盘
454,10:29:58,9.1,0.0,2,1820,卖盘
455,10:30:25,9.1,0.0,8,7280,卖盘
456,10:30:28,9.1,0.0,4,3640,卖盘
457,10:30:36,9.1,0.0,1,910,卖盘
458,10:30:54,9.1,0.0,24,21840,卖盘
459,10:30:57,9.09,-0.01,62,56418,卖盘
460,10:31:10,9.09,0.0,4,3636,卖盘
461,10:31:15,9.09,0.0,3,2727,卖盘
462,10:31:18,9.09,0.0,3,2727,卖盘
463,10:31:28,9.09,0.0,18,16362,买盘
464,10:31:37,9.08,-0.01,10,9081,卖盘
465,10:31:40,9.08,0.0,7,6356,买盘
466,10:31:43,9.08,0.0,2,1816,买盘
467,10:31:46,9.08,0.0,1,908,买盘
468,10:31:48,9.08,0.0,1,908,买盘
469,10:31:51,9.08,0.0,1,908,买盘
470,10:31:54,9.08,0.0,1,908,买盘
471,10:31:57,9.07,-0.01,3,2722,卖盘
472,10:32:01,9.08,0.01,1,908,买盘
473,10:32:07,9.08,0.0,1,908,买盘
474,10:32:10,9.05,-0.03,35,31709,卖盘
475,10:32:27,9.05,0.0,3,2715,卖盘
476,10:32:58,9.06,0.01,2,1812,卖盘
477,10:33:27,9.07,0.01,2,1814,卖盘
478,10:33:57,9.07,0.0,3,2721,卖盘
479,10:34:07,9.07,0.0,6,5442,卖盘
480,10:34:13,9.07,0.0,16,14512,卖盘
481,10:34:27,9.05,-0.02,2,1810,卖盘
482,10:34:43,9.05,0.0,52,47060,卖盘
483,10:34:46,9.07,0.02,10,9059,买盘
484,10:35:03,9.07,0.0,1,907,买盘
485,10:35:13,9.05,-0.02,3,2715,卖盘
486,10:36:19,9.05,0.0,10,9050,卖盘
487,10:36:21,9.05,0.0,2,1810,卖盘
488,10:36:33,9.05,0.0,11,9955,卖盘
489,10:36:39,9.05,0.0,10,9050,卖盘
490,10:37:10,9.05,0.0,10,9050,买盘
491,10:37:13,9.03,-0.02,27,24398,卖盘
492,10:37:16,9.05,0.02,10,9050,买盘
493,10:38:27,9.06,0.01,1,906,买盘
494,10:38:46,9.06,0.0,5,4530,买盘
495,10:38:51,9.07,0.01,3,2721,买盘
496,10:39:16,9.08,0.01,23,20884,买盘
497,10:39:34,9.08,0.0,1,908,买盘
498,10:40:04,9.08,0.0,2,1816,卖盘
499,10:40:31,9.08,0.0,1,908,卖盘
500,10:40:34,9.07,-0.01,2,1815,卖盘
501,10:40:36,9.09,0.02,5,4544,买盘
502,10:41:40,9.07,-0.02,4,3628,卖盘
503,10:42:10,9.07,0.0,3,2721,卖盘
504,10:42:13,9.05,-0.02,61,55284,卖盘
505,10:42:36,9.06,0.01,4,3624,卖盘
506,10:43:06,9.06,0.0,3,2718,卖盘
507,10:43:34,9.08,0.02,6,5448,买盘
508,10:43:40,9.08,0.0,3,2724,卖盘
509,10:44:10,9.08,0.0,4,3632,卖盘
510,10:44:40,9.08,0.0,3,2724,卖盘
511,10:45:07,9.05,-0.03,4,3626,卖盘
512,10:45:37,9.06,0.01,1,906,卖盘
513,10:45:40,9.06,0.0,4,3624,卖盘
514,10:46:09,9.06,0.0,4,3626,卖盘
515,10:46:37,9.06,0.0,4,3624,卖盘
516,10:47:07,9.05,-0.01,3,2716,卖盘
517,10:47:33,9.04,-0.01,294,265879,卖盘
518,10:47:36,9.04,0.0,10,9040,买盘
519,10:47:39,9.03,-0.01,22,19866,卖盘
520,10:47:42,9.04,0.01,3,2712,买盘
521,10:47:49,9.04,0.0,4,3616,买盘
522,10:47:52,9.04,0.0,4,3616,买盘
523,10:47:55,9.04,0.0,6,5424,买盘
524,10:47:58,9.04,0.0,17,15368,买盘
525,10:48:01,9.04,0.0,6,5424,买盘
526,10:48:04,9.04,0.0,5,4520,买盘
527,10:48:06,9.03,-0.01,5,4520,卖盘
528,10:48:09,9.05,0.02,1,905,买盘
529,10:48:12,9.05,0.0,1,905,买盘
530,10:48:16,9.05,0.0,1,905,买盘
531,10:49:03,9.06,0.01,10,9060,卖盘
532,10:49:31,9.05,-0.01,1,905,卖盘
533,10:49:37,9.05,0.0,6,5430,卖盘
534,10:49:54,9.06,0.01,16,14496,买盘
535,10:50:06,9.09,0.03,1,909,买盘
536,10:50:10,9.09,0.0,1,909,买盘
537,10:50:19,9.09,0.0,1,909,买盘
538,10:50:43,9.09,0.0,3,2727,买盘
539,10:51:25,9.1,0.01,20,18200,买盘
540,10:51:34,9.1,0.0,20,18200,买盘
541,10:52:16,9.11,0.01,10,9110,买盘
542,10:53:10,9.11,0.0,5,4555,买盘
543,10:54:09,9.09,-0.02,22,19998,卖盘
544,10:56:43,9.08,-0.01,11,9988,卖盘
545,10:57:18,9.06,-0.02,5,4530,卖盘
546,10:57:24,9.06,0.0,4,3624,卖盘
547,10:57:46,9.06,0.0,10,9060,卖盘
548,10:57:57,9.06,0.0,3,2718,卖盘
549,10:58:24,9.06,0.0,4,3624,卖盘
550,10:58:43,9.05,-0.01,50,45251,卖盘
551,10:58:54,9.06,0.01,3,2718,卖盘
552,10:59:27,9.06,0.0,4,3624,卖盘
553,10:59:57,9.06,0.0,4,3624,卖盘
554,11:00:27,9.06,0.0,2,1812,卖盘
555,11:01:07,9.06,0.0,6,5436,卖盘
556,11:02:16,9.07,0.01,1,907,买盘
557,11:02:27,9.06,-0.01,5,4530,卖盘
558,11:03:52,9.06,0.0,33,29898,卖盘
559,11:05:07,9.05,-0.01,6,5430,卖盘
560,11:06:04,9.03,-0.02,100,90403,卖盘
561,11:07:07,9.02,-0.01,100,90292,卖盘
562,11:08:18,9.04,0.02,104,93914,买盘
563,11:09:00,9.03,-0.01,6,5418,卖盘
564,11:09:22,9.05,0.02,5,4525,买盘
565,11:09:24,9.04,-0.01,25,22600,卖盘
566,11:09:52,9.04,0.0,31,28024,卖盘
567,11:09:58,9.03,-0.01,2,1806,卖盘
568,11:10:03,9.03,0.0,4,3612,买盘
569,11:10:22,9.03,0.0,12,10836,买盘
570,11:10:36,9.01,-0.02,200,180346,卖盘
571,11:11:01,9.02,0.01,30,27060,买盘
572,11:11:09,9.02,0.0,11,9922,买盘
573,11:11:21,9.02,0.0,9,8118,买盘
574,11:11:40,9.03,0.01,4,3612,买盘
575,11:12:48,9.02,-0.01,58,52316,卖盘
576,11:12:51,9.03,0.01,3,2709,买盘
577,11:12:54,9.02,-0.01,3,2706,卖盘
578,11:13:01,9.02,0.0,10,9020,卖盘
579,11:13:18,9.01,-0.01,2,1802,卖盘
580,11:13:21,9.02,0.01,12,10824,买盘
581,11:13:24,9.01,-0.01,7,6307,卖盘
582,11:13:33,9.01,0.0,32,28832,卖盘
583,11:13:39,9.01,0.0,70,63070,卖盘
584,11:13:45,9.01,0.0,54,48654,卖盘
585,11:13:49,9.01,0.0,11,9911,中性盘
586,11:13:58,8.99,-0.02,156,140374,卖盘
587,11:14:04,8.99,0.0,10,8990,卖盘
588,11:14:07,9.0,0.01,40,35963,买盘
589,11:14:09,8.98,-0.02,8,7184,卖盘
590,11:14:13,8.98,0.0,4,3592,卖盘
591,11:14:27,8.98,0.0,1,898,卖盘
592,11:14:33,8.97,-0.01,50,44851,卖盘
593,11:14:52,8.98,0.01,14,12572,卖盘
594,11:14:55,8.99,0.01,2,1798,买盘
595,11:15:01,8.98,-0.01,12,10776,卖盘
596,11:15:04,8.99,0.01,1,899,买盘
597,11:15:19,8.98,-0.01,1,898,卖盘
598,11:15:25,8.98,0.0,17,15266,卖盘
599,11:15:45,8.98,0.0,20,17960,买盘
600,11:15:49,8.97,-0.01,5,4485,卖盘
601,11:15:52,8.98,0.01,1,898,买盘
602,11:15:55,8.98,0.0,1,898,卖盘
603,11:16:39,8.99,0.01,5,4495,买盘
604,11:16:46,8.98,-0.01,28,25144,卖盘
605,11:16:49,8.98,0.0,43,38614,买盘
606,11:16:51,8.98,0.0,8,7184,买盘
607,11:16:54,8.98,0.0,3,2694,买盘
608,11:16:57,8.98,0.0,8,7184,买盘
609,11:17:01,8.97,-0.01,5,4487,卖盘
610,11:19:57,8.99,0.02,5,4495,买盘
611,11:20:22,8.99,0.0,2,1798,买盘
612,11:20:37,8.98,-0.01,6,5388,卖盘
613,11:20:58,8.99,0.01,7,6293,买盘
614,11:21:04,8.99,0.0,20,17980,买盘
615,11:21:09,8.99,0.0,2,1798,买盘
616,11:21:22,8.98,-0.01,50,44900,卖盘
617,11:22:36,8.98,0.0,17,15266,卖盘
618,11:22:55,8.98,0.0,10,8980,卖盘
619,11:23:43,8.98,0.0,23,20654,卖盘
620,11:24:24,8.98,0.0,10,8980,买盘
621,11:24:31,8.98,0.0,12,10776,买盘
622,11:24:43,8.98,0.0,5,4490,买盘
623,11:24:49,8.98,0.0,2,1796,卖盘
624,11:25:36,8.98,0.0,8,7184,卖盘
625,11:25:42,8.98,0.0,4,3592,买盘
626,11:25:48,8.98,0.0,11,9878,买盘
627,11:26:09,9.0,0.02,11,9900,卖盘
628,11:26:46,9.0,0.0,10,9000,卖盘
629,11:26:57,9.01,0.01,9,8109,买盘
630,11:27:07,9.01,0.0,1,901,卖盘
631,11:27:19,9.0,-0.01,16,14400,卖盘
632,11:29:09,9.0,0.0,9,8100,卖盘
633,13:00:04,9.0,0.0,1,900,卖盘
634,13:00:07,9.01,0.01,21,18921,买盘
635,13:01:39,9.01,0.0,2,1802,买盘
636,13:02:03,9.02,0.01,1,902,买盘
637,13:02:10,9.02,0.0,1,902,买盘
638,13:02:15,9.01,-0.01,6,5407,卖盘
639,13:03:27,8.99,-0.02,9,8091,中性盘
640,13:04:06,8.99,0.0,20,17980,卖盘
641,13:04:48,8.98,-0.01,10,8980,卖盘
642,13:05:40,9.01,0.03,1,901,买盘
643,13:06:15,9.01,0.0,4,3604,卖盘
644,13:06:45,8.99,-0.02,30,26970,卖盘
645,13:07:25,9.01,0.02,1,901,买盘
646,13:08:01,9.01,0.0,1,901,买盘
647,13:08:04,9.01,0.0,1,901,买盘
648,13:08:12,9.01,0.0,9,8109,卖盘
649,13:09:15,8.99,-0.02,15,13485,卖盘
650,13:09:28,8.99,0.0,1,899,买盘
651,13:09:45,9.0,0.01,2,1800,买盘
652,13:09:51,9.0,0.0,3,2700,卖盘
653,13:11:36,8.98,-0.02,36,32332,卖盘
654,13:11:42,8.98,0.0,10,8980,买盘
655,13:11:52,8.97,-0.01,77,69069,卖盘
656,13:12:01,8.97,0.0,10,8970,买盘
657,13:12:15,8.96,-0.01,114,102144,卖盘
658,13:12:21,8.96,0.0,1,896,卖盘
659,13:12:27,8.96,0.0,5,4480,卖盘
660,13:12:36,8.95,-0.01,10,8950,卖盘
661,13:12:39,8.96,0.01,10,8960,买盘
662,13:12:45,8.95,-0.01,41,36695,卖盘
663,13:12:48,8.94,-0.01,22,19668,中性盘
664,13:13:04,8.94,0.0,22,19668,卖盘
665,13:13:10,8.95,0.01,94,84038,买盘
666,13:13:18,8.94,-0.01,10,8940,中性盘
667,13:13:21,8.94,0.0,10,8940,买盘
668,13:13:24,8.94,0.0,1,894,买盘
669,13:13:33,8.94,0.0,14,12516,卖盘
670,13:13:39,8.94,0.0,24,21456,买盘
671,13:13:48,8.93,-0.01,100,89300,卖盘
672,13:13:51,8.93,0.0,10,8930,卖盘
673,13:14:01,8.93,0.0,11,9823,卖盘
674,13:14:04,8.93,0.0,4,3572,买盘
675,13:14:07,8.93,0.0,2,1786,卖盘
676,13:14:10,8.93,0.0,3,2679,卖盘
677,13:14:18,8.93,0.0,10,8930,买盘
678,13:14:28,8.93,0.0,10,8930,买盘
679,13:14:31,8.93,0.0,10,8930,买盘
680,13:14:43,8.93,0.0,1,893,买盘
681,13:14:48,8.93,0.0,9,8037,买盘
682,13:14:51,8.93,0.0,11,9823,卖盘
683,13:15:04,8.92,-0.01,84,74928,卖盘
684,13:15:22,8.93,0.01,20,17860,买盘
685,13:15:30,8.92,-0.01,3,2676,卖盘
686,13:15:39,8.93,0.01,3,2679,买盘
687,13:15:48,8.93,0.0,7,6251,买盘
688,13:15:51,8.93,0.0,5,4465,卖盘
689,13:16:01,8.93,0.0,17,15181,买盘
690,13:16:07,8.92,-0.01,43,38382,卖盘
691,13:16:25,8.92,0.0,1,892,卖盘
692,13:16:33,8.92,0.0,96,85632,卖盘
693,13:16:37,8.92,0.0,4,3568,买盘
694,13:16:43,8.92,0.0,50,44600,买盘
695,13:16:46,8.92,0.0,10,8920,买盘
696,13:16:52,8.91,-0.01,4,3564,卖盘
697,13:16:55,8.92,0.01,5,4460,买盘
698,13:16:58,8.92,0.0,24,21408,买盘
699,13:17:00,8.91,-0.01,100,89100,卖盘
700,13:17:03,8.91,0.0,3,2673,卖盘
701,13:17:16,8.9,-0.01,196,174440,卖盘
702,13:17:22,8.92,0.02,135,120354,买盘
703,13:17:52,8.91,-0.01,12,10692,买盘
704,13:17:55,8.9,-0.01,109,97018,卖盘
705,13:17:58,8.91,0.01,10,8910,卖盘
706,13:18:01,8.91,0.0,12,10692,买盘
707,13:18:07,8.91,0.0,8,7138,卖盘
708,13:18:28,8.91,0.0,31,27621,卖盘
709,13:18:48,8.91,0.0,49,43659,买盘
710,13:18:54,8.9,-0.01,103,91768,卖盘
711,13:19:01,8.94,0.04,3,2682,买盘
712,13:19:10,8.9,-0.04,63,56117,卖盘
713,13:19:13,8.91,0.01,4,3564,中性盘
714,13:19:16,8.93,0.02,9,8037,买盘
715,13:19:31,8.91,-0.02,57,50829,卖盘
716,13:19:33,8.91,0.0,5,4455,买盘
717,13:19:46,8.9,-0.01,4,3560,卖盘
718,13:19:55,8.91,0.01,6,5346,买盘
719,13:20:04,8.9,-0.01,164,145960,卖盘
720,13:20:06,8.91,0.01,61,54291,买盘
721,13:20:31,8.91,0.0,28,24901,买盘
722,13:20:43,8.91,0.0,6,5346,买盘
723,13:20:48,8.91,0.0,4,3564,买盘
724,13:20:52,8.91,0.0,3,2673,买盘
725,13:21:07,8.9,-0.01,3,2670,卖盘
726,13:21:37,8.94,0.04,1,894,买盘
727,13:21:40,8.9,-0.04,62,55222,卖盘
728,13:21:46,8.9,0.0,38,33820,买盘
729,13:22:07,8.9,0.0,8,7120,卖盘
730,13:22:28,8.94,0.04,15,13410,买盘
731,13:22:58,8.92,-0.02,4,3568,卖盘
732,13:23:37,8.93,0.01,2,1786,买盘
733,13:24:01,8.93,0.0,6,5358,卖盘
734,13:24:04,8.93,0.0,5,4465,买盘
735,13:24:36,8.93,0.0,30,26790,买盘
736,13:24:39,8.93,0.0,5,4465,买盘
737,13:24:52,8.92,-0.01,3,2676,卖盘
738,13:25:16,8.93,0.01,4,3572,买盘
739,13:25:52,8.93,0.0,1,893,卖盘
740,13:26:15,8.94,0.01,10,8940,买盘
741,13:26:43,8.93,-0.01,4,3572,卖盘
742,13:27:34,8.92,-0.01,60,53534,卖盘
743,13:28:16,8.9,-0.02,7,6230,卖盘
744,13:28:31,8.9,0.0,7,6230,卖盘
745,13:28:36,8.9,0.0,3,2671,卖盘
746,13:28:57,8.89,-0.01,176,156570,卖盘
747,13:29:06,8.89,0.0,11,9779,买盘
748,13:29:16,8.89,0.0,52,46277,卖盘
749,13:29:19,8.92,0.03,62,55158,买盘
750,13:29:24,8.92,0.0,2,1784,卖盘
751,13:29:39,8.92,0.0,5,4460,卖盘
752,13:29:52,8.94,0.02,10,8933,买盘
753,13:29:54,8.92,-0.02,31,27652,卖盘
754,13:30:28,8.9,-0.02,4,3560,卖盘
755,13:31:00,8.9,0.0,1,890,卖盘
756,13:31:16,8.91,0.01,10,8910,卖盘
757,13:31:25,8.91,0.0,3,2673,中性盘
758,13:31:55,8.9,-0.01,2,1780,卖盘
759,13:32:04,8.9,0.0,38,33824,卖盘
760,13:32:16,8.93,0.03,10,8929,买盘
761,13:32:22,8.9,-0.03,3,2670,卖盘
762,13:32:37,8.9,0.0,4,3560,卖盘
763,13:32:39,8.9,0.0,1,890,买盘
764,13:32:48,8.88,-0.02,100,88831,卖盘
765,13:32:54,8.88,0.0,75,66600,卖盘
766,13:32:58,8.88,0.0,5,4440,卖盘
767,13:33:06,8.87,-0.01,20,17740,卖盘
768,13:33:09,8.87,0.0,26,23062,卖盘
769,13:33:12,8.87,0.0,1,887,买盘
770,13:33:25,8.86,-0.01,110,97609,卖盘
771,13:33:27,8.88,0.02,8,7104,买盘
772,13:33:30,8.86,-0.02,121,107206,卖盘
773,13:33:34,8.88,0.02,2,1776,买盘
774,13:33:43,8.87,-0.01,2,1774,卖盘
775,13:33:46,8.86,-0.01,39,34554,卖盘
776,13:33:49,8.88,0.02,9,7992,买盘
777,13:34:12,8.86,-0.02,4,3544,卖盘
778,13:34:15,8.87,0.01,22,19514,买盘
779,13:34:18,8.86,-0.01,10,8860,卖盘
780,13:34:25,8.86,0.0,9,7974,卖盘
781,13:34:46,8.86,0.0,8,7088,卖盘
782,13:34:49,8.86,0.0,5,4430,卖盘
783,13:35:04,8.86,0.0,23,20378,卖盘
784,13:35:06,8.86,0.0,9,7974,卖盘
785,13:35:09,8.86,0.0,3,2658,卖盘
786,13:35:24,8.86,0.0,4,3544,卖盘
787,13:35:30,8.86,0.0,1,886,卖盘
788,13:35:37,8.87,0.01,1,887,买盘
789,13:35:40,8.87,0.0,38,33706,买盘
790,13:35:43,8.87,0.0,5,4435,卖盘
791,13:35:49,8.88,0.01,5,4440,买盘
792,13:35:52,8.88,0.0,10,8880,买盘
793,13:35:55,8.88,0.0,3,2664,买盘
794,13:35:58,8.88,0.0,7,6216,买盘
795,13:36:00,8.88,0.0,3,2664,买盘
796,13:36:06,8.88,0.0,8,7104,买盘
797,13:36:46,8.9,0.02,3,2670,卖盘
798,13:37:04,8.9,0.0,4,3560,买盘
799,13:37:07,8.9,0.0,3,2670,买盘
800,13:37:10,8.9,0.0,3,2670,买盘
801,13:37:13,8.9,0.0,3,2670,中性盘
802,13:37:24,8.89,-0.01,4,3556,卖盘
803,13:37:49,8.9,0.01,9,8010,买盘
804,13:37:52,8.89,-0.01,1,889,卖盘
805,13:37:57,8.89,0.0,1,889,买盘
806,13:38:06,8.89,0.0,3,2667,卖盘
807,13:38:09,8.88,-0.01,11,9776,卖盘
808,13:38:31,8.88,0.0,8,7104,卖盘
809,13:38:40,8.87,-0.01,45,39920,卖盘
810,13:38:55,8.87,0.0,8,7096,卖盘
811,13:39:01,8.88,0.01,1,888,中性盘
812,13:39:07,8.86,-0.02,28,24808,卖盘
813,13:39:16,8.88,0.02,1,888,卖盘
814,13:39:18,8.86,-0.02,8,7102,卖盘
815,13:39:28,8.87,0.01,6,5322,卖盘
816,13:39:34,8.87,0.0,3,2661,卖盘
817,13:39:42,8.88,0.01,1,888,买盘
818,13:39:51,8.87,-0.01,4,3548,卖盘
819,13:39:55,8.87,0.0,2,1774,卖盘
820,13:40:13,8.87,0.0,21,18637,卖盘
821,13:40:31,8.87,0.0,33,29291,卖盘
822,13:40:52,8.88,0.01,77,68376,买盘
823,13:41:27,8.88,0.0,2,1776,卖盘
824,13:41:34,8.89,0.01,10,8890,买盘
825,13:41:36,8.88,-0.01,3,2664,卖盘
826,13:41:51,8.89,0.01,15,13335,买盘
827,13:41:55,8.89,0.0,9,8001,买盘
828,13:42:01,8.89,0.0,5,4445,买盘
829,13:42:13,8.9,0.01,2,1780,买盘
830,13:42:33,8.9,0.0,3,2670,买盘
831,13:43:04,8.9,0.0,8,7120,买盘
832,13:43:15,8.91,0.01,3,2673,买盘
833,13:43:27,8.91,0.0,2,1782,买盘
834,13:43:30,8.91,0.0,1,891,买盘
835,13:43:33,8.9,-0.01,3,2670,卖盘
836,13:43:37,8.9,0.0,4,3560,卖盘
837,13:43:39,8.91,0.01,4,3564,买盘
838,13:44:19,8.91,0.0,9,8019,卖盘
839,13:44:22,8.91,0.0,16,14256,卖盘
840,13:44:33,8.91,0.0,28,24948,买盘
841,13:44:54,8.9,-0.01,1,890,卖盘
842,13:44:58,8.92,0.02,21,18731,买盘
843,13:45:04,8.89,-0.03,2,1778,卖盘
844,13:45:21,8.89,0.0,3,2667,卖盘
845,13:45:40,8.91,0.02,2,1782,买盘
846,13:46:13,8.91,0.0,29,25839,买盘
847,13:46:24,8.9,-0.01,4,3560,卖盘
848,13:46:27,8.9,0.0,17,15130,卖盘
849,13:46:40,8.9,0.0,4,3560,买盘
850,13:46:55,8.89,-0.01,300,266725,卖盘
851,13:47:04,8.9,0.01,4,3560,买盘
852,13:47:06,8.89,-0.01,29,25781,卖盘
853,13:47:12,8.88,-0.01,4,3552,卖盘
854,13:47:16,8.89,0.01,2,1778,买盘
855,13:47:33,8.89,0.0,7,6223,买盘
856,13:47:36,8.9,0.01,18,16012,买盘
857,13:47:42,8.9,0.0,223,198470,买盘
858,13:48:00,8.91,0.01,2,1782,买盘
859,13:48:04,8.9,-0.01,69,61414,卖盘
860,13:48:31,8.91,0.01,5,4455,卖盘
861,13:48:39,8.91,0.0,1,891,买盘
862,13:48:48,8.91,0.0,4,3564,买盘
863,13:48:54,8.91,0.0,11,9801,买盘
864,13:48:57,8.92,0.01,2,1784,买盘
865,13:49:00,8.92,0.0,20,17840,买盘
866,13:49:10,8.92,0.0,34,30325,买盘
867,13:49:18,8.92,0.0,20,17840,买盘
868,13:49:27,8.92,0.0,6,5352,买盘
869,13:49:48,8.93,0.01,5,4465,卖盘
870,13:49:58,8.94,0.01,20,17880,买盘
871,13:50:04,8.94,0.0,7,6258,买盘
872,13:50:07,8.93,-0.01,4,3572,卖盘
873,13:50:25,8.92,-0.01,4,3568,卖盘
874,13:50:28,8.92,0.0,1,892,卖盘
875,13:50:37,8.93,0.01,2,1786,买盘
876,13:50:40,8.93,0.0,1,893,买盘
877,13:50:46,8.93,0.0,20,17860,买盘
878,13:50:49,8.93,0.0,4,3572,买盘
879,13:50:58,8.93,0.0,4,3572,卖盘
880,13:51:30,8.94,0.01,1,894,卖盘
881,13:51:33,8.93,-0.01,175,156275,卖盘
882,13:51:55,8.93,0.0,18,16074,卖盘
883,13:52:21,8.93,0.0,2,1786,买盘
884,13:52:25,8.92,-0.01,175,156100,卖盘
885,13:52:48,8.92,0.0,10,8920,买盘
886,13:52:52,8.91,-0.01,3,2673,卖盘
887,13:53:28,8.91,0.0,8,7128,卖盘
888,13:53:30,8.91,0.0,19,16929,卖盘
889,13:53:45,8.94,0.03,16,14264,买盘
890,13:54:07,8.91,-0.03,10,8910,卖盘
891,13:54:15,8.91,0.0,1,891,卖盘
892,13:54:21,8.91,0.0,3,2673,卖盘
893,13:54:34,8.91,0.0,3,2673,卖盘
894,13:54:43,8.91,0.0,4,3564,卖盘
895,13:56:25,8.91,0.0,9,8019,卖盘
896,13:56:37,8.9,-0.01,3,2670,卖盘
897,13:56:49,8.91,0.01,15,13365,买盘
898,13:56:52,8.91,0.0,25,22275,卖盘
899,13:57:09,8.91,0.0,16,14256,卖盘
900,13:57:19,8.92,0.01,3,2676,买盘
901,13:57:22,8.92,0.0,9,8028,卖盘
902,13:57:40,8.92,0.0,3,2676,买盘
903,13:57:52,8.92,0.0,2,1784,买盘
904,13:58:04,8.91,-0.01,25,22275,卖盘
905,13:58:22,8.91,0.0,17,15147,卖盘
906,13:58:28,8.91,0.0,4,3564,卖盘
907,13:58:33,8.91,0.0,35,31185,卖盘
908,13:58:40,8.91,0.0,2,1782,买盘
909,13:58:51,8.9,-0.01,8,7120,卖盘
910,13:59:04,8.9,0.0,15,13350,卖盘
911,13:59:15,8.9,0.0,27,24030,卖盘
912,13:59:24,8.9,0.0,8,7120,卖盘
913,13:59:36,8.9,0.0,1,890,买盘
914,13:59:55,8.9,0.0,3,2670,买盘
915,14:00:04,8.91,0.01,1,891,买盘
916,14:00:06,8.91,0.0,4,3564,买盘
917,14:00:09,8.91,0.0,2,1782,买盘
918,14:00:34,8.91,0.0,10,8910,买盘
919,14:00:40,8.9,-0.01,26,23140,卖盘
920,14:00:52,8.93,0.03,6,5356,买盘
921,14:00:58,8.91,-0.02,5,4455,买盘
922,14:01:01,8.91,0.0,5,4455,买盘
923,14:01:04,8.91,0.0,6,5346,买盘
924,14:01:07,8.91,0.0,1,891,买盘
925,14:01:13,8.91,0.0,1,891,买盘
926,14:01:15,8.91,0.0,6,5346,买盘
927,14:01:25,8.91,0.0,3,2673,卖盘
928,14:01:34,8.91,0.0,18,16038,卖盘
929,14:01:40,8.91,0.0,4,3564,买盘
930,14:01:57,8.9,-0.01,4,3562,卖盘
931,14:02:07,8.9,0.0,31,27590,卖盘
932,14:02:16,8.9,0.0,10,8900,卖盘
933,14:03:01,8.89,-0.01,16,14224,卖盘
934,14:03:18,8.9,0.01,3,2670,买盘
935,14:03:28,8.9,0.0,1,890,买盘
936,14:04:06,8.89,-0.01,7,6223,卖盘
937,14:04:48,8.89,0.0,5,4445,卖盘
938,14:05:07,8.89,0.0,5,4449,卖盘
939,14:05:25,8.89,0.0,4,3556,卖盘
940,14:06:31,8.91,0.02,1,891,买盘
941,14:06:33,8.91,0.0,4,3564,买盘
942,14:06:37,8.91,0.0,6,5346,买盘
943,14:06:39,8.91,0.0,6,5346,买盘
944,14:06:42,8.91,0.0,2,1782,买盘
945,14:07:16,8.92,0.01,1,892,买盘
946,14:07:18,8.92,0.0,10,8920,买盘
947,14:07:25,8.92,0.0,16,14272,卖盘
948,14:07:28,8.92,0.0,4,3568,卖盘
949,14:07:31,8.92,0.0,2,1784,卖盘
950,14:07:54,8.93,0.01,8,7144,买盘
951,14:08:04,8.93,0.0,30,26790,卖盘
952,14:08:22,8.93,0.0,1,893,卖盘
953,14:08:49,8.94,0.01,6,5364,买盘
954,14:08:55,8.94,0.0,20,17880,买盘
955,14:08:58,8.94,0.0,13,11622,买盘
956,14:09:16,8.95,0.01,14,12529,买盘
957,14:09:22,8.94,-0.01,3,2682,卖盘
958,14:09:28,8.99,0.05,50,44891,买盘
959,14:09:34,8.94,-0.05,3,2682,卖盘
960,14:10:04,8.96,0.02,4,3584,买盘
961,14:10:19,8.95,-0.01,8,7160,卖盘
962,14:10:42,8.96,0.01,10,8960,买盘
963,14:10:49,8.95,-0.01,17,15215,卖盘
964,14:10:55,8.95,0.0,24,21490,卖盘
965,14:11:09,8.95,0.0,28,25060,买盘
966,14:11:15,8.95,0.0,9,8055,买盘
967,14:11:21,8.95,0.0,1,895,卖盘
968,14:11:27,8.95,0.0,5,4475,买盘
969,14:11:30,8.97,0.02,97,86924,买盘
970,14:11:37,8.97,0.0,5,4485,卖盘
971,14:11:39,8.97,0.0,93,83421,卖盘
972,14:11:42,8.95,-0.02,1,895,买盘
973,14:11:51,8.95,0.0,8,7160,买盘
974,14:12:15,8.94,-0.01,16,14304,卖盘
975,14:12:57,8.93,-0.01,14,12502,卖盘
976,14:13:06,8.93,0.0,10,8930,买盘
977,14:13:13,8.93,0.0,13,11609,买盘
978,14:13:34,8.92,-0.01,3,2676,卖盘
979,14:13:39,8.92,0.0,30,26760,卖盘
980,14:13:46,8.92,0.0,2,1784,买盘
981,14:13:49,8.92,0.0,16,14272,买盘
982,14:13:55,8.93,0.01,27,24111,卖盘
983,14:13:58,8.93,0.0,32,28576,卖盘
984,14:14:09,8.93,0.0,29,25897,卖盘
985,14:14:48,8.92,-0.01,22,19624,卖盘
986,14:15:01,8.92,0.0,2,1784,买盘
987,14:15:15,8.92,0.0,10,8920,买盘
988,14:15:37,8.91,-0.01,48,42768,卖盘
989,14:15:58,8.91,0.0,3,2673,买盘
990,14:16:04,8.91,0.0,8,7128,买盘
991,14:16:06,8.9,-0.01,2,1780,卖盘
992,14:16:13,8.91,0.01,11,9801,买盘
993,14:16:16,8.9,-0.01,33,29370,卖盘
994,14:16:19,8.91,0.01,1,891,买盘
995,14:16:21,8.91,0.0,34,30296,买盘
996,14:16:25,8.91,0.0,2,1782,卖盘
997,14:16:27,8.92,0.01,1,892,买盘
998,14:16:34,8.92,0.0,3,2676,买盘
999,14:16:37,8.92,0.0,29,25868,买盘
1000,14:16:43,8.92,0.0,1,892,买盘
1001,14:16:52,8.92,0.0,2,1784,买盘
1002,14:16:57,8.91,-0.01,2,1782,卖盘
1003,14:17:00,8.92,0.01,19,16932,买盘
1004,14:17:04,8.91,-0.01,31,27621,卖盘
1005,14:17:06,8.91,0.0,17,15147,卖盘
1006,14:17:13,8.91,0.0,5,4455,买盘
1007,14:17:18,8.91,0.0,1,891,买盘
1008,14:17:21,8.91,0.0,14,12474,买盘
1009,14:17:27,8.91,0.0,1,891,买盘
1010,14:17:33,8.91,0.0,47,41877,买盘
1011,14:17:46,8.92,0.01,2,1784,买盘
1012,14:17:58,8.92,0.0,2,1784,买盘
1013,14:18:13,8.91,-0.01,11,9801,卖盘
1014,14:18:15,8.91,0.0,20,17820,买盘
1015,14:18:21,8.91,0.0,1,891,买盘
1016,14:18:24,8.91,0.0,1,891,买盘
1017,14:18:31,8.9,-0.01,11,9791,卖盘
1018,14:18:34,8.91,0.01,12,10692,买盘
1019,14:18:43,8.91,0.0,28,24948,卖盘
1020,14:19:09,8.91,0.0,3,2673,买盘
1021,14:19:19,8.91,0.0,21,18711,买盘
1022,14:19:42,8.9,-0.01,26,23140,卖盘
1023,14:19:49,8.91,0.01,1,891,买盘
1024,14:20:06,8.9,-0.01,5,4450,卖盘
1025,14:20:22,8.91,0.01,2,1782,买盘
1026,14:20:25,8.9,-0.01,2,1780,卖盘
1027,14:20:28,8.9,0.0,29,25810,卖盘
1028,14:20:30,8.9,0.0,11,9790,卖盘
1029,14:20:40,8.91,0.01,31,27621,买盘
1030,14:20:43,8.9,-0.01,20,17800,卖盘
1031,14:22:04,8.91,0.01,10,8910,卖盘
1032,14:24:22,8.92,0.01,2,1784,卖盘
1033,14:24:33,8.92,0.0,1,892,卖盘
1034,14:24:46,8.93,0.01,4,3572,买盘
1035,14:24:57,8.93,0.0,6,5358,卖盘
1036,14:25:28,8.93,0.0,5,4465,卖盘
1037,14:25:51,8.94,0.01,11,9834,买盘
1038,14:26:09,8.95,0.01,2,1790,买盘
1039,14:26:12,8.95,0.0,1,895,买盘
1040,14:26:15,8.95,0.0,2,1790,卖盘
1041,14:26:39,8.94,-0.01,35,31294,卖盘
1042,14:26:42,8.94,0.0,4,3576,卖盘
1043,14:26:45,8.94,0.0,1,894,卖盘
1044,14:27:25,8.93,-0.01,5,4465,卖盘
1045,14:27:49,8.93,0.0,10,8930,卖盘
1046,14:28:16,8.93,0.0,32,28576,买盘
1047,14:28:34,8.93,0.0,2,1786,卖盘
1048,14:28:57,8.94,0.01,3,2682,买盘
1049,14:30:19,8.95,0.01,2,1790,买盘
1050,14:30:39,8.94,-0.01,7,6258,卖盘
1051,14:31:25,8.93,-0.01,20,17860,卖盘
1052,14:31:52,8.93,0.0,28,25004,卖盘
1053,14:32:03,8.92,-0.01,1,892,卖盘
1054,14:32:36,8.92,0.0,1,892,卖盘
1055,14:32:46,8.93,0.01,34,30362,买盘
1056,14:32:49,8.92,-0.01,17,15164,卖盘
1057,14:33:33,8.92,0.0,9,8028,卖盘
1058,14:33:49,8.92,0.0,10,8920,卖盘
1059,14:33:55,8.92,0.0,19,16948,卖盘
1060,14:34:00,8.92,0.0,20,17840,卖盘
1061,14:34:04,8.92,0.0,2,1784,卖盘
1062,14:35:19,8.92,0.0,100,89200,卖盘
1063,14:35:40,8.92,0.0,20,17840,卖盘
1064,14:35:43,8.92,0.0,1,892,买盘
1065,14:35:46,8.92,0.0,7,6244,买盘
1066,14:35:51,8.91,-0.01,2,1782,卖盘
1067,14:35:55,8.91,0.0,3,2673,卖盘
1068,14:36:07,8.91,0.0,100,89100,卖盘
1069,14:36:34,8.91,0.0,17,15147,卖盘
1070,14:36:37,8.9,-0.01,10,8900,卖盘
1071,14:36:40,8.91,0.01,1,891,买盘
1072,14:37:00,8.91,0.0,2,1782,买盘
1073,14:37:37,8.91,0.0,28,24948,卖盘
1074,14:38:07,8.9,-0.01,31,27590,卖盘
1075,14:38:10,8.9,0.0,4,3560,卖盘
1076,14:38:22,8.91,0.01,1,891,买盘
1077,14:38:46,8.9,-0.01,20,17800,卖盘
1078,14:39:24,8.91,0.01,23,20493,买盘
1079,14:39:39,8.91,0.0,5,4455,买盘
1080,14:39:42,8.91,0.0,17,15147,买盘
1081,14:39:55,8.91,0.0,29,25839,买盘
1082,14:40:10,8.92,0.01,10,8920,买盘
1083,14:40:19,8.91,-0.01,56,49896,卖盘
1084,14:40:58,8.9,-0.01,58,51620,卖盘
1085,14:41:04,8.9,0.0,3,2670,卖盘
1086,14:41:19,8.91,0.01,13,11583,买盘
1087,14:41:22,8.91,0.0,10,8910,买盘
1088,14:41:25,8.91,0.0,66,58806,买盘
1089,14:41:34,8.9,-0.01,20,17800,卖盘
1090,14:41:51,8.89,-0.01,66,58709,卖盘
1091,14:42:13,8.89,0.0,40,35560,买盘
1092,14:42:15,8.89,0.0,10,8890,买盘
1093,14:42:18,8.89,0.0,6,5334,买盘
1094,14:42:33,8.88,-0.01,5,4443,卖盘
1095,14:42:43,8.89,0.01,1,889,买盘
1096,14:42:45,8.89,0.0,20,17780,买盘
1097,14:42:49,8.91,0.02,32,28454,买盘
1098,14:42:58,8.91,0.0,2,1782,买盘
1099,14:43:25,8.91,0.0,96,85501,买盘
1100,14:43:49,8.9,-0.01,3,2670,买盘
1101,14:43:52,8.89,-0.01,29,25781,卖盘
1102,14:43:54,8.89,0.0,15,13335,卖盘
1103,14:44:07,8.89,0.0,20,17780,买盘
1104,14:44:12,8.89,0.0,7,6223,买盘
1105,14:44:34,8.9,0.01,20,17800,买盘
1106,14:44:37,8.9,0.0,18,16020,买盘
1107,14:44:40,8.9,0.0,6,5340,卖盘
1108,14:44:51,8.9,0.0,12,10680,买盘
1109,14:44:58,8.9,0.0,3,2670,买盘
1110,14:45:01,8.9,0.0,3,2670,买盘
1111,14:45:07,8.9,0.0,3,2670,买盘
1112,14:45:16,8.89,-0.01,5,4445,卖盘
1113,14:45:25,8.89,0.0,17,15113,卖盘
1114,14:45:45,8.89,0.0,20,17780,卖盘
1115,14:46:19,8.91,0.02,3,2673,买盘
1116,14:46:27,8.91,0.0,6,5346,买盘
1117,14:47:31,8.89,-0.02,44,39116,卖盘
1118,14:47:46,8.89,0.0,3,2667,买盘
1119,14:47:54,8.89,0.0,68,60452,买盘
1120,14:48:01,8.89,0.0,27,24003,卖盘
1121,14:48:10,8.89,0.0,1,889,卖盘
1122,14:48:28,8.89,0.0,84,74676,卖盘
1123,14:48:43,8.88,-0.01,14,12432,卖盘
1124,14:48:48,8.88,0.0,129,114552,卖盘
1125,14:48:51,8.88,0.0,3,2664,买盘
1126,14:49:01,8.88,0.0,3,2664,买盘
1127,14:49:04,8.88,0.0,30,26640,买盘
1128,14:49:07,8.85,-0.03,428,379057,卖盘
1129,14:49:13,8.85,0.0,2,1770,卖盘
1130,14:49:16,8.86,0.01,9,7974,买盘
1131,14:49:19,8.85,-0.01,1,885,卖盘
1132,14:49:25,8.86,0.01,1,886,中性盘
1133,14:49:28,8.85,-0.01,24,21246,卖盘
1134,14:49:45,8.85,0.0,15,13275,卖盘
1135,14:49:49,8.83,-0.02,42,37106,卖盘
1136,14:49:51,8.85,0.02,2,1770,买盘
1137,14:49:54,8.85,0.0,13,11505,买盘
1138,14:50:01,8.86,0.01,1,886,卖盘
1139,14:50:09,8.84,-0.02,10,8849,卖盘
1140,14:50:12,8.86,0.02,1,886,卖盘
1141,14:50:27,8.83,-0.03,45,39767,卖盘
1142,14:50:31,8.86,0.03,20,17720,中性盘
1143,14:50:34,8.87,0.01,22,19514,买盘
1144,14:50:37,8.87,0.0,1,887,买盘
1145,14:50:40,8.86,-0.01,9,7975,卖盘
1146,14:50:42,8.87,0.01,45,39950,中性盘
1147,14:50:52,8.87,0.0,153,135711,买盘
1148,14:50:58,8.87,0.0,4,3548,买盘
1149,14:51:01,8.87,0.0,3,2661,买盘
1150,14:51:04,8.86,-0.01,10,8860,卖盘
1151,14:51:13,8.87,0.01,3,2661,买盘
1152,14:51:15,8.87,0.0,66,58542,买盘
1153,14:52:04,8.88,0.01,16,14208,卖盘
1154,14:52:12,8.86,-0.02,80,70950,卖盘
1155,14:52:43,8.88,0.02,118,104769,买盘
1156,14:52:46,8.88,0.0,1,888,卖盘
1157,14:53:10,8.88,0.0,3,2664,卖盘
1158,14:53:12,8.88,0.0,68,60384,卖盘
1159,14:53:19,8.88,0.0,3,2664,买盘
1160,14:53:42,8.88,0.0,197,174936,买盘
1161,14:53:58,8.9,0.02,63,56070,买盘
1162,14:54:19,8.91,0.01,1,891,卖盘
1163,14:54:37,8.9,-0.01,101,89890,卖盘
1164,14:54:43,8.9,0.0,20,17800,卖盘
1165,14:55:01,8.9,0.0,8,7120,卖盘
1166,14:55:04,8.91,0.01,4,3564,买盘
1167,14:55:07,8.9,-0.01,2,1780,卖盘
1168,14:55:18,8.89,-0.01,1,889,卖盘
1169,14:55:22,8.9,0.01,14,12460,买盘
1170,14:55:28,8.89,-0.01,22,19558,卖盘
1171,14:55:34,8.89,0.0,2,1778,买盘
1172,14:55:46,8.87,-0.02,28,24839,卖盘
1173,14:56:13,8.88,0.01,1,888,卖盘
1174,14:56:22,8.89,0.01,9,8001,买盘
1175,14:56:43,8.89,0.0,1,889,买盘
1176,14:56:51,8.89,0.0,14,12446,买盘
1177,14:56:55,8.88,-0.01,5,4440,卖盘
1178,15:00:05,8.89,0.01,192,170688,卖盘
