,time,price,change,volume,amount,type
0,09:25:04,8.2,0.09,281,230420,买盘
1,09:30:01,8.21,0.01,10,8210,中性盘
2,09:30:04,8.2,-0.01,86,70522,卖盘
3,09:30:07,8.2,0.0,32,26240,买盘
4,09:30:10,8.2,0.0,14,11478,买盘
5,09:30:13,8.19,-0.01,37,30303,卖盘
6,09:30:19,8.19,0.0,9,7371,卖盘
7,09:30:34,8.18,-0.01,29,23722,卖盘
8,09:30:36,8.17,-0.01,5,4088,中性盘
9,09:30:39,8.16,-0.01,1,816,买盘
10,09:30:49,8.16,0.0,6,4896,买盘
11,09:30:51,8.16,0.0,1,816,买盘
12,09:30:55,8.16,0.0,50,40800,买盘
13,09:30:58,8.16,0.0,5,4080,买盘
14,09:31:01,8.16,0.0,6,4896,买盘
15,09:31:04,8.18,0.02,8,6537,买盘
16,09:31:06,8.17,-0.01,1,817,中性盘
17,09:31:10,8.17,0.0,17,13889,买盘
18,09:31:13,8.17,0.0,2,1634,买盘
19,09:31:16,8.17,0.0,40,32680,买盘
20,09:31:19,8.18,0.01,9,7359,买盘
21,09:31:21,8.18,0.0,22,17992,买盘
22,09:31:24,8.18,0.0,14,11447,买盘
23,09:31:27,8.17,-0.01,45,36765,卖盘
24,09:31:34,8.19,0.02,7,5726,买盘
25,09:31:37,8.18,-0.01,38,31058,买盘
26,09:31:40,8.19,0.01,13,10628,买盘
27,09:31:43,8.18,-0.01,29,23710,中性盘
28,09:31:46,8.17,-0.01,88,71964,卖盘
29,09:31:49,8.19,0.02,24,19644,买盘
30,09:31:52,8.17,-0.02,5,4085,卖盘
31,09:31:55,8.17,0.0,2,1634,卖盘
32,09:32:04,8.17,0.0,7,5719,买盘
33,09:32:07,8.17,0.0,2,1634,买盘
34,09:32:10,8.17,0.0,7,5718,买盘
35,09:32:12,8.16,-0.01,33,26929,卖盘
36,09:32:15,8.17,0.01,36,29412,买盘
37,09:32:19,8.17,0.0,10,8176,买盘
38,09:32:22,8.17,0.0,1,817,卖盘
39,09:32:25,8.17,0.0,1,817,卖盘
40,09:32:28,8.17,0.0,21,17157,卖盘
41,09:32:31,8.18,0.01,3,2453,买盘
42,09:32:34,8.18,0.0,12,9816,买盘
43,09:32:37,8.18,0.0,4,3272,买盘
44,09:32:40,8.19,0.01,78,63797,买盘
45,09:32:43,8.18,-0.01,20,16370,卖盘
46,09:32:46,8.18,0.0,4,3272,卖盘
47,09:32:48,8.19,0.01,21,17199,买盘
48,09:32:52,8.18,-0.01,31,25386,卖盘
49,09:32:54,8.19,0.01,79,64701,买盘
50,09:32:58,8.2,0.01,13,10653,买盘
51,09:33:01,8.2,0.0,199,163095,买盘
52,09:33:04,8.19,-0.01,83,68050,卖盘
53,09:33:07,8.2,0.01,10,8193,买盘
54,09:33:09,8.2,0.0,12,9834,买盘
55,09:33:13,8.2,0.0,1,820,买盘
56,09:33:16,8.19,-0.01,15,12285,卖盘
57,09:33:19,8.2,0.01,68,55760,买盘
58,09:33:22,8.19,-0.01,19,15561,卖盘
59,09:33:25,8.2,0.01,4,3280,买盘
60,09:33:28,8.2,0.0,28,22960,买盘
61,09:33:31,8.2,0.0,8,6560,买盘
62,09:33:34,8.2,0.0,118,96660,买盘
63,09:33:37,8.2,0.0,19,15565,买盘
64,09:33:39,8.2,0.0,49,40166,买盘
65,09:33:42,8.19,-0.01,13,10647,卖盘
66,09:33:46,8.19,0.0,12,9828,卖盘
67,09:33:49,8.2,0.01,82,67229,买盘
68,09:33:52,8.19,-0.01,1,819,中性盘
69,09:33:55,8.19,0.0,1,819,买盘
70,09:33:58,8.19,0.0,5,4095,买盘
71,09:34:01,8.19,0.0,5,4095,买盘
72,09:34:04,8.19,0.0,30,24570,买盘
73,09:34:07,8.19,0.0,5,4095,买盘
74,09:34:09,8.19,0.0,5,4095,买盘
75,09:34:13,8.2,0.01,15,12295,买盘
76,09:34:19,8.2,0.0,18,14760,买盘
77,09:34:22,8.2,0.0,17,13940,买盘
78,09:34:25,8.2,0.0,5,4100,买盘
79,09:34:30,8.19,-0.01,7,5739,卖盘
80,09:34:33,8.2,0.01,8,6560,买盘
81,09:34:36,8.2,0.0,60,49160,买盘
82,09:34:40,8.2,0.0,14,11480,买盘
83,09:34:43,8.2,0.0,1,820,买盘
84,09:34:46,8.2,0.0,13,10660,买盘
85,09:34:49,8.21,0.01,17,13957,买盘
86,09:34:58,8.21,0.0,121,99341,买盘
87,09:35:01,8.21,0.0,13,10673,买盘
88,09:35:04,8.23,0.02,19,15629,买盘
89,09:35:09,8.23,0.0,3,2469,买盘
90,09:35:19,8.23,0.0,24,19752,买盘
91,09:35:22,8.23,0.0,9,7407,买盘
92,09:35:25,8.23,0.0,3,2469,买盘
93,09:35:28,8.23,0.0,6,4942,卖盘
94,09:35:31,8.24,0.01,21,17301,买盘
95,09:35:34,8.24,0.0,6,4944,买盘
96,09:35:37,8.24,0.0,4,3296,买盘
97,09:35:40,8.24,0.0,1,824,买盘
98,09:35:43,8.23,-0.01,36,29645,卖盘
99,09:35:45,8.23,0.0,20,16460,买盘
100,09:35:49,8.23,0.0,89,73247,买盘
101,09:35:52,8.23,0.0,1,823,买盘
102,09:35:54,8.23,0.0,20,16460,买盘
103,09:36:04,8.23,0.0,7,5761,买盘
104,09:36:07,8.23,0.0,4,3292,买盘
105,09:36:10,8.23,0.0,12,9876,买盘
106,09:36:12,8.22,-0.01,10,8220,卖盘
107,09:36:15,8.22,0.0,29,23838,卖盘
108,09:36:19,8.22,0.0,21,17262,买盘
109,09:36:22,8.22,0.0,3,2466,买盘
110,09:36:25,8.22,0.0,77,63294,买盘
111,09:36:28,8.22,0.0,93,76533,卖盘
112,09:36:31,8.22,0.0,19,15618,卖盘
113,09:36:33,8.24,0.02,6,4944,买盘
114,09:36:37,8.24,0.0,3,2472,买盘
115,09:36:40,8.23,-0.01,23,18933,卖盘
116,09:36:42,8.23,0.0,1,823,卖盘
117,09:36:46,8.23,0.0,76,62559,卖盘
118,09:36:49,8.24,0.01,40,32939,买盘
119,09:36:52,8.22,-0.02,58,47736,卖盘
120,09:37:01,8.23,0.01,10,8230,买盘
121,09:37:04,8.23,0.0,6,4938,买盘
122,09:37:06,8.23,0.0,2,1646,买盘
123,09:37:10,8.23,0.0,11,9053,买盘
124,09:37:16,8.23,0.0,3,2469,买盘
125,09:37:19,8.24,0.01,19,15656,买盘
126,09:37:24,8.23,-0.01,6,4941,卖盘
127,09:37:28,8.23,0.0,63,51897,卖盘
128,09:37:31,8.24,0.01,53,43669,买盘
129,09:37:33,8.24,0.0,9,7413,买盘
130,09:37:37,8.24,0.0,18,14830,买盘
131,09:37:39,8.23,-0.01,52,42798,卖盘
132,09:37:49,8.24,0.01,34,28010,买盘
133,09:37:52,8.24,0.0,36,29664,买盘
134,09:37:55,8.24,0.0,65,53520,买盘
135,09:37:58,8.23,-0.01,1,823,卖盘
136,09:38:01,8.23,0.0,2,1646,买盘
137,09:38:04,8.24,0.01,9,7415,买盘
138,09:38:07,8.24,0.0,6,4943,买盘
139,09:38:10,8.23,-0.01,3,2470,卖盘
140,09:38:13,8.23,0.0,1,823,卖盘
141,09:38:19,8.24,0.01,19,15656,买盘
142,09:38:21,8.24,0.0,18,14831,买盘
143,09:38:24,8.23,-0.01,1,823,卖盘
144,09:38:31,8.23,0.0,15,12345,卖盘
145,09:38:34,8.23,0.0,11,9053,买盘
146,09:38:46,8.23,0.0,5,4115,买盘
147,09:38:49,8.23,0.0,28,23034,买盘
148,09:38:52,8.23,0.0,46,37858,买盘
149,09:38:54,8.22,-0.01,53,43566,卖盘
150,09:39:01,8.22,0.0,3,2466,卖盘
151,09:39:04,8.22,0.0,29,23853,卖盘
152,09:39:13,8.23,0.01,1,823,买盘
153,09:39:16,8.23,0.0,5,4115,买盘
154,09:39:19,8.23,0.0,17,13991,买盘
155,09:39:28,8.23,0.0,24,19752,买盘
156,09:39:34,8.23,0.0,6,4938,买盘
157,09:39:37,8.23,0.0,63,51851,买盘
158,09:39:43,8.24,0.01,34,28016,买盘
159,09:39:46,8.25,0.01,9,7425,买盘
160,09:39:49,8.25,0.0,30,24750,买盘
161,09:39:52,8.24,-0.01,87,71708,卖盘
162,09:39:58,8.25,0.01,61,50325,买盘
163,09:40:01,8.26,0.01,3,2478,买盘
164,09:40:04,8.26,0.0,119,98248,买盘
165,09:40:07,8.24,-0.02,8,6602,卖盘
166,09:40:09,8.26,0.02,2,1652,买盘
167,09:40:16,8.26,0.0,4,3304,买盘
168,09:40:19,8.26,0.0,7,5782,买盘
169,09:40:21,8.25,-0.01,23,18987,卖盘
170,09:40:25,8.26,0.01,21,17337,买盘
171,09:40:28,8.26,0.0,70,57881,买盘
172,09:40:31,8.28,0.02,1,828,买盘
173,09:40:34,8.26,-0.02,16,13228,卖盘
174,09:40:37,8.28,0.02,6,4968,买盘
175,09:40:43,8.28,0.0,2,1656,买盘
176,09:40:45,8.28,0.0,4,3312,买盘
177,09:40:49,8.28,0.0,16,13239,买盘
178,09:40:52,8.27,-0.01,32,26475,卖盘
179,09:40:55,8.27,0.0,19,15713,卖盘
180,09:40:58,8.27,0.0,19,15713,买盘
181,09:41:00,8.27,0.0,7,5794,卖盘
182,09:41:04,8.27,0.0,8,6622,卖盘
183,09:41:07,8.27,0.0,6,4966,卖盘
184,09:41:10,8.27,0.0,34,28118,卖盘
185,09:41:12,8.27,0.0,1,827,买盘
186,09:41:16,8.27,0.0,4,3308,买盘
187,09:41:19,8.27,0.0,6,4962,买盘
188,09:41:22,8.26,-0.01,12,9923,卖盘
189,09:41:25,8.26,0.0,1,826,卖盘
190,09:41:28,8.26,0.0,32,26432,卖盘
191,09:41:31,8.26,0.0,37,30562,卖盘
192,09:41:34,8.27,0.01,7,5784,买盘
193,09:41:36,8.26,-0.01,3,2477,买盘
194,09:41:39,8.25,-0.01,2,1650,卖盘
195,09:41:43,8.25,0.0,28,23100,卖盘
196,09:41:46,8.25,0.0,6,4949,买盘
197,09:41:49,8.25,0.0,8,6599,买盘
198,09:41:52,8.24,-0.01,14,11548,卖盘
199,09:41:55,8.24,0.0,1,824,卖盘
200,09:42:01,8.25,0.01,9,7417,买盘
201,09:42:04,8.24,-0.01,11,9070,卖盘
202,09:42:13,8.24,0.0,23,18952,卖盘
203,09:42:16,8.25,0.01,7,5775,买盘
204,09:42:19,8.25,0.0,6,4950,买盘
205,09:42:22,8.25,0.0,101,83325,买盘
206,09:42:28,8.25,0.0,11,9075,买盘
207,09:42:33,8.26,0.01,7,5776,买盘
208,09:42:40,8.25,-0.01,3,2475,中性盘
209,09:42:46,8.26,0.01,5,4130,买盘
210,09:42:49,8.25,-0.01,17,14032,卖盘
211,09:42:51,8.25,0.0,23,18975,买盘
212,09:42:54,8.26,0.01,8,6608,买盘
213,09:43:04,8.26,0.0,11,9085,买盘
214,09:43:07,8.25,-0.01,22,18165,卖盘
215,09:43:09,8.27,0.02,7,5787,买盘
216,09:43:16,8.26,-0.01,19,15694,买盘
217,09:43:18,8.26,0.0,7,5782,买盘
218,09:43:22,8.26,0.0,11,9086,买盘
219,09:43:30,8.25,-0.01,2,1650,卖盘
220,09:43:34,8.26,0.01,7,5782,买盘
221,09:43:36,8.26,0.0,69,56994,买盘
222,09:43:39,8.27,0.01,5,4134,买盘
223,09:43:46,8.26,-0.01,57,47086,卖盘
224,09:43:49,8.26,0.0,7,5782,买盘
225,09:43:51,8.25,-0.01,13,10736,卖盘
226,09:44:01,8.26,0.01,1,826,买盘
227,09:44:04,8.26,0.0,11,9086,买盘
228,09:44:07,8.26,0.0,13,10738,买盘
229,09:44:13,8.28,0.02,273,225821,买盘
230,09:44:15,8.28,0.0,1,828,卖盘
231,09:44:19,8.29,0.01,27,22362,买盘
232,09:44:22,8.29,0.0,11,9119,买盘
233,09:44:25,8.28,-0.01,33,27324,卖盘
234,09:44:28,8.29,0.01,6,4974,买盘
235,09:44:31,8.28,-0.01,2,1656,卖盘
236,09:44:34,8.29,0.01,109,90359,买盘
237,09:44:36,8.28,-0.01,56,46948,卖盘
238,09:44:40,8.28,0.0,157,130151,卖盘
239,09:44:43,8.28,0.0,1,828,卖盘
240,09:44:46,8.28,0.0,27,21782,卖盘
241,09:44:49,8.28,0.0,6,4968,买盘
242,09:44:52,8.28,0.0,12,9936,买盘
243,09:45:01,8.27,-0.01,2,2274,卖盘
244,09:45:04,8.29,0.02,95,78433,买盘
245,09:45:07,8.29,0.0,3,2470,卖盘
246,09:45:10,8.29,0.0,23,19332,卖盘
247,09:45:12,8.27,-0.02,1,827,卖盘
248,09:45:16,8.29,0.02,1,829,买盘
249,09:45:19,8.29,0.0,10,8290,买盘
250,09:45:22,8.29,0.0,11,9119,买盘
251,09:45:28,8.28,-0.01,11,9107,买盘
252,09:45:30,8.27,-0.01,1,827,卖盘
253,09:45:34,8.28,0.01,8,6623,买盘
254,09:45:37,8.29,0.01,21,17403,买盘
255,09:45:43,8.27,-0.02,48,39076,卖盘
256,09:45:46,8.27,0.0,57,47039,买盘
257,09:45:49,8.27,0.0,11,9094,买盘
258,09:45:52,8.26,-0.01,12,9923,卖盘
259,09:45:54,8.27,0.01,6,4961,买盘
260,09:45:57,8.26,-0.01,1,826,卖盘
261,09:46:01,8.25,-0.01,1,825,卖盘
262,09:46:04,8.26,0.01,6,4956,买盘
263,09:46:06,8.25,-0.01,1,825,卖盘
264,09:46:10,8.25,0.0,1,825,卖盘
265,09:46:13,8.25,0.0,1,825,卖盘
266,09:46:15,8.26,0.01,4,3303,买盘
267,09:46:19,8.26,0.0,18,14868,买盘
268,09:46:22,8.26,0.0,15,12390,买盘
269,09:46:31,8.25,-0.01,2,1650,卖盘
270,09:46:34,8.25,0.0,23,18987,卖盘
271,09:46:36,8.25,0.0,4,3300,买盘
272,09:46:40,8.26,0.01,6,4956,卖盘
273,09:46:43,8.26,0.0,11,9086,卖盘
274,09:46:46,8.27,0.01,2,1653,买盘
275,09:46:49,8.28,0.01,11,9115,中性盘
276,09:46:51,8.26,-0.02,52,42952,卖盘
277,09:47:04,8.26,0.0,41,33836,买盘
278,09:47:16,8.25,-0.01,2,1650,买盘
279,09:47:18,8.26,0.01,11,9085,买盘
280,09:47:22,8.26,0.0,11,9086,买盘
281,09:47:25,8.26,0.0,1,826,买盘
282,09:47:34,8.26,0.0,7,5782,买盘
283,09:47:42,8.24,-0.02,8,6592,卖盘
284,09:47:46,8.26,0.02,3,2478,买盘
285,09:47:49,8.26,0.0,6,4956,买盘
286,09:47:52,8.26,0.0,20,16520,买盘
287,09:47:55,8.24,-0.02,58,47792,卖盘
288,09:47:58,8.24,0.0,4,3296,买盘
289,09:48:04,8.25,0.01,75,61804,买盘
290,09:48:19,8.25,0.0,104,85800,买盘
291,09:48:22,8.26,0.01,11,9077,买盘
292,09:48:25,8.26,0.0,1,826,买盘
293,09:48:33,8.26,0.0,7,5782,买盘
294,09:48:37,8.26,0.0,5,4130,买盘
295,09:48:43,8.26,0.0,5,4130,买盘
296,09:48:49,8.26,0.0,6,4956,买盘
297,09:48:52,8.25,-0.01,61,50376,卖盘
298,09:49:01,8.27,0.02,5,4135,买盘
299,09:49:04,8.28,0.01,79,65356,买盘
300,09:49:06,8.28,0.0,18,14903,买盘
301,09:49:10,8.28,0.0,8,6624,买盘
302,09:49:16,8.28,0.0,25,20690,买盘
303,09:49:19,8.28,0.0,7,5796,买盘
304,09:49:22,8.28,0.0,11,9108,买盘
305,09:49:25,8.28,0.0,73,60444,买盘
306,09:49:28,8.27,-0.01,7,5789,卖盘
307,09:49:30,8.28,0.01,6,4968,买盘
308,09:49:33,8.28,0.0,6,4968,买盘
309,09:49:36,8.28,0.0,2,1656,买盘
310,09:49:40,8.28,0.0,5,4140,买盘
311,09:49:46,8.27,-0.01,20,16540,卖盘
312,09:49:49,8.28,0.01,6,4968,买盘
313,09:49:51,8.28,0.0,11,9108,买盘
314,09:49:55,8.28,0.0,3,2484,买盘
315,09:49:58,8.27,-0.01,11,9097,卖盘
316,09:50:01,8.28,0.01,20,16560,买盘
317,09:50:04,8.28,0.0,28,23184,买盘
318,09:50:07,8.29,0.01,4,3730,卖盘
319,09:50:09,8.28,-0.01,7,5797,卖盘
320,09:50:13,8.29,0.01,5,4145,买盘
321,09:50:15,8.29,0.0,93,77097,买盘
322,09:50:19,8.3,0.01,20,16600,买盘
323,09:50:22,8.3,0.0,72,59750,买盘
324,09:50:25,8.28,-0.02,60,49277,卖盘
325,09:50:34,8.3,0.02,6,4979,卖盘
326,09:50:37,8.29,-0.01,4,3316,买盘
327,09:50:40,8.29,0.0,19,15751,买盘
328,09:50:43,8.3,0.01,20,16585,买盘
329,09:50:46,8.3,0.0,35,29050,买盘
330,09:50:49,8.3,0.0,19,15770,买盘
331,09:50:52,8.3,0.0,11,9130,买盘
332,09:50:55,8.31,0.01,47,39427,买盘
333,09:51:00,8.31,0.0,1,831,买盘
334,09:51:04,8.31,0.0,7,5817,买盘
335,09:51:06,8.31,0.0,65,54015,买盘
336,09:51:09,8.32,0.01,2,1664,买盘
337,09:51:13,8.31,-0.01,103,85686,卖盘
338,09:51:16,8.32,0.01,1,832,买盘
339,09:51:19,8.32,0.0,7,5824,买盘
340,09:51:21,8.32,0.0,11,9152,买盘
341,09:51:27,8.31,-0.01,103,85642,卖盘
342,09:51:30,8.31,0.0,15,12465,买盘
343,09:51:34,8.31,0.0,14,11634,卖盘
344,09:51:37,8.31,0.0,5,4155,买盘
345,09:51:49,8.31,0.0,6,4986,买盘
346,09:51:52,8.31,0.0,11,9141,买盘
347,09:51:55,8.3,-0.01,80,66400,卖盘
348,09:52:01,8.3,0.0,1,830,买盘
349,09:52:04,8.3,0.0,26,21580,买盘
350,09:52:06,8.3,0.0,2,1660,买盘
351,09:52:10,8.3,0.0,3,2490,买盘
352,09:52:18,8.3,0.0,7,5810,买盘
353,09:52:22,8.3,0.0,11,9130,买盘
354,09:52:31,8.3,0.0,4,3320,买盘
355,09:52:34,8.3,0.0,7,5810,买盘
356,09:52:37,8.3,0.0,5,4150,买盘
357,09:52:39,8.3,0.0,4,3320,买盘
358,09:52:43,8.3,0.0,13,10790,买盘
359,09:52:46,8.31,0.01,82,68092,买盘
360,09:52:49,8.3,-0.01,6,4980,买盘
361,09:52:52,8.3,0.0,7,5810,买盘
362,09:52:55,8.29,-0.01,27,22400,卖盘
363,09:52:58,8.31,0.02,9,7479,买盘
364,09:53:01,8.31,0.0,1,831,买盘
365,09:53:04,8.31,0.0,58,48166,买盘
366,09:53:07,8.31,0.0,1,831,买盘
367,09:53:10,8.3,-0.01,58,48144,卖盘
368,09:53:19,8.3,0.0,26,21587,卖盘
369,09:53:22,8.3,0.0,19,15770,卖盘
370,09:53:27,8.3,0.0,10,8300,买盘
371,09:53:34,8.29,-0.01,29,24067,卖盘
372,09:53:37,8.3,0.01,4,3320,买盘
373,09:53:40,8.3,0.0,1,830,买盘
374,09:53:43,8.29,-0.01,7,5803,卖盘
375,09:53:46,8.29,0.0,2,1658,卖盘
376,09:53:49,8.3,0.01,7,5809,买盘
377,09:53:52,8.29,-0.01,13,10777,卖盘
378,09:53:58,8.3,0.01,10,8293,买盘
379,09:54:01,8.3,0.0,5,4150,买盘
380,09:54:04,8.3,0.0,36,29880,买盘
381,09:54:06,8.3,0.0,4,3320,买盘
382,09:54:09,8.3,0.0,1,830,买盘
383,09:54:12,8.3,0.0,10,8300,买盘
384,09:54:15,8.3,0.0,5,4150,买盘
385,09:54:19,8.3,0.0,32,26560,买盘
386,09:54:22,8.3,0.0,14,11620,买盘
387,09:54:25,8.3,0.0,20,16600,买盘
388,09:54:28,8.3,0.0,5,4150,买盘
389,09:54:34,8.3,0.0,6,4980,买盘
390,09:54:36,8.3,0.0,1,830,买盘
391,09:54:39,8.3,0.0,4,3320,买盘
392,09:54:49,8.3,0.0,11,9130,买盘
393,09:54:55,8.3,0.0,11,9130,买盘
394,09:54:57,8.3,0.0,15,12450,买盘
395,09:55:01,8.3,0.0,1,830,买盘
396,09:55:03,8.3,0.0,11,9130,买盘
397,09:55:07,8.3,0.0,7,5810,买盘
398,09:55:10,8.3,0.0,86,71380,买盘
399,09:55:15,8.31,0.01,15,12465,买盘
400,09:55:19,8.31,0.0,14,11626,买盘
401,09:55:24,8.31,0.0,2,1662,买盘
402,09:55:34,8.31,0.0,6,4986,买盘
403,09:55:37,8.31,0.0,1,831,买盘
404,09:55:39,8.31,0.0,42,34902,买盘
405,09:55:43,8.3,-0.01,30,24900,卖盘
406,09:55:46,8.3,0.0,5,4150,买盘
407,09:55:49,8.3,0.0,6,4980,买盘
408,09:55:52,8.3,0.0,59,48970,买盘
409,09:55:55,8.31,0.01,5,4155,买盘
410,09:55:58,8.31,0.0,20,16613,买盘
411,09:56:04,8.31,0.0,20,16620,买盘
412,09:56:07,8.31,0.0,4,3324,买盘
413,09:56:10,8.31,0.0,1,831,买盘
414,09:56:16,8.31,0.0,5,4155,买盘
415,09:56:19,8.31,0.0,19,15789,买盘
416,09:56:27,8.31,0.0,1,831,买盘
417,09:56:31,8.31,0.0,1,831,买盘
418,09:56:34,8.32,0.01,13,10811,买盘
419,09:56:37,8.32,0.0,1,832,买盘
420,09:56:40,8.32,0.0,34,28258,买盘
421,09:56:49,8.32,0.0,6,4992,买盘
422,09:56:52,8.32,0.0,5,4160,买盘
423,09:56:55,8.32,0.0,10,8320,买盘
424,09:56:58,8.32,0.0,14,11648,买盘
425,09:57:01,8.32,0.0,13,10816,买盘
426,09:57:04,8.32,0.0,9,7488,买盘
427,09:57:06,8.32,0.0,4,3328,买盘
428,09:57:10,8.32,0.0,84,69888,买盘
429,09:57:12,8.32,0.0,20,16640,买盘
430,09:57:16,8.32,0.0,2,1664,买盘
431,09:57:19,8.32,0.0,6,4992,买盘
432,09:57:28,8.32,0.0,2,1663,买盘
433,09:57:34,8.31,-0.01,37,30747,卖盘
434,09:57:37,8.31,0.0,2,1662,买盘
435,09:57:40,8.31,0.0,5,4155,买盘
436,09:57:49,8.31,0.0,6,4986,买盘
437,09:58:04,8.31,0.0,11,9141,买盘
438,09:58:06,8.31,0.0,5,4155,买盘
439,09:58:10,8.3,-0.01,61,50687,卖盘
440,09:58:13,8.31,0.01,1,831,中性盘
441,09:58:16,8.31,0.0,1,831,卖盘
442,09:58:19,8.32,0.01,26,21611,买盘
443,09:58:22,8.3,-0.02,1,830,卖盘
444,09:58:25,8.3,0.0,1,830,卖盘
445,09:58:28,8.3,0.0,1,830,卖盘
446,09:58:30,8.31,0.01,1,831,买盘
447,09:58:33,8.32,0.01,6,4987,买盘
448,09:58:37,8.31,-0.01,3,2493,买盘
449,09:58:40,8.32,0.01,3,2494,买盘
450,09:58:49,8.3,-0.02,57,47316,卖盘
451,09:59:01,8.3,0.0,12,9960,买盘
452,09:59:04,8.3,0.0,12,9960,买盘
453,09:59:07,8.3,0.0,7,5810,买盘
454,09:59:13,8.3,0.0,5,4150,买盘
455,09:59:16,8.31,0.01,61,50643,买盘
456,09:59:19,8.31,0.0,6,4986,买盘
457,09:59:28,8.31,0.0,15,12465,买盘
458,09:59:31,8.3,-0.01,168,139445,卖盘
459,09:59:33,8.3,0.0,15,12450,买盘
460,09:59:43,8.3,0.0,2,1660,买盘
461,09:59:49,8.3,0.0,6,4980,买盘
462,09:59:55,8.29,-0.01,1,829,卖盘
463,10:00:04,8.31,0.02,38,31563,买盘
464,10:00:07,8.31,0.0,14,11634,买盘
465,10:00:10,8.32,0.01,20,16637,买盘
466,10:00:19,8.3,-0.02,2,1660,卖盘
467,10:00:22,8.3,0.0,12,9960,买盘
468,10:00:25,8.3,0.0,22,18260,买盘
469,10:00:27,8.3,0.0,8,6640,买盘
470,10:00:31,8.31,0.01,1,831,买盘
471,10:00:36,8.3,-0.01,8,6640,卖盘
472,10:00:40,8.3,0.0,7,5810,卖盘
473,10:00:43,8.31,0.01,19,15789,买盘
474,10:00:52,8.31,0.0,5,4155,卖盘
475,10:00:55,8.31,0.0,7,5817,卖盘
476,10:00:58,8.31,0.0,2,1662,卖盘
477,10:01:15,8.32,0.01,75,62400,买盘
478,10:01:37,8.32,0.0,5,4160,买盘
479,10:01:42,8.31,-0.01,100,83100,卖盘
480,10:01:58,8.31,0.0,123,102213,卖盘
481,10:02:04,8.31,0.0,4,3324,买盘
482,10:02:10,8.31,0.0,2,1662,买盘
483,10:02:15,8.31,0.0,1,831,买盘
484,10:02:19,8.31,0.0,24,19944,买盘
485,10:02:34,8.3,-0.01,89,73870,卖盘
486,10:02:39,8.31,0.01,13,10803,买盘
487,10:02:49,8.3,-0.01,134,111220,卖盘
488,10:02:55,8.31,0.01,147,122023,买盘
489,10:03:01,8.3,-0.01,20,16600,卖盘
490,10:03:13,8.3,0.0,30,24900,卖盘
491,10:03:16,8.31,0.01,1,831,买盘
492,10:03:43,8.3,-0.01,20,16600,卖盘
493,10:04:04,8.31,0.01,4,3324,买盘
494,10:04:09,8.31,0.0,4,3321,买盘
495,10:04:15,8.31,0.0,1,831,买盘
496,10:04:22,8.3,-0.01,25,20750,卖盘
497,10:04:28,8.3,0.0,6,4980,卖盘
498,10:04:36,8.3,0.0,89,73870,卖盘
499,10:04:43,8.3,0.0,7,5810,买盘
500,10:04:58,8.3,0.0,8,6640,买盘
501,10:05:22,8.3,0.0,1,830,买盘
502,10:05:25,8.3,0.0,26,21580,买盘
503,10:05:28,8.3,0.0,2,1660,买盘
504,10:05:31,8.3,0.0,74,61420,买盘
505,10:05:33,8.3,0.0,39,32370,买盘
506,10:05:37,8.3,0.0,16,13280,买盘
507,10:05:40,8.3,0.0,6,4980,买盘
508,10:05:49,8.3,0.0,20,16602,卖盘
509,10:05:54,8.31,0.01,1,831,买盘
510,10:06:01,8.31,0.0,7,5817,买盘
511,10:06:09,8.31,0.0,20,16620,买盘
512,10:06:16,8.31,0.0,1,831,买盘
513,10:06:34,8.31,0.0,4,3324,买盘
514,10:06:37,8.31,0.0,30,24930,买盘
515,10:06:43,8.31,0.0,31,25761,买盘
516,10:06:46,8.31,0.0,20,16620,买盘
517,10:06:52,8.3,-0.01,134,111220,卖盘
518,10:07:01,8.3,0.0,3,2490,卖盘
519,10:07:04,8.31,0.01,2,1662,买盘
520,10:07:06,8.3,-0.01,51,42330,卖盘
521,10:07:09,8.31,0.01,13,10803,买盘
522,10:07:13,8.31,0.0,10,8310,买盘
523,10:07:16,8.31,0.0,15,12465,买盘
524,10:07:18,8.3,-0.01,10,8300,卖盘
525,10:07:22,8.31,0.01,13,10803,买盘
526,10:07:46,8.31,0.0,18,14958,买盘
527,10:07:49,8.31,0.0,20,16618,买盘
528,10:08:04,8.31,0.0,5,4155,买盘
529,10:08:07,8.31,0.0,40,33230,买盘
530,10:08:19,8.3,-0.01,168,139441,卖盘
531,10:08:22,8.31,0.01,25,20775,买盘
532,10:08:25,8.31,0.0,3,2493,买盘
533,10:08:46,8.3,-0.01,15,12450,卖盘
534,10:08:49,8.3,0.0,4,3320,卖盘
535,10:08:52,8.3,0.0,8,6640,卖盘
536,10:08:55,8.3,0.0,11,9130,卖盘
537,10:08:58,8.3,0.0,142,117960,卖盘
538,10:09:00,8.3,0.0,8,6640,卖盘
539,10:09:03,8.3,0.0,6,4980,买盘
540,10:09:19,8.3,0.0,1,830,买盘
541,10:09:57,8.3,0.0,4,3320,买盘
542,10:10:00,8.3,0.0,209,173470,买盘
543,10:10:04,8.32,0.02,5,4156,买盘
544,10:10:09,8.32,0.0,37,30779,买盘
545,10:10:13,8.32,0.0,36,29941,买盘
546,10:10:19,8.32,0.0,1,832,买盘
547,10:10:21,8.31,-0.01,1,831,中性盘
548,10:10:24,8.32,0.01,78,64877,买盘
549,10:10:34,8.32,0.0,6,4992,买盘
550,10:10:37,8.32,0.0,51,42432,买盘
551,10:10:40,8.32,0.0,6,4784,买盘
552,10:10:52,8.32,0.0,14,11856,卖盘
553,10:11:04,8.32,0.0,92,76544,买盘
554,10:11:09,8.32,0.0,1,832,买盘
555,10:11:12,8.33,0.01,46,38291,买盘
556,10:11:19,8.33,0.0,1,833,买盘
557,10:11:22,8.33,0.0,13,10829,买盘
558,10:11:33,8.33,0.0,1,833,买盘
559,10:11:42,8.35,0.02,300,250288,买盘
560,10:11:52,8.35,0.0,12,10010,买盘
561,10:11:55,8.35,0.0,20,16700,买盘
562,10:12:04,8.35,0.0,13,10855,买盘
563,10:12:19,8.34,-0.01,1,834,买盘
564,10:12:30,8.33,-0.01,30,25010,卖盘
565,10:12:33,8.33,0.0,3,2499,卖盘
566,10:12:39,8.34,0.01,33,27522,买盘
567,10:12:43,8.34,0.0,25,20850,买盘
568,10:12:49,8.34,0.0,15,12510,买盘
569,10:13:01,8.34,0.0,2,1668,买盘
570,10:13:04,8.34,0.0,9,7506,买盘
571,10:13:10,8.34,0.0,42,35028,买盘
572,10:13:16,8.34,0.0,77,64233,卖盘
573,10:13:18,8.35,0.01,11,9176,买盘
574,10:13:22,8.34,-0.01,65,54210,卖盘
575,10:13:24,8.34,0.0,6,5004,卖盘
576,10:13:28,8.33,-0.01,7,5831,卖盘
577,10:13:43,8.32,-0.01,5,4160,卖盘
578,10:13:46,8.34,0.02,25,20836,买盘
579,10:13:48,8.34,0.0,79,65886,买盘
580,10:13:58,8.34,0.0,40,33355,买盘
581,10:14:04,8.34,0.0,18,15012,买盘
582,10:14:10,8.34,0.0,1,834,买盘
583,10:14:18,8.34,0.0,1,834,买盘
584,10:14:25,8.34,0.0,120,100091,买盘
585,10:14:28,8.34,0.0,1,834,买盘
586,10:14:37,8.34,0.0,10,8340,买盘
587,10:14:42,8.34,0.0,13,10842,买盘
588,10:14:58,8.34,0.0,10,8340,买盘
589,10:15:01,8.35,0.01,92,76698,买盘
590,10:15:04,8.35,0.0,4,3340,买盘
591,10:15:09,8.34,-0.01,9,7506,卖盘
592,10:15:13,8.35,0.01,18,15030,买盘
593,10:15:19,8.35,0.0,1,835,买盘
594,10:15:34,8.35,0.0,52,43420,买盘
595,10:15:40,8.34,-0.01,14,11676,卖盘
596,10:15:43,8.35,0.01,9,7515,买盘
597,10:15:46,8.35,0.0,1,835,买盘
598,10:15:48,8.35,0.0,112,93520,买盘
599,10:15:52,8.35,0.0,1,626,卖盘
600,10:15:58,8.36,0.01,23,19220,买盘
601,10:16:04,8.36,0.0,145,121170,买盘
602,10:16:09,8.36,0.0,40,33440,买盘
603,10:16:13,8.37,0.01,15,12555,买盘
604,10:16:19,8.37,0.0,8,6696,买盘
605,10:16:24,8.37,0.0,1,837,买盘
606,10:16:34,8.37,0.0,4,3348,买盘
607,10:16:43,8.36,-0.01,10,8360,卖盘
608,10:16:46,8.37,0.01,67,56015,买盘
609,10:16:48,8.36,-0.01,58,48488,卖盘
610,10:16:51,8.35,-0.01,16,13360,卖盘
611,10:16:58,8.35,0.0,2,1670,买盘
612,10:17:04,8.35,0.0,21,17535,买盘
613,10:17:10,8.35,0.0,29,24215,买盘
614,10:17:15,8.35,0.0,2,1670,买盘
615,10:17:19,8.35,0.0,2,1669,买盘
616,10:17:22,8.35,0.0,15,12525,买盘
617,10:17:42,8.35,0.0,2,1670,买盘
618,10:17:48,8.34,-0.01,5,4170,卖盘
619,10:17:57,8.34,0.0,3,2502,卖盘
620,10:18:07,8.35,0.01,9,7515,买盘
621,10:18:19,8.35,0.0,2,1670,买盘
622,10:18:22,8.35,0.0,1,835,买盘
623,10:18:27,8.35,0.0,77,64295,买盘
624,10:18:46,8.36,0.01,90,75240,买盘
625,10:18:51,8.36,0.0,25,20900,买盘
626,10:18:54,8.36,0.0,4,3344,买盘
627,10:19:04,8.35,-0.01,13,10860,卖盘
628,10:19:13,8.36,0.01,13,10868,买盘
629,10:19:15,8.36,0.0,15,12540,买盘
630,10:19:18,8.36,0.0,1,836,买盘
631,10:19:34,8.36,0.0,160,133626,买盘
632,10:19:43,8.35,-0.01,5,4175,卖盘
633,10:19:54,8.35,0.0,20,16700,买盘
634,10:19:58,8.36,0.01,7,5850,买盘
635,10:20:10,8.35,-0.01,51,42586,卖盘
636,10:20:13,8.36,0.01,33,27588,买盘
637,10:20:18,8.36,0.0,1,836,买盘
638,10:20:37,8.36,0.0,29,24244,买盘
639,10:20:42,8.37,0.01,3,2511,买盘
640,10:20:48,8.36,-0.01,1,836,卖盘
641,10:20:52,8.36,0.0,44,36808,卖盘
642,10:20:54,8.36,0.0,33,27588,卖盘
643,10:21:01,8.37,0.01,29,24267,买盘
644,10:21:04,8.35,-0.02,100,83500,卖盘
645,10:21:10,8.36,0.01,14,11704,卖盘
646,10:21:18,8.37,0.01,11,9192,买盘
647,10:21:22,8.37,0.0,13,10881,买盘
648,10:21:27,8.36,-0.01,1,836,卖盘
649,10:21:33,8.36,0.0,29,24244,买盘
650,10:21:39,8.36,0.0,20,16720,买盘
651,10:21:52,8.37,0.01,11,9201,买盘
652,10:21:58,8.37,0.0,64,53568,买盘
653,10:22:13,8.38,0.01,40,33517,买盘
654,10:22:15,8.38,0.0,5,4190,买盘
655,10:22:19,8.38,0.0,1,838,买盘
656,10:22:33,8.38,0.0,15,12570,买盘
657,10:22:37,8.37,-0.01,5,4185,卖盘
658,10:22:43,8.37,0.0,24,20100,卖盘
659,10:22:46,8.38,0.01,3,2514,买盘
660,10:22:49,8.37,-0.01,2,1674,卖盘
661,10:22:52,8.37,0.0,6,5022,买盘
662,10:22:54,8.38,0.01,6,5028,买盘
663,10:22:57,8.37,-0.01,20,16740,卖盘
664,10:23:07,8.38,0.01,11,9218,买盘
665,10:23:10,8.38,0.0,97,81286,买盘
666,10:23:12,8.37,-0.01,19,15908,卖盘
667,10:23:16,8.39,0.02,1,839,买盘
668,10:23:19,8.39,0.0,1,839,买盘
669,10:23:31,8.38,-0.01,22,18436,买盘
670,10:23:34,8.37,-0.01,46,38523,卖盘
671,10:23:46,8.36,-0.01,28,23411,卖盘
672,10:24:01,8.36,0.0,10,8360,卖盘
673,10:24:04,8.36,0.0,32,26752,卖盘
674,10:24:07,8.36,0.0,6,5016,卖盘
675,10:24:12,8.36,0.0,6,5020,卖盘
676,10:24:19,8.36,0.0,20,16720,卖盘
677,10:24:21,8.37,0.01,10,8361,买盘
678,10:24:25,8.36,-0.01,24,20064,卖盘
679,10:24:39,8.38,0.02,84,70380,买盘
680,10:24:46,8.36,-0.02,3,2508,买盘
681,10:24:49,8.36,0.0,1,836,买盘
682,10:24:52,8.36,0.0,1,836,买盘
683,10:25:04,8.36,0.0,5,4180,卖盘
684,10:25:07,8.36,0.0,9,7524,卖盘
685,10:25:16,8.36,0.0,10,8360,买盘
686,10:25:22,8.36,0.0,6,5011,买盘
687,10:25:42,8.35,-0.01,3,2505,卖盘
688,10:25:45,8.36,0.01,3,2508,买盘
689,10:25:58,8.35,-0.01,50,41750,卖盘
690,10:26:24,8.34,-0.01,28,23365,卖盘
691,10:26:27,8.36,0.02,19,15884,买盘
692,10:26:46,8.36,0.0,13,10868,买盘
693,10:27:01,8.36,0.0,23,19228,卖盘
694,10:27:09,8.34,-0.02,103,85902,卖盘
695,10:27:15,8.34,0.0,5,4170,买盘
696,10:27:18,8.34,0.0,14,11676,买盘
697,10:27:22,8.34,0.0,15,12510,买盘
698,10:27:25,8.36,0.02,9,7524,买盘
699,10:27:45,8.36,0.0,1,836,买盘
700,10:28:21,8.36,0.0,1,836,买盘
701,10:28:37,8.36,0.0,9,7524,买盘
702,10:29:21,8.35,-0.01,1,835,买盘
703,10:30:13,8.35,0.0,5,4175,买盘
704,10:30:19,8.35,0.0,11,9185,买盘
705,10:30:22,8.35,0.0,1,835,买盘
706,10:30:24,8.35,0.0,38,31730,买盘
707,10:30:28,8.38,0.03,72,60253,买盘
708,10:31:12,8.35,-0.03,134,111890,卖盘
709,10:31:16,8.38,0.03,25,20950,买盘
710,10:31:25,8.37,-0.01,1,837,买盘
711,10:31:58,8.37,0.0,5,4185,买盘
712,10:32:33,8.36,-0.01,24,20064,卖盘
713,10:32:36,8.38,0.02,273,228709,买盘
714,10:32:43,8.39,0.01,122,102356,买盘
715,10:32:55,8.38,-0.01,3,2514,买盘
716,10:32:57,8.37,-0.01,35,29323,卖盘
717,10:33:09,8.37,0.0,1,837,买盘
718,10:33:34,8.35,-0.02,30,25070,卖盘
719,10:33:45,8.35,0.0,8,6680,卖盘
720,10:34:07,8.36,0.01,6,5016,卖盘
721,10:34:34,8.35,-0.01,109,91015,卖盘
722,10:35:07,8.35,0.0,7,5845,卖盘
723,10:35:13,8.36,0.01,4,3344,买盘
724,10:35:15,8.36,0.0,5,4180,卖盘
725,10:35:34,8.36,0.0,2,1672,卖盘
726,10:35:39,8.35,-0.01,56,46760,卖盘
727,10:35:46,8.34,-0.01,14,11676,卖盘
728,10:35:55,8.34,0.0,1,834,卖盘
729,10:36:04,8.34,0.0,4,3336,买盘
730,10:36:22,8.34,0.0,3,2502,卖盘
731,10:36:39,8.35,0.01,11,9185,买盘
732,10:36:45,8.35,0.0,9,7515,卖盘
733,10:36:55,8.35,0.0,6,5010,买盘
734,10:36:58,8.34,-0.01,13,10851,卖盘
735,10:37:18,8.34,0.0,26,21684,买盘
736,10:37:24,8.33,-0.01,10,8330,卖盘
737,10:37:28,8.33,0.0,5,4165,卖盘
738,10:37:33,8.34,0.01,3,2501,买盘
739,10:37:36,8.33,-0.01,2,1666,卖盘
740,10:37:39,8.34,0.01,15,12510,买盘
741,10:37:52,8.34,0.0,7,5838,买盘
742,10:37:55,8.33,-0.01,5,4165,卖盘
743,10:38:00,8.34,0.01,10,8340,买盘
744,10:38:04,8.34,0.0,1,834,卖盘
745,10:38:15,8.34,0.0,20,16680,卖盘
746,10:38:36,8.34,0.0,1,834,买盘
747,10:38:42,8.34,0.0,25,20850,买盘
748,10:39:18,8.34,0.0,1,834,买盘
749,10:39:57,8.34,0.0,123,102582,卖盘
750,10:40:04,8.36,0.02,27,22572,买盘
751,10:40:33,8.33,-0.03,15,12495,卖盘
752,10:40:36,8.33,0.0,20,16660,买盘
753,10:40:42,8.34,0.01,2,1668,买盘
754,10:40:54,8.34,0.0,24,20016,卖盘
755,10:41:04,8.33,-0.01,5,4165,卖盘
756,10:41:06,8.33,0.0,5,4165,买盘
757,10:41:09,8.33,0.0,10,8330,买盘
758,10:41:18,8.34,0.01,18,15012,买盘
759,10:41:36,8.33,-0.01,1,833,卖盘
760,10:41:39,8.34,0.01,7,5838,买盘
761,10:41:42,8.34,0.0,1,834,买盘
762,10:42:07,8.33,-0.01,4,3332,卖盘
763,10:42:15,8.33,0.0,5,4165,卖盘
764,10:42:30,8.32,-0.01,2,1664,卖盘
765,10:42:40,8.32,0.0,43,35776,卖盘
766,10:42:42,8.32,0.0,3,2496,买盘
767,10:42:54,8.32,0.0,15,12480,买盘
768,10:42:57,8.32,0.0,17,14144,买盘
769,10:43:00,8.32,0.0,11,9152,买盘
770,10:43:04,8.32,0.0,66,54912,买盘
771,10:43:15,8.32,0.0,5,4160,卖盘
772,10:43:34,8.32,0.0,2,1664,卖盘
773,10:43:39,8.31,-0.01,29,24099,卖盘
774,10:43:48,8.3,-0.01,5,4150,卖盘
775,10:43:57,8.3,0.0,21,17450,卖盘
776,10:44:01,8.3,0.0,342,283860,卖盘
777,10:44:04,8.3,0.0,26,21580,卖盘
778,10:44:09,8.29,-0.01,40,33160,卖盘
779,10:44:15,8.29,0.0,6,4974,卖盘
780,10:44:21,8.29,0.0,10,8290,买盘
781,10:44:24,8.29,0.0,1,829,买盘
782,10:44:33,8.29,0.0,2,1658,买盘
783,10:44:36,8.29,0.0,4,3316,买盘
784,10:44:42,8.29,0.0,2,1658,买盘
785,10:44:48,8.29,0.0,2,1658,买盘
786,10:44:55,8.28,-0.01,2,1656,卖盘
787,10:45:16,8.28,0.0,57,47196,卖盘
788,10:45:24,8.29,0.01,10,8290,买盘
789,10:45:30,8.29,0.0,98,81242,买盘
790,10:45:40,8.29,0.0,50,41450,买盘
791,10:46:12,8.29,0.0,1,829,卖盘
792,10:46:18,8.29,0.0,9,7461,卖盘
793,10:46:39,8.29,0.0,63,52166,买盘
794,10:46:49,8.29,0.0,100,82900,买盘
795,10:46:52,8.28,-0.01,27,22363,卖盘
796,10:46:54,8.29,0.01,16,13264,买盘
797,10:47:04,8.29,0.0,8,6634,卖盘
798,10:47:06,8.3,0.01,1,830,买盘
799,10:47:10,8.3,0.0,1,830,买盘
800,10:47:12,8.3,0.0,11,9130,买盘
801,10:47:15,8.3,0.0,19,15770,买盘
802,10:47:27,8.3,0.0,1,830,买盘
803,10:47:30,8.3,0.0,3,2490,买盘
804,10:47:37,8.3,0.0,8,6640,买盘
805,10:47:57,8.32,0.02,157,130624,买盘
806,10:48:09,8.32,0.0,2,1664,卖盘
807,10:48:36,8.32,0.0,2,1664,卖盘
808,10:48:39,8.32,0.0,10,8320,卖盘
809,10:48:46,8.32,0.0,34,28288,卖盘
810,10:48:52,8.32,0.0,12,9984,买盘
811,10:48:55,8.32,0.0,4,3328,买盘
812,10:49:13,8.32,0.0,5,4160,卖盘
813,10:50:09,8.32,0.0,20,16640,卖盘
814,10:50:18,8.32,0.0,90,74880,卖盘
815,10:50:21,8.33,0.01,221,184049,买盘
816,10:51:01,8.33,0.0,8,6664,买盘
817,10:51:04,8.33,0.0,5,4165,卖盘
818,10:51:30,8.34,0.01,10,8340,买盘
819,10:51:33,8.33,-0.01,5,4165,卖盘
820,10:52:54,8.33,0.0,20,16660,卖盘
821,10:53:45,8.34,0.01,30,25020,买盘
822,10:53:48,8.34,0.0,6,5004,买盘
823,10:53:54,8.34,0.0,68,56712,买盘
824,10:53:57,8.34,0.0,13,10842,买盘
825,10:54:06,8.34,0.0,10,8340,买盘
826,10:54:10,8.34,0.0,1,834,买盘
827,10:54:15,8.33,-0.01,134,111622,卖盘
828,10:54:28,8.34,0.01,17,14178,买盘
829,10:54:42,8.36,0.02,180,150439,买盘
830,10:54:48,8.36,0.0,5,4180,买盘
831,10:54:52,8.36,0.0,9,7524,买盘
832,10:54:54,8.36,0.0,3,2508,买盘
833,10:55:09,8.36,0.0,10,8360,卖盘
834,10:55:19,8.36,0.0,2,1672,卖盘
835,10:55:21,8.36,0.0,14,11704,买盘
836,10:55:39,8.36,0.0,10,8360,买盘
837,10:55:49,8.37,0.01,53,44309,买盘
838,10:56:00,8.37,0.0,31,25918,买盘
839,10:56:27,8.35,-0.02,1,835,卖盘
840,10:57:06,8.37,0.02,554,463658,买盘
841,10:57:15,8.37,0.0,42,35154,买盘
842,10:57:18,8.37,0.0,1,837,买盘
843,10:57:21,8.37,0.0,530,443610,买盘
844,10:57:24,8.38,0.01,78,65364,买盘
845,10:57:27,8.38,0.0,32,26816,买盘
846,10:57:30,8.38,0.0,19,15922,买盘
847,10:57:33,8.38,0.0,45,37710,买盘
848,10:57:37,8.38,0.0,21,17598,买盘
849,10:57:48,8.39,0.01,25,20975,买盘
850,10:57:51,8.39,0.0,7,5873,买盘
851,10:57:54,8.38,-0.01,3,2514,卖盘
852,10:58:00,8.39,0.01,13,10907,买盘
853,10:58:03,8.38,-0.01,10,8380,卖盘
854,10:58:10,8.39,0.01,23,19297,买盘
855,10:58:12,8.39,0.0,5,4195,买盘
856,10:58:21,8.39,0.0,5,4195,买盘
857,10:58:24,8.38,-0.01,62,51956,卖盘
858,10:58:28,8.37,-0.01,78,65286,卖盘
859,10:58:30,8.37,0.0,31,25947,卖盘
860,10:58:36,8.38,0.01,18,15084,买盘
861,10:58:51,8.38,0.0,21,17598,买盘
862,10:59:00,8.38,0.0,2,1676,买盘
863,10:59:15,8.38,0.0,23,19274,买盘
864,10:59:19,8.38,0.0,15,12570,买盘
865,10:59:21,8.38,0.0,3,2514,买盘
866,10:59:24,8.37,-0.01,85,71175,卖盘
867,10:59:27,8.37,0.0,50,41850,卖盘
868,10:59:30,8.38,0.01,21,17598,买盘
869,10:59:42,8.37,-0.01,88,73656,卖盘
870,10:59:52,8.38,0.01,9,7542,买盘
871,10:59:55,8.37,-0.01,1,837,卖盘
872,10:59:58,8.38,0.01,62,51937,买盘
873,11:00:06,8.38,0.0,1,838,买盘
874,11:00:10,8.38,0.0,12,10056,买盘
875,11:00:15,8.39,0.01,1,839,买盘
876,11:00:21,8.38,-0.01,15,12570,卖盘
877,11:00:24,8.38,0.0,27,22626,卖盘
878,11:00:33,8.37,-0.01,1,837,卖盘
879,11:00:36,8.38,0.01,200,167600,买盘
880,11:00:40,8.37,-0.01,15,12569,卖盘
881,11:00:52,8.38,0.01,62,51956,买盘
882,11:00:54,8.37,-0.01,25,20940,卖盘
883,11:01:30,8.38,0.01,27,22626,买盘
884,11:01:54,8.38,0.0,1,838,买盘
885,11:02:09,8.38,0.0,19,15922,买盘
886,11:02:16,8.38,0.0,9,7542,买盘
887,11:02:22,8.37,-0.01,3,2511,卖盘
888,11:02:25,8.37,0.0,103,86231,卖盘
889,11:02:36,8.38,0.01,8,6704,买盘
890,11:02:42,8.38,0.0,36,30168,卖盘
891,11:02:48,8.37,-0.01,33,27629,卖盘
892,11:03:04,8.38,0.01,7,5866,买盘
893,11:03:07,8.37,-0.01,3,2511,卖盘
894,11:03:21,8.38,0.01,1,838,买盘
895,11:03:24,8.37,-0.01,5,4185,卖盘
896,11:04:00,8.38,0.01,10,8380,买盘
897,11:04:28,8.37,-0.01,80,66990,卖盘
898,11:04:37,8.38,0.01,42,35196,买盘
899,11:04:46,8.37,-0.01,51,42689,卖盘
900,11:04:54,8.38,0.01,2,1676,卖盘
901,11:05:27,8.38,0.0,20,16760,买盘
902,11:05:34,8.37,-0.01,2,1674,卖盘
903,11:05:42,8.37,0.0,23,19251,买盘
904,11:05:45,8.38,0.01,51,42738,买盘
905,11:05:48,8.38,0.0,33,27654,买盘
906,11:05:51,8.38,0.0,4,3352,买盘
907,11:06:06,8.39,0.01,1,839,买盘
908,11:06:13,8.39,0.0,1,839,买盘
909,11:06:21,8.38,-0.01,11,9218,卖盘
910,11:06:36,8.39,0.01,29,24324,买盘
911,11:06:45,8.39,0.0,42,35238,买盘
912,11:07:00,8.39,0.0,42,35238,买盘
913,11:07:04,8.39,0.0,94,78866,买盘
914,11:07:06,8.39,0.0,40,33560,卖盘
915,11:07:21,8.4,0.01,9,7560,买盘
916,11:07:24,8.4,0.0,14,11760,买盘
917,11:07:30,8.39,-0.01,12,10078,卖盘
918,11:07:42,8.4,0.01,2,1680,买盘
919,11:07:51,8.4,0.0,3,2520,买盘
920,11:07:54,8.4,0.0,2,1680,买盘
921,11:07:57,8.4,0.0,15,12600,买盘
922,11:08:33,8.39,-0.01,18,15102,卖盘
923,11:08:48,8.4,0.01,42,35280,买盘
924,11:08:51,8.4,0.0,5,4200,买盘
925,11:08:54,8.39,-0.01,50,41950,卖盘
926,11:08:57,8.4,0.01,2,1680,买盘
927,11:09:04,8.39,-0.01,30,25170,卖盘
928,11:09:09,8.39,0.0,8,6712,卖盘
929,11:09:21,8.4,0.01,1,840,买盘
930,11:10:00,8.39,-0.01,60,50340,卖盘
931,11:10:40,8.38,-0.01,7,5866,买盘
932,11:10:43,8.38,0.0,6,5028,买盘
933,11:11:18,8.39,0.01,1,839,买盘
934,11:11:39,8.39,0.0,47,39433,买盘
935,11:12:12,8.39,0.0,1,839,买盘
936,11:12:39,8.39,0.0,2,1678,买盘
937,11:12:54,8.39,0.0,39,32697,买盘
938,11:13:00,8.39,0.0,3,2517,买盘
939,11:13:18,8.38,-0.01,5,4190,卖盘
940,11:13:24,8.38,0.0,8,6704,卖盘
941,11:13:33,8.38,0.0,23,19274,卖盘
942,11:13:48,8.38,0.0,1,838,买盘
943,11:14:33,8.38,0.0,26,21788,买盘
944,11:15:18,8.37,-0.01,34,28460,卖盘
945,11:15:45,8.37,0.0,2,1674,卖盘
946,11:16:09,8.37,0.0,10,8370,卖盘
947,11:16:21,8.37,0.0,37,30969,卖盘
948,11:16:37,8.38,0.01,36,30168,买盘
949,11:16:42,8.38,0.0,1,838,买盘
950,11:18:31,8.38,0.0,1,838,买盘
951,11:18:33,8.36,-0.02,20,16722,卖盘
952,11:19:45,8.38,0.02,1,838,买盘
953,11:20:16,8.38,0.0,1,838,买盘
954,11:20:57,8.38,0.0,37,31006,买盘
955,11:21:12,8.38,0.0,1,838,买盘
956,11:21:18,8.38,0.0,44,36872,买盘
957,11:21:33,8.38,0.0,15,12570,卖盘
958,11:21:36,8.39,0.01,24,20136,买盘
959,11:21:58,8.39,0.0,15,12585,买盘
960,11:22:15,8.39,0.0,21,17619,买盘
961,11:22:45,8.39,0.0,8,6712,买盘
962,11:22:48,8.39,0.0,1,839,买盘
963,11:23:00,8.39,0.0,18,15102,买盘
964,11:23:06,8.39,0.0,30,25170,买盘
965,11:23:39,8.39,0.0,24,20136,买盘
966,11:23:54,8.39,0.0,1,839,买盘
967,11:24:15,8.39,0.0,19,15941,买盘
968,11:24:18,8.39,0.0,2,1678,买盘
969,11:24:33,8.39,0.0,6,5034,买盘
970,11:24:36,8.39,0.0,8,6712,买盘
971,11:24:39,8.39,0.0,2,1678,买盘
972,11:24:54,8.39,0.0,15,12585,买盘
973,11:24:57,8.39,0.0,20,16780,买盘
974,11:25:00,8.38,-0.01,14,11732,卖盘
975,11:25:33,8.39,0.01,3,2517,买盘
976,11:25:39,8.39,0.0,19,15941,买盘
977,11:25:46,8.39,0.0,1,839,买盘
978,11:25:57,8.39,0.0,13,10907,买盘
979,11:26:15,8.39,0.0,7,5872,买盘
980,11:26:27,8.38,-0.01,4,3352,卖盘
981,11:26:33,8.39,0.01,43,36648,买盘
982,11:26:51,8.39,0.0,5,4195,卖盘
983,11:27:00,8.39,0.0,50,41950,卖盘
984,11:27:18,8.4,0.01,1,840,买盘
985,11:27:27,8.39,-0.01,4,3356,卖盘
986,11:27:42,8.4,0.01,1,840,买盘
987,11:28:06,8.4,0.0,15,12600,买盘
988,11:28:09,8.39,-0.01,33,27116,卖盘
989,11:28:36,8.38,-0.01,1,838,卖盘
990,11:28:51,8.39,0.01,10,8390,买盘
991,11:28:54,8.39,0.0,1,839,买盘
992,11:28:57,8.38,-0.01,3,2514,卖盘
993,11:29:00,8.39,0.01,6,5034,买盘
994,11:29:15,8.38,-0.01,4,3352,卖盘
995,11:29:18,8.38,0.0,15,12570,卖盘
996,11:29:21,8.39,0.01,30,25741,买盘
997,11:29:33,8.39,0.0,4,3356,卖盘
998,11:29:57,8.39,0.0,47,38862,卖盘
999,13:00:04,8.39,0.0,134,112997,买盘
1000,13:00:21,8.4,0.01,1,840,买盘
1001,13:00:33,8.39,-0.01,20,16780,卖盘
1002,13:00:42,8.4,0.01,4,3358,买盘
1003,13:00:45,8.4,0.0,1,840,买盘
1004,13:00:54,8.4,0.0,25,21000,买盘
1005,13:00:57,8.4,0.0,2,1680,买盘
1006,13:01:04,8.39,-0.01,4,3356,卖盘
1007,13:01:12,8.4,0.01,1,840,买盘
1008,13:01:18,8.39,-0.01,36,30204,卖盘
1009,13:01:42,8.4,0.01,1,840,买盘
1010,13:02:12,8.4,0.0,1,840,买盘
1011,13:02:24,8.4,0.0,1,840,买盘
1012,13:02:27,8.4,0.0,1,840,买盘
1013,13:02:57,8.4,0.0,2,1680,买盘
1014,13:03:12,8.4,0.0,1,840,买盘
1015,13:03:15,8.39,-0.01,9,7551,卖盘
1016,13:03:18,8.39,0.0,4,3356,卖盘
1017,13:03:33,8.39,0.0,10,8390,卖盘
1018,13:03:42,8.4,0.01,2,1680,买盘
1019,13:04:04,8.39,-0.01,16,13424,卖盘
1020,13:04:09,8.39,0.0,2,1678,卖盘
1021,13:04:12,8.4,0.01,1,840,买盘
1022,13:04:27,8.4,0.0,2,1680,买盘
1023,13:04:33,8.4,0.0,178,149520,买盘
1024,13:04:36,8.4,0.0,2,1680,买盘
1025,13:04:39,8.4,0.0,28,23520,买盘
1026,13:04:42,8.4,0.0,1,840,买盘
1027,13:04:54,8.4,0.0,5,4200,买盘
1028,13:05:06,8.4,0.0,17,14280,买盘
1029,13:05:12,8.4,0.0,2,1680,买盘
1030,13:05:18,8.4,0.0,51,42840,买盘
1031,13:05:21,8.4,0.0,2,1680,买盘
1032,13:05:24,8.41,0.01,65,54661,买盘
1033,13:05:42,8.41,0.0,11,9251,卖盘
1034,13:05:45,8.41,0.0,6,5046,买盘
1035,13:05:51,8.41,0.0,18,15138,买盘
1036,13:05:57,8.42,0.01,1,842,买盘
1037,13:06:03,8.41,-0.01,10,8410,卖盘
1038,13:06:07,8.41,0.0,1,841,买盘
1039,13:06:12,8.41,0.0,1,841,买盘
1040,13:06:30,8.41,0.0,26,21866,买盘
1041,13:06:33,8.4,-0.01,7,5880,卖盘
1042,13:06:54,8.41,0.01,15,12615,买盘
1043,13:06:57,8.41,0.0,1,841,买盘
1044,13:07:04,8.41,0.0,1,841,买盘
1045,13:07:12,8.41,0.0,1,841,买盘
1046,13:07:39,8.4,-0.01,46,38640,卖盘
1047,13:07:42,8.4,0.0,31,26040,买盘
1048,13:07:45,8.4,0.0,2,1680,买盘
1049,13:07:48,8.41,0.01,20,16820,买盘
1050,13:08:04,8.4,-0.01,46,38640,卖盘
1051,13:08:06,8.4,0.0,4,3360,买盘
1052,13:08:12,8.4,0.0,4,3360,卖盘
1053,13:08:21,8.41,0.01,1,841,买盘
1054,13:08:36,8.41,0.0,148,124468,买盘
1055,13:08:39,8.41,0.0,47,39527,买盘
1056,13:09:07,8.41,0.0,3,2523,买盘
1057,13:09:09,8.41,0.0,13,10933,卖盘
1058,13:09:12,8.41,0.0,1,841,买盘
1059,13:09:15,8.4,-0.01,130,109200,卖盘
1060,13:09:18,8.4,0.0,15,12600,买盘
1061,13:09:27,8.39,-0.01,4,3356,卖盘
1062,13:09:42,8.4,0.01,1,840,买盘
1063,13:09:45,8.4,0.0,3,2520,买盘
1064,13:09:48,8.4,0.0,1,840,买盘
1065,13:09:57,8.4,0.0,24,20160,买盘
1066,13:10:00,8.4,0.0,29,24360,买盘
1067,13:10:04,8.4,0.0,30,25200,买盘
1068,13:10:07,8.4,0.0,37,31080,买盘
1069,13:10:10,8.4,0.0,20,16800,买盘
1070,13:10:16,8.4,0.0,24,20160,买盘
1071,13:10:39,8.4,0.0,69,57557,买盘
1072,13:10:48,8.42,0.02,12,10104,买盘
1073,13:11:16,8.42,0.0,83,69886,买盘
1074,13:11:18,8.42,0.0,1,842,买盘
1075,13:11:30,8.42,0.0,8,6736,买盘
1076,13:11:39,8.41,-0.01,4,3364,卖盘
1077,13:11:54,8.41,0.0,5,4205,卖盘
1078,13:12:36,8.42,0.01,1,842,买盘
1079,13:12:48,8.42,0.0,21,17682,买盘
1080,13:12:54,8.42,0.0,2,1684,买盘
1081,13:13:04,8.42,0.0,10,8420,买盘
1082,13:13:12,8.42,0.0,10,8420,买盘
1083,13:13:28,8.42,0.0,100,84200,买盘
1084,13:13:30,8.42,0.0,15,12630,买盘
1085,13:13:42,8.43,0.01,5,4215,买盘
1086,13:13:52,8.42,-0.01,16,13472,卖盘
1087,13:13:54,8.43,0.01,12,10116,买盘
1088,13:13:57,8.43,0.0,16,13488,买盘
1089,13:14:03,8.43,0.0,17,14331,买盘
1090,13:14:06,8.43,0.0,16,13488,买盘
1091,13:14:13,8.43,0.0,58,48894,买盘
1092,13:14:21,8.43,0.0,15,12645,卖盘
1093,13:14:27,8.43,0.0,2,1686,买盘
1094,13:14:30,8.43,0.0,1,843,买盘
1095,13:14:33,8.43,0.0,1,843,买盘
1096,13:14:39,8.43,0.0,31,26133,买盘
1097,13:14:42,8.44,0.01,4,3376,买盘
1098,13:14:48,8.44,0.0,5,4220,买盘
1099,13:14:51,8.44,0.0,41,34604,买盘
1100,13:14:54,8.44,0.0,1,844,买盘
1101,13:15:00,8.44,0.0,37,31228,买盘
1102,13:15:07,8.44,0.0,3,2532,买盘
1103,13:15:12,8.44,0.0,30,25320,买盘
1104,13:15:24,8.45,0.01,19,16055,买盘
1105,13:15:27,8.45,0.0,2,1690,买盘
1106,13:15:33,8.45,0.0,35,29575,买盘
1107,13:15:36,8.44,-0.01,113,95372,卖盘
1108,13:15:39,8.45,0.01,192,162152,买盘
1109,13:15:45,8.46,0.01,2,1692,买盘
1110,13:15:48,8.46,0.0,15,12690,买盘
1111,13:15:51,8.46,0.0,8,6768,买盘
1112,13:15:54,8.46,0.0,4,3384,买盘
1113,13:15:57,8.46,0.0,1,846,买盘
1114,13:16:03,8.46,0.0,50,42300,买盘
1115,13:16:07,8.46,0.0,20,16920,买盘
1116,13:16:09,8.46,0.0,18,15228,买盘
1117,13:16:18,8.46,0.0,2,1692,买盘
1118,13:16:24,8.45,-0.01,68,57521,卖盘
1119,13:16:27,8.46,0.01,1,846,中性盘
1120,13:16:33,8.45,-0.01,10,8456,卖盘
1121,13:16:36,8.45,0.0,4,3380,卖盘
1122,13:16:42,8.47,0.02,51,43163,买盘
1123,13:16:51,8.47,0.0,13,11011,买盘
1124,13:16:57,8.47,0.0,45,38080,买盘
1125,13:17:00,8.47,0.0,1,847,买盘
1126,13:17:07,8.47,0.0,20,16940,买盘
1127,13:17:12,8.48,0.01,1,848,买盘
1128,13:17:15,8.47,-0.01,91,77157,卖盘
1129,13:17:18,8.47,0.0,1,847,买盘
1130,13:17:24,8.47,0.0,14,11858,买盘
1131,13:17:27,8.47,0.0,1,847,买盘
1132,13:17:33,8.47,0.0,84,71148,买盘
1133,13:17:42,8.48,0.01,36,30528,买盘
1134,13:17:51,8.48,0.0,36,30528,买盘
1135,13:18:00,8.48,0.0,10,8480,买盘
1136,13:18:04,8.48,0.0,14,11872,卖盘
1137,13:18:06,8.48,0.0,29,24592,买盘
1138,13:18:09,8.48,0.0,10,8480,买盘
1139,13:18:12,8.48,0.0,1,848,买盘
1140,13:18:16,8.46,-0.02,4,3384,卖盘
1141,13:18:21,8.48,0.02,20,16960,买盘
1142,13:18:27,8.46,-0.02,30,25420,卖盘
1143,13:18:30,8.46,0.0,15,12690,卖盘
1144,13:18:39,8.47,0.01,4,3388,买盘
1145,13:18:48,8.46,-0.01,5,4230,卖盘
1146,13:18:54,8.47,0.01,15,12705,买盘
1147,13:18:57,8.47,0.0,1,847,买盘
1148,13:19:04,8.47,0.0,1,847,买盘
1149,13:19:10,8.47,0.0,23,19481,买盘
1150,13:19:13,8.47,0.0,5,4231,买盘
1151,13:19:15,8.46,-0.01,10,8460,卖盘
1152,13:19:27,8.46,0.0,48,40608,卖盘
1153,13:19:37,8.5,0.04,500,424066,买盘
1154,13:19:39,8.45,-0.05,5,4225,卖盘
1155,13:19:42,8.45,0.0,4,3380,卖盘
1156,13:20:12,8.47,0.02,1,847,买盘
1157,13:20:16,8.5,0.03,247,209752,买盘
1158,13:20:21,8.5,0.0,14,11900,卖盘
1159,13:20:24,8.51,0.01,11,9361,买盘
1160,13:20:27,8.51,0.0,1,851,买盘
1161,13:20:31,8.52,0.01,1,852,买盘
1162,13:20:33,8.51,-0.01,113,96163,卖盘
1163,13:20:39,8.5,-0.01,50,42500,卖盘
1164,13:20:43,8.5,0.0,11,9351,卖盘
1165,13:20:46,8.51,0.01,36,30636,买盘
1166,13:20:48,8.5,-0.01,4,3400,卖盘
1167,13:20:52,8.5,0.0,20,17000,卖盘
1168,13:20:54,8.5,0.0,56,47600,卖盘
1169,13:21:00,8.5,0.0,10,8500,买盘
1170,13:21:03,8.46,-0.04,3,2538,卖盘
1171,13:21:07,8.46,0.0,7,5922,买盘
1172,13:21:27,8.47,0.01,5,4235,卖盘
1173,13:21:33,8.47,0.0,2,1694,买盘
1174,13:21:39,8.47,0.0,15,12705,买盘
1175,13:21:45,8.47,0.0,68,57598,卖盘
1176,13:21:51,8.49,0.02,1,849,买盘
1177,13:22:12,8.49,0.0,2,1698,买盘
1178,13:22:21,8.47,-0.02,48,40656,卖盘
1179,13:22:33,8.46,-0.01,25,21150,卖盘
1180,13:22:39,8.46,0.0,3,2538,卖盘
1181,13:22:42,8.47,0.01,1,847,买盘
1182,13:22:58,8.46,-0.01,32,27082,卖盘
1183,13:23:00,8.46,0.0,46,38916,买盘
1184,13:23:03,8.46,0.0,8,6768,买盘
1185,13:23:06,8.45,-0.01,58,49024,卖盘
1186,13:23:09,8.45,0.0,25,21125,买盘
1187,13:23:21,8.45,0.0,1,845,买盘
1188,13:23:24,8.44,-0.01,2,1688,卖盘
1189,13:23:33,8.45,0.01,1,845,买盘
1190,13:23:36,8.44,-0.01,47,39668,卖盘
1191,13:23:39,8.44,0.0,3,2532,买盘
1192,13:23:48,8.44,0.0,221,186524,买盘
1193,13:23:57,8.45,0.01,16,13510,买盘
1194,13:24:00,8.46,0.01,10,8460,买盘
1195,13:24:12,8.47,0.01,23,19481,买盘
1196,13:24:24,8.48,0.01,5,4240,卖盘
1197,13:24:27,8.49,0.01,15,12735,买盘
1198,13:24:33,8.49,0.0,20,16980,买盘
1199,13:24:42,8.48,-0.01,2,1696,卖盘
1200,13:24:54,8.48,0.0,3,2544,买盘
1201,13:24:57,8.5,0.02,53,45035,买盘
1202,13:25:00,8.5,0.0,48,40800,买盘
1203,13:25:04,8.5,0.0,1,850,买盘
1204,13:25:12,8.49,-0.01,4,3396,买盘
1205,13:25:33,8.48,-0.01,16,13568,卖盘
1206,13:25:48,8.48,0.0,129,109392,买盘
1207,13:25:57,8.49,0.01,54,45838,买盘
1208,13:26:06,8.47,-0.02,6,5083,卖盘
1209,13:26:30,8.48,0.01,1,848,买盘
1210,13:26:48,8.47,-0.01,40,33880,卖盘
1211,13:26:51,8.48,0.01,42,35606,买盘
1212,13:26:57,8.49,0.01,53,44997,买盘
1213,13:27:03,8.48,-0.01,10,8480,卖盘
1214,13:27:33,8.48,0.0,7,5936,卖盘
1215,13:27:54,8.49,0.01,1,849,买盘
1216,13:28:00,8.49,0.0,53,44997,买盘
1217,13:28:04,8.48,-0.01,11,9328,卖盘
1218,13:28:07,8.48,0.0,1,848,买盘
1219,13:28:21,8.47,-0.01,4,3388,卖盘
1220,13:28:48,8.47,0.0,14,11858,卖盘
1221,13:28:57,8.49,0.02,54,45813,买盘
1222,13:29:24,8.49,0.0,1,849,买盘
1223,13:29:27,8.49,0.0,2,1698,买盘
1224,13:30:00,8.49,0.0,53,44997,买盘
1225,13:30:09,8.48,-0.01,5,4240,卖盘
1226,13:30:21,8.48,0.0,2,1696,买盘
1227,13:30:40,8.47,-0.01,50,42350,卖盘
1228,13:30:48,8.43,-0.04,408,344209,卖盘
1229,13:30:51,8.43,0.0,2,1686,买盘
1230,13:30:54,8.43,0.0,15,12645,买盘
1231,13:30:57,8.43,0.0,25,21071,买盘
1232,13:31:00,8.43,0.0,68,57324,买盘
1233,13:31:03,8.43,0.0,21,17703,买盘
1234,13:31:15,8.44,0.01,7,5908,卖盘
1235,13:31:21,8.44,0.0,5,4222,卖盘
1236,13:31:54,8.46,0.02,6,5076,买盘
1237,13:31:57,8.47,0.01,37,31337,买盘
1238,13:32:06,8.48,0.01,20,16957,买盘
1239,13:32:15,8.47,-0.01,3,2541,卖盘
1240,13:32:25,8.47,0.0,1,847,买盘
1241,13:32:30,8.47,0.0,1,847,买盘
1242,13:32:39,8.47,0.0,67,56749,买盘
1243,13:32:42,8.47,0.0,14,11858,卖盘
1244,13:32:57,8.48,0.01,58,49179,买盘
1245,13:33:00,8.47,-0.01,37,31339,卖盘
1246,13:33:04,8.47,0.0,4,3388,卖盘
1247,13:33:09,8.48,0.01,10,8480,买盘
1248,13:33:24,8.48,0.0,1,848,买盘
1249,13:33:48,8.48,0.0,1,848,买盘
1250,13:33:51,8.47,-0.01,2,1694,卖盘
1251,13:34:01,8.48,0.01,77,65286,买盘
1252,13:34:12,8.47,-0.01,10,8470,卖盘
1253,13:34:15,8.47,0.0,15,12705,卖盘
1254,13:34:18,8.47,0.0,50,42350,卖盘
1255,13:34:21,8.47,0.0,13,11011,卖盘
1256,13:34:24,8.47,0.0,19,16093,卖盘
1257,13:34:40,8.47,0.0,1,847,买盘
1258,13:34:57,8.45,-0.02,35,29575,卖盘
1259,13:35:00,8.47,0.02,54,45706,买盘
1260,13:35:18,8.45,-0.02,4,3380,卖盘
1261,13:35:27,8.46,0.01,1,846,买盘
1262,13:35:31,8.46,0.0,1,846,买盘
1263,13:36:00,8.45,-0.01,57,48237,卖盘
1264,13:36:27,8.47,0.02,1,847,买盘
1265,13:36:45,8.45,-0.02,4,3380,卖盘
1266,13:36:55,8.46,0.01,15,12690,买盘
1267,13:37:00,8.47,0.01,43,36411,买盘
1268,13:37:12,8.47,0.0,21,17787,卖盘
1269,13:37:18,8.47,0.0,2,1694,买盘
1270,13:37:21,8.47,0.0,1,847,买盘
1271,13:37:51,8.45,-0.02,1,845,卖盘
1272,13:37:57,8.48,0.03,53,44902,买盘
1273,13:38:09,8.45,-0.03,17,14365,卖盘
1274,13:38:24,8.48,0.03,1,848,买盘
1275,13:38:27,8.48,0.0,1,848,买盘
1276,13:38:36,8.45,-0.03,2,1690,卖盘
1277,13:38:39,8.45,0.0,3,2535,买盘
1278,13:38:42,8.45,0.0,8,6760,买盘
1279,13:38:49,8.45,0.0,20,16900,卖盘
1280,13:38:51,8.45,0.0,1,845,中性盘
1281,13:39:00,8.47,0.02,54,45738,买盘
1282,13:39:06,8.44,-0.03,6,5067,卖盘
1283,13:39:09,8.45,0.01,2,1690,买盘
1284,13:39:12,8.45,0.0,2,1690,买盘
1285,13:39:27,8.45,0.0,1,845,买盘
1286,13:39:48,8.44,-0.01,7,5908,卖盘
1287,13:39:51,8.44,0.0,1,844,卖盘
1288,13:39:54,8.45,0.01,21,17725,买盘
1289,13:39:57,8.45,0.0,53,44785,买盘
1290,13:40:28,8.45,0.0,1,845,买盘
1291,13:40:45,8.45,0.0,23,19435,买盘
1292,13:40:51,8.46,0.01,3,2538,卖盘
1293,13:40:57,8.45,-0.01,5,4225,卖盘
1294,13:41:00,8.47,0.02,53,44888,买盘
1295,13:41:06,8.47,0.0,8,6776,买盘
1296,13:41:09,8.45,-0.02,49,41405,卖盘
1297,13:41:19,8.45,0.0,1,845,买盘
1298,13:41:24,8.45,0.0,1,845,买盘
1299,13:41:36,8.44,-0.01,10,8440,卖盘
1300,13:41:39,8.45,0.01,5,4225,买盘
1301,13:41:54,8.44,-0.01,1,844,卖盘
1302,13:42:00,8.45,0.01,74,62530,买盘
1303,13:42:06,8.45,0.0,33,27885,卖盘
1304,13:42:15,8.45,0.0,15,12675,卖盘
1305,13:42:19,8.45,0.0,10,8450,卖盘
1306,13:42:28,8.46,0.01,1,846,买盘
1307,13:42:51,8.45,-0.01,10,8450,卖盘
1308,13:42:54,8.45,0.0,30,25365,卖盘
1309,13:42:57,8.45,0.0,5,4225,卖盘
1310,13:43:04,8.45,0.0,2,1690,买盘
1311,13:43:51,8.44,-0.01,20,16880,卖盘
1312,13:43:54,8.45,0.01,14,11830,买盘
1313,13:44:00,8.45,0.0,20,16900,卖盘
1314,13:44:12,8.45,0.0,2,1690,卖盘
1315,13:44:21,8.44,-0.01,12,10128,卖盘
1316,13:44:24,8.44,0.0,1,844,买盘
1317,13:44:30,8.43,-0.01,21,17703,卖盘
1318,13:44:36,8.44,0.01,7,5908,买盘
1319,13:44:39,8.43,-0.01,17,14347,卖盘
1320,13:44:51,8.43,0.0,11,9273,卖盘
1321,13:45:04,8.42,-0.01,20,16840,卖盘
1322,13:45:10,8.42,0.0,13,10946,卖盘
1323,13:45:13,8.42,0.0,4,3368,卖盘
1324,13:45:24,8.42,0.0,21,17662,买盘
1325,13:45:33,8.41,-0.01,20,16820,卖盘
1326,13:45:39,8.42,0.01,5,4210,买盘
1327,13:45:42,8.41,-0.01,21,17662,卖盘
1328,13:45:51,8.41,0.0,20,16820,卖盘
1329,13:45:54,8.41,0.0,20,16820,卖盘
1330,13:46:01,8.41,0.0,1,841,卖盘
1331,13:46:04,8.41,0.0,30,25230,卖盘
1332,13:46:12,8.42,0.01,3,2526,卖盘
1333,13:46:21,8.41,-0.01,20,16820,卖盘
1334,13:46:24,8.42,0.01,1,842,买盘
1335,13:46:33,8.41,-0.01,20,16820,卖盘
1336,13:46:42,8.41,0.0,20,16820,卖盘
1337,13:46:51,8.41,0.0,20,16820,卖盘
1338,13:47:04,8.41,0.0,20,16820,卖盘
1339,13:47:12,8.41,0.0,20,16820,卖盘
1340,13:47:15,8.43,0.02,1,843,买盘
1341,13:47:21,8.41,-0.02,8,6733,卖盘
1342,13:47:27,8.43,0.02,11,9253,买盘
1343,13:48:27,8.43,0.0,1,843,买盘
1344,13:48:54,8.43,0.0,15,12645,买盘
1345,13:48:58,8.43,0.0,1,843,买盘
1346,13:49:03,8.43,0.0,3,2529,买盘
1347,13:49:09,8.43,0.0,11,9273,卖盘
1348,13:49:22,8.43,0.0,12,10116,买盘
1349,13:49:24,8.42,-0.01,20,16844,卖盘
1350,13:49:27,8.42,0.0,5,4212,卖盘
1351,13:49:42,8.42,0.0,10,8420,卖盘
1352,13:49:48,8.43,0.01,2,1686,买盘
1353,13:50:27,8.44,0.01,1,844,买盘
1354,13:50:33,8.42,-0.02,5,4213,卖盘
1355,13:50:48,8.43,0.01,1,843,买盘
1356,13:51:27,8.43,0.0,5,4215,买盘
1357,13:51:31,8.43,0.0,1,843,买盘
1358,13:51:51,8.43,0.0,15,12645,买盘
1359,13:51:54,8.43,0.0,1,843,买盘
1360,13:52:04,8.43,0.0,19,16017,买盘
1361,13:52:30,8.43,0.0,1,843,买盘
1362,13:52:39,8.43,0.0,15,12645,买盘
1363,13:52:51,8.42,-0.01,5,4210,卖盘
1364,13:53:00,8.42,0.0,4,3368,卖盘
1365,13:53:18,8.43,0.01,4,3372,买盘
1366,13:53:21,8.43,0.0,76,64068,买盘
1367,13:53:25,8.43,0.0,6,5058,买盘
1368,13:53:42,8.43,0.0,25,21055,买盘
1369,13:54:18,8.42,-0.01,10,8420,卖盘
1370,13:54:30,8.43,0.01,1,843,买盘
1371,13:54:42,8.42,-0.01,4,3368,卖盘
1372,13:54:54,8.42,0.0,2,1684,买盘
1373,13:55:09,8.43,0.01,2,1686,买盘
1374,13:55:18,8.42,-0.01,5,4210,卖盘
1375,13:55:27,8.43,0.01,1,843,买盘
1376,13:56:06,8.42,-0.01,1,842,卖盘
1377,13:56:18,8.43,0.01,1,843,买盘
1378,13:56:27,8.43,0.0,1,843,买盘
1379,13:57:06,8.42,-0.01,10,8420,卖盘
1380,13:57:30,8.43,0.01,11,9273,买盘
1381,13:57:42,8.42,-0.01,52,43784,卖盘
1382,13:57:54,8.43,0.01,1,843,买盘
1383,13:58:09,8.42,-0.01,40,33680,卖盘
1384,13:58:27,8.43,0.01,2,1686,买盘
1385,13:58:30,8.43,0.0,1,843,买盘
1386,13:59:18,8.41,-0.02,25,21025,卖盘
1387,13:59:27,8.42,0.01,1,842,买盘
1388,13:59:39,8.41,-0.01,2,1682,卖盘
1389,14:00:33,8.41,0.0,4,3364,卖盘
1390,14:00:54,8.42,0.01,15,12630,买盘
1391,14:01:06,8.42,0.0,1,842,买盘
1392,14:01:24,8.41,-0.01,25,21025,卖盘
1393,14:01:27,8.41,0.0,20,16820,买盘
1394,14:01:30,8.41,0.0,5,4205,买盘
1395,14:01:51,8.41,0.0,1,841,卖盘
1396,14:02:24,8.42,0.01,8,6736,买盘
1397,14:02:36,8.42,0.0,24,20208,买盘
1398,14:02:39,8.42,0.0,2,1684,买盘
1399,14:02:48,8.42,0.0,5,4210,买盘
1400,14:03:06,8.42,0.0,37,31154,买盘
1401,14:03:10,8.42,0.0,2,1684,买盘
1402,14:03:12,8.42,0.0,18,15156,买盘
1403,14:04:12,8.42,0.0,1,842,买盘
1404,14:04:57,8.42,0.0,25,21050,买盘
1405,14:05:04,8.42,0.0,10,8420,买盘
1406,14:05:06,8.42,0.0,6,5052,买盘
1407,14:05:15,8.42,0.0,1,842,买盘
1408,14:05:27,8.42,0.0,1,842,买盘
1409,14:06:42,8.42,0.0,1,842,买盘
1410,14:06:54,8.42,0.0,15,12630,买盘
1411,14:07:51,8.42,0.0,1,842,买盘
1412,14:07:57,8.41,-0.01,47,39527,卖盘
1413,14:08:00,8.42,0.01,4,3368,买盘
1414,14:08:36,8.42,0.0,30,25260,买盘
1415,14:09:00,8.42,0.0,1,842,买盘
1416,14:09:36,8.42,0.0,27,22734,买盘
1417,14:09:42,8.42,0.0,1,842,买盘
1418,14:09:45,8.42,0.0,2,1684,买盘
1419,14:10:15,8.43,0.01,25,21075,买盘
1420,14:10:18,8.42,-0.01,117,98515,卖盘
1421,14:10:30,8.42,0.0,2,1684,买盘
1422,14:10:57,8.42,0.0,1,842,买盘
1423,14:11:09,8.42,0.0,2,1684,买盘
1424,14:11:33,8.42,0.0,26,21892,卖盘
1425,14:11:36,8.43,0.01,1,843,买盘
1426,14:11:45,8.42,-0.01,14,11788,卖盘
1427,14:12:00,8.42,0.0,1,842,买盘
1428,14:12:33,8.43,0.01,1,843,买盘
1429,14:13:15,8.42,-0.01,22,18524,卖盘
1430,14:13:21,8.42,0.0,1,842,买盘
1431,14:13:27,8.42,0.0,30,25260,买盘
1432,14:13:36,8.42,0.0,1,842,买盘
1433,14:14:04,8.41,-0.01,3,2523,卖盘
1434,14:14:27,8.43,0.02,15,12640,买盘
1435,14:14:36,8.43,0.0,1,843,买盘
1436,14:14:46,8.42,-0.01,21,17682,卖盘
1437,14:14:51,8.41,-0.01,54,45414,卖盘
1438,14:15:06,8.41,0.0,1,841,买盘
1439,14:15:10,8.41,0.0,259,217819,买盘
1440,14:15:13,8.41,0.0,23,19343,买盘
1441,14:15:36,8.42,0.01,1,842,买盘
1442,14:16:18,8.41,-0.01,7,5887,卖盘
1443,14:16:49,8.41,0.0,1,841,买盘
1444,14:17:00,8.41,0.0,4,3364,卖盘
1445,14:17:06,8.41,0.0,11,9251,卖盘
1446,14:17:36,8.42,0.01,1,842,买盘
1447,14:17:46,8.41,-0.01,70,58870,卖盘
1448,14:17:54,8.41,0.0,1,841,买盘
1449,14:18:36,8.41,0.0,1,841,买盘
1450,14:18:54,8.41,0.0,2,1682,买盘
1451,14:19:19,8.41,0.0,27,22707,卖盘
1452,14:19:33,8.41,0.0,2,1682,买盘
1453,14:19:36,8.41,0.0,10,8410,买盘
1454,14:19:39,8.41,0.0,1,841,买盘
1455,14:19:48,8.41,0.0,28,23548,买盘
1456,14:20:39,8.42,0.01,1,842,买盘
1457,14:20:48,8.42,0.0,1,842,买盘
1458,14:21:03,8.41,-0.01,10,8410,卖盘
1459,14:21:12,8.42,0.01,1,842,买盘
1460,14:21:30,8.42,0.0,12,10104,买盘
1461,14:21:36,8.42,0.0,7,5894,买盘
1462,14:21:45,8.42,0.0,68,57256,买盘
1463,14:21:48,8.42,0.0,14,11788,卖盘
1464,14:21:54,8.41,-0.01,171,143943,卖盘
1465,14:22:28,8.43,0.02,1,843,买盘
1466,14:22:36,8.43,0.0,1,843,买盘
1467,14:23:00,8.43,0.0,1,843,买盘
1468,14:23:04,8.43,0.0,1,843,买盘
1469,14:23:18,8.42,-0.01,40,33680,卖盘
1470,14:23:21,8.43,0.01,6,5058,买盘
1471,14:23:36,8.43,0.0,1,843,买盘
1472,14:23:39,8.42,-0.01,4,3368,卖盘
1473,14:23:45,8.43,0.01,98,82614,买盘
1474,14:23:52,8.44,0.01,1,844,买盘
1475,14:24:15,8.43,-0.01,9,7587,卖盘
1476,14:24:31,8.44,0.01,17,14348,买盘
1477,14:24:36,8.44,0.0,1,844,买盘
1478,14:24:54,8.44,0.0,15,12660,买盘
1479,14:25:34,8.43,-0.01,11,9273,卖盘
1480,14:25:36,8.43,0.0,148,124764,卖盘
1481,14:25:48,8.43,0.0,1,843,买盘
1482,14:25:58,8.43,0.0,62,52266,买盘
1483,14:26:04,8.43,0.0,2,1686,卖盘
1484,14:26:12,8.44,0.01,23,19412,买盘
1485,14:26:19,8.43,-0.01,28,23604,卖盘
1486,14:26:30,8.43,0.0,6,5058,买盘
1487,14:26:33,8.43,0.0,12,10116,买盘
1488,14:26:36,8.42,-0.01,20,16840,卖盘
1489,14:26:40,8.43,0.01,1,843,买盘
1490,14:26:48,8.42,-0.01,5,4210,卖盘
1491,14:26:57,8.43,0.01,2,1686,买盘
1492,14:27:12,8.42,-0.01,153,128826,卖盘
1493,14:27:15,8.42,0.0,6,5052,买盘
1494,14:27:40,8.42,0.0,19,15988,买盘
1495,14:28:33,8.42,0.0,1,842,买盘
1496,14:28:39,8.42,0.0,1,842,买盘
1497,14:28:42,8.41,-0.01,74,62234,卖盘
1498,14:28:48,8.41,0.0,4,3364,买盘
1499,14:29:37,8.41,0.0,5,4205,买盘
1500,14:29:40,8.41,0.0,1,841,买盘
1501,14:29:43,8.41,0.0,1,841,买盘
1502,14:30:04,8.42,0.01,1,842,买盘
1503,14:30:13,8.42,0.0,9,7578,买盘
1504,14:30:16,8.41,-0.01,91,76531,卖盘
1505,14:30:18,8.41,0.0,10,8410,买盘
1506,14:30:21,8.41,0.0,8,6728,买盘
1507,14:30:39,8.41,0.0,1,841,买盘
1508,14:30:54,8.41,0.0,10,8410,中性盘
1509,14:30:57,8.42,0.01,41,34521,买盘
1510,14:31:19,8.42,0.0,3,2526,买盘
1511,14:31:25,8.42,0.0,1,842,买盘
1512,14:31:27,8.42,0.0,15,12630,买盘
1513,14:31:36,8.41,-0.01,4,3364,卖盘
1514,14:31:39,8.41,0.0,113,95034,卖盘
1515,14:32:06,8.42,0.01,2,1684,买盘
1516,14:32:39,8.42,0.0,1,842,买盘
1517,14:32:45,8.41,-0.01,4,3364,卖盘
1518,14:33:04,8.41,0.0,67,56347,卖盘
1519,14:33:15,8.41,0.0,9,7569,买盘
1520,14:33:18,8.41,0.0,1,841,买盘
1521,14:33:30,8.41,0.0,4,3364,买盘
1522,14:33:43,8.42,0.01,4,3365,买盘
1523,14:33:46,8.4,-0.02,4,3360,卖盘
1524,14:33:48,8.4,0.0,8,6720,卖盘
1525,14:34:01,8.42,0.02,1,842,买盘
1526,14:34:16,8.42,0.0,5,4210,买盘
1527,14:34:27,8.4,-0.02,1,840,卖盘
1528,14:34:42,8.42,0.02,1,842,买盘
1529,14:35:30,8.41,-0.01,5,4205,卖盘
1530,14:35:33,8.41,0.0,4,3364,买盘
1531,14:35:48,8.41,0.0,7,5887,买盘
1532,14:36:07,8.4,-0.01,20,16800,卖盘
1533,14:36:12,8.41,0.01,28,23548,买盘
1534,14:36:30,8.42,0.01,3,2526,买盘
1535,14:36:33,8.42,0.0,3,2526,买盘
1536,14:36:36,8.41,-0.01,12,10092,卖盘
1537,14:36:39,8.44,0.03,120,101174,买盘
1538,14:36:43,8.44,0.0,1,844,买盘
1539,14:37:34,8.44,0.0,5,4220,买盘
1540,14:37:39,8.44,0.0,1,844,买盘
1541,14:38:06,8.43,-0.01,33,27819,卖盘
1542,14:38:12,8.43,0.0,2,1686,买盘
1543,14:38:37,8.43,0.0,3,2529,买盘
1544,14:38:42,8.43,0.0,1,843,买盘
1545,14:39:12,8.43,0.0,17,14331,买盘
1546,14:39:40,8.44,0.01,3,2532,买盘
1547,14:39:43,8.44,0.0,76,64144,买盘
1548,14:39:45,8.44,0.0,13,10972,买盘
1549,14:39:55,8.44,0.0,3,2532,卖盘
1550,14:39:57,8.44,0.0,10,8440,卖盘
1551,14:40:40,8.44,0.0,13,10972,卖盘
1552,14:40:43,8.44,0.0,3,2532,买盘
1553,14:41:00,8.44,0.0,20,16880,买盘
1554,14:41:15,8.44,0.0,10,8440,买盘
1555,14:41:18,8.44,0.0,9,7596,买盘
1556,14:41:42,8.43,-0.01,13,10959,卖盘
1557,14:41:45,8.43,0.0,2,1686,买盘
1558,14:41:51,8.43,0.0,4,3372,买盘
1559,14:42:13,8.42,-0.01,41,34522,卖盘
1560,14:42:16,8.43,0.01,1,843,买盘
1561,14:42:18,8.42,-0.01,8,6736,卖盘
1562,14:42:21,8.44,0.02,8,6745,买盘
1563,14:42:24,8.42,-0.02,4,3368,卖盘
1564,14:42:27,8.44,0.02,4,3376,买盘
1565,14:42:31,8.42,-0.02,7,5894,卖盘
1566,14:42:34,8.42,0.0,12,10104,买盘
1567,14:42:37,8.42,0.0,5,4210,买盘
1568,14:42:39,8.42,0.0,7,5894,买盘
1569,14:42:42,8.42,0.0,21,17682,买盘
1570,14:42:45,8.42,0.0,2,1684,买盘
1571,14:42:51,8.42,0.0,2,1684,买盘
1572,14:42:55,8.42,0.0,16,13472,买盘
1573,14:42:58,8.42,0.0,2,1684,买盘
1574,14:43:01,8.42,0.0,10,8420,买盘
1575,14:43:06,8.42,0.0,2,1684,买盘
1576,14:43:09,8.42,0.0,2,1684,买盘
1577,14:43:12,8.42,0.0,2,1684,买盘
1578,14:43:22,8.42,0.0,3,2526,买盘
1579,14:43:27,8.41,-0.01,39,32801,卖盘
1580,14:43:36,8.42,0.01,50,42052,买盘
1581,14:43:43,8.42,0.0,5,4207,买盘
1582,14:43:52,8.42,0.0,2,1684,买盘
1583,14:43:54,8.42,0.0,5,4210,买盘
1584,14:43:58,8.42,0.0,2,1684,买盘
1585,14:44:04,8.42,0.0,14,11788,买盘
1586,14:44:07,8.42,0.0,24,20208,买盘
1587,14:44:10,8.42,0.0,1,842,买盘
1588,14:44:13,8.41,-0.01,4,3366,卖盘
1589,14:44:15,8.41,0.0,40,33640,卖盘
1590,14:44:21,8.42,0.01,2,1684,买盘
1591,14:44:25,8.42,0.0,80,67310,买盘
1592,14:44:28,8.42,0.0,3,2526,买盘
1593,14:44:37,8.42,0.0,2,1684,买盘
1594,14:44:40,8.41,-0.01,8,6728,卖盘
1595,14:44:43,8.42,0.01,2,1684,买盘
1596,14:44:57,8.41,-0.01,1,841,卖盘
1597,14:45:00,8.41,0.0,37,31117,卖盘
1598,14:45:10,8.42,0.01,69,58051,买盘
1599,14:45:19,8.42,0.0,2,1684,买盘
1600,14:45:22,8.42,0.0,23,19366,买盘
1601,14:45:28,8.42,0.0,3,2526,买盘
1602,14:45:37,8.42,0.0,2,1684,买盘
1603,14:45:39,8.42,0.0,14,11788,买盘
1604,14:45:49,8.42,0.0,16,13472,买盘
1605,14:45:51,8.43,0.01,3,2529,买盘
1606,14:45:54,8.43,0.0,77,64837,买盘
1607,14:46:04,8.43,0.0,7,5901,买盘
1608,14:46:07,8.43,0.0,6,5058,买盘
1609,14:46:10,8.43,0.0,2,1686,买盘
1610,14:46:13,8.43,0.0,17,14336,卖盘
1611,14:46:19,8.43,0.0,3,2529,买盘
1612,14:46:21,8.43,0.0,11,9268,买盘
1613,14:46:27,8.43,0.0,2,1686,买盘
1614,14:46:37,8.43,0.0,2,1686,买盘
1615,14:46:40,8.43,0.0,6,5058,买盘
1616,14:46:48,8.44,0.01,6,5064,买盘
1617,14:47:13,8.44,0.0,3,2532,买盘
1618,14:47:22,8.44,0.0,6,5064,买盘
1619,14:47:25,8.43,-0.01,1,489,卖盘
1620,14:47:28,8.44,0.01,4,3376,买盘
1621,14:47:37,8.44,0.0,5,4220,买盘
1622,14:47:40,8.44,0.0,5,4220,买盘
1623,14:47:43,8.44,0.0,9,7596,买盘
1624,14:47:46,8.44,0.0,3,2532,买盘
1625,14:47:51,8.44,0.0,11,9284,买盘
1626,14:47:54,8.44,0.0,6,5064,买盘
1627,14:47:58,8.44,0.0,2,1688,买盘
1628,14:48:01,8.44,0.0,5,4220,买盘
1629,14:48:07,8.44,0.0,7,5908,买盘
1630,14:48:13,8.44,0.0,7,5908,买盘
1631,14:48:16,8.44,0.0,1,844,买盘
1632,14:48:22,8.45,0.01,181,152907,买盘
1633,14:48:28,8.45,0.0,3,2535,买盘
1634,14:48:34,8.45,0.0,8,6755,买盘
1635,14:48:40,8.45,0.0,8,6760,买盘
1636,14:48:42,8.45,0.0,5,4223,买盘
1637,14:48:49,8.45,0.0,10,8450,买盘
1638,14:48:51,8.45,0.0,51,43095,买盘
1639,14:48:55,8.45,0.0,15,12675,买盘
1640,14:48:58,8.45,0.0,4,3380,买盘
1641,14:49:04,8.44,-0.01,12,10128,卖盘
1642,14:49:06,8.45,0.01,53,44785,买盘
1643,14:49:10,8.45,0.0,4,3380,买盘
1644,14:49:13,8.45,0.0,2,1690,买盘
1645,14:49:19,8.45,0.0,7,5915,买盘
1646,14:49:22,8.46,0.01,2,1692,买盘
1647,14:49:25,8.46,0.0,33,27905,买盘
1648,14:49:31,8.46,0.0,1,846,买盘
1649,14:49:34,8.46,0.0,10,8460,买盘
1650,14:49:37,8.46,0.0,2,1692,买盘
1651,14:49:40,8.46,0.0,1,846,买盘
1652,14:49:42,8.46,0.0,2,1692,买盘
1653,14:49:55,8.46,0.0,8,6768,买盘
1654,14:49:58,8.46,0.0,5,4230,买盘
1655,14:50:01,8.46,0.0,31,26226,买盘
1656,14:50:04,8.45,-0.01,20,16900,卖盘
1657,14:50:07,8.46,0.01,6,5076,买盘
1658,14:50:13,8.45,-0.01,27,22816,卖盘
1659,14:50:18,8.45,0.0,27,22815,买盘
1660,14:50:21,8.44,-0.01,11,9292,卖盘
1661,14:50:28,8.45,0.01,3,2535,买盘
1662,14:50:34,8.46,0.01,65,54934,买盘
1663,14:50:37,8.45,-0.01,2,1690,中性盘
1664,14:50:40,8.46,0.01,10,8454,买盘
1665,14:50:49,8.46,0.0,46,38916,买盘
1666,14:50:52,8.46,0.0,1,846,买盘
1667,14:51:01,8.46,0.0,30,25380,买盘
1668,14:51:10,8.46,0.0,9,7614,买盘
1669,14:51:12,8.46,0.0,27,22842,买盘
1670,14:51:18,8.46,0.0,2,1692,买盘
1671,14:51:21,8.46,0.0,17,14390,买盘
1672,14:51:28,8.47,0.01,85,71995,买盘
1673,14:51:34,8.47,0.0,22,18634,买盘
1674,14:51:37,8.46,-0.01,37,31294,卖盘
1675,14:51:42,8.46,0.0,25,21150,买盘
1676,14:51:46,8.46,0.0,18,15228,买盘
1677,14:51:49,8.46,0.0,19,16074,买盘
1678,14:51:52,8.46,0.0,5,4230,买盘
1679,14:51:55,8.46,0.0,34,28764,买盘
1680,14:51:58,8.46,0.0,3,2538,买盘
1681,14:52:01,8.46,0.0,4,3384,买盘
1682,14:52:04,8.46,0.0,23,19458,买盘
1683,14:52:07,8.46,0.0,40,33840,买盘
1684,14:52:09,8.46,0.0,21,17766,买盘
1685,14:52:13,8.46,0.0,4,3384,买盘
1686,14:52:19,8.46,0.0,24,20304,买盘
1687,14:52:21,8.46,0.0,41,34676,买盘
1688,14:52:24,8.45,-0.01,3,2535,卖盘
1689,14:52:27,8.46,0.01,18,15228,买盘
1690,14:52:34,8.46,0.0,3,2538,买盘
1691,14:52:37,8.46,0.0,5,4230,买盘
1692,14:52:40,8.46,0.0,32,27072,买盘
1693,14:52:43,8.46,0.0,24,20304,买盘
1694,14:52:48,8.46,0.0,10,8460,买盘
1695,14:52:52,8.46,0.0,4,3384,买盘
1696,14:52:55,8.45,-0.01,39,32955,卖盘
1697,14:53:06,8.45,0.0,5,4225,卖盘
1698,14:53:10,8.46,0.01,12,10152,买盘
1699,14:53:13,8.45,-0.01,57,48167,卖盘
1700,14:53:21,8.46,0.01,2,1692,买盘
1701,14:53:27,8.45,-0.01,115,97177,卖盘
1702,14:53:34,8.45,0.0,2,1690,卖盘
1703,14:53:43,8.46,0.01,25,21150,买盘
1704,14:53:45,8.45,-0.01,10,8450,卖盘
1705,14:53:49,8.46,0.01,23,19458,买盘
1706,14:53:55,8.45,-0.01,32,27040,卖盘
1707,14:54:07,8.46,0.01,3,2538,买盘
1708,14:54:09,8.46,0.0,28,23688,买盘
1709,14:54:13,8.46,0.0,2,1692,买盘
1710,14:54:16,8.45,-0.01,4,3382,卖盘
1711,14:54:19,8.45,0.0,35,29579,卖盘
1712,14:54:22,8.46,0.01,3,2538,买盘
1713,14:54:28,8.46,0.0,6,5076,买盘
1714,14:54:31,8.46,0.0,26,21996,买盘
1715,14:54:33,8.46,0.0,3,2538,买盘
1716,14:54:37,8.47,0.01,16,13546,买盘
1717,14:54:40,8.47,0.0,3,2541,买盘
1718,14:54:42,8.47,0.0,2,1694,买盘
1719,14:54:49,8.47,0.0,6,5082,买盘
1720,14:54:52,8.47,0.0,3,2541,买盘
1721,14:54:55,8.47,0.0,36,30488,买盘
1722,14:55:07,8.47,0.0,29,24558,买盘
1723,14:55:10,8.47,0.0,1,847,买盘
1724,14:55:13,8.46,-0.01,8,6768,卖盘
1725,14:55:15,8.47,0.01,9,7621,买盘
1726,14:55:19,8.47,0.0,20,16940,买盘
1727,14:55:25,8.47,0.0,2,1694,买盘
1728,14:55:40,8.47,0.0,21,17787,买盘
1729,14:55:43,8.47,0.0,1,847,买盘
1730,14:55:57,8.47,0.0,68,57596,买盘
1731,14:56:04,8.46,-0.01,10,8460,买盘
1732,14:56:19,8.47,0.01,1,847,买盘
1733,14:56:22,8.46,-0.01,193,163468,卖盘
1734,14:56:25,8.47,0.01,1,847,买盘
1735,14:56:27,8.46,-0.01,15,12690,卖盘
1736,14:56:31,8.47,0.01,1,847,买盘
1737,14:56:33,8.47,0.0,1,847,买盘
1738,14:56:36,8.47,0.0,14,11858,买盘
1739,14:56:40,8.48,0.01,1,848,买盘
1740,14:56:43,8.47,-0.01,9,7623,卖盘
1741,14:56:45,8.47,0.0,3,2541,卖盘
1742,15:00:04,8.48,0.01,958,812961,卖盘
