,time,price,change,volume,amount,type
0,09:25:04,10.87,0.08,40,43480,卖盘
1,09:30:04,10.87,0.0,31,33685,买盘
2,09:30:07,10.88,0.01,57,61961,买盘
3,09:30:15,10.87,-0.01,28,30436,卖盘
4,09:30:24,10.87,0.0,16,17392,卖盘
5,09:30:30,10.88,0.01,7,7616,买盘
6,09:30:34,10.87,-0.01,1,1087,卖盘
7,09:30:37,10.84,-0.03,9,9768,卖盘
8,09:30:40,10.87,0.03,9,9783,卖盘
9,09:30:42,10.87,0.0,5,5435,买盘
10,09:30:48,10.83,-0.04,4,4334,卖盘
11,09:30:52,10.87,0.04,7,7609,买盘
12,09:30:54,10.84,-0.03,10,10840,卖盘
13,09:30:58,10.87,0.03,13,14113,买盘
14,09:31:04,10.84,-0.03,16,17344,卖盘
15,09:31:06,10.87,0.03,4,4348,买盘
16,09:31:10,10.84,-0.03,5,5420,卖盘
17,09:31:22,10.84,0.0,5,5420,卖盘
18,09:31:31,10.85,0.01,5,5425,卖盘
19,09:31:34,10.85,0.0,10,10865,卖盘
20,09:31:39,10.85,0.0,12,13020,卖盘
21,09:31:43,10.85,0.0,17,18440,买盘
22,09:31:54,10.85,0.0,4,4340,卖盘
23,09:32:04,10.89,0.04,3,3267,买盘
24,09:32:07,10.85,-0.04,6,6510,卖盘
25,09:32:15,10.85,0.0,15,16275,卖盘
26,09:32:22,10.85,0.0,21,22785,卖盘
27,09:32:27,10.85,0.0,5,5425,卖盘
28,09:32:30,10.88,0.03,4,4352,买盘
29,09:32:40,10.85,-0.03,4,4340,卖盘
30,09:32:48,10.85,0.0,5,5425,卖盘
31,09:32:58,10.85,0.0,14,15190,卖盘
32,09:33:01,10.85,0.0,12,13020,卖盘
33,09:33:04,10.85,0.0,15,16287,卖盘
34,09:33:07,10.88,0.03,12,13032,买盘
35,09:33:09,10.85,-0.03,16,17360,卖盘
36,09:33:12,10.85,0.0,22,23865,卖盘
37,09:33:16,10.85,0.0,8,8680,卖盘
38,09:33:19,10.85,0.0,8,8680,卖盘
39,09:33:22,10.84,-0.01,30,32545,卖盘
40,09:33:27,10.85,0.01,30,32549,买盘
41,09:33:31,10.85,0.0,1,1085,卖盘
42,09:33:34,10.85,0.0,5,5425,卖盘
43,09:33:45,10.85,0.0,5,5425,卖盘
44,09:33:49,10.87,0.02,25,27175,买盘
45,09:33:52,10.87,0.0,11,11957,卖盘
46,09:33:54,10.87,0.0,15,16305,卖盘
47,09:33:57,10.87,0.0,36,39132,卖盘
48,09:34:00,10.87,0.0,4,4348,买盘
49,09:34:06,10.85,-0.02,5,5425,卖盘
50,09:34:18,10.85,0.0,5,5425,卖盘
51,09:34:28,10.87,0.02,10,10858,买盘
52,09:34:40,10.85,-0.02,5,5425,卖盘
53,09:34:42,10.85,0.0,3,3255,卖盘
54,09:34:51,10.85,0.0,5,5425,卖盘
55,09:34:57,10.87,0.02,4,4348,买盘
56,09:35:01,10.87,0.0,8,8696,买盘
57,09:35:04,10.87,0.0,45,48915,卖盘
58,09:35:07,10.86,-0.01,70,76011,买盘
59,09:35:12,10.85,-0.01,74,80290,卖盘
60,09:35:19,10.85,0.0,24,26040,卖盘
61,09:35:22,10.85,0.0,69,74865,卖盘
62,09:35:25,10.84,-0.01,4,4336,卖盘
63,09:35:27,10.85,0.01,4,4340,买盘
64,09:35:33,10.84,-0.01,5,5420,卖盘
65,09:35:36,10.85,0.01,2,2170,买盘
66,09:35:39,10.85,0.0,5,5425,卖盘
67,09:35:42,10.85,0.0,37,40145,卖盘
68,09:35:45,10.85,0.0,25,27135,卖盘
69,09:35:54,10.86,0.01,4,4344,买盘
70,09:35:57,10.85,-0.01,4,4340,卖盘
71,09:36:06,10.85,0.0,5,5425,卖盘
72,09:36:18,10.85,0.0,37,40145,卖盘
73,09:36:21,10.85,0.0,89,96565,卖盘
74,09:36:24,10.85,0.0,9,9765,买盘
75,09:36:30,10.84,-0.01,6,6504,卖盘
76,09:36:34,10.85,0.01,10,10850,买盘
77,09:36:36,10.84,-0.01,2,2168,卖盘
78,09:36:39,10.84,0.0,6,6504,卖盘
79,09:36:42,10.85,0.01,10,10850,买盘
80,09:36:48,10.84,-0.01,4,4336,卖盘
81,09:36:51,10.85,0.01,12,13010,买盘
82,09:36:57,10.84,-0.01,2,2168,卖盘
83,09:37:04,10.84,0.0,4,4336,卖盘
84,09:37:06,10.84,0.0,23,24932,卖盘
85,09:37:12,10.84,0.0,6,6504,卖盘
86,09:37:21,10.85,0.01,4,4340,买盘
87,09:37:24,10.84,-0.01,5,5420,卖盘
88,09:37:27,10.84,0.0,3,3252,卖盘
89,09:37:36,10.84,0.0,10,10835,买盘
90,09:37:42,10.84,0.0,36,39024,卖盘
91,09:37:45,10.84,0.0,14,15162,买盘
92,09:37:54,10.84,0.0,4,4336,买盘
93,09:37:57,10.83,-0.01,5,5415,卖盘
94,09:38:04,10.84,0.01,7,7588,买盘
95,09:38:09,10.83,-0.01,5,5415,卖盘
96,09:38:18,10.83,0.0,18,19498,卖盘
97,09:38:21,10.84,0.01,4,4336,买盘
98,09:38:24,10.85,0.01,14,15182,买盘
99,09:38:31,10.83,-0.02,16,17328,卖盘
100,09:38:34,10.84,0.01,9,9756,卖盘
101,09:38:36,10.84,0.0,1,1084,卖盘
102,09:38:39,10.84,0.0,7,7593,卖盘
103,09:38:42,10.85,0.01,11,11930,买盘
104,09:38:45,10.84,-0.01,1,1084,卖盘
105,09:38:48,10.85,0.01,4,4340,买盘
106,09:38:51,10.84,-0.01,5,5420,卖盘
107,09:38:57,10.84,0.0,2,2168,卖盘
108,09:39:04,10.84,0.0,6,6504,卖盘
109,09:39:06,10.84,0.0,3,3252,卖盘
110,09:39:09,10.85,0.01,19,20614,买盘
111,09:39:13,10.85,0.0,2,2169,买盘
112,09:39:15,10.84,-0.01,10,10840,卖盘
113,09:39:18,10.85,0.01,3,3255,买盘
114,09:39:27,10.85,0.0,5,5425,卖盘
115,09:39:33,10.86,0.01,10,10860,买盘
116,09:39:36,10.85,-0.01,6,6510,卖盘
117,09:39:45,10.85,0.0,1,1085,卖盘
118,09:39:48,10.86,0.01,9,9769,买盘
119,09:39:51,10.85,-0.01,1,1085,卖盘
120,09:39:55,10.86,0.01,13,14118,买盘
121,09:39:57,10.85,-0.01,35,37975,卖盘
122,09:40:01,10.84,-0.01,5,5420,卖盘
123,09:40:06,10.84,0.0,3,3252,卖盘
124,09:40:09,10.84,0.0,5,5420,卖盘
125,09:40:13,10.85,0.01,12,13019,买盘
126,09:40:16,10.85,0.0,4,4340,买盘
127,09:40:21,10.84,-0.01,6,6504,卖盘
128,09:40:24,10.86,0.02,69,74872,买盘
129,09:40:34,10.85,-0.01,6,6510,卖盘
130,09:40:36,10.85,0.0,6,6515,卖盘
131,09:40:42,10.85,0.0,5,5425,卖盘
132,09:40:45,10.86,0.01,4,4344,买盘
133,09:40:54,10.86,0.0,5,5426,买盘
134,09:41:00,10.84,-0.02,70,75918,卖盘
135,09:41:04,10.85,0.01,12,13014,买盘
136,09:41:06,10.83,-0.02,5,5415,卖盘
137,09:41:13,10.85,0.02,3,3255,买盘
138,09:41:16,10.84,-0.01,21,22767,卖盘
139,09:41:21,10.84,0.0,16,17354,卖盘
140,09:41:27,10.84,0.0,5,5420,卖盘
141,09:41:36,10.84,0.0,26,28189,卖盘
142,09:41:40,10.83,-0.01,5,5415,卖盘
143,09:41:42,10.84,0.01,1,1084,买盘
144,09:41:45,10.84,0.0,4,4336,买盘
145,09:41:48,10.83,-0.01,5,5415,卖盘
146,09:41:52,10.84,0.01,12,13008,买盘
147,09:42:00,10.83,-0.01,5,5415,卖盘
148,09:42:06,10.84,0.01,3,3252,买盘
149,09:42:12,10.84,0.0,24,26010,买盘
150,09:42:21,10.84,0.0,24,26016,买盘
151,09:42:24,10.85,0.01,6,6510,买盘
152,09:42:27,10.84,-0.01,4,4336,卖盘
153,09:42:33,10.84,0.0,5,5420,卖盘
154,09:42:39,10.84,0.0,10,10848,卖盘
155,09:42:43,10.85,0.01,14,15190,买盘
156,09:42:45,10.85,0.0,4,4340,卖盘
157,09:42:51,10.85,0.0,2,2170,卖盘
158,09:42:54,10.85,0.0,5,5425,卖盘
159,09:42:58,10.86,0.01,44,47784,买盘
160,09:43:00,10.86,0.0,8,8688,买盘
161,09:43:06,10.85,-0.01,5,5425,卖盘
162,09:43:13,10.85,0.0,29,31465,卖盘
163,09:43:15,10.84,-0.01,50,54211,卖盘
164,09:43:18,10.86,0.02,19,20617,买盘
165,09:43:27,10.85,-0.01,5,5425,卖盘
166,09:43:30,10.85,0.0,8,8680,卖盘
167,09:43:33,10.86,0.01,5,5430,买盘
168,09:43:36,10.86,0.0,21,22806,买盘
169,09:43:39,10.85,-0.01,5,5425,卖盘
170,09:43:42,10.86,0.01,12,13030,买盘
171,09:43:52,10.85,-0.01,19,20615,卖盘
172,09:43:54,10.86,0.01,5,5430,买盘
173,09:44:00,10.85,-0.01,4,4340,卖盘
174,09:44:04,10.86,0.01,80,86880,买盘
175,09:44:06,10.86,0.0,6,6514,买盘
176,09:44:09,10.85,-0.01,13,14105,卖盘
177,09:44:13,10.84,-0.01,12,13015,卖盘
178,09:44:15,10.85,0.01,1,1085,买盘
179,09:44:24,10.85,0.0,12,13014,买盘
180,09:44:33,10.84,-0.01,5,5421,卖盘
181,09:44:36,10.85,0.01,4,4340,买盘
182,09:44:40,10.84,-0.01,9,9764,卖盘
183,09:44:42,10.84,0.0,8,8672,卖盘
184,09:44:45,10.84,0.0,14,15176,卖盘
185,09:44:52,10.84,0.0,14,15176,卖盘
186,09:44:55,10.85,0.01,20,21700,买盘
187,09:44:57,10.85,0.0,4,4340,卖盘
188,09:45:04,10.85,0.0,13,14105,卖盘
189,09:45:06,10.86,0.01,7,7599,买盘
190,09:45:09,10.85,-0.01,5,5425,卖盘
191,09:45:12,10.85,0.0,19,20627,卖盘
192,09:45:18,10.85,0.0,5,5425,卖盘
193,09:45:24,10.85,0.0,12,13028,卖盘
194,09:45:30,10.85,0.0,5,5425,卖盘
195,09:45:33,10.86,0.01,212,230232,买盘
196,09:45:36,10.87,0.01,6,6522,买盘
197,09:45:42,10.86,-0.01,5,5430,卖盘
198,09:45:51,10.88,0.02,61,66361,买盘
199,09:45:57,10.88,0.0,19,20672,卖盘
200,09:46:04,10.88,0.0,5,5440,卖盘
201,09:46:06,10.89,0.01,8,8712,买盘
202,09:46:10,10.88,-0.01,19,20678,卖盘
203,09:46:13,10.9,0.02,10,10900,买盘
204,09:46:15,10.9,0.0,64,69760,卖盘
205,09:46:18,10.91,0.01,41,44693,买盘
206,09:46:21,10.91,0.0,86,93815,买盘
207,09:46:24,10.91,0.0,5,5455,卖盘
208,09:46:30,10.91,0.0,5,5455,卖盘
209,09:46:33,10.92,0.01,7,7644,买盘
210,09:46:36,10.91,-0.01,5,5455,卖盘
211,09:46:39,10.92,0.01,4,4368,买盘
212,09:46:48,10.92,0.0,17,18558,买盘
213,09:46:51,10.93,0.01,8,8744,买盘
214,09:46:54,10.93,0.0,61,66673,买盘
215,09:46:57,10.92,-0.01,5,5460,卖盘
216,09:47:04,10.93,0.01,20,21870,卖盘
217,09:47:06,10.94,0.01,5,5470,买盘
218,09:47:09,10.92,-0.02,5,5464,卖盘
219,09:47:12,10.94,0.02,67,73288,买盘
220,09:47:15,10.95,0.01,87,95265,买盘
221,09:47:22,10.95,0.0,68,74557,卖盘
222,09:47:24,10.95,0.0,1,1095,卖盘
223,09:47:28,10.99,0.04,14,15379,买盘
224,09:47:30,10.96,-0.03,5,5480,卖盘
225,09:47:33,10.98,0.02,17,18664,买盘
226,09:47:36,10.98,0.0,13,14275,卖盘
227,09:47:39,10.98,0.0,77,84546,卖盘
228,09:47:42,10.98,0.0,19,20836,买盘
229,09:47:46,10.97,-0.01,6,6582,卖盘
230,09:47:48,10.98,0.01,34,37300,买盘
231,09:47:51,10.97,-0.01,24,26339,中性盘
232,09:47:54,10.97,0.0,24,26292,买盘
233,09:47:57,10.97,0.0,1,1097,买盘
234,09:48:00,10.97,0.0,28,30713,买盘
235,09:48:04,10.97,0.0,21,23037,卖盘
236,09:48:06,10.97,0.0,20,21944,卖盘
237,09:48:09,10.97,0.0,57,62529,卖盘
238,09:48:12,10.95,-0.02,9,9867,卖盘
239,09:48:15,10.96,0.01,135,148158,中性盘
240,09:48:21,10.97,0.01,18,19736,买盘
241,09:48:24,10.96,-0.01,35,38360,卖盘
242,09:48:27,10.96,0.0,85,93155,买盘
243,09:48:31,10.95,-0.01,50,54750,卖盘
244,09:48:33,10.96,0.01,26,28491,买盘
245,09:48:36,10.95,-0.01,5,5475,卖盘
246,09:48:39,10.96,0.01,145,158790,买盘
247,09:48:42,10.94,-0.02,4,4376,卖盘
248,09:48:45,10.94,0.0,46,50324,卖盘
249,09:48:49,10.92,-0.02,5,5462,卖盘
250,09:48:51,10.93,0.01,1,1093,卖盘
251,09:49:00,10.93,0.0,5,5465,卖盘
252,09:49:03,10.94,0.01,115,125618,买盘
253,09:49:06,10.94,0.0,29,31726,买盘
254,09:49:10,10.94,0.0,4,4376,卖盘
255,09:49:12,10.95,0.01,8,8760,买盘
256,09:49:15,10.94,-0.01,150,164100,卖盘
257,09:49:18,10.94,0.0,70,76346,卖盘
258,09:49:21,10.94,0.0,25,27350,买盘
259,09:49:24,10.91,-0.03,5,5455,买盘
260,09:49:27,10.94,0.03,6,6561,买盘
261,09:49:33,10.92,-0.02,5,5460,卖盘
262,09:49:42,10.94,0.02,18,19679,买盘
263,09:49:46,10.93,-0.01,2,2186,卖盘
264,09:49:51,10.94,0.01,27,29533,买盘
265,09:49:54,10.94,0.0,10,10940,卖盘
266,09:49:57,10.95,0.01,54,59079,买盘
267,09:50:04,10.95,0.0,6,6570,买盘
268,09:50:06,10.94,-0.01,6,6564,卖盘
269,09:50:09,10.94,0.0,17,18598,卖盘
270,09:50:16,10.94,0.0,12,13123,买盘
271,09:50:21,10.94,0.0,20,21880,买盘
272,09:50:27,10.93,-0.01,6,6558,卖盘
273,09:50:36,10.94,0.01,7,7658,买盘
274,09:50:39,10.93,-0.01,5,5465,卖盘
275,09:50:45,10.93,0.0,3,3279,买盘
276,09:50:49,10.93,0.0,13,14217,卖盘
277,09:50:52,10.93,0.0,3,3279,卖盘
278,09:50:58,10.93,0.0,25,27325,卖盘
279,09:51:00,10.94,0.01,68,74400,买盘
280,09:51:04,10.94,0.0,8,8752,卖盘
281,09:51:12,10.94,0.0,5,5470,卖盘
282,09:51:16,10.95,0.01,6,6570,买盘
283,09:51:21,10.94,-0.01,28,30632,卖盘
284,09:51:24,10.94,0.0,5,5470,卖盘
285,09:51:27,10.95,0.01,9,9853,买盘
286,09:51:33,10.94,-0.01,5,5470,卖盘
287,09:51:37,10.94,0.0,2,2188,卖盘
288,09:51:40,10.94,0.0,20,21880,卖盘
289,09:51:45,10.94,0.0,30,32820,卖盘
290,09:51:49,10.95,0.01,6,6570,买盘
291,09:51:51,10.94,-0.01,9,9846,卖盘
292,09:51:57,10.94,0.0,17,18604,卖盘
293,09:52:00,10.95,0.01,33,36125,买盘
294,09:52:04,10.95,0.0,6,6570,买盘
295,09:52:06,10.93,-0.02,5,5465,卖盘
296,09:52:09,10.95,0.02,6,6570,买盘
297,09:52:18,10.94,-0.01,6,6564,卖盘
298,09:52:21,10.95,0.01,23,25185,买盘
299,09:52:28,10.95,0.0,5,5475,买盘
300,09:52:31,10.94,-0.01,4,4376,卖盘
301,09:52:33,10.95,0.01,7,7665,买盘
302,09:52:39,10.94,-0.01,5,5470,卖盘
303,09:52:43,10.94,0.0,4,4376,卖盘
304,09:52:45,10.94,0.0,14,15316,买盘
305,09:52:51,10.93,-0.01,4,4372,卖盘
306,09:52:54,10.94,0.01,7,7658,买盘
307,09:52:57,10.94,0.0,23,25162,买盘
308,09:53:04,10.95,0.01,66,72265,买盘
309,09:53:06,10.96,0.01,13,14248,买盘
310,09:53:09,10.96,0.0,12,13150,买盘
311,09:53:13,10.96,0.0,51,55891,买盘
312,09:53:15,10.96,0.0,7,7672,买盘
313,09:53:24,10.97,0.01,31,34003,买盘
314,09:53:27,10.96,-0.01,20,21920,卖盘
315,09:53:31,10.96,0.0,12,13152,中性盘
316,09:53:37,10.96,0.0,5,5480,卖盘
317,09:53:42,10.97,0.01,55,60335,买盘
318,09:53:45,10.96,-0.01,5,5480,卖盘
319,09:53:55,10.97,0.01,5,5485,买盘
320,09:53:57,10.96,-0.01,5,5480,卖盘
321,09:54:04,10.97,0.01,17,18649,买盘
322,09:54:07,10.98,0.01,2,2196,买盘
323,09:54:09,10.98,0.0,10,10975,买盘
324,09:54:15,10.99,0.01,210,230587,买盘
325,09:54:18,10.98,-0.01,199,218741,卖盘
326,09:54:25,11.01,0.03,805,885834,买盘
327,09:54:27,11.01,0.0,28,30828,买盘
328,09:54:30,11.01,0.0,18,19808,买盘
329,09:54:33,11.01,0.0,20,22020,卖盘
330,09:54:36,11.02,0.01,11,12122,买盘
331,09:54:42,11.02,0.0,79,87051,买盘
332,09:54:45,11.02,0.0,20,22040,卖盘
333,09:54:48,11.03,0.01,80,88170,买盘
334,09:54:51,11.02,-0.01,5,5510,卖盘
335,09:54:54,11.02,0.0,6,6612,卖盘
336,09:54:58,11.02,0.0,11,12128,卖盘
337,09:55:01,11.02,0.0,9,9918,卖盘
338,09:55:03,11.02,0.0,8,8816,卖盘
339,09:55:06,11.02,0.0,27,29801,卖盘
340,09:55:09,11.03,0.01,10,11030,买盘
341,09:55:13,11.04,0.01,21,23179,中性盘
342,09:55:15,11.03,-0.01,11,12138,卖盘
343,09:55:18,11.03,0.0,47,51833,卖盘
344,09:55:24,11.02,-0.01,59,65023,卖盘
345,09:55:33,11.01,-0.01,20,22020,卖盘
346,09:55:36,10.99,-0.02,4,4396,卖盘
347,09:55:39,10.99,0.0,1,1099,买盘
348,09:55:45,11.01,0.02,7,7707,买盘
349,09:55:48,11.0,-0.01,30,33000,卖盘
350,09:55:54,11.0,0.0,9,9900,卖盘
351,09:55:57,10.99,-0.01,23,25305,卖盘
352,09:56:03,10.99,0.0,6,6594,买盘
353,09:56:06,11.01,0.02,118,129864,买盘
354,09:56:09,11.01,0.0,5,5505,卖盘
355,09:56:15,11.02,0.01,6,6612,买盘
356,09:56:22,11.01,-0.01,5,5505,卖盘
357,09:56:25,11.03,0.02,81,89316,买盘
358,09:56:30,11.01,-0.02,12,13224,卖盘
359,09:56:40,11.02,0.01,19,20938,卖盘
360,09:56:42,11.01,-0.01,7,7709,卖盘
361,09:56:48,11.03,0.02,25,27574,买盘
362,09:56:52,11.03,0.0,19,20957,买盘
363,09:56:54,11.01,-0.02,5,5505,卖盘
364,09:56:57,11.03,0.02,4,4412,买盘
365,09:57:00,11.02,-0.01,13,14326,卖盘
366,09:57:04,11.03,0.01,21,23158,买盘
367,09:57:09,11.03,0.0,1,1103,买盘
368,09:57:12,11.03,0.0,7,7721,买盘
369,09:57:15,11.02,-0.01,4,4408,卖盘
370,09:57:24,11.03,0.01,7,7721,买盘
371,09:57:27,11.02,-0.01,6,6612,卖盘
372,09:57:31,11.03,0.01,30,33090,买盘
373,09:57:34,11.02,-0.01,6,6612,卖盘
374,09:57:37,11.02,0.0,4,4408,卖盘
375,09:57:39,11.03,0.01,26,28678,买盘
376,09:57:42,11.04,0.01,6,6624,买盘
377,09:57:45,11.03,-0.01,7,7721,卖盘
378,09:57:48,11.03,0.0,5,5515,卖盘
379,09:57:57,11.04,0.01,20,22080,买盘
380,09:58:00,11.04,0.0,12,13243,买盘
381,09:58:03,11.04,0.0,6,6624,买盘
382,09:58:06,11.04,0.0,6,6624,买盘
383,09:58:10,11.03,-0.01,4,4412,卖盘
384,09:58:15,11.03,0.0,14,15442,卖盘
385,09:58:18,11.03,0.0,11,12139,卖盘
386,09:58:21,11.03,0.0,6,6618,卖盘
387,09:58:28,11.03,0.0,2,2206,卖盘
388,09:58:33,11.04,0.01,11,12139,买盘
389,09:58:39,11.03,-0.01,124,136772,卖盘
390,09:58:42,11.03,0.0,2,2206,卖盘
391,09:58:45,11.03,0.0,38,41922,卖盘
392,09:58:51,11.02,-0.01,21,23142,卖盘
393,09:58:54,11.01,-0.01,5,5505,卖盘
394,09:58:57,11.03,0.02,20,22060,买盘
395,09:59:04,11.02,-0.01,28,30856,卖盘
396,09:59:06,11.01,-0.01,5,5505,卖盘
397,09:59:12,11.03,0.02,5,5512,买盘
398,09:59:18,11.01,-0.02,5,5505,卖盘
399,09:59:21,11.03,0.02,5,5515,买盘
400,09:59:27,11.02,-0.01,5,5510,卖盘
401,09:59:37,11.02,0.0,5,5510,卖盘
402,09:59:40,11.03,0.01,11,12128,买盘
403,09:59:42,11.02,-0.01,11,12122,卖盘
404,09:59:45,11.02,0.0,5,5510,卖盘
405,09:59:51,11.02,0.0,5,5510,卖盘
406,09:59:54,11.02,0.0,10,11020,卖盘
407,09:59:57,11.03,0.01,7,7721,买盘
408,10:00:00,11.02,-0.01,10,11024,卖盘
409,10:00:07,11.03,0.01,8,8824,买盘
410,10:00:09,11.02,-0.01,16,17632,卖盘
411,10:00:12,11.02,0.0,4,4408,卖盘
412,10:00:15,11.02,0.0,7,7714,卖盘
413,10:00:24,11.02,0.0,25,27550,卖盘
414,10:00:28,11.02,0.0,21,23142,卖盘
415,10:00:34,11.01,-0.01,11,12117,卖盘
416,10:00:36,11.01,0.0,2,2202,卖盘
417,10:00:39,11.01,0.0,15,16515,卖盘
418,10:00:46,11.01,0.0,5,5505,卖盘
419,10:00:48,11.02,0.01,7,7714,买盘
420,10:00:57,11.01,-0.01,5,5505,卖盘
421,10:01:00,11.01,0.0,215,236617,卖盘
422,10:01:06,10.99,-0.02,12,13202,卖盘
423,10:01:09,10.99,0.0,22,24178,卖盘
424,10:01:15,10.99,0.0,22,24178,买盘
425,10:01:18,10.98,-0.01,8,8789,卖盘
426,10:01:24,10.99,0.01,6,6594,买盘
427,10:01:30,10.98,-0.01,5,5490,卖盘
428,10:01:36,10.99,0.01,7,7693,买盘
429,10:01:40,10.98,-0.01,18,19764,卖盘
430,10:01:48,10.98,0.0,42,46116,卖盘
431,10:01:51,10.98,0.0,5,5490,卖盘
432,10:02:00,10.98,0.0,52,57103,卖盘
433,10:02:04,10.98,0.0,5,5490,卖盘
434,10:02:06,10.98,0.0,1,1098,卖盘
435,10:02:09,10.98,0.0,9,9882,卖盘
436,10:02:12,10.96,-0.02,5,5480,卖盘
437,10:02:15,10.98,0.02,7,7686,买盘
438,10:02:24,10.96,-0.02,5,5480,卖盘
439,10:02:27,10.96,0.0,45,49320,卖盘
440,10:02:34,10.96,0.0,5,5480,买盘
441,10:02:37,10.94,-0.02,5,5470,卖盘
442,10:02:39,10.94,0.0,15,16410,卖盘
443,10:02:45,10.94,0.0,9,9856,卖盘
444,10:02:57,10.94,0.0,7,7658,卖盘
445,10:03:04,10.96,0.02,5,5480,买盘
446,10:03:09,10.94,-0.02,12,13128,卖盘
447,10:03:18,10.94,0.0,11,12046,卖盘
448,10:03:30,10.94,0.0,4,4376,卖盘
449,10:03:33,10.96,0.02,6,6576,买盘
450,10:03:39,10.94,-0.02,6,6564,卖盘
451,10:03:42,10.94,0.0,6,6564,卖盘
452,10:03:49,10.96,0.02,7,7672,买盘
453,10:03:51,10.94,-0.02,69,75616,卖盘
454,10:03:54,10.96,0.02,23,25208,买盘
455,10:03:57,10.96,0.0,6,6576,买盘
456,10:04:00,10.98,0.02,14,15372,买盘
457,10:04:03,10.98,0.0,26,28555,买盘
458,10:04:12,10.98,0.0,28,30744,卖盘
459,10:04:15,10.98,0.0,6,6588,卖盘
460,10:04:21,10.99,0.01,3,3297,买盘
461,10:04:24,11.0,0.01,4,4397,买盘
462,10:04:27,10.98,-0.02,4,4392,卖盘
463,10:04:30,10.98,0.0,13,14274,卖盘
464,10:04:37,10.98,0.0,5,5490,卖盘
465,10:04:42,10.99,0.01,16,17573,买盘
466,10:04:48,10.98,-0.01,5,5490,卖盘
467,10:04:54,10.99,0.01,7,7693,买盘
468,10:05:01,10.98,-0.01,25,27450,卖盘
469,10:05:09,10.96,-0.02,69,75752,卖盘
470,10:05:12,10.98,0.02,6,6588,买盘
471,10:05:21,10.96,-0.02,4,4384,卖盘
472,10:05:30,10.98,0.02,5,5490,买盘
473,10:05:33,10.96,-0.02,5,5480,卖盘
474,10:05:42,10.96,0.0,25,27410,卖盘
475,10:05:51,10.98,0.02,8,8784,买盘
476,10:05:54,10.96,-0.02,5,5480,卖盘
477,10:06:06,10.96,0.0,5,5480,卖盘
478,10:06:12,10.96,0.0,7,7672,卖盘
479,10:06:16,10.96,0.0,5,5480,卖盘
480,10:06:22,10.97,0.01,29,31818,卖盘
481,10:06:24,10.97,0.0,7,7679,卖盘
482,10:06:27,10.97,0.0,5,5485,卖盘
483,10:06:30,10.97,0.0,26,28522,卖盘
484,10:06:33,10.97,0.0,4,4388,卖盘
485,10:06:36,10.97,0.0,24,26340,卖盘
486,10:06:39,10.97,0.0,7,7679,卖盘
487,10:06:43,10.97,0.0,22,24134,卖盘
488,10:06:45,10.97,0.0,6,6582,卖盘
489,10:06:48,10.97,0.0,8,8776,卖盘
490,10:06:51,10.97,0.0,3,3291,卖盘
491,10:06:54,10.96,-0.01,3,3288,卖盘
492,10:06:57,10.96,0.0,3,3288,卖盘
493,10:07:00,10.97,0.01,18,19731,买盘
494,10:07:03,10.96,-0.01,12,13173,中性盘
495,10:07:06,11.0,0.04,43,47289,买盘
496,10:07:12,10.96,-0.04,31,33976,卖盘
497,10:07:21,10.96,0.0,20,21980,卖盘
498,10:07:24,11.01,0.05,13,14308,买盘
499,10:07:31,10.96,-0.05,5,5480,卖盘
500,10:07:33,10.96,0.0,5,5480,卖盘
501,10:07:42,10.96,0.0,19,20824,卖盘
502,10:07:45,10.99,0.03,25,27460,买盘
503,10:07:52,10.99,0.0,7,7693,买盘
504,10:07:55,10.96,-0.03,5,5480,卖盘
505,10:08:00,10.99,0.03,7,7693,买盘
506,10:08:06,10.96,-0.03,5,5480,卖盘
507,10:08:12,10.99,0.03,17,18647,买盘
508,10:08:18,10.96,-0.03,6,6576,卖盘
509,10:08:27,10.96,0.0,13,14264,卖盘
510,10:08:40,10.96,0.0,4,4384,卖盘
511,10:08:43,10.96,0.0,6,6576,卖盘
512,10:08:51,10.94,-0.02,28,30680,卖盘
513,10:09:00,10.94,0.0,6,6564,卖盘
514,10:09:04,10.99,0.05,5,5495,买盘
515,10:09:09,10.99,0.0,4,4396,买盘
516,10:09:12,10.94,-0.05,15,16410,卖盘
517,10:09:15,10.99,0.05,7,7693,买盘
518,10:09:18,10.99,0.0,8,8792,买盘
519,10:09:22,10.99,0.0,3,3297,买盘
520,10:09:24,10.94,-0.05,5,5470,卖盘
521,10:09:28,10.99,0.05,1,1099,买盘
522,10:09:33,10.94,-0.05,5,5470,卖盘
523,10:09:36,10.99,0.05,5,5495,买盘
524,10:09:42,10.94,-0.05,16,17544,卖盘
525,10:09:46,10.99,0.05,12,13163,买盘
526,10:09:57,10.94,-0.05,5,5470,卖盘
527,10:10:06,10.99,0.05,50,54730,买盘
528,10:10:09,10.99,0.0,1,1099,买盘
529,10:10:12,10.94,-0.05,16,17524,卖盘
530,10:10:18,10.94,0.0,5,5470,卖盘
531,10:10:21,10.99,0.05,6,6594,买盘
532,10:10:30,10.94,-0.05,5,5470,卖盘
533,10:10:42,10.94,0.0,17,18628,卖盘
534,10:10:51,10.94,0.0,6,6564,卖盘
535,10:10:55,10.94,0.0,6,6564,卖盘
536,10:11:00,10.94,0.0,15,16410,卖盘
537,10:11:04,10.94,0.0,4,4376,卖盘
538,10:11:06,10.99,0.05,5,5491,买盘
539,10:11:09,10.99,0.0,4,4396,买盘
540,10:11:13,10.94,-0.05,9,9846,卖盘
541,10:11:15,10.94,0.0,5,5470,卖盘
542,10:11:18,10.99,0.05,5,5495,买盘
543,10:11:24,10.94,-0.05,4,4376,卖盘
544,10:11:30,10.99,0.05,6,6594,买盘
545,10:11:36,10.94,-0.05,5,5470,卖盘
546,10:11:46,10.95,0.01,7,7665,卖盘
547,10:11:49,10.98,0.03,13,14259,买盘
548,10:11:57,10.95,-0.03,4,4383,卖盘
549,10:12:00,10.98,0.03,3,3294,卖盘
550,10:12:03,10.98,0.0,7,7686,卖盘
551,10:12:07,10.98,0.0,2,2196,卖盘
552,10:12:10,10.98,0.0,5,5490,卖盘
553,10:12:12,10.98,0.0,2,2196,卖盘
554,10:12:15,10.99,0.01,14,15380,买盘
555,10:12:21,10.98,-0.01,5,5490,卖盘
556,10:12:24,10.98,0.0,9,9882,卖盘
557,10:12:30,10.98,0.0,6,6590,卖盘
558,10:12:39,10.99,0.01,5,5495,买盘
559,10:12:42,10.98,-0.01,5,5490,卖盘
560,10:12:46,10.98,0.0,8,8784,卖盘
561,10:12:54,10.99,0.01,10,10985,买盘
562,10:13:01,10.98,-0.01,35,38430,卖盘
563,10:13:04,10.99,0.01,26,28568,买盘
564,10:13:09,10.98,-0.01,6,6588,中性盘
565,10:13:15,10.95,-0.03,21,22995,卖盘
566,10:13:27,10.95,0.0,5,5475,卖盘
567,10:13:36,10.95,0.0,5,5475,卖盘
568,10:13:40,10.98,0.03,10,10980,买盘
569,10:13:45,10.95,-0.03,6,6570,卖盘
570,10:13:48,10.98,0.03,12,13161,买盘
571,10:13:51,10.95,-0.03,35,38325,卖盘
572,10:13:57,11.0,0.05,83,91188,买盘
573,10:14:00,10.95,-0.05,5,5475,卖盘
574,10:14:06,10.99,0.04,7,7693,卖盘
575,10:14:09,10.99,0.0,4,4396,卖盘
576,10:14:12,11.0,0.01,5,5500,买盘
577,10:14:15,10.99,-0.01,15,16485,卖盘
578,10:14:22,10.96,-0.03,12,13173,卖盘
579,10:14:33,10.96,0.0,5,5480,卖盘
580,10:14:43,10.97,0.01,43,47166,卖盘
581,10:14:51,10.97,0.0,6,6582,买盘
582,10:14:54,10.96,-0.01,11,12074,卖盘
583,10:15:06,10.98,0.02,11,12068,买盘
584,10:15:16,10.96,-0.02,18,19728,卖盘
585,10:15:27,10.96,0.0,5,5480,卖盘
586,10:15:30,10.96,0.0,47,51532,卖盘
587,10:15:39,10.96,0.0,5,5480,卖盘
588,10:15:45,10.96,0.0,13,14248,卖盘
589,10:15:48,10.96,0.0,6,6576,卖盘
590,10:15:51,10.99,0.03,7,7692,买盘
591,10:16:00,10.96,-0.03,5,5480,卖盘
592,10:16:12,10.99,0.03,9,9879,买盘
593,10:16:15,10.96,-0.03,6,6576,卖盘
594,10:16:21,10.96,0.0,13,14248,卖盘
595,10:16:34,10.95,-0.01,5,5475,卖盘
596,10:16:39,10.96,0.01,6,6576,买盘
597,10:16:42,10.95,-0.01,77,84315,卖盘
598,10:16:45,10.94,-0.01,6,6564,卖盘
599,10:16:48,10.94,0.0,6,6564,买盘
600,10:16:51,10.94,0.0,5,5470,买盘
601,10:16:57,10.93,-0.01,5,5465,卖盘
602,10:17:01,10.94,0.01,5,5470,买盘
603,10:17:04,10.94,0.0,1,1094,买盘
604,10:17:06,10.93,-0.01,10,10934,卖盘
605,10:17:09,10.94,0.01,2,2188,买盘
606,10:17:12,10.93,-0.01,35,38264,卖盘
607,10:17:15,10.94,0.01,11,12034,卖盘
608,10:17:18,10.92,-0.02,7,7648,卖盘
609,10:17:22,10.94,0.02,1,1094,买盘
610,10:17:30,10.94,0.0,12,13128,卖盘
611,10:17:39,10.94,0.0,5,5470,卖盘
612,10:17:42,10.95,0.01,219,239805,买盘
613,10:17:45,10.94,-0.01,8,8752,卖盘
614,10:17:49,10.94,0.0,6,6564,卖盘
615,10:17:51,10.94,0.0,5,5470,卖盘
616,10:18:04,10.95,0.01,54,59089,买盘
617,10:18:06,10.94,-0.01,1,1094,卖盘
618,10:18:13,10.94,0.0,5,5470,卖盘
619,10:18:19,10.94,0.0,50,54700,卖盘
620,10:18:24,10.92,-0.02,6,6557,卖盘
621,10:18:36,10.93,0.01,4,4372,卖盘
622,10:18:39,10.94,0.01,5,5470,买盘
623,10:18:45,10.93,-0.01,5,5465,卖盘
624,10:18:48,10.93,0.0,13,14209,卖盘
625,10:18:54,10.93,0.0,38,41534,卖盘
626,10:18:57,10.93,0.0,5,5465,卖盘
627,10:19:00,10.94,0.01,5,5470,买盘
628,10:19:06,10.93,-0.01,1,1093,卖盘
629,10:19:09,10.94,0.01,12,13122,买盘
630,10:19:18,10.93,-0.01,19,20762,卖盘
631,10:19:30,10.94,0.01,11,12029,买盘
632,10:19:43,10.93,-0.01,8,8744,卖盘
633,10:19:45,10.93,0.0,21,22953,买盘
634,10:19:48,10.92,-0.01,6,6552,卖盘
635,10:19:51,10.92,0.0,10,10925,卖盘
636,10:19:54,10.93,0.01,1,1093,买盘
637,10:19:57,10.93,0.0,1,1093,买盘
638,10:20:04,10.92,-0.01,10,10925,卖盘
639,10:20:12,10.94,0.02,7,7653,买盘
640,10:20:15,10.92,-0.02,4,4368,卖盘
641,10:20:19,10.92,0.0,11,12012,卖盘
642,10:20:21,10.92,0.0,10,10920,卖盘
643,10:20:24,10.92,0.0,5,5460,卖盘
644,10:20:34,10.92,0.0,42,45874,卖盘
645,10:20:37,10.92,0.0,5,5460,卖盘
646,10:20:48,10.92,0.0,19,20748,卖盘
647,10:20:54,10.94,0.02,7,7658,买盘
648,10:20:57,10.92,-0.02,4,4368,卖盘
649,10:21:06,10.94,0.02,8,8752,买盘
650,10:21:09,10.92,-0.02,5,5460,卖盘
651,10:21:19,10.92,0.0,7,7644,卖盘
652,10:21:22,10.92,0.0,5,5460,卖盘
653,10:21:24,10.92,0.0,35,38220,卖盘
654,10:21:27,10.94,0.02,7,7658,买盘
655,10:21:30,10.92,-0.02,6,6552,卖盘
656,10:21:42,10.92,0.0,4,4368,卖盘
657,10:21:48,10.94,0.02,17,18576,买盘
658,10:21:54,10.92,-0.02,5,5460,卖盘
659,10:22:04,10.92,0.0,5,5460,卖盘
660,10:22:12,10.92,0.0,38,41496,卖盘
661,10:22:15,10.92,0.0,5,5460,卖盘
662,10:22:21,10.92,0.0,13,14196,卖盘
663,10:22:24,10.94,0.02,7,7658,买盘
664,10:22:27,10.94,0.0,9,9836,买盘
665,10:22:36,10.92,-0.02,5,5460,卖盘
666,10:22:42,10.94,0.02,7,7658,买盘
667,10:22:45,10.92,-0.02,4,4368,卖盘
668,10:22:48,10.94,0.02,9,9836,买盘
669,10:22:51,10.92,-0.02,8,8736,卖盘
670,10:23:00,10.94,0.02,13,14210,买盘
671,10:23:04,10.92,-0.02,38,41496,卖盘
672,10:23:06,10.94,0.02,5,5470,买盘
673,10:23:09,10.92,-0.02,4,4368,卖盘
674,10:23:12,10.94,0.02,2,2188,买盘
675,10:23:15,10.94,0.0,6,6564,买盘
676,10:23:21,10.92,-0.02,20,21840,卖盘
677,10:23:34,10.92,0.0,5,5460,卖盘
678,10:23:36,10.94,0.02,10,10940,买盘
679,10:23:45,10.93,-0.01,5,5465,卖盘
680,10:23:51,10.94,0.01,12,13120,买盘
681,10:23:54,10.93,-0.01,40,43720,卖盘
682,10:23:57,10.93,0.0,4,4372,卖盘
683,10:24:00,10.94,0.01,10,10940,买盘
684,10:24:07,10.93,-0.01,5,5465,卖盘
685,10:24:12,10.94,0.01,8,8752,买盘
686,10:24:18,10.93,-0.01,5,5465,卖盘
687,10:24:21,10.93,0.0,14,15302,卖盘
688,10:24:24,10.94,0.01,5,5470,买盘
689,10:24:27,10.93,-0.01,5,5465,卖盘
690,10:24:39,10.93,0.0,10,10935,卖盘
691,10:24:45,10.93,0.0,34,37162,卖盘
692,10:24:51,10.93,0.0,13,14209,卖盘
693,10:24:57,10.94,0.01,6,6564,买盘
694,10:25:01,10.93,-0.01,4,4372,卖盘
695,10:25:12,10.93,0.0,5,5465,卖盘
696,10:25:21,10.93,0.0,11,12023,卖盘
697,10:25:24,10.93,0.0,6,6558,卖盘
698,10:25:28,10.94,0.01,8,8752,买盘
699,10:25:33,10.93,-0.01,4,4372,卖盘
700,10:25:36,10.93,0.0,37,40441,卖盘
701,10:25:45,10.93,0.0,5,5465,卖盘
702,10:25:48,10.94,0.01,10,10940,买盘
703,10:25:51,10.93,-0.01,12,13116,卖盘
704,10:25:57,10.93,0.0,5,5465,卖盘
705,10:26:00,10.94,0.01,1,1094,买盘
706,10:26:04,10.94,0.0,3,3282,买盘
707,10:26:06,10.93,-0.01,5,5465,卖盘
708,10:26:18,10.93,0.0,5,5465,卖盘
709,10:26:21,10.93,0.0,7,7651,卖盘
710,10:26:25,10.93,0.0,35,38255,卖盘
711,10:26:30,10.93,0.0,5,5465,卖盘
712,10:26:39,10.93,0.0,5,5465,卖盘
713,10:26:51,10.95,0.02,20,21867,买盘
714,10:27:04,10.95,0.0,44,48165,买盘
715,10:27:12,10.95,0.0,5,5475,卖盘
716,10:27:15,10.95,0.0,35,38325,卖盘
717,10:27:22,10.95,0.0,26,28478,卖盘
718,10:27:25,10.95,0.0,5,5475,卖盘
719,10:27:36,10.95,0.0,5,5475,卖盘
720,10:27:45,10.95,0.0,5,5475,卖盘
721,10:27:51,10.95,0.0,14,15337,卖盘
722,10:27:54,10.95,0.0,9,9855,卖盘
723,10:27:57,10.95,0.0,5,5475,中性盘
724,10:28:06,10.95,0.0,29,31755,卖盘
725,10:28:10,10.93,-0.02,5,5465,卖盘
726,10:28:16,10.95,0.02,6,6570,买盘
727,10:28:19,10.93,-0.02,5,5465,卖盘
728,10:28:24,10.93,0.0,14,15302,卖盘
729,10:28:30,10.93,0.0,5,5465,卖盘
730,10:28:36,10.96,0.03,5,5480,买盘
731,10:28:39,10.96,0.0,7,7672,买盘
732,10:28:42,10.93,-0.03,6,6558,卖盘
733,10:28:51,10.93,0.0,5,5465,卖盘
734,10:28:54,10.93,0.0,7,7651,卖盘
735,10:28:57,10.93,0.0,36,39348,卖盘
736,10:29:04,10.93,0.0,6,6561,卖盘
737,10:29:06,10.96,0.03,7,7672,买盘
738,10:29:15,10.93,-0.03,6,6558,卖盘
739,10:29:24,10.93,0.0,16,17488,卖盘
740,10:29:33,10.96,0.03,8,8768,买盘
741,10:29:36,10.93,-0.03,5,5465,卖盘
742,10:29:48,10.93,0.0,40,43720,卖盘
743,10:29:51,10.96,0.03,4,4384,买盘
744,10:29:54,10.93,-0.03,13,14209,卖盘
745,10:30:00,10.93,0.0,5,5465,卖盘
746,10:30:04,10.97,0.04,12,13157,买盘
747,10:30:07,10.98,0.01,3,3294,买盘
748,10:30:09,10.94,-0.04,8,8764,卖盘
749,10:30:21,10.94,0.0,5,5470,卖盘
750,10:30:25,10.94,0.0,7,7658,卖盘
751,10:30:33,10.98,0.04,10,10964,买盘
752,10:30:36,10.94,-0.04,37,40478,卖盘
753,10:30:42,10.94,0.0,5,5470,卖盘
754,10:30:54,10.95,0.01,17,18615,卖盘
755,10:31:06,10.95,0.0,5,5475,卖盘
756,10:31:15,10.95,0.0,5,5475,卖盘
757,10:31:24,10.95,0.0,5,5475,卖盘
758,10:31:28,10.95,0.0,39,42705,卖盘
759,10:31:39,10.95,0.0,10,10945,买盘
760,10:31:49,10.95,0.0,81,88690,卖盘
761,10:31:51,10.95,0.0,62,67886,买盘
762,10:31:54,10.94,-0.01,24,26256,卖盘
763,10:32:00,10.95,0.01,10,10946,买盘
764,10:32:13,10.94,-0.01,51,55794,卖盘
765,10:32:18,10.93,-0.01,37,40441,卖盘
766,10:32:21,10.93,0.0,5,5465,卖盘
767,10:32:24,10.93,0.0,6,6558,卖盘
768,10:32:31,10.93,0.0,6,6558,买盘
769,10:32:33,10.92,-0.01,5,5460,卖盘
770,10:32:45,10.92,0.0,5,5460,卖盘
771,10:32:54,10.92,0.0,10,10920,卖盘
772,10:33:00,10.93,0.01,10,10930,买盘
773,10:33:04,10.92,-0.01,31,33852,卖盘
774,10:33:06,10.92,0.0,5,5460,卖盘
775,10:33:09,10.92,0.0,37,40404,卖盘
776,10:33:18,10.92,0.0,5,5460,卖盘
777,10:33:24,10.92,0.0,17,18564,卖盘
778,10:33:27,10.92,0.0,5,5460,卖盘
779,10:33:30,10.94,0.02,10,10940,买盘
780,10:33:40,10.92,-0.02,5,5460,卖盘
781,10:33:51,10.92,0.0,5,5460,卖盘
782,10:33:54,10.92,0.0,4,4368,卖盘
783,10:33:57,10.92,0.0,7,7644,卖盘
784,10:34:00,10.91,-0.01,10,10916,卖盘
785,10:34:13,10.91,0.0,5,5455,卖盘
786,10:34:24,10.91,0.0,5,5455,卖盘
787,10:34:27,10.92,0.01,13,14190,买盘
788,10:34:33,10.91,-0.01,4,4364,卖盘
789,10:34:45,10.92,0.01,12,13099,买盘
790,10:34:48,10.91,-0.01,38,41458,卖盘
791,10:34:57,10.91,0.0,18,19638,卖盘
792,10:35:00,10.9,-0.01,243,264970,卖盘
793,10:35:04,10.9,0.0,33,35970,买盘
794,10:35:06,10.88,-0.02,6,6528,卖盘
795,10:35:12,10.9,0.02,8,8720,买盘
796,10:35:15,10.9,0.0,10,10900,买盘
797,10:35:18,10.88,-0.02,5,5440,卖盘
798,10:35:27,10.88,0.0,36,39168,卖盘
799,10:35:30,10.86,-0.02,5,5430,卖盘
800,10:35:40,10.85,-0.01,21,22801,卖盘
801,10:35:43,10.86,0.01,6,6516,买盘
802,10:35:45,10.86,0.0,1,1086,买盘
803,10:35:48,10.86,0.0,1,1086,买盘
804,10:35:51,10.86,0.0,31,33666,买盘
805,10:35:57,10.86,0.0,18,19548,卖盘
806,10:36:00,10.86,0.0,10,10860,卖盘
807,10:36:04,10.86,0.0,12,13046,卖盘
808,10:36:15,10.86,0.0,5,5430,卖盘
809,10:36:24,10.87,0.01,6,6522,卖盘
810,10:36:27,10.87,0.0,47,51089,卖盘
811,10:36:30,10.89,0.02,6,6534,买盘
812,10:36:37,10.87,-0.02,4,4348,卖盘
813,10:36:48,10.87,0.0,13,14147,卖盘
814,10:36:57,10.87,0.0,18,19566,卖盘
815,10:37:00,10.89,0.02,4,4356,买盘
816,10:37:03,10.86,-0.03,27,29343,卖盘
817,10:37:06,10.9,0.04,5,5449,买盘
818,10:37:10,10.87,-0.03,5,5435,中性盘
819,10:37:18,10.87,0.0,37,40219,卖盘
820,10:37:21,10.87,0.0,5,5435,卖盘
821,10:37:27,10.87,0.0,24,26103,卖盘
822,10:37:30,10.87,0.0,5,5435,卖盘
823,10:37:43,10.87,0.0,5,5437,卖盘
824,10:37:55,10.87,0.0,5,5435,卖盘
825,10:37:58,10.87,0.0,43,46756,卖盘
826,10:38:00,10.9,0.03,5,5450,买盘
827,10:38:04,10.87,-0.03,5,5438,卖盘
828,10:38:09,10.87,0.0,35,38045,卖盘
829,10:38:15,10.87,0.0,5,5435,卖盘
830,10:38:18,10.9,0.03,5,5450,买盘
831,10:38:27,10.86,-0.04,202,219483,卖盘
832,10:38:31,10.86,0.0,3,3258,买盘
833,10:38:36,10.85,-0.01,12,13026,卖盘
834,10:38:49,10.86,0.01,5,5430,卖盘
835,10:38:54,10.87,0.01,7,7609,买盘
836,10:38:57,10.86,-0.01,21,22806,卖盘
837,10:39:00,10.86,0.0,25,27145,卖盘
838,10:39:09,10.85,-0.01,6,6510,卖盘
839,10:39:21,10.85,0.0,5,5425,卖盘
840,10:39:30,10.85,0.0,11,11935,卖盘
841,10:39:33,10.85,0.0,5,5425,卖盘
842,10:39:39,10.85,0.0,20,21700,卖盘
843,10:39:42,10.85,0.0,15,16285,卖盘
844,10:39:49,10.85,0.0,38,41230,卖盘
845,10:39:54,10.85,0.0,4,4340,卖盘
846,10:40:00,10.85,0.0,17,18445,卖盘
847,10:40:06,10.85,0.0,5,5425,卖盘
848,10:40:09,10.86,0.01,1,1086,买盘
849,10:40:12,10.86,0.0,6,6516,买盘
850,10:40:15,10.85,-0.01,5,5425,卖盘
851,10:40:24,10.86,0.01,1,1086,买盘
852,10:40:27,10.85,-0.01,5,5425,卖盘
853,10:40:31,10.86,0.01,13,14112,买盘
854,10:40:39,10.85,-0.01,6,6510,卖盘
855,10:40:42,10.85,0.0,29,31465,卖盘
856,10:40:45,10.85,0.0,9,9765,买盘
857,10:40:48,10.83,-0.02,196,212379,卖盘
858,10:40:51,10.84,0.01,9,9752,买盘
859,10:40:54,10.85,0.01,27,29295,卖盘
860,10:40:57,10.85,0.0,10,10850,卖盘
861,10:41:00,10.85,0.0,10,10845,买盘
862,10:41:04,10.84,-0.01,8,8672,卖盘
863,10:41:09,10.82,-0.02,92,99570,卖盘
864,10:41:12,10.82,0.0,15,16230,买盘
865,10:41:21,10.82,0.0,5,5410,卖盘
866,10:41:30,10.82,0.0,13,14066,卖盘
867,10:41:33,10.81,-0.01,7,7569,卖盘
868,10:41:36,10.82,0.01,22,23804,买盘
869,10:41:39,10.82,0.0,7,7574,买盘
870,10:41:42,10.82,0.0,22,23804,买盘
871,10:41:45,10.82,0.0,12,12986,买盘
872,10:41:48,10.85,0.03,4,4337,买盘
873,10:41:51,10.85,0.0,4,4340,卖盘
874,10:41:54,10.83,-0.02,5,5415,卖盘
875,10:42:00,10.83,0.0,17,18411,卖盘
876,10:42:06,10.83,0.0,5,5415,卖盘
877,10:42:13,10.86,0.03,5,5426,买盘
878,10:42:15,10.83,-0.03,12,13023,卖盘
879,10:42:18,10.83,0.0,6,6498,卖盘
880,10:42:21,10.83,0.0,37,40071,卖盘
881,10:42:27,10.83,0.0,4,4332,卖盘
882,10:42:30,10.83,0.0,15,16245,卖盘
883,10:42:40,10.83,0.0,5,5415,卖盘
884,10:42:43,10.84,0.01,9,9756,卖盘
885,10:42:46,10.84,0.0,21,22764,卖盘
886,10:42:48,10.86,0.02,5,5422,买盘
887,10:42:51,10.87,0.01,16,17377,卖盘
888,10:43:00,10.83,-0.04,154,166890,卖盘
889,10:43:06,10.83,0.0,6,6498,买盘
890,10:43:10,10.83,0.0,32,34656,买盘
891,10:43:12,10.82,-0.01,41,44362,卖盘
892,10:43:16,10.83,0.01,3,3249,买盘
893,10:43:22,10.83,0.0,9,9743,买盘
894,10:43:24,10.82,-0.01,6,6492,卖盘
895,10:43:30,10.82,0.0,28,30296,卖盘
896,10:43:33,10.82,0.0,8,8656,买盘
897,10:43:36,10.81,-0.01,4,4324,卖盘
898,10:43:39,10.84,0.03,11,11906,买盘
899,10:43:45,10.83,-0.01,5,5415,卖盘
900,10:43:54,10.84,0.01,5,5420,买盘
901,10:43:58,10.81,-0.03,141,152463,卖盘
902,10:44:04,10.81,0.0,49,52933,买盘
903,10:44:09,10.8,-0.01,5,5400,卖盘
904,10:44:12,10.81,0.01,12,12972,买盘
905,10:44:15,10.81,0.0,6,6486,买盘
906,10:44:18,10.8,-0.01,5,5400,卖盘
907,10:44:21,10.81,0.01,3,3243,买盘
908,10:44:27,10.81,0.0,106,114486,买盘
909,10:44:31,10.8,-0.01,45,48600,卖盘
910,10:44:33,10.81,0.01,16,17296,买盘
911,10:44:42,10.8,-0.01,4,4320,卖盘
912,10:44:51,10.8,0.0,10,10800,卖盘
913,10:44:54,10.8,0.0,26,28080,卖盘
914,10:45:00,10.8,0.0,44,47483,买盘
915,10:45:03,10.79,-0.01,6,6475,卖盘
916,10:45:15,10.8,0.01,18,19440,买盘
917,10:45:24,10.8,0.0,5,5400,卖盘
918,10:45:27,10.81,0.01,7,7567,买盘
919,10:45:31,10.8,-0.01,14,15121,卖盘
920,10:45:37,10.8,0.0,5,5400,卖盘
921,10:45:42,10.8,0.0,36,38883,卖盘
922,10:45:45,10.8,0.0,4,4320,买盘
923,10:45:48,10.8,0.0,4,4320,卖盘
924,10:45:51,10.85,0.05,5,5422,买盘
925,10:45:58,10.8,-0.05,5,5400,卖盘
926,10:46:00,10.8,0.0,14,15120,卖盘
927,10:46:06,10.8,0.0,3,3240,卖盘
928,10:46:09,10.8,0.0,5,5400,卖盘
929,10:46:12,10.85,0.05,7,7595,买盘
930,10:46:21,10.8,-0.05,8,8640,卖盘
931,10:46:30,10.8,0.0,12,12960,卖盘
932,10:46:33,10.8,0.0,36,38880,卖盘
933,10:46:36,10.85,0.05,7,7595,买盘
934,10:46:42,10.8,-0.05,5,5400,卖盘
935,10:46:45,10.79,-0.01,186,200764,卖盘
936,10:46:48,10.79,0.0,11,11869,买盘
937,10:46:51,10.79,0.0,3,3237,买盘
938,10:46:54,10.78,-0.01,5,5390,卖盘
939,10:47:04,10.79,0.01,5,5395,卖盘
940,10:47:12,10.8,0.01,16,17280,买盘
941,10:47:15,10.79,-0.01,9,9714,卖盘
942,10:47:18,10.8,0.01,10,10800,买盘
943,10:47:21,10.82,0.02,43,46483,买盘
944,10:47:24,10.8,-0.02,39,42084,买盘
945,10:47:27,10.79,-0.01,5,5395,卖盘
946,10:47:30,10.78,-0.01,27,29132,卖盘
947,10:47:36,10.79,0.01,5,5395,卖盘
948,10:47:39,10.8,0.01,5,5400,买盘
949,10:47:48,10.79,-0.01,6,6474,卖盘
950,10:47:51,10.8,0.01,5,5400,买盘
951,10:47:54,10.8,0.0,4,4320,买盘
952,10:48:00,10.79,-0.01,11,11869,卖盘
953,10:48:03,10.79,0.0,5,5395,卖盘
954,10:48:06,10.8,0.01,8,8640,买盘
955,10:48:09,10.79,-0.01,5,5395,卖盘
956,10:48:12,10.79,0.0,42,45318,卖盘
957,10:48:15,10.79,0.0,9,9711,买盘
958,10:48:21,10.78,-0.01,5,5390,卖盘
959,10:48:24,10.79,0.01,10,10790,买盘
960,10:48:30,10.78,-0.01,46,49598,卖盘
961,10:48:33,10.78,0.0,106,114268,卖盘
962,10:48:36,10.78,0.0,16,17248,卖盘
963,10:48:40,10.78,0.0,11,11858,卖盘
964,10:48:42,10.78,0.0,25,26956,卖盘
965,10:48:54,10.78,0.0,5,5390,卖盘
966,10:49:00,10.78,0.0,113,121821,卖盘
967,10:49:06,10.77,-0.01,5,5385,卖盘
968,10:49:13,10.77,0.0,3,3231,卖盘
969,10:49:19,10.77,0.0,5,5385,卖盘
970,10:49:27,10.77,0.0,6,6462,卖盘
971,10:49:30,10.77,0.0,24,25848,卖盘
972,10:49:33,10.77,0.0,5,5385,卖盘
973,10:49:39,10.77,0.0,59,63555,卖盘
974,10:49:51,10.77,0.0,5,5385,卖盘
975,10:49:55,10.78,0.01,38,40927,买盘
976,10:50:00,10.78,0.0,10,10775,买盘
977,10:50:04,10.77,-0.01,24,25848,卖盘
978,10:50:09,10.77,0.0,3,3231,卖盘
979,10:50:13,10.77,0.0,5,5385,卖盘
980,10:50:15,10.77,0.0,10,10770,卖盘
981,10:50:18,10.78,0.01,4,4312,买盘
982,10:50:21,10.77,-0.01,6,6462,卖盘
983,10:50:24,10.77,0.0,5,5385,卖盘
984,10:50:27,10.77,0.0,18,19386,卖盘
985,10:50:30,10.78,0.01,6,6468,买盘
986,10:50:33,10.77,-0.01,20,21540,卖盘
987,10:50:45,10.77,0.0,43,46311,卖盘
988,10:50:52,10.77,0.0,10,10770,卖盘
989,10:50:55,10.77,0.0,49,52773,卖盘
990,10:50:57,10.78,0.01,19,20466,买盘
991,10:51:04,10.76,-0.02,23,24748,卖盘
992,10:51:06,10.76,0.0,5,5380,卖盘
993,10:51:12,10.78,0.02,14,15092,买盘
994,10:51:18,10.78,0.0,23,24784,买盘
995,10:51:21,10.77,-0.01,1,1077,卖盘
996,10:51:24,10.78,0.01,6,6468,买盘
997,10:51:30,10.77,-0.01,5,5385,卖盘
998,10:51:33,10.77,0.0,77,82979,卖盘
999,10:51:39,10.77,0.0,41,44157,买盘
1000,10:51:51,10.78,0.01,15,16170,买盘
1001,10:51:54,10.79,0.01,5,5395,买盘
1002,10:52:04,10.78,-0.01,31,33418,卖盘
1003,10:52:12,10.78,0.0,6,6469,卖盘
1004,10:52:15,10.79,0.01,6,6474,买盘
1005,10:52:24,10.78,-0.01,22,23710,卖盘
1006,10:52:33,10.78,0.0,13,14014,卖盘
1007,10:52:36,10.78,0.0,9,9700,卖盘
1008,10:52:39,10.78,0.0,4,4312,卖盘
1009,10:52:42,10.78,0.0,23,24794,卖盘
1010,10:52:45,10.78,0.0,11,11864,卖盘
1011,10:52:48,10.78,0.0,24,25872,卖盘
1012,10:52:51,10.79,0.01,32,34526,买盘
1013,10:52:58,10.78,-0.01,5,5390,中性盘
1014,10:53:00,10.78,0.0,12,12936,卖盘
1015,10:53:06,10.78,0.0,42,45241,买盘
1016,10:53:09,10.77,-0.01,10,10770,卖盘
1017,10:53:18,10.76,-0.01,5,5380,卖盘
1018,10:53:22,10.77,0.01,5,5385,买盘
1019,10:53:25,10.77,0.0,5,5385,卖盘
1020,10:53:31,10.77,0.0,4,4308,卖盘
1021,10:53:33,10.78,0.01,21,22623,买盘
1022,10:53:36,10.77,-0.01,32,34464,卖盘
1023,10:53:39,10.77,0.0,11,11847,卖盘
1024,10:53:42,10.76,-0.01,5,5380,卖盘
1025,10:53:48,10.78,0.02,12,12936,卖盘
1026,10:53:51,10.76,-0.02,5,5380,卖盘
1027,10:54:04,10.76,0.0,21,22596,卖盘
1028,10:54:09,10.76,0.0,5,5380,卖盘
1029,10:54:12,10.78,0.02,8,8624,买盘
1030,10:54:15,10.76,-0.02,5,5380,卖盘
1031,10:54:21,10.78,0.02,4,4312,买盘
1032,10:54:25,10.77,-0.01,5,5385,卖盘
1033,10:54:27,10.78,0.01,22,23716,买盘
1034,10:54:33,10.77,-0.01,12,12924,卖盘
1035,10:54:36,10.79,0.02,12,12934,买盘
1036,10:54:42,10.79,0.0,11,11869,买盘
1037,10:54:48,10.77,-0.02,5,5385,卖盘
1038,10:54:51,10.77,0.0,30,32310,卖盘
1039,10:54:54,10.76,-0.01,39,41964,卖盘
1040,10:54:58,10.76,0.0,6,6456,卖盘
1041,10:55:04,10.76,0.0,21,22596,卖盘
1042,10:55:07,10.75,-0.01,28,30121,卖盘
1043,10:55:09,10.76,0.01,14,15074,卖盘
1044,10:55:12,10.77,0.01,5,5385,买盘
1045,10:55:21,10.76,-0.01,5,5380,卖盘
1046,10:55:31,10.76,0.0,275,295900,卖盘
1047,10:55:33,10.75,-0.01,5,5375,卖盘
1048,10:55:42,10.76,0.01,11,11831,买盘
1049,10:55:55,10.75,-0.01,5,5375,卖盘
1050,10:56:00,10.76,0.01,11,11836,买盘
1051,10:56:04,10.75,-0.01,75,80625,卖盘
1052,10:56:06,10.75,0.0,5,5375,卖盘
1053,10:56:15,10.75,0.0,5,5375,卖盘
1054,10:56:21,10.75,0.0,3,3225,卖盘
1055,10:56:27,10.75,0.0,6,6450,卖盘
1056,10:56:33,10.75,0.0,52,55900,卖盘
1057,10:56:40,10.77,0.02,11,11837,买盘
1058,10:56:48,10.75,-0.02,5,5375,卖盘
1059,10:56:55,10.79,0.04,5,5391,买盘
1060,10:57:00,10.75,-0.04,5,5375,卖盘
1061,10:57:04,10.75,0.0,13,13975,卖盘
1062,10:57:09,10.78,0.03,54,58212,卖盘
1063,10:57:13,10.79,0.01,11,11855,买盘
1064,10:57:16,10.78,-0.01,1,1078,卖盘
1065,10:57:21,10.78,0.0,5,5390,卖盘
1066,10:57:24,10.79,0.01,8,8632,买盘
1067,10:57:33,10.78,-0.01,17,18326,卖盘
1068,10:57:45,10.76,-0.02,4,4304,卖盘
1069,10:57:54,10.76,0.0,5,5380,卖盘
1070,10:57:57,10.78,0.02,4,4312,买盘
1071,10:58:00,10.79,0.01,6,6473,买盘
1072,10:58:03,10.78,-0.01,6,6468,卖盘
1073,10:58:06,10.78,0.0,5,5390,卖盘
1074,10:58:18,10.78,0.0,5,5390,卖盘
1075,10:58:24,10.79,0.01,5,5395,买盘
1076,10:58:27,10.78,-0.01,5,5390,卖盘
1077,10:58:33,10.78,0.0,5,5390,卖盘
1078,10:58:39,10.78,0.0,5,5390,卖盘
1079,10:58:51,10.78,0.0,6,6468,卖盘
1080,10:58:54,10.78,0.0,32,34496,卖盘
1081,10:58:57,10.78,0.0,18,19404,买盘
1082,10:59:00,10.78,0.0,5,5390,卖盘
1083,10:59:04,10.78,0.0,13,14014,卖盘
1084,10:59:12,10.78,0.0,29,31262,卖盘
1085,10:59:19,10.78,0.0,11,11858,买盘
1086,10:59:24,10.77,-0.01,5,5385,卖盘
1087,10:59:33,10.77,0.0,5,5385,卖盘
1088,10:59:36,10.78,0.01,50,53890,买盘
1089,10:59:45,10.77,-0.01,5,5385,卖盘
1090,10:59:51,10.77,0.0,3,3231,卖盘
1091,10:59:57,10.77,0.0,5,5385,卖盘
1092,11:00:00,10.78,0.01,6,6468,买盘
1093,11:00:06,10.78,0.0,23,24777,买盘
1094,11:00:15,10.78,0.0,5,5390,买盘
1095,11:00:18,10.77,-0.01,6,6462,卖盘
1096,11:00:31,10.78,0.01,52,56051,买盘
1097,11:00:34,10.78,0.0,15,16170,买盘
1098,11:00:36,10.77,-0.01,6,6462,卖盘
1099,11:00:39,10.77,0.0,20,21567,卖盘
1100,11:00:46,10.79,0.02,22,23738,买盘
1101,11:00:48,10.79,0.0,1,1079,买盘
1102,11:00:52,10.78,-0.01,5,5390,中性盘
1103,11:01:04,10.78,0.0,10,10785,卖盘
1104,11:01:06,10.79,0.01,38,40979,买盘
1105,11:01:16,10.78,-0.01,7,7546,卖盘
1106,11:01:19,10.78,0.0,85,91630,卖盘
1107,11:01:24,10.77,-0.01,18,19399,卖盘
1108,11:01:27,10.78,0.01,5,5390,买盘
1109,11:01:30,10.76,-0.02,247,265872,卖盘
1110,11:01:33,10.76,0.0,46,49496,买盘
1111,11:01:36,10.76,0.0,85,91382,买盘
1112,11:01:42,10.78,0.02,7,7546,买盘
1113,11:01:48,10.76,-0.02,5,5380,卖盘
1114,11:01:57,10.76,0.0,5,5383,卖盘
1115,11:02:06,10.75,-0.01,168,180646,卖盘
1116,11:02:18,10.75,0.0,10,10750,买盘
1117,11:02:21,10.75,0.0,23,24720,买盘
1118,11:02:24,10.75,0.0,10,10750,买盘
1119,11:02:27,10.76,0.01,8,8608,买盘
1120,11:02:30,10.75,-0.01,6,6451,卖盘
1121,11:02:37,10.75,0.0,15,16125,卖盘
1122,11:02:42,10.74,-0.01,6,6444,卖盘
1123,11:02:49,10.75,0.01,24,25800,买盘
1124,11:02:51,10.78,0.03,5,5390,买盘
1125,11:02:54,10.74,-0.04,5,5370,卖盘
1126,11:02:57,10.75,0.01,1,1075,买盘
1127,11:03:00,10.75,0.0,1,1075,买盘
1128,11:03:03,10.74,-0.01,6,6445,卖盘
1129,11:03:06,10.74,0.0,20,21489,卖盘
1130,11:03:15,10.74,0.0,5,5370,卖盘
1131,11:03:19,10.74,0.0,3,3222,卖盘
1132,11:03:21,10.78,0.04,5,5390,买盘
1133,11:03:27,10.75,-0.03,6,6450,卖盘
1134,11:03:36,10.75,0.0,21,22599,卖盘
1135,11:03:49,10.75,0.0,6,6450,卖盘
1136,11:04:01,10.75,0.0,4,4300,卖盘
1137,11:04:04,10.78,0.03,6,6468,买盘
1138,11:04:06,10.75,-0.03,6,6450,卖盘
1139,11:04:10,10.76,0.01,5,5380,卖盘
1140,11:04:21,10.76,0.0,5,5380,卖盘
1141,11:04:24,10.78,0.02,7,7546,买盘
1142,11:04:27,10.78,0.0,8,8624,买盘
1143,11:04:33,10.78,0.0,7,7534,买盘
1144,11:04:36,10.76,-0.02,6,6456,卖盘
1145,11:04:43,10.76,0.0,5,5380,卖盘
1146,11:04:46,10.76,0.0,3,3228,卖盘
1147,11:04:52,10.78,0.02,3,3234,买盘
1148,11:04:55,10.76,-0.02,127,136896,卖盘
1149,11:04:58,10.78,0.02,6,6468,买盘
1150,11:05:06,10.76,-0.02,33,35508,卖盘
1151,11:05:16,10.76,0.0,13,14004,卖盘
1152,11:05:18,10.78,0.02,4,4312,买盘
1153,11:05:27,10.76,-0.02,5,5380,卖盘
1154,11:05:31,10.76,0.0,1,1076,卖盘
1155,11:05:34,10.76,0.0,4,4304,卖盘
1156,11:05:36,10.76,0.0,28,30128,卖盘
1157,11:05:40,10.76,0.0,22,23672,卖盘
1158,11:05:42,10.76,0.0,8,8608,卖盘
1159,11:05:46,10.75,-0.01,3,3225,卖盘
1160,11:05:48,10.75,0.0,9,9675,卖盘
1161,11:05:51,10.75,0.0,8,8600,卖盘
1162,11:05:54,10.76,0.01,9,9683,买盘
1163,11:05:57,10.76,0.0,24,25824,卖盘
1164,11:06:00,10.76,0.0,7,7532,卖盘
1165,11:06:06,10.76,0.0,122,131272,卖盘
1166,11:06:12,10.78,0.02,13,13998,买盘
1167,11:06:15,10.77,-0.01,4,4308,卖盘
1168,11:06:18,10.75,-0.02,24,25800,卖盘
1169,11:06:21,10.74,-0.01,5,5374,卖盘
1170,11:06:33,10.74,0.0,5,5370,卖盘
1171,11:06:36,10.74,0.0,30,32220,卖盘
1172,11:06:42,10.76,0.02,13,13988,买盘
1173,11:06:45,10.76,0.0,52,55952,卖盘
1174,11:06:51,10.76,0.0,6,6456,买盘
1175,11:06:54,10.75,-0.01,4,4300,卖盘
1176,11:07:00,10.76,0.01,8,8608,买盘
1177,11:07:04,10.74,-0.02,16,17185,卖盘
1178,11:07:06,10.74,0.0,6,6446,卖盘
1179,11:07:09,10.75,0.01,11,11825,中性盘
1180,11:07:18,10.74,-0.01,5,5370,卖盘
1181,11:07:21,10.75,0.01,4,4300,买盘
1182,11:07:27,10.74,-0.01,4,4296,卖盘
1183,11:07:36,10.74,0.0,5,5370,卖盘
1184,11:07:39,10.74,0.0,14,15044,卖盘
1185,11:07:51,10.74,0.0,5,5370,卖盘
1186,11:07:54,10.74,0.0,70,75180,卖盘
1187,11:08:01,10.73,-0.01,4,4292,卖盘
1188,11:08:05,10.73,0.0,16,17168,卖盘
1189,11:08:07,10.73,0.0,17,18241,卖盘
1190,11:08:12,10.73,0.0,105,112670,卖盘
1191,11:08:15,10.72,-0.01,55,58997,卖盘
1192,11:08:24,10.72,0.0,5,5360,卖盘
1193,11:08:36,10.73,0.01,7,7511,卖盘
1194,11:08:40,10.73,0.0,5,5365,买盘
1195,11:08:45,10.72,-0.01,41,43987,卖盘
1196,11:08:48,10.73,0.01,6,6438,买盘
1197,11:08:51,10.73,0.0,9,9657,买盘
1198,11:08:54,10.72,-0.01,100,107200,卖盘
1199,11:08:57,10.73,0.01,74,79402,买盘
1200,11:09:01,10.74,0.01,1,1074,买盘
1201,11:09:04,10.74,0.0,1,1074,买盘
1202,11:09:06,10.73,-0.01,3,3219,卖盘
1203,11:09:09,10.74,0.01,52,55848,买盘
1204,11:09:12,10.73,-0.01,100,107340,卖盘
1205,11:09:18,10.74,0.01,5,5370,卖盘
1206,11:09:21,10.76,0.02,8,8608,买盘
1207,11:09:24,10.76,0.0,12,12912,买盘
1208,11:09:30,10.74,-0.02,5,5370,卖盘
1209,11:09:39,10.74,0.0,32,34368,卖盘
1210,11:09:42,10.74,0.0,5,5370,卖盘
1211,11:09:51,10.74,0.0,5,5370,卖盘
1212,11:10:04,10.74,0.0,6,6444,卖盘
1213,11:10:09,10.74,0.0,9,9666,卖盘
1214,11:10:12,10.76,0.02,1,1076,买盘
1215,11:10:15,10.74,-0.02,5,5370,卖盘
1216,11:10:24,10.74,0.0,305,327570,卖盘
1217,11:10:27,10.74,0.0,3,3222,卖盘
1218,11:10:36,10.74,0.0,5,5370,卖盘
1219,11:10:39,10.76,0.02,62,66596,买盘
1220,11:10:49,10.74,-0.02,6,6444,卖盘
1221,11:10:55,10.74,0.0,35,37590,卖盘
1222,11:10:57,10.73,-0.01,5,5365,卖盘
1223,11:11:00,10.74,0.01,5,5370,买盘
1224,11:11:06,10.74,0.0,1,1074,买盘
1225,11:11:09,10.73,-0.01,26,27898,卖盘
1226,11:11:21,10.73,0.0,5,5365,卖盘
1227,11:11:30,10.75,0.02,12,12900,卖盘
1228,11:11:39,10.75,0.0,9,9675,卖盘
1229,11:11:42,10.73,-0.02,20,21488,卖盘
1230,11:11:48,10.75,0.02,8,8600,买盘
1231,11:11:54,10.73,-0.02,5,5365,卖盘
1232,11:11:57,10.73,0.0,159,170607,卖盘
1233,11:12:04,10.74,0.01,5,5370,卖盘
1234,11:12:09,10.74,0.0,26,27924,卖盘
1235,11:12:15,10.73,-0.01,5,5365,卖盘
1236,11:12:28,10.74,0.01,12,12883,买盘
1237,11:12:31,10.71,-0.03,306,328172,卖盘
1238,11:12:33,10.74,0.03,3,3222,买盘
1239,11:12:36,10.73,-0.01,5,5365,卖盘
1240,11:12:39,10.73,0.0,29,31117,卖盘
1241,11:12:42,10.73,0.0,6,6438,买盘
1242,11:12:48,10.71,-0.02,5,5355,卖盘
1243,11:13:00,10.71,0.0,5,5355,卖盘
1244,11:13:09,10.71,0.0,20,21432,卖盘
1245,11:13:21,10.71,0.0,5,5355,卖盘
1246,11:13:30,10.75,0.04,6,6450,买盘
1247,11:13:33,10.71,-0.04,5,5355,卖盘
1248,11:13:39,10.71,0.0,19,20349,卖盘
1249,11:13:42,10.71,0.0,5,5355,卖盘
1250,11:13:54,10.72,0.01,6,6432,卖盘
1251,11:14:00,10.72,0.0,3,3216,卖盘
1252,11:14:06,10.72,0.0,4,4288,卖盘
1253,11:14:09,10.72,0.0,6,6432,卖盘
1254,11:14:16,10.72,0.0,5,5360,卖盘
1255,11:14:18,10.72,0.0,3,3216,卖盘
1256,11:14:27,10.72,0.0,5,5360,卖盘
1257,11:14:36,10.75,0.03,8,8600,买盘
1258,11:14:39,10.72,-0.03,14,15008,卖盘
1259,11:14:51,10.72,0.0,5,5360,卖盘
1260,11:15:00,10.73,0.01,5,5365,卖盘
1261,11:15:09,10.73,0.0,6,6438,卖盘
1262,11:15:12,10.73,0.0,5,5365,卖盘
1263,11:15:18,10.75,0.02,7,7525,买盘
1264,11:15:24,10.73,-0.02,5,5365,卖盘
1265,11:15:27,10.75,0.02,2,2150,买盘
1266,11:15:33,10.73,-0.02,5,5365,卖盘
1267,11:15:39,10.73,0.0,4,4292,卖盘
1268,11:15:42,10.75,0.02,5,5375,买盘
1269,11:15:46,10.73,-0.02,5,5365,卖盘
1270,11:15:52,10.75,0.02,8,8600,买盘
1271,11:15:57,10.73,-0.02,5,5365,卖盘
1272,11:16:06,10.73,0.0,5,5365,卖盘
1273,11:16:09,10.73,0.0,16,17188,卖盘
1274,11:16:18,10.73,0.0,5,5365,卖盘
1275,11:16:27,10.75,0.02,8,8600,买盘
1276,11:16:30,10.73,-0.02,5,5365,卖盘
1277,11:16:39,10.73,0.0,16,17168,卖盘
1278,11:16:51,10.74,0.01,8,8592,中性盘
1279,11:16:54,10.74,0.0,5,5370,卖盘
1280,11:17:00,10.75,0.01,7,7525,买盘
1281,11:17:04,10.74,-0.01,5,5370,卖盘
1282,11:17:09,10.74,0.0,8,8592,卖盘
1283,11:17:12,10.74,0.0,6,6444,卖盘
1284,11:17:21,10.75,0.01,10,10750,买盘
1285,11:17:24,10.74,-0.01,5,5370,卖盘
1286,11:17:30,10.75,0.01,8,8600,买盘
1287,11:17:36,10.75,0.0,15,16120,买盘
1288,11:17:39,10.74,-0.01,6,6444,卖盘
1289,11:17:45,10.74,0.0,6,6445,卖盘
1290,11:17:54,10.76,0.02,6,6452,买盘
1291,11:17:57,10.74,-0.02,5,5370,卖盘
1292,11:18:09,10.74,0.0,13,13962,卖盘
1293,11:18:12,10.76,0.02,6,6456,买盘
1294,11:18:18,10.74,-0.02,5,5370,卖盘
1295,11:18:30,10.74,0.0,5,5370,卖盘
1296,11:18:39,10.74,0.0,5,5370,卖盘
1297,11:18:42,10.74,0.0,5,5370,卖盘
1298,11:18:48,10.76,0.02,7,7532,买盘
1299,11:18:51,10.74,-0.02,8,8592,卖盘
1300,11:19:04,10.74,0.0,5,5370,卖盘
1301,11:19:06,10.74,0.0,182,195468,卖盘
1302,11:19:12,10.74,0.0,48,51514,买盘
1303,11:19:15,10.73,-0.01,5,5365,卖盘
1304,11:19:27,10.73,0.0,16,17175,卖盘
1305,11:19:36,10.73,0.0,5,5365,卖盘
1306,11:19:39,10.73,0.0,7,7511,卖盘
1307,11:19:42,10.73,0.0,1,1073,卖盘
1308,11:19:46,10.76,0.03,10,10740,买盘
1309,11:19:48,10.73,-0.03,5,5365,卖盘
1310,11:19:54,10.76,0.03,8,8608,买盘
1311,11:19:57,10.73,-0.03,5,5365,卖盘
1312,11:20:06,10.76,0.03,1,1076,买盘
1313,11:20:09,10.74,-0.02,11,11814,卖盘
1314,11:20:22,10.74,0.0,5,5370,卖盘
1315,11:20:24,10.74,0.0,3,3222,卖盘
1316,11:20:30,10.75,0.01,7,7525,买盘
1317,11:20:33,10.74,-0.01,5,5370,卖盘
1318,11:20:42,10.74,0.0,10,10740,卖盘
1319,11:20:51,10.75,0.01,31,33325,买盘
1320,11:20:54,10.74,-0.01,5,5370,卖盘
1321,11:21:06,10.75,0.01,13,13970,买盘
1322,11:21:12,10.74,-0.01,9,9666,卖盘
1323,11:21:15,10.74,0.0,6,6444,卖盘
1324,11:21:27,10.74,0.0,104,111696,卖盘
1325,11:21:30,10.74,0.0,1,1074,卖盘
1326,11:21:36,10.74,0.0,3,3222,卖盘
1327,11:21:40,10.74,0.0,47,50478,卖盘
1328,11:21:42,10.74,0.0,24,25776,卖盘
1329,11:21:48,10.74,0.0,5,5370,卖盘
1330,11:22:00,10.74,0.0,5,5370,卖盘
1331,11:22:04,10.74,0.0,39,41886,卖盘
1332,11:22:12,10.73,-0.01,28,30044,卖盘
1333,11:22:22,10.74,0.01,16,17194,卖盘
1334,11:22:27,10.74,0.0,50,53700,卖盘
1335,11:22:33,10.74,0.0,5,5370,卖盘
1336,11:22:39,10.75,0.01,5,5375,买盘
1337,11:22:42,10.74,-0.01,22,23628,卖盘
1338,11:22:45,10.74,0.0,4,4296,卖盘
1339,11:22:54,10.74,0.0,5,5370,卖盘
1340,11:22:57,10.75,0.01,7,7525,买盘
1341,11:23:07,10.74,-0.01,5,5370,卖盘
1342,11:23:12,10.74,0.0,8,8592,卖盘
1343,11:23:15,10.74,0.0,30,32220,卖盘
1344,11:23:18,10.74,0.0,9,9666,卖盘
1345,11:23:21,10.75,0.01,1,1075,买盘
1346,11:23:27,10.74,-0.01,6,6444,卖盘
1347,11:23:36,10.75,0.01,6,6450,买盘
1348,11:23:39,10.74,-0.01,5,5370,卖盘
1349,11:23:51,10.74,0.0,11,11809,买盘
1350,11:23:57,10.73,-0.01,3,3219,卖盘
1351,11:24:01,10.73,0.0,6,6438,卖盘
1352,11:24:09,10.73,0.0,20,21460,卖盘
1353,11:24:12,10.73,0.0,9,9657,卖盘
1354,11:24:24,10.73,0.0,5,5365,卖盘
1355,11:24:33,10.73,0.0,5,5365,卖盘
1356,11:24:42,10.73,0.0,7,7511,卖盘
1357,11:24:45,10.73,0.0,6,6438,卖盘
1358,11:24:57,10.73,0.0,5,5365,卖盘
1359,11:25:06,10.73,0.0,4,4292,卖盘
1360,11:25:12,10.73,0.0,4,4292,卖盘
1361,11:25:18,10.73,0.0,5,5365,卖盘
1362,11:25:30,10.74,0.01,19,20401,买盘
1363,11:25:39,10.73,-0.01,5,5365,卖盘
1364,11:25:42,10.73,0.0,5,5365,卖盘
1365,11:25:51,10.73,0.0,5,5365,卖盘
1366,11:26:03,10.73,0.0,5,5365,卖盘
1367,11:26:12,10.73,0.0,10,10730,卖盘
1368,11:26:24,10.73,0.0,4,4292,卖盘
1369,11:26:33,10.75,0.02,16,17192,买盘
1370,11:26:36,10.73,-0.02,6,6438,卖盘
1371,11:26:42,10.73,0.0,6,6438,卖盘
1372,11:26:49,10.73,0.0,5,5365,卖盘
1373,11:26:54,10.75,0.02,14,15050,买盘
1374,11:26:57,10.73,-0.02,5,5365,卖盘
1375,11:27:09,10.73,0.0,5,5365,卖盘
1376,11:27:12,10.75,0.02,7,7525,买盘
1377,11:27:15,10.73,-0.02,5,5365,卖盘
1378,11:27:21,10.73,0.0,5,5365,卖盘
1379,11:27:24,10.73,0.0,18,19314,卖盘
1380,11:27:30,10.72,-0.01,5,5360,卖盘
1381,11:27:33,10.73,0.01,12,12876,买盘
1382,11:27:42,10.72,-0.01,10,10720,卖盘
1383,11:27:45,10.72,0.0,5,5360,卖盘
1384,11:27:51,10.73,0.01,13,13949,买盘
1385,11:27:54,10.72,-0.01,5,5360,卖盘
1386,11:28:04,10.72,0.0,6,6432,卖盘
1387,11:28:09,10.72,0.0,19,20368,卖盘
1388,11:28:12,10.73,0.01,74,79388,买盘
1389,11:28:16,10.73,0.0,5,5365,卖盘
1390,11:28:18,10.73,0.0,16,17168,卖盘
1391,11:28:27,10.73,0.0,5,5365,卖盘
1392,11:28:36,10.73,0.0,6,6438,卖盘
1393,11:28:39,10.73,0.0,42,45066,卖盘
1394,11:28:42,10.73,0.0,22,23606,卖盘
1395,11:28:49,10.73,0.0,5,5365,卖盘
1396,11:28:51,10.72,-0.01,28,30039,卖盘
1397,11:29:00,10.72,0.0,105,112560,卖盘
1398,11:29:09,10.72,0.0,4,4288,卖盘
1399,11:29:12,10.72,0.0,5,4577,卖盘
1400,11:29:15,10.71,-0.01,3,3213,卖盘
1401,11:29:21,10.71,0.0,6,6426,卖盘
1402,11:29:33,10.71,0.0,5,5355,卖盘
1403,11:29:42,10.71,0.0,9,9639,卖盘
1404,11:29:54,10.71,0.0,4,4284,卖盘
1405,13:00:01,10.71,0.0,150,160650,卖盘
1406,13:00:04,10.72,0.01,194,207799,中性盘
1407,13:00:07,10.7,-0.02,5,5350,卖盘
1408,13:00:15,10.7,0.0,69,73830,卖盘
1409,13:00:27,10.7,0.0,5,5350,卖盘
1410,13:00:36,10.71,0.01,2,2142,买盘
1411,13:00:39,10.7,-0.01,5,5350,卖盘
1412,13:00:42,10.71,0.01,10,10710,买盘
1413,13:00:45,10.7,-0.01,527,563890,卖盘
1414,13:00:48,10.7,0.0,5,5350,卖盘
1415,13:01:00,10.7,0.0,5,5350,卖盘
1416,13:01:06,10.7,0.0,100,107000,卖盘
1417,13:01:12,10.7,0.0,4,4280,卖盘
1418,13:01:15,10.7,0.0,115,123050,卖盘
1419,13:01:21,10.7,0.0,5,5350,卖盘
1420,13:01:24,10.7,0.0,28,29960,卖盘
1421,13:01:30,10.7,0.0,5,5350,卖盘
1422,13:01:33,10.69,-0.01,21,22465,卖盘
1423,13:01:36,10.7,0.01,2,2140,卖盘
1424,13:01:45,10.69,-0.01,38,40622,卖盘
1425,13:01:54,10.69,0.0,6,6414,卖盘
1426,13:02:06,10.69,0.0,5,5345,卖盘
1427,13:02:12,10.69,0.0,1,1069,卖盘
1428,13:02:15,10.69,0.0,59,63171,卖盘
1429,13:02:18,10.69,0.0,6,6414,卖盘
1430,13:02:24,10.69,0.0,20,21914,卖盘
1431,13:02:27,10.72,0.03,13,13930,买盘
1432,13:02:30,10.72,0.0,1,1072,卖盘
1433,13:02:39,10.72,0.0,5,5360,卖盘
1434,13:02:45,10.72,0.0,9,9648,卖盘
1435,13:02:51,10.7,-0.02,5,5350,卖盘
1436,13:02:57,10.72,0.02,14,15008,买盘
1437,13:03:04,10.7,-0.02,6,6420,卖盘
1438,13:03:09,10.71,0.01,2,2142,买盘
1439,13:03:12,10.7,-0.01,5,5350,卖盘
1440,13:03:15,10.7,0.0,6,6420,卖盘
1441,13:03:24,10.7,0.0,5,5350,卖盘
1442,13:03:27,10.72,0.02,11,11792,买盘
1443,13:03:36,10.69,-0.03,50,53496,卖盘
1444,13:03:39,10.7,0.01,4,4280,买盘
1445,13:03:45,10.7,0.0,20,21400,卖盘
1446,13:03:57,10.7,0.0,207,221492,卖盘
1447,13:04:09,10.7,0.0,4,4280,卖盘
1448,13:04:15,10.7,0.0,41,43870,卖盘
1449,13:04:18,10.7,0.0,5,5350,卖盘
1450,13:04:21,10.7,0.0,200,214000,卖盘
1451,13:04:27,10.72,0.02,16,17152,买盘
1452,13:04:30,10.7,-0.02,5,5350,卖盘
1453,13:04:42,10.71,0.01,5,5355,中性盘
1454,13:04:45,10.7,-0.01,49,52455,卖盘
1455,13:04:51,10.7,0.0,5,5350,卖盘
1456,13:04:57,10.72,0.02,13,13936,买盘
1457,13:05:04,10.7,-0.02,5,5350,卖盘
1458,13:05:15,10.71,0.01,24,25685,买盘
1459,13:05:24,10.7,-0.01,5,5350,卖盘
1460,13:05:27,10.71,0.01,7,7497,买盘
1461,13:05:30,10.71,0.0,1,1071,买盘
1462,13:05:36,10.7,-0.01,6,6420,卖盘
1463,13:05:45,10.7,0.0,8,8560,卖盘
1464,13:05:49,10.7,0.0,4,4280,卖盘
1465,13:05:57,10.7,0.0,7,7491,卖盘
1466,13:06:09,10.7,0.0,5,5350,卖盘
1467,13:06:15,10.7,0.0,7,7490,卖盘
1468,13:06:18,10.71,0.01,1,1071,买盘
1469,13:06:21,10.7,-0.01,5,5350,卖盘
1470,13:06:27,10.71,0.01,18,19278,买盘
1471,13:06:30,10.7,-0.01,5,5350,卖盘
1472,13:06:33,10.71,0.01,5,5355,买盘
1473,13:06:42,10.7,-0.01,6,6420,卖盘
1474,13:06:45,10.7,0.0,8,8560,卖盘
1475,13:06:54,10.7,0.0,5,5350,卖盘
1476,13:06:57,10.71,0.01,24,25701,买盘
1477,13:07:04,10.7,-0.01,5,5350,卖盘
1478,13:07:15,10.71,0.01,19,20335,买盘
1479,13:07:27,10.71,0.0,25,26770,买盘
1480,13:07:36,10.7,-0.01,6,6420,卖盘
1481,13:07:45,10.7,0.0,12,12843,卖盘
1482,13:07:48,10.7,0.0,5,5350,卖盘
1483,13:07:51,10.71,0.01,1,1071,买盘
1484,13:07:57,10.71,0.0,11,11781,买盘
1485,13:08:00,10.7,-0.01,6,6420,卖盘
1486,13:08:09,10.7,0.0,5,5350,卖盘
1487,13:08:15,10.7,0.0,6,6420,卖盘
1488,13:08:21,10.71,0.01,32,34267,买盘
1489,13:08:24,10.71,0.0,3,3213,卖盘
1490,13:08:27,10.72,0.01,3,3216,买盘
1491,13:08:30,10.71,-0.01,6,6426,卖盘
1492,13:08:33,10.7,-0.01,5,5350,卖盘
1493,13:08:39,10.71,0.01,1,1071,买盘
1494,13:08:42,10.7,-0.01,8,8563,卖盘
1495,13:08:45,10.7,0.0,18,19267,卖盘
1496,13:08:54,10.7,0.0,4,4280,卖盘
1497,13:08:57,10.72,0.02,10,10711,买盘
1498,13:09:00,10.72,0.0,3,3216,买盘
1499,13:09:06,10.71,-0.01,24,25704,卖盘
1500,13:09:09,10.71,0.0,1,1071,买盘
1501,13:09:15,10.7,-0.01,12,12840,卖盘
1502,13:09:18,10.71,0.01,9,9634,买盘
1503,13:09:21,10.71,0.0,3,3213,买盘
1504,13:09:27,10.7,-0.01,20,21414,卖盘
1505,13:09:36,10.7,0.0,3,3210,卖盘
1506,13:09:39,10.71,0.01,7,7493,买盘
1507,13:09:45,10.7,-0.01,9,9630,卖盘
1508,13:09:48,10.7,0.0,3,3210,卖盘
1509,13:09:51,10.7,0.0,5,5350,卖盘
1510,13:09:54,10.71,0.01,10,10710,买盘
1511,13:09:57,10.71,0.0,10,10710,买盘
1512,13:10:00,10.7,-0.01,8,8563,卖盘
1513,13:10:09,10.71,0.01,1,1071,买盘
1514,13:10:12,10.7,-0.01,5,5350,卖盘
1515,13:10:15,10.7,0.0,9,9630,卖盘
1516,13:10:21,10.71,0.01,3,3213,买盘
1517,13:10:24,10.7,-0.01,5,5350,卖盘
1518,13:10:27,10.71,0.01,4,4284,买盘
1519,13:10:33,10.7,-0.01,5,5350,卖盘
1520,13:10:39,10.71,0.01,3,3213,买盘
1521,13:10:45,10.7,-0.01,12,12840,卖盘
1522,13:10:57,10.71,0.01,7,7492,买盘
1523,13:11:00,10.71,0.0,4,4284,买盘
1524,13:11:06,10.7,-0.01,5,5350,卖盘
1525,13:11:16,10.7,0.0,5,5350,卖盘
1526,13:11:18,10.7,0.0,6,6420,卖盘
1527,13:11:22,10.71,0.01,3,3213,买盘
1528,13:11:27,10.71,0.0,20,21420,买盘
1529,13:11:30,10.7,-0.01,5,5350,卖盘
1530,13:11:39,10.71,0.01,18,19272,买盘
1531,13:11:45,10.7,-0.01,10,10700,卖盘
1532,13:11:48,10.71,0.01,1,1071,买盘
1533,13:11:51,10.71,0.0,16,17132,买盘
1534,13:11:54,10.71,0.0,27,28917,买盘
1535,13:11:58,10.71,0.0,33,35343,买盘
1536,13:12:00,10.72,0.01,47,50354,买盘
1537,13:12:03,10.72,0.0,18,19289,买盘
1538,13:12:07,10.72,0.0,19,20368,买盘
1539,13:12:09,10.72,0.0,10,10720,买盘
1540,13:12:13,10.72,0.0,118,126355,买盘
1541,13:12:15,10.7,-0.02,55,58850,卖盘
1542,13:12:21,10.72,0.02,6,6432,买盘
1543,13:12:24,10.72,0.0,10,10710,买盘
1544,13:12:27,10.72,0.0,5,5360,买盘
1545,13:12:30,10.72,0.0,2,2144,买盘
1546,13:12:33,10.72,0.0,3,3216,买盘
1547,13:12:36,10.72,0.0,10,10710,买盘
1548,13:12:39,10.72,0.0,6,6432,买盘
1549,13:12:42,10.72,0.0,2,2144,买盘
1550,13:12:45,10.71,-0.01,10,10710,卖盘
1551,13:12:48,10.71,0.0,1,1071,买盘
1552,13:12:51,10.71,0.0,5,5355,买盘
1553,13:12:55,10.71,0.0,5,5355,买盘
1554,13:12:57,10.7,-0.01,7,7493,卖盘
1555,13:13:00,10.72,0.02,3,3216,买盘
1556,13:13:09,10.71,-0.01,5,5355,卖盘
1557,13:13:12,10.71,0.0,55,58905,卖盘
1558,13:13:15,10.7,-0.01,17,18190,卖盘
1559,13:13:18,10.7,0.0,9,9634,卖盘
1560,13:13:21,10.71,0.01,3,3213,买盘
1561,13:13:24,10.71,0.0,9,9639,买盘
1562,13:13:30,10.7,-0.01,5,5350,卖盘
1563,13:13:33,10.71,0.01,29,31059,买盘
1564,13:13:39,10.72,0.01,3,3216,买盘
1565,13:13:42,10.71,-0.01,5,5355,卖盘
1566,13:13:45,10.71,0.0,8,8568,卖盘
1567,13:13:51,10.7,-0.01,11,11778,卖盘
1568,13:14:00,10.71,0.01,8,8568,卖盘
1569,13:14:04,10.7,-0.01,10,10707,卖盘
1570,13:14:15,10.71,0.01,30,32130,卖盘
1571,13:14:21,10.71,0.0,3,3213,买盘
1572,13:14:24,10.71,0.0,6,6421,买盘
1573,13:14:36,10.71,0.0,7,7492,买盘
1574,13:14:39,10.71,0.0,1,1071,买盘
1575,13:14:42,10.71,0.0,3,3213,买盘
1576,13:14:45,10.7,-0.01,13,13915,卖盘
1577,13:14:48,10.7,0.0,5,5350,卖盘
1578,13:14:57,10.7,0.0,6,6420,卖盘
1579,13:15:00,10.71,0.01,3,3213,买盘
1580,13:15:10,10.7,-0.01,82,87820,卖盘
1581,13:15:18,10.72,0.02,26,27842,买盘
1582,13:15:21,10.7,-0.02,6,6421,卖盘
1583,13:15:33,10.71,0.01,6,6426,卖盘
1584,13:15:42,10.71,0.0,7,7500,卖盘
1585,13:15:48,10.72,0.01,29,31080,买盘
1586,13:15:54,10.71,-0.01,5,5355,卖盘
1587,13:16:00,10.72,0.01,3,3216,买盘
1588,13:16:06,10.71,-0.01,5,5355,卖盘
1589,13:16:16,10.71,0.0,62,66446,卖盘
1590,13:16:19,10.72,0.01,9,9641,买盘
1591,13:16:21,10.72,0.0,3,3216,买盘
1592,13:16:24,10.71,-0.01,25,26775,卖盘
1593,13:16:27,10.71,0.0,26,27841,买盘
1594,13:16:33,10.7,-0.01,5,5350,卖盘
1595,13:16:39,10.71,0.01,9,9634,买盘
1596,13:16:48,10.7,-0.01,31,33196,卖盘
1597,13:16:51,10.72,0.02,212,227264,买盘
1598,13:17:00,10.75,0.03,9,9657,买盘
1599,13:17:12,10.72,-0.03,54,57888,卖盘
1600,13:17:18,10.72,0.0,44,47168,卖盘
1601,13:17:21,10.72,0.0,16,17152,买盘
1602,13:17:33,10.72,0.0,5,5360,卖盘
1603,13:17:42,10.75,0.03,3,3225,买盘
1604,13:17:45,10.72,-0.03,5,5360,卖盘
1605,13:17:48,10.72,0.0,12,12864,卖盘
1606,13:17:54,10.72,0.0,5,5360,卖盘
1607,13:18:00,10.75,0.03,3,3225,买盘
1608,13:18:06,10.72,-0.03,8,8576,卖盘
1609,13:18:19,10.72,0.0,11,11792,卖盘
1610,13:18:21,10.75,0.03,3,3225,买盘
1611,13:18:27,10.73,-0.02,6,6438,卖盘
1612,13:18:39,10.73,0.0,4,4292,卖盘
1613,13:18:42,10.75,0.02,3,3225,买盘
1614,13:18:45,10.73,-0.02,1,1073,卖盘
1615,13:18:48,10.73,0.0,5,5365,卖盘
1616,13:18:51,10.73,0.0,5,5365,卖盘
1617,13:19:00,10.75,0.02,8,8590,买盘
1618,13:19:12,10.73,-0.02,5,5365,卖盘
1619,13:19:15,10.75,0.02,1,1075,买盘
1620,13:19:19,10.73,-0.02,4,4292,卖盘
1621,13:19:21,10.75,0.02,3,3225,买盘
1622,13:19:24,10.73,-0.02,5,5365,卖盘
1623,13:19:27,10.74,0.01,8,8593,卖盘
1624,13:19:30,10.74,0.0,3,3222,卖盘
1625,13:19:33,10.73,-0.01,5,5365,卖盘
1626,13:19:39,10.74,0.01,1,1074,买盘
1627,13:19:42,10.74,0.0,1,1074,买盘
1628,13:19:45,10.74,0.0,6,6444,卖盘
1629,13:19:48,10.74,0.0,7,7518,卖盘
1630,13:19:51,10.74,0.0,3,3222,卖盘
1631,13:19:54,10.73,-0.01,65,69748,卖盘
1632,13:19:58,10.72,-0.01,8,8576,卖盘
1633,13:20:00,10.73,0.01,3,3219,买盘
1634,13:20:06,10.72,-0.01,5,5360,卖盘
1635,13:20:09,10.72,0.0,3,3216,卖盘
1636,13:20:18,10.72,0.0,23,24656,卖盘
1637,13:20:21,10.73,0.01,3,3219,买盘
1638,13:20:24,10.72,-0.01,50,53600,卖盘
1639,13:20:27,10.72,0.0,1,1072,卖盘
1640,13:20:30,10.72,0.0,7,7504,卖盘
1641,13:20:39,10.72,0.0,5,5360,卖盘
1642,13:20:42,10.73,0.01,3,3219,买盘
1643,13:20:49,10.72,-0.01,16,17152,卖盘
1644,13:20:52,10.72,0.0,24,25747,卖盘
1645,13:21:04,10.72,0.0,11,11795,卖盘
1646,13:21:12,10.72,0.0,5,5360,卖盘
1647,13:21:19,10.72,0.0,11,11792,卖盘
1648,13:21:22,10.73,0.01,3,3219,买盘
1649,13:21:25,10.71,-0.02,5,5358,卖盘
1650,13:21:36,10.71,0.0,5,5355,卖盘
1651,13:21:42,10.73,0.02,3,3219,买盘
1652,13:21:45,10.71,-0.02,4,4284,卖盘
1653,13:21:49,10.71,0.0,4,4284,卖盘
1654,13:21:57,10.71,0.0,5,5355,卖盘
1655,13:22:00,10.73,0.02,2,2146,买盘
1656,13:22:03,10.73,0.0,3,3219,买盘
1657,13:22:10,10.71,-0.02,5,5355,卖盘
1658,13:22:18,10.71,0.0,5,5355,卖盘
1659,13:22:21,10.73,0.02,163,174587,买盘
1660,13:22:30,10.71,-0.02,5,5355,卖盘
1661,13:22:42,10.71,0.0,8,8574,卖盘
1662,13:22:45,10.73,0.02,1,1073,买盘
1663,13:22:49,10.71,-0.02,34,36418,卖盘
1664,13:22:54,10.71,0.0,5,5355,卖盘
1665,13:23:04,10.71,0.0,7,7503,卖盘
1666,13:23:15,10.71,0.0,6,6426,卖盘
1667,13:23:19,10.71,0.0,8,8568,卖盘
1668,13:23:21,10.73,0.02,3,3219,买盘
1669,13:23:27,10.71,-0.02,5,5355,卖盘
1670,13:23:36,10.71,0.0,5,5355,卖盘
1671,13:23:42,10.73,0.02,3,3219,买盘
1672,13:23:49,10.71,-0.02,11,11781,卖盘
1673,13:24:00,10.71,0.0,6,6426,卖盘
1674,13:24:04,10.73,0.02,3,3219,买盘
1675,13:24:09,10.72,-0.01,5,5360,卖盘
1676,13:24:15,10.72,0.0,8,8576,卖盘
1677,13:24:18,10.71,-0.01,6,6427,卖盘
1678,13:24:21,10.72,0.01,8,8571,买盘
1679,13:24:27,10.72,0.0,5,5360,买盘
1680,13:24:33,10.71,-0.01,6,6426,卖盘
1681,13:24:39,10.72,0.01,15,16080,买盘
1682,13:24:42,10.72,0.0,5,5360,卖盘
1683,13:24:48,10.72,0.0,9,9648,卖盘
1684,13:24:55,10.72,0.0,5,5360,卖盘
1685,13:25:04,10.73,0.01,3,3219,买盘
1686,13:25:06,10.72,-0.01,4,4288,卖盘
1687,13:25:09,10.73,0.01,1,1073,买盘
1688,13:25:15,10.72,-0.01,9,9652,卖盘
1689,13:25:18,10.71,-0.01,113,121026,卖盘
1690,13:25:21,10.71,0.0,3,3213,买盘
1691,13:25:27,10.7,-0.01,5,5350,卖盘
1692,13:25:39,10.7,0.0,5,5350,卖盘
1693,13:25:42,10.71,0.01,3,3213,买盘
1694,13:25:48,10.7,-0.01,31,33170,卖盘
1695,13:25:51,10.71,0.01,20,21420,买盘
1696,13:25:57,10.71,0.0,10,10710,买盘
1697,13:26:00,10.7,-0.01,5,5350,卖盘
1698,13:26:04,10.71,0.01,13,13923,买盘
1699,13:26:12,10.7,-0.01,5,5350,卖盘
1700,13:26:18,10.7,0.0,15,16050,卖盘
1701,13:26:21,10.7,0.0,8,8560,卖盘
1702,13:26:24,10.71,0.01,3,3213,买盘
1703,13:26:30,10.7,-0.01,113,120910,卖盘
1704,13:26:33,10.7,0.0,5,5350,卖盘
1705,13:26:36,10.71,0.01,1,1071,买盘
1706,13:26:42,10.71,0.0,3,3213,买盘
1707,13:26:45,10.7,-0.01,5,5350,卖盘
1708,13:26:51,10.71,0.01,28,29961,买盘
1709,13:26:54,10.7,-0.01,5,5350,卖盘
1710,13:27:03,10.71,0.01,3,3213,买盘
1711,13:27:06,10.7,-0.01,5,5350,卖盘
1712,13:27:18,10.7,0.0,8,8560,卖盘
1713,13:27:21,10.7,0.0,4,4280,卖盘
1714,13:27:24,10.71,0.01,4,4284,买盘
1715,13:27:27,10.7,-0.01,8,8560,卖盘
1716,13:27:39,10.7,0.0,5,5350,卖盘
1717,13:27:42,10.7,0.0,6,6423,卖盘
1718,13:27:51,10.71,0.01,13,13911,买盘
1719,13:28:00,10.7,-0.01,5,5350,卖盘
1720,13:28:04,10.71,0.01,3,3213,买盘
1721,13:28:12,10.7,-0.01,25,26770,卖盘
1722,13:28:22,10.7,0.0,8,8560,卖盘
1723,13:28:24,10.7,0.0,9,9633,卖盘
1724,13:28:36,10.7,0.0,5,5350,卖盘
1725,13:28:42,10.71,0.01,4,4284,买盘
1726,13:28:45,10.7,-0.01,8,8563,卖盘
1727,13:28:51,10.7,0.0,6,6420,卖盘
1728,13:28:54,10.71,0.01,3,3213,卖盘
1729,13:28:57,10.7,-0.01,5,5350,卖盘
1730,13:29:04,10.73,0.03,4,4292,买盘
1731,13:29:09,10.7,-0.03,5,5350,卖盘
1732,13:29:18,10.7,0.0,5,5350,卖盘
1733,13:29:21,10.73,0.03,7,7499,买盘
1734,13:29:30,10.7,-0.03,465,497550,卖盘
1735,13:29:33,10.73,0.03,4,4292,买盘
1736,13:29:42,10.73,0.0,8,8569,买盘
1737,13:29:51,10.69,-0.04,65,69545,卖盘
1738,13:29:54,10.7,0.01,3,3210,买盘
1739,13:30:04,10.69,-0.01,8,8555,卖盘
1740,13:30:09,10.7,0.01,23,24610,买盘
1741,13:30:15,10.7,0.0,25,26745,买盘
1742,13:30:22,10.7,0.0,17,18190,卖盘
1743,13:30:25,10.69,-0.01,5,5345,卖盘
1744,13:30:36,10.69,0.0,30,32095,卖盘
1745,13:30:42,10.73,0.04,3,3219,买盘
1746,13:30:48,10.69,-0.04,6,6414,卖盘
1747,13:30:51,10.69,0.0,10,10690,卖盘
1748,13:30:58,10.7,0.01,5,5350,卖盘
1749,13:31:04,10.72,0.02,3,3216,买盘
1750,13:31:09,10.7,-0.02,5,5350,卖盘
1751,13:31:21,10.7,0.0,10,10700,卖盘
1752,13:31:25,10.73,0.03,3,3219,买盘
1753,13:31:30,10.7,-0.03,6,6420,卖盘
1754,13:31:39,10.7,0.0,36,38520,卖盘
1755,13:31:42,10.71,0.01,93,99513,买盘
1756,13:31:45,10.7,-0.01,3,3210,卖盘
1757,13:31:52,10.7,0.0,27,28890,卖盘
1758,13:31:54,10.7,0.0,5,5350,卖盘
1759,13:31:58,10.71,0.01,55,58875,买盘
1760,13:32:04,10.7,-0.01,44,47083,卖盘
1761,13:32:06,10.7,0.0,15,16050,卖盘
1762,13:32:16,10.71,0.01,87,93172,买盘
1763,13:32:18,10.71,0.0,10,10710,卖盘
1764,13:32:21,10.71,0.0,8,8568,卖盘
1765,13:32:27,10.7,-0.01,5,5350,卖盘
1766,13:32:33,10.7,0.0,100,107000,卖盘
1767,13:32:36,10.7,0.0,40,42835,卖盘
1768,13:32:42,10.73,0.03,3,3219,买盘
1769,13:32:48,10.7,-0.03,5,5350,卖盘
1770,13:32:52,10.7,0.0,29,31030,卖盘
1771,13:33:00,10.7,0.0,6,6420,卖盘
1772,13:33:03,10.72,0.02,3,3216,买盘
1773,13:33:06,10.72,0.0,2,2144,买盘
1774,13:33:10,10.7,-0.02,6,6430,卖盘
1775,13:33:12,10.73,0.03,4,4292,买盘
1776,13:33:21,10.7,-0.03,16,17120,卖盘
1777,13:33:24,10.73,0.03,3,3219,买盘
1778,13:33:27,10.73,0.0,9,9657,买盘
1779,13:33:33,10.7,-0.03,5,5350,卖盘
1780,13:33:42,10.73,0.03,8,8569,买盘
1781,13:33:51,10.71,-0.02,3,3213,卖盘
1782,13:33:54,10.7,-0.01,7,7492,卖盘
1783,13:34:00,10.71,0.01,2,2142,买盘
1784,13:34:04,10.72,0.01,3,3216,买盘
1785,13:34:06,10.71,-0.01,5,5355,卖盘
1786,13:34:18,10.71,0.0,5,5355,卖盘
1787,13:34:24,10.71,0.0,5,5355,卖盘
1788,13:34:27,10.71,0.0,5,5358,卖盘
1789,13:34:39,10.71,0.0,4,4284,卖盘
1790,13:34:42,10.73,0.02,3,3219,买盘
1791,13:34:51,10.71,-0.02,5,5355,卖盘
1792,13:34:55,10.71,0.0,2,2142,卖盘
1793,13:35:00,10.71,0.0,6,6426,卖盘
1794,13:35:04,10.73,0.02,3,3219,买盘
1795,13:35:12,10.71,-0.02,5,5355,卖盘
1796,13:35:24,10.73,0.02,12,12858,买盘
1797,13:35:33,10.71,-0.02,5,5355,卖盘
1798,13:35:42,10.73,0.02,307,329411,买盘
1799,13:35:45,10.71,-0.02,6,6428,卖盘
1800,13:35:49,10.71,0.0,3,3214,卖盘
1801,13:35:55,10.72,0.01,1,1072,卖盘
1802,13:35:58,10.71,-0.01,5,5355,卖盘
1803,13:36:04,10.72,0.01,3,3216,买盘
1804,13:36:06,10.72,0.0,20,21426,买盘
1805,13:36:09,10.72,0.0,2,2144,买盘
1806,13:36:18,10.72,0.0,25,26795,买盘
1807,13:36:21,10.71,-0.01,8,8568,卖盘
1808,13:36:24,10.71,0.0,14,14997,卖盘
1809,13:36:31,10.71,0.0,8,8568,卖盘
1810,13:36:37,10.71,0.0,9,9639,卖盘
1811,13:36:40,10.71,0.0,5,5355,卖盘
1812,13:36:42,10.73,0.02,3,3219,买盘
1813,13:36:51,10.71,-0.02,14,14994,卖盘
1814,13:36:54,10.71,0.0,8,8568,卖盘
1815,13:37:03,10.73,0.02,8,8574,买盘
1816,13:37:06,10.71,-0.02,8,8568,卖盘
1817,13:37:12,10.71,0.0,5,5355,卖盘
1818,13:37:15,10.71,0.0,3,3213,卖盘
1819,13:37:21,10.71,0.0,9,9639,卖盘
1820,13:37:24,10.71,0.0,16,17142,卖盘
1821,13:37:36,10.71,0.0,13,13923,卖盘
1822,13:37:42,10.73,0.02,3,3219,买盘
1823,13:37:45,10.71,-0.02,5,5355,卖盘
1824,13:37:51,10.71,0.0,11,11781,卖盘
1825,13:37:54,10.71,0.0,9,9639,卖盘
1826,13:37:57,10.71,0.0,5,5355,卖盘
1827,13:38:00,10.72,0.01,5,5360,卖盘
1828,13:38:04,10.72,0.0,3,3216,买盘
1829,13:38:07,10.71,-0.01,9,9639,卖盘
1830,13:38:09,10.71,0.0,5,5355,卖盘
1831,13:38:15,10.72,0.01,10,10720,买盘
1832,13:38:18,10.71,-0.01,5,5355,卖盘
1833,13:38:21,10.71,0.0,8,8568,卖盘
1834,13:38:25,10.72,0.01,3,3216,买盘
1835,13:38:31,10.71,-0.01,6,6426,卖盘
1836,13:38:37,10.71,0.0,9,9639,卖盘
1837,13:38:39,10.71,0.0,8,8568,卖盘
1838,13:38:42,10.72,0.01,10,10712,买盘
1839,13:38:45,10.72,0.0,11,11792,卖盘
1840,13:38:48,10.72,0.0,1,1072,卖盘
1841,13:38:51,10.71,-0.01,6,6427,卖盘
1842,13:38:54,10.71,0.0,15,15530,卖盘
1843,13:38:58,10.71,0.0,5,5359,卖盘
1844,13:39:03,10.71,0.0,18,19281,卖盘
1845,13:39:06,10.71,0.0,8,8568,卖盘
1846,13:39:09,10.71,0.0,10,11246,卖盘
1847,13:39:15,10.7,-0.01,5,5350,卖盘
1848,13:39:21,10.7,0.0,9,9630,卖盘
1849,13:39:24,10.7,0.0,8,8563,卖盘
1850,13:39:27,10.71,0.01,6,6426,买盘
1851,13:39:36,10.7,-0.01,22,23014,卖盘
1852,13:39:40,10.7,0.0,9,9630,卖盘
1853,13:39:45,10.73,0.03,3,3219,买盘
1854,13:39:48,10.7,-0.03,4,4280,卖盘
1855,13:39:51,10.7,0.0,9,9630,卖盘
1856,13:39:57,10.7,0.0,5,5350,卖盘
1857,13:40:03,10.73,0.03,3,3219,买盘
1858,13:40:07,10.7,-0.03,9,9630,卖盘
1859,13:40:10,10.7,0.0,14,14980,卖盘
1860,13:40:15,10.73,0.03,1,1073,买盘
1861,13:40:21,10.71,-0.02,14,14994,卖盘
1862,13:40:24,10.73,0.02,4,4290,买盘
1863,13:40:27,10.71,-0.02,1,1071,卖盘
1864,13:40:30,10.73,0.02,69,74029,买盘
1865,13:40:36,10.7,-0.03,9,9630,卖盘
1866,13:40:39,10.7,0.0,21,22470,卖盘
1867,13:40:42,10.7,0.0,5,5350,卖盘
1868,13:40:45,10.73,0.03,3,3219,买盘
1869,13:40:51,10.7,-0.03,9,9630,卖盘
1870,13:40:55,10.7,0.0,6,6420,卖盘
1871,13:41:04,10.73,0.03,8,8574,买盘
1872,13:41:06,10.7,-0.03,8,8560,卖盘
1873,13:41:09,10.7,0.0,11,11770,卖盘
1874,13:41:16,10.7,0.0,5,5350,卖盘
1875,13:41:21,10.7,0.0,9,9630,卖盘
1876,13:41:24,10.73,0.03,3,3219,买盘
1877,13:41:28,10.7,-0.03,5,5350,卖盘
1878,13:41:36,10.7,0.0,8,8560,卖盘
1879,13:41:39,10.7,0.0,11,11770,卖盘
1880,13:41:45,10.73,0.03,3,3219,买盘
1881,13:41:48,10.7,-0.03,5,5350,卖盘
1882,13:41:51,10.7,0.0,9,9630,卖盘
1883,13:41:54,10.7,0.0,3,3210,卖盘
1884,13:42:00,10.71,0.01,5,5355,卖盘
1885,13:42:06,10.71,0.0,12,12858,卖盘
1886,13:42:09,10.71,0.0,12,12852,卖盘
1887,13:42:12,10.71,0.0,5,5355,卖盘
1888,13:42:21,10.71,0.0,14,14994,卖盘
1889,13:42:24,10.73,0.02,3,3219,买盘
1890,13:42:33,10.72,-0.01,5,5360,卖盘
1891,13:42:36,10.72,0.0,9,9648,卖盘
1892,13:42:45,10.72,0.0,8,8571,买盘
1893,13:42:51,10.71,-0.01,9,9639,卖盘
1894,13:42:54,10.71,0.0,5,5355,卖盘
1895,13:43:00,10.72,0.01,4,4288,买盘
1896,13:43:07,10.71,-0.01,16,17142,卖盘
1897,13:43:12,10.71,0.0,9,9639,卖盘
1898,13:43:18,10.71,0.0,6,6426,卖盘
1899,13:43:21,10.71,0.0,9,9639,卖盘
1900,13:43:24,10.73,0.02,3,3219,买盘
1901,13:43:27,10.71,-0.02,5,5355,卖盘
1902,13:43:36,10.71,0.0,9,9639,卖盘
1903,13:43:39,10.71,0.0,12,12852,卖盘
1904,13:43:45,10.73,0.02,3,3219,买盘
1905,13:43:52,10.7,-0.03,6,6422,卖盘
1906,13:44:00,10.7,0.0,5,5350,卖盘
1907,13:44:04,10.71,0.01,3,3213,买盘
1908,13:44:07,10.7,-0.01,9,9630,卖盘
1909,13:44:12,10.7,0.0,11,11770,卖盘
1910,13:44:21,10.7,0.0,8,8562,卖盘
1911,13:44:24,10.73,0.03,8,8569,买盘
1912,13:44:33,10.7,-0.03,5,5350,卖盘
1913,13:44:37,10.7,0.0,9,9630,卖盘
1914,13:44:42,10.7,0.0,9,9630,卖盘
1915,13:44:45,10.7,0.0,11,11788,卖盘
1916,13:44:51,10.7,0.0,9,9630,卖盘
1917,13:44:57,10.7,0.0,5,5350,卖盘
1918,13:45:03,10.73,0.03,3,3219,买盘
1919,13:45:06,10.7,-0.03,17,18190,卖盘
1920,13:45:09,10.73,0.03,4,4292,买盘
1921,13:45:12,10.7,-0.03,7,7490,卖盘
1922,13:45:19,10.7,0.0,5,5350,卖盘
1923,13:45:21,10.7,0.0,9,9630,卖盘
1924,13:45:24,10.73,0.03,3,3219,买盘
1925,13:45:30,10.7,-0.03,5,5350,卖盘
1926,13:45:36,10.7,0.0,9,9630,卖盘
1927,13:45:39,10.7,0.0,4,4280,卖盘
1928,13:45:42,10.7,0.0,10,10700,卖盘
1929,13:45:45,10.73,0.03,3,3219,买盘
1930,13:45:48,10.7,-0.03,3,3210,卖盘
1931,13:45:51,10.7,0.0,13,13910,卖盘
1932,13:46:04,10.7,0.0,5,5350,卖盘
1933,13:46:06,10.73,0.03,3,3219,买盘
1934,13:46:09,10.7,-0.03,9,9630,卖盘
1935,13:46:12,10.7,0.0,12,12840,卖盘
1936,13:46:21,10.7,0.0,10,10700,卖盘
1937,13:46:24,10.73,0.03,8,8569,买盘
1938,13:46:36,10.7,-0.03,14,14980,卖盘
1939,13:46:42,10.7,0.0,10,10700,卖盘
1940,13:46:45,10.7,0.0,8,8569,卖盘
1941,13:46:51,10.7,0.0,9,9630,卖盘
1942,13:46:57,10.7,0.0,5,5350,卖盘
1943,13:47:06,10.7,0.0,11,11779,卖盘
1944,13:47:09,10.7,0.0,5,5350,卖盘
1945,13:47:12,10.7,0.0,7,7490,卖盘
1946,13:47:18,10.7,0.0,5,5350,卖盘
1947,13:47:21,10.7,0.0,9,9630,卖盘
1948,13:47:24,10.73,0.03,3,3219,买盘
1949,13:47:30,10.7,-0.03,5,5350,卖盘
1950,13:47:36,10.7,0.0,9,9630,卖盘
1951,13:47:42,10.7,0.0,13,13910,卖盘
1952,13:47:45,10.73,0.03,3,3219,买盘
1953,13:47:48,10.7,-0.03,20,21400,卖盘
1954,13:47:51,10.7,0.0,8,8560,卖盘
1955,13:47:54,10.7,0.0,5,5350,卖盘
1956,13:48:04,10.7,0.0,5,5350,卖盘
1957,13:48:06,10.7,0.0,12,12849,卖盘
1958,13:48:12,10.7,0.0,13,13910,卖盘
1959,13:48:15,10.7,0.0,5,5350,卖盘
1960,13:48:21,10.7,0.0,9,9630,卖盘
1961,13:48:24,10.73,0.03,3,3219,买盘
1962,13:48:27,10.7,-0.03,5,5350,卖盘
1963,13:48:36,10.71,0.01,13,13923,中性盘
1964,13:48:42,10.71,0.0,8,8568,卖盘
1965,13:48:46,10.73,0.02,3,3219,买盘
1966,13:48:48,10.71,-0.02,5,5355,卖盘
1967,13:48:51,10.72,0.01,12,12867,中性盘
1968,13:49:00,10.72,0.0,5,5360,卖盘
1969,13:49:06,10.72,0.0,11,11795,卖盘
1970,13:49:09,10.72,0.0,6,6432,卖盘
1971,13:49:12,10.72,0.0,8,8576,卖盘
1972,13:49:21,10.72,0.0,14,15008,卖盘
1973,13:49:24,10.73,0.01,3,3219,买盘
1974,13:49:30,10.72,-0.01,3,3216,卖盘
1975,13:49:34,10.72,0.0,5,5360,卖盘
1976,13:49:36,10.72,0.0,9,9648,卖盘
1977,13:49:43,10.72,0.0,12,12864,卖盘
1978,13:49:45,10.73,0.01,3,3219,买盘
1979,13:49:51,10.72,-0.01,8,8576,卖盘
1980,13:49:54,10.72,0.0,5,5360,卖盘
1981,13:49:57,10.72,0.0,6,6432,卖盘
1982,13:50:00,10.72,0.0,5,5360,卖盘
1983,13:50:04,10.73,0.01,11,11796,买盘
1984,13:50:07,10.72,-0.01,17,18227,卖盘
1985,13:50:12,10.72,0.0,13,13936,卖盘
1986,13:50:15,10.71,-0.01,32,34299,卖盘
1987,13:50:22,10.71,0.0,9,9639,卖盘
1988,13:50:24,10.73,0.02,3,3219,买盘
1989,13:50:28,10.71,-0.02,5,5355,卖盘
1990,13:50:36,10.71,0.0,8,8568,卖盘
1991,13:50:39,10.71,0.0,5,5355,卖盘
1992,13:50:42,10.71,0.0,12,12852,卖盘
1993,13:50:45,10.73,0.02,3,3219,买盘
1994,13:50:48,10.71,-0.02,55,58905,卖盘
1995,13:50:51,10.71,0.0,9,9639,卖盘
1996,13:51:00,10.71,0.0,69,73899,卖盘
1997,13:51:06,10.7,-0.01,11,11773,卖盘
1998,13:51:12,10.7,0.0,35,37450,卖盘
1999,13:51:21,10.7,0.0,14,14980,卖盘
2000,13:51:24,10.71,0.01,3,3213,买盘
2001,13:51:33,10.7,-0.01,5,5350,卖盘
2002,13:51:36,10.7,0.0,9,9630,卖盘
2003,13:51:39,10.7,0.0,1,1070,卖盘
2004,13:51:42,10.7,0.0,11,11770,卖盘
2005,13:51:45,10.71,0.01,8,8563,买盘
2006,13:51:51,10.7,-0.01,8,8560,卖盘
2007,13:51:54,10.7,0.0,6,6420,卖盘
2008,13:52:06,10.7,0.0,17,18193,卖盘
2009,13:52:12,10.7,0.0,10,10700,卖盘
2010,13:52:18,10.7,0.0,5,5350,卖盘
2011,13:52:21,10.7,0.0,9,9630,卖盘
2012,13:52:27,10.7,0.0,9,9633,卖盘
2013,13:52:39,10.7,0.0,13,13910,卖盘
2014,13:52:42,10.7,0.0,5,5350,卖盘
2015,13:52:45,10.71,0.01,6,6423,买盘
2016,13:52:51,10.7,-0.01,14,14980,卖盘
2017,13:53:00,10.69,-0.01,5,5346,卖盘
2018,13:53:03,10.7,0.01,20,21400,中性盘
2019,13:53:06,10.69,-0.01,11,11762,卖盘
2020,13:53:12,10.69,0.0,5,5345,卖盘
2021,13:53:15,10.69,0.0,11,11759,卖盘
2022,13:53:24,10.69,0.0,120,128280,卖盘
2023,13:53:27,10.7,0.01,3,3210,买盘
2024,13:53:36,10.69,-0.01,14,14966,卖盘
2025,13:53:45,10.69,0.0,20,21376,卖盘
2026,13:53:54,10.68,-0.01,8,8544,卖盘
2027,13:53:57,10.68,0.0,5,5340,卖盘
2028,13:54:00,10.68,0.0,18,19224,卖盘
2029,13:54:06,10.68,0.0,29,30975,卖盘
2030,13:54:10,10.68,0.0,5,5340,卖盘
2031,13:54:13,10.68,0.0,60,64080,卖盘
2032,13:54:16,10.68,0.0,18,19224,卖盘
2033,13:54:18,10.68,0.0,6,6408,卖盘
2034,13:54:24,10.68,0.0,9,9612,卖盘
2035,13:54:27,10.69,0.01,3,3207,买盘
2036,13:54:30,10.67,-0.02,5,5335,卖盘
2037,13:54:36,10.67,0.0,8,8536,卖盘
2038,13:54:42,10.67,0.0,8,8536,卖盘
2039,13:54:45,10.68,0.01,23,24544,买盘
2040,13:54:48,10.67,-0.01,86,91762,卖盘
2041,13:54:51,10.66,-0.01,49,52269,卖盘
2042,13:54:57,10.66,0.0,3,3198,卖盘
2043,13:55:03,10.66,0.0,5,5330,卖盘
2044,13:55:06,10.66,0.0,15,15993,卖盘
2045,13:55:09,10.66,0.0,299,318734,卖盘
2046,13:55:15,10.65,-0.01,56,59640,卖盘
2047,13:55:21,10.64,-0.01,10,10642,卖盘
2048,13:55:24,10.64,0.0,30,31945,卖盘
2049,13:55:27,10.65,0.01,3,3195,买盘
2050,13:55:30,10.64,-0.01,10,10640,卖盘
2051,13:55:33,10.64,0.0,59,62776,卖盘
2052,13:55:36,10.62,-0.02,16,16998,卖盘
2053,13:55:45,10.65,0.03,35,37179,买盘
2054,13:55:48,10.62,-0.03,15,15933,卖盘
2055,13:55:51,10.62,0.0,18,19146,卖盘
2056,13:55:54,10.62,0.0,19,20178,卖盘
2057,13:55:57,10.62,0.0,15,15930,买盘
2058,13:56:01,10.61,-0.01,110,116720,卖盘
2059,13:56:04,10.61,0.0,9,9554,卖盘
2060,13:56:06,10.65,0.04,3,3195,买盘
2061,13:56:10,10.62,-0.03,24,25469,中性盘
2062,13:56:15,10.62,0.0,22,23364,卖盘
2063,13:56:18,10.62,0.0,126,133652,买盘
2064,13:56:21,10.62,0.0,5,5310,卖盘
2065,13:56:24,10.62,0.0,9,9558,卖盘
2066,13:56:28,10.65,0.03,68,72129,买盘
2067,13:56:30,10.6,-0.05,5,5300,卖盘
2068,13:56:33,10.62,0.02,4,4248,买盘
2069,13:56:36,10.62,0.0,1,1062,买盘
2070,13:56:39,10.6,-0.02,8,8480,卖盘
2071,13:56:42,10.61,0.01,12,12738,卖盘
2072,13:56:45,10.61,0.0,8,8488,卖盘
2073,13:56:49,10.61,0.0,28,29708,买盘
2074,13:56:52,10.62,0.01,11,11673,买盘
2075,13:56:54,10.61,-0.01,14,14854,卖盘
2076,13:57:03,10.61,0.0,6,6366,卖盘
2077,13:57:06,10.65,0.04,3,3195,买盘
2078,13:57:09,10.61,-0.04,10,10613,卖盘
2079,13:57:15,10.61,0.0,22,23342,卖盘
2080,13:57:24,10.61,0.0,8,8488,卖盘
2081,13:57:27,10.65,0.04,8,8502,买盘
2082,13:57:36,10.62,-0.03,5,5310,卖盘
2083,13:57:39,10.62,0.0,9,9558,卖盘
2084,13:57:45,10.62,0.0,9,9558,卖盘
2085,13:57:48,10.62,0.0,8,8505,卖盘
2086,13:57:52,10.62,0.0,26,27612,卖盘
2087,13:57:54,10.62,0.0,7,7434,买盘
2088,13:57:57,10.62,0.0,14,14868,买盘
2089,13:58:00,10.61,-0.01,5,5305,卖盘
2090,13:58:04,10.62,0.01,158,167796,买盘
2091,13:58:06,10.61,-0.01,28,29716,卖盘
2092,13:58:09,10.61,0.0,17,18041,卖盘
2093,13:58:12,10.62,0.01,5,5310,买盘
2094,13:58:15,10.61,-0.01,58,61547,卖盘
2095,13:58:18,10.61,0.0,10,10610,卖盘
2096,13:58:21,10.61,0.0,5,5305,卖盘
2097,13:58:24,10.62,0.01,11,11673,买盘
2098,13:58:28,10.62,0.0,8,8496,买盘
2099,13:58:33,10.62,0.0,5,5310,卖盘
2100,13:58:36,10.62,0.0,7,7434,卖盘
2101,13:58:39,10.64,0.02,31,32968,买盘
2102,13:58:42,10.62,-0.02,5,5310,中性盘
2103,13:58:45,10.61,-0.01,25,26532,卖盘
2104,13:58:48,10.64,0.03,3,3192,买盘
2105,13:58:54,10.61,-0.03,15,15915,卖盘
2106,13:58:57,10.64,0.03,8,8512,买盘
2107,13:59:06,10.64,0.0,8,8502,买盘
2108,13:59:09,10.62,-0.02,9,9558,卖盘
2109,13:59:12,10.64,0.02,5,5320,买盘
2110,13:59:15,10.62,-0.02,6,6372,卖盘
2111,13:59:24,10.61,-0.01,8,8488,卖盘
2112,13:59:28,10.62,0.01,7,7430,买盘
2113,13:59:30,10.62,0.0,10,10620,买盘
2114,13:59:39,10.62,0.0,15,15930,卖盘
2115,13:59:49,10.64,0.02,12,12750,买盘
2116,13:59:51,10.62,-0.02,33,35047,卖盘
2117,14:00:00,10.62,0.0,5,5310,卖盘
2118,14:00:06,10.63,0.01,3,3189,买盘
2119,14:00:09,10.62,-0.01,114,121068,卖盘
2120,14:00:12,10.61,-0.01,6,6366,卖盘
2121,14:00:15,10.62,0.01,1,1062,买盘
2122,14:00:18,10.62,0.0,73,77484,买盘
2123,14:00:21,10.62,0.0,13,13806,买盘
2124,14:00:24,10.61,-0.01,13,13793,卖盘
2125,14:00:27,10.61,0.0,28,29716,卖盘
2126,14:00:33,10.62,0.01,124,131688,买盘
2127,14:00:39,10.62,0.0,8,8496,卖盘
2128,14:00:45,10.62,0.0,5,5310,卖盘
2129,14:00:48,10.62,0.0,51,54165,卖盘
2130,14:00:54,10.62,0.0,9,9558,卖盘
2131,14:00:57,10.62,0.0,26,27612,卖盘
2132,14:01:04,10.62,0.0,2,2124,买盘
2133,14:01:06,10.61,-0.01,8,8491,卖盘
2134,14:01:09,10.61,0.0,9,9549,卖盘
2135,14:01:18,10.62,0.01,4,4248,卖盘
2136,14:01:24,10.61,-0.01,8,8488,卖盘
2137,14:01:28,10.63,0.02,3,3189,买盘
2138,14:01:30,10.61,-0.02,5,5305,卖盘
2139,14:01:36,10.63,0.02,5,5315,买盘
2140,14:01:39,10.61,-0.02,10,10610,卖盘
2141,14:01:45,10.63,0.02,9,9567,买盘
2142,14:01:51,10.63,0.0,5,5315,卖盘
2143,14:02:03,10.63,0.0,6,6378,卖盘
2144,14:02:06,10.65,0.02,3,3195,买盘
2145,14:02:12,10.63,-0.02,5,5315,卖盘
2146,14:02:18,10.65,0.02,3,3195,买盘
2147,14:02:24,10.63,-0.02,5,5315,卖盘
2148,14:02:27,10.65,0.02,3,3195,买盘
2149,14:02:36,10.63,-0.02,6,6378,卖盘
2150,14:02:46,10.63,0.0,5,5315,卖盘
2151,14:02:48,10.65,0.02,3,3195,买盘
2152,14:02:57,10.63,-0.02,5,5315,卖盘
2153,14:03:06,10.64,0.01,6,6381,买盘
2154,14:03:09,10.63,-0.01,5,5315,卖盘
2155,14:03:18,10.62,-0.01,8,8499,卖盘
2156,14:03:27,10.64,0.02,3,3192,买盘
2157,14:03:30,10.63,-0.01,5,5315,卖盘
2158,14:03:43,10.63,0.0,5,5315,卖盘
2159,14:03:45,10.63,0.0,25,26578,卖盘
2160,14:03:48,10.63,0.0,3,3189,买盘
2161,14:03:51,10.63,0.0,62,65906,买盘
2162,14:03:57,10.64,0.01,9,9576,买盘
2163,14:04:04,10.64,0.0,5,5320,卖盘
2164,14:04:06,10.65,0.01,3,3195,买盘
2165,14:04:15,10.64,-0.01,6,6384,卖盘
2166,14:04:21,10.65,0.01,10,10650,买盘
2167,14:04:24,10.64,-0.01,5,5320,卖盘
2168,14:04:27,10.65,0.01,2,2130,买盘
2169,14:04:33,10.65,0.0,5,5325,买盘
2170,14:04:36,10.64,-0.01,5,5320,卖盘
2171,14:04:48,10.64,0.0,55,58520,卖盘
2172,14:04:57,10.64,0.0,6,6384,卖盘
2173,14:05:00,10.65,0.01,33,35145,买盘
2174,14:05:04,10.64,-0.01,100,106400,卖盘
2175,14:05:09,10.64,0.0,8,8512,卖盘
2176,14:05:19,10.64,0.0,37,39368,卖盘
2177,14:05:22,10.63,-0.01,6,6378,卖盘
2178,14:05:30,10.63,0.0,5,5315,卖盘
2179,14:05:42,10.63,0.0,5,5315,卖盘
2180,14:05:45,10.63,0.0,60,63780,卖盘
2181,14:05:48,10.63,0.0,3,3189,卖盘
2182,14:05:51,10.64,0.01,7,7445,买盘
2183,14:05:54,10.63,-0.01,5,5315,卖盘
2184,14:06:04,10.63,0.0,5,5315,卖盘
2185,14:06:15,10.63,0.0,5,5315,卖盘
2186,14:06:24,10.63,0.0,5,5315,卖盘
2187,14:06:27,10.62,-0.01,5,5310,卖盘
2188,14:06:36,10.62,0.0,5,5310,卖盘
2189,14:06:39,10.63,0.01,6,6378,买盘
2190,14:06:48,10.62,-0.01,5,5310,卖盘
2191,14:06:57,10.62,0.0,2,2124,卖盘
2192,14:07:00,10.62,0.0,5,5310,卖盘
2193,14:07:03,10.62,0.0,3,3186,卖盘
2194,14:07:07,10.62,0.0,5,5310,卖盘
2195,14:07:12,10.62,0.0,4,4248,卖盘
2196,14:07:21,10.62,0.0,5,5310,卖盘
2197,14:07:30,10.62,0.0,3,3186,卖盘
2198,14:07:33,10.62,0.0,6,6372,卖盘
2199,14:07:39,10.62,0.0,10,10620,卖盘
2200,14:07:45,10.62,0.0,4,4248,卖盘
2201,14:07:54,10.61,-0.01,114,121062,卖盘
2202,14:08:04,10.63,0.02,69,73314,买盘
2203,14:08:06,10.63,0.0,5,5315,卖盘
2204,14:08:18,10.63,0.0,53,56339,卖盘
2205,14:08:21,10.63,0.0,15,15945,买盘
2206,14:08:28,10.62,-0.01,5,5310,卖盘
2207,14:08:34,10.63,0.01,1,1063,买盘
2208,14:08:39,10.62,-0.01,6,6372,卖盘
2209,14:08:51,10.62,0.0,5,5310,卖盘
2210,14:08:57,10.63,0.01,3,3189,买盘
2211,14:09:00,10.62,-0.01,5,5310,卖盘
2212,14:09:12,10.62,0.0,5,5310,卖盘
2213,14:09:16,10.63,0.01,6,6378,买盘
2214,14:09:19,10.64,0.01,12,12768,买盘
2215,14:09:24,10.66,0.02,5,5330,卖盘
2216,14:09:27,10.68,0.02,85,90747,买盘
2217,14:09:30,10.7,0.02,135,144429,买盘
2218,14:09:33,10.67,-0.03,187,199736,卖盘
2219,14:09:36,10.67,0.0,14,14938,买盘
2220,14:09:42,10.66,-0.01,7,7465,卖盘
2221,14:09:45,10.66,0.0,5,5330,卖盘
2222,14:09:58,10.66,0.0,5,5330,卖盘
2223,14:10:06,10.66,0.0,15,15990,卖盘
2224,14:10:16,10.66,0.0,3,3198,卖盘
2225,14:10:18,10.66,0.0,14,14925,卖盘
2226,14:10:24,10.67,0.01,1,1067,买盘
2227,14:10:30,10.66,-0.01,6,6396,卖盘
2228,14:10:33,10.67,0.01,9,9603,买盘
2229,14:10:39,10.66,-0.01,28,29848,卖盘
2230,14:10:42,10.67,0.01,42,44809,买盘
2231,14:10:52,10.66,-0.01,5,5330,卖盘
2232,14:10:54,10.67,0.01,21,22407,买盘
2233,14:11:00,10.67,0.0,27,28809,买盘
2234,14:11:03,10.69,0.02,5,5345,中性盘
2235,14:11:09,10.71,0.02,11,11775,买盘
2236,14:11:12,10.73,0.02,150,160937,买盘
2237,14:11:21,10.71,-0.02,5,5355,卖盘
2238,14:11:34,10.71,0.0,23,24633,卖盘
2239,14:11:36,10.71,0.0,2,2142,卖盘
2240,14:11:39,10.72,0.01,2,2143,买盘
2241,14:12:00,10.71,-0.01,9,9639,卖盘
2242,14:12:03,10.72,0.01,33,36426,买盘
2243,14:12:18,10.73,0.01,9,9657,买盘
2244,14:12:21,10.73,0.0,8,8584,买盘
2245,14:12:24,10.73,0.0,4,4292,买盘
2246,14:12:27,10.73,0.0,6,6438,买盘
2247,14:12:48,10.72,-0.01,38,40756,卖盘
2248,14:13:12,10.72,0.0,146,156512,卖盘
2249,14:13:15,10.74,0.02,10,10735,买盘
2250,14:13:18,10.73,-0.01,3,3219,卖盘
2251,14:13:27,10.73,0.0,2,2146,卖盘
2252,14:13:30,10.73,0.0,3,3219,卖盘
2253,14:13:36,10.73,0.0,10,10730,卖盘
2254,14:13:39,10.73,0.0,1,1073,卖盘
2255,14:13:42,10.73,0.0,1,1073,卖盘
2256,14:14:06,10.73,0.0,15,16095,卖盘
2257,14:14:18,10.73,0.0,10,10730,卖盘
2258,14:14:30,10.73,0.0,18,18252,卖盘
2259,14:14:34,10.73,0.0,3,4281,买盘
2260,14:14:42,10.73,0.0,37,39701,卖盘
2261,14:14:45,10.73,0.0,3,3219,卖盘
2262,14:15:01,10.73,0.0,3,3219,卖盘
2263,14:15:06,10.73,0.0,100,107393,卖盘
2264,14:15:15,10.73,0.0,3,3219,卖盘
2265,14:15:36,10.73,0.0,20,21460,卖盘
2266,14:15:57,10.73,0.0,3,3219,卖盘
2267,14:16:22,10.73,0.0,10,10730,卖盘
2268,14:17:15,10.74,0.01,19,20406,买盘
2269,14:17:18,10.74,0.0,32,34380,卖盘
2270,14:17:21,10.75,0.01,2,2150,买盘
2271,14:17:39,10.75,0.0,11,11825,买盘
2272,14:18:18,10.74,-0.01,15,16110,卖盘
2273,14:18:42,10.73,-0.01,3,3219,卖盘
2274,14:19:12,10.73,0.0,3,3219,卖盘
2275,14:19:24,10.73,0.0,59,62245,卖盘
2276,14:19:27,10.73,0.0,8,8584,买盘
2277,14:19:39,10.72,-0.01,1,1072,卖盘
2278,14:19:54,10.72,0.0,30,32160,卖盘
2279,14:21:09,10.73,0.01,5,5365,买盘
2280,14:21:12,10.73,0.0,4,4292,买盘
2281,14:21:45,10.73,0.0,3,3219,买盘
2282,14:22:06,10.73,0.0,5,5365,买盘
2283,14:22:18,10.73,0.0,11,11793,买盘
2284,14:22:28,10.72,-0.01,20,21440,卖盘
2285,14:22:31,10.73,0.01,1,1073,买盘
2286,14:22:36,10.73,0.0,39,41847,买盘
2287,14:22:42,10.73,0.0,2,2146,买盘
2288,14:22:51,10.73,0.0,1,1073,买盘
2289,14:23:04,10.74,0.01,1,1074,买盘
2290,14:23:12,10.74,0.0,21,22534,买盘
2291,14:23:15,10.74,0.0,3,3222,买盘
2292,14:23:24,10.74,0.0,11,11815,卖盘
2293,14:23:33,10.75,0.01,2,2150,买盘
2294,14:23:36,10.74,-0.01,3,3222,卖盘
2295,14:23:39,10.75,0.01,19,20425,买盘
2296,14:23:45,10.75,0.0,22,23650,买盘
2297,14:23:48,10.75,0.0,20,21500,买盘
2298,14:23:51,10.75,0.0,3,3225,买盘
2299,14:23:57,10.75,0.0,22,23650,买盘
2300,14:24:06,10.75,0.0,1,1075,买盘
2301,14:24:09,10.75,0.0,1,1075,买盘
2302,14:24:21,10.75,0.0,1,1075,买盘
2303,14:24:24,10.75,0.0,31,33325,买盘
2304,14:24:27,10.75,0.0,22,23650,买盘
2305,14:24:30,10.75,0.0,1,1075,买盘
2306,14:24:33,10.75,0.0,2,2150,买盘
2307,14:24:36,10.75,0.0,1,1075,买盘
2308,14:24:39,10.75,0.0,1,1075,买盘
2309,14:24:42,10.75,0.0,3,3225,买盘
2310,14:24:45,10.75,0.0,1,1075,买盘
2311,14:24:48,10.75,0.0,1,1075,买盘
2312,14:24:51,10.75,0.0,1,1075,买盘
2313,14:25:04,10.76,0.01,31,33326,买盘
2314,14:25:15,10.76,0.0,1,1076,买盘
2315,14:25:24,10.76,0.0,2,2152,买盘
2316,14:25:39,10.76,0.0,1,1076,买盘
2317,14:25:45,10.76,0.0,1,1076,买盘
2318,14:26:00,10.76,0.0,1,1076,买盘
2319,14:26:09,10.76,0.0,1,1076,买盘
2320,14:26:21,10.76,0.0,4,4304,买盘
2321,14:26:33,10.76,0.0,1,1076,买盘
2322,14:26:36,10.76,0.0,1,1076,买盘
2323,14:26:42,10.76,0.0,1,1076,买盘
2324,14:26:54,10.76,0.0,1,1076,买盘
2325,14:27:04,10.76,0.0,13,13988,买盘
2326,14:27:06,10.76,0.0,1,1076,买盘
2327,14:27:15,10.76,0.0,2,2152,买盘
2328,14:27:27,10.76,0.0,1,1076,买盘
2329,14:27:39,10.76,0.0,1,1076,买盘
2330,14:27:49,10.76,0.0,1,1076,买盘
2331,14:27:52,10.76,0.0,4,4304,买盘
2332,14:27:55,10.75,-0.01,20,21500,卖盘
2333,14:27:57,10.75,0.0,17,18275,卖盘
2334,14:28:00,10.76,0.01,2,2152,买盘
2335,14:28:06,10.75,-0.01,10,10750,卖盘
2336,14:28:12,10.76,0.01,1,1076,买盘
2337,14:28:21,10.75,-0.01,57,61275,卖盘
2338,14:28:24,10.75,0.0,53,56975,买盘
2339,14:28:36,10.75,0.0,1,1075,买盘
2340,14:28:45,10.75,0.0,1,1075,买盘
2341,14:28:54,10.75,0.0,63,67675,买盘
2342,14:29:00,10.74,-0.01,43,46182,卖盘
2343,14:29:04,10.74,0.0,12,12888,买盘
2344,14:29:06,10.74,0.0,2,2148,买盘
2345,14:29:09,10.74,0.0,1,1074,买盘
2346,14:29:15,10.74,0.0,1,1074,买盘
2347,14:29:18,10.73,-0.01,10,10730,卖盘
2348,14:29:27,10.73,0.0,5,5365,卖盘
2349,14:29:31,10.74,0.01,1,1074,买盘
2350,14:29:42,10.74,0.0,1,1074,买盘
2351,14:29:48,10.74,0.0,2,2148,买盘
2352,14:30:00,10.73,-0.01,31,33263,卖盘
2353,14:30:03,10.74,0.01,1,1074,买盘
2354,14:30:16,10.74,0.0,1,1074,买盘
2355,14:30:21,10.74,0.0,1,1074,买盘
2356,14:30:24,10.73,-0.01,1,1073,卖盘
2357,14:30:33,10.74,0.01,1,1074,买盘
2358,14:30:42,10.73,-0.01,1,1073,卖盘
2359,14:30:45,10.73,0.0,50,53650,卖盘
2360,14:30:48,10.74,0.01,1,1074,买盘
2361,14:30:51,10.73,-0.01,5,5365,卖盘
2362,14:31:00,10.74,0.01,2,2148,买盘
2363,14:31:04,10.73,-0.01,11,10741,卖盘
2364,14:31:06,10.73,0.0,17,18241,买盘
2365,14:31:09,10.73,0.0,1,1073,买盘
2366,14:31:18,10.73,0.0,1,1073,买盘
2367,14:31:30,10.73,0.0,1,1073,买盘
2368,14:31:42,10.73,0.0,2,2146,买盘
2369,14:31:52,10.73,0.0,1,1073,买盘
2370,14:32:00,10.73,0.0,1,1073,买盘
2371,14:32:03,10.72,-0.01,4,4288,卖盘
2372,14:32:15,10.73,0.01,1,1073,买盘
2373,14:32:24,10.73,0.0,12,12876,买盘
2374,14:32:27,10.73,0.0,1,1073,买盘
2375,14:32:36,10.74,0.01,2,2147,卖盘
2376,14:32:48,10.74,0.0,1,1074,买盘
2377,14:33:00,10.7,-0.04,417,446538,卖盘
2378,14:33:03,10.7,0.0,159,170134,卖盘
2379,14:33:06,10.7,0.0,53,56710,买盘
2380,14:33:10,10.7,0.0,22,23540,买盘
2381,14:33:13,10.7,0.0,983,1051958,买盘
2382,14:33:21,10.74,0.04,1,1074,买盘
2383,14:33:24,10.72,-0.02,45,48240,卖盘
2384,14:33:27,10.73,0.01,8,8579,买盘
2385,14:33:33,10.73,0.0,2,2146,买盘
2386,14:33:43,10.73,0.0,12,12876,买盘
2387,14:33:54,10.73,0.0,1,1073,买盘
2388,14:34:00,10.8,0.07,611,657352,买盘
2389,14:34:03,10.81,0.01,1,1081,买盘
2390,14:34:09,10.8,-0.01,440,475235,卖盘
2391,14:34:12,10.8,0.0,5,5400,卖盘
2392,14:34:15,10.81,0.01,5,5404,买盘
2393,14:34:18,10.8,-0.01,17,18373,卖盘
2394,14:34:24,10.8,0.0,9,9720,买盘
2395,14:34:27,10.8,0.0,1,1080,卖盘
2396,14:34:31,10.8,0.0,21,22680,卖盘
2397,14:34:33,10.8,0.0,1,1080,卖盘
2398,14:34:36,10.81,0.01,2,2162,买盘
2399,14:34:39,10.81,0.0,3,3242,买盘
2400,14:34:42,10.8,-0.01,1,1080,卖盘
2401,14:34:46,10.8,0.0,20,21600,买盘
2402,14:34:48,10.8,0.0,1,1080,买盘
2403,14:34:57,10.85,0.05,782,847206,买盘
2404,14:35:00,10.85,0.0,2,2170,卖盘
2405,14:35:06,10.95,0.1,467,509711,买盘
2406,14:35:09,10.85,-0.1,57,62217,卖盘
2407,14:35:24,10.94,0.09,20,21880,买盘
2408,14:35:31,11.0,0.06,915,1005209,买盘
2409,14:35:33,11.0,0.0,32,35200,卖盘
2410,14:35:36,11.01,0.01,10,11010,买盘
2411,14:35:39,11.0,-0.01,142,156305,卖盘
2412,14:35:43,11.0,0.0,6,6600,买盘
2413,14:35:48,10.98,-0.02,10,10980,中性盘
2414,14:35:54,10.97,-0.01,3,3291,卖盘
2415,14:36:04,11.0,0.03,328,360509,买盘
2416,14:36:06,11.0,0.0,177,194700,卖盘
2417,14:36:15,10.98,-0.02,30,32940,买盘
2418,14:36:18,10.98,0.0,4,4389,买盘
2419,14:36:21,10.97,-0.01,12,13164,卖盘
2420,14:36:30,10.97,0.0,25,27430,卖盘
2421,14:36:33,10.94,-0.03,12,13158,卖盘
2422,14:36:36,10.94,0.0,2,2188,买盘
2423,14:36:39,10.94,0.0,10,10940,买盘
2424,14:37:00,10.86,-0.08,4,4353,卖盘
2425,14:37:03,10.92,0.06,1,1092,买盘
2426,14:37:06,10.92,0.0,22,24024,买盘
2427,14:37:12,10.92,0.0,7,7629,买盘
2428,14:37:21,10.92,0.0,1,1092,买盘
2429,14:37:24,10.9,-0.02,2,2180,卖盘
2430,14:37:30,10.87,-0.03,8,8696,卖盘
2431,14:37:42,10.9,0.03,5,5450,卖盘
2432,14:37:45,10.92,0.02,1,1092,买盘
2433,14:37:48,10.87,-0.05,26,28262,卖盘
2434,14:37:51,10.92,0.05,15,16378,买盘
2435,14:37:54,10.87,-0.05,12,13044,卖盘
2436,14:37:57,11.0,0.13,1000,1097726,买盘
2437,14:38:00,11.02,0.02,518,569852,买盘
2438,14:38:04,10.91,-0.11,6,7152,卖盘
2439,14:38:06,11.01,0.1,2,2202,中性盘
2440,14:38:09,11.01,0.0,10,11010,买盘
2441,14:38:12,11.0,-0.01,1,1100,中性盘
2442,14:38:27,11.0,0.0,251,276012,买盘
2443,14:38:30,11.05,0.05,1070,1178765,买盘
2444,14:38:33,11.05,0.0,602,663377,买盘
2445,14:38:36,11.05,0.0,591,653055,卖盘
2446,14:38:39,11.02,-0.03,1,1102,中性盘
2447,14:38:42,11.09,0.07,450,498338,买盘
2448,14:38:45,11.02,-0.07,46,50692,买盘
2449,14:38:48,11.02,0.0,5,5510,买盘
2450,14:38:51,11.02,0.0,4,4406,买盘
2451,14:39:00,11.01,-0.01,16,17629,卖盘
2452,14:39:04,11.02,0.01,8,8809,买盘
2453,14:39:06,11.02,0.0,1,1102,买盘
2454,14:39:09,11.01,-0.01,10,11010,买盘
2455,14:39:15,11.0,-0.01,59,64901,卖盘
2456,14:39:18,11.0,0.0,13,14300,卖盘
2457,14:39:24,11.0,0.0,1,1100,买盘
2458,14:39:33,10.95,-0.05,2,2190,卖盘
2459,14:39:39,10.99,0.04,21,23079,买盘
2460,14:39:42,10.95,-0.04,9,9861,卖盘
2461,14:39:45,10.95,0.0,5,5479,卖盘
2462,14:39:48,10.99,0.04,23,25265,买盘
2463,14:39:51,10.95,-0.04,4,4380,卖盘
2464,14:39:54,10.99,0.04,15,16429,买盘
2465,14:39:57,10.98,-0.01,1,1098,中性盘
2466,14:40:00,10.97,-0.01,5,5485,卖盘
2467,14:40:03,10.98,0.01,2,2196,买盘
2468,14:40:06,11.0,0.02,100,109857,买盘
2469,14:40:09,11.05,0.05,345,380577,买盘
2470,14:40:13,11.06,0.01,25,27645,买盘
2471,14:40:16,11.08,0.02,337,373137,买盘
2472,14:40:19,11.08,0.0,89,98643,卖盘
2473,14:40:22,11.08,0.0,76,84246,卖盘
2474,14:40:25,11.09,0.01,7,7761,买盘
2475,14:40:27,11.08,-0.01,20,22165,卖盘
2476,14:40:30,11.08,0.0,36,39893,卖盘
2477,14:40:33,11.09,0.01,24,26594,买盘
2478,14:40:36,11.11,0.02,1191,1321504,买盘
2479,14:40:39,11.13,0.02,306,339961,买盘
2480,14:40:42,11.1,-0.03,15,16635,中性盘
2481,14:40:46,11.09,-0.01,48,53373,卖盘
2482,14:40:48,11.09,0.0,17,18850,买盘
2483,14:40:54,11.07,-0.02,70,77589,卖盘
2484,14:40:57,11.08,0.01,1,1108,卖盘
2485,14:41:00,11.08,0.0,35,38786,卖盘
2486,14:41:06,11.08,0.0,11,12189,卖盘
2487,14:41:09,11.09,0.01,7,7763,买盘
2488,14:41:12,11.09,0.0,112,124135,买盘
2489,14:41:15,11.09,0.0,81,89831,卖盘
2490,14:41:18,11.09,0.0,10,11090,卖盘
2491,14:41:21,11.09,0.0,27,29943,卖盘
2492,14:41:25,11.09,0.0,31,34380,卖盘
2493,14:41:28,11.09,0.0,30,33270,卖盘
2494,14:41:33,11.09,0.0,173,191857,卖盘
2495,14:41:36,11.1,0.01,46,51027,买盘
2496,14:41:39,11.09,-0.01,32,35488,卖盘
2497,14:41:42,11.09,0.0,24,26616,买盘
2498,14:41:48,11.09,0.0,1,1109,买盘
2499,14:41:52,11.08,-0.01,20,22160,卖盘
2500,14:41:58,11.09,0.01,90,99810,买盘
2501,14:42:01,11.09,0.0,159,176173,买盘
2502,14:42:04,11.08,-0.01,20,22160,卖盘
2503,14:42:06,11.08,0.0,20,22160,买盘
2504,14:42:09,11.08,0.0,1,1108,买盘
2505,14:42:15,11.07,-0.01,43,47641,卖盘
2506,14:42:18,11.08,0.01,1,1108,买盘
2507,14:42:21,11.07,-0.01,83,91925,卖盘
2508,14:42:24,11.07,0.0,83,91881,卖盘
2509,14:42:28,11.07,0.0,3,3321,卖盘
2510,14:42:30,11.08,0.01,1,1108,买盘
2511,14:42:33,11.07,-0.01,43,47601,卖盘
2512,14:42:36,11.07,0.0,69,76383,卖盘
2513,14:42:39,11.07,0.0,18,19926,买盘
2514,14:42:42,11.06,-0.01,1,1106,卖盘
2515,14:42:45,11.07,0.01,1,1107,买盘
2516,14:42:48,11.07,0.0,10,11070,买盘
2517,14:42:51,11.07,0.0,5,5535,买盘
2518,14:42:54,11.07,0.0,1,1107,买盘
2519,14:42:58,11.06,-0.01,1,1106,卖盘
2520,14:43:00,11.07,0.01,84,92967,买盘
2521,14:43:04,11.06,-0.01,179,198020,卖盘
2522,14:43:06,11.07,0.01,115,127192,买盘
2523,14:43:09,11.07,0.0,89,98523,买盘
2524,14:43:12,11.06,-0.01,62,68572,卖盘
2525,14:43:15,11.06,0.0,10,11060,卖盘
2526,14:43:18,11.06,0.0,10,11061,卖盘
2527,14:43:21,11.06,0.0,44,48675,买盘
2528,14:43:25,11.06,0.0,19,21014,买盘
2529,14:43:27,11.06,0.0,1,1106,买盘
2530,14:43:31,11.06,0.0,3,3318,买盘
2531,14:43:34,11.06,0.0,1,1106,卖盘
2532,14:43:36,11.06,0.0,20,22121,卖盘
2533,14:43:39,11.07,0.01,10,11061,买盘
2534,14:43:42,11.06,-0.01,19,21014,卖盘
2535,14:43:45,11.06,0.0,73,80738,卖盘
2536,14:43:48,11.06,0.0,51,56402,卖盘
2537,14:43:51,11.06,0.0,25,27649,买盘
2538,14:43:57,11.02,-0.04,4,4414,卖盘
2539,14:44:01,11.06,0.04,38,42025,买盘
2540,14:44:04,11.0,-0.06,23,25320,卖盘
2541,14:44:09,11.0,0.0,8,8806,卖盘
2542,14:44:12,11.0,0.0,37,40700,买盘
2543,14:44:15,10.99,-0.01,24,26395,卖盘
2544,14:44:18,11.0,0.01,29,31900,买盘
2545,14:44:21,11.0,0.0,16,17600,买盘
2546,14:44:30,11.05,0.05,3,3315,买盘
2547,14:44:34,11.03,-0.02,5,5524,卖盘
2548,14:44:36,11.05,0.02,2,2208,买盘
2549,14:44:39,11.0,-0.05,7,7702,卖盘
2550,14:44:42,11.05,0.05,2,2210,买盘
2551,14:44:45,11.03,-0.02,1,1103,中性盘
2552,14:44:51,11.0,-0.03,7,7706,卖盘
2553,14:44:57,11.03,0.03,2,2206,买盘
2554,14:45:00,11.03,0.0,19,20906,买盘
2555,14:45:06,11.03,0.0,1,1103,买盘
2556,14:45:13,11.03,0.0,29,31945,买盘
2557,14:45:22,11.0,-0.03,12,13221,卖盘
2558,14:45:25,11.0,0.0,20,22000,卖盘
2559,14:45:30,11.02,0.02,9,9918,中性盘
2560,14:45:36,11.0,-0.02,7,7700,卖盘
2561,14:45:39,11.02,0.02,1,1102,买盘
2562,14:45:42,11.02,0.0,3,3306,买盘
2563,14:45:45,11.02,0.0,8,8816,买盘
2564,14:45:49,11.0,-0.02,1,1100,卖盘
2565,14:45:51,11.02,0.02,3,3306,买盘
2566,14:46:00,11.02,0.0,5,5508,买盘
2567,14:46:03,11.0,-0.02,5,5500,卖盘
2568,14:46:06,11.02,0.02,20,22040,买盘
2569,14:46:12,11.02,0.0,7,7714,买盘
2570,14:46:15,11.0,-0.02,3,3300,卖盘
2571,14:46:21,11.02,0.02,4,4408,买盘
2572,14:46:24,11.0,-0.02,29,31900,卖盘
2573,14:46:27,11.0,0.0,5,5500,卖盘
2574,14:46:30,11.02,0.02,31,34150,买盘
2575,14:46:33,11.02,0.0,1,1102,买盘
2576,14:46:39,11.0,-0.02,18,19800,卖盘
2577,14:46:42,11.01,0.01,7,7707,买盘
2578,14:46:45,11.0,-0.01,51,56101,卖盘
2579,14:46:51,11.0,0.0,21,23117,卖盘
2580,14:46:54,11.0,0.0,2,2200,买盘
2581,14:46:57,10.99,-0.01,23,25277,卖盘
2582,14:47:00,10.99,0.0,10,10990,买盘
2583,14:47:06,10.99,0.0,1,1099,买盘
2584,14:47:09,10.98,-0.01,12,13176,卖盘
2585,14:47:12,10.98,0.0,8,8779,买盘
2586,14:47:18,10.98,0.0,1,1098,买盘
2587,14:47:21,10.98,0.0,21,23058,买盘
2588,14:47:25,10.98,0.0,11,12078,卖盘
2589,14:47:27,10.97,-0.01,1,1097,买盘
2590,14:47:30,10.97,0.0,8,8776,买盘
2591,14:47:36,10.97,0.0,19,20843,买盘
2592,14:47:39,10.96,-0.01,11,12057,卖盘
2593,14:47:42,10.97,0.01,6,6577,买盘
2594,14:47:48,10.97,0.0,5,5481,买盘
2595,14:47:51,10.97,0.0,7,7679,买盘
2596,14:47:54,10.96,-0.01,2,2192,买盘
2597,14:47:57,10.95,-0.01,35,38360,卖盘
2598,14:48:00,10.97,0.02,10,10970,买盘
2599,14:48:04,10.95,-0.02,6,6571,卖盘
2600,14:48:06,10.95,0.0,2,2190,卖盘
2601,14:48:09,10.96,0.01,27,29592,中性盘
2602,14:48:12,10.97,0.01,4,4388,买盘
2603,14:48:15,10.96,-0.01,8,8768,卖盘
2604,14:48:21,10.95,-0.01,22,24112,卖盘
2605,14:48:24,10.97,0.02,55,60335,买盘
2606,14:48:30,10.95,-0.02,171,187238,卖盘
2607,14:48:36,10.94,-0.01,7,7658,卖盘
2608,14:48:40,10.94,0.0,54,59076,卖盘
2609,14:48:42,10.94,0.0,42,45985,卖盘
2610,14:48:45,10.92,-0.02,6,6552,卖盘
2611,14:48:51,10.92,0.0,39,42690,卖盘
2612,14:48:54,10.91,-0.01,93,101530,卖盘
2613,14:48:57,10.95,0.04,38,41610,买盘
2614,14:49:00,10.95,0.0,40,43752,买盘
2615,14:49:04,10.91,-0.04,10,10910,卖盘
2616,14:49:06,10.9,-0.01,90,98156,卖盘
2617,14:49:12,10.9,0.0,49,53486,卖盘
2618,14:49:15,10.92,0.02,6,6552,买盘
2619,14:49:18,10.92,0.0,5,5460,买盘
2620,14:49:21,10.92,0.0,18,19649,买盘
2621,14:49:30,10.95,0.03,13,14205,买盘
2622,14:49:36,10.95,0.0,27,29544,买盘
2623,14:49:39,10.92,-0.03,1,1092,卖盘
2624,14:49:42,10.92,0.0,14,15281,买盘
2625,14:49:48,10.92,0.0,5,5460,买盘
2626,14:49:51,10.92,0.0,16,17465,买盘
2627,14:49:54,10.92,0.0,5,5460,买盘
2628,14:49:57,10.91,-0.01,1,1091,卖盘
2629,14:50:01,10.92,0.01,36,39302,买盘
2630,14:50:06,10.91,-0.01,15,16365,卖盘
2631,14:50:12,10.91,0.0,36,39283,卖盘
2632,14:50:21,10.9,-0.01,56,61101,卖盘
2633,14:50:27,10.9,0.0,13,14185,卖盘
2634,14:50:30,10.92,0.02,117,127558,买盘
2635,14:50:33,10.92,0.0,1,1092,买盘
2636,14:50:42,10.91,-0.01,47,51302,卖盘
2637,14:50:51,10.91,0.0,17,18562,卖盘
2638,14:51:04,10.92,0.01,25,27300,买盘
2639,14:51:06,10.92,0.0,4,4368,买盘
2640,14:51:09,10.92,0.0,2,2184,买盘
2641,14:51:12,10.92,0.0,10,10920,买盘
2642,14:51:16,10.92,0.0,7,7644,买盘
2643,14:51:21,10.94,0.02,11,12022,买盘
2644,14:51:31,10.92,-0.02,14,15288,卖盘
2645,14:51:34,10.93,0.01,2,2186,买盘
2646,14:51:37,10.93,0.0,3,3279,买盘
2647,14:51:39,10.93,0.0,4,4372,买盘
2648,14:51:42,10.93,0.0,8,8744,买盘
2649,14:51:45,10.95,0.02,350,382859,买盘
2650,14:51:52,10.95,0.0,326,356970,买盘
2651,14:51:54,10.95,0.0,1,1095,买盘
2652,14:51:57,10.95,0.0,1,1095,买盘
2653,14:52:00,10.95,0.0,37,40515,买盘
2654,14:52:04,10.95,0.0,19,20805,买盘
2655,14:52:09,10.97,0.02,6,6582,买盘
2656,14:52:13,10.97,0.0,7,7679,买盘
2657,14:52:15,10.97,0.0,4,4388,卖盘
2658,14:52:21,10.97,0.0,3,3293,卖盘
2659,14:52:33,10.97,0.0,5,5477,买盘
2660,14:52:40,10.97,0.0,2,2194,买盘
2661,14:52:42,10.97,0.0,1,1097,买盘
2662,14:52:48,10.95,-0.02,45,49275,卖盘
2663,14:52:54,10.95,0.0,7,7665,买盘
2664,14:53:01,10.95,0.0,8,8760,买盘
2665,14:53:04,10.95,0.0,10,10950,买盘
2666,14:53:09,10.94,-0.01,2,2188,卖盘
2667,14:53:12,10.95,0.01,4,4380,买盘
2668,14:53:22,10.95,0.0,1,1095,买盘
2669,14:53:24,10.95,0.0,10,10950,买盘
2670,14:53:31,10.94,-0.01,1,1094,卖盘
2671,14:53:34,10.95,0.01,12,13130,买盘
2672,14:53:37,10.95,0.0,195,213525,买盘
2673,14:53:39,10.95,0.0,3,3285,卖盘
2674,14:53:42,10.97,0.02,40,43880,买盘
2675,14:53:45,10.95,-0.02,1,1095,卖盘
2676,14:53:54,10.96,0.01,41,44943,卖盘
2677,14:53:57,11.0,0.04,462,507703,买盘
2678,14:54:04,11.0,0.0,98,107893,卖盘
2679,14:54:07,11.0,0.0,5,5500,卖盘
2680,14:54:10,11.0,0.0,18,19813,卖盘
2681,14:54:12,11.0,0.0,33,36317,卖盘
2682,14:54:15,11.0,0.0,4,4400,卖盘
2683,14:54:21,11.0,0.0,34,37405,卖盘
2684,14:54:25,11.01,0.01,92,101285,买盘
2685,14:54:30,11.01,0.0,30,33027,买盘
2686,14:54:33,11.0,-0.01,26,28621,卖盘
2687,14:54:37,11.0,0.0,12,13200,买盘
2688,14:54:42,11.0,0.0,10,11000,买盘
2689,14:54:46,11.0,0.0,44,48400,买盘
2690,14:54:48,10.96,-0.04,13,14296,卖盘
2691,14:54:57,10.96,0.0,1,1096,卖盘
2692,14:55:01,10.96,0.0,21,23060,卖盘
2693,14:55:06,11.0,0.04,6,6602,买盘
2694,14:55:09,11.01,0.01,55,60434,买盘
2695,14:55:18,10.97,-0.04,3,3291,卖盘
2696,14:55:21,11.0,0.03,25,27500,买盘
2697,14:55:24,11.0,0.0,1,1100,卖盘
2698,14:55:28,11.0,0.0,27,29700,卖盘
2699,14:55:36,10.98,-0.02,1,1098,卖盘
2700,14:55:40,10.97,-0.01,1,1097,卖盘
2701,14:55:55,11.0,0.03,21,23100,买盘
2702,14:56:12,10.99,-0.01,1,1099,买盘
2703,14:56:16,10.99,0.0,15,16485,买盘
2704,14:56:21,10.98,-0.01,5,5490,卖盘
2705,14:56:27,10.99,0.01,85,93390,买盘
2706,14:56:31,10.99,0.0,10,10990,买盘
2707,14:56:39,11.0,0.01,46,50595,买盘
2708,14:56:43,11.0,0.0,1,1100,卖盘
2709,14:56:45,11.0,0.0,2,2200,卖盘
2710,14:56:52,11.0,0.0,149,163900,卖盘
2711,14:56:54,10.97,-0.03,11,12085,卖盘
2712,15:00:04,10.97,0.0,529,580313,卖盘
