,time,price,change,volume,amount,type
0,09:25:04,34.0,-0.75,208,707200,卖盘
1,09:30:00,33.9,-0.1,34,115214,卖盘
2,09:30:05,33.9,0.0,300,1015798,卖盘
3,09:30:07,33.96,0.06,52,176338,买盘
4,09:30:09,33.9,-0.06,30,101722,买盘
5,09:30:13,33.8,-0.1,10,33795,卖盘
6,09:30:16,33.8,0.0,18,60840,买盘
7,09:30:19,33.68,-0.12,16,53910,卖盘
8,09:30:21,33.71,0.03,5,16855,买盘
9,09:30:24,33.71,0.0,33,111201,买盘
10,09:30:27,33.67,-0.04,29,97697,卖盘
11,09:30:31,33.67,0.0,26,87527,买盘
12,09:30:33,33.67,0.0,42,141359,买盘
13,09:30:37,33.56,-0.11,99,332615,卖盘
14,09:30:40,33.6,0.04,68,228377,中性盘
15,09:30:43,33.49,-0.11,58,194409,卖盘
16,09:30:46,33.5,0.01,99,331410,中性盘
17,09:30:51,33.47,-0.03,8,26772,中性盘
18,09:30:55,33.39,-0.08,57,190079,卖盘
19,09:30:58,33.49,0.1,10,33447,买盘
20,09:31:01,33.31,-0.18,51,170127,卖盘
21,09:31:04,33.4,0.09,37,123476,买盘
22,09:31:07,33.4,0.0,18,60070,买盘
23,09:31:09,33.44,0.04,8,26728,中性盘
24,09:31:13,33.45,0.01,37,123625,买盘
25,09:31:15,33.39,-0.06,30,100202,卖盘
26,09:31:18,33.35,-0.04,42,140341,卖盘
27,09:31:22,33.5,0.15,1,3350,中性盘
28,09:31:25,33.46,-0.04,5,16726,买盘
29,09:31:28,33.55,0.09,15,50133,买盘
30,09:31:30,33.55,0.0,51,170467,买盘
31,09:31:34,33.55,0.0,1,3355,卖盘
32,09:31:37,33.71,0.16,10,33643,买盘
33,09:31:46,33.9,0.19,14,47330,买盘
34,09:31:49,33.66,-0.24,6,20266,卖盘
35,09:31:55,33.66,0.0,5,16830,卖盘
36,09:31:58,33.69,0.03,9,30303,中性盘
37,09:32:01,33.8,0.11,10,33799,买盘
38,09:32:04,33.79,-0.01,6,20274,卖盘
39,09:32:07,33.79,0.0,2,6759,卖盘
40,09:32:10,33.79,0.0,20,67573,卖盘
41,09:32:12,33.8,0.01,31,104754,买盘
42,09:32:16,33.8,0.0,1,3380,买盘
43,09:32:19,33.66,-0.14,9,30348,卖盘
44,09:32:22,33.79,0.13,11,37179,中性盘
45,09:32:31,33.78,-0.01,10,33762,买盘
46,09:32:34,33.73,-0.05,32,107757,卖盘
47,09:32:36,33.75,0.02,8,26994,买盘
48,09:32:40,33.62,-0.13,13,43788,卖盘
49,09:32:43,33.73,0.11,8,26981,买盘
50,09:32:46,33.73,0.0,1,3373,买盘
51,09:32:49,33.67,-0.06,1,3367,卖盘
52,09:32:52,33.7,0.03,13,43780,买盘
53,09:32:55,33.7,0.0,13,43810,买盘
54,09:32:57,33.65,-0.05,33,111124,卖盘
55,09:33:01,33.65,0.0,29,97637,卖盘
56,09:33:04,33.66,0.01,7,23562,卖盘
57,09:33:07,33.67,0.01,13,43759,买盘
58,09:33:10,33.66,-0.01,18,60599,卖盘
59,09:33:12,33.66,0.0,9,30294,买盘
60,09:33:16,33.65,-0.01,52,174998,卖盘
61,09:33:19,33.65,0.0,45,151432,卖盘
62,09:33:22,33.65,0.0,38,127870,卖盘
63,09:33:27,33.62,-0.03,15,50460,卖盘
64,09:33:30,33.61,-0.01,9,30258,卖盘
65,09:33:37,33.62,0.01,1,3362,买盘
66,09:33:40,33.61,-0.01,23,77319,卖盘
67,09:33:43,33.61,0.0,8,26894,卖盘
68,09:33:46,33.61,0.0,12,40340,卖盘
69,09:33:49,33.61,0.0,1,3361,买盘
70,09:33:52,33.6,-0.01,58,194889,卖盘
71,09:33:54,33.58,-0.02,10,33594,卖盘
72,09:33:58,33.6,0.02,12,40320,买盘
73,09:34:01,33.61,0.01,30,100826,买盘
74,09:34:04,33.61,0.0,13,43698,卖盘
75,09:34:07,33.64,0.03,36,120958,买盘
76,09:34:09,33.58,-0.06,8,26879,中性盘
77,09:34:13,33.6,0.02,11,36940,买盘
78,09:34:16,33.6,0.0,16,53760,买盘
79,09:34:19,33.58,-0.02,4,13436,卖盘
80,09:34:21,33.6,0.02,3,10080,买盘
81,09:34:24,33.6,0.0,9,30243,买盘
82,09:34:28,33.6,0.0,8,26884,卖盘
83,09:34:31,33.64,0.04,5,16808,买盘
84,09:34:34,33.64,0.0,2,6729,卖盘
85,09:34:36,33.6,-0.04,35,117660,卖盘
86,09:34:39,33.64,0.04,17,57195,中性盘
87,09:34:43,33.64,0.0,10,33640,买盘
88,09:34:46,33.63,-0.01,2,6727,中性盘
89,09:34:49,33.63,0.0,3,10084,买盘
90,09:34:52,33.6,-0.03,26,87361,卖盘
91,09:34:55,33.62,0.02,4,13446,买盘
92,09:34:57,33.63,0.01,2,6725,买盘
93,09:35:01,33.64,0.01,15,50447,买盘
94,09:35:06,33.65,0.01,1,3365,卖盘
95,09:35:09,33.7,0.05,2,6740,买盘
96,09:35:16,33.72,0.02,1,3372,买盘
97,09:35:22,33.72,0.0,14,47204,买盘
98,09:35:25,33.72,0.0,2,6744,买盘
99,09:35:28,33.72,0.0,3,10116,卖盘
100,09:35:31,33.78,0.06,12,40534,买盘
101,09:35:33,33.79,0.01,8,27025,买盘
102,09:35:37,33.77,-0.02,19,64213,卖盘
103,09:35:40,33.85,0.08,3,10137,买盘
104,09:35:43,33.8,-0.05,11,37224,卖盘
105,09:35:46,33.85,0.05,6,20310,中性盘
106,09:35:49,33.84,-0.01,5,16920,中性盘
107,09:35:52,33.86,0.02,11,37227,买盘
108,09:35:55,33.8,-0.06,62,209567,卖盘
109,09:35:57,33.8,0.0,9,30420,买盘
110,09:36:04,33.86,0.06,3,10151,买盘
111,09:36:07,33.8,-0.06,8,27050,卖盘
112,09:36:16,33.88,0.08,53,179401,买盘
113,09:36:18,33.85,-0.03,1,3385,中性盘
114,09:36:22,33.85,0.0,15,50777,卖盘
115,09:36:31,33.88,0.03,57,193072,买盘
116,09:36:34,33.86,-0.02,32,108380,卖盘
117,09:36:37,33.85,-0.01,14,47395,卖盘
118,09:36:40,33.86,0.01,27,91366,买盘
119,09:36:43,33.8,-0.06,15,50720,卖盘
120,09:36:46,33.73,-0.07,28,94536,卖盘
121,09:36:49,33.8,0.07,15,50699,买盘
122,09:36:52,33.65,-0.15,108,364500,卖盘
123,09:36:55,33.65,0.0,7,23555,买盘
124,09:36:58,33.63,-0.02,31,104344,卖盘
125,09:37:01,33.7,0.07,5,16829,买盘
126,09:37:04,33.65,-0.05,27,90912,中性盘
127,09:37:10,33.65,0.0,14,47126,卖盘
128,09:37:12,33.61,-0.04,11,36976,卖盘
129,09:37:16,33.75,0.14,24,80850,买盘
130,09:37:19,33.65,-0.1,2,6734,卖盘
131,09:37:22,33.68,0.03,25,84263,买盘
132,09:37:25,33.75,0.07,1,3375,买盘
133,09:37:27,33.75,0.0,1,3375,买盘
134,09:37:30,33.8,0.05,6,20259,买盘
135,09:37:37,33.75,-0.05,10,33750,卖盘
136,09:37:43,33.75,0.0,8,27000,卖盘
137,09:37:46,33.75,0.0,1,3375,卖盘
138,09:37:48,33.75,0.0,11,37133,卖盘
139,09:37:54,33.75,0.0,2,6750,卖盘
140,09:37:58,33.75,0.0,15,50633,卖盘
141,09:38:00,33.75,0.0,9,30383,卖盘
142,09:38:04,33.75,0.0,24,81000,卖盘
143,09:38:07,33.8,0.05,20,69786,卖盘
144,09:38:10,33.8,0.0,12,40560,卖盘
145,09:38:19,33.85,0.05,5,16925,买盘
146,09:38:22,33.85,0.0,9,30427,买盘
147,09:38:25,33.8,-0.05,11,34983,卖盘
148,09:38:28,33.82,0.02,2,6763,卖盘
149,09:38:34,33.8,-0.02,2,6760,买盘
150,09:38:37,33.8,0.0,2,6760,卖盘
151,09:38:40,33.77,-0.03,11,37150,中性盘
152,09:38:43,33.81,0.04,4,13521,买盘
153,09:38:46,33.81,0.0,5,16905,买盘
154,09:38:49,33.75,-0.06,7,23627,卖盘
155,09:38:52,33.72,-0.03,6,20234,卖盘
156,09:38:55,33.72,0.0,2,6744,买盘
157,09:38:58,33.65,-0.07,71,239162,卖盘
158,09:39:01,33.72,0.07,7,23604,买盘
159,09:39:04,33.7,-0.02,9,30346,卖盘
160,09:39:07,33.72,0.02,15,50553,买盘
161,09:39:10,33.65,-0.07,5,16830,卖盘
162,09:39:13,33.72,0.07,1,3372,卖盘
163,09:39:16,33.7,-0.02,1,3370,买盘
164,09:39:19,33.7,0.0,4,13480,买盘
165,09:39:21,33.7,0.0,5,16850,买盘
166,09:39:24,33.65,-0.05,9,30301,卖盘
167,09:39:28,33.7,0.05,46,154925,买盘
168,09:39:31,33.7,0.0,80,269600,卖盘
169,09:39:33,33.76,0.06,2,6751,买盘
170,09:39:40,33.7,-0.06,1,3370,买盘
171,09:39:43,33.7,0.0,3,10110,买盘
172,09:39:46,33.76,0.06,4,13483,买盘
173,09:39:49,33.76,0.0,1,3376,买盘
174,09:39:51,33.76,0.0,1,3376,买盘
175,09:39:55,33.66,-0.1,11,37100,卖盘
176,09:39:57,33.7,0.04,4,13500,中性盘
177,09:40:00,33.81,0.11,6,20282,买盘
178,09:40:04,33.82,0.01,7,23670,买盘
179,09:40:07,33.8,-0.02,3,10140,中性盘
180,09:40:09,33.8,0.0,1,3380,买盘
181,09:40:12,33.82,0.02,2,6764,买盘
182,09:40:16,33.79,-0.03,8,27040,卖盘
183,09:40:19,33.82,0.03,10,33804,买盘
184,09:40:21,33.82,0.0,1,3382,买盘
185,09:40:25,33.8,-0.02,7,23666,卖盘
186,09:40:28,33.82,0.02,1,3382,买盘
187,09:40:31,33.82,0.0,4,13526,买盘
188,09:40:34,33.81,-0.01,5,16902,中性盘
189,09:40:36,33.81,0.0,3,10143,买盘
190,09:40:39,33.82,0.01,4,13526,买盘
191,09:40:43,33.8,-0.02,8,27040,卖盘
192,09:40:46,33.82,0.02,2,6764,买盘
193,09:40:49,33.8,-0.02,20,67613,卖盘
194,09:40:52,33.82,0.02,4,13524,买盘
195,09:40:55,33.82,0.0,6,22490,买盘
196,09:40:57,33.82,0.0,2,6767,卖盘
197,09:41:04,33.85,0.03,4,13534,买盘
198,09:41:06,33.85,0.0,5,16925,买盘
199,09:41:13,33.85,0.0,4,13541,买盘
200,09:41:15,33.85,0.0,1,3385,卖盘
201,09:41:19,33.85,0.0,1,3385,卖盘
202,09:41:22,33.85,0.0,4,13540,卖盘
203,09:41:25,33.86,0.01,1,3386,买盘
204,09:41:28,33.85,-0.01,5,16929,卖盘
205,09:41:37,33.86,0.01,48,162522,卖盘
206,09:41:40,33.86,0.0,12,40632,中性盘
207,09:41:43,33.82,-0.04,26,87962,卖盘
208,09:41:46,33.82,0.0,3,10146,买盘
209,09:41:49,33.82,0.0,1,3382,买盘
210,09:41:52,33.76,-0.06,50,168987,卖盘
211,09:41:55,33.82,0.06,20,67614,买盘
212,09:42:04,33.82,0.0,11,37202,卖盘
213,09:42:10,33.8,-0.02,3,10140,买盘
214,09:42:13,33.75,-0.05,8,27003,卖盘
215,09:42:19,33.72,-0.03,3,10122,卖盘
216,09:42:21,33.72,0.0,8,26973,卖盘
217,09:42:28,33.72,0.0,1,3372,买盘
218,09:42:31,33.7,-0.02,41,138319,卖盘
219,09:42:34,33.7,0.0,1,3370,卖盘
220,09:42:36,33.72,0.02,3,10124,中性盘
221,09:42:40,33.64,-0.08,121,407479,卖盘
222,09:42:46,33.64,0.0,4,13456,买盘
223,09:42:49,33.63,-0.01,2,6727,卖盘
224,09:42:52,33.63,0.0,12,40363,买盘
225,09:42:55,33.6,-0.03,18,60508,卖盘
226,09:43:00,33.61,0.01,9,30253,卖盘
227,09:43:04,33.7,0.09,37,124342,买盘
228,09:43:13,33.7,0.0,2,6740,买盘
229,09:43:22,33.69,-0.01,1,3369,买盘
230,09:43:25,33.62,-0.07,5,16810,卖盘
231,09:43:27,33.62,0.0,11,36982,买盘
232,09:43:31,33.69,0.07,19,63899,买盘
233,09:43:34,33.62,-0.07,8,26903,中性盘
234,09:43:37,33.61,-0.01,22,73944,卖盘
235,09:43:40,33.61,0.0,2,6723,卖盘
236,09:43:43,33.6,-0.01,11,36966,卖盘
237,09:43:46,33.62,0.02,2,6724,中性盘
238,09:43:49,33.62,0.0,4,13448,卖盘
239,09:43:52,33.61,-0.01,3,10084,卖盘
240,09:43:57,33.61,0.0,7,23532,卖盘
241,09:44:01,33.7,0.09,12,40404,买盘
242,09:44:04,33.61,-0.09,8,26895,卖盘
243,09:44:07,33.7,0.09,8,26920,买盘
244,09:44:10,33.61,-0.09,30,100835,卖盘
245,09:44:22,33.7,0.09,36,121010,买盘
246,09:44:25,33.6,-0.1,46,154573,卖盘
247,09:44:31,33.61,0.01,5,16809,卖盘
248,09:44:43,33.62,0.01,4,13448,中性盘
249,09:44:46,33.62,0.0,1,3362,卖盘
250,09:44:49,33.61,-0.01,9,30254,卖盘
251,09:44:52,33.61,0.0,7,23527,卖盘
252,09:45:03,33.62,0.01,3,10086,卖盘
253,09:45:06,33.62,0.0,8,26896,卖盘
254,09:45:10,33.63,0.01,6,20178,中性盘
255,09:45:22,33.62,-0.01,10,33624,卖盘
256,09:45:27,33.62,0.0,10,33621,卖盘
257,09:45:34,33.63,0.01,2,6726,买盘
258,09:45:37,33.63,0.0,1,3363,卖盘
259,09:45:40,33.63,0.0,1,3363,卖盘
260,09:45:43,33.63,0.0,10,33655,卖盘
261,09:45:52,33.68,0.05,10,33680,卖盘
262,09:45:54,33.68,0.0,5,16842,卖盘
263,09:46:00,33.68,0.0,37,124616,卖盘
264,09:46:04,33.68,0.0,15,50460,买盘
265,09:46:10,33.68,0.0,12,40416,买盘
266,09:46:16,33.63,-0.05,1,3363,卖盘
267,09:46:19,33.67,0.04,1,3367,买盘
268,09:46:22,33.63,-0.04,23,77340,卖盘
269,09:46:25,33.62,-0.01,10,33611,中性盘
270,09:46:28,33.63,0.01,89,299091,买盘
271,09:46:31,33.63,0.0,10,33616,买盘
272,09:46:33,33.63,0.0,5,16815,买盘
273,09:46:37,33.6,-0.03,4,13445,卖盘
274,09:46:40,33.59,-0.01,191,640874,卖盘
275,09:46:45,33.41,-0.18,26,87015,卖盘
276,09:46:49,33.45,0.04,2,6690,买盘
277,09:46:52,33.4,-0.05,6,20040,卖盘
278,09:46:55,33.45,0.05,3,10035,买盘
279,09:46:58,33.45,0.0,47,157350,买盘
280,09:47:01,33.4,-0.05,24,80165,卖盘
281,09:47:07,33.4,0.0,13,43418,买盘
282,09:47:10,33.39,-0.01,1,3339,卖盘
283,09:47:13,33.39,0.0,49,163633,买盘
284,09:47:16,33.39,0.0,20,66793,卖盘
285,09:47:19,33.3,-0.09,216,719625,卖盘
286,09:47:22,33.3,0.0,5,16650,买盘
287,09:47:25,33.3,0.0,4,13320,买盘
288,09:47:28,33.39,0.09,10,33345,买盘
289,09:47:31,33.3,-0.09,6,19980,卖盘
290,09:47:34,33.3,0.0,15,49934,卖盘
291,09:47:37,33.3,0.0,8,26640,卖盘
292,09:47:39,33.3,0.0,13,43290,卖盘
293,09:47:43,33.3,0.0,13,43299,卖盘
294,09:47:46,33.29,-0.01,39,130013,卖盘
295,09:47:49,33.3,0.01,9,29968,买盘
296,09:47:52,33.29,-0.01,9,29964,卖盘
297,09:47:55,33.29,0.0,40,133135,买盘
298,09:47:58,33.28,-0.01,8,26624,卖盘
299,09:48:01,33.28,0.0,3,9984,买盘
300,09:48:04,33.26,-0.02,47,156433,卖盘
301,09:48:07,33.28,0.02,13,43245,中性盘
302,09:48:10,33.29,0.01,5,16641,买盘
303,09:48:12,33.29,0.0,9,29961,卖盘
304,09:48:16,33.29,0.0,1,3329,卖盘
305,09:48:19,33.29,0.0,3,9988,卖盘
306,09:48:22,33.3,0.01,20,66600,买盘
307,09:48:25,33.29,-0.01,3,9988,卖盘
308,09:48:28,33.3,0.01,16,53280,买盘
309,09:48:31,33.29,-0.01,27,89894,卖盘
310,09:48:34,33.3,0.01,20,66600,买盘
311,09:48:36,33.3,0.0,16,53279,买盘
312,09:48:39,33.3,0.0,2,6660,买盘
313,09:48:46,33.3,0.0,12,39960,卖盘
314,09:48:49,33.35,0.05,32,106565,买盘
315,09:48:52,33.3,-0.05,52,173160,卖盘
316,09:48:55,33.3,0.0,3,9990,买盘
317,09:48:58,33.35,0.05,47,156525,买盘
318,09:49:01,33.3,-0.05,10,33325,卖盘
319,09:49:04,33.39,0.09,3,10017,买盘
320,09:49:07,33.3,-0.09,15,49955,卖盘
321,09:49:13,33.35,0.05,8,26680,买盘
322,09:49:16,33.31,-0.04,22,73326,卖盘
323,09:49:19,33.31,0.0,63,209853,卖盘
324,09:49:22,33.3,-0.01,25,83286,卖盘
325,09:49:25,33.39,0.09,35,116865,买盘
326,09:49:28,33.39,0.0,7,23333,买盘
327,09:49:30,33.39,0.0,50,166950,买盘
328,09:49:40,33.39,0.0,27,90155,买盘
329,09:49:43,33.4,0.01,22,73480,买盘
330,09:49:46,33.39,-0.01,17,56777,卖盘
331,09:49:48,33.4,0.01,3,10020,中性盘
332,09:49:55,33.4,0.0,6,20054,卖盘
333,09:49:58,33.4,0.0,5,16700,买盘
334,09:50:04,33.4,0.0,1,3340,中性盘
335,09:50:07,33.39,-0.01,58,193664,卖盘
336,09:50:10,33.4,0.01,15,50093,买盘
337,09:50:13,33.4,0.0,1,3340,买盘
338,09:50:19,33.4,0.0,2,6679,买盘
339,09:50:28,33.4,0.0,7,23380,卖盘
340,09:50:40,33.35,-0.05,2,6675,卖盘
341,09:50:49,33.35,0.0,1,3335,买盘
342,09:50:52,33.33,-0.02,20,66690,卖盘
343,09:50:55,33.35,0.02,4,13340,卖盘
344,09:50:58,33.44,0.09,13,43364,买盘
345,09:51:04,33.4,-0.04,9,30045,买盘
346,09:51:13,33.44,0.04,8,26724,买盘
347,09:51:15,33.4,-0.04,2,6680,卖盘
348,09:51:19,33.4,0.0,2,6680,买盘
349,09:51:22,33.4,0.0,6,20042,卖盘
350,09:51:25,33.45,0.05,13,43476,买盘
351,09:51:28,33.45,0.0,10,33430,买盘
352,09:51:34,33.46,0.01,1,3346,卖盘
353,09:51:40,33.5,0.04,1,3350,买盘
354,09:51:43,33.5,0.0,16,53600,卖盘
355,09:51:49,33.6,0.1,8,26884,买盘
356,09:51:55,33.6,0.0,10,33600,卖盘
357,09:51:57,33.61,0.01,18,60498,买盘
358,09:52:01,33.62,0.01,18,60512,买盘
359,09:52:04,33.6,-0.02,4,13440,卖盘
360,09:52:06,33.6,0.0,1,3360,卖盘
361,09:52:09,33.62,0.02,7,23523,买盘
362,09:52:13,33.61,-0.01,3,10083,中性盘
363,09:52:16,33.61,0.0,1,3361,卖盘
364,09:52:19,33.59,-0.02,7,23525,卖盘
365,09:52:22,33.59,0.0,3,10077,买盘
366,09:52:42,33.51,-0.08,22,73730,卖盘
367,09:52:49,33.5,-0.01,10,33500,卖盘
368,09:52:52,33.5,0.0,3,10050,卖盘
369,09:52:55,33.5,0.0,10,33500,卖盘
370,09:52:57,33.5,0.0,63,211050,卖盘
371,09:53:04,33.45,-0.05,22,73640,卖盘
372,09:53:07,33.5,0.05,30,100395,买盘
373,09:53:09,33.44,-0.06,5,16720,卖盘
374,09:53:13,33.44,0.0,2,6688,买盘
375,09:53:16,33.44,0.0,10,33440,买盘
376,09:53:21,33.44,0.0,27,90288,买盘
377,09:53:28,33.5,0.06,1,3350,买盘
378,09:53:31,33.5,0.0,1,3350,买盘
379,09:53:43,33.5,0.0,14,46906,卖盘
380,09:53:49,33.5,0.0,6,20100,买盘
381,09:53:52,33.5,0.0,3,10050,买盘
382,09:53:54,33.5,0.0,1,3350,买盘
383,09:53:58,33.5,0.0,7,23450,买盘
384,09:54:06,33.5,0.0,1,3350,卖盘
385,09:54:12,33.5,0.0,3,10050,买盘
386,09:54:31,33.51,0.01,1,3351,卖盘
387,09:54:39,33.51,0.0,1,3351,卖盘
388,09:54:55,33.51,0.0,6,20106,卖盘
389,09:54:58,33.51,0.0,2,6702,卖盘
390,09:55:00,33.52,0.01,1,3352,买盘
391,09:55:04,33.51,-0.01,15,50265,卖盘
392,09:55:06,33.51,0.0,3,10053,买盘
393,09:55:10,33.52,0.01,5,16758,买盘
394,09:55:13,33.5,-0.02,1,3350,卖盘
395,09:55:19,33.52,0.02,10,33516,买盘
396,09:55:22,33.52,0.0,2,6704,买盘
397,09:55:25,33.5,-0.02,13,43558,卖盘
398,09:55:28,33.5,0.0,3,10050,卖盘
399,09:55:42,33.52,0.02,10,33509,买盘
400,09:55:48,33.52,0.0,6,20112,买盘
401,09:55:52,33.5,-0.02,30,100548,卖盘
402,09:55:55,33.58,0.08,3,10062,买盘
403,09:56:07,33.53,-0.05,2,6706,卖盘
404,09:56:15,33.58,0.05,1,3358,买盘
405,09:56:19,33.58,0.0,6,20148,买盘
406,09:56:25,33.55,-0.03,19,63793,卖盘
407,09:56:37,33.55,0.0,12,40260,买盘
408,09:56:40,33.55,0.0,5,16775,买盘
409,09:56:43,33.55,0.0,6,20130,买盘
410,09:56:52,33.55,0.0,2,6710,买盘
411,09:56:55,33.57,0.02,3,10071,卖盘
412,09:56:58,33.57,0.0,1,3357,卖盘
413,09:57:01,33.58,0.01,1,3358,买盘
414,09:57:04,33.57,-0.01,9,30213,卖盘
415,09:57:07,33.58,0.01,10,33580,买盘
416,09:57:13,33.58,0.0,4,13431,买盘
417,09:57:16,33.58,0.0,1,3358,买盘
418,09:57:24,33.58,0.0,15,50363,买盘
419,09:57:31,33.58,0.0,11,36938,买盘
420,09:57:34,33.55,-0.03,10,33550,卖盘
421,09:57:37,33.58,0.03,2,6716,买盘
422,09:57:46,33.55,-0.03,8,26849,卖盘
423,09:57:49,33.58,0.03,3,10074,买盘
424,09:58:00,33.6,0.02,12,40320,买盘
425,09:58:04,33.6,0.0,1,3360,卖盘
426,09:58:07,33.6,0.0,10,33600,卖盘
427,09:58:13,33.6,0.0,2,6720,卖盘
428,09:58:16,33.6,0.0,1,3360,买盘
429,09:58:28,33.61,0.01,1,3361,买盘
430,09:58:30,33.61,0.0,1,3361,买盘
431,09:58:40,33.62,0.01,2,6724,买盘
432,09:58:43,33.61,-0.01,2,6722,卖盘
433,09:58:49,33.62,0.01,31,104222,买盘
434,09:58:51,33.61,-0.01,4,13447,卖盘
435,09:59:01,33.61,0.0,1,3361,卖盘
436,09:59:04,33.61,0.0,4,13444,卖盘
437,09:59:06,33.61,0.0,2,6722,卖盘
438,09:59:13,33.61,0.0,1,3361,卖盘
439,09:59:19,33.61,0.0,1,3361,卖盘
440,09:59:24,33.61,0.0,1,3361,买盘
441,09:59:34,33.61,0.0,2,6722,买盘
442,09:59:37,33.6,-0.01,13,43680,卖盘
443,09:59:40,33.61,0.01,11,36971,买盘
444,09:59:43,33.6,-0.01,38,127696,卖盘
445,09:59:49,33.6,0.0,5,16794,买盘
446,09:59:52,33.6,0.0,4,13440,买盘
447,10:00:00,33.56,-0.04,1,3356,卖盘
448,10:00:16,33.55,-0.01,4,13420,卖盘
449,10:00:18,33.56,0.01,3,10068,买盘
450,10:00:25,33.55,-0.01,1,3355,卖盘
451,10:00:31,33.56,0.01,38,127668,买盘
452,10:00:34,33.55,-0.01,23,77173,卖盘
453,10:00:40,33.55,0.0,2,6710,卖盘
454,10:00:45,33.56,0.01,1,3356,卖盘
455,10:00:48,33.6,0.04,24,80640,买盘
456,10:00:55,33.55,-0.05,20,67152,卖盘
457,10:01:00,33.55,0.0,7,23495,卖盘
458,10:01:10,33.55,0.0,24,80520,卖盘
459,10:01:19,33.54,-0.01,13,43603,卖盘
460,10:01:22,33.55,0.01,2,6710,买盘
461,10:01:24,33.55,0.0,6,20130,买盘
462,10:01:37,33.56,0.01,1,3356,买盘
463,10:01:48,33.56,0.0,2,6712,卖盘
464,10:01:57,33.58,0.02,5,16784,买盘
465,10:02:04,33.56,-0.02,1,3356,卖盘
466,10:02:22,33.56,0.0,12,40272,买盘
467,10:02:25,33.56,0.0,7,23492,买盘
468,10:02:34,33.56,0.0,10,33560,卖盘
469,10:02:37,33.56,0.0,7,23492,卖盘
470,10:02:49,33.56,0.0,1,3356,卖盘
471,10:02:54,33.58,0.02,17,57056,买盘
472,10:02:58,33.58,0.0,1,3358,买盘
473,10:03:01,33.55,-0.03,20,67108,卖盘
474,10:03:10,33.58,0.03,26,87290,买盘
475,10:03:19,33.58,0.0,1,3358,卖盘
476,10:03:22,33.56,-0.02,38,127574,卖盘
477,10:03:31,33.56,0.0,3,10068,买盘
478,10:03:36,33.56,0.0,7,23490,买盘
479,10:03:39,33.55,-0.01,2,6710,卖盘
480,10:03:46,33.55,0.0,3,10066,卖盘
481,10:03:49,33.55,0.0,1,3355,卖盘
482,10:03:55,33.55,0.0,3,10065,卖盘
483,10:04:04,33.56,0.01,7,23492,买盘
484,10:04:13,33.55,-0.01,2,6710,卖盘
485,10:04:27,33.55,0.0,1,3355,卖盘
486,10:04:31,33.55,0.0,32,107466,卖盘
487,10:04:33,33.55,0.0,14,46970,卖盘
488,10:04:40,33.54,-0.01,2,6708,卖盘
489,10:04:46,33.55,0.01,3,10063,买盘
490,10:04:49,33.54,-0.01,4,13416,卖盘
491,10:05:09,33.54,0.0,40,134104,卖盘
492,10:05:16,33.51,-0.03,1,3351,卖盘
493,10:05:22,33.51,0.0,5,16755,卖盘
494,10:05:25,33.51,0.0,2,6702,买盘
495,10:05:31,33.51,0.0,2,6702,买盘
496,10:05:37,33.5,-0.01,3,10050,卖盘
497,10:05:46,33.5,0.0,9,30150,卖盘
498,10:05:52,33.51,0.01,1,3351,买盘
499,10:05:54,33.5,-0.01,7,23456,卖盘
500,10:06:01,33.54,0.04,2,6708,买盘
501,10:06:10,33.54,0.0,1,3354,卖盘
502,10:06:16,33.54,0.0,3,10062,卖盘
503,10:06:21,33.55,0.01,3,10065,买盘
504,10:06:34,33.5,-0.05,40,134016,卖盘
505,10:06:40,33.54,0.04,1,3354,买盘
506,10:06:43,33.51,-0.03,16,53616,卖盘
507,10:06:52,33.51,0.0,6,20106,买盘
508,10:06:58,33.5,-0.01,10,33500,卖盘
509,10:07:01,33.5,0.0,8,26800,买盘
510,10:07:16,33.5,0.0,9,30150,买盘
511,10:07:28,33.49,-0.01,5,16745,卖盘
512,10:07:46,33.49,0.0,5,16745,买盘
513,10:07:48,33.46,-0.03,7,23422,卖盘
514,10:07:52,33.46,0.0,1,3346,卖盘
515,10:08:04,33.44,-0.02,4,13379,卖盘
516,10:08:12,33.44,0.0,5,16720,卖盘
517,10:08:16,33.44,0.0,2,6688,买盘
518,10:08:22,33.42,-0.02,3,10026,卖盘
519,10:08:28,33.41,-0.01,11,36751,卖盘
520,10:08:31,33.41,0.0,7,23387,买盘
521,10:08:34,33.4,-0.01,2,6680,卖盘
522,10:08:39,33.4,0.0,5,16700,卖盘
523,10:08:46,33.36,-0.04,8,26688,卖盘
524,10:08:52,33.4,0.04,8,26720,买盘
525,10:08:55,33.36,-0.04,1,3336,卖盘
526,10:09:00,33.4,0.04,10,33400,买盘
527,10:09:04,33.36,-0.04,13,43368,卖盘
528,10:09:07,33.35,-0.01,5,16682,卖盘
529,10:09:16,33.36,0.01,3,10007,买盘
530,10:09:22,33.4,0.04,22,73480,买盘
531,10:09:31,33.41,0.01,12,40092,买盘
532,10:09:37,33.41,0.0,9,30069,买盘
533,10:09:42,33.41,0.0,1,3341,卖盘
534,10:09:45,33.42,0.01,1,3342,买盘
535,10:09:52,33.41,-0.01,2,6682,卖盘
536,10:09:55,33.42,0.01,1,3342,买盘
537,10:09:58,33.42,0.0,5,16710,买盘
538,10:10:13,33.44,0.02,1,3344,买盘
539,10:10:16,33.46,0.02,50,167296,买盘
540,10:10:22,33.46,0.0,40,133840,买盘
541,10:10:31,33.46,0.0,4,13384,买盘
542,10:10:34,33.46,0.0,12,40137,买盘
543,10:10:37,33.46,0.0,8,26768,卖盘
544,10:10:46,33.5,0.04,5,16750,买盘
545,10:11:07,33.5,0.0,7,23450,卖盘
546,10:11:16,33.5,0.0,10,33500,买盘
547,10:11:18,33.5,0.0,2,6700,买盘
548,10:11:22,33.51,0.01,3,10052,买盘
549,10:11:34,33.5,-0.01,7,23450,买盘
550,10:11:37,33.47,-0.03,1,3347,卖盘
551,10:11:51,33.5,0.03,3,10046,买盘
552,10:11:57,33.5,0.0,1,3350,买盘
553,10:12:10,33.53,0.03,1,3353,买盘
554,10:12:22,33.53,0.0,43,144179,卖盘
555,10:12:27,33.54,0.01,16,53664,买盘
556,10:12:31,33.54,0.0,4,13416,买盘
557,10:12:34,33.54,0.0,1,3354,卖盘
558,10:12:49,33.53,-0.01,15,50301,卖盘
559,10:12:58,33.53,0.0,17,57001,卖盘
560,10:13:04,33.5,-0.03,3,10051,卖盘
561,10:13:18,33.5,0.0,15,50250,买盘
562,10:13:24,33.49,-0.01,1,3349,卖盘
563,10:13:36,33.5,0.01,3,10049,买盘
564,10:13:40,33.5,0.0,5,16747,买盘
565,10:13:43,33.49,-0.01,7,23443,卖盘
566,10:13:46,33.5,0.01,5,16750,买盘
567,10:13:49,33.49,-0.01,1,3349,卖盘
568,10:13:52,33.5,0.01,8,26798,买盘
569,10:14:21,33.47,-0.03,2,6694,卖盘
570,10:14:25,33.46,-0.01,25,83657,卖盘
571,10:14:43,33.48,0.02,1,3348,卖盘
572,10:14:49,33.48,0.0,2,6696,买盘
573,10:14:55,33.48,0.0,1,3348,买盘
574,10:15:04,33.48,0.0,3,10044,买盘
575,10:15:12,33.48,0.0,2,6696,卖盘
576,10:15:22,33.48,0.0,3,10044,买盘
577,10:15:30,33.45,-0.03,21,70263,卖盘
578,10:15:34,33.42,-0.03,26,86913,卖盘
579,10:15:43,33.42,0.0,5,16710,卖盘
580,10:15:49,33.42,0.0,1,3342,买盘
581,10:15:57,33.42,0.0,1,3342,卖盘
582,10:16:00,33.35,-0.07,77,257150,卖盘
583,10:16:10,33.4,0.05,1,3340,卖盘
584,10:16:18,33.35,-0.05,12,40020,卖盘
585,10:16:24,33.32,-0.03,13,43335,卖盘
586,10:16:28,33.35,0.03,1,3335,买盘
587,10:16:31,33.35,0.0,3,10005,买盘
588,10:16:43,33.35,0.0,8,26680,卖盘
589,10:16:52,33.35,0.0,12,40014,买盘
590,10:16:55,33.35,0.0,3,10005,买盘
591,10:16:57,33.35,0.0,2,6670,买盘
592,10:17:04,33.35,0.0,5,16675,卖盘
593,10:17:16,33.4,0.05,1,3340,买盘
594,10:17:34,33.38,-0.02,12,40076,中性盘
595,10:17:37,33.4,0.02,1,3340,买盘
596,10:17:52,33.4,0.0,2,6680,买盘
597,10:17:55,33.38,-0.02,18,60094,卖盘
598,10:18:01,33.38,0.0,9,30042,卖盘
599,10:18:07,33.37,-0.01,11,36707,卖盘
600,10:18:10,33.34,-0.03,39,130075,卖盘
601,10:18:16,33.33,-0.01,8,26670,卖盘
602,10:18:22,33.34,0.01,17,56678,买盘
603,10:18:24,33.32,-0.02,82,273252,卖盘
604,10:18:28,33.3,-0.02,70,233134,卖盘
605,10:18:31,33.31,0.01,10,33301,中性盘
606,10:18:34,33.3,-0.01,23,76590,卖盘
607,10:18:36,33.3,0.0,38,126540,卖盘
608,10:18:40,33.29,-0.01,6,19974,卖盘
609,10:18:43,33.3,0.01,7,23309,买盘
610,10:18:46,33.29,-0.01,1,3329,卖盘
611,10:18:49,33.3,0.01,4,13320,买盘
612,10:18:52,33.29,-0.01,4,13317,卖盘
613,10:18:55,33.3,0.01,11,36629,买盘
614,10:18:58,33.29,-0.01,22,73258,卖盘
615,10:19:01,33.29,0.0,34,113199,卖盘
616,10:19:04,33.28,-0.01,10,33287,卖盘
617,10:19:06,33.29,0.01,5,16645,买盘
618,10:19:10,33.29,0.0,6,19969,买盘
619,10:19:16,33.28,-0.01,8,26626,卖盘
620,10:19:19,33.28,0.0,18,59904,卖盘
621,10:19:31,33.27,-0.01,12,39935,卖盘
622,10:19:34,33.27,0.0,8,26616,卖盘
623,10:19:40,33.27,0.0,4,13308,卖盘
624,10:19:43,33.26,-0.01,54,179612,卖盘
625,10:19:46,33.28,0.02,6,19968,买盘
626,10:19:52,33.26,-0.02,11,36586,卖盘
627,10:20:00,33.26,0.0,7,23282,卖盘
628,10:20:07,33.26,0.0,5,16630,买盘
629,10:20:09,33.25,-0.01,6,19950,卖盘
630,10:20:15,33.24,-0.01,21,69823,卖盘
631,10:20:19,33.22,-0.02,13,43198,卖盘
632,10:20:22,33.22,0.0,1,3322,买盘
633,10:20:25,33.22,0.0,2,6644,买盘
634,10:20:28,33.18,-0.04,37,122857,卖盘
635,10:20:31,33.21,0.03,5,16605,卖盘
636,10:20:34,33.2,-0.01,6,19921,卖盘
637,10:20:36,33.21,0.01,10,33210,买盘
638,10:20:40,33.21,0.0,10,33210,买盘
639,10:20:43,33.2,-0.01,2,6640,卖盘
640,10:20:46,33.2,0.0,3,9960,卖盘
641,10:20:55,33.19,-0.01,9,29871,卖盘
642,10:20:57,33.18,-0.01,2,6636,卖盘
643,10:21:01,33.19,0.01,28,92906,买盘
644,10:21:04,33.19,0.0,8,26552,买盘
645,10:21:06,33.19,0.0,10,33190,买盘
646,10:21:10,33.18,-0.01,7,23230,卖盘
647,10:21:19,33.2,0.02,11,36519,买盘
648,10:21:21,33.2,0.0,6,19917,买盘
649,10:21:25,33.19,-0.01,10,33195,卖盘
650,10:21:31,33.19,0.0,3,9959,卖盘
651,10:21:34,33.19,0.0,28,92932,卖盘
652,10:21:37,33.21,0.02,2,6642,买盘
653,10:21:40,33.19,-0.02,5,16602,中性盘
654,10:21:46,33.18,-0.01,26,86270,卖盘
655,10:21:55,33.2,0.02,1,3320,卖盘
656,10:22:01,33.21,0.01,9,29889,买盘
657,10:22:13,33.21,0.0,2,6642,卖盘
658,10:22:16,33.25,0.04,1,3325,买盘
659,10:22:19,33.26,0.01,15,49890,买盘
660,10:22:25,33.25,-0.01,1,3325,买盘
661,10:22:28,33.26,0.01,4,13303,买盘
662,10:22:42,33.23,-0.03,10,33230,卖盘
663,10:22:48,33.25,0.02,6,19948,买盘
664,10:23:10,33.26,0.01,6,19956,买盘
665,10:23:13,33.26,0.0,5,16627,买盘
666,10:23:25,33.32,0.06,1,3332,买盘
667,10:23:40,33.32,0.0,13,43316,买盘
668,10:23:42,33.32,0.0,10,33320,卖盘
669,10:23:52,33.32,0.0,2,6664,卖盘
670,10:23:55,33.32,0.0,2,6664,卖盘
671,10:23:58,33.39,0.07,2,6678,买盘
672,10:24:00,33.39,0.0,9,30037,买盘
673,10:24:06,33.38,-0.01,3,10014,买盘
674,10:24:09,33.38,0.0,1,3338,买盘
675,10:24:15,33.33,-0.05,4,13332,卖盘
676,10:24:22,33.38,0.05,1,3338,买盘
677,10:24:28,33.38,0.0,3,10014,卖盘
678,10:24:33,33.39,0.01,1,3339,买盘
679,10:24:36,33.33,-0.06,4,13332,卖盘
680,10:25:07,33.33,0.0,1,3333,卖盘
681,10:25:18,33.38,0.05,2,6673,买盘
682,10:25:34,33.38,0.0,2,6676,买盘
683,10:25:58,33.35,-0.03,1,3335,卖盘
684,10:26:04,33.38,0.03,2,6676,买盘
685,10:26:18,33.37,-0.01,1,3337,买盘
686,10:26:25,33.37,0.0,9,30033,卖盘
687,10:26:28,33.38,0.01,2,6676,买盘
688,10:26:43,33.38,0.0,9,30042,卖盘
689,10:26:52,33.37,-0.01,8,26696,卖盘
690,10:26:55,33.38,0.01,5,16690,买盘
691,10:27:00,33.38,0.0,1,3338,卖盘
692,10:27:04,33.38,0.0,1,3338,卖盘
693,10:27:19,33.38,0.0,2,6676,卖盘
694,10:27:22,33.38,0.0,22,73436,卖盘
695,10:27:25,33.38,0.0,1,3338,买盘
696,10:27:31,33.37,-0.01,12,40044,卖盘
697,10:27:34,33.36,-0.01,3,10008,卖盘
698,10:27:40,33.35,-0.01,5,16676,卖盘
699,10:27:42,33.35,0.0,3,10005,卖盘
700,10:27:46,33.35,0.0,2,6670,卖盘
701,10:27:49,33.35,0.0,11,36685,卖盘
702,10:27:55,33.33,-0.02,8,26664,卖盘
703,10:27:57,33.26,-0.07,15,49967,卖盘
704,10:28:07,33.26,0.0,4,13304,卖盘
705,10:28:10,33.22,-0.04,10,33228,卖盘
706,10:28:16,33.22,0.0,7,23254,买盘
707,10:28:18,33.21,-0.01,2,6642,卖盘
708,10:28:22,33.2,-0.01,8,26562,卖盘
709,10:28:24,33.21,0.01,8,26561,买盘
710,10:28:28,33.21,0.0,9,29889,买盘
711,10:28:40,33.2,-0.01,6,19920,卖盘
712,10:28:43,33.2,0.0,12,39840,卖盘
713,10:28:46,33.2,0.0,12,39840,卖盘
714,10:28:49,33.2,0.0,1,3320,卖盘
715,10:28:52,33.21,0.01,3,9963,买盘
716,10:28:58,33.21,0.0,11,36531,卖盘
717,10:29:01,33.22,0.01,4,13285,买盘
718,10:29:07,33.22,0.0,4,13288,卖盘
719,10:29:13,33.2,-0.02,1,3320,卖盘
720,10:29:19,33.21,0.01,15,49802,买盘
721,10:29:21,33.19,-0.02,40,132794,卖盘
722,10:29:31,33.21,0.02,3,9963,卖盘
723,10:29:34,33.21,0.0,7,23247,卖盘
724,10:29:36,33.21,0.0,11,36531,卖盘
725,10:29:49,33.2,-0.01,3,9960,卖盘
726,10:29:52,33.2,0.0,3,9960,卖盘
727,10:29:55,33.2,0.0,3,9960,买盘
728,10:30:01,33.19,-0.01,1,3319,卖盘
729,10:30:04,33.2,0.01,4,13280,买盘
730,10:30:10,33.2,0.0,2,6640,买盘
731,10:30:13,33.2,0.0,1,3320,买盘
732,10:30:16,33.19,-0.01,13,43157,卖盘
733,10:30:19,33.2,0.01,1,3320,买盘
734,10:30:25,33.19,-0.01,4,13276,卖盘
735,10:30:28,33.19,0.0,14,46466,卖盘
736,10:30:30,33.2,0.01,3,9960,买盘
737,10:30:43,33.2,0.0,11,36520,买盘
738,10:30:46,33.2,0.0,40,132800,卖盘
739,10:30:49,33.19,-0.01,1,3319,卖盘
740,10:30:52,33.2,0.01,10,33200,买盘
741,10:31:07,33.2,0.0,3,9960,卖盘
742,10:31:13,33.19,-0.01,10,33199,卖盘
743,10:31:19,33.2,0.01,4,13292,卖盘
744,10:31:34,33.22,0.02,3,9966,买盘
745,10:31:42,33.26,0.04,1,3326,买盘
746,10:31:49,33.23,-0.03,3,9969,卖盘
747,10:31:58,33.21,-0.02,8,26581,卖盘
748,10:32:16,33.23,0.02,1,3323,卖盘
749,10:32:36,33.26,0.03,5,16624,买盘
750,10:32:42,33.26,0.0,2,6652,买盘
751,10:32:46,33.24,-0.02,4,13298,卖盘
752,10:32:58,33.24,0.0,6,19949,卖盘
753,10:33:04,33.26,0.02,24,79822,买盘
754,10:33:06,33.24,-0.02,1,3324,中性盘
755,10:33:10,33.24,0.0,4,13296,卖盘
756,10:33:13,33.26,0.02,2,6652,买盘
757,10:33:16,33.24,-0.02,1,3324,卖盘
758,10:33:19,33.24,0.0,8,26592,买盘
759,10:33:28,33.26,0.02,6,19952,买盘
760,10:33:31,33.23,-0.03,5,16618,卖盘
761,10:33:46,33.23,0.0,6,19940,卖盘
762,10:34:28,33.26,0.03,2,6652,卖盘
763,10:34:43,33.3,0.04,3,9990,买盘
764,10:34:46,33.3,0.0,3,9990,买盘
765,10:34:55,33.3,0.0,3,9990,买盘
766,10:34:58,33.3,0.0,8,26640,买盘
767,10:35:01,33.28,-0.02,25,83236,卖盘
768,10:35:04,33.28,0.0,11,36608,买盘
769,10:35:07,33.27,-0.01,5,16635,卖盘
770,10:35:09,33.28,0.01,72,239616,买盘
771,10:35:13,33.27,-0.01,2,6654,卖盘
772,10:35:22,33.26,-0.01,20,66529,卖盘
773,10:35:25,33.26,0.0,3,9350,卖盘
774,10:35:33,33.26,0.0,1,3326,卖盘
775,10:35:37,33.26,0.0,1,3326,卖盘
776,10:35:40,33.26,0.0,4,13304,卖盘
777,10:35:46,33.26,0.0,5,16631,卖盘
778,10:36:01,33.25,-0.01,22,73160,卖盘
779,10:36:16,33.26,0.01,6,19956,卖盘
780,10:36:19,33.25,-0.01,15,50502,买盘
781,10:36:22,33.25,0.0,3,9975,买盘
782,10:36:24,33.22,-0.03,18,59819,卖盘
783,10:36:34,33.22,0.0,4,13288,卖盘
784,10:36:37,33.25,0.03,13,43222,买盘
785,10:36:49,33.23,-0.02,6,19937,中性盘
786,10:36:51,33.21,-0.02,50,166086,卖盘
787,10:36:55,33.25,0.04,33,109695,买盘
788,10:36:58,33.21,-0.04,4,13284,卖盘
789,10:37:04,33.2,-0.01,4,13280,卖盘
790,10:37:22,33.18,-0.02,88,292116,卖盘
791,10:37:31,33.2,0.02,6,19920,卖盘
792,10:37:37,33.2,0.0,5,16600,卖盘
793,10:37:40,33.16,-0.04,106,351582,卖盘
794,10:37:49,33.16,0.0,19,63010,卖盘
795,10:37:52,33.18,0.02,2,6636,中性盘
796,10:38:00,33.1,-0.08,72,238697,卖盘
797,10:38:06,33.1,0.0,15,49650,卖盘
798,10:38:09,33.1,0.0,4,13240,卖盘
799,10:38:13,33.1,0.0,19,62890,卖盘
800,10:38:16,33.05,-0.05,26,85984,卖盘
801,10:38:19,33.04,-0.01,8,26432,卖盘
802,10:38:22,33.03,-0.01,7,23127,卖盘
803,10:38:25,33.01,-0.02,10,33022,卖盘
804,10:38:28,33.01,0.0,33,108952,卖盘
805,10:38:30,33.0,-0.01,22,72613,卖盘
806,10:38:33,33.01,0.01,75,247503,买盘
807,10:38:37,33.0,-0.01,41,135316,卖盘
808,10:38:40,33.0,0.0,42,138610,卖盘
809,10:38:42,32.98,-0.02,3,9896,卖盘
810,10:38:46,32.98,0.0,2,6598,卖盘
811,10:38:52,32.91,-0.07,6,19746,卖盘
812,10:38:54,32.89,-0.02,29,95414,卖盘
813,10:38:58,32.84,-0.05,74,243122,卖盘
814,10:39:01,32.89,0.05,31,101753,中性盘
815,10:39:04,32.88,-0.01,7,23021,中性盘
816,10:39:07,32.8,-0.08,1,3280,卖盘
817,10:39:10,32.8,0.0,11,36080,卖盘
818,10:39:13,32.78,-0.02,13,42640,卖盘
819,10:39:16,32.7,-0.08,12,39285,卖盘
820,10:39:19,32.76,0.06,16,52361,买盘
821,10:39:22,32.6,-0.16,21,68504,卖盘
822,10:39:25,32.62,0.02,12,39210,卖盘
823,10:39:28,32.6,-0.02,4,13056,卖盘
824,10:39:30,32.61,0.01,42,136900,中性盘
825,10:39:34,32.6,-0.01,5,16300,买盘
826,10:39:37,32.51,-0.09,30,97692,卖盘
827,10:39:40,32.6,0.09,7,22821,卖盘
828,10:39:43,32.6,0.0,4,13040,卖盘
829,10:39:46,32.6,0.0,22,71730,卖盘
830,10:39:48,32.61,0.01,1,3261,中性盘
831,10:39:52,32.6,-0.01,30,97821,卖盘
832,10:39:54,32.62,0.02,6,19572,卖盘
833,10:39:58,32.75,0.13,1,3275,买盘
834,10:40:01,32.62,-0.13,49,160205,卖盘
835,10:40:04,32.74,0.12,1,3274,中性盘
836,10:40:07,32.74,0.0,24,78457,买盘
837,10:40:09,32.76,0.02,6,19646,买盘
838,10:40:12,32.75,-0.01,11,36025,卖盘
839,10:40:34,32.76,0.01,5,16390,卖盘
840,10:40:51,32.9,0.14,6,19736,买盘
841,10:41:04,32.9,0.0,11,36180,买盘
842,10:41:07,32.9,0.0,9,29610,买盘
843,10:41:16,32.9,0.0,25,82305,卖盘
844,10:41:19,32.89,-0.01,1,3289,卖盘
845,10:41:22,32.89,0.0,7,23027,卖盘
846,10:41:25,32.89,0.0,3,9867,中性盘
847,10:41:31,32.88,-0.01,6,19733,卖盘
848,10:41:34,32.89,0.01,16,52615,买盘
849,10:41:37,32.81,-0.08,15,49227,卖盘
850,10:41:43,32.8,-0.01,11,36080,卖盘
851,10:41:46,32.8,0.0,1,3280,卖盘
852,10:41:49,32.81,0.01,10,32810,买盘
853,10:41:52,32.81,0.0,10,32810,买盘
854,10:41:55,32.77,-0.04,13,42611,卖盘
855,10:41:58,32.81,0.04,1,3281,买盘
856,10:42:01,32.81,0.0,10,32810,买盘
857,10:42:04,32.81,0.0,3,9843,买盘
858,10:42:07,32.81,0.0,5,16397,买盘
859,10:42:10,32.77,-0.04,5,16385,卖盘
860,10:42:16,32.77,0.0,1,3277,买盘
861,10:42:22,32.8,0.03,3,9840,买盘
862,10:42:25,32.77,-0.03,11,36053,卖盘
863,10:42:31,32.8,0.03,14,45899,买盘
864,10:42:33,32.81,0.01,49,160769,买盘
865,10:42:42,32.81,0.0,15,49217,卖盘
866,10:42:45,32.81,0.0,7,22970,卖盘
867,10:42:49,32.85,0.04,3,9855,买盘
868,10:42:58,32.88,0.03,3,9864,买盘
869,10:43:07,32.9,0.02,9,29610,买盘
870,10:43:10,32.9,0.0,5,16450,卖盘
871,10:43:22,32.97,0.07,2,6593,买盘
872,10:43:28,32.97,0.0,1,3297,买盘
873,10:43:36,32.98,0.01,9,29682,买盘
874,10:43:43,32.99,0.01,2,6598,买盘
875,10:43:46,32.98,-0.01,3,9895,卖盘
876,10:43:49,32.99,0.01,10,32990,买盘
877,10:43:51,32.99,0.0,1,3299,买盘
878,10:43:55,32.99,0.0,1,3299,买盘
879,10:43:58,32.98,-0.01,11,36288,卖盘
880,10:44:10,33.0,0.02,5,16500,卖盘
881,10:44:13,32.99,-0.01,9,29696,卖盘
882,10:44:16,33.09,0.1,9,29778,买盘
883,10:44:31,33.09,0.0,26,85385,买盘
884,10:44:34,33.09,0.0,1,3309,卖盘
885,10:44:43,33.1,0.01,2,6620,买盘
886,10:44:46,33.1,0.0,7,23170,买盘
887,10:44:49,33.1,0.0,3,9930,买盘
888,10:44:52,33.1,0.0,2,6620,买盘
889,10:44:55,33.09,-0.01,3,9927,卖盘
890,10:44:58,33.1,0.01,12,39715,买盘
891,10:45:01,33.09,-0.01,2,6618,卖盘
892,10:45:07,33.09,0.0,3,9929,卖盘
893,10:45:10,33.09,0.0,6,19854,卖盘
894,10:45:13,33.1,0.01,4,13240,买盘
895,10:45:16,33.09,-0.01,10,33090,卖盘
896,10:45:25,33.1,0.01,3,9930,买盘
897,10:45:28,33.1,0.0,3,9930,卖盘
898,10:45:34,33.1,0.0,4,13240,卖盘
899,10:45:58,33.11,0.01,13,43043,卖盘
900,10:46:12,33.1,-0.01,50,165530,卖盘
901,10:46:27,33.1,0.0,1,3310,卖盘
902,10:46:31,33.1,0.0,17,56270,卖盘
903,10:46:36,33.09,-0.01,1,3309,卖盘
904,10:46:39,33.09,0.0,2,6618,卖盘
905,10:46:42,33.09,0.0,4,13236,卖盘
906,10:46:46,33.09,0.0,30,99270,卖盘
907,10:46:55,33.09,0.0,34,113135,卖盘
908,10:47:04,33.05,-0.04,2,6610,卖盘
909,10:47:16,33.05,0.0,1,3305,卖盘
910,10:47:22,33.05,0.0,3,9915,卖盘
911,10:47:28,33.05,0.0,1,3305,买盘
912,10:47:54,33.01,-0.04,1,3301,卖盘
913,10:48:01,33.01,0.0,7,23107,卖盘
914,10:48:25,33.0,-0.01,2,6600,买盘
915,10:48:28,33.0,0.0,1,3300,买盘
916,10:48:37,32.98,-0.02,1,3298,卖盘
917,10:48:40,32.9,-0.08,4,13178,卖盘
918,10:48:55,32.98,0.08,4,13192,卖盘
919,10:49:31,32.96,-0.02,3,9888,买盘
920,10:49:34,32.93,-0.03,1,3293,卖盘
921,10:49:37,32.96,0.03,3,9888,买盘
922,10:49:40,32.94,-0.02,5,16474,中性盘
923,10:49:51,32.96,0.02,3,9888,买盘
924,10:49:54,32.94,-0.02,12,39528,卖盘
925,10:50:07,32.93,-0.01,1,3293,卖盘
926,10:50:52,32.92,-0.01,1,3292,卖盘
927,10:51:01,32.93,0.01,1,3293,买盘
928,10:51:04,32.92,-0.01,8,26340,卖盘
929,10:51:16,32.94,0.02,12,39507,买盘
930,10:52:04,32.94,0.0,1,3294,买盘
931,10:52:19,32.9,-0.04,3,9870,卖盘
932,10:52:31,32.9,0.0,1,3290,卖盘
933,10:52:49,32.94,0.04,1,3294,买盘
934,10:52:51,32.9,-0.04,5,16450,卖盘
935,10:53:16,32.9,0.0,4,13161,卖盘
936,10:53:22,32.94,0.04,3,9882,买盘
937,10:53:37,32.9,-0.04,28,92120,卖盘
938,10:53:43,32.81,-0.09,18,59156,卖盘
939,10:53:52,32.81,0.0,1,3281,卖盘
940,10:54:25,32.8,-0.01,25,82015,卖盘
941,10:54:36,32.79,-0.01,4,13116,卖盘
942,10:54:46,32.79,0.0,2,6558,买盘
943,10:54:52,32.78,-0.01,15,49179,卖盘
944,10:55:01,32.78,0.0,1,3278,买盘
945,10:55:10,32.77,-0.01,2,6554,卖盘
946,10:55:13,32.78,0.01,1,3278,买盘
947,10:55:16,32.77,-0.01,9,29494,卖盘
948,10:55:28,32.8,0.03,1,3280,买盘
949,10:55:37,32.81,0.01,4,13124,买盘
950,10:55:43,32.8,-0.01,19,62338,卖盘
951,10:55:49,32.8,0.0,8,26240,买盘
952,10:55:51,32.8,0.0,17,55760,买盘
953,10:56:22,32.89,0.09,2,6578,买盘
954,10:56:24,32.81,-0.08,1,3281,卖盘
955,10:56:43,32.82,0.01,7,22992,卖盘
956,10:56:46,32.89,0.07,2,6578,买盘
957,10:57:25,32.87,-0.02,4,13148,买盘
958,10:57:28,32.87,0.0,5,16435,买盘
959,10:57:36,32.85,-0.02,8,26280,卖盘
960,10:57:52,32.9,0.05,13,42748,买盘
961,10:58:04,32.9,0.0,2,6580,卖盘
962,10:58:07,32.93,0.03,7,23033,买盘
963,10:58:13,32.9,-0.03,3,9870,卖盘
964,10:58:15,32.94,0.04,15,49410,买盘
965,10:58:21,32.94,0.0,1,3294,买盘
966,10:58:28,32.91,-0.03,1,3291,卖盘
967,10:58:34,32.9,-0.01,5,16450,卖盘
968,10:58:40,32.9,0.0,6,19740,卖盘
969,10:58:42,32.91,0.01,5,16455,买盘
970,10:59:19,32.94,0.03,1,3294,买盘
971,10:59:22,32.91,-0.03,2,6582,卖盘
972,10:59:37,32.94,0.03,4,13176,买盘
973,10:59:46,32.94,0.0,23,75762,买盘
974,10:59:49,32.94,0.0,1,3294,卖盘
975,10:59:54,32.95,0.01,10,32950,买盘
976,11:00:09,32.97,0.02,1,3297,卖盘
977,11:00:16,32.98,0.01,5,16490,买盘
978,11:00:25,32.97,-0.01,1,3297,卖盘
979,11:00:28,32.97,0.0,1,3297,买盘
980,11:00:31,32.98,0.01,1,3298,买盘
981,11:00:52,32.98,0.0,16,52768,买盘
982,11:01:07,32.98,0.0,3,9894,买盘
983,11:01:15,32.98,0.0,3,9894,买盘
984,11:01:21,32.97,-0.01,6,19782,卖盘
985,11:01:24,32.97,0.0,7,23085,卖盘
986,11:01:37,32.9,-0.07,26,85555,卖盘
987,11:01:55,32.9,0.0,1,3290,买盘
988,11:02:30,32.9,0.0,5,16450,买盘
989,11:02:34,32.9,0.0,6,19740,买盘
990,11:02:42,32.9,0.0,1,3290,买盘
991,11:02:48,32.9,0.0,2,6580,买盘
992,11:03:01,32.9,0.0,2,6580,买盘
993,11:03:15,32.9,0.0,3,9870,买盘
994,11:03:22,32.9,0.0,1,3290,买盘
995,11:03:37,32.9,0.0,1,3290,买盘
996,11:03:45,32.9,0.0,3,9870,买盘
997,11:03:49,32.9,0.0,3,9870,卖盘
998,11:04:01,32.9,0.0,1,3290,卖盘
999,11:04:10,32.96,0.06,1,3296,买盘
1000,11:04:18,32.96,0.0,8,26368,买盘
1001,11:04:22,32.9,-0.06,19,62511,卖盘
1002,11:04:27,32.88,-0.02,28,92118,卖盘
1003,11:04:30,32.88,0.0,1,3288,买盘
1004,11:04:43,32.93,0.05,2,6586,卖盘
1005,11:04:54,32.93,0.0,1,3293,卖盘
1006,11:04:57,32.96,0.03,2,6589,买盘
1007,11:05:07,32.96,0.0,1,3296,买盘
1008,11:05:15,32.95,-0.01,5,16475,买盘
1009,11:05:18,32.93,-0.02,3,9879,卖盘
1010,11:05:43,32.91,-0.02,2,6582,卖盘
1011,11:05:46,32.93,0.02,20,65844,买盘
1012,11:05:52,32.9,-0.03,8,26320,卖盘
1013,11:05:58,32.88,-0.02,3,9864,卖盘
1014,11:06:04,32.88,0.0,1,3288,中性盘
1015,11:06:13,32.88,0.0,2,6576,买盘
1016,11:06:16,32.86,-0.02,2,6574,卖盘
1017,11:06:18,32.88,0.02,1,3288,中性盘
1018,11:06:21,32.86,-0.02,3,9858,卖盘
1019,11:06:54,32.84,-0.02,25,82132,卖盘
1020,11:06:57,32.88,0.04,1,3288,买盘
1021,11:07:27,32.88,0.0,1,3288,买盘
1022,11:07:37,32.88,0.0,6,19728,卖盘
1023,11:07:40,32.93,0.05,10,32930,买盘
1024,11:08:00,32.88,-0.05,6,19734,卖盘
1025,11:08:22,32.88,0.0,1,3288,卖盘
1026,11:08:25,32.88,0.0,25,82200,卖盘
1027,11:08:28,32.88,0.0,13,42744,卖盘
1028,11:08:54,32.88,0.0,1,3288,卖盘
1029,11:08:58,32.88,0.0,4,13152,卖盘
1030,11:09:22,32.84,-0.04,1,3284,卖盘
1031,11:09:25,32.84,0.0,5,16414,买盘
1032,11:09:28,32.84,0.0,8,26272,卖盘
1033,11:09:31,32.88,0.04,2,6576,买盘
1034,11:09:34,32.84,-0.04,2,6568,卖盘
1035,11:09:36,32.84,0.0,1,3284,买盘
1036,11:09:40,32.84,0.0,1,3284,买盘
1037,11:09:43,32.84,0.0,4,13136,买盘
1038,11:10:04,32.88,0.04,4,13148,买盘
1039,11:10:13,32.88,0.0,2,6576,买盘
1040,11:10:19,32.88,0.0,6,19733,卖盘
1041,11:10:34,32.9,0.02,1,3290,买盘
1042,11:10:43,32.9,0.0,9,29610,买盘
1043,11:10:52,32.93,0.03,1,3293,买盘
1044,11:11:13,32.93,0.0,3,9879,买盘
1045,11:11:34,32.93,0.0,2,6586,卖盘
1046,11:11:37,32.93,0.0,4,13172,卖盘
1047,11:11:55,32.93,0.0,2,6586,卖盘
1048,11:12:04,32.93,0.0,1,3293,卖盘
1049,11:12:16,32.9,-0.03,1,3290,卖盘
1050,11:12:19,32.9,0.0,3,9870,卖盘
1051,11:12:40,32.89,-0.01,11,36179,卖盘
1052,11:12:54,32.88,-0.01,112,368261,卖盘
1053,11:13:00,32.9,0.02,9,28971,买盘
1054,11:13:37,32.95,0.05,3,9885,买盘
1055,11:13:40,32.9,-0.05,14,46695,卖盘
1056,11:13:42,32.9,0.0,1,2665,卖盘
1057,11:13:46,32.9,0.0,1,3290,卖盘
1058,11:13:58,32.96,0.06,42,138432,买盘
1059,11:14:16,32.98,0.02,2,6596,买盘
1060,11:14:34,32.99,0.01,3,9897,买盘
1061,11:14:46,32.97,-0.02,3,9891,买盘
1062,11:14:58,32.97,0.0,4,13188,买盘
1063,11:15:10,32.97,0.0,6,19782,卖盘
1064,11:15:16,32.98,0.01,1,3298,买盘
1065,11:15:43,32.98,0.0,7,23086,卖盘
1066,11:15:46,32.99,0.01,1,3299,买盘
1067,11:15:55,32.99,0.0,3,9897,卖盘
1068,11:15:57,32.98,-0.01,1,3298,卖盘
1069,11:16:07,33.0,0.02,4,13198,买盘
1070,11:16:19,32.99,-0.01,4,13196,卖盘
1071,11:16:27,32.99,0.0,1,3299,买盘
1072,11:16:37,32.97,-0.02,3,9891,卖盘
1073,11:16:58,32.9,-0.07,4,13160,卖盘
1074,11:17:22,32.97,0.07,1,3297,买盘
1075,11:17:46,32.97,0.0,1,3297,买盘
1076,11:17:49,32.97,0.0,10,32970,买盘
1077,11:18:22,32.96,-0.01,2,6592,买盘
1078,11:18:31,32.96,0.0,3,9888,买盘
1079,11:18:52,32.97,0.01,6,19782,买盘
1080,11:19:03,32.98,0.01,7,23084,买盘
1081,11:20:13,32.97,-0.01,1,3297,卖盘
1082,11:20:36,32.93,-0.04,8,26348,卖盘
1083,11:21:22,32.99,0.06,2,6598,买盘
1084,11:21:45,32.99,0.0,8,26388,买盘
1085,11:21:49,32.99,0.0,2,6598,卖盘
1086,11:22:04,32.99,0.0,2,6598,买盘
1087,11:22:22,32.99,0.0,5,16495,买盘
1088,11:22:40,32.96,-0.03,4,13184,卖盘
1089,11:23:00,32.99,0.03,1,3299,买盘
1090,11:23:09,32.95,-0.04,11,36250,卖盘
1091,11:25:10,32.99,0.04,2,6598,买盘
1092,11:25:19,32.99,0.0,8,26392,买盘
1093,11:25:37,33.0,0.01,1,3300,买盘
1094,11:25:46,33.0,0.0,3,9900,买盘
1095,11:25:52,33.0,0.0,6,19795,买盘
1096,11:26:07,33.01,0.01,1,3301,买盘
1097,11:26:19,33.01,0.0,2,6602,买盘
1098,11:26:43,33.07,0.06,1,3307,买盘
1099,11:26:48,33.01,-0.06,1,3301,卖盘
1100,11:27:25,33.08,0.07,5,16538,买盘
1101,11:27:55,33.08,0.0,1,3308,买盘
1102,11:27:57,33.08,0.0,7,23151,买盘
1103,11:28:09,33.1,0.02,6,19858,买盘
1104,11:28:31,33.1,0.0,4,13234,买盘
1105,11:28:49,33.2,0.1,11,36518,买盘
1106,11:28:51,33.2,0.0,15,49800,卖盘
1107,11:28:54,33.2,0.0,1,3320,买盘
1108,11:29:04,33.2,0.0,1,3320,买盘
1109,11:29:18,33.2,0.0,1,3320,买盘
1110,11:29:37,33.2,0.0,3,9960,买盘
1111,13:00:04,33.2,0.0,28,92783,买盘
1112,13:00:24,33.2,0.0,8,26560,买盘
1113,13:00:27,33.2,0.0,1,3320,买盘
1114,13:00:33,33.22,0.02,1,3322,买盘
1115,13:00:48,33.24,0.02,5,16620,买盘
1116,13:00:54,33.24,0.0,5,16620,卖盘
1117,13:00:57,33.25,0.01,5,16625,买盘
1118,13:01:00,33.25,0.0,3,9975,卖盘
1119,13:01:06,33.27,0.02,1,3327,买盘
1120,13:01:18,33.27,0.0,2,6654,买盘
1121,13:01:33,33.27,0.0,18,59889,卖盘
1122,13:01:42,33.27,0.0,4,13308,买盘
1123,13:01:48,33.27,0.0,1,3327,买盘
1124,13:01:51,33.27,0.0,4,13308,买盘
1125,13:02:12,33.27,0.0,4,13308,卖盘
1126,13:02:24,33.3,0.03,8,26631,买盘
1127,13:02:27,33.27,-0.03,1,3327,卖盘
1128,13:02:52,33.27,0.0,1,3327,卖盘
1129,13:03:07,33.23,-0.04,1,3323,卖盘
1130,13:03:22,33.23,0.0,1,3323,卖盘
1131,13:03:30,33.23,0.0,1,3323,卖盘
1132,13:03:40,33.22,-0.01,6,19932,卖盘
1133,13:03:42,33.22,0.0,1,3322,卖盘
1134,13:03:48,33.15,-0.07,10,33150,卖盘
1135,13:04:12,33.15,0.0,9,29835,卖盘
1136,13:04:21,33.15,0.0,1,3315,买盘
1137,13:04:30,33.14,-0.01,1,3314,卖盘
1138,13:05:12,33.13,-0.01,3,9939,卖盘
1139,13:05:18,33.13,0.0,15,49695,卖盘
1140,13:05:39,33.13,0.0,2,6626,买盘
1141,13:05:49,33.13,0.0,1,3313,买盘
1142,13:06:22,33.13,0.0,1,3313,卖盘
1143,13:06:33,33.13,0.0,4,13252,买盘
1144,13:07:04,33.12,-0.01,2,6624,卖盘
1145,13:07:36,33.13,0.01,2,6626,买盘
1146,13:07:42,33.11,-0.02,1,3311,卖盘
1147,13:07:45,33.11,0.0,3,9933,卖盘
1148,13:08:07,33.13,0.02,2,6626,买盘
1149,13:08:25,33.13,0.0,1,3313,卖盘
1150,13:08:28,33.14,0.01,3,9942,买盘
1151,13:08:36,33.2,0.06,2,6640,买盘
1152,13:08:58,33.2,0.0,2,6640,买盘
1153,13:09:10,33.23,0.03,3,9969,买盘
1154,13:09:25,33.23,0.0,1,3323,卖盘
1155,13:09:27,33.23,0.0,1,3323,卖盘
1156,13:09:30,33.25,0.02,3,9975,买盘
1157,13:09:36,33.23,-0.02,1,3323,卖盘
1158,13:09:49,33.23,0.0,4,13292,卖盘
1159,13:10:22,33.23,0.0,8,26569,买盘
1160,13:10:40,33.2,-0.03,1,3320,卖盘
1161,13:10:58,33.2,0.0,2,6640,卖盘
1162,13:11:01,33.2,0.0,2,6640,买盘
1163,13:11:13,33.16,-0.04,2,6632,卖盘
1164,13:11:16,33.2,0.04,2,6640,中性盘
1165,13:11:28,33.2,0.0,2,6640,卖盘
1166,13:12:16,33.2,0.0,1,3320,卖盘
1167,13:12:19,33.2,0.0,3,9960,卖盘
1168,13:12:40,33.26,0.06,4,13304,买盘
1169,13:12:52,33.26,0.0,2,6652,卖盘
1170,13:12:58,33.2,-0.06,5,16600,卖盘
1171,13:13:06,33.26,0.06,3,9978,买盘
1172,13:13:19,33.27,0.01,5,16635,买盘
1173,13:13:42,33.27,0.0,3,9981,卖盘
1174,13:13:45,33.3,0.03,1,3330,买盘
1175,13:14:13,33.3,0.0,16,53280,买盘
1176,13:14:19,33.28,-0.02,3,9984,中性盘
1177,13:14:25,33.27,-0.01,46,153044,卖盘
1178,13:14:28,33.26,-0.01,8,26610,卖盘
1179,13:14:31,33.26,0.0,23,76519,卖盘
1180,13:14:34,33.26,0.0,1,3326,卖盘
1181,13:14:37,33.27,0.01,135,449144,买盘
1182,13:14:52,33.27,0.0,13,43251,卖盘
1183,13:15:04,33.32,0.05,2,6664,买盘
1184,13:15:06,33.32,0.0,1,3332,卖盘
1185,13:15:09,33.32,0.0,1,3332,卖盘
1186,13:15:12,33.32,0.0,1,3332,卖盘
1187,13:15:27,33.32,0.0,1,3332,买盘
1188,13:15:31,33.35,0.03,35,116679,买盘
1189,13:15:43,33.35,0.0,4,13340,买盘
1190,13:15:54,33.35,0.0,7,23345,买盘
1191,13:16:04,33.35,0.0,3,10005,买盘
1192,13:16:10,33.38,0.03,10,33356,买盘
1193,13:16:24,33.38,0.0,1,3338,卖盘
1194,13:16:28,33.38,0.0,1,3338,卖盘
1195,13:16:31,33.4,0.02,6,20040,买盘
1196,13:16:55,33.4,0.0,5,16704,卖盘
1197,13:16:58,33.4,0.0,2,6680,买盘
1198,13:17:01,33.4,0.0,7,23380,买盘
1199,13:17:09,33.38,-0.02,2,6676,卖盘
1200,13:17:15,33.38,0.0,1,3338,买盘
1201,13:17:24,33.35,-0.03,6,20010,卖盘
1202,13:17:28,33.38,0.03,28,93416,买盘
1203,13:17:31,33.33,-0.05,10,33330,卖盘
1204,13:17:49,33.35,0.02,1,3335,卖盘
1205,13:18:10,33.35,0.0,1,3335,卖盘
1206,13:18:13,33.35,0.0,5,16675,卖盘
1207,13:18:22,33.35,0.0,1,3335,卖盘
1208,13:18:24,33.33,-0.02,1,3333,卖盘
1209,13:18:28,33.33,0.0,1,3333,卖盘
1210,13:18:31,33.35,0.02,7,23340,买盘
1211,13:18:40,33.32,-0.03,3,9996,卖盘
1212,13:18:45,33.35,0.03,1,3335,买盘
1213,13:18:52,33.32,-0.03,7,23324,卖盘
1214,13:19:07,33.33,0.01,1,3333,买盘
1215,13:19:28,33.32,-0.01,1,3332,卖盘
1216,13:19:42,33.3,-0.02,1,3330,卖盘
1217,13:19:45,33.3,0.0,1,3330,卖盘
1218,13:19:51,33.3,0.0,2,6660,卖盘
1219,13:19:58,33.3,0.0,2,6660,卖盘
1220,13:20:01,33.3,0.0,3,9990,卖盘
1221,13:20:10,33.3,0.0,1,3330,卖盘
1222,13:20:28,33.3,0.0,6,19953,买盘
1223,13:21:25,33.28,-0.02,1,3328,买盘
1224,13:21:27,33.21,-0.07,3,9967,卖盘
1225,13:21:30,33.28,0.07,30,99831,买盘
1226,13:22:04,33.29,0.01,11,36616,买盘
1227,13:22:13,33.29,0.0,9,29961,卖盘
1228,13:22:15,33.29,0.0,1,3329,卖盘
1229,13:22:19,33.29,0.0,1,3329,卖盘
1230,13:22:21,33.29,0.0,1,3329,卖盘
1231,13:22:25,33.29,0.0,1,3329,卖盘
1232,13:22:27,33.29,0.0,2,6658,卖盘
1233,13:22:40,33.21,-0.08,11,36540,卖盘
1234,13:22:49,33.21,0.0,3,9963,卖盘
1235,13:22:52,33.21,0.0,3,9963,卖盘
1236,13:22:54,33.29,0.08,48,159407,买盘
1237,13:23:04,33.2,-0.09,1,3320,卖盘
1238,13:23:07,33.2,0.0,11,36519,买盘
1239,13:23:16,33.21,0.01,1,3321,卖盘
1240,13:23:18,33.21,0.0,3,9963,卖盘
1241,13:23:21,33.21,0.0,3,9963,卖盘
1242,13:23:25,33.21,0.0,3,9963,卖盘
1243,13:23:28,33.21,0.0,10,33210,卖盘
1244,13:23:37,33.16,-0.05,8,26540,卖盘
1245,13:23:52,33.16,0.0,2,6632,卖盘
1246,13:23:54,33.16,0.0,10,33160,卖盘
1247,13:24:04,33.15,-0.01,6,19890,卖盘
1248,13:24:13,33.15,0.0,2,6630,卖盘
1249,13:24:21,33.15,0.0,20,66313,卖盘
1250,13:24:27,33.13,-0.02,15,49695,卖盘
1251,13:24:31,33.15,0.02,5,16567,买盘
1252,13:24:43,33.11,-0.04,3,9933,卖盘
1253,13:24:46,33.15,0.04,1,3315,买盘
1254,13:25:04,33.14,-0.01,6,19884,买盘
1255,13:25:15,33.15,0.01,1,3315,买盘
1256,13:25:18,33.15,0.0,9,29835,买盘
1257,13:25:34,33.14,-0.01,8,26512,卖盘
1258,13:25:40,33.14,0.0,6,19884,卖盘
1259,13:26:43,33.15,0.01,3,9945,卖盘
1260,13:26:57,33.15,0.0,6,19893,卖盘
1261,13:27:00,33.15,0.0,4,13260,买盘
1262,13:27:19,33.14,-0.01,10,33140,卖盘
1263,13:27:30,33.13,-0.01,5,16565,买盘
1264,13:27:33,33.11,-0.02,3,9933,卖盘
1265,13:27:37,33.13,0.02,56,185528,中性盘
1266,13:27:46,33.19,0.06,2,6638,买盘
1267,13:27:49,33.11,-0.08,39,129173,卖盘
1268,13:28:10,33.1,-0.01,16,52960,卖盘
1269,13:28:28,33.11,0.01,8,26496,卖盘
1270,13:28:33,33.11,0.0,3,9933,卖盘
1271,13:28:52,33.11,0.0,1,3311,卖盘
1272,13:29:25,33.11,0.0,5,16555,卖盘
1273,13:29:28,33.11,0.0,1,3311,买盘
1274,13:29:40,33.11,0.0,8,26488,买盘
1275,13:29:55,33.1,-0.01,4,13246,卖盘
1276,13:30:19,33.15,0.05,1,3315,买盘
1277,13:31:04,33.15,0.0,4,13260,卖盘
1278,13:31:34,33.14,-0.01,3,9942,买盘
1279,13:31:58,33.1,-0.04,25,82802,卖盘
1280,13:32:34,33.11,0.01,4,13245,卖盘
1281,13:32:45,33.11,0.0,3,9933,买盘
1282,13:32:51,33.11,0.0,3,9933,买盘
1283,13:33:24,33.11,0.0,4,13244,卖盘
1284,13:33:42,33.17,0.06,3,9951,买盘
1285,13:33:51,33.17,0.0,3,9951,买盘
1286,13:34:31,33.12,-0.05,6,19872,卖盘
1287,13:34:42,33.12,0.0,5,16560,卖盘
1288,13:34:55,33.11,-0.01,2,6622,卖盘
1289,13:34:58,33.11,0.0,31,102641,卖盘
1290,13:35:04,33.1,-0.01,96,317760,卖盘
1291,13:35:13,33.0,-0.1,52,171670,卖盘
1292,13:35:16,33.0,0.0,3,9900,卖盘
1293,13:35:18,33.0,0.0,2,6608,卖盘
1294,13:35:21,33.0,0.0,1,3300,卖盘
1295,13:35:25,32.98,-0.02,16,52789,卖盘
1296,13:35:30,33.0,0.02,5,16500,买盘
1297,13:35:39,32.98,-0.02,1,3298,卖盘
1298,13:35:49,32.96,-0.02,5,16480,卖盘
1299,13:36:04,32.95,-0.01,4,13180,卖盘
1300,13:36:10,32.95,0.0,2,6590,买盘
1301,13:36:12,32.95,0.0,6,19770,买盘
1302,13:36:16,32.95,0.0,2,6590,买盘
1303,13:36:19,32.96,0.01,36,118636,买盘
1304,13:36:30,32.96,0.0,7,23072,卖盘
1305,13:36:33,33.0,0.04,10,33000,买盘
1306,13:36:45,33.0,0.0,2,6600,买盘
1307,13:36:52,33.0,0.0,4,13200,卖盘
1308,13:36:55,32.96,-0.04,14,46154,卖盘
1309,13:37:01,32.93,-0.03,2,6586,卖盘
1310,13:37:06,32.93,0.0,2,6586,卖盘
1311,13:37:22,32.96,0.03,1,3296,买盘
1312,13:37:25,32.95,-0.01,12,39540,卖盘
1313,13:37:34,32.95,0.0,5,16479,卖盘
1314,13:37:37,33.0,0.05,3,9900,买盘
1315,13:37:43,32.95,-0.05,1,3295,卖盘
1316,13:37:55,32.96,0.01,6,19776,卖盘
1317,13:38:00,32.96,0.0,5,16480,卖盘
1318,13:38:04,32.96,0.0,1,3296,买盘
1319,13:38:09,32.95,-0.01,10,32957,卖盘
1320,13:38:22,32.96,0.01,5,16480,卖盘
1321,13:38:27,33.02,0.06,5,16510,买盘
1322,13:38:40,33.02,0.0,5,16510,买盘
1323,13:39:04,32.98,-0.04,40,131944,卖盘
1324,13:39:06,32.98,0.0,6,19788,买盘
1325,13:39:13,32.98,0.0,5,16490,买盘
1326,13:39:19,32.98,0.0,2,6596,买盘
1327,13:39:22,32.98,0.0,60,197870,买盘
1328,13:39:33,32.98,0.0,1,3298,卖盘
1329,13:39:43,33.16,0.18,2,6632,买盘
1330,13:39:49,33.16,0.0,5,16580,买盘
1331,13:39:55,33.16,0.0,1,3316,买盘
1332,13:40:04,33.16,0.0,26,85897,买盘
1333,13:40:10,33.16,0.0,3,9948,买盘
1334,13:40:22,33.16,0.0,3,9948,买盘
1335,13:40:24,33.16,0.0,1,3316,卖盘
1336,13:40:28,33.16,0.0,1,3316,卖盘
1337,13:40:40,33.2,0.04,7,23222,买盘
1338,13:41:07,33.2,0.0,1,3320,买盘
1339,13:41:10,33.17,-0.03,1,3317,卖盘
1340,13:41:13,33.19,0.02,3,9955,买盘
1341,13:41:16,33.2,0.01,1,3320,卖盘
1342,13:41:19,33.17,-0.03,1,3317,卖盘
1343,13:41:22,33.17,0.0,1,3317,卖盘
1344,13:41:24,33.2,0.03,3,9960,中性盘
1345,13:41:28,33.2,0.0,1,3320,卖盘
1346,13:41:31,33.17,-0.03,1,3317,卖盘
1347,13:41:34,33.17,0.0,1,3317,卖盘
1348,13:41:37,33.21,0.04,7,23238,买盘
1349,13:41:40,33.21,0.0,1,3321,卖盘
1350,13:41:43,33.21,0.0,1,3321,卖盘
1351,13:41:46,33.25,0.04,2,6646,买盘
1352,13:41:48,33.26,0.01,1,3326,卖盘
1353,13:41:51,33.26,0.0,1,3326,卖盘
1354,13:41:54,33.3,0.04,9,29954,买盘
1355,13:42:01,33.3,0.0,8,26632,买盘
1356,13:42:04,33.26,-0.04,3,9978,卖盘
1357,13:42:07,33.26,0.0,4,13304,卖盘
1358,13:42:10,33.3,0.04,13,43196,买盘
1359,13:42:13,33.21,-0.09,2,6642,卖盘
1360,13:42:21,33.26,0.05,1,3326,卖盘
1361,13:42:34,33.26,0.0,2,6652,卖盘
1362,13:42:58,33.26,0.0,7,23283,卖盘
1363,13:43:13,33.3,0.04,2,6660,买盘
1364,13:43:24,33.3,0.0,2,6659,买盘
1365,13:43:40,33.33,0.03,3,9999,卖盘
1366,13:43:43,33.29,-0.04,7,23303,卖盘
1367,13:43:46,33.33,0.04,10,33318,买盘
1368,13:43:49,33.33,0.0,21,69993,买盘
1369,13:44:04,33.33,0.0,1,3333,买盘
1370,13:44:13,33.3,-0.03,2,6660,卖盘
1371,13:44:27,33.31,0.01,4,13329,卖盘
1372,13:44:37,33.31,0.0,2,6662,卖盘
1373,13:44:40,33.3,-0.01,3,9990,卖盘
1374,13:44:46,33.3,0.0,1,3330,买盘
1375,13:44:51,33.31,0.01,3,9993,买盘
1376,13:45:01,33.32,0.01,49,163290,卖盘
1377,13:45:19,33.3,-0.02,1,3330,买盘
1378,13:45:34,33.26,-0.04,5,16630,卖盘
1379,13:45:43,33.3,0.04,10,33300,买盘
1380,13:45:49,33.26,-0.04,4,13304,卖盘
1381,13:46:01,33.26,0.0,2,6652,卖盘
1382,13:46:06,33.26,0.0,4,13304,卖盘
1383,13:46:25,33.26,0.0,1,3326,卖盘
1384,13:46:27,33.26,0.0,2,6652,卖盘
1385,13:46:34,33.26,0.0,17,56542,卖盘
1386,13:46:37,33.26,0.0,2,6652,卖盘
1387,13:47:07,33.21,-0.05,12,39852,卖盘
1388,13:47:16,33.21,0.0,2,6642,卖盘
1389,13:47:30,33.2,-0.01,5,16600,卖盘
1390,13:47:34,33.2,0.0,6,19920,卖盘
1391,13:47:42,33.17,-0.03,3,9951,卖盘
1392,13:47:48,33.19,0.02,6,19914,买盘
1393,13:48:01,33.17,-0.02,5,16585,卖盘
1394,13:48:04,33.17,0.0,4,13268,买盘
1395,13:48:07,33.2,0.03,16,53120,买盘
1396,13:48:16,33.2,0.0,7,23240,买盘
1397,13:48:18,33.26,0.06,3,9978,买盘
1398,13:48:51,33.3,0.04,3,9988,买盘
1399,13:48:55,33.3,0.0,12,39960,买盘
1400,13:48:58,33.3,0.0,1,3330,买盘
1401,13:49:01,33.3,0.0,2,6660,买盘
1402,13:49:10,33.3,0.0,8,26640,买盘
1403,13:49:13,33.33,0.03,6,19998,买盘
1404,13:49:16,33.3,-0.03,2,6660,卖盘
1405,13:49:19,33.33,0.03,1,3333,买盘
1406,13:49:21,33.33,0.0,31,103323,买盘
1407,13:49:27,33.38,0.05,22,73397,买盘
1408,13:49:33,33.4,0.02,2,6680,买盘
1409,13:49:37,33.44,0.04,11,36744,买盘
1410,13:49:45,33.44,0.0,63,210909,卖盘
1411,13:49:52,33.45,0.01,3,10035,卖盘
1412,13:49:58,33.55,0.1,10,33525,买盘
1413,13:50:04,33.52,-0.03,2,6704,卖盘
1414,13:50:06,33.6,0.08,4,13440,买盘
1415,13:50:15,33.6,0.0,21,70558,买盘
1416,13:50:19,33.6,0.0,23,77306,买盘
1417,13:50:21,33.6,0.0,2,6720,卖盘
1418,13:50:25,33.6,0.0,51,171934,卖盘
1419,13:50:27,33.6,0.0,16,53820,卖盘
1420,13:50:31,33.8,0.2,25,84476,买盘
1421,13:50:34,33.8,0.0,3,10140,卖盘
1422,13:50:42,33.8,0.0,1,3380,买盘
1423,13:50:46,33.8,0.0,4,13520,买盘
1424,13:50:49,33.8,0.0,18,60871,买盘
1425,13:50:58,33.81,0.01,4,13524,卖盘
1426,13:51:01,33.8,-0.01,8,27046,卖盘
1427,13:51:04,33.8,0.0,3,10140,卖盘
1428,13:51:10,33.8,0.0,3,10140,卖盘
1429,13:51:12,33.8,0.0,14,47320,卖盘
1430,13:51:16,33.8,0.0,11,37180,卖盘
1431,13:51:25,33.75,-0.05,5,16879,卖盘
1432,13:51:33,33.74,-0.01,2,6748,中性盘
1433,13:51:37,33.74,0.0,2,6748,买盘
1434,13:51:39,33.73,-0.01,3,10119,卖盘
1435,13:51:43,33.72,-0.01,1,3372,买盘
1436,13:51:46,33.62,-0.1,39,131478,卖盘
1437,13:51:52,33.62,0.0,2,6724,卖盘
1438,13:51:58,33.69,0.07,2,6738,买盘
1439,13:52:06,33.7,0.01,2,6740,卖盘
1440,13:52:13,33.68,-0.02,3,10104,买盘
1441,13:52:22,33.7,0.02,1,3370,买盘
1442,13:52:40,33.71,0.01,11,37078,买盘
1443,13:52:43,33.7,-0.01,2,6740,中性盘
1444,13:52:46,33.7,0.0,3,10110,买盘
1445,13:52:49,33.7,0.0,5,16850,买盘
1446,13:52:52,33.69,-0.01,5,16845,卖盘
1447,13:52:55,33.7,0.01,2,6740,买盘
1448,13:52:58,33.69,-0.01,8,26954,卖盘
1449,13:53:01,33.69,0.0,6,20214,买盘
1450,13:53:07,33.67,-0.02,7,23572,卖盘
1451,13:53:13,33.69,0.02,3,10103,买盘
1452,13:53:16,33.67,-0.02,6,20204,卖盘
1453,13:53:28,33.69,0.02,12,40428,买盘
1454,13:53:31,33.69,0.0,5,16845,卖盘
1455,13:53:37,33.7,0.01,3,10110,买盘
1456,13:53:43,33.71,0.01,17,57303,买盘
1457,13:53:46,33.71,0.0,4,13484,买盘
1458,13:53:49,33.71,0.0,1,3371,卖盘
1459,13:53:52,33.79,0.08,20,67572,买盘
1460,13:53:58,33.8,0.01,5,16900,买盘
1461,13:54:01,33.8,0.0,12,40560,买盘
1462,13:54:04,33.8,0.0,1,3380,卖盘
1463,13:54:07,33.8,0.0,1,3380,卖盘
1464,13:54:10,33.81,0.01,11,37191,买盘
1465,13:54:12,33.81,0.0,2,6762,卖盘
1466,13:54:16,33.82,0.01,1,3382,买盘
1467,13:54:19,33.82,0.0,3,10146,买盘
1468,13:54:22,33.83,0.01,2,6766,买盘
1469,13:54:25,33.82,-0.01,14,47352,卖盘
1470,13:54:28,33.84,0.02,14,47375,买盘
1471,13:54:31,33.83,-0.01,10,33834,卖盘
1472,13:54:40,33.85,0.02,3,10154,买盘
1473,13:54:42,33.83,-0.02,8,27064,卖盘
1474,13:54:48,33.85,0.02,20,67690,买盘
1475,13:54:52,33.83,-0.02,19,64294,卖盘
1476,13:54:55,33.83,0.0,1,3383,卖盘
1477,13:54:58,33.83,0.0,5,16915,买盘
1478,13:55:01,33.82,-0.01,4,13528,卖盘
1479,13:55:04,33.83,0.01,4,13530,买盘
1480,13:55:10,33.82,-0.01,5,16908,买盘
1481,13:55:13,33.8,-0.02,1,3380,卖盘
1482,13:55:21,33.7,-0.1,7,23608,卖盘
1483,13:55:31,33.79,0.09,10,33790,买盘
1484,13:55:40,33.7,-0.09,6,20220,卖盘
1485,13:55:46,33.7,0.0,20,67409,卖盘
1486,13:55:58,33.71,0.01,6,20221,买盘
1487,13:56:04,33.71,0.0,1,3371,卖盘
1488,13:56:10,33.7,-0.01,50,168514,卖盘
1489,13:56:22,33.78,0.08,8,27024,买盘
1490,13:56:28,33.78,0.0,2,6756,卖盘
1491,13:56:30,33.78,0.0,8,27024,买盘
1492,13:56:43,33.78,0.0,1,3378,买盘
1493,13:56:49,33.78,0.0,14,47292,买盘
1494,13:56:52,33.78,0.0,1,3378,卖盘
1495,13:56:58,33.78,0.0,1,3378,卖盘
1496,13:57:04,33.78,0.0,1,3378,卖盘
1497,13:57:10,33.8,0.02,22,74360,买盘
1498,13:57:13,33.78,-0.02,6,20272,卖盘
1499,13:57:22,33.78,0.0,1,3378,卖盘
1500,13:57:28,33.8,0.02,5,16896,买盘
1501,13:57:46,33.78,-0.02,3,10134,卖盘
1502,13:57:49,33.78,0.0,24,81072,卖盘
1503,13:57:58,33.78,0.0,5,16890,买盘
1504,13:58:09,33.71,-0.07,12,40494,卖盘
1505,13:58:15,33.71,0.0,4,13484,卖盘
1506,13:58:19,33.71,0.0,15,50565,卖盘
1507,13:58:34,33.71,0.0,8,26963,买盘
1508,13:58:49,33.75,0.04,1,3375,卖盘
1509,13:59:30,33.71,-0.04,2,6742,卖盘
1510,13:59:37,33.75,0.04,1,3375,买盘
1511,14:00:00,33.71,-0.04,4,13484,卖盘
1512,14:00:04,33.7,-0.01,38,128065,卖盘
1513,14:00:06,33.74,0.04,2,6748,买盘
1514,14:00:22,33.74,0.0,5,16870,卖盘
1515,14:00:25,33.74,0.0,1,3374,卖盘
1516,14:00:46,33.74,0.0,8,26992,买盘
1517,14:00:52,33.74,0.0,5,16870,买盘
1518,14:00:55,33.74,0.0,1,3374,卖盘
1519,14:01:25,33.75,0.01,2,6750,买盘
1520,14:01:28,33.74,-0.01,5,16870,卖盘
1521,14:01:31,33.74,0.0,1,3374,卖盘
1522,14:01:40,33.75,0.01,10,33750,买盘
1523,14:01:43,33.74,-0.01,3,10122,卖盘
1524,14:01:45,33.75,0.01,1,3375,买盘
1525,14:02:01,33.75,0.0,3,10125,卖盘
1526,14:02:06,33.75,0.0,4,13503,卖盘
1527,14:02:13,33.8,0.05,2,6760,买盘
1528,14:02:25,33.8,0.0,4,13520,买盘
1529,14:02:31,33.8,0.0,3,10140,买盘
1530,14:02:34,33.83,0.03,29,98040,买盘
1531,14:02:46,33.83,0.0,10,33830,买盘
1532,14:02:52,33.83,0.0,2,6766,卖盘
1533,14:02:58,33.85,0.02,5,16925,买盘
1534,14:03:04,33.88,0.03,9,30479,买盘
1535,14:03:13,33.88,0.0,2,6776,买盘
1536,14:03:16,33.88,0.0,20,67760,买盘
1537,14:03:22,33.9,0.02,1,3390,卖盘
1538,14:03:28,33.91,0.01,3,10173,买盘
1539,14:03:37,33.95,0.04,18,61105,买盘
1540,14:03:40,33.95,0.0,6,20370,卖盘
1541,14:03:46,33.96,0.01,2,6792,买盘
1542,14:03:52,33.95,-0.01,8,27163,买盘
1543,14:03:57,33.96,0.01,3,10188,买盘
1544,14:04:01,33.96,0.0,10,33960,买盘
1545,14:04:04,33.96,0.0,2,6792,买盘
1546,14:04:07,33.96,0.0,1,3396,卖盘
1547,14:04:10,33.96,0.0,1,3396,卖盘
1548,14:04:13,33.96,0.0,10,33963,卖盘
1549,14:04:16,33.96,0.0,15,50950,卖盘
1550,14:04:19,33.97,0.01,1,3397,买盘
1551,14:04:21,33.96,-0.01,20,67929,卖盘
1552,14:04:28,33.96,0.0,3,10188,卖盘
1553,14:04:31,33.96,0.0,16,54336,卖盘
1554,14:04:37,33.95,-0.01,8,27160,卖盘
1555,14:04:40,33.96,0.01,1,3396,买盘
1556,14:04:43,33.95,-0.01,13,44135,卖盘
1557,14:04:46,33.95,0.0,6,20375,卖盘
1558,14:04:54,33.91,-0.04,25,84787,卖盘
1559,14:04:57,33.91,0.0,1,3391,买盘
1560,14:05:04,33.92,0.01,3,10175,买盘
1561,14:05:10,33.92,0.0,4,13568,卖盘
1562,14:05:22,33.92,0.0,6,20352,卖盘
1563,14:05:31,33.92,0.0,2,6784,买盘
1564,14:05:34,33.9,-0.02,14,47465,卖盘
1565,14:05:37,33.92,0.02,11,37309,买盘
1566,14:05:51,33.91,-0.01,6,20344,买盘
1567,14:05:55,33.88,-0.03,11,37268,卖盘
1568,14:05:58,33.9,0.02,7,23730,买盘
1569,14:06:01,33.9,0.0,6,20340,买盘
1570,14:06:07,33.88,-0.02,4,13552,卖盘
1571,14:06:22,33.9,0.02,9,30506,买盘
1572,14:06:25,33.88,-0.02,1,3388,卖盘
1573,14:06:37,33.86,-0.02,2,6772,卖盘
1574,14:06:42,33.85,-0.01,5,16925,卖盘
1575,14:06:49,33.8,-0.05,9,30444,卖盘
1576,14:06:55,33.76,-0.04,1,3376,卖盘
1577,14:06:58,33.76,0.0,1,3376,卖盘
1578,14:07:04,33.8,0.04,5,16894,买盘
1579,14:07:07,33.76,-0.04,19,64144,卖盘
1580,14:07:10,33.76,0.0,10,33760,买盘
1581,14:07:13,33.76,0.0,3,10127,买盘
1582,14:07:19,33.76,0.0,1,3376,买盘
1583,14:07:22,33.8,0.04,23,77732,买盘
1584,14:07:27,33.8,0.0,18,60840,卖盘
1585,14:07:43,33.8,0.0,9,30420,卖盘
1586,14:08:01,33.76,-0.04,29,97930,卖盘
1587,14:08:07,33.76,0.0,6,20256,买盘
1588,14:08:36,33.77,0.01,8,27016,卖盘
1589,14:08:43,33.8,0.03,2,6760,买盘
1590,14:08:45,33.77,-0.03,1,3377,卖盘
1591,14:08:48,33.77,0.0,6,20262,卖盘
1592,14:08:55,33.78,0.01,6,20263,中性盘
1593,14:09:00,33.78,0.0,1,3378,买盘
1594,14:09:07,33.77,-0.01,6,20262,卖盘
1595,14:09:13,33.78,0.01,23,77694,买盘
1596,14:09:18,33.77,-0.01,1,3377,卖盘
1597,14:09:24,33.75,-0.02,1,3375,卖盘
1598,14:09:36,33.78,0.03,7,23634,买盘
1599,14:09:39,33.72,-0.06,15,50610,卖盘
1600,14:09:52,33.71,-0.01,16,53936,卖盘
1601,14:09:58,33.71,0.0,3,10114,卖盘
1602,14:10:07,33.71,0.0,9,30341,卖盘
1603,14:10:16,33.7,-0.01,5,16850,卖盘
1604,14:10:25,33.7,0.0,12,40446,卖盘
1605,14:10:36,33.71,0.01,6,20226,卖盘
1606,14:10:55,33.71,0.0,2,6742,卖盘
1607,14:11:01,33.71,0.0,8,26968,卖盘
1608,14:11:07,33.71,0.0,2,6742,买盘
1609,14:11:09,33.7,-0.01,100,337023,卖盘
1610,14:11:22,33.78,0.08,6,20268,买盘
1611,14:11:36,33.78,0.0,3,10134,卖盘
1612,14:11:40,33.78,0.0,5,16890,买盘
1613,14:11:43,33.78,0.0,4,13512,买盘
1614,14:11:46,33.72,-0.06,1,3372,卖盘
1615,14:11:49,33.72,0.0,3,10116,买盘
1616,14:11:55,33.71,-0.01,7,23598,卖盘
1617,14:12:01,33.72,0.01,3,10114,买盘
1618,14:12:22,33.78,0.06,6,20268,买盘
1619,14:12:36,33.79,0.01,5,16895,买盘
1620,14:12:43,33.78,-0.01,1,3378,买盘
1621,14:12:45,33.78,0.0,15,50690,卖盘
1622,14:12:54,33.79,0.01,4,13516,买盘
1623,14:13:01,33.79,0.0,1,3379,买盘
1624,14:13:13,33.8,0.01,3,10140,买盘
1625,14:13:16,33.8,0.0,11,37180,买盘
1626,14:13:19,33.8,0.0,3,10138,买盘
1627,14:13:25,33.79,-0.01,13,43938,卖盘
1628,14:13:40,33.79,0.0,3,10137,卖盘
1629,14:13:51,33.88,0.09,3,10164,买盘
1630,14:14:07,33.87,-0.01,3,10161,买盘
1631,14:14:10,33.87,0.0,2,6774,买盘
1632,14:14:16,33.8,-0.07,8,27047,卖盘
1633,14:14:22,33.88,0.08,1,3388,买盘
1634,14:14:25,33.88,0.0,15,50820,卖盘
1635,14:14:27,33.89,0.01,13,44047,买盘
1636,14:14:37,33.89,0.0,4,13556,买盘
1637,14:14:46,33.88,-0.01,1,3388,卖盘
1638,14:14:52,33.89,0.01,7,23723,买盘
1639,14:14:55,33.88,-0.01,22,74536,卖盘
1640,14:15:01,33.89,0.01,11,37279,买盘
1641,14:15:07,33.9,0.01,45,152550,买盘
1642,14:15:19,33.89,-0.01,5,16945,卖盘
1643,14:15:22,33.89,0.0,4,13556,卖盘
1644,14:15:24,33.9,0.01,1,3390,买盘
1645,14:15:27,33.9,0.0,3,10170,买盘
1646,14:15:30,33.89,-0.01,10,33890,卖盘
1647,14:15:34,33.92,0.03,6,20346,买盘
1648,14:15:36,33.92,0.0,2,6784,买盘
1649,14:15:40,33.92,0.0,10,33920,买盘
1650,14:15:43,33.92,0.0,1,3392,卖盘
1651,14:15:45,33.92,0.0,3,10176,卖盘
1652,14:15:52,33.93,0.01,6,20358,买盘
1653,14:16:01,33.95,0.02,4,13580,买盘
1654,14:16:04,33.95,0.0,2,6790,买盘
1655,14:16:09,33.94,-0.01,33,112096,卖盘
1656,14:16:13,33.95,0.01,4,13580,卖盘
1657,14:16:16,33.95,0.0,5,16975,卖盘
1658,14:16:24,33.95,0.0,5,16975,买盘
1659,14:16:27,33.95,0.0,10,33950,卖盘
1660,14:16:30,33.95,0.0,9,30555,卖盘
1661,14:16:33,33.95,0.0,2,6790,卖盘
1662,14:16:40,33.95,0.0,1,3395,卖盘
1663,14:16:42,33.95,0.0,5,16975,卖盘
1664,14:16:52,33.99,0.04,1,3399,买盘
1665,14:16:55,33.99,0.0,1,3399,买盘
1666,14:17:01,33.99,0.0,23,78177,买盘
1667,14:17:07,33.99,0.0,32,108768,卖盘
1668,14:17:10,33.99,0.0,13,44187,卖盘
1669,14:17:12,33.99,0.0,1,3399,买盘
1670,14:17:15,33.99,0.0,1,3399,买盘
1671,14:17:18,33.99,0.0,12,40788,买盘
1672,14:17:21,33.95,-0.04,5,16975,卖盘
1673,14:17:27,33.99,0.04,9,30591,买盘
1674,14:17:43,33.99,0.0,1,3399,买盘
1675,14:17:58,33.96,-0.03,4,13584,卖盘
1676,14:18:13,33.99,0.03,22,74772,买盘
1677,14:18:15,33.96,-0.03,20,67920,卖盘
1678,14:18:24,33.98,0.02,3,10192,买盘
1679,14:18:31,33.95,-0.03,10,33950,卖盘
1680,14:18:34,33.95,0.0,1,3395,卖盘
1681,14:18:40,33.95,0.0,20,67900,卖盘
1682,14:18:43,33.96,0.01,5,16980,买盘
1683,14:18:49,33.96,0.0,3,10188,卖盘
1684,14:18:52,33.98,0.02,2,6796,买盘
1685,14:18:58,33.96,-0.02,2,6792,卖盘
1686,14:19:01,33.96,0.0,14,47544,卖盘
1687,14:19:04,33.98,0.02,2,6796,买盘
1688,14:19:06,33.96,-0.02,5,16980,卖盘
1689,14:19:09,33.96,0.0,6,20381,卖盘
1690,14:19:16,33.98,0.02,6,20388,买盘
1691,14:19:22,33.96,-0.02,4,13584,卖盘
1692,14:19:25,33.96,0.0,1,3396,卖盘
1693,14:19:27,33.98,0.02,11,37369,买盘
1694,14:19:31,33.96,-0.02,2,6792,中性盘
1695,14:19:37,33.96,0.0,10,33952,买盘
1696,14:19:40,33.96,0.0,4,13584,买盘
1697,14:19:43,33.96,0.0,1,3396,卖盘
1698,14:19:46,33.96,0.0,1,3396,卖盘
1699,14:19:52,33.95,-0.01,2,6790,卖盘
1700,14:19:55,33.95,0.0,12,40740,卖盘
1701,14:19:58,33.95,0.0,1,3395,卖盘
1702,14:20:04,33.95,0.0,6,20370,卖盘
1703,14:20:10,33.95,0.0,3,10185,卖盘
1704,14:20:12,33.95,0.0,1,3395,卖盘
1705,14:20:19,33.96,0.01,4,13584,买盘
1706,14:20:28,33.95,-0.01,1,3395,卖盘
1707,14:20:42,33.92,-0.03,3,10176,卖盘
1708,14:20:48,33.92,0.0,9,30534,卖盘
1709,14:20:54,33.92,0.0,3,10176,卖盘
1710,14:21:04,33.92,0.0,7,23744,卖盘
1711,14:21:10,33.9,-0.02,4,13560,卖盘
1712,14:21:37,33.9,0.0,13,44048,买盘
1713,14:21:42,33.81,-0.09,4,13524,卖盘
1714,14:21:52,33.81,0.0,2,6762,买盘
1715,14:21:55,33.85,0.04,1,3385,买盘
1716,14:21:58,33.8,-0.05,2,6760,卖盘
1717,14:22:18,33.85,0.05,1,3385,买盘
1718,14:22:46,33.8,-0.05,10,33800,卖盘
1719,14:23:15,33.81,0.01,1,3381,卖盘
1720,14:23:22,33.81,0.0,11,37221,卖盘
1721,14:23:31,33.8,-0.01,3,10140,卖盘
1722,14:23:34,33.8,0.0,1,3380,卖盘
1723,14:23:37,33.8,0.0,3,10140,卖盘
1724,14:23:40,33.8,0.0,12,40565,卖盘
1725,14:23:43,33.8,0.0,2,6760,卖盘
1726,14:23:49,33.8,0.0,3,10140,卖盘
1727,14:23:55,33.8,0.0,8,27040,卖盘
1728,14:24:12,33.79,-0.01,1,3379,买盘
1729,14:24:16,33.75,-0.04,4,13500,卖盘
1730,14:24:19,33.73,-0.02,1,3373,卖盘
1731,14:24:33,33.73,0.0,3,10119,卖盘
1732,14:24:37,33.71,-0.02,47,158478,卖盘
1733,14:24:43,33.71,0.0,20,67430,卖盘
1734,14:24:52,33.72,0.01,3,10114,中性盘
1735,14:24:57,33.73,0.01,20,67460,买盘
1736,14:25:04,33.73,0.0,2,6746,卖盘
1737,14:25:07,33.73,0.0,1,3373,卖盘
1738,14:25:19,33.71,-0.02,2,6742,卖盘
1739,14:25:28,33.7,-0.01,80,269627,卖盘
1740,14:25:42,33.7,0.0,3,10110,买盘
1741,14:25:45,33.69,-0.01,4,13476,卖盘
1742,14:25:49,33.7,0.01,5,16850,买盘
1743,14:25:58,33.69,-0.01,8,26953,卖盘
1744,14:26:01,33.69,0.0,4,13476,买盘
1745,14:26:07,33.68,-0.01,1,3368,卖盘
1746,14:26:12,33.69,0.01,3,10106,买盘
1747,14:26:39,33.66,-0.03,2,6732,卖盘
1748,14:26:43,33.67,0.01,4,13468,买盘
1749,14:26:45,33.69,0.02,10,33678,买盘
1750,14:26:49,33.63,-0.06,12,40403,卖盘
1751,14:26:51,33.65,0.02,3,10095,买盘
1752,14:26:55,33.65,0.0,3,10095,买盘
1753,14:27:01,33.65,0.0,1,3365,卖盘
1754,14:27:06,33.64,-0.01,5,16817,买盘
1755,14:27:10,33.64,0.0,2,6728,买盘
1756,14:27:13,33.64,0.0,5,16820,买盘
1757,14:27:15,33.63,-0.01,5,16815,卖盘
1758,14:27:31,33.7,0.07,1,3370,买盘
1759,14:28:01,33.66,-0.04,2,6732,卖盘
1760,14:28:04,33.63,-0.03,8,26910,卖盘
1761,14:28:09,33.63,0.0,2,6726,买盘
1762,14:28:13,33.63,0.0,3,10089,买盘
1763,14:28:22,33.63,0.0,1,3363,买盘
1764,14:28:27,33.63,0.0,3,10089,买盘
1765,14:28:34,33.62,-0.01,2,6724,卖盘
1766,14:28:36,33.6,-0.02,2,6720,买盘
1767,14:28:52,33.6,0.0,2,6720,买盘
1768,14:28:55,33.6,0.0,4,13432,买盘
1769,14:29:04,33.6,0.0,1,3360,买盘
1770,14:29:16,33.59,-0.01,5,16795,买盘
1771,14:29:31,33.59,0.0,2,6718,卖盘
1772,14:29:42,33.6,0.01,1,3360,买盘
1773,14:29:46,33.6,0.0,7,23520,买盘
1774,14:29:49,33.6,0.0,2,6720,买盘
1775,14:30:30,33.7,0.1,12,40440,买盘
1776,14:30:46,33.62,-0.08,10,33628,卖盘
1777,14:30:52,33.65,0.03,3,10091,买盘
1778,14:31:28,33.7,0.05,23,77405,买盘
1779,14:31:33,33.65,-0.05,3,10095,卖盘
1780,14:31:46,33.65,0.0,3,10095,卖盘
1781,14:31:49,33.65,0.0,1,3365,卖盘
1782,14:32:10,33.68,0.03,2,6736,买盘
1783,14:32:13,33.66,-0.02,2,6732,卖盘
1784,14:32:16,33.7,0.04,4,13474,买盘
1785,14:32:33,33.68,-0.02,1,3368,卖盘
1786,14:32:36,33.7,0.02,20,67400,买盘
1787,14:32:46,33.7,0.0,3,10110,卖盘
1788,14:32:55,33.68,-0.02,9,30324,卖盘
1789,14:33:01,33.65,-0.03,25,84144,卖盘
1790,14:33:04,33.68,0.03,6,20208,买盘
1791,14:33:10,33.66,-0.02,1,3366,卖盘
1792,14:33:19,33.68,0.02,1,3368,买盘
1793,14:33:40,33.69,0.01,4,13476,买盘
1794,14:33:52,33.69,0.0,14,47166,买盘
1795,14:33:58,33.69,0.0,2,6738,卖盘
1796,14:34:04,33.69,0.0,5,16848,卖盘
1797,14:34:10,33.69,0.0,5,16845,卖盘
1798,14:34:12,33.69,0.0,9,30321,卖盘
1799,14:34:16,33.7,0.01,2,6740,买盘
1800,14:34:19,33.69,-0.01,10,33690,卖盘
1801,14:34:25,33.68,-0.01,6,20208,卖盘
1802,14:34:28,33.68,0.0,10,33680,卖盘
1803,14:34:36,33.68,0.0,4,13472,卖盘
1804,14:34:39,33.68,0.0,23,76386,卖盘
1805,14:34:43,33.68,0.0,3,11182,卖盘
1806,14:34:52,33.66,-0.02,1,3366,卖盘
1807,14:35:01,33.66,0.0,15,50510,卖盘
1808,14:35:16,33.66,0.0,12,40385,买盘
1809,14:35:25,33.65,-0.01,6,20192,卖盘
1810,14:35:28,33.66,0.01,3,10098,买盘
1811,14:35:31,33.65,-0.01,9,30285,卖盘
1812,14:35:34,33.66,0.01,1,3366,买盘
1813,14:35:40,33.65,-0.01,8,26925,卖盘
1814,14:35:42,33.65,0.0,3,10095,卖盘
1815,14:35:45,33.66,0.01,4,13464,买盘
1816,14:35:49,33.65,-0.01,9,30285,卖盘
1817,14:35:52,33.65,0.0,17,57205,卖盘
1818,14:35:58,33.65,0.0,3,9018,买盘
1819,14:36:01,33.65,0.0,2,7807,卖盘
1820,14:36:07,33.65,0.0,1,2288,卖盘
1821,14:36:13,33.65,0.0,1,3365,卖盘
1822,14:36:19,33.65,0.0,5,17902,卖盘
1823,14:36:46,33.65,0.0,8,26920,买盘
1824,14:36:51,33.65,0.0,1,3365,买盘
1825,14:36:55,33.65,0.0,27,90855,买盘
1826,14:37:09,33.63,-0.02,5,16815,卖盘
1827,14:37:16,33.63,0.0,15,50445,买盘
1828,14:37:19,33.63,0.0,16,53808,卖盘
1829,14:37:24,33.63,0.0,3,10089,买盘
1830,14:37:31,33.62,-0.01,17,57169,卖盘
1831,14:37:37,33.62,0.0,4,13448,卖盘
1832,14:37:40,33.63,0.01,1,3363,买盘
1833,14:37:42,33.62,-0.01,3,10086,卖盘
1834,14:37:46,33.61,-0.01,20,67237,卖盘
1835,14:37:49,33.63,0.02,15,50445,买盘
1836,14:37:55,33.62,-0.01,4,13448,买盘
1837,14:38:01,33.61,-0.01,10,33610,卖盘
1838,14:38:10,33.6,-0.01,4,13440,卖盘
1839,14:38:16,33.61,0.01,14,47042,买盘
1840,14:38:18,33.61,0.0,7,23522,买盘
1841,14:38:22,33.6,-0.01,4,13440,卖盘
1842,14:38:27,33.6,0.0,11,36963,卖盘
1843,14:38:34,33.61,0.01,6,20166,买盘
1844,14:38:40,33.61,0.0,4,13444,卖盘
1845,14:38:45,33.61,0.0,3,10083,卖盘
1846,14:38:52,33.6,-0.01,20,67200,卖盘
1847,14:38:58,33.61,0.01,8,26884,买盘
1848,14:39:01,33.61,0.0,2,6722,买盘
1849,14:39:10,33.61,0.0,1,3361,卖盘
1850,14:39:13,33.62,0.01,5,16810,买盘
1851,14:39:16,33.6,-0.02,4,13440,卖盘
1852,14:39:19,33.6,0.0,1,3360,卖盘
1853,14:39:28,33.6,0.0,9,30240,卖盘
1854,14:39:31,33.6,0.0,64,215040,卖盘
1855,14:39:34,33.59,-0.01,7,23513,卖盘
1856,14:39:40,33.58,-0.01,2,6718,卖盘
1857,14:39:51,33.56,-0.02,6,20146,卖盘
1858,14:40:07,33.56,0.0,6,20136,买盘
1859,14:40:09,33.56,0.0,2,6712,买盘
1860,14:40:13,33.55,-0.01,6,20132,卖盘
1861,14:40:18,33.53,-0.02,1,3353,卖盘
1862,14:40:24,33.55,0.02,30,100650,买盘
1863,14:40:28,33.53,-0.02,4,13412,卖盘
1864,14:40:39,33.51,-0.02,7,23457,卖盘
1865,14:40:43,33.51,0.0,6,20106,买盘
1866,14:40:52,33.5,-0.01,22,73700,卖盘
1867,14:40:55,33.5,0.0,6,20100,买盘
1868,14:40:58,33.5,0.0,1,3350,买盘
1869,14:41:01,33.5,0.0,26,87100,买盘
1870,14:41:10,33.48,-0.02,4,13392,卖盘
1871,14:41:19,33.48,0.0,1,3348,买盘
1872,14:41:22,33.5,0.02,2,6700,买盘
1873,14:41:25,33.48,-0.02,8,26788,卖盘
1874,14:41:28,33.42,-0.06,10,33442,卖盘
1875,14:41:37,33.41,-0.01,11,36753,卖盘
1876,14:41:40,33.41,0.0,1,3341,买盘
1877,14:41:46,33.41,0.0,9,30069,买盘
1878,14:41:49,33.41,0.0,3,10025,卖盘
1879,14:41:55,33.42,0.01,29,96892,买盘
1880,14:41:58,33.41,-0.01,15,50120,卖盘
1881,14:42:00,33.42,0.01,5,16709,买盘
1882,14:42:07,33.5,0.08,16,53575,买盘
1883,14:42:22,33.5,0.0,31,103851,卖盘
1884,14:42:25,33.5,0.0,3,10050,买盘
1885,14:42:36,33.5,0.0,1,3350,卖盘
1886,14:42:39,33.51,0.01,3,10053,买盘
1887,14:42:49,33.51,0.0,7,23457,卖盘
1888,14:42:57,33.51,0.0,1,3351,卖盘
1889,14:43:04,33.54,0.03,4,13407,买盘
1890,14:43:19,33.54,0.0,4,13416,卖盘
1891,14:43:25,33.54,0.0,3,10062,买盘
1892,14:43:37,33.55,0.01,3,10065,买盘
1893,14:43:46,33.54,-0.01,36,119697,卖盘
1894,14:43:52,33.56,0.02,1,3356,卖盘
1895,14:43:55,33.56,0.0,1,3356,卖盘
1896,14:44:04,33.68,0.12,17,57142,买盘
1897,14:44:07,33.68,0.0,2,6736,卖盘
1898,14:44:16,33.7,0.02,3,10110,买盘
1899,14:44:25,33.68,-0.02,20,67397,卖盘
1900,14:44:39,33.57,-0.11,6,20142,卖盘
1901,14:44:52,33.55,-0.02,2,6710,卖盘
1902,14:44:55,33.68,0.13,30,100739,买盘
1903,14:45:01,33.55,-0.13,10,33556,卖盘
1904,14:45:21,33.57,0.02,12,40268,买盘
1905,14:45:30,33.57,0.0,4,13428,买盘
1906,14:45:48,33.68,0.11,6,20208,买盘
1907,14:46:18,33.66,-0.02,17,57222,买盘
1908,14:46:22,33.61,-0.05,2,6722,卖盘
1909,14:46:27,33.59,-0.02,2,6718,卖盘
1910,14:46:34,33.61,0.02,4,13444,买盘
1911,14:46:46,33.6,-0.01,2,6720,卖盘
1912,14:46:54,33.64,0.04,1,3364,买盘
1913,14:47:01,33.62,-0.02,8,26896,卖盘
1914,14:47:10,33.62,0.0,2,6724,买盘
1915,14:47:19,33.62,0.0,3,10086,买盘
1916,14:47:22,33.62,0.0,7,23534,买盘
1917,14:47:28,33.61,-0.01,5,16806,卖盘
1918,14:47:40,33.62,0.01,4,13446,买盘
1919,14:47:49,33.6,-0.02,14,47040,卖盘
1920,14:47:52,33.6,0.0,2,6720,买盘
1921,14:47:58,33.6,0.0,4,13440,买盘
1922,14:48:04,33.6,0.0,9,30232,买盘
1923,14:48:21,33.6,0.0,15,50370,买盘
1924,14:48:37,33.58,-0.02,8,26864,买盘
1925,14:48:43,33.58,0.0,2,6716,买盘
1926,14:48:54,33.57,-0.01,12,40290,卖盘
1927,14:48:57,33.58,0.01,4,13432,买盘
1928,14:49:01,33.57,-0.01,10,33575,卖盘
1929,14:49:07,33.57,0.0,1,3357,卖盘
1930,14:49:25,33.6,0.03,8,26870,买盘
1931,14:49:43,33.62,0.02,12,40342,买盘
1932,14:49:55,33.62,0.0,13,43706,卖盘
1933,14:49:57,33.62,0.0,64,215354,卖盘
1934,14:50:01,33.63,0.01,2,6726,中性盘
1935,14:50:06,33.66,0.03,48,161542,买盘
1936,14:50:13,33.63,-0.03,25,84136,卖盘
1937,14:50:16,33.63,0.0,3,10089,买盘
1938,14:50:22,33.63,0.0,2,6726,买盘
1939,14:50:24,33.63,0.0,3,10089,买盘
1940,14:50:37,33.65,0.02,4,13460,买盘
1941,14:50:39,33.63,-0.02,4,13452,卖盘
1942,14:50:45,33.63,0.0,4,13452,卖盘
1943,14:50:49,33.65,0.02,9,30285,买盘
1944,14:50:51,33.7,0.05,4,13477,买盘
1945,14:50:57,33.69,-0.01,4,13476,买盘
1946,14:51:07,33.7,0.01,2,6740,买盘
1947,14:51:10,33.69,-0.01,1,3369,卖盘
1948,14:51:19,33.7,0.01,2,6740,买盘
1949,14:51:22,33.68,-0.02,15,50520,中性盘
1950,14:51:24,33.68,0.0,5,16836,买盘
1951,14:51:28,33.68,0.0,9,30312,买盘
1952,14:51:37,33.7,0.02,32,107840,买盘
1953,14:51:40,33.73,0.03,4,13491,买盘
1954,14:51:43,33.7,-0.03,6,20220,卖盘
1955,14:51:51,33.73,0.03,4,13492,买盘
1956,14:51:55,33.73,0.0,3,10119,买盘
1957,14:52:09,33.74,0.01,1,3374,卖盘
1958,14:52:22,33.75,0.01,2,6749,买盘
1959,14:52:28,33.79,0.04,31,104719,买盘
1960,14:52:34,33.79,0.0,15,50685,买盘
1961,14:52:37,33.8,0.01,15,50700,买盘
1962,14:52:43,33.8,0.0,8,27040,买盘
1963,14:53:01,33.84,0.04,2,6768,卖盘
1964,14:53:04,33.86,0.02,10,33858,买盘
1965,14:53:07,33.86,0.0,6,20316,卖盘
1966,14:53:13,33.85,-0.01,9,30474,卖盘
1967,14:53:19,33.85,0.0,2,6769,买盘
1968,14:53:22,33.84,-0.01,2,6768,卖盘
1969,14:53:25,33.84,0.0,5,16920,卖盘
1970,14:53:27,33.84,0.0,5,16920,买盘
1971,14:53:34,33.8,-0.04,35,118408,卖盘
1972,14:53:36,33.85,0.05,3,10155,买盘
1973,14:53:40,33.84,-0.01,6,20304,卖盘
1974,14:53:42,33.85,0.01,86,290764,买盘
1975,14:53:45,33.85,0.0,8,27073,买盘
1976,14:53:48,33.85,0.0,19,64299,买盘
1977,14:53:52,33.85,0.0,10,33849,买盘
1978,14:53:55,33.85,0.0,14,47389,买盘
1979,14:53:58,33.84,-0.01,10,33840,中性盘
1980,14:54:01,33.85,0.01,12,40617,买盘
1981,14:54:04,33.85,0.0,1,3385,买盘
1982,14:54:07,33.81,-0.04,23,77763,卖盘
1983,14:54:13,33.81,0.0,12,40578,卖盘
1984,14:54:19,33.8,-0.01,7,23666,卖盘
1985,14:54:22,33.8,0.0,30,101407,卖盘
1986,14:54:25,33.81,0.01,8,27048,买盘
1987,14:54:28,33.81,0.0,2,6762,卖盘
1988,14:54:31,33.8,-0.01,1,3380,卖盘
1989,14:54:33,33.8,0.0,5,16900,买盘
1990,14:54:36,33.8,0.0,9,30420,买盘
1991,14:54:40,33.8,0.0,7,23660,买盘
1992,14:54:42,33.75,-0.05,6,20255,卖盘
1993,14:54:45,33.75,0.0,9,30390,卖盘
1994,14:54:49,33.8,0.05,10,33800,买盘
1995,14:54:52,33.8,0.0,5,16898,买盘
1996,14:54:58,33.8,0.0,4,13520,卖盘
1997,14:55:01,33.8,0.0,3,10140,卖盘
1998,14:55:04,33.81,0.01,10,33807,买盘
1999,14:55:07,33.81,0.0,8,27048,卖盘
2000,14:55:10,33.81,0.0,2,6762,卖盘
2001,14:55:13,33.82,0.01,12,40584,买盘
2002,14:55:16,33.81,-0.01,5,16906,卖盘
2003,14:55:19,33.81,0.0,10,33810,卖盘
2004,14:55:22,33.83,0.02,17,57511,买盘
2005,14:55:25,33.81,-0.02,6,20287,卖盘
2006,14:55:28,33.81,0.0,19,64233,卖盘
2007,14:55:31,33.81,0.0,20,67628,买盘
2008,14:55:37,33.81,0.0,7,23667,买盘
2009,14:55:40,33.81,0.0,2,6762,卖盘
2010,14:55:42,33.81,0.0,15,50720,卖盘
2011,14:55:46,33.81,0.0,14,47334,卖盘
2012,14:55:49,33.8,-0.01,30,101401,卖盘
2013,14:55:52,33.8,0.0,57,192685,卖盘
2014,14:55:58,33.8,0.0,1,3380,买盘
2015,14:56:00,33.8,0.0,4,13520,买盘
2016,14:56:07,33.76,-0.04,13,43936,卖盘
2017,14:56:10,33.75,-0.01,5,16877,卖盘
2018,14:56:13,33.76,0.01,3,10128,买盘
2019,14:56:22,33.75,-0.01,1,3375,中性盘
2020,14:56:25,33.76,0.01,6,20256,买盘
2021,14:56:28,33.75,-0.01,2,6750,卖盘
2022,14:56:31,33.75,0.0,1,3375,买盘
2023,14:56:34,33.75,0.0,11,37082,买盘
2024,14:56:40,33.75,0.0,4,13497,买盘
2025,14:56:43,33.73,-0.02,5,16867,中性盘
2026,14:56:46,33.71,-0.02,3,10113,卖盘
2027,14:56:52,33.71,0.0,15,50569,卖盘
2028,14:56:57,33.71,0.0,10,33710,卖盘
2029,14:57:01,33.71,0.0,8,26968,买盘
2030,15:00:05,33.62,-0.09,343,1153166,卖盘
