,time,price,change,volume,amount,type
0,09:25:04,23.91,0.01,29,69339,卖盘
1,09:30:05,23.72,-0.19,33,78839,卖盘
2,09:30:07,23.89,0.17,4,9554,买盘
3,09:30:19,23.72,-0.17,1,2372,卖盘
4,09:30:22,23.88,0.16,14,33432,买盘
5,09:30:46,23.85,-0.03,5,11925,买盘
6,09:30:49,23.7,-0.15,80,189661,卖盘
7,09:30:55,23.84,0.14,5,11909,买盘
8,09:31:01,23.7,-0.14,1,2370,卖盘
9,09:31:07,23.7,0.0,3,7111,卖盘
10,09:31:10,23.6,-0.1,16,37836,卖盘
11,09:31:12,23.7,0.1,2,4740,买盘
12,09:31:19,23.67,-0.03,1,2367,中性盘
13,09:31:22,23.7,0.03,5,11850,买盘
14,09:31:25,23.67,-0.03,1,2367,卖盘
15,09:31:31,23.7,0.03,3,7110,买盘
16,09:31:34,23.7,0.0,9,21330,买盘
17,09:31:37,23.7,0.0,60,142173,买盘
18,09:31:43,23.71,0.01,13,30811,买盘
19,09:31:48,23.71,0.0,6,14274,买盘
20,09:31:52,23.71,0.0,1,2371,卖盘
21,09:31:55,23.71,0.0,1,2371,卖盘
22,09:32:01,23.71,0.0,1,2371,卖盘
23,09:32:10,23.84,0.13,38,91002,买盘
24,09:32:13,23.86,0.02,1,2386,卖盘
25,09:32:19,23.86,0.0,1,2386,卖盘
26,09:32:22,23.86,0.0,15,35800,卖盘
27,09:32:28,23.86,0.0,18,42948,卖盘
28,09:32:37,23.86,0.0,1,2386,买盘
29,09:32:43,23.86,0.0,3,7158,买盘
30,09:32:46,23.73,-0.13,3,7119,卖盘
31,09:32:49,23.73,0.0,11,26233,卖盘
32,09:32:52,23.73,0.0,1,2373,卖盘
33,09:32:55,23.73,0.0,2,4746,卖盘
34,09:33:07,23.74,0.01,1,2374,卖盘
35,09:33:09,23.74,0.0,2,4748,卖盘
36,09:33:13,23.74,0.0,10,23740,卖盘
37,09:33:25,23.75,0.01,1,2375,卖盘
38,09:33:40,23.85,0.1,27,64215,买盘
39,09:33:52,23.85,0.0,13,31005,卖盘
40,09:33:55,23.85,0.0,1,2385,买盘
41,09:34:04,23.85,0.0,3,7154,买盘
42,09:34:06,23.84,-0.01,3,7152,中性盘
43,09:34:10,23.85,0.01,6,14289,买盘
44,09:34:13,23.76,-0.09,2,4752,卖盘
45,09:34:22,23.86,0.1,20,47706,买盘
46,09:34:37,23.78,-0.08,2,4756,中性盘
47,09:34:40,23.78,0.0,1,2378,卖盘
48,09:34:49,23.78,0.0,1,2378,卖盘
49,09:35:13,23.79,0.01,1,2379,卖盘
50,09:35:19,23.79,0.0,1,2379,卖盘
51,09:35:21,23.86,0.07,14,33399,买盘
52,09:35:30,23.86,0.0,2,4772,买盘
53,09:35:36,23.86,0.0,4,9544,买盘
54,09:35:40,23.8,-0.06,3,7140,卖盘
55,09:35:51,23.81,0.01,1,2381,卖盘
56,09:36:04,23.81,0.0,1,2381,买盘
57,09:36:07,23.81,0.0,3,7144,卖盘
58,09:36:16,23.82,0.01,1,2382,卖盘
59,09:36:25,23.82,0.0,2,4764,买盘
60,09:36:28,23.81,-0.01,7,16667,卖盘
61,09:36:33,23.82,0.01,1,2382,买盘
62,09:36:37,23.79,-0.03,29,69004,卖盘
63,09:36:43,23.78,-0.01,50,118900,卖盘
64,09:36:46,23.78,0.0,1,2378,卖盘
65,09:36:52,23.78,0.0,2,4756,卖盘
66,09:37:01,23.78,0.0,9,21402,卖盘
67,09:37:07,23.78,0.0,11,26158,卖盘
68,09:37:13,23.78,0.0,30,71340,卖盘
69,09:37:16,23.78,0.0,2,4757,卖盘
70,09:37:22,23.78,0.0,1,2378,卖盘
71,09:37:25,23.78,0.0,4,9512,卖盘
72,09:37:31,23.75,-0.03,66,156776,卖盘
73,09:37:46,23.76,0.01,1,2376,中性盘
74,09:37:49,23.75,-0.01,3,7125,卖盘
75,09:38:10,23.75,0.0,2,4750,卖盘
76,09:38:16,23.76,0.01,1,2376,卖盘
77,09:38:19,23.79,0.03,15,35678,买盘
78,09:38:40,23.75,-0.04,1,2375,卖盘
79,09:38:46,23.75,0.0,1,2375,中性盘
80,09:38:49,23.75,0.0,15,35625,买盘
81,09:38:52,23.76,0.01,1,2376,买盘
82,09:39:10,23.75,-0.01,20,47503,卖盘
83,09:39:15,23.75,0.0,8,19000,卖盘
84,09:39:19,23.75,0.0,3,7125,买盘
85,09:39:22,23.74,-0.01,1,2374,卖盘
86,09:39:25,23.75,0.01,9,21375,买盘
87,09:39:31,23.74,-0.01,5,11870,卖盘
88,09:39:34,23.74,0.0,2,4748,卖盘
89,09:39:40,23.73,-0.01,1,2373,卖盘
90,09:39:42,23.73,0.0,1,2373,卖盘
91,09:39:52,23.73,0.0,1,2373,买盘
92,09:40:19,23.72,-0.01,1,2372,卖盘
93,09:40:43,23.72,0.0,28,66442,卖盘
94,09:40:51,23.71,-0.01,1,2371,卖盘
95,09:41:01,23.71,0.0,5,11381,卖盘
96,09:41:04,23.7,-0.01,5,11850,卖盘
97,09:41:06,23.7,0.0,1,2370,卖盘
98,09:41:16,23.67,-0.03,1,2367,卖盘
99,09:41:22,23.67,0.0,4,9468,卖盘
100,09:41:25,23.65,-0.02,10,23654,卖盘
101,09:41:28,23.64,-0.01,10,23649,卖盘
102,09:41:40,23.64,0.0,7,16544,买盘
103,09:41:43,23.61,-0.03,7,16527,卖盘
104,09:41:46,23.61,0.0,6,14169,卖盘
105,09:41:51,23.61,0.0,15,35415,买盘
106,09:41:54,23.6,-0.01,13,30685,卖盘
107,09:42:01,23.6,0.0,1,2360,卖盘
108,09:42:04,23.61,0.01,21,49568,买盘
109,09:42:07,23.6,-0.01,35,82606,卖盘
110,09:42:10,23.6,0.0,28,66103,卖盘
111,09:42:13,23.6,0.0,2,4720,买盘
112,09:42:16,23.59,-0.01,7,16513,卖盘
113,09:42:19,23.59,0.0,2,4717,买盘
114,09:42:22,23.51,-0.08,40,94159,卖盘
115,09:42:28,23.59,0.08,3,7077,买盘
116,09:42:31,23.59,0.0,5,11793,买盘
117,09:42:34,23.59,0.0,2,4718,买盘
118,09:42:40,23.55,-0.04,7,16485,卖盘
119,09:42:45,23.55,0.0,3,7065,买盘
120,09:42:48,23.56,0.01,12,28926,卖盘
121,09:42:52,23.55,-0.01,15,34693,卖盘
122,09:42:55,23.6,0.05,124,293071,买盘
123,09:43:03,23.61,0.01,6,14166,买盘
124,09:43:06,23.61,0.0,12,28332,买盘
125,09:43:10,23.61,0.0,1,2361,卖盘
126,09:43:12,23.63,0.02,17,40157,买盘
127,09:43:31,23.71,0.08,5,11855,买盘
128,09:43:33,23.71,0.0,9,21813,买盘
129,09:43:40,23.71,0.0,12,27980,卖盘
130,09:43:49,23.66,-0.05,1,2366,卖盘
131,09:44:00,23.66,0.0,1,2366,卖盘
132,09:44:04,23.66,0.0,3,7098,卖盘
133,09:44:16,23.63,-0.03,2,4726,卖盘
134,09:44:24,23.63,0.0,6,14178,卖盘
135,09:44:36,23.62,-0.01,9,21258,卖盘
136,09:44:46,23.6,-0.02,45,105579,卖盘
137,09:44:49,23.63,0.03,15,36055,买盘
138,09:44:51,23.62,-0.01,1,2362,卖盘
139,09:45:13,23.6,-0.02,6,14160,卖盘
140,09:45:16,23.6,0.0,12,27683,卖盘
141,09:45:22,23.57,-0.03,1,2357,卖盘
142,09:45:24,23.6,0.03,3,7080,买盘
143,09:45:28,23.6,0.0,9,21877,买盘
144,09:45:31,23.6,0.0,30,70800,卖盘
145,09:45:37,23.6,0.0,6,14160,卖盘
146,09:45:40,23.6,0.0,1,2360,卖盘
147,09:45:42,23.6,0.0,4,8803,卖盘
148,09:45:52,23.57,-0.03,1,2357,卖盘
149,09:46:10,23.57,0.0,10,23570,卖盘
150,09:46:16,23.6,0.03,14,33040,买盘
151,09:46:19,23.6,0.0,19,45477,买盘
152,09:46:22,23.6,0.0,17,40120,卖盘
153,09:46:25,23.71,0.11,42,99417,买盘
154,09:46:37,23.63,-0.08,3,7089,卖盘
155,09:46:43,23.63,0.0,2,4726,卖盘
156,09:46:46,23.64,0.01,1,2364,中性盘
157,09:46:52,23.64,0.0,1,2364,卖盘
158,09:47:19,23.65,0.01,4,9460,卖盘
159,09:47:24,23.65,0.0,5,11825,卖盘
160,09:47:27,23.65,0.0,1,2365,卖盘
161,09:47:40,23.65,0.0,11,26015,卖盘
162,09:47:58,23.64,-0.01,43,101677,卖盘
163,09:48:01,23.61,-0.03,5,11805,卖盘
164,09:48:04,23.64,0.03,5,11820,买盘
165,09:48:07,23.64,0.0,1,2364,买盘
166,09:48:13,23.61,-0.03,2,4722,卖盘
167,09:48:16,23.61,0.0,9,21255,卖盘
168,09:48:24,23.61,0.0,5,11805,买盘
169,09:48:31,23.61,0.0,4,9444,卖盘
170,09:48:34,23.64,0.03,1,2364,买盘
171,09:48:40,23.61,-0.03,2,4722,卖盘
172,09:48:46,23.61,0.0,4,9444,卖盘
173,09:48:49,23.61,0.0,1,2361,卖盘
174,09:48:52,23.64,0.03,1,2364,买盘
175,09:49:00,23.61,-0.03,8,18888,卖盘
176,09:49:10,23.61,0.0,1,2361,卖盘
177,09:49:19,23.62,0.01,3,7084,买盘
178,09:49:22,23.62,0.0,4,9448,卖盘
179,09:49:49,23.63,0.01,31,73253,卖盘
180,09:49:52,23.63,0.0,3,7089,买盘
181,09:50:07,23.63,0.0,3,7089,买盘
182,09:50:10,23.62,-0.01,1,2362,卖盘
183,09:50:16,23.63,0.01,2,4726,买盘
184,09:50:19,23.63,0.0,6,14175,买盘
185,09:50:22,23.63,0.0,13,30719,买盘
186,09:50:37,23.63,0.0,2,4726,卖盘
187,09:50:40,23.63,0.0,2,4726,卖盘
188,09:50:43,23.63,0.0,3,7089,卖盘
189,09:50:46,23.62,-0.01,42,99216,卖盘
190,09:50:58,23.61,-0.01,2,4722,卖盘
191,09:51:04,23.61,0.0,5,11805,买盘
192,09:51:07,23.6,-0.01,1,2360,卖盘
193,09:51:13,23.6,0.0,6,14160,卖盘
194,09:51:22,23.63,0.03,2,4724,买盘
195,09:51:40,23.61,-0.02,1,2361,卖盘
196,09:51:43,23.61,0.0,3,7083,卖盘
197,09:51:49,23.62,0.01,1,2362,中性盘
198,09:52:00,23.62,0.0,5,11810,卖盘
199,09:52:10,23.62,0.0,4,9448,卖盘
200,09:52:13,23.62,0.0,3,7086,买盘
201,09:52:19,23.61,-0.01,1,2361,卖盘
202,09:52:22,23.61,0.0,3,7083,卖盘
203,09:52:28,23.6,-0.01,68,160541,卖盘
204,09:52:31,23.62,0.02,5,11810,买盘
205,09:52:46,23.6,-0.02,20,47200,卖盘
206,09:52:49,23.6,0.0,1,2360,卖盘
207,09:53:04,23.61,0.01,10,23610,买盘
208,09:53:07,23.6,-0.01,29,68440,卖盘
209,09:53:10,23.6,0.0,59,138603,卖盘
210,09:53:13,23.59,-0.01,1,2359,卖盘
211,09:53:16,23.6,0.01,22,51920,买盘
212,09:53:19,23.6,0.0,14,33038,买盘
213,09:53:28,23.59,-0.01,22,51878,买盘
214,09:53:40,23.59,0.0,1,2359,卖盘
215,09:53:43,23.59,0.0,1,2359,卖盘
216,09:53:46,23.59,0.0,1,2359,卖盘
217,09:53:49,23.59,0.0,2,4718,卖盘
218,09:53:52,23.59,0.0,14,33026,卖盘
219,09:53:55,23.59,0.0,1,2359,卖盘
220,09:54:07,23.57,-0.02,2,4714,卖盘
221,09:54:10,23.57,0.0,1,2357,卖盘
222,09:54:13,23.57,0.0,1,2357,卖盘
223,09:54:25,23.57,0.0,2,4714,卖盘
224,09:54:37,23.57,0.0,4,9428,卖盘
225,09:54:46,23.56,-0.01,3,7068,卖盘
226,09:54:49,23.56,0.0,1,2356,卖盘
227,09:55:10,23.55,-0.01,14,32979,卖盘
228,09:55:28,23.55,0.0,5,11775,买盘
229,09:55:31,23.54,-0.01,6,14124,卖盘
230,09:55:33,23.54,0.0,3,7062,卖盘
231,09:55:40,23.54,0.0,10,23540,买盘
232,09:55:52,23.5,-0.04,60,141063,卖盘
233,09:56:01,23.5,0.0,39,91654,卖盘
234,09:56:07,23.5,0.0,2,4700,买盘
235,09:56:09,23.47,-0.03,25,58697,卖盘
236,09:56:19,23.42,-0.05,5,11710,卖盘
237,09:56:24,23.4,-0.02,3,7020,卖盘
238,09:56:31,23.37,-0.03,7,16363,卖盘
239,09:56:34,23.37,0.0,3,7011,买盘
240,09:56:40,23.37,0.0,6,14022,买盘
241,09:56:46,23.37,0.0,12,28044,卖盘
242,09:56:49,23.37,0.0,42,98154,卖盘
243,09:56:52,23.37,0.0,20,46740,买盘
244,09:56:55,23.37,0.0,2,4674,买盘
245,09:56:57,23.37,0.0,11,25707,买盘
246,09:57:01,23.37,0.0,3,7011,买盘
247,09:57:04,23.37,0.0,2,4674,卖盘
248,09:57:13,23.38,0.01,3,7014,买盘
249,09:57:19,23.37,-0.01,38,88842,卖盘
250,09:57:28,23.38,0.01,1,2338,买盘
251,09:57:40,23.45,0.07,6,14070,买盘
252,09:57:43,23.38,-0.07,53,123977,卖盘
253,09:57:55,23.45,0.07,18,42210,买盘
254,09:58:01,23.39,-0.06,15,35145,卖盘
255,09:58:16,23.39,0.0,13,30407,卖盘
256,09:58:22,23.38,-0.01,34,79499,卖盘
257,09:58:27,23.38,0.0,20,46760,买盘
258,09:58:34,23.37,-0.01,11,25707,卖盘
259,09:58:37,23.38,0.01,1,2338,买盘
260,09:58:40,23.37,-0.01,2,4674,卖盘
261,09:58:43,23.37,0.0,2,4674,卖盘
262,09:58:46,23.37,0.0,1,2337,卖盘
263,09:58:49,23.36,-0.01,14,32727,卖盘
264,09:58:54,23.38,0.02,1,2338,买盘
265,09:59:01,23.36,-0.02,2,4672,卖盘
266,09:59:09,23.36,0.0,18,42048,买盘
267,09:59:19,23.35,-0.01,35,81728,卖盘
268,09:59:22,23.35,0.0,10,23350,买盘
269,09:59:46,23.33,-0.02,6,13999,卖盘
270,09:59:55,23.33,0.0,1,2333,买盘
271,10:00:04,23.34,0.01,3,7000,买盘
272,10:00:07,23.32,-0.02,8,18664,卖盘
273,10:00:19,23.3,-0.02,72,167874,卖盘
274,10:00:21,23.3,0.0,29,67570,买盘
275,10:00:31,23.29,-0.01,3,6988,卖盘
276,10:00:34,23.29,0.0,4,9316,卖盘
277,10:00:36,23.29,0.0,1,2329,卖盘
278,10:00:46,23.3,0.01,20,46600,买盘
279,10:00:52,23.29,-0.01,24,55896,卖盘
280,10:00:58,23.29,0.0,4,9316,买盘
281,10:01:04,23.29,0.0,14,32605,买盘
282,10:01:07,23.29,0.0,4,9316,买盘
283,10:01:13,23.28,-0.01,32,74496,卖盘
284,10:01:19,23.23,-0.05,1,2323,卖盘
285,10:01:27,23.23,0.0,7,16261,买盘
286,10:01:36,23.23,0.0,26,60358,买盘
287,10:01:39,23.23,0.0,3,6969,买盘
288,10:01:42,23.2,-0.03,1,2320,卖盘
289,10:01:46,23.2,0.0,38,88175,卖盘
290,10:01:48,23.2,0.0,12,27840,买盘
291,10:01:55,23.18,-0.02,4,9272,卖盘
292,10:01:58,23.2,0.02,8,18546,买盘
293,10:02:04,23.2,0.0,8,18555,买盘
294,10:02:06,23.18,-0.02,1,2318,中性盘
295,10:02:09,23.17,-0.01,21,48658,卖盘
296,10:02:13,23.17,0.0,4,9269,卖盘
297,10:02:16,23.17,0.0,44,101948,卖盘
298,10:02:19,23.17,0.0,1,2317,中性盘
299,10:02:22,23.18,0.01,26,60260,买盘
300,10:02:25,23.15,-0.03,2,4630,卖盘
301,10:02:28,23.15,0.0,7,16204,买盘
302,10:02:31,23.15,0.0,20,46300,买盘
303,10:02:33,23.15,0.0,5,11575,买盘
304,10:02:37,23.14,-0.01,8,18512,卖盘
305,10:02:40,23.14,0.0,1,2314,买盘
306,10:02:43,23.14,0.0,4,9256,买盘
307,10:02:46,23.13,-0.01,2,4626,卖盘
308,10:02:49,23.13,0.0,2,4626,卖盘
309,10:02:52,23.15,0.02,4,9259,买盘
310,10:02:55,23.13,-0.02,3,6940,卖盘
311,10:02:58,23.13,0.0,13,30080,卖盘
312,10:03:01,23.0,-0.13,236,543572,卖盘
313,10:03:04,23.0,0.0,7,16100,买盘
314,10:03:07,23.0,0.0,13,29900,买盘
315,10:03:10,22.98,-0.02,10,23442,卖盘
316,10:03:12,23.0,0.02,31,71276,买盘
317,10:03:16,22.98,-0.02,46,105219,卖盘
318,10:03:19,22.98,0.0,18,41364,买盘
319,10:03:21,22.95,-0.03,5,11478,卖盘
320,10:03:25,22.95,0.0,4,9180,买盘
321,10:03:28,22.95,0.0,14,32127,买盘
322,10:03:31,22.93,-0.02,3,6879,中性盘
323,10:03:33,22.92,-0.01,26,59663,卖盘
324,10:03:37,22.95,0.03,19,43601,买盘
325,10:03:40,22.95,0.0,33,75714,卖盘
326,10:03:43,22.98,0.03,13,30328,买盘
327,10:03:49,22.92,-0.06,30,68865,卖盘
328,10:03:52,22.98,0.06,1,2298,卖盘
329,10:03:55,22.98,0.0,22,50863,卖盘
330,10:03:58,23.0,0.02,5,11500,卖盘
331,10:04:04,23.0,0.0,10,23006,卖盘
332,10:04:07,23.01,0.01,2,4602,卖盘
333,10:04:10,23.0,-0.01,7,16103,卖盘
334,10:04:13,23.0,0.0,2,4600,买盘
335,10:04:15,23.0,0.0,1,2300,买盘
336,10:04:19,23.0,0.0,1,2300,买盘
337,10:04:22,22.98,-0.02,2,4594,中性盘
338,10:04:25,23.0,0.02,3,6898,买盘
339,10:04:28,23.0,0.0,12,27600,买盘
340,10:04:31,23.0,0.0,3,6900,卖盘
341,10:04:36,23.01,0.01,1,2301,买盘
342,10:04:43,23.0,-0.01,1,2300,卖盘
343,10:04:46,23.0,0.0,53,121901,卖盘
344,10:04:49,23.14,0.14,4,9244,买盘
345,10:04:54,23.02,-0.12,1,2302,卖盘
346,10:05:01,23.14,0.12,8,18506,买盘
347,10:05:10,23.14,0.0,20,46280,买盘
348,10:05:16,23.21,0.07,3,6957,买盘
349,10:05:22,23.15,-0.06,1,2315,卖盘
350,10:05:25,23.21,0.06,5,11605,买盘
351,10:05:28,23.21,0.0,9,20889,买盘
352,10:05:31,23.0,-0.21,309,714808,卖盘
353,10:05:34,23.0,0.0,16,36800,买盘
354,10:05:37,23.0,0.0,3,6900,买盘
355,10:05:40,23.0,0.0,54,124200,买盘
356,10:05:42,23.0,0.0,1,2300,买盘
357,10:05:46,23.0,0.0,3,6900,买盘
358,10:05:49,22.98,-0.02,22,50573,卖盘
359,10:05:52,23.0,0.02,14,33394,买盘
360,10:05:55,23.0,0.0,1,2300,买盘
361,10:05:58,23.0,0.0,3,6900,买盘
362,10:06:01,22.99,-0.01,24,55188,卖盘
363,10:06:04,23.0,0.01,72,165600,买盘
364,10:06:07,23.0,0.0,37,85100,买盘
365,10:06:09,23.0,0.0,18,41400,买盘
366,10:06:13,22.99,-0.01,99,227696,卖盘
367,10:06:15,23.0,0.01,73,167900,买盘
368,10:06:19,23.0,0.0,34,78193,买盘
369,10:06:22,23.0,0.0,21,48300,买盘
370,10:06:25,23.0,0.0,78,179400,买盘
371,10:06:28,23.0,0.0,155,356500,买盘
372,10:06:30,23.0,0.0,23,52900,买盘
373,10:06:34,23.0,0.0,63,144896,买盘
374,10:06:37,23.0,0.0,30,69000,买盘
375,10:06:43,23.0,0.0,12,27600,买盘
376,10:06:46,23.0,0.0,54,124200,买盘
377,10:06:49,23.0,0.0,3,6900,买盘
378,10:06:52,23.0,0.0,5,11500,买盘
379,10:06:55,22.99,-0.01,46,105798,卖盘
380,10:06:58,23.0,0.01,24,55200,买盘
381,10:07:00,23.0,0.0,78,179400,买盘
382,10:07:04,23.0,0.0,58,133400,买盘
383,10:07:06,23.0,0.0,30,67758,买盘
384,10:07:10,23.0,0.0,44,101200,卖盘
385,10:07:16,23.0,0.0,2,4600,卖盘
386,10:07:19,23.12,0.12,1,2312,买盘
387,10:07:22,23.0,-0.12,1,2300,卖盘
388,10:07:25,23.0,0.0,7,16104,卖盘
389,10:07:40,23.12,0.12,1,2312,买盘
390,10:07:46,23.08,-0.04,5,11552,卖盘
391,10:07:52,23.08,0.0,1,2308,买盘
392,10:07:58,23.08,0.0,1,2308,买盘
393,10:08:01,23.08,0.0,4,9232,买盘
394,10:08:04,23.05,-0.03,30,69225,卖盘
395,10:08:16,23.05,0.0,1,2305,卖盘
396,10:08:31,23.07,0.02,4,9228,卖盘
397,10:08:34,23.07,0.0,9,20763,买盘
398,10:08:37,23.07,0.0,2,4614,买盘
399,10:08:40,23.07,0.0,1,2307,买盘
400,10:08:43,23.07,0.0,7,16149,买盘
401,10:08:46,23.07,0.0,1,2307,买盘
402,10:08:48,23.07,0.0,8,18917,卖盘
403,10:09:00,23.08,0.01,5,11540,中性盘
404,10:09:16,23.1,0.02,2,4618,买盘
405,10:09:22,23.08,-0.02,18,41546,卖盘
406,10:09:27,23.08,0.0,17,39240,卖盘
407,10:09:33,23.1,0.02,2,4620,买盘
408,10:09:51,23.1,0.0,1,2310,卖盘
409,10:10:18,23.1,0.0,2,4620,卖盘
410,10:10:28,23.08,-0.02,11,25404,卖盘
411,10:10:43,23.0,-0.08,199,458923,卖盘
412,10:10:55,23.0,0.0,8,18400,买盘
413,10:11:22,23.01,0.01,23,52923,卖盘
414,10:11:30,23.0,-0.01,1,2300,卖盘
415,10:11:33,23.01,0.01,20,46004,买盘
416,10:11:37,23.0,-0.01,8,18400,卖盘
417,10:11:43,23.01,0.01,1,2301,买盘
418,10:11:58,23.0,-0.01,11,25310,卖盘
419,10:12:04,23.01,0.01,5,11505,买盘
420,10:12:07,23.0,-0.01,5,11500,卖盘
421,10:12:10,23.0,0.0,9,20700,卖盘
422,10:12:13,23.0,0.0,1,2300,买盘
423,10:12:28,23.01,0.01,1,2301,卖盘
424,10:12:31,23.07,0.06,4,9218,买盘
425,10:12:33,23.0,-0.07,53,121929,卖盘
426,10:12:36,23.0,0.0,10,23000,买盘
427,10:12:40,23.0,0.0,5,11500,买盘
428,10:12:42,23.0,0.0,11,25300,买盘
429,10:12:46,23.0,0.0,43,98900,买盘
430,10:12:48,23.0,0.0,3,5520,买盘
431,10:12:58,23.0,0.0,8,18400,卖盘
432,10:13:01,23.0,0.0,1,2300,卖盘
433,10:13:22,23.01,0.01,7,16108,卖盘
434,10:13:28,23.01,0.0,1,2301,卖盘
435,10:13:31,23.0,-0.01,48,111792,卖盘
436,10:13:36,23.0,0.0,10,23000,买盘
437,10:13:40,23.0,0.0,2,3220,买盘
438,10:13:46,23.01,0.01,1,2301,卖盘
439,10:13:55,23.1,0.09,9,20790,买盘
440,10:13:58,23.1,0.0,1,2310,卖盘
441,10:14:01,23.1,0.0,1,2310,卖盘
442,10:14:07,23.1,0.0,5,11550,卖盘
443,10:14:10,23.0,-0.1,71,164732,卖盘
444,10:14:15,23.0,0.0,5,11500,买盘
445,10:14:19,23.0,0.0,4,9200,买盘
446,10:14:22,23.0,0.0,57,131100,买盘
447,10:14:25,23.0,0.0,10,23000,买盘
448,10:14:28,23.0,0.0,6,13800,买盘
449,10:14:30,22.99,-0.01,2,4599,卖盘
450,10:14:34,23.0,0.01,1,2300,买盘
451,10:14:37,23.0,0.0,10,23000,买盘
452,10:14:40,23.0,0.0,10,23000,买盘
453,10:14:43,23.0,0.0,12,27600,买盘
454,10:14:46,23.0,0.0,7,15456,买盘
455,10:15:16,23.02,0.02,2,4604,卖盘
456,10:15:28,23.03,0.01,1,2303,卖盘
457,10:15:37,23.09,0.06,2,4618,买盘
458,10:15:55,23.09,0.0,2,4618,买盘
459,10:16:01,23.09,0.0,6,13854,买盘
460,10:16:04,23.09,0.0,2,4618,卖盘
461,10:16:09,23.06,-0.03,15,34609,卖盘
462,10:16:12,23.06,0.0,1,2306,买盘
463,10:16:16,23.04,-0.02,1,2304,卖盘
464,10:16:19,23.06,0.02,4,9224,买盘
465,10:16:24,23.04,-0.02,1,2304,卖盘
466,10:16:27,23.04,0.0,3,6912,卖盘
467,10:16:31,23.06,0.02,1,2306,买盘
468,10:16:40,23.06,0.0,2,4612,买盘
469,10:16:42,23.06,0.0,10,23060,买盘
470,10:16:46,23.06,0.0,7,16142,买盘
471,10:16:49,23.05,-0.01,1,2305,卖盘
472,10:16:52,23.06,0.01,31,71486,买盘
473,10:17:01,23.1,0.04,12,27720,买盘
474,10:17:09,23.1,0.0,5,11550,买盘
475,10:17:16,23.1,0.0,5,11550,买盘
476,10:17:19,23.07,-0.03,9,20772,卖盘
477,10:17:22,23.1,0.03,2,4620,买盘
478,10:17:25,23.1,0.0,7,16170,买盘
479,10:17:37,23.1,0.0,10,23100,买盘
480,10:17:43,23.1,0.0,1,2310,买盘
481,10:17:48,23.09,-0.01,1,2309,卖盘
482,10:17:52,23.08,-0.01,1,2308,卖盘
483,10:17:55,23.1,0.02,53,122429,买盘
484,10:18:04,23.1,0.0,1,2310,卖盘
485,10:18:06,23.13,0.03,1,2313,买盘
486,10:18:13,23.13,0.0,1,2313,买盘
487,10:18:15,23.11,-0.02,9,20811,卖盘
488,10:18:19,23.11,0.0,13,30067,卖盘
489,10:18:25,23.11,0.0,6,13876,卖盘
490,10:18:34,23.13,0.02,18,41636,卖盘
491,10:18:45,23.13,0.0,69,159597,卖盘
492,10:18:49,23.13,0.0,5,11565,买盘
493,10:18:52,23.13,0.0,55,127215,买盘
494,10:18:55,23.11,-0.02,17,39287,卖盘
495,10:18:58,23.12,0.01,2,4623,买盘
496,10:19:01,23.14,0.02,12,27761,买盘
497,10:19:10,23.14,0.0,5,11570,买盘
498,10:19:19,23.13,-0.01,11,25442,买盘
499,10:19:28,23.14,0.01,2,4628,买盘
500,10:19:34,23.13,-0.01,56,129558,卖盘
501,10:19:40,23.15,0.02,5,11575,买盘
502,10:19:52,23.15,0.0,1,2315,卖盘
503,10:20:01,23.18,0.03,2,4636,买盘
504,10:20:06,23.16,-0.02,4,9264,中性盘
505,10:20:13,23.18,0.02,8,18544,买盘
506,10:20:19,23.18,0.0,1,2318,卖盘
507,10:20:22,23.18,0.0,1,2318,卖盘
508,10:20:31,23.24,0.06,8,18586,买盘
509,10:20:33,23.18,-0.06,10,23204,卖盘
510,10:20:43,23.18,0.0,20,46383,卖盘
511,10:20:49,23.2,0.02,11,25520,卖盘
512,10:20:55,23.23,0.03,1,2323,买盘
513,10:20:58,23.24,0.01,50,116200,买盘
514,10:21:04,23.23,-0.01,16,37168,买盘
515,10:21:07,23.24,0.01,7,16264,买盘
516,10:21:10,23.2,-0.04,20,46400,卖盘
517,10:21:13,23.2,0.0,50,116000,买盘
518,10:21:22,23.18,-0.02,1,2318,卖盘
519,10:21:27,23.19,0.01,3,6957,买盘
520,10:21:49,23.18,-0.01,2,4636,卖盘
521,10:21:51,23.19,0.01,2,4638,买盘
522,10:21:58,23.18,-0.01,2,4636,卖盘
523,10:22:04,23.18,0.0,3,6954,卖盘
524,10:22:07,23.19,0.01,15,34785,买盘
525,10:22:09,23.19,0.0,9,20871,买盘
526,10:22:13,23.19,0.0,1,2319,买盘
527,10:22:19,23.19,0.0,2,4637,买盘
528,10:22:22,23.19,0.0,11,25509,买盘
529,10:22:31,23.2,0.01,10,23200,买盘
530,10:22:37,23.19,-0.01,1,2319,卖盘
531,10:22:43,23.19,0.0,5,11599,卖盘
532,10:22:49,23.19,0.0,3,6957,卖盘
533,10:22:52,23.19,0.0,3,6957,卖盘
534,10:22:55,23.19,0.0,1,2319,卖盘
535,10:23:19,23.18,-0.01,1,2318,卖盘
536,10:23:33,23.19,0.01,2,4638,买盘
537,10:23:39,23.18,-0.01,21,48698,卖盘
538,10:23:43,23.19,0.01,1,2319,中性盘
539,10:23:49,23.18,-0.01,24,55632,卖盘
540,10:24:04,23.17,-0.01,1,2317,卖盘
541,10:24:13,23.18,0.01,10,23179,买盘
542,10:24:22,23.17,-0.01,1,2317,卖盘
543,10:24:31,23.17,0.0,2,4634,卖盘
544,10:24:39,23.18,0.01,2,4636,买盘
545,10:24:49,23.17,-0.01,1,2317,卖盘
546,10:24:57,23.18,0.01,1,2318,买盘
547,10:25:01,23.17,-0.01,11,25487,卖盘
548,10:25:13,23.17,0.0,3,6951,卖盘
549,10:25:22,23.17,0.0,5,11584,买盘
550,10:25:30,23.17,0.0,10,23170,买盘
551,10:25:37,23.19,0.02,1,2319,买盘
552,10:25:48,23.19,0.0,2,4637,买盘
553,10:25:54,23.18,-0.01,7,16226,卖盘
554,10:26:01,23.18,0.0,6,13908,买盘
555,10:26:04,23.18,0.0,6,13908,买盘
556,10:26:10,23.18,0.0,3,6954,买盘
557,10:26:21,23.18,0.0,1,2318,卖盘
558,10:26:49,23.18,0.0,1,2318,卖盘
559,10:26:52,23.18,0.0,1,2318,卖盘
560,10:27:22,23.18,0.0,1,2318,卖盘
561,10:27:25,23.19,0.01,2,4638,买盘
562,10:27:37,23.19,0.0,4,9276,买盘
563,10:27:49,23.18,-0.01,1,2318,卖盘
564,10:28:10,23.19,0.01,18,41742,买盘
565,10:28:19,23.19,0.0,2,4638,卖盘
566,10:28:34,23.2,0.01,1,2320,买盘
567,10:28:40,23.19,-0.01,12,27828,卖盘
568,10:28:43,23.2,0.01,20,46398,买盘
569,10:28:48,23.18,-0.02,1,2318,卖盘
570,10:29:10,23.2,0.02,10,23200,买盘
571,10:29:16,23.2,0.0,3,6960,买盘
572,10:29:19,23.18,-0.02,1,2318,卖盘
573,10:29:31,23.18,0.0,8,18544,卖盘
574,10:29:37,23.17,-0.01,1,2317,卖盘
575,10:29:49,23.17,0.0,1,2317,卖盘
576,10:29:52,23.17,0.0,6,13902,卖盘
577,10:29:55,23.18,0.01,2,4635,买盘
578,10:30:04,23.17,-0.01,11,25496,卖盘
579,10:30:21,23.16,-0.01,2,4632,卖盘
580,10:30:28,23.16,0.0,4,9264,卖盘
581,10:30:31,23.16,0.0,1,2316,卖盘
582,10:30:39,23.16,0.0,1,2316,卖盘
583,10:30:43,23.16,0.0,3,6948,买盘
584,10:30:51,23.16,0.0,5,11580,买盘
585,10:30:54,23.16,0.0,2,4631,买盘
586,10:31:01,23.15,-0.01,8,18520,卖盘
587,10:31:07,23.17,0.02,19,44019,买盘
588,10:32:00,23.17,0.0,1,2317,买盘
589,10:32:04,23.16,-0.01,3,6949,卖盘
590,10:32:10,23.16,0.0,7,16212,买盘
591,10:32:37,23.2,0.04,20,46400,买盘
592,10:32:55,23.2,0.0,5,11600,买盘
593,10:33:12,23.19,-0.01,1,2319,中性盘
594,10:33:19,23.17,-0.02,1,2317,卖盘
595,10:33:25,23.19,0.02,6,13914,买盘
596,10:34:07,23.19,0.0,4,9276,买盘
597,10:34:39,23.2,0.01,1,2320,买盘
598,10:34:58,23.2,0.0,5,11600,买盘
599,10:35:10,23.2,0.0,3,6960,买盘
600,10:35:13,23.2,0.0,4,9280,买盘
601,10:35:31,23.2,0.0,1,2320,买盘
602,10:35:36,23.2,0.0,1,2320,买盘
603,10:35:49,23.19,-0.01,18,41746,卖盘
604,10:35:52,23.19,0.0,5,11595,买盘
605,10:35:57,23.19,0.0,5,11595,买盘
606,10:36:01,23.19,0.0,2,4638,买盘
607,10:36:06,23.19,0.0,7,16233,买盘
608,10:36:13,23.2,0.01,65,150800,买盘
609,10:36:16,23.2,0.0,9,20880,买盘
610,10:36:19,23.2,0.0,33,76560,买盘
611,10:36:28,23.27,0.07,2,4650,买盘
612,10:36:43,23.26,-0.01,20,46544,卖盘
613,10:37:10,23.28,0.02,3,6984,买盘
614,10:37:19,23.29,0.01,10,23290,买盘
615,10:37:24,23.23,-0.06,12,27906,卖盘
616,10:37:28,23.23,0.0,42,97566,买盘
617,10:37:31,23.23,0.0,7,16261,买盘
618,10:37:37,23.23,0.0,8,18584,买盘
619,10:37:45,23.23,0.0,2,4646,买盘
620,10:37:52,23.21,-0.02,1,2321,卖盘
621,10:38:31,23.28,0.07,2,4656,买盘
622,10:38:33,23.2,-0.08,43,99814,卖盘
623,10:38:37,23.2,0.0,7,16240,买盘
624,10:38:43,23.2,0.0,20,46400,买盘
625,10:38:46,23.2,0.0,27,62640,买盘
626,10:38:49,23.2,0.0,3,6960,买盘
627,10:38:52,23.2,0.0,1,2320,卖盘
628,10:39:22,23.21,0.01,1,2321,卖盘
629,10:39:40,23.26,0.05,1,2326,中性盘
630,10:39:43,23.26,0.0,1,2326,卖盘
631,10:40:09,23.23,-0.03,1,2323,卖盘
632,10:40:19,23.25,0.02,5,11625,买盘
633,10:40:22,23.23,-0.02,1,2323,卖盘
634,10:40:31,23.24,0.01,1,2324,卖盘
635,10:40:48,23.23,-0.01,1,2323,卖盘
636,10:40:51,23.23,0.0,4,9292,卖盘
637,10:41:07,23.23,0.0,3,6969,买盘
638,10:41:24,23.23,0.0,1,2323,买盘
639,10:41:34,23.24,0.01,4,9296,买盘
640,10:42:19,23.24,0.0,1,2324,买盘
641,10:42:30,23.23,-0.01,14,32522,卖盘
642,10:42:46,23.22,-0.01,13,30198,卖盘
643,10:42:58,23.22,0.0,2,4644,卖盘
644,10:43:09,23.23,0.01,25,58074,买盘
645,10:43:43,23.23,0.0,2,4646,卖盘
646,10:43:57,23.23,0.0,3,6969,买盘
647,10:44:13,23.23,0.0,1,2323,卖盘
648,10:44:48,23.23,0.0,8,18584,卖盘
649,10:44:52,23.24,0.01,4,9294,买盘
650,10:45:13,23.21,-0.03,1,2321,卖盘
651,10:45:33,23.24,0.03,1,2324,买盘
652,10:45:46,23.21,-0.03,1,2321,卖盘
653,10:45:57,23.21,0.0,3,6963,卖盘
654,10:46:12,23.21,0.0,1,2321,卖盘
655,10:46:42,23.21,0.0,1,2321,卖盘
656,10:46:49,23.21,0.0,3,6963,卖盘
657,10:47:10,23.22,0.01,1,2322,买盘
658,10:47:19,23.22,0.0,1,2322,买盘
659,10:47:30,23.21,-0.01,18,41778,卖盘
660,10:47:46,23.2,-0.01,1,2320,卖盘
661,10:47:51,23.2,0.0,2,4640,卖盘
662,10:48:13,23.2,0.0,12,27851,卖盘
663,10:48:24,23.18,-0.02,50,115938,卖盘
664,10:48:40,23.17,-0.01,10,23170,卖盘
665,10:48:42,23.17,0.0,8,18536,卖盘
666,10:48:49,23.17,0.0,3,6951,买盘
667,10:49:16,23.17,0.0,1,2317,卖盘
668,10:49:46,23.17,0.0,1,2317,卖盘
669,10:50:18,23.18,0.01,2,4636,买盘
670,10:50:45,23.16,-0.02,1,2316,卖盘
671,10:51:13,23.16,0.0,1,2316,卖盘
672,10:51:46,23.17,0.01,1,2317,卖盘
673,10:51:52,23.21,0.04,4,9284,买盘
674,10:52:12,23.17,-0.04,1,2317,卖盘
675,10:52:22,23.21,0.04,2,4642,买盘
676,10:53:12,23.19,-0.02,7,16245,卖盘
677,10:53:30,23.21,0.02,9,20889,买盘
678,10:53:43,23.21,0.0,1,2321,卖盘
679,10:53:52,23.24,0.03,6,13944,卖盘
680,10:54:46,23.24,0.0,5,11620,买盘
681,10:55:07,23.28,0.04,23,53523,买盘
682,10:55:10,23.25,-0.03,1,2325,卖盘
683,10:55:16,23.25,0.0,1,2325,卖盘
684,10:55:19,23.28,0.03,3,6984,买盘
685,10:55:22,23.28,0.0,1,2328,买盘
686,10:55:25,23.28,0.0,4,9312,卖盘
687,10:55:37,23.29,0.01,4,9316,买盘
688,10:55:40,23.29,0.0,15,34935,买盘
689,10:55:48,23.29,0.0,17,39593,买盘
690,10:55:55,23.3,0.01,1,2330,买盘
691,10:56:00,23.3,0.0,19,44256,买盘
692,10:56:04,23.3,0.0,3,6990,买盘
693,10:56:15,23.3,0.0,1,2330,卖盘
694,10:56:18,23.37,0.07,9,21033,中性盘
695,10:56:43,23.37,0.0,1,2337,买盘
696,10:56:45,23.37,0.0,1,2337,卖盘
697,10:56:49,23.37,0.0,6,14022,卖盘
698,10:56:52,23.37,0.0,1,2337,卖盘
699,10:56:54,23.37,0.0,7,16359,卖盘
700,10:56:58,23.37,0.0,2,4674,卖盘
701,10:57:01,23.37,0.0,1,2337,卖盘
702,10:57:04,23.37,0.0,1,2337,卖盘
703,10:57:21,23.37,0.0,5,11685,买盘
704,10:57:33,23.36,-0.01,2,4672,买盘
705,10:57:43,23.35,-0.01,6,14010,卖盘
706,10:57:46,23.3,-0.05,1,2330,卖盘
707,10:57:51,23.36,0.06,4,9344,买盘
708,10:58:34,23.36,0.0,1,2336,卖盘
709,10:58:37,23.36,0.0,6,14016,卖盘
710,10:58:46,23.32,-0.04,1,2332,卖盘
711,10:59:16,23.32,0.0,1,2332,卖盘
712,10:59:34,23.35,0.03,5,11675,买盘
713,10:59:42,23.32,-0.03,3,6996,卖盘
714,10:59:55,23.32,0.0,5,11660,买盘
715,11:00:19,23.31,-0.01,1,2331,卖盘
716,11:00:40,23.32,0.01,7,16324,买盘
717,11:00:46,23.32,0.0,1,2332,卖盘
718,11:00:58,23.34,0.02,1,2334,买盘
719,11:01:01,23.34,0.0,2,4668,卖盘
720,11:01:07,23.34,0.0,2,4668,买盘
721,11:01:10,23.35,0.01,5,11675,卖盘
722,11:01:13,23.36,0.01,5,11680,买盘
723,11:01:37,23.37,0.01,56,130822,买盘
724,11:01:46,23.37,0.0,6,14022,买盘
725,11:01:49,23.36,-0.01,1,2336,卖盘
726,11:02:04,23.36,0.0,1,2336,卖盘
727,11:02:07,23.37,0.01,2,4674,买盘
728,11:02:10,23.36,-0.01,5,11680,卖盘
729,11:02:16,23.37,0.01,3,7011,买盘
730,11:02:24,23.38,0.01,2,4676,买盘
731,11:02:49,23.38,0.0,6,14028,买盘
732,11:03:19,23.38,0.0,1,2338,卖盘
733,11:03:31,23.38,0.0,6,14028,卖盘
734,11:03:36,23.38,0.0,2,4676,卖盘
735,11:03:49,23.38,0.0,1,2338,卖盘
736,11:03:52,23.39,0.01,2,4678,买盘
737,11:04:09,23.39,0.0,1,2339,买盘
738,11:04:13,23.38,-0.01,2,4676,卖盘
739,11:04:31,23.39,0.01,3,7017,买盘
740,11:04:36,23.38,-0.01,7,16371,卖盘
741,11:04:45,23.37,-0.01,1,2337,卖盘
742,11:05:10,23.38,0.01,1,2338,买盘
743,11:05:13,23.38,0.0,5,11690,卖盘
744,11:05:16,23.37,-0.01,3,7011,卖盘
745,11:05:19,23.38,0.01,3,7014,买盘
746,11:05:34,23.39,0.01,13,30407,买盘
747,11:05:43,23.39,0.0,8,18712,买盘
748,11:05:49,23.39,0.0,1,2339,卖盘
749,11:05:55,23.41,0.02,4,9364,买盘
750,11:06:18,23.41,0.0,1,2341,卖盘
751,11:06:22,23.42,0.01,9,21074,买盘
752,11:06:37,23.42,0.0,8,18736,卖盘
753,11:06:40,23.44,0.02,10,23440,买盘
754,11:06:55,23.44,0.0,5,11720,卖盘
755,11:07:19,23.46,0.02,9,21114,买盘
756,11:07:22,23.45,-0.01,6,14071,卖盘
757,11:07:48,23.45,0.0,3,7041,卖盘
758,11:07:51,23.45,0.0,8,18760,卖盘
759,11:07:54,23.44,-0.01,50,117231,卖盘
760,11:08:01,23.44,0.0,10,23440,买盘
761,11:08:10,23.42,-0.02,2,4684,卖盘
762,11:08:21,23.44,0.02,10,23435,买盘
763,11:08:36,23.45,0.01,3,7035,买盘
764,11:08:40,23.43,-0.02,1,2343,卖盘
765,11:08:43,23.42,-0.01,3,7026,卖盘
766,11:08:49,23.42,0.0,8,18736,卖盘
767,11:08:51,23.42,0.0,14,32788,卖盘
768,11:08:57,23.41,-0.01,1,2341,卖盘
769,11:09:01,23.41,0.0,3,7023,卖盘
770,11:09:13,23.4,-0.01,1,2340,卖盘
771,11:09:19,23.38,-0.02,3,7019,卖盘
772,11:09:36,23.42,0.04,11,25762,买盘
773,11:09:46,23.42,0.0,2,4684,卖盘
774,11:10:06,23.41,0.0,1,1405,买盘
775,11:10:18,23.38,-0.03,1,2338,卖盘
776,11:10:21,23.43,0.05,26,60881,买盘
777,11:10:46,23.45,0.02,1,2345,买盘
778,11:11:19,23.38,-0.07,1,2338,卖盘
779,11:11:49,23.39,0.01,1,2339,卖盘
780,11:12:04,23.38,-0.01,4,9352,卖盘
781,11:12:48,23.38,0.0,1,2338,卖盘
782,11:13:10,23.38,0.0,1,2338,卖盘
783,11:13:18,23.36,-0.02,1,2336,卖盘
784,11:13:36,23.36,0.0,1,2336,卖盘
785,11:13:39,23.38,0.02,8,18702,买盘
786,11:13:48,23.45,0.07,26,60934,买盘
787,11:13:51,23.38,-0.07,5,11690,卖盘
788,11:14:22,23.35,-0.03,1,2335,卖盘
789,11:14:48,23.32,-0.03,1,2801,卖盘
790,11:15:00,23.32,0.0,2,4198,卖盘
791,11:15:19,23.43,0.11,26,60765,买盘
792,11:15:42,23.43,0.0,4,9372,买盘
793,11:15:51,23.31,-0.12,1,2331,卖盘
794,11:16:22,23.31,0.0,1,2331,卖盘
795,11:16:55,23.33,0.02,1,2333,卖盘
796,11:17:22,23.33,0.0,1,2333,卖盘
797,11:17:30,23.37,0.04,2,4674,买盘
798,11:17:46,23.38,0.01,6,14028,买盘
799,11:18:16,23.38,0.0,2,4676,卖盘
800,11:18:22,23.38,0.0,1,2338,卖盘
801,11:18:42,23.38,0.0,1,2338,卖盘
802,11:18:52,23.33,-0.05,1,2333,卖盘
803,11:18:55,23.38,0.05,2,5611,买盘
804,11:18:58,23.38,0.0,1,2338,卖盘
805,11:19:51,23.4,0.02,1,2340,卖盘
806,11:20:21,23.4,0.0,1,2340,卖盘
807,11:20:58,23.4,0.0,8,18720,卖盘
808,11:21:22,23.4,0.0,28,65546,卖盘
809,11:21:31,23.38,-0.02,1,2338,卖盘
810,11:21:33,23.38,0.0,2,4676,买盘
811,11:21:52,23.38,0.0,1,2338,卖盘
812,11:22:25,23.38,0.0,8,18704,卖盘
813,11:22:52,23.33,-0.05,1,2333,卖盘
814,11:23:27,23.4,0.07,26,60828,买盘
815,11:23:46,23.4,0.0,4,9360,买盘
816,11:23:52,23.33,-0.07,1,2333,卖盘
817,11:24:22,23.34,0.01,1,2334,卖盘
818,11:24:30,23.34,0.0,7,16341,卖盘
819,11:24:46,23.45,0.11,26,60910,买盘
820,11:25:09,23.46,0.01,26,60972,买盘
821,11:25:25,23.35,-0.11,1,2335,卖盘
822,11:25:34,23.44,0.09,5,11720,买盘
823,11:25:39,23.44,0.0,1,2344,卖盘
824,11:25:45,23.46,0.02,18,40347,买盘
825,11:25:48,23.46,0.0,2,6569,卖盘
826,11:25:51,23.35,-0.11,1,2335,卖盘
827,11:26:52,23.36,0.01,1,2336,卖盘
828,11:27:21,23.36,0.0,1,2336,卖盘
829,11:28:24,23.37,0.01,1,2337,卖盘
830,11:28:54,23.37,0.0,1,2337,卖盘
831,13:00:04,23.37,0.0,13,30385,卖盘
832,13:00:07,23.37,0.0,13,30381,卖盘
833,13:01:30,23.37,0.0,7,16359,买盘
834,13:02:33,23.37,0.0,1,2337,卖盘
835,13:02:57,23.37,0.0,4,9348,买盘
836,13:04:51,23.37,0.0,20,46740,卖盘
837,13:05:21,23.37,0.0,11,25707,卖盘
838,13:05:51,23.37,0.0,29,67773,卖盘
839,13:05:54,23.36,-0.01,2,4672,卖盘
840,13:06:09,23.36,0.0,51,119136,卖盘
841,13:06:12,23.36,0.0,1,2336,卖盘
842,13:06:15,23.36,0.0,3,7008,卖盘
843,13:06:24,23.36,0.0,2,4672,买盘
844,13:07:06,23.35,-0.01,5,11675,卖盘
845,13:07:15,23.37,0.02,10,23370,买盘
846,13:07:18,23.35,-0.02,10,23350,卖盘
847,13:08:30,23.36,0.01,4,9344,买盘
848,13:08:33,23.35,-0.01,5,11679,卖盘
849,13:08:42,23.37,0.02,10,23370,买盘
850,13:09:24,23.37,0.0,13,30381,买盘
851,13:09:30,23.37,0.0,20,46740,买盘
852,13:10:16,23.37,0.0,1,2337,买盘
853,13:11:39,23.36,-0.01,1,2336,卖盘
854,13:12:33,23.37,0.01,1,2337,买盘
855,13:12:42,23.36,-0.01,5,11680,卖盘
856,13:12:52,23.37,0.01,16,37392,买盘
857,13:13:39,23.37,0.0,10,23370,买盘
858,13:13:54,23.37,0.0,9,21033,买盘
859,13:14:00,23.36,-0.01,2,4672,卖盘
860,13:14:13,23.37,0.01,16,37377,买盘
861,13:15:39,23.37,0.0,11,25707,买盘
862,13:16:13,23.37,0.0,5,11685,买盘
863,13:16:21,23.37,0.0,5,11685,买盘
864,13:17:07,23.37,0.0,9,21033,买盘
865,13:17:33,23.37,0.0,8,18696,买盘
866,13:17:46,23.36,-0.01,6,14016,卖盘
867,13:18:06,23.35,-0.01,17,39695,卖盘
868,13:18:42,23.35,0.0,1,2335,买盘
869,13:19:15,23.34,-0.01,40,93360,卖盘
870,13:19:22,23.34,0.0,2,4668,卖盘
871,13:19:34,23.34,0.0,2,4668,买盘
872,13:19:48,23.34,0.0,8,18672,卖盘
873,13:20:07,23.33,-0.01,17,39661,卖盘
874,13:20:31,23.34,0.01,1,2334,买盘
875,13:20:39,23.33,-0.01,24,55992,卖盘
876,13:21:25,23.32,-0.01,3,6996,卖盘
877,13:21:27,23.33,0.01,4,9332,买盘
878,13:21:49,23.33,0.0,2,4666,买盘
879,13:22:16,23.32,-0.01,9,20988,卖盘
880,13:22:43,23.33,0.01,1,2333,买盘
881,13:23:03,23.34,0.01,7,16338,买盘
882,13:23:16,23.34,0.0,4,9336,买盘
883,13:23:36,23.34,0.0,5,11203,卖盘
884,13:23:46,23.34,0.0,1,2801,卖盘
885,13:23:52,23.34,0.0,2,4668,买盘
886,13:24:01,23.34,0.0,26,60684,买盘
887,13:24:04,23.34,0.0,2,4201,买盘
888,13:24:16,23.35,0.01,38,88730,买盘
889,13:24:21,23.35,0.0,20,46700,买盘
890,13:24:40,23.37,0.02,2,4674,买盘
891,13:24:48,23.37,0.0,26,60762,买盘
892,13:24:55,23.35,-0.02,5,11675,卖盘
893,13:25:04,23.37,0.02,6,14022,买盘
894,13:25:10,23.37,0.0,5,11685,买盘
895,13:25:19,23.37,0.0,5,11685,买盘
896,13:25:31,23.37,0.0,11,25707,买盘
897,13:25:52,23.37,0.0,4,9348,卖盘
898,13:26:01,23.37,0.0,1,2337,买盘
899,13:26:16,23.42,0.05,2,4684,买盘
900,13:26:19,23.42,0.0,2,4684,卖盘
901,13:26:25,23.43,0.01,2,4686,买盘
902,13:26:48,23.44,0.01,7,16407,买盘
903,13:27:04,23.44,0.0,8,18752,卖盘
904,13:27:10,23.44,0.0,32,75008,买盘
905,13:28:07,23.45,0.01,5,11725,买盘
906,13:28:09,23.44,-0.01,1,2344,卖盘
907,13:28:39,23.45,0.01,3,7035,买盘
908,13:28:55,23.45,0.0,8,18760,买盘
909,13:29:46,23.45,0.0,2,4690,买盘
910,13:30:13,23.44,-0.01,2,4688,买盘
911,13:31:07,23.44,0.0,10,23440,卖盘
912,13:31:13,23.44,0.0,2,4688,卖盘
913,13:31:33,23.43,-0.01,12,28116,卖盘
914,13:31:42,23.43,0.0,1,2343,卖盘
915,13:31:48,23.43,0.0,1,2343,买盘
916,13:31:57,23.43,0.0,4,9372,买盘
917,13:32:04,23.43,0.0,1,2343,中性盘
918,13:32:10,23.42,-0.01,1,2342,卖盘
919,13:32:33,23.4,-0.02,1,2340,卖盘
920,13:33:01,23.38,-0.02,3,7014,卖盘
921,13:33:58,23.36,-0.02,30,70094,卖盘
922,13:34:43,23.36,0.0,7,16352,卖盘
923,13:36:58,23.39,0.03,5,11695,买盘
924,13:37:25,23.42,0.03,4,9368,买盘
925,13:37:51,23.42,0.0,5,11710,卖盘
926,13:37:55,23.42,0.0,2,4684,卖盘
927,13:37:58,23.43,0.01,5,11715,买盘
928,13:38:07,23.43,0.0,5,11715,买盘
929,13:38:36,23.45,0.02,20,46900,买盘
930,13:39:58,23.44,-0.01,2,4688,卖盘
931,13:40:04,23.44,0.0,15,35160,买盘
932,13:40:31,23.44,0.0,6,14064,买盘
933,13:40:34,23.44,0.0,1,2344,卖盘
934,13:40:40,23.44,0.0,3,7032,卖盘
935,13:40:49,23.44,0.0,5,11720,买盘
936,13:41:10,23.42,-0.02,2,4684,卖盘
937,13:41:27,23.44,0.02,1,2344,买盘
938,13:42:10,23.44,0.0,9,21096,卖盘
939,13:42:19,23.43,-0.01,1,2343,卖盘
940,13:42:46,23.43,0.0,2,4686,买盘
941,13:43:52,23.43,0.0,2,4686,卖盘
942,13:43:57,23.44,0.01,8,18752,买盘
943,13:44:22,23.44,0.0,5,11720,买盘
944,13:45:00,23.44,0.0,3,7032,买盘
945,13:45:16,23.45,0.01,15,35170,买盘
946,13:45:42,23.45,0.0,1,2345,买盘
947,13:45:45,23.43,-0.02,3,7029,卖盘
948,13:46:46,23.43,0.0,36,84348,卖盘
949,13:46:54,23.42,-0.01,4,9368,卖盘
950,13:47:06,23.41,-0.01,12,28099,卖盘
951,13:47:57,23.36,-0.05,1,2336,卖盘
952,13:48:10,23.36,0.0,4,9344,卖盘
953,13:49:33,23.36,0.0,4,9344,买盘
954,13:49:51,23.33,-0.03,24,55992,卖盘
955,13:49:57,23.33,0.0,3,6532,卖盘
956,13:50:51,23.33,0.0,10,23330,卖盘
957,13:51:10,23.36,0.03,43,100448,买盘
958,13:51:22,23.36,0.0,1,2336,买盘
959,13:51:34,23.33,-0.03,6,13999,卖盘
960,13:52:27,23.36,0.03,8,18688,买盘
961,13:53:25,23.36,0.0,5,11680,卖盘
962,13:55:13,23.34,-0.02,16,37344,卖盘
963,13:55:27,23.34,0.0,7,16338,买盘
964,13:55:40,23.34,0.0,7,16335,买盘
965,13:55:52,23.34,0.0,12,28008,买盘
966,13:55:54,23.32,-0.02,25,58323,卖盘
967,13:56:04,23.33,0.01,4,9331,中性盘
968,13:56:07,23.33,0.0,7,16331,买盘
969,13:56:42,23.33,0.0,5,11665,卖盘
970,13:57:10,23.34,0.01,15,35010,买盘
971,13:57:16,23.34,0.0,3,7002,买盘
972,13:57:46,23.36,0.02,1,1869,卖盘
973,13:58:13,23.4,0.04,2,4680,买盘
974,13:58:22,23.4,0.0,1,2340,买盘
975,13:58:28,23.4,0.0,2,4680,买盘
976,13:58:30,23.4,0.0,3,7020,卖盘
977,13:58:45,23.38,-0.02,3,7014,买盘
978,13:58:49,23.4,0.02,1,2340,卖盘
979,13:59:06,23.4,0.0,1,2340,卖盘
980,13:59:34,23.42,0.02,2,4684,买盘
981,14:00:49,23.4,-0.02,12,28080,卖盘
982,14:01:06,23.4,0.0,1,2340,卖盘
983,14:01:52,23.4,0.0,4,9360,买盘
984,14:02:34,23.4,0.0,14,32760,买盘
985,14:02:57,23.42,0.02,14,32788,买盘
986,14:04:37,23.4,-0.02,8,18720,买盘
987,14:04:57,23.4,0.0,2,4680,买盘
988,14:05:16,23.37,-0.03,1,1870,卖盘
989,14:05:40,23.37,0.0,1,2337,卖盘
990,14:06:01,23.37,0.0,2,4675,卖盘
991,14:06:22,23.37,0.0,1,2337,卖盘
992,14:06:34,23.37,0.0,1,2337,卖盘
993,14:07:28,23.39,0.02,1,2339,买盘
994,14:07:37,23.39,0.0,1,3274,买盘
995,14:08:39,23.39,0.0,3,7017,买盘
996,14:08:46,23.38,-0.01,16,37876,卖盘
997,14:08:54,23.39,0.01,2,4678,买盘
998,14:09:24,23.39,0.0,1,2339,买盘
999,14:10:21,23.38,-0.01,10,23381,卖盘
1000,14:10:42,23.39,0.01,6,14034,买盘
1001,14:10:51,23.39,0.0,12,28068,买盘
1002,14:10:57,23.38,-0.01,4,9352,卖盘
1003,14:11:21,23.39,0.01,20,46780,买盘
1004,14:11:37,23.39,0.0,5,11695,买盘
1005,14:11:52,23.39,0.0,6,14034,买盘
1006,14:12:31,23.38,0.0,6,14028,卖盘
1007,14:12:58,23.38,0.0,57,132331,卖盘
1008,14:13:00,23.39,0.01,2,4678,买盘
1009,14:13:06,23.38,-0.01,10,23380,卖盘
1010,14:13:45,23.38,0.0,2,4676,卖盘
1011,14:13:49,23.38,0.0,10,23380,卖盘
1012,14:13:58,23.38,0.0,1,2338,卖盘
1013,14:14:27,23.38,0.0,2,4676,卖盘
1014,14:14:40,23.38,0.0,50,116900,卖盘
1015,14:14:43,23.38,0.0,10,23380,卖盘
1016,14:14:46,23.38,0.0,14,32732,卖盘
1017,14:14:52,23.38,0.0,26,60788,卖盘
1018,14:14:55,23.38,0.0,1,2338,卖盘
1019,14:14:58,23.38,0.0,5,11690,卖盘
1020,14:15:00,23.38,0.0,10,23380,卖盘
1021,14:15:36,23.37,-0.01,4,9348,卖盘
1022,14:15:52,23.37,0.0,1,2337,买盘
1023,14:16:21,23.37,0.0,8,18696,买盘
1024,14:16:34,23.37,0.0,12,28044,卖盘
1025,14:17:25,23.36,-0.01,2,4672,卖盘
1026,14:18:00,23.37,0.01,12,28044,买盘
1027,14:18:31,23.37,0.0,39,91143,买盘
1028,14:18:51,23.37,0.0,1,2337,买盘
1029,14:19:10,23.37,0.0,4,9348,卖盘
1030,14:19:15,23.37,0.0,10,23370,卖盘
1031,14:20:21,23.36,-0.01,2,4672,卖盘
1032,14:20:24,23.37,0.01,6,14022,卖盘
1033,14:21:13,23.37,0.0,1,2337,卖盘
1034,14:22:09,23.39,0.02,3,7017,买盘
1035,14:22:43,23.4,0.01,1,2340,买盘
1036,14:22:46,23.4,0.0,10,23400,买盘
1037,14:22:51,23.39,-0.01,6,14034,卖盘
1038,14:23:00,23.4,0.01,10,23400,买盘
1039,14:24:40,23.39,-0.01,4,9356,卖盘
1040,14:24:54,23.38,-0.01,3,7014,卖盘
1041,14:25:22,23.37,-0.01,1,2337,卖盘
1042,14:25:42,23.37,0.0,1,2337,买盘
1043,14:25:51,23.38,0.01,1,2338,买盘
1044,14:25:55,23.38,0.0,4,9352,买盘
1045,14:27:25,23.39,0.01,1,2339,卖盘
1046,14:29:15,23.39,0.0,10,23390,买盘
1047,14:30:28,23.38,-0.01,7,16366,卖盘
1048,14:31:07,23.38,0.0,9,21042,买盘
1049,14:31:16,23.38,0.0,2,4676,买盘
1050,14:31:30,23.37,-0.01,11,24772,卖盘
1051,14:31:54,23.37,0.0,1,2337,卖盘
1052,14:32:22,23.37,0.0,11,25707,卖盘
1053,14:33:19,23.37,0.0,1,1402,卖盘
1054,14:33:34,23.37,0.0,1,3272,卖盘
1055,14:34:15,23.36,-0.01,1,2336,卖盘
1056,14:34:58,23.37,0.01,3,7011,买盘
1057,14:35:01,23.36,-0.01,4,9344,卖盘
1058,14:35:06,23.36,0.0,5,11680,卖盘
1059,14:35:13,23.36,0.0,7,16352,卖盘
1060,14:35:22,23.36,0.0,17,39712,卖盘
1061,14:35:25,23.37,0.01,7,16358,买盘
1062,14:35:46,23.35,-0.02,1,2335,卖盘
1063,14:35:48,23.35,0.0,1,2335,卖盘
1064,14:35:52,23.35,0.0,16,37360,卖盘
1065,14:36:01,23.35,0.0,2,4670,卖盘
1066,14:36:16,23.34,-0.01,5,11670,卖盘
1067,14:36:19,23.35,0.01,1,2335,买盘
1068,14:36:22,23.35,0.0,10,23350,买盘
1069,14:36:34,23.34,-0.01,2,4668,卖盘
1070,14:36:37,23.34,0.0,1,2334,卖盘
1071,14:36:46,23.33,-0.01,15,35006,卖盘
1072,14:36:55,23.35,0.02,24,56040,买盘
1073,14:36:58,23.35,0.0,4,9340,卖盘
1074,14:37:07,23.36,0.01,8,18688,买盘
1075,14:37:19,23.36,0.0,1,2336,买盘
1076,14:37:30,23.37,0.01,8,18229,买盘
1077,14:37:43,23.38,0.01,10,23380,买盘
1078,14:37:51,23.37,-0.01,7,17761,买盘
1079,14:38:04,23.39,0.02,5,11695,买盘
1080,14:38:07,23.39,0.0,21,49119,卖盘
1081,14:38:19,23.4,0.01,8,18720,买盘
1082,14:38:28,23.42,0.02,10,23420,买盘
1083,14:38:42,23.4,-0.02,1,2340,买盘
1084,14:38:49,23.4,0.0,6,14040,买盘
1085,14:38:52,23.4,0.0,1,2340,买盘
1086,14:38:55,23.42,0.02,5,11710,买盘
1087,14:39:10,23.43,0.01,4,9372,买盘
1088,14:39:19,23.43,0.0,6,14058,买盘
1089,14:40:16,23.44,0.01,1,2344,买盘
1090,14:40:19,23.44,0.0,10,23440,买盘
1091,14:40:22,23.43,-0.01,15,35145,卖盘
1092,14:40:28,23.44,0.01,25,58600,买盘
1093,14:40:36,23.45,0.01,3,7035,买盘
1094,14:40:46,23.45,0.0,14,32819,买盘
1095,14:40:49,23.45,0.0,3,7035,买盘
1096,14:40:52,23.45,0.0,5,11725,买盘
1097,14:40:58,23.45,0.0,6,14070,买盘
1098,14:41:34,23.43,-0.02,2,4686,卖盘
1099,14:41:37,23.45,0.02,2,4690,买盘
1100,14:42:16,23.45,0.0,4,9380,买盘
1101,14:42:27,23.43,-0.02,2,4686,卖盘
1102,14:42:30,23.43,0.0,10,23430,卖盘
1103,14:42:46,23.43,0.0,14,32802,卖盘
1104,14:42:49,23.43,0.0,1,2343,买盘
1105,14:42:58,23.42,-0.01,2,4684,卖盘
1106,14:43:07,23.42,0.0,2,4684,卖盘
1107,14:43:10,23.42,0.0,3,7026,卖盘
1108,14:43:40,23.42,0.0,29,67918,卖盘
1109,14:44:12,23.42,0.0,10,23420,买盘
1110,14:44:39,23.41,-0.01,1,2341,买盘
1111,14:45:09,23.41,0.0,18,42138,买盘
1112,14:45:13,23.4,-0.01,25,58513,卖盘
1113,14:45:19,23.4,0.0,4,9362,卖盘
1114,14:45:34,23.41,0.01,6,14046,买盘
1115,14:46:01,23.4,-0.01,19,44475,卖盘
1116,14:46:13,23.4,0.0,1,2340,买盘
1117,14:46:16,23.42,0.02,12,28104,买盘
1118,14:46:22,23.4,-0.02,40,93600,卖盘
1119,14:46:46,23.42,0.02,8,18736,买盘
1120,14:46:52,23.42,0.0,1,2342,买盘
1121,14:47:07,23.43,0.01,26,60918,买盘
1122,14:47:13,23.42,-0.01,57,133502,卖盘
1123,14:47:16,23.43,0.01,5,11712,买盘
1124,14:47:19,23.43,0.0,1,2343,卖盘
1125,14:47:22,23.45,0.02,12,28140,买盘
1126,14:47:37,23.42,-0.03,2,4684,中性盘
1127,14:48:01,23.44,0.02,1,2344,买盘
1128,14:48:10,23.45,0.01,4,9380,买盘
1129,14:48:13,23.44,-0.01,4,9376,卖盘
1130,14:48:28,23.44,0.0,5,11720,买盘
1131,14:48:55,23.44,0.0,15,35160,买盘
1132,14:49:22,23.43,-0.01,2,4686,卖盘
1133,14:49:25,23.44,0.01,15,35160,买盘
1134,14:49:31,23.45,0.01,12,28120,买盘
1135,14:49:36,23.45,0.0,10,23450,买盘
1136,14:49:46,23.45,0.0,15,35175,买盘
1137,14:49:49,23.45,0.0,2,4690,买盘
1138,14:49:51,23.45,0.0,1,2345,买盘
1139,14:49:58,23.44,-0.01,2,4688,卖盘
1140,14:50:07,23.44,0.0,8,18752,卖盘
1141,14:50:10,23.44,0.0,1,2344,买盘
1142,14:50:22,23.42,-0.02,68,159276,卖盘
1143,14:50:34,23.41,-0.01,28,65548,卖盘
1144,14:50:40,23.42,0.01,5,11707,买盘
1145,14:50:46,23.42,0.0,12,28104,买盘
1146,14:50:58,23.41,-0.01,12,28102,卖盘
1147,14:51:18,23.41,0.0,6,14046,卖盘
1148,14:51:21,23.42,0.01,1,2342,买盘
1149,14:51:25,23.42,0.0,66,154572,买盘
1150,14:51:28,23.42,0.0,10,23420,买盘
1151,14:51:37,23.42,0.0,1,2342,买盘
1152,14:51:42,23.4,-0.02,6,14046,卖盘
1153,14:51:54,23.42,0.02,22,51524,买盘
1154,14:52:07,23.41,-0.01,2,4682,买盘
1155,14:52:22,23.41,0.0,3,7023,买盘
1156,14:52:25,23.41,0.0,2,4682,卖盘
1157,14:52:31,23.42,0.01,50,117100,买盘
1158,14:52:37,23.42,0.0,2,4684,买盘
1159,14:52:46,23.42,0.0,18,42147,买盘
1160,14:52:52,23.42,0.0,6,14052,买盘
1161,14:52:54,23.42,0.0,24,56208,买盘
1162,14:53:01,23.42,0.0,18,42156,买盘
1163,14:53:04,23.42,0.0,6,14052,买盘
1164,14:53:10,23.42,0.0,50,117100,买盘
1165,14:53:16,23.41,-0.01,5,11705,卖盘
1166,14:53:19,23.42,0.01,74,173308,买盘
1167,14:53:25,23.42,0.0,3,5621,买盘
1168,14:53:27,23.42,0.0,2,4684,卖盘
1169,14:53:43,23.42,0.0,5,11712,卖盘
1170,14:53:46,23.42,0.0,3,7026,卖盘
1171,14:53:49,23.45,0.03,4,9380,买盘
1172,14:53:52,23.45,0.0,6,14070,卖盘
1173,14:54:01,23.46,0.01,4,9378,买盘
1174,14:54:13,23.45,-0.01,5,11725,买盘
1175,14:54:19,23.45,0.0,2,4690,卖盘
1176,14:54:28,23.43,-0.02,23,53899,卖盘
1177,14:54:34,23.45,0.02,5,11725,买盘
1178,14:54:37,23.48,0.03,29,68076,买盘
1179,14:54:52,23.45,-0.03,2,4690,买盘
1180,14:54:58,23.45,0.0,4,9380,买盘
1181,14:55:04,23.45,0.0,1,2345,买盘
1182,14:55:07,23.45,0.0,1,2345,买盘
1183,14:55:10,23.45,0.0,22,51590,买盘
1184,14:55:16,23.45,0.0,9,21105,卖盘
1185,14:55:22,23.45,0.0,5,11725,中性盘
1186,14:55:31,23.45,0.0,15,35175,买盘
1187,14:55:34,23.44,-0.01,10,23440,卖盘
1188,14:55:52,23.44,0.0,18,42192,买盘
1189,14:55:55,23.44,0.0,11,25774,买盘
1190,14:55:58,23.44,0.0,61,142984,买盘
1191,14:56:01,23.43,-0.01,1,2343,卖盘
1192,14:56:04,23.43,0.0,6,14061,卖盘
1193,14:56:07,23.43,0.0,5,11715,卖盘
1194,14:56:10,23.43,0.0,10,23435,卖盘
1195,14:56:13,23.43,0.0,1,2343,买盘
1196,14:56:19,23.42,-0.01,20,46848,卖盘
1197,14:56:24,23.43,0.01,11,25773,卖盘
1198,14:56:34,23.43,0.0,6,14058,买盘
1199,14:56:37,23.43,0.0,60,140580,买盘
1200,14:56:43,23.42,-0.01,30,70260,卖盘
1201,14:56:46,23.43,0.01,4,9372,买盘
1202,14:56:48,23.43,0.0,5,11715,买盘
1203,14:56:51,23.43,0.0,15,35143,买盘
1204,14:57:00,23.43,0.0,10,23430,买盘
1205,15:00:04,23.44,0.01,200,468800,买盘
