,time,price,change,volume,amount,type
0,09:25:04,7.02,-0.01,266,186732,卖盘
1,09:30:04,7.01,-0.01,84,58889,卖盘
2,09:30:07,7.0,-0.01,41,28700,卖盘
3,09:30:19,7.0,0.0,10,7000,买盘
4,09:30:28,6.98,-0.02,14,9772,卖盘
5,09:30:31,6.98,0.0,54,37700,卖盘
6,09:30:34,6.98,0.0,1,698,买盘
7,09:30:37,6.98,0.0,1,698,买盘
8,09:30:40,6.97,-0.01,32,22305,卖盘
9,09:30:42,6.97,0.0,6,4182,买盘
10,09:30:45,6.97,0.0,2,1394,买盘
11,09:30:48,6.97,0.0,39,27146,买盘
12,09:30:52,6.96,-0.01,12,8361,卖盘
13,09:30:55,6.96,0.0,7,4874,卖盘
14,09:30:58,6.96,0.0,64,44546,卖盘
15,09:31:04,6.97,0.01,4,2788,买盘
16,09:31:07,6.95,-0.02,44,30595,卖盘
17,09:31:10,6.97,0.02,10,6962,买盘
18,09:31:16,6.97,0.0,10,6970,买盘
19,09:31:25,6.97,0.0,35,24395,卖盘
20,09:31:28,6.97,0.0,5,3482,买盘
21,09:31:31,6.97,0.0,8,5576,卖盘
22,09:31:34,6.97,0.0,10,6970,买盘
23,09:31:37,6.97,0.0,28,19536,卖盘
24,09:31:43,6.97,0.0,7,4879,卖盘
25,09:31:46,6.97,0.0,7,4879,买盘
26,09:31:49,6.97,0.0,10,6970,卖盘
27,09:32:07,6.97,0.0,13,9061,卖盘
28,09:32:10,6.97,0.0,449,312299,卖盘
29,09:32:15,6.95,-0.02,5,3475,卖盘
30,09:32:19,6.95,0.0,48,33360,卖盘
31,09:32:25,6.94,-0.01,8,5552,卖盘
32,09:32:34,6.93,-0.01,10,6930,卖盘
33,09:32:37,6.93,0.0,2,1386,卖盘
34,09:32:40,6.91,-0.02,12,8297,卖盘
35,09:32:46,6.91,0.0,44,30404,卖盘
36,09:32:49,6.9,-0.01,24,16560,卖盘
37,09:32:52,6.91,0.01,158,108780,买盘
38,09:32:55,6.91,0.0,10,6905,买盘
39,09:32:58,6.91,0.0,38,26248,买盘
40,09:33:01,6.91,0.0,5,3455,买盘
41,09:33:04,6.91,0.0,72,49730,买盘
42,09:33:07,6.91,0.0,14,9674,卖盘
43,09:33:12,6.88,-0.03,74,50938,卖盘
44,09:33:16,6.91,0.03,6,4146,买盘
45,09:33:19,6.92,0.01,4,2768,卖盘
46,09:33:25,6.91,-0.01,6,4146,买盘
47,09:33:27,6.91,0.0,20,13820,买盘
48,09:33:42,6.92,0.01,2,1384,卖盘
49,09:33:46,6.92,0.0,11,7612,买盘
50,09:33:49,6.92,0.0,70,48440,买盘
51,09:33:52,6.92,0.0,21,14522,买盘
52,09:33:55,6.93,0.01,58,40177,买盘
53,09:33:58,6.93,0.0,51,35363,卖盘
54,09:34:04,6.95,0.02,1,695,买盘
55,09:34:34,6.95,0.0,13,9035,卖盘
56,09:34:37,6.97,0.02,27,18819,买盘
57,09:34:40,6.95,-0.02,16,11136,卖盘
58,09:34:43,6.95,0.0,94,65330,买盘
59,09:35:01,6.95,0.0,20,13900,卖盘
60,09:35:04,6.97,0.02,3,2091,买盘
61,09:35:07,6.98,0.01,20,13957,买盘
62,09:35:13,6.95,-0.03,10,6950,卖盘
63,09:35:22,6.95,0.0,45,31275,买盘
64,09:35:27,6.95,0.0,25,17375,卖盘
65,09:35:42,6.95,0.0,5,3475,买盘
66,09:35:45,6.95,0.0,2,1390,买盘
67,09:35:52,6.94,-0.01,9,6246,卖盘
68,09:35:55,6.94,0.0,1,694,卖盘
69,09:35:58,6.94,0.0,4,2776,买盘
70,09:36:04,6.94,0.0,5,3470,买盘
71,09:36:10,6.94,0.0,6,4164,买盘
72,09:36:19,6.94,0.0,8,5552,买盘
73,09:36:21,6.92,-0.02,140,96956,卖盘
74,09:36:24,6.94,0.02,7,4858,买盘
75,09:36:31,6.94,0.0,7,4858,卖盘
76,09:36:37,6.95,0.01,56,38920,买盘
77,09:36:39,6.94,-0.01,20,13881,卖盘
78,09:36:46,6.94,0.0,3,2082,卖盘
79,09:36:55,6.94,0.0,10,6940,卖盘
80,09:36:58,6.91,-0.03,69,47823,卖盘
81,09:37:10,6.94,0.03,43,29734,买盘
82,09:37:15,6.92,-0.02,7,4844,卖盘
83,09:37:22,6.94,0.02,142,98544,买盘
84,09:37:31,6.92,-0.02,1,692,卖盘
85,09:37:37,6.92,0.0,7,4844,卖盘
86,09:37:48,6.92,0.0,37,25618,卖盘
87,09:37:58,6.92,0.0,3,2076,卖盘
88,09:38:01,6.92,0.0,4,2768,卖盘
89,09:38:04,6.92,0.0,8,5536,卖盘
90,09:38:10,6.94,0.02,10,6930,买盘
91,09:38:16,6.91,-0.03,19,13144,卖盘
92,09:38:19,6.92,0.01,12,8304,买盘
93,09:38:28,6.92,0.0,3,2076,买盘
94,09:38:37,6.92,0.0,10,6920,买盘
95,09:38:55,6.92,0.0,8,5536,买盘
96,09:38:58,6.92,0.0,13,8996,买盘
97,09:39:01,6.92,0.0,5,3460,买盘
98,09:39:04,6.91,-0.01,3,2073,卖盘
99,09:39:07,6.92,0.01,5,3460,买盘
100,09:39:10,6.92,0.0,81,56052,买盘
101,09:39:13,6.92,0.0,25,17300,卖盘
102,09:39:19,6.92,0.0,41,28372,卖盘
103,09:39:22,6.92,0.0,47,32524,卖盘
104,09:39:25,6.92,0.0,3,2076,买盘
105,09:39:31,6.91,-0.01,17,11747,卖盘
106,09:39:34,6.92,0.01,10,6920,买盘
107,09:39:37,6.91,-0.01,9,6219,卖盘
108,09:39:46,6.91,0.0,2,1382,卖盘
109,09:39:51,6.88,-0.03,483,333431,卖盘
110,09:40:01,6.9,0.02,287,197193,中性盘
111,09:40:07,6.88,-0.02,9,6192,卖盘
112,09:40:10,6.88,0.0,2,1376,卖盘
113,09:40:13,6.89,0.01,1,689,买盘
114,09:40:16,6.88,-0.01,1,688,卖盘
115,09:40:18,6.89,0.01,20,13780,买盘
116,09:40:22,6.88,-0.01,6,4128,卖盘
117,09:40:28,6.88,0.0,10,6880,卖盘
118,09:40:31,6.88,0.0,36,24768,卖盘
119,09:40:34,6.89,0.01,30,20670,买盘
120,09:40:37,6.9,0.01,56,38623,买盘
121,09:40:40,6.88,-0.02,1,688,卖盘
122,09:40:42,6.88,0.0,10,6880,卖盘
123,09:40:45,6.88,0.0,32,22068,卖盘
124,09:40:49,6.88,0.0,2,1376,买盘
125,09:40:55,6.88,0.0,20,13765,卖盘
126,09:41:01,6.88,0.0,14,9632,卖盘
127,09:41:07,6.88,0.0,9,6192,卖盘
128,09:41:09,6.88,0.0,5,3440,买盘
129,09:41:13,6.86,-0.02,67,45962,卖盘
130,09:41:16,6.86,0.0,30,20580,卖盘
131,09:41:27,6.86,0.0,85,58312,卖盘
132,09:41:31,6.86,0.0,25,17150,卖盘
133,09:41:40,6.86,0.0,6,4120,卖盘
134,09:41:43,6.86,0.0,17,11664,卖盘
135,09:41:46,6.86,0.0,27,18522,卖盘
136,09:41:48,6.87,0.01,30,20610,中性盘
137,09:41:52,6.87,0.0,3,2061,卖盘
138,09:41:55,6.88,0.01,5,3440,买盘
139,09:41:58,6.87,-0.01,54,37098,卖盘
140,09:42:01,6.87,0.0,10,6870,买盘
141,09:42:04,6.86,-0.01,14,9604,卖盘
142,09:42:10,6.87,0.01,7,4804,买盘
143,09:42:15,6.87,0.0,12,8244,买盘
144,09:42:19,6.87,0.0,27,18549,买盘
145,09:42:22,6.86,-0.01,24,16474,卖盘
146,09:42:25,6.87,0.01,19,13053,买盘
147,09:42:28,6.87,0.0,1,687,买盘
148,09:42:31,6.87,0.0,4,2748,买盘
149,09:42:34,6.87,0.0,1,687,买盘
150,09:42:37,6.87,0.0,12,8240,买盘
151,09:42:43,6.87,0.0,18,12366,卖盘
152,09:42:46,6.87,0.0,5,3435,卖盘
153,09:42:49,6.87,0.0,80,54932,卖盘
154,09:42:58,6.87,0.0,45,30915,买盘
155,09:43:01,6.86,-0.01,18,12358,卖盘
156,09:43:06,6.87,0.01,2,1374,卖盘
157,09:43:13,6.86,-0.01,29,19894,卖盘
158,09:43:19,6.87,0.01,6,4122,买盘
159,09:43:21,6.86,-0.01,34,23337,卖盘
160,09:43:27,6.88,0.02,5,3440,买盘
161,09:43:31,6.87,-0.01,2,1374,卖盘
162,09:43:34,6.87,0.0,10,6870,卖盘
163,09:43:43,6.86,-0.01,100,68620,卖盘
164,09:43:46,6.88,0.02,22,15132,买盘
165,09:43:49,6.88,0.0,70,48150,买盘
166,09:43:52,6.88,0.0,10,6880,卖盘
167,09:43:55,6.89,0.01,12,8259,买盘
168,09:44:00,6.87,-0.02,26,17873,卖盘
169,09:44:06,6.87,0.0,8,5496,卖盘
170,09:44:10,6.87,0.0,2,1374,中性盘
171,09:44:13,6.87,0.0,163,111971,买盘
172,09:44:16,6.86,-0.01,50,34300,卖盘
173,09:44:22,6.86,0.0,19,13043,卖盘
174,09:44:24,6.86,0.0,77,52824,卖盘
175,09:44:28,6.86,0.0,59,40480,卖盘
176,09:44:31,6.86,0.0,146,100156,卖盘
177,09:44:34,6.86,0.0,34,23324,卖盘
178,09:44:36,6.86,0.0,27,18508,卖盘
179,09:44:40,6.86,0.0,62,42480,买盘
180,09:44:43,6.85,-0.01,38,26030,卖盘
181,09:44:48,6.85,0.0,40,27400,卖盘
182,09:44:58,6.85,0.0,39,26715,卖盘
183,09:45:04,6.85,0.0,144,98640,卖盘
184,09:45:07,6.85,0.0,1,685,卖盘
185,09:45:13,6.85,0.0,31,21235,卖盘
186,09:45:18,6.85,0.0,1,685,买盘
187,09:45:22,6.85,0.0,3,2055,买盘
188,09:45:25,6.84,-0.01,15,10270,卖盘
189,09:45:31,6.84,0.0,8,5472,卖盘
190,09:45:40,6.84,0.0,30,20520,卖盘
191,09:45:42,6.84,0.0,16,10953,卖盘
192,09:45:51,6.84,0.0,135,92340,卖盘
193,09:45:57,6.83,-0.01,9,6147,卖盘
194,09:46:01,6.84,0.01,53,36252,买盘
195,09:46:04,6.83,-0.01,38,25954,卖盘
196,09:46:10,6.83,0.0,23,15709,买盘
197,09:46:13,6.82,-0.01,10,6820,卖盘
198,09:46:16,6.82,0.0,20,13640,卖盘
199,09:46:19,6.82,0.0,15,10237,卖盘
200,09:46:27,6.82,0.0,75,51157,卖盘
201,09:46:30,6.82,0.0,1,682,卖盘
202,09:46:34,6.83,0.01,2,1366,买盘
203,09:46:37,6.82,-0.01,65,44384,卖盘
204,09:46:49,6.83,0.01,11,7513,卖盘
205,09:46:55,6.83,0.0,13,8879,卖盘
206,09:46:57,6.83,0.0,3,2049,卖盘
207,09:47:01,6.83,0.0,12,8196,买盘
208,09:47:10,6.83,0.0,7,4781,卖盘
209,09:47:15,6.84,0.01,15,10260,买盘
210,09:47:25,6.84,0.0,66,45144,买盘
211,09:47:31,6.83,-0.01,10,6835,卖盘
212,09:47:46,6.84,0.01,40,27360,买盘
213,09:47:52,6.84,0.0,7,4788,买盘
214,09:47:55,6.84,0.0,11,7524,买盘
215,09:48:01,6.84,0.0,30,20520,买盘
216,09:48:16,6.84,0.0,9,6156,买盘
217,09:48:19,6.83,-0.01,1,683,卖盘
218,09:48:25,6.84,0.01,110,75240,买盘
219,09:48:28,6.84,0.0,20,13680,买盘
220,09:48:31,6.84,0.0,6,4104,买盘
221,09:48:43,6.83,-0.01,54,36886,卖盘
222,09:48:46,6.83,0.0,30,20490,卖盘
223,09:48:49,6.83,0.0,38,25954,卖盘
224,09:49:01,6.83,0.0,21,14344,卖盘
225,09:49:06,6.83,0.0,56,38248,卖盘
226,09:49:10,6.83,0.0,1,683,卖盘
227,09:49:16,6.83,0.0,31,21173,卖盘
228,09:49:31,6.83,0.0,2,1366,卖盘
229,09:49:34,6.83,0.0,1,683,卖盘
230,09:49:40,6.83,0.0,242,165286,卖盘
231,09:49:46,6.83,0.0,13,8879,买盘
232,09:49:48,6.84,0.01,30,20492,买盘
233,09:49:52,6.83,-0.01,23,15709,买盘
234,09:49:54,6.83,0.0,23,15709,买盘
235,09:49:57,6.83,0.0,2,1366,买盘
236,09:50:01,6.82,-0.01,10,6826,卖盘
237,09:50:04,6.83,0.01,6,4098,买盘
238,09:50:22,6.83,0.0,7,4781,卖盘
239,09:50:31,6.82,-0.01,20,13655,卖盘
240,09:50:37,6.83,0.01,29,19807,买盘
241,09:50:40,6.83,0.0,15,10245,买盘
242,09:50:43,6.82,-0.01,32,21826,卖盘
243,09:50:49,6.83,0.01,10,6830,买盘
244,09:50:58,6.82,-0.01,3,2046,卖盘
245,09:51:00,6.83,0.01,1,683,买盘
246,09:51:10,6.83,0.0,4,2732,买盘
247,09:51:12,6.83,0.0,35,23900,买盘
248,09:51:16,6.83,0.0,9,6147,卖盘
249,09:51:37,6.83,0.0,22,15028,卖盘
250,09:51:45,6.84,0.01,9,6156,买盘
251,09:51:52,6.84,0.0,7,4788,买盘
252,09:51:58,6.84,0.0,5,3420,卖盘
253,09:52:01,6.85,0.01,16,10960,买盘
254,09:52:12,6.85,0.0,10,6850,卖盘
255,09:52:22,6.86,0.01,82,56252,买盘
256,09:52:34,6.86,0.0,4,2744,卖盘
257,09:52:37,6.86,0.0,9,6174,卖盘
258,09:52:40,6.86,0.0,1,686,卖盘
259,09:52:43,6.86,0.0,1,686,卖盘
260,09:52:46,6.86,0.0,4,2744,卖盘
261,09:52:49,6.86,0.0,1,686,卖盘
262,09:52:52,6.86,0.0,21,14406,卖盘
263,09:52:55,6.86,0.0,20,13720,买盘
264,09:53:01,6.86,0.0,2,1372,买盘
265,09:53:25,6.87,0.01,6,4122,卖盘
266,09:53:28,6.87,0.0,1,687,卖盘
267,09:53:31,6.88,0.01,68,46784,买盘
268,09:53:34,6.87,-0.01,125,85799,卖盘
269,09:53:40,6.86,-0.01,1,686,卖盘
270,09:54:10,6.87,0.01,10,6870,买盘
271,09:54:16,6.87,0.0,2,1374,买盘
272,09:54:25,6.86,-0.01,5,3430,卖盘
273,09:54:42,6.86,0.0,9,6174,卖盘
274,09:54:58,6.86,0.0,6,4116,卖盘
275,09:55:19,6.86,0.0,22,15092,卖盘
276,09:55:22,6.86,0.0,15,10290,卖盘
277,09:55:33,6.85,-0.01,18,12330,卖盘
278,09:55:37,6.85,0.0,43,29455,卖盘
279,09:55:49,6.85,0.0,1,685,卖盘
280,09:55:57,6.85,0.0,19,13015,卖盘
281,09:56:04,6.86,0.01,4,2741,买盘
282,09:56:16,6.85,-0.01,5,3425,卖盘
283,09:56:19,6.86,0.01,10,6860,买盘
284,09:56:25,6.86,0.0,7,4800,买盘
285,09:56:46,6.85,-0.01,91,62408,卖盘
286,09:56:55,6.86,0.01,18,12348,买盘
287,09:56:58,6.86,0.0,4,2744,买盘
288,09:57:07,6.85,-0.01,1,685,卖盘
289,09:57:19,6.85,0.0,22,15070,卖盘
290,09:57:34,6.85,0.0,1,685,卖盘
291,09:57:42,6.85,0.0,5,3425,卖盘
292,09:57:45,6.86,0.01,13,8918,买盘
293,09:57:52,6.86,0.0,7,4802,卖盘
294,09:57:55,6.86,0.0,24,16464,买盘
295,09:58:06,6.86,0.0,1,686,买盘
296,09:58:13,6.86,0.0,97,66474,买盘
297,09:58:16,6.86,0.0,7,4802,买盘
298,09:58:21,6.86,0.0,8,5488,买盘
299,09:58:31,6.86,0.0,8,5488,买盘
300,09:58:37,6.85,-0.01,10,6850,卖盘
301,09:58:45,6.86,0.01,6,4116,买盘
302,09:58:49,6.85,-0.01,30,20550,卖盘
303,09:58:55,6.85,0.0,17,11645,卖盘
304,09:58:58,6.86,0.01,12,8226,买盘
305,09:59:01,6.86,0.0,20,13720,买盘
306,09:59:12,6.85,-0.01,20,13700,卖盘
307,09:59:16,6.86,0.01,25,17126,买盘
308,09:59:27,6.85,-0.01,12,8220,卖盘
309,09:59:43,6.85,0.0,4,2740,卖盘
310,09:59:52,6.85,0.0,6,4110,买盘
311,10:00:13,6.85,0.0,3,2055,卖盘
312,10:00:24,6.85,0.0,65,44525,卖盘
313,10:00:28,6.85,0.0,7,4795,买盘
314,10:00:34,6.84,-0.01,20,13680,卖盘
315,10:00:37,6.84,0.0,10,6840,卖盘
316,10:00:40,6.84,0.0,2,1368,卖盘
317,10:00:54,6.84,0.0,6,4104,卖盘
318,10:01:10,6.84,0.0,24,16416,卖盘
319,10:01:13,6.84,0.0,15,10260,卖盘
320,10:01:19,6.84,0.0,4,2736,卖盘
321,10:01:25,6.85,0.01,14,9590,买盘
322,10:01:40,6.84,-0.01,1,684,卖盘
323,10:01:54,6.84,0.0,20,13680,卖盘
324,10:02:00,6.83,-0.01,19,12977,卖盘
325,10:02:07,6.83,0.0,1,683,卖盘
326,10:02:10,6.84,0.01,10,6840,买盘
327,10:02:15,6.83,-0.01,1,683,卖盘
328,10:02:24,6.83,0.0,36,24588,卖盘
329,10:02:28,6.83,0.0,125,85375,卖盘
330,10:02:31,6.83,0.0,3,2049,买盘
331,10:02:37,6.83,0.0,35,23875,买盘
332,10:02:45,6.83,0.0,10,6830,买盘
333,10:02:49,6.83,0.0,25,17075,买盘
334,10:02:57,6.82,-0.01,10,6820,卖盘
335,10:03:07,6.82,0.0,6,4097,卖盘
336,10:03:15,6.84,0.02,92,62829,买盘
337,10:03:30,6.82,-0.02,2,1364,卖盘
338,10:03:42,6.82,0.0,3,2046,卖盘
339,10:03:52,6.83,0.01,5,3415,卖盘
340,10:03:55,6.83,0.0,38,25954,买盘
341,10:04:01,6.82,-0.01,6,4092,卖盘
342,10:04:03,6.83,0.01,11,7513,买盘
343,10:04:06,6.83,0.0,11,7513,买盘
344,10:04:13,6.83,0.0,2,1366,卖盘
345,10:04:34,6.83,0.0,35,23905,卖盘
346,10:04:45,6.84,0.01,5,3420,买盘
347,10:04:55,6.83,-0.01,4,2732,卖盘
348,10:05:04,6.84,0.01,5,3420,买盘
349,10:05:10,6.83,-0.01,31,21173,卖盘
350,10:05:16,6.83,0.0,5,3415,卖盘
351,10:05:19,6.84,0.01,4,2736,买盘
352,10:05:22,6.84,0.0,78,53352,买盘
353,10:05:28,6.83,-0.01,12,8206,卖盘
354,10:05:30,6.84,0.01,11,7523,买盘
355,10:05:43,6.84,0.0,1,684,买盘
356,10:05:46,6.84,0.0,100,68400,买盘
357,10:05:49,6.84,0.0,18,12306,买盘
358,10:05:51,6.84,0.0,25,17100,买盘
359,10:06:01,6.84,0.0,20,13680,买盘
360,10:06:13,6.85,0.01,35,23975,买盘
361,10:06:46,6.85,0.0,7,4795,卖盘
362,10:06:49,6.86,0.01,34,23324,买盘
363,10:07:10,6.86,0.0,20,13720,买盘
364,10:07:16,6.86,0.0,12,8232,买盘
365,10:07:28,6.85,-0.01,3,2055,卖盘
366,10:07:58,6.85,0.0,3,2055,卖盘
367,10:08:01,6.85,0.0,9,6165,卖盘
368,10:08:34,6.85,0.0,3,2055,卖盘
369,10:08:37,6.85,0.0,5,3425,卖盘
370,10:08:55,6.85,0.0,20,13700,卖盘
371,10:08:58,6.85,0.0,19,13025,卖盘
372,10:09:01,6.86,0.01,3,2058,买盘
373,10:09:07,6.86,0.0,28,19208,买盘
374,10:09:09,6.86,0.0,77,52822,买盘
375,10:09:49,6.85,-0.01,10,6850,卖盘
376,10:09:58,6.86,0.01,5,3430,买盘
377,10:10:12,6.85,-0.01,27,18495,卖盘
378,10:10:19,6.85,0.0,7,4795,卖盘
379,10:10:51,6.85,0.0,1,685,卖盘
380,10:11:24,6.85,0.0,8,5480,卖盘
381,10:11:52,6.85,0.0,51,34936,卖盘
382,10:12:04,6.85,0.0,7,4795,卖盘
383,10:12:10,6.85,0.0,1,685,卖盘
384,10:12:15,6.85,0.0,5,3425,卖盘
385,10:12:19,6.85,0.0,10,6850,卖盘
386,10:12:31,6.85,0.0,10,6850,卖盘
387,10:12:52,6.85,0.0,7,4795,卖盘
388,10:12:57,6.85,0.0,2,1370,卖盘
389,10:13:12,6.84,-0.01,12,8208,卖盘
390,10:13:28,6.84,0.0,60,41040,卖盘
391,10:13:30,6.84,0.0,3,2052,卖盘
392,10:14:04,6.84,0.0,6,4104,卖盘
393,10:14:18,6.84,0.0,104,71136,卖盘
394,10:14:31,6.83,-0.01,63,43039,卖盘
395,10:14:37,6.84,0.01,10,6840,买盘
396,10:14:55,6.84,0.0,15,10260,买盘
397,10:15:06,6.84,0.0,50,34200,买盘
398,10:15:09,6.83,-0.01,8,5464,卖盘
399,10:15:13,6.83,0.0,23,15721,卖盘
400,10:15:31,6.84,0.01,1,684,卖盘
401,10:15:36,6.83,-0.01,17,11621,卖盘
402,10:15:39,6.83,0.0,34,23222,卖盘
403,10:15:52,6.84,0.01,8,5472,买盘
404,10:16:04,6.82,-0.02,423,288694,卖盘
405,10:16:07,6.81,-0.01,510,347683,卖盘
406,10:16:13,6.81,0.0,32,21792,买盘
407,10:16:16,6.83,0.02,2,1366,卖盘
408,10:16:19,6.84,0.01,100,68400,买盘
409,10:16:27,6.83,-0.01,43,29369,卖盘
410,10:16:31,6.83,0.0,124,84692,卖盘
411,10:16:51,6.82,-0.01,8,5456,买盘
412,10:16:58,6.81,-0.01,15,10215,卖盘
413,10:17:04,6.8,-0.01,76,51684,卖盘
414,10:17:12,6.8,0.0,7,4760,卖盘
415,10:17:15,6.8,0.0,5,3400,卖盘
416,10:17:19,6.81,0.01,1,681,买盘
417,10:17:22,6.81,0.0,1,681,买盘
418,10:17:25,6.81,0.0,1,681,买盘
419,10:17:28,6.81,0.0,48,32655,买盘
420,10:17:34,6.8,-0.01,164,111643,卖盘
421,10:17:39,6.8,0.0,159,108120,卖盘
422,10:17:45,6.8,0.0,181,123090,卖盘
423,10:17:52,6.81,0.01,10,6810,卖盘
424,10:18:01,6.8,-0.01,5,3400,卖盘
425,10:18:04,6.8,0.0,33,22440,卖盘
426,10:18:09,6.8,0.0,66,44895,卖盘
427,10:18:16,6.8,0.0,4,2720,卖盘
428,10:18:19,6.8,0.0,30,20400,卖盘
429,10:18:22,6.8,0.0,15,10200,卖盘
430,10:18:25,6.8,0.0,29,19720,卖盘
431,10:18:28,6.8,0.0,5,3400,买盘
432,10:18:31,6.8,0.0,2,1360,买盘
433,10:18:33,6.78,-0.02,2,1356,卖盘
434,10:18:36,6.8,0.02,5,3400,买盘
435,10:18:43,6.78,-0.02,9,6102,卖盘
436,10:18:46,6.78,0.0,20,13571,卖盘
437,10:18:52,6.78,0.0,63,42714,卖盘
438,10:18:55,6.79,0.01,26,17652,买盘
439,10:19:04,6.78,-0.01,5,3390,卖盘
440,10:19:07,6.78,0.0,8,5424,卖盘
441,10:19:12,6.77,-0.01,3,2033,卖盘
442,10:19:16,6.79,0.02,14,9506,买盘
443,10:19:25,6.79,0.0,19,12901,卖盘
444,10:19:28,6.79,0.0,65,44198,卖盘
445,10:19:34,6.8,0.01,42,28546,买盘
446,10:19:37,6.79,-0.01,1,679,买盘
447,10:19:39,6.78,-0.01,6,4069,卖盘
448,10:19:43,6.78,0.0,15,10170,中性盘
449,10:19:52,6.78,0.0,6,4068,卖盘
450,10:19:54,6.78,0.0,15,10170,卖盘
451,10:20:00,6.78,0.0,70,47383,买盘
452,10:20:07,6.77,-0.01,1,677,买盘
453,10:20:10,6.77,0.0,21,14217,买盘
454,10:20:13,6.76,-0.01,57,38587,卖盘
455,10:20:15,6.76,0.0,5,3380,买盘
456,10:20:19,6.76,0.0,21,14185,买盘
457,10:20:22,6.75,-0.01,13,8778,卖盘
458,10:20:25,6.76,0.01,58,39129,买盘
459,10:20:27,6.78,0.02,4,2709,买盘
460,10:20:30,6.75,-0.03,1,675,买盘
461,10:20:34,6.75,0.0,3,2025,买盘
462,10:20:42,6.75,0.0,10,6750,买盘
463,10:20:45,6.75,0.0,1,675,买盘
464,10:20:48,6.75,0.0,1,675,买盘
465,10:20:52,6.74,-0.01,45,30330,卖盘
466,10:21:04,6.76,0.02,2,1352,卖盘
467,10:21:09,6.77,0.01,40,27080,买盘
468,10:21:12,6.75,-0.02,34,22955,卖盘
469,10:21:16,6.76,0.01,19,12844,买盘
470,10:21:19,6.76,0.0,1,676,买盘
471,10:21:22,6.76,0.0,73,49348,买盘
472,10:21:25,6.76,0.0,19,12844,买盘
473,10:21:28,6.76,0.0,356,240661,卖盘
474,10:21:31,6.76,0.0,2,1352,卖盘
475,10:21:34,6.78,0.02,1,678,买盘
476,10:21:36,6.78,0.0,8,5424,买盘
477,10:21:40,6.76,-0.02,40,27062,卖盘
478,10:21:58,6.77,0.01,5,3385,卖盘
479,10:22:01,6.8,0.03,37,25154,买盘
480,10:22:04,6.8,0.0,40,27200,买盘
481,10:22:10,6.83,0.03,6,4095,买盘
482,10:22:16,6.83,0.0,16,10928,买盘
483,10:22:37,6.81,-0.02,13,8862,卖盘
484,10:22:43,6.81,0.0,10,6810,买盘
485,10:22:46,6.81,0.0,17,11577,买盘
486,10:22:51,6.81,0.0,14,9533,买盘
487,10:22:54,6.82,0.01,1,682,卖盘
488,10:22:58,6.82,0.0,1,682,卖盘
489,10:23:00,6.82,0.0,5,3410,卖盘
490,10:23:04,6.82,0.0,3,2046,卖盘
491,10:23:06,6.82,0.0,1,682,卖盘
492,10:23:13,6.82,0.0,1,682,卖盘
493,10:23:34,6.8,-0.02,2,1360,卖盘
494,10:23:37,6.8,0.0,1,680,买盘
495,10:23:40,6.8,0.0,3,2040,买盘
496,10:23:43,6.81,0.01,20,13620,中性盘
497,10:23:46,6.78,-0.03,5,3390,卖盘
498,10:23:48,6.77,-0.01,51,34578,卖盘
499,10:24:30,6.77,0.0,57,38618,卖盘
500,10:24:43,6.8,0.03,10,6800,买盘
501,10:24:52,6.78,-0.02,1,678,卖盘
502,10:25:04,6.77,-0.01,50,33896,卖盘
503,10:25:16,6.77,0.0,50,33878,卖盘
504,10:25:19,6.8,0.03,105,71400,买盘
505,10:25:22,6.8,0.0,8,5440,卖盘
506,10:25:28,6.8,0.0,1,680,卖盘
507,10:25:30,6.8,0.0,10,6800,卖盘
508,10:25:36,6.8,0.0,91,61880,卖盘
509,10:25:42,6.8,0.0,4,2720,卖盘
510,10:25:57,6.81,0.01,10,6810,买盘
511,10:26:12,6.81,0.0,1,681,卖盘
512,10:26:34,6.81,0.0,10,6810,买盘
513,10:26:54,6.82,0.01,2,1364,买盘
514,10:27:10,6.81,-0.01,6,4086,卖盘
515,10:27:13,6.82,0.01,50,34100,买盘
516,10:27:37,6.82,0.0,15,10230,买盘
517,10:27:43,6.8,-0.02,49,33333,卖盘
518,10:27:45,6.8,0.0,3,2040,买盘
519,10:27:48,6.8,0.0,12,8160,买盘
520,10:27:52,6.8,0.0,2,1360,买盘
521,10:27:54,6.8,0.0,69,46792,买盘
522,10:27:58,6.8,0.0,2,1360,买盘
523,10:28:04,6.8,0.0,2,1360,买盘
524,10:28:06,6.8,0.0,38,25840,买盘
525,10:28:10,6.8,0.0,3,2040,买盘
526,10:28:40,6.82,0.02,18,12276,买盘
527,10:28:43,6.8,-0.02,20,13614,卖盘
528,10:28:46,6.82,0.02,5,3410,中性盘
529,10:29:04,6.8,-0.02,6,4080,卖盘
530,10:29:27,6.8,0.0,95,64600,卖盘
531,10:29:43,6.8,0.0,27,18368,卖盘
532,10:30:49,6.83,0.03,33,22512,买盘
533,10:31:16,6.83,0.0,30,20490,买盘
534,10:31:31,6.83,0.0,40,27320,买盘
535,10:31:34,6.83,0.0,5,3415,买盘
536,10:31:46,6.83,0.0,1,683,买盘
537,10:31:58,6.84,0.01,10,6840,买盘
538,10:32:19,6.84,0.0,20,13680,买盘
539,10:32:25,6.84,0.0,11,7524,买盘
540,10:32:31,6.84,0.0,10,6840,买盘
541,10:32:34,6.84,0.0,1,684,买盘
542,10:32:36,6.83,-0.01,2,1367,卖盘
543,10:32:52,6.83,0.0,11,7515,卖盘
544,10:33:22,6.84,0.01,20,13680,卖盘
545,10:33:25,6.84,0.0,1,684,卖盘
546,10:33:28,6.84,0.0,1,684,卖盘
547,10:33:31,6.84,0.0,1,684,卖盘
548,10:33:34,6.84,0.0,1,684,卖盘
549,10:33:37,6.84,0.0,1,684,卖盘
550,10:33:40,6.84,0.0,1,684,卖盘
551,10:33:43,6.84,0.0,4,2736,卖盘
552,10:33:46,6.84,0.0,30,20520,卖盘
553,10:34:04,6.84,0.0,11,7524,买盘
554,10:34:06,6.83,-0.01,20,13660,卖盘
555,10:34:27,6.84,0.01,6,4102,买盘
556,10:34:40,6.84,0.0,10,6840,买盘
557,10:34:57,6.84,0.0,2,1368,买盘
558,10:35:00,6.83,-0.01,58,39663,卖盘
559,10:35:04,6.84,0.01,67,45822,买盘
560,10:35:27,6.83,-0.01,3,2049,买盘
561,10:35:46,6.82,-0.01,5,3410,卖盘
562,10:35:52,6.81,-0.01,27,18387,卖盘
563,10:36:21,6.81,0.0,9,6129,卖盘
564,10:36:54,6.8,-0.01,60,40800,卖盘
565,10:36:58,6.8,0.0,5,3400,买盘
566,10:37:00,6.8,0.0,6,4080,买盘
567,10:37:04,6.78,-0.02,63,42714,卖盘
568,10:37:10,6.78,0.0,1,678,买盘
569,10:37:13,6.78,0.0,3,2034,买盘
570,10:37:16,6.78,0.0,3,2034,买盘
571,10:37:22,6.78,0.0,1,678,买盘
572,10:37:24,6.78,0.0,1,678,买盘
573,10:37:28,6.78,0.0,28,18978,买盘
574,10:37:31,6.78,0.0,1,678,买盘
575,10:37:34,6.78,0.0,11,7458,买盘
576,10:37:37,6.78,0.0,35,23730,买盘
577,10:37:40,6.77,-0.01,2,1355,卖盘
578,10:37:43,6.78,0.01,1,678,买盘
579,10:37:46,6.78,0.0,1,678,买盘
580,10:37:49,6.78,0.0,10,6780,买盘
581,10:37:51,6.78,0.0,1,678,买盘
582,10:37:55,6.78,0.0,18,12204,买盘
583,10:38:22,6.78,0.0,9,6102,卖盘
584,10:38:40,6.8,0.02,20,13600,买盘
585,10:38:42,6.78,-0.02,2,1356,卖盘
586,10:38:45,6.78,0.0,2,1356,卖盘
587,10:38:58,6.78,0.0,27,18306,卖盘
588,10:40:24,6.8,0.02,29,19720,买盘
589,10:40:45,6.8,0.0,3,2040,卖盘
590,10:40:48,6.81,0.01,62,42222,买盘
591,10:41:04,6.82,0.01,35,23870,买盘
592,10:41:21,6.82,0.0,45,30690,买盘
593,10:41:48,6.82,0.0,37,25234,买盘
594,10:41:57,6.81,-0.01,1,681,卖盘
595,10:42:18,6.82,0.01,24,16368,买盘
596,10:42:24,6.83,0.01,21,14343,买盘
597,10:42:54,6.84,0.01,21,14364,买盘
598,10:43:01,6.84,0.0,19,12996,卖盘
599,10:43:10,6.83,-0.01,6,4098,卖盘
600,10:43:13,6.85,0.02,35,23975,买盘
601,10:43:16,6.85,0.0,7,4795,卖盘
602,10:43:19,6.85,0.0,2,1370,卖盘
603,10:43:22,6.86,0.01,84,57609,买盘
604,10:43:25,6.86,0.0,1,686,卖盘
605,10:43:36,6.84,-0.02,20,13680,卖盘
606,10:43:43,6.83,-0.01,40,27333,卖盘
607,10:44:07,6.82,-0.01,15,10230,卖盘
608,10:44:12,6.83,0.01,1,683,买盘
609,10:44:22,6.82,-0.01,34,23192,卖盘
610,10:44:24,6.83,0.01,10,6830,买盘
611,10:44:31,6.82,-0.01,20,13640,卖盘
612,10:44:57,6.82,0.0,2,1364,卖盘
613,10:45:10,6.82,0.0,18,12276,卖盘
614,10:46:06,6.83,0.01,10,6830,买盘
615,10:46:24,6.83,0.0,2,1366,买盘
616,10:46:36,6.83,0.0,1,683,买盘
617,10:46:54,6.83,0.0,3,2049,买盘
618,10:47:48,6.83,0.0,5,3415,买盘
619,10:48:48,6.82,-0.01,16,10912,卖盘
620,10:49:39,6.82,0.0,1,682,卖盘
621,10:50:06,6.83,0.01,91,62153,买盘
622,10:50:09,6.83,0.0,9,6147,卖盘
623,10:50:15,6.82,-0.01,10,6820,卖盘
624,10:50:24,6.82,0.0,1,682,卖盘
625,10:50:27,6.82,0.0,1,682,买盘
626,10:50:31,6.82,0.0,1,682,买盘
627,10:50:34,6.82,0.0,1,682,买盘
628,10:50:42,6.82,0.0,1,682,买盘
629,10:50:52,6.82,0.0,1,682,买盘
630,10:52:30,6.82,0.0,3,2046,卖盘
631,10:52:33,6.82,0.0,2,1364,卖盘
632,10:52:45,6.82,0.0,5,3410,买盘
633,10:52:55,6.82,0.0,8,5456,卖盘
634,10:53:39,6.82,0.0,7,4774,卖盘
635,10:53:51,6.81,-0.01,2,1362,卖盘
636,10:54:04,6.81,0.0,80,54480,卖盘
637,10:54:36,6.81,0.0,100,68100,买盘
638,10:54:39,6.81,0.0,1,681,买盘
639,10:54:42,6.81,0.0,1,681,买盘
640,10:54:45,6.81,0.0,1,681,买盘
641,10:54:48,6.81,0.0,1,681,买盘
642,10:54:51,6.81,0.0,1,681,买盘
643,10:54:54,6.8,-0.01,32,21761,卖盘
644,10:55:04,6.8,0.0,25,17000,卖盘
645,10:55:09,6.82,0.02,30,20437,买盘
646,10:55:12,6.8,-0.02,20,13600,卖盘
647,10:55:55,6.81,0.01,20,13620,卖盘
648,10:55:58,6.81,0.0,1,681,卖盘
649,10:56:27,6.81,0.0,89,60609,买盘
650,10:59:12,6.81,0.0,1,681,卖盘
651,10:59:33,6.81,0.0,4,2724,卖盘
652,10:59:36,6.81,0.0,2,1362,卖盘
653,11:00:34,6.82,0.01,154,105028,买盘
654,11:01:10,6.82,0.0,11,7502,卖盘
655,11:01:25,6.82,0.0,4,2728,买盘
656,11:01:33,6.81,-0.01,40,27241,卖盘
657,11:04:30,6.81,0.0,34,23154,卖盘
658,11:05:00,6.81,0.0,1,681,卖盘
659,11:07:06,6.81,0.0,61,41541,卖盘
660,11:07:09,6.81,0.0,12,8172,买盘
661,11:07:22,6.81,0.0,5,3405,卖盘
662,11:07:51,6.81,0.0,10,6810,卖盘
663,11:08:07,6.81,0.0,1,681,卖盘
664,11:08:10,6.81,0.0,1,681,卖盘
665,11:08:13,6.81,0.0,1,681,卖盘
666,11:08:15,6.81,0.0,1,681,卖盘
667,11:08:46,6.81,0.0,10,6810,卖盘
668,11:10:33,6.82,0.01,14,9548,买盘
669,11:10:49,6.81,-0.01,12,8172,卖盘
670,11:11:24,6.8,-0.01,20,13600,卖盘
671,11:11:57,6.81,0.01,1,681,买盘
672,11:12:18,6.81,0.0,66,44946,买盘
673,11:13:39,6.81,0.0,10,6810,卖盘
674,11:14:06,6.81,0.0,17,11577,卖盘
675,11:14:27,6.81,0.0,15,10215,卖盘
676,11:14:51,6.81,0.0,10,6810,卖盘
677,11:15:21,6.8,-0.01,90,61200,卖盘
678,11:16:09,6.8,0.0,26,17680,卖盘
679,11:16:21,6.8,0.0,150,102074,卖盘
680,11:16:27,6.8,0.0,50,34000,卖盘
681,11:16:48,6.8,0.0,70,47600,买盘
682,11:17:06,6.8,0.0,6,4080,卖盘
683,11:17:45,6.8,0.0,20,13600,卖盘
684,11:17:48,6.8,0.0,10,6800,买盘
685,11:18:39,6.79,-0.01,20,13580,卖盘
686,11:18:42,6.79,0.0,25,16975,卖盘
687,11:19:21,6.8,0.01,1,680,买盘
688,11:19:30,6.79,-0.01,30,20370,卖盘
689,11:19:33,6.79,0.0,12,8148,卖盘
690,11:19:39,6.79,0.0,38,25802,卖盘
691,11:19:48,6.79,0.0,10,6790,卖盘
692,11:20:07,6.79,0.0,3,2037,卖盘
693,11:20:18,6.79,0.0,20,13580,卖盘
694,11:20:25,6.79,0.0,48,32592,卖盘
695,11:21:04,6.79,0.0,1,679,买盘
696,11:21:09,6.78,-0.01,6,4068,卖盘
697,11:21:12,6.78,0.0,3,2034,卖盘
698,11:21:15,6.79,0.01,10,6790,买盘
699,11:21:30,6.79,0.0,2,1358,买盘
700,11:21:51,6.79,0.0,7,4753,买盘
701,11:23:33,6.78,-0.01,147,99668,卖盘
702,11:24:01,6.77,-0.01,50,33850,卖盘
703,11:24:04,6.77,0.0,4,2708,卖盘
704,11:24:09,6.77,0.0,5,3385,卖盘
705,11:24:27,6.77,0.0,10,6770,卖盘
706,11:24:45,6.77,0.0,299,202423,卖盘
707,11:25:25,6.76,-0.01,41,27716,卖盘
708,11:25:36,6.76,0.0,126,85176,卖盘
709,11:25:48,6.76,0.0,10,6760,买盘
710,11:25:54,6.76,0.0,9,6084,买盘
711,11:26:21,6.76,0.0,32,21605,买盘
712,11:26:42,6.75,-0.01,19,12825,卖盘
713,11:26:49,6.75,0.0,13,8775,卖盘
714,11:27:04,6.75,0.0,250,168750,卖盘
715,11:27:06,6.76,0.01,10,6760,买盘
716,11:27:18,6.75,-0.01,10,6750,卖盘
717,11:27:45,6.75,0.0,20,13500,卖盘
718,11:27:51,6.75,0.0,19,12825,卖盘
719,11:28:09,6.75,0.0,18,12150,卖盘
720,11:28:16,6.75,0.0,4,2700,卖盘
721,11:28:30,6.75,0.0,5,3375,卖盘
722,11:28:45,6.75,0.0,10,6750,卖盘
723,11:28:57,6.75,0.0,18,12150,卖盘
724,13:00:04,6.75,0.0,82,55360,卖盘
725,13:00:07,6.75,0.0,6,4050,买盘
726,13:00:33,6.75,0.0,3,2025,买盘
727,13:00:36,6.75,0.0,1,675,买盘
728,13:00:39,6.75,0.0,11,7425,买盘
729,13:00:42,6.75,0.0,1,675,买盘
730,13:00:45,6.75,0.0,1,675,买盘
731,13:00:48,6.75,0.0,1,675,买盘
732,13:00:51,6.75,0.0,1,675,买盘
733,13:01:24,6.74,-0.01,38,25612,卖盘
734,13:01:30,6.75,0.01,2,1350,买盘
735,13:01:49,6.75,0.0,10,6750,买盘
736,13:02:57,6.74,-0.01,38,25612,卖盘
737,13:04:27,6.75,0.01,10,6750,买盘
738,13:04:51,6.75,0.0,50,33750,卖盘
739,13:05:00,6.76,0.01,10,6760,买盘
740,13:05:33,6.76,0.0,63,42588,买盘
741,13:06:00,6.77,0.01,32,21664,买盘
742,13:06:03,6.77,0.0,1,677,卖盘
743,13:06:06,6.77,0.0,2,1354,卖盘
744,13:06:09,6.77,0.0,2,1354,卖盘
745,13:06:30,6.75,-0.02,7,4725,卖盘
746,13:06:52,6.78,0.03,101,68478,买盘
747,13:07:04,6.78,0.0,2,1356,买盘
748,13:07:09,6.78,0.0,1,678,买盘
749,13:07:27,6.78,0.0,1,678,买盘
750,13:07:54,6.77,-0.01,13,8801,卖盘
751,13:07:57,6.77,0.0,2,1354,卖盘
752,13:08:00,6.77,0.0,2,1354,卖盘
753,13:08:04,6.77,0.0,1,677,卖盘
754,13:08:06,6.77,0.0,1,677,卖盘
755,13:08:09,6.77,0.0,1,677,卖盘
756,13:08:12,6.77,0.0,1,677,卖盘
757,13:09:42,6.77,0.0,30,20310,买盘
758,13:10:06,6.76,-0.01,4,2704,卖盘
759,13:11:09,6.76,0.0,75,50700,卖盘
760,13:11:22,6.76,0.0,1,676,买盘
761,13:11:33,6.76,0.0,10,6760,买盘
762,13:12:07,6.75,-0.01,2,1350,卖盘
763,13:12:16,6.75,0.0,8,5400,卖盘
764,13:12:42,6.76,0.01,7,4732,卖盘
765,13:13:51,6.76,0.0,2,1352,卖盘
766,13:14:21,6.76,0.0,28,18928,卖盘
767,13:14:24,6.76,0.0,22,14872,买盘
768,13:14:33,6.77,0.01,27,18279,买盘
769,13:14:48,6.77,0.0,10,6770,买盘
770,13:15:00,6.77,0.0,6,4062,买盘
771,13:15:21,6.78,0.01,2,1356,买盘
772,13:15:30,6.78,0.0,4,2712,买盘
773,13:16:06,6.78,0.0,12,8136,买盘
774,13:16:16,6.78,0.0,10,6780,买盘
775,13:16:19,6.77,-0.01,62,41974,卖盘
776,13:16:21,6.78,0.01,152,102916,买盘
777,13:16:45,6.78,0.0,10,6780,买盘
778,13:16:54,6.78,0.0,12,8136,买盘
779,13:18:33,6.77,-0.01,40,27080,卖盘
780,13:18:58,6.77,0.0,33,22341,卖盘
781,13:19:09,6.77,0.0,23,15571,卖盘
782,13:19:12,6.77,0.0,18,12186,卖盘
783,13:19:19,6.77,0.0,3,2031,买盘
784,13:19:22,6.77,0.0,7,4739,卖盘
785,13:19:40,6.78,0.01,5,3390,买盘
786,13:20:04,6.78,0.0,2,1356,买盘
787,13:20:25,6.78,0.0,14,9487,买盘
788,13:20:34,6.77,-0.01,10,6770,卖盘
789,13:20:36,6.78,0.01,40,27120,买盘
790,13:20:42,6.77,-0.01,15,10155,卖盘
791,13:21:12,6.77,0.0,23,15571,卖盘
792,13:22:10,6.77,0.0,23,15571,卖盘
793,13:22:21,6.77,0.0,19,12863,卖盘
794,13:22:51,6.77,0.0,52,35204,卖盘
795,13:23:42,6.76,-0.01,105,70980,卖盘
796,13:23:45,6.76,0.0,30,20280,卖盘
797,13:24:00,6.76,0.0,10,6760,卖盘
798,13:24:09,6.76,0.0,45,30420,卖盘
799,13:24:24,6.75,-0.01,100,67527,卖盘
800,13:25:18,6.75,0.0,32,21600,卖盘
801,13:25:24,6.75,0.0,4,2702,卖盘
802,13:25:33,6.75,0.0,7,4725,卖盘
803,13:25:36,6.75,0.0,30,20250,卖盘
804,13:26:06,6.75,0.0,5,3375,卖盘
805,13:26:33,6.75,0.0,1,675,卖盘
806,13:26:57,6.75,0.0,30,20250,卖盘
807,13:27:30,6.76,0.01,3,2028,买盘
808,13:27:45,6.75,-0.01,4,2700,卖盘
809,13:28:30,6.76,0.01,6,4056,买盘
810,13:28:42,6.76,0.0,40,27040,买盘
811,13:29:04,6.76,0.0,4,2704,买盘
812,13:29:21,6.76,0.0,5,3380,买盘
813,13:29:48,6.76,0.0,13,8788,买盘
814,13:30:01,6.75,-0.01,65,43890,卖盘
815,13:30:40,6.76,0.01,6,4056,卖盘
816,13:31:21,6.77,0.01,27,18279,买盘
817,13:31:25,6.77,0.0,10,6770,买盘
818,13:31:36,6.76,-0.01,76,51376,卖盘
819,13:31:42,6.75,-0.01,13,8775,卖盘
820,13:31:45,6.76,0.01,2,1352,买盘
821,13:32:45,6.76,0.0,1,676,买盘
822,13:33:10,6.75,-0.01,50,33750,卖盘
823,13:33:33,6.76,0.01,5,3380,买盘
824,13:33:39,6.76,0.0,138,93288,买盘
825,13:34:21,6.77,0.01,28,18956,买盘
826,13:34:39,6.77,0.0,20,13540,卖盘
827,13:34:49,6.77,0.0,20,13540,卖盘
828,13:35:15,6.77,0.0,7,4739,卖盘
829,13:35:39,6.78,0.01,3,2034,买盘
830,13:36:16,6.78,0.0,26,17628,买盘
831,13:36:34,6.77,-0.01,1,677,卖盘
832,13:36:43,6.78,0.01,5,3390,买盘
833,13:36:45,6.77,-0.01,1,677,卖盘
834,13:37:21,6.77,0.0,54,36558,卖盘
835,13:37:48,6.77,0.0,6,4062,卖盘
836,13:37:51,6.78,0.01,28,18984,买盘
837,13:37:57,6.76,-0.02,77,52061,卖盘
838,13:38:25,6.76,0.0,139,93964,卖盘
839,13:38:31,6.75,-0.01,41,27675,卖盘
840,13:38:34,6.76,0.01,5,3380,买盘
841,13:39:33,6.76,0.0,20,13520,买盘
842,13:39:51,6.75,-0.01,20,13500,卖盘
843,13:40:18,6.76,0.01,21,14196,买盘
844,13:40:21,6.76,0.0,36,24336,买盘
845,13:40:27,6.76,0.0,25,16900,买盘
846,13:40:55,6.76,0.0,6,4056,买盘
847,13:41:19,6.76,0.0,10,6760,买盘
848,13:41:28,6.76,0.0,48,32448,买盘
849,13:41:45,6.76,0.0,20,13520,买盘
850,13:41:54,6.76,0.0,11,7436,买盘
851,13:41:57,6.76,0.0,18,12168,买盘
852,13:42:33,6.76,0.0,14,9464,买盘
853,13:42:42,6.78,0.02,73,49410,买盘
854,13:42:57,6.76,-0.02,10,6760,卖盘
855,13:43:55,6.76,0.0,1,676,卖盘
856,13:44:00,6.77,0.01,1,677,买盘
857,13:44:48,6.78,0.01,6,4068,买盘
858,13:45:27,6.76,-0.02,4,2708,卖盘
859,13:45:36,6.76,0.0,10,6765,卖盘
860,13:45:58,6.76,0.0,10,6765,卖盘
861,13:47:18,6.76,0.0,12,8112,卖盘
862,13:47:24,6.77,0.01,2,1354,买盘
863,13:47:39,6.77,0.0,20,13540,买盘
864,13:47:54,6.77,0.0,1,677,买盘
865,13:48:01,6.77,0.0,22,14894,买盘
866,13:48:24,6.78,0.01,2,1356,买盘
867,13:49:03,6.78,0.0,5,3390,买盘
868,13:49:09,6.78,0.0,31,21018,买盘
869,13:49:15,6.78,0.0,67,45426,买盘
870,13:49:43,6.78,0.0,8,5424,买盘
871,13:50:18,6.77,-0.01,3,2031,卖盘
872,13:50:45,6.78,0.01,17,11519,买盘
873,13:50:57,6.78,0.0,10,6780,买盘
874,13:51:30,6.77,-0.01,23,15578,卖盘
875,13:52:24,6.78,0.01,6,4068,卖盘
876,13:52:36,6.78,0.0,20,13560,买盘
877,13:53:01,6.78,0.0,41,27798,卖盘
878,13:53:51,6.78,0.0,3,2034,买盘
879,13:54:13,6.78,0.0,1,678,买盘
880,13:54:45,6.78,0.0,28,18984,买盘
881,13:55:21,6.78,0.0,30,20340,买盘
882,13:56:06,6.78,0.0,20,13560,买盘
883,13:57:00,6.78,0.0,10,6780,买盘
884,13:57:24,6.77,-0.01,7,4739,卖盘
885,13:58:51,6.77,0.0,1,677,卖盘
886,13:59:07,6.78,0.01,34,23052,买盘
887,13:59:18,6.78,0.0,4,2712,买盘
888,13:59:28,6.78,0.0,20,13560,买盘
889,14:00:21,6.77,-0.01,5,3385,卖盘
890,14:00:28,6.78,0.01,10,6780,买盘
891,14:00:45,6.77,-0.01,103,69731,卖盘
892,14:00:48,6.77,0.0,3,2031,卖盘
893,14:00:51,6.77,0.0,2,1354,卖盘
894,14:00:54,6.77,0.0,1,677,卖盘
895,14:00:57,6.77,0.0,4,2708,卖盘
896,14:01:00,6.77,0.0,2,1354,卖盘
897,14:01:04,6.77,0.0,1,677,卖盘
898,14:01:06,6.77,0.0,1,677,卖盘
899,14:01:09,6.77,0.0,1,677,卖盘
900,14:01:12,6.77,0.0,1,677,卖盘
901,14:01:15,6.77,0.0,26,17602,卖盘
902,14:01:21,6.77,0.0,25,16925,买盘
903,14:01:51,6.78,0.01,6,4068,买盘
904,14:01:54,6.77,-0.01,1,677,卖盘
905,14:02:16,6.77,0.0,25,16925,卖盘
906,14:04:01,6.76,-0.01,226,152776,卖盘
907,14:04:04,6.76,0.0,46,31204,买盘
908,14:04:15,6.76,0.0,20,13520,卖盘
909,14:04:21,6.76,0.0,34,22876,卖盘
910,14:04:48,6.76,0.0,23,15656,买盘
911,14:05:00,6.76,0.0,80,53972,卖盘
912,14:05:09,6.76,0.0,7,4732,买盘
913,14:05:30,6.75,-0.01,30,20250,卖盘
914,14:05:43,6.75,0.0,73,49275,卖盘
915,14:06:22,6.75,0.0,58,39150,卖盘
916,14:06:46,6.75,0.0,4,2700,卖盘
917,14:06:48,6.75,0.0,8,5400,卖盘
918,14:06:52,6.75,0.0,10,6750,卖盘
919,14:06:54,6.75,0.0,21,14175,卖盘
920,14:06:57,6.75,0.0,29,19575,卖盘
921,14:07:01,6.75,0.0,42,28350,卖盘
922,14:07:04,6.75,0.0,23,15525,卖盘
923,14:07:07,6.75,0.0,26,17550,卖盘
924,14:07:10,6.75,0.0,81,54675,卖盘
925,14:07:13,6.75,0.0,92,62100,卖盘
926,14:07:19,6.74,-0.01,2,1348,卖盘
927,14:07:25,6.74,0.0,84,56616,卖盘
928,14:07:34,6.74,0.0,15,10110,卖盘
929,14:07:37,6.75,0.01,8,5400,买盘
930,14:07:39,6.74,-0.01,37,24938,卖盘
931,14:07:42,6.74,0.0,13,8762,卖盘
932,14:07:49,6.73,-0.01,9,6057,卖盘
933,14:07:52,6.74,0.01,3,2022,买盘
934,14:08:01,6.73,-0.01,10,6730,卖盘
935,14:08:19,6.73,0.0,5,3365,卖盘
936,14:08:22,6.73,0.0,50,33650,卖盘
937,14:08:31,6.74,0.01,1,674,买盘
938,14:08:34,6.73,-0.01,1,673,卖盘
939,14:08:39,6.73,0.0,20,13460,卖盘
940,14:08:43,6.73,0.0,12,8076,卖盘
941,14:08:49,6.73,0.0,50,33650,卖盘
942,14:08:52,6.73,0.0,6,4038,卖盘
943,14:09:19,6.73,0.0,11,7399,买盘
944,14:09:21,6.71,-0.02,57,38278,卖盘
945,14:09:25,6.72,0.01,12,8064,中性盘
946,14:09:31,6.71,-0.01,15,10065,卖盘
947,14:09:49,6.71,0.0,173,116083,卖盘
948,14:09:52,6.71,0.0,5,3355,买盘
949,14:09:55,6.7,-0.01,25,16750,卖盘
950,14:09:58,6.7,0.0,297,198990,卖盘
951,14:10:01,6.7,0.0,160,107200,卖盘
952,14:10:09,6.69,-0.01,16,10714,卖盘
953,14:10:16,6.7,0.01,29,19430,买盘
954,14:10:19,6.69,-0.01,8,5352,卖盘
955,14:10:28,6.69,0.0,20,13380,卖盘
956,14:10:34,6.7,0.01,50,33500,买盘
957,14:10:45,6.69,-0.01,3,2007,卖盘
958,14:10:55,6.68,-0.01,2,1336,卖盘
959,14:10:58,6.69,0.01,6,4014,买盘
960,14:11:04,6.68,-0.01,57,38076,卖盘
961,14:11:07,6.69,0.01,1,669,买盘
962,14:11:37,6.7,0.01,2,1340,买盘
963,14:11:40,6.69,-0.01,10,6690,卖盘
964,14:11:46,6.69,0.0,56,37464,卖盘
965,14:11:49,6.69,0.0,20,13380,买盘
966,14:11:54,6.68,-0.01,7,4676,卖盘
967,14:12:01,6.68,0.0,38,25384,卖盘
968,14:12:07,6.69,0.01,52,34788,买盘
969,14:12:39,6.69,0.0,5,3345,买盘
970,14:12:46,6.69,0.0,10,6690,买盘
971,14:12:54,6.69,0.0,14,9366,买盘
972,14:12:58,6.68,-0.01,2,1336,卖盘
973,14:13:00,6.69,0.01,116,77588,买盘
974,14:13:04,6.69,0.0,63,42147,买盘
975,14:13:10,6.69,0.0,79,52851,卖盘
976,14:13:21,6.7,0.01,28,18760,买盘
977,14:13:40,6.7,0.0,9,6030,卖盘
978,14:13:42,6.7,0.0,4,2680,卖盘
979,14:13:54,6.71,0.01,7,4697,买盘
980,14:14:25,6.71,0.0,9,6039,买盘
981,14:14:37,6.7,-0.01,15,10050,卖盘
982,14:14:46,6.7,0.0,25,16750,卖盘
983,14:14:52,6.7,0.0,9,6030,卖盘
984,14:14:55,6.7,0.0,43,28810,卖盘
985,14:15:04,6.69,-0.01,5,3345,卖盘
986,14:15:07,6.7,0.01,6,4020,买盘
987,14:15:12,6.69,-0.01,20,13380,卖盘
988,14:15:24,6.69,0.0,10,6690,卖盘
989,14:15:31,6.7,0.01,15,10050,买盘
990,14:15:42,6.7,0.0,46,30820,买盘
991,14:16:12,6.69,-0.01,3,2007,卖盘
992,14:16:15,6.7,0.01,47,31490,买盘
993,14:16:19,6.7,0.0,3,2010,卖盘
994,14:16:55,6.7,0.0,29,19430,卖盘
995,14:16:57,6.7,0.0,17,11390,卖盘
996,14:17:01,6.7,0.0,5,3350,卖盘
997,14:17:04,6.71,0.01,4,2684,买盘
998,14:17:18,6.71,0.0,1,671,买盘
999,14:17:24,6.71,0.0,1,671,买盘
1000,14:17:34,6.71,0.0,52,34892,买盘
1001,14:17:37,6.71,0.0,1,671,买盘
1002,14:17:40,6.7,-0.01,45,30150,卖盘
1003,14:17:46,6.7,0.0,9,6030,买盘
1004,14:17:51,6.7,0.0,21,14070,买盘
1005,14:18:04,6.7,0.0,11,7370,卖盘
1006,14:18:15,6.7,0.0,1,670,买盘
1007,14:18:25,6.7,0.0,16,10720,买盘
1008,14:18:36,6.7,0.0,10,6700,卖盘
1009,14:19:15,6.7,0.0,9,6030,卖盘
1010,14:19:46,6.71,0.01,14,9390,买盘
1011,14:20:01,6.7,-0.01,13,8710,卖盘
1012,14:20:21,6.7,0.0,5,3350,卖盘
1013,14:20:54,6.7,0.0,34,22780,卖盘
1014,14:21:00,6.7,0.0,4,2680,卖盘
1015,14:21:16,6.71,0.01,29,19459,买盘
1016,14:21:45,6.71,0.0,3,2013,买盘
1017,14:21:48,6.7,-0.01,2,1340,卖盘
1018,14:21:51,6.7,0.0,3,2010,卖盘
1019,14:22:16,6.7,0.0,1,670,卖盘
1020,14:22:19,6.7,0.0,22,14740,卖盘
1021,14:22:22,6.71,0.01,14,9394,买盘
1022,14:22:55,6.71,0.0,16,10736,买盘
1023,14:23:06,6.7,-0.01,22,14740,卖盘
1024,14:23:39,6.71,0.01,105,70450,买盘
1025,14:24:13,6.71,0.0,76,50996,买盘
1026,14:24:16,6.71,0.0,29,19459,买盘
1027,14:24:25,6.71,0.0,5,3355,买盘
1028,14:24:28,6.71,0.0,18,12078,买盘
1029,14:24:40,6.71,0.0,77,51667,卖盘
1030,14:24:43,6.72,0.01,10,6720,买盘
1031,14:24:51,6.72,0.0,3,2016,买盘
1032,14:24:55,6.71,-0.01,1,671,卖盘
1033,14:25:13,6.72,0.01,7,4704,买盘
1034,14:25:18,6.72,0.0,11,7385,买盘
1035,14:25:40,6.72,0.0,3,2016,买盘
1036,14:25:43,6.71,-0.01,1,671,卖盘
1037,14:25:48,6.72,0.01,26,17472,买盘
1038,14:26:19,6.73,0.01,6,4038,买盘
1039,14:26:22,6.73,0.0,20,13460,买盘
1040,14:26:28,6.73,0.0,7,4711,买盘
1041,14:26:43,6.73,0.0,4,2692,买盘
1042,14:27:21,6.73,0.0,14,9422,卖盘
1043,14:28:34,6.73,0.0,7,4711,卖盘
1044,14:28:37,6.75,0.02,5,3375,买盘
1045,14:28:52,6.79,0.04,150,101723,买盘
1046,14:28:55,6.78,-0.01,54,36612,卖盘
1047,14:28:58,6.78,0.0,4,2712,卖盘
1048,14:29:00,6.78,0.0,41,27816,卖盘
1049,14:29:16,6.79,0.01,13,8817,买盘
1050,14:30:00,6.78,-0.01,15,10170,买盘
1051,14:30:16,6.77,-0.01,1,677,卖盘
1052,14:30:28,6.76,-0.01,25,16909,卖盘
1053,14:30:42,6.76,0.0,20,13520,卖盘
1054,14:30:49,6.73,-0.03,2,1346,卖盘
1055,14:30:57,6.75,0.02,1,675,卖盘
1056,14:31:16,6.75,0.0,4,2700,卖盘
1057,14:31:24,6.75,0.0,10,6750,买盘
1058,14:32:01,6.73,-0.02,5,3365,卖盘
1059,14:32:06,6.75,0.02,53,35775,买盘
1060,14:32:54,6.76,0.01,5,3380,卖盘
1061,14:33:10,6.75,-0.01,7,4725,卖盘
1062,14:33:58,6.75,0.0,4,2700,卖盘
1063,14:34:01,6.76,0.01,30,20280,买盘
1064,14:34:16,6.76,0.0,20,13520,卖盘
1065,14:34:34,6.76,0.0,10,6760,买盘
1066,14:34:43,6.76,0.0,12,8112,卖盘
1067,14:35:28,6.77,0.01,5,3385,买盘
1068,14:35:34,6.76,-0.01,4,2704,卖盘
1069,14:35:52,6.76,0.0,1,676,买盘
1070,14:36:12,6.76,0.0,8,5408,买盘
1071,14:36:40,6.75,-0.01,5,3375,卖盘
1072,14:36:48,6.75,0.0,10,6750,卖盘
1073,14:36:52,6.76,0.01,10,6760,买盘
1074,14:37:01,6.76,0.0,40,27018,买盘
1075,14:37:04,6.76,0.0,60,40560,买盘
1076,14:37:25,6.76,0.0,12,8112,买盘
1077,14:37:43,6.76,0.0,37,25012,买盘
1078,14:37:48,6.76,0.0,1,676,卖盘
1079,14:38:19,6.76,0.0,9,6084,卖盘
1080,14:38:31,6.76,0.0,14,9464,卖盘
1081,14:39:37,6.76,0.0,5,3380,卖盘
1082,14:39:40,6.76,0.0,1,676,卖盘
1083,14:40:37,6.76,0.0,5,3380,卖盘
1084,14:40:42,6.76,0.0,26,17576,卖盘
1085,14:40:48,6.76,0.0,3,2028,卖盘
1086,14:41:10,6.76,0.0,20,13520,卖盘
1087,14:41:28,6.77,0.01,1,677,买盘
1088,14:42:04,6.76,-0.01,2,1352,卖盘
1089,14:42:31,6.76,0.0,40,27040,卖盘
1090,14:43:10,6.75,-0.01,10,6750,卖盘
1091,14:43:13,6.76,0.01,2,1352,买盘
1092,14:43:18,6.75,-0.01,1,675,卖盘
1093,14:43:28,6.75,0.0,10,6750,卖盘
1094,14:43:34,6.75,0.0,1,675,卖盘
1095,14:43:55,6.75,0.0,8,5400,卖盘
1096,14:44:10,6.76,0.01,10,6760,买盘
1097,14:44:13,6.75,-0.01,5,3375,卖盘
1098,14:45:34,6.75,0.0,68,45900,卖盘
1099,14:45:42,6.75,0.0,2,1350,买盘
1100,14:46:18,6.74,-0.01,18,12132,卖盘
1101,14:46:45,6.73,-0.01,30,20190,卖盘
1102,14:46:52,6.73,0.0,7,4711,卖盘
1103,14:46:57,6.72,-0.01,28,18820,卖盘
1104,14:47:04,6.74,0.02,10,6740,买盘
1105,14:47:09,6.72,-0.02,6,4032,卖盘
1106,14:47:18,6.72,0.0,48,32256,卖盘
1107,14:47:21,6.72,0.0,2,1344,卖盘
1108,14:47:25,6.72,0.0,10,6720,卖盘
1109,14:47:28,6.72,0.0,9,6048,卖盘
1110,14:47:40,6.72,0.0,125,84000,买盘
1111,14:47:42,6.73,0.01,2,1346,买盘
1112,14:47:49,6.72,-0.01,3,2016,卖盘
1113,14:47:52,6.72,0.0,7,4704,卖盘
1114,14:47:55,6.72,0.0,20,13440,卖盘
1115,14:48:01,6.72,0.0,6,4032,卖盘
1116,14:48:25,6.72,0.0,44,29568,卖盘
1117,14:48:28,6.72,0.0,8,5376,买盘
1118,14:48:31,6.72,0.0,23,15456,买盘
1119,14:48:48,6.72,0.0,3,2016,买盘
1120,14:49:01,6.72,0.0,30,20160,买盘
1121,14:49:22,6.72,0.0,82,55104,卖盘
1122,14:49:31,6.72,0.0,37,24864,买盘
1123,14:49:33,6.71,-0.01,1,671,卖盘
1124,14:49:37,6.71,0.0,2,1342,卖盘
1125,14:49:40,6.72,0.01,6,4032,买盘
1126,14:49:49,6.72,0.0,20,13440,买盘
1127,14:49:55,6.72,0.0,49,32928,买盘
1128,14:50:16,6.72,0.0,40,26880,卖盘
1129,14:50:24,6.72,0.0,2,1344,卖盘
1130,14:50:28,6.73,0.01,9,6057,买盘
1131,14:50:31,6.72,-0.01,15,10080,卖盘
1132,14:50:34,6.72,0.0,16,10763,卖盘
1133,14:50:37,6.73,0.01,92,61916,买盘
1134,14:50:40,6.72,-0.01,19,12768,卖盘
1135,14:50:52,6.72,0.0,1,672,买盘
1136,14:51:04,6.72,0.0,2,1344,卖盘
1137,14:51:12,6.72,0.0,10,6721,卖盘
1138,14:51:21,6.73,0.0,2,1346,卖盘
1139,14:51:40,6.74,0.01,22,14828,买盘
1140,14:51:54,6.74,0.0,23,15502,卖盘
1141,14:52:07,6.74,0.0,20,13480,卖盘
1142,14:52:10,6.74,0.0,32,21568,卖盘
1143,14:52:13,6.74,0.0,1,674,卖盘
1144,14:52:19,6.74,0.0,4,2696,买盘
1145,14:52:24,6.74,0.0,4,2696,买盘
1146,14:52:31,6.75,0.01,75,50570,买盘
1147,14:52:37,6.74,-0.01,36,24264,卖盘
1148,14:52:43,6.74,0.0,16,10794,卖盘
1149,14:52:49,6.75,0.01,26,17530,买盘
1150,14:53:01,6.75,0.0,30,20250,卖盘
1151,14:53:04,6.75,0.0,10,6750,卖盘
1152,14:53:07,6.76,0.01,100,67600,买盘
1153,14:53:22,6.75,-0.01,1,675,卖盘
1154,14:53:25,6.77,0.02,200,135244,买盘
1155,14:53:37,6.77,0.0,80,54160,买盘
1156,14:53:43,6.77,0.0,1,677,买盘
1157,14:53:49,6.78,0.01,18,12200,买盘
1158,14:53:51,6.78,0.0,59,40002,卖盘
1159,14:54:13,6.79,0.01,20,13580,卖盘
1160,14:54:19,6.8,0.01,60,40800,买盘
1161,14:54:22,6.8,0.0,22,14945,买盘
1162,14:54:28,6.8,0.0,10,6841,卖盘
1163,14:54:30,6.81,0.01,26,17700,中性盘
1164,14:54:46,6.81,0.0,58,39548,卖盘
1165,14:54:52,6.81,0.0,5,3405,卖盘
1166,14:54:55,6.81,0.0,16,10896,卖盘
1167,14:55:04,6.8,-0.01,7,4760,卖盘
1168,14:55:10,6.8,0.0,3,2040,卖盘
1169,14:55:13,6.8,0.0,21,14255,卖盘
1170,14:55:22,6.79,-0.01,2,1358,卖盘
1171,14:55:28,6.8,0.01,112,76148,买盘
1172,14:55:31,6.8,0.0,15,10190,买盘
1173,14:55:37,6.79,-0.01,28,19012,卖盘
1174,14:55:46,6.8,0.01,2,1360,买盘
1175,14:55:52,6.8,0.0,20,13600,买盘
1176,14:55:55,6.8,0.0,38,25881,买盘
1177,14:55:58,6.78,-0.02,50,33876,卖盘
1178,14:56:01,6.8,0.02,37,25140,买盘
1179,14:56:04,6.8,0.0,29,19720,卖盘
1180,14:56:07,6.8,0.0,27,18319,卖盘
1181,14:56:22,6.77,-0.03,6,4062,卖盘
1182,14:56:24,6.77,0.0,1,677,买盘
1183,14:56:34,6.78,0.01,19,12882,卖盘
1184,14:56:37,6.77,-0.01,5,3385,卖盘
1185,14:56:48,6.78,0.01,5,3386,买盘
1186,14:56:52,6.82,0.04,150,102151,买盘
1187,14:56:55,6.78,-0.04,1,678,卖盘
1188,15:00:04,6.76,-0.02,684,462384,卖盘
