,time,price,change,volume,amount,type
0,09:25:04,10.07,0.04,115,115805,卖盘
1,09:30:04,10.06,-0.01,50,50300,买盘
2,09:30:10,10.05,-0.01,14,14050,买盘
3,09:30:16,10.04,-0.01,50,50200,买盘
4,09:30:22,10.01,-0.03,12,12012,卖盘
5,09:30:28,10.03,0.02,30,30090,中性盘
6,09:30:31,10.03,0.0,2,2006,卖盘
7,09:30:40,10.03,0.0,17,17051,卖盘
8,09:30:46,10.03,0.0,1,1003,卖盘
9,09:31:13,10.01,-0.02,26,26026,卖盘
10,09:31:34,10.01,0.0,20,20020,买盘
11,09:31:46,10.01,0.0,30,30030,买盘
12,09:31:49,10.01,0.0,7,7007,买盘
13,09:31:58,10.0,-0.01,1,1000,卖盘
14,09:32:13,10.0,0.0,30,30000,卖盘
15,09:32:19,10.0,0.0,17,17007,卖盘
16,09:32:27,10.0,0.0,43,43000,卖盘
17,09:33:07,9.98,-0.02,4,3995,卖盘
18,09:33:27,9.98,0.0,5,4990,卖盘
19,09:33:37,9.98,0.0,16,15975,卖盘
20,09:33:52,9.98,0.0,1,998,卖盘
21,09:33:55,9.98,0.0,25,24950,卖盘
22,09:34:07,9.98,0.0,5,4990,买盘
23,09:34:19,9.98,0.0,20,19960,卖盘
24,09:34:25,9.99,0.01,13,12987,买盘
25,09:34:54,9.99,0.0,3,2997,卖盘
26,09:34:58,9.99,0.0,33,32967,卖盘
27,09:35:01,9.99,0.0,3,2997,卖盘
28,09:35:04,9.99,0.0,1,999,卖盘
29,09:35:07,9.99,0.0,5,4995,卖盘
30,09:35:10,9.99,0.0,4,3996,卖盘
31,09:35:12,9.99,0.0,1,999,卖盘
32,09:35:16,9.98,-0.01,4,3993,卖盘
33,09:35:18,9.98,0.0,1,998,卖盘
34,09:35:22,9.98,0.0,1,998,卖盘
35,09:35:24,9.98,0.0,11,10993,卖盘
36,09:35:28,9.98,0.0,2,1996,卖盘
37,09:35:31,9.99,0.01,1,999,中性盘
38,09:35:37,9.99,0.0,4,3996,卖盘
39,09:35:40,9.99,0.0,3,2997,卖盘
40,09:35:45,9.98,-0.01,3,2996,卖盘
41,09:35:58,9.98,0.0,2,1996,卖盘
42,09:36:01,9.98,0.0,2,1996,卖盘
43,09:36:07,9.98,0.0,9,8982,卖盘
44,09:36:31,9.96,-0.02,5,4982,卖盘
45,09:36:37,9.96,0.0,19,18924,卖盘
46,09:36:45,9.93,-0.03,150,149155,卖盘
47,09:36:57,9.93,0.0,3,2979,卖盘
48,09:37:06,9.93,0.0,41,40717,卖盘
49,09:37:25,9.93,0.0,20,19879,卖盘
50,09:37:34,9.96,0.03,31,30876,买盘
51,09:38:25,9.96,0.0,3,2988,卖盘
52,09:38:43,9.96,0.0,50,49800,卖盘
53,09:38:46,9.96,0.0,10,9960,卖盘
54,09:38:58,9.96,0.0,30,29880,卖盘
55,09:39:06,9.96,0.0,8,7968,卖盘
56,09:39:15,9.96,0.0,50,49800,卖盘
57,09:39:22,9.96,0.0,50,49803,卖盘
58,09:40:30,9.97,0.01,1,997,卖盘
59,09:40:33,9.96,-0.01,25,24903,卖盘
60,09:40:42,9.96,0.0,10,9960,卖盘
61,09:41:19,9.96,0.0,1,996,卖盘
62,09:41:22,9.99,0.03,1,999,买盘
63,09:41:27,9.96,-0.03,1,996,卖盘
64,09:41:52,9.99,0.03,3,2997,买盘
65,09:41:55,9.99,0.0,11,10989,买盘
66,09:41:58,9.99,0.0,1,999,买盘
67,09:42:01,9.99,0.0,1,999,买盘
68,09:42:04,9.99,0.0,4,3996,买盘
69,09:42:13,10.0,0.01,116,115974,买盘
70,09:42:16,10.0,0.0,20,20000,卖盘
71,09:42:18,10.01,0.01,7,7007,买盘
72,09:42:36,10.01,0.0,8,8008,买盘
73,09:43:25,10.01,0.0,12,12012,卖盘
74,09:43:39,9.99,-0.02,8,7992,卖盘
75,09:44:12,9.99,0.0,52,51948,卖盘
76,09:44:16,9.99,0.0,11,10989,买盘
77,09:44:19,9.99,0.0,2,1998,买盘
78,09:44:21,9.99,0.0,1,999,买盘
79,09:44:24,9.99,0.0,27,26973,买盘
80,09:44:46,10.01,0.02,10,10010,买盘
81,09:46:04,10.02,0.01,4,4008,卖盘
82,09:46:06,10.02,0.0,5,5010,卖盘
83,09:46:33,10.02,0.0,13,13026,卖盘
84,09:46:49,10.04,0.02,12,12048,买盘
85,09:47:04,10.06,0.02,14,14074,买盘
86,09:47:15,10.1,0.04,30,30228,买盘
87,09:47:24,10.1,0.0,3,3030,买盘
88,09:47:28,10.11,0.01,3,3033,卖盘
89,09:47:30,10.11,0.0,1,1011,卖盘
90,09:47:33,10.1,-0.01,4,4040,买盘
91,09:47:37,10.1,0.0,11,11110,买盘
92,09:47:39,10.11,0.01,32,32345,买盘
93,09:47:42,10.09,-0.02,2,2018,卖盘
94,09:47:45,10.08,-0.01,1,1008,卖盘
95,09:47:48,10.08,0.0,1,1008,卖盘
96,09:47:51,10.09,0.01,30,30269,买盘
97,09:48:04,10.09,0.0,15,15134,买盘
98,09:48:06,10.08,-0.01,1,1008,卖盘
99,09:48:12,10.08,0.0,5,5040,买盘
100,09:48:16,10.08,0.0,4,4032,买盘
101,09:48:21,10.09,0.01,1,1009,买盘
102,09:48:27,10.08,-0.01,6,6048,卖盘
103,09:48:30,10.08,0.0,7,7056,买盘
104,09:48:33,10.08,0.0,8,8064,买盘
105,09:49:09,10.08,0.0,14,14112,买盘
106,09:49:12,10.07,-0.01,10,10070,卖盘
107,09:49:15,10.07,0.0,1,1007,卖盘
108,09:49:27,10.06,-0.01,9,9054,卖盘
109,09:49:42,10.06,0.0,16,16096,买盘
110,09:49:48,10.05,-0.01,17,17085,卖盘
111,09:49:54,10.05,0.0,10,10050,买盘
112,09:50:06,10.05,0.0,23,23115,买盘
113,09:50:33,10.05,0.0,41,41205,买盘
114,09:50:55,10.06,0.01,30,30180,买盘
115,09:51:00,10.06,0.0,23,23118,买盘
116,09:51:04,10.06,0.0,20,20120,买盘
117,09:51:16,10.06,0.0,20,20120,买盘
118,09:51:33,10.06,0.0,19,19114,买盘
119,09:52:01,10.07,0.01,49,49343,买盘
120,09:52:25,10.07,0.0,5,5035,卖盘
121,09:52:30,10.08,0.01,1,1008,买盘
122,09:52:39,10.08,0.0,11,11088,买盘
123,09:53:12,10.09,0.01,21,21189,买盘
124,09:53:15,10.09,0.0,4,4036,卖盘
125,09:53:18,10.1,0.01,45,45450,买盘
126,09:53:22,10.1,0.0,1,1010,卖盘
127,09:53:25,10.1,0.0,1,1010,卖盘
128,09:53:27,10.1,0.0,21,21210,卖盘
129,09:53:30,10.09,-0.01,93,94062,卖盘
130,09:53:36,10.1,0.01,1,1010,卖盘
131,09:53:40,10.1,0.0,1,1010,卖盘
132,09:53:42,10.1,0.0,62,62751,卖盘
133,09:53:57,10.09,-0.01,62,62733,卖盘
134,09:54:04,10.09,0.0,1,1009,买盘
135,09:54:07,10.09,0.0,30,30250,买盘
136,09:54:10,10.09,0.0,8,8072,买盘
137,09:54:12,10.1,0.01,23,23211,买盘
138,09:54:15,10.1,0.0,15,15150,买盘
139,09:54:18,10.09,-0.01,7,7063,卖盘
140,09:54:21,10.1,0.01,13,13130,买盘
141,09:54:24,10.12,0.02,20,20240,买盘
142,09:54:27,10.12,0.0,5,5060,买盘
143,09:54:30,10.11,-0.01,5,5055,买盘
144,09:54:39,10.11,0.0,5,5055,买盘
145,09:54:42,10.11,0.0,60,60660,买盘
146,09:54:55,10.12,0.01,5,5059,买盘
147,09:54:58,10.11,-0.01,4,4044,卖盘
148,09:55:15,10.09,-0.02,33,33297,卖盘
149,09:55:21,10.09,0.0,5,5045,买盘
150,09:55:39,10.1,0.01,83,83788,买盘
151,09:55:42,10.1,0.0,10,10100,卖盘
152,09:56:12,10.1,0.0,3,3030,卖盘
153,09:56:51,10.1,0.0,10,10100,买盘
154,09:56:54,10.1,0.0,2,2020,卖盘
155,09:57:36,10.08,-0.02,10,10080,卖盘
156,09:58:04,10.08,0.0,8,8064,卖盘
157,09:58:24,10.08,0.0,3,3025,卖盘
158,09:58:45,10.08,0.0,12,12099,卖盘
159,09:59:15,10.09,0.01,50,50450,卖盘
160,09:59:18,10.09,0.0,7,7063,卖盘
161,09:59:21,10.09,0.0,3,3027,卖盘
162,09:59:24,10.09,0.0,17,17153,卖盘
163,09:59:33,10.09,0.0,12,12108,卖盘
164,10:00:01,10.09,0.0,11,11099,卖盘
165,10:00:30,10.09,0.0,5,5045,买盘
166,10:01:24,10.08,-0.01,9,9072,卖盘
167,10:01:52,10.09,0.01,3,3027,买盘
168,10:02:06,10.09,0.0,5,5045,买盘
169,10:02:12,10.09,0.0,3,3027,买盘
170,10:02:21,10.09,0.0,5,5045,买盘
171,10:02:36,10.08,-0.01,56,56448,卖盘
172,10:02:43,10.09,0.01,28,28252,买盘
173,10:03:15,10.08,-0.01,26,26208,卖盘
174,10:03:48,10.08,0.0,5,5040,卖盘
175,10:04:01,10.08,0.0,17,17136,卖盘
176,10:04:30,10.08,0.0,6,6048,卖盘
177,10:04:45,10.08,0.0,1,1008,卖盘
178,10:05:24,10.07,-0.01,19,19133,卖盘
179,10:05:49,10.07,0.0,15,15105,卖盘
180,10:06:57,10.07,0.0,1,1007,卖盘
181,10:07:04,10.07,0.0,5,5035,卖盘
182,10:08:27,10.07,0.0,20,20140,卖盘
183,10:09:07,10.07,0.0,5,5035,买盘
184,10:09:30,10.07,0.0,1,1007,卖盘
185,10:10:04,10.07,0.0,23,23161,卖盘
186,10:10:12,10.06,-0.01,5,5030,卖盘
187,10:10:16,10.06,0.0,1,1006,卖盘
188,10:10:19,10.06,0.0,1,1006,卖盘
189,10:10:21,10.06,0.0,1,1006,卖盘
190,10:10:24,10.06,0.0,1,1006,卖盘
191,10:11:42,10.05,-0.01,10,10050,卖盘
192,10:12:09,10.06,0.01,12,12072,买盘
193,10:12:54,10.05,-0.01,25,25125,卖盘
194,10:13:15,10.04,-0.01,40,40169,卖盘
195,10:14:52,10.04,0.0,5,5020,卖盘
196,10:16:06,10.05,0.01,21,21105,卖盘
197,10:16:27,10.04,-0.01,14,14056,卖盘
198,10:16:43,10.05,0.01,6,6030,买盘
199,10:16:54,10.05,0.0,4,4020,买盘
200,10:17:30,10.05,0.0,30,30150,卖盘
201,10:18:04,10.05,0.0,3,3015,卖盘
202,10:18:45,10.05,0.0,27,27135,卖盘
203,10:18:48,10.05,0.0,7,7035,卖盘
204,10:19:06,10.05,0.0,1,1005,卖盘
205,10:19:19,10.05,0.0,7,7035,卖盘
206,10:19:46,10.04,-0.01,51,51204,卖盘
207,10:19:51,10.04,0.0,6,6024,卖盘
208,10:19:57,10.04,0.0,2,2008,卖盘
209,10:20:04,10.04,0.0,41,41164,卖盘
210,10:20:07,10.04,0.0,8,8032,卖盘
211,10:20:09,10.04,0.0,6,6024,卖盘
212,10:20:13,10.04,0.0,74,74296,卖盘
213,10:20:19,10.03,-0.01,2,2006,卖盘
214,10:20:22,10.03,0.0,1,1003,卖盘
215,10:20:43,10.03,0.0,9,9027,卖盘
216,10:21:09,10.01,-0.02,26,26036,卖盘
217,10:21:39,10.01,0.0,1,1001,买盘
218,10:22:09,10.01,0.0,10,10010,买盘
219,10:22:18,10.0,-0.01,15,15000,卖盘
220,10:22:27,10.0,0.0,4,4000,卖盘
221,10:22:51,10.0,0.0,4,4000,卖盘
222,10:23:33,10.0,0.0,12,12000,卖盘
223,10:23:36,10.0,0.0,13,13000,卖盘
224,10:24:39,10.01,0.01,6,6006,买盘
225,10:24:48,10.0,-0.01,5,5000,卖盘
226,10:25:30,10.0,0.0,1,1000,卖盘
227,10:25:42,10.0,0.0,1,1000,卖盘
228,10:25:52,10.01,0.01,11,11010,买盘
229,10:25:55,10.0,-0.01,16,16011,卖盘
230,10:26:04,10.01,0.01,57,57057,买盘
231,10:26:06,10.01,0.0,8,8008,买盘
232,10:26:39,10.01,0.0,14,14014,买盘
233,10:26:45,10.01,0.0,5,5005,买盘
234,10:27:27,10.0,-0.01,100,100000,卖盘
235,10:29:06,10.01,0.01,12,12012,买盘
236,10:29:21,10.0,-0.01,25,25000,卖盘
237,10:30:19,9.99,-0.01,38,37985,卖盘
238,10:30:27,9.99,0.0,19,18981,卖盘
239,10:30:45,9.99,0.0,19,18981,卖盘
240,10:30:54,9.99,0.0,5,4995,卖盘
241,10:30:57,9.98,-0.01,27,26946,卖盘
242,10:31:09,9.98,0.0,7,6986,卖盘
243,10:31:24,9.97,-0.01,56,55832,卖盘
244,10:32:12,9.97,0.0,10,9970,卖盘
245,10:32:27,9.97,0.0,7,6979,买盘
246,10:32:30,9.97,0.0,3,2991,买盘
247,10:33:33,9.98,0.01,15,14970,买盘
248,10:33:45,9.99,0.01,55,54945,买盘
249,10:33:58,10.05,0.06,77,77105,买盘
250,10:34:09,10.02,-0.03,1,1002,卖盘
251,10:34:12,10.03,0.01,1,1003,卖盘
252,10:34:15,10.03,0.0,1,1003,卖盘
253,10:34:18,10.03,0.0,1,1003,卖盘
254,10:34:21,10.05,0.02,21,21083,买盘
255,10:34:39,10.01,-0.04,1,1001,卖盘
256,10:34:43,10.01,0.0,1,1001,卖盘
257,10:34:46,10.01,0.0,1,1001,卖盘
258,10:34:48,10.01,0.0,1,1001,卖盘
259,10:34:51,10.01,0.0,1,1001,卖盘
260,10:34:54,10.0,-0.01,1,1000,卖盘
261,10:34:57,10.0,0.0,1,1000,卖盘
262,10:35:12,10.04,0.04,20,20080,买盘
263,10:35:27,10.02,-0.02,20,20040,买盘
264,10:36:21,9.99,-0.03,4,3996,卖盘
265,10:37:01,9.98,-0.01,1,998,卖盘
266,10:37:39,9.99,0.01,18,17982,买盘
267,10:38:01,9.97,-0.02,105,104707,卖盘
268,10:38:04,9.97,0.0,2,1994,买盘
269,10:39:03,9.99,0.02,1,999,买盘
270,10:39:09,9.96,-0.03,374,372639,卖盘
271,10:39:19,9.96,0.0,1,996,买盘
272,10:39:25,9.96,0.0,3,2988,买盘
273,10:39:27,9.96,0.0,20,19920,买盘
274,10:39:33,9.96,0.0,20,19920,买盘
275,10:39:46,9.96,0.0,73,72708,买盘
276,10:39:48,9.96,0.0,9,8964,买盘
277,10:39:57,9.95,-0.01,20,19904,卖盘
278,10:40:33,9.99,0.04,16,15984,买盘
279,10:41:30,9.99,0.0,10,9990,买盘
280,10:41:33,9.97,-0.02,11,10967,卖盘
281,10:41:52,9.95,-0.02,88,87639,卖盘
282,10:44:49,9.95,0.0,10,9957,卖盘
283,10:45:09,9.95,0.0,100,99502,卖盘
284,10:45:18,9.97,0.02,1,997,买盘
285,10:45:24,9.97,0.0,1,997,买盘
286,10:45:33,9.96,-0.01,3,2988,买盘
287,10:45:36,9.96,0.0,2,1992,买盘
288,10:45:39,9.96,0.0,2,1992,买盘
289,10:45:51,9.96,0.0,3,2988,买盘
290,10:46:15,9.96,0.0,8,7968,卖盘
291,10:46:24,9.96,0.0,10,9960,买盘
292,10:47:36,9.95,-0.01,19,18905,卖盘
293,10:48:15,9.95,0.0,1,995,卖盘
294,10:48:18,9.95,0.0,10,9950,卖盘
295,10:48:37,9.96,0.01,13,12948,买盘
296,10:49:27,9.98,0.02,12,11960,买盘
297,10:49:36,10.0,0.02,8,7990,买盘
298,10:49:49,9.98,-0.02,5,4990,买盘
299,10:49:57,9.98,0.0,5,4990,买盘
300,10:50:00,9.98,0.0,1,998,买盘
301,10:50:04,9.98,0.0,2,1996,买盘
302,10:50:25,10.0,0.02,10,10000,买盘
303,10:51:13,10.0,0.0,39,39000,买盘
304,10:51:15,10.02,0.02,1,1002,卖盘
305,10:51:24,10.01,-0.01,1,1001,卖盘
306,10:51:27,10.01,0.0,1,1001,卖盘
307,10:51:33,10.03,0.02,3,3009,买盘
308,10:51:54,10.02,-0.01,1,1002,卖盘
309,10:51:57,10.02,0.0,3,3008,卖盘
310,10:52:06,10.03,0.01,1,1003,买盘
311,10:52:30,10.03,0.0,1,1003,买盘
312,10:52:42,10.02,-0.01,1,1002,卖盘
313,10:52:52,10.03,0.01,1,1003,买盘
314,10:53:03,10.02,-0.01,2,2005,卖盘
315,10:53:15,10.02,0.0,8,8016,卖盘
316,10:53:18,10.02,0.0,1,1002,买盘
317,10:53:54,10.02,0.0,1,1002,买盘
318,10:54:00,10.02,0.0,1,1002,买盘
319,10:54:28,10.01,-0.01,3,3003,卖盘
320,10:55:18,10.0,-0.01,4,4000,卖盘
321,10:55:31,9.98,-0.02,13,12977,卖盘
322,10:55:39,9.98,0.0,3,2994,买盘
323,10:56:01,9.97,-0.01,3,2991,卖盘
324,10:56:06,9.97,0.0,60,59825,卖盘
325,10:56:09,9.97,0.0,4,3988,买盘
326,10:56:30,9.97,0.0,17,16949,买盘
327,10:56:54,10.0,0.03,2,2000,买盘
328,10:57:04,10.0,0.0,1,1000,买盘
329,10:57:06,10.0,0.0,2,2000,买盘
330,10:57:42,9.96,-0.04,74,73734,卖盘
331,10:58:00,9.96,0.0,5,4980,卖盘
332,10:59:04,10.0,0.04,1,1000,买盘
333,10:59:24,10.0,0.0,1,1000,买盘
334,10:59:28,9.99,-0.01,1,999,卖盘
335,11:00:12,9.97,-0.02,9,8973,卖盘
336,11:00:15,9.97,0.0,1,997,卖盘
337,11:00:39,9.97,0.0,4,3988,买盘
338,11:00:54,9.97,0.0,5,4985,卖盘
339,11:01:06,9.97,0.0,12,11964,买盘
340,11:01:10,9.97,0.0,2,1994,买盘
341,11:01:12,9.97,0.0,1,997,买盘
342,11:02:21,9.97,0.0,26,25922,卖盘
343,11:02:39,9.97,0.0,8,7976,买盘
344,11:02:45,9.96,-0.01,15,14940,卖盘
345,11:03:43,9.96,0.0,62,61752,卖盘
346,11:04:09,9.96,0.0,2,1992,卖盘
347,11:04:27,9.97,0.01,3,2991,买盘
348,11:04:45,9.97,0.0,1,997,买盘
349,11:05:12,9.97,0.0,1,997,买盘
350,11:05:25,9.97,0.0,3,2991,买盘
351,11:05:42,9.96,-0.01,8,7968,卖盘
352,11:06:00,9.97,0.01,4,3988,买盘
353,11:06:07,9.97,0.0,8,7976,买盘
354,11:06:46,9.96,-0.01,2,1992,卖盘
355,11:06:49,9.96,0.0,5,4980,卖盘
356,11:06:51,9.96,0.0,5,4980,卖盘
357,11:06:54,9.96,0.0,5,4980,卖盘
358,11:06:57,9.96,0.0,4,3984,卖盘
359,11:07:00,9.96,0.0,5,4980,卖盘
360,11:07:03,9.96,0.0,6,5976,卖盘
361,11:07:06,9.96,0.0,8,7968,卖盘
362,11:07:09,9.96,0.0,14,13944,卖盘
363,11:07:12,9.95,-0.01,7,6965,卖盘
364,11:07:16,9.95,0.0,6,5970,卖盘
365,11:07:18,9.95,0.0,4,3980,卖盘
366,11:07:21,9.95,0.0,6,5970,卖盘
367,11:07:25,9.94,-0.01,40,39778,卖盘
368,11:08:07,9.93,-0.01,91,90387,卖盘
369,11:08:24,9.92,-0.01,69,68448,卖盘
370,11:08:54,9.91,-0.01,61,60502,卖盘
371,11:08:57,9.91,0.0,60,59460,卖盘
372,11:09:06,9.9,-0.01,130,128700,卖盘
373,11:09:09,9.9,0.0,118,116820,卖盘
374,11:09:12,9.91,0.01,4,3964,买盘
375,11:09:24,9.91,0.0,5,4955,卖盘
376,11:09:30,9.9,-0.01,15,14850,卖盘
377,11:09:39,9.9,0.0,1,990,卖盘
378,11:10:09,9.91,0.01,3,2973,买盘
379,11:10:21,9.91,0.0,7,6937,卖盘
380,11:10:24,9.91,0.0,10,9910,买盘
381,11:10:30,9.91,0.0,9,8919,买盘
382,11:10:33,9.92,0.01,3,2974,买盘
383,11:10:45,9.91,-0.01,10,9910,卖盘
384,11:11:09,9.92,0.01,1,992,买盘
385,11:11:12,9.92,0.0,4,3968,买盘
386,11:11:31,9.93,0.01,2,1986,买盘
387,11:11:33,9.94,0.01,1,994,卖盘
388,11:11:36,9.92,-0.02,7,6948,卖盘
389,11:11:39,9.92,0.0,3,2976,买盘
390,11:11:42,9.92,0.0,5,4960,买盘
391,11:11:57,9.95,0.03,12,11940,买盘
392,11:12:03,9.92,-0.03,13,12896,卖盘
393,11:12:06,9.92,0.0,10,9920,买盘
394,11:12:18,9.92,0.0,17,16864,买盘
395,11:12:27,9.92,0.0,5,4960,卖盘
396,11:15:06,9.93,0.01,1,993,卖盘
397,11:15:09,9.93,0.0,1,993,卖盘
398,11:15:12,9.93,0.0,1,993,卖盘
399,11:15:15,9.93,0.0,1,993,卖盘
400,11:15:18,9.93,0.0,9,8937,卖盘
401,11:15:21,9.92,-0.01,5,4960,卖盘
402,11:15:27,9.93,0.01,10,9930,买盘
403,11:15:34,9.93,0.0,5,4965,买盘
404,11:15:37,9.92,-0.01,33,32736,卖盘
405,11:15:57,9.91,-0.01,38,37658,卖盘
406,11:16:00,9.9,-0.01,6,5940,卖盘
407,11:16:03,9.9,0.0,3,2970,卖盘
408,11:16:10,9.9,0.0,70,69300,卖盘
409,11:16:13,9.9,0.0,1,990,卖盘
410,11:16:19,9.91,0.01,8,7928,买盘
411,11:17:09,9.91,0.0,9,8919,买盘
412,11:17:18,9.9,-0.01,5,4951,卖盘
413,11:18:03,9.91,0.01,26,25766,卖盘
414,11:20:36,9.92,0.01,1,992,买盘
415,11:21:03,9.92,0.0,1,992,买盘
416,11:22:42,9.93,0.01,9,8936,买盘
417,11:22:45,9.93,0.0,1,993,买盘
418,11:23:40,9.93,0.0,2,1986,卖盘
419,11:23:43,9.93,0.0,8,7944,卖盘
420,11:24:19,9.93,0.0,3,2979,买盘
421,11:24:28,9.93,0.0,5,4965,买盘
422,11:24:42,9.93,0.0,8,7944,买盘
423,11:24:52,9.93,0.0,1,993,卖盘
424,11:26:15,9.93,0.0,5,4965,买盘
425,11:26:48,9.93,0.0,2,1986,买盘
426,11:27:03,9.93,0.0,8,7944,卖盘
427,11:27:12,9.93,0.0,4,3972,买盘
428,11:29:06,9.93,0.0,3,2979,卖盘
429,13:00:04,9.92,-0.01,75,74445,卖盘
430,13:01:36,9.94,0.02,20,19880,买盘
431,13:02:09,9.92,-0.02,1,992,卖盘
432,13:02:42,9.92,0.0,4,3968,卖盘
433,13:02:51,9.92,0.0,5,4960,买盘
434,13:03:58,9.92,0.0,10,9920,卖盘
435,13:04:00,9.92,0.0,1,992,卖盘
436,13:04:03,9.92,0.0,1,992,卖盘
437,13:04:06,9.92,0.0,1,992,卖盘
438,13:04:33,9.92,0.0,10,9920,卖盘
439,13:05:10,9.91,-0.01,2,1982,卖盘
440,13:05:13,9.91,0.0,2,1982,卖盘
441,13:05:15,9.91,0.0,3,2973,卖盘
442,13:05:18,9.91,0.0,3,2973,卖盘
443,13:05:21,9.91,0.0,71,70361,卖盘
444,13:05:24,9.9,-0.01,17,16830,卖盘
445,13:05:27,9.9,0.0,8,7920,卖盘
446,13:05:30,9.9,0.0,25,24750,卖盘
447,13:05:33,9.9,0.0,6,5940,卖盘
448,13:05:36,9.9,0.0,17,16830,卖盘
449,13:05:39,9.89,-0.01,2,1978,卖盘
450,13:05:45,9.89,0.0,3,2967,卖盘
451,13:05:51,9.89,0.0,1,989,卖盘
452,13:05:57,9.9,0.01,30,29700,买盘
453,13:06:09,9.89,-0.01,5,4945,卖盘
454,13:07:57,9.89,0.0,5,4945,卖盘
455,13:08:45,9.91,0.02,44,43604,买盘
456,13:09:12,9.93,0.02,5,4965,买盘
457,13:09:21,9.91,-0.02,20,19820,卖盘
458,13:10:39,9.91,0.0,1,991,卖盘
459,13:10:42,9.91,0.0,3,2973,卖盘
460,13:10:46,9.91,0.0,3,2973,卖盘
461,13:10:49,9.91,0.0,14,13874,卖盘
462,13:10:51,9.91,0.0,4,3964,卖盘
463,13:10:54,9.91,0.0,2,1982,卖盘
464,13:11:15,9.91,0.0,9,8919,卖盘
465,13:11:18,9.91,0.0,5,4955,买盘
466,13:12:16,9.91,0.0,11,10901,买盘
467,13:12:36,9.9,-0.01,6,5940,卖盘
468,13:13:28,9.91,0.01,5,4955,买盘
469,13:13:36,9.91,0.0,3,2973,买盘
470,13:14:00,9.91,0.0,5,4955,买盘
471,13:14:12,9.91,0.0,81,80271,买盘
472,13:14:48,9.92,0.01,20,19840,买盘
473,13:16:36,9.92,0.0,5,4960,买盘
474,13:16:51,9.91,-0.01,1,991,卖盘
475,13:16:54,9.91,0.0,1,991,卖盘
476,13:16:57,9.91,0.0,3,2973,卖盘
477,13:17:00,9.91,0.0,14,13874,卖盘
478,13:17:06,9.9,-0.01,1,990,卖盘
479,13:17:09,9.9,0.0,1,990,卖盘
480,13:17:12,9.9,0.0,1,990,卖盘
481,13:17:16,9.9,0.0,1,990,卖盘
482,13:17:18,9.9,0.0,1,990,卖盘
483,13:18:45,9.91,0.01,1,991,买盘
484,13:19:06,9.9,-0.01,5,4952,卖盘
485,13:19:10,9.9,0.0,8,7920,卖盘
486,13:19:13,9.9,0.0,31,30690,卖盘
487,13:19:15,9.9,0.0,5,4950,卖盘
488,13:19:19,9.9,0.0,4,3960,卖盘
489,13:19:21,9.9,0.0,3,2970,卖盘
490,13:19:24,9.9,0.0,4,3960,卖盘
491,13:19:27,9.9,0.0,2,1980,卖盘
492,13:19:31,9.9,0.0,3,2970,卖盘
493,13:19:34,9.9,0.0,3,2970,卖盘
494,13:19:40,9.9,0.0,13,12870,卖盘
495,13:19:42,9.89,-0.01,13,12857,卖盘
496,13:19:46,9.89,0.0,6,5934,卖盘
497,13:19:48,9.89,0.0,5,4945,卖盘
498,13:19:51,9.89,0.0,4,3956,卖盘
499,13:19:54,9.89,0.0,5,4945,卖盘
500,13:19:57,9.89,0.0,3,2967,卖盘
501,13:20:00,9.9,0.01,87,86128,买盘
502,13:20:04,9.9,0.0,3,2970,卖盘
503,13:20:06,9.9,0.0,3,2970,卖盘
504,13:20:09,9.9,0.0,3,2970,卖盘
505,13:20:16,9.9,0.0,7,6930,卖盘
506,13:20:18,9.89,-0.01,18,17802,卖盘
507,13:20:24,9.88,-0.01,5,4940,卖盘
508,13:20:27,9.88,0.0,4,3952,卖盘
509,13:20:48,9.88,0.0,3,2964,卖盘
510,13:20:57,9.89,0.01,59,58301,买盘
511,13:21:00,9.89,0.0,1,989,卖盘
512,13:21:15,9.89,0.0,1,989,卖盘
513,13:21:18,9.89,0.0,1,989,卖盘
514,13:21:30,9.9,0.01,1,990,买盘
515,13:22:06,9.9,0.0,16,15840,买盘
516,13:22:09,9.9,0.0,10,9900,卖盘
517,13:22:12,9.89,-0.01,14,13855,卖盘
518,13:22:21,9.9,0.01,15,14850,卖盘
519,13:22:24,9.9,0.0,1,990,卖盘
520,13:22:28,9.9,0.0,1,990,卖盘
521,13:22:54,9.9,0.0,3,2970,卖盘
522,13:23:12,9.91,0.01,26,25766,买盘
523,13:24:19,9.92,0.01,25,24800,买盘
524,13:25:36,9.91,-0.01,4,3964,卖盘
525,13:26:06,9.91,0.0,1,991,买盘
526,13:26:45,9.91,0.0,15,14865,卖盘
527,13:26:48,9.91,0.0,5,4955,买盘
528,13:28:09,9.91,0.0,5,4955,卖盘
529,13:28:51,9.9,-0.01,40,39600,卖盘
530,13:30:18,9.9,0.0,10,9900,卖盘
531,13:31:04,9.9,0.0,26,25740,卖盘
532,13:31:06,9.9,0.0,1,990,卖盘
533,13:31:09,9.9,0.0,1,990,卖盘
534,13:31:42,9.9,0.0,10,9900,卖盘
535,13:31:54,9.89,-0.01,64,63296,卖盘
536,13:32:15,9.88,-0.01,11,10868,卖盘
537,13:32:27,9.88,0.0,12,11856,卖盘
538,13:32:51,9.89,0.01,226,223344,买盘
539,13:33:09,9.89,0.0,25,24705,买盘
540,13:33:36,9.88,-0.01,1,988,卖盘
541,13:33:39,9.88,0.0,1,988,卖盘
542,13:33:42,9.88,0.0,1,988,卖盘
543,13:33:48,9.89,0.01,1,989,买盘
544,13:33:54,9.88,-0.01,1,988,卖盘
545,13:33:57,9.88,0.0,1,988,卖盘
546,13:34:00,9.88,0.0,11,10868,卖盘
547,13:34:04,9.88,0.0,1,988,卖盘
548,13:34:06,9.89,0.01,3,2966,买盘
549,13:34:09,9.88,-0.01,1,988,卖盘
550,13:34:12,9.88,0.0,1,988,卖盘
551,13:34:15,9.88,0.0,10,9880,卖盘
552,13:35:00,9.88,0.0,21,20748,卖盘
553,13:35:06,9.88,0.0,20,19760,买盘
554,13:35:19,9.87,-0.01,30,29610,卖盘
555,13:35:24,9.88,0.01,10,9880,买盘
556,13:35:28,9.87,-0.01,1,987,卖盘
557,13:35:54,9.88,0.01,2,1976,买盘
558,13:35:57,9.87,-0.01,1,987,卖盘
559,13:36:15,9.88,0.01,10,9880,卖盘
560,13:36:30,9.88,0.0,6,5928,卖盘
561,13:36:33,9.88,0.0,3,2964,卖盘
562,13:36:36,9.89,0.01,20,19780,买盘
563,13:37:04,9.88,-0.01,16,15808,卖盘
564,13:37:06,9.88,0.0,5,4940,买盘
565,13:37:18,9.87,-0.01,5,4935,卖盘
566,13:38:15,9.88,0.01,5,4940,买盘
567,13:38:27,9.88,0.0,6,5928,买盘
568,13:38:30,9.88,0.0,22,21736,买盘
569,13:38:48,9.88,0.0,10,9880,买盘
570,13:39:00,9.88,0.0,7,6916,卖盘
571,13:39:24,9.89,0.01,100,98900,买盘
572,13:39:27,9.88,-0.01,12,11861,卖盘
573,13:40:12,9.92,0.04,9,8925,买盘
574,13:40:48,9.92,0.0,10,9920,买盘
575,13:41:54,9.92,0.0,5,4960,买盘
576,13:42:01,9.92,0.0,23,22816,买盘
577,13:42:36,9.89,-0.03,47,46526,卖盘
578,13:43:01,9.93,0.04,1,993,买盘
579,13:43:09,9.89,-0.04,10,9890,卖盘
580,13:43:12,9.93,0.04,1,993,买盘
581,13:44:30,9.92,-0.01,17,16864,买盘
582,13:45:12,9.9,-0.02,20,19800,卖盘
583,13:45:25,9.9,0.0,7,6930,买盘
584,13:45:39,9.9,0.0,5,4950,买盘
585,13:46:18,9.9,0.0,9,8910,买盘
586,13:46:21,9.9,0.0,3,2970,买盘
587,13:46:25,9.9,0.0,4,3960,买盘
588,13:46:57,9.9,0.0,2,1980,买盘
589,13:47:10,9.9,0.0,10,9900,卖盘
590,13:47:18,9.91,0.01,1,991,买盘
591,13:47:33,9.91,0.0,7,6937,买盘
592,13:47:49,9.9,-0.01,32,31680,卖盘
593,13:47:57,9.89,-0.01,82,81098,卖盘
594,13:48:18,9.9,0.01,3,2970,买盘
595,13:48:48,9.9,0.0,135,133650,买盘
596,13:48:51,9.89,-0.01,10,9895,卖盘
597,13:49:09,9.91,0.02,2,1982,买盘
598,13:50:04,9.89,-0.02,5,4945,卖盘
599,13:50:36,9.9,0.01,3,2970,买盘
600,13:51:24,9.88,-0.02,20,19780,卖盘
601,13:51:57,9.91,0.03,20,19820,买盘
602,13:52:42,9.91,0.0,10,9910,买盘
603,13:53:09,9.91,0.0,5,4955,卖盘
604,13:53:27,9.91,0.0,10,9910,买盘
605,13:57:57,9.88,-0.03,13,12844,卖盘
606,13:58:12,9.88,0.0,8,7904,卖盘
607,13:58:28,9.89,0.01,2,1978,买盘
608,13:58:45,9.89,0.0,6,5934,买盘
609,13:59:55,9.89,0.0,5,4945,买盘
610,13:59:57,9.89,0.0,1,989,买盘
611,14:00:00,9.89,0.0,8,7912,买盘
612,14:00:39,9.89,0.0,6,5934,买盘
613,14:01:00,9.89,0.0,3,2967,买盘
614,14:01:09,9.88,-0.01,4,3952,卖盘
615,14:01:54,9.88,0.0,104,102752,卖盘
616,14:02:00,9.88,0.0,7,6916,买盘
617,14:02:03,9.87,-0.01,124,122388,卖盘
618,14:02:06,9.86,-0.01,1,986,卖盘
619,14:02:27,9.86,0.0,10,9860,卖盘
620,14:02:30,9.86,0.0,23,22678,卖盘
621,14:03:03,9.85,-0.01,24,23640,卖盘
622,14:03:15,9.86,0.01,13,12807,买盘
623,14:03:21,9.86,0.0,1,986,买盘
624,14:03:36,9.86,0.0,7,6902,买盘
625,14:03:54,9.86,0.0,68,66986,买盘
626,14:04:00,9.85,-0.01,11,10836,卖盘
627,14:04:04,9.85,0.0,43,42355,卖盘
628,14:04:37,9.84,-0.01,19,18696,卖盘
629,14:04:54,9.84,0.0,2,1968,卖盘
630,14:05:06,9.83,-0.01,5,4915,卖盘
631,14:05:09,9.84,0.01,58,57072,买盘
632,14:05:30,9.83,-0.01,65,63935,卖盘
633,14:05:33,9.84,0.01,5,4920,买盘
634,14:05:54,9.84,0.0,5,4920,买盘
635,14:06:09,9.84,0.0,7,6888,买盘
636,14:07:04,9.84,0.0,1,984,卖盘
637,14:07:15,9.84,0.0,14,13776,买盘
638,14:07:39,9.85,0.01,10,9850,买盘
639,14:07:51,9.85,0.0,20,19700,买盘
640,14:08:06,9.84,-0.01,16,15744,卖盘
641,14:09:21,9.85,0.01,120,118200,买盘
642,14:09:24,9.85,0.0,1,985,买盘
643,14:09:39,9.85,0.0,32,31520,买盘
644,14:10:01,9.86,0.01,6,5916,买盘
645,14:10:15,9.85,-0.01,24,23640,卖盘
646,14:10:22,9.86,0.01,5,4930,买盘
647,14:10:27,9.86,0.0,2,1972,买盘
648,14:10:57,9.87,0.01,19,18753,买盘
649,14:11:00,9.87,0.0,4,3948,买盘
650,14:11:13,9.86,-0.01,28,27608,卖盘
651,14:11:33,9.86,0.0,2,1972,买盘
652,14:11:57,9.86,0.0,6,5916,卖盘
653,14:12:07,9.87,0.01,46,45402,买盘
654,14:12:09,9.86,-0.01,5,4930,卖盘
655,14:12:57,9.85,-0.01,82,80816,卖盘
656,14:13:06,9.85,0.0,7,6895,卖盘
657,14:14:48,9.87,0.02,7,6909,买盘
658,14:16:21,9.87,0.0,44,43428,卖盘
659,14:16:30,9.87,0.0,25,24675,买盘
660,14:17:09,9.87,0.0,50,49350,买盘
661,14:18:06,9.87,0.0,10,9870,买盘
662,14:19:01,9.86,-0.01,1,986,卖盘
663,14:19:42,9.86,0.0,54,53244,卖盘
664,14:19:51,9.86,0.0,6,5916,买盘
665,14:20:00,9.86,0.0,2,1972,卖盘
666,14:20:09,9.86,0.0,9,8874,卖盘
667,14:20:21,9.86,0.0,30,29580,卖盘
668,14:20:24,9.86,0.0,1,986,卖盘
669,14:20:27,9.86,0.0,1,986,卖盘
670,14:20:30,9.86,0.0,1,986,卖盘
671,14:21:00,9.85,-0.01,120,118200,卖盘
672,14:21:03,9.85,0.0,1,985,卖盘
673,14:21:06,9.85,0.0,1,985,卖盘
674,14:21:09,9.85,0.0,1,985,卖盘
675,14:21:12,9.85,0.0,1,985,卖盘
676,14:21:15,9.85,0.0,1,985,卖盘
677,14:21:18,9.85,0.0,1,985,卖盘
678,14:21:24,9.84,-0.01,76,74819,卖盘
679,14:21:45,9.83,-0.01,14,13769,卖盘
680,14:21:54,9.83,0.0,22,21626,卖盘
681,14:22:00,9.84,0.01,5,4920,买盘
682,14:22:51,9.83,-0.01,30,29496,卖盘
683,14:23:33,9.83,0.0,16,15728,卖盘
684,14:24:13,9.83,0.0,20,19660,卖盘
685,14:24:21,9.83,0.0,10,9830,买盘
686,14:24:36,9.83,0.0,13,12779,买盘
687,14:25:12,9.82,-0.01,96,94272,卖盘
688,14:25:24,9.82,0.0,4,3928,买盘
689,14:25:51,9.83,0.01,3,2949,买盘
690,14:26:18,9.83,0.0,15,14745,买盘
691,14:26:30,9.82,-0.01,35,34370,卖盘
692,14:26:34,9.82,0.0,12,11784,买盘
693,14:27:00,9.82,0.0,13,12766,买盘
694,14:27:21,9.82,0.0,20,19640,卖盘
695,14:27:33,9.82,0.0,5,4910,买盘
696,14:27:45,9.82,0.0,18,17676,买盘
697,14:28:01,9.83,0.01,200,196577,买盘
698,14:28:27,9.83,0.0,18,17694,买盘
699,14:28:33,9.83,0.0,15,14745,买盘
700,14:28:39,9.83,0.0,13,12779,买盘
701,14:29:12,9.83,0.0,57,56031,卖盘
702,14:29:24,9.83,0.0,3,2949,买盘
703,14:29:30,9.83,0.0,30,29490,买盘
704,14:29:57,9.83,0.0,3,2949,买盘
705,14:30:21,9.86,0.03,14,13804,买盘
706,14:30:42,9.86,0.0,16,15776,卖盘
707,14:31:13,9.86,0.0,26,25636,买盘
708,14:32:45,9.84,-0.02,16,15744,卖盘
709,14:33:04,9.85,0.01,7,6895,买盘
710,14:34:24,9.81,-0.04,259,254215,卖盘
711,14:34:33,9.81,0.0,4,3924,买盘
712,14:34:54,9.8,-0.01,231,226383,卖盘
713,14:35:18,9.8,0.0,100,98000,买盘
714,14:35:21,9.77,-0.03,132,129051,卖盘
715,14:35:25,9.76,-0.01,15,14650,卖盘
716,14:35:45,9.8,0.04,2,1960,买盘
717,14:35:49,9.8,0.0,2,1960,买盘
718,14:36:30,9.8,0.0,30,29400,卖盘
719,14:36:33,9.86,0.06,54,53099,买盘
720,14:36:58,9.86,0.0,3,2958,卖盘
721,14:37:30,9.87,0.01,100,98645,买盘
722,14:37:45,9.87,0.0,21,20727,买盘
723,14:38:00,9.87,0.0,3,2961,买盘
724,14:38:03,9.91,0.04,6,5943,买盘
725,14:38:06,9.88,-0.03,1,988,卖盘
726,14:38:10,9.88,0.0,1,988,卖盘
727,14:38:13,9.88,0.0,1,988,卖盘
728,14:38:16,9.88,0.0,1,988,卖盘
729,14:38:18,9.88,0.0,1,988,卖盘
730,14:38:21,9.88,0.0,1,988,卖盘
731,14:38:24,9.88,0.0,1,988,卖盘
732,14:38:27,9.88,0.0,1,988,卖盘
733,14:38:30,9.88,0.0,1,988,卖盘
734,14:39:27,9.87,-0.01,2,1974,卖盘
735,14:40:16,9.87,0.0,30,29610,买盘
736,14:40:45,9.85,-0.02,12,11820,卖盘
737,14:42:18,9.85,0.0,1,985,中性盘
738,14:43:13,9.85,0.0,10,9850,买盘
739,14:43:16,9.85,0.0,3,2955,买盘
740,14:43:30,9.84,-0.01,40,39360,卖盘
741,14:43:52,9.84,0.0,5,4920,买盘
742,14:44:04,9.84,0.0,5,4920,买盘
743,14:44:09,9.84,0.0,8,7872,中性盘
744,14:44:36,9.84,0.0,40,39360,卖盘
745,14:44:42,9.84,0.0,22,21648,卖盘
746,14:44:49,9.84,0.0,20,19680,买盘
747,14:44:57,9.84,0.0,4,3936,买盘
748,14:45:00,9.85,0.01,17,16741,买盘
749,14:45:04,9.84,-0.01,7,6891,卖盘
750,14:45:09,9.84,0.0,9,8856,卖盘
751,14:45:34,9.84,0.0,10,9840,卖盘
752,14:46:21,9.84,0.0,15,14760,卖盘
753,14:46:28,9.84,0.0,5,4920,买盘
754,14:46:37,9.84,0.0,5,4920,卖盘
755,14:46:54,9.83,-0.01,40,39320,卖盘
756,14:47:19,9.82,-0.01,167,164001,卖盘
757,14:47:33,9.82,0.0,107,105074,卖盘
758,14:47:36,9.8,-0.02,59,57835,卖盘
759,14:47:39,9.82,0.02,11,10802,买盘
760,14:47:45,9.82,0.0,6,5892,买盘
761,14:47:57,9.82,0.0,36,35352,买盘
762,14:48:21,9.83,0.01,3,2949,买盘
763,14:48:49,9.83,0.0,5,4915,买盘
764,14:48:58,9.83,0.0,28,27524,买盘
765,14:49:13,9.83,0.0,20,19660,卖盘
766,14:49:21,9.83,0.0,1,983,卖盘
767,14:49:54,9.8,-0.03,46,45153,卖盘
768,14:50:22,9.84,0.04,1,984,买盘
769,14:50:25,9.8,-0.04,5,4900,卖盘
770,14:50:31,9.8,0.0,3,2940,买盘
771,14:50:33,9.8,0.0,36,35280,买盘
772,14:50:51,9.8,0.0,8,7840,卖盘
773,14:51:06,9.8,0.0,15,14700,卖盘
774,14:51:15,9.8,0.0,4,3920,卖盘
775,14:51:30,9.83,0.03,5,4915,买盘
776,14:51:36,9.83,0.0,5,4915,买盘
777,14:51:42,9.83,0.0,5,4915,买盘
778,14:51:52,9.8,-0.03,158,154877,卖盘
779,14:52:00,9.8,0.0,15,14715,卖盘
780,14:52:27,9.83,0.03,5,4915,买盘
781,14:52:36,9.84,0.01,25,24537,买盘
782,14:52:46,9.83,-0.01,20,19660,卖盘
783,14:52:49,9.87,0.04,5,4926,买盘
784,14:52:51,9.85,-0.02,25,24623,中性盘
785,14:52:54,9.85,0.0,8,7880,卖盘
786,14:52:57,9.85,0.0,7,6895,卖盘
787,14:53:00,9.85,0.0,10,9862,卖盘
788,14:53:04,9.85,0.0,3,2955,卖盘
789,14:53:06,9.85,0.0,2,1970,卖盘
790,14:53:09,9.85,0.0,5,4925,卖盘
791,14:53:12,9.87,0.02,23,22701,卖盘
792,14:53:15,9.87,0.0,7,6909,卖盘
793,14:53:18,9.87,0.0,6,5922,卖盘
794,14:53:21,9.88,0.01,1,988,卖盘
795,14:53:24,9.88,0.0,4,3952,卖盘
796,14:53:37,9.87,-0.01,2,1974,卖盘
797,14:53:45,9.88,0.01,1,988,买盘
798,14:53:49,9.87,-0.01,9,8883,卖盘
799,14:53:52,9.87,0.0,2,1974,卖盘
800,14:54:06,9.87,0.0,5,4935,买盘
801,14:54:10,9.85,-0.02,28,27580,卖盘
802,14:54:16,9.85,0.0,7,6905,卖盘
803,14:54:18,9.87,0.02,6,5922,买盘
804,14:54:24,9.85,-0.02,16,15760,卖盘
805,14:54:30,9.86,0.01,6,5912,买盘
806,14:54:34,9.86,0.0,5,4930,买盘
807,14:54:45,9.86,0.0,10,9860,买盘
808,14:54:49,9.85,-0.01,5,4925,卖盘
809,14:54:58,9.86,0.01,10,9855,买盘
810,14:55:09,9.84,-0.02,20,19680,买盘
811,14:55:15,9.84,0.0,10,9840,买盘
812,14:55:25,9.87,0.03,10,9868,买盘
813,14:55:27,9.87,0.0,34,33558,买盘
814,14:55:33,9.86,-0.01,10,9860,买盘
815,14:55:46,9.84,-0.02,5,4920,卖盘
816,14:55:52,9.87,0.03,10,9870,买盘
817,14:56:00,9.87,0.0,149,147063,买盘
818,14:56:13,9.88,0.01,10,9880,买盘
819,14:56:16,9.87,-0.01,11,10867,卖盘
820,14:56:18,9.87,0.0,10,9870,买盘
821,14:56:24,9.87,0.0,10,9870,买盘
822,14:56:27,9.87,0.0,10,9870,买盘
823,14:56:33,9.88,0.01,10,9871,买盘
824,14:56:36,9.85,-0.03,5,4925,卖盘
825,14:56:39,9.88,0.03,20,19742,买盘
826,14:56:55,9.88,0.0,10,9874,买盘
827,14:56:57,9.88,0.0,20,19760,买盘
828,14:57:00,9.88,0.0,20,19760,买盘
829,15:00:04,9.87,-0.01,187,184569,卖盘
