,time,price,change,volume,amount,type
0,09:25:04,28.13,0.04,5,14065,卖盘
1,09:30:04,28.29,0.16,8,22638,中性盘
2,09:30:07,28.29,0.0,4,11316,买盘
3,09:30:10,28.29,0.0,3,8487,买盘
4,09:30:15,28.28,-0.01,8,22624,买盘
5,09:30:19,28.28,0.0,3,8484,买盘
6,09:30:22,28.28,0.0,9,25452,卖盘
7,09:30:25,28.3,0.02,40,113162,买盘
8,09:30:28,28.29,-0.01,4,11319,中性盘
9,09:30:30,28.3,0.01,46,130107,买盘
10,09:30:33,28.3,0.0,58,164080,买盘
11,09:30:37,28.29,-0.01,22,62249,卖盘
12,09:30:40,28.26,-0.03,3,8480,卖盘
13,09:30:43,28.27,0.01,4,11308,卖盘
14,09:30:46,28.24,-0.03,28,79099,卖盘
15,09:30:48,28.29,0.05,29,81940,买盘
16,09:30:52,28.29,0.0,23,65067,卖盘
17,09:30:55,28.29,0.0,28,79212,卖盘
18,09:30:58,28.3,0.01,6,16968,买盘
19,09:31:01,28.28,-0.02,2,5652,中性盘
20,09:31:04,28.22,-0.06,80,226214,卖盘
21,09:31:07,28.29,0.07,1,2829,中性盘
22,09:31:09,28.29,0.0,14,39606,买盘
23,09:31:12,28.29,0.0,9,25461,卖盘
24,09:31:19,28.29,0.0,26,73554,买盘
25,09:31:25,28.29,0.0,13,36777,卖盘
26,09:31:28,28.3,0.01,2,5660,买盘
27,09:31:34,28.29,-0.01,46,130187,卖盘
28,09:31:37,28.31,0.02,2,5662,买盘
29,09:31:39,28.31,0.0,4,11324,买盘
30,09:31:43,28.3,-0.01,21,59410,中性盘
31,09:31:46,28.3,0.0,20,56600,买盘
32,09:31:49,28.3,0.0,58,164109,买盘
33,09:31:52,28.3,0.0,13,36788,买盘
34,09:31:55,28.3,0.0,1,2830,买盘
35,09:31:58,28.3,0.0,4,11318,买盘
36,09:32:00,28.3,0.0,56,158480,买盘
37,09:32:04,28.3,0.0,37,104710,卖盘
38,09:32:07,28.3,0.0,17,48114,卖盘
39,09:32:10,28.3,0.0,12,33968,卖盘
40,09:32:13,28.29,-0.01,25,70725,卖盘
41,09:32:16,28.29,0.0,16,45265,卖盘
42,09:32:19,28.3,0.01,72,203698,买盘
43,09:32:25,28.26,-0.04,1,2826,卖盘
44,09:32:27,28.29,0.03,1,2829,买盘
45,09:32:34,28.25,-0.04,67,189418,卖盘
46,09:32:37,28.25,0.0,4,11300,买盘
47,09:32:43,28.22,-0.03,8,22594,卖盘
48,09:32:49,28.29,0.07,18,50922,买盘
49,09:32:52,28.22,-0.07,38,107443,卖盘
50,09:32:54,28.3,0.08,1,2830,买盘
51,09:32:57,28.23,-0.07,2,5646,卖盘
52,09:33:04,28.23,0.0,29,82004,卖盘
53,09:33:06,28.3,0.07,14,39520,买盘
54,09:33:13,28.29,-0.01,3,8487,中性盘
55,09:33:15,28.3,0.01,1,2830,买盘
56,09:33:19,28.3,0.0,54,152815,买盘
57,09:33:22,28.3,0.0,25,70694,买盘
58,09:33:25,28.3,0.0,4,11323,卖盘
59,09:33:31,28.31,0.01,25,70754,买盘
60,09:33:34,28.31,0.0,29,82099,买盘
61,09:33:37,28.32,0.01,1,2832,买盘
62,09:33:40,28.32,0.0,1,2832,买盘
63,09:33:46,28.37,0.05,1,2837,买盘
64,09:33:49,28.32,-0.05,7,19824,卖盘
65,09:33:52,28.37,0.05,4,11348,买盘
66,09:33:55,28.37,0.0,18,51066,卖盘
67,09:33:58,28.37,0.0,2,5674,买盘
68,09:34:04,28.32,-0.05,35,99134,卖盘
69,09:34:06,28.33,0.01,11,31149,买盘
70,09:34:13,28.3,-0.03,23,65111,卖盘
71,09:34:16,28.3,0.0,13,36797,卖盘
72,09:34:18,28.3,0.0,2,5660,买盘
73,09:34:22,28.3,0.0,17,48110,买盘
74,09:34:25,28.25,-0.05,29,81986,卖盘
75,09:34:31,28.25,0.0,1,2825,买盘
76,09:34:34,28.23,-0.02,30,84721,卖盘
77,09:34:37,28.3,0.07,1,2830,买盘
78,09:34:39,28.3,0.0,12,33960,卖盘
79,09:34:43,28.3,0.0,11,31130,卖盘
80,09:34:49,28.26,-0.04,3,8478,卖盘
81,09:34:52,28.3,0.04,2,5660,买盘
82,09:34:55,28.26,-0.04,5,14131,卖盘
83,09:34:58,28.3,0.04,7,19810,买盘
84,09:35:01,28.28,-0.02,2,5656,卖盘
85,09:35:04,28.26,-0.02,15,42402,卖盘
86,09:35:10,28.26,0.0,3,8478,买盘
87,09:35:13,28.25,-0.01,4,11300,卖盘
88,09:35:22,28.26,0.01,2,5652,买盘
89,09:35:25,28.23,-0.03,16,45196,卖盘
90,09:35:28,28.25,0.02,1,2825,中性盘
91,09:35:34,28.2,-0.05,34,96010,卖盘
92,09:35:40,28.27,0.07,10,28270,买盘
93,09:35:43,28.25,-0.02,37,104568,卖盘
94,09:35:46,28.2,-0.05,9,25395,卖盘
95,09:35:48,28.2,0.0,3,8460,卖盘
96,09:35:52,28.21,0.01,6,16950,卖盘
97,09:35:55,28.27,0.06,3,8481,买盘
98,09:36:01,28.21,-0.06,5,14112,卖盘
99,09:36:04,28.21,0.0,17,47993,卖盘
100,09:36:06,28.2,-0.01,5,14102,卖盘
101,09:36:16,28.15,-0.05,10,28171,卖盘
102,09:36:18,28.17,0.02,1,2817,中性盘
103,09:36:22,28.2,0.03,2,5640,买盘
104,09:36:25,28.16,-0.04,1,2816,卖盘
105,09:36:34,28.16,0.0,14,39430,卖盘
106,09:36:37,28.16,0.0,6,16896,买盘
107,09:36:43,28.19,0.03,3,8455,中性盘
108,09:36:52,28.17,-0.02,12,33811,卖盘
109,09:36:55,28.17,0.0,6,16902,买盘
110,09:37:04,28.18,0.01,17,47914,卖盘
111,09:37:06,28.17,-0.01,14,39442,卖盘
112,09:37:10,28.16,-0.01,3,8448,卖盘
113,09:37:13,28.18,0.02,6,16908,买盘
114,09:37:16,28.18,0.0,22,61986,买盘
115,09:37:19,28.18,0.0,6,16908,卖盘
116,09:37:22,28.2,0.02,1,2820,买盘
117,09:37:24,28.17,-0.03,2,5635,卖盘
118,09:37:28,28.18,0.01,6,16908,买盘
119,09:37:30,28.17,-0.01,1,2817,卖盘
120,09:37:34,28.16,-0.01,17,47882,卖盘
121,09:37:37,28.15,-0.01,10,28156,卖盘
122,09:37:40,28.17,0.02,1,2817,卖盘
123,09:37:48,28.17,0.0,1,2817,卖盘
124,09:37:52,28.15,-0.02,10,28166,卖盘
125,09:38:04,28.15,0.0,25,70382,卖盘
126,09:38:07,28.18,0.03,1,2818,买盘
127,09:38:10,28.18,0.0,9,25346,买盘
128,09:38:16,28.17,-0.01,2,5634,买盘
129,09:38:22,28.17,0.0,3,8451,买盘
130,09:38:28,28.17,0.0,9,25352,买盘
131,09:38:31,28.18,0.01,35,98605,买盘
132,09:38:34,28.17,-0.01,30,84541,卖盘
133,09:38:36,28.17,0.0,15,42255,买盘
134,09:38:39,28.17,0.0,5,14087,卖盘
135,09:38:52,28.24,0.07,1,2824,买盘
136,09:38:58,28.21,-0.03,5,14117,卖盘
137,09:39:00,28.24,0.03,6,16944,买盘
138,09:39:04,28.18,-0.06,20,56376,卖盘
139,09:39:06,28.18,0.0,11,30998,买盘
140,09:39:13,28.2,0.02,3,8460,卖盘
141,09:39:16,28.24,0.04,3,8472,买盘
142,09:39:22,28.24,0.0,1,2824,买盘
143,09:39:24,28.24,0.0,3,8472,卖盘
144,09:39:28,28.22,-0.02,1,2822,卖盘
145,09:39:31,28.21,-0.01,2,5642,卖盘
146,09:39:34,28.2,-0.01,20,56445,卖盘
147,09:39:37,28.2,0.0,12,33840,买盘
148,09:39:46,28.18,-0.02,8,22544,卖盘
149,09:39:49,28.19,0.01,3,8459,卖盘
150,09:39:52,28.19,0.0,9,25371,买盘
151,09:39:55,28.19,0.0,2,5638,买盘
152,09:39:57,28.18,-0.01,5,14090,卖盘
153,09:40:01,28.18,0.0,1,2818,买盘
154,09:40:04,28.17,-0.01,2,5634,卖盘
155,09:40:07,28.16,-0.01,28,78868,卖盘
156,09:40:16,28.16,0.0,11,30968,买盘
157,09:40:19,28.16,0.0,9,25344,买盘
158,09:40:22,28.18,0.02,1,2818,买盘
159,09:40:24,28.18,0.0,1,2818,卖盘
160,09:40:31,28.18,0.0,6,16908,卖盘
161,09:40:34,28.17,-0.01,19,53540,卖盘
162,09:40:36,28.17,0.0,1,2817,买盘
163,09:40:43,28.17,0.0,5,14085,买盘
164,09:40:49,28.15,-0.02,9,25343,卖盘
165,09:40:51,28.17,0.02,2,5634,买盘
166,09:41:01,28.17,0.0,11,30987,买盘
167,09:41:04,28.17,0.0,50,140860,卖盘
168,09:41:16,28.18,0.01,8,22544,卖盘
169,09:41:19,28.17,-0.01,16,45072,卖盘
170,09:41:25,28.17,0.0,50,140850,卖盘
171,09:41:28,28.18,0.01,2,5635,中性盘
172,09:41:31,28.17,-0.01,4,11268,卖盘
173,09:41:34,28.16,-0.01,19,53510,卖盘
174,09:41:37,28.16,0.0,4,11264,买盘
175,09:41:40,28.15,-0.01,1,2815,卖盘
176,09:41:46,28.15,0.0,16,45043,卖盘
177,09:41:49,28.15,0.0,8,22523,卖盘
178,09:41:52,28.16,0.01,1,2816,中性盘
179,09:42:04,28.16,0.0,14,39429,卖盘
180,09:42:06,28.16,0.0,9,25344,卖盘
181,09:42:13,28.17,0.01,1,2817,买盘
182,09:42:16,28.16,-0.01,6,16896,卖盘
183,09:42:19,28.16,0.0,2,5633,卖盘
184,09:42:24,28.16,0.0,12,33792,卖盘
185,09:42:28,28.16,0.0,2,5632,卖盘
186,09:42:31,28.17,0.01,13,36616,买盘
187,09:42:33,28.15,-0.02,18,50677,卖盘
188,09:42:37,28.15,0.0,1,2815,买盘
189,09:42:40,28.14,-0.01,14,39397,卖盘
190,09:42:46,28.15,0.01,27,76003,买盘
191,09:42:52,28.15,0.0,2,5630,买盘
192,09:42:55,28.16,0.01,1,2816,买盘
193,09:42:58,28.15,-0.01,8,22520,卖盘
194,09:43:03,28.14,-0.01,27,75993,卖盘
195,09:43:10,28.17,0.03,1,2817,买盘
196,09:43:13,28.16,-0.01,14,39424,卖盘
197,09:43:16,28.17,0.01,1,2817,买盘
198,09:43:24,28.16,-0.01,10,28160,卖盘
199,09:43:28,28.16,0.0,6,16896,中性盘
200,09:43:34,28.17,0.01,37,104172,买盘
201,09:43:37,28.17,0.0,7,19719,卖盘
202,09:43:40,28.17,0.0,3,8451,卖盘
203,09:43:46,28.16,-0.01,5,14080,卖盘
204,09:43:49,28.16,0.0,2,5632,卖盘
205,09:43:52,28.16,0.0,7,19712,卖盘
206,09:43:55,28.15,-0.01,6,16895,卖盘
207,09:43:58,28.16,0.01,3,8446,中性盘
208,09:44:01,28.15,-0.01,1,2815,卖盘
209,09:44:04,28.13,-0.02,100,281652,卖盘
210,09:44:19,28.14,0.01,10,28142,卖盘
211,09:44:22,28.15,0.01,2,5630,买盘
212,09:44:28,28.15,0.0,6,16890,买盘
213,09:44:31,28.15,0.0,4,11260,买盘
214,09:44:34,28.2,0.05,37,104260,买盘
215,09:44:37,28.15,-0.05,22,61930,卖盘
216,09:44:40,28.14,-0.01,29,81618,卖盘
217,09:44:48,28.19,0.05,21,59199,中性盘
218,09:44:52,28.19,0.0,13,36647,买盘
219,09:44:55,28.19,0.0,1,2819,买盘
220,09:44:58,28.19,0.0,1,2819,买盘
221,09:45:04,28.19,0.0,19,53561,买盘
222,09:45:06,28.15,-0.04,45,126731,卖盘
223,09:45:16,28.24,0.09,2,5648,买盘
224,09:45:22,28.21,-0.03,1,2821,买盘
225,09:45:25,28.24,0.03,27,76153,买盘
226,09:45:28,28.24,0.0,2,5648,买盘
227,09:45:34,28.19,-0.05,29,81770,卖盘
228,09:45:40,28.19,0.0,30,84610,卖盘
229,09:45:46,28.24,0.05,2,5648,买盘
230,09:45:55,28.24,0.0,6,16944,买盘
231,09:45:58,28.19,-0.05,12,33844,卖盘
232,09:46:00,28.24,0.05,2,5648,买盘
233,09:46:04,28.24,0.0,19,53656,中性盘
234,09:46:13,28.2,-0.04,14,39484,卖盘
235,09:46:18,28.21,0.01,2,5645,卖盘
236,09:46:34,28.21,0.0,16,45148,卖盘
237,09:46:37,28.21,0.0,5,14108,卖盘
238,09:46:43,28.21,0.0,24,67778,卖盘
239,09:46:58,28.25,0.04,13,36719,买盘
240,09:47:01,28.25,0.0,25,70625,卖盘
241,09:47:04,28.25,0.0,32,90404,卖盘
242,09:47:06,28.25,0.0,17,48025,卖盘
243,09:47:10,28.25,0.0,5,14125,买盘
244,09:47:19,28.25,0.0,40,113000,买盘
245,09:47:31,28.26,0.01,29,81929,买盘
246,09:47:34,28.24,-0.02,34,96042,卖盘
247,09:47:43,28.24,0.0,2,5645,买盘
248,09:47:46,28.21,-0.03,15,42315,卖盘
249,09:47:49,28.2,-0.01,4,11282,卖盘
250,09:47:52,28.2,0.0,6,16920,卖盘
251,09:47:55,28.24,0.04,20,56467,买盘
252,09:48:04,28.24,0.0,18,50838,卖盘
253,09:48:07,28.24,0.0,23,64958,卖盘
254,09:48:19,28.24,0.0,10,28240,卖盘
255,09:48:27,28.26,0.02,1,2826,买盘
256,09:48:34,28.24,-0.02,39,110141,卖盘
257,09:48:37,28.24,0.0,8,22592,卖盘
258,09:48:39,28.24,0.0,1,2824,卖盘
259,09:48:43,28.26,0.02,21,59344,买盘
260,09:48:46,28.26,0.0,4,11304,卖盘
261,09:48:49,28.26,0.0,6,16958,卖盘
262,09:48:52,28.26,0.0,3,8478,卖盘
263,09:48:55,28.27,0.01,25,70659,买盘
264,09:48:58,28.27,0.0,1,2827,买盘
265,09:49:01,28.26,-0.01,8,22609,卖盘
266,09:49:04,28.26,0.0,37,104566,卖盘
267,09:49:07,28.27,0.01,85,240295,买盘
268,09:49:10,28.26,-0.01,15,42403,卖盘
269,09:49:13,28.26,0.0,56,158258,卖盘
270,09:49:16,28.27,0.01,2,5654,中性盘
271,09:49:19,28.26,-0.01,10,28260,卖盘
272,09:49:22,28.26,0.0,2,5652,买盘
273,09:49:27,28.26,0.0,15,42374,买盘
274,09:49:30,28.26,0.0,1,2826,买盘
275,09:49:34,28.24,-0.02,26,73447,卖盘
276,09:49:43,28.26,0.02,5,14130,买盘
277,09:49:52,28.26,0.0,3,8478,买盘
278,09:49:57,28.25,-0.01,10,28257,卖盘
279,09:50:04,28.25,0.0,29,81946,卖盘
280,09:50:07,28.26,0.01,2,5652,中性盘
281,09:50:13,28.26,0.0,2,5652,买盘
282,09:50:16,28.26,0.0,14,39553,买盘
283,09:50:19,28.27,0.01,4,11306,买盘
284,09:50:22,28.29,0.02,2,5658,买盘
285,09:50:24,28.29,0.0,2,5658,买盘
286,09:50:27,28.3,0.01,2,5659,买盘
287,09:50:31,28.27,-0.03,11,31100,卖盘
288,09:50:34,28.25,-0.02,23,65018,卖盘
289,09:50:46,28.26,0.01,10,28266,卖盘
290,09:50:52,28.26,0.0,7,19786,卖盘
291,09:50:55,28.26,0.0,27,76302,买盘
292,09:51:00,28.3,0.04,1,2830,买盘
293,09:51:04,28.26,-0.04,26,73554,卖盘
294,09:51:13,28.26,0.0,2,5653,卖盘
295,09:51:16,28.35,0.09,1,2835,买盘
296,09:51:25,28.35,0.0,1,2835,买盘
297,09:51:31,28.35,0.0,2,5670,买盘
298,09:51:34,28.35,0.0,41,116008,买盘
299,09:51:37,28.26,-0.09,15,42480,卖盘
300,09:51:39,28.36,0.1,1,2836,买盘
301,09:51:46,28.36,0.0,1,2836,买盘
302,09:51:49,28.36,0.0,9,25524,买盘
303,09:51:51,28.36,0.0,3,8509,卖盘
304,09:51:55,28.36,0.0,20,56720,卖盘
305,09:51:58,28.37,0.01,14,39712,买盘
306,09:52:01,28.37,0.0,17,48229,卖盘
307,09:52:04,28.37,0.0,17,48229,卖盘
308,09:52:06,28.37,0.0,8,22696,卖盘
309,09:52:10,28.38,0.01,3,8514,买盘
310,09:52:13,28.38,0.0,6,17029,卖盘
311,09:52:16,28.4,0.02,1,2840,买盘
312,09:52:25,28.4,0.0,6,17040,买盘
313,09:52:28,28.4,0.0,11,31240,买盘
314,09:52:31,28.41,0.01,2,5682,买盘
315,09:52:33,28.42,0.01,4,11362,买盘
316,09:52:37,28.42,0.0,20,56840,买盘
317,09:52:40,28.47,0.05,1,2847,买盘
318,09:52:43,28.48,0.01,9,25626,买盘
319,09:52:49,28.5,0.02,5,14250,买盘
320,09:52:52,28.5,0.0,3,8550,买盘
321,09:52:55,28.5,0.0,11,31320,买盘
322,09:53:01,28.5,0.0,11,31320,买盘
323,09:53:04,28.5,0.0,25,71246,买盘
324,09:53:06,28.5,0.0,4,11400,买盘
325,09:53:10,28.48,-0.02,8,22790,卖盘
326,09:53:13,28.48,0.0,2,5696,买盘
327,09:53:15,28.48,0.0,1,2848,买盘
328,09:53:18,28.47,-0.01,6,17082,卖盘
329,09:53:22,28.5,0.03,7,19962,中性盘
330,09:53:25,28.5,0.0,11,31352,卖盘
331,09:53:28,28.5,0.0,22,62700,卖盘
332,09:53:30,28.48,-0.02,24,68352,卖盘
333,09:53:34,28.49,0.01,17,48428,卖盘
334,09:53:36,28.48,-0.01,8,22786,卖盘
335,09:53:39,28.47,-0.01,19,54093,卖盘
336,09:53:43,28.47,0.0,3,8541,卖盘
337,09:53:49,28.43,-0.04,3,8529,卖盘
338,09:53:58,28.42,-0.01,19,54003,卖盘
339,09:54:01,28.42,0.0,6,17047,买盘
340,09:54:04,28.42,0.0,24,68204,买盘
341,09:54:07,28.42,0.0,2,5684,买盘
342,09:54:10,28.4,-0.02,32,90880,卖盘
343,09:54:16,28.4,0.0,9,25560,买盘
344,09:54:22,28.38,-0.02,3,8514,卖盘
345,09:54:25,28.4,0.02,2,5680,买盘
346,09:54:40,28.39,-0.01,8,22712,卖盘
347,09:54:43,28.38,-0.01,11,31218,卖盘
348,09:54:52,28.38,0.0,4,11352,卖盘
349,09:54:55,28.4,0.02,37,105040,买盘
350,09:54:57,28.39,-0.01,8,22706,中性盘
351,09:55:00,28.39,0.0,1,2839,买盘
352,09:55:04,28.39,0.0,1,2839,买盘
353,09:55:13,28.39,0.0,5,14195,卖盘
354,09:55:16,28.4,0.01,3,8520,买盘
355,09:55:25,28.39,-0.01,12,34068,卖盘
356,09:55:28,28.4,0.01,6,17040,买盘
357,09:55:40,28.4,0.0,10,28400,买盘
358,09:55:43,28.39,-0.01,4,11356,卖盘
359,09:55:52,28.4,0.01,12,34080,买盘
360,09:55:55,28.42,0.02,28,79572,买盘
361,09:55:57,28.43,0.01,22,62530,买盘
362,09:56:01,28.4,-0.03,18,51125,卖盘
363,09:56:07,28.46,0.06,3,8538,买盘
364,09:56:10,28.47,0.01,10,28470,买盘
365,09:56:16,28.43,-0.04,16,45490,卖盘
366,09:56:21,28.47,0.04,3,8541,买盘
367,09:56:34,28.46,-0.01,21,59717,买盘
368,09:56:36,28.47,0.01,50,142308,买盘
369,09:56:40,28.46,-0.01,1,2846,中性盘
370,09:56:46,28.4,-0.06,108,306938,卖盘
371,09:56:52,28.46,0.06,28,79687,买盘
372,09:56:54,28.46,0.0,1,2846,买盘
373,09:57:00,28.46,0.0,6,17076,买盘
374,09:57:04,28.45,-0.01,18,51200,买盘
375,09:57:07,28.44,-0.01,27,76788,卖盘
376,09:57:09,28.44,0.0,4,11376,买盘
377,09:57:19,28.4,-0.04,71,201640,卖盘
378,09:57:22,28.39,-0.01,11,31230,卖盘
379,09:57:24,28.39,0.0,12,34068,卖盘
380,09:57:37,28.4,0.01,26,73834,买盘
381,09:57:40,28.38,-0.02,3,8514,卖盘
382,09:57:46,28.38,0.0,2,5676,卖盘
383,09:57:49,28.38,0.0,20,56760,卖盘
384,09:57:55,28.38,0.0,2,5676,卖盘
385,09:58:00,28.38,0.0,10,28380,卖盘
386,09:58:04,28.38,0.0,6,17028,买盘
387,09:58:22,28.37,-0.01,1,2837,卖盘
388,09:58:28,28.37,0.0,4,11348,卖盘
389,09:58:30,28.38,0.01,6,17028,买盘
390,09:58:34,28.38,0.0,1,2838,买盘
391,09:58:43,28.37,-0.01,23,65251,卖盘
392,09:58:45,28.36,-0.01,4,11346,卖盘
393,09:58:55,28.37,0.01,1,2837,买盘
394,09:58:58,28.38,0.01,4,11352,买盘
395,09:59:01,28.37,-0.01,8,22700,卖盘
396,09:59:04,28.4,0.03,3,8520,买盘
397,09:59:06,28.4,0.0,3,8520,买盘
398,09:59:19,28.45,0.05,2,5690,买盘
399,09:59:31,28.4,-0.05,11,31240,买盘
400,09:59:34,28.39,-0.01,11,31252,卖盘
401,09:59:43,28.45,0.06,2,5690,买盘
402,10:00:01,28.43,-0.02,1,2843,买盘
403,10:00:04,28.45,0.02,8,22758,买盘
404,10:00:07,28.43,-0.02,5,14215,卖盘
405,10:00:10,28.43,0.0,2,5686,买盘
406,10:00:18,28.43,0.0,8,22732,买盘
407,10:00:22,28.43,0.0,12,34106,买盘
408,10:00:25,28.43,0.0,1,2843,买盘
409,10:00:31,28.43,0.0,1,2843,买盘
410,10:00:34,28.43,0.0,3,8529,买盘
411,10:00:37,28.43,0.0,5,14215,买盘
412,10:00:40,28.41,-0.02,7,19893,卖盘
413,10:00:43,28.44,0.03,6,17054,买盘
414,10:00:52,28.44,0.0,14,39816,卖盘
415,10:00:55,28.41,-0.03,21,59700,卖盘
416,10:01:19,28.41,0.0,5,14205,卖盘
417,10:01:25,28.41,0.0,15,42615,卖盘
418,10:01:28,28.41,0.0,4,11364,卖盘
419,10:01:40,28.41,0.0,64,181867,卖盘
420,10:01:43,28.41,0.0,7,19883,买盘
421,10:01:45,28.39,-0.02,11,31229,卖盘
422,10:01:52,28.38,-0.01,3,8514,卖盘
423,10:01:55,28.38,0.0,1,2838,卖盘
424,10:02:07,28.4,0.02,2,5680,买盘
425,10:02:13,28.38,-0.02,5,14191,卖盘
426,10:02:21,28.4,0.02,20,56800,买盘
427,10:02:28,28.41,0.01,8,22727,买盘
428,10:02:31,28.4,-0.01,8,22720,卖盘
429,10:02:40,28.43,0.03,55,156283,买盘
430,10:02:43,28.44,0.01,8,22752,买盘
431,10:02:49,28.43,-0.01,14,39802,卖盘
432,10:02:54,28.43,0.0,77,218911,卖盘
433,10:03:04,28.43,0.0,3,8529,买盘
434,10:03:07,28.38,-0.05,80,227148,卖盘
435,10:03:09,28.37,-0.01,12,34044,卖盘
436,10:03:13,28.37,0.0,8,22696,卖盘
437,10:03:19,28.37,0.0,3,8511,卖盘
438,10:03:22,28.42,0.05,3,8522,中性盘
439,10:03:25,28.37,-0.05,18,51066,卖盘
440,10:03:37,28.37,0.0,4,11349,卖盘
441,10:03:40,28.36,-0.01,13,36877,卖盘
442,10:03:52,28.37,0.01,3,8511,买盘
443,10:04:04,28.41,0.04,3,8523,买盘
444,10:04:07,28.36,-0.05,11,31199,卖盘
445,10:04:22,28.41,0.05,1,2841,买盘
446,10:04:28,28.41,0.0,22,62470,买盘
447,10:04:31,28.41,0.0,1,2841,卖盘
448,10:04:34,28.41,0.0,2,5682,卖盘
449,10:04:42,28.41,0.0,14,39774,卖盘
450,10:04:45,28.41,0.0,10,28410,卖盘
451,10:04:48,28.41,0.0,2,5682,卖盘
452,10:05:00,28.4,-0.01,4,11360,买盘
453,10:05:13,28.38,-0.02,40,113522,卖盘
454,10:05:16,28.39,0.01,1,2839,买盘
455,10:05:19,28.4,0.01,7,19880,买盘
456,10:05:25,28.38,-0.02,2,5676,卖盘
457,10:05:28,28.38,0.0,23,65302,卖盘
458,10:05:31,28.36,-0.02,26,73782,卖盘
459,10:05:33,28.36,0.0,7,19860,卖盘
460,10:05:46,28.33,-0.03,6,17000,卖盘
461,10:05:49,28.35,0.02,13,36833,买盘
462,10:05:52,28.3,-0.05,6,16990,卖盘
463,10:05:55,28.3,0.0,9,25470,卖盘
464,10:05:58,28.29,-0.01,7,19803,卖盘
465,10:06:01,28.29,0.0,5,14145,卖盘
466,10:06:04,28.29,0.0,9,25461,买盘
467,10:06:06,28.3,0.01,1,2830,买盘
468,10:06:09,28.33,0.03,1,2833,买盘
469,10:06:16,28.38,0.05,5,14190,买盘
470,10:06:19,28.29,-0.09,28,79213,卖盘
471,10:06:21,28.29,0.0,25,70725,买盘
472,10:06:25,28.29,0.0,47,132963,买盘
473,10:06:33,28.27,-0.02,10,28270,卖盘
474,10:06:37,28.27,0.0,10,28270,卖盘
475,10:06:40,28.37,0.1,14,39698,买盘
476,10:06:45,28.37,0.0,7,19859,买盘
477,10:06:49,28.37,0.0,1,2837,买盘
478,10:06:52,28.32,-0.05,6,16992,卖盘
479,10:07:10,28.32,0.0,7,19824,卖盘
480,10:07:31,28.33,0.01,9,25497,卖盘
481,10:07:34,28.32,-0.01,12,33984,卖盘
482,10:07:37,28.32,0.0,18,50976,卖盘
483,10:07:40,28.31,-0.01,12,33963,卖盘
484,10:07:43,28.31,0.0,4,11324,卖盘
485,10:07:46,28.31,0.0,9,25486,卖盘
486,10:07:48,28.32,0.01,7,19824,买盘
487,10:07:58,28.31,-0.01,11,31141,卖盘
488,10:08:01,28.31,0.0,8,22648,卖盘
489,10:08:04,28.3,-0.01,61,172713,卖盘
490,10:08:10,28.3,0.0,20,56600,买盘
491,10:08:15,28.26,-0.04,17,48042,卖盘
492,10:08:19,28.3,0.04,4,11320,买盘
493,10:08:28,28.3,0.0,20,56600,买盘
494,10:08:31,28.29,-0.01,6,16974,中性盘
495,10:08:34,28.29,0.0,2,5658,买盘
496,10:08:40,28.3,0.01,12,33952,买盘
497,10:08:46,28.3,0.0,31,87713,买盘
498,10:08:54,28.3,0.0,5,14150,买盘
499,10:08:57,28.3,0.0,2,5660,买盘
500,10:09:04,28.28,-0.02,14,39619,卖盘
501,10:09:15,28.35,0.07,1,2835,买盘
502,10:09:52,28.31,-0.04,8,22648,卖盘
503,10:09:55,28.31,0.0,37,104747,卖盘
504,10:09:58,28.31,0.0,3,8493,买盘
505,10:10:01,28.3,-0.01,1,2830,卖盘
506,10:10:13,28.31,0.01,11,31133,买盘
507,10:10:31,28.31,0.0,13,36803,买盘
508,10:10:33,28.31,0.0,1,2831,买盘
509,10:10:36,28.31,0.0,3,8493,买盘
510,10:10:58,28.31,0.0,9,25481,卖盘
511,10:11:04,28.32,0.01,4,11328,买盘
512,10:11:16,28.32,0.0,11,31156,卖盘
513,10:11:22,28.32,0.0,6,17000,卖盘
514,10:11:27,28.35,0.03,6,17009,买盘
515,10:11:37,28.35,0.0,7,19845,买盘
516,10:11:45,28.33,-0.02,2,5666,卖盘
517,10:11:55,28.35,0.02,20,56700,买盘
518,10:12:00,28.35,0.0,4,11340,买盘
519,10:12:04,28.35,0.0,10,28344,买盘
520,10:12:09,28.34,-0.01,2,5668,卖盘
521,10:12:13,28.35,0.01,1,2835,买盘
522,10:12:16,28.34,-0.01,35,99190,卖盘
523,10:12:22,28.33,-0.01,3,8499,卖盘
524,10:12:25,28.33,0.0,1,2833,卖盘
525,10:12:37,28.33,0.0,3,8499,卖盘
526,10:12:49,28.33,0.0,5,14168,卖盘
527,10:13:04,28.34,0.01,4,11336,买盘
528,10:13:09,28.33,-0.01,7,19831,卖盘
529,10:13:13,28.33,0.0,2,5666,卖盘
530,10:13:28,28.34,0.01,12,34002,买盘
531,10:13:31,28.34,0.0,1,2834,买盘
532,10:13:37,28.34,0.0,4,11336,买盘
533,10:13:40,28.34,0.0,1,2834,买盘
534,10:14:04,28.34,0.0,8,22672,买盘
535,10:14:13,28.34,0.0,8,22672,卖盘
536,10:14:18,28.34,0.0,22,62348,卖盘
537,10:14:31,28.35,0.01,9,25509,买盘
538,10:14:34,28.35,0.0,1,2835,买盘
539,10:14:36,28.34,-0.01,17,48184,卖盘
540,10:14:39,28.35,0.01,2,5670,买盘
541,10:14:52,28.35,0.0,6,17010,买盘
542,10:14:57,28.35,0.0,5,14175,买盘
543,10:15:00,28.34,-0.01,20,56680,卖盘
544,10:15:04,28.33,-0.01,6,17002,卖盘
545,10:15:16,28.34,0.01,2,5668,卖盘
546,10:15:22,28.34,0.0,4,11336,卖盘
547,10:15:25,28.34,0.0,1,2834,卖盘
548,10:15:43,28.34,0.0,2,5668,卖盘
549,10:15:49,28.35,0.01,3,8505,买盘
550,10:15:52,28.34,-0.01,5,14170,卖盘
551,10:16:04,28.35,0.01,5,14175,买盘
552,10:16:10,28.34,-0.01,9,25506,卖盘
553,10:16:31,28.35,0.01,1,2835,买盘
554,10:16:48,28.35,0.0,3,8505,买盘
555,10:17:01,28.35,0.0,2,5670,买盘
556,10:17:04,28.35,0.0,7,19845,买盘
557,10:17:07,28.35,0.0,3,8505,买盘
558,10:17:10,28.35,0.0,9,25515,买盘
559,10:17:13,28.34,-0.01,14,39676,卖盘
560,10:17:16,28.36,0.02,7,19846,买盘
561,10:17:25,28.34,-0.02,22,62350,卖盘
562,10:17:30,28.35,0.01,14,39678,买盘
563,10:17:52,28.35,0.0,3,8505,买盘
564,10:17:58,28.36,0.01,15,42539,买盘
565,10:18:07,28.37,0.01,28,79436,买盘
566,10:18:10,28.35,-0.02,20,56713,卖盘
567,10:18:19,28.36,0.01,1,2836,买盘
568,10:18:34,28.35,-0.01,13,36858,卖盘
569,10:18:43,28.36,0.01,1,2836,买盘
570,10:18:46,28.37,0.01,3,8511,买盘
571,10:18:51,28.35,-0.02,11,31188,卖盘
572,10:19:04,28.37,0.02,4,11348,买盘
573,10:19:19,28.37,0.0,4,11348,买盘
574,10:19:28,28.37,0.0,6,17022,买盘
575,10:19:31,28.37,0.0,4,11347,买盘
576,10:19:36,28.36,-0.01,8,22688,卖盘
577,10:19:43,28.37,0.01,3,8511,买盘
578,10:19:49,28.37,0.0,4,11348,买盘
579,10:19:54,28.36,-0.01,8,22688,卖盘
580,10:20:04,28.37,0.01,3,8511,买盘
581,10:20:37,28.38,0.01,2,5676,买盘
582,10:20:42,28.38,0.0,6,17028,卖盘
583,10:20:49,28.39,0.01,3,8517,买盘
584,10:20:55,28.39,0.0,7,19873,买盘
585,10:21:01,28.39,0.0,4,11356,卖盘
586,10:21:04,28.4,0.01,3,8520,买盘
587,10:21:06,28.4,0.0,21,59640,买盘
588,10:21:16,28.4,0.0,9,25560,买盘
589,10:21:22,28.4,0.0,1,2840,买盘
590,10:21:31,28.4,0.0,4,11360,买盘
591,10:21:34,28.4,0.0,16,45440,买盘
592,10:21:36,28.4,0.0,4,11360,买盘
593,10:21:39,28.4,0.0,15,42600,买盘
594,10:21:43,28.4,0.0,5,14200,卖盘
595,10:21:45,28.4,0.0,6,17041,卖盘
596,10:21:58,28.4,0.0,30,85205,卖盘
597,10:22:01,28.4,0.0,19,53947,买盘
598,10:22:04,28.39,-0.01,4,11356,卖盘
599,10:22:16,28.39,0.0,1,2839,卖盘
600,10:22:31,28.4,0.01,11,31232,买盘
601,10:22:34,28.4,0.0,5,14200,买盘
602,10:22:52,28.39,-0.01,13,36910,卖盘
603,10:22:55,28.39,0.0,31,88009,卖盘
604,10:22:58,28.39,0.0,9,25558,卖盘
605,10:23:01,28.39,0.0,2,5678,卖盘
606,10:23:04,28.39,0.0,4,11359,卖盘
607,10:23:07,28.39,0.0,3,8517,卖盘
608,10:23:10,28.39,0.0,7,19873,卖盘
609,10:23:22,28.39,0.0,10,28390,卖盘
610,10:23:28,28.39,0.0,16,45424,卖盘
611,10:23:31,28.4,0.01,34,96529,买盘
612,10:23:37,28.39,-0.01,3,8517,卖盘
613,10:23:40,28.36,-0.03,5,14184,卖盘
614,10:23:58,28.36,0.0,11,31199,卖盘
615,10:24:01,28.38,0.02,12,34046,买盘
616,10:24:04,28.38,0.0,1,2838,买盘
617,10:24:07,28.38,0.0,3,8514,买盘
618,10:24:28,28.36,-0.02,6,17016,卖盘
619,10:24:30,28.36,0.0,7,19852,卖盘
620,10:24:40,28.36,0.0,5,14180,卖盘
621,10:24:49,28.36,0.0,7,19852,卖盘
622,10:24:57,28.36,0.0,20,56723,卖盘
623,10:25:04,28.36,0.0,1,2836,买盘
624,10:25:12,28.35,-0.01,10,28350,卖盘
625,10:25:28,28.36,0.01,5,14176,买盘
626,10:25:37,28.36,0.0,7,19852,卖盘
627,10:25:40,28.38,0.02,3,8514,买盘
628,10:25:55,28.36,-0.02,7,19855,卖盘
629,10:25:58,28.36,0.0,11,31196,卖盘
630,10:26:07,28.37,0.01,20,56740,卖盘
631,10:26:16,28.38,0.01,3,8514,买盘
632,10:26:22,28.37,-0.01,10,28370,卖盘
633,10:26:28,28.37,0.0,6,17022,卖盘
634,10:26:30,28.38,0.01,2,5676,买盘
635,10:26:36,28.38,0.0,4,11352,买盘
636,10:26:46,28.37,-0.01,38,107807,卖盘
637,10:26:49,28.37,0.0,3,8511,买盘
638,10:26:58,28.31,-0.06,22,62360,卖盘
639,10:27:01,28.35,0.04,2,5670,买盘
640,10:27:04,28.38,0.03,24,68108,买盘
641,10:27:13,28.36,-0.02,1,2836,买盘
642,10:27:28,28.33,-0.03,15,42506,卖盘
643,10:27:37,28.33,0.0,1,2833,卖盘
644,10:27:43,28.38,0.05,6,17028,买盘
645,10:27:46,28.33,-0.05,5,14165,卖盘
646,10:27:58,28.38,0.05,8,22672,买盘
647,10:28:04,28.37,-0.01,1,2837,买盘
648,10:28:16,28.37,0.0,1,2837,买盘
649,10:28:18,28.32,-0.05,7,19824,卖盘
650,10:28:27,28.31,-0.01,14,39641,卖盘
651,10:28:31,28.31,0.0,3,8493,买盘
652,10:28:34,28.31,0.0,5,14155,买盘
653,10:28:37,28.37,0.06,1,2837,买盘
654,10:28:40,28.33,-0.04,1,2833,卖盘
655,10:28:52,28.34,0.01,6,17004,卖盘
656,10:28:57,28.37,0.03,9,25515,买盘
657,10:29:27,28.33,-0.04,20,56675,卖盘
658,10:29:30,28.36,0.03,3,8508,买盘
659,10:29:43,28.3,-0.06,6,16992,卖盘
660,10:29:45,28.36,0.06,3,8508,买盘
661,10:29:48,28.36,0.0,12,34032,买盘
662,10:29:57,28.3,-0.06,15,42450,卖盘
663,10:30:22,28.34,0.04,2,5668,买盘
664,10:30:27,28.31,-0.03,4,11324,卖盘
665,10:30:31,28.31,0.0,5,14157,卖盘
666,10:30:37,28.34,0.03,1,2834,买盘
667,10:30:40,28.34,0.0,1,2834,买盘
668,10:30:43,28.34,0.0,8,22672,买盘
669,10:30:46,28.34,0.0,3,8502,买盘
670,10:30:52,28.36,0.02,2,5672,买盘
671,10:30:54,28.36,0.0,1,2836,买盘
672,10:30:57,28.37,0.01,11,31203,买盘
673,10:31:10,28.37,0.0,5,14185,买盘
674,10:31:19,28.36,-0.01,6,17016,卖盘
675,10:31:24,28.36,0.0,1,2836,卖盘
676,10:31:28,28.36,0.0,20,56720,卖盘
677,10:31:48,28.36,0.0,5,14180,卖盘
678,10:31:58,28.34,-0.02,15,42522,卖盘
679,10:32:07,28.36,0.02,2,5672,卖盘
680,10:32:28,28.33,-0.03,9,25502,卖盘
681,10:32:39,28.34,0.01,6,17008,卖盘
682,10:32:54,28.37,0.03,12,34044,买盘
683,10:32:58,28.34,-0.03,22,62349,卖盘
684,10:33:12,28.35,0.01,3,8505,卖盘
685,10:33:28,28.35,0.0,16,45360,卖盘
686,10:33:31,28.35,0.0,5,14175,卖盘
687,10:33:52,28.35,0.0,1,2835,卖盘
688,10:33:55,28.36,0.01,6,17016,买盘
689,10:33:57,28.35,-0.01,11,31189,卖盘
690,10:34:01,28.36,0.01,22,62402,卖盘
691,10:34:04,28.35,-0.01,7,19846,卖盘
692,10:34:27,28.36,0.01,7,19846,买盘
693,10:34:37,28.36,0.0,6,17016,买盘
694,10:34:40,28.37,0.01,12,34038,买盘
695,10:34:55,28.35,-0.02,7,19845,卖盘
696,10:34:58,28.35,0.0,19,53865,卖盘
697,10:35:16,28.35,0.0,1,2835,卖盘
698,10:35:27,28.35,0.0,15,42525,卖盘
699,10:35:34,28.37,0.02,1,2837,买盘
700,10:35:36,28.35,-0.02,15,42525,卖盘
701,10:35:39,28.35,0.0,8,22680,卖盘
702,10:35:43,28.34,-0.01,6,16127,买盘
703,10:35:46,28.3,-0.04,17,48165,卖盘
704,10:35:55,28.28,-0.02,23,65084,卖盘
705,10:36:01,28.27,-0.01,25,70671,卖盘
706,10:36:04,28.26,-0.01,1,2826,卖盘
707,10:36:07,28.26,0.0,2,5652,卖盘
708,10:36:10,28.26,0.0,5,14130,买盘
709,10:36:12,28.25,-0.01,15,42381,卖盘
710,10:36:15,28.26,0.01,2,5652,买盘
711,10:36:22,28.25,-0.01,9,25433,卖盘
712,10:36:25,28.27,0.02,5,14135,买盘
713,10:36:28,28.25,-0.02,19,53694,卖盘
714,10:36:31,28.27,0.02,14,39578,中性盘
715,10:36:45,28.28,0.01,2,5656,买盘
716,10:36:48,28.28,0.0,8,22624,买盘
717,10:36:52,28.28,0.0,7,19796,买盘
718,10:36:55,28.28,0.0,1,2828,买盘
719,10:36:57,28.27,-0.01,9,25448,卖盘
720,10:37:13,28.36,0.09,12,34032,买盘
721,10:37:21,28.36,0.0,11,31106,买盘
722,10:37:27,28.27,-0.09,3,8483,卖盘
723,10:37:43,28.3,0.03,3,8490,卖盘
724,10:37:45,28.3,0.0,8,22640,买盘
725,10:37:55,28.29,-0.01,5,14145,卖盘
726,10:37:57,28.28,-0.01,18,50910,卖盘
727,10:38:19,28.29,0.01,3,8487,卖盘
728,10:38:28,28.26,-0.03,13,36761,卖盘
729,10:38:33,28.28,0.02,9,25458,卖盘
730,10:38:37,28.28,0.0,1,2828,买盘
731,10:38:42,28.28,0.0,1,2828,买盘
732,10:38:54,28.29,0.01,5,14149,卖盘
733,10:39:01,28.35,0.06,1,2835,买盘
734,10:39:04,28.29,-0.06,6,16974,卖盘
735,10:39:07,28.29,0.0,3,8499,卖盘
736,10:39:33,28.35,0.06,1,2835,买盘
737,10:39:36,28.29,-0.06,5,14145,卖盘
738,10:39:39,28.35,0.06,1,2835,买盘
739,10:40:04,28.35,0.0,1,2835,买盘
740,10:40:10,28.3,-0.05,6,16980,卖盘
741,10:40:15,28.35,0.05,1,2835,买盘
742,10:40:43,28.3,-0.05,7,19814,卖盘
743,10:40:52,28.34,0.04,3,8502,买盘
744,10:41:16,28.3,-0.04,5,14150,卖盘
745,10:41:21,28.34,0.04,1,2834,买盘
746,10:41:37,28.3,-0.04,27,76410,卖盘
747,10:41:43,28.3,0.0,1,2830,买盘
748,10:41:49,28.3,0.0,1,2830,买盘
749,10:41:52,28.29,-0.01,11,31119,卖盘
750,10:42:24,28.29,0.0,13,36777,卖盘
751,10:42:37,28.3,0.01,3,8490,买盘
752,10:42:45,28.29,-0.01,20,56580,卖盘
753,10:42:49,28.3,0.01,6,16980,买盘
754,10:42:58,28.29,-0.01,11,31119,卖盘
755,10:43:01,28.29,0.0,5,14145,卖盘
756,10:43:10,28.29,0.0,8,22632,卖盘
757,10:43:13,28.29,0.0,18,50922,卖盘
758,10:43:16,28.29,0.0,9,25461,卖盘
759,10:43:25,28.29,0.0,19,53751,卖盘
760,10:43:28,28.29,0.0,1,2829,卖盘
761,10:43:30,28.29,0.0,10,28290,卖盘
762,10:43:33,28.29,0.0,13,36777,卖盘
763,10:43:36,28.29,0.0,4,11316,卖盘
764,10:43:42,28.29,0.0,2,5658,卖盘
765,10:43:48,28.29,0.0,7,19805,卖盘
766,10:43:51,28.29,0.0,4,11316,卖盘
767,10:43:57,28.29,0.0,3,8487,卖盘
768,10:44:04,28.29,0.0,5,14145,卖盘
769,10:44:07,28.29,0.0,2,5658,卖盘
770,10:44:16,28.3,0.01,4,11320,买盘
771,10:44:55,28.3,0.0,4,11320,买盘
772,10:45:03,28.3,0.0,1,2830,买盘
773,10:45:06,28.3,0.0,5,14150,买盘
774,10:45:13,28.3,0.0,20,56600,买盘
775,10:45:16,28.3,0.0,1,2830,买盘
776,10:45:19,28.3,0.0,12,33960,买盘
777,10:45:27,28.3,0.0,1,2830,买盘
778,10:46:31,28.29,-0.01,47,132963,卖盘
779,10:47:04,28.3,0.01,1,2830,买盘
780,10:47:07,28.3,0.0,11,31130,买盘
781,10:47:31,28.29,-0.01,3,8487,卖盘
782,10:47:34,28.3,0.01,3,8490,买盘
783,10:47:40,28.3,0.0,2,5660,买盘
784,10:48:04,28.3,0.0,1,2830,买盘
785,10:48:09,28.3,0.0,5,14150,买盘
786,10:48:16,28.3,0.0,2,5660,买盘
787,10:48:48,28.3,0.0,7,19810,买盘
788,10:48:54,28.3,0.0,5,14150,买盘
789,10:48:58,28.3,0.0,11,31130,买盘
790,10:49:01,28.33,0.03,9,25497,卖盘
791,10:49:06,28.33,0.0,5,14165,卖盘
792,10:49:22,28.34,0.01,8,22672,买盘
793,10:49:25,28.34,0.0,3,8502,买盘
794,10:49:45,28.33,-0.01,15,42495,卖盘
795,10:50:12,28.33,0.0,32,90660,卖盘
796,10:50:16,28.33,0.0,2,5666,买盘
797,10:50:27,28.32,-0.01,7,19824,卖盘
798,10:50:34,28.3,-0.02,4,11324,卖盘
799,10:51:01,28.33,0.03,1,2833,买盘
800,10:51:10,28.32,-0.01,1,2832,卖盘
801,10:51:37,28.33,0.01,1,2833,买盘
802,10:51:46,28.33,0.0,1,2833,买盘
803,10:52:04,28.33,0.0,1,2833,买盘
804,10:52:12,28.32,-0.01,46,130272,卖盘
805,10:52:19,28.33,0.01,1,2833,买盘
806,10:52:46,28.32,-0.01,26,73632,卖盘
807,10:52:55,28.32,0.0,1,2832,买盘
808,10:53:01,28.32,0.0,10,28320,买盘
809,10:53:04,28.32,0.0,1,2832,买盘
810,10:53:10,28.32,0.0,1,2832,买盘
811,10:53:21,28.32,0.0,9,25488,买盘
812,10:53:25,28.33,0.01,9,25497,买盘
813,10:53:28,28.32,-0.01,3,8496,中性盘
814,10:53:31,28.32,0.0,7,19824,买盘
815,10:53:49,28.31,-0.01,29,82119,卖盘
816,10:54:01,28.31,0.0,12,33972,买盘
817,10:54:04,28.31,0.0,3,8493,买盘
818,10:54:07,28.31,0.0,2,5662,买盘
819,10:54:12,28.31,0.0,11,31141,买盘
820,10:54:16,28.31,0.0,5,14155,买盘
821,10:54:18,28.31,0.0,2,5662,买盘
822,10:54:21,28.31,0.0,2,5662,买盘
823,10:54:33,28.31,0.0,4,11324,卖盘
824,10:54:37,28.35,0.04,1,2835,买盘
825,10:54:43,28.3,-0.05,48,135917,卖盘
826,10:55:06,28.35,0.05,1,2835,买盘
827,10:55:28,28.32,-0.03,7,19824,卖盘
828,10:56:06,28.34,0.02,1,2834,买盘
829,10:56:18,28.34,0.0,1,2834,买盘
830,10:56:33,28.32,-0.02,52,147364,卖盘
831,10:56:52,28.32,0.0,56,158592,卖盘
832,10:57:03,28.35,0.03,1,2835,买盘
833,10:57:13,28.33,-0.02,47,133151,卖盘
834,10:57:28,28.33,0.0,26,73658,卖盘
835,10:57:36,28.35,0.02,1,2835,买盘
836,10:57:58,28.35,0.0,1,2835,买盘
837,10:58:04,28.35,0.0,1,2835,买盘
838,10:58:18,28.33,-0.02,106,300299,卖盘
839,10:58:22,28.33,0.0,1,2833,卖盘
840,10:58:37,28.34,0.01,1,2834,买盘
841,10:58:42,28.34,0.0,1,2834,买盘
842,10:58:48,28.33,-0.01,47,133151,卖盘
843,10:59:06,28.33,0.0,55,155820,卖盘
844,10:59:24,28.35,0.02,9,25515,买盘
845,10:59:31,28.35,0.0,13,36855,买盘
846,10:59:34,28.36,0.01,1,2836,买盘
847,10:59:40,28.36,0.0,2,5672,买盘
848,10:59:42,28.36,0.0,4,11344,买盘
849,10:59:58,28.37,0.01,8,22690,买盘
850,11:00:06,28.37,0.0,1,2837,买盘
851,11:00:13,28.38,0.01,6,17023,买盘
852,11:00:19,28.38,0.0,2,5676,买盘
853,11:00:36,28.38,0.0,1,2838,买盘
854,11:00:39,28.38,0.0,1,2838,买盘
855,11:00:43,28.38,0.0,1,2838,买盘
856,11:00:45,28.38,0.0,2,5676,买盘
857,11:00:48,28.38,0.0,6,17028,买盘
858,11:00:51,28.38,0.0,2,5676,买盘
859,11:01:01,28.38,0.0,1,2838,买盘
860,11:01:07,28.39,0.01,85,241315,买盘
861,11:01:25,28.4,0.01,3,8522,卖盘
862,11:01:31,28.42,0.02,1,2842,买盘
863,11:01:39,28.43,0.01,14,39802,买盘
864,11:01:42,28.45,0.02,7,19910,买盘
865,11:01:46,28.45,0.0,4,11380,买盘
866,11:02:00,28.45,0.0,5,14225,买盘
867,11:02:13,28.45,0.0,5,14225,买盘
868,11:02:19,28.45,0.0,50,142250,买盘
869,11:02:21,28.45,0.0,12,34140,买盘
870,11:02:24,28.45,0.0,2,5690,买盘
871,11:02:27,28.44,-0.01,1,2844,卖盘
872,11:02:42,28.44,0.0,2,5688,卖盘
873,11:02:46,28.45,0.01,1,2845,买盘
874,11:02:49,28.48,0.03,8,22773,买盘
875,11:02:54,28.45,-0.03,6,17070,卖盘
876,11:02:57,28.45,0.0,1,2845,买盘
877,11:03:25,28.47,0.02,4,11384,买盘
878,11:03:28,28.47,0.0,1,2847,买盘
879,11:03:31,28.47,0.0,12,34154,买盘
880,11:03:36,28.47,0.0,6,17082,卖盘
881,11:03:45,28.47,0.0,1,2847,买盘
882,11:03:48,28.47,0.0,2,5694,买盘
883,11:03:52,28.47,0.0,11,31317,买盘
884,11:03:57,28.47,0.0,11,31317,买盘
885,11:04:01,28.47,0.0,2,5694,买盘
886,11:04:07,28.47,0.0,1,2847,买盘
887,11:04:10,28.48,0.01,32,91131,买盘
888,11:04:13,28.47,-0.01,55,156597,卖盘
889,11:04:24,28.47,0.0,9,25623,买盘
890,11:04:49,28.47,0.0,33,93951,买盘
891,11:04:52,28.47,0.0,13,37011,卖盘
892,11:04:55,28.47,0.0,6,17082,卖盘
893,11:05:00,28.48,0.01,2,5696,买盘
894,11:05:07,28.48,0.0,3,8544,买盘
895,11:05:31,28.47,-0.01,7,19929,卖盘
896,11:05:37,28.48,0.01,23,65504,买盘
897,11:05:40,28.48,0.0,1,2848,买盘
898,11:05:43,28.48,0.0,2,5696,买盘
899,11:05:52,28.47,-0.01,10,28470,卖盘
900,11:06:10,28.47,0.0,70,199290,卖盘
901,11:06:15,28.46,-0.01,1,2846,卖盘
902,11:06:21,28.47,0.01,31,88257,买盘
903,11:06:25,28.47,0.0,10,28470,卖盘
904,11:06:27,28.47,0.0,8,22776,卖盘
905,11:06:34,28.48,0.01,9,25632,买盘
906,11:06:51,28.48,0.0,7,19936,买盘
907,11:06:57,28.47,-0.01,2,5695,卖盘
908,11:07:24,28.48,0.01,6,17083,买盘
909,11:07:27,28.47,-0.01,10,28470,卖盘
910,11:07:30,28.48,0.01,6,17088,买盘
911,11:07:36,28.47,-0.01,10,28476,卖盘
912,11:08:06,28.49,0.02,12,34188,买盘
913,11:08:09,28.48,-0.01,10,28480,卖盘
914,11:08:19,28.48,0.0,27,76896,卖盘
915,11:08:30,28.49,0.01,10,28490,买盘
916,11:08:36,28.49,0.0,1,2849,买盘
917,11:09:09,28.49,0.0,2,5698,买盘
918,11:09:12,28.49,0.0,1,2849,买盘
919,11:09:48,28.49,0.0,2,5698,买盘
920,11:10:19,28.49,0.0,1,2849,买盘
921,11:10:51,28.48,-0.01,20,56960,卖盘
922,11:10:58,28.48,0.0,12,34178,卖盘
923,11:11:00,28.48,0.0,64,182272,卖盘
924,11:11:04,28.48,0.0,8,22784,卖盘
925,11:11:06,28.48,0.0,19,54112,卖盘
926,11:11:12,28.48,0.0,6,17088,买盘
927,11:11:15,28.48,0.0,1,2848,买盘
928,11:11:21,28.47,-0.01,20,56940,卖盘
929,11:12:06,28.46,-0.01,2,5692,买盘
930,11:12:09,28.46,0.0,1,2846,买盘
931,11:12:24,28.45,-0.01,10,28450,卖盘
932,11:12:30,28.45,0.0,13,36985,卖盘
933,11:12:54,28.44,-0.01,2,5688,卖盘
934,11:13:07,28.44,0.0,4,11376,卖盘
935,11:13:21,28.44,0.0,2,5688,买盘
936,11:13:24,28.44,0.0,4,11376,买盘
937,11:13:27,28.44,0.0,8,22752,买盘
938,11:13:31,28.45,0.01,5,14225,买盘
939,11:13:33,28.46,0.01,2,5691,买盘
940,11:13:36,28.47,0.01,7,19925,买盘
941,11:13:40,28.47,0.0,15,42705,买盘
942,11:13:43,28.47,0.0,4,11388,买盘
943,11:13:46,28.47,0.0,16,45552,买盘
944,11:13:49,28.48,0.01,21,59798,买盘
945,11:13:52,28.49,0.01,93,264904,买盘
946,11:13:55,28.5,0.01,17,48448,买盘
947,11:13:58,28.5,0.0,37,105450,买盘
948,11:14:01,28.5,0.0,12,34200,买盘
949,11:14:03,28.53,0.03,23,65585,买盘
950,11:14:07,28.53,0.0,16,45648,买盘
951,11:14:10,28.55,0.02,36,102741,买盘
952,11:14:13,28.55,0.0,15,42805,买盘
953,11:14:16,28.55,0.0,4,11420,买盘
954,11:14:19,28.55,0.0,6,17130,买盘
955,11:14:22,28.55,0.0,15,42825,买盘
956,11:14:24,28.55,0.0,1,2855,买盘
957,11:14:28,28.55,0.0,2,5710,买盘
958,11:14:31,28.55,0.0,3,8565,买盘
959,11:14:34,28.54,-0.01,1,2854,买盘
960,11:14:39,28.54,0.0,1,2854,买盘
961,11:14:45,28.53,-0.01,5,14268,卖盘
962,11:14:49,28.54,0.01,8,22832,买盘
963,11:14:55,28.54,0.0,45,128397,买盘
964,11:15:01,28.54,0.0,21,59934,买盘
965,11:15:04,28.56,0.02,2,5710,买盘
966,11:15:10,28.57,0.01,2,5714,买盘
967,11:15:12,28.53,-0.04,2,5706,中性盘
968,11:15:16,28.53,0.0,8,22824,买盘
969,11:15:22,28.53,0.0,15,42795,买盘
970,11:15:40,28.53,0.0,5,14265,卖盘
971,11:15:49,28.56,0.03,2,5712,买盘
972,11:16:01,28.53,-0.03,1,2853,卖盘
973,11:16:06,28.53,0.0,5,14265,卖盘
974,11:16:19,28.55,0.02,2,5710,买盘
975,11:16:22,28.55,0.0,1,2855,买盘
976,11:16:25,28.55,0.0,3,8565,买盘
977,11:16:43,28.56,0.01,1,2856,买盘
978,11:16:46,28.55,-0.01,30,85650,卖盘
979,11:16:48,28.53,-0.02,31,88469,卖盘
980,11:16:51,28.55,0.02,12,34260,卖盘
981,11:16:54,28.55,0.0,10,28550,买盘
982,11:17:22,28.54,-0.01,8,22832,买盘
983,11:17:30,28.54,0.0,3,8562,卖盘
984,11:17:37,28.54,0.0,14,39956,卖盘
985,11:18:16,28.54,0.0,1,2854,买盘
986,11:18:34,28.54,0.0,1,2854,买盘
987,11:18:43,28.54,0.0,8,22820,买盘
988,11:18:49,28.54,0.0,1,2854,买盘
989,11:19:04,28.54,0.0,1,2854,买盘
990,11:19:13,28.54,0.0,10,28540,买盘
991,11:19:25,28.54,0.0,1,2854,买盘
992,11:19:28,28.53,-0.01,5,14265,卖盘
993,11:19:39,28.54,0.01,1,2854,买盘
994,11:19:42,28.53,-0.01,36,102708,卖盘
995,11:19:49,28.53,0.0,2,5706,买盘
996,11:20:04,28.53,0.0,2,5706,买盘
997,11:20:13,28.53,0.0,4,11412,买盘
998,11:20:16,28.53,0.0,2,5706,买盘
999,11:20:24,28.54,0.01,14,39951,买盘
1000,11:20:28,28.54,0.0,3,8562,买盘
1001,11:20:31,28.54,0.0,3,8562,买盘
1002,11:20:34,28.54,0.0,1,2854,买盘
1003,11:20:37,28.53,-0.01,5,14265,卖盘
1004,11:20:43,28.54,0.01,3,8562,买盘
1005,11:20:45,28.54,0.0,20,57080,买盘
1006,11:20:52,28.55,0.01,4,11417,买盘
1007,11:21:01,28.55,0.0,1,2855,买盘
1008,11:21:07,28.53,-0.02,20,57075,卖盘
1009,11:21:25,28.54,0.01,10,28540,卖盘
1010,11:21:54,28.52,-0.02,64,182528,卖盘
1011,11:22:00,28.54,0.02,12,34232,买盘
1012,11:22:04,28.54,0.0,2,5708,买盘
1013,11:22:28,28.53,-0.01,1,2853,买盘
1014,11:22:37,28.53,0.0,1,2853,买盘
1015,11:22:45,28.53,0.0,1,2853,买盘
1016,11:22:52,28.53,0.0,1,2853,买盘
1017,11:23:01,28.53,0.0,1,2853,买盘
1018,11:23:04,28.53,0.0,2,5706,买盘
1019,11:23:13,28.53,0.0,6,17118,买盘
1020,11:23:16,28.53,0.0,1,2853,买盘
1021,11:23:27,28.52,-0.01,4,11408,中性盘
1022,11:23:37,28.52,0.0,4,11408,卖盘
1023,11:23:58,28.52,0.0,3,8556,买盘
1024,11:24:13,28.52,0.0,1,2852,买盘
1025,11:24:19,28.52,0.0,2,5704,买盘
1026,11:24:22,28.52,0.0,10,28520,买盘
1027,11:24:25,28.52,0.0,3,8556,买盘
1028,11:24:36,28.53,0.01,1,2853,买盘
1029,11:24:40,28.53,0.0,2,5706,买盘
1030,11:24:58,28.54,0.01,1,2854,买盘
1031,11:25:15,28.54,0.0,1,2854,买盘
1032,11:25:19,28.54,0.0,2,5708,买盘
1033,11:25:30,28.54,0.0,1,2854,买盘
1034,11:25:42,28.53,-0.01,32,91298,卖盘
1035,11:25:51,28.53,0.0,1,2853,卖盘
1036,11:26:01,28.54,0.01,1,2854,买盘
1037,11:26:16,28.54,0.0,31,88444,买盘
1038,11:26:37,28.54,0.0,1,2854,买盘
1039,11:26:40,28.53,-0.01,20,57060,卖盘
1040,11:26:43,28.54,0.01,3,8562,买盘
1041,11:26:46,28.53,-0.01,10,28530,卖盘
1042,11:26:58,28.53,0.0,14,39952,卖盘
1043,11:27:01,28.53,0.0,4,11412,卖盘
1044,11:27:04,28.53,0.0,4,11412,卖盘
1045,11:27:34,28.53,0.0,10,28530,卖盘
1046,11:27:36,28.52,-0.01,4,11408,卖盘
1047,11:27:39,28.52,0.0,4,11408,卖盘
1048,11:27:43,28.51,-0.01,8,22812,卖盘
1049,11:27:46,28.51,0.0,3,8553,卖盘
1050,11:27:49,28.48,-0.03,7,19952,卖盘
1051,11:28:36,28.48,0.0,2,5696,买盘
1052,11:28:54,28.48,0.0,2,5696,买盘
1053,11:29:10,28.48,0.0,1,2848,买盘
1054,11:29:13,28.45,-0.03,20,56900,卖盘
1055,11:29:25,28.45,0.0,3,8535,买盘
1056,13:00:05,28.45,0.0,15,42638,买盘
1057,13:00:07,28.45,0.0,8,22760,买盘
1058,13:00:10,28.45,0.0,6,17070,买盘
1059,13:00:13,28.45,0.0,3,8535,买盘
1060,13:00:16,28.45,0.0,1,2845,买盘
1061,13:00:24,28.45,0.0,1,2845,卖盘
1062,13:00:27,28.5,0.05,3,8545,买盘
1063,13:00:33,28.52,0.02,10,28520,买盘
1064,13:00:42,28.53,0.01,2,5705,买盘
1065,13:00:48,28.52,-0.01,1,2852,卖盘
1066,13:00:51,28.5,-0.02,30,85524,卖盘
1067,13:00:57,28.45,-0.05,4,11395,卖盘
1068,13:01:09,28.45,0.0,1,2845,卖盘
1069,13:01:18,28.45,0.0,1,2845,卖盘
1070,13:01:27,28.45,0.0,1,2845,卖盘
1071,13:01:36,28.45,0.0,1,2845,卖盘
1072,13:01:51,28.5,0.05,8,22799,买盘
1073,13:01:57,28.49,-0.01,1,2849,买盘
1074,13:02:27,28.5,0.01,2,5700,买盘
1075,13:02:54,28.5,0.0,3,8550,买盘
1076,13:02:57,28.49,-0.01,44,125356,卖盘
1077,13:03:57,28.5,0.01,3,8550,买盘
1078,13:04:00,28.49,-0.01,5,14245,卖盘
1079,13:04:04,28.49,0.0,3,8547,卖盘
1080,13:04:18,28.49,0.0,35,99715,卖盘
1081,13:04:21,28.49,0.0,1,2849,卖盘
1082,13:05:12,28.45,-0.04,1,2845,卖盘
1083,13:05:34,28.46,0.01,3,8538,卖盘
1084,13:05:37,28.45,-0.01,19,54061,卖盘
1085,13:05:40,28.45,0.0,9,25605,卖盘
1086,13:05:43,28.42,-0.03,1,2842,卖盘
1087,13:05:45,28.42,0.0,1,2842,买盘
1088,13:05:48,28.45,0.03,2,5687,买盘
1089,13:05:51,28.45,0.0,4,11380,买盘
1090,13:05:54,28.46,0.01,15,42678,买盘
1091,13:05:57,28.46,0.0,2,5692,买盘
1092,13:06:39,28.49,0.03,12,34188,买盘
1093,13:06:57,28.49,0.0,3,8547,买盘
1094,13:07:09,28.48,-0.01,4,11392,卖盘
1095,13:07:12,28.49,0.01,1,2849,买盘
1096,13:07:16,28.48,-0.01,10,28480,卖盘
1097,13:07:19,28.47,-0.01,15,42706,卖盘
1098,13:07:22,28.46,-0.01,1,2846,卖盘
1099,13:07:42,28.44,-0.02,3,8532,卖盘
1100,13:07:54,28.46,0.02,1,2846,买盘
1101,13:07:57,28.46,0.0,1,2846,买盘
1102,13:08:30,28.48,0.02,4,11392,买盘
1103,13:08:33,28.46,-0.02,9,25616,卖盘
1104,13:08:45,28.49,0.03,2,5698,买盘
1105,13:08:51,28.5,0.01,10,28500,买盘
1106,13:08:54,28.5,0.0,1,2850,买盘
1107,13:09:01,28.52,0.02,20,57040,买盘
1108,13:09:33,28.52,0.0,12,34224,买盘
1109,13:09:36,28.52,0.0,1,2852,买盘
1110,13:09:39,28.53,0.01,6,17118,买盘
1111,13:09:54,28.53,0.0,4,11412,买盘
1112,13:09:57,28.53,0.0,8,22824,买盘
1113,13:10:25,28.53,0.0,11,31383,买盘
1114,13:10:27,28.52,-0.01,5,14260,卖盘
1115,13:10:57,28.5,-0.02,30,85543,卖盘
1116,13:11:00,28.49,-0.01,2,5698,卖盘
1117,13:11:37,28.49,0.0,3,8547,卖盘
1118,13:11:39,28.5,0.01,20,57000,买盘
1119,13:11:45,28.5,0.0,8,22800,买盘
1120,13:11:57,28.5,0.0,3,8550,买盘
1121,13:12:21,28.5,0.0,1,2850,买盘
1122,13:12:25,28.5,0.0,4,11400,买盘
1123,13:12:36,28.5,0.0,2,5700,买盘
1124,13:12:57,28.52,0.02,3,8556,买盘
1125,13:13:19,28.52,0.0,2,5704,买盘
1126,13:13:22,28.53,0.01,8,22824,买盘
1127,13:13:25,28.53,0.0,4,11412,买盘
1128,13:13:36,28.49,-0.04,68,193804,卖盘
1129,13:13:52,28.49,0.0,1,2849,买盘
1130,13:13:58,28.49,0.0,2,5698,买盘
1131,13:14:12,28.47,-0.02,1,2847,卖盘
1132,13:14:16,28.47,0.0,1,2847,卖盘
1133,13:14:18,28.47,0.0,17,48415,卖盘
1134,13:14:33,28.48,0.01,2,5696,买盘
1135,13:14:48,28.48,0.0,9,25632,卖盘
1136,13:14:51,28.49,0.01,4,11396,买盘
1137,13:14:54,28.49,0.0,9,25641,买盘
1138,13:14:57,28.49,0.0,3,8547,买盘
1139,13:15:01,28.49,0.0,1,2849,买盘
1140,13:15:04,28.49,0.0,4,11396,买盘
1141,13:15:06,28.48,-0.01,25,71200,卖盘
1142,13:15:09,28.49,0.01,3,8547,买盘
1143,13:15:15,28.48,-0.01,35,99680,卖盘
1144,13:15:24,28.49,0.01,12,34188,买盘
1145,13:15:39,28.49,0.0,1,2849,卖盘
1146,13:15:46,28.49,0.0,2,5698,卖盘
1147,13:16:49,28.52,0.03,1,2852,买盘
1148,13:16:52,28.52,0.0,11,31372,买盘
1149,13:16:58,28.52,0.0,3,8556,买盘
1150,13:17:16,28.52,0.0,1,2852,买盘
1151,13:17:19,28.53,0.01,37,105527,买盘
1152,13:17:24,28.51,-0.02,3,8555,卖盘
1153,13:17:36,28.53,0.02,39,113635,买盘
1154,13:17:46,28.53,0.0,2,5706,卖盘
1155,13:17:48,28.53,0.0,5,14265,卖盘
1156,13:17:57,28.54,0.01,3,8562,买盘
1157,13:18:09,28.53,-0.01,31,88443,卖盘
1158,13:18:45,28.53,0.0,2,5706,买盘
1159,13:18:55,28.53,0.0,8,22824,买盘
1160,13:19:13,28.53,0.0,2,5706,买盘
1161,13:19:24,28.54,0.01,1,2854,买盘
1162,13:19:46,28.54,0.0,9,25686,买盘
1163,13:19:48,28.55,0.01,39,111313,买盘
1164,13:19:51,28.56,0.01,7,19988,买盘
1165,13:19:54,28.55,-0.01,28,79948,卖盘
1166,13:19:58,28.56,0.01,4,11424,买盘
1167,13:20:01,28.56,0.0,1,2856,买盘
1168,13:20:13,28.55,-0.01,39,111361,卖盘
1169,13:20:22,28.57,0.02,4,11428,买盘
1170,13:20:34,28.56,-0.01,20,57120,卖盘
1171,13:20:40,28.56,0.0,10,28560,买盘
1172,13:20:49,28.57,0.01,14,39998,买盘
1173,13:20:51,28.56,-0.01,1,2856,中性盘
1174,13:20:58,28.56,0.0,2,5712,买盘
1175,13:21:37,28.56,0.0,25,71400,买盘
1176,13:21:40,28.56,0.0,1,2856,买盘
1177,13:21:45,28.56,0.0,1,2856,买盘
1178,13:21:55,28.56,0.0,3,8568,买盘
1179,13:21:58,28.56,0.0,1,2856,买盘
1180,13:22:00,28.56,0.0,1,2856,买盘
1181,13:22:04,28.56,0.0,33,94218,买盘
1182,13:22:21,28.56,0.0,20,57120,卖盘
1183,13:22:24,28.56,0.0,2,5712,卖盘
1184,13:22:43,28.56,0.0,11,31416,卖盘
1185,13:22:49,28.54,-0.02,28,79930,卖盘
1186,13:23:01,28.5,-0.04,64,182425,卖盘
1187,13:23:37,28.51,0.01,1,2851,卖盘
1188,13:23:58,28.54,0.03,3,8562,买盘
1189,13:24:00,28.54,0.0,1,2854,买盘
1190,13:24:25,28.54,0.0,11,31392,买盘
1191,13:24:42,28.54,0.0,1,2854,买盘
1192,13:24:45,28.56,0.02,7,19989,买盘
1193,13:24:52,28.55,-0.01,1,2855,中性盘
1194,13:24:55,28.56,0.01,13,37128,买盘
1195,13:24:58,28.57,0.01,31,88536,买盘
1196,13:25:04,28.58,0.01,4,11432,买盘
1197,13:25:12,28.58,0.0,2,5716,买盘
1198,13:25:21,28.58,0.0,4,11432,买盘
1199,13:25:36,28.58,0.0,1,2858,买盘
1200,13:25:48,28.58,0.0,6,17148,买盘
1201,13:25:51,28.57,-0.01,3,8571,卖盘
1202,13:25:54,28.58,0.01,4,11432,买盘
1203,13:25:57,28.58,0.0,13,37154,买盘
1204,13:26:01,28.59,0.01,4,11436,买盘
1205,13:26:09,28.59,0.0,1,2859,买盘
1206,13:26:12,28.59,0.0,3,8577,买盘
1207,13:26:19,28.58,-0.01,5,14290,卖盘
1208,13:26:27,28.58,0.0,30,85740,卖盘
1209,13:26:31,28.59,0.01,1,2859,买盘
1210,13:26:49,28.59,0.0,2,5718,买盘
1211,13:26:51,28.59,0.0,1,2859,买盘
1212,13:26:54,28.59,0.0,1,2859,买盘
1213,13:27:01,28.59,0.0,9,25731,买盘
1214,13:27:04,28.6,0.01,69,197340,买盘
1215,13:27:07,28.6,0.0,8,22880,买盘
1216,13:27:10,28.6,0.0,18,51480,买盘
1217,13:27:13,28.62,0.02,2,5724,买盘
1218,13:27:16,28.64,0.02,3,8592,买盘
1219,13:27:22,28.65,0.01,8,22920,买盘
1220,13:27:24,28.66,0.01,3,8596,买盘
1221,13:27:27,28.68,0.02,7,20072,买盘
1222,13:27:31,28.68,0.0,14,40152,买盘
1223,13:27:33,28.72,0.04,1,2872,买盘
1224,13:27:36,28.72,0.0,10,28725,卖盘
1225,13:27:39,28.72,0.0,17,48830,卖盘
1226,13:27:46,28.66,-0.06,10,28715,卖盘
1227,13:27:55,28.74,0.08,1,2874,买盘
1228,13:27:58,28.73,-0.01,7,20117,卖盘
1229,13:28:00,28.75,0.02,8,22998,买盘
1230,13:28:06,28.73,-0.02,7,20111,卖盘
1231,13:28:09,28.73,0.0,5,14365,买盘
1232,13:28:19,28.66,-0.07,1,2866,卖盘
1233,13:28:30,28.66,0.0,3,8598,卖盘
1234,13:28:33,28.66,0.0,10,28660,卖盘
1235,13:28:39,28.66,0.0,3,8598,卖盘
1236,13:29:00,28.66,0.0,12,34392,卖盘
1237,13:29:09,28.66,0.0,4,11464,买盘
1238,13:29:30,28.65,-0.01,7,20055,卖盘
1239,13:29:45,28.65,0.0,1,2865,买盘
1240,13:29:48,28.65,0.0,4,11460,买盘
1241,13:29:57,28.66,0.01,10,28660,买盘
1242,13:30:00,28.65,-0.01,40,114629,卖盘
1243,13:30:10,28.7,0.05,5,14350,买盘
1244,13:30:13,28.7,0.0,7,20090,买盘
1245,13:30:19,28.65,-0.05,74,212069,卖盘
1246,13:30:22,28.65,0.0,2,5730,买盘
1247,13:30:39,28.69,0.04,1,2869,买盘
1248,13:30:48,28.69,0.0,7,20089,卖盘
1249,13:30:55,28.69,0.0,12,34428,卖盘
1250,13:30:58,28.7,0.01,1,2870,买盘
1251,13:31:01,28.7,0.0,3,8608,买盘
1252,13:31:15,28.69,-0.01,32,91758,买盘
1253,13:31:22,28.69,0.0,4,11476,买盘
1254,13:31:42,28.69,0.0,7,20083,卖盘
1255,13:31:45,28.68,-0.01,1,2868,卖盘
1256,13:31:48,28.68,0.0,1,2868,卖盘
1257,13:31:51,28.68,0.0,5,14340,卖盘
1258,13:31:55,28.68,0.0,6,17208,卖盘
1259,13:31:58,28.67,-0.01,1,2867,卖盘
1260,13:32:00,28.67,0.0,70,200690,卖盘
1261,13:32:04,28.65,-0.02,2,5730,卖盘
1262,13:32:06,28.65,0.0,3,8595,卖盘
1263,13:32:09,28.65,0.0,12,34396,卖盘
1264,13:32:13,28.65,0.0,4,11460,卖盘
1265,13:32:16,28.65,0.0,1,2865,卖盘
1266,13:32:19,28.65,0.0,2,5730,卖盘
1267,13:32:22,28.6,-0.05,14,40076,卖盘
1268,13:32:42,28.58,-0.02,1,2858,卖盘
1269,13:32:45,28.58,0.0,3,8574,卖盘
1270,13:33:07,28.58,0.0,1,2858,卖盘
1271,13:33:09,28.55,-0.03,69,197085,卖盘
1272,13:33:24,28.55,0.0,8,22840,买盘
1273,13:33:28,28.55,0.0,11,31405,买盘
1274,13:33:31,28.55,0.0,1,2855,买盘
1275,13:33:34,28.55,0.0,1,2855,买盘
1276,13:33:57,28.55,0.0,1,2855,买盘
1277,13:34:01,28.55,0.0,1,2855,买盘
1278,13:34:04,28.55,0.0,1,2855,买盘
1279,13:34:06,28.55,0.0,7,19985,买盘
1280,13:34:13,28.55,0.0,7,19986,卖盘
1281,13:34:39,28.57,0.02,2,5714,买盘
1282,13:34:51,28.58,0.01,4,11432,买盘
1283,13:34:58,28.65,0.07,3,8595,买盘
1284,13:35:04,28.65,0.0,1,2865,买盘
1285,13:35:18,28.65,0.0,5,14323,买盘
1286,13:35:21,28.65,0.0,15,42975,卖盘
1287,13:35:34,28.65,0.0,6,17190,买盘
1288,13:35:37,28.65,0.0,2,5730,买盘
1289,13:35:39,28.65,0.0,7,20055,买盘
1290,13:35:57,28.65,0.0,3,8595,买盘
1291,13:36:22,28.64,-0.01,3,8592,买盘
1292,13:36:24,28.64,0.0,5,14320,买盘
1293,13:36:31,28.64,0.0,6,17184,买盘
1294,13:36:36,28.63,-0.01,50,143171,卖盘
1295,13:36:39,28.65,0.02,1,2865,买盘
1296,13:36:49,28.64,-0.01,3,8592,中性盘
1297,13:36:58,28.65,0.01,7,20050,买盘
1298,13:37:15,28.64,-0.01,1,2864,买盘
1299,13:37:37,28.64,0.0,12,34368,卖盘
1300,13:37:39,28.64,0.0,13,37235,卖盘
1301,13:37:42,28.64,0.0,8,22912,卖盘
1302,13:37:45,28.65,0.01,31,88804,买盘
1303,13:37:49,28.66,0.01,2,5732,买盘
1304,13:37:54,28.67,0.01,5,14335,买盘
1305,13:37:58,28.67,0.0,3,8601,买盘
1306,13:38:12,28.66,-0.01,1,2866,卖盘
1307,13:38:19,28.66,0.0,34,97444,卖盘
1308,13:38:22,28.65,-0.01,1,2865,卖盘
1309,13:38:25,28.66,0.01,4,11463,买盘
1310,13:38:27,28.65,-0.01,1,2865,卖盘
1311,13:38:30,28.65,0.0,1,2865,卖盘
1312,13:38:33,28.65,0.0,1,2865,卖盘
1313,13:38:36,28.65,0.0,1,2865,卖盘
1314,13:38:39,28.65,0.0,2,5730,卖盘
1315,13:38:42,28.65,0.0,1,2865,卖盘
1316,13:38:46,28.65,0.0,1,2865,卖盘
1317,13:38:49,28.66,0.01,11,31525,买盘
1318,13:39:01,28.65,-0.01,8,22920,卖盘
1319,13:39:04,28.65,0.0,1,2865,卖盘
1320,13:39:07,28.65,0.0,1,2865,卖盘
1321,13:39:16,28.65,0.0,31,88815,卖盘
1322,13:39:30,28.65,0.0,5,14325,买盘
1323,13:40:07,28.65,0.0,1,2865,买盘
1324,13:40:21,28.65,0.0,1,2865,买盘
1325,13:40:45,28.65,0.0,8,22920,买盘
1326,13:40:48,28.61,-0.04,61,174521,卖盘
1327,13:40:58,28.64,0.03,3,8592,买盘
1328,13:41:01,28.65,0.01,3,8595,买盘
1329,13:41:04,28.64,-0.01,6,17184,卖盘
1330,13:41:16,28.65,0.01,12,34380,买盘
1331,13:41:22,28.65,0.0,6,17190,卖盘
1332,13:41:34,28.66,0.01,3,8598,买盘
1333,13:41:46,28.66,0.0,16,45856,买盘
1334,13:41:49,28.66,0.0,8,22928,买盘
1335,13:41:51,28.67,0.01,25,71675,买盘
1336,13:41:54,28.67,0.0,5,14335,买盘
1337,13:41:57,28.67,0.0,6,17202,买盘
1338,13:42:01,28.68,0.01,3,8604,买盘
1339,13:42:04,28.68,0.0,1,2868,买盘
1340,13:42:09,28.68,0.0,1,2868,买盘
1341,13:42:12,28.67,-0.01,23,65941,卖盘
1342,13:42:22,28.68,0.01,1,2868,买盘
1343,13:42:36,28.68,0.0,3,8604,买盘
1344,13:42:39,28.68,0.0,1,2868,买盘
1345,13:42:43,28.68,0.0,14,40152,买盘
1346,13:42:49,28.68,0.0,6,17208,买盘
1347,13:42:52,28.68,0.0,23,65964,买盘
1348,13:42:55,28.69,0.01,4,11476,买盘
1349,13:42:57,28.69,0.0,1,2869,买盘
1350,13:43:12,28.69,0.0,1,2869,买盘
1351,13:43:31,28.69,0.0,7,20083,买盘
1352,13:43:52,28.69,0.0,11,31559,买盘
1353,13:43:55,28.69,0.0,3,8607,买盘
1354,13:43:57,28.69,0.0,3,8607,买盘
1355,13:44:00,28.68,-0.01,2,5736,卖盘
1356,13:44:13,28.69,0.01,2,5738,买盘
1357,13:44:25,28.69,0.0,2,5738,买盘
1358,13:44:30,28.68,-0.01,55,157740,卖盘
1359,13:44:43,28.67,-0.01,23,65941,卖盘
1360,13:44:46,28.68,0.01,7,20074,买盘
1361,13:44:51,28.68,0.0,10,28680,买盘
1362,13:45:15,28.68,0.0,2,5736,买盘
1363,13:45:19,28.68,0.0,1,2868,买盘
1364,13:45:39,28.68,0.0,5,14340,买盘
1365,13:45:52,28.69,0.01,10,28690,买盘
1366,13:45:55,28.68,-0.01,27,77436,卖盘
1367,13:45:57,28.69,0.01,3,8607,买盘
1368,13:46:04,28.68,-0.01,2,5736,卖盘
1369,13:46:07,28.68,0.0,18,51624,卖盘
1370,13:46:09,28.68,0.0,4,11472,卖盘
1371,13:46:25,28.68,0.0,4,11472,买盘
1372,13:46:34,28.67,-0.01,1,2867,卖盘
1373,13:46:48,28.67,0.0,2,5734,卖盘
1374,13:46:52,28.68,0.01,10,28680,买盘
1375,13:46:54,28.68,0.0,1,2868,买盘
1376,13:46:58,28.67,-0.01,10,28670,卖盘
1377,13:47:04,28.67,0.0,21,60207,卖盘
1378,13:47:18,28.67,0.0,18,51606,卖盘
1379,13:47:27,28.67,0.0,14,40138,卖盘
1380,13:47:30,28.67,0.0,8,22936,卖盘
1381,13:47:33,28.65,-0.02,13,37251,卖盘
1382,13:47:46,28.66,0.01,5,14330,卖盘
1383,13:47:52,28.66,0.0,9,25794,买盘
1384,13:47:57,28.65,-0.01,32,91697,卖盘
1385,13:48:28,28.65,0.0,1,2865,买盘
1386,13:48:51,28.65,0.0,7,20055,买盘
1387,13:48:58,28.68,0.03,1,2868,买盘
1388,13:49:06,28.66,-0.02,3,8598,卖盘
1389,13:49:33,28.66,0.0,2,5732,卖盘
1390,13:49:36,28.68,0.02,7,20076,买盘
1391,13:49:49,28.68,0.0,6,17208,买盘
1392,13:49:52,28.68,0.0,11,31548,买盘
1393,13:50:18,28.68,0.0,10,28680,买盘
1394,13:50:24,28.69,0.01,6,17214,买盘
1395,13:50:28,28.69,0.0,7,20083,买盘
1396,13:50:57,28.69,0.0,3,8607,买盘
1397,13:51:22,28.68,-0.01,6,17210,卖盘
1398,13:51:25,28.69,0.01,3,8607,买盘
1399,13:51:27,28.7,0.01,7,20090,买盘
1400,13:51:45,28.7,0.0,10,28700,买盘
1401,13:51:48,28.7,0.0,5,14350,买盘
1402,13:51:52,28.71,0.01,30,86120,买盘
1403,13:51:58,28.71,0.0,11,31573,买盘
1404,13:52:10,28.7,-0.01,5,14354,卖盘
1405,13:52:16,28.69,-0.01,76,218078,卖盘
1406,13:52:28,28.71,0.02,6,17226,卖盘
1407,13:52:31,28.72,0.01,7,20104,买盘
1408,13:52:34,28.7,-0.02,16,45923,卖盘
1409,13:52:37,28.67,-0.03,16,45882,卖盘
1410,13:52:39,28.61,-0.06,22,62969,卖盘
1411,13:52:43,28.58,-0.03,1,2858,卖盘
1412,13:53:01,28.5,-0.08,75,214081,卖盘
1413,13:53:04,28.5,0.0,25,71250,买盘
1414,13:53:49,28.65,0.15,1,2865,买盘
1415,13:53:55,28.64,-0.01,24,68736,卖盘
1416,13:54:00,28.61,-0.03,3,8583,卖盘
1417,13:54:13,28.61,0.0,19,54359,卖盘
1418,13:54:16,28.6,-0.01,4,11440,卖盘
1419,13:54:25,28.51,-0.09,37,105624,卖盘
1420,13:54:27,28.51,0.0,2,5702,买盘
1421,13:54:49,28.57,0.06,3,8571,中性盘
1422,13:55:13,28.59,0.02,3,8577,买盘
1423,13:55:19,28.59,0.0,1,2859,买盘
1424,13:55:34,28.59,0.0,11,31446,买盘
1425,13:55:46,28.59,0.0,1,2859,买盘
1426,13:55:52,28.57,-0.02,36,102885,卖盘
1427,13:56:01,28.57,0.0,18,51426,卖盘
1428,13:56:24,28.56,-0.01,1,2856,卖盘
1429,13:56:33,28.57,0.01,1,2857,买盘
1430,13:56:52,28.57,0.0,10,28570,买盘
1431,13:56:55,28.57,0.0,3,8571,买盘
1432,13:56:58,28.57,0.0,3,8571,买盘
1433,13:57:09,28.56,-0.01,61,174251,卖盘
1434,13:57:13,28.56,0.0,1,2856,买盘
1435,13:57:19,28.54,-0.02,2,5709,卖盘
1436,13:57:31,28.55,0.01,1,2855,卖盘
1437,13:57:33,28.6,0.05,2,5720,买盘
1438,13:57:43,28.54,-0.06,38,108526,卖盘
1439,13:58:01,28.54,0.0,17,48518,买盘
1440,13:58:04,28.55,0.01,5,14275,买盘
1441,13:58:06,28.56,0.01,3,8568,买盘
1442,13:58:12,28.53,-0.03,11,31387,卖盘
1443,13:58:19,28.56,0.03,5,14280,买盘
1444,13:58:54,28.61,0.05,10,28610,买盘
1445,13:58:58,28.61,0.0,2,5722,买盘
1446,13:59:15,28.61,0.0,23,65803,卖盘
1447,13:59:28,28.6,-0.01,1,2860,卖盘
1448,13:59:37,28.6,0.0,1,2860,买盘
1449,13:59:46,28.59,-0.01,1,2859,卖盘
1450,13:59:52,28.59,0.0,4,11436,卖盘
1451,14:00:10,28.59,0.0,12,34308,卖盘
1452,14:00:16,28.59,0.0,2,5718,卖盘
1453,14:00:25,28.59,0.0,16,45744,卖盘
1454,14:00:46,28.59,0.0,16,45744,买盘
1455,14:00:48,28.58,-0.01,1,2858,中性盘
1456,14:00:55,28.58,0.0,2,5716,买盘
1457,14:01:04,28.58,0.0,5,14290,卖盘
1458,14:01:25,28.58,0.0,3,8574,卖盘
1459,14:01:30,28.58,0.0,2,5716,卖盘
1460,14:01:34,28.58,0.0,5,14290,卖盘
1461,14:01:48,28.58,0.0,9,25722,卖盘
1462,14:01:51,28.57,-0.01,2,5714,卖盘
1463,14:02:07,28.57,0.0,13,37141,卖盘
1464,14:02:28,28.56,-0.01,6,17136,卖盘
1465,14:02:45,28.53,-0.03,11,31383,卖盘
1466,14:02:55,28.56,0.03,3,8568,买盘
1467,14:02:58,28.56,0.0,1,2856,买盘
1468,14:03:36,28.56,0.0,4,11424,买盘
1469,14:03:39,28.55,-0.01,4,11420,卖盘
1470,14:03:52,28.55,0.0,19,54245,卖盘
1471,14:03:55,28.55,0.0,1,2855,买盘
1472,14:03:58,28.55,0.0,3,8565,买盘
1473,14:04:16,28.55,0.0,4,11420,买盘
1474,14:04:18,28.55,0.0,2,5710,买盘
1475,14:04:40,28.55,0.0,1,2855,卖盘
1476,14:04:43,28.57,0.02,2,5714,买盘
1477,14:04:52,28.55,-0.02,2,5710,卖盘
1478,14:04:57,28.55,0.0,3,8565,买盘
1479,14:05:01,28.55,0.0,7,19985,买盘
1480,14:05:10,28.55,0.0,60,171300,买盘
1481,14:05:13,28.55,0.0,12,34260,买盘
1482,14:05:16,28.54,-0.01,14,39964,卖盘
1483,14:05:22,28.55,0.01,8,22840,买盘
1484,14:05:30,28.57,0.02,8,22856,买盘
1485,14:05:33,28.55,-0.02,60,171312,卖盘
1486,14:05:37,28.55,0.0,2,5710,买盘
1487,14:05:39,28.55,0.0,4,11420,买盘
1488,14:05:42,28.55,0.0,2,5710,买盘
1489,14:05:48,28.55,0.0,7,19985,买盘
1490,14:05:58,28.55,0.0,3,8565,买盘
1491,14:06:01,28.55,0.0,2,5710,买盘
1492,14:06:13,28.55,0.0,1,2855,买盘
1493,14:06:16,28.54,-0.01,4,11416,卖盘
1494,14:06:40,28.55,0.01,40,114200,买盘
1495,14:06:43,28.55,0.0,4,11420,买盘
1496,14:06:45,28.55,0.0,10,28550,买盘
1497,14:06:52,28.55,0.0,24,68520,买盘
1498,14:06:55,28.55,0.0,2,5710,买盘
1499,14:06:58,28.58,0.03,11,31438,买盘
1500,14:07:01,28.54,-0.04,52,148491,卖盘
1501,14:07:04,28.59,0.05,2,5717,买盘
1502,14:07:15,28.58,-0.01,3,8574,卖盘
1503,14:07:28,28.59,0.01,1,2859,买盘
1504,14:07:31,28.59,0.0,1,2859,买盘
1505,14:07:42,28.58,-0.01,11,31438,卖盘
1506,14:07:46,28.58,0.0,1,2858,买盘
1507,14:07:55,28.58,0.0,1,2858,买盘
1508,14:08:01,28.56,-0.02,1,2856,卖盘
1509,14:08:04,28.58,0.02,1,2858,买盘
1510,14:08:06,28.56,-0.02,5,14288,卖盘
1511,14:08:09,28.58,0.02,1,2858,买盘
1512,14:08:13,28.56,-0.02,25,71428,卖盘
1513,14:08:19,28.54,-0.02,3,8562,卖盘
1514,14:08:39,28.54,0.0,1,2854,卖盘
1515,14:08:51,28.56,0.02,1,2856,买盘
1516,14:09:01,28.55,-0.01,1,2855,卖盘
1517,14:09:04,28.54,-0.01,12,34255,卖盘
1518,14:09:06,28.53,-0.01,4,11415,卖盘
1519,14:09:09,28.54,0.01,31,88474,买盘
1520,14:09:12,28.56,0.02,8,22845,买盘
1521,14:09:22,28.53,-0.03,2,5709,卖盘
1522,14:09:42,28.56,0.03,11,31416,买盘
1523,14:10:06,28.54,-0.02,10,28540,卖盘
1524,14:10:31,28.56,0.02,5,14280,买盘
1525,14:10:43,28.55,-0.01,23,65665,卖盘
1526,14:10:48,28.55,0.0,10,28550,买盘
1527,14:10:51,28.55,0.0,4,11420,买盘
1528,14:10:58,28.55,0.0,6,17130,买盘
1529,14:11:01,28.56,0.01,8,22847,买盘
1530,14:11:07,28.56,0.0,9,25704,买盘
1531,14:11:21,28.6,0.04,43,122965,买盘
1532,14:11:25,28.6,0.0,2,5720,买盘
1533,14:11:34,28.6,0.0,25,71500,买盘
1534,14:11:37,28.6,0.0,3,8580,买盘
1535,14:11:40,28.6,0.0,3,8580,买盘
1536,14:11:43,28.61,0.01,1,2861,买盘
1537,14:11:45,28.61,0.0,9,25749,买盘
1538,14:11:52,28.61,0.0,3,8583,买盘
1539,14:11:55,28.61,0.0,8,22888,买盘
1540,14:11:58,28.61,0.0,6,17166,买盘
1541,14:12:04,28.63,0.02,10,28630,买盘
1542,14:12:07,28.65,0.02,4,11460,买盘
1543,14:12:16,28.65,0.0,1,2865,买盘
1544,14:12:19,28.67,0.02,7,20065,买盘
1545,14:12:22,28.67,0.0,1,2867,买盘
1546,14:12:28,28.68,0.01,11,31548,买盘
1547,14:12:34,28.69,0.01,1,2869,买盘
1548,14:12:37,28.69,0.0,2,5738,卖盘
1549,14:12:40,28.69,0.0,5,14345,卖盘
1550,14:12:46,28.7,0.01,19,54520,买盘
1551,14:12:49,28.71,0.01,1,2871,买盘
1552,14:12:55,28.71,0.0,2,5742,卖盘
1553,14:12:57,28.71,0.0,3,8613,买盘
1554,14:13:04,28.7,-0.01,2,5741,卖盘
1555,14:13:10,28.7,0.0,5,14350,卖盘
1556,14:13:19,28.7,0.0,2,5740,卖盘
1557,14:13:22,28.7,0.0,9,25834,卖盘
1558,14:13:43,28.7,0.0,10,28700,卖盘
1559,14:13:45,28.7,0.0,13,37318,卖盘
1560,14:14:06,28.7,0.0,4,11480,卖盘
1561,14:14:10,28.68,-0.02,1,2868,卖盘
1562,14:14:13,28.68,0.0,1,2868,卖盘
1563,14:14:34,28.69,0.01,5,14345,买盘
1564,14:14:45,28.69,0.0,8,22952,买盘
1565,14:14:55,28.68,-0.01,13,37284,卖盘
1566,14:15:13,28.67,-0.01,10,28670,卖盘
1567,14:15:15,28.67,0.0,4,11468,卖盘
1568,14:15:27,28.67,0.0,2,5734,买盘
1569,14:15:37,28.68,0.01,2,5735,买盘
1570,14:15:46,28.68,0.0,9,25812,买盘
1571,14:15:52,28.68,0.0,1,2868,买盘
1572,14:15:55,28.65,-0.03,1,2865,卖盘
1573,14:16:13,28.65,0.0,27,77355,卖盘
1574,14:16:37,28.65,0.0,8,22920,买盘
1575,14:17:06,28.65,0.0,2,5730,买盘
1576,14:17:09,28.65,0.0,1,2865,买盘
1577,14:17:28,28.65,0.0,20,57300,买盘
1578,14:17:40,28.68,0.03,10,28674,买盘
1579,14:17:49,28.65,-0.03,11,31525,卖盘
1580,14:17:57,28.65,0.0,3,8595,买盘
1581,14:18:07,28.64,-0.01,17,48688,卖盘
1582,14:18:40,28.65,0.01,8,22918,买盘
1583,14:18:52,28.65,0.0,4,11460,买盘
1584,14:19:13,28.65,0.0,1,2865,买盘
1585,14:19:22,28.63,-0.02,30,85908,卖盘
1586,14:19:40,28.64,0.01,8,22913,中性盘
1587,14:20:04,28.64,0.0,9,25776,买盘
1588,14:20:10,28.64,0.0,1,2864,买盘
1589,14:20:16,28.64,0.0,2,5728,买盘
1590,14:20:19,28.64,0.0,1,2864,买盘
1591,14:20:22,28.65,0.01,1,2865,买盘
1592,14:20:27,28.65,0.0,11,31515,买盘
1593,14:20:37,28.65,0.0,9,25785,买盘
1594,14:20:40,28.63,-0.02,20,57262,卖盘
1595,14:20:48,28.63,0.0,3,8589,卖盘
1596,14:20:55,28.65,0.02,3,8593,买盘
1597,14:21:01,28.63,-0.02,15,42945,卖盘
1598,14:21:04,28.63,0.0,1,2863,买盘
1599,14:21:42,28.63,0.0,7,20041,买盘
1600,14:21:45,28.63,0.0,1,2863,买盘
1601,14:21:48,28.62,-0.01,1,2862,卖盘
1602,14:21:58,28.63,0.01,3,8589,买盘
1603,14:22:34,28.62,-0.01,19,54378,卖盘
1604,14:22:43,28.62,0.0,10,28620,买盘
1605,14:22:55,28.62,0.0,1,2862,买盘
1606,14:23:07,28.63,0.01,3,8589,买盘
1607,14:23:42,28.63,0.0,27,77281,买盘
1608,14:24:04,28.62,-0.01,10,28620,卖盘
1609,14:24:07,28.63,0.01,2,5726,买盘
1610,14:24:40,28.63,0.0,9,25767,买盘
1611,14:24:45,28.63,0.0,6,17178,买盘
1612,14:24:51,28.62,-0.01,10,28620,卖盘
1613,14:25:04,28.63,0.01,1,2863,买盘
1614,14:25:09,28.62,-0.01,4,11448,卖盘
1615,14:25:18,28.62,0.0,3,8586,卖盘
1616,14:25:46,28.65,0.03,9,25773,买盘
1617,14:25:55,28.65,0.0,2,5730,买盘
1618,14:26:06,28.65,0.0,2,5730,买盘
1619,14:26:16,28.65,0.0,14,40110,买盘
1620,14:26:25,28.63,-0.02,20,57268,卖盘
1621,14:26:31,28.65,0.02,5,14325,卖盘
1622,14:26:40,28.68,0.03,10,28680,买盘
1623,14:26:42,28.65,-0.03,2,5731,卖盘
1624,14:26:48,28.65,0.0,3,8595,卖盘
1625,14:27:01,28.65,0.0,1,2865,买盘
1626,14:27:04,28.64,-0.01,1,2864,卖盘
1627,14:27:09,28.65,0.01,2,5730,买盘
1628,14:27:18,28.65,0.0,10,28650,买盘
1629,14:27:31,28.64,-0.01,13,37232,卖盘
1630,14:27:39,28.65,0.01,10,28650,买盘
1631,14:27:58,28.65,0.0,1,2865,卖盘
1632,14:28:16,28.68,0.03,2,5736,买盘
1633,14:28:30,28.68,0.0,2,5736,卖盘
1634,14:28:37,28.69,0.01,8,22952,买盘
1635,14:28:39,28.69,0.0,1,2869,买盘
1636,14:28:42,28.68,-0.01,13,37284,卖盘
1637,14:28:55,28.68,0.0,3,8604,买盘
1638,14:28:58,28.68,0.0,1,2868,买盘
1639,14:29:10,28.68,0.0,7,20076,买盘
1640,14:29:19,28.67,-0.01,6,17202,卖盘
1641,14:29:22,28.68,0.01,8,22944,买盘
1642,14:29:34,28.67,-0.01,2,5734,卖盘
1643,14:29:37,28.67,0.0,20,57360,卖盘
1644,14:29:52,28.67,0.0,7,20069,卖盘
1645,14:30:01,28.67,0.0,3,8601,买盘
1646,14:30:04,28.68,0.01,2,5736,买盘
1647,14:30:15,28.68,0.0,13,37284,买盘
1648,14:30:18,28.68,0.0,11,31556,卖盘
1649,14:30:40,28.7,0.02,8,22955,买盘
1650,14:30:42,28.68,-0.02,14,40152,卖盘
1651,14:30:46,28.68,0.0,6,17208,买盘
1652,14:30:58,28.69,0.01,1,2869,买盘
1653,14:31:16,28.7,0.01,6,17220,买盘
1654,14:31:19,28.7,0.0,7,20090,买盘
1655,14:31:31,28.7,0.0,12,34440,买盘
1656,14:31:37,28.7,0.0,9,25830,买盘
1657,14:31:40,28.7,0.0,13,37310,买盘
1658,14:31:43,28.7,0.0,1,2870,买盘
1659,14:31:51,28.7,0.0,1,2870,买盘
1660,14:31:54,28.7,0.0,24,68880,买盘
1661,14:31:58,28.7,0.0,5,14350,买盘
1662,14:32:00,28.7,0.0,8,22960,买盘
1663,14:32:07,28.7,0.0,18,51660,卖盘
1664,14:32:16,28.7,0.0,6,17220,买盘
1665,14:32:19,28.69,-0.01,12,34428,卖盘
1666,14:32:22,28.69,0.0,9,25821,卖盘
1667,14:32:31,28.69,0.0,1,2869,买盘
1668,14:32:42,28.7,0.01,20,57385,买盘
1669,14:33:06,28.69,-0.01,8,22957,卖盘
1670,14:33:19,28.7,0.01,7,20090,买盘
1671,14:33:25,28.7,0.0,1,2870,买盘
1672,14:33:33,28.69,-0.01,1,2869,卖盘
1673,14:33:39,28.7,0.01,7,20090,买盘
1674,14:33:55,28.69,-0.01,3,8607,卖盘
1675,14:33:58,28.7,0.01,2,5740,买盘
1676,14:34:16,28.7,0.0,6,17220,买盘
1677,14:34:31,28.69,-0.01,63,180747,卖盘
1678,14:34:40,28.69,0.0,11,31559,买盘
1679,14:34:45,28.7,0.01,11,31570,买盘
1680,14:34:52,28.7,0.0,3,8610,买盘
1681,14:34:55,28.7,0.0,2,5740,买盘
1682,14:34:58,28.7,0.0,5,14350,卖盘
1683,14:35:24,28.7,0.0,2,5740,买盘
1684,14:35:33,28.7,0.0,2,5740,买盘
1685,14:35:40,28.71,0.01,7,20091,买盘
1686,14:35:43,28.69,-0.02,3,8607,卖盘
1687,14:35:49,28.69,0.0,14,40166,卖盘
1688,14:35:58,28.68,-0.01,1,2868,卖盘
1689,14:36:01,28.69,0.01,2,5738,买盘
1690,14:36:06,28.69,0.0,7,20077,买盘
1691,14:36:16,28.69,0.0,3,8607,买盘
1692,14:36:25,28.69,0.0,1,2869,买盘
1693,14:36:39,28.69,0.0,2,5738,买盘
1694,14:36:46,28.69,0.0,22,63118,买盘
1695,14:36:49,28.7,0.01,8,22959,买盘
1696,14:36:51,28.7,0.0,10,28700,买盘
1697,14:36:55,28.71,0.01,39,111955,买盘
1698,14:37:01,28.7,-0.01,17,48805,卖盘
1699,14:37:04,28.72,0.02,21,60312,买盘
1700,14:37:07,28.7,-0.02,18,51661,卖盘
1701,14:37:13,28.72,0.02,6,17232,买盘
1702,14:37:19,28.75,0.03,30,86207,买盘
1703,14:37:22,28.75,0.0,38,109234,买盘
1704,14:37:24,28.75,0.0,27,77625,买盘
1705,14:37:27,28.76,0.01,14,40254,买盘
1706,14:37:31,28.78,0.02,12,34530,买盘
1707,14:37:34,28.78,0.0,1,2878,买盘
1708,14:37:37,28.8,0.02,31,89268,买盘
1709,14:37:40,28.79,-0.01,8,23034,卖盘
1710,14:37:45,28.85,0.06,2,5770,买盘
1711,14:37:52,28.83,-0.02,6,17282,买盘
1712,14:37:54,28.83,0.0,3,8649,买盘
1713,14:37:58,28.83,0.0,12,34596,买盘
1714,14:38:01,28.79,-0.04,12,34563,卖盘
1715,14:38:07,28.82,0.03,5,14410,卖盘
1716,14:38:10,28.82,0.0,5,14410,卖盘
1717,14:38:15,28.82,0.0,5,14410,卖盘
1718,14:38:54,28.8,-0.02,1,2880,买盘
1719,14:39:07,28.79,-0.01,10,28790,卖盘
1720,14:39:18,28.79,0.0,3,8637,买盘
1721,14:39:22,28.79,0.0,1,2879,买盘
1722,14:39:28,28.78,-0.01,9,25902,卖盘
1723,14:39:31,28.79,0.01,10,28790,买盘
1724,14:39:36,28.78,-0.01,2,5756,卖盘
1725,14:39:39,28.78,0.0,2,5756,卖盘
1726,14:39:42,28.78,0.0,10,28780,卖盘
1727,14:39:52,28.74,-0.04,14,40280,卖盘
1728,14:39:58,28.74,0.0,5,14372,卖盘
1729,14:40:01,28.78,0.04,4,11512,卖盘
1730,14:40:04,28.75,-0.03,12,34500,卖盘
1731,14:40:13,28.75,0.0,6,17250,卖盘
1732,14:40:19,28.78,0.03,11,31658,买盘
1733,14:40:28,28.75,-0.03,6,17250,卖盘
1734,14:40:34,28.74,-0.01,9,25874,卖盘
1735,14:40:46,28.73,-0.01,48,137996,卖盘
1736,14:40:52,28.8,0.07,1,2880,买盘
1737,14:41:01,28.76,-0.04,6,17256,卖盘
1738,14:41:13,28.76,0.0,2,5752,卖盘
1739,14:41:22,28.76,0.0,7,20143,卖盘
1740,14:41:54,28.8,0.04,4,11520,买盘
1741,14:42:01,28.77,-0.03,12,34533,卖盘
1742,14:42:04,28.77,0.0,3,8631,卖盘
1743,14:42:25,28.79,0.02,1,2879,买盘
1744,14:42:31,28.77,-0.02,28,80609,卖盘
1745,14:42:34,28.8,0.03,1,2880,买盘
1746,14:42:37,28.77,-0.03,23,66209,卖盘
1747,14:42:43,28.79,0.02,6,17274,卖盘
1748,14:42:51,28.81,0.02,7,20155,买盘
1749,14:43:07,28.79,-0.02,6,17274,卖盘
1750,14:43:10,28.75,-0.04,19,54684,卖盘
1751,14:43:13,28.8,0.05,11,31680,买盘
1752,14:43:16,28.79,-0.01,1,2879,卖盘
1753,14:43:19,28.8,0.01,5,14400,买盘
1754,14:43:21,28.74,-0.06,14,40245,卖盘
1755,14:43:36,28.75,0.01,8,23000,卖盘
1756,14:43:45,28.8,0.05,1,2880,买盘
1757,14:44:01,28.77,-0.03,8,23016,卖盘
1758,14:44:04,28.8,0.03,4,11520,买盘
1759,14:44:07,28.77,-0.03,6,17262,卖盘
1760,14:44:25,28.8,0.03,21,60460,买盘
1761,14:44:31,28.78,-0.02,27,77742,卖盘
1762,14:44:36,28.78,0.0,18,51826,卖盘
1763,14:44:40,28.8,0.02,11,31680,买盘
1764,14:44:42,28.8,0.0,3,8640,买盘
1765,14:44:46,28.8,0.0,7,20160,买盘
1766,14:44:51,28.8,0.0,1,2880,买盘
1767,14:44:54,28.8,0.0,4,11520,买盘
1768,14:45:01,28.76,-0.04,20,57563,卖盘
1769,14:45:04,28.78,0.02,10,28782,中性盘
1770,14:45:16,28.76,-0.02,27,77655,卖盘
1771,14:45:34,28.79,0.03,8,23032,买盘
1772,14:45:43,28.77,-0.02,3,8631,卖盘
1773,14:45:46,28.79,0.02,10,28790,买盘
1774,14:45:52,28.77,-0.02,8,23025,卖盘
1775,14:45:55,28.79,0.02,6,17274,买盘
1776,14:45:58,28.79,0.0,3,8637,买盘
1777,14:46:01,28.78,-0.01,22,63337,卖盘
1778,14:46:04,28.78,0.0,1,2878,买盘
1779,14:46:06,28.76,-0.02,22,63290,卖盘
1780,14:46:13,28.78,0.02,2,5756,买盘
1781,14:46:22,28.77,-0.01,1,2877,卖盘
1782,14:46:28,28.78,0.01,10,28780,买盘
1783,14:46:31,28.77,-0.01,7,20140,卖盘
1784,14:46:33,28.78,0.01,15,43170,买盘
1785,14:46:37,28.79,0.01,1,2879,买盘
1786,14:46:43,28.78,-0.01,8,23024,卖盘
1787,14:46:46,28.77,-0.01,11,31654,卖盘
1788,14:46:48,28.77,0.0,5,14389,卖盘
1789,14:46:51,28.79,0.02,1,2879,买盘
1790,14:46:58,28.78,-0.01,10,28780,卖盘
1791,14:47:01,28.78,0.0,9,25902,卖盘
1792,14:47:04,28.78,0.0,1,2878,卖盘
1793,14:47:07,28.78,0.0,9,25905,卖盘
1794,14:47:10,28.79,0.01,28,80612,买盘
1795,14:47:16,28.79,0.0,11,31669,卖盘
1796,14:47:21,28.78,-0.01,8,23024,卖盘
1797,14:47:31,28.79,0.01,1,2879,买盘
1798,14:47:34,28.8,0.01,5,14398,买盘
1799,14:47:37,28.8,0.0,2,5760,买盘
1800,14:47:42,28.8,0.0,2,5760,买盘
1801,14:47:55,28.8,0.0,1,2880,买盘
1802,14:47:58,28.8,0.0,3,8640,买盘
1803,14:48:07,28.8,0.0,90,259200,买盘
1804,14:48:10,28.79,-0.01,2,5758,卖盘
1805,14:48:16,28.8,0.01,6,17280,买盘
1806,14:48:19,28.79,-0.01,1,2879,卖盘
1807,14:48:25,28.8,0.01,8,23040,买盘
1808,14:48:34,28.8,0.0,29,83520,买盘
1809,14:48:36,28.8,0.0,29,83523,卖盘
1810,14:48:40,28.81,0.01,2,5762,买盘
1811,14:48:52,28.82,0.01,14,40330,买盘
1812,14:48:58,28.82,0.0,1,2882,买盘
1813,14:49:04,28.82,0.0,13,37466,买盘
1814,14:49:10,28.82,0.0,10,28820,卖盘
1815,14:49:13,28.79,-0.03,31,89267,卖盘
1816,14:49:22,28.79,0.0,5,14396,卖盘
1817,14:49:54,28.8,0.01,5,14400,卖盘
1818,14:50:01,28.8,0.0,3,8640,卖盘
1819,14:50:10,28.81,0.01,1,2881,买盘
1820,14:50:21,28.82,0.01,7,20174,买盘
1821,14:50:24,28.81,-0.01,32,92192,卖盘
1822,14:50:28,28.8,-0.01,5,14404,卖盘
1823,14:50:37,28.81,0.01,9,25929,买盘
1824,14:50:46,28.81,0.0,1,2881,买盘
1825,14:50:49,28.81,0.0,5,14405,买盘
1826,14:50:52,28.81,0.0,44,126722,买盘
1827,14:50:55,28.81,0.0,1,2881,买盘
1828,14:51:04,28.81,0.0,10,28810,买盘
1829,14:51:07,28.81,0.0,15,43189,买盘
1830,14:51:19,28.8,-0.01,1,2880,买盘
1831,14:51:21,28.79,-0.01,5,14395,卖盘
1832,14:51:31,28.79,0.0,2,5758,卖盘
1833,14:51:52,28.78,-0.01,10,28789,卖盘
1834,14:51:55,28.74,-0.04,25,71883,卖盘
1835,14:52:04,28.7,-0.04,6,17220,买盘
1836,14:52:09,28.7,0.0,6,17220,买盘
1837,14:52:12,28.7,0.0,1,2870,买盘
1838,14:52:19,28.7,0.0,8,22960,买盘
1839,14:52:28,28.7,0.0,2,5740,买盘
1840,14:52:31,28.69,-0.01,23,65991,卖盘
1841,14:52:40,28.68,-0.01,8,22944,卖盘
1842,14:53:10,28.69,0.01,1,2869,买盘
1843,14:53:16,28.63,-0.06,3,8589,卖盘
1844,14:53:18,28.69,0.06,3,8607,买盘
1845,14:53:25,28.69,0.0,10,28690,买盘
1846,14:53:34,28.69,0.0,18,51642,买盘
1847,14:53:40,28.69,0.0,29,83204,卖盘
1848,14:53:43,28.7,0.01,5,14350,买盘
1849,14:53:46,28.69,-0.01,2,5738,卖盘
1850,14:53:49,28.7,0.01,6,17220,买盘
1851,14:53:54,28.7,0.0,4,11479,买盘
1852,14:54:01,28.7,0.0,1,2870,买盘
1853,14:54:06,28.69,-0.01,5,14345,卖盘
1854,14:54:13,28.7,0.01,8,22960,买盘
1855,14:54:19,28.75,0.05,1,2875,买盘
1856,14:54:28,28.79,0.04,4,11512,买盘
1857,14:54:34,28.78,-0.01,5,14366,买盘
1858,14:54:37,28.79,0.01,10,28785,买盘
1859,14:55:07,28.75,-0.04,2,5750,买盘
1860,14:55:10,28.78,0.03,15,43170,买盘
1861,14:55:19,28.78,0.0,6,17268,买盘
1862,14:55:28,28.78,0.0,6,17253,买盘
1863,14:55:40,28.75,-0.03,1,2875,卖盘
1864,14:55:43,28.75,0.0,2,5750,卖盘
1865,14:56:13,28.75,0.0,5,14375,买盘
1866,14:56:21,28.78,0.03,1,2878,买盘
1867,14:56:31,28.75,-0.03,13,37375,卖盘
1868,14:56:34,28.75,0.0,27,77362,买盘
1869,14:56:37,28.75,0.0,1,2875,买盘
1870,14:56:39,28.75,0.0,1,2875,买盘
1871,14:56:46,28.75,0.0,1,2875,买盘
1872,14:56:58,28.61,-0.14,5,14305,卖盘
1873,15:00:04,28.72,0.11,39,112008,卖盘
